{"id":"gen9ou-1994021184","p1":"Albret","p2":"xcxcxxcxc","format":"[Gen 9] OU","log":"|j|\u2606Albret\n|j|\u2606xcxcxxcxc\n|t:|1700395003\n|gametype|singles\n|player|p1|Albret|102|1478\n|player|p2|xcxcxxcxc|lucas|1557\n|teamsize|p1|6\n|teamsize|p2|6\n|gen|9\n|tier|[Gen 9] OU\n|rated|\n|rule|Sleep Clause Mod: Limit one foe put to sleep\n|rule|Species Clause: Limit one of each Pok\u00e9mon\n|rule|OHKO Clause: OHKO moves are banned\n|rule|Evasion Items Clause: Evasion items are banned\n|rule|Evasion Moves Clause: Evasion moves are banned\n|rule|Endless Battle Clause: Forcing endless battles is banned\n|rule|HP Percentage Mod: HP is shown in percentages\n|clearpoke\n|poke|p1|Slowking-Galar, F|\n|poke|p1|Great Tusk|\n|poke|p1|Rillaboom, F|\n|poke|p1|Kingambit, F|\n|poke|p1|Dragapult, F|\n|poke|p1|Moltres|\n|poke|p2|Corviknight, M|\n|poke|p2|Tyranitar, F|\n|poke|p2|Great Tusk|\n|poke|p2|Houndstone, M|\n|poke|p2|Rotom-Wash|\n|poke|p2|Samurott-Hisui, F|\n|teampreview\n|\n|t:|1700395011\n|start\n|switch|p1a: Rillaboom|Rillaboom, F|100\/100\n|switch|p2a: Samurott|Samurott-Hisui, F|100\/100\n|-fieldstart|move: Grassy Terrain|[from] ability: Grassy Surge|[of] p1a: Rillaboom\n|turn|1\n|\n|t:|1700395017\n|switch|p2a: Corviknight|Corviknight, M|100\/100\n|-ability|p2a: Corviknight|Pressure\n|move|p1a: Rillaboom|Grassy Glide|p2a: Corviknight\n|-resisted|p2a: Corviknight\n|-damage|p2a: Corviknight|90\/100\n|\n|-heal|p2a: Corviknight|96\/100|[from] item: Leftovers\n|upkeep\n|turn|2\n|\n|t:|1700395020\n|switch|p1a: Moltres|Moltres|100\/100\n|switch|p2a: Rotom|Rotom-Wash|100\/100\n|\n|upkeep\n|turn|3\n|\n|t:|1700395027\n|switch|p1a: Slowking|Slowking-Galar, F|100\/100\n|move|p2a: Rotom|Volt Switch|p1a: Slowking\n|-damage|p1a: Slowking|87\/100\n|\n|t:|1700395029\n|switch|p2a: Samurott|Samurott-Hisui, F|100\/100|[from] Volt Switch\n|\n|-heal|p1a: Slowking|93\/100|[from] Grassy Terrain\n|upkeep\n|turn|4\n|\n|t:|1700395039\n|switch|p1a: Moltres|Moltres|100\/100\n|move|p2a: Samurott|Ceaseless Edge|p1a: Moltres\n|-damage|p1a: Moltres|77\/100\n|-sidestart|p1: Albret|Spikes\n|\n|upkeep\n|turn|5\n|\n|t:|1700395043\n|move|p2a: Samurott|Ceaseless Edge|p1a: Moltres\n|-damage|p1a: Moltres|50\/100\n|-sidestart|p1: Albret|Spikes\n|move|p1a: Moltres|U-turn|p2a: Samurott\n|-supereffective|p2a: Samurott\n|-damage|p2a: Samurott|73\/100\n|\n|t:|1700395049\n|switch|p1a: Rillaboom|Rillaboom, F|100\/100|[from] U-turn\n|-damage|p1a: Rillaboom|84\/100|[from] Spikes\n|\n|-heal|p1a: Rillaboom|90\/100|[from] Grassy Terrain\n|-heal|p2a: Samurott|79\/100|[from] Grassy Terrain\n|-fieldend|move: Grassy Terrain\n|upkeep\n|turn|6\n|\n|t:|1700395052\n|switch|p2a: Corviknight|Corviknight, M|96\/100\n|-ability|p2a: Corviknight|Pressure\n|move|p1a: Rillaboom|U-turn|p2a: Corviknight\n|-resisted|p2a: Corviknight\n|-damage|p2a: Corviknight|90\/100\n|\n|t:|1700395057\n|switch|p1a: Moltres|Moltres|50\/100|[from] U-turn\n|\n|-heal|p2a: Corviknight|96\/100|[from] item: Leftovers\n|upkeep\n|turn|7\n|\n|t:|1700395060\n|switch|p2a: Samurott|Samurott-Hisui, F|79\/100\n|move|p1a: Moltres|Roost|p1a: Moltres\n|-heal|p1a: Moltres|99\/100\n|-singleturn|p1a: Moltres|move: Roost\n|\n|upkeep\n|turn|8\n|\n|t:|1700395063\n|move|p2a: Samurott|Ceaseless Edge|p1a: Moltres|[miss]\n|-miss|p2a: Samurott|p1a: Moltres\n|move|p1a: Moltres|U-turn|p2a: Samurott\n|-supereffective|p2a: Samurott\n|-damage|p2a: Samurott|53\/100\n|\n|t:|1700395066\n|switch|p1a: Rillaboom|Rillaboom, F|90\/100|[from] U-turn\n|-damage|p1a: Rillaboom|74\/100|[from] Spikes\n|-fieldstart|move: Grassy Terrain|[from] ability: Grassy Surge|[of] p1a: Rillaboom\n|\n|-heal|p1a: Rillaboom|80\/100|[from] Grassy Terrain\n|-heal|p2a: Samurott|59\/100|[from] Grassy Terrain\n|upkeep\n|turn|9\n|\n|t:|1700395072\n|switch|p2a: Corviknight|Corviknight, M|96\/100\n|-ability|p2a: Corviknight|Pressure\n|move|p1a: Rillaboom|U-turn|p2a: Corviknight\n|-resisted|p2a: Corviknight\n|-damage|p2a: Corviknight|91\/100\n|\n|t:|1700395075\n|switch|p1a: Great Tusk|Great Tusk|100\/100|[from] U-turn\n|-damage|p1a: Great Tusk|84\/100|[from] Spikes\n|\n|-heal|p1a: Great Tusk|90\/100|[from] Grassy Terrain\n|-heal|p1a: Great Tusk|96\/100|[from] item: Leftovers\n|-heal|p2a: Corviknight|97\/100|[from] item: Leftovers\n|upkeep\n|turn|10\n|\n|t:|1700395079\n|switch|p2a: Houndstone|Houndstone, M|100\/100\n|move|p1a: Great Tusk|Stealth Rock|p2a: Houndstone\n|-sidestart|p2: xcxcxxcxc|move: Stealth Rock\n|\n|-heal|p1a: Great Tusk|100\/100|[from] Grassy Terrain\n|upkeep\n|turn|11\n|\n|t:|1700395085\n|-end|p1a: Great Tusk|Protosynthesis|[silent]\n|switch|p1a: Moltres|Moltres|99\/100\n|switch|p2a: Corviknight|Corviknight, M|97\/100\n|-damage|p2a: Corviknight|84\/100|[from] Stealth Rock\n|-ability|p2a: Corviknight|Pressure\n|\n|-heal|p2a: Corviknight|90\/100|[from] item: Leftovers\n|upkeep\n|turn|12\n|\n|t:|1700395090\n|switch|p2a: Samurott|Samurott-Hisui, F|59\/100\n|move|p1a: Moltres|Flamethrower|p2a: Samurott\n|-resisted|p2a: Samurott\n|-damage|p2a: Samurott|37\/100\n|\n|-heal|p2a: Samurott|44\/100|[from] Grassy Terrain\n|-fieldend|move: Grassy Terrain\n|upkeep\n|turn|13\n|\n|t:|1700395094\n|move|p2a: Samurott|Rest|p2a: Samurott\n|-status|p2a: Samurott|slp|[from] move: Rest\n|-heal|p2a: Samurott|100\/100 slp|[silent]\n|move|p1a: Moltres|U-turn|p2a: Samurott\n|-supereffective|p2a: Samurott\n|-damage|p2a: Samurott|76\/100 slp\n|\n|t:|1700395097\n|switch|p1a: Rillaboom|Rillaboom, F|80\/100|[from] U-turn\n|-damage|p1a: Rillaboom|64\/100|[from] Spikes\n|-fieldstart|move: Grassy Terrain|[from] ability: Grassy Surge|[of] p1a: Rillaboom\n|\n|-heal|p1a: Rillaboom|70\/100|[from] Grassy Terrain\n|-heal|p2a: Samurott|82\/100 slp|[from] Grassy Terrain\n|upkeep\n|turn|14\n|\n|t:|1700395101\n|switch|p2a: Corviknight|Corviknight, M|90\/100\n|-damage|p2a: Corviknight|78\/100|[from] Stealth Rock\n|-ability|p2a: Corviknight|Pressure\n|move|p1a: Rillaboom|Knock Off|p2a: Corviknight\n|-damage|p2a: Corviknight|45\/100\n|-enditem|p2a: Corviknight|Leftovers|[from] move: Knock Off|[of] p1a: Rillaboom\n|\n|-heal|p1a: Rillaboom|76\/100|[from] Grassy Terrain\n|upkeep\n|turn|15\n|\n|t:|1700395107\n|switch|p1a: Dragapult|Dragapult, F|100\/100\n|-damage|p1a: Dragapult|84\/100|[from] Spikes\n|move|p2a: Corviknight|Roost|p2a: Corviknight\n|-heal|p2a: Corviknight|95\/100\n|-singleturn|p2a: Corviknight|move: Roost\n|\n|-heal|p1a: Dragapult|90\/100|[from] Grassy Terrain\n|-heal|p2a: Corviknight|100\/100|[from] Grassy Terrain\n|upkeep\n|turn|16\n|\n|t:|1700395111\n|switch|p2a: Samurott|Samurott-Hisui, F|82\/100 slp\n|move|p1a: Dragapult|U-turn|p2a: Samurott\n|-supereffective|p2a: Samurott\n|-damage|p2a: Samurott|51\/100 slp\n|\n|t:|1700395120\n|switch|p1a: Great Tusk|Great Tusk|100\/100|[from] U-turn\n|-damage|p1a: Great Tusk|84\/100|[from] Spikes\n|\n|-heal|p1a: Great Tusk|90\/100|[from] Grassy Terrain\n|-heal|p1a: Great Tusk|96\/100|[from] item: Leftovers\n|-heal|p2a: Samurott|57\/100 slp|[from] Grassy Terrain\n|upkeep\n|turn|17\n|\n|t:|1700395123\n|switch|p2a: Houndstone|Houndstone, M|100\/100\n|-damage|p2a: Houndstone|88\/100|[from] Stealth Rock\n|move|p1a: Great Tusk|Headlong Rush|p2a: Houndstone\n|-damage|p2a: Houndstone|12\/100\n|-unboost|p1a: Great Tusk|def|1\n|-unboost|p1a: Great Tusk|spd|1\n|\n|-heal|p1a: Great Tusk|100\/100|[from] Grassy Terrain\n|-heal|p2a: Houndstone|18\/100|[from] Grassy Terrain\n|-fieldend|move: Grassy Terrain\n|upkeep\n|turn|18\n|\n|t:|1700395131\n|switch|p2a: Corviknight|Corviknight, M|100\/100\n|-damage|p2a: Corviknight|88\/100|[from] Stealth Rock\n|-ability|p2a: Corviknight|Pressure\n|move|p1a: Great Tusk|Ice Spinner|p2a: Corviknight\n|-damage|p2a: Corviknight|69\/100\n|\n|upkeep\n|turn|19\n|\n|t:|1700395133\n|move|p1a: Great Tusk|Rapid Spin|p2a: Corviknight\n|-resisted|p2a: Corviknight\n|-damage|p2a: Corviknight|63\/100\n|-boost|p1a: Great Tusk|spe|1\n|-sideend|p1: Albret|Spikes|[from] move: Rapid Spin|[of] p1a: Great Tusk\n|move|p2a: Corviknight|Roost|p2a: Corviknight\n|-heal|p2a: Corviknight|100\/100\n|-singleturn|p2a: Corviknight|move: Roost\n|\n|upkeep\n|turn|20\n|\n|t:|1700395138\n|-end|p1a: Great Tusk|Protosynthesis|[silent]\n|switch|p1a: Moltres|Moltres|99\/100\n|move|p2a: Corviknight|Defog|p1a: Moltres\n|-unboost|p1a: Moltres|evasion|1\n|-sideend|p2: xcxcxxcxc|Stealth Rock|[from] move: Defog|[of] p2a: Corviknight\n|\n|upkeep\n|turn|21\n|\n|t:|1700395142\n|switch|p2a: Tyranitar|Tyranitar, F|100\/100\n|-weather|Sandstorm|[from] ability: Sand Stream|[of] p2a: Tyranitar\n|move|p1a: Moltres|U-turn|p2a: Tyranitar\n|-supereffective|p2a: Tyranitar\n|-damage|p2a: Tyranitar|76\/100\n|\n|t:|1700395146\n|switch|p1a: Rillaboom|Rillaboom, F|76\/100|[from] U-turn\n|-fieldstart|move: Grassy Terrain|[from] ability: Grassy Surge|[of] p1a: Rillaboom\n|\n|-weather|Sandstorm|[upkeep]\n|-damage|p1a: Rillaboom|70\/100|[from] Sandstorm\n|-heal|p1a: Rillaboom|76\/100|[from] Grassy Terrain\n|-heal|p2a: Tyranitar|82\/100|[from] Grassy Terrain\n|upkeep\n|turn|22\n|\n|t:|1700395150\n|switch|p2a: Corviknight|Corviknight, M|100\/100\n|-ability|p2a: Corviknight|Pressure\n|move|p1a: Rillaboom|U-turn|p2a: Corviknight\n|-resisted|p2a: Corviknight\n|-damage|p2a: Corviknight|95\/100\n|\n|t:|1700395167\n|switch|p1a: Moltres|Moltres|99\/100|[from] U-turn\n|\n|-weather|Sandstorm|[upkeep]\n|-damage|p1a: Moltres|94\/100|[from] Sandstorm\n|upkeep\n|turn|23\n|\n|t:|1700395172\n|switch|p2a: Rotom|Rotom-Wash|100\/100\n|move|p1a: Moltres|Will-O-Wisp|p2a: Rotom\n|-status|p2a: Rotom|brn\n|\n|-weather|Sandstorm|[upkeep]\n|-damage|p1a: Moltres|88\/100|[from] Sandstorm\n|-damage|p2a: Rotom|94\/100 brn|[from] Sandstorm\n|-heal|p2a: Rotom|100\/100 brn|[from] item: Leftovers\n|-damage|p2a: Rotom|94\/100 brn|[from] brn\n|upkeep\n|turn|24\n|\n|t:|1700395176\n|move|p1a: Moltres|U-turn|p2a: Rotom\n|-damage|p2a: Rotom|82\/100 brn\n|\n|t:|1700395180\n|switch|p1a: Slowking|Slowking-Galar, F|100\/100|[from] U-turn\n|move|p2a: Rotom|Volt Switch|p1a: Slowking\n|-damage|p1a: Slowking|85\/100\n|\n|t:|1700395184\n|switch|p2a: Houndstone|Houndstone, M|18\/100|[from] Volt Switch\n|\n|-weather|Sandstorm|[upkeep]\n|-damage|p1a: Slowking|79\/100|[from] Sandstorm\n|-heal|p2a: Houndstone|24\/100|[from] Grassy Terrain\n|-heal|p1a: Slowking|85\/100|[from] Grassy Terrain\n|upkeep\n|turn|25\n|\n|t:|1700395188\n|switch|p1a: Great Tusk|Great Tusk|100\/100\n|move|p2a: Houndstone|Poltergeist|p1a: Great Tusk\n|-activate|p1a: Great Tusk|move: Poltergeist|Leftovers\n|-damage|p1a: Great Tusk|41\/100\n|\n|-weather|Sandstorm|[upkeep]\n|-heal|p2a: Houndstone|30\/100|[from] Grassy Terrain\n|-heal|p1a: Great Tusk|47\/100|[from] Grassy Terrain\n|-heal|p1a: Great Tusk|53\/100|[from] item: Leftovers\n|-fieldend|move: Grassy Terrain\n|upkeep\n|turn|26\n|\n|t:|1700395197\n|-end|p1a: Great Tusk|Protosynthesis|[silent]\n|switch|p1a: Kingambit|Kingambit, F|100\/100\n|move|p2a: Houndstone|Poltergeist|p1a: Kingambit\n|-activate|p1a: Kingambit|move: Poltergeist|Leftovers\n|-resisted|p1a: Kingambit\n|-damage|p1a: Kingambit|68\/100\n|\n|-weather|Sandstorm|[upkeep]\n|-heal|p1a: Kingambit|74\/100|[from] item: Leftovers\n|upkeep\n|turn|27\n|\n|t:|1700395202\n|switch|p2a: Great Tusk|Great Tusk|100\/100\n|move|p1a: Kingambit|Kowtow Cleave|p2a: Great Tusk\n|-resisted|p2a: Great Tusk\n|-damage|p2a: Great Tusk|82\/100\n|\n|-weather|Sandstorm|[upkeep]\n|-heal|p1a: Kingambit|80\/100|[from] item: Leftovers\n|upkeep\n|turn|28\n|\n|t:|1700395206\n|-end|p1a: Kingambit|fallenundefined|[silent]\n|switch|p1a: Moltres|Moltres|88\/100\n|move|p2a: Great Tusk|Stone Edge|p1a: Moltres\n|-supereffective|p1a: Moltres\n|-damage|p1a: Moltres|0 fnt\n|faint|p1a: Moltres\n|\n|-weather|none\n|upkeep\n|\n|t:|1700395213\n|switch|p1a: Dragapult|Dragapult, F|90\/100\n|turn|29\n|\n|t:|1700395215\n|-end|p2a: Great Tusk|Protosynthesis|[silent]\n|switch|p2a: Tyranitar|Tyranitar, F|82\/100\n|-weather|Sandstorm|[from] ability: Sand Stream|[of] p2a: Tyranitar\n|move|p1a: Dragapult|Surf|p2a: Tyranitar\n|-supereffective|p2a: Tyranitar\n|-damage|p2a: Tyranitar|50\/100\n|\n|-weather|Sandstorm|[upkeep]\n|-damage|p1a: Dragapult|84\/100|[from] Sandstorm\n|upkeep\n|turn|30\n|\n|t:|1700395221\n|switch|p1a: Great Tusk|Great Tusk|53\/100\n|switch|p2a: Samurott|Samurott-Hisui, F|57\/100 slp\n|\n|-weather|Sandstorm|[upkeep]\n|-damage|p2a: Samurott|51\/100 slp|[from] Sandstorm\n|-heal|p1a: Great Tusk|59\/100|[from] item: Leftovers\n|upkeep\n|turn|31\n|\n|t:|1700395223\n|move|p1a: Great Tusk|Stealth Rock|p2a: Samurott\n|-sidestart|p2: xcxcxxcxc|move: Stealth Rock\n|cant|p2a: Samurott|slp\n|move|p2a: Samurott|Sleep Talk|p2a: Samurott\n|move|p2a: Samurott|Ceaseless Edge|p1a: Great Tusk|[from]move: Sleep Talk\n|-resisted|p1a: Great Tusk\n|-damage|p1a: Great Tusk|46\/100\n|-sidestart|p1: Albret|Spikes\n|\n|-weather|Sandstorm|[upkeep]\n|-damage|p2a: Samurott|45\/100 slp|[from] Sandstorm\n|-heal|p1a: Great Tusk|52\/100|[from] item: Leftovers\n|upkeep\n|turn|32\n|\n|t:|1700395228\n|move|p1a: Great Tusk|Rapid Spin|p2a: Samurott\n|-damage|p2a: Samurott|29\/100 slp\n|-boost|p1a: Great Tusk|spe|1\n|-sideend|p1: Albret|Spikes|[from] move: Rapid Spin|[of] p1a: Great Tusk\n|cant|p2a: Samurott|slp\n|move|p2a: Samurott|Sleep Talk|p2a: Samurott\n|move|p2a: Samurott|Rest||[from]move: Sleep Talk|[still]\n|-fail|p2a: Samurott\n|\n|-weather|Sandstorm|[upkeep]\n|-damage|p2a: Samurott|23\/100 slp|[from] Sandstorm\n|-heal|p1a: Great Tusk|58\/100|[from] item: Leftovers\n|upkeep\n|turn|33\n|\n|t:|1700395231\n|move|p1a: Great Tusk|Headlong Rush|p2a: Samurott\n|-damage|p2a: Samurott|0 fnt\n|-unboost|p1a: Great Tusk|def|1\n|-unboost|p1a: Great Tusk|spd|1\n|faint|p2a: Samurott\n|\n|-weather|Sandstorm|[upkeep]\n|-heal|p1a: Great Tusk|64\/100|[from] item: Leftovers\n|upkeep\n|\n|t:|1700395233\n|switch|p2a: Houndstone|Houndstone, M|30\/100\n|-damage|p2a: Houndstone|18\/100|[from] Stealth Rock\n|turn|34\n|\n|t:|1700395238\n|move|p2a: Houndstone|Poltergeist|p1a: Great Tusk\n|-activate|p1a: Great Tusk|move: Poltergeist|Leftovers\n|-damage|p1a: Great Tusk|0 fnt\n|faint|p1a: Great Tusk\n|-end|p1a: Great Tusk|Protosynthesis|[silent]\n|\n|-weather|Sandstorm|[upkeep]\n|upkeep\n|\n|t:|1700395251\n|switch|p1a: Kingambit|Kingambit, F|80\/100\n|-activate|p1a: Kingambit|ability: Supreme Overlord\n|-start|p1a: Kingambit|fallen2|[silent]\n|turn|35\n|\n|t:|1700395254\n|switch|p2a: Great Tusk|Great Tusk|82\/100\n|-damage|p2a: Great Tusk|79\/100|[from] Stealth Rock\n|move|p1a: Kingambit|Kowtow Cleave|p2a: Great Tusk\n|-resisted|p2a: Great Tusk\n|-damage|p2a: Great Tusk|58\/100\n|\n|-weather|Sandstorm|[upkeep]\n|-heal|p1a: Kingambit|87\/100|[from] item: Leftovers\n|upkeep\n|turn|36\n|\n|t:|1700395260\n|move|p2a: Great Tusk|Headlong Rush|p1a: Kingambit\n|-supereffective|p1a: Kingambit\n|-damage|p1a: Kingambit|0 fnt\n|-unboost|p2a: Great Tusk|def|1\n|-unboost|p2a: Great Tusk|spd|1\n|faint|p1a: Kingambit\n|-end|p1a: Kingambit|fallen2|[silent]\n|\n|-weather|none\n|upkeep\n|\n|t:|1700395271\n|switch|p1a: Dragapult|Dragapult, F|84\/100\n|turn|37\n|\n|t:|1700395274\n|-end|p2a: Great Tusk|Protosynthesis|[silent]\n|switch|p2a: Tyranitar|Tyranitar, F|50\/100\n|-damage|p2a: Tyranitar|37\/100|[from] Stealth Rock\n|-weather|Sandstorm|[from] ability: Sand Stream|[of] p2a: Tyranitar\n|move|p1a: Dragapult|U-turn|p2a: Tyranitar\n|-supereffective|p2a: Tyranitar\n|-damage|p2a: Tyranitar|13\/100\n|\n|t:|1700395279\n|switch|p1a: Rillaboom|Rillaboom, F|76\/100|[from] U-turn\n|-fieldstart|move: Grassy Terrain|[from] ability: Grassy Surge|[of] p1a: Rillaboom\n|\n|-weather|Sandstorm|[upkeep]\n|-damage|p1a: Rillaboom|70\/100|[from] Sandstorm\n|-heal|p1a: Rillaboom|76\/100|[from] Grassy Terrain\n|-heal|p2a: Tyranitar|19\/100|[from] Grassy Terrain\n|upkeep\n|turn|38\n|\n|t:|1700395281\n|switch|p2a: Corviknight|Corviknight, M|95\/100\n|-damage|p2a: Corviknight|82\/100|[from] Stealth Rock\n|-ability|p2a: Corviknight|Pressure\n|move|p1a: Rillaboom|U-turn|p2a: Corviknight\n|-resisted|p2a: Corviknight\n|-damage|p2a: Corviknight|77\/100\n|\n|t:|1700395284\n|switch|p1a: Dragapult|Dragapult, F|84\/100|[from] U-turn\n|\n|-weather|Sandstorm|[upkeep]\n|-damage|p1a: Dragapult|78\/100|[from] Sandstorm\n|-heal|p1a: Dragapult|84\/100|[from] Grassy Terrain\n|upkeep\n|turn|39\n|\n|t:|1700395288\n|switch|p2a: Rotom|Rotom-Wash|82\/100 brn\n|-damage|p2a: Rotom|70\/100 brn|[from] Stealth Rock\n|move|p1a: Dragapult|Shadow Ball|p2a: Rotom\n|-damage|p2a: Rotom|5\/100 brn\n|-unboost|p2a: Rotom|spd|1\n|\n|-weather|Sandstorm|[upkeep]\n|-damage|p1a: Dragapult|78\/100|[from] Sandstorm\n|-damage|p2a: Rotom|0 fnt|[from] Sandstorm\n|faint|p2a: Rotom\n|-heal|p1a: Dragapult|84\/100|[from] Grassy Terrain\n|upkeep\n|\n|t:|1700395290\n|switch|p2a: Houndstone|Houndstone, M|18\/100\n|-damage|p2a: Houndstone|5\/100|[from] Stealth Rock\n|turn|40\n|\n|t:|1700395300\n|switch|p1a: Slowking|Slowking-Galar, F|100\/100\n|move|p2a: Houndstone|Poltergeist|p1a: Slowking\n|-activate|p1a: Slowking|move: Poltergeist|Heavy-Duty Boots\n|-supereffective|p1a: Slowking\n|-crit|p1a: Slowking\n|-damage|p1a: Slowking|0 fnt\n|faint|p1a: Slowking\n|\n|-weather|Sandstorm|[upkeep]\n|-heal|p2a: Houndstone|11\/100|[from] Grassy Terrain\n|upkeep\n|\n|t:|1700395301\n|switch|p1a: Rillaboom|Rillaboom, F|76\/100\n|turn|41\n|\n|t:|1700395308\n|switch|p2a: Corviknight|Corviknight, M|77\/100\n|-damage|p2a: Corviknight|64\/100|[from] Stealth Rock\n|-ability|p2a: Corviknight|Pressure\n|move|p1a: Rillaboom|Grassy Glide|p2a: Corviknight\n|-resisted|p2a: Corviknight\n|-damage|p2a: Corviknight|55\/100\n|\n|-weather|Sandstorm|[upkeep]\n|-damage|p1a: Rillaboom|70\/100|[from] Sandstorm\n|-heal|p1a: Rillaboom|76\/100|[from] Grassy Terrain\n|-fieldend|move: Grassy Terrain\n|upkeep\n|turn|42\n|\n|t:|1700395314\n|move|p1a: Rillaboom|Grassy Glide|p2a: Corviknight\n|-resisted|p2a: Corviknight\n|-damage|p2a: Corviknight|48\/100\n|move|p2a: Corviknight|Defog|p1a: Rillaboom\n|-unboost|p1a: Rillaboom|evasion|1\n|-sideend|p2: xcxcxxcxc|Stealth Rock|[from] move: Defog|[of] p2a: Corviknight\n|\n|-weather|Sandstorm|[upkeep]\n|-damage|p1a: Rillaboom|70\/100|[from] Sandstorm\n|upkeep\n|turn|43\n|\n|t:|1700395319\n|move|p1a: Rillaboom|Grassy Glide|p2a: Corviknight\n|-resisted|p2a: Corviknight\n|-damage|p2a: Corviknight|41\/100\n|move|p2a: Corviknight|Roost|p2a: Corviknight\n|-heal|p2a: Corviknight|91\/100\n|-singleturn|p2a: Corviknight|move: Roost\n|\n|-weather|Sandstorm|[upkeep]\n|-damage|p1a: Rillaboom|64\/100|[from] Sandstorm\n|upkeep\n|turn|44\n|\n|t:|1700395322\n|switch|p1a: Dragapult|Dragapult, F|84\/100\n|move|p2a: Corviknight|Body Press|p1a: Dragapult\n|-immune|p1a: Dragapult\n|\n|-weather|none\n|upkeep\n|turn|45\n|\n|t:|1700395329\n|switch|p2a: Tyranitar|Tyranitar, F|19\/100\n|-weather|Sandstorm|[from] ability: Sand Stream|[of] p2a: Tyranitar\n|move|p1a: Dragapult|Shadow Ball|p2a: Tyranitar\n|-resisted|p2a: Tyranitar\n|-damage|p2a: Tyranitar|8\/100\n|\n|-weather|Sandstorm|[upkeep]\n|-damage|p1a: Dragapult|78\/100|[from] Sandstorm\n|upkeep\n|turn|46\n|\n|t:|1700395333\n|move|p1a: Dragapult|Shadow Ball|p2a: Tyranitar\n|-resisted|p2a: Tyranitar\n|-damage|p2a: Tyranitar|0 fnt\n|faint|p2a: Tyranitar\n|\n|-weather|Sandstorm|[upkeep]\n|-damage|p1a: Dragapult|72\/100|[from] Sandstorm\n|upkeep\n|\n|t:|1700395335\n|switch|p2a: Houndstone|Houndstone, M|11\/100\n|turn|47\n|\n|t:|1700395358\n|switch|p1a: Rillaboom|Rillaboom, F|64\/100\n|-fieldstart|move: Grassy Terrain|[from] ability: Grassy Surge|[of] p1a: Rillaboom\n|move|p2a: Houndstone|Poltergeist|p1a: Rillaboom\n|-activate|p1a: Rillaboom|move: Poltergeist|Choice Band\n|-damage|p1a: Rillaboom|0 fnt\n|faint|p1a: Rillaboom\n|\n|-weather|Sandstorm|[upkeep]\n|-heal|p2a: Houndstone|17\/100|[from] Grassy Terrain\n|upkeep\n|\n|t:|1700395360\n|switch|p1a: Dragapult|Dragapult, F|72\/100\n|turn|48\n|\n|t:|1700395362\n|move|p2a: Houndstone|Poltergeist|p1a: Dragapult\n|-activate|p1a: Dragapult|move: Poltergeist|Choice Specs\n|-supereffective|p1a: Dragapult\n|-damage|p1a: Dragapult|0 fnt\n|faint|p1a: Dragapult\n|\n|win|xcxcxxcxc\n|raw|Albret's rating: 1478 &rarr; <strong>1462<\/strong><br \/>(-16 for losing)\n|raw|xcxcxxcxc's rating: 1557 &rarr; <strong>1573<\/strong><br \/>(+16 for winning)\n|l|\u2606Albret\n|c|\u2606xcxcxxcxc|gg\n","uploadtime":1700395672,"views":6,"p1id":"albret","p2id":"xcxcxxcxc","formatid":"gen9ou","rating":1462,"private":0,"password":""}