{"id":"gen9ou-1989346023","p1":"Steez Ibanez","p2":"1owercase","format":"[Gen 9] OU","log":"|j|\u2606Steez Ibanez\n|j|\u26061owercase\n|t:|1699838954\n|gametype|singles\n|player|p1|Steez Ibanez|lance-gen2|1785\n|player|p2|1owercase|flannery|1692\n|teamsize|p1|6\n|teamsize|p2|6\n|gen|9\n|tier|[Gen 9] OU\n|rated|\n|rule|Sleep Clause Mod: Limit one foe put to sleep\n|rule|Species Clause: Limit one of each Pok\u00e9mon\n|rule|OHKO Clause: OHKO moves are banned\n|rule|Evasion Items Clause: Evasion items are banned\n|rule|Evasion Moves Clause: Evasion moves are banned\n|rule|Endless Battle Clause: Forcing endless battles is banned\n|rule|HP Percentage Mod: HP is shown in percentages\n|clearpoke\n|poke|p1|Samurott-Hisui, M|\n|poke|p1|Corviknight, M|\n|poke|p1|Iron Valiant|\n|poke|p1|Dragapult, M|\n|poke|p1|Ting-Lu|\n|poke|p1|Munkidori, M|\n|poke|p2|Rillaboom, M|\n|poke|p2|Sneasler, M|\n|poke|p2|Sandy Shocks|\n|poke|p2|Samurott-Hisui, F|\n|poke|p2|Ceruledge, M|\n|poke|p2|Hatterene, F|\n|teampreview\n|inactive|Battle timer is ON: inactive players will automatically lose when time's up. (requested by 1owercase)\n|\n|t:|1699838970\n|start\n|switch|p1a: Clicker|Ting-Lu|100\/100\n|switch|p2a: Sandy Shocks|Sandy Shocks|100\/100\n|-ability|p1a: Clicker|Vessel of Ruin\n|-enditem|p2a: Sandy Shocks|Booster Energy\n|-activate|p2a: Sandy Shocks|ability: Protosynthesis|[fromitem]\n|-start|p2a: Sandy Shocks|protosynthesisspe\n|turn|1\n|\n|t:|1699838984\n|move|p2a: Sandy Shocks|Stealth Rock|p1a: Clicker\n|-sidestart|p1: Steez Ibanez|move: Stealth Rock\n|move|p1a: Clicker|Earthquake|p2a: Sandy Shocks\n|-supereffective|p2a: Sandy Shocks\n|-damage|p2a: Sandy Shocks|21\/100\n|\n|upkeep\n|turn|2\n|\n|t:|1699838991\n|-end|p2a: Sandy Shocks|Protosynthesis|[silent]\n|switch|p2a: Hatterene|Hatterene, F|100\/100\n|move|p1a: Clicker|Stealth Rock|p2a: Hatterene\n|move|p2a: Hatterene|Stealth Rock||[from]ability: Magic Bounce|[still]\n|-fail|p2a: Hatterene\n|\n|upkeep\n|turn|3\n|\n|t:|1699839000\n|switch|p2a: Rillaboom|Rillaboom, M|100\/100\n|-fieldstart|move: Grassy Terrain|[from] ability: Grassy Surge|[of] p2a: Rillaboom\n|move|p1a: Clicker|Ruination|p2a: Rillaboom\n|-damage|p2a: Rillaboom|51\/100\n|\n|-heal|p2a: Rillaboom|57\/100|[from] Grassy Terrain\n|upkeep\n|turn|4\n|\n|t:|1699839003\n|-terastallize|p1a: Clicker|Poison\n|move|p2a: Rillaboom|U-turn|p1a: Clicker\n|-resisted|p1a: Clicker\n|-damage|p1a: Clicker|91\/100\n|\n|t:|1699839006\n|switch|p2a: Hatterene|Hatterene, F|100\/100|[from] U-turn\n|-enditem|p2a: Hatterene|Grassy Seed\n|-boost|p2a: Hatterene|def|1|[from] item: Grassy Seed\n|move|p1a: Clicker|Stealth Rock|p2a: Hatterene\n|move|p2a: Hatterene|Stealth Rock||[from]ability: Magic Bounce|[still]\n|-fail|p2a: Hatterene\n|\n|-heal|p1a: Clicker|97\/100|[from] Grassy Terrain\n|-heal|p1a: Clicker|100\/100|[from] item: Leftovers\n|upkeep\n|turn|5\n|\n|t:|1699839016\n|move|p1a: Clicker|Ruination|p2a: Hatterene\n|-damage|p2a: Hatterene|50\/100\n|move|p2a: Hatterene|Nuzzle|p1a: Clicker\n|-damage|p1a: Clicker|98\/100\n|-status|p1a: Clicker|par\n|\n|-heal|p2a: Hatterene|56\/100|[from] Grassy Terrain\n|-heal|p1a: Clicker|100\/100 par|[from] Grassy Terrain\n|upkeep\n|turn|6\n|\n|t:|1699839019\n|switch|p1a: Dick Grayson|Corviknight, M|100\/100\n|-damage|p1a: Dick Grayson|88\/100|[from] Stealth Rock\n|-ability|p1a: Dick Grayson|Pressure\n|move|p2a: Hatterene|Psyshock|p1a: Dick Grayson\n|-resisted|p1a: Dick Grayson\n|-damage|p1a: Dick Grayson|76\/100\n|\n|-heal|p1a: Dick Grayson|82\/100|[from] item: Leftovers\n|-heal|p2a: Hatterene|62\/100|[from] Grassy Terrain\n|upkeep\n|turn|7\n|\n|t:|1699839026\n|switch|p2a: Ceruledge|Ceruledge, M|100\/100\n|move|p1a: Dick Grayson|Iron Head|p2a: Ceruledge\n|-resisted|p2a: Ceruledge\n|-damage|p2a: Ceruledge|86\/100\n|\n|-heal|p2a: Ceruledge|92\/100|[from] Grassy Terrain\n|-heal|p1a: Dick Grayson|88\/100|[from] item: Leftovers\n|-fieldend|move: Grassy Terrain\n|upkeep\n|turn|8\n|\n|t:|1699839033\n|move|p2a: Ceruledge|Bitter Blade|p1a: Dick Grayson\n|-supereffective|p1a: Dick Grayson\n|-damage|p1a: Dick Grayson|40\/100\n|-heal|p2a: Ceruledge|100\/100|[from] drain|[of] p1a: Dick Grayson\n|move|p1a: Dick Grayson|U-turn|p2a: Ceruledge\n|-resisted|p2a: Ceruledge\n|-damage|p2a: Ceruledge|97\/100\n|\n|t:|1699839035\n|switch|p1a: Darth Tyranus|Samurott-Hisui, M, shiny|100\/100|[from] U-turn\n|\n|upkeep\n|turn|9\n|\n|t:|1699839042\n|switch|p2a: Samurott|Samurott-Hisui, F|100\/100\n|move|p1a: Darth Tyranus|Ceaseless Edge|p2a: Samurott\n|-resisted|p2a: Samurott\n|-damage|p2a: Samurott|77\/100\n|-sidestart|p2: 1owercase|Spikes\n|\n|upkeep\n|turn|10\n|\n|t:|1699839049\n|switch|p1a: Toothless|Dragapult, M|100\/100\n|move|p2a: Samurott|Flip Turn|p1a: Toothless\n|-resisted|p1a: Toothless\n|-damage|p1a: Toothless|78\/100\n|\n|t:|1699839065\n|switch|p2a: Ceruledge|Ceruledge, M|97\/100|[from] Flip Turn\n|\n|upkeep\n|turn|11\n|\n|t:|1699839068\n|switch|p1a: Darth Tyranus|Samurott-Hisui, M, shiny|100\/100\n|switch|p2a: Samurott|Samurott-Hisui, F|77\/100\n|-damage|p2a: Samurott|65\/100|[from] Spikes\n|\n|upkeep\n|turn|12\n|\n|t:|1699839073\n|switch|p1a: Toothless|Dragapult, M|78\/100\n|move|p2a: Samurott|Ceaseless Edge|p1a: Toothless\n|-supereffective|p1a: Toothless\n|-damage|p1a: Toothless|0 fnt\n|-sidestart|p1: Steez Ibanez|Spikes\n|faint|p1a: Toothless\n|\n|upkeep\n|\n|t:|1699839076\n|switch|p1a: Midoriya|Iron Valiant|100\/100\n|turn|13\n|\n|t:|1699839082\n|move|p1a: Midoriya|Moonblast|p2a: Samurott\n|-supereffective|p2a: Samurott\n|-damage|p2a: Samurott|0 fnt\n|faint|p2a: Samurott\n|\n|upkeep\n|\n|t:|1699839089\n|switch|p2a: Rillaboom|Rillaboom, M|57\/100\n|-damage|p2a: Rillaboom|44\/100|[from] Spikes\n|-fieldstart|move: Grassy Terrain|[from] ability: Grassy Surge|[of] p2a: Rillaboom\n|turn|14\n|\n|t:|1699839101\n|switch|p2a: Ceruledge|Ceruledge, M|97\/100\n|move|p1a: Midoriya|Moonblast|p2a: Ceruledge\n|-resisted|p2a: Ceruledge\n|-damage|p2a: Ceruledge|77\/100\n|\n|-heal|p2a: Ceruledge|83\/100|[from] Grassy Terrain\n|upkeep\n|turn|15\n|\n|t:|1699839106\n|-end|p1a: Midoriya|Quark Drive|[silent]\n|switch|p1a: Darth Tyranus|Samurott-Hisui, M, shiny|100\/100\n|move|p2a: Ceruledge|Bitter Blade|p1a: Darth Tyranus\n|-resisted|p1a: Darth Tyranus\n|-damage|p1a: Darth Tyranus|75\/100\n|-heal|p2a: Ceruledge|95\/100|[from] drain|[of] p1a: Darth Tyranus\n|\n|-heal|p1a: Darth Tyranus|81\/100|[from] Grassy Terrain\n|-heal|p2a: Ceruledge|100\/100|[from] Grassy Terrain\n|upkeep\n|turn|16\n|\n|t:|1699839124\n|switch|p2a: Hatterene|Hatterene, F|62\/100\n|-damage|p2a: Hatterene|50\/100|[from] Spikes\n|move|p1a: Darth Tyranus|Ceaseless Edge|p2a: Hatterene\n|-damage|p2a: Hatterene|9\/100\n|-sidestart|p2: 1owercase|Spikes\n|\n|-heal|p1a: Darth Tyranus|88\/100|[from] Grassy Terrain\n|-heal|p2a: Hatterene|15\/100|[from] Grassy Terrain\n|upkeep\n|turn|17\n|\n|t:|1699839142\n|move|p1a: Darth Tyranus|Aqua Cutter|p2a: Hatterene\n|-damage|p2a: Hatterene|0 fnt\n|faint|p2a: Hatterene\n|\n|-heal|p1a: Darth Tyranus|94\/100|[from] Grassy Terrain\n|upkeep\n|\n|t:|1699839147\n|switch|p2a: Sneasler|Sneasler, M|100\/100\n|-damage|p2a: Sneasler|84\/100|[from] Spikes\n|-enditem|p2a: Sneasler|Grassy Seed\n|-boost|p2a: Sneasler|def|1|[from] item: Grassy Seed\n|turn|18\n|\n|t:|1699839155\n|switch|p1a: Clicker|Ting-Lu, tera:Poison|100\/100 par\n|-damage|p1a: Clicker|88\/100 par|[from] Stealth Rock\n|-damage|p1a: Clicker|76\/100 par|[from] Spikes\n|-ability|p1a: Clicker|Vessel of Ruin\n|move|p2a: Sneasler|Close Combat|p1a: Clicker\n|-resisted|p1a: Clicker\n|-damage|p1a: Clicker|56\/100 par\n|-unboost|p2a: Sneasler|def|1\n|-unboost|p2a: Sneasler|spd|1\n|\n|-heal|p2a: Sneasler|90\/100|[from] Grassy Terrain\n|-heal|p1a: Clicker|63\/100 par|[from] Grassy Terrain\n|-heal|p1a: Clicker|69\/100 par|[from] item: Leftovers\n|-fieldend|move: Grassy Terrain\n|upkeep\n|turn|19\n|\n|t:|1699839164\n|-terastallize|p2a: Sneasler|Flying\n|move|p2a: Sneasler|Acrobatics|p1a: Clicker\n|-damage|p1a: Clicker|35\/100 par\n|move|p1a: Clicker|Whirlwind|p2a: Sneasler\n|drag|p2a: Sandy Shocks|Sandy Shocks|21\/100\n|-damage|p2a: Sandy Shocks|4\/100|[from] Spikes\n|\n|-heal|p1a: Clicker|42\/100 par|[from] item: Leftovers\n|upkeep\n|turn|20\n|\n|t:|1699839169\n|move|p2a: Sandy Shocks|Earth Power|p1a: Clicker\n|-supereffective|p1a: Clicker\n|-damage|p1a: Clicker|4\/100 par\n|move|p1a: Clicker|Stealth Rock|p2a: Sandy Shocks\n|-sidestart|p2: 1owercase|move: Stealth Rock\n|\n|-heal|p1a: Clicker|10\/100 par|[from] item: Leftovers\n|upkeep\n|turn|21\n|\n|t:|1699839174\n|move|p2a: Sandy Shocks|Earth Power|p1a: Clicker\n|-supereffective|p1a: Clicker\n|-damage|p1a: Clicker|0 fnt\n|faint|p1a: Clicker\n|\n|upkeep\n|\n|t:|1699839180\n|switch|p1a: Midoriya|Iron Valiant|100\/100\n|turn|22\n|\n|t:|1699839187\n|move|p1a: Midoriya|Moonblast|p2a: Sandy Shocks\n|-damage|p2a: Sandy Shocks|0 fnt\n|faint|p2a: Sandy Shocks\n|-end|p2a: Sandy Shocks|Protosynthesis|[silent]\n|\n|upkeep\n|\n|t:|1699839204\n|switch|p2a: Rillaboom|Rillaboom, M|44\/100\n|-damage|p2a: Rillaboom|28\/100|[from] Spikes\n|-damage|p2a: Rillaboom|15\/100|[from] Stealth Rock\n|-fieldstart|move: Grassy Terrain|[from] ability: Grassy Surge|[of] p2a: Rillaboom\n|turn|23\n|\n|t:|1699839212\n|-end|p1a: Midoriya|Quark Drive|[silent]\n|switch|p1a: Dick Grayson|Corviknight, M|40\/100\n|-damage|p1a: Dick Grayson|28\/100|[from] Stealth Rock\n|-ability|p1a: Dick Grayson|Pressure\n|move|p2a: Rillaboom|Grassy Glide|p1a: Dick Grayson\n|-resisted|p1a: Dick Grayson\n|-damage|p1a: Dick Grayson|19\/100\n|\n|-heal|p2a: Rillaboom|21\/100|[from] Grassy Terrain\n|-heal|p1a: Dick Grayson|25\/100|[from] item: Leftovers\n|upkeep\n|turn|24\n|\n|t:|1699839221\n|switch|p2a: Sneasler|Sneasler, M, tera:Flying|90\/100\n|-damage|p2a: Sneasler|65\/100|[from] Stealth Rock\n|move|p1a: Dick Grayson|Roost|p1a: Dick Grayson\n|-heal|p1a: Dick Grayson|75\/100\n|-singleturn|p1a: Dick Grayson|move: Roost\n|\n|-heal|p1a: Dick Grayson|81\/100|[from] Grassy Terrain\n|-heal|p1a: Dick Grayson|88\/100|[from] item: Leftovers\n|upkeep\n|turn|25\n|\n|t:|1699839226\n|move|p2a: Sneasler|Close Combat|p1a: Dick Grayson\n|-damage|p1a: Dick Grayson|50\/100\n|-unboost|p2a: Sneasler|def|1\n|-unboost|p2a: Sneasler|spd|1\n|move|p1a: Dick Grayson|Brave Bird|p2a: Sneasler\n|-damage|p2a: Sneasler|0 fnt\n|faint|p2a: Sneasler\n|-damage|p1a: Dick Grayson|32\/100|[from] Recoil\n|\n|-heal|p1a: Dick Grayson|38\/100|[from] item: Leftovers\n|upkeep\n|\n|t:|1699839229\n|switch|p2a: Ceruledge|Ceruledge, M|100\/100\n|turn|26\n|\n|t:|1699839236\n|switch|p1a: Darth Tyranus|Samurott-Hisui, M, shiny|94\/100\n|move|p2a: Ceruledge|Bulk Up|p2a: Ceruledge\n|-boost|p2a: Ceruledge|atk|1\n|-boost|p2a: Ceruledge|def|1\n|\n|-heal|p1a: Darth Tyranus|99\/100|[from] Grassy Terrain\n|upkeep\n|turn|27\n|\n|t:|1699839242\n|move|p1a: Darth Tyranus|Aqua Cutter|p2a: Ceruledge\n|-supereffective|p2a: Ceruledge\n|-damage|p2a: Ceruledge|29\/100\n|move|p2a: Ceruledge|Bulk Up|p2a: Ceruledge\n|-boost|p2a: Ceruledge|atk|1\n|-boost|p2a: Ceruledge|def|1\n|\n|-heal|p1a: Darth Tyranus|100\/100|[from] Grassy Terrain\n|-heal|p2a: Ceruledge|36\/100|[from] Grassy Terrain\n|-fieldend|move: Grassy Terrain\n|upkeep\n|turn|28\n|-message|1owercase forfeited.\n|\n|win|Steez Ibanez\n|raw|Steez Ibanez's rating: 1762 &rarr; <strong>1778<\/strong><br \/>(+16 for winning)\n|raw|1owercase's rating: 1692 &rarr; <strong>1676<\/strong><br \/>(-16 for losing)\n|l|\u26061owercase\n|l|\u2606Steez Ibanez\n","uploadtime":1699839262,"views":7,"p1id":"steezibanez","p2id":"1owercase","formatid":"gen9ou","rating":1676,"private":0,"password":""}