{"id":"gen9ou-1995188998","p1":"Aggron","p2":"DivineGabriel","format":"[Gen 9] OU","log":"|j|\u2606Aggron\n|j|\u2606DivineGabriel\n|t:|1700532567\n|gametype|singles\n|player|p1|Aggron|pokefan-gen4|1753\n|player|p2|DivineGabriel|rye|1748\n|teamsize|p1|6\n|teamsize|p2|6\n|gen|9\n|tier|[Gen 9] OU\n|rated|\n|rule|Sleep Clause Mod: Limit one foe put to sleep\n|rule|Species Clause: Limit one of each Pok\u00e9mon\n|rule|OHKO Clause: OHKO moves are banned\n|rule|Evasion Items Clause: Evasion items are banned\n|rule|Evasion Moves Clause: Evasion moves are banned\n|rule|Endless Battle Clause: Forcing endless battles is banned\n|rule|HP Percentage Mod: HP is shown in percentages\n|clearpoke\n|poke|p1|Sinistcha-Masterpiece|\n|poke|p1|Heatran, M|\n|poke|p1|Rillaboom, F|\n|poke|p1|Samurott-Hisui, F|\n|poke|p1|Tyranitar, F|\n|poke|p1|Meowscarada, M|\n|poke|p2|Typhlosion-Hisui, M|\n|poke|p2|Great Tusk|\n|poke|p2|Torkoal, M|\n|poke|p2|Walking Wake|\n|poke|p2|Hatterene, F|\n|poke|p2|Meowscarada, F|\n|teampreview\n|inactive|Battle timer is ON: inactive players will automatically lose when time's up. (requested by Aggron)\n|\n|t:|1700532579\n|start\n|switch|p1a: Meowscarada|Meowscarada, M|100\/100\n|switch|p2a: Meowscarada|Meowscarada, F|100\/100\n|turn|1\n|\n|t:|1700532582\n|move|p2a: Meowscarada|U-turn|p1a: Meowscarada\n|-start|p2a: Meowscarada|typechange|Bug|[from] ability: Protean\n|-supereffective|p1a: Meowscarada\n|-damage|p1a: Meowscarada|0 fnt\n|faint|p1a: Meowscarada\n|\n|t:|1700532586\n|switch|p2a: Great Tusk|Great Tusk|100\/100|[from] U-turn\n|\n|upkeep\n|\n|t:|1700532591\n|switch|p1a: Heatran|Heatran, M|100\/100\n|-item|p1a: Heatran|Air Balloon\n|turn|2\n|\n|t:|1700532594\n|move|p2a: Great Tusk|Close Combat|p1a: Heatran\n|-supereffective|p1a: Heatran\n|-damage|p1a: Heatran|0 fnt\n|-unboost|p2a: Great Tusk|def|1\n|-unboost|p2a: Great Tusk|spd|1\n|-enditem|p1a: Heatran|Air Balloon\n|faint|p1a: Heatran\n|\n|upkeep\n|j| tubulartanis\n|\n|t:|1700532597\n|switch|p1a: Rillaboom|Rillaboom, F, shiny|100\/100\n|-fieldstart|move: Grassy Terrain|[from] ability: Grassy Surge|[of] p1a: Rillaboom\n|turn|3\n|\n|t:|1700532599\n|-end|p2a: Great Tusk|Protosynthesis|[silent]\n|switch|p2a: Torkoal|Torkoal, M|100\/100\n|-weather|SunnyDay|[from] ability: Drought|[of] p2a: Torkoal\n|-terastallize|p1a: Rillaboom|Grass\n|move|p1a: Rillaboom|Grassy Glide|p2a: Torkoal\n|-resisted|p2a: Torkoal\n|-damage|p2a: Torkoal|76\/100\n|\n|-weather|SunnyDay|[upkeep]\n|-heal|p2a: Torkoal|82\/100|[from] Grassy Terrain\n|upkeep\n|turn|4\n|\n|t:|1700532602\n|switch|p1a: Tyranitar|Tyranitar, F|100\/100\n|-weather|Sandstorm|[from] ability: Sand Stream|[of] p1a: Tyranitar\n|move|p2a: Torkoal|Stealth Rock|p1a: Tyranitar\n|-sidestart|p1: Aggron|move: Stealth Rock\n|\n|-weather|Sandstorm|[upkeep]\n|-damage|p2a: Torkoal|76\/100|[from] Sandstorm\n|-heal|p2a: Torkoal|82\/100|[from] Grassy Terrain\n|upkeep\n|turn|5\n|\n|t:|1700532605\n|switch|p2a: Hatterene|Hatterene, F|100\/100\n|move|p1a: Tyranitar|Knock Off|p2a: Hatterene\n|-damage|p2a: Hatterene|60\/100\n|-enditem|p2a: Hatterene|Eject Button|[from] move: Knock Off|[of] p1a: Tyranitar\n|\n|-weather|Sandstorm|[upkeep]\n|-damage|p2a: Hatterene|54\/100|[from] Sandstorm\n|-heal|p2a: Hatterene|60\/100|[from] Grassy Terrain\n|upkeep\n|turn|6\n|\n|t:|1700532609\n|move|p1a: Tyranitar|Rock Blast|p2a: Hatterene\n|-damage|p2a: Hatterene|48\/100\n|-damage|p2a: Hatterene|37\/100\n|-damage|p2a: Hatterene|26\/100\n|-hitcount|p2a: Hatterene|3\n|move|p2a: Hatterene|Nuzzle|p1a: Tyranitar\n|-damage|p1a: Tyranitar|97\/100\n|-status|p1a: Tyranitar|par\n|\n|-weather|Sandstorm|[upkeep]\n|-damage|p2a: Hatterene|20\/100|[from] Sandstorm\n|-heal|p2a: Hatterene|26\/100|[from] Grassy Terrain\n|-heal|p1a: Tyranitar|100\/100 par|[from] Grassy Terrain\n|upkeep\n|turn|7\n|\n|t:|1700532614\n|switch|p2a: Torkoal|Torkoal, M|82\/100\n|-weather|SunnyDay|[from] ability: Drought|[of] p2a: Torkoal\n|cant|p1a: Tyranitar|par\n|\n|-weather|SunnyDay|[upkeep]\n|-heal|p2a: Torkoal|89\/100|[from] Grassy Terrain\n|-fieldend|move: Grassy Terrain\n|upkeep\n|turn|8\n|\n|t:|1700532617\n|switch|p2a: Hatterene|Hatterene, F|26\/100\n|cant|p1a: Tyranitar|par\n|\n|-weather|SunnyDay|[upkeep]\n|upkeep\n|turn|9\n|\n|t:|1700532620\n|switch|p1a: Samurott|Samurott-Hisui, F|100\/100\n|move|p2a: Hatterene|Healing Wish|p2a: Hatterene\n|faint|p2a: Hatterene\n|\n|-weather|SunnyDay|[upkeep]\n|upkeep\n|\n|t:|1700532622\n|switch|p2a: Great Tusk|Great Tusk|100\/100\n|-activate|p2a: Great Tusk|ability: Protosynthesis\n|-start|p2a: Great Tusk|protosynthesisatk\n|turn|10\n|\n|t:|1700532629\n|switch|p1a: Sinistcha|Sinistcha-Masterpiece|100\/100\n|move|p2a: Great Tusk|Headlong Rush|p1a: Sinistcha\n|-resisted|p1a: Sinistcha\n|-damage|p1a: Sinistcha|58\/100\n|-unboost|p2a: Great Tusk|def|1\n|-unboost|p2a: Great Tusk|spd|1\n|\n|-weather|SunnyDay|[upkeep]\n|upkeep\n|turn|11\n|\n|t:|1700532632\n|-terastallize|p2a: Great Tusk|Ground\n|move|p2a: Great Tusk|Headlong Rush|p1a: Sinistcha\n|-resisted|p1a: Sinistcha\n|-damage|p1a: Sinistcha|3\/100\n|-unboost|p2a: Great Tusk|def|1\n|-unboost|p2a: Great Tusk|spd|1\n|move|p1a: Sinistcha|Matcha Gotcha|p2a: Great Tusk\n|-supereffective|p2a: Great Tusk\n|-damage|p2a: Great Tusk|0 fnt\n|-heal|p1a: Sinistcha|57\/100|[from] drain|[of] p2a: Great Tusk\n|faint|p2a: Great Tusk\n|-end|p2a: Great Tusk|Protosynthesis|[silent]\n|\n|-weather|SunnyDay|[upkeep]\n|upkeep\n|\n|t:|1700532640\n|switch|p2a: Typhlosion|Typhlosion-Hisui, M|100\/100\n|turn|12\n|j| yarcii\n|\n|t:|1700532644\n|switch|p2a: Meowscarada|Meowscarada, F|100\/100\n|switch|p1a: Tyranitar|Tyranitar, F|100\/100 par\n|-weather|Sandstorm|[from] ability: Sand Stream|[of] p1a: Tyranitar\n|\n|-weather|Sandstorm|[upkeep]\n|-damage|p2a: Meowscarada|94\/100|[from] Sandstorm\n|upkeep\n|turn|13\n|l| tubulartanis\n|\n|t:|1700532650\n|switch|p1a: Sinistcha|Sinistcha-Masterpiece|57\/100\n|move|p2a: Meowscarada|U-turn|p1a: Sinistcha\n|-start|p2a: Meowscarada|typechange|Bug|[from] ability: Protean\n|-damage|p1a: Sinistcha|32\/100\n|\n|t:|1700532655\n|switch|p2a: Typhlosion|Typhlosion-Hisui, M|100\/100|[from] U-turn\n|\n|-weather|Sandstorm|[upkeep]\n|-damage|p2a: Typhlosion|95\/100|[from] Sandstorm\n|-damage|p1a: Sinistcha|26\/100|[from] Sandstorm\n|upkeep\n|turn|14\n|\n|t:|1700532662\n|move|p2a: Typhlosion|Eruption|p1a: Sinistcha\n|-supereffective|p1a: Sinistcha\n|-damage|p1a: Sinistcha|0 fnt\n|faint|p1a: Sinistcha\n|\n|-weather|Sandstorm|[upkeep]\n|-damage|p2a: Typhlosion|89\/100|[from] Sandstorm\n|upkeep\n|\n|t:|1700532664\n|switch|p1a: Samurott|Samurott-Hisui, F|100\/100\n|turn|15\n|\n|t:|1700532670\n|switch|p2a: Meowscarada|Meowscarada, F|94\/100\n|-heal|p2a: Meowscarada|100\/100|[from] move: Healing Wish\n|move|p1a: Samurott|Ceaseless Edge|p2a: Meowscarada\n|-resisted|p2a: Meowscarada\n|-damage|p2a: Meowscarada|65\/100\n|-sidestart|p2: DivineGabriel|Spikes\n|\n|-weather|Sandstorm|[upkeep]\n|-damage|p2a: Meowscarada|59\/100|[from] Sandstorm\n|-damage|p1a: Samurott|94\/100|[from] Sandstorm\n|upkeep\n|turn|16\n|\n|t:|1700532676\n|switch|p1a: Rillaboom|Rillaboom, F, shiny, tera:Grass|100\/100\n|-damage|p1a: Rillaboom|88\/100|[from] Stealth Rock\n|-fieldstart|move: Grassy Terrain|[from] ability: Grassy Surge|[of] p1a: Rillaboom\n|move|p2a: Meowscarada|Flower Trick|p1a: Rillaboom\n|-start|p2a: Meowscarada|typechange|Grass|[from] ability: Protean\n|-resisted|p1a: Rillaboom\n|-crit|p1a: Rillaboom\n|-damage|p1a: Rillaboom|59\/100\n|\n|-weather|none\n|-heal|p2a: Meowscarada|65\/100|[from] Grassy Terrain\n|-heal|p1a: Rillaboom|65\/100|[from] Grassy Terrain\n|upkeep\n|turn|17\n|\n|t:|1700532685\n|switch|p2a: Typhlosion|Typhlosion-Hisui, M|89\/100\n|-damage|p2a: Typhlosion|76\/100|[from] Spikes\n|move|p1a: Rillaboom|U-turn|p2a: Typhlosion\n|-resisted|p2a: Typhlosion\n|-damage|p2a: Typhlosion|61\/100\n|\n|t:|1700532688\n|switch|p1a: Samurott|Samurott-Hisui, F|94\/100|[from] U-turn\n|\n|-heal|p2a: Typhlosion|67\/100|[from] Grassy Terrain\n|-heal|p1a: Samurott|100\/100|[from] Grassy Terrain\n|upkeep\n|turn|18\n|\n|t:|1700532693\n|move|p1a: Samurott|Sucker Punch|p2a: Typhlosion\n|-supereffective|p2a: Typhlosion\n|-damage|p2a: Typhlosion|0 fnt\n|faint|p2a: Typhlosion\n|\n|upkeep\n|\n|t:|1700532694\n|switch|p2a: Meowscarada|Meowscarada, F|65\/100\n|-damage|p2a: Meowscarada|52\/100|[from] Spikes\n|turn|19\n|\n|t:|1700532701\n|move|p1a: Samurott|Sucker Punch|p2a: Meowscarada\n|-resisted|p2a: Meowscarada\n|-damage|p2a: Meowscarada|26\/100\n|move|p2a: Meowscarada|U-turn|p1a: Samurott\n|-start|p2a: Meowscarada|typechange|Bug|[from] ability: Protean\n|-supereffective|p1a: Samurott\n|-damage|p1a: Samurott|11\/100\n|\n|t:|1700532704\n|switch|p2a: Torkoal|Torkoal, M|89\/100|[from] U-turn\n|-damage|p2a: Torkoal|76\/100|[from] Spikes\n|-weather|SunnyDay|[from] ability: Drought|[of] p2a: Torkoal\n|\n|-weather|SunnyDay|[upkeep]\n|-heal|p1a: Samurott|17\/100|[from] Grassy Terrain\n|-heal|p2a: Torkoal|82\/100|[from] Grassy Terrain\n|upkeep\n|turn|20\n|\n|t:|1700532711\n|switch|p1a: Tyranitar|Tyranitar, F|100\/100 par\n|-weather|Sandstorm|[from] ability: Sand Stream|[of] p1a: Tyranitar\n|move|p2a: Torkoal|Rapid Spin|p1a: Tyranitar\n|-resisted|p1a: Tyranitar\n|-damage|p1a: Tyranitar|97\/100 par\n|-boost|p2a: Torkoal|spe|1\n|-sideend|p2: DivineGabriel|Spikes|[from] move: Rapid Spin|[of] p2a: Torkoal\n|\n|-weather|Sandstorm|[upkeep]\n|-damage|p2a: Torkoal|76\/100|[from] Sandstorm\n|-heal|p2a: Torkoal|82\/100|[from] Grassy Terrain\n|-heal|p1a: Tyranitar|100\/100 par|[from] Grassy Terrain\n|-fieldend|move: Grassy Terrain\n|upkeep\n|turn|21\n|\n|t:|1700532714\n|switch|p2a: Walking Wake|Walking Wake|100\/100\n|move|p1a: Tyranitar|Rock Blast|p2a: Walking Wake\n|-damage|p2a: Walking Wake|86\/100\n|-damage|p2a: Walking Wake|73\/100\n|-hitcount|p2a: Walking Wake|2\n|\n|-weather|Sandstorm|[upkeep]\n|-damage|p2a: Walking Wake|67\/100|[from] Sandstorm\n|upkeep\n|turn|22\n|\n|t:|1700532724\n|switch|p1a: Samurott|Samurott-Hisui, F|17\/100\n|move|p2a: Walking Wake|Hydro Steam|p1a: Samurott\n|-resisted|p1a: Samurott\n|-damage|p1a: Samurott|0 fnt\n|faint|p1a: Samurott\n|\n|-weather|Sandstorm|[upkeep]\n|-damage|p2a: Walking Wake|60\/100|[from] Sandstorm\n|upkeep\n|\n|t:|1700532726\n|switch|p1a: Rillaboom|Rillaboom, F, shiny, tera:Grass|65\/100\n|-damage|p1a: Rillaboom|53\/100|[from] Stealth Rock\n|-fieldstart|move: Grassy Terrain|[from] ability: Grassy Surge|[of] p1a: Rillaboom\n|turn|23\n|\n|t:|1700532730\n|move|p1a: Rillaboom|Grassy Glide|p2a: Walking Wake\n|-damage|p2a: Walking Wake|0 fnt\n|faint|p2a: Walking Wake\n|-end|p2a: Walking Wake|Protosynthesis|[silent]\n|\n|-weather|Sandstorm|[upkeep]\n|-damage|p1a: Rillaboom|46\/100|[from] Sandstorm\n|-heal|p1a: Rillaboom|53\/100|[from] Grassy Terrain\n|upkeep\n|\n|t:|1700532733\n|switch|p2a: Torkoal|Torkoal, M|82\/100\n|-weather|SunnyDay|[from] ability: Drought|[of] p2a: Torkoal\n|turn|24\n|\n|t:|1700532738\n|switch|p2a: Meowscarada|Meowscarada, F|26\/100\n|move|p1a: Rillaboom|Grassy Glide|p2a: Meowscarada\n|-resisted|p2a: Meowscarada\n|-crit|p2a: Meowscarada\n|-damage|p2a: Meowscarada|0 fnt\n|faint|p2a: Meowscarada\n|\n|-weather|SunnyDay|[upkeep]\n|-heal|p1a: Rillaboom|59\/100|[from] Grassy Terrain\n|upkeep\n|\n|t:|1700532740\n|switch|p2a: Torkoal|Torkoal, M|82\/100\n|turn|25\n|\n|t:|1700532743\n|move|p1a: Rillaboom|Grassy Glide|p2a: Torkoal\n|-resisted|p2a: Torkoal\n|-damage|p2a: Torkoal|59\/100\n|move|p2a: Torkoal|Lava Plume|p1a: Rillaboom\n|-supereffective|p1a: Rillaboom\n|-damage|p1a: Rillaboom|0 fnt\n|faint|p1a: Rillaboom\n|\n|-weather|SunnyDay|[upkeep]\n|-heal|p2a: Torkoal|66\/100|[from] Grassy Terrain\n|upkeep\n|\n|t:|1700532745\n|switch|p1a: Tyranitar|Tyranitar, F|100\/100 par\n|-weather|Sandstorm|[from] ability: Sand Stream|[of] p1a: Tyranitar\n|turn|26\n|\n|t:|1700532749\n|move|p2a: Torkoal|Lava Plume|p1a: Tyranitar\n|-resisted|p1a: Tyranitar\n|-damage|p1a: Tyranitar|94\/100 par\n|move|p1a: Tyranitar|Rock Blast|p2a: Torkoal\n|-supereffective|p2a: Torkoal\n|-damage|p2a: Torkoal|51\/100\n|-supereffective|p2a: Torkoal\n|-damage|p2a: Torkoal|35\/100\n|-hitcount|p2a: Torkoal|2\n|\n|-weather|Sandstorm|[upkeep]\n|-damage|p2a: Torkoal|28\/100|[from] Sandstorm\n|-heal|p2a: Torkoal|35\/100|[from] Grassy Terrain\n|-heal|p1a: Tyranitar|99\/100 par|[from] Grassy Terrain\n|upkeep\n|turn|27\n|-message|DivineGabriel forfeited.\n|\n|win|Aggron\n|raw|Aggron's rating: 1753 &rarr; <strong>1773<\/strong><br \/>(+20 for winning)\n|raw|DivineGabriel's rating: 1748 &rarr; <strong>1728<\/strong><br \/>(-20 for losing)\n|l|\u2606DivineGabriel\n","uploadtime":1700532759,"views":23,"p1id":"aggron","p2id":"divinegabriel","formatid":"gen9ou","rating":1728,"private":0,"password":""}