{"id":"gen9ou-1994327043","p1":"iron tusk 69","p2":"Jamel1","format":"[Gen 9] OU","log":"|j|\u2606iron tusk 69\n|j|\u2606Jamel1\n|t:|1700431468\n|gametype|singles\n|player|p1|iron tusk 69|biker-gen4|1752\n|player|p2|Jamel1|cyrus|1705\n|teamsize|p1|6\n|teamsize|p2|6\n|gen|9\n|tier|[Gen 9] OU\n|rated|\n|rule|Sleep Clause Mod: Limit one foe put to sleep\n|rule|Species Clause: Limit one of each Pok\u00e9mon\n|rule|OHKO Clause: OHKO moves are banned\n|rule|Evasion Items Clause: Evasion items are banned\n|rule|Evasion Moves Clause: Evasion moves are banned\n|rule|Endless Battle Clause: Forcing endless battles is banned\n|rule|HP Percentage Mod: HP is shown in percentages\n|clearpoke\n|poke|p1|Samurott-Hisui, M|\n|poke|p1|Iron Moth|\n|poke|p1|Kingambit, F|\n|poke|p1|Ogerpon-Wellspring, F|\n|poke|p1|Iron Valiant|\n|poke|p1|Zamazenta-*|\n|poke|p2|Jirachi|\n|poke|p2|Kommo-o, M|\n|poke|p2|Gyarados, F|\n|poke|p2|Armarouge, F|\n|poke|p2|Azumarill, F|\n|poke|p2|Ninetales-Alola, M|\n|teampreview\n|j|+Notater517\n|l|+Notater517\n|\n|t:|1700431490\n|start\n|switch|p1a: Gliscorless Edge|Samurott-Hisui, M|100\/100\n|switch|p2a: Azumarill|Azumarill, F|100\/100\n|turn|1\n|j| Terra Ultima\n|j| mellow\n|j| yarcii\n|\n|t:|1700431545\n|move|p1a: Gliscorless Edge|Ceaseless Edge|p2a: Azumarill\n|-resisted|p2a: Azumarill\n|-damage|p2a: Azumarill|82\/100\n|-sidestart|p2: Jamel1|Spikes\n|move|p2a: Azumarill|Belly Drum|p2a: Azumarill\n|-damage|p2a: Azumarill|32\/100\n|-setboost|p2a: Azumarill|atk|6|[from] move: Belly Drum\n|-enditem|p2a: Azumarill|Sitrus Berry|[eat]\n|-heal|p2a: Azumarill|57\/100|[from] item: Sitrus Berry\n|\n|upkeep\n|turn|2\n|inactive|Battle timer is ON: inactive players will automatically lose when time's up. (requested by iron tusk 69)\n|\n|t:|1700431549\n|move|p1a: Gliscorless Edge|Encore|p2a: Azumarill\n|-start|p2a: Azumarill|Encore\n|move|p2a: Azumarill|Belly Drum||[still]\n|-fail|p2a: Azumarill\n|\n|upkeep\n|turn|3\n|c| mellow|bro got owned\n|\n|t:|1700431560\n|switch|p2a: Ninetales|Ninetales-Alola, M|100\/100\n|-damage|p2a: Ninetales|88\/100|[from] Spikes\n|-weather|Snow|[from] ability: Snow Warning|[of] p2a: Ninetales\n|move|p1a: Gliscorless Edge|Ceaseless Edge|p2a: Ninetales|[miss]\n|-miss|p1a: Gliscorless Edge|p2a: Ninetales\n|\n|-weather|Snow|[upkeep]\n|upkeep\n|turn|4\n|\n|t:|1700431566\n|move|p2a: Ninetales|Hypnosis|p1a: Gliscorless Edge|[miss]\n|-miss|p2a: Ninetales|p1a: Gliscorless Edge\n|move|p1a: Gliscorless Edge|Flip Turn|p2a: Ninetales\n|-damage|p2a: Ninetales|65\/100\n|\n|t:|1700431569\n|switch|p1a: Freezing Sun|Iron Moth|100\/100|[from] Flip Turn\n|-enditem|p1a: Freezing Sun|Booster Energy\n|-activate|p1a: Freezing Sun|ability: Quark Drive|[fromitem]\n|-start|p1a: Freezing Sun|quarkdrivespe\n|\n|-weather|Snow|[upkeep]\n|upkeep\n|turn|5\n|c| mellow|silly thing to do when he has a waterpon anyway\n|\n|t:|1700431579\n|switch|p2a: Gyarados|Gyarados, F, shiny|100\/100\n|move|p1a: Freezing Sun|Substitute|p1a: Freezing Sun\n|-start|p1a: Freezing Sun|Substitute\n|-damage|p1a: Freezing Sun|76\/100\n|\n|-weather|Snow|[upkeep]\n|upkeep\n|turn|6\n|\n|t:|1700431586\n|move|p1a: Freezing Sun|Fiery Dance|p2a: Gyarados\n|-resisted|p2a: Gyarados\n|-damage|p2a: Gyarados|79\/100\n|move|p2a: Gyarados|Earthquake|p1a: Freezing Sun\n|-supereffective|p1a: Freezing Sun\n|-end|p1a: Freezing Sun|Substitute\n|\n|-weather|Snow|[upkeep]\n|-heal|p2a: Gyarados|85\/100|[from] item: Leftovers\n|upkeep\n|turn|7\n|\n|t:|1700431590\n|move|p1a: Freezing Sun|Discharge|p2a: Gyarados\n|-supereffective|p2a: Gyarados\n|-damage|p2a: Gyarados|0 fnt\n|faint|p2a: Gyarados\n|\n|-weather|none\n|upkeep\n|\n|t:|1700431594\n|switch|p2a: Kommo-o|Kommo-o, M|100\/100\n|-damage|p2a: Kommo-o|88\/100|[from] Spikes\n|turn|8\n|l| mellow\n|\n|t:|1700431605\n|-end|p1a: Freezing Sun|Quark Drive|[silent]\n|switch|p1a: Gliscorless Edge|Samurott-Hisui, M|100\/100\n|move|p2a: Kommo-o|Earthquake|p1a: Gliscorless Edge\n|-damage|p1a: Gliscorless Edge|74\/100\n|\n|-heal|p1a: Gliscorless Edge|80\/100|[from] item: Leftovers\n|upkeep\n|turn|9\n|\n|t:|1700431610\n|move|p2a: Kommo-o|Clangorous Soul|p2a: Kommo-o\n|-boost|p2a: Kommo-o|atk|1\n|-boost|p2a: Kommo-o|def|1\n|-boost|p2a: Kommo-o|spa|1\n|-boost|p2a: Kommo-o|spd|1\n|-boost|p2a: Kommo-o|spe|1\n|-damage|p2a: Kommo-o|55\/100\n|move|p1a: Gliscorless Edge|Encore|p2a: Kommo-o\n|-start|p2a: Kommo-o|Encore\n|\n|-heal|p1a: Gliscorless Edge|87\/100|[from] item: Leftovers\n|upkeep\n|turn|10\n|\n|t:|1700431621\n|switch|p2a: Ninetales|Ninetales-Alola, M|65\/100\n|-damage|p2a: Ninetales|53\/100|[from] Spikes\n|-weather|Snow|[from] ability: Snow Warning|[of] p2a: Ninetales\n|move|p1a: Gliscorless Edge|Ceaseless Edge|p2a: Ninetales|[miss]\n|-miss|p1a: Gliscorless Edge|p2a: Ninetales\n|\n|-weather|Snow|[upkeep]\n|-heal|p1a: Gliscorless Edge|93\/100|[from] item: Leftovers\n|upkeep\n|turn|11\n|\n|t:|1700431631\n|move|p2a: Ninetales|Aurora Veil|p2a: Ninetales\n|-sidestart|p2: Jamel1|move: Aurora Veil\n|move|p1a: Gliscorless Edge|Flip Turn|p2a: Ninetales\n|-damage|p2a: Ninetales|42\/100\n|\n|t:|1700431633\n|switch|p1a: Freezing Sun|Iron Moth|76\/100|[from] Flip Turn\n|\n|-weather|Snow|[upkeep]\n|upkeep\n|turn|12\n|c| Terra Ultima|bro is getting molested left and right, up and down\n|c|\u2606iron tusk 69|uhh\n|\n|t:|1700431642\n|move|p1a: Freezing Sun|Fiery Dance|p2a: Ninetales\n|-supereffective|p2a: Ninetales\n|-damage|p2a: Ninetales|0 fnt\n|faint|p2a: Ninetales\n|\n|-weather|Snow|[upkeep]\n|upkeep\n|\n|t:|1700431655\n|switch|p2a: Kommo-o|Kommo-o, M|55\/100\n|-damage|p2a: Kommo-o|43\/100|[from] Spikes\n|turn|13\n|c|\u2606iron tusk 69|that weird\n|\n|t:|1700431660\n|move|p1a: Freezing Sun|Substitute|p1a: Freezing Sun\n|-start|p1a: Freezing Sun|Substitute\n|-damage|p1a: Freezing Sun|51\/100\n|move|p2a: Kommo-o|Earthquake|p1a: Freezing Sun\n|-supereffective|p1a: Freezing Sun\n|-end|p1a: Freezing Sun|Substitute\n|\n|-weather|Snow|[upkeep]\n|upkeep\n|turn|14\n|\n|t:|1700431663\n|move|p1a: Freezing Sun|Sludge Wave|p2a: Kommo-o\n|-damage|p2a: Kommo-o|15\/100\n|-enditem|p2a: Kommo-o|Lansat Berry|[eat]\n|-start|p2a: Kommo-o|move: Focus Energy\n|move|p2a: Kommo-o|Earthquake|p1a: Freezing Sun\n|-supereffective|p1a: Freezing Sun\n|-crit|p1a: Freezing Sun\n|-damage|p1a: Freezing Sun|0 fnt\n|faint|p1a: Freezing Sun\n|-end|p1a: Freezing Sun|Quark Drive|[silent]\n|\n|-weather|none\n|upkeep\n|c|\u2606iron tusk 69|yoo\n|c|\u2606iron tusk 69|the lansat berry\n|inactive|iron tusk 69 has 120 seconds left.\n|\n|t:|1700431695\n|switch|p1a: Ogregone|Iron Valiant|100\/100\n|-enditem|p1a: Ogregone|Booster Energy\n|-activate|p1a: Ogregone|ability: Quark Drive|[fromitem]\n|-start|p1a: Ogregone|quarkdrivespe\n|turn|15\n|\n|t:|1700431698\n|move|p1a: Ogregone|Close Combat|p2a: Kommo-o\n|-damage|p2a: Kommo-o|0 fnt\n|-unboost|p1a: Ogregone|def|1\n|-unboost|p1a: Ogregone|spd|1\n|faint|p2a: Kommo-o\n|\n|upkeep\n|\n|t:|1700431702\n|switch|p2a: Armarouge|Armarouge, F|100\/100\n|-damage|p2a: Armarouge|88\/100|[from] Spikes\n|turn|16\n|\n|t:|1700431706\n|move|p1a: Ogregone|Knock Off|p2a: Armarouge\n|-supereffective|p2a: Armarouge\n|-damage|p2a: Armarouge|64\/100\n|-ability|p2a: Armarouge|Weak Armor|boost\n|-unboost|p2a: Armarouge|def|1\n|-boost|p2a: Armarouge|spe|2\n|-enditem|p2a: Armarouge|Weakness Policy\n|-boost|p2a: Armarouge|atk|2|[from] item: Weakness Policy\n|-boost|p2a: Armarouge|spa|2|[from] item: Weakness Policy\n|move|p2a: Armarouge|Iron Defense|p2a: Armarouge\n|-boost|p2a: Armarouge|def|2\n|\n|upkeep\n|turn|17\n|\n|t:|1700431716\n|-terastallize|p2a: Armarouge|Poison\n|move|p1a: Ogregone|Encore|p2a: Armarouge\n|-start|p2a: Armarouge|Encore\n|move|p2a: Armarouge|Iron Defense|p2a: Armarouge\n|-boost|p2a: Armarouge|def|2\n|\n|upkeep\n|turn|18\n|j| 0SiegeWarfare\n|\n|t:|1700431737\n|move|p1a: Ogregone|Swords Dance|p1a: Ogregone\n|-boost|p1a: Ogregone|atk|2\n|move|p2a: Armarouge|Iron Defense|p2a: Armarouge\n|-boost|p2a: Armarouge|def|2\n|\n|-sideend|p2: Jamel1|move: Aurora Veil\n|upkeep\n|turn|19\n|\n|t:|1700431743\n|move|p1a: Ogregone|Swords Dance|p1a: Ogregone\n|-boost|p1a: Ogregone|atk|2\n|move|p2a: Armarouge|Iron Defense|p2a: Armarouge\n|-boost|p2a: Armarouge|def|1\n|\n|-end|p2a: Armarouge|Encore\n|upkeep\n|turn|20\n|c| 0SiegeWarfare|never set up in front of val\n|\n|t:|1700431750\n|move|p1a: Ogregone|Encore|p2a: Armarouge\n|-start|p2a: Armarouge|Encore\n|move|p2a: Armarouge|Iron Defense|p2a: Armarouge\n|-boost|p2a: Armarouge|def|0\n|\n|upkeep\n|turn|21\n|\n|t:|1700431755\n|move|p1a: Ogregone|Swords Dance|p1a: Ogregone\n|-boost|p1a: Ogregone|atk|2\n|move|p2a: Armarouge|Iron Defense|p2a: Armarouge\n|-boost|p2a: Armarouge|def|0\n|\n|upkeep\n|turn|22\n|c|\u2606iron tusk 69|problem is idk what to do\n|\n|t:|1700431772\n|move|p1a: Ogregone|Swords Dance|p1a: Ogregone\n|-boost|p1a: Ogregone|atk|0\n|move|p2a: Armarouge|Iron Defense|p2a: Armarouge\n|-boost|p2a: Armarouge|def|0\n|\n|-end|p2a: Armarouge|Encore\n|upkeep\n|turn|23\n|\n|t:|1700431778\n|move|p1a: Ogregone|Encore|p2a: Armarouge\n|-start|p2a: Armarouge|Encore\n|move|p2a: Armarouge|Iron Defense|p2a: Armarouge\n|-boost|p2a: Armarouge|def|0\n|\n|upkeep\n|turn|24\n|\n|t:|1700431783\n|move|p1a: Ogregone|Close Combat|p2a: Armarouge\n|-resisted|p2a: Armarouge\n|-damage|p2a: Armarouge|45\/100\n|-unboost|p1a: Ogregone|def|1\n|-unboost|p1a: Ogregone|spd|1\n|-ability|p2a: Armarouge|Weak Armor|boost\n|-unboost|p2a: Armarouge|def|1\n|-boost|p2a: Armarouge|spe|2\n|move|p2a: Armarouge|Iron Defense|p2a: Armarouge\n|-boost|p2a: Armarouge|def|1\n|\n|upkeep\n|turn|25\n|j|+Shellnuts\n|\n|t:|1700431792\n|move|p2a: Armarouge|Iron Defense|p2a: Armarouge\n|-boost|p2a: Armarouge|def|0\n|move|p1a: Ogregone|Close Combat|p2a: Armarouge\n|-resisted|p2a: Armarouge\n|-damage|p2a: Armarouge|26\/100\n|-unboost|p1a: Ogregone|def|1\n|-unboost|p1a: Ogregone|spd|1\n|-ability|p2a: Armarouge|Weak Armor|boost\n|-unboost|p2a: Armarouge|def|1\n|-boost|p2a: Armarouge|spe|2\n|\n|-end|p2a: Armarouge|Encore\n|upkeep\n|turn|26\n|\n|t:|1700431795\n|move|p2a: Armarouge|Stored Power|p1a: Ogregone\n|-supereffective|p1a: Ogregone\n|-damage|p1a: Ogregone|0 fnt\n|faint|p1a: Ogregone\n|-end|p1a: Ogregone|Quark Drive|[silent]\n|\n|upkeep\n|j| Jeanmilapipe\n|\n|t:|1700431800\n|switch|p1a: Gliscorless Edge|Samurott-Hisui, M|93\/100\n|turn|27\n|\n|t:|1700431805\n|move|p2a: Armarouge|Aura Sphere|p1a: Gliscorless Edge\n|-supereffective|p1a: Gliscorless Edge\n|-damage|p1a: Gliscorless Edge|0 fnt\n|faint|p1a: Gliscorless Edge\n|\n|upkeep\n|\n|t:|1700431811\n|switch|p1a: Rigged Suspect|Kingambit, F|100\/100\n|-activate|p1a: Rigged Suspect|ability: Supreme Overlord\n|-start|p1a: Rigged Suspect|fallen3|[silent]\n|turn|28\n|j| Rainbow Chrome\n|c| 0SiegeWarfare|okay\n|\n|t:|1700431817\n|-terastallize|p1a: Rigged Suspect|Fairy\n|move|p2a: Armarouge|Aura Sphere|p1a: Rigged Suspect\n|-resisted|p1a: Rigged Suspect\n|-damage|p1a: Rigged Suspect|80\/100\n|move|p1a: Rigged Suspect|Kowtow Cleave|p2a: Armarouge\n|-damage|p2a: Armarouge|13\/100\n|-ability|p2a: Armarouge|Weak Armor|boost\n|-unboost|p2a: Armarouge|def|1\n|\n|-heal|p1a: Rigged Suspect|86\/100|[from] item: Leftovers\n|upkeep\n|turn|29\n|\n|t:|1700431821\n|move|p1a: Rigged Suspect|Sucker Punch|p2a: Armarouge\n|-damage|p2a: Armarouge|2\/100\n|-ability|p2a: Armarouge|Weak Armor|boost\n|-unboost|p2a: Armarouge|def|1\n|move|p2a: Armarouge|Stored Power|p1a: Rigged Suspect\n|-damage|p1a: Rigged Suspect|0 fnt\n|faint|p1a: Rigged Suspect\n|-end|p1a: Rigged Suspect|fallen3|[silent]\n|\n|upkeep\n|c|\u2606iron tusk 69|oof\n|c|\u2606iron tusk 69|shoulda sacced something else\n|c|\u2606iron tusk 69|for more SO\n|c|\u2606iron tusk 69|mb\n|\n|t:|1700431839\n|switch|p1a: GAMBIT SWITCHIN|Zamazenta|100\/100\n|-ability|p1a: GAMBIT SWITCHIN|Dauntless Shield|boost\n|-boost|p1a: GAMBIT SWITCHIN|def|1\n|turn|30\n|c|\u2606iron tusk 69|im worm food now\n|c|\u2606iron tusk 69|gg\n|\n|t:|1700431849\n|move|p2a: Armarouge|Stored Power|p1a: GAMBIT SWITCHIN\n|-supereffective|p1a: GAMBIT SWITCHIN\n|-damage|p1a: GAMBIT SWITCHIN|0 fnt\n|faint|p1a: GAMBIT SWITCHIN\n|\n|upkeep\n|\n|t:|1700431851\n|switch|p1a: It's Oger|Ogerpon-Wellspring, F|100\/100\n|turn|31\n|\n|t:|1700431852\n|move|p2a: Armarouge|Stored Power|p1a: It's Oger\n|-damage|p1a: It's Oger|0 fnt\n|faint|p1a: It's Oger\n|\n|win|Jamel1\n|raw|iron tusk 69's rating: 1752 &rarr; <strong>1729<\/strong><br \/>(-23 for losing)\n|raw|Jamel1's rating: 1705 &rarr; <strong>1728<\/strong><br \/>(+23 for winning)\n|l|+Shellnuts\n|j| yogalpha\n|j|+Shellnuts\n|l| yogalpha\n|c|\u2606iron tusk 69|turns out you can escape the encore trap\n|c|\u2606iron tusk 69|if you believe\n|l|+Shellnuts\n|l|\u2606iron tusk 69\n","uploadtime":1700431873,"views":14,"p1id":"irontusk69","p2id":"jamel1","formatid":"gen9ou","rating":1728,"private":0,"password":""}