{"id":"gen9ou-1994625454","p1":"Skaraptor2.1","p2":"Azaxx1234","format":"[Gen 9] OU","log":"|j|\u2606Skaraptor2.1\n|j|\u2606Azaxx1234\n|t:|1700471475\n|gametype|singles\n|player|p1|Skaraptor2.1|bodybuilderf-gen9|1189\n|player|p2|Azaxx1234|1|1211\n|teamsize|p1|6\n|teamsize|p2|6\n|gen|9\n|tier|[Gen 9] OU\n|rated|\n|rule|Sleep Clause Mod: Limit one foe put to sleep\n|rule|Species Clause: Limit one of each Pok\u00e9mon\n|rule|OHKO Clause: OHKO moves are banned\n|rule|Evasion Items Clause: Evasion items are banned\n|rule|Evasion Moves Clause: Evasion moves are banned\n|rule|Endless Battle Clause: Forcing endless battles is banned\n|rule|HP Percentage Mod: HP is shown in percentages\n|clearpoke\n|poke|p1|Ribombee, M|\n|poke|p1|Ogerpon-Wellspring, F|\n|poke|p1|Great Tusk|\n|poke|p1|Zamazenta-*|\n|poke|p1|Iron Valiant|\n|poke|p1|Kingambit, F|\n|poke|p2|Dragonite, F|\n|poke|p2|Dragapult, M|\n|poke|p2|Great Tusk|\n|poke|p2|Maushold|\n|poke|p2|Salazzle, F|\n|poke|p2|Glimmora, F|\n|teampreview\n|inactive|Battle timer is ON: inactive players will automatically lose when time's up. (requested by Skaraptor2.1)\n|\n|t:|1700471483\n|start\n|switch|p1a: Transfem|Ogerpon-Wellspring, F|100\/100\n|switch|p2a: Maushold|Maushold|100\/100\n|turn|1\n|\n|t:|1700471491\n|move|p2a: Maushold|Thunder Wave|p1a: Transfem\n|-status|p1a: Transfem|par\n|move|p1a: Transfem|Knock Off|p2a: Maushold\n|-damage|p2a: Maushold|38\/100\n|-enditem|p2a: Maushold|Wide Lens|[from] move: Knock Off|[of] p1a: Transfem\n|\n|upkeep\n|turn|2\n|\n|t:|1700471504\n|move|p2a: Maushold|Population Bomb|p1a: Transfem|[miss]\n|-miss|p2a: Maushold|p1a: Transfem\n|cant|p1a: Transfem|par\n|\n|upkeep\n|turn|3\n|\n|t:|1700471509\n|move|p2a: Maushold|Population Bomb|p1a: Transfem\n|-damage|p1a: Transfem|86\/100 par\n|-damage|p1a: Transfem|73\/100 par\n|-damage|p1a: Transfem|58\/100 par\n|-damage|p1a: Transfem|44\/100 par\n|-damage|p1a: Transfem|29\/100 par\n|-damage|p1a: Transfem|15\/100 par\n|-damage|p1a: Transfem|1\/100 par\n|-damage|p1a: Transfem|0 fnt\n|faint|p1a: Transfem\n|-hitcount|p1: Transfem|8\n|\n|upkeep\n|\n|t:|1700471511\n|switch|p1a: Bigender|Iron Valiant|100\/100\n|-enditem|p1a: Bigender|Booster Energy\n|-activate|p1a: Bigender|ability: Quark Drive|[fromitem]\n|-start|p1a: Bigender|quarkdrivespe\n|turn|4\n|\n|t:|1700471520\n|move|p1a: Bigender|Moonblast|p2a: Maushold\n|-damage|p2a: Maushold|0 fnt\n|faint|p2a: Maushold\n|\n|upkeep\n|\n|t:|1700471527\n|switch|p2a: Glimmora|Glimmora, F|100\/100\n|turn|5\n|\n|t:|1700471533\n|move|p1a: Bigender|Thunderbolt|p2a: Glimmora\n|-damage|p2a: Glimmora|54\/100\n|move|p2a: Glimmora|Mortal Spin|p1a: Bigender\n|-supereffective|p1a: Bigender\n|-damage|p1a: Bigender|83\/100\n|-status|p1a: Bigender|psn\n|\n|-damage|p1a: Bigender|71\/100 psn|[from] psn\n|upkeep\n|turn|6\n|\n|t:|1700471541\n|move|p1a: Bigender|Thunderbolt|p2a: Glimmora\n|-crit|p2a: Glimmora\n|-damage|p2a: Glimmora|0 fnt\n|faint|p2a: Glimmora\n|\n|-damage|p1a: Bigender|58\/100 psn|[from] psn\n|upkeep\n|\n|t:|1700471547\n|switch|p2a: Dragonite|Dragonite, F|100\/100\n|turn|7\n|\n|t:|1700471557\n|-terastallize|p2a: Dragonite|Normal\n|move|p1a: Bigender|Destiny Bond|p1a: Bigender\n|-singlemove|p1a: Bigender|Destiny Bond\n|move|p2a: Dragonite|Dragon Dance|p2a: Dragonite\n|-boost|p2a: Dragonite|atk|1\n|-boost|p2a: Dragonite|spe|1\n|\n|-damage|p1a: Bigender|46\/100 psn|[from] psn\n|upkeep\n|turn|8\n|\n|t:|1700471568\n|move|p2a: Dragonite|Extreme Speed|p1a: Bigender\n|-damage|p1a: Bigender|0 fnt\n|faint|p1a: Bigender\n|-activate|p1a: Bigender|move: Destiny Bond\n|-end|p1a: Bigender|Quark Drive|[silent]\n|faint|p2a: Dragonite\n|\n|upkeep\n|\n|t:|1700471580\n|switch|p1a: Twink|Ribombee, M|100\/100\n|switch|p2a: Salazzle|Salazzle, F|100\/100\n|turn|9\n|\n|t:|1700471585\n|move|p1a: Twink|Stun Spore|p2a: Salazzle|[miss]\n|-miss|p1a: Twink|p2a: Salazzle\n|move|p2a: Salazzle|Fire Blast|p1a: Twink\n|-supereffective|p1a: Twink\n|-enditem|p1a: Twink|Focus Sash\n|-damage|p1a: Twink|1\/100\n|\n|upkeep\n|turn|10\n|\n|t:|1700471595\n|move|p2a: Salazzle|Protect|p2a: Salazzle\n|-singleturn|p2a: Salazzle|Protect\n|move|p1a: Twink|Sticky Web|p2a: Salazzle\n|-sidestart|p2: Azaxx1234|move: Sticky Web\n|\n|upkeep\n|turn|11\n|\n|t:|1700471600\n|move|p1a: Twink|Stun Spore|p2a: Salazzle\n|-status|p2a: Salazzle|par\n|move|p2a: Salazzle|Fire Blast|p1a: Twink\n|-supereffective|p1a: Twink\n|-damage|p1a: Twink|0 fnt\n|faint|p1a: Twink\n|\n|upkeep\n|\n|t:|1700471603\n|switch|p1a: Raging Queer|Great Tusk|100\/100\n|turn|12\n|\n|t:|1700471608\n|move|p1a: Raging Queer|Knock Off|p2a: Salazzle\n|-damage|p2a: Salazzle|43\/100 par\n|-enditem|p2a: Salazzle|Heavy-Duty Boots|[from] move: Knock Off|[of] p1a: Raging Queer\n|move|p2a: Salazzle|Toxic|p1a: Raging Queer\n|-status|p1a: Raging Queer|tox\n|\n|-damage|p1a: Raging Queer|94\/100 tox|[from] psn\n|upkeep\n|turn|13\n|\n|t:|1700471616\n|switch|p2a: Great Tusk|Great Tusk|100\/100\n|move|p1a: Raging Queer|Bulk Up|p1a: Raging Queer\n|-boost|p1a: Raging Queer|atk|1\n|-boost|p1a: Raging Queer|def|1\n|\n|-damage|p1a: Raging Queer|82\/100 tox|[from] psn\n|upkeep\n|turn|14\n|\n|t:|1700471625\n|move|p2a: Great Tusk|Knock Off|p1a: Raging Queer\n|-resisted|p1a: Raging Queer\n|-damage|p1a: Raging Queer|75\/100 tox\n|-enditem|p1a: Raging Queer|Heavy-Duty Boots|[from] move: Knock Off|[of] p2a: Great Tusk\n|move|p1a: Raging Queer|Earthquake|p2a: Great Tusk\n|-damage|p2a: Great Tusk|39\/100\n|\n|-damage|p1a: Raging Queer|56\/100 tox|[from] psn\n|upkeep\n|turn|15\n|\n|t:|1700471634\n|move|p2a: Great Tusk|Rapid Spin|p1a: Raging Queer\n|-damage|p1a: Raging Queer|49\/100 tox\n|-boost|p2a: Great Tusk|spe|1\n|-sideend|p2: Azaxx1234|Sticky Web|[from] move: Rapid Spin|[of] p2a: Great Tusk\n|move|p1a: Raging Queer|Earthquake|p2a: Great Tusk\n|-damage|p2a: Great Tusk|0 fnt\n|faint|p2a: Great Tusk\n|-end|p2a: Great Tusk|Protosynthesis|[silent]\n|\n|-damage|p1a: Raging Queer|24\/100 tox|[from] psn\n|upkeep\n|\n|t:|1700471641\n|switch|p2a: Dragapult|Dragapult, M|100\/100\n|turn|16\n|\n|t:|1700471650\n|move|p2a: Dragapult|Shadow Ball|p1a: Raging Queer\n|-damage|p1a: Raging Queer|0 fnt\n|faint|p1a: Raging Queer\n|-end|p1a: Raging Queer|Protosynthesis|[silent]\n|\n|upkeep\n|\n|t:|1700471653\n|switch|p1a: Queengambit|Kingambit, F|100\/100\n|-activate|p1a: Queengambit|ability: Supreme Overlord\n|-start|p1a: Queengambit|fallen4|[silent]\n|turn|17\n|\n|t:|1700471658\n|switch|p2a: Salazzle|Salazzle, F|43\/100 par\n|move|p1a: Queengambit|Iron Head|p2a: Salazzle\n|-resisted|p2a: Salazzle\n|-damage|p2a: Salazzle|0 fnt\n|faint|p2a: Salazzle\n|\n|upkeep\n|\n|t:|1700471660\n|switch|p2a: Dragapult|Dragapult, M|100\/100\n|turn|18\n|\n|t:|1700471663\n|move|p1a: Queengambit|Sucker Punch|p2a: Dragapult\n|-supereffective|p2a: Dragapult\n|-crit|p2a: Dragapult\n|-damage|p2a: Dragapult|0 fnt\n|faint|p2a: Dragapult\n|\n|win|Skaraptor2.1\n|raw|Skaraptor2.1's rating: 1189 &rarr; <strong>1216<\/strong><br \/>(+27 for winning)\n|raw|Azaxx1234's rating: 1211 &rarr; <strong>1184<\/strong><br \/>(-27 for losing)\n","uploadtime":1700471666,"views":8,"p1id":"skaraptor21","p2id":"azaxx1234","formatid":"gen9ou","rating":1184,"private":0,"password":""}