{"id":"gen9ou-1990764873","p1":"BigJames10","p2":"Thehombre","format":"[Gen 9] OU","log":"|j|\u2606BigJames10\n|j|\u2606Thehombre\n|t:|1699998667\n|gametype|singles\n|player|p1|BigJames10|unknown|1163\n|player|p2|Thehombre|101|1068\n|teamsize|p1|6\n|teamsize|p2|6\n|gen|9\n|tier|[Gen 9] OU\n|rated|\n|rule|Sleep Clause Mod: Limit one foe put to sleep\n|rule|Species Clause: Limit one of each Pok\u00e9mon\n|rule|OHKO Clause: OHKO moves are banned\n|rule|Evasion Items Clause: Evasion items are banned\n|rule|Evasion Moves Clause: Evasion moves are banned\n|rule|Endless Battle Clause: Forcing endless battles is banned\n|rule|HP Percentage Mod: HP is shown in percentages\n|clearpoke\n|poke|p1|Pelipper, M|\n|poke|p1|Basculegion-F, F|\n|poke|p1|Overqwil, M|\n|poke|p1|Garganacl, M|\n|poke|p1|Iron Treads|\n|poke|p1|Zapdos|\n|poke|p2|Munkidori, M|\n|poke|p2|Dragapult, M|\n|poke|p2|Corviknight, M|\n|poke|p2|Ninetales-Alola, F|\n|poke|p2|Clefable, F|\n|poke|p2|Ogerpon-Cornerstone, F|\n|teampreview\n|inactive|Battle timer is ON: inactive players will automatically lose when time's up. (requested by Thehombre)\n|\n|t:|1699998679\n|start\n|switch|p1a: Pelipper|Pelipper, M|100\/100\n|switch|p2a: Ninetales|Ninetales-Alola, F|100\/100\n|-weather|Snow|[from] ability: Snow Warning|[of] p2a: Ninetales\n|-weather|RainDance|[from] ability: Drizzle|[of] p1a: Pelipper\n|turn|1\n|\n|t:|1699998697\n|-terastallize|p1a: Pelipper|Steel\n|move|p2a: Ninetales|Moonblast|p1a: Pelipper\n|-resisted|p1a: Pelipper\n|-damage|p1a: Pelipper|74\/100\n|-unboost|p1a: Pelipper|spa|1\n|move|p1a: Pelipper|Hurricane|p2a: Ninetales\n|-damage|p2a: Ninetales|71\/100\n|\n|-weather|RainDance|[upkeep]\n|upkeep\n|turn|2\n|\n|t:|1699998704\n|switch|p2a: Dragapult|Dragapult, M|100\/100\n|move|p1a: Pelipper|U-turn|p2a: Dragapult\n|-resisted|p2a: Dragapult\n|-crit|p2a: Dragapult\n|-damage|p2a: Dragapult|91\/100\n|\n|t:|1699998711\n|switch|p1a: Basculegion|Basculegion-F, F|100\/100|[from] U-turn\n|\n|-weather|RainDance|[upkeep]\n|upkeep\n|turn|3\n|\n|t:|1699998719\n|move|p1a: Basculegion|Shadow Ball|p2a: Dragapult\n|-supereffective|p2a: Dragapult\n|-damage|p2a: Dragapult|0 fnt\n|faint|p2a: Dragapult\n|\n|-weather|RainDance|[upkeep]\n|upkeep\n|\n|t:|1699998727\n|switch|p2a: Ogerpon|Ogerpon-Cornerstone, F|100\/100\n|turn|4\n|\n|t:|1699998733\n|switch|p1a: Iron Treads|Iron Treads|100\/100\n|move|p2a: Ogerpon|Trailblaze|p1a: Iron Treads\n|-damage|p1a: Iron Treads|76\/100\n|-boost|p2a: Ogerpon|spe|1\n|\n|-weather|RainDance|[upkeep]\n|-heal|p1a: Iron Treads|82\/100|[from] item: Leftovers\n|upkeep\n|turn|5\n|\n|t:|1699998742\n|move|p2a: Ogerpon|Swords Dance|p2a: Ogerpon\n|-boost|p2a: Ogerpon|atk|2\n|move|p1a: Iron Treads|Earthquake|p2a: Ogerpon\n|-damage|p2a: Ogerpon|51\/100\n|\n|-weather|RainDance|[upkeep]\n|-heal|p1a: Iron Treads|89\/100|[from] item: Leftovers\n|upkeep\n|turn|6\n|\n|t:|1699998748\n|move|p2a: Ogerpon|Horn Leech|p1a: Iron Treads\n|-damage|p1a: Iron Treads|27\/100\n|-heal|p2a: Ogerpon|91\/100|[from] drain|[of] p1a: Iron Treads\n|move|p1a: Iron Treads|Earthquake|p2a: Ogerpon\n|-damage|p2a: Ogerpon|39\/100\n|\n|-weather|RainDance|[upkeep]\n|-heal|p1a: Iron Treads|33\/100|[from] item: Leftovers\n|upkeep\n|turn|7\n|\n|t:|1699998754\n|-end|p1a: Iron Treads|Quark Drive|[silent]\n|switch|p1a: Zapdos|Zapdos, shiny|100\/100\n|move|p2a: Ogerpon|Trailblaze|p1a: Zapdos\n|-resisted|p1a: Zapdos\n|-damage|p1a: Zapdos|62\/100\n|-boost|p2a: Ogerpon|spe|1\n|\n|-weather|RainDance|[upkeep]\n|upkeep\n|turn|8\n|\n|t:|1699998772\n|move|p2a: Ogerpon|Ivy Cudgel|p1a: Zapdos|[anim] Ivy Cudgel Rock\n|-supereffective|p1a: Zapdos\n|-damage|p1a: Zapdos|0 fnt\n|faint|p1a: Zapdos\n|\n|-weather|none\n|upkeep\n|\n|t:|1699998775\n|switch|p1a: Pelipper|Pelipper, M, tera:Steel|74\/100\n|-weather|RainDance|[from] ability: Drizzle|[of] p1a: Pelipper\n|turn|9\n|\n|t:|1699998783\n|-terastallize|p2a: Ogerpon|Rock\n|detailschange|p2a: Ogerpon|Ogerpon-Cornerstone-Tera, F, tera:Rock\n|-ability|p2a: Ogerpon|Embody Aspect (Cornerstone)|boost\n|-boost|p2a: Ogerpon|def|1\n|move|p2a: Ogerpon|Ivy Cudgel|p1a: Pelipper|[anim] Ivy Cudgel Rock\n|-resisted|p1a: Pelipper\n|-damage|p1a: Pelipper|13\/100\n|move|p1a: Pelipper|Hurricane|p2a: Ogerpon\n|-resisted|p2a: Ogerpon\n|-damage|p2a: Ogerpon|19\/100\n|\n|-weather|RainDance|[upkeep]\n|upkeep\n|turn|10\n|\n|t:|1699998797\n|move|p2a: Ogerpon|Horn Leech|p1a: Pelipper\n|-resisted|p1a: Pelipper\n|-damage|p1a: Pelipper|0 fnt\n|-heal|p2a: Ogerpon|26\/100|[from] drain|[of] p1a: Pelipper\n|faint|p1a: Pelipper\n|\n|-weather|RainDance|[upkeep]\n|upkeep\n|-message|BigJames10 forfeited.\n|\n|win|Thehombre\n|raw|BigJames10's rating: 1163 &rarr; <strong>1131<\/strong><br \/>(-32 for losing)\n|raw|Thehombre's rating: 1068 &rarr; <strong>1106<\/strong><br \/>(+38 for winning)\n|l|\u2606BigJames10\n","uploadtime":1699998820,"views":6,"p1id":"bigjames10","p2id":"thehombre","formatid":"gen9ou","rating":1106,"private":0,"password":""}