{"id":"gen9ou-1997300955","p1":"Nwar","p2":"SpasDeUzi","format":"[Gen 9] OU","log":"|j|\u2606Nwar\n|j|\u2606SpasDeUzi\n|t:|1700786602\n|gametype|singles\n|player|p1|Nwar|1|1218\n|player|p2|SpasDeUzi|1|1158\n|teamsize|p1|6\n|teamsize|p2|6\n|gen|9\n|tier|[Gen 9] OU\n|rated|\n|rule|Sleep Clause Mod: Limit one foe put to sleep\n|rule|Species Clause: Limit one of each Pok\u00e9mon\n|rule|OHKO Clause: OHKO moves are banned\n|rule|Evasion Items Clause: Evasion items are banned\n|rule|Evasion Moves Clause: Evasion moves are banned\n|rule|Endless Battle Clause: Forcing endless battles is banned\n|rule|HP Percentage Mod: HP is shown in percentages\n|clearpoke\n|poke|p1|Vikavolt, M|\n|poke|p1|Enamorus, F|\n|poke|p1|Great Tusk|\n|poke|p1|Kommo-o, F|\n|poke|p1|Iron Moth|\n|poke|p1|Sinistcha|\n|poke|p2|Garchomp, M|\n|poke|p2|Maushold-Four|\n|poke|p2|Tyranitar, F|\n|poke|p2|Gyarados, F|\n|poke|p2|Iron Valiant|\n|poke|p2|Grimmsnarl, M|\n|teampreview\n|\n|t:|1700786608\n|start\n|switch|p1a: Tony Komo|Kommo-o, F|100\/100\n|switch|p2a: Grimmsnarl|Grimmsnarl, M, shiny|100\/100\n|turn|1\n|inactive|Battle timer is ON: inactive players will automatically lose when time's up. (requested by SpasDeUzi)\n|\n|t:|1700786618\n|switch|p1a: Dentist G-Ram|Great Tusk|100\/100\n|-enditem|p1a: Dentist G-Ram|Booster Energy\n|-activate|p1a: Dentist G-Ram|ability: Protosynthesis|[fromitem]\n|-start|p1a: Dentist G-Ram|protosynthesisatk\n|move|p2a: Grimmsnarl|Taunt|p1a: Dentist G-Ram\n|-start|p1a: Dentist G-Ram|move: Taunt\n|\n|upkeep\n|turn|2\n|\n|t:|1700786627\n|move|p2a: Grimmsnarl|Reflect|p2a: Grimmsnarl\n|-sidestart|p2: SpasDeUzi|Reflect\n|move|p1a: Dentist G-Ram|Rapid Spin|p2a: Grimmsnarl\n|-damage|p2a: Grimmsnarl|86\/100\n|-boost|p1a: Dentist G-Ram|spe|1\n|\n|upkeep\n|turn|3\n|\n|t:|1700786655\n|move|p2a: Grimmsnarl|Parting Shot|p1a: Dentist G-Ram\n|-unboost|p1a: Dentist G-Ram|atk|1\n|-unboost|p1a: Dentist G-Ram|spa|1\n|\n|t:|1700786656\n|switch|p2a: Gyarados|Gyarados, F|100\/100|[from] Parting Shot\n|move|p1a: Dentist G-Ram|Headlong Rush|p2a: Gyarados\n|-immune|p2a: Gyarados\n|\n|-end|p1a: Dentist G-Ram|move: Taunt\n|upkeep\n|turn|4\n|\n|t:|1700786675\n|move|p1a: Dentist G-Ram|Ice Spinner|p2a: Gyarados\n|-damage|p2a: Gyarados|85\/100\n|move|p2a: Gyarados|Dragon Dance|p2a: Gyarados\n|-boost|p2a: Gyarados|atk|1\n|-boost|p2a: Gyarados|spe|1\n|\n|upkeep\n|turn|5\n|\n|t:|1700786697\n|-end|p1a: Dentist G-Ram|Protosynthesis|[silent]\n|switch|p1a: Vicodi\u00f1o|Vikavolt, M|100\/100\n|move|p2a: Gyarados|Waterfall|p1a: Vicodi\u00f1o\n|-damage|p1a: Vicodi\u00f1o|28\/100\n|\n|upkeep\n|turn|6\n|inactive|Nwar has 120 seconds left.\n|\n|t:|1700786727\n|move|p2a: Gyarados|Scale Shot|p1a: Vicodi\u00f1o\n|-damage|p1a: Vicodi\u00f1o|14\/100\n|-damage|p1a: Vicodi\u00f1o|0 fnt\n|faint|p1a: Vicodi\u00f1o\n|-ability|p2a: Gyarados|Moxie|boost\n|-boost|p2a: Gyarados|atk|1\n|-hitcount|p1: Vicodi\u00f1o|2\n|-unboost|p2a: Gyarados|def|1\n|-boost|p2a: Gyarados|spe|1\n|\n|upkeep\n|inactive|Nwar has 90 seconds left.\n|\n|t:|1700786757\n|switch|p1a: Sinistcha|Sinistcha|100\/100\n|turn|7\n|\n|t:|1700786761\n|move|p2a: Gyarados|Scale Shot|p1a: Sinistcha\n|-damage|p1a: Sinistcha|88\/100\n|-damage|p1a: Sinistcha|74\/100\n|-damage|p1a: Sinistcha|62\/100\n|-damage|p1a: Sinistcha|48\/100\n|-damage|p1a: Sinistcha|34\/100\n|-hitcount|p1a: Sinistcha|5\n|-unboost|p2a: Gyarados|def|1\n|-boost|p2a: Gyarados|spe|1\n|move|p1a: Sinistcha|Strength Sap|p2a: Gyarados\n|-unboost|p2a: Gyarados|atk|1\n|-heal|p1a: Sinistcha|100\/100\n|\n|upkeep\n|turn|8\n|inactive|Nwar has 90 seconds left.\n|\n|t:|1700786780\n|move|p2a: Gyarados|Dragon Dance|p2a: Gyarados\n|-boost|p2a: Gyarados|atk|1\n|-boost|p2a: Gyarados|spe|1\n|move|p1a: Sinistcha|Strength Sap|p2a: Gyarados\n|-unboost|p2a: Gyarados|atk|1\n|\n|upkeep\n|turn|9\n|\n|t:|1700786787\n|switch|p2a: Garchomp|Garchomp, M, shiny|100\/100\n|move|p1a: Sinistcha|Strength Sap|p2a: Garchomp\n|-unboost|p2a: Garchomp|atk|1\n|\n|-sideend|p2: SpasDeUzi|Reflect\n|upkeep\n|turn|10\n|\n|t:|1700786797\n|move|p2a: Garchomp|Poison Jab|p1a: Sinistcha\n|-damage|p1a: Sinistcha|90\/100\n|move|p1a: Sinistcha|Calm Mind|p1a: Sinistcha\n|-boost|p1a: Sinistcha|spa|1\n|-boost|p1a: Sinistcha|spd|1\n|\n|-heal|p1a: Sinistcha|96\/100|[from] item: Leftovers\n|upkeep\n|turn|11\n|\n|t:|1700786806\n|switch|p2a: Grimmsnarl|Grimmsnarl, M, shiny|86\/100\n|-terastallize|p1a: Sinistcha|Steel\n|move|p1a: Sinistcha|Strength Sap|p2a: Grimmsnarl\n|-unboost|p2a: Grimmsnarl|atk|1\n|-heal|p1a: Sinistcha|100\/100\n|\n|upkeep\n|turn|12\n|\n|t:|1700786815\n|move|p2a: Grimmsnarl|Taunt|p1a: Sinistcha\n|-start|p1a: Sinistcha|move: Taunt\n|cant|p1a: Sinistcha|move: Taunt|Calm Mind\n|\n|upkeep\n|turn|13\n|\n|t:|1700786826\n|move|p2a: Grimmsnarl|Reflect|p2a: Grimmsnarl\n|-sidestart|p2: SpasDeUzi|Reflect\n|move|p1a: Sinistcha|Matcha Gotcha|p2a: Grimmsnarl|[miss]\n|-miss|p1a: Sinistcha|p2a: Grimmsnarl\n|\n|upkeep\n|turn|14\n|inactive|Nwar has 120 seconds left.\n|\n|t:|1700786838\n|move|p2a: Grimmsnarl|Light Screen|p2a: Grimmsnarl\n|-sidestart|p2: SpasDeUzi|move: Light Screen\n|move|p1a: Sinistcha|Matcha Gotcha|p2a: Grimmsnarl\n|-damage|p2a: Grimmsnarl|68\/100\n|\n|-end|p1a: Sinistcha|move: Taunt\n|upkeep\n|turn|15\n|inactive|Nwar has 120 seconds left.\n|inactive|SpasDeUzi has 120 seconds left.\n|\n|t:|1700786877\n|move|p2a: Grimmsnarl|Parting Shot|p1a: Sinistcha\n|-unboost|p1a: Sinistcha|atk|1\n|-unboost|p1a: Sinistcha|spa|1\n|inactive|SpasDeUzi has 90 seconds left.\n|\n|t:|1700786909\n|switch|p2a: Iron Valiant|Iron Valiant|100\/100|[from] Parting Shot\n|-enditem|p2a: Iron Valiant|Booster Energy\n|-activate|p2a: Iron Valiant|ability: Quark Drive|[fromitem]\n|-start|p2a: Iron Valiant|quarkdrivespe\n|move|p1a: Sinistcha|Shadow Ball|p2a: Iron Valiant\n|-damage|p2a: Iron Valiant|74\/100\n|\n|upkeep\n|turn|16\n|inactive|Nwar has 120 seconds left.\n|\n|t:|1700786929\n|move|p2a: Iron Valiant|Calm Mind|p2a: Iron Valiant\n|-boost|p2a: Iron Valiant|spa|1\n|-boost|p2a: Iron Valiant|spd|1\n|move|p1a: Sinistcha|Matcha Gotcha|p2a: Iron Valiant|[miss]\n|-miss|p1a: Sinistcha|p2a: Iron Valiant\n|\n|upkeep\n|turn|17\n|\n|t:|1700786949\n|move|p2a: Iron Valiant|Calm Mind|p2a: Iron Valiant\n|-boost|p2a: Iron Valiant|spa|1\n|-boost|p2a: Iron Valiant|spd|1\n|move|p1a: Sinistcha|Calm Mind|p1a: Sinistcha\n|-boost|p1a: Sinistcha|spa|1\n|-boost|p1a: Sinistcha|spd|1\n|\n|upkeep\n|turn|18\n|\n|t:|1700786957\n|move|p2a: Iron Valiant|Aura Sphere|p1a: Sinistcha\n|-supereffective|p1a: Sinistcha\n|-damage|p1a: Sinistcha|0 fnt\n|faint|p1a: Sinistcha\n|\n|upkeep\n|\n|t:|1700786966\n|switch|p1a: Pink Flyday|Enamorus, F, shiny|100\/100\n|turn|19\n|\n|t:|1700786971\n|-terastallize|p2a: Iron Valiant|Psychic\n|move|p2a: Iron Valiant|Psyshock|p1a: Pink Flyday\n|-damage|p1a: Pink Flyday|0 fnt\n|faint|p1a: Pink Flyday\n|\n|upkeep\n|\n|t:|1700786979\n|switch|p1a: Both Baby|Iron Moth|100\/100\n|-enditem|p1a: Both Baby|Booster Energy\n|-activate|p1a: Both Baby|ability: Quark Drive|[fromitem]\n|-start|p1a: Both Baby|quarkdrivespe\n|turn|20\n|\n|t:|1700786986\n|move|p2a: Iron Valiant|Psyshock|p1a: Both Baby\n|-supereffective|p1a: Both Baby\n|-damage|p1a: Both Baby|0 fnt\n|faint|p1a: Both Baby\n|-end|p1a: Both Baby|Quark Drive|[silent]\n|\n|-sideend|p2: SpasDeUzi|Reflect\n|upkeep\n|-message|Nwar forfeited.\n|\n|win|SpasDeUzi\n|raw|Nwar's rating: 1218 &rarr; <strong>1189<\/strong><br \/>(-29 for losing)\n|raw|SpasDeUzi's rating: 1158 &rarr; <strong>1187<\/strong><br \/>(+29 for winning)\n|l|\u2606Nwar\n","uploadtime":1700787011,"views":11,"p1id":"nwar","p2id":"spasdeuzi","formatid":"gen9ou","rating":1187,"private":0,"password":""}