{"id":"gen9ou-1988237377","p1":"har0tt","p2":"1owercase","format":"[Gen 9] OU","log":"|j|\u2606har0tt\n|j|\u26061owercase\n|t:|1699691593\n|gametype|singles\n|player|p1|har0tt|ghetsis-gen5bw|1795\n|player|p2|1owercase|flannery|1794\n|teamsize|p1|6\n|teamsize|p2|6\n|gen|9\n|tier|[Gen 9] OU\n|rated|\n|rule|Sleep Clause Mod: Limit one foe put to sleep\n|rule|Species Clause: Limit one of each Pok\u00e9mon\n|rule|OHKO Clause: OHKO moves are banned\n|rule|Evasion Items Clause: Evasion items are banned\n|rule|Evasion Moves Clause: Evasion moves are banned\n|rule|Endless Battle Clause: Forcing endless battles is banned\n|rule|HP Percentage Mod: HP is shown in percentages\n|clearpoke\n|poke|p1|Pelipper, M|\n|poke|p1|Volcanion|\n|poke|p1|Barraskewda, M|\n|poke|p1|Zapdos|\n|poke|p1|Corviknight, F|\n|poke|p1|Tornadus-Therian, M|\n|poke|p2|Kingambit, F|\n|poke|p2|Glimmora, M|\n|poke|p2|Sandy Shocks|\n|poke|p2|Quaquaval, F|\n|poke|p2|Enamorus, F|\n|poke|p2|Sinistcha|\n|teampreview\n|inactive|Battle timer is ON: inactive players will automatically lose when time's up. (requested by har0tt)\n|j| MarburgCOVEbola\n|\n|t:|1699691607\n|start\n|switch|p1a: my besto friendo|Tornadus-Therian, M|100\/100\n|switch|p2a: Sandy Shocks|Sandy Shocks|100\/100\n|turn|1\n|\n|t:|1699691610\n|move|p2a: Sandy Shocks|Volt Switch|p1a: my besto friendo\n|-supereffective|p1a: my besto friendo\n|-damage|p1a: my besto friendo|63\/100\n|\n|t:|1699691614\n|-end|p2a: Sandy Shocks|Protosynthesis|[silent]\n|switch|p2a: Glimmora|Glimmora, M|100\/100|[from] Volt Switch\n|move|p1a: my besto friendo|Knock Off|p2a: Glimmora\n|-damage|p2a: Glimmora|78\/100\n|-activate|p2a: Glimmora|ability: Toxic Debris\n|-sidestart|p1: har0tt|move: Toxic Spikes\n|-enditem|p2a: Glimmora|Red Card|[from] move: Knock Off|[of] p1a: my besto friendo\n|\n|upkeep\n|turn|2\n|c| MarburgCOVEbola|cool team\n|\n|t:|1699691639\n|switch|p1a: rodrigo de paul|Corviknight, F|100\/100\n|-ability|p1a: rodrigo de paul|Pressure\n|move|p2a: Glimmora|Power Gem|p1a: rodrigo de paul\n|-damage|p1a: rodrigo de paul|57\/100\n|\n|upkeep\n|turn|3\n|\n|t:|1699691644\n|switch|p2a: Sandy Shocks|Sandy Shocks|100\/100\n|move|p1a: rodrigo de paul|Roost|p1a: rodrigo de paul\n|-heal|p1a: rodrigo de paul|100\/100\n|-singleturn|p1a: rodrigo de paul|move: Roost\n|\n|upkeep\n|turn|4\n|\n|t:|1699691649\n|switch|p1a: my besto friendo|Tornadus-Therian, M|97\/100\n|move|p2a: Sandy Shocks|Volt Switch|p1a: my besto friendo\n|-supereffective|p1a: my besto friendo\n|-damage|p1a: my besto friendo|60\/100\n|\n|t:|1699691654\n|-end|p2a: Sandy Shocks|Protosynthesis|[silent]\n|switch|p2a: Glimmora|Glimmora, M|78\/100|[from] Volt Switch\n|\n|upkeep\n|turn|5\n|c| MarburgCOVEbola|AV?\n|\n|t:|1699691660\n|-terastallize|p1a: my besto friendo|Steel\n|move|p1a: my besto friendo|Knock Off|p2a: Glimmora\n|-damage|p2a: Glimmora|64\/100\n|-activate|p2a: Glimmora|ability: Toxic Debris\n|-sidestart|p1: har0tt|move: Toxic Spikes\n|move|p2a: Glimmora|Power Gem|p1a: my besto friendo\n|-resisted|p1a: my besto friendo\n|-damage|p1a: my besto friendo|48\/100\n|\n|upkeep\n|turn|6\n|\n|t:|1699691664\n|move|p1a: my besto friendo|U-turn|p2a: Glimmora\n|-resisted|p2a: Glimmora\n|-damage|p2a: Glimmora|56\/100\n|\n|t:|1699691666\n|switch|p1a: rodrigo de paul|Corviknight, F|100\/100|[from] U-turn\n|-ability|p1a: rodrigo de paul|Pressure\n|move|p2a: Glimmora|Earth Power|p1a: rodrigo de paul\n|-immune|p1a: rodrigo de paul\n|\n|upkeep\n|turn|7\n|j| taw\n|\n|t:|1699691670\n|move|p2a: Glimmora|Power Gem|p1a: rodrigo de paul\n|-damage|p1a: rodrigo de paul|59\/100\n|move|p1a: rodrigo de paul|Defog|p2a: Glimmora\n|-unboost|p2a: Glimmora|evasion|1\n|-sideend|p1: har0tt|Toxic Spikes|[from] move: Defog|[of] p1a: rodrigo de paul\n|\n|upkeep\n|turn|8\n|\n|t:|1699691673\n|move|p2a: Glimmora|Power Gem|p1a: rodrigo de paul\n|-damage|p1a: rodrigo de paul|16\/100\n|move|p1a: rodrigo de paul|U-turn|p2a: Glimmora\n|-resisted|p2a: Glimmora\n|-damage|p2a: Glimmora|49\/100\n|-activate|p2a: Glimmora|ability: Toxic Debris\n|-sidestart|p1: har0tt|move: Toxic Spikes\n|\n|t:|1699691676\n|switch|p1a: taser|Zapdos|100\/100|[from] U-turn\n|\n|upkeep\n|turn|9\n|\n|t:|1699691686\n|move|p1a: taser|Volt Switch|p2a: Glimmora\n|-damage|p2a: Glimmora|0 fnt\n|faint|p2a: Glimmora\n|\n|t:|1699691688\n|switch|p1a: bi-curious|Pelipper, M, shiny|100\/100|[from] Volt Switch\n|-weather|RainDance|[from] ability: Drizzle|[of] p1a: bi-curious\n|\n|-weather|RainDance|[upkeep]\n|upkeep\n|\n|t:|1699691690\n|switch|p2a: Sandy Shocks|Sandy Shocks|100\/100\n|turn|10\n|\n|t:|1699691693\n|switch|p1a: my besto friendo|Tornadus-Therian, M, tera:Steel|81\/100\n|move|p2a: Sandy Shocks|Volt Switch|p1a: my besto friendo\n|-damage|p1a: my besto friendo|64\/100\n|\n|t:|1699691704\n|-end|p2a: Sandy Shocks|Protosynthesis|[silent]\n|switch|p2a: Quaquaval|Quaquaval, F|100\/100|[from] Volt Switch\n|\n|-weather|RainDance|[upkeep]\n|upkeep\n|turn|11\n|\n|t:|1699691709\n|switch|p1a: taser|Zapdos|100\/100\n|move|p2a: Quaquaval|Knock Off|p1a: taser\n|-damage|p1a: taser|71\/100\n|-status|p2a: Quaquaval|par|[from] ability: Static|[of] p1a: taser\n|-enditem|p1a: taser|Choice Scarf|[from] move: Knock Off|[of] p2a: Quaquaval\n|\n|-weather|RainDance|[upkeep]\n|upkeep\n|turn|12\n|\n|t:|1699691714\n|switch|p2a: Kingambit|Kingambit, F|100\/100\n|-activate|p2a: Kingambit|ability: Supreme Overlord\n|-start|p2a: Kingambit|fallen1|[silent]\n|move|p1a: taser|Weather Ball|p2a: Kingambit\n|-damage|p2a: Kingambit|45\/100\n|\n|-weather|RainDance|[upkeep]\n|-heal|p2a: Kingambit|51\/100|[from] item: Leftovers\n|upkeep\n|turn|13\n|\n|t:|1699691719\n|-end|p2a: Kingambit|fallen1|[silent]\n|switch|p2a: Quaquaval|Quaquaval, F|100\/100 par\n|move|p1a: taser|Volt Switch|p2a: Quaquaval\n|-supereffective|p2a: Quaquaval\n|-damage|p2a: Quaquaval|31\/100 par\n|\n|t:|1699691721\n|switch|p1a: dont mute me mods|Barraskewda, M, shiny|100\/100|[from] Volt Switch\n|-status|p1a: dont mute me mods|psn\n|\n|-weather|RainDance|[upkeep]\n|-damage|p1a: dont mute me mods|88\/100 psn|[from] psn\n|upkeep\n|turn|14\n|\n|t:|1699691724\n|move|p1a: dont mute me mods|Flip Turn|p2a: Quaquaval\n|-resisted|p2a: Quaquaval\n|-damage|p2a: Quaquaval|0 fnt\n|faint|p2a: Quaquaval\n|\n|t:|1699691727\n|switch|p1a: taser|Zapdos|71\/100|[from] Flip Turn\n|\n|-weather|RainDance|[upkeep]\n|upkeep\n|j| DR NEFARIO MD\n|\n|t:|1699691737\n|switch|p2a: Sandy Shocks|Sandy Shocks|100\/100\n|turn|15\n|\n|t:|1699691740\n|move|p2a: Sandy Shocks|Volt Switch|p1a: taser\n|-damage|p1a: taser|30\/100\n|\n|t:|1699691745\n|-end|p2a: Sandy Shocks|Protosynthesis|[silent]\n|switch|p2a: Kingambit|Kingambit, F|51\/100|[from] Volt Switch\n|-activate|p2a: Kingambit|ability: Supreme Overlord\n|-start|p2a: Kingambit|fallen2|[silent]\n|move|p1a: taser|Weather Ball|p2a: Kingambit\n|-damage|p2a: Kingambit|0 fnt\n|faint|p2a: Kingambit\n|-end|p2a: Kingambit|fallen2|[silent]\n|\n|-weather|RainDance|[upkeep]\n|upkeep\n|\n|t:|1699691747\n|switch|p2a: Enamorus|Enamorus, F|100\/100\n|turn|16\n|\n|t:|1699691749\n|move|p2a: Enamorus|Moonblast|p1a: taser\n|-damage|p1a: taser|0 fnt\n|faint|p1a: taser\n|\n|-weather|none\n|upkeep\n|\n|t:|1699691757\n|switch|p1a: my besto friendo|Tornadus-Therian, M, tera:Steel|97\/100\n|turn|17\n|\n|t:|1699691764\n|move|p2a: Enamorus|Mystical Fire|p1a: my besto friendo\n|-supereffective|p1a: my besto friendo\n|-damage|p1a: my besto friendo|72\/100\n|-unboost|p1a: my besto friendo|spa|1\n|move|p1a: my besto friendo|Knock Off|p2a: Enamorus\n|-resisted|p2a: Enamorus\n|-damage|p2a: Enamorus|85\/100\n|-enditem|p2a: Enamorus|Leftovers|[from] move: Knock Off|[of] p1a: my besto friendo\n|\n|upkeep\n|turn|18\n|\n|t:|1699691770\n|move|p2a: Enamorus|Substitute|p2a: Enamorus\n|-start|p2a: Enamorus|Substitute\n|-damage|p2a: Enamorus|60\/100\n|move|p1a: my besto friendo|U-turn|p2a: Enamorus\n|-resisted|p2a: Enamorus\n|-activate|p2a: Enamorus|move: Substitute|[damage]\n|\n|t:|1699691772\n|switch|p1a: dont mute me mods|Barraskewda, M, shiny|88\/100 psn|[from] U-turn\n|\n|-damage|p1a: dont mute me mods|75\/100 psn|[from] psn\n|upkeep\n|turn|19\n|\n|t:|1699691775\n|move|p1a: dont mute me mods|Flip Turn|p2a: Enamorus\n|-end|p2a: Enamorus|Substitute\n|\n|t:|1699691777\n|switch|p1a: bi-curious|Pelipper, M, shiny|100\/100|[from] Flip Turn\n|-weather|RainDance|[from] ability: Drizzle|[of] p1a: bi-curious\n|move|p2a: Enamorus|Substitute|p2a: Enamorus\n|-start|p2a: Enamorus|Substitute\n|-damage|p2a: Enamorus|35\/100\n|\n|-weather|RainDance|[upkeep]\n|upkeep\n|turn|20\n|j| bevo\n|\n|t:|1699691779\n|move|p2a: Enamorus|Moonblast|p1a: bi-curious\n|-damage|p1a: bi-curious|26\/100\n|move|p1a: bi-curious|Weather Ball|p2a: Enamorus\n|-end|p2a: Enamorus|Substitute\n|\n|-weather|RainDance|[upkeep]\n|upkeep\n|turn|21\n|\n|t:|1699691786\n|move|p2a: Enamorus|Substitute|p2a: Enamorus\n|-start|p2a: Enamorus|Substitute\n|-damage|p2a: Enamorus|10\/100\n|move|p1a: bi-curious|U-turn|p2a: Enamorus\n|-resisted|p2a: Enamorus\n|-activate|p2a: Enamorus|move: Substitute|[damage]\n|\n|t:|1699691788\n|switch|p1a: dont mute me mods|Barraskewda, M, shiny|75\/100 psn|[from] U-turn\n|\n|-weather|RainDance|[upkeep]\n|-damage|p1a: dont mute me mods|63\/100 psn|[from] psn\n|upkeep\n|turn|22\n|\n|t:|1699691794\n|move|p1a: dont mute me mods|Flip Turn|p2a: Enamorus\n|-end|p2a: Enamorus|Substitute\n|\n|t:|1699691797\n|switch|p1a: rodrigo de paul|Corviknight, F|16\/100|[from] Flip Turn\n|-ability|p1a: rodrigo de paul|Pressure\n|move|p2a: Enamorus|Moonblast|p1a: rodrigo de paul\n|-resisted|p1a: rodrigo de paul\n|-damage|p1a: rodrigo de paul|0 fnt\n|faint|p1a: rodrigo de paul\n|\n|-weather|RainDance|[upkeep]\n|upkeep\n|\n|t:|1699691799\n|switch|p1a: dont mute me mods|Barraskewda, M, shiny|63\/100 psn\n|turn|23\n|\n|t:|1699691805\n|move|p1a: dont mute me mods|Flip Turn|p2a: Enamorus\n|-damage|p2a: Enamorus|0 fnt\n|faint|p2a: Enamorus\n|\n|t:|1699691809\n|switch|p1a: my besto friendo|Tornadus-Therian, M, tera:Steel|100\/100|[from] Flip Turn\n|\n|-weather|RainDance|[upkeep]\n|upkeep\n|j| Shedtailhater\n|\n|t:|1699691817\n|switch|p2a: Sandy Shocks|Sandy Shocks|100\/100\n|turn|24\n|\n|t:|1699691820\n|move|p2a: Sandy Shocks|Earth Power|p1a: my besto friendo\n|-supereffective|p1a: my besto friendo\n|-damage|p1a: my besto friendo|54\/100\n|move|p1a: my besto friendo|U-turn|p2a: Sandy Shocks\n|-damage|p2a: Sandy Shocks|85\/100\n|c| MarburgCOVEbola|so much pressure\n|c| MarburgCOVEbola|gg\n|\n|t:|1699691824\n|switch|p1a: dont mute me mods|Barraskewda, M, shiny|63\/100 psn|[from] U-turn\n|\n|-weather|RainDance|[upkeep]\n|-damage|p1a: dont mute me mods|50\/100 psn|[from] psn\n|upkeep\n|turn|25\n|c|\u2606har0tt|pressure?\n|\n|t:|1699691827\n|-end|p2a: Sandy Shocks|Protosynthesis|[silent]\n|switch|p2a: Sinistcha|Sinistcha|100\/100\n|move|p1a: dont mute me mods|Flip Turn|p2a: Sinistcha\n|-resisted|p2a: Sinistcha\n|-damage|p2a: Sinistcha|75\/100\n|\n|t:|1699691830\n|switch|p1a: UBLAHAHGJAAH|Volcanion|100\/100|[from] Flip Turn\n|-status|p1a: UBLAHAHGJAAH|psn\n|\n|-weather|RainDance|[upkeep]\n|-damage|p1a: UBLAHAHGJAAH|88\/100 psn|[from] psn\n|upkeep\n|turn|26\n|c| MarburgCOVEbola|offensive\n|\n|t:|1699691835\n|-terastallize|p2a: Sinistcha|Water\n|move|p1a: UBLAHAHGJAAH|Steam Eruption|p2a: Sinistcha\n|-resisted|p2a: Sinistcha\n|-damage|p2a: Sinistcha|0 fnt\n|faint|p2a: Sinistcha\n|\n|-weather|none\n|-damage|p1a: UBLAHAHGJAAH|76\/100 psn|[from] psn\n|upkeep\n|c| MarburgCOVEbola|yeah\n|\n|t:|1699691840\n|switch|p2a: Sandy Shocks|Sandy Shocks|85\/100\n|turn|27\n|\n|t:|1699691843\n|switch|p1a: bi-curious|Pelipper, M, shiny|26\/100\n|-weather|RainDance|[from] ability: Drizzle|[of] p1a: bi-curious\n|move|p2a: Sandy Shocks|Volt Switch|p1a: bi-curious\n|-supereffective|p1a: bi-curious\n|-damage|p1a: bi-curious|0 fnt\n|faint|p1a: bi-curious\n|\n|-weather|RainDance|[upkeep]\n|upkeep\n|-message|1owercase forfeited.\n|\n|win|har0tt\n|raw|har0tt's rating: 1795 &rarr; <strong>1815<\/strong><br \/>(+20 for winning)\n|raw|1owercase's rating: 1794 &rarr; <strong>1774<\/strong><br \/>(-20 for losing)\n|l|\u26061owercase\n|c|\u2606har0tt|gg\n|l| Shedtailhater\n","uploadtime":1699691862,"views":22,"p1id":"har0tt","p2id":"1owercase","formatid":"gen9ou","rating":1774,"private":0,"password":""}