{"id":"gen9ou-1995216955","p1":"alt no. 599","p2":"AkieAkie","format":"[Gen 9] OU","log":"|j|\u2606alt no. 599\n|j|\u2606AkieAkie\n|t:|1700535801\n|gametype|singles\n|player|p1|alt no. 599|acetrainersnowf|1539\n|player|p2|AkieAkie|rosa|1626\n|teamsize|p1|6\n|teamsize|p2|6\n|gen|9\n|tier|[Gen 9] OU\n|rated|\n|rule|Sleep Clause Mod: Limit one foe put to sleep\n|rule|Species Clause: Limit one of each Pok\u00e9mon\n|rule|OHKO Clause: OHKO moves are banned\n|rule|Evasion Items Clause: Evasion items are banned\n|rule|Evasion Moves Clause: Evasion moves are banned\n|rule|Endless Battle Clause: Forcing endless battles is banned\n|rule|HP Percentage Mod: HP is shown in percentages\n|clearpoke\n|poke|p1|Landorus-Therian, M|\n|poke|p1|Moltres|\n|poke|p1|Slowking-Galar, M|\n|poke|p1|Ogerpon-Wellspring, F|\n|poke|p1|Gholdengo|\n|poke|p1|Zamazenta-*|\n|poke|p2|Great Tusk|\n|poke|p2|Kingambit, M|\n|poke|p2|Dragonite, F|\n|poke|p2|Sandy Shocks|\n|poke|p2|Iron Valiant|\n|poke|p2|Gholdengo|\n|teampreview\n|inactive|Battle timer is ON: inactive players will automatically lose when time's up. (requested by AkieAkie)\n|\n|t:|1700535814\n|start\n|switch|p1a: Landorus|Landorus-Therian, M|100\/100\n|switch|p2a: Great Tusk|Great Tusk|100\/100\n|-ability|p1a: Landorus|Intimidate|boost\n|-unboost|p2a: Great Tusk|atk|1\n|turn|1\n|\n|t:|1700535819\n|move|p1a: Landorus|U-turn|p2a: Great Tusk\n|-resisted|p2a: Great Tusk\n|-crit|p2a: Great Tusk\n|-damage|p2a: Great Tusk|89\/100\n|\n|t:|1700535824\n|switch|p1a: Moltres|Moltres|100\/100|[from] U-turn\n|move|p2a: Great Tusk|Bulk Up|p2a: Great Tusk\n|-boost|p2a: Great Tusk|atk|1\n|-boost|p2a: Great Tusk|def|1\n|\n|-heal|p2a: Great Tusk|95\/100|[from] item: Leftovers\n|upkeep\n|turn|2\n|\n|t:|1700535832\n|-end|p2a: Great Tusk|Protosynthesis|[silent]\n|switch|p2a: Sandy Shocks|Sandy Shocks|100\/100\n|-enditem|p2a: Sandy Shocks|Booster Energy\n|-activate|p2a: Sandy Shocks|ability: Protosynthesis|[fromitem]\n|-start|p2a: Sandy Shocks|protosynthesisspe\n|move|p1a: Moltres|Will-O-Wisp|p2a: Sandy Shocks\n|-status|p2a: Sandy Shocks|brn\n|\n|-damage|p2a: Sandy Shocks|94\/100 brn|[from] brn\n|upkeep\n|turn|3\n|\n|t:|1700535839\n|switch|p1a: Landorus|Landorus-Therian, M|100\/100\n|-ability|p1a: Landorus|Intimidate|boost\n|-unboost|p2a: Sandy Shocks|atk|1\n|move|p2a: Sandy Shocks|Stealth Rock|p1a: Landorus\n|-sidestart|p1: alt no. 599|move: Stealth Rock\n|\n|-damage|p2a: Sandy Shocks|88\/100 brn|[from] brn\n|upkeep\n|turn|4\n|\n|t:|1700535842\n|-terastallize|p2a: Sandy Shocks|Ice\n|move|p2a: Sandy Shocks|Tera Blast|p1a: Landorus|[anim] Tera Blast Ice\n|-supereffective|p1a: Landorus\n|-damage|p1a: Landorus|0 fnt\n|faint|p1a: Landorus\n|\n|-damage|p2a: Sandy Shocks|82\/100 brn|[from] brn\n|upkeep\n|\n|t:|1700535849\n|switch|p1a: Ogerpon|Ogerpon-Wellspring, F|100\/100\n|-damage|p1a: Ogerpon|88\/100|[from] Stealth Rock\n|turn|5\n|\n|t:|1700535853\n|move|p2a: Sandy Shocks|Thunderbolt|p1a: Ogerpon\n|-damage|p1a: Ogerpon|34\/100\n|move|p1a: Ogerpon|Ivy Cudgel|p2a: Sandy Shocks|[anim] Ivy Cudgel Water\n|-damage|p2a: Sandy Shocks|13\/100 brn\n|\n|-damage|p2a: Sandy Shocks|7\/100 brn|[from] brn\n|upkeep\n|turn|6\n|\n|t:|1700535862\n|move|p2a: Sandy Shocks|Thunderbolt|p1a: Ogerpon\n|-damage|p1a: Ogerpon|0 fnt\n|faint|p1a: Ogerpon\n|\n|-damage|p2a: Sandy Shocks|1\/100 brn|[from] brn\n|upkeep\n|\n|t:|1700535864\n|switch|p1a: Slowking|Slowking-Galar, M|100\/100\n|turn|7\n|\n|t:|1700535868\n|move|p2a: Sandy Shocks|Earth Power|p1a: Slowking\n|-supereffective|p1a: Slowking\n|-damage|p1a: Slowking|47\/100\n|move|p1a: Slowking|Chilly Reception|p1a: Slowking\n|-weather|Snow\n|\n|t:|1700535876\n|switch|p1a: Moltres|Moltres|100\/100|[from] Chilly Reception\n|\n|-weather|Snow|[upkeep]\n|-damage|p2a: Sandy Shocks|0 fnt|[from] brn\n|faint|p2a: Sandy Shocks\n|-end|p2a: Sandy Shocks|Protosynthesis|[silent]\n|upkeep\n|\n|t:|1700535892\n|switch|p2a: Gholdengo|Gholdengo|100\/100\n|-item|p2a: Gholdengo|Air Balloon\n|turn|8\n|\n|t:|1700535896\n|move|p2a: Gholdengo|Shadow Ball|p1a: Moltres\n|-damage|p1a: Moltres|60\/100\n|move|p1a: Moltres|Flamethrower|p2a: Gholdengo\n|-supereffective|p2a: Gholdengo\n|-damage|p2a: Gholdengo|20\/100\n|-enditem|p2a: Gholdengo|Air Balloon\n|\n|-weather|Snow|[upkeep]\n|upkeep\n|turn|9\n|\n|t:|1700535904\n|switch|p1a: Zamazenta|Zamazenta|100\/100\n|-ability|p1a: Zamazenta|Dauntless Shield|boost\n|-boost|p1a: Zamazenta|def|1\n|move|p2a: Gholdengo|Shadow Ball|p1a: Zamazenta\n|-damage|p1a: Zamazenta|60\/100\n|\n|-weather|Snow|[upkeep]\n|upkeep\n|turn|10\n|\n|t:|1700535908\n|move|p1a: Zamazenta|Crunch|p2a: Gholdengo\n|-supereffective|p2a: Gholdengo\n|-damage|p2a: Gholdengo|0 fnt\n|faint|p2a: Gholdengo\n|\n|-weather|Snow|[upkeep]\n|upkeep\n|\n|t:|1700535910\n|switch|p2a: Iron Valiant|Iron Valiant|100\/100\n|-enditem|p2a: Iron Valiant|Booster Energy\n|-activate|p2a: Iron Valiant|ability: Quark Drive|[fromitem]\n|-start|p2a: Iron Valiant|quarkdrivespe\n|turn|11\n|\n|t:|1700535913\n|-terastallize|p1a: Zamazenta|Steel\n|move|p2a: Iron Valiant|Moonblast|p1a: Zamazenta\n|-resisted|p1a: Zamazenta\n|-damage|p1a: Zamazenta|37\/100\n|move|p1a: Zamazenta|Heavy Slam|p2a: Iron Valiant\n|-supereffective|p2a: Iron Valiant\n|-damage|p2a: Iron Valiant|0 fnt\n|faint|p2a: Iron Valiant\n|-end|p2a: Iron Valiant|Quark Drive|[silent]\n|\n|-weather|none\n|upkeep\n|\n|t:|1700535919\n|switch|p2a: Great Tusk|Great Tusk|95\/100\n|turn|12\n|\n|t:|1700535924\n|switch|p1a: Moltres|Moltres|60\/100\n|move|p2a: Great Tusk|Ice Spinner|p1a: Moltres\n|-damage|p1a: Moltres|37\/100\n|\n|-heal|p2a: Great Tusk|100\/100|[from] item: Leftovers\n|upkeep\n|turn|13\n|\n|t:|1700535927\n|move|p1a: Moltres|Roost|p1a: Moltres\n|-heal|p1a: Moltres|87\/100\n|-singleturn|p1a: Moltres|move: Roost\n|move|p2a: Great Tusk|Ice Spinner|p1a: Moltres\n|-resisted|p1a: Moltres\n|-crit|p1a: Moltres\n|-damage|p1a: Moltres|70\/100\n|-status|p2a: Great Tusk|brn|[from] ability: Flame Body|[of] p1a: Moltres\n|\n|-damage|p2a: Great Tusk|94\/100 brn|[from] brn\n|upkeep\n|turn|14\n|\n|t:|1700535931\n|move|p1a: Moltres|Flamethrower|p2a: Great Tusk\n|-damage|p2a: Great Tusk|45\/100 brn\n|move|p2a: Great Tusk|Bulk Up|p2a: Great Tusk\n|-boost|p2a: Great Tusk|atk|1\n|-boost|p2a: Great Tusk|def|1\n|\n|-heal|p2a: Great Tusk|51\/100 brn|[from] item: Leftovers\n|-damage|p2a: Great Tusk|45\/100 brn|[from] brn\n|upkeep\n|turn|15\n|\n|t:|1700535934\n|move|p1a: Moltres|Flamethrower|p2a: Great Tusk\n|-damage|p2a: Great Tusk|0 fnt\n|faint|p2a: Great Tusk\n|-end|p2a: Great Tusk|Protosynthesis|[silent]\n|\n|upkeep\n|\n|t:|1700535937\n|switch|p2a: Dragonite|Dragonite, F|100\/100\n|turn|16\n|\n|t:|1700535941\n|move|p2a: Dragonite|Dragon Dance|p2a: Dragonite\n|-boost|p2a: Dragonite|atk|1\n|-boost|p2a: Dragonite|spe|1\n|move|p1a: Moltres|Will-O-Wisp|p2a: Dragonite\n|-status|p2a: Dragonite|brn\n|\n|-damage|p2a: Dragonite|94\/100 brn|[from] brn\n|upkeep\n|turn|17\n|\n|t:|1700535948\n|switch|p1a: Slowking|Slowking-Galar, M|80\/100\n|move|p2a: Dragonite|Dragon Dance|p2a: Dragonite\n|-boost|p2a: Dragonite|atk|1\n|-boost|p2a: Dragonite|spe|1\n|\n|-damage|p2a: Dragonite|88\/100 brn|[from] brn\n|upkeep\n|turn|18\n|\n|t:|1700535951\n|move|p2a: Dragonite|Earthquake|p1a: Slowking\n|-supereffective|p1a: Slowking\n|-damage|p1a: Slowking|4\/100\n|move|p1a: Slowking|Ice Beam|p2a: Dragonite\n|-supereffective|p2a: Dragonite\n|-damage|p2a: Dragonite|8\/100 brn\n|\n|-damage|p2a: Dragonite|2\/100 brn|[from] brn\n|upkeep\n|turn|19\n|\n|t:|1700535957\n|move|p2a: Dragonite|Extreme Speed|p1a: Slowking\n|-damage|p1a: Slowking|0 fnt\n|faint|p1a: Slowking\n|\n|-damage|p2a: Dragonite|0 fnt|[from] brn\n|faint|p2a: Dragonite\n|upkeep\n|\n|t:|1700535966\n|switch|p2a: Kingambit|Kingambit, M|100\/100\n|switch|p1a: Zamazenta|Zamazenta, tera:Steel|37\/100\n|-activate|p2a: Kingambit|ability: Supreme Overlord\n|-start|p2a: Kingambit|fallen5|[silent]\n|turn|20\n|\n|t:|1700535969\n|move|p2a: Kingambit|Sucker Punch|p1a: Zamazenta\n|-damage|p1a: Zamazenta|0 fnt\n|faint|p1a: Zamazenta\n|\n|upkeep\n|\n|t:|1700535971\n|switch|p1a: Moltres|Moltres|70\/100\n|turn|21\n|\n|t:|1700535973\n|move|p1a: Moltres|Will-O-Wisp|p2a: Kingambit\n|-status|p2a: Kingambit|brn\n|move|p2a: Kingambit|Swords Dance|p2a: Kingambit\n|-boost|p2a: Kingambit|atk|2\n|\n|-damage|p2a: Kingambit|94\/100 brn|[from] brn\n|upkeep\n|turn|22\n|\n|t:|1700535976\n|move|p1a: Moltres|Flamethrower|p2a: Kingambit\n|-supereffective|p2a: Kingambit\n|-damage|p2a: Kingambit|18\/100 brn\n|move|p2a: Kingambit|Swords Dance|p2a: Kingambit\n|-boost|p2a: Kingambit|atk|2\n|\n|-damage|p2a: Kingambit|12\/100 brn|[from] brn\n|upkeep\n|turn|23\n|\n|t:|1700535982\n|move|p1a: Moltres|Roost|p1a: Moltres\n|-heal|p1a: Moltres|100\/100\n|-singleturn|p1a: Moltres|move: Roost\n|move|p2a: Kingambit|Kowtow Cleave|p1a: Moltres\n|-damage|p1a: Moltres|12\/100\n|\n|-damage|p2a: Kingambit|6\/100 brn|[from] brn\n|upkeep\n|turn|24\n|\n|t:|1700535987\n|switch|p1a: Gholdengo|Gholdengo|100\/100\n|-damage|p1a: Gholdengo|94\/100|[from] Stealth Rock\n|move|p2a: Kingambit|Kowtow Cleave|p1a: Gholdengo\n|-supereffective|p1a: Gholdengo\n|-damage|p1a: Gholdengo|0 fnt\n|faint|p1a: Gholdengo\n|\n|-damage|p2a: Kingambit|0 fnt|[from] brn\n|faint|p2a: Kingambit\n|-end|p2a: Kingambit|fallen5|[silent]\n|\n|win|alt no. 599\n|upkeep\n|raw|alt no. 599's rating: 1539 &rarr; <strong>1564<\/strong><br \/>(+25 for winning)\n|raw|AkieAkie's rating: 1626 &rarr; <strong>1601<\/strong><br \/>(-25 for losing)\n","uploadtime":1700535991,"views":10,"p1id":"altno599","p2id":"akieakie","formatid":"gen9ou","rating":1564,"private":0,"password":""}