{"id":"gen9ou-1989550501","p1":"Lindow_Red5599","p2":"stalladin","format":"[Gen 9] OU","log":"|j|\u2606Lindow_Red5599\n|j|\u2606stalladin\n|t:|1699869814\n|gametype|singles\n|player|p1|Lindow_Red5599|1|1601\n|player|p2|stalladin|170|1600\n|teamsize|p1|6\n|teamsize|p2|6\n|gen|9\n|tier|[Gen 9] OU\n|rated|\n|rule|Sleep Clause Mod: Limit one foe put to sleep\n|rule|Species Clause: Limit one of each Pok\u00e9mon\n|rule|OHKO Clause: OHKO moves are banned\n|rule|Evasion Items Clause: Evasion items are banned\n|rule|Evasion Moves Clause: Evasion moves are banned\n|rule|Endless Battle Clause: Forcing endless battles is banned\n|rule|HP Percentage Mod: HP is shown in percentages\n|clearpoke\n|poke|p1|Cinderace, M|\n|poke|p1|Enamorus, F|\n|poke|p1|Gholdengo|\n|poke|p1|Dragapult, F|\n|poke|p1|Cresselia, F|\n|poke|p1|Greninja-*, M|\n|poke|p2|Pelipper, M|\n|poke|p2|Barraskewda, F|\n|poke|p2|Vaporeon, M|\n|poke|p2|Great Tusk|\n|poke|p2|Kilowattrel, M|\n|poke|p2|Iron Jugulis|\n|teampreview\n|\n|t:|1699869818\n|start\n|switch|p1a: Dragapult|Dragapult, F|100\/100\n|switch|p2a: Pelipper|Pelipper, M|100\/100\n|-weather|RainDance|[from] ability: Drizzle|[of] p2a: Pelipper\n|turn|1\n|\n|t:|1699869825\n|move|p1a: Dragapult|Draco Meteor|p2a: Pelipper\n|-damage|p2a: Pelipper|0 fnt\n|-unboost|p1a: Dragapult|spa|2\n|faint|p2a: Pelipper\n|\n|-weather|RainDance|[upkeep]\n|upkeep\n|\n|t:|1699869835\n|switch|p2a: Barraskewda|Barraskewda, F|100\/100\n|turn|2\n|j| mew852\n|\n|t:|1699869839\n|-terastallize|p2a: Barraskewda|Water\n|move|p2a: Barraskewda|Flip Turn|p1a: Dragapult\n|-resisted|p1a: Dragapult\n|-damage|p1a: Dragapult|29\/100\n|\n|t:|1699869844\n|switch|p2a: Vaporeon|Vaporeon, M|100\/100|[from] Flip Turn\n|move|p1a: Dragapult|Draco Meteor|p2a: Vaporeon\n|-damage|p2a: Vaporeon|78\/100\n|-unboost|p1a: Dragapult|spa|2\n|\n|-weather|RainDance|[upkeep]\n|-heal|p2a: Vaporeon|84\/100|[from] item: Leftovers\n|upkeep\n|turn|3\n|inactive|Battle timer is ON: inactive players will automatically lose when time's up. (requested by stalladin)\n|\n|t:|1699869851\n|switch|p1a: Cresselia|Cresselia, F|100\/100\n|move|p2a: Vaporeon|Scald|p1a: Cresselia\n|-damage|p1a: Cresselia|71\/100\n|\n|-weather|RainDance|[upkeep]\n|-heal|p1a: Cresselia|77\/100|[from] item: Leftovers\n|-heal|p2a: Vaporeon|90\/100|[from] item: Leftovers\n|upkeep\n|turn|4\n|j| Too Many Caps\n|\n|t:|1699869859\n|move|p1a: Cresselia|Moonlight|p1a: Cresselia\n|-heal|p1a: Cresselia|100\/100\n|move|p2a: Vaporeon|Scald|p1a: Cresselia\n|-damage|p1a: Cresselia|71\/100\n|-status|p1a: Cresselia|brn\n|\n|-weather|RainDance|[upkeep]\n|-heal|p1a: Cresselia|77\/100 brn|[from] item: Leftovers\n|-heal|p2a: Vaporeon|96\/100|[from] item: Leftovers\n|-damage|p1a: Cresselia|71\/100 brn|[from] brn\n|upkeep\n|turn|5\n|\n|t:|1699869863\n|move|p1a: Cresselia|Calm Mind|p1a: Cresselia\n|-boost|p1a: Cresselia|spa|1\n|-boost|p1a: Cresselia|spd|1\n|move|p2a: Vaporeon|Wish|p2a: Vaporeon\n|\n|-weather|RainDance|[upkeep]\n|-heal|p1a: Cresselia|77\/100 brn|[from] item: Leftovers\n|-heal|p2a: Vaporeon|100\/100|[from] item: Leftovers\n|-damage|p1a: Cresselia|71\/100 brn|[from] brn\n|upkeep\n|turn|6\n|\n|t:|1699869867\n|switch|p2a: Barraskewda|Barraskewda, F, tera:Water|100\/100\n|move|p1a: Cresselia|Moonblast|p2a: Barraskewda\n|-damage|p2a: Barraskewda|43\/100\n|\n|-weather|RainDance|[upkeep]\n|-heal|p2a: Barraskewda|100\/100|[from] move: Wish|[wisher] Vaporeon\n|-heal|p1a: Cresselia|77\/100 brn|[from] item: Leftovers\n|-damage|p1a: Cresselia|71\/100 brn|[from] brn\n|upkeep\n|turn|7\n|\n|t:|1699869873\n|move|p2a: Barraskewda|Liquidation|p1a: Cresselia\n|-damage|p1a: Cresselia|0 fnt\n|faint|p1a: Cresselia\n|\n|-weather|RainDance|[upkeep]\n|upkeep\n|\n|t:|1699869880\n|switch|p1a: Gholdengo|Gholdengo|100\/100\n|-item|p1a: Gholdengo|Air Balloon\n|turn|8\n|\n|t:|1699869882\n|move|p2a: Barraskewda|Liquidation|p1a: Gholdengo\n|-damage|p1a: Gholdengo|0 fnt\n|-enditem|p1a: Gholdengo|Air Balloon\n|faint|p1a: Gholdengo\n|\n|-weather|none\n|upkeep\n|\n|t:|1699869888\n|switch|p1a: Dragapult|Dragapult, F|29\/100\n|turn|9\n|\n|t:|1699869892\n|switch|p2a: Kilowattrel|Kilowattrel, M|100\/100\n|move|p1a: Dragapult|Draco Meteor|p2a: Kilowattrel|[miss]\n|-miss|p1a: Dragapult|p2a: Kilowattrel\n|\n|upkeep\n|turn|10\n|\n|t:|1699869896\n|move|p1a: Dragapult|Draco Meteor|p2a: Kilowattrel\n|-damage|p2a: Kilowattrel|0 fnt\n|-unboost|p1a: Dragapult|spa|2\n|faint|p2a: Kilowattrel\n|\n|upkeep\n|\n|t:|1699869899\n|switch|p2a: Vaporeon|Vaporeon, M|100\/100\n|turn|11\n|\n|t:|1699869903\n|switch|p1a: Greninja|Greninja, M|100\/100\n|move|p2a: Vaporeon|Rain Dance|p2a: Vaporeon\n|-weather|RainDance\n|\n|-weather|RainDance|[upkeep]\n|upkeep\n|turn|12\n|\n|t:|1699869907\n|move|p1a: Greninja|U-turn|p2a: Vaporeon\n|-start|p1a: Greninja|typechange|Bug|[from] ability: Protean\n|-damage|p2a: Vaporeon|78\/100\n|\n|t:|1699869912\n|switch|p1a: Dragapult|Dragapult, F|29\/100|[from] U-turn\n|move|p2a: Vaporeon|Scald|p1a: Dragapult\n|-resisted|p1a: Dragapult\n|-damage|p1a: Dragapult|0 fnt\n|faint|p1a: Dragapult\n|\n|-weather|RainDance|[upkeep]\n|-heal|p2a: Vaporeon|84\/100|[from] item: Leftovers\n|upkeep\n|\n|t:|1699869920\n|switch|p1a: Enamorus|Enamorus, F|100\/100\n|turn|13\n|\n|t:|1699869924\n|move|p1a: Enamorus|Superpower|p2a: Vaporeon\n|-damage|p2a: Vaporeon|38\/100\n|-boost|p1a: Enamorus|atk|1\n|-boost|p1a: Enamorus|def|1\n|move|p2a: Vaporeon|Scald|p1a: Enamorus\n|-damage|p1a: Enamorus|39\/100\n|\n|-weather|RainDance|[upkeep]\n|-heal|p1a: Enamorus|45\/100|[from] item: Leftovers\n|-heal|p2a: Vaporeon|44\/100|[from] item: Leftovers\n|upkeep\n|turn|14\n|\n|t:|1699869932\n|move|p1a: Enamorus|Superpower|p2a: Vaporeon\n|-damage|p2a: Vaporeon|0 fnt\n|-boost|p1a: Enamorus|atk|1\n|-boost|p1a: Enamorus|def|1\n|faint|p2a: Vaporeon\n|\n|-weather|RainDance|[upkeep]\n|-heal|p1a: Enamorus|52\/100|[from] item: Leftovers\n|upkeep\n|\n|t:|1699869935\n|switch|p2a: Barraskewda|Barraskewda, F, tera:Water|100\/100\n|turn|15\n|\n|t:|1699869942\n|switch|p1a: Cinderace|Cinderace, M|100\/100\n|move|p2a: Barraskewda|Liquidation|p1a: Cinderace\n|-supereffective|p1a: Cinderace\n|-damage|p1a: Cinderace|0 fnt\n|faint|p1a: Cinderace\n|\n|-weather|none\n|upkeep\n|\n|t:|1699869945\n|switch|p1a: Greninja|Greninja, M|100\/100\n|turn|16\n|\n|t:|1699869949\n|move|p1a: Greninja|Dark Pulse|p2a: Barraskewda\n|-start|p1a: Greninja|typechange|Dark|[from] ability: Protean\n|-damage|p2a: Barraskewda|14\/100\n|move|p2a: Barraskewda|Liquidation|p1a: Greninja\n|-damage|p1a: Greninja|0 fnt\n|faint|p1a: Greninja\n|\n|upkeep\n|\n|t:|1699869955\n|switch|p1a: Enamorus|Enamorus, F|52\/100\n|turn|17\n|\n|t:|1699869958\n|move|p2a: Barraskewda|Liquidation|p1a: Enamorus\n|-damage|p1a: Enamorus|0 fnt\n|faint|p1a: Enamorus\n|\n|win|stalladin\n|raw|Lindow_Red5599's rating: 1601 &rarr; <strong>1581<\/strong><br \/>(-20 for losing)\n|raw|stalladin's rating: 1600 &rarr; <strong>1620<\/strong><br \/>(+20 for winning)\n|l| Too Many Caps\n|l|\u2606stalladin\n|l|\u2606Lindow_Red5599\n","uploadtime":1699871078,"views":7,"p1id":"lindowred5599","p2id":"stalladin","formatid":"gen9ou","rating":1581,"private":0,"password":""}