{"id":"gen9ou-1992892628","p1":"Pokeman033","p2":"Asher12","format":"[Gen 9] OU","log":"|j|\u2606Pokeman033\n|j|\u2606Asher12\n|t:|1700244493\n|gametype|singles\n|player|p1|Pokeman033|blackbelt-gen4dp|1052\n|player|p2|Asher12|ingo|1031\n|teamsize|p1|6\n|teamsize|p2|6\n|gen|9\n|tier|[Gen 9] OU\n|rated|\n|rule|Sleep Clause Mod: Limit one foe put to sleep\n|rule|Species Clause: Limit one of each Pok\u00e9mon\n|rule|OHKO Clause: OHKO moves are banned\n|rule|Evasion Items Clause: Evasion items are banned\n|rule|Evasion Moves Clause: Evasion moves are banned\n|rule|Endless Battle Clause: Forcing endless battles is banned\n|rule|HP Percentage Mod: HP is shown in percentages\n|clearpoke\n|poke|p1|Mabosstiff, M|\n|poke|p1|Garganacl, F|\n|poke|p1|Arcanine-Hisui, M|\n|poke|p1|Clefable, M|\n|poke|p1|Gengar, M|\n|poke|p1|Mamoswine, F|\n|poke|p2|Ogerpon, F|\n|poke|p2|Sneasler, F|\n|poke|p2|Cinderace, F|\n|poke|p2|Greninja-*, M|\n|poke|p2|Iron Valiant|\n|poke|p2|Toxapex, M|\n|teampreview\n|inactive|Battle timer is ON: inactive players will automatically lose when time's up. (requested by Asher12)\n|inactive|Pokeman033 has 120 seconds left.\n|\n|t:|1700244535\n|start\n|switch|p1a: Garganacl|Garganacl, F|100\/100\n|switch|p2a: Cinderace|Cinderace, F|100\/100\n|turn|1\n|\n|t:|1700244551\n|move|p2a: Cinderace|High Jump Kick|p1a: Garganacl\n|-start|p2a: Cinderace|typechange|Fighting|[from] ability: Libero\n|-supereffective|p1a: Garganacl\n|-damage|p1a: Garganacl|23\/100\n|move|p1a: Garganacl|Curse|p1a: Garganacl\n|-unboost|p1a: Garganacl|spe|1\n|-boost|p1a: Garganacl|atk|1\n|-boost|p1a: Garganacl|def|1\n|\n|-heal|p1a: Garganacl|29\/100|[from] item: Leftovers\n|upkeep\n|turn|2\n|\n|t:|1700244561\n|switch|p1a: Gengar|Gengar, M|100\/100\n|move|p2a: Cinderace|High Jump Kick|p1a: Gengar\n|-immune|p1a: Gengar\n|-damage|p2a: Cinderace|51\/100|[from] highjumpkick\n|\n|upkeep\n|turn|3\n|\n|t:|1700244574\n|switch|p1a: Garganacl|Garganacl, F|29\/100\n|move|p2a: Cinderace|Sucker Punch||[still]\n|-fail|p2a: Cinderace\n|\n|-heal|p1a: Garganacl|35\/100|[from] item: Leftovers\n|upkeep\n|turn|4\n|\n|t:|1700244581\n|switch|p1a: Gengar|Gengar, M|100\/100\n|move|p2a: Cinderace|Pyro Ball|p1a: Gengar\n|-damage|p1a: Gengar|27\/100\n|\n|upkeep\n|turn|5\n|\n|t:|1700244589\n|move|p2a: Cinderace|Pyro Ball|p1a: Gengar|[miss]\n|-miss|p2a: Cinderace|p1a: Gengar\n|move|p1a: Gengar|Shadow Ball|p2a: Cinderace\n|-damage|p2a: Cinderace|0 fnt\n|faint|p2a: Cinderace\n|\n|upkeep\n|\n|t:|1700244596\n|switch|p2a: Greninja|Greninja, M|100\/100\n|turn|6\n|\n|t:|1700244611\n|switch|p1a: Mabosstiff|Mabosstiff, M|100\/100\n|move|p2a: Greninja|Dark Pulse|p1a: Mabosstiff\n|-resisted|p1a: Mabosstiff\n|-damage|p1a: Mabosstiff|82\/100\n|\n|upkeep\n|turn|7\n|\n|t:|1700244621\n|move|p2a: Greninja|Ice Beam|p1a: Mabosstiff\n|-damage|p1a: Mabosstiff|56\/100\n|move|p1a: Mabosstiff|Wild Charge|p2a: Greninja\n|-supereffective|p2a: Greninja\n|-damage|p2a: Greninja|2\/100\n|-damage|p1a: Mabosstiff|32\/100|[from] Recoil\n|\n|upkeep\n|turn|8\n|\n|t:|1700244646\n|move|p2a: Greninja|Ice Beam|p1a: Mabosstiff\n|-damage|p1a: Mabosstiff|4\/100\n|move|p1a: Mabosstiff|Crunch|p2a: Greninja\n|-resisted|p2a: Greninja\n|-damage|p2a: Greninja|0 fnt\n|faint|p2a: Greninja\n|\n|upkeep\n|\n|t:|1700244653\n|switch|p2a: Sneasler|Sneasler, F|100\/100\n|turn|9\n|\n|t:|1700244664\n|switch|p1a: Gengar|Gengar, M|27\/100\n|move|p2a: Sneasler|Swords Dance|p2a: Sneasler\n|-boost|p2a: Sneasler|atk|2\n|\n|upkeep\n|turn|10\n|\n|t:|1700244671\n|-terastallize|p2a: Sneasler|Flying\n|move|p1a: Gengar|Haze|p1a: Gengar\n|-clearallboost\n|move|p2a: Sneasler|Acrobatics|p1a: Gengar\n|-damage|p1a: Gengar|0 fnt\n|faint|p1a: Gengar\n|\n|upkeep\n|\n|t:|1700244681\n|switch|p1a: Garganacl|Garganacl, F|35\/100\n|turn|11\n|\n|t:|1700244699\n|move|p2a: Sneasler|Close Combat|p1a: Garganacl\n|-supereffective|p1a: Garganacl\n|-damage|p1a: Garganacl|0 fnt\n|-unboost|p2a: Sneasler|def|1\n|-unboost|p2a: Sneasler|spd|1\n|-enditem|p2a: Sneasler|White Herb\n|-clearnegativeboost|p2a: Sneasler|[silent]\n|faint|p1a: Garganacl\n|\n|upkeep\n|\n|t:|1700244709\n|switch|p1a: Clefable|Clefable, M|100\/100\n|turn|12\n|\n|t:|1700244716\n|move|p2a: Sneasler|Dire Claw|p1a: Clefable\n|-supereffective|p1a: Clefable\n|-damage|p1a: Clefable|0 fnt\n|faint|p1a: Clefable\n|\n|upkeep\n|\n|t:|1700244718\n|switch|p1a: Mamoswine|Mamoswine, F, shiny|100\/100\n|turn|13\n|\n|t:|1700244743\n|-terastallize|p1a: Mamoswine|Grass\n|move|p2a: Sneasler|Close Combat|p1a: Mamoswine\n|-damage|p1a: Mamoswine|28\/100\n|-unboost|p2a: Sneasler|def|1\n|-unboost|p2a: Sneasler|spd|1\n|move|p1a: Mamoswine|Trailblaze|p2a: Sneasler\n|-resisted|p2a: Sneasler\n|-damage|p2a: Sneasler|57\/100\n|-boost|p1a: Mamoswine|spe|1\n|\n|upkeep\n|turn|14\n|\n|t:|1700244757\n|move|p2a: Sneasler|Dire Claw|p1a: Mamoswine\n|-supereffective|p1a: Mamoswine\n|-damage|p1a: Mamoswine|0 fnt\n|faint|p1a: Mamoswine\n|\n|upkeep\n|-message|Pokeman033 forfeited.\n|\n|win|Asher12\n|raw|Pokeman033's rating: 1052 &rarr; <strong>1033<\/strong><br \/>(-19 for losing)\n|raw|Asher12's rating: 1031 &rarr; <strong>1068<\/strong><br \/>(+37 for winning)\n|l|\u2606Pokeman033\n","uploadtime":1700244776,"views":10,"p1id":"pokeman033","p2id":"asher12","formatid":"gen9ou","rating":1033,"private":0,"password":""}