{"id":"gen9ou-1996652737","p1":"we're so barack","p2":"Blop_Le_Slime","format":"[Gen 9] OU","log":"|j|\u2606we're so barack\n|j|\u2606Blop_Le_Slime\n|t:|1700705481\n|gametype|singles\n|player|p1|we're so barack|giovanni|1565\n|player|p2|Blop_Le_Slime|pokemaniac|1660\n|teamsize|p1|6\n|teamsize|p2|6\n|gen|9\n|tier|[Gen 9] OU\n|rated|\n|rule|Sleep Clause Mod: Limit one foe put to sleep\n|rule|Species Clause: Limit one of each Pok\u00e9mon\n|rule|OHKO Clause: OHKO moves are banned\n|rule|Evasion Items Clause: Evasion items are banned\n|rule|Evasion Moves Clause: Evasion moves are banned\n|rule|Endless Battle Clause: Forcing endless battles is banned\n|rule|HP Percentage Mod: HP is shown in percentages\n|clearpoke\n|poke|p1|Ribombee, F|\n|poke|p1|Yanmega, F|\n|poke|p1|Manaphy|\n|poke|p1|Ogerpon-Cornerstone, F|\n|poke|p1|Kingambit, F|\n|poke|p1|Gholdengo|\n|poke|p2|Great Tusk|\n|poke|p2|Dondozo, M|\n|poke|p2|Hatterene, F|\n|poke|p2|Dragapult, M|\n|poke|p2|Mandibuzz, F|\n|poke|p2|Heatran, M|\n|teampreview\n|inactive|Battle timer is ON: inactive players will automatically lose when time's up. (requested by we're so barack)\n|\n|t:|1700705486\n|start\n|switch|p1a: Ribombee|Ribombee, F, shiny|100\/100\n|switch|p2a: Dragapult|Dragapult, M, shiny|100\/100\n|turn|1\n|\n|t:|1700705492\n|move|p2a: Dragapult|U-turn|p1a: Ribombee\n|-resisted|p1a: Ribombee\n|-damage|p1a: Ribombee|85\/100\n|\n|t:|1700705503\n|switch|p2a: Hatterene|Hatterene, F, shiny|100\/100|[from] U-turn\n|move|p1a: Ribombee|Sticky Web|p2a: Hatterene\n|move|p2a: Hatterene|Sticky Web|p1a: Ribombee|[from]ability: Magic Bounce\n|-sidestart|p1: we're so barack|move: Sticky Web\n|\n|upkeep\n|turn|2\n|\n|t:|1700705507\n|move|p1a: Ribombee|Skill Swap|p2a: Hatterene\n|-activate|p1a: Ribombee|move: Skill Swap|Magic Bounce|Shield Dust|[of] p2a: Hatterene\n|move|p2a: Hatterene|Draining Kiss|p1a: Ribombee\n|-damage|p1a: Ribombee|42\/100\n|\n|upkeep\n|turn|3\n|\n|t:|1700705515\n|move|p1a: Ribombee|Sticky Web|p2a: Hatterene\n|-sidestart|p2: Blop_Le_Slime|move: Sticky Web\n|move|p2a: Hatterene|Draining Kiss|p1a: Ribombee\n|-damage|p1a: Ribombee|0 fnt\n|faint|p1a: Ribombee\n|\n|upkeep\n|\n|t:|1700705520\n|switch|p1a: Gholdengo|Gholdengo|100\/100\n|-item|p1a: Gholdengo|Air Balloon\n|turn|4\n|\n|t:|1700705530\n|switch|p2a: Heatran|Heatran, M, shiny|100\/100\n|-activate|p2a: Heatran|move: Sticky Web\n|-unboost|p2a: Heatran|spe|1\n|move|p1a: Gholdengo|Nasty Plot|p1a: Gholdengo\n|-boost|p1a: Gholdengo|spa|2\n|\n|upkeep\n|turn|5\n|\n|t:|1700705543\n|-terastallize|p1a: Gholdengo|Dragon\n|move|p1a: Gholdengo|Nasty Plot|p1a: Gholdengo\n|-boost|p1a: Gholdengo|spa|2\n|move|p2a: Heatran|Magma Storm|p1a: Gholdengo\n|-resisted|p1a: Gholdengo\n|-damage|p1a: Gholdengo|74\/100\n|-activate|p1a: Gholdengo|move: Magma Storm|[of] p2a: Heatran\n|-enditem|p1a: Gholdengo|Air Balloon\n|\n|-damage|p1a: Gholdengo|61\/100|[from] move: Magma Storm|[partiallytrapped]\n|upkeep\n|turn|6\n|\n|t:|1700705553\n|move|p1a: Gholdengo|Shadow Ball|p2a: Heatran\n|-damage|p2a: Heatran|16\/100\n|-unboost|p2a: Heatran|spd|1\n|move|p2a: Heatran|Earth Power|p1a: Gholdengo\n|-damage|p1a: Gholdengo|32\/100\n|\n|-heal|p2a: Heatran|22\/100|[from] item: Leftovers\n|-damage|p1a: Gholdengo|20\/100|[from] move: Magma Storm|[partiallytrapped]\n|upkeep\n|turn|7\n|\n|t:|1700705556\n|move|p2a: Heatran|Protect|p2a: Heatran\n|-singleturn|p2a: Heatran|Protect\n|move|p1a: Gholdengo|Shadow Ball|p2a: Heatran\n|-activate|p2a: Heatran|move: Protect\n|\n|-heal|p2a: Heatran|28\/100|[from] item: Leftovers\n|-damage|p1a: Gholdengo|7\/100|[from] move: Magma Storm|[partiallytrapped]\n|upkeep\n|turn|8\n|\n|t:|1700705559\n|move|p2a: Heatran|Protect||[still]\n|-fail|p2a: Heatran\n|move|p1a: Gholdengo|Shadow Ball|p2a: Heatran\n|-damage|p2a: Heatran|0 fnt\n|faint|p2a: Heatran\n|\n|-end|p1a: Gholdengo|Magma Storm|[partiallytrapped]|[silent]\n|upkeep\n|\n|t:|1700705573\n|switch|p2a: Dondozo|Dondozo, M, shiny|100\/100\n|-activate|p2a: Dondozo|move: Sticky Web\n|-unboost|p2a: Dondozo|spe|1\n|turn|9\n|\n|t:|1700705579\n|move|p1a: Gholdengo|Shadow Ball|p2a: Dondozo\n|-damage|p2a: Dondozo|73\/100\n|move|p2a: Dondozo|Liquidation|p1a: Gholdengo\n|-resisted|p1a: Gholdengo\n|-damage|p1a: Gholdengo|0 fnt\n|faint|p1a: Gholdengo\n|\n|-heal|p2a: Dondozo|79\/100|[from] item: Leftovers\n|upkeep\n|\n|t:|1700705584\n|switch|p1a: Yanmega|Yanmega, F|100\/100\n|turn|10\n|\n|t:|1700705598\n|switch|p2a: Dragapult|Dragapult, M, shiny|100\/100\n|-activate|p2a: Dragapult|move: Sticky Web\n|-unboost|p2a: Dragapult|spe|1\n|move|p1a: Yanmega|Air Slash|p2a: Dragapult\n|-damage|p2a: Dragapult|14\/100\n|\n|upkeep\n|turn|11\n|\n|t:|1700705603\n|move|p1a: Yanmega|Air Slash|p2a: Dragapult\n|-damage|p2a: Dragapult|0 fnt\n|faint|p2a: Dragapult\n|\n|upkeep\n|\n|t:|1700705607\n|switch|p2a: Hatterene|Hatterene, F, shiny|100\/100\n|-activate|p2a: Hatterene|move: Sticky Web\n|-unboost|p2a: Hatterene|spe|1\n|turn|12\n|\n|t:|1700705620\n|switch|p1a: Ogerpon|Ogerpon-Cornerstone, F|100\/100\n|-activate|p1a: Ogerpon|move: Sticky Web\n|-unboost|p1a: Ogerpon|spe|1\n|move|p2a: Hatterene|Draining Kiss|p1a: Ogerpon\n|-damage|p1a: Ogerpon|74\/100\n|\n|upkeep\n|turn|13\n|\n|t:|1700705623\n|move|p1a: Ogerpon|Trailblaze|p2a: Hatterene\n|-damage|p2a: Hatterene|76\/100\n|-boost|p1a: Ogerpon|spe|1\n|move|p2a: Hatterene|Nuzzle|p1a: Ogerpon\n|-resisted|p1a: Ogerpon\n|-damage|p1a: Ogerpon|72\/100\n|-status|p1a: Ogerpon|par\n|\n|-heal|p2a: Hatterene|82\/100|[from] item: Leftovers\n|upkeep\n|turn|14\n|\n|t:|1700705628\n|move|p1a: Ogerpon|Trailblaze|p2a: Hatterene\n|-crit|p2a: Hatterene\n|-damage|p2a: Hatterene|45\/100\n|-boost|p1a: Ogerpon|spe|1\n|move|p2a: Hatterene|Draining Kiss|p1a: Ogerpon\n|-damage|p1a: Ogerpon|47\/100 par\n|-heal|p2a: Hatterene|63\/100|[from] drain|[of] p1a: Ogerpon\n|\n|-heal|p2a: Hatterene|69\/100|[from] item: Leftovers\n|upkeep\n|turn|15\n|\n|t:|1700705634\n|move|p1a: Ogerpon|Trailblaze|p2a: Hatterene\n|-damage|p2a: Hatterene|45\/100\n|-boost|p1a: Ogerpon|spe|1\n|move|p2a: Hatterene|Draining Kiss|p1a: Ogerpon\n|-damage|p1a: Ogerpon|21\/100 par\n|-heal|p2a: Hatterene|63\/100|[from] drain|[of] p1a: Ogerpon\n|\n|-heal|p2a: Hatterene|69\/100|[from] item: Leftovers\n|upkeep\n|turn|16\n|\n|t:|1700705637\n|cant|p1a: Ogerpon|par\n|move|p2a: Hatterene|Draining Kiss|p1a: Ogerpon\n|-damage|p1a: Ogerpon|0 fnt\n|-heal|p2a: Hatterene|84\/100|[from] drain|[of] p1a: Ogerpon\n|faint|p1a: Ogerpon\n|\n|-heal|p2a: Hatterene|89\/100|[from] item: Leftovers\n|upkeep\n|\n|t:|1700705641\n|switch|p1a: Kingambit|Kingambit, F|100\/100\n|-activate|p1a: Kingambit|move: Sticky Web\n|-unboost|p1a: Kingambit|spe|1\n|-activate|p1a: Kingambit|ability: Supreme Overlord\n|-start|p1a: Kingambit|fallen3|[silent]\n|turn|17\n|\n|t:|1700705647\n|switch|p2a: Great Tusk|Great Tusk|100\/100\n|-activate|p2a: Great Tusk|move: Sticky Web\n|-unboost|p2a: Great Tusk|spe|1\n|move|p1a: Kingambit|Iron Head|p2a: Great Tusk\n|-damage|p2a: Great Tusk|56\/100\n|\n|upkeep\n|turn|18\n|\n|t:|1700705657\n|move|p2a: Great Tusk|Ice Spinner|p1a: Kingambit\n|-resisted|p1a: Kingambit\n|-damage|p1a: Kingambit|85\/100\n|move|p1a: Kingambit|Iron Head|p2a: Great Tusk\n|-damage|p2a: Great Tusk|12\/100\n|\n|upkeep\n|turn|19\n|\n|t:|1700705663\n|-end|p2a: Great Tusk|Protosynthesis|[silent]\n|switch|p2a: Mandibuzz|Mandibuzz, F, shiny|100\/100\n|move|p1a: Kingambit|Sucker Punch||[still]\n|-fail|p1a: Kingambit\n|\n|upkeep\n|turn|20\n|\n|t:|1700705674\n|-end|p1a: Kingambit|fallen3|[silent]\n|switch|p1a: Manaphy|Manaphy|100\/100\n|-activate|p1a: Manaphy|move: Sticky Web\n|-unboost|p1a: Manaphy|spe|1\n|move|p2a: Mandibuzz|U-turn|p1a: Manaphy\n|-damage|p1a: Manaphy|91\/100\n|\n|t:|1700705676\n|switch|p2a: Dondozo|Dondozo, M, shiny|79\/100|[from] U-turn\n|-activate|p2a: Dondozo|move: Sticky Web\n|-unboost|p2a: Dondozo|spe|1\n|\n|-heal|p1a: Manaphy|97\/100|[from] item: Leftovers\n|-heal|p2a: Dondozo|85\/100|[from] item: Leftovers\n|upkeep\n|turn|21\n|\n|t:|1700705680\n|-terastallize|p2a: Dondozo|Dark\n|move|p1a: Manaphy|Take Heart|p1a: Manaphy\n|-boost|p1a: Manaphy|spa|1\n|-boost|p1a: Manaphy|spd|1\n|move|p2a: Dondozo|Curse|p2a: Dondozo\n|-unboost|p2a: Dondozo|spe|1\n|-boost|p2a: Dondozo|atk|1\n|-boost|p2a: Dondozo|def|1\n|\n|-heal|p1a: Manaphy|100\/100|[from] item: Leftovers\n|-heal|p2a: Dondozo|91\/100|[from] item: Leftovers\n|upkeep\n|turn|22\n|\n|t:|1700705688\n|switch|p1a: Yanmega|Yanmega, F|100\/100\n|move|p2a: Dondozo|Curse|p2a: Dondozo\n|-unboost|p2a: Dondozo|spe|1\n|-boost|p2a: Dondozo|atk|1\n|-boost|p2a: Dondozo|def|1\n|\n|-heal|p2a: Dondozo|97\/100|[from] item: Leftovers\n|upkeep\n|turn|23\n|\n|t:|1700705690\n|move|p1a: Yanmega|Bug Buzz|p2a: Dondozo\n|-supereffective|p2a: Dondozo\n|-damage|p2a: Dondozo|13\/100\n|move|p2a: Dondozo|Liquidation|p1a: Yanmega\n|-damage|p1a: Yanmega|27\/100\n|\n|-heal|p2a: Dondozo|19\/100|[from] item: Leftovers\n|upkeep\n|turn|24\n|\n|t:|1700705695\n|move|p1a: Yanmega|Bug Buzz|p2a: Dondozo\n|-supereffective|p2a: Dondozo\n|-damage|p2a: Dondozo|0 fnt\n|faint|p2a: Dondozo\n|\n|upkeep\n|\n|t:|1700705697\n|switch|p2a: Mandibuzz|Mandibuzz, F, shiny|100\/100\n|turn|25\n|\n|t:|1700705702\n|switch|p1a: Manaphy|Manaphy|100\/100\n|-activate|p1a: Manaphy|move: Sticky Web\n|-unboost|p1a: Manaphy|spe|1\n|move|p2a: Mandibuzz|U-turn|p1a: Manaphy\n|-damage|p1a: Manaphy|91\/100\n|\n|t:|1700705707\n|switch|p2a: Hatterene|Hatterene, F, shiny|89\/100|[from] U-turn\n|-activate|p2a: Hatterene|move: Sticky Web\n|-unboost|p2a: Hatterene|spe|1\n|\n|-heal|p1a: Manaphy|97\/100|[from] item: Leftovers\n|-heal|p2a: Hatterene|95\/100|[from] item: Leftovers\n|upkeep\n|turn|26\n|\n|t:|1700705710\n|move|p1a: Manaphy|Take Heart|p1a: Manaphy\n|-boost|p1a: Manaphy|spa|1\n|-boost|p1a: Manaphy|spd|1\n|move|p2a: Hatterene|Calm Mind|p2a: Hatterene\n|-boost|p2a: Hatterene|spa|1\n|-boost|p2a: Hatterene|spd|1\n|\n|-heal|p1a: Manaphy|100\/100|[from] item: Leftovers\n|-heal|p2a: Hatterene|100\/100|[from] item: Leftovers\n|upkeep\n|turn|27\n|\n|t:|1700705713\n|move|p1a: Manaphy|Take Heart|p1a: Manaphy\n|-boost|p1a: Manaphy|spa|1\n|-boost|p1a: Manaphy|spd|1\n|move|p2a: Hatterene|Calm Mind|p2a: Hatterene\n|-boost|p2a: Hatterene|spa|1\n|-boost|p2a: Hatterene|spd|1\n|\n|upkeep\n|turn|28\n|\n|t:|1700705718\n|move|p1a: Manaphy|Take Heart|p1a: Manaphy\n|-boost|p1a: Manaphy|spa|1\n|-boost|p1a: Manaphy|spd|1\n|move|p2a: Hatterene|Psyshock|p1a: Manaphy\n|-damage|p1a: Manaphy|38\/100\n|\n|-heal|p1a: Manaphy|44\/100|[from] item: Leftovers\n|upkeep\n|turn|29\n|\n|t:|1700705725\n|move|p1a: Manaphy|Acid Armor|p1a: Manaphy\n|-boost|p1a: Manaphy|def|2\n|move|p2a: Hatterene|Psyshock|p1a: Manaphy\n|-damage|p1a: Manaphy|14\/100\n|\n|-heal|p1a: Manaphy|20\/100|[from] item: Leftovers\n|upkeep\n|turn|30\n|\n|t:|1700705730\n|move|p1a: Manaphy|Acid Armor|p1a: Manaphy\n|-boost|p1a: Manaphy|def|2\n|move|p2a: Hatterene|Psyshock|p1a: Manaphy\n|-damage|p1a: Manaphy|0 fnt\n|faint|p1a: Manaphy\n|\n|upkeep\n|\n|t:|1700705735\n|switch|p1a: Kingambit|Kingambit, F|85\/100\n|-activate|p1a: Kingambit|move: Sticky Web\n|-unboost|p1a: Kingambit|spe|1\n|-activate|p1a: Kingambit|ability: Supreme Overlord\n|-start|p1a: Kingambit|fallen4|[silent]\n|turn|31\n|\n|t:|1700705740\n|switch|p2a: Mandibuzz|Mandibuzz, F, shiny|100\/100\n|move|p1a: Kingambit|Iron Head|p2a: Mandibuzz\n|-damage|p2a: Mandibuzz|62\/100\n|\n|upkeep\n|turn|32\n|\n|t:|1700705748\n|move|p2a: Mandibuzz|Roost|p2a: Mandibuzz\n|-heal|p2a: Mandibuzz|100\/100\n|-singleturn|p2a: Mandibuzz|move: Roost\n|move|p1a: Kingambit|Iron Head|p2a: Mandibuzz\n|-damage|p2a: Mandibuzz|65\/100\n|\n|upkeep\n|turn|33\n|\n|t:|1700705751\n|move|p2a: Mandibuzz|Foul Play|p1a: Kingambit\n|-resisted|p1a: Kingambit\n|-damage|p1a: Kingambit|65\/100\n|move|p1a: Kingambit|Swords Dance|p1a: Kingambit\n|-boost|p1a: Kingambit|atk|2\n|\n|upkeep\n|turn|34\n|\n|t:|1700705755\n|move|p2a: Mandibuzz|Foul Play|p1a: Kingambit\n|-resisted|p1a: Kingambit\n|-damage|p1a: Kingambit|18\/100\n|move|p1a: Kingambit|Iron Head|p2a: Mandibuzz\n|-damage|p2a: Mandibuzz|0 fnt\n|faint|p2a: Mandibuzz\n|\n|upkeep\n|\n|t:|1700705762\n|switch|p2a: Great Tusk|Great Tusk|12\/100\n|-activate|p2a: Great Tusk|move: Sticky Web\n|-unboost|p2a: Great Tusk|spe|1\n|turn|35\n|\n|t:|1700705768\n|move|p1a: Kingambit|Sucker Punch|p2a: Great Tusk\n|-resisted|p2a: Great Tusk\n|-damage|p2a: Great Tusk|0 fnt\n|faint|p2a: Great Tusk\n|-end|p2a: Great Tusk|Protosynthesis|[silent]\n|\n|upkeep\n|\n|t:|1700705770\n|switch|p2a: Hatterene|Hatterene, F, shiny|100\/100\n|-activate|p2a: Hatterene|move: Sticky Web\n|-unboost|p2a: Hatterene|spe|1\n|turn|36\n|\n|t:|1700705775\n|move|p1a: Kingambit|Iron Head|p2a: Hatterene\n|-supereffective|p2a: Hatterene\n|-damage|p2a: Hatterene|0 fnt\n|faint|p2a: Hatterene\n|\n|win|we're so barack\n|raw|we&apos;re so barack's rating: 1565 &rarr; <strong>1590<\/strong><br \/>(+25 for winning)\n|raw|Blop_Le_Slime's rating: 1660 &rarr; <strong>1635<\/strong><br \/>(-25 for losing)\n|l|\u2606Blop_Le_Slime\n","uploadtime":1700705801,"views":11,"p1id":"weresobarack","p2id":"blopleslime","formatid":"gen9ou","rating":1590,"private":0,"password":""}