{"id":"gen9ou-1989795496","p1":"Gen5IsGoodISwear","p2":"hoyesnochede","format":"[Gen 9] OU","log":"|j|\u2606Gen5IsGoodISwear\n|j|\u2606hoyesnochede\n|t:|1699896406\n|gametype|singles\n|player|p1|Gen5IsGoodISwear|rosa|1170\n|player|p2|hoyesnochede|blackbelt-gen4dp|1096\n|teamsize|p1|6\n|teamsize|p2|6\n|gen|9\n|tier|[Gen 9] OU\n|rated|\n|rule|Sleep Clause Mod: Limit one foe put to sleep\n|rule|Species Clause: Limit one of each Pok\u00e9mon\n|rule|OHKO Clause: OHKO moves are banned\n|rule|Evasion Items Clause: Evasion items are banned\n|rule|Evasion Moves Clause: Evasion moves are banned\n|rule|Endless Battle Clause: Forcing endless battles is banned\n|rule|HP Percentage Mod: HP is shown in percentages\n|clearpoke\n|poke|p1|Klefki, F|\n|poke|p1|Rillaboom, F|\n|poke|p1|Brambleghast, F|\n|poke|p1|Tornadus, M|\n|poke|p1|Kingambit, M|\n|poke|p1|Iron Moth|\n|poke|p2|Mamoswine, F|\n|poke|p2|Corviknight, M|\n|poke|p2|Clefable, F|\n|poke|p2|Clodsire, M|\n|poke|p2|Garchomp, F|\n|poke|p2|Enamorus, F|\n|teampreview\n|\n|t:|1699896414\n|start\n|switch|p1a: Rillaboom|Rillaboom, F|100\/100\n|switch|p2a: Clodsire|Clodsire, M|100\/100\n|-fieldstart|move: Grassy Terrain|[from] ability: Grassy Surge|[of] p1a: Rillaboom\n|turn|1\n|\n|t:|1699896417\n|switch|p2a: Corviknight|Corviknight, M|100\/100\n|move|p1a: Rillaboom|U-turn|p2a: Corviknight\n|-resisted|p2a: Corviknight\n|-damage|p2a: Corviknight|97\/100\n|-damage|p1a: Rillaboom|84\/100|[from] item: Rocky Helmet|[of] p2a: Corviknight\n|\n|t:|1699896419\n|switch|p1a: Klefki|Klefki, F|100\/100|[from] U-turn\n|\n|upkeep\n|turn|2\n|\n|t:|1699896427\n|switch|p2a: Clodsire|Clodsire, M|100\/100\n|move|p1a: Klefki|Iron Defense|p1a: Klefki\n|-boost|p1a: Klefki|def|2\n|\n|upkeep\n|turn|3\n|\n|t:|1699896434\n|move|p1a: Klefki|Iron Defense|p1a: Klefki\n|-boost|p1a: Klefki|def|2\n|move|p2a: Clodsire|Yawn|p1a: Klefki\n|-start|p1a: Klefki|move: Yawn|[of] p2a: Clodsire\n|\n|upkeep\n|turn|4\n|\n|t:|1699896438\n|move|p1a: Klefki|Calm Mind|p1a: Klefki\n|-boost|p1a: Klefki|spa|1\n|-boost|p1a: Klefki|spd|1\n|move|p2a: Clodsire|Stealth Rock|p1a: Klefki\n|-sidestart|p1: Gen5IsGoodISwear|move: Stealth Rock\n|\n|-end|p1a: Klefki|move: Yawn|[silent]\n|-status|p1a: Klefki|slp\n|upkeep\n|turn|5\n|\n|t:|1699896450\n|switch|p2a: Clefable|Clefable, F|100\/100\n|cant|p1a: Klefki|slp\n|\n|upkeep\n|turn|6\n|\n|t:|1699896456\n|-curestatus|p1a: Klefki|slp|[msg]\n|move|p1a: Klefki|Calm Mind|p1a: Klefki\n|-boost|p1a: Klefki|spa|1\n|-boost|p1a: Klefki|spd|1\n|move|p2a: Clefable|Flamethrower|p1a: Klefki\n|-supereffective|p1a: Klefki\n|-damage|p1a: Klefki|84\/100\n|\n|-heal|p1a: Klefki|90\/100|[from] Grassy Terrain\n|-heal|p1a: Klefki|96\/100|[from] item: Leftovers\n|upkeep\n|turn|7\n|\n|t:|1699896466\n|switch|p2a: Clodsire|Clodsire, M|100\/100\n|move|p1a: Klefki|Calm Mind|p1a: Klefki\n|-boost|p1a: Klefki|spa|1\n|-boost|p1a: Klefki|spd|1\n|\n|-heal|p1a: Klefki|100\/100|[from] Grassy Terrain\n|upkeep\n|turn|8\n|\n|t:|1699896470\n|move|p1a: Klefki|Stored Power|p2a: Clodsire\n|-supereffective|p2a: Clodsire\n|-damage|p2a: Clodsire|0 fnt\n|faint|p2a: Clodsire\n|\n|-fieldend|move: Grassy Terrain\n|upkeep\n|-message|hoyesnochede forfeited.\n|\n|win|Gen5IsGoodISwear\n|raw|Gen5IsGoodISwear's rating: 1170 &rarr; <strong>1190<\/strong><br \/>(+20 for winning)\n|raw|hoyesnochede's rating: 1096 &rarr; <strong>1077<\/strong><br \/>(-19 for losing)\n|l|\u2606hoyesnochede\n","uploadtime":1699896487,"views":16,"p1id":"gen5isgoodiswear","p2id":"hoyesnochede","formatid":"gen9ou","rating":1077,"private":0,"password":""}