{"id":"gen9ou-1992701846","p1":"akapella","p2":"bhfzx","format":"[Gen 9] OU","log":"|j|\u2606akapella\n|j|\u2606bhfzx\n|t:|1700226959\n|gametype|singles\n|player|p1|akapella|2|1165\n|player|p2|bhfzx|169|1129\n|teamsize|p1|6\n|teamsize|p2|6\n|gen|9\n|tier|[Gen 9] OU\n|rated|\n|rule|Sleep Clause Mod: Limit one foe put to sleep\n|rule|Species Clause: Limit one of each Pok\u00e9mon\n|rule|OHKO Clause: OHKO moves are banned\n|rule|Evasion Items Clause: Evasion items are banned\n|rule|Evasion Moves Clause: Evasion moves are banned\n|rule|Endless Battle Clause: Forcing endless battles is banned\n|rule|HP Percentage Mod: HP is shown in percentages\n|clearpoke\n|poke|p1|Heatran, F|\n|poke|p1|Ogerpon-Cornerstone, F|\n|poke|p1|Dragapult, F|\n|poke|p1|Rillaboom, M|\n|poke|p1|Kingambit, M|\n|poke|p1|Sneasler, M|\n|poke|p2|Dragapult, F|\n|poke|p2|Thundurus, M|\n|poke|p2|Iron Valiant|\n|poke|p2|Meowscarada, M|\n|poke|p2|Manaphy|\n|poke|p2|Sneasler, F|\n|teampreview\n|\n|t:|1700226964\n|start\n|switch|p1a: Heatran|Heatran, F|100\/100\n|switch|p2a: Thundurus|Thundurus, M|100\/100\n|turn|1\n|\n|t:|1700226974\n|move|p2a: Thundurus|Thunder Wave|p1a: Heatran\n|-status|p1a: Heatran|par\n|move|p1a: Heatran|Magma Storm|p2a: Thundurus\n|-damage|p2a: Thundurus|43\/100\n|-activate|p2a: Thundurus|move: Magma Storm|[of] p1a: Heatran\n|\n|-damage|p2a: Thundurus|31\/100|[from] move: Magma Storm|[partiallytrapped]\n|upkeep\n|turn|2\n|\n|t:|1700226984\n|move|p2a: Thundurus|Taunt|p1a: Heatran\n|-start|p1a: Heatran|move: Taunt\n|cant|p1a: Heatran|move: Taunt|Stealth Rock\n|\n|-damage|p2a: Thundurus|18\/100|[from] move: Magma Storm|[partiallytrapped]\n|upkeep\n|turn|3\n|\n|t:|1700226992\n|move|p2a: Thundurus|Discharge|p1a: Heatran\n|-damage|p1a: Heatran|73\/100 par\n|move|p1a: Heatran|Magma Storm|p2a: Thundurus\n|-damage|p2a: Thundurus|0 fnt\n|faint|p2a: Thundurus\n|\n|-heal|p1a: Heatran|80\/100 par|[from] item: Leftovers\n|upkeep\n|inactive|Battle timer is ON: inactive players will automatically lose when time's up. (requested by akapella)\n|\n|t:|1700227002\n|switch|p2a: Manaphy|Manaphy|100\/100\n|turn|4\n|\n|t:|1700227007\n|switch|p1a: Ogerpon|Ogerpon-Cornerstone, F|100\/100\n|move|p2a: Manaphy|Take Heart|p2a: Manaphy\n|-boost|p2a: Manaphy|spa|1\n|-boost|p2a: Manaphy|spd|1\n|\n|upkeep\n|turn|5\n|\n|t:|1700227028\n|-terastallize|p2a: Manaphy|Fairy\n|move|p1a: Ogerpon|Encore|p2a: Manaphy\n|-start|p2a: Manaphy|Encore\n|move|p2a: Manaphy|Take Heart|p2a: Manaphy\n|-boost|p2a: Manaphy|spa|1\n|-boost|p2a: Manaphy|spd|1\n|\n|upkeep\n|turn|6\n|\n|t:|1700227049\n|switch|p2a: Dragapult|Dragapult, F|100\/100\n|move|p1a: Ogerpon|Ivy Cudgel|p2a: Dragapult|[anim] Ivy Cudgel Rock\n|-damage|p2a: Dragapult|21\/100\n|\n|-heal|p2a: Dragapult|27\/100|[from] item: Leftovers\n|upkeep\n|turn|7\n|\n|t:|1700227059\n|move|p2a: Dragapult|Thunder Wave|p1a: Ogerpon\n|-status|p1a: Ogerpon|par\n|cant|p1a: Ogerpon|par\n|\n|-heal|p2a: Dragapult|33\/100|[from] item: Leftovers\n|upkeep\n|turn|8\n|\n|t:|1700227067\n|move|p2a: Dragapult|Substitute|p2a: Dragapult\n|-start|p2a: Dragapult|Substitute\n|-damage|p2a: Dragapult|8\/100\n|move|p1a: Ogerpon|Ivy Cudgel|p2a: Dragapult|[anim] Ivy Cudgel Rock\n|-crit|p2a: Dragapult\n|-end|p2a: Dragapult|Substitute\n|\n|-heal|p2a: Dragapult|14\/100|[from] item: Leftovers\n|upkeep\n|turn|9\n|\n|t:|1700227076\n|move|p2a: Dragapult|Hex|p1a: Ogerpon\n|-damage|p1a: Ogerpon|30\/100 par\n|move|p1a: Ogerpon|Ivy Cudgel|p2a: Dragapult|[anim] Ivy Cudgel Rock\n|-damage|p2a: Dragapult|0 fnt\n|faint|p2a: Dragapult\n|\n|upkeep\n|\n|t:|1700227085\n|switch|p2a: Manaphy|Manaphy, tera:Fairy|100\/100\n|turn|10\n|\n|t:|1700227090\n|move|p2a: Manaphy|Take Heart|p2a: Manaphy\n|-boost|p2a: Manaphy|spa|1\n|-boost|p2a: Manaphy|spd|1\n|move|p1a: Ogerpon|Ivy Cudgel|p2a: Manaphy|[anim] Ivy Cudgel Rock\n|-damage|p2a: Manaphy|37\/100\n|\n|-heal|p2a: Manaphy|43\/100|[from] item: Leftovers\n|upkeep\n|turn|11\n|\n|t:|1700227099\n|move|p2a: Manaphy|Scald|p1a: Ogerpon\n|-damage|p1a: Ogerpon|0 fnt\n|faint|p1a: Ogerpon\n|\n|-heal|p2a: Manaphy|49\/100|[from] item: Leftovers\n|upkeep\n|\n|t:|1700227107\n|switch|p1a: Rillaboom|Rillaboom, M|100\/100\n|-fieldstart|move: Grassy Terrain|[from] ability: Grassy Surge|[of] p1a: Rillaboom\n|turn|12\n|\n|t:|1700227116\n|move|p1a: Rillaboom|Grassy Glide|p2a: Manaphy\n|-damage|p2a: Manaphy|10\/100\n|move|p2a: Manaphy|Tera Blast|p1a: Rillaboom|[anim] Tera Blast Fairy\n|-damage|p1a: Rillaboom|39\/100\n|\n|-heal|p2a: Manaphy|16\/100|[from] Grassy Terrain\n|-heal|p2a: Manaphy|22\/100|[from] item: Leftovers\n|-heal|p1a: Rillaboom|45\/100|[from] Grassy Terrain\n|upkeep\n|turn|13\n|\n|t:|1700227127\n|move|p1a: Rillaboom|Grassy Glide|p2a: Manaphy\n|-damage|p2a: Manaphy|0 fnt\n|faint|p2a: Manaphy\n|\n|-heal|p1a: Rillaboom|51\/100|[from] Grassy Terrain\n|upkeep\n|\n|t:|1700227137\n|switch|p2a: Sneasler|Sneasler, F|100\/100\n|-ability|p2a: Sneasler|Pressure\n|turn|14\n|\n|t:|1700227142\n|move|p1a: Rillaboom|Grassy Glide|p2a: Sneasler\n|-resisted|p2a: Sneasler\n|-damage|p2a: Sneasler|68\/100\n|move|p2a: Sneasler|Dire Claw|p1a: Rillaboom\n|-supereffective|p1a: Rillaboom\n|-damage|p1a: Rillaboom|0 fnt\n|faint|p1a: Rillaboom\n|-damage|p2a: Sneasler|58\/100|[from] item: Life Orb\n|\n|-heal|p2a: Sneasler|64\/100|[from] Grassy Terrain\n|upkeep\n|\n|t:|1700227147\n|switch|p1a: Sneasler|Sneasler, M|100\/100\n|-enditem|p1a: Sneasler|Grassy Seed\n|-boost|p1a: Sneasler|def|1|[from] item: Grassy Seed\n|turn|15\n|\n|t:|1700227163\n|move|p1a: Sneasler|Swords Dance|p1a: Sneasler\n|-boost|p1a: Sneasler|atk|2\n|move|p2a: Sneasler|Dire Claw|p1a: Sneasler\n|-resisted|p1a: Sneasler\n|-damage|p1a: Sneasler|73\/100\n|-damage|p2a: Sneasler|54\/100|[from] item: Life Orb\n|\n|-heal|p1a: Sneasler|80\/100|[from] Grassy Terrain\n|-heal|p2a: Sneasler|60\/100|[from] Grassy Terrain\n|upkeep\n|turn|16\n|\n|t:|1700227174\n|move|p1a: Sneasler|Shadow Claw|p2a: Sneasler\n|-damage|p2a: Sneasler|0 fnt\n|faint|p2a: Sneasler\n|\n|-heal|p1a: Sneasler|86\/100|[from] Grassy Terrain\n|-fieldend|move: Grassy Terrain\n|upkeep\n|\n|t:|1700227182\n|switch|p2a: Meowscarada|Meowscarada, M|100\/100\n|turn|17\n|\n|t:|1700227191\n|move|p2a: Meowscarada|Sucker Punch|p1a: Sneasler\n|-start|p2a: Meowscarada|typechange|Dark|[from] ability: Protean\n|-resisted|p1a: Sneasler\n|-damage|p1a: Sneasler|68\/100\n|-damage|p2a: Meowscarada|91\/100|[from] item: Life Orb\n|move|p1a: Sneasler|Close Combat|p2a: Meowscarada\n|-supereffective|p2a: Meowscarada\n|-damage|p2a: Meowscarada|0 fnt\n|-unboost|p1a: Sneasler|def|1\n|-unboost|p1a: Sneasler|spd|1\n|faint|p2a: Meowscarada\n|\n|upkeep\n|\n|t:|1700227204\n|switch|p2a: Iron Valiant|Iron Valiant|100\/100\n|turn|18\n|\n|t:|1700227213\n|move|p1a: Sneasler|Dire Claw|p2a: Iron Valiant\n|-supereffective|p2a: Iron Valiant\n|-damage|p2a: Iron Valiant|0 fnt\n|faint|p2a: Iron Valiant\n|-end|p2a: Iron Valiant|Quark Drive|[silent]\n|\n|win|akapella\n|raw|akapella's rating: 1165 &rarr; <strong>1187<\/strong><br \/>(+22 for winning)\n|raw|bhfzx's rating: 1129 &rarr; <strong>1107<\/strong><br \/>(-22 for losing)\n|l|\u2606bhfzx\n","uploadtime":1700227219,"views":8,"p1id":"akapella","p2id":"bhfzx","formatid":"gen9ou","rating":1107,"private":0,"password":""}