{"id":"gen9ou-1991080684","p1":"Wasihullah","p2":"MiniMazeltof","format":"[Gen 9] OU","log":"|j|\u2606Wasihullah\n|j|\u2606MiniMazeltof\n|t:|1700039765\n|gametype|singles\n|player|p1|Wasihullah|benga|1219\n|player|p2|MiniMazeltof|169|1170\n|teamsize|p1|6\n|teamsize|p2|6\n|gen|9\n|tier|[Gen 9] OU\n|rated|\n|rule|Sleep Clause Mod: Limit one foe put to sleep\n|rule|Species Clause: Limit one of each Pok\u00e9mon\n|rule|OHKO Clause: OHKO moves are banned\n|rule|Evasion Items Clause: Evasion items are banned\n|rule|Evasion Moves Clause: Evasion moves are banned\n|rule|Endless Battle Clause: Forcing endless battles is banned\n|rule|HP Percentage Mod: HP is shown in percentages\n|clearpoke\n|poke|p1|Enamorus, F|\n|poke|p1|Dragapult, F|\n|poke|p1|Iron Valiant|\n|poke|p1|Gholdengo|\n|poke|p1|Iron Treads|\n|poke|p1|Dragonite, F|\n|poke|p2|Enamorus, F|\n|poke|p2|Dragapult, F|\n|poke|p2|Iron Valiant|\n|poke|p2|Gholdengo|\n|poke|p2|Iron Treads|\n|poke|p2|Dragonite, F|\n|teampreview\n|inactive|Battle timer is ON: inactive players will automatically lose when time's up. (requested by MiniMazeltof)\n|c|\u2606Wasihullah|ptdr\n|\n|t:|1700039782\n|start\n|switch|p1a: Iron Treads|Iron Treads|100\/100\n|switch|p2a: Iron Treads|Iron Treads|100\/100\n|-enditem|p2a: Iron Treads|Booster Energy\n|-activate|p2a: Iron Treads|ability: Quark Drive|[fromitem]\n|-start|p2a: Iron Treads|quarkdrivespe\n|-enditem|p1a: Iron Treads|Booster Energy\n|-activate|p1a: Iron Treads|ability: Quark Drive|[fromitem]\n|-start|p1a: Iron Treads|quarkdrivespe\n|turn|1\n|c|\u2606MiniMazeltof|ono\n|\n|t:|1700039795\n|move|p1a: Iron Treads|Rapid Spin|p2a: Iron Treads\n|-resisted|p2a: Iron Treads\n|-damage|p2a: Iron Treads|96\/100\n|-boost|p1a: Iron Treads|spe|1\n|move|p2a: Iron Treads|Earthquake|p1a: Iron Treads\n|-supereffective|p1a: Iron Treads\n|-damage|p1a: Iron Treads|37\/100\n|\n|upkeep\n|turn|2\n|c|\u2606MiniMazeltof|gl\n|\n|t:|1700039803\n|move|p1a: Iron Treads|Earthquake|p2a: Iron Treads\n|-supereffective|p2a: Iron Treads\n|-damage|p2a: Iron Treads|33\/100\n|move|p2a: Iron Treads|Earthquake|p1a: Iron Treads\n|-supereffective|p1a: Iron Treads\n|-damage|p1a: Iron Treads|0 fnt\n|faint|p1a: Iron Treads\n|-end|p1a: Iron Treads|Quark Drive|[silent]\n|\n|upkeep\n|c|\u2606Wasihullah|gl\n|inactive|Wasihullah has 120 seconds left.\n|\n|t:|1700039835\n|switch|p1a: Dragonite|Dragonite, F|100\/100\n|turn|3\n|\n|t:|1700039846\n|move|p2a: Iron Treads|Knock Off|p1a: Dragonite\n|-damage|p1a: Dragonite|89\/100\n|-enditem|p1a: Dragonite|Heavy-Duty Boots|[from] move: Knock Off|[of] p2a: Iron Treads\n|move|p1a: Dragonite|Earthquake|p2a: Iron Treads\n|-supereffective|p2a: Iron Treads\n|-damage|p2a: Iron Treads|0 fnt\n|faint|p2a: Iron Treads\n|-end|p2a: Iron Treads|Quark Drive|[silent]\n|\n|upkeep\n|\n|t:|1700039858\n|switch|p2a: Dragapult|Dragapult, F|100\/100\n|turn|4\n|inactive|Wasihullah has 120 seconds left.\n|\n|t:|1700039883\n|switch|p1a: Iron Valiant|Iron Valiant|100\/100\n|-enditem|p1a: Iron Valiant|Booster Energy\n|-activate|p1a: Iron Valiant|ability: Quark Drive|[fromitem]\n|-start|p1a: Iron Valiant|quarkdrivespe\n|move|p2a: Dragapult|Dragon Dance|p2a: Dragapult\n|-boost|p2a: Dragapult|atk|1\n|-boost|p2a: Dragapult|spe|1\n|\n|upkeep\n|turn|5\n|inactive|Wasihullah has 120 seconds left.\n|\n|t:|1700039910\n|move|p2a: Dragapult|Phantom Force||[still]\n|-prepare|p2a: Dragapult|Phantom Force\n|move|p1a: Iron Valiant|Psyshock|p2a: Dragapult|[miss]\n|-miss|p1a: Iron Valiant|p2a: Dragapult\n|\n|upkeep\n|turn|6\n|\n|t:|1700039916\n|move|p2a: Dragapult|Phantom Force|p1a: Iron Valiant|[from]lockedmove\n|-damage|p1a: Iron Valiant|0 fnt\n|faint|p1a: Iron Valiant\n|-end|p1a: Iron Valiant|Quark Drive|[silent]\n|\n|upkeep\n|\n|t:|1700039921\n|switch|p1a: Enamorus|Enamorus, F|100\/100\n|turn|7\n|\n|t:|1700039936\n|switch|p1a: Dragonite|Dragonite, F|89\/100\n|move|p2a: Dragapult|Tera Blast|p1a: Dragonite\n|-damage|p1a: Dragonite|71\/100\n|\n|upkeep\n|turn|8\n|inactive|Wasihullah has 120 seconds left.\n|\n|t:|1700039946\n|switch|p1a: Enamorus|Enamorus, F|100\/100\n|move|p2a: Dragapult|Phantom Force||[still]\n|-prepare|p2a: Dragapult|Phantom Force\n|\n|upkeep\n|turn|9\n|inactive|Wasihullah has 120 seconds left.\n|\n|t:|1700039954\n|move|p2a: Dragapult|Phantom Force|p1a: Enamorus|[from]lockedmove\n|-damage|p1a: Enamorus|0 fnt\n|faint|p1a: Enamorus\n|\n|upkeep\n|inactive|Wasihullah has 120 seconds left.\n|\n|t:|1700039961\n|switch|p1a: Dragapult|Dragapult, F|100\/100\n|turn|10\n|inactive|Wasihullah has 120 seconds left.\n|\n|t:|1700039972\n|move|p2a: Dragapult|Dragon Darts|p1a: Dragapult\n|-supereffective|p1a: Dragapult\n|-enditem|p1a: Dragapult|Focus Sash\n|-damage|p1a: Dragapult|1\/100\n|-anim|p2a: Dragapult|Dragon Darts|p1a: Dragapult\n|-supereffective|p1a: Dragapult\n|-damage|p1a: Dragapult|0 fnt\n|faint|p1a: Dragapult\n|\n|upkeep\n|inactive|Wasihullah has 120 seconds left.\n|c|\u2606Wasihullah|eh\n|-message|Wasihullah forfeited.\n|\n|win|MiniMazeltof\n|raw|Wasihullah's rating: 1219 &rarr; <strong>1190<\/strong><br \/>(-29 for losing)\n|raw|MiniMazeltof's rating: 1170 &rarr; <strong>1199<\/strong><br \/>(+29 for winning)\n|l|\u2606Wasihullah\n|c|\u2606MiniMazeltof|gg\n","uploadtime":1700039998,"views":28,"p1id":"wasihullah","p2id":"minimazeltof","formatid":"gen9ou","rating":1190,"private":0,"password":""}