{"id":"gen9ou-1993373441","p1":"trainereulb","p2":"liaoya","format":"[Gen 9] OU","log":"|j|\u2606trainereulb\n|j|\u2606liaoya\n|t:|1700308135\n|gametype|singles\n|player|p1|trainereulb|blue-gen1rbchampion|1533\n|player|p2|liaoya|petrel|1536\n|teamsize|p1|6\n|teamsize|p2|6\n|gen|9\n|tier|[Gen 9] OU\n|rated|\n|rule|Sleep Clause Mod: Limit one foe put to sleep\n|rule|Species Clause: Limit one of each Pok\u00e9mon\n|rule|OHKO Clause: OHKO moves are banned\n|rule|Evasion Items Clause: Evasion items are banned\n|rule|Evasion Moves Clause: Evasion moves are banned\n|rule|Endless Battle Clause: Forcing endless battles is banned\n|rule|HP Percentage Mod: HP is shown in percentages\n|clearpoke\n|poke|p1|Clefable, F|\n|poke|p1|Talonflame, F|\n|poke|p1|Quagsire, F|\n|poke|p1|Goodra-Hisui, F|\n|poke|p1|Slowking-Galar, M|\n|poke|p1|Hydreigon, M|\n|poke|p2|Drifblim, F|\n|poke|p2|Garganacl, M|\n|poke|p2|Umbreon, M|\n|poke|p2|Rotom-Wash|\n|poke|p2|Glimmora, M|\n|poke|p2|Espeon, F|\n|teampreview\n|inactive|Battle timer is ON: inactive players will automatically lose when time's up. (requested by liaoya)\n|\n|t:|1700308144\n|start\n|switch|p1a: Hydreigon|Hydreigon, M|100\/100\n|switch|p2a: Rotom|Rotom-Wash|100\/100\n|turn|1\n|\n|t:|1700308149\n|move|p2a: Rotom|Trick|p1a: Hydreigon\n|-activate|p2a: Rotom|move: Trick|[of] p1a: Hydreigon\n|-item|p1a: Hydreigon|Choice Scarf|[from] move: Trick\n|-item|p2a: Rotom|Leftovers|[from] move: Trick\n|move|p1a: Hydreigon|Substitute|p1a: Hydreigon\n|-start|p1a: Hydreigon|Substitute\n|-damage|p1a: Hydreigon|76\/100\n|\n|upkeep\n|turn|2\n|\n|t:|1700308159\n|switch|p1a: Slowking|Slowking-Galar, M, shiny|100\/100\n|move|p2a: Rotom|Will-O-Wisp|p1a: Slowking\n|-status|p1a: Slowking|brn\n|\n|-damage|p1a: Slowking|94\/100 brn|[from] brn\n|upkeep\n|turn|3\n|\n|t:|1700308167\n|move|p2a: Rotom|Volt Switch|p1a: Slowking\n|-damage|p1a: Slowking|75\/100 brn\n|\n|t:|1700308172\n|switch|p2a: Espeon|Espeon, F|100\/100|[from] Volt Switch\n|move|p1a: Slowking|Future Sight|p2a: Espeon\n|-start|p1a: Slowking|move: Future Sight\n|\n|-damage|p1a: Slowking|69\/100 brn|[from] brn\n|upkeep\n|turn|4\n|\n|t:|1700308178\n|move|p2a: Espeon|Trick|p1a: Slowking\n|-activate|p2a: Espeon|move: Trick|[of] p1a: Slowking\n|-item|p1a: Slowking|Choice Scarf|[from] move: Trick\n|-item|p2a: Espeon|Assault Vest|[from] move: Trick\n|move|p1a: Slowking|Sludge Bomb|p2a: Espeon\n|-damage|p2a: Espeon|72\/100\n|\n|-damage|p1a: Slowking|63\/100 brn|[from] brn\n|upkeep\n|turn|5\n|\n|t:|1700308193\n|switch|p2a: Glimmora|Glimmora, M|100\/100\n|move|p1a: Slowking|Sludge Bomb|p2a: Glimmora\n|-resisted|p2a: Glimmora\n|-damage|p2a: Glimmora|89\/100\n|\n|-end|p2a: Glimmora|move: Future Sight\n|-supereffective|p2a: Glimmora\n|-crit|p2a: Glimmora\n|-damage|p2a: Glimmora|0 fnt\n|faint|p2a: Glimmora\n|-damage|p1a: Slowking|57\/100 brn|[from] brn\n|upkeep\n|\n|t:|1700308204\n|switch|p2a: Garganacl|Garganacl, M, shiny|100\/100\n|turn|6\n|\n|t:|1700308212\n|switch|p1a: Clefable|Clefable, F|100\/100\n|-terastallize|p2a: Garganacl|Ghost\n|move|p2a: Garganacl|Iron Defense|p2a: Garganacl\n|-boost|p2a: Garganacl|def|2\n|\n|upkeep\n|turn|7\n|\n|t:|1700308219\n|switch|p2a: Drifblim|Drifblim, F|100\/100\n|move|p1a: Clefable|Knock Off|p2a: Drifblim\n|-supereffective|p2a: Drifblim\n|-damage|p2a: Drifblim|48\/100\n|-enditem|p2a: Drifblim|Choice Scarf|[from] move: Knock Off|[of] p1a: Clefable\n|\n|upkeep\n|turn|8\n|\n|t:|1700308229\n|move|p2a: Drifblim|Destiny Bond|p2a: Drifblim\n|-singlemove|p2a: Drifblim|Destiny Bond\n|move|p1a: Clefable|Moonblast|p2a: Drifblim\n|-damage|p2a: Drifblim|0 fnt\n|faint|p2a: Drifblim\n|-activate|p2a: Drifblim|move: Destiny Bond\n|faint|p1a: Clefable\n|\n|upkeep\n|\n|t:|1700308239\n|switch|p2a: Garganacl|Garganacl, M, shiny, tera:Ghost|100\/100\n|switch|p1a: Slowking|Slowking-Galar, M, shiny|91\/100 brn\n|turn|9\n|\n|t:|1700308244\n|move|p1a: Slowking|Future Sight|p2a: Garganacl\n|-start|p1a: Slowking|move: Future Sight\n|move|p2a: Garganacl|Iron Defense|p2a: Garganacl\n|-boost|p2a: Garganacl|def|2\n|\n|-damage|p1a: Slowking|84\/100 brn|[from] brn\n|upkeep\n|turn|10\n|\n|t:|1700308259\n|switch|p1a: Quagsire|Quagsire, F|100\/100\n|move|p2a: Garganacl|Body Press|p1a: Quagsire\n|-damage|p1a: Quagsire|83\/100\n|-damage|p2a: Garganacl|84\/100|[from] item: Rocky Helmet|[of] p1a: Quagsire\n|\n|-heal|p2a: Garganacl|90\/100|[from] item: Leftovers\n|upkeep\n|turn|11\n|\n|t:|1700308267\n|move|p1a: Quagsire|Curse|p1a: Quagsire\n|-unboost|p1a: Quagsire|spe|1\n|-boost|p1a: Quagsire|atk|1\n|-boost|p1a: Quagsire|def|1\n|move|p2a: Garganacl|Salt Cure|p1a: Quagsire\n|-resisted|p1a: Quagsire\n|-damage|p1a: Quagsire|79\/100\n|-start|p1a: Quagsire|Salt Cure\n|\n|-end|p2a: Garganacl|move: Future Sight\n|-damage|p2a: Garganacl|50\/100\n|-heal|p2a: Garganacl|56\/100|[from] item: Leftovers\n|-damage|p1a: Quagsire|55\/100|[from] Salt Cure\n|upkeep\n|turn|12\n|\n|t:|1700308279\n|move|p2a: Garganacl|Recover|p2a: Garganacl\n|-heal|p2a: Garganacl|100\/100\n|move|p1a: Quagsire|Recover|p1a: Quagsire\n|-heal|p1a: Quagsire|100\/100\n|\n|-damage|p1a: Quagsire|76\/100|[from] Salt Cure\n|upkeep\n|turn|13\n|\n|t:|1700308295\n|switch|p2a: Espeon|Espeon, F|72\/100\n|switch|p1a: Slowking|Slowking-Galar, M, shiny|100\/100 brn\n|\n|-damage|p1a: Slowking|94\/100 brn|[from] brn\n|upkeep\n|turn|14\n|\n|t:|1700308301\n|move|p2a: Espeon|Psyshock|p1a: Slowking\n|-damage|p1a: Slowking|59\/100 brn\n|move|p1a: Slowking|Sludge Bomb|p2a: Espeon\n|-damage|p2a: Espeon|44\/100\n|-status|p2a: Espeon|psn\n|\n|-damage|p2a: Espeon|32\/100 psn|[from] psn\n|-damage|p1a: Slowking|53\/100 brn|[from] brn\n|upkeep\n|turn|15\n|\n|t:|1700308311\n|switch|p2a: Garganacl|Garganacl, M, shiny, tera:Ghost|100\/100\n|move|p1a: Slowking|Sludge Bomb|p2a: Garganacl\n|-resisted|p2a: Garganacl\n|-damage|p2a: Garganacl|84\/100\n|\n|-heal|p2a: Garganacl|91\/100|[from] item: Leftovers\n|-damage|p1a: Slowking|47\/100 brn|[from] brn\n|upkeep\n|turn|16\n|\n|t:|1700308322\n|switch|p1a: Hydreigon|Hydreigon, M|76\/100\n|move|p2a: Garganacl|Salt Cure|p1a: Hydreigon\n|-damage|p1a: Hydreigon|63\/100\n|-start|p1a: Hydreigon|Salt Cure\n|\n|-heal|p2a: Garganacl|97\/100|[from] item: Leftovers\n|-damage|p1a: Hydreigon|50\/100|[from] Salt Cure\n|upkeep\n|turn|17\n|\n|t:|1700308332\n|switch|p2a: Umbreon|Umbreon, M, shiny|100\/100\n|move|p1a: Hydreigon|Dark Pulse|p2a: Umbreon\n|-resisted|p2a: Umbreon\n|-damage|p2a: Umbreon|87\/100\n|\n|-heal|p2a: Umbreon|93\/100|[from] item: Leftovers\n|-damage|p1a: Hydreigon|38\/100|[from] Salt Cure\n|upkeep\n|turn|18\n|\n|t:|1700308343\n|switch|p1a: Slowking|Slowking-Galar, M, shiny|80\/100 brn\n|move|p2a: Umbreon|Wish|p2a: Umbreon\n|\n|-heal|p2a: Umbreon|99\/100|[from] item: Leftovers\n|-damage|p1a: Slowking|74\/100 brn|[from] brn\n|upkeep\n|turn|19\n|\n|t:|1700308351\n|switch|p2a: Garganacl|Garganacl, M, shiny, tera:Ghost|97\/100\n|move|p1a: Slowking|Sludge Bomb|p2a: Garganacl\n|-resisted|p2a: Garganacl\n|-damage|p2a: Garganacl|83\/100\n|\n|-heal|p2a: Garganacl|100\/100|[from] move: Wish|[wisher] Umbreon\n|-damage|p1a: Slowking|68\/100 brn|[from] brn\n|upkeep\n|turn|20\n|\n|t:|1700308365\n|switch|p1a: Hydreigon|Hydreigon, M|38\/100\n|move|p2a: Garganacl|Salt Cure|p1a: Hydreigon\n|-damage|p1a: Hydreigon|23\/100\n|-start|p1a: Hydreigon|Salt Cure\n|\n|-damage|p1a: Hydreigon|11\/100|[from] Salt Cure\n|upkeep\n|turn|21\n|\n|t:|1700308373\n|switch|p2a: Umbreon|Umbreon, M, shiny|99\/100\n|move|p1a: Hydreigon|Nasty Plot|p1a: Hydreigon\n|-boost|p1a: Hydreigon|spa|2\n|\n|-heal|p2a: Umbreon|100\/100|[from] item: Leftovers\n|-damage|p1a: Hydreigon|0 fnt|[from] Salt Cure\n|faint|p1a: Hydreigon\n|upkeep\n|\n|t:|1700308389\n|switch|p1a: Goodra|Goodra-Hisui, F|100\/100\n|turn|22\n|\n|t:|1700308397\n|switch|p1a: Slowking|Slowking-Galar, M, shiny|100\/100 brn\n|move|p2a: Umbreon|Yawn||[still]\n|-fail|p2a: Umbreon\n|\n|-damage|p1a: Slowking|94\/100 brn|[from] brn\n|upkeep\n|turn|23\n|\n|t:|1700308405\n|switch|p2a: Garganacl|Garganacl, M, shiny, tera:Ghost|100\/100\n|move|p1a: Slowking|Future Sight|p2a: Garganacl\n|-start|p1a: Slowking|move: Future Sight\n|\n|-damage|p1a: Slowking|88\/100 brn|[from] brn\n|upkeep\n|turn|24\n|\n|t:|1700308417\n|switch|p1a: Quagsire|Quagsire, F|76\/100\n|move|p2a: Garganacl|Salt Cure|p1a: Quagsire\n|-resisted|p1a: Quagsire\n|-damage|p1a: Quagsire|70\/100\n|-start|p1a: Quagsire|Salt Cure\n|\n|-damage|p1a: Quagsire|45\/100|[from] Salt Cure\n|upkeep\n|turn|25\n|\n|t:|1700308425\n|switch|p2a: Umbreon|Umbreon, M, shiny|100\/100\n|move|p1a: Quagsire|Recover|p1a: Quagsire\n|-heal|p1a: Quagsire|95\/100\n|\n|-end|p2a: Umbreon|move: Future Sight\n|-immune|p2a: Umbreon\n|-damage|p1a: Quagsire|71\/100|[from] Salt Cure\n|upkeep\n|turn|26\n|\n|t:|1700308437\n|switch|p2a: Rotom|Rotom-Wash|100\/100\n|switch|p1a: Slowking|Slowking-Galar, M, shiny|100\/100 brn\n|\n|-damage|p1a: Slowking|94\/100 brn|[from] brn\n|upkeep\n|turn|27\n|\n|t:|1700308449\n|move|p2a: Rotom|Volt Switch|p1a: Slowking\n|-damage|p1a: Slowking|63\/100 brn\n|\n|t:|1700308452\n|switch|p2a: Garganacl|Garganacl, M, shiny, tera:Ghost|100\/100|[from] Volt Switch\n|move|p1a: Slowking|Future Sight|p2a: Garganacl\n|-start|p1a: Slowking|move: Future Sight\n|\n|-damage|p1a: Slowking|57\/100 brn|[from] brn\n|upkeep\n|turn|28\n|\n|t:|1700308458\n|switch|p1a: Quagsire|Quagsire, F|71\/100\n|move|p2a: Garganacl|Salt Cure|p1a: Quagsire\n|-resisted|p1a: Quagsire\n|-damage|p1a: Quagsire|66\/100\n|-start|p1a: Quagsire|Salt Cure\n|\n|-damage|p1a: Quagsire|41\/100|[from] Salt Cure\n|upkeep\n|turn|29\n|\n|t:|1700308466\n|move|p1a: Quagsire|Recover|p1a: Quagsire\n|-heal|p1a: Quagsire|91\/100\n|move|p2a: Garganacl|Iron Defense|p2a: Garganacl\n|-boost|p2a: Garganacl|def|2\n|\n|-end|p2a: Garganacl|move: Future Sight\n|-damage|p2a: Garganacl|58\/100\n|-heal|p2a: Garganacl|64\/100|[from] item: Leftovers\n|-damage|p1a: Quagsire|66\/100|[from] Salt Cure\n|upkeep\n|turn|30\n|\n|t:|1700308478\n|switch|p1a: Slowking|Slowking-Galar, M, shiny|91\/100 brn\n|move|p2a: Garganacl|Recover|p2a: Garganacl\n|-heal|p2a: Garganacl|100\/100\n|\n|-damage|p1a: Slowking|84\/100 brn|[from] brn\n|upkeep\n|turn|31\n|\n|t:|1700308488\n|move|p1a: Slowking|Future Sight|p2a: Garganacl\n|-start|p1a: Slowking|move: Future Sight\n|move|p2a: Garganacl|Iron Defense|p2a: Garganacl\n|-boost|p2a: Garganacl|def|2\n|\n|-damage|p1a: Slowking|78\/100 brn|[from] brn\n|upkeep\n|turn|32\n|\n|t:|1700308494\n|switch|p1a: Quagsire|Quagsire, F|66\/100\n|move|p2a: Garganacl|Salt Cure|p1a: Quagsire\n|-resisted|p1a: Quagsire\n|-damage|p1a: Quagsire|62\/100\n|-start|p1a: Quagsire|Salt Cure\n|\n|-damage|p1a: Quagsire|37\/100|[from] Salt Cure\n|upkeep\n|turn|33\n|\n|t:|1700308502\n|move|p1a: Quagsire|Recover|p1a: Quagsire\n|-heal|p1a: Quagsire|87\/100\n|move|p2a: Garganacl|Body Press|p1a: Quagsire\n|-damage|p1a: Quagsire|70\/100\n|-damage|p2a: Garganacl|84\/100|[from] item: Rocky Helmet|[of] p1a: Quagsire\n|\n|-end|p2a: Garganacl|move: Future Sight\n|-damage|p2a: Garganacl|43\/100\n|-heal|p2a: Garganacl|49\/100|[from] item: Leftovers\n|-damage|p1a: Quagsire|46\/100|[from] Salt Cure\n|upkeep\n|turn|34\n|\n|t:|1700308513\n|switch|p1a: Slowking|Slowking-Galar, M, shiny|100\/100 brn\n|move|p2a: Garganacl|Recover|p2a: Garganacl\n|-heal|p2a: Garganacl|99\/100\n|\n|-heal|p2a: Garganacl|100\/100|[from] item: Leftovers\n|-damage|p1a: Slowking|94\/100 brn|[from] brn\n|upkeep\n|turn|35\n|\n|t:|1700308521\n|move|p1a: Slowking|Sludge Bomb|p2a: Garganacl\n|-resisted|p2a: Garganacl\n|-damage|p2a: Garganacl|86\/100\n|move|p2a: Garganacl|Salt Cure|p1a: Slowking\n|-damage|p1a: Slowking|81\/100 brn\n|-start|p1a: Slowking|Salt Cure\n|\n|-heal|p2a: Garganacl|92\/100|[from] item: Leftovers\n|-damage|p1a: Slowking|75\/100 brn|[from] brn\n|-damage|p1a: Slowking|62\/100 brn|[from] Salt Cure\n|upkeep\n|turn|36\n|\n|t:|1700308530\n|move|p1a: Slowking|Sludge Bomb|p2a: Garganacl\n|-resisted|p2a: Garganacl\n|-damage|p2a: Garganacl|77\/100\n|move|p2a: Garganacl|Salt Cure|p1a: Slowking\n|-damage|p1a: Slowking|49\/100 brn\n|\n|-heal|p2a: Garganacl|83\/100|[from] item: Leftovers\n|-damage|p1a: Slowking|43\/100 brn|[from] brn\n|-damage|p1a: Slowking|30\/100 brn|[from] Salt Cure\n|upkeep\n|turn|37\n|\n|t:|1700308540\n|switch|p1a: Quagsire|Quagsire, F|46\/100\n|move|p2a: Garganacl|Salt Cure|p1a: Quagsire\n|-resisted|p1a: Quagsire\n|-damage|p1a: Quagsire|41\/100\n|-start|p1a: Quagsire|Salt Cure\n|\n|-heal|p2a: Garganacl|90\/100|[from] item: Leftovers\n|-damage|p1a: Quagsire|16\/100|[from] Salt Cure\n|upkeep\n|turn|38\n|\n|t:|1700308551\n|switch|p2a: Espeon|Espeon, F|32\/100 psn\n|move|p1a: Quagsire|Recover|p1a: Quagsire\n|-heal|p1a: Quagsire|66\/100\n|\n|-damage|p2a: Espeon|20\/100 psn|[from] psn\n|-damage|p1a: Quagsire|41\/100|[from] Salt Cure\n|upkeep\n|turn|39\n|\n|t:|1700308559\n|switch|p1a: Slowking|Slowking-Galar, M, shiny|64\/100 brn\n|move|p2a: Espeon|Psyshock|p1a: Slowking\n|-damage|p1a: Slowking|29\/100 brn\n|\n|-damage|p2a: Espeon|7\/100 psn|[from] psn\n|-damage|p1a: Slowking|23\/100 brn|[from] brn\n|upkeep\n|turn|40\n|\n|t:|1700308567\n|switch|p1a: Goodra|Goodra-Hisui, F|100\/100\n|move|p2a: Espeon|Psyshock|p1a: Goodra\n|-resisted|p1a: Goodra\n|-damage|p1a: Goodra|85\/100\n|\n|-damage|p2a: Espeon|0 fnt|[from] psn\n|faint|p2a: Espeon\n|upkeep\n|\n|t:|1700308572\n|switch|p2a: Rotom|Rotom-Wash|100\/100\n|turn|41\n|\n|t:|1700308582\n|switch|p1a: Slowking|Slowking-Galar, M, shiny|56\/100 brn\n|move|p2a: Rotom|Will-O-Wisp|p1a: Slowking|[miss]\n|-miss|p2a: Rotom|p1a: Slowking\n|\n|-damage|p1a: Slowking|50\/100 brn|[from] brn\n|upkeep\n|turn|42\n|\n|t:|1700308589\n|move|p2a: Rotom|Hydro Pump|p1a: Slowking\n|-damage|p1a: Slowking|4\/100 brn\n|move|p1a: Slowking|Sludge Bomb|p2a: Rotom\n|-damage|p2a: Rotom|50\/100\n|\n|-heal|p2a: Rotom|56\/100|[from] item: Leftovers\n|-damage|p1a: Slowking|0 fnt|[from] brn\n|faint|p1a: Slowking\n|upkeep\n|\n|t:|1700308602\n|switch|p1a: Goodra|Goodra-Hisui, F|85\/100\n|turn|43\n|\n|t:|1700308611\n|-terastallize|p1a: Goodra|Dragon\n|move|p2a: Rotom|Will-O-Wisp|p1a: Goodra\n|-status|p1a: Goodra|brn\n|move|p1a: Goodra|Draco Meteor|p2a: Rotom\n|-damage|p2a: Rotom|0 fnt\n|-unboost|p1a: Goodra|spa|2\n|faint|p2a: Rotom\n|\n|-damage|p1a: Goodra|79\/100 brn|[from] brn\n|upkeep\n|\n|t:|1700308619\n|switch|p2a: Garganacl|Garganacl, M, shiny, tera:Ghost|90\/100\n|turn|44\n|\n|t:|1700308626\n|switch|p1a: Quagsire|Quagsire, F|41\/100\n|move|p2a: Garganacl|Salt Cure|p1a: Quagsire\n|-resisted|p1a: Quagsire\n|-damage|p1a: Quagsire|36\/100\n|-start|p1a: Quagsire|Salt Cure\n|\n|-heal|p2a: Garganacl|96\/100|[from] item: Leftovers\n|-damage|p1a: Quagsire|12\/100|[from] Salt Cure\n|upkeep\n|turn|45\n|\n|t:|1700308635\n|move|p1a: Quagsire|Ice Punch|p2a: Garganacl\n|-damage|p2a: Garganacl|85\/100\n|move|p2a: Garganacl|Iron Defense|p2a: Garganacl\n|-boost|p2a: Garganacl|def|2\n|\n|-heal|p2a: Garganacl|91\/100|[from] item: Leftovers\n|-damage|p1a: Quagsire|0 fnt|[from] Salt Cure\n|faint|p1a: Quagsire\n|upkeep\n|\n|t:|1700308644\n|switch|p1a: Talonflame|Talonflame, F|100\/100\n|turn|46\n|c|\u2606liaoya|haha\n|\n|t:|1700308649\n|move|p1a: Talonflame|Hurricane|p2a: Garganacl\n|-crit|p2a: Garganacl\n|-damage|p2a: Garganacl|53\/100\n|-start|p2a: Garganacl|confusion\n|-activate|p2a: Garganacl|confusion\n|move|p2a: Garganacl|Salt Cure|p1a: Talonflame\n|-supereffective|p1a: Talonflame\n|-damage|p1a: Talonflame|40\/100\n|-start|p1a: Talonflame|Salt Cure\n|\n|-heal|p2a: Garganacl|59\/100|[from] item: Leftovers\n|-damage|p1a: Talonflame|28\/100|[from] Salt Cure\n|upkeep\n|turn|47\n|c|\u2606liaoya|hahahaha\n|\n|t:|1700308660\n|switch|p1a: Goodra|Goodra-Hisui, F, tera:Dragon|79\/100 brn\n|-activate|p2a: Garganacl|confusion\n|move|p2a: Garganacl|Recover|p2a: Garganacl\n|-heal|p2a: Garganacl|100\/100\n|\n|-damage|p1a: Goodra|73\/100 brn|[from] brn\n|upkeep\n|turn|48\n|c|\u2606liaoya|ha\u2014ha\n|\n|t:|1700308668\n|move|p1a: Goodra|Draco Meteor|p2a: Garganacl\n|-damage|p2a: Garganacl|41\/100\n|-unboost|p1a: Goodra|spa|2\n|-activate|p2a: Garganacl|confusion\n|-damage|p2a: Garganacl|38\/100|[from] confusion\n|\n|-heal|p2a: Garganacl|44\/100|[from] item: Leftovers\n|-damage|p1a: Goodra|67\/100 brn|[from] brn\n|upkeep\n|turn|49\n|\n|t:|1700308677\n|move|p1a: Goodra|Draco Meteor|p2a: Garganacl\n|-damage|p2a: Garganacl|16\/100\n|-unboost|p1a: Goodra|spa|2\n|-activate|p2a: Garganacl|confusion\n|-damage|p2a: Garganacl|12\/100|[from] confusion\n|\n|-heal|p2a: Garganacl|19\/100|[from] item: Leftovers\n|-damage|p1a: Goodra|61\/100 brn|[from] brn\n|upkeep\n|turn|50\n|\n|t:|1700308687\n|move|p1a: Goodra|Draco Meteor|p2a: Garganacl\n|-damage|p2a: Garganacl|1\/100\n|-unboost|p1a: Goodra|spa|2\n|-end|p2a: Garganacl|confusion\n|move|p2a: Garganacl|Recover|p2a: Garganacl\n|-heal|p2a: Garganacl|51\/100\n|\n|-heal|p2a: Garganacl|57\/100|[from] item: Leftovers\n|-damage|p1a: Goodra|55\/100 brn|[from] brn\n|upkeep\n|turn|51\n|\n|t:|1700308700\n|switch|p1a: Talonflame|Talonflame, F|28\/100\n|move|p2a: Garganacl|Recover|p2a: Garganacl\n|-heal|p2a: Garganacl|100\/100\n|\n|upkeep\n|turn|52\n|\n|t:|1700308706\n|move|p1a: Talonflame|Hurricane|p2a: Garganacl\n|-damage|p2a: Garganacl|79\/100\n|move|p2a: Garganacl|Salt Cure|p1a: Talonflame\n|-supereffective|p1a: Talonflame\n|-damage|p1a: Talonflame|0 fnt\n|faint|p1a: Talonflame\n|\n|-heal|p2a: Garganacl|85\/100|[from] item: Leftovers\n|upkeep\n|\n|t:|1700308714\n|switch|p1a: Goodra|Goodra-Hisui, F, tera:Dragon|55\/100 brn\n|turn|53\n|c|\u2606liaoya|gg\n|\n|t:|1700308718\n|move|p1a: Goodra|Draco Meteor|p2a: Garganacl\n|-damage|p2a: Garganacl|25\/100\n|-unboost|p1a: Goodra|spa|2\n|move|p2a: Garganacl|Salt Cure|p1a: Goodra\n|-damage|p1a: Goodra|42\/100 brn\n|-start|p1a: Goodra|Salt Cure\n|\n|-heal|p2a: Garganacl|32\/100|[from] item: Leftovers\n|-damage|p1a: Goodra|36\/100 brn|[from] brn\n|-damage|p1a: Goodra|24\/100 brn|[from] Salt Cure\n|upkeep\n|turn|54\n|\n|t:|1700308729\n|move|p1a: Goodra|Draco Meteor|p2a: Garganacl\n|-damage|p2a: Garganacl|2\/100\n|-unboost|p1a: Goodra|spa|2\n|move|p2a: Garganacl|Recover|p2a: Garganacl\n|-heal|p2a: Garganacl|52\/100\n|\n|-heal|p2a: Garganacl|58\/100|[from] item: Leftovers\n|-damage|p1a: Goodra|18\/100 brn|[from] brn\n|-damage|p1a: Goodra|5\/100 brn|[from] Salt Cure\n|upkeep\n|turn|55\n|\n|t:|1700308739\n|move|p1a: Goodra|Draco Meteor|p2a: Garganacl\n|-damage|p2a: Garganacl|38\/100\n|-unboost|p1a: Goodra|spa|2\n|move|p2a: Garganacl|Recover|p2a: Garganacl\n|-heal|p2a: Garganacl|88\/100\n|\n|-heal|p2a: Garganacl|94\/100|[from] item: Leftovers\n|-damage|p1a: Goodra|0 fnt|[from] brn\n|faint|p1a: Goodra\n|\n|win|liaoya\n|upkeep\n|raw|trainereulb's rating: 1533 &rarr; <strong>1513<\/strong><br \/>(-20 for losing)\n|raw|liaoya's rating: 1536 &rarr; <strong>1556<\/strong><br \/>(+20 for winning)\n","uploadtime":1700308743,"views":9,"p1id":"trainereulb","p2id":"liaoya","formatid":"gen9ou","rating":1513,"private":0,"password":""}