{"id":"gen9ou-1991143797","p1":"dwbgdvwgavd","p2":"n00b3r","format":"[Gen 9] OU","log":"|j|\u2606dwbgdvwgavd\n|j|\u2606n00b3r\n|t:|1700049528\n|gametype|singles\n|player|p1|dwbgdvwgavd|gentleman|1000\n|player|p2|n00b3r|266|1106\n|teamsize|p1|6\n|teamsize|p2|6\n|gen|9\n|tier|[Gen 9] OU\n|rated|\n|rule|Sleep Clause Mod: Limit one foe put to sleep\n|rule|Species Clause: Limit one of each Pok\u00e9mon\n|rule|OHKO Clause: OHKO moves are banned\n|rule|Evasion Items Clause: Evasion items are banned\n|rule|Evasion Moves Clause: Evasion moves are banned\n|rule|Endless Battle Clause: Forcing endless battles is banned\n|rule|HP Percentage Mod: HP is shown in percentages\n|clearpoke\n|poke|p1|Rillaboom, M|\n|poke|p1|Iron Valiant|\n|poke|p1|Maushold|\n|poke|p1|Heatran, F|\n|poke|p1|Great Tusk|\n|poke|p1|Sneasler, M|\n|poke|p2|Ting-Lu|\n|poke|p2|Gholdengo|\n|poke|p2|Enamorus, F|\n|poke|p2|Great Tusk|\n|poke|p2|Volcanion|\n|poke|p2|Amoonguss, M|\n|teampreview\n|inactive|Battle timer is ON: inactive players will automatically lose when time's up. (requested by n00b3r)\n|\n|t:|1700049549\n|start\n|switch|p1a: HOWKINGS|Maushold|100\/100\n|switch|p2a: Ting-Lu|Ting-Lu|100\/100\n|-ability|p2a: Ting-Lu|Vessel of Ruin\n|turn|1\n|c|\u2606n00b3r|gl hf\n|\n|t:|1700049566\n|switch|p1a: SAVOURAS|Heatran, F|100\/100\n|-item|p1a: SAVOURAS|Air Balloon\n|move|p2a: Ting-Lu|Spikes|p1a: SAVOURAS\n|-sidestart|p1: dwbgdvwgavd|Spikes\n|\n|upkeep\n|turn|2\n|\n|t:|1700049579\n|move|p1a: SAVOURAS|Magma Storm|p2a: Ting-Lu\n|-damage|p2a: Ting-Lu|77\/100\n|-activate|p2a: Ting-Lu|move: Magma Storm|[of] p1a: SAVOURAS\n|move|p2a: Ting-Lu|Whirlwind|p1a: SAVOURAS\n|drag|p1a: GREAT FREEZAI|Great Tusk|100\/100\n|-damage|p1a: GREAT FREEZAI|88\/100|[from] Spikes\n|-enditem|p1a: GREAT FREEZAI|Booster Energy\n|-activate|p1a: GREAT FREEZAI|ability: Protosynthesis|[fromitem]\n|-start|p1a: GREAT FREEZAI|protosynthesisspe\n|\n|-heal|p2a: Ting-Lu|83\/100|[from] item: Leftovers\n|-end|p2a: Ting-Lu|Magma Storm|[partiallytrapped]|[silent]\n|upkeep\n|turn|3\n|\n|t:|1700049591\n|-end|p1a: GREAT FREEZAI|Protosynthesis|[silent]\n|switch|p1a: HOWKINGS|Maushold|100\/100\n|-damage|p1a: HOWKINGS|88\/100|[from] Spikes\n|move|p2a: Ting-Lu|Spikes|p1a: HOWKINGS\n|-sidestart|p1: dwbgdvwgavd|Spikes\n|\n|-heal|p2a: Ting-Lu|89\/100|[from] item: Leftovers\n|upkeep\n|turn|4\n|\n|t:|1700049597\n|move|p1a: HOWKINGS|Tidy Up|p1a: HOWKINGS\n|-sideend|p1: dwbgdvwgavd|Spikes\n|-activate|p1a: HOWKINGS|move: Tidy Up\n|-boost|p1a: HOWKINGS|atk|1\n|-boost|p1a: HOWKINGS|spe|1\n|move|p2a: Ting-Lu|Whirlwind|p1a: HOWKINGS\n|drag|p1a: ISZA (2X SPEED)|Sneasler, M|100\/100\n|\n|-heal|p2a: Ting-Lu|95\/100|[from] item: Leftovers\n|upkeep\n|turn|5\n|\n|t:|1700049611\n|switch|p1a: VIVALOSPRIDE|Rillaboom, M|100\/100\n|-fieldstart|move: Grassy Terrain|[from] ability: Grassy Surge|[of] p1a: VIVALOSPRIDE\n|-terastallize|p2a: Ting-Lu|Ghost\n|move|p2a: Ting-Lu|Earthquake|p1a: VIVALOSPRIDE\n|-resisted|p1a: VIVALOSPRIDE\n|-crit|p1a: VIVALOSPRIDE\n|-damage|p1a: VIVALOSPRIDE|86\/100\n|\n|-heal|p1a: VIVALOSPRIDE|92\/100|[from] Grassy Terrain\n|-heal|p2a: Ting-Lu|100\/100|[from] Grassy Terrain\n|upkeep\n|turn|6\n|\n|t:|1700049623\n|move|p1a: VIVALOSPRIDE|Knock Off|p2a: Ting-Lu\n|-supereffective|p2a: Ting-Lu\n|-damage|p2a: Ting-Lu|62\/100\n|-enditem|p2a: Ting-Lu|Leftovers|[from] move: Knock Off|[of] p1a: VIVALOSPRIDE\n|move|p2a: Ting-Lu|Ruination|p1a: VIVALOSPRIDE\n|-damage|p1a: VIVALOSPRIDE|46\/100\n|\n|-heal|p1a: VIVALOSPRIDE|52\/100|[from] Grassy Terrain\n|-heal|p2a: Ting-Lu|68\/100|[from] Grassy Terrain\n|upkeep\n|turn|7\n|\n|t:|1700049634\n|move|p1a: VIVALOSPRIDE|Knock Off|p2a: Ting-Lu\n|-supereffective|p2a: Ting-Lu\n|-damage|p2a: Ting-Lu|41\/100\n|move|p2a: Ting-Lu|Whirlwind|p1a: VIVALOSPRIDE\n|drag|p1a: GREAT FREEZAI|Great Tusk|88\/100\n|\n|-heal|p1a: GREAT FREEZAI|94\/100|[from] Grassy Terrain\n|-heal|p2a: Ting-Lu|47\/100|[from] Grassy Terrain\n|upkeep\n|turn|8\n|\n|t:|1700049643\n|move|p1a: GREAT FREEZAI|Headlong Rush|p2a: Ting-Lu\n|-damage|p2a: Ting-Lu|19\/100\n|-unboost|p1a: GREAT FREEZAI|def|1\n|-unboost|p1a: GREAT FREEZAI|spd|1\n|move|p2a: Ting-Lu|Ruination|p1a: GREAT FREEZAI\n|-damage|p1a: GREAT FREEZAI|47\/100\n|\n|-heal|p1a: GREAT FREEZAI|54\/100|[from] Grassy Terrain\n|-heal|p2a: Ting-Lu|25\/100|[from] Grassy Terrain\n|upkeep\n|turn|9\n|\n|t:|1700049652\n|move|p1a: GREAT FREEZAI|Headlong Rush|p2a: Ting-Lu\n|-damage|p2a: Ting-Lu|0 fnt\n|-unboost|p1a: GREAT FREEZAI|def|1\n|-unboost|p1a: GREAT FREEZAI|spd|1\n|faint|p2a: Ting-Lu\n|\n|-heal|p1a: GREAT FREEZAI|60\/100|[from] Grassy Terrain\n|-fieldend|move: Grassy Terrain\n|upkeep\n|\n|t:|1700049656\n|switch|p2a: Volcanion|Volcanion|100\/100\n|turn|10\n|\n|t:|1700049661\n|move|p1a: GREAT FREEZAI|Headlong Rush|p2a: Volcanion\n|-supereffective|p2a: Volcanion\n|-crit|p2a: Volcanion\n|-damage|p2a: Volcanion|0 fnt\n|-unboost|p1a: GREAT FREEZAI|def|1\n|-unboost|p1a: GREAT FREEZAI|spd|1\n|faint|p2a: Volcanion\n|\n|upkeep\n|\n|t:|1700049675\n|switch|p2a: Great Tusk|Great Tusk|100\/100\n|turn|11\n|\n|t:|1700049683\n|-end|p1a: GREAT FREEZAI|Protosynthesis|[silent]\n|switch|p1a: HOWKINGS|Maushold|88\/100\n|move|p2a: Great Tusk|Rapid Spin|p1a: HOWKINGS\n|-damage|p1a: HOWKINGS|61\/100\n|-boost|p2a: Great Tusk|spe|1\n|\n|upkeep\n|turn|12\n|\n|t:|1700049692\n|move|p2a: Great Tusk|Earthquake|p1a: HOWKINGS\n|-damage|p1a: HOWKINGS|0 fnt\n|faint|p1a: HOWKINGS\n|\n|upkeep\n|\n|t:|1700049699\n|switch|p1a: IRON PUNNY|Iron Valiant|100\/100\n|-enditem|p1a: IRON PUNNY|Booster Energy\n|-activate|p1a: IRON PUNNY|ability: Quark Drive|[fromitem]\n|-start|p1a: IRON PUNNY|quarkdrivespe\n|turn|13\n|\n|t:|1700049707\n|move|p1a: IRON PUNNY|Moonblast|p2a: Great Tusk\n|-supereffective|p2a: Great Tusk\n|-damage|p2a: Great Tusk|0 fnt\n|faint|p2a: Great Tusk\n|-end|p2a: Great Tusk|Protosynthesis|[silent]\n|\n|upkeep\n|\n|t:|1700049714\n|switch|p2a: Enamorus|Enamorus, F|100\/100\n|turn|14\n|\n|t:|1700049725\n|move|p1a: IRON PUNNY|Thunderbolt|p2a: Enamorus\n|-supereffective|p2a: Enamorus\n|-damage|p2a: Enamorus|29\/100\n|move|p2a: Enamorus|Calm Mind|p2a: Enamorus\n|-boost|p2a: Enamorus|spa|1\n|-boost|p2a: Enamorus|spd|1\n|\n|-heal|p2a: Enamorus|35\/100|[from] item: Leftovers\n|upkeep\n|turn|15\n|\n|t:|1700049731\n|move|p1a: IRON PUNNY|Thunderbolt|p2a: Enamorus\n|-supereffective|p2a: Enamorus\n|-damage|p2a: Enamorus|0 fnt\n|faint|p2a: Enamorus\n|\n|upkeep\n|\n|t:|1700049733\n|switch|p2a: Amoonguss|Amoonguss, M|100\/100\n|turn|16\n|\n|t:|1700049741\n|move|p1a: IRON PUNNY|Taunt|p2a: Amoonguss\n|-start|p2a: Amoonguss|move: Taunt\n|cant|p2a: Amoonguss|move: Taunt|Spore\n|\n|upkeep\n|turn|17\n|\n|t:|1700049757\n|-end|p1a: IRON PUNNY|Quark Drive|[silent]\n|switch|p1a: SAVOURAS|Heatran, F|100\/100\n|-item|p1a: SAVOURAS|Air Balloon\n|move|p2a: Amoonguss|Giga Drain|p1a: SAVOURAS\n|-resisted|p1a: SAVOURAS\n|-damage|p1a: SAVOURAS|95\/100\n|-enditem|p1a: SAVOURAS|Air Balloon\n|\n|upkeep\n|turn|18\n|\n|t:|1700049762\n|move|p1a: SAVOURAS|Magma Storm|p2a: Amoonguss|[miss]\n|-miss|p1a: SAVOURAS|p2a: Amoonguss\n|move|p2a: Amoonguss|Foul Play|p1a: SAVOURAS\n|-damage|p1a: SAVOURAS|81\/100\n|\n|-end|p2a: Amoonguss|move: Taunt\n|upkeep\n|turn|19\n|\n|t:|1700049766\n|switch|p2a: Gholdengo|Gholdengo|100\/100\n|move|p1a: SAVOURAS|Taunt|p2a: Gholdengo\n|-immune|p2a: Gholdengo|[from] ability: Good as Gold\n|\n|upkeep\n|turn|20\n|\n|t:|1700049777\n|move|p2a: Gholdengo|Shadow Ball|p1a: SAVOURAS\n|-damage|p1a: SAVOURAS|46\/100\n|move|p1a: SAVOURAS|Magma Storm|p2a: Gholdengo\n|-supereffective|p2a: Gholdengo\n|-damage|p2a: Gholdengo|0 fnt\n|faint|p2a: Gholdengo\n|\n|upkeep\n|-message|n00b3r forfeited.\n|\n|win|dwbgdvwgavd\n|raw|dwbgdvwgavd's rating: 1000 &rarr; <strong>1052<\/strong><br \/>(+52 for winning)\n|raw|n00b3r's rating: 1106 &rarr; <strong>1074<\/strong><br \/>(-32 for losing)\n|l|\u2606n00b3r\n","uploadtime":1700049812,"views":7,"p1id":"dwbgdvwgavd","p2id":"n00b3r","formatid":"gen9ou","rating":1052,"private":0,"password":""}