{"id":"gen9ou-1997888472","p1":"Pllv51 soviet","p2":"Feraligatr08","format":"[Gen 9] OU","log":"|j|\u2606Pllv51 soviet\n|j|\u2606Feraligatr08\n|t:|1700863960\n|gametype|singles\n|player|p1|Pllv51 soviet|chef|1616\n|player|p2|Feraligatr08|n|1564\n|teamsize|p1|6\n|teamsize|p2|6\n|gen|9\n|tier|[Gen 9] OU\n|rated|\n|rule|Sleep Clause Mod: Limit one foe put to sleep\n|rule|Species Clause: Limit one of each Pok\u00e9mon\n|rule|OHKO Clause: OHKO moves are banned\n|rule|Evasion Items Clause: Evasion items are banned\n|rule|Evasion Moves Clause: Evasion moves are banned\n|rule|Endless Battle Clause: Forcing endless battles is banned\n|rule|HP Percentage Mod: HP is shown in percentages\n|clearpoke\n|poke|p1|Dragapult, F|\n|poke|p1|Rillaboom, F|\n|poke|p1|Slowking-Galar, F|\n|poke|p1|Moltres|\n|poke|p1|Great Tusk|\n|poke|p1|Kingambit, F|\n|poke|p2|Kingambit, F|\n|poke|p2|Glimmora, F|\n|poke|p2|Zamazenta-*|\n|poke|p2|Iron Valiant|\n|poke|p2|Iron Moth|\n|poke|p2|Ogerpon-Wellspring, F|\n|teampreview\n|inactive|Battle timer is ON: inactive players will automatically lose when time's up. (requested by Pllv51 soviet)\n|\n|t:|1700863966\n|start\n|switch|p1a: Dragapult|Dragapult, F|100\/100\n|switch|p2a: Glimmora|Glimmora, F|100\/100\n|turn|1\n|\n|t:|1700863972\n|move|p1a: Dragapult|Shadow Ball|p2a: Glimmora\n|-damage|p2a: Glimmora|23\/100\n|move|p2a: Glimmora|Stealth Rock|p1a: Dragapult\n|-sidestart|p1: Pllv51 soviet|move: Stealth Rock\n|\n|upkeep\n|turn|2\n|\n|t:|1700863974\n|switch|p2a: Kingambit|Kingambit, F|100\/100\n|move|p1a: Dragapult|Shadow Ball|p2a: Kingambit\n|-resisted|p2a: Kingambit\n|-damage|p2a: Kingambit|69\/100\n|\n|upkeep\n|turn|3\n|\n|t:|1700863983\n|switch|p1a: Great Tusk|Great Tusk|100\/100\n|-end|p2a: Kingambit|fallenundefined|[silent]\n|switch|p2a: Ogerpon|Ogerpon-Wellspring, F|100\/100\n|\n|upkeep\n|turn|4\n|\n|t:|1700863993\n|move|p2a: Ogerpon|Knock Off|p1a: Great Tusk\n|-resisted|p1a: Great Tusk\n|-damage|p1a: Great Tusk|86\/100\n|-enditem|p1a: Great Tusk|Heavy-Duty Boots|[from] move: Knock Off|[of] p2a: Ogerpon\n|move|p1a: Great Tusk|Rapid Spin|p2a: Ogerpon\n|-damage|p2a: Ogerpon|76\/100\n|-boost|p1a: Great Tusk|spe|1\n|-sideend|p1: Pllv51 soviet|Stealth Rock|[from] move: Rapid Spin|[of] p1a: Great Tusk\n|\n|upkeep\n|turn|5\n|\n|t:|1700864000\n|-end|p1a: Great Tusk|Protosynthesis|[silent]\n|switch|p1a: Dragapult|Dragapult, F|100\/100\n|move|p2a: Ogerpon|Ivy Cudgel|p1a: Dragapult|[anim] Ivy Cudgel Water\n|-resisted|p1a: Dragapult\n|-damage|p1a: Dragapult|60\/100\n|\n|upkeep\n|turn|6\n|\n|t:|1700864005\n|move|p1a: Dragapult|Shadow Ball|p2a: Ogerpon\n|-damage|p2a: Ogerpon|7\/100\n|move|p2a: Ogerpon|Knock Off|p1a: Dragapult\n|-supereffective|p1a: Dragapult\n|-damage|p1a: Dragapult|0 fnt\n|-enditem|p1a: Dragapult|Choice Specs|[from] move: Knock Off|[of] p2a: Ogerpon\n|faint|p1a: Dragapult\n|\n|upkeep\n|\n|t:|1700864007\n|switch|p1a: Rillaboom|Rillaboom, F|100\/100\n|-fieldstart|move: Grassy Terrain|[from] ability: Grassy Surge|[of] p1a: Rillaboom\n|turn|7\n|\n|t:|1700864010\n|switch|p2a: Iron Moth|Iron Moth|100\/100\n|-enditem|p2a: Iron Moth|Booster Energy\n|-activate|p2a: Iron Moth|ability: Quark Drive|[fromitem]\n|-start|p2a: Iron Moth|quarkdrivespe\n|move|p1a: Rillaboom|Grassy Glide|p2a: Iron Moth\n|-resisted|p2a: Iron Moth\n|-damage|p2a: Iron Moth|79\/100\n|\n|-heal|p2a: Iron Moth|85\/100|[from] Grassy Terrain\n|upkeep\n|turn|8\n|\n|t:|1700864017\n|switch|p1a: Slowking|Slowking-Galar, F|100\/100\n|move|p2a: Iron Moth|Substitute|p2a: Iron Moth\n|-start|p2a: Iron Moth|Substitute\n|-damage|p2a: Iron Moth|60\/100\n|\n|-heal|p2a: Iron Moth|66\/100|[from] Grassy Terrain\n|upkeep\n|turn|9\n|\n|t:|1700864020\n|move|p2a: Iron Moth|Fiery Dance|p1a: Slowking\n|-damage|p1a: Slowking|77\/100\n|-boost|p2a: Iron Moth|spa|1\n|move|p1a: Slowking|Surf|p2a: Iron Moth\n|-supereffective|p2a: Iron Moth\n|-end|p2a: Iron Moth|Substitute\n|\n|-heal|p2a: Iron Moth|72\/100|[from] Grassy Terrain\n|-heal|p1a: Slowking|83\/100|[from] Grassy Terrain\n|upkeep\n|turn|10\n|\n|t:|1700864030\n|move|p2a: Iron Moth|Fiery Dance|p1a: Slowking\n|-damage|p1a: Slowking|46\/100\n|-boost|p2a: Iron Moth|spa|1\n|move|p1a: Slowking|Future Sight|p2a: Iron Moth\n|-start|p1a: Slowking|move: Future Sight\n|\n|-heal|p2a: Iron Moth|78\/100|[from] Grassy Terrain\n|-heal|p1a: Slowking|52\/100|[from] Grassy Terrain\n|upkeep\n|turn|11\n|\n|t:|1700864038\n|-end|p2a: Iron Moth|Quark Drive|[silent]\n|switch|p2a: Ogerpon|Ogerpon-Wellspring, F|7\/100\n|move|p1a: Slowking|Chilly Reception|p1a: Slowking\n|-weather|Snow\n|\n|t:|1700864044\n|switch|p1a: Rillaboom|Rillaboom, F|100\/100|[from] Chilly Reception\n|\n|-weather|Snow|[upkeep]\n|-heal|p2a: Ogerpon|13\/100|[from] Grassy Terrain\n|-fieldend|move: Grassy Terrain\n|upkeep\n|turn|12\n|j| PLLV51 Foufakirby\n|l| PLLV51 Foufakirby\n|\n|t:|1700864067\n|switch|p2a: Glimmora|Glimmora, F|23\/100\n|move|p1a: Rillaboom|U-turn|p2a: Glimmora\n|-resisted|p2a: Glimmora\n|-damage|p2a: Glimmora|0 fnt\n|-activate|p2a: Glimmora|ability: Toxic Debris\n|-sidestart|p1: Pllv51 soviet|move: Toxic Spikes\n|faint|p2a: Glimmora\n|\n|t:|1700864080\n|switch|p1a: Slowking|Slowking-Galar, F|85\/100|[from] U-turn\n|-sideend|p1: Pllv51 soviet|move: Toxic Spikes|[of] p1a: Slowking\n|\n|-weather|Snow|[upkeep]\n|-hint|Future Sight did not hit because the target is fainted.\n|upkeep\n|\n|t:|1700864085\n|switch|p2a: Ogerpon|Ogerpon-Wellspring, F|13\/100\n|turn|13\n|\n|t:|1700864091\n|switch|p1a: Rillaboom|Rillaboom, F|100\/100\n|-fieldstart|move: Grassy Terrain|[from] ability: Grassy Surge|[of] p1a: Rillaboom\n|move|p2a: Ogerpon|Knock Off|p1a: Rillaboom\n|-damage|p1a: Rillaboom|57\/100\n|-enditem|p1a: Rillaboom|Choice Band|[from] move: Knock Off|[of] p2a: Ogerpon\n|\n|-weather|Snow|[upkeep]\n|-heal|p2a: Ogerpon|19\/100|[from] Grassy Terrain\n|-heal|p1a: Rillaboom|63\/100|[from] Grassy Terrain\n|upkeep\n|turn|14\n|\n|t:|1700864105\n|switch|p2a: Zamazenta|Zamazenta, shiny|100\/100\n|-ability|p2a: Zamazenta|Dauntless Shield|boost\n|-boost|p2a: Zamazenta|def|1\n|move|p1a: Rillaboom|U-turn|p2a: Zamazenta\n|-resisted|p2a: Zamazenta\n|-damage|p2a: Zamazenta|92\/100\n|\n|t:|1700864109\n|switch|p1a: Slowking|Slowking-Galar, F|100\/100|[from] U-turn\n|\n|-weather|Snow|[upkeep]\n|-heal|p2a: Zamazenta|99\/100|[from] Grassy Terrain\n|-heal|p2a: Zamazenta|100\/100|[from] item: Leftovers\n|upkeep\n|turn|15\n|\n|t:|1700864112\n|move|p2a: Zamazenta|Crunch|p1a: Slowking\n|-supereffective|p1a: Slowking\n|-damage|p1a: Slowking|46\/100\n|move|p1a: Slowking|Future Sight|p2a: Zamazenta\n|-start|p1a: Slowking|move: Future Sight\n|\n|-weather|none\n|-heal|p1a: Slowking|52\/100|[from] Grassy Terrain\n|upkeep\n|turn|16\n|\n|t:|1700864131\n|switch|p1a: Rillaboom|Rillaboom, F|63\/100\n|move|p2a: Zamazenta|Crunch|p1a: Rillaboom\n|-damage|p1a: Rillaboom|34\/100\n|\n|-heal|p1a: Rillaboom|40\/100|[from] Grassy Terrain\n|upkeep\n|turn|17\n|\n|t:|1700864151\n|switch|p2a: Kingambit|Kingambit, F|69\/100\n|-activate|p2a: Kingambit|ability: Supreme Overlord\n|-start|p2a: Kingambit|fallen1|[silent]\n|switch|p1a: Moltres|Moltres|100\/100\n|\n|-end|p2a: Kingambit|move: Future Sight\n|-immune|p2a: Kingambit\n|-heal|p2a: Kingambit|76\/100|[from] Grassy Terrain\n|-fieldend|move: Grassy Terrain\n|upkeep\n|turn|18\n|\n|t:|1700864163\n|-end|p2a: Kingambit|fallen1|[silent]\n|switch|p2a: Iron Moth|Iron Moth|78\/100\n|move|p1a: Moltres|Flamethrower|p2a: Iron Moth\n|-resisted|p2a: Iron Moth\n|-damage|p2a: Iron Moth|60\/100\n|\n|upkeep\n|turn|19\n|\n|t:|1700864171\n|switch|p1a: Slowking|Slowking-Galar, F|85\/100\n|move|p2a: Iron Moth|Fiery Dance|p1a: Slowking\n|-damage|p1a: Slowking|62\/100\n|-boost|p2a: Iron Moth|spa|1\n|\n|upkeep\n|turn|20\n|\n|t:|1700864178\n|move|p2a: Iron Moth|Fiery Dance|p1a: Slowking\n|-damage|p1a: Slowking|26\/100\n|move|p1a: Slowking|Future Sight|p2a: Iron Moth\n|-start|p1a: Slowking|move: Future Sight\n|\n|upkeep\n|turn|21\n|\n|t:|1700864190\n|-terastallize|p1a: Slowking|Water\n|move|p2a: Iron Moth|Sludge Wave|p1a: Slowking\n|-damage|p1a: Slowking|0 fnt\n|faint|p1a: Slowking\n|\n|upkeep\n|\n|t:|1700864194\n|switch|p1a: Kingambit|Kingambit, F|100\/100\n|-activate|p1a: Kingambit|ability: Supreme Overlord\n|-start|p1a: Kingambit|fallen2|[silent]\n|-item|p1a: Kingambit|Air Balloon\n|turn|22\n|\n|t:|1700864201\n|move|p2a: Iron Moth|Fiery Dance|p1a: Kingambit\n|-supereffective|p1a: Kingambit\n|-crit|p1a: Kingambit\n|-damage|p1a: Kingambit|0 fnt\n|-boost|p2a: Iron Moth|spa|1\n|-enditem|p1a: Kingambit|Air Balloon\n|faint|p1a: Kingambit\n|-end|p1a: Kingambit|fallen2|[silent]\n|\n|-end|p2a: Iron Moth|move: Future Sight\n|-supereffective|p2a: Iron Moth\n|-damage|p2a: Iron Moth|0 fnt\n|faint|p2a: Iron Moth\n|-end|p2a: Iron Moth|Quark Drive|[silent]\n|upkeep\n|\n|t:|1700864218\n|switch|p2a: Zamazenta|Zamazenta, shiny|100\/100\n|switch|p1a: Rillaboom|Rillaboom, F|40\/100\n|-fieldstart|move: Grassy Terrain|[from] ability: Grassy Surge|[of] p1a: Rillaboom\n|turn|23\n|\n|t:|1700864226\n|switch|p1a: Moltres|Moltres|100\/100\n|move|p2a: Zamazenta|Iron Defense|p2a: Zamazenta\n|-boost|p2a: Zamazenta|def|2\n|\n|upkeep\n|turn|24\n|\n|t:|1700864249\n|-terastallize|p2a: Zamazenta|Fire\n|move|p2a: Zamazenta|Stone Edge|p1a: Moltres\n|-supereffective|p1a: Moltres\n|-crit|p1a: Moltres\n|-damage|p1a: Moltres|0 fnt\n|faint|p1a: Moltres\n|\n|upkeep\n|inactive|Pllv51 soviet has 120 seconds left.\n|\n|t:|1700864283\n|switch|p1a: Great Tusk|Great Tusk|86\/100\n|turn|25\n|\n|t:|1700864289\n|move|p2a: Zamazenta|Iron Defense|p2a: Zamazenta\n|-boost|p2a: Zamazenta|def|2\n|move|p1a: Great Tusk|Rapid Spin|p2a: Zamazenta\n|-damage|p2a: Zamazenta|96\/100\n|-boost|p1a: Great Tusk|spe|1\n|\n|-heal|p1a: Great Tusk|92\/100|[from] Grassy Terrain\n|-heal|p2a: Zamazenta|100\/100|[from] Grassy Terrain\n|upkeep\n|turn|26\n|\n|t:|1700864293\n|move|p1a: Great Tusk|Stealth Rock|p2a: Zamazenta\n|-sidestart|p2: Feraligatr08|move: Stealth Rock\n|move|p2a: Zamazenta|Body Press|p1a: Great Tusk\n|-damage|p1a: Great Tusk|19\/100\n|\n|-heal|p1a: Great Tusk|25\/100|[from] Grassy Terrain\n|upkeep\n|turn|27\n|\n|t:|1700864296\n|move|p1a: Great Tusk|Headlong Rush|p2a: Zamazenta\n|-supereffective|p2a: Zamazenta\n|-damage|p2a: Zamazenta|67\/100\n|-unboost|p1a: Great Tusk|def|1\n|-unboost|p1a: Great Tusk|spd|1\n|move|p2a: Zamazenta|Body Press|p1a: Great Tusk\n|-damage|p1a: Great Tusk|0 fnt\n|faint|p1a: Great Tusk\n|-end|p1a: Great Tusk|Protosynthesis|[silent]\n|\n|-heal|p2a: Zamazenta|73\/100|[from] Grassy Terrain\n|-heal|p2a: Zamazenta|79\/100|[from] item: Leftovers\n|-fieldend|move: Grassy Terrain\n|upkeep\n|-message|Pllv51 soviet forfeited.\n|\n|win|Feraligatr08\n|raw|Pllv51 soviet's rating: 1589 &rarr; <strong>1568<\/strong><br \/>(-21 for losing)\n|raw|Feraligatr08's rating: 1564 &rarr; <strong>1585<\/strong><br \/>(+21 for winning)\n|c|\u2606Feraligatr08|gg\n|l|\u2606Pllv51 soviet\n|l|\u2606Feraligatr08\n|j|\u2606Feraligatr08\n|player|p2|Feraligatr08|n\n","uploadtime":1700864343,"views":10,"p1id":"pllv51soviet","p2id":"feraligatr08","formatid":"gen9ou","rating":1568,"private":0,"password":""}