{"id":"gen9ou-1988969764","p1":"hey_rain_maker","p2":"Vigilante V8","format":"[Gen 9] OU","log":"|j|\u2606hey_rain_maker\n|j|\u2606Vigilante V8\n|t:|1699796288\n|gametype|singles\n|player|p1|hey_rain_maker|169|1674\n|player|p2|Vigilante V8|101|1777\n|teamsize|p1|6\n|teamsize|p2|6\n|gen|9\n|tier|[Gen 9] OU\n|rated|\n|rule|Sleep Clause Mod: Limit one foe put to sleep\n|rule|Species Clause: Limit one of each Pok\u00e9mon\n|rule|OHKO Clause: OHKO moves are banned\n|rule|Evasion Items Clause: Evasion items are banned\n|rule|Evasion Moves Clause: Evasion moves are banned\n|rule|Endless Battle Clause: Forcing endless battles is banned\n|rule|HP Percentage Mod: HP is shown in percentages\n|clearpoke\n|poke|p1|Skeledirge, F|\n|poke|p1|Dragapult, F|\n|poke|p1|Zapdos|\n|poke|p1|Samurott-Hisui, F|\n|poke|p1|Great Tusk|\n|poke|p1|Garganacl, M|\n|poke|p2|Corviknight, M|\n|poke|p2|Clodsire, M|\n|poke|p2|Dondozo, M|\n|poke|p2|Kingambit, F|\n|poke|p2|Garganacl, F|\n|poke|p2|Weavile, M|\n|teampreview\n|j| Ff cgzhsf\n|j| Fuwawa's Floofies\n|\n|t:|1699796304\n|start\n|switch|p1a: Samurott|Samurott-Hisui, F|100\/100\n|switch|p2a: Clodsire|Clodsire, M|100\/100\n|turn|1\n|\n|t:|1699796310\n|switch|p2a: Corviknight|Corviknight, M|100\/100\n|-ability|p2a: Corviknight|Pressure\n|move|p1a: Samurott|Razor Shell|p2a: Corviknight\n|-crit|p2a: Corviknight\n|-damage|p2a: Corviknight|53\/100\n|-damage|p1a: Samurott|84\/100|[from] item: Rocky Helmet|[of] p2a: Corviknight\n|\n|upkeep\n|turn|2\n|\n|t:|1699796318\n|move|p1a: Samurott|Ceaseless Edge|p2a: Corviknight\n|-damage|p2a: Corviknight|26\/100\n|-damage|p1a: Samurott|67\/100|[from] item: Rocky Helmet|[of] p2a: Corviknight\n|-sidestart|p2: Vigilante V8|Spikes\n|move|p2a: Corviknight|Roost|p2a: Corviknight\n|-heal|p2a: Corviknight|76\/100\n|-singleturn|p2a: Corviknight|move: Roost\n|\n|upkeep\n|turn|3\n|\n|t:|1699796324\n|move|p1a: Samurott|Razor Shell|p2a: Corviknight\n|-damage|p2a: Corviknight|41\/100\n|-unboost|p2a: Corviknight|def|1\n|-damage|p1a: Samurott|51\/100|[from] item: Rocky Helmet|[of] p2a: Corviknight\n|move|p2a: Corviknight|Roost|p2a: Corviknight\n|-heal|p2a: Corviknight|91\/100\n|-singleturn|p2a: Corviknight|move: Roost\n|\n|upkeep\n|turn|4\n|\n|t:|1699796331\n|move|p1a: Samurott|Ceaseless Edge|p2a: Corviknight\n|-damage|p2a: Corviknight|47\/100\n|-damage|p1a: Samurott|34\/100|[from] item: Rocky Helmet|[of] p2a: Corviknight\n|-sidestart|p2: Vigilante V8|Spikes\n|move|p2a: Corviknight|Body Press|p1a: Samurott\n|-supereffective|p1a: Samurott\n|-damage|p1a: Samurott|0 fnt\n|faint|p1a: Samurott\n|\n|upkeep\n|\n|t:|1699796334\n|switch|p1a: Zapdos|Zapdos|100\/100\n|turn|5\n|\n|t:|1699796338\n|switch|p1a: Great Tusk|Great Tusk|100\/100\n|-enditem|p1a: Great Tusk|Booster Energy\n|-activate|p1a: Great Tusk|ability: Protosynthesis|[fromitem]\n|-start|p1a: Great Tusk|protosynthesisatk\n|switch|p2a: Clodsire|Clodsire, M|100\/100\n|-damage|p2a: Clodsire|84\/100|[from] Spikes\n|\n|-heal|p2a: Clodsire|90\/100|[from] item: Black Sludge\n|upkeep\n|turn|6\n|\n|t:|1699796350\n|switch|p2a: Dondozo|Dondozo, M|100\/100\n|-damage|p2a: Dondozo|84\/100|[from] Spikes\n|move|p1a: Great Tusk|Rapid Spin|p2a: Dondozo\n|-damage|p2a: Dondozo|74\/100\n|-boost|p1a: Great Tusk|spe|1\n|\n|-heal|p2a: Dondozo|80\/100|[from] item: Leftovers\n|upkeep\n|turn|7\n|\n|t:|1699796364\n|move|p1a: Great Tusk|Close Combat|p2a: Dondozo\n|-damage|p2a: Dondozo|48\/100\n|-unboost|p1a: Great Tusk|def|1\n|-unboost|p1a: Great Tusk|spd|1\n|move|p2a: Dondozo|Curse|p2a: Dondozo\n|-unboost|p2a: Dondozo|spe|1\n|-boost|p2a: Dondozo|atk|1\n|-boost|p2a: Dondozo|def|1\n|\n|-heal|p2a: Dondozo|54\/100|[from] item: Leftovers\n|upkeep\n|turn|8\n|\n|t:|1699796369\n|-end|p1a: Great Tusk|Protosynthesis|[silent]\n|switch|p1a: Zapdos|Zapdos|100\/100\n|move|p2a: Dondozo|Wave Crash|p1a: Zapdos\n|-damage|p1a: Zapdos|38\/100\n|-damage|p2a: Dondozo|38\/100|[from] Recoil\n|\n|-heal|p2a: Dondozo|44\/100|[from] item: Leftovers\n|upkeep\n|turn|9\n|\n|t:|1699796376\n|switch|p1a: Great Tusk|Great Tusk|100\/100\n|switch|p2a: Clodsire|Clodsire, M|90\/100\n|-damage|p2a: Clodsire|74\/100|[from] Spikes\n|\n|-heal|p2a: Clodsire|80\/100|[from] item: Black Sludge\n|upkeep\n|turn|10\n|\n|t:|1699796380\n|switch|p2a: Dondozo|Dondozo, M|44\/100\n|-damage|p2a: Dondozo|27\/100|[from] Spikes\n|move|p1a: Great Tusk|Headlong Rush|p2a: Dondozo\n|-damage|p2a: Dondozo|0 fnt\n|-unboost|p1a: Great Tusk|def|1\n|-unboost|p1a: Great Tusk|spd|1\n|faint|p2a: Dondozo\n|\n|upkeep\n|\n|t:|1699796382\n|switch|p2a: Corviknight|Corviknight, M|47\/100\n|-ability|p2a: Corviknight|Pressure\n|turn|11\n|\n|t:|1699796388\n|move|p1a: Great Tusk|Close Combat|p2a: Corviknight\n|-damage|p2a: Corviknight|10\/100\n|-unboost|p1a: Great Tusk|def|1\n|-unboost|p1a: Great Tusk|spd|1\n|-damage|p1a: Great Tusk|84\/100|[from] item: Rocky Helmet|[of] p2a: Corviknight\n|move|p2a: Corviknight|Defog|p1a: Great Tusk\n|-unboost|p1a: Great Tusk|evasion|1\n|-sideend|p2: Vigilante V8|Spikes|[from] move: Defog|[of] p2a: Corviknight\n|\n|upkeep\n|turn|12\n|\n|t:|1699796392\n|move|p1a: Great Tusk|Close Combat|p2a: Corviknight\n|-damage|p2a: Corviknight|0 fnt\n|-unboost|p1a: Great Tusk|def|1\n|-unboost|p1a: Great Tusk|spd|1\n|-damage|p1a: Great Tusk|68\/100|[from] item: Rocky Helmet|[of] p2a: Corviknight\n|faint|p2a: Corviknight\n|\n|upkeep\n|\n|t:|1699796397\n|switch|p2a: Weavile|Weavile, M|100\/100\n|-ability|p2a: Weavile|Pressure\n|turn|13\n|\n|t:|1699796406\n|-end|p1a: Great Tusk|Protosynthesis|[silent]\n|switch|p1a: Garganacl|Garganacl, M|100\/100\n|-terastallize|p2a: Weavile|Dark\n|move|p2a: Weavile|Knock Off|p1a: Garganacl\n|-damage|p1a: Garganacl|50\/100\n|-enditem|p1a: Garganacl|Leftovers|[from] move: Knock Off|[of] p2a: Weavile\n|\n|upkeep\n|turn|14\n|\n|t:|1699796411\n|switch|p2a: Kingambit|Kingambit, F|100\/100\n|-activate|p2a: Kingambit|ability: Supreme Overlord\n|-start|p2a: Kingambit|fallen2|[silent]\n|move|p1a: Garganacl|Recover|p1a: Garganacl\n|-heal|p1a: Garganacl|100\/100\n|\n|upkeep\n|turn|15\n|\n|t:|1699796415\n|switch|p1a: Great Tusk|Great Tusk|68\/100\n|move|p2a: Kingambit|Swords Dance|p2a: Kingambit\n|-boost|p2a: Kingambit|atk|2\n|\n|upkeep\n|turn|16\n|\n|t:|1699796427\n|-end|p1a: Great Tusk|Protosynthesis|[silent]\n|switch|p1a: Zapdos|Zapdos|38\/100\n|move|p2a: Kingambit|Sucker Punch||[still]\n|-fail|p2a: Kingambit\n|\n|upkeep\n|turn|17\n|\n|t:|1699796430\n|move|p1a: Zapdos|Roost|p1a: Zapdos\n|-heal|p1a: Zapdos|88\/100\n|-singleturn|p1a: Zapdos|move: Roost\n|move|p2a: Kingambit|Kowtow Cleave|p1a: Zapdos\n|-crit|p1a: Zapdos\n|-damage|p1a: Zapdos|0 fnt\n|faint|p1a: Zapdos\n|\n|upkeep\n|\n|t:|1699796433\n|switch|p1a: Great Tusk|Great Tusk|68\/100\n|turn|18\n|\n|t:|1699796438\n|move|p2a: Kingambit|Sucker Punch|p1a: Great Tusk\n|-resisted|p1a: Great Tusk\n|-damage|p1a: Great Tusk|23\/100\n|move|p1a: Great Tusk|Close Combat|p2a: Kingambit\n|-supereffective|p2a: Kingambit\n|-damage|p2a: Kingambit|0 fnt\n|-unboost|p1a: Great Tusk|def|1\n|-unboost|p1a: Great Tusk|spd|1\n|faint|p2a: Kingambit\n|-end|p2a: Kingambit|fallen2|[silent]\n|\n|upkeep\n|\n|t:|1699796441\n|switch|p2a: Weavile|Weavile, M, tera:Dark|100\/100\n|-ability|p2a: Weavile|Pressure\n|turn|19\n|\n|t:|1699796445\n|-end|p1a: Great Tusk|Protosynthesis|[silent]\n|switch|p1a: Garganacl|Garganacl, M|100\/100\n|move|p2a: Weavile|Low Kick|p1a: Garganacl\n|-supereffective|p1a: Garganacl\n|-damage|p1a: Garganacl|43\/100\n|\n|upkeep\n|turn|20\n|\n|t:|1699796453\n|switch|p1a: Skeledirge|Skeledirge, F|100\/100\n|move|p2a: Weavile|Low Kick|p1a: Skeledirge\n|-immune|p1a: Skeledirge\n|\n|upkeep\n|turn|21\n|\n|t:|1699796457\n|switch|p2a: Garganacl|Garganacl, F|100\/100\n|-terastallize|p1a: Skeledirge|Fairy\n|move|p1a: Skeledirge|Will-O-Wisp|p2a: Garganacl\n|-immune|p2a: Garganacl|[from] ability: Purifying Salt\n|\n|upkeep\n|turn|22\n|\n|t:|1699796461\n|switch|p1a: Garganacl|Garganacl, M|43\/100\n|move|p2a: Garganacl|Salt Cure|p1a: Garganacl\n|-damage|p1a: Garganacl|36\/100\n|-start|p1a: Garganacl|Salt Cure\n|\n|-damage|p1a: Garganacl|23\/100|[from] Salt Cure\n|upkeep\n|turn|23\n|\n|t:|1699796464\n|move|p1a: Garganacl|Recover|p1a: Garganacl\n|-heal|p1a: Garganacl|73\/100\n|move|p2a: Garganacl|Stealth Rock|p1a: Garganacl\n|-sidestart|p1: hey_rain_maker|move: Stealth Rock\n|\n|-damage|p1a: Garganacl|61\/100|[from] Salt Cure\n|upkeep\n|turn|24\n|\n|t:|1699796466\n|switch|p2a: Weavile|Weavile, M, tera:Dark|100\/100\n|-ability|p2a: Weavile|Pressure\n|move|p1a: Garganacl|Salt Cure|p2a: Weavile\n|-damage|p2a: Weavile|78\/100\n|-start|p2a: Weavile|Salt Cure\n|\n|-damage|p2a: Weavile|65\/100|[from] Salt Cure\n|-damage|p1a: Garganacl|49\/100|[from] Salt Cure\n|upkeep\n|turn|25\n|\n|t:|1699796472\n|move|p1a: Garganacl|Protect|p1a: Garganacl\n|-singleturn|p1a: Garganacl|Protect\n|move|p2a: Weavile|Icicle Crash|p1a: Garganacl\n|-activate|p1a: Garganacl|move: Protect\n|\n|-damage|p2a: Weavile|53\/100|[from] Salt Cure\n|-damage|p1a: Garganacl|36\/100|[from] Salt Cure\n|upkeep\n|turn|26\n|\n|t:|1699796474\n|move|p2a: Weavile|Icicle Crash|p1a: Garganacl\n|-damage|p1a: Garganacl|2\/100\n|move|p1a: Garganacl|Salt Cure|p2a: Weavile\n|-damage|p2a: Weavile|27\/100\n|\n|-damage|p2a: Weavile|15\/100|[from] Salt Cure\n|-damage|p1a: Garganacl|0 fnt|[from] Salt Cure\n|faint|p1a: Garganacl\n|upkeep\n|\n|t:|1699796481\n|switch|p1a: Dragapult|Dragapult, F|100\/100\n|-damage|p1a: Dragapult|88\/100|[from] Stealth Rock\n|turn|27\n|\n|t:|1699796484\n|switch|p2a: Garganacl|Garganacl, F|100\/100\n|switch|p1a: Skeledirge|Skeledirge, F, tera:Fairy|100\/100\n|\n|upkeep\n|turn|28\n|\n|t:|1699796490\n|move|p1a: Skeledirge|Torch Song|p2a: Garganacl\n|-resisted|p2a: Garganacl\n|-damage|p2a: Garganacl|91\/100\n|-boost|p1a: Skeledirge|spa|1\n|move|p2a: Garganacl|Salt Cure|p1a: Skeledirge\n|-damage|p1a: Skeledirge|90\/100\n|-start|p1a: Skeledirge|Salt Cure\n|\n|-heal|p2a: Garganacl|97\/100|[from] item: Leftovers\n|-damage|p1a: Skeledirge|78\/100|[from] Salt Cure\n|upkeep\n|turn|29\n|\n|t:|1699796493\n|switch|p2a: Clodsire|Clodsire, M|80\/100\n|move|p1a: Skeledirge|Torch Song|p2a: Clodsire\n|-damage|p2a: Clodsire|56\/100\n|-boost|p1a: Skeledirge|spa|1\n|\n|-heal|p2a: Clodsire|62\/100|[from] item: Black Sludge\n|-damage|p1a: Skeledirge|66\/100|[from] Salt Cure\n|upkeep\n|turn|30\n|\n|t:|1699796496\n|move|p1a: Skeledirge|Will-O-Wisp|p2a: Clodsire\n|-status|p2a: Clodsire|brn\n|move|p2a: Clodsire|Toxic|p1a: Skeledirge\n|-status|p1a: Skeledirge|tox\n|\n|-heal|p2a: Clodsire|68\/100 brn|[from] item: Black Sludge\n|-damage|p1a: Skeledirge|59\/100 tox|[from] psn\n|-damage|p2a: Clodsire|62\/100 brn|[from] brn\n|-damage|p1a: Skeledirge|47\/100 tox|[from] Salt Cure\n|upkeep\n|turn|31\n|\n|t:|1699796505\n|move|p1a: Skeledirge|Slack Off|p1a: Skeledirge\n|-heal|p1a: Skeledirge|97\/100 tox\n|move|p2a: Clodsire|Spikes|p1a: Skeledirge\n|-sidestart|p1: hey_rain_maker|Spikes\n|\n|-heal|p2a: Clodsire|68\/100 brn|[from] item: Black Sludge\n|-damage|p1a: Skeledirge|85\/100 tox|[from] psn\n|-damage|p2a: Clodsire|62\/100 brn|[from] brn\n|-damage|p1a: Skeledirge|73\/100 tox|[from] Salt Cure\n|upkeep\n|turn|32\n|l| Ff cgzhsf\n|\n|t:|1699796512\n|switch|p1a: Great Tusk|Great Tusk|23\/100\n|-damage|p1a: Great Tusk|20\/100|[from] Stealth Rock\n|-damage|p1a: Great Tusk|8\/100|[from] Spikes\n|move|p2a: Clodsire|Toxic|p1a: Great Tusk\n|-status|p1a: Great Tusk|tox\n|\n|-heal|p2a: Clodsire|68\/100 brn|[from] item: Black Sludge\n|-damage|p1a: Great Tusk|2\/100 tox|[from] psn\n|-damage|p2a: Clodsire|62\/100 brn|[from] brn\n|upkeep\n|turn|33\n|\n|t:|1699796517\n|move|p1a: Great Tusk|Headlong Rush|p2a: Clodsire\n|-supereffective|p2a: Clodsire\n|-damage|p2a: Clodsire|0 fnt\n|-unboost|p1a: Great Tusk|def|1\n|-unboost|p1a: Great Tusk|spd|1\n|faint|p2a: Clodsire\n|\n|-damage|p1a: Great Tusk|0 fnt|[from] psn\n|faint|p1a: Great Tusk\n|-end|p1a: Great Tusk|Protosynthesis|[silent]\n|upkeep\n|\n|t:|1699796523\n|switch|p1a: Dragapult|Dragapult, F|88\/100\n|switch|p2a: Garganacl|Garganacl, F|97\/100\n|-damage|p1a: Dragapult|76\/100|[from] Stealth Rock\n|-damage|p1a: Dragapult|64\/100|[from] Spikes\n|turn|34\n|\n|t:|1699796526\n|move|p2a: Garganacl|Protect|p2a: Garganacl\n|-singleturn|p2a: Garganacl|Protect\n|move|p1a: Dragapult|Draco Meteor|p2a: Garganacl\n|-activate|p2a: Garganacl|move: Protect\n|\n|-heal|p2a: Garganacl|100\/100|[from] item: Leftovers\n|upkeep\n|turn|35\n|\n|t:|1699796531\n|move|p1a: Dragapult|Draco Meteor|p2a: Garganacl|[miss]\n|-miss|p1a: Dragapult|p2a: Garganacl\n|move|p2a: Garganacl|Salt Cure|p1a: Dragapult\n|-damage|p1a: Dragapult|44\/100\n|-start|p1a: Dragapult|Salt Cure\n|\n|-damage|p1a: Dragapult|32\/100|[from] Salt Cure\n|upkeep\n|turn|36\n|\n|t:|1699796534\n|move|p2a: Garganacl|Protect|p2a: Garganacl\n|-singleturn|p2a: Garganacl|Protect\n|move|p1a: Dragapult|Draco Meteor|p2a: Garganacl\n|-activate|p2a: Garganacl|move: Protect\n|\n|-damage|p1a: Dragapult|20\/100|[from] Salt Cure\n|upkeep\n|turn|37\n|\n|t:|1699796537\n|move|p1a: Dragapult|Draco Meteor|p2a: Garganacl\n|-damage|p2a: Garganacl|36\/100\n|-unboost|p1a: Dragapult|spa|2\n|move|p2a: Garganacl|Salt Cure|p1a: Dragapult\n|-damage|p1a: Dragapult|2\/100\n|\n|-heal|p2a: Garganacl|42\/100|[from] item: Leftovers\n|-damage|p1a: Dragapult|0 fnt|[from] Salt Cure\n|faint|p1a: Dragapult\n|upkeep\n|\n|t:|1699796540\n|switch|p1a: Skeledirge|Skeledirge, F, tera:Fairy|73\/100 tox\n|turn|38\n|\n|t:|1699796543\n|move|p1a: Skeledirge|Torch Song|p2a: Garganacl\n|-resisted|p2a: Garganacl\n|-damage|p2a: Garganacl|33\/100\n|-boost|p1a: Skeledirge|spa|1\n|move|p2a: Garganacl|Salt Cure|p1a: Skeledirge\n|-damage|p1a: Skeledirge|62\/100 tox\n|-start|p1a: Skeledirge|Salt Cure\n|\n|-heal|p2a: Garganacl|39\/100|[from] item: Leftovers\n|-damage|p1a: Skeledirge|56\/100 tox|[from] psn\n|-damage|p1a: Skeledirge|44\/100 tox|[from] Salt Cure\n|upkeep\n|turn|39\n|\n|t:|1699796546\n|move|p2a: Garganacl|Protect|p2a: Garganacl\n|-singleturn|p2a: Garganacl|Protect\n|move|p1a: Skeledirge|Torch Song|p2a: Garganacl\n|-activate|p2a: Garganacl|move: Protect\n|\n|-heal|p2a: Garganacl|45\/100|[from] item: Leftovers\n|-damage|p1a: Skeledirge|32\/100 tox|[from] psn\n|-damage|p1a: Skeledirge|19\/100 tox|[from] Salt Cure\n|upkeep\n|turn|40\n|\n|t:|1699796549\n|move|p1a: Skeledirge|Torch Song|p2a: Garganacl\n|-resisted|p2a: Garganacl\n|-damage|p2a: Garganacl|32\/100\n|-boost|p1a: Skeledirge|spa|1\n|move|p2a: Garganacl|Recover|p2a: Garganacl\n|-heal|p2a: Garganacl|82\/100\n|\n|-heal|p2a: Garganacl|88\/100|[from] item: Leftovers\n|-damage|p1a: Skeledirge|1\/100 tox|[from] psn\n|-damage|p1a: Skeledirge|0 fnt|[from] Salt Cure\n|faint|p1a: Skeledirge\n|\n|win|Vigilante V8\n|upkeep\n|raw|hey_rain_maker's rating: 1674 &rarr; <strong>1660<\/strong><br \/>(-14 for losing)\n|raw|Vigilante V8's rating: 1777 &rarr; <strong>1791<\/strong><br \/>(+14 for winning)\n|l|\u2606hey_rain_maker\n|l|\u2606Vigilante V8\n","uploadtime":1699796623,"views":15,"p1id":"heyrainmaker","p2id":"vigilantev8","formatid":"gen9ou","rating":1660,"private":0,"password":""}