{"id":"gen9ou-1989932886","p1":"itzZen","p2":"diidnehd","format":"[Gen 9] OU","log":"|j|\u2606itzZen\n|j|\u2606diidnehd\n|t:|1699907910\n|gametype|singles\n|player|p1|itzZen|2|1065\n|player|p2|diidnehd|169|1040\n|teamsize|p1|6\n|teamsize|p2|6\n|gen|9\n|tier|[Gen 9] OU\n|rated|\n|rule|Sleep Clause Mod: Limit one foe put to sleep\n|rule|Species Clause: Limit one of each Pok\u00e9mon\n|rule|OHKO Clause: OHKO moves are banned\n|rule|Evasion Items Clause: Evasion items are banned\n|rule|Evasion Moves Clause: Evasion moves are banned\n|rule|Endless Battle Clause: Forcing endless battles is banned\n|rule|HP Percentage Mod: HP is shown in percentages\n|clearpoke\n|poke|p1|Kingambit, M|\n|poke|p1|Iron Valiant|\n|poke|p1|Glimmora, M|\n|poke|p1|Dragapult, F|\n|poke|p1|Gholdengo|\n|poke|p1|Dragonite, F|\n|poke|p2|Ceruledge, M|\n|poke|p2|Great Tusk|\n|poke|p2|Alomomola, M|\n|poke|p2|Muk-Alola, F|\n|poke|p2|Clefable, M|\n|poke|p2|Ogerpon-Wellspring, F|\n|teampreview\n|\n|t:|1699907920\n|start\n|switch|p1a: Glimmora|Glimmora, M|100\/100\n|switch|p2a: Great Tusk|Great Tusk|100\/100\n|turn|1\n|\n|t:|1699907927\n|move|p2a: Great Tusk|Rapid Spin|p1a: Glimmora\n|-resisted|p1a: Glimmora\n|-damage|p1a: Glimmora|91\/100\n|-boost|p2a: Great Tusk|spe|1\n|-activate|p1a: Glimmora|ability: Toxic Debris\n|-sidestart|p2: diidnehd|move: Toxic Spikes\n|-sideend|p2: diidnehd|Toxic Spikes|[from] move: Rapid Spin|[of] p2a: Great Tusk\n|move|p1a: Glimmora|Stealth Rock|p2a: Great Tusk\n|-sidestart|p2: diidnehd|move: Stealth Rock\n|\n|upkeep\n|turn|2\n|\n|t:|1699907941\n|switch|p1a: Dragapult|Dragapult, F|100\/100\n|move|p2a: Great Tusk|Rapid Spin|p1a: Dragapult\n|-immune|p1a: Dragapult\n|\n|upkeep\n|turn|3\n|\n|t:|1699907948\n|move|p2a: Great Tusk|Knock Off|p1a: Dragapult\n|-supereffective|p1a: Dragapult\n|-damage|p1a: Dragapult|24\/100\n|-enditem|p1a: Dragapult|Light Clay|[from] move: Knock Off|[of] p2a: Great Tusk\n|move|p1a: Dragapult|Reflect|p1a: Dragapult\n|-sidestart|p1: itzZen|Reflect\n|\n|upkeep\n|turn|4\n|\n|t:|1699907955\n|move|p2a: Great Tusk|Stealth Rock|p1a: Dragapult\n|-sidestart|p1: itzZen|move: Stealth Rock\n|move|p1a: Dragapult|Curse|p2a: Great Tusk\n|-start|p2a: Great Tusk|Curse|[of] p1a: Dragapult\n|-damage|p1a: Dragapult|0 fnt\n|faint|p1a: Dragapult\n|\n|-damage|p2a: Great Tusk|76\/100|[from] Curse\n|upkeep\n|\n|t:|1699907969\n|switch|p1a: Dragonite|Dragonite, F|100\/100\n|turn|5\n|\n|t:|1699907975\n|move|p2a: Great Tusk|Knock Off|p1a: Dragonite\n|-damage|p1a: Dragonite|91\/100\n|-enditem|p1a: Dragonite|Heavy-Duty Boots|[from] move: Knock Off|[of] p2a: Great Tusk\n|move|p1a: Dragonite|Dragon Dance|p1a: Dragonite\n|-boost|p1a: Dragonite|atk|1\n|-boost|p1a: Dragonite|spe|1\n|\n|-damage|p2a: Great Tusk|51\/100|[from] Curse\n|upkeep\n|turn|6\n|\n|t:|1699907984\n|move|p2a: Great Tusk|Rapid Spin|p1a: Dragonite\n|-damage|p1a: Dragonite|83\/100\n|-boost|p2a: Great Tusk|spe|1\n|-sideend|p2: diidnehd|Stealth Rock|[from] move: Rapid Spin|[of] p2a: Great Tusk\n|move|p1a: Dragonite|Dragon Dance|p1a: Dragonite\n|-boost|p1a: Dragonite|atk|1\n|-boost|p1a: Dragonite|spe|1\n|\n|-damage|p2a: Great Tusk|26\/100|[from] Curse\n|upkeep\n|turn|7\n|\n|t:|1699908000\n|-end|p2a: Great Tusk|Protosynthesis|[silent]\n|switch|p2a: Clefable|Clefable, M|100\/100\n|move|p1a: Dragonite|Extreme Speed|p2a: Clefable\n|-damage|p2a: Clefable|48\/100\n|\n|-heal|p2a: Clefable|54\/100|[from] item: Leftovers\n|-sideend|p1: itzZen|Reflect\n|upkeep\n|turn|8\n|\n|t:|1699908037\n|move|p1a: Dragonite|Earthquake|p2a: Clefable\n|-crit|p2a: Clefable\n|-damage|p2a: Clefable|0 fnt\n|faint|p2a: Clefable\n|\n|upkeep\n|\n|t:|1699908045\n|switch|p2a: Alomomola|Alomomola, M|100\/100\n|turn|9\n|\n|t:|1699908049\n|move|p1a: Dragonite|Earthquake|p2a: Alomomola\n|-damage|p2a: Alomomola|62\/100\n|move|p2a: Alomomola|Wish|p2a: Alomomola\n|\n|upkeep\n|turn|10\n|\n|t:|1699908056\n|move|p1a: Dragonite|Earthquake|p2a: Alomomola\n|-damage|p2a: Alomomola|24\/100\n|move|p2a: Alomomola|Scald|p1a: Dragonite\n|-resisted|p1a: Dragonite\n|-crit|p1a: Dragonite\n|-damage|p1a: Dragonite|73\/100\n|-status|p1a: Dragonite|brn\n|\n|-heal|p2a: Alomomola|74\/100|[from] move: Wish|[wisher] Alomomola\n|-damage|p1a: Dragonite|66\/100 brn|[from] brn\n|upkeep\n|turn|11\n|\n|t:|1699908069\n|move|p1a: Dragonite|Earthquake|p2a: Alomomola\n|-damage|p2a: Alomomola|55\/100\n|move|p2a: Alomomola|Acrobatics|p1a: Dragonite\n|-damage|p1a: Dragonite|46\/100 brn\n|\n|-damage|p1a: Dragonite|40\/100 brn|[from] brn\n|upkeep\n|turn|12\n|\n|t:|1699908079\n|move|p1a: Dragonite|Earthquake|p2a: Alomomola\n|-damage|p2a: Alomomola|35\/100\n|move|p2a: Alomomola|Wish|p2a: Alomomola\n|\n|-damage|p1a: Dragonite|34\/100 brn|[from] brn\n|upkeep\n|turn|13\n|inactive|Battle timer is ON: inactive players will automatically lose when time's up. (requested by diidnehd)\n|\n|t:|1699908090\n|move|p1a: Dragonite|Earthquake|p2a: Alomomola\n|-damage|p2a: Alomomola|14\/100\n|move|p2a: Alomomola|Acrobatics|p1a: Dragonite\n|-damage|p1a: Dragonite|13\/100 brn\n|\n|-heal|p2a: Alomomola|64\/100|[from] move: Wish|[wisher] Alomomola\n|-damage|p1a: Dragonite|6\/100 brn|[from] brn\n|upkeep\n|turn|14\n|\n|t:|1699908100\n|move|p1a: Dragonite|Earthquake|p2a: Alomomola\n|-damage|p2a: Alomomola|44\/100\n|move|p2a: Alomomola|Wish|p2a: Alomomola\n|\n|-damage|p1a: Dragonite|0 fnt|[from] brn\n|faint|p1a: Dragonite\n|upkeep\n|\n|t:|1699908111\n|switch|p1a: Glimmora|Glimmora, M|91\/100\n|-damage|p1a: Glimmora|78\/100|[from] Stealth Rock\n|turn|15\n|\n|t:|1699908117\n|move|p1a: Glimmora|Mortal Spin|p2a: Alomomola\n|-damage|p2a: Alomomola|41\/100\n|-status|p2a: Alomomola|psn\n|-sideend|p1: itzZen|Stealth Rock|[from] move: Mortal Spin|[of] p1a: Glimmora\n|move|p2a: Alomomola|Flip Turn|p1a: Glimmora\n|-supereffective|p1a: Glimmora\n|-damage|p1a: Glimmora|37\/100\n|-activate|p1a: Glimmora|ability: Toxic Debris\n|-sidestart|p2: diidnehd|move: Toxic Spikes\n|\n|t:|1699908128\n|switch|p2a: Muk|Muk-Alola, F|100\/100|[from] Flip Turn\n|-sideend|p2: diidnehd|move: Toxic Spikes|[of] p2a: Muk\n|\n|upkeep\n|turn|16\n|\n|t:|1699908134\n|switch|p2a: Great Tusk|Great Tusk|26\/100\n|move|p1a: Glimmora|Stealth Rock|p2a: Great Tusk\n|-sidestart|p2: diidnehd|move: Stealth Rock\n|\n|upkeep\n|turn|17\n|\n|t:|1699908143\n|move|p2a: Great Tusk|Knock Off|p1a: Glimmora\n|-damage|p1a: Glimmora|0 fnt\n|-activate|p1a: Glimmora|ability: Toxic Debris\n|-sidestart|p2: diidnehd|move: Toxic Spikes\n|-enditem|p1a: Glimmora|Focus Sash|[from] move: Knock Off|[of] p2a: Great Tusk\n|faint|p1a: Glimmora\n|\n|upkeep\n|\n|t:|1699908152\n|switch|p1a: Iron Valiant|Iron Valiant|100\/100\n|-enditem|p1a: Iron Valiant|Booster Energy\n|-activate|p1a: Iron Valiant|ability: Quark Drive|[fromitem]\n|-start|p1a: Iron Valiant|quarkdrivespe\n|turn|18\n|\n|t:|1699908159\n|move|p1a: Iron Valiant|Swords Dance|p1a: Iron Valiant\n|-boost|p1a: Iron Valiant|atk|2\n|move|p2a: Great Tusk|Rapid Spin|p1a: Iron Valiant\n|-damage|p1a: Iron Valiant|80\/100\n|-boost|p2a: Great Tusk|spe|1\n|-sideend|p2: diidnehd|Toxic Spikes|[from] move: Rapid Spin|[of] p2a: Great Tusk\n|-sideend|p2: diidnehd|Stealth Rock|[from] move: Rapid Spin|[of] p2a: Great Tusk\n|\n|upkeep\n|turn|19\n|\n|t:|1699908168\n|move|p1a: Iron Valiant|Knock Off|p2a: Great Tusk\n|-resisted|p2a: Great Tusk\n|-damage|p2a: Great Tusk|4\/100\n|-damage|p1a: Iron Valiant|64\/100|[from] item: Rocky Helmet|[of] p2a: Great Tusk\n|-enditem|p2a: Great Tusk|Rocky Helmet|[from] move: Knock Off|[of] p1a: Iron Valiant\n|move|p2a: Great Tusk|Headlong Rush|p1a: Iron Valiant\n|-damage|p1a: Iron Valiant|0 fnt\n|-unboost|p2a: Great Tusk|def|1\n|-unboost|p2a: Great Tusk|spd|1\n|faint|p1a: Iron Valiant\n|-end|p1a: Iron Valiant|Quark Drive|[silent]\n|\n|upkeep\n|\n|t:|1699908173\n|switch|p1a: Gholdengo|Gholdengo|100\/100\n|turn|20\n|\n|t:|1699908182\n|move|p2a: Great Tusk|Headlong Rush|p1a: Gholdengo\n|-supereffective|p1a: Gholdengo\n|-damage|p1a: Gholdengo|0 fnt\n|-unboost|p2a: Great Tusk|def|1\n|-unboost|p2a: Great Tusk|spd|1\n|faint|p1a: Gholdengo\n|\n|upkeep\n|\n|t:|1699908184\n|switch|p1a: Kingambit|Kingambit, M|100\/100\n|-activate|p1a: Kingambit|ability: Supreme Overlord\n|-start|p1a: Kingambit|fallen5|[silent]\n|turn|21\n|\n|t:|1699908196\n|-terastallize|p1a: Kingambit|Fighting\n|move|p2a: Great Tusk|Stealth Rock|p1a: Kingambit\n|-sidestart|p1: itzZen|move: Stealth Rock\n|move|p1a: Kingambit|Swords Dance|p1a: Kingambit\n|-boost|p1a: Kingambit|atk|2\n|\n|upkeep\n|turn|22\n|\n|t:|1699908225\n|move|p1a: Kingambit|Sucker Punch|p2a: Great Tusk\n|-resisted|p2a: Great Tusk\n|-damage|p2a: Great Tusk|0 fnt\n|faint|p2a: Great Tusk\n|-end|p2a: Great Tusk|Protosynthesis|[silent]\n|\n|upkeep\n|\n|t:|1699908240\n|switch|p2a: Ogerpon|Ogerpon-Wellspring, F|100\/100\n|turn|23\n|\n|t:|1699908246\n|move|p2a: Ogerpon|Swords Dance|p2a: Ogerpon\n|-boost|p2a: Ogerpon|atk|2\n|move|p1a: Kingambit|Kowtow Cleave|p2a: Ogerpon\n|-damage|p2a: Ogerpon|0 fnt\n|faint|p2a: Ogerpon\n|\n|upkeep\n|\n|t:|1699908254\n|switch|p2a: Alomomola|Alomomola, M|75\/100 psn\n|turn|24\n|\n|t:|1699908261\n|move|p1a: Kingambit|Sucker Punch|p2a: Alomomola\n|-damage|p2a: Alomomola|5\/100 psn\n|move|p2a: Alomomola|Scald|p1a: Kingambit\n|-damage|p1a: Kingambit|87\/100\n|\n|-damage|p2a: Alomomola|0 fnt|[from] psn\n|faint|p2a: Alomomola\n|upkeep\n|\n|t:|1699908269\n|switch|p2a: Muk|Muk-Alola, F|100\/100\n|turn|25\n|\n|t:|1699908276\n|move|p1a: Kingambit|Iron Head|p2a: Muk\n|-damage|p2a: Muk|0 fnt\n|faint|p2a: Muk\n|\n|upkeep\n|inactive|diidnehd has 120 seconds left.\n|inactive|diidnehd has 90 seconds left.\n|inactive|diidnehd has 60 seconds left.\n|inactive|diidnehd has 30 seconds left.\n|inactive|diidnehd has 20 seconds left.\n|inactive|diidnehd has 15 seconds left.\n|inactive|diidnehd has 10 seconds left.\n|inactive|diidnehd has 5 seconds left.\n|-message|diidnehd lost due to inactivity.\n|\n|win|itzZen\n|raw|itzZen's rating: 1065 &rarr; <strong>1093<\/strong><br \/>(+28 for winning)\n|raw|diidnehd's rating: 1040 &rarr; <strong>1025<\/strong><br \/>(-15 for losing)\n","uploadtime":1699908440,"views":13,"p1id":"itzzen","p2id":"diidnehd","formatid":"gen9ou","rating":1025,"private":0,"password":""}