{"id":"gen9ou-1989637415","p1":"Ogerponk","p2":"SonettoVertin","format":"[Gen 9] OU","log":"|j|\u2606Ogerponk\n|j|\u2606SonettoVertin\n|t:|1699881789\n|gametype|singles\n|player|p1|Ogerponk|erika|\n|player|p2|SonettoVertin|darach-caitlin|\n|teamsize|p1|6\n|teamsize|p2|6\n|gen|9\n|tier|[Gen 9] OU\n|rule|Sleep Clause Mod: Limit one foe put to sleep\n|rule|Species Clause: Limit one of each Pok\u00e9mon\n|rule|OHKO Clause: OHKO moves are banned\n|rule|Evasion Items Clause: Evasion items are banned\n|rule|Evasion Moves Clause: Evasion moves are banned\n|rule|Endless Battle Clause: Forcing endless battles is banned\n|rule|HP Percentage Mod: HP is shown in percentages\n|clearpoke\n|poke|p1|Landorus-Therian, M|\n|poke|p1|Munkidori, M|\n|poke|p1|Falinks|\n|poke|p1|Brute Bonnet|\n|poke|p1|Torkoal, M|\n|poke|p1|Florges-White, F|\n|poke|p2|Sandy Shocks|\n|poke|p2|Ninetales-Alola, M|\n|poke|p2|Braviary, M|\n|poke|p2|Qwilfish, M|\n|poke|p2|Rabsca, M|\n|poke|p2|Lumineon, M|\n|teampreview\n|c|\u2606Ogerponk|ok\n|\n|t:|1699881806\n|start\n|switch|p1a: Munkidori|Munkidori, M|100\/100\n|switch|p2a: Sandy Shocks|Sandy Shocks|100\/100\n|turn|1\n|\n|t:|1699881814\n|-end|p2a: Sandy Shocks|Protosynthesis|[silent]\n|switch|p2a: Ninetales|Ninetales-Alola, M|100\/100\n|-weather|Snow|[from] ability: Snow Warning|[of] p2a: Ninetales\n|move|p1a: Munkidori|Parting Shot|p2a: Ninetales\n|-unboost|p2a: Ninetales|atk|1\n|-unboost|p2a: Ninetales|spa|1\n|inactive|Battle timer is ON: inactive players will automatically lose when time's up. (requested by SonettoVertin)\n|\n|t:|1699881818\n|switch|p1a: Torkoal|Torkoal, M|100\/100|[from] Parting Shot\n|-weather|SunnyDay|[from] ability: Drought|[of] p1a: Torkoal\n|\n|-weather|SunnyDay|[upkeep]\n|upkeep\n|turn|2\n|\n|t:|1699881822\n|switch|p2a: Sandy Shocks|Sandy Shocks|100\/100\n|-activate|p2a: Sandy Shocks|ability: Protosynthesis\n|-start|p2a: Sandy Shocks|protosynthesisspa\n|move|p1a: Torkoal|Stealth Rock|p2a: Sandy Shocks\n|-sidestart|p2: SonettoVertin|move: Stealth Rock\n|\n|-weather|SunnyDay|[upkeep]\n|upkeep\n|turn|3\n|\n|t:|1699881831\n|switch|p1a: Brute Bonnet|Brute Bonnet|100\/100\n|-activate|p1a: Brute Bonnet|ability: Protosynthesis\n|-start|p1a: Brute Bonnet|protosynthesisatk\n|move|p2a: Sandy Shocks|Volt Switch|p1a: Brute Bonnet\n|-resisted|p1a: Brute Bonnet\n|-crit|p1a: Brute Bonnet\n|-damage|p1a: Brute Bonnet|73\/100\n|\n|t:|1699881837\n|-end|p2a: Sandy Shocks|Protosynthesis|[silent]\n|switch|p2a: Ninetales|Ninetales-Alola, M|100\/100|[from] Volt Switch\n|-damage|p2a: Ninetales|76\/100|[from] Stealth Rock\n|-weather|Snow|[from] ability: Snow Warning|[of] p2a: Ninetales\n|-end|p1a: Brute Bonnet|Protosynthesis\n|\n|-weather|Snow|[upkeep]\n|-heal|p1a: Brute Bonnet|79\/100|[from] item: Leftovers\n|upkeep\n|turn|4\n|\n|t:|1699881841\n|move|p2a: Ninetales|Aurora Veil|p2a: Ninetales\n|-sidestart|p2: SonettoVertin|move: Aurora Veil\n|move|p1a: Brute Bonnet|Spore|p2a: Ninetales\n|-status|p2a: Ninetales|slp|[from] move: Spore\n|\n|-weather|Snow|[upkeep]\n|-heal|p1a: Brute Bonnet|85\/100|[from] item: Leftovers\n|upkeep\n|turn|5\n|\n|t:|1699881850\n|switch|p2a: Rabsca|Rabsca, M|100\/100\n|-damage|p2a: Rabsca|76\/100|[from] Stealth Rock\n|-end|p1a: Brute Bonnet|Protosynthesis|[silent]\n|switch|p1a: Florges|Florges-White, F|100\/100\n|\n|-weather|Snow|[upkeep]\n|-heal|p2a: Rabsca|82\/100|[from] item: Leftovers\n|upkeep\n|turn|6\n|\n|t:|1699881854\n|move|p1a: Florges|Substitute|p1a: Florges\n|-start|p1a: Florges|Substitute\n|-damage|p1a: Florges|76\/100\n|move|p2a: Rabsca|Calm Mind|p2a: Rabsca\n|-boost|p2a: Rabsca|spa|1\n|-boost|p2a: Rabsca|spd|1\n|\n|-weather|Snow|[upkeep]\n|-heal|p1a: Florges|82\/100|[from] item: Leftovers\n|-heal|p2a: Rabsca|88\/100|[from] item: Leftovers\n|upkeep\n|turn|7\n|\n|t:|1699881859\n|move|p1a: Florges|Calm Mind|p1a: Florges\n|-boost|p1a: Florges|spa|1\n|-boost|p1a: Florges|spd|1\n|move|p2a: Rabsca|Bug Buzz|p1a: Florges\n|-resisted|p1a: Florges\n|-damage|p1a: Florges|70\/100\n|\n|-weather|none\n|-heal|p1a: Florges|77\/100|[from] item: Leftovers\n|-heal|p2a: Rabsca|94\/100|[from] item: Leftovers\n|upkeep\n|turn|8\n|j| JustAjynx xoxo\n|\n|t:|1699881864\n|move|p1a: Florges|Calm Mind|p1a: Florges\n|-boost|p1a: Florges|spa|1\n|-boost|p1a: Florges|spd|1\n|move|p2a: Rabsca|Calm Mind|p2a: Rabsca\n|-boost|p2a: Rabsca|spa|1\n|-boost|p2a: Rabsca|spd|1\n|\n|-heal|p1a: Florges|83\/100|[from] item: Leftovers\n|-heal|p2a: Rabsca|100\/100|[from] item: Leftovers\n|upkeep\n|turn|9\n|\n|t:|1699881868\n|move|p1a: Florges|Calm Mind|p1a: Florges\n|-boost|p1a: Florges|spa|1\n|-boost|p1a: Florges|spd|1\n|move|p2a: Rabsca|Stored Power|p1a: Florges\n|-activate|p1a: Florges|move: Substitute|[damage]\n|\n|-heal|p1a: Florges|89\/100|[from] item: Leftovers\n|upkeep\n|turn|10\n|\n|t:|1699881873\n|move|p1a: Florges|Calm Mind|p1a: Florges\n|-boost|p1a: Florges|spa|1\n|-boost|p1a: Florges|spd|1\n|move|p2a: Rabsca|Stored Power|p1a: Florges\n|-end|p1a: Florges|Substitute\n|\n|-heal|p1a: Florges|95\/100|[from] item: Leftovers\n|upkeep\n|turn|11\n|\n|t:|1699881882\n|move|p1a: Florges|Calm Mind|p1a: Florges\n|-boost|p1a: Florges|spa|1\n|-boost|p1a: Florges|spd|1\n|move|p2a: Rabsca|Stored Power|p1a: Florges\n|-damage|p1a: Florges|80\/100\n|\n|-heal|p1a: Florges|86\/100|[from] item: Leftovers\n|-sideend|p2: SonettoVertin|move: Aurora Veil\n|upkeep\n|turn|12\n|c|\u2606Ogerponk|tr\u00e2u nh\u1ec3\n|l| JustAjynx xoxo\n|\n|t:|1699881907\n|move|p1a: Florges|Calm Mind|p1a: Florges\n|-boost|p1a: Florges|spa|1\n|-boost|p1a: Florges|spd|1\n|move|p2a: Rabsca|Calm Mind|p2a: Rabsca\n|-boost|p2a: Rabsca|spa|1\n|-boost|p2a: Rabsca|spd|1\n|\n|-heal|p1a: Florges|92\/100|[from] item: Leftovers\n|upkeep\n|turn|13\n|\n|t:|1699881912\n|move|p1a: Florges|Draining Kiss|p2a: Rabsca\n|-damage|p2a: Rabsca|63\/100\n|-heal|p1a: Florges|100\/100|[from] drain|[of] p2a: Rabsca\n|move|p2a: Rabsca|Calm Mind|p2a: Rabsca\n|-boost|p2a: Rabsca|spa|1\n|-boost|p2a: Rabsca|spd|1\n|\n|-heal|p2a: Rabsca|69\/100|[from] item: Leftovers\n|upkeep\n|turn|14\n|\n|t:|1699881915\n|move|p1a: Florges|Draining Kiss|p2a: Rabsca\n|-damage|p2a: Rabsca|36\/100\n|move|p2a: Rabsca|Calm Mind|p2a: Rabsca\n|-boost|p2a: Rabsca|spa|1\n|-boost|p2a: Rabsca|spd|1\n|\n|-heal|p2a: Rabsca|42\/100|[from] item: Leftovers\n|upkeep\n|turn|15\n|\n|t:|1699881918\n|move|p1a: Florges|Draining Kiss|p2a: Rabsca\n|-damage|p2a: Rabsca|12\/100\n|move|p2a: Rabsca|Recover|p2a: Rabsca\n|-heal|p2a: Rabsca|62\/100\n|\n|-heal|p2a: Rabsca|69\/100|[from] item: Leftovers\n|upkeep\n|turn|16\n|\n|t:|1699881923\n|move|p1a: Florges|Draining Kiss|p2a: Rabsca\n|-damage|p2a: Rabsca|39\/100\n|move|p2a: Rabsca|Calm Mind|p2a: Rabsca\n|-boost|p2a: Rabsca|spa|1\n|-boost|p2a: Rabsca|spd|1\n|\n|-heal|p2a: Rabsca|45\/100|[from] item: Leftovers\n|upkeep\n|turn|17\n|\n|t:|1699881935\n|move|p1a: Florges|Substitute|p1a: Florges\n|-start|p1a: Florges|Substitute\n|-damage|p1a: Florges|76\/100\n|move|p2a: Rabsca|Recover|p2a: Rabsca\n|-heal|p2a: Rabsca|95\/100\n|\n|-heal|p1a: Florges|82\/100|[from] item: Leftovers\n|-heal|p2a: Rabsca|100\/100|[from] item: Leftovers\n|upkeep\n|turn|18\n|\n|t:|1699881939\n|move|p1a: Florges|Tera Blast|p2a: Rabsca\n|-damage|p2a: Rabsca|75\/100\n|move|p2a: Rabsca|Stored Power|p1a: Florges\n|-end|p1a: Florges|Substitute\n|\n|-heal|p1a: Florges|88\/100|[from] item: Leftovers\n|-heal|p2a: Rabsca|81\/100|[from] item: Leftovers\n|upkeep\n|turn|19\n|\n|t:|1699881944\n|move|p1a: Florges|Tera Blast|p2a: Rabsca\n|-crit|p2a: Rabsca\n|-damage|p2a: Rabsca|0 fnt\n|faint|p2a: Rabsca\n|\n|-heal|p1a: Florges|94\/100|[from] item: Leftovers\n|upkeep\n|c|\u2606Ogerponk|XD\n|c|\u2606SonettoVertin|game l\u1ed3n\n|j| Ultramanball1\n|\n|t:|1699881973\n|switch|p2a: Qwilfish|Qwilfish, M|100\/100\n|-damage|p2a: Qwilfish|88\/100|[from] Stealth Rock\n|-ability|p2a: Qwilfish|Intimidate|boost\n|-unboost|p1a: Florges|atk|1\n|turn|20\n|\n|t:|1699881982\n|move|p2a: Qwilfish|Thunder Wave|p1a: Florges\n|-status|p1a: Florges|par\n|cant|p1a: Florges|par\n|\n|-heal|p2a: Qwilfish|94\/100|[from] item: Leftovers\n|-heal|p1a: Florges|99\/100 par|[from] item: Leftovers\n|upkeep\n|turn|21\n|\n|t:|1699881986\n|move|p2a: Qwilfish|Destiny Bond|p2a: Qwilfish\n|-singlemove|p2a: Qwilfish|Destiny Bond\n|cant|p1a: Florges|par\n|\n|-heal|p2a: Qwilfish|99\/100|[from] item: Leftovers\n|-heal|p1a: Florges|100\/100 par|[from] item: Leftovers\n|upkeep\n|turn|22\n|\n|t:|1699881991\n|move|p2a: Qwilfish|Flip Turn|p1a: Florges\n|-damage|p1a: Florges|68\/100 par\n|\n|t:|1699881994\n|switch|p2a: Ninetales|Ninetales-Alola, M|76\/100 slp|[from] Flip Turn\n|-damage|p2a: Ninetales|51\/100 slp|[from] Stealth Rock\n|-weather|Snow|[from] ability: Snow Warning|[of] p2a: Ninetales\n|move|p1a: Florges|Substitute|p1a: Florges\n|-start|p1a: Florges|Substitute\n|-damage|p1a: Florges|43\/100 par\n|\n|-weather|Snow|[upkeep]\n|-heal|p1a: Florges|49\/100 par|[from] item: Leftovers\n|upkeep\n|turn|23\n|\n|t:|1699882000\n|cant|p2a: Ninetales|slp\n|move|p1a: Florges|Draining Kiss|p2a: Ninetales\n|-damage|p2a: Ninetales|0 fnt\n|-heal|p1a: Florges|86\/100 par|[from] drain|[of] p2a: Ninetales\n|faint|p2a: Ninetales\n|\n|-weather|Snow|[upkeep]\n|-heal|p1a: Florges|92\/100 par|[from] item: Leftovers\n|upkeep\n|j| rfegehet\n|\n|t:|1699882004\n|switch|p2a: Qwilfish|Qwilfish, M|99\/100\n|-damage|p2a: Qwilfish|88\/100|[from] Stealth Rock\n|-ability|p2a: Qwilfish|Intimidate|boost\n|-immune|p1a: Florges\n|turn|24\n|c| Ultramanball1|\u0110\u1edd ph\u1ea5t sao ko calm mind 4 l\u1ea7n lu\u00f4n\n|\n|t:|1699882009\n|move|p2a: Qwilfish|Destiny Bond|p2a: Qwilfish\n|-singlemove|p2a: Qwilfish|Destiny Bond\n|move|p1a: Florges|Substitute|p1a: Florges\n|-fail|p1a: Florges|move: Substitute\n|\n|-weather|Snow|[upkeep]\n|-heal|p2a: Qwilfish|94\/100|[from] item: Leftovers\n|-heal|p1a: Florges|98\/100 par|[from] item: Leftovers\n|upkeep\n|turn|25\n|\n|t:|1699882015\n|move|p2a: Qwilfish|Waterfall|p1a: Florges\n|-end|p1a: Florges|Substitute\n|move|p1a: Florges|Tera Blast|p2a: Qwilfish\n|-damage|p2a: Qwilfish|0 fnt\n|faint|p2a: Qwilfish\n|\n|-weather|Snow|[upkeep]\n|-heal|p1a: Florges|100\/100 par|[from] item: Leftovers\n|upkeep\n|\n|t:|1699882027\n|switch|p2a: Braviary|Braviary, M|100\/100\n|-damage|p2a: Braviary|76\/100|[from] Stealth Rock\n|turn|26\n|c| Ultramanball1|Ok r\u1ed3i \u0111\u00f3\n|\n|t:|1699882031\n|-terastallize|p2a: Braviary|Fairy\n|move|p2a: Braviary|Agility|p2a: Braviary\n|-boost|p2a: Braviary|spe|2\n|move|p1a: Florges|Draining Kiss|p2a: Braviary\n|-damage|p2a: Braviary|0 fnt\n|faint|p2a: Braviary\n|\n|-weather|none\n|upkeep\n|c| Ultramanball1|H spamstored power\n|c|\u2606Ogerponk|:))))))\n|\n|t:|1699882047\n|switch|p2a: Lumineon|Lumineon, M|100\/100\n|-damage|p2a: Lumineon|88\/100|[from] Stealth Rock\n|turn|27\n|c| Ultramanball1|Ho\u1eb7c l\u00e0 thua\n|c| rfegehet|rip\n|\n|t:|1699882051\n|move|p2a: Lumineon|Aqua Ring|p2a: Lumineon\n|-start|p2a: Lumineon|Aqua Ring\n|cant|p1a: Florges|par\n|\n|-heal|p2a: Lumineon|94\/100|[from] item: Leftovers\n|-heal|p2a: Lumineon|100\/100|[from] Aqua Ring\n|upkeep\n|turn|28\n|l| Ultramanball1\n|\n|t:|1699882056\n|move|p2a: Lumineon|Air Slash|p1a: Florges\n|-damage|p1a: Florges|98\/100 par\n|cant|p1a: Florges|par\n|\n|-heal|p1a: Florges|100\/100 par|[from] item: Leftovers\n|upkeep\n|turn|29\n|\n|t:|1699882060\n|move|p2a: Lumineon|Air Slash|p1a: Florges\n|-damage|p1a: Florges|98\/100 par\n|cant|p1a: Florges|flinch\n|\n|-heal|p1a: Florges|100\/100 par|[from] item: Leftovers\n|upkeep\n|turn|30\n|c| rfegehet|:0\n|\n|t:|1699882074\n|move|p2a: Lumineon|Air Slash|p1a: Florges\n|-damage|p1a: Florges|98\/100 par\n|move|p1a: Florges|Draining Kiss|p2a: Lumineon\n|-damage|p2a: Lumineon|20\/100\n|-heal|p1a: Florges|100\/100 par|[from] drain|[of] p2a: Lumineon\n|\n|-heal|p2a: Lumineon|26\/100|[from] item: Leftovers\n|-heal|p2a: Lumineon|32\/100|[from] Aqua Ring\n|upkeep\n|turn|31\n|\n|t:|1699882080\n|move|p2a: Lumineon|Substitute|p2a: Lumineon\n|-start|p2a: Lumineon|Substitute\n|-damage|p2a: Lumineon|7\/100\n|cant|p1a: Florges|par\n|\n|-heal|p2a: Lumineon|13\/100|[from] item: Leftovers\n|-heal|p2a: Lumineon|19\/100|[from] Aqua Ring\n|upkeep\n|turn|32\n|\n|t:|1699882085\n|move|p2a: Lumineon|Air Slash|p1a: Florges\n|-damage|p1a: Florges|98\/100 par\n|cant|p1a: Florges|flinch\n|\n|-heal|p2a: Lumineon|25\/100|[from] item: Leftovers\n|-heal|p1a: Florges|100\/100 par|[from] item: Leftovers\n|-heal|p2a: Lumineon|31\/100|[from] Aqua Ring\n|upkeep\n|turn|33\n|c| rfegehet|vl duy\n|\n|t:|1699882088\n|move|p2a: Lumineon|Air Slash|p1a: Florges\n|-damage|p1a: Florges|98\/100 par\n|move|p1a: Florges|Tera Blast|p2a: Lumineon\n|-end|p2a: Lumineon|Substitute\n|\n|-heal|p2a: Lumineon|38\/100|[from] item: Leftovers\n|-heal|p1a: Florges|100\/100 par|[from] item: Leftovers\n|-heal|p2a: Lumineon|44\/100|[from] Aqua Ring\n|upkeep\n|turn|34\n|j| Ultramanball1\n|\n|t:|1699882092\n|move|p2a: Lumineon|Air Slash|p1a: Florges\n|-crit|p1a: Florges\n|-damage|p1a: Florges|87\/100 par\n|cant|p1a: Florges|flinch\n|\n|-heal|p2a: Lumineon|50\/100|[from] item: Leftovers\n|-heal|p1a: Florges|94\/100 par|[from] item: Leftovers\n|-heal|p2a: Lumineon|56\/100|[from] Aqua Ring\n|upkeep\n|turn|35\n|\n|t:|1699882095\n|move|p2a: Lumineon|Substitute|p2a: Lumineon\n|-start|p2a: Lumineon|Substitute\n|-damage|p2a: Lumineon|31\/100\n|move|p1a: Florges|Tera Blast|p2a: Lumineon\n|-end|p2a: Lumineon|Substitute\n|\n|-heal|p2a: Lumineon|37\/100|[from] item: Leftovers\n|-heal|p1a: Florges|99\/100 par|[from] item: Leftovers\n|-heal|p2a: Lumineon|43\/100|[from] Aqua Ring\n|upkeep\n|turn|36\n|l| rfegehet\n|c|\u2606Ogerponk|crit\n|c|\u2606Ogerponk|13%\n|\n|t:|1699882105\n|move|p2a: Lumineon|Bounce||[still]\n|-prepare|p2a: Lumineon|Bounce\n|move|p1a: Florges|Tera Blast|p2a: Lumineon|[miss]\n|-miss|p1a: Florges|p2a: Lumineon\n|\n|-heal|p2a: Lumineon|50\/100|[from] item: Leftovers\n|-heal|p1a: Florges|100\/100 par|[from] item: Leftovers\n|-heal|p2a: Lumineon|56\/100|[from] Aqua Ring\n|upkeep\n|turn|37\n|\n|t:|1699882113\n|move|p2a: Lumineon|Bounce|p1a: Florges|[from]lockedmove\n|-damage|p1a: Florges|81\/100 par\n|cant|p1a: Florges|par\n|\n|-heal|p2a: Lumineon|62\/100|[from] item: Leftovers\n|-heal|p1a: Florges|87\/100 par|[from] item: Leftovers\n|-heal|p2a: Lumineon|68\/100|[from] Aqua Ring\n|upkeep\n|turn|38\n|j| rfegehet\n|c|\u2606Ogerponk|gi\u1edd h\u01a1i l\u00e2u n\u00e0y\n|\n|t:|1699882123\n|move|p2a: Lumineon|Bounce||[still]\n|-prepare|p2a: Lumineon|Bounce\n|move|p1a: Florges|Tera Blast|p2a: Lumineon|[miss]\n|-miss|p1a: Florges|p2a: Lumineon\n|\n|-heal|p2a: Lumineon|74\/100|[from] item: Leftovers\n|-heal|p1a: Florges|93\/100 par|[from] item: Leftovers\n|-heal|p2a: Lumineon|80\/100|[from] Aqua Ring\n|upkeep\n|turn|39\n|\n|t:|1699882130\n|move|p2a: Lumineon|Bounce|p1a: Florges|[from]lockedmove\n|-damage|p1a: Florges|73\/100 par\n|cant|p1a: Florges|par\n|\n|-heal|p2a: Lumineon|86\/100|[from] item: Leftovers\n|-heal|p1a: Florges|79\/100 par|[from] item: Leftovers\n|-heal|p2a: Lumineon|93\/100|[from] Aqua Ring\n|upkeep\n|turn|40\n|\n|t:|1699882136\n|move|p2a: Lumineon|Substitute|p2a: Lumineon\n|-start|p2a: Lumineon|Substitute\n|-damage|p2a: Lumineon|68\/100\n|cant|p1a: Florges|par\n|\n|-heal|p2a: Lumineon|74\/100|[from] item: Leftovers\n|-heal|p1a: Florges|85\/100 par|[from] item: Leftovers\n|-heal|p2a: Lumineon|80\/100|[from] Aqua Ring\n|upkeep\n|turn|41\n|\n|t:|1699882139\n|move|p2a: Lumineon|Bounce||[still]\n|-prepare|p2a: Lumineon|Bounce\n|move|p1a: Florges|Substitute|p1a: Florges\n|-start|p1a: Florges|Substitute\n|-damage|p1a: Florges|60\/100 par\n|\n|-heal|p2a: Lumineon|86\/100|[from] item: Leftovers\n|-heal|p1a: Florges|67\/100 par|[from] item: Leftovers\n|-heal|p2a: Lumineon|92\/100|[from] Aqua Ring\n|upkeep\n|turn|42\n|\n|t:|1699882144\n|move|p2a: Lumineon|Bounce|p1a: Florges|[from]lockedmove\n|-activate|p1a: Florges|move: Substitute|[damage]\n|move|p1a: Florges|Draining Kiss|p2a: Lumineon\n|-end|p2a: Lumineon|Substitute\n|-heal|p1a: Florges|84\/100 par|[from] drain|[of] p2a: Lumineon\n|\n|-heal|p2a: Lumineon|98\/100|[from] item: Leftovers\n|-heal|p1a: Florges|90\/100 par|[from] item: Leftovers\n|-heal|p2a: Lumineon|100\/100|[from] Aqua Ring\n|upkeep\n|turn|43\n|c| Ultramanball1|Stall\n|\n|t:|1699882148\n|move|p2a: Lumineon|Bounce||[still]\n|-prepare|p2a: Lumineon|Bounce\n|move|p1a: Florges|Substitute|p1a: Florges\n|-fail|p1a: Florges|move: Substitute\n|\n|-heal|p1a: Florges|97\/100 par|[from] item: Leftovers\n|upkeep\n|turn|44\n|\n|t:|1699882151\n|move|p2a: Lumineon|Bounce|p1a: Florges|[from]lockedmove\n|-end|p1a: Florges|Substitute\n|move|p1a: Florges|Draining Kiss|p2a: Lumineon\n|-damage|p2a: Lumineon|20\/100\n|-heal|p1a: Florges|100\/100 par|[from] drain|[of] p2a: Lumineon\n|\n|-heal|p2a: Lumineon|26\/100|[from] item: Leftovers\n|-heal|p2a: Lumineon|32\/100|[from] Aqua Ring\n|upkeep\n|turn|45\n|\n|t:|1699882157\n|move|p2a: Lumineon|Substitute|p2a: Lumineon\n|-start|p2a: Lumineon|Substitute\n|-damage|p2a: Lumineon|7\/100\n|move|p1a: Florges|Substitute|p1a: Florges\n|-start|p1a: Florges|Substitute\n|-damage|p1a: Florges|76\/100 par\n|\n|-heal|p2a: Lumineon|13\/100|[from] item: Leftovers\n|-heal|p1a: Florges|82\/100 par|[from] item: Leftovers\n|-heal|p2a: Lumineon|19\/100|[from] Aqua Ring\n|upkeep\n|turn|46\n|c| rfegehet|bro beefy af\n|\n|t:|1699882161\n|move|p2a: Lumineon|Bounce||[still]\n|-prepare|p2a: Lumineon|Bounce\n|move|p1a: Florges|Tera Blast|p2a: Lumineon|[miss]\n|-miss|p1a: Florges|p2a: Lumineon\n|\n|-heal|p2a: Lumineon|25\/100|[from] item: Leftovers\n|-heal|p1a: Florges|88\/100 par|[from] item: Leftovers\n|-heal|p2a: Lumineon|31\/100|[from] Aqua Ring\n|upkeep\n|turn|47\n|\n|t:|1699882167\n|move|p2a: Lumineon|Bounce|p1a: Florges|[from]lockedmove|[miss]\n|-miss|p2a: Lumineon|p1a: Florges\n|move|p1a: Florges|Tera Blast|p2a: Lumineon\n|-end|p2a: Lumineon|Substitute\n|\n|-heal|p2a: Lumineon|38\/100|[from] item: Leftovers\n|-heal|p1a: Florges|94\/100 par|[from] item: Leftovers\n|-heal|p2a: Lumineon|44\/100|[from] Aqua Ring\n|upkeep\n|turn|48\n|\n|t:|1699882172\n|move|p2a: Lumineon|Substitute|p2a: Lumineon\n|-start|p2a: Lumineon|Substitute\n|-damage|p2a: Lumineon|19\/100\n|cant|p1a: Florges|par\n|\n|-heal|p2a: Lumineon|25\/100|[from] item: Leftovers\n|-heal|p1a: Florges|99\/100 par|[from] item: Leftovers\n|-heal|p2a: Lumineon|31\/100|[from] Aqua Ring\n|upkeep\n|turn|49\n|c| Ultramanball1|M\u00e0 th\u00f4i s\u1ee3 thua qu\u00e1\n|c| Ultramanball1|lmao\n|\n|t:|1699882177\n|move|p2a: Lumineon|Bounce||[still]\n|-prepare|p2a: Lumineon|Bounce\n|move|p1a: Florges|Tera Blast|p2a: Lumineon|[miss]\n|-miss|p1a: Florges|p2a: Lumineon\n|\n|-heal|p2a: Lumineon|37\/100|[from] item: Leftovers\n|-heal|p1a: Florges|100\/100 par|[from] item: Leftovers\n|-heal|p2a: Lumineon|43\/100|[from] Aqua Ring\n|upkeep\n|turn|50\n|c|\u2606Ogerponk|bu\u1ed3n ng\u1ee7 vl\n|c| Ultramanball1|maats rabsca th\u1eafng b\u1eb1ng ni\u1ec1m tin\n|\n|t:|1699882185\n|move|p2a: Lumineon|Bounce|p1a: Florges|[from]lockedmove\n|-activate|p1a: Florges|move: Substitute|[damage]\n|move|p1a: Florges|Tera Blast|p2a: Lumineon\n|-end|p2a: Lumineon|Substitute\n|\n|-heal|p2a: Lumineon|50\/100|[from] item: Leftovers\n|-heal|p2a: Lumineon|56\/100|[from] Aqua Ring\n|upkeep\n|turn|51\n|c| rfegehet|jesus\n|\n|t:|1699882198\n|move|p2a: Lumineon|Substitute|p2a: Lumineon\n|-start|p2a: Lumineon|Substitute\n|-damage|p2a: Lumineon|31\/100\n|move|p1a: Florges|Calm Mind|p1a: Florges\n|-boost|p1a: Florges|spa|0\n|-boost|p1a: Florges|spd|0\n|\n|-heal|p2a: Lumineon|37\/100|[from] item: Leftovers\n|-heal|p2a: Lumineon|43\/100|[from] Aqua Ring\n|upkeep\n|turn|52\n|\n|t:|1699882201\n|move|p2a: Lumineon|Bounce||[still]\n|-prepare|p2a: Lumineon|Bounce\n|move|p1a: Florges|Draining Kiss|p2a: Lumineon|[miss]\n|-miss|p1a: Florges|p2a: Lumineon\n|\n|-heal|p2a: Lumineon|49\/100|[from] item: Leftovers\n|-heal|p2a: Lumineon|55\/100|[from] Aqua Ring\n|upkeep\n|turn|53\n|c| Ultramanball1|Ko \u0111\u1ee7 dam ph\u00e1 subs \u0111\u00e2u\n|\n|t:|1699882205\n|move|p2a: Lumineon|Bounce|p1a: Florges|[from]lockedmove\n|-end|p1a: Florges|Substitute\n|move|p1a: Florges|Calm Mind|p1a: Florges\n|-boost|p1a: Florges|spa|0\n|-boost|p1a: Florges|spd|0\n|\n|-heal|p2a: Lumineon|62\/100|[from] item: Leftovers\n|-heal|p2a: Lumineon|68\/100|[from] Aqua Ring\n|upkeep\n|turn|54\n|c| Ultramanball1|\u00c0 ko\n|\n|t:|1699882223\n|move|p2a: Lumineon|Air Slash|p1a: Florges\n|-damage|p1a: Florges|98\/100 par\n|cant|p1a: Florges|flinch\n|\n|-heal|p2a: Lumineon|74\/100|[from] item: Leftovers\n|-heal|p1a: Florges|100\/100 par|[from] item: Leftovers\n|-heal|p2a: Lumineon|80\/100|[from] Aqua Ring\n|upkeep\n|turn|55\n|c| Ultramanball1|cu stall dsi\n|c|\u2606Ogerponk|2 ph\u00e1t m\u1edbi \u0111\u1ee7\n|c| Ultramanball1|Tui th\u1ea5y c\u00f3 hi v\u1ecdng\n|\n|t:|1699882232\n|move|p2a: Lumineon|Bounce||[still]\n|-prepare|p2a: Lumineon|Bounce\n|move|p1a: Florges|Calm Mind|p1a: Florges\n|-boost|p1a: Florges|spa|0\n|-boost|p1a: Florges|spd|0\n|\n|-heal|p2a: Lumineon|86\/100|[from] item: Leftovers\n|-heal|p2a: Lumineon|92\/100|[from] Aqua Ring\n|upkeep\n|turn|56\n|c| Ultramanball1|check r\u1ed3i\n|\n|t:|1699882240\n|move|p2a: Lumineon|Bounce|p1a: Florges|[from]lockedmove\n|-damage|p1a: Florges|82\/100 par\n|cant|p1a: Florges|par\n|\n|-heal|p2a: Lumineon|98\/100|[from] item: Leftovers\n|-heal|p1a: Florges|89\/100 par|[from] item: Leftovers\n|-heal|p2a: Lumineon|100\/100|[from] Aqua Ring\n|upkeep\n|turn|57\n|c|\u2606Ogerponk|h\u1ebft bounce r\u1ed3i\n|\n|t:|1699882249\n|move|p2a: Lumineon|Air Slash|p1a: Florges\n|-damage|p1a: Florges|87\/100 par\n|cant|p1a: Florges|flinch\n|\n|-heal|p1a: Florges|93\/100 par|[from] item: Leftovers\n|upkeep\n|turn|58\n|\n|t:|1699882253\n|move|p2a: Lumineon|Air Slash|p1a: Florges\n|-damage|p1a: Florges|90\/100 par\n|move|p1a: Florges|Tera Blast|p2a: Lumineon\n|-end|p2a: Lumineon|Substitute\n|\n|-heal|p1a: Florges|97\/100 par|[from] item: Leftovers\n|upkeep\n|turn|59\n|\n|t:|1699882257\n|move|p2a: Lumineon|Air Slash|p1a: Florges\n|-damage|p1a: Florges|94\/100 par\n|move|p1a: Florges|Calm Mind|p1a: Florges\n|-boost|p1a: Florges|spa|0\n|-boost|p1a: Florges|spd|0\n|\n|-heal|p1a: Florges|99\/100 par|[from] item: Leftovers\n|upkeep\n|turn|60\n|c| Ultramanball1|\u01af\u1edbc Bounce t\u0103ng pp\n|c| Ultramanball1|fly 16 l\u1eadn m\u00e0\n|\n|t:|1699882282\n|move|p2a: Lumineon|Substitute|p2a: Lumineon\n|-start|p2a: Lumineon|Substitute\n|-damage|p2a: Lumineon|76\/100\n|move|p1a: Florges|Draining Kiss|p2a: Lumineon\n|-end|p2a: Lumineon|Substitute\n|-heal|p1a: Florges|100\/100 par|[from] drain|[of] p2a: Lumineon\n|\n|-heal|p2a: Lumineon|82\/100|[from] item: Leftovers\n|-heal|p2a: Lumineon|88\/100|[from] Aqua Ring\n|upkeep\n|turn|61\n|\n|t:|1699882285\n|move|p2a: Lumineon|Substitute|p2a: Lumineon\n|-start|p2a: Lumineon|Substitute\n|-damage|p2a: Lumineon|63\/100\n|move|p1a: Florges|Calm Mind|p1a: Florges\n|-boost|p1a: Florges|spa|0\n|-boost|p1a: Florges|spd|0\n|\n|-heal|p2a: Lumineon|69\/100|[from] item: Leftovers\n|-heal|p2a: Lumineon|75\/100|[from] Aqua Ring\n|upkeep\n|turn|62\n|\n|t:|1699882289\n|move|p2a: Lumineon|Aqua Ring||[still]\n|-fail|p2a: Lumineon\n|move|p1a: Florges|Draining Kiss|p2a: Lumineon\n|-end|p2a: Lumineon|Substitute\n|\n|-heal|p2a: Lumineon|81\/100|[from] item: Leftovers\n|-heal|p2a: Lumineon|88\/100|[from] Aqua Ring\n|upkeep\n|turn|63\n|\n|t:|1699882293\n|move|p2a: Lumineon|Substitute|p2a: Lumineon\n|-start|p2a: Lumineon|Substitute\n|-damage|p2a: Lumineon|63\/100\n|cant|p1a: Florges|par\n|\n|-heal|p2a: Lumineon|69\/100|[from] item: Leftovers\n|-heal|p2a: Lumineon|75\/100|[from] Aqua Ring\n|upkeep\n|turn|64\n|\n|t:|1699882295\n|move|p2a: Lumineon|Aqua Ring||[still]\n|-fail|p2a: Lumineon\n|cant|p1a: Florges|par\n|\n|-heal|p2a: Lumineon|81\/100|[from] item: Leftovers\n|-heal|p2a: Lumineon|87\/100|[from] Aqua Ring\n|upkeep\n|turn|65\n|\n|t:|1699882300\n|move|p2a: Lumineon|Aqua Ring||[still]\n|-fail|p2a: Lumineon\n|move|p1a: Florges|Tera Blast|p2a: Lumineon\n|-end|p2a: Lumineon|Substitute\n|\n|-heal|p2a: Lumineon|93\/100|[from] item: Leftovers\n|-heal|p2a: Lumineon|99\/100|[from] Aqua Ring\n|upkeep\n|turn|66\n|\n|t:|1699882305\n|move|p2a: Lumineon|Substitute|p2a: Lumineon\n|-start|p2a: Lumineon|Substitute\n|-damage|p2a: Lumineon|75\/100\n|move|p1a: Florges|Calm Mind|p1a: Florges\n|-boost|p1a: Florges|spa|0\n|-boost|p1a: Florges|spd|0\n|\n|-heal|p2a: Lumineon|81\/100|[from] item: Leftovers\n|-heal|p2a: Lumineon|87\/100|[from] Aqua Ring\n|upkeep\n|turn|67\n|c| Ultramanball1|Substitute\n|\n|t:|1699882311\n|move|p2a: Lumineon|Aqua Ring||[still]\n|-fail|p2a: Lumineon\n|move|p1a: Florges|Calm Mind|p1a: Florges\n|-boost|p1a: Florges|spa|0\n|-boost|p1a: Florges|spd|0\n|\n|-heal|p2a: Lumineon|93\/100|[from] item: Leftovers\n|-heal|p2a: Lumineon|99\/100|[from] Aqua Ring\n|upkeep\n|turn|68\n|\n|t:|1699882313\n|move|p2a: Lumineon|Aqua Ring||[still]\n|-fail|p2a: Lumineon\n|move|p1a: Florges|Substitute|p1a: Florges\n|-start|p1a: Florges|Substitute\n|-damage|p1a: Florges|76\/100 par\n|\n|-heal|p2a: Lumineon|100\/100|[from] item: Leftovers\n|-heal|p1a: Florges|82\/100 par|[from] item: Leftovers\n|upkeep\n|turn|69\n|c| Ultramanball1|Subs \u0111i\n|\n|t:|1699882317\n|move|p2a: Lumineon|Air Slash|p1a: Florges\n|-activate|p1a: Florges|move: Substitute|[damage]\n|cant|p1a: Florges|par\n|\n|-heal|p1a: Florges|88\/100 par|[from] item: Leftovers\n|upkeep\n|turn|70\n|\n|t:|1699882321\n|move|p2a: Lumineon|Aqua Ring||[still]\n|-fail|p2a: Lumineon\n|cant|p1a: Florges|par\n|\n|-heal|p1a: Florges|94\/100 par|[from] item: Leftovers\n|upkeep\n|turn|71\n|c| Ultramanball1|\u0110\u00fang r\u1ed3i\n|\n|t:|1699882329\n|move|p2a: Lumineon|Aqua Ring||[still]\n|-fail|p2a: Lumineon\n|cant|p1a: Florges|par\n|\n|-heal|p1a: Florges|99\/100 par|[from] item: Leftovers\n|upkeep\n|turn|72\n|c| Ultramanball1|Air slash n\u00f3\n|\n|t:|1699882337\n|move|p2a: Lumineon|Aqua Ring||[still]\n|-fail|p2a: Lumineon\n|cant|p1a: Florges|par\n|\n|-heal|p1a: Florges|100\/100 par|[from] item: Leftovers\n|upkeep\n|turn|73\n|c| Ultramanball1|Aqua ring c\u0169ng \u0111c\n|\n|t:|1699882345\n|move|p2a: Lumineon|Aqua Ring||[still]\n|-fail|p2a: Lumineon\n|move|p1a: Florges|Substitute|p1a: Florges\n|-fail|p1a: Florges|move: Substitute\n|\n|upkeep\n|turn|74\n|c|\u2606Ogerponk|coi pp ai c\u1ea1n tr\u01b0\u1edbc\n|\n|t:|1699882350\n|move|p2a: Lumineon|Aqua Ring||[still]\n|-fail|p2a: Lumineon\n|cant|p1a: Florges|par\n|\n|upkeep\n|turn|75\n|\n|t:|1699882354\n|move|p2a: Lumineon|Aqua Ring||[still]\n|-fail|p2a: Lumineon\n|move|p1a: Florges|Calm Mind|p1a: Florges\n|-boost|p1a: Florges|spa|0\n|-boost|p1a: Florges|spd|0\n|\n|upkeep\n|turn|76\n|\n|t:|1699882362\n|move|p2a: Lumineon|Aqua Ring||[still]\n|-fail|p2a: Lumineon\n|cant|p1a: Florges|par\n|\n|upkeep\n|turn|77\n|c| Ultramanball1|Florges th\u1eafng r\u1ed3i\n|c| Ultramanball1|lmao\n|c| rfegehet|con flor co loi the hon\n|\n|t:|1699882371\n|move|p2a: Lumineon|Aqua Ring||[still]\n|-fail|p2a: Lumineon\n|move|p1a: Florges|Calm Mind|p1a: Florges\n|-boost|p1a: Florges|spa|0\n|-boost|p1a: Florges|spd|0\n|\n|upkeep\n|turn|78\n|\n|t:|1699882377\n|move|p2a: Lumineon|Aqua Ring||[still]\n|-fail|p2a: Lumineon\n|move|p1a: Florges|Calm Mind|p1a: Florges\n|-boost|p1a: Florges|spa|0\n|-boost|p1a: Florges|spd|0\n|\n|upkeep\n|turn|79\n|c| rfegehet|bi para la ko ton pp\n|\n|t:|1699882385\n|move|p2a: Lumineon|Aqua Ring||[still]\n|-fail|p2a: Lumineon\n|cant|p1a: Florges|par\n|\n|upkeep\n|turn|80\n|c| Ultramanball1|Flor b\u1ecb para\n|c| Ultramanball1|vip\n|\n|t:|1699882399\n|move|p2a: Lumineon|Aqua Ring||[still]\n|-fail|p2a: Lumineon\n|move|p1a: Florges|Calm Mind|p1a: Florges\n|-boost|p1a: Florges|spa|0\n|-boost|p1a: Florges|spd|0\n|\n|upkeep\n|turn|81\n|\n|t:|1699882411\n|move|p2a: Lumineon|Aqua Ring||[still]\n|-fail|p2a: Lumineon\n|move|p1a: Florges|Calm Mind|p1a: Florges\n|-boost|p1a: Florges|spa|0\n|-boost|p1a: Florges|spd|0\n|\n|upkeep\n|turn|82\n|\n|t:|1699882420\n|move|p2a: Lumineon|Aqua Ring||[still]\n|-fail|p2a: Lumineon\n|move|p1a: Florges|Calm Mind|p1a: Florges\n|-boost|p1a: Florges|spa|0\n|-boost|p1a: Florges|spd|0\n|\n|upkeep\n|turn|83\n|l| Ultramanball1\n|\n|t:|1699882426\n|move|p2a: Lumineon|Aqua Ring||[still]\n|-fail|p2a: Lumineon\n|move|p1a: Florges|Calm Mind|p1a: Florges\n|-boost|p1a: Florges|spa|0\n|-boost|p1a: Florges|spd|0\n|\n|upkeep\n|turn|84\n|\n|t:|1699882447\n|move|p2a: Lumineon|Air Slash|p1a: Florges\n|-activate|p1a: Florges|move: Substitute|[damage]\n|move|p1a: Florges|Calm Mind|p1a: Florges\n|-boost|p1a: Florges|spa|0\n|-boost|p1a: Florges|spd|0\n|\n|upkeep\n|turn|85\n|\n|t:|1699882455\n|move|p2a: Lumineon|Air Slash|p1a: Florges\n|-activate|p1a: Florges|move: Substitute|[damage]\n|cant|p1a: Florges|par\n|\n|upkeep\n|turn|86\n|\n|t:|1699882460\n|move|p2a: Lumineon|Air Slash|p1a: Florges\n|-activate|p1a: Florges|move: Substitute|[damage]\n|move|p1a: Florges|Substitute|p1a: Florges\n|-fail|p1a: Florges|move: Substitute\n|\n|upkeep\n|turn|87\n|c| rfegehet|god bless aqua ring\n|\n|t:|1699882470\n|move|p2a: Lumineon|Air Slash|p1a: Florges\n|-activate|p1a: Florges|move: Substitute|[damage]\n|cant|p1a: Florges|par\n|\n|upkeep\n|turn|88\n|\n|t:|1699882477\n|move|p2a: Lumineon|Substitute|p2a: Lumineon\n|-fail|p2a: Lumineon|move: Substitute\n|move|p1a: Florges|Calm Mind|p1a: Florges\n|-boost|p1a: Florges|spa|0\n|-boost|p1a: Florges|spd|0\n|\n|upkeep\n|turn|89\n|\n|t:|1699882481\n|move|p2a: Lumineon|Substitute|p2a: Lumineon\n|-fail|p2a: Lumineon|move: Substitute\n|move|p1a: Florges|Calm Mind|p1a: Florges\n|-boost|p1a: Florges|spa|0\n|-boost|p1a: Florges|spd|0\n|\n|upkeep\n|turn|90\n|\n|t:|1699882485\n|move|p2a: Lumineon|Air Slash|p1a: Florges\n|-activate|p1a: Florges|move: Substitute|[damage]\n|move|p1a: Florges|Calm Mind|p1a: Florges\n|-boost|p1a: Florges|spa|0\n|-boost|p1a: Florges|spd|0\n|\n|upkeep\n|turn|91\n|\n|t:|1699882489\n|move|p2a: Lumineon|Air Slash|p1a: Florges\n|-crit|p1a: Florges\n|-end|p1a: Florges|Substitute\n|move|p1a: Florges|Calm Mind|p1a: Florges\n|-boost|p1a: Florges|spa|0\n|-boost|p1a: Florges|spd|0\n|\n|upkeep\n|turn|92\n|l| rfegehet\n|\n|t:|1699882494\n|move|p2a: Lumineon|Air Slash|p1a: Florges\n|-damage|p1a: Florges|98\/100 par\n|move|p1a: Florges|Calm Mind|p1a: Florges\n|-boost|p1a: Florges|spa|0\n|-boost|p1a: Florges|spd|0\n|\n|-heal|p1a: Florges|100\/100 par|[from] item: Leftovers\n|upkeep\n|turn|93\n|\n|t:|1699882497\n|move|p2a: Lumineon|Air Slash|p1a: Florges\n|-damage|p1a: Florges|98\/100 par\n|move|p1a: Florges|Calm Mind|p1a: Florges\n|-boost|p1a: Florges|spa|0\n|-boost|p1a: Florges|spd|0\n|\n|-heal|p1a: Florges|100\/100 par|[from] item: Leftovers\n|upkeep\n|turn|94\n|\n|t:|1699882499\n|move|p2a: Lumineon|Air Slash|p1a: Florges\n|-damage|p1a: Florges|99\/100 par\n|cant|p1a: Florges|flinch\n|\n|-heal|p1a: Florges|100\/100 par|[from] item: Leftovers\n|upkeep\n|turn|95\n|\n|t:|1699882503\n|move|p2a: Lumineon|Air Slash|p1a: Florges\n|-damage|p1a: Florges|98\/100 par\n|move|p1a: Florges|Calm Mind|p1a: Florges\n|-boost|p1a: Florges|spa|0\n|-boost|p1a: Florges|spd|0\n|\n|-heal|p1a: Florges|100\/100 par|[from] item: Leftovers\n|upkeep\n|turn|96\n|\n|t:|1699882509\n|move|p2a: Lumineon|Air Slash|p1a: Florges\n|-damage|p1a: Florges|98\/100 par\n|cant|p1a: Florges|flinch\n|\n|-heal|p1a: Florges|100\/100 par|[from] item: Leftovers\n|upkeep\n|turn|97\n|c|\u2606Ogerponk|t\u00ea n\u00e0o\n|\n|t:|1699882515\n|move|p2a: Lumineon|Aqua Ring||[still]\n|-fail|p2a: Lumineon\n|move|p1a: Florges|Calm Mind|p1a: Florges\n|-boost|p1a: Florges|spa|0\n|-boost|p1a: Florges|spd|0\n|\n|upkeep\n|turn|98\n|\n|t:|1699882519\n|move|p2a: Lumineon|Aqua Ring||[still]\n|-fail|p2a: Lumineon\n|cant|p1a: Florges|par\n|\n|upkeep\n|turn|99\n|\n|t:|1699882522\n|move|p2a: Lumineon|Aqua Ring||[still]\n|-fail|p2a: Lumineon\n|move|p1a: Florges|Calm Mind|p1a: Florges\n|-boost|p1a: Florges|spa|0\n|-boost|p1a: Florges|spd|0\n|\n|upkeep\n|turn|100\n|\n|t:|1699882525\n|move|p2a: Lumineon|Aqua Ring||[still]\n|-fail|p2a: Lumineon\n|move|p1a: Florges|Calm Mind|p1a: Florges\n|-boost|p1a: Florges|spa|0\n|-boost|p1a: Florges|spd|0\n|\n|upkeep\n|turn|101\n|j| Nakafuyu Yuki\n|c| Nakafuyu Yuki|kh\u00f2\n|inactive|SonettoVertin has 270 seconds left.\n|\n|t:|1699882561\n|move|p2a: Lumineon|Aqua Ring||[still]\n|-fail|p2a: Lumineon\n|move|p1a: Florges|Calm Mind|p1a: Florges\n|-boost|p1a: Florges|spa|0\n|-boost|p1a: Florges|spd|0\n|\n|upkeep\n|turn|102\n|\n|t:|1699882570\n|move|p2a: Lumineon|Aqua Ring||[still]\n|-fail|p2a: Lumineon\n|cant|p1a: Florges|par\n|\n|upkeep\n|turn|103\n|\n|t:|1699882575\n|move|p2a: Lumineon|Aqua Ring||[still]\n|-fail|p2a: Lumineon\n|cant|p1a: Florges|par\n|\n|upkeep\n|turn|104\n|\n|t:|1699882578\n|move|p2a: Lumineon|Aqua Ring||[still]\n|-fail|p2a: Lumineon\n|move|p1a: Florges|Tera Blast|p2a: Lumineon\n|-end|p2a: Lumineon|Substitute\n|\n|upkeep\n|turn|105\n|\n|t:|1699882594\n|move|p2a: Lumineon|Aqua Ring||[still]\n|-fail|p2a: Lumineon\n|move|p1a: Florges|Draining Kiss|p2a: Lumineon\n|-damage|p2a: Lumineon|14\/100\n|\n|-heal|p2a: Lumineon|20\/100|[from] item: Leftovers\n|-heal|p2a: Lumineon|27\/100|[from] Aqua Ring\n|upkeep\n|turn|106\n|j| rfegehet\n|\n|t:|1699882598\n|move|p2a: Lumineon|Substitute|p2a: Lumineon\n|-start|p2a: Lumineon|Substitute\n|-damage|p2a: Lumineon|2\/100\n|cant|p1a: Florges|par\n|\n|-heal|p2a: Lumineon|8\/100|[from] item: Leftovers\n|-heal|p2a: Lumineon|14\/100|[from] Aqua Ring\n|upkeep\n|turn|107\n|\n|t:|1699882602\n|move|p2a: Lumineon|Aqua Ring||[still]\n|-fail|p2a: Lumineon\n|move|p1a: Florges|Substitute|p1a: Florges\n|-start|p1a: Florges|Substitute\n|-damage|p1a: Florges|76\/100 par\n|\n|-heal|p2a: Lumineon|20\/100|[from] item: Leftovers\n|-heal|p1a: Florges|82\/100 par|[from] item: Leftovers\n|-heal|p2a: Lumineon|26\/100|[from] Aqua Ring\n|upkeep\n|turn|108\n|\n|t:|1699882607\n|move|p2a: Lumineon|Air Slash|p1a: Florges\n|-activate|p1a: Florges|move: Substitute|[damage]\n|cant|p1a: Florges|par\n|\n|-heal|p2a: Lumineon|32\/100|[from] item: Leftovers\n|-heal|p1a: Florges|88\/100 par|[from] item: Leftovers\n|-heal|p2a: Lumineon|39\/100|[from] Aqua Ring\n|upkeep\n|turn|109\n|\n|t:|1699882610\n|move|p2a: Lumineon|Air Slash|p1a: Florges\n|-activate|p1a: Florges|move: Substitute|[damage]\n|cant|p1a: Florges|par\n|\n|-heal|p2a: Lumineon|45\/100|[from] item: Leftovers\n|-heal|p1a: Florges|94\/100 par|[from] item: Leftovers\n|-heal|p2a: Lumineon|51\/100|[from] Aqua Ring\n|upkeep\n|turn|110\n|\n|t:|1699882613\n|move|p2a: Lumineon|Aqua Ring||[still]\n|-fail|p2a: Lumineon\n|move|p1a: Florges|Substitute|p1a: Florges\n|-fail|p1a: Florges|move: Substitute\n|\n|-heal|p2a: Lumineon|57\/100|[from] item: Leftovers\n|-heal|p1a: Florges|99\/100 par|[from] item: Leftovers\n|-heal|p2a: Lumineon|63\/100|[from] Aqua Ring\n|upkeep\n|turn|111\n|\n|t:|1699882628\n|move|p2a: Lumineon|Aqua Ring||[still]\n|-fail|p2a: Lumineon\n|cant|p1a: Florges|par\n|\n|-heal|p2a: Lumineon|69\/100|[from] item: Leftovers\n|-heal|p1a: Florges|100\/100 par|[from] item: Leftovers\n|-heal|p2a: Lumineon|75\/100|[from] Aqua Ring\n|upkeep\n|turn|112\n|\n|t:|1699882632\n|move|p2a: Lumineon|Substitute|p2a: Lumineon\n|-fail|p2a: Lumineon|move: Substitute\n|move|p1a: Florges|Substitute|p1a: Florges\n|-fail|p1a: Florges|move: Substitute\n|\n|-heal|p2a: Lumineon|81\/100|[from] item: Leftovers\n|-heal|p2a: Lumineon|88\/100|[from] Aqua Ring\n|upkeep\n|turn|113\n|\n|t:|1699882635\n|move|p2a: Lumineon|Substitute|p2a: Lumineon\n|-fail|p2a: Lumineon|move: Substitute\n|cant|p1a: Florges|par\n|\n|-heal|p2a: Lumineon|94\/100|[from] item: Leftovers\n|-heal|p2a: Lumineon|99\/100|[from] Aqua Ring\n|upkeep\n|turn|114\n|\n|t:|1699882643\n|move|p2a: Lumineon|Substitute|p2a: Lumineon\n|-fail|p2a: Lumineon|move: Substitute\n|move|p1a: Florges|Substitute|p1a: Florges\n|-fail|p1a: Florges|move: Substitute\n|\n|-heal|p2a: Lumineon|100\/100|[from] item: Leftovers\n|upkeep\n|turn|115\n|\n|t:|1699882650\n|-activate|p2a: Lumineon|move: Struggle\n|move|p2a: Lumineon|Struggle|p1a: Florges\n|-activate|p1a: Florges|move: Substitute|[damage]\n|-damage|p2a: Lumineon|75\/100|[from] recoil\n|move|p1a: Florges|Tera Blast|p2a: Lumineon\n|-end|p2a: Lumineon|Substitute\n|\n|-heal|p2a: Lumineon|81\/100|[from] item: Leftovers\n|-heal|p2a: Lumineon|88\/100|[from] Aqua Ring\n|upkeep\n|turn|116\n|\n|t:|1699882655\n|-activate|p2a: Lumineon|move: Struggle\n|move|p2a: Lumineon|Struggle|p1a: Florges\n|-end|p1a: Florges|Substitute\n|-damage|p2a: Lumineon|62\/100|[from] recoil\n|move|p1a: Florges|Tera Blast|p2a: Lumineon\n|-damage|p2a: Lumineon|0 fnt\n|faint|p2a: Lumineon\n|\n|upkeep\n|\n|t:|1699882658\n|switch|p2a: Sandy Shocks|Sandy Shocks|100\/100\n|-damage|p2a: Sandy Shocks|94\/100|[from] Stealth Rock\n|turn|117\n|\n|t:|1699882664\n|move|p2a: Sandy Shocks|Thunderbolt|p1a: Florges\n|-damage|p1a: Florges|93\/100 par\n|cant|p1a: Florges|par\n|\n|-heal|p1a: Florges|99\/100 par|[from] item: Leftovers\n|upkeep\n|turn|118\n|\n|t:|1699882669\n|move|p2a: Sandy Shocks|Thunderbolt|p1a: Florges\n|-damage|p1a: Florges|92\/100 par\n|move|p1a: Florges|Draining Kiss|p2a: Sandy Shocks\n|-damage|p2a: Sandy Shocks|0 fnt\n|-heal|p1a: Florges|100\/100 par|[from] drain|[of] p2a: Sandy Shocks\n|faint|p2a: Sandy Shocks\n|-end|p2a: Sandy Shocks|Protosynthesis|[silent]\n|\n|win|Ogerponk\n|c| rfegehet|gg\n","uploadtime":1699882680,"views":58,"p1id":"ogerponk","p2id":"sonettovertin","formatid":"gen9ou","rating":0,"private":0,"password":""}