{"id":"gen9ou-1994414273","p1":"Onte bad","p2":"Ed0909","format":"[Gen 9] OU","log":"|j|\u2606Onte bad\n|j|\u2606Ed0909\n|t:|1700441235\n|gametype|singles\n|player|p1|Onte bad|170|1280\n|player|p2|Ed0909|gambler|1346\n|teamsize|p1|6\n|teamsize|p2|6\n|gen|9\n|tier|[Gen 9] OU\n|rated|\n|rule|Sleep Clause Mod: Limit one foe put to sleep\n|rule|Species Clause: Limit one of each Pok\u00e9mon\n|rule|OHKO Clause: OHKO moves are banned\n|rule|Evasion Items Clause: Evasion items are banned\n|rule|Evasion Moves Clause: Evasion moves are banned\n|rule|Endless Battle Clause: Forcing endless battles is banned\n|rule|HP Percentage Mod: HP is shown in percentages\n|clearpoke\n|poke|p1|Gholdengo|\n|poke|p1|Glimmora, M|\n|poke|p1|Ribombee, M|\n|poke|p1|Cinderace, M|\n|poke|p1|Dragonite, F|\n|poke|p1|Thundurus-Therian, M|\n|poke|p2|Ribombee, M|\n|poke|p2|Great Tusk|\n|poke|p2|Skeledirge, F|\n|poke|p2|Rillaboom, M|\n|poke|p2|Sneasler, F|\n|poke|p2|Kingambit, M|\n|teampreview\n|inactive|Battle timer is ON: inactive players will automatically lose when time's up. (requested by Ed0909)\n|\n|t:|1700441245\n|start\n|switch|p1a: Ribombee|Ribombee, M|100\/100\n|switch|p2a: Ribombee|Ribombee, M, shiny|100\/100\n|turn|1\n|\n|t:|1700441252\n|move|p2a: Ribombee|Sticky Web|p1a: Ribombee\n|-sidestart|p1: Onte bad|move: Sticky Web\n|move|p1a: Ribombee|Sticky Web|p2a: Ribombee\n|-sidestart|p2: Ed0909|move: Sticky Web\n|\n|upkeep\n|turn|2\n|\n|t:|1700441256\n|move|p1a: Ribombee|Quiver Dance|p1a: Ribombee\n|-boost|p1a: Ribombee|spa|1\n|-boost|p1a: Ribombee|spd|1\n|-boost|p1a: Ribombee|spe|1\n|move|p2a: Ribombee|Stun Spore|p1a: Ribombee\n|-status|p1a: Ribombee|par\n|\n|upkeep\n|turn|3\n|\n|t:|1700441264\n|move|p2a: Ribombee|Moonblast|p1a: Ribombee\n|-damage|p1a: Ribombee|52\/100 par\n|-unboost|p1a: Ribombee|spa|1\n|move|p1a: Ribombee|Moonblast|p2a: Ribombee\n|-crit|p2a: Ribombee\n|-damage|p2a: Ribombee|2\/100\n|\n|upkeep\n|turn|4\n|\n|t:|1700441273\n|move|p2a: Ribombee|Moonblast|p1a: Ribombee\n|-damage|p1a: Ribombee|2\/100 par\n|move|p1a: Ribombee|Bug Buzz|p2a: Ribombee\n|-resisted|p2a: Ribombee\n|-damage|p2a: Ribombee|0 fnt\n|faint|p2a: Ribombee\n|\n|upkeep\n|\n|t:|1700441280\n|switch|p2a: Skeledirge|Skeledirge, F|100\/100\n|turn|5\n|\n|t:|1700441291\n|move|p1a: Ribombee|Moonblast|p2a: Skeledirge\n|-resisted|p2a: Skeledirge\n|-damage|p2a: Skeledirge|85\/100\n|move|p2a: Skeledirge|Torch Song|p1a: Ribombee\n|-supereffective|p1a: Ribombee\n|-damage|p1a: Ribombee|0 fnt\n|-boost|p2a: Skeledirge|spa|1\n|faint|p1a: Ribombee\n|\n|upkeep\n|\n|t:|1700441296\n|switch|p1a: Glimmora|Glimmora, M|100\/100\n|-activate|p1a: Glimmora|move: Sticky Web\n|-unboost|p1a: Glimmora|spe|1\n|turn|6\n|\n|t:|1700441303\n|move|p1a: Glimmora|Mortal Spin|p2a: Skeledirge\n|-resisted|p2a: Skeledirge\n|-damage|p2a: Skeledirge|83\/100\n|-status|p2a: Skeledirge|psn\n|-sideend|p1: Onte bad|Sticky Web|[from] move: Mortal Spin|[of] p1a: Glimmora\n|move|p2a: Skeledirge|Torch Song|p1a: Glimmora\n|-resisted|p1a: Glimmora\n|-damage|p1a: Glimmora|73\/100\n|-boost|p2a: Skeledirge|spa|1\n|\n|-damage|p2a: Skeledirge|70\/100 psn|[from] psn\n|upkeep\n|turn|7\n|\n|t:|1700441313\n|move|p1a: Glimmora|Earth Power|p2a: Skeledirge\n|-supereffective|p2a: Skeledirge\n|-damage|p2a: Skeledirge|29\/100 psn\n|move|p2a: Skeledirge|Torch Song|p1a: Glimmora\n|-resisted|p1a: Glimmora\n|-damage|p1a: Glimmora|36\/100\n|-boost|p2a: Skeledirge|spa|1\n|\n|-damage|p2a: Skeledirge|17\/100 psn|[from] psn\n|upkeep\n|turn|8\n|\n|t:|1700441323\n|move|p1a: Glimmora|Earth Power|p2a: Skeledirge\n|-supereffective|p2a: Skeledirge\n|-damage|p2a: Skeledirge|0 fnt\n|faint|p2a: Skeledirge\n|\n|upkeep\n|\n|t:|1700441329\n|switch|p2a: Great Tusk|Great Tusk|100\/100\n|-activate|p2a: Great Tusk|move: Sticky Web\n|-unboost|p2a: Great Tusk|spe|1\n|-enditem|p2a: Great Tusk|Booster Energy\n|-activate|p2a: Great Tusk|ability: Protosynthesis|[fromitem]\n|-start|p2a: Great Tusk|protosynthesisatk\n|turn|9\n|\n|t:|1700441336\n|move|p2a: Great Tusk|Rapid Spin|p1a: Glimmora\n|-resisted|p1a: Glimmora\n|-damage|p1a: Glimmora|25\/100\n|-boost|p2a: Great Tusk|spe|1\n|-activate|p1a: Glimmora|ability: Toxic Debris\n|-sidestart|p2: Ed0909|move: Toxic Spikes\n|-sideend|p2: Ed0909|Toxic Spikes|[from] move: Rapid Spin|[of] p2a: Great Tusk\n|-sideend|p2: Ed0909|Sticky Web|[from] move: Rapid Spin|[of] p2a: Great Tusk\n|move|p1a: Glimmora|Mortal Spin|p2a: Great Tusk\n|-resisted|p2a: Great Tusk\n|-damage|p2a: Great Tusk|98\/100\n|-status|p2a: Great Tusk|psn\n|\n|-damage|p2a: Great Tusk|86\/100 psn|[from] psn\n|upkeep\n|turn|10\n|\n|t:|1700441348\n|move|p2a: Great Tusk|Knock Off|p1a: Glimmora\n|-damage|p1a: Glimmora|0 fnt\n|-activate|p1a: Glimmora|ability: Toxic Debris\n|-sidestart|p2: Ed0909|move: Toxic Spikes\n|-enditem|p1a: Glimmora|Focus Sash|[from] move: Knock Off|[of] p2a: Great Tusk\n|faint|p1a: Glimmora\n|\n|-damage|p2a: Great Tusk|73\/100 psn|[from] psn\n|upkeep\n|\n|t:|1700441354\n|switch|p1a: Thundurus|Thundurus-Therian, M|100\/100\n|turn|11\n|\n|t:|1700441360\n|move|p1a: Thundurus|Grass Knot|p2a: Great Tusk\n|-supereffective|p2a: Great Tusk\n|-damage|p2a: Great Tusk|0 fnt\n|faint|p2a: Great Tusk\n|-end|p2a: Great Tusk|Protosynthesis|[silent]\n|\n|upkeep\n|\n|t:|1700441366\n|switch|p2a: Donkey Kong|Rillaboom, M|100\/100\n|-status|p2a: Donkey Kong|psn\n|-fieldstart|move: Grassy Terrain|[from] ability: Grassy Surge|[of] p2a: Donkey Kong\n|turn|12\n|\n|t:|1700441372\n|switch|p1a: Cinderace|Cinderace, M|100\/100\n|move|p2a: Donkey Kong|Knock Off|p1a: Cinderace\n|-damage|p1a: Cinderace|16\/100\n|-enditem|p1a: Cinderace|Heavy-Duty Boots|[from] move: Knock Off|[of] p2a: Donkey Kong\n|\n|-heal|p1a: Cinderace|22\/100|[from] Grassy Terrain\n|-damage|p2a: Donkey Kong|88\/100 psn|[from] psn\n|upkeep\n|turn|13\n|\n|t:|1700441381\n|move|p1a: Cinderace|U-turn|p2a: Donkey Kong\n|-start|p1a: Cinderace|typechange|Bug|[from] ability: Libero\n|-supereffective|p2a: Donkey Kong\n|-damage|p2a: Donkey Kong|17\/100 psn\n|\n|t:|1700441385\n|switch|p1a: Thundurus|Thundurus-Therian, M|100\/100|[from] U-turn\n|move|p2a: Donkey Kong|Knock Off|p1a: Thundurus\n|-damage|p1a: Thundurus|22\/100\n|-enditem|p1a: Thundurus|Choice Specs|[from] move: Knock Off|[of] p2a: Donkey Kong\n|\n|-heal|p2a: Donkey Kong|23\/100 psn|[from] Grassy Terrain\n|-damage|p2a: Donkey Kong|11\/100 psn|[from] psn\n|upkeep\n|turn|14\n|\n|t:|1700441395\n|move|p1a: Thundurus|Volt Switch|p2a: Donkey Kong\n|-resisted|p2a: Donkey Kong\n|-damage|p2a: Donkey Kong|0 fnt\n|faint|p2a: Donkey Kong\n|\n|t:|1700441405\n|switch|p1a: Dragonite|Dragonite, F|100\/100|[from] Volt Switch\n|\n|upkeep\n|\n|t:|1700441409\n|switch|p2a: Sneasler|Sneasler, F|100\/100\n|-sideend|p2: Ed0909|move: Toxic Spikes|[of] p2a: Sneasler\n|-enditem|p2a: Sneasler|Grassy Seed\n|-boost|p2a: Sneasler|def|1|[from] item: Grassy Seed\n|turn|15\n|\n|t:|1700441425\n|-terastallize|p2a: Sneasler|Flying\n|move|p2a: Sneasler|Dire Claw|p1a: Dragonite\n|-damage|p1a: Dragonite|76\/100\n|move|p1a: Dragonite|Earthquake|p2a: Sneasler\n|-immune|p2a: Sneasler\n|\n|upkeep\n|turn|16\n|\n|t:|1700441433\n|move|p2a: Sneasler|Dire Claw|p1a: Dragonite\n|-damage|p1a: Dragonite|21\/100\n|-status|p1a: Dragonite|psn\n|-enditem|p1a: Dragonite|Lum Berry|[eat]\n|-curestatus|p1a: Dragonite|psn|[msg]\n|move|p1a: Dragonite|Roost|p1a: Dragonite\n|-heal|p1a: Dragonite|71\/100\n|-singleturn|p1a: Dragonite|move: Roost\n|\n|-heal|p1a: Dragonite|78\/100|[from] Grassy Terrain\n|-fieldend|move: Grassy Terrain\n|upkeep\n|turn|17\n|\n|t:|1700441445\n|switch|p1a: Gholdengo|Gholdengo|100\/100\n|move|p2a: Sneasler|Dire Claw|p1a: Gholdengo\n|-immune|p1a: Gholdengo\n|\n|upkeep\n|turn|18\n|\n|t:|1700441451\n|move|p2a: Sneasler|Night Slash|p1a: Gholdengo\n|-supereffective|p1a: Gholdengo\n|-crit|p1a: Gholdengo\n|-damage|p1a: Gholdengo|22\/100\n|move|p1a: Gholdengo|Make It Rain|p2a: Sneasler\n|-damage|p2a: Sneasler|30\/100\n|-unboost|p1a: Gholdengo|spa|1\n|\n|-heal|p1a: Gholdengo|28\/100|[from] item: Leftovers\n|upkeep\n|turn|19\n|\n|t:|1700441467\n|move|p2a: Sneasler|Night Slash|p1a: Gholdengo\n|-supereffective|p1a: Gholdengo\n|-damage|p1a: Gholdengo|0 fnt\n|faint|p1a: Gholdengo\n|\n|upkeep\n|\n|t:|1700441468\n|switch|p1a: Dragonite|Dragonite, F|78\/100\n|turn|20\n|\n|t:|1700441474\n|switch|p2a: King|Kingambit, M, shiny|100\/100\n|-activate|p2a: King|ability: Supreme Overlord\n|-start|p2a: King|fallen4|[silent]\n|-item|p2a: King|Air Balloon\n|-terastallize|p1a: Dragonite|Normal\n|move|p1a: Dragonite|Extreme Speed|p2a: King\n|-resisted|p2a: King\n|-damage|p2a: King|83\/100\n|-enditem|p2a: King|Air Balloon\n|\n|upkeep\n|turn|21\n|\n|t:|1700441489\n|move|p1a: Dragonite|Roost|p1a: Dragonite\n|-heal|p1a: Dragonite|100\/100\n|move|p2a: King|Iron Head|p1a: Dragonite\n|-damage|p1a: Dragonite|67\/100\n|\n|upkeep\n|turn|22\n|\n|t:|1700441498\n|move|p1a: Dragonite|Earthquake|p2a: King\n|-supereffective|p2a: King\n|-damage|p2a: King|23\/100\n|move|p2a: King|Swords Dance|p2a: King\n|-boost|p2a: King|atk|2\n|\n|upkeep\n|turn|23\n|\n|t:|1700441508\n|move|p1a: Dragonite|Roost|p1a: Dragonite\n|-heal|p1a: Dragonite|100\/100\n|move|p2a: King|Kowtow Cleave|p1a: Dragonite\n|-damage|p1a: Dragonite|26\/100\n|\n|upkeep\n|turn|24\n|\n|t:|1700441516\n|move|p1a: Dragonite|Earthquake|p2a: King\n|-supereffective|p2a: King\n|-damage|p2a: King|0 fnt\n|faint|p2a: King\n|-end|p2a: King|fallen4|[silent]\n|\n|upkeep\n|\n|t:|1700441520\n|switch|p2a: Sneasler|Sneasler, F, tera:Flying|30\/100\n|turn|25\n|\n|t:|1700441524\n|move|p1a: Dragonite|Extreme Speed|p2a: Sneasler\n|-damage|p2a: Sneasler|0 fnt\n|faint|p2a: Sneasler\n|\n|win|Onte bad\n|raw|Onte bad's rating: 1280 &rarr; <strong>1310<\/strong><br \/>(+30 for winning)\n|raw|Ed0909's rating: 1346 &rarr; <strong>1322<\/strong><br \/>(-24 for losing)\n|c|\u2606Onte bad|ggs\n|l|\u2606Ed0909\n","uploadtime":1700441529,"views":7,"p1id":"ontebad","p2id":"ed0909","formatid":"gen9ou","rating":1310,"private":0,"password":""}