{"id":"gen9ou-1992678692","p1":"Vigilante V8","p2":"pengas&pingas","format":"[Gen 9] OU","log":"|j|\u2606Vigilante V8\n|j|\u2606pengas&pingas\n|t:|1700224248\n|gametype|singles\n|player|p1|Vigilante V8|170|1651\n|player|p2|pengas&pingas|arezu|1724\n|teamsize|p1|6\n|teamsize|p2|6\n|gen|9\n|tier|[Gen 9] OU\n|rated|\n|rule|Sleep Clause Mod: Limit one foe put to sleep\n|rule|Species Clause: Limit one of each Pok\u00e9mon\n|rule|OHKO Clause: OHKO moves are banned\n|rule|Evasion Items Clause: Evasion items are banned\n|rule|Evasion Moves Clause: Evasion moves are banned\n|rule|Endless Battle Clause: Forcing endless battles is banned\n|rule|HP Percentage Mod: HP is shown in percentages\n|clearpoke\n|poke|p1|Gholdengo|\n|poke|p1|Iron Valiant|\n|poke|p1|Alomomola, F|\n|poke|p1|Ting-Lu|\n|poke|p1|Zapdos|\n|poke|p1|Dragapult, M|\n|poke|p2|Rillaboom, M|\n|poke|p2|Sneasler, F|\n|poke|p2|Kingambit, F|\n|poke|p2|Iron Hands|\n|poke|p2|Clefable, M|\n|poke|p2|Ogerpon-Wellspring, F|\n|teampreview\n|inactive|Battle timer is ON: inactive players will automatically lose when time's up. (requested by pengas&pingas)\n|j| Jontrendline\n|j| mew852\n|inactive|Vigilante V8 has 120 seconds left.\n|\n|t:|1700224359\n|start\n|switch|p1a: Dragapult|Dragapult, M|100\/100\n|switch|p2a: Clefable|Clefable, M|100\/100\n|turn|1\n|\n|t:|1700224368\n|switch|p1a: Ting-Lu|Ting-Lu|100\/100\n|-ability|p1a: Ting-Lu|Vessel of Ruin\n|move|p2a: Clefable|Stealth Rock|p1a: Ting-Lu\n|-sidestart|p1: Vigilante V8|move: Stealth Rock\n|\n|upkeep\n|turn|2\n|\n|t:|1700224376\n|move|p2a: Clefable|Moonblast|p1a: Ting-Lu\n|-supereffective|p1a: Ting-Lu\n|-damage|p1a: Ting-Lu|72\/100\n|move|p1a: Ting-Lu|Spikes|p2a: Clefable\n|-sidestart|p2: pengas&pingas|Spikes\n|\n|-heal|p1a: Ting-Lu|79\/100|[from] item: Leftovers\n|upkeep\n|turn|3\n|\n|t:|1700224381\n|move|p2a: Clefable|Moonblast|p1a: Ting-Lu\n|-supereffective|p1a: Ting-Lu\n|-damage|p1a: Ting-Lu|52\/100\n|move|p1a: Ting-Lu|Stealth Rock|p2a: Clefable\n|-sidestart|p2: pengas&pingas|move: Stealth Rock\n|\n|-heal|p1a: Ting-Lu|58\/100|[from] item: Leftovers\n|upkeep\n|turn|4\n|\n|t:|1700224384\n|move|p2a: Clefable|Encore|p1a: Ting-Lu\n|-start|p1a: Ting-Lu|Encore\n|move|p1a: Ting-Lu|Stealth Rock||[still]\n|-fail|p1a: Ting-Lu\n|\n|-heal|p1a: Ting-Lu|64\/100|[from] item: Leftovers\n|upkeep\n|turn|5\n|\n|t:|1700224391\n|switch|p1a: Alomomola|Alomomola, F|100\/100\n|move|p2a: Clefable|Moonblast|p1a: Alomomola\n|-damage|p1a: Alomomola|66\/100\n|\n|upkeep\n|turn|6\n|\n|t:|1700224405\n|switch|p2a: Iron Hands|Iron Hands|100\/100\n|move|p1a: Alomomola|Wish|p1a: Alomomola\n|\n|upkeep\n|turn|7\n|\n|t:|1700224416\n|move|p1a: Alomomola|Flip Turn|p2a: Iron Hands\n|-damage|p2a: Iron Hands|90\/100\n|\n|t:|1700224422\n|switch|p1a: Ting-Lu|Ting-Lu|64\/100|[from] Flip Turn\n|-damage|p1a: Ting-Lu|58\/100|[from] Stealth Rock\n|-ability|p1a: Ting-Lu|Vessel of Ruin\n|move|p2a: Iron Hands|Swords Dance|p2a: Iron Hands\n|-boost|p2a: Iron Hands|atk|2\n|\n|-heal|p1a: Ting-Lu|100\/100|[from] move: Wish|[wisher] Alomomola\n|upkeep\n|turn|8\n|\n|t:|1700224428\n|-terastallize|p1a: Ting-Lu|Ghost\n|move|p2a: Iron Hands|Drain Punch|p1a: Ting-Lu\n|-immune|p1a: Ting-Lu\n|move|p1a: Ting-Lu|Whirlwind|p2a: Iron Hands\n|-end|p2a: Iron Hands|Quark Drive|[silent]\n|drag|p2a: Rillaboom|Rillaboom, M|100\/100\n|-damage|p2a: Rillaboom|88\/100|[from] Spikes\n|-damage|p2a: Rillaboom|76\/100|[from] Stealth Rock\n|-fieldstart|move: Grassy Terrain|[from] ability: Grassy Surge|[of] p2a: Rillaboom\n|\n|-heal|p2a: Rillaboom|82\/100|[from] Grassy Terrain\n|upkeep\n|turn|9\n|\n|t:|1700224434\n|move|p2a: Rillaboom|Wood Hammer|p1a: Ting-Lu\n|-damage|p1a: Ting-Lu|37\/100\n|-damage|p2a: Rillaboom|50\/100|[from] Recoil\n|move|p1a: Ting-Lu|Spikes|p2a: Rillaboom\n|-sidestart|p2: pengas&pingas|Spikes\n|\n|-heal|p2a: Rillaboom|57\/100|[from] Grassy Terrain\n|-heal|p1a: Ting-Lu|43\/100|[from] Grassy Terrain\n|-heal|p1a: Ting-Lu|49\/100|[from] item: Leftovers\n|upkeep\n|turn|10\n|\n|t:|1700224446\n|switch|p1a: Zapdos|Zapdos|100\/100\n|-ability|p1a: Zapdos|Pressure\n|move|p2a: Rillaboom|Wood Hammer|p1a: Zapdos\n|-resisted|p1a: Zapdos\n|-damage|p1a: Zapdos|46\/100\n|-damage|p2a: Rillaboom|36\/100|[from] Recoil\n|\n|-heal|p2a: Rillaboom|42\/100|[from] Grassy Terrain\n|upkeep\n|turn|11\n|\n|t:|1700224454\n|switch|p2a: Clefable|Clefable, M|100\/100\n|move|p1a: Zapdos|Roost|p1a: Zapdos\n|-heal|p1a: Zapdos|96\/100\n|-singleturn|p1a: Zapdos|move: Roost\n|\n|-heal|p1a: Zapdos|100\/100|[from] Grassy Terrain\n|upkeep\n|turn|12\n|\n|t:|1700224459\n|move|p1a: Zapdos|Volt Switch|p2a: Clefable\n|-damage|p2a: Clefable|78\/100\n|\n|t:|1700224467\n|switch|p1a: Ting-Lu|Ting-Lu, tera:Ghost|49\/100|[from] Volt Switch\n|-damage|p1a: Ting-Lu|37\/100|[from] Stealth Rock\n|-ability|p1a: Ting-Lu|Vessel of Ruin\n|move|p2a: Clefable|Moonblast|p1a: Ting-Lu\n|-damage|p1a: Ting-Lu|21\/100\n|\n|-heal|p2a: Clefable|84\/100|[from] Grassy Terrain\n|-heal|p2a: Clefable|90\/100|[from] item: Leftovers\n|-heal|p1a: Ting-Lu|28\/100|[from] Grassy Terrain\n|-heal|p1a: Ting-Lu|34\/100|[from] item: Leftovers\n|-fieldend|move: Grassy Terrain\n|upkeep\n|turn|13\n|\n|t:|1700224471\n|move|p2a: Clefable|Moonblast|p1a: Ting-Lu\n|-damage|p1a: Ting-Lu|20\/100\n|move|p1a: Ting-Lu|Spikes|p2a: Clefable\n|-sidestart|p2: pengas&pingas|Spikes\n|\n|-heal|p2a: Clefable|96\/100|[from] item: Leftovers\n|-heal|p1a: Ting-Lu|26\/100|[from] item: Leftovers\n|upkeep\n|turn|14\n|\n|t:|1700224479\n|switch|p1a: Alomomola|Alomomola, F|99\/100\n|move|p2a: Clefable|Encore||[still]\n|-fail|p2a: Clefable\n|\n|-heal|p2a: Clefable|100\/100|[from] item: Leftovers\n|upkeep\n|turn|15\n|\n|t:|1700224488\n|switch|p2a: Iron Hands|Iron Hands|90\/100\n|move|p1a: Alomomola|Wish|p1a: Alomomola\n|\n|upkeep\n|turn|16\n|\n|t:|1700224491\n|move|p1a: Alomomola|Scald|p2a: Iron Hands\n|-damage|p2a: Iron Hands|78\/100\n|move|p2a: Iron Hands|Thunder Punch|p1a: Alomomola\n|-supereffective|p1a: Alomomola\n|-damage|p1a: Alomomola|47\/100\n|\n|-heal|p1a: Alomomola|97\/100|[from] move: Wish|[wisher] Alomomola\n|upkeep\n|turn|17\n|\n|t:|1700224500\n|-end|p2a: Iron Hands|Quark Drive|[silent]\n|switch|p2a: Ogerpon|Ogerpon-Wellspring, F|100\/100\n|-damage|p2a: Ogerpon|76\/100|[from] Spikes\n|-damage|p2a: Ogerpon|63\/100|[from] Stealth Rock\n|move|p1a: Alomomola|Flip Turn|p2a: Ogerpon\n|-heal|p2a: Ogerpon|88\/100|[from] ability: Water Absorb|[of] p1a: Alomomola\n|\n|upkeep\n|turn|18\n|\n|t:|1700224511\n|switch|p1a: Iron Valiant|Iron Valiant|100\/100\n|move|p2a: Ogerpon|Ivy Cudgel|p1a: Iron Valiant|[anim] Ivy Cudgel Water\n|-crit|p1a: Iron Valiant\n|-damage|p1a: Iron Valiant|0 fnt\n|faint|p1a: Iron Valiant\n|-end|p1a: Iron Valiant|Quark Drive|[silent]\n|\n|upkeep\n|\n|t:|1700224514\n|switch|p1a: Gholdengo|Gholdengo|100\/100\n|turn|19\n|\n|t:|1700224527\n|-terastallize|p2a: Ogerpon|Water\n|detailschange|p2a: Ogerpon|Ogerpon-Wellspring-Tera, F, tera:Water\n|-ability|p2a: Ogerpon|Embody Aspect (Wellspring)|boost\n|-boost|p2a: Ogerpon|spd|1\n|move|p2a: Ogerpon|Ivy Cudgel|p1a: Gholdengo|[anim] Ivy Cudgel Water\n|-crit|p1a: Gholdengo\n|-damage|p1a: Gholdengo|0 fnt\n|faint|p1a: Gholdengo\n|\n|upkeep\n|\n|t:|1700224532\n|switch|p1a: Dragapult|Dragapult, M|100\/100\n|turn|20\n|\n|t:|1700224543\n|switch|p2a: Clefable|Clefable, M|100\/100\n|move|p1a: Dragapult|Will-O-Wisp|p2a: Clefable\n|-status|p2a: Clefable|brn\n|\n|upkeep\n|turn|21\n|\n|t:|1700224548\n|switch|p1a: Alomomola|Alomomola, F|100\/100\n|move|p2a: Clefable|Moonblast|p1a: Alomomola\n|-damage|p1a: Alomomola|64\/100\n|\n|upkeep\n|turn|22\n|\n|t:|1700224552\n|move|p1a: Alomomola|Flip Turn|p2a: Clefable\n|-damage|p2a: Clefable|88\/100 brn\n|\n|t:|1700224555\n|switch|p1a: Zapdos|Zapdos|100\/100|[from] Flip Turn\n|-ability|p1a: Zapdos|Pressure\n|move|p2a: Clefable|Moonblast|p1a: Zapdos\n|-damage|p1a: Zapdos|67\/100\n|-unboost|p1a: Zapdos|spa|1\n|\n|-heal|p2a: Clefable|94\/100 brn|[from] item: Leftovers\n|upkeep\n|turn|23\n|\n|t:|1700224562\n|move|p1a: Zapdos|Hurricane|p2a: Clefable\n|-damage|p2a: Clefable|70\/100 brn\n|move|p2a: Clefable|Encore|p1a: Zapdos\n|-start|p1a: Zapdos|Encore\n|\n|-heal|p2a: Clefable|76\/100 brn|[from] item: Leftovers\n|upkeep\n|turn|24\n|\n|t:|1700224567\n|move|p1a: Zapdos|Hurricane|p2a: Clefable|[miss]\n|-miss|p1a: Zapdos|p2a: Clefable\n|move|p2a: Clefable|Moonblast|p1a: Zapdos\n|-damage|p1a: Zapdos|38\/100\n|\n|-heal|p2a: Clefable|82\/100 brn|[from] item: Leftovers\n|upkeep\n|turn|25\n|\n|t:|1700224577\n|switch|p1a: Alomomola|Alomomola, F|97\/100\n|move|p2a: Clefable|Moonblast|p1a: Alomomola\n|-damage|p1a: Alomomola|60\/100\n|\n|-heal|p2a: Clefable|88\/100 brn|[from] item: Leftovers\n|upkeep\n|turn|26\n|\n|t:|1700224582\n|switch|p2a: Ogerpon|Ogerpon-Wellspring-Tera, F, tera:Water|88\/100\n|-damage|p2a: Ogerpon|63\/100|[from] Spikes\n|-damage|p2a: Ogerpon|51\/100|[from] Stealth Rock\n|-ability|p2a: Ogerpon|Embody Aspect (Wellspring)|boost\n|-boost|p2a: Ogerpon|spd|1\n|move|p1a: Alomomola|Wish|p1a: Alomomola\n|\n|upkeep\n|turn|27\n|\n|t:|1700224590\n|switch|p1a: Dragapult|Dragapult, M|100\/100\n|move|p2a: Ogerpon|Ivy Cudgel|p1a: Dragapult|[anim] Ivy Cudgel Water\n|-resisted|p1a: Dragapult\n|-damage|p1a: Dragapult|43\/100\n|\n|-heal|p1a: Dragapult|100\/100|[from] move: Wish|[wisher] Alomomola\n|upkeep\n|turn|28\n|\n|t:|1700224598\n|switch|p2a: Clefable|Clefable, M|88\/100 brn\n|move|p1a: Dragapult|Hex|p2a: Clefable\n|-damage|p2a: Clefable|50\/100 brn\n|\n|-heal|p2a: Clefable|56\/100 brn|[from] item: Leftovers\n|upkeep\n|turn|29\n|\n|t:|1700224602\n|switch|p1a: Alomomola|Alomomola, F|93\/100\n|move|p2a: Clefable|Moonlight|p2a: Clefable\n|-heal|p2a: Clefable|100\/100 brn\n|\n|upkeep\n|turn|30\n|\n|t:|1700224621\n|move|p1a: Alomomola|Wish|p1a: Alomomola\n|move|p2a: Clefable|Moonblast|p1a: Alomomola\n|-damage|p1a: Alomomola|57\/100\n|\n|upkeep\n|turn|31\n|\n|t:|1700224627\n|switch|p1a: Zapdos|Zapdos|38\/100\n|-ability|p1a: Zapdos|Pressure\n|move|p2a: Clefable|Moonblast|p1a: Zapdos\n|-damage|p1a: Zapdos|7\/100\n|-unboost|p1a: Zapdos|spa|1\n|\n|-heal|p1a: Zapdos|76\/100|[from] move: Wish|[wisher] Alomomola\n|upkeep\n|turn|32\n|\n|t:|1700224631\n|move|p1a: Zapdos|Volt Switch|p2a: Clefable\n|-damage|p2a: Clefable|85\/100 brn\n|\n|t:|1700224634\n|switch|p1a: Alomomola|Alomomola, F|90\/100|[from] Volt Switch\n|move|p2a: Clefable|Moonblast|p1a: Alomomola\n|-damage|p1a: Alomomola|52\/100\n|\n|-heal|p2a: Clefable|91\/100 brn|[from] item: Leftovers\n|upkeep\n|turn|33\n|\n|t:|1700224644\n|switch|p2a: Iron Hands|Iron Hands|78\/100\n|move|p1a: Alomomola|Wish|p1a: Alomomola\n|\n|upkeep\n|turn|34\n|\n|t:|1700224653\n|switch|p1a: Zapdos|Zapdos|76\/100\n|-ability|p1a: Zapdos|Pressure\n|move|p2a: Iron Hands|Ice Punch|p1a: Zapdos\n|-supereffective|p1a: Zapdos\n|-damage|p1a: Zapdos|21\/100\n|-status|p1a: Zapdos|frz\n|\n|-heal|p1a: Zapdos|91\/100 frz|[from] move: Wish|[wisher] Alomomola\n|upkeep\n|turn|35\n|\n|t:|1700224657\n|cant|p1a: Zapdos|frz\n|move|p2a: Iron Hands|Swords Dance|p2a: Iron Hands\n|-boost|p2a: Iron Hands|atk|2\n|\n|upkeep\n|turn|36\n|\n|t:|1700224660\n|cant|p1a: Zapdos|frz\n|move|p2a: Iron Hands|Ice Punch|p1a: Zapdos\n|-supereffective|p1a: Zapdos\n|-damage|p1a: Zapdos|0 fnt\n|faint|p1a: Zapdos\n|\n|upkeep\n|\n|t:|1700224665\n|switch|p1a: Dragapult|Dragapult, M|100\/100\n|turn|37\n|\n|t:|1700224668\n|move|p1a: Dragapult|Will-O-Wisp|p2a: Iron Hands\n|-status|p2a: Iron Hands|brn\n|move|p2a: Iron Hands|Ice Punch|p1a: Dragapult\n|-supereffective|p1a: Dragapult\n|-damage|p1a: Dragapult|15\/100\n|-status|p1a: Dragapult|frz\n|\n|-damage|p2a: Iron Hands|72\/100 brn|[from] brn\n|upkeep\n|turn|38\n|-message|Vigilante V8 forfeited.\n|\n|win|pengas&pingas\n|raw|Vigilante V8's rating: 1651 &rarr; <strong>1635<\/strong><br \/>(-16 for losing)\n|raw|pengas&amp;pingas's rating: 1724 &rarr; <strong>1740<\/strong><br \/>(+16 for winning)\n|l|\u2606Vigilante V8\n|l|\u2606pengas&pingas\n","uploadtime":1700224675,"views":8,"p1id":"vigilantev8","p2id":"pengaspingas","formatid":"gen9ou","rating":1635,"private":0,"password":""}