{"id":"gen9ou-1992097940","p1":"lvcinda","p2":"mikemart","format":"[Gen 9] OU","log":"|j|\u2606lvcinda\n|j|\u2606mikemart\n|inactive|Battle timer is ON: inactive players will automatically lose when time's up.\n|t:|1700154905\n|gametype|singles\n|player|p1|lvcinda|cynthia-anime2|\n|player|p2|mikemart|265|\n|teamsize|p1|3\n|teamsize|p2|3\n|gen|9\n|tier|[Gen 9] OU\n|rated|Tournament battle\n|rule|Sleep Clause Mod: Limit one foe put to sleep\n|rule|Species Clause: Limit one of each Pok\u00e9mon\n|rule|OHKO Clause: OHKO moves are banned\n|rule|Evasion Items Clause: Evasion items are banned\n|rule|Evasion Moves Clause: Evasion moves are banned\n|rule|Endless Battle Clause: Forcing endless battles is banned\n|rule|HP Percentage Mod: HP is shown in percentages\n|clearpoke\n|poke|p1|Rillaboom, F|\n|poke|p1|Fomantis, M|\n|poke|p1|Medicham, F|\n|poke|p2|Hakamo-o, F|\n|poke|p2|Dusclops, F|\n|poke|p2|Salazzle, F|\n|teampreview\n|j|*Lady Monita \u2746\n|j| DIMU179\n|\n|t:|1700154915\n|start\n|switch|p1a: Rillaboom|Rillaboom, F|100\/100\n|switch|p2a: Dusclops|Dusclops, F|100\/100\n|-fieldstart|move: Grassy Terrain|[from] ability: Grassy Surge|[of] p1a: Rillaboom\n|-item|p1a: Rillaboom|Life Orb|[from] ability: Frisk|[of] p2a: Dusclops|[identify]\n|turn|1\n|\n|t:|1700154923\n|-terastallize|p1a: Rillaboom|Fire\n|move|p1a: Rillaboom|Swords Dance|p1a: Rillaboom\n|-boost|p1a: Rillaboom|atk|2\n|move|p2a: Dusclops|Will-O-Wisp|p1a: Rillaboom\n|-immune|p1a: Rillaboom\n|\n|upkeep\n|turn|2\n|\n|t:|1700154930\n|move|p1a: Rillaboom|Knock Off|p2a: Dusclops\n|-supereffective|p2a: Dusclops\n|-damage|p2a: Dusclops|0 fnt\n|-enditem|p2a: Dusclops|Eviolite|[from] move: Knock Off|[of] p1a: Rillaboom\n|faint|p2a: Dusclops\n|-damage|p1a: Rillaboom|91\/100|[from] item: Life Orb\n|\n|-heal|p1a: Rillaboom|97\/100|[from] Grassy Terrain\n|upkeep\n|\n|t:|1700154937\n|switch|p2a: Salazzle|Salazzle, F|100\/100\n|turn|3\n|j| Mr Biscuits Brown\n|\n|t:|1700154947\n|move|p2a: Salazzle|Dragon Pulse|p1a: Rillaboom\n|-damage|p1a: Rillaboom|56\/100\n|move|p1a: Rillaboom|Knock Off|p2a: Salazzle\n|-damage|p2a: Salazzle|0 fnt\n|-enditem|p2a: Salazzle|Choice Specs|[from] move: Knock Off|[of] p1a: Rillaboom\n|faint|p2a: Salazzle\n|-damage|p1a: Rillaboom|46\/100|[from] item: Life Orb\n|\n|-heal|p1a: Rillaboom|52\/100|[from] Grassy Terrain\n|upkeep\n|j| poketough\n|\n|t:|1700154956\n|switch|p2a: Hakamo-o|Hakamo-o, F|100\/100\n|turn|4\n|\n|t:|1700154967\n|move|p1a: Rillaboom|Knock Off|p2a: Hakamo-o\n|-resisted|p2a: Hakamo-o\n|-damage|p2a: Hakamo-o|61\/100\n|-enditem|p2a: Hakamo-o|Eviolite|[from] move: Knock Off|[of] p1a: Rillaboom\n|-damage|p1a: Rillaboom|42\/100|[from] item: Life Orb\n|move|p2a: Hakamo-o|Dragon Claw|p1a: Rillaboom\n|-damage|p1a: Rillaboom|11\/100\n|\n|-heal|p1a: Rillaboom|17\/100|[from] Grassy Terrain\n|-heal|p2a: Hakamo-o|67\/100|[from] Grassy Terrain\n|upkeep\n|turn|5\n|\n|t:|1700154977\n|move|p1a: Rillaboom|Wood Hammer|p2a: Hakamo-o\n|-resisted|p2a: Hakamo-o\n|-damage|p2a: Hakamo-o|0 fnt\n|faint|p2a: Hakamo-o\n|-damage|p1a: Rillaboom|0 fnt|[from] Recoil\n|faint|p1a: Rillaboom\n|\n|win|lvcinda\n|n|\u2606lvcinda|lvcinda\n|n|\u2606mikemart|mikemart\n|n|*Lady Monita \u2746|ladymonita\n|n| DIMU179|dimu179\n|n| Mr Biscuits Brown|mrbiscuitsbrown\n|n| poketough|poketough\n","uploadtime":1700154979,"views":7,"p1id":"lvcinda","p2id":"mikemart","formatid":"gen9ou","rating":0,"private":0,"password":""}