{"id":"gen9ou-1989540721","p1":"Apezilla","p2":"poke waifu man","format":"[Gen 9] OU","log":"|j|\u2606Apezilla\n|j|\u2606poke waifu man\n|t:|1699868223\n|gametype|singles\n|player|p1|Apezilla|1|1110\n|player|p2|poke waifu man|169|1023\n|teamsize|p1|6\n|teamsize|p2|6\n|gen|9\n|tier|[Gen 9] OU\n|rated|\n|rule|Sleep Clause Mod: Limit one foe put to sleep\n|rule|Species Clause: Limit one of each Pok\u00e9mon\n|rule|OHKO Clause: OHKO moves are banned\n|rule|Evasion Items Clause: Evasion items are banned\n|rule|Evasion Moves Clause: Evasion moves are banned\n|rule|Endless Battle Clause: Forcing endless battles is banned\n|rule|HP Percentage Mod: HP is shown in percentages\n|clearpoke\n|poke|p1|Jirachi|\n|poke|p1|Iron Moth|\n|poke|p1|Sylveon, F|\n|poke|p1|Great Tusk|\n|poke|p1|Frogadier, M|\n|poke|p1|Noivern, M|\n|poke|p2|Tsareena, F|\n|poke|p2|Gholdengo|\n|poke|p2|Zoroark-Hisui, M|\n|poke|p2|Sinistcha-Masterpiece|\n|poke|p2|Grimmsnarl, M|\n|poke|p2|Kleavor, F|\n|teampreview\n|\n|t:|1699868240\n|start\n|switch|p1a: C. Frog|Frogadier, M|100\/100\n|switch|p2a: Grimmsnarl|Grimmsnarl, M|100\/100\n|turn|1\n|\n|t:|1699868258\n|move|p2a: Grimmsnarl|Light Screen|p2a: Grimmsnarl\n|-sidestart|p2: poke waifu man|move: Light Screen\n|move|p1a: C. Frog|Spikes|p2a: Grimmsnarl\n|-start|p1a: C. Frog|typechange|Ground|[from] ability: Protean\n|-sidestart|p2: poke waifu man|Spikes\n|\n|upkeep\n|turn|2\n|\n|t:|1699868264\n|move|p2a: Grimmsnarl|Reflect|p2a: Grimmsnarl\n|-sidestart|p2: poke waifu man|Reflect\n|move|p1a: C. Frog|Spikes|p2a: Grimmsnarl\n|-sidestart|p2: poke waifu man|Spikes\n|\n|upkeep\n|turn|3\n|\n|t:|1699868271\n|move|p2a: Grimmsnarl|Parting Shot|p1a: C. Frog\n|-unboost|p1a: C. Frog|atk|1\n|-unboost|p1a: C. Frog|spa|1\n|\n|t:|1699868281\n|switch|p2a: Kleavor|Kleavor, F|100\/100|[from] Parting Shot\n|-damage|p2a: Kleavor|84\/100|[from] Spikes\n|move|p1a: C. Frog|Spikes|p2a: Kleavor\n|-sidestart|p2: poke waifu man|Spikes\n|\n|upkeep\n|turn|4\n|inactive|Battle timer is ON: inactive players will automatically lose when time's up. (requested by poke waifu man)\n|\n|t:|1699868291\n|move|p1a: C. Frog|Protect|p1a: C. Frog\n|-singleturn|p1a: C. Frog|Protect\n|move|p2a: Kleavor|Stone Axe|p1a: C. Frog\n|-activate|p1a: C. Frog|move: Protect\n|\n|upkeep\n|turn|5\n|\n|t:|1699868311\n|move|p2a: Kleavor|Stone Axe|p1a: C. Frog\n|-resisted|p1a: C. Frog\n|-damage|p1a: C. Frog|43\/100\n|-sidestart|p1: Apezilla|move: Stealth Rock\n|move|p1a: C. Frog|Ice Beam|p2a: Kleavor\n|-crit|p2a: Kleavor\n|-damage|p2a: Kleavor|25\/100\n|\n|upkeep\n|turn|6\n|\n|t:|1699868318\n|move|p1a: C. Frog|Protect|p1a: C. Frog\n|-singleturn|p1a: C. Frog|Protect\n|move|p2a: Kleavor|Stone Axe|p1a: C. Frog\n|-activate|p1a: C. Frog|move: Protect\n|\n|upkeep\n|turn|7\n|\n|t:|1699868330\n|move|p2a: Kleavor|Stone Axe|p1a: C. Frog\n|-resisted|p1a: C. Frog\n|-damage|p1a: C. Frog|0 fnt\n|faint|p1a: C. Frog\n|\n|upkeep\n|inactive|Apezilla has 120 seconds left.\n|\n|t:|1699868364\n|switch|p1a: E. Dovah|Noivern, M|100\/100\n|-damage|p1a: E. Dovah|76\/100|[from] Stealth Rock\n|-item|p2a: Kleavor|Choice Scarf|[from] ability: Frisk|[of] p1a: E. Dovah|[identify]\n|turn|8\n|inactive|Apezilla has 120 seconds left.\n|\n|t:|1699868385\n|switch|p1a: V. Sace|Jirachi, shiny|100\/100\n|-damage|p1a: V. Sace|94\/100|[from] Stealth Rock\n|move|p2a: Kleavor|Stone Axe|p1a: V. Sace\n|-resisted|p1a: V. Sace\n|-damage|p1a: V. Sace|69\/100\n|\n|-sideend|p2: poke waifu man|move: Light Screen\n|upkeep\n|turn|9\n|\n|t:|1699868405\n|switch|p2a: Grimmsnarl|Grimmsnarl, M|100\/100\n|-damage|p2a: Grimmsnarl|76\/100|[from] Spikes\n|move|p1a: V. Sace|Drain Punch|p2a: Grimmsnarl\n|-damage|p2a: Grimmsnarl|62\/100\n|-heal|p1a: V. Sace|77\/100|[from] drain|[of] p2a: Grimmsnarl\n|\n|-sideend|p2: poke waifu man|Reflect\n|upkeep\n|turn|10\n|\n|t:|1699868422\n|move|p2a: Grimmsnarl|Reflect|p2a: Grimmsnarl\n|-sidestart|p2: poke waifu man|Reflect\n|move|p1a: V. Sace|Iron Head|p2a: Grimmsnarl\n|-supereffective|p2a: Grimmsnarl\n|-damage|p2a: Grimmsnarl|12\/100\n|\n|upkeep\n|turn|11\n|\n|t:|1699868440\n|switch|p1a: D. Pachyr|Great Tusk|100\/100\n|-damage|p1a: D. Pachyr|98\/100|[from] Stealth Rock\n|-enditem|p1a: D. Pachyr|Booster Energy\n|-activate|p1a: D. Pachyr|ability: Protosynthesis|[fromitem]\n|-start|p1a: D. Pachyr|protosynthesisatk\n|move|p2a: Grimmsnarl|Light Screen|p2a: Grimmsnarl\n|-sidestart|p2: poke waifu man|move: Light Screen\n|\n|upkeep\n|turn|12\n|\n|t:|1699868449\n|move|p2a: Grimmsnarl|Parting Shot|p1a: D. Pachyr\n|-unboost|p1a: D. Pachyr|atk|1\n|-unboost|p1a: D. Pachyr|spa|1\n|\n|t:|1699868459\n|switch|p2a: Sinistcha|Sinistcha-Masterpiece|100\/100|[from] Parting Shot\n|-damage|p2a: Sinistcha|76\/100|[from] Spikes\n|move|p1a: D. Pachyr|Rapid Spin|p2a: Sinistcha\n|-immune|p2a: Sinistcha\n|\n|-heal|p2a: Sinistcha|82\/100|[from] item: Leftovers\n|upkeep\n|turn|13\n|inactive|Apezilla has 90 seconds left.\n|\n|t:|1699868497\n|-end|p1a: D. Pachyr|Protosynthesis|[silent]\n|switch|p1a: Dr. Rockwell M.D.|Sylveon, F|100\/100\n|-damage|p1a: Dr. Rockwell M.D.|88\/100|[from] Stealth Rock\n|move|p2a: Sinistcha|Nasty Plot|p2a: Sinistcha\n|-boost|p2a: Sinistcha|spa|2\n|\n|-heal|p2a: Sinistcha|88\/100|[from] item: Leftovers\n|-heal|p1a: Dr. Rockwell M.D.|94\/100|[from] item: Leftovers\n|upkeep\n|turn|14\n|\n|t:|1699868508\n|move|p2a: Sinistcha|Matcha Gotcha|p1a: Dr. Rockwell M.D.\n|-damage|p1a: Dr. Rockwell M.D.|46\/100\n|-heal|p2a: Sinistcha|100\/100|[from] drain|[of] p1a: Dr. Rockwell M.D.\n|-status|p1a: Dr. Rockwell M.D.|brn\n|move|p1a: Dr. Rockwell M.D.|Wish|p1a: Dr. Rockwell M.D.\n|\n|-heal|p1a: Dr. Rockwell M.D.|52\/100 brn|[from] item: Leftovers\n|-damage|p1a: Dr. Rockwell M.D.|46\/100 brn|[from] brn\n|upkeep\n|turn|15\n|inactive|Apezilla has 90 seconds left.\n|\n|t:|1699868527\n|move|p1a: Dr. Rockwell M.D.|Protect|p1a: Dr. Rockwell M.D.\n|-singleturn|p1a: Dr. Rockwell M.D.|Protect\n|move|p2a: Sinistcha|Matcha Gotcha|p1a: Dr. Rockwell M.D.\n|-activate|p1a: Dr. Rockwell M.D.|move: Protect\n|\n|-heal|p1a: Dr. Rockwell M.D.|96\/100 brn|[from] move: Wish|[wisher] Dr. Rockwell M.D.\n|-heal|p1a: Dr. Rockwell M.D.|100\/100 brn|[from] item: Leftovers\n|-damage|p1a: Dr. Rockwell M.D.|94\/100 brn|[from] brn\n|upkeep\n|turn|16\n|inactive|Apezilla has 90 seconds left.\n|\n|t:|1699868538\n|move|p2a: Sinistcha|Shadow Ball|p1a: Dr. Rockwell M.D.\n|-damage|p1a: Dr. Rockwell M.D.|53\/100 brn\n|move|p1a: Dr. Rockwell M.D.|Wish|p1a: Dr. Rockwell M.D.\n|\n|-heal|p1a: Dr. Rockwell M.D.|59\/100 brn|[from] item: Leftovers\n|-damage|p1a: Dr. Rockwell M.D.|53\/100 brn|[from] brn\n|upkeep\n|turn|17\n|inactive|Apezilla has 90 seconds left.\n|\n|t:|1699868550\n|move|p2a: Sinistcha|Nasty Plot|p2a: Sinistcha\n|-boost|p2a: Sinistcha|spa|2\n|move|p1a: Dr. Rockwell M.D.|Body Slam|p2a: Sinistcha\n|-damage|p2a: Sinistcha|94\/100\n|\n|-heal|p1a: Dr. Rockwell M.D.|100\/100 brn|[from] move: Wish|[wisher] Dr. Rockwell M.D.\n|-heal|p2a: Sinistcha|100\/100|[from] item: Leftovers\n|-damage|p1a: Dr. Rockwell M.D.|94\/100 brn|[from] brn\n|-sideend|p2: poke waifu man|Reflect\n|upkeep\n|turn|18\n|inactive|Apezilla has 90 seconds left.\n|\n|t:|1699868567\n|move|p2a: Sinistcha|Shadow Ball|p1a: Dr. Rockwell M.D.\n|-damage|p1a: Dr. Rockwell M.D.|27\/100 brn\n|-unboost|p1a: Dr. Rockwell M.D.|spd|1\n|move|p1a: Dr. Rockwell M.D.|Body Slam|p2a: Sinistcha\n|-damage|p2a: Sinistcha|89\/100\n|\n|-heal|p2a: Sinistcha|95\/100|[from] item: Leftovers\n|-heal|p1a: Dr. Rockwell M.D.|33\/100 brn|[from] item: Leftovers\n|-damage|p1a: Dr. Rockwell M.D.|27\/100 brn|[from] brn\n|-sideend|p2: poke waifu man|move: Light Screen\n|upkeep\n|turn|19\n|\n|t:|1699868583\n|move|p1a: Dr. Rockwell M.D.|Quick Attack|p2a: Sinistcha\n|-damage|p2a: Sinistcha|90\/100\n|move|p2a: Sinistcha|Shadow Ball|p1a: Dr. Rockwell M.D.\n|-damage|p1a: Dr. Rockwell M.D.|0 fnt\n|faint|p1a: Dr. Rockwell M.D.\n|\n|-heal|p2a: Sinistcha|96\/100|[from] item: Leftovers\n|upkeep\n|\n|t:|1699868594\n|switch|p1a: E. Dovah|Noivern, M|76\/100\n|-damage|p1a: E. Dovah|51\/100|[from] Stealth Rock\n|-item|p2a: Sinistcha|Leftovers|[from] ability: Frisk|[of] p1a: E. Dovah|[identify]\n|turn|20\n|\n|t:|1699868623\n|move|p1a: E. Dovah|Air Slash|p2a: Sinistcha\n|-supereffective|p2a: Sinistcha\n|-damage|p2a: Sinistcha|29\/100\n|move|p2a: Sinistcha|Foul Play|p1a: E. Dovah\n|-damage|p1a: E. Dovah|31\/100\n|\n|-heal|p2a: Sinistcha|35\/100|[from] item: Leftovers\n|upkeep\n|turn|21\n|\n|t:|1699868636\n|move|p1a: E. Dovah|Air Slash|p2a: Sinistcha\n|-supereffective|p2a: Sinistcha\n|-damage|p2a: Sinistcha|0 fnt\n|faint|p2a: Sinistcha\n|\n|upkeep\n|\n|t:|1699868642\n|switch|p2a: Kleavor|Kleavor, F|25\/100\n|-damage|p2a: Kleavor|0 fnt|[from] Spikes\n|faint|p2a: Kleavor\n|\n|t:|1699868650\n|switch|p2a: Tsareena|Tsareena, F|100\/100\n|-damage|p2a: Tsareena|76\/100|[from] Spikes\n|turn|22\n|\n|t:|1699868665\n|move|p1a: E. Dovah|Air Slash|p2a: Tsareena\n|-damage|p2a: Tsareena|15\/100\n|replace|p2a: Zoroark|Zoroark-Hisui, M\n|-end|p2a: Zoroark|Illusion\n|move|p2a: Zoroark|Bitter Malice|p1a: E. Dovah\n|-damage|p1a: E. Dovah|0 fnt\n|faint|p1a: E. Dovah\n|\n|upkeep\n|inactive|Apezilla has 60 seconds left.\n|\n|t:|1699868695\n|switch|p1a: D. Pachyr|Great Tusk|98\/100\n|-damage|p1a: D. Pachyr|95\/100|[from] Stealth Rock\n|turn|23\n|inactive|Apezilla has 60 seconds left.\n|\n|t:|1699868707\n|move|p2a: Zoroark|Bitter Malice|p1a: D. Pachyr\n|-damage|p1a: D. Pachyr|10\/100\n|-unboost|p1a: D. Pachyr|atk|1\n|move|p1a: D. Pachyr|Ice Spinner|p2a: Zoroark\n|-damage|p2a: Zoroark|0 fnt\n|faint|p2a: Zoroark\n|\n|upkeep\n|\n|t:|1699868723\n|switch|p2a: Gholdengo|Gholdengo|100\/100\n|-damage|p2a: Gholdengo|76\/100|[from] Spikes\n|turn|24\n|\n|t:|1699868737\n|-terastallize|p2a: Gholdengo|Water\n|move|p2a: Gholdengo|Dazzling Gleam|p1a: D. Pachyr\n|-supereffective|p1a: D. Pachyr\n|-damage|p1a: D. Pachyr|0 fnt\n|faint|p1a: D. Pachyr\n|-end|p1a: D. Pachyr|Protosynthesis|[silent]\n|\n|-heal|p2a: Gholdengo|82\/100|[from] item: Leftovers\n|upkeep\n|inactive|Apezilla has 60 seconds left.\n|\n|t:|1699868755\n|switch|p1a: V. Sace|Jirachi, shiny|77\/100\n|-damage|p1a: V. Sace|70\/100|[from] Stealth Rock\n|turn|25\n|inactive|Apezilla has 60 seconds left.\n|\n|t:|1699868776\n|-terastallize|p1a: V. Sace|Steel\n|move|p2a: Gholdengo|Shadow Ball|p1a: V. Sace\n|-damage|p1a: V. Sace|33\/100\n|move|p1a: V. Sace|Drain Punch|p2a: Gholdengo\n|-damage|p2a: Gholdengo|54\/100\n|-heal|p1a: V. Sace|45\/100|[from] drain|[of] p2a: Gholdengo\n|\n|-heal|p2a: Gholdengo|60\/100|[from] item: Leftovers\n|upkeep\n|turn|26\n|\n|t:|1699868788\n|move|p2a: Gholdengo|Shadow Ball|p1a: V. Sace\n|-damage|p1a: V. Sace|6\/100\n|move|p1a: V. Sace|Drain Punch|p2a: Gholdengo\n|-damage|p2a: Gholdengo|32\/100\n|-heal|p1a: V. Sace|18\/100|[from] drain|[of] p2a: Gholdengo\n|\n|-heal|p2a: Gholdengo|38\/100|[from] item: Leftovers\n|upkeep\n|turn|27\n|\n|t:|1699868797\n|move|p2a: Gholdengo|Shadow Ball|p1a: V. Sace\n|-damage|p1a: V. Sace|0 fnt\n|faint|p1a: V. Sace\n|\n|-heal|p2a: Gholdengo|44\/100|[from] item: Leftovers\n|upkeep\n|\n|t:|1699868803\n|switch|p1a: D. Bugger|Iron Moth|100\/100\n|-damage|p1a: D. Bugger|75\/100|[from] Stealth Rock\n|turn|28\n|\n|t:|1699868819\n|move|p1a: D. Bugger|Sludge Wave|p2a: Gholdengo\n|-damage|p2a: Gholdengo|0 fnt\n|faint|p2a: Gholdengo\n|\n|upkeep\n|\n|t:|1699868833\n|switch|p2a: Tsareena|Tsareena, F|100\/100\n|-damage|p2a: Tsareena|75\/100|[from] Spikes\n|turn|29\n|\n|t:|1699868839\n|move|p1a: D. Bugger|Sludge Wave|p2a: Tsareena\n|-supereffective|p2a: Tsareena\n|-damage|p2a: Tsareena|0 fnt\n|faint|p2a: Tsareena\n|\n|upkeep\n|-message|poke waifu man forfeited.\n|\n|win|Apezilla\n|raw|Apezilla's rating: 1110 &rarr; <strong>1129<\/strong><br \/>(+19 for winning)\n|raw|poke waifu man's rating: 1023 &rarr; <strong>1013<\/strong><br \/>(-10 for losing)\n|l|\u2606poke waifu man\n","uploadtime":1699868856,"views":22,"p1id":"apezilla","p2id":"pokewaifuman","formatid":"gen9ou","rating":1013,"private":0,"password":""}