{"id":"gen9ou-1997914569","p1":"Gligardelmal","p2":"Naruseiya","format":"[Gen 9] OU","log":"|j|\u2606Gligardelmal\n|j|\u2606Naruseiya\n|t:|1700866901\n|gametype|singles\n|player|p1|Gligardelmal|266|\n|player|p2|Naruseiya|wallace|\n|teamsize|p1|6\n|teamsize|p2|6\n|gen|9\n|tier|[Gen 9] OU\n|rule|Sleep Clause Mod: Limit one foe put to sleep\n|rule|Species Clause: Limit one of each Pok\u00e9mon\n|rule|OHKO Clause: OHKO moves are banned\n|rule|Evasion Items Clause: Evasion items are banned\n|rule|Evasion Moves Clause: Evasion moves are banned\n|rule|Endless Battle Clause: Forcing endless battles is banned\n|rule|HP Percentage Mod: HP is shown in percentages\n|clearpoke\n|poke|p1|Greninja-*, F|\n|poke|p1|Corviknight, F|\n|poke|p1|Clodsire, M|\n|poke|p1|Walking Wake|\n|poke|p1|Ditto|\n|poke|p1|Dragapult, M|\n|poke|p2|Poliwrath, F|\n|poke|p2|Pelipper, F|\n|poke|p2|Overqwil, F|\n|poke|p2|Rillaboom, M|\n|poke|p2|Iron Treads|\n|poke|p2|Zapdos|\n|teampreview\n|\n|t:|1700866912\n|start\n|switch|p1a: Dragapult|Dragapult, M|100\/100\n|switch|p2a: Rillaboom|Rillaboom, M|100\/100\n|-fieldstart|move: Grassy Terrain|[from] ability: Grassy Surge|[of] p2a: Rillaboom\n|turn|1\n|\n|t:|1700866927\n|move|p1a: Dragapult|Dragon Darts|p2a: Rillaboom\n|-damage|p2a: Rillaboom|58\/100\n|-anim|p1a: Dragapult|Dragon Darts|p2a: Rillaboom\n|-damage|p2a: Rillaboom|16\/100\n|move|p2a: Rillaboom|Knock Off|p1a: Dragapult\n|-supereffective|p1a: Dragapult\n|-damage|p1a: Dragapult|0 fnt\n|-enditem|p1a: Dragapult|Choice Band|[from] move: Knock Off|[of] p2a: Rillaboom\n|faint|p1a: Dragapult\n|\n|-heal|p2a: Rillaboom|22\/100|[from] Grassy Terrain\n|upkeep\n|\n|t:|1700866945\n|switch|p1a: Corviknight|Corviknight, F, shiny|100\/100\n|turn|2\n|\n|t:|1700866949\n|switch|p2a: Zapdos|Zapdos|100\/100\n|move|p1a: Corviknight|U-turn|p2a: Zapdos\n|-resisted|p2a: Zapdos\n|-damage|p2a: Zapdos|92\/100\n|\n|t:|1700866956\n|switch|p1a: Clodsire|Clodsire, M|100\/100|[from] U-turn\n|\n|upkeep\n|turn|3\n|\n|t:|1700866966\n|switch|p2a: Pelipper|Pelipper, F|100\/100\n|-weather|RainDance|[from] ability: Drizzle|[of] p2a: Pelipper\n|move|p1a: Clodsire|Stealth Rock|p2a: Pelipper\n|-sidestart|p2: Naruseiya|move: Stealth Rock\n|\n|-weather|RainDance|[upkeep]\n|upkeep\n|turn|4\n|\n|t:|1700866976\n|move|p2a: Pelipper|Hurricane|p1a: Clodsire\n|-damage|p1a: Clodsire|81\/100\n|move|p1a: Clodsire|Toxic|p2a: Pelipper\n|-status|p2a: Pelipper|tox\n|\n|-weather|RainDance|[upkeep]\n|-heal|p1a: Clodsire|87\/100|[from] Grassy Terrain\n|-heal|p1a: Clodsire|94\/100|[from] item: Black Sludge\n|-damage|p2a: Pelipper|94\/100 tox|[from] psn\n|upkeep\n|turn|5\n|\n|t:|1700866987\n|switch|p2a: Iron Treads|Iron Treads|100\/100\n|-damage|p2a: Iron Treads|97\/100|[from] Stealth Rock\n|move|p1a: Clodsire|Toxic|p2a: Iron Treads\n|-immune|p2a: Iron Treads\n|\n|-weather|RainDance|[upkeep]\n|-heal|p2a: Iron Treads|100\/100|[from] Grassy Terrain\n|-heal|p1a: Clodsire|99\/100|[from] Grassy Terrain\n|-heal|p1a: Clodsire|100\/100|[from] item: Black Sludge\n|-fieldend|move: Grassy Terrain\n|upkeep\n|turn|6\n|\n|t:|1700867002\n|move|p2a: Iron Treads|Rapid Spin|p1a: Clodsire\n|-damage|p1a: Clodsire|83\/100\n|-boost|p2a: Iron Treads|spe|1\n|-sideend|p2: Naruseiya|Stealth Rock|[from] move: Rapid Spin|[of] p2a: Iron Treads\n|move|p1a: Clodsire|Earthquake|p2a: Iron Treads\n|-supereffective|p2a: Iron Treads\n|-damage|p2a: Iron Treads|57\/100\n|\n|-weather|RainDance|[upkeep]\n|-heal|p1a: Clodsire|89\/100|[from] item: Black Sludge\n|upkeep\n|turn|7\n|\n|t:|1700867012\n|switch|p1a: Corviknight|Corviknight, F, shiny|100\/100\n|move|p2a: Iron Treads|Earth Power|p1a: Corviknight\n|-immune|p1a: Corviknight\n|\n|-weather|RainDance|[upkeep]\n|upkeep\n|turn|8\n|\n|t:|1700867023\n|switch|p1a: Clodsire|Clodsire, M|89\/100\n|move|p2a: Iron Treads|Thunder|p1a: Clodsire\n|-immune|p1a: Clodsire\n|\n|-weather|RainDance|[upkeep]\n|-heal|p1a: Clodsire|95\/100|[from] item: Black Sludge\n|upkeep\n|turn|9\n|\n|t:|1700867033\n|switch|p1a: Corviknight|Corviknight, F, shiny|100\/100\n|move|p2a: Iron Treads|Ice Spinner|p1a: Corviknight\n|-damage|p1a: Corviknight|86\/100\n|-damage|p2a: Iron Treads|40\/100|[from] item: Rocky Helmet|[of] p1a: Corviknight\n|\n|-weather|RainDance|[upkeep]\n|upkeep\n|turn|10\n|\n|t:|1700867042\n|switch|p1a: Clodsire|Clodsire, M|95\/100\n|move|p2a: Iron Treads|Thunder|p1a: Clodsire\n|-immune|p1a: Clodsire\n|\n|-weather|none\n|-heal|p1a: Clodsire|100\/100|[from] item: Black Sludge\n|upkeep\n|turn|11\n|\n|t:|1700867051\n|move|p2a: Iron Treads|Earth Power|p1a: Clodsire\n|-supereffective|p1a: Clodsire\n|-damage|p1a: Clodsire|61\/100\n|move|p1a: Clodsire|Earthquake|p2a: Iron Treads\n|-supereffective|p2a: Iron Treads\n|-damage|p2a: Iron Treads|0 fnt\n|faint|p2a: Iron Treads\n|-end|p2a: Iron Treads|Quark Drive|[silent]\n|\n|-heal|p1a: Clodsire|68\/100|[from] item: Black Sludge\n|upkeep\n|\n|t:|1700867064\n|switch|p2a: Pelipper|Pelipper, F|94\/100 tox\n|-weather|RainDance|[from] ability: Drizzle|[of] p2a: Pelipper\n|turn|12\n|\n|t:|1700867071\n|switch|p2a: Overqwil|Overqwil, F|100\/100\n|move|p1a: Clodsire|Stealth Rock|p2a: Overqwil\n|-sidestart|p2: Naruseiya|move: Stealth Rock\n|\n|-weather|RainDance|[upkeep]\n|-heal|p1a: Clodsire|74\/100|[from] item: Black Sludge\n|upkeep\n|turn|13\n|\n|t:|1700867096\n|move|p2a: Overqwil|Crunch|p1a: Clodsire\n|-damage|p1a: Clodsire|20\/100\n|-damage|p2a: Overqwil|91\/100|[from] item: Life Orb\n|move|p1a: Clodsire|Recover|p1a: Clodsire\n|-heal|p1a: Clodsire|70\/100\n|\n|-weather|RainDance|[upkeep]\n|-heal|p1a: Clodsire|76\/100|[from] item: Black Sludge\n|upkeep\n|turn|14\n|\n|t:|1700867106\n|switch|p1a: Corviknight|Corviknight, F, shiny|86\/100\n|move|p2a: Overqwil|Crunch|p1a: Corviknight\n|-damage|p1a: Corviknight|56\/100\n|-damage|p2a: Overqwil|74\/100|[from] item: Rocky Helmet|[of] p1a: Corviknight\n|-damage|p2a: Overqwil|64\/100|[from] item: Life Orb\n|\n|-weather|RainDance|[upkeep]\n|upkeep\n|turn|15\n|\n|t:|1700867116\n|move|p2a: Overqwil|Liquidation|p1a: Corviknight\n|-crit|p1a: Corviknight\n|-damage|p1a: Corviknight|12\/100\n|-damage|p2a: Overqwil|48\/100|[from] item: Rocky Helmet|[of] p1a: Corviknight\n|-damage|p2a: Overqwil|38\/100|[from] item: Life Orb\n|move|p1a: Corviknight|Roost|p1a: Corviknight\n|-heal|p1a: Corviknight|62\/100\n|-singleturn|p1a: Corviknight|move: Roost\n|\n|-weather|RainDance|[upkeep]\n|upkeep\n|turn|16\n|\n|t:|1700867128\n|move|p2a: Overqwil|Crunch|p1a: Corviknight\n|-damage|p1a: Corviknight|35\/100\n|-damage|p2a: Overqwil|22\/100|[from] item: Rocky Helmet|[of] p1a: Corviknight\n|-damage|p2a: Overqwil|12\/100|[from] item: Life Orb\n|move|p1a: Corviknight|Roost|p1a: Corviknight\n|-heal|p1a: Corviknight|85\/100\n|-singleturn|p1a: Corviknight|move: Roost\n|\n|-weather|RainDance|[upkeep]\n|upkeep\n|turn|17\n|\n|t:|1700867142\n|move|p2a: Overqwil|Liquidation|p1a: Corviknight\n|-damage|p1a: Corviknight|52\/100\n|-damage|p2a: Overqwil|0 fnt|[from] item: Rocky Helmet|[of] p1a: Corviknight\n|faint|p2a: Overqwil\n|move|p1a: Corviknight|U-turn|p2: Overqwil|[notarget]\n|-fail|p1a: Corviknight\n|\n|-weather|RainDance|[upkeep]\n|upkeep\n|\n|t:|1700867152\n|switch|p2a: Zapdos|Zapdos|92\/100\n|turn|18\n|\n|t:|1700867162\n|switch|p1a: Clodsire|Clodsire, M|76\/100\n|move|p2a: Zapdos|Weather Ball|p1a: Clodsire\n|-heal|p1a: Clodsire|100\/100|[from] ability: Water Absorb|[of] p2a: Zapdos\n|\n|-weather|RainDance|[upkeep]\n|upkeep\n|turn|19\n|\n|t:|1700867171\n|move|p2a: Zapdos|Hurricane|p1a: Clodsire\n|-crit|p1a: Clodsire\n|-damage|p1a: Clodsire|58\/100\n|-start|p1a: Clodsire|confusion\n|-activate|p1a: Clodsire|confusion\n|move|p1a: Clodsire|Toxic|p2a: Zapdos\n|-status|p2a: Zapdos|tox\n|\n|-weather|none\n|-heal|p1a: Clodsire|64\/100|[from] item: Black Sludge\n|-damage|p2a: Zapdos|86\/100 tox|[from] psn\n|upkeep\n|turn|20\n|\n|t:|1700867184\n|switch|p2a: Rillaboom|Rillaboom, M|22\/100\n|-damage|p2a: Rillaboom|10\/100|[from] Stealth Rock\n|-fieldstart|move: Grassy Terrain|[from] ability: Grassy Surge|[of] p2a: Rillaboom\n|-end|p1a: Clodsire|confusion\n|move|p1a: Clodsire|Recover|p1a: Clodsire\n|-heal|p1a: Clodsire|100\/100\n|\n|-heal|p2a: Rillaboom|16\/100|[from] Grassy Terrain\n|upkeep\n|turn|21\n|\n|t:|1700867196\n|switch|p1a: Corviknight|Corviknight, F, shiny|52\/100\n|move|p2a: Rillaboom|Knock Off|p1a: Corviknight\n|-damage|p1a: Corviknight|20\/100\n|-damage|p2a: Rillaboom|0 fnt|[from] item: Rocky Helmet|[of] p1a: Corviknight\n|faint|p2a: Rillaboom\n|\n|upkeep\n|\n|t:|1700867205\n|switch|p2a: Pelipper|Pelipper, F|94\/100 tox\n|-damage|p2a: Pelipper|70\/100 tox|[from] Stealth Rock\n|-weather|RainDance|[from] ability: Drizzle|[of] p2a: Pelipper\n|turn|22\n|\n|t:|1700867212\n|switch|p1a: Clodsire|Clodsire, M|100\/100\n|move|p2a: Pelipper|U-turn|p1a: Clodsire\n|-resisted|p1a: Clodsire\n|-damage|p1a: Clodsire|96\/100\n|\n|t:|1700867217\n|switch|p2a: Poliwrath|Poliwrath, F|100\/100|[from] U-turn\n|-damage|p2a: Poliwrath|94\/100|[from] Stealth Rock\n|\n|-weather|RainDance|[upkeep]\n|-heal|p2a: Poliwrath|100\/100|[from] Grassy Terrain\n|-heal|p1a: Clodsire|100\/100|[from] Grassy Terrain\n|upkeep\n|turn|23\n|\n|t:|1700867228\n|move|p2a: Poliwrath|Belly Drum|p2a: Poliwrath\n|-damage|p2a: Poliwrath|50\/100\n|-setboost|p2a: Poliwrath|atk|6|[from] move: Belly Drum\n|-enditem|p2a: Poliwrath|Sitrus Berry|[eat]\n|-heal|p2a: Poliwrath|75\/100|[from] item: Sitrus Berry\n|move|p1a: Clodsire|Toxic|p2a: Poliwrath\n|-status|p2a: Poliwrath|tox\n|\n|-weather|RainDance|[upkeep]\n|-heal|p2a: Poliwrath|82\/100 tox|[from] Grassy Terrain\n|-damage|p2a: Poliwrath|75\/100 tox|[from] psn\n|upkeep\n|turn|24\n|\n|t:|1700867246\n|switch|p1a: Corviknight|Corviknight, F, shiny|20\/100\n|move|p2a: Poliwrath|Drain Punch|p1a: Corviknight\n|-damage|p1a: Corviknight|0 fnt\n|-heal|p2a: Poliwrath|88\/100 tox|[from] drain|[of] p1a: Corviknight\n|-damage|p2a: Poliwrath|71\/100 tox|[from] item: Rocky Helmet|[of] p1a: Corviknight\n|faint|p1a: Corviknight\n|\n|-weather|RainDance|[upkeep]\n|-heal|p2a: Poliwrath|78\/100 tox|[from] Grassy Terrain\n|-damage|p2a: Poliwrath|65\/100 tox|[from] psn\n|-fieldend|move: Grassy Terrain\n|upkeep\n|\n|t:|1700867260\n|switch|p1a: Ditto|Ditto|100\/100\n|-transform|p1a: Ditto|p2a: Poliwrath|[from] ability: Imposter\n|turn|25\n|\n|t:|1700867276\n|-terastallize|p1a: Ditto|Normal\n|-terastallize|p2a: Poliwrath|Poison\n|move|p1a: Ditto|Tera Blast|p2a: Poliwrath|[anim] Tera Blast Normal\n|-crit|p2a: Poliwrath\n|-damage|p2a: Poliwrath|0 fnt\n|faint|p2a: Poliwrath\n|\n|-weather|RainDance|[upkeep]\n|upkeep\n|\n|t:|1700867287\n|switch|p2a: Zapdos|Zapdos|86\/100 tox\n|turn|26\n|\n|t:|1700867291\n|move|p1a: Ditto|Tera Blast|p2a: Zapdos|[anim] Tera Blast Normal\n|-damage|p2a: Zapdos|0 fnt\n|faint|p2a: Zapdos\n|\n|-weather|RainDance|[upkeep]\n|upkeep\n|\n|t:|1700867297\n|switch|p2a: Pelipper|Pelipper, F|70\/100 tox\n|-damage|p2a: Pelipper|45\/100 tox|[from] Stealth Rock\n|turn|27\n|\n|t:|1700867302\n|move|p1a: Ditto|Tera Blast|p2a: Pelipper|[anim] Tera Blast Normal\n|-damage|p2a: Pelipper|0 fnt\n|faint|p2a: Pelipper\n|\n|win|Gligardelmal\n|l|\u2606Naruseiya\n","uploadtime":1700867316,"views":4,"p1id":"gligardelmal","p2id":"naruseiya","formatid":"gen9ou","rating":0,"private":0,"password":""}