{"id":"gen9ou-1994024964","p1":"xcxcxxcxc","p2":"Boyer Enjoyer","format":"[Gen 9] OU","log":"|j|\u2606xcxcxxcxc\n|j|\u2606Boyer Enjoyer\n|t:|1700395681\n|gametype|singles\n|player|p1|xcxcxxcxc|lucas|1573\n|player|p2|Boyer Enjoyer|swimmerf-gen4|1597\n|teamsize|p1|6\n|teamsize|p2|6\n|gen|9\n|tier|[Gen 9] OU\n|rated|\n|rule|Sleep Clause Mod: Limit one foe put to sleep\n|rule|Species Clause: Limit one of each Pok\u00e9mon\n|rule|OHKO Clause: OHKO moves are banned\n|rule|Evasion Items Clause: Evasion items are banned\n|rule|Evasion Moves Clause: Evasion moves are banned\n|rule|Endless Battle Clause: Forcing endless battles is banned\n|rule|HP Percentage Mod: HP is shown in percentages\n|clearpoke\n|poke|p1|Corviknight, M|\n|poke|p1|Tyranitar, F|\n|poke|p1|Great Tusk|\n|poke|p1|Houndstone, M|\n|poke|p1|Rotom-Wash|\n|poke|p1|Samurott-Hisui, F|\n|poke|p2|Slowking-Galar, F|\n|poke|p2|Great Tusk|\n|poke|p2|Rillaboom, F|\n|poke|p2|Kingambit, F|\n|poke|p2|Dragapult, F|\n|poke|p2|Moltres|\n|teampreview\n|\n|t:|1700395690\n|start\n|switch|p1a: Samurott|Samurott-Hisui, F|100\/100\n|switch|p2a: Rillaboom|Rillaboom, F|100\/100\n|-fieldstart|move: Grassy Terrain|[from] ability: Grassy Surge|[of] p2a: Rillaboom\n|turn|1\n|\n|t:|1700395695\n|switch|p1a: Corviknight|Corviknight, M|100\/100\n|-ability|p1a: Corviknight|Pressure\n|move|p2a: Rillaboom|Grassy Glide|p1a: Corviknight\n|-resisted|p1a: Corviknight\n|-damage|p1a: Corviknight|91\/100\n|\n|-heal|p1a: Corviknight|97\/100|[from] item: Leftovers\n|upkeep\n|turn|2\n|\n|t:|1700395700\n|switch|p2a: Great Tusk|Great Tusk|100\/100\n|switch|p1a: Rotom|Rotom-Wash|100\/100\n|\n|upkeep\n|turn|3\n|\n|t:|1700395704\n|-end|p2a: Great Tusk|Protosynthesis|[silent]\n|switch|p2a: Slowking|Slowking-Galar, F|100\/100\n|move|p1a: Rotom|Will-O-Wisp|p2a: Slowking\n|-status|p2a: Slowking|brn\n|\n|-damage|p2a: Slowking|94\/100 brn|[from] brn\n|upkeep\n|turn|4\n|\n|t:|1700395707\n|move|p1a: Rotom|Volt Switch|p2a: Slowking\n|-damage|p2a: Slowking|79\/100 brn\n|\n|t:|1700395708\n|switch|p1a: Samurott|Samurott-Hisui, F|100\/100|[from] Volt Switch\n|move|p2a: Slowking|Future Sight|p1a: Samurott\n|-start|p2a: Slowking|move: Future Sight\n|\n|-heal|p2a: Slowking|85\/100 brn|[from] Grassy Terrain\n|-damage|p2a: Slowking|79\/100 brn|[from] brn\n|upkeep\n|turn|5\n|\n|t:|1700395712\n|switch|p2a: Rillaboom|Rillaboom, F|100\/100\n|move|p1a: Samurott|Ceaseless Edge|p2a: Rillaboom\n|-crit|p2a: Rillaboom\n|-damage|p2a: Rillaboom|40\/100\n|-sidestart|p2: Boyer Enjoyer|Spikes\n|\n|-heal|p2a: Rillaboom|46\/100|[from] Grassy Terrain\n|-fieldend|move: Grassy Terrain\n|upkeep\n|turn|6\n|\n|t:|1700395719\n|switch|p2a: Great Tusk|Great Tusk|100\/100\n|-damage|p2a: Great Tusk|88\/100|[from] Spikes\n|move|p1a: Samurott|Ceaseless Edge|p2a: Great Tusk\n|-resisted|p2a: Great Tusk\n|-damage|p2a: Great Tusk|74\/100\n|-sidestart|p2: Boyer Enjoyer|Spikes\n|\n|-end|p1a: Samurott|move: Future Sight\n|-immune|p1a: Samurott\n|-heal|p2a: Great Tusk|81\/100|[from] item: Leftovers\n|upkeep\n|turn|7\n|\n|t:|1700395726\n|move|p2a: Great Tusk|Rapid Spin|p1a: Samurott\n|-damage|p1a: Samurott|83\/100\n|-boost|p2a: Great Tusk|spe|1\n|-sideend|p2: Boyer Enjoyer|Spikes|[from] move: Rapid Spin|[of] p2a: Great Tusk\n|move|p1a: Samurott|Aqua Cutter|p2a: Great Tusk\n|-supereffective|p2a: Great Tusk\n|-damage|p2a: Great Tusk|21\/100\n|\n|-heal|p2a: Great Tusk|27\/100|[from] item: Leftovers\n|upkeep\n|turn|8\n|\n|t:|1700395728\n|move|p2a: Great Tusk|Headlong Rush|p1a: Samurott\n|-damage|p1a: Samurott|29\/100\n|-unboost|p2a: Great Tusk|def|1\n|-unboost|p2a: Great Tusk|spd|1\n|move|p1a: Samurott|Ceaseless Edge|p2a: Great Tusk\n|-resisted|p2a: Great Tusk\n|-damage|p2a: Great Tusk|8\/100\n|-sidestart|p2: Boyer Enjoyer|Spikes\n|\n|-heal|p2a: Great Tusk|14\/100|[from] item: Leftovers\n|upkeep\n|turn|9\n|\n|t:|1700395733\n|switch|p1a: Corviknight|Corviknight, M|97\/100\n|-ability|p1a: Corviknight|Pressure\n|move|p2a: Great Tusk|Smack Down|p1a: Corviknight\n|-damage|p1a: Corviknight|85\/100\n|-start|p1a: Corviknight|Smack Down\n|\n|-heal|p2a: Great Tusk|20\/100|[from] item: Leftovers\n|-heal|p1a: Corviknight|91\/100|[from] item: Leftovers\n|upkeep\n|turn|10\n|c|\u2606xcxcxxcxc|YOO\n|c|\u2606xcxcxxcxc|THATS FIRE\n|\n|t:|1700395742\n|switch|p1a: Rotom|Rotom-Wash|100\/100\n|move|p2a: Great Tusk|Headlong Rush|p1a: Rotom\n|-immune|p1a: Rotom|[from] ability: Levitate\n|\n|-heal|p2a: Great Tusk|26\/100|[from] item: Leftovers\n|upkeep\n|turn|11\n|c|\u2606Boyer Enjoyer|IK\n|c|\u2606xcxcxxcxc|YOOO\n|c|\u2606xcxcxxcxc|Props to you bro\n|c|\u2606Boyer Enjoyer|bro i was waiting on him to get it in the dlc for so long\n|c|\u2606Boyer Enjoyer|well played tho lol\n|\n|t:|1700395771\n|-end|p2a: Great Tusk|Protosynthesis|[silent]\n|switch|p2a: Slowking|Slowking-Galar, F|100\/100 brn\n|move|p1a: Rotom|Will-O-Wisp|p2a: Slowking\n|-fail|p2a: Slowking|brn\n|\n|-damage|p2a: Slowking|94\/100 brn|[from] brn\n|upkeep\n|turn|12\n|\n|t:|1700395774\n|move|p1a: Rotom|Volt Switch|p2a: Slowking\n|-damage|p2a: Slowking|80\/100 brn\n|\n|t:|1700395776\n|switch|p1a: Samurott|Samurott-Hisui, F|29\/100|[from] Volt Switch\n|move|p2a: Slowking|Future Sight|p1a: Samurott\n|-start|p2a: Slowking|move: Future Sight\n|\n|-damage|p2a: Slowking|74\/100 brn|[from] brn\n|upkeep\n|turn|13\n|\n|t:|1700395782\n|move|p1a: Samurott|Rest|p1a: Samurott\n|-status|p1a: Samurott|slp|[from] move: Rest\n|-heal|p1a: Samurott|100\/100 slp|[silent]\n|move|p2a: Slowking|Chilly Reception|p2a: Slowking\n|-weather|Snow\n|c|\u2606Boyer Enjoyer|LOL\n|c|\u2606xcxcxxcxc|hm?\n|c|\u2606Boyer Enjoyer|what\n|c|\u2606Boyer Enjoyer|thas craz\n|c|\u2606Boyer Enjoyer|y\n|\n|t:|1700395798\n|switch|p2a: Rillaboom|Rillaboom, F|46\/100|[from] Chilly Reception\n|-damage|p2a: Rillaboom|33\/100|[from] Spikes\n|-fieldstart|move: Grassy Terrain|[from] ability: Grassy Surge|[of] p2a: Rillaboom\n|\n|-weather|Snow|[upkeep]\n|-heal|p2a: Rillaboom|40\/100|[from] Grassy Terrain\n|upkeep\n|turn|14\n|\n|t:|1700395801\n|switch|p1a: Corviknight|Corviknight, M|91\/100\n|-ability|p1a: Corviknight|Pressure\n|move|p2a: Rillaboom|Wood Hammer|p1a: Corviknight\n|-resisted|p1a: Corviknight\n|-damage|p1a: Corviknight|72\/100\n|-damage|p2a: Rillaboom|32\/100|[from] Recoil\n|\n|-weather|Snow|[upkeep]\n|-end|p1a: Corviknight|move: Future Sight\n|-resisted|p1a: Corviknight\n|-damage|p1a: Corviknight|50\/100\n|-heal|p2a: Rillaboom|38\/100|[from] Grassy Terrain\n|-heal|p1a: Corviknight|56\/100|[from] item: Leftovers\n|upkeep\n|turn|15\n|\n|t:|1700395805\n|switch|p2a: Moltres|Moltres|100\/100\n|move|p1a: Corviknight|Roost|p1a: Corviknight\n|-heal|p1a: Corviknight|100\/100\n|-singleturn|p1a: Corviknight|move: Roost\n|\n|-weather|Snow|[upkeep]\n|upkeep\n|turn|16\n|\n|t:|1700395807\n|switch|p1a: Samurott|Samurott-Hisui, F|100\/100 slp\n|move|p2a: Moltres|Flamethrower|p1a: Samurott\n|-resisted|p1a: Samurott\n|-damage|p1a: Samurott|79\/100 slp\n|\n|-weather|Snow|[upkeep]\n|-heal|p1a: Samurott|85\/100 slp|[from] Grassy Terrain\n|upkeep\n|turn|17\n|\n|t:|1700395809\n|cant|p1a: Samurott|slp\n|move|p1a: Samurott|Sleep Talk|p1a: Samurott\n|move|p1a: Samurott|Ceaseless Edge|p2a: Moltres|[from]move: Sleep Talk\n|-damage|p2a: Moltres|76\/100\n|-sidestart|p2: Boyer Enjoyer|Spikes\n|move|p2a: Moltres|U-turn|p1a: Samurott\n|-supereffective|p1a: Samurott\n|-damage|p1a: Samurott|58\/100 slp\n|\n|t:|1700395813\n|switch|p2a: Rillaboom|Rillaboom, F|38\/100|[from] U-turn\n|-damage|p2a: Rillaboom|22\/100|[from] Spikes\n|\n|-weather|none\n|-heal|p2a: Rillaboom|28\/100|[from] Grassy Terrain\n|-heal|p1a: Samurott|64\/100 slp|[from] Grassy Terrain\n|-fieldend|move: Grassy Terrain\n|upkeep\n|turn|18\n|\n|t:|1700395816\n|switch|p1a: Corviknight|Corviknight, M|100\/100\n|-ability|p1a: Corviknight|Pressure\n|move|p2a: Rillaboom|Grassy Glide|p1a: Corviknight\n|-resisted|p1a: Corviknight\n|-damage|p1a: Corviknight|94\/100\n|\n|-heal|p1a: Corviknight|99\/100|[from] item: Leftovers\n|upkeep\n|turn|19\n|\n|t:|1700395818\n|switch|p2a: Moltres|Moltres|76\/100\n|move|p1a: Corviknight|Body Press|p2a: Moltres\n|-resisted|p2a: Moltres\n|-damage|p2a: Moltres|67\/100\n|-status|p1a: Corviknight|brn|[from] ability: Flame Body|[of] p2a: Moltres\n|\n|-heal|p1a: Corviknight|100\/100 brn|[from] item: Leftovers\n|-damage|p1a: Corviknight|94\/100 brn|[from] brn\n|upkeep\n|turn|20\n|\n|t:|1700395821\n|switch|p1a: Samurott|Samurott-Hisui, F|64\/100 slp\n|move|p2a: Moltres|Flamethrower|p1a: Samurott\n|-resisted|p1a: Samurott\n|-damage|p1a: Samurott|46\/100 slp\n|\n|upkeep\n|turn|21\n|\n|t:|1700395823\n|cant|p1a: Samurott|slp\n|move|p1a: Samurott|Sleep Talk|p1a: Samurott\n|move|p1a: Samurott|Rest||[from]move: Sleep Talk|[still]\n|-fail|p1a: Samurott\n|move|p2a: Moltres|U-turn|p1a: Samurott\n|-supereffective|p1a: Samurott\n|-damage|p1a: Samurott|19\/100 slp\n|\n|t:|1700395826\n|switch|p2a: Rillaboom|Rillaboom, F|28\/100|[from] U-turn\n|-damage|p2a: Rillaboom|11\/100|[from] Spikes\n|-fieldstart|move: Grassy Terrain|[from] ability: Grassy Surge|[of] p2a: Rillaboom\n|\n|-heal|p2a: Rillaboom|18\/100|[from] Grassy Terrain\n|-heal|p1a: Samurott|25\/100 slp|[from] Grassy Terrain\n|upkeep\n|turn|22\n|\n|t:|1700395828\n|switch|p1a: Corviknight|Corviknight, M|94\/100 brn\n|-ability|p1a: Corviknight|Pressure\n|move|p2a: Rillaboom|U-turn|p1a: Corviknight\n|-resisted|p1a: Corviknight\n|-damage|p1a: Corviknight|88\/100 brn\n|\n|t:|1700395832\n|switch|p2a: Great Tusk|Great Tusk|26\/100|[from] U-turn\n|-damage|p2a: Great Tusk|10\/100|[from] Spikes\n|\n|-heal|p2a: Great Tusk|16\/100|[from] Grassy Terrain\n|-heal|p2a: Great Tusk|22\/100|[from] item: Leftovers\n|-heal|p1a: Corviknight|94\/100 brn|[from] item: Leftovers\n|-damage|p1a: Corviknight|88\/100 brn|[from] brn\n|upkeep\n|turn|23\n|\n|t:|1700395835\n|switch|p1a: Rotom|Rotom-Wash|100\/100\n|move|p2a: Great Tusk|Rapid Spin|p1a: Rotom\n|-damage|p1a: Rotom|88\/100\n|-boost|p2a: Great Tusk|spe|1\n|-sideend|p2: Boyer Enjoyer|Spikes|[from] move: Rapid Spin|[of] p2a: Great Tusk\n|\n|-heal|p2a: Great Tusk|28\/100|[from] Grassy Terrain\n|-heal|p2a: Great Tusk|34\/100|[from] item: Leftovers\n|-heal|p1a: Rotom|94\/100|[from] item: Leftovers\n|upkeep\n|turn|24\n|\n|t:|1700395840\n|move|p2a: Great Tusk|Stealth Rock|p1a: Rotom\n|-sidestart|p1: xcxcxxcxc|move: Stealth Rock\n|move|p1a: Rotom|Will-O-Wisp|p2a: Great Tusk\n|-status|p2a: Great Tusk|brn\n|\n|-heal|p2a: Great Tusk|41\/100 brn|[from] Grassy Terrain\n|-heal|p2a: Great Tusk|47\/100 brn|[from] item: Leftovers\n|-heal|p1a: Rotom|99\/100|[from] item: Leftovers\n|-damage|p2a: Great Tusk|41\/100 brn|[from] brn\n|upkeep\n|turn|25\n|\n|t:|1700395843\n|switch|p1a: Corviknight|Corviknight, M|88\/100 brn\n|-damage|p1a: Corviknight|76\/100 brn|[from] Stealth Rock\n|-ability|p1a: Corviknight|Pressure\n|move|p2a: Great Tusk|Smack Down|p1a: Corviknight\n|-damage|p1a: Corviknight|70\/100 brn\n|-start|p1a: Corviknight|Smack Down\n|\n|-heal|p2a: Great Tusk|47\/100 brn|[from] Grassy Terrain\n|-heal|p2a: Great Tusk|53\/100 brn|[from] item: Leftovers\n|-heal|p1a: Corviknight|76\/100 brn|[from] Grassy Terrain\n|-heal|p1a: Corviknight|82\/100 brn|[from] item: Leftovers\n|-damage|p2a: Great Tusk|47\/100 brn|[from] brn\n|-damage|p1a: Corviknight|76\/100 brn|[from] brn\n|-fieldend|move: Grassy Terrain\n|upkeep\n|turn|26\n|\n|t:|1700395845\n|move|p2a: Great Tusk|Headlong Rush|p1a: Corviknight\n|-supereffective|p1a: Corviknight\n|-damage|p1a: Corviknight|33\/100 brn\n|-unboost|p2a: Great Tusk|def|1\n|-unboost|p2a: Great Tusk|spd|1\n|move|p1a: Corviknight|Defog|p2a: Great Tusk\n|-unboost|p2a: Great Tusk|evasion|1\n|-sideend|p1: xcxcxxcxc|Stealth Rock|[from] move: Defog|[of] p1a: Corviknight\n|\n|-heal|p2a: Great Tusk|53\/100 brn|[from] item: Leftovers\n|-heal|p1a: Corviknight|39\/100 brn|[from] item: Leftovers\n|-damage|p2a: Great Tusk|47\/100 brn|[from] brn\n|-damage|p1a: Corviknight|33\/100 brn|[from] brn\n|upkeep\n|turn|27\n|\n|t:|1700395850\n|switch|p1a: Rotom|Rotom-Wash|99\/100\n|move|p2a: Great Tusk|Smack Down|p1a: Rotom\n|-damage|p1a: Rotom|93\/100\n|-start|p1a: Rotom|Smack Down\n|\n|-heal|p2a: Great Tusk|53\/100 brn|[from] item: Leftovers\n|-heal|p1a: Rotom|99\/100|[from] item: Leftovers\n|-damage|p2a: Great Tusk|47\/100 brn|[from] brn\n|upkeep\n|turn|28\n|\n|t:|1700395852\n|switch|p1a: Corviknight|Corviknight, M|33\/100 brn\n|-ability|p1a: Corviknight|Pressure\n|move|p2a: Great Tusk|Headlong Rush|p1a: Corviknight\n|-immune|p1a: Corviknight\n|\n|-heal|p2a: Great Tusk|53\/100 brn|[from] item: Leftovers\n|-heal|p1a: Corviknight|39\/100 brn|[from] item: Leftovers\n|-damage|p2a: Great Tusk|47\/100 brn|[from] brn\n|-damage|p1a: Corviknight|33\/100 brn|[from] brn\n|upkeep\n|turn|29\n|\n|t:|1700395854\n|move|p2a: Great Tusk|Smack Down|p1a: Corviknight\n|-damage|p1a: Corviknight|27\/100 brn\n|-start|p1a: Corviknight|Smack Down\n|move|p1a: Corviknight|Roost|p1a: Corviknight\n|-heal|p1a: Corviknight|77\/100 brn\n|-singleturn|p1a: Corviknight|move: Roost\n|\n|-heal|p2a: Great Tusk|53\/100 brn|[from] item: Leftovers\n|-heal|p1a: Corviknight|83\/100 brn|[from] item: Leftovers\n|-damage|p2a: Great Tusk|47\/100 brn|[from] brn\n|-damage|p1a: Corviknight|77\/100 brn|[from] brn\n|upkeep\n|turn|30\n|\n|t:|1700395856\n|switch|p1a: Rotom|Rotom-Wash|99\/100\n|move|p2a: Great Tusk|Headlong Rush|p1a: Rotom\n|-immune|p1a: Rotom|[from] ability: Levitate\n|\n|-heal|p2a: Great Tusk|53\/100 brn|[from] item: Leftovers\n|-heal|p1a: Rotom|100\/100|[from] item: Leftovers\n|-damage|p2a: Great Tusk|47\/100 brn|[from] brn\n|upkeep\n|turn|31\n|\n|t:|1700395858\n|move|p2a: Great Tusk|Smack Down|p1a: Rotom\n|-damage|p1a: Rotom|93\/100\n|-start|p1a: Rotom|Smack Down\n|move|p1a: Rotom|Hydro Pump|p2a: Great Tusk\n|-supereffective|p2a: Great Tusk\n|-damage|p2a: Great Tusk|0 fnt\n|faint|p2a: Great Tusk\n|-end|p2a: Great Tusk|Protosynthesis|[silent]\n|\n|-heal|p1a: Rotom|99\/100|[from] item: Leftovers\n|upkeep\n|c|\u2606xcxcxxcxc|jeez\n|\n|t:|1700395862\n|switch|p2a: Dragapult|Dragapult, F|100\/100\n|turn|32\n|c|\u2606Boyer Enjoyer|lol\n|\n|t:|1700395867\n|switch|p1a: Tyranitar|Tyranitar, F|100\/100\n|-weather|Sandstorm|[from] ability: Sand Stream|[of] p1a: Tyranitar\n|move|p2a: Dragapult|Draco Meteor|p1a: Tyranitar\n|-crit|p1a: Tyranitar\n|-damage|p1a: Tyranitar|52\/100\n|-unboost|p2a: Dragapult|spa|2\n|\n|-weather|Sandstorm|[upkeep]\n|-damage|p2a: Dragapult|95\/100|[from] Sandstorm\n|upkeep\n|turn|33\n|\n|t:|1700395874\n|switch|p2a: Rillaboom|Rillaboom, F|18\/100\n|-fieldstart|move: Grassy Terrain|[from] ability: Grassy Surge|[of] p2a: Rillaboom\n|move|p1a: Tyranitar|Stealth Rock|p2a: Rillaboom\n|-sidestart|p2: Boyer Enjoyer|move: Stealth Rock\n|\n|-weather|Sandstorm|[upkeep]\n|-damage|p2a: Rillaboom|11\/100|[from] Sandstorm\n|-heal|p2a: Rillaboom|18\/100|[from] Grassy Terrain\n|-heal|p1a: Tyranitar|58\/100|[from] Grassy Terrain\n|upkeep\n|turn|34\n|\n|t:|1700395879\n|switch|p1a: Corviknight|Corviknight, M|77\/100 brn\n|-ability|p1a: Corviknight|Pressure\n|move|p2a: Rillaboom|U-turn|p1a: Corviknight\n|-resisted|p1a: Corviknight\n|-damage|p1a: Corviknight|71\/100 brn\n|\n|t:|1700395882\n|switch|p2a: Moltres|Moltres|67\/100|[from] U-turn\n|\n|-weather|Sandstorm|[upkeep]\n|-damage|p2a: Moltres|61\/100|[from] Sandstorm\n|-heal|p1a: Corviknight|77\/100 brn|[from] item: Leftovers\n|-damage|p1a: Corviknight|71\/100 brn|[from] brn\n|upkeep\n|turn|35\n|\n|t:|1700395885\n|switch|p1a: Samurott|Samurott-Hisui, F|25\/100 slp\n|move|p2a: Moltres|Flamethrower|p1a: Samurott\n|-resisted|p1a: Samurott\n|-damage|p1a: Samurott|7\/100 slp\n|\n|-weather|Sandstorm|[upkeep]\n|-damage|p1a: Samurott|0 fnt|[from] Sandstorm\n|-damage|p2a: Moltres|55\/100|[from] Sandstorm\n|faint|p1a: Samurott\n|upkeep\n|j| Elm22\n|\n|t:|1700395888\n|switch|p1a: Houndstone|Houndstone, M|100\/100\n|turn|36\n|\n|t:|1700395890\n|move|p1a: Houndstone|Poltergeist|p2a: Moltres\n|-activate|p2a: Moltres|move: Poltergeist|Heavy-Duty Boots\n|-damage|p2a: Moltres|4\/100\n|move|p2a: Moltres|Will-O-Wisp|p1a: Houndstone\n|-status|p1a: Houndstone|brn\n|\n|-weather|Sandstorm|[upkeep]\n|-damage|p2a: Moltres|0 fnt|[from] Sandstorm\n|faint|p2a: Moltres\n|-damage|p1a: Houndstone|95\/100 brn|[from] brn\n|upkeep\n|c|\u2606xcxcxxcxc|what\n|c|\u2606xcxcxxcxc|oh\n|c|\u2606xcxcxxcxc|damn\n|l| Elm22\n|\n|t:|1700395907\n|switch|p2a: Kingambit|Kingambit, F|100\/100\n|-damage|p2a: Kingambit|94\/100|[from] Stealth Rock\n|-activate|p2a: Kingambit|ability: Supreme Overlord\n|-start|p2a: Kingambit|fallen2|[silent]\n|turn|37\n|\n|t:|1700395911\n|switch|p1a: Great Tusk|Great Tusk|100\/100\n|move|p2a: Kingambit|Swords Dance|p2a: Kingambit\n|-boost|p2a: Kingambit|atk|2\n|\n|-weather|Sandstorm|[upkeep]\n|-heal|p2a: Kingambit|100\/100|[from] Grassy Terrain\n|-fieldend|move: Grassy Terrain\n|upkeep\n|turn|38\n|\n|t:|1700395916\n|-end|p1a: Great Tusk|Protosynthesis|[silent]\n|switch|p1a: Rotom|Rotom-Wash|99\/100\n|move|p2a: Kingambit|Iron Head|p1a: Rotom\n|-resisted|p1a: Rotom\n|-damage|p1a: Rotom|76\/100\n|\n|-weather|Sandstorm|[upkeep]\n|-damage|p1a: Rotom|70\/100|[from] Sandstorm\n|-heal|p1a: Rotom|76\/100|[from] item: Leftovers\n|upkeep\n|turn|39\n|\n|t:|1700395919\n|-terastallize|p2a: Kingambit|Fire\n|move|p1a: Rotom|Will-O-Wisp|p2a: Kingambit\n|-immune|p2a: Kingambit\n|move|p2a: Kingambit|Kowtow Cleave|p1a: Rotom\n|-damage|p1a: Rotom|0 fnt\n|faint|p1a: Rotom\n|\n|-weather|none\n|upkeep\n|\n|t:|1700395922\n|switch|p1a: Great Tusk|Great Tusk|100\/100\n|turn|40\n|\n|t:|1700395926\n|move|p1a: Great Tusk|Headlong Rush|p2a: Kingambit\n|-supereffective|p2a: Kingambit\n|-damage|p2a: Kingambit|0 fnt\n|-unboost|p1a: Great Tusk|def|1\n|-unboost|p1a: Great Tusk|spd|1\n|faint|p2a: Kingambit\n|-end|p2a: Kingambit|fallen2|[silent]\n|\n|upkeep\n|\n|t:|1700395929\n|switch|p2a: Rillaboom|Rillaboom, F|18\/100\n|-damage|p2a: Rillaboom|5\/100|[from] Stealth Rock\n|-fieldstart|move: Grassy Terrain|[from] ability: Grassy Surge|[of] p2a: Rillaboom\n|turn|41\n|\n|t:|1700395931\n|-end|p1a: Great Tusk|Protosynthesis|[silent]\n|switch|p1a: Tyranitar|Tyranitar, F|58\/100\n|-weather|Sandstorm|[from] ability: Sand Stream|[of] p1a: Tyranitar\n|move|p2a: Rillaboom|Grassy Glide|p1a: Tyranitar\n|-supereffective|p1a: Tyranitar\n|-damage|p1a: Tyranitar|0 fnt\n|faint|p1a: Tyranitar\n|\n|-weather|Sandstorm|[upkeep]\n|-damage|p2a: Rillaboom|0 fnt|[from] Sandstorm\n|faint|p2a: Rillaboom\n|upkeep\n|\n|t:|1700395938\n|switch|p2a: Slowking|Slowking-Galar, F|100\/100 brn\n|switch|p1a: Houndstone|Houndstone, M|95\/100 brn\n|turn|42\n|\n|t:|1700395941\n|-terastallize|p1a: Houndstone|Ghost\n|move|p1a: Houndstone|Poltergeist|p2a: Slowking\n|-activate|p2a: Slowking|move: Poltergeist|Heavy-Duty Boots\n|-supereffective|p2a: Slowking\n|-damage|p2a: Slowking|0 fnt\n|faint|p2a: Slowking\n|\n|-weather|Sandstorm|[upkeep]\n|-heal|p1a: Houndstone|100\/100 brn|[from] Grassy Terrain\n|-damage|p1a: Houndstone|95\/100 brn|[from] brn\n|upkeep\n|\n|t:|1700395944\n|switch|p2a: Dragapult|Dragapult, F|95\/100\n|-damage|p2a: Dragapult|82\/100|[from] Stealth Rock\n|turn|43\n|\n|t:|1700395946\n|move|p1a: Houndstone|Poltergeist|p2a: Dragapult\n|-activate|p2a: Dragapult|move: Poltergeist|Choice Specs\n|-supereffective|p2a: Dragapult\n|-damage|p2a: Dragapult|0 fnt\n|faint|p2a: Dragapult\n|\n|win|xcxcxxcxc\n|raw|xcxcxxcxc's rating: 1573 &rarr; <strong>1594<\/strong><br \/>(+21 for winning)\n|raw|Boyer Enjoyer's rating: 1597 &rarr; <strong>1576<\/strong><br \/>(-21 for losing)\n|c|\u2606Boyer Enjoyer|gg\n|c|\u2606xcxcxxcxc|gg\n|c|\u2606xcxcxxcxc|nice sets bro\n|c|\u2606Boyer Enjoyer|u2\n|l|\u2606Boyer Enjoyer\n","uploadtime":1700395957,"views":8,"p1id":"xcxcxxcxc","p2id":"boyerenjoyer","formatid":"gen9ou","rating":1576,"private":0,"password":""}