{"id":"gen9ou-1994077959","p1":"Scythero","p2":"Chito24","format":"[Gen 9] OU","log":"|j|\u2606Scythero\n|j|\u2606Chito24\n|t:|1700403978\n|gametype|singles\n|player|p1|Scythero|gambler|1139\n|player|p2|Chito24|harlequin|1171\n|teamsize|p1|6\n|teamsize|p2|6\n|gen|9\n|tier|[Gen 9] OU\n|rated|\n|rule|Sleep Clause Mod: Limit one foe put to sleep\n|rule|Species Clause: Limit one of each Pok\u00e9mon\n|rule|OHKO Clause: OHKO moves are banned\n|rule|Evasion Items Clause: Evasion items are banned\n|rule|Evasion Moves Clause: Evasion moves are banned\n|rule|Endless Battle Clause: Forcing endless battles is banned\n|rule|HP Percentage Mod: HP is shown in percentages\n|clearpoke\n|poke|p1|Kleavor, F|\n|poke|p1|Arbok, F|\n|poke|p1|Heatran, F|\n|poke|p1|Ribombee, M|\n|poke|p1|Great Tusk|\n|poke|p1|Zapdos|\n|poke|p2|Kommo-o, M|\n|poke|p2|Ribombee, F|\n|poke|p2|Arcanine-Hisui, F|\n|poke|p2|Clodsire, M|\n|poke|p2|Hatterene, F|\n|poke|p2|Crawdaunt, F|\n|teampreview\n|inactive|Battle timer is ON: inactive players will automatically lose when time's up. (requested by Scythero)\n|\n|t:|1700403983\n|start\n|switch|p1a: Kleavor|Kleavor, F|100\/100\n|switch|p2a: Stinky|Ribombee, F, shiny|100\/100\n|turn|1\n|\n|t:|1700403989\n|move|p2a: Stinky|Sticky Web|p1a: Kleavor\n|-sidestart|p1: Scythero|move: Sticky Web\n|move|p1a: Kleavor|Stone Axe|p2a: Stinky\n|-supereffective|p2a: Stinky\n|-enditem|p2a: Stinky|Focus Sash\n|-damage|p2a: Stinky|1\/100\n|-sidestart|p2: Chito24|move: Stealth Rock\n|\n|upkeep\n|turn|2\n|\n|t:|1700404004\n|move|p2a: Stinky|Stun Spore|p1a: Kleavor\n|-status|p1a: Kleavor|par\n|move|p1a: Kleavor|X-Scissor|p2a: Stinky\n|-resisted|p2a: Stinky\n|-damage|p2a: Stinky|0 fnt\n|faint|p2a: Stinky\n|\n|upkeep\n|\n|t:|1700404009\n|switch|p2a: Pinky|Kommo-o, M, shiny|100\/100\n|-damage|p2a: Pinky|94\/100|[from] Stealth Rock\n|turn|3\n|inactive|Scythero has 120 seconds left.\n|\n|t:|1700404044\n|switch|p1a: Zapdos|Zapdos|100\/100\n|move|p2a: Pinky|Belly Drum|p2a: Pinky\n|-damage|p2a: Pinky|44\/100\n|-setboost|p2a: Pinky|atk|6|[from] move: Belly Drum\n|-enditem|p2a: Pinky|Sitrus Berry|[eat]\n|-heal|p2a: Pinky|69\/100|[from] item: Sitrus Berry\n|\n|upkeep\n|turn|4\n|inactive|Scythero has 120 seconds left.\n|\n|t:|1700404059\n|-terastallize|p2a: Pinky|Dragon\n|move|p1a: Zapdos|Hurricane|p2a: Pinky\n|-damage|p2a: Pinky|0 fnt\n|faint|p2a: Pinky\n|\n|upkeep\n|\n|t:|1700404065\n|switch|p2a: Dinky|Clodsire, M|100\/100\n|-damage|p2a: Dinky|94\/100|[from] Stealth Rock\n|turn|5\n|inactive|Scythero has 120 seconds left.\n|\n|t:|1700404081\n|move|p1a: Zapdos|Hurricane|p2a: Dinky\n|-damage|p2a: Dinky|60\/100\n|move|p2a: Dinky|Toxic|p1a: Zapdos\n|-status|p1a: Zapdos|tox\n|\n|-heal|p2a: Dinky|66\/100|[from] item: Black Sludge\n|-damage|p1a: Zapdos|94\/100 tox|[from] psn\n|upkeep\n|turn|6\n|inactive|Scythero has 120 seconds left.\n|\n|t:|1700404089\n|switch|p1a: Great Tusk|Great Tusk|100\/100\n|-activate|p1a: Great Tusk|move: Sticky Web\n|-unboost|p1a: Great Tusk|spe|1\n|move|p2a: Dinky|Stealth Rock|p1a: Great Tusk\n|-sidestart|p1: Scythero|move: Stealth Rock\n|\n|-heal|p2a: Dinky|72\/100|[from] item: Black Sludge\n|upkeep\n|turn|7\n|\n|t:|1700404096\n|move|p1a: Great Tusk|Rapid Spin|p2a: Dinky\n|-damage|p2a: Dinky|54\/100\n|-boost|p1a: Great Tusk|spe|1\n|-sideend|p1: Scythero|Stealth Rock|[from] move: Rapid Spin|[of] p1a: Great Tusk\n|-sideend|p1: Scythero|Sticky Web|[from] move: Rapid Spin|[of] p1a: Great Tusk\n|move|p2a: Dinky|Toxic|p1a: Great Tusk\n|-status|p1a: Great Tusk|tox\n|\n|-heal|p2a: Dinky|60\/100|[from] item: Black Sludge\n|-damage|p1a: Great Tusk|94\/100 tox|[from] psn\n|upkeep\n|turn|8\n|\n|t:|1700404109\n|-end|p1a: Great Tusk|Protosynthesis|[silent]\n|switch|p1a: Heatran|Heatran, F|100\/100\n|switch|p2a: Plinky|Hatterene, F, shiny|100\/100\n|-damage|p2a: Plinky|88\/100|[from] Stealth Rock\n|\n|upkeep\n|turn|9\n|\n|t:|1700404122\n|move|p1a: Heatran|Magma Storm|p2a: Plinky\n|-damage|p2a: Plinky|45\/100\n|-activate|p2a: Plinky|move: Magma Storm|[of] p1a: Heatran\n|-enditem|p2a: Plinky|Eject Button\n|\n|t:|1700404127\n|switch|p2a: Dinky|Clodsire, M|60\/100\n|-damage|p2a: Dinky|54\/100|[from] Stealth Rock\n|\n|-heal|p2a: Dinky|60\/100|[from] item: Black Sludge\n|upkeep\n|turn|10\n|\n|t:|1700404140\n|move|p1a: Heatran|Earth Power|p2a: Dinky\n|-supereffective|p2a: Dinky\n|-damage|p2a: Dinky|32\/100\n|move|p2a: Dinky|Stealth Rock|p1a: Heatran\n|-sidestart|p1: Scythero|move: Stealth Rock\n|\n|-heal|p2a: Dinky|38\/100|[from] item: Black Sludge\n|upkeep\n|turn|11\n|\n|t:|1700404149\n|move|p1a: Heatran|Taunt|p2a: Dinky\n|-start|p2a: Dinky|move: Taunt\n|move|p2a: Dinky|Earthquake|p1a: Heatran\n|-supereffective|p1a: Heatran\n|-damage|p1a: Heatran|1\/100\n|\n|-heal|p1a: Heatran|7\/100|[from] item: Leftovers\n|-heal|p2a: Dinky|44\/100|[from] item: Black Sludge\n|upkeep\n|turn|12\n|\n|t:|1700404159\n|switch|p1a: Zapdos|Zapdos|94\/100 tox\n|move|p2a: Dinky|Earthquake|p1a: Zapdos\n|-immune|p1a: Zapdos\n|\n|-heal|p2a: Dinky|50\/100|[from] item: Black Sludge\n|-damage|p1a: Zapdos|88\/100 tox|[from] psn\n|upkeep\n|turn|13\n|\n|t:|1700404171\n|switch|p2a: Plinky|Hatterene, F, shiny|45\/100\n|-damage|p2a: Plinky|32\/100|[from] Stealth Rock\n|move|p1a: Zapdos|Hurricane|p2a: Plinky|[miss]\n|-miss|p1a: Zapdos|p2a: Plinky\n|\n|-damage|p1a: Zapdos|76\/100 tox|[from] psn\n|upkeep\n|turn|14\n|\n|t:|1700404179\n|move|p1a: Zapdos|Hurricane|p2a: Plinky\n|-damage|p2a: Plinky|0 fnt\n|faint|p2a: Plinky\n|\n|-damage|p1a: Zapdos|58\/100 tox|[from] psn\n|upkeep\n|\n|t:|1700404187\n|switch|p2a: Blinky|Arcanine-Hisui, F, shiny|100\/100\n|-damage|p2a: Blinky|76\/100|[from] Stealth Rock\n|turn|15\n|\n|t:|1700404202\n|switch|p1a: Heatran|Heatran, F|7\/100\n|-damage|p1a: Heatran|0 fnt|[from] Stealth Rock\n|faint|p1a: Heatran\n|move|p2a: Blinky|Head Smash|p1: Heatran|[notarget]\n|-fail|p2a: Blinky\n|\n|upkeep\n|\n|t:|1700404213\n|switch|p1a: Great Tusk|Great Tusk|94\/100 tox\n|-damage|p1a: Great Tusk|91\/100 tox|[from] Stealth Rock\n|turn|16\n|\n|t:|1700404222\n|switch|p2a: Dinky|Clodsire, M|50\/100\n|-damage|p2a: Dinky|44\/100|[from] Stealth Rock\n|move|p1a: Great Tusk|Rapid Spin|p2a: Dinky\n|-damage|p2a: Dinky|26\/100\n|-boost|p1a: Great Tusk|spe|1\n|-sideend|p1: Scythero|Stealth Rock|[from] move: Rapid Spin|[of] p1a: Great Tusk\n|\n|-heal|p2a: Dinky|32\/100|[from] item: Black Sludge\n|-damage|p1a: Great Tusk|85\/100 tox|[from] psn\n|upkeep\n|turn|17\n|\n|t:|1700404232\n|move|p1a: Great Tusk|Rapid Spin|p2a: Dinky\n|-damage|p2a: Dinky|11\/100\n|-boost|p1a: Great Tusk|spe|1\n|move|p2a: Dinky|Recover|p2a: Dinky\n|-heal|p2a: Dinky|61\/100\n|\n|-heal|p2a: Dinky|67\/100|[from] item: Black Sludge\n|-damage|p1a: Great Tusk|73\/100 tox|[from] psn\n|upkeep\n|turn|18\n|\n|t:|1700404244\n|-end|p1a: Great Tusk|Protosynthesis|[silent]\n|switch|p1a: Ribombee|Ribombee, M|100\/100\n|move|p2a: Dinky|Recover|p2a: Dinky\n|-heal|p2a: Dinky|100\/100\n|\n|upkeep\n|turn|19\n|\n|t:|1700404250\n|move|p1a: Ribombee|Quiver Dance|p1a: Ribombee\n|-boost|p1a: Ribombee|spa|1\n|-boost|p1a: Ribombee|spd|1\n|-boost|p1a: Ribombee|spe|1\n|move|p2a: Dinky|Toxic|p1a: Ribombee\n|-status|p1a: Ribombee|tox\n|\n|-damage|p1a: Ribombee|94\/100 tox|[from] psn\n|upkeep\n|turn|20\n|\n|t:|1700404261\n|move|p1a: Ribombee|Quiver Dance|p1a: Ribombee\n|-boost|p1a: Ribombee|spa|1\n|-boost|p1a: Ribombee|spd|1\n|-boost|p1a: Ribombee|spe|1\n|move|p2a: Dinky|Stealth Rock|p1a: Ribombee\n|-sidestart|p1: Scythero|move: Stealth Rock\n|\n|-damage|p1a: Ribombee|82\/100 tox|[from] psn\n|upkeep\n|turn|21\n|\n|t:|1700404286\n|move|p1a: Ribombee|Bug Buzz|p2a: Dinky\n|-resisted|p2a: Dinky\n|-damage|p2a: Dinky|90\/100\n|move|p2a: Dinky|Earthquake|p1a: Ribombee\n|-resisted|p1a: Ribombee\n|-damage|p1a: Ribombee|54\/100 tox\n|\n|-heal|p2a: Dinky|96\/100|[from] item: Black Sludge\n|-damage|p1a: Ribombee|35\/100 tox|[from] psn\n|upkeep\n|turn|22\n|inactive|Scythero has 120 seconds left.\n|\n|t:|1700404303\n|move|p1a: Ribombee|Bug Buzz|p2a: Dinky\n|-resisted|p2a: Dinky\n|-crit|p2a: Dinky\n|-damage|p2a: Dinky|79\/100\n|move|p2a: Dinky|Earthquake|p1a: Ribombee\n|-resisted|p1a: Ribombee\n|-damage|p1a: Ribombee|7\/100 tox\n|\n|-heal|p2a: Dinky|85\/100|[from] item: Black Sludge\n|-damage|p1a: Ribombee|0 fnt|[from] psn\n|faint|p1a: Ribombee\n|upkeep\n|inactive|Scythero has 120 seconds left.\n|\n|t:|1700404313\n|switch|p1a: Great Tusk|Great Tusk|73\/100 tox\n|-damage|p1a: Great Tusk|70\/100 tox|[from] Stealth Rock\n|turn|23\n|inactive|Scythero has 120 seconds left.\n|\n|t:|1700404324\n|move|p1a: Great Tusk|Headlong Rush|p2a: Dinky\n|-supereffective|p2a: Dinky\n|-damage|p2a: Dinky|0 fnt\n|-unboost|p1a: Great Tusk|def|1\n|-unboost|p1a: Great Tusk|spd|1\n|faint|p2a: Dinky\n|\n|-damage|p1a: Great Tusk|64\/100 tox|[from] psn\n|upkeep\n|\n|t:|1700404329\n|switch|p2a: Bart|Crawdaunt, F|100\/100\n|-damage|p2a: Bart|88\/100|[from] Stealth Rock\n|turn|24\n|\n|t:|1700404336\n|-end|p1a: Great Tusk|Protosynthesis|[silent]\n|switch|p1a: Zapdos|Zapdos|58\/100 tox\n|move|p2a: Bart|Aqua Jet|p1a: Zapdos\n|-damage|p1a: Zapdos|20\/100 tox\n|-damage|p2a: Bart|78\/100|[from] item: Life Orb\n|\n|-damage|p1a: Zapdos|14\/100 tox|[from] psn\n|upkeep\n|turn|25\n|\n|t:|1700404346\n|move|p2a: Bart|Aqua Jet|p1a: Zapdos\n|-damage|p1a: Zapdos|0 fnt\n|faint|p1a: Zapdos\n|-damage|p2a: Bart|69\/100|[from] item: Life Orb\n|\n|upkeep\n|\n|t:|1700404352\n|switch|p1a: Great Tusk|Great Tusk|64\/100 tox\n|-damage|p1a: Great Tusk|61\/100 tox|[from] Stealth Rock\n|turn|26\n|\n|t:|1700404356\n|move|p2a: Bart|Aqua Jet|p1a: Great Tusk\n|-supereffective|p1a: Great Tusk\n|-damage|p1a: Great Tusk|3\/100 tox\n|-damage|p2a: Bart|59\/100|[from] item: Life Orb\n|move|p1a: Great Tusk|Rapid Spin|p2a: Bart\n|-damage|p2a: Bart|34\/100\n|-boost|p1a: Great Tusk|spe|1\n|-sideend|p1: Scythero|Stealth Rock|[from] move: Rapid Spin|[of] p1a: Great Tusk\n|\n|-damage|p1a: Great Tusk|0 fnt|[from] psn\n|faint|p1a: Great Tusk\n|-end|p1a: Great Tusk|Protosynthesis|[silent]\n|upkeep\n|\n|t:|1700404367\n|switch|p1a: Kleavor|Kleavor, F|100\/100 par\n|turn|27\n|\n|t:|1700404380\n|move|p2a: Bart|Swords Dance|p2a: Bart\n|-boost|p2a: Bart|atk|2\n|move|p1a: Kleavor|Counter||[still]\n|-fail|p1a: Kleavor\n|\n|upkeep\n|turn|28\n|\n|t:|1700404388\n|move|p2a: Bart|Crabhammer|p1a: Kleavor\n|-supereffective|p1a: Kleavor\n|-enditem|p1a: Kleavor|Focus Sash\n|-damage|p1a: Kleavor|1\/100 par\n|-damage|p2a: Bart|24\/100|[from] item: Life Orb\n|move|p1a: Kleavor|X-Scissor|p2a: Bart\n|-supereffective|p2a: Bart\n|-damage|p2a: Bart|0 fnt\n|faint|p2a: Bart\n|\n|upkeep\n|\n|t:|1700404392\n|switch|p2a: Blinky|Arcanine-Hisui, F, shiny|76\/100\n|-damage|p2a: Blinky|51\/100|[from] Stealth Rock\n|turn|29\n|\n|t:|1700404403\n|move|p2a: Blinky|Extreme Speed|p1a: Kleavor\n|-resisted|p1a: Kleavor\n|-damage|p1a: Kleavor|0 fnt\n|faint|p1a: Kleavor\n|\n|upkeep\n|\n|t:|1700404408\n|switch|p1a: Arbok|Arbok, F|100\/100\n|-ability|p1a: Arbok|Intimidate|boost\n|-unboost|p2a: Blinky|atk|1\n|turn|30\n|\n|t:|1700404423\n|-terastallize|p1a: Arbok|Dragon\n|move|p2a: Blinky|Extreme Speed|p1a: Arbok\n|-damage|p1a: Arbok|58\/100\n|move|p1a: Arbok|Earthquake|p2a: Blinky\n|-supereffective|p2a: Blinky\n|-damage|p2a: Blinky|0 fnt\n|faint|p2a: Blinky\n|\n|win|Scythero\n|raw|Scythero's rating: 1139 &rarr; <strong>1166<\/strong><br \/>(+27 for winning)\n|raw|Chito24's rating: 1171 &rarr; <strong>1144<\/strong><br \/>(-27 for losing)\n|c|\u2606Scythero|gg\n|c|\u2606Chito24|gg\n","uploadtime":1700404434,"views":10,"p1id":"scythero","p2id":"chito24","formatid":"gen9ou","rating":1144,"private":0,"password":""}