{"id":"gen9ou-1988272009","p1":"yzh66","p2":"uaxjump","format":"[Gen 9] OU","log":"|j|\u2606yzh66\n|j|\u2606uaxjump\n|t:|1699699089\n|gametype|singles\n|player|p1|yzh66|265|1213\n|player|p2|uaxjump|rosa-masters2|1143\n|teamsize|p1|6\n|teamsize|p2|6\n|gen|9\n|tier|[Gen 9] OU\n|rated|\n|rule|Sleep Clause Mod: Limit one foe put to sleep\n|rule|Species Clause: Limit one of each Pok\u00e9mon\n|rule|OHKO Clause: OHKO moves are banned\n|rule|Evasion Items Clause: Evasion items are banned\n|rule|Evasion Moves Clause: Evasion moves are banned\n|rule|Endless Battle Clause: Forcing endless battles is banned\n|rule|HP Percentage Mod: HP is shown in percentages\n|clearpoke\n|poke|p1|Gliscor, F|\n|poke|p1|Sneasler, M|\n|poke|p1|Rillaboom, F|\n|poke|p1|Hatterene, F|\n|poke|p1|Heatran, F|\n|poke|p1|Dragapult, M|\n|poke|p2|Gholdengo|\n|poke|p2|Samurott-Hisui, M|\n|poke|p2|Glimmora, F|\n|poke|p2|Kingambit, M|\n|poke|p2|Greninja-*, M|\n|poke|p2|Ogerpon-Cornerstone, F|\n|teampreview\n|\n|t:|1699699100\n|start\n|switch|p1a: Hatterene|Hatterene, F|100\/100\n|switch|p2a: Samurott|Samurott-Hisui, M|100\/100\n|turn|1\n|\n|t:|1699699108\n|move|p2a: Samurott|Ceaseless Edge|p1a: Hatterene\n|-damage|p1a: Hatterene|60\/100\n|-sidestart|p1: yzh66|Spikes\n|move|p1a: Hatterene|Draining Kiss|p2a: Samurott\n|-supereffective|p2a: Samurott\n|-damage|p2a: Samurott|28\/100\n|-heal|p1a: Hatterene|100\/100|[from] drain|[of] p2a: Samurott\n|\n|upkeep\n|turn|2\n|\n|t:|1699699116\n|move|p2a: Samurott|Ceaseless Edge|p1a: Hatterene\n|-damage|p1a: Hatterene|58\/100\n|-sidestart|p1: yzh66|Spikes\n|move|p1a: Hatterene|Draining Kiss|p2a: Samurott\n|-supereffective|p2a: Samurott\n|-damage|p2a: Samurott|0 fnt\n|-heal|p1a: Hatterene|78\/100|[from] drain|[of] p2a: Samurott\n|faint|p2a: Samurott\n|\n|-heal|p1a: Hatterene|84\/100|[from] item: Leftovers\n|upkeep\n|\n|t:|1699699120\n|switch|p2a: Glimmora|Glimmora, F|100\/100\n|turn|3\n|\n|t:|1699699132\n|move|p2a: Glimmora|Mortal Spin|p1a: Hatterene\n|-supereffective|p1a: Hatterene\n|-damage|p1a: Hatterene|73\/100\n|-status|p1a: Hatterene|psn\n|move|p1a: Hatterene|Psyshock|p2a: Glimmora\n|-supereffective|p2a: Glimmora\n|-damage|p2a: Glimmora|16\/100\n|\n|-heal|p1a: Hatterene|79\/100 psn|[from] item: Leftovers\n|-damage|p1a: Hatterene|67\/100 psn|[from] psn\n|upkeep\n|turn|4\n|\n|t:|1699699156\n|move|p2a: Glimmora|Power Gem|p1a: Hatterene\n|-damage|p1a: Hatterene|22\/100 psn\n|move|p1a: Hatterene|Psyshock|p2a: Glimmora\n|-supereffective|p2a: Glimmora\n|-damage|p2a: Glimmora|0 fnt\n|faint|p2a: Glimmora\n|\n|-heal|p1a: Hatterene|28\/100 psn|[from] item: Leftovers\n|-damage|p1a: Hatterene|16\/100 psn|[from] psn\n|upkeep\n|\n|t:|1699699177\n|switch|p2a: Greninja|Greninja, M|100\/100\n|turn|5\n|\n|t:|1699699183\n|move|p2a: Greninja|Dark Pulse|p1a: Hatterene\n|-damage|p1a: Hatterene|0 fnt\n|faint|p1a: Hatterene\n|-ability|p2a: Greninja|Battle Bond|boost\n|-boost|p2a: Greninja|atk|1\n|-boost|p2a: Greninja|spa|1\n|-boost|p2a: Greninja|spe|1\n|-activate|p2a: Greninja|ability: Battle Bond\n|-damage|p2a: Greninja|91\/100|[from] item: Life Orb\n|\n|upkeep\n|\n|t:|1699699192\n|switch|p1a: Rillaboom|Rillaboom, F|100\/100\n|-damage|p1a: Rillaboom|84\/100|[from] Spikes\n|-fieldstart|move: Grassy Terrain|[from] ability: Grassy Surge|[of] p1a: Rillaboom\n|turn|6\n|\n|t:|1699699206\n|move|p2a: Greninja|Ice Beam|p1a: Rillaboom\n|-supereffective|p1a: Rillaboom\n|-damage|p1a: Rillaboom|11\/100\n|-damage|p2a: Greninja|81\/100|[from] item: Life Orb\n|move|p1a: Rillaboom|Knock Off|p2a: Greninja\n|-resisted|p2a: Greninja\n|-damage|p2a: Greninja|58\/100\n|-enditem|p2a: Greninja|Life Orb|[from] move: Knock Off|[of] p1a: Rillaboom\n|\n|-heal|p2a: Greninja|64\/100|[from] Grassy Terrain\n|-heal|p1a: Rillaboom|17\/100|[from] Grassy Terrain\n|upkeep\n|turn|7\n|\n|t:|1699699217\n|move|p2a: Greninja|Water Shuriken|p1a: Rillaboom\n|-resisted|p1a: Rillaboom\n|-damage|p1a: Rillaboom|13\/100\n|-resisted|p1a: Rillaboom\n|-damage|p1a: Rillaboom|9\/100\n|-hitcount|p1a: Rillaboom|2\n|move|p1a: Rillaboom|Grassy Glide|p2a: Greninja\n|-supereffective|p2a: Greninja\n|-damage|p2a: Greninja|0 fnt\n|faint|p2a: Greninja\n|\n|-heal|p1a: Rillaboom|16\/100|[from] Grassy Terrain\n|upkeep\n|\n|t:|1699699222\n|switch|p2a: Ogerpon|Ogerpon-Cornerstone, F|100\/100\n|turn|8\n|\n|t:|1699699234\n|move|p2a: Ogerpon|Swords Dance|p2a: Ogerpon\n|-boost|p2a: Ogerpon|atk|2\n|move|p1a: Rillaboom|U-turn|p2a: Ogerpon\n|-supereffective|p2a: Ogerpon\n|-damage|p2a: Ogerpon|46\/100\n|\n|t:|1699699246\n|switch|p1a: Sneasler|Sneasler, M|100\/100|[from] U-turn\n|-damage|p1a: Sneasler|84\/100|[from] Spikes\n|-enditem|p1a: Sneasler|Grassy Seed\n|-boost|p1a: Sneasler|def|1|[from] item: Grassy Seed\n|\n|-heal|p1a: Sneasler|90\/100|[from] Grassy Terrain\n|-heal|p2a: Ogerpon|52\/100|[from] Grassy Terrain\n|upkeep\n|turn|9\n|\n|t:|1699699259\n|move|p1a: Sneasler|Close Combat|p2a: Ogerpon\n|-supereffective|p2a: Ogerpon\n|-damage|p2a: Ogerpon|0 fnt\n|-unboost|p1a: Sneasler|def|1\n|-unboost|p1a: Sneasler|spd|1\n|faint|p2a: Ogerpon\n|\n|-heal|p1a: Sneasler|96\/100|[from] Grassy Terrain\n|upkeep\n|\n|t:|1699699264\n|switch|p2a: Gholdengo|Gholdengo|100\/100\n|-item|p2a: Gholdengo|Air Balloon\n|turn|10\n|\n|t:|1699699275\n|switch|p1a: Heatran|Heatran, F|100\/100\n|-item|p1a: Heatran|Air Balloon\n|move|p2a: Gholdengo|Nasty Plot|p2a: Gholdengo\n|-boost|p2a: Gholdengo|spa|2\n|\n|-fieldend|move: Grassy Terrain\n|upkeep\n|turn|11\n|\n|t:|1699699283\n|move|p2a: Gholdengo|Shadow Ball|p1a: Heatran\n|-damage|p1a: Heatran|41\/100\n|-enditem|p1a: Heatran|Air Balloon\n|move|p1a: Heatran|Magma Storm|p2a: Gholdengo|[miss]\n|-miss|p1a: Heatran|p2a: Gholdengo\n|\n|upkeep\n|turn|12\n|\n|t:|1699699292\n|move|p2a: Gholdengo|Shadow Ball|p1a: Heatran\n|-damage|p1a: Heatran|0 fnt\n|faint|p1a: Heatran\n|\n|upkeep\n|\n|t:|1699699299\n|switch|p1a: Dragapult|Dragapult, M|100\/100\n|-damage|p1a: Dragapult|84\/100|[from] Spikes\n|turn|13\n|\n|t:|1699699305\n|move|p1a: Dragapult|Hex|p2a: Gholdengo\n|-supereffective|p2a: Gholdengo\n|-crit|p2a: Gholdengo\n|-damage|p2a: Gholdengo|0 fnt\n|-enditem|p2a: Gholdengo|Air Balloon\n|faint|p2a: Gholdengo\n|\n|upkeep\n|\n|t:|1699699307\n|switch|p2a: Kingambit|Kingambit, M|100\/100\n|-activate|p2a: Kingambit|ability: Supreme Overlord\n|-start|p2a: Kingambit|fallen5|[silent]\n|-item|p2a: Kingambit|Air Balloon\n|turn|14\n|\n|t:|1699699319\n|switch|p1a: Gliscor|Gliscor, F|100\/100\n|move|p2a: Kingambit|Swords Dance|p2a: Kingambit\n|-boost|p2a: Kingambit|atk|2\n|\n|-status|p1a: Gliscor|tox|[from] item: Toxic Orb\n|upkeep\n|turn|15\n|\n|t:|1699699330\n|move|p1a: Gliscor|Toxic|p2a: Kingambit\n|-immune|p2a: Kingambit\n|move|p2a: Kingambit|Kowtow Cleave|p1a: Gliscor\n|-damage|p1a: Gliscor|5\/100 tox\n|\n|-heal|p1a: Gliscor|18\/100 tox|[from] ability: Poison Heal\n|upkeep\n|turn|16\n|\n|t:|1699699358\n|move|p1a: Gliscor|Protect|p1a: Gliscor\n|-singleturn|p1a: Gliscor|Protect\n|move|p2a: Kingambit|Swords Dance|p2a: Kingambit\n|-boost|p2a: Kingambit|atk|2\n|\n|-heal|p1a: Gliscor|30\/100 tox|[from] ability: Poison Heal\n|upkeep\n|turn|17\n|\n|t:|1699699369\n|switch|p1a: Dragapult|Dragapult, M|84\/100\n|-damage|p1a: Dragapult|68\/100|[from] Spikes\n|move|p2a: Kingambit|Kowtow Cleave|p1a: Dragapult\n|-supereffective|p1a: Dragapult\n|-damage|p1a: Dragapult|0 fnt\n|faint|p1a: Dragapult\n|\n|upkeep\n|\n|t:|1699699379\n|switch|p1a: Rillaboom|Rillaboom, F|16\/100\n|-damage|p1a: Rillaboom|0 fnt|[from] Spikes\n|faint|p1a: Rillaboom\n|\n|t:|1699699383\n|switch|p1a: Sneasler|Sneasler, M|96\/100\n|-damage|p1a: Sneasler|79\/100|[from] Spikes\n|turn|18\n|\n|t:|1699699389\n|-terastallize|p2a: Kingambit|Dark\n|move|p2a: Kingambit|Sucker Punch|p1a: Sneasler\n|-resisted|p1a: Sneasler\n|-damage|p1a: Sneasler|0 fnt\n|faint|p1a: Sneasler\n|\n|upkeep\n|\n|t:|1699699395\n|switch|p1a: Gliscor|Gliscor, F|30\/100 tox\n|turn|19\n|\n|t:|1699699398\n|move|p1a: Gliscor|Toxic|p2a: Kingambit\n|-status|p2a: Kingambit|tox\n|move|p2a: Kingambit|Kowtow Cleave|p1a: Gliscor\n|-damage|p1a: Gliscor|0 fnt\n|faint|p1a: Gliscor\n|\n|win|uaxjump\n|raw|yzh66's rating: 1213 &rarr; <strong>1183<\/strong><br \/>(-30 for losing)\n|raw|uaxjump's rating: 1143 &rarr; <strong>1173<\/strong><br \/>(+30 for winning)\n|l|\u2606yzh66\n","uploadtime":1699699414,"views":18,"p1id":"yzh66","p2id":"uaxjump","formatid":"gen9ou","rating":1173,"private":0,"password":""}