{"id":"gen9ou-1993895309","p1":"tindall64","p2":"Johnny12354","format":"[Gen 9] OU","log":"|j|\u2606tindall64\n|j|\u2606Johnny12354\n|inactive|Battle timer is ON: inactive players will automatically lose when time's up.\n|t:|1700371517\n|gametype|singles\n|player|p1|tindall64|dawn-masters3|\n|player|p2|Johnny12354|palmer|\n|teamsize|p1|6\n|teamsize|p2|6\n|gen|9\n|tier|[Gen 9] OU\n|rated|Tournament battle\n|rule|Sleep Clause Mod: Limit one foe put to sleep\n|rule|OHKO Clause: OHKO moves are banned\n|rule|Evasion Items Clause: Evasion items are banned\n|rule|Evasion Moves Clause: Evasion moves are banned\n|rule|Endless Battle Clause: Forcing endless battles is banned\n|rule|HP Percentage Mod: HP is shown in percentages\n|clearpoke\n|poke|p1|Rotom|\n|poke|p1|Rotom-Fan|\n|poke|p1|Rotom-Frost|\n|poke|p1|Rotom-Heat|\n|poke|p1|Rotom-Mow|\n|poke|p1|Rotom-Wash|\n|poke|p2|Rotom-Wash|\n|poke|p2|Rotom-Mow|\n|poke|p2|Rotom-Frost|\n|poke|p2|Rotom-Heat|\n|poke|p2|Rotom-Fan|\n|poke|p2|Rotom|\n|teampreview\n|j|*Lady Monita \u2746\n|\n|t:|1700371529\n|start\n|switch|p1a: Rotom|Rotom|100\/100\n|switch|p2a: Rotom|Rotom, shiny|100\/100\n|turn|1\n|\n|t:|1700371542\n|move|p2a: Rotom|Dark Pulse|p1a: Rotom\n|-supereffective|p1a: Rotom\n|-damage|p1a: Rotom|26\/100\n|move|p1a: Rotom|Light Screen|p1a: Rotom\n|-sidestart|p1: tindall64|move: Light Screen\n|\n|upkeep\n|turn|2\n|\n|t:|1700371547\n|move|p2a: Rotom|Dark Pulse|p1a: Rotom\n|-supereffective|p1a: Rotom\n|-damage|p1a: Rotom|0 fnt\n|faint|p1a: Rotom\n|\n|upkeep\n|\n|t:|1700371568\n|switch|p1a: Rotom|Rotom-Wash|100\/100\n|turn|3\n|\n|t:|1700371584\n|move|p2a: Rotom|Charge|p2a: Rotom\n|-boost|p2a: Rotom|spd|1\n|-start|p2a: Rotom|Charge\n|move|p1a: Rotom|Nasty Plot|p1a: Rotom\n|-boost|p1a: Rotom|spa|2\n|\n|upkeep\n|turn|4\n|\n|t:|1700371599\n|move|p2a: Rotom|Discharge|p1a: Rotom\n|-damage|p1a: Rotom|66\/100\n|-end|p2a: Rotom|Charge|[silent]\n|move|p1a: Rotom|Nasty Plot|p1a: Rotom\n|-boost|p1a: Rotom|spa|2\n|\n|-heal|p1a: Rotom|72\/100|[from] item: Leftovers\n|upkeep\n|turn|5\n|\n|t:|1700371603\n|move|p2a: Rotom|Hyper Voice|p1a: Rotom\n|-damage|p1a: Rotom|59\/100\n|move|p1a: Rotom|Hydro Pump|p2a: Rotom\n|-damage|p2a: Rotom|0 fnt\n|faint|p2a: Rotom\n|\n|-heal|p1a: Rotom|65\/100|[from] item: Leftovers\n|upkeep\n|\n|t:|1700371609\n|switch|p2a: Rotom|Rotom-Mow, shiny|100\/100\n|turn|6\n|\n|t:|1700371620\n|-terastallize|p1a: Rotom|Steel\n|move|p2a: Rotom|Leaf Storm|p1a: Rotom\n|-resisted|p1a: Rotom\n|-damage|p1a: Rotom|49\/100\n|-unboost|p2a: Rotom|spa|2\n|move|p1a: Rotom|Hydro Pump|p2a: Rotom|[miss]\n|-miss|p1a: Rotom|p2a: Rotom\n|\n|-heal|p1a: Rotom|55\/100|[from] item: Leftovers\n|upkeep\n|turn|7\n|\n|t:|1700371627\n|switch|p2a: Rotom|Rotom-Heat, shiny|100\/100\n|move|p1a: Rotom|Hydro Pump|p2a: Rotom|[miss]\n|-miss|p1a: Rotom|p2a: Rotom\n|\n|-heal|p1a: Rotom|62\/100|[from] item: Leftovers\n|upkeep\n|turn|8\n|\n|t:|1700371633\n|move|p2a: Rotom|Overheat|p1a: Rotom\n|-supereffective|p1a: Rotom\n|-damage|p1a: Rotom|0 fnt\n|-unboost|p2a: Rotom|spa|2\n|faint|p1a: Rotom\n|-damage|p2a: Rotom|91\/100|[from] item: Life Orb\n|\n|-sideend|p1: tindall64|move: Light Screen\n|upkeep\n|\n|t:|1700371640\n|switch|p1a: Rotom|Rotom-Fan|100\/100\n|turn|9\n|\n|t:|1700371647\n|switch|p2a: Rotom|Rotom-Wash, shiny|100\/100\n|move|p1a: Rotom|Substitute|p1a: Rotom\n|-start|p1a: Rotom|Substitute\n|-damage|p1a: Rotom|76\/100\n|\n|-heal|p1a: Rotom|82\/100|[from] item: Leftovers\n|upkeep\n|turn|10\n|\n|t:|1700371657\n|move|p2a: Rotom|Discharge|p1a: Rotom\n|-end|p1a: Rotom|Substitute\n|-damage|p2a: Rotom|91\/100|[from] item: Life Orb\n|move|p1a: Rotom|Nasty Plot|p1a: Rotom\n|-boost|p1a: Rotom|spa|2\n|\n|-heal|p1a: Rotom|88\/100|[from] item: Leftovers\n|upkeep\n|turn|11\n|\n|t:|1700371669\n|move|p2a: Rotom|Discharge|p1a: Rotom\n|-damage|p1a: Rotom|31\/100\n|-damage|p2a: Rotom|81\/100|[from] item: Life Orb\n|move|p1a: Rotom|Tera Blast|p2a: Rotom\n|-damage|p2a: Rotom|14\/100\n|\n|-heal|p1a: Rotom|37\/100|[from] item: Leftovers\n|upkeep\n|turn|12\n|\n|t:|1700371677\n|move|p1a: Rotom|Tera Blast|p2a: Rotom\n|-damage|p2a: Rotom|0 fnt\n|faint|p2a: Rotom\n|\n|-heal|p1a: Rotom|43\/100|[from] item: Leftovers\n|upkeep\n|\n|t:|1700371687\n|switch|p2a: Rotom|Rotom-Frost, shiny|100\/100\n|turn|13\n|\n|t:|1700371700\n|move|p2a: Rotom|Volt Switch|p1a: Rotom\n|-damage|p1a: Rotom|0 fnt\n|faint|p1a: Rotom\n|\n|t:|1700371709\n|switch|p2a: Rotom|Rotom-Fan, shiny|100\/100|[from] Volt Switch\n|\n|upkeep\n|\n|t:|1700371713\n|switch|p1a: Rotom|Rotom-Frost|100\/100\n|turn|14\n|\n|t:|1700371722\n|move|p2a: Rotom|Light Screen|p2a: Rotom\n|-sidestart|p2: Johnny12354|move: Light Screen\n|move|p1a: Rotom|Blizzard|p2a: Rotom\n|-supereffective|p2a: Rotom\n|-enditem|p2a: Rotom|Focus Sash\n|-damage|p2a: Rotom|1\/100\n|\n|upkeep\n|turn|15\n|\n|t:|1700371730\n|move|p2a: Rotom|Dark Pulse|p1a: Rotom\n|-damage|p1a: Rotom|75\/100\n|move|p1a: Rotom|Blizzard|p2a: Rotom\n|-supereffective|p2a: Rotom\n|-damage|p2a: Rotom|0 fnt\n|faint|p2a: Rotom\n|\n|upkeep\n|\n|t:|1700371735\n|switch|p2a: Rotom|Rotom-Heat, shiny|91\/100\n|turn|16\n|\n|t:|1700371737\n|switch|p1a: Rotom|Rotom-Heat|100\/100\n|move|p2a: Rotom|Overheat|p1a: Rotom\n|-resisted|p1a: Rotom\n|-damage|p1a: Rotom|71\/100\n|-unboost|p2a: Rotom|spa|2\n|-damage|p2a: Rotom|81\/100|[from] item: Life Orb\n|\n|upkeep\n|turn|17\n|\n|t:|1700371748\n|move|p2a: Rotom|Dark Pulse|p1a: Rotom\n|-damage|p1a: Rotom|58\/100\n|-damage|p2a: Rotom|71\/100|[from] item: Life Orb\n|cant|p1a: Rotom|flinch\n|\n|upkeep\n|turn|18\n|\n|t:|1700371756\n|move|p2a: Rotom|Discharge|p1a: Rotom\n|-resisted|p1a: Rotom\n|-damage|p1a: Rotom|49\/100\n|-damage|p2a: Rotom|61\/100|[from] item: Life Orb\n|move|p1a: Rotom|Volt Switch|p2a: Rotom\n|-resisted|p2a: Rotom\n|-damage|p2a: Rotom|52\/100\n|\n|t:|1700371771\n|switch|p1a: Rotom|Rotom-Frost|75\/100|[from] Volt Switch\n|\n|-sideend|p2: Johnny12354|move: Light Screen\n|upkeep\n|turn|19\n|\n|t:|1700371793\n|move|p2a: Rotom|Overheat|p1a: Rotom\n|-supereffective|p1a: Rotom\n|-damage|p1a: Rotom|0 fnt\n|-unboost|p2a: Rotom|spa|2\n|faint|p1a: Rotom\n|-damage|p2a: Rotom|42\/100|[from] item: Life Orb\n|\n|upkeep\n|\n|t:|1700371797\n|switch|p1a: Rotom|Rotom-Mow|100\/100\n|turn|20\n|\n|t:|1700371803\n|move|p1a: Rotom|Leaf Storm|p2a: Rotom\n|-resisted|p2a: Rotom\n|-damage|p2a: Rotom|4\/100\n|-unboost|p1a: Rotom|spa|2\n|move|p2a: Rotom|Overheat|p1a: Rotom\n|-supereffective|p1a: Rotom\n|-damage|p1a: Rotom|35\/100\n|-unboost|p2a: Rotom|spa|2\n|-damage|p2a: Rotom|0 fnt|[from] item: Life Orb\n|faint|p2a: Rotom\n|\n|upkeep\n|\n|t:|1700371809\n|switch|p2a: Rotom|Rotom-Mow, shiny|100\/100\n|turn|21\n|\n|t:|1700371814\n|move|p1a: Rotom|Leaf Storm|p2a: Rotom\n|-resisted|p2a: Rotom\n|-damage|p2a: Rotom|81\/100\n|-unboost|p1a: Rotom|spa|2\n|move|p2a: Rotom|Electric Terrain|p2a: Rotom\n|-fieldstart|move: Electric Terrain\n|\n|-heal|p2a: Rotom|87\/100|[from] item: Leftovers\n|upkeep\n|turn|22\n|\n|t:|1700371818\n|move|p1a: Rotom|Leaf Storm|p2a: Rotom|[miss]\n|-miss|p1a: Rotom|p2a: Rotom\n|move|p2a: Rotom|Discharge|p1a: Rotom\n|-resisted|p1a: Rotom\n|-damage|p1a: Rotom|22\/100\n|\n|-heal|p2a: Rotom|93\/100|[from] item: Leftovers\n|upkeep\n|turn|23\n|\n|t:|1700371824\n|switch|p1a: Rotom|Rotom-Heat|49\/100\n|move|p2a: Rotom|Dark Pulse|p1a: Rotom\n|-damage|p1a: Rotom|29\/100\n|\n|-heal|p2a: Rotom|99\/100|[from] item: Leftovers\n|upkeep\n|turn|24\n|\n|t:|1700371828\n|move|p2a: Rotom|Discharge|p1a: Rotom\n|-resisted|p1a: Rotom\n|-damage|p1a: Rotom|14\/100\n|move|p1a: Rotom|Overheat|p2a: Rotom\n|-supereffective|p2a: Rotom\n|-damage|p2a: Rotom|0 fnt\n|-unboost|p1a: Rotom|spa|2\n|faint|p2a: Rotom\n|\n|upkeep\n|\n|t:|1700371831\n|switch|p2a: Rotom|Rotom-Frost, shiny|100\/100\n|turn|25\n|\n|t:|1700371843\n|move|p2a: Rotom|Dark Pulse|p1a: Rotom\n|-damage|p1a: Rotom|0 fnt\n|faint|p1a: Rotom\n|\n|-fieldend|move: Electric Terrain\n|upkeep\n|\n|t:|1700371846\n|switch|p1a: Rotom|Rotom-Mow|22\/100\n|turn|26\n|\n|t:|1700371852\n|-terastallize|p2a: Rotom|Ice\n|move|p1a: Rotom|Tera Blast|p2a: Rotom\n|-damage|p2a: Rotom|70\/100\n|move|p2a: Rotom|Blizzard|p1a: Rotom\n|-supereffective|p1a: Rotom\n|-damage|p1a: Rotom|0 fnt\n|faint|p1a: Rotom\n|\n|win|Johnny12354\n|n|\u2606tindall64|tindall64\n|n|\u2606Johnny12354|johnny12354\n|n|*Lady Monita \u2746|ladymonita\n","uploadtime":1700371853,"views":12,"p1id":"tindall64","p2id":"johnny12354","formatid":"gen9ou","rating":0,"private":0,"password":""}