{"id":"gen9ou-1999559557","p1":"Slo Overdose","p2":"Pingouin des iles","format":"[Gen 9] OU","log":"|j|\u2606Slo Overdose\n|j|\u2606Pingouin des iles\n|t:|1701096126\n|gametype|singles\n|player|p1|Slo Overdose|anabel|1442\n|player|p2|Pingouin des iles|101|1586\n|teamsize|p1|6\n|teamsize|p2|6\n|gen|9\n|tier|[Gen 9] OU\n|rated|\n|rule|Sleep Clause Mod: Limit one foe put to sleep\n|rule|Species Clause: Limit one of each Pok\u00e9mon\n|rule|OHKO Clause: OHKO moves are banned\n|rule|Evasion Items Clause: Evasion items are banned\n|rule|Evasion Moves Clause: Evasion moves are banned\n|rule|Endless Battle Clause: Forcing endless battles is banned\n|rule|HP Percentage Mod: HP is shown in percentages\n|clearpoke\n|poke|p1|Clefable, M|\n|poke|p1|Heatran, M|\n|poke|p1|Conkeldurr, F|\n|poke|p1|Azelf|\n|poke|p1|Rillaboom, M|\n|poke|p1|Dragapult, M|\n|poke|p2|Glimmora, M|\n|poke|p2|Ogerpon-Wellspring, F|\n|poke|p2|Scizor, F|\n|poke|p2|Conkeldurr, M|\n|poke|p2|Enamorus, F|\n|poke|p2|Muk-Alola, F|\n|teampreview\n|inactive|Battle timer is ON: inactive players will automatically lose when time's up. (requested by Slo Overdose)\n|\n|t:|1701096146\n|start\n|switch|p1a: Azelf|Azelf|100\/100\n|switch|p2a: Scizor|Scizor, F|100\/100\n|turn|1\n|\n|t:|1701096155\n|move|p1a: Azelf|Fire Blast|p2a: Scizor|[miss]\n|-miss|p1a: Azelf|p2a: Scizor\n|move|p2a: Scizor|Knock Off|p1a: Azelf\n|-supereffective|p1a: Azelf\n|-enditem|p1a: Azelf|Focus Sash\n|-damage|p1a: Azelf|1\/100\n|\n|upkeep\n|turn|2\n|\n|t:|1701096164\n|switch|p1a: Conkeldurr|Conkeldurr, F|100\/100\n|move|p2a: Scizor|Bullet Punch|p1a: Conkeldurr\n|-damage|p1a: Conkeldurr|69\/100\n|\n|-status|p1a: Conkeldurr|brn|[from] item: Flame Orb\n|upkeep\n|turn|3\n|\n|t:|1701096173\n|switch|p1a: Azelf|Azelf|1\/100\n|move|p2a: Scizor|U-turn|p1a: Azelf\n|-supereffective|p1a: Azelf\n|-damage|p1a: Azelf|0 fnt\n|faint|p1a: Azelf\n|\n|t:|1701096179\n|switch|p2a: Conkeldurr|Conkeldurr, M|100\/100|[from] U-turn\n|\n|upkeep\n|\n|t:|1701096199\n|switch|p1a: Clefable|Clefable, M|100\/100\n|turn|4\n|\n|t:|1701096211\n|switch|p2a: Muk|Muk-Alola, F|100\/100\n|move|p1a: Clefable|Cosmic Power|p1a: Clefable\n|-boost|p1a: Clefable|def|1\n|-boost|p1a: Clefable|spd|1\n|\n|upkeep\n|turn|5\n|\n|t:|1701096220\n|-terastallize|p1a: Clefable|Water\n|move|p1a: Clefable|Cosmic Power|p1a: Clefable\n|-boost|p1a: Clefable|def|1\n|-boost|p1a: Clefable|spd|1\n|move|p2a: Muk|Gunk Shot|p1a: Clefable\n|-damage|p1a: Clefable|79\/100\n|-status|p1a: Clefable|psn\n|\n|-heal|p1a: Clefable|85\/100 psn|[from] item: Leftovers\n|upkeep\n|turn|6\n|\n|t:|1701096227\n|move|p1a: Clefable|Cosmic Power|p1a: Clefable\n|-boost|p1a: Clefable|def|1\n|-boost|p1a: Clefable|spd|1\n|move|p2a: Muk|Knock Off|p1a: Clefable\n|-damage|p1a: Clefable|69\/100 psn\n|-enditem|p1a: Clefable|Leftovers|[from] move: Knock Off|[of] p2a: Muk\n|\n|upkeep\n|turn|7\n|\n|t:|1701096247\n|move|p1a: Clefable|Wish|p1a: Clefable\n|move|p2a: Muk|Gunk Shot|p1a: Clefable\n|-damage|p1a: Clefable|52\/100 psn\n|\n|upkeep\n|turn|8\n|\n|t:|1701096260\n|move|p1a: Clefable|Cosmic Power|p1a: Clefable\n|-boost|p1a: Clefable|def|1\n|-boost|p1a: Clefable|spd|1\n|move|p2a: Muk|Knock Off|p1a: Clefable\n|-damage|p1a: Clefable|44\/100 psn\n|\n|-heal|p1a: Clefable|94\/100 psn|[from] move: Wish|[wisher] Clefable\n|upkeep\n|turn|9\n|\n|t:|1701096263\n|move|p1a: Clefable|Cosmic Power|p1a: Clefable\n|-boost|p1a: Clefable|def|1\n|-boost|p1a: Clefable|spd|1\n|move|p2a: Muk|Knock Off|p1a: Clefable\n|-damage|p1a: Clefable|87\/100 psn\n|\n|upkeep\n|turn|10\n|\n|t:|1701096275\n|move|p1a: Clefable|Cosmic Power|p1a: Clefable\n|-boost|p1a: Clefable|def|1\n|-boost|p1a: Clefable|spd|1\n|move|p2a: Muk|Gunk Shot|p1a: Clefable\n|-damage|p1a: Clefable|74\/100 psn\n|\n|upkeep\n|turn|11\n|\n|t:|1701096288\n|move|p1a: Clefable|Wish|p1a: Clefable\n|move|p2a: Muk|Knock Off|p1a: Clefable\n|-damage|p1a: Clefable|68\/100 psn\n|\n|upkeep\n|turn|12\n|\n|t:|1701096294\n|move|p1a: Clefable|Charge Beam|p2a: Muk\n|-damage|p2a: Muk|92\/100\n|-boost|p1a: Clefable|spa|1\n|move|p2a: Muk|Knock Off|p1a: Clefable\n|-damage|p1a: Clefable|62\/100 psn\n|\n|-heal|p1a: Clefable|100\/100 psn|[from] move: Wish|[wisher] Clefable\n|-heal|p2a: Muk|99\/100|[from] item: Black Sludge\n|upkeep\n|turn|13\n|inactive|Pingouin des iles has 120 seconds left.\n|\n|t:|1701096324\n|switch|p2a: Ogerpon|Ogerpon-Wellspring, F|100\/100\n|move|p1a: Clefable|Charge Beam|p2a: Ogerpon\n|-damage|p2a: Ogerpon|79\/100\n|\n|upkeep\n|turn|14\n|\n|t:|1701096335\n|move|p2a: Ogerpon|Swords Dance|p2a: Ogerpon\n|-boost|p2a: Ogerpon|atk|2\n|move|p1a: Clefable|Stored Power|p2a: Ogerpon\n|-damage|p2a: Ogerpon|0 fnt\n|faint|p2a: Ogerpon\n|\n|upkeep\n|-message|Pingouin des iles forfeited.\n|\n|win|Slo Overdose\n|raw|Slo Overdose's rating: 1442 &rarr; <strong>1470<\/strong><br \/>(+28 for winning)\n|raw|Pingouin des iles's rating: 1586 &rarr; <strong>1558<\/strong><br \/>(-28 for losing)\n|l|\u2606Pingouin des iles\n","uploadtime":1701096358,"views":3,"p1id":"slooverdose","p2id":"pingouindesiles","formatid":"gen9ou","rating":1470,"private":0,"password":""}