{"id":"gen9ou-1994244712","p1":"Bub Testing","p2":"thunderscorexd","format":"[Gen 9] OU","log":"|j|\u2606Bub Testing\n|j|\u2606thunderscorexd\n|t:|1700422865\n|gametype|singles\n|player|p1|Bub Testing|n|1530\n|player|p2|thunderscorexd|101|1557\n|teamsize|p1|6\n|teamsize|p2|6\n|gen|9\n|tier|[Gen 9] OU\n|rated|\n|rule|Sleep Clause Mod: Limit one foe put to sleep\n|rule|Species Clause: Limit one of each Pok\u00e9mon\n|rule|OHKO Clause: OHKO moves are banned\n|rule|Evasion Items Clause: Evasion items are banned\n|rule|Evasion Moves Clause: Evasion moves are banned\n|rule|Endless Battle Clause: Forcing endless battles is banned\n|rule|HP Percentage Mod: HP is shown in percentages\n|clearpoke\n|poke|p1|Magnezone|\n|poke|p1|Gholdengo|\n|poke|p1|Slowking-Galar, M|\n|poke|p1|Zamazenta-*|\n|poke|p1|Ogerpon-Wellspring, F|\n|poke|p1|Cinderace, M|\n|poke|p2|Glimmora, M|\n|poke|p2|Rillaboom, M|\n|poke|p2|Sneasler, M|\n|poke|p2|Gholdengo|\n|poke|p2|Iron Moth|\n|poke|p2|Iron Valiant|\n|teampreview\n|\n|t:|1700422877\n|start\n|switch|p1a: Gholdengo|Gholdengo|100\/100\n|switch|p2a: Glimmora|Glimmora, M|100\/100\n|turn|1\n|\n|t:|1700422882\n|move|p2a: Glimmora|Stealth Rock|p1a: Gholdengo\n|-sidestart|p1: Bub Testing|move: Stealth Rock\n|move|p1a: Gholdengo|Shadow Ball|p2a: Glimmora\n|-crit|p2a: Glimmora\n|-damage|p2a: Glimmora|25\/100\n|\n|upkeep\n|turn|2\n|\n|t:|1700422887\n|move|p2a: Glimmora|Mud Shot|p1a: Gholdengo\n|-supereffective|p1a: Gholdengo\n|-damage|p1a: Gholdengo|66\/100\n|-unboost|p1a: Gholdengo|spe|1\n|-enditem|p1a: Gholdengo|Eject Pack\n|\n|t:|1700422894\n|switch|p1a: Cinderace|Cinderace, M|100\/100\n|\n|upkeep\n|turn|3\n|\n|t:|1700422898\n|move|p1a: Cinderace|Pyro Ball|p2a: Glimmora\n|-resisted|p2a: Glimmora\n|-damage|p2a: Glimmora|0 fnt\n|-activate|p2a: Glimmora|ability: Toxic Debris\n|-sidestart|p1: Bub Testing|move: Toxic Spikes\n|faint|p2a: Glimmora\n|\n|upkeep\n|\n|t:|1700422918\n|switch|p2a: Iron Moth|Iron Moth|100\/100\n|-enditem|p2a: Iron Moth|Booster Energy\n|-activate|p2a: Iron Moth|ability: Quark Drive|[fromitem]\n|-start|p2a: Iron Moth|quarkdrivespe\n|turn|4\n|\n|t:|1700422924\n|move|p2a: Iron Moth|Substitute|p2a: Iron Moth\n|-start|p2a: Iron Moth|Substitute\n|-damage|p2a: Iron Moth|76\/100\n|move|p1a: Cinderace|Court Change|p1a: Cinderace\n|-start|p1a: Cinderace|typechange|Normal|[from] ability: Libero\n|-swapsideconditions\n|-activate|p1a: Cinderace|move: Court Change\n|\n|upkeep\n|turn|5\n|\n|t:|1700422930\n|move|p2a: Iron Moth|Fiery Dance|p1a: Cinderace\n|-crit|p1a: Cinderace\n|-damage|p1a: Cinderace|15\/100\n|-boost|p2a: Iron Moth|spa|1\n|move|p1a: Cinderace|U-turn|p2a: Iron Moth\n|-resisted|p2a: Iron Moth\n|-activate|p2a: Iron Moth|move: Substitute|[damage]\n|\n|t:|1700422935\n|switch|p1a: Slowking|Slowking-Galar, M|100\/100|[from] U-turn\n|\n|upkeep\n|turn|6\n|\n|t:|1700422940\n|move|p2a: Iron Moth|Fiery Dance|p1a: Slowking\n|-damage|p1a: Slowking|58\/100\n|-boost|p2a: Iron Moth|spa|1\n|move|p1a: Slowking|Earthquake|p2a: Iron Moth\n|-supereffective|p2a: Iron Moth\n|-end|p2a: Iron Moth|Substitute\n|\n|upkeep\n|turn|7\n|\n|t:|1700422947\n|move|p2a: Iron Moth|Fiery Dance|p1a: Slowking\n|-damage|p1a: Slowking|5\/100\n|move|p1a: Slowking|Earthquake|p2a: Iron Moth\n|-supereffective|p2a: Iron Moth\n|-damage|p2a: Iron Moth|0 fnt\n|faint|p2a: Iron Moth\n|-end|p2a: Iron Moth|Quark Drive|[silent]\n|\n|upkeep\n|c|\u2606thunderscorexd|huh\n|c|\u2606thunderscorexd|how?\n|c|\u2606Bub Testing|cuz its 4x bro\n|c|\u2606Bub Testing|and im a gking\n|c|\u2606thunderscorexd|no my damage\n|c|\u2606thunderscorexd|42 at +1\n|c|\u2606Bub Testing|rolls\n|c|\u2606Bub Testing|that's not how the math works\n|\n|t:|1700422991\n|switch|p2a: Rillaboom|Rillaboom, M|100\/100\n|-damage|p2a: Rillaboom|88\/100|[from] Stealth Rock\n|-status|p2a: Rillaboom|psn\n|-fieldstart|move: Grassy Terrain|[from] ability: Grassy Surge|[of] p2a: Rillaboom\n|turn|8\n|\n|t:|1700423000\n|switch|p1a: Magnezone|Magnezone|100\/100\n|move|p2a: Rillaboom|U-turn|p1a: Magnezone\n|-resisted|p1a: Magnezone\n|-damage|p1a: Magnezone|80\/100\n|\n|t:|1700423007\n|switch|p2a: Sneasler|Sneasler, M|100\/100|[from] U-turn\n|-damage|p2a: Sneasler|94\/100|[from] Stealth Rock\n|-sideend|p2: thunderscorexd|move: Toxic Spikes|[of] p2a: Sneasler\n|-enditem|p2a: Sneasler|Grassy Seed\n|-boost|p2a: Sneasler|def|1|[from] item: Grassy Seed\n|\n|-heal|p2a: Sneasler|100\/100|[from] Grassy Terrain\n|-heal|p1a: Magnezone|86\/100|[from] Grassy Terrain\n|upkeep\n|turn|9\n|\n|t:|1700423017\n|move|p2a: Sneasler|Swords Dance|p2a: Sneasler\n|-boost|p2a: Sneasler|atk|2\n|move|p1a: Magnezone|Volt Switch|p2a: Sneasler\n|-damage|p2a: Sneasler|58\/100\n|\n|t:|1700423022\n|switch|p1a: Zamazenta|Zamazenta|100\/100|[from] Volt Switch\n|-ability|p1a: Zamazenta|Dauntless Shield|boost\n|-boost|p1a: Zamazenta|def|1\n|\n|-heal|p2a: Sneasler|64\/100|[from] Grassy Terrain\n|upkeep\n|turn|10\n|\n|t:|1700423029\n|-terastallize|p2a: Sneasler|Flying\n|move|p2a: Sneasler|Acrobatics|p1a: Zamazenta\n|-supereffective|p1a: Zamazenta\n|-damage|p1a: Zamazenta|0 fnt\n|faint|p1a: Zamazenta\n|\n|upkeep\n|\n|t:|1700423034\n|switch|p1a: Magnezone|Magnezone|86\/100\n|turn|11\n|\n|t:|1700423043\n|-terastallize|p1a: Magnezone|Flying\n|move|p2a: Sneasler|Low Kick|p1a: Magnezone\n|-resisted|p1a: Magnezone\n|-crit|p1a: Magnezone\n|-damage|p1a: Magnezone|0 fnt\n|faint|p1a: Magnezone\n|\n|upkeep\n|c|\u2606Bub Testing|bro\n|c|\u2606Bub Testing|you suck so bad using this banned shit\n|\n|t:|1700423053\n|switch|p1a: Gholdengo|Gholdengo|66\/100\n|turn|12\n|\n|t:|1700423064\n|move|p2a: Sneasler|Acrobatics|p1a: Gholdengo\n|-resisted|p1a: Gholdengo\n|-damage|p1a: Gholdengo|22\/100\n|move|p1a: Gholdengo|Recover|p1a: Gholdengo\n|-heal|p1a: Gholdengo|72\/100\n|\n|-heal|p1a: Gholdengo|78\/100|[from] Grassy Terrain\n|-fieldend|move: Grassy Terrain\n|upkeep\n|turn|13\n|c|\u2606thunderscorexd|it got banned?\n|\n|t:|1700423073\n|move|p2a: Sneasler|Acrobatics|p1a: Gholdengo\n|-resisted|p1a: Gholdengo\n|-damage|p1a: Gholdengo|34\/100\n|move|p1a: Gholdengo|Recover|p1a: Gholdengo\n|-heal|p1a: Gholdengo|84\/100\n|\n|upkeep\n|turn|14\n|\n|t:|1700423079\n|move|p2a: Sneasler|Swords Dance|p2a: Sneasler\n|-boost|p2a: Sneasler|atk|2\n|move|p1a: Gholdengo|Recover|p1a: Gholdengo\n|-heal|p1a: Gholdengo|100\/100\n|\n|upkeep\n|turn|15\n|c|\u2606Bub Testing|yeah for being a cheap ass mon\n|\n|t:|1700423087\n|move|p2a: Sneasler|Acrobatics|p1a: Gholdengo\n|-resisted|p1a: Gholdengo\n|-damage|p1a: Gholdengo|31\/100\n|move|p1a: Gholdengo|Make It Rain|p2a: Sneasler\n|-damage|p2a: Sneasler|6\/100\n|-unboost|p1a: Gholdengo|spa|1\n|\n|upkeep\n|turn|16\n|c|\u2606Bub Testing|fuck this shit\n|c|\u2606thunderscorexd|thats good then\n|-message|Bub Testing forfeited.\n|\n|win|thunderscorexd\n|raw|Bub Testing's rating: 1530 &rarr; <strong>1512<\/strong><br \/>(-18 for losing)\n|raw|thunderscorexd's rating: 1557 &rarr; <strong>1575<\/strong><br \/>(+18 for winning)\n|l|\u2606Bub Testing\n","uploadtime":1700423054,"views":7,"p1id":"bubtesting","p2id":"thunderscorexd","formatid":"gen9ou","rating":1512,"private":0,"password":""}