{"id":"gen9ou-1988245381","p1":"yugioh master 32","p2":"Skaraptor2.1","format":"[Gen 9] OU","log":"|j|\u2606yugioh master 32\n|j|\u2606Skaraptor2.1\n|t:|1699693377\n|gametype|singles\n|player|p1|yugioh master 32|blue-gen2|1301\n|player|p2|Skaraptor2.1|bodybuilderf-gen9|1377\n|teamsize|p1|6\n|teamsize|p2|6\n|gen|9\n|tier|[Gen 9] OU\n|rated|\n|rule|Sleep Clause Mod: Limit one foe put to sleep\n|rule|Species Clause: Limit one of each Pok\u00e9mon\n|rule|OHKO Clause: OHKO moves are banned\n|rule|Evasion Items Clause: Evasion items are banned\n|rule|Evasion Moves Clause: Evasion moves are banned\n|rule|Endless Battle Clause: Forcing endless battles is banned\n|rule|HP Percentage Mod: HP is shown in percentages\n|clearpoke\n|poke|p1|Samurott-Hisui, F|\n|poke|p1|Thundurus-Therian, M|\n|poke|p1|Walking Wake|\n|poke|p1|Iron Valiant|\n|poke|p1|Sandy Shocks|\n|poke|p1|Iron Treads|\n|poke|p2|Iron Jugulis|\n|poke|p2|Ogerpon-Wellspring, F|\n|poke|p2|Tinkaton, F|\n|poke|p2|Iron Moth|\n|poke|p2|Great Tusk|\n|poke|p2|Dragapult, M|\n|teampreview\n|inactive|Battle timer is ON: inactive players will automatically lose when time's up. (requested by Skaraptor2.1)\n|inactive|yugioh master 32 also wants the timer to be on.\n|\n|t:|1699693402\n|start\n|switch|p1a: kratos|Thundurus-Therian, M|100\/100\n|switch|p2a: TWINKATON|Tinkaton, F|100\/100\n|-item|p2a: TWINKATON|Air Balloon\n|turn|1\n|\n|t:|1699693409\n|move|p1a: kratos|Volt Switch|p2a: TWINKATON\n|-damage|p2a: TWINKATON|65\/100\n|-enditem|p2a: TWINKATON|Air Balloon\n|\n|t:|1699693417\n|switch|p1a: pin head|Iron Treads|100\/100|[from] Volt Switch\n|move|p2a: TWINKATON|Stealth Rock|p1a: pin head\n|-sidestart|p1: yugioh master 32|move: Stealth Rock\n|\n|upkeep\n|turn|2\n|\n|t:|1699693422\n|switch|p2a: Iron Jugs|Iron Jugulis|100\/100\n|-enditem|p2a: Iron Jugs|Booster Energy\n|-activate|p2a: Iron Jugs|ability: Quark Drive|[fromitem]\n|-start|p2a: Iron Jugs|quarkdrivespe\n|move|p1a: pin head|Rapid Spin|p2a: Iron Jugs\n|-crit|p2a: Iron Jugs\n|-damage|p2a: Iron Jugs|73\/100\n|-boost|p1a: pin head|spe|1\n|-sideend|p1: yugioh master 32|Stealth Rock|[from] move: Rapid Spin|[of] p1a: pin head\n|\n|upkeep\n|turn|3\n|\n|t:|1699693434\n|move|p2a: Iron Jugs|Knock Off|p1a: pin head\n|-damage|p1a: pin head|75\/100\n|-enditem|p1a: pin head|Assault Vest|[from] move: Knock Off|[of] p2a: Iron Jugs\n|move|p1a: pin head|Iron Head|p2a: Iron Jugs\n|-damage|p2a: Iron Jugs|29\/100\n|\n|upkeep\n|turn|4\n|\n|t:|1699693442\n|move|p2a: Iron Jugs|Earth Power|p1a: pin head\n|-supereffective|p1a: pin head\n|-damage|p1a: pin head|0 fnt\n|faint|p1a: pin head\n|-end|p1a: pin head|Quark Drive|[silent]\n|\n|upkeep\n|\n|t:|1699693455\n|switch|p1a: majesty|Iron Valiant|100\/100\n|-enditem|p1a: majesty|Booster Energy\n|-activate|p1a: majesty|ability: Quark Drive|[fromitem]\n|-start|p1a: majesty|quarkdrivespe\n|turn|5\n|\n|t:|1699693461\n|move|p1a: majesty|Moonblast|p2a: Iron Jugs\n|-supereffective|p2a: Iron Jugs\n|-damage|p2a: Iron Jugs|0 fnt\n|faint|p2a: Iron Jugs\n|-end|p2a: Iron Jugs|Quark Drive|[silent]\n|\n|upkeep\n|\n|t:|1699693466\n|switch|p2a: TWINKATON|Tinkaton, F|65\/100\n|turn|6\n|\n|t:|1699693477\n|-end|p1a: majesty|Quark Drive|[silent]\n|switch|p1a: kratos|Thundurus-Therian, M|100\/100\n|move|p2a: TWINKATON|Thunder Wave|p1a: kratos\n|-immune|p1a: kratos|[from] ability: Volt Absorb\n|\n|upkeep\n|turn|7\n|\n|t:|1699693485\n|move|p1a: kratos|Volt Switch|p2a: TWINKATON\n|-damage|p2a: TWINKATON|31\/100\n|\n|t:|1699693489\n|switch|p1a: samus|Samurott-Hisui, F, shiny|100\/100|[from] Volt Switch\n|move|p2a: TWINKATON|Play Rough|p1a: samus|[miss]\n|-miss|p2a: TWINKATON|p1a: samus\n|\n|upkeep\n|turn|8\n|\n|t:|1699693496\n|move|p2a: TWINKATON|Thunder Wave|p1a: samus\n|-status|p1a: samus|par\n|move|p1a: samus|Ceaseless Edge|p2a: TWINKATON\n|-resisted|p2a: TWINKATON\n|-damage|p2a: TWINKATON|6\/100\n|-sidestart|p2: Skaraptor2.1|Spikes\n|-enditem|p1a: samus|Focus Sash|[silent]|[from] ability: Pickpocket|[of] p1a: samus\n|-item|p2a: TWINKATON|Focus Sash|[from] ability: Pickpocket|[of] p1a: samus\n|\n|upkeep\n|turn|9\n|\n|t:|1699693504\n|move|p1a: samus|Aqua Jet|p2a: TWINKATON\n|-damage|p2a: TWINKATON|0 fnt\n|faint|p2a: TWINKATON\n|\n|upkeep\n|\n|t:|1699693510\n|switch|p2a: Raging Queer|Great Tusk|100\/100\n|-damage|p2a: Raging Queer|88\/100|[from] Spikes\n|-enditem|p2a: Raging Queer|Booster Energy\n|-activate|p2a: Raging Queer|ability: Protosynthesis|[fromitem]\n|-start|p2a: Raging Queer|protosynthesisspe\n|turn|10\n|\n|t:|1699693523\n|move|p2a: Raging Queer|Bulk Up|p2a: Raging Queer\n|-boost|p2a: Raging Queer|atk|1\n|-boost|p2a: Raging Queer|def|1\n|cant|p1a: samus|par\n|\n|upkeep\n|turn|11\n|\n|t:|1699693529\n|move|p2a: Raging Queer|Rapid Spin|p1a: samus\n|-damage|p1a: samus|71\/100 par\n|-boost|p2a: Raging Queer|spe|1\n|-sideend|p2: Skaraptor2.1|Spikes|[from] move: Rapid Spin|[of] p2a: Raging Queer\n|move|p1a: samus|Razor Shell|p2a: Raging Queer\n|-supereffective|p2a: Raging Queer\n|-damage|p2a: Raging Queer|48\/100\n|-unboost|p2a: Raging Queer|def|1\n|\n|upkeep\n|turn|12\n|\n|t:|1699693538\n|move|p2a: Raging Queer|Headlong Rush|p1a: samus\n|-damage|p1a: samus|0 fnt\n|-unboost|p2a: Raging Queer|def|1\n|-unboost|p2a: Raging Queer|spd|1\n|faint|p1a: samus\n|\n|upkeep\n|\n|t:|1699693552\n|switch|p1a: aqua dino|Walking Wake|100\/100\n|turn|13\n|\n|t:|1699693566\n|move|p2a: Raging Queer|Headlong Rush|p1a: aqua dino\n|-damage|p1a: aqua dino|10\/100\n|-unboost|p2a: Raging Queer|def|1\n|-unboost|p2a: Raging Queer|spd|1\n|move|p1a: aqua dino|Surf|p2a: Raging Queer\n|-supereffective|p2a: Raging Queer\n|-damage|p2a: Raging Queer|0 fnt\n|faint|p2a: Raging Queer\n|-end|p2a: Raging Queer|Protosynthesis|[silent]\n|\n|upkeep\n|\n|t:|1699693572\n|switch|p2a: Solar Panels|Iron Moth|100\/100\n|-enditem|p2a: Solar Panels|Booster Energy\n|-activate|p2a: Solar Panels|ability: Quark Drive|[fromitem]\n|-start|p2a: Solar Panels|quarkdrivespe\n|turn|14\n|\n|t:|1699693577\n|move|p2a: Solar Panels|Fiery Dance|p1a: aqua dino\n|-resisted|p1a: aqua dino\n|-damage|p1a: aqua dino|0 fnt\n|-boost|p2a: Solar Panels|spa|1\n|faint|p1a: aqua dino\n|-end|p1a: aqua dino|Protosynthesis|[silent]\n|\n|upkeep\n|\n|t:|1699693590\n|switch|p1a: kratos|Thundurus-Therian, M|100\/100\n|turn|15\n|\n|t:|1699693593\n|move|p2a: Solar Panels|Sludge Wave|p1a: kratos\n|-damage|p1a: kratos|6\/100\n|move|p1a: kratos|Psychic|p2a: Solar Panels\n|-supereffective|p2a: Solar Panels\n|-damage|p2a: Solar Panels|23\/100\n|\n|upkeep\n|turn|16\n|\n|t:|1699693601\n|move|p2a: Solar Panels|Fiery Dance|p1a: kratos\n|-damage|p1a: kratos|0 fnt\n|faint|p1a: kratos\n|\n|upkeep\n|\n|t:|1699693624\n|switch|p1a: tres amigos|Sandy Shocks, shiny|100\/100\n|-enditem|p1a: tres amigos|Booster Energy\n|-activate|p1a: tres amigos|ability: Protosynthesis|[fromitem]\n|-start|p1a: tres amigos|protosynthesisspe\n|turn|17\n|\n|t:|1699693631\n|move|p2a: Solar Panels|Energy Ball|p1a: tres amigos\n|-supereffective|p1a: tres amigos\n|-damage|p1a: tres amigos|0 fnt\n|faint|p1a: tres amigos\n|-end|p1a: tres amigos|Protosynthesis|[silent]\n|\n|upkeep\n|-message|yugioh master 32 forfeited.\n|\n|win|Skaraptor2.1\n|raw|yugioh master 32's rating: 1301 &rarr; <strong>1285<\/strong><br \/>(-16 for losing)\n|raw|Skaraptor2.1's rating: 1377 &rarr; <strong>1393<\/strong><br \/>(+16 for winning)\n|l|\u2606yugioh master 32\n","uploadtime":1699693638,"views":19,"p1id":"yugiohmaster32","p2id":"skaraptor21","formatid":"gen9ou","rating":1285,"private":0,"password":""}