{"id":"gen9ou-1996721254","p1":"histylin","p2":"AkiDes","format":"[Gen 9] OU","log":"|j|\u2606histylin\n|j|\u2606AkiDes\n|t:|1700714380\n|gametype|singles\n|player|p1|histylin|102|1110\n|player|p2|AkiDes|cilan|1193\n|teamsize|p1|6\n|teamsize|p2|6\n|gen|9\n|tier|[Gen 9] OU\n|rated|\n|rule|Sleep Clause Mod: Limit one foe put to sleep\n|rule|Species Clause: Limit one of each Pok\u00e9mon\n|rule|OHKO Clause: OHKO moves are banned\n|rule|Evasion Items Clause: Evasion items are banned\n|rule|Evasion Moves Clause: Evasion moves are banned\n|rule|Endless Battle Clause: Forcing endless battles is banned\n|rule|HP Percentage Mod: HP is shown in percentages\n|clearpoke\n|poke|p1|Pelipper, M|\n|poke|p1|Basculegion, M|\n|poke|p1|Manaphy|\n|poke|p1|Goodra, M|\n|poke|p1|Iron Treads|\n|poke|p1|Zapdos|\n|poke|p2|Greninja-*, F|\n|poke|p2|Dragonite, M|\n|poke|p2|Cinderace, F|\n|poke|p2|Mandibuzz, F|\n|poke|p2|Jolteon, F|\n|poke|p2|Gengar, M|\n|teampreview\n|\n|t:|1700714389\n|start\n|switch|p1a: Pelipper|Pelipper, M|100\/100\n|switch|p2a: Jarcres|Jolteon, F|100\/100\n|-weather|RainDance|[from] ability: Drizzle|[of] p1a: Pelipper\n|turn|1\n|\n|t:|1700714396\n|switch|p2a: Cacahuate|Dragonite, M|100\/100\n|switch|p1a: Iron Treads|Iron Treads|100\/100\n|\n|-weather|RainDance|[upkeep]\n|upkeep\n|turn|2\n|\n|t:|1700714407\n|-end|p1a: Iron Treads|Quark Drive|[silent]\n|switch|p1a: Zapdos|Zapdos|100\/100\n|move|p2a: Cacahuate|Earthquake|p1a: Zapdos\n|-immune|p1a: Zapdos\n|\n|-weather|RainDance|[upkeep]\n|upkeep\n|turn|3\n|inactive|Battle timer is ON: inactive players will automatically lose when time's up. (requested by histylin)\n|\n|t:|1700714419\n|move|p1a: Zapdos|Thunder|p2a: Cacahuate\n|-damage|p2a: Cacahuate|75\/100\n|move|p2a: Cacahuate|Dragon Dance|p2a: Cacahuate\n|-boost|p2a: Cacahuate|atk|1\n|-boost|p2a: Cacahuate|spe|1\n|\n|-weather|RainDance|[upkeep]\n|upkeep\n|turn|4\n|\n|t:|1700714425\n|move|p2a: Cacahuate|Dragon Dance|p2a: Cacahuate\n|-boost|p2a: Cacahuate|atk|1\n|-boost|p2a: Cacahuate|spe|1\n|move|p1a: Zapdos|Thunder|p2a: Cacahuate\n|-damage|p2a: Cacahuate|29\/100\n|\n|-weather|RainDance|[upkeep]\n|upkeep\n|turn|5\n|\n|t:|1700714433\n|move|p2a: Cacahuate|Extreme Speed|p1a: Zapdos\n|-damage|p1a: Zapdos|49\/100\n|move|p1a: Zapdos|Thunder|p2a: Cacahuate\n|-damage|p2a: Cacahuate|0 fnt\n|faint|p2a: Cacahuate\n|\n|-weather|RainDance|[upkeep]\n|upkeep\n|\n|t:|1700714442\n|switch|p2a: Chispin|Greninja, F, shiny|100\/100\n|turn|6\n|\n|t:|1700714455\n|switch|p1a: Goodra|Goodra, M|100\/100\n|move|p2a: Chispin|Ice Beam|p1a: Goodra\n|-start|p2a: Chispin|typechange|Ice|[from] ability: Protean\n|-supereffective|p1a: Goodra\n|-damage|p1a: Goodra|56\/100\n|\n|-weather|RainDance|[upkeep]\n|-heal|p1a: Goodra|62\/100|[from] item: Leftovers\n|upkeep\n|turn|7\n|\n|t:|1700714468\n|switch|p2a: Festin celestial|Mandibuzz, F|100\/100\n|-terastallize|p1a: Goodra|Water\n|move|p1a: Goodra|Rest|p1a: Goodra\n|-status|p1a: Goodra|slp|[from] move: Rest\n|-heal|p1a: Goodra|100\/100 slp|[silent]\n|\n|-weather|RainDance|[upkeep]\n|-activate|p1a: Goodra|ability: Hydration\n|-curestatus|p1a: Goodra|slp|[msg]\n|upkeep\n|turn|8\n|\n|t:|1700714476\n|move|p1a: Goodra|Toxic|p2a: Festin celestial\n|-status|p2a: Festin celestial|tox\n|move|p2a: Festin celestial|Toxic|p1a: Goodra\n|-status|p1a: Goodra|tox\n|\n|-weather|none\n|-damage|p1a: Goodra|94\/100 tox|[from] psn\n|-damage|p2a: Festin celestial|94\/100 tox|[from] psn\n|upkeep\n|turn|9\n|\n|t:|1700714485\n|switch|p1a: Pelipper|Pelipper, M|100\/100\n|-weather|RainDance|[from] ability: Drizzle|[of] p1a: Pelipper\n|move|p2a: Festin celestial|Foul Play|p1a: Pelipper\n|-damage|p1a: Pelipper|82\/100\n|\n|-weather|RainDance|[upkeep]\n|-damage|p2a: Festin celestial|82\/100 tox|[from] psn\n|upkeep\n|turn|10\n|\n|t:|1700714499\n|switch|p1a: Zapdos|Zapdos|49\/100\n|move|p2a: Festin celestial|Toxic|p1a: Zapdos\n|-status|p1a: Zapdos|tox\n|\n|-weather|RainDance|[upkeep]\n|-damage|p1a: Zapdos|43\/100 tox|[from] psn\n|-damage|p2a: Festin celestial|64\/100 tox|[from] psn\n|upkeep\n|turn|11\n|\n|t:|1700714509\n|move|p1a: Zapdos|Roost|p1a: Zapdos\n|-heal|p1a: Zapdos|93\/100 tox\n|-singleturn|p1a: Zapdos|move: Roost\n|move|p2a: Festin celestial|Roost|p2a: Festin celestial\n|-heal|p2a: Festin celestial|100\/100 tox\n|-singleturn|p2a: Festin celestial|move: Roost\n|\n|-weather|RainDance|[upkeep]\n|-damage|p1a: Zapdos|81\/100 tox|[from] psn\n|-damage|p2a: Festin celestial|76\/100 tox|[from] psn\n|upkeep\n|turn|12\n|\n|t:|1700714525\n|switch|p1a: Goodra|Goodra, M, tera:Water|94\/100 tox\n|switch|p2a: Jarcres|Jolteon, F|100\/100\n|\n|-weather|RainDance|[upkeep]\n|-activate|p1a: Goodra|ability: Hydration\n|-curestatus|p1a: Goodra|tox|[msg]\n|-heal|p1a: Goodra|100\/100|[from] item: Leftovers\n|upkeep\n|turn|13\n|\n|t:|1700714535\n|switch|p1a: Iron Treads|Iron Treads|100\/100\n|move|p2a: Jarcres|Volt Switch|p1a: Iron Treads\n|-immune|p1a: Iron Treads\n|\n|-weather|RainDance|[upkeep]\n|upkeep\n|turn|14\n|\n|t:|1700714543\n|switch|p2a: Festin celestial|Mandibuzz, F|76\/100 tox\n|move|p1a: Iron Treads|Stealth Rock|p2a: Festin celestial\n|-sidestart|p2: AkiDes|move: Stealth Rock\n|\n|-weather|RainDance|[upkeep]\n|-damage|p2a: Festin celestial|70\/100 tox|[from] psn\n|upkeep\n|turn|15\n|\n|t:|1700714558\n|-end|p1a: Iron Treads|Quark Drive|[silent]\n|switch|p1a: Pelipper|Pelipper, M|82\/100\n|move|p2a: Festin celestial|Defog|p1a: Pelipper\n|-unboost|p1a: Pelipper|evasion|1\n|-sideend|p2: AkiDes|Stealth Rock|[from] move: Defog|[of] p2a: Festin celestial\n|\n|-weather|RainDance|[upkeep]\n|-damage|p2a: Festin celestial|57\/100 tox|[from] psn\n|upkeep\n|turn|16\n|\n|t:|1700714561\n|switch|p1a: Manaphy|Manaphy|100\/100\n|move|p2a: Festin celestial|Toxic|p1a: Manaphy\n|-status|p1a: Manaphy|tox\n|\n|-weather|none\n|-damage|p1a: Manaphy|94\/100 tox|[from] psn\n|-damage|p2a: Festin celestial|39\/100 tox|[from] psn\n|upkeep\n|turn|17\n|\n|t:|1700714571\n|switch|p1a: Pelipper|Pelipper, M|82\/100\n|-weather|RainDance|[from] ability: Drizzle|[of] p1a: Pelipper\n|move|p2a: Festin celestial|Roost|p2a: Festin celestial\n|-heal|p2a: Festin celestial|89\/100 tox\n|-singleturn|p2a: Festin celestial|move: Roost\n|\n|-weather|RainDance|[upkeep]\n|-damage|p2a: Festin celestial|65\/100 tox|[from] psn\n|upkeep\n|turn|18\n|\n|t:|1700714589\n|switch|p2a: Clefable? ._.|Gengar, M|100\/100\n|switch|p1a: Manaphy|Manaphy|94\/100 tox\n|\n|-weather|RainDance|[upkeep]\n|-activate|p1a: Manaphy|ability: Hydration\n|-curestatus|p1a: Manaphy|tox|[msg]\n|-heal|p1a: Manaphy|100\/100|[from] item: Leftovers\n|upkeep\n|turn|19\n|\n|t:|1700714600\n|move|p2a: Clefable? ._.|Substitute|p2a: Clefable? ._.\n|-start|p2a: Clefable? ._.|Substitute\n|-damage|p2a: Clefable? ._.|76\/100\n|move|p1a: Manaphy|Tail Glow|p1a: Manaphy\n|-boost|p1a: Manaphy|spa|3\n|\n|-weather|RainDance|[upkeep]\n|-heal|p2a: Clefable? ._.|82\/100|[from] item: Leftovers\n|upkeep\n|turn|20\n|\n|t:|1700714612\n|move|p2a: Clefable? ._.|Sludge Bomb|p1a: Manaphy\n|-damage|p1a: Manaphy|58\/100\n|move|p1a: Manaphy|Scald|p2a: Clefable? ._.\n|-end|p2a: Clefable? ._.|Substitute\n|\n|-weather|RainDance|[upkeep]\n|-heal|p2a: Clefable? ._.|88\/100|[from] item: Leftovers\n|-heal|p1a: Manaphy|64\/100|[from] item: Leftovers\n|upkeep\n|turn|21\n|\n|t:|1700714622\n|move|p2a: Clefable? ._.|Substitute|p2a: Clefable? ._.\n|-start|p2a: Clefable? ._.|Substitute\n|-damage|p2a: Clefable? ._.|63\/100\n|move|p1a: Manaphy|Scald|p2a: Clefable? ._.\n|-end|p2a: Clefable? ._.|Substitute\n|\n|-weather|RainDance|[upkeep]\n|-heal|p2a: Clefable? ._.|69\/100|[from] item: Leftovers\n|-heal|p1a: Manaphy|70\/100|[from] item: Leftovers\n|upkeep\n|turn|22\n|\n|t:|1700714633\n|move|p2a: Clefable? ._.|Substitute|p2a: Clefable? ._.\n|-start|p2a: Clefable? ._.|Substitute\n|-damage|p2a: Clefable? ._.|44\/100\n|move|p1a: Manaphy|Scald|p2a: Clefable? ._.\n|-end|p2a: Clefable? ._.|Substitute\n|\n|-weather|RainDance|[upkeep]\n|-heal|p2a: Clefable? ._.|50\/100|[from] item: Leftovers\n|-heal|p1a: Manaphy|76\/100|[from] item: Leftovers\n|upkeep\n|turn|23\n|\n|t:|1700714640\n|move|p2a: Clefable? ._.|Substitute|p2a: Clefable? ._.\n|-start|p2a: Clefable? ._.|Substitute\n|-damage|p2a: Clefable? ._.|25\/100\n|move|p1a: Manaphy|Scald|p2a: Clefable? ._.\n|-end|p2a: Clefable? ._.|Substitute\n|\n|-weather|RainDance|[upkeep]\n|-heal|p2a: Clefable? ._.|32\/100|[from] item: Leftovers\n|-heal|p1a: Manaphy|83\/100|[from] item: Leftovers\n|upkeep\n|turn|24\n|c|\u2606AkiDes|._.\n|c|\u2606histylin|die\n|\n|t:|1700714652\n|move|p2a: Clefable? ._.|Destiny Bond|p2a: Clefable? ._.\n|-singlemove|p2a: Clefable? ._.|Destiny Bond\n|move|p1a: Manaphy|Scald|p2a: Clefable? ._.\n|-damage|p2a: Clefable? ._.|0 fnt\n|faint|p2a: Clefable? ._.\n|-activate|p2a: Clefable? ._.|move: Destiny Bond\n|faint|p1a: Manaphy\n|\n|-weather|none\n|upkeep\n|\n|t:|1700714663\n|switch|p2a: Festin celestial|Mandibuzz, F|65\/100 tox\n|switch|p1a: Pelipper|Pelipper, M|82\/100\n|-weather|RainDance|[from] ability: Drizzle|[of] p1a: Pelipper\n|turn|25\n|\n|t:|1700714669\n|move|p2a: Festin celestial|Toxic|p1a: Pelipper\n|-status|p1a: Pelipper|tox\n|move|p1a: Pelipper|Surf|p2a: Festin celestial\n|-damage|p2a: Festin celestial|26\/100 tox\n|\n|-weather|RainDance|[upkeep]\n|-damage|p2a: Festin celestial|20\/100 tox|[from] psn\n|-damage|p1a: Pelipper|75\/100 tox|[from] psn\n|upkeep\n|turn|26\n|\n|t:|1700714676\n|move|p2a: Festin celestial|Roost|p2a: Festin celestial\n|-heal|p2a: Festin celestial|70\/100 tox\n|-singleturn|p2a: Festin celestial|move: Roost\n|move|p1a: Pelipper|Surf|p2a: Festin celestial\n|-damage|p2a: Festin celestial|31\/100 tox\n|\n|-weather|RainDance|[upkeep]\n|-damage|p2a: Festin celestial|19\/100 tox|[from] psn\n|-damage|p1a: Pelipper|63\/100 tox|[from] psn\n|upkeep\n|turn|27\n|\n|t:|1700714692\n|switch|p1a: Iron Treads|Iron Treads|100\/100\n|move|p2a: Festin celestial|Roost|p2a: Festin celestial\n|-heal|p2a: Festin celestial|69\/100 tox\n|-singleturn|p2a: Festin celestial|move: Roost\n|\n|-weather|RainDance|[upkeep]\n|-damage|p2a: Festin celestial|50\/100 tox|[from] psn\n|upkeep\n|turn|28\n|\n|t:|1700714708\n|switch|p2a: SIUUUU|Cinderace, F|100\/100\n|move|p1a: Iron Treads|Knock Off|p2a: SIUUUU\n|-damage|p2a: SIUUUU|63\/100\n|-enditem|p2a: SIUUUU|Assault Vest|[from] move: Knock Off|[of] p1a: Iron Treads\n|\n|-weather|RainDance|[upkeep]\n|upkeep\n|turn|29\n|\n|t:|1700714716\n|move|p2a: SIUUUU|High Jump Kick|p1a: Iron Treads\n|-start|p2a: SIUUUU|typechange|Fighting|[from] ability: Libero\n|-supereffective|p1a: Iron Treads\n|-damage|p1a: Iron Treads|0 fnt\n|faint|p1a: Iron Treads\n|-end|p1a: Iron Treads|Quark Drive|[silent]\n|\n|-weather|RainDance|[upkeep]\n|upkeep\n|\n|t:|1700714722\n|switch|p1a: Basculegion|Basculegion, M|100\/100\n|turn|30\n|\n|t:|1700714733\n|move|p2a: SIUUUU|Sucker Punch|p1a: Basculegion\n|-supereffective|p1a: Basculegion\n|-damage|p1a: Basculegion|45\/100\n|move|p1a: Basculegion|Psychic Fangs|p2a: SIUUUU\n|-supereffective|p2a: SIUUUU\n|-damage|p2a: SIUUUU|0 fnt\n|faint|p2a: SIUUUU\n|\n|-weather|RainDance|[upkeep]\n|upkeep\n|\n|t:|1700714741\n|switch|p2a: Festin celestial|Mandibuzz, F|50\/100 tox\n|turn|31\n|\n|t:|1700714749\n|switch|p1a: Goodra|Goodra, M, tera:Water|100\/100\n|move|p2a: Festin celestial|Roost|p2a: Festin celestial\n|-heal|p2a: Festin celestial|100\/100 tox\n|-singleturn|p2a: Festin celestial|move: Roost\n|\n|-weather|RainDance|[upkeep]\n|-damage|p2a: Festin celestial|94\/100 tox|[from] psn\n|upkeep\n|turn|32\n|\n|t:|1700714759\n|move|p1a: Goodra|Scald|p2a: Festin celestial\n|-damage|p2a: Festin celestial|55\/100 tox\n|move|p2a: Festin celestial|Toxic|p1a: Goodra\n|-status|p1a: Goodra|tox\n|\n|-weather|none\n|-damage|p1a: Goodra|94\/100 tox|[from] psn\n|-damage|p2a: Festin celestial|42\/100 tox|[from] psn\n|upkeep\n|turn|33\n|\n|t:|1700714769\n|move|p1a: Goodra|Scald|p2a: Festin celestial\n|-damage|p2a: Festin celestial|15\/100 tox\n|move|p2a: Festin celestial|Roost|p2a: Festin celestial\n|-heal|p2a: Festin celestial|65\/100 tox\n|-singleturn|p2a: Festin celestial|move: Roost\n|\n|-heal|p1a: Goodra|100\/100 tox|[from] item: Leftovers\n|-damage|p1a: Goodra|88\/100 tox|[from] psn\n|-damage|p2a: Festin celestial|46\/100 tox|[from] psn\n|upkeep\n|turn|34\n|\n|t:|1700714776\n|switch|p1a: Pelipper|Pelipper, M|63\/100 tox\n|-weather|RainDance|[from] ability: Drizzle|[of] p1a: Pelipper\n|move|p2a: Festin celestial|Roost|p2a: Festin celestial\n|-heal|p2a: Festin celestial|96\/100 tox\n|-singleturn|p2a: Festin celestial|move: Roost\n|\n|-weather|RainDance|[upkeep]\n|-damage|p2a: Festin celestial|72\/100 tox|[from] psn\n|-damage|p1a: Pelipper|57\/100 tox|[from] psn\n|upkeep\n|turn|35\n|\n|t:|1700714784\n|switch|p2a: Chispin|Greninja, F, shiny|100\/100\n|move|p1a: Pelipper|Roost|p1a: Pelipper\n|-heal|p1a: Pelipper|100\/100 tox\n|-singleturn|p1a: Pelipper|move: Roost\n|\n|-weather|RainDance|[upkeep]\n|-damage|p1a: Pelipper|88\/100 tox|[from] psn\n|upkeep\n|turn|36\n|\n|t:|1700714794\n|switch|p1a: Goodra|Goodra, M, tera:Water|88\/100 tox\n|move|p2a: Chispin|Ice Beam|p1a: Goodra\n|-start|p2a: Chispin|typechange|Ice|[from] ability: Protean\n|-resisted|p1a: Goodra\n|-damage|p1a: Goodra|78\/100 tox\n|\n|-weather|RainDance|[upkeep]\n|-activate|p1a: Goodra|ability: Hydration\n|-curestatus|p1a: Goodra|tox|[msg]\n|-heal|p1a: Goodra|84\/100|[from] item: Leftovers\n|upkeep\n|turn|37\n|\n|t:|1700714814\n|switch|p2a: Festin celestial|Mandibuzz, F|72\/100 tox\n|move|p1a: Goodra|Scald|p2a: Festin celestial\n|-damage|p2a: Festin celestial|34\/100 tox\n|\n|-weather|RainDance|[upkeep]\n|-heal|p1a: Goodra|90\/100|[from] item: Leftovers\n|-damage|p2a: Festin celestial|28\/100 tox|[from] psn\n|upkeep\n|turn|38\n|\n|t:|1700714822\n|move|p1a: Goodra|Scald|p2a: Festin celestial\n|-damage|p2a: Festin celestial|0 fnt\n|faint|p2a: Festin celestial\n|\n|-weather|RainDance|[upkeep]\n|-heal|p1a: Goodra|96\/100|[from] item: Leftovers\n|upkeep\n|\n|t:|1700714825\n|switch|p2a: Chispin|Greninja, F, shiny|100\/100\n|turn|39\n|\n|t:|1700714831\n|move|p2a: Chispin|Grass Knot|p1a: Goodra\n|-start|p2a: Chispin|typechange|Grass|[from] ability: Protean\n|-supereffective|p1a: Goodra\n|-damage|p1a: Goodra|49\/100\n|move|p1a: Goodra|Toxic|p2a: Chispin\n|-status|p2a: Chispin|tox\n|\n|-weather|RainDance|[upkeep]\n|-heal|p1a: Goodra|55\/100|[from] item: Leftovers\n|-damage|p2a: Chispin|95\/100 tox|[from] psn\n|upkeep\n|turn|40\n|\n|t:|1700714842\n|move|p2a: Chispin|Grass Knot|p1a: Goodra\n|-supereffective|p1a: Goodra\n|-damage|p1a: Goodra|6\/100\n|move|p1a: Goodra|Rest|p1a: Goodra\n|-status|p1a: Goodra|slp|[from] move: Rest\n|-heal|p1a: Goodra|100\/100 slp|[silent]\n|\n|-weather|RainDance|[upkeep]\n|-activate|p1a: Goodra|ability: Hydration\n|-curestatus|p1a: Goodra|slp|[msg]\n|-damage|p2a: Chispin|83\/100 tox|[from] psn\n|upkeep\n|turn|41\n|\n|t:|1700714859\n|switch|p1a: Zapdos|Zapdos|81\/100 tox\n|move|p2a: Chispin|Grass Knot|p1a: Zapdos\n|-resisted|p1a: Zapdos\n|-damage|p1a: Zapdos|64\/100 tox\n|\n|-weather|none\n|-damage|p2a: Chispin|65\/100 tox|[from] psn\n|-damage|p1a: Zapdos|58\/100 tox|[from] psn\n|upkeep\n|turn|42\n|\n|t:|1700714875\n|switch|p2a: Jarcres|Jolteon, F|100\/100\n|switch|p1a: Pelipper|Pelipper, M|88\/100 tox\n|-weather|RainDance|[from] ability: Drizzle|[of] p1a: Pelipper\n|\n|-weather|RainDance|[upkeep]\n|-damage|p1a: Pelipper|82\/100 tox|[from] psn\n|upkeep\n|turn|43\n|\n|t:|1700714900\n|switch|p1a: Goodra|Goodra, M, tera:Water|100\/100\n|move|p2a: Jarcres|Volt Switch|p1a: Goodra\n|-supereffective|p1a: Goodra\n|-damage|p1a: Goodra|47\/100\n|\n|t:|1700714905\n|switch|p2a: Chispin|Greninja, F, shiny|65\/100 tox|[from] Volt Switch\n|\n|-weather|RainDance|[upkeep]\n|-heal|p1a: Goodra|53\/100|[from] item: Leftovers\n|-damage|p2a: Chispin|59\/100 tox|[from] psn\n|upkeep\n|turn|44\n|\n|t:|1700714910\n|move|p2a: Chispin|Grass Knot|p1a: Goodra\n|-start|p2a: Chispin|typechange|Grass|[from] ability: Protean\n|-supereffective|p1a: Goodra\n|-damage|p1a: Goodra|3\/100\n|move|p1a: Goodra|Rest|p1a: Goodra\n|-status|p1a: Goodra|slp|[from] move: Rest\n|-heal|p1a: Goodra|100\/100 slp|[silent]\n|\n|-weather|RainDance|[upkeep]\n|-activate|p1a: Goodra|ability: Hydration\n|-curestatus|p1a: Goodra|slp|[msg]\n|-damage|p2a: Chispin|47\/100 tox|[from] psn\n|upkeep\n|turn|45\n|inactive|AkiDes has 120 seconds left.\n|\n|t:|1700714944\n|move|p2a: Chispin|Grass Knot|p1a: Goodra\n|-supereffective|p1a: Goodra\n|-damage|p1a: Goodra|50\/100\n|move|p1a: Goodra|Toxic|p2a: Chispin\n|-fail|p2a: Chispin|tox\n|\n|-weather|RainDance|[upkeep]\n|-heal|p1a: Goodra|56\/100|[from] item: Leftovers\n|-damage|p2a: Chispin|29\/100 tox|[from] psn\n|upkeep\n|turn|46\n|\n|t:|1700714949\n|move|p2a: Chispin|Grass Knot|p1a: Goodra\n|-supereffective|p1a: Goodra\n|-damage|p1a: Goodra|9\/100\n|move|p1a: Goodra|Rest|p1a: Goodra\n|-status|p1a: Goodra|slp|[from] move: Rest\n|-heal|p1a: Goodra|100\/100 slp|[silent]\n|\n|-weather|RainDance|[upkeep]\n|-activate|p1a: Goodra|ability: Hydration\n|-curestatus|p1a: Goodra|slp|[msg]\n|-damage|p2a: Chispin|5\/100 tox|[from] psn\n|upkeep\n|turn|47\n|\n|t:|1700714974\n|move|p2a: Chispin|Grass Knot|p1a: Goodra\n|-supereffective|p1a: Goodra\n|-damage|p1a: Goodra|50\/100\n|move|p1a: Goodra|Rest|p1a: Goodra\n|-status|p1a: Goodra|slp|[from] move: Rest\n|-heal|p1a: Goodra|100\/100 slp|[silent]\n|\n|-weather|RainDance|[upkeep]\n|-activate|p1a: Goodra|ability: Hydration\n|-curestatus|p1a: Goodra|slp|[msg]\n|-damage|p2a: Chispin|0 fnt|[from] psn\n|faint|p2a: Chispin\n|upkeep\n|\n|t:|1700714982\n|switch|p2a: Jarcres|Jolteon, F|100\/100\n|turn|48\n|\n|t:|1700714989\n|move|p2a: Jarcres|Thunderbolt|p1a: Goodra\n|-supereffective|p1a: Goodra\n|-damage|p1a: Goodra|39\/100\n|move|p1a: Goodra|Toxic|p2a: Jarcres\n|-status|p2a: Jarcres|tox\n|\n|-weather|RainDance|[upkeep]\n|-heal|p1a: Goodra|45\/100|[from] item: Leftovers\n|-damage|p2a: Jarcres|95\/100 tox|[from] psn\n|upkeep\n|turn|49\n|\n|t:|1700715001\n|switch|p1a: Pelipper|Pelipper, M|82\/100 tox\n|move|p2a: Jarcres|Thunderbolt|p1a: Pelipper\n|-supereffective|p1a: Pelipper\n|-damage|p1a: Pelipper|0 fnt\n|faint|p1a: Pelipper\n|\n|-weather|none\n|-damage|p2a: Jarcres|83\/100 tox|[from] psn\n|upkeep\n|\n|t:|1700715008\n|switch|p1a: Zapdos|Zapdos|58\/100 tox\n|turn|50\n|\n|t:|1700715014\n|move|p2a: Jarcres|Thunderbolt|p1a: Zapdos\n|-damage|p1a: Zapdos|0 fnt\n|faint|p1a: Zapdos\n|\n|-damage|p2a: Jarcres|65\/100 tox|[from] psn\n|upkeep\n|\n|t:|1700715020\n|switch|p1a: Basculegion|Basculegion, M|45\/100\n|turn|51\n|\n|t:|1700715024\n|move|p2a: Jarcres|Thunderbolt|p1a: Basculegion\n|-supereffective|p1a: Basculegion\n|-damage|p1a: Basculegion|0 fnt\n|faint|p1a: Basculegion\n|\n|-damage|p2a: Jarcres|41\/100 tox|[from] psn\n|upkeep\n|\n|t:|1700715026\n|switch|p1a: Goodra|Goodra, M, tera:Water|45\/100\n|turn|52\n|\n|t:|1700715039\n|move|p2a: Jarcres|Thunderbolt|p1a: Goodra\n|-supereffective|p1a: Goodra\n|-damage|p1a: Goodra|0 fnt\n|faint|p1a: Goodra\n|\n|win|AkiDes\n|raw|histylin's rating: 1110 &rarr; <strong>1091<\/strong><br \/>(-19 for losing)\n|raw|AkiDes's rating: 1193 &rarr; <strong>1212<\/strong><br \/>(+19 for winning)\n","uploadtime":1700715042,"views":14,"p1id":"histylin","p2id":"akides","formatid":"gen9ou","rating":1091,"private":0,"password":""}