{"id":"gen9ou-1994493631","p1":"bo552","p2":"Davarv","format":"[Gen 9] OU","log":"|j|\u2606bo552\n|j|\u2606Davarv\n|t:|1700450431\n|gametype|singles\n|player|p1|bo552|artist-gen4|1346\n|player|p2|Davarv|giovanni|1291\n|teamsize|p1|6\n|teamsize|p2|6\n|gen|9\n|tier|[Gen 9] OU\n|rated|\n|rule|Sleep Clause Mod: Limit one foe put to sleep\n|rule|Species Clause: Limit one of each Pok\u00e9mon\n|rule|OHKO Clause: OHKO moves are banned\n|rule|Evasion Items Clause: Evasion items are banned\n|rule|Evasion Moves Clause: Evasion moves are banned\n|rule|Endless Battle Clause: Forcing endless battles is banned\n|rule|HP Percentage Mod: HP is shown in percentages\n|clearpoke\n|poke|p1|Rillaboom, F|\n|poke|p1|Hawlucha, M|\n|poke|p1|Heatran, F|\n|poke|p1|Corviknight, M|\n|poke|p1|Enamorus, F|\n|poke|p1|Ogerpon-Wellspring, F|\n|poke|p2|Gengar, F|\n|poke|p2|Iron Valiant|\n|poke|p2|Landorus-Therian, M|\n|poke|p2|Heatran, M|\n|poke|p2|Walking Wake|\n|poke|p2|Kleavor, F|\n|teampreview\n|\n|t:|1700450446\n|start\n|switch|p1a: Iustinus|Ogerpon-Wellspring, F|100\/100\n|switch|p2a: Landorus|Landorus-Therian, M|100\/100\n|-ability|p2a: Landorus|Intimidate|boost\n|-unboost|p1a: Iustinus|atk|1\n|turn|1\n|\n|t:|1700450471\n|move|p1a: Iustinus|Swords Dance|p1a: Iustinus\n|-boost|p1a: Iustinus|atk|2\n|move|p2a: Landorus|Stealth Rock|p1a: Iustinus\n|-sidestart|p1: bo552|move: Stealth Rock\n|\n|upkeep\n|turn|2\n|inactive|Battle timer is ON: inactive players will automatically lose when time's up. (requested by Davarv)\n|\n|t:|1700450515\n|move|p1a: Iustinus|Ivy Cudgel|p2a: Landorus|[anim] Ivy Cudgel Water\n|-supereffective|p2a: Landorus\n|-damage|p2a: Landorus|0 fnt\n|faint|p2a: Landorus\n|\n|upkeep\n|\n|t:|1700450525\n|switch|p2a: Gengar|Gengar, F, shiny|100\/100\n|turn|3\n|\n|t:|1700450534\n|-terastallize|p1a: Iustinus|Water\n|detailschange|p1a: Iustinus|Ogerpon-Wellspring-Tera, F, tera:Water\n|-ability|p1a: Iustinus|Embody Aspect (Wellspring)|boost\n|-boost|p1a: Iustinus|spd|1\n|move|p2a: Gengar|Sludge Bomb|p1a: Iustinus\n|-damage|p1a: Iustinus|65\/100\n|move|p1a: Iustinus|Ivy Cudgel|p2a: Gengar|[anim] Ivy Cudgel Water\n|-damage|p2a: Gengar|0 fnt\n|faint|p2a: Gengar\n|\n|upkeep\n|\n|t:|1700450554\n|switch|p2a: Walking Wake|Walking Wake|100\/100\n|turn|4\n|\n|t:|1700450561\n|move|p1a: Iustinus|Horn Leech|p2a: Walking Wake\n|-damage|p2a: Walking Wake|28\/100\n|-heal|p1a: Iustinus|100\/100|[from] drain|[of] p2a: Walking Wake\n|move|p2a: Walking Wake|Dragon Pulse|p1a: Iustinus\n|-damage|p1a: Iustinus|52\/100\n|\n|upkeep\n|turn|5\n|\n|t:|1700450569\n|-terastallize|p2a: Walking Wake|Steel\n|move|p1a: Iustinus|Horn Leech|p2a: Walking Wake\n|-resisted|p2a: Walking Wake\n|-damage|p2a: Walking Wake|0 fnt\n|-heal|p1a: Iustinus|68\/100|[from] drain|[of] p2a: Walking Wake\n|faint|p2a: Walking Wake\n|-end|p2a: Walking Wake|Protosynthesis|[silent]\n|\n|upkeep\n|\n|t:|1700450574\n|switch|p2a: Iron Valiant|Iron Valiant|100\/100\n|-enditem|p2a: Iron Valiant|Booster Energy\n|-activate|p2a: Iron Valiant|ability: Quark Drive|[fromitem]\n|-start|p2a: Iron Valiant|quarkdrivespe\n|turn|6\n|\n|t:|1700450580\n|move|p2a: Iron Valiant|Moonblast|p1a: Iustinus\n|-damage|p1a: Iustinus|28\/100\n|-unboost|p1a: Iustinus|spa|1\n|move|p1a: Iustinus|Ivy Cudgel|p2a: Iron Valiant|[anim] Ivy Cudgel Water\n|-damage|p2a: Iron Valiant|0 fnt\n|faint|p2a: Iron Valiant\n|-end|p2a: Iron Valiant|Quark Drive|[silent]\n|\n|upkeep\n|\n|t:|1700450584\n|switch|p2a: Kleavor|Kleavor, F, shiny|100\/100\n|turn|7\n|\n|t:|1700450590\n|move|p1a: Iustinus|Ivy Cudgel|p2a: Kleavor|[anim] Ivy Cudgel Water\n|-supereffective|p2a: Kleavor\n|-crit|p2a: Kleavor\n|-damage|p2a: Kleavor|0 fnt\n|faint|p2a: Kleavor\n|\n|upkeep\n|\n|t:|1700450592\n|switch|p2a: Heatran|Heatran, M, shiny|100\/100\n|-item|p2a: Heatran|Air Balloon\n|turn|8\n|\n|t:|1700450597\n|move|p1a: Iustinus|Ivy Cudgel|p2a: Heatran|[anim] Ivy Cudgel Water\n|-supereffective|p2a: Heatran\n|-damage|p2a: Heatran|0 fnt\n|-enditem|p2a: Heatran|Air Balloon\n|faint|p2a: Heatran\n|\n|win|bo552\n|raw|bo552's rating: 1346 &rarr; <strong>1363<\/strong><br \/>(+17 for winning)\n|raw|Davarv's rating: 1291 &rarr; <strong>1270<\/strong><br \/>(-21 for losing)\n|l|\u2606Davarv\n","uploadtime":1700450603,"views":12,"p1id":"bo552","p2id":"davarv","formatid":"gen9ou","rating":1270,"private":0,"password":""}