{"id":"gen9ou-1990280357","p1":"Destroyer_Nova","p2":"RSDPM","format":"[Gen 9] OU","log":"|j|\u203dDestroyer_Nova\n|j|\u2606RSDPM\n|t:|1699949912\n|gametype|singles\n|player|p1|Destroyer_Nova|unknown|1128\n|player|p2|RSDPM|riley|1231\n|teamsize|p1|6\n|teamsize|p2|6\n|gen|9\n|tier|[Gen 9] OU\n|rated|\n|rule|Sleep Clause Mod: Limit one foe put to sleep\n|rule|Species Clause: Limit one of each Pok\u00e9mon\n|rule|OHKO Clause: OHKO moves are banned\n|rule|Evasion Items Clause: Evasion items are banned\n|rule|Evasion Moves Clause: Evasion moves are banned\n|rule|Endless Battle Clause: Forcing endless battles is banned\n|rule|HP Percentage Mod: HP is shown in percentages\n|clearpoke\n|poke|p1|Alomomola, M|\n|poke|p1|Dondozo, F|\n|poke|p1|Ting-Lu|\n|poke|p1|Blissey, F|\n|poke|p1|Clefable, F|\n|poke|p1|Goodra-Hisui, M|\n|poke|p2|Wyrdeer, M|\n|poke|p2|Kleavor, F|\n|poke|p2|Ursaluna, F|\n|poke|p2|Basculegion-F, F|\n|poke|p2|Sneasler, F|\n|poke|p2|Overqwil, M|\n|teampreview\n|\n|t:|1699949925\n|start\n|switch|p1a: Dondozo|Dondozo, F|100\/100\n|switch|p2a: Ursaluna|Ursaluna, F|100\/100\n|turn|1\n|\n|t:|1699949934\n|move|p2a: Ursaluna|Earthquake|p1a: Dondozo\n|-damage|p1a: Dondozo|71\/100\n|move|p1a: Dondozo|Waterfall|p2a: Ursaluna\n|-supereffective|p2a: Ursaluna\n|-damage|p2a: Ursaluna|60\/100\n|\n|-heal|p1a: Dondozo|77\/100|[from] item: Leftovers\n|-status|p2a: Ursaluna|brn|[from] item: Flame Orb\n|upkeep\n|turn|2\n|\n|t:|1699949946\n|move|p2a: Ursaluna|Facade|p1a: Dondozo\n|-damage|p1a: Dondozo|21\/100\n|move|p1a: Dondozo|Waterfall|p2a: Ursaluna\n|-supereffective|p2a: Ursaluna\n|-damage|p2a: Ursaluna|19\/100 brn\n|\n|-heal|p1a: Dondozo|27\/100|[from] item: Leftovers\n|-damage|p2a: Ursaluna|13\/100 brn|[from] brn\n|upkeep\n|turn|3\n|\n|t:|1699949958\n|switch|p1a: Ting-Lu|Ting-Lu|100\/100\n|-ability|p1a: Ting-Lu|Vessel of Ruin\n|move|p2a: Ursaluna|Facade|p1a: Ting-Lu\n|-damage|p1a: Ting-Lu|52\/100\n|\n|-heal|p1a: Ting-Lu|59\/100|[from] item: Leftovers\n|-damage|p2a: Ursaluna|7\/100 brn|[from] brn\n|upkeep\n|turn|4\n|\n|t:|1699949980\n|move|p2a: Ursaluna|Drain Punch|p1a: Ting-Lu\n|-supereffective|p1a: Ting-Lu\n|-damage|p1a: Ting-Lu|22\/100\n|-heal|p2a: Ursaluna|27\/100 brn|[from] drain|[of] p1a: Ting-Lu\n|move|p1a: Ting-Lu|Body Press|p2a: Ursaluna\n|-supereffective|p2a: Ursaluna\n|-damage|p2a: Ursaluna|0 fnt\n|faint|p2a: Ursaluna\n|\n|-heal|p1a: Ting-Lu|29\/100|[from] item: Leftovers\n|upkeep\n|\n|t:|1699949990\n|switch|p2a: Kleavor|Kleavor, F|100\/100\n|turn|5\n|\n|t:|1699950002\n|switch|p1a: Alomomola|Alomomola, M|100\/100\n|move|p2a: Kleavor|X-Scissor|p1a: Alomomola\n|-damage|p1a: Alomomola|66\/100\n|\n|upkeep\n|turn|6\n|\n|t:|1699950010\n|switch|p2a: Overqwil|Overqwil, M|100\/100\n|-ability|p2a: Overqwil|Intimidate|boost\n|-unboost|p1a: Alomomola|atk|1\n|move|p1a: Alomomola|Wish|p1a: Alomomola\n|\n|upkeep\n|turn|7\n|\n|t:|1699950017\n|move|p2a: Overqwil|Spikes|p1a: Alomomola\n|-sidestart|p1: Destroyer_Nova|Spikes\n|move|p1a: Alomomola|Flip Turn|p2a: Overqwil\n|-damage|p2a: Overqwil|92\/100\n|\n|t:|1699950025\n|switch|p1a: Ting-Lu|Ting-Lu|29\/100|[from] Flip Turn\n|-damage|p1a: Ting-Lu|16\/100|[from] Spikes\n|-ability|p1a: Ting-Lu|Vessel of Ruin\n|\n|-heal|p1a: Ting-Lu|68\/100|[from] move: Wish|[wisher] Alomomola\n|-heal|p2a: Overqwil|99\/100|[from] item: Black Sludge\n|-heal|p1a: Ting-Lu|74\/100|[from] item: Leftovers\n|upkeep\n|turn|8\n|\n|t:|1699950030\n|move|p2a: Overqwil|Toxic|p1a: Ting-Lu\n|-status|p1a: Ting-Lu|tox\n|move|p1a: Ting-Lu|Stealth Rock|p2a: Overqwil\n|-sidestart|p2: RSDPM|move: Stealth Rock\n|\n|-heal|p2a: Overqwil|100\/100|[from] item: Black Sludge\n|-heal|p1a: Ting-Lu|81\/100 tox|[from] item: Leftovers\n|-damage|p1a: Ting-Lu|74\/100 tox|[from] psn\n|upkeep\n|turn|9\n|\n|t:|1699950038\n|move|p2a: Overqwil|Spikes|p1a: Ting-Lu\n|-sidestart|p1: Destroyer_Nova|Spikes\n|move|p1a: Ting-Lu|Ruination|p2a: Overqwil\n|-damage|p2a: Overqwil|50\/100\n|\n|-heal|p2a: Overqwil|57\/100|[from] item: Black Sludge\n|-heal|p1a: Ting-Lu|81\/100 tox|[from] item: Leftovers\n|-damage|p1a: Ting-Lu|68\/100 tox|[from] psn\n|upkeep\n|turn|10\n|\n|t:|1699950048\n|switch|p1a: Alomomola|Alomomola, M|66\/100\n|move|p2a: Overqwil|Protect||[still]\n|-fail|p2a: Overqwil\n|\n|-heal|p2a: Overqwil|63\/100|[from] item: Black Sludge\n|upkeep\n|turn|11\n|\n|t:|1699950057\n|move|p2a: Overqwil|Spikes|p1a: Alomomola\n|-sidestart|p1: Destroyer_Nova|Spikes\n|move|p1a: Alomomola|Wish|p1a: Alomomola\n|\n|-heal|p2a: Overqwil|69\/100|[from] item: Black Sludge\n|upkeep\n|turn|12\n|\n|t:|1699950064\n|move|p2a: Overqwil|Barb Barrage|p1a: Alomomola\n|-damage|p1a: Alomomola|54\/100\n|move|p1a: Alomomola|Scald|p2a: Overqwil\n|-crit|p2a: Overqwil\n|-damage|p2a: Overqwil|43\/100\n|-status|p2a: Overqwil|brn\n|\n|-heal|p1a: Alomomola|100\/100|[from] move: Wish|[wisher] Alomomola\n|-heal|p2a: Overqwil|49\/100 brn|[from] item: Black Sludge\n|-damage|p2a: Overqwil|43\/100 brn|[from] brn\n|upkeep\n|turn|13\n|\n|t:|1699950072\n|move|p2a: Overqwil|Toxic|p1a: Alomomola\n|-status|p1a: Alomomola|tox\n|move|p1a: Alomomola|Flip Turn|p2a: Overqwil\n|-damage|p2a: Overqwil|32\/100 brn\n|\n|t:|1699950077\n|switch|p1a: Ting-Lu|Ting-Lu|68\/100 tox|[from] Flip Turn\n|-damage|p1a: Ting-Lu|43\/100 tox|[from] Spikes\n|-ability|p1a: Ting-Lu|Vessel of Ruin\n|\n|-heal|p2a: Overqwil|38\/100 brn|[from] item: Black Sludge\n|-heal|p1a: Ting-Lu|50\/100 tox|[from] item: Leftovers\n|-damage|p1a: Ting-Lu|43\/100 tox|[from] psn\n|-damage|p2a: Overqwil|32\/100 brn|[from] brn\n|upkeep\n|turn|14\n|\n|t:|1699950089\n|move|p2a: Overqwil|Barb Barrage|p1a: Ting-Lu\n|-resisted|p1a: Ting-Lu\n|-damage|p1a: Ting-Lu|39\/100 tox\n|move|p1a: Ting-Lu|Body Press|p2a: Overqwil\n|-damage|p2a: Overqwil|12\/100 brn\n|\n|-heal|p2a: Overqwil|18\/100 brn|[from] item: Black Sludge\n|-heal|p1a: Ting-Lu|45\/100 tox|[from] item: Leftovers\n|-damage|p1a: Ting-Lu|32\/100 tox|[from] psn\n|-damage|p2a: Overqwil|12\/100 brn|[from] brn\n|upkeep\n|turn|15\n|\n|t:|1699950096\n|move|p2a: Overqwil|Barb Barrage|p1a: Ting-Lu\n|-resisted|p1a: Ting-Lu\n|-damage|p1a: Ting-Lu|28\/100 tox\n|move|p1a: Ting-Lu|Body Press|p2a: Overqwil\n|-damage|p2a: Overqwil|0 fnt\n|faint|p2a: Overqwil\n|\n|-heal|p1a: Ting-Lu|34\/100 tox|[from] item: Leftovers\n|-damage|p1a: Ting-Lu|15\/100 tox|[from] psn\n|upkeep\n|\n|t:|1699950116\n|switch|p2a: Kleavor|Kleavor, F|100\/100\n|-damage|p2a: Kleavor|76\/100|[from] Stealth Rock\n|turn|16\n|\n|t:|1699950138\n|move|p2a: Kleavor|Stone Axe|p1a: Ting-Lu\n|-resisted|p1a: Ting-Lu\n|-damage|p1a: Ting-Lu|4\/100 tox\n|-sidestart|p1: Destroyer_Nova|move: Stealth Rock\n|move|p1a: Ting-Lu|Rest|p1a: Ting-Lu\n|-status|p1a: Ting-Lu|slp|[from] move: Rest\n|-heal|p1a: Ting-Lu|100\/100 slp|[silent]\n|\n|upkeep\n|turn|17\n|\n|t:|1699950151\n|switch|p2a: Wyrdeer|Wyrdeer, M|100\/100\n|-damage|p2a: Wyrdeer|88\/100|[from] Stealth Rock\n|switch|p1a: Alomomola|Alomomola, M|100\/100 tox\n|\n|-damage|p1a: Alomomola|94\/100 tox|[from] psn\n|upkeep\n|turn|18\n|\n|t:|1699950156\n|move|p2a: Wyrdeer|Calm Mind|p2a: Wyrdeer\n|-boost|p2a: Wyrdeer|spa|1\n|-boost|p2a: Wyrdeer|spd|1\n|move|p1a: Alomomola|Wish|p1a: Alomomola\n|\n|-damage|p1a: Alomomola|82\/100 tox|[from] psn\n|upkeep\n|turn|19\n|\n|t:|1699950162\n|move|p2a: Wyrdeer|Calm Mind|p2a: Wyrdeer\n|-boost|p2a: Wyrdeer|spa|1\n|-boost|p2a: Wyrdeer|spd|1\n|move|p1a: Alomomola|Flip Turn|p2a: Wyrdeer\n|-damage|p2a: Wyrdeer|65\/100\n|\n|t:|1699950174\n|switch|p1a: Clefable|Clefable, F|100\/100|[from] Flip Turn\n|-damage|p1a: Clefable|76\/100|[from] Spikes\n|-damage|p1a: Clefable|63\/100|[from] Stealth Rock\n|\n|-heal|p1a: Clefable|100\/100|[from] move: Wish|[wisher] Alomomola\n|upkeep\n|turn|20\n|\n|t:|1699950186\n|move|p2a: Wyrdeer|Agility|p2a: Wyrdeer\n|-boost|p2a: Wyrdeer|spe|2\n|move|p1a: Clefable|Wish|p1a: Clefable\n|\n|upkeep\n|turn|21\n|\n|t:|1699950193\n|move|p2a: Wyrdeer|Stored Power|p1a: Clefable\n|-damage|p1a: Clefable|51\/100\n|move|p1a: Clefable|Knock Off|p2a: Wyrdeer\n|-supereffective|p2a: Wyrdeer\n|-damage|p2a: Wyrdeer|27\/100\n|-enditem|p2a: Wyrdeer|Weakness Policy\n|-boost|p2a: Wyrdeer|atk|2|[from] item: Weakness Policy\n|-boost|p2a: Wyrdeer|spa|2|[from] item: Weakness Policy\n|\n|-heal|p1a: Clefable|100\/100|[from] move: Wish|[wisher] Clefable\n|upkeep\n|turn|22\n|\n|t:|1699950204\n|move|p2a: Wyrdeer|Stored Power|p1a: Clefable\n|-damage|p1a: Clefable|32\/100\n|move|p1a: Clefable|Knock Off|p2a: Wyrdeer\n|-supereffective|p2a: Wyrdeer\n|-damage|p2a: Wyrdeer|3\/100\n|\n|-heal|p1a: Clefable|38\/100|[from] item: Leftovers\n|upkeep\n|turn|23\n|\n|t:|1699950210\n|move|p2a: Wyrdeer|Stored Power|p1a: Clefable\n|-damage|p1a: Clefable|0 fnt\n|faint|p1a: Clefable\n|\n|upkeep\n|\n|t:|1699950214\n|switch|p1a: Blissey|Blissey, F|100\/100\n|turn|24\n|\n|t:|1699950237\n|move|p2a: Wyrdeer|Stored Power|p1a: Blissey\n|-damage|p1a: Blissey|14\/100\n|move|p1a: Blissey|Seismic Toss|p2a: Wyrdeer\n|-damage|p2a: Wyrdeer|0 fnt\n|faint|p2a: Wyrdeer\n|\n|upkeep\n|\n|t:|1699950251\n|switch|p2a: Sneasler|Sneasler, F|100\/100\n|-damage|p2a: Sneasler|95\/100|[from] Stealth Rock\n|turn|25\n|\n|t:|1699950261\n|move|p2a: Sneasler|Dire Claw|p1a: Blissey\n|-damage|p1a: Blissey|0 fnt\n|faint|p1a: Blissey\n|\n|upkeep\n|\n|t:|1699950274\n|switch|p1a: Ting-Lu|Ting-Lu|100\/100 slp\n|-damage|p1a: Ting-Lu|76\/100 slp|[from] Spikes\n|-damage|p1a: Ting-Lu|69\/100 slp|[from] Stealth Rock\n|-ability|p1a: Ting-Lu|Vessel of Ruin\n|turn|26\n|-message|Destroyer_Nova forfeited.\n|\n|win|RSDPM\n|raw|Destroyer_Nova's rating: 1128 &rarr; <strong>1110<\/strong><br \/>(-18 for losing)\n|raw|RSDPM's rating: 1231 &rarr; <strong>1249<\/strong><br \/>(+18 for winning)\n|l|\u203dDestroyer_Nova\n","uploadtime":1699950308,"views":15,"p1id":"destroyernova","p2id":"rsdpm","formatid":"gen9ou","rating":1110,"private":0,"password":""}