{"id":"gen9ou-1988237932","p1":"shioreon","p2":"SilphGambleR","format":"[Gen 9] OU","log":"|j|\u2606shioreon\n|j|\u2606SilphGambleR\n|t:|1699691721\n|gametype|singles\n|player|p1|shioreon|anabel|1601\n|player|p2|SilphGambleR|lady-gen4|1685\n|teamsize|p1|6\n|teamsize|p2|6\n|gen|9\n|tier|[Gen 9] OU\n|rated|\n|rule|Sleep Clause Mod: Limit one foe put to sleep\n|rule|Species Clause: Limit one of each Pok\u00e9mon\n|rule|OHKO Clause: OHKO moves are banned\n|rule|Evasion Items Clause: Evasion items are banned\n|rule|Evasion Moves Clause: Evasion moves are banned\n|rule|Endless Battle Clause: Forcing endless battles is banned\n|rule|HP Percentage Mod: HP is shown in percentages\n|clearpoke\n|poke|p1|Volcanion|\n|poke|p1|Great Tusk|\n|poke|p1|Heatran, F|\n|poke|p1|Zapdos|\n|poke|p1|Dragapult, F|\n|poke|p1|Garganacl, F|\n|poke|p2|Azumarill, F|\n|poke|p2|Zapdos|\n|poke|p2|Slowking-Galar, F|\n|poke|p2|Gliscor, M|\n|poke|p2|Greninja-*, M|\n|poke|p2|Great Tusk|\n|teampreview\n|\n|t:|1699691733\n|start\n|switch|p1a: Greg|Volcanion|100\/100\n|switch|p2a: Greninja|Greninja, M|100\/100\n|turn|1\n|\n|t:|1699691762\n|-terastallize|p1a: Greg|Fairy\n|move|p2a: Greninja|U-turn|p1a: Greg\n|-start|p2a: Greninja|typechange|Bug|[from] ability: Protean\n|-resisted|p1a: Greg\n|-damage|p1a: Greg|91\/100\n|\n|t:|1699691783\n|switch|p2a: Azumarill|Azumarill, F|100\/100|[from] U-turn\n|move|p1a: Greg|Tera Blast|p2a: Azumarill|[anim] Tera Blast Fairy\n|-damage|p2a: Azumarill|75\/100\n|\n|upkeep\n|turn|2\n|\n|t:|1699691799\n|switch|p1a: Hillary|Zapdos|100\/100\n|-terastallize|p2a: Azumarill|Poison\n|move|p2a: Azumarill|Tera Blast|p1a: Hillary|[anim] Tera Blast Poison\n|-damage|p1a: Hillary|55\/100\n|\n|upkeep\n|turn|3\n|\n|t:|1699691820\n|move|p1a: Hillary|U-turn|p2a: Azumarill\n|-resisted|p2a: Azumarill\n|-damage|p2a: Azumarill|68\/100\n|\n|t:|1699691828\n|switch|p1a: Lancelot|Great Tusk|100\/100|[from] U-turn\n|move|p2a: Azumarill|Liquidation|p1a: Lancelot\n|-supereffective|p1a: Lancelot\n|-damage|p1a: Lancelot|44\/100\n|-unboost|p1a: Lancelot|def|1\n|\n|-heal|p1a: Lancelot|50\/100|[from] item: Leftovers\n|upkeep\n|turn|4\n|\n|t:|1699691838\n|switch|p2a: Zapdos|Zapdos|100\/100\n|move|p1a: Lancelot|Earthquake|p2a: Zapdos\n|-immune|p2a: Zapdos\n|\n|-heal|p1a: Lancelot|56\/100|[from] item: Leftovers\n|upkeep\n|turn|5\n|\n|t:|1699691846\n|-end|p1a: Lancelot|Protosynthesis|[silent]\n|switch|p1a: Marge|Garganacl, F|100\/100\n|move|p2a: Zapdos|U-turn|p1a: Marge\n|-damage|p1a: Marge|92\/100\n|\n|t:|1699691859\n|switch|p2a: Great Tusk|Great Tusk|100\/100|[from] U-turn\n|\n|-heal|p1a: Marge|99\/100|[from] item: Leftovers\n|upkeep\n|turn|6\n|\n|t:|1699691881\n|move|p2a: Great Tusk|Close Combat|p1a: Marge\n|-supereffective|p1a: Marge\n|-damage|p1a: Marge|9\/100\n|-unboost|p2a: Great Tusk|def|1\n|-unboost|p2a: Great Tusk|spd|1\n|move|p1a: Marge|Stealth Rock|p2a: Great Tusk\n|-sidestart|p2: SilphGambleR|move: Stealth Rock\n|\n|-heal|p1a: Marge|15\/100|[from] item: Leftovers\n|upkeep\n|turn|7\n|\n|t:|1699691915\n|switch|p1a: Pete|Dragapult, F|100\/100\n|move|p2a: Great Tusk|Headlong Rush|p1a: Pete\n|-damage|p1a: Pete|0 fnt\n|-unboost|p2a: Great Tusk|def|1\n|-unboost|p2a: Great Tusk|spd|1\n|faint|p1a: Pete\n|\n|upkeep\n|\n|t:|1699691923\n|switch|p1a: Hillary|Zapdos|55\/100\n|turn|8\n|\n|t:|1699691957\n|-end|p2a: Great Tusk|Protosynthesis|[silent]\n|switch|p2a: Slowking|Slowking-Galar, F|100\/100\n|-damage|p2a: Slowking|88\/100|[from] Stealth Rock\n|move|p1a: Hillary|Hurricane|p2a: Slowking\n|-damage|p2a: Slowking|51\/100\n|\n|upkeep\n|turn|9\n|\n|t:|1699691967\n|move|p1a: Hillary|Hurricane|p2a: Slowking\n|-damage|p2a: Slowking|12\/100\n|move|p2a: Slowking|Sludge Bomb|p1a: Hillary\n|-damage|p1a: Hillary|14\/100\n|\n|upkeep\n|turn|10\n|\n|t:|1699691980\n|move|p1a: Hillary|Discharge|p2a: Slowking\n|-damage|p2a: Slowking|0 fnt\n|faint|p2a: Slowking\n|\n|upkeep\n|\n|t:|1699691991\n|switch|p2a: Azumarill|Azumarill, F, tera:Poison|68\/100\n|-damage|p2a: Azumarill|55\/100|[from] Stealth Rock\n|turn|11\n|\n|t:|1699691996\n|move|p2a: Azumarill|Aqua Jet|p1a: Hillary\n|-damage|p1a: Hillary|0 fnt\n|faint|p1a: Hillary\n|\n|upkeep\n|\n|t:|1699692009\n|switch|p1a: Lancelot|Great Tusk|56\/100\n|turn|12\n|\n|t:|1699692024\n|move|p1a: Lancelot|Knock Off|p2a: Azumarill\n|-damage|p2a: Azumarill|24\/100\n|-enditem|p2a: Azumarill|Assault Vest|[from] move: Knock Off|[of] p1a: Lancelot\n|move|p2a: Azumarill|Liquidation|p1a: Lancelot\n|-supereffective|p1a: Lancelot\n|-damage|p1a: Lancelot|0 fnt\n|faint|p1a: Lancelot\n|-end|p1a: Lancelot|Protosynthesis|[silent]\n|\n|upkeep\n|\n|t:|1699692032\n|switch|p1a: Greg|Volcanion, tera:Fairy|91\/100\n|turn|13\n|\n|t:|1699692046\n|move|p1a: Greg|Flamethrower|p2a: Azumarill\n|-damage|p2a: Azumarill|0 fnt\n|faint|p2a: Azumarill\n|\n|upkeep\n|\n|t:|1699692061\n|switch|p2a: Zapdos|Zapdos|100\/100\n|-damage|p2a: Zapdos|75\/100|[from] Stealth Rock\n|turn|14\n|\n|t:|1699692074\n|switch|p1a: Marge|Garganacl, F|15\/100\n|move|p2a: Zapdos|Discharge|p1a: Marge\n|-damage|p1a: Marge|0 fnt\n|faint|p1a: Marge\n|\n|upkeep\n|\n|t:|1699692084\n|switch|p1a: Russ|Heatran, F, shiny|100\/100\n|-item|p1a: Russ|Air Balloon\n|turn|15\n|\n|t:|1699692091\n|switch|p2a: Great Tusk|Great Tusk|100\/100\n|-damage|p2a: Great Tusk|98\/100|[from] Stealth Rock\n|move|p1a: Russ|Magma Storm|p2a: Great Tusk|[miss]\n|-miss|p1a: Russ|p2a: Great Tusk\n|\n|-heal|p2a: Great Tusk|100\/100|[from] item: Leftovers\n|upkeep\n|turn|16\n|\n|t:|1699692099\n|move|p1a: Russ|Magma Storm|p2a: Great Tusk\n|-damage|p2a: Great Tusk|18\/100\n|-activate|p2a: Great Tusk|move: Magma Storm|[of] p1a: Russ\n|move|p2a: Great Tusk|Close Combat|p1a: Russ\n|-supereffective|p1a: Russ\n|-damage|p1a: Russ|0 fnt\n|-unboost|p2a: Great Tusk|def|1\n|-unboost|p2a: Great Tusk|spd|1\n|-enditem|p1a: Russ|Air Balloon\n|faint|p1a: Russ\n|\n|-heal|p2a: Great Tusk|24\/100|[from] item: Leftovers\n|-end|p2a: Great Tusk|Magma Storm|[partiallytrapped]|[silent]\n|upkeep\n|\n|t:|1699692111\n|switch|p1a: Greg|Volcanion, tera:Fairy|91\/100\n|turn|17\n|\n|t:|1699692114\n|move|p1a: Greg|Flamethrower|p2a: Great Tusk\n|-damage|p2a: Great Tusk|0 fnt\n|faint|p2a: Great Tusk\n|-end|p2a: Great Tusk|Protosynthesis|[silent]\n|\n|upkeep\n|\n|t:|1699692120\n|switch|p2a: Gliscor|Gliscor, M|100\/100\n|-damage|p2a: Gliscor|88\/100|[from] Stealth Rock\n|turn|18\n|\n|t:|1699692123\n|move|p2a: Gliscor|Gunk Shot|p1a: Greg\n|-supereffective|p1a: Greg\n|-damage|p1a: Greg|10\/100\n|-damage|p2a: Gliscor|78\/100|[from] item: Life Orb\n|move|p1a: Greg|Steam Eruption|p2a: Gliscor\n|-supereffective|p2a: Gliscor\n|-damage|p2a: Gliscor|0 fnt\n|faint|p2a: Gliscor\n|\n|upkeep\n|\n|t:|1699692132\n|switch|p2a: Greninja|Greninja, M|100\/100\n|-damage|p2a: Greninja|88\/100|[from] Stealth Rock\n|turn|19\n|\n|t:|1699692137\n|move|p2a: Greninja|Ice Beam|p1a: Greg\n|-start|p2a: Greninja|typechange|Ice|[from] ability: Protean\n|-crit|p1a: Greg\n|-damage|p1a: Greg|0 fnt\n|faint|p1a: Greg\n|\n|win|SilphGambleR\n|raw|shioreon's rating: 1601 &rarr; <strong>1586<\/strong><br \/>(-15 for losing)\n|raw|SilphGambleR's rating: 1685 &rarr; <strong>1700<\/strong><br \/>(+15 for winning)\n|l|\u2606shioreon\n","uploadtime":1699692147,"views":31,"p1id":"shioreon","p2id":"silphgambler","formatid":"gen9ou","rating":1586,"private":0,"password":""}