{"id":"gen9ou-1991653927","p1":"Don japer","p2":"AquiIo","format":"[Gen 9] OU","log":"|j|\u2606Don japer\n|j|\u2606AquiIo\n|t:|1700098876\n|gametype|singles\n|player|p1|Don japer|pokemonbreederf-gen4|1476\n|player|p2|AquiIo|101|1478\n|teamsize|p1|6\n|teamsize|p2|6\n|gen|9\n|tier|[Gen 9] OU\n|rated|\n|rule|Sleep Clause Mod: Limit one foe put to sleep\n|rule|Species Clause: Limit one of each Pok\u00e9mon\n|rule|OHKO Clause: OHKO moves are banned\n|rule|Evasion Items Clause: Evasion items are banned\n|rule|Evasion Moves Clause: Evasion moves are banned\n|rule|Endless Battle Clause: Forcing endless battles is banned\n|rule|HP Percentage Mod: HP is shown in percentages\n|clearpoke\n|poke|p1|Landorus-Therian, M|\n|poke|p1|Slowking-Galar, F|\n|poke|p1|Zamazenta-*|\n|poke|p1|Iron Valiant|\n|poke|p1|Cinderace, F|\n|poke|p1|Greninja-*, M|\n|poke|p2|Ogerpon-Wellspring, F|\n|poke|p2|Zapdos|\n|poke|p2|Kingambit, F|\n|poke|p2|Rillaboom, F|\n|poke|p2|Slowking, F|\n|poke|p2|Heatran, M|\n|teampreview\n|inactive|Battle timer is ON: inactive players will automatically lose when time's up. (requested by AquiIo)\n|inactive|AquiIo has 120 seconds left.\n|\n|t:|1700098916\n|start\n|switch|p1a: rodney|Cinderace, F|100\/100\n|switch|p2a: Strix|Zapdos|100\/100\n|turn|1\n|\n|t:|1700098922\n|switch|p1a: doggy :)|Landorus-Therian, M, shiny|100\/100\n|-ability|p1a: doggy :)|Intimidate|boost\n|-unboost|p2a: Strix|atk|1\n|move|p2a: Strix|Thunder Wave|p1a: doggy :)\n|-immune|p1a: doggy :)\n|\n|upkeep\n|turn|2\n|inactive|AquiIo has 120 seconds left.\n|inactive|AquiIo has 90 seconds left.\n|\n|t:|1700098997\n|switch|p2a: Xeril|Kingambit, F|100\/100\n|move|p1a: doggy :)|Stealth Rock|p2a: Xeril\n|-sidestart|p2: AquiIo|move: Stealth Rock\n|\n|upkeep\n|turn|3\n|\n|t:|1700099003\n|-end|p2a: Xeril|fallenundefined|[silent]\n|switch|p2a: Strix|Zapdos|100\/100\n|move|p1a: doggy :)|Earthquake|p2a: Strix\n|-immune|p2a: Strix\n|\n|upkeep\n|turn|4\n|\n|t:|1700099011\n|switch|p1a: dr dome|Slowking-Galar, F|100\/100\n|move|p2a: Strix|Hurricane|p1a: dr dome\n|-damage|p1a: dr dome|76\/100\n|-start|p1a: dr dome|confusion\n|\n|upkeep\n|turn|5\n|\n|t:|1700099016\n|move|p2a: Strix|Thunder Wave|p1a: dr dome\n|-status|p1a: dr dome|par\n|-activate|p1a: dr dome|confusion\n|cant|p1a: dr dome|par\n|\n|upkeep\n|turn|6\n|\n|t:|1700099021\n|move|p2a: Strix|Hurricane|p1a: dr dome\n|-damage|p1a: dr dome|51\/100 par\n|-activate|p1a: dr dome|confusion\n|cant|p1a: dr dome|par\n|\n|upkeep\n|turn|7\n|inactive|AquiIo has 120 seconds left.\n|\n|t:|1700099031\n|move|p2a: Strix|Hurricane|p1a: dr dome\n|-damage|p1a: dr dome|23\/100 par\n|-activate|p1a: dr dome|confusion\n|-damage|p1a: dr dome|18\/100 par|[from] confusion\n|\n|upkeep\n|turn|8\n|\n|t:|1700099047\n|switch|p1a: doggy :)|Landorus-Therian, M, shiny|100\/100\n|-ability|p1a: doggy :)|Intimidate|boost\n|-unboost|p2a: Strix|atk|1\n|move|p2a: Strix|Volt Switch|p1a: doggy :)\n|-immune|p1a: doggy :)\n|\n|upkeep\n|turn|9\n|\n|t:|1700099053\n|switch|p1a: dr dome|Slowking-Galar, F|51\/100 par\n|move|p2a: Strix|Hurricane|p1a: dr dome\n|-damage|p1a: dr dome|23\/100 par\n|\n|upkeep\n|turn|10\n|\n|t:|1700099058\n|switch|p1a: doggy :)|Landorus-Therian, M, shiny|100\/100\n|-ability|p1a: doggy :)|Intimidate|boost\n|-unboost|p2a: Strix|atk|1\n|move|p2a: Strix|Hurricane|p1a: doggy :)\n|-damage|p1a: doggy :)|49\/100\n|\n|upkeep\n|turn|11\n|\n|t:|1700099065\n|move|p2a: Strix|Hurricane|p1a: doggy :)\n|-damage|p1a: doggy :)|3\/100\n|-start|p1a: doggy :)|confusion\n|-activate|p1a: doggy :)|confusion\n|move|p1a: doggy :)|U-turn|p2a: Strix\n|-resisted|p2a: Strix\n|-damage|p2a: Strix|91\/100\n|\n|t:|1700099090\n|switch|p1a: sharon|Iron Valiant|100\/100|[from] U-turn\n|\n|upkeep\n|turn|12\n|\n|t:|1700099100\n|-terastallize|p1a: sharon|Fairy\n|move|p1a: sharon|Moonblast|p2a: Strix\n|-damage|p2a: Strix|0 fnt\n|faint|p2a: Strix\n|\n|upkeep\n|\n|t:|1700099109\n|switch|p2a: Kleg|Heatran, M|100\/100\n|-damage|p2a: Kleg|88\/100|[from] Stealth Rock\n|-item|p2a: Kleg|Air Balloon\n|turn|13\n|\n|t:|1700099114\n|-end|p1a: sharon|Quark Drive|[silent]\n|switch|p1a: doggy :)|Landorus-Therian, M, shiny|3\/100\n|-ability|p1a: doggy :)|Intimidate|boost\n|-unboost|p2a: Kleg|atk|1\n|move|p2a: Kleg|Stealth Rock|p1a: doggy :)\n|-sidestart|p1: Don japer|move: Stealth Rock\n|\n|upkeep\n|turn|14\n|\n|t:|1700099124\n|switch|p2a: Boji|Rillaboom, F|100\/100\n|-damage|p2a: Boji|88\/100|[from] Stealth Rock\n|-fieldstart|move: Grassy Terrain|[from] ability: Grassy Surge|[of] p2a: Boji\n|move|p1a: doggy :)|U-turn|p2a: Boji\n|-supereffective|p2a: Boji\n|-damage|p2a: Boji|43\/100\n|\n|t:|1700099127\n|switch|p1a: rodney|Cinderace, F|100\/100|[from] U-turn\n|\n|-heal|p2a: Boji|49\/100|[from] Grassy Terrain\n|upkeep\n|turn|15\n|\n|t:|1700099133\n|move|p1a: rodney|U-turn|p2a: Boji\n|-start|p1a: rodney|typechange|Bug|[from] ability: Libero\n|-supereffective|p2a: Boji\n|-damage|p2a: Boji|0 fnt\n|faint|p2a: Boji\n|\n|t:|1700099135\n|switch|p1a: doggy :)|Landorus-Therian, M, shiny|3\/100|[from] U-turn\n|-damage|p1a: doggy :)|0 fnt|[from] Stealth Rock\n|faint|p1a: doggy :)\n|\n|upkeep\n|\n|t:|1700099145\n|switch|p2a: Ferok|Slowking, F, shiny|100\/100\n|switch|p1a: dr dome|Slowking-Galar, F|56\/100 par\n|turn|16\n|\n|t:|1700099159\n|switch|p1a: rick roll'em|Greninja, M|100\/100\n|-damage|p1a: rick roll'em|88\/100|[from] Stealth Rock\n|move|p2a: Ferok|Future Sight|p1a: rick roll'em\n|-start|p2a: Ferok|move: Future Sight\n|\n|-heal|p1a: rick roll'em|94\/100|[from] Grassy Terrain\n|upkeep\n|turn|17\n|\n|t:|1700099164\n|move|p1a: rick roll'em|Dark Pulse|p2a: Ferok\n|-supereffective|p2a: Ferok\n|-crit|p2a: Ferok\n|-damage|p2a: Ferok|21\/100\n|-damage|p1a: rick roll'em|84\/100|[from] item: Life Orb\n|cant|p2a: Ferok|flinch\n|\n|-heal|p1a: rick roll'em|90\/100|[from] Grassy Terrain\n|-heal|p2a: Ferok|27\/100|[from] Grassy Terrain\n|upkeep\n|turn|18\n|c|\u2606AquiIo|...\n|c|\u2606AquiIo|okay i maybe kind of deserved that\n|c|\u2606AquiIo|but crit flinch is just harsh\n|c|\u2606Don japer|lol\n|\n|t:|1700099191\n|move|p1a: rick roll'em|Dark Pulse|p2a: Ferok\n|-supereffective|p2a: Ferok\n|-damage|p2a: Ferok|0 fnt\n|faint|p2a: Ferok\n|-ability|p1a: rick roll'em|Battle Bond|boost\n|-boost|p1a: rick roll'em|atk|1\n|-boost|p1a: rick roll'em|spa|1\n|-boost|p1a: rick roll'em|spe|1\n|-activate|p1a: rick roll'em|ability: Battle Bond\n|-damage|p1a: rick roll'em|80\/100|[from] item: Life Orb\n|\n|-end|p1a: rick roll'em|move: Future Sight\n|-immune|p1a: rick roll'em\n|-heal|p1a: rick roll'em|86\/100|[from] Grassy Terrain\n|-fieldend|move: Grassy Terrain\n|upkeep\n|c|\u2606Don japer|i did get sooome hax\n|c|\u2606Don japer|no one deserves a crit flinch tho\n|\n|t:|1700099198\n|switch|p2a: Lyria|Ogerpon-Wellspring, F|100\/100\n|-damage|p2a: Lyria|88\/100|[from] Stealth Rock\n|turn|19\n|\n|t:|1700099212\n|-terastallize|p2a: Lyria|Water\n|detailschange|p2a: Lyria|Ogerpon-Wellspring-Tera, F, tera:Water\n|-ability|p2a: Lyria|Embody Aspect (Wellspring)|boost\n|-boost|p2a: Lyria|spd|1\n|move|p1a: rick roll'em|Dark Pulse|p2a: Lyria\n|-damage|p2a: Lyria|35\/100\n|-damage|p1a: rick roll'em|77\/100|[from] item: Life Orb\n|move|p2a: Lyria|U-turn|p1a: rick roll'em\n|-supereffective|p1a: rick roll'em\n|-damage|p1a: rick roll'em|0 fnt\n|faint|p1a: rick roll'em\n|\n|t:|1700099227\n|switch|p2a: Xeril|Kingambit, F|100\/100|[from] U-turn\n|-damage|p2a: Xeril|94\/100|[from] Stealth Rock\n|-activate|p2a: Xeril|ability: Supreme Overlord\n|-start|p2a: Xeril|fallen3|[silent]\n|\n|upkeep\n|\n|t:|1700099229\n|switch|p1a: charles|Zamazenta, shiny|100\/100\n|-damage|p1a: charles|94\/100|[from] Stealth Rock\n|-ability|p1a: charles|Dauntless Shield|boost\n|-boost|p1a: charles|def|1\n|turn|20\n|\n|t:|1700099239\n|-end|p2a: Xeril|fallen3|[silent]\n|switch|p2a: Kleg|Heatran, M|88\/100\n|-damage|p2a: Kleg|76\/100|[from] Stealth Rock\n|-item|p2a: Kleg|Air Balloon\n|move|p1a: charles|Close Combat|p2a: Kleg\n|-supereffective|p2a: Kleg\n|-damage|p2a: Kleg|0 fnt\n|-unboost|p1a: charles|def|1\n|-unboost|p1a: charles|spd|1\n|-enditem|p2a: Kleg|Air Balloon\n|faint|p2a: Kleg\n|\n|upkeep\n|\n|t:|1700099242\n|switch|p2a: Lyria|Ogerpon-Wellspring-Tera, F, tera:Water|35\/100\n|-damage|p2a: Lyria|23\/100|[from] Stealth Rock\n|-ability|p2a: Lyria|Embody Aspect (Wellspring)|boost\n|-boost|p2a: Lyria|spd|1\n|turn|21\n|c|\u2606AquiIo|ggs\n|c|\u2606AquiIo|wp\n|\n|t:|1700099247\n|move|p1a: charles|Close Combat|p2a: Lyria\n|-damage|p2a: Lyria|0 fnt\n|-unboost|p1a: charles|def|1\n|-unboost|p1a: charles|spd|1\n|faint|p2a: Lyria\n|\n|upkeep\n|\n|t:|1700099249\n|switch|p2a: Xeril|Kingambit, F|94\/100\n|-damage|p2a: Xeril|88\/100|[from] Stealth Rock\n|-activate|p2a: Xeril|ability: Supreme Overlord\n|-start|p2a: Xeril|fallen5|[silent]\n|turn|22\n|\n|t:|1700099252\n|move|p2a: Xeril|Sucker Punch|p1a: charles\n|-resisted|p1a: charles\n|-damage|p1a: charles|41\/100\n|move|p1a: charles|Close Combat|p2a: Xeril\n|-supereffective|p2a: Xeril\n|-damage|p2a: Xeril|0 fnt\n|-unboost|p1a: charles|def|1\n|-unboost|p1a: charles|spd|1\n|faint|p2a: Xeril\n|-end|p2a: Xeril|fallen5|[silent]\n|\n|win|Don japer\n|raw|Don japer's rating: 1476 &rarr; <strong>1496<\/strong><br \/>(+20 for winning)\n|raw|AquiIo's rating: 1478 &rarr; <strong>1458<\/strong><br \/>(-20 for losing)\n|c|\u2606Don japer|gg\n|l|\u2606AquiIo\n","uploadtime":1700099313,"views":7,"p1id":"donjaper","p2id":"aquiio","formatid":"gen9ou","rating":1458,"private":0,"password":""}