{"id":"gen9ou-1990984807","p1":"Dr. Elite","p2":"uwu1010","format":"[Gen 9] OU","log":"|j|\u2606Dr. Elite\n|j|\u2606uwu1010\n|inactive|Battle timer is ON: inactive players will automatically lose when time's up.\n|t:|1700023418\n|gametype|singles\n|player|p1|Dr. Elite|#drelite|\n|player|p2|uwu1010|palmer|\n|teamsize|p1|6\n|teamsize|p2|6\n|gen|9\n|tier|[Gen 9] OU\n|rated|Tournament battle\n|rule|Sleep Clause Mod: Limit one foe put to sleep\n|rule|Species Clause: Limit one of each Pok\u00e9mon\n|rule|OHKO Clause: OHKO moves are banned\n|rule|Evasion Items Clause: Evasion items are banned\n|rule|Evasion Moves Clause: Evasion moves are banned\n|rule|Endless Battle Clause: Forcing endless battles is banned\n|rule|HP Percentage Mod: HP is shown in percentages\n|clearpoke\n|poke|p1|Sylveon, F|\n|poke|p1|Tinkaton, F|\n|poke|p1|Gardevoir, F|\n|poke|p1|Klefki, M|\n|poke|p1|Carbink|\n|poke|p1|Mimikyu, M|\n|poke|p2|Kingambit, F|\n|poke|p2|Glimmora, M|\n|poke|p2|Zamazenta-*|\n|poke|p2|Iron Valiant|\n|poke|p2|Iron Moth|\n|poke|p2|Ogerpon-Wellspring, F|\n|teampreview\n|j|*Lady Monita \u2746\n|j| BB-8-NU\n|c|\u2606uwu1010|this is not monotype\n|\n|t:|1700023436\n|start\n|switch|p1a: Sylveon|Sylveon, F|100\/100\n|switch|p2a: Glimmora|Glimmora, M|100\/100\n|turn|1\n|j| Lazaro019\n|l| Lazaro019\n|\n|t:|1700023452\n|move|p2a: Glimmora|Stealth Rock|p1a: Sylveon\n|-sidestart|p1: Dr. Elite|move: Stealth Rock\n|move|p1a: Sylveon|Psyshock|p2a: Glimmora\n|-supereffective|p2a: Glimmora\n|-damage|p2a: Glimmora|34\/100\n|\n|upkeep\n|turn|2\n|j| darkest lariat yup\n|\n|t:|1700023475\n|move|p2a: Glimmora|Mortal Spin|p1a: Sylveon\n|-supereffective|p1a: Sylveon\n|-damage|p1a: Sylveon|85\/100\n|-status|p1a: Sylveon|psn\n|move|p1a: Sylveon|Psyshock|p2a: Glimmora\n|-supereffective|p2a: Glimmora\n|-damage|p2a: Glimmora|0 fnt\n|faint|p2a: Glimmora\n|\n|-damage|p1a: Sylveon|72\/100 psn|[from] psn\n|upkeep\n|\n|t:|1700023485\n|switch|p2a: Kingambit|Kingambit, F|100\/100\n|-activate|p2a: Kingambit|ability: Supreme Overlord\n|-start|p2a: Kingambit|fallen1|[silent]\n|turn|3\n|j| WalrusPatty\n|\n|t:|1700023489\n|switch|p1a: Klefki|Klefki, M|100\/100\n|-damage|p1a: Klefki|95\/100|[from] Stealth Rock\n|move|p2a: Kingambit|Swords Dance|p2a: Kingambit\n|-boost|p2a: Kingambit|atk|2\n|\n|upkeep\n|turn|4\n|\n|t:|1700023494\n|move|p1a: Klefki|Reflect|p1a: Klefki\n|-sidestart|p1: Dr. Elite|Reflect\n|move|p2a: Kingambit|Iron Head|p1a: Klefki\n|-damage|p1a: Klefki|54\/100\n|\n|upkeep\n|turn|5\n|\n|t:|1700023504\n|move|p2a: Kingambit|Swords Dance|p2a: Kingambit\n|-boost|p2a: Kingambit|atk|2\n|move|p1a: Klefki|Foul Play|p2a: Kingambit\n|-resisted|p2a: Kingambit\n|-damage|p2a: Kingambit|53\/100\n|\n|upkeep\n|turn|6\n|\n|t:|1700023509\n|move|p2a: Kingambit|Iron Head|p1a: Klefki\n|-damage|p1a: Klefki|0 fnt\n|faint|p1a: Klefki\n|\n|upkeep\n|\n|t:|1700023514\n|switch|p1a: Mimikyu|Mimikyu, M|100\/100\n|-damage|p1a: Mimikyu|88\/100|[from] Stealth Rock\n|turn|7\n|\n|t:|1700023516\n|move|p2a: Kingambit|Sucker Punch|p1a: Mimikyu\n|-activate|p1a: Mimikyu|ability: Disguise\n|-damage|p1a: Mimikyu|88\/100\n|detailschange|p1a: Mimikyu|Mimikyu-Busted, M\n|-damage|p1a: Mimikyu|75\/100|[from] pokemon: Mimikyu-Busted\n|move|p1a: Mimikyu|Drain Punch|p2a: Kingambit\n|-supereffective|p2a: Kingambit\n|-damage|p2a: Kingambit|0 fnt\n|-heal|p1a: Mimikyu|100\/100|[from] drain|[of] p2a: Kingambit\n|faint|p2a: Kingambit\n|-end|p2a: Kingambit|fallen1|[silent]\n|-damage|p1a: Mimikyu|91\/100|[from] item: Life Orb\n|\n|upkeep\n|\n|t:|1700023526\n|switch|p2a: Iron Moth|Iron Moth|100\/100\n|-enditem|p2a: Iron Moth|Booster Energy\n|-activate|p2a: Iron Moth|ability: Quark Drive|[fromitem]\n|-start|p2a: Iron Moth|quarkdrivespe\n|turn|8\n|\n|t:|1700023529\n|move|p2a: Iron Moth|Substitute|p2a: Iron Moth\n|-start|p2a: Iron Moth|Substitute\n|-damage|p2a: Iron Moth|76\/100\n|move|p1a: Mimikyu|Shadow Claw|p2a: Iron Moth\n|-end|p2a: Iron Moth|Substitute\n|-damage|p1a: Mimikyu|81\/100|[from] item: Life Orb\n|\n|-sideend|p1: Dr. Elite|Reflect\n|upkeep\n|turn|9\n|\n|t:|1700023537\n|move|p2a: Iron Moth|Sludge Wave|p1a: Mimikyu\n|-damage|p1a: Mimikyu|28\/100\n|move|p1a: Mimikyu|Shadow Claw|p2a: Iron Moth\n|-damage|p2a: Iron Moth|19\/100\n|-damage|p1a: Mimikyu|18\/100|[from] item: Life Orb\n|\n|upkeep\n|turn|10\n|\n|t:|1700023543\n|move|p1a: Mimikyu|Shadow Sneak|p2a: Iron Moth\n|-damage|p2a: Iron Moth|0 fnt\n|faint|p2a: Iron Moth\n|-end|p2a: Iron Moth|Quark Drive|[silent]\n|-damage|p1a: Mimikyu|9\/100|[from] item: Life Orb\n|\n|upkeep\n|\n|t:|1700023552\n|switch|p2a: Ogerpon|Ogerpon-Wellspring, F|100\/100\n|turn|11\n|\n|t:|1700023556\n|move|p1a: Mimikyu|Shadow Sneak|p2a: Ogerpon\n|-damage|p2a: Ogerpon|68\/100\n|-damage|p1a: Mimikyu|0 fnt|[from] item: Life Orb\n|faint|p1a: Mimikyu\n|move|p2a: Ogerpon|Swords Dance|p2a: Ogerpon\n|-boost|p2a: Ogerpon|atk|2\n|\n|upkeep\n|\n|t:|1700023561\n|switch|p1a: Carbink|Carbink|100\/100\n|turn|12\n|\n|t:|1700023568\n|move|p2a: Ogerpon|Ivy Cudgel|p1a: Carbink|[anim] Ivy Cudgel Water\n|-supereffective|p1a: Carbink\n|-crit|p1a: Carbink\n|-ability|p1a: Carbink|Sturdy\n|-damage|p1a: Carbink|1\/100\n|move|p1a: Carbink|Trick Room|p1a: Carbink\n|-fieldstart|move: Trick Room|[of] p1a: Carbink\n|\n|upkeep\n|turn|13\n|\n|t:|1700023575\n|move|p1a: Carbink|Body Press|p2a: Ogerpon\n|-damage|p2a: Ogerpon|27\/100\n|move|p2a: Ogerpon|Ivy Cudgel|p1a: Carbink|[anim] Ivy Cudgel Water\n|-supereffective|p1a: Carbink\n|-damage|p1a: Carbink|0 fnt\n|faint|p1a: Carbink\n|\n|upkeep\n|\n|t:|1700023578\n|switch|p1a: Sylveon|Sylveon, F|72\/100 psn\n|-damage|p1a: Sylveon|60\/100 psn|[from] Stealth Rock\n|turn|14\n|\n|t:|1700023581\n|move|p1a: Sylveon|Hyper Voice|p2a: Ogerpon\n|-crit|p2a: Ogerpon\n|-damage|p2a: Ogerpon|0 fnt\n|faint|p2a: Ogerpon\n|\n|-damage|p1a: Sylveon|47\/100 psn|[from] psn\n|upkeep\n|j| Lazaro019\n|\n|t:|1700023590\n|switch|p2a: Zamazenta|Zamazenta, shiny|100\/100\n|-ability|p2a: Zamazenta|Dauntless Shield|boost\n|-boost|p2a: Zamazenta|def|1\n|turn|15\n|\n|t:|1700023596\n|-terastallize|p2a: Zamazenta|Fire\n|move|p1a: Sylveon|Hyper Voice|p2a: Zamazenta\n|-resisted|p2a: Zamazenta\n|-damage|p2a: Zamazenta|76\/100\n|move|p2a: Zamazenta|Iron Defense|p2a: Zamazenta\n|-boost|p2a: Zamazenta|def|2\n|\n|-heal|p2a: Zamazenta|83\/100|[from] item: Leftovers\n|-damage|p1a: Sylveon|35\/100 psn|[from] psn\n|upkeep\n|turn|16\n|\n|t:|1700023606\n|move|p1a: Sylveon|Shadow Ball|p2a: Zamazenta\n|-damage|p2a: Zamazenta|59\/100\n|move|p2a: Zamazenta|Iron Defense|p2a: Zamazenta\n|-boost|p2a: Zamazenta|def|2\n|\n|-heal|p2a: Zamazenta|65\/100|[from] item: Leftovers\n|-damage|p1a: Sylveon|23\/100 psn|[from] psn\n|-fieldend|move: Trick Room\n|upkeep\n|turn|17\n|\n|t:|1700023610\n|move|p2a: Zamazenta|Body Press|p1a: Sylveon\n|-resisted|p1a: Sylveon\n|-damage|p1a: Sylveon|0 fnt\n|faint|p1a: Sylveon\n|\n|-heal|p2a: Zamazenta|71\/100|[from] item: Leftovers\n|upkeep\n|\n|t:|1700023614\n|switch|p1a: Tinkaton|Tinkaton, F|100\/100\n|-damage|p1a: Tinkaton|94\/100|[from] Stealth Rock\n|-ability|p1a: Tinkaton|Mold Breaker\n|-item|p1a: Tinkaton|Air Balloon\n|turn|18\n|\n|t:|1700023627\n|-terastallize|p1a: Tinkaton|Flying\n|move|p2a: Zamazenta|Body Press|p1a: Tinkaton\n|-resisted|p1a: Tinkaton\n|-damage|p1a: Tinkaton|15\/100\n|-enditem|p1a: Tinkaton|Air Balloon\n|move|p1a: Tinkaton|Encore|p2a: Zamazenta\n|-start|p2a: Zamazenta|Encore\n|\n|-heal|p2a: Zamazenta|77\/100|[from] item: Leftovers\n|upkeep\n|turn|19\n|\n|t:|1700023633\n|move|p2a: Zamazenta|Body Press|p1a: Tinkaton\n|-resisted|p1a: Tinkaton\n|-damage|p1a: Tinkaton|0 fnt\n|faint|p1a: Tinkaton\n|\n|-heal|p2a: Zamazenta|84\/100|[from] item: Leftovers\n|upkeep\n|j| TTC (Time To Cook)\n|\n|t:|1700023635\n|switch|p1a: Gardevoir|Gardevoir, F|100\/100\n|-damage|p1a: Gardevoir|88\/100|[from] Stealth Rock\n|-ability|p1a: Gardevoir|Dauntless Shield|boost\n|-boost|p1a: Gardevoir|def|1\n|-ability|p1a: Gardevoir|Dauntless Shield|[from] ability: Trace|[of] p2a: Zamazenta\n|turn|20\n|\n|t:|1700023639\n|move|p2a: Zamazenta|Body Press|p1a: Gardevoir\n|-resisted|p1a: Gardevoir\n|-damage|p1a: Gardevoir|69\/100\n|move|p1a: Gardevoir|Calm Mind|p1a: Gardevoir\n|-boost|p1a: Gardevoir|spa|1\n|-boost|p1a: Gardevoir|spd|1\n|\n|-heal|p2a: Zamazenta|90\/100|[from] item: Leftovers\n|-heal|p1a: Gardevoir|75\/100|[from] item: Leftovers\n|upkeep\n|turn|21\n|\n|t:|1700023642\n|switch|p2a: Iron Valiant|Iron Valiant|100\/100\n|-enditem|p2a: Iron Valiant|Booster Energy\n|-activate|p2a: Iron Valiant|ability: Quark Drive|[fromitem]\n|-start|p2a: Iron Valiant|quarkdrivespe\n|move|p1a: Gardevoir|Calm Mind|p1a: Gardevoir\n|-boost|p1a: Gardevoir|spa|1\n|-boost|p1a: Gardevoir|spd|1\n|\n|-heal|p1a: Gardevoir|81\/100|[from] item: Leftovers\n|upkeep\n|turn|22\n|j| DragonPhoenix333\n|\n|t:|1700023648\n|move|p2a: Iron Valiant|Hypnosis|p1a: Gardevoir|[miss]\n|-miss|p2a: Iron Valiant|p1a: Gardevoir\n|move|p1a: Gardevoir|Calm Mind|p1a: Gardevoir\n|-boost|p1a: Gardevoir|spa|1\n|-boost|p1a: Gardevoir|spd|1\n|\n|-heal|p1a: Gardevoir|87\/100|[from] item: Leftovers\n|upkeep\n|turn|23\n|\n|t:|1700023651\n|move|p2a: Iron Valiant|Hypnosis|p1a: Gardevoir|[miss]\n|-miss|p2a: Iron Valiant|p1a: Gardevoir\n|move|p1a: Gardevoir|Draining Kiss|p2a: Iron Valiant\n|-supereffective|p2a: Iron Valiant\n|-damage|p2a: Iron Valiant|0 fnt\n|-heal|p1a: Gardevoir|100\/100|[from] drain|[of] p2a: Iron Valiant\n|faint|p2a: Iron Valiant\n|-end|p2a: Iron Valiant|Quark Drive|[silent]\n|\n|upkeep\n|\n|t:|1700023653\n|switch|p2a: Zamazenta|Zamazenta, shiny, tera:Fire|90\/100\n|turn|24\n|-message|uwu1010 forfeited.\n|\n|win|Dr. Elite\n|n|\u2606Dr. Elite|drelite\n|n|\u2606uwu1010|uwu1010\n|n|*Lady Monita \u2746|ladymonita\n|n| BB-8-NU|bb8nu\n|n| darkest lariat yup|darkestlariatyup\n|n| WalrusPatty|walruspatty\n|n| Lazaro019|lazaro019\n|n| TTC (Time To Cook)|ttctimetocook\n|n| DragonPhoenix333|dragonphoenix333\n|l|*Lady Monita \u2746\n|l|\u2606uwu1010\n|l| BB-8-NU\n|l|\u2606Dr. Elite\n|l| Lazaro019\n","uploadtime":1700023655,"views":6,"p1id":"drelite","p2id":"uwu1010","formatid":"gen9ou","rating":0,"private":0,"password":""}