{"id":"gen9ou-1996616385","p1":"FreeWinz212","p2":"LukaisDevinFather","format":"[Gen 9] OU","log":"|j|\u2606FreeWinz212\n|j|\u2606LukaisDevinFather\n|t:|1700701023\n|gametype|singles\n|player|p1|FreeWinz212|volkner|1000\n|player|p2|LukaisDevinFather|roxanne|1000\n|teamsize|p1|6\n|teamsize|p2|6\n|gen|9\n|tier|[Gen 9] OU\n|rated|\n|rule|Sleep Clause Mod: Limit one foe put to sleep\n|rule|Species Clause: Limit one of each Pok\u00e9mon\n|rule|OHKO Clause: OHKO moves are banned\n|rule|Evasion Items Clause: Evasion items are banned\n|rule|Evasion Moves Clause: Evasion moves are banned\n|rule|Endless Battle Clause: Forcing endless battles is banned\n|rule|HP Percentage Mod: HP is shown in percentages\n|clearpoke\n|poke|p1|Kingambit, F|\n|poke|p1|Magnemite, L5|\n|poke|p1|Pineco, L5, M|\n|poke|p1|Drifloon, L5, M|\n|poke|p1|Geodude-Alola, L5, F|\n|poke|p1|Bergmite, L5, M|\n|poke|p2|Scizor, F|\n|poke|p2|Alomomola, F|\n|poke|p2|Glimmora, F|\n|poke|p2|Iron Valiant|\n|poke|p2|Arcanine-Hisui, F|\n|poke|p2|Kingambit, F|\n|teampreview\n|c|\u2606FreeWinz212|end this fast please, I have more free wins to give\n|c|\u2606LukaisDevinFather|Lmao this is my first OU battle and im already scared\n|\n|t:|1700701063\n|start\n|switch|p1a: Bergmite|Bergmite, L5, M|100\/100\n|switch|p2a: Iron Valiant|Iron Valiant, shiny|100\/100\n|turn|1\n|\n|t:|1700701070\n|move|p2a: Iron Valiant|Moonblast|p1a: Bergmite\n|-crit|p1a: Bergmite\n|-ability|p1a: Bergmite|Sturdy\n|-damage|p1a: Bergmite|4\/100\n|-damage|p2a: Iron Valiant|91\/100|[from] item: Life Orb\n|move|p1a: Bergmite|Icy Wind|p2a: Iron Valiant\n|-damage|p2a: Iron Valiant|90\/100\n|-unboost|p2a: Iron Valiant|spe|1\n|\n|upkeep\n|turn|2\n|\n|t:|1700701080\n|move|p2a: Iron Valiant|Moonblast|p1a: Bergmite\n|-damage|p1a: Bergmite|0 fnt\n|faint|p1a: Bergmite\n|-damage|p2a: Iron Valiant|81\/100|[from] item: Life Orb\n|\n|upkeep\n|\n|t:|1700701083\n|switch|p1a: Magnemite|Magnemite, L5|100\/100\n|turn|3\n|\n|t:|1700701091\n|move|p2a: Iron Valiant|Spirit Break|p1a: Magnemite\n|-resisted|p1a: Magnemite\n|-ability|p1a: Magnemite|Sturdy\n|-damage|p1a: Magnemite|5\/100\n|-unboost|p1a: Magnemite|spa|1\n|-damage|p2a: Iron Valiant|71\/100|[from] item: Life Orb\n|move|p1a: Magnemite|Explosion|p2a: Iron Valiant\n|-enditem|p1a: Magnemite|Normal Gem|[from] gem\n|-damage|p2a: Iron Valiant|70\/100\n|faint|p1a: Magnemite\n|\n|upkeep\n|\n|t:|1700701105\n|switch|p1a: Drifloon|Drifloon, L5, M|100\/100\n|turn|4\n|\n|t:|1700701110\n|move|p2a: Iron Valiant|Psychic|p1a: Drifloon\n|-enditem|p1a: Drifloon|Focus Sash\n|-damage|p1a: Drifloon|4\/100\n|-damage|p2a: Iron Valiant|61\/100|[from] item: Life Orb\n|move|p1a: Drifloon|Explosion|p2a: Iron Valiant\n|-damage|p2a: Iron Valiant|60\/100\n|faint|p1a: Drifloon\n|\n|upkeep\n|\n|t:|1700701117\n|switch|p1a: Geodude|Geodude-Alola, L5, F|100\/100\n|turn|5\n|\n|t:|1700701124\n|-end|p2a: Iron Valiant|Quark Drive|[silent]\n|switch|p2a: Scizor|Scizor, F, shiny|100\/100\n|move|p1a: Geodude|Explosion|p2a: Scizor\n|-resisted|p2a: Scizor\n|-damage|p2a: Scizor|99\/100\n|faint|p1a: Geodude\n|\n|upkeep\n|\n|t:|1700701129\n|switch|p1a: Pineco|Pineco, L5, M|100\/100\n|turn|6\n|\n|t:|1700701138\n|move|p2a: Scizor|Dual Wingbeat|p1a: Pineco\n|-supereffective|p1a: Pineco\n|-ability|p1a: Pineco|Sturdy\n|-damage|p1a: Pineco|5\/100\n|-supereffective|p1a: Pineco\n|-damage|p1a: Pineco|0 fnt\n|faint|p1a: Pineco\n|-hitcount|p1: Pineco|2\n|\n|upkeep\n|\n|t:|1700701141\n|switch|p1a: Honorbound|Kingambit, F|100\/100\n|-activate|p1a: Honorbound|ability: Supreme Overlord\n|-start|p1a: Honorbound|fallen5|[silent]\n|turn|7\n|\n|t:|1700701160\n|-terastallize|p1a: Honorbound|Psychic\n|move|p2a: Scizor|Bug Bite|p1a: Honorbound\n|-supereffective|p1a: Honorbound\n|-damage|p1a: Honorbound|27\/100\n|move|p1a: Honorbound|Iron Head|p2a: Scizor\n|-resisted|p2a: Scizor\n|-damage|p2a: Scizor|52\/100\n|-damage|p1a: Honorbound|17\/100|[from] item: Life Orb\n|\n|upkeep\n|turn|8\n|\n|t:|1700701169\n|move|p2a: Scizor|Bug Bite|p1a: Honorbound\n|-supereffective|p1a: Honorbound\n|-damage|p1a: Honorbound|0 fnt\n|faint|p1a: Honorbound\n|-end|p1a: Honorbound|fallen5|[silent]\n|\n|win|LukaisDevinFather\n|raw|FreeWinz212's rating: 1000 &rarr; <strong>1000<\/strong><br \/>(+0 for losing)\n|raw|LukaisDevinFather's rating: 1000 &rarr; <strong>1040<\/strong><br \/>(+40 for winning)\n|c|\u2606FreeWinz212|gg bro\n|l|\u2606FreeWinz212\n","uploadtime":1700701188,"views":5,"p1id":"freewinz212","p2id":"lukaisdevinfather","formatid":"gen9ou","rating":1000,"private":0,"password":""}