{"id":"gen9ou-1997434886","p1":"WintyBird","p2":"archvaria","format":"[Gen 9] OU","log":"|j|\u2606WintyBird\n|j|\u2606archvaria\n|t:|1700804637\n|gametype|singles\n|player|p1|WintyBird|265|1452\n|player|p2|archvaria|2|1471\n|teamsize|p1|6\n|teamsize|p2|6\n|gen|9\n|tier|[Gen 9] OU\n|rated|\n|rule|Sleep Clause Mod: Limit one foe put to sleep\n|rule|Species Clause: Limit one of each Pok\u00e9mon\n|rule|OHKO Clause: OHKO moves are banned\n|rule|Evasion Items Clause: Evasion items are banned\n|rule|Evasion Moves Clause: Evasion moves are banned\n|rule|Endless Battle Clause: Forcing endless battles is banned\n|rule|HP Percentage Mod: HP is shown in percentages\n|clearpoke\n|poke|p1|Ogerpon-Wellspring, F|\n|poke|p1|Kingambit, F|\n|poke|p1|Ninetales-Alola, F|\n|poke|p1|Slowking-Galar, M|\n|poke|p1|Dragapult, F|\n|poke|p1|Corviknight, M|\n|poke|p2|Garganacl, M|\n|poke|p2|Weezing-Galar, F|\n|poke|p2|Toxapex, M|\n|poke|p2|Great Tusk|\n|poke|p2|Iron Valiant|\n|poke|p2|Tyranitar, M|\n|teampreview\n|inactive|Battle timer is ON: inactive players will automatically lose when time's up. (requested by archvaria)\n|\n|t:|1700804644\n|start\n|switch|p1a: Dragapult|Dragapult, F|100\/100\n|switch|p2a: Great Tusk|Great Tusk|100\/100\n|turn|1\n|\n|t:|1700804648\n|move|p1a: Dragapult|Draco Meteor|p2a: Great Tusk\n|-damage|p2a: Great Tusk|0 fnt\n|-unboost|p1a: Dragapult|spa|2\n|faint|p2a: Great Tusk\n|-end|p2a: Great Tusk|Protosynthesis|[silent]\n|\n|upkeep\n|\n|t:|1700804656\n|switch|p2a: Tyranitar|Tyranitar, M|100\/100\n|-weather|Sandstorm|[from] ability: Sand Stream|[of] p2a: Tyranitar\n|turn|2\n|\n|t:|1700804660\n|switch|p1a: Corviknight|Corviknight, M|100\/100\n|-ability|p1a: Corviknight|Pressure\n|move|p2a: Tyranitar|Dragon Dance|p2a: Tyranitar\n|-boost|p2a: Tyranitar|atk|1\n|-boost|p2a: Tyranitar|spe|1\n|\n|-weather|Sandstorm|[upkeep]\n|upkeep\n|turn|3\n|\n|t:|1700804669\n|move|p2a: Tyranitar|Dragon Dance|p2a: Tyranitar\n|-boost|p2a: Tyranitar|atk|1\n|-boost|p2a: Tyranitar|spe|1\n|move|p1a: Corviknight|Body Press|p2a: Tyranitar\n|-supereffective|p2a: Tyranitar\n|-damage|p2a: Tyranitar|18\/100\n|\n|-weather|Sandstorm|[upkeep]\n|-heal|p2a: Tyranitar|25\/100|[from] item: Leftovers\n|upkeep\n|turn|4\n|\n|t:|1700804681\n|switch|p2a: Weezing|Weezing-Galar, F|100\/100\n|move|p1a: Corviknight|Roost||[still]\n|-fail|p1a: Corviknight|heal\n|\n|-weather|Sandstorm|[upkeep]\n|-damage|p2a: Weezing|95\/100|[from] Sandstorm\n|-heal|p2a: Weezing|100\/100|[from] item: Black Sludge\n|upkeep\n|turn|5\n|\n|t:|1700804690\n|switch|p1a: Slowking|Slowking-Galar, M|100\/100\n|move|p2a: Weezing|Will-O-Wisp|p1a: Slowking\n|-status|p1a: Slowking|brn\n|\n|-weather|Sandstorm|[upkeep]\n|-damage|p2a: Weezing|95\/100|[from] Sandstorm\n|-damage|p1a: Slowking|94\/100 brn|[from] Sandstorm\n|-heal|p2a: Weezing|100\/100|[from] item: Black Sludge\n|-damage|p1a: Slowking|88\/100 brn|[from] brn\n|upkeep\n|turn|6\n|\n|t:|1700804702\n|move|p2a: Weezing|Toxic Spikes|p1a: Slowking\n|-sidestart|p1: WintyBird|move: Toxic Spikes\n|move|p1a: Slowking|Future Sight|p2a: Weezing\n|-start|p1a: Slowking|move: Future Sight\n|\n|-weather|none\n|-damage|p1a: Slowking|82\/100 brn|[from] brn\n|upkeep\n|turn|7\n|\n|t:|1700804707\n|switch|p1a: Corviknight|Corviknight, M|100\/100\n|-ability|p1a: Corviknight|Pressure\n|move|p2a: Weezing|Toxic Spikes|p1a: Corviknight\n|-sidestart|p1: WintyBird|move: Toxic Spikes\n|\n|upkeep\n|turn|8\n|\n|t:|1700804713\n|switch|p1a: Slowking|Slowking-Galar, M|100\/100 brn\n|-sideend|p1: WintyBird|move: Toxic Spikes|[of] p1a: Slowking\n|move|p2a: Weezing|Will-O-Wisp|p1a: Slowking\n|-fail|p1a: Slowking|brn\n|\n|-end|p2a: Weezing|move: Future Sight\n|-supereffective|p2a: Weezing\n|-damage|p2a: Weezing|3\/100\n|-heal|p2a: Weezing|9\/100|[from] item: Black Sludge\n|-damage|p1a: Slowking|94\/100 brn|[from] brn\n|upkeep\n|turn|9\n|\n|t:|1700804725\n|move|p2a: Weezing|Toxic Spikes|p1a: Slowking\n|-sidestart|p1: WintyBird|move: Toxic Spikes\n|move|p1a: Slowking|Surf|p2a: Weezing\n|-damage|p2a: Weezing|0 fnt\n|faint|p2a: Weezing\n|\n|-damage|p1a: Slowking|88\/100 brn|[from] brn\n|upkeep\n|\n|t:|1700804732\n|switch|p2a: Garganacl|Garganacl, M|100\/100\n|turn|10\n|\n|t:|1700804737\n|move|p2a: Garganacl|Salt Cure|p1a: Slowking\n|-damage|p1a: Slowking|75\/100 brn\n|-start|p1a: Slowking|Salt Cure\n|move|p1a: Slowking|Future Sight|p2a: Garganacl\n|-start|p1a: Slowking|move: Future Sight\n|\n|-damage|p1a: Slowking|69\/100 brn|[from] brn\n|-damage|p1a: Slowking|56\/100 brn|[from] Salt Cure\n|upkeep\n|turn|11\n|\n|t:|1700804744\n|switch|p1a: Corviknight|Corviknight, M|100\/100\n|-ability|p1a: Corviknight|Pressure\n|move|p2a: Garganacl|Iron Defense|p2a: Garganacl\n|-boost|p2a: Garganacl|def|2\n|\n|upkeep\n|turn|12\n|\n|t:|1700804752\n|move|p1a: Corviknight|U-turn|p2a: Garganacl\n|-damage|p2a: Garganacl|96\/100\n|\n|t:|1700804753\n|switch|p1a: Slowking|Slowking-Galar, M|89\/100 brn|[from] U-turn\n|-sideend|p1: WintyBird|move: Toxic Spikes|[of] p1a: Slowking\n|move|p2a: Garganacl|Salt Cure|p1a: Slowking\n|-damage|p1a: Slowking|76\/100 brn\n|-start|p1a: Slowking|Salt Cure\n|\n|-end|p2a: Garganacl|move: Future Sight\n|-damage|p2a: Garganacl|63\/100\n|-heal|p2a: Garganacl|69\/100|[from] item: Leftovers\n|-damage|p1a: Slowking|70\/100 brn|[from] brn\n|-damage|p1a: Slowking|58\/100 brn|[from] Salt Cure\n|upkeep\n|turn|13\n|\n|t:|1700804768\n|move|p2a: Garganacl|Iron Defense|p2a: Garganacl\n|-boost|p2a: Garganacl|def|2\n|move|p1a: Slowking|Surf|p2a: Garganacl\n|-supereffective|p2a: Garganacl\n|-damage|p2a: Garganacl|35\/100\n|\n|-heal|p2a: Garganacl|41\/100|[from] item: Leftovers\n|-damage|p1a: Slowking|52\/100 brn|[from] brn\n|-damage|p1a: Slowking|39\/100 brn|[from] Salt Cure\n|upkeep\n|turn|14\n|\n|t:|1700804777\n|switch|p1a: Dragapult|Dragapult, F|100\/100\n|-terastallize|p2a: Garganacl|Water\n|move|p2a: Garganacl|Recover|p2a: Garganacl\n|-heal|p2a: Garganacl|91\/100\n|\n|-heal|p2a: Garganacl|97\/100|[from] item: Leftovers\n|upkeep\n|turn|15\n|\n|t:|1700804787\n|move|p1a: Dragapult|Draco Meteor|p2a: Garganacl\n|-damage|p2a: Garganacl|36\/100\n|-unboost|p1a: Dragapult|spa|2\n|move|p2a: Garganacl|Salt Cure|p1a: Dragapult\n|-damage|p1a: Dragapult|83\/100\n|-start|p1a: Dragapult|Salt Cure\n|\n|-heal|p2a: Garganacl|42\/100|[from] item: Leftovers\n|-damage|p1a: Dragapult|70\/100|[from] Salt Cure\n|upkeep\n|turn|16\n|\n|t:|1700804797\n|switch|p1a: Ninetales|Ninetales-Alola, F|100\/100\n|-weather|Snow|[from] ability: Snow Warning|[of] p1a: Ninetales\n|move|p2a: Garganacl|Recover|p2a: Garganacl\n|-heal|p2a: Garganacl|92\/100\n|\n|-weather|Snow|[upkeep]\n|-heal|p2a: Garganacl|98\/100|[from] item: Leftovers\n|upkeep\n|turn|17\n|c|\u2606WintyBird|!dt purifying body\n|error|No Pok\u00e9mon, item, move, ability or nature named 'purifying body' was found. (Check your spelling?)\n|c|\u2606WintyBird|!dt purifying salf\nNo Pok\u00e9mon, item, move, ability or nature named 'purifying salf' was found. Showing the data of 'Purifying Salt' instead.\n|raw|<ul class=\"utilichart\"><li class=\"result\"><span class=\"col namecol\"><a href=\"https:\/\/dex.pokemonshowdown.com\/abilities\/purifyingsalt\">Purifying Salt<\/a><\/span> <span class=\"col abilitydesccol\">Ghost damage to this Pokemon dealt with a halved offensive stat; can't be statused.<\/span> <\/li><li style=\"clear:both\"><\/li><\/ul>\n|raw|<font size=\"1\"><font color=\"#686868\">Gen:<\/font> 9&nbsp;|&ThickSpace;&#10003; Ignored by Mold Breaker<\/font>\n\n|\n|t:|1700804818\n|switch|p1a: Slowking|Slowking-Galar, M|72\/100 brn\n|move|p2a: Garganacl|Salt Cure|p1a: Slowking\n|-damage|p1a: Slowking|57\/100 brn\n|-start|p1a: Slowking|Salt Cure\n|\n|-weather|Snow|[upkeep]\n|-heal|p2a: Garganacl|100\/100|[from] item: Leftovers\n|-damage|p1a: Slowking|51\/100 brn|[from] brn\n|-damage|p1a: Slowking|38\/100 brn|[from] Salt Cure\n|upkeep\n|turn|18\n|\n|t:|1700804828\n|switch|p1a: Corviknight|Corviknight, M|100\/100\n|-ability|p1a: Corviknight|Pressure\n|move|p2a: Garganacl|Body Press|p1a: Corviknight\n|-damage|p1a: Corviknight|58\/100\n|-damage|p2a: Garganacl|84\/100|[from] item: Rocky Helmet|[of] p1a: Corviknight\n|\n|-weather|Snow|[upkeep]\n|-heal|p2a: Garganacl|90\/100|[from] item: Leftovers\n|upkeep\n|turn|19\n|\n|t:|1700804839\n|move|p1a: Corviknight|U-turn|p2a: Garganacl\n|-damage|p2a: Garganacl|87\/100\n|\n|t:|1700804844\n|switch|p1a: Slowking|Slowking-Galar, M|72\/100 brn|[from] U-turn\n|move|p2a: Garganacl|Iron Defense|p2a: Garganacl\n|-boost|p2a: Garganacl|def|2\n|\n|-weather|Snow|[upkeep]\n|-heal|p2a: Garganacl|93\/100|[from] item: Leftovers\n|-damage|p1a: Slowking|65\/100 brn|[from] brn\n|upkeep\n|turn|20\n|\n|t:|1700804853\n|move|p2a: Garganacl|Salt Cure|p1a: Slowking\n|-damage|p1a: Slowking|52\/100 brn\n|-start|p1a: Slowking|Salt Cure\n|move|p1a: Slowking|Future Sight|p2a: Garganacl\n|-start|p1a: Slowking|move: Future Sight\n|\n|-weather|none\n|-heal|p2a: Garganacl|99\/100|[from] item: Leftovers\n|-damage|p1a: Slowking|46\/100 brn|[from] brn\n|-damage|p1a: Slowking|33\/100 brn|[from] Salt Cure\n|upkeep\n|turn|21\n|\n|t:|1700804862\n|switch|p1a: Corviknight|Corviknight, M|58\/100\n|-ability|p1a: Corviknight|Pressure\n|move|p2a: Garganacl|Body Press|p1a: Corviknight\n|-damage|p1a: Corviknight|6\/100\n|-damage|p2a: Garganacl|83\/100|[from] item: Rocky Helmet|[of] p1a: Corviknight\n|\n|-heal|p2a: Garganacl|89\/100|[from] item: Leftovers\n|upkeep\n|turn|22\n|\n|t:|1700804872\n|move|p1a: Corviknight|Roost|p1a: Corviknight\n|-heal|p1a: Corviknight|56\/100\n|-singleturn|p1a: Corviknight|move: Roost\n|move|p2a: Garganacl|Salt Cure|p1a: Corviknight\n|-resisted|p1a: Corviknight\n|-damage|p1a: Corviknight|51\/100\n|-start|p1a: Corviknight|Salt Cure\n|\n|-end|p2a: Garganacl|move: Future Sight\n|-damage|p2a: Garganacl|57\/100\n|-heal|p2a: Garganacl|63\/100|[from] item: Leftovers\n|-damage|p1a: Corviknight|27\/100|[from] Salt Cure\n|upkeep\n|turn|23\n|\n|t:|1700804885\n|move|p1a: Corviknight|U-turn|p2a: Garganacl\n|-damage|p2a: Garganacl|60\/100\n|\n|t:|1700804888\n|switch|p1a: Slowking|Slowking-Galar, M|66\/100 brn|[from] U-turn\n|move|p2a: Garganacl|Body Press|p1a: Slowking\n|-resisted|p1a: Slowking\n|-damage|p1a: Slowking|42\/100 brn\n|\n|-heal|p2a: Garganacl|66\/100|[from] item: Leftovers\n|-damage|p1a: Slowking|36\/100 brn|[from] brn\n|upkeep\n|turn|24\n|\n|t:|1700804901\n|move|p2a: Garganacl|Salt Cure|p1a: Slowking\n|-crit|p1a: Slowking\n|-damage|p1a: Slowking|14\/100 brn\n|-start|p1a: Slowking|Salt Cure\n|move|p1a: Slowking|Sludge Bomb|p2a: Garganacl\n|-damage|p2a: Garganacl|40\/100\n|\n|-heal|p2a: Garganacl|47\/100|[from] item: Leftovers\n|-damage|p1a: Slowking|8\/100 brn|[from] brn\n|-damage|p1a: Slowking|0 fnt|[from] Salt Cure\n|faint|p1a: Slowking\n|upkeep\n|\n|t:|1700804904\n|switch|p1a: Dragapult|Dragapult, F|70\/100\n|turn|25\n|\n|t:|1700804914\n|switch|p2a: Tyranitar|Tyranitar, M|25\/100\n|-weather|Sandstorm|[from] ability: Sand Stream|[of] p2a: Tyranitar\n|move|p1a: Dragapult|Draco Meteor|p2a: Tyranitar\n|-damage|p2a: Tyranitar|0 fnt\n|-unboost|p1a: Dragapult|spa|2\n|faint|p2a: Tyranitar\n|\n|-weather|Sandstorm|[upkeep]\n|-damage|p1a: Dragapult|64\/100|[from] Sandstorm\n|upkeep\n|\n|t:|1700804924\n|switch|p2a: Iron Valiant|Iron Valiant|100\/100\n|turn|26\n|\n|t:|1700804934\n|switch|p1a: Corviknight|Corviknight, M|27\/100\n|-ability|p1a: Corviknight|Pressure\n|move|p2a: Iron Valiant|Moonblast|p1a: Corviknight\n|-resisted|p1a: Corviknight\n|-damage|p1a: Corviknight|0 fnt\n|faint|p1a: Corviknight\n|\n|-weather|Sandstorm|[upkeep]\n|-damage|p2a: Iron Valiant|94\/100|[from] Sandstorm\n|upkeep\n|\n|t:|1700804939\n|switch|p1a: Ninetales|Ninetales-Alola, F|100\/100\n|-weather|Snow|[from] ability: Snow Warning|[of] p1a: Ninetales\n|turn|27\n|\n|t:|1700804946\n|move|p2a: Iron Valiant|Moonblast|p1a: Ninetales\n|-damage|p1a: Ninetales|21\/100\n|move|p1a: Ninetales|Moonblast|p2a: Iron Valiant\n|-supereffective|p2a: Iron Valiant\n|-damage|p2a: Iron Valiant|0 fnt\n|faint|p2a: Iron Valiant\n|-end|p2a: Iron Valiant|Quark Drive|[silent]\n|\n|-weather|Snow|[upkeep]\n|upkeep\n|\n|t:|1700804954\n|switch|p2a: Garganacl|Garganacl, M, tera:Water|47\/100\n|turn|28\n|\n|t:|1700804959\n|move|p1a: Ninetales|Freeze-Dry|p2a: Garganacl\n|-supereffective|p2a: Garganacl\n|-damage|p2a: Garganacl|11\/100\n|move|p2a: Garganacl|Recover|p2a: Garganacl\n|-heal|p2a: Garganacl|61\/100\n|\n|-weather|Snow|[upkeep]\n|-heal|p2a: Garganacl|67\/100|[from] item: Leftovers\n|upkeep\n|turn|29\n|\n|t:|1700804969\n|move|p1a: Ninetales|Freeze-Dry|p2a: Garganacl\n|-supereffective|p2a: Garganacl\n|-damage|p2a: Garganacl|31\/100\n|move|p2a: Garganacl|Iron Defense|p2a: Garganacl\n|-boost|p2a: Garganacl|def|2\n|\n|-weather|Snow|[upkeep]\n|-heal|p2a: Garganacl|38\/100|[from] item: Leftovers\n|upkeep\n|turn|30\n|\n|t:|1700804989\n|move|p1a: Ninetales|Freeze-Dry|p2a: Garganacl\n|-supereffective|p2a: Garganacl\n|-damage|p2a: Garganacl|0 fnt\n|faint|p2a: Garganacl\n|\n|-weather|Snow|[upkeep]\n|upkeep\n|c|\u2606archvaria|Max roll\n|c|\u2606archvaria|2% chance\n|c|\u2606archvaria|Unreal\n|c|\u2606WintyBird|Dang really?\n|\n|t:|1700805008\n|switch|p2a: Toxapex|Toxapex, M|100\/100\n|turn|31\n|\n|t:|1700805011\n|move|p1a: Ninetales|Freeze-Dry|p2a: Toxapex\n|-supereffective|p2a: Toxapex\n|-crit|p2a: Toxapex\n|-damage|p2a: Toxapex|29\/100\n|move|p2a: Toxapex|Toxic|p1a: Ninetales\n|-status|p1a: Ninetales|tox\n|\n|-weather|none\n|-heal|p2a: Toxapex|36\/100|[from] item: Black Sludge\n|-damage|p1a: Ninetales|15\/100 tox|[from] psn\n|upkeep\n|turn|32\n|c|\u2606archvaria|aaaaaand a crit\n|\n|t:|1700805021\n|move|p2a: Toxapex|Baneful Bunker|p2a: Toxapex\n|-singleturn|p2a: Toxapex|move: Protect\n|move|p1a: Ninetales|Freeze-Dry|p2a: Toxapex\n|-activate|p2a: Toxapex|move: Protect\n|\n|-heal|p2a: Toxapex|42\/100|[from] item: Black Sludge\n|-damage|p1a: Ninetales|3\/100 tox|[from] psn\n|upkeep\n|turn|33\n|c|\u2606WintyBird|I'm pretty spatk weighted\n|\n|t:|1700805030\n|move|p2a: Toxapex|Baneful Bunker||[still]\n|-fail|p2a: Toxapex\n|move|p1a: Ninetales|Freeze-Dry|p2a: Toxapex\n|-supereffective|p2a: Toxapex\n|-damage|p2a: Toxapex|0 fnt\n|faint|p2a: Toxapex\n|\n|win|WintyBird\n|raw|WintyBird's rating: 1452 &rarr; <strong>1473<\/strong><br \/>(+21 for winning)\n|raw|archvaria's rating: 1471 &rarr; <strong>1450<\/strong><br \/>(-21 for losing)\n|c|\u2606WintyBird|gg\n|l|\u2606archvaria\n","uploadtime":1700805040,"views":4,"p1id":"wintybird","p2id":"archvaria","formatid":"gen9ou","rating":1450,"private":0,"password":""}