{"id":"gen9ou-1991538807","p1":"fre33zy","p2":"NassBug","format":"[Gen 9] OU","log":"|j|\u2606fre33zy\n|j|\u2606NassBug\n|t:|1700086273\n|gametype|singles\n|player|p1|fre33zy|swimmer|1000\n|player|p2|NassBug|clerkf|1115\n|teamsize|p1|6\n|teamsize|p2|6\n|gen|9\n|tier|[Gen 9] OU\n|rated|\n|rule|Sleep Clause Mod: Limit one foe put to sleep\n|rule|Species Clause: Limit one of each Pok\u00e9mon\n|rule|OHKO Clause: OHKO moves are banned\n|rule|Evasion Items Clause: Evasion items are banned\n|rule|Evasion Moves Clause: Evasion moves are banned\n|rule|Endless Battle Clause: Forcing endless battles is banned\n|rule|HP Percentage Mod: HP is shown in percentages\n|clearpoke\n|poke|p1|Heatran, M|\n|poke|p1|Ogerpon-Wellspring, F|\n|poke|p1|Kingambit, F|\n|poke|p1|Salamence, M|\n|poke|p1|Glimmora, F|\n|poke|p1|Sinistcha|\n|poke|p2|Great Tusk|\n|poke|p2|Dragonite, M|\n|poke|p2|Ceruledge, M|\n|poke|p2|Jirachi|\n|poke|p2|Salamence, F|\n|poke|p2|Ogerpon-Wellspring, F|\n|teampreview\n|\n|t:|1700086288\n|start\n|switch|p1a: Glimmora|Glimmora, F|100\/100\n|switch|p2a: Swords|Ceruledge, M|100\/100\n|turn|1\n|\n|t:|1700086294\n|move|p1a: Glimmora|Reflect|p1a: Glimmora\n|-sidestart|p1: fre33zy|Reflect\n|move|p2a: Swords|Swords Dance|p2a: Swords\n|-boost|p2a: Swords|atk|2\n|\n|upkeep\n|turn|2\n|\n|t:|1700086306\n|move|p1a: Glimmora|Light Screen|p1a: Glimmora\n|-sidestart|p1: fre33zy|move: Light Screen\n|move|p2a: Swords|Poltergeist|p1a: Glimmora\n|-activate|p1a: Glimmora|move: Poltergeist|Light Clay\n|-damage|p1a: Glimmora|37\/100\n|-activate|p1a: Glimmora|ability: Toxic Debris\n|-sidestart|p2: NassBug|move: Toxic Spikes\n|\n|upkeep\n|turn|3\n|\n|t:|1700086314\n|move|p1a: Glimmora|Mortal Spin|p2a: Swords\n|-resisted|p2a: Swords\n|-damage|p2a: Swords|96\/100\n|-status|p2a: Swords|psn\n|-ability|p2a: Swords|Weak Armor|boost\n|-unboost|p2a: Swords|def|1\n|-boost|p2a: Swords|spe|2\n|move|p2a: Swords|Swords Dance|p2a: Swords\n|-boost|p2a: Swords|atk|2\n|\n|-damage|p2a: Swords|84\/100 psn|[from] psn\n|upkeep\n|turn|4\n|\n|t:|1700086325\n|move|p2a: Swords|Bitter Blade|p1a: Glimmora\n|-resisted|p1a: Glimmora\n|-damage|p1a: Glimmora|0 fnt\n|-heal|p2a: Swords|100\/100 psn|[from] drain|[of] p1a: Glimmora\n|-activate|p1a: Glimmora|ability: Toxic Debris\n|-sidestart|p2: NassBug|move: Toxic Spikes\n|faint|p1a: Glimmora\n|\n|-damage|p2a: Swords|88\/100 psn|[from] psn\n|upkeep\n|\n|t:|1700086336\n|switch|p1a: Salamence|Salamence, M|100\/100\n|turn|5\n|\n|t:|1700086341\n|move|p2a: Swords|Poltergeist|p1a: Salamence\n|-activate|p1a: Salamence|move: Poltergeist|Heavy-Duty Boots\n|-damage|p1a: Salamence|2\/100\n|move|p1a: Salamence|Earthquake|p2a: Swords\n|-supereffective|p2a: Swords\n|-damage|p2a: Swords|0 fnt\n|faint|p2a: Swords\n|-ability|p1a: Salamence|Moxie|boost\n|-boost|p1a: Salamence|atk|1\n|\n|upkeep\n|inactive|Battle timer is ON: inactive players will automatically lose when time's up. (requested by fre33zy)\n|\n|t:|1700086375\n|switch|p2a: Jirachi|Jirachi|100\/100\n|turn|6\n|\n|t:|1700086382\n|move|p2a: Jirachi|U-turn|p1a: Salamence\n|-resisted|p1a: Salamence\n|-damage|p1a: Salamence|0 fnt\n|faint|p1a: Salamence\n|\n|t:|1700086389\n|switch|p2a: Litarally great|Great Tusk, shiny|100\/100|[from] U-turn\n|-status|p2a: Litarally great|tox\n|-enditem|p2a: Litarally great|Booster Energy\n|-activate|p2a: Litarally great|ability: Protosynthesis|[fromitem]\n|-start|p2a: Litarally great|protosynthesisspe\n|\n|-damage|p2a: Litarally great|94\/100 tox|[from] psn\n|upkeep\n|\n|t:|1700086397\n|switch|p1a: Sinistcha|Sinistcha|100\/100\n|turn|7\n|\n|t:|1700086407\n|move|p2a: Litarally great|Ice Spinner|p1a: Sinistcha\n|-supereffective|p1a: Sinistcha\n|-damage|p1a: Sinistcha|78\/100\n|-damage|p2a: Litarally great|78\/100 tox|[from] item: Rocky Helmet|[of] p1a: Sinistcha\n|move|p1a: Sinistcha|Nasty Plot|p1a: Sinistcha\n|-boost|p1a: Sinistcha|spa|2\n|\n|-damage|p2a: Litarally great|65\/100 tox|[from] psn\n|upkeep\n|turn|8\n|\n|t:|1700086416\n|move|p2a: Litarally great|Ice Spinner|p1a: Sinistcha\n|-supereffective|p1a: Sinistcha\n|-damage|p1a: Sinistcha|55\/100\n|-damage|p2a: Litarally great|48\/100 tox|[from] item: Rocky Helmet|[of] p1a: Sinistcha\n|move|p1a: Sinistcha|Matcha Gotcha|p2a: Litarally great\n|-supereffective|p2a: Litarally great\n|-damage|p2a: Litarally great|0 fnt\n|-heal|p1a: Sinistcha|85\/100|[from] drain|[of] p2a: Litarally great\n|faint|p2a: Litarally great\n|-end|p2a: Litarally great|Protosynthesis|[silent]\n|\n|-sideend|p1: fre33zy|Reflect\n|upkeep\n|\n|t:|1700086425\n|switch|p2a: Jirachi|Jirachi|100\/100\n|turn|9\n|\n|t:|1700086438\n|move|p2a: Jirachi|Iron Head|p1a: Sinistcha\n|-damage|p1a: Sinistcha|54\/100\n|-damage|p2a: Jirachi|84\/100|[from] item: Rocky Helmet|[of] p1a: Sinistcha\n|cant|p1a: Sinistcha|flinch\n|\n|-sideend|p1: fre33zy|move: Light Screen\n|upkeep\n|turn|10\n|\n|t:|1700086444\n|move|p2a: Jirachi|Iron Head|p1a: Sinistcha\n|-damage|p1a: Sinistcha|18\/100\n|-damage|p2a: Jirachi|68\/100|[from] item: Rocky Helmet|[of] p1a: Sinistcha\n|cant|p1a: Sinistcha|flinch\n|\n|upkeep\n|turn|11\n|\n|t:|1700086450\n|move|p2a: Jirachi|Iron Head|p1a: Sinistcha\n|-damage|p1a: Sinistcha|0 fnt\n|-damage|p2a: Jirachi|51\/100|[from] item: Rocky Helmet|[of] p1a: Sinistcha\n|faint|p1a: Sinistcha\n|\n|upkeep\n|n|!fre33zy|fre33zy\n|\n|t:|1700086464\n|switch|p1a: Heatran|Heatran, M|100\/100\n|turn|12\n|\n|t:|1700086472\n|switch|p2a: Ogerpon|Ogerpon-Wellspring, F|100\/100\n|-status|p2a: Ogerpon|tox\n|move|p1a: Heatran|Magma Storm|p2a: Ogerpon|[miss]\n|-miss|p1a: Heatran|p2a: Ogerpon\n|\n|-damage|p2a: Ogerpon|95\/100 tox|[from] psn\n|upkeep\n|turn|13\n|\n|t:|1700086482\n|switch|p1a: Ogerpon|Ogerpon-Wellspring, F|100\/100\n|move|p2a: Ogerpon|Ivy Cudgel|p1a: Ogerpon|[anim] Ivy Cudgel Water\n|-immune|p1a: Ogerpon|[from] ability: Water Absorb\n|\n|-damage|p2a: Ogerpon|83\/100 tox|[from] psn\n|upkeep\n|turn|14\n|l|!fre33zy\n|inactive|fre33zy disconnected and has a minute to reconnect!\n|player|p1|\n|inactive|fre33zy has 30 seconds to reconnect!\n|inactive|fre33zy has 20 seconds to reconnect!\n|inactive|fre33zy has 15 seconds to reconnect!\n|inactive|fre33zy has 10 seconds to reconnect!\n|inactive|fre33zy has 5 seconds to reconnect!\n|-message|fre33zy lost due to inactivity.\n|\n|win|NassBug\n|raw|fre33zy's rating: 1000 &rarr; <strong>1000<\/strong><br \/>(+0 for losing)\n|raw|NassBug's rating: 1115 &rarr; <strong>1132<\/strong><br \/>(+17 for winning)\n","uploadtime":1700086459,"views":7,"p1id":"fre33zy","p2id":"nassbug","formatid":"gen9ou","rating":1000,"private":0,"password":""}