{"id":"gen9ou-1997956744","p1":"Duckycrater","p2":"Peratest","format":"[Gen 9] OU","log":"|j|\u2606Duckycrater\n|j|\u2606Peratest\n|t:|1700871981\n|gametype|singles\n|player|p1|Duckycrater|266|1624\n|player|p2|Peratest|linebacker|1683\n|teamsize|p1|6\n|teamsize|p2|6\n|gen|9\n|tier|[Gen 9] OU\n|rated|\n|rule|Sleep Clause Mod: Limit one foe put to sleep\n|rule|Species Clause: Limit one of each Pok\u00e9mon\n|rule|OHKO Clause: OHKO moves are banned\n|rule|Evasion Items Clause: Evasion items are banned\n|rule|Evasion Moves Clause: Evasion moves are banned\n|rule|Endless Battle Clause: Forcing endless battles is banned\n|rule|HP Percentage Mod: HP is shown in percentages\n|clearpoke\n|poke|p1|Ribombee, M|\n|poke|p1|Ogerpon-Wellspring, F|\n|poke|p1|Iron Moth|\n|poke|p1|Kingambit, F|\n|poke|p1|Gholdengo|\n|poke|p1|Iron Valiant|\n|poke|p2|Ogerpon, F|\n|poke|p2|Cinderace, M|\n|poke|p2|Corviknight, M|\n|poke|p2|Clodsire, M|\n|poke|p2|Iron Valiant|\n|poke|p2|Heatran, M|\n|teampreview\n|inactive|Battle timer is ON: inactive players will automatically lose when time's up. (requested by Duckycrater)\n|\n|t:|1700872003\n|start\n|switch|p1a: Ribombee|Ribombee, M|100\/100\n|switch|p2a: Jeff|Heatran, M, shiny|100\/100\n|-item|p2a: Jeff|Air Balloon\n|turn|1\n|\n|t:|1700872015\n|move|p1a: Ribombee|Sticky Web|p2a: Jeff\n|-sidestart|p2: Peratest|move: Sticky Web\n|move|p2a: Jeff|Power Gem|p1a: Ribombee\n|-supereffective|p1a: Ribombee\n|-damage|p1a: Ribombee|16\/100\n|\n|upkeep\n|turn|2\n|\n|t:|1700872028\n|move|p1a: Ribombee|Moonblast|p2a: Jeff\n|-resisted|p2a: Jeff\n|-damage|p2a: Jeff|95\/100\n|-enditem|p2a: Jeff|Air Balloon\n|move|p2a: Jeff|Taunt|p1a: Ribombee\n|-start|p1a: Ribombee|move: Taunt\n|\n|upkeep\n|turn|3\n|\n|t:|1700872037\n|switch|p1a: Ogerpon|Ogerpon-Wellspring, F|100\/100\n|switch|p2a: Sanji|Cinderace, M, shiny|100\/100\n|\n|upkeep\n|turn|4\n|\n|t:|1700872044\n|move|p2a: Sanji|U-turn|p1a: Ogerpon\n|-start|p2a: Sanji|typechange|Bug|[from] ability: Libero\n|-supereffective|p1a: Ogerpon\n|-damage|p1a: Ogerpon|20\/100\n|\n|t:|1700872050\n|switch|p2a: Nevermore|Corviknight, M, shiny|100\/100|[from] U-turn\n|move|p1a: Ogerpon|Ivy Cudgel|p2a: Nevermore|[anim] Ivy Cudgel Water\n|-damage|p2a: Nevermore|67\/100\n|\n|upkeep\n|turn|5\n|\n|t:|1700872058\n|move|p1a: Ogerpon|Swords Dance|p1a: Ogerpon\n|-boost|p1a: Ogerpon|atk|2\n|move|p2a: Nevermore|U-turn|p1a: Ogerpon\n|-supereffective|p1a: Ogerpon\n|-damage|p1a: Ogerpon|0 fnt\n|faint|p1a: Ogerpon\n|\n|t:|1700872067\n|switch|p2a: Sanji|Cinderace, M, shiny|100\/100|[from] U-turn\n|\n|upkeep\n|\n|t:|1700872071\n|switch|p1a: Iron Valiant|Iron Valiant|100\/100\n|-enditem|p1a: Iron Valiant|Booster Energy\n|-activate|p1a: Iron Valiant|ability: Quark Drive|[fromitem]\n|-start|p1a: Iron Valiant|quarkdrivespe\n|turn|6\n|inactive|Peratest has 120 seconds left.\n|j| Unearth Myself\n|\n|t:|1700872109\n|switch|p2a: Happy 2 b here|Clodsire, M, shiny|100\/100\n|-activate|p2a: Happy 2 b here|move: Sticky Web\n|-unboost|p2a: Happy 2 b here|spe|1\n|move|p1a: Iron Valiant|Knock Off|p2a: Happy 2 b here\n|-damage|p2a: Happy 2 b here|61\/100\n|-enditem|p2a: Happy 2 b here|Leftovers|[from] move: Knock Off|[of] p1a: Iron Valiant\n|\n|upkeep\n|turn|7\n|inactive|Peratest has 120 seconds left.\n|j| THEAsianFaLiUrE\n|inactive|Duckycrater has 120 seconds left.\n|j| Large_Rodent\n|j| hax makes me wet\n|j| fropop\n|l| hax makes me wet\n|\n|t:|1700872164\n|move|p1a: Iron Valiant|Knock Off|p2a: Happy 2 b here\n|-damage|p2a: Happy 2 b here|37\/100\n|move|p2a: Happy 2 b here|Recover|p2a: Happy 2 b here\n|-heal|p2a: Happy 2 b here|87\/100\n|\n|upkeep\n|turn|8\n|inactive|Peratest has 120 seconds left.\n|\n|t:|1700872172\n|move|p1a: Iron Valiant|Close Combat|p2a: Happy 2 b here\n|-resisted|p2a: Happy 2 b here\n|-damage|p2a: Happy 2 b here|55\/100\n|-unboost|p1a: Iron Valiant|def|1\n|-unboost|p1a: Iron Valiant|spd|1\n|move|p2a: Happy 2 b here|Earthquake|p1a: Iron Valiant\n|-damage|p1a: Iron Valiant|45\/100\n|\n|upkeep\n|turn|9\n|-message|Duckycrater forfeited.\n|\n|win|Peratest\n|raw|Duckycrater's rating: 1624 &rarr; <strong>1607<\/strong><br \/>(-17 for losing)\n|raw|Peratest's rating: 1683 &rarr; <strong>1700<\/strong><br \/>(+17 for winning)\n|l|\u2606Duckycrater\n|l| Unearth Myself\n|c|\u2606Peratest|Sorry no show guys\n","uploadtime":1700872191,"views":16,"p1id":"duckycrater","p2id":"peratest","formatid":"gen9ou","rating":1607,"private":0,"password":""}