{"id":"gen9ou-2000286564","p1":"SDL_ABDU","p2":"Hrksbwhyf","format":"[Gen 9] OU","log":"|j|\u2606SDL_ABDU\n|j|\u2606Hrksbwhyf\n|t:|1701181457\n|gametype|singles\n|player|p1|SDL_ABDU|102|1446\n|player|p2|Hrksbwhyf|iris-gen5bw2|1478\n|teamsize|p1|6\n|teamsize|p2|6\n|gen|9\n|tier|[Gen 9] OU\n|rated|\n|rule|Sleep Clause Mod: Limit one foe put to sleep\n|rule|Species Clause: Limit one of each Pok\u00e9mon\n|rule|OHKO Clause: OHKO moves are banned\n|rule|Evasion Items Clause: Evasion items are banned\n|rule|Evasion Moves Clause: Evasion moves are banned\n|rule|Endless Battle Clause: Forcing endless battles is banned\n|rule|HP Percentage Mod: HP is shown in percentages\n|clearpoke\n|poke|p1|Corviknight, M|\n|poke|p1|Dragonite, M|\n|poke|p1|Meowscarada, F|\n|poke|p1|Slowking-Galar, M|\n|poke|p1|Glimmora, F|\n|poke|p1|Landorus-Therian, M|\n|poke|p2|Weavile, F|\n|poke|p2|Heatran, F|\n|poke|p2|Great Tusk|\n|poke|p2|Landorus-Therian, M|\n|poke|p2|Ogerpon-Wellspring, F|\n|poke|p2|Gholdengo|\n|teampreview\n|inactive|Battle timer is ON: inactive players will automatically lose when time's up. (requested by SDL_ABDU)\n|\n|t:|1701181474\n|start\n|switch|p1a: Meowscarada|Meowscarada, F|100\/100\n|switch|p2a: Great Tusk|Great Tusk|100\/100\n|turn|1\n|\n|t:|1701181478\n|move|p1a: Meowscarada|Flower Trick|p2a: Great Tusk\n|-start|p1a: Meowscarada|typechange|Grass|[from] ability: Protean\n|-supereffective|p2a: Great Tusk\n|-crit|p2a: Great Tusk\n|-damage|p2a: Great Tusk|9\/100\n|move|p2a: Great Tusk|Stealth Rock|p1a: Meowscarada\n|-sidestart|p1: SDL_ABDU|move: Stealth Rock\n|\n|upkeep\n|turn|2\n|\n|t:|1701181489\n|switch|p1a: Corviknight|Corviknight, M|100\/100\n|-damage|p1a: Corviknight|88\/100|[from] Stealth Rock\n|-end|p2a: Great Tusk|Protosynthesis|[silent]\n|switch|p2a: Heatran|Heatran, F|100\/100\n|\n|upkeep\n|turn|3\n|\n|t:|1701181496\n|move|p2a: Heatran|Magma Storm|p1a: Corviknight|[miss]\n|-miss|p2a: Heatran|p1a: Corviknight\n|move|p1a: Corviknight|U-turn|p2a: Heatran\n|-resisted|p2a: Heatran\n|-damage|p2a: Heatran|97\/100\n|\n|t:|1701181501\n|switch|p1a: Landorus|Landorus-Therian, M|100\/100|[from] U-turn\n|-damage|p1a: Landorus|88\/100|[from] Stealth Rock\n|-ability|p1a: Landorus|Intimidate|boost\n|-unboost|p2a: Heatran|atk|1\n|\n|-heal|p1a: Landorus|94\/100|[from] item: Leftovers\n|-heal|p2a: Heatran|100\/100|[from] item: Leftovers\n|upkeep\n|turn|4\n|\n|t:|1701181508\n|switch|p2a: Landorus|Landorus-Therian, M|100\/100\n|-ability|p2a: Landorus|Intimidate|boost\n|-unboost|p1a: Landorus|atk|1\n|move|p1a: Landorus|Stealth Rock|p2a: Landorus\n|-sidestart|p2: Hrksbwhyf|move: Stealth Rock\n|\n|-heal|p1a: Landorus|100\/100|[from] item: Leftovers\n|upkeep\n|turn|5\n|\n|t:|1701181513\n|-terastallize|p2a: Landorus|Ice\n|move|p2a: Landorus|Tera Blast|p1a: Landorus|[anim] Tera Blast Ice\n|-supereffective|p1a: Landorus\n|-damage|p1a: Landorus|0 fnt\n|faint|p1a: Landorus\n|\n|upkeep\n|\n|t:|1701181528\n|switch|p1a: Glimmora|Glimmora, F|100\/100\n|-damage|p1a: Glimmora|88\/100|[from] Stealth Rock\n|-item|p1a: Glimmora|Air Balloon\n|turn|6\n|\n|t:|1701181535\n|switch|p2a: Ogerpon|Ogerpon-Wellspring, F|100\/100\n|-damage|p2a: Ogerpon|88\/100|[from] Stealth Rock\n|move|p1a: Glimmora|Power Gem|p2a: Ogerpon\n|-damage|p2a: Ogerpon|49\/100\n|\n|upkeep\n|turn|7\n|\n|t:|1701181541\n|switch|p1a: Corviknight|Corviknight, M|88\/100\n|-damage|p1a: Corviknight|76\/100|[from] Stealth Rock\n|move|p2a: Ogerpon|Ivy Cudgel|p1a: Corviknight|[anim] Ivy Cudgel Water\n|-damage|p1a: Corviknight|38\/100\n|\n|upkeep\n|turn|8\n|\n|t:|1701181547\n|move|p2a: Ogerpon|Ivy Cudgel|p1a: Corviknight|[anim] Ivy Cudgel Water\n|-damage|p1a: Corviknight|3\/100\n|move|p1a: Corviknight|U-turn|p2a: Ogerpon\n|-supereffective|p2a: Ogerpon\n|-damage|p2a: Ogerpon|13\/100\n|\n|t:|1701181553\n|switch|p1a: Meowscarada|Meowscarada, F|100\/100|[from] U-turn\n|-damage|p1a: Meowscarada|88\/100|[from] Stealth Rock\n|\n|upkeep\n|turn|9\n|\n|t:|1701181559\n|move|p1a: Meowscarada|Flower Trick|p2a: Ogerpon\n|-start|p1a: Meowscarada|typechange|Grass|[from] ability: Protean\n|-crit|p2a: Ogerpon\n|-damage|p2a: Ogerpon|0 fnt\n|faint|p2a: Ogerpon\n|\n|upkeep\n|\n|t:|1701181560\n|switch|p2a: Heatran|Heatran, F|100\/100\n|-damage|p2a: Heatran|88\/100|[from] Stealth Rock\n|turn|10\n|\n|t:|1701181566\n|switch|p1a: Corviknight|Corviknight, M|3\/100\n|-damage|p1a: Corviknight|0 fnt|[from] Stealth Rock\n|faint|p1a: Corviknight\n|move|p2a: Heatran|Magma Storm|p1: Corviknight|[notarget]\n|-fail|p2a: Heatran\n|\n|-heal|p2a: Heatran|94\/100|[from] item: Leftovers\n|upkeep\n|\n|t:|1701181584\n|switch|p1a: Glimmora|Glimmora, F|88\/100\n|-damage|p1a: Glimmora|75\/100|[from] Stealth Rock\n|-item|p1a: Glimmora|Air Balloon\n|turn|11\n|\n|t:|1701181591\n|switch|p2a: Landorus|Landorus-Therian, M, tera:Ice|100\/100\n|-damage|p2a: Landorus|76\/100|[from] Stealth Rock\n|-ability|p2a: Landorus|Intimidate|boost\n|-unboost|p1a: Glimmora|atk|1\n|move|p1a: Glimmora|Power Gem|p2a: Landorus\n|-supereffective|p2a: Landorus\n|-damage|p2a: Landorus|0 fnt\n|faint|p2a: Landorus\n|\n|upkeep\n|\n|t:|1701181594\n|switch|p2a: Great Tusk|Great Tusk|9\/100\n|turn|12\n|\n|t:|1701181597\n|move|p1a: Glimmora|Spiky Shield|p1a: Glimmora\n|-singleturn|p1a: Glimmora|move: Protect\n|move|p2a: Great Tusk|Rapid Spin|p1a: Glimmora\n|-activate|p1a: Glimmora|move: Protect\n|-damage|p2a: Great Tusk|0 fnt|[from] Spiky Shield|[of] p1a: Glimmora\n|faint|p2a: Great Tusk\n|-end|p2a: Great Tusk|Protosynthesis|[silent]\n|\n|upkeep\n|-message|Hrksbwhyf forfeited.\n|\n|win|SDL_ABDU\n|raw|SDL_ABDU's rating: 1446 &rarr; <strong>1468<\/strong><br \/>(+22 for winning)\n|raw|Hrksbwhyf's rating: 1478 &rarr; <strong>1456<\/strong><br \/>(-22 for losing)\n|l|\u2606Hrksbwhyf\n","uploadtime":1701181612,"views":5,"p1id":"sdlabdu","p2id":"hrksbwhyf","formatid":"gen9ou","rating":1456,"private":0,"password":""}