{"id":"gen9ou-1995714501","p1":"LoudoEp","p2":"Bouli_Guili","format":"[Gen 9] OU","log":"|j|\u2606LoudoEp\n|j|\u2606Bouli_Guili\n|t:|1700596370\n|gametype|singles\n|player|p1|LoudoEp|brycen|1589\n|player|p2|Bouli_Guili|265|1605\n|teamsize|p1|6\n|teamsize|p2|6\n|gen|9\n|tier|[Gen 9] OU\n|rated|\n|rule|Sleep Clause Mod: Limit one foe put to sleep\n|rule|Species Clause: Limit one of each Pok\u00e9mon\n|rule|OHKO Clause: OHKO moves are banned\n|rule|Evasion Items Clause: Evasion items are banned\n|rule|Evasion Moves Clause: Evasion moves are banned\n|rule|Endless Battle Clause: Forcing endless battles is banned\n|rule|HP Percentage Mod: HP is shown in percentages\n|clearpoke\n|poke|p1|Sinistcha|\n|poke|p1|Tyranitar, F|\n|poke|p1|Heatran, M|\n|poke|p1|Rillaboom, M|\n|poke|p1|Munkidori, M|\n|poke|p1|Samurott-Hisui, F|\n|poke|p2|Ceruledge, M|\n|poke|p2|Garganacl, M|\n|poke|p2|Dragapult, M|\n|poke|p2|Cinderace, M|\n|poke|p2|Corviknight, M|\n|poke|p2|Great Tusk|\n|teampreview\n|inactive|Battle timer is ON: inactive players will automatically lose when time's up. (requested by LoudoEp)\n|\n|t:|1700596393\n|start\n|switch|p1a: Munkidori|Munkidori, M|100\/100\n|switch|p2a: GRIAAAAAARK|Corviknight, M|100\/100\n|-ability|p2a: GRIAAAAAARK|Pressure\n|turn|1\n|\n|t:|1700596403\n|move|p1a: Munkidori|Trick|p2a: GRIAAAAAARK\n|-activate|p1a: Munkidori|move: Trick|[of] p2a: GRIAAAAAARK\n|-item|p2a: GRIAAAAAARK|Choice Scarf|[from] move: Trick\n|-item|p1a: Munkidori|Rocky Helmet|[from] move: Trick\n|move|p2a: GRIAAAAAARK|U-turn|p1a: Munkidori\n|-damage|p1a: Munkidori|78\/100\n|-damage|p2a: GRIAAAAAARK|84\/100|[from] item: Rocky Helmet|[of] p1a: Munkidori\n|\n|t:|1700596409\n|switch|p2a: Russian rockets|Dragapult, M|100\/100|[from] U-turn\n|\n|upkeep\n|turn|2\n|\n|t:|1700596417\n|switch|p1a: Tyranitar|Tyranitar, F|100\/100\n|-weather|Sandstorm|[from] ability: Sand Stream|[of] p1a: Tyranitar\n|move|p2a: Russian rockets|Shadow Ball|p1a: Tyranitar\n|-resisted|p1a: Tyranitar\n|-damage|p1a: Tyranitar|83\/100\n|\n|-weather|Sandstorm|[upkeep]\n|-damage|p2a: Russian rockets|95\/100|[from] Sandstorm\n|upkeep\n|turn|3\n|\n|t:|1700596432\n|switch|p2a: GRIAAAAAARK|Corviknight, M|84\/100\n|-ability|p2a: GRIAAAAAARK|Pressure\n|move|p1a: Tyranitar|Fire Punch|p2a: GRIAAAAAARK\n|-supereffective|p2a: GRIAAAAAARK\n|-damage|p2a: GRIAAAAAARK|11\/100\n|\n|-weather|Sandstorm|[upkeep]\n|upkeep\n|turn|4\n|\n|t:|1700596442\n|switch|p1a: Heatran|Heatran, M|100\/100\n|move|p2a: GRIAAAAAARK|U-turn|p1a: Heatran\n|-resisted|p1a: Heatran\n|-damage|p1a: Heatran|97\/100\n|\n|t:|1700596449\n|switch|p2a: Grouink GROUIIINK|Great Tusk|100\/100|[from] U-turn\n|\n|-weather|Sandstorm|[upkeep]\n|-heal|p1a: Heatran|100\/100|[from] item: Leftovers\n|upkeep\n|turn|5\n|\n|t:|1700596471\n|switch|p1a: Sinistcha|Sinistcha|100\/100\n|move|p2a: Grouink GROUIIINK|Earthquake|p1a: Sinistcha\n|-resisted|p1a: Sinistcha\n|-damage|p1a: Sinistcha|84\/100\n|\n|-weather|Sandstorm|[upkeep]\n|-damage|p1a: Sinistcha|78\/100|[from] Sandstorm\n|upkeep\n|turn|6\n|inactive|Bouli_Guili has 120 seconds left.\n|\n|t:|1700596506\n|move|p2a: Grouink GROUIIINK|Knock Off|p1a: Sinistcha\n|-supereffective|p1a: Sinistcha\n|-damage|p1a: Sinistcha|35\/100\n|-enditem|p1a: Sinistcha|Heavy-Duty Boots|[from] move: Knock Off|[of] p2a: Grouink GROUIIINK\n|move|p1a: Sinistcha|Strength Sap|p2a: Grouink GROUIIINK\n|-unboost|p2a: Grouink GROUIIINK|atk|1\n|-heal|p1a: Sinistcha|100\/100\n|\n|-weather|none\n|upkeep\n|turn|7\n|\n|t:|1700596514\n|-end|p2a: Grouink GROUIIINK|Protosynthesis|[silent]\n|switch|p2a: Ronaldino soccer|Cinderace, M|100\/100\n|move|p1a: Sinistcha|Matcha Gotcha|p2a: Ronaldino soccer\n|-resisted|p2a: Ronaldino soccer\n|-damage|p2a: Ronaldino soccer|79\/100\n|\n|upkeep\n|turn|8\n|\n|t:|1700596522\n|move|p2a: Ronaldino soccer|Pyro Ball|p1a: Sinistcha\n|-supereffective|p1a: Sinistcha\n|-crit|p1a: Sinistcha\n|-damage|p1a: Sinistcha|33\/100\n|move|p1a: Sinistcha|Strength Sap|p2a: Ronaldino soccer\n|-unboost|p2a: Ronaldino soccer|atk|1\n|-heal|p1a: Sinistcha|100\/100\n|\n|upkeep\n|turn|9\n|\n|t:|1700596530\n|move|p2a: Ronaldino soccer|U-turn|p1a: Sinistcha\n|-start|p2a: Ronaldino soccer|typechange|Bug|[from] ability: Libero\n|-damage|p1a: Sinistcha|85\/100\n|\n|t:|1700596533\n|switch|p2a: Russian rockets|Dragapult, M|95\/100|[from] U-turn\n|move|p1a: Sinistcha|Hex|p2a: Russian rockets\n|-supereffective|p2a: Russian rockets\n|-damage|p2a: Russian rockets|26\/100\n|\n|upkeep\n|turn|10\n|\n|t:|1700596544\n|switch|p1a: Tyranitar|Tyranitar, F|83\/100\n|-weather|Sandstorm|[from] ability: Sand Stream|[of] p1a: Tyranitar\n|move|p2a: Russian rockets|Draco Meteor|p1a: Tyranitar\n|-damage|p1a: Tyranitar|29\/100\n|-unboost|p2a: Russian rockets|spa|2\n|\n|-weather|Sandstorm|[upkeep]\n|-damage|p2a: Russian rockets|20\/100|[from] Sandstorm\n|upkeep\n|turn|11\n|\n|t:|1700596554\n|switch|p2a: Grouink GROUIIINK|Great Tusk|100\/100\n|move|p1a: Tyranitar|Knock Off|p2a: Grouink GROUIIINK\n|-resisted|p2a: Grouink GROUIIINK\n|-damage|p2a: Grouink GROUIIINK|80\/100\n|-enditem|p2a: Grouink GROUIIINK|Leftovers|[from] move: Knock Off|[of] p1a: Tyranitar\n|\n|-weather|Sandstorm|[upkeep]\n|upkeep\n|turn|12\n|\n|t:|1700596564\n|switch|p1a: Sinistcha|Sinistcha|85\/100\n|move|p2a: Grouink GROUIIINK|Earthquake|p1a: Sinistcha\n|-resisted|p1a: Sinistcha\n|-damage|p1a: Sinistcha|70\/100\n|\n|-weather|Sandstorm|[upkeep]\n|-damage|p1a: Sinistcha|64\/100|[from] Sandstorm\n|upkeep\n|turn|13\n|\n|t:|1700596572\n|move|p2a: Grouink GROUIIINK|Stealth Rock|p1a: Sinistcha\n|-sidestart|p1: LoudoEp|move: Stealth Rock\n|move|p1a: Sinistcha|Matcha Gotcha|p2a: Grouink GROUIIINK|[miss]\n|-miss|p1a: Sinistcha|p2a: Grouink GROUIIINK\n|\n|-weather|Sandstorm|[upkeep]\n|-damage|p1a: Sinistcha|57\/100|[from] Sandstorm\n|upkeep\n|turn|14\n|\n|t:|1700596583\n|-end|p2a: Grouink GROUIIINK|Protosynthesis|[silent]\n|switch|p2a: GRIAAAAAARK|Corviknight, M|11\/100\n|-ability|p2a: GRIAAAAAARK|Pressure\n|move|p1a: Sinistcha|Strength Sap|p2a: GRIAAAAAARK\n|-unboost|p2a: GRIAAAAAARK|atk|1\n|-heal|p1a: Sinistcha|100\/100\n|\n|-weather|none\n|upkeep\n|turn|15\n|\n|t:|1700596591\n|move|p1a: Sinistcha|Calm Mind|p1a: Sinistcha\n|-boost|p1a: Sinistcha|spa|1\n|-boost|p1a: Sinistcha|spd|1\n|move|p2a: GRIAAAAAARK|Brave Bird|p1a: Sinistcha\n|-supereffective|p1a: Sinistcha\n|-damage|p1a: Sinistcha|64\/100\n|-damage|p2a: GRIAAAAAARK|1\/100|[from] Recoil\n|\n|upkeep\n|turn|16\n|\n|t:|1700596601\n|move|p1a: Sinistcha|Strength Sap|p2a: GRIAAAAAARK\n|-unboost|p2a: GRIAAAAAARK|atk|1\n|-heal|p1a: Sinistcha|100\/100\n|move|p2a: GRIAAAAAARK|Brave Bird|p1a: Sinistcha\n|-supereffective|p1a: Sinistcha\n|-damage|p1a: Sinistcha|74\/100\n|-damage|p2a: GRIAAAAAARK|0 fnt|[from] Recoil\n|faint|p2a: GRIAAAAAARK\n|\n|upkeep\n|\n|t:|1700596627\n|switch|p2a: Russian rockets|Dragapult, M|20\/100\n|turn|17\n|\n|t:|1700596645\n|move|p2a: Russian rockets|Shadow Ball|p1a: Sinistcha\n|-supereffective|p1a: Sinistcha\n|-damage|p1a: Sinistcha|0 fnt\n|faint|p1a: Sinistcha\n|\n|upkeep\n|inactive|LoudoEp has 120 seconds left.\n|\n|t:|1700596668\n|switch|p1a: Samurott|Samurott-Hisui, F|100\/100\n|turn|18\n|\n|t:|1700596674\n|switch|p2a: Grouink GROUIIINK|Great Tusk|80\/100\n|move|p1a: Samurott|Ceaseless Edge|p2a: Grouink GROUIIINK\n|-resisted|p2a: Grouink GROUIIINK\n|-damage|p2a: Grouink GROUIIINK|70\/100\n|-sidestart|p2: Bouli_Guili|Spikes\n|\n|upkeep\n|turn|19\n|\n|t:|1700596683\n|-terastallize|p1a: Samurott|Ghost\n|move|p1a: Samurott|Aqua Cutter|p2a: Grouink GROUIIINK\n|-supereffective|p2a: Grouink GROUIIINK\n|-damage|p2a: Grouink GROUIIINK|21\/100\n|move|p2a: Grouink GROUIIINK|Rapid Spin|p1a: Samurott\n|-immune|p1a: Samurott\n|\n|upkeep\n|turn|20\n|\n|t:|1700596708\n|move|p1a: Samurott|Flip Turn|p2a: Grouink GROUIIINK\n|-supereffective|p2a: Grouink GROUIIINK\n|-damage|p2a: Grouink GROUIIINK|0 fnt\n|faint|p2a: Grouink GROUIIINK\n|-end|p2a: Grouink GROUIIINK|Protosynthesis|[silent]\n|\n|t:|1700596724\n|switch|p1a: Munkidori|Munkidori, M|78\/100|[from] Flip Turn\n|-damage|p1a: Munkidori|65\/100|[from] Stealth Rock\n|\n|upkeep\n|inactive|Bouli_Guili has 120 seconds left.\n|\n|t:|1700596739\n|switch|p2a: Ronaldino soccer|Cinderace, M|79\/100\n|turn|21\n|\n|t:|1700596760\n|move|p2a: Ronaldino soccer|Pyro Ball|p1a: Munkidori|[miss]\n|-miss|p2a: Ronaldino soccer|p1a: Munkidori\n|move|p1a: Munkidori|Psychic|p2a: Ronaldino soccer\n|-damage|p2a: Ronaldino soccer|13\/100\n|\n|upkeep\n|turn|22\n|j| Xr_Kartana\n|\n|t:|1700596768\n|move|p2a: Ronaldino soccer|Pyro Ball|p1a: Munkidori\n|-damage|p1a: Munkidori|0 fnt\n|faint|p1a: Munkidori\n|\n|upkeep\n|inactive|LoudoEp has 120 seconds left.\n|\n|t:|1700596787\n|switch|p1a: Rillaboom|Rillaboom, M|100\/100\n|-damage|p1a: Rillaboom|88\/100|[from] Stealth Rock\n|-fieldstart|move: Grassy Terrain|[from] ability: Grassy Surge|[of] p1a: Rillaboom\n|turn|23\n|l| Xr_Kartana\n|\n|t:|1700596814\n|move|p1a: Rillaboom|Grassy Glide|p2a: Ronaldino soccer\n|-resisted|p2a: Ronaldino soccer\n|-damage|p2a: Ronaldino soccer|0 fnt\n|faint|p2a: Ronaldino soccer\n|\n|-heal|p1a: Rillaboom|94\/100|[from] Grassy Terrain\n|upkeep\n|\n|t:|1700596822\n|switch|p2a: Swing Swing|Ceruledge, M|100\/100\n|-damage|p2a: Swing Swing|88\/100|[from] Spikes\n|turn|24\n|\n|t:|1700596831\n|switch|p1a: Tyranitar|Tyranitar, F|29\/100\n|-damage|p1a: Tyranitar|17\/100|[from] Stealth Rock\n|-weather|Sandstorm|[from] ability: Sand Stream|[of] p1a: Tyranitar\n|move|p2a: Swing Swing|Swords Dance|p2a: Swing Swing\n|-boost|p2a: Swing Swing|atk|2\n|\n|-weather|Sandstorm|[upkeep]\n|-damage|p2a: Swing Swing|82\/100|[from] Sandstorm\n|-heal|p2a: Swing Swing|88\/100|[from] Grassy Terrain\n|-heal|p1a: Tyranitar|23\/100|[from] Grassy Terrain\n|upkeep\n|turn|25\n|\n|t:|1700596842\n|move|p2a: Swing Swing|Bitter Blade|p1a: Tyranitar\n|-resisted|p1a: Tyranitar\n|-damage|p1a: Tyranitar|0 fnt\n|-heal|p2a: Swing Swing|100\/100|[from] drain|[of] p1a: Tyranitar\n|faint|p1a: Tyranitar\n|\n|-weather|Sandstorm|[upkeep]\n|-damage|p2a: Swing Swing|94\/100|[from] Sandstorm\n|-heal|p2a: Swing Swing|100\/100|[from] Grassy Terrain\n|upkeep\n|inactive|LoudoEp has 120 seconds left.\n|\n|t:|1700596881\n|switch|p1a: Samurott|Samurott-Hisui, F, tera:Ghost|100\/100\n|turn|26\n|\n|t:|1700596903\n|move|p1a: Samurott|Encore|p2a: Swing Swing\n|-start|p2a: Swing Swing|Encore\n|move|p2a: Swing Swing|Bitter Blade|p1a: Samurott\n|-damage|p1a: Samurott|0 fnt\n|faint|p1a: Samurott\n|\n|-weather|Sandstorm|[upkeep]\n|-damage|p2a: Swing Swing|94\/100|[from] Sandstorm\n|-heal|p2a: Swing Swing|100\/100|[from] Grassy Terrain\n|upkeep\n|inactive|LoudoEp has 120 seconds left.\n|\n|t:|1700596912\n|switch|p1a: Heatran|Heatran, M|100\/100\n|-damage|p1a: Heatran|88\/100|[from] Stealth Rock\n|turn|27\n|\n|t:|1700596930\n|move|p2a: Swing Swing|Bitter Blade|p1a: Heatran\n|-start|p1a: Heatran|ability: Flash Fire\n|move|p1a: Heatran|Earth Power|p2a: Swing Swing\n|-supereffective|p2a: Swing Swing\n|-damage|p2a: Swing Swing|35\/100\n|\n|-weather|Sandstorm|[upkeep]\n|-damage|p2a: Swing Swing|28\/100|[from] Sandstorm\n|-heal|p2a: Swing Swing|35\/100|[from] Grassy Terrain\n|-heal|p1a: Heatran|94\/100|[from] Grassy Terrain\n|-heal|p1a: Heatran|100\/100|[from] item: Leftovers\n|-fieldend|move: Grassy Terrain\n|upkeep\n|turn|28\n|\n|t:|1700596941\n|switch|p2a: Russian rockets|Dragapult, M|20\/100\n|-damage|p2a: Russian rockets|7\/100|[from] Spikes\n|move|p1a: Heatran|Earth Power|p2a: Russian rockets\n|-damage|p2a: Russian rockets|0 fnt\n|faint|p2a: Russian rockets\n|\n|-weather|none\n|upkeep\n|\n|t:|1700596943\n|switch|p2a: gragragnagrrrrr|Garganacl, M|100\/100\n|-damage|p2a: gragragnagrrrrr|88\/100|[from] Spikes\n|turn|29\n|\n|t:|1700596965\n|-end|p1a: Heatran|ability: Flash Fire|[silent]\n|switch|p1a: Rillaboom|Rillaboom, M|94\/100\n|-damage|p1a: Rillaboom|82\/100|[from] Stealth Rock\n|-fieldstart|move: Grassy Terrain|[from] ability: Grassy Surge|[of] p1a: Rillaboom\n|-terastallize|p2a: gragragnagrrrrr|Water\n|move|p2a: gragragnagrrrrr|Iron Defense|p2a: gragragnagrrrrr\n|-boost|p2a: gragragnagrrrrr|def|2\n|\n|-heal|p1a: Rillaboom|88\/100|[from] Grassy Terrain\n|-heal|p2a: gragragnagrrrrr|94\/100|[from] Grassy Terrain\n|-heal|p2a: gragragnagrrrrr|100\/100|[from] item: Leftovers\n|upkeep\n|turn|30\n|\n|t:|1700596987\n|move|p1a: Rillaboom|Wood Hammer|p2a: gragragnagrrrrr\n|-supereffective|p2a: gragragnagrrrrr\n|-damage|p2a: gragragnagrrrrr|14\/100\n|-damage|p1a: Rillaboom|54\/100|[from] Recoil\n|move|p2a: gragragnagrrrrr|Recover|p2a: gragragnagrrrrr\n|-heal|p2a: gragragnagrrrrr|64\/100\n|\n|-heal|p1a: Rillaboom|61\/100|[from] Grassy Terrain\n|-heal|p2a: gragragnagrrrrr|71\/100|[from] Grassy Terrain\n|-heal|p2a: gragragnagrrrrr|77\/100|[from] item: Leftovers\n|upkeep\n|turn|31\n|inactive|Bouli_Guili has 120 seconds left.\n|\n|t:|1700597010\n|move|p1a: Rillaboom|Wood Hammer|p2a: gragragnagrrrrr\n|-supereffective|p2a: gragragnagrrrrr\n|-damage|p2a: gragragnagrrrrr|0 fnt\n|faint|p2a: gragragnagrrrrr\n|-damage|p1a: Rillaboom|31\/100|[from] Recoil\n|\n|-heal|p1a: Rillaboom|37\/100|[from] Grassy Terrain\n|upkeep\n|\n|t:|1700597013\n|switch|p2a: Swing Swing|Ceruledge, M|35\/100\n|-damage|p2a: Swing Swing|22\/100|[from] Spikes\n|turn|32\n|\n|t:|1700597025\n|switch|p1a: Heatran|Heatran, M|100\/100\n|-damage|p1a: Heatran|88\/100|[from] Stealth Rock\n|move|p2a: Swing Swing|Shadow Sneak|p1a: Heatran\n|-damage|p1a: Heatran|71\/100\n|\n|-heal|p2a: Swing Swing|28\/100|[from] Grassy Terrain\n|-heal|p1a: Heatran|77\/100|[from] Grassy Terrain\n|-heal|p1a: Heatran|83\/100|[from] item: Leftovers\n|upkeep\n|turn|33\n|\n|t:|1700597034\n|move|p2a: Swing Swing|Poltergeist|p1a: Heatran\n|-activate|p1a: Heatran|move: Poltergeist|Leftovers\n|-damage|p1a: Heatran|28\/100\n|move|p1a: Heatran|Earth Power|p2a: Swing Swing\n|-supereffective|p2a: Swing Swing\n|-damage|p2a: Swing Swing|0 fnt\n|faint|p2a: Swing Swing\n|\n|win|LoudoEp\n|raw|LoudoEp's rating: 1589 &rarr; <strong>1610<\/strong><br \/>(+21 for winning)\n|raw|Bouli_Guili's rating: 1605 &rarr; <strong>1584<\/strong><br \/>(-21 for losing)\n|l|\u2606Bouli_Guili\n","uploadtime":1700597058,"views":4,"p1id":"loudoep","p2id":"bouliguili","formatid":"gen9ou","rating":1584,"private":0,"password":""}