{"id":"gen9ou-1998287032","p1":"Apex9498","p2":"Burnout Team","format":"[Gen 9] OU","log":"|j|\u2606Apex9498\n|j|\u2606Burnout Team\n|t:|1700924925\n|gametype|singles\n|player|p1|Apex9498|1|1000\n|player|p2|Burnout Team|flannery|1040\n|teamsize|p1|6\n|teamsize|p2|6\n|gen|9\n|tier|[Gen 9] OU\n|rated|\n|rule|Sleep Clause Mod: Limit one foe put to sleep\n|rule|Species Clause: Limit one of each Pok\u00e9mon\n|rule|OHKO Clause: OHKO moves are banned\n|rule|Evasion Items Clause: Evasion items are banned\n|rule|Evasion Moves Clause: Evasion moves are banned\n|rule|Endless Battle Clause: Forcing endless battles is banned\n|rule|HP Percentage Mod: HP is shown in percentages\n|clearpoke\n|poke|p1|Landorus-Therian, M|\n|poke|p1|Pelipper, F|\n|poke|p1|Kingambit, M|\n|poke|p1|Hatterene, F|\n|poke|p1|Barraskewda, M|\n|poke|p1|Dragapult, F|\n|poke|p2|Corviknight, F|\n|poke|p2|Dondozo, F|\n|poke|p2|Gholdengo|\n|poke|p2|Kingambit, F|\n|poke|p2|Glimmora, F|\n|poke|p2|Iron Moth|\n|teampreview\n|\n|t:|1700924930\n|start\n|switch|p1a: Pelipper|Pelipper, F|100\/100\n|switch|p2a: Glimmora|Glimmora, F|100\/100\n|-weather|RainDance|[from] ability: Drizzle|[of] p1a: Pelipper\n|turn|1\n|\n|t:|1700924938\n|switch|p1a: Hatterene|Hatterene, F|100\/100\n|move|p2a: Glimmora|Stealth Rock|p1a: Hatterene\n|move|p1a: Hatterene|Stealth Rock|p2a: Glimmora|[from]ability: Magic Bounce\n|-sidestart|p2: Burnout Team|move: Stealth Rock\n|\n|-weather|RainDance|[upkeep]\n|upkeep\n|turn|2\n|\n|t:|1700924947\n|move|p2a: Glimmora|Mortal Spin|p1a: Hatterene\n|-supereffective|p1a: Hatterene\n|-damage|p1a: Hatterene|91\/100\n|-sideend|p2: Burnout Team|Stealth Rock|[from] move: Mortal Spin|[of] p2a: Glimmora\n|move|p1a: Hatterene|Psyshock|p2a: Glimmora\n|-supereffective|p2a: Glimmora\n|-damage|p2a: Glimmora|10\/100\n|\n|-weather|RainDance|[upkeep]\n|upkeep\n|turn|3\n|\n|t:|1700924956\n|switch|p2a: Kingambit|Kingambit, F|100\/100\n|move|p1a: Hatterene|Nuzzle|p2a: Kingambit\n|-damage|p2a: Kingambit|98\/100\n|-status|p2a: Kingambit|par\n|\n|-weather|RainDance|[upkeep]\n|-heal|p2a: Kingambit|100\/100 par|[from] item: Leftovers\n|upkeep\n|turn|4\n|\n|t:|1700924966\n|switch|p1a: Landorus|Landorus-Therian, M|100\/100\n|-ability|p1a: Landorus|Intimidate|boost\n|-unboost|p2a: Kingambit|atk|1\n|move|p2a: Kingambit|Swords Dance|p2a: Kingambit\n|-boost|p2a: Kingambit|atk|2\n|\n|-weather|RainDance|[upkeep]\n|upkeep\n|turn|5\n|\n|t:|1700924976\n|move|p2a: Kingambit|Sucker Punch|p1a: Landorus\n|-damage|p1a: Landorus|24\/100\n|move|p1a: Landorus|Sandsear Storm|p2a: Kingambit\n|-supereffective|p2a: Kingambit\n|-damage|p2a: Kingambit|0 fnt\n|faint|p2a: Kingambit\n|-end|p2a: Kingambit|fallenundefined|[silent]\n|\n|-weather|RainDance|[upkeep]\n|upkeep\n|\n|t:|1700924983\n|switch|p2a: Dondozo|Dondozo, F|100\/100\n|turn|6\n|\n|t:|1700924991\n|switch|p1a: Dragapult|Dragapult, F|100\/100\n|move|p2a: Dondozo|Curse|p2a: Dondozo\n|-unboost|p2a: Dondozo|spe|1\n|-boost|p2a: Dondozo|atk|1\n|-boost|p2a: Dondozo|def|1\n|\n|-weather|RainDance|[upkeep]\n|upkeep\n|turn|7\n|\n|t:|1700925007\n|switch|p2a: Iron Moth|Iron Moth|100\/100\n|move|p1a: Dragapult|Thunder|p2a: Iron Moth\n|-damage|p2a: Iron Moth|50\/100\n|\n|-weather|RainDance|[upkeep]\n|upkeep\n|turn|8\n|\n|t:|1700925024\n|move|p1a: Dragapult|Thunder|p2a: Iron Moth\n|-damage|p2a: Iron Moth|0 fnt\n|faint|p2a: Iron Moth\n|-end|p2a: Iron Moth|Quark Drive|[silent]\n|\n|-weather|none\n|upkeep\n|\n|t:|1700925029\n|switch|p2a: Gholdengo|Gholdengo|100\/100\n|turn|9\n|\n|t:|1700925035\n|switch|p1a: Pelipper|Pelipper, F|100\/100\n|-weather|RainDance|[from] ability: Drizzle|[of] p1a: Pelipper\n|move|p2a: Gholdengo|Thunder Wave|p1a: Pelipper\n|-status|p1a: Pelipper|par\n|\n|-weather|RainDance|[upkeep]\n|upkeep\n|turn|10\n|\n|t:|1700925045\n|switch|p1a: Landorus|Landorus-Therian, M|24\/100\n|-ability|p1a: Landorus|Intimidate|boost\n|-unboost|p2a: Gholdengo|atk|1\n|move|p2a: Gholdengo|Nasty Plot|p2a: Gholdengo\n|-boost|p2a: Gholdengo|spa|2\n|\n|-weather|RainDance|[upkeep]\n|upkeep\n|turn|11\n|\n|t:|1700925054\n|move|p1a: Landorus|Sandsear Storm|p2a: Gholdengo\n|-supereffective|p2a: Gholdengo\n|-damage|p2a: Gholdengo|0 fnt\n|faint|p2a: Gholdengo\n|\n|-weather|RainDance|[upkeep]\n|upkeep\n|\n|t:|1700925060\n|switch|p2a: Corviknight|Corviknight, F|100\/100\n|-ability|p2a: Corviknight|Pressure\n|turn|12\n|\n|t:|1700925067\n|switch|p1a: Dragapult|Dragapult, F|100\/100\n|move|p2a: Corviknight|U-turn|p1a: Dragapult\n|-resisted|p1a: Dragapult\n|-damage|p1a: Dragapult|90\/100\n|\n|t:|1700925072\n|switch|p2a: Dondozo|Dondozo, F|100\/100|[from] U-turn\n|\n|-weather|RainDance|[upkeep]\n|upkeep\n|turn|13\n|\n|t:|1700925080\n|switch|p2a: Glimmora|Glimmora, F|10\/100\n|move|p1a: Dragapult|Thunder|p2a: Glimmora\n|-damage|p2a: Glimmora|0 fnt\n|faint|p2a: Glimmora\n|\n|-weather|RainDance|[upkeep]\n|upkeep\n|\n|t:|1700925087\n|switch|p2a: Corviknight|Corviknight, F|100\/100\n|-ability|p2a: Corviknight|Pressure\n|turn|14\n|\n|t:|1700925098\n|-terastallize|p2a: Corviknight|Flying\n|move|p1a: Dragapult|Thunder|p2a: Corviknight\n|-supereffective|p2a: Corviknight\n|-damage|p2a: Corviknight|12\/100\n|move|p2a: Corviknight|Roost|p2a: Corviknight\n|-heal|p2a: Corviknight|62\/100\n|-hint|If a Flying Terastallized Pokemon uses Roost, it remains Flying-type.\n|\n|-weather|RainDance|[upkeep]\n|upkeep\n|turn|15\n|\n|t:|1700925109\n|move|p1a: Dragapult|Thunder|p2a: Corviknight\n|-supereffective|p2a: Corviknight\n|-damage|p2a: Corviknight|0 fnt\n|faint|p2a: Corviknight\n|\n|-weather|RainDance|[upkeep]\n|upkeep\n|\n|t:|1700925113\n|switch|p2a: Dondozo|Dondozo, F|100\/100\n|turn|16\n|\n|t:|1700925119\n|-terastallize|p1a: Dragapult|Electric\n|move|p1a: Dragapult|Thunder|p2a: Dondozo\n|-supereffective|p2a: Dondozo\n|-damage|p2a: Dondozo|3\/100\n|move|p2a: Dondozo|Liquidation|p1a: Dragapult\n|-damage|p1a: Dragapult|31\/100\n|-unboost|p1a: Dragapult|def|1\n|\n|-weather|none\n|-heal|p2a: Dondozo|9\/100|[from] item: Leftovers\n|upkeep\n|turn|17\n|\n|t:|1700925133\n|switch|p1a: Pelipper|Pelipper, F|100\/100 par\n|-weather|RainDance|[from] ability: Drizzle|[of] p1a: Pelipper\n|move|p2a: Dondozo|Liquidation|p1a: Pelipper\n|-resisted|p1a: Pelipper\n|-damage|p1a: Pelipper|80\/100 par\n|\n|-weather|RainDance|[upkeep]\n|-heal|p2a: Dondozo|15\/100|[from] item: Leftovers\n|upkeep\n|turn|18\n|\n|t:|1700925143\n|move|p2a: Dondozo|Protect|p2a: Dondozo\n|-singleturn|p2a: Dondozo|Protect\n|move|p1a: Pelipper|U-turn|p2a: Dondozo\n|-activate|p2a: Dondozo|move: Protect\n|\n|-weather|RainDance|[upkeep]\n|-heal|p2a: Dondozo|21\/100|[from] item: Leftovers\n|upkeep\n|turn|19\n|\n|t:|1700925152\n|move|p2a: Dondozo|Body Press|p1a: Pelipper\n|-resisted|p1a: Pelipper\n|-damage|p1a: Pelipper|70\/100 par\n|cant|p1a: Pelipper|par\n|\n|-weather|RainDance|[upkeep]\n|-heal|p2a: Dondozo|27\/100|[from] item: Leftovers\n|upkeep\n|turn|20\n|\n|t:|1700925160\n|move|p2a: Dondozo|Liquidation|p1a: Pelipper\n|-resisted|p1a: Pelipper\n|-damage|p1a: Pelipper|48\/100 par\n|-unboost|p1a: Pelipper|def|1\n|move|p1a: Pelipper|U-turn|p2a: Dondozo\n|-damage|p2a: Dondozo|23\/100\n|\n|t:|1700925172\n|switch|p1a: Landorus|Landorus-Therian, M|24\/100|[from] U-turn\n|-ability|p1a: Landorus|Intimidate|boost\n|-unboost|p2a: Dondozo|atk|1\n|\n|-weather|RainDance|[upkeep]\n|-heal|p2a: Dondozo|29\/100|[from] item: Leftovers\n|upkeep\n|turn|21\n|\n|t:|1700925182\n|move|p1a: Landorus|Grass Knot|p2a: Dondozo\n|-supereffective|p2a: Dondozo\n|-damage|p2a: Dondozo|0 fnt\n|faint|p2a: Dondozo\n|\n|win|Apex9498\n|raw|Apex9498's rating: 1000 &rarr; <strong>1045<\/strong><br \/>(+45 for winning)\n|raw|Burnout Team's rating: 1040 &rarr; <strong>1022<\/strong><br \/>(-18 for losing)\n|l|\u2606Burnout Team\n|c|\u2606Apex9498|gg\n","uploadtime":1700925193,"views":4,"p1id":"apex9498","p2id":"burnoutteam","formatid":"gen9ou","rating":1022,"private":0,"password":""}