{"id":"gen9ou-1988493234","p1":"Agent Killua","p2":"shadowhdg","format":"[Gen 9] OU","log":"|j|\u2606Agent Killua\n|j|\u2606shadowhdg\n|t:|1699728844\n|gametype|singles\n|player|p1|Agent Killua|sada-ai|1835\n|player|p2|shadowhdg|silver|1687\n|teamsize|p1|6\n|teamsize|p2|6\n|gen|9\n|tier|[Gen 9] OU\n|rated|\n|rule|Sleep Clause Mod: Limit one foe put to sleep\n|rule|Species Clause: Limit one of each Pok\u00e9mon\n|rule|OHKO Clause: OHKO moves are banned\n|rule|Evasion Items Clause: Evasion items are banned\n|rule|Evasion Moves Clause: Evasion moves are banned\n|rule|Endless Battle Clause: Forcing endless battles is banned\n|rule|HP Percentage Mod: HP is shown in percentages\n|clearpoke\n|poke|p1|Scizor, F|\n|poke|p1|Ogerpon-Wellspring, F|\n|poke|p1|Gliscor, M|\n|poke|p1|Rillaboom, F|\n|poke|p1|Heatran, M|\n|poke|p1|Sneasler, M|\n|poke|p2|Dondozo, M|\n|poke|p2|Corviknight, M|\n|poke|p2|Dragapult, F|\n|poke|p2|Kingambit, M|\n|poke|p2|Ogerpon-Wellspring, F|\n|poke|p2|Hoopa-Unbound|\n|teampreview\n|inactive|Battle timer is ON: inactive players will automatically lose when time's up. (requested by Agent Killua)\n|\n|t:|1699728862\n|start\n|switch|p1a: Rillaboom|Rillaboom, F|100\/100\n|switch|p2a: Ogerpon|Ogerpon-Wellspring, F|100\/100\n|-fieldstart|move: Grassy Terrain|[from] ability: Grassy Surge|[of] p1a: Rillaboom\n|turn|1\n|\n|t:|1699728866\n|switch|p2a: Corviknight|Corviknight, M|100\/100\n|-ability|p2a: Corviknight|Pressure\n|move|p1a: Rillaboom|U-turn|p2a: Corviknight\n|-resisted|p2a: Corviknight\n|-damage|p2a: Corviknight|94\/100\n|-damage|p1a: Rillaboom|84\/100|[from] item: Rocky Helmet|[of] p2a: Corviknight\n|\n|t:|1699728869\n|switch|p1a: Gliscor|Gliscor, M|100\/100|[from] U-turn\n|\n|-status|p1a: Gliscor|tox|[from] item: Toxic Orb\n|upkeep\n|turn|2\n|\n|t:|1699728873\n|move|p1a: Gliscor|Spikes|p2a: Corviknight\n|-sidestart|p2: shadowhdg|Spikes\n|move|p2a: Corviknight|U-turn|p1a: Gliscor\n|-resisted|p1a: Gliscor\n|-damage|p1a: Gliscor|97\/100 tox\n|\n|t:|1699728881\n|switch|p2a: Hoopa|Hoopa-Unbound|100\/100|[from] U-turn\n|-damage|p2a: Hoopa|88\/100|[from] Spikes\n|\n|-heal|p2a: Hoopa|94\/100|[from] Grassy Terrain\n|-heal|p1a: Gliscor|100\/100 tox|[from] ability: Poison Heal\n|upkeep\n|turn|3\n|\n|t:|1699728885\n|move|p1a: Gliscor|Protect|p1a: Gliscor\n|-singleturn|p1a: Gliscor|Protect\n|move|p2a: Hoopa|Dark Pulse|p1a: Gliscor\n|-activate|p1a: Gliscor|move: Protect\n|\n|-heal|p2a: Hoopa|99\/100|[from] Grassy Terrain\n|upkeep\n|turn|4\n|\n|t:|1699728889\n|switch|p1a: Heatran|Heatran, M|100\/100\n|move|p2a: Hoopa|Dark Pulse|p1a: Heatran\n|-damage|p1a: Heatran|48\/100\n|\n|-heal|p2a: Hoopa|100\/100|[from] Grassy Terrain\n|-heal|p1a: Heatran|54\/100|[from] Grassy Terrain\n|-heal|p1a: Heatran|61\/100|[from] item: Leftovers\n|upkeep\n|turn|5\n|j| simplegent\n|\n|t:|1699728892\n|move|p1a: Heatran|Protect|p1a: Heatran\n|-singleturn|p1a: Heatran|Protect\n|move|p2a: Hoopa|Dark Pulse|p1a: Heatran\n|-activate|p1a: Heatran|move: Protect\n|\n|-heal|p1a: Heatran|67\/100|[from] Grassy Terrain\n|-heal|p1a: Heatran|73\/100|[from] item: Leftovers\n|-fieldend|move: Grassy Terrain\n|upkeep\n|turn|6\n|\n|t:|1699728897\n|move|p2a: Hoopa|Dark Pulse|p1a: Heatran\n|-damage|p1a: Heatran|21\/100\n|move|p1a: Heatran|Magma Storm|p2a: Hoopa\n|-damage|p2a: Hoopa|61\/100\n|-activate|p2a: Hoopa|move: Magma Storm|[of] p1a: Heatran\n|\n|-heal|p1a: Heatran|28\/100|[from] item: Leftovers\n|-damage|p2a: Hoopa|49\/100|[from] move: Magma Storm|[partiallytrapped]\n|upkeep\n|turn|7\n|\n|t:|1699728902\n|move|p1a: Heatran|Protect|p1a: Heatran\n|-singleturn|p1a: Heatran|Protect\n|move|p2a: Hoopa|Dark Pulse|p1a: Heatran\n|-activate|p1a: Heatran|move: Protect\n|\n|-heal|p1a: Heatran|34\/100|[from] item: Leftovers\n|-damage|p2a: Hoopa|37\/100|[from] move: Magma Storm|[partiallytrapped]\n|upkeep\n|turn|8\n|\n|t:|1699728918\n|move|p2a: Hoopa|Dark Pulse|p1a: Heatran\n|-damage|p1a: Heatran|0 fnt\n|faint|p1a: Heatran\n|\n|-end|p2a: Hoopa|Magma Storm|[partiallytrapped]|[silent]\n|upkeep\n|\n|t:|1699728922\n|switch|p1a: Ogerpon|Ogerpon-Wellspring, F|100\/100\n|turn|9\n|\n|t:|1699728925\n|switch|p2a: Corviknight|Corviknight, M|94\/100\n|-ability|p2a: Corviknight|Pressure\n|move|p1a: Ogerpon|Swords Dance|p1a: Ogerpon\n|-boost|p1a: Ogerpon|atk|2\n|\n|upkeep\n|turn|10\n|\n|t:|1699728928\n|-terastallize|p1a: Ogerpon|Water\n|detailschange|p1a: Ogerpon|Ogerpon-Wellspring-Tera, F, tera:Water\n|-ability|p1a: Ogerpon|Embody Aspect (Wellspring)|boost\n|-boost|p1a: Ogerpon|spd|1\n|move|p1a: Ogerpon|Ivy Cudgel|p2a: Corviknight\n|-damage|p2a: Corviknight|0 fnt\n|faint|p2a: Corviknight\n|\n|upkeep\n|j| Yo Soy adrihaxk\n|\n|t:|1699728937\n|switch|p2a: Dragapult|Dragapult, F, shiny|100\/100\n|-damage|p2a: Dragapult|88\/100|[from] Spikes\n|turn|11\n|\n|t:|1699728942\n|move|p2a: Dragapult|Dragon Darts|p1a: Ogerpon\n|-crit|p1a: Ogerpon\n|-damage|p1a: Ogerpon|28\/100\n|-anim|p2a: Dragapult|Dragon Darts|p1a: Ogerpon\n|-damage|p1a: Ogerpon|0 fnt\n|faint|p1a: Ogerpon\n|\n|upkeep\n|\n|t:|1699728951\n|switch|p1a: Gliscor|Gliscor, M|100\/100 tox\n|turn|12\n|\n|t:|1699728959\n|move|p2a: Dragapult|Dragon Darts|p1a: Gliscor\n|-damage|p1a: Gliscor|76\/100 tox\n|-anim|p2a: Dragapult|Dragon Darts|p1a: Gliscor\n|-damage|p1a: Gliscor|55\/100 tox\n|move|p1a: Gliscor|Spikes|p2a: Dragapult\n|-sidestart|p2: shadowhdg|Spikes\n|\n|-heal|p1a: Gliscor|67\/100 tox|[from] ability: Poison Heal\n|upkeep\n|turn|13\n|\n|t:|1699728965\n|move|p2a: Dragapult|Dragon Darts|p1a: Gliscor\n|-damage|p1a: Gliscor|44\/100 tox\n|-anim|p2a: Dragapult|Dragon Darts|p1a: Gliscor\n|-damage|p1a: Gliscor|23\/100 tox\n|move|p1a: Gliscor|Earthquake|p2a: Dragapult\n|-damage|p2a: Dragapult|35\/100\n|\n|-heal|p1a: Gliscor|35\/100 tox|[from] ability: Poison Heal\n|upkeep\n|turn|14\n|\n|t:|1699728970\n|move|p1a: Gliscor|Protect|p1a: Gliscor\n|-singleturn|p1a: Gliscor|Protect\n|move|p2a: Dragapult|Dragon Darts|p1a: Gliscor\n|-activate|p1a: Gliscor|move: Protect\n|\n|-heal|p1a: Gliscor|48\/100 tox|[from] ability: Poison Heal\n|upkeep\n|turn|15\n|\n|t:|1699728975\n|switch|p1a: Scizor|Scizor, F|100\/100\n|move|p2a: Dragapult|Dragon Darts|p1a: Scizor\n|-resisted|p1a: Scizor\n|-damage|p1a: Scizor|82\/100\n|-anim|p2a: Dragapult|Dragon Darts|p1a: Scizor\n|-resisted|p1a: Scizor\n|-damage|p1a: Scizor|63\/100\n|\n|upkeep\n|turn|16\n|\n|t:|1699728979\n|switch|p2a: Dondozo|Dondozo, M|100\/100\n|-damage|p2a: Dondozo|84\/100|[from] Spikes\n|move|p1a: Scizor|Bullet Punch|p2a: Dondozo\n|-resisted|p2a: Dondozo\n|-damage|p2a: Dondozo|72\/100\n|\n|-heal|p2a: Dondozo|78\/100|[from] item: Leftovers\n|upkeep\n|turn|17\n|\n|t:|1699728997\n|switch|p1a: Rillaboom|Rillaboom, F|84\/100\n|-fieldstart|move: Grassy Terrain|[from] ability: Grassy Surge|[of] p1a: Rillaboom\n|move|p2a: Dondozo|Body Press|p1a: Rillaboom\n|-damage|p1a: Rillaboom|53\/100\n|\n|-heal|p1a: Rillaboom|59\/100|[from] Grassy Terrain\n|-heal|p2a: Dondozo|84\/100|[from] Grassy Terrain\n|-heal|p2a: Dondozo|90\/100|[from] item: Leftovers\n|upkeep\n|turn|18\n|\n|t:|1699729004\n|switch|p2a: Dragapult|Dragapult, F, shiny|35\/100\n|-damage|p2a: Dragapult|18\/100|[from] Spikes\n|move|p1a: Rillaboom|Knock Off|p2a: Dragapult\n|-supereffective|p2a: Dragapult\n|-damage|p2a: Dragapult|0 fnt\n|-enditem|p2a: Dragapult|Choice Band|[from] move: Knock Off|[of] p1a: Rillaboom\n|faint|p2a: Dragapult\n|\n|-heal|p1a: Rillaboom|65\/100|[from] Grassy Terrain\n|upkeep\n|\n|t:|1699729006\n|switch|p2a: Kingambit|Kingambit, M|100\/100\n|-damage|p2a: Kingambit|84\/100|[from] Spikes\n|-activate|p2a: Kingambit|ability: Supreme Overlord\n|-start|p2a: Kingambit|fallen2|[silent]\n|turn|19\n|\n|t:|1699729015\n|switch|p1a: Sneasler|Sneasler, M|100\/100\n|-enditem|p1a: Sneasler|Grassy Seed\n|-boost|p1a: Sneasler|def|1|[from] item: Grassy Seed\n|-terastallize|p2a: Kingambit|Flying\n|move|p2a: Kingambit|Tera Blast|p1a: Sneasler|[anim] Tera Blast Flying\n|-supereffective|p1a: Sneasler\n|-damage|p1a: Sneasler|0 fnt\n|faint|p1a: Sneasler\n|\n|-heal|p2a: Kingambit|90\/100|[from] item: Leftovers\n|upkeep\n|\n|t:|1699729022\n|switch|p1a: Gliscor|Gliscor, M|48\/100 tox\n|turn|20\n|\n|t:|1699729025\n|move|p1a: Gliscor|Toxic|p2a: Kingambit\n|-status|p2a: Kingambit|tox\n|move|p2a: Kingambit|Swords Dance|p2a: Kingambit\n|-boost|p2a: Kingambit|atk|2\n|\n|-heal|p2a: Kingambit|96\/100 tox|[from] item: Leftovers\n|-heal|p1a: Gliscor|60\/100 tox|[from] ability: Poison Heal\n|-damage|p2a: Kingambit|90\/100 tox|[from] psn\n|upkeep\n|turn|21\n|\n|t:|1699729028\n|move|p1a: Gliscor|Protect|p1a: Gliscor\n|-singleturn|p1a: Gliscor|Protect\n|move|p2a: Kingambit|Tera Blast|p1a: Gliscor|[anim] Tera Blast Flying\n|-activate|p1a: Gliscor|move: Protect\n|\n|-heal|p2a: Kingambit|96\/100 tox|[from] item: Leftovers\n|-heal|p1a: Gliscor|73\/100 tox|[from] ability: Poison Heal\n|-damage|p2a: Kingambit|84\/100 tox|[from] psn\n|-fieldend|move: Grassy Terrain\n|upkeep\n|turn|22\n|\n|t:|1699729045\n|switch|p1a: Scizor|Scizor, F|63\/100\n|move|p2a: Kingambit|Tera Blast|p1a: Scizor|[anim] Tera Blast Flying\n|-damage|p1a: Scizor|0 fnt\n|faint|p1a: Scizor\n|\n|-heal|p2a: Kingambit|90\/100 tox|[from] item: Leftovers\n|-damage|p2a: Kingambit|72\/100 tox|[from] psn\n|upkeep\n|\n|t:|1699729047\n|switch|p1a: Gliscor|Gliscor, M|73\/100 tox\n|turn|23\n|\n|t:|1699729053\n|-end|p2a: Kingambit|fallen2|[silent]\n|switch|p2a: Ogerpon|Ogerpon-Wellspring, F|100\/100\n|-damage|p2a: Ogerpon|84\/100|[from] Spikes\n|move|p1a: Gliscor|Protect||[still]\n|-fail|p1a: Gliscor\n|\n|-heal|p1a: Gliscor|85\/100 tox|[from] ability: Poison Heal\n|upkeep\n|turn|24\n|\n|t:|1699729062\n|move|p2a: Ogerpon|Ivy Cudgel|p1a: Gliscor\n|-supereffective|p1a: Gliscor\n|-damage|p1a: Gliscor|22\/100 tox\n|move|p1a: Gliscor|Toxic|p2a: Ogerpon\n|-status|p2a: Ogerpon|tox\n|\n|-damage|p2a: Ogerpon|78\/100 tox|[from] psn\n|-heal|p1a: Gliscor|34\/100 tox|[from] ability: Poison Heal\n|upkeep\n|turn|25\n|\n|t:|1699729072\n|move|p1a: Gliscor|Protect|p1a: Gliscor\n|-singleturn|p1a: Gliscor|Protect\n|move|p2a: Ogerpon|Ivy Cudgel|p1a: Gliscor\n|-activate|p1a: Gliscor|move: Protect\n|\n|-damage|p2a: Ogerpon|65\/100 tox|[from] psn\n|-heal|p1a: Gliscor|47\/100 tox|[from] ability: Poison Heal\n|upkeep\n|turn|26\n|\n|t:|1699729078\n|switch|p1a: Rillaboom|Rillaboom, F|65\/100\n|-fieldstart|move: Grassy Terrain|[from] ability: Grassy Surge|[of] p1a: Rillaboom\n|move|p2a: Ogerpon|Knock Off|p1a: Rillaboom\n|-damage|p1a: Rillaboom|28\/100\n|-enditem|p1a: Rillaboom|Choice Band|[from] move: Knock Off|[of] p2a: Ogerpon\n|\n|-heal|p1a: Rillaboom|34\/100|[from] Grassy Terrain\n|-heal|p2a: Ogerpon|71\/100 tox|[from] Grassy Terrain\n|-damage|p2a: Ogerpon|53\/100 tox|[from] psn\n|upkeep\n|turn|27\n|\n|t:|1699729090\n|switch|p2a: Hoopa|Hoopa-Unbound|37\/100\n|-damage|p2a: Hoopa|20\/100|[from] Spikes\n|move|p1a: Rillaboom|Grassy Glide|p2a: Hoopa\n|-damage|p2a: Hoopa|0 fnt\n|faint|p2a: Hoopa\n|\n|-heal|p1a: Rillaboom|40\/100|[from] Grassy Terrain\n|upkeep\n|\n|t:|1699729092\n|switch|p2a: Kingambit|Kingambit, M, tera:Flying|72\/100 tox\n|-activate|p2a: Kingambit|ability: Supreme Overlord\n|-start|p2a: Kingambit|fallen3|[silent]\n|turn|28\n|\n|t:|1699729099\n|move|p1a: Rillaboom|U-turn|p2a: Kingambit\n|-resisted|p2a: Kingambit\n|-damage|p2a: Kingambit|61\/100 tox\n|\n|t:|1699729101\n|switch|p1a: Gliscor|Gliscor, M|47\/100 tox|[from] U-turn\n|move|p2a: Kingambit|Tera Blast|p1a: Gliscor|[anim] Tera Blast Flying\n|-damage|p1a: Gliscor|7\/100 tox\n|\n|-heal|p2a: Kingambit|67\/100 tox|[from] item: Leftovers\n|-heal|p1a: Gliscor|20\/100 tox|[from] ability: Poison Heal\n|-damage|p2a: Kingambit|61\/100 tox|[from] psn\n|upkeep\n|turn|29\n|\n|t:|1699729108\n|move|p1a: Gliscor|Protect|p1a: Gliscor\n|-singleturn|p1a: Gliscor|Protect\n|move|p2a: Kingambit|Swords Dance|p2a: Kingambit\n|-boost|p2a: Kingambit|atk|2\n|\n|-heal|p2a: Kingambit|67\/100 tox|[from] item: Leftovers\n|-heal|p1a: Gliscor|32\/100 tox|[from] ability: Poison Heal\n|-damage|p2a: Kingambit|55\/100 tox|[from] psn\n|upkeep\n|turn|30\n|\n|t:|1699729111\n|move|p1a: Gliscor|Spikes|p2a: Kingambit\n|-sidestart|p2: shadowhdg|Spikes\n|move|p2a: Kingambit|Tera Blast|p1a: Gliscor|[anim] Tera Blast Flying\n|-damage|p1a: Gliscor|0 fnt\n|faint|p1a: Gliscor\n|\n|-heal|p2a: Kingambit|61\/100 tox|[from] item: Leftovers\n|-damage|p2a: Kingambit|43\/100 tox|[from] psn\n|-fieldend|move: Grassy Terrain\n|upkeep\n|\n|t:|1699729113\n|switch|p1a: Rillaboom|Rillaboom, F|40\/100\n|-fieldstart|move: Grassy Terrain|[from] ability: Grassy Surge|[of] p1a: Rillaboom\n|turn|31\n|\n|t:|1699729132\n|-end|p2a: Kingambit|fallen3|[silent]\n|switch|p2a: Ogerpon|Ogerpon-Wellspring, F|53\/100 tox\n|-damage|p2a: Ogerpon|28\/100 tox|[from] Spikes\n|move|p1a: Rillaboom|Grassy Glide|p2a: Ogerpon\n|-damage|p2a: Ogerpon|0 fnt\n|faint|p2a: Ogerpon\n|\n|-heal|p1a: Rillaboom|46\/100|[from] Grassy Terrain\n|upkeep\n|j| Ivaannn\n|\n|t:|1699729139\n|switch|p2a: Kingambit|Kingambit, M, tera:Flying|43\/100 tox\n|-activate|p2a: Kingambit|ability: Supreme Overlord\n|-start|p2a: Kingambit|fallen4|[silent]\n|turn|32\n|\n|t:|1699729144\n|move|p1a: Rillaboom|Wood Hammer|p2a: Kingambit\n|-resisted|p2a: Kingambit\n|-damage|p2a: Kingambit|8\/100 tox\n|-damage|p1a: Rillaboom|35\/100|[from] Recoil\n|move|p2a: Kingambit|Tera Blast|p1a: Rillaboom|[anim] Tera Blast Flying\n|-supereffective|p1a: Rillaboom\n|-damage|p1a: Rillaboom|0 fnt\n|faint|p1a: Rillaboom\n|\n|win|shadowhdg\n|raw|Agent Killua's rating: 1835 &rarr; <strong>1807<\/strong><br \/>(-28 for losing)\n|raw|shadowhdg's rating: 1687 &rarr; <strong>1715<\/strong><br \/>(+28 for winning)\n|l|\u2606Agent Killua\n","uploadtime":1699729166,"views":14,"p1id":"agentkillua","p2id":"shadowhdg","formatid":"gen9ou","rating":1715,"private":0,"password":""}