{"id":"gen9ou-1990735052","p1":"Nightngale","p2":"ira marxistorum","format":"[Gen 9] OU","log":"|j|\u2606Nightngale\n|j|\u203dira marxistorum\n|t:|1699995944\n|gametype|singles\n|player|p1|Nightngale|2|1390\n|player|p2|ira marxistorum|plasmagrunt-gen5bw|1459\n|teamsize|p1|6\n|teamsize|p2|6\n|gen|9\n|tier|[Gen 9] OU\n|rated|\n|rule|Sleep Clause Mod: Limit one foe put to sleep\n|rule|Species Clause: Limit one of each Pok\u00e9mon\n|rule|OHKO Clause: OHKO moves are banned\n|rule|Evasion Items Clause: Evasion items are banned\n|rule|Evasion Moves Clause: Evasion moves are banned\n|rule|Endless Battle Clause: Forcing endless battles is banned\n|rule|HP Percentage Mod: HP is shown in percentages\n|clearpoke\n|poke|p1|Ditto|\n|poke|p1|Clefable, M|\n|poke|p1|Sneasler, M|\n|poke|p1|Dragonite, M|\n|poke|p1|Rillaboom, F|\n|poke|p1|Kingambit, M|\n|poke|p2|Glimmora, F|\n|poke|p2|Greninja-*, M|\n|poke|p2|Dragonite, F|\n|poke|p2|Corviknight, M|\n|poke|p2|Enamorus, F|\n|poke|p2|Amoonguss, F|\n|teampreview\n|inactive|Battle timer is ON: inactive players will automatically lose when time's up. (requested by Nightngale)\n|\n|t:|1699995958\n|start\n|switch|p1a: Dragon|Dragonite, M, shiny|100\/100\n|switch|p2a: Glimmora|Glimmora, F|100\/100\n|turn|1\n|\n|t:|1699995962\n|move|p2a: Glimmora|Power Gem|p1a: Dragon\n|-supereffective|p1a: Dragon\n|-damage|p1a: Dragon|61\/100\n|move|p1a: Dragon|Earthquake|p2a: Glimmora\n|-supereffective|p2a: Glimmora\n|-damage|p2a: Glimmora|0 fnt\n|-activate|p2a: Glimmora|ability: Toxic Debris\n|-sidestart|p1: Nightngale|move: Toxic Spikes\n|faint|p2a: Glimmora\n|\n|upkeep\n|\n|t:|1699995969\n|switch|p2a: Enamorus|Enamorus, F|100\/100\n|turn|2\n|\n|t:|1699995979\n|move|p1a: Dragon|Extreme Speed|p2a: Enamorus\n|-crit|p2a: Enamorus\n|-damage|p2a: Enamorus|23\/100\n|move|p2a: Enamorus|Moonblast|p1a: Dragon\n|-supereffective|p1a: Dragon\n|-crit|p1a: Dragon\n|-damage|p1a: Dragon|0 fnt\n|faint|p1a: Dragon\n|\n|upkeep\n|inactive|Nightngale has 120 seconds left.\n|inactive|Nightngale has 90 seconds left.\n|l|\u2606Nightngale\n|inactive|Nightngale disconnected and has a minute to reconnect!\n|player|p1|\n|j|\u2606Nightngale\n|inactive|Nightngale reconnected and has 60 seconds left.\n|player|p1|Nightngale|2\n|\n|t:|1699996077\n|switch|p1a: Clefcum|Clefable, M|100\/100\n|-status|p1a: Clefcum|psn\n|turn|3\n|\n|t:|1699996084\n|switch|p2a: Corviknight|Corviknight, M|100\/100\n|-ability|p2a: Corviknight|Pressure\n|move|p1a: Clefcum|Cosmic Power|p1a: Clefcum\n|-boost|p1a: Clefcum|def|1\n|-boost|p1a: Clefcum|spd|1\n|\n|upkeep\n|turn|4\n|\n|t:|1699996088\n|move|p2a: Corviknight|U-turn|p1a: Clefcum\n|-resisted|p1a: Clefcum\n|-damage|p1a: Clefcum|96\/100 psn\n|\n|t:|1699996091\n|switch|p2a: Amoonguss|Amoonguss, F|100\/100|[from] U-turn\n|move|p1a: Clefcum|Fire Blast|p2a: Amoonguss\n|-supereffective|p2a: Amoonguss\n|-damage|p2a: Amoonguss|49\/100\n|-enditem|p2a: Amoonguss|Eject Button\n|\n|t:|1699996102\n|switch|p2a: Dragonite|Dragonite, F|100\/100\n|\n|upkeep\n|turn|5\n|\n|t:|1699996124\n|move|p2a: Dragonite|Earthquake|p1a: Clefcum\n|-damage|p1a: Clefcum|70\/100 psn\n|move|p1a: Clefcum|Cosmic Power|p1a: Clefcum\n|-boost|p1a: Clefcum|def|1\n|-boost|p1a: Clefcum|spd|1\n|\n|upkeep\n|turn|6\n|\n|t:|1699996132\n|move|p2a: Dragonite|Dragon Dance|p2a: Dragonite\n|-boost|p2a: Dragonite|atk|1\n|-boost|p2a: Dragonite|spe|1\n|move|p1a: Clefcum|Moonlight|p1a: Clefcum\n|-heal|p1a: Clefcum|100\/100 psn\n|\n|upkeep\n|turn|7\n|\n|t:|1699996136\n|move|p2a: Dragonite|Dragon Dance|p2a: Dragonite\n|-boost|p2a: Dragonite|atk|1\n|-boost|p2a: Dragonite|spe|1\n|move|p1a: Clefcum|Cosmic Power|p1a: Clefcum\n|-boost|p1a: Clefcum|def|1\n|-boost|p1a: Clefcum|spd|1\n|\n|upkeep\n|turn|8\n|\n|t:|1699996139\n|move|p2a: Dragonite|Dragon Dance|p2a: Dragonite\n|-boost|p2a: Dragonite|atk|1\n|-boost|p2a: Dragonite|spe|1\n|move|p1a: Clefcum|Cosmic Power|p1a: Clefcum\n|-boost|p1a: Clefcum|def|1\n|-boost|p1a: Clefcum|spd|1\n|\n|upkeep\n|turn|9\n|\n|t:|1699996142\n|move|p2a: Dragonite|Dragon Dance|p2a: Dragonite\n|-boost|p2a: Dragonite|atk|1\n|-boost|p2a: Dragonite|spe|1\n|move|p1a: Clefcum|Cosmic Power|p1a: Clefcum\n|-boost|p1a: Clefcum|def|1\n|-boost|p1a: Clefcum|spd|1\n|\n|upkeep\n|turn|10\n|\n|t:|1699996145\n|move|p2a: Dragonite|Dragon Dance|p2a: Dragonite\n|-boost|p2a: Dragonite|atk|1\n|-boost|p2a: Dragonite|spe|1\n|move|p1a: Clefcum|Stored Power|p2a: Dragonite\n|-damage|p2a: Dragonite|68\/100\n|\n|upkeep\n|turn|11\n|\n|t:|1699996149\n|move|p2a: Dragonite|Earthquake|p1a: Clefcum\n|-damage|p1a: Clefcum|66\/100 psn\n|move|p1a: Clefcum|Stored Power|p2a: Dragonite\n|-damage|p2a: Dragonite|2\/100\n|\n|upkeep\n|turn|12\n|\n|t:|1699996161\n|-terastallize|p2a: Dragonite|Normal\n|move|p2a: Dragonite|Extreme Speed|p1a: Clefcum\n|-damage|p1a: Clefcum|21\/100 psn\n|move|p1a: Clefcum|Moonlight|p1a: Clefcum\n|-heal|p1a: Clefcum|71\/100 psn\n|\n|upkeep\n|turn|13\n|\n|t:|1699996170\n|move|p2a: Dragonite|Extreme Speed|p1a: Clefcum\n|-damage|p1a: Clefcum|31\/100 psn\n|move|p1a: Clefcum|Stored Power|p2a: Dragonite\n|-damage|p2a: Dragonite|0 fnt\n|faint|p2a: Dragonite\n|\n|upkeep\n|-message|ira marxistorum forfeited.\n|\n|win|Nightngale\n|raw|Nightngale's rating: 1390 &rarr; <strong>1414<\/strong><br \/>(+24 for winning)\n|raw|ira marxistorum's rating: 1459 &rarr; <strong>1435<\/strong><br \/>(-24 for losing)\n|l|\u203dira marxistorum\n","uploadtime":1699996181,"views":14,"p1id":"nightngale","p2id":"iramarxistorum","formatid":"gen9ou","rating":1414,"private":0,"password":""}