{"id":"gen9ou-1996682362","p1":"rectreemz","p2":"Aeziolu","format":"[Gen 9] OU","log":"|j|\u2606rectreemz\n|j|\u2606Aeziolu\n|t:|1700709149\n|gametype|singles\n|player|p1|rectreemz|2|1485\n|player|p2|Aeziolu|wally|1546\n|teamsize|p1|6\n|teamsize|p2|6\n|gen|9\n|tier|[Gen 9] OU\n|rated|\n|rule|Sleep Clause Mod: Limit one foe put to sleep\n|rule|Species Clause: Limit one of each Pok\u00e9mon\n|rule|OHKO Clause: OHKO moves are banned\n|rule|Evasion Items Clause: Evasion items are banned\n|rule|Evasion Moves Clause: Evasion moves are banned\n|rule|Endless Battle Clause: Forcing endless battles is banned\n|rule|HP Percentage Mod: HP is shown in percentages\n|clearpoke\n|poke|p1|Ninetales-Alola, M|\n|poke|p1|Kingambit, F|\n|poke|p1|Kommo-o, F|\n|poke|p1|Landorus-Therian, M|\n|poke|p1|Iron Valiant|\n|poke|p1|Iron Treads|\n|poke|p2|Ogerpon-Wellspring, F|\n|poke|p2|Zapdos|\n|poke|p2|Gholdengo|\n|poke|p2|Clefable, M|\n|poke|p2|Skeledirge, M|\n|poke|p2|Kingambit, F|\n|teampreview\n|inactive|Battle timer is ON: inactive players will automatically lose when time's up. (requested by rectreemz)\n|\n|t:|1700709165\n|start\n|switch|p1a: Ninetales|Ninetales-Alola, M|100\/100\n|switch|p2a: Gholdengo|Gholdengo|100\/100\n|-weather|Snow|[from] ability: Snow Warning|[of] p1a: Ninetales\n|-item|p2a: Gholdengo|Air Balloon\n|turn|1\n|\n|t:|1700709174\n|move|p1a: Ninetales|Aurora Veil|p1a: Ninetales\n|-sidestart|p1: rectreemz|move: Aurora Veil\n|move|p2a: Gholdengo|Make It Rain|p1a: Ninetales\n|-supereffective|p1a: Ninetales\n|-damage|p1a: Ninetales|0 fnt\n|-unboost|p2a: Gholdengo|spa|1\n|faint|p1a: Ninetales\n|\n|-weather|Snow|[upkeep]\n|upkeep\n|\n|t:|1700709179\n|switch|p1a: Kommo-o|Kommo-o, F|100\/100\n|turn|2\n|inactive|Aeziolu has 120 seconds left.\n|\n|t:|1700709223\n|move|p1a: Kommo-o|Flamethrower|p2a: Gholdengo\n|-supereffective|p2a: Gholdengo\n|-damage|p2a: Gholdengo|50\/100\n|-enditem|p2a: Gholdengo|Air Balloon\n|move|p2a: Gholdengo|Nasty Plot|p2a: Gholdengo\n|-boost|p2a: Gholdengo|spa|2\n|\n|-weather|Snow|[upkeep]\n|upkeep\n|turn|3\n|\n|t:|1700709232\n|switch|p2a: Clefable|Clefable, M|100\/100\n|move|p1a: Kommo-o|Flamethrower|p2a: Clefable\n|-damage|p2a: Clefable|77\/100\n|\n|-weather|Snow|[upkeep]\n|upkeep\n|turn|4\n|\n|t:|1700709238\n|switch|p1a: Iron Valiant|Iron Valiant|100\/100\n|-enditem|p1a: Iron Valiant|Booster Energy\n|-activate|p1a: Iron Valiant|ability: Quark Drive|[fromitem]\n|-start|p1a: Iron Valiant|quarkdrivespe\n|move|p2a: Clefable|Calm Mind|p2a: Clefable\n|-boost|p2a: Clefable|spa|1\n|-boost|p2a: Clefable|spd|1\n|\n|-weather|Snow|[upkeep]\n|upkeep\n|turn|5\n|\n|t:|1700709244\n|move|p1a: Iron Valiant|Encore|p2a: Clefable\n|-start|p2a: Clefable|Encore\n|move|p2a: Clefable|Calm Mind|p2a: Clefable\n|-boost|p2a: Clefable|spa|1\n|-boost|p2a: Clefable|spd|1\n|\n|-weather|none\n|upkeep\n|turn|6\n|\n|t:|1700709248\n|switch|p2a: Gholdengo|Gholdengo|50\/100\n|move|p1a: Iron Valiant|Calm Mind|p1a: Iron Valiant\n|-boost|p1a: Iron Valiant|spa|1\n|-boost|p1a: Iron Valiant|spd|1\n|\n|upkeep\n|turn|7\n|\n|t:|1700709257\n|move|p1a: Iron Valiant|Moonblast|p2a: Gholdengo\n|-resisted|p2a: Gholdengo\n|-damage|p2a: Gholdengo|16\/100\n|move|p2a: Gholdengo|Recover|p2a: Gholdengo\n|-heal|p2a: Gholdengo|66\/100\n|\n|upkeep\n|turn|8\n|\n|t:|1700709264\n|-end|p1a: Iron Valiant|Quark Drive|[silent]\n|switch|p1a: Iron Treads|Iron Treads|100\/100\n|-enditem|p1a: Iron Treads|Booster Energy\n|-activate|p1a: Iron Treads|ability: Quark Drive|[fromitem]\n|-start|p1a: Iron Treads|quarkdrivespe\n|move|p2a: Gholdengo|Recover|p2a: Gholdengo\n|-heal|p2a: Gholdengo|100\/100\n|\n|-sideend|p1: rectreemz|move: Aurora Veil\n|upkeep\n|turn|9\n|\n|t:|1700709268\n|move|p1a: Iron Treads|Stealth Rock|p2a: Gholdengo\n|-sidestart|p2: Aeziolu|move: Stealth Rock\n|move|p2a: Gholdengo|Nasty Plot|p2a: Gholdengo\n|-boost|p2a: Gholdengo|spa|2\n|\n|upkeep\n|turn|10\n|\n|t:|1700709271\n|move|p1a: Iron Treads|Earthquake|p2a: Gholdengo\n|-supereffective|p2a: Gholdengo\n|-damage|p2a: Gholdengo|48\/100\n|move|p2a: Gholdengo|Shadow Ball|p1a: Iron Treads\n|-damage|p1a: Iron Treads|11\/100\n|\n|upkeep\n|turn|11\n|\n|t:|1700709277\n|switch|p2a: Zapdos|Zapdos|100\/100\n|move|p1a: Iron Treads|Earthquake|p2a: Zapdos\n|-immune|p2a: Zapdos\n|\n|upkeep\n|turn|12\n|\n|t:|1700709284\n|move|p1a: Iron Treads|Volt Switch|p2a: Zapdos\n|-damage|p2a: Zapdos|89\/100\n|\n|t:|1700709289\n|-end|p1a: Iron Treads|Quark Drive|[silent]\n|switch|p1a: Landorus|Landorus-Therian, M|100\/100|[from] Volt Switch\n|-ability|p1a: Landorus|Intimidate|boost\n|-unboost|p2a: Zapdos|atk|1\n|move|p2a: Zapdos|Hurricane|p1a: Landorus\n|-damage|p1a: Landorus|47\/100\n|-start|p1a: Landorus|confusion\n|\n|upkeep\n|turn|13\n|\n|t:|1700709294\n|move|p2a: Zapdos|Hurricane|p1a: Landorus|[miss]\n|-miss|p2a: Zapdos|p1a: Landorus\n|-activate|p1a: Landorus|confusion\n|move|p1a: Landorus|U-turn|p2a: Zapdos\n|-resisted|p2a: Zapdos\n|-damage|p2a: Zapdos|76\/100\n|\n|t:|1700709298\n|switch|p1a: Kommo-o|Kommo-o, F|100\/100|[from] U-turn\n|\n|upkeep\n|turn|14\n|\n|t:|1700709315\n|move|p2a: Zapdos|Hurricane|p1a: Kommo-o\n|-supereffective|p1a: Kommo-o\n|-damage|p1a: Kommo-o|0 fnt\n|faint|p1a: Kommo-o\n|\n|upkeep\n|\n|t:|1700709323\n|switch|p1a: Iron Valiant|Iron Valiant|100\/100\n|turn|15\n|\n|t:|1700709326\n|-terastallize|p1a: Iron Valiant|Steel\n|move|p1a: Iron Valiant|Calm Mind|p1a: Iron Valiant\n|-boost|p1a: Iron Valiant|spa|1\n|-boost|p1a: Iron Valiant|spd|1\n|move|p2a: Zapdos|U-turn|p1a: Iron Valiant\n|-resisted|p1a: Iron Valiant\n|-damage|p1a: Iron Valiant|94\/100\n|\n|t:|1700709335\n|switch|p2a: Gholdengo|Gholdengo|48\/100|[from] U-turn\n|-damage|p2a: Gholdengo|42\/100|[from] Stealth Rock\n|\n|upkeep\n|turn|16\n|\n|t:|1700709338\n|move|p1a: Iron Valiant|Moonblast|p2a: Gholdengo\n|-resisted|p2a: Gholdengo\n|-damage|p2a: Gholdengo|6\/100\n|move|p2a: Gholdengo|Recover|p2a: Gholdengo\n|-heal|p2a: Gholdengo|56\/100\n|\n|upkeep\n|turn|17\n|\n|t:|1700709341\n|move|p1a: Iron Valiant|Calm Mind|p1a: Iron Valiant\n|-boost|p1a: Iron Valiant|spa|1\n|-boost|p1a: Iron Valiant|spd|1\n|move|p2a: Gholdengo|Recover|p2a: Gholdengo\n|-heal|p2a: Gholdengo|100\/100\n|\n|upkeep\n|turn|18\n|\n|t:|1700709343\n|move|p1a: Iron Valiant|Calm Mind|p1a: Iron Valiant\n|-boost|p1a: Iron Valiant|spa|1\n|-boost|p1a: Iron Valiant|spd|1\n|move|p2a: Gholdengo|Nasty Plot|p2a: Gholdengo\n|-boost|p2a: Gholdengo|spa|2\n|\n|upkeep\n|turn|19\n|\n|t:|1700709345\n|move|p1a: Iron Valiant|Calm Mind|p1a: Iron Valiant\n|-boost|p1a: Iron Valiant|spa|1\n|-boost|p1a: Iron Valiant|spd|1\n|move|p2a: Gholdengo|Shadow Ball|p1a: Iron Valiant\n|-damage|p1a: Iron Valiant|45\/100\n|\n|upkeep\n|turn|20\n|\n|t:|1700709348\n|move|p1a: Iron Valiant|Moonblast|p2a: Gholdengo\n|-resisted|p2a: Gholdengo\n|-damage|p2a: Gholdengo|38\/100\n|move|p2a: Gholdengo|Shadow Ball|p1a: Iron Valiant\n|-damage|p1a: Iron Valiant|2\/100\n|\n|upkeep\n|turn|21\n|\n|t:|1700709356\n|switch|p2a: Skeledirge|Skeledirge, M|100\/100\n|move|p1a: Iron Valiant|Moonblast|p2a: Skeledirge\n|-resisted|p2a: Skeledirge\n|-damage|p2a: Skeledirge|85\/100\n|\n|upkeep\n|turn|22\n|\n|t:|1700709361\n|-end|p1a: Iron Valiant|Quark Drive|[silent]\n|switch|p1a: Iron Treads|Iron Treads|11\/100\n|move|p2a: Skeledirge|Torch Song|p1a: Iron Treads\n|-supereffective|p1a: Iron Treads\n|-damage|p1a: Iron Treads|0 fnt\n|-boost|p2a: Skeledirge|spa|1\n|faint|p1a: Iron Treads\n|-end|p1a: Iron Treads|Quark Drive|[silent]\n|\n|upkeep\n|\n|t:|1700709363\n|switch|p1a: Kingambit|Kingambit, F|100\/100\n|-activate|p1a: Kingambit|ability: Supreme Overlord\n|-start|p1a: Kingambit|fallen3|[silent]\n|turn|23\n|\n|t:|1700709368\n|move|p1a: Kingambit|Sucker Punch||[still]\n|-fail|p1a: Kingambit\n|move|p2a: Skeledirge|Will-O-Wisp|p1a: Kingambit\n|-status|p1a: Kingambit|brn\n|\n|-damage|p1a: Kingambit|94\/100 brn|[from] brn\n|upkeep\n|turn|24\n|-message|rectreemz forfeited.\n|\n|win|Aeziolu\n|raw|rectreemz's rating: 1485 &rarr; <strong>1468<\/strong><br \/>(-17 for losing)\n|raw|Aeziolu's rating: 1546 &rarr; <strong>1563<\/strong><br \/>(+17 for winning)\n|l|\u2606rectreemz\n","uploadtime":1700709376,"views":3,"p1id":"rectreemz","p2id":"aeziolu","formatid":"gen9ou","rating":1468,"private":0,"password":""}