{"id":"gen9ou-1994271467","p1":"Tojaro","p2":"Az2qez","format":"[Gen 9] OU","log":"|j|\u2606Tojaro\n|j|\u2606Az2qez\n|t:|1700425645\n|gametype|singles\n|player|p1|Tojaro|101|1184\n|player|p2|Az2qez|roughneck|1144\n|teamsize|p1|6\n|teamsize|p2|6\n|gen|9\n|tier|[Gen 9] OU\n|rated|\n|rule|Sleep Clause Mod: Limit one foe put to sleep\n|rule|Species Clause: Limit one of each Pok\u00e9mon\n|rule|OHKO Clause: OHKO moves are banned\n|rule|Evasion Items Clause: Evasion items are banned\n|rule|Evasion Moves Clause: Evasion moves are banned\n|rule|Endless Battle Clause: Forcing endless battles is banned\n|rule|HP Percentage Mod: HP is shown in percentages\n|clearpoke\n|poke|p1|Conkeldurr, M|\n|poke|p1|Crawdaunt, F|\n|poke|p1|Heatran, M|\n|poke|p1|Corviknight, M|\n|poke|p1|Noivern, F|\n|poke|p1|Hatterene, F|\n|poke|p2|Enamorus, F|\n|poke|p2|Zamazenta-*|\n|poke|p2|Azumarill, F|\n|poke|p2|Glimmora, M|\n|poke|p2|Dragapult, M|\n|poke|p2|Kingambit, M|\n|teampreview\n|inactive|Battle timer is ON: inactive players will automatically lose when time's up. (requested by Az2qez)\n|inactive|Az2qez has 120 seconds left.\n|\n|t:|1700425679\n|start\n|switch|p1a: Hatterene|Hatterene, F|100\/100\n|switch|p2a: Azumarill|Azumarill, F|100\/100\n|turn|1\n|\n|t:|1700425686\n|move|p1a: Hatterene|Trick|p2a: Azumarill\n|-activate|p1a: Hatterene|move: Trick|[of] p2a: Azumarill\n|-item|p2a: Azumarill|Choice Scarf|[from] move: Trick\n|-item|p1a: Hatterene|Sitrus Berry|[from] move: Trick\n|move|p2a: Azumarill|Belly Drum|p2a: Azumarill\n|-damage|p2a: Azumarill|50\/100\n|-setboost|p2a: Azumarill|atk|6|[from] move: Belly Drum\n|\n|upkeep\n|turn|2\n|\n|t:|1700425708\n|switch|p2a: Enamorus|Enamorus, F|100\/100\n|move|p1a: Hatterene|Nuzzle|p2a: Enamorus\n|-supereffective|p2a: Enamorus\n|-damage|p2a: Enamorus|86\/100\n|-status|p2a: Enamorus|par\n|\n|-heal|p2a: Enamorus|92\/100 par|[from] item: Leftovers\n|upkeep\n|turn|3\n|\n|t:|1700425736\n|move|p1a: Hatterene|Trick|p2a: Enamorus\n|-activate|p1a: Hatterene|move: Trick|[of] p2a: Enamorus\n|-item|p2a: Enamorus|Sitrus Berry|[from] move: Trick\n|-item|p1a: Hatterene|Leftovers|[from] move: Trick\n|move|p2a: Enamorus|Superpower|p1a: Hatterene\n|-resisted|p1a: Hatterene\n|-damage|p1a: Hatterene|84\/100\n|-boost|p2a: Enamorus|atk|1\n|-boost|p2a: Enamorus|def|1\n|\n|-heal|p1a: Hatterene|90\/100|[from] item: Leftovers\n|upkeep\n|turn|4\n|inactive|Tojaro has 120 seconds left.\n|inactive|Az2qez has 120 seconds left.\n|\n|t:|1700425775\n|switch|p1a: Corviknight|Corviknight, M|100\/100\n|move|p2a: Enamorus|Superpower|p1a: Corviknight\n|-damage|p1a: Corviknight|65\/100\n|-boost|p2a: Enamorus|atk|1\n|-boost|p2a: Enamorus|def|1\n|-damage|p2a: Enamorus|76\/100 par|[from] item: Rocky Helmet|[of] p1a: Corviknight\n|\n|upkeep\n|turn|5\n|inactive|Az2qez has 120 seconds left.\n|\n|t:|1700425795\n|cant|p2a: Enamorus|par\n|move|p1a: Corviknight|Roost|p1a: Corviknight\n|-heal|p1a: Corviknight|100\/100\n|-singleturn|p1a: Corviknight|move: Roost\n|\n|upkeep\n|turn|6\n|inactive|Az2qez has 120 seconds left.\n|\n|t:|1700425801\n|cant|p2a: Enamorus|par\n|move|p1a: Corviknight|Brave Bird|p2a: Enamorus\n|-crit|p2a: Enamorus\n|-damage|p2a: Enamorus|0 fnt\n|faint|p2a: Enamorus\n|-damage|p1a: Corviknight|82\/100|[from] Recoil\n|\n|upkeep\n|inactive|Az2qez has 120 seconds left.\n|\n|t:|1700425810\n|switch|p2a: Dragapult|Dragapult, M|100\/100\n|turn|7\n|\n|t:|1700425819\n|switch|p1a: Hatterene|Hatterene, F|90\/100\n|move|p2a: Dragapult|Fire Blast|p1a: Hatterene\n|-damage|p1a: Hatterene|34\/100\n|-damage|p2a: Dragapult|91\/100|[from] item: Life Orb\n|\n|-heal|p1a: Hatterene|40\/100|[from] item: Leftovers\n|upkeep\n|turn|8\n|inactive|Tojaro has 120 seconds left.\n|inactive|Az2qez has 120 seconds left.\n|\n|t:|1700425835\n|move|p2a: Dragapult|Shadow Ball|p1a: Hatterene\n|-supereffective|p1a: Hatterene\n|-damage|p1a: Hatterene|0 fnt\n|faint|p1a: Hatterene\n|-damage|p2a: Dragapult|81\/100|[from] item: Life Orb\n|\n|upkeep\n|\n|t:|1700425858\n|switch|p1a: Heatran|Heatran, M|100\/100\n|-item|p1a: Heatran|Air Balloon\n|turn|9\n|inactive|Tojaro has 90 seconds left.\n|\n|t:|1700425881\n|move|p2a: Dragapult|Hydro Pump|p1a: Heatran\n|-supereffective|p1a: Heatran\n|-damage|p1a: Heatran|13\/100\n|-enditem|p1a: Heatran|Air Balloon\n|-damage|p2a: Dragapult|71\/100|[from] item: Life Orb\n|move|p1a: Heatran|Flash Cannon|p2a: Dragapult\n|-damage|p2a: Dragapult|11\/100\n|\n|upkeep\n|turn|10\n|inactive|Tojaro has 90 seconds left.\n|\n|t:|1700425892\n|move|p2a: Dragapult|Thunderbolt|p1a: Heatran\n|-damage|p1a: Heatran|0 fnt\n|faint|p1a: Heatran\n|-damage|p2a: Dragapult|1\/100|[from] item: Life Orb\n|\n|upkeep\n|inactive|Tojaro has 90 seconds left.\n|\n|t:|1700425898\n|switch|p1a: Crawdaunt|Crawdaunt, F|100\/100\n|turn|11\n|\n|t:|1700425904\n|switch|p2a: Glimmora|Glimmora, M|100\/100\n|move|p1a: Crawdaunt|Aqua Jet|p2a: Glimmora\n|-supereffective|p2a: Glimmora\n|-damage|p2a: Glimmora|3\/100\n|-activate|p2a: Glimmora|ability: Toxic Debris\n|-sidestart|p1: Tojaro|move: Toxic Spikes\n|\n|upkeep\n|turn|12\n|\n|t:|1700425912\n|move|p1a: Crawdaunt|Aqua Jet|p2a: Glimmora\n|-supereffective|p2a: Glimmora\n|-damage|p2a: Glimmora|0 fnt\n|-activate|p2a: Glimmora|ability: Toxic Debris\n|-sidestart|p1: Tojaro|move: Toxic Spikes\n|faint|p2a: Glimmora\n|\n|upkeep\n|\n|t:|1700425923\n|switch|p2a: Zamazenta|Zamazenta|100\/100\n|-ability|p2a: Zamazenta|Dauntless Shield|boost\n|-boost|p2a: Zamazenta|def|1\n|turn|13\n|\n|t:|1700425941\n|-terastallize|p2a: Zamazenta|Fighting\n|move|p1a: Crawdaunt|Aqua Jet|p2a: Zamazenta\n|-damage|p2a: Zamazenta|75\/100\n|move|p2a: Zamazenta|Close Combat|p1a: Crawdaunt\n|-supereffective|p1a: Crawdaunt\n|-damage|p1a: Crawdaunt|0 fnt\n|-unboost|p2a: Zamazenta|def|1\n|-unboost|p2a: Zamazenta|spd|1\n|faint|p1a: Crawdaunt\n|\n|upkeep\n|\n|t:|1700425956\n|switch|p1a: Corviknight|Corviknight, M|82\/100\n|turn|14\n|\n|t:|1700425972\n|move|p2a: Zamazenta|Stone Edge|p1a: Corviknight|[miss]\n|-miss|p2a: Zamazenta|p1a: Corviknight\n|move|p1a: Corviknight|Defog|p2a: Zamazenta\n|-unboost|p2a: Zamazenta|evasion|1\n|-sideend|p1: Tojaro|Toxic Spikes|[from] move: Defog|[of] p1a: Corviknight\n|\n|upkeep\n|turn|15\n|inactive|Tojaro has 120 seconds left.\n|\n|t:|1700425981\n|move|p2a: Zamazenta|Stone Edge|p1a: Corviknight|[miss]\n|-miss|p2a: Zamazenta|p1a: Corviknight\n|move|p1a: Corviknight|Brave Bird|p2a: Zamazenta\n|-supereffective|p2a: Zamazenta\n|-damage|p2a: Zamazenta|1\/100\n|-damage|p1a: Corviknight|62\/100|[from] Recoil\n|\n|upkeep\n|turn|16\n|\n|t:|1700425989\n|move|p2a: Zamazenta|Stone Edge|p1a: Corviknight|[miss]\n|-miss|p2a: Zamazenta|p1a: Corviknight\n|move|p1a: Corviknight|Roost|p1a: Corviknight\n|-heal|p1a: Corviknight|100\/100\n|-singleturn|p1a: Corviknight|move: Roost\n|\n|upkeep\n|turn|17\n|c|\u2606Tojaro|dude\n|c|\u2606Tojaro|hit your shit\n|\n|t:|1700425997\n|move|p2a: Zamazenta|Stone Edge|p1a: Corviknight\n|-damage|p1a: Corviknight|82\/100\n|move|p1a: Corviknight|Brave Bird|p2a: Zamazenta\n|-supereffective|p2a: Zamazenta\n|-damage|p2a: Zamazenta|0 fnt\n|faint|p2a: Zamazenta\n|-damage|p1a: Corviknight|82\/100|[from] Recoil\n|\n|upkeep\n|\n|t:|1700426011\n|switch|p2a: Dragapult|Dragapult, M|1\/100\n|turn|18\n|\n|t:|1700426020\n|move|p2a: Dragapult|Fire Blast|p1a: Corviknight|[miss]\n|-miss|p2a: Dragapult|p1a: Corviknight\n|move|p1a: Corviknight|Brave Bird|p2a: Dragapult\n|-damage|p2a: Dragapult|0 fnt\n|faint|p2a: Dragapult\n|-damage|p1a: Corviknight|82\/100|[from] Recoil\n|\n|upkeep\n|c|\u2606Az2qez|ffffffffff\n|\n|t:|1700426033\n|switch|p2a: Azumarill|Azumarill, F|50\/100\n|turn|19\n|\n|t:|1700426042\n|move|p2a: Azumarill|Liquidation|p1a: Corviknight\n|-damage|p1a: Corviknight|49\/100\n|-damage|p2a: Azumarill|34\/100|[from] item: Rocky Helmet|[of] p1a: Corviknight\n|move|p1a: Corviknight|Brave Bird|p2a: Azumarill\n|-damage|p2a: Azumarill|0 fnt\n|faint|p2a: Azumarill\n|-damage|p1a: Corviknight|38\/100|[from] Recoil\n|\n|upkeep\n|\n|t:|1700426051\n|switch|p2a: Kingambit|Kingambit, M|100\/100\n|-activate|p2a: Kingambit|ability: Supreme Overlord\n|-start|p2a: Kingambit|fallen5|[silent]\n|turn|20\n|\n|t:|1700426072\n|move|p2a: Kingambit|Kowtow Cleave|p1a: Corviknight\n|-damage|p1a: Corviknight|0 fnt\n|-damage|p2a: Kingambit|84\/100|[from] item: Rocky Helmet|[of] p1a: Corviknight\n|faint|p1a: Corviknight\n|\n|upkeep\n|\n|t:|1700426082\n|switch|p1a: Conkeldurr|Conkeldurr, M|100\/100\n|turn|21\n|inactive|Az2qez has 120 seconds left.\n|\n|t:|1700426108\n|move|p2a: Kingambit|Iron Head|p1a: Conkeldurr\n|-damage|p1a: Conkeldurr|43\/100\n|cant|p1a: Conkeldurr|flinch\n|\n|-status|p1a: Conkeldurr|brn|[from] item: Flame Orb\n|upkeep\n|turn|22\n|\n|t:|1700426115\n|move|p2a: Kingambit|Iron Head|p1a: Conkeldurr\n|-damage|p1a: Conkeldurr|0 fnt\n|faint|p1a: Conkeldurr\n|\n|upkeep\n|\n|t:|1700426119\n|switch|p1a: Noivern|Noivern, F|100\/100\n|turn|23\n|\n|t:|1700426129\n|move|p2a: Kingambit|Sucker Punch|p1a: Noivern\n|-damage|p1a: Noivern|17\/100\n|move|p1a: Noivern|Flamethrower|p2a: Kingambit\n|-supereffective|p2a: Kingambit\n|-damage|p2a: Kingambit|0 fnt\n|faint|p2a: Kingambit\n|-end|p2a: Kingambit|fallen5|[silent]\n|\n|win|Tojaro\n|raw|Tojaro's rating: 1184 &rarr; <strong>1206<\/strong><br \/>(+22 for winning)\n|raw|Az2qez's rating: 1144 &rarr; <strong>1122<\/strong><br \/>(-22 for losing)\n","uploadtime":1700425995,"views":8,"p1id":"tojaro","p2id":"az2qez","formatid":"gen9ou","rating":1122,"private":0,"password":""}