{"id":"gen9ou-1988834237","p1":"Valdi103","p2":"Bruhitsjhian","format":"[Gen 9] OU","log":"|j|\u2606Valdi103\n|j|\u2606Bruhitsjhian\n|t:|1699770385\n|gametype|singles\n|player|p1|Valdi103|mira|1072\n|player|p2|Bruhitsjhian|az|1082\n|teamsize|p1|6\n|teamsize|p2|6\n|gen|9\n|tier|[Gen 9] OU\n|rated|\n|rule|Sleep Clause Mod: Limit one foe put to sleep\n|rule|Species Clause: Limit one of each Pok\u00e9mon\n|rule|OHKO Clause: OHKO moves are banned\n|rule|Evasion Items Clause: Evasion items are banned\n|rule|Evasion Moves Clause: Evasion moves are banned\n|rule|Endless Battle Clause: Forcing endless battles is banned\n|rule|HP Percentage Mod: HP is shown in percentages\n|clearpoke\n|poke|p1|Meowscarada, F|\n|poke|p1|Ceruledge, M|\n|poke|p1|Enamorus, F|\n|poke|p1|Lilligant-Hisui, F|\n|poke|p1|Ninetales, F|\n|poke|p1|Mightyena, F|\n|poke|p2|Gliscor, M|\n|poke|p2|Iron Jugulis|\n|poke|p2|Samurott-Hisui, M|\n|poke|p2|Dragapult, M|\n|poke|p2|Pelipper, M|\n|poke|p2|Iron Moth|\n|teampreview\n|\n|t:|1699770395\n|start\n|switch|p1a: Ninetales|Ninetales, F, shiny|100\/100\n|switch|p2a: Gliscor|Gliscor, M, shiny|100\/100\n|-weather|SunnyDay|[from] ability: Drought|[of] p1a: Ninetales\n|turn|1\n|\n|t:|1699770404\n|move|p1a: Ninetales|Calm Mind|p1a: Ninetales\n|-boost|p1a: Ninetales|spa|1\n|-boost|p1a: Ninetales|spd|1\n|move|p2a: Gliscor|Earthquake|p1a: Ninetales\n|-supereffective|p1a: Ninetales\n|-damage|p1a: Ninetales|0 fnt\n|faint|p1a: Ninetales\n|\n|-weather|SunnyDay|[upkeep]\n|-status|p2a: Gliscor|tox|[from] item: Toxic Orb\n|upkeep\n|\n|t:|1699770410\n|switch|p1a: Lilligant|Lilligant-Hisui, F|100\/100\n|turn|2\n|\n|t:|1699770416\n|move|p1a: Lilligant|Victory Dance|p1a: Lilligant\n|-boost|p1a: Lilligant|atk|1\n|-boost|p1a: Lilligant|def|1\n|-boost|p1a: Lilligant|spe|1\n|move|p2a: Gliscor|Toxic|p1a: Lilligant\n|-status|p1a: Lilligant|tox\n|\n|-weather|SunnyDay|[upkeep]\n|-damage|p1a: Lilligant|94\/100 tox|[from] psn\n|upkeep\n|turn|3\n|\n|t:|1699770424\n|switch|p2a: Iron Moth|Iron Moth|100\/100\n|-enditem|p2a: Iron Moth|Booster Energy\n|-activate|p2a: Iron Moth|ability: Quark Drive|[fromitem]\n|-start|p2a: Iron Moth|quarkdrivespa\n|move|p1a: Lilligant|Ice Spinner|p2a: Iron Moth\n|-resisted|p2a: Iron Moth\n|-damage|p2a: Iron Moth|64\/100\n|\n|-weather|SunnyDay|[upkeep]\n|-damage|p1a: Lilligant|82\/100 tox|[from] psn\n|upkeep\n|turn|4\n|\n|t:|1699770434\n|move|p1a: Lilligant|Sleep Powder|p2a: Iron Moth\n|-status|p2a: Iron Moth|slp|[from] move: Sleep Powder\n|cant|p2a: Iron Moth|slp\n|\n|-weather|SunnyDay|[upkeep]\n|-damage|p1a: Lilligant|64\/100 tox|[from] psn\n|upkeep\n|turn|5\n|\n|t:|1699770440\n|move|p1a: Lilligant|Victory Dance|p1a: Lilligant\n|-boost|p1a: Lilligant|atk|1\n|-boost|p1a: Lilligant|def|1\n|-boost|p1a: Lilligant|spe|1\n|cant|p2a: Iron Moth|slp\n|\n|-weather|SunnyDay|[upkeep]\n|-damage|p1a: Lilligant|40\/100 tox|[from] psn\n|upkeep\n|turn|6\n|\n|t:|1699770448\n|move|p1a: Lilligant|Axe Kick|p2a: Iron Moth\n|-resisted|p2a: Iron Moth\n|-damage|p2a: Iron Moth|0 fnt\n|faint|p2a: Iron Moth\n|-end|p2a: Iron Moth|Quark Drive|[silent]\n|\n|-weather|SunnyDay|[upkeep]\n|-damage|p1a: Lilligant|10\/100 tox|[from] psn\n|upkeep\n|\n|t:|1699770455\n|switch|p2a: Samurott|Samurott-Hisui, M, shiny|100\/100\n|turn|7\n|\n|t:|1699770459\n|move|p2a: Samurott|Sucker Punch|p1a: Lilligant\n|-resisted|p1a: Lilligant\n|-damage|p1a: Lilligant|0 fnt\n|faint|p1a: Lilligant\n|\n|-weather|SunnyDay|[upkeep]\n|upkeep\n|\n|t:|1699770467\n|switch|p1a: Meowscarada|Meowscarada, F|100\/100\n|turn|8\n|\n|t:|1699770470\n|move|p1a: Meowscarada|Flower Trick|p2a: Samurott\n|-start|p1a: Meowscarada|typechange|Grass|[from] ability: Protean\n|-supereffective|p2a: Samurott\n|-crit|p2a: Samurott\n|-damage|p2a: Samurott|0 fnt\n|faint|p2a: Samurott\n|\n|-weather|none\n|upkeep\n|\n|t:|1699770478\n|switch|p2a: Pelipper|Pelipper, M|100\/100\n|-weather|RainDance|[from] ability: Drizzle|[of] p2a: Pelipper\n|turn|9\n|\n|t:|1699770483\n|switch|p1a: Mightyena|Mightyena, F|100\/100\n|move|p2a: Pelipper|Hurricane|p1a: Mightyena\n|-damage|p1a: Mightyena|57\/100\n|\n|-weather|RainDance|[upkeep]\n|upkeep\n|turn|10\n|\n|t:|1699770494\n|move|p1a: Mightyena|Trailblaze|p2a: Pelipper\n|-crit|p2a: Pelipper\n|-damage|p2a: Pelipper|82\/100\n|-boost|p1a: Mightyena|spe|1\n|move|p2a: Pelipper|Hydro Pump|p1a: Mightyena|[miss]\n|-miss|p2a: Pelipper|p1a: Mightyena\n|\n|-weather|RainDance|[upkeep]\n|upkeep\n|turn|11\n|\n|t:|1699770505\n|move|p1a: Mightyena|Crunch|p2a: Pelipper\n|-damage|p2a: Pelipper|53\/100\n|move|p2a: Pelipper|Hydro Pump|p1a: Mightyena\n|-damage|p1a: Mightyena|0 fnt\n|faint|p1a: Mightyena\n|\n|-weather|RainDance|[upkeep]\n|upkeep\n|inactive|Battle timer is ON: inactive players will automatically lose when time's up. (requested by Bruhitsjhian)\n|\n|t:|1699770571\n|switch|p1a: Meowscarada|Meowscarada, F|100\/100\n|turn|12\n|\n|t:|1699770575\n|move|p1a: Meowscarada|Flower Trick|p2a: Pelipper\n|-start|p1a: Meowscarada|typechange|Grass|[from] ability: Protean\n|-crit|p2a: Pelipper\n|-damage|p2a: Pelipper|15\/100\n|move|p2a: Pelipper|U-turn|p1a: Meowscarada\n|-supereffective|p1a: Meowscarada\n|-damage|p1a: Meowscarada|71\/100\n|\n|t:|1699770583\n|switch|p2a: Iron Jugulis|Iron Jugulis|100\/100|[from] U-turn\n|-enditem|p2a: Iron Jugulis|Booster Energy\n|-activate|p2a: Iron Jugulis|ability: Quark Drive|[fromitem]\n|-start|p2a: Iron Jugulis|quarkdrivespe\n|\n|-weather|RainDance|[upkeep]\n|upkeep\n|turn|13\n|\n|t:|1699770595\n|switch|p1a: Enamorus|Enamorus, F|100\/100\n|-terastallize|p2a: Iron Jugulis|Flying\n|move|p2a: Iron Jugulis|Hurricane|p1a: Enamorus\n|-damage|p1a: Enamorus|31\/100\n|-start|p1a: Enamorus|confusion\n|\n|-weather|RainDance|[upkeep]\n|upkeep\n|turn|14\n|l|\u2606Valdi103\n|inactive|Valdi103 disconnected and has a minute to reconnect!\n|player|p1|\n|j|\u2606Valdi103\n|inactive|Valdi103 reconnected and has 130 seconds left.\n|player|p1|Valdi103|mira\n|\n|t:|1699770622\n|move|p2a: Iron Jugulis|Hurricane|p1a: Enamorus\n|-damage|p1a: Enamorus|0 fnt\n|faint|p1a: Enamorus\n|\n|-weather|RainDance|[upkeep]\n|upkeep\n|\n|t:|1699770627\n|switch|p1a: Ceruledge|Ceruledge, M|100\/100\n|turn|15\n|\n|t:|1699770631\n|move|p2a: Iron Jugulis|Knock Off|p1a: Ceruledge\n|-supereffective|p1a: Ceruledge\n|-damage|p1a: Ceruledge|46\/100\n|-ability|p1a: Ceruledge|Weak Armor|boost\n|-unboost|p1a: Ceruledge|def|1\n|-boost|p1a: Ceruledge|spe|2\n|-enditem|p1a: Ceruledge|Heavy-Duty Boots|[from] move: Knock Off|[of] p2a: Iron Jugulis\n|move|p1a: Ceruledge|Bitter Blade|p2a: Iron Jugulis\n|-damage|p2a: Iron Jugulis|80\/100\n|-heal|p1a: Ceruledge|56\/100|[from] drain|[of] p2a: Iron Jugulis\n|\n|-weather|RainDance|[upkeep]\n|upkeep\n|turn|16\n|\n|t:|1699770642\n|move|p1a: Ceruledge|Bitter Blade|p2a: Iron Jugulis\n|-damage|p2a: Iron Jugulis|59\/100\n|-heal|p1a: Ceruledge|66\/100|[from] drain|[of] p2a: Iron Jugulis\n|move|p2a: Iron Jugulis|Knock Off|p1a: Ceruledge\n|-supereffective|p1a: Ceruledge\n|-damage|p1a: Ceruledge|4\/100\n|-ability|p1a: Ceruledge|Weak Armor|boost\n|-unboost|p1a: Ceruledge|def|1\n|-boost|p1a: Ceruledge|spe|2\n|\n|-weather|none\n|upkeep\n|turn|17\n|\n|t:|1699770652\n|move|p1a: Ceruledge|Bitter Blade|p2a: Iron Jugulis\n|-damage|p2a: Iron Jugulis|17\/100\n|-heal|p1a: Ceruledge|24\/100|[from] drain|[of] p2a: Iron Jugulis\n|move|p2a: Iron Jugulis|Knock Off|p1a: Ceruledge\n|-supereffective|p1a: Ceruledge\n|-damage|p1a: Ceruledge|0 fnt\n|faint|p1a: Ceruledge\n|\n|upkeep\n|\n|t:|1699770657\n|switch|p1a: Meowscarada|Meowscarada, F|71\/100\n|turn|18\n|\n|t:|1699770664\n|move|p2a: Iron Jugulis|Hurricane|p1a: Meowscarada\n|-supereffective|p1a: Meowscarada\n|-damage|p1a: Meowscarada|0 fnt\n|faint|p1a: Meowscarada\n|\n|win|Bruhitsjhian\n|raw|Valdi103's rating: 1072 &rarr; <strong>1052<\/strong><br \/>(-20 for losing)\n|raw|Bruhitsjhian's rating: 1082 &rarr; <strong>1109<\/strong><br \/>(+27 for winning)\n|l|\u2606Valdi103\n","uploadtime":1699770728,"views":28,"p1id":"valdi103","p2id":"bruhitsjhian","formatid":"gen9ou","rating":1052,"private":0,"password":""}