{"id":"gen9ou-1994190707","p1":"Poison Ivy Thorns","p2":"groovythunder","format":"[Gen 9] OU","log":"|j|\u2606Poison Ivy Thorns\n|j|\u2606groovythunder\n|t:|1700417146\n|gametype|singles\n|player|p1|Poison Ivy Thorns|mela|1359\n|player|p2|groovythunder|266|1436\n|teamsize|p1|6\n|teamsize|p2|6\n|gen|9\n|tier|[Gen 9] OU\n|rated|\n|rule|Sleep Clause Mod: Limit one foe put to sleep\n|rule|Species Clause: Limit one of each Pok\u00e9mon\n|rule|OHKO Clause: OHKO moves are banned\n|rule|Evasion Items Clause: Evasion items are banned\n|rule|Evasion Moves Clause: Evasion moves are banned\n|rule|Endless Battle Clause: Forcing endless battles is banned\n|rule|HP Percentage Mod: HP is shown in percentages\n|clearpoke\n|poke|p1|Torkoal, M|\n|poke|p1|Hatterene, F|\n|poke|p1|Iron Hands|\n|poke|p1|Mimikyu, F|\n|poke|p1|Garganacl, F|\n|poke|p1|Kingambit, F|\n|poke|p2|Great Tusk|\n|poke|p2|Zapdos|\n|poke|p2|Arcanine-Hisui, F|\n|poke|p2|Scizor, F|\n|poke|p2|Ogerpon-Wellspring, F|\n|poke|p2|Sneasler, F|\n|teampreview\n|inactive|Battle timer is ON: inactive players will automatically lose when time's up. (requested by Poison Ivy Thorns)\n|\n|t:|1700417169\n|start\n|switch|p1a: Garganacl|Garganacl, F|100\/100\n|switch|p2a: Scizor|Scizor, F|100\/100\n|turn|1\n|\n|t:|1700417180\n|-terastallize|p1a: Garganacl|Water\n|move|p2a: Scizor|U-turn|p1a: Garganacl\n|-damage|p1a: Garganacl|79\/100\n|\n|t:|1700417187\n|switch|p2a: Zapdos|Zapdos|100\/100|[from] U-turn\n|move|p1a: Garganacl|Salt Cure|p2a: Zapdos\n|-supereffective|p2a: Zapdos\n|-damage|p2a: Zapdos|71\/100\n|-start|p2a: Zapdos|Salt Cure\n|\n|-heal|p1a: Garganacl|85\/100|[from] item: Leftovers\n|-damage|p2a: Zapdos|59\/100|[from] Salt Cure\n|upkeep\n|turn|2\n|\n|t:|1700417198\n|switch|p1a: Iron Hands|Iron Hands|100\/100\n|-enditem|p1a: Iron Hands|Booster Energy\n|-activate|p1a: Iron Hands|ability: Quark Drive|[fromitem]\n|-start|p1a: Iron Hands|quarkdriveatk\n|move|p2a: Zapdos|Roost|p2a: Zapdos\n|-heal|p2a: Zapdos|100\/100\n|-singleturn|p2a: Zapdos|move: Roost\n|\n|-damage|p2a: Zapdos|88\/100|[from] Salt Cure\n|upkeep\n|turn|3\n|\n|t:|1700417207\n|switch|p2a: Great Tusk|Great Tusk|100\/100\n|move|p1a: Iron Hands|Swords Dance|p1a: Iron Hands\n|-boost|p1a: Iron Hands|atk|2\n|\n|upkeep\n|turn|4\n|\n|t:|1700417212\n|move|p2a: Great Tusk|Earthquake|p1a: Iron Hands\n|-supereffective|p1a: Iron Hands\n|-damage|p1a: Iron Hands|48\/100\n|move|p1a: Iron Hands|Close Combat|p2a: Great Tusk\n|-damage|p2a: Great Tusk|0 fnt\n|-unboost|p1a: Iron Hands|def|1\n|-unboost|p1a: Iron Hands|spd|1\n|faint|p2a: Great Tusk\n|-end|p2a: Great Tusk|Protosynthesis|[silent]\n|\n|upkeep\n|\n|t:|1700417220\n|switch|p2a: Arcanine|Arcanine-Hisui, F|100\/100\n|turn|5\n|\n|t:|1700417225\n|-end|p1a: Iron Hands|Quark Drive|[silent]\n|switch|p1a: Garganacl|Garganacl, F, tera:Water|85\/100\n|move|p2a: Arcanine|Flare Blitz|p1a: Garganacl\n|-resisted|p1a: Garganacl\n|-damage|p1a: Garganacl|70\/100\n|\n|-heal|p1a: Garganacl|76\/100|[from] item: Leftovers\n|upkeep\n|turn|6\n|\n|t:|1700417230\n|switch|p2a: Zapdos|Zapdos|88\/100\n|move|p1a: Garganacl|Salt Cure|p2a: Zapdos\n|-supereffective|p2a: Zapdos\n|-damage|p2a: Zapdos|57\/100\n|-start|p2a: Zapdos|Salt Cure\n|\n|-heal|p1a: Garganacl|82\/100|[from] item: Leftovers\n|-damage|p2a: Zapdos|45\/100|[from] Salt Cure\n|upkeep\n|turn|7\n|\n|t:|1700417235\n|switch|p1a: Iron Hands|Iron Hands|48\/100\n|move|p2a: Zapdos|Roost|p2a: Zapdos\n|-heal|p2a: Zapdos|95\/100\n|-singleturn|p2a: Zapdos|move: Roost\n|\n|-damage|p2a: Zapdos|83\/100|[from] Salt Cure\n|upkeep\n|turn|8\n|\n|t:|1700417241\n|switch|p2a: Sneasler|Sneasler, F|100\/100\n|move|p1a: Iron Hands|Thunder Punch|p2a: Sneasler\n|-damage|p2a: Sneasler|25\/100\n|\n|upkeep\n|turn|9\n|\n|t:|1700417248\n|move|p2a: Sneasler|Close Combat|p1a: Iron Hands\n|-damage|p1a: Iron Hands|11\/100\n|-unboost|p2a: Sneasler|def|1\n|-unboost|p2a: Sneasler|spd|1\n|move|p1a: Iron Hands|Thunder Punch|p2a: Sneasler\n|-damage|p2a: Sneasler|0 fnt\n|faint|p2a: Sneasler\n|\n|upkeep\n|-message|groovythunder forfeited.\n|\n|win|Poison Ivy Thorns\n|raw|Poison Ivy Thorns's rating: 1359 &rarr; <strong>1383<\/strong><br \/>(+24 for winning)\n|raw|groovythunder's rating: 1436 &rarr; <strong>1412<\/strong><br \/>(-24 for losing)\n|l|\u2606groovythunder\n","uploadtime":1700417261,"views":8,"p1id":"poisonivythorns","p2id":"groovythunder","formatid":"gen9ou","rating":1383,"private":0,"password":""}