{"id":"gen9ou-1989328679","p1":"h8for3v","p2":"sowalemonz","format":"[Gen 9] OU","log":"|j|\u2606h8for3v\n|j|\u2606sowalemonz\n|t:|1699836948\n|gametype|singles\n|player|p1|h8for3v|alec-anime|1000\n|player|p2|sowalemonz|battlegirl-gen4|1018\n|teamsize|p1|6\n|teamsize|p2|6\n|gen|9\n|tier|[Gen 9] OU\n|rated|\n|rule|Sleep Clause Mod: Limit one foe put to sleep\n|rule|Species Clause: Limit one of each Pok\u00e9mon\n|rule|OHKO Clause: OHKO moves are banned\n|rule|Evasion Items Clause: Evasion items are banned\n|rule|Evasion Moves Clause: Evasion moves are banned\n|rule|Endless Battle Clause: Forcing endless battles is banned\n|rule|HP Percentage Mod: HP is shown in percentages\n|clearpoke\n|poke|p1|Dragonite, M|\n|poke|p1|Dragapult, M|\n|poke|p1|Haxorus, M|\n|poke|p1|Drifblim, M|\n|poke|p1|Avalugg, M|\n|poke|p1|Regidrago|\n|poke|p2|Blissey, F|\n|poke|p2|Toxapex, M|\n|poke|p2|Ribombee, M|\n|poke|p2|Grimmsnarl, M|\n|poke|p2|Avalugg, M|\n|poke|p2|Cinderace, F|\n|teampreview\n|inactive|Battle timer is ON: inactive players will automatically lose when time's up. (requested by sowalemonz)\n|\n|t:|1699836965\n|start\n|switch|p1a: Dragapult|Dragapult, M, shiny|100\/100\n|switch|p2a: Blissey|Blissey, F|100\/100\n|turn|1\n|\n|t:|1699836991\n|switch|p2a: Grimmsnarl|Grimmsnarl, M|100\/100\n|-terastallize|p1a: Dragapult|Steel\n|move|p1a: Dragapult|Curse|p1a: Dragapult\n|-unboost|p1a: Dragapult|spe|1\n|-boost|p1a: Dragapult|atk|1\n|-boost|p1a: Dragapult|def|1\n|\n|upkeep\n|turn|2\n|\n|t:|1699837000\n|move|p2a: Grimmsnarl|Taunt|p1a: Dragapult\n|-start|p1a: Dragapult|move: Taunt\n|cant|p1a: Dragapult|move: Taunt|Light Screen\n|\n|upkeep\n|turn|3\n|\n|t:|1699837006\n|move|p2a: Grimmsnarl|Light Screen|p2a: Grimmsnarl\n|-sidestart|p2: sowalemonz|move: Light Screen\n|move|p1a: Dragapult|Dragon Darts|p2a: Grimmsnarl\n|-immune|p2a: Grimmsnarl\n|\n|upkeep\n|turn|4\n|\n|t:|1699837010\n|move|p2a: Grimmsnarl|Reflect|p2a: Grimmsnarl\n|-sidestart|p2: sowalemonz|Reflect\n|move|p1a: Dragapult|Dragon Darts|p2a: Grimmsnarl\n|-immune|p2a: Grimmsnarl\n|\n|-end|p1a: Dragapult|move: Taunt\n|upkeep\n|turn|5\n|\n|t:|1699837017\n|move|p2a: Grimmsnarl|Taunt|p1a: Dragapult\n|-start|p1a: Dragapult|move: Taunt\n|cant|p1a: Dragapult|move: Taunt|Light Screen\n|\n|upkeep\n|turn|6\n|\n|t:|1699837022\n|move|p2a: Grimmsnarl|Parting Shot|p1a: Dragapult\n|-unboost|p1a: Dragapult|atk|1\n|-unboost|p1a: Dragapult|spa|1\n|\n|t:|1699837025\n|switch|p2a: Ribombee|Ribombee, M|100\/100|[from] Parting Shot\n|move|p1a: Dragapult|Dragon Darts|p2a: Ribombee\n|-immune|p2a: Ribombee\n|\n|upkeep\n|turn|7\n|\n|t:|1699837031\n|move|p2a: Ribombee|Quiver Dance|p2a: Ribombee\n|-boost|p2a: Ribombee|spa|1\n|-boost|p2a: Ribombee|spd|1\n|-boost|p2a: Ribombee|spe|1\n|move|p1a: Dragapult|Dragon Darts|p2a: Ribombee\n|-immune|p2a: Ribombee\n|\n|-end|p1a: Dragapult|move: Taunt\n|upkeep\n|turn|8\n|\n|t:|1699837042\n|move|p2a: Ribombee|Quiver Dance|p2a: Ribombee\n|-boost|p2a: Ribombee|spa|1\n|-boost|p2a: Ribombee|spd|1\n|-boost|p2a: Ribombee|spe|1\n|move|p1a: Dragapult|Light Screen|p1a: Dragapult\n|-sidestart|p1: h8for3v|move: Light Screen\n|\n|upkeep\n|turn|9\n|c|\u2606h8for3v|i'm dying laughing all those turns you think are doing anything\n|\n|t:|1699837053\n|move|p2a: Ribombee|Quiver Dance|p2a: Ribombee\n|-boost|p2a: Ribombee|spa|1\n|-boost|p2a: Ribombee|spd|1\n|-boost|p2a: Ribombee|spe|1\n|move|p1a: Dragapult|Reflect|p1a: Dragapult\n|-sidestart|p1: h8for3v|Reflect\n|\n|upkeep\n|turn|10\n|c|\u2606sowalemonz|uhh\n|c|\u2606sowalemonz|Ok?\n|\n|t:|1699837071\n|switch|p1a: Avalugg|Avalugg, M, shiny|100\/100\n|move|p2a: Ribombee|Quiver Dance|p2a: Ribombee\n|-boost|p2a: Ribombee|spa|1\n|-boost|p2a: Ribombee|spd|1\n|-boost|p2a: Ribombee|spe|1\n|\n|-sideend|p2: sowalemonz|move: Light Screen\n|upkeep\n|turn|11\n|\n|t:|1699837085\n|move|p2a: Ribombee|Quiver Dance|p2a: Ribombee\n|-boost|p2a: Ribombee|spa|1\n|-boost|p2a: Ribombee|spd|1\n|-boost|p2a: Ribombee|spe|1\n|move|p1a: Avalugg|Avalanche|p2a: Ribombee\n|-damage|p2a: Ribombee|78\/100\n|\n|-sideend|p2: sowalemonz|Reflect\n|upkeep\n|turn|12\n|\n|t:|1699837093\n|move|p2a: Ribombee|Moonblast|p1a: Avalugg\n|-ability|p1a: Avalugg|Sturdy\n|-damage|p1a: Avalugg|1\/100\n|-damage|p2a: Ribombee|68\/100|[from] item: Life Orb\n|move|p1a: Avalugg|Avalanche|p2a: Ribombee\n|-damage|p2a: Ribombee|0 fnt\n|faint|p2a: Ribombee\n|\n|upkeep\n|c|\u2606h8for3v|lol\n|\n|t:|1699837109\n|switch|p2a: Cinderace|Cinderace, F|100\/100\n|turn|13\n|\n|t:|1699837114\n|move|p2a: Cinderace|Pyro Ball|p1a: Avalugg\n|-supereffective|p1a: Avalugg\n|-damage|p1a: Avalugg|0 fnt\n|faint|p1a: Avalugg\n|-damage|p2a: Cinderace|91\/100|[from] item: Life Orb\n|\n|upkeep\n|\n|t:|1699837121\n|switch|p1a: Drifblim|Drifblim, M, shiny|100\/100\n|-item|p1a: Drifblim|Air Balloon\n|turn|14\n|\n|t:|1699837128\n|move|p2a: Cinderace|Pyro Ball|p1a: Drifblim\n|-damage|p1a: Drifblim|48\/100\n|-enditem|p1a: Drifblim|Air Balloon\n|-damage|p2a: Cinderace|81\/100|[from] item: Life Orb\n|move|p1a: Drifblim|Thunder Wave|p2a: Cinderace\n|-status|p2a: Cinderace|par\n|\n|upkeep\n|turn|15\n|\n|t:|1699837136\n|move|p1a: Drifblim|Hex|p2a: Cinderace\n|-damage|p2a: Cinderace|25\/100 par\n|move|p2a: Cinderace|Pyro Ball|p1a: Drifblim|[miss]\n|-miss|p2a: Cinderace|p1a: Drifblim\n|\n|-sideend|p1: h8for3v|move: Light Screen\n|upkeep\n|turn|16\n|c|\u2606sowalemonz|aw\n|\n|t:|1699837146\n|switch|p2a: Blissey|Blissey, F|100\/100\n|move|p1a: Drifblim|Hex|p2a: Blissey\n|-immune|p2a: Blissey\n|\n|-sideend|p1: h8for3v|Reflect\n|upkeep\n|turn|17\n|\n|t:|1699837156\n|move|p1a: Drifblim|Disable||[still]\n|-fail|p1a: Drifblim\n|move|p2a: Blissey|Thunderbolt|p1a: Drifblim\n|-supereffective|p1a: Drifblim\n|-damage|p1a: Drifblim|0 fnt\n|faint|p1a: Drifblim\n|\n|upkeep\n|\n|t:|1699837163\n|switch|p1a: Dragapult|Dragapult, M, shiny, tera:Steel|100\/100\n|turn|18\n|\n|t:|1699837168\n|move|p1a: Dragapult|Light Screen|p1a: Dragapult\n|-sidestart|p1: h8for3v|move: Light Screen\n|move|p2a: Blissey|Thunderbolt|p1a: Dragapult\n|-damage|p1a: Dragapult|80\/100\n|\n|upkeep\n|turn|19\n|\n|t:|1699837175\n|move|p1a: Dragapult|Reflect|p1a: Dragapult\n|-sidestart|p1: h8for3v|Reflect\n|move|p2a: Blissey|Thunderbolt|p1a: Dragapult\n|-damage|p1a: Dragapult|59\/100\n|-start|p2a: Blissey|Disable|Thunderbolt|[from] ability: Cursed Body|[of] p1a: Dragapult\n|\n|upkeep\n|turn|20\n|\n|t:|1699837202\n|switch|p1a: Dragonite|Dragonite, M|100\/100\n|switch|p2a: Avalugg|Avalugg, M|100\/100\n|\n|upkeep\n|turn|21\n|\n|t:|1699837209\n|move|p1a: Dragonite|Dragon Dance|p1a: Dragonite\n|-boost|p1a: Dragonite|atk|1\n|-boost|p1a: Dragonite|spe|1\n|move|p2a: Avalugg|Avalanche|p1a: Dragonite\n|-supereffective|p1a: Dragonite\n|-damage|p1a: Dragonite|74\/100\n|\n|upkeep\n|turn|22\n|\n|t:|1699837217\n|move|p1a: Dragonite|Dragon Dance|p1a: Dragonite\n|-boost|p1a: Dragonite|atk|1\n|-boost|p1a: Dragonite|spe|1\n|move|p2a: Avalugg|Avalanche|p1a: Dragonite\n|-supereffective|p1a: Dragonite\n|-damage|p1a: Dragonite|24\/100\n|\n|upkeep\n|turn|23\n|\n|t:|1699837237\n|move|p1a: Dragonite|Earthquake|p2a: Avalugg\n|-damage|p2a: Avalugg|71\/100\n|move|p2a: Avalugg|Avalanche|p1a: Dragonite\n|-supereffective|p1a: Dragonite\n|-damage|p1a: Dragonite|0 fnt\n|faint|p1a: Dragonite\n|\n|-heal|p2a: Avalugg|77\/100|[from] item: Leftovers\n|upkeep\n|\n|t:|1699837246\n|switch|p1a: Regidrago|Regidrago, shiny|100\/100\n|turn|24\n|\n|t:|1699837250\n|move|p1a: Regidrago|Dragon Energy|p2a: Avalugg\n|-damage|p2a: Avalugg|0 fnt\n|faint|p2a: Avalugg\n|\n|upkeep\n|\n|t:|1699837259\n|switch|p2a: Grimmsnarl|Grimmsnarl, M|100\/100\n|turn|25\n|\n|t:|1699837264\n|switch|p1a: Haxorus|Haxorus, M, shiny|100\/100\n|-ability|p1a: Haxorus|Mold Breaker\n|move|p2a: Grimmsnarl|Parting Shot|p1a: Haxorus\n|-unboost|p1a: Haxorus|atk|1\n|-unboost|p1a: Haxorus|spa|1\n|\n|t:|1699837271\n|switch|p2a: Blissey|Blissey, F|100\/100|[from] Parting Shot\n|\n|-sideend|p1: h8for3v|move: Light Screen\n|upkeep\n|turn|26\n|\n|t:|1699837278\n|move|p1a: Haxorus|Swords Dance|p1a: Haxorus\n|-boost|p1a: Haxorus|atk|2\n|move|p2a: Blissey|Blizzard|p1a: Haxorus\n|-supereffective|p1a: Haxorus\n|-damage|p1a: Haxorus|0 fnt\n|faint|p1a: Haxorus\n|\n|-sideend|p1: h8for3v|Reflect\n|upkeep\n|\n|t:|1699837287\n|switch|p1a: Dragapult|Dragapult, M, shiny, tera:Steel|59\/100\n|turn|27\n|\n|t:|1699837294\n|switch|p2a: Grimmsnarl|Grimmsnarl, M|100\/100\n|move|p1a: Dragapult|Reflect|p1a: Dragapult\n|-sidestart|p1: h8for3v|Reflect\n|\n|upkeep\n|turn|28\n|\n|t:|1699837299\n|switch|p1a: Regidrago|Regidrago, shiny|100\/100\n|move|p2a: Grimmsnarl|Taunt|p1a: Regidrago\n|-start|p1a: Regidrago|move: Taunt\n|\n|upkeep\n|turn|29\n|\n|t:|1699837312\n|move|p2a: Grimmsnarl|Light Screen|p2a: Grimmsnarl\n|-sidestart|p2: sowalemonz|move: Light Screen\n|move|p1a: Regidrago|Tera Blast|p2a: Grimmsnarl\n|-damage|p2a: Grimmsnarl|87\/100\n|\n|upkeep\n|turn|30\n|-message|h8for3v forfeited.\n|\n|win|sowalemonz\n|raw|h8for3v's rating: 1000 &rarr; <strong>1000<\/strong><br \/>(+0 for losing)\n|raw|sowalemonz's rating: 1018 &rarr; <strong>1053<\/strong><br \/>(+35 for winning)\n|l|\u2606h8for3v\n","uploadtime":1699837322,"views":38,"p1id":"h8for3v","p2id":"sowalemonz","formatid":"gen9ou","rating":1000,"private":0,"password":""}