{"id":"gen9ou-1995266030","p1":"freakoffweeb","p2":"theoneisaperson","format":"[Gen 9] OU","log":"|j|\u2606freakoffweeb\n|j|\u2606theoneisaperson\n|t:|1700543698\n|gametype|singles\n|player|p1|freakoffweeb|plasmagrunt|1361\n|player|p2|theoneisaperson|2|1355\n|teamsize|p1|6\n|teamsize|p2|6\n|gen|9\n|tier|[Gen 9] OU\n|rated|\n|rule|Sleep Clause Mod: Limit one foe put to sleep\n|rule|Species Clause: Limit one of each Pok\u00e9mon\n|rule|OHKO Clause: OHKO moves are banned\n|rule|Evasion Items Clause: Evasion items are banned\n|rule|Evasion Moves Clause: Evasion moves are banned\n|rule|Endless Battle Clause: Forcing endless battles is banned\n|rule|HP Percentage Mod: HP is shown in percentages\n|clearpoke\n|poke|p1|Rillaboom, F|\n|poke|p1|Ogerpon-Cornerstone, F|\n|poke|p1|Heatran, M|\n|poke|p1|Hatterene, F|\n|poke|p1|Great Tusk|\n|poke|p1|Kingambit, M|\n|poke|p2|Rillaboom, F|\n|poke|p2|Great Tusk|\n|poke|p2|Iron Moth|\n|poke|p2|Gholdengo|\n|poke|p2|Samurott-Hisui, F|\n|poke|p2|Kingambit, F|\n|teampreview\n|inactive|Battle timer is ON: inactive players will automatically lose when time's up. (requested by freakoffweeb)\n|\n|t:|1700543711\n|start\n|switch|p1a: Rillaboom|Rillaboom, F|100\/100\n|switch|p2a: Gholdengo|Gholdengo|100\/100\n|-fieldstart|move: Grassy Terrain|[from] ability: Grassy Surge|[of] p1a: Rillaboom\n|-item|p2a: Gholdengo|Air Balloon\n|turn|1\n|\n|t:|1700543732\n|move|p1a: Rillaboom|Knock Off|p2a: Gholdengo\n|-supereffective|p2a: Gholdengo\n|-damage|p2a: Gholdengo|15\/100\n|-enditem|p2a: Gholdengo|Air Balloon\n|move|p2a: Gholdengo|Focus Blast|p1a: Rillaboom\n|-damage|p1a: Rillaboom|50\/100\n|\n|-heal|p1a: Rillaboom|57\/100|[from] Grassy Terrain\n|-heal|p2a: Gholdengo|21\/100|[from] Grassy Terrain\n|upkeep\n|turn|2\n|inactive|theoneisaperson has 120 seconds left.\n|inactive|freakoffweeb has 120 seconds left.\n|\n|t:|1700543782\n|switch|p2a: Kingambit|Kingambit, F|100\/100\n|move|p1a: Rillaboom|Knock Off|p2a: Kingambit\n|-resisted|p2a: Kingambit\n|-damage|p2a: Kingambit|77\/100\n|-enditem|p2a: Kingambit|Lum Berry|[from] move: Knock Off|[of] p1a: Rillaboom\n|\n|-heal|p1a: Rillaboom|63\/100|[from] Grassy Terrain\n|-heal|p2a: Kingambit|83\/100|[from] Grassy Terrain\n|upkeep\n|turn|3\n|\n|t:|1700543789\n|switch|p1a: Great Tusk|Great Tusk|100\/100\n|move|p2a: Kingambit|Kowtow Cleave|p1a: Great Tusk\n|-resisted|p1a: Great Tusk\n|-damage|p1a: Great Tusk|84\/100\n|\n|-heal|p1a: Great Tusk|91\/100|[from] Grassy Terrain\n|-heal|p1a: Great Tusk|97\/100|[from] item: Leftovers\n|-heal|p2a: Kingambit|89\/100|[from] Grassy Terrain\n|upkeep\n|turn|4\n|\n|t:|1700543796\n|-end|p2a: Kingambit|fallenundefined|[silent]\n|switch|p2a: Rillaboom|Rillaboom, F|100\/100\n|move|p1a: Great Tusk|Bulk Up|p1a: Great Tusk\n|-boost|p1a: Great Tusk|atk|1\n|-boost|p1a: Great Tusk|def|1\n|\n|-heal|p1a: Great Tusk|100\/100|[from] Grassy Terrain\n|upkeep\n|turn|5\n|inactive|freakoffweeb has 120 seconds left.\n|\n|t:|1700543812\n|-terastallize|p1a: Great Tusk|Poison\n|move|p1a: Great Tusk|Ice Spinner|p2a: Rillaboom\n|-supereffective|p2a: Rillaboom\n|-damage|p2a: Rillaboom|27\/100\n|-fieldend|move: Grassy Terrain\n|move|p2a: Rillaboom|U-turn|p1a: Great Tusk\n|-resisted|p1a: Great Tusk\n|-crit|p1a: Great Tusk\n|-damage|p1a: Great Tusk|84\/100\n|inactive|theoneisaperson has 120 seconds left.\n|\n|t:|1700543830\n|switch|p2a: Great Tusk|Great Tusk|100\/100|[from] U-turn\n|\n|-heal|p1a: Great Tusk|90\/100|[from] item: Leftovers\n|upkeep\n|turn|6\n|inactive|freakoffweeb has 120 seconds left.\n|\n|t:|1700543840\n|move|p2a: Great Tusk|Headlong Rush|p1a: Great Tusk\n|-supereffective|p1a: Great Tusk\n|-damage|p1a: Great Tusk|42\/100\n|-unboost|p2a: Great Tusk|def|1\n|-unboost|p2a: Great Tusk|spd|1\n|move|p1a: Great Tusk|Ice Spinner|p2a: Great Tusk\n|-supereffective|p2a: Great Tusk\n|-damage|p2a: Great Tusk|26\/100\n|\n|-heal|p1a: Great Tusk|48\/100|[from] item: Leftovers\n|upkeep\n|turn|7\n|inactive|freakoffweeb has 120 seconds left.\n|\n|t:|1700543852\n|move|p2a: Great Tusk|Headlong Rush|p1a: Great Tusk\n|-supereffective|p1a: Great Tusk\n|-damage|p1a: Great Tusk|0 fnt\n|-unboost|p2a: Great Tusk|def|1\n|-unboost|p2a: Great Tusk|spd|1\n|faint|p1a: Great Tusk\n|-end|p1a: Great Tusk|Protosynthesis|[silent]\n|\n|upkeep\n|\n|t:|1700543856\n|switch|p1a: Rillaboom|Rillaboom, F|63\/100\n|-fieldstart|move: Grassy Terrain|[from] ability: Grassy Surge|[of] p1a: Rillaboom\n|turn|8\n|\n|t:|1700543860\n|-end|p2a: Great Tusk|Protosynthesis|[silent]\n|switch|p2a: Gholdengo|Gholdengo|21\/100\n|move|p1a: Rillaboom|Grassy Glide|p2a: Gholdengo\n|-resisted|p2a: Gholdengo\n|-damage|p2a: Gholdengo|0 fnt\n|faint|p2a: Gholdengo\n|\n|-heal|p1a: Rillaboom|69\/100|[from] Grassy Terrain\n|upkeep\n|\n|t:|1700543865\n|switch|p2a: Iron Moth|Iron Moth|100\/100\n|-enditem|p2a: Iron Moth|Booster Energy\n|-activate|p2a: Iron Moth|ability: Quark Drive|[fromitem]\n|-start|p2a: Iron Moth|quarkdrivespe\n|turn|9\n|\n|t:|1700543883\n|-end|p2a: Iron Moth|Quark Drive|[silent]\n|switch|p2a: Samurott|Samurott-Hisui, F|100\/100\n|switch|p1a: Heatran|Heatran, M|100\/100\n|-item|p1a: Heatran|Air Balloon\n|\n|upkeep\n|turn|10\n|\n|t:|1700543889\n|switch|p1a: Rillaboom|Rillaboom, F|69\/100\n|move|p2a: Samurott|Ceaseless Edge|p1a: Rillaboom|[miss]\n|-miss|p2a: Samurott|p1a: Rillaboom\n|\n|-heal|p1a: Rillaboom|75\/100|[from] Grassy Terrain\n|upkeep\n|turn|11\n|\n|t:|1700543894\n|switch|p2a: Iron Moth|Iron Moth|100\/100\n|move|p1a: Rillaboom|Grassy Glide|p2a: Iron Moth\n|-resisted|p2a: Iron Moth\n|-damage|p2a: Iron Moth|81\/100\n|\n|-heal|p2a: Iron Moth|87\/100|[from] Grassy Terrain\n|-heal|p1a: Rillaboom|81\/100|[from] Grassy Terrain\n|upkeep\n|turn|12\n|\n|t:|1700543901\n|switch|p1a: Heatran|Heatran, M|100\/100\n|-item|p1a: Heatran|Air Balloon\n|move|p2a: Iron Moth|Fiery Dance|p1a: Heatran\n|-start|p1a: Heatran|ability: Flash Fire\n|\n|-heal|p2a: Iron Moth|93\/100|[from] Grassy Terrain\n|-fieldend|move: Grassy Terrain\n|upkeep\n|turn|13\n|inactive|freakoffweeb has 120 seconds left.\n|\n|t:|1700543943\n|-end|p2a: Iron Moth|Quark Drive|[silent]\n|switch|p2a: Great Tusk|Great Tusk|26\/100\n|move|p1a: Heatran|Earth Power|p2a: Great Tusk\n|-damage|p2a: Great Tusk|0 fnt\n|faint|p2a: Great Tusk\n|-end|p2a: Great Tusk|Protosynthesis|[silent]\n|\n|upkeep\n|\n|t:|1700543951\n|switch|p2a: Samurott|Samurott-Hisui, F|100\/100\n|turn|14\n|\n|t:|1700543955\n|-end|p1a: Heatran|ability: Flash Fire|[silent]\n|switch|p1a: Rillaboom|Rillaboom, F|81\/100\n|-fieldstart|move: Grassy Terrain|[from] ability: Grassy Surge|[of] p1a: Rillaboom\n|move|p2a: Samurott|Ceaseless Edge|p1a: Rillaboom\n|-damage|p1a: Rillaboom|39\/100\n|-sidestart|p1: freakoffweeb|Spikes\n|\n|-heal|p1a: Rillaboom|46\/100|[from] Grassy Terrain\n|upkeep\n|turn|15\n|\n|t:|1700543962\n|move|p1a: Rillaboom|Grassy Glide|p2a: Samurott\n|-supereffective|p2a: Samurott\n|-enditem|p2a: Samurott|Focus Sash\n|-damage|p2a: Samurott|1\/100\n|move|p2a: Samurott|Ceaseless Edge|p1a: Rillaboom\n|-damage|p1a: Rillaboom|4\/100\n|-sidestart|p1: freakoffweeb|Spikes\n|\n|-heal|p2a: Samurott|7\/100|[from] Grassy Terrain\n|-heal|p1a: Rillaboom|10\/100|[from] Grassy Terrain\n|upkeep\n|turn|16\n|\n|t:|1700543972\n|move|p2a: Samurott|Aqua Jet|p1a: Rillaboom\n|-resisted|p1a: Rillaboom\n|-damage|p1a: Rillaboom|1\/100\n|move|p1a: Rillaboom|Grassy Glide|p2a: Samurott\n|-supereffective|p2a: Samurott\n|-damage|p2a: Samurott|0 fnt\n|faint|p2a: Samurott\n|\n|-heal|p1a: Rillaboom|7\/100|[from] Grassy Terrain\n|upkeep\n|inactive|theoneisaperson has 120 seconds left.\n|\n|t:|1700544014\n|switch|p2a: Iron Moth|Iron Moth|93\/100\n|turn|17\n|\n|t:|1700544024\n|move|p1a: Rillaboom|Grassy Glide|p2a: Iron Moth\n|-resisted|p2a: Iron Moth\n|-damage|p2a: Iron Moth|71\/100\n|move|p2a: Iron Moth|Dazzling Gleam|p1a: Rillaboom\n|-damage|p1a: Rillaboom|0 fnt\n|faint|p1a: Rillaboom\n|\n|-heal|p2a: Iron Moth|77\/100|[from] Grassy Terrain\n|upkeep\n|\n|t:|1700544028\n|switch|p1a: Heatran|Heatran, M|100\/100\n|-item|p1a: Heatran|Air Balloon\n|turn|18\n|inactive|theoneisaperson has 120 seconds left.\n|\n|t:|1700544050\n|move|p2a: Iron Moth|Dazzling Gleam|p1a: Heatran\n|-resisted|p1a: Heatran\n|-damage|p1a: Heatran|95\/100\n|-enditem|p1a: Heatran|Air Balloon\n|move|p1a: Heatran|Magma Storm|p2a: Iron Moth\n|-resisted|p2a: Iron Moth\n|-damage|p2a: Iron Moth|48\/100\n|-activate|p2a: Iron Moth|move: Magma Storm|[of] p1a: Heatran\n|\n|-heal|p2a: Iron Moth|54\/100|[from] Grassy Terrain\n|-heal|p1a: Heatran|100\/100|[from] Grassy Terrain\n|-damage|p2a: Iron Moth|41\/100|[from] move: Magma Storm|[partiallytrapped]\n|-fieldend|move: Grassy Terrain\n|upkeep\n|turn|19\n|\n|t:|1700544063\n|move|p2a: Iron Moth|Dazzling Gleam|p1a: Heatran\n|-resisted|p1a: Heatran\n|-damage|p1a: Heatran|95\/100\n|move|p1a: Heatran|Earth Power|p2a: Iron Moth\n|-supereffective|p2a: Iron Moth\n|-damage|p2a: Iron Moth|0 fnt\n|faint|p2a: Iron Moth\n|-end|p2a: Iron Moth|Quark Drive|[silent]\n|\n|upkeep\n|\n|t:|1700544071\n|switch|p2a: Rillaboom|Rillaboom, F|27\/100\n|-fieldstart|move: Grassy Terrain|[from] ability: Grassy Surge|[of] p2a: Rillaboom\n|turn|20\n|\n|t:|1700544074\n|move|p2a: Rillaboom|Wood Hammer|p1a: Heatran\n|-resisted|p1a: Heatran\n|-damage|p1a: Heatran|69\/100\n|-damage|p2a: Rillaboom|17\/100|[from] Recoil\n|move|p1a: Heatran|Magma Storm|p2a: Rillaboom\n|-supereffective|p2a: Rillaboom\n|-damage|p2a: Rillaboom|0 fnt\n|faint|p2a: Rillaboom\n|\n|-heal|p1a: Heatran|75\/100|[from] Grassy Terrain\n|upkeep\n|\n|t:|1700544075\n|switch|p2a: Kingambit|Kingambit, F|89\/100\n|-activate|p2a: Kingambit|ability: Supreme Overlord\n|-start|p2a: Kingambit|fallen5|[silent]\n|turn|21\n|\n|t:|1700544079\n|-terastallize|p2a: Kingambit|Flying\n|move|p1a: Heatran|Magma Storm|p2a: Kingambit|[miss]\n|-miss|p1a: Heatran|p2a: Kingambit\n|move|p2a: Kingambit|Swords Dance|p2a: Kingambit\n|-boost|p2a: Kingambit|atk|2\n|\n|-heal|p1a: Heatran|81\/100|[from] Grassy Terrain\n|upkeep\n|turn|22\n|\n|t:|1700544084\n|move|p2a: Kingambit|Sucker Punch|p1a: Heatran\n|-damage|p1a: Heatran|0 fnt\n|faint|p1a: Heatran\n|\n|upkeep\n|\n|t:|1700544090\n|switch|p1a: Ogerpon|Ogerpon-Cornerstone, F|100\/100\n|-damage|p1a: Ogerpon|84\/100|[from] Spikes\n|turn|23\n|\n|t:|1700544093\n|move|p2a: Kingambit|Sucker Punch||[still]\n|-fail|p2a: Kingambit\n|move|p1a: Ogerpon|Encore|p2a: Kingambit\n|-start|p2a: Kingambit|Encore\n|\n|-heal|p1a: Ogerpon|90\/100|[from] Grassy Terrain\n|upkeep\n|turn|24\n|\n|t:|1700544099\n|move|p2a: Kingambit|Sucker Punch||[still]\n|-fail|p2a: Kingambit\n|move|p1a: Ogerpon|Swords Dance|p1a: Ogerpon\n|-boost|p1a: Ogerpon|atk|2\n|\n|-heal|p1a: Ogerpon|96\/100|[from] Grassy Terrain\n|-fieldend|move: Grassy Terrain\n|upkeep\n|turn|25\n|\n|t:|1700544101\n|move|p2a: Kingambit|Sucker Punch||[still]\n|-fail|p2a: Kingambit\n|move|p1a: Ogerpon|Swords Dance|p1a: Ogerpon\n|-boost|p1a: Ogerpon|atk|2\n|\n|upkeep\n|turn|26\n|\n|t:|1700544103\n|move|p2a: Kingambit|Sucker Punch|p1a: Ogerpon\n|-damage|p1a: Ogerpon|0 fnt\n|faint|p1a: Ogerpon\n|\n|-end|p2a: Kingambit|Encore\n|upkeep\n|\n|t:|1700544109\n|switch|p1a: Kingambit|Kingambit, M|100\/100\n|-damage|p1a: Kingambit|84\/100|[from] Spikes\n|-activate|p1a: Kingambit|ability: Supreme Overlord\n|-start|p1a: Kingambit|fallen4|[silent]\n|turn|27\n|\n|t:|1700544113\n|move|p1a: Kingambit|Kowtow Cleave|p2a: Kingambit\n|-damage|p2a: Kingambit|25\/100\n|move|p2a: Kingambit|Iron Head|p1a: Kingambit\n|-resisted|p1a: Kingambit\n|-damage|p1a: Kingambit|25\/100\n|\n|upkeep\n|turn|28\n|inactive|freakoffweeb has 120 seconds left.\n|\n|t:|1700544157\n|move|p2a: Kingambit|Sucker Punch|p1a: Kingambit\n|-resisted|p1a: Kingambit\n|-damage|p1a: Kingambit|0 fnt\n|faint|p1a: Kingambit\n|-end|p1a: Kingambit|fallen4|[silent]\n|\n|upkeep\n|-message|freakoffweeb forfeited.\n|\n|win|theoneisaperson\n|raw|freakoffweeb's rating: 1361 &rarr; <strong>1342<\/strong><br \/>(-19 for losing)\n|raw|theoneisaperson's rating: 1375 &rarr; <strong>1394<\/strong><br \/>(+19 for winning)\n|l|\u2606freakoffweeb\n|c|\u2606theoneisaperson|holy\n","uploadtime":1700544171,"views":2,"p1id":"freakoffweeb","p2id":"theoneisaperson","formatid":"gen9ou","rating":1342,"private":0,"password":""}