{"id":"gen9ou-1989672243","p1":"tengwar","p2":"littensalt","format":"[Gen 9] OU","log":"|j|\u2606tengwar\n|j|\u2606littensalt\n|t:|1699885460\n|gametype|singles\n|player|p1|tengwar|ghetsis-gen5bw|1356\n|player|p2|littensalt|calem|1332\n|teamsize|p1|6\n|teamsize|p2|6\n|gen|9\n|tier|[Gen 9] OU\n|rated|\n|rule|Sleep Clause Mod: Limit one foe put to sleep\n|rule|Species Clause: Limit one of each Pok\u00e9mon\n|rule|OHKO Clause: OHKO moves are banned\n|rule|Evasion Items Clause: Evasion items are banned\n|rule|Evasion Moves Clause: Evasion moves are banned\n|rule|Endless Battle Clause: Forcing endless battles is banned\n|rule|HP Percentage Mod: HP is shown in percentages\n|clearpoke\n|poke|p1|Okidogi, M|\n|poke|p1|Ninetales-Alola, M|\n|poke|p1|Kingambit, M|\n|poke|p1|Jirachi|\n|poke|p1|Landorus-Therian, M|\n|poke|p1|Garchomp, F|\n|poke|p2|Thundurus-Therian, M|\n|poke|p2|Weezing-Galar, M|\n|poke|p2|Cinderace, M|\n|poke|p2|Dragapult, F|\n|poke|p2|Greninja-*, M|\n|poke|p2|Zamazenta-*|\n|teampreview\n|\n|t:|1699885477\n|start\n|switch|p1a: Jirachi|Jirachi|100\/100\n|switch|p2a: FRANCHISE|Cinderace, M|100\/100\n|turn|1\n|\n|t:|1699885486\n|switch|p1a: Okidogi|Okidogi, M|100\/100\n|move|p2a: FRANCHISE|U-turn|p1a: Okidogi\n|-start|p2a: FRANCHISE|typechange|Bug|[from] ability: Libero\n|-resisted|p1a: Okidogi\n|-damage|p1a: Okidogi|93\/100\n|\n|t:|1699885489\n|switch|p2a: wheezy outta here|Weezing-Galar, M, shiny|100\/100|[from] U-turn\n|-ability|p2a: wheezy outta here|Neutralizing Gas\n|\n|-heal|p1a: Okidogi|99\/100|[from] item: Leftovers\n|upkeep\n|turn|2\n|inactive|Battle timer is ON: inactive players will automatically lose when time's up. (requested by littensalt)\n|\n|t:|1699885530\n|switch|p1a: Ninetales|Ninetales-Alola, M|100\/100\n|move|p2a: wheezy outta here|Will-O-Wisp|p1a: Ninetales\n|-status|p1a: Ninetales|brn\n|\n|-damage|p1a: Ninetales|94\/100 brn|[from] brn\n|upkeep\n|turn|3\n|\n|t:|1699885535\n|move|p1a: Ninetales|Encore|p2a: wheezy outta here\n|-start|p2a: wheezy outta here|Encore\n|move|p2a: wheezy outta here|Will-O-Wisp|p1a: Ninetales\n|-fail|p1a: Ninetales|brn\n|\n|-damage|p1a: Ninetales|88\/100 brn|[from] brn\n|upkeep\n|turn|4\n|\n|t:|1699885537\n|move|p1a: Ninetales|Aurora Veil||[still]\n|-fail|p1a: Ninetales\n|move|p2a: wheezy outta here|Will-O-Wisp|p1a: Ninetales\n|-fail|p1a: Ninetales|brn\n|\n|-damage|p1a: Ninetales|82\/100 brn|[from] brn\n|upkeep\n|turn|5\n|\n|t:|1699885545\n|move|p1a: Ninetales|Hypnosis|p2a: wheezy outta here|[miss]\n|-miss|p1a: Ninetales|p2a: wheezy outta here\n|move|p2a: wheezy outta here|Will-O-Wisp|p1a: Ninetales\n|-fail|p1a: Ninetales|brn\n|\n|-damage|p1a: Ninetales|76\/100 brn|[from] brn\n|-end|p2a: wheezy outta here|Encore\n|upkeep\n|turn|6\n|\n|t:|1699885549\n|-end|p2a: wheezy outta here|ability: Neutralizing Gas\n|-weather|Snow|[from] ability: Snow Warning|[of] p1a: Ninetales\n|switch|p2a: N95|Greninja, M|100\/100\n|move|p1a: Ninetales|Encore||[still]\n|-fail|p1a: Ninetales\n|\n|-weather|Snow|[upkeep]\n|-damage|p1a: Ninetales|70\/100 brn|[from] brn\n|upkeep\n|turn|7\n|\n|t:|1699885557\n|switch|p2a: FRANCHISE|Cinderace, M|100\/100\n|move|p1a: Ninetales|Aurora Veil|p1a: Ninetales\n|-sidestart|p1: tengwar|move: Aurora Veil\n|\n|-weather|Snow|[upkeep]\n|-damage|p1a: Ninetales|64\/100 brn|[from] brn\n|upkeep\n|turn|8\n|\n|t:|1699885565\n|move|p2a: FRANCHISE|Sucker Punch||[still]\n|-fail|p2a: FRANCHISE\n|move|p1a: Ninetales|Aurora Veil||[still]\n|-fail|p1a: Ninetales\n|\n|-weather|Snow|[upkeep]\n|-damage|p1a: Ninetales|58\/100 brn|[from] brn\n|upkeep\n|turn|9\n|\n|t:|1699885575\n|switch|p1a: Okidogi|Okidogi, M|99\/100\n|move|p2a: FRANCHISE|Pyro Ball|p1a: Okidogi\n|-damage|p1a: Okidogi|72\/100\n|\n|-weather|Snow|[upkeep]\n|-heal|p1a: Okidogi|78\/100|[from] item: Leftovers\n|upkeep\n|turn|10\n|\n|t:|1699885578\n|move|p2a: FRANCHISE|Court Change|p2a: FRANCHISE\n|-start|p2a: FRANCHISE|typechange|Normal|[from] ability: Libero\n|-swapsideconditions\n|-activate|p2a: FRANCHISE|move: Court Change\n|move|p1a: Okidogi|Bulk Up|p1a: Okidogi\n|-boost|p1a: Okidogi|atk|1\n|-boost|p1a: Okidogi|def|1\n|\n|-weather|none\n|-heal|p1a: Okidogi|85\/100|[from] item: Leftovers\n|upkeep\n|turn|11\n|\n|t:|1699885581\n|switch|p2a: wheezy outta here|Weezing-Galar, M, shiny|100\/100\n|-ability|p2a: wheezy outta here|Neutralizing Gas\n|move|p1a: Okidogi|Bulk Up|p1a: Okidogi\n|-boost|p1a: Okidogi|atk|1\n|-boost|p1a: Okidogi|def|1\n|\n|-heal|p1a: Okidogi|91\/100|[from] item: Leftovers\n|upkeep\n|turn|12\n|\n|t:|1699885586\n|-terastallize|p1a: Okidogi|Water\n|move|p1a: Okidogi|Bulk Up|p1a: Okidogi\n|-boost|p1a: Okidogi|atk|1\n|-boost|p1a: Okidogi|def|1\n|move|p2a: wheezy outta here|Will-O-Wisp|p1a: Okidogi\n|-status|p1a: Okidogi|brn\n|\n|-heal|p1a: Okidogi|97\/100 brn|[from] item: Leftovers\n|-damage|p1a: Okidogi|91\/100 brn|[from] brn\n|upkeep\n|turn|13\n|\n|t:|1699885590\n|move|p1a: Okidogi|Bulk Up|p1a: Okidogi\n|-boost|p1a: Okidogi|atk|1\n|-boost|p1a: Okidogi|def|1\n|move|p2a: wheezy outta here|Haze|p2a: wheezy outta here\n|-clearallboost\n|\n|-heal|p1a: Okidogi|97\/100 brn|[from] item: Leftovers\n|-damage|p1a: Okidogi|91\/100 brn|[from] brn\n|upkeep\n|turn|14\n|\n|t:|1699885592\n|move|p1a: Okidogi|Bulk Up|p1a: Okidogi\n|-boost|p1a: Okidogi|atk|1\n|-boost|p1a: Okidogi|def|1\n|move|p2a: wheezy outta here|Strange Steam|p1a: Okidogi\n|-crit|p1a: Okidogi\n|-damage|p1a: Okidogi|47\/100 brn\n|\n|-heal|p1a: Okidogi|53\/100 brn|[from] item: Leftovers\n|-damage|p1a: Okidogi|47\/100 brn|[from] brn\n|-sideend|p2: littensalt|move: Aurora Veil\n|upkeep\n|turn|15\n|\n|t:|1699885597\n|move|p1a: Okidogi|Knock Off|p2a: wheezy outta here\n|-resisted|p2a: wheezy outta here\n|-damage|p2a: wheezy outta here|91\/100\n|-damage|p1a: Okidogi|30\/100 brn|[from] item: Rocky Helmet|[of] p2a: wheezy outta here\n|-enditem|p2a: wheezy outta here|Rocky Helmet|[from] move: Knock Off|[of] p1a: Okidogi\n|move|p2a: wheezy outta here|Haze|p2a: wheezy outta here\n|-clearallboost\n|\n|-heal|p1a: Okidogi|36\/100 brn|[from] item: Leftovers\n|-damage|p1a: Okidogi|30\/100 brn|[from] brn\n|upkeep\n|turn|16\n|\n|t:|1699885603\n|move|p1a: Okidogi|Poison Jab|p2a: wheezy outta here\n|-damage|p2a: wheezy outta here|77\/100\n|move|p2a: wheezy outta here|Strange Steam|p1a: Okidogi\n|-damage|p1a: Okidogi|0 fnt\n|faint|p1a: Okidogi\n|\n|upkeep\n|\n|t:|1699885606\n|switch|p1a: Landorus|Landorus-Therian, M|100\/100\n|turn|17\n|\n|t:|1699885620\n|switch|p1a: Jirachi|Jirachi|100\/100\n|move|p2a: wheezy outta here|Will-O-Wisp|p1a: Jirachi|[miss]\n|-miss|p2a: wheezy outta here|p1a: Jirachi\n|\n|upkeep\n|turn|18\n|\n|t:|1699885625\n|switch|p1a: Ninetales|Ninetales-Alola, M|58\/100 brn\n|move|p2a: wheezy outta here|Will-O-Wisp|p1a: Ninetales\n|-fail|p1a: Ninetales|brn\n|\n|-damage|p1a: Ninetales|52\/100 brn|[from] brn\n|upkeep\n|turn|19\n|\n|t:|1699885628\n|switch|p1a: Landorus|Landorus-Therian, M|100\/100\n|move|p2a: wheezy outta here|Strange Steam|p1a: Landorus\n|-damage|p1a: Landorus|65\/100\n|\n|upkeep\n|turn|20\n|\n|t:|1699885630\n|move|p1a: Landorus|Sandsear Storm|p2a: wheezy outta here\n|-supereffective|p2a: wheezy outta here\n|-damage|p2a: wheezy outta here|0 fnt\n|faint|p2a: wheezy outta here\n|-end|p2a: wheezy outta here|ability: Neutralizing Gas\n|\n|upkeep\n|\n|t:|1699885633\n|switch|p2a: N95|Greninja, M|100\/100\n|turn|21\n|\n|t:|1699885636\n|switch|p1a: Ninetales|Ninetales-Alola, M|52\/100 brn\n|-weather|Snow|[from] ability: Snow Warning|[of] p1a: Ninetales\n|move|p2a: N95|Hydro Pump|p1a: Ninetales|[miss]\n|-miss|p2a: N95|p1a: Ninetales\n|\n|-weather|Snow|[upkeep]\n|-damage|p1a: Ninetales|46\/100 brn|[from] brn\n|upkeep\n|turn|22\n|\n|t:|1699885639\n|move|p2a: N95|Hydro Pump|p1a: Ninetales\n|-damage|p1a: Ninetales|0 fnt\n|faint|p1a: Ninetales\n|-ability|p2a: N95|Battle Bond|boost\n|-boost|p2a: N95|atk|1\n|-boost|p2a: N95|spa|1\n|-boost|p2a: N95|spe|1\n|-activate|p2a: N95|ability: Battle Bond\n|-damage|p2a: N95|91\/100|[from] item: Life Orb\n|\n|-weather|Snow|[upkeep]\n|upkeep\n|\n|t:|1699885645\n|switch|p1a: Jirachi|Jirachi|100\/100\n|turn|23\n|\n|t:|1699885651\n|move|p2a: N95|Dark Pulse|p1a: Jirachi\n|-supereffective|p1a: Jirachi\n|-damage|p1a: Jirachi|0 fnt\n|faint|p1a: Jirachi\n|-damage|p2a: N95|81\/100|[from] item: Life Orb\n|\n|-weather|Snow|[upkeep]\n|upkeep\n|-message|tengwar forfeited.\n|\n|win|littensalt\n|raw|tengwar's rating: 1356 &rarr; <strong>1335<\/strong><br \/>(-21 for losing)\n|raw|littensalt's rating: 1332 &rarr; <strong>1353<\/strong><br \/>(+21 for winning)\n|l|\u2606tengwar\n","uploadtime":1699885661,"views":8,"p1id":"tengwar","p2id":"littensalt","formatid":"gen9ou","rating":1335,"private":0,"password":""}