{"id":"gen9ou-1992569363","p1":"nathumain","p2":"AhmedAli09","format":"[Gen 9] OU","log":"|j|\u2606nathumain\n|j|\u2606AhmedAli09\n|t:|1700207515\n|gametype|singles\n|player|p1|nathumain|colress|1086\n|player|p2|AhmedAli09|blaine|1054\n|teamsize|p1|6\n|teamsize|p2|6\n|gen|9\n|tier|[Gen 9] OU\n|rated|\n|rule|Sleep Clause Mod: Limit one foe put to sleep\n|rule|Species Clause: Limit one of each Pok\u00e9mon\n|rule|OHKO Clause: OHKO moves are banned\n|rule|Evasion Items Clause: Evasion items are banned\n|rule|Evasion Moves Clause: Evasion moves are banned\n|rule|Endless Battle Clause: Forcing endless battles is banned\n|rule|HP Percentage Mod: HP is shown in percentages\n|clearpoke\n|poke|p1|Samurott-Hisui, M|\n|poke|p1|Enamorus, F|\n|poke|p1|Ceruledge, F|\n|poke|p1|Great Tusk|\n|poke|p1|Dragonite, F|\n|poke|p1|Toxapex, F|\n|poke|p2|Cinderace, F|\n|poke|p2|Dragapult, M|\n|poke|p2|Clefable, F|\n|poke|p2|Toxapex, F|\n|poke|p2|Corviknight, F|\n|poke|p2|Landorus-Therian, M|\n|teampreview\n|inactive|Battle timer is ON: inactive players will automatically lose when time's up. (requested by nathumain)\n|\n|t:|1700207531\n|start\n|switch|p1a: Samurott|Samurott-Hisui, M|100\/100\n|switch|p2a: Clefable|Clefable, F|100\/100\n|turn|1\n|\n|t:|1700207542\n|switch|p1a: Toxapex|Toxapex, F|100\/100\n|move|p2a: Clefable|Thunder Wave|p1a: Toxapex\n|-status|p1a: Toxapex|par\n|\n|upkeep\n|turn|2\n|\n|t:|1700207556\n|switch|p2a: Landorus|Landorus-Therian, M|100\/100\n|-ability|p2a: Landorus|Intimidate|boost\n|-unboost|p1a: Toxapex|atk|1\n|cant|p1a: Toxapex|par\n|\n|upkeep\n|turn|3\n|\n|t:|1700207572\n|move|p2a: Landorus|U-turn|p1a: Toxapex\n|-resisted|p1a: Toxapex\n|-damage|p1a: Toxapex|91\/100 par\n|\n|t:|1700207576\n|switch|p2a: Corviknight|Corviknight, F|100\/100|[from] U-turn\n|-ability|p2a: Corviknight|Pressure\n|move|p1a: Toxapex|Icy Wind|p2a: Corviknight\n|-damage|p2a: Corviknight|92\/100\n|-unboost|p2a: Corviknight|spe|1\n|\n|-heal|p2a: Corviknight|98\/100|[from] item: Leftovers\n|upkeep\n|turn|4\n|\n|t:|1700207591\n|move|p2a: Corviknight|Brave Bird|p1a: Toxapex\n|-damage|p1a: Toxapex|63\/100 par\n|-damage|p2a: Corviknight|91\/100|[from] Recoil\n|move|p1a: Toxapex|Infestation|p2a: Corviknight\n|-resisted|p2a: Corviknight\n|-damage|p2a: Corviknight|91\/100\n|-activate|p2a: Corviknight|move: Infestation|[of] p1a: Toxapex\n|\n|-heal|p2a: Corviknight|97\/100|[from] item: Leftovers\n|-damage|p2a: Corviknight|84\/100|[from] move: Infestation|[partiallytrapped]\n|upkeep\n|turn|5\n|\n|t:|1700207604\n|move|p2a: Corviknight|Brave Bird|p1a: Toxapex\n|-damage|p1a: Toxapex|36\/100 par\n|-damage|p2a: Corviknight|77\/100|[from] Recoil\n|move|p1a: Toxapex|Chilling Water|p2a: Corviknight\n|-damage|p2a: Corviknight|67\/100\n|-unboost|p2a: Corviknight|atk|1\n|\n|-heal|p2a: Corviknight|73\/100|[from] item: Leftovers\n|-damage|p2a: Corviknight|60\/100|[from] move: Infestation|[partiallytrapped]\n|upkeep\n|turn|6\n|\n|t:|1700207623\n|move|p2a: Corviknight|Brave Bird|p1a: Toxapex\n|-damage|p1a: Toxapex|18\/100 par\n|-damage|p2a: Corviknight|56\/100|[from] Recoil\n|move|p1a: Toxapex|Chilling Water|p2a: Corviknight\n|-damage|p2a: Corviknight|45\/100\n|-unboost|p2a: Corviknight|atk|1\n|\n|-heal|p2a: Corviknight|51\/100|[from] item: Leftovers\n|-damage|p2a: Corviknight|39\/100|[from] move: Infestation|[partiallytrapped]\n|upkeep\n|turn|7\n|\n|t:|1700207634\n|switch|p1a: Samurott|Samurott-Hisui, M|100\/100\n|move|p2a: Corviknight|Roost|p2a: Corviknight\n|-heal|p2a: Corviknight|89\/100\n|-singleturn|p2a: Corviknight|move: Roost\n|\n|-heal|p2a: Corviknight|95\/100|[from] item: Leftovers\n|-end|p2a: Corviknight|Infestation|[partiallytrapped]|[silent]\n|upkeep\n|turn|8\n|inactive|AhmedAli09 has 120 seconds left.\n|\n|t:|1700207667\n|switch|p2a: Clefable|Clefable, F|100\/100\n|move|p1a: Samurott|Ceaseless Edge|p2a: Clefable\n|-resisted|p2a: Clefable\n|-damage|p2a: Clefable|80\/100\n|-sidestart|p2: AhmedAli09|Spikes\n|\n|-heal|p2a: Clefable|86\/100|[from] item: Leftovers\n|upkeep\n|turn|9\n|inactive|AhmedAli09 has 120 seconds left.\n|\n|t:|1700207681\n|switch|p1a: Toxapex|Toxapex, F|51\/100 par\n|move|p2a: Clefable|Calm Mind|p2a: Clefable\n|-boost|p2a: Clefable|spa|1\n|-boost|p2a: Clefable|spd|1\n|\n|-heal|p2a: Clefable|92\/100|[from] item: Leftovers\n|upkeep\n|turn|10\n|inactive|AhmedAli09 has 120 seconds left.\n|\n|t:|1700207691\n|move|p2a: Clefable|Moonblast|p1a: Toxapex\n|-resisted|p1a: Toxapex\n|-damage|p1a: Toxapex|41\/100 par\n|move|p1a: Toxapex|Infestation|p2a: Clefable\n|-resisted|p2a: Clefable\n|-damage|p2a: Clefable|92\/100\n|-activate|p2a: Clefable|move: Infestation|[of] p1a: Toxapex\n|\n|-heal|p2a: Clefable|98\/100|[from] item: Leftovers\n|-damage|p2a: Clefable|85\/100|[from] move: Infestation|[partiallytrapped]\n|upkeep\n|turn|11\n|inactive|AhmedAli09 has 120 seconds left.\n|\n|t:|1700207705\n|move|p2a: Clefable|Calm Mind|p2a: Clefable\n|-boost|p2a: Clefable|spa|1\n|-boost|p2a: Clefable|spd|1\n|move|p1a: Toxapex|Acid Spray|p2a: Clefable\n|-supereffective|p2a: Clefable\n|-damage|p2a: Clefable|77\/100\n|-unboost|p2a: Clefable|spd|2\n|\n|-heal|p2a: Clefable|83\/100|[from] item: Leftovers\n|-damage|p2a: Clefable|71\/100|[from] move: Infestation|[partiallytrapped]\n|upkeep\n|turn|12\n|inactive|AhmedAli09 has 120 seconds left.\n|\n|t:|1700207717\n|move|p2a: Clefable|Moonblast|p1a: Toxapex\n|-resisted|p1a: Toxapex\n|-damage|p1a: Toxapex|27\/100 par\n|move|p1a: Toxapex|Acid Spray|p2a: Clefable\n|-supereffective|p2a: Clefable\n|-damage|p2a: Clefable|57\/100\n|-unboost|p2a: Clefable|spd|2\n|\n|-heal|p2a: Clefable|63\/100|[from] item: Leftovers\n|-damage|p2a: Clefable|51\/100|[from] move: Infestation|[partiallytrapped]\n|upkeep\n|turn|13\n|inactive|AhmedAli09 has 120 seconds left.\n|\n|t:|1700207731\n|move|p2a: Clefable|Moonlight|p2a: Clefable\n|-heal|p2a: Clefable|100\/100\n|move|p1a: Toxapex|Acid Spray|p2a: Clefable\n|-supereffective|p2a: Clefable\n|-damage|p2a: Clefable|75\/100\n|-unboost|p2a: Clefable|spd|2\n|\n|-heal|p2a: Clefable|81\/100|[from] item: Leftovers\n|-damage|p2a: Clefable|68\/100|[from] move: Infestation|[partiallytrapped]\n|upkeep\n|turn|14\n|inactive|AhmedAli09 has 120 seconds left.\n|\n|t:|1700207742\n|move|p2a: Clefable|Moonblast|p1a: Toxapex\n|-resisted|p1a: Toxapex\n|-damage|p1a: Toxapex|14\/100 par\n|move|p1a: Toxapex|Acid Spray|p2a: Clefable\n|-supereffective|p2a: Clefable\n|-damage|p2a: Clefable|25\/100\n|-unboost|p2a: Clefable|spd|2\n|\n|-heal|p2a: Clefable|31\/100|[from] item: Leftovers\n|-damage|p2a: Clefable|19\/100|[from] move: Infestation|[partiallytrapped]\n|upkeep\n|turn|15\n|inactive|AhmedAli09 has 120 seconds left.\n|\n|t:|1700207754\n|switch|p1a: Enamorus|Enamorus, F|100\/100\n|move|p2a: Clefable|Moonblast|p1a: Enamorus\n|-damage|p1a: Enamorus|18\/100\n|\n|-heal|p2a: Clefable|25\/100|[from] item: Leftovers\n|-end|p2a: Clefable|Infestation|[partiallytrapped]\n|upkeep\n|turn|16\n|inactive|AhmedAli09 has 120 seconds left.\n|\n|t:|1700207771\n|switch|p2a: Corviknight|Corviknight, F|95\/100\n|-ability|p2a: Corviknight|Pressure\n|move|p1a: Enamorus|Play Rough|p2a: Corviknight\n|-resisted|p2a: Corviknight\n|-damage|p2a: Corviknight|82\/100\n|-unboost|p2a: Corviknight|atk|1\n|\n|-heal|p2a: Corviknight|88\/100|[from] item: Leftovers\n|upkeep\n|turn|17\n|inactive|AhmedAli09 has 120 seconds left.\n|\n|t:|1700207783\n|switch|p1a: Samurott|Samurott-Hisui, M|100\/100\n|move|p2a: Corviknight|Brave Bird|p1a: Samurott\n|-damage|p1a: Samurott|67\/100\n|-damage|p2a: Corviknight|79\/100|[from] Recoil\n|\n|-heal|p1a: Samurott|73\/100|[from] item: Leftovers\n|-heal|p2a: Corviknight|85\/100|[from] item: Leftovers\n|upkeep\n|turn|18\n|inactive|AhmedAli09 has 120 seconds left.\n|\n|t:|1700207794\n|move|p1a: Samurott|Ceaseless Edge|p2a: Corviknight\n|-damage|p2a: Corviknight|56\/100\n|-sidestart|p2: AhmedAli09|Spikes\n|move|p2a: Corviknight|Brave Bird|p1a: Samurott\n|-damage|p1a: Samurott|41\/100\n|-damage|p2a: Corviknight|48\/100|[from] Recoil\n|\n|-heal|p1a: Samurott|48\/100|[from] item: Leftovers\n|-heal|p2a: Corviknight|54\/100|[from] item: Leftovers\n|upkeep\n|turn|19\n|inactive|AhmedAli09 has 120 seconds left.\n|\n|t:|1700207812\n|move|p1a: Samurott|Ceaseless Edge|p2a: Corviknight\n|-damage|p2a: Corviknight|28\/100\n|-sidestart|p2: AhmedAli09|Spikes\n|move|p2a: Corviknight|Roost|p2a: Corviknight\n|-heal|p2a: Corviknight|78\/100\n|-singleturn|p2a: Corviknight|move: Roost\n|\n|-heal|p1a: Samurott|54\/100|[from] item: Leftovers\n|-heal|p2a: Corviknight|84\/100|[from] item: Leftovers\n|upkeep\n|turn|20\n|inactive|AhmedAli09 has 120 seconds left.\n|\n|t:|1700207829\n|switch|p1a: Ceruledge|Ceruledge, F|100\/100\n|move|p2a: Corviknight|Brave Bird|p1a: Ceruledge\n|-damage|p1a: Ceruledge|66\/100\n|-ability|p1a: Ceruledge|Weak Armor|boost\n|-unboost|p1a: Ceruledge|def|1\n|-boost|p1a: Ceruledge|spe|2\n|-damage|p2a: Corviknight|76\/100|[from] Recoil\n|\n|-heal|p2a: Corviknight|82\/100|[from] item: Leftovers\n|upkeep\n|turn|21\n|\n|t:|1700207848\n|switch|p2a: Toxapex|Toxapex, F|100\/100\n|-damage|p2a: Toxapex|76\/100|[from] Spikes\n|move|p1a: Ceruledge|Swords Dance|p1a: Ceruledge\n|-boost|p1a: Ceruledge|atk|2\n|\n|-heal|p2a: Toxapex|82\/100|[from] item: Black Sludge\n|upkeep\n|turn|22\n|\n|t:|1700207857\n|move|p1a: Ceruledge|Poltergeist|p2a: Toxapex\n|-activate|p2a: Toxapex|move: Poltergeist|Black Sludge\n|-damage|p2a: Toxapex|14\/100\n|move|p2a: Toxapex|Haze|p2a: Toxapex\n|-clearallboost\n|\n|-heal|p2a: Toxapex|20\/100|[from] item: Black Sludge\n|upkeep\n|turn|23\n|\n|t:|1700207869\n|move|p1a: Ceruledge|Poltergeist|p2a: Toxapex\n|-activate|p2a: Toxapex|move: Poltergeist|Black Sludge\n|-damage|p2a: Toxapex|0 fnt\n|faint|p2a: Toxapex\n|\n|upkeep\n|\n|t:|1700207876\n|switch|p2a: Landorus|Landorus-Therian, M|100\/100\n|-ability|p2a: Landorus|Intimidate|boost\n|-unboost|p1a: Ceruledge|atk|1\n|turn|24\n|inactive|AhmedAli09 has 90 seconds left.\n|\n|t:|1700207919\n|switch|p1a: Dragonite|Dragonite, F|100\/100\n|move|p2a: Landorus|Earthquake|p1a: Dragonite\n|-immune|p1a: Dragonite\n|\n|upkeep\n|turn|25\n|\n|t:|1700207924\n|switch|p2a: Clefable|Clefable, F|25\/100\n|-damage|p2a: Clefable|0 fnt|[from] Spikes\n|faint|p2a: Clefable\n|move|p1a: Dragonite|Dragon Dance|p1a: Dragonite\n|-boost|p1a: Dragonite|atk|1\n|-boost|p1a: Dragonite|spe|1\n|\n|upkeep\n|inactive|AhmedAli09 has 90 seconds left.\n|inactive|AhmedAli09 has 60 seconds left.\n|inactive|AhmedAli09 has 30 seconds left.\n|inactive|AhmedAli09 has 20 seconds left.\n|inactive|AhmedAli09 has 15 seconds left.\n|inactive|AhmedAli09 has 10 seconds left.\n|\n|t:|1700208009\n|switch|p2a: Dragapult|Dragapult, M|100\/100\n|-damage|p2a: Dragapult|76\/100|[from] Spikes\n|turn|26\n|inactive|AhmedAli09 has 20 seconds left this turn.\n|inactive|AhmedAli09 has 15 seconds left.\n|\n|t:|1700208016\n|move|p2a: Dragapult|Fire Blast|p1a: Dragonite\n|-resisted|p1a: Dragonite\n|-damage|p1a: Dragonite|89\/100\n|-damage|p2a: Dragapult|66\/100|[from] item: Life Orb\n|move|p1a: Dragonite|Dragon Dance|p1a: Dragonite\n|-boost|p1a: Dragonite|atk|1\n|-boost|p1a: Dragonite|spe|1\n|\n|upkeep\n|turn|27\n|inactive|AhmedAli09 has 25 seconds left this turn.\n|inactive|AhmedAli09 has 20 seconds left.\n|inactive|AhmedAli09 has 15 seconds left.\n|\n|t:|1700208027\n|move|p1a: Dragonite|Dragon Claw|p2a: Dragapult\n|-supereffective|p2a: Dragapult\n|-damage|p2a: Dragapult|0 fnt\n|faint|p2a: Dragapult\n|\n|upkeep\n|inactive|AhmedAli09 has 20 seconds left this turn.\n|inactive|AhmedAli09 has 15 seconds left.\n|\n|t:|1700208036\n|switch|p2a: Cinderace|Cinderace, F|100\/100\n|turn|28\n|inactive|AhmedAli09 has 25 seconds left this turn.\n|\n|t:|1700208047\n|-terastallize|p1a: Dragonite|Normal\n|move|p1a: Dragonite|Extreme Speed|p2a: Cinderace\n|-damage|p2a: Cinderace|0 fnt\n|faint|p2a: Cinderace\n|\n|upkeep\n|inactive|AhmedAli09 has 30 seconds left this turn.\n|\n|t:|1700208055\n|switch|p2a: Landorus|Landorus-Therian, M|100\/100\n|-ability|p2a: Landorus|Intimidate|boost\n|-unboost|p1a: Dragonite|atk|1\n|turn|29\n|inactive|AhmedAli09 has 30 seconds left.\n|\n|t:|1700208065\n|move|p1a: Dragonite|Extreme Speed|p2a: Landorus\n|-damage|p2a: Landorus|22\/100\n|move|p2a: Landorus|Tera Blast|p1a: Dragonite\n|-damage|p1a: Dragonite|72\/100\n|\n|upkeep\n|turn|30\n|inactive|AhmedAli09 has 30 seconds left.\n|inactive|AhmedAli09 has 20 seconds left.\n|\n|t:|1700208085\n|move|p1a: Dragonite|Extreme Speed|p2a: Landorus\n|-damage|p2a: Landorus|0 fnt\n|faint|p2a: Landorus\n|\n|upkeep\n|inactive|AhmedAli09 has 25 seconds left this turn.\n|inactive|AhmedAli09 has 20 seconds left.\n|\n|t:|1700208091\n|switch|p2a: Corviknight|Corviknight, F|82\/100\n|-ability|p2a: Corviknight|Pressure\n|turn|31\n|inactive|AhmedAli09 has 30 seconds left this turn.\n|\n|t:|1700208100\n|move|p1a: Dragonite|Fire Punch|p2a: Corviknight\n|-supereffective|p2a: Corviknight\n|-damage|p2a: Corviknight|34\/100\n|move|p2a: Corviknight|Brave Bird|p1a: Dragonite\n|-damage|p1a: Dragonite|29\/100\n|-damage|p2a: Corviknight|22\/100|[from] Recoil\n|\n|-heal|p2a: Corviknight|28\/100|[from] item: Leftovers\n|upkeep\n|turn|32\n|inactive|AhmedAli09 has 30 seconds left.\n|\n|t:|1700208113\n|move|p1a: Dragonite|Fire Punch|p2a: Corviknight\n|-supereffective|p2a: Corviknight\n|-damage|p2a: Corviknight|0 fnt\n|faint|p2a: Corviknight\n|\n|win|nathumain\n|inactive|AhmedAli09 has 30 seconds left this turn.\n|raw|nathumain's rating: 1086 &rarr; <strong>1111<\/strong><br \/>(+25 for winning)\n|raw|AhmedAli09's rating: 1054 &rarr; <strong>1038<\/strong><br \/>(-16 for losing)\n|l|\u2606AhmedAli09\n","uploadtime":1700208127,"views":19,"p1id":"nathumain","p2id":"ahmedali09","formatid":"gen9ou","rating":1038,"private":0,"password":""}