{"id":"gen9ou-1994021086","p1":"Ruinous Tusk","p2":"Eggwynn","format":"[Gen 9] OU","log":"|j|\u2606Ruinous Tusk\n|j|\u2606Eggwynn\n|t:|1700394990\n|gametype|singles\n|player|p1|Ruinous Tusk|hilbert|1412\n|player|p2|Eggwynn|acetrainerf|1299\n|teamsize|p1|6\n|teamsize|p2|6\n|gen|9\n|tier|[Gen 9] OU\n|rated|\n|rule|Sleep Clause Mod: Limit one foe put to sleep\n|rule|Species Clause: Limit one of each Pok\u00e9mon\n|rule|OHKO Clause: OHKO moves are banned\n|rule|Evasion Items Clause: Evasion items are banned\n|rule|Evasion Moves Clause: Evasion moves are banned\n|rule|Endless Battle Clause: Forcing endless battles is banned\n|rule|HP Percentage Mod: HP is shown in percentages\n|clearpoke\n|poke|p1|Pelipper, M|\n|poke|p1|Landorus-Therian, M|\n|poke|p1|Basculegion, M|\n|poke|p1|Samurott-Hisui, M|\n|poke|p1|Zapdos|\n|poke|p1|Kingambit, M|\n|poke|p2|Toxapex, F|\n|poke|p2|Iron Moth|\n|poke|p2|Clefable, M|\n|poke|p2|Kingambit, M|\n|poke|p2|Zapdos|\n|poke|p2|Great Tusk|\n|teampreview\n|inactive|Battle timer is ON: inactive players will automatically lose when time's up. (requested by Eggwynn)\n|inactive|Ruinous Tusk also wants the timer to be on.\n|\n|t:|1700395012\n|start\n|switch|p1a: Pelipper|Pelipper, M|100\/100\n|switch|p2a: Clefable|Clefable, M|100\/100\n|-weather|RainDance|[from] ability: Drizzle|[of] p1a: Pelipper\n|turn|1\n|\n|t:|1700395017\n|move|p1a: Pelipper|U-turn|p2a: Clefable\n|-resisted|p2a: Clefable\n|-damage|p2a: Clefable|97\/100\n|\n|t:|1700395020\n|switch|p1a: Basculegion|Basculegion, M|100\/100|[from] U-turn\n|move|p2a: Clefable|Stealth Rock|p1a: Basculegion\n|-sidestart|p1: Ruinous Tusk|move: Stealth Rock\n|\n|-weather|RainDance|[upkeep]\n|-heal|p2a: Clefable|100\/100|[from] item: Leftovers\n|upkeep\n|turn|2\n|\n|t:|1700395032\n|-terastallize|p1a: Basculegion|Water\n|-terastallize|p2a: Clefable|Water\n|move|p1a: Basculegion|Wave Crash|p2a: Clefable\n|-resisted|p2a: Clefable\n|-crit|p2a: Clefable\n|-damage|p2a: Clefable|0 fnt\n|faint|p2a: Clefable\n|-damage|p1a: Basculegion|66\/100|[from] Recoil\n|\n|-weather|RainDance|[upkeep]\n|upkeep\n|inactive|Eggwynn has 120 seconds left.\n|c|\u2606Eggwynn|252+ Atk Choice Band Tera Water Basculegion Wave Crash vs. 252 HP \/ 252+ Def Tera Water Clefable in Rain: 255-301 (64.7 - 76.3%) -- guaranteed 2HKO after Leftovers recovery\n|c|\u2606Eggwynn|agony\n|inactive|Eggwynn has 90 seconds left.\n|\n|t:|1700395089\n|switch|p2a: Kingambit|Kingambit, M|100\/100\n|-activate|p2a: Kingambit|ability: Supreme Overlord\n|-start|p2a: Kingambit|fallen1|[silent]\n|turn|3\n|\n|t:|1700395098\n|switch|p1a: Samurott|Samurott-Hisui, M|100\/100\n|move|p2a: Kingambit|Kowtow Cleave|p1a: Samurott\n|-resisted|p1a: Samurott\n|-damage|p1a: Samurott|66\/100\n|\n|-weather|RainDance|[upkeep]\n|upkeep\n|turn|4\n|\n|t:|1700395112\n|move|p2a: Kingambit|Sucker Punch|p1a: Samurott\n|-resisted|p1a: Samurott\n|-damage|p1a: Samurott|36\/100\n|move|p1a: Samurott|Sacred Sword|p2a: Kingambit\n|-supereffective|p2a: Kingambit\n|-damage|p2a: Kingambit|0 fnt\n|faint|p2a: Kingambit\n|-end|p2a: Kingambit|fallen1|[silent]\n|\n|-weather|RainDance|[upkeep]\n|upkeep\n|\n|t:|1700395120\n|switch|p2a: Iron Moth|Iron Moth|100\/100\n|turn|5\n|\n|t:|1700395131\n|move|p2a: Iron Moth|Sludge Wave|p1a: Samurott\n|-damage|p1a: Samurott|0 fnt\n|faint|p1a: Samurott\n|\n|-weather|RainDance|[upkeep]\n|upkeep\n|\n|t:|1700395134\n|switch|p1a: Basculegion|Basculegion, M, tera:Water|66\/100\n|-damage|p1a: Basculegion|54\/100|[from] Stealth Rock\n|turn|6\n|inactive|Eggwynn has 120 seconds left.\n|\n|t:|1700395139\n|-end|p2a: Iron Moth|Quark Drive|[silent]\n|switch|p2a: Toxapex|Toxapex, F|100\/100\n|move|p1a: Basculegion|Flip Turn|p2a: Toxapex\n|-resisted|p2a: Toxapex\n|-damage|p2a: Toxapex|71\/100\n|\n|t:|1700395145\n|switch|p1a: Zapdos|Zapdos|100\/100|[from] Flip Turn\n|\n|-weather|RainDance|[upkeep]\n|-heal|p2a: Toxapex|77\/100|[from] item: Leftovers\n|upkeep\n|turn|7\n|\n|t:|1700395150\n|switch|p2a: Great Tusk|Great Tusk|100\/100\n|move|p1a: Zapdos|Thunder|p2a: Great Tusk\n|-immune|p2a: Great Tusk\n|\n|-weather|RainDance|[upkeep]\n|upkeep\n|turn|8\n|\n|t:|1700395166\n|-end|p2a: Great Tusk|Protosynthesis|[silent]\n|switch|p2a: Toxapex|Toxapex, F|100\/100\n|move|p1a: Zapdos|Hurricane|p2a: Toxapex\n|-damage|p2a: Toxapex|53\/100\n|\n|-weather|none\n|-heal|p2a: Toxapex|59\/100|[from] item: Leftovers\n|upkeep\n|turn|9\n|\n|t:|1700395175\n|switch|p1a: Kingambit|Kingambit, M|100\/100\n|-damage|p1a: Kingambit|94\/100|[from] Stealth Rock\n|-activate|p1a: Kingambit|ability: Supreme Overlord\n|-start|p1a: Kingambit|fallen1|[silent]\n|move|p2a: Toxapex|Toxic|p1a: Kingambit\n|-immune|p1a: Kingambit\n|\n|-heal|p2a: Toxapex|65\/100|[from] item: Leftovers\n|upkeep\n|turn|10\n|\n|t:|1700395183\n|-end|p1a: Kingambit|fallen1|[silent]\n|switch|p1a: Pelipper|Pelipper, M|100\/100\n|-damage|p1a: Pelipper|76\/100|[from] Stealth Rock\n|-weather|RainDance|[from] ability: Drizzle|[of] p1a: Pelipper\n|switch|p2a: Iron Moth|Iron Moth|100\/100\n|\n|-weather|RainDance|[upkeep]\n|upkeep\n|turn|11\n|\n|t:|1700395190\n|switch|p1a: Kingambit|Kingambit, M|94\/100\n|-damage|p1a: Kingambit|88\/100|[from] Stealth Rock\n|-activate|p1a: Kingambit|ability: Supreme Overlord\n|-start|p1a: Kingambit|fallen1|[silent]\n|move|p2a: Iron Moth|Overheat|p1a: Kingambit\n|-supereffective|p1a: Kingambit\n|-damage|p1a: Kingambit|0 fnt\n|-unboost|p2a: Iron Moth|spa|2\n|faint|p1a: Kingambit\n|-end|p1a: Kingambit|fallen1|[silent]\n|\n|-weather|RainDance|[upkeep]\n|upkeep\n|\n|t:|1700395197\n|switch|p1a: Basculegion|Basculegion, M, tera:Water|54\/100\n|-damage|p1a: Basculegion|42\/100|[from] Stealth Rock\n|turn|12\n|\n|t:|1700395199\n|-end|p2a: Iron Moth|Quark Drive|[silent]\n|switch|p2a: Toxapex|Toxapex, F|99\/100\n|move|p1a: Basculegion|Wave Crash|p2a: Toxapex\n|-resisted|p2a: Toxapex\n|-damage|p2a: Toxapex|39\/100\n|-damage|p1a: Basculegion|26\/100|[from] Recoil\n|\n|-weather|RainDance|[upkeep]\n|-heal|p2a: Toxapex|45\/100|[from] item: Leftovers\n|upkeep\n|turn|13\n|\n|t:|1700395207\n|move|p1a: Basculegion|Wave Crash|p2a: Toxapex\n|-resisted|p2a: Toxapex\n|-damage|p2a: Toxapex|0 fnt\n|faint|p2a: Toxapex\n|-damage|p1a: Basculegion|14\/100|[from] Recoil\n|\n|-weather|RainDance|[upkeep]\n|upkeep\n|\n|t:|1700395220\n|switch|p2a: Zapdos|Zapdos|100\/100\n|turn|14\n|\n|t:|1700395223\n|move|p1a: Basculegion|Wave Crash|p2a: Zapdos\n|-damage|p2a: Zapdos|0 fnt\n|faint|p2a: Zapdos\n|-damage|p1a: Basculegion|0 fnt|[from] Recoil\n|faint|p1a: Basculegion\n|\n|-weather|RainDance|[upkeep]\n|upkeep\n|\n|t:|1700395235\n|switch|p2a: Iron Moth|Iron Moth|100\/100\n|switch|p1a: Landorus|Landorus-Therian, M|100\/100\n|-damage|p1a: Landorus|88\/100|[from] Stealth Rock\n|-ability|p1a: Landorus|Intimidate|boost\n|-unboost|p2a: Iron Moth|atk|1\n|turn|15\n|\n|t:|1700395244\n|-end|p2a: Iron Moth|Quark Drive|[silent]\n|switch|p2a: Great Tusk|Great Tusk|100\/100\n|move|p1a: Landorus|Weather Ball|p2a: Great Tusk\n|-supereffective|p2a: Great Tusk\n|-damage|p2a: Great Tusk|0 fnt\n|faint|p2a: Great Tusk\n|-end|p2a: Great Tusk|Protosynthesis|[silent]\n|\n|-weather|RainDance|[upkeep]\n|upkeep\n|-message|Eggwynn forfeited.\n|\n|win|Ruinous Tusk\n|raw|Ruinous Tusk's rating: 1412 &rarr; <strong>1426<\/strong><br \/>(+14 for winning)\n|raw|Eggwynn's rating: 1299 &rarr; <strong>1282<\/strong><br \/>(-17 for losing)\n|l|\u2606Eggwynn\n","uploadtime":1700395255,"views":10,"p1id":"ruinoustusk","p2id":"eggwynn","formatid":"gen9ou","rating":1282,"private":0,"password":""}