{"id":"gen9ou-1997253241","p1":"hhet","p2":"morris94","format":"[Gen 9] OU","log":"|j|\u2606hhet\n|j|\u2606morris94\n|t:|1700780776\n|gametype|singles\n|player|p1|hhet|psychic-gen4|1057\n|player|p2|morris94|265|1069\n|teamsize|p1|6\n|teamsize|p2|6\n|gen|9\n|tier|[Gen 9] OU\n|rated|\n|rule|Sleep Clause Mod: Limit one foe put to sleep\n|rule|Species Clause: Limit one of each Pok\u00e9mon\n|rule|OHKO Clause: OHKO moves are banned\n|rule|Evasion Items Clause: Evasion items are banned\n|rule|Evasion Moves Clause: Evasion moves are banned\n|rule|Endless Battle Clause: Forcing endless battles is banned\n|rule|HP Percentage Mod: HP is shown in percentages\n|clearpoke\n|poke|p1|Manaphy|\n|poke|p1|Charmeleon, F|\n|poke|p1|Illumise, F|\n|poke|p1|Slowking-Galar, F|\n|poke|p1|Eelektross, F|\n|poke|p1|Arboliva, F|\n|poke|p2|Great Tusk|\n|poke|p2|Ceruledge, F|\n|poke|p2|Enamorus-Therian, F|\n|poke|p2|Glimmora, M|\n|poke|p2|Kingambit, F|\n|poke|p2|Ogerpon-Wellspring, F|\n|teampreview\n|\n|t:|1700780792\n|start\n|switch|p1a: Eelektross|Eelektross, F|100\/100\n|switch|p2a: Enamorus|Enamorus-Therian, F|100\/100\n|turn|1\n|\n|t:|1700780803\n|move|p2a: Enamorus|Calm Mind|p2a: Enamorus\n|-boost|p2a: Enamorus|spa|1\n|-boost|p2a: Enamorus|spd|1\n|move|p1a: Eelektross|Discharge|p2a: Enamorus\n|-supereffective|p2a: Enamorus\n|-damage|p2a: Enamorus|62\/100\n|\n|-heal|p2a: Enamorus|68\/100|[from] item: Leftovers\n|upkeep\n|turn|2\n|\n|t:|1700780822\n|move|p2a: Enamorus|Draining Kiss|p1a: Eelektross\n|-damage|p1a: Eelektross|79\/100\n|-heal|p2a: Enamorus|83\/100|[from] drain|[of] p1a: Eelektross\n|move|p1a: Eelektross|Volt Switch|p2a: Enamorus\n|-supereffective|p2a: Enamorus\n|-damage|p2a: Enamorus|49\/100\n|\n|t:|1700780833\n|switch|p1a: Slowking|Slowking-Galar, F|100\/100|[from] Volt Switch\n|\n|-heal|p2a: Enamorus|55\/100|[from] item: Leftovers\n|upkeep\n|turn|3\n|\n|t:|1700780857\n|switch|p2a: Great Tusk|Great Tusk|100\/100\n|move|p1a: Slowking|Sludge Bomb|p2a: Great Tusk\n|-resisted|p2a: Great Tusk\n|-damage|p2a: Great Tusk|75\/100\n|\n|upkeep\n|turn|4\n|\n|t:|1700780872\n|switch|p1a: Eelektross|Eelektross, F|79\/100\n|move|p2a: Great Tusk|Earthquake|p1a: Eelektross\n|-immune|p1a: Eelektross|[from] ability: Levitate\n|\n|upkeep\n|turn|5\n|\n|t:|1700780887\n|move|p2a: Great Tusk|Ice Spinner|p1a: Eelektross\n|-damage|p1a: Eelektross|54\/100\n|move|p1a: Eelektross|Giga Drain|p2a: Great Tusk\n|-supereffective|p2a: Great Tusk\n|-damage|p2a: Great Tusk|21\/100\n|-heal|p1a: Eelektross|89\/100|[from] drain|[of] p2a: Great Tusk\n|\n|upkeep\n|turn|6\n|\n|t:|1700780916\n|move|p2a: Great Tusk|Knock Off|p1a: Eelektross\n|-damage|p1a: Eelektross|61\/100\n|-enditem|p1a: Eelektross|Assault Vest|[from] move: Knock Off|[of] p2a: Great Tusk\n|move|p1a: Eelektross|Knock Off|p2a: Great Tusk\n|-resisted|p2a: Great Tusk\n|-damage|p2a: Great Tusk|15\/100\n|-damage|p1a: Eelektross|45\/100|[from] item: Rocky Helmet|[of] p2a: Great Tusk\n|-enditem|p2a: Great Tusk|Rocky Helmet|[from] move: Knock Off|[of] p1a: Eelektross\n|\n|upkeep\n|turn|7\n|\n|t:|1700780931\n|move|p2a: Great Tusk|Ice Spinner|p1a: Eelektross\n|-damage|p1a: Eelektross|19\/100\n|move|p1a: Eelektross|Giga Drain|p2a: Great Tusk\n|-supereffective|p2a: Great Tusk\n|-damage|p2a: Great Tusk|0 fnt\n|-heal|p1a: Eelektross|28\/100|[from] drain|[of] p2a: Great Tusk\n|faint|p2a: Great Tusk\n|-end|p2a: Great Tusk|Protosynthesis|[silent]\n|\n|upkeep\n|\n|t:|1700780946\n|switch|p2a: Glimmora|Glimmora, M|100\/100\n|turn|8\n|\n|t:|1700780956\n|move|p2a: Glimmora|Stealth Rock|p1a: Eelektross\n|-sidestart|p1: hhet|move: Stealth Rock\n|move|p1a: Eelektross|Volt Switch|p2a: Glimmora\n|-damage|p2a: Glimmora|62\/100\n|\n|t:|1700780962\n|switch|p1a: Manaphy|Manaphy|100\/100|[from] Volt Switch\n|-damage|p1a: Manaphy|88\/100|[from] Stealth Rock\n|\n|upkeep\n|turn|9\n|\n|t:|1700780973\n|switch|p2a: faya|Ogerpon-Wellspring, F|100\/100\n|move|p1a: Manaphy|Tail Glow|p1a: Manaphy\n|-boost|p1a: Manaphy|spa|3\n|\n|upkeep\n|turn|10\n|\n|t:|1700780983\n|-terastallize|p1a: Manaphy|Grass\n|move|p2a: faya|Swords Dance|p2a: faya\n|-boost|p2a: faya|atk|2\n|move|p1a: Manaphy|Energy Ball|p2a: faya\n|-damage|p2a: faya|0 fnt\n|faint|p2a: faya\n|\n|upkeep\n|\n|t:|1700780994\n|switch|p2a: Glimmora|Glimmora, M|62\/100\n|turn|11\n|\n|t:|1700781006\n|move|p1a: Manaphy|Surf|p2a: Glimmora\n|-supereffective|p2a: Glimmora\n|-damage|p2a: Glimmora|0 fnt\n|faint|p2a: Glimmora\n|\n|upkeep\n|\n|t:|1700781011\n|switch|p2a: Enamorus|Enamorus-Therian, F|55\/100\n|turn|12\n|\n|t:|1700781025\n|move|p1a: Manaphy|Surf|p2a: Enamorus\n|-damage|p2a: Enamorus|0 fnt\n|faint|p2a: Enamorus\n|\n|upkeep\n|\n|t:|1700781033\n|switch|p2a: Ceruledge|Ceruledge, F|100\/100\n|turn|13\n|\n|t:|1700781041\n|move|p1a: Manaphy|Surf|p2a: Ceruledge\n|-supereffective|p2a: Ceruledge\n|-enditem|p2a: Ceruledge|Focus Sash\n|-damage|p2a: Ceruledge|1\/100\n|move|p2a: Ceruledge|Poltergeist|p1a: Manaphy\n|-activate|p1a: Manaphy|move: Poltergeist|Aguav Berry\n|-damage|p1a: Manaphy|33\/100\n|\n|upkeep\n|turn|14\n|\n|t:|1700781055\n|move|p1a: Manaphy|Surf|p2a: Ceruledge\n|-supereffective|p2a: Ceruledge\n|-damage|p2a: Ceruledge|0 fnt\n|faint|p2a: Ceruledge\n|\n|upkeep\n|\n|t:|1700781060\n|switch|p2a: Kingambit|Kingambit, F|100\/100\n|-activate|p2a: Kingambit|ability: Supreme Overlord\n|-start|p2a: Kingambit|fallen5|[silent]\n|turn|15\n|\n|t:|1700781073\n|move|p1a: Manaphy|Surf|p2a: Kingambit\n|-damage|p2a: Kingambit|12\/100\n|move|p2a: Kingambit|Iron Head|p1a: Manaphy\n|-damage|p1a: Manaphy|0 fnt\n|faint|p1a: Manaphy\n|\n|upkeep\n|\n|t:|1700781080\n|switch|p1a: Arboliva|Arboliva, F|100\/100\n|-damage|p1a: Arboliva|88\/100|[from] Stealth Rock\n|turn|16\n|\n|t:|1700781086\n|move|p2a: Kingambit|Sucker Punch|p1a: Arboliva\n|-damage|p1a: Arboliva|17\/100\n|-fieldstart|move: Grassy Terrain|[from] ability: Seed Sower|[of] p1a: Arboliva\n|move|p1a: Arboliva|Giga Drain|p2a: Kingambit\n|-resisted|p2a: Kingambit\n|-damage|p2a: Kingambit|0 fnt\n|-heal|p1a: Arboliva|24\/100|[from] drain|[of] p2a: Kingambit\n|faint|p2a: Kingambit\n|-end|p2a: Kingambit|fallen5|[silent]\n|\n|win|hhet\n|raw|hhet's rating: 1057 &rarr; <strong>1090<\/strong><br \/>(+33 for winning)\n|raw|morris94's rating: 1069 &rarr; <strong>1048<\/strong><br \/>(-21 for losing)\n","uploadtime":1700781092,"views":4,"p1id":"hhet","p2id":"morris94","formatid":"gen9ou","rating":1048,"private":0,"password":""}