{"id":"gen9ou-1989052194","p1":"ARIbro31","p2":"Youiy","format":"[Gen 9] OU","log":"|j|\u2606ARIbro31\n|j|\u2606Youiy\n|t:|1699806849\n|gametype|singles\n|player|p1|ARIbro31|palmer|1049\n|player|p2|Youiy|1|1017\n|teamsize|p1|6\n|teamsize|p2|6\n|gen|9\n|tier|[Gen 9] OU\n|rated|\n|rule|Sleep Clause Mod: Limit one foe put to sleep\n|rule|Species Clause: Limit one of each Pok\u00e9mon\n|rule|OHKO Clause: OHKO moves are banned\n|rule|Evasion Items Clause: Evasion items are banned\n|rule|Evasion Moves Clause: Evasion moves are banned\n|rule|Endless Battle Clause: Forcing endless battles is banned\n|rule|HP Percentage Mod: HP is shown in percentages\n|clearpoke\n|poke|p1|Tinkaton, F|\n|poke|p1|Samurott-Hisui, M|\n|poke|p1|Garchomp, M|\n|poke|p1|Toxapex, F|\n|poke|p1|Rotom-Wash|\n|poke|p1|Great Tusk|\n|poke|p2|Alomomola, F|\n|poke|p2|Slowking-Galar, F|\n|poke|p2|Kingambit, F|\n|poke|p2|Great Tusk|\n|poke|p2|Cinderace, F|\n|poke|p2|Thundurus-Therian, M|\n|teampreview\n|\n|t:|1699806856\n|start\n|switch|p1a: Samurott|Samurott-Hisui, M|100\/100\n|switch|p2a: Alomomola|Alomomola, F|100\/100\n|turn|1\n|\n|t:|1699806863\n|move|p1a: Samurott|Ceaseless Edge|p2a: Alomomola\n|-damage|p2a: Alomomola|78\/100\n|-sidestart|p2: Youiy|Spikes\n|-enditem|p2a: Alomomola|Red Card|[of] p1a: Samurott\n|drag|p1a: Garchomp|Garchomp, M|100\/100\n|move|p2a: Alomomola|Scald|p1a: Garchomp\n|-damage|p1a: Garchomp|86\/100\n|-status|p1a: Garchomp|brn\n|\n|-damage|p1a: Garchomp|80\/100 brn|[from] brn\n|upkeep\n|turn|2\n|\n|t:|1699806878\n|move|p1a: Garchomp|Outrage|p2a: Alomomola\n|-damage|p2a: Alomomola|47\/100\n|move|p2a: Alomomola|Flip Turn|p1a: Garchomp\n|-damage|p1a: Garchomp|64\/100 brn\n|-damage|p2a: Alomomola|34\/100|[from] ability: Rough Skin|[of] p1a: Garchomp\n|\n|t:|1699806888\n|switch|p2a: Great Tusk|Great Tusk|100\/100|[from] Flip Turn\n|-damage|p2a: Great Tusk|88\/100|[from] Spikes\n|\n|-damage|p1a: Garchomp|57\/100 brn|[from] brn\n|upkeep\n|turn|3\n|\n|t:|1699806893\n|move|p1a: Garchomp|Outrage|p2a: Great Tusk|[from]lockedmove\n|-damage|p2a: Great Tusk|48\/100\n|-damage|p1a: Garchomp|41\/100 brn|[from] item: Rocky Helmet|[of] p2a: Great Tusk\n|-start|p1a: Garchomp|confusion|[fatigue]\n|move|p2a: Great Tusk|Ice Spinner|p1a: Garchomp\n|-supereffective|p1a: Garchomp\n|-damage|p1a: Garchomp|0 fnt\n|-damage|p2a: Great Tusk|35\/100|[from] ability: Rough Skin|[of] p1a: Garchomp\n|faint|p1a: Garchomp\n|\n|upkeep\n|\n|t:|1699806911\n|switch|p1a: Samurott|Samurott-Hisui, M|100\/100\n|turn|4\n|\n|t:|1699806918\n|-end|p2a: Great Tusk|Protosynthesis|[silent]\n|switch|p2a: Alomomola|Alomomola, F|68\/100\n|-damage|p2a: Alomomola|55\/100|[from] Spikes\n|move|p1a: Samurott|Ceaseless Edge|p2a: Alomomola\n|-damage|p2a: Alomomola|32\/100\n|-sidestart|p2: Youiy|Spikes\n|\n|upkeep\n|turn|5\n|inactive|Battle timer is ON: inactive players will automatically lose when time's up. (requested by Youiy)\n|l|\u2606Youiy\n|inactive|Youiy disconnected and has a minute to reconnect!\n|player|p2|\n|\n|t:|1699806962\n|move|p1a: Samurott|Ceaseless Edge|p2a: Alomomola\n|-damage|p2a: Alomomola|10\/100\n|-sidestart|p2: Youiy|Spikes\n|move|p2a: Alomomola|Wish|p2a: Alomomola\n|\n|upkeep\n|turn|6\n|j|\u2606Youiy\n|inactive|Youiy reconnected and has 135 seconds left.\n|player|p2|Youiy|1\n|\n|t:|1699806983\n|switch|p2a: Great Tusk|Great Tusk|35\/100\n|-damage|p2a: Great Tusk|10\/100|[from] Spikes\n|move|p1a: Samurott|Ceaseless Edge|p2a: Great Tusk|[miss]\n|-miss|p1a: Samurott|p2a: Great Tusk\n|\n|-heal|p2a: Great Tusk|74\/100|[from] move: Wish|[wisher] Alomomola\n|upkeep\n|turn|7\n|c|\u2606ARIbro31|WOW\n|\n|t:|1699807001\n|-terastallize|p1a: Samurott|Fighting\n|move|p2a: Great Tusk|Rapid Spin|p1a: Samurott\n|-damage|p1a: Samurott|78\/100\n|-boost|p2a: Great Tusk|spe|1\n|-sideend|p2: Youiy|Spikes|[from] move: Rapid Spin|[of] p2a: Great Tusk\n|move|p1a: Samurott|Aqua Cutter|p2a: Great Tusk\n|-supereffective|p2a: Great Tusk\n|-damage|p2a: Great Tusk|14\/100\n|\n|-heal|p1a: Samurott|85\/100|[from] item: Leftovers\n|upkeep\n|turn|8\n|\n|t:|1699807014\n|-end|p2a: Great Tusk|Protosynthesis|[silent]\n|switch|p2a: Alomomola|Alomomola, F|43\/100\n|move|p1a: Samurott|Aqua Cutter|p2a: Alomomola\n|-resisted|p2a: Alomomola\n|-damage|p2a: Alomomola|31\/100\n|\n|-heal|p1a: Samurott|91\/100|[from] item: Leftovers\n|upkeep\n|turn|9\n|\n|t:|1699807022\n|move|p1a: Samurott|Swords Dance|p1a: Samurott\n|-boost|p1a: Samurott|atk|2\n|move|p2a: Alomomola|Wish|p2a: Alomomola\n|\n|-heal|p1a: Samurott|97\/100|[from] item: Leftovers\n|upkeep\n|turn|10\n|\n|t:|1699807026\n|move|p1a: Samurott|Swords Dance|p1a: Samurott\n|-boost|p1a: Samurott|atk|2\n|move|p2a: Alomomola|Scald|p1a: Samurott\n|-damage|p1a: Samurott|77\/100\n|\n|-heal|p2a: Alomomola|81\/100|[from] move: Wish|[wisher] Alomomola\n|-heal|p1a: Samurott|83\/100|[from] item: Leftovers\n|upkeep\n|turn|11\n|\n|t:|1699807037\n|switch|p2a: Thundurus|Thundurus-Therian, M|100\/100\n|move|p1a: Samurott|Swords Dance|p1a: Samurott\n|-boost|p1a: Samurott|atk|2\n|\n|-heal|p1a: Samurott|89\/100|[from] item: Leftovers\n|upkeep\n|turn|12\n|\n|t:|1699807048\n|-terastallize|p2a: Thundurus|Flying\n|move|p2a: Thundurus|Tera Blast|p1a: Samurott|[anim] Tera Blast Flying\n|-supereffective|p1a: Samurott\n|-damage|p1a: Samurott|0 fnt\n|faint|p1a: Samurott\n|\n|upkeep\n|\n|t:|1699807055\n|switch|p1a: Rotom|Rotom-Wash|100\/100\n|turn|13\n|\n|t:|1699807059\n|move|p2a: Thundurus|Tera Blast|p1a: Rotom|[anim] Tera Blast Flying\n|-resisted|p1a: Rotom\n|-damage|p1a: Rotom|45\/100\n|move|p1a: Rotom|Thunderbolt|p2a: Thundurus\n|-immune|p2a: Thundurus|[from] ability: Volt Absorb\n|\n|upkeep\n|turn|14\n|n|!ARIbro31|aribro31\n|-message|ARIbro31 forfeited.\n|\n|win|Youiy\n|raw|ARIbro31's rating: 1049 &rarr; <strong>1030<\/strong><br \/>(-19 for losing)\n|raw|Youiy's rating: 1017 &rarr; <strong>1058<\/strong><br \/>(+41 for winning)\n","uploadtime":1699807076,"views":19,"p1id":"aribro31","p2id":"youiy","formatid":"gen9ou","rating":1030,"private":0,"password":""}