{"id":"gen9ou-1989893596","p1":"HomeRunCJYT","p2":"bobby1245","format":"[Gen 9] OU","log":"|j|\u2606HomeRunCJYT\n|j|\u2606bobby1245\n|t:|1699904538\n|gametype|singles\n|player|p1|HomeRunCJYT|plasmagrunt|1260\n|player|p2|bobby1245|101|1155\n|teamsize|p1|6\n|teamsize|p2|6\n|gen|9\n|tier|[Gen 9] OU\n|rated|\n|rule|Sleep Clause Mod: Limit one foe put to sleep\n|rule|Species Clause: Limit one of each Pok\u00e9mon\n|rule|OHKO Clause: OHKO moves are banned\n|rule|Evasion Items Clause: Evasion items are banned\n|rule|Evasion Moves Clause: Evasion moves are banned\n|rule|Endless Battle Clause: Forcing endless battles is banned\n|rule|HP Percentage Mod: HP is shown in percentages\n|clearpoke\n|poke|p1|Cresselia, F|\n|poke|p1|Orthworm, M|\n|poke|p1|Flamigo, M|\n|poke|p1|Diancie|\n|poke|p1|Lumineon, M|\n|poke|p1|Kingambit, F|\n|poke|p2|Great Tusk|\n|poke|p2|Ogerpon-Wellspring, F|\n|poke|p2|Skeledirge, F|\n|poke|p2|Iron Hands|\n|poke|p2|Walking Wake|\n|poke|p2|Clefable, M|\n|teampreview\n|inactive|Battle timer is ON: inactive players will automatically lose when time's up. (requested by bobby1245)\n|\n|t:|1699904549\n|start\n|switch|p1a: Lumineon|Lumineon, M|100\/100\n|switch|p2a: Skeledirge|Skeledirge, F|100\/100\n|turn|1\n|\n|t:|1699904556\n|switch|p2a: Ogerpon|Ogerpon-Wellspring, F|100\/100\n|move|p1a: Lumineon|Tailwind|p1a: Lumineon\n|-sidestart|p1: HomeRunCJYT|move: Tailwind\n|\n|upkeep\n|turn|2\n|\n|t:|1699904561\n|move|p1a: Lumineon|Charm|p2a: Ogerpon\n|-unboost|p2a: Ogerpon|atk|2\n|move|p2a: Ogerpon|Horn Leech|p1a: Lumineon\n|-supereffective|p1a: Lumineon\n|-crit|p1a: Lumineon\n|-damage|p1a: Lumineon|0 fnt\n|faint|p1a: Lumineon\n|\n|upkeep\n|\n|t:|1699904568\n|switch|p1a: Flamigo|Flamigo, M|100\/100\n|turn|3\n|c|\u2606bobby1245|rip\n|\n|t:|1699904573\n|switch|p2a: Skeledirge|Skeledirge, F|100\/100\n|move|p1a: Flamigo|Acrobatics|p2a: Skeledirge\n|-damage|p2a: Skeledirge|81\/100\n|\n|upkeep\n|turn|4\n|\n|t:|1699904578\n|move|p1a: Flamigo|Close Combat|p2a: Skeledirge\n|-damage|p2a: Skeledirge|37\/100\n|-unboost|p1a: Flamigo|def|1\n|-unboost|p1a: Flamigo|spd|1\n|move|p2a: Skeledirge|Torch Song|p1a: Flamigo\n|-damage|p1a: Flamigo|55\/100\n|-boost|p2a: Skeledirge|spa|1\n|\n|-sideend|p1: HomeRunCJYT|move: Tailwind\n|upkeep\n|turn|5\n|\n|t:|1699904587\n|switch|p2a: Clefable|Clefable, M|100\/100\n|move|p1a: Flamigo|Close Combat|p2a: Clefable\n|-resisted|p2a: Clefable\n|-damage|p2a: Clefable|79\/100\n|-unboost|p1a: Flamigo|def|1\n|-unboost|p1a: Flamigo|spd|1\n|\n|-heal|p2a: Clefable|86\/100|[from] item: Leftovers\n|upkeep\n|turn|6\n|\n|t:|1699904592\n|move|p1a: Flamigo|Taunt|p2a: Clefable\n|-start|p2a: Clefable|move: Taunt\n|move|p2a: Clefable|Moonblast|p1a: Flamigo\n|-supereffective|p1a: Flamigo\n|-damage|p1a: Flamigo|0 fnt\n|faint|p1a: Flamigo\n|\n|-heal|p2a: Clefable|92\/100|[from] item: Leftovers\n|upkeep\n|\n|t:|1699904597\n|switch|p1a: Orthworm|Orthworm, M|100\/100\n|turn|7\n|\n|t:|1699904600\n|switch|p2a: Skeledirge|Skeledirge, F|37\/100\n|move|p1a: Orthworm|Iron Defense|p1a: Orthworm\n|-boost|p1a: Orthworm|def|2\n|\n|upkeep\n|turn|8\n|\n|t:|1699904606\n|move|p2a: Skeledirge|Torch Song|p1a: Orthworm\n|-supereffective|p1a: Orthworm\n|-damage|p1a: Orthworm|36\/100\n|-boost|p2a: Skeledirge|spa|1\n|move|p1a: Orthworm|Stealth Rock|p2a: Skeledirge\n|-sidestart|p2: bobby1245|move: Stealth Rock\n|\n|-heal|p1a: Orthworm|42\/100|[from] item: Leftovers\n|upkeep\n|turn|9\n|\n|t:|1699904610\n|move|p2a: Skeledirge|Slack Off|p2a: Skeledirge\n|-heal|p2a: Skeledirge|88\/100\n|move|p1a: Orthworm|Body Press|p2a: Skeledirge\n|-immune|p2a: Skeledirge\n|\n|-heal|p1a: Orthworm|48\/100|[from] item: Leftovers\n|upkeep\n|turn|10\n|\n|t:|1699904617\n|move|p2a: Skeledirge|Torch Song|p1a: Orthworm\n|-supereffective|p1a: Orthworm\n|-damage|p1a: Orthworm|0 fnt\n|-boost|p2a: Skeledirge|spa|1\n|faint|p1a: Orthworm\n|\n|upkeep\n|\n|t:|1699904621\n|switch|p1a: Diancie|Diancie|100\/100\n|turn|11\n|\n|t:|1699904625\n|move|p2a: Skeledirge|Earth Power|p1a: Diancie\n|-supereffective|p1a: Diancie\n|-damage|p1a: Diancie|55\/100\n|move|p1a: Diancie|Diamond Storm|p2a: Skeledirge\n|-supereffective|p2a: Skeledirge\n|-crit|p2a: Skeledirge\n|-damage|p2a: Skeledirge|0 fnt\n|faint|p2a: Skeledirge\n|\n|upkeep\n|\n|t:|1699904630\n|switch|p2a: Walking Wake|Walking Wake|100\/100\n|-damage|p2a: Walking Wake|88\/100|[from] Stealth Rock\n|turn|12\n|\n|t:|1699904637\n|-terastallize|p1a: Diancie|Steel\n|move|p2a: Walking Wake|Hydro Steam|p1a: Diancie\n|-damage|p1a: Diancie|22\/100\n|move|p1a: Diancie|Diamond Storm|p2a: Walking Wake|[miss]\n|-miss|p1a: Diancie|p2a: Walking Wake\n|\n|upkeep\n|turn|13\n|\n|t:|1699904645\n|switch|p1a: Cresselia|Cresselia, F|100\/100\n|move|p2a: Walking Wake|Hydro Steam|p1a: Cresselia\n|-damage|p1a: Cresselia|64\/100\n|\n|-heal|p1a: Cresselia|70\/100|[from] item: Leftovers\n|upkeep\n|turn|14\n|\n|t:|1699904649\n|-end|p2a: Walking Wake|Protosynthesis|[silent]\n|switch|p2a: Great Tusk|Great Tusk|100\/100\n|-damage|p2a: Great Tusk|98\/100|[from] Stealth Rock\n|move|p1a: Cresselia|Calm Mind|p1a: Cresselia\n|-boost|p1a: Cresselia|spa|1\n|-boost|p1a: Cresselia|spd|1\n|\n|-heal|p2a: Great Tusk|100\/100|[from] item: Leftovers\n|-heal|p1a: Cresselia|76\/100|[from] item: Leftovers\n|upkeep\n|turn|15\n|\n|t:|1699904655\n|move|p2a: Great Tusk|Knock Off|p1a: Cresselia\n|-supereffective|p1a: Cresselia\n|-damage|p1a: Cresselia|33\/100\n|-enditem|p1a: Cresselia|Leftovers|[from] move: Knock Off|[of] p2a: Great Tusk\n|move|p1a: Cresselia|Moonlight|p1a: Cresselia\n|-heal|p1a: Cresselia|83\/100\n|\n|upkeep\n|turn|16\n|\n|t:|1699904660\n|move|p2a: Great Tusk|Rapid Spin|p1a: Cresselia\n|-damage|p1a: Cresselia|72\/100\n|-boost|p2a: Great Tusk|spe|1\n|-sideend|p2: bobby1245|Stealth Rock|[from] move: Rapid Spin|[of] p2a: Great Tusk\n|move|p1a: Cresselia|Calm Mind|p1a: Cresselia\n|-boost|p1a: Cresselia|spa|1\n|-boost|p1a: Cresselia|spd|1\n|\n|upkeep\n|turn|17\n|\n|t:|1699904665\n|move|p2a: Great Tusk|Bulk Up|p2a: Great Tusk\n|-boost|p2a: Great Tusk|atk|1\n|-boost|p2a: Great Tusk|def|1\n|move|p1a: Cresselia|Moonlight|p1a: Cresselia\n|-heal|p1a: Cresselia|100\/100\n|\n|upkeep\n|turn|18\n|\n|t:|1699904671\n|move|p2a: Great Tusk|Knock Off|p1a: Cresselia\n|-supereffective|p1a: Cresselia\n|-damage|p1a: Cresselia|63\/100\n|move|p1a: Cresselia|Psychic|p2a: Great Tusk\n|-supereffective|p2a: Great Tusk\n|-damage|p2a: Great Tusk|0 fnt\n|faint|p2a: Great Tusk\n|-end|p2a: Great Tusk|Protosynthesis|[silent]\n|\n|upkeep\n|\n|t:|1699904676\n|switch|p2a: Ogerpon|Ogerpon-Wellspring, F|100\/100\n|turn|19\n|\n|t:|1699904678\n|move|p2a: Ogerpon|U-turn|p1a: Cresselia\n|-supereffective|p1a: Cresselia\n|-damage|p1a: Cresselia|22\/100\n|\n|t:|1699904683\n|switch|p2a: Clefable|Clefable, M|92\/100|[from] U-turn\n|move|p1a: Cresselia|Psychic|p2a: Clefable\n|-damage|p2a: Clefable|26\/100\n|\n|-heal|p2a: Clefable|32\/100|[from] item: Leftovers\n|upkeep\n|turn|20\n|\n|t:|1699904698\n|move|p1a: Cresselia|Moonlight|p1a: Cresselia\n|-heal|p1a: Cresselia|72\/100\n|move|p2a: Clefable|Knock Off|p1a: Cresselia\n|-supereffective|p1a: Cresselia\n|-damage|p1a: Cresselia|57\/100\n|\n|-heal|p2a: Clefable|38\/100|[from] item: Leftovers\n|upkeep\n|turn|21\n|\n|t:|1699904704\n|move|p1a: Cresselia|Calm Mind|p1a: Cresselia\n|-boost|p1a: Cresselia|spa|1\n|-boost|p1a: Cresselia|spd|1\n|move|p2a: Clefable|Stealth Rock|p1a: Cresselia\n|-sidestart|p1: HomeRunCJYT|move: Stealth Rock\n|\n|-heal|p2a: Clefable|44\/100|[from] item: Leftovers\n|upkeep\n|turn|22\n|\n|t:|1699904709\n|switch|p2a: Ogerpon|Ogerpon-Wellspring, F|100\/100\n|move|p1a: Cresselia|Calm Mind|p1a: Cresselia\n|-boost|p1a: Cresselia|spa|1\n|-boost|p1a: Cresselia|spd|1\n|\n|upkeep\n|turn|23\n|\n|t:|1699904714\n|move|p2a: Ogerpon|U-turn|p1a: Cresselia\n|-supereffective|p1a: Cresselia\n|-damage|p1a: Cresselia|16\/100\n|\n|t:|1699904719\n|switch|p2a: Clefable|Clefable, M|44\/100|[from] U-turn\n|move|p1a: Cresselia|Moonlight|p1a: Cresselia\n|-heal|p1a: Cresselia|66\/100\n|\n|-heal|p2a: Clefable|50\/100|[from] item: Leftovers\n|upkeep\n|turn|24\n|\n|t:|1699904722\n|move|p1a: Cresselia|Moonlight|p1a: Cresselia\n|-heal|p1a: Cresselia|100\/100\n|move|p2a: Clefable|Moonlight|p2a: Clefable\n|-heal|p2a: Clefable|100\/100\n|\n|upkeep\n|turn|25\n|\n|t:|1699904727\n|move|p1a: Cresselia|Moonblast|p2a: Clefable\n|-crit|p2a: Clefable\n|-damage|p2a: Clefable|3\/100\n|-unboost|p2a: Clefable|spa|1\n|move|p2a: Clefable|Moonblast|p1a: Cresselia\n|-damage|p1a: Cresselia|96\/100\n|\n|-heal|p2a: Clefable|9\/100|[from] item: Leftovers\n|upkeep\n|turn|26\n|\n|t:|1699904731\n|move|p1a: Cresselia|Moonblast|p2a: Clefable\n|-damage|p2a: Clefable|0 fnt\n|faint|p2a: Clefable\n|\n|upkeep\n|\n|t:|1699904736\n|switch|p2a: Ogerpon|Ogerpon-Wellspring, F|100\/100\n|turn|27\n|\n|t:|1699904739\n|move|p2a: Ogerpon|U-turn|p1a: Cresselia\n|-supereffective|p1a: Cresselia\n|-damage|p1a: Cresselia|55\/100\n|\n|t:|1699904741\n|switch|p2a: Walking Wake|Walking Wake|88\/100|[from] U-turn\n|move|p1a: Cresselia|Moonblast|p2a: Walking Wake\n|-supereffective|p2a: Walking Wake\n|-damage|p2a: Walking Wake|0 fnt\n|faint|p2a: Walking Wake\n|-end|p2a: Walking Wake|Protosynthesis|[silent]\n|\n|upkeep\n|\n|t:|1699904744\n|switch|p2a: Ogerpon|Ogerpon-Wellspring, F|100\/100\n|turn|28\n|\n|t:|1699904747\n|move|p2a: Ogerpon|U-turn|p1a: Cresselia\n|-supereffective|p1a: Cresselia\n|-damage|p1a: Cresselia|14\/100\n|\n|t:|1699904749\n|switch|p2a: Iron Hands|Iron Hands|100\/100|[from] U-turn\n|move|p1a: Cresselia|Moonlight|p1a: Cresselia\n|-heal|p1a: Cresselia|64\/100\n|\n|upkeep\n|turn|29\n|\n|t:|1699904752\n|move|p1a: Cresselia|Moonblast|p2a: Iron Hands\n|-supereffective|p2a: Iron Hands\n|-damage|p2a: Iron Hands|0 fnt\n|faint|p2a: Iron Hands\n|-end|p2a: Iron Hands|Quark Drive|[silent]\n|\n|upkeep\n|\n|t:|1699904755\n|switch|p2a: Ogerpon|Ogerpon-Wellspring, F|100\/100\n|turn|30\n|\n|t:|1699904758\n|-terastallize|p2a: Ogerpon|Water\n|detailschange|p2a: Ogerpon|Ogerpon-Wellspring-Tera, F, tera:Water\n|-ability|p2a: Ogerpon|Embody Aspect (Wellspring)|boost\n|-boost|p2a: Ogerpon|spd|1\n|move|p2a: Ogerpon|U-turn|p1a: Cresselia\n|-supereffective|p1a: Cresselia\n|-damage|p1a: Cresselia|28\/100\n|move|p1a: Cresselia|Moonblast|p2a: Ogerpon\n|-damage|p2a: Ogerpon|46\/100\n|\n|upkeep\n|turn|31\n|\n|t:|1699904765\n|move|p2a: Ogerpon|U-turn|p1a: Cresselia\n|-supereffective|p1a: Cresselia\n|-crit|p1a: Cresselia\n|-damage|p1a: Cresselia|0 fnt\n|faint|p1a: Cresselia\n|\n|upkeep\n|\n|t:|1699904768\n|switch|p1a: Kingambit|Kingambit, F|100\/100\n|-damage|p1a: Kingambit|94\/100|[from] Stealth Rock\n|-activate|p1a: Kingambit|ability: Supreme Overlord\n|-start|p1a: Kingambit|fallen4|[silent]\n|turn|32\n|\n|t:|1699904772\n|move|p1a: Kingambit|Sucker Punch|p2a: Ogerpon\n|-damage|p2a: Ogerpon|0 fnt\n|faint|p2a: Ogerpon\n|-damage|p1a: Kingambit|84\/100|[from] item: Life Orb\n|\n|win|HomeRunCJYT\n|raw|HomeRunCJYT's rating: 1260 &rarr; <strong>1278<\/strong><br \/>(+18 for winning)\n|raw|bobby1245's rating: 1155 &rarr; <strong>1137<\/strong><br \/>(-18 for losing)\n|l|\u2606bobby1245\n","uploadtime":1699904783,"views":19,"p1id":"homeruncjyt","p2id":"bobby1245","formatid":"gen9ou","rating":1137,"private":0,"password":""}