{"id":"gen9ou-1988573658","p1":"TrueSkyKing","p2":"MrexGamer","format":"[Gen 9] OU","log":"|j|\u2606TrueSkyKing\n|j|\u2606MrexGamer\n|t:|1699737640\n|gametype|singles\n|player|p1|TrueSkyKing|nate|1157\n|player|p2|MrexGamer|workerice|1089\n|teamsize|p1|6\n|teamsize|p2|6\n|gen|9\n|tier|[Gen 9] OU\n|rated|\n|rule|Sleep Clause Mod: Limit one foe put to sleep\n|rule|Species Clause: Limit one of each Pok\u00e9mon\n|rule|OHKO Clause: OHKO moves are banned\n|rule|Evasion Items Clause: Evasion items are banned\n|rule|Evasion Moves Clause: Evasion moves are banned\n|rule|Endless Battle Clause: Forcing endless battles is banned\n|rule|HP Percentage Mod: HP is shown in percentages\n|clearpoke\n|poke|p1|Ting-Lu|\n|poke|p1|Ribombee, F|\n|poke|p1|Skeledirge, F|\n|poke|p1|Great Tusk|\n|poke|p1|Gengar, M|\n|poke|p1|Quaquaval, F|\n|poke|p2|Iron Moth|\n|poke|p2|Spiritomb, F|\n|poke|p2|Sneasler, F|\n|poke|p2|Kommo-o, F|\n|poke|p2|Iron Treads|\n|poke|p2|Quaquaval, F|\n|teampreview\n|inactive|Battle timer is ON: inactive players will automatically lose when time's up. (requested by MrexGamer)\n|l|\u2606MrexGamer\n|inactive|MrexGamer disconnected and has a minute to reconnect!\n|player|p2|\n|j|\u2606MrexGamer\n|inactive|MrexGamer reconnected and has 110 seconds left.\n|player|p2|MrexGamer|workerice\n|\n|t:|1699737688\n|start\n|switch|p1a: Bee Gees|Ribombee, F|100\/100\n|switch|p2a: Quaquaval|Quaquaval, F|100\/100\n|turn|1\n|inactive|TrueSkyKing has 120 seconds left.\n|\n|t:|1699737737\n|move|p1a: Bee Gees|Stun Spore|p2a: Quaquaval\n|-status|p2a: Quaquaval|par\n|move|p2a: Quaquaval|Aqua Step|p1a: Bee Gees\n|-damage|p1a: Bee Gees|27\/100\n|-boost|p2a: Quaquaval|spe|1\n|\n|upkeep\n|turn|2\n|inactive|MrexGamer has 120 seconds left.\n|inactive|MrexGamer has 90 seconds left.\n|\n|t:|1699737798\n|move|p1a: Bee Gees|Skill Swap|p2a: Quaquaval\n|-activate|p1a: Bee Gees|move: Skill Swap|Moxie|Sweet Veil|[of] p2a: Quaquaval\n|cant|p2a: Quaquaval|par\n|\n|upkeep\n|turn|3\n|inactive|TrueSkyKing has 120 seconds left.\n|\n|t:|1699737808\n|move|p1a: Bee Gees|Sticky Web|p2a: Quaquaval\n|-sidestart|p2: MrexGamer|move: Sticky Web\n|move|p2a: Quaquaval|Aqua Step|p1a: Bee Gees\n|-damage|p1a: Bee Gees|0 fnt\n|-boost|p2a: Quaquaval|spe|1\n|faint|p1a: Bee Gees\n|\n|upkeep\n|\n|t:|1699737825\n|switch|p1a: Ricin|Gengar, M|100\/100\n|turn|4\n|\n|t:|1699737833\n|move|p1a: Ricin|Hex|p2a: Quaquaval\n|-damage|p2a: Quaquaval|0 fnt\n|faint|p2a: Quaquaval\n|\n|upkeep\n|\n|t:|1699737837\n|switch|p2a: Iron Treads|Iron Treads|100\/100\n|-activate|p2a: Iron Treads|move: Sticky Web\n|-unboost|p2a: Iron Treads|spe|1\n|turn|5\n|\n|t:|1699737839\n|move|p1a: Ricin|Will-O-Wisp|p2a: Iron Treads|[miss]\n|-miss|p1a: Ricin|p2a: Iron Treads\n|move|p2a: Iron Treads|Earthquake|p1a: Ricin\n|-supereffective|p1a: Ricin\n|-damage|p1a: Ricin|0 fnt\n|faint|p1a: Ricin\n|\n|upkeep\n|inactive|TrueSkyKing has 120 seconds left.\n|\n|t:|1699737856\n|switch|p1a: Oakland|Great Tusk|100\/100\n|turn|6\n|inactive|TrueSkyKing has 120 seconds left.\n|\n|t:|1699737863\n|move|p1a: Oakland|Headlong Rush|p2a: Iron Treads\n|-supereffective|p2a: Iron Treads\n|-damage|p2a: Iron Treads|0 fnt\n|-unboost|p1a: Oakland|def|1\n|-unboost|p1a: Oakland|spd|1\n|faint|p2a: Iron Treads\n|-end|p2a: Iron Treads|Quark Drive|[silent]\n|\n|upkeep\n|\n|t:|1699737873\n|switch|p2a: Spiritomb|Spiritomb, F|100\/100\n|-activate|p2a: Spiritomb|move: Sticky Web\n|-unboost|p2a: Spiritomb|spe|1\n|turn|7\n|\n|t:|1699737881\n|-end|p1a: Oakland|Protosynthesis|[silent]\n|switch|p1a: Monte Carlo|Skeledirge, F|100\/100\n|move|p2a: Spiritomb|Curse|p1a: Monte Carlo\n|-start|p1a: Monte Carlo|Curse|[of] p2a: Spiritomb\n|-damage|p2a: Spiritomb|51\/100\n|\n|-damage|p1a: Monte Carlo|75\/100|[from] Curse\n|upkeep\n|turn|8\n|\n|t:|1699737889\n|move|p2a: Spiritomb|Shadow Sneak|p1a: Monte Carlo\n|-supereffective|p1a: Monte Carlo\n|-crit|p1a: Monte Carlo\n|-damage|p1a: Monte Carlo|34\/100\n|move|p1a: Monte Carlo|Torch Song|p2a: Spiritomb\n|-damage|p2a: Spiritomb|18\/100\n|-boost|p1a: Monte Carlo|spa|1\n|-enditem|p2a: Spiritomb|Red Card|[of] p1a: Monte Carlo\n|drag|p1a: Maria Maria|Quaquaval, F|100\/100\n|\n|upkeep\n|turn|9\n|\n|t:|1699737900\n|move|p1a: Maria Maria|Aqua Step|p2a: Spiritomb\n|-damage|p2a: Spiritomb|0 fnt\n|-boost|p1a: Maria Maria|spe|1\n|faint|p2a: Spiritomb\n|-ability|p1a: Maria Maria|Moxie|boost\n|-boost|p1a: Maria Maria|atk|1\n|\n|upkeep\n|\n|t:|1699737908\n|switch|p2a: Sneasler|Sneasler, F|100\/100\n|-activate|p2a: Sneasler|move: Sticky Web\n|-unboost|p2a: Sneasler|spe|1\n|turn|10\n|l|\u2606TrueSkyKing\n|inactive|TrueSkyKing disconnected and has a minute to reconnect!\n|player|p1|\n|j|\u2606TrueSkyKing\n|inactive|TrueSkyKing reconnected and has 120 seconds left.\n|player|p1|TrueSkyKing|nate\n|\n|t:|1699737941\n|-terastallize|p1a: Maria Maria|Water\n|move|p1a: Maria Maria|Aqua Step|p2a: Sneasler\n|-damage|p2a: Sneasler|0 fnt\n|-boost|p1a: Maria Maria|spe|1\n|faint|p2a: Sneasler\n|-ability|p1a: Maria Maria|Moxie|boost\n|-boost|p1a: Maria Maria|atk|1\n|\n|upkeep\n|inactive|MrexGamer has 120 seconds left.\n|\n|t:|1699737983\n|switch|p2a: Kommo-o|Kommo-o, F|100\/100\n|-activate|p2a: Kommo-o|move: Sticky Web\n|-unboost|p2a: Kommo-o|spe|1\n|turn|11\n|inactive|TrueSkyKing has 120 seconds left.\n|\n|t:|1699738000\n|-terastallize|p2a: Kommo-o|Fairy\n|move|p1a: Maria Maria|Ice Spinner|p2a: Kommo-o\n|-damage|p2a: Kommo-o|50\/100\n|move|p2a: Kommo-o|Clangorous Soul|p2a: Kommo-o\n|-boost|p2a: Kommo-o|atk|1\n|-boost|p2a: Kommo-o|def|1\n|-boost|p2a: Kommo-o|spa|1\n|-boost|p2a: Kommo-o|spd|1\n|-boost|p2a: Kommo-o|spe|1\n|-damage|p2a: Kommo-o|17\/100\n|-enditem|p2a: Kommo-o|Throat Spray\n|-boost|p2a: Kommo-o|spa|1|[from] item: Throat Spray\n|\n|upkeep\n|turn|12\n|inactive|TrueSkyKing has 120 seconds left.\n|inactive|MrexGamer has 120 seconds left.\n|\n|t:|1699738011\n|move|p2a: Kommo-o|Vacuum Wave|p1a: Maria Maria\n|-damage|p1a: Maria Maria|69\/100\n|move|p1a: Maria Maria|Aqua Step|p2a: Kommo-o\n|-damage|p2a: Kommo-o|0 fnt\n|-boost|p1a: Maria Maria|spe|1\n|faint|p2a: Kommo-o\n|-ability|p1a: Maria Maria|Moxie|boost\n|-boost|p1a: Maria Maria|atk|1\n|\n|upkeep\n|-message|MrexGamer forfeited.\n|\n|win|TrueSkyKing\n|raw|TrueSkyKing's rating: 1157 &rarr; <strong>1177<\/strong><br \/>(+20 for winning)\n|raw|MrexGamer's rating: 1089 &rarr; <strong>1070<\/strong><br \/>(-19 for losing)\n|l|\u2606MrexGamer\n","uploadtime":1699738021,"views":16,"p1id":"trueskyking","p2id":"mrexgamer","formatid":"gen9ou","rating":1070,"private":0,"password":""}