{"id":"gen9ou-1997328697","p1":"manuelpro123","p2":"KannaKiae","format":"[Gen 9] OU","log":"|j|\u2606manuelpro123\n|j|\u2606KannaKiae\n|t:|1700790043\n|gametype|singles\n|player|p1|manuelpro123|1|1376\n|player|p2|KannaKiae|pokemaniac|1325\n|teamsize|p1|6\n|teamsize|p2|6\n|gen|9\n|tier|[Gen 9] OU\n|rated|\n|rule|Sleep Clause Mod: Limit one foe put to sleep\n|rule|Species Clause: Limit one of each Pok\u00e9mon\n|rule|OHKO Clause: OHKO moves are banned\n|rule|Evasion Items Clause: Evasion items are banned\n|rule|Evasion Moves Clause: Evasion moves are banned\n|rule|Endless Battle Clause: Forcing endless battles is banned\n|rule|HP Percentage Mod: HP is shown in percentages\n|clearpoke\n|poke|p1|Dragapult, F|\n|poke|p1|Ribombee, M|\n|poke|p1|Great Tusk|\n|poke|p1|Dondozo, M|\n|poke|p1|Muk-Alola, F|\n|poke|p1|Landorus-Therian, M|\n|poke|p2|Ogerpon-Wellspring, F|\n|poke|p2|Gholdengo|\n|poke|p2|Kingambit, M|\n|poke|p2|Zamazenta-*|\n|poke|p2|Enamorus, F|\n|poke|p2|Meowscarada, F|\n|teampreview\n|inactive|Battle timer is ON: inactive players will automatically lose when time's up. (requested by manuelpro123)\n|\n|t:|1700790061\n|start\n|switch|p1a: Ribombee|Ribombee, M|100\/100\n|switch|p2a: Gholdengo|Gholdengo|100\/100\n|-item|p2a: Gholdengo|Air Balloon\n|turn|1\n|\n|t:|1700790068\n|move|p1a: Ribombee|Sticky Web|p2a: Gholdengo\n|-sidestart|p2: KannaKiae|move: Sticky Web\n|move|p2a: Gholdengo|Make It Rain|p1a: Ribombee\n|-supereffective|p1a: Ribombee\n|-enditem|p1a: Ribombee|Focus Sash\n|-damage|p1a: Ribombee|1\/100\n|-unboost|p2a: Gholdengo|spa|1\n|\n|upkeep\n|turn|2\n|\n|t:|1700790073\n|move|p1a: Ribombee|Moonblast|p2a: Gholdengo\n|-resisted|p2a: Gholdengo\n|-damage|p2a: Gholdengo|79\/100\n|-enditem|p2a: Gholdengo|Air Balloon\n|move|p2a: Gholdengo|Shadow Ball|p1a: Ribombee\n|-damage|p1a: Ribombee|0 fnt\n|faint|p1a: Ribombee\n|\n|upkeep\n|\n|t:|1700790085\n|switch|p1a: Muk|Muk-Alola, F|100\/100\n|turn|3\n|\n|t:|1700790097\n|switch|p2a: Zamazenta|Zamazenta|100\/100\n|-activate|p2a: Zamazenta|move: Sticky Web\n|-unboost|p2a: Zamazenta|spe|1\n|-ability|p2a: Zamazenta|Dauntless Shield|boost\n|-boost|p2a: Zamazenta|def|1\n|move|p1a: Muk|Toxic|p2a: Zamazenta\n|-status|p2a: Zamazenta|tox\n|\n|-damage|p2a: Zamazenta|94\/100 tox|[from] psn\n|upkeep\n|turn|4\n|\n|t:|1700790107\n|switch|p1a: Dondozo|Dondozo, M|100\/100\n|move|p2a: Zamazenta|Iron Defense|p2a: Zamazenta\n|-boost|p2a: Zamazenta|def|2\n|\n|-heal|p2a: Zamazenta|100\/100 tox|[from] item: Leftovers\n|-damage|p2a: Zamazenta|88\/100 tox|[from] psn\n|upkeep\n|turn|5\n|\n|t:|1700790121\n|switch|p2a: Gholdengo|Gholdengo|79\/100\n|-activate|p2a: Gholdengo|move: Sticky Web\n|-unboost|p2a: Gholdengo|spe|1\n|move|p1a: Dondozo|Body Press|p2a: Gholdengo\n|-immune|p2a: Gholdengo\n|\n|upkeep\n|turn|6\n|\n|t:|1700790132\n|switch|p1a: Muk|Muk-Alola, F|100\/100\n|move|p2a: Gholdengo|Shadow Ball|p1a: Muk\n|-resisted|p1a: Muk\n|-damage|p1a: Muk|87\/100\n|-unboost|p1a: Muk|spd|1\n|\n|-heal|p1a: Muk|93\/100|[from] item: Leftovers\n|upkeep\n|turn|7\n|\n|t:|1700790140\n|switch|p2a: Zamazenta|Zamazenta|88\/100 tox\n|-activate|p2a: Zamazenta|move: Sticky Web\n|-unboost|p2a: Zamazenta|spe|1\n|move|p1a: Muk|Knock Off|p2a: Zamazenta\n|-resisted|p2a: Zamazenta\n|-damage|p2a: Zamazenta|75\/100 tox\n|-enditem|p2a: Zamazenta|Leftovers|[from] move: Knock Off|[of] p1a: Muk\n|\n|-heal|p1a: Muk|99\/100|[from] item: Leftovers\n|-damage|p2a: Zamazenta|69\/100 tox|[from] psn\n|upkeep\n|turn|8\n|\n|t:|1700790151\n|switch|p1a: Dondozo|Dondozo, M|100\/100\n|move|p2a: Zamazenta|Body Press|p1a: Dondozo\n|-damage|p1a: Dondozo|83\/100\n|\n|-damage|p2a: Zamazenta|56\/100 tox|[from] psn\n|upkeep\n|turn|9\n|\n|t:|1700790174\n|switch|p2a: Gholdengo|Gholdengo|79\/100\n|-activate|p2a: Gholdengo|move: Sticky Web\n|-unboost|p2a: Gholdengo|spe|1\n|move|p1a: Dondozo|Body Press|p2a: Gholdengo\n|-immune|p2a: Gholdengo\n|\n|upkeep\n|turn|10\n|inactive|KannaKiae has 120 seconds left.\n|\n|t:|1700790198\n|switch|p2a: Ogerpon|Ogerpon-Wellspring, F|100\/100\n|-activate|p2a: Ogerpon|move: Sticky Web\n|-unboost|p2a: Ogerpon|spe|1\n|switch|p1a: Muk|Muk-Alola, F|99\/100\n|\n|-heal|p1a: Muk|100\/100|[from] item: Leftovers\n|upkeep\n|turn|11\n|inactive|KannaKiae has 120 seconds left.\n|\n|t:|1700790221\n|move|p2a: Ogerpon|Swords Dance|p2a: Ogerpon\n|-boost|p2a: Ogerpon|atk|2\n|move|p1a: Muk|Toxic|p2a: Ogerpon\n|-status|p2a: Ogerpon|tox\n|\n|-damage|p2a: Ogerpon|95\/100 tox|[from] psn\n|upkeep\n|turn|12\n|inactive|KannaKiae has 120 seconds left.\n|\n|t:|1700790235\n|move|p1a: Muk|Protect|p1a: Muk\n|-singleturn|p1a: Muk|Protect\n|move|p2a: Ogerpon|Ivy Cudgel|p1a: Muk|[anim] Ivy Cudgel Water\n|-activate|p1a: Muk|move: Protect\n|\n|-damage|p2a: Ogerpon|83\/100 tox|[from] psn\n|upkeep\n|turn|13\n|\n|t:|1700790239\n|switch|p1a: Dragapult|Dragapult, F|100\/100\n|move|p2a: Ogerpon|Ivy Cudgel|p1a: Dragapult|[anim] Ivy Cudgel Water\n|-resisted|p1a: Dragapult\n|-damage|p1a: Dragapult|30\/100\n|\n|-heal|p1a: Dragapult|36\/100|[from] item: Leftovers\n|-damage|p2a: Ogerpon|65\/100 tox|[from] psn\n|upkeep\n|turn|14\n|\n|t:|1700790249\n|move|p1a: Dragapult|Dragon Darts|p2a: Ogerpon\n|-damage|p2a: Ogerpon|30\/100 tox\n|-anim|p1a: Dragapult|Dragon Darts|p2a: Ogerpon\n|-damage|p2a: Ogerpon|0 fnt\n|faint|p2a: Ogerpon\n|\n|-heal|p1a: Dragapult|42\/100|[from] item: Leftovers\n|upkeep\n|\n|t:|1700790263\n|switch|p2a: Gholdengo|Gholdengo|79\/100\n|-activate|p2a: Gholdengo|move: Sticky Web\n|-unboost|p2a: Gholdengo|spe|1\n|turn|15\n|\n|t:|1700790271\n|switch|p1a: Muk|Muk-Alola, F|100\/100\n|switch|p2a: Enamorus|Enamorus, F|100\/100\n|\n|upkeep\n|turn|16\n|\n|t:|1700790295\n|move|p1a: Muk|Protect|p1a: Muk\n|-singleturn|p1a: Muk|Protect\n|move|p2a: Enamorus|Earth Power|p1a: Muk\n|-activate|p1a: Muk|move: Protect\n|\n|upkeep\n|turn|17\n|\n|t:|1700790306\n|switch|p1a: Landorus|Landorus-Therian, M|100\/100\n|-ability|p1a: Landorus|Intimidate|boost\n|-boost|p2a: Enamorus|atk|1\n|move|p2a: Enamorus|Earth Power|p1a: Landorus\n|-immune|p1a: Landorus\n|\n|upkeep\n|turn|18\n|inactive|KannaKiae has 120 seconds left.\n|\n|t:|1700790334\n|switch|p2a: Zamazenta|Zamazenta|56\/100 tox\n|-activate|p2a: Zamazenta|move: Sticky Web\n|-unboost|p2a: Zamazenta|spe|1\n|move|p1a: Landorus|Sludge Bomb|p2a: Zamazenta\n|-damage|p2a: Zamazenta|32\/100 tox\n|\n|-damage|p2a: Zamazenta|25\/100 tox|[from] psn\n|upkeep\n|turn|19\n|\n|t:|1700790343\n|switch|p2a: Enamorus|Enamorus, F|100\/100\n|move|p1a: Landorus|Earth Power|p2a: Enamorus\n|-immune|p2a: Enamorus\n|\n|upkeep\n|turn|20\n|\n|t:|1700790372\n|move|p2a: Enamorus|Moonblast|p1a: Landorus\n|-damage|p1a: Landorus|33\/100\n|move|p1a: Landorus|Sludge Bomb|p2a: Enamorus\n|-supereffective|p2a: Enamorus\n|-damage|p2a: Enamorus|23\/100\n|-status|p2a: Enamorus|psn\n|\n|-heal|p1a: Landorus|39\/100|[from] item: Leftovers\n|-damage|p2a: Enamorus|11\/100 psn|[from] psn\n|upkeep\n|turn|21\n|\n|t:|1700790386\n|switch|p1a: Muk|Muk-Alola, F|100\/100\n|move|p2a: Enamorus|Moonblast|p1a: Muk\n|-damage|p1a: Muk|69\/100\n|\n|-heal|p1a: Muk|75\/100|[from] item: Leftovers\n|-damage|p2a: Enamorus|0 fnt|[from] psn\n|faint|p2a: Enamorus\n|upkeep\n|\n|t:|1700790395\n|switch|p2a: Kingambit|Kingambit, M|100\/100\n|-activate|p2a: Kingambit|move: Sticky Web\n|-unboost|p2a: Kingambit|spe|1\n|-activate|p2a: Kingambit|ability: Supreme Overlord\n|-start|p2a: Kingambit|fallen2|[silent]\n|turn|22\n|\n|t:|1700790402\n|move|p1a: Muk|Drain Punch|p2a: Kingambit\n|-supereffective|p2a: Kingambit\n|-damage|p2a: Kingambit|50\/100\n|-heal|p1a: Muk|99\/100|[from] drain|[of] p2a: Kingambit\n|move|p2a: Kingambit|Swords Dance|p2a: Kingambit\n|-boost|p2a: Kingambit|atk|2\n|\n|-heal|p1a: Muk|100\/100|[from] item: Leftovers\n|upkeep\n|turn|23\n|\n|t:|1700790414\n|move|p1a: Muk|Drain Punch|p2a: Kingambit\n|-supereffective|p2a: Kingambit\n|-damage|p2a: Kingambit|0 fnt\n|faint|p2a: Kingambit\n|-end|p2a: Kingambit|fallen2|[silent]\n|\n|upkeep\n|c|\u2606KannaKiae|stall\n|c|\u2606KannaKiae|suck dick\n|-message|KannaKiae forfeited.\n|\n|win|manuelpro123\n|raw|manuelpro123's rating: 1376 &rarr; <strong>1393<\/strong><br \/>(+17 for winning)\n|raw|KannaKiae's rating: 1325 &rarr; <strong>1308<\/strong><br \/>(-17 for losing)\n","uploadtime":1700790427,"views":3,"p1id":"manuelpro123","p2id":"kannakiae","formatid":"gen9ou","rating":1308,"private":0,"password":""}