{"id":"gen9ou-1991885818","p1":"GC1319","p2":"strikinglucas2","format":"[Gen 9] OU","log":"|j|\u2606GC1319\n|j|\u2606strikinglucas2\n|t:|1700133627\n|gametype|singles\n|player|p1|GC1319|blue|1269\n|player|p2|strikinglucas2|lusamine-nihilego|1351\n|teamsize|p1|6\n|teamsize|p2|6\n|gen|9\n|tier|[Gen 9] OU\n|rated|\n|rule|Sleep Clause Mod: Limit one foe put to sleep\n|rule|Species Clause: Limit one of each Pok\u00e9mon\n|rule|OHKO Clause: OHKO moves are banned\n|rule|Evasion Items Clause: Evasion items are banned\n|rule|Evasion Moves Clause: Evasion moves are banned\n|rule|Endless Battle Clause: Forcing endless battles is banned\n|rule|HP Percentage Mod: HP is shown in percentages\n|clearpoke\n|poke|p1|Kingambit, F|\n|poke|p1|Empoleon, F|\n|poke|p1|Infernape, F|\n|poke|p1|Torterra, M|\n|poke|p1|Ribombee, F|\n|poke|p1|Dragonite, M|\n|poke|p2|Ribombee, F|\n|poke|p2|Kommo-o, F|\n|poke|p2|Iron Moth|\n|poke|p2|Ogerpon-Wellspring, F|\n|poke|p2|Gholdengo|\n|poke|p2|Landorus-Therian, M|\n|teampreview\n|inactive|Battle timer is ON: inactive players will automatically lose when time's up. (requested by strikinglucas2)\n|inactive|GC1319 also wants the timer to be on.\n|inactive|GC1319 has 120 seconds left.\n|\n|t:|1700133658\n|start\n|switch|p1a: Ribombee|Ribombee, F|100\/100\n|switch|p2a: Ribombee|Ribombee, F|100\/100\n|turn|1\n|\n|t:|1700133665\n|move|p2a: Ribombee|Sticky Web|p1a: Ribombee\n|-sidestart|p1: GC1319|move: Sticky Web\n|move|p1a: Ribombee|Sticky Web|p2a: Ribombee\n|-sidestart|p2: strikinglucas2|move: Sticky Web\n|\n|upkeep\n|turn|2\n|\n|t:|1700133675\n|move|p2a: Ribombee|Stun Spore|p1a: Ribombee\n|-status|p1a: Ribombee|par\n|cant|p1a: Ribombee|par\n|\n|upkeep\n|turn|3\n|\n|t:|1700133680\n|move|p2a: Ribombee|Moonblast|p1a: Ribombee\n|-damage|p1a: Ribombee|35\/100 par\n|move|p1a: Ribombee|Quiver Dance|p1a: Ribombee\n|-boost|p1a: Ribombee|spa|1\n|-boost|p1a: Ribombee|spd|1\n|-boost|p1a: Ribombee|spe|1\n|\n|upkeep\n|turn|4\n|\n|t:|1700133684\n|move|p2a: Ribombee|Moonblast|p1a: Ribombee\n|-damage|p1a: Ribombee|0 fnt\n|faint|p1a: Ribombee\n|\n|upkeep\n|\n|t:|1700133688\n|switch|p1a: Empoleon|Empoleon, F|100\/100\n|-activate|p1a: Empoleon|move: Sticky Web\n|-unboost|p1a: Empoleon|spe|1\n|-ability|p1a: Empoleon|Competitive|boost\n|-boost|p1a: Empoleon|spa|2\n|turn|5\n|\n|t:|1700133697\n|move|p2a: Ribombee|Moonblast|p1a: Empoleon\n|-resisted|p1a: Empoleon\n|-damage|p1a: Empoleon|82\/100\n|move|p1a: Empoleon|Air Slash|p2a: Ribombee\n|-supereffective|p2a: Ribombee\n|-enditem|p2a: Ribombee|Focus Sash\n|-damage|p2a: Ribombee|1\/100\n|\n|upkeep\n|turn|6\n|\n|t:|1700133703\n|move|p2a: Ribombee|Moonblast|p1a: Empoleon\n|-resisted|p1a: Empoleon\n|-damage|p1a: Empoleon|62\/100\n|-unboost|p1a: Empoleon|spa|1\n|-ability|p1a: Empoleon|Competitive|boost\n|-boost|p1a: Empoleon|spa|2\n|move|p1a: Empoleon|Air Slash|p2a: Ribombee\n|-supereffective|p2a: Ribombee\n|-damage|p2a: Ribombee|0 fnt\n|faint|p2a: Ribombee\n|\n|upkeep\n|\n|t:|1700133707\n|switch|p2a: Landorus|Landorus-Therian, M|100\/100\n|-ability|p2a: Landorus|Intimidate|boost\n|-unboost|p1a: Empoleon|atk|1\n|-ability|p1a: Empoleon|Competitive|boost\n|-boost|p1a: Empoleon|spa|2\n|turn|7\n|\n|t:|1700133715\n|move|p2a: Landorus|Earthquake|p1a: Empoleon\n|-supereffective|p1a: Empoleon\n|-damage|p1a: Empoleon|0 fnt\n|faint|p1a: Empoleon\n|\n|upkeep\n|\n|t:|1700133724\n|switch|p1a: Dragonite|Dragonite, M|100\/100\n|turn|8\n|\n|t:|1700133728\n|move|p2a: Landorus|Taunt|p1a: Dragonite\n|-start|p1a: Dragonite|move: Taunt\n|cant|p1a: Dragonite|move: Taunt|Dragon Dance\n|\n|upkeep\n|turn|9\n|\n|t:|1700133733\n|move|p2a: Landorus|Swords Dance|p2a: Landorus\n|-boost|p2a: Landorus|atk|2\n|move|p1a: Dragonite|Scale Shot|p2a: Landorus\n|-damage|p2a: Landorus|84\/100\n|-damage|p2a: Landorus|66\/100\n|-damage|p2a: Landorus|50\/100\n|-damage|p2a: Landorus|31\/100\n|-hitcount|p2a: Landorus|4\n|-unboost|p1a: Dragonite|def|1\n|-boost|p1a: Dragonite|spe|1\n|\n|-heal|p2a: Landorus|37\/100|[from] item: Leftovers\n|upkeep\n|turn|10\n|\n|t:|1700133747\n|move|p1a: Dragonite|Extreme Speed|p2a: Landorus\n|-damage|p2a: Landorus|2\/100\n|move|p2a: Landorus|Smack Down|p1a: Dragonite\n|-supereffective|p1a: Dragonite\n|-damage|p1a: Dragonite|43\/100\n|-start|p1a: Dragonite|Smack Down\n|\n|-heal|p2a: Landorus|8\/100|[from] item: Leftovers\n|-end|p1a: Dragonite|move: Taunt\n|upkeep\n|turn|11\n|\n|t:|1700133756\n|move|p1a: Dragonite|Extreme Speed|p2a: Landorus\n|-damage|p2a: Landorus|0 fnt\n|faint|p2a: Landorus\n|\n|upkeep\n|\n|t:|1700133764\n|switch|p2a: Gholdengo|Gholdengo|100\/100\n|-item|p2a: Gholdengo|Air Balloon\n|turn|12\n|\n|t:|1700133770\n|move|p1a: Dragonite|Roost|p1a: Dragonite\n|-heal|p1a: Dragonite|93\/100\n|-singleturn|p1a: Dragonite|move: Roost\n|move|p2a: Gholdengo|Shadow Ball|p1a: Dragonite\n|-damage|p1a: Dragonite|46\/100\n|\n|upkeep\n|turn|13\n|\n|t:|1700133776\n|move|p1a: Dragonite|Roost|p1a: Dragonite\n|-heal|p1a: Dragonite|96\/100\n|-singleturn|p1a: Dragonite|move: Roost\n|move|p2a: Gholdengo|Shadow Ball|p1a: Dragonite\n|-damage|p1a: Dragonite|53\/100\n|\n|upkeep\n|turn|14\n|\n|t:|1700133781\n|move|p1a: Dragonite|Roost|p1a: Dragonite\n|-heal|p1a: Dragonite|100\/100\n|-singleturn|p1a: Dragonite|move: Roost\n|move|p2a: Gholdengo|Shadow Ball|p1a: Dragonite\n|-damage|p1a: Dragonite|79\/100\n|-unboost|p1a: Dragonite|spd|1\n|\n|upkeep\n|turn|15\n|\n|t:|1700133788\n|move|p1a: Dragonite|Dragon Dance|p1a: Dragonite\n|-boost|p1a: Dragonite|atk|1\n|-boost|p1a: Dragonite|spe|1\n|move|p2a: Gholdengo|Shadow Ball|p1a: Dragonite\n|-damage|p1a: Dragonite|7\/100\n|\n|upkeep\n|turn|16\n|\n|t:|1700133795\n|move|p1a: Dragonite|Scale Shot|p2a: Gholdengo\n|-resisted|p2a: Gholdengo\n|-damage|p2a: Gholdengo|88\/100\n|-enditem|p2a: Gholdengo|Air Balloon\n|-resisted|p2a: Gholdengo\n|-damage|p2a: Gholdengo|76\/100\n|-resisted|p2a: Gholdengo\n|-damage|p2a: Gholdengo|64\/100\n|-resisted|p2a: Gholdengo\n|-damage|p2a: Gholdengo|52\/100\n|-hitcount|p2a: Gholdengo|4\n|-unboost|p1a: Dragonite|def|1\n|-boost|p1a: Dragonite|spe|1\n|move|p2a: Gholdengo|Shadow Ball|p1a: Dragonite\n|-damage|p1a: Dragonite|0 fnt\n|faint|p1a: Dragonite\n|\n|upkeep\n|\n|t:|1700133810\n|switch|p1a: Torterra|Torterra, M|100\/100\n|-activate|p1a: Torterra|move: Sticky Web\n|-unboost|p1a: Torterra|spe|1\n|turn|17\n|\n|t:|1700133816\n|move|p2a: Gholdengo|Shadow Ball|p1a: Torterra\n|-damage|p1a: Torterra|47\/100\n|move|p1a: Torterra|Shell Smash|p1a: Torterra\n|-unboost|p1a: Torterra|def|1\n|-unboost|p1a: Torterra|spd|1\n|-boost|p1a: Torterra|atk|2\n|-boost|p1a: Torterra|spa|2\n|-boost|p1a: Torterra|spe|2\n|\n|upkeep\n|turn|18\n|inactive|GC1319 has 120 seconds left.\n|inactive|GC1319 has 90 seconds left.\n|\n|t:|1700133893\n|move|p1a: Torterra|Earthquake|p2a: Gholdengo\n|-supereffective|p2a: Gholdengo\n|-damage|p2a: Gholdengo|0 fnt\n|faint|p2a: Gholdengo\n|\n|upkeep\n|\n|t:|1700133897\n|switch|p2a: Kommo-o|Kommo-o, F|100\/100\n|-activate|p2a: Kommo-o|move: Sticky Web\n|-unboost|p2a: Kommo-o|spe|1\n|turn|19\n|\n|t:|1700133916\n|move|p1a: Torterra|Earthquake|p2a: Kommo-o\n|-damage|p2a: Kommo-o|10\/100\n|move|p2a: Kommo-o|Flamethrower|p1a: Torterra\n|-supereffective|p1a: Torterra\n|-damage|p1a: Torterra|0 fnt\n|faint|p1a: Torterra\n|\n|upkeep\n|\n|t:|1700133922\n|switch|p1a: Infernape|Infernape, F|100\/100\n|-activate|p1a: Infernape|move: Sticky Web\n|-unboost|p1a: Infernape|spe|1\n|turn|20\n|\n|t:|1700133925\n|move|p1a: Infernape|Mach Punch|p2a: Kommo-o\n|-damage|p2a: Kommo-o|0 fnt\n|faint|p2a: Kommo-o\n|\n|upkeep\n|\n|t:|1700133929\n|switch|p2a: Ogerpon|Ogerpon-Wellspring, F|100\/100\n|-activate|p2a: Ogerpon|move: Sticky Web\n|-unboost|p2a: Ogerpon|spe|1\n|turn|21\n|inactive|GC1319 has 90 seconds left.\n|\n|t:|1700133941\n|move|p1a: Infernape|Mach Punch|p2a: Ogerpon\n|-damage|p2a: Ogerpon|71\/100\n|move|p2a: Ogerpon|Ivy Cudgel|p1a: Infernape|[anim] Ivy Cudgel Water\n|-supereffective|p1a: Infernape\n|-damage|p1a: Infernape|0 fnt\n|faint|p1a: Infernape\n|\n|upkeep\n|inactive|GC1319 has 90 seconds left.\n|\n|t:|1700133946\n|switch|p1a: Kingambit|Kingambit, F|100\/100\n|-activate|p1a: Kingambit|move: Sticky Web\n|-unboost|p1a: Kingambit|spe|1\n|-activate|p1a: Kingambit|ability: Supreme Overlord\n|-start|p1a: Kingambit|fallen5|[silent]\n|turn|22\n|\n|t:|1700133954\n|move|p2a: Ogerpon|Ivy Cudgel|p1a: Kingambit|[anim] Ivy Cudgel Water\n|-damage|p1a: Kingambit|60\/100\n|move|p1a: Kingambit|Kowtow Cleave|p2a: Ogerpon\n|-damage|p2a: Ogerpon|0 fnt\n|faint|p2a: Ogerpon\n|\n|upkeep\n|\n|t:|1700133957\n|switch|p2a: Iron Moth|Iron Moth|100\/100\n|-activate|p2a: Iron Moth|move: Sticky Web\n|-unboost|p2a: Iron Moth|spe|1\n|-enditem|p2a: Iron Moth|Booster Energy\n|-activate|p2a: Iron Moth|ability: Quark Drive|[fromitem]\n|-start|p2a: Iron Moth|quarkdrivespa\n|turn|23\n|\n|t:|1700133967\n|-terastallize|p1a: Kingambit|Dark\n|move|p2a: Iron Moth|Fiery Dance|p1a: Kingambit\n|-damage|p1a: Kingambit|2\/100\n|move|p1a: Kingambit|Kowtow Cleave|p2a: Iron Moth\n|-damage|p2a: Iron Moth|0 fnt\n|faint|p2a: Iron Moth\n|-end|p2a: Iron Moth|Quark Drive|[silent]\n|\n|win|GC1319\n|raw|GC1319's rating: 1269 &rarr; <strong>1300<\/strong><br \/>(+31 for winning)\n|raw|strikinglucas2's rating: 1351 &rarr; <strong>1326<\/strong><br \/>(-25 for losing)\n|l|\u2606strikinglucas2\n","uploadtime":1700133983,"views":24,"p1id":"gc1319","p2id":"strikinglucas2","formatid":"gen9ou","rating":1300,"private":0,"password":""}