{"id":"gen9ou-2000404411","p1":"testing a funni3","p2":"Leohard","format":"[Gen 9] OU","log":"|j|\u2606testing a funni3\n|j|\u2606Leohard\n|t:|1701191981\n|gametype|singles\n|player|p1|testing a funni3|unknownf|1489\n|player|p2|Leohard|cynthia|1556\n|teamsize|p1|6\n|teamsize|p2|6\n|gen|9\n|tier|[Gen 9] OU\n|rated|\n|rule|Sleep Clause Mod: Limit one foe put to sleep\n|rule|Species Clause: Limit one of each Pok\u00e9mon\n|rule|OHKO Clause: OHKO moves are banned\n|rule|Evasion Items Clause: Evasion items are banned\n|rule|Evasion Moves Clause: Evasion moves are banned\n|rule|Endless Battle Clause: Forcing endless battles is banned\n|rule|HP Percentage Mod: HP is shown in percentages\n|clearpoke\n|poke|p1|Walking Wake|\n|poke|p1|Maushold-Four|\n|poke|p1|Dragonite, M|\n|poke|p1|Weezing-Galar, F|\n|poke|p1|Great Tusk|\n|poke|p1|Muk-Alola, F|\n|poke|p2|Landorus-Therian, M|\n|poke|p2|Arcanine-Hisui, F|\n|poke|p2|Corviknight, F|\n|poke|p2|Ogerpon-Wellspring, F|\n|poke|p2|Thundurus-Therian, M|\n|poke|p2|Garchomp, M|\n|teampreview\n|inactive|Battle timer is ON: inactive players will automatically lose when time's up. (requested by Leohard)\n|inactive|Leohard has 120 seconds left.\n|inactive|Leohard has 90 seconds left.\n|\n|t:|1701192050\n|start\n|switch|p1a: Walking Wake|Walking Wake|100\/100\n|switch|p2a: Arcanine|Arcanine-Hisui, F|100\/100\n|turn|1\n|\n|t:|1701192058\n|switch|p2a: Ogerpon|Ogerpon-Wellspring, F|100\/100\n|move|p1a: Walking Wake|Hydro Steam|p2a: Ogerpon\n|-immune|p2a: Ogerpon|[from] ability: Water Absorb\n|\n|upkeep\n|turn|2\n|\n|t:|1701192068\n|-end|p1a: Walking Wake|Protosynthesis|[silent]\n|switch|p1a: Wheezing Stache|Weezing-Galar, F|100\/100\n|move|p2a: Ogerpon|Ivy Cudgel|p1a: Wheezing Stache|[anim] Ivy Cudgel Water\n|-crit|p1a: Wheezing Stache\n|-damage|p1a: Wheezing Stache|8\/100\n|\n|upkeep\n|turn|3\n|\n|t:|1701192081\n|move|p2a: Ogerpon|Trailblaze|p1a: Wheezing Stache\n|-resisted|p1a: Wheezing Stache\n|-damage|p1a: Wheezing Stache|0 fnt\n|-boost|p2a: Ogerpon|spe|1\n|faint|p1a: Wheezing Stache\n|\n|upkeep\n|\n|t:|1701192086\n|switch|p1a: Soaring Wings|Dragonite, M|100\/100\n|turn|4\n|\n|t:|1701192092\n|-terastallize|p1a: Soaring Wings|Normal\n|move|p1a: Soaring Wings|Extreme Speed|p2a: Ogerpon\n|-damage|p2a: Ogerpon|14\/100\n|move|p2a: Ogerpon|Ivy Cudgel|p1a: Soaring Wings|[anim] Ivy Cudgel Water\n|-damage|p1a: Soaring Wings|72\/100\n|\n|upkeep\n|turn|5\n|\n|t:|1701192106\n|switch|p2a: Landorus|Landorus-Therian, M|100\/100\n|-ability|p2a: Landorus|Intimidate|boost\n|-unboost|p1a: Soaring Wings|atk|1\n|move|p1a: Soaring Wings|Extreme Speed|p2a: Landorus\n|-damage|p2a: Landorus|55\/100\n|\n|-heal|p2a: Landorus|61\/100|[from] item: Leftovers\n|upkeep\n|turn|6\n|\n|t:|1701192114\n|switch|p1a: Great Tusk|Great Tusk|100\/100\n|switch|p2a: Corviknight|Corviknight, F|100\/100\n|-ability|p2a: Corviknight|Pressure\n|\n|upkeep\n|turn|7\n|\n|t:|1701192125\n|move|p1a: Great Tusk|Stealth Rock|p2a: Corviknight\n|-sidestart|p2: Leohard|move: Stealth Rock\n|move|p2a: Corviknight|U-turn|p1a: Great Tusk\n|-resisted|p1a: Great Tusk\n|-damage|p1a: Great Tusk|97\/100\n|-damage|p2a: Corviknight|84\/100|[from] item: Rocky Helmet|[of] p1a: Great Tusk\n|\n|t:|1701192133\n|switch|p2a: Ogerpon|Ogerpon-Wellspring, F|14\/100|[from] U-turn\n|-damage|p2a: Ogerpon|1\/100|[from] Stealth Rock\n|\n|upkeep\n|turn|8\n|\n|t:|1701192139\n|move|p2a: Ogerpon|Ivy Cudgel|p1a: Great Tusk|[anim] Ivy Cudgel Water\n|-supereffective|p1a: Great Tusk\n|-damage|p1a: Great Tusk|40\/100\n|move|p1a: Great Tusk|Rapid Spin|p2a: Ogerpon\n|-damage|p2a: Ogerpon|0 fnt\n|-boost|p1a: Great Tusk|spe|1\n|faint|p2a: Ogerpon\n|\n|upkeep\n|\n|t:|1701192147\n|switch|p2a: Corviknight|Corviknight, F|84\/100\n|-damage|p2a: Corviknight|72\/100|[from] Stealth Rock\n|-ability|p2a: Corviknight|Pressure\n|turn|9\n|\n|t:|1701192151\n|-end|p1a: Great Tusk|Protosynthesis|[silent]\n|switch|p1a: Maushold|Maushold-Four|100\/100\n|move|p2a: Corviknight|Defog|p1a: Maushold\n|-unboost|p1a: Maushold|evasion|1\n|-sideend|p2: Leohard|Stealth Rock|[from] move: Defog|[of] p2a: Corviknight\n|\n|upkeep\n|turn|10\n|\n|t:|1701192157\n|move|p1a: Maushold|Encore|p2a: Corviknight\n|-start|p2a: Corviknight|Encore\n|move|p2a: Corviknight|Defog|p1a: Maushold\n|-unboost|p1a: Maushold|evasion|1\n|\n|upkeep\n|turn|11\n|\n|t:|1701192162\n|switch|p2a: Landorus|Landorus-Therian, M|61\/100\n|-ability|p2a: Landorus|Intimidate|boost\n|-unboost|p1a: Maushold|atk|1\n|move|p1a: Maushold|Tidy Up|p1a: Maushold\n|-boost|p1a: Maushold|atk|1\n|-boost|p1a: Maushold|spe|1\n|\n|-heal|p2a: Landorus|67\/100|[from] item: Leftovers\n|upkeep\n|turn|12\n|\n|t:|1701192171\n|switch|p2a: Corviknight|Corviknight, F|72\/100\n|-ability|p2a: Corviknight|Pressure\n|move|p1a: Maushold|Population Bomb|p2a: Corviknight\n|-resisted|p2a: Corviknight\n|-damage|p2a: Corviknight|69\/100\n|-damage|p1a: Maushold|84\/100|[from] item: Rocky Helmet|[of] p2a: Corviknight\n|-resisted|p2a: Corviknight\n|-damage|p2a: Corviknight|65\/100\n|-damage|p1a: Maushold|67\/100|[from] item: Rocky Helmet|[of] p2a: Corviknight\n|-resisted|p2a: Corviknight\n|-damage|p2a: Corviknight|61\/100\n|-damage|p1a: Maushold|51\/100|[from] item: Rocky Helmet|[of] p2a: Corviknight\n|-resisted|p2a: Corviknight\n|-damage|p2a: Corviknight|58\/100\n|-damage|p1a: Maushold|34\/100|[from] item: Rocky Helmet|[of] p2a: Corviknight\n|-resisted|p2a: Corviknight\n|-damage|p2a: Corviknight|55\/100\n|-damage|p1a: Maushold|17\/100|[from] item: Rocky Helmet|[of] p2a: Corviknight\n|-hitcount|p2a: Corviknight|5\n|\n|upkeep\n|turn|13\n|\n|t:|1701192193\n|switch|p1a: Great Tusk|Great Tusk|40\/100\n|move|p2a: Corviknight|U-turn|p1a: Great Tusk\n|-resisted|p1a: Great Tusk\n|-damage|p1a: Great Tusk|37\/100\n|-damage|p2a: Corviknight|38\/100|[from] item: Rocky Helmet|[of] p1a: Great Tusk\n|inactive|Leohard has 120 seconds left.\n|\n|t:|1701192211\n|switch|p2a: Landorus|Landorus-Therian, M|67\/100|[from] U-turn\n|-ability|p2a: Landorus|Intimidate|boost\n|-unboost|p1a: Great Tusk|atk|1\n|\n|-heal|p2a: Landorus|73\/100|[from] item: Leftovers\n|upkeep\n|turn|14\n|\n|t:|1701192217\n|move|p1a: Great Tusk|Ice Spinner|p2a: Landorus\n|-supereffective|p2a: Landorus\n|-damage|p2a: Landorus|15\/100\n|move|p2a: Landorus|Grass Knot|p1a: Great Tusk\n|-supereffective|p1a: Great Tusk\n|-damage|p1a: Great Tusk|0 fnt\n|-damage|p2a: Landorus|0 fnt|[from] item: Rocky Helmet|[of] p1a: Great Tusk\n|faint|p1a: Great Tusk\n|-end|p1a: Great Tusk|Protosynthesis|[silent]\n|faint|p2a: Landorus\n|\n|upkeep\n|inactive|Leohard has 120 seconds left.\n|\n|t:|1701192235\n|switch|p1a: Walking Wake|Walking Wake|100\/100\n|switch|p2a: Thundurus|Thundurus-Therian, M|100\/100\n|turn|15\n|\n|t:|1701192243\n|move|p1a: Walking Wake|Draco Meteor|p2a: Thundurus\n|-crit|p2a: Thundurus\n|-damage|p2a: Thundurus|0 fnt\n|-unboost|p1a: Walking Wake|spa|2\n|faint|p2a: Thundurus\n|\n|upkeep\n|\n|t:|1701192255\n|switch|p2a: Arcanine|Arcanine-Hisui, F|100\/100\n|turn|16\n|\n|t:|1701192260\n|-end|p1a: Walking Wake|Protosynthesis|[silent]\n|switch|p1a: Maushold|Maushold-Four|17\/100\n|move|p2a: Arcanine|Head Smash|p1a: Maushold\n|-damage|p1a: Maushold|0 fnt\n|faint|p1a: Maushold\n|\n|upkeep\n|\n|t:|1701192265\n|switch|p1a: Walking Wake|Walking Wake|100\/100\n|turn|17\n|\n|t:|1701192269\n|switch|p2a: Corviknight|Corviknight, F|38\/100\n|-ability|p2a: Corviknight|Pressure\n|move|p1a: Walking Wake|Hydro Steam|p2a: Corviknight\n|-damage|p2a: Corviknight|0 fnt\n|faint|p2a: Corviknight\n|\n|upkeep\n|\n|t:|1701192277\n|switch|p2a: Garchomp|Garchomp, M|100\/100\n|turn|18\n|\n|t:|1701192280\n|-end|p1a: Walking Wake|Protosynthesis|[silent]\n|switch|p1a: Soaring Wings|Dragonite, M, tera:Normal|72\/100\n|move|p2a: Garchomp|Scale Shot|p1a: Soaring Wings\n|-damage|p1a: Soaring Wings|57\/100\n|-damage|p1a: Soaring Wings|41\/100\n|-damage|p1a: Soaring Wings|25\/100\n|-damage|p1a: Soaring Wings|10\/100\n|-damage|p1a: Soaring Wings|0 fnt\n|faint|p1a: Soaring Wings\n|-hitcount|p1: Soaring Wings|5\n|-unboost|p2a: Garchomp|def|1\n|-boost|p2a: Garchomp|spe|1\n|\n|upkeep\n|\n|t:|1701192284\n|switch|p1a: Walking Wake|Walking Wake|100\/100\n|turn|19\n|\n|t:|1701192299\n|-terastallize|p2a: Garchomp|Poison\n|move|p1a: Walking Wake|Draco Meteor|p2a: Garchomp\n|-damage|p2a: Garchomp|29\/100\n|-unboost|p1a: Walking Wake|spa|2\n|move|p2a: Garchomp|Scale Shot|p1a: Walking Wake|[miss]\n|-miss|p2a: Garchomp|p1a: Walking Wake\n|\n|upkeep\n|turn|20\n|\n|t:|1701192306\n|move|p1a: Walking Wake|Draco Meteor|p2a: Garchomp\n|-damage|p2a: Garchomp|0 fnt\n|-unboost|p1a: Walking Wake|spa|2\n|faint|p2a: Garchomp\n|\n|upkeep\n|\n|t:|1701192311\n|switch|p2a: Arcanine|Arcanine-Hisui, F|100\/100\n|turn|21\n|\n|t:|1701192314\n|-end|p1a: Walking Wake|Protosynthesis|[silent]\n|switch|p1a: Lurid Blob|Muk-Alola, F|100\/100\n|move|p2a: Arcanine|Head Smash|p1a: Lurid Blob|[miss]\n|-miss|p2a: Arcanine|p1a: Lurid Blob\n|\n|upkeep\n|turn|22\n|-message|Leohard forfeited.\n|\n|win|testing a funni3\n|raw|testing a funni3's rating: 1489 &rarr; <strong>1513<\/strong><br \/>(+24 for winning)\n|raw|Leohard's rating: 1556 &rarr; <strong>1532<\/strong><br \/>(-24 for losing)\n|l|\u2606Leohard\n","uploadtime":1701192321,"views":23,"p1id":"testingafunni3","p2id":"leohard","formatid":"gen9ou","rating":1513,"private":0,"password":""}