{"id":"gen9ou-1989228084","p1":"Monerochan","p2":"CaptainGrungo","format":"[Gen 9] OU","log":"|j|\u2606Monerochan\n|j|\u2606CaptainGrungo\n|t:|1699825640\n|gametype|singles\n|player|p1|Monerochan|266|1791\n|player|p2|CaptainGrungo|plasmagrunt|1830\n|teamsize|p1|6\n|teamsize|p2|6\n|gen|9\n|tier|[Gen 9] OU\n|rated|\n|rule|Sleep Clause Mod: Limit one foe put to sleep\n|rule|Species Clause: Limit one of each Pok\u00e9mon\n|rule|OHKO Clause: OHKO moves are banned\n|rule|Evasion Items Clause: Evasion items are banned\n|rule|Evasion Moves Clause: Evasion moves are banned\n|rule|Endless Battle Clause: Forcing endless battles is banned\n|rule|HP Percentage Mod: HP is shown in percentages\n|clearpoke\n|poke|p1|Landorus-Therian, M|\n|poke|p1|Ting-Lu|\n|poke|p1|Dragapult, M|\n|poke|p1|Meowscarada, M|\n|poke|p1|Kingambit, M|\n|poke|p1|Iron Valiant|\n|poke|p2|Iron Valiant|\n|poke|p2|Goodra-Hisui, M|\n|poke|p2|Kingambit, F|\n|poke|p2|Okidogi, M|\n|poke|p2|Glimmora, M|\n|poke|p2|Ting-Lu|\n|teampreview\n|\n|t:|1699825647\n|start\n|switch|p1a: MoneyGamePt2|Ting-Lu|100\/100\n|switch|p2a: Goodra|Goodra-Hisui, M|100\/100\n|-ability|p1a: MoneyGamePt2|Vessel of Ruin\n|turn|1\n|\n|t:|1699825657\n|switch|p2a: Ting-Lu|Ting-Lu|100\/100\n|-ability|p2a: Ting-Lu|Vessel of Ruin\n|move|p1a: MoneyGamePt2|Ruination|p2a: Ting-Lu\n|-damage|p2a: Ting-Lu|50\/100\n|\n|-heal|p2a: Ting-Lu|57\/100|[from] item: Leftovers\n|upkeep\n|turn|2\n|\n|t:|1699825665\n|-terastallize|p1a: MoneyGamePt2|Poison\n|move|p1a: MoneyGamePt2|Spikes|p2a: Ting-Lu\n|-sidestart|p2: CaptainGrungo|Spikes\n|move|p2a: Ting-Lu|Spikes|p1a: MoneyGamePt2\n|-sidestart|p1: Monerochan|Spikes\n|\n|-heal|p2a: Ting-Lu|63\/100|[from] item: Leftovers\n|upkeep\n|turn|3\n|\n|t:|1699825672\n|switch|p1a: Wing$|Meowscarada, M|100\/100\n|-damage|p1a: Wing$|88\/100|[from] Spikes\n|move|p2a: Ting-Lu|Earthquake|p1a: Wing$\n|-resisted|p1a: Wing$\n|-damage|p1a: Wing$|57\/100\n|\n|-heal|p2a: Ting-Lu|69\/100|[from] item: Leftovers\n|upkeep\n|turn|4\n|j| MarburgCOVEbola\n|\n|t:|1699825686\n|-terastallize|p2a: Ting-Lu|Poison\n|move|p1a: Wing$|Play Rough|p2a: Ting-Lu|[miss]\n|-start|p1a: Wing$|typechange|Fairy|[from] ability: Protean\n|-miss|p1a: Wing$|p2a: Ting-Lu\n|move|p2a: Ting-Lu|Whirlwind|p1a: Wing$\n|drag|p1a: 911Mr.Lonely|Landorus-Therian, M|100\/100\n|-ability|p1a: 911Mr.Lonely|Intimidate|boost\n|-unboost|p2a: Ting-Lu|atk|1\n|\n|-heal|p2a: Ting-Lu|75\/100|[from] item: Leftovers\n|upkeep\n|turn|5\n|\n|t:|1699825702\n|switch|p2a: Iron Valiant|Iron Valiant|100\/100\n|-damage|p2a: Iron Valiant|88\/100|[from] Spikes\n|-enditem|p2a: Iron Valiant|Booster Energy\n|-activate|p2a: Iron Valiant|ability: Quark Drive|[fromitem]\n|-start|p2a: Iron Valiant|quarkdrivespe\n|move|p1a: 911Mr.Lonely|Earthquake|p2a: Iron Valiant\n|-damage|p2a: Iron Valiant|23\/100\n|\n|upkeep\n|turn|6\n|\n|t:|1699825712\n|switch|p1a: MoneyGamePt2|Ting-Lu, tera:Poison|100\/100\n|-damage|p1a: MoneyGamePt2|88\/100|[from] Spikes\n|-ability|p1a: MoneyGamePt2|Vessel of Ruin\n|move|p2a: Iron Valiant|Knock Off|p1a: MoneyGamePt2\n|-damage|p1a: MoneyGamePt2|71\/100\n|-enditem|p1a: MoneyGamePt2|Leftovers|[from] move: Knock Off|[of] p2a: Iron Valiant\n|\n|upkeep\n|turn|7\n|j| HISUIANDOGBARKBARK\n|\n|t:|1699825723\n|move|p2a: Iron Valiant|Moonblast|p1a: MoneyGamePt2\n|-resisted|p1a: MoneyGamePt2\n|-damage|p1a: MoneyGamePt2|62\/100\n|-unboost|p1a: MoneyGamePt2|spa|1\n|move|p1a: MoneyGamePt2|Earthquake|p2a: Iron Valiant\n|-damage|p2a: Iron Valiant|0 fnt\n|faint|p2a: Iron Valiant\n|-end|p2a: Iron Valiant|Quark Drive|[silent]\n|\n|upkeep\n|j| FatherSuperior7\n|l| HISUIANDOGBARKBARK\n|l| FatherSuperior7\n|\n|t:|1699825741\n|switch|p2a: Ting-Lu|Ting-Lu, tera:Poison|75\/100\n|-damage|p2a: Ting-Lu|63\/100|[from] Spikes\n|-ability|p2a: Ting-Lu|Vessel of Ruin\n|turn|8\n|\n|t:|1699825747\n|move|p1a: MoneyGamePt2|Ruination|p2a: Ting-Lu\n|-damage|p2a: Ting-Lu|32\/100\n|move|p2a: Ting-Lu|Ruination|p1a: MoneyGamePt2\n|-damage|p1a: MoneyGamePt2|31\/100\n|\n|-heal|p2a: Ting-Lu|38\/100|[from] item: Leftovers\n|upkeep\n|turn|9\n|\n|t:|1699825755\n|move|p1a: MoneyGamePt2|Earthquake|p2a: Ting-Lu\n|-supereffective|p2a: Ting-Lu\n|-damage|p2a: Ting-Lu|7\/100\n|move|p2a: Ting-Lu|Spikes|p1a: MoneyGamePt2\n|-sidestart|p1: Monerochan|Spikes\n|\n|-heal|p2a: Ting-Lu|14\/100|[from] item: Leftovers\n|upkeep\n|turn|10\n|\n|t:|1699825762\n|switch|p1a: 911Mr.Lonely|Landorus-Therian, M|100\/100\n|-ability|p1a: 911Mr.Lonely|Intimidate|boost\n|-unboost|p2a: Ting-Lu|atk|1\n|move|p2a: Ting-Lu|Earthquake|p1a: 911Mr.Lonely\n|-immune|p1a: 911Mr.Lonely\n|\n|-heal|p2a: Ting-Lu|20\/100|[from] item: Leftovers\n|upkeep\n|turn|11\n|\n|t:|1699825772\n|move|p1a: 911Mr.Lonely|Earthquake|p2a: Ting-Lu\n|-supereffective|p2a: Ting-Lu\n|-damage|p2a: Ting-Lu|0 fnt\n|faint|p2a: Ting-Lu\n|\n|upkeep\n|\n|t:|1699825778\n|switch|p2a: Kingambit|Kingambit, F|100\/100\n|-damage|p2a: Kingambit|88\/100|[from] Spikes\n|-activate|p2a: Kingambit|ability: Supreme Overlord\n|-start|p2a: Kingambit|fallen2|[silent]\n|turn|12\n|\n|t:|1699825786\n|move|p1a: 911Mr.Lonely|Earthquake|p2a: Kingambit\n|-supereffective|p2a: Kingambit\n|-damage|p2a: Kingambit|20\/100\n|move|p2a: Kingambit|Kowtow Cleave|p1a: 911Mr.Lonely\n|-damage|p1a: 911Mr.Lonely|62\/100\n|-damage|p2a: Kingambit|3\/100|[from] item: Rocky Helmet|[of] p1a: 911Mr.Lonely\n|\n|-heal|p2a: Kingambit|9\/100|[from] item: Leftovers\n|upkeep\n|turn|13\n|\n|t:|1699825794\n|move|p2a: Kingambit|Sucker Punch||[still]\n|-fail|p2a: Kingambit\n|move|p1a: 911Mr.Lonely|Stealth Rock|p2a: Kingambit\n|-sidestart|p2: CaptainGrungo|move: Stealth Rock\n|\n|-heal|p2a: Kingambit|16\/100|[from] item: Leftovers\n|upkeep\n|turn|14\n|\n|t:|1699825800\n|move|p2a: Kingambit|Sucker Punch|p1a: 911Mr.Lonely\n|-damage|p1a: 911Mr.Lonely|28\/100\n|-damage|p2a: Kingambit|0 fnt|[from] item: Rocky Helmet|[of] p1a: 911Mr.Lonely\n|faint|p2a: Kingambit\n|-end|p2a: Kingambit|fallen2|[silent]\n|move|p1a: 911Mr.Lonely|U-turn|p2: Kingambit|[notarget]\n|-fail|p1a: 911Mr.Lonely\n|\n|upkeep\n|\n|t:|1699825806\n|switch|p2a: Glimmora|Glimmora, M|100\/100\n|-damage|p2a: Glimmora|88\/100|[from] Spikes\n|-damage|p2a: Glimmora|76\/100|[from] Stealth Rock\n|turn|15\n|\n|t:|1699825812\n|move|p2a: Glimmora|Mortal Spin|p1a: 911Mr.Lonely\n|-resisted|p1a: 911Mr.Lonely\n|-damage|p1a: 911Mr.Lonely|26\/100\n|-status|p1a: 911Mr.Lonely|psn\n|-damage|p2a: Glimmora|59\/100|[from] item: Rocky Helmet|[of] p1a: 911Mr.Lonely\n|-sideend|p2: CaptainGrungo|Spikes|[from] move: Mortal Spin|[of] p2a: Glimmora\n|-sideend|p2: CaptainGrungo|Stealth Rock|[from] move: Mortal Spin|[of] p2a: Glimmora\n|move|p1a: 911Mr.Lonely|Earthquake|p2a: Glimmora\n|-supereffective|p2a: Glimmora\n|-damage|p2a: Glimmora|0 fnt\n|-activate|p2a: Glimmora|ability: Toxic Debris\n|-sidestart|p1: Monerochan|move: Toxic Spikes\n|faint|p2a: Glimmora\n|\n|-damage|p1a: 911Mr.Lonely|13\/100 psn|[from] psn\n|upkeep\n|\n|t:|1699825824\n|switch|p2a: Okidogi|Okidogi, M|100\/100\n|turn|16\n|\n|t:|1699825827\n|move|p1a: 911Mr.Lonely|Earthquake|p2a: Okidogi\n|-supereffective|p2a: Okidogi\n|-damage|p2a: Okidogi|24\/100\n|move|p2a: Okidogi|Bulk Up|p2a: Okidogi\n|-boost|p2a: Okidogi|atk|1\n|-boost|p2a: Okidogi|def|1\n|\n|-heal|p2a: Okidogi|30\/100|[from] item: Leftovers\n|-damage|p1a: 911Mr.Lonely|1\/100 psn|[from] psn\n|upkeep\n|turn|17\n|-message|CaptainGrungo forfeited.\n|\n|win|Monerochan\n|raw|Monerochan's rating: 1791 &rarr; <strong>1813<\/strong><br \/>(+22 for winning)\n|raw|CaptainGrungo's rating: 1830 &rarr; <strong>1808<\/strong><br \/>(-22 for losing)\n|l|\u2606CaptainGrungo\n","uploadtime":1699825846,"views":12,"p1id":"monerochan","p2id":"captaingrungo","formatid":"gen9ou","rating":1808,"private":0,"password":""}