{"id":"gen9ou-1999580370","p1":"PLLV52 Notes","p2":"Rand_Zorua","format":"[Gen 9] OU","log":"|j|\u2606PLLV52 Notes\n|j|\u2606Rand_Zorua\n|t:|1701098168\n|gametype|singles\n|player|p1|PLLV52 Notes|2|1497\n|player|p2|Rand_Zorua|ethan|1443\n|teamsize|p1|6\n|teamsize|p2|6\n|gen|9\n|tier|[Gen 9] OU\n|rated|\n|rule|Sleep Clause Mod: Limit one foe put to sleep\n|rule|Species Clause: Limit one of each Pok\u00e9mon\n|rule|OHKO Clause: OHKO moves are banned\n|rule|Evasion Items Clause: Evasion items are banned\n|rule|Evasion Moves Clause: Evasion moves are banned\n|rule|Endless Battle Clause: Forcing endless battles is banned\n|rule|HP Percentage Mod: HP is shown in percentages\n|clearpoke\n|poke|p1|Moltres|\n|poke|p1|Great Tusk|\n|poke|p1|Samurott-Hisui, M|\n|poke|p1|Ting-Lu|\n|poke|p1|Dragapult, F|\n|poke|p1|Iron Valiant|\n|poke|p2|Fezandipiti, M|\n|poke|p2|Dragapult, F|\n|poke|p2|Alomomola, F|\n|poke|p2|Zamazenta-*|\n|poke|p2|Moltres|\n|poke|p2|Ting-Lu|\n|teampreview\n|inactive|Battle timer is ON: inactive players will automatically lose when time's up. (requested by Rand_Zorua)\n|inactive|PLLV52 Notes has 120 seconds left.\n|inactive|PLLV52 Notes has 90 seconds left.\n|\n|t:|1701098238\n|start\n|switch|p1a: Dragapult|Dragapult, F|100\/100\n|switch|p2a: Fezandipiti|Fezandipiti, M|100\/100\n|turn|1\n|inactive|PLLV52 Notes has 120 seconds left.\n|inactive|PLLV52 Notes has 90 seconds left.\n|\n|t:|1701098303\n|move|p1a: Dragapult|U-turn|p2a: Fezandipiti\n|-resisted|p2a: Fezandipiti\n|-damage|p2a: Fezandipiti|92\/100\n|\n|t:|1701098306\n|switch|p1a: Ting-Lu|Ting-Lu|100\/100|[from] U-turn\n|-ability|p1a: Ting-Lu|Vessel of Ruin\n|move|p2a: Fezandipiti|U-turn|p1a: Ting-Lu\n|-supereffective|p1a: Ting-Lu\n|-damage|p1a: Ting-Lu|85\/100\n|-status|p1a: Ting-Lu|tox|[from] ability: Toxic Chain|[of] p2a: Fezandipiti\n|\n|t:|1701098323\n|switch|p2a: Zamazenta|Zamazenta|100\/100|[from] U-turn\n|-ability|p2a: Zamazenta|Dauntless Shield|boost\n|-boost|p2a: Zamazenta|def|1\n|\n|-heal|p1a: Ting-Lu|92\/100 tox|[from] item: Leftovers\n|-damage|p1a: Ting-Lu|85\/100 tox|[from] psn\n|upkeep\n|turn|2\n|\n|t:|1701098341\n|switch|p2a: Dragapult|Dragapult, F|100\/100\n|switch|p1a: Great Tusk|Great Tusk|100\/100\n|\n|upkeep\n|turn|3\n|\n|t:|1701098346\n|move|p2a: Dragapult|Draco Meteor|p1a: Great Tusk\n|-damage|p1a: Great Tusk|0 fnt\n|-unboost|p2a: Dragapult|spa|2\n|faint|p1a: Great Tusk\n|-end|p1a: Great Tusk|Protosynthesis|[silent]\n|\n|upkeep\n|inactive|PLLV52 Notes has 90 seconds left.\n|inactive|PLLV52 Notes has 60 seconds left.\n|\n|t:|1701098405\n|switch|p1a: Samurott|Samurott-Hisui, M|100\/100\n|turn|4\n|\n|t:|1701098409\n|switch|p2a: Zamazenta|Zamazenta|100\/100\n|move|p1a: Samurott|Ceaseless Edge|p2a: Zamazenta\n|-resisted|p2a: Zamazenta\n|-crit|p2a: Zamazenta\n|-damage|p2a: Zamazenta|75\/100\n|-sidestart|p2: Rand_Zorua|Spikes\n|\n|-heal|p2a: Zamazenta|82\/100|[from] item: Leftovers\n|upkeep\n|turn|5\n|inactive|PLLV52 Notes has 60 seconds left.\n|\n|t:|1701098447\n|switch|p1a: Moltres|Moltres|100\/100\n|move|p2a: Zamazenta|Substitute|p2a: Zamazenta\n|-start|p2a: Zamazenta|Substitute\n|-damage|p2a: Zamazenta|57\/100\n|\n|-heal|p2a: Zamazenta|63\/100|[from] item: Leftovers\n|upkeep\n|turn|6\n|inactive|PLLV52 Notes has 30 seconds left.\n|\n|t:|1701098474\n|switch|p2a: Ting-Lu|Ting-Lu|100\/100\n|-damage|p2a: Ting-Lu|88\/100|[from] Spikes\n|-ability|p2a: Ting-Lu|Vessel of Ruin\n|move|p1a: Moltres|Flamethrower|p2a: Ting-Lu\n|-damage|p2a: Ting-Lu|72\/100\n|\n|-heal|p2a: Ting-Lu|78\/100|[from] item: Leftovers\n|upkeep\n|turn|7\n|\n|t:|1701098476\n|move|p1a: Moltres|U-turn|p2a: Ting-Lu\n|-supereffective|p2a: Ting-Lu\n|-damage|p2a: Ting-Lu|61\/100\n|\n|t:|1701098481\n|switch|p1a: Iron Valiant|Iron Valiant|100\/100|[from] U-turn\n|move|p2a: Ting-Lu|Spikes|p1a: Iron Valiant\n|-sidestart|p1: PLLV52 Notes|Spikes\n|\n|-heal|p2a: Ting-Lu|67\/100|[from] item: Leftovers\n|upkeep\n|turn|8\n|\n|t:|1701098489\n|switch|p2a: Moltres|Moltres|100\/100\n|move|p1a: Iron Valiant|Close Combat|p2a: Moltres\n|-resisted|p2a: Moltres\n|-damage|p2a: Moltres|72\/100\n|-unboost|p1a: Iron Valiant|def|1\n|-unboost|p1a: Iron Valiant|spd|1\n|\n|upkeep\n|turn|9\n|\n|t:|1701098510\n|-end|p1a: Iron Valiant|Quark Drive|[silent]\n|switch|p1a: Moltres|Moltres|100\/100\n|move|p2a: Moltres|Hurricane|p1a: Moltres\n|-damage|p1a: Moltres|47\/100\n|\n|upkeep\n|turn|10\n|\n|t:|1701098516\n|switch|p1a: Ting-Lu|Ting-Lu|85\/100 tox\n|-damage|p1a: Ting-Lu|73\/100 tox|[from] Spikes\n|-ability|p1a: Ting-Lu|Vessel of Ruin\n|move|p2a: Moltres|Hurricane|p1a: Ting-Lu\n|-damage|p1a: Ting-Lu|52\/100 tox\n|\n|-heal|p1a: Ting-Lu|58\/100 tox|[from] item: Leftovers\n|-damage|p1a: Ting-Lu|52\/100 tox|[from] psn\n|upkeep\n|turn|11\n|\n|t:|1701098523\n|move|p2a: Moltres|U-turn|p1a: Ting-Lu\n|-supereffective|p1a: Ting-Lu\n|-damage|p1a: Ting-Lu|35\/100 tox\n|\n|t:|1701098546\n|switch|p2a: Ting-Lu|Ting-Lu|67\/100|[from] U-turn\n|-damage|p2a: Ting-Lu|55\/100|[from] Spikes\n|-ability|p2a: Ting-Lu|Vessel of Ruin\n|move|p1a: Ting-Lu|Stealth Rock|p2a: Ting-Lu\n|-sidestart|p2: Rand_Zorua|move: Stealth Rock\n|\n|-heal|p1a: Ting-Lu|41\/100 tox|[from] item: Leftovers\n|-heal|p2a: Ting-Lu|61\/100|[from] item: Leftovers\n|-damage|p1a: Ting-Lu|29\/100 tox|[from] psn\n|upkeep\n|turn|12\n|inactive|PLLV52 Notes has 60 seconds left.\n|\n|t:|1701098571\n|switch|p1a: Iron Valiant|Iron Valiant|100\/100\n|move|p2a: Ting-Lu|Whirlwind|p1a: Iron Valiant\n|-end|p1a: Iron Valiant|Quark Drive|[silent]\n|drag|p1a: Dragapult|Dragapult, F|100\/100\n|-damage|p1a: Dragapult|88\/100|[from] Spikes\n|\n|-heal|p2a: Ting-Lu|67\/100|[from] item: Leftovers\n|upkeep\n|turn|13\n|\n|t:|1701098579\n|move|p1a: Dragapult|Dragon Darts|p2a: Ting-Lu\n|-damage|p2a: Ting-Lu|47\/100\n|-anim|p1a: Dragapult|Dragon Darts|p2a: Ting-Lu\n|-damage|p2a: Ting-Lu|24\/100\n|move|p2a: Ting-Lu|Ruination|p1a: Dragapult\n|-damage|p1a: Dragapult|44\/100\n|\n|-heal|p2a: Ting-Lu|30\/100|[from] item: Leftovers\n|upkeep\n|turn|14\n|inactive|PLLV52 Notes has 60 seconds left.\n|\n|t:|1701098589\n|switch|p1a: Moltres|Moltres|47\/100\n|switch|p2a: Fezandipiti|Fezandipiti, M|92\/100\n|\n|upkeep\n|turn|15\n|\n|t:|1701098594\n|move|p2a: Fezandipiti|Sludge Bomb|p1a: Moltres\n|-damage|p1a: Moltres|23\/100\n|move|p1a: Moltres|U-turn|p2a: Fezandipiti\n|-resisted|p2a: Fezandipiti\n|-damage|p2a: Fezandipiti|89\/100\n|\n|t:|1701098601\n|switch|p1a: Samurott|Samurott-Hisui, M|100\/100|[from] U-turn\n|-damage|p1a: Samurott|88\/100|[from] Spikes\n|\n|upkeep\n|turn|16\n|\n|t:|1701098606\n|move|p1a: Samurott|Razor Shell|p2a: Fezandipiti\n|-damage|p2a: Fezandipiti|43\/100\n|-unboost|p2a: Fezandipiti|def|1\n|move|p2a: Fezandipiti|U-turn|p1a: Samurott\n|-supereffective|p1a: Samurott\n|-damage|p1a: Samurott|52\/100\n|\n|t:|1701098628\n|switch|p2a: Zamazenta|Zamazenta|63\/100|[from] U-turn\n|-damage|p2a: Zamazenta|50\/100|[from] Spikes\n|-damage|p2a: Zamazenta|44\/100|[from] Stealth Rock\n|\n|-heal|p2a: Zamazenta|50\/100|[from] item: Leftovers\n|upkeep\n|turn|17\n|inactive|PLLV52 Notes has 60 seconds left.\n|\n|t:|1701098666\n|switch|p1a: Moltres|Moltres|23\/100\n|move|p2a: Zamazenta|Body Press|p1a: Moltres\n|-resisted|p1a: Moltres\n|-damage|p1a: Moltres|11\/100\n|\n|-heal|p2a: Zamazenta|57\/100|[from] item: Leftovers\n|upkeep\n|turn|18\n|inactive|PLLV52 Notes has 60 seconds left.\n|\n|t:|1701098673\n|switch|p1a: Iron Valiant|Iron Valiant|100\/100\n|move|p2a: Zamazenta|Body Press|p1a: Iron Valiant\n|-resisted|p1a: Iron Valiant\n|-damage|p1a: Iron Valiant|80\/100\n|\n|-heal|p2a: Zamazenta|63\/100|[from] item: Leftovers\n|upkeep\n|turn|19\n|\n|t:|1701098680\n|switch|p2a: Alomomola|Alomomola, F|100\/100\n|-damage|p2a: Alomomola|88\/100|[from] Spikes\n|-damage|p2a: Alomomola|76\/100|[from] Stealth Rock\n|move|p1a: Iron Valiant|Moonblast|p2a: Alomomola\n|-damage|p2a: Alomomola|28\/100\n|\n|upkeep\n|turn|20\n|\n|t:|1701098683\n|move|p2a: Alomomola|Protect|p2a: Alomomola\n|-singleturn|p2a: Alomomola|Protect\n|move|p1a: Iron Valiant|Moonblast|p2a: Alomomola\n|-activate|p2a: Alomomola|move: Protect\n|\n|upkeep\n|turn|21\n|\n|t:|1701098687\n|move|p1a: Iron Valiant|Knock Off|p2a: Alomomola\n|-damage|p2a: Alomomola|9\/100\n|-damage|p1a: Iron Valiant|63\/100|[from] item: Rocky Helmet|[of] p2a: Alomomola\n|-enditem|p2a: Alomomola|Rocky Helmet|[from] move: Knock Off|[of] p1a: Iron Valiant\n|move|p2a: Alomomola|Scald|p1a: Iron Valiant\n|-damage|p1a: Iron Valiant|36\/100\n|\n|upkeep\n|turn|22\n|\n|t:|1701098693\n|move|p1a: Iron Valiant|Moonblast|p2a: Alomomola\n|-damage|p2a: Alomomola|0 fnt\n|faint|p2a: Alomomola\n|\n|upkeep\n|\n|t:|1701098699\n|switch|p2a: Dragapult|Dragapult, F|100\/100\n|-damage|p2a: Dragapult|88\/100|[from] Spikes\n|-damage|p2a: Dragapult|76\/100|[from] Stealth Rock\n|turn|23\n|\n|t:|1701098703\n|-end|p1a: Iron Valiant|Quark Drive|[silent]\n|switch|p1a: Moltres|Moltres|11\/100\n|move|p2a: Dragapult|Shadow Ball|p1a: Moltres\n|-damage|p1a: Moltres|0 fnt\n|faint|p1a: Moltres\n|\n|upkeep\n|\n|t:|1701098705\n|switch|p1a: Samurott|Samurott-Hisui, M|52\/100\n|-damage|p1a: Samurott|39\/100|[from] Spikes\n|turn|24\n|\n|t:|1701098710\n|switch|p2a: Fezandipiti|Fezandipiti, M|43\/100\n|move|p1a: Samurott|Flip Turn|p2a: Fezandipiti\n|-damage|p2a: Fezandipiti|17\/100\n|\n|t:|1701098714\n|switch|p1a: Iron Valiant|Iron Valiant|36\/100|[from] Flip Turn\n|\n|upkeep\n|turn|25\n|\n|t:|1701098718\n|move|p1a: Iron Valiant|Moonblast|p2a: Fezandipiti\n|-resisted|p2a: Fezandipiti\n|-damage|p2a: Fezandipiti|5\/100\n|-unboost|p2a: Fezandipiti|spa|1\n|move|p2a: Fezandipiti|Sludge Bomb|p1a: Iron Valiant\n|-supereffective|p1a: Iron Valiant\n|-damage|p1a: Iron Valiant|0 fnt\n|faint|p1a: Iron Valiant\n|-end|p1a: Iron Valiant|Quark Drive|[silent]\n|\n|upkeep\n|\n|t:|1701098722\n|switch|p1a: Dragapult|Dragapult, F|44\/100\n|-damage|p1a: Dragapult|32\/100|[from] Spikes\n|turn|26\n|\n|t:|1701098727\n|-terastallize|p1a: Dragapult|Ghost\n|move|p1a: Dragapult|Tera Blast|p2a: Fezandipiti|[anim] Tera Blast Ghost\n|-damage|p2a: Fezandipiti|0 fnt\n|faint|p2a: Fezandipiti\n|\n|upkeep\n|\n|t:|1701098737\n|switch|p2a: Ting-Lu|Ting-Lu|30\/100\n|-damage|p2a: Ting-Lu|18\/100|[from] Spikes\n|-damage|p2a: Ting-Lu|11\/100|[from] Stealth Rock\n|-ability|p2a: Ting-Lu|Vessel of Ruin\n|turn|27\n|\n|t:|1701098741\n|move|p1a: Dragapult|Tera Blast|p2a: Ting-Lu|[anim] Tera Blast Ghost\n|-resisted|p2a: Ting-Lu\n|-damage|p2a: Ting-Lu|0 fnt\n|faint|p2a: Ting-Lu\n|\n|upkeep\n|\n|t:|1701098743\n|switch|p2a: Zamazenta|Zamazenta|63\/100\n|-damage|p2a: Zamazenta|50\/100|[from] Spikes\n|-damage|p2a: Zamazenta|44\/100|[from] Stealth Rock\n|turn|28\n|\n|t:|1701098752\n|switch|p1a: Ting-Lu|Ting-Lu|29\/100 tox\n|-damage|p1a: Ting-Lu|16\/100 tox|[from] Spikes\n|-ability|p1a: Ting-Lu|Vessel of Ruin\n|move|p2a: Zamazenta|Crunch|p1a: Ting-Lu\n|-resisted|p1a: Ting-Lu\n|-damage|p1a: Ting-Lu|10\/100 tox\n|\n|-heal|p2a: Zamazenta|50\/100|[from] item: Leftovers\n|-heal|p1a: Ting-Lu|16\/100 tox|[from] item: Leftovers\n|-damage|p1a: Ting-Lu|10\/100 tox|[from] psn\n|upkeep\n|turn|29\n|\n|t:|1701098759\n|move|p2a: Zamazenta|Iron Defense|p2a: Zamazenta\n|-boost|p2a: Zamazenta|def|2\n|move|p1a: Ting-Lu|Whirlwind|p2a: Zamazenta\n|drag|p2a: Dragapult|Dragapult, F|76\/100\n|-damage|p2a: Dragapult|64\/100|[from] Spikes\n|-damage|p2a: Dragapult|51\/100|[from] Stealth Rock\n|\n|-heal|p1a: Ting-Lu|16\/100 tox|[from] item: Leftovers\n|-damage|p1a: Ting-Lu|4\/100 tox|[from] psn\n|upkeep\n|turn|30\n|\n|t:|1701098767\n|move|p2a: Dragapult|Shadow Ball|p1a: Ting-Lu\n|-resisted|p1a: Ting-Lu\n|-damage|p1a: Ting-Lu|0 fnt\n|faint|p1a: Ting-Lu\n|\n|upkeep\n|\n|t:|1701098772\n|switch|p1a: Samurott|Samurott-Hisui, M|39\/100\n|-damage|p1a: Samurott|27\/100|[from] Spikes\n|turn|31\n|\n|t:|1701098776\n|switch|p2a: Moltres|Moltres|72\/100\n|move|p1a: Samurott|Ceaseless Edge|p2a: Moltres\n|-damage|p2a: Moltres|29\/100\n|-sidestart|p2: Rand_Zorua|Spikes\n|\n|upkeep\n|turn|32\n|\n|t:|1701098784\n|switch|p1a: Dragapult|Dragapult, F, tera:Ghost|32\/100\n|-damage|p1a: Dragapult|20\/100|[from] Spikes\n|move|p2a: Moltres|Roost|p2a: Moltres\n|-heal|p2a: Moltres|80\/100\n|-singleturn|p2a: Moltres|move: Roost\n|\n|upkeep\n|turn|33\n|\n|t:|1701098789\n|move|p1a: Dragapult|Tera Blast|p2a: Moltres|[anim] Tera Blast Ghost\n|-damage|p2a: Moltres|1\/100\n|move|p2a: Moltres|Flamethrower|p1a: Dragapult\n|-damage|p1a: Dragapult|0 fnt\n|faint|p1a: Dragapult\n|\n|upkeep\n|\n|t:|1701098793\n|switch|p1a: Samurott|Samurott-Hisui, M|27\/100\n|-damage|p1a: Samurott|15\/100|[from] Spikes\n|turn|34\n|\n|t:|1701098795\n|move|p1a: Samurott|Razor Shell|p2a: Moltres\n|-supereffective|p2a: Moltres\n|-damage|p2a: Moltres|0 fnt\n|-status|p1a: Samurott|brn|[from] ability: Flame Body|[of] p2a: Moltres\n|faint|p2a: Moltres\n|\n|-damage|p1a: Samurott|8\/100 brn|[from] brn\n|upkeep\n|\n|t:|1701098798\n|switch|p2a: Zamazenta|Zamazenta|50\/100\n|-damage|p2a: Zamazenta|34\/100|[from] Spikes\n|-damage|p2a: Zamazenta|28\/100|[from] Stealth Rock\n|turn|35\n|\n|t:|1701098801\n|move|p1a: Samurott|Razor Shell|p2a: Zamazenta\n|-damage|p2a: Zamazenta|8\/100\n|move|p2a: Zamazenta|Body Press|p1a: Samurott\n|-supereffective|p1a: Samurott\n|-damage|p1a: Samurott|0 fnt\n|faint|p1a: Samurott\n|\n|win|Rand_Zorua\n|raw|PLLV52 Notes's rating: 1523 &rarr; <strong>1498<\/strong><br \/>(-25 for losing)\n|raw|Rand_Zorua's rating: 1443 &rarr; <strong>1468<\/strong><br \/>(+25 for winning)\n","uploadtime":1701098815,"views":3,"p1id":"pllv52notes","p2id":"randzorua","formatid":"gen9ou","rating":1468,"private":0,"password":""}