{"id":"gen9ou-1991271358","p1":"zzqzwh","p2":"ElFelikz","format":"[Gen 9] OU","log":"|j|\u203dzzqzwh\n|j|\u2606ElFelikz\n|t:|1700063106\n|gametype|singles\n|player|p1|zzqzwh|170|1086\n|player|p2|ElFelikz|veteran|1025\n|teamsize|p1|6\n|teamsize|p2|6\n|gen|9\n|tier|[Gen 9] OU\n|rated|\n|rule|Sleep Clause Mod: Limit one foe put to sleep\n|rule|Species Clause: Limit one of each Pok\u00e9mon\n|rule|OHKO Clause: OHKO moves are banned\n|rule|Evasion Items Clause: Evasion items are banned\n|rule|Evasion Moves Clause: Evasion moves are banned\n|rule|Endless Battle Clause: Forcing endless battles is banned\n|rule|HP Percentage Mod: HP is shown in percentages\n|clearpoke\n|poke|p1|Grimmsnarl, M|\n|poke|p1|Kommo-o, F|\n|poke|p1|Scizor, M|\n|poke|p1|Ribombee, F|\n|poke|p1|Chandelure, F|\n|poke|p1|Garchomp, F|\n|poke|p2|Ting-Lu|\n|poke|p2|Sneasler, F|\n|poke|p2|Zapdos|\n|poke|p2|Heatran, M|\n|poke|p2|Rillaboom, F|\n|poke|p2|Manaphy|\n|teampreview\n|\n|t:|1700063134\n|start\n|switch|p1a: Ribombee|Ribombee, F|100\/100\n|switch|p2a: Sneasler|Sneasler, F, shiny|100\/100\n|turn|1\n|\n|t:|1700063141\n|move|p1a: Ribombee|Sticky Web|p2a: Sneasler\n|-sidestart|p2: ElFelikz|move: Sticky Web\n|move|p2a: Sneasler|Swords Dance|p2a: Sneasler\n|-boost|p2a: Sneasler|atk|2\n|\n|upkeep\n|turn|2\n|\n|t:|1700063154\n|move|p1a: Ribombee|Quiver Dance|p1a: Ribombee\n|-boost|p1a: Ribombee|spa|1\n|-boost|p1a: Ribombee|spd|1\n|-boost|p1a: Ribombee|spe|1\n|move|p2a: Sneasler|Dire Claw|p1a: Ribombee\n|-supereffective|p1a: Ribombee\n|-enditem|p1a: Ribombee|Focus Sash\n|-damage|p1a: Ribombee|1\/100\n|-block|p1a: Ribombee|ability: Sweet Veil|[of] p1a: Ribombee\n|\n|upkeep\n|turn|3\n|\n|t:|1700063165\n|move|p1a: Ribombee|Moonblast|p2a: Sneasler\n|-damage|p2a: Sneasler|45\/100\n|move|p2a: Sneasler|Dire Claw|p1a: Ribombee\n|-supereffective|p1a: Ribombee\n|-damage|p1a: Ribombee|0 fnt\n|faint|p1a: Ribombee\n|\n|upkeep\n|\n|t:|1700063175\n|switch|p1a: Grimmsnarl|Grimmsnarl, M, shiny|100\/100\n|turn|4\n|\n|t:|1700063178\n|move|p1a: Grimmsnarl|Reflect|p1a: Grimmsnarl\n|-sidestart|p1: zzqzwh|Reflect\n|move|p2a: Sneasler|Dire Claw|p1a: Grimmsnarl\n|-supereffective|p1a: Grimmsnarl\n|-crit|p1a: Grimmsnarl\n|-damage|p1a: Grimmsnarl|0 fnt\n|faint|p1a: Grimmsnarl\n|\n|upkeep\n|\n|t:|1700063187\n|switch|p1a: Chandelure|Chandelure, F, shiny|100\/100\n|turn|5\n|\n|t:|1700063191\n|move|p2a: Sneasler|Lash Out|p1a: Chandelure\n|-supereffective|p1a: Chandelure\n|-damage|p1a: Chandelure|25\/100\n|move|p1a: Chandelure|Flamethrower|p2a: Sneasler\n|-damage|p2a: Sneasler|0 fnt\n|faint|p2a: Sneasler\n|\n|upkeep\n|\n|t:|1700063215\n|switch|p2a: Ting-Lu|Ting-Lu|100\/100\n|-activate|p2a: Ting-Lu|move: Sticky Web\n|-unboost|p2a: Ting-Lu|spe|1\n|-ability|p2a: Ting-Lu|Vessel of Ruin\n|turn|6\n|\n|t:|1700063225\n|move|p1a: Chandelure|Heat Wave|p2a: Ting-Lu|[miss]\n|-miss|p1a: Chandelure|p2a: Ting-Lu\n|move|p2a: Ting-Lu|Stealth Rock|p1a: Chandelure\n|-sidestart|p1: zzqzwh|move: Stealth Rock\n|\n|upkeep\n|turn|7\n|\n|t:|1700063239\n|move|p1a: Chandelure|Energy Ball|p2a: Ting-Lu\n|-supereffective|p2a: Ting-Lu\n|-damage|p2a: Ting-Lu|57\/100\n|move|p2a: Ting-Lu|Spikes|p1a: Chandelure\n|-sidestart|p1: zzqzwh|Spikes\n|\n|-heal|p2a: Ting-Lu|63\/100|[from] item: Leftovers\n|upkeep\n|turn|8\n|\n|t:|1700063248\n|move|p1a: Chandelure|Energy Ball|p2a: Ting-Lu\n|-supereffective|p2a: Ting-Lu\n|-damage|p2a: Ting-Lu|15\/100\n|move|p2a: Ting-Lu|Earthquake|p1a: Chandelure\n|-supereffective|p1a: Chandelure\n|-damage|p1a: Chandelure|0 fnt\n|faint|p1a: Chandelure\n|\n|-heal|p2a: Ting-Lu|21\/100|[from] item: Leftovers\n|upkeep\n|\n|t:|1700063259\n|switch|p1a: Scizor|Scizor, M|100\/100\n|-damage|p1a: Scizor|88\/100|[from] Stealth Rock\n|-damage|p1a: Scizor|76\/100|[from] Spikes\n|turn|9\n|\n|t:|1700063265\n|move|p1a: Scizor|Bullet Punch|p2a: Ting-Lu\n|-damage|p2a: Ting-Lu|4\/100\n|-damage|p1a: Scizor|66\/100|[from] item: Life Orb\n|move|p2a: Ting-Lu|Earthquake|p1a: Scizor\n|-damage|p1a: Scizor|48\/100\n|\n|-heal|p2a: Ting-Lu|10\/100|[from] item: Leftovers\n|upkeep\n|turn|10\n|\n|t:|1700063274\n|move|p1a: Scizor|Bullet Punch|p2a: Ting-Lu\n|-damage|p2a: Ting-Lu|0 fnt\n|faint|p2a: Ting-Lu\n|-damage|p1a: Scizor|38\/100|[from] item: Life Orb\n|\n|upkeep\n|\n|t:|1700063290\n|switch|p2a: Zapdos|Zapdos|100\/100\n|turn|11\n|\n|t:|1700063298\n|move|p2a: Zapdos|Hurricane|p1a: Scizor\n|-damage|p1a: Scizor|0 fnt\n|faint|p1a: Scizor\n|\n|-sideend|p1: zzqzwh|Reflect\n|upkeep\n|\n|t:|1700063305\n|switch|p1a: Kommo-o|Kommo-o, F, shiny|100\/100\n|-damage|p1a: Kommo-o|94\/100|[from] Stealth Rock\n|-damage|p1a: Kommo-o|82\/100|[from] Spikes\n|turn|12\n|\n|t:|1700063311\n|move|p1a: Kommo-o|Clangorous Soul|p1a: Kommo-o\n|-boost|p1a: Kommo-o|atk|1\n|-boost|p1a: Kommo-o|def|1\n|-boost|p1a: Kommo-o|spa|1\n|-boost|p1a: Kommo-o|spd|1\n|-boost|p1a: Kommo-o|spe|1\n|-damage|p1a: Kommo-o|49\/100\n|-enditem|p1a: Kommo-o|Throat Spray\n|-boost|p1a: Kommo-o|spa|1|[from] item: Throat Spray\n|move|p2a: Zapdos|Thunder Wave|p1a: Kommo-o\n|-status|p1a: Kommo-o|par\n|\n|upkeep\n|turn|13\n|\n|t:|1700063325\n|move|p2a: Zapdos|Hurricane|p1a: Kommo-o\n|-supereffective|p1a: Kommo-o\n|-damage|p1a: Kommo-o|0 fnt\n|faint|p1a: Kommo-o\n|\n|upkeep\n|-message|zzqzwh forfeited.\n|\n|win|ElFelikz\n|raw|zzqzwh's rating: 1086 &rarr; <strong>1059<\/strong><br \/>(-27 for losing)\n|raw|ElFelikz's rating: 1025 &rarr; <strong>1068<\/strong><br \/>(+43 for winning)\n|l|\u203dzzqzwh\n|c|\u2606ElFelikz|bruh\n","uploadtime":1700063334,"views":9,"p1id":"zzqzwh","p2id":"elfelikz","formatid":"gen9ou","rating":1059,"private":0,"password":""}