{"id":"gen9ou-1988931096","p1":"sharpenedglassrock","p2":"stolgalorg","format":"[Gen 9] OU","log":"|j|\u2606sharpenedglassrock\n|j|\u2606stolgalorg\n|t:|1699789964\n|gametype|singles\n|player|p1|sharpenedglassrock|blue|1091\n|player|p2|stolgalorg|169|1113\n|teamsize|p1|6\n|teamsize|p2|6\n|gen|9\n|tier|[Gen 9] OU\n|rated|\n|rule|Sleep Clause Mod: Limit one foe put to sleep\n|rule|Species Clause: Limit one of each Pok\u00e9mon\n|rule|OHKO Clause: OHKO moves are banned\n|rule|Evasion Items Clause: Evasion items are banned\n|rule|Evasion Moves Clause: Evasion moves are banned\n|rule|Endless Battle Clause: Forcing endless battles is banned\n|rule|HP Percentage Mod: HP is shown in percentages\n|clearpoke\n|poke|p1|Goodra-Hisui, F|\n|poke|p1|Dondozo, F|\n|poke|p1|Clodsire, F|\n|poke|p1|Glimmora, F|\n|poke|p1|Pawmot, M|\n|poke|p1|Garganacl, M|\n|poke|p2|Cinderace, M|\n|poke|p2|Zapdos|\n|poke|p2|Ogerpon-Wellspring, F|\n|poke|p2|Slowking-Galar, M|\n|poke|p2|Ting-Lu|\n|poke|p2|Dondozo, M|\n|teampreview\n|inactive|Battle timer is ON: inactive players will automatically lose when time's up. (requested by stolgalorg)\n|\n|t:|1699789988\n|start\n|switch|p1a: sonar|Garganacl, M|100\/100\n|switch|p2a: Ting-Lu|Ting-Lu|100\/100\n|-ability|p2a: Ting-Lu|Vessel of Ruin\n|turn|1\n|\n|t:|1699789993\n|move|p2a: Ting-Lu|Stealth Rock|p1a: sonar\n|-sidestart|p1: sharpenedglassrock|move: Stealth Rock\n|move|p1a: sonar|Salt Cure|p2a: Ting-Lu\n|-resisted|p2a: Ting-Lu\n|-damage|p2a: Ting-Lu|97\/100\n|-start|p2a: Ting-Lu|Salt Cure\n|\n|-heal|p2a: Ting-Lu|100\/100|[from] item: Leftovers\n|-damage|p2a: Ting-Lu|88\/100|[from] Salt Cure\n|upkeep\n|turn|2\n|\n|t:|1699790002\n|move|p2a: Ting-Lu|Earthquake|p1a: sonar\n|-supereffective|p1a: sonar\n|-damage|p1a: sonar|64\/100\n|move|p1a: sonar|Body Press|p2a: Ting-Lu\n|-supereffective|p2a: Ting-Lu\n|-damage|p2a: Ting-Lu|53\/100\n|\n|-heal|p2a: Ting-Lu|59\/100|[from] item: Leftovers\n|-heal|p1a: sonar|71\/100|[from] item: Leftovers\n|-damage|p2a: Ting-Lu|47\/100|[from] Salt Cure\n|upkeep\n|turn|3\n|\n|t:|1699790020\n|switch|p2a: Slowking|Slowking-Galar, M|100\/100\n|move|p1a: sonar|Salt Cure|p2a: Slowking\n|-damage|p2a: Slowking|90\/100\n|-start|p2a: Slowking|Salt Cure\n|\n|-heal|p1a: sonar|77\/100|[from] item: Leftovers\n|-damage|p2a: Slowking|77\/100|[from] Salt Cure\n|upkeep\n|turn|4\n|\n|t:|1699790033\n|switch|p1a: slugf|Goodra-Hisui, F|100\/100\n|-damage|p1a: slugf|94\/100|[from] Stealth Rock\n|move|p2a: Slowking|Chilly Reception|p2a: Slowking\n|-weather|Snow\n|\n|t:|1699790041\n|switch|p2a: Ting-Lu|Ting-Lu|47\/100|[from] Chilly Reception\n|-ability|p2a: Ting-Lu|Vessel of Ruin\n|\n|-weather|Snow|[upkeep]\n|-heal|p2a: Ting-Lu|53\/100|[from] item: Leftovers\n|upkeep\n|turn|5\n|\n|t:|1699790059\n|move|p1a: slugf|Draco Meteor|p2a: Ting-Lu\n|-damage|p2a: Ting-Lu|34\/100\n|-unboost|p1a: slugf|spa|2\n|move|p2a: Ting-Lu|Earthquake|p1a: slugf\n|-supereffective|p1a: slugf\n|-damage|p1a: slugf|25\/100\n|\n|-weather|Snow|[upkeep]\n|-heal|p2a: Ting-Lu|40\/100|[from] item: Leftovers\n|upkeep\n|turn|6\n|\n|t:|1699790075\n|move|p1a: slugf|Draco Meteor|p2a: Ting-Lu\n|-damage|p2a: Ting-Lu|30\/100\n|-unboost|p1a: slugf|spa|2\n|move|p2a: Ting-Lu|Earthquake|p1a: slugf\n|-supereffective|p1a: slugf\n|-damage|p1a: slugf|0 fnt\n|faint|p1a: slugf\n|\n|-weather|Snow|[upkeep]\n|-heal|p2a: Ting-Lu|36\/100|[from] item: Leftovers\n|upkeep\n|\n|t:|1699790083\n|switch|p1a: asbestos|Glimmora, F|100\/100\n|-damage|p1a: asbestos|88\/100|[from] Stealth Rock\n|turn|7\n|\n|t:|1699790088\n|move|p1a: asbestos|Mortal Spin|p2a: Ting-Lu\n|-resisted|p2a: Ting-Lu\n|-damage|p2a: Ting-Lu|34\/100\n|-status|p2a: Ting-Lu|psn\n|-sideend|p1: sharpenedglassrock|Stealth Rock|[from] move: Mortal Spin|[of] p1a: asbestos\n|move|p2a: Ting-Lu|Earthquake|p1a: asbestos\n|-supereffective|p1a: asbestos\n|-damage|p1a: asbestos|0 fnt\n|-activate|p1a: asbestos|ability: Toxic Debris\n|-sidestart|p2: stolgalorg|move: Toxic Spikes\n|faint|p1a: asbestos\n|\n|-weather|Snow|[upkeep]\n|-heal|p2a: Ting-Lu|41\/100 psn|[from] item: Leftovers\n|-damage|p2a: Ting-Lu|28\/100 psn|[from] psn\n|upkeep\n|\n|t:|1699790104\n|switch|p1a: sonar|Garganacl, M|77\/100\n|turn|8\n|\n|t:|1699790107\n|move|p2a: Ting-Lu|Stealth Rock|p1a: sonar\n|-sidestart|p1: sharpenedglassrock|move: Stealth Rock\n|move|p1a: sonar|Iron Defense|p1a: sonar\n|-boost|p1a: sonar|def|2\n|\n|-weather|none\n|-heal|p2a: Ting-Lu|34\/100 psn|[from] item: Leftovers\n|-heal|p1a: sonar|83\/100|[from] item: Leftovers\n|-damage|p2a: Ting-Lu|22\/100 psn|[from] psn\n|upkeep\n|turn|9\n|\n|t:|1699790114\n|move|p1a: sonar|Body Press|p2a: Ting-Lu\n|-supereffective|p2a: Ting-Lu\n|-damage|p2a: Ting-Lu|0 fnt\n|faint|p2a: Ting-Lu\n|\n|-heal|p1a: sonar|89\/100|[from] item: Leftovers\n|upkeep\n|\n|t:|1699790119\n|switch|p2a: Slowking|Slowking-Galar, M|100\/100\n|-sideend|p2: stolgalorg|move: Toxic Spikes|[of] p2a: Slowking\n|turn|10\n|\n|t:|1699790123\n|move|p2a: Slowking|Future Sight|p1a: sonar\n|-start|p2a: Slowking|move: Future Sight\n|move|p1a: sonar|Iron Defense|p1a: sonar\n|-boost|p1a: sonar|def|2\n|\n|-heal|p1a: sonar|95\/100|[from] item: Leftovers\n|upkeep\n|turn|11\n|\n|t:|1699790130\n|move|p2a: Slowking|Chilly Reception|p2a: Slowking\n|-weather|Snow\n|\n|t:|1699790132\n|switch|p2a: Dondozo|Dondozo, M|100\/100|[from] Chilly Reception\n|move|p1a: sonar|Salt Cure|p2a: Dondozo\n|-damage|p2a: Dondozo|94\/100\n|-start|p2a: Dondozo|Salt Cure\n|\n|-weather|Snow|[upkeep]\n|-heal|p1a: sonar|100\/100|[from] item: Leftovers\n|-damage|p2a: Dondozo|69\/100|[from] Salt Cure\n|upkeep\n|turn|12\n|\n|t:|1699790135\n|-terastallize|p2a: Dondozo|Fairy\n|move|p1a: sonar|Body Press|p2a: Dondozo\n|-resisted|p2a: Dondozo\n|-damage|p2a: Dondozo|62\/100\n|move|p2a: Dondozo|Body Press|p1a: sonar\n|-supereffective|p1a: sonar\n|-damage|p1a: sonar|72\/100\n|\n|-weather|Snow|[upkeep]\n|-end|p1a: sonar|move: Future Sight\n|-damage|p1a: sonar|32\/100\n|-heal|p1a: sonar|39\/100|[from] item: Leftovers\n|-damage|p2a: Dondozo|50\/100|[from] Salt Cure\n|upkeep\n|turn|13\n|\n|t:|1699790142\n|move|p1a: sonar|Recover|p1a: sonar\n|-heal|p1a: sonar|89\/100\n|move|p2a: Dondozo|Body Press|p1a: sonar\n|-supereffective|p1a: sonar\n|-damage|p1a: sonar|59\/100\n|\n|-weather|Snow|[upkeep]\n|-heal|p1a: sonar|66\/100|[from] item: Leftovers\n|-damage|p2a: Dondozo|37\/100|[from] Salt Cure\n|upkeep\n|turn|14\n|\n|t:|1699790149\n|move|p1a: sonar|Iron Defense|p1a: sonar\n|-boost|p1a: sonar|def|2\n|move|p2a: Dondozo|Rest|p2a: Dondozo\n|-status|p2a: Dondozo|slp|[from] move: Rest\n|-heal|p2a: Dondozo|100\/100 slp|[silent]\n|\n|-weather|Snow|[upkeep]\n|-heal|p1a: sonar|72\/100|[from] item: Leftovers\n|-damage|p2a: Dondozo|88\/100 slp|[from] Salt Cure\n|upkeep\n|turn|15\n|\n|t:|1699790157\n|switch|p1a: pomor sleeps...|Pawmot, M|100\/100\n|-damage|p1a: pomor sleeps...|94\/100|[from] Stealth Rock\n|cant|p2a: Dondozo|slp\n|move|p2a: Dondozo|Sleep Talk|p2a: Dondozo\n|move|p2a: Dondozo|Avalanche|p1a: pomor sleeps...|[from]move: Sleep Talk\n|-damage|p1a: pomor sleeps...|83\/100\n|\n|-weather|none\n|-heal|p1a: pomor sleeps...|89\/100|[from] item: Leftovers\n|-damage|p2a: Dondozo|75\/100 slp|[from] Salt Cure\n|upkeep\n|turn|16\n|\n|t:|1699790171\n|switch|p2a: Cinderace|Cinderace, M|100\/100\n|move|p1a: pomor sleeps...|Revival Blessing|p1a: pomor sleeps...\n|\n|t:|1699790176\n|-heal|p1: asbestos|50\/100|[from] move: Revival Blessing\n|\n|-heal|p1a: pomor sleeps...|95\/100|[from] item: Leftovers\n|upkeep\n|turn|17\n|\n|t:|1699790181\n|switch|p1a: asbestos|Glimmora, F|50\/100\n|-damage|p1a: asbestos|38\/100|[from] Stealth Rock\n|move|p2a: Cinderace|Pyro Ball|p1a: asbestos\n|-resisted|p1a: asbestos\n|-damage|p1a: asbestos|22\/100\n|-activate|p1a: asbestos|ability: Toxic Debris\n|-sidestart|p2: stolgalorg|move: Toxic Spikes\n|\n|upkeep\n|turn|18\n|\n|t:|1699790191\n|move|p2a: Cinderace|Pyro Ball|p1a: asbestos\n|-resisted|p1a: asbestos\n|-damage|p1a: asbestos|4\/100\n|-activate|p1a: asbestos|ability: Toxic Debris\n|-sidestart|p2: stolgalorg|move: Toxic Spikes\n|move|p1a: asbestos|Mortal Spin|p2a: Cinderace\n|-damage|p2a: Cinderace|93\/100\n|-status|p2a: Cinderace|psn\n|-sideend|p1: sharpenedglassrock|Stealth Rock|[from] move: Mortal Spin|[of] p1a: asbestos\n|\n|-damage|p2a: Cinderace|80\/100 psn|[from] psn\n|upkeep\n|turn|19\n|\n|t:|1699790198\n|move|p2a: Cinderace|U-turn|p1a: asbestos\n|-resisted|p1a: asbestos\n|-crit|p1a: asbestos\n|-damage|p1a: asbestos|0 fnt\n|-damage|p2a: Cinderace|64\/100 psn|[from] item: Rocky Helmet|[of] p1a: asbestos\n|faint|p1a: asbestos\n|\n|t:|1699790204\n|switch|p2a: Slowking|Slowking-Galar, M|100\/100|[from] U-turn\n|-sideend|p2: stolgalorg|move: Toxic Spikes|[of] p2a: Slowking\n|\n|upkeep\n|\n|t:|1699790210\n|switch|p1a: pomor sleeps...|Pawmot, M|95\/100\n|turn|20\n|\n|t:|1699790216\n|move|p1a: pomor sleeps...|Rest|p1a: pomor sleeps...\n|-status|p1a: pomor sleeps...|slp|[from] move: Rest\n|-heal|p1a: pomor sleeps...|100\/100 slp|[silent]\n|move|p2a: Slowking|Future Sight|p1a: pomor sleeps...\n|-start|p2a: Slowking|move: Future Sight\n|\n|upkeep\n|turn|21\n|\n|t:|1699790227\n|switch|p2a: Ogerpon|Ogerpon-Wellspring, F|100\/100\n|cant|p1a: pomor sleeps...|slp\n|move|p1a: pomor sleeps...|Sleep Talk|p1a: pomor sleeps...\n|move|p1a: pomor sleeps...|Rest||[from]move: Sleep Talk|[still]\n|-fail|p1a: pomor sleeps...\n|\n|upkeep\n|turn|22\n|\n|t:|1699790239\n|switch|p1a: crip clod|Dondozo, F|100\/100\n|move|p2a: Ogerpon|Ivy Cudgel|p1a: crip clod\n|-resisted|p1a: crip clod\n|-damage|p1a: crip clod|87\/100\n|\n|-end|p1a: crip clod|move: Future Sight\n|-damage|p1a: crip clod|45\/100\n|-heal|p1a: crip clod|51\/100|[from] item: Leftovers\n|upkeep\n|turn|23\n|\n|t:|1699790246\n|move|p2a: Ogerpon|Power Whip|p1a: crip clod\n|-supereffective|p1a: crip clod\n|-damage|p1a: crip clod|0 fnt\n|faint|p1a: crip clod\n|\n|upkeep\n|\n|t:|1699790255\n|switch|p1a: pomor sleeps...|Pawmot, M|100\/100 slp\n|turn|24\n|\n|t:|1699790259\n|move|p2a: Ogerpon|Ivy Cudgel|p1a: pomor sleeps...\n|-damage|p1a: pomor sleeps...|48\/100 slp\n|cant|p1a: pomor sleeps...|slp\n|move|p1a: pomor sleeps...|Sleep Talk|p1a: pomor sleeps...\n|move|p1a: pomor sleeps...|Revival Blessing|p1a: pomor sleeps...|[from]move: Sleep Talk\n|\n|t:|1699790266\n|-heal|p1: slugf|50\/100|[from] move: Revival Blessing\n|\n|-heal|p1a: pomor sleeps...|54\/100 slp|[from] item: Leftovers\n|upkeep\n|turn|25\n|\n|t:|1699790272\n|move|p2a: Ogerpon|Ivy Cudgel|p1a: pomor sleeps...\n|-damage|p1a: pomor sleeps...|1\/100 slp\n|-curestatus|p1a: pomor sleeps...|slp|[msg]\n|move|p1a: pomor sleeps...|Rest|p1a: pomor sleeps...\n|-status|p1a: pomor sleeps...|slp|[from] move: Rest\n|-heal|p1a: pomor sleeps...|100\/100 slp|[silent]\n|\n|upkeep\n|turn|26\n|\n|t:|1699790277\n|move|p2a: Ogerpon|Encore|p1a: pomor sleeps...\n|-start|p1a: pomor sleeps...|Encore\n|cant|p1a: pomor sleeps...|slp\n|\n|upkeep\n|turn|27\n|\n|t:|1699790291\n|switch|p1a: blood clod|Clodsire, F|100\/100\n|move|p2a: Ogerpon|Ivy Cudgel|p1a: blood clod\n|-supereffective|p1a: blood clod\n|-damage|p1a: blood clod|0 fnt\n|faint|p1a: blood clod\n|\n|upkeep\n|\n|t:|1699790302\n|switch|p1a: pomor sleeps...|Pawmot, M|100\/100 slp\n|turn|28\n|\n|t:|1699790305\n|move|p2a: Ogerpon|Ivy Cudgel|p1a: pomor sleeps...\n|-damage|p1a: pomor sleeps...|51\/100 slp\n|cant|p1a: pomor sleeps...|slp\n|move|p1a: pomor sleeps...|Sleep Talk|p1a: pomor sleeps...\n|move|p1a: pomor sleeps...|Wish|p1a: pomor sleeps...|[from]move: Sleep Talk\n|\n|-heal|p1a: pomor sleeps...|57\/100 slp|[from] item: Leftovers\n|upkeep\n|turn|29\n|\n|t:|1699790315\n|switch|p1a: slugf|Goodra-Hisui, F|50\/100\n|move|p2a: Ogerpon|Power Whip|p1a: slugf\n|-ability|p1a: slugf|Sap Sipper|boost\n|-boost|p1a: slugf|atk|1\n|\n|-heal|p1a: slugf|98\/100|[from] move: Wish|[wisher] pomor sleeps...\n|upkeep\n|turn|30\n|\n|t:|1699790324\n|switch|p2a: Slowking|Slowking-Galar, M|100\/100\n|move|p1a: slugf|Dragon Tail|p2a: Slowking\n|-damage|p2a: Slowking|76\/100\n|drag|p2a: Ogerpon|Ogerpon-Wellspring, F|100\/100\n|\n|upkeep\n|turn|31\n|\n|t:|1699790329\n|move|p2a: Ogerpon|Encore|p1a: slugf\n|-start|p1a: slugf|Encore\n|move|p1a: slugf|Dragon Tail|p2a: Ogerpon\n|-damage|p2a: Ogerpon|60\/100\n|drag|p2a: Slowking|Slowking-Galar, M|100\/100\n|\n|upkeep\n|turn|32\n|\n|t:|1699790331\n|switch|p2a: Dondozo|Dondozo, M, tera:Fairy|75\/100 slp\n|move|p1a: slugf|Dragon Tail|p2a: Dondozo\n|-immune|p2a: Dondozo\n|\n|upkeep\n|turn|33\n|\n|t:|1699790337\n|switch|p1a: pomor sleeps...|Pawmot, M|57\/100 slp\n|switch|p2a: Ogerpon|Ogerpon-Wellspring, F|60\/100\n|\n|-heal|p1a: pomor sleeps...|63\/100 slp|[from] item: Leftovers\n|upkeep\n|turn|34\n|\n|t:|1699790344\n|move|p2a: Ogerpon|Ivy Cudgel|p1a: pomor sleeps...\n|-damage|p1a: pomor sleeps...|12\/100 slp\n|-curestatus|p1a: pomor sleeps...|slp|[msg]\n|move|p1a: pomor sleeps...|Rest|p1a: pomor sleeps...\n|-status|p1a: pomor sleeps...|slp|[from] move: Rest\n|-heal|p1a: pomor sleeps...|100\/100 slp|[silent]\n|\n|upkeep\n|turn|35\n|\n|t:|1699790347\n|switch|p1a: slugf|Goodra-Hisui, F|98\/100\n|move|p2a: Ogerpon|Encore||[still]\n|-fail|p2a: Ogerpon\n|\n|upkeep\n|turn|36\n|\n|t:|1699790352\n|move|p2a: Ogerpon|Knock Off|p1a: slugf\n|-damage|p1a: slugf|62\/100\n|-enditem|p1a: slugf|Assault Vest|[from] move: Knock Off|[of] p2a: Ogerpon\n|move|p1a: slugf|Draco Meteor|p2a: Ogerpon\n|-crit|p2a: Ogerpon\n|-damage|p2a: Ogerpon|0 fnt\n|-unboost|p1a: slugf|spa|2\n|faint|p2a: Ogerpon\n|\n|upkeep\n|\n|t:|1699790360\n|switch|p2a: Cinderace|Cinderace, M|64\/100 psn\n|turn|37\n|\n|t:|1699790363\n|move|p2a: Cinderace|Pyro Ball|p1a: slugf|[miss]\n|-miss|p2a: Cinderace|p1a: slugf\n|move|p1a: slugf|Dragon Tail|p2a: Cinderace\n|-damage|p2a: Cinderace|37\/100 psn\n|drag|p2a: Zapdos|Zapdos|100\/100\n|\n|upkeep\n|turn|38\n|\n|t:|1699790368\n|move|p2a: Zapdos|Thunder Wave|p1a: slugf\n|-status|p1a: slugf|par\n|cant|p1a: slugf|par\n|\n|upkeep\n|turn|39\n|\n|t:|1699790371\n|move|p2a: Zapdos|Hurricane|p1a: slugf\n|-resisted|p1a: slugf\n|-damage|p1a: slugf|49\/100 par\n|move|p1a: slugf|Dragon Tail|p2a: Zapdos\n|-damage|p2a: Zapdos|82\/100\n|drag|p2a: Dondozo|Dondozo, M, tera:Fairy|75\/100 slp\n|\n|upkeep\n|turn|40\n|\n|t:|1699790374\n|cant|p2a: Dondozo|slp\n|move|p2a: Dondozo|Sleep Talk|p2a: Dondozo\n|move|p2a: Dondozo|Avalanche|p1a: slugf|[from]move: Sleep Talk\n|-damage|p1a: slugf|37\/100 par\n|move|p1a: slugf|Flash Cannon|p2a: Dondozo\n|-supereffective|p2a: Dondozo\n|-crit|p2a: Dondozo\n|-damage|p2a: Dondozo|0 fnt\n|faint|p2a: Dondozo\n|\n|upkeep\n|\n|t:|1699790380\n|switch|p2a: Slowking|Slowking-Galar, M|100\/100\n|turn|41\n|\n|t:|1699790383\n|move|p2a: Slowking|Ice Beam|p1a: slugf\n|-damage|p1a: slugf|25\/100 par\n|move|p1a: slugf|Dragon Tail|p2a: Slowking\n|-damage|p2a: Slowking|85\/100\n|drag|p2a: Cinderace|Cinderace, M|37\/100 psn\n|\n|-damage|p2a: Cinderace|25\/100 psn|[from] psn\n|upkeep\n|turn|42\n|c|\u2606stolgalorg|sleep talk really should consume move pp\n|\n|t:|1699790393\n|move|p2a: Cinderace|Pyro Ball|p1a: slugf\n|-damage|p1a: slugf|0 fnt\n|faint|p1a: slugf\n|\n|-damage|p2a: Cinderace|13\/100 psn|[from] psn\n|upkeep\n|\n|t:|1699790397\n|switch|p1a: sonar|Garganacl, M|72\/100\n|turn|43\n|\n|t:|1699790409\n|move|p2a: Cinderace|U-turn|p1a: sonar\n|-damage|p1a: sonar|62\/100\n|\n|t:|1699790412\n|switch|p2a: Slowking|Slowking-Galar, M|100\/100|[from] U-turn\n|move|p1a: sonar|Recover|p1a: sonar\n|-heal|p1a: sonar|100\/100\n|\n|upkeep\n|turn|44\n|\n|t:|1699790417\n|move|p2a: Slowking|Future Sight|p1a: sonar\n|-start|p2a: Slowking|move: Future Sight\n|move|p1a: sonar|Salt Cure|p2a: Slowking\n|-damage|p2a: Slowking|91\/100\n|-start|p2a: Slowking|Salt Cure\n|\n|-damage|p2a: Slowking|78\/100|[from] Salt Cure\n|upkeep\n|turn|45\n|\n|t:|1699790424\n|move|p2a: Slowking|Ice Beam|p1a: sonar\n|-damage|p1a: sonar|79\/100\n|move|p1a: sonar|Iron Defense|p1a: sonar\n|-boost|p1a: sonar|def|2\n|\n|-heal|p1a: sonar|86\/100|[from] item: Leftovers\n|-damage|p2a: Slowking|66\/100|[from] Salt Cure\n|upkeep\n|turn|46\n|\n|t:|1699790429\n|move|p2a: Slowking|Chilly Reception|p2a: Slowking\n|-weather|Snow\n|\n|t:|1699790430\n|switch|p2a: Zapdos|Zapdos|82\/100|[from] Chilly Reception\n|move|p1a: sonar|Recover|p1a: sonar\n|-heal|p1a: sonar|100\/100\n|\n|-weather|Snow|[upkeep]\n|-end|p1a: sonar|move: Future Sight\n|-damage|p1a: sonar|63\/100\n|-heal|p1a: sonar|69\/100|[from] item: Leftovers\n|upkeep\n|turn|47\n|\n|t:|1699790433\n|move|p2a: Zapdos|Volt Switch|p1a: sonar\n|-damage|p1a: sonar|40\/100\n|\n|t:|1699790435\n|switch|p2a: Slowking|Slowking-Galar, M|99\/100|[from] Volt Switch\n|move|p1a: sonar|Salt Cure|p2a: Slowking\n|-damage|p2a: Slowking|89\/100\n|-start|p2a: Slowking|Salt Cure\n|\n|-weather|Snow|[upkeep]\n|-heal|p1a: sonar|46\/100|[from] item: Leftovers\n|-damage|p2a: Slowking|77\/100|[from] Salt Cure\n|upkeep\n|turn|48\n|\n|t:|1699790439\n|move|p2a: Slowking|Future Sight|p1a: sonar\n|-start|p2a: Slowking|move: Future Sight\n|move|p1a: sonar|Iron Defense|p1a: sonar\n|-boost|p1a: sonar|def|2\n|\n|-weather|Snow|[upkeep]\n|-heal|p1a: sonar|52\/100|[from] item: Leftovers\n|-damage|p2a: Slowking|64\/100|[from] Salt Cure\n|upkeep\n|turn|49\n|\n|t:|1699790446\n|move|p2a: Slowking|Chilly Reception|p2a: Slowking\n|\n|t:|1699790448\n|switch|p2a: Zapdos|Zapdos|82\/100|[from] Chilly Reception\n|move|p1a: sonar|Recover|p1a: sonar\n|-heal|p1a: sonar|100\/100\n|\n|-weather|Snow|[upkeep]\n|upkeep\n|turn|50\n|\n|t:|1699790452\n|move|p2a: Zapdos|Volt Switch|p1a: sonar\n|-damage|p1a: sonar|75\/100\n|\n|t:|1699790455\n|switch|p2a: Slowking|Slowking-Galar, M|97\/100|[from] Volt Switch\n|move|p1a: sonar|Salt Cure|p2a: Slowking\n|-damage|p2a: Slowking|88\/100\n|-start|p2a: Slowking|Salt Cure\n|\n|-weather|none\n|-end|p1a: sonar|move: Future Sight\n|-damage|p1a: sonar|36\/100\n|-heal|p1a: sonar|43\/100|[from] item: Leftovers\n|-damage|p2a: Slowking|75\/100|[from] Salt Cure\n|upkeep\n|turn|51\n|\n|t:|1699790461\n|move|p2a: Slowking|Future Sight|p1a: sonar\n|-start|p2a: Slowking|move: Future Sight\n|move|p1a: sonar|Body Press|p2a: Slowking\n|-resisted|p2a: Slowking\n|-crit|p2a: Slowking\n|-damage|p2a: Slowking|50\/100\n|\n|-heal|p1a: sonar|49\/100|[from] item: Leftovers\n|-damage|p2a: Slowking|38\/100|[from] Salt Cure\n|upkeep\n|turn|52\n|\n|t:|1699790468\n|switch|p2a: Zapdos|Zapdos|82\/100\n|move|p1a: sonar|Recover|p1a: sonar\n|-heal|p1a: sonar|99\/100\n|\n|-heal|p1a: sonar|100\/100|[from] item: Leftovers\n|upkeep\n|turn|53\n|\n|t:|1699790472\n|move|p2a: Zapdos|Volt Switch|p1a: sonar\n|-damage|p1a: sonar|73\/100\n|\n|t:|1699790474\n|switch|p2a: Slowking|Slowking-Galar, M|71\/100|[from] Volt Switch\n|move|p1a: sonar|Salt Cure|p2a: Slowking\n|-damage|p2a: Slowking|60\/100\n|-start|p2a: Slowking|Salt Cure\n|\n|-end|p1a: sonar|move: Future Sight\n|-damage|p1a: sonar|29\/100\n|-heal|p1a: sonar|35\/100|[from] item: Leftovers\n|-damage|p2a: Slowking|48\/100|[from] Salt Cure\n|upkeep\n|turn|54\n|\n|t:|1699790477\n|move|p2a: Slowking|Future Sight|p1a: sonar\n|-start|p2a: Slowking|move: Future Sight\n|move|p1a: sonar|Body Press|p2a: Slowking\n|-resisted|p2a: Slowking\n|-damage|p2a: Slowking|29\/100\n|\n|-heal|p1a: sonar|41\/100|[from] item: Leftovers\n|-damage|p2a: Slowking|17\/100|[from] Salt Cure\n|upkeep\n|turn|55\n|\n|t:|1699790486\n|switch|p2a: Zapdos|Zapdos|82\/100\n|move|p1a: sonar|Recover|p1a: sonar\n|-heal|p1a: sonar|91\/100\n|\n|-heal|p1a: sonar|98\/100|[from] item: Leftovers\n|upkeep\n|turn|56\n|\n|t:|1699790491\n|move|p2a: Zapdos|Volt Switch|p1a: sonar\n|-damage|p1a: sonar|72\/100\n|\n|t:|1699790494\n|switch|p2a: Slowking|Slowking-Galar, M|50\/100|[from] Volt Switch\n|move|p1a: sonar|Salt Cure|p2a: Slowking\n|-damage|p2a: Slowking|39\/100\n|-start|p2a: Slowking|Salt Cure\n|\n|-end|p1a: sonar|move: Future Sight\n|-damage|p1a: sonar|31\/100\n|-heal|p1a: sonar|37\/100|[from] item: Leftovers\n|-damage|p2a: Slowking|26\/100|[from] Salt Cure\n|upkeep\n|turn|57\n|\n|t:|1699790498\n|switch|p2a: Zapdos|Zapdos|82\/100\n|move|p1a: sonar|Body Press|p2a: Zapdos\n|-resisted|p2a: Zapdos\n|-damage|p2a: Zapdos|37\/100\n|\n|-heal|p1a: sonar|43\/100|[from] item: Leftovers\n|upkeep\n|turn|58\n|\n|t:|1699790501\n|move|p2a: Zapdos|Volt Switch|p1a: sonar\n|-damage|p1a: sonar|18\/100\n|\n|t:|1699790503\n|switch|p2a: Slowking|Slowking-Galar, M|60\/100|[from] Volt Switch\n|move|p1a: sonar|Body Press|p2a: Slowking\n|-resisted|p2a: Slowking\n|-damage|p2a: Slowking|41\/100\n|\n|-heal|p1a: sonar|24\/100|[from] item: Leftovers\n|upkeep\n|turn|59\n|\n|t:|1699790508\n|move|p2a: Slowking|Future Sight|p1a: sonar\n|-start|p2a: Slowking|move: Future Sight\n|move|p1a: sonar|Recover|p1a: sonar\n|-heal|p1a: sonar|74\/100\n|\n|-heal|p1a: sonar|80\/100|[from] item: Leftovers\n|upkeep\n|turn|60\n|\n|t:|1699790515\n|switch|p2a: Cinderace|Cinderace, M|13\/100 psn\n|move|p1a: sonar|Salt Cure|p2a: Cinderace\n|-supereffective|p2a: Cinderace\n|-damage|p2a: Cinderace|0 fnt\n|faint|p2a: Cinderace\n|\n|-heal|p1a: sonar|86\/100|[from] item: Leftovers\n|upkeep\n|\n|t:|1699790518\n|switch|p2a: Zapdos|Zapdos|37\/100\n|turn|61\n|\n|t:|1699790524\n|move|p2a: Zapdos|Volt Switch|p1a: sonar\n|-damage|p1a: sonar|57\/100\n|\n|t:|1699790527\n|switch|p2a: Slowking|Slowking-Galar, M|75\/100|[from] Volt Switch\n|move|p1a: sonar|Salt Cure|p2a: Slowking\n|-damage|p2a: Slowking|64\/100\n|-start|p2a: Slowking|Salt Cure\n|\n|-end|p1a: sonar|move: Future Sight\n|-damage|p1a: sonar|13\/100\n|-heal|p1a: sonar|19\/100|[from] item: Leftovers\n|-damage|p2a: Slowking|51\/100|[from] Salt Cure\n|upkeep\n|turn|62\n|\n|t:|1699790535\n|move|p2a: Slowking|Future Sight|p1a: sonar\n|-start|p2a: Slowking|move: Future Sight\n|move|p1a: sonar|Body Press|p2a: Slowking\n|-resisted|p2a: Slowking\n|-damage|p2a: Slowking|34\/100\n|\n|-heal|p1a: sonar|25\/100|[from] item: Leftovers\n|-damage|p2a: Slowking|22\/100|[from] Salt Cure\n|upkeep\n|turn|63\n|\n|t:|1699790540\n|move|p2a: Slowking|Ice Beam|p1a: sonar\n|-damage|p1a: sonar|5\/100\n|move|p1a: sonar|Body Press|p2a: Slowking\n|-resisted|p2a: Slowking\n|-damage|p2a: Slowking|3\/100\n|\n|-heal|p1a: sonar|11\/100|[from] item: Leftovers\n|-damage|p2a: Slowking|0 fnt|[from] Salt Cure\n|faint|p2a: Slowking\n|upkeep\n|\n|t:|1699790542\n|switch|p2a: Zapdos|Zapdos|37\/100\n|turn|64\n|\n|t:|1699790552\n|move|p2a: Zapdos|Volt Switch|p1a: sonar\n|-crit|p1a: sonar\n|-damage|p1a: sonar|0 fnt\n|faint|p1a: sonar\n|\n|-hint|Future Sight did not hit because the target is fainted.\n|upkeep\n|\n|t:|1699790556\n|switch|p1a: pomor sleeps...|Pawmot, M|100\/100 slp\n|turn|65\n|\n|t:|1699790558\n|move|p2a: Zapdos|Hurricane|p1a: pomor sleeps...\n|-damage|p1a: pomor sleeps...|36\/100 slp\n|cant|p1a: pomor sleeps...|slp\n|move|p1a: pomor sleeps...|Sleep Talk|p1a: pomor sleeps...\n|move|p1a: pomor sleeps...|Wish|p1a: pomor sleeps...|[from]move: Sleep Talk\n|\n|-heal|p1a: pomor sleeps...|42\/100 slp|[from] item: Leftovers\n|upkeep\n|turn|66\n|\n|t:|1699790562\n|move|p2a: Zapdos|Hurricane|p1a: pomor sleeps...|[miss]\n|-miss|p2a: Zapdos|p1a: pomor sleeps...\n|cant|p1a: pomor sleeps...|slp\n|move|p1a: pomor sleeps...|Sleep Talk|p1a: pomor sleeps...\n|move|p1a: pomor sleeps...|Revival Blessing|p1a: pomor sleeps...|[from]move: Sleep Talk\n|\n|t:|1699790570\n|-heal|p1: blood clod|50\/100|[from] move: Revival Blessing\n|\n|-heal|p1a: pomor sleeps...|92\/100 slp|[from] move: Wish|[wisher] pomor sleeps...\n|-heal|p1a: pomor sleeps...|98\/100 slp|[from] item: Leftovers\n|upkeep\n|turn|67\n|\n|t:|1699790574\n|move|p2a: Zapdos|Hurricane|p1a: pomor sleeps...\n|-damage|p1a: pomor sleeps...|31\/100 slp\n|-curestatus|p1a: pomor sleeps...|slp|[msg]\n|move|p1a: pomor sleeps...|Rest|p1a: pomor sleeps...\n|-status|p1a: pomor sleeps...|slp|[from] move: Rest\n|-heal|p1a: pomor sleeps...|100\/100 slp|[silent]\n|\n|upkeep\n|turn|68\n|\n|t:|1699790579\n|move|p2a: Zapdos|Hurricane|p1a: pomor sleeps...\n|-damage|p1a: pomor sleeps...|29\/100 slp\n|-start|p1a: pomor sleeps...|confusion\n|cant|p1a: pomor sleeps...|slp\n|-activate|p1a: pomor sleeps...|confusion\n|-damage|p1a: pomor sleeps...|22\/100 slp|[from] confusion\n|\n|-heal|p1a: pomor sleeps...|28\/100 slp|[from] item: Leftovers\n|upkeep\n|turn|69\n|\n|t:|1699790581\n|move|p2a: Zapdos|Hurricane|p1a: pomor sleeps...|[miss]\n|-miss|p2a: Zapdos|p1a: pomor sleeps...\n|cant|p1a: pomor sleeps...|slp\n|-end|p1a: pomor sleeps...|confusion\n|move|p1a: pomor sleeps...|Sleep Talk|p1a: pomor sleeps...\n|move|p1a: pomor sleeps...|Wish|p1a: pomor sleeps...|[from]move: Sleep Talk\n|\n|-heal|p1a: pomor sleeps...|34\/100 slp|[from] item: Leftovers\n|upkeep\n|turn|70\n|\n|t:|1699790585\n|move|p2a: Zapdos|Hurricane|p1a: pomor sleeps...\n|-damage|p1a: pomor sleeps...|0 fnt\n|faint|p1a: pomor sleeps...\n|\n|upkeep\n|\n|t:|1699790588\n|switch|p1a: blood clod|Clodsire, F|50\/100\n|turn|71\n|\n|t:|1699790591\n|move|p2a: Zapdos|Roost|p2a: Zapdos\n|-heal|p2a: Zapdos|87\/100\n|-singleturn|p2a: Zapdos|move: Roost\n|move|p1a: blood clod|Recover|p1a: blood clod\n|-heal|p1a: blood clod|100\/100\n|\n|upkeep\n|turn|72\n|\n|t:|1699790593\n|move|p2a: Zapdos|Hurricane|p1a: blood clod|[miss]\n|-miss|p2a: Zapdos|p1a: blood clod\n|move|p1a: blood clod|Toxic|p2a: Zapdos\n|-status|p2a: Zapdos|tox\n|\n|-damage|p2a: Zapdos|81\/100 tox|[from] psn\n|upkeep\n|turn|73\n|\n|t:|1699790597\n|move|p2a: Zapdos|Hurricane|p1a: blood clod|[miss]\n|-miss|p2a: Zapdos|p1a: blood clod\n|move|p1a: blood clod|Stealth Rock|p2a: Zapdos\n|-sidestart|p2: stolgalorg|move: Stealth Rock\n|\n|-damage|p2a: Zapdos|68\/100 tox|[from] psn\n|upkeep\n|turn|74\n|\n|t:|1699790605\n|move|p2a: Zapdos|Hurricane|p1a: blood clod|[miss]\n|-miss|p2a: Zapdos|p1a: blood clod\n|move|p1a: blood clod|Earthquake|p2a: Zapdos\n|-immune|p2a: Zapdos\n|\n|-damage|p2a: Zapdos|49\/100 tox|[from] psn\n|upkeep\n|turn|75\n|\n|t:|1699790609\n|move|p2a: Zapdos|Hurricane|p1a: blood clod\n|-damage|p1a: blood clod|78\/100\n|move|p1a: blood clod|Earthquake|p2a: Zapdos\n|-immune|p2a: Zapdos\n|\n|-heal|p1a: blood clod|84\/100|[from] item: Leftovers\n|-damage|p2a: Zapdos|24\/100 tox|[from] psn\n|upkeep\n|turn|76\n|\n|t:|1699790612\n|move|p2a: Zapdos|Hurricane|p1a: blood clod\n|-damage|p1a: blood clod|62\/100\n|-start|p1a: blood clod|confusion\n|-activate|p1a: blood clod|confusion\n|move|p1a: blood clod|Earthquake|p2a: Zapdos\n|-immune|p2a: Zapdos\n|\n|-heal|p1a: blood clod|68\/100|[from] item: Leftovers\n|-damage|p2a: Zapdos|0 fnt|[from] psn\n|faint|p2a: Zapdos\n|\n|win|sharpenedglassrock\n|upkeep\n|raw|sharpenedglassrock's rating: 1112 &rarr; <strong>1137<\/strong><br \/>(+25 for winning)\n|raw|stolgalorg's rating: 1113 &rarr; <strong>1088<\/strong><br \/>(-25 for losing)\n|l|\u2606sharpenedglassrock\n","uploadtime":1699790689,"views":8,"p1id":"sharpenedglassrock","p2id":"stolgalorg","formatid":"gen9ou","rating":1088,"private":0,"password":""}