{"id":"gen9ou-1996780487","p1":"Iggyyy","p2":"Ouvt frfr","format":"[Gen 9] OU","log":"|j|\u2606Iggyyy\n|j|\u2606Ouvt frfr\n|t:|1700724136\n|gametype|singles\n|player|p1|Iggyyy|winona|1614\n|player|p2|Ouvt frfr|dawn|1547\n|teamsize|p1|6\n|teamsize|p2|6\n|gen|9\n|tier|[Gen 9] OU\n|rated|\n|rule|Sleep Clause Mod: Limit one foe put to sleep\n|rule|Species Clause: Limit one of each Pok\u00e9mon\n|rule|OHKO Clause: OHKO moves are banned\n|rule|Evasion Items Clause: Evasion items are banned\n|rule|Evasion Moves Clause: Evasion moves are banned\n|rule|Endless Battle Clause: Forcing endless battles is banned\n|rule|HP Percentage Mod: HP is shown in percentages\n|clearpoke\n|poke|p1|Maushold|\n|poke|p1|Quagsire, F|\n|poke|p1|Ceruledge, F|\n|poke|p1|Azumarill, M|\n|poke|p1|Dragonite, F|\n|poke|p1|Corviknight, F|\n|poke|p2|Landorus-Therian, M|\n|poke|p2|Clodsire, F|\n|poke|p2|Inteleon, F|\n|poke|p2|Heatran, M|\n|poke|p2|Corviknight, F|\n|poke|p2|Great Tusk|\n|teampreview\n|inactive|Battle timer is ON: inactive players will automatically lose when time's up. (requested by Iggyyy)\n|\n|t:|1700724154\n|start\n|switch|p1a: Ratatouille|Maushold, shiny|100\/100\n|switch|p2a: Clodsire|Clodsire, F|100\/100\n|turn|1\n|\n|t:|1700724166\n|move|p1a: Ratatouille|Population Bomb|p2a: Clodsire\n|-damage|p2a: Clodsire|88\/100\n|-crit|p2a: Clodsire\n|-damage|p2a: Clodsire|69\/100\n|-damage|p2a: Clodsire|56\/100\n|-crit|p2a: Clodsire\n|-damage|p2a: Clodsire|39\/100\n|-damage|p2a: Clodsire|27\/100\n|-damage|p2a: Clodsire|15\/100\n|-damage|p2a: Clodsire|2\/100\n|-damage|p2a: Clodsire|0 fnt\n|faint|p2a: Clodsire\n|-hitcount|p2: Clodsire|8\n|\n|upkeep\n|\n|t:|1700724170\n|switch|p2a: Landorus|Landorus-Therian, M|100\/100\n|-ability|p2a: Landorus|Intimidate|boost\n|-unboost|p1a: Ratatouille|atk|1\n|turn|2\n|\n|t:|1700724176\n|switch|p1a: Heartstopper|Corviknight, F|100\/100\n|-ability|p1a: Heartstopper|Pressure\n|move|p2a: Landorus|Stealth Rock|p1a: Heartstopper\n|-sidestart|p1: Iggyyy|move: Stealth Rock\n|\n|upkeep\n|turn|3\n|\n|t:|1700724179\n|switch|p2a: Heatran|Heatran, M|100\/100\n|move|p1a: Heartstopper|Bulk Up|p1a: Heartstopper\n|-boost|p1a: Heartstopper|atk|1\n|-boost|p1a: Heartstopper|def|1\n|\n|upkeep\n|turn|4\n|\n|t:|1700724188\n|-terastallize|p1a: Heartstopper|Dragon\n|move|p2a: Heatran|Will-O-Wisp|p1a: Heartstopper|[miss]\n|-miss|p2a: Heatran|p1a: Heartstopper\n|move|p1a: Heartstopper|Body Press|p2a: Heatran\n|-supereffective|p2a: Heatran\n|-damage|p2a: Heatran|33\/100\n|\n|-heal|p2a: Heatran|39\/100|[from] item: Leftovers\n|upkeep\n|turn|5\n|\n|t:|1700724194\n|move|p2a: Heatran|Will-O-Wisp|p1a: Heartstopper\n|-status|p1a: Heartstopper|brn\n|move|p1a: Heartstopper|Bulk Up|p1a: Heartstopper\n|-boost|p1a: Heartstopper|atk|1\n|-boost|p1a: Heartstopper|def|1\n|\n|-heal|p2a: Heatran|45\/100|[from] item: Leftovers\n|-damage|p1a: Heartstopper|94\/100 brn|[from] brn\n|upkeep\n|turn|6\n|\n|t:|1700724202\n|switch|p2a: Corviknight|Corviknight, F|100\/100\n|-ability|p2a: Corviknight|Pressure\n|move|p1a: Heartstopper|Body Press|p2a: Corviknight\n|-damage|p2a: Corviknight|82\/100\n|-damage|p1a: Heartstopper|78\/100 brn|[from] item: Rocky Helmet|[of] p2a: Corviknight\n|\n|-heal|p1a: Heartstopper|84\/100 brn|[from] item: Leftovers\n|-damage|p1a: Heartstopper|78\/100 brn|[from] brn\n|upkeep\n|turn|7\n|\n|t:|1700724211\n|move|p2a: Corviknight|Bulk Up|p2a: Corviknight\n|-boost|p2a: Corviknight|atk|1\n|-boost|p2a: Corviknight|def|1\n|move|p1a: Heartstopper|Bulk Up|p1a: Heartstopper\n|-boost|p1a: Heartstopper|atk|1\n|-boost|p1a: Heartstopper|def|1\n|\n|-heal|p1a: Heartstopper|84\/100 brn|[from] item: Leftovers\n|-damage|p1a: Heartstopper|78\/100 brn|[from] brn\n|upkeep\n|turn|8\n|\n|t:|1700724214\n|move|p2a: Corviknight|Bulk Up|p2a: Corviknight\n|-boost|p2a: Corviknight|atk|1\n|-boost|p2a: Corviknight|def|1\n|move|p1a: Heartstopper|Bulk Up|p1a: Heartstopper\n|-boost|p1a: Heartstopper|atk|1\n|-boost|p1a: Heartstopper|def|1\n|\n|-heal|p1a: Heartstopper|84\/100 brn|[from] item: Leftovers\n|-damage|p1a: Heartstopper|78\/100 brn|[from] brn\n|upkeep\n|turn|9\n|\n|t:|1700724219\n|switch|p1a: Ratatouille|Maushold, shiny|100\/100\n|-damage|p1a: Ratatouille|88\/100|[from] Stealth Rock\n|move|p2a: Corviknight|Bulk Up|p2a: Corviknight\n|-boost|p2a: Corviknight|atk|1\n|-boost|p2a: Corviknight|def|1\n|\n|upkeep\n|turn|10\n|\n|t:|1700724221\n|move|p1a: Ratatouille|Encore|p2a: Corviknight\n|-start|p2a: Corviknight|Encore\n|move|p2a: Corviknight|Bulk Up|p2a: Corviknight\n|-boost|p2a: Corviknight|atk|1\n|-boost|p2a: Corviknight|def|1\n|\n|upkeep\n|turn|11\n|\n|t:|1700724224\n|move|p1a: Ratatouille|Tidy Up|p1a: Ratatouille\n|-sideend|p1: Iggyyy|Stealth Rock\n|-activate|p1a: Ratatouille|move: Tidy Up\n|-boost|p1a: Ratatouille|atk|1\n|-boost|p1a: Ratatouille|spe|1\n|move|p2a: Corviknight|Bulk Up|p2a: Corviknight\n|-boost|p2a: Corviknight|atk|1\n|-boost|p2a: Corviknight|def|1\n|\n|upkeep\n|turn|12\n|\n|t:|1700724228\n|move|p1a: Ratatouille|Tidy Up|p1a: Ratatouille\n|-boost|p1a: Ratatouille|atk|1\n|-boost|p1a: Ratatouille|spe|1\n|move|p2a: Corviknight|Bulk Up|p2a: Corviknight\n|-boost|p2a: Corviknight|atk|1\n|-boost|p2a: Corviknight|def|1\n|\n|-end|p2a: Corviknight|Encore\n|upkeep\n|turn|13\n|\n|t:|1700724230\n|move|p1a: Ratatouille|Encore|p2a: Corviknight\n|-start|p2a: Corviknight|Encore\n|move|p2a: Corviknight|Bulk Up|p2a: Corviknight\n|-boost|p2a: Corviknight|atk|0\n|-boost|p2a: Corviknight|def|0\n|\n|upkeep\n|turn|14\n|\n|t:|1700724233\n|move|p1a: Ratatouille|Tidy Up|p1a: Ratatouille\n|-boost|p1a: Ratatouille|atk|1\n|-boost|p1a: Ratatouille|spe|1\n|move|p2a: Corviknight|Bulk Up|p2a: Corviknight\n|-boost|p2a: Corviknight|atk|0\n|-boost|p2a: Corviknight|def|0\n|\n|upkeep\n|turn|15\n|\n|t:|1700724235\n|switch|p2a: Landorus|Landorus-Therian, M|100\/100\n|-ability|p2a: Landorus|Intimidate|boost\n|-unboost|p1a: Ratatouille|atk|1\n|move|p1a: Ratatouille|Tidy Up|p1a: Ratatouille\n|-boost|p1a: Ratatouille|atk|1\n|-boost|p1a: Ratatouille|spe|1\n|\n|upkeep\n|turn|16\n|\n|t:|1700724238\n|switch|p2a: Corviknight|Corviknight, F|82\/100\n|-ability|p2a: Corviknight|Pressure\n|move|p1a: Ratatouille|Bite|p2a: Corviknight\n|-damage|p2a: Corviknight|49\/100\n|-damage|p1a: Ratatouille|72\/100|[from] item: Rocky Helmet|[of] p2a: Corviknight\n|\n|upkeep\n|turn|17\n|\n|t:|1700724244\n|move|p1a: Ratatouille|Bite|p2a: Corviknight\n|-damage|p2a: Corviknight|11\/100\n|-damage|p1a: Ratatouille|55\/100|[from] item: Rocky Helmet|[of] p2a: Corviknight\n|move|p2a: Corviknight|Roost|p2a: Corviknight\n|-heal|p2a: Corviknight|61\/100\n|-singleturn|p2a: Corviknight|move: Roost\n|\n|upkeep\n|turn|18\n|\n|t:|1700724247\n|move|p1a: Ratatouille|Encore|p2a: Corviknight\n|-start|p2a: Corviknight|Encore\n|move|p2a: Corviknight|Roost|p2a: Corviknight\n|-heal|p2a: Corviknight|100\/100\n|-singleturn|p2a: Corviknight|move: Roost\n|\n|upkeep\n|turn|19\n|\n|t:|1700724251\n|switch|p2a: Landorus|Landorus-Therian, M|100\/100\n|-ability|p2a: Landorus|Intimidate|boost\n|-unboost|p1a: Ratatouille|atk|1\n|move|p1a: Ratatouille|Tidy Up|p1a: Ratatouille\n|-boost|p1a: Ratatouille|atk|1\n|-boost|p1a: Ratatouille|spe|1\n|\n|upkeep\n|turn|20\n|\n|t:|1700724254\n|switch|p2a: Corviknight|Corviknight, F|100\/100\n|-ability|p2a: Corviknight|Pressure\n|move|p1a: Ratatouille|Bite|p2a: Corviknight\n|-damage|p2a: Corviknight|65\/100\n|-damage|p1a: Ratatouille|38\/100|[from] item: Rocky Helmet|[of] p2a: Corviknight\n|\n|upkeep\n|turn|21\n|\n|t:|1700724259\n|move|p1a: Ratatouille|Tidy Up|p1a: Ratatouille\n|-boost|p1a: Ratatouille|atk|1\n|-boost|p1a: Ratatouille|spe|1\n|move|p2a: Corviknight|Body Press|p1a: Ratatouille\n|-supereffective|p1a: Ratatouille\n|-damage|p1a: Ratatouille|0 fnt\n|faint|p1a: Ratatouille\n|\n|upkeep\n|\n|t:|1700724264\n|switch|p1a: Charizardus|Dragonite, F, shiny|100\/100\n|turn|22\n|\n|t:|1700724267\n|move|p2a: Corviknight|Bulk Up|p2a: Corviknight\n|-boost|p2a: Corviknight|atk|1\n|-boost|p2a: Corviknight|def|1\n|move|p1a: Charizardus|Encore|p2a: Corviknight\n|-start|p2a: Corviknight|Encore\n|\n|upkeep\n|turn|23\n|\n|t:|1700724271\n|switch|p2a: Landorus|Landorus-Therian, M|100\/100\n|-ability|p2a: Landorus|Intimidate|boost\n|-unboost|p1a: Charizardus|atk|1\n|move|p1a: Charizardus|Dragon Dance|p1a: Charizardus\n|-boost|p1a: Charizardus|atk|1\n|-boost|p1a: Charizardus|spe|1\n|\n|upkeep\n|turn|24\n|\n|t:|1700724274\n|move|p2a: Landorus|U-turn|p1a: Charizardus\n|-resisted|p1a: Charizardus\n|-damage|p1a: Charizardus|96\/100\n|\n|t:|1700724277\n|switch|p2a: Great Tusk|Great Tusk|100\/100|[from] U-turn\n|-enditem|p2a: Great Tusk|Booster Energy\n|-activate|p2a: Great Tusk|ability: Protosynthesis|[fromitem]\n|-start|p2a: Great Tusk|protosynthesisspe\n|move|p1a: Charizardus|Dragon Dance|p1a: Charizardus\n|-boost|p1a: Charizardus|atk|1\n|-boost|p1a: Charizardus|spe|1\n|\n|-heal|p1a: Charizardus|100\/100|[from] item: Leftovers\n|upkeep\n|turn|25\n|\n|t:|1700724285\n|-terastallize|p2a: Great Tusk|Ice\n|move|p2a: Great Tusk|Rapid Spin|p1a: Charizardus\n|-damage|p1a: Charizardus|94\/100\n|-boost|p2a: Great Tusk|spe|1\n|move|p1a: Charizardus|Dragon Dance|p1a: Charizardus\n|-boost|p1a: Charizardus|atk|1\n|-boost|p1a: Charizardus|spe|1\n|\n|-heal|p1a: Charizardus|100\/100|[from] item: Leftovers\n|upkeep\n|turn|26\n|\n|t:|1700724298\n|move|p2a: Great Tusk|Ice Spinner|p1a: Charizardus\n|-supereffective|p1a: Charizardus\n|-damage|p1a: Charizardus|43\/100\n|move|p1a: Charizardus|Dragon Dance|p1a: Charizardus\n|-boost|p1a: Charizardus|atk|1\n|-boost|p1a: Charizardus|spe|1\n|\n|-heal|p1a: Charizardus|49\/100|[from] item: Leftovers\n|upkeep\n|turn|27\n|\n|t:|1700724302\n|move|p2a: Great Tusk|Ice Spinner|p1a: Charizardus\n|-supereffective|p1a: Charizardus\n|-damage|p1a: Charizardus|0 fnt\n|faint|p1a: Charizardus\n|\n|upkeep\n|\n|t:|1700724305\n|switch|p1a: Easter Egg|Azumarill, M, shiny|100\/100\n|turn|28\n|\n|t:|1700724310\n|move|p2a: Great Tusk|Headlong Rush|p1a: Easter Egg\n|-damage|p1a: Easter Egg|50\/100\n|-unboost|p2a: Great Tusk|def|1\n|-unboost|p2a: Great Tusk|spd|1\n|move|p1a: Easter Egg|Perish Song|p1a: Easter Egg\n|-start|p1a: Easter Egg|perish3|[silent]\n|-start|p2a: Great Tusk|perish3|[silent]\n|-fieldactivate|move: Perish Song\n|\n|-heal|p1a: Easter Egg|56\/100|[from] item: Leftovers\n|-start|p2a: Great Tusk|perish3\n|-start|p1a: Easter Egg|perish3\n|upkeep\n|turn|29\n|inactive|Iggyyy has 120 seconds left.\n|inactive|Iggyyy has 90 seconds left.\n|inactive|Iggyyy has 60 seconds left.\n|\n|t:|1700724400\n|-end|p2a: Great Tusk|Protosynthesis|[silent]\n|switch|p2a: Landorus|Landorus-Therian, M|100\/100\n|-ability|p2a: Landorus|Intimidate|boost\n|-unboost|p1a: Easter Egg|atk|1\n|move|p1a: Easter Egg|Protect||[still]\n|-fail|p1a: Easter Egg\n|\n|-heal|p1a: Easter Egg|62\/100|[from] item: Leftovers\n|-start|p1a: Easter Egg|perish2\n|upkeep\n|turn|30\n|\n|t:|1700724405\n|move|p2a: Landorus|Stealth Rock|p1a: Easter Egg\n|-sidestart|p1: Iggyyy|move: Stealth Rock\n|move|p1a: Easter Egg|Ice Beam|p2a: Landorus\n|-supereffective|p2a: Landorus\n|-damage|p2a: Landorus|3\/100\n|\n|-heal|p2a: Landorus|9\/100|[from] item: Leftovers\n|-heal|p1a: Easter Egg|69\/100|[from] item: Leftovers\n|-start|p1a: Easter Egg|perish1\n|upkeep\n|turn|31\n|\n|t:|1700724415\n|move|p2a: Landorus|U-turn|p1a: Easter Egg\n|-resisted|p1a: Easter Egg\n|-damage|p1a: Easter Egg|57\/100\n|\n|t:|1700724418\n|switch|p2a: Inteleon|Inteleon, F|100\/100|[from] U-turn\n|move|p1a: Easter Egg|Surf|p2a: Inteleon\n|-resisted|p2a: Inteleon\n|-damage|p2a: Inteleon|75\/100\n|\n|-heal|p1a: Easter Egg|64\/100|[from] item: Leftovers\n|-start|p1a: Easter Egg|perish0\n|upkeep\n|faint|p1a: Easter Egg\n|\n|t:|1700724426\n|switch|p1a: Unbovvered|Quagsire, F, shiny|100\/100\n|-damage|p1a: Unbovvered|94\/100|[from] Stealth Rock\n|turn|32\n|\n|t:|1700724432\n|move|p2a: Inteleon|Snipe Shot|p1a: Unbovvered\n|-heal|p1a: Unbovvered|100\/100|[from] ability: Water Absorb|[of] p2a: Inteleon\n|move|p1a: Unbovvered|Stealth Rock|p2a: Inteleon\n|-sidestart|p2: Ouvt frfr|move: Stealth Rock\n|\n|upkeep\n|turn|33\n|\n|t:|1700724436\n|move|p2a: Inteleon|U-turn|p1a: Unbovvered\n|-damage|p1a: Unbovvered|89\/100\n|\n|t:|1700724439\n|switch|p2a: Great Tusk|Great Tusk, tera:Ice|100\/100|[from] U-turn\n|-damage|p2a: Great Tusk|76\/100|[from] Stealth Rock\n|move|p1a: Unbovvered|Yawn|p2a: Great Tusk\n|-start|p2a: Great Tusk|move: Yawn|[of] p1a: Unbovvered\n|\n|upkeep\n|turn|34\n|\n|t:|1700724447\n|move|p2a: Great Tusk|Rapid Spin|p1a: Unbovvered\n|-damage|p1a: Unbovvered|76\/100\n|-boost|p2a: Great Tusk|spe|1\n|-sideend|p2: Ouvt frfr|Stealth Rock|[from] move: Rapid Spin|[of] p2a: Great Tusk\n|move|p1a: Unbovvered|Ice Beam|p2a: Great Tusk\n|-resisted|p2a: Great Tusk\n|-damage|p2a: Great Tusk|62\/100\n|\n|-end|p2a: Great Tusk|move: Yawn|[silent]\n|-status|p2a: Great Tusk|slp\n|upkeep\n|turn|35\n|\n|t:|1700724451\n|-end|p2a: Great Tusk|Protosynthesis|[silent]\n|switch|p2a: Corviknight|Corviknight, F|65\/100\n|-ability|p2a: Corviknight|Pressure\n|move|p1a: Unbovvered|Earth Power|p2a: Corviknight\n|-immune|p2a: Corviknight\n|\n|upkeep\n|turn|36\n|\n|t:|1700724457\n|move|p2a: Corviknight|Bulk Up|p2a: Corviknight\n|-boost|p2a: Corviknight|atk|1\n|-boost|p2a: Corviknight|def|1\n|move|p1a: Unbovvered|Yawn|p2a: Corviknight\n|-start|p2a: Corviknight|move: Yawn|[of] p1a: Unbovvered\n|\n|upkeep\n|turn|37\n|\n|t:|1700724459\n|move|p2a: Corviknight|Bulk Up|p2a: Corviknight\n|-boost|p2a: Corviknight|atk|1\n|-boost|p2a: Corviknight|def|1\n|move|p1a: Unbovvered|Stealth Rock|p2a: Corviknight\n|-sidestart|p2: Ouvt frfr|move: Stealth Rock\n|\n|-end|p2a: Corviknight|move: Yawn|[silent]\n|-message|Sleep Clause Mod activated.\n|-hint|Sleep Clause Mod prevents players from putting more than one of their opponent's Pok\u00e9mon to sleep at a time\n|upkeep\n|turn|38\n|\n|t:|1700724466\n|move|p2a: Corviknight|Roost|p2a: Corviknight\n|-heal|p2a: Corviknight|100\/100\n|-singleturn|p2a: Corviknight|move: Roost\n|move|p1a: Unbovvered|Ice Beam|p2a: Corviknight\n|-resisted|p2a: Corviknight\n|-damage|p2a: Corviknight|90\/100\n|-status|p2a: Corviknight|frz\n|\n|upkeep\n|turn|39\n|\n|t:|1700724469\n|switch|p1a: Power Ranger|Ceruledge, F, shiny|100\/100\n|-damage|p1a: Power Ranger|75\/100|[from] Stealth Rock\n|cant|p2a: Corviknight|frz\n|\n|upkeep\n|turn|40\n|\n|t:|1700724472\n|move|p1a: Power Ranger|Swords Dance|p1a: Power Ranger\n|-boost|p1a: Power Ranger|atk|2\n|cant|p2a: Corviknight|frz\n|\n|upkeep\n|turn|41\n|\n|t:|1700724474\n|move|p1a: Power Ranger|Bitter Blade|p2a: Corviknight\n|-supereffective|p2a: Corviknight\n|-damage|p2a: Corviknight|27\/100 frz\n|-heal|p1a: Power Ranger|100\/100|[from] drain|[of] p2a: Corviknight\n|-damage|p1a: Power Ranger|84\/100|[from] item: Rocky Helmet|[of] p2a: Corviknight\n|-curestatus|p2a: Corviknight|frz|[msg]\n|move|p2a: Corviknight|Brave Bird|p1a: Power Ranger\n|-damage|p1a: Power Ranger|0 fnt\n|faint|p1a: Power Ranger\n|-damage|p2a: Corviknight|7\/100|[from] Recoil\n|\n|upkeep\n|\n|t:|1700724479\n|switch|p1a: Unbovvered|Quagsire, F, shiny|76\/100\n|-damage|p1a: Unbovvered|70\/100|[from] Stealth Rock\n|turn|42\n|\n|t:|1700724482\n|move|p2a: Corviknight|Roost|p2a: Corviknight\n|-heal|p2a: Corviknight|57\/100\n|-singleturn|p2a: Corviknight|move: Roost\n|move|p1a: Unbovvered|Ice Beam|p2a: Corviknight\n|-resisted|p2a: Corviknight\n|-damage|p2a: Corviknight|46\/100\n|\n|upkeep\n|turn|43\n|\n|t:|1700724485\n|move|p2a: Corviknight|Roost|p2a: Corviknight\n|-heal|p2a: Corviknight|96\/100\n|-singleturn|p2a: Corviknight|move: Roost\n|move|p1a: Unbovvered|Ice Beam|p2a: Corviknight\n|-resisted|p2a: Corviknight\n|-damage|p2a: Corviknight|85\/100\n|\n|upkeep\n|turn|44\n|\n|t:|1700724488\n|move|p2a: Corviknight|Bulk Up|p2a: Corviknight\n|-boost|p2a: Corviknight|atk|1\n|-boost|p2a: Corviknight|def|1\n|move|p1a: Unbovvered|Earth Power|p2a: Corviknight\n|-immune|p2a: Corviknight\n|\n|upkeep\n|turn|45\n|\n|t:|1700724490\n|move|p2a: Corviknight|Bulk Up|p2a: Corviknight\n|-boost|p2a: Corviknight|atk|1\n|-boost|p2a: Corviknight|def|1\n|move|p1a: Unbovvered|Ice Beam|p2a: Corviknight\n|-damage|p2a: Corviknight|61\/100\n|-status|p2a: Corviknight|frz\n|\n|upkeep\n|turn|46\n|\n|t:|1700724493\n|cant|p2a: Corviknight|frz\n|move|p1a: Unbovvered|Ice Beam|p2a: Corviknight\n|-damage|p2a: Corviknight|39\/100 frz\n|\n|upkeep\n|turn|47\n|\n|t:|1700724495\n|-curestatus|p2a: Corviknight|frz|[msg]\n|move|p2a: Corviknight|Roost|p2a: Corviknight\n|-heal|p2a: Corviknight|89\/100\n|-singleturn|p2a: Corviknight|move: Roost\n|move|p1a: Unbovvered|Ice Beam|p2a: Corviknight\n|-resisted|p2a: Corviknight\n|-damage|p2a: Corviknight|79\/100\n|\n|upkeep\n|turn|48\n|\n|t:|1700724497\n|move|p2a: Corviknight|Bulk Up|p2a: Corviknight\n|-boost|p2a: Corviknight|atk|1\n|-boost|p2a: Corviknight|def|1\n|move|p1a: Unbovvered|Ice Beam|p2a: Corviknight\n|-damage|p2a: Corviknight|59\/100\n|-status|p2a: Corviknight|frz\n|\n|upkeep\n|turn|49\n|\n|t:|1700724499\n|cant|p2a: Corviknight|frz\n|move|p1a: Unbovvered|Ice Beam|p2a: Corviknight\n|-damage|p2a: Corviknight|38\/100 frz\n|\n|upkeep\n|turn|50\n|\n|t:|1700724503\n|-curestatus|p2a: Corviknight|frz|[msg]\n|move|p2a: Corviknight|Roost|p2a: Corviknight\n|-heal|p2a: Corviknight|88\/100\n|-singleturn|p2a: Corviknight|move: Roost\n|move|p1a: Unbovvered|Earth Power|p2a: Corviknight\n|-supereffective|p2a: Corviknight\n|-damage|p2a: Corviknight|20\/100\n|\n|upkeep\n|turn|51\n|\n|t:|1700724507\n|switch|p1a: Heartstopper|Corviknight, F, tera:Dragon|78\/100 brn\n|-damage|p1a: Heartstopper|65\/100 brn|[from] Stealth Rock\n|-ability|p1a: Heartstopper|Pressure\n|move|p2a: Corviknight|Roost|p2a: Corviknight\n|-heal|p2a: Corviknight|70\/100\n|-singleturn|p2a: Corviknight|move: Roost\n|\n|-heal|p1a: Heartstopper|71\/100 brn|[from] item: Leftovers\n|-damage|p1a: Heartstopper|65\/100 brn|[from] brn\n|upkeep\n|turn|52\n|l|\u2606Iggyyy\n|inactive|Iggyyy disconnected and has a minute to reconnect!\n|player|p1|\n|j| dfghhhg\n|inactive|Iggyyy has 30 seconds to reconnect!\n|inactive|Iggyyy has 20 seconds to reconnect!\n|inactive|Iggyyy has 15 seconds to reconnect!\n|inactive|Iggyyy has 10 seconds to reconnect!\n|inactive|Iggyyy has 5 seconds to reconnect!\n|-message|Iggyyy lost due to inactivity.\n|\n|win|Ouvt frfr\n|raw|Iggyyy's rating: 1614 &rarr; <strong>1590<\/strong><br \/>(-24 for losing)\n|raw|Ouvt frfr's rating: 1547 &rarr; <strong>1571<\/strong><br \/>(+24 for winning)\n","uploadtime":1700724630,"views":9,"p1id":"iggyyy","p2id":"ouvtfrfr","formatid":"gen9ou","rating":1571,"private":0,"password":""}