{"id":"gen9ou-1992459962","p1":"Vileplume103","p2":"wyverbal","format":"[Gen 9] OU","log":"|j|\u2606Vileplume103\n|j|\u2606wyverbal\n|t:|1700190228\n|gametype|singles\n|player|p1|Vileplume103|wally|1087\n|player|p2|wyverbal|2|1025\n|teamsize|p1|6\n|teamsize|p2|6\n|gen|9\n|tier|[Gen 9] OU\n|rated|\n|rule|Sleep Clause Mod: Limit one foe put to sleep\n|rule|Species Clause: Limit one of each Pok\u00e9mon\n|rule|OHKO Clause: OHKO moves are banned\n|rule|Evasion Items Clause: Evasion items are banned\n|rule|Evasion Moves Clause: Evasion moves are banned\n|rule|Endless Battle Clause: Forcing endless battles is banned\n|rule|HP Percentage Mod: HP is shown in percentages\n|clearpoke\n|poke|p1|Toxapex, F|\n|poke|p1|Hydreigon, M|\n|poke|p1|Breloom, M|\n|poke|p1|Dragapult, M|\n|poke|p1|Great Tusk|\n|poke|p1|Gallade, M|\n|poke|p2|Dipplin, M|\n|poke|p2|Enamorus-Therian, F|\n|poke|p2|Glimmora, M|\n|poke|p2|Alomomola, M|\n|poke|p2|Scizor, F|\n|poke|p2|Kommo-o, M|\n|teampreview\n|inactive|Battle timer is ON: inactive players will automatically lose when time's up. (requested by wyverbal)\n|\n|t:|1700190237\n|start\n|switch|p1a: Gallade|Gallade, M|100\/100\n|switch|p2a: Dipplin|Dipplin, M, shiny|100\/100\n|turn|1\n|\n|t:|1700190250\n|move|p1a: Gallade|Sacred Sword|p2a: Dipplin\n|-damage|p2a: Dipplin|61\/100\n|move|p2a: Dipplin|Withdraw|p2a: Dipplin\n|-boost|p2a: Dipplin|def|1\n|\n|upkeep\n|turn|2\n|\n|t:|1700190261\n|switch|p1a: Great Tusk|Great Tusk, shiny|100\/100\n|move|p2a: Dipplin|Recover|p2a: Dipplin\n|-heal|p2a: Dipplin|100\/100\n|\n|upkeep\n|turn|3\n|\n|t:|1700190267\n|move|p1a: Great Tusk|Ice Spinner|p2a: Dipplin\n|-supereffective|p2a: Dipplin\n|-damage|p2a: Dipplin|54\/100\n|move|p2a: Dipplin|Infestation|p1a: Great Tusk\n|-resisted|p1a: Great Tusk\n|-damage|p1a: Great Tusk|98\/100\n|-activate|p1a: Great Tusk|move: Infestation|[of] p2a: Dipplin\n|\n|-damage|p1a: Great Tusk|86\/100|[from] move: Infestation|[partiallytrapped]\n|upkeep\n|turn|4\n|\n|t:|1700190278\n|move|p1a: Great Tusk|Ice Spinner|p2a: Dipplin\n|-supereffective|p2a: Dipplin\n|-damage|p2a: Dipplin|7\/100\n|move|p2a: Dipplin|Recover|p2a: Dipplin\n|-heal|p2a: Dipplin|57\/100\n|\n|-damage|p1a: Great Tusk|74\/100|[from] move: Infestation|[partiallytrapped]\n|upkeep\n|turn|5\n|\n|t:|1700190288\n|move|p1a: Great Tusk|Close Combat|p2a: Dipplin\n|-damage|p2a: Dipplin|28\/100\n|-unboost|p1a: Great Tusk|def|1\n|-unboost|p1a: Great Tusk|spd|1\n|move|p2a: Dipplin|Recover|p2a: Dipplin\n|-heal|p2a: Dipplin|78\/100\n|\n|-damage|p1a: Great Tusk|61\/100|[from] move: Infestation|[partiallytrapped]\n|upkeep\n|turn|6\n|\n|t:|1700190298\n|move|p1a: Great Tusk|Ice Spinner|p2a: Dipplin\n|-supereffective|p2a: Dipplin\n|-damage|p2a: Dipplin|27\/100\n|move|p2a: Dipplin|Withdraw|p2a: Dipplin\n|-boost|p2a: Dipplin|def|1\n|\n|-damage|p1a: Great Tusk|49\/100|[from] move: Infestation|[partiallytrapped]\n|upkeep\n|turn|7\n|\n|t:|1700190306\n|-terastallize|p2a: Dipplin|Poison\n|move|p1a: Great Tusk|Ice Spinner|p2a: Dipplin\n|-damage|p2a: Dipplin|17\/100\n|move|p2a: Dipplin|Recover|p2a: Dipplin\n|-heal|p2a: Dipplin|67\/100\n|\n|-damage|p1a: Great Tusk|36\/100|[from] move: Infestation|[partiallytrapped]\n|upkeep\n|turn|8\n|\n|t:|1700190315\n|move|p1a: Great Tusk|Headlong Rush|p2a: Dipplin\n|-supereffective|p2a: Dipplin\n|-damage|p2a: Dipplin|30\/100\n|-unboost|p1a: Great Tusk|def|1\n|-unboost|p1a: Great Tusk|spd|1\n|move|p2a: Dipplin|Dragon Breath|p1a: Great Tusk\n|-damage|p1a: Great Tusk|2\/100\n|-status|p1a: Great Tusk|par\n|\n|-end|p1a: Great Tusk|Infestation|[partiallytrapped]\n|upkeep\n|turn|9\n|\n|t:|1700190333\n|-end|p1a: Great Tusk|Protosynthesis|[silent]\n|switch|p1a: Gallade|Gallade, M|100\/100\n|move|p2a: Dipplin|Recover|p2a: Dipplin\n|-heal|p2a: Dipplin|80\/100\n|\n|upkeep\n|turn|10\n|\n|t:|1700190341\n|switch|p1a: Toxapex|Toxapex, F|100\/100\n|move|p2a: Dipplin|Dragon Breath|p1a: Toxapex\n|-damage|p1a: Toxapex|81\/100\n|\n|upkeep\n|turn|11\n|\n|t:|1700190348\n|move|p2a: Dipplin|Infestation|p1a: Toxapex\n|-resisted|p1a: Toxapex\n|-damage|p1a: Toxapex|79\/100\n|-activate|p1a: Toxapex|move: Infestation|[of] p2a: Dipplin\n|-damage|p2a: Dipplin|63\/100|[from] item: Rocky Helmet|[of] p1a: Toxapex\n|move|p1a: Toxapex|Haze|p1a: Toxapex\n|-clearallboost\n|\n|-damage|p1a: Toxapex|67\/100|[from] move: Infestation|[partiallytrapped]\n|upkeep\n|turn|12\n|\n|t:|1700190358\n|move|p2a: Dipplin|Dragon Breath|p1a: Toxapex\n|-damage|p1a: Toxapex|50\/100\n|move|p1a: Toxapex|Chilling Water|p2a: Dipplin\n|-damage|p2a: Dipplin|56\/100\n|-unboost|p2a: Dipplin|atk|1\n|\n|-damage|p1a: Toxapex|37\/100|[from] move: Infestation|[partiallytrapped]\n|upkeep\n|turn|13\n|\n|t:|1700190366\n|move|p2a: Dipplin|Dragon Breath|p1a: Toxapex\n|-damage|p1a: Toxapex|18\/100\n|-status|p1a: Toxapex|par\n|move|p1a: Toxapex|Recover|p1a: Toxapex\n|-heal|p1a: Toxapex|68\/100 par\n|\n|-damage|p1a: Toxapex|56\/100 par|[from] move: Infestation|[partiallytrapped]\n|upkeep\n|turn|14\n|\n|t:|1700190374\n|move|p2a: Dipplin|Recover|p2a: Dipplin\n|-heal|p2a: Dipplin|100\/100\n|move|p1a: Toxapex|Recover|p1a: Toxapex\n|-heal|p1a: Toxapex|100\/100 par\n|\n|-damage|p1a: Toxapex|88\/100 par|[from] move: Infestation|[partiallytrapped]\n|upkeep\n|turn|15\n|\n|t:|1700190381\n|move|p2a: Dipplin|Withdraw|p2a: Dipplin\n|-boost|p2a: Dipplin|def|1\n|cant|p1a: Toxapex|par\n|\n|-end|p1a: Toxapex|Infestation|[partiallytrapped]\n|upkeep\n|turn|16\n|\n|t:|1700190387\n|move|p2a: Dipplin|Dragon Breath|p1a: Toxapex\n|-damage|p1a: Toxapex|69\/100 par\n|move|p1a: Toxapex|Haze|p1a: Toxapex\n|-clearallboost\n|\n|upkeep\n|turn|17\n|\n|t:|1700190398\n|switch|p1a: Great Tusk|Great Tusk, shiny|2\/100 par\n|move|p2a: Dipplin|Withdraw|p2a: Dipplin\n|-boost|p2a: Dipplin|def|1\n|\n|upkeep\n|turn|18\n|\n|t:|1700190405\n|move|p1a: Great Tusk|Headlong Rush|p2a: Dipplin\n|-supereffective|p2a: Dipplin\n|-damage|p2a: Dipplin|46\/100\n|-unboost|p1a: Great Tusk|def|1\n|-unboost|p1a: Great Tusk|spd|1\n|move|p2a: Dipplin|Withdraw|p2a: Dipplin\n|-boost|p2a: Dipplin|def|1\n|\n|upkeep\n|turn|19\n|\n|t:|1700190413\n|-end|p1a: Great Tusk|Protosynthesis|[silent]\n|switch|p1a: Toxapex|Toxapex, F|100\/100 par\n|move|p2a: Dipplin|Recover|p2a: Dipplin\n|-heal|p2a: Dipplin|96\/100\n|\n|upkeep\n|turn|20\n|\n|t:|1700190420\n|move|p2a: Dipplin|Infestation|p1a: Toxapex\n|-resisted|p1a: Toxapex\n|-damage|p1a: Toxapex|98\/100 par\n|-activate|p1a: Toxapex|move: Infestation|[of] p2a: Dipplin\n|-damage|p2a: Dipplin|80\/100|[from] item: Rocky Helmet|[of] p1a: Toxapex\n|cant|p1a: Toxapex|par\n|\n|-damage|p1a: Toxapex|86\/100 par|[from] move: Infestation|[partiallytrapped]\n|upkeep\n|turn|21\n|\n|t:|1700190427\n|move|p2a: Dipplin|Dragon Breath|p1a: Toxapex\n|-damage|p1a: Toxapex|67\/100 par\n|move|p1a: Toxapex|Haze|p1a: Toxapex\n|-clearallboost\n|\n|-damage|p1a: Toxapex|55\/100 par|[from] move: Infestation|[partiallytrapped]\n|upkeep\n|turn|22\n|\n|t:|1700190435\n|move|p2a: Dipplin|Dragon Breath|p1a: Toxapex\n|-damage|p1a: Toxapex|37\/100 par\n|move|p1a: Toxapex|Recover|p1a: Toxapex\n|-heal|p1a: Toxapex|87\/100 par\n|\n|-damage|p1a: Toxapex|75\/100 par|[from] move: Infestation|[partiallytrapped]\n|upkeep\n|turn|23\n|\n|t:|1700190444\n|move|p2a: Dipplin|Withdraw|p2a: Dipplin\n|-boost|p2a: Dipplin|def|1\n|cant|p1a: Toxapex|par\n|\n|-damage|p1a: Toxapex|62\/100 par|[from] move: Infestation|[partiallytrapped]\n|upkeep\n|turn|24\n|\n|t:|1700190449\n|move|p2a: Dipplin|Dragon Breath|p1a: Toxapex\n|-damage|p1a: Toxapex|45\/100 par\n|cant|p1a: Toxapex|par\n|\n|-end|p1a: Toxapex|Infestation|[partiallytrapped]\n|upkeep\n|turn|25\n|\n|t:|1700190455\n|move|p2a: Dipplin|Dragon Breath|p1a: Toxapex\n|-damage|p1a: Toxapex|26\/100 par\n|move|p1a: Toxapex|Haze|p1a: Toxapex\n|-clearallboost\n|\n|upkeep\n|turn|26\n|\n|t:|1700190471\n|switch|p1a: Dragapult|Dragapult, M, shiny|100\/100\n|move|p2a: Dipplin|Dragon Breath|p1a: Dragapult\n|-supereffective|p1a: Dragapult\n|-damage|p1a: Dragapult|48\/100\n|\n|-heal|p1a: Dragapult|53\/100|[from] item: Leftovers\n|upkeep\n|turn|27\n|\n|t:|1700190478\n|move|p1a: Dragapult|Draco Meteor|p2a: Dipplin\n|-damage|p2a: Dipplin|47\/100\n|-unboost|p1a: Dragapult|spa|2\n|move|p2a: Dipplin|Dragon Breath|p1a: Dragapult\n|-supereffective|p1a: Dragapult\n|-damage|p1a: Dragapult|2\/100\n|\n|-heal|p1a: Dragapult|8\/100|[from] item: Leftovers\n|upkeep\n|turn|28\n|\n|t:|1700190490\n|move|p1a: Dragapult|U-turn|p2a: Dipplin\n|-resisted|p2a: Dipplin\n|-damage|p2a: Dipplin|42\/100\n|\n|t:|1700190493\n|switch|p1a: Gallade|Gallade, M|100\/100|[from] U-turn\n|move|p2a: Dipplin|Recover|p2a: Dipplin\n|-heal|p2a: Dipplin|92\/100\n|\n|upkeep\n|turn|29\n|\n|t:|1700190502\n|switch|p2a: Alomomola|Alomomola, M|100\/100\n|move|p1a: Gallade|Psycho Cut|p2a: Alomomola\n|-damage|p2a: Alomomola|72\/100\n|\n|upkeep\n|turn|30\n|\n|t:|1700190509\n|switch|p1a: Breloom|Breloom, M|100\/100\n|move|p2a: Alomomola|Scald|p1a: Breloom\n|-resisted|p1a: Breloom\n|-damage|p1a: Breloom|87\/100\n|\n|-status|p1a: Breloom|tox|[from] item: Toxic Orb\n|upkeep\n|turn|31\n|\n|t:|1700190518\n|switch|p2a: Dipplin|Dipplin, M, shiny, tera:Poison|92\/100\n|move|p1a: Breloom|Seed Bomb|p2a: Dipplin\n|-resisted|p2a: Dipplin\n|-damage|p2a: Dipplin|80\/100\n|\n|-heal|p1a: Breloom|99\/100 tox|[from] ability: Poison Heal\n|upkeep\n|turn|32\n|\n|t:|1700190526\n|move|p1a: Breloom|Rock Slide|p2a: Dipplin\n|-damage|p2a: Dipplin|64\/100\n|move|p2a: Dipplin|Infestation|p1a: Breloom\n|-damage|p1a: Breloom|90\/100 tox\n|-activate|p1a: Breloom|move: Infestation|[of] p2a: Dipplin\n|\n|-heal|p1a: Breloom|100\/100 tox|[from] ability: Poison Heal\n|-damage|p1a: Breloom|88\/100 tox|[from] move: Infestation|[partiallytrapped]\n|upkeep\n|turn|33\n|\n|t:|1700190536\n|move|p1a: Breloom|Spore|p2a: Dipplin\n|-status|p2a: Dipplin|slp|[from] move: Spore\n|cant|p2a: Dipplin|slp\n|\n|-heal|p1a: Breloom|100\/100 tox|[from] ability: Poison Heal\n|-damage|p1a: Breloom|88\/100 tox|[from] move: Infestation|[partiallytrapped]\n|upkeep\n|turn|34\n|\n|t:|1700190544\n|move|p1a: Breloom|Rock Slide|p2a: Dipplin\n|-damage|p2a: Dipplin|48\/100 slp\n|cant|p2a: Dipplin|slp\n|\n|-heal|p1a: Breloom|100\/100 tox|[from] ability: Poison Heal\n|-damage|p1a: Breloom|88\/100 tox|[from] move: Infestation|[partiallytrapped]\n|upkeep\n|turn|35\n|inactive|wyverbal has 120 seconds left.\n|\n|t:|1700190586\n|switch|p2a: Scizor|Scizor, F, shiny|100\/100\n|move|p1a: Breloom|Rock Slide|p2a: Scizor\n|-damage|p2a: Scizor|73\/100\n|\n|-heal|p1a: Breloom|100\/100 tox|[from] ability: Poison Heal\n|-end|p1a: Breloom|Infestation|[partiallytrapped]|[silent]\n|upkeep\n|turn|36\n|inactive|wyverbal has 120 seconds left.\n|\n|t:|1700190607\n|move|p1a: Breloom|Drain Punch|p2a: Scizor\n|-damage|p2a: Scizor|35\/100\n|move|p2a: Scizor|Swords Dance|p2a: Scizor\n|-boost|p2a: Scizor|atk|2\n|\n|upkeep\n|turn|37\n|\n|t:|1700190614\n|move|p2a: Scizor|Bullet Punch|p1a: Breloom\n|-damage|p1a: Breloom|0 fnt\n|faint|p1a: Breloom\n|\n|upkeep\n|\n|t:|1700190618\n|switch|p1a: Gallade|Gallade, M|100\/100\n|turn|38\n|\n|t:|1700190625\n|move|p2a: Scizor|Bullet Punch|p1a: Gallade\n|-damage|p1a: Gallade|0 fnt\n|faint|p1a: Gallade\n|\n|upkeep\n|\n|t:|1700190634\n|switch|p1a: Toxapex|Toxapex, F|59\/100 par\n|turn|39\n|\n|t:|1700190644\n|move|p2a: Scizor|Thief|p1a: Toxapex\n|-damage|p1a: Toxapex|15\/100 par\n|-damage|p2a: Scizor|19\/100|[from] item: Rocky Helmet|[of] p1a: Toxapex\n|-enditem|p2a: Scizor|Aguav Berry|[eat]\n|-heal|p2a: Scizor|52\/100|[from] item: Aguav Berry\n|move|p1a: Toxapex|Recover|p1a: Toxapex\n|-heal|p1a: Toxapex|65\/100 par\n|\n|upkeep\n|turn|40\n|\n|t:|1700190653\n|move|p2a: Scizor|Thief|p1a: Toxapex\n|-damage|p1a: Toxapex|13\/100 par\n|-damage|p2a: Scizor|35\/100|[from] item: Rocky Helmet|[of] p1a: Toxapex\n|-enditem|p1a: Toxapex|Rocky Helmet|[silent]|[from] move: Thief|[of] p2a: Scizor\n|-item|p2a: Scizor|Rocky Helmet|[from] move: Thief|[of] p1a: Toxapex\n|move|p1a: Toxapex|Recover|p1a: Toxapex\n|-heal|p1a: Toxapex|63\/100 par\n|\n|upkeep\n|turn|41\n|\n|t:|1700190661\n|move|p2a: Scizor|Swords Dance|p2a: Scizor\n|-boost|p2a: Scizor|atk|2\n|move|p1a: Toxapex|Recover|p1a: Toxapex\n|-heal|p1a: Toxapex|100\/100 par\n|\n|upkeep\n|turn|42\n|\n|t:|1700190669\n|move|p2a: Scizor|Thief|p1a: Toxapex\n|-crit|p1a: Toxapex\n|-damage|p1a: Toxapex|0 fnt\n|faint|p1a: Toxapex\n|\n|upkeep\n|-message|Vileplume103 forfeited.\n|\n|win|wyverbal\n|raw|Vileplume103's rating: 1087 &rarr; <strong>1060<\/strong><br \/>(-27 for losing)\n|raw|wyverbal's rating: 1025 &rarr; <strong>1068<\/strong><br \/>(+43 for winning)\n|l|\u2606Vileplume103\n","uploadtime":1700190680,"views":7,"p1id":"vileplume103","p2id":"wyverbal","formatid":"gen9ou","rating":1060,"private":0,"password":""}