{"id":"gen9ou-1993026726","p1":"pelukas","p2":"wilderfury","format":"[Gen 9] OU","log":"|j|\u2606pelukas\n|j|\u2606wilderfury\n|t:|1700256807\n|gametype|singles\n|player|p1|pelukas|grimsley|1308\n|player|p2|wilderfury|striker|1393\n|teamsize|p1|6\n|teamsize|p2|6\n|gen|9\n|tier|[Gen 9] OU\n|rated|\n|rule|Sleep Clause Mod: Limit one foe put to sleep\n|rule|Species Clause: Limit one of each Pok\u00e9mon\n|rule|OHKO Clause: OHKO moves are banned\n|rule|Evasion Items Clause: Evasion items are banned\n|rule|Evasion Moves Clause: Evasion moves are banned\n|rule|Endless Battle Clause: Forcing endless battles is banned\n|rule|HP Percentage Mod: HP is shown in percentages\n|clearpoke\n|poke|p1|Hoopa-Unbound|\n|poke|p1|Hydreigon, M|\n|poke|p1|Moltres-Galar|\n|poke|p1|Ting-Lu|\n|poke|p1|Qwilfish-Hisui, M|\n|poke|p1|Meowscarada, F|\n|poke|p2|Great Tusk|\n|poke|p2|Walking Wake|\n|poke|p2|Torkoal, F|\n|poke|p2|Gholdengo|\n|poke|p2|Hatterene, F|\n|poke|p2|Leavanny, M|\n|teampreview\n|inactive|Battle timer is ON: inactive players will automatically lose when time's up. (requested by pelukas)\n|\n|t:|1700256821\n|start\n|switch|p1a: Hydreigon|Hydreigon, M, shiny|100\/100\n|switch|p2a: Leavanny|Leavanny, M|100\/100\n|turn|1\n|\n|t:|1700256830\n|-terastallize|p1a: Hydreigon|Poison\n|move|p1a: Hydreigon|Substitute|p1a: Hydreigon\n|-start|p1a: Hydreigon|Substitute\n|-damage|p1a: Hydreigon|76\/100\n|move|p2a: Leavanny|Sticky Web|p1a: Hydreigon\n|-sidestart|p1: pelukas|move: Sticky Web\n|\n|-heal|p1a: Hydreigon|82\/100|[from] item: Leftovers\n|upkeep\n|turn|2\n|\n|t:|1700256836\n|switch|p2a: Hatterene|Hatterene, F|100\/100\n|move|p1a: Hydreigon|Nasty Plot|p1a: Hydreigon\n|-boost|p1a: Hydreigon|spa|2\n|\n|-heal|p1a: Hydreigon|88\/100|[from] item: Leftovers\n|upkeep\n|turn|3\n|\n|t:|1700256840\n|move|p1a: Hydreigon|Nasty Plot|p1a: Hydreigon\n|-boost|p1a: Hydreigon|spa|2\n|move|p2a: Hatterene|Dazzling Gleam|p1a: Hydreigon\n|-resisted|p1a: Hydreigon\n|-activate|p1a: Hydreigon|move: Substitute|[damage]\n|\n|-heal|p1a: Hydreigon|94\/100|[from] item: Leftovers\n|upkeep\n|turn|4\n|\n|t:|1700256843\n|move|p1a: Hydreigon|Dark Pulse|p2a: Hatterene\n|-damage|p2a: Hatterene|0 fnt\n|faint|p2a: Hatterene\n|\n|-heal|p1a: Hydreigon|99\/100|[from] item: Leftovers\n|upkeep\n|\n|t:|1700256851\n|switch|p2a: Torkoal|Torkoal, F|100\/100\n|-weather|SunnyDay|[from] ability: Drought|[of] p2a: Torkoal\n|turn|5\n|\n|t:|1700256853\n|move|p1a: Hydreigon|Earth Power|p2a: Torkoal\n|-supereffective|p2a: Torkoal\n|-damage|p2a: Torkoal|0 fnt\n|faint|p2a: Torkoal\n|\n|-weather|SunnyDay|[upkeep]\n|-heal|p1a: Hydreigon|100\/100|[from] item: Leftovers\n|upkeep\n|\n|t:|1700256859\n|switch|p2a: Leavanny|Leavanny, M|100\/100\n|turn|6\n|\n|t:|1700256876\n|move|p2a: Leavanny|Knock Off|p1a: Hydreigon\n|-end|p1a: Hydreigon|Substitute\n|move|p1a: Hydreigon|Dark Pulse|p2a: Leavanny\n|-damage|p2a: Leavanny|0 fnt\n|faint|p2a: Leavanny\n|\n|-weather|SunnyDay|[upkeep]\n|upkeep\n|\n|t:|1700256883\n|switch|p2a: Great Tusk|Great Tusk|100\/100\n|-activate|p2a: Great Tusk|ability: Protosynthesis\n|-start|p2a: Great Tusk|protosynthesisatk\n|turn|7\n|\n|t:|1700256886\n|move|p1a: Hydreigon|Earth Power|p2a: Great Tusk\n|-damage|p2a: Great Tusk|0 fnt\n|faint|p2a: Great Tusk\n|-end|p2a: Great Tusk|Protosynthesis|[silent]\n|\n|-weather|SunnyDay|[upkeep]\n|upkeep\n|-message|wilderfury forfeited.\n|\n|win|pelukas\n|raw|pelukas's rating: 1308 &rarr; <strong>1332<\/strong><br \/>(+24 for winning)\n|raw|wilderfury's rating: 1372 &rarr; <strong>1348<\/strong><br \/>(-24 for losing)\n|l|\u2606wilderfury\n","uploadtime":1700257020,"views":17,"p1id":"pelukas","p2id":"wilderfury","formatid":"gen9ou","rating":1332,"private":0,"password":""}