{"id":"gen9ou-1992844632","p1":"theory 8234","p2":"Dededorn2","format":"[Gen 9] OU","log":"|j|\u2606theory 8234\n|j|\u2606Dededorn2\n|t:|1700240356\n|gametype|singles\n|player|p1|theory 8234|swimmer|1000\n|player|p2|Dededorn2|guitarist|1088\n|teamsize|p1|6\n|teamsize|p2|6\n|gen|9\n|tier|[Gen 9] OU\n|rated|\n|rule|Sleep Clause Mod: Limit one foe put to sleep\n|rule|Species Clause: Limit one of each Pok\u00e9mon\n|rule|OHKO Clause: OHKO moves are banned\n|rule|Evasion Items Clause: Evasion items are banned\n|rule|Evasion Moves Clause: Evasion moves are banned\n|rule|Endless Battle Clause: Forcing endless battles is banned\n|rule|HP Percentage Mod: HP is shown in percentages\n|clearpoke\n|poke|p1|Iron Moth|\n|poke|p1|Iron Valiant|\n|poke|p1|Ogerpon-Wellspring, F|\n|poke|p1|Hatterene, F|\n|poke|p1|Rillaboom, M|\n|poke|p1|Sneasler, M|\n|poke|p2|Slowking, F|\n|poke|p2|Thundurus-Therian, M|\n|poke|p2|Great Tusk|\n|poke|p2|Grimmsnarl, M|\n|poke|p2|Scizor, F|\n|poke|p2|Honchkrow, M|\n|teampreview\n|inactive|Battle timer is ON: inactive players will automatically lose when time's up. (requested by theory 8234)\n|\n|t:|1700240374\n|start\n|switch|p1a: Rillaboom|Rillaboom, M|100\/100\n|switch|p2a: Thundurus|Thundurus-Therian, M|100\/100\n|-fieldstart|move: Grassy Terrain|[from] ability: Grassy Surge|[of] p1a: Rillaboom\n|turn|1\n|\n|t:|1700240381\n|move|p2a: Thundurus|Sludge Bomb|p1a: Rillaboom\n|-supereffective|p1a: Rillaboom\n|-damage|p1a: Rillaboom|0 fnt\n|faint|p1a: Rillaboom\n|\n|upkeep\n|\n|t:|1700240395\n|switch|p1a: Sneasler|Sneasler, M|100\/100\n|-enditem|p1a: Sneasler|Grassy Seed\n|-boost|p1a: Sneasler|def|1|[from] item: Grassy Seed\n|turn|2\n|\n|t:|1700240401\n|switch|p2a: Great Tusk|Great Tusk|100\/100\n|move|p1a: Sneasler|Swords Dance|p1a: Sneasler\n|-boost|p1a: Sneasler|atk|2\n|\n|upkeep\n|turn|3\n|inactive|theory 8234 has 120 seconds left.\n|\n|t:|1700240459\n|move|p1a: Sneasler|Acrobatics|p2a: Great Tusk\n|-supereffective|p2a: Great Tusk\n|-damage|p2a: Great Tusk|16\/100\n|move|p2a: Great Tusk|Earthquake|p1a: Sneasler\n|-supereffective|p1a: Sneasler\n|-damage|p1a: Sneasler|50\/100\n|\n|-heal|p1a: Sneasler|56\/100|[from] Grassy Terrain\n|-heal|p2a: Great Tusk|22\/100|[from] Grassy Terrain\n|upkeep\n|turn|4\n|\n|t:|1700240476\n|move|p1a: Sneasler|Acrobatics|p2a: Great Tusk\n|-supereffective|p2a: Great Tusk\n|-damage|p2a: Great Tusk|0 fnt\n|faint|p2a: Great Tusk\n|-end|p2a: Great Tusk|Protosynthesis|[silent]\n|\n|-heal|p1a: Sneasler|62\/100|[from] Grassy Terrain\n|upkeep\n|\n|t:|1700240478\n|switch|p2a: Honchkrow|Honchkrow, M|100\/100\n|turn|5\n|inactive|theory 8234 has 120 seconds left.\n|\n|t:|1700240484\n|move|p1a: Sneasler|Close Combat|p2a: Honchkrow\n|-enditem|p2a: Honchkrow|Focus Sash\n|-damage|p2a: Honchkrow|1\/100\n|-unboost|p1a: Sneasler|def|1\n|-unboost|p1a: Sneasler|spd|1\n|move|p2a: Honchkrow|Acrobatics|p1a: Sneasler\n|-supereffective|p1a: Sneasler\n|-damage|p1a: Sneasler|0 fnt\n|faint|p1a: Sneasler\n|-ability|p2a: Honchkrow|Moxie|boost\n|-boost|p2a: Honchkrow|atk|1\n|\n|upkeep\n|inactive|theory 8234 has 120 seconds left.\n|\n|t:|1700240498\n|switch|p1a: Ogerpon|Ogerpon-Wellspring, F|100\/100\n|turn|6\n|\n|t:|1700240513\n|move|p1a: Ogerpon|Grassy Glide|p2a: Honchkrow\n|-resisted|p2a: Honchkrow\n|-damage|p2a: Honchkrow|0 fnt\n|faint|p2a: Honchkrow\n|\n|upkeep\n|\n|t:|1700240516\n|switch|p2a: Scizor|Scizor, F|100\/100\n|turn|7\n|\n|t:|1700240533\n|switch|p1a: Hatterene|Hatterene, F|100\/100\n|move|p2a: Scizor|Bullet Punch|p1a: Hatterene\n|-supereffective|p1a: Hatterene\n|-damage|p1a: Hatterene|36\/100\n|-enditem|p1a: Hatterene|Eject Button\n|\n|t:|1700240540\n|switch|p1a: Iron Moth|Iron Moth|100\/100\n|-enditem|p1a: Iron Moth|Booster Energy\n|-activate|p1a: Iron Moth|ability: Quark Drive|[fromitem]\n|-start|p1a: Iron Moth|quarkdrivespe\n|\n|upkeep\n|turn|8\n|\n|t:|1700240548\n|switch|p2a: Grimmsnarl|Grimmsnarl, M|100\/100\n|move|p1a: Iron Moth|Fiery Dance|p2a: Grimmsnarl\n|-damage|p2a: Grimmsnarl|58\/100\n|\n|-heal|p2a: Grimmsnarl|64\/100|[from] Grassy Terrain\n|-fieldend|move: Grassy Terrain\n|upkeep\n|turn|9\n|\n|t:|1700240569\n|move|p2a: Grimmsnarl|Trick|p1a: Iron Moth\n|-activate|p2a: Grimmsnarl|move: Trick|[of] p1a: Iron Moth\n|-item|p1a: Iron Moth|Choice Band|[from] move: Trick\n|-enditem|p2a: Grimmsnarl|Choice Band|[silent]|[from] move: Trick\n|move|p1a: Iron Moth|Dazzling Gleam|p2a: Grimmsnarl\n|-supereffective|p2a: Grimmsnarl\n|-damage|p2a: Grimmsnarl|7\/100\n|\n|upkeep\n|turn|10\n|\n|t:|1700240575\n|switch|p2a: Scizor|Scizor, F|100\/100\n|move|p1a: Iron Moth|Dazzling Gleam|p2a: Scizor\n|-resisted|p2a: Scizor\n|-damage|p2a: Scizor|83\/100\n|\n|upkeep\n|turn|11\n|\n|t:|1700240584\n|move|p1a: Iron Moth|Dazzling Gleam|p2a: Scizor\n|-resisted|p2a: Scizor\n|-damage|p2a: Scizor|67\/100\n|move|p2a: Scizor|Swords Dance|p2a: Scizor\n|-boost|p2a: Scizor|atk|2\n|\n|upkeep\n|turn|12\n|\n|t:|1700240590\n|-end|p1a: Iron Moth|Quark Drive|[silent]\n|switch|p1a: Hatterene|Hatterene, F|36\/100\n|move|p2a: Scizor|Swords Dance|p2a: Scizor\n|-boost|p2a: Scizor|atk|2\n|\n|upkeep\n|turn|13\n|\n|t:|1700240598\n|move|p2a: Scizor|Bullet Punch|p1a: Hatterene\n|-supereffective|p1a: Hatterene\n|-damage|p1a: Hatterene|0 fnt\n|faint|p1a: Hatterene\n|\n|upkeep\n|\n|t:|1700240599\n|switch|p1a: Iron Moth|Iron Moth|100\/100\n|turn|14\n|\n|t:|1700240606\n|-terastallize|p2a: Scizor|Steel\n|move|p2a: Scizor|Bullet Punch|p1a: Iron Moth\n|-resisted|p1a: Iron Moth\n|-damage|p1a: Iron Moth|4\/100\n|move|p1a: Iron Moth|Fiery Dance|p2a: Scizor\n|-supereffective|p2a: Scizor\n|-damage|p2a: Scizor|0 fnt\n|-boost|p1a: Iron Moth|spa|1\n|faint|p2a: Scizor\n|\n|upkeep\n|\n|t:|1700240616\n|switch|p2a: Slowking|Slowking, F|100\/100\n|turn|15\n|\n|t:|1700240621\n|-end|p1a: Iron Moth|Quark Drive|[silent]\n|switch|p1a: Ogerpon|Ogerpon-Wellspring, F|100\/100\n|move|p2a: Slowking|Future Sight|p1a: Ogerpon\n|-start|p2a: Slowking|move: Future Sight\n|\n|upkeep\n|turn|16\n|\n|t:|1700240625\n|move|p1a: Ogerpon|Encore|p2a: Slowking\n|-start|p2a: Slowking|Encore\n|move|p2a: Slowking|Future Sight||[still]\n|-fail|p2a: Slowking\n|\n|upkeep\n|turn|17\n|\n|t:|1700240637\n|switch|p2a: Grimmsnarl|Grimmsnarl, M|7\/100\n|move|p1a: Ogerpon|Swords Dance|p1a: Ogerpon\n|-boost|p1a: Ogerpon|atk|2\n|\n|-end|p1a: Ogerpon|move: Future Sight\n|-damage|p1a: Ogerpon|51\/100\n|upkeep\n|turn|18\n|\n|t:|1700240643\n|move|p2a: Grimmsnarl|Trick||[still]\n|-fail|p2a: Grimmsnarl\n|move|p1a: Ogerpon|Grassy Glide|p2a: Grimmsnarl\n|-damage|p2a: Grimmsnarl|0 fnt\n|faint|p2a: Grimmsnarl\n|\n|upkeep\n|\n|t:|1700240645\n|switch|p2a: Thundurus|Thundurus-Therian, M|100\/100\n|turn|19\n|\n|t:|1700240651\n|move|p1a: Ogerpon|Ivy Cudgel|p2a: Thundurus|[anim] Ivy Cudgel Water\n|-damage|p2a: Thundurus|0 fnt\n|faint|p2a: Thundurus\n|\n|upkeep\n|\n|t:|1700240659\n|switch|p2a: Slowking|Slowking, F|100\/100\n|turn|20\n|\n|t:|1700240662\n|move|p1a: Ogerpon|Grassy Glide|p2a: Slowking\n|-supereffective|p2a: Slowking\n|-damage|p2a: Slowking|0 fnt\n|faint|p2a: Slowking\n|\n|win|theory 8234\n|raw|theory 8234's rating: 1000 &rarr; <strong>1050<\/strong><br \/>(+50 for winning)\n|raw|Dededorn2's rating: 1088 &rarr; <strong>1059<\/strong><br \/>(-29 for losing)\n|c|\u2606theory 8234|gg\n|l|\u2606Dededorn2\n","uploadtime":1700240802,"views":10,"p1id":"theory8234","p2id":"dededorn2","formatid":"gen9ou","rating":1050,"private":0,"password":""}