{"id":"gen9ou-1995599545","p1":"ChillLanturnYT","p2":"Icefanngs","format":"[Gen 9] OU","log":"|j|\u2606ChillLanturnYT\n|j|\u2606Icefanngs\n|t:|1700586333\n|gametype|singles\n|player|p1|ChillLanturnYT|palmer|1138\n|player|p2|Icefanngs|101|1066\n|teamsize|p1|6\n|teamsize|p2|6\n|gen|9\n|tier|[Gen 9] OU\n|rated|\n|rule|Sleep Clause Mod: Limit one foe put to sleep\n|rule|Species Clause: Limit one of each Pok\u00e9mon\n|rule|OHKO Clause: OHKO moves are banned\n|rule|Evasion Items Clause: Evasion items are banned\n|rule|Evasion Moves Clause: Evasion moves are banned\n|rule|Endless Battle Clause: Forcing endless battles is banned\n|rule|HP Percentage Mod: HP is shown in percentages\n|clearpoke\n|poke|p1|Empoleon, F|\n|poke|p1|Milotic, F|\n|poke|p1|Primeape, M|\n|poke|p1|Great Tusk|\n|poke|p1|Lurantis, F|\n|poke|p1|Goodra-Hisui, M|\n|poke|p2|Gardevoir, F|\n|poke|p2|Mienshao, F|\n|poke|p2|Froslass, F|\n|poke|p2|Rotom-Heat|\n|poke|p2|Milotic, F|\n|poke|p2|Dartrix, F|\n|teampreview\n|\n|t:|1700586346\n|start\n|switch|p1a: Primeape|Primeape, M|100\/100\n|switch|p2a: Mienshao|Mienshao, F|100\/100\n|turn|1\n|\n|t:|1700586356\n|move|p2a: Mienshao|Fake Out|p1a: Primeape\n|-damage|p1a: Primeape|69\/100\n|-damage|p2a: Mienshao|91\/100|[from] item: Life Orb\n|cant|p1a: Primeape|flinch\n|\n|upkeep\n|turn|2\n|\n|t:|1700586361\n|move|p1a: Primeape|Close Combat|p2a: Mienshao\n|-damage|p2a: Mienshao|0 fnt\n|-unboost|p1a: Primeape|def|1\n|-unboost|p1a: Primeape|spd|1\n|faint|p2a: Mienshao\n|\n|upkeep\n|\n|t:|1700586373\n|switch|p2a: Froslass|Froslass, F|100\/100\n|turn|3\n|\n|t:|1700586381\n|switch|p1a: Goodra|Goodra-Hisui, M|100\/100\n|move|p2a: Froslass|Will-O-Wisp|p1a: Goodra\n|-status|p1a: Goodra|brn\n|\n|-damage|p1a: Goodra|94\/100 brn|[from] brn\n|upkeep\n|turn|4\n|\n|t:|1700586394\n|switch|p2a: Milotic|Milotic, F|100\/100\n|move|p1a: Goodra|Shelter|p1a: Goodra\n|-boost|p1a: Goodra|def|2\n|\n|-heal|p1a: Goodra|100\/100 brn|[from] item: Leftovers\n|-damage|p1a: Goodra|94\/100 brn|[from] brn\n|upkeep\n|turn|5\n|\n|t:|1700586430\n|switch|p2a: Dartrix|Dartrix, F|100\/100\n|move|p1a: Goodra|Body Press|p2a: Dartrix\n|-resisted|p2a: Dartrix\n|-crit|p2a: Dartrix\n|-damage|p2a: Dartrix|92\/100\n|\n|-heal|p1a: Goodra|100\/100 brn|[from] item: Leftovers\n|-damage|p1a: Goodra|94\/100 brn|[from] brn\n|upkeep\n|turn|6\n|\n|t:|1700586437\n|move|p2a: Dartrix|Confuse Ray|p1a: Goodra\n|-start|p1a: Goodra|confusion\n|-activate|p1a: Goodra|confusion\n|-damage|p1a: Goodra|88\/100 brn|[from] confusion\n|\n|-heal|p1a: Goodra|94\/100 brn|[from] item: Leftovers\n|-damage|p1a: Goodra|88\/100 brn|[from] brn\n|upkeep\n|turn|7\n|\n|t:|1700586444\n|move|p2a: Dartrix|Knock Off|p1a: Goodra\n|-damage|p1a: Goodra|80\/100 brn\n|-enditem|p1a: Goodra|Leftovers|[from] move: Knock Off|[of] p2a: Dartrix\n|-activate|p1a: Goodra|confusion\n|move|p1a: Goodra|Dragon Tail|p2a: Dartrix\n|-damage|p2a: Dartrix|82\/100\n|drag|p2a: Milotic|Milotic, F|100\/100\n|\n|-damage|p1a: Goodra|74\/100 brn|[from] brn\n|upkeep\n|turn|8\n|\n|t:|1700586454\n|move|p2a: Milotic|Ice Beam|p1a: Goodra\n|-damage|p1a: Goodra|54\/100 brn\n|-activate|p1a: Goodra|confusion\n|move|p1a: Goodra|Body Press|p2a: Milotic\n|-damage|p2a: Milotic|81\/100\n|\n|-heal|p2a: Milotic|87\/100|[from] item: Leftovers\n|-damage|p1a: Goodra|47\/100 brn|[from] brn\n|upkeep\n|turn|9\n|\n|t:|1700586459\n|switch|p1a: Empoleon|Empoleon, F|100\/100\n|move|p2a: Milotic|Ice Beam|p1a: Empoleon\n|-resisted|p1a: Empoleon\n|-damage|p1a: Empoleon|94\/100\n|\n|-heal|p2a: Milotic|93\/100|[from] item: Leftovers\n|-heal|p1a: Empoleon|99\/100|[from] item: Leftovers\n|upkeep\n|turn|10\n|\n|t:|1700586467\n|move|p2a: Milotic|Scald|p1a: Empoleon\n|-resisted|p1a: Empoleon\n|-damage|p1a: Empoleon|82\/100\n|move|p1a: Empoleon|Ice Beam|p2a: Milotic\n|-resisted|p2a: Milotic\n|-damage|p2a: Milotic|82\/100\n|\n|-heal|p2a: Milotic|88\/100|[from] item: Leftovers\n|-heal|p1a: Empoleon|88\/100|[from] item: Leftovers\n|upkeep\n|turn|11\n|\n|t:|1700586472\n|switch|p1a: Goodra|Goodra-Hisui, M|47\/100 brn\n|move|p2a: Milotic|Scald|p1a: Goodra\n|-resisted|p1a: Goodra\n|-damage|p1a: Goodra|35\/100 brn\n|\n|-heal|p2a: Milotic|94\/100|[from] item: Leftovers\n|-damage|p1a: Goodra|29\/100 brn|[from] brn\n|upkeep\n|turn|12\n|\n|t:|1700586476\n|move|p2a: Milotic|Ice Beam|p1a: Goodra\n|-damage|p1a: Goodra|8\/100 brn\n|move|p1a: Goodra|Dragon Tail|p2a: Milotic\n|-damage|p2a: Milotic|78\/100\n|drag|p2a: Gardevoir|Gardevoir, F|100\/100\n|-ability|p2a: Gardevoir|Sap Sipper|[from] ability: Trace|[of] p1a: Goodra\n|\n|-damage|p1a: Goodra|2\/100 brn|[from] brn\n|upkeep\n|turn|13\n|\n|t:|1700586496\n|move|p2a: Gardevoir|Moonblast|p1a: Goodra\n|-damage|p1a: Goodra|0 fnt\n|faint|p1a: Goodra\n|\n|upkeep\n|\n|t:|1700586507\n|switch|p1a: Milotic|Milotic, F|100\/100\n|turn|14\n|\n|t:|1700586518\n|move|p2a: Gardevoir|Moonblast|p1a: Milotic\n|-damage|p1a: Milotic|71\/100\n|-unboost|p1a: Milotic|spa|1\n|-ability|p1a: Milotic|Competitive|boost\n|-boost|p1a: Milotic|spa|2\n|move|p1a: Milotic|Coil|p1a: Milotic\n|-boost|p1a: Milotic|atk|1\n|-boost|p1a: Milotic|def|1\n|-boost|p1a: Milotic|accuracy|1\n|\n|-heal|p1a: Milotic|77\/100|[from] item: Leftovers\n|upkeep\n|turn|15\n|\n|t:|1700586529\n|switch|p2a: Dartrix|Dartrix, F|82\/100\n|move|p1a: Milotic|Coil|p1a: Milotic\n|-boost|p1a: Milotic|atk|1\n|-boost|p1a: Milotic|def|1\n|-boost|p1a: Milotic|accuracy|1\n|\n|-heal|p1a: Milotic|83\/100|[from] item: Leftovers\n|upkeep\n|turn|16\n|\n|t:|1700586533\n|move|p1a: Milotic|Blizzard|p2a: Dartrix\n|-supereffective|p2a: Dartrix\n|-damage|p2a: Dartrix|0 fnt\n|faint|p2a: Dartrix\n|\n|-heal|p1a: Milotic|89\/100|[from] item: Leftovers\n|upkeep\n|inactive|Battle timer is ON: inactive players will automatically lose when time's up. (requested by ChillLanturnYT)\n|\n|t:|1700586567\n|switch|p2a: Froslass|Froslass, F|100\/100\n|turn|17\n|\n|t:|1700586571\n|move|p2a: Froslass|Thunder Wave|p1a: Milotic\n|-status|p1a: Milotic|par\n|cant|p1a: Milotic|par\n|\n|-heal|p1a: Milotic|95\/100 par|[from] item: Leftovers\n|upkeep\n|turn|18\n|\n|t:|1700586577\n|move|p2a: Froslass|Hex|p1a: Milotic\n|-damage|p1a: Milotic|64\/100 par\n|move|p1a: Milotic|Hydro Pump|p2a: Froslass\n|-damage|p2a: Froslass|13\/100\n|-start|p1a: Milotic|Disable|Hydro Pump|[from] ability: Cursed Body|[of] p2a: Froslass\n|\n|-heal|p1a: Milotic|70\/100 par|[from] item: Leftovers\n|upkeep\n|turn|19\n|\n|t:|1700586583\n|move|p2a: Froslass|Hex|p1a: Milotic\n|-crit|p1a: Milotic\n|-damage|p1a: Milotic|29\/100 par\n|move|p1a: Milotic|Recover|p1a: Milotic\n|-heal|p1a: Milotic|79\/100 par\n|\n|-heal|p1a: Milotic|85\/100 par|[from] item: Leftovers\n|upkeep\n|turn|20\n|\n|t:|1700586587\n|move|p2a: Froslass|Hex|p1a: Milotic\n|-damage|p1a: Milotic|56\/100 par\n|cant|p1a: Milotic|par\n|\n|-heal|p1a: Milotic|62\/100 par|[from] item: Leftovers\n|upkeep\n|turn|21\n|\n|t:|1700586589\n|move|p2a: Froslass|Hex|p1a: Milotic\n|-damage|p1a: Milotic|32\/100 par\n|move|p1a: Milotic|Recover|p1a: Milotic\n|-heal|p1a: Milotic|82\/100 par\n|\n|-heal|p1a: Milotic|88\/100 par|[from] item: Leftovers\n|-end|p1a: Milotic|Disable\n|upkeep\n|turn|22\n|\n|t:|1700586594\n|move|p2a: Froslass|Hex|p1a: Milotic\n|-damage|p1a: Milotic|59\/100 par\n|cant|p1a: Milotic|par\n|\n|-heal|p1a: Milotic|65\/100 par|[from] item: Leftovers\n|upkeep\n|turn|23\n|\n|t:|1700586599\n|move|p2a: Froslass|Hex|p1a: Milotic\n|-damage|p1a: Milotic|37\/100 par\n|move|p1a: Milotic|Recover|p1a: Milotic\n|-heal|p1a: Milotic|87\/100 par\n|\n|-heal|p1a: Milotic|93\/100 par|[from] item: Leftovers\n|upkeep\n|turn|24\n|\n|t:|1700586603\n|move|p2a: Froslass|Hex|p1a: Milotic\n|-damage|p1a: Milotic|61\/100 par\n|move|p1a: Milotic|Blizzard|p2a: Froslass\n|-resisted|p2a: Froslass\n|-crit|p2a: Froslass\n|-damage|p2a: Froslass|0 fnt\n|faint|p2a: Froslass\n|\n|-heal|p1a: Milotic|67\/100 par|[from] item: Leftovers\n|upkeep\n|\n|t:|1700586616\n|switch|p2a: Gardevoir|Gardevoir, F|100\/100\n|-ability|p2a: Gardevoir|Competitive|[from] ability: Trace|[of] p1a: Milotic\n|turn|25\n|\n|t:|1700586622\n|move|p2a: Gardevoir|Trick|p1a: Milotic\n|-activate|p2a: Gardevoir|move: Trick|[of] p1a: Milotic\n|-item|p1a: Milotic|Choice Scarf|[from] move: Trick\n|-item|p2a: Gardevoir|Leftovers|[from] move: Trick\n|move|p1a: Milotic|Hydro Pump|p2a: Gardevoir\n|-damage|p2a: Gardevoir|39\/100\n|\n|-heal|p2a: Gardevoir|45\/100|[from] item: Leftovers\n|upkeep\n|turn|26\n|\n|t:|1700586638\n|switch|p2a: Rotom|Rotom-Heat|100\/100\n|move|p1a: Milotic|Hydro Pump|p2a: Rotom\n|-supereffective|p2a: Rotom\n|-enditem|p2a: Rotom|Passho Berry|[eat]\n|-enditem|p2a: Rotom|Passho Berry|[weaken]\n|-damage|p2a: Rotom|52\/100\n|\n|upkeep\n|turn|27\n|\n|t:|1700586648\n|move|p2a: Rotom|Volt Switch|p1a: Milotic\n|-supereffective|p1a: Milotic\n|-damage|p1a: Milotic|38\/100 par\n|\n|t:|1700586656\n|switch|p2a: Milotic|Milotic, F|78\/100|[from] Volt Switch\n|move|p1a: Milotic|Hydro Pump|p2a: Milotic\n|-resisted|p2a: Milotic\n|-damage|p2a: Milotic|58\/100\n|\n|-heal|p2a: Milotic|64\/100|[from] item: Leftovers\n|upkeep\n|turn|28\n|\n|t:|1700586659\n|move|p2a: Milotic|Scald|p1a: Milotic\n|-resisted|p1a: Milotic\n|-damage|p1a: Milotic|27\/100 par\n|move|p1a: Milotic|Hydro Pump|p2a: Milotic\n|-resisted|p2a: Milotic\n|-damage|p2a: Milotic|41\/100\n|\n|-heal|p2a: Milotic|47\/100|[from] item: Leftovers\n|upkeep\n|turn|29\n|\n|t:|1700586662\n|move|p2a: Milotic|Recover|p2a: Milotic\n|-heal|p2a: Milotic|97\/100\n|cant|p1a: Milotic|par\n|\n|-heal|p2a: Milotic|100\/100|[from] item: Leftovers\n|upkeep\n|turn|30\n|\n|t:|1700586665\n|move|p2a: Milotic|Scald|p1a: Milotic\n|-resisted|p1a: Milotic\n|-crit|p1a: Milotic\n|-damage|p1a: Milotic|9\/100 par\n|move|p1a: Milotic|Hydro Pump|p2a: Milotic\n|-resisted|p2a: Milotic\n|-damage|p2a: Milotic|78\/100\n|\n|-heal|p2a: Milotic|84\/100|[from] item: Leftovers\n|upkeep\n|turn|31\n|\n|t:|1700586670\n|move|p2a: Milotic|Scald|p1a: Milotic\n|-resisted|p1a: Milotic\n|-damage|p1a: Milotic|0 fnt\n|faint|p1a: Milotic\n|\n|-heal|p2a: Milotic|90\/100|[from] item: Leftovers\n|upkeep\n|\n|t:|1700586674\n|switch|p1a: Lurantis|Lurantis, F|100\/100\n|turn|32\n|\n|t:|1700586685\n|-terastallize|p2a: Milotic|Ice\n|move|p2a: Milotic|Ice Beam|p1a: Lurantis\n|-supereffective|p1a: Lurantis\n|-damage|p1a: Lurantis|36\/100\n|move|p1a: Lurantis|Leaf Storm|p2a: Milotic\n|-damage|p2a: Milotic|59\/100\n|-boost|p1a: Lurantis|spa|2\n|\n|-heal|p2a: Milotic|65\/100|[from] item: Leftovers\n|upkeep\n|turn|33\n|\n|t:|1700586699\n|move|p2a: Milotic|Ice Beam|p1a: Lurantis\n|-supereffective|p1a: Lurantis\n|-damage|p1a: Lurantis|0 fnt\n|faint|p1a: Lurantis\n|\n|-heal|p2a: Milotic|71\/100|[from] item: Leftovers\n|upkeep\n|\n|t:|1700586702\n|switch|p1a: Primeape|Primeape, M|69\/100\n|turn|34\n|\n|t:|1700586713\n|move|p1a: Primeape|Close Combat|p2a: Milotic\n|-supereffective|p2a: Milotic\n|-damage|p2a: Milotic|0 fnt\n|-unboost|p1a: Primeape|def|1\n|-unboost|p1a: Primeape|spd|1\n|faint|p2a: Milotic\n|\n|upkeep\n|\n|t:|1700586717\n|switch|p2a: Gardevoir|Gardevoir, F|45\/100\n|-ability|p2a: Gardevoir|Defiant|[from] ability: Trace|[of] p1a: Primeape\n|turn|35\n|\n|t:|1700586724\n|switch|p1a: Empoleon|Empoleon, F|88\/100\n|move|p2a: Gardevoir|Moonblast|p1a: Empoleon\n|-resisted|p1a: Empoleon\n|-damage|p1a: Empoleon|66\/100\n|\n|-heal|p2a: Gardevoir|51\/100|[from] item: Leftovers\n|-heal|p1a: Empoleon|73\/100|[from] item: Leftovers\n|upkeep\n|turn|36\n|inactive|Icefanngs has 120 seconds left.\n|\n|t:|1700586760\n|move|p2a: Gardevoir|Mystical Fire|p1a: Empoleon\n|-damage|p1a: Empoleon|50\/100\n|-unboost|p1a: Empoleon|spa|1\n|-ability|p1a: Empoleon|Competitive|boost\n|-boost|p1a: Empoleon|spa|2\n|move|p1a: Empoleon|Surf|p2a: Gardevoir\n|-damage|p2a: Gardevoir|0 fnt\n|faint|p2a: Gardevoir\n|\n|-heal|p1a: Empoleon|56\/100|[from] item: Leftovers\n|upkeep\n|\n|t:|1700586777\n|switch|p2a: Rotom|Rotom-Heat|52\/100\n|turn|37\n|\n|t:|1700586779\n|move|p2a: Rotom|Volt Switch|p1a: Empoleon\n|-supereffective|p1a: Empoleon\n|-damage|p1a: Empoleon|10\/100\n|move|p1a: Empoleon|Surf|p2a: Rotom\n|-supereffective|p2a: Rotom\n|-damage|p2a: Rotom|0 fnt\n|faint|p2a: Rotom\n|\n|win|ChillLanturnYT\n|raw|ChillLanturnYT's rating: 1138 &rarr; <strong>1158<\/strong><br \/>(+20 for winning)\n|raw|Icefanngs's rating: 1066 &rarr; <strong>1050<\/strong><br \/>(-16 for losing)\n|l|\u2606Icefanngs\n","uploadtime":1700586783,"views":1,"p1id":"chilllanturnyt","p2id":"icefanngs","formatid":"gen9ou","rating":1050,"private":0,"password":""}