{"id":"gen9ou-1991668047","p1":"gorodavy","p2":"Petergriffinonline","format":"[Gen 9] OU","log":"|j|\u2606gorodavy\n|j|\u2606Petergriffinonline\n|t:|1700100479\n|gametype|singles\n|player|p1|gorodavy|boarder|\n|player|p2|Petergriffinonline|102|\n|teamsize|p1|6\n|teamsize|p2|6\n|gen|9\n|tier|[Gen 9] OU\n|rule|Sleep Clause Mod: Limit one foe put to sleep\n|rule|Species Clause: Limit one of each Pok\u00e9mon\n|rule|OHKO Clause: OHKO moves are banned\n|rule|Evasion Items Clause: Evasion items are banned\n|rule|Evasion Moves Clause: Evasion moves are banned\n|rule|Endless Battle Clause: Forcing endless battles is banned\n|rule|HP Percentage Mod: HP is shown in percentages\n|clearpoke\n|poke|p1|Rillaboom, M|\n|poke|p1|Greninja-*, M|\n|poke|p1|Sneasler, M|\n|poke|p1|Slowking-Galar, M|\n|poke|p1|Heatran, M|\n|poke|p1|Great Tusk|\n|poke|p2|Clefable, F|\n|poke|p2|Corviknight, M|\n|poke|p2|Scizor, M|\n|poke|p2|Cinderace, F|\n|poke|p2|Amoonguss, F|\n|poke|p2|Rotom-Wash|\n|teampreview\n|inactive|Battle timer is ON: inactive players will automatically lose when time's up. (requested by Petergriffinonline)\n|\n|t:|1700100489\n|start\n|switch|p1a: Slowking|Slowking-Galar, M|100\/100\n|switch|p2a: Rotom|Rotom-Wash|100\/100\n|turn|1\n|\n|t:|1700100491\n|move|p2a: Rotom|Trick|p1a: Slowking\n|-activate|p2a: Rotom|move: Trick|[of] p1a: Slowking\n|-item|p1a: Slowking|Choice Scarf|[from] move: Trick\n|-item|p2a: Rotom|Assault Vest|[from] move: Trick\n|move|p1a: Slowking|Future Sight|p2a: Rotom\n|-start|p1a: Slowking|move: Future Sight\n|\n|upkeep\n|turn|2\n|\n|t:|1700100502\n|switch|p2a: Scizor|Scizor, M|100\/100\n|switch|p1a: Rillaboom|Rillaboom, M|100\/100\n|-fieldstart|move: Grassy Terrain|[from] ability: Grassy Surge|[of] p1a: Rillaboom\n|\n|upkeep\n|turn|3\n|\n|t:|1700100506\n|switch|p1a: Heatran|Heatran, M, shiny|100\/100\n|move|p2a: Scizor|Swords Dance|p2a: Scizor\n|-boost|p2a: Scizor|atk|2\n|\n|-end|p2a: Scizor|move: Future Sight\n|-resisted|p2a: Scizor\n|-damage|p2a: Scizor|65\/100\n|-heal|p2a: Scizor|71\/100|[from] Grassy Terrain\n|upkeep\n|turn|4\n|\n|t:|1700100509\n|move|p1a: Heatran|Magma Storm|p2a: Scizor\n|-supereffective|p2a: Scizor\n|-damage|p2a: Scizor|0 fnt\n|faint|p2a: Scizor\n|\n|upkeep\n|\n|t:|1700100528\n|switch|p2a: Rotom|Rotom-Wash|100\/100\n|turn|5\n|\n|t:|1700100531\n|switch|p1a: Slowking|Slowking-Galar, M|100\/100\n|move|p2a: Rotom|Hydro Pump|p1a: Slowking\n|-damage|p1a: Slowking|73\/100\n|\n|-heal|p1a: Slowking|79\/100|[from] Grassy Terrain\n|upkeep\n|turn|6\n|\n|t:|1700100534\n|move|p2a: Rotom|Volt Switch|p1a: Slowking\n|-damage|p1a: Slowking|60\/100\n|\n|t:|1700100537\n|switch|p2a: Corviknight|Corviknight, M|100\/100|[from] Volt Switch\n|-ability|p2a: Corviknight|Pressure\n|move|p1a: Slowking|Sludge Bomb|p2a: Corviknight\n|-immune|p2a: Corviknight\n|\n|-heal|p1a: Slowking|66\/100|[from] Grassy Terrain\n|-fieldend|move: Grassy Terrain\n|upkeep\n|turn|7\n|\n|t:|1700100547\n|switch|p1a: Heatran|Heatran, M, shiny|100\/100\n|move|p2a: Corviknight|U-turn|p1a: Heatran\n|-resisted|p1a: Heatran\n|-damage|p1a: Heatran|97\/100\n|\n|t:|1700100550\n|switch|p2a: Rotom|Rotom-Wash|100\/100|[from] U-turn\n|\n|upkeep\n|turn|8\n|\n|t:|1700100556\n|switch|p1a: Slowking|Slowking-Galar, M|99\/100\n|move|p2a: Rotom|Volt Switch|p1a: Slowking\n|-damage|p1a: Slowking|82\/100\n|\n|t:|1700100561\n|switch|p2a: Corviknight|Corviknight, M|100\/100|[from] Volt Switch\n|-ability|p2a: Corviknight|Pressure\n|\n|upkeep\n|turn|9\n|\n|t:|1700100568\n|move|p2a: Corviknight|Brave Bird|p1a: Slowking\n|-damage|p1a: Slowking|42\/100\n|-damage|p2a: Corviknight|88\/100|[from] Recoil\n|move|p1a: Slowking|Flamethrower|p2a: Corviknight\n|-supereffective|p2a: Corviknight\n|-damage|p2a: Corviknight|32\/100\n|\n|-heal|p2a: Corviknight|38\/100|[from] item: Leftovers\n|upkeep\n|turn|10\n|\n|t:|1700100574\n|switch|p1a: Heatran|Heatran, M, shiny|97\/100\n|move|p2a: Corviknight|U-turn|p1a: Heatran\n|-resisted|p1a: Heatran\n|-damage|p1a: Heatran|94\/100\n|\n|t:|1700100577\n|switch|p2a: Rotom|Rotom-Wash|100\/100|[from] U-turn\n|\n|upkeep\n|turn|11\n|\n|t:|1700100579\n|switch|p1a: Slowking|Slowking-Galar, M|76\/100\n|move|p2a: Rotom|Hydro Pump|p1a: Slowking|[miss]\n|-miss|p2a: Rotom|p1a: Slowking\n|\n|upkeep\n|turn|12\n|\n|t:|1700100582\n|move|p2a: Rotom|Hydro Pump|p1a: Slowking\n|-damage|p1a: Slowking|49\/100\n|move|p1a: Slowking|Future Sight|p2a: Rotom\n|-start|p1a: Slowking|move: Future Sight\n|\n|upkeep\n|turn|13\n|\n|t:|1700100587\n|switch|p1a: Rillaboom|Rillaboom, M|100\/100\n|-fieldstart|move: Grassy Terrain|[from] ability: Grassy Surge|[of] p1a: Rillaboom\n|move|p2a: Rotom|Hydro Pump|p1a: Rillaboom\n|-resisted|p1a: Rillaboom\n|-damage|p1a: Rillaboom|77\/100\n|\n|-heal|p1a: Rillaboom|83\/100|[from] Grassy Terrain\n|upkeep\n|turn|14\n|\n|t:|1700100589\n|move|p1a: Rillaboom|Grassy Glide|p2a: Rotom\n|-supereffective|p2a: Rotom\n|-damage|p2a: Rotom|15\/100\n|move|p2a: Rotom|Volt Switch|p1a: Rillaboom\n|-resisted|p1a: Rillaboom\n|-damage|p1a: Rillaboom|68\/100\n|\n|t:|1700100594\n|switch|p2a: Clefable|Clefable, F|100\/100|[from] Volt Switch\n|\n|-end|p2a: Clefable|move: Future Sight\n|-damage|p2a: Clefable|45\/100\n|-heal|p1a: Rillaboom|74\/100|[from] Grassy Terrain\n|-heal|p2a: Clefable|51\/100|[from] Grassy Terrain\n|-heal|p2a: Clefable|57\/100|[from] item: Leftovers\n|upkeep\n|turn|15\n|\n|t:|1700100596\n|move|p1a: Rillaboom|Knock Off|p2a: Clefable\n|-resisted|p2a: Clefable\n|-damage|p2a: Clefable|43\/100\n|-enditem|p2a: Clefable|Leftovers|[from] move: Knock Off|[of] p1a: Rillaboom\n|move|p2a: Clefable|Stealth Rock|p1a: Rillaboom\n|-sidestart|p1: gorodavy|move: Stealth Rock\n|\n|-heal|p1a: Rillaboom|81\/100|[from] Grassy Terrain\n|-heal|p2a: Clefable|49\/100|[from] Grassy Terrain\n|upkeep\n|turn|16\n|\n|t:|1700100602\n|switch|p1a: Great Tusk|Great Tusk|100\/100\n|-damage|p1a: Great Tusk|98\/100|[from] Stealth Rock\n|-enditem|p1a: Great Tusk|Booster Energy\n|-activate|p1a: Great Tusk|ability: Protosynthesis|[fromitem]\n|-start|p1a: Great Tusk|protosynthesisspe\n|move|p2a: Clefable|Wish|p2a: Clefable\n|\n|-heal|p1a: Great Tusk|100\/100|[from] Grassy Terrain\n|-heal|p2a: Clefable|55\/100|[from] Grassy Terrain\n|upkeep\n|turn|17\n|\n|t:|1700100607\n|-terastallize|p1a: Great Tusk|Poison\n|move|p1a: Great Tusk|Bulk Up|p1a: Great Tusk\n|-boost|p1a: Great Tusk|atk|1\n|-boost|p1a: Great Tusk|def|1\n|move|p2a: Clefable|Moonblast|p1a: Great Tusk\n|-resisted|p1a: Great Tusk\n|-damage|p1a: Great Tusk|80\/100\n|\n|-heal|p2a: Clefable|100\/100|[from] move: Wish|[wisher] Clefable\n|-heal|p1a: Great Tusk|87\/100|[from] Grassy Terrain\n|-fieldend|move: Grassy Terrain\n|upkeep\n|turn|18\n|\n|t:|1700100618\n|switch|p2a: Amoonguss|Amoonguss, F|100\/100\n|move|p1a: Great Tusk|Bulk Up|p1a: Great Tusk\n|-boost|p1a: Great Tusk|atk|1\n|-boost|p1a: Great Tusk|def|1\n|\n|upkeep\n|turn|19\n|\n|t:|1700100623\n|-terastallize|p2a: Amoonguss|Water\n|move|p1a: Great Tusk|Ice Spinner|p2a: Amoonguss\n|-resisted|p2a: Amoonguss\n|-damage|p2a: Amoonguss|83\/100\n|-enditem|p2a: Amoonguss|Red Card|[of] p1a: Great Tusk\n|-end|p1a: Great Tusk|Protosynthesis|[silent]\n|drag|p1a: Sneasler|Sneasler, M, shiny|100\/100\n|-damage|p1a: Sneasler|94\/100|[from] Stealth Rock\n|move|p2a: Amoonguss|Spore|p1a: Sneasler\n|-status|p1a: Sneasler|slp|[from] move: Spore\n|\n|upkeep\n|turn|20\n|\n|t:|1700100645\n|switch|p1a: Rillaboom|Rillaboom, M|81\/100\n|-fieldstart|move: Grassy Terrain|[from] ability: Grassy Surge|[of] p1a: Rillaboom\n|switch|p2a: Corviknight|Corviknight, M|38\/100\n|-ability|p2a: Corviknight|Pressure\n|\n|-heal|p1a: Rillaboom|87\/100|[from] Grassy Terrain\n|-heal|p2a: Corviknight|44\/100|[from] item: Leftovers\n|upkeep\n|turn|21\n|\n|t:|1700100653\n|switch|p1a: Great Tusk|Great Tusk, tera:Poison|87\/100\n|-damage|p1a: Great Tusk|74\/100|[from] Stealth Rock\n|move|p2a: Corviknight|Roost|p2a: Corviknight\n|-heal|p2a: Corviknight|94\/100\n|-singleturn|p2a: Corviknight|move: Roost\n|\n|-heal|p1a: Great Tusk|80\/100|[from] Grassy Terrain\n|-heal|p2a: Corviknight|99\/100|[from] Grassy Terrain\n|-heal|p2a: Corviknight|100\/100|[from] item: Leftovers\n|upkeep\n|turn|22\n|\n|t:|1700100663\n|switch|p2a: Amoonguss|Amoonguss, F, tera:Water|100\/100\n|move|p1a: Great Tusk|Rapid Spin|p2a: Amoonguss\n|-damage|p2a: Amoonguss|88\/100\n|-boost|p1a: Great Tusk|spe|1\n|-sideend|p1: gorodavy|Stealth Rock|[from] move: Rapid Spin|[of] p1a: Great Tusk\n|\n|-heal|p1a: Great Tusk|87\/100|[from] Grassy Terrain\n|-heal|p2a: Amoonguss|94\/100|[from] Grassy Terrain\n|upkeep\n|turn|23\n|\n|t:|1700100675\n|-end|p1a: Great Tusk|Protosynthesis|[silent]\n|switch|p1a: Heatran|Heatran, M, shiny|94\/100\n|move|p2a: Amoonguss|Ingrain|p2a: Amoonguss\n|-start|p2a: Amoonguss|move: Ingrain\n|\n|-heal|p1a: Heatran|99\/100|[from] Grassy Terrain\n|-heal|p2a: Amoonguss|100\/100|[from] Grassy Terrain\n|upkeep\n|turn|24\n|\n|t:|1700100691\n|move|p1a: Heatran|Magma Storm|p2a: Amoonguss|[miss]\n|-miss|p1a: Heatran|p2a: Amoonguss\n|move|p2a: Amoonguss|Giga Drain|p1a: Heatran\n|-resisted|p1a: Heatran\n|-damage|p1a: Heatran|93\/100\n|\n|-heal|p1a: Heatran|99\/100|[from] Grassy Terrain\n|-fieldend|move: Grassy Terrain\n|upkeep\n|turn|25\n|\n|t:|1700100694\n|move|p1a: Heatran|Magma Storm|p2a: Amoonguss\n|-resisted|p2a: Amoonguss\n|-damage|p2a: Amoonguss|78\/100\n|-activate|p2a: Amoonguss|move: Magma Storm|[of] p1a: Heatran\n|move|p2a: Amoonguss|Giga Drain|p1a: Heatran\n|-resisted|p1a: Heatran\n|-damage|p1a: Heatran|93\/100\n|-heal|p2a: Amoonguss|80\/100|[from] drain|[of] p1a: Heatran\n|\n|-heal|p2a: Amoonguss|86\/100|[from] Ingrain\n|-damage|p2a: Amoonguss|73\/100|[from] move: Magma Storm|[partiallytrapped]\n|upkeep\n|turn|26\n|\n|t:|1700100700\n|move|p1a: Heatran|Earth Power|p2a: Amoonguss\n|-damage|p2a: Amoonguss|44\/100\n|-unboost|p2a: Amoonguss|spd|1\n|move|p2a: Amoonguss|Giga Drain|p1a: Heatran\n|-resisted|p1a: Heatran\n|-damage|p1a: Heatran|87\/100\n|-heal|p2a: Amoonguss|46\/100|[from] drain|[of] p1a: Heatran\n|\n|-heal|p2a: Amoonguss|53\/100|[from] Ingrain\n|-damage|p2a: Amoonguss|40\/100|[from] move: Magma Storm|[partiallytrapped]\n|upkeep\n|turn|27\n|\n|t:|1700100706\n|move|p1a: Heatran|Earth Power|p2a: Amoonguss\n|-damage|p2a: Amoonguss|1\/100\n|move|p2a: Amoonguss|Giga Drain|p1a: Heatran\n|-resisted|p1a: Heatran\n|-damage|p1a: Heatran|82\/100\n|-heal|p2a: Amoonguss|3\/100|[from] drain|[of] p1a: Heatran\n|\n|-heal|p2a: Amoonguss|10\/100|[from] Ingrain\n|-damage|p2a: Amoonguss|0 fnt|[from] move: Magma Storm|[partiallytrapped]\n|faint|p2a: Amoonguss\n|upkeep\n|\n|t:|1700100717\n|switch|p2a: Rotom|Rotom-Wash|15\/100\n|turn|28\n|\n|t:|1700100724\n|switch|p1a: Slowking|Slowking-Galar, M|82\/100\n|move|p2a: Rotom|Hydro Pump|p1a: Slowking|[miss]\n|-miss|p2a: Rotom|p1a: Slowking\n|\n|upkeep\n|turn|29\n|\n|t:|1700100729\n|move|p2a: Rotom|Hydro Pump|p1a: Slowking\n|-damage|p1a: Slowking|52\/100\n|move|p1a: Slowking|Future Sight|p2a: Rotom\n|-start|p1a: Slowking|move: Future Sight\n|\n|upkeep\n|turn|30\n|\n|t:|1700100748\n|switch|p1a: Rillaboom|Rillaboom, M|87\/100\n|-fieldstart|move: Grassy Terrain|[from] ability: Grassy Surge|[of] p1a: Rillaboom\n|move|p2a: Rotom|Hydro Pump|p1a: Rillaboom\n|-resisted|p1a: Rillaboom\n|-damage|p1a: Rillaboom|63\/100\n|\n|-heal|p1a: Rillaboom|69\/100|[from] Grassy Terrain\n|upkeep\n|turn|31\n|\n|t:|1700100758\n|switch|p2a: Corviknight|Corviknight, M|100\/100\n|-ability|p2a: Corviknight|Pressure\n|move|p1a: Rillaboom|Knock Off|p2a: Corviknight\n|-damage|p2a: Corviknight|80\/100\n|-enditem|p2a: Corviknight|Leftovers|[from] move: Knock Off|[of] p1a: Rillaboom\n|\n|-end|p2a: Corviknight|move: Future Sight\n|-resisted|p2a: Corviknight\n|-damage|p2a: Corviknight|52\/100\n|-heal|p1a: Rillaboom|75\/100|[from] Grassy Terrain\n|upkeep\n|turn|32\n|\n|t:|1700100767\n|switch|p1a: Heatran|Heatran, M, shiny|82\/100\n|move|p2a: Corviknight|Brave Bird|p1a: Heatran\n|-resisted|p1a: Heatran\n|-damage|p1a: Heatran|64\/100\n|-damage|p2a: Corviknight|48\/100|[from] Recoil\n|\n|-heal|p1a: Heatran|70\/100|[from] Grassy Terrain\n|upkeep\n|turn|33\n|\n|t:|1700100770\n|move|p1a: Heatran|Magma Storm|p2a: Corviknight|[miss]\n|-miss|p1a: Heatran|p2a: Corviknight\n|move|p2a: Corviknight|Body Press|p1a: Heatran\n|-supereffective|p1a: Heatran\n|-damage|p1a: Heatran|19\/100\n|\n|-heal|p1a: Heatran|26\/100|[from] Grassy Terrain\n|upkeep\n|turn|34\n|\n|t:|1700100779\n|switch|p2a: Cinderace|Cinderace, F|100\/100\n|move|p1a: Heatran|Magma Storm|p2a: Cinderace\n|-resisted|p2a: Cinderace\n|-crit|p2a: Cinderace\n|-damage|p2a: Cinderace|47\/100\n|-activate|p2a: Cinderace|move: Magma Storm|[of] p1a: Heatran\n|\n|-heal|p2a: Cinderace|53\/100|[from] Grassy Terrain\n|-heal|p1a: Heatran|32\/100|[from] Grassy Terrain\n|-damage|p2a: Cinderace|41\/100|[from] move: Magma Storm|[partiallytrapped]\n|-fieldend|move: Grassy Terrain\n|upkeep\n|turn|35\n|\n|t:|1700100791\n|move|p2a: Cinderace|Sucker Punch|p1a: Heatran\n|-start|p2a: Cinderace|typechange|Dark|[from] ability: Libero\n|-damage|p1a: Heatran|0 fnt\n|faint|p1a: Heatran\n|\n|-end|p2a: Cinderace|Magma Storm|[partiallytrapped]|[silent]\n|upkeep\n|\n|t:|1700100799\n|switch|p1a: Greninja|Greninja, M|100\/100\n|turn|36\n|\n|t:|1700100803\n|switch|p2a: Clefable|Clefable, F|100\/100\n|move|p1a: Greninja|Surf|p2a: Clefable\n|-damage|p2a: Clefable|50\/100\n|-damage|p1a: Greninja|91\/100|[from] item: Life Orb\n|\n|upkeep\n|turn|37\n|\n|t:|1700100806\n|move|p1a: Greninja|Surf|p2a: Clefable\n|-damage|p2a: Clefable|0 fnt\n|faint|p2a: Clefable\n|-ability|p1a: Greninja|Battle Bond|boost\n|-boost|p1a: Greninja|atk|1\n|-boost|p1a: Greninja|spa|1\n|-boost|p1a: Greninja|spe|1\n|-activate|p1a: Greninja|ability: Battle Bond\n|-damage|p1a: Greninja|81\/100|[from] item: Life Orb\n|\n|upkeep\n|\n|t:|1700100810\n|switch|p2a: Rotom|Rotom-Wash|15\/100\n|turn|38\n|\n|t:|1700100813\n|move|p1a: Greninja|Surf|p2a: Rotom\n|-resisted|p2a: Rotom\n|-damage|p2a: Rotom|0 fnt\n|faint|p2a: Rotom\n|-damage|p1a: Greninja|71\/100|[from] item: Life Orb\n|\n|upkeep\n|\n|t:|1700100815\n|switch|p2a: Cinderace|Cinderace, F|41\/100\n|turn|39\n|\n|t:|1700100817\n|move|p2a: Cinderace|Sucker Punch|p1a: Greninja\n|-start|p2a: Cinderace|typechange|Dark|[from] ability: Libero\n|-resisted|p1a: Greninja\n|-damage|p1a: Greninja|44\/100\n|move|p1a: Greninja|Surf|p2a: Cinderace\n|-damage|p2a: Cinderace|0 fnt\n|faint|p2a: Cinderace\n|-damage|p1a: Greninja|34\/100|[from] item: Life Orb\n|\n|upkeep\n|\n|t:|1700100820\n|switch|p2a: Corviknight|Corviknight, M|48\/100\n|-ability|p2a: Corviknight|Pressure\n|turn|40\n|\n|t:|1700100822\n|move|p1a: Greninja|Surf|p2a: Corviknight\n|-crit|p2a: Corviknight\n|-damage|p2a: Corviknight|0 fnt\n|faint|p2a: Corviknight\n|-damage|p1a: Greninja|24\/100|[from] item: Life Orb\n|\n|win|gorodavy\n|l|\u2606Petergriffinonline\n","uploadtime":1700100831,"views":15,"p1id":"gorodavy","p2id":"petergriffinonline","formatid":"gen9ou","rating":0,"private":0,"password":""}