{"id":"gen9ou-1991320932","p1":"mint yerb","p2":"N-Zoroark stan","format":"[Gen 9] OU","log":"|j|\u2606mint yerb\n|j|\u2606N-Zoroark stan\n|t:|1700067352\n|gametype|singles\n|player|p1|mint yerb|flannery|1743\n|player|p2|N-Zoroark stan|riley|1834\n|teamsize|p1|6\n|teamsize|p2|6\n|gen|9\n|tier|[Gen 9] OU\n|rated|\n|rule|Sleep Clause Mod: Limit one foe put to sleep\n|rule|Species Clause: Limit one of each Pok\u00e9mon\n|rule|OHKO Clause: OHKO moves are banned\n|rule|Evasion Items Clause: Evasion items are banned\n|rule|Evasion Moves Clause: Evasion moves are banned\n|rule|Endless Battle Clause: Forcing endless battles is banned\n|rule|HP Percentage Mod: HP is shown in percentages\n|clearpoke\n|poke|p1|Wo-Chien|\n|poke|p1|Scream Tail|\n|poke|p1|Cinderace, F|\n|poke|p1|Glimmora, F|\n|poke|p1|Rotom-Wash|\n|poke|p1|Kingambit, F|\n|poke|p2|Zoroark-Hisui, F|\n|poke|p2|Corviknight, M|\n|poke|p2|Ogerpon-Wellspring, F|\n|poke|p2|Sandy Shocks|\n|poke|p2|Lokix, F|\n|poke|p2|Greninja-*, F|\n|teampreview\n|inactive|Battle timer is ON: inactive players will automatically lose when time's up. (requested by N-Zoroark stan)\n|c|\u2606N-Zoroark stan|glhf\n|c|\u2606mint yerb|u2\n|inactive|N-Zoroark stan has 120 seconds left.\n|\n|t:|1700067388\n|start\n|switch|p1a: Kingambit|Kingambit, F|100\/100\n|switch|p2a: Ogerpon|Ogerpon-Wellspring, F|100\/100\n|turn|1\n|\n|t:|1700067395\n|move|p2a: Ogerpon|Ivy Cudgel|p1a: Kingambit|[anim] Ivy Cudgel Water\n|-damage|p1a: Kingambit|49\/100\n|move|p1a: Kingambit|Kowtow Cleave|p2a: Ogerpon\n|-damage|p2a: Ogerpon|40\/100\n|\n|upkeep\n|turn|2\n|\n|t:|1700067411\n|switch|p2a: Corviknight|Corviknight, M|100\/100\n|-ability|p2a: Corviknight|Pressure\n|move|p1a: Kingambit|Sucker Punch||[still]\n|-fail|p1a: Kingambit\n|\n|upkeep\n|turn|3\n|\n|t:|1700067414\n|-end|p1a: Kingambit|fallenundefined|[silent]\n|switch|p1a: Cinderace|Cinderace, F|100\/100\n|move|p2a: Corviknight|U-turn|p1a: Cinderace\n|-resisted|p1a: Cinderace\n|-damage|p1a: Cinderace|92\/100\n|\n|t:|1700067417\n|switch|p2a: Greninja|Greninja, F|100\/100|[from] U-turn\n|\n|upkeep\n|turn|4\n|\n|t:|1700067423\n|switch|p1a: Live Wo-Chien|Wo-Chien|100\/100\n|-ability|p1a: Live Wo-Chien|Tablets of Ruin\n|move|p2a: Greninja|U-turn|p1a: Live Wo-Chien\n|-start|p2a: Greninja|typechange|Bug|[from] ability: Protean\n|-supereffective|p1a: Live Wo-Chien\n|-damage|p1a: Live Wo-Chien|51\/100\n|\n|t:|1700067428\n|switch|p2a: Lokix|Lokix, F|100\/100|[from] U-turn\n|\n|-heal|p1a: Live Wo-Chien|57\/100|[from] item: Leftovers\n|upkeep\n|turn|5\n|j| dlc so insane\n|j| Konam\n|\n|t:|1700067443\n|-terastallize|p1a: Live Wo-Chien|Poison\n|move|p2a: Lokix|Knock Off|p1a: Live Wo-Chien\n|-damage|p1a: Live Wo-Chien|19\/100\n|-enditem|p1a: Live Wo-Chien|Leftovers|[from] move: Knock Off|[of] p2a: Lokix\n|move|p1a: Live Wo-Chien|Leech Seed|p2a: Lokix\n|-start|p2a: Lokix|move: Leech Seed\n|\n|-damage|p2a: Lokix|88\/100|[from] Leech Seed|[of] p1a: Live Wo-Chien\n|-heal|p1a: Live Wo-Chien|29\/100|[silent]\n|upkeep\n|turn|6\n|j| LT_Alt1\n|j| srtyjj\n|\n|t:|1700067455\n|move|p2a: Lokix|Knock Off|p1a: Live Wo-Chien\n|-damage|p1a: Live Wo-Chien|4\/100\n|move|p1a: Live Wo-Chien|Giga Drain|p2a: Lokix\n|-resisted|p2a: Lokix\n|-damage|p2a: Lokix|66\/100\n|-heal|p1a: Live Wo-Chien|13\/100|[from] drain|[of] p2a: Lokix\n|\n|-damage|p2a: Lokix|53\/100|[from] Leech Seed|[of] p1a: Live Wo-Chien\n|-heal|p1a: Live Wo-Chien|22\/100|[silent]\n|upkeep\n|turn|7\n|\n|t:|1700067462\n|switch|p1a: Kingambit|Kingambit, F|49\/100\n|move|p2a: Lokix|Knock Off|p1a: Kingambit\n|-resisted|p1a: Kingambit\n|-damage|p1a: Kingambit|0 fnt\n|-enditem|p1a: Kingambit|Heavy-Duty Boots|[from] move: Knock Off|[of] p2a: Lokix\n|faint|p1a: Kingambit\n|-end|p1a: Kingambit|fallenundefined|[silent]\n|\n|upkeep\n|\n|t:|1700067467\n|switch|p1a: Cinderace|Cinderace, F|92\/100\n|turn|8\n|\n|t:|1700067472\n|switch|p2a: Corviknight|Corviknight, M|100\/100\n|-ability|p2a: Corviknight|Pressure\n|move|p1a: Cinderace|Pyro Ball|p2a: Corviknight|[miss]\n|-miss|p1a: Cinderace|p2a: Corviknight\n|\n|upkeep\n|turn|9\n|\n|t:|1700067476\n|switch|p2a: Greninja|Greninja, F|100\/100\n|move|p1a: Cinderace|Pyro Ball|p2a: Greninja\n|-resisted|p2a: Greninja\n|-damage|p2a: Greninja|61\/100\n|\n|upkeep\n|turn|10\n|\n|t:|1700067484\n|switch|p1a: Rotom|Rotom-Wash|100\/100\n|move|p2a: Greninja|Hydro Pump|p1a: Rotom\n|-start|p2a: Greninja|typechange|Water|[from] ability: Protean\n|-resisted|p1a: Rotom\n|-damage|p1a: Rotom|76\/100\n|\n|-heal|p1a: Rotom|83\/100|[from] item: Leftovers\n|upkeep\n|turn|11\n|j| Ashitaka0\n|\n|t:|1700067495\n|switch|p2a: Sandy Shocks|Sandy Shocks|100\/100\n|move|p1a: Rotom|Hydro Pump|p2a: Sandy Shocks\n|-supereffective|p2a: Sandy Shocks\n|-damage|p2a: Sandy Shocks|7\/100\n|\n|-heal|p1a: Rotom|89\/100|[from] item: Leftovers\n|upkeep\n|turn|12\n|l| Ashitaka0\n|l| Konam\n|\n|t:|1700067509\n|switch|p1a: Cinderace|Cinderace, F|92\/100\n|move|p2a: Sandy Shocks|Stealth Rock|p1a: Cinderace\n|-sidestart|p1: mint yerb|move: Stealth Rock\n|\n|upkeep\n|turn|13\n|\n|t:|1700067517\n|move|p1a: Cinderace|U-turn|p2a: Sandy Shocks\n|-damage|p2a: Sandy Shocks|0 fnt\n|faint|p2a: Sandy Shocks\n|-end|p2a: Sandy Shocks|Protosynthesis|[silent]\n|\n|t:|1700067524\n|switch|p1a: Glimmora|Glimmora, F|100\/100|[from] U-turn\n|-damage|p1a: Glimmora|88\/100|[from] Stealth Rock\n|\n|upkeep\n|\n|t:|1700067528\n|switch|p2a: Greninja|Greninja, F|61\/100\n|turn|14\n|j| CassBubble\n|\n|t:|1700067536\n|switch|p1a: Rotom|Rotom-Wash|89\/100\n|-damage|p1a: Rotom|76\/100|[from] Stealth Rock\n|move|p2a: Greninja|Hydro Pump|p1a: Rotom\n|-start|p2a: Greninja|typechange|Water|[from] ability: Protean\n|-resisted|p1a: Rotom\n|-crit|p1a: Rotom\n|-damage|p1a: Rotom|42\/100\n|\n|-heal|p1a: Rotom|48\/100|[from] item: Leftovers\n|upkeep\n|turn|15\n|\n|t:|1700067561\n|switch|p2a: Lokix|Lokix, F|53\/100\n|move|p1a: Rotom|Discharge|p2a: Lokix\n|-damage|p2a: Lokix|1\/100\n|\n|-heal|p1a: Rotom|54\/100|[from] item: Leftovers\n|upkeep\n|turn|16\n|\n|t:|1700067565\n|move|p1a: Rotom|Protect|p1a: Rotom\n|-singleturn|p1a: Rotom|Protect\n|move|p2a: Lokix|Knock Off|p1a: Rotom\n|-activate|p1a: Rotom|move: Protect\n|\n|-heal|p1a: Rotom|61\/100|[from] item: Leftovers\n|upkeep\n|turn|17\n|j| Konam\n|c| Konam|You guys better take this seriously\n|\n|t:|1700067584\n|move|p1a: Rotom|Volt Switch|p2a: Lokix\n|-damage|p2a: Lokix|0 fnt\n|faint|p2a: Lokix\n|c| Konam|Someone's draft match is riding on this result\n|c| Konam|They could not schedule a time that worked for both so they are using you guys to determine who wins\n|inactive|mint yerb has 120 seconds left.\n|c| CassBubble|what is bro waffling about\n|\n|t:|1700067622\n|switch|p1a: Scream Tail|Scream Tail|100\/100|[from] Volt Switch\n|-damage|p1a: Scream Tail|88\/100|[from] Stealth Rock\n|\n|-heal|p1a: Scream Tail|94\/100|[from] item: Leftovers\n|upkeep\n|\n|t:|1700067627\n|switch|p2a: Greninja|Greninja, F|100\/100\n|turn|18\n|\n|t:|1700067633\n|move|p2a: Greninja|Shadow Ball|p1a: Scream Tail\n|-supereffective|p1a: Scream Tail\n|-damage|p1a: Scream Tail|47\/100\n|move|p1a: Scream Tail|Encore|p2a: Greninja\n|-start|p2a: Greninja|Encore\n|\n|-heal|p1a: Scream Tail|54\/100|[from] item: Leftovers\n|upkeep\n|turn|19\n|inactive|mint yerb has 120 seconds left.\n|\n|t:|1700067646\n|move|p2a: Greninja|Shadow Ball|p1a: Scream Tail\n|-supereffective|p1a: Scream Tail\n|-damage|p1a: Scream Tail|7\/100\n|move|p1a: Scream Tail|Wish|p1a: Scream Tail\n|\n|-heal|p1a: Scream Tail|13\/100|[from] item: Leftovers\n|upkeep\n|turn|20\n|inactive|mint yerb has 120 seconds left.\n|\n|t:|1700067657\n|-end|p1a: Scream Tail|Protosynthesis|[silent]\n|switch|p1a: Cinderace|Cinderace, F|92\/100\n|move|p2a: Greninja|Shadow Ball|p1a: Cinderace\n|-damage|p1a: Cinderace|47\/100\n|\n|-heal|p1a: Cinderace|100\/100|[from] move: Wish|[wisher] Scream Tail\n|upkeep\n|turn|21\n|inactive|mint yerb has 120 seconds left.\n|\n|t:|1700067668\n|move|p1a: Cinderace|Court Change|p1a: Cinderace\n|-swapsideconditions\n|-activate|p1a: Cinderace|move: Court Change\n|move|p2a: Greninja|Shadow Ball|p1a: Cinderace\n|-crit|p1a: Cinderace\n|-damage|p1a: Cinderace|27\/100\n|\n|-end|p2a: Greninja|Encore\n|upkeep\n|turn|22\n|inactive|mint yerb has 120 seconds left.\n|\n|t:|1700067675\n|move|p1a: Cinderace|Pyro Ball|p2a: Greninja\n|-damage|p2a: Greninja|0 fnt\n|replace|p2a: Zoroark|Zoroark-Hisui, F, shiny\n|-end|p2a: Zoroark|Illusion\n|faint|p2a: Zoroark\n|\n|upkeep\n|\n|t:|1700067678\n|switch|p2a: Greninja|Greninja, F|61\/100\n|-damage|p2a: Greninja|49\/100|[from] Stealth Rock\n|turn|23\n|\n|t:|1700067686\n|switch|p1a: Rotom|Rotom-Wash|61\/100\n|move|p2a: Greninja|U-turn|p1a: Rotom\n|-start|p2a: Greninja|typechange|Bug|[from] ability: Protean\n|-damage|p1a: Rotom|35\/100\n|\n|t:|1700067688\n|switch|p2a: Ogerpon|Ogerpon-Wellspring, F|40\/100|[from] U-turn\n|-damage|p2a: Ogerpon|28\/100|[from] Stealth Rock\n|\n|-heal|p1a: Rotom|41\/100|[from] item: Leftovers\n|upkeep\n|turn|24\n|\n|t:|1700067698\n|move|p2a: Ogerpon|Horn Leech|p1a: Rotom\n|-supereffective|p1a: Rotom\n|-damage|p1a: Rotom|0 fnt\n|-heal|p2a: Ogerpon|49\/100|[from] drain|[of] p1a: Rotom\n|faint|p1a: Rotom\n|\n|upkeep\n|\n|t:|1700067714\n|switch|p1a: Cinderace|Cinderace, F|27\/100\n|turn|25\n|\n|t:|1700067716\n|switch|p2a: Corviknight|Corviknight, M|100\/100\n|-damage|p2a: Corviknight|88\/100|[from] Stealth Rock\n|-ability|p2a: Corviknight|Pressure\n|move|p1a: Cinderace|Pyro Ball|p2a: Corviknight\n|-supereffective|p2a: Corviknight\n|-damage|p2a: Corviknight|0 fnt\n|faint|p2a: Corviknight\n|\n|upkeep\n|\n|t:|1700067718\n|switch|p2a: Greninja|Greninja, F|49\/100\n|-damage|p2a: Greninja|37\/100|[from] Stealth Rock\n|turn|26\n|\n|t:|1700067730\n|switch|p1a: Live Wo-Chien|Wo-Chien, tera:Poison|22\/100\n|-ability|p1a: Live Wo-Chien|Tablets of Ruin\n|move|p2a: Greninja|Hydro Pump|p1a: Live Wo-Chien\n|-start|p2a: Greninja|typechange|Water|[from] ability: Protean\n|-damage|p1a: Live Wo-Chien|0 fnt\n|faint|p1a: Live Wo-Chien\n|\n|upkeep\n|\n|t:|1700067736\n|switch|p1a: Scream Tail|Scream Tail|13\/100\n|turn|27\n|\n|t:|1700067741\n|move|p1a: Scream Tail|Protect|p1a: Scream Tail\n|-singleturn|p1a: Scream Tail|Protect\n|move|p2a: Greninja|Hydro Pump|p1a: Scream Tail\n|-activate|p1a: Scream Tail|move: Protect\n|\n|-heal|p1a: Scream Tail|19\/100|[from] item: Leftovers\n|upkeep\n|turn|28\n|\n|t:|1700067745\n|move|p1a: Scream Tail|Protect|p1a: Scream Tail\n|-singleturn|p1a: Scream Tail|Protect\n|move|p2a: Greninja|Hydro Pump|p1a: Scream Tail\n|-activate|p1a: Scream Tail|move: Protect\n|\n|-heal|p1a: Scream Tail|25\/100|[from] item: Leftovers\n|upkeep\n|turn|29\n|\n|t:|1700067748\n|move|p2a: Greninja|Hydro Pump|p1a: Scream Tail\n|-damage|p1a: Scream Tail|0 fnt\n|faint|p1a: Scream Tail\n|-end|p1a: Scream Tail|Protosynthesis|[silent]\n|\n|upkeep\n|\n|t:|1700067754\n|switch|p1a: Glimmora|Glimmora, F|88\/100\n|turn|30\n|\n|t:|1700067756\n|move|p2a: Greninja|Hydro Pump|p1a: Glimmora\n|-supereffective|p1a: Glimmora\n|-damage|p1a: Glimmora|0 fnt\n|faint|p1a: Glimmora\n|\n|upkeep\n|\n|t:|1700067758\n|switch|p1a: Cinderace|Cinderace, F|27\/100\n|turn|31\n|\n|t:|1700067761\n|move|p2a: Greninja|Hydro Pump|p1a: Cinderace|[miss]\n|-miss|p2a: Greninja|p1a: Cinderace\n|move|p1a: Cinderace|Pyro Ball|p2a: Greninja\n|-resisted|p2a: Greninja\n|-damage|p2a: Greninja|0 fnt\n|faint|p2a: Greninja\n|\n|upkeep\n|c|\u2606N-Zoroark stan|gg\n|\n|t:|1700067769\n|switch|p2a: Ogerpon|Ogerpon-Wellspring, F|49\/100\n|-damage|p2a: Ogerpon|36\/100|[from] Stealth Rock\n|turn|32\n|\n|t:|1700067773\n|-terastallize|p2a: Ogerpon|Water\n|detailschange|p2a: Ogerpon|Ogerpon-Wellspring-Tera, F, tera:Water\n|-ability|p2a: Ogerpon|Embody Aspect (Wellspring)|boost\n|-boost|p2a: Ogerpon|spd|1\n|move|p1a: Cinderace|Pyro Ball|p2a: Ogerpon\n|-resisted|p2a: Ogerpon\n|-damage|p2a: Ogerpon|0 fnt\n|faint|p2a: Ogerpon\n|\n|win|mint yerb\n|raw|mint yerb's rating: 1743 &rarr; <strong>1768<\/strong><br \/>(+25 for winning)\n|raw|N-Zoroark stan's rating: 1834 &rarr; <strong>1809<\/strong><br \/>(-25 for losing)\n|c|\u2606mint yerb|ggs\n|l| CassBubble\n|l|\u2606mint yerb\n|c|\u2606N-Zoroark stan|whoever lost the draft match ain't gonna be happy to find out how\n|c| Konam|they know\n|c| Konam|they are a good sport\n|l|\u2606N-Zoroark stan\n|l| dlc so insane\n|l| Konam\n|j| Konam\n","uploadtime":1700067984,"views":22,"p1id":"mintyerb","p2id":"nzoroarkstan","formatid":"gen9ou","rating":1768,"private":0,"password":""}