{"id":"gen9ou-1998287312","p1":"4our444","p2":"bigyellowbananan","format":"[Gen 9] OU","log":"|j|\u26064our444\n|j|\u2606bigyellowbananan\n|t:|1700924959\n|gametype|singles\n|player|p1|4our444|hilbert-wonderlauncher|1105\n|player|p2|bigyellowbananan|101|1193\n|teamsize|p1|6\n|teamsize|p2|6\n|gen|9\n|tier|[Gen 9] OU\n|rated|\n|rule|Sleep Clause Mod: Limit one foe put to sleep\n|rule|Species Clause: Limit one of each Pok\u00e9mon\n|rule|OHKO Clause: OHKO moves are banned\n|rule|Evasion Items Clause: Evasion items are banned\n|rule|Evasion Moves Clause: Evasion moves are banned\n|rule|Endless Battle Clause: Forcing endless battles is banned\n|rule|HP Percentage Mod: HP is shown in percentages\n|clearpoke\n|poke|p1|Weavile, F|\n|poke|p1|Thundurus-Therian, M|\n|poke|p1|Slowking-Galar, F|\n|poke|p1|Iron Treads|\n|poke|p1|Alomomola, F|\n|poke|p1|Samurott-Hisui, F|\n|poke|p2|Iron Valiant|\n|poke|p2|Torkoal, M|\n|poke|p2|Walking Wake|\n|poke|p2|Great Tusk|\n|poke|p2|Victreebel, F|\n|poke|p2|Leafeon, M|\n|teampreview\n|inactive|Battle timer is ON: inactive players will automatically lose when time's up. (requested by bigyellowbananan)\n|\n|t:|1700924988\n|start\n|switch|p1a: Dark fantasy|Iron Treads|100\/100\n|switch|p2a: Torkoal|Torkoal, M|100\/100\n|-weather|SunnyDay|[from] ability: Drought|[of] p2a: Torkoal\n|turn|1\n|\n|t:|1700924995\n|move|p1a: Dark fantasy|Stealth Rock|p2a: Torkoal\n|-sidestart|p2: bigyellowbananan|move: Stealth Rock\n|move|p2a: Torkoal|Stealth Rock|p1a: Dark fantasy\n|-sidestart|p1: 4our444|move: Stealth Rock\n|\n|-weather|SunnyDay|[upkeep]\n|upkeep\n|turn|2\n|\n|t:|1700924999\n|move|p1a: Dark fantasy|Earthquake|p2a: Torkoal\n|-supereffective|p2a: Torkoal\n|-damage|p2a: Torkoal|48\/100\n|move|p2a: Torkoal|Yawn|p1a: Dark fantasy\n|-start|p1a: Dark fantasy|move: Yawn|[of] p2a: Torkoal\n|\n|-weather|SunnyDay|[upkeep]\n|upkeep\n|turn|3\n|\n|t:|1700925005\n|switch|p2a: Leafeon|Leafeon, M|100\/100\n|-damage|p2a: Leafeon|88\/100|[from] Stealth Rock\n|move|p1a: Dark fantasy|Volt Switch|p2a: Leafeon\n|-resisted|p2a: Leafeon\n|-damage|p2a: Leafeon|80\/100\n|inactive|4our444 has 120 seconds left.\n|\n|t:|1700925043\n|-end|p1a: Dark fantasy|Quark Drive|[silent]\n|switch|p1a: T TIME|Slowking-Galar, F|100\/100|[from] Volt Switch\n|\n|-weather|SunnyDay|[upkeep]\n|-heal|p2a: Leafeon|86\/100|[from] item: Leftovers\n|upkeep\n|turn|4\n|\n|t:|1700925050\n|move|p2a: Leafeon|Knock Off|p1a: T TIME\n|-supereffective|p1a: T TIME\n|-damage|p1a: T TIME|34\/100\n|-enditem|p1a: T TIME|Heavy-Duty Boots|[from] move: Knock Off|[of] p2a: Leafeon\n|move|p1a: T TIME|Future Sight|p2a: Leafeon\n|-start|p1a: T TIME|move: Future Sight\n|\n|-weather|SunnyDay|[upkeep]\n|-heal|p2a: Leafeon|92\/100|[from] item: Leftovers\n|upkeep\n|turn|5\n|\n|t:|1700925058\n|switch|p1a: sentience.|Alomomola, F|100\/100\n|-damage|p1a: sentience.|88\/100|[from] Stealth Rock\n|move|p2a: Leafeon|Double-Edge|p1a: sentience.\n|-damage|p1a: sentience.|67\/100\n|-damage|p2a: Leafeon|79\/100|[from] Recoil\n|-enditem|p1a: sentience.|Red Card|[of] p2a: Leafeon\n|drag|p2a: Great Tusk|Great Tusk|100\/100\n|-damage|p2a: Great Tusk|98\/100|[from] Stealth Rock\n|-activate|p2a: Great Tusk|ability: Protosynthesis\n|-start|p2a: Great Tusk|protosynthesisdef\n|\n|-weather|SunnyDay|[upkeep]\n|upkeep\n|turn|6\n|\n|t:|1700925083\n|-end|p2a: Great Tusk|Protosynthesis|[silent]\n|switch|p2a: Leafeon|Leafeon, M|79\/100\n|-damage|p2a: Leafeon|67\/100|[from] Stealth Rock\n|move|p1a: sentience.|Flip Turn|p2a: Leafeon\n|-resisted|p2a: Leafeon\n|-damage|p2a: Leafeon|63\/100\n|\n|t:|1700925093\n|switch|p1a: T TIME|Slowking-Galar, F|67\/100|[from] Flip Turn\n|-damage|p1a: T TIME|55\/100|[from] Stealth Rock\n|\n|-weather|SunnyDay|[upkeep]\n|-end|p2a: Leafeon|move: Future Sight\n|-damage|p2a: Leafeon|0 fnt\n|faint|p2a: Leafeon\n|upkeep\n|\n|t:|1700925108\n|switch|p2a: Victreebel|Victreebel, F|100\/100\n|-damage|p2a: Victreebel|88\/100|[from] Stealth Rock\n|turn|7\n|\n|t:|1700925113\n|move|p2a: Victreebel|Growth|p2a: Victreebel\n|-boost|p2a: Victreebel|atk|2\n|-boost|p2a: Victreebel|spa|2\n|move|p1a: T TIME|Chilly Reception|p1a: T TIME\n|-weather|Snow\n|\n|t:|1700925121\n|switch|p1a: 7.|Weavile, F|100\/100|[from] Chilly Reception\n|-ability|p1a: 7.|Pressure\n|\n|-weather|Snow|[upkeep]\n|upkeep\n|turn|8\n|\n|t:|1700925129\n|switch|p2a: Torkoal|Torkoal, M|48\/100\n|-damage|p2a: Torkoal|24\/100|[from] Stealth Rock\n|-weather|SunnyDay|[from] ability: Drought|[of] p2a: Torkoal\n|move|p1a: 7.|Ice Spinner|p2a: Torkoal\n|-resisted|p2a: Torkoal\n|-damage|p2a: Torkoal|10\/100\n|\n|-weather|SunnyDay|[upkeep]\n|upkeep\n|turn|9\n|\n|t:|1700925137\n|switch|p2a: Great Tusk|Great Tusk|98\/100\n|-damage|p2a: Great Tusk|95\/100|[from] Stealth Rock\n|-activate|p2a: Great Tusk|ability: Protosynthesis\n|-start|p2a: Great Tusk|protosynthesisdef\n|move|p1a: 7.|Knock Off|p2a: Great Tusk\n|-resisted|p2a: Great Tusk\n|-damage|p2a: Great Tusk|85\/100\n|-enditem|p2a: Great Tusk|Sitrus Berry|[from] move: Knock Off|[of] p1a: 7.\n|\n|-weather|SunnyDay|[upkeep]\n|upkeep\n|turn|10\n|\n|t:|1700925148\n|switch|p1a: sentience.|Alomomola, F|99\/100\n|-damage|p1a: sentience.|88\/100|[from] Stealth Rock\n|move|p2a: Great Tusk|Rapid Spin|p1a: sentience.\n|-damage|p1a: sentience.|78\/100\n|-boost|p2a: Great Tusk|spe|1\n|-sideend|p2: bigyellowbananan|Stealth Rock|[from] move: Rapid Spin|[of] p2a: Great Tusk\n|\n|-weather|SunnyDay|[upkeep]\n|upkeep\n|turn|11\n|\n|t:|1700925153\n|move|p2a: Great Tusk|Headlong Rush|p1a: sentience.\n|-damage|p1a: sentience.|46\/100\n|-unboost|p2a: Great Tusk|def|1\n|-unboost|p2a: Great Tusk|spd|1\n|move|p1a: sentience.|Scald|p2a: Great Tusk\n|-supereffective|p2a: Great Tusk\n|-damage|p2a: Great Tusk|55\/100\n|\n|-weather|SunnyDay|[upkeep]\n|upkeep\n|turn|12\n|\n|t:|1700925161\n|move|p2a: Great Tusk|Close Combat|p1a: sentience.\n|-damage|p1a: sentience.|8\/100\n|-unboost|p2a: Great Tusk|def|1\n|-unboost|p2a: Great Tusk|spd|1\n|move|p1a: sentience.|Wish|p1a: sentience.\n|\n|-weather|SunnyDay|[upkeep]\n|upkeep\n|turn|13\n|\n|t:|1700925186\n|switch|p1a: DevilInANewDress|Thundurus-Therian, M|100\/100\n|-damage|p1a: DevilInANewDress|76\/100|[from] Stealth Rock\n|move|p2a: Great Tusk|Ice Spinner|p1a: DevilInANewDress\n|-supereffective|p1a: DevilInANewDress\n|-damage|p1a: DevilInANewDress|0 fnt\n|faint|p1a: DevilInANewDress\n|\n|-weather|SunnyDay|[upkeep]\n|upkeep\n|inactive|4our444 has 120 seconds left.\n|\n|t:|1700925203\n|switch|p1a: T TIME|Slowking-Galar, F|88\/100\n|-damage|p1a: T TIME|76\/100|[from] Stealth Rock\n|turn|14\n|inactive|4our444 has 120 seconds left.\n|\n|t:|1700925211\n|switch|p1a: sentience.|Alomomola, F|42\/100\n|-damage|p1a: sentience.|29\/100|[from] Stealth Rock\n|move|p2a: Great Tusk|Headlong Rush|p1a: sentience.\n|-damage|p1a: sentience.|0 fnt\n|-unboost|p2a: Great Tusk|def|1\n|-unboost|p2a: Great Tusk|spd|1\n|faint|p1a: sentience.\n|\n|-weather|SunnyDay|[upkeep]\n|upkeep\n|inactive|4our444 has 120 seconds left.\n|\n|t:|1700925246\n|switch|p1a: Dark fantasy|Iron Treads|100\/100\n|-damage|p1a: Dark fantasy|97\/100|[from] Stealth Rock\n|turn|15\n|\n|t:|1700925253\n|-end|p2a: Great Tusk|Protosynthesis|[silent]\n|switch|p2a: Walking Wake|Walking Wake|100\/100\n|-activate|p2a: Walking Wake|ability: Protosynthesis\n|-start|p2a: Walking Wake|protosynthesisspa\n|move|p1a: Dark fantasy|Stealth Rock|p2a: Walking Wake\n|-sidestart|p2: bigyellowbananan|move: Stealth Rock\n|\n|-weather|none\n|-end|p2a: Walking Wake|Protosynthesis\n|-heal|p1a: Dark fantasy|100\/100|[from] item: Leftovers\n|upkeep\n|turn|16\n|\n|t:|1700925277\n|-terastallize|p1a: Dark fantasy|Water\n|move|p2a: Walking Wake|Hydro Steam|p1a: Dark fantasy\n|-resisted|p1a: Dark fantasy\n|-damage|p1a: Dark fantasy|76\/100\n|move|p1a: Dark fantasy|Volt Switch|p2a: Walking Wake\n|-damage|p2a: Walking Wake|88\/100\n|\n|t:|1700925286\n|-end|p1a: Dark fantasy|Quark Drive|[silent]\n|switch|p1a: YOUNG HARLEEZY|Samurott-Hisui, F|100\/100|[from] Volt Switch\n|-damage|p1a: YOUNG HARLEEZY|88\/100|[from] Stealth Rock\n|\n|upkeep\n|turn|17\n|\n|t:|1700925297\n|-end|p2a: Walking Wake|Protosynthesis|[silent]\n|switch|p2a: Victreebel|Victreebel, F|88\/100\n|-damage|p2a: Victreebel|75\/100|[from] Stealth Rock\n|move|p1a: YOUNG HARLEEZY|Flip Turn|p2a: Victreebel\n|-resisted|p2a: Victreebel\n|-damage|p2a: Victreebel|56\/100\n|\n|t:|1700925300\n|switch|p1a: 7.|Weavile, F|100\/100|[from] Flip Turn\n|-ability|p1a: 7.|Pressure\n|\n|upkeep\n|turn|18\n|\n|t:|1700925313\n|move|p1a: 7.|Ice Spinner|p2a: Victreebel\n|-supereffective|p2a: Victreebel\n|-damage|p2a: Victreebel|0 fnt\n|faint|p2a: Victreebel\n|\n|upkeep\n|\n|t:|1700925316\n|switch|p2a: Great Tusk|Great Tusk|55\/100\n|-damage|p2a: Great Tusk|52\/100|[from] Stealth Rock\n|turn|19\n|\n|t:|1700925322\n|move|p1a: 7.|Ice Spinner|p2a: Great Tusk\n|-supereffective|p2a: Great Tusk\n|-damage|p2a: Great Tusk|11\/100\n|move|p2a: Great Tusk|Rapid Spin|p1a: 7.\n|-crit|p1a: 7.\n|-damage|p1a: 7.|61\/100\n|-boost|p2a: Great Tusk|spe|1\n|-sideend|p2: bigyellowbananan|Stealth Rock|[from] move: Rapid Spin|[of] p2a: Great Tusk\n|\n|upkeep\n|turn|20\n|\n|t:|1700925331\n|switch|p1a: Dark fantasy|Iron Treads, tera:Water|76\/100\n|-damage|p1a: Dark fantasy|64\/100|[from] Stealth Rock\n|move|p2a: Great Tusk|Close Combat|p1a: Dark fantasy\n|-damage|p1a: Dark fantasy|21\/100\n|-unboost|p2a: Great Tusk|def|1\n|-unboost|p2a: Great Tusk|spd|1\n|\n|-heal|p1a: Dark fantasy|27\/100|[from] item: Leftovers\n|upkeep\n|turn|21\n|\n|t:|1700925340\n|move|p2a: Great Tusk|Close Combat|p1a: Dark fantasy\n|-damage|p1a: Dark fantasy|0 fnt\n|-unboost|p2a: Great Tusk|def|1\n|-unboost|p2a: Great Tusk|spd|1\n|faint|p1a: Dark fantasy\n|-end|p1a: Dark fantasy|Quark Drive|[silent]\n|\n|upkeep\n|\n|t:|1700925341\n|switch|p1a: YOUNG HARLEEZY|Samurott-Hisui, F|88\/100\n|-damage|p1a: YOUNG HARLEEZY|76\/100|[from] Stealth Rock\n|turn|22\n|\n|t:|1700925347\n|move|p1a: YOUNG HARLEEZY|Ceaseless Edge|p2a: Great Tusk\n|-resisted|p2a: Great Tusk\n|-damage|p2a: Great Tusk|0 fnt\n|-sidestart|p2: bigyellowbananan|Spikes\n|faint|p2a: Great Tusk\n|-end|p2a: Great Tusk|Protosynthesis|[silent]\n|\n|upkeep\n|\n|t:|1700925350\n|switch|p2a: Torkoal|Torkoal, M|10\/100\n|-damage|p2a: Torkoal|0 fnt|[from] Spikes\n|faint|p2a: Torkoal\n|c|\u26064our444|NAH THATS CRAZY LMAO\n|\n|t:|1700925356\n|switch|p2a: Iron Valiant|Iron Valiant|100\/100\n|-damage|p2a: Iron Valiant|88\/100|[from] Spikes\n|turn|23\n|\n|t:|1700925363\n|switch|p1a: T TIME|Slowking-Galar, F|100\/100\n|-damage|p1a: T TIME|88\/100|[from] Stealth Rock\n|move|p2a: Iron Valiant|Moonblast|p1a: T TIME\n|-resisted|p1a: T TIME\n|-damage|p1a: T TIME|74\/100\n|\n|upkeep\n|turn|24\n|\n|t:|1700925370\n|-end|p2a: Iron Valiant|Quark Drive|[silent]\n|switch|p2a: Walking Wake|Walking Wake|88\/100\n|-damage|p2a: Walking Wake|75\/100|[from] Spikes\n|move|p1a: T TIME|Future Sight|p2a: Walking Wake\n|-start|p1a: T TIME|move: Future Sight\n|\n|upkeep\n|turn|25\n|inactive|4our444 has 120 seconds left.\n|\n|t:|1700925408\n|switch|p1a: 7.|Weavile, F|61\/100\n|-ability|p1a: 7.|Pressure\n|move|p2a: Walking Wake|Draco Meteor|p1a: 7.\n|-damage|p1a: 7.|0 fnt\n|-unboost|p2a: Walking Wake|spa|2\n|faint|p1a: 7.\n|\n|upkeep\n|inactive|4our444 has 90 seconds left.\n|\n|t:|1700925459\n|switch|p1a: T TIME|Slowking-Galar, F|100\/100\n|-damage|p1a: T TIME|88\/100|[from] Stealth Rock\n|turn|26\n|\n|t:|1700925469\n|move|p2a: Walking Wake|Draco Meteor|p1a: T TIME\n|-damage|p1a: T TIME|69\/100\n|-unboost|p2a: Walking Wake|spa|2\n|move|p1a: T TIME|Sludge Bomb|p2a: Walking Wake\n|-damage|p2a: Walking Wake|34\/100\n|-status|p2a: Walking Wake|psn\n|\n|-end|p2a: Walking Wake|move: Future Sight\n|-damage|p2a: Walking Wake|0 fnt\n|faint|p2a: Walking Wake\n|-end|p2a: Walking Wake|Protosynthesis|[silent]\n|upkeep\n|\n|t:|1700925476\n|switch|p2a: Iron Valiant|Iron Valiant|88\/100\n|-damage|p2a: Iron Valiant|76\/100|[from] Spikes\n|turn|27\n|\n|t:|1700925480\n|-terastallize|p2a: Iron Valiant|Electric\n|move|p2a: Iron Valiant|Thunderbolt|p1a: T TIME\n|-damage|p1a: T TIME|40\/100\n|move|p1a: T TIME|Sludge Bomb|p2a: Iron Valiant\n|-damage|p2a: Iron Valiant|14\/100\n|\n|upkeep\n|turn|28\n|-message|bigyellowbananan forfeited.\n|\n|win|4our444\n|raw|4our444's rating: 1105 &rarr; <strong>1136<\/strong><br \/>(+31 for winning)\n|raw|bigyellowbananan's rating: 1193 &rarr; <strong>1162<\/strong><br \/>(-31 for losing)\n|l|\u2606bigyellowbananan\n|c|\u26064our444|gg man\n","uploadtime":1700925493,"views":4,"p1id":"4our444","p2id":"bigyellowbananan","formatid":"gen9ou","rating":1136,"private":0,"password":""}