{"id":"gen9ou-1992322156","p1":"SylverOmega","p2":"Jonjonson","format":"[Gen 9] OU","log":"|j|\u2606SylverOmega\n|j|\u2606Jonjonson\n|t:|1700174549\n|gametype|singles\n|player|p1|SylverOmega|palmer|1468\n|player|p2|Jonjonson|acetrainer-gen4dp|1537\n|teamsize|p1|6\n|teamsize|p2|6\n|gen|9\n|tier|[Gen 9] OU\n|rated|\n|rule|Sleep Clause Mod: Limit one foe put to sleep\n|rule|Species Clause: Limit one of each Pok\u00e9mon\n|rule|OHKO Clause: OHKO moves are banned\n|rule|Evasion Items Clause: Evasion items are banned\n|rule|Evasion Moves Clause: Evasion moves are banned\n|rule|Endless Battle Clause: Forcing endless battles is banned\n|rule|HP Percentage Mod: HP is shown in percentages\n|clearpoke\n|poke|p1|Glimmora, M|\n|poke|p1|Ceruledge, M|\n|poke|p1|Iron Valiant|\n|poke|p1|Great Tusk|\n|poke|p1|Ogerpon-Wellspring, F|\n|poke|p1|Dragonite, M|\n|poke|p2|Conkeldurr, M|\n|poke|p2|Heatran, M|\n|poke|p2|Rotom-Wash|\n|poke|p2|Landorus-Therian, M|\n|poke|p2|Gholdengo|\n|poke|p2|Cinderace, M|\n|teampreview\n|inactive|Battle timer is ON: inactive players will automatically lose when time's up. (requested by Jonjonson)\n|c|\u2606SylverOmega|Hf\n|\n|t:|1700174562\n|start\n|switch|p1a: Glimmora|Glimmora, M|100\/100\n|switch|p2a: Landorus|Landorus-Therian, M|100\/100\n|-ability|p2a: Landorus|Intimidate|boost\n|-unboost|p1a: Glimmora|atk|1\n|turn|1\n|\n|t:|1700174571\n|move|p2a: Landorus|Earthquake|p1a: Glimmora\n|-supereffective|p1a: Glimmora\n|-enditem|p1a: Glimmora|Focus Sash\n|-damage|p1a: Glimmora|1\/100\n|-activate|p1a: Glimmora|ability: Toxic Debris\n|-sidestart|p2: Jonjonson|move: Toxic Spikes\n|move|p1a: Glimmora|Mortal Spin|p2a: Landorus\n|-resisted|p2a: Landorus\n|-damage|p2a: Landorus|98\/100\n|-status|p2a: Landorus|psn\n|\n|-damage|p2a: Landorus|86\/100 psn|[from] psn\n|upkeep\n|turn|2\n|\n|t:|1700174585\n|switch|p1a: Dragonite|Dragonite, M|100\/100\n|move|p2a: Landorus|Earthquake|p1a: Dragonite\n|-immune|p1a: Dragonite\n|\n|-damage|p2a: Landorus|74\/100 psn|[from] psn\n|upkeep\n|turn|3\n|\n|t:|1700174598\n|switch|p2a: Rotom|Rotom-Wash|100\/100\n|move|p1a: Dragonite|Dragon Dance|p1a: Dragonite\n|-boost|p1a: Dragonite|atk|1\n|-boost|p1a: Dragonite|spe|1\n|\n|upkeep\n|turn|4\n|\n|t:|1700174605\n|move|p1a: Dragonite|Dragon Dance|p1a: Dragonite\n|-boost|p1a: Dragonite|atk|1\n|-boost|p1a: Dragonite|spe|1\n|move|p2a: Rotom|Will-O-Wisp|p1a: Dragonite|[miss]\n|-miss|p2a: Rotom|p1a: Dragonite\n|\n|upkeep\n|turn|5\n|\n|t:|1700174615\n|-terastallize|p1a: Dragonite|Normal\n|move|p1a: Dragonite|Extreme Speed|p2a: Rotom\n|-damage|p2a: Rotom|11\/100\n|move|p2a: Rotom|Will-O-Wisp|p1a: Dragonite\n|-status|p1a: Dragonite|brn\n|\n|-heal|p2a: Rotom|18\/100|[from] item: Leftovers\n|-damage|p1a: Dragonite|94\/100 brn|[from] brn\n|upkeep\n|turn|6\n|\n|t:|1700174629\n|move|p2a: Rotom|Protect|p2a: Rotom\n|-singleturn|p2a: Rotom|Protect\n|move|p1a: Dragonite|Extreme Speed|p2a: Rotom\n|-activate|p2a: Rotom|move: Protect\n|\n|-heal|p2a: Rotom|24\/100|[from] item: Leftovers\n|-damage|p1a: Dragonite|88\/100 brn|[from] brn\n|upkeep\n|turn|7\n|\n|t:|1700174639\n|move|p1a: Dragonite|Extreme Speed|p2a: Rotom\n|-damage|p2a: Rotom|0 fnt\n|faint|p2a: Rotom\n|\n|-damage|p1a: Dragonite|82\/100 brn|[from] brn\n|upkeep\n|\n|t:|1700174642\n|switch|p2a: Gholdengo|Gholdengo|100\/100\n|turn|8\n|\n|t:|1700174649\n|move|p1a: Dragonite|Earthquake|p2a: Gholdengo\n|-supereffective|p2a: Gholdengo\n|-damage|p2a: Gholdengo|8\/100\n|-enditem|p2a: Gholdengo|Iapapa Berry|[eat]\n|-heal|p2a: Gholdengo|41\/100|[from] item: Iapapa Berry\n|move|p2a: Gholdengo|Make It Rain|p1a: Dragonite\n|-damage|p1a: Dragonite|19\/100 brn\n|-unboost|p2a: Gholdengo|spa|1\n|\n|-damage|p1a: Dragonite|13\/100 brn|[from] brn\n|upkeep\n|turn|9\n|\n|t:|1700174664\n|switch|p2a: Landorus|Landorus-Therian, M|74\/100 psn\n|-ability|p2a: Landorus|Intimidate|boost\n|-unboost|p1a: Dragonite|atk|1\n|move|p1a: Dragonite|Ice Spinner|p2a: Landorus\n|-supereffective|p2a: Landorus\n|-damage|p2a: Landorus|0 fnt\n|faint|p2a: Landorus\n|\n|-damage|p1a: Dragonite|6\/100 brn|[from] brn\n|upkeep\n|\n|t:|1700174678\n|switch|p2a: Cinderace|Cinderace, M|100\/100\n|turn|10\n|\n|t:|1700174683\n|move|p2a: Cinderace|Sucker Punch|p1a: Dragonite\n|-start|p2a: Cinderace|typechange|Dark|[from] ability: Libero\n|-damage|p1a: Dragonite|0 fnt\n|faint|p1a: Dragonite\n|\n|upkeep\n|\n|t:|1700174692\n|switch|p1a: Glimmora|Glimmora, M|1\/100\n|turn|11\n|\n|t:|1700174696\n|move|p2a: Cinderace|Pyro Ball|p1a: Glimmora\n|-resisted|p1a: Glimmora\n|-damage|p1a: Glimmora|0 fnt\n|-activate|p1a: Glimmora|ability: Toxic Debris\n|-sidestart|p2: Jonjonson|move: Toxic Spikes\n|faint|p1a: Glimmora\n|\n|upkeep\n|\n|t:|1700174708\n|switch|p1a: Great Tusk|Great Tusk|100\/100\n|-enditem|p1a: Great Tusk|Booster Energy\n|-activate|p1a: Great Tusk|ability: Protosynthesis|[fromitem]\n|-start|p1a: Great Tusk|protosynthesisspe\n|turn|12\n|\n|t:|1700174713\n|move|p1a: Great Tusk|Close Combat|p2a: Cinderace\n|-supereffective|p2a: Cinderace\n|-damage|p2a: Cinderace|0 fnt\n|-unboost|p1a: Great Tusk|def|1\n|-unboost|p1a: Great Tusk|spd|1\n|faint|p2a: Cinderace\n|\n|upkeep\n|\n|t:|1700174737\n|switch|p2a: Heatran|Heatran, M|100\/100\n|turn|13\n|\n|t:|1700174753\n|-terastallize|p2a: Heatran|Grass\n|move|p1a: Great Tusk|Close Combat|p2a: Heatran\n|-damage|p2a: Heatran|55\/100\n|-unboost|p1a: Great Tusk|def|1\n|-unboost|p1a: Great Tusk|spd|1\n|move|p2a: Heatran|Tera Blast|p1a: Great Tusk|[anim] Tera Blast Grass\n|-supereffective|p1a: Great Tusk\n|-damage|p1a: Great Tusk|0 fnt\n|faint|p1a: Great Tusk\n|-end|p1a: Great Tusk|Protosynthesis|[silent]\n|\n|upkeep\n|\n|t:|1700174766\n|switch|p1a: Iron Valiant|Iron Valiant|100\/100\n|-enditem|p1a: Iron Valiant|Booster Energy\n|-activate|p1a: Iron Valiant|ability: Quark Drive|[fromitem]\n|-start|p1a: Iron Valiant|quarkdrivespe\n|turn|14\n|\n|t:|1700174775\n|move|p1a: Iron Valiant|Moonblast|p2a: Heatran\n|-damage|p2a: Heatran|13\/100\n|-enditem|p2a: Heatran|Aguav Berry|[eat]\n|-heal|p2a: Heatran|46\/100|[from] item: Aguav Berry\n|move|p2a: Heatran|Flash Cannon|p1a: Iron Valiant\n|-supereffective|p1a: Iron Valiant\n|-damage|p1a: Iron Valiant|0 fnt\n|faint|p1a: Iron Valiant\n|-end|p1a: Iron Valiant|Quark Drive|[silent]\n|\n|upkeep\n|\n|t:|1700174785\n|switch|p1a: Ceruledge|Ceruledge, M|100\/100\n|turn|15\n|\n|t:|1700174789\n|move|p1a: Ceruledge|Poltergeist||[still]\n|-fail|p1a: Ceruledge\n|move|p2a: Heatran|Earth Power|p1a: Ceruledge\n|-supereffective|p1a: Ceruledge\n|-damage|p1a: Ceruledge|24\/100\n|\n|upkeep\n|turn|16\n|\n|t:|1700174800\n|move|p1a: Ceruledge|Shadow Sneak|p2a: Heatran\n|-damage|p2a: Heatran|28\/100\n|move|p2a: Heatran|Earth Power|p1a: Ceruledge\n|-supereffective|p1a: Ceruledge\n|-damage|p1a: Ceruledge|0 fnt\n|faint|p1a: Ceruledge\n|\n|upkeep\n|\n|t:|1700174808\n|switch|p1a: Ogerpon|Ogerpon-Wellspring, F|100\/100\n|turn|17\n|\n|t:|1700174814\n|move|p1a: Ogerpon|Ivy Cudgel|p2a: Heatran|[anim] Ivy Cudgel Water\n|-resisted|p2a: Heatran\n|-crit|p2a: Heatran\n|-damage|p2a: Heatran|0 fnt\n|faint|p2a: Heatran\n|\n|upkeep\n|\n|t:|1700174820\n|switch|p2a: Gholdengo|Gholdengo|41\/100\n|turn|18\n|\n|t:|1700174824\n|move|p1a: Ogerpon|Knock Off|p2a: Gholdengo\n|-supereffective|p2a: Gholdengo\n|-damage|p2a: Gholdengo|0 fnt\n|faint|p2a: Gholdengo\n|\n|upkeep\n|\n|t:|1700174827\n|switch|p2a: Conkeldurr|Conkeldurr, M|100\/100\n|-status|p2a: Conkeldurr|tox\n|turn|19\n|\n|t:|1700174836\n|move|p1a: Ogerpon|Ivy Cudgel|p2a: Conkeldurr|[anim] Ivy Cudgel Water\n|-crit|p2a: Conkeldurr\n|-damage|p2a: Conkeldurr|29\/100 tox\n|move|p2a: Conkeldurr|Drain Punch|p1a: Ogerpon\n|-damage|p1a: Ogerpon|30\/100\n|-heal|p2a: Conkeldurr|55\/100 tox|[from] drain|[of] p1a: Ogerpon\n|\n|-damage|p2a: Conkeldurr|49\/100 tox|[from] psn\n|upkeep\n|turn|20\n|\n|t:|1700174847\n|move|p2a: Conkeldurr|Mach Punch|p1a: Ogerpon\n|-damage|p1a: Ogerpon|0 fnt\n|faint|p1a: Ogerpon\n|\n|win|Jonjonson\n|raw|SylverOmega's rating: 1468 &rarr; <strong>1452<\/strong><br \/>(-16 for losing)\n|raw|Jonjonson's rating: 1537 &rarr; <strong>1553<\/strong><br \/>(+16 for winning)\n|c|\u2606SylverOmega|Gg\n|c|\u2606Jonjonson|Gg\n|l|\u2606Jonjonson\n","uploadtime":1700174862,"views":12,"p1id":"sylveromega","p2id":"jonjonson","formatid":"gen9ou","rating":1452,"private":0,"password":""}