{"id":"gen9ou-1989285002","p1":"HiLo's Dream","p2":"SilverKnight196","format":"[Gen 9] OU","log":"|j|\u2606HiLo's Dream\n|j|\u2606SilverKnight196\n|t:|1699831865\n|gametype|singles\n|player|p1|HiLo's Dream|dawn|1000\n|player|p2|SilverKnight196|101|1075\n|teamsize|p1|6\n|teamsize|p2|6\n|gen|9\n|tier|[Gen 9] OU\n|rated|\n|rule|Sleep Clause Mod: Limit one foe put to sleep\n|rule|Species Clause: Limit one of each Pok\u00e9mon\n|rule|OHKO Clause: OHKO moves are banned\n|rule|Evasion Items Clause: Evasion items are banned\n|rule|Evasion Moves Clause: Evasion moves are banned\n|rule|Endless Battle Clause: Forcing endless battles is banned\n|rule|HP Percentage Mod: HP is shown in percentages\n|clearpoke\n|poke|p1|Alomomola, F|\n|poke|p1|Jumpluff, F|\n|poke|p1|Swalot, F|\n|poke|p1|Charjabug, M|\n|poke|p1|Jigglypuff, F|\n|poke|p1|Komala, M|\n|poke|p2|Electrode-Hisui|\n|poke|p2|Ceruledge, M|\n|poke|p2|Quaquaval, M|\n|poke|p2|Lucario, M|\n|poke|p2|Landorus-Therian, M|\n|poke|p2|Hatterene, F|\n|teampreview\n|\n|t:|1699831874\n|start\n|switch|p1a: Alomomola|Alomomola, F|100\/100\n|switch|p2a: Calrissian|Landorus-Therian, M|100\/100\n|-ability|p2a: Calrissian|Intimidate|boost\n|-unboost|p1a: Alomomola|atk|1\n|turn|1\n|c|\u2606SilverKnight196|ummm\n|\n|t:|1699831899\n|move|p2a: Calrissian|Stealth Rock|p1a: Alomomola\n|-sidestart|p1: HiLo's Dream|move: Stealth Rock\n|move|p1a: Alomomola|Light Screen|p1a: Alomomola\n|-sidestart|p1: HiLo's Dream|move: Light Screen\n|\n|upkeep\n|turn|2\n|c|\u2606SilverKnight196|your pokemon\n|\n|t:|1699831914\n|move|p2a: Calrissian|Brick Break|p1a: Alomomola\n|-sideend|p1: HiLo's Dream|move: Light Screen\n|-damage|p1a: Alomomola|82\/100\n|move|p1a: Alomomola|Calm Mind|p1a: Alomomola\n|-boost|p1a: Alomomola|spa|1\n|-boost|p1a: Alomomola|spd|1\n|\n|upkeep\n|turn|3\n|\n|t:|1699831943\n|move|p2a: Calrissian|Crunch|p1a: Alomomola\n|-damage|p1a: Alomomola|62\/100\n|move|p1a: Alomomola|Calm Mind|p1a: Alomomola\n|-boost|p1a: Alomomola|spa|1\n|-boost|p1a: Alomomola|spd|1\n|\n|upkeep\n|turn|4\n|\n|t:|1699831952\n|move|p2a: Calrissian|Crunch|p1a: Alomomola\n|-damage|p1a: Alomomola|41\/100\n|move|p1a: Alomomola|Scald|p2a: Calrissian\n|-supereffective|p2a: Calrissian\n|-crit|p2a: Calrissian\n|-damage|p2a: Calrissian|0 fnt\n|faint|p2a: Calrissian\n|\n|upkeep\n|\n|t:|1699831961\n|switch|p2a: Gigawatt|Electrode-Hisui, shiny|100\/100\n|turn|5\n|\n|t:|1699831984\n|move|p2a: Gigawatt|Giga Drain|p1a: Alomomola\n|-supereffective|p1a: Alomomola\n|-damage|p1a: Alomomola|5\/100\n|-enditem|p1a: Alomomola|Aguav Berry|[eat]\n|-heal|p1a: Alomomola|38\/100|[from] item: Aguav Berry\n|move|p1a: Alomomola|Scald|p2a: Gigawatt\n|-resisted|p2a: Gigawatt\n|-damage|p2a: Gigawatt|71\/100\n|-status|p2a: Gigawatt|brn\n|\n|-damage|p2a: Gigawatt|64\/100 brn|[from] brn\n|upkeep\n|turn|6\n|\n|t:|1699832000\n|move|p2a: Gigawatt|Giga Drain|p1a: Alomomola\n|-supereffective|p1a: Alomomola\n|-damage|p1a: Alomomola|6\/100\n|-heal|p2a: Gigawatt|97\/100 brn|[from] drain|[of] p1a: Alomomola\n|move|p1a: Alomomola|Light Screen|p1a: Alomomola\n|-sidestart|p1: HiLo's Dream|move: Light Screen\n|\n|-damage|p2a: Gigawatt|91\/100 brn|[from] brn\n|upkeep\n|turn|7\n|\n|t:|1699832011\n|move|p1a: Alomomola|Protect|p1a: Alomomola\n|-singleturn|p1a: Alomomola|Protect\n|move|p2a: Gigawatt|Giga Drain|p1a: Alomomola\n|-activate|p1a: Alomomola|move: Protect\n|\n|-damage|p2a: Gigawatt|85\/100 brn|[from] brn\n|upkeep\n|turn|8\n|\n|t:|1699832021\n|move|p1a: Alomomola|Protect||[still]\n|-fail|p1a: Alomomola\n|move|p2a: Gigawatt|Giga Drain|p1a: Alomomola\n|-supereffective|p1a: Alomomola\n|-damage|p1a: Alomomola|0 fnt\n|-heal|p2a: Gigawatt|91\/100 brn|[from] drain|[of] p1a: Alomomola\n|faint|p1a: Alomomola\n|\n|-damage|p2a: Gigawatt|85\/100 brn|[from] brn\n|upkeep\n|inactive|Battle timer is ON: inactive players will automatically lose when time's up. (requested by SilverKnight196)\n|\n|t:|1699832055\n|switch|p1a: Jumpluff|Jumpluff, F, shiny|100\/100\n|-damage|p1a: Jumpluff|75\/100|[from] Stealth Rock\n|turn|9\n|\n|t:|1699832070\n|move|p2a: Gigawatt|Discharge|p1a: Jumpluff\n|-damage|p1a: Jumpluff|55\/100\n|move|p1a: Jumpluff|Lunge|p2a: Gigawatt\n|-supereffective|p2a: Gigawatt\n|-damage|p2a: Gigawatt|27\/100 brn\n|-unboost|p2a: Gigawatt|atk|1\n|\n|-damage|p2a: Gigawatt|21\/100 brn|[from] brn\n|upkeep\n|turn|10\n|\n|t:|1699832082\n|move|p2a: Gigawatt|Explosion|p1a: Jumpluff\n|-damage|p1a: Jumpluff|39\/100\n|faint|p2a: Gigawatt\n|move|p1a: Jumpluff|Lunge|p2: Gigawatt|[notarget]\n|-fail|p1a: Jumpluff\n|\n|-sideend|p1: HiLo's Dream|move: Light Screen\n|upkeep\n|\n|t:|1699832093\n|switch|p2a: Lucky|Lucario, M|100\/100\n|turn|11\n|\n|t:|1699832107\n|move|p1a: Jumpluff|Acrobatics|p2a: Lucky\n|-damage|p2a: Lucky|39\/100\n|move|p2a: Lucky|Ice Punch|p1a: Jumpluff\n|-supereffective|p1a: Jumpluff\n|-damage|p1a: Jumpluff|0 fnt\n|faint|p1a: Jumpluff\n|\n|upkeep\n|\n|t:|1699832126\n|switch|p1a: Swalot|Swalot, F|100\/100\n|-damage|p1a: Swalot|88\/100|[from] Stealth Rock\n|turn|12\n|inactive|SilverKnight196 has 120 seconds left.\n|\n|t:|1699832161\n|switch|p2a: Excalibur|Ceruledge, M|100\/100\n|move|p1a: Swalot|Acid Armor|p1a: Swalot\n|-boost|p1a: Swalot|def|2\n|\n|upkeep\n|turn|13\n|inactive|SilverKnight196 has 120 seconds left.\n|\n|t:|1699832176\n|move|p2a: Excalibur|Shadow Claw|p1a: Swalot\n|-damage|p1a: Swalot|67\/100\n|-damage|p2a: Excalibur|84\/100|[from] item: Rocky Helmet|[of] p1a: Swalot\n|-damage|p2a: Excalibur|74\/100|[from] item: Life Orb\n|move|p1a: Swalot|Toxic Spikes|p2a: Excalibur\n|-sidestart|p2: SilverKnight196|move: Toxic Spikes\n|\n|upkeep\n|turn|14\n|inactive|SilverKnight196 has 120 seconds left.\n|\n|t:|1699832186\n|move|p2a: Excalibur|Shadow Claw|p1a: Swalot\n|-damage|p1a: Swalot|45\/100\n|-damage|p2a: Excalibur|58\/100|[from] item: Rocky Helmet|[of] p1a: Swalot\n|-damage|p2a: Excalibur|48\/100|[from] item: Life Orb\n|move|p1a: Swalot|Acid Armor|p1a: Swalot\n|-boost|p1a: Swalot|def|2\n|\n|upkeep\n|turn|15\n|\n|t:|1699832197\n|move|p2a: Excalibur|Shadow Claw|p1a: Swalot\n|-damage|p1a: Swalot|32\/100\n|-damage|p2a: Excalibur|31\/100|[from] item: Rocky Helmet|[of] p1a: Swalot\n|-damage|p2a: Excalibur|21\/100|[from] item: Life Orb\n|move|p1a: Swalot|Toxic|p2a: Excalibur\n|-status|p2a: Excalibur|tox\n|\n|-damage|p2a: Excalibur|15\/100 tox|[from] psn\n|upkeep\n|turn|16\n|\n|t:|1699832207\n|move|p2a: Excalibur|Bitter Blade|p1a: Swalot\n|-damage|p1a: Swalot|13\/100\n|-heal|p2a: Excalibur|28\/100 tox|[from] drain|[of] p1a: Swalot\n|-damage|p2a: Excalibur|11\/100 tox|[from] item: Rocky Helmet|[of] p1a: Swalot\n|-damage|p2a: Excalibur|2\/100 tox|[from] item: Life Orb\n|move|p1a: Swalot|Acid Armor|p1a: Swalot\n|-boost|p1a: Swalot|def|2\n|\n|-damage|p2a: Excalibur|0 fnt|[from] psn\n|faint|p2a: Excalibur\n|upkeep\n|inactive|SilverKnight196 has 120 seconds left.\n|\n|t:|1699832220\n|switch|p2a: Madame|Hatterene, F, shiny|100\/100\n|-status|p2a: Madame|psn\n|turn|17\n|\n|t:|1699832227\n|move|p2a: Madame|Shadow Ball|p1a: Swalot\n|-damage|p1a: Swalot|0 fnt\n|faint|p1a: Swalot\n|\n|-damage|p2a: Madame|88\/100 psn|[from] psn\n|upkeep\n|\n|t:|1699832248\n|switch|p1a: Charjabug|Charjabug, M|100\/100\n|-damage|p1a: Charjabug|76\/100|[from] Stealth Rock\n|turn|18\n|\n|t:|1699832259\n|move|p2a: Madame|Shadow Ball|p1a: Charjabug\n|-damage|p1a: Charjabug|36\/100\n|-unboost|p1a: Charjabug|spd|1\n|move|p1a: Charjabug|Sticky Web|p2a: Madame\n|move|p2a: Madame|Sticky Web|p1a: Charjabug|[from]ability: Magic Bounce\n|-sidestart|p1: HiLo's Dream|move: Sticky Web\n|\n|-damage|p2a: Madame|76\/100 psn|[from] psn\n|upkeep\n|turn|19\n|\n|t:|1699832274\n|move|p2a: Madame|Shadow Ball|p1a: Charjabug\n|-damage|p1a: Charjabug|0 fnt\n|faint|p1a: Charjabug\n|\n|-damage|p2a: Madame|64\/100 psn|[from] psn\n|upkeep\n|\n|t:|1699832286\n|switch|p1a: Jigglypuff|Jigglypuff, F|100\/100\n|-damage|p1a: Jigglypuff|88\/100|[from] Stealth Rock\n|-activate|p1a: Jigglypuff|move: Sticky Web\n|-unboost|p1a: Jigglypuff|spe|1\n|turn|20\n|c|\u2606SilverKnight196|hows it going??\n|inactive|HiLo's Dream has 120 seconds left.\n|\n|t:|1699832317\n|switch|p2a: Lucky|Lucario, M|39\/100\n|move|p1a: Jigglypuff|Dark Pulse|p2a: Lucky\n|-resisted|p2a: Lucky\n|-damage|p2a: Lucky|27\/100\n|\n|upkeep\n|turn|21\n|\n|t:|1699832333\n|move|p2a: Lucky|Meteor Mash|p1a: Jigglypuff\n|-supereffective|p1a: Jigglypuff\n|-damage|p1a: Jigglypuff|0 fnt\n|faint|p1a: Jigglypuff\n|\n|upkeep\n|\n|t:|1699832337\n|switch|p1a: Komala|Komala, M, shiny|100\/100\n|-damage|p1a: Komala|88\/100|[from] Stealth Rock\n|-activate|p1a: Komala|move: Sticky Web\n|-unboost|p1a: Komala|spe|1\n|-ability|p1a: Komala|Comatose\n|turn|22\n|c|\u2606SilverKnight196|gg\n|\n|t:|1699832347\n|move|p2a: Lucky|Aura Sphere|p1a: Komala\n|-supereffective|p1a: Komala\n|-damage|p1a: Komala|0 fnt\n|faint|p1a: Komala\n|\n|win|SilverKnight196\n|raw|HiLo&apos;s Dream's rating: 1000 &rarr; <strong>1000<\/strong><br \/>(+0 for losing)\n|raw|SilverKnight196's rating: 1075 &rarr; <strong>1098<\/strong><br \/>(+23 for winning)\n|c|\u2606SilverKnight196|gg\n|l|\u2606HiLo's Dream\n","uploadtime":1699832369,"views":36,"p1id":"hilosdream","p2id":"silverknight196","formatid":"gen9ou","rating":1000,"private":0,"password":""}