{"id":"gen9ou-1994138063","p1":"har0tt","p2":"Big zuez","format":"[Gen 9] OU","log":"|j|\u2606har0tt\n|j|\u2606Big zuez\n|t:|1700411362\n|gametype|singles\n|player|p1|har0tt|ghetsis-gen5bw|1838\n|player|p2|Big zuez|brock|1676\n|teamsize|p1|6\n|teamsize|p2|6\n|gen|9\n|tier|[Gen 9] OU\n|rated|\n|rule|Sleep Clause Mod: Limit one foe put to sleep\n|rule|Species Clause: Limit one of each Pok\u00e9mon\n|rule|OHKO Clause: OHKO moves are banned\n|rule|Evasion Items Clause: Evasion items are banned\n|rule|Evasion Moves Clause: Evasion moves are banned\n|rule|Endless Battle Clause: Forcing endless battles is banned\n|rule|HP Percentage Mod: HP is shown in percentages\n|clearpoke\n|poke|p1|Pelipper, M|\n|poke|p1|Volcanion|\n|poke|p1|Barraskewda, M|\n|poke|p1|Zapdos|\n|poke|p1|Corviknight, F|\n|poke|p1|Tornadus-Therian, M|\n|poke|p2|Zamazenta-*|\n|poke|p2|Iron Moth|\n|poke|p2|Alomomola, M|\n|poke|p2|Ting-Lu|\n|poke|p2|Dragapult, F|\n|poke|p2|Scizor, F|\n|teampreview\n|inactive|Battle timer is ON: inactive players will automatically lose when time's up. (requested by har0tt)\n|inactive|har0tt has 120 seconds left.\n|j| CutePokesOnly\n|\n|t:|1700411402\n|start\n|switch|p1a: bi-curious|Pelipper, M, shiny|100\/100\n|switch|p2a: Dragapult|Dragapult, F|100\/100\n|-weather|RainDance|[from] ability: Drizzle|[of] p1a: bi-curious\n|turn|1\n|\n|t:|1700411407\n|switch|p1a: my besto friendo|Tornadus-Therian, M|100\/100\n|move|p2a: Dragapult|Draco Meteor|p1a: my besto friendo\n|-damage|p1a: my besto friendo|54\/100\n|-unboost|p2a: Dragapult|spa|2\n|\n|-weather|RainDance|[upkeep]\n|upkeep\n|turn|2\n|\n|t:|1700411413\n|switch|p2a: Ting-Lu|Ting-Lu|100\/100\n|-ability|p2a: Ting-Lu|Vessel of Ruin\n|move|p1a: my besto friendo|U-turn|p2a: Ting-Lu\n|-supereffective|p2a: Ting-Lu\n|-damage|p2a: Ting-Lu|84\/100\n|\n|t:|1700411415\n|switch|p1a: UBLAHAHGJAAH|Volcanion|100\/100|[from] U-turn\n|\n|-weather|RainDance|[upkeep]\n|-heal|p2a: Ting-Lu|90\/100|[from] item: Leftovers\n|upkeep\n|turn|3\n|\n|t:|1700411423\n|-terastallize|p1a: UBLAHAHGJAAH|Water\n|-terastallize|p2a: Ting-Lu|Water\n|move|p1a: UBLAHAHGJAAH|Steam Eruption|p2a: Ting-Lu\n|-resisted|p2a: Ting-Lu\n|-damage|p2a: Ting-Lu|51\/100\n|move|p2a: Ting-Lu|Earthquake|p1a: UBLAHAHGJAAH\n|-damage|p1a: UBLAHAHGJAAH|62\/100\n|\n|-weather|RainDance|[upkeep]\n|-heal|p2a: Ting-Lu|57\/100|[from] item: Leftovers\n|upkeep\n|turn|4\n|\n|t:|1700411433\n|move|p1a: UBLAHAHGJAAH|Steam Eruption|p2a: Ting-Lu\n|-resisted|p2a: Ting-Lu\n|-damage|p2a: Ting-Lu|19\/100\n|move|p2a: Ting-Lu|Stealth Rock|p1a: UBLAHAHGJAAH\n|-sidestart|p1: har0tt|move: Stealth Rock\n|\n|-weather|RainDance|[upkeep]\n|-heal|p2a: Ting-Lu|26\/100|[from] item: Leftovers\n|upkeep\n|turn|5\n|\n|t:|1700411441\n|switch|p2a: Dragapult|Dragapult, F|100\/100\n|move|p1a: UBLAHAHGJAAH|Steam Eruption|p2a: Dragapult\n|-resisted|p2a: Dragapult\n|-damage|p2a: Dragapult|0 fnt\n|faint|p2a: Dragapult\n|\n|-weather|RainDance|[upkeep]\n|upkeep\n|\n|t:|1700411453\n|switch|p2a: Zamazenta|Zamazenta|100\/100\n|-ability|p2a: Zamazenta|Dauntless Shield|boost\n|-boost|p2a: Zamazenta|def|1\n|turn|6\n|\n|t:|1700411458\n|switch|p1a: rodrigo de paul|Corviknight, F|100\/100\n|-damage|p1a: rodrigo de paul|88\/100|[from] Stealth Rock\n|-ability|p1a: rodrigo de paul|Pressure\n|move|p2a: Zamazenta|Body Press|p1a: rodrigo de paul\n|-damage|p1a: rodrigo de paul|57\/100\n|-damage|p2a: Zamazenta|84\/100|[from] item: Rocky Helmet|[of] p1a: rodrigo de paul\n|\n|-weather|RainDance|[upkeep]\n|-heal|p2a: Zamazenta|90\/100|[from] item: Leftovers\n|upkeep\n|turn|7\n|j| SwabbyYabby\n|\n|t:|1700411462\n|move|p2a: Zamazenta|Iron Defense|p2a: Zamazenta\n|-boost|p2a: Zamazenta|def|2\n|move|p1a: rodrigo de paul|Defog|p2a: Zamazenta\n|-unboost|p2a: Zamazenta|evasion|1\n|-sideend|p1: har0tt|Stealth Rock|[from] move: Defog|[of] p1a: rodrigo de paul\n|\n|-weather|RainDance|[upkeep]\n|-heal|p2a: Zamazenta|96\/100|[from] item: Leftovers\n|upkeep\n|turn|8\n|\n|t:|1700411466\n|move|p2a: Zamazenta|Iron Defense|p2a: Zamazenta\n|-boost|p2a: Zamazenta|def|2\n|move|p1a: rodrigo de paul|Roost|p1a: rodrigo de paul\n|-heal|p1a: rodrigo de paul|100\/100\n|-singleturn|p1a: rodrigo de paul|move: Roost\n|\n|-weather|none\n|-heal|p2a: Zamazenta|100\/100|[from] item: Leftovers\n|upkeep\n|turn|9\n|\n|t:|1700411472\n|switch|p1a: bi-curious|Pelipper, M, shiny|100\/100\n|-weather|RainDance|[from] ability: Drizzle|[of] p1a: bi-curious\n|move|p2a: Zamazenta|Iron Defense|p2a: Zamazenta\n|-boost|p2a: Zamazenta|def|1\n|\n|-weather|RainDance|[upkeep]\n|upkeep\n|turn|10\n|\n|t:|1700411475\n|move|p2a: Zamazenta|Body Press|p1a: bi-curious\n|-resisted|p1a: bi-curious\n|-crit|p1a: bi-curious\n|-damage|p1a: bi-curious|14\/100\n|move|p1a: bi-curious|U-turn|p2a: Zamazenta\n|-resisted|p2a: Zamazenta\n|-damage|p2a: Zamazenta|99\/100\n|\n|t:|1700411478\n|switch|p1a: taser|Zapdos|100\/100|[from] U-turn\n|\n|-weather|RainDance|[upkeep]\n|-heal|p2a: Zamazenta|100\/100|[from] item: Leftovers\n|upkeep\n|turn|11\n|\n|t:|1700411485\n|move|p1a: taser|Hurricane|p2a: Zamazenta\n|-supereffective|p2a: Zamazenta\n|-damage|p2a: Zamazenta|3\/100\n|move|p2a: Zamazenta|Body Press|p1a: taser\n|-resisted|p1a: taser\n|-damage|p1a: taser|23\/100\n|-status|p2a: Zamazenta|par|[from] ability: Static|[of] p1a: taser\n|\n|-weather|RainDance|[upkeep]\n|-heal|p2a: Zamazenta|9\/100 par|[from] item: Leftovers\n|upkeep\n|turn|12\n|j| short asian girl\n|\n|t:|1700411499\n|switch|p2a: Ting-Lu|Ting-Lu, tera:Water|26\/100\n|-ability|p2a: Ting-Lu|Vessel of Ruin\n|move|p1a: taser|Hurricane|p2a: Ting-Lu\n|-damage|p2a: Ting-Lu|1\/100\n|\n|-weather|RainDance|[upkeep]\n|-heal|p2a: Ting-Lu|7\/100|[from] item: Leftovers\n|upkeep\n|turn|13\n|j| 0ZorcNecrophades\n|inactive|har0tt has 120 seconds left.\n|inactive|har0tt has 90 seconds left.\n|\n|t:|1700411570\n|move|p1a: taser|Hurricane|p2a: Ting-Lu\n|-damage|p2a: Ting-Lu|0 fnt\n|faint|p2a: Ting-Lu\n|\n|-weather|RainDance|[upkeep]\n|upkeep\n|\n|t:|1700411576\n|switch|p2a: Iron Moth|Iron Moth|100\/100\n|-enditem|p2a: Iron Moth|Booster Energy\n|-activate|p2a: Iron Moth|ability: Quark Drive|[fromitem]\n|-start|p2a: Iron Moth|quarkdrivespa\n|turn|14\n|\n|t:|1700411582\n|move|p1a: taser|Hurricane|p2a: Iron Moth\n|-damage|p2a: Iron Moth|41\/100\n|move|p2a: Iron Moth|Agility|p2a: Iron Moth\n|-boost|p2a: Iron Moth|spe|2\n|\n|-weather|RainDance|[upkeep]\n|upkeep\n|turn|15\n|\n|t:|1700411585\n|move|p2a: Iron Moth|Fiery Dance|p1a: taser\n|-damage|p1a: taser|0 fnt\n|faint|p1a: taser\n|\n|-weather|RainDance|[upkeep]\n|upkeep\n|\n|t:|1700411588\n|switch|p1a: dont mute me mods|Barraskewda, M, shiny|100\/100\n|turn|16\n|\n|t:|1700411594\n|move|p1a: dont mute me mods|Flip Turn|p2a: Iron Moth\n|-supereffective|p2a: Iron Moth\n|-damage|p2a: Iron Moth|0 fnt\n|faint|p2a: Iron Moth\n|-end|p2a: Iron Moth|Quark Drive|[silent]\n|\n|t:|1700411599\n|switch|p1a: my besto friendo|Tornadus-Therian, M|87\/100|[from] Flip Turn\n|\n|-weather|none\n|upkeep\n|j| orasfunfun\n|\n|t:|1700411603\n|switch|p2a: Scizor|Scizor, F|100\/100\n|turn|17\n|\n|t:|1700411606\n|move|p1a: my besto friendo|U-turn|p2a: Scizor\n|-resisted|p2a: Scizor\n|-damage|p2a: Scizor|95\/100\n|\n|t:|1700411609\n|switch|p1a: bi-curious|Pelipper, M, shiny|14\/100|[from] U-turn\n|-weather|RainDance|[from] ability: Drizzle|[of] p1a: bi-curious\n|move|p2a: Scizor|Knock Off|p1a: bi-curious\n|-damage|p1a: bi-curious|0 fnt\n|-enditem|p1a: bi-curious|Damp Rock|[from] move: Knock Off|[of] p2a: Scizor\n|faint|p1a: bi-curious\n|\n|-weather|RainDance|[upkeep]\n|upkeep\n|\n|t:|1700411611\n|switch|p1a: UBLAHAHGJAAH|Volcanion, tera:Water|62\/100\n|turn|18\n|j| sleepbodypressing\n|\n|t:|1700411615\n|move|p1a: UBLAHAHGJAAH|Steam Eruption|p2a: Scizor\n|-damage|p2a: Scizor|0 fnt\n|faint|p2a: Scizor\n|\n|-weather|RainDance|[upkeep]\n|upkeep\n|-message|Big zuez forfeited.\n|\n|win|har0tt\n|raw|har0tt's rating: 1838 &rarr; <strong>1849<\/strong><br \/>(+11 for winning)\n|raw|Big zuez's rating: 1676 &rarr; <strong>1665<\/strong><br \/>(-11 for losing)\n|l|\u2606Big zuez\n|l|\u2606har0tt\n|l| CutePokesOnly\n","uploadtime":1700411651,"views":7,"p1id":"har0tt","p2id":"bigzuez","formatid":"gen9ou","rating":1665,"private":0,"password":""}