{"id":"gen9ou-1989308160","p1":"KakunaBR","p2":"outu yuhh","format":"[Gen 9] OU","log":"|j|\u2606KakunaBR\n|j|\u2606outu yuhh\n|t:|1699834572\n|gametype|singles\n|player|p1|KakunaBR|veteran|1540\n|player|p2|outu yuhh|steven-masters2|1595\n|teamsize|p1|6\n|teamsize|p2|6\n|gen|9\n|tier|[Gen 9] OU\n|rated|\n|rule|Sleep Clause Mod: Limit one foe put to sleep\n|rule|Species Clause: Limit one of each Pok\u00e9mon\n|rule|OHKO Clause: OHKO moves are banned\n|rule|Evasion Items Clause: Evasion items are banned\n|rule|Evasion Moves Clause: Evasion moves are banned\n|rule|Endless Battle Clause: Forcing endless battles is banned\n|rule|HP Percentage Mod: HP is shown in percentages\n|clearpoke\n|poke|p1|Gengar, M|\n|poke|p1|Dragonite, F|\n|poke|p1|Cinderace, M|\n|poke|p1|Greninja-*, M|\n|poke|p1|Zapdos|\n|poke|p1|Hawlucha, M|\n|poke|p2|Rillaboom, F|\n|poke|p2|Ogerpon, F|\n|poke|p2|Sneasler, M|\n|poke|p2|Garganacl, F|\n|poke|p2|Corviknight, M|\n|poke|p2|Hatterene, F|\n|teampreview\n|\n|t:|1699834598\n|start\n|switch|p1a: Zapdos|Zapdos|100\/100\n|switch|p2a: Rillaboom|Rillaboom, F|100\/100\n|-fieldstart|move: Grassy Terrain|[from] ability: Grassy Surge|[of] p2a: Rillaboom\n|turn|1\n|\n|t:|1699834602\n|switch|p2a: Garganacl|Garganacl, F|100\/100\n|move|p1a: Zapdos|Volt Switch|p2a: Garganacl\n|-damage|p2a: Garganacl|77\/100\n|\n|t:|1699834615\n|switch|p1a: Gengar|Gengar, M|100\/100|[from] Volt Switch\n|\n|-heal|p2a: Garganacl|84\/100|[from] Grassy Terrain\n|-heal|p2a: Garganacl|90\/100|[from] item: Leftovers\n|upkeep\n|turn|2\n|inactive|Battle timer is ON: inactive players will automatically lose when time's up. (requested by KakunaBR)\n|\n|t:|1699834631\n|move|p1a: Gengar|Trick|p2a: Garganacl\n|-activate|p1a: Gengar|move: Trick|[of] p2a: Garganacl\n|-item|p2a: Garganacl|Choice Scarf|[from] move: Trick\n|-item|p1a: Gengar|Leftovers|[from] move: Trick\n|move|p2a: Garganacl|Salt Cure|p1a: Gengar\n|-damage|p1a: Gengar|73\/100\n|-start|p1a: Gengar|Salt Cure\n|-start|p2a: Garganacl|Disable|Salt Cure|[from] ability: Cursed Body|[of] p1a: Gengar\n|\n|-heal|p1a: Gengar|79\/100|[from] Grassy Terrain\n|-heal|p1a: Gengar|85\/100|[from] item: Leftovers\n|-heal|p2a: Garganacl|96\/100|[from] Grassy Terrain\n|-damage|p1a: Gengar|73\/100|[from] Salt Cure\n|upkeep\n|turn|3\n|\n|t:|1699834639\n|switch|p1a: Zapdos|Zapdos|100\/100\n|switch|p2a: Ogerpon|Ogerpon, F|100\/100\n|\n|upkeep\n|turn|4\n|\n|t:|1699834646\n|switch|p2a: Garganacl|Garganacl, F|96\/100\n|move|p1a: Zapdos|Hurricane|p2a: Garganacl|[miss]\n|-miss|p1a: Zapdos|p2a: Garganacl\n|\n|-heal|p2a: Garganacl|100\/100|[from] Grassy Terrain\n|upkeep\n|turn|5\n|\n|t:|1699834662\n|move|p1a: Zapdos|Volt Switch|p2a: Garganacl\n|-damage|p2a: Garganacl|76\/100\n|\n|t:|1699834666\n|switch|p1a: Gengar|Gengar, M|73\/100|[from] Volt Switch\n|move|p2a: Garganacl|Salt Cure|p1a: Gengar\n|-damage|p1a: Gengar|47\/100\n|-start|p1a: Gengar|Salt Cure\n|-start|p2a: Garganacl|Disable|Salt Cure|[from] ability: Cursed Body|[of] p1a: Gengar\n|\n|-heal|p1a: Gengar|53\/100|[from] Grassy Terrain\n|-heal|p1a: Gengar|59\/100|[from] item: Leftovers\n|-heal|p2a: Garganacl|83\/100|[from] Grassy Terrain\n|-damage|p1a: Gengar|47\/100|[from] Salt Cure\n|upkeep\n|turn|6\n|inactive|outu yuhh has 120 seconds left.\n|\n|t:|1699834716\n|switch|p1a: Zapdos|Zapdos|100\/100\n|switch|p2a: Corviknight|Corviknight, M|100\/100\n|-ability|p2a: Corviknight|Pressure\n|\n|upkeep\n|turn|7\n|\n|t:|1699834723\n|switch|p2a: Garganacl|Garganacl, F|83\/100\n|move|p1a: Zapdos|Volt Switch|p2a: Garganacl\n|-damage|p2a: Garganacl|60\/100\n|\n|t:|1699834728\n|switch|p1a: Greninja|Greninja, M|100\/100|[from] Volt Switch\n|\n|-heal|p2a: Garganacl|66\/100|[from] Grassy Terrain\n|upkeep\n|turn|8\n|\n|t:|1699834733\n|switch|p1a: Zapdos|Zapdos|100\/100\n|switch|p2a: Rillaboom|Rillaboom, F|100\/100\n|\n|-fieldend|move: Grassy Terrain\n|upkeep\n|turn|9\n|\n|t:|1699834738\n|switch|p2a: Garganacl|Garganacl, F|66\/100\n|move|p1a: Zapdos|Volt Switch|p2a: Garganacl\n|-damage|p2a: Garganacl|44\/100\n|\n|t:|1699834743\n|switch|p1a: Hawlucha|Hawlucha, M|100\/100|[from] Volt Switch\n|\n|upkeep\n|turn|10\n|inactive|outu yuhh has 120 seconds left.\n|\n|t:|1699834793\n|move|p1a: Hawlucha|Swords Dance|p1a: Hawlucha\n|-boost|p1a: Hawlucha|atk|2\n|move|p2a: Garganacl|Salt Cure|p1a: Hawlucha\n|-damage|p1a: Hawlucha|81\/100\n|-start|p1a: Hawlucha|Salt Cure\n|\n|-damage|p1a: Hawlucha|69\/100|[from] Salt Cure\n|upkeep\n|turn|11\n|\n|t:|1699834797\n|switch|p2a: Corviknight|Corviknight, M|100\/100\n|-ability|p2a: Corviknight|Pressure\n|move|p1a: Hawlucha|Close Combat|p2a: Corviknight\n|-damage|p2a: Corviknight|27\/100\n|-unboost|p1a: Hawlucha|def|1\n|-unboost|p1a: Hawlucha|spd|1\n|\n|-heal|p2a: Corviknight|33\/100|[from] item: Leftovers\n|-damage|p1a: Hawlucha|56\/100|[from] Salt Cure\n|upkeep\n|turn|12\n|\n|t:|1699834803\n|switch|p2a: Garganacl|Garganacl, F|44\/100\n|move|p1a: Hawlucha|Close Combat|p2a: Garganacl\n|-supereffective|p2a: Garganacl\n|-damage|p2a: Garganacl|0 fnt\n|-unboost|p1a: Hawlucha|def|1\n|-unboost|p1a: Hawlucha|spd|1\n|faint|p2a: Garganacl\n|\n|-damage|p1a: Hawlucha|44\/100|[from] Salt Cure\n|upkeep\n|c|\u2606KakunaBR|AE\n|\n|t:|1699834811\n|switch|p2a: Rillaboom|Rillaboom, F|100\/100\n|-fieldstart|move: Grassy Terrain|[from] ability: Grassy Surge|[of] p2a: Rillaboom\n|turn|13\n|\n|t:|1699834815\n|switch|p1a: Dragonite|Dragonite, F|100\/100\n|move|p2a: Rillaboom|Grassy Glide|p1a: Dragonite\n|-resisted|p1a: Dragonite\n|-damage|p1a: Dragonite|96\/100\n|\n|upkeep\n|turn|14\n|\n|t:|1699834821\n|move|p1a: Dragonite|Dragon Dance|p1a: Dragonite\n|-boost|p1a: Dragonite|atk|1\n|-boost|p1a: Dragonite|spe|1\n|move|p2a: Rillaboom|U-turn|p1a: Dragonite\n|-resisted|p1a: Dragonite\n|-damage|p1a: Dragonite|84\/100\n|\n|t:|1699834841\n|switch|p2a: Hatterene|Hatterene, F|100\/100|[from] U-turn\n|\n|upkeep\n|turn|15\n|\n|t:|1699834846\n|-terastallize|p1a: Dragonite|Normal\n|move|p1a: Dragonite|Extreme Speed|p2a: Hatterene\n|-damage|p2a: Hatterene|42\/100\n|move|p2a: Hatterene|Draining Kiss|p1a: Dragonite\n|-damage|p1a: Dragonite|62\/100\n|-heal|p2a: Hatterene|59\/100|[from] drain|[of] p1a: Dragonite\n|\n|-heal|p1a: Dragonite|68\/100|[from] Grassy Terrain\n|-heal|p2a: Hatterene|65\/100|[from] Grassy Terrain\n|-heal|p2a: Hatterene|71\/100|[from] item: Leftovers\n|upkeep\n|turn|16\n|inactive|outu yuhh has 120 seconds left.\n|inactive|outu yuhh has 90 seconds left.\n|\n|t:|1699834909\n|move|p1a: Dragonite|Roost|p1a: Dragonite\n|-heal|p1a: Dragonite|100\/100\n|move|p2a: Hatterene|Draining Kiss|p1a: Dragonite\n|-damage|p1a: Dragonite|88\/100\n|-heal|p2a: Hatterene|81\/100|[from] drain|[of] p1a: Dragonite\n|\n|-heal|p1a: Dragonite|94\/100|[from] Grassy Terrain\n|-heal|p2a: Hatterene|87\/100|[from] Grassy Terrain\n|-heal|p2a: Hatterene|93\/100|[from] item: Leftovers\n|upkeep\n|turn|17\n|\n|t:|1699834914\n|move|p1a: Dragonite|Extreme Speed|p2a: Hatterene\n|-damage|p2a: Hatterene|40\/100\n|move|p2a: Hatterene|Calm Mind|p2a: Hatterene\n|-boost|p2a: Hatterene|spa|1\n|-boost|p2a: Hatterene|spd|1\n|\n|-heal|p1a: Dragonite|99\/100|[from] Grassy Terrain\n|-heal|p2a: Hatterene|46\/100|[from] Grassy Terrain\n|-heal|p2a: Hatterene|52\/100|[from] item: Leftovers\n|upkeep\n|turn|18\n|\n|t:|1699834917\n|move|p1a: Dragonite|Extreme Speed|p2a: Hatterene\n|-damage|p2a: Hatterene|0 fnt\n|faint|p2a: Hatterene\n|\n|-heal|p1a: Dragonite|100\/100|[from] Grassy Terrain\n|upkeep\n|-message|outu yuhh forfeited.\n|\n|win|KakunaBR\n|raw|KakunaBR's rating: 1540 &rarr; <strong>1563<\/strong><br \/>(+23 for winning)\n|raw|outu yuhh's rating: 1595 &rarr; <strong>1572<\/strong><br \/>(-23 for losing)\n|l|\u2606outu yuhh\n","uploadtime":1699836351,"views":8,"p1id":"kakunabr","p2id":"outuyuhh","formatid":"gen9ou","rating":1563,"private":0,"password":""}