{"id":"gen9ou-2000583860","p1":"eggdog00","p2":"RedWave2024","format":"[Gen 9] OU","log":"|j|\u203deggdog00\n|j|\u2606RedWave2024\n|t:|1701207601\n|gametype|singles\n|player|p1|eggdog00|102|1377\n|player|p2|RedWave2024|fairytalegirl|1379\n|teamsize|p1|6\n|teamsize|p2|6\n|gen|9\n|tier|[Gen 9] OU\n|rated|\n|rule|Sleep Clause Mod: Limit one foe put to sleep\n|rule|Species Clause: Limit one of each Pok\u00e9mon\n|rule|OHKO Clause: OHKO moves are banned\n|rule|Evasion Items Clause: Evasion items are banned\n|rule|Evasion Moves Clause: Evasion moves are banned\n|rule|Endless Battle Clause: Forcing endless battles is banned\n|rule|HP Percentage Mod: HP is shown in percentages\n|clearpoke\n|poke|p1|Weavile, M|\n|poke|p1|Zapdos|\n|poke|p1|Heatran, M|\n|poke|p1|Zamazenta-*|\n|poke|p1|Muk-Alola, F|\n|poke|p1|Amoonguss, F|\n|poke|p2|Polteageist-Antique|\n|poke|p2|Gardevoir, M|\n|poke|p2|Salamence, M|\n|poke|p2|Corviknight, M|\n|poke|p2|Regidrago|\n|poke|p2|Alomomola, M|\n|teampreview\n|inactive|Battle timer is ON: inactive players will automatically lose when time's up. (requested by eggdog00)\n|inactive|RedWave2024 has 120 seconds left.\n|inactive|RedWave2024 has 90 seconds left.\n|\n|t:|1701207691\n|start\n|switch|p1a: Muk|Muk-Alola, F|100\/100\n|switch|p2a: Alomomola|Alomomola, M|100\/100\n|turn|1\n|inactive|eggdog00 has 120 seconds left.\n|\n|t:|1701207731\n|move|p2a: Alomomola|Whirlpool|p1a: Muk\n|-damage|p1a: Muk|97\/100\n|-activate|p1a: Muk|move: Whirlpool|[of] p2a: Alomomola\n|move|p1a: Muk|Poison Jab|p2a: Alomomola\n|-damage|p2a: Alomomola|78\/100\n|\n|-heal|p1a: Muk|100\/100|[from] item: Leftovers\n|-damage|p1a: Muk|84\/100|[from] move: Whirlpool|[partiallytrapped]\n|upkeep\n|turn|2\n|\n|t:|1701207736\n|move|p2a: Alomomola|Bounce||[still]\n|-prepare|p2a: Alomomola|Bounce\n|move|p1a: Muk|Knock Off|p2a: Alomomola|[miss]\n|-miss|p1a: Muk|p2a: Alomomola\n|\n|-heal|p1a: Muk|90\/100|[from] item: Leftovers\n|-damage|p1a: Muk|73\/100|[from] move: Whirlpool|[partiallytrapped]\n|upkeep\n|turn|3\n|\n|t:|1701207740\n|move|p2a: Alomomola|Bounce|p1a: Muk|[from]lockedmove\n|-damage|p1a: Muk|58\/100\n|move|p1a: Muk|Knock Off|p2a: Alomomola\n|-crit|p2a: Alomomola\n|-damage|p2a: Alomomola|37\/100\n|-enditem|p2a: Alomomola|Binding Band|[from] move: Knock Off|[of] p1a: Muk\n|\n|-heal|p1a: Muk|64\/100|[from] item: Leftovers\n|-damage|p1a: Muk|47\/100|[from] move: Whirlpool|[partiallytrapped]\n|upkeep\n|turn|4\n|\n|t:|1701207750\n|move|p2a: Alomomola|Wish|p2a: Alomomola\n|move|p1a: Muk|Drain Punch|p2a: Alomomola\n|-damage|p2a: Alomomola|24\/100\n|-heal|p1a: Muk|56\/100|[from] drain|[of] p2a: Alomomola\n|-status|p2a: Alomomola|psn|[from] ability: Poison Touch|[of] p1a: Muk\n|\n|-heal|p1a: Muk|62\/100|[from] item: Leftovers\n|-damage|p2a: Alomomola|12\/100 psn|[from] psn\n|-damage|p1a: Muk|45\/100|[from] move: Whirlpool|[partiallytrapped]\n|upkeep\n|turn|5\n|\n|t:|1701207762\n|switch|p2a: Corviknight|Corviknight, M, shiny|100\/100\n|move|p1a: Muk|Drain Punch|p2a: Corviknight\n|-damage|p2a: Corviknight|84\/100\n|-heal|p1a: Muk|53\/100|[from] drain|[of] p2a: Corviknight\n|\n|-heal|p2a: Corviknight|100\/100|[from] move: Wish|[wisher] Alomomola\n|-heal|p1a: Muk|59\/100|[from] item: Leftovers\n|-end|p1a: Muk|Whirlpool|[partiallytrapped]\n|upkeep\n|turn|6\n|\n|t:|1701207769\n|move|p2a: Corviknight|Agility|p2a: Corviknight\n|-boost|p2a: Corviknight|spe|2\n|move|p1a: Muk|Knock Off|p2a: Corviknight\n|-damage|p2a: Corviknight|70\/100\n|-enditem|p2a: Corviknight|Maranga Berry|[from] move: Knock Off|[of] p1a: Muk\n|\n|-heal|p1a: Muk|65\/100|[from] item: Leftovers\n|upkeep\n|turn|7\n|\n|t:|1701207773\n|switch|p1a: Zapdos|Zapdos|100\/100\n|move|p2a: Corviknight|Bulk Up|p2a: Corviknight\n|-boost|p2a: Corviknight|atk|1\n|-boost|p2a: Corviknight|def|1\n|\n|upkeep\n|turn|8\n|\n|t:|1701207779\n|-terastallize|p2a: Corviknight|Dragon\n|move|p2a: Corviknight|Agility|p2a: Corviknight\n|-boost|p2a: Corviknight|spe|2\n|move|p1a: Zapdos|Thunder Wave|p2a: Corviknight\n|-status|p2a: Corviknight|par\n|\n|upkeep\n|turn|9\n|\n|t:|1701207786\n|move|p1a: Zapdos|Volt Switch|p2a: Corviknight\n|-resisted|p2a: Corviknight\n|-damage|p2a: Corviknight|60\/100 par\n|\n|t:|1701207789\n|switch|p1a: Amoonguss|Amoonguss, F|100\/100|[from] Volt Switch\n|move|p2a: Corviknight|Agility|p2a: Corviknight\n|-boost|p2a: Corviknight|spe|2\n|\n|upkeep\n|turn|10\n|\n|t:|1701207792\n|move|p2a: Corviknight|Power Trip|p1a: Amoonguss\n|-damage|p1a: Amoonguss|59\/100\n|-enditem|p1a: Amoonguss|Red Card|[of] p2a: Corviknight\n|drag|p2a: Salamence|Salamence, M|100\/100\n|-ability|p2a: Salamence|Intimidate|boost\n|-unboost|p1a: Amoonguss|atk|1\n|move|p1a: Amoonguss|Clear Smog|p2a: Salamence\n|-damage|p2a: Salamence|84\/100\n|-clearboost|p2a: Salamence\n|\n|upkeep\n|turn|11\n|\n|t:|1701207801\n|move|p2a: Salamence|Focus Energy|p2a: Salamence\n|-start|p2a: Salamence|move: Focus Energy\n|move|p1a: Amoonguss|Spore|p2a: Salamence\n|-status|p2a: Salamence|slp|[from] move: Spore\n|\n|upkeep\n|turn|12\n|\n|t:|1701207807\n|switch|p2a: Alomomola|Alomomola, M|45\/100 psn\n|switch|p1a: Weavile|Weavile, M|100\/100\n|-ability|p1a: Weavile|Pressure\n|\n|-damage|p2a: Alomomola|33\/100 psn|[from] psn\n|upkeep\n|turn|13\n|\n|t:|1701207811\n|switch|p1a: Zapdos|Zapdos|100\/100\n|move|p2a: Alomomola|Wish|p2a: Alomomola\n|\n|-damage|p2a: Alomomola|20\/100 psn|[from] psn\n|upkeep\n|turn|14\n|\n|t:|1701207821\n|switch|p2a: Salamence|Salamence, M|84\/100 slp\n|-ability|p2a: Salamence|Intimidate|boost\n|-unboost|p1a: Zapdos|atk|1\n|move|p1a: Zapdos|Hurricane|p2a: Salamence\n|-damage|p2a: Salamence|38\/100 slp\n|-start|p2a: Salamence|confusion\n|\n|-heal|p2a: Salamence|100\/100 slp|[from] move: Wish|[wisher] Alomomola\n|upkeep\n|turn|15\n|\n|t:|1701207828\n|switch|p2a: Regidrago|Regidrago|100\/100\n|move|p1a: Zapdos|Hurricane|p2a: Regidrago\n|-damage|p2a: Regidrago|55\/100\n|\n|upkeep\n|turn|16\n|\n|t:|1701207836\n|switch|p1a: Heatran|Heatran, M|100\/100\n|-item|p1a: Heatran|Air Balloon\n|move|p2a: Regidrago|Dragon Dance|p2a: Regidrago\n|-boost|p2a: Regidrago|atk|1\n|-boost|p2a: Regidrago|spe|1\n|\n|upkeep\n|turn|17\n|\n|t:|1701207843\n|move|p2a: Regidrago|Focus Energy|p2a: Regidrago\n|-start|p2a: Regidrago|move: Focus Energy\n|move|p1a: Heatran|Will-O-Wisp|p2a: Regidrago|[miss]\n|-miss|p1a: Heatran|p2a: Regidrago\n|\n|upkeep\n|turn|18\n|\n|t:|1701207847\n|move|p2a: Regidrago|Draco Meteor|p1a: Heatran\n|-resisted|p1a: Heatran\n|-crit|p1a: Heatran\n|-damage|p1a: Heatran|33\/100\n|-unboost|p2a: Regidrago|spa|2\n|-enditem|p1a: Heatran|Air Balloon\n|move|p1a: Heatran|Will-O-Wisp|p2a: Regidrago\n|-status|p2a: Regidrago|brn\n|\n|-damage|p2a: Regidrago|48\/100 brn|[from] brn\n|upkeep\n|turn|19\n|\n|t:|1701207861\n|move|p2a: Regidrago|Draco Meteor|p1a: Heatran\n|-resisted|p1a: Heatran\n|-crit|p1a: Heatran\n|-damage|p1a: Heatran|0 fnt\n|-unboost|p2a: Regidrago|spa|2\n|faint|p1a: Heatran\n|\n|-damage|p2a: Regidrago|42\/100 brn|[from] brn\n|upkeep\n|\n|t:|1701207863\n|switch|p1a: Weavile|Weavile, M|100\/100\n|-ability|p1a: Weavile|Pressure\n|turn|20\n|\n|t:|1701207868\n|switch|p2a: Gardevoir|Gardevoir, M|100\/100\n|-ability|p2a: Gardevoir|Pressure\n|-ability|p2a: Gardevoir|Pressure|[from] ability: Trace|[of] p1a: Weavile\n|move|p1a: Weavile|Ice Shard|p2a: Gardevoir\n|-damage|p2a: Gardevoir|82\/100\n|-enditem|p2a: Gardevoir|Kee Berry|[eat]\n|-boost|p2a: Gardevoir|def|1|[from] item: Kee Berry\n|\n|upkeep\n|turn|21\n|\n|t:|1701207885\n|switch|p1a: Muk|Muk-Alola, F|65\/100\n|move|p2a: Gardevoir|Calm Mind|p2a: Gardevoir\n|-boost|p2a: Gardevoir|spa|1\n|-boost|p2a: Gardevoir|spd|1\n|\n|-heal|p1a: Muk|71\/100|[from] item: Leftovers\n|upkeep\n|turn|22\n|\n|t:|1701207891\n|move|p2a: Gardevoir|Calm Mind|p2a: Gardevoir\n|-boost|p2a: Gardevoir|spa|1\n|-boost|p2a: Gardevoir|spd|1\n|move|p1a: Muk|Poison Jab|p2a: Gardevoir\n|-supereffective|p2a: Gardevoir\n|-damage|p2a: Gardevoir|43\/100\n|-status|p2a: Gardevoir|psn\n|\n|-heal|p1a: Muk|77\/100|[from] item: Leftovers\n|-damage|p2a: Gardevoir|30\/100 psn|[from] psn\n|upkeep\n|turn|23\n|\n|t:|1701207901\n|move|p2a: Gardevoir|Future Sight|p1a: Muk\n|-start|p2a: Gardevoir|move: Future Sight\n|move|p1a: Muk|Poison Jab|p2a: Gardevoir\n|-supereffective|p2a: Gardevoir\n|-damage|p2a: Gardevoir|0 fnt\n|faint|p2a: Gardevoir\n|\n|-heal|p1a: Muk|83\/100|[from] item: Leftovers\n|upkeep\n|\n|t:|1701207906\n|switch|p2a: Regidrago|Regidrago|42\/100 brn\n|turn|24\n|\n|t:|1701207914\n|move|p2a: Regidrago|Draco Meteor|p1a: Muk\n|-crit|p1a: Muk\n|-damage|p1a: Muk|0 fnt\n|-unboost|p2a: Regidrago|spa|2\n|faint|p1a: Muk\n|\n|-damage|p2a: Regidrago|36\/100 brn|[from] brn\n|upkeep\n|\n|t:|1701207919\n|switch|p1a: Weavile|Weavile, M|100\/100\n|-ability|p1a: Weavile|Pressure\n|turn|25\n|\n|t:|1701207925\n|switch|p2a: Salamence|Salamence, M|100\/100 slp\n|-ability|p2a: Salamence|Intimidate|boost\n|-unboost|p1a: Weavile|atk|1\n|move|p1a: Weavile|Icicle Crash|p2a: Salamence\n|-supereffective|p2a: Salamence\n|-damage|p2a: Salamence|0 fnt\n|faint|p2a: Salamence\n|\n|-end|p1a: Weavile|move: Future Sight\n|-immune|p1a: Weavile\n|upkeep\n|\n|t:|1701207929\n|switch|p2a: Polteageist|Polteageist-Antique, shiny|100\/100\n|turn|26\n|\n|t:|1701207933\n|move|p1a: Weavile|Knock Off|p2a: Polteageist\n|-supereffective|p2a: Polteageist\n|-damage|p2a: Polteageist|28\/100\n|-enditem|p2a: Polteageist|White Herb|[from] move: Knock Off|[of] p1a: Weavile\n|move|p2a: Polteageist|Shell Smash|p2a: Polteageist\n|-unboost|p2a: Polteageist|def|1\n|-unboost|p2a: Polteageist|spd|1\n|-boost|p2a: Polteageist|atk|2\n|-boost|p2a: Polteageist|spa|2\n|-boost|p2a: Polteageist|spe|2\n|\n|upkeep\n|turn|27\n|\n|t:|1701207939\n|move|p1a: Weavile|Ice Shard|p2a: Polteageist\n|-damage|p2a: Polteageist|10\/100\n|move|p2a: Polteageist|Strength Sap|p1a: Weavile\n|-unboost|p1a: Weavile|atk|1\n|-heal|p2a: Polteageist|83\/100\n|\n|upkeep\n|turn|28\n|\n|t:|1701207944\n|switch|p1a: Amoonguss|Amoonguss, F|93\/100\n|move|p2a: Polteageist|Tera Blast|p1a: Amoonguss\n|-damage|p1a: Amoonguss|50\/100\n|\n|upkeep\n|turn|29\n|\n|t:|1701207948\n|move|p2a: Polteageist|Shadow Ball|p1a: Amoonguss\n|-damage|p1a: Amoonguss|0 fnt\n|faint|p1a: Amoonguss\n|\n|upkeep\n|\n|t:|1701207953\n|switch|p1a: Weavile|Weavile, M|100\/100\n|-ability|p1a: Weavile|Pressure\n|turn|30\n|\n|t:|1701207958\n|-terastallize|p1a: Weavile|Dark\n|move|p2a: Polteageist|Strength Sap|p1a: Weavile\n|-unboost|p1a: Weavile|atk|1\n|-heal|p2a: Polteageist|100\/100\n|move|p1a: Weavile|Knock Off|p2a: Polteageist\n|-supereffective|p2a: Polteageist\n|-damage|p2a: Polteageist|12\/100\n|-start|p1a: Weavile|Disable|Knock Off|[from] ability: Cursed Body|[of] p2a: Polteageist\n|\n|upkeep\n|turn|31\n|\n|t:|1701207967\n|switch|p2a: Alomomola|Alomomola, M|54\/100 psn\n|move|p1a: Weavile|Ice Shard|p2a: Alomomola\n|-resisted|p2a: Alomomola\n|-damage|p2a: Alomomola|49\/100 psn\n|\n|-damage|p2a: Alomomola|36\/100 psn|[from] psn\n|upkeep\n|turn|32\n|\n|t:|1701207972\n|switch|p1a: Zapdos|Zapdos|100\/100\n|move|p2a: Alomomola|Wish|p2a: Alomomola\n|\n|-damage|p2a: Alomomola|24\/100 psn|[from] psn\n|upkeep\n|turn|33\n|\n|t:|1701207980\n|switch|p2a: Regidrago|Regidrago|36\/100 brn\n|move|p1a: Zapdos|Hurricane|p2a: Regidrago\n|-damage|p2a: Regidrago|0 fnt\n|faint|p2a: Regidrago\n|\n|upkeep\n|\n|t:|1701207986\n|switch|p2a: Alomomola|Alomomola, M|57\/100 psn\n|turn|34\n|\n|t:|1701207989\n|move|p1a: Zapdos|Volt Switch|p2a: Alomomola\n|-supereffective|p2a: Alomomola\n|-damage|p2a: Alomomola|14\/100 psn\n|\n|t:|1701207992\n|switch|p1a: Zamazenta|Zamazenta|100\/100|[from] Volt Switch\n|-ability|p1a: Zamazenta|Dauntless Shield|boost\n|-boost|p1a: Zamazenta|def|1\n|move|p2a: Alomomola|Mirror Coat|p1a: Zamazenta\n|-damage|p1a: Zamazenta|0 fnt\n|faint|p1a: Zamazenta\n|\n|-damage|p2a: Alomomola|2\/100 psn|[from] psn\n|upkeep\n|\n|t:|1701207999\n|switch|p1a: Zapdos|Zapdos|100\/100\n|turn|35\n|\n|t:|1701208013\n|switch|p2a: Polteageist|Polteageist-Antique, shiny|12\/100\n|move|p1a: Zapdos|Volt Switch|p2a: Polteageist\n|-damage|p2a: Polteageist|0 fnt\n|faint|p2a: Polteageist\n|\n|t:|1701208015\n|switch|p1a: Weavile|Weavile, M, tera:Dark|100\/100|[from] Volt Switch\n|-ability|p1a: Weavile|Pressure\n|\n|upkeep\n|\n|t:|1701208018\n|switch|p2a: Alomomola|Alomomola, M|35\/100 psn\n|turn|36\n|\n|t:|1701208023\n|move|p1a: Weavile|Knock Off|p2a: Alomomola\n|-damage|p2a: Alomomola|3\/100 psn\n|move|p2a: Alomomola|Bounce||[still]\n|-prepare|p2a: Alomomola|Bounce\n|\n|-damage|p2a: Alomomola|0 fnt|[from] psn\n|faint|p2a: Alomomola\n|upkeep\n|\n|t:|1701208027\n|switch|p2a: Corviknight|Corviknight, M, shiny, tera:Dragon|60\/100 par\n|turn|37\n|c|\u2606RedWave2024|damnit, I couldnt remember who I terra'd\n|\n|t:|1701208040\n|move|p1a: Weavile|Icicle Crash|p2a: Corviknight|[miss]\n|-miss|p1a: Weavile|p2a: Corviknight\n|cant|p2a: Corviknight|par\n|\n|upkeep\n|turn|38\n|\n|t:|1701208044\n|move|p1a: Weavile|Icicle Crash|p2a: Corviknight\n|-supereffective|p2a: Corviknight\n|-damage|p2a: Corviknight|0 fnt\n|faint|p2a: Corviknight\n|\n|win|eggdog00\n|raw|eggdog00's rating: 1377 &rarr; <strong>1397<\/strong><br \/>(+20 for winning)\n|raw|RedWave2024's rating: 1379 &rarr; <strong>1359<\/strong><br \/>(-20 for losing)\n|l|\u2606RedWave2024\n","uploadtime":1701208050,"views":3,"p1id":"eggdog00","p2id":"redwave2024","formatid":"gen9ou","rating":1359,"private":0,"password":""}