{"id":"gen9ou-1996921755","p1":"Kdkilian","p2":"Supraxd","format":"[Gen 9] OU","log":"|j|\u2606Kdkilian\n|j|\u2606Supraxd\n|t:|1700745147\n|gametype|singles\n|player|p1|Kdkilian|steven|1390\n|player|p2|Supraxd|steven|1422\n|teamsize|p1|6\n|teamsize|p2|6\n|gen|9\n|tier|[Gen 9] OU\n|rated|\n|rule|Sleep Clause Mod: Limit one foe put to sleep\n|rule|Species Clause: Limit one of each Pok\u00e9mon\n|rule|OHKO Clause: OHKO moves are banned\n|rule|Evasion Items Clause: Evasion items are banned\n|rule|Evasion Moves Clause: Evasion moves are banned\n|rule|Endless Battle Clause: Forcing endless battles is banned\n|rule|HP Percentage Mod: HP is shown in percentages\n|clearpoke\n|poke|p1|Glimmora, F|\n|poke|p1|Mamoswine, M|\n|poke|p1|Milotic, F|\n|poke|p1|Kingambit, M|\n|poke|p1|Kommo-o, F|\n|poke|p1|Dragapult, F|\n|poke|p2|Kingambit, F|\n|poke|p2|Azumarill, M|\n|poke|p2|Kommo-o, M|\n|poke|p2|Ogerpon-Cornerstone, F|\n|poke|p2|Iron Treads|\n|poke|p2|Iron Valiant|\n|teampreview\n|inactive|Battle timer is ON: inactive players will automatically lose when time's up. (requested by Kdkilian)\n|inactive|Supraxd has 120 seconds left.\n|inactive|Supraxd has 90 seconds left.\n|\n|t:|1700745256\n|start\n|switch|p1a: Mamoswine|Mamoswine, M|100\/100\n|switch|p2a: Ogerpon|Ogerpon-Cornerstone, F|100\/100\n|turn|1\n|inactive|Supraxd has 120 seconds left.\n|\n|t:|1700745301\n|move|p2a: Ogerpon|Trailblaze|p1a: Mamoswine\n|-supereffective|p1a: Mamoswine\n|-damage|p1a: Mamoswine|47\/100\n|-boost|p2a: Ogerpon|spe|1\n|move|p1a: Mamoswine|Earthquake|p2a: Ogerpon\n|-damage|p2a: Ogerpon|29\/100\n|\n|upkeep\n|turn|2\n|\n|t:|1700745317\n|move|p1a: Mamoswine|Ice Shard|p2a: Ogerpon\n|-supereffective|p2a: Ogerpon\n|-damage|p2a: Ogerpon|0 fnt\n|faint|p2a: Ogerpon\n|\n|upkeep\n|\n|t:|1700745325\n|switch|p2a: Iron Treads|Iron Treads|100\/100\n|-enditem|p2a: Iron Treads|Booster Energy\n|-activate|p2a: Iron Treads|ability: Quark Drive|[fromitem]\n|-start|p2a: Iron Treads|quarkdrivespe\n|turn|3\n|\n|t:|1700745332\n|move|p1a: Mamoswine|Ice Shard|p2a: Iron Treads\n|-damage|p2a: Iron Treads|80\/100\n|move|p2a: Iron Treads|Iron Head|p1a: Mamoswine\n|-supereffective|p1a: Mamoswine\n|-damage|p1a: Mamoswine|0 fnt\n|faint|p1a: Mamoswine\n|\n|upkeep\n|\n|t:|1700745342\n|switch|p1a: Kommo-o|Kommo-o, F|100\/100\n|turn|4\n|inactive|Supraxd has 120 seconds left.\n|\n|t:|1700745347\n|move|p2a: Iron Treads|Knock Off|p1a: Kommo-o\n|-resisted|p1a: Kommo-o\n|-damage|p1a: Kommo-o|85\/100\n|-enditem|p1a: Kommo-o|Sitrus Berry|[from] move: Knock Off|[of] p2a: Iron Treads\n|move|p1a: Kommo-o|Clangorous Soul|p1a: Kommo-o\n|-boost|p1a: Kommo-o|atk|1\n|-boost|p1a: Kommo-o|def|1\n|-boost|p1a: Kommo-o|spa|1\n|-boost|p1a: Kommo-o|spd|1\n|-boost|p1a: Kommo-o|spe|1\n|-damage|p1a: Kommo-o|52\/100\n|\n|upkeep\n|turn|5\n|inactive|Supraxd has 120 seconds left.\n|\n|t:|1700745361\n|move|p2a: Iron Treads|Earthquake|p1a: Kommo-o\n|-damage|p1a: Kommo-o|20\/100\n|move|p1a: Kommo-o|Aura Sphere|p2a: Iron Treads\n|-supereffective|p2a: Iron Treads\n|-damage|p2a: Iron Treads|0 fnt\n|faint|p2a: Iron Treads\n|-end|p2a: Iron Treads|Quark Drive|[silent]\n|\n|upkeep\n|inactive|Supraxd has 120 seconds left.\n|\n|t:|1700745367\n|switch|p2a: Iron Valiant|Iron Valiant|100\/100\n|-enditem|p2a: Iron Valiant|Booster Energy\n|-activate|p2a: Iron Valiant|ability: Quark Drive|[fromitem]\n|-start|p2a: Iron Valiant|quarkdrivespe\n|turn|6\n|inactive|Supraxd has 120 seconds left.\n|\n|t:|1700745377\n|move|p2a: Iron Valiant|Moonblast|p1a: Kommo-o\n|-supereffective|p1a: Kommo-o\n|-damage|p1a: Kommo-o|0 fnt\n|faint|p1a: Kommo-o\n|\n|upkeep\n|\n|t:|1700745394\n|switch|p1a: Milotic|Milotic, F|100\/100\n|turn|7\n|inactive|Supraxd has 120 seconds left.\n|\n|t:|1700745426\n|move|p2a: Iron Valiant|Thunderbolt|p1a: Milotic\n|-supereffective|p1a: Milotic\n|-damage|p1a: Milotic|61\/100\n|move|p1a: Milotic|Scald|p2a: Iron Valiant\n|-crit|p2a: Iron Valiant\n|-damage|p2a: Iron Valiant|0 fnt\n|faint|p2a: Iron Valiant\n|-end|p2a: Iron Valiant|Quark Drive|[silent]\n|\n|-heal|p1a: Milotic|67\/100|[from] item: Leftovers\n|upkeep\n|\n|t:|1700745438\n|switch|p2a: Kommo-o|Kommo-o, M|100\/100\n|turn|8\n|\n|t:|1700745442\n|move|p2a: Kommo-o|Substitute|p2a: Kommo-o\n|-start|p2a: Kommo-o|Substitute\n|-damage|p2a: Kommo-o|75\/100\n|move|p1a: Milotic|Ice Beam|p2a: Kommo-o\n|-supereffective|p2a: Kommo-o\n|-crit|p2a: Kommo-o\n|-end|p2a: Kommo-o|Substitute\n|\n|-heal|p1a: Milotic|73\/100|[from] item: Leftovers\n|upkeep\n|turn|9\n|\n|t:|1700745470\n|-terastallize|p2a: Kommo-o|Steel\n|move|p2a: Kommo-o|Belly Drum|p2a: Kommo-o\n|-damage|p2a: Kommo-o|25\/100\n|-setboost|p2a: Kommo-o|atk|6|[from] move: Belly Drum\n|-enditem|p2a: Kommo-o|Salac Berry|[eat]\n|-boost|p2a: Kommo-o|spe|1|[from] item: Salac Berry\n|move|p1a: Milotic|Ice Beam|p2a: Kommo-o\n|-resisted|p2a: Kommo-o\n|-damage|p2a: Kommo-o|9\/100\n|\n|-heal|p1a: Milotic|79\/100|[from] item: Leftovers\n|upkeep\n|turn|10\n|inactive|Kdkilian has 120 seconds left.\n|\n|t:|1700745507\n|switch|p1a: Glimmora|Glimmora, F|100\/100\n|-item|p1a: Glimmora|Air Balloon\n|move|p2a: Kommo-o|Drain Punch|p1a: Glimmora\n|-damage|p1a: Glimmora|0 fnt\n|-heal|p2a: Kommo-o|62\/100|[from] drain|[of] p1a: Glimmora\n|-activate|p1a: Glimmora|ability: Toxic Debris\n|-sidestart|p2: Supraxd|move: Toxic Spikes\n|-enditem|p1a: Glimmora|Air Balloon\n|faint|p1a: Glimmora\n|\n|upkeep\n|\n|t:|1700745526\n|switch|p1a: Dragapult|Dragapult, F|100\/100\n|turn|11\n|\n|t:|1700745538\n|-terastallize|p1a: Dragapult|Dragon\n|move|p2a: Kommo-o|Iron Head|p1a: Dragapult\n|-damage|p1a: Dragapult|0 fnt\n|faint|p1a: Dragapult\n|\n|upkeep\n|\n|t:|1700745545\n|switch|p1a: Kingambit|Kingambit, M|100\/100\n|-activate|p1a: Kingambit|ability: Supreme Overlord\n|-start|p1a: Kingambit|fallen4|[silent]\n|turn|12\n|inactive|Supraxd has 120 seconds left.\n|\n|t:|1700745567\n|move|p2a: Kommo-o|Substitute|p2a: Kommo-o\n|-start|p2a: Kommo-o|Substitute\n|-damage|p2a: Kommo-o|37\/100\n|move|p1a: Kingambit|Kowtow Cleave|p2a: Kommo-o\n|-end|p2a: Kommo-o|Substitute\n|\n|upkeep\n|turn|13\n|\n|t:|1700745575\n|move|p2a: Kommo-o|Drain Punch|p1a: Kingambit\n|-supereffective|p1a: Kingambit\n|-damage|p1a: Kingambit|0 fnt\n|-heal|p2a: Kommo-o|100\/100|[from] drain|[of] p1a: Kingambit\n|faint|p1a: Kingambit\n|-end|p1a: Kingambit|fallen4|[silent]\n|\n|upkeep\n|-message|Kdkilian forfeited.\n|\n|win|Supraxd\n|raw|Kdkilian's rating: 1390 &rarr; <strong>1372<\/strong><br \/>(-18 for losing)\n|raw|Supraxd's rating: 1422 &rarr; <strong>1440<\/strong><br \/>(+18 for winning)\n|l|\u2606Kdkilian\n","uploadtime":1700745637,"views":1,"p1id":"kdkilian","p2id":"supraxd","formatid":"gen9ou","rating":1372,"private":0,"password":""}