{"id":"gen9ou-1988253550","p1":"Bagooska irl","p2":"CharlieRashi","format":"[Gen 9] OU","log":"|j|\u2606Bagooska irl\n|j|\u2606CharlieRashi\n|t:|1699695168\n|gametype|singles\n|player|p1|Bagooska irl|waitress|1338\n|player|p2|CharlieRashi|red|1402\n|teamsize|p1|6\n|teamsize|p2|6\n|gen|9\n|tier|[Gen 9] OU\n|rated|\n|rule|Sleep Clause Mod: Limit one foe put to sleep\n|rule|Species Clause: Limit one of each Pok\u00e9mon\n|rule|OHKO Clause: OHKO moves are banned\n|rule|Evasion Items Clause: Evasion items are banned\n|rule|Evasion Moves Clause: Evasion moves are banned\n|rule|Endless Battle Clause: Forcing endless battles is banned\n|rule|HP Percentage Mod: HP is shown in percentages\n|clearpoke\n|poke|p1|Grimmsnarl, M|\n|poke|p1|Slowking-Galar, M|\n|poke|p1|Ogerpon-Wellspring, F|\n|poke|p1|Kingambit, F|\n|poke|p1|Tauros-Paldea-Blaze, M|\n|poke|p1|Dragapult, M|\n|poke|p2|Torterra, F|\n|poke|p2|Weavile, M|\n|poke|p2|Gliscor, M|\n|poke|p2|Glimmora, F|\n|poke|p2|Ninetales-Alola, F|\n|poke|p2|Chandelure, M|\n|teampreview\n|inactive|Battle timer is ON: inactive players will automatically lose when time's up. (requested by CharlieRashi)\n|\n|t:|1699695187\n|start\n|switch|p1a: Grimmsnarl|Grimmsnarl, M|100\/100\n|switch|p2a: Glimmora|Glimmora, F|100\/100\n|turn|1\n|\n|t:|1699695192\n|move|p1a: Grimmsnarl|Taunt|p2a: Glimmora\n|-start|p2a: Glimmora|move: Taunt\n|cant|p2a: Glimmora|move: Taunt|Stealth Rock\n|\n|upkeep\n|turn|2\n|\n|t:|1699695196\n|move|p1a: Grimmsnarl|Parting Shot|p2a: Glimmora\n|-unboost|p2a: Glimmora|atk|1\n|-unboost|p2a: Glimmora|spa|1\n|\n|t:|1699695199\n|switch|p1a: Glowking|Slowking-Galar, M|100\/100|[from] Parting Shot\n|move|p2a: Glimmora|Mortal Spin|p1a: Glowking\n|-resisted|p1a: Glowking\n|-damage|p1a: Glowking|99\/100\n|\n|-heal|p1a: Glowking|100\/100|[from] item: Black Sludge\n|upkeep\n|turn|3\n|\n|t:|1699695207\n|switch|p2a: Weavile|Weavile, M|100\/100\n|-ability|p2a: Weavile|Pressure\n|move|p1a: Glowking|Future Sight|p2a: Weavile\n|-start|p1a: Glowking|move: Future Sight\n|\n|upkeep\n|turn|4\n|\n|t:|1699695212\n|switch|p1a: Tauros|Tauros-Paldea-Blaze, M|100\/100\n|-ability|p1a: Tauros|Intimidate|boost\n|-unboost|p2a: Weavile|atk|1\n|move|p2a: Weavile|Swords Dance|p2a: Weavile\n|-boost|p2a: Weavile|atk|2\n|\n|upkeep\n|turn|5\n|\n|t:|1699695228\n|switch|p2a: Chandelure|Chandelure, M|100\/100\n|move|p1a: Tauros|Raging Bull|p2a: Chandelure\n|-start|p2a: Chandelure|ability: Flash Fire\n|\n|-end|p2a: Chandelure|move: Future Sight\n|-damage|p2a: Chandelure|33\/100\n|upkeep\n|turn|6\n|\n|t:|1699695250\n|switch|p1a: Grimmsnarl|Grimmsnarl, M|100\/100\n|move|p2a: Chandelure|Flamethrower|p1a: Grimmsnarl\n|-damage|p1a: Grimmsnarl|32\/100\n|\n|upkeep\n|turn|7\n|\n|t:|1699695260\n|move|p1a: Grimmsnarl|Parting Shot|p2a: Chandelure\n|-unboost|p2a: Chandelure|atk|1\n|-unboost|p2a: Chandelure|spa|1\n|\n|t:|1699695262\n|switch|p1a: Dragapult|Dragapult, M|100\/100|[from] Parting Shot\n|move|p2a: Chandelure|Flamethrower|p1a: Dragapult\n|-resisted|p1a: Dragapult\n|-damage|p1a: Dragapult|65\/100\n|\n|upkeep\n|turn|8\n|\n|t:|1699695271\n|-end|p2a: Chandelure|ability: Flash Fire|[silent]\n|switch|p2a: Weavile|Weavile, M|100\/100\n|-ability|p2a: Weavile|Pressure\n|move|p1a: Dragapult|Shadow Ball|p2a: Weavile\n|-resisted|p2a: Weavile\n|-damage|p2a: Weavile|65\/100\n|\n|upkeep\n|turn|9\n|\n|t:|1699695280\n|switch|p1a: Tauros|Tauros-Paldea-Blaze, M|100\/100\n|-ability|p1a: Tauros|Intimidate|boost\n|-unboost|p2a: Weavile|atk|1\n|move|p2a: Weavile|Knock Off|p1a: Tauros\n|-resisted|p1a: Tauros\n|-damage|p1a: Tauros|78\/100\n|-enditem|p1a: Tauros|Choice Band|[from] move: Knock Off|[of] p2a: Weavile\n|-damage|p2a: Weavile|55\/100|[from] item: Life Orb\n|\n|upkeep\n|turn|10\n|\n|t:|1699695290\n|switch|p2a: Glimmora|Glimmora, F|100\/100\n|switch|p1a: Glowking|Slowking-Galar, M|100\/100\n|\n|upkeep\n|turn|11\n|inactive|Bagooska irl has 120 seconds left.\n|\n|t:|1699695320\n|move|p2a: Glimmora|Stealth Rock|p1a: Glowking\n|-sidestart|p1: Bagooska irl|move: Stealth Rock\n|move|p1a: Glowking|Future Sight|p2a: Glimmora\n|-start|p1a: Glowking|move: Future Sight\n|\n|upkeep\n|turn|12\n|\n|t:|1699695324\n|move|p2a: Glimmora|Earth Power|p1a: Glowking\n|-supereffective|p1a: Glowking\n|-damage|p1a: Glowking|53\/100\n|move|p1a: Glowking|Chilly Reception|p1a: Glowking\n|-weather|Snow\n|\n|t:|1699695327\n|switch|p1a: Dragapult|Dragapult, M|65\/100|[from] Chilly Reception\n|-damage|p1a: Dragapult|53\/100|[from] Stealth Rock\n|\n|-weather|Snow|[upkeep]\n|upkeep\n|turn|13\n|\n|t:|1699695342\n|-terastallize|p2a: Glimmora|Flying\n|move|p1a: Dragapult|U-turn|p2a: Glimmora\n|-resisted|p2a: Glimmora\n|-damage|p2a: Glimmora|93\/100\n|-activate|p2a: Glimmora|ability: Toxic Debris\n|-sidestart|p1: Bagooska irl|move: Toxic Spikes\n|\n|t:|1699695349\n|switch|p1a: Glowking|Slowking-Galar, M|87\/100|[from] U-turn\n|-damage|p1a: Glowking|74\/100|[from] Stealth Rock\n|-sideend|p1: Bagooska irl|move: Toxic Spikes|[of] p1a: Glowking\n|move|p2a: Glimmora|Earth Power|p1a: Glowking\n|-supereffective|p1a: Glowking\n|-damage|p1a: Glowking|29\/100\n|\n|-weather|Snow|[upkeep]\n|-end|p2a: Glimmora|move: Future Sight\n|-damage|p2a: Glimmora|34\/100\n|-heal|p2a: Glimmora|40\/100|[from] item: Leftovers\n|-heal|p1a: Glowking|35\/100|[from] item: Black Sludge\n|upkeep\n|turn|14\n|\n|t:|1699695363\n|switch|p1a: Grimmsnarl|Grimmsnarl, M|32\/100\n|-damage|p1a: Grimmsnarl|20\/100|[from] Stealth Rock\n|move|p2a: Glimmora|Sludge Bomb|p1a: Grimmsnarl\n|-supereffective|p1a: Grimmsnarl\n|-damage|p1a: Grimmsnarl|0 fnt\n|faint|p1a: Grimmsnarl\n|\n|-weather|Snow|[upkeep]\n|-heal|p2a: Glimmora|47\/100|[from] item: Leftovers\n|upkeep\n|\n|t:|1699695369\n|switch|p1a: Dragapult|Dragapult, M|53\/100\n|-damage|p1a: Dragapult|40\/100|[from] Stealth Rock\n|turn|15\n|\n|t:|1699695375\n|move|p1a: Dragapult|Shadow Ball|p2a: Glimmora\n|-damage|p2a: Glimmora|0 fnt\n|faint|p2a: Glimmora\n|\n|-weather|Snow|[upkeep]\n|upkeep\n|\n|t:|1699695384\n|switch|p2a: Ninetales|Ninetales-Alola, F|100\/100\n|turn|16\n|\n|t:|1699695387\n|switch|p1a: Tauros|Tauros-Paldea-Blaze, M|78\/100\n|-damage|p1a: Tauros|65\/100|[from] Stealth Rock\n|-ability|p1a: Tauros|Intimidate|boost\n|-unboost|p2a: Ninetales|atk|1\n|move|p2a: Ninetales|Aurora Veil|p2a: Ninetales\n|-sidestart|p2: CharlieRashi|move: Aurora Veil\n|\n|-weather|none\n|upkeep\n|turn|17\n|\n|t:|1699695394\n|switch|p2a: Gliscor|Gliscor, M|100\/100\n|move|p1a: Tauros|Earthquake|p2a: Gliscor\n|-immune|p2a: Gliscor\n|\n|-status|p2a: Gliscor|tox|[from] item: Toxic Orb\n|upkeep\n|turn|18\n|\n|t:|1699695401\n|switch|p1a: Glowking|Slowking-Galar, M|68\/100\n|-damage|p1a: Glowking|56\/100|[from] Stealth Rock\n|move|p2a: Gliscor|Swords Dance|p2a: Gliscor\n|-boost|p2a: Gliscor|atk|2\n|\n|-heal|p1a: Glowking|62\/100|[from] item: Black Sludge\n|upkeep\n|turn|19\n|\n|t:|1699695413\n|switch|p1a: Tauros|Tauros-Paldea-Blaze, M|65\/100\n|-damage|p1a: Tauros|53\/100|[from] Stealth Rock\n|-ability|p1a: Tauros|Intimidate|boost\n|-unboost|p2a: Gliscor|atk|1\n|move|p2a: Gliscor|Swords Dance|p2a: Gliscor\n|-boost|p2a: Gliscor|atk|2\n|\n|upkeep\n|turn|20\n|\n|t:|1699695420\n|move|p1a: Tauros|Raging Bull|p2a: Gliscor\n|-sideend|p2: CharlieRashi|move: Aurora Veil\n|-damage|p2a: Gliscor|64\/100 tox\n|move|p2a: Gliscor|Earthquake|p1a: Tauros\n|-supereffective|p1a: Tauros\n|-damage|p1a: Tauros|0 fnt\n|faint|p1a: Tauros\n|\n|-heal|p2a: Gliscor|77\/100 tox|[from] ability: Poison Heal\n|upkeep\n|\n|t:|1699695426\n|switch|p1a: Dragapult|Dragapult, M|40\/100\n|-damage|p1a: Dragapult|28\/100|[from] Stealth Rock\n|turn|21\n|\n|t:|1699695433\n|-terastallize|p1a: Dragapult|Dragon\n|move|p1a: Dragapult|Draco Meteor|p2a: Gliscor\n|-damage|p2a: Gliscor|0 fnt\n|-unboost|p1a: Dragapult|spa|2\n|faint|p2a: Gliscor\n|\n|upkeep\n|\n|t:|1699695445\n|switch|p2a: Torterra|Torterra, F|100\/100\n|turn|22\n|\n|t:|1699695452\n|move|p1a: Dragapult|Draco Meteor|p2a: Torterra\n|-damage|p2a: Torterra|28\/100\n|-unboost|p1a: Dragapult|spa|2\n|move|p2a: Torterra|Shell Smash|p2a: Torterra\n|-unboost|p2a: Torterra|def|1\n|-unboost|p2a: Torterra|spd|1\n|-boost|p2a: Torterra|atk|2\n|-boost|p2a: Torterra|spa|2\n|-boost|p2a: Torterra|spe|2\n|\n|upkeep\n|turn|23\n|\n|t:|1699695468\n|switch|p1a: Ogerpon|Ogerpon-Wellspring, F|100\/100\n|-damage|p1a: Ogerpon|88\/100|[from] Stealth Rock\n|move|p2a: Torterra|Bullet Seed|p1a: Ogerpon\n|-damage|p1a: Ogerpon|57\/100\n|-damage|p1a: Ogerpon|29\/100\n|-damage|p1a: Ogerpon|0 fnt\n|faint|p1a: Ogerpon\n|-hitcount|p1: Ogerpon|3\n|\n|upkeep\n|\n|t:|1699695471\n|switch|p1a: Kingambit|Kingambit, F|100\/100\n|-damage|p1a: Kingambit|94\/100|[from] Stealth Rock\n|-activate|p1a: Kingambit|ability: Supreme Overlord\n|-start|p1a: Kingambit|fallen3|[silent]\n|turn|24\n|\n|t:|1699695481\n|switch|p2a: Ninetales|Ninetales-Alola, F|100\/100\n|-weather|Snow|[from] ability: Snow Warning|[of] p2a: Ninetales\n|move|p1a: Kingambit|Sucker Punch||[still]\n|-fail|p1a: Kingambit\n|\n|-weather|Snow|[upkeep]\n|upkeep\n|turn|25\n|\n|t:|1699695491\n|-end|p1a: Kingambit|fallen3|[silent]\n|switch|p1a: Glowking|Slowking-Galar, M|95\/100\n|-damage|p1a: Glowking|83\/100|[from] Stealth Rock\n|move|p2a: Ninetales|Encore||[still]\n|-fail|p2a: Ninetales\n|\n|-weather|Snow|[upkeep]\n|-heal|p1a: Glowking|89\/100|[from] item: Black Sludge\n|upkeep\n|turn|26\n|\n|t:|1699695516\n|move|p2a: Ninetales|Aurora Veil|p2a: Ninetales\n|-sidestart|p2: CharlieRashi|move: Aurora Veil\n|move|p1a: Glowking|Future Sight|p2a: Ninetales\n|-start|p1a: Glowking|move: Future Sight\n|\n|-weather|Snow|[upkeep]\n|-heal|p1a: Glowking|95\/100|[from] item: Black Sludge\n|upkeep\n|turn|27\n|\n|t:|1699695524\n|switch|p2a: Weavile|Weavile, M|55\/100\n|-ability|p2a: Weavile|Pressure\n|move|p1a: Glowking|Trick|p2a: Weavile\n|-activate|p1a: Glowking|move: Trick|[of] p2a: Weavile\n|-item|p2a: Weavile|Black Sludge|[from] move: Trick\n|-item|p1a: Glowking|Life Orb|[from] move: Trick\n|\n|-weather|Snow|[upkeep]\n|-damage|p2a: Weavile|43\/100|[from] item: Black Sludge\n|upkeep\n|turn|28\n|\n|t:|1699695536\n|switch|p1a: Kingambit|Kingambit, F|94\/100\n|-damage|p1a: Kingambit|88\/100|[from] Stealth Rock\n|-activate|p1a: Kingambit|ability: Supreme Overlord\n|-start|p1a: Kingambit|fallen3|[silent]\n|move|p2a: Weavile|Knock Off|p1a: Kingambit\n|-resisted|p1a: Kingambit\n|-damage|p1a: Kingambit|66\/100\n|-enditem|p1a: Kingambit|Lum Berry|[from] move: Knock Off|[of] p2a: Weavile\n|\n|-weather|none\n|-end|p2a: Weavile|move: Future Sight\n|-immune|p2a: Weavile\n|-damage|p2a: Weavile|30\/100|[from] item: Black Sludge\n|upkeep\n|turn|29\n|\n|t:|1699695552\n|switch|p2a: Ninetales|Ninetales-Alola, F|100\/100\n|-weather|Snow|[from] ability: Snow Warning|[of] p2a: Ninetales\n|move|p1a: Kingambit|Sucker Punch||[still]\n|-fail|p1a: Kingambit\n|\n|-weather|Snow|[upkeep]\n|upkeep\n|turn|30\n|\n|t:|1699695559\n|-end|p1a: Kingambit|fallen3|[silent]\n|switch|p1a: Glowking|Slowking-Galar, M|100\/100\n|-damage|p1a: Glowking|88\/100|[from] Stealth Rock\n|move|p2a: Ninetales|Encore||[still]\n|-fail|p2a: Ninetales\n|\n|-weather|Snow|[upkeep]\n|upkeep\n|turn|31\n|\n|t:|1699695567\n|move|p2a: Ninetales|Freeze-Dry|p1a: Glowking\n|-damage|p1a: Glowking|71\/100\n|move|p1a: Glowking|Future Sight|p2a: Ninetales\n|-start|p1a: Glowking|move: Future Sight\n|\n|-weather|Snow|[upkeep]\n|upkeep\n|turn|32\n|\n|t:|1699695572\n|switch|p2a: Weavile|Weavile, M|30\/100\n|-ability|p2a: Weavile|Pressure\n|move|p1a: Glowking|Chilly Reception|p1a: Glowking\n|\n|t:|1699695590\n|switch|p1a: Kingambit|Kingambit, F|66\/100|[from] Chilly Reception\n|-damage|p1a: Kingambit|60\/100|[from] Stealth Rock\n|-activate|p1a: Kingambit|ability: Supreme Overlord\n|-start|p1a: Kingambit|fallen3|[silent]\n|\n|-weather|Snow|[upkeep]\n|-damage|p2a: Weavile|18\/100|[from] item: Black Sludge\n|upkeep\n|turn|33\n|\n|t:|1699695599\n|move|p2a: Weavile|Icicle Crash|p1a: Kingambit\n|-resisted|p1a: Kingambit\n|-damage|p1a: Kingambit|41\/100\n|move|p1a: Kingambit|Iron Head|p2a: Weavile\n|-supereffective|p2a: Weavile\n|-damage|p2a: Weavile|0 fnt\n|faint|p2a: Weavile\n|\n|-weather|none\n|-hint|Future Sight did not hit because the target is fainted.\n|-sideend|p2: CharlieRashi|move: Aurora Veil\n|upkeep\n|\n|t:|1699695607\n|switch|p2a: Ninetales|Ninetales-Alola, F|100\/100\n|-weather|Snow|[from] ability: Snow Warning|[of] p2a: Ninetales\n|turn|34\n|\n|t:|1699695612\n|move|p2a: Ninetales|Encore|p1a: Kingambit\n|-start|p1a: Kingambit|Encore\n|move|p1a: Kingambit|Iron Head|p2a: Ninetales\n|-supereffective|p2a: Ninetales\n|-damage|p2a: Ninetales|0 fnt\n|faint|p2a: Ninetales\n|\n|-weather|Snow|[upkeep]\n|upkeep\n|\n|t:|1699695618\n|switch|p2a: Chandelure|Chandelure, M|33\/100\n|turn|35\n|\n|t:|1699695623\n|-end|p1a: Kingambit|fallen3|[silent]\n|switch|p1a: Glowking|Slowking-Galar, M|100\/100\n|-damage|p1a: Glowking|88\/100|[from] Stealth Rock\n|move|p2a: Chandelure|Shadow Ball|p1a: Glowking\n|-supereffective|p1a: Glowking\n|-damage|p1a: Glowking|16\/100\n|\n|-weather|Snow|[upkeep]\n|upkeep\n|turn|36\n|\n|t:|1699695631\n|move|p2a: Chandelure|Shadow Ball|p1a: Glowking\n|-supereffective|p1a: Glowking\n|-damage|p1a: Glowking|0 fnt\n|faint|p1a: Glowking\n|\n|-weather|Snow|[upkeep]\n|upkeep\n|\n|t:|1699695636\n|switch|p1a: Kingambit|Kingambit, F|41\/100\n|-damage|p1a: Kingambit|35\/100|[from] Stealth Rock\n|-activate|p1a: Kingambit|ability: Supreme Overlord\n|-start|p1a: Kingambit|fallen4|[silent]\n|turn|37\n|\n|t:|1699695641\n|switch|p2a: Torterra|Torterra, F|28\/100\n|move|p1a: Kingambit|Sucker Punch||[still]\n|-fail|p1a: Kingambit\n|\n|-weather|Snow|[upkeep]\n|upkeep\n|turn|38\n|\n|t:|1699695646\n|move|p2a: Torterra|Shell Smash|p2a: Torterra\n|-unboost|p2a: Torterra|def|1\n|-unboost|p2a: Torterra|spd|1\n|-boost|p2a: Torterra|atk|2\n|-boost|p2a: Torterra|spa|2\n|-boost|p2a: Torterra|spe|2\n|move|p1a: Kingambit|Iron Head|p2a: Torterra\n|-damage|p2a: Torterra|0 fnt\n|faint|p2a: Torterra\n|\n|-weather|none\n|upkeep\n|-message|CharlieRashi forfeited.\n|\n|win|Bagooska irl\n|raw|Bagooska irl's rating: 1338 &rarr; <strong>1362<\/strong><br \/>(+24 for winning)\n|raw|CharlieRashi's rating: 1402 &rarr; <strong>1378<\/strong><br \/>(-24 for losing)\n|l|\u2606CharlieRashi\n","uploadtime":1699695663,"views":29,"p1id":"bagooskairl","p2id":"charlierashi","formatid":"gen9ou","rating":1362,"private":0,"password":""}