{"id":"gen9ou-1998055962","p1":"Jiriqtong","p2":"ninthfloor","format":"[Gen 9] OU","log":"|j|\u2606Jiriqtong\n|j|\u2606ninthfloor\n|t:|1700884602\n|gametype|singles\n|player|p1|Jiriqtong|pryce|1525\n|player|p2|ninthfloor|jasmine-masters2|1449\n|teamsize|p1|6\n|teamsize|p2|6\n|gen|9\n|tier|[Gen 9] OU\n|rated|\n|rule|Sleep Clause Mod: Limit one foe put to sleep\n|rule|Species Clause: Limit one of each Pok\u00e9mon\n|rule|OHKO Clause: OHKO moves are banned\n|rule|Evasion Items Clause: Evasion items are banned\n|rule|Evasion Moves Clause: Evasion moves are banned\n|rule|Endless Battle Clause: Forcing endless battles is banned\n|rule|HP Percentage Mod: HP is shown in percentages\n|clearpoke\n|poke|p1|Amoonguss, F|\n|poke|p1|Dondozo, F|\n|poke|p1|Blissey, F|\n|poke|p1|Clefable, F|\n|poke|p1|Cyclizar, M|\n|poke|p1|Ting-Lu|\n|poke|p2|Ogerpon-Wellspring, F|\n|poke|p2|Kingambit, F|\n|poke|p2|Gholdengo|\n|poke|p2|Ribombee, M|\n|poke|p2|Iron Valiant|\n|poke|p2|Kommo-o, F|\n|teampreview\n|inactive|Battle timer is ON: inactive players will automatically lose when time's up. (requested by Jiriqtong)\n|\n|t:|1700884616\n|start\n|switch|p1a: Blissey|Blissey, F|100\/100\n|switch|p2a: Ribombee|Ribombee, M|100\/100\n|turn|1\n|\n|t:|1700884622\n|move|p2a: Ribombee|Skill Swap|p1a: Blissey\n|-activate|p2a: Ribombee|move: Skill Swap|Natural Cure|Shield Dust|[of] p1a: Blissey\n|move|p1a: Blissey|Stealth Rock|p2a: Ribombee\n|-sidestart|p2: ninthfloor|move: Stealth Rock\n|\n|upkeep\n|turn|2\n|\n|t:|1700884632\n|move|p2a: Ribombee|Sticky Web|p1a: Blissey\n|-sidestart|p1: Jiriqtong|move: Sticky Web\n|move|p1a: Blissey|Calm Mind|p1a: Blissey\n|-boost|p1a: Blissey|spa|1\n|-boost|p1a: Blissey|spd|1\n|\n|upkeep\n|turn|3\n|\n|t:|1700884635\n|switch|p2a: Kommo-o|Kommo-o, F|100\/100\n|-damage|p2a: Kommo-o|94\/100|[from] Stealth Rock\n|move|p1a: Blissey|Shadow Ball|p2a: Kommo-o\n|-immune|p2a: Kommo-o|[from] ability: Bulletproof\n|\n|upkeep\n|turn|4\n|\n|t:|1700884645\n|switch|p1a: Amoonguss|Amoonguss, F|100\/100\n|-activate|p1a: Amoonguss|move: Sticky Web\n|-unboost|p1a: Amoonguss|spe|1\n|move|p2a: Kommo-o|Clangorous Soul|p2a: Kommo-o\n|-boost|p2a: Kommo-o|atk|1\n|-boost|p2a: Kommo-o|def|1\n|-boost|p2a: Kommo-o|spa|1\n|-boost|p2a: Kommo-o|spd|1\n|-boost|p2a: Kommo-o|spe|1\n|-damage|p2a: Kommo-o|61\/100\n|-enditem|p2a: Kommo-o|Throat Spray\n|-boost|p2a: Kommo-o|spa|1|[from] item: Throat Spray\n|\n|upkeep\n|turn|5\n|\n|t:|1700884653\n|move|p2a: Kommo-o|Boomburst|p1a: Amoonguss\n|-damage|p1a: Amoonguss|25\/100\n|move|p1a: Amoonguss|Clear Smog|p2a: Kommo-o\n|-damage|p2a: Kommo-o|49\/100\n|-clearboost|p2a: Kommo-o\n|\n|upkeep\n|turn|6\n|\n|t:|1700884663\n|switch|p1a: Ting-Lu|Ting-Lu|100\/100\n|-activate|p1a: Ting-Lu|move: Sticky Web\n|-unboost|p1a: Ting-Lu|spe|1\n|-ability|p1a: Ting-Lu|Vessel of Ruin\n|move|p2a: Kommo-o|Boomburst|p1a: Ting-Lu\n|-damage|p1a: Ting-Lu|82\/100\n|\n|-heal|p1a: Ting-Lu|89\/100|[from] item: Leftovers\n|upkeep\n|turn|7\n|\n|t:|1700884672\n|move|p2a: Kommo-o|Drain Punch|p1a: Ting-Lu\n|-supereffective|p1a: Ting-Lu\n|-damage|p1a: Ting-Lu|57\/100\n|-heal|p2a: Kommo-o|77\/100|[from] drain|[of] p1a: Ting-Lu\n|move|p1a: Ting-Lu|Spikes|p2a: Kommo-o\n|-sidestart|p2: ninthfloor|Spikes\n|\n|-heal|p1a: Ting-Lu|63\/100|[from] item: Leftovers\n|upkeep\n|turn|8\n|\n|t:|1700884699\n|switch|p1a: Amoonguss|Amoonguss, F|59\/100\n|-activate|p1a: Amoonguss|move: Sticky Web\n|-unboost|p1a: Amoonguss|spe|1\n|move|p2a: Kommo-o|Drain Punch|p1a: Amoonguss\n|-resisted|p1a: Amoonguss\n|-crit|p1a: Amoonguss\n|-damage|p1a: Amoonguss|42\/100\n|-heal|p2a: Kommo-o|89\/100|[from] drain|[of] p1a: Amoonguss\n|-damage|p2a: Kommo-o|72\/100|[from] item: Rocky Helmet|[of] p1a: Amoonguss\n|\n|upkeep\n|turn|9\n|\n|t:|1700884706\n|switch|p1a: Clefable|Clefable, F|100\/100\n|-activate|p1a: Clefable|move: Sticky Web\n|-unboost|p1a: Clefable|spe|1\n|move|p2a: Kommo-o|Clanging Scales|p1a: Clefable\n|-immune|p1a: Clefable\n|\n|upkeep\n|turn|10\n|\n|t:|1700884715\n|switch|p2a: Ribombee|Ribombee, M|100\/100\n|-damage|p2a: Ribombee|76\/100|[from] Stealth Rock\n|-damage|p2a: Ribombee|63\/100|[from] Spikes\n|move|p1a: Clefable|Wish|p1a: Clefable\n|\n|upkeep\n|turn|11\n|\n|t:|1700884720\n|switch|p1a: Ting-Lu|Ting-Lu|63\/100\n|-activate|p1a: Ting-Lu|move: Sticky Web\n|-unboost|p1a: Ting-Lu|spe|1\n|-ability|p1a: Ting-Lu|Vessel of Ruin\n|move|p2a: Ribombee|Skill Swap|p1a: Ting-Lu\n|-activate|p2a: Ribombee|move: Skill Swap|Vessel of Ruin|Shield Dust|[of] p1a: Ting-Lu\n|-ability|p2a: Ribombee|Vessel of Ruin\n|\n|-heal|p1a: Ting-Lu|100\/100|[from] move: Wish|[wisher] Clefable\n|upkeep\n|turn|12\n|\n|t:|1700884726\n|move|p2a: Ribombee|Moonblast|p1a: Ting-Lu\n|-supereffective|p1a: Ting-Lu\n|-crit|p1a: Ting-Lu\n|-damage|p1a: Ting-Lu|38\/100\n|move|p1a: Ting-Lu|Spikes|p2a: Ribombee\n|-sidestart|p2: ninthfloor|Spikes\n|\n|-heal|p1a: Ting-Lu|45\/100|[from] item: Leftovers\n|upkeep\n|turn|13\n|\n|t:|1700884735\n|move|p2a: Ribombee|Moonblast|p1a: Ting-Lu\n|-supereffective|p1a: Ting-Lu\n|-crit|p1a: Ting-Lu\n|-damage|p1a: Ting-Lu|0 fnt\n|faint|p1a: Ting-Lu\n|\n|upkeep\n|c|\u2606Jiriqtong|2 crits in a row\n|c|\u2606Jiriqtong|Really?\n|inactive|Jiriqtong has 120 seconds left.\n|\n|t:|1700884780\n|switch|p1a: Amoonguss|Amoonguss, F|76\/100\n|-activate|p1a: Amoonguss|move: Sticky Web\n|-unboost|p1a: Amoonguss|spe|1\n|turn|14\n|\n|t:|1700884788\n|switch|p1a: Blissey|Blissey, F|100\/100\n|move|p2a: Ribombee|Psychic|p1a: Blissey\n|-damage|p1a: Blissey|93\/100\n|\n|upkeep\n|turn|15\n|inactive|Jiriqtong has 120 seconds left.\n|\n|t:|1700884806\n|switch|p2a: Kommo-o|Kommo-o, F|72\/100\n|-damage|p2a: Kommo-o|66\/100|[from] Stealth Rock\n|-damage|p2a: Kommo-o|50\/100|[from] Spikes\n|move|p1a: Blissey|Shadow Ball|p2a: Kommo-o\n|-immune|p2a: Kommo-o|[from] ability: Bulletproof\n|\n|upkeep\n|turn|16\n|\n|t:|1700884817\n|switch|p1a: Clefable|Clefable, F|100\/100\n|-activate|p1a: Clefable|move: Sticky Web\n|-unboost|p1a: Clefable|spe|1\n|move|p2a: Kommo-o|Drain Punch|p1a: Clefable\n|-resisted|p1a: Clefable\n|-damage|p1a: Clefable|90\/100\n|-heal|p2a: Kommo-o|57\/100|[from] drain|[of] p1a: Clefable\n|\n|-heal|p1a: Clefable|96\/100|[from] item: Leftovers\n|upkeep\n|turn|17\n|\n|t:|1700884823\n|-terastallize|p2a: Kommo-o|Normal\n|move|p2a: Kommo-o|Boomburst|p1a: Clefable\n|-damage|p1a: Clefable|40\/100\n|move|p1a: Clefable|Moonblast|p2a: Kommo-o\n|-damage|p2a: Kommo-o|17\/100\n|\n|-heal|p1a: Clefable|46\/100|[from] item: Leftovers\n|upkeep\n|turn|18\n|\n|t:|1700884832\n|move|p1a: Clefable|Protect|p1a: Clefable\n|-singleturn|p1a: Clefable|Protect\n|move|p2a: Kommo-o|Boomburst|p1a: Clefable\n|-activate|p1a: Clefable|move: Protect\n|\n|-heal|p1a: Clefable|52\/100|[from] item: Leftovers\n|upkeep\n|turn|19\n|\n|t:|1700884842\n|switch|p1a: Amoonguss|Amoonguss, F|100\/100\n|-activate|p1a: Amoonguss|move: Sticky Web\n|-unboost|p1a: Amoonguss|spe|1\n|move|p2a: Kommo-o|Boomburst|p1a: Amoonguss\n|-damage|p1a: Amoonguss|47\/100\n|\n|upkeep\n|turn|20\n|\n|t:|1700884859\n|switch|p1a: Cyclizar|Cyclizar, M|100\/100\n|move|p2a: Kommo-o|Boomburst|p1a: Cyclizar\n|-damage|p1a: Cyclizar|33\/100\n|\n|upkeep\n|turn|21\n|\n|t:|1700884866\n|move|p1a: Cyclizar|U-turn|p2a: Kommo-o\n|-damage|p2a: Kommo-o|5\/100\n|\n|t:|1700884869\n|switch|p1a: Amoonguss|Amoonguss, F|81\/100|[from] U-turn\n|-activate|p1a: Amoonguss|move: Sticky Web\n|-unboost|p1a: Amoonguss|spe|1\n|move|p2a: Kommo-o|Drain Punch|p1a: Amoonguss\n|-resisted|p1a: Amoonguss\n|-damage|p1a: Amoonguss|70\/100\n|-heal|p2a: Kommo-o|13\/100|[from] drain|[of] p1a: Amoonguss\n|-damage|p2a: Kommo-o|0 fnt|[from] item: Rocky Helmet|[of] p1a: Amoonguss\n|faint|p2a: Kommo-o\n|\n|upkeep\n|\n|t:|1700884896\n|switch|p2a: Gholdengo|Gholdengo|100\/100\n|-damage|p2a: Gholdengo|94\/100|[from] Stealth Rock\n|-item|p2a: Gholdengo|Air Balloon\n|turn|22\n|inactive|ninthfloor has 120 seconds left.\n|inactive|ninthfloor has 90 seconds left.\n|\n|t:|1700884960\n|switch|p1a: Blissey|Blissey, F|93\/100\n|move|p2a: Gholdengo|Nasty Plot|p2a: Gholdengo\n|-boost|p2a: Gholdengo|spa|2\n|\n|upkeep\n|turn|23\n|\n|t:|1700884965\n|-terastallize|p1a: Blissey|Dark\n|move|p2a: Gholdengo|Psyshock|p1a: Blissey\n|-immune|p1a: Blissey\n|move|p1a: Blissey|Calm Mind|p1a: Blissey\n|-boost|p1a: Blissey|spa|1\n|-boost|p1a: Blissey|spd|1\n|\n|upkeep\n|turn|24\n|inactive|ninthfloor has 90 seconds left.\n|\n|t:|1700884976\n|switch|p2a: Kingambit|Kingambit, F|100\/100\n|-damage|p2a: Kingambit|94\/100|[from] Stealth Rock\n|-damage|p2a: Kingambit|78\/100|[from] Spikes\n|-activate|p2a: Kingambit|ability: Supreme Overlord\n|-start|p2a: Kingambit|fallen1|[silent]\n|move|p1a: Blissey|Shadow Ball|p2a: Kingambit\n|-resisted|p2a: Kingambit\n|-damage|p2a: Kingambit|64\/100\n|\n|upkeep\n|turn|25\n|inactive|ninthfloor has 90 seconds left.\n|\n|t:|1700884986\n|switch|p1a: Amoonguss|Amoonguss, F|100\/100\n|-activate|p1a: Amoonguss|move: Sticky Web\n|-unboost|p1a: Amoonguss|spe|1\n|move|p2a: Kingambit|Low Kick|p1a: Amoonguss\n|-resisted|p1a: Amoonguss\n|-damage|p1a: Amoonguss|95\/100\n|-damage|p2a: Kingambit|48\/100|[from] item: Rocky Helmet|[of] p1a: Amoonguss\n|\n|upkeep\n|turn|26\n|\n|t:|1700884995\n|-end|p2a: Kingambit|fallen1|[silent]\n|switch|p2a: Ribombee|Ribombee, M|63\/100\n|-damage|p2a: Ribombee|38\/100|[from] Stealth Rock\n|-damage|p2a: Ribombee|22\/100|[from] Spikes\n|switch|p1a: Dondozo|Dondozo, F|100\/100\n|-activate|p1a: Dondozo|move: Sticky Web\n|-unboost|p1a: Dondozo|spe|1\n|\n|upkeep\n|turn|27\n|\n|t:|1700885006\n|switch|p1a: Blissey|Blissey, F, tera:Dark|93\/100\n|move|p2a: Ribombee|Skill Swap|p1a: Blissey\n|-activate|p2a: Ribombee|move: Skill Swap|Natural Cure|Shield Dust|[of] p1a: Blissey\n|\n|upkeep\n|turn|28\n|\n|t:|1700885014\n|move|p2a: Ribombee|Moonblast|p1a: Blissey\n|-supereffective|p1a: Blissey\n|-damage|p1a: Blissey|70\/100\n|move|p1a: Blissey|Shadow Ball|p2a: Ribombee\n|-damage|p2a: Ribombee|0 fnt\n|faint|p2a: Ribombee\n|\n|upkeep\n|inactive|ninthfloor has 90 seconds left.\n|\n|t:|1700885038\n|switch|p2a: Ogerpon|Ogerpon-Wellspring, F|100\/100\n|-damage|p2a: Ogerpon|88\/100|[from] Stealth Rock\n|-damage|p2a: Ogerpon|72\/100|[from] Spikes\n|turn|29\n|inactive|ninthfloor has 90 seconds left.\n|\n|t:|1700885045\n|switch|p1a: Amoonguss|Amoonguss, F|100\/100\n|-activate|p1a: Amoonguss|move: Sticky Web\n|-unboost|p1a: Amoonguss|spe|1\n|move|p2a: Ogerpon|Horn Leech|p1a: Amoonguss\n|-resisted|p1a: Amoonguss\n|-damage|p1a: Amoonguss|93\/100\n|-heal|p2a: Ogerpon|77\/100|[from] drain|[of] p1a: Amoonguss\n|-damage|p2a: Ogerpon|61\/100|[from] item: Rocky Helmet|[of] p1a: Amoonguss\n|\n|upkeep\n|turn|30\n|\n|t:|1700885051\n|switch|p2a: Kingambit|Kingambit, F|48\/100\n|-damage|p2a: Kingambit|42\/100|[from] Stealth Rock\n|-damage|p2a: Kingambit|25\/100|[from] Spikes\n|-activate|p2a: Kingambit|ability: Supreme Overlord\n|-start|p2a: Kingambit|fallen2|[silent]\n|move|p1a: Amoonguss|Foul Play|p2a: Kingambit\n|-resisted|p2a: Kingambit\n|-damage|p2a: Kingambit|10\/100\n|\n|upkeep\n|turn|31\n|\n|t:|1700885058\n|move|p2a: Kingambit|Iron Head|p1a: Amoonguss\n|-damage|p1a: Amoonguss|54\/100\n|-damage|p2a: Kingambit|0 fnt|[from] item: Rocky Helmet|[of] p1a: Amoonguss\n|faint|p2a: Kingambit\n|-end|p2a: Kingambit|fallen2|[silent]\n|move|p1a: Amoonguss|Synthesis|p1a: Amoonguss\n|-heal|p1a: Amoonguss|100\/100\n|\n|upkeep\n|\n|t:|1700885061\n|switch|p2a: Iron Valiant|Iron Valiant|100\/100\n|-damage|p2a: Iron Valiant|94\/100|[from] Stealth Rock\n|-damage|p2a: Iron Valiant|78\/100|[from] Spikes\n|-enditem|p2a: Iron Valiant|Booster Energy\n|-activate|p2a: Iron Valiant|ability: Quark Drive|[fromitem]\n|-start|p2a: Iron Valiant|quarkdrivespe\n|turn|32\n|\n|t:|1700885073\n|move|p2a: Iron Valiant|Knock Off|p1a: Amoonguss\n|-damage|p1a: Amoonguss|77\/100\n|-damage|p2a: Iron Valiant|61\/100|[from] item: Rocky Helmet|[of] p1a: Amoonguss\n|-enditem|p1a: Amoonguss|Rocky Helmet|[from] move: Knock Off|[of] p2a: Iron Valiant\n|move|p1a: Amoonguss|Spore|p2a: Iron Valiant\n|-status|p2a: Iron Valiant|slp|[from] move: Spore\n|\n|upkeep\n|turn|33\n|inactive|ninthfloor has 120 seconds left.\n|\n|t:|1700885079\n|switch|p1a: Clefable|Clefable, F|52\/100\n|-activate|p1a: Clefable|move: Sticky Web\n|-unboost|p1a: Clefable|spe|1\n|cant|p2a: Iron Valiant|slp\n|\n|-heal|p1a: Clefable|58\/100|[from] item: Leftovers\n|upkeep\n|turn|34\n|\n|t:|1700885083\n|cant|p2a: Iron Valiant|slp\n|move|p1a: Clefable|Moonblast|p2a: Iron Valiant\n|-supereffective|p2a: Iron Valiant\n|-damage|p2a: Iron Valiant|0 fnt\n|faint|p2a: Iron Valiant\n|-end|p2a: Iron Valiant|Quark Drive|[silent]\n|\n|-heal|p1a: Clefable|64\/100|[from] item: Leftovers\n|upkeep\n|\n|t:|1700885086\n|switch|p2a: Ogerpon|Ogerpon-Wellspring, F|61\/100\n|-damage|p2a: Ogerpon|48\/100|[from] Stealth Rock\n|-damage|p2a: Ogerpon|32\/100|[from] Spikes\n|turn|35\n|\n|t:|1700885092\n|move|p2a: Ogerpon|Horn Leech|p1a: Clefable\n|-damage|p1a: Clefable|33\/100\n|-heal|p2a: Ogerpon|52\/100|[from] drain|[of] p1a: Clefable\n|move|p1a: Clefable|Moonblast|p2a: Ogerpon\n|-damage|p2a: Ogerpon|12\/100\n|\n|-heal|p1a: Clefable|39\/100|[from] item: Leftovers\n|upkeep\n|turn|36\n|\n|t:|1700885097\n|switch|p1a: Amoonguss|Amoonguss, F|100\/100\n|-activate|p1a: Amoonguss|move: Sticky Web\n|-unboost|p1a: Amoonguss|spe|1\n|move|p2a: Ogerpon|Ivy Cudgel|p1a: Amoonguss|[anim] Ivy Cudgel Water\n|-resisted|p1a: Amoonguss\n|-damage|p1a: Amoonguss|80\/100\n|\n|upkeep\n|turn|37\n|\n|t:|1700885101\n|move|p2a: Ogerpon|Horn Leech|p1a: Amoonguss\n|-resisted|p1a: Amoonguss\n|-damage|p1a: Amoonguss|72\/100\n|-heal|p2a: Ogerpon|18\/100|[from] drain|[of] p1a: Amoonguss\n|move|p1a: Amoonguss|Clear Smog|p2a: Ogerpon\n|-supereffective|p2a: Ogerpon\n|-damage|p2a: Ogerpon|0 fnt\n|-clearboost|p2a: Ogerpon\n|faint|p2a: Ogerpon\n|\n|upkeep\n|\n|t:|1700885102\n|switch|p2a: Gholdengo|Gholdengo|94\/100\n|-damage|p2a: Gholdengo|88\/100|[from] Stealth Rock\n|-item|p2a: Gholdengo|Air Balloon\n|turn|38\n|\n|t:|1700885106\n|move|p2a: Gholdengo|Nasty Plot|p2a: Gholdengo\n|-boost|p2a: Gholdengo|spa|2\n|move|p1a: Amoonguss|Spore|p2a: Gholdengo\n|-immune|p2a: Gholdengo|[from] ability: Good as Gold\n|\n|upkeep\n|turn|39\n|\n|t:|1700885111\n|switch|p1a: Blissey|Blissey, F, tera:Dark|70\/100\n|move|p2a: Gholdengo|Nasty Plot|p2a: Gholdengo\n|-boost|p2a: Gholdengo|spa|2\n|\n|upkeep\n|turn|40\n|\n|t:|1700885116\n|move|p2a: Gholdengo|Nasty Plot|p2a: Gholdengo\n|-boost|p2a: Gholdengo|spa|2\n|move|p1a: Blissey|Soft-Boiled|p1a: Blissey\n|-heal|p1a: Blissey|100\/100\n|\n|upkeep\n|turn|41\n|\n|t:|1700885120\n|move|p2a: Gholdengo|Dazzling Gleam|p1a: Blissey\n|-supereffective|p1a: Blissey\n|-damage|p1a: Blissey|34\/100\n|move|p1a: Blissey|Soft-Boiled|p1a: Blissey\n|-heal|p1a: Blissey|84\/100\n|\n|upkeep\n|turn|42\n|\n|t:|1700885130\n|move|p2a: Gholdengo|Dazzling Gleam|p1a: Blissey\n|-supereffective|p1a: Blissey\n|-damage|p1a: Blissey|20\/100\n|move|p1a: Blissey|Calm Mind|p1a: Blissey\n|-boost|p1a: Blissey|spa|1\n|-boost|p1a: Blissey|spd|1\n|\n|upkeep\n|turn|43\n|-message|Jiriqtong forfeited.\n|\n|win|ninthfloor\n|raw|Jiriqtong's rating: 1525 &rarr; <strong>1501<\/strong><br \/>(-24 for losing)\n|raw|ninthfloor's rating: 1449 &rarr; <strong>1473<\/strong><br \/>(+24 for winning)\n|l|\u2606Jiriqtong\n","uploadtime":1700885138,"views":2,"p1id":"jiriqtong","p2id":"ninthfloor","formatid":"gen9ou","rating":1473,"private":0,"password":""}