{"id":"gen9ou-1997342869","p1":"Corey1617","p2":"d8nny","format":"[Gen 9] OU","log":"|j|\u2606Corey1617\n|j|\u2606d8nny\n|t:|1700791843\n|gametype|singles\n|player|p1|Corey1617|ghetsis-gen5bw|1436\n|player|p2|d8nny|pokemaniac|1357\n|teamsize|p1|6\n|teamsize|p2|6\n|gen|9\n|tier|[Gen 9] OU\n|rated|\n|rule|Sleep Clause Mod: Limit one foe put to sleep\n|rule|Species Clause: Limit one of each Pok\u00e9mon\n|rule|OHKO Clause: OHKO moves are banned\n|rule|Evasion Items Clause: Evasion items are banned\n|rule|Evasion Moves Clause: Evasion moves are banned\n|rule|Endless Battle Clause: Forcing endless battles is banned\n|rule|HP Percentage Mod: HP is shown in percentages\n|clearpoke\n|poke|p1|Dragapult, F|\n|poke|p1|Greninja-*, M|\n|poke|p1|Great Tusk|\n|poke|p1|Zapdos|\n|poke|p1|Garganacl, M|\n|poke|p1|Hoopa-Unbound|\n|poke|p2|Muk-Alola, M|\n|poke|p2|Rotom-Wash|\n|poke|p2|Chandelure, M|\n|poke|p2|Chesnaught, F|\n|poke|p2|Decidueye, F|\n|poke|p2|Gholdengo|\n|teampreview\n|inactive|Battle timer is ON: inactive players will automatically lose when time's up. (requested by d8nny)\n|\n|t:|1700791861\n|start\n|switch|p1a: Hoopa|Hoopa-Unbound|100\/100\n|switch|p2a: Rotom|Rotom-Wash|100\/100\n|turn|1\n|\n|t:|1700791869\n|switch|p1a: Zapdos|Zapdos, shiny|100\/100\n|move|p2a: Rotom|Will-O-Wisp|p1a: Zapdos|[miss]\n|-miss|p2a: Rotom|p1a: Zapdos\n|-enditem|p2a: Rotom|Blunder Policy\n|-boost|p2a: Rotom|spe|2\n|\n|upkeep\n|turn|2\n|\n|t:|1700791877\n|-terastallize|p2a: Rotom|Electric\n|move|p2a: Rotom|Nasty Plot|p2a: Rotom\n|-boost|p2a: Rotom|spa|2\n|move|p1a: Zapdos|Volt Switch|p2a: Rotom\n|-resisted|p2a: Rotom\n|-damage|p2a: Rotom|84\/100\n|c|\u2606Corey1617|woah\n|\n|t:|1700791893\n|switch|p1a: Hoopa|Hoopa-Unbound|100\/100|[from] Volt Switch\n|\n|upkeep\n|turn|3\n|\n|t:|1700791909\n|move|p2a: Rotom|Thunder|p1a: Hoopa|[miss]\n|-miss|p2a: Rotom|p1a: Hoopa\n|move|p1a: Hoopa|Hyperspace Fury|p2a: Rotom\n|-damage|p2a: Rotom|19\/100\n|-unboost|p1a: Hoopa|def|1\n|\n|upkeep\n|turn|4\n|\n|t:|1700791927\n|move|p2a: Rotom|Thunder|p1a: Hoopa\n|-damage|p1a: Hoopa|27\/100\n|move|p1a: Hoopa|Knock Off|p2a: Rotom\n|-damage|p2a: Rotom|0 fnt\n|faint|p2a: Rotom\n|\n|upkeep\n|c|\u2606Corey1617|that is a sick rotom\n|\n|t:|1700791938\n|switch|p2a: Muk|Muk-Alola, M|100\/100\n|turn|5\n|\n|t:|1700791943\n|move|p1a: Hoopa|Drain Punch|p2a: Muk\n|-damage|p2a: Muk|66\/100\n|-heal|p1a: Hoopa|47\/100|[from] drain|[of] p2a: Muk\n|move|p2a: Muk|Knock Off|p1a: Hoopa\n|-damage|p1a: Hoopa|0 fnt\n|-enditem|p1a: Hoopa|Assault Vest|[from] move: Knock Off|[of] p2a: Muk\n|faint|p1a: Hoopa\n|\n|upkeep\n|\n|t:|1700791956\n|switch|p1a: Great Tusk|Great Tusk, shiny|100\/100\n|-enditem|p1a: Great Tusk|Booster Energy\n|-activate|p1a: Great Tusk|ability: Protosynthesis|[fromitem]\n|-start|p1a: Great Tusk|protosynthesisatk\n|turn|6\n|\n|t:|1700791960\n|move|p1a: Great Tusk|Headlong Rush|p2a: Muk\n|-supereffective|p2a: Muk\n|-damage|p2a: Muk|0 fnt\n|-unboost|p1a: Great Tusk|def|1\n|-unboost|p1a: Great Tusk|spd|1\n|faint|p2a: Muk\n|\n|upkeep\n|\n|t:|1700791962\n|switch|p2a: Decidueye|Decidueye, F|100\/100\n|turn|7\n|\n|t:|1700791969\n|move|p1a: Great Tusk|Ice Spinner|p2a: Decidueye\n|-supereffective|p2a: Decidueye\n|-damage|p2a: Decidueye|13\/100\n|move|p2a: Decidueye|Leaf Blade|p1a: Great Tusk\n|-supereffective|p1a: Great Tusk\n|-damage|p1a: Great Tusk|16\/100\n|\n|upkeep\n|turn|8\n|\n|t:|1700791978\n|move|p1a: Great Tusk|Ice Spinner|p2a: Decidueye\n|-supereffective|p2a: Decidueye\n|-damage|p2a: Decidueye|0 fnt\n|faint|p2a: Decidueye\n|\n|upkeep\n|\n|t:|1700791980\n|switch|p2a: Chesnaught|Chesnaught, F|100\/100\n|turn|9\n|\n|t:|1700791986\n|move|p1a: Great Tusk|Ice Spinner|p2a: Chesnaught\n|-supereffective|p2a: Chesnaught\n|-damage|p2a: Chesnaught|48\/100\n|move|p2a: Chesnaught|Leech Seed|p1a: Great Tusk\n|-start|p1a: Great Tusk|move: Leech Seed\n|\n|-damage|p1a: Great Tusk|3\/100|[from] Leech Seed|[of] p2a: Chesnaught\n|-heal|p2a: Chesnaught|66\/100|[silent]\n|upkeep\n|turn|10\n|\n|t:|1700791997\n|move|p2a: Chesnaught|Spiky Shield|p2a: Chesnaught\n|-singleturn|p2a: Chesnaught|move: Protect\n|move|p1a: Great Tusk|Ice Spinner|p2a: Chesnaught\n|-activate|p2a: Chesnaught|move: Protect\n|-damage|p1a: Great Tusk|0 fnt|[from] Spiky Shield|[of] p2a: Chesnaught\n|faint|p1a: Great Tusk\n|-end|p1a: Great Tusk|Protosynthesis|[silent]\n|\n|upkeep\n|\n|t:|1700792003\n|switch|p1a: Zapdos|Zapdos, shiny|100\/100\n|turn|11\n|\n|t:|1700792029\n|move|p1a: Zapdos|Hurricane|p2a: Chesnaught\n|-supereffective|p2a: Chesnaught\n|-damage|p2a: Chesnaught|0 fnt\n|faint|p2a: Chesnaught\n|\n|upkeep\n|\n|t:|1700792037\n|switch|p2a: Gholdengo|Gholdengo|100\/100\n|turn|12\n|\n|t:|1700792042\n|move|p1a: Zapdos|Volt Switch|p2a: Gholdengo\n|-damage|p2a: Gholdengo|72\/100\n|\n|t:|1700792046\n|switch|p1a: Greninja|Greninja, M|100\/100|[from] Volt Switch\n|move|p2a: Gholdengo|Nasty Plot|p2a: Gholdengo\n|-boost|p2a: Gholdengo|spa|2\n|\n|upkeep\n|turn|13\n|\n|t:|1700792061\n|move|p1a: Greninja|Dark Pulse|p2a: Gholdengo\n|-supereffective|p2a: Gholdengo\n|-damage|p2a: Gholdengo|0 fnt\n|faint|p2a: Gholdengo\n|-ability|p1a: Greninja|Battle Bond|boost\n|-boost|p1a: Greninja|atk|1\n|-boost|p1a: Greninja|spa|1\n|-boost|p1a: Greninja|spe|1\n|-activate|p1a: Greninja|ability: Battle Bond\n|\n|upkeep\n|\n|t:|1700792064\n|switch|p2a: Chandelure|Chandelure, M|100\/100\n|turn|14\n|\n|t:|1700792068\n|move|p1a: Greninja|Surf|p2a: Chandelure\n|-supereffective|p2a: Chandelure\n|-damage|p2a: Chandelure|0 fnt\n|faint|p2a: Chandelure\n|\n|win|Corey1617\n|raw|Corey1617's rating: 1436 &rarr; <strong>1452<\/strong><br \/>(+16 for winning)\n|raw|d8nny's rating: 1357 &rarr; <strong>1341<\/strong><br \/>(-16 for losing)\n|l|\u2606d8nny\n|c|\u2606Corey1617|gg\n","uploadtime":1700792078,"views":5,"p1id":"corey1617","p2id":"d8nny","formatid":"gen9ou","rating":1341,"private":0,"password":""}