{"id":"gen9ou-1996912279","p1":"Zulneily","p2":"dylanmorgan2217","format":"[Gen 9] OU","log":"|j|\u2606Zulneily\n|j|\u2606dylanmorgan2217\n|t:|1700743902\n|gametype|singles\n|player|p1|Zulneily|hilda-wonderlauncher|1367\n|player|p2|dylanmorgan2217|169|1346\n|teamsize|p1|6\n|teamsize|p2|6\n|gen|9\n|tier|[Gen 9] OU\n|rated|\n|rule|Sleep Clause Mod: Limit one foe put to sleep\n|rule|Species Clause: Limit one of each Pok\u00e9mon\n|rule|OHKO Clause: OHKO moves are banned\n|rule|Evasion Items Clause: Evasion items are banned\n|rule|Evasion Moves Clause: Evasion moves are banned\n|rule|Endless Battle Clause: Forcing endless battles is banned\n|rule|HP Percentage Mod: HP is shown in percentages\n|clearpoke\n|poke|p1|Great Tusk|\n|poke|p1|Dragapult, F|\n|poke|p1|Ogerpon, F|\n|poke|p1|Iron Moth|\n|poke|p1|Toxapex, F|\n|poke|p1|Enamorus, F|\n|poke|p2|Rillaboom, M|\n|poke|p2|Great Tusk|\n|poke|p2|Dragapult, F|\n|poke|p2|Zapdos|\n|poke|p2|Heatran, F|\n|poke|p2|Greninja-*, M|\n|teampreview\n|inactive|Battle timer is ON: inactive players will automatically lose when time's up. (requested by dylanmorgan2217)\n|\n|t:|1700743914\n|start\n|switch|p1a: Enamorus|Enamorus, F|100\/100\n|switch|p2a: Dragapult|Dragapult, F, shiny|100\/100\n|turn|1\n|\n|t:|1700743927\n|-terastallize|p2a: Dragapult|Ghost\n|move|p1a: Enamorus|Moonblast|p2a: Dragapult\n|-crit|p2a: Dragapult\n|-damage|p2a: Dragapult|0 fnt\n|faint|p2a: Dragapult\n|\n|upkeep\n|c|\u2606dylanmorgan2217|lol\n|\n|t:|1700743938\n|switch|p2a: Zapdos|Zapdos|100\/100\n|turn|2\n|inactive|Zulneily has 120 seconds left.\n|\n|t:|1700743972\n|switch|p1a: Great Tusk|Great Tusk|100\/100\n|move|p2a: Zapdos|Volt Switch|p1a: Great Tusk\n|-immune|p1a: Great Tusk\n|\n|upkeep\n|turn|3\n|inactive|Zulneily has 120 seconds left.\n|\n|t:|1700743992\n|-end|p1a: Great Tusk|Protosynthesis|[silent]\n|switch|p1a: Toxapex|Toxapex, F|100\/100\n|move|p2a: Zapdos|Hurricane|p1a: Toxapex\n|-damage|p1a: Toxapex|63\/100\n|-start|p1a: Toxapex|confusion\n|\n|-heal|p1a: Toxapex|69\/100|[from] item: Leftovers\n|upkeep\n|turn|4\n|\n|t:|1700744012\n|-activate|p1a: Toxapex|confusion\n|move|p1a: Toxapex|Baneful Bunker|p1a: Toxapex\n|-singleturn|p1a: Toxapex|move: Protect\n|move|p2a: Zapdos|Thunderbolt|p1a: Toxapex\n|-activate|p1a: Toxapex|move: Protect\n|\n|-heal|p1a: Toxapex|75\/100|[from] item: Leftovers\n|upkeep\n|turn|5\n|\n|t:|1700744025\n|switch|p1a: Dragapult|Dragapult, F|100\/100\n|move|p2a: Zapdos|Thunderbolt|p1a: Dragapult\n|-resisted|p1a: Dragapult\n|-damage|p1a: Dragapult|71\/100\n|-status|p1a: Dragapult|par\n|\n|-heal|p1a: Dragapult|77\/100 par|[from] item: Leftovers\n|upkeep\n|turn|6\n|\n|t:|1700744038\n|move|p2a: Zapdos|Volt Switch|p1a: Dragapult\n|-resisted|p1a: Dragapult\n|-damage|p1a: Dragapult|56\/100 par\n|\n|t:|1700744042\n|switch|p2a: Greninja|Greninja, M|100\/100|[from] Volt Switch\n|move|p1a: Dragapult|Will-O-Wisp|p2a: Greninja\n|-status|p2a: Greninja|brn\n|\n|-heal|p1a: Dragapult|62\/100 par|[from] item: Leftovers\n|-damage|p2a: Greninja|95\/100 brn|[from] brn\n|upkeep\n|turn|7\n|\n|t:|1700744052\n|switch|p1a: Toxapex|Toxapex, F|100\/100\n|move|p2a: Greninja|Ice Beam|p1a: Toxapex\n|-resisted|p1a: Toxapex\n|-damage|p1a: Toxapex|90\/100\n|-damage|p2a: Greninja|85\/100 brn|[from] item: Life Orb\n|\n|-heal|p1a: Toxapex|97\/100|[from] item: Leftovers\n|-damage|p2a: Greninja|79\/100 brn|[from] brn\n|upkeep\n|turn|8\n|\n|t:|1700744068\n|switch|p2a: Zapdos|Zapdos|100\/100\n|move|p1a: Toxapex|Toxic|p2a: Zapdos\n|-status|p2a: Zapdos|tox\n|\n|-heal|p1a: Toxapex|100\/100|[from] item: Leftovers\n|-damage|p2a: Zapdos|94\/100 tox|[from] psn\n|upkeep\n|turn|9\n|\n|t:|1700744077\n|move|p2a: Zapdos|Volt Switch|p1a: Toxapex\n|-supereffective|p1a: Toxapex\n|-damage|p1a: Toxapex|57\/100\n|\n|t:|1700744084\n|switch|p2a: Rillaboom|Rillaboom, M|100\/100|[from] Volt Switch\n|-fieldstart|move: Grassy Terrain|[from] ability: Grassy Surge|[of] p2a: Rillaboom\n|move|p1a: Toxapex|Recover|p1a: Toxapex\n|-heal|p1a: Toxapex|100\/100\n|\n|upkeep\n|turn|10\n|inactive|Zulneily has 120 seconds left.\n|\n|t:|1700744101\n|move|p2a: Rillaboom|Wood Hammer|p1a: Toxapex\n|-damage|p1a: Toxapex|15\/100\n|-damage|p2a: Rillaboom|75\/100|[from] Recoil\n|-damage|p2a: Rillaboom|65\/100|[from] item: Life Orb\n|move|p1a: Toxapex|Toxic|p2a: Rillaboom\n|-status|p2a: Rillaboom|tox\n|\n|-heal|p2a: Rillaboom|71\/100 tox|[from] Grassy Terrain\n|-heal|p1a: Toxapex|21\/100|[from] Grassy Terrain\n|-heal|p1a: Toxapex|27\/100|[from] item: Leftovers\n|-damage|p2a: Rillaboom|65\/100 tox|[from] psn\n|upkeep\n|turn|11\n|\n|t:|1700744108\n|switch|p2a: Zapdos|Zapdos|94\/100 tox\n|move|p1a: Toxapex|Baneful Bunker||[still]\n|-fail|p1a: Toxapex\n|\n|-heal|p1a: Toxapex|33\/100|[from] Grassy Terrain\n|-heal|p1a: Toxapex|40\/100|[from] item: Leftovers\n|-damage|p2a: Zapdos|88\/100 tox|[from] psn\n|upkeep\n|turn|12\n|\n|t:|1700744112\n|switch|p1a: Dragapult|Dragapult, F|62\/100 par\n|move|p2a: Zapdos|Hurricane|p1a: Dragapult\n|-damage|p1a: Dragapult|0 fnt\n|faint|p1a: Dragapult\n|\n|-damage|p2a: Zapdos|76\/100 tox|[from] psn\n|upkeep\n|inactive|Zulneily has 120 seconds left.\n|\n|t:|1700744151\n|switch|p1a: Toxapex|Toxapex, F|73\/100\n|turn|13\n|\n|t:|1700744158\n|move|p2a: Zapdos|Thunderbolt|p1a: Toxapex\n|-supereffective|p1a: Toxapex\n|-damage|p1a: Toxapex|11\/100\n|move|p1a: Toxapex|Recover|p1a: Toxapex\n|-heal|p1a: Toxapex|61\/100\n|\n|-heal|p1a: Toxapex|67\/100|[from] Grassy Terrain\n|-heal|p1a: Toxapex|74\/100|[from] item: Leftovers\n|-damage|p2a: Zapdos|57\/100 tox|[from] psn\n|-fieldend|move: Grassy Terrain\n|upkeep\n|turn|14\n|\n|t:|1700744163\n|move|p1a: Toxapex|Baneful Bunker|p1a: Toxapex\n|-singleturn|p1a: Toxapex|move: Protect\n|move|p2a: Zapdos|Volt Switch|p1a: Toxapex\n|-activate|p1a: Toxapex|move: Protect\n|\n|-heal|p1a: Toxapex|80\/100|[from] item: Leftovers\n|-damage|p2a: Zapdos|32\/100 tox|[from] psn\n|upkeep\n|turn|15\n|\n|t:|1700744175\n|move|p2a: Zapdos|Volt Switch|p1a: Toxapex\n|-supereffective|p1a: Toxapex\n|-damage|p1a: Toxapex|32\/100\n|\n|t:|1700744178\n|switch|p2a: Rillaboom|Rillaboom, M|65\/100 tox|[from] Volt Switch\n|-fieldstart|move: Grassy Terrain|[from] ability: Grassy Surge|[of] p2a: Rillaboom\n|move|p1a: Toxapex|Recover|p1a: Toxapex\n|-heal|p1a: Toxapex|82\/100\n|\n|-heal|p2a: Rillaboom|71\/100 tox|[from] Grassy Terrain\n|-heal|p1a: Toxapex|89\/100|[from] Grassy Terrain\n|-heal|p1a: Toxapex|95\/100|[from] item: Leftovers\n|-damage|p2a: Rillaboom|65\/100 tox|[from] psn\n|upkeep\n|turn|16\n|\n|t:|1700744195\n|move|p1a: Toxapex|Baneful Bunker|p1a: Toxapex\n|-singleturn|p1a: Toxapex|move: Protect\n|move|p2a: Rillaboom|Wood Hammer|p1a: Toxapex\n|-activate|p1a: Toxapex|move: Protect\n|\n|-heal|p2a: Rillaboom|71\/100 tox|[from] Grassy Terrain\n|-heal|p1a: Toxapex|100\/100|[from] Grassy Terrain\n|-damage|p2a: Rillaboom|59\/100 tox|[from] psn\n|upkeep\n|turn|17\n|\n|t:|1700744213\n|move|p2a: Rillaboom|Wood Hammer|p1a: Toxapex\n|-damage|p1a: Toxapex|13\/100\n|-damage|p2a: Rillaboom|34\/100 tox|[from] Recoil\n|-damage|p2a: Rillaboom|24\/100 tox|[from] item: Life Orb\n|move|p1a: Toxapex|Recover|p1a: Toxapex\n|-heal|p1a: Toxapex|63\/100\n|\n|-heal|p2a: Rillaboom|30\/100 tox|[from] Grassy Terrain\n|-heal|p1a: Toxapex|70\/100|[from] Grassy Terrain\n|-heal|p1a: Toxapex|76\/100|[from] item: Leftovers\n|-damage|p2a: Rillaboom|11\/100 tox|[from] psn\n|upkeep\n|turn|18\n|inactive|Zulneily has 90 seconds left.\n|\n|t:|1700744233\n|switch|p2a: Zapdos|Zapdos|32\/100 tox\n|move|p1a: Toxapex|Baneful Bunker||[still]\n|-fail|p1a: Toxapex\n|\n|-heal|p1a: Toxapex|82\/100|[from] Grassy Terrain\n|-heal|p1a: Toxapex|88\/100|[from] item: Leftovers\n|-damage|p2a: Zapdos|26\/100 tox|[from] psn\n|upkeep\n|turn|19\n|\n|t:|1700744240\n|move|p2a: Zapdos|Roost|p2a: Zapdos\n|-heal|p2a: Zapdos|76\/100 tox\n|-singleturn|p2a: Zapdos|move: Roost\n|move|p1a: Toxapex|Liquidation|p2a: Zapdos\n|-damage|p2a: Zapdos|51\/100 tox\n|-status|p1a: Toxapex|par|[from] ability: Static|[of] p2a: Zapdos\n|\n|-heal|p2a: Zapdos|58\/100 tox|[from] Grassy Terrain\n|-heal|p1a: Toxapex|95\/100 par|[from] Grassy Terrain\n|-heal|p1a: Toxapex|100\/100 par|[from] item: Leftovers\n|-damage|p2a: Zapdos|45\/100 tox|[from] psn\n|-fieldend|move: Grassy Terrain\n|upkeep\n|turn|20\n|\n|t:|1700744253\n|switch|p1a: Great Tusk|Great Tusk|100\/100\n|move|p2a: Zapdos|Thunderbolt|p1a: Great Tusk\n|-immune|p1a: Great Tusk\n|\n|-damage|p2a: Zapdos|26\/100 tox|[from] psn\n|upkeep\n|turn|21\n|\n|t:|1700744264\n|-end|p1a: Great Tusk|Protosynthesis|[silent]\n|switch|p1a: Toxapex|Toxapex, F|100\/100 par\n|move|p2a: Zapdos|Hurricane|p1a: Toxapex\n|-damage|p1a: Toxapex|65\/100 par\n|-start|p1a: Toxapex|confusion\n|\n|-heal|p1a: Toxapex|71\/100 par|[from] item: Leftovers\n|-damage|p2a: Zapdos|1\/100 tox|[from] psn\n|upkeep\n|turn|22\n|\n|t:|1700744278\n|-activate|p1a: Toxapex|confusion\n|-damage|p1a: Toxapex|66\/100 par|[from] confusion\n|move|p2a: Zapdos|Volt Switch|p1a: Toxapex\n|-supereffective|p1a: Toxapex\n|-damage|p1a: Toxapex|22\/100 par\n|\n|t:|1700744283\n|switch|p2a: Greninja|Greninja, M|79\/100 brn|[from] Volt Switch\n|\n|-heal|p1a: Toxapex|28\/100 par|[from] item: Leftovers\n|-damage|p2a: Greninja|73\/100 brn|[from] brn\n|upkeep\n|turn|23\n|\n|t:|1700744290\n|-activate|p1a: Toxapex|confusion\n|move|p1a: Toxapex|Baneful Bunker|p1a: Toxapex\n|-singleturn|p1a: Toxapex|move: Protect\n|move|p2a: Greninja|Dark Pulse|p1a: Toxapex\n|-activate|p1a: Toxapex|move: Protect\n|\n|-heal|p1a: Toxapex|35\/100 par|[from] item: Leftovers\n|-damage|p2a: Greninja|67\/100 brn|[from] brn\n|upkeep\n|turn|24\n|\n|t:|1700744311\n|move|p2a: Greninja|Dark Pulse|p1a: Toxapex\n|-damage|p1a: Toxapex|5\/100 par\n|-damage|p2a: Greninja|57\/100 brn|[from] item: Life Orb\n|-end|p1a: Toxapex|confusion\n|move|p1a: Toxapex|Recover|p1a: Toxapex\n|-heal|p1a: Toxapex|55\/100 par\n|\n|-heal|p1a: Toxapex|61\/100 par|[from] item: Leftovers\n|-damage|p2a: Greninja|51\/100 brn|[from] brn\n|upkeep\n|turn|25\n|\n|t:|1700744324\n|switch|p2a: Rillaboom|Rillaboom, M|11\/100 tox\n|-fieldstart|move: Grassy Terrain|[from] ability: Grassy Surge|[of] p2a: Rillaboom\n|move|p1a: Toxapex|Liquidation|p2a: Rillaboom\n|-resisted|p2a: Rillaboom\n|-damage|p2a: Rillaboom|0 fnt\n|faint|p2a: Rillaboom\n|\n|-heal|p1a: Toxapex|68\/100 par|[from] Grassy Terrain\n|-heal|p1a: Toxapex|74\/100 par|[from] item: Leftovers\n|upkeep\n|\n|t:|1700744327\n|switch|p2a: Zapdos|Zapdos|1\/100 tox\n|turn|26\n|\n|t:|1700744347\n|move|p2a: Zapdos|Roost|p2a: Zapdos\n|-heal|p2a: Zapdos|52\/100 tox\n|-singleturn|p2a: Zapdos|move: Roost\n|cant|p1a: Toxapex|par\n|\n|-heal|p2a: Zapdos|58\/100 tox|[from] Grassy Terrain\n|-heal|p1a: Toxapex|80\/100 par|[from] Grassy Terrain\n|-heal|p1a: Toxapex|86\/100 par|[from] item: Leftovers\n|-damage|p2a: Zapdos|52\/100 tox|[from] psn\n|upkeep\n|turn|27\n|\n|t:|1700744357\n|move|p2a: Zapdos|Thunderbolt|p1a: Toxapex\n|-supereffective|p1a: Toxapex\n|-crit|p1a: Toxapex\n|-damage|p1a: Toxapex|0 fnt\n|faint|p1a: Toxapex\n|\n|-damage|p2a: Zapdos|39\/100 tox|[from] psn\n|upkeep\n|inactive|Zulneily has 90 seconds left.\n|\n|t:|1700744377\n|switch|p1a: Ogerpon|Ogerpon, F|100\/100\n|turn|28\n|\n|t:|1700744385\n|switch|p2a: Heatran|Heatran, F|100\/100\n|-terastallize|p1a: Ogerpon|Grass\n|detailschange|p1a: Ogerpon|Ogerpon-Teal-Tera, F, tera:Grass\n|-ability|p1a: Ogerpon|Embody Aspect (Teal)|boost\n|-boost|p1a: Ogerpon|spe|1\n|move|p1a: Ogerpon|Ivy Cudgel|p2a: Heatran\n|-resisted|p2a: Heatran\n|-damage|p2a: Heatran|83\/100\n|\n|-heal|p2a: Heatran|89\/100|[from] Grassy Terrain\n|-heal|p2a: Heatran|96\/100|[from] item: Leftovers\n|upkeep\n|turn|29\n|inactive|Zulneily has 90 seconds left.\n|\n|t:|1700744404\n|move|p1a: Ogerpon|Stomping Tantrum|p2a: Heatran\n|-supereffective|p2a: Heatran\n|-damage|p2a: Heatran|13\/100\n|move|p2a: Heatran|Magma Storm|p1a: Ogerpon|[miss]\n|-miss|p2a: Heatran|p1a: Ogerpon\n|\n|-heal|p2a: Heatran|19\/100|[from] Grassy Terrain\n|-heal|p2a: Heatran|25\/100|[from] item: Leftovers\n|-fieldend|move: Grassy Terrain\n|upkeep\n|turn|30\n|c|\u2606dylanmorgan2217|lol\n|\n|t:|1700744414\n|switch|p2a: Zapdos|Zapdos|39\/100 tox\n|move|p1a: Ogerpon|Stomping Tantrum|p2a: Zapdos\n|-immune|p2a: Zapdos\n|\n|-damage|p2a: Zapdos|33\/100 tox|[from] psn\n|upkeep\n|turn|31\n|\n|t:|1700744418\n|move|p1a: Ogerpon|Ivy Cudgel|p2a: Zapdos\n|-resisted|p2a: Zapdos\n|-damage|p2a: Zapdos|0 fnt\n|faint|p2a: Zapdos\n|\n|upkeep\n|\n|t:|1700744422\n|switch|p2a: Great Tusk|Great Tusk|100\/100\n|turn|32\n|-message|dylanmorgan2217 forfeited.\n|\n|win|Zulneily\n|raw|Zulneily's rating: 1367 &rarr; <strong>1386<\/strong><br \/>(+19 for winning)\n|raw|dylanmorgan2217's rating: 1346 &rarr; <strong>1327<\/strong><br \/>(-19 for losing)\n|l|\u2606dylanmorgan2217\n","uploadtime":1700744445,"views":1,"p1id":"zulneily","p2id":"dylanmorgan2217","formatid":"gen9ou","rating":1327,"private":0,"password":""}