{"id":"gen9ou-1989063811","p1":"shakdaddy8","p2":"Lyn0730","format":"[Gen 9] OU","log":"|j|\u2606shakdaddy8\n|j|\u2606Lyn0730\n|t:|1699808184\n|gametype|singles\n|player|p1|shakdaddy8|170|1279\n|player|p2|Lyn0730|teamrocket|1192\n|teamsize|p1|6\n|teamsize|p2|6\n|gen|9\n|tier|[Gen 9] OU\n|rated|\n|rule|Sleep Clause Mod: Limit one foe put to sleep\n|rule|Species Clause: Limit one of each Pok\u00e9mon\n|rule|OHKO Clause: OHKO moves are banned\n|rule|Evasion Items Clause: Evasion items are banned\n|rule|Evasion Moves Clause: Evasion moves are banned\n|rule|Endless Battle Clause: Forcing endless battles is banned\n|rule|HP Percentage Mod: HP is shown in percentages\n|clearpoke\n|poke|p1|Dragonite, F|\n|poke|p1|Great Tusk|\n|poke|p1|Iron Moth|\n|poke|p1|Torkoal, M|\n|poke|p1|Ting-Lu|\n|poke|p1|Walking Wake|\n|poke|p2|Persian, F|\n|poke|p2|Yanmega, F|\n|poke|p2|Toxapex, M|\n|poke|p2|Mimikyu, F|\n|poke|p2|Amoonguss, M|\n|poke|p2|Weezing-Galar, M|\n|teampreview\n|inactive|Battle timer is ON: inactive players will automatically lose when time's up. (requested by shakdaddy8)\n|inactive|Lyn0730 also wants the timer to be on.\n|j| The Wildestmutt\n|c| The Wildestmutt|whadup\n|l|\u2606Lyn0730\n|inactive|Lyn0730 disconnected and has a minute to reconnect!\n|player|p2|\n|c|\u2606shakdaddy8|who u\n|j|\u2606Lyn0730\n|inactive|Lyn0730 reconnected and has 125 seconds left.\n|player|p2|Lyn0730|teamrocket\n|inactive|Lyn0730 has 120 seconds left.\n|\n|t:|1699808227\n|start\n|switch|p1a: Great Tusk|Great Tusk|100\/100\n|switch|p2a: Yanmega|Yanmega, F|100\/100\n|turn|1\n|c|\u2606shakdaddy8|doesnt matter\n|c|\u2606shakdaddy8|watch and learn\n|c| The Wildestmutt|just your friendly neighborhood spectator :)\n|c|\u2606shakdaddy8|love it\n|inactive|shakdaddy8 has 120 seconds left.\n|\n|t:|1699808269\n|-end|p1a: Great Tusk|Protosynthesis|[silent]\n|switch|p1a: Torkoal|Torkoal, M|100\/100\n|-weather|SunnyDay|[from] ability: Drought|[of] p1a: Torkoal\n|-terastallize|p2a: Yanmega|Flying\n|move|p2a: Yanmega|Air Slash|p1a: Torkoal\n|-damage|p1a: Torkoal|1\/100\n|\n|-weather|SunnyDay|[upkeep]\n|upkeep\n|turn|2\n|\n|t:|1699808279\n|move|p2a: Yanmega|Air Slash|p1a: Torkoal\n|-damage|p1a: Torkoal|0 fnt\n|faint|p1a: Torkoal\n|\n|-weather|SunnyDay|[upkeep]\n|upkeep\n|\n|t:|1699808285\n|switch|p1a: Walking Wake|Walking Wake|100\/100\n|-activate|p1a: Walking Wake|ability: Protosynthesis\n|-start|p1a: Walking Wake|protosynthesisspe\n|turn|3\n|\n|t:|1699808290\n|switch|p2a: Toxapex|Toxapex, M|100\/100\n|move|p1a: Walking Wake|Hydro Steam|p2a: Toxapex\n|-resisted|p2a: Toxapex\n|-damage|p2a: Toxapex|61\/100\n|\n|-weather|SunnyDay|[upkeep]\n|upkeep\n|turn|4\n|\n|t:|1699808298\n|-end|p1a: Walking Wake|Protosynthesis|[silent]\n|switch|p1a: Ting-Lu|Ting-Lu|100\/100\n|-ability|p1a: Ting-Lu|Vessel of Ruin\n|move|p2a: Toxapex|Toxic Spikes|p1a: Ting-Lu\n|-sidestart|p1: shakdaddy8|move: Toxic Spikes\n|\n|-weather|SunnyDay|[upkeep]\n|upkeep\n|turn|5\n|\n|t:|1699808306\n|switch|p2a: Weezing|Weezing-Galar, M, shiny|100\/100\n|move|p1a: Ting-Lu|Stealth Rock|p2a: Weezing\n|-sidestart|p2: Lyn0730|move: Stealth Rock\n|\n|-weather|SunnyDay|[upkeep]\n|upkeep\n|turn|6\n|\n|t:|1699808314\n|move|p2a: Weezing|Will-O-Wisp|p1a: Ting-Lu\n|-status|p1a: Ting-Lu|brn\n|move|p1a: Ting-Lu|Earthquake|p2a: Weezing\n|-immune|p2a: Weezing|[from] ability: Levitate\n|\n|-weather|SunnyDay|[upkeep]\n|-damage|p1a: Ting-Lu|94\/100 brn|[from] brn\n|upkeep\n|turn|7\n|\n|t:|1699808321\n|switch|p1a: Iron Moth|Iron Moth|100\/100\n|-sideend|p1: shakdaddy8|move: Toxic Spikes|[of] p1a: Iron Moth\n|-enditem|p1a: Iron Moth|Booster Energy\n|-activate|p1a: Iron Moth|ability: Quark Drive|[fromitem]\n|-start|p1a: Iron Moth|quarkdrivespa\n|move|p2a: Weezing|Defog|p1a: Iron Moth\n|-unboost|p1a: Iron Moth|evasion|1\n|-sideend|p2: Lyn0730|Stealth Rock|[from] move: Defog|[of] p2a: Weezing\n|\n|-weather|SunnyDay|[upkeep]\n|upkeep\n|turn|8\n|\n|t:|1699808337\n|switch|p2a: Toxapex|Toxapex, M|95\/100\n|move|p1a: Iron Moth|Fiery Dance|p2a: Toxapex\n|-resisted|p2a: Toxapex\n|-crit|p2a: Toxapex\n|-damage|p2a: Toxapex|40\/100\n|-boost|p1a: Iron Moth|spa|1\n|\n|-weather|none\n|upkeep\n|turn|9\n|\n|t:|1699808345\n|move|p2a: Toxapex|Baneful Bunker|p2a: Toxapex\n|-singleturn|p2a: Toxapex|move: Protect\n|move|p1a: Iron Moth|Fiery Dance|p2a: Toxapex\n|-activate|p2a: Toxapex|move: Protect\n|\n|upkeep\n|turn|10\n|c|\u2606shakdaddy8|its over\n|c|\u2606shakdaddy8|gg\n|\n|t:|1699808361\n|move|p1a: Iron Moth|Fiery Dance|p2a: Toxapex\n|-resisted|p2a: Toxapex\n|-damage|p2a: Toxapex|6\/100\n|move|p2a: Toxapex|Liquidation|p1a: Iron Moth\n|-supereffective|p1a: Iron Moth\n|-damage|p1a: Iron Moth|30\/100\n|\n|upkeep\n|turn|11\n|c| The Wildestmutt|shiny galar weezing looks like ment chocolate\n|\n|t:|1699808382\n|switch|p2a: Persian|Persian, F|100\/100\n|move|p1a: Iron Moth|Fiery Dance|p2a: Persian\n|-damage|p2a: Persian|0 fnt\n|-boost|p1a: Iron Moth|spa|1\n|faint|p2a: Persian\n|\n|upkeep\n|c| The Wildestmutt|also I wouldn't be calling ggs early my friend\n|c|\u2606shakdaddy8|hes all looks no show\n|\n|t:|1699808390\n|switch|p2a: Mimikyu|Mimikyu, F|100\/100\n|turn|12\n|c|\u2606shakdaddy8|buddy\n|c|\u2606shakdaddy8|are u watching\n|\n|t:|1699808406\n|move|p2a: Mimikyu|Shadow Sneak|p1a: Iron Moth\n|-damage|p1a: Iron Moth|0 fnt\n|faint|p1a: Iron Moth\n|-end|p1a: Iron Moth|Quark Drive|[silent]\n|-damage|p2a: Mimikyu|91\/100|[from] item: Life Orb\n|\n|upkeep\n|\n|t:|1699808409\n|switch|p1a: Ting-Lu|Ting-Lu|94\/100 brn\n|-ability|p1a: Ting-Lu|Vessel of Ruin\n|turn|13\n|c| The Wildestmutt|yes and he still has 5 mons\n|\n|t:|1699808419\n|switch|p2a: Weezing|Weezing-Galar, M, shiny|100\/100\n|move|p1a: Ting-Lu|Earthquake|p2a: Weezing\n|-immune|p2a: Weezing|[from] ability: Levitate\n|\n|-heal|p1a: Ting-Lu|100\/100 brn|[from] item: Leftovers\n|-damage|p1a: Ting-Lu|94\/100 brn|[from] brn\n|upkeep\n|turn|14\n|\n|t:|1699808429\n|move|p2a: Weezing|Strange Steam|p1a: Ting-Lu\n|-supereffective|p1a: Ting-Lu\n|-damage|p1a: Ting-Lu|71\/100 brn\n|move|p1a: Ting-Lu|Stealth Rock|p2a: Weezing\n|-sidestart|p2: Lyn0730|move: Stealth Rock\n|\n|-heal|p1a: Ting-Lu|77\/100 brn|[from] item: Leftovers\n|-damage|p1a: Ting-Lu|71\/100 brn|[from] brn\n|upkeep\n|turn|15\n|\n|t:|1699808439\n|move|p2a: Weezing|Defog|p1a: Ting-Lu\n|-unboost|p1a: Ting-Lu|evasion|1\n|-sideend|p2: Lyn0730|Stealth Rock|[from] move: Defog|[of] p2a: Weezing\n|move|p1a: Ting-Lu|Whirlwind|p2a: Weezing\n|drag|p2a: Yanmega|Yanmega, F, tera:Flying|100\/100\n|\n|-heal|p1a: Ting-Lu|77\/100 brn|[from] item: Leftovers\n|-damage|p1a: Ting-Lu|71\/100 brn|[from] brn\n|upkeep\n|turn|16\n|\n|t:|1699808447\n|switch|p2a: Weezing|Weezing-Galar, M, shiny|100\/100\n|move|p1a: Ting-Lu|Stealth Rock|p2a: Weezing\n|-sidestart|p2: Lyn0730|move: Stealth Rock\n|\n|-heal|p1a: Ting-Lu|77\/100 brn|[from] item: Leftovers\n|-damage|p1a: Ting-Lu|71\/100 brn|[from] brn\n|upkeep\n|turn|17\n|c| The Wildestmutt|that was a nice defog there\n|\n|t:|1699808466\n|switch|p1a: Walking Wake|Walking Wake|100\/100\n|move|p2a: Weezing|Defog|p1a: Walking Wake\n|-unboost|p1a: Walking Wake|evasion|1\n|-sideend|p2: Lyn0730|Stealth Rock|[from] move: Defog|[of] p2a: Weezing\n|\n|upkeep\n|turn|18\n|\n|t:|1699808479\n|-end|p1a: Walking Wake|Protosynthesis|[silent]\n|switch|p1a: Dragonite|Dragonite, F|100\/100\n|switch|p2a: Amoonguss|Amoonguss, M|100\/100\n|\n|upkeep\n|turn|19\n|\n|t:|1699808484\n|switch|p1a: Ting-Lu|Ting-Lu|71\/100 brn\n|-ability|p1a: Ting-Lu|Vessel of Ruin\n|move|p2a: Amoonguss|Spore||[still]\n|-fail|p2a: Amoonguss\n|\n|-heal|p1a: Ting-Lu|77\/100 brn|[from] item: Leftovers\n|-damage|p1a: Ting-Lu|71\/100 brn|[from] brn\n|upkeep\n|turn|20\n|\n|t:|1699808492\n|switch|p2a: Weezing|Weezing-Galar, M, shiny|100\/100\n|move|p1a: Ting-Lu|Stealth Rock|p2a: Weezing\n|-sidestart|p2: Lyn0730|move: Stealth Rock\n|\n|-heal|p1a: Ting-Lu|77\/100 brn|[from] item: Leftovers\n|-damage|p1a: Ting-Lu|71\/100 brn|[from] brn\n|upkeep\n|turn|21\n|\n|t:|1699808500\n|move|p2a: Weezing|Defog|p1a: Ting-Lu\n|-unboost|p1a: Ting-Lu|evasion|1\n|-sideend|p2: Lyn0730|Stealth Rock|[from] move: Defog|[of] p2a: Weezing\n|move|p1a: Ting-Lu|Body Press|p2a: Weezing\n|-resisted|p2a: Weezing\n|-damage|p2a: Weezing|98\/100\n|\n|-heal|p2a: Weezing|100\/100|[from] item: Black Sludge\n|-heal|p1a: Ting-Lu|77\/100 brn|[from] item: Leftovers\n|-damage|p1a: Ting-Lu|71\/100 brn|[from] brn\n|upkeep\n|turn|22\n|\n|t:|1699808507\n|move|p2a: Weezing|Strange Steam|p1a: Ting-Lu\n|-supereffective|p1a: Ting-Lu\n|-crit|p1a: Ting-Lu\n|-damage|p1a: Ting-Lu|37\/100 brn\n|move|p1a: Ting-Lu|Stealth Rock|p2a: Weezing\n|-sidestart|p2: Lyn0730|move: Stealth Rock\n|\n|-heal|p1a: Ting-Lu|43\/100 brn|[from] item: Leftovers\n|-damage|p1a: Ting-Lu|37\/100 brn|[from] brn\n|upkeep\n|turn|23\n|\n|t:|1699808520\n|switch|p1a: Walking Wake|Walking Wake|100\/100\n|move|p2a: Weezing|Defog|p1a: Walking Wake\n|-unboost|p1a: Walking Wake|evasion|1\n|-sideend|p2: Lyn0730|Stealth Rock|[from] move: Defog|[of] p2a: Weezing\n|\n|upkeep\n|turn|24\n|\n|t:|1699808524\n|-end|p1a: Walking Wake|Protosynthesis|[silent]\n|switch|p1a: Dragonite|Dragonite, F|100\/100\n|switch|p2a: Toxapex|Toxapex, M|39\/100\n|\n|upkeep\n|turn|25\n|\n|t:|1699808532\n|switch|p2a: Amoonguss|Amoonguss, M|100\/100\n|move|p1a: Dragonite|Dragon Dance|p1a: Dragonite\n|-boost|p1a: Dragonite|atk|1\n|-boost|p1a: Dragonite|spe|1\n|\n|upkeep\n|turn|26\n|\n|t:|1699808537\n|move|p1a: Dragonite|Ice Spinner|p2a: Amoonguss\n|-supereffective|p2a: Amoonguss\n|-damage|p2a: Amoonguss|24\/100\n|-damage|p1a: Dragonite|84\/100|[from] item: Rocky Helmet|[of] p2a: Amoonguss\n|move|p2a: Amoonguss|Spore|p1a: Dragonite\n|-status|p1a: Dragonite|slp|[from] move: Spore\n|\n|upkeep\n|turn|27\n|\n|t:|1699808545\n|switch|p2a: Yanmega|Yanmega, F, tera:Flying|100\/100\n|cant|p1a: Dragonite|slp\n|\n|upkeep\n|turn|28\n|\n|t:|1699808549\n|-curestatus|p1a: Dragonite|slp|[msg]\n|move|p1a: Dragonite|Ice Spinner|p2a: Yanmega\n|-supereffective|p2a: Yanmega\n|-damage|p2a: Yanmega|0 fnt\n|faint|p2a: Yanmega\n|\n|upkeep\n|\n|t:|1699808556\n|switch|p2a: Mimikyu|Mimikyu, F|91\/100\n|turn|29\n|c| The Wildestmutt|extremely unfourtunate Lyn\n|\n|t:|1699808570\n|move|p1a: Dragonite|Earthquake|p2a: Mimikyu\n|-activate|p2a: Mimikyu|ability: Disguise\n|-damage|p2a: Mimikyu|91\/100\n|detailschange|p2a: Mimikyu|Mimikyu-Busted, F\n|-damage|p2a: Mimikyu|78\/100|[from] pokemon: Mimikyu-Busted\n|move|p2a: Mimikyu|Play Rough|p1a: Dragonite\n|-supereffective|p1a: Dragonite\n|-damage|p1a: Dragonite|0 fnt\n|faint|p1a: Dragonite\n|-damage|p2a: Mimikyu|68\/100|[from] item: Life Orb\n|\n|upkeep\n|\n|t:|1699808578\n|switch|p1a: Great Tusk|Great Tusk|100\/100\n|turn|30\n|\n|t:|1699808588\n|switch|p2a: Weezing|Weezing-Galar, M, shiny|100\/100\n|move|p1a: Great Tusk|Earthquake|p2a: Weezing\n|-immune|p2a: Weezing|[from] ability: Levitate\n|\n|upkeep\n|turn|31\n|c|\u2606shakdaddy8|if u have to rely on sleep to win\n|c|\u2606shakdaddy8|ur not good\n|\n|t:|1699808601\n|-end|p1a: Great Tusk|Protosynthesis|[silent]\n|switch|p1a: Ting-Lu|Ting-Lu|37\/100 brn\n|-ability|p1a: Ting-Lu|Vessel of Ruin\n|move|p2a: Weezing|Strange Steam|p1a: Ting-Lu\n|-supereffective|p1a: Ting-Lu\n|-damage|p1a: Ting-Lu|14\/100 brn\n|\n|-heal|p1a: Ting-Lu|20\/100 brn|[from] item: Leftovers\n|-damage|p1a: Ting-Lu|14\/100 brn|[from] brn\n|upkeep\n|turn|32\n|\n|t:|1699808609\n|move|p2a: Weezing|Strange Steam|p1a: Ting-Lu\n|-supereffective|p1a: Ting-Lu\n|-damage|p1a: Ting-Lu|0 fnt\n|faint|p1a: Ting-Lu\n|\n|upkeep\n|\n|t:|1699808612\n|switch|p1a: Walking Wake|Walking Wake|100\/100\n|turn|33\n|\n|t:|1699808618\n|switch|p2a: Toxapex|Toxapex, M|73\/100\n|move|p1a: Walking Wake|Hydro Steam|p2a: Toxapex\n|-resisted|p2a: Toxapex\n|-damage|p2a: Toxapex|50\/100\n|\n|upkeep\n|turn|34\n|\n|t:|1699808624\n|-end|p1a: Walking Wake|Protosynthesis|[silent]\n|switch|p1a: Great Tusk|Great Tusk|100\/100\n|move|p2a: Toxapex|Toxic Spikes|p1a: Great Tusk\n|-sidestart|p1: shakdaddy8|move: Toxic Spikes\n|\n|upkeep\n|turn|35\n|c| The Wildestmutt|hey, it's a mechanic in the game\n|\n|t:|1699808637\n|switch|p2a: Weezing|Weezing-Galar, M, shiny|100\/100\n|move|p1a: Great Tusk|Close Combat|p2a: Weezing\n|-resisted|p2a: Weezing\n|-damage|p2a: Weezing|89\/100\n|-unboost|p1a: Great Tusk|def|1\n|-unboost|p1a: Great Tusk|spd|1\n|\n|-heal|p2a: Weezing|95\/100|[from] item: Black Sludge\n|upkeep\n|turn|36\n|\n|t:|1699808643\n|move|p1a: Great Tusk|Ice Spinner|p2a: Weezing\n|-crit|p2a: Weezing\n|-damage|p2a: Weezing|64\/100\n|move|p2a: Weezing|Strange Steam|p1a: Great Tusk\n|-supereffective|p1a: Great Tusk\n|-damage|p1a: Great Tusk|0 fnt\n|faint|p1a: Great Tusk\n|-end|p1a: Great Tusk|Protosynthesis|[silent]\n|\n|-heal|p2a: Weezing|70\/100|[from] item: Black Sludge\n|upkeep\n|\n|t:|1699808645\n|switch|p1a: Walking Wake|Walking Wake|100\/100\n|-status|p1a: Walking Wake|psn\n|turn|37\n|-message|shakdaddy8 forfeited.\n|\n|win|Lyn0730\n|raw|shakdaddy8's rating: 1279 &rarr; <strong>1248<\/strong><br \/>(-31 for losing)\n|raw|Lyn0730's rating: 1192 &rarr; <strong>1223<\/strong><br \/>(+31 for winning)\n|l|\u2606shakdaddy8\n|c| The Wildestmutt|if you have no other choice sometimes you just need to have a power nap\n|c| The Wildestmutt|I told him not to call ggs early\n|l| The Wildestmutt\n","uploadtime":1699808917,"views":17,"p1id":"shakdaddy8","p2id":"lyn0730","formatid":"gen9ou","rating":1223,"private":0,"password":""}