{"id":"gen9ou-1988444259","p1":"Wolverine gg","p2":"headcannontester","format":"[Gen 9] OU","log":"|j|\u2606Wolverine gg\n|j|\u2606headcannontester\n|t:|1699723596\n|gametype|singles\n|player|p1|Wolverine gg|102|1144\n|player|p2|headcannontester|will|1232\n|teamsize|p1|6\n|teamsize|p2|6\n|gen|9\n|tier|[Gen 9] OU\n|rated|\n|rule|Sleep Clause Mod: Limit one foe put to sleep\n|rule|Species Clause: Limit one of each Pok\u00e9mon\n|rule|OHKO Clause: OHKO moves are banned\n|rule|Evasion Items Clause: Evasion items are banned\n|rule|Evasion Moves Clause: Evasion moves are banned\n|rule|Endless Battle Clause: Forcing endless battles is banned\n|rule|HP Percentage Mod: HP is shown in percentages\n|clearpoke\n|poke|p1|Uxie|\n|poke|p1|Masquerain, F|\n|poke|p1|Gholdengo|\n|poke|p1|Manaphy|\n|poke|p1|Salamence, M|\n|poke|p1|Cinderace, M|\n|poke|p2|Manaphy|\n|poke|p2|Pelipper, F|\n|poke|p2|Overqwil, F|\n|poke|p2|Ludicolo, F|\n|poke|p2|Pawmot, F|\n|poke|p2|Goodra, M|\n|teampreview\n|inactive|Battle timer is ON: inactive players will automatically lose when time's up. (requested by Wolverine gg)\n|\n|t:|1699723616\n|start\n|switch|p1a: Masquerain|Masquerain, F|100\/100\n|switch|p2a: Pelipper|Pelipper, F|100\/100\n|-ability|p1a: Masquerain|Intimidate|boost\n|-unboost|p2a: Pelipper|atk|1\n|-weather|RainDance|[from] ability: Drizzle|[of] p2a: Pelipper\n|turn|1\n|\n|t:|1699723624\n|move|p1a: Masquerain|Sticky Web|p2a: Pelipper\n|-sidestart|p2: headcannontester|move: Sticky Web\n|move|p2a: Pelipper|Hurricane|p1a: Masquerain\n|-supereffective|p1a: Masquerain\n|-enditem|p1a: Masquerain|Focus Sash\n|-damage|p1a: Masquerain|1\/100\n|\n|-weather|RainDance|[upkeep]\n|upkeep\n|turn|2\n|c|\u2606headcannontester|respect for the masq\n|\n|t:|1699723643\n|move|p1a: Masquerain|Ice Beam|p2a: Pelipper\n|-damage|p2a: Pelipper|60\/100\n|move|p2a: Pelipper|U-turn|p1a: Masquerain\n|-resisted|p1a: Masquerain\n|-damage|p1a: Masquerain|0 fnt\n|faint|p1a: Masquerain\n|\n|t:|1699723660\n|switch|p2a: Manaphy|Manaphy|100\/100|[from] U-turn\n|-activate|p2a: Manaphy|move: Sticky Web\n|-unboost|p2a: Manaphy|spe|1\n|\n|-weather|RainDance|[upkeep]\n|upkeep\n|\n|t:|1699723663\n|switch|p1a: Uxie|Uxie|100\/100\n|turn|3\n|\n|t:|1699723669\n|move|p1a: Uxie|Stealth Rock|p2a: Manaphy\n|-sidestart|p2: headcannontester|move: Stealth Rock\n|move|p2a: Manaphy|Tail Glow|p2a: Manaphy\n|-boost|p2a: Manaphy|spa|3\n|\n|-weather|RainDance|[upkeep]\n|upkeep\n|turn|4\n|\n|t:|1699723680\n|move|p1a: Uxie|Encore|p2a: Manaphy\n|-start|p2a: Manaphy|Encore\n|move|p2a: Manaphy|Tail Glow|p2a: Manaphy\n|-boost|p2a: Manaphy|spa|3\n|\n|-weather|RainDance|[upkeep]\n|upkeep\n|turn|5\n|\n|t:|1699723687\n|move|p1a: Uxie|Memento|p2a: Manaphy\n|-unboost|p2a: Manaphy|atk|2\n|-unboost|p2a: Manaphy|spa|2\n|faint|p1a: Uxie\n|move|p2a: Manaphy|Tail Glow|p2a: Manaphy\n|-boost|p2a: Manaphy|spa|2\n|\n|-weather|RainDance|[upkeep]\n|upkeep\n|\n|t:|1699723689\n|switch|p1a: Salamence|Salamence, M|100\/100\n|turn|6\n|\n|t:|1699723695\n|move|p1a: Salamence|Dragon Claw|p2a: Manaphy\n|-damage|p2a: Manaphy|55\/100\n|-damage|p1a: Salamence|91\/100|[from] item: Life Orb\n|move|p2a: Manaphy|Tail Glow|p2a: Manaphy\n|-boost|p2a: Manaphy|spa|0\n|\n|-weather|RainDance|[upkeep]\n|-end|p2a: Manaphy|Encore\n|upkeep\n|turn|7\n|\n|t:|1699723705\n|-terastallize|p1a: Salamence|Steel\n|move|p1a: Salamence|Dragon Claw|p2a: Manaphy\n|-damage|p2a: Manaphy|7\/100\n|-damage|p1a: Salamence|81\/100|[from] item: Life Orb\n|move|p2a: Manaphy|Rest|p2a: Manaphy\n|-status|p2a: Manaphy|slp|[from] move: Rest\n|-heal|p2a: Manaphy|100\/100 slp|[silent]\n|\n|-weather|RainDance|[upkeep]\n|-activate|p2a: Manaphy|ability: Hydration\n|-curestatus|p2a: Manaphy|slp|[msg]\n|upkeep\n|turn|8\n|c|\u2606headcannontester|yeah this is gross\n|c|\u2606headcannontester|im sorry...\n|\n|t:|1699723724\n|move|p1a: Salamence|Earthquake|p2a: Manaphy\n|-damage|p2a: Manaphy|61\/100\n|-damage|p1a: Salamence|71\/100|[from] item: Life Orb\n|move|p2a: Manaphy|Scald|p1a: Salamence\n|-damage|p1a: Salamence|0 fnt\n|faint|p1a: Salamence\n|\n|-weather|none\n|upkeep\n|l|\u2606Wolverine gg\n|inactive|Wolverine gg disconnected and has a minute to reconnect!\n|player|p1|\n|inactive|Wolverine gg has 30 seconds to reconnect!\n|inactive|Wolverine gg has 20 seconds to reconnect!\n|inactive|Wolverine gg has 15 seconds to reconnect!\n|inactive|Wolverine gg has 10 seconds to reconnect!\n|inactive|Wolverine gg has 5 seconds to reconnect!\n|-message|Wolverine gg lost due to inactivity.\n|\n|win|headcannontester\n|raw|Wolverine gg's rating: 1144 &rarr; <strong>1125<\/strong><br \/>(-19 for losing)\n|raw|headcannontester's rating: 1232 &rarr; <strong>1251<\/strong><br \/>(+19 for winning)\n","uploadtime":1699723841,"views":15,"p1id":"wolverinegg","p2id":"headcannontester","formatid":"gen9ou","rating":1125,"private":0,"password":""}