{"id":"gen9ou-1990609675","p1":"rabootinnit","p2":"LOve4RUssIA","format":"[Gen 9] OU","log":"|j|\u2606rabootinnit\n|j|\u2606LOve4RUssIA\n|t:|1699985472\n|gametype|singles\n|player|p1|rabootinnit|roughneck-gen4|1353\n|player|p2|LOve4RUssIA|1|1362\n|teamsize|p1|6\n|teamsize|p2|6\n|gen|9\n|tier|[Gen 9] OU\n|rated|\n|rule|Sleep Clause Mod: Limit one foe put to sleep\n|rule|Species Clause: Limit one of each Pok\u00e9mon\n|rule|OHKO Clause: OHKO moves are banned\n|rule|Evasion Items Clause: Evasion items are banned\n|rule|Evasion Moves Clause: Evasion moves are banned\n|rule|Endless Battle Clause: Forcing endless battles is banned\n|rule|HP Percentage Mod: HP is shown in percentages\n|clearpoke\n|poke|p1|Slither Wing|\n|poke|p1|Dragapult, M|\n|poke|p1|Rillaboom, M|\n|poke|p1|Enamorus, F|\n|poke|p1|Great Tusk|\n|poke|p1|Ogerpon-Wellspring, F|\n|poke|p2|Amoonguss, M|\n|poke|p2|Blissey, F|\n|poke|p2|Forretress, M|\n|poke|p2|Conkeldurr, M|\n|poke|p2|Milotic, M|\n|poke|p2|Skeledirge, M|\n|teampreview\n|\n|t:|1699985521\n|start\n|switch|p1a: Dragapult|Dragapult, M|100\/100\n|switch|p2a: Forretress|Forretress, M|100\/100\n|turn|1\n|\n|t:|1699985529\n|move|p1a: Dragapult|Shadow Ball|p2a: Forretress\n|-damage|p2a: Forretress|37\/100\n|-damage|p1a: Dragapult|91\/100|[from] item: Life Orb\n|move|p2a: Forretress|Stealth Rock|p1a: Dragapult\n|-sidestart|p1: rabootinnit|move: Stealth Rock\n|\n|upkeep\n|turn|2\n|\n|t:|1699985542\n|switch|p2a: Blissey|Blissey, F|100\/100\n|-terastallize|p1a: Dragapult|Dragon\n|move|p1a: Dragapult|Dragon Darts|p2a: Blissey\n|-damage|p2a: Blissey|64\/100\n|-anim|p1a: Dragapult|Dragon Darts|p2a: Blissey\n|-damage|p2a: Blissey|28\/100\n|-damage|p1a: Dragapult|81\/100|[from] item: Life Orb\n|\n|-heal|p2a: Blissey|34\/100|[from] item: Leftovers\n|upkeep\n|turn|3\n|inactive|Battle timer is ON: inactive players will automatically lose when time's up. (requested by rabootinnit)\n|\n|t:|1699985582\n|move|p1a: Dragapult|Dragon Darts|p2a: Blissey\n|-damage|p2a: Blissey|0 fnt\n|faint|p2a: Blissey\n|-damage|p1a: Dragapult|71\/100|[from] item: Life Orb\n|\n|upkeep\n|\n|t:|1699985596\n|switch|p2a: Milotic|Milotic, M|100\/100\n|turn|4\n|\n|t:|1699985603\n|switch|p1a: Ogerpon|Ogerpon-Wellspring, F|100\/100\n|-damage|p1a: Ogerpon|88\/100|[from] Stealth Rock\n|move|p2a: Milotic|Ice Beam|p1a: Ogerpon\n|-damage|p1a: Ogerpon|62\/100\n|-status|p1a: Ogerpon|frz\n|\n|upkeep\n|turn|5\n|\n|t:|1699985623\n|switch|p1a: Slither Wing|Slither Wing|100\/100\n|-damage|p1a: Slither Wing|88\/100|[from] Stealth Rock\n|-enditem|p1a: Slither Wing|Booster Energy\n|-activate|p1a: Slither Wing|ability: Protosynthesis|[fromitem]\n|-start|p1a: Slither Wing|protosynthesisatk\n|switch|p2a: Amoonguss|Amoonguss, M|100\/100\n|\n|upkeep\n|turn|6\n|inactive|LOve4RUssIA has 120 seconds left.\n|\n|t:|1699985658\n|move|p1a: Slither Wing|Flare Blitz|p2a: Amoonguss\n|-supereffective|p2a: Amoonguss\n|-damage|p2a: Amoonguss|25\/100\n|-damage|p1a: Slither Wing|72\/100|[from] item: Rocky Helmet|[of] p2a: Amoonguss\n|-damage|p1a: Slither Wing|37\/100|[from] Recoil\n|move|p2a: Amoonguss|Foul Play|p1a: Slither Wing\n|-resisted|p1a: Slither Wing\n|-crit|p1a: Slither Wing\n|-damage|p1a: Slither Wing|1\/100\n|\n|upkeep\n|turn|7\n|inactive|LOve4RUssIA has 120 seconds left.\n|\n|t:|1699985684\n|switch|p2a: Skeledirge|Skeledirge, M|100\/100\n|move|p1a: Slither Wing|Flare Blitz|p2a: Skeledirge\n|-resisted|p2a: Skeledirge\n|-crit|p2a: Skeledirge\n|-damage|p2a: Skeledirge|69\/100\n|-damage|p1a: Slither Wing|0 fnt|[from] Recoil\n|faint|p1a: Slither Wing\n|-end|p1a: Slither Wing|Protosynthesis|[silent]\n|\n|upkeep\n|\n|t:|1699985691\n|switch|p1a: Great Tusk|Great Tusk|100\/100\n|-damage|p1a: Great Tusk|98\/100|[from] Stealth Rock\n|-enditem|p1a: Great Tusk|Booster Energy\n|-activate|p1a: Great Tusk|ability: Protosynthesis|[fromitem]\n|-start|p1a: Great Tusk|protosynthesisatk\n|turn|8\n|\n|t:|1699985699\n|-terastallize|p2a: Skeledirge|Fairy\n|move|p1a: Great Tusk|Headlong Rush|p2a: Skeledirge\n|-damage|p2a: Skeledirge|0 fnt\n|-unboost|p1a: Great Tusk|def|1\n|-unboost|p1a: Great Tusk|spd|1\n|faint|p2a: Skeledirge\n|\n|upkeep\n|\n|t:|1699985715\n|switch|p2a: Milotic|Milotic, M|100\/100\n|turn|9\n|\n|t:|1699985719\n|move|p1a: Great Tusk|Headlong Rush|p2a: Milotic\n|-damage|p2a: Milotic|39\/100\n|-unboost|p1a: Great Tusk|def|1\n|-unboost|p1a: Great Tusk|spd|1\n|move|p2a: Milotic|Scald|p1a: Great Tusk\n|-supereffective|p1a: Great Tusk\n|-damage|p1a: Great Tusk|0 fnt\n|faint|p1a: Great Tusk\n|-end|p1a: Great Tusk|Protosynthesis|[silent]\n|\n|-heal|p2a: Milotic|45\/100|[from] item: Leftovers\n|upkeep\n|\n|t:|1699985723\n|switch|p1a: Dragapult|Dragapult, M, tera:Dragon|71\/100\n|-damage|p1a: Dragapult|59\/100|[from] Stealth Rock\n|turn|10\n|inactive|LOve4RUssIA has 120 seconds left.\n|\n|t:|1699985734\n|move|p1a: Dragapult|Dragon Darts|p2a: Milotic\n|-damage|p2a: Milotic|19\/100\n|-anim|p1a: Dragapult|Dragon Darts|p2a: Milotic\n|-damage|p2a: Milotic|0 fnt\n|faint|p2a: Milotic\n|-damage|p1a: Dragapult|49\/100|[from] item: Life Orb\n|\n|upkeep\n|inactive|LOve4RUssIA has 120 seconds left.\n|\n|t:|1699985742\n|switch|p2a: Conkeldurr|Conkeldurr, M|100\/100\n|turn|11\n|\n|t:|1699985748\n|move|p2a: Conkeldurr|Mach Punch|p1a: Dragapult\n|-damage|p1a: Dragapult|12\/100\n|move|p1a: Dragapult|Draco Meteor|p2a: Conkeldurr\n|-damage|p2a: Conkeldurr|24\/100\n|-unboost|p1a: Dragapult|spa|2\n|-damage|p1a: Dragapult|2\/100|[from] item: Life Orb\n|\n|upkeep\n|turn|12\n|\n|t:|1699985758\n|move|p2a: Conkeldurr|Mach Punch|p1a: Dragapult\n|-damage|p1a: Dragapult|0 fnt\n|faint|p1a: Dragapult\n|\n|upkeep\n|\n|t:|1699985766\n|switch|p1a: Enamorus|Enamorus, F|100\/100\n|-damage|p1a: Enamorus|76\/100|[from] Stealth Rock\n|turn|13\n|\n|t:|1699985771\n|switch|p2a: Forretress|Forretress, M|37\/100\n|move|p1a: Enamorus|Mystical Fire|p2a: Forretress\n|-supereffective|p2a: Forretress\n|-damage|p2a: Forretress|0 fnt\n|faint|p2a: Forretress\n|\n|upkeep\n|inactive|LOve4RUssIA has 120 seconds left.\n|inactive|LOve4RUssIA has 90 seconds left.\n|inactive|LOve4RUssIA has 60 seconds left.\n|inactive|LOve4RUssIA has 30 seconds left.\n|inactive|LOve4RUssIA has 20 seconds left.\n|inactive|LOve4RUssIA has 15 seconds left.\n|inactive|LOve4RUssIA has 10 seconds left.\n|inactive|LOve4RUssIA has 5 seconds left.\n|-message|LOve4RUssIA lost due to inactivity.\n|\n|win|rabootinnit\n|raw|rabootinnit's rating: 1353 &rarr; <strong>1374<\/strong><br \/>(+21 for winning)\n|raw|LOve4RUssIA's rating: 1362 &rarr; <strong>1341<\/strong><br \/>(-21 for losing)\n|l|\u2606LOve4RUssIA\n","uploadtime":1699986560,"views":6,"p1id":"rabootinnit","p2id":"love4russia","formatid":"gen9ou","rating":1341,"private":0,"password":""}