{"id":"gen9ou-1994285780","p1":"Vixen 4 Life","p2":"yaboiAshK.","format":"[Gen 9] OU","log":"|j|\u2606Vixen 4 Life\n|j|\u2606yaboiAshK.\n|t:|1700427106\n|gametype|singles\n|player|p1|Vixen 4 Life|penny|1309\n|player|p2|yaboiAshK.|ash-johto|1396\n|teamsize|p1|6\n|teamsize|p2|6\n|gen|9\n|tier|[Gen 9] OU\n|rated|\n|rule|Sleep Clause Mod: Limit one foe put to sleep\n|rule|Species Clause: Limit one of each Pok\u00e9mon\n|rule|OHKO Clause: OHKO moves are banned\n|rule|Evasion Items Clause: Evasion items are banned\n|rule|Evasion Moves Clause: Evasion moves are banned\n|rule|Endless Battle Clause: Forcing endless battles is banned\n|rule|HP Percentage Mod: HP is shown in percentages\n|clearpoke\n|poke|p1|Toxapex, F|\n|poke|p1|Clodsire, M|\n|poke|p1|Corviknight, F|\n|poke|p1|Skeledirge, M|\n|poke|p1|Slowking-Galar, M|\n|poke|p1|Ting-Lu|\n|poke|p2|Dragonite, F|\n|poke|p2|Gholdengo|\n|poke|p2|Amoonguss, F|\n|poke|p2|Iron Valiant|\n|poke|p2|Great Tusk|\n|poke|p2|Ting-Lu|\n|teampreview\n|inactive|Battle timer is ON: inactive players will automatically lose when time's up. (requested by yaboiAshK.)\n|\n|t:|1700427117\n|start\n|switch|p1a: El Cantante|Skeledirge, M, shiny|100\/100\n|switch|p2a: Kandy Muse|Amoonguss, F|100\/100\n|turn|1\n|\n|t:|1700427121\n|move|p1a: El Cantante|Torch Song|p2a: Kandy Muse\n|-supereffective|p2a: Kandy Muse\n|-damage|p2a: Kandy Muse|40\/100\n|-boost|p1a: El Cantante|spa|1\n|-enditem|p2a: Kandy Muse|Red Card|[of] p1a: El Cantante\n|drag|p1a: Sir Typhoon|Corviknight, F, shiny|100\/100\n|move|p2a: Kandy Muse|Spore|p1a: Sir Typhoon\n|-status|p1a: Sir Typhoon|slp|[from] move: Spore\n|\n|upkeep\n|turn|2\n|\n|t:|1700427129\n|switch|p2a: Bucket|Ting-Lu|100\/100\n|-ability|p2a: Bucket|Vessel of Ruin\n|cant|p1a: Sir Typhoon|slp\n|\n|upkeep\n|turn|3\n|\n|t:|1700427132\n|-curestatus|p1a: Sir Typhoon|slp|[msg]\n|move|p1a: Sir Typhoon|Bulk Up|p1a: Sir Typhoon\n|-boost|p1a: Sir Typhoon|atk|1\n|-boost|p1a: Sir Typhoon|def|1\n|move|p2a: Bucket|Ruination|p1a: Sir Typhoon\n|-damage|p1a: Sir Typhoon|50\/100\n|\n|-heal|p1a: Sir Typhoon|57\/100|[from] item: Leftovers\n|upkeep\n|turn|4\n|\n|t:|1700427140\n|move|p1a: Sir Typhoon|Body Press|p2a: Bucket\n|-supereffective|p2a: Bucket\n|-damage|p2a: Bucket|67\/100\n|move|p2a: Bucket|Whirlwind|p1a: Sir Typhoon\n|drag|p1a: Ting-Lu Reaction|Ting-Lu|100\/100\n|-ability|p1a: Ting-Lu Reaction|Vessel of Ruin\n|\n|-heal|p2a: Bucket|74\/100|[from] item: Leftovers\n|upkeep\n|turn|5\n|\n|t:|1700427149\n|move|p1a: Ting-Lu Reaction|Earthquake|p2a: Bucket\n|-damage|p2a: Bucket|37\/100\n|move|p2a: Bucket|Spikes|p1a: Ting-Lu Reaction\n|-sidestart|p1: Vixen 4 Life|Spikes\n|\n|-heal|p2a: Bucket|43\/100|[from] item: Leftovers\n|upkeep\n|turn|6\n|\n|t:|1700427155\n|switch|p2a: Eureka|Great Tusk|100\/100\n|move|p1a: Ting-Lu Reaction|Earthquake|p2a: Eureka\n|-damage|p2a: Eureka|55\/100\n|\n|-heal|p2a: Eureka|61\/100|[from] item: Leftovers\n|upkeep\n|turn|7\n|l|\u2606Vixen 4 Life\n|inactive|Vixen 4 Life disconnected and has a minute to reconnect!\n|player|p1|\n|inactive|Vixen 4 Life has 30 seconds to reconnect!\n|j|\u2606Vixen 4 Life\n|inactive|Vixen 4 Life reconnected and has 105 seconds left.\n|player|p1|Vixen 4 Life|penny\n|\n|t:|1700427212\n|switch|p1a: Sir Typhoon|Corviknight, F, shiny|57\/100\n|move|p2a: Eureka|Stealth Rock|p1a: Sir Typhoon\n|-sidestart|p1: Vixen 4 Life|move: Stealth Rock\n|\n|-heal|p2a: Eureka|68\/100|[from] item: Leftovers\n|-heal|p1a: Sir Typhoon|63\/100|[from] item: Leftovers\n|upkeep\n|turn|8\n|\n|t:|1700427217\n|-end|p2a: Eureka|Protosynthesis|[silent]\n|switch|p2a: Order Up!|Gholdengo|100\/100\n|move|p1a: Sir Typhoon|Bulk Up|p1a: Sir Typhoon\n|-boost|p1a: Sir Typhoon|atk|1\n|-boost|p1a: Sir Typhoon|def|1\n|\n|-heal|p1a: Sir Typhoon|69\/100|[from] item: Leftovers\n|upkeep\n|turn|9\n|\n|t:|1700427220\n|move|p2a: Order Up!|Shadow Ball|p1a: Sir Typhoon\n|-damage|p1a: Sir Typhoon|40\/100\n|move|p1a: Sir Typhoon|Brave Bird|p2a: Order Up!\n|-resisted|p2a: Order Up!\n|-damage|p2a: Order Up!|69\/100\n|-damage|p1a: Sir Typhoon|31\/100|[from] Recoil\n|\n|-heal|p1a: Sir Typhoon|38\/100|[from] item: Leftovers\n|upkeep\n|turn|10\n|inactive|Vixen 4 Life has 120 seconds left.\n|\n|t:|1700427231\n|switch|p1a: Ting-Lu Reaction|Ting-Lu|100\/100\n|-damage|p1a: Ting-Lu Reaction|88\/100|[from] Spikes\n|-damage|p1a: Ting-Lu Reaction|82\/100|[from] Stealth Rock\n|-ability|p1a: Ting-Lu Reaction|Vessel of Ruin\n|move|p2a: Order Up!|Shadow Ball|p1a: Ting-Lu Reaction\n|-resisted|p1a: Ting-Lu Reaction\n|-damage|p1a: Ting-Lu Reaction|70\/100\n|\n|upkeep\n|turn|11\n|inactive|Vixen 4 Life has 120 seconds left.\n|\n|t:|1700427244\n|switch|p2a: Eureka|Great Tusk|68\/100\n|move|p1a: Ting-Lu Reaction|Zen Headbutt|p2a: Eureka\n|-supereffective|p2a: Eureka\n|-damage|p2a: Eureka|17\/100\n|\n|-heal|p2a: Eureka|23\/100|[from] item: Leftovers\n|upkeep\n|turn|12\n|\n|t:|1700427249\n|move|p2a: Eureka|Close Combat|p1a: Ting-Lu Reaction\n|-supereffective|p1a: Ting-Lu Reaction\n|-damage|p1a: Ting-Lu Reaction|0 fnt\n|-unboost|p2a: Eureka|def|1\n|-unboost|p2a: Eureka|spd|1\n|faint|p1a: Ting-Lu Reaction\n|\n|-heal|p2a: Eureka|29\/100|[from] item: Leftovers\n|upkeep\n|\n|t:|1700427252\n|switch|p1a: Sir Typhoon|Corviknight, F, shiny|38\/100\n|-damage|p1a: Sir Typhoon|25\/100|[from] Stealth Rock\n|turn|13\n|\n|t:|1700427256\n|move|p2a: Eureka|Close Combat|p1a: Sir Typhoon\n|-damage|p1a: Sir Typhoon|0 fnt\n|-unboost|p2a: Eureka|def|1\n|-unboost|p2a: Eureka|spd|1\n|faint|p1a: Sir Typhoon\n|\n|-heal|p2a: Eureka|36\/100|[from] item: Leftovers\n|upkeep\n|\n|t:|1700427261\n|switch|p1a: El Cantante|Skeledirge, M, shiny|100\/100\n|-damage|p1a: El Cantante|88\/100|[from] Spikes\n|-damage|p1a: El Cantante|63\/100|[from] Stealth Rock\n|turn|14\n|\n|t:|1700427271\n|-terastallize|p1a: El Cantante|Grass\n|move|p2a: Eureka|Headlong Rush|p1a: El Cantante\n|-resisted|p1a: El Cantante\n|-damage|p1a: El Cantante|41\/100\n|-unboost|p2a: Eureka|def|1\n|-unboost|p2a: Eureka|spd|1\n|move|p1a: El Cantante|Torch Song|p2a: Eureka\n|-damage|p2a: Eureka|0 fnt\n|-boost|p1a: El Cantante|spa|1\n|faint|p2a: Eureka\n|-end|p2a: Eureka|Protosynthesis|[silent]\n|\n|-heal|p1a: El Cantante|47\/100|[from] item: Leftovers\n|upkeep\n|\n|t:|1700427287\n|switch|p2a: Kandy Muse|Amoonguss, F|74\/100\n|turn|15\n|\n|t:|1700427296\n|-terastallize|p2a: Kandy Muse|Water\n|move|p1a: El Cantante|Torch Song|p2a: Kandy Muse\n|-resisted|p2a: Kandy Muse\n|-damage|p2a: Kandy Muse|53\/100\n|-boost|p1a: El Cantante|spa|1\n|move|p2a: Kandy Muse|Toxic|p1a: El Cantante\n|-status|p1a: El Cantante|tox\n|\n|-heal|p1a: El Cantante|53\/100 tox|[from] item: Leftovers\n|-damage|p1a: El Cantante|47\/100 tox|[from] psn\n|upkeep\n|turn|16\n|\n|t:|1700427306\n|switch|p2a: Bucket|Ting-Lu|43\/100\n|-ability|p2a: Bucket|Vessel of Ruin\n|move|p1a: El Cantante|Earth Power|p2a: Bucket\n|-damage|p2a: Bucket|22\/100\n|\n|-heal|p1a: El Cantante|53\/100 tox|[from] item: Leftovers\n|-heal|p2a: Bucket|29\/100|[from] item: Leftovers\n|-damage|p1a: El Cantante|41\/100 tox|[from] psn\n|upkeep\n|turn|17\n|\n|t:|1700427308\n|move|p1a: El Cantante|Torch Song|p2a: Bucket\n|-crit|p2a: Bucket\n|-damage|p2a: Bucket|0 fnt\n|-boost|p1a: El Cantante|spa|1\n|faint|p2a: Bucket\n|\n|-heal|p1a: El Cantante|47\/100 tox|[from] item: Leftovers\n|-damage|p1a: El Cantante|29\/100 tox|[from] psn\n|upkeep\n|\n|t:|1700427317\n|switch|p2a: Slay\/Them|Iron Valiant|100\/100\n|-enditem|p2a: Slay\/Them|Booster Energy\n|-activate|p2a: Slay\/Them|ability: Quark Drive|[fromitem]\n|-start|p2a: Slay\/Them|quarkdrivespe\n|turn|18\n|\n|t:|1700427322\n|move|p2a: Slay\/Them|Moonblast|p1a: El Cantante\n|-damage|p1a: El Cantante|0 fnt\n|faint|p1a: El Cantante\n|\n|upkeep\n|\n|t:|1700427324\n|switch|p1a: Glowking|Slowking-Galar, M, shiny|100\/100\n|-damage|p1a: Glowking|88\/100|[from] Spikes\n|-damage|p1a: Glowking|76\/100|[from] Stealth Rock\n|turn|19\n|\n|t:|1700427328\n|move|p2a: Slay\/Them|Knock Off|p1a: Glowking\n|-supereffective|p1a: Glowking\n|-damage|p1a: Glowking|17\/100\n|-enditem|p1a: Glowking|Assault Vest|[from] move: Knock Off|[of] p2a: Slay\/Them\n|move|p1a: Glowking|Future Sight|p2a: Slay\/Them\n|-start|p1a: Glowking|move: Future Sight\n|\n|upkeep\n|turn|20\n|\n|t:|1700427332\n|move|p2a: Slay\/Them|Knock Off|p1a: Glowking\n|-supereffective|p1a: Glowking\n|-crit|p1a: Glowking\n|-damage|p1a: Glowking|0 fnt\n|faint|p1a: Glowking\n|\n|upkeep\n|\n|t:|1700427334\n|switch|p1a: Pex-A-Plex|Toxapex, F, shiny|100\/100\n|-damage|p1a: Pex-A-Plex|88\/100|[from] Spikes\n|-damage|p1a: Pex-A-Plex|76\/100|[from] Stealth Rock\n|turn|21\n|\n|t:|1700427337\n|-end|p2a: Slay\/Them|Quark Drive|[silent]\n|switch|p2a: Order Up!|Gholdengo|69\/100\n|move|p1a: Pex-A-Plex|Poison Jab|p2a: Order Up!\n|-immune|p2a: Order Up!\n|\n|-end|p2a: Order Up!|move: Future Sight\n|-resisted|p2a: Order Up!\n|-damage|p2a: Order Up!|35\/100\n|upkeep\n|turn|22\n|inactive|Vixen 4 Life has 120 seconds left.\n|\n|t:|1700427370\n|switch|p1a: Da Dirtiest Baby|Clodsire, M, shiny|100\/100\n|move|p2a: Order Up!|Trick|p1a: Da Dirtiest Baby\n|-activate|p2a: Order Up!|move: Trick|[of] p1a: Da Dirtiest Baby\n|-item|p1a: Da Dirtiest Baby|Choice Scarf|[from] move: Trick\n|-item|p2a: Order Up!|Heavy-Duty Boots|[from] move: Trick\n|\n|upkeep\n|turn|23\n|\n|t:|1700427376\n|move|p2a: Order Up!|Recover|p2a: Order Up!\n|-heal|p2a: Order Up!|86\/100\n|move|p1a: Da Dirtiest Baby|Earthquake|p2a: Order Up!\n|-supereffective|p2a: Order Up!\n|-damage|p2a: Order Up!|0 fnt\n|faint|p2a: Order Up!\n|\n|upkeep\n|\n|t:|1700427379\n|switch|p2a: Kornbread|Dragonite, F|100\/100\n|turn|24\n|inactive|Vixen 4 Life has 120 seconds left.\n|\n|t:|1700427414\n|switch|p1a: Pex-A-Plex|Toxapex, F, shiny|100\/100\n|-damage|p1a: Pex-A-Plex|88\/100|[from] Spikes\n|-damage|p1a: Pex-A-Plex|76\/100|[from] Stealth Rock\n|move|p2a: Kornbread|Dragon Dance|p2a: Kornbread\n|-boost|p2a: Kornbread|atk|1\n|-boost|p2a: Kornbread|spe|1\n|\n|upkeep\n|turn|25\n|\n|t:|1700427421\n|move|p2a: Kornbread|Earthquake|p1a: Pex-A-Plex\n|-supereffective|p1a: Pex-A-Plex\n|-damage|p1a: Pex-A-Plex|0 fnt\n|faint|p1a: Pex-A-Plex\n|\n|upkeep\n|inactive|Vixen 4 Life has 120 seconds left.\n|\n|t:|1700427436\n|switch|p1a: Da Dirtiest Baby|Clodsire, M, shiny|100\/100\n|-damage|p1a: Da Dirtiest Baby|88\/100|[from] Spikes\n|-damage|p1a: Da Dirtiest Baby|82\/100|[from] Stealth Rock\n|turn|26\n|\n|t:|1700427446\n|move|p2a: Kornbread|Earthquake|p1a: Da Dirtiest Baby\n|-supereffective|p1a: Da Dirtiest Baby\n|-damage|p1a: Da Dirtiest Baby|0 fnt\n|faint|p1a: Da Dirtiest Baby\n|\n|win|yaboiAshK.\n|raw|Vixen 4 Life's rating: 1309 &rarr; <strong>1294<\/strong><br \/>(-15 for losing)\n|raw|yaboiAshK.'s rating: 1396 &rarr; <strong>1411<\/strong><br \/>(+15 for winning)\n|c|\u2606yaboiAshK.|gg\n","uploadtime":1700427454,"views":8,"p1id":"vixen4life","p2id":"yaboiashk","formatid":"gen9ou","rating":1294,"private":0,"password":""}