{"id":"gen9ou-1994176541","p1":"evilpokefan","p2":"PLAYB0I R0BBIE B","format":"[Gen 9] OU","log":"|j|\u2606evilpokefan\n|j|\u2606PLAYB0I R0BBIE B\n|t:|1700415629\n|gametype|singles\n|player|p1|evilpokefan|169|1052\n|player|p2|PLAYB0I R0BBIE B|eusine|1154\n|teamsize|p1|6\n|teamsize|p2|6\n|gen|9\n|tier|[Gen 9] OU\n|rated|\n|rule|Sleep Clause Mod: Limit one foe put to sleep\n|rule|Species Clause: Limit one of each Pok\u00e9mon\n|rule|OHKO Clause: OHKO moves are banned\n|rule|Evasion Items Clause: Evasion items are banned\n|rule|Evasion Moves Clause: Evasion moves are banned\n|rule|Endless Battle Clause: Forcing endless battles is banned\n|rule|HP Percentage Mod: HP is shown in percentages\n|clearpoke\n|poke|p1|Gallade, M|\n|poke|p1|Samurott-Hisui, F|\n|poke|p1|Dragapult, F|\n|poke|p1|Kingambit, F|\n|poke|p1|Rillaboom, F|\n|poke|p1|Greedent, M|\n|poke|p2|Meowscarada, F|\n|poke|p2|Thundurus-Therian, M|\n|poke|p2|Dragapult, F|\n|poke|p2|Heatran, F|\n|poke|p2|Great Tusk|\n|poke|p2|Slowking-Galar, F|\n|teampreview\n|inactive|Battle timer is ON: inactive players will automatically lose when time's up. (requested by evilpokefan)\n|\n|t:|1700415646\n|start\n|switch|p1a: Samurott|Samurott-Hisui, F|100\/100\n|switch|p2a: ASTROTHUNDER|Thundurus-Therian, M|100\/100\n|turn|1\n|\n|t:|1700415652\n|move|p2a: ASTROTHUNDER|Volt Switch|p1a: Samurott\n|-supereffective|p1a: Samurott\n|-damage|p1a: Samurott|0 fnt\n|faint|p1a: Samurott\n|\n|t:|1700415664\n|switch|p2a: WAKE UP|Slowking-Galar, F|100\/100|[from] Volt Switch\n|\n|upkeep\n|\n|t:|1700415674\n|switch|p1a: Dragapult|Dragapult, F|100\/100\n|turn|2\n|\n|t:|1700415677\n|move|p1a: Dragapult|Dragon Dance|p1a: Dragapult\n|-boost|p1a: Dragapult|atk|1\n|-boost|p1a: Dragapult|spe|1\n|move|p2a: WAKE UP|Future Sight|p1a: Dragapult\n|-start|p2a: WAKE UP|move: Future Sight\n|\n|upkeep\n|turn|3\n|\n|t:|1700415684\n|move|p1a: Dragapult|Dragon Dance|p1a: Dragapult\n|-boost|p1a: Dragapult|atk|1\n|-boost|p1a: Dragapult|spe|1\n|move|p2a: WAKE UP|Sludge Bomb|p1a: Dragapult\n|-resisted|p1a: Dragapult\n|-damage|p1a: Dragapult|77\/100\n|\n|upkeep\n|turn|4\n|\n|t:|1700415687\n|move|p1a: Dragapult|Dragon Darts|p2a: WAKE UP\n|-damage|p2a: WAKE UP|33\/100\n|-anim|p1a: Dragapult|Dragon Darts|p2a: WAKE UP\n|-damage|p2a: WAKE UP|0 fnt\n|faint|p2a: WAKE UP\n|-damage|p1a: Dragapult|67\/100|[from] item: Life Orb\n|\n|-end|p1a: Dragapult|move: Future Sight\n|-damage|p1a: Dragapult|0 fnt\n|faint|p1a: Dragapult\n|upkeep\n|\n|t:|1700415694\n|switch|p1a: Gallade|Gallade, M|100\/100\n|switch|p2a: SICKO MODE|Meowscarada, F|100\/100\n|turn|5\n|\n|t:|1700415711\n|-terastallize|p1a: Gallade|Steel\n|move|p2a: SICKO MODE|Knock Off|p1a: Gallade\n|-start|p2a: SICKO MODE|typechange|Dark|[from] ability: Protean\n|-damage|p1a: Gallade|0 fnt\n|-enditem|p1a: Gallade|Life Orb|[from] move: Knock Off|[of] p2a: SICKO MODE\n|faint|p1a: Gallade\n|\n|upkeep\n|\n|t:|1700415725\n|switch|p1a: Greedent|Greedent, M|100\/100\n|turn|6\n|\n|t:|1700415731\n|switch|p2a: NO BYSTANDERS|Dragapult, F|100\/100\n|move|p1a: Greedent|Body Slam|p2a: NO BYSTANDERS\n|-immune|p2a: NO BYSTANDERS\n|\n|upkeep\n|turn|7\n|\n|t:|1700415734\n|move|p2a: NO BYSTANDERS|Thunder Wave|p1a: Greedent\n|-status|p1a: Greedent|par\n|move|p1a: Greedent|Swords Dance|p1a: Greedent\n|-boost|p1a: Greedent|atk|2\n|\n|upkeep\n|turn|8\n|\n|t:|1700415737\n|move|p2a: NO BYSTANDERS|U-turn|p1a: Greedent\n|-damage|p1a: Greedent|85\/100 par\n|\n|t:|1700415740\n|switch|p2a: YOSEMITE|Great Tusk|100\/100|[from] U-turn\n|move|p1a: Greedent|Gyro Ball|p2a: YOSEMITE\n|-damage|p2a: YOSEMITE|29\/100\n|\n|upkeep\n|turn|9\n|\n|t:|1700415757\n|move|p2a: YOSEMITE|Close Combat|p1a: Greedent\n|-supereffective|p1a: Greedent\n|-damage|p1a: Greedent|0 fnt\n|-unboost|p2a: YOSEMITE|def|1\n|-unboost|p2a: YOSEMITE|spd|1\n|faint|p1a: Greedent\n|\n|upkeep\n|\n|t:|1700415762\n|switch|p1a: Rillaboom|Rillaboom, F|100\/100\n|-fieldstart|move: Grassy Terrain|[from] ability: Grassy Surge|[of] p1a: Rillaboom\n|turn|10\n|\n|t:|1700415773\n|-end|p2a: YOSEMITE|Protosynthesis|[silent]\n|switch|p2a: 5% TINT|Heatran, F|100\/100\n|-item|p2a: 5% TINT|Air Balloon\n|move|p1a: Rillaboom|Earthquake|p2a: 5% TINT\n|-immune|p2a: 5% TINT\n|\n|upkeep\n|turn|11\n|\n|t:|1700415781\n|switch|p1a: Kingambit|Kingambit, F|100\/100\n|-activate|p1a: Kingambit|ability: Supreme Overlord\n|-start|p1a: Kingambit|fallen4|[silent]\n|move|p2a: 5% TINT|Magma Storm|p1a: Kingambit\n|-supereffective|p1a: Kingambit\n|-damage|p1a: Kingambit|4\/100\n|-activate|p1a: Kingambit|move: Magma Storm|[of] p2a: 5% TINT\n|\n|-heal|p1a: Kingambit|10\/100|[from] Grassy Terrain\n|-damage|p1a: Kingambit|0 fnt|[from] move: Magma Storm|[partiallytrapped]\n|faint|p1a: Kingambit\n|-end|p1a: Kingambit|fallen4|[silent]\n|upkeep\n|-message|evilpokefan forfeited.\n|\n|win|PLAYB0I R0BBIE B\n|raw|evilpokefan's rating: 1052 &rarr; <strong>1039<\/strong><br \/>(-13 for losing)\n|raw|PLAYB0I R0BBIE B's rating: 1154 &rarr; <strong>1172<\/strong><br \/>(+18 for winning)\n|l|\u2606evilpokefan\n","uploadtime":1700415790,"views":7,"p1id":"evilpokefan","p2id":"playb0ir0bbieb","formatid":"gen9ou","rating":1039,"private":0,"password":""}