{"id":"gen9ou-1993951185","p1":"hehheiamcheese","p2":"fregene97","format":"[Gen 9] OU","log":"|j|\u2606hehheiamcheese\n|j|\u2606fregene97\n|t:|1700381445\n|gametype|singles\n|player|p1|hehheiamcheese|hilbert|1205\n|player|p2|fregene97|harlequin|1089\n|teamsize|p1|6\n|teamsize|p2|6\n|gen|9\n|tier|[Gen 9] OU\n|rated|\n|rule|Sleep Clause Mod: Limit one foe put to sleep\n|rule|Species Clause: Limit one of each Pok\u00e9mon\n|rule|OHKO Clause: OHKO moves are banned\n|rule|Evasion Items Clause: Evasion items are banned\n|rule|Evasion Moves Clause: Evasion moves are banned\n|rule|Endless Battle Clause: Forcing endless battles is banned\n|rule|HP Percentage Mod: HP is shown in percentages\n|clearpoke\n|poke|p1|Hydreigon, M|\n|poke|p1|Rillaboom, M|\n|poke|p1|Sneasler, M|\n|poke|p1|Ribombee, F|\n|poke|p1|Great Tusk|\n|poke|p1|Kingambit, M|\n|poke|p2|Samurott-Hisui, F|\n|poke|p2|Great Tusk|\n|poke|p2|Kingambit, F|\n|poke|p2|Iron Moth|\n|poke|p2|Hoopa-Unbound|\n|poke|p2|Tornadus-Therian, M|\n|teampreview\n|\n|t:|1700381449\n|start\n|switch|p1a: Ribombee|Ribombee, F|100\/100\n|switch|p2a: Vantablack|Iron Moth, shiny|100\/100\n|turn|1\n|\n|t:|1700381457\n|move|p1a: Ribombee|Sticky Web|p2a: Vantablack\n|-sidestart|p2: fregene97|move: Sticky Web\n|move|p2a: Vantablack|Fiery Dance|p1a: Ribombee\n|-supereffective|p1a: Ribombee\n|-enditem|p1a: Ribombee|Focus Sash\n|-damage|p1a: Ribombee|1\/100\n|\n|upkeep\n|turn|2\n|\n|t:|1700381464\n|move|p1a: Ribombee|Skill Swap||[still]\n|-fail|p1a: Ribombee\n|move|p2a: Vantablack|Fiery Dance|p1a: Ribombee\n|-supereffective|p1a: Ribombee\n|-damage|p1a: Ribombee|0 fnt\n|faint|p1a: Ribombee\n|\n|upkeep\n|\n|t:|1700381472\n|switch|p1a: Great Tusk|Great Tusk|100\/100\n|turn|3\n|\n|t:|1700381476\n|-terastallize|p2a: Vantablack|Fairy\n|move|p2a: Vantablack|Fiery Dance|p1a: Great Tusk\n|-damage|p1a: Great Tusk|42\/100\n|-boost|p2a: Vantablack|spa|1\n|move|p1a: Great Tusk|Rapid Spin|p2a: Vantablack\n|-damage|p2a: Vantablack|68\/100\n|-boost|p1a: Great Tusk|spe|1\n|\n|-heal|p1a: Great Tusk|48\/100|[from] item: Leftovers\n|upkeep\n|turn|4\n|\n|t:|1700381489\n|move|p1a: Great Tusk|Headlong Rush|p2a: Vantablack\n|-damage|p2a: Vantablack|0 fnt\n|-unboost|p1a: Great Tusk|def|1\n|-unboost|p1a: Great Tusk|spd|1\n|faint|p2a: Vantablack\n|-end|p2a: Vantablack|Quark Drive|[silent]\n|\n|-heal|p1a: Great Tusk|54\/100|[from] item: Leftovers\n|upkeep\n|\n|t:|1700381498\n|switch|p2a: Birb|Tornadus-Therian, M, shiny|100\/100\n|turn|5\n|\n|t:|1700381505\n|move|p2a: Birb|Bleakwind Storm|p1a: Great Tusk|[miss]\n|-miss|p2a: Birb|p1a: Great Tusk\n|move|p1a: Great Tusk|Close Combat|p2a: Birb\n|-resisted|p2a: Birb\n|-damage|p2a: Birb|63\/100\n|-unboost|p1a: Great Tusk|def|1\n|-unboost|p1a: Great Tusk|spd|1\n|\n|-heal|p1a: Great Tusk|60\/100|[from] item: Leftovers\n|upkeep\n|turn|6\n|\n|t:|1700381518\n|move|p2a: Birb|Bleakwind Storm|p1a: Great Tusk\n|-supereffective|p1a: Great Tusk\n|-damage|p1a: Great Tusk|0 fnt\n|faint|p1a: Great Tusk\n|-end|p1a: Great Tusk|Protosynthesis|[silent]\n|\n|upkeep\n|\n|t:|1700381523\n|switch|p1a: Rillaboom|Rillaboom, M|100\/100\n|-fieldstart|move: Grassy Terrain|[from] ability: Grassy Surge|[of] p1a: Rillaboom\n|turn|7\n|\n|t:|1700381527\n|move|p1a: Rillaboom|Fake Out|p2a: Birb\n|-damage|p2a: Birb|44\/100\n|cant|p2a: Birb|flinch\n|\n|upkeep\n|turn|8\n|\n|t:|1700381534\n|move|p2a: Birb|Bleakwind Storm|p1a: Rillaboom\n|-supereffective|p1a: Rillaboom\n|-damage|p1a: Rillaboom|17\/100\n|-unboost|p1a: Rillaboom|spe|1\n|move|p1a: Rillaboom|Knock Off|p2a: Birb\n|-damage|p2a: Birb|3\/100\n|-enditem|p2a: Birb|Assault Vest|[from] move: Knock Off|[of] p1a: Rillaboom\n|\n|-heal|p1a: Rillaboom|24\/100|[from] Grassy Terrain\n|upkeep\n|turn|9\n|\n|t:|1700381544\n|move|p1a: Rillaboom|Grassy Glide|p2a: Birb\n|-resisted|p2a: Birb\n|-damage|p2a: Birb|0 fnt\n|faint|p2a: Birb\n|\n|-heal|p1a: Rillaboom|30\/100|[from] Grassy Terrain\n|upkeep\n|\n|t:|1700381547\n|switch|p2a: Walter Tevis|Kingambit, F, shiny|100\/100\n|-activate|p2a: Walter Tevis|move: Sticky Web\n|-unboost|p2a: Walter Tevis|spe|1\n|-activate|p2a: Walter Tevis|ability: Supreme Overlord\n|-start|p2a: Walter Tevis|fallen2|[silent]\n|turn|10\n|\n|t:|1700381556\n|move|p1a: Rillaboom|Wood Hammer|p2a: Walter Tevis\n|-resisted|p2a: Walter Tevis\n|-damage|p2a: Walter Tevis|60\/100\n|-damage|p1a: Rillaboom|17\/100|[from] Recoil\n|move|p2a: Walter Tevis|Swords Dance|p2a: Walter Tevis\n|-boost|p2a: Walter Tevis|atk|2\n|\n|-heal|p1a: Rillaboom|23\/100|[from] Grassy Terrain\n|-heal|p2a: Walter Tevis|67\/100|[from] Grassy Terrain\n|-heal|p2a: Walter Tevis|73\/100|[from] item: Leftovers\n|upkeep\n|turn|11\n|\n|t:|1700381567\n|move|p1a: Rillaboom|Grassy Glide|p2a: Walter Tevis\n|-resisted|p2a: Walter Tevis\n|-damage|p2a: Walter Tevis|56\/100\n|move|p2a: Walter Tevis|Sucker Punch||[still]\n|-fail|p2a: Walter Tevis\n|\n|-heal|p1a: Rillaboom|29\/100|[from] Grassy Terrain\n|-heal|p2a: Walter Tevis|62\/100|[from] Grassy Terrain\n|-heal|p2a: Walter Tevis|69\/100|[from] item: Leftovers\n|-fieldend|move: Grassy Terrain\n|upkeep\n|turn|12\n|\n|t:|1700381579\n|move|p1a: Rillaboom|Wood Hammer|p2a: Walter Tevis\n|-resisted|p2a: Walter Tevis\n|-damage|p2a: Walter Tevis|41\/100\n|-damage|p1a: Rillaboom|20\/100|[from] Recoil\n|move|p2a: Walter Tevis|Kowtow Cleave|p1a: Rillaboom\n|-damage|p1a: Rillaboom|0 fnt\n|faint|p1a: Rillaboom\n|\n|-heal|p2a: Walter Tevis|47\/100|[from] item: Leftovers\n|upkeep\n|\n|t:|1700381589\n|switch|p1a: Hydreigon|Hydreigon, M|100\/100\n|turn|13\n|\n|t:|1700381594\n|move|p2a: Walter Tevis|Sucker Punch|p1a: Hydreigon\n|-resisted|p1a: Hydreigon\n|-damage|p1a: Hydreigon|47\/100\n|move|p1a: Hydreigon|Focus Blast|p2a: Walter Tevis|[miss]\n|-miss|p1a: Hydreigon|p2a: Walter Tevis\n|\n|-heal|p2a: Walter Tevis|54\/100|[from] item: Leftovers\n|upkeep\n|turn|14\n|\n|t:|1700381602\n|move|p2a: Walter Tevis|Sucker Punch||[still]\n|-fail|p2a: Walter Tevis\n|move|p1a: Hydreigon|Focus Energy|p1a: Hydreigon\n|-start|p1a: Hydreigon|move: Focus Energy\n|\n|-heal|p2a: Walter Tevis|60\/100|[from] item: Leftovers\n|upkeep\n|turn|15\n|\n|t:|1700381610\n|move|p1a: Hydreigon|Focus Blast|p2a: Walter Tevis\n|-supereffective|p2a: Walter Tevis\n|-crit|p2a: Walter Tevis\n|-damage|p2a: Walter Tevis|0 fnt\n|faint|p2a: Walter Tevis\n|-end|p2a: Walter Tevis|fallen2|[silent]\n|\n|upkeep\n|\n|t:|1700381613\n|switch|p2a: Dumbo|Great Tusk, shiny|100\/100\n|-activate|p2a: Dumbo|move: Sticky Web\n|-unboost|p2a: Dumbo|spe|1\n|turn|16\n|\n|t:|1700381620\n|-terastallize|p1a: Hydreigon|Poison\n|move|p1a: Hydreigon|Draco Meteor|p2a: Dumbo\n|-crit|p2a: Dumbo\n|-damage|p2a: Dumbo|0 fnt\n|-unboost|p1a: Hydreigon|spa|2\n|faint|p2a: Dumbo\n|-end|p2a: Dumbo|Protosynthesis|[silent]\n|\n|upkeep\n|\n|t:|1700381626\n|switch|p2a: Sekiro|Samurott-Hisui, F, shiny|100\/100\n|-activate|p2a: Sekiro|move: Sticky Web\n|-unboost|p2a: Sekiro|spe|1\n|turn|17\n|\n|t:|1700381632\n|move|p1a: Hydreigon|Draco Meteor|p2a: Sekiro\n|-crit|p2a: Sekiro\n|-damage|p2a: Sekiro|0 fnt\n|-unboost|p1a: Hydreigon|spa|2\n|faint|p2a: Sekiro\n|\n|upkeep\n|\n|t:|1700381634\n|switch|p2a: Nezha|Hoopa-Unbound|100\/100\n|-activate|p2a: Nezha|move: Sticky Web\n|-unboost|p2a: Nezha|spe|1\n|turn|18\n|\n|t:|1700381644\n|move|p1a: Hydreigon|Draco Meteor|p2a: Nezha\n|-crit|p2a: Nezha\n|-damage|p2a: Nezha|25\/100\n|-unboost|p1a: Hydreigon|spa|2\n|move|p2a: Nezha|Dark Pulse|p1a: Hydreigon\n|-damage|p1a: Hydreigon|0 fnt\n|faint|p1a: Hydreigon\n|\n|upkeep\n|\n|t:|1700381654\n|switch|p1a: Sneasler|Sneasler, M|100\/100\n|turn|19\n|\n|t:|1700381658\n|move|p1a: Sneasler|Dire Claw|p2a: Nezha\n|-damage|p2a: Nezha|0 fnt\n|faint|p2a: Nezha\n|\n|win|hehheiamcheese\n|raw|hehheiamcheese's rating: 1205 &rarr; <strong>1222<\/strong><br \/>(+17 for winning)\n|raw|fregene97's rating: 1089 &rarr; <strong>1073<\/strong><br \/>(-16 for losing)\n","uploadtime":1700381666,"views":11,"p1id":"hehheiamcheese","p2id":"fregene97","formatid":"gen9ou","rating":1073,"private":0,"password":""}