{"id":"gen9ou-1989266613","p1":"withheldowl286","p2":"darcry10","format":"[Gen 9] OU","log":"|j|\u2606withheldowl286\n|j|\u2606darcry10\n|t:|1699829781\n|gametype|singles\n|player|p1|withheldowl286|lady-gen4|1103\n|player|p2|darcry10|blue|1105\n|teamsize|p1|6\n|teamsize|p2|6\n|gen|9\n|tier|[Gen 9] OU\n|rated|\n|rule|Sleep Clause Mod: Limit one foe put to sleep\n|rule|Species Clause: Limit one of each Pok\u00e9mon\n|rule|OHKO Clause: OHKO moves are banned\n|rule|Evasion Items Clause: Evasion items are banned\n|rule|Evasion Moves Clause: Evasion moves are banned\n|rule|Endless Battle Clause: Forcing endless battles is banned\n|rule|HP Percentage Mod: HP is shown in percentages\n|clearpoke\n|poke|p1|Garganacl, F|\n|poke|p1|Clodsire, F|\n|poke|p1|Alomomola, F|\n|poke|p1|Corviknight, F|\n|poke|p1|Toxapex, F|\n|poke|p1|Kingambit, M|\n|poke|p2|Glimmora, M|\n|poke|p2|Azumarill, M|\n|poke|p2|Thundurus-Therian, M|\n|poke|p2|Quaquaval, F|\n|poke|p2|Dondozo, M|\n|poke|p2|Greninja-*, M|\n|teampreview\n|inactive|Battle timer is ON: inactive players will automatically lose when time's up. (requested by darcry10)\n|c|\u2606darcry10|fun fact: blue\n|\n|t:|1699829801\n|start\n|switch|p1a: Clodsire|Clodsire, F|100\/100\n|switch|p2a: Thundurus|Thundurus-Therian, M|100\/100\n|-item|p1a: Clodsire|Air Balloon\n|turn|1\n|c|\u2606withheldowl286|very blue yes\n|\n|t:|1699829809\n|switch|p2a: Glimmora|Glimmora, M|100\/100\n|move|p1a: Clodsire|Toxic|p2a: Glimmora\n|-immune|p2a: Glimmora\n|\n|upkeep\n|turn|2\n|\n|t:|1699829815\n|move|p2a: Glimmora|Stealth Rock|p1a: Clodsire\n|-sidestart|p1: withheldowl286|move: Stealth Rock\n|move|p1a: Clodsire|Earthquake|p2a: Glimmora\n|-supereffective|p2a: Glimmora\n|-enditem|p2a: Glimmora|Focus Sash\n|-damage|p2a: Glimmora|1\/100\n|-activate|p2a: Glimmora|ability: Toxic Debris\n|-sidestart|p1: withheldowl286|move: Toxic Spikes\n|\n|upkeep\n|turn|3\n|\n|t:|1699829828\n|switch|p1a: Corviknight|Corviknight, F|100\/100\n|-damage|p1a: Corviknight|88\/100|[from] Stealth Rock\n|-ability|p1a: Corviknight|Pressure\n|move|p2a: Glimmora|Power Gem|p1a: Corviknight\n|-damage|p1a: Corviknight|44\/100\n|\n|upkeep\n|turn|4\n|\n|t:|1699829841\n|move|p2a: Glimmora|Power Gem|p1a: Corviknight\n|-damage|p1a: Corviknight|3\/100\n|move|p1a: Corviknight|U-turn|p2a: Glimmora\n|-resisted|p2a: Glimmora\n|-damage|p2a: Glimmora|0 fnt\n|-activate|p2a: Glimmora|ability: Toxic Debris\n|-sidestart|p1: withheldowl286|move: Toxic Spikes\n|faint|p2a: Glimmora\n|\n|t:|1699829850\n|switch|p1a: Toxapex|Toxapex, F|100\/100|[from] U-turn\n|-damage|p1a: Toxapex|88\/100|[from] Stealth Rock\n|-sideend|p1: withheldowl286|move: Toxic Spikes|[of] p1a: Toxapex\n|\n|-heal|p1a: Toxapex|94\/100|[from] item: Leftovers\n|upkeep\n|\n|t:|1699829863\n|switch|p2a: Thundurus|Thundurus-Therian, M|100\/100\n|turn|5\n|\n|t:|1699829869\n|-terastallize|p1a: Toxapex|Ground\n|move|p2a: Thundurus|Nasty Plot|p2a: Thundurus\n|-boost|p2a: Thundurus|spa|2\n|move|p1a: Toxapex|Toxic|p2a: Thundurus\n|-status|p2a: Thundurus|tox\n|\n|-heal|p1a: Toxapex|100\/100|[from] item: Leftovers\n|-damage|p2a: Thundurus|94\/100 tox|[from] psn\n|upkeep\n|turn|6\n|\n|t:|1699829882\n|move|p2a: Thundurus|Nasty Plot|p2a: Thundurus\n|-boost|p2a: Thundurus|spa|2\n|move|p1a: Toxapex|Haze|p1a: Toxapex\n|-clearallboost\n|\n|-damage|p2a: Thundurus|82\/100 tox|[from] psn\n|upkeep\n|turn|7\n|\n|t:|1699829892\n|switch|p2a: Dondozo|Dondozo, M|100\/100\n|move|p1a: Toxapex|Recover||[still]\n|-fail|p1a: Toxapex|heal\n|\n|upkeep\n|turn|8\n|\n|t:|1699829897\n|move|p1a: Toxapex|Toxic|p2a: Dondozo\n|-status|p2a: Dondozo|tox\n|move|p2a: Dondozo|Curse|p2a: Dondozo\n|-unboost|p2a: Dondozo|spe|1\n|-boost|p2a: Dondozo|atk|1\n|-boost|p2a: Dondozo|def|1\n|\n|-damage|p2a: Dondozo|94\/100 tox|[from] psn\n|upkeep\n|turn|9\n|\n|t:|1699829904\n|move|p1a: Toxapex|Haze|p1a: Toxapex\n|-clearallboost\n|move|p2a: Dondozo|Curse|p2a: Dondozo\n|-unboost|p2a: Dondozo|spe|1\n|-boost|p2a: Dondozo|atk|1\n|-boost|p2a: Dondozo|def|1\n|\n|-heal|p2a: Dondozo|100\/100 tox|[from] item: Leftovers\n|-damage|p2a: Dondozo|88\/100 tox|[from] psn\n|upkeep\n|turn|10\n|\n|t:|1699829913\n|move|p1a: Toxapex|Haze|p1a: Toxapex\n|-clearallboost\n|move|p2a: Dondozo|Wave Crash|p1a: Toxapex\n|-supereffective|p1a: Toxapex\n|-damage|p1a: Toxapex|49\/100\n|-damage|p2a: Dondozo|78\/100 tox|[from] Recoil\n|\n|-heal|p1a: Toxapex|55\/100|[from] item: Leftovers\n|-heal|p2a: Dondozo|84\/100 tox|[from] item: Leftovers\n|-damage|p2a: Dondozo|66\/100 tox|[from] psn\n|upkeep\n|turn|11\n|\n|t:|1699829925\n|switch|p1a: Alomomola|Alomomola, F|100\/100\n|move|p2a: Dondozo|Rest|p2a: Dondozo\n|-status|p2a: Dondozo|slp|[from] move: Rest\n|-heal|p2a: Dondozo|100\/100 slp|[silent]\n|\n|upkeep\n|turn|12\n|\n|t:|1699829936\n|move|p1a: Alomomola|Whirlpool|p2a: Dondozo\n|-resisted|p2a: Dondozo\n|-crit|p2a: Dondozo\n|-damage|p2a: Dondozo|96\/100 slp\n|-activate|p2a: Dondozo|move: Whirlpool|[of] p1a: Alomomola\n|cant|p2a: Dondozo|slp\n|move|p2a: Dondozo|Sleep Talk|p2a: Dondozo\n|move|p2a: Dondozo|Curse|p2a: Dondozo|[from]move: Sleep Talk\n|-unboost|p2a: Dondozo|spe|1\n|-boost|p2a: Dondozo|atk|1\n|-boost|p2a: Dondozo|def|1\n|\n|-heal|p2a: Dondozo|100\/100 slp|[from] item: Leftovers\n|-damage|p2a: Dondozo|88\/100 slp|[from] move: Whirlpool|[partiallytrapped]\n|upkeep\n|turn|13\n|\n|t:|1699829949\n|switch|p1a: Garganacl|Garganacl, F|100\/100\n|cant|p2a: Dondozo|slp\n|move|p2a: Dondozo|Sleep Talk|p2a: Dondozo\n|move|p2a: Dondozo|Rest||[from]move: Sleep Talk|[still]\n|-fail|p2a: Dondozo\n|\n|-heal|p2a: Dondozo|94\/100 slp|[from] item: Leftovers\n|-end|p2a: Dondozo|Whirlpool|[partiallytrapped]|[silent]\n|upkeep\n|turn|14\n|\n|t:|1699829958\n|move|p1a: Garganacl|Salt Cure|p2a: Dondozo\n|-damage|p2a: Dondozo|89\/100 slp\n|-start|p2a: Dondozo|Salt Cure\n|-curestatus|p2a: Dondozo|slp|[msg]\n|move|p2a: Dondozo|Wave Crash|p1a: Garganacl\n|-supereffective|p1a: Garganacl\n|-damage|p1a: Garganacl|11\/100\n|-damage|p2a: Dondozo|66\/100|[from] Recoil\n|\n|-heal|p2a: Dondozo|72\/100|[from] item: Leftovers\n|-damage|p2a: Dondozo|47\/100|[from] Salt Cure\n|upkeep\n|turn|15\n|\n|t:|1699829969\n|switch|p1a: Alomomola|Alomomola, F|100\/100\n|move|p2a: Dondozo|Rest|p2a: Dondozo\n|-status|p2a: Dondozo|slp|[from] move: Rest\n|-heal|p2a: Dondozo|100\/100 slp|[silent]\n|\n|-damage|p2a: Dondozo|75\/100 slp|[from] Salt Cure\n|upkeep\n|turn|16\n|\n|t:|1699829977\n|switch|p2a: Thundurus|Thundurus-Therian, M|82\/100 tox\n|move|p1a: Alomomola|Wish|p1a: Alomomola\n|\n|-damage|p2a: Thundurus|76\/100 tox|[from] psn\n|upkeep\n|turn|17\n|\n|t:|1699829986\n|switch|p1a: Corviknight|Corviknight, F|3\/100\n|-damage|p1a: Corviknight|0 fnt|[from] Stealth Rock\n|faint|p1a: Corviknight\n|move|p2a: Thundurus|Grass Knot|p1: Corviknight|[notarget]\n|-fail|p2a: Thundurus\n|\n|-damage|p2a: Thundurus|64\/100 tox|[from] psn\n|upkeep\n|\n|t:|1699829994\n|switch|p1a: Garganacl|Garganacl, F|11\/100\n|turn|18\n|\n|t:|1699829999\n|move|p2a: Thundurus|Nasty Plot|p2a: Thundurus\n|-boost|p2a: Thundurus|spa|2\n|move|p1a: Garganacl|Recover|p1a: Garganacl\n|-heal|p1a: Garganacl|61\/100\n|\n|-damage|p2a: Thundurus|46\/100 tox|[from] psn\n|upkeep\n|turn|19\n|\n|t:|1699830006\n|move|p2a: Thundurus|Grass Knot|p1a: Garganacl\n|-supereffective|p1a: Garganacl\n|-damage|p1a: Garganacl|0 fnt\n|faint|p1a: Garganacl\n|\n|-damage|p2a: Thundurus|22\/100 tox|[from] psn\n|upkeep\n|\n|t:|1699830013\n|switch|p1a: Toxapex|Toxapex, F, tera:Ground|88\/100\n|-damage|p1a: Toxapex|82\/100|[from] Stealth Rock\n|turn|20\n|\n|t:|1699830018\n|move|p2a: Thundurus|Grass Knot|p1a: Toxapex\n|-supereffective|p1a: Toxapex\n|-damage|p1a: Toxapex|36\/100\n|move|p1a: Toxapex|Recover|p1a: Toxapex\n|-heal|p1a: Toxapex|86\/100\n|\n|-heal|p1a: Toxapex|93\/100|[from] item: Leftovers\n|-damage|p2a: Thundurus|0 fnt|[from] psn\n|faint|p2a: Thundurus\n|upkeep\n|\n|t:|1699830022\n|switch|p2a: Dondozo|Dondozo, M|75\/100 slp\n|turn|21\n|\n|t:|1699830026\n|cant|p2a: Dondozo|slp\n|move|p2a: Dondozo|Sleep Talk|p2a: Dondozo\n|move|p2a: Dondozo|Rest||[from]move: Sleep Talk|[still]\n|-fail|p2a: Dondozo\n|move|p1a: Toxapex|Toxic|p2a: Dondozo|[miss]\n|-miss|p1a: Toxapex|p2a: Dondozo\n|\n|-heal|p1a: Toxapex|99\/100|[from] item: Leftovers\n|-heal|p2a: Dondozo|82\/100 slp|[from] item: Leftovers\n|upkeep\n|turn|22\n|\n|t:|1699830033\n|move|p1a: Toxapex|Chilling Water|p2a: Dondozo\n|-resisted|p2a: Dondozo\n|-crit|p2a: Dondozo\n|-damage|p2a: Dondozo|74\/100 slp\n|-unboost|p2a: Dondozo|atk|1\n|cant|p2a: Dondozo|slp\n|move|p2a: Dondozo|Sleep Talk|p2a: Dondozo\n|move|p2a: Dondozo|Rest||[from]move: Sleep Talk|[still]\n|-fail|p2a: Dondozo\n|\n|-heal|p2a: Dondozo|80\/100 slp|[from] item: Leftovers\n|-heal|p1a: Toxapex|100\/100|[from] item: Leftovers\n|upkeep\n|turn|23\n|\n|t:|1699830044\n|switch|p1a: Alomomola|Alomomola, F|100\/100\n|-curestatus|p2a: Dondozo|slp|[msg]\n|move|p2a: Dondozo|Curse|p2a: Dondozo\n|-unboost|p2a: Dondozo|spe|1\n|-boost|p2a: Dondozo|atk|1\n|-boost|p2a: Dondozo|def|1\n|\n|-heal|p2a: Dondozo|86\/100|[from] item: Leftovers\n|upkeep\n|turn|24\n|\n|t:|1699830052\n|move|p1a: Alomomola|Chilling Water|p2a: Dondozo\n|-resisted|p2a: Dondozo\n|-damage|p2a: Dondozo|82\/100\n|-unboost|p2a: Dondozo|atk|1\n|move|p2a: Dondozo|Curse|p2a: Dondozo\n|-unboost|p2a: Dondozo|spe|1\n|-boost|p2a: Dondozo|atk|1\n|-boost|p2a: Dondozo|def|1\n|\n|-heal|p2a: Dondozo|88\/100|[from] item: Leftovers\n|upkeep\n|turn|25\n|\n|t:|1699830062\n|switch|p2a: Greninja|Greninja, M|100\/100\n|move|p1a: Alomomola|Whirlpool|p2a: Greninja\n|-resisted|p2a: Greninja\n|-damage|p2a: Greninja|96\/100\n|-activate|p2a: Greninja|move: Whirlpool|[of] p1a: Alomomola\n|\n|-damage|p2a: Greninja|84\/100|[from] move: Whirlpool|[partiallytrapped]\n|upkeep\n|turn|26\n|\n|t:|1699830071\n|switch|p1a: Toxapex|Toxapex, F, tera:Ground|100\/100\n|-damage|p1a: Toxapex|94\/100|[from] Stealth Rock\n|move|p2a: Greninja|Dark Pulse|p1a: Toxapex\n|-damage|p1a: Toxapex|57\/100\n|-damage|p2a: Greninja|74\/100|[from] item: Life Orb\n|\n|-heal|p1a: Toxapex|63\/100|[from] item: Leftovers\n|-end|p2a: Greninja|Whirlpool|[partiallytrapped]|[silent]\n|upkeep\n|turn|27\n|\n|t:|1699830080\n|switch|p2a: Dondozo|Dondozo, M|88\/100\n|move|p1a: Toxapex|Toxic|p2a: Dondozo\n|-status|p2a: Dondozo|tox\n|\n|-heal|p1a: Toxapex|70\/100|[from] item: Leftovers\n|-heal|p2a: Dondozo|94\/100 tox|[from] item: Leftovers\n|-damage|p2a: Dondozo|88\/100 tox|[from] psn\n|upkeep\n|turn|28\n|\n|t:|1699830093\n|switch|p2a: Greninja|Greninja, M|74\/100\n|move|p1a: Toxapex|Recover|p1a: Toxapex\n|-heal|p1a: Toxapex|100\/100\n|\n|upkeep\n|turn|29\n|\n|t:|1699830102\n|move|p2a: Greninja|Hydro Pump|p1a: Toxapex|[miss]\n|-miss|p2a: Greninja|p1a: Toxapex\n|move|p1a: Toxapex|Toxic|p2a: Greninja|[miss]\n|-miss|p1a: Toxapex|p2a: Greninja\n|\n|upkeep\n|turn|30\n|\n|t:|1699830107\n|switch|p2a: Dondozo|Dondozo, M|88\/100 tox\n|move|p1a: Toxapex|Toxic|p2a: Dondozo\n|-fail|p2a: Dondozo|tox\n|\n|-heal|p2a: Dondozo|94\/100 tox|[from] item: Leftovers\n|-damage|p2a: Dondozo|88\/100 tox|[from] psn\n|upkeep\n|turn|31\n|\n|t:|1699830111\n|move|p1a: Toxapex|Chilling Water|p2a: Dondozo\n|-resisted|p2a: Dondozo\n|-damage|p2a: Dondozo|83\/100 tox\n|-unboost|p2a: Dondozo|atk|1\n|move|p2a: Dondozo|Curse|p2a: Dondozo\n|-unboost|p2a: Dondozo|spe|1\n|-boost|p2a: Dondozo|atk|1\n|-boost|p2a: Dondozo|def|1\n|\n|-heal|p2a: Dondozo|90\/100 tox|[from] item: Leftovers\n|-damage|p2a: Dondozo|77\/100 tox|[from] psn\n|upkeep\n|turn|32\n|\n|t:|1699830123\n|move|p1a: Toxapex|Chilling Water|p2a: Dondozo\n|-resisted|p2a: Dondozo\n|-damage|p2a: Dondozo|73\/100 tox\n|-unboost|p2a: Dondozo|atk|1\n|move|p2a: Dondozo|Curse|p2a: Dondozo\n|-unboost|p2a: Dondozo|spe|1\n|-boost|p2a: Dondozo|atk|1\n|-boost|p2a: Dondozo|def|1\n|\n|-heal|p2a: Dondozo|79\/100 tox|[from] item: Leftovers\n|-damage|p2a: Dondozo|60\/100 tox|[from] psn\n|upkeep\n|turn|33\n|\n|t:|1699830137\n|move|p1a: Toxapex|Chilling Water|p2a: Dondozo\n|-resisted|p2a: Dondozo\n|-damage|p2a: Dondozo|55\/100 tox\n|-unboost|p2a: Dondozo|atk|1\n|move|p2a: Dondozo|Rest|p2a: Dondozo\n|-status|p2a: Dondozo|slp|[from] move: Rest\n|-heal|p2a: Dondozo|100\/100 slp|[silent]\n|\n|upkeep\n|turn|34\n|\n|t:|1699830158\n|switch|p2a: Greninja|Greninja, M|74\/100\n|move|p1a: Toxapex|Haze|p1a: Toxapex\n|-clearallboost\n|\n|upkeep\n|turn|35\n|\n|t:|1699830165\n|move|p2a: Greninja|Hydro Pump|p1a: Toxapex\n|-supereffective|p1a: Toxapex\n|-damage|p1a: Toxapex|0 fnt\n|faint|p1a: Toxapex\n|-ability|p2a: Greninja|Battle Bond|boost\n|-boost|p2a: Greninja|atk|1\n|-boost|p2a: Greninja|spa|1\n|-boost|p2a: Greninja|spe|1\n|-activate|p2a: Greninja|ability: Battle Bond\n|-damage|p2a: Greninja|64\/100|[from] item: Life Orb\n|\n|upkeep\n|\n|t:|1699830174\n|switch|p1a: Clodsire|Clodsire, F|100\/100\n|-damage|p1a: Clodsire|94\/100|[from] Stealth Rock\n|-item|p1a: Clodsire|Air Balloon\n|turn|36\n|\n|t:|1699830180\n|move|p2a: Greninja|Ice Beam|p1a: Clodsire\n|-supereffective|p1a: Clodsire\n|-damage|p1a: Clodsire|59\/100\n|-enditem|p1a: Clodsire|Air Balloon\n|-damage|p2a: Greninja|54\/100|[from] item: Life Orb\n|move|p1a: Clodsire|Toxic|p2a: Greninja\n|-status|p2a: Greninja|tox\n|\n|-damage|p2a: Greninja|48\/100 tox|[from] psn\n|upkeep\n|turn|37\n|\n|t:|1699830191\n|switch|p1a: Alomomola|Alomomola, F|100\/100\n|move|p2a: Greninja|Hydro Pump|p1a: Alomomola|[miss]\n|-miss|p2a: Greninja|p1a: Alomomola\n|\n|-damage|p2a: Greninja|36\/100 tox|[from] psn\n|upkeep\n|turn|38\n|\n|t:|1699830200\n|move|p1a: Alomomola|Protect|p1a: Alomomola\n|-singleturn|p1a: Alomomola|Protect\n|move|p2a: Greninja|Dark Pulse|p1a: Alomomola\n|-activate|p1a: Alomomola|move: Protect\n|\n|-damage|p2a: Greninja|18\/100 tox|[from] psn\n|upkeep\n|turn|39\n|\n|t:|1699830208\n|move|p2a: Greninja|Hydro Pump|p1a: Alomomola\n|-resisted|p1a: Alomomola\n|-damage|p1a: Alomomola|41\/100\n|-damage|p2a: Greninja|9\/100 tox|[from] item: Life Orb\n|move|p1a: Alomomola|Wish|p1a: Alomomola\n|\n|-damage|p2a: Greninja|0 fnt|[from] psn\n|faint|p2a: Greninja\n|upkeep\n|\n|t:|1699830215\n|switch|p2a: Azumarill|Azumarill, M|100\/100\n|turn|40\n|\n|t:|1699830223\n|move|p1a: Alomomola|Whirlpool|p2a: Azumarill\n|-resisted|p2a: Azumarill\n|-damage|p2a: Azumarill|98\/100\n|-activate|p2a: Azumarill|move: Whirlpool|[of] p1a: Alomomola\n|move|p2a: Azumarill|Belly Drum|p2a: Azumarill\n|-damage|p2a: Azumarill|48\/100\n|-setboost|p2a: Azumarill|atk|6|[from] move: Belly Drum\n|-enditem|p2a: Azumarill|Sitrus Berry|[eat]\n|-heal|p2a: Azumarill|73\/100|[from] item: Sitrus Berry\n|\n|-heal|p1a: Alomomola|91\/100|[from] move: Wish|[wisher] Alomomola\n|-damage|p2a: Azumarill|60\/100|[from] move: Whirlpool|[partiallytrapped]\n|upkeep\n|turn|41\n|\n|t:|1699830233\n|-terastallize|p2a: Azumarill|Water\n|move|p1a: Alomomola|Protect|p1a: Alomomola\n|-singleturn|p1a: Alomomola|Protect\n|move|p2a: Azumarill|Liquidation|p1a: Alomomola\n|-activate|p1a: Alomomola|move: Protect\n|\n|-damage|p2a: Azumarill|48\/100|[from] move: Whirlpool|[partiallytrapped]\n|upkeep\n|turn|42\n|\n|t:|1699830242\n|switch|p1a: Clodsire|Clodsire, F|59\/100\n|-damage|p1a: Clodsire|53\/100|[from] Stealth Rock\n|move|p2a: Azumarill|Liquidation|p1a: Clodsire\n|-supereffective|p1a: Clodsire\n|-damage|p1a: Clodsire|0 fnt\n|faint|p1a: Clodsire\n|\n|-end|p2a: Azumarill|Whirlpool|[partiallytrapped]|[silent]\n|upkeep\n|\n|t:|1699830249\n|switch|p1a: Alomomola|Alomomola, F|100\/100\n|turn|43\n|\n|t:|1699830253\n|move|p1a: Alomomola|Protect|p1a: Alomomola\n|-singleturn|p1a: Alomomola|Protect\n|move|p2a: Azumarill|Liquidation|p1a: Alomomola\n|-activate|p1a: Alomomola|move: Protect\n|\n|upkeep\n|turn|44\n|\n|t:|1699830259\n|move|p1a: Alomomola|Wish|p1a: Alomomola\n|move|p2a: Azumarill|Liquidation|p1a: Alomomola\n|-resisted|p1a: Alomomola\n|-damage|p1a: Alomomola|21\/100\n|\n|upkeep\n|turn|45\n|\n|t:|1699830264\n|move|p1a: Alomomola|Wish||[still]\n|-fail|p1a: Alomomola\n|move|p2a: Azumarill|Liquidation|p1a: Alomomola\n|-resisted|p1a: Alomomola\n|-damage|p1a: Alomomola|0 fnt\n|faint|p1a: Alomomola\n|\n|upkeep\n|\n|t:|1699830271\n|switch|p1a: Kingambit|Kingambit, M|100\/100\n|-damage|p1a: Kingambit|94\/100|[from] Stealth Rock\n|-activate|p1a: Kingambit|ability: Supreme Overlord\n|-start|p1a: Kingambit|fallen5|[silent]\n|turn|46\n|\n|t:|1699830277\n|move|p1a: Kingambit|Sucker Punch|p2a: Azumarill\n|-damage|p2a: Azumarill|0 fnt\n|faint|p2a: Azumarill\n|\n|upkeep\n|\n|t:|1699830280\n|switch|p2a: Quaquaval|Quaquaval, F|100\/100\n|turn|47\n|\n|t:|1699830283\n|move|p1a: Kingambit|Sucker Punch|p2a: Quaquaval\n|-resisted|p2a: Quaquaval\n|-damage|p2a: Quaquaval|54\/100\n|move|p2a: Quaquaval|Close Combat|p1a: Kingambit\n|-supereffective|p1a: Kingambit\n|-damage|p1a: Kingambit|0 fnt\n|-unboost|p2a: Quaquaval|def|1\n|-unboost|p2a: Quaquaval|spd|1\n|faint|p1a: Kingambit\n|-end|p1a: Kingambit|fallen5|[silent]\n|\n|win|darcry10\n|raw|withheldowl286's rating: 1103 &rarr; <strong>1078<\/strong><br \/>(-25 for losing)\n|raw|darcry10's rating: 1105 &rarr; <strong>1130<\/strong><br \/>(+25 for winning)\n|c|\u2606darcry10|gg\n|c|\u2606darcry10|also fuck stall lmao\n|l|\u2606withheldowl286\n","uploadtime":1699830330,"views":16,"p1id":"withheldowl286","p2id":"darcry10","formatid":"gen9ou","rating":1078,"private":0,"password":""}