{"id":"gen9ou-1994714738","p1":"lord97227","p2":"haxusorry","format":"[Gen 9] OU","log":"|j|\u2606lord97227\n|j|\u2606haxusorry\n|t:|1700484802\n|gametype|singles\n|player|p1|lord97227|lance|1348\n|player|p2|haxusorry|riley|1341\n|teamsize|p1|6\n|teamsize|p2|6\n|gen|9\n|tier|[Gen 9] OU\n|rated|\n|rule|Sleep Clause Mod: Limit one foe put to sleep\n|rule|Species Clause: Limit one of each Pok\u00e9mon\n|rule|OHKO Clause: OHKO moves are banned\n|rule|Evasion Items Clause: Evasion items are banned\n|rule|Evasion Moves Clause: Evasion moves are banned\n|rule|Endless Battle Clause: Forcing endless battles is banned\n|rule|HP Percentage Mod: HP is shown in percentages\n|clearpoke\n|poke|p1|Kingambit, F|\n|poke|p1|Great Tusk|\n|poke|p1|Greninja-*, M|\n|poke|p1|Ribombee, F|\n|poke|p1|Dragapult, F|\n|poke|p1|Ceruledge, M|\n|poke|p2|Weavile, F|\n|poke|p2|Amoonguss, M|\n|poke|p2|Great Tusk|\n|poke|p2|Heatran, M|\n|poke|p2|Zapdos|\n|poke|p2|Dragapult, M|\n|teampreview\n|\n|t:|1700484825\n|start\n|switch|p1a: Ceruledge|Ceruledge, M|100\/100\n|switch|p2a: Heatran|Heatran, M|100\/100\n|-item|p2a: Heatran|Air Balloon\n|turn|1\n|inactive|Battle timer is ON: inactive players will automatically lose when time's up. (requested by lord97227)\n|\n|t:|1700484835\n|switch|p2a: Great Tusk|Great Tusk|100\/100\n|move|p1a: Ceruledge|Close Combat|p2a: Great Tusk\n|-damage|p2a: Great Tusk|76\/100\n|-unboost|p1a: Ceruledge|def|1\n|-unboost|p1a: Ceruledge|spd|1\n|-damage|p1a: Ceruledge|84\/100|[from] item: Rocky Helmet|[of] p2a: Great Tusk\n|\n|upkeep\n|turn|2\n|\n|t:|1700484848\n|switch|p1a: Greninja|Greninja, M|100\/100\n|move|p2a: Great Tusk|Rapid Spin|p1a: Greninja\n|-damage|p1a: Greninja|78\/100\n|-boost|p2a: Great Tusk|spe|1\n|\n|upkeep\n|turn|3\n|\n|t:|1700484856\n|-end|p2a: Great Tusk|Protosynthesis|[silent]\n|switch|p2a: Dragapult|Dragapult, M|100\/100\n|-terastallize|p1a: Greninja|Water\n|move|p1a: Greninja|Surf|p2a: Dragapult\n|-resisted|p2a: Dragapult\n|-damage|p2a: Dragapult|63\/100\n|\n|upkeep\n|turn|4\n|\n|t:|1700484870\n|move|p2a: Dragapult|U-turn|p1a: Greninja\n|-damage|p1a: Greninja|50\/100\n|\n|t:|1700484874\n|switch|p2a: Amoonguss|Amoonguss, M|100\/100|[from] U-turn\n|move|p1a: Greninja|Dark Pulse|p2a: Amoonguss\n|-damage|p2a: Amoonguss|67\/100\n|-enditem|p2a: Amoonguss|Red Card|[of] p1a: Greninja\n|drag|p1a: Ribombee|Ribombee, F|100\/100\n|\n|upkeep\n|turn|5\n|\n|t:|1700484885\n|switch|p2a: Zapdos|Zapdos|100\/100\n|move|p1a: Ribombee|Bug Buzz|p2a: Zapdos\n|-resisted|p2a: Zapdos\n|-damage|p2a: Zapdos|88\/100\n|\n|upkeep\n|turn|6\n|\n|t:|1700484893\n|move|p1a: Ribombee|Sticky Web|p2a: Zapdos\n|-sidestart|p2: haxusorry|move: Sticky Web\n|move|p2a: Zapdos|Volt Switch|p1a: Ribombee\n|-damage|p1a: Ribombee|52\/100\n|\n|t:|1700484900\n|switch|p2a: Weavile|Weavile, F|100\/100|[from] Volt Switch\n|-ability|p2a: Weavile|Pressure\n|\n|upkeep\n|turn|7\n|\n|t:|1700484922\n|move|p2a: Weavile|Icicle Crash|p1a: Ribombee\n|-damage|p1a: Ribombee|0 fnt\n|faint|p1a: Ribombee\n|\n|upkeep\n|\n|t:|1700484933\n|switch|p1a: Ceruledge|Ceruledge, M|84\/100\n|turn|8\n|inactive|lord97227 has 120 seconds left.\n|inactive|lord97227 has 90 seconds left.\n|\n|t:|1700484982\n|move|p2a: Weavile|Knock Off|p1a: Ceruledge\n|-supereffective|p1a: Ceruledge\n|-damage|p1a: Ceruledge|0 fnt\n|-enditem|p1a: Ceruledge|Focus Sash|[from] move: Knock Off|[of] p2a: Weavile\n|faint|p1a: Ceruledge\n|\n|upkeep\n|inactive|lord97227 has 90 seconds left.\n|\n|t:|1700485000\n|switch|p1a: Greninja|Greninja, M, tera:Water|50\/100\n|turn|9\n|\n|t:|1700485005\n|move|p1a: Greninja|Water Shuriken|p2a: Weavile\n|-damage|p2a: Weavile|88\/100\n|-damage|p2a: Weavile|75\/100\n|-damage|p2a: Weavile|63\/100\n|-damage|p2a: Weavile|49\/100\n|-damage|p2a: Weavile|37\/100\n|-hitcount|p2a: Weavile|5\n|move|p2a: Weavile|Knock Off|p1a: Greninja\n|-damage|p1a: Greninja|0 fnt\n|-enditem|p1a: Greninja|Loaded Dice|[from] move: Knock Off|[of] p2a: Weavile\n|faint|p1a: Greninja\n|\n|upkeep\n|inactive|lord97227 has 90 seconds left.\n|\n|t:|1700485020\n|switch|p1a: Dragapult|Dragapult, F|100\/100\n|turn|10\n|\n|t:|1700485024\n|switch|p2a: Heatran|Heatran, M|100\/100\n|-item|p2a: Heatran|Air Balloon\n|move|p1a: Dragapult|U-turn|p2a: Heatran\n|-resisted|p2a: Heatran\n|-damage|p2a: Heatran|93\/100\n|-enditem|p2a: Heatran|Air Balloon\n|inactive|lord97227 has 90 seconds left.\n|\n|t:|1700485032\n|switch|p1a: Kingambit|Kingambit, F|100\/100|[from] U-turn\n|-activate|p1a: Kingambit|ability: Supreme Overlord\n|-start|p1a: Kingambit|fallen3|[silent]\n|\n|upkeep\n|turn|11\n|\n|t:|1700485039\n|move|p2a: Heatran|Magma Storm|p1a: Kingambit\n|-supereffective|p1a: Kingambit\n|-damage|p1a: Kingambit|5\/100\n|-activate|p1a: Kingambit|move: Magma Storm|[of] p2a: Heatran\n|move|p1a: Kingambit|Kowtow Cleave|p2a: Heatran\n|-crit|p2a: Heatran\n|-damage|p2a: Heatran|13\/100\n|\n|-damage|p1a: Kingambit|0 fnt|[from] move: Magma Storm|[partiallytrapped]\n|faint|p1a: Kingambit\n|-end|p1a: Kingambit|fallen3|[silent]\n|upkeep\n|inactive|lord97227 has 90 seconds left.\n|\n|t:|1700485051\n|switch|p1a: Dragapult|Dragapult, F|100\/100\n|turn|12\n|c|\u2606haxusorry|Npc?\n|\n|t:|1700485057\n|move|p1a: Dragapult|Dragon Darts|p2a: Heatran\n|-resisted|p2a: Heatran\n|-damage|p2a: Heatran|0 fnt\n|faint|p2a: Heatran\n|\n|upkeep\n|\n|t:|1700485064\n|switch|p2a: Great Tusk|Great Tusk|76\/100\n|-activate|p2a: Great Tusk|move: Sticky Web\n|-unboost|p2a: Great Tusk|spe|1\n|turn|13\n|inactive|lord97227 has 90 seconds left.\n|\n|t:|1700485114\n|move|p1a: Dragapult|Dragon Darts|p2a: Great Tusk\n|-damage|p2a: Great Tusk|51\/100\n|-anim|p1a: Dragapult|Dragon Darts|p2a: Great Tusk\n|-damage|p2a: Great Tusk|29\/100\n|move|p2a: Great Tusk|Knock Off|p1a: Dragapult\n|-supereffective|p1a: Dragapult\n|-damage|p1a: Dragapult|25\/100\n|-enditem|p1a: Dragapult|Choice Band|[from] move: Knock Off|[of] p2a: Great Tusk\n|\n|upkeep\n|turn|14\n|\n|t:|1700485139\n|move|p1a: Dragapult|Dragon Darts|p2a: Great Tusk\n|-damage|p2a: Great Tusk|15\/100\n|-anim|p1a: Dragapult|Dragon Darts|p2a: Great Tusk\n|-damage|p2a: Great Tusk|0 fnt\n|faint|p2a: Great Tusk\n|-end|p2a: Great Tusk|Protosynthesis|[silent]\n|\n|upkeep\n|\n|t:|1700485143\n|switch|p2a: Weavile|Weavile, F|37\/100\n|-ability|p2a: Weavile|Pressure\n|turn|15\n|\n|t:|1700485161\n|move|p1a: Dragapult|Sucker Punch|p2a: Weavile\n|-resisted|p2a: Weavile\n|-damage|p2a: Weavile|19\/100\n|move|p2a: Weavile|Ice Shard|p1a: Dragapult\n|-supereffective|p1a: Dragapult\n|-damage|p1a: Dragapult|0 fnt\n|faint|p1a: Dragapult\n|\n|upkeep\n|-message|lord97227 forfeited.\n|\n|win|haxusorry\n|raw|lord97227's rating: 1348 &rarr; <strong>1328<\/strong><br \/>(-20 for losing)\n|raw|haxusorry's rating: 1341 &rarr; <strong>1361<\/strong><br \/>(+20 for winning)\n|l|\u2606lord97227\n","uploadtime":1700485177,"views":20,"p1id":"lord97227","p2id":"haxusorry","formatid":"gen9ou","rating":1328,"private":0,"password":""}