{"id":"gen9ou-1992634873","p1":"ShittyDitch69","p2":"FECXRGRVT","format":"[Gen 9] OU","log":"|j|\u2606ShittyDitch69\n|j|\u2606FECXRGRVT\n|t:|1700218161\n|gametype|singles\n|player|p1|ShittyDitch69|2|1200\n|player|p2|FECXRGRVT|blackbelt-gen4dp|1114\n|teamsize|p1|6\n|teamsize|p2|6\n|gen|9\n|tier|[Gen 9] OU\n|rated|\n|rule|Sleep Clause Mod: Limit one foe put to sleep\n|rule|Species Clause: Limit one of each Pok\u00e9mon\n|rule|OHKO Clause: OHKO moves are banned\n|rule|Evasion Items Clause: Evasion items are banned\n|rule|Evasion Moves Clause: Evasion moves are banned\n|rule|Endless Battle Clause: Forcing endless battles is banned\n|rule|HP Percentage Mod: HP is shown in percentages\n|clearpoke\n|poke|p1|Dragapult, F|\n|poke|p1|Breloom, F|\n|poke|p1|Ribombee, M|\n|poke|p1|Toxapex, F|\n|poke|p1|Scizor, M|\n|poke|p1|Conkeldurr, M|\n|poke|p2|Heatran, F|\n|poke|p2|Ursaluna, F|\n|poke|p2|Glimmora, M|\n|poke|p2|Rillaboom, F|\n|poke|p2|Dragapult, F|\n|poke|p2|Kingambit, M|\n|teampreview\n|j| Friede275\n|inactive|Battle timer is ON: inactive players will automatically lose when time's up. (requested by ShittyDitch69)\n|\n|t:|1700218184\n|start\n|switch|p1a: Toxapex|Toxapex, F|100\/100\n|switch|p2a: Glimmora|Glimmora, M|100\/100\n|turn|1\n|\n|t:|1700218190\n|move|p2a: Glimmora|Stealth Rock|p1a: Toxapex\n|-sidestart|p1: ShittyDitch69|move: Stealth Rock\n|move|p1a: Toxapex|Surf|p2a: Glimmora\n|-supereffective|p2a: Glimmora\n|-damage|p2a: Glimmora|14\/100\n|\n|upkeep\n|turn|2\n|\n|t:|1700218195\n|move|p2a: Glimmora|Earth Power|p1a: Toxapex\n|-supereffective|p1a: Toxapex\n|-damage|p1a: Toxapex|64\/100\n|-unboost|p1a: Toxapex|spd|1\n|move|p1a: Toxapex|Surf|p2a: Glimmora\n|-supereffective|p2a: Glimmora\n|-damage|p2a: Glimmora|0 fnt\n|faint|p2a: Glimmora\n|\n|upkeep\n|\n|t:|1700218209\n|switch|p2a: Dragapult|Dragapult, F|100\/100\n|turn|3\n|\n|t:|1700218214\n|move|p2a: Dragapult|Thunderbolt|p1a: Toxapex\n|-supereffective|p1a: Toxapex\n|-damage|p1a: Toxapex|0 fnt\n|faint|p1a: Toxapex\n|\n|upkeep\n|\n|t:|1700218219\n|switch|p1a: Conkeldurr|Conkeldurr, M|100\/100\n|-damage|p1a: Conkeldurr|94\/100|[from] Stealth Rock\n|turn|4\n|\n|t:|1700218230\n|switch|p2a: Rillaboom|Rillaboom, F|100\/100\n|-fieldstart|move: Grassy Terrain|[from] ability: Grassy Surge|[of] p2a: Rillaboom\n|move|p1a: Conkeldurr|Defog|p2a: Rillaboom\n|-unboost|p2a: Rillaboom|evasion|1\n|-sideend|p1: ShittyDitch69|Stealth Rock|[from] move: Defog|[of] p1a: Conkeldurr\n|-fieldend|move: Grassy Terrain\n|\n|-status|p1a: Conkeldurr|brn|[from] item: Flame Orb\n|upkeep\n|turn|5\n|\n|t:|1700218238\n|move|p2a: Rillaboom|U-turn|p1a: Conkeldurr\n|-resisted|p1a: Conkeldurr\n|-damage|p1a: Conkeldurr|79\/100 brn\n|\n|t:|1700218241\n|switch|p2a: Dragapult|Dragapult, F|100\/100|[from] U-turn\n|move|p1a: Conkeldurr|Close Combat|p2a: Dragapult\n|-immune|p2a: Dragapult\n|\n|-damage|p1a: Conkeldurr|73\/100 brn|[from] brn\n|upkeep\n|turn|6\n|\n|t:|1700218247\n|switch|p1a: Ribombee|Ribombee, M|100\/100\n|move|p2a: Dragapult|Draco Meteor|p1a: Ribombee\n|-immune|p1a: Ribombee\n|\n|upkeep\n|turn|7\n|\n|t:|1700218252\n|switch|p2a: Heatran|Heatran, F|100\/100\n|move|p1a: Ribombee|U-turn|p2a: Heatran\n|-resisted|p2a: Heatran\n|-damage|p2a: Heatran|97\/100\n|\n|t:|1700218258\n|switch|p1a: Conkeldurr|Conkeldurr, M|73\/100 brn|[from] U-turn\n|\n|-damage|p1a: Conkeldurr|67\/100 brn|[from] brn\n|upkeep\n|turn|8\n|\n|t:|1700218265\n|switch|p2a: Rillaboom|Rillaboom, F|100\/100\n|-fieldstart|move: Grassy Terrain|[from] ability: Grassy Surge|[of] p2a: Rillaboom\n|move|p1a: Conkeldurr|Knock Off|p2a: Rillaboom\n|-damage|p2a: Rillaboom|43\/100\n|-enditem|p2a: Rillaboom|Choice Band|[from] move: Knock Off|[of] p1a: Conkeldurr\n|\n|-heal|p2a: Rillaboom|49\/100|[from] Grassy Terrain\n|-heal|p1a: Conkeldurr|73\/100 brn|[from] Grassy Terrain\n|-damage|p1a: Conkeldurr|67\/100 brn|[from] brn\n|upkeep\n|turn|9\n|\n|t:|1700218275\n|move|p2a: Rillaboom|Grassy Glide|p1a: Conkeldurr\n|-damage|p1a: Conkeldurr|31\/100 brn\n|move|p1a: Conkeldurr|Mach Punch|p2a: Rillaboom\n|-damage|p2a: Rillaboom|16\/100\n|\n|-heal|p2a: Rillaboom|22\/100|[from] Grassy Terrain\n|-heal|p1a: Conkeldurr|38\/100 brn|[from] Grassy Terrain\n|-damage|p1a: Conkeldurr|31\/100 brn|[from] brn\n|upkeep\n|turn|10\n|\n|t:|1700218285\n|switch|p1a: Scizor|Scizor, M|100\/100\n|move|p2a: Rillaboom|Grassy Glide|p1a: Scizor\n|-resisted|p1a: Scizor\n|-damage|p1a: Scizor|91\/100\n|\n|-heal|p2a: Rillaboom|28\/100|[from] Grassy Terrain\n|-heal|p1a: Scizor|97\/100|[from] Grassy Terrain\n|-heal|p1a: Scizor|100\/100|[from] item: Leftovers\n|upkeep\n|turn|11\n|\n|t:|1700218302\n|switch|p2a: Heatran|Heatran, F|97\/100\n|switch|p1a: Conkeldurr|Conkeldurr, M|31\/100 brn\n|\n|-heal|p2a: Heatran|100\/100|[from] Grassy Terrain\n|-heal|p1a: Conkeldurr|38\/100 brn|[from] Grassy Terrain\n|-damage|p1a: Conkeldurr|31\/100 brn|[from] brn\n|upkeep\n|turn|12\n|\n|t:|1700218312\n|move|p1a: Conkeldurr|Mach Punch|p2a: Heatran\n|-supereffective|p2a: Heatran\n|-damage|p2a: Heatran|29\/100\n|move|p2a: Heatran|Flamethrower|p1a: Conkeldurr\n|-damage|p1a: Conkeldurr|0 fnt\n|faint|p1a: Conkeldurr\n|\n|-heal|p2a: Heatran|35\/100|[from] Grassy Terrain\n|-fieldend|move: Grassy Terrain\n|upkeep\n|\n|t:|1700218320\n|switch|p1a: Ribombee|Ribombee, M|100\/100\n|turn|13\n|\n|t:|1700218323\n|-terastallize|p1a: Ribombee|Ground\n|move|p2a: Heatran|Flamethrower|p1a: Ribombee\n|-damage|p1a: Ribombee|19\/100\n|move|p1a: Ribombee|Tera Blast|p2a: Heatran|[anim] Tera Blast Ground\n|-supereffective|p2a: Heatran\n|-damage|p2a: Heatran|0 fnt\n|faint|p2a: Heatran\n|\n|upkeep\n|\n|t:|1700218332\n|switch|p2a: Rillaboom|Rillaboom, F|28\/100\n|-fieldstart|move: Grassy Terrain|[from] ability: Grassy Surge|[of] p2a: Rillaboom\n|turn|14\n|\n|t:|1700218336\n|switch|p1a: Scizor|Scizor, M|100\/100\n|move|p2a: Rillaboom|Grassy Glide|p1a: Scizor\n|-resisted|p1a: Scizor\n|-damage|p1a: Scizor|90\/100\n|\n|-heal|p2a: Rillaboom|34\/100|[from] Grassy Terrain\n|-heal|p1a: Scizor|96\/100|[from] Grassy Terrain\n|-heal|p1a: Scizor|100\/100|[from] item: Leftovers\n|upkeep\n|turn|15\n|\n|t:|1700218351\n|switch|p2a: Dragapult|Dragapult, F|100\/100\n|move|p1a: Scizor|Swords Dance|p1a: Scizor\n|-boost|p1a: Scizor|atk|2\n|\n|upkeep\n|turn|16\n|\n|t:|1700218355\n|move|p1a: Scizor|Bullet Punch|p2a: Dragapult\n|-damage|p2a: Dragapult|9\/100\n|move|p2a: Dragapult|Shadow Ball|p1a: Scizor\n|-damage|p1a: Scizor|30\/100\n|\n|-heal|p2a: Dragapult|15\/100|[from] Grassy Terrain\n|-heal|p1a: Scizor|36\/100|[from] Grassy Terrain\n|-heal|p1a: Scizor|42\/100|[from] item: Leftovers\n|upkeep\n|turn|17\n|\n|t:|1700218364\n|move|p1a: Scizor|Bullet Punch|p2a: Dragapult\n|-damage|p2a: Dragapult|0 fnt\n|faint|p2a: Dragapult\n|\n|-heal|p1a: Scizor|48\/100|[from] Grassy Terrain\n|-heal|p1a: Scizor|54\/100|[from] item: Leftovers\n|upkeep\n|\n|t:|1700218367\n|switch|p2a: Kingambit|Kingambit, M|100\/100\n|-activate|p2a: Kingambit|ability: Supreme Overlord\n|-start|p2a: Kingambit|fallen3|[silent]\n|turn|18\n|\n|t:|1700218380\n|move|p1a: Scizor|Pounce|p2a: Kingambit\n|-damage|p2a: Kingambit|43\/100\n|-unboost|p2a: Kingambit|spe|1\n|move|p2a: Kingambit|Swords Dance|p2a: Kingambit\n|-boost|p2a: Kingambit|atk|2\n|\n|-heal|p1a: Scizor|61\/100|[from] Grassy Terrain\n|-heal|p1a: Scizor|67\/100|[from] item: Leftovers\n|-heal|p2a: Kingambit|49\/100|[from] Grassy Terrain\n|-heal|p2a: Kingambit|55\/100|[from] item: Leftovers\n|-fieldend|move: Grassy Terrain\n|upkeep\n|turn|19\n|\n|t:|1700218386\n|move|p1a: Scizor|Bullet Punch|p2a: Kingambit\n|-resisted|p2a: Kingambit\n|-damage|p2a: Kingambit|33\/100\n|move|p2a: Kingambit|Sucker Punch||[still]\n|-fail|p2a: Kingambit\n|\n|-heal|p1a: Scizor|73\/100|[from] item: Leftovers\n|-heal|p2a: Kingambit|39\/100|[from] item: Leftovers\n|upkeep\n|turn|20\n|\n|t:|1700218392\n|move|p1a: Scizor|Bullet Punch|p2a: Kingambit\n|-resisted|p2a: Kingambit\n|-damage|p2a: Kingambit|14\/100\n|move|p2a: Kingambit|Sucker Punch||[still]\n|-fail|p2a: Kingambit\n|\n|-heal|p1a: Scizor|79\/100|[from] item: Leftovers\n|-heal|p2a: Kingambit|20\/100|[from] item: Leftovers\n|upkeep\n|turn|21\n|\n|t:|1700218397\n|move|p1a: Scizor|Bullet Punch|p2a: Kingambit\n|-resisted|p2a: Kingambit\n|-damage|p2a: Kingambit|0 fnt\n|faint|p2a: Kingambit\n|-end|p2a: Kingambit|fallen3|[silent]\n|\n|-heal|p1a: Scizor|85\/100|[from] item: Leftovers\n|upkeep\n|-message|FECXRGRVT forfeited.\n|\n|win|ShittyDitch69\n|raw|ShittyDitch69's rating: 1200 &rarr; <strong>1219<\/strong><br \/>(+19 for winning)\n|raw|FECXRGRVT's rating: 1114 &rarr; <strong>1095<\/strong><br \/>(-19 for losing)\n|l|\u2606FECXRGRVT\n","uploadtime":1700218403,"views":8,"p1id":"shittyditch69","p2id":"fecxrgrvt","formatid":"gen9ou","rating":1095,"private":0,"password":""}