{"id":"gen9ou-1988785554","p1":"monerokitten","p2":"pochaccokun","format":"[Gen 9] OU","log":"|j|\u2606monerokitten\n|j|\u2606pochaccokun\n|t:|1699762892\n|gametype|singles\n|player|p1|monerokitten|2|1236\n|player|p2|pochaccokun|caitlin|1156\n|teamsize|p1|6\n|teamsize|p2|6\n|gen|9\n|tier|[Gen 9] OU\n|rated|\n|rule|Sleep Clause Mod: Limit one foe put to sleep\n|rule|Species Clause: Limit one of each Pok\u00e9mon\n|rule|OHKO Clause: OHKO moves are banned\n|rule|Evasion Items Clause: Evasion items are banned\n|rule|Evasion Moves Clause: Evasion moves are banned\n|rule|Endless Battle Clause: Forcing endless battles is banned\n|rule|HP Percentage Mod: HP is shown in percentages\n|clearpoke\n|poke|p1|Ribombee, M|\n|poke|p1|Manaphy|\n|poke|p1|Kingambit, M|\n|poke|p1|Great Tusk|\n|poke|p1|Iron Moth|\n|poke|p1|Gholdengo|\n|poke|p2|Ribombee, M|\n|poke|p2|Gliscor, F|\n|poke|p2|Gholdengo|\n|poke|p2|Garganacl, M|\n|poke|p2|Weavile, F|\n|poke|p2|Kingambit, F|\n|teampreview\n|inactive|Battle timer is ON: inactive players will automatically lose when time's up. (requested by monerokitten)\n|\n|t:|1699762914\n|start\n|switch|p1a: Ribombee|Ribombee, M|100\/100\n|switch|p2a: Ribombee|Ribombee, M, shiny|100\/100\n|turn|1\n|\n|t:|1699762928\n|move|p1a: Ribombee|Sticky Web|p2a: Ribombee\n|-sidestart|p2: pochaccokun|move: Sticky Web\n|move|p2a: Ribombee|Stun Spore|p1a: Ribombee\n|-status|p1a: Ribombee|par\n|\n|upkeep\n|turn|2\n|\n|t:|1699762937\n|switch|p1a: Manaphy|Manaphy|100\/100\n|move|p2a: Ribombee|Sticky Web|p1a: Manaphy\n|-sidestart|p1: monerokitten|move: Sticky Web\n|\n|upkeep\n|turn|3\n|\n|t:|1699762942\n|move|p2a: Ribombee|Stun Spore|p1a: Manaphy\n|-status|p1a: Manaphy|par\n|move|p1a: Manaphy|Take Heart|p1a: Manaphy\n|-boost|p1a: Manaphy|spa|1\n|-boost|p1a: Manaphy|spd|1\n|-curestatus|p1a: Manaphy|par|[msg]\n|\n|upkeep\n|turn|4\n|\n|t:|1699762964\n|switch|p2a: Garganacl|Garganacl, M|100\/100\n|-activate|p2a: Garganacl|move: Sticky Web\n|-unboost|p2a: Garganacl|spe|1\n|move|p1a: Manaphy|Acid Armor|p1a: Manaphy\n|-boost|p1a: Manaphy|def|2\n|\n|upkeep\n|turn|5\n|\n|t:|1699762978\n|-terastallize|p2a: Garganacl|Ghost\n|move|p1a: Manaphy|Scald|p2a: Garganacl\n|-damage|p2a: Garganacl|55\/100\n|move|p2a: Garganacl|Salt Cure|p1a: Manaphy\n|-damage|p1a: Manaphy|94\/100\n|-start|p1a: Manaphy|Salt Cure\n|\n|-heal|p1a: Manaphy|100\/100|[from] item: Leftovers\n|-heal|p2a: Garganacl|61\/100|[from] item: Leftovers\n|-damage|p1a: Manaphy|76\/100|[from] Salt Cure\n|upkeep\n|turn|6\n|\n|t:|1699763005\n|switch|p1a: Great Tusk|Great Tusk|100\/100\n|move|p2a: Garganacl|Stealth Rock|p1a: Great Tusk\n|-sidestart|p1: monerokitten|move: Stealth Rock\n|\n|-heal|p2a: Garganacl|67\/100|[from] item: Leftovers\n|upkeep\n|turn|7\n|\n|t:|1699763017\n|switch|p2a: Ribombee|Ribombee, M, shiny|100\/100\n|move|p1a: Great Tusk|Knock Off|p2a: Ribombee\n|-resisted|p2a: Ribombee\n|-damage|p2a: Ribombee|68\/100\n|-enditem|p2a: Ribombee|Heavy-Duty Boots|[from] move: Knock Off|[of] p1a: Great Tusk\n|\n|upkeep\n|turn|8\n|\n|t:|1699763031\n|move|p2a: Ribombee|Moonblast|p1a: Great Tusk\n|-supereffective|p1a: Great Tusk\n|-damage|p1a: Great Tusk|0 fnt\n|faint|p1a: Great Tusk\n|-end|p1a: Great Tusk|Protosynthesis|[silent]\n|\n|upkeep\n|-message|monerokitten forfeited.\n|\n|win|pochaccokun\n|raw|monerokitten's rating: 1236 &rarr; <strong>1205<\/strong><br \/>(-31 for losing)\n|raw|pochaccokun's rating: 1156 &rarr; <strong>1187<\/strong><br \/>(+31 for winning)\n|l|\u2606monerokitten\n","uploadtime":1699763042,"views":36,"p1id":"monerokitten","p2id":"pochaccokun","formatid":"gen9ou","rating":1187,"private":0,"password":""}