{"id":"gen9ou-1989368937","p1":"skyblade64","p2":"Smelly Von Beli","format":"[Gen 9] OU","log":"|j|\u2606skyblade64\n|j|\u2606Smelly Von Beli\n|t:|1699841643\n|gametype|singles\n|player|p1|skyblade64|cynthia-masters|1403\n|player|p2|Smelly Von Beli|brycenman|1290\n|teamsize|p1|6\n|teamsize|p2|6\n|gen|9\n|tier|[Gen 9] OU\n|rated|\n|rule|Sleep Clause Mod: Limit one foe put to sleep\n|rule|Species Clause: Limit one of each Pok\u00e9mon\n|rule|OHKO Clause: OHKO moves are banned\n|rule|Evasion Items Clause: Evasion items are banned\n|rule|Evasion Moves Clause: Evasion moves are banned\n|rule|Endless Battle Clause: Forcing endless battles is banned\n|rule|HP Percentage Mod: HP is shown in percentages\n|clearpoke\n|poke|p1|Ting-Lu|\n|poke|p1|Gholdengo|\n|poke|p1|Iron Valiant|\n|poke|p1|Kingambit, M|\n|poke|p1|Great Tusk|\n|poke|p1|Zapdos|\n|poke|p2|Kingambit, F|\n|poke|p2|Garganacl, M|\n|poke|p2|Gholdengo|\n|poke|p2|Ribombee, M|\n|poke|p2|Blissey, F|\n|poke|p2|Iron Valiant|\n|teampreview\n|inactive|Battle timer is ON: inactive players will automatically lose when time's up. (requested by Smelly Von Beli)\n|c|\u2606skyblade64|glhf\n|\n|t:|1699841661\n|start\n|switch|p1a: Ting-Lu|Ting-Lu|100\/100\n|switch|p2a: Ribombee|Ribombee, M|100\/100\n|-ability|p1a: Ting-Lu|Vessel of Ruin\n|turn|1\n|\n|t:|1699841669\n|move|p2a: Ribombee|Trick|p1a: Ting-Lu\n|-activate|p2a: Ribombee|move: Trick|[of] p1a: Ting-Lu\n|-item|p1a: Ting-Lu|Choice Scarf|[from] move: Trick\n|-item|p2a: Ribombee|Leftovers|[from] move: Trick\n|move|p1a: Ting-Lu|Spikes|p2a: Ribombee\n|-sidestart|p2: Smelly Von Beli|Spikes\n|\n|upkeep\n|turn|2\n|\n|t:|1699841675\n|move|p2a: Ribombee|Sticky Web|p1a: Ting-Lu\n|-sidestart|p1: skyblade64|move: Sticky Web\n|move|p1a: Ting-Lu|Spikes|p2a: Ribombee\n|-sidestart|p2: Smelly Von Beli|Spikes\n|\n|upkeep\n|turn|3\n|\n|t:|1699841680\n|move|p2a: Ribombee|Moonblast|p1a: Ting-Lu\n|-supereffective|p1a: Ting-Lu\n|-damage|p1a: Ting-Lu|69\/100\n|move|p1a: Ting-Lu|Spikes|p2a: Ribombee\n|-sidestart|p2: Smelly Von Beli|Spikes\n|\n|upkeep\n|turn|4\n|\n|t:|1699841690\n|switch|p1a: Zapdos|Zapdos|100\/100\n|move|p2a: Ribombee|Moonblast|p1a: Zapdos\n|-damage|p1a: Zapdos|62\/100\n|-unboost|p1a: Zapdos|spa|1\n|\n|upkeep\n|turn|5\n|\n|t:|1699841697\n|move|p2a: Ribombee|Moonblast|p1a: Zapdos\n|-damage|p1a: Zapdos|24\/100\n|move|p1a: Zapdos|Hurricane|p2a: Ribombee\n|-supereffective|p2a: Ribombee\n|-damage|p2a: Ribombee|0 fnt\n|faint|p2a: Ribombee\n|\n|upkeep\n|\n|t:|1699841706\n|switch|p2a: Garganacl|Garganacl, M|100\/100\n|-damage|p2a: Garganacl|75\/100|[from] Spikes\n|turn|6\n|\n|t:|1699841711\n|move|p1a: Zapdos|Volt Switch|p2a: Garganacl\n|-damage|p2a: Garganacl|63\/100\n|\n|t:|1699841714\n|switch|p1a: Great Tusk|Great Tusk|100\/100|[from] Volt Switch\n|-activate|p1a: Great Tusk|move: Sticky Web\n|-unboost|p1a: Great Tusk|spe|1\n|move|p2a: Garganacl|Curse|p2a: Garganacl\n|-unboost|p2a: Garganacl|spe|1\n|-boost|p2a: Garganacl|atk|1\n|-boost|p2a: Garganacl|def|1\n|\n|-heal|p2a: Garganacl|69\/100|[from] item: Leftovers\n|upkeep\n|turn|7\n|\n|t:|1699841726\n|move|p2a: Garganacl|Protect|p2a: Garganacl\n|-singleturn|p2a: Garganacl|Protect\n|move|p1a: Great Tusk|Knock Off|p2a: Garganacl\n|-activate|p2a: Garganacl|move: Protect\n|\n|-heal|p2a: Garganacl|75\/100|[from] item: Leftovers\n|upkeep\n|turn|8\n|\n|t:|1699841734\n|move|p1a: Great Tusk|Rapid Spin|p2a: Garganacl\n|-resisted|p2a: Garganacl\n|-damage|p2a: Garganacl|71\/100\n|-boost|p1a: Great Tusk|spe|1\n|-sideend|p1: skyblade64|Sticky Web|[from] move: Rapid Spin|[of] p1a: Great Tusk\n|move|p2a: Garganacl|Curse|p2a: Garganacl\n|-unboost|p2a: Garganacl|spe|1\n|-boost|p2a: Garganacl|atk|1\n|-boost|p2a: Garganacl|def|1\n|\n|-heal|p2a: Garganacl|77\/100|[from] item: Leftovers\n|upkeep\n|turn|9\n|\n|t:|1699841746\n|-end|p1a: Great Tusk|Protosynthesis|[silent]\n|switch|p1a: Ting-Lu|Ting-Lu|69\/100\n|-ability|p1a: Ting-Lu|Vessel of Ruin\n|move|p2a: Garganacl|Curse|p2a: Garganacl\n|-unboost|p2a: Garganacl|spe|1\n|-boost|p2a: Garganacl|atk|1\n|-boost|p2a: Garganacl|def|1\n|\n|-heal|p2a: Garganacl|84\/100|[from] item: Leftovers\n|upkeep\n|turn|10\n|\n|t:|1699841757\n|move|p2a: Garganacl|Protect|p2a: Garganacl\n|-singleturn|p2a: Garganacl|Protect\n|move|p1a: Ting-Lu|Whirlwind|p2a: Garganacl\n|drag|p2a: Gholdengo|Gholdengo|100\/100\n|-damage|p2a: Gholdengo|76\/100|[from] Spikes\n|\n|upkeep\n|turn|11\n|\n|t:|1699841769\n|switch|p1a: Zapdos|Zapdos|24\/100\n|move|p2a: Gholdengo|Shadow Ball|p1a: Zapdos\n|-damage|p1a: Zapdos|0 fnt\n|faint|p1a: Zapdos\n|\n|upkeep\n|\n|t:|1699841778\n|switch|p1a: Ting-Lu|Ting-Lu|69\/100\n|-ability|p1a: Ting-Lu|Vessel of Ruin\n|turn|12\n|\n|t:|1699841782\n|move|p2a: Gholdengo|Shadow Ball|p1a: Ting-Lu\n|-resisted|p1a: Ting-Lu\n|-damage|p1a: Ting-Lu|59\/100\n|move|p1a: Ting-Lu|Earthquake|p2a: Gholdengo\n|-supereffective|p2a: Gholdengo\n|-damage|p2a: Gholdengo|0 fnt\n|faint|p2a: Gholdengo\n|\n|upkeep\n|\n|t:|1699841797\n|switch|p2a: Garganacl|Garganacl, M|84\/100\n|-damage|p2a: Garganacl|59\/100|[from] Spikes\n|turn|13\n|\n|t:|1699841806\n|move|p1a: Ting-Lu|Earthquake|p2a: Garganacl\n|-supereffective|p2a: Garganacl\n|-damage|p2a: Garganacl|8\/100\n|move|p2a: Garganacl|Salt Cure|p1a: Ting-Lu\n|-resisted|p1a: Ting-Lu\n|-damage|p1a: Ting-Lu|55\/100\n|-start|p1a: Ting-Lu|Salt Cure\n|\n|-heal|p2a: Garganacl|14\/100|[from] item: Leftovers\n|-damage|p1a: Ting-Lu|43\/100|[from] Salt Cure\n|upkeep\n|turn|14\n|\n|t:|1699841816\n|move|p1a: Ting-Lu|Earthquake|p2a: Garganacl\n|-supereffective|p2a: Garganacl\n|-damage|p2a: Garganacl|0 fnt\n|faint|p2a: Garganacl\n|\n|-damage|p1a: Ting-Lu|30\/100|[from] Salt Cure\n|upkeep\n|\n|t:|1699841828\n|switch|p2a: Kingambit|Kingambit, F|100\/100\n|-damage|p2a: Kingambit|76\/100|[from] Spikes\n|-activate|p2a: Kingambit|ability: Supreme Overlord\n|-start|p2a: Kingambit|fallen3|[silent]\n|turn|15\n|\n|t:|1699841832\n|-terastallize|p2a: Kingambit|Fairy\n|move|p1a: Ting-Lu|Earthquake|p2a: Kingambit\n|-damage|p2a: Kingambit|48\/100\n|move|p2a: Kingambit|Swords Dance|p2a: Kingambit\n|-boost|p2a: Kingambit|atk|2\n|\n|-heal|p2a: Kingambit|54\/100|[from] item: Leftovers\n|-damage|p1a: Ting-Lu|18\/100|[from] Salt Cure\n|upkeep\n|turn|16\n|\n|t:|1699841843\n|move|p1a: Ting-Lu|Earthquake|p2a: Kingambit\n|-crit|p2a: Kingambit\n|-damage|p2a: Kingambit|14\/100\n|move|p2a: Kingambit|Kowtow Cleave|p1a: Ting-Lu\n|-resisted|p1a: Ting-Lu\n|-damage|p1a: Ting-Lu|0 fnt\n|faint|p1a: Ting-Lu\n|\n|-heal|p2a: Kingambit|20\/100|[from] item: Leftovers\n|upkeep\n|\n|t:|1699841849\n|switch|p1a: Great Tusk|Great Tusk|100\/100\n|turn|17\n|\n|t:|1699841857\n|move|p1a: Great Tusk|Earthquake|p2a: Kingambit\n|-damage|p2a: Kingambit|0 fnt\n|faint|p2a: Kingambit\n|-end|p2a: Kingambit|fallen3|[silent]\n|\n|upkeep\n|l|\u2606Smelly Von Beli\n|inactive|Smelly Von Beli disconnected and has a minute to reconnect!\n|player|p2|\n|c|\u2606skyblade64|glhf\n|inactive|Smelly Von Beli has 30 seconds to reconnect!\n|inactive|Smelly Von Beli has 20 seconds to reconnect!\n|inactive|Smelly Von Beli has 15 seconds to reconnect!\n|inactive|Smelly Von Beli has 10 seconds to reconnect!\n|inactive|Smelly Von Beli has 5 seconds to reconnect!\n|-message|Smelly Von Beli lost due to inactivity.\n|\n|win|skyblade64\n|raw|skyblade64's rating: 1403 &rarr; <strong>1417<\/strong><br \/>(+14 for winning)\n|raw|Smelly Von Beli's rating: 1290 &rarr; <strong>1273<\/strong><br \/>(-17 for losing)\n","uploadtime":1699841938,"views":18,"p1id":"skyblade64","p2id":"smellyvonbeli","formatid":"gen9ou","rating":1273,"private":0,"password":""}