{"id":"gen9ou-1988595197","p1":"PlankGankTV","p2":"gcy9","format":"[Gen 9] OU","log":"|j|\u2606PlankGankTV\n|j|\u2606gcy9\n|t:|1699739998\n|gametype|singles\n|player|p1|PlankGankTV|n-masters|1231\n|player|p2|gcy9|265|1291\n|teamsize|p1|6\n|teamsize|p2|6\n|gen|9\n|tier|[Gen 9] OU\n|rated|\n|rule|Sleep Clause Mod: Limit one foe put to sleep\n|rule|Species Clause: Limit one of each Pok\u00e9mon\n|rule|OHKO Clause: OHKO moves are banned\n|rule|Evasion Items Clause: Evasion items are banned\n|rule|Evasion Moves Clause: Evasion moves are banned\n|rule|Endless Battle Clause: Forcing endless battles is banned\n|rule|HP Percentage Mod: HP is shown in percentages\n|clearpoke\n|poke|p1|Gliscor, M|\n|poke|p1|Garganacl, M|\n|poke|p1|Ogerpon-Wellspring, F|\n|poke|p1|Goodra-Hisui, F|\n|poke|p1|Enamorus, F|\n|poke|p1|Samurott-Hisui, M|\n|poke|p2|Clefable, F|\n|poke|p2|Cinderace, F|\n|poke|p2|Mandibuzz, F|\n|poke|p2|Clodsire, M|\n|poke|p2|Corviknight, M|\n|poke|p2|Ogerpon-Wellspring, F|\n|teampreview\n|c|\u2606PlankGankTV|gl hf\n|inactive|Battle timer is ON: inactive players will automatically lose when time's up. (requested by PlankGankTV)\n|\n|t:|1699740058\n|start\n|switch|p1a: Edgy Man|Samurott-Hisui, M|100\/100\n|switch|p2a: Mandibuzz|Mandibuzz, F|100\/100\n|turn|1\n|\n|t:|1699740069\n|move|p1a: Edgy Man|Flip Turn|p2a: Mandibuzz\n|-damage|p2a: Mandibuzz|84\/100\n|\n|t:|1699740074\n|switch|p1a: Rock-Man|Garganacl, M|100\/100|[from] Flip Turn\n|move|p2a: Mandibuzz|Iron Defense|p2a: Mandibuzz\n|-boost|p2a: Mandibuzz|def|2\n|\n|upkeep\n|turn|2\n|\n|t:|1699740092\n|switch|p2a: Clefable|Clefable, F|100\/100\n|move|p1a: Rock-Man|Salt Cure|p2a: Clefable\n|-damage|p2a: Clefable|88\/100\n|-start|p2a: Clefable|Salt Cure\n|\n|upkeep\n|turn|3\n|\n|t:|1699740114\n|switch|p1a: Snail-Woman|Goodra-Hisui, F|100\/100\n|move|p2a: Clefable|Calm Mind|p2a: Clefable\n|-boost|p2a: Clefable|spa|1\n|-boost|p2a: Clefable|spd|1\n|\n|upkeep\n|turn|4\n|\n|t:|1699740121\n|move|p2a: Clefable|Calm Mind|p2a: Clefable\n|-boost|p2a: Clefable|spa|1\n|-boost|p2a: Clefable|spd|1\n|move|p1a: Snail-Woman|Iron Head|p2a: Clefable\n|-supereffective|p2a: Clefable\n|-damage|p2a: Clefable|45\/100\n|\n|upkeep\n|turn|5\n|\n|t:|1699740128\n|move|p2a: Clefable|Moonlight|p2a: Clefable\n|-heal|p2a: Clefable|95\/100\n|move|p1a: Snail-Woman|Iron Head|p2a: Clefable\n|-supereffective|p2a: Clefable\n|-damage|p2a: Clefable|52\/100\n|\n|upkeep\n|turn|6\n|\n|t:|1699740135\n|move|p2a: Clefable|Moonlight|p2a: Clefable\n|-heal|p2a: Clefable|100\/100\n|move|p1a: Snail-Woman|Iron Head|p2a: Clefable\n|-supereffective|p2a: Clefable\n|-damage|p2a: Clefable|56\/100\n|\n|upkeep\n|turn|7\n|\n|t:|1699740141\n|move|p2a: Clefable|Moonlight|p2a: Clefable\n|-heal|p2a: Clefable|100\/100\n|move|p1a: Snail-Woman|Iron Head|p2a: Clefable\n|-supereffective|p2a: Clefable\n|-damage|p2a: Clefable|53\/100\n|\n|upkeep\n|turn|8\n|\n|t:|1699740158\n|move|p2a: Clefable|Moonblast|p1a: Snail-Woman\n|-damage|p1a: Snail-Woman|71\/100\n|move|p1a: Snail-Woman|Iron Head|p2a: Clefable\n|-supereffective|p2a: Clefable\n|-damage|p2a: Clefable|5\/100\n|\n|upkeep\n|turn|9\n|\n|t:|1699740176\n|move|p2a: Clefable|Moonblast|p1a: Snail-Woman\n|-damage|p1a: Snail-Woman|41\/100\n|move|p1a: Snail-Woman|Iron Head|p2a: Clefable\n|-supereffective|p2a: Clefable\n|-damage|p2a: Clefable|0 fnt\n|faint|p2a: Clefable\n|\n|upkeep\n|\n|t:|1699740184\n|switch|p2a: Clodsire|Clodsire, M, shiny|100\/100\n|turn|10\n|\n|t:|1699740197\n|move|p1a: Snail-Woman|Ice Spinner|p2a: Clodsire\n|-supereffective|p2a: Clodsire\n|-damage|p2a: Clodsire|72\/100\n|move|p2a: Clodsire|Curse|p2a: Clodsire\n|-unboost|p2a: Clodsire|spe|1\n|-boost|p2a: Clodsire|atk|1\n|-boost|p2a: Clodsire|def|1\n|\n|-heal|p2a: Clodsire|78\/100|[from] item: Leftovers\n|upkeep\n|turn|11\n|\n|t:|1699740207\n|switch|p1a: Bat-Man|Gliscor, M|100\/100\n|move|p2a: Clodsire|Curse|p2a: Clodsire\n|-unboost|p2a: Clodsire|spe|1\n|-boost|p2a: Clodsire|atk|1\n|-boost|p2a: Clodsire|def|1\n|\n|-heal|p2a: Clodsire|85\/100|[from] item: Leftovers\n|-status|p1a: Bat-Man|tox|[from] item: Toxic Orb\n|upkeep\n|turn|12\n|\n|t:|1699740217\n|move|p1a: Bat-Man|Earthquake|p2a: Clodsire\n|-supereffective|p2a: Clodsire\n|-damage|p2a: Clodsire|56\/100\n|move|p2a: Clodsire|Curse|p2a: Clodsire\n|-unboost|p2a: Clodsire|spe|1\n|-boost|p2a: Clodsire|atk|1\n|-boost|p2a: Clodsire|def|1\n|\n|-heal|p2a: Clodsire|62\/100|[from] item: Leftovers\n|upkeep\n|turn|13\n|\n|t:|1699740233\n|switch|p1a: Cloud Lady|Enamorus, F|100\/100\n|move|p2a: Clodsire|Recover|p2a: Clodsire\n|-heal|p2a: Clodsire|100\/100\n|\n|upkeep\n|turn|14\n|\n|t:|1699740241\n|move|p1a: Cloud Lady|Substitute|p1a: Cloud Lady\n|-start|p1a: Cloud Lady|Substitute\n|-damage|p1a: Cloud Lady|76\/100\n|move|p2a: Clodsire|Poison Jab|p1a: Cloud Lady\n|-supereffective|p1a: Cloud Lady\n|-end|p1a: Cloud Lady|Substitute\n|\n|-heal|p1a: Cloud Lady|82\/100|[from] item: Leftovers\n|upkeep\n|turn|15\n|\n|t:|1699740251\n|-terastallize|p1a: Cloud Lady|Steel\n|move|p1a: Cloud Lady|Substitute|p1a: Cloud Lady\n|-start|p1a: Cloud Lady|Substitute\n|-damage|p1a: Cloud Lady|57\/100\n|move|p2a: Clodsire|Poison Jab|p1a: Cloud Lady\n|-immune|p1a: Cloud Lady\n|\n|-heal|p1a: Cloud Lady|63\/100|[from] item: Leftovers\n|upkeep\n|turn|16\n|\n|t:|1699740261\n|move|p1a: Cloud Lady|Earth Power|p2a: Clodsire\n|-supereffective|p2a: Clodsire\n|-damage|p2a: Clodsire|54\/100\n|-unboost|p2a: Clodsire|spd|1\n|move|p2a: Clodsire|Earthquake|p1a: Cloud Lady\n|-supereffective|p1a: Cloud Lady\n|-end|p1a: Cloud Lady|Substitute\n|\n|-heal|p1a: Cloud Lady|69\/100|[from] item: Leftovers\n|-heal|p2a: Clodsire|61\/100|[from] item: Leftovers\n|upkeep\n|turn|17\n|\n|t:|1699740278\n|move|p1a: Cloud Lady|Earth Power|p2a: Clodsire\n|-supereffective|p2a: Clodsire\n|-damage|p2a: Clodsire|0 fnt\n|faint|p2a: Clodsire\n|\n|-heal|p1a: Cloud Lady|76\/100|[from] item: Leftovers\n|upkeep\n|\n|t:|1699740281\n|switch|p2a: Cinderace|Cinderace, F|100\/100\n|turn|18\n|\n|t:|1699740288\n|switch|p1a: Edgy Man|Samurott-Hisui, M|100\/100\n|move|p2a: Cinderace|Pyro Ball|p1a: Edgy Man|[miss]\n|-miss|p2a: Cinderace|p1a: Edgy Man\n|\n|upkeep\n|turn|19\n|\n|t:|1699740302\n|move|p1a: Edgy Man|Ceaseless Edge|p2a: Cinderace\n|-damage|p2a: Cinderace|24\/100\n|-sidestart|p2: gcy9|Spikes\n|move|p2a: Cinderace|U-turn|p1a: Edgy Man\n|-start|p2a: Cinderace|typechange|Bug|[from] ability: Libero\n|-supereffective|p1a: Edgy Man\n|-damage|p1a: Edgy Man|18\/100\n|\n|t:|1699740313\n|switch|p2a: Mandibuzz|Mandibuzz, F|84\/100|[from] U-turn\n|\n|upkeep\n|turn|20\n|\n|t:|1699740334\n|switch|p1a: Rock-Man|Garganacl, M|100\/100\n|switch|p2a: Ogerpon|Ogerpon-Wellspring, F|100\/100\n|-damage|p2a: Ogerpon|88\/100|[from] Spikes\n|\n|upkeep\n|turn|21\n|\n|t:|1699740345\n|switch|p1a: Masked-Woman|Ogerpon-Wellspring, F|100\/100\n|move|p2a: Ogerpon|Swords Dance|p2a: Ogerpon\n|-boost|p2a: Ogerpon|atk|2\n|\n|upkeep\n|turn|22\n|\n|t:|1699740354\n|-terastallize|p2a: Ogerpon|Water\n|detailschange|p2a: Ogerpon|Ogerpon-Wellspring-Tera, F, tera:Water\n|-ability|p2a: Ogerpon|Embody Aspect (Wellspring)|boost\n|-boost|p2a: Ogerpon|spd|1\n|move|p2a: Ogerpon|Power Whip|p1a: Masked-Woman\n|-damage|p1a: Masked-Woman|0 fnt\n|faint|p1a: Masked-Woman\n|\n|upkeep\n|\n|t:|1699740365\n|switch|p1a: Cloud Lady|Enamorus, F, tera:Steel|76\/100\n|turn|23\n|\n|t:|1699740370\n|move|p2a: Ogerpon|Ivy Cudgel|p1a: Cloud Lady\n|-damage|p1a: Cloud Lady|0 fnt\n|faint|p1a: Cloud Lady\n|\n|upkeep\n|\n|t:|1699740376\n|switch|p1a: Edgy Man|Samurott-Hisui, M|18\/100\n|turn|24\n|\n|t:|1699740381\n|move|p1a: Edgy Man|Ceaseless Edge|p2a: Ogerpon\n|-damage|p2a: Ogerpon|29\/100\n|-sidestart|p2: gcy9|Spikes\n|move|p2a: Ogerpon|Ivy Cudgel|p1a: Edgy Man\n|-resisted|p1a: Edgy Man\n|-damage|p1a: Edgy Man|0 fnt\n|faint|p1a: Edgy Man\n|\n|upkeep\n|\n|t:|1699740392\n|switch|p1a: Rock-Man|Garganacl, M|100\/100\n|turn|25\n|\n|t:|1699740397\n|move|p2a: Ogerpon|Ivy Cudgel|p1a: Rock-Man\n|-supereffective|p1a: Rock-Man\n|-crit|p1a: Rock-Man\n|-damage|p1a: Rock-Man|0 fnt\n|faint|p1a: Rock-Man\n|\n|upkeep\n|\n|t:|1699740401\n|switch|p1a: Bat-Man|Gliscor, M|100\/100 tox\n|turn|26\n|\n|t:|1699740405\n|move|p1a: Bat-Man|Protect|p1a: Bat-Man\n|-singleturn|p1a: Bat-Man|Protect\n|move|p2a: Ogerpon|Ivy Cudgel|p1a: Bat-Man\n|-activate|p1a: Bat-Man|move: Protect\n|\n|upkeep\n|turn|27\n|c|\u2606PlankGankTV|gg\n|\n|t:|1699740412\n|move|p2a: Ogerpon|Ivy Cudgel|p1a: Bat-Man\n|-supereffective|p1a: Bat-Man\n|-crit|p1a: Bat-Man\n|-damage|p1a: Bat-Man|0 fnt\n|faint|p1a: Bat-Man\n|\n|upkeep\n|\n|t:|1699740417\n|switch|p1a: Snail-Woman|Goodra-Hisui, F|41\/100\n|turn|28\n|\n|t:|1699740425\n|move|p2a: Ogerpon|Knock Off|p1a: Snail-Woman\n|-damage|p1a: Snail-Woman|0 fnt\n|-enditem|p1a: Snail-Woman|Assault Vest|[from] move: Knock Off|[of] p2a: Ogerpon\n|faint|p1a: Snail-Woman\n|\n|win|gcy9\n|raw|PlankGankTV's rating: 1231 &rarr; <strong>1210<\/strong><br \/>(-21 for losing)\n|raw|gcy9's rating: 1291 &rarr; <strong>1312<\/strong><br \/>(+21 for winning)\n|l|\u2606PlankGankTV\n","uploadtime":1699740435,"views":11,"p1id":"plankganktv","p2id":"gcy9","formatid":"gen9ou","rating":1210,"private":0,"password":""}