{"id":"gen9ou-1994448460","p1":"It's classified","p2":"Boyer Enjoyer","format":"[Gen 9] OU","log":"|j|\u2606It's classified\n|j|\u2606Boyer Enjoyer\n|t:|1700445106\n|gametype|singles\n|player|p1|It's classified|pokemonranger-gen4|1532\n|player|p2|Boyer Enjoyer|swimmerf-gen4|1486\n|teamsize|p1|6\n|teamsize|p2|6\n|gen|9\n|tier|[Gen 9] OU\n|rated|\n|rule|Sleep Clause Mod: Limit one foe put to sleep\n|rule|Species Clause: Limit one of each Pok\u00e9mon\n|rule|OHKO Clause: OHKO moves are banned\n|rule|Evasion Items Clause: Evasion items are banned\n|rule|Evasion Moves Clause: Evasion moves are banned\n|rule|Endless Battle Clause: Forcing endless battles is banned\n|rule|HP Percentage Mod: HP is shown in percentages\n|clearpoke\n|poke|p1|Ceruledge, M|\n|poke|p1|Ninetales-Alola, M|\n|poke|p1|Iron Valiant|\n|poke|p1|Great Tusk|\n|poke|p1|Ogerpon-Wellspring, F|\n|poke|p1|Kingambit, M|\n|poke|p2|Slowking-Galar, F|\n|poke|p2|Great Tusk|\n|poke|p2|Rillaboom, F|\n|poke|p2|Kingambit, F|\n|poke|p2|Dragapult, F|\n|poke|p2|Moltres|\n|teampreview\n|inactive|Battle timer is ON: inactive players will automatically lose when time's up. (requested by It's classified)\n|\n|t:|1700445122\n|start\n|switch|p1a: Ninetales|Ninetales-Alola, M|100\/100\n|switch|p2a: Dragapult|Dragapult, F|100\/100\n|-weather|Snow|[from] ability: Snow Warning|[of] p1a: Ninetales\n|turn|1\n|\n|t:|1700445133\n|move|p2a: Dragapult|Shadow Ball|p1a: Ninetales\n|-damage|p1a: Ninetales|48\/100\n|-unboost|p1a: Ninetales|spd|1\n|move|p1a: Ninetales|Aurora Veil|p1a: Ninetales\n|-sidestart|p1: It's classified|move: Aurora Veil\n|\n|-weather|Snow|[upkeep]\n|upkeep\n|turn|2\n|\n|t:|1700445142\n|move|p2a: Dragapult|Shadow Ball|p1a: Ninetales\n|-damage|p1a: Ninetales|0 fnt\n|faint|p1a: Ninetales\n|\n|-weather|Snow|[upkeep]\n|upkeep\n|\n|t:|1700445146\n|switch|p1a: Kingambit|Kingambit, M|100\/100\n|-activate|p1a: Kingambit|ability: Supreme Overlord\n|-start|p1a: Kingambit|fallen1|[silent]\n|turn|3\n|\n|t:|1700445159\n|switch|p2a: Great Tusk|Great Tusk|100\/100\n|-end|p1a: Kingambit|fallen1|[silent]\n|switch|p1a: Ceruledge|Ceruledge, M|100\/100\n|-item|p1a: Ceruledge|Air Balloon\n|\n|-weather|Snow|[upkeep]\n|upkeep\n|turn|4\n|\n|t:|1700445162\n|move|p2a: Great Tusk|Smack Down|p1a: Ceruledge\n|-supereffective|p1a: Ceruledge\n|-damage|p1a: Ceruledge|75\/100\n|-ability|p1a: Ceruledge|Weak Armor|boost\n|-unboost|p1a: Ceruledge|def|1\n|-boost|p1a: Ceruledge|spe|2\n|-enditem|p1a: Ceruledge|Air Balloon\n|move|p1a: Ceruledge|Swords Dance|p1a: Ceruledge\n|-boost|p1a: Ceruledge|atk|2\n|\n|-weather|Snow|[upkeep]\n|upkeep\n|turn|5\n|\n|t:|1700445171\n|-terastallize|p1a: Ceruledge|Fighting\n|move|p1a: Ceruledge|Poltergeist|p2a: Great Tusk\n|-activate|p2a: Great Tusk|move: Poltergeist|Leftovers\n|-crit|p2a: Great Tusk\n|-damage|p2a: Great Tusk|0 fnt\n|faint|p2a: Great Tusk\n|-end|p2a: Great Tusk|Protosynthesis|[silent]\n|\n|-weather|none\n|upkeep\n|\n|t:|1700445184\n|switch|p2a: Moltres|Moltres|100\/100\n|turn|6\n|\n|t:|1700445188\n|move|p1a: Ceruledge|Poltergeist|p2a: Moltres\n|-activate|p2a: Moltres|move: Poltergeist|Heavy-Duty Boots\n|-damage|p2a: Moltres|23\/100\n|move|p2a: Moltres|Will-O-Wisp|p1a: Ceruledge|[miss]\n|-miss|p2a: Moltres|p1a: Ceruledge\n|\n|upkeep\n|turn|7\n|\n|t:|1700445196\n|move|p1a: Ceruledge|Bitter Blade|p2a: Moltres\n|-resisted|p2a: Moltres\n|-damage|p2a: Moltres|0 fnt\n|-heal|p1a: Ceruledge|90\/100|[from] drain|[of] p2a: Moltres\n|faint|p2a: Moltres\n|\n|upkeep\n|\n|t:|1700445216\n|switch|p2a: Slowking|Slowking-Galar, F|100\/100\n|turn|8\n|\n|t:|1700445220\n|move|p1a: Ceruledge|Poltergeist|p2a: Slowking\n|-activate|p2a: Slowking|move: Poltergeist|Heavy-Duty Boots\n|-supereffective|p2a: Slowking\n|-damage|p2a: Slowking|0 fnt\n|faint|p2a: Slowking\n|\n|-sideend|p1: It's classified|move: Aurora Veil\n|upkeep\n|\n|t:|1700445222\n|switch|p2a: Rillaboom|Rillaboom, F|100\/100\n|-fieldstart|move: Grassy Terrain|[from] ability: Grassy Surge|[of] p2a: Rillaboom\n|turn|9\n|\n|t:|1700445225\n|move|p2a: Rillaboom|Grassy Glide|p1a: Ceruledge\n|-damage|p1a: Ceruledge|0 fnt\n|faint|p1a: Ceruledge\n|\n|upkeep\n|\n|t:|1700445233\n|switch|p1a: Kingambit|Kingambit, M|100\/100\n|-activate|p1a: Kingambit|ability: Supreme Overlord\n|-start|p1a: Kingambit|fallen2|[silent]\n|turn|10\n|\n|t:|1700445237\n|switch|p2a: Kingambit|Kingambit, F|100\/100\n|-activate|p2a: Kingambit|ability: Supreme Overlord\n|-start|p2a: Kingambit|fallen3|[silent]\n|move|p1a: Kingambit|Swords Dance|p1a: Kingambit\n|-boost|p1a: Kingambit|atk|2\n|\n|upkeep\n|turn|11\n|\n|t:|1700445242\n|move|p1a: Kingambit|Iron Head|p2a: Kingambit\n|-resisted|p2a: Kingambit\n|-damage|p2a: Kingambit|57\/100\n|move|p2a: Kingambit|Swords Dance|p2a: Kingambit\n|-boost|p2a: Kingambit|atk|2\n|\n|-heal|p2a: Kingambit|63\/100|[from] Grassy Terrain\n|-heal|p2a: Kingambit|69\/100|[from] item: Leftovers\n|upkeep\n|turn|12\n|\n|t:|1700445254\n|move|p1a: Kingambit|Kowtow Cleave|p2a: Kingambit\n|-resisted|p2a: Kingambit\n|-damage|p2a: Kingambit|23\/100\n|move|p2a: Kingambit|Kowtow Cleave|p1a: Kingambit\n|-resisted|p1a: Kingambit\n|-damage|p1a: Kingambit|46\/100\n|\n|-heal|p1a: Kingambit|52\/100|[from] Grassy Terrain\n|-heal|p2a: Kingambit|29\/100|[from] Grassy Terrain\n|-heal|p2a: Kingambit|35\/100|[from] item: Leftovers\n|upkeep\n|turn|13\n|\n|t:|1700445262\n|move|p1a: Kingambit|Kowtow Cleave|p2a: Kingambit\n|-resisted|p2a: Kingambit\n|-damage|p2a: Kingambit|0 fnt\n|faint|p2a: Kingambit\n|-end|p2a: Kingambit|fallen3|[silent]\n|\n|-heal|p1a: Kingambit|58\/100|[from] Grassy Terrain\n|-fieldend|move: Grassy Terrain\n|upkeep\n|\n|t:|1700445265\n|switch|p2a: Rillaboom|Rillaboom, F|100\/100\n|-fieldstart|move: Grassy Terrain|[from] ability: Grassy Surge|[of] p2a: Rillaboom\n|turn|14\n|\n|t:|1700445268\n|-terastallize|p2a: Rillaboom|Grass\n|move|p2a: Rillaboom|Wood Hammer|p1a: Kingambit\n|-resisted|p1a: Kingambit\n|-damage|p1a: Kingambit|0 fnt\n|faint|p1a: Kingambit\n|-end|p1a: Kingambit|fallen2|[silent]\n|-damage|p2a: Rillaboom|80\/100|[from] Recoil\n|\n|-heal|p2a: Rillaboom|86\/100|[from] Grassy Terrain\n|upkeep\n|\n|t:|1700445278\n|switch|p1a: Ogerpon|Ogerpon-Wellspring, F|100\/100\n|turn|15\n|\n|t:|1700445282\n|move|p1a: Ogerpon|Power Whip|p2a: Rillaboom\n|-resisted|p2a: Rillaboom\n|-damage|p2a: Rillaboom|40\/100\n|move|p2a: Rillaboom|Wood Hammer|p1a: Ogerpon\n|-damage|p1a: Ogerpon|0 fnt\n|faint|p1a: Ogerpon\n|-damage|p2a: Rillaboom|11\/100|[from] Recoil\n|\n|-heal|p2a: Rillaboom|17\/100|[from] Grassy Terrain\n|upkeep\n|\n|t:|1700445293\n|switch|p1a: Great Tusk|Great Tusk|100\/100\n|-enditem|p1a: Great Tusk|Booster Energy\n|-activate|p1a: Great Tusk|ability: Protosynthesis|[fromitem]\n|-start|p1a: Great Tusk|protosynthesisspe\n|turn|16\n|\n|t:|1700445295\n|switch|p2a: Dragapult|Dragapult, F|100\/100\n|move|p1a: Great Tusk|Ice Spinner|p2a: Dragapult\n|-supereffective|p2a: Dragapult\n|-damage|p2a: Dragapult|38\/100\n|-fieldend|move: Grassy Terrain\n|\n|upkeep\n|turn|17\n|\n|t:|1700445302\n|move|p1a: Great Tusk|Ice Spinner|p2a: Dragapult\n|-supereffective|p2a: Dragapult\n|-damage|p2a: Dragapult|0 fnt\n|faint|p2a: Dragapult\n|\n|upkeep\n|\n|t:|1700445304\n|switch|p2a: Rillaboom|Rillaboom, F, tera:Grass|17\/100\n|-fieldstart|move: Grassy Terrain|[from] ability: Grassy Surge|[of] p2a: Rillaboom\n|turn|18\n|\n|t:|1700445306\n|move|p2a: Rillaboom|Grassy Glide|p1a: Great Tusk\n|-supereffective|p1a: Great Tusk\n|-damage|p1a: Great Tusk|7\/100\n|move|p1a: Great Tusk|Ice Spinner|p2a: Rillaboom\n|-supereffective|p2a: Rillaboom\n|-damage|p2a: Rillaboom|0 fnt\n|-fieldend|move: Grassy Terrain\n|faint|p2a: Rillaboom\n|\n|win|It's classified\n|raw|It&apos;s classified's rating: 1532 &rarr; <strong>1549<\/strong><br \/>(+17 for winning)\n|raw|Boyer Enjoyer's rating: 1486 &rarr; <strong>1469<\/strong><br \/>(-17 for losing)\n|c|\u2606Boyer Enjoyer|gg\n|l|\u2606Boyer Enjoyer\n|c|\u2606It's classified|Ggwp\n","uploadtime":1700445322,"views":19,"p1id":"itsclassified","p2id":"boyerenjoyer","formatid":"gen9ou","rating":1469,"private":0,"password":""}