{"id":"gen9ou-2000160662","p1":"ilovemeatpies","p2":"Jay_Fluxx","format":"[Gen 9] OU","log":"|j|\u2606ilovemeatpies\n|j|\u2606Jay_Fluxx\n|t:|1701165210\n|gametype|singles\n|player|p1|ilovemeatpies|dawn|1140\n|player|p2|Jay_Fluxx|will|1146\n|teamsize|p1|6\n|teamsize|p2|6\n|gen|9\n|tier|[Gen 9] OU\n|rated|\n|rule|Sleep Clause Mod: Limit one foe put to sleep\n|rule|Species Clause: Limit one of each Pok\u00e9mon\n|rule|OHKO Clause: OHKO moves are banned\n|rule|Evasion Items Clause: Evasion items are banned\n|rule|Evasion Moves Clause: Evasion moves are banned\n|rule|Endless Battle Clause: Forcing endless battles is banned\n|rule|HP Percentage Mod: HP is shown in percentages\n|clearpoke\n|poke|p1|Okidogi, M|\n|poke|p1|Ninetales-Alola, F|\n|poke|p1|Dragonite, F|\n|poke|p1|Manaphy|\n|poke|p1|Kingambit, F|\n|poke|p1|Ditto|\n|poke|p2|Cinderace, F|\n|poke|p2|Jirachi|\n|poke|p2|Dragapult, M|\n|poke|p2|Samurott-Hisui, M|\n|poke|p2|Indeedee, M|\n|poke|p2|Clefable, F|\n|teampreview\n|inactive|Battle timer is ON: inactive players will automatically lose when time's up. (requested by Jay_Fluxx)\n|\n|t:|1701165229\n|start\n|switch|p1a: Ninetales|Ninetales-Alola, F|100\/100\n|switch|p2a: Indeedee|Indeedee, M, shiny|100\/100\n|-fieldstart|move: Psychic Terrain|[from] ability: Psychic Surge|[of] p2a: Indeedee\n|-weather|Snow|[from] ability: Snow Warning|[of] p1a: Ninetales\n|turn|1\n|\n|t:|1701165237\n|switch|p2a: Cinderace|Cinderace, F|100\/100\n|move|p1a: Ninetales|Aurora Veil|p1a: Ninetales\n|-sidestart|p1: ilovemeatpies|move: Aurora Veil\n|\n|-weather|Snow|[upkeep]\n|upkeep\n|turn|2\n|\n|t:|1701165252\n|move|p2a: Cinderace|Court Change|p2a: Cinderace\n|-start|p2a: Cinderace|typechange|Normal|[from] ability: Libero\n|-swapsideconditions\n|-activate|p2a: Cinderace|move: Court Change\n|move|p1a: Ninetales|Aurora Veil|p1a: Ninetales\n|-sidestart|p1: ilovemeatpies|move: Aurora Veil\n|\n|-weather|Snow|[upkeep]\n|upkeep\n|turn|3\n|\n|t:|1701165262\n|switch|p2a: Jirachi|Jirachi, shiny|100\/100\n|switch|p1a: Dragonite|Dragonite, F|100\/100\n|\n|-weather|Snow|[upkeep]\n|upkeep\n|turn|4\n|\n|t:|1701165269\n|move|p2a: Jirachi|Cosmic Power|p2a: Jirachi\n|-boost|p2a: Jirachi|def|1\n|-boost|p2a: Jirachi|spd|1\n|move|p1a: Dragonite|Dragon Dance|p1a: Dragonite\n|-boost|p1a: Dragonite|atk|1\n|-boost|p1a: Dragonite|spe|1\n|\n|-weather|Snow|[upkeep]\n|upkeep\n|turn|5\n|\n|t:|1701165276\n|move|p1a: Dragonite|Earthquake|p2a: Jirachi\n|-supereffective|p2a: Jirachi\n|-damage|p2a: Jirachi|66\/100\n|move|p2a: Jirachi|Iron Head|p1a: Dragonite\n|-damage|p1a: Dragonite|93\/100\n|\n|-weather|none\n|-heal|p1a: Dragonite|99\/100|[from] item: Leftovers\n|-heal|p2a: Jirachi|72\/100|[from] item: Leftovers\n|-fieldend|move: Psychic Terrain\n|upkeep\n|turn|6\n|\n|t:|1701165293\n|-terastallize|p2a: Jirachi|Fairy\n|move|p1a: Dragonite|Earthquake|p2a: Jirachi\n|-damage|p2a: Jirachi|55\/100\n|move|p2a: Jirachi|Wish|p2a: Jirachi\n|\n|-heal|p1a: Dragonite|100\/100|[from] item: Leftovers\n|-heal|p2a: Jirachi|61\/100|[from] item: Leftovers\n|upkeep\n|turn|7\n|\n|t:|1701165304\n|switch|p1a: Ditto|Ditto, shiny|100\/100\n|-transform|p1a: Ditto|p2a: Jirachi|[from] ability: Imposter\n|move|p2a: Jirachi|Cosmic Power|p2a: Jirachi\n|-boost|p2a: Jirachi|def|1\n|-boost|p2a: Jirachi|spd|1\n|\n|-heal|p2a: Jirachi|100\/100|[from] move: Wish|[wisher] Jirachi\n|upkeep\n|-start|p1a: Ditto|typechange|Steel\/Psychic|[silent]\n|turn|8\n|\n|t:|1701165318\n|move|p1a: Ditto|Iron Head|p2a: Jirachi\n|-supereffective|p2a: Jirachi\n|-damage|p2a: Jirachi|90\/100\n|move|p2a: Jirachi|Cosmic Power|p2a: Jirachi\n|-boost|p2a: Jirachi|def|1\n|-boost|p2a: Jirachi|spd|1\n|\n|-heal|p2a: Jirachi|96\/100|[from] item: Leftovers\n|-sideend|p2: Jay_Fluxx|move: Aurora Veil\n|upkeep\n|turn|9\n|\n|t:|1701165346\n|switch|p1a: Kingambit|Kingambit, F|100\/100\n|-item|p1a: Kingambit|Air Balloon\n|move|p2a: Jirachi|Cosmic Power|p2a: Jirachi\n|-boost|p2a: Jirachi|def|1\n|-boost|p2a: Jirachi|spd|1\n|\n|-heal|p2a: Jirachi|100\/100|[from] item: Leftovers\n|-sideend|p1: ilovemeatpies|move: Aurora Veil\n|upkeep\n|turn|10\n|\n|t:|1701165355\n|move|p2a: Jirachi|Iron Head|p1a: Kingambit\n|-resisted|p1a: Kingambit\n|-damage|p1a: Kingambit|88\/100\n|-enditem|p1a: Kingambit|Air Balloon\n|move|p1a: Kingambit|Swords Dance|p1a: Kingambit\n|-boost|p1a: Kingambit|atk|2\n|\n|upkeep\n|turn|11\n|\n|t:|1701165363\n|move|p2a: Jirachi|Iron Head|p1a: Kingambit\n|-resisted|p1a: Kingambit\n|-damage|p1a: Kingambit|77\/100\n|cant|p1a: Kingambit|flinch\n|\n|upkeep\n|turn|12\n|\n|t:|1701165370\n|move|p2a: Jirachi|Iron Head|p1a: Kingambit\n|-resisted|p1a: Kingambit\n|-damage|p1a: Kingambit|64\/100\n|move|p1a: Kingambit|Swords Dance|p1a: Kingambit\n|-boost|p1a: Kingambit|atk|2\n|\n|upkeep\n|turn|13\n|\n|t:|1701165376\n|move|p2a: Jirachi|Cosmic Power|p2a: Jirachi\n|-boost|p2a: Jirachi|def|1\n|-boost|p2a: Jirachi|spd|1\n|move|p1a: Kingambit|Iron Head|p2a: Jirachi\n|-supereffective|p2a: Jirachi\n|-damage|p2a: Jirachi|29\/100\n|\n|-heal|p2a: Jirachi|35\/100|[from] item: Leftovers\n|upkeep\n|turn|14\n|\n|t:|1701165385\n|move|p2a: Jirachi|Iron Head|p1a: Kingambit\n|-resisted|p1a: Kingambit\n|-damage|p1a: Kingambit|52\/100\n|move|p1a: Kingambit|Iron Head|p2a: Jirachi\n|-supereffective|p2a: Jirachi\n|-damage|p2a: Jirachi|0 fnt\n|faint|p2a: Jirachi\n|\n|upkeep\n|\n|t:|1701165393\n|switch|p2a: Indeedee|Indeedee, M, shiny|100\/100\n|-fieldstart|move: Psychic Terrain|[from] ability: Psychic Surge|[of] p2a: Indeedee\n|turn|15\n|\n|t:|1701165402\n|move|p1a: Kingambit|Sucker Punch|p2a: Indeedee\n|-activate|p2a: Indeedee|move: Psychic Terrain\n|move|p2a: Indeedee|Draining Kiss|p1a: Kingambit\n|-damage|p1a: Kingambit|34\/100\n|\n|upkeep\n|turn|16\n|\n|t:|1701165414\n|-end|p1a: Kingambit|fallenundefined|[silent]\n|switch|p1a: Ninetales|Ninetales-Alola, F|100\/100\n|-weather|Snow|[from] ability: Snow Warning|[of] p1a: Ninetales\n|move|p2a: Indeedee|Draining Kiss|p1a: Ninetales\n|-damage|p1a: Ninetales|85\/100\n|\n|-weather|Snow|[upkeep]\n|upkeep\n|turn|17\n|\n|t:|1701165437\n|switch|p2a: Cinderace|Cinderace, F|100\/100\n|move|p1a: Ninetales|Hypnosis|p2a: Cinderace\n|-status|p2a: Cinderace|slp|[from] move: Hypnosis\n|\n|-weather|Snow|[upkeep]\n|upkeep\n|turn|18\n|\n|t:|1701165445\n|switch|p2a: Clefable|Clefable, F, shiny|100\/100\n|move|p1a: Ninetales|Aurora Veil|p1a: Ninetales\n|-sidestart|p1: ilovemeatpies|move: Aurora Veil\n|\n|-weather|Snow|[upkeep]\n|upkeep\n|turn|19\n|\n|t:|1701165454\n|move|p1a: Ninetales|Freeze-Dry|p2a: Clefable\n|-damage|p2a: Clefable|80\/100\n|move|p2a: Clefable|Flamethrower|p1a: Ninetales\n|-supereffective|p1a: Ninetales\n|-damage|p1a: Ninetales|59\/100\n|\n|-weather|Snow|[upkeep]\n|-fieldend|move: Psychic Terrain\n|upkeep\n|turn|20\n|\n|t:|1701165462\n|move|p1a: Ninetales|Encore|p2a: Clefable\n|-start|p2a: Clefable|Encore\n|move|p2a: Clefable|Flamethrower|p1a: Ninetales\n|-supereffective|p1a: Ninetales\n|-damage|p1a: Ninetales|32\/100\n|\n|-weather|none\n|upkeep\n|turn|21\n|\n|t:|1701165468\n|switch|p1a: Dragonite|Dragonite, F|100\/100\n|move|p2a: Clefable|Flamethrower|p1a: Dragonite\n|-resisted|p1a: Dragonite\n|-damage|p1a: Dragonite|97\/100\n|\n|-heal|p1a: Dragonite|100\/100|[from] item: Leftovers\n|upkeep\n|turn|22\n|\n|t:|1701165475\n|move|p1a: Dragonite|Dragon Dance|p1a: Dragonite\n|-boost|p1a: Dragonite|atk|1\n|-boost|p1a: Dragonite|spe|1\n|move|p2a: Clefable|Flamethrower|p1a: Dragonite\n|-resisted|p1a: Dragonite\n|-damage|p1a: Dragonite|97\/100\n|\n|-heal|p1a: Dragonite|100\/100|[from] item: Leftovers\n|-end|p2a: Clefable|Encore\n|upkeep\n|turn|23\n|\n|t:|1701165487\n|-terastallize|p1a: Dragonite|Normal\n|move|p1a: Dragonite|Extreme Speed|p2a: Clefable\n|-damage|p2a: Clefable|25\/100\n|move|p2a: Clefable|Moonblast|p1a: Dragonite\n|-damage|p1a: Dragonite|88\/100\n|\n|-heal|p1a: Dragonite|95\/100|[from] item: Leftovers\n|upkeep\n|turn|24\n|-message|Jay_Fluxx forfeited.\n|\n|win|ilovemeatpies\n|raw|ilovemeatpies's rating: 1140 &rarr; <strong>1165<\/strong><br \/>(+25 for winning)\n|raw|Jay_Fluxx's rating: 1146 &rarr; <strong>1121<\/strong><br \/>(-25 for losing)\n|l|\u2606Jay_Fluxx\n|l|\u2606ilovemeatpies\n|j|\u2606ilovemeatpies\n|player|p1|ilovemeatpies|dawn\n","uploadtime":1701166120,"views":8,"p1id":"ilovemeatpies","p2id":"jayfluxx","formatid":"gen9ou","rating":1121,"private":0,"password":""}