{"id":"gen9ou-1988492273","p1":"Joshe444","p2":"soldado negro","format":"[Gen 9] OU","log":"|j|\u2606Joshe444\n|j|\u2606soldado negro\n|t:|1699728743\n|gametype|singles\n|player|p1|Joshe444|grimsley-masters|1582\n|player|p2|soldado negro|169|1596\n|teamsize|p1|6\n|teamsize|p2|6\n|gen|9\n|tier|[Gen 9] OU\n|rated|\n|rule|Sleep Clause Mod: Limit one foe put to sleep\n|rule|Species Clause: Limit one of each Pok\u00e9mon\n|rule|OHKO Clause: OHKO moves are banned\n|rule|Evasion Items Clause: Evasion items are banned\n|rule|Evasion Moves Clause: Evasion moves are banned\n|rule|Endless Battle Clause: Forcing endless battles is banned\n|rule|HP Percentage Mod: HP is shown in percentages\n|clearpoke\n|poke|p1|Kingambit, M|\n|poke|p1|Iron Valiant|\n|poke|p1|Staraptor, F|\n|poke|p1|Azelf|\n|poke|p1|Veluza, F|\n|poke|p1|Meowscarada, M|\n|poke|p2|Great Tusk|\n|poke|p2|Goodra-Hisui, F|\n|poke|p2|Toxapex, F|\n|poke|p2|Iron Moth|\n|poke|p2|Scizor, M|\n|poke|p2|Thundurus-Therian, M|\n|teampreview\n|inactive|Battle timer is ON: inactive players will automatically lose when time's up. (requested by Joshe444)\n|j| nightsuwu\n|\n|t:|1699728782\n|start\n|switch|p1a: Azelf|Azelf|100\/100\n|switch|p2a: Thundurus|Thundurus-Therian, M|100\/100\n|turn|1\n|inactive|Joshe444 has 120 seconds left.\n|\n|t:|1699728816\n|move|p2a: Thundurus|Thunderbolt|p1a: Azelf\n|-crit|p1a: Azelf\n|-enditem|p1a: Azelf|Focus Sash\n|-damage|p1a: Azelf|1\/100\n|move|p1a: Azelf|Stealth Rock|p2a: Thundurus\n|-sidestart|p2: soldado negro|move: Stealth Rock\n|\n|upkeep\n|turn|2\n|\n|t:|1699728824\n|switch|p1a: Meowscarada|Meowscarada, M|100\/100\n|move|p2a: Thundurus|Thunderbolt|p1a: Meowscarada\n|-resisted|p1a: Meowscarada\n|-damage|p1a: Meowscarada|65\/100\n|\n|upkeep\n|turn|3\n|\n|t:|1699728836\n|move|p1a: Meowscarada|Knock Off|p2a: Thundurus\n|-start|p1a: Meowscarada|typechange|Dark|[from] ability: Protean\n|-damage|p2a: Thundurus|44\/100\n|-enditem|p2a: Thundurus|Choice Scarf|[from] move: Knock Off|[of] p1a: Meowscarada\n|move|p2a: Thundurus|Thunderbolt|p1a: Meowscarada\n|-damage|p1a: Meowscarada|1\/100\n|-status|p1a: Meowscarada|par\n|\n|upkeep\n|turn|4\n|\n|t:|1699728845\n|switch|p2a: Great Tusk|Great Tusk|100\/100\n|-damage|p2a: Great Tusk|98\/100|[from] Stealth Rock\n|move|p1a: Meowscarada|Knock Off|p2a: Great Tusk\n|-resisted|p2a: Great Tusk\n|-damage|p2a: Great Tusk|89\/100\n|-damage|p1a: Meowscarada|0 fnt|[from] item: Rocky Helmet|[of] p2a: Great Tusk\n|faint|p1a: Meowscarada\n|\n|upkeep\n|\n|t:|1699728851\n|switch|p1a: Azelf|Azelf|1\/100\n|turn|5\n|\n|t:|1699728857\n|-terastallize|p2a: Great Tusk|Steel\n|move|p1a: Azelf|Explosion|p2a: Great Tusk\n|-resisted|p2a: Great Tusk\n|-damage|p2a: Great Tusk|68\/100\n|faint|p1a: Azelf\n|move|p2a: Great Tusk|Rapid Spin|p1: Azelf|[notarget]\n|-fail|p2a: Great Tusk\n|\n|upkeep\n|\n|t:|1699728869\n|switch|p1a: Staraptor|Staraptor, F|100\/100\n|-ability|p1a: Staraptor|Intimidate|boost\n|-unboost|p2a: Great Tusk|atk|1\n|turn|6\n|\n|t:|1699728874\n|-end|p2a: Great Tusk|Protosynthesis|[silent]\n|switch|p2a: Toxapex|Toxapex, F|100\/100\n|move|p1a: Staraptor|Final Gambit|p2a: Toxapex\n|-damage|p2a: Toxapex|0 fnt\n|faint|p1a: Staraptor\n|faint|p2a: Toxapex\n|\n|upkeep\n|\n|t:|1699728879\n|switch|p1a: Veluza|Veluza, F|100\/100\n|switch|p2a: Great Tusk|Great Tusk, tera:Steel|68\/100\n|-ability|p1a: Veluza|Mold Breaker\n|-damage|p2a: Great Tusk|62\/100|[from] Stealth Rock\n|turn|7\n|\n|t:|1699728885\n|move|p1a: Veluza|Final Gambit|p2a: Great Tusk\n|-damage|p2a: Great Tusk|0 fnt\n|faint|p1a: Veluza\n|faint|p2a: Great Tusk\n|-end|p2a: Great Tusk|Protosynthesis|[silent]\n|\n|upkeep\n|\n|t:|1699728891\n|switch|p1a: Iron Valiant|Iron Valiant|100\/100\n|switch|p2a: Scizor|Scizor, M|100\/100\n|-damage|p2a: Scizor|88\/100|[from] Stealth Rock\n|-enditem|p1a: Iron Valiant|Booster Energy\n|-activate|p1a: Iron Valiant|ability: Quark Drive|[fromitem]\n|-start|p1a: Iron Valiant|quarkdrivespe\n|turn|8\n|\n|t:|1699728900\n|switch|p2a: Thundurus|Thundurus-Therian, M|44\/100\n|-damage|p2a: Thundurus|20\/100|[from] Stealth Rock\n|move|p1a: Iron Valiant|Destiny Bond|p1a: Iron Valiant\n|-singlemove|p1a: Iron Valiant|Destiny Bond\n|\n|upkeep\n|turn|9\n|\n|t:|1699728907\n|move|p1a: Iron Valiant|Knock Off|p2a: Thundurus\n|-damage|p2a: Thundurus|0 fnt\n|faint|p2a: Thundurus\n|\n|upkeep\n|\n|t:|1699728909\n|switch|p2a: Scizor|Scizor, M|88\/100\n|-damage|p2a: Scizor|76\/100|[from] Stealth Rock\n|turn|10\n|\n|t:|1699728915\n|move|p2a: Scizor|Bullet Punch|p1a: Iron Valiant\n|-supereffective|p1a: Iron Valiant\n|-damage|p1a: Iron Valiant|0 fnt\n|faint|p1a: Iron Valiant\n|-end|p1a: Iron Valiant|Quark Drive|[silent]\n|\n|upkeep\n|\n|t:|1699728918\n|switch|p1a: True Administrator|Kingambit, M|100\/100\n|-activate|p1a: True Administrator|ability: Supreme Overlord\n|-start|p1a: True Administrator|fallen5|[silent]\n|turn|11\n|\n|t:|1699728922\n|move|p2a: Scizor|Bullet Punch|p1a: True Administrator\n|-resisted|p1a: True Administrator\n|-damage|p1a: True Administrator|78\/100\n|move|p1a: True Administrator|Swords Dance|p1a: True Administrator\n|-boost|p1a: True Administrator|atk|2\n|\n|upkeep\n|turn|12\n|\n|t:|1699728925\n|switch|p2a: Goodra|Goodra-Hisui, F|100\/100\n|move|p1a: True Administrator|Kowtow Cleave|p2a: Goodra\n|-damage|p2a: Goodra|0 fnt\n|faint|p2a: Goodra\n|\n|upkeep\n|\n|t:|1699728929\n|switch|p2a: Iron Moth|Iron Moth|100\/100\n|-damage|p2a: Iron Moth|76\/100|[from] Stealth Rock\n|-enditem|p2a: Iron Moth|Booster Energy\n|-activate|p2a: Iron Moth|ability: Quark Drive|[fromitem]\n|-start|p2a: Iron Moth|quarkdrivespa\n|turn|13\n|\n|t:|1699728932\n|move|p2a: Iron Moth|Substitute|p2a: Iron Moth\n|-start|p2a: Iron Moth|Substitute\n|-damage|p2a: Iron Moth|51\/100\n|move|p1a: True Administrator|Kowtow Cleave|p2a: Iron Moth\n|-end|p2a: Iron Moth|Substitute\n|\n|upkeep\n|turn|14\n|\n|t:|1699728939\n|move|p1a: True Administrator|Sucker Punch||[still]\n|-fail|p1a: True Administrator\n|move|p2a: Iron Moth|Substitute|p2a: Iron Moth\n|-start|p2a: Iron Moth|Substitute\n|-damage|p2a: Iron Moth|26\/100\n|\n|upkeep\n|turn|15\n|\n|t:|1699728942\n|-terastallize|p1a: True Administrator|Flying\n|move|p1a: True Administrator|Sucker Punch|p2a: Iron Moth\n|-end|p2a: Iron Moth|Substitute\n|move|p2a: Iron Moth|Fiery Dance|p1a: True Administrator\n|-damage|p1a: True Administrator|14\/100\n|\n|upkeep\n|turn|16\n|\n|t:|1699728951\n|move|p2a: Iron Moth|Substitute|p2a: Iron Moth\n|-start|p2a: Iron Moth|Substitute\n|-damage|p2a: Iron Moth|1\/100\n|move|p1a: True Administrator|Kowtow Cleave|p2a: Iron Moth\n|-end|p2a: Iron Moth|Substitute\n|\n|upkeep\n|turn|17\n|\n|t:|1699728955\n|move|p1a: True Administrator|Sucker Punch||[still]\n|-fail|p1a: True Administrator\n|move|p2a: Iron Moth|Substitute|p2a: Iron Moth\n|-fail|p2a: Iron Moth|move: Substitute|[weak]\n|\n|upkeep\n|turn|18\n|\n|t:|1699728958\n|move|p2a: Iron Moth|Substitute|p2a: Iron Moth\n|-fail|p2a: Iron Moth|move: Substitute|[weak]\n|move|p1a: True Administrator|Kowtow Cleave|p2a: Iron Moth\n|-damage|p2a: Iron Moth|0 fnt\n|faint|p2a: Iron Moth\n|-end|p2a: Iron Moth|Quark Drive|[silent]\n|\n|upkeep\n|\n|t:|1699728962\n|switch|p2a: Scizor|Scizor, M|76\/100\n|-damage|p2a: Scizor|64\/100|[from] Stealth Rock\n|turn|19\n|\n|t:|1699728964\n|move|p1a: True Administrator|Sucker Punch|p2a: Scizor\n|-damage|p2a: Scizor|0 fnt\n|faint|p2a: Scizor\n|\n|win|Joshe444\n|raw|Joshe444's rating: 1582 &rarr; <strong>1603<\/strong><br \/>(+21 for winning)\n|raw|soldado negro's rating: 1596 &rarr; <strong>1575<\/strong><br \/>(-21 for losing)\n|l|\u2606soldado negro\n|l|\u2606Joshe444\n|j|\u2606Joshe444\n|player|p1|Joshe444|grimsley-masters\n","uploadtime":1699729092,"views":15,"p1id":"joshe444","p2id":"soldadonegro","formatid":"gen9ou","rating":1575,"private":0,"password":""}