{"id":"gen9ou-1991123755","p1":"Zwemby","p2":"ikuri","format":"[Gen 9] OU","log":"|j|\u2606Zwemby\n|j|\u2606ikuri\n|t:|1700046561\n|gametype|singles\n|player|p1|Zwemby|ltsurge|1236\n|player|p2|ikuri|barry|1217\n|teamsize|p1|6\n|teamsize|p2|6\n|gen|9\n|tier|[Gen 9] OU\n|rated|\n|rule|Sleep Clause Mod: Limit one foe put to sleep\n|rule|Species Clause: Limit one of each Pok\u00e9mon\n|rule|OHKO Clause: OHKO moves are banned\n|rule|Evasion Items Clause: Evasion items are banned\n|rule|Evasion Moves Clause: Evasion moves are banned\n|rule|Endless Battle Clause: Forcing endless battles is banned\n|rule|HP Percentage Mod: HP is shown in percentages\n|clearpoke\n|poke|p1|Dragapult, F|\n|poke|p1|Enamorus, F|\n|poke|p1|Cinderace, F|\n|poke|p1|Great Tusk|\n|poke|p1|Greninja-*, F|\n|poke|p1|Scizor, F|\n|poke|p2|Ursaluna, F|\n|poke|p2|Hatterene, F|\n|poke|p2|Corviknight, M|\n|poke|p2|Kommo-o, M|\n|poke|p2|Slowking-Galar, F|\n|poke|p2|Arcanine-Hisui, F|\n|teampreview\n|\n|t:|1700046589\n|start\n|switch|p1a: Narutoooo|Scizor, F|100\/100\n|switch|p2a: Arcanine|Arcanine-Hisui, F, shiny|100\/100\n|turn|1\n|\n|t:|1700046602\n|switch|p1a: Dumbo'Mother|Great Tusk|100\/100\n|move|p2a: Arcanine|Close Combat|p1a: Dumbo'Mother\n|-damage|p1a: Dumbo'Mother|81\/100\n|-unboost|p2a: Arcanine|def|1\n|-unboost|p2a: Arcanine|spd|1\n|\n|-heal|p1a: Dumbo'Mother|87\/100|[from] item: Leftovers\n|upkeep\n|turn|2\n|\n|t:|1700046613\n|switch|p2a: birb|Corviknight, M|100\/100\n|-ability|p2a: birb|Pressure\n|move|p1a: Dumbo'Mother|Knock Off|p2a: birb\n|-damage|p2a: birb|84\/100\n|-damage|p1a: Dumbo'Mother|70\/100|[from] item: Rocky Helmet|[of] p2a: birb\n|-enditem|p2a: birb|Rocky Helmet|[from] move: Knock Off|[of] p1a: Dumbo'Mother\n|\n|-heal|p1a: Dumbo'Mother|76\/100|[from] item: Leftovers\n|upkeep\n|turn|3\n|\n|t:|1700046637\n|move|p1a: Dumbo'Mother|Earthquake|p2a: birb\n|-immune|p2a: birb\n|move|p2a: birb|Brave Bird|p1a: Dumbo'Mother\n|-supereffective|p1a: Dumbo'Mother\n|-damage|p1a: Dumbo'Mother|42\/100\n|-damage|p2a: birb|72\/100|[from] Recoil\n|\n|-heal|p1a: Dumbo'Mother|48\/100|[from] item: Leftovers\n|upkeep\n|turn|4\n|\n|t:|1700046645\n|move|p1a: Dumbo'Mother|Stealth Rock|p2a: birb\n|-sidestart|p2: ikuri|move: Stealth Rock\n|move|p2a: birb|U-turn|p1a: Dumbo'Mother\n|-resisted|p1a: Dumbo'Mother\n|-damage|p1a: Dumbo'Mother|45\/100\n|\n|t:|1700046658\n|switch|p2a: Hatterene|Hatterene, F|100\/100|[from] U-turn\n|-damage|p2a: Hatterene|88\/100|[from] Stealth Rock\n|\n|-heal|p1a: Dumbo'Mother|51\/100|[from] item: Leftovers\n|-heal|p2a: Hatterene|94\/100|[from] item: Leftovers\n|upkeep\n|turn|5\n|\n|t:|1700046673\n|-end|p1a: Dumbo'Mother|Protosynthesis|[silent]\n|switch|p1a: Narutoooo|Scizor, F|100\/100\n|move|p2a: Hatterene|Dazzling Gleam|p1a: Narutoooo\n|-resisted|p1a: Narutoooo\n|-damage|p1a: Narutoooo|65\/100\n|\n|-heal|p2a: Hatterene|99\/100|[from] item: Leftovers\n|upkeep\n|turn|6\n|\n|t:|1700046680\n|switch|p2a: birb|Corviknight, M|72\/100\n|-damage|p2a: birb|59\/100|[from] Stealth Rock\n|-ability|p2a: birb|Pressure\n|move|p1a: Narutoooo|Bullet Punch|p2a: birb\n|-resisted|p2a: birb\n|-damage|p2a: birb|47\/100\n|-damage|p1a: Narutoooo|55\/100|[from] item: Life Orb\n|\n|upkeep\n|turn|7\n|\n|t:|1700046704\n|switch|p1a: Hate Rayman|Cinderace, F|100\/100\n|move|p2a: birb|Defog|p1a: Hate Rayman\n|-unboost|p1a: Hate Rayman|evasion|1\n|-sideend|p2: ikuri|Stealth Rock|[from] move: Defog|[of] p2a: birb\n|\n|upkeep\n|turn|8\n|\n|t:|1700046721\n|switch|p2a: Kommo-o|Kommo-o, M|100\/100\n|move|p1a: Hate Rayman|U-turn|p2a: Kommo-o\n|-resisted|p2a: Kommo-o\n|-damage|p2a: Kommo-o|95\/100\n|\n|t:|1700046726\n|switch|p1a: Enamorus|Enamorus, F|100\/100|[from] U-turn\n|\n|-heal|p2a: Kommo-o|100\/100|[from] item: Leftovers\n|upkeep\n|turn|9\n|\n|t:|1700046739\n|switch|p2a: Slowking|Slowking-Galar, F|100\/100\n|move|p1a: Enamorus|Earth Power|p2a: Slowking\n|-supereffective|p2a: Slowking\n|-damage|p2a: Slowking|55\/100\n|\n|-heal|p2a: Slowking|61\/100|[from] item: Leftovers\n|upkeep\n|turn|10\n|\n|t:|1700046758\n|switch|p1a: Dumbo'Mother|Great Tusk|51\/100\n|move|p2a: Slowking|Trick Room|p2a: Slowking\n|-fieldstart|move: Trick Room|[of] p2a: Slowking\n|\n|-heal|p2a: Slowking|68\/100|[from] item: Leftovers\n|-heal|p1a: Dumbo'Mother|57\/100|[from] item: Leftovers\n|upkeep\n|turn|11\n|\n|t:|1700046765\n|move|p2a: Slowking|Chilly Reception|p2a: Slowking\n|-weather|Snow\n|\n|t:|1700046768\n|switch|p2a: Hatterene|Hatterene, F|99\/100|[from] Chilly Reception\n|move|p1a: Dumbo'Mother|Knock Off|p2a: Hatterene\n|-damage|p2a: Hatterene|66\/100\n|-enditem|p2a: Hatterene|Leftovers|[from] move: Knock Off|[of] p1a: Dumbo'Mother\n|\n|-weather|Snow|[upkeep]\n|-heal|p1a: Dumbo'Mother|64\/100|[from] item: Leftovers\n|upkeep\n|turn|12\n|\n|t:|1700046781\n|-end|p1a: Dumbo'Mother|Protosynthesis|[silent]\n|switch|p1a: Hate Rayman|Cinderace, F|100\/100\n|move|p2a: Hatterene|Dazzling Gleam|p1a: Hate Rayman\n|-resisted|p1a: Hate Rayman\n|-damage|p1a: Hate Rayman|69\/100\n|\n|-weather|Snow|[upkeep]\n|upkeep\n|turn|13\n|\n|t:|1700046794\n|switch|p2a: freddy|Ursaluna, F|100\/100\n|move|p1a: Hate Rayman|Pyro Ball|p2a: freddy\n|-damage|p2a: freddy|67\/100\n|\n|-weather|Snow|[upkeep]\n|-status|p2a: freddy|brn|[from] item: Flame Orb\n|upkeep\n|turn|14\n|\n|t:|1700046815\n|move|p2a: freddy|Facade|p1a: Hate Rayman\n|-damage|p1a: Hate Rayman|0 fnt\n|faint|p1a: Hate Rayman\n|\n|-weather|Snow|[upkeep]\n|-damage|p2a: freddy|61\/100 brn|[from] brn\n|-fieldend|move: Trick Room\n|upkeep\n|\n|t:|1700046838\n|switch|p1a: Alduyn|Dragapult, F, shiny|100\/100\n|turn|15\n|\n|t:|1700046849\n|move|p1a: Alduyn|Dragon Dance|p1a: Alduyn\n|-boost|p1a: Alduyn|atk|1\n|-boost|p1a: Alduyn|spe|1\n|move|p2a: freddy|Crunch|p1a: Alduyn\n|-supereffective|p1a: Alduyn\n|-enditem|p1a: Alduyn|Focus Sash\n|-damage|p1a: Alduyn|1\/100\n|-unboost|p1a: Alduyn|def|1\n|\n|-weather|none\n|-damage|p2a: freddy|55\/100 brn|[from] brn\n|upkeep\n|turn|16\n|\n|t:|1700046861\n|switch|p2a: Hatterene|Hatterene, F|66\/100\n|move|p1a: Alduyn|Dragon Darts|p2a: Hatterene\n|-immune|p2a: Hatterene\n|\n|upkeep\n|turn|17\n|\n|t:|1700046877\n|move|p1a: Alduyn|Phantom Force||[still]\n|-prepare|p1a: Alduyn|Phantom Force\n|move|p2a: Hatterene|Trick Room|p2a: Hatterene\n|-fieldstart|move: Trick Room|[of] p2a: Hatterene\n|\n|upkeep\n|turn|18\n|\n|t:|1700046881\n|switch|p2a: freddy|Ursaluna, F|55\/100 brn\n|move|p1a: Alduyn|Phantom Force|p2a: freddy|[from]lockedmove\n|-immune|p2a: freddy\n|\n|-damage|p2a: freddy|49\/100 brn|[from] brn\n|upkeep\n|turn|19\n|\n|t:|1700046904\n|move|p2a: freddy|Crunch|p1a: Alduyn\n|-supereffective|p1a: Alduyn\n|-damage|p1a: Alduyn|0 fnt\n|faint|p1a: Alduyn\n|\n|-damage|p2a: freddy|43\/100 brn|[from] brn\n|upkeep\n|\n|t:|1700046916\n|switch|p1a: Dumbo'Mother|Great Tusk|64\/100\n|turn|20\n|\n|t:|1700046923\n|switch|p2a: Hatterene|Hatterene, F|66\/100\n|move|p1a: Dumbo'Mother|Earthquake|p2a: Hatterene\n|-damage|p2a: Hatterene|19\/100\n|\n|-heal|p1a: Dumbo'Mother|70\/100|[from] item: Leftovers\n|upkeep\n|turn|21\n|\n|t:|1700046933\n|-end|p1a: Dumbo'Mother|Protosynthesis|[silent]\n|switch|p1a: Narutoooo|Scizor, F|55\/100\n|move|p2a: Hatterene|Dazzling Gleam|p1a: Narutoooo\n|-resisted|p1a: Narutoooo\n|-damage|p1a: Narutoooo|20\/100\n|\n|-fieldend|move: Trick Room\n|upkeep\n|turn|22\n|\n|t:|1700046947\n|switch|p2a: Kommo-o|Kommo-o, M|100\/100\n|move|p1a: Narutoooo|Swords Dance|p1a: Narutoooo\n|-boost|p1a: Narutoooo|atk|2\n|\n|upkeep\n|turn|23\n|\n|t:|1700046953\n|move|p1a: Narutoooo|Bullet Punch|p2a: Kommo-o\n|-damage|p2a: Kommo-o|38\/100\n|-damage|p1a: Narutoooo|10\/100|[from] item: Life Orb\n|move|p2a: Kommo-o|Body Press|p1a: Narutoooo\n|-damage|p1a: Narutoooo|0 fnt\n|faint|p1a: Narutoooo\n|\n|-heal|p2a: Kommo-o|45\/100|[from] item: Leftovers\n|upkeep\n|\n|t:|1700046969\n|switch|p1a: Sasukeee|Greninja, F, shiny|100\/100\n|turn|24\n|\n|t:|1700046979\n|move|p1a: Sasukeee|Ice Beam|p2a: Kommo-o\n|-start|p1a: Sasukeee|typechange|Ice|[from] ability: Protean\n|-supereffective|p2a: Kommo-o\n|-damage|p2a: Kommo-o|0 fnt\n|faint|p2a: Kommo-o\n|\n|upkeep\n|\n|t:|1700046993\n|switch|p2a: Arcanine|Arcanine-Hisui, F, shiny|100\/100\n|turn|25\n|\n|t:|1700046998\n|switch|p1a: Dumbo'Mother|Great Tusk|70\/100\n|move|p2a: Arcanine|Flare Blitz|p1a: Dumbo'Mother\n|-damage|p1a: Dumbo'Mother|44\/100\n|\n|-heal|p1a: Dumbo'Mother|50\/100|[from] item: Leftovers\n|upkeep\n|turn|26\n|\n|t:|1700047014\n|switch|p2a: birb|Corviknight, M|47\/100\n|-ability|p2a: birb|Pressure\n|move|p1a: Dumbo'Mother|Earthquake|p2a: birb\n|-immune|p2a: birb\n|\n|-heal|p1a: Dumbo'Mother|56\/100|[from] item: Leftovers\n|upkeep\n|turn|27\n|\n|t:|1700047027\n|move|p1a: Dumbo'Mother|Knock Off|p2a: birb\n|-damage|p2a: birb|35\/100\n|move|p2a: birb|Brave Bird|p1a: Dumbo'Mother\n|-supereffective|p1a: Dumbo'Mother\n|-damage|p1a: Dumbo'Mother|19\/100\n|-damage|p2a: birb|22\/100|[from] Recoil\n|\n|-heal|p1a: Dumbo'Mother|25\/100|[from] item: Leftovers\n|upkeep\n|turn|28\n|\n|t:|1700047036\n|move|p1a: Dumbo'Mother|Stealth Rock|p2a: birb\n|-sidestart|p2: ikuri|move: Stealth Rock\n|move|p2a: birb|Roost|p2a: birb\n|-heal|p2a: birb|72\/100\n|-singleturn|p2a: birb|move: Roost\n|\n|-heal|p1a: Dumbo'Mother|31\/100|[from] item: Leftovers\n|upkeep\n|turn|29\n|\n|t:|1700047051\n|-end|p1a: Dumbo'Mother|Protosynthesis|[silent]\n|switch|p1a: Enamorus|Enamorus, F|100\/100\n|move|p2a: birb|Brave Bird|p1a: Enamorus\n|-damage|p1a: Enamorus|39\/100\n|-damage|p2a: birb|57\/100|[from] Recoil\n|\n|upkeep\n|turn|30\n|\n|t:|1700047065\n|move|p1a: Enamorus|Mystical Fire|p2a: birb\n|-supereffective|p2a: birb\n|-damage|p2a: birb|4\/100\n|-unboost|p2a: birb|spa|1\n|move|p2a: birb|Defog|p1a: Enamorus\n|-boost|p1a: Enamorus|evasion|1\n|-sideend|p2: ikuri|Stealth Rock|[from] move: Defog|[of] p2a: birb\n|\n|upkeep\n|turn|31\n|\n|t:|1700047081\n|move|p1a: Enamorus|Mystical Fire|p2a: birb\n|-supereffective|p2a: birb\n|-crit|p2a: birb\n|-damage|p2a: birb|0 fnt\n|faint|p2a: birb\n|\n|upkeep\n|\n|t:|1700047095\n|switch|p2a: Slowking|Slowking-Galar, F|100\/100\n|turn|32\n|\n|t:|1700047100\n|switch|p1a: Dumbo'Mother|Great Tusk|31\/100\n|move|p2a: Slowking|Trick Room|p2a: Slowking\n|-fieldstart|move: Trick Room|[of] p2a: Slowking\n|\n|-heal|p1a: Dumbo'Mother|37\/100|[from] item: Leftovers\n|upkeep\n|turn|33\n|\n|t:|1700047110\n|move|p2a: Slowking|Future Sight|p1a: Dumbo'Mother\n|-start|p2a: Slowking|move: Future Sight\n|move|p1a: Dumbo'Mother|Knock Off|p2a: Slowking\n|-supereffective|p2a: Slowking\n|-damage|p2a: Slowking|50\/100\n|-enditem|p2a: Slowking|Leftovers|[from] move: Knock Off|[of] p1a: Dumbo'Mother\n|\n|-heal|p1a: Dumbo'Mother|43\/100|[from] item: Leftovers\n|upkeep\n|turn|34\n|\n|t:|1700047130\n|move|p2a: Slowking|Sludge Bomb|p1a: Dumbo'Mother\n|-resisted|p1a: Dumbo'Mother\n|-crit|p1a: Dumbo'Mother\n|-damage|p1a: Dumbo'Mother|10\/100\n|move|p1a: Dumbo'Mother|Earthquake|p2a: Slowking\n|-supereffective|p2a: Slowking\n|-damage|p2a: Slowking|0 fnt\n|faint|p2a: Slowking\n|\n|-heal|p1a: Dumbo'Mother|16\/100|[from] item: Leftovers\n|upkeep\n|\n|t:|1700047135\n|switch|p2a: freddy|Ursaluna, F|43\/100 brn\n|turn|35\n|\n|t:|1700047140\n|move|p2a: freddy|Facade|p1a: Dumbo'Mother\n|-damage|p1a: Dumbo'Mother|0 fnt\n|faint|p1a: Dumbo'Mother\n|-end|p1a: Dumbo'Mother|Protosynthesis|[silent]\n|\n|-hint|Future Sight did not hit because the target is fainted.\n|-damage|p2a: freddy|37\/100 brn|[from] brn\n|upkeep\n|\n|t:|1700047149\n|switch|p1a: Enamorus|Enamorus, F|39\/100\n|turn|36\n|\n|t:|1700047151\n|move|p2a: freddy|Facade|p1a: Enamorus\n|-crit|p1a: Enamorus\n|-damage|p1a: Enamorus|0 fnt\n|faint|p1a: Enamorus\n|\n|-damage|p2a: freddy|31\/100 brn|[from] brn\n|-fieldend|move: Trick Room\n|upkeep\n|\n|t:|1700047157\n|switch|p1a: Sasukeee|Greninja, F, shiny|100\/100\n|turn|37\n|\n|t:|1700047164\n|-terastallize|p1a: Sasukeee|Water\n|move|p1a: Sasukeee|Surf|p2a: freddy\n|-supereffective|p2a: freddy\n|-damage|p2a: freddy|0 fnt\n|faint|p2a: freddy\n|\n|upkeep\n|\n|t:|1700047176\n|switch|p2a: Arcanine|Arcanine-Hisui, F, shiny|100\/100\n|turn|38\n|\n|t:|1700047180\n|-terastallize|p2a: Arcanine|Fighting\n|move|p2a: Arcanine|Wild Charge|p1a: Sasukeee\n|-supereffective|p1a: Sasukeee\n|-damage|p1a: Sasukeee|0 fnt\n|faint|p1a: Sasukeee\n|\n|win|ikuri\n|raw|Zwemby's rating: 1236 &rarr; <strong>1210<\/strong><br \/>(-26 for losing)\n|raw|ikuri's rating: 1217 &rarr; <strong>1243<\/strong><br \/>(+26 for winning)\n|c|\u2606ikuri|ggs\n|c|\u2606Zwemby|gg\n|l|\u2606ikuri\n","uploadtime":1700047211,"views":5,"p1id":"zwemby","p2id":"ikuri","formatid":"gen9ou","rating":1210,"private":0,"password":""}