{"id":"gen9ou-1988813211","p1":"FloopBoopScoop","p2":"Oshwottking","format":"[Gen 9] OU","log":"|j|\u2606FloopBoopScoop\n|j|\u2606Oshwottking\n|t:|1699766916\n|gametype|singles\n|player|p1|FloopBoopScoop|lusamine-nihilego|1023\n|player|p2|Oshwottking|silver|1092\n|teamsize|p1|6\n|teamsize|p2|6\n|gen|9\n|tier|[Gen 9] OU\n|rated|\n|rule|Sleep Clause Mod: Limit one foe put to sleep\n|rule|Species Clause: Limit one of each Pok\u00e9mon\n|rule|OHKO Clause: OHKO moves are banned\n|rule|Evasion Items Clause: Evasion items are banned\n|rule|Evasion Moves Clause: Evasion moves are banned\n|rule|Endless Battle Clause: Forcing endless battles is banned\n|rule|HP Percentage Mod: HP is shown in percentages\n|clearpoke\n|poke|p1|Azelf|\n|poke|p1|Empoleon, F|\n|poke|p1|Garchomp, M|\n|poke|p1|Ceruledge, F|\n|poke|p1|Slowking-Galar, M|\n|poke|p1|Lokix, M|\n|poke|p2|Ogerpon, F|\n|poke|p2|Blissey, F|\n|poke|p2|Corviknight, F|\n|poke|p2|Volcanion|\n|poke|p2|Great Tusk|\n|poke|p2|Goodra-Hisui, M|\n|teampreview\n|inactive|Battle timer is ON: inactive players will automatically lose when time's up. (requested by FloopBoopScoop)\n|\n|t:|1699766934\n|start\n|switch|p1a: Lokix|Lokix, M|100\/100\n|switch|p2a: Great Tusk|Great Tusk|100\/100\n|turn|1\n|\n|t:|1699766944\n|move|p1a: Lokix|U-turn|p2a: Great Tusk\n|-resisted|p2a: Great Tusk\n|-damage|p2a: Great Tusk|77\/100\n|\n|t:|1699766951\n|switch|p1a: Empoleon|Empoleon, F|100\/100|[from] U-turn\n|move|p2a: Great Tusk|Knock Off|p1a: Empoleon\n|-damage|p1a: Empoleon|73\/100\n|-enditem|p1a: Empoleon|Assault Vest|[from] move: Knock Off|[of] p2a: Great Tusk\n|\n|upkeep\n|turn|2\n|\n|t:|1699766958\n|move|p2a: Great Tusk|Earthquake|p1a: Empoleon\n|-supereffective|p1a: Empoleon\n|-damage|p1a: Empoleon|0 fnt\n|faint|p1a: Empoleon\n|\n|upkeep\n|\n|t:|1699766962\n|switch|p1a: Azelf|Azelf|100\/100\n|turn|3\n|\n|t:|1699766966\n|-end|p2a: Great Tusk|Protosynthesis|[silent]\n|switch|p2a: Blissey|Blissey, F|100\/100\n|move|p1a: Azelf|Zen Headbutt|p2a: Blissey\n|-damage|p2a: Blissey|63\/100\n|\n|upkeep\n|turn|4\n|\n|t:|1699766975\n|switch|p1a: Lokix|Lokix, M|100\/100\n|switch|p2a: Corviknight|Corviknight, F|100\/100\n|-ability|p2a: Corviknight|Pressure\n|\n|upkeep\n|turn|5\n|\n|t:|1699766981\n|move|p1a: Lokix|Axe Kick|p2a: Corviknight\n|-damage|p2a: Corviknight|69\/100\n|-damage|p1a: Lokix|84\/100|[from] item: Rocky Helmet|[of] p2a: Corviknight\n|move|p2a: Corviknight|U-turn|p1a: Lokix\n|-supereffective|p1a: Lokix\n|-crit|p1a: Lokix\n|-damage|p1a: Lokix|15\/100\n|\n|t:|1699766993\n|switch|p2a: Ogerpon|Ogerpon, F|100\/100|[from] U-turn\n|\n|upkeep\n|turn|6\n|\n|t:|1699766999\n|switch|p1a: Garchomp|Garchomp, M|100\/100\n|move|p2a: Ogerpon|U-turn|p1a: Garchomp\n|-damage|p1a: Garchomp|73\/100\n|-damage|p2a: Ogerpon|88\/100|[from] ability: Rough Skin|[of] p1a: Garchomp\n|inactive|Oshwottking has 120 seconds left.\n|\n|t:|1699767031\n|switch|p2a: Corviknight|Corviknight, F|69\/100|[from] U-turn\n|-ability|p2a: Corviknight|Pressure\n|\n|upkeep\n|turn|7\n|\n|t:|1699767038\n|move|p1a: Garchomp|Liquidation|p2a: Corviknight\n|-damage|p2a: Corviknight|38\/100\n|-damage|p1a: Garchomp|56\/100|[from] item: Rocky Helmet|[of] p2a: Corviknight\n|move|p2a: Corviknight|Roost|p2a: Corviknight\n|-heal|p2a: Corviknight|88\/100\n|-singleturn|p2a: Corviknight|move: Roost\n|\n|upkeep\n|turn|8\n|-message|FloopBoopScoop forfeited.\n|\n|win|Oshwottking\n|raw|FloopBoopScoop's rating: 1023 &rarr; <strong>1012<\/strong><br \/>(-11 for losing)\n|raw|Oshwottking's rating: 1092 &rarr; <strong>1113<\/strong><br \/>(+21 for winning)\n|l|\u2606FloopBoopScoop\n","uploadtime":1699767047,"views":11,"p1id":"floopboopscoop","p2id":"oshwottking","formatid":"gen9ou","rating":1012,"private":0,"password":""}