{"id":"gen9ou-1997751229","p1":"Pow Caeli","p2":"meal task deal see","format":"[Gen 9] OU","log":"|j|\u2606Pow Caeli\n|j|\u2606meal task deal see\n|t:|1700848789\n|gametype|singles\n|player|p1|Pow Caeli|backersf|1464\n|player|p2|meal task deal see|kieran-festival|1548\n|teamsize|p1|6\n|teamsize|p2|6\n|gen|9\n|tier|[Gen 9] OU\n|rated|\n|rule|Sleep Clause Mod: Limit one foe put to sleep\n|rule|Species Clause: Limit one of each Pok\u00e9mon\n|rule|OHKO Clause: OHKO moves are banned\n|rule|Evasion Items Clause: Evasion items are banned\n|rule|Evasion Moves Clause: Evasion moves are banned\n|rule|Endless Battle Clause: Forcing endless battles is banned\n|rule|HP Percentage Mod: HP is shown in percentages\n|clearpoke\n|poke|p1|Goodra-Hisui, F|\n|poke|p1|Blissey, F|\n|poke|p1|Dondozo, M|\n|poke|p1|Mandibuzz, F|\n|poke|p1|Kingambit, M|\n|poke|p1|Iron Valiant|\n|poke|p2|Hatterene, F|\n|poke|p2|Moltres|\n|poke|p2|Walking Wake|\n|poke|p2|Torkoal, M|\n|poke|p2|Lilligant-Hisui, F|\n|poke|p2|Sandy Shocks|\n|teampreview\n|inactive|Battle timer is ON: inactive players will automatically lose when time's up. (requested by meal task deal see)\n|\n|t:|1700848801\n|start\n|switch|p1a: Blissey|Blissey, F|100\/100\n|switch|p2a: Torkoal|Torkoal, M|100\/100\n|-weather|SunnyDay|[from] ability: Drought|[of] p2a: Torkoal\n|turn|1\n|\n|t:|1700848804\n|switch|p2a: Hatterene|Hatterene, F|100\/100\n|move|p1a: Blissey|Thunder Wave|p2a: Hatterene\n|move|p2a: Hatterene|Thunder Wave|p1a: Blissey|[from]ability: Magic Bounce\n|-status|p1a: Blissey|par\n|\n|-weather|SunnyDay|[upkeep]\n|upkeep\n|turn|2\n|\n|t:|1700848808\n|move|p2a: Hatterene|Nuzzle|p1a: Blissey\n|-damage|p1a: Blissey|97\/100 par\n|move|p1a: Blissey|Seismic Toss|p2a: Hatterene\n|-damage|p2a: Hatterene|69\/100\n|-enditem|p2a: Hatterene|Eject Button\n|\n|t:|1700848817\n|switch|p2a: Lilligant|Lilligant-Hisui, F, shiny|100\/100\n|\n|-weather|SunnyDay|[upkeep]\n|upkeep\n|turn|3\n|\n|t:|1700848825\n|switch|p2a: Hatterene|Hatterene, F|69\/100\n|-curestatus|p1a: Blissey|par|[from] ability: Natural Cure\n|switch|p1a: Dondozo|Dondozo, M|100\/100\n|\n|-weather|SunnyDay|[upkeep]\n|upkeep\n|turn|4\n|\n|t:|1700848835\n|switch|p2a: Moltres|Moltres|100\/100\n|switch|p1a: Blissey|Blissey, F|97\/100\n|\n|-weather|SunnyDay|[upkeep]\n|upkeep\n|turn|5\n|\n|t:|1700848840\n|switch|p2a: Hatterene|Hatterene, F|69\/100\n|move|p1a: Blissey|Seismic Toss|p2a: Hatterene\n|-damage|p2a: Hatterene|37\/100\n|\n|-weather|SunnyDay|[upkeep]\n|upkeep\n|turn|6\n|\n|t:|1700848843\n|move|p1a: Blissey|Seismic Toss|p2a: Hatterene\n|-damage|p2a: Hatterene|6\/100\n|move|p2a: Hatterene|Nuzzle|p1a: Blissey\n|-damage|p1a: Blissey|93\/100\n|-status|p1a: Blissey|par\n|\n|-weather|SunnyDay|[upkeep]\n|upkeep\n|turn|7\n|\n|t:|1700848851\n|move|p2a: Hatterene|Healing Wish|p2a: Hatterene\n|faint|p2a: Hatterene\n|move|p1a: Blissey|Seismic Toss|p2: Hatterene|[notarget]\n|-fail|p1a: Blissey\n|\n|-weather|SunnyDay|[upkeep]\n|upkeep\n|\n|t:|1700848854\n|switch|p2a: Lilligant|Lilligant-Hisui, F, shiny|100\/100\n|turn|8\n|\n|t:|1700848858\n|-curestatus|p1a: Blissey|par|[from] ability: Natural Cure\n|switch|p1a: Mandibuzz|Mandibuzz, F|100\/100\n|move|p2a: Lilligant|Solar Blade||[still]\n|-prepare|p2a: Lilligant|Solar Blade\n|-anim|p2a: Lilligant|Solar Blade|p1a: Mandibuzz\n|-resisted|p1a: Mandibuzz\n|-damage|p1a: Mandibuzz|78\/100\n|-damage|p2a: Lilligant|91\/100|[from] item: Life Orb\n|\n|-weather|none\n|upkeep\n|turn|9\n|\n|t:|1700848865\n|switch|p2a: Moltres|Moltres|100\/100\n|move|p1a: Mandibuzz|U-turn|p2a: Moltres\n|-resisted|p2a: Moltres\n|-damage|p2a: Moltres|97\/100\n|\n|t:|1700848871\n|switch|p1a: Blissey|Blissey, F|93\/100|[from] U-turn\n|\n|upkeep\n|turn|10\n|\n|t:|1700848875\n|switch|p2a: Torkoal|Torkoal, M|100\/100\n|-weather|SunnyDay|[from] ability: Drought|[of] p2a: Torkoal\n|move|p1a: Blissey|Stealth Rock|p2a: Torkoal\n|-sidestart|p2: meal task deal see|move: Stealth Rock\n|\n|-weather|SunnyDay|[upkeep]\n|upkeep\n|turn|11\n|\n|t:|1700848878\n|move|p1a: Blissey|Thunder Wave|p2a: Torkoal\n|-status|p2a: Torkoal|par\n|move|p2a: Torkoal|Rapid Spin|p1a: Blissey\n|-crit|p1a: Blissey\n|-damage|p1a: Blissey|77\/100\n|-boost|p2a: Torkoal|spe|1\n|-sideend|p2: meal task deal see|Stealth Rock|[from] move: Rapid Spin|[of] p2a: Torkoal\n|\n|-weather|SunnyDay|[upkeep]\n|upkeep\n|turn|12\n|\n|t:|1700848881\n|switch|p2a: Sandy Shocks|Sandy Shocks|100\/100\n|-activate|p2a: Sandy Shocks|ability: Protosynthesis\n|-start|p2a: Sandy Shocks|protosynthesisspa\n|move|p1a: Blissey|Stealth Rock|p2a: Sandy Shocks\n|-sidestart|p2: meal task deal see|move: Stealth Rock\n|\n|-weather|SunnyDay|[upkeep]\n|upkeep\n|turn|13\n|\n|t:|1700848887\n|move|p2a: Sandy Shocks|Volt Switch|p1a: Blissey\n|-damage|p1a: Blissey|64\/100\n|\n|t:|1700848889\n|-end|p2a: Sandy Shocks|Protosynthesis|[silent]\n|switch|p2a: Lilligant|Lilligant-Hisui, F, shiny|91\/100|[from] Volt Switch\n|-heal|p2a: Lilligant|100\/100|[from] move: Healing Wish\n|-damage|p2a: Lilligant|94\/100|[from] Stealth Rock\n|move|p1a: Blissey|Seismic Toss|p2a: Lilligant\n|-damage|p2a: Lilligant|59\/100\n|\n|-weather|SunnyDay|[upkeep]\n|upkeep\n|turn|14\n|\n|t:|1700848896\n|switch|p1a: Goodra|Goodra-Hisui, F|100\/100\n|move|p2a: Lilligant|Ice Spinner|p1a: Goodra\n|-damage|p1a: Goodra|68\/100\n|-damage|p2a: Lilligant|49\/100|[from] item: Life Orb\n|\n|-weather|SunnyDay|[upkeep]\n|upkeep\n|turn|15\n|-message|meal task deal see forfeited.\n|\n|win|Pow Caeli\n|raw|Pow Caeli's rating: 1464 &rarr; <strong>1489<\/strong><br \/>(+25 for winning)\n|raw|meal task deal see's rating: 1548 &rarr; <strong>1523<\/strong><br \/>(-25 for losing)\n|l|\u2606meal task deal see\n","uploadtime":1700849196,"views":1,"p1id":"powcaeli","p2id":"mealtaskdealsee","formatid":"gen9ou","rating":1489,"private":0,"password":""}