{"id":"gen9ou-1997342605","p1":"Jovem_Buda","p2":"tinkatooni","format":"[Gen 9] OU","log":"|j|\u2606Jovem_Buda\n|j|\u2606tinkatooni\n|t:|1700791809\n|gametype|singles\n|player|p1|Jovem_Buda|li|1114\n|player|p2|tinkatooni|265|1052\n|teamsize|p1|6\n|teamsize|p2|6\n|gen|9\n|tier|[Gen 9] OU\n|rated|\n|rule|Sleep Clause Mod: Limit one foe put to sleep\n|rule|Species Clause: Limit one of each Pok\u00e9mon\n|rule|OHKO Clause: OHKO moves are banned\n|rule|Evasion Items Clause: Evasion items are banned\n|rule|Evasion Moves Clause: Evasion moves are banned\n|rule|Endless Battle Clause: Forcing endless battles is banned\n|rule|HP Percentage Mod: HP is shown in percentages\n|clearpoke\n|poke|p1|Landorus-Therian, M|\n|poke|p1|Blissey, F|\n|poke|p1|Alomomola, M|\n|poke|p1|Quagsire, F|\n|poke|p1|Barraskewda, M|\n|poke|p1|Froslass, F|\n|poke|p2|Grafaiai, F|\n|poke|p2|Mienshao, F|\n|poke|p2|Tornadus-Therian, M|\n|poke|p2|Grimmsnarl, M|\n|poke|p2|Noivern, F|\n|poke|p2|Toxapex, M|\n|teampreview\n|inactive|Battle timer is ON: inactive players will automatically lose when time's up. (requested by Jovem_Buda)\n|\n|t:|1700791829\n|start\n|switch|p1a: Landorus|Landorus-Therian, M|100\/100\n|switch|p2a: Toxapex|Toxapex, M|100\/100\n|-ability|p1a: Landorus|Intimidate|boost\n|-unboost|p2a: Toxapex|atk|1\n|turn|1\n|\n|t:|1700791838\n|move|p1a: Landorus|U-turn|p2a: Toxapex\n|-resisted|p2a: Toxapex\n|-damage|p2a: Toxapex|91\/100\n|\n|t:|1700791849\n|switch|p1a: Blissey|Blissey, F|100\/100|[from] U-turn\n|move|p2a: Toxapex|Ice Beam|p1a: Blissey\n|-damage|p1a: Blissey|95\/100\n|\n|-heal|p2a: Toxapex|97\/100|[from] item: Leftovers\n|upkeep\n|turn|2\n|\n|t:|1700791860\n|move|p1a: Blissey|Stealth Rock|p2a: Toxapex\n|-sidestart|p2: tinkatooni|move: Stealth Rock\n|move|p2a: Toxapex|Toxic Spikes|p1a: Blissey\n|-sidestart|p1: Jovem_Buda|move: Toxic Spikes\n|\n|-heal|p2a: Toxapex|100\/100|[from] item: Leftovers\n|upkeep\n|turn|3\n|\n|t:|1700791863\n|move|p1a: Blissey|Seismic Toss|p2a: Toxapex\n|-damage|p2a: Toxapex|67\/100\n|move|p2a: Toxapex|Toxic Spikes|p1a: Blissey\n|-sidestart|p1: Jovem_Buda|move: Toxic Spikes\n|\n|-heal|p2a: Toxapex|73\/100|[from] item: Leftovers\n|upkeep\n|turn|4\n|\n|t:|1700791867\n|move|p2a: Toxapex|Baneful Bunker|p2a: Toxapex\n|-singleturn|p2a: Toxapex|move: Protect\n|move|p1a: Blissey|Seismic Toss|p2a: Toxapex\n|-activate|p2a: Toxapex|move: Protect\n|-status|p1a: Blissey|psn\n|\n|-heal|p2a: Toxapex|79\/100|[from] item: Leftovers\n|-damage|p1a: Blissey|82\/100 psn|[from] psn\n|upkeep\n|turn|5\n|\n|t:|1700791873\n|switch|p2a: Grafaiai|Grafaiai, F|100\/100\n|-damage|p2a: Grafaiai|88\/100|[from] Stealth Rock\n|move|p1a: Blissey|Seismic Toss|p2a: Grafaiai\n|-damage|p2a: Grafaiai|58\/100\n|\n|-damage|p1a: Blissey|70\/100 psn|[from] psn\n|upkeep\n|turn|6\n|\n|t:|1700791893\n|-curestatus|p1a: Blissey|psn|[from] ability: Natural Cure\n|switch|p1a: Alomomola|Alomomola, M|100\/100\n|move|p2a: Grafaiai|Parting Shot|p1a: Alomomola\n|-unboost|p1a: Alomomola|atk|1\n|-unboost|p1a: Alomomola|spa|1\n|\n|t:|1700791916\n|switch|p2a: Grimmsnarl|Grimmsnarl, M|100\/100|[from] Parting Shot\n|-damage|p2a: Grimmsnarl|88\/100|[from] Stealth Rock\n|\n|-heal|p2a: Grimmsnarl|94\/100|[from] item: Leftovers\n|upkeep\n|turn|7\n|\n|t:|1700791925\n|move|p2a: Grimmsnarl|Fake Out|p1a: Alomomola\n|-damage|p1a: Alomomola|92\/100\n|cant|p1a: Alomomola|flinch\n|\n|-heal|p2a: Grimmsnarl|99\/100|[from] item: Leftovers\n|upkeep\n|turn|8\n|\n|t:|1700791928\n|move|p2a: Grimmsnarl|Parting Shot|p1a: Alomomola\n|-unboost|p1a: Alomomola|atk|1\n|-unboost|p1a: Alomomola|spa|1\n|inactive|tinkatooni has 120 seconds left.\n|\n|t:|1700791967\n|switch|p2a: Mienshao|Mienshao, F|100\/100|[from] Parting Shot\n|-damage|p2a: Mienshao|95\/100|[from] Stealth Rock\n|move|p1a: Alomomola|Scald|p2a: Mienshao\n|-damage|p2a: Mienshao|81\/100\n|\n|upkeep\n|turn|9\n|\n|t:|1700791977\n|move|p2a: Mienshao|Fake Out|p1a: Alomomola\n|-damage|p1a: Alomomola|85\/100\n|cant|p1a: Alomomola|flinch\n|\n|upkeep\n|turn|10\n|\n|t:|1700791979\n|move|p2a: Mienshao|U-turn|p1a: Alomomola\n|-damage|p1a: Alomomola|72\/100\n|\n|t:|1700791983\n|switch|p2a: Tornadus|Tornadus-Therian, M|100\/100|[from] U-turn\n|-damage|p2a: Tornadus|76\/100|[from] Stealth Rock\n|move|p1a: Alomomola|Scald|p2a: Tornadus\n|-damage|p2a: Tornadus|69\/100\n|-status|p2a: Tornadus|brn\n|\n|-heal|p2a: Tornadus|75\/100 brn|[from] item: Leftovers\n|-damage|p2a: Tornadus|69\/100 brn|[from] brn\n|upkeep\n|turn|11\n|c|\u2606Jovem_Buda|That's a very interesting team\n|\n|t:|1700792003\n|move|p2a: Tornadus|U-turn|p1a: Alomomola\n|-damage|p1a: Alomomola|69\/100\n|c|\u2606tinkatooni|i like making messed up teams\n|\n|t:|1700792007\n|switch|p2a: Noivern|Noivern, F|100\/100|[from] U-turn\n|-damage|p2a: Noivern|76\/100|[from] Stealth Rock\n|move|p1a: Alomomola|Wish|p1a: Alomomola\n|\n|upkeep\n|turn|12\n|\n|t:|1700792012\n|switch|p1a: Blissey|Blissey, F|70\/100\n|move|p2a: Noivern|Boomburst|p1a: Blissey\n|-damage|p1a: Blissey|55\/100\n|-damage|p2a: Noivern|66\/100|[from] item: Life Orb\n|\n|-heal|p1a: Blissey|96\/100|[from] move: Wish|[wisher] Alomomola\n|upkeep\n|turn|13\n|\n|t:|1700792020\n|move|p2a: Noivern|Outrage|p1a: Blissey\n|-damage|p1a: Blissey|57\/100\n|-damage|p2a: Noivern|56\/100|[from] item: Life Orb\n|move|p1a: Blissey|Seismic Toss|p2a: Noivern\n|-damage|p2a: Noivern|24\/100\n|\n|upkeep\n|turn|14\n|c|\u2606tinkatooni|hm damn\n|c|\u2606tinkatooni|are those Heavy Duty Boots on a blissey?\n|\n|t:|1700792037\n|move|p2a: Noivern|Outrage|p1a: Blissey|[from]lockedmove\n|-damage|p1a: Blissey|15\/100\n|-damage|p2a: Noivern|14\/100|[from] item: Life Orb\n|-start|p2a: Noivern|confusion|[fatigue]\n|move|p1a: Blissey|Seismic Toss|p2a: Noivern\n|-damage|p2a: Noivern|0 fnt\n|faint|p2a: Noivern\n|\n|upkeep\n|\n|t:|1700792048\n|switch|p2a: Mienshao|Mienshao, F|100\/100\n|-damage|p2a: Mienshao|95\/100|[from] Stealth Rock\n|turn|15\n|\n|t:|1700792055\n|switch|p1a: Alomomola|Alomomola, M|100\/100\n|move|p2a: Mienshao|Fake Out|p1a: Alomomola\n|-damage|p1a: Alomomola|93\/100\n|\n|upkeep\n|turn|16\n|\n|t:|1700792070\n|move|p2a: Mienshao|Knock Off|p1a: Alomomola\n|-damage|p1a: Alomomola|74\/100\n|-enditem|p1a: Alomomola|Heavy-Duty Boots|[from] move: Knock Off|[of] p2a: Mienshao\n|move|p1a: Alomomola|Flip Turn|p2a: Mienshao\n|-damage|p2a: Mienshao|63\/100\n|-damage|p1a: Alomomola|58\/100|[from] item: Rocky Helmet|[of] p2a: Mienshao\n|\n|t:|1700792080\n|switch|p1a: Barraskewda|Barraskewda, M|100\/100|[from] Flip Turn\n|-status|p1a: Barraskewda|tox\n|\n|-damage|p1a: Barraskewda|94\/100 tox|[from] psn\n|upkeep\n|turn|17\n|\n|t:|1700792103\n|move|p1a: Barraskewda|Psychic Fangs|p2a: Mienshao\n|-supereffective|p2a: Mienshao\n|-damage|p2a: Mienshao|0 fnt\n|-damage|p1a: Barraskewda|78\/100 tox|[from] item: Rocky Helmet|[of] p2a: Mienshao\n|faint|p2a: Mienshao\n|\n|-damage|p1a: Barraskewda|66\/100 tox|[from] psn\n|upkeep\n|\n|t:|1700792107\n|switch|p2a: Grafaiai|Grafaiai, F|58\/100\n|-damage|p2a: Grafaiai|45\/100|[from] Stealth Rock\n|turn|18\n|c|\u2606Jovem_Buda|Sorry I didn't saw the message\n|c|\u2606Jovem_Buda|Yes, HDB Blissey\n|\n|t:|1700792125\n|move|p2a: Grafaiai|Parting Shot|p1a: Barraskewda\n|-unboost|p1a: Barraskewda|atk|1\n|-unboost|p1a: Barraskewda|spa|1\n|\n|t:|1700792133\n|switch|p2a: Grimmsnarl|Grimmsnarl, M|99\/100|[from] Parting Shot\n|-damage|p2a: Grimmsnarl|88\/100|[from] Stealth Rock\n|move|p1a: Barraskewda|Psychic Fangs|p2a: Grimmsnarl\n|-immune|p2a: Grimmsnarl\n|\n|-heal|p2a: Grimmsnarl|94\/100|[from] item: Leftovers\n|-damage|p1a: Barraskewda|48\/100 tox|[from] psn\n|upkeep\n|turn|19\n|\n|t:|1700792142\n|switch|p1a: Alomomola|Alomomola, M|91\/100\n|-status|p1a: Alomomola|tox\n|move|p2a: Grimmsnarl|Fake Out|p1a: Alomomola\n|-damage|p1a: Alomomola|83\/100 tox\n|\n|-heal|p2a: Grimmsnarl|99\/100|[from] item: Leftovers\n|-damage|p1a: Alomomola|77\/100 tox|[from] psn\n|upkeep\n|turn|20\n|\n|t:|1700792153\n|move|p2a: Grimmsnarl|Parting Shot|p1a: Alomomola\n|-unboost|p1a: Alomomola|atk|1\n|-unboost|p1a: Alomomola|spa|1\n|\n|t:|1700792157\n|switch|p2a: Tornadus|Tornadus-Therian, M|100\/100 brn|[from] Parting Shot\n|-damage|p2a: Tornadus|76\/100 brn|[from] Stealth Rock\n|move|p1a: Alomomola|Wish|p1a: Alomomola\n|\n|-heal|p2a: Tornadus|82\/100 brn|[from] item: Leftovers\n|-damage|p1a: Alomomola|65\/100 tox|[from] psn\n|-damage|p2a: Tornadus|76\/100 brn|[from] brn\n|upkeep\n|turn|21\n|\n|t:|1700792162\n|switch|p1a: Blissey|Blissey, F|15\/100\n|move|p2a: Tornadus|Tailwind|p2a: Tornadus\n|-sidestart|p2: tinkatooni|move: Tailwind\n|\n|-heal|p1a: Blissey|56\/100|[from] move: Wish|[wisher] Alomomola\n|-heal|p2a: Tornadus|82\/100 brn|[from] item: Leftovers\n|-damage|p2a: Tornadus|76\/100 brn|[from] brn\n|upkeep\n|turn|22\n|\n|t:|1700792170\n|move|p2a: Tornadus|Hyper Beam|p1a: Blissey\n|-damage|p1a: Blissey|41\/100\n|-mustrecharge|p2a: Tornadus\n|move|p1a: Blissey|Heal Bell|p1a: Blissey\n|-activate|p1a: Blissey|move: Heal Bell\n|-curestatus|p1: Alomomola|tox|[msg]\n|-curestatus|p1: Barraskewda|tox|[msg]\n|\n|-heal|p2a: Tornadus|82\/100 brn|[from] item: Leftovers\n|-damage|p2a: Tornadus|76\/100 brn|[from] brn\n|upkeep\n|turn|23\n|\n|t:|1700792182\n|cant|p2a: Tornadus|recharge\n|move|p1a: Blissey|Seismic Toss|p2a: Tornadus\n|-damage|p2a: Tornadus|48\/100 brn\n|\n|-heal|p2a: Tornadus|54\/100 brn|[from] item: Leftovers\n|-damage|p2a: Tornadus|48\/100 brn|[from] brn\n|upkeep\n|turn|24\n|\n|t:|1700792191\n|move|p2a: Tornadus|U-turn|p1a: Blissey\n|-damage|p1a: Blissey|33\/100\n|\n|t:|1700792193\n|switch|p2a: Grafaiai|Grafaiai, F|45\/100|[from] U-turn\n|-damage|p2a: Grafaiai|33\/100|[from] Stealth Rock\n|move|p1a: Blissey|Seismic Toss|p2a: Grafaiai\n|-damage|p2a: Grafaiai|3\/100\n|\n|-sideend|p2: tinkatooni|move: Tailwind\n|upkeep\n|turn|25\n|\n|t:|1700792202\n|switch|p1a: Landorus|Landorus-Therian, M|100\/100\n|-ability|p1a: Landorus|Intimidate|boost\n|-unboost|p2a: Grafaiai|atk|1\n|move|p2a: Grafaiai|Switcheroo|p1a: Landorus\n|-activate|p2a: Grafaiai|move: Trick|[of] p1a: Landorus\n|-item|p1a: Landorus|Toxic Orb|[from] move: Switcheroo\n|-item|p2a: Grafaiai|Rocky Helmet|[from] move: Switcheroo\n|\n|-status|p1a: Landorus|tox|[from] item: Toxic Orb\n|upkeep\n|turn|26\n|c|\u2606tinkatooni|damn\n|c|\u2606tinkatooni|i wanted those boot\n|c|\u2606tinkatooni|s\n|c|\u2606Jovem_Buda|I knew XD\n|\n|t:|1700792230\n|move|p2a: Grafaiai|Parting Shot|p1a: Landorus\n|-unboost|p1a: Landorus|atk|1\n|-unboost|p1a: Landorus|spa|1\n|\n|t:|1700792235\n|switch|p2a: Toxapex|Toxapex, M|100\/100|[from] Parting Shot\n|-damage|p2a: Toxapex|88\/100|[from] Stealth Rock\n|move|p1a: Landorus|U-turn|p2a: Toxapex\n|-resisted|p2a: Toxapex\n|-damage|p2a: Toxapex|82\/100\n|\n|t:|1700792243\n|switch|p1a: Froslass|Froslass, F, shiny|100\/100|[from] U-turn\n|-status|p1a: Froslass|tox\n|\n|-heal|p2a: Toxapex|88\/100|[from] item: Leftovers\n|-damage|p1a: Froslass|94\/100 tox|[from] psn\n|upkeep\n|turn|27\n|c|\u2606tinkatooni|now the grafaiai will gradiedie\n|\n|t:|1700792256\n|move|p2a: Toxapex|Baneful Bunker|p2a: Toxapex\n|-singleturn|p2a: Toxapex|move: Protect\n|move|p1a: Froslass|Block|p2a: Toxapex\n|-activate|p2a: Toxapex|trapped\n|\n|-heal|p2a: Toxapex|94\/100|[from] item: Leftovers\n|-damage|p1a: Froslass|82\/100 tox|[from] psn\n|upkeep\n|turn|28\n|c|\u2606Jovem_Buda|Thats the weird poke of the team\n|\n|t:|1700792260\n|move|p1a: Froslass|Block||[still]\n|-fail|p1a: Froslass\n|move|p2a: Toxapex|Haze|p2a: Toxapex\n|-clearallboost\n|\n|-heal|p2a: Toxapex|99\/100|[from] item: Leftovers\n|-damage|p1a: Froslass|64\/100 tox|[from] psn\n|upkeep\n|turn|29\n|\n|t:|1700792269\n|move|p1a: Froslass|Block||[still]\n|-fail|p1a: Froslass\n|move|p2a: Toxapex|Ice Beam|p1a: Froslass\n|-resisted|p1a: Froslass\n|-damage|p1a: Froslass|47\/100 tox\n|\n|-heal|p2a: Toxapex|100\/100|[from] item: Leftovers\n|-damage|p1a: Froslass|23\/100 tox|[from] psn\n|upkeep\n|turn|30\n|\n|t:|1700792279\n|switch|p1a: Alomomola|Alomomola, M|98\/100\n|-status|p1a: Alomomola|tox\n|move|p2a: Toxapex|Ice Beam|p1a: Alomomola\n|-resisted|p1a: Alomomola\n|-damage|p1a: Alomomola|86\/100 tox\n|\n|-damage|p1a: Alomomola|80\/100 tox|[from] psn\n|upkeep\n|turn|31\n|c|\u2606tinkatooni|choice item???\n|c|\u2606Jovem_Buda|Nah\n|c|\u2606Jovem_Buda|I don't know how to use block HAHAHA\n|\n|t:|1700792297\n|move|p2a: Toxapex|Baneful Bunker|p2a: Toxapex\n|-singleturn|p2a: Toxapex|move: Protect\n|move|p1a: Alomomola|Wish|p1a: Alomomola\n|\n|-damage|p1a: Alomomola|68\/100 tox|[from] psn\n|upkeep\n|turn|32\n|c|\u2606tinkatooni|it just prevents switching until fross is gone\n|\n|t:|1700792318\n|switch|p1a: Blissey|Blissey, F|33\/100\n|move|p2a: Toxapex|Haze|p2a: Toxapex\n|-clearallboost\n|\n|-heal|p1a: Blissey|74\/100|[from] move: Wish|[wisher] Alomomola\n|upkeep\n|turn|33\n|c|\u2606Jovem_Buda|Oh, it makes sense\n|\n|t:|1700792331\n|move|p1a: Blissey|Heal Bell|p1a: Blissey\n|-activate|p1a: Blissey|move: Heal Bell\n|-curestatus|p1: Alomomola|tox|[msg]\n|-curestatus|p1: Froslass|tox|[msg]\n|-curestatus|p1: Landorus|tox|[msg]\n|move|p2a: Toxapex|Ice Beam|p1a: Blissey\n|-damage|p1a: Blissey|68\/100\n|-status|p1a: Blissey|frz\n|\n|upkeep\n|turn|34\n|\n|t:|1700792356\n|-curestatus|p1a: Blissey|frz|[msg]\n|move|p1a: Blissey|Seismic Toss|p2a: Toxapex\n|-damage|p2a: Toxapex|67\/100\n|move|p2a: Toxapex|Ice Beam|p1a: Blissey\n|-damage|p1a: Blissey|62\/100\n|\n|-heal|p2a: Toxapex|73\/100|[from] item: Leftovers\n|upkeep\n|turn|35\n|c|\u2606tinkatooni|the thawing...\n|\n|t:|1700792367\n|move|p1a: Blissey|Seismic Toss|p2a: Toxapex\n|-damage|p2a: Toxapex|40\/100\n|move|p2a: Toxapex|Ice Beam|p1a: Blissey\n|-damage|p1a: Blissey|56\/100\n|\n|-heal|p2a: Toxapex|46\/100|[from] item: Leftovers\n|upkeep\n|turn|36\n|c|\u2606Jovem_Buda|I believe natural cure healed it\n|\n|t:|1700792374\n|move|p2a: Toxapex|Baneful Bunker|p2a: Toxapex\n|-singleturn|p2a: Toxapex|move: Protect\n|move|p1a: Blissey|Seismic Toss|p2a: Toxapex\n|-activate|p2a: Toxapex|move: Protect\n|-status|p1a: Blissey|psn\n|\n|-heal|p2a: Toxapex|52\/100|[from] item: Leftovers\n|-damage|p1a: Blissey|44\/100 psn|[from] psn\n|upkeep\n|turn|37\n|c|\u2606tinkatooni|no way, it just happened on its own\n|\n|t:|1700792389\n|move|p1a: Blissey|Soft-Boiled|p1a: Blissey\n|-heal|p1a: Blissey|94\/100 psn\n|move|p2a: Toxapex|Ice Beam|p1a: Blissey\n|-damage|p1a: Blissey|87\/100 psn\n|\n|-heal|p2a: Toxapex|58\/100|[from] item: Leftovers\n|-damage|p1a: Blissey|75\/100 psn|[from] psn\n|upkeep\n|turn|38\n|inactive|Jovem_Buda has 120 seconds left.\n|\n|t:|1700792424\n|-curestatus|p1a: Blissey|psn|[from] ability: Natural Cure\n|switch|p1a: Alomomola|Alomomola, M|100\/100\n|-status|p1a: Alomomola|tox\n|switch|p2a: Grimmsnarl|Grimmsnarl, M|99\/100\n|-damage|p2a: Grimmsnarl|88\/100|[from] Stealth Rock\n|\n|-heal|p2a: Grimmsnarl|94\/100|[from] item: Leftovers\n|-damage|p1a: Alomomola|94\/100 tox|[from] psn\n|upkeep\n|turn|39\n|\n|t:|1700792436\n|move|p2a: Grimmsnarl|Fake Out|p1a: Alomomola\n|-damage|p1a: Alomomola|87\/100 tox\n|cant|p1a: Alomomola|flinch\n|\n|-heal|p2a: Grimmsnarl|99\/100|[from] item: Leftovers\n|-damage|p1a: Alomomola|74\/100 tox|[from] psn\n|upkeep\n|turn|40\n|\n|t:|1700792446\n|move|p1a: Alomomola|Protect|p1a: Alomomola\n|-singleturn|p1a: Alomomola|Protect\n|move|p2a: Grimmsnarl|Parting Shot|p1a: Alomomola\n|-activate|p1a: Alomomola|move: Protect\n|\n|-heal|p2a: Grimmsnarl|100\/100|[from] item: Leftovers\n|-damage|p1a: Alomomola|56\/100 tox|[from] psn\n|upkeep\n|turn|41\n|\n|t:|1700792450\n|move|p2a: Grimmsnarl|Parting Shot|p1a: Alomomola\n|-unboost|p1a: Alomomola|atk|1\n|-unboost|p1a: Alomomola|spa|1\n|\n|t:|1700792453\n|switch|p2a: Tornadus|Tornadus-Therian, M|81\/100 brn|[from] Parting Shot\n|-damage|p2a: Tornadus|56\/100 brn|[from] Stealth Rock\n|move|p1a: Alomomola|Wish|p1a: Alomomola\n|\n|-heal|p2a: Tornadus|62\/100 brn|[from] item: Leftovers\n|-damage|p1a: Alomomola|31\/100 tox|[from] psn\n|-damage|p2a: Tornadus|56\/100 brn|[from] brn\n|upkeep\n|turn|42\n|\n|t:|1700792462\n|switch|p1a: Froslass|Froslass, F, shiny|23\/100\n|-status|p1a: Froslass|tox\n|move|p2a: Tornadus|Tailwind|p2a: Tornadus\n|-sidestart|p2: tinkatooni|move: Tailwind\n|\n|-heal|p1a: Froslass|100\/100 tox|[from] move: Wish|[wisher] Alomomola\n|-heal|p2a: Tornadus|62\/100 brn|[from] item: Leftovers\n|-damage|p1a: Froslass|94\/100 tox|[from] psn\n|-damage|p2a: Tornadus|56\/100 brn|[from] brn\n|upkeep\n|turn|43\n|\n|t:|1700792468\n|move|p2a: Tornadus|Fly||[still]\n|-prepare|p2a: Tornadus|Fly\n|move|p1a: Froslass|Block|p2a: Tornadus|[miss]\n|-miss|p1a: Froslass|p2a: Tornadus\n|\n|-heal|p2a: Tornadus|62\/100 brn|[from] item: Leftovers\n|-damage|p1a: Froslass|82\/100 tox|[from] psn\n|-damage|p2a: Tornadus|56\/100 brn|[from] brn\n|upkeep\n|turn|44\n|\n|t:|1700792475\n|move|p2a: Tornadus|Fly|p1a: Froslass|[from]lockedmove\n|-damage|p1a: Froslass|58\/100 tox\n|move|p1a: Froslass|Block|p2a: Tornadus\n|-activate|p2a: Tornadus|trapped\n|\n|-heal|p2a: Tornadus|62\/100 brn|[from] item: Leftovers\n|-damage|p1a: Froslass|40\/100 tox|[from] psn\n|-damage|p2a: Tornadus|56\/100 brn|[from] brn\n|upkeep\n|turn|45\n|\n|t:|1700792489\n|move|p1a: Froslass|Protect|p1a: Froslass\n|-singleturn|p1a: Froslass|Protect\n|move|p2a: Tornadus|U-turn|p1a: Froslass\n|-activate|p1a: Froslass|move: Protect\n|\n|-heal|p2a: Tornadus|62\/100 brn|[from] item: Leftovers\n|-damage|p1a: Froslass|16\/100 tox|[from] psn\n|-damage|p2a: Tornadus|56\/100 brn|[from] brn\n|-sideend|p2: tinkatooni|move: Tailwind\n|upkeep\n|turn|46\n|\n|t:|1700792496\n|move|p1a: Froslass|Destiny Bond|p1a: Froslass\n|-singlemove|p1a: Froslass|Destiny Bond\n|move|p2a: Tornadus|U-turn|p1a: Froslass\n|-resisted|p1a: Froslass\n|-damage|p1a: Froslass|10\/100 tox\n|\n|t:|1700792501\n|switch|p2a: Grimmsnarl|Grimmsnarl, M|100\/100|[from] U-turn\n|-damage|p2a: Grimmsnarl|88\/100|[from] Stealth Rock\n|\n|-heal|p2a: Grimmsnarl|94\/100|[from] item: Leftovers\n|-damage|p1a: Froslass|0 fnt|[from] psn\n|faint|p1a: Froslass\n|upkeep\n|c|\u2606Jovem_Buda|XD\n|c|\u2606tinkatooni|lol\n|c|\u2606Jovem_Buda|It was worth a try LMAO\n|inactive|Jovem_Buda has 120 seconds left.\n|\n|t:|1700792551\n|switch|p1a: Quagsire|Quagsire, F|100\/100\n|-status|p1a: Quagsire|tox\n|turn|47\n|\n|t:|1700792558\n|move|p2a: Grimmsnarl|Fake Out|p1a: Quagsire\n|-damage|p1a: Quagsire|90\/100 tox\n|cant|p1a: Quagsire|flinch\n|\n|-heal|p2a: Grimmsnarl|99\/100|[from] item: Leftovers\n|-heal|p1a: Quagsire|96\/100 tox|[from] item: Leftovers\n|-damage|p1a: Quagsire|90\/100 tox|[from] psn\n|upkeep\n|turn|48\n|inactive|Jovem_Buda has 120 seconds left.\n|\n|t:|1700792568\n|switch|p1a: Blissey|Blissey, F|75\/100\n|move|p2a: Grimmsnarl|Parting Shot|p1a: Blissey\n|-unboost|p1a: Blissey|atk|1\n|-unboost|p1a: Blissey|spa|1\n|\n|t:|1700792577\n|switch|p2a: Tornadus|Tornadus-Therian, M|89\/100 brn|[from] Parting Shot\n|-damage|p2a: Tornadus|65\/100 brn|[from] Stealth Rock\n|\n|-heal|p2a: Tornadus|71\/100 brn|[from] item: Leftovers\n|-damage|p2a: Tornadus|65\/100 brn|[from] brn\n|upkeep\n|turn|49\n|inactive|Jovem_Buda has 120 seconds left.\n|\n|t:|1700792592\n|move|p2a: Tornadus|Tailwind|p2a: Tornadus\n|-sidestart|p2: tinkatooni|move: Tailwind\n|move|p1a: Blissey|Seismic Toss|p2a: Tornadus\n|-damage|p2a: Tornadus|37\/100 brn\n|\n|-heal|p2a: Tornadus|43\/100 brn|[from] item: Leftovers\n|-damage|p2a: Tornadus|37\/100 brn|[from] brn\n|upkeep\n|turn|50\n|inactive|Jovem_Buda has 120 seconds left.\n|\n|t:|1700792605\n|move|p2a: Tornadus|Hyper Beam|p1a: Blissey\n|-crit|p1a: Blissey\n|-damage|p1a: Blissey|52\/100\n|-mustrecharge|p2a: Tornadus\n|move|p1a: Blissey|Seismic Toss|p2a: Tornadus\n|-damage|p2a: Tornadus|9\/100 brn\n|\n|-heal|p2a: Tornadus|15\/100 brn|[from] item: Leftovers\n|-damage|p2a: Tornadus|9\/100 brn|[from] brn\n|upkeep\n|turn|51\n|\n|t:|1700792614\n|cant|p2a: Tornadus|recharge\n|move|p1a: Blissey|Seismic Toss|p2a: Tornadus\n|-damage|p2a: Tornadus|0 fnt\n|faint|p2a: Tornadus\n|\n|upkeep\n|\n|t:|1700792621\n|switch|p2a: Grimmsnarl|Grimmsnarl, M|99\/100\n|-damage|p2a: Grimmsnarl|88\/100|[from] Stealth Rock\n|turn|52\n|\n|t:|1700792627\n|move|p2a: Grimmsnarl|Drain Punch|p1a: Blissey\n|-supereffective|p1a: Blissey\n|-damage|p1a: Blissey|0 fnt\n|-heal|p2a: Grimmsnarl|100\/100|[from] drain|[of] p1a: Blissey\n|faint|p1a: Blissey\n|\n|-sideend|p2: tinkatooni|move: Tailwind\n|upkeep\n|c|\u2606tinkatooni|WOOOOOOO\n|c|\u2606Jovem_Buda|BRUH\n|c|\u2606Jovem_Buda|Rip\n|inactive|Jovem_Buda has 120 seconds left.\n|\n|t:|1700792648\n|switch|p1a: Quagsire|Quagsire, F|90\/100 tox\n|turn|53\n|\n|t:|1700792657\n|move|p2a: Grimmsnarl|Parting Shot|p1a: Quagsire\n|-unboost|p1a: Quagsire|atk|1\n|-unboost|p1a: Quagsire|spa|1\n|\n|t:|1700792659\n|switch|p2a: Toxapex|Toxapex, M|92\/100|[from] Parting Shot\n|-damage|p2a: Toxapex|79\/100|[from] Stealth Rock\n|move|p1a: Quagsire|Toxic|p2a: Toxapex\n|-immune|p2a: Toxapex\n|\n|-heal|p2a: Toxapex|85\/100|[from] item: Leftovers\n|-heal|p1a: Quagsire|96\/100 tox|[from] item: Leftovers\n|-damage|p1a: Quagsire|90\/100 tox|[from] psn\n|upkeep\n|turn|54\n|\n|t:|1700792671\n|move|p1a: Quagsire|Earthquake|p2a: Toxapex\n|-supereffective|p2a: Toxapex\n|-damage|p2a: Toxapex|52\/100\n|move|p2a: Toxapex|Ice Beam|p1a: Quagsire\n|-damage|p1a: Quagsire|66\/100 tox\n|\n|-heal|p1a: Quagsire|72\/100 tox|[from] item: Leftovers\n|-heal|p2a: Toxapex|58\/100|[from] item: Leftovers\n|-damage|p1a: Quagsire|60\/100 tox|[from] psn\n|upkeep\n|turn|55\n|\n|t:|1700792679\n|move|p2a: Toxapex|Baneful Bunker|p2a: Toxapex\n|-singleturn|p2a: Toxapex|move: Protect\n|move|p1a: Quagsire|Earthquake|p2a: Toxapex\n|-activate|p2a: Toxapex|move: Protect\n|\n|-heal|p1a: Quagsire|66\/100 tox|[from] item: Leftovers\n|-heal|p2a: Toxapex|64\/100|[from] item: Leftovers\n|-damage|p1a: Quagsire|47\/100 tox|[from] psn\n|upkeep\n|turn|56\n|\n|t:|1700792685\n|move|p2a: Toxapex|Ice Beam|p1a: Quagsire\n|-damage|p1a: Quagsire|25\/100 tox\n|move|p1a: Quagsire|Earthquake|p2a: Toxapex\n|-supereffective|p2a: Toxapex\n|-damage|p2a: Toxapex|34\/100\n|\n|-heal|p2a: Toxapex|40\/100|[from] item: Leftovers\n|-heal|p1a: Quagsire|31\/100 tox|[from] item: Leftovers\n|-damage|p1a: Quagsire|6\/100 tox|[from] psn\n|upkeep\n|turn|57\n|\n|t:|1700792697\n|switch|p1a: Alomomola|Alomomola, M|65\/100 tox\n|move|p2a: Toxapex|Ice Beam|p1a: Alomomola\n|-resisted|p1a: Alomomola\n|-damage|p1a: Alomomola|52\/100 tox\n|\n|-heal|p2a: Toxapex|46\/100|[from] item: Leftovers\n|-damage|p1a: Alomomola|46\/100 tox|[from] psn\n|upkeep\n|turn|58\n|\n|t:|1700792700\n|move|p2a: Toxapex|Baneful Bunker|p2a: Toxapex\n|-singleturn|p2a: Toxapex|move: Protect\n|move|p1a: Alomomola|Wish|p1a: Alomomola\n|\n|-heal|p2a: Toxapex|52\/100|[from] item: Leftovers\n|-damage|p1a: Alomomola|34\/100 tox|[from] psn\n|upkeep\n|turn|59\n|\n|t:|1700792704\n|switch|p1a: Quagsire|Quagsire, F|6\/100 tox\n|move|p2a: Toxapex|Ice Beam|p1a: Quagsire\n|-damage|p1a: Quagsire|0 fnt\n|faint|p1a: Quagsire\n|\n|-heal|p2a: Toxapex|58\/100|[from] item: Leftovers\n|upkeep\n|c|\u2606tinkatooni|im playing 4d chess rn\n|\n|t:|1700792718\n|switch|p1a: Alomomola|Alomomola, M|67\/100 tox\n|turn|60\n|\n|t:|1700792722\n|move|p1a: Alomomola|Flip Turn|p2a: Toxapex\n|-resisted|p2a: Toxapex\n|-damage|p2a: Toxapex|52\/100\n|\n|t:|1700792725\n|switch|p1a: Landorus|Landorus-Therian, M|100\/100|[from] Flip Turn\n|-ability|p1a: Landorus|Intimidate|boost\n|-unboost|p2a: Toxapex|atk|1\n|move|p2a: Toxapex|Ice Beam|p1a: Landorus\n|-supereffective|p1a: Landorus\n|-damage|p1a: Landorus|20\/100\n|\n|-heal|p2a: Toxapex|58\/100|[from] item: Leftovers\n|-status|p1a: Landorus|tox|[from] item: Toxic Orb\n|upkeep\n|turn|61\n|\n|t:|1700792730\n|move|p2a: Toxapex|Baneful Bunker|p2a: Toxapex\n|-singleturn|p2a: Toxapex|move: Protect\n|move|p1a: Landorus|Grass Knot|p2a: Toxapex\n|-activate|p2a: Toxapex|move: Protect\n|\n|-heal|p2a: Toxapex|64\/100|[from] item: Leftovers\n|-damage|p1a: Landorus|14\/100 tox|[from] psn\n|upkeep\n|turn|62\n|\n|t:|1700792735\n|move|p2a: Toxapex|Baneful Bunker||[still]\n|-fail|p2a: Toxapex\n|move|p1a: Landorus|Grass Knot|p2a: Toxapex\n|-damage|p2a: Toxapex|56\/100\n|\n|-heal|p2a: Toxapex|62\/100|[from] item: Leftovers\n|-damage|p1a: Landorus|2\/100 tox|[from] psn\n|upkeep\n|turn|63\n|\n|t:|1700792740\n|move|p2a: Toxapex|Baneful Bunker|p2a: Toxapex\n|-singleturn|p2a: Toxapex|move: Protect\n|move|p1a: Landorus|Earthquake|p2a: Toxapex\n|-activate|p2a: Toxapex|move: Protect\n|\n|-heal|p2a: Toxapex|68\/100|[from] item: Leftovers\n|-damage|p1a: Landorus|0 fnt|[from] psn\n|faint|p1a: Landorus\n|upkeep\n|c|\u2606Jovem_Buda|The team it is in test phase still XD\n|c|\u2606Jovem_Buda|I need a taunt\n|c|\u2606tinkatooni|mine too lol\n|\n|t:|1700792759\n|switch|p1a: Barraskewda|Barraskewda, M|48\/100\n|-status|p1a: Barraskewda|tox\n|turn|64\n|c|\u2606tinkatooni|yes\n|c|\u2606tinkatooni|taunt would be amazing for me lol\n|\n|t:|1700792768\n|move|p2a: Toxapex|Baneful Bunker||[still]\n|-fail|p2a: Toxapex\n|move|p1a: Barraskewda|Psychic Fangs|p2a: Toxapex\n|-supereffective|p2a: Toxapex\n|-damage|p2a: Toxapex|6\/100\n|\n|-heal|p2a: Toxapex|12\/100|[from] item: Leftovers\n|-damage|p1a: Barraskewda|42\/100 tox|[from] psn\n|upkeep\n|turn|65\n|\n|t:|1700792776\n|-terastallize|p1a: Barraskewda|Water\n|move|p2a: Toxapex|Baneful Bunker|p2a: Toxapex\n|-singleturn|p2a: Toxapex|move: Protect\n|move|p1a: Barraskewda|Psychic Fangs|p2a: Toxapex\n|-activate|p2a: Toxapex|move: Protect\n|\n|-heal|p2a: Toxapex|18\/100|[from] item: Leftovers\n|-damage|p1a: Barraskewda|29\/100 tox|[from] psn\n|upkeep\n|turn|66\n|\n|t:|1700792783\n|switch|p1a: Alomomola|Alomomola, M|100\/100 tox\n|move|p2a: Toxapex|Ice Beam|p1a: Alomomola\n|-resisted|p1a: Alomomola\n|-damage|p1a: Alomomola|89\/100 tox\n|\n|-heal|p2a: Toxapex|24\/100|[from] item: Leftovers\n|-damage|p1a: Alomomola|83\/100 tox|[from] psn\n|upkeep\n|turn|67\n|\n|t:|1700792791\n|move|p1a: Alomomola|Wish|p1a: Alomomola\n|move|p2a: Toxapex|Ice Beam|p1a: Alomomola\n|-resisted|p1a: Alomomola\n|-crit|p1a: Alomomola\n|-damage|p1a: Alomomola|65\/100 tox\n|\n|-heal|p2a: Toxapex|30\/100|[from] item: Leftovers\n|-damage|p1a: Alomomola|53\/100 tox|[from] psn\n|upkeep\n|turn|68\n|\n|t:|1700792794\n|move|p2a: Toxapex|Baneful Bunker|p2a: Toxapex\n|-singleturn|p2a: Toxapex|move: Protect\n|move|p1a: Alomomola|Flip Turn|p2a: Toxapex\n|-activate|p2a: Toxapex|move: Protect\n|\n|-heal|p1a: Alomomola|100\/100 tox|[from] move: Wish|[wisher] Alomomola\n|-heal|p2a: Toxapex|36\/100|[from] item: Leftovers\n|-damage|p1a: Alomomola|82\/100 tox|[from] psn\n|upkeep\n|turn|69\n|\n|t:|1700792803\n|move|p1a: Alomomola|Scald|p2a: Toxapex\n|-resisted|p2a: Toxapex\n|-damage|p2a: Toxapex|31\/100\n|move|p2a: Toxapex|Ice Beam|p1a: Alomomola\n|-resisted|p1a: Alomomola\n|-damage|p1a: Alomomola|71\/100 tox\n|\n|-heal|p2a: Toxapex|37\/100|[from] item: Leftovers\n|-damage|p1a: Alomomola|46\/100 tox|[from] psn\n|upkeep\n|turn|70\n|\n|t:|1700792808\n|move|p2a: Toxapex|Baneful Bunker|p2a: Toxapex\n|-singleturn|p2a: Toxapex|move: Protect\n|move|p1a: Alomomola|Wish|p1a: Alomomola\n|\n|-heal|p2a: Toxapex|43\/100|[from] item: Leftovers\n|-damage|p1a: Alomomola|15\/100 tox|[from] psn\n|upkeep\n|turn|71\n|\n|t:|1700792816\n|switch|p1a: Barraskewda|Barraskewda, M, tera:Water|29\/100 tox\n|move|p2a: Toxapex|Baneful Bunker||[still]\n|-fail|p2a: Toxapex\n|\n|-heal|p1a: Barraskewda|100\/100 tox|[from] move: Wish|[wisher] Alomomola\n|-heal|p2a: Toxapex|49\/100|[from] item: Leftovers\n|-damage|p1a: Barraskewda|94\/100 tox|[from] psn\n|upkeep\n|turn|72\n|\n|t:|1700792823\n|move|p2a: Toxapex|Baneful Bunker|p2a: Toxapex\n|-singleturn|p2a: Toxapex|move: Protect\n|move|p1a: Barraskewda|Psychic Fangs|p2a: Toxapex\n|-activate|p2a: Toxapex|move: Protect\n|\n|-heal|p2a: Toxapex|55\/100|[from] item: Leftovers\n|-damage|p1a: Barraskewda|82\/100 tox|[from] psn\n|upkeep\n|turn|73\n|\n|t:|1700792826\n|switch|p2a: Grafaiai|Grafaiai, F|3\/100\n|-damage|p2a: Grafaiai|0 fnt|[from] Stealth Rock\n|faint|p2a: Grafaiai\n|move|p1a: Barraskewda|Psychic Fangs|p2: Grafaiai|[notarget]\n|-fail|p1a: Barraskewda\n|\n|-damage|p1a: Barraskewda|64\/100 tox|[from] psn\n|upkeep\n|\n|t:|1700792829\n|switch|p2a: Grimmsnarl|Grimmsnarl, M|100\/100\n|-damage|p2a: Grimmsnarl|88\/100|[from] Stealth Rock\n|turn|74\n|\n|t:|1700792835\n|switch|p1a: Alomomola|Alomomola, M|49\/100 tox\n|move|p2a: Grimmsnarl|Fake Out|p1a: Alomomola\n|-damage|p1a: Alomomola|41\/100 tox\n|\n|-heal|p2a: Grimmsnarl|94\/100|[from] item: Leftovers\n|-damage|p1a: Alomomola|35\/100 tox|[from] psn\n|upkeep\n|turn|75\n|\n|t:|1700792841\n|move|p2a: Grimmsnarl|Draining Kiss|p1a: Alomomola\n|-damage|p1a: Alomomola|15\/100 tox\n|-heal|p2a: Grimmsnarl|100\/100|[from] drain|[of] p1a: Alomomola\n|move|p1a: Alomomola|Wish|p1a: Alomomola\n|\n|-damage|p1a: Alomomola|3\/100 tox|[from] psn\n|upkeep\n|turn|76\n|\n|t:|1700792847\n|move|p1a: Alomomola|Protect|p1a: Alomomola\n|-singleturn|p1a: Alomomola|Protect\n|move|p2a: Grimmsnarl|Draining Kiss|p1a: Alomomola\n|-activate|p1a: Alomomola|move: Protect\n|\n|-heal|p1a: Alomomola|53\/100 tox|[from] move: Wish|[wisher] Alomomola\n|-damage|p1a: Alomomola|35\/100 tox|[from] psn\n|upkeep\n|turn|77\n|\n|t:|1700792854\n|move|p2a: Grimmsnarl|Draining Kiss|p1a: Alomomola\n|-damage|p1a: Alomomola|14\/100 tox\n|move|p1a: Alomomola|Wish|p1a: Alomomola\n|\n|-damage|p1a: Alomomola|0 fnt|[from] psn\n|faint|p1a: Alomomola\n|upkeep\n|\n|t:|1700792858\n|switch|p1a: Barraskewda|Barraskewda, M, tera:Water|64\/100 tox\n|turn|78\n|\n|t:|1700792865\n|move|p2a: Grimmsnarl|Parting Shot|p1a: Barraskewda\n|-unboost|p1a: Barraskewda|atk|1\n|-unboost|p1a: Barraskewda|spa|1\n|\n|t:|1700792867\n|switch|p2a: Toxapex|Toxapex, M|88\/100|[from] Parting Shot\n|-damage|p2a: Toxapex|76\/100|[from] Stealth Rock\n|move|p1a: Barraskewda|Flip Turn|p2a: Toxapex\n|-resisted|p2a: Toxapex\n|-damage|p2a: Toxapex|60\/100\n|\n|-heal|p1a: Barraskewda|100\/100 tox|[from] move: Wish|[wisher] Alomomola\n|-heal|p2a: Toxapex|66\/100|[from] item: Leftovers\n|-damage|p1a: Barraskewda|94\/100 tox|[from] psn\n|upkeep\n|turn|79\n|c|\u2606Jovem_Buda|GG\n|c|\u2606Jovem_Buda|Prankster got me good\n|\n|t:|1700792877\n|move|p2a: Toxapex|Baneful Bunker|p2a: Toxapex\n|-singleturn|p2a: Toxapex|move: Protect\n|move|p1a: Barraskewda|Flip Turn|p2a: Toxapex\n|-activate|p2a: Toxapex|move: Protect\n|\n|-heal|p2a: Toxapex|71\/100|[from] item: Leftovers\n|-damage|p1a: Barraskewda|82\/100 tox|[from] psn\n|upkeep\n|turn|80\n|c|\u2606tinkatooni|gg\n|\n|t:|1700792882\n|move|p1a: Barraskewda|Flip Turn|p2a: Toxapex\n|-resisted|p2a: Toxapex\n|-damage|p2a: Toxapex|54\/100\n|move|p2a: Toxapex|Ice Beam|p1a: Barraskewda\n|-resisted|p1a: Barraskewda\n|-damage|p1a: Barraskewda|60\/100 tox\n|\n|-heal|p2a: Toxapex|60\/100|[from] item: Leftovers\n|-damage|p1a: Barraskewda|42\/100 tox|[from] psn\n|upkeep\n|turn|81\n|\n|t:|1700792889\n|move|p1a: Barraskewda|Flip Turn|p2a: Toxapex\n|-resisted|p2a: Toxapex\n|-damage|p2a: Toxapex|44\/100\n|move|p2a: Toxapex|Haze|p2a: Toxapex\n|-clearallboost\n|\n|-heal|p2a: Toxapex|50\/100|[from] item: Leftovers\n|-damage|p1a: Barraskewda|18\/100 tox|[from] psn\n|upkeep\n|turn|82\n|\n|t:|1700792893\n|move|p1a: Barraskewda|Flip Turn|p2a: Toxapex\n|-resisted|p2a: Toxapex\n|-damage|p2a: Toxapex|27\/100\n|move|p2a: Toxapex|Haze|p2a: Toxapex\n|-clearallboost\n|\n|-heal|p2a: Toxapex|33\/100|[from] item: Leftovers\n|-damage|p1a: Barraskewda|0 fnt|[from] psn\n|faint|p1a: Barraskewda\n|\n|win|tinkatooni\n|upkeep\n|raw|Jovem_Buda's rating: 1114 &rarr; <strong>1085<\/strong><br \/>(-29 for losing)\n|raw|tinkatooni's rating: 1052 &rarr; <strong>1090<\/strong><br \/>(+38 for winning)\n|c|\u2606Jovem_Buda|WP\n|c|\u2606tinkatooni|u2\n|l|\u2606Jovem_Buda\n","uploadtime":1700792899,"views":6,"p1id":"jovembuda","p2id":"tinkatooni","formatid":"gen9ou","rating":1085,"private":0,"password":""}