{"id":"gen9ou-1995449059","p1":"rubbaducky69","p2":"Jacopino08","format":"[Gen 9] OU","log":"|j|\u2606rubbaducky69\n|j|\u2606Jacopino08\n|t:|1700572071\n|gametype|singles\n|player|p1|rubbaducky69|169|1173\n|player|p2|Jacopino08|blue|1194\n|teamsize|p1|6\n|teamsize|p2|6\n|gen|9\n|tier|[Gen 9] OU\n|rated|\n|rule|Sleep Clause Mod: Limit one foe put to sleep\n|rule|Species Clause: Limit one of each Pok\u00e9mon\n|rule|OHKO Clause: OHKO moves are banned\n|rule|Evasion Items Clause: Evasion items are banned\n|rule|Evasion Moves Clause: Evasion moves are banned\n|rule|Endless Battle Clause: Forcing endless battles is banned\n|rule|HP Percentage Mod: HP is shown in percentages\n|clearpoke\n|poke|p1|Weavile, F|\n|poke|p1|Cinderace, M|\n|poke|p1|Dondozo, M|\n|poke|p1|Iron Valiant|\n|poke|p1|Dragonite, F|\n|poke|p1|Gholdengo|\n|poke|p2|Cinderace, F|\n|poke|p2|Torterra, M|\n|poke|p2|Dondozo, F|\n|poke|p2|Blissey, F|\n|poke|p2|Dragonite, M|\n|poke|p2|Hatterene, F|\n|teampreview\n|inactive|Battle timer is ON: inactive players will automatically lose when time's up. (requested by Jacopino08)\n|\n|t:|1700572102\n|start\n|switch|p1a: Cinderace|Cinderace, M|100\/100\n|switch|p2a: Cinderace|Cinderace, F|100\/100\n|turn|1\n|\n|t:|1700572108\n|move|p1a: Cinderace|U-turn|p2a: Cinderace\n|-start|p1a: Cinderace|typechange|Bug|[from] ability: Libero\n|-resisted|p2a: Cinderace\n|-damage|p2a: Cinderace|78\/100\n|\n|t:|1700572111\n|switch|p1a: Dondozo|Dondozo, M|100\/100|[from] U-turn\n|move|p2a: Cinderace|U-turn|p1a: Dondozo\n|-start|p2a: Cinderace|typechange|Bug|[from] ability: Libero\n|-crit|p1a: Dondozo\n|-damage|p1a: Dondozo|79\/100\n|\n|t:|1700572123\n|switch|p2a: Torterra|Torterra, M|100\/100|[from] U-turn\n|\n|upkeep\n|turn|2\n|\n|t:|1700572146\n|move|p2a: Torterra|Rock Blast|p1a: Dondozo\n|-damage|p1a: Dondozo|75\/100\n|-damage|p1a: Dondozo|71\/100\n|-damage|p1a: Dondozo|67\/100\n|-damage|p1a: Dondozo|63\/100\n|-crit|p1a: Dondozo\n|-damage|p1a: Dondozo|57\/100\n|-hitcount|p1a: Dondozo|5\n|move|p1a: Dondozo|Curse|p1a: Dondozo\n|-unboost|p1a: Dondozo|spe|1\n|-boost|p1a: Dondozo|atk|1\n|-boost|p1a: Dondozo|def|1\n|\n|upkeep\n|turn|3\n|\n|t:|1700572161\n|move|p2a: Torterra|Bullet Seed|p1a: Dondozo\n|-supereffective|p1a: Dondozo\n|-damage|p1a: Dondozo|48\/100\n|-supereffective|p1a: Dondozo\n|-damage|p1a: Dondozo|40\/100\n|-supereffective|p1a: Dondozo\n|-damage|p1a: Dondozo|32\/100\n|-supereffective|p1a: Dondozo\n|-damage|p1a: Dondozo|24\/100\n|-supereffective|p1a: Dondozo\n|-damage|p1a: Dondozo|17\/100\n|-hitcount|p1a: Dondozo|5\n|move|p1a: Dondozo|Liquidation|p2a: Torterra\n|-damage|p2a: Torterra|57\/100\n|\n|upkeep\n|turn|4\n|\n|t:|1700572169\n|move|p2a: Torterra|Bullet Seed|p1a: Dondozo\n|-supereffective|p1a: Dondozo\n|-damage|p1a: Dondozo|10\/100\n|-supereffective|p1a: Dondozo\n|-damage|p1a: Dondozo|2\/100\n|-supereffective|p1a: Dondozo\n|-damage|p1a: Dondozo|0 fnt\n|faint|p1a: Dondozo\n|-hitcount|p1: Dondozo|3\n|\n|upkeep\n|\n|t:|1700572175\n|switch|p1a: Cinderace|Cinderace, M|100\/100\n|turn|5\n|\n|t:|1700572178\n|switch|p2a: Dondozo|Dondozo, F|100\/100\n|move|p1a: Cinderace|Pyro Ball|p2a: Dondozo\n|-resisted|p2a: Dondozo\n|-damage|p2a: Dondozo|88\/100\n|\n|-heal|p2a: Dondozo|95\/100|[from] item: Leftovers\n|upkeep\n|turn|6\n|\n|t:|1700572183\n|move|p1a: Cinderace|U-turn|p2a: Dondozo\n|-start|p1a: Cinderace|typechange|Bug|[from] ability: Libero\n|-damage|p2a: Dondozo|79\/100\n|\n|t:|1700572191\n|switch|p1a: Gholdengo|Gholdengo|100\/100|[from] U-turn\n|move|p2a: Dondozo|Curse|p2a: Dondozo\n|-unboost|p2a: Dondozo|spe|1\n|-boost|p2a: Dondozo|atk|1\n|-boost|p2a: Dondozo|def|1\n|\n|-heal|p2a: Dondozo|86\/100|[from] item: Leftovers\n|upkeep\n|turn|7\n|\n|t:|1700572196\n|move|p1a: Gholdengo|Thunderbolt|p2a: Dondozo\n|-supereffective|p2a: Dondozo\n|-damage|p2a: Dondozo|27\/100\n|move|p2a: Dondozo|Liquidation|p1a: Gholdengo\n|-damage|p1a: Gholdengo|51\/100\n|\n|-heal|p2a: Dondozo|33\/100|[from] item: Leftovers\n|upkeep\n|turn|8\n|\n|t:|1700572200\n|switch|p2a: Blissey|Blissey, F|100\/100\n|move|p1a: Gholdengo|Thunderbolt|p2a: Blissey\n|-damage|p2a: Blissey|90\/100\n|\n|upkeep\n|turn|9\n|\n|t:|1700572205\n|switch|p1a: Iron Valiant|Iron Valiant|100\/100\n|-enditem|p1a: Iron Valiant|Booster Energy\n|-activate|p1a: Iron Valiant|ability: Quark Drive|[fromitem]\n|-start|p1a: Iron Valiant|quarkdrivespe\n|move|p2a: Blissey|Stealth Rock|p1a: Iron Valiant\n|-sidestart|p1: rubbaducky69|move: Stealth Rock\n|\n|upkeep\n|turn|10\n|\n|t:|1700572212\n|move|p1a: Iron Valiant|Knock Off|p2a: Blissey\n|-damage|p2a: Blissey|63\/100\n|-enditem|p2a: Blissey|Heavy-Duty Boots|[from] move: Knock Off|[of] p1a: Iron Valiant\n|move|p2a: Blissey|Seismic Toss|p1a: Iron Valiant\n|-damage|p1a: Iron Valiant|66\/100\n|\n|upkeep\n|turn|11\n|\n|t:|1700572218\n|move|p1a: Iron Valiant|Aura Sphere|p2a: Blissey\n|-supereffective|p2a: Blissey\n|-damage|p2a: Blissey|39\/100\n|move|p2a: Blissey|Seismic Toss|p1a: Iron Valiant\n|-damage|p1a: Iron Valiant|31\/100\n|\n|upkeep\n|turn|12\n|\n|t:|1700572223\n|move|p1a: Iron Valiant|Aura Sphere|p2a: Blissey\n|-supereffective|p2a: Blissey\n|-damage|p2a: Blissey|13\/100\n|move|p2a: Blissey|Soft-Boiled|p2a: Blissey\n|-heal|p2a: Blissey|63\/100\n|\n|upkeep\n|turn|13\n|\n|t:|1700572230\n|-end|p1a: Iron Valiant|Quark Drive|[silent]\n|switch|p1a: Cinderace|Cinderace, M|100\/100\n|move|p2a: Blissey|Seismic Toss|p1a: Cinderace\n|-damage|p1a: Cinderace|67\/100\n|\n|upkeep\n|turn|14\n|\n|t:|1700572233\n|move|p1a: Cinderace|Court Change|p1a: Cinderace\n|-start|p1a: Cinderace|typechange|Normal|[from] ability: Libero\n|-swapsideconditions\n|-activate|p1a: Cinderace|move: Court Change\n|move|p2a: Blissey|Soft-Boiled|p2a: Blissey\n|-heal|p2a: Blissey|100\/100\n|\n|upkeep\n|turn|15\n|\n|t:|1700572251\n|move|p1a: Cinderace|High Jump Kick|p2a: Blissey\n|-supereffective|p2a: Blissey\n|-damage|p2a: Blissey|7\/100\n|move|p2a: Blissey|Stealth Rock|p1a: Cinderace\n|-sidestart|p1: rubbaducky69|move: Stealth Rock\n|\n|upkeep\n|turn|16\n|\n|t:|1700572259\n|switch|p2a: Hatterene|Hatterene, F|100\/100\n|-damage|p2a: Hatterene|88\/100|[from] Stealth Rock\n|move|p1a: Cinderace|U-turn|p2a: Hatterene\n|-damage|p2a: Hatterene|69\/100\n|-enditem|p2a: Hatterene|Eject Button\n|\n|t:|1700572272\n|switch|p2a: Dragonite|Dragonite, M|100\/100\n|\n|upkeep\n|turn|17\n|\n|t:|1700572283\n|move|p1a: Cinderace|U-turn|p2a: Dragonite\n|-resisted|p2a: Dragonite\n|-damage|p2a: Dragonite|95\/100\n|\n|t:|1700572290\n|switch|p1a: Weavile|Weavile, F|100\/100|[from] U-turn\n|move|p2a: Dragonite|Dragon Dance|p2a: Dragonite\n|-boost|p2a: Dragonite|atk|1\n|-boost|p2a: Dragonite|spe|1\n|\n|upkeep\n|turn|18\n|\n|t:|1700572301\n|-terastallize|p2a: Dragonite|Normal\n|move|p1a: Weavile|Ice Shard|p2a: Dragonite\n|-damage|p2a: Dragonite|70\/100\n|move|p2a: Dragonite|Dragon Dance|p2a: Dragonite\n|-boost|p2a: Dragonite|atk|1\n|-boost|p2a: Dragonite|spe|1\n|\n|upkeep\n|turn|19\n|\n|t:|1700572310\n|move|p2a: Dragonite|Extreme Speed|p1a: Weavile\n|-damage|p1a: Weavile|0 fnt\n|faint|p1a: Weavile\n|\n|upkeep\n|\n|t:|1700572313\n|switch|p1a: Gholdengo|Gholdengo|51\/100\n|-damage|p1a: Gholdengo|45\/100|[from] Stealth Rock\n|turn|20\n|\n|t:|1700572319\n|-terastallize|p1a: Gholdengo|Flying\n|move|p2a: Dragonite|Fire Punch|p1a: Gholdengo\n|-damage|p1a: Gholdengo|0 fnt\n|faint|p1a: Gholdengo\n|\n|upkeep\n|\n|t:|1700572326\n|switch|p1a: Iron Valiant|Iron Valiant|31\/100\n|-damage|p1a: Iron Valiant|25\/100|[from] Stealth Rock\n|turn|21\n|\n|t:|1700572328\n|move|p2a: Dragonite|Extreme Speed|p1a: Iron Valiant\n|-crit|p1a: Iron Valiant\n|-damage|p1a: Iron Valiant|0 fnt\n|faint|p1a: Iron Valiant\n|-end|p1a: Iron Valiant|Quark Drive|[silent]\n|\n|upkeep\n|\n|t:|1700572330\n|switch|p1a: Cinderace|Cinderace, M|67\/100\n|turn|22\n|\n|t:|1700572334\n|move|p2a: Dragonite|Extreme Speed|p1a: Cinderace\n|-damage|p1a: Cinderace|0 fnt\n|faint|p1a: Cinderace\n|\n|upkeep\n|-message|rubbaducky69 forfeited.\n|\n|win|Jacopino08\n|raw|rubbaducky69's rating: 1173 &rarr; <strong>1150<\/strong><br \/>(-23 for losing)\n|raw|Jacopino08's rating: 1194 &rarr; <strong>1217<\/strong><br \/>(+23 for winning)\n|l|\u2606rubbaducky69\n","uploadtime":1700572355,"views":1,"p1id":"rubbaducky69","p2id":"jacopino08","formatid":"gen9ou","rating":1150,"private":0,"password":""}