{"id":"gen9ou-1992270954","p1":"me bean 2","p2":"Dragon Master Rosa","format":"[Gen 9] OU","log":"|j|\u2606me bean 2\n|j|\u2606Dragon Master Rosa\n|t:|1700169580\n|gametype|singles\n|player|p1|me bean 2|lillie-masters2|1357\n|player|p2|Dragon Master Rosa|rosa|1340\n|teamsize|p1|6\n|teamsize|p2|6\n|gen|9\n|tier|[Gen 9] OU\n|rated|\n|rule|Sleep Clause Mod: Limit one foe put to sleep\n|rule|Species Clause: Limit one of each Pok\u00e9mon\n|rule|OHKO Clause: OHKO moves are banned\n|rule|Evasion Items Clause: Evasion items are banned\n|rule|Evasion Moves Clause: Evasion moves are banned\n|rule|Endless Battle Clause: Forcing endless battles is banned\n|rule|HP Percentage Mod: HP is shown in percentages\n|clearpoke\n|poke|p1|Iron Moth|\n|poke|p1|Great Tusk|\n|poke|p1|Iron Valiant|\n|poke|p1|Slowking-Galar, M|\n|poke|p1|Meowscarada, M|\n|poke|p1|Heatran, M|\n|poke|p2|Zoroark-Hisui, F|\n|poke|p2|Corviknight, M|\n|poke|p2|Ogerpon-Wellspring, F|\n|poke|p2|Sandy Shocks|\n|poke|p2|Lokix, F|\n|poke|p2|Greninja-*, F|\n|teampreview\n|\n|t:|1700169592\n|start\n|switch|p1a: Meowscarada|Meowscarada, M|100\/100\n|switch|p2a: Greninja|Greninja, F|100\/100\n|turn|1\n|\n|t:|1700169601\n|move|p2a: Greninja|U-turn|p1a: Meowscarada\n|-start|p2a: Greninja|typechange|Bug|[from] ability: Protean\n|-supereffective|p1a: Meowscarada\n|-enditem|p1a: Meowscarada|Focus Sash\n|-damage|p1a: Meowscarada|1\/100\n|\n|t:|1700169606\n|switch|p2a: Corviknight|Corviknight, M|100\/100|[from] U-turn\n|-ability|p2a: Corviknight|Pressure\n|move|p1a: Meowscarada|Taunt|p2a: Corviknight\n|-start|p2a: Corviknight|move: Taunt\n|\n|upkeep\n|turn|2\n|\n|t:|1700169625\n|move|p1a: Meowscarada|Spikes|p2a: Corviknight\n|-sidestart|p2: Dragon Master Rosa|Spikes\n|move|p2a: Corviknight|U-turn|p1a: Meowscarada\n|-supereffective|p1a: Meowscarada\n|-damage|p1a: Meowscarada|0 fnt\n|faint|p1a: Meowscarada\n|\n|t:|1700169634\n|switch|p2a: Sandy Shocks|Sandy Shocks|100\/100|[from] U-turn\n|\n|upkeep\n|\n|t:|1700169696\n|switch|p1a: Great Tusk|Great Tusk|100\/100\n|turn|3\n|\n|t:|1700169721\n|-end|p2a: Sandy Shocks|Protosynthesis|[silent]\n|switch|p2a: Corviknight|Corviknight, M|100\/100\n|-ability|p2a: Corviknight|Pressure\n|move|p1a: Great Tusk|Earthquake|p2a: Corviknight\n|-immune|p2a: Corviknight\n|\n|upkeep\n|turn|4\n|\n|t:|1700169730\n|move|p1a: Great Tusk|Knock Off|p2a: Corviknight\n|-damage|p2a: Corviknight|82\/100\n|-damage|p1a: Great Tusk|84\/100|[from] item: Rocky Helmet|[of] p2a: Corviknight\n|-enditem|p2a: Corviknight|Rocky Helmet|[from] move: Knock Off|[of] p1a: Great Tusk\n|move|p2a: Corviknight|U-turn|p1a: Great Tusk\n|-resisted|p1a: Great Tusk\n|-damage|p1a: Great Tusk|78\/100\n|\n|t:|1700169734\n|switch|p2a: Lokix|Lokix, F|100\/100|[from] U-turn\n|-damage|p2a: Lokix|88\/100|[from] Spikes\n|\n|-heal|p1a: Great Tusk|85\/100|[from] item: Leftovers\n|upkeep\n|turn|5\n|\n|t:|1700169745\n|-end|p1a: Great Tusk|Protosynthesis|[silent]\n|switch|p1a: Heatran|Heatran, M|100\/100\n|move|p2a: Lokix|U-turn|p1a: Heatran\n|-resisted|p1a: Heatran\n|-damage|p1a: Heatran|80\/100\n|\n|t:|1700169757\n|switch|p2a: Ogerpon|Ogerpon-Wellspring, F|100\/100|[from] U-turn\n|-damage|p2a: Ogerpon|88\/100|[from] Spikes\n|\n|-heal|p1a: Heatran|86\/100|[from] item: Leftovers\n|upkeep\n|turn|6\n|\n|t:|1700169766\n|switch|p1a: Slowking|Slowking-Galar, M|100\/100\n|move|p2a: Ogerpon|Ivy Cudgel|p1a: Slowking|[anim] Ivy Cudgel Water\n|-damage|p1a: Slowking|57\/100\n|\n|upkeep\n|turn|7\n|\n|t:|1700169773\n|move|p2a: Ogerpon|U-turn|p1a: Slowking\n|-damage|p1a: Slowking|35\/100\n|\n|t:|1700169782\n|switch|p2a: Corviknight|Corviknight, M|82\/100|[from] U-turn\n|-ability|p2a: Corviknight|Pressure\n|move|p1a: Slowking|Chilly Reception|p1a: Slowking\n|-weather|Snow\n|\n|t:|1700169788\n|switch|p1a: Iron Moth|Iron Moth|100\/100|[from] Chilly Reception\n|-enditem|p1a: Iron Moth|Booster Energy\n|-activate|p1a: Iron Moth|ability: Quark Drive|[fromitem]\n|-start|p1a: Iron Moth|quarkdrivespe\n|\n|-weather|Snow|[upkeep]\n|upkeep\n|turn|8\n|\n|t:|1700169793\n|move|p1a: Iron Moth|Fiery Dance|p2a: Corviknight\n|-supereffective|p2a: Corviknight\n|-damage|p2a: Corviknight|2\/100\n|-boost|p1a: Iron Moth|spa|1\n|move|p2a: Corviknight|U-turn|p1a: Iron Moth\n|-resisted|p1a: Iron Moth\n|-damage|p1a: Iron Moth|96\/100\n|\n|t:|1700169811\n|switch|p2a: Greninja|Greninja, F|100\/100|[from] U-turn\n|-damage|p2a: Greninja|88\/100|[from] Spikes\n|\n|-weather|Snow|[upkeep]\n|upkeep\n|turn|9\n|\n|t:|1700169821\n|-terastallize|p1a: Iron Moth|Fairy\n|move|p2a: Greninja|U-turn|p1a: Iron Moth\n|-start|p2a: Greninja|typechange|Bug|[from] ability: Protean\n|-resisted|p1a: Iron Moth\n|-damage|p1a: Iron Moth|79\/100\n|\n|t:|1700169824\n|switch|p2a: Corviknight|Corviknight, M|2\/100|[from] U-turn\n|-ability|p2a: Corviknight|Pressure\n|move|p1a: Iron Moth|Energy Ball|p2a: Corviknight\n|-resisted|p2a: Corviknight\n|-damage|p2a: Corviknight|0 fnt\n|faint|p2a: Corviknight\n|\n|-weather|Snow|[upkeep]\n|upkeep\n|\n|t:|1700169828\n|switch|p2a: Greninja|Greninja, F|88\/100\n|-damage|p2a: Greninja|76\/100|[from] Spikes\n|turn|10\n|\n|t:|1700169837\n|move|p2a: Greninja|Gunk Shot|p1a: Iron Moth\n|-start|p2a: Greninja|typechange|Poison|[from] ability: Protean\n|-supereffective|p1a: Iron Moth\n|-damage|p1a: Iron Moth|0 fnt\n|faint|p1a: Iron Moth\n|-end|p1a: Iron Moth|Quark Drive|[silent]\n|\n|-weather|Snow|[upkeep]\n|upkeep\n|\n|t:|1700169848\n|switch|p1a: Heatran|Heatran, M|86\/100\n|turn|11\n|\n|t:|1700169858\n|switch|p2a: Sandy Shocks|Sandy Shocks|100\/100\n|move|p1a: Heatran|Magma Storm|p2a: Sandy Shocks|[miss]\n|-miss|p1a: Heatran|p2a: Sandy Shocks\n|\n|-weather|none\n|-heal|p1a: Heatran|92\/100|[from] item: Leftovers\n|upkeep\n|turn|12\n|\n|t:|1700169868\n|switch|p1a: Great Tusk|Great Tusk|85\/100\n|move|p2a: Sandy Shocks|Stealth Rock|p1a: Great Tusk\n|-sidestart|p1: me bean 2|move: Stealth Rock\n|\n|-heal|p1a: Great Tusk|91\/100|[from] item: Leftovers\n|upkeep\n|turn|13\n|\n|t:|1700169876\n|-terastallize|p2a: Sandy Shocks|Ice\n|move|p2a: Sandy Shocks|Tera Blast|p1a: Great Tusk|[anim] Tera Blast Ice\n|-supereffective|p1a: Great Tusk\n|-damage|p1a: Great Tusk|0 fnt\n|faint|p1a: Great Tusk\n|-end|p1a: Great Tusk|Protosynthesis|[silent]\n|\n|upkeep\n|\n|t:|1700169880\n|switch|p1a: Iron Valiant|Iron Valiant|100\/100\n|-damage|p1a: Iron Valiant|94\/100|[from] Stealth Rock\n|-enditem|p1a: Iron Valiant|Booster Energy\n|-activate|p1a: Iron Valiant|ability: Quark Drive|[fromitem]\n|-start|p1a: Iron Valiant|quarkdrivespe\n|turn|14\n|\n|t:|1700169887\n|move|p1a: Iron Valiant|Close Combat|p2a: Sandy Shocks\n|-supereffective|p2a: Sandy Shocks\n|-damage|p2a: Sandy Shocks|3\/100\n|-unboost|p1a: Iron Valiant|def|1\n|-unboost|p1a: Iron Valiant|spd|1\n|move|p2a: Sandy Shocks|Earth Power|p1a: Iron Valiant\n|-crit|p1a: Iron Valiant\n|-damage|p1a: Iron Valiant|0 fnt\n|faint|p1a: Iron Valiant\n|-end|p1a: Iron Valiant|Quark Drive|[silent]\n|\n|upkeep\n|\n|t:|1700169892\n|switch|p1a: Heatran|Heatran, M|92\/100\n|-damage|p1a: Heatran|80\/100|[from] Stealth Rock\n|turn|15\n|\n|t:|1700169896\n|move|p2a: Sandy Shocks|Earth Power|p1a: Heatran\n|-supereffective|p1a: Heatran\n|-damage|p1a: Heatran|0 fnt\n|faint|p1a: Heatran\n|\n|upkeep\n|\n|t:|1700169901\n|switch|p1a: Slowking|Slowking-Galar, M|69\/100\n|turn|16\n|\n|t:|1700169904\n|move|p2a: Sandy Shocks|Earth Power|p1a: Slowking\n|-supereffective|p1a: Slowking\n|-damage|p1a: Slowking|0 fnt\n|faint|p1a: Slowking\n|\n|win|Dragon Master Rosa\n|raw|me bean 2's rating: 1357 &rarr; <strong>1336<\/strong><br \/>(-21 for losing)\n|raw|Dragon Master Rosa's rating: 1340 &rarr; <strong>1361<\/strong><br \/>(+21 for winning)\n","uploadtime":1700169913,"views":10,"p1id":"mebean2","p2id":"dragonmasterrosa","formatid":"gen9ou","rating":1336,"private":0,"password":""}