{"id":"gen9ou-1989515753","p1":"ProjectMatch","p2":"RSDPM","format":"[Gen 9] OU","log":"|j|\u203dProjectMatch\n|j|\u2606RSDPM\n|t:|1699863993\n|gametype|singles\n|player|p1|ProjectMatch|265|1279\n|player|p2|RSDPM|riley|1241\n|teamsize|p1|6\n|teamsize|p2|6\n|gen|9\n|tier|[Gen 9] OU\n|rated|\n|rule|Sleep Clause Mod: Limit one foe put to sleep\n|rule|Species Clause: Limit one of each Pok\u00e9mon\n|rule|OHKO Clause: OHKO moves are banned\n|rule|Evasion Items Clause: Evasion items are banned\n|rule|Evasion Moves Clause: Evasion moves are banned\n|rule|Endless Battle Clause: Forcing endless battles is banned\n|rule|HP Percentage Mod: HP is shown in percentages\n|clearpoke\n|poke|p1|Dragapult, F|\n|poke|p1|Mandibuzz, F|\n|poke|p1|Zapdos|\n|poke|p1|Slowking-Galar, F|\n|poke|p1|Landorus-Therian, M|\n|poke|p1|Iron Valiant|\n|poke|p2|Wyrdeer, M|\n|poke|p2|Kleavor, F|\n|poke|p2|Ursaluna, F|\n|poke|p2|Basculegion-F, F|\n|poke|p2|Sneasler, F|\n|poke|p2|Overqwil, F|\n|teampreview\n|inactive|Battle timer is ON: inactive players will automatically lose when time's up. (requested by ProjectMatch)\n|\n|t:|1699864004\n|start\n|switch|p1a: Landorus|Landorus-Therian, M|100\/100\n|switch|p2a: Basculegion|Basculegion-F, F|100\/100\n|-ability|p1a: Landorus|Intimidate|boost\n|-unboost|p2a: Basculegion|atk|1\n|turn|1\n|\n|t:|1699864013\n|move|p1a: Landorus|Stealth Rock|p2a: Basculegion\n|-sidestart|p2: RSDPM|move: Stealth Rock\n|move|p2a: Basculegion|Surf|p1a: Landorus\n|-supereffective|p1a: Landorus\n|-damage|p1a: Landorus|0 fnt\n|faint|p1a: Landorus\n|-damage|p2a: Basculegion|91\/100|[from] item: Life Orb\n|\n|upkeep\n|\n|t:|1699864015\n|switch|p1a: Zapdos|Zapdos|100\/100\n|turn|2\n|\n|t:|1699864034\n|switch|p2a: Ursaluna|Ursaluna, F|100\/100\n|-damage|p2a: Ursaluna|94\/100|[from] Stealth Rock\n|move|p1a: Zapdos|Volt Switch|p2a: Ursaluna\n|-immune|p2a: Ursaluna\n|\n|-status|p2a: Ursaluna|brn|[from] item: Flame Orb\n|upkeep\n|turn|3\n|\n|t:|1699864041\n|switch|p1a: Mandibuzz|Mandibuzz, F|100\/100\n|move|p2a: Ursaluna|Avalanche|p1a: Mandibuzz\n|-supereffective|p1a: Mandibuzz\n|-damage|p1a: Mandibuzz|57\/100\n|-damage|p2a: Ursaluna|78\/100 brn|[from] item: Rocky Helmet|[of] p1a: Mandibuzz\n|\n|-damage|p2a: Ursaluna|72\/100 brn|[from] brn\n|upkeep\n|turn|4\n|\n|t:|1699864053\n|move|p1a: Mandibuzz|Roost|p1a: Mandibuzz\n|-heal|p1a: Mandibuzz|100\/100\n|-singleturn|p1a: Mandibuzz|move: Roost\n|move|p2a: Ursaluna|Drain Punch|p1a: Mandibuzz\n|-supereffective|p1a: Mandibuzz\n|-damage|p1a: Mandibuzz|53\/100\n|-heal|p2a: Ursaluna|94\/100 brn|[from] drain|[of] p1a: Mandibuzz\n|-damage|p2a: Ursaluna|77\/100 brn|[from] item: Rocky Helmet|[of] p1a: Mandibuzz\n|\n|-damage|p2a: Ursaluna|71\/100 brn|[from] brn\n|upkeep\n|turn|5\n|\n|t:|1699864064\n|move|p1a: Mandibuzz|Foul Play|p2a: Ursaluna\n|-damage|p2a: Ursaluna|31\/100 brn\n|move|p2a: Ursaluna|Facade|p1a: Mandibuzz\n|-damage|p1a: Mandibuzz|0 fnt\n|-damage|p2a: Ursaluna|15\/100 brn|[from] item: Rocky Helmet|[of] p1a: Mandibuzz\n|faint|p1a: Mandibuzz\n|\n|-damage|p2a: Ursaluna|8\/100 brn|[from] brn\n|upkeep\n|\n|t:|1699864074\n|switch|p1a: Dragapult|Dragapult, F|100\/100\n|turn|6\n|\n|t:|1699864079\n|move|p1a: Dragapult|U-turn|p2a: Ursaluna\n|-crit|p2a: Ursaluna\n|-damage|p2a: Ursaluna|0 fnt\n|faint|p2a: Ursaluna\n|\n|t:|1699864084\n|switch|p1a: Slowking|Slowking-Galar, F|100\/100|[from] U-turn\n|\n|upkeep\n|\n|t:|1699864089\n|switch|p2a: Basculegion|Basculegion-F, F|91\/100\n|-damage|p2a: Basculegion|78\/100|[from] Stealth Rock\n|turn|7\n|\n|t:|1699864096\n|move|p2a: Basculegion|Shadow Ball|p1a: Slowking\n|-supereffective|p1a: Slowking\n|-damage|p1a: Slowking|14\/100\n|-damage|p2a: Basculegion|68\/100|[from] item: Life Orb\n|move|p1a: Slowking|Sludge Bomb|p2a: Basculegion\n|-resisted|p2a: Basculegion\n|-damage|p2a: Basculegion|42\/100\n|\n|-heal|p1a: Slowking|20\/100|[from] item: Black Sludge\n|upkeep\n|turn|8\n|\n|t:|1699864108\n|switch|p1a: Zapdos|Zapdos|100\/100\n|move|p2a: Basculegion|Surf|p1a: Zapdos\n|-damage|p1a: Zapdos|26\/100\n|-damage|p2a: Basculegion|32\/100|[from] item: Life Orb\n|\n|upkeep\n|turn|9\n|\n|t:|1699864117\n|move|p2a: Basculegion|Aqua Jet|p1a: Zapdos\n|-damage|p1a: Zapdos|7\/100\n|-damage|p2a: Basculegion|22\/100|[from] item: Life Orb\n|move|p1a: Zapdos|Volt Switch|p2a: Basculegion\n|-supereffective|p2a: Basculegion\n|-damage|p2a: Basculegion|0 fnt\n|faint|p2a: Basculegion\n|\n|t:|1699864122\n|switch|p1a: Dragapult|Dragapult, F|100\/100|[from] Volt Switch\n|\n|upkeep\n|\n|t:|1699864132\n|switch|p2a: Kleavor|Kleavor, F|100\/100\n|-damage|p2a: Kleavor|76\/100|[from] Stealth Rock\n|turn|10\n|\n|t:|1699864139\n|move|p2a: Kleavor|Night Slash|p1a: Dragapult\n|-supereffective|p1a: Dragapult\n|-damage|p1a: Dragapult|0 fnt\n|faint|p1a: Dragapult\n|\n|upkeep\n|\n|t:|1699864144\n|switch|p1a: Iron Valiant|Iron Valiant|100\/100\n|-enditem|p1a: Iron Valiant|Booster Energy\n|-activate|p1a: Iron Valiant|ability: Quark Drive|[fromitem]\n|-start|p1a: Iron Valiant|quarkdrivespe\n|turn|11\n|\n|t:|1699864151\n|switch|p2a: Overqwil|Overqwil, F|100\/100\n|-damage|p2a: Overqwil|88\/100|[from] Stealth Rock\n|-ability|p2a: Overqwil|Intimidate|boost\n|-unboost|p1a: Iron Valiant|atk|1\n|move|p1a: Iron Valiant|Spirit Break|p2a: Overqwil\n|-damage|p2a: Overqwil|69\/100\n|-unboost|p2a: Overqwil|spa|1\n|\n|-heal|p2a: Overqwil|75\/100|[from] item: Black Sludge\n|upkeep\n|turn|12\n|-message|ProjectMatch forfeited.\n|\n|win|RSDPM\n|raw|ProjectMatch's rating: 1279 &rarr; <strong>1251<\/strong><br \/>(-28 for losing)\n|raw|RSDPM's rating: 1241 &rarr; <strong>1269<\/strong><br \/>(+28 for winning)\n|l|\u203dProjectMatch\n","uploadtime":1699864168,"views":10,"p1id":"projectmatch","p2id":"rsdpm","formatid":"gen9ou","rating":1251,"private":0,"password":""}