{"id":"gen9ou-1999515427","p1":"boaby","p2":"Nitro611","format":"[Gen 9] OU","log":"|j|\u2606boaby\n|j|\u2606Nitro611\n|t:|1701091382\n|gametype|singles\n|player|p1|boaby|102|1627\n|player|p2|Nitro611|peony|1539\n|teamsize|p1|6\n|teamsize|p2|6\n|gen|9\n|tier|[Gen 9] OU\n|rated|\n|rule|Sleep Clause Mod: Limit one foe put to sleep\n|rule|Species Clause: Limit one of each Pok\u00e9mon\n|rule|OHKO Clause: OHKO moves are banned\n|rule|Evasion Items Clause: Evasion items are banned\n|rule|Evasion Moves Clause: Evasion moves are banned\n|rule|Endless Battle Clause: Forcing endless battles is banned\n|rule|HP Percentage Mod: HP is shown in percentages\n|clearpoke\n|poke|p1|Slowking-Galar, F|\n|poke|p1|Alomomola, M|\n|poke|p1|Cinderace, M|\n|poke|p1|Kingambit, M|\n|poke|p1|Dragapult, F|\n|poke|p1|Thundurus-Therian, M|\n|poke|p2|Samurott-Hisui, F|\n|poke|p2|Ceruledge, F|\n|poke|p2|Thundurus-Therian, M|\n|poke|p2|Amoonguss, M|\n|poke|p2|Great Tusk|\n|poke|p2|Gholdengo|\n|teampreview\n|inactive|Battle timer is ON: inactive players will automatically lose when time's up. (requested by boaby)\n|inactive|Nitro611 has 120 seconds left.\n|\n|t:|1701091435\n|start\n|switch|p1a: Dragapult|Dragapult, F|100\/100\n|switch|p2a: Sekiro|Samurott-Hisui, F, shiny|100\/100\n|turn|1\n|\n|t:|1701091450\n|move|p2a: Sekiro|Ceaseless Edge|p1a: Dragapult\n|-supereffective|p1a: Dragapult\n|-damage|p1a: Dragapult|0 fnt\n|-sidestart|p1: boaby|Spikes\n|faint|p1a: Dragapult\n|\n|upkeep\n|\n|t:|1701091456\n|switch|p1a: Alomomola|Alomomola, M|100\/100\n|-damage|p1a: Alomomola|88\/100|[from] Spikes\n|turn|2\n|\n|t:|1701091463\n|switch|p2a: Kuzko|Gholdengo|100\/100\n|move|p1a: Alomomola|Scald|p2a: Kuzko\n|-damage|p2a: Kuzko|88\/100\n|\n|-heal|p2a: Kuzko|94\/100|[from] item: Leftovers\n|upkeep\n|turn|3\n|\n|t:|1701091469\n|move|p2a: Kuzko|Shadow Ball|p1a: Alomomola\n|-damage|p1a: Alomomola|48\/100\n|move|p1a: Alomomola|Flip Turn|p2a: Kuzko\n|-damage|p2a: Kuzko|84\/100\n|\n|t:|1701091476\n|switch|p1a: Cinderace|Cinderace, M|100\/100|[from] Flip Turn\n|\n|-heal|p2a: Kuzko|90\/100|[from] item: Leftovers\n|upkeep\n|turn|4\n|\n|t:|1701091481\n|switch|p2a: Ledge|Ceruledge, F|100\/100\n|move|p1a: Cinderace|Court Change|p1a: Cinderace\n|-start|p1a: Cinderace|typechange|Normal|[from] ability: Libero\n|-swapsideconditions\n|-activate|p1a: Cinderace|move: Court Change\n|\n|upkeep\n|turn|5\n|\n|t:|1701091488\n|switch|p1a: Alomomola|Alomomola, M|82\/100\n|move|p2a: Ledge|Bitter Blade|p1a: Alomomola\n|-resisted|p1a: Alomomola\n|-damage|p1a: Alomomola|69\/100\n|-damage|p2a: Ledge|84\/100|[from] item: Rocky Helmet|[of] p1a: Alomomola\n|\n|upkeep\n|turn|6\n|\n|t:|1701091494\n|switch|p2a: Kuzko|Gholdengo|90\/100\n|-damage|p2a: Kuzko|77\/100|[from] Spikes\n|move|p1a: Alomomola|Flip Turn|p2a: Kuzko\n|-damage|p2a: Kuzko|67\/100\n|\n|t:|1701091501\n|switch|p1a: Cinderace|Cinderace, M|100\/100|[from] Flip Turn\n|\n|-heal|p2a: Kuzko|73\/100|[from] item: Leftovers\n|upkeep\n|turn|7\n|\n|t:|1701091507\n|switch|p2a: Sekiro|Samurott-Hisui, F, shiny|100\/100\n|-damage|p2a: Sekiro|88\/100|[from] Spikes\n|move|p1a: Cinderace|Pyro Ball|p2a: Sekiro\n|-resisted|p2a: Sekiro\n|-damage|p2a: Sekiro|53\/100\n|\n|upkeep\n|turn|8\n|\n|t:|1701091514\n|switch|p1a: Alomomola|Alomomola, M|100\/100\n|move|p2a: Sekiro|Ceaseless Edge|p1a: Alomomola\n|-damage|p1a: Alomomola|77\/100\n|-damage|p2a: Sekiro|36\/100|[from] item: Rocky Helmet|[of] p1a: Alomomola\n|-sidestart|p1: boaby|Spikes\n|\n|upkeep\n|turn|9\n|\n|t:|1701091523\n|switch|p2a: Amanita Phalloides|Amoonguss, M|100\/100\n|-damage|p2a: Amanita Phalloides|88\/100|[from] Spikes\n|move|p1a: Alomomola|Flip Turn|p2a: Amanita Phalloides\n|-resisted|p2a: Amanita Phalloides\n|-damage|p2a: Amanita Phalloides|81\/100\n|-enditem|p2a: Amanita Phalloides|Red Card|[of] p1a: Alomomola\n|drag|p1a: Cinderace|Cinderace, M|100\/100\n|\n|upkeep\n|turn|10\n|\n|t:|1701091531\n|switch|p2a: Sekiro|Samurott-Hisui, F, shiny|36\/100\n|-damage|p2a: Sekiro|24\/100|[from] Spikes\n|move|p1a: Cinderace|Pyro Ball|p2a: Sekiro\n|-resisted|p2a: Sekiro\n|-damage|p2a: Sekiro|0 fnt\n|faint|p2a: Sekiro\n|\n|upkeep\n|\n|t:|1701091538\n|switch|p2a: Ledge|Ceruledge, F|84\/100\n|turn|11\n|\n|t:|1701091542\n|switch|p1a: Alomomola|Alomomola, M|100\/100\n|-damage|p1a: Alomomola|88\/100|[from] Spikes\n|move|p2a: Ledge|Swords Dance|p2a: Ledge\n|-boost|p2a: Ledge|atk|2\n|\n|upkeep\n|turn|12\n|\n|t:|1701091547\n|-terastallize|p2a: Ledge|Fairy\n|move|p2a: Ledge|Poltergeist|p1a: Alomomola\n|-activate|p1a: Alomomola|move: Poltergeist|Rocky Helmet\n|-damage|p1a: Alomomola|23\/100\n|move|p1a: Alomomola|Scald|p2a: Ledge\n|-damage|p2a: Ledge|69\/100\n|\n|upkeep\n|turn|13\n|\n|t:|1701091568\n|move|p2a: Ledge|Swords Dance|p2a: Ledge\n|-boost|p2a: Ledge|atk|2\n|move|p1a: Alomomola|Scald|p2a: Ledge\n|-damage|p2a: Ledge|53\/100\n|\n|upkeep\n|turn|14\n|\n|t:|1701091576\n|move|p2a: Ledge|Bitter Blade|p1a: Alomomola\n|-resisted|p1a: Alomomola\n|-damage|p1a: Alomomola|0 fnt\n|-heal|p2a: Ledge|74\/100|[from] drain|[of] p1a: Alomomola\n|-damage|p2a: Ledge|58\/100|[from] item: Rocky Helmet|[of] p1a: Alomomola\n|faint|p1a: Alomomola\n|\n|upkeep\n|\n|t:|1701091586\n|switch|p1a: Thundurus|Thundurus-Therian, M|100\/100\n|turn|15\n|\n|t:|1701091591\n|-terastallize|p1a: Thundurus|Flying\n|move|p2a: Ledge|Shadow Sneak|p1a: Thundurus\n|-damage|p1a: Thundurus|0 fnt\n|faint|p1a: Thundurus\n|\n|upkeep\n|\n|t:|1701091600\n|switch|p1a: Cinderace|Cinderace, M|100\/100\n|turn|16\n|\n|t:|1701091607\n|move|p2a: Ledge|Shadow Sneak|p1a: Cinderace\n|-damage|p1a: Cinderace|0 fnt\n|faint|p1a: Cinderace\n|\n|upkeep\n|-message|boaby forfeited.\n|\n|win|Nitro611\n|raw|boaby's rating: 1627 &rarr; <strong>1602<\/strong><br \/>(-25 for losing)\n|raw|Nitro611's rating: 1539 &rarr; <strong>1564<\/strong><br \/>(+25 for winning)\n|l|\u2606boaby\n","uploadtime":1701091614,"views":3,"p1id":"boaby","p2id":"nitro611","formatid":"gen9ou","rating":1564,"private":0,"password":""}