{"id":"gen9ou-1996710201","p1":"Juanischafa","p2":"ghostgallade","format":"[Gen 9] OU","log":"|j|\u2606Juanischafa\n|j|\u2606ghostgallade\n|t:|1700712829\n|gametype|singles\n|player|p1|Juanischafa|striker|1511\n|player|p2|ghostgallade|n|1479\n|teamsize|p1|6\n|teamsize|p2|6\n|gen|9\n|tier|[Gen 9] OU\n|rated|\n|rule|Sleep Clause Mod: Limit one foe put to sleep\n|rule|Species Clause: Limit one of each Pok\u00e9mon\n|rule|OHKO Clause: OHKO moves are banned\n|rule|Evasion Items Clause: Evasion items are banned\n|rule|Evasion Moves Clause: Evasion moves are banned\n|rule|Endless Battle Clause: Forcing endless battles is banned\n|rule|HP Percentage Mod: HP is shown in percentages\n|clearpoke\n|poke|p1|Iron Valiant|\n|poke|p1|Brambleghast, M|\n|poke|p1|Ribombee, F|\n|poke|p1|Iron Treads|\n|poke|p1|Heatran, F|\n|poke|p1|Iron Moth|\n|poke|p2|Glimmora, M|\n|poke|p2|Kingambit, M|\n|poke|p2|Iron Valiant|\n|poke|p2|Dragapult, F|\n|poke|p2|Landorus-Therian, M|\n|poke|p2|Hatterene, F|\n|teampreview\n|inactive|Battle timer is ON: inactive players will automatically lose when time's up. (requested by Juanischafa)\n|\n|t:|1700712834\n|start\n|switch|p1a: Iron Treads|Iron Treads|100\/100\n|switch|p2a: Glimmora|Glimmora, M|100\/100\n|-enditem|p1a: Iron Treads|Booster Energy\n|-activate|p1a: Iron Treads|ability: Quark Drive|[fromitem]\n|-start|p1a: Iron Treads|quarkdriveatk\n|turn|1\n|\n|t:|1700712843\n|move|p1a: Iron Treads|Stealth Rock|p2a: Glimmora\n|-sidestart|p2: ghostgallade|move: Stealth Rock\n|move|p2a: Glimmora|Earth Power|p1a: Iron Treads\n|-supereffective|p1a: Iron Treads\n|-damage|p1a: Iron Treads|18\/100\n|\n|upkeep\n|turn|2\n|\n|t:|1700712855\n|move|p1a: Iron Treads|Earthquake|p2a: Glimmora\n|-supereffective|p2a: Glimmora\n|-enditem|p2a: Glimmora|Focus Sash\n|-damage|p2a: Glimmora|1\/100\n|-activate|p2a: Glimmora|ability: Toxic Debris\n|-sidestart|p1: Juanischafa|move: Toxic Spikes\n|move|p2a: Glimmora|Earth Power|p1a: Iron Treads\n|-supereffective|p1a: Iron Treads\n|-damage|p1a: Iron Treads|0 fnt\n|faint|p1a: Iron Treads\n|-end|p1a: Iron Treads|Quark Drive|[silent]\n|\n|upkeep\n|\n|t:|1700712866\n|switch|p1a: Brambleghast|Brambleghast, M|100\/100\n|-status|p1a: Brambleghast|psn\n|turn|3\n|\n|t:|1700712872\n|move|p1a: Brambleghast|Rapid Spin|p2a: Glimmora\n|-resisted|p2a: Glimmora\n|-damage|p2a: Glimmora|0 fnt\n|-boost|p1a: Brambleghast|spe|1\n|-activate|p2a: Glimmora|ability: Toxic Debris\n|-sidestart|p1: Juanischafa|move: Toxic Spikes\n|-sideend|p1: Juanischafa|Toxic Spikes|[from] move: Rapid Spin|[of] p1a: Brambleghast\n|faint|p2a: Glimmora\n|-damage|p1a: Brambleghast|91\/100 psn|[from] item: Life Orb\n|\n|-damage|p1a: Brambleghast|78\/100 psn|[from] psn\n|upkeep\n|\n|t:|1700712888\n|switch|p2a: Landorus|Landorus-Therian, M|100\/100\n|-damage|p2a: Landorus|88\/100|[from] Stealth Rock\n|-ability|p2a: Landorus|Intimidate|boost\n|-unboost|p1a: Brambleghast|atk|1\n|turn|4\n|\n|t:|1700712895\n|move|p2a: Landorus|U-turn|p1a: Brambleghast\n|-damage|p1a: Brambleghast|30\/100 psn\n|\n|t:|1700712902\n|switch|p2a: Kingambit|Kingambit, M|100\/100|[from] U-turn\n|-damage|p2a: Kingambit|94\/100|[from] Stealth Rock\n|-activate|p2a: Kingambit|ability: Supreme Overlord\n|-start|p2a: Kingambit|fallen1|[silent]\n|move|p1a: Brambleghast|Strength Sap|p2a: Kingambit\n|-unboost|p2a: Kingambit|atk|1\n|-heal|p1a: Brambleghast|100\/100 psn\n|\n|-heal|p2a: Kingambit|100\/100|[from] item: Leftovers\n|-damage|p1a: Brambleghast|88\/100 psn|[from] psn\n|upkeep\n|turn|5\n|\n|t:|1700712916\n|-end|p2a: Kingambit|fallen1|[silent]\n|switch|p2a: Landorus|Landorus-Therian, M|88\/100\n|-damage|p2a: Landorus|76\/100|[from] Stealth Rock\n|-ability|p2a: Landorus|Intimidate|boost\n|-unboost|p1a: Brambleghast|atk|1\n|move|p1a: Brambleghast|Strength Sap|p2a: Landorus\n|-unboost|p2a: Landorus|atk|1\n|-heal|p1a: Brambleghast|100\/100 psn\n|\n|-damage|p1a: Brambleghast|88\/100 psn|[from] psn\n|upkeep\n|turn|6\n|\n|t:|1700712931\n|move|p2a: Landorus|U-turn|p1a: Brambleghast\n|-damage|p1a: Brambleghast|59\/100 psn\n|\n|t:|1700712934\n|switch|p2a: Hatterene|Hatterene, F|100\/100|[from] U-turn\n|-damage|p2a: Hatterene|88\/100|[from] Stealth Rock\n|move|p1a: Brambleghast|Strength Sap|p2a: Hatterene\n|move|p2a: Hatterene|Strength Sap|p1a: Brambleghast|[from]ability: Magic Bounce\n|-unboost|p1a: Brambleghast|atk|1\n|-heal|p2a: Hatterene|100\/100\n|\n|-damage|p1a: Brambleghast|46\/100 psn|[from] psn\n|upkeep\n|turn|7\n|\n|t:|1700712953\n|move|p1a: Brambleghast|Seed Bomb|p2a: Hatterene\n|-damage|p2a: Hatterene|83\/100\n|-enditem|p2a: Hatterene|Eject Button\n|-damage|p1a: Brambleghast|36\/100 psn|[from] item: Life Orb\n|\n|t:|1700712972\n|switch|p2a: Landorus|Landorus-Therian, M|76\/100\n|-damage|p2a: Landorus|64\/100|[from] Stealth Rock\n|-ability|p2a: Landorus|Intimidate|boost\n|-unboost|p1a: Brambleghast|atk|1\n|\n|-damage|p1a: Brambleghast|24\/100 psn|[from] psn\n|upkeep\n|turn|8\n|inactive|ghostgallade has 120 seconds left.\n|\n|t:|1700712993\n|move|p2a: Landorus|Earthquake|p1a: Brambleghast\n|-resisted|p1a: Brambleghast\n|-damage|p1a: Brambleghast|0 fnt\n|faint|p1a: Brambleghast\n|\n|upkeep\n|\n|t:|1700713006\n|switch|p1a: Ribombee|Ribombee, F, shiny|100\/100\n|turn|9\n|\n|t:|1700713013\n|switch|p2a: Hatterene|Hatterene, F|83\/100\n|-damage|p2a: Hatterene|71\/100|[from] Stealth Rock\n|move|p1a: Ribombee|Sticky Web|p2a: Hatterene\n|move|p2a: Hatterene|Sticky Web|p1a: Ribombee|[from]ability: Magic Bounce\n|-sidestart|p1: Juanischafa|move: Sticky Web\n|\n|upkeep\n|turn|10\n|\n|t:|1700713033\n|move|p1a: Ribombee|Moonblast|p2a: Hatterene\n|-damage|p2a: Hatterene|28\/100\n|move|p2a: Hatterene|Nuzzle|p1a: Ribombee\n|-damage|p1a: Ribombee|93\/100\n|\n|upkeep\n|turn|11\n|inactive|ghostgallade has 120 seconds left.\n|\n|t:|1700713058\n|move|p1a: Ribombee|Moonblast|p2a: Hatterene\n|-damage|p2a: Hatterene|0 fnt\n|faint|p2a: Hatterene\n|\n|upkeep\n|\n|t:|1700713066\n|switch|p2a: Dragapult|Dragapult, F|100\/100\n|-damage|p2a: Dragapult|88\/100|[from] Stealth Rock\n|turn|12\n|\n|t:|1700713073\n|move|p2a: Dragapult|Shadow Ball|p1a: Ribombee\n|-damage|p1a: Ribombee|8\/100\n|move|p1a: Ribombee|Sticky Web|p2a: Dragapult\n|-sidestart|p2: ghostgallade|move: Sticky Web\n|\n|upkeep\n|turn|13\n|\n|t:|1700713082\n|move|p2a: Dragapult|Shadow Ball|p1a: Ribombee\n|-damage|p1a: Ribombee|0 fnt\n|faint|p1a: Ribombee\n|\n|upkeep\n|\n|t:|1700713089\n|switch|p1a: Iron Valiant|Iron Valiant|100\/100\n|-activate|p1a: Iron Valiant|move: Sticky Web\n|-unboost|p1a: Iron Valiant|spe|1\n|-enditem|p1a: Iron Valiant|Booster Energy\n|-activate|p1a: Iron Valiant|ability: Quark Drive|[fromitem]\n|-start|p1a: Iron Valiant|quarkdrivespa\n|turn|14\n|\n|t:|1700713096\n|-terastallize|p2a: Dragapult|Ghost\n|move|p2a: Dragapult|Shadow Ball|p1a: Iron Valiant\n|-damage|p1a: Iron Valiant|0 fnt\n|faint|p1a: Iron Valiant\n|-end|p1a: Iron Valiant|Quark Drive|[silent]\n|\n|upkeep\n|\n|t:|1700713106\n|switch|p1a: Iron Moth|Iron Moth|100\/100\n|-activate|p1a: Iron Moth|move: Sticky Web\n|-unboost|p1a: Iron Moth|spe|1\n|-enditem|p1a: Iron Moth|Booster Energy\n|-activate|p1a: Iron Moth|ability: Quark Drive|[fromitem]\n|-start|p1a: Iron Moth|quarkdrivespa\n|turn|15\n|\n|t:|1700713125\n|move|p2a: Dragapult|Shadow Ball|p1a: Iron Moth\n|-damage|p1a: Iron Moth|28\/100\n|move|p1a: Iron Moth|Discharge|p2a: Dragapult\n|-damage|p2a: Dragapult|31\/100\n|\n|upkeep\n|turn|16\n|\n|t:|1700713132\n|move|p2a: Dragapult|Shadow Ball|p1a: Iron Moth\n|-damage|p1a: Iron Moth|0 fnt\n|faint|p1a: Iron Moth\n|-end|p1a: Iron Moth|Quark Drive|[silent]\n|\n|upkeep\n|\n|t:|1700713137\n|switch|p1a: Heatran|Heatran, F|100\/100\n|-activate|p1a: Heatran|move: Sticky Web\n|-unboost|p1a: Heatran|spe|1\n|turn|17\n|\n|t:|1700713142\n|move|p2a: Dragapult|Shadow Ball|p1a: Heatran\n|-damage|p1a: Heatran|39\/100\n|-unboost|p1a: Heatran|spd|1\n|move|p1a: Heatran|Flash Cannon|p2a: Dragapult\n|-damage|p2a: Dragapult|0 fnt\n|faint|p2a: Dragapult\n|\n|-heal|p1a: Heatran|46\/100|[from] item: Leftovers\n|upkeep\n|-message|Juanischafa forfeited.\n|\n|win|ghostgallade\n|raw|Juanischafa's rating: 1511 &rarr; <strong>1489<\/strong><br \/>(-22 for losing)\n|raw|ghostgallade's rating: 1479 &rarr; <strong>1501<\/strong><br \/>(+22 for winning)\n|l|\u2606Juanischafa\n","uploadtime":1700713151,"views":13,"p1id":"juanischafa","p2id":"ghostgallade","formatid":"gen9ou","rating":1489,"private":0,"password":""}