{"id":"gen9ou-1994182375","p1":"SpasDeuzi","p2":"Sinful cow","format":"[Gen 9] OU","log":"|j|\u2606SpasDeuzi\n|j|\u2606Sinful cow\n|t:|1700416241\n|gametype|singles\n|player|p1|SpasDeuzi|169|1108\n|player|p2|Sinful cow|102|1000\n|teamsize|p1|6\n|teamsize|p2|6\n|gen|9\n|tier|[Gen 9] OU\n|rated|\n|rule|Sleep Clause Mod: Limit one foe put to sleep\n|rule|Species Clause: Limit one of each Pok\u00e9mon\n|rule|OHKO Clause: OHKO moves are banned\n|rule|Evasion Items Clause: Evasion items are banned\n|rule|Evasion Moves Clause: Evasion moves are banned\n|rule|Endless Battle Clause: Forcing endless battles is banned\n|rule|HP Percentage Mod: HP is shown in percentages\n|clearpoke\n|poke|p1|Garchomp, F|\n|poke|p1|Maushold-Four|\n|poke|p1|Tyranitar, F|\n|poke|p1|Gyarados, F|\n|poke|p1|Iron Valiant|\n|poke|p1|Grimmsnarl, M|\n|poke|p2|Garganacl, F|\n|poke|p2|Glimmora, F|\n|poke|p2|Greninja-*, M|\n|poke|p2|Zarude|\n|poke|p2|Infernape, F|\n|poke|p2|Zoroark-Hisui, M|\n|teampreview\n|inactive|Battle timer is ON: inactive players will automatically lose when time's up. (requested by SpasDeuzi)\n|\n|t:|1700416263\n|start\n|switch|p1a: Grimmsnarl|Grimmsnarl, M, shiny|100\/100\n|switch|p2a: Glimmora|Glimmora, F|100\/100\n|turn|1\n|\n|t:|1700416275\n|move|p1a: Grimmsnarl|Parting Shot|p2a: Glimmora\n|-unboost|p2a: Glimmora|atk|1\n|-unboost|p2a: Glimmora|spa|1\n|\n|t:|1700416278\n|switch|p1a: Maushold|Maushold-Four, shiny|100\/100|[from] Parting Shot\n|move|p2a: Glimmora|Substitute|p2a: Glimmora\n|-start|p2a: Glimmora|Substitute\n|-damage|p2a: Glimmora|76\/100\n|\n|-heal|p2a: Glimmora|82\/100|[from] item: Leftovers\n|upkeep\n|turn|2\n|\n|t:|1700416291\n|move|p1a: Maushold|Encore|p2a: Glimmora\n|-start|p2a: Glimmora|Encore\n|move|p2a: Glimmora|Substitute|p2a: Glimmora\n|-fail|p2a: Glimmora|move: Substitute\n|\n|-heal|p2a: Glimmora|88\/100|[from] item: Leftovers\n|upkeep\n|turn|3\n|\n|t:|1700416305\n|switch|p2a: Glimmora|Glimmora, F|100\/100\n|move|p1a: Maushold|Tidy Up|p1a: Maushold\n|-boost|p1a: Maushold|atk|1\n|-boost|p1a: Maushold|spe|1\n|\n|upkeep\n|turn|4\n|\n|t:|1700416326\n|-terastallize|p1a: Maushold|Poison\n|move|p1a: Maushold|Tidy Up|p1a: Maushold\n|-boost|p1a: Maushold|atk|1\n|-boost|p1a: Maushold|spe|1\n|move|p2a: Glimmora|Bitter Malice|p1a: Maushold\n|-damage|p1a: Maushold|50\/100\n|-unboost|p1a: Maushold|atk|1\n|\n|upkeep\n|turn|5\n|\n|t:|1700416336\n|move|p1a: Maushold|U-turn|p2a: Glimmora\n|-resisted|p2a: Glimmora\n|-damage|p2a: Glimmora|78\/100\n|replace|p2a: Zoroark|Zoroark-Hisui, M\n|-end|p2a: Zoroark|Illusion\n|\n|t:|1700416343\n|switch|p1a: Tyranitar|Tyranitar, F, shiny|100\/100|[from] U-turn\n|-ability|p1a: Tyranitar|Unnerve\n|move|p2a: Zoroark|Bitter Malice|p1a: Tyranitar\n|-resisted|p1a: Tyranitar\n|-damage|p1a: Tyranitar|87\/100\n|-unboost|p1a: Tyranitar|atk|1\n|\n|upkeep\n|turn|6\n|\n|t:|1700416358\n|move|p2a: Zoroark|Protect|p2a: Zoroark\n|-singleturn|p2a: Zoroark|Protect\n|move|p1a: Tyranitar|Assurance|p2a: Zoroark\n|-activate|p2a: Zoroark|move: Protect\n|\n|upkeep\n|turn|7\n|\n|t:|1700416382\n|switch|p2a: Garganacl|Garganacl, F|100\/100\n|switch|p1a: Maushold|Maushold-Four, shiny, tera:Poison|50\/100\n|\n|upkeep\n|turn|8\n|\n|t:|1700416390\n|move|p1a: Maushold|Tidy Up|p1a: Maushold\n|-boost|p1a: Maushold|atk|1\n|-boost|p1a: Maushold|spe|1\n|move|p2a: Garganacl|Salt Cure|p1a: Maushold\n|-damage|p1a: Maushold|23\/100\n|-start|p1a: Maushold|Salt Cure\n|\n|-damage|p1a: Maushold|11\/100|[from] Salt Cure\n|upkeep\n|turn|9\n|\n|t:|1700416398\n|move|p2a: Garganacl|Protect|p2a: Garganacl\n|-singleturn|p2a: Garganacl|Protect\n|move|p1a: Maushold|Population Bomb|p2a: Garganacl\n|-activate|p2a: Garganacl|move: Protect\n|\n|-damage|p1a: Maushold|0 fnt|[from] Salt Cure\n|faint|p1a: Maushold\n|upkeep\n|\n|t:|1700416402\n|switch|p1a: Iron Valiant|Iron Valiant|100\/100\n|-enditem|p1a: Iron Valiant|Booster Energy\n|-activate|p1a: Iron Valiant|ability: Quark Drive|[fromitem]\n|-start|p1a: Iron Valiant|quarkdrivespe\n|turn|10\n|\n|t:|1700416411\n|move|p1a: Iron Valiant|Close Combat|p2a: Garganacl\n|-supereffective|p2a: Garganacl\n|-damage|p2a: Garganacl|0 fnt\n|-unboost|p1a: Iron Valiant|def|1\n|-unboost|p1a: Iron Valiant|spd|1\n|faint|p2a: Garganacl\n|\n|upkeep\n|inactive|Sinful cow has 120 seconds left.\n|\n|t:|1700416461\n|switch|p2a: Glimmora|Glimmora, F|78\/100\n|turn|11\n|\n|t:|1700416471\n|move|p1a: Iron Valiant|Swords Dance|p1a: Iron Valiant\n|-boost|p1a: Iron Valiant|atk|2\n|move|p2a: Glimmora|Bitter Malice|p1a: Iron Valiant\n|-damage|p1a: Iron Valiant|16\/100\n|-unboost|p1a: Iron Valiant|atk|1\n|\n|upkeep\n|turn|12\n|\n|t:|1700416479\n|move|p1a: Iron Valiant|Close Combat|p2a: Glimmora\n|-immune|p2a: Glimmora\n|move|p2a: Glimmora|Bitter Malice|p1a: Iron Valiant\n|-damage|p1a: Iron Valiant|0 fnt\n|faint|p1a: Iron Valiant\n|-end|p1a: Iron Valiant|Quark Drive|[silent]\n|\n|upkeep\n|\n|t:|1700416505\n|switch|p1a: Gyarados|Gyarados, F|100\/100\n|turn|13\n|inactive|Sinful cow has 120 seconds left.\n|\n|t:|1700416535\n|move|p2a: Glimmora|Hyper Voice|p1a: Gyarados\n|-damage|p1a: Gyarados|59\/100\n|move|p1a: Gyarados|Dragon Dance|p1a: Gyarados\n|-boost|p1a: Gyarados|atk|1\n|-boost|p1a: Gyarados|spe|1\n|\n|upkeep\n|turn|14\n|\n|t:|1700416541\n|move|p1a: Gyarados|Scale Shot|p2a: Glimmora\n|-damage|p2a: Glimmora|55\/100\n|replace|p2a: Zoroark|Zoroark-Hisui, M\n|-end|p2a: Zoroark|Illusion\n|-damage|p2a: Zoroark|31\/100\n|-damage|p2a: Zoroark|9\/100\n|-enditem|p2a: Zoroark|Aguav Berry|[eat]\n|-heal|p2a: Zoroark|42\/100|[from] item: Aguav Berry\n|-damage|p2a: Zoroark|18\/100\n|-damage|p2a: Zoroark|0 fnt\n|faint|p2a: Zoroark\n|-ability|p1a: Gyarados|Moxie|boost\n|-boost|p1a: Gyarados|atk|1\n|-hitcount|p2: Zoroark|5\n|-unboost|p1a: Gyarados|def|1\n|-boost|p1a: Gyarados|spe|1\n|\n|upkeep\n|inactive|Sinful cow has 90 seconds left.\n|\n|t:|1700416567\n|switch|p2a: Glimmora|Glimmora, F|88\/100\n|turn|15\n|\n|t:|1700416581\n|move|p1a: Gyarados|Waterfall|p2a: Glimmora\n|-supereffective|p2a: Glimmora\n|-damage|p2a: Glimmora|0 fnt\n|-activate|p2a: Glimmora|ability: Toxic Debris\n|-sidestart|p1: SpasDeuzi|move: Toxic Spikes\n|faint|p2a: Glimmora\n|-ability|p1a: Gyarados|Moxie|boost\n|-boost|p1a: Gyarados|atk|1\n|\n|upkeep\n|\n|t:|1700416589\n|switch|p2a: Zarude|Zarude|100\/100\n|turn|16\n|\n|t:|1700416594\n|move|p1a: Gyarados|Scale Shot|p2a: Zarude\n|-damage|p2a: Zarude|82\/100\n|-damage|p2a: Zarude|61\/100\n|-damage|p2a: Zarude|42\/100\n|-damage|p2a: Zarude|22\/100\n|-enditem|p2a: Zarude|Salac Berry|[eat]\n|-boost|p2a: Zarude|spe|1|[from] item: Salac Berry\n|-hitcount|p2a: Zarude|4\n|-unboost|p1a: Gyarados|def|1\n|-boost|p1a: Gyarados|spe|1\n|move|p2a: Zarude|Trailblaze|p1a: Gyarados\n|-damage|p1a: Gyarados|0 fnt\n|-boost|p2a: Zarude|spe|1\n|faint|p1a: Gyarados\n|\n|upkeep\n|\n|t:|1700416605\n|switch|p1a: Garchomp|Garchomp, F, shiny|100\/100\n|-status|p1a: Garchomp|psn\n|turn|17\n|inactive|Sinful cow has 90 seconds left.\n|\n|t:|1700416622\n|move|p1a: Garchomp|Swords Dance|p1a: Garchomp\n|-boost|p1a: Garchomp|atk|2\n|move|p2a: Zarude|Roar|p1a: Garchomp\n|drag|p1a: Grimmsnarl|Grimmsnarl, M, shiny|100\/100\n|-status|p1a: Grimmsnarl|psn\n|\n|-damage|p1a: Grimmsnarl|88\/100 psn|[from] psn\n|upkeep\n|turn|18\n|inactive|Sinful cow has 90 seconds left.\n|\n|t:|1700416644\n|move|p1a: Grimmsnarl|Reflect|p1a: Grimmsnarl\n|-sidestart|p1: SpasDeuzi|Reflect\n|move|p2a: Zarude|Roar|p1a: Grimmsnarl\n|drag|p1a: Tyranitar|Tyranitar, F, shiny|87\/100\n|-ability|p1a: Tyranitar|Unnerve\n|-status|p1a: Tyranitar|psn\n|\n|-damage|p1a: Tyranitar|75\/100 psn|[from] psn\n|upkeep\n|turn|19\n|inactive|Sinful cow has 60 seconds left.\n|\n|t:|1700416679\n|move|p2a: Zarude|Trailblaze|p1a: Tyranitar\n|-supereffective|p1a: Tyranitar\n|-damage|p1a: Tyranitar|57\/100 psn\n|-boost|p2a: Zarude|spe|1\n|move|p1a: Tyranitar|Low Kick|p2a: Zarude\n|-supereffective|p2a: Zarude\n|-crit|p2a: Zarude\n|-damage|p2a: Zarude|0 fnt\n|faint|p2a: Zarude\n|\n|-damage|p1a: Tyranitar|44\/100 psn|[from] psn\n|upkeep\n|\n|t:|1700416695\n|switch|p2a: Greninja|Greninja, M|100\/100\n|turn|20\n|\n|t:|1700416702\n|move|p2a: Greninja|Hydro Pump|p1a: Tyranitar\n|-supereffective|p1a: Tyranitar\n|-damage|p1a: Tyranitar|0 fnt\n|faint|p1a: Tyranitar\n|-ability|p2a: Greninja|Battle Bond|boost\n|-boost|p2a: Greninja|atk|1\n|-boost|p2a: Greninja|spa|1\n|-boost|p2a: Greninja|spe|1\n|-activate|p2a: Greninja|ability: Battle Bond\n|\n|upkeep\n|\n|t:|1700416706\n|switch|p1a: Grimmsnarl|Grimmsnarl, M, shiny|88\/100 psn\n|turn|21\n|inactive|Sinful cow has 60 seconds left.\n|\n|t:|1700416716\n|switch|p2a: Infernape|Infernape, F|100\/100\n|move|p1a: Grimmsnarl|Light Screen|p1a: Grimmsnarl\n|-sidestart|p1: SpasDeuzi|move: Light Screen\n|\n|-damage|p1a: Grimmsnarl|76\/100 psn|[from] psn\n|upkeep\n|turn|22\n|inactive|Sinful cow has 60 seconds left.\n|\n|t:|1700416738\n|move|p1a: Grimmsnarl|Parting Shot|p2a: Infernape\n|-unboost|p2a: Infernape|atk|1\n|-unboost|p2a: Infernape|spa|1\n|\n|t:|1700416740\n|switch|p1a: Garchomp|Garchomp, F, shiny|100\/100 psn|[from] Parting Shot\n|move|p2a: Infernape|Fire Punch|p1a: Garchomp\n|-resisted|p1a: Garchomp\n|-damage|p1a: Garchomp|95\/100 psn\n|-damage|p2a: Infernape|88\/100|[from] ability: Rough Skin|[of] p1a: Garchomp\n|\n|-damage|p1a: Garchomp|82\/100 psn|[from] psn\n|upkeep\n|turn|23\n|inactive|Sinful cow has 60 seconds left.\n|\n|t:|1700416752\n|move|p1a: Garchomp|Swords Dance|p1a: Garchomp\n|-boost|p1a: Garchomp|atk|2\n|move|p2a: Infernape|Roar|p1a: Garchomp\n|drag|p1a: Grimmsnarl|Grimmsnarl, M, shiny|76\/100 psn\n|\n|-damage|p1a: Grimmsnarl|63\/100 psn|[from] psn\n|upkeep\n|turn|24\n|inactive|Sinful cow has 60 seconds left.\n|\n|t:|1700416762\n|move|p1a: Grimmsnarl|Taunt|p2a: Infernape\n|-start|p2a: Infernape|move: Taunt\n|move|p2a: Infernape|Drain Punch|p1a: Grimmsnarl\n|-damage|p1a: Grimmsnarl|50\/100 psn\n|-heal|p2a: Infernape|97\/100|[from] drain|[of] p1a: Grimmsnarl\n|\n|-damage|p1a: Grimmsnarl|37\/100 psn|[from] psn\n|upkeep\n|turn|25\n|\n|t:|1700416771\n|move|p1a: Grimmsnarl|Parting Shot|p2a: Infernape\n|-unboost|p2a: Infernape|atk|1\n|-unboost|p2a: Infernape|spa|1\n|\n|t:|1700416773\n|switch|p1a: Garchomp|Garchomp, F, shiny|82\/100 psn|[from] Parting Shot\n|move|p2a: Infernape|Fire Punch|p1a: Garchomp\n|-resisted|p1a: Garchomp\n|-damage|p1a: Garchomp|78\/100 psn\n|-damage|p2a: Infernape|85\/100|[from] ability: Rough Skin|[of] p1a: Garchomp\n|\n|-damage|p1a: Garchomp|66\/100 psn|[from] psn\n|-sideend|p1: SpasDeuzi|Reflect\n|upkeep\n|turn|26\n|\n|t:|1700416785\n|move|p2a: Infernape|Drain Punch|p1a: Garchomp\n|-damage|p1a: Garchomp|48\/100 psn\n|-heal|p2a: Infernape|95\/100|[from] drain|[of] p1a: Garchomp\n|-damage|p2a: Infernape|83\/100|[from] ability: Rough Skin|[of] p1a: Garchomp\n|move|p1a: Garchomp|Swords Dance|p1a: Garchomp\n|-boost|p1a: Garchomp|atk|2\n|\n|-damage|p1a: Garchomp|36\/100 psn|[from] psn\n|-end|p2a: Infernape|move: Taunt\n|upkeep\n|turn|27\n|\n|t:|1700416797\n|move|p1a: Garchomp|Scale Shot|p2a: Infernape\n|-damage|p2a: Infernape|50\/100\n|-damage|p2a: Infernape|13\/100\n|-enditem|p2a: Infernape|Aguav Berry|[eat]\n|-heal|p2a: Infernape|46\/100|[from] item: Aguav Berry\n|-damage|p2a: Infernape|9\/100\n|-damage|p2a: Infernape|0 fnt\n|faint|p2a: Infernape\n|-hitcount|p2: Infernape|4\n|-unboost|p1a: Garchomp|def|1\n|-boost|p1a: Garchomp|spe|1\n|\n|-damage|p1a: Garchomp|23\/100 psn|[from] psn\n|upkeep\n|inactive|Sinful cow has 60 seconds left.\n|\n|t:|1700416812\n|switch|p2a: Greninja|Greninja, M|100\/100\n|turn|28\n|\n|t:|1700416818\n|move|p1a: Garchomp|Earthquake|p2a: Greninja\n|-damage|p2a: Greninja|0 fnt\n|faint|p2a: Greninja\n|\n|win|SpasDeuzi\n|raw|SpasDeuzi's rating: 1108 &rarr; <strong>1125<\/strong><br \/>(+17 for winning)\n|raw|Sinful cow's rating: 1000 &rarr; <strong>1000<\/strong><br \/>(+0 for losing)\n|l|\u2606Sinful cow\n","uploadtime":1700416824,"views":15,"p1id":"spasdeuzi","p2id":"sinfulcow","formatid":"gen9ou","rating":1000,"private":0,"password":""}