{"id":"gen9ou-2000298320","p1":"AlexdelBarco","p2":"Marki22","format":"[Gen 9] OU","log":"|j|\u2606AlexdelBarco\n|j|\u2606Marki22\n|t:|1701182603\n|gametype|singles\n|player|p1|AlexdelBarco|2|1022\n|player|p2|Marki22|102|1021\n|teamsize|p1|6\n|teamsize|p2|6\n|gen|9\n|tier|[Gen 9] OU\n|rated|\n|rule|Sleep Clause Mod: Limit one foe put to sleep\n|rule|Species Clause: Limit one of each Pok\u00e9mon\n|rule|OHKO Clause: OHKO moves are banned\n|rule|Evasion Items Clause: Evasion items are banned\n|rule|Evasion Moves Clause: Evasion moves are banned\n|rule|Endless Battle Clause: Forcing endless battles is banned\n|rule|HP Percentage Mod: HP is shown in percentages\n|clearpoke\n|poke|p1|Toxapex, M|\n|poke|p1|Zapdos|\n|poke|p1|Dragapult, M|\n|poke|p1|Kingambit, M|\n|poke|p1|Iron Moth|\n|poke|p1|Iron Valiant|\n|poke|p2|Empoleon, M|\n|poke|p2|Electrode|\n|poke|p2|Ditto|\n|poke|p2|Kleavor, F|\n|poke|p2|Weezing-Galar, F|\n|poke|p2|Zapdos|\n|teampreview\n|\n|t:|1701182615\n|start\n|switch|p1a: Toxapex|Toxapex, M|100\/100\n|switch|p2a: Empoleon|Empoleon, M|100\/100\n|turn|1\n|\n|t:|1701182629\n|move|p1a: Toxapex|Baneful Bunker|p1a: Toxapex\n|-singleturn|p1a: Toxapex|move: Protect\n|move|p2a: Empoleon|Flip Turn|p1a: Toxapex\n|-activate|p1a: Toxapex|move: Protect\n|\n|upkeep\n|turn|2\n|inactive|Battle timer is ON: inactive players will automatically lose when time's up. (requested by AlexdelBarco)\n|\n|t:|1701182639\n|switch|p1a: Zapdos|Zapdos, shiny|100\/100\n|move|p2a: Empoleon|Flip Turn|p1a: Zapdos\n|-damage|p1a: Zapdos|80\/100\n|-status|p2a: Empoleon|par|[from] ability: Static|[of] p1a: Zapdos\n|\n|t:|1701182646\n|switch|p2a: Kleavor|Kleavor, F|100\/100|[from] Flip Turn\n|\n|upkeep\n|turn|3\n|\n|t:|1701182652\n|move|p2a: Kleavor|Stone Axe|p1a: Zapdos|[miss]\n|-miss|p2a: Kleavor|p1a: Zapdos\n|move|p1a: Zapdos|Tailwind|p1a: Zapdos\n|-sidestart|p1: AlexdelBarco|move: Tailwind\n|\n|upkeep\n|turn|4\n|\n|t:|1701182659\n|move|p1a: Zapdos|Thunder Wave|p2a: Kleavor\n|-status|p2a: Kleavor|par\n|cant|p2a: Kleavor|par\n|\n|upkeep\n|turn|5\n|\n|t:|1701182674\n|switch|p1a: Dragapult|Dragapult, M, shiny|100\/100\n|move|p2a: Kleavor|Stone Axe|p1a: Dragapult\n|-crit|p1a: Dragapult\n|-damage|p1a: Dragapult|15\/100\n|-start|p2a: Kleavor|Disable|Stone Axe|[from] ability: Cursed Body|[of] p1a: Dragapult\n|-sidestart|p1: AlexdelBarco|move: Stealth Rock\n|\n|upkeep\n|turn|6\n|\n|t:|1701182686\n|switch|p2a: Weezing|Weezing-Galar, F|100\/100\n|-ability|p2a: Weezing|Neutralizing Gas\n|move|p1a: Dragapult|Dragon Darts|p2a: Weezing\n|-immune|p2a: Weezing\n|\n|-sideend|p1: AlexdelBarco|move: Tailwind\n|upkeep\n|turn|7\n|\n|t:|1701182698\n|move|p1a: Dragapult|Flamethrower|p2a: Weezing\n|-damage|p2a: Weezing|62\/100\n|-damage|p1a: Dragapult|5\/100|[from] item: Life Orb\n|move|p2a: Weezing|Taunt|p1a: Dragapult\n|-start|p1a: Dragapult|move: Taunt\n|\n|-heal|p2a: Weezing|68\/100|[from] item: Leftovers\n|upkeep\n|turn|8\n|\n|t:|1701182710\n|move|p1a: Dragapult|Flamethrower|p2a: Weezing\n|-damage|p2a: Weezing|30\/100\n|-damage|p1a: Dragapult|0 fnt|[from] item: Life Orb\n|faint|p1a: Dragapult\n|move|p2a: Weezing|Strange Steam|p1: Dragapult|[notarget]\n|-fail|p2a: Weezing\n|\n|-heal|p2a: Weezing|36\/100|[from] item: Leftovers\n|upkeep\n|\n|t:|1701182718\n|switch|p1a: Iron Moth|Iron Moth, shiny|100\/100\n|-damage|p1a: Iron Moth|76\/100|[from] Stealth Rock\n|turn|9\n|\n|t:|1701182727\n|-end|p2a: Weezing|ability: Neutralizing Gas\n|switch|p2a: Zapdos|Zapdos|100\/100\n|move|p1a: Iron Moth|Overheat|p2a: Zapdos\n|-damage|p2a: Zapdos|41\/100\n|-unboost|p1a: Iron Moth|spa|2\n|\n|upkeep\n|turn|10\n|\n|t:|1701182738\n|move|p1a: Iron Moth|Overheat|p2a: Zapdos\n|-damage|p2a: Zapdos|13\/100\n|-unboost|p1a: Iron Moth|spa|2\n|move|p2a: Zapdos|Roost|p2a: Zapdos\n|-heal|p2a: Zapdos|63\/100\n|-singleturn|p2a: Zapdos|move: Roost\n|\n|upkeep\n|turn|11\n|\n|t:|1701182750\n|-end|p1a: Iron Moth|Quark Drive|[silent]\n|switch|p1a: Zapdos|Zapdos, shiny|80\/100\n|-damage|p1a: Zapdos|55\/100|[from] Stealth Rock\n|move|p2a: Zapdos|Volt Switch|p1a: Zapdos\n|-damage|p1a: Zapdos|26\/100\n|-enditem|p1a: Zapdos|Sitrus Berry|[eat]\n|-heal|p1a: Zapdos|51\/100|[from] item: Sitrus Berry\n|\n|t:|1701182769\n|switch|p2a: Electrode|Electrode, shiny|100\/100|[from] Volt Switch\n|\n|upkeep\n|turn|12\n|\n|t:|1701182778\n|move|p2a: Electrode|Electro Ball|p1a: Zapdos\n|-damage|p1a: Zapdos|21\/100\n|move|p1a: Zapdos|Roost|p1a: Zapdos\n|-heal|p1a: Zapdos|71\/100\n|-singleturn|p1a: Zapdos|move: Roost\n|\n|upkeep\n|turn|13\n|\n|t:|1701182788\n|switch|p2a: Kleavor|Kleavor, F|100\/100 par\n|move|p1a: Zapdos|Brave Bird|p2a: Kleavor\n|-damage|p2a: Kleavor|49\/100 par\n|-damage|p1a: Zapdos|56\/100|[from] Recoil\n|\n|upkeep\n|turn|14\n|\n|t:|1701182796\n|move|p1a: Zapdos|Brave Bird|p2a: Kleavor\n|-damage|p2a: Kleavor|0 fnt\n|faint|p2a: Kleavor\n|-damage|p1a: Zapdos|42\/100|[from] Recoil\n|\n|upkeep\n|\n|t:|1701182803\n|switch|p2a: Electrode|Electrode, shiny|100\/100\n|turn|15\n|\n|t:|1701182812\n|move|p2a: Electrode|Volt Switch|p1a: Zapdos\n|-damage|p1a: Zapdos|13\/100\n|\n|t:|1701182817\n|switch|p2a: Empoleon|Empoleon, M|100\/100 par|[from] Volt Switch\n|move|p1a: Zapdos|Brave Bird|p2a: Empoleon\n|-resisted|p2a: Empoleon\n|-damage|p2a: Empoleon|80\/100 par\n|-damage|p1a: Zapdos|6\/100|[from] Recoil\n|\n|-heal|p2a: Empoleon|86\/100 par|[from] item: Leftovers\n|upkeep\n|turn|16\n|\n|t:|1701182836\n|move|p1a: Zapdos|Roost|p1a: Zapdos\n|-heal|p1a: Zapdos|56\/100\n|-singleturn|p1a: Zapdos|move: Roost\n|cant|p2a: Empoleon|par\n|\n|-heal|p2a: Empoleon|92\/100 par|[from] item: Leftovers\n|upkeep\n|turn|17\n|\n|t:|1701182845\n|move|p1a: Zapdos|Tailwind|p1a: Zapdos\n|-sidestart|p1: AlexdelBarco|move: Tailwind\n|move|p2a: Empoleon|Flip Turn|p1a: Zapdos\n|-damage|p1a: Zapdos|36\/100\n|\n|t:|1701182851\n|switch|p2a: Electrode|Electrode, shiny|100\/100|[from] Flip Turn\n|\n|upkeep\n|turn|18\n|\n|t:|1701182880\n|switch|p1a: Kingambit|Kingambit, M, shiny|100\/100\n|-damage|p1a: Kingambit|94\/100|[from] Stealth Rock\n|-activate|p1a: Kingambit|ability: Supreme Overlord\n|-start|p1a: Kingambit|fallen1|[silent]\n|move|p2a: Electrode|Explosion|p1a: Kingambit\n|-resisted|p1a: Kingambit\n|-damage|p1a: Kingambit|81\/100\n|faint|p2a: Electrode\n|\n|upkeep\n|inactive|Marki22 has 120 seconds left.\n|\n|t:|1701182891\n|switch|p2a: Ditto|Ditto|100\/100\n|-transform|p2a: Ditto|p1a: Kingambit|[from] ability: Imposter\n|-activate|p2a: Ditto|ability: Supreme Overlord\n|-start|p2a: Ditto|fallen2|[silent]\n|turn|19\n|inactive|Marki22 has 120 seconds left.\n|\n|t:|1701182909\n|-end|p1a: Kingambit|fallen1|[silent]\n|switch|p1a: Zapdos|Zapdos, shiny|36\/100\n|-damage|p1a: Zapdos|11\/100|[from] Stealth Rock\n|move|p2a: Ditto|Iron Head|p1a: Zapdos\n|-resisted|p1a: Zapdos\n|-damage|p1a: Zapdos|0 fnt\n|faint|p1a: Zapdos\n|\n|upkeep\n|\n|t:|1701182917\n|switch|p1a: Iron Valiant|Iron Valiant, shiny|100\/100\n|-damage|p1a: Iron Valiant|94\/100|[from] Stealth Rock\n|turn|20\n|\n|t:|1701182925\n|move|p1a: Iron Valiant|Close Combat|p2a: Ditto\n|-supereffective|p2a: Ditto\n|-damage|p2a: Ditto|0 fnt\n|-unboost|p1a: Iron Valiant|def|1\n|-unboost|p1a: Iron Valiant|spd|1\n|faint|p2a: Ditto\n|-end|p2a: Ditto|fallen2|[silent]\n|\n|-heal|p1a: Iron Valiant|100\/100|[from] item: Leftovers\n|-sideend|p1: AlexdelBarco|move: Tailwind\n|upkeep\n|\n|t:|1701182937\n|switch|p2a: Weezing|Weezing-Galar, F|36\/100\n|-ability|p2a: Weezing|Neutralizing Gas\n|turn|21\n|\n|t:|1701182953\n|-end|p1a: Iron Valiant|Quark Drive|[silent]\n|switch|p1a: Iron Moth|Iron Moth, shiny|76\/100\n|-damage|p1a: Iron Moth|51\/100|[from] Stealth Rock\n|move|p2a: Weezing|Will-O-Wisp|p1a: Iron Moth\n|-immune|p1a: Iron Moth\n|\n|-heal|p2a: Weezing|42\/100|[from] item: Leftovers\n|upkeep\n|turn|22\n|\n|t:|1701182968\n|move|p1a: Iron Moth|Morning Sun|p1a: Iron Moth\n|-heal|p1a: Iron Moth|100\/100\n|move|p2a: Weezing|Strange Steam|p1a: Iron Moth\n|-resisted|p1a: Iron Moth\n|-damage|p1a: Iron Moth|94\/100\n|\n|-heal|p2a: Weezing|48\/100|[from] item: Leftovers\n|upkeep\n|turn|23\n|\n|t:|1701182978\n|-end|p1a: Iron Moth|Quark Drive|[silent]\n|switch|p1a: Toxapex|Toxapex, M|100\/100\n|-damage|p1a: Toxapex|88\/100|[from] Stealth Rock\n|move|p2a: Weezing|Taunt|p1a: Toxapex\n|-start|p1a: Toxapex|move: Taunt\n|\n|-heal|p2a: Weezing|54\/100|[from] item: Leftovers\n|upkeep\n|turn|24\n|\n|t:|1701182989\n|-end|p2a: Weezing|ability: Neutralizing Gas\n|switch|p2a: Zapdos|Zapdos|63\/100\n|move|p1a: Toxapex|Liquidation|p2a: Zapdos\n|-damage|p2a: Zapdos|46\/100\n|-damage|p1a: Toxapex|72\/100|[from] item: Rocky Helmet|[of] p2a: Zapdos\n|\n|upkeep\n|turn|25\n|\n|t:|1701183002\n|-terastallize|p1a: Toxapex|Poison\n|move|p2a: Zapdos|Thunder Wave|p1a: Toxapex\n|-status|p1a: Toxapex|par\n|cant|p1a: Toxapex|par\n|\n|-end|p1a: Toxapex|move: Taunt\n|upkeep\n|turn|26\n|\n|t:|1701183018\n|move|p2a: Zapdos|Heat Wave|p1a: Toxapex\n|-damage|p1a: Toxapex|47\/100 par\n|move|p1a: Toxapex|Sludge Bomb|p2a: Zapdos\n|-damage|p2a: Zapdos|17\/100\n|-status|p2a: Zapdos|psn\n|\n|-damage|p2a: Zapdos|4\/100 psn|[from] psn\n|upkeep\n|turn|27\n|\n|t:|1701183028\n|cant|p1a: Toxapex|par\n|move|p2a: Zapdos|Roost|p2a: Zapdos\n|-heal|p2a: Zapdos|54\/100 psn\n|-singleturn|p2a: Zapdos|move: Roost\n|\n|-damage|p2a: Zapdos|42\/100 psn|[from] psn\n|upkeep\n|turn|28\n|\n|t:|1701183043\n|switch|p2a: Empoleon|Empoleon, M|92\/100 par\n|move|p1a: Toxapex|Sludge Bomb|p2a: Empoleon\n|-immune|p2a: Empoleon\n|\n|-heal|p2a: Empoleon|98\/100 par|[from] item: Leftovers\n|upkeep\n|turn|29\n|\n|t:|1701183053\n|switch|p1a: Iron Valiant|Iron Valiant, shiny|100\/100\n|-damage|p1a: Iron Valiant|94\/100|[from] Stealth Rock\n|move|p2a: Empoleon|Chilling Water|p1a: Iron Valiant\n|-damage|p1a: Iron Valiant|67\/100\n|-unboost|p1a: Iron Valiant|atk|1\n|\n|-heal|p1a: Iron Valiant|73\/100|[from] item: Leftovers\n|-heal|p2a: Empoleon|100\/100 par|[from] item: Leftovers\n|upkeep\n|turn|30\n|\n|t:|1701183067\n|-terastallize|p2a: Empoleon|Ground\n|move|p1a: Iron Valiant|Calm Mind|p1a: Iron Valiant\n|-boost|p1a: Iron Valiant|spa|1\n|-boost|p1a: Iron Valiant|spd|1\n|move|p2a: Empoleon|Chilling Water|p1a: Iron Valiant\n|-damage|p1a: Iron Valiant|56\/100\n|-unboost|p1a: Iron Valiant|atk|1\n|\n|-heal|p1a: Iron Valiant|62\/100|[from] item: Leftovers\n|upkeep\n|turn|31\n|\n|t:|1701183093\n|move|p1a: Iron Valiant|Dazzling Gleam|p2a: Empoleon\n|-damage|p2a: Empoleon|64\/100 par\n|cant|p2a: Empoleon|par\n|\n|-heal|p1a: Iron Valiant|69\/100|[from] item: Leftovers\n|-heal|p2a: Empoleon|70\/100 par|[from] item: Leftovers\n|upkeep\n|turn|32\n|\n|t:|1701183103\n|move|p1a: Iron Valiant|Psychic|p2a: Empoleon\n|-damage|p2a: Empoleon|46\/100 par\n|cant|p2a: Empoleon|par\n|\n|-heal|p1a: Iron Valiant|75\/100|[from] item: Leftovers\n|-heal|p2a: Empoleon|52\/100 par|[from] item: Leftovers\n|upkeep\n|turn|33\n|\n|t:|1701183111\n|move|p1a: Iron Valiant|Dazzling Gleam|p2a: Empoleon\n|-damage|p2a: Empoleon|18\/100 par\n|move|p2a: Empoleon|Roost|p2a: Empoleon\n|-heal|p2a: Empoleon|68\/100 par\n|\n|-heal|p1a: Iron Valiant|81\/100|[from] item: Leftovers\n|-heal|p2a: Empoleon|74\/100 par|[from] item: Leftovers\n|upkeep\n|turn|34\n|\n|t:|1701183121\n|move|p1a: Iron Valiant|Calm Mind|p1a: Iron Valiant\n|-boost|p1a: Iron Valiant|spa|1\n|-boost|p1a: Iron Valiant|spd|1\n|move|p2a: Empoleon|Ice Beam|p1a: Iron Valiant\n|-damage|p1a: Iron Valiant|64\/100\n|\n|-heal|p1a: Iron Valiant|70\/100|[from] item: Leftovers\n|-heal|p2a: Empoleon|80\/100 par|[from] item: Leftovers\n|upkeep\n|turn|35\n|\n|t:|1701183137\n|move|p1a: Iron Valiant|Calm Mind|p1a: Iron Valiant\n|-boost|p1a: Iron Valiant|spa|1\n|-boost|p1a: Iron Valiant|spd|1\n|move|p2a: Empoleon|Flip Turn|p1a: Iron Valiant\n|-damage|p1a: Iron Valiant|51\/100\n|\n|t:|1701183142\n|switch|p2a: Weezing|Weezing-Galar, F|54\/100|[from] Flip Turn\n|-ability|p2a: Weezing|Neutralizing Gas\n|\n|-heal|p1a: Iron Valiant|57\/100|[from] item: Leftovers\n|-heal|p2a: Weezing|60\/100|[from] item: Leftovers\n|upkeep\n|turn|36\n|\n|t:|1701183155\n|move|p1a: Iron Valiant|Psychic|p2a: Weezing\n|-supereffective|p2a: Weezing\n|-crit|p2a: Weezing\n|-damage|p2a: Weezing|0 fnt\n|faint|p2a: Weezing\n|-end|p2a: Weezing|ability: Neutralizing Gas\n|\n|-heal|p1a: Iron Valiant|63\/100|[from] item: Leftovers\n|upkeep\n|-message|Marki22 forfeited.\n|\n|win|AlexdelBarco\n|raw|AlexdelBarco's rating: 1022 &rarr; <strong>1059<\/strong><br \/>(+37 for winning)\n|raw|Marki22's rating: 1021 &rarr; <strong>1008<\/strong><br \/>(-13 for losing)\n|l|\u2606Marki22\n","uploadtime":1701183164,"views":3,"p1id":"alexdelbarco","p2id":"marki22","formatid":"gen9ou","rating":1008,"private":0,"password":""}