{"id":"gen9ou-1993530417","p1":"Gen6DoublesPro","p2":"whygg","format":"[Gen 9] OU","log":"|j|\u2606Gen6DoublesPro\n|j|\u2606whygg\n|t:|1700328567\n|gametype|singles\n|player|p1|Gen6DoublesPro|lucas|1050\n|player|p2|whygg|giovanni|1125\n|teamsize|p1|6\n|teamsize|p2|6\n|gen|9\n|tier|[Gen 9] OU\n|rated|\n|rule|Sleep Clause Mod: Limit one foe put to sleep\n|rule|Species Clause: Limit one of each Pok\u00e9mon\n|rule|OHKO Clause: OHKO moves are banned\n|rule|Evasion Items Clause: Evasion items are banned\n|rule|Evasion Moves Clause: Evasion moves are banned\n|rule|Endless Battle Clause: Forcing endless battles is banned\n|rule|HP Percentage Mod: HP is shown in percentages\n|clearpoke\n|poke|p1|Amoonguss, M|\n|poke|p1|Lokix, M|\n|poke|p1|Staraptor, F|\n|poke|p1|Basculegion-F, F|\n|poke|p1|Ursaluna, F|\n|poke|p1|Dragapult, F|\n|poke|p2|Dragonite, M|\n|poke|p2|Garganacl, M|\n|poke|p2|Gholdengo|\n|poke|p2|Forretress, F|\n|poke|p2|Toxapex, M|\n|poke|p2|Iron Valiant|\n|teampreview\n|\n|t:|1700328578\n|start\n|switch|p1a: Lokix|Lokix, M|100\/100\n|switch|p2a: Forretress|Forretress, F, shiny|100\/100\n|turn|1\n|\n|t:|1700328587\n|move|p1a: Lokix|Axe Kick|p2a: Forretress\n|-damage|p2a: Forretress|75\/100\n|move|p2a: Forretress|Toxic Spikes|p1a: Lokix\n|-sidestart|p1: Gen6DoublesPro|move: Toxic Spikes\n|\n|upkeep\n|turn|2\n|\n|t:|1700328595\n|move|p1a: Lokix|Swords Dance|p1a: Lokix\n|-boost|p1a: Lokix|atk|2\n|move|p2a: Forretress|Spikes|p1a: Lokix\n|-sidestart|p1: Gen6DoublesPro|Spikes\n|\n|upkeep\n|turn|3\n|\n|t:|1700328608\n|switch|p2a: Gholdengo|Gholdengo|100\/100\n|move|p1a: Lokix|Swords Dance|p1a: Lokix\n|-boost|p1a: Lokix|atk|2\n|\n|upkeep\n|turn|4\n|\n|t:|1700328624\n|move|p1a: Lokix|Sucker Punch|p2a: Gholdengo\n|-supereffective|p2a: Gholdengo\n|-damage|p2a: Gholdengo|0 fnt\n|faint|p2a: Gholdengo\n|\n|upkeep\n|l|\u2606Gen6DoublesPro\n|player|p1|\n|\n|t:|1700328631\n|switch|p2a: Garganacl|Garganacl, M|100\/100\n|turn|5\n|j|\u2606Gen6DoublesPro\n|player|p1|Gen6DoublesPro|lucas\n|\n|t:|1700328640\n|-terastallize|p2a: Garganacl|Water\n|move|p1a: Lokix|Axe Kick|p2a: Garganacl\n|-damage|p2a: Garganacl|42\/100\n|-start|p2a: Garganacl|confusion\n|-activate|p2a: Garganacl|confusion\n|move|p2a: Garganacl|Salt Cure|p1a: Lokix\n|-supereffective|p1a: Lokix\n|-damage|p1a: Lokix|60\/100\n|-start|p1a: Lokix|Salt Cure\n|\n|-heal|p2a: Garganacl|49\/100|[from] item: Leftovers\n|-damage|p1a: Lokix|47\/100|[from] Salt Cure\n|upkeep\n|turn|6\n|\n|t:|1700328657\n|switch|p2a: Dragonite|Dragonite, M|100\/100\n|move|p1a: Lokix|Sucker Punch||[still]\n|-fail|p1a: Lokix\n|\n|-damage|p1a: Lokix|35\/100|[from] Salt Cure\n|upkeep\n|turn|7\n|\n|t:|1700328673\n|switch|p1a: Dragapult|Dragapult, F|100\/100\n|-status|p1a: Dragapult|psn\n|-damage|p1a: Dragapult|88\/100 psn|[from] Spikes\n|move|p2a: Dragonite|Ice Punch|p1a: Dragapult\n|-supereffective|p1a: Dragapult\n|-damage|p1a: Dragapult|23\/100 psn\n|\n|-damage|p1a: Dragapult|11\/100 psn|[from] psn\n|upkeep\n|turn|8\n|\n|t:|1700328687\n|-terastallize|p1a: Dragapult|Dragon\n|move|p1a: Dragapult|Draco Meteor|p2a: Dragonite\n|-supereffective|p2a: Dragonite\n|-damage|p2a: Dragonite|1\/100\n|-unboost|p1a: Dragapult|spa|2\n|move|p2a: Dragonite|Ice Punch|p1a: Dragapult\n|-supereffective|p1a: Dragapult\n|-damage|p1a: Dragapult|0 fnt\n|faint|p1a: Dragapult\n|\n|upkeep\n|\n|t:|1700328699\n|switch|p1a: Lokix|Lokix, M|35\/100\n|turn|9\n|\n|t:|1700328703\n|move|p1a: Lokix|First Impression|p2a: Dragonite\n|-resisted|p2a: Dragonite\n|-damage|p2a: Dragonite|0 fnt\n|faint|p2a: Dragonite\n|\n|upkeep\n|\n|t:|1700328718\n|switch|p2a: Iron Valiant|Iron Valiant, shiny|100\/100\n|-enditem|p2a: Iron Valiant|Booster Energy\n|-activate|p2a: Iron Valiant|ability: Quark Drive|[fromitem]\n|-start|p2a: Iron Valiant|quarkdriveatk\n|turn|10\n|\n|t:|1700328729\n|move|p1a: Lokix|Sucker Punch|p2a: Iron Valiant\n|-resisted|p2a: Iron Valiant\n|-damage|p2a: Iron Valiant|81\/100\n|move|p2a: Iron Valiant|Drain Punch|p1a: Lokix\n|-damage|p1a: Lokix|0 fnt\n|-heal|p2a: Iron Valiant|98\/100|[from] drain|[of] p1a: Lokix\n|faint|p1a: Lokix\n|\n|upkeep\n|\n|t:|1700328738\n|switch|p1a: Staraptor|Staraptor, F|100\/100\n|-ability|p1a: Staraptor|Intimidate|boost\n|-unboost|p2a: Iron Valiant|atk|1\n|turn|11\n|\n|t:|1700328748\n|move|p2a: Iron Valiant|Drain Punch|p1a: Staraptor\n|-damage|p1a: Staraptor|49\/100\n|-heal|p2a: Iron Valiant|100\/100|[from] drain|[of] p1a: Staraptor\n|move|p1a: Staraptor|Tailwind|p1a: Staraptor\n|-sidestart|p1: Gen6DoublesPro|move: Tailwind\n|\n|upkeep\n|turn|12\n|\n|t:|1700328756\n|move|p1a: Staraptor|Brave Bird|p2a: Iron Valiant\n|-supereffective|p2a: Iron Valiant\n|-damage|p2a: Iron Valiant|0 fnt\n|faint|p2a: Iron Valiant\n|-end|p2a: Iron Valiant|Quark Drive|[silent]\n|-damage|p1a: Staraptor|18\/100|[from] Recoil\n|-damage|p1a: Staraptor|8\/100|[from] item: Life Orb\n|\n|upkeep\n|\n|t:|1700328769\n|switch|p2a: Toxapex|Toxapex, M, shiny|100\/100\n|turn|13\n|\n|t:|1700328774\n|move|p1a: Staraptor|Double-Edge|p2a: Toxapex\n|-damage|p2a: Toxapex|51\/100\n|-damage|p1a: Staraptor|0 fnt|[from] Recoil\n|faint|p1a: Staraptor\n|move|p2a: Toxapex|Toxic|p1: Staraptor|[notarget]\n|-fail|p2a: Toxapex\n|\n|-heal|p2a: Toxapex|58\/100|[from] item: Leftovers\n|upkeep\n|\n|t:|1700328787\n|switch|p1a: Amoonguss|Amoonguss, M|100\/100\n|-sideend|p1: Gen6DoublesPro|move: Toxic Spikes|[of] p1a: Amoonguss\n|-damage|p1a: Amoonguss|88\/100|[from] Spikes\n|turn|14\n|\n|t:|1700328803\n|switch|p2a: Garganacl|Garganacl, M, tera:Water|49\/100\n|move|p1a: Amoonguss|Giga Drain|p2a: Garganacl\n|-supereffective|p2a: Garganacl\n|-damage|p2a: Garganacl|0 fnt\n|-heal|p1a: Amoonguss|100\/100|[from] drain|[of] p2a: Garganacl\n|faint|p2a: Garganacl\n|\n|-sideend|p1: Gen6DoublesPro|move: Tailwind\n|upkeep\n|\n|t:|1700328816\n|switch|p2a: Forretress|Forretress, F, shiny|75\/100\n|turn|15\n|\n|t:|1700328822\n|move|p2a: Forretress|Toxic Spikes|p1a: Amoonguss\n|-sidestart|p1: Gen6DoublesPro|move: Toxic Spikes\n|move|p1a: Amoonguss|Giga Drain|p2a: Forretress\n|-resisted|p2a: Forretress\n|-damage|p2a: Forretress|66\/100\n|\n|upkeep\n|turn|16\n|\n|t:|1700328831\n|switch|p1a: Ursaluna|Ursaluna, F|100\/100\n|-damage|p1a: Ursaluna|88\/100|[from] Spikes\n|-status|p1a: Ursaluna|psn\n|move|p2a: Forretress|Rapid Spin|p1a: Ursaluna\n|-crit|p1a: Ursaluna\n|-damage|p1a: Ursaluna|78\/100 psn\n|-boost|p2a: Forretress|spe|1\n|\n|-damage|p1a: Ursaluna|65\/100 psn|[from] psn\n|upkeep\n|turn|17\n|\n|t:|1700328847\n|move|p2a: Forretress|Spikes|p1a: Ursaluna\n|-sidestart|p1: Gen6DoublesPro|Spikes\n|move|p1a: Ursaluna|Earthquake|p2a: Forretress\n|-damage|p2a: Forretress|5\/100\n|\n|-damage|p1a: Ursaluna|53\/100 psn|[from] psn\n|upkeep\n|turn|18\n|\n|t:|1700328855\n|move|p2a: Forretress|Spikes|p1a: Ursaluna\n|-sidestart|p1: Gen6DoublesPro|Spikes\n|move|p1a: Ursaluna|Earthquake|p2a: Forretress\n|-damage|p2a: Forretress|0 fnt\n|faint|p2a: Forretress\n|\n|-damage|p1a: Ursaluna|41\/100 psn|[from] psn\n|upkeep\n|\n|t:|1700328865\n|switch|p2a: Toxapex|Toxapex, M, shiny|91\/100\n|turn|19\n|\n|t:|1700328870\n|move|p1a: Ursaluna|Earthquake|p2a: Toxapex\n|-supereffective|p2a: Toxapex\n|-damage|p2a: Toxapex|0 fnt\n|faint|p2a: Toxapex\n|\n|win|Gen6DoublesPro\n|raw|Gen6DoublesPro's rating: 1050 &rarr; <strong>1089<\/strong><br \/>(+39 for winning)\n|raw|whygg's rating: 1125 &rarr; <strong>1095<\/strong><br \/>(-30 for losing)\n|l|\u2606whygg\n","uploadtime":1700328879,"views":18,"p1id":"gen6doublespro","p2id":"whygg","formatid":"gen9ou","rating":1089,"private":0,"password":""}