{"id":"gen9ou-2000679903","p1":"alkazoth","p2":"Blast hamcleaver","format":"[Gen 9] OU","log":"|j|\u2606alkazoth\n|j|\u2606Blast hamcleaver\n|t:|1701217991\n|gametype|singles\n|player|p1|alkazoth|ballguy|1489\n|player|p2|Blast hamcleaver|janitor|1399\n|teamsize|p1|6\n|teamsize|p2|6\n|gen|9\n|tier|[Gen 9] OU\n|rated|\n|rule|Sleep Clause Mod: Limit one foe put to sleep\n|rule|Species Clause: Limit one of each Pok\u00e9mon\n|rule|OHKO Clause: OHKO moves are banned\n|rule|Evasion Items Clause: Evasion items are banned\n|rule|Evasion Moves Clause: Evasion moves are banned\n|rule|Endless Battle Clause: Forcing endless battles is banned\n|rule|HP Percentage Mod: HP is shown in percentages\n|clearpoke\n|poke|p1|Mandibuzz, F|\n|poke|p1|Bellibolt, M|\n|poke|p1|Milotic, M|\n|poke|p1|Heatran, F|\n|poke|p1|Sinistcha-Masterpiece|\n|poke|p1|Dragapult, F|\n|poke|p2|Ursaluna, M|\n|poke|p2|Ogerpon-Wellspring, F|\n|poke|p2|Ting-Lu|\n|poke|p2|Gholdengo|\n|poke|p2|Zapdos|\n|poke|p2|Great Tusk|\n|teampreview\n|inactive|Battle timer is ON: inactive players will automatically lose when time's up. (requested by Blast hamcleaver)\n|inactive|alkazoth has 120 seconds left.\n|\n|t:|1701218033\n|start\n|switch|p1a: Dragapult|Dragapult, F|100\/100\n|switch|p2a: ShoesInSpanish|Zapdos|100\/100\n|turn|1\n|\n|t:|1701218038\n|move|p1a: Dragapult|Will-O-Wisp|p2a: ShoesInSpanish\n|-status|p2a: ShoesInSpanish|brn\n|move|p2a: ShoesInSpanish|Thunder Wave|p1a: Dragapult\n|-status|p1a: Dragapult|par\n|\n|-damage|p2a: ShoesInSpanish|94\/100 brn|[from] brn\n|upkeep\n|turn|2\n|\n|t:|1701218051\n|switch|p1a: Bellibolt|Bellibolt, M|100\/100\n|move|p2a: ShoesInSpanish|Hurricane|p1a: Bellibolt\n|-resisted|p1a: Bellibolt\n|-damage|p1a: Bellibolt|80\/100\n|-start|p1a: Bellibolt|Charge|Hurricane|[from] ability: Electromorphosis\n|\n|-damage|p2a: ShoesInSpanish|88\/100 brn|[from] brn\n|upkeep\n|turn|3\n|\n|t:|1701218056\n|move|p2a: ShoesInSpanish|Volt Switch|p1a: Bellibolt\n|-resisted|p1a: Bellibolt\n|-damage|p1a: Bellibolt|66\/100\n|-start|p1a: Bellibolt|Charge|Volt Switch|[from] ability: Electromorphosis\n|\n|t:|1701218057\n|switch|p2a: PRINCEF TANKS|Ting-Lu|100\/100|[from] Volt Switch\n|-ability|p2a: PRINCEF TANKS|Vessel of Ruin\n|move|p1a: Bellibolt|Toxic|p2a: PRINCEF TANKS\n|-status|p2a: PRINCEF TANKS|tox\n|\n|-damage|p2a: PRINCEF TANKS|94\/100 tox|[from] psn\n|upkeep\n|turn|4\n|\n|t:|1701218072\n|switch|p1a: Mandibuzz|Mandibuzz, F|100\/100\n|move|p2a: PRINCEF TANKS|Spikes|p1a: Mandibuzz\n|-sidestart|p1: alkazoth|Spikes\n|\n|-heal|p2a: PRINCEF TANKS|100\/100 tox|[from] item: Leftovers\n|-damage|p2a: PRINCEF TANKS|88\/100 tox|[from] psn\n|upkeep\n|turn|5\n|\n|t:|1701218078\n|switch|p2a: Kanye|Gholdengo|100\/100\n|move|p1a: Mandibuzz|Knock Off|p2a: Kanye\n|-supereffective|p2a: Kanye\n|-damage|p2a: Kanye|53\/100\n|-enditem|p2a: Kanye|Covert Cloak|[from] move: Knock Off|[of] p1a: Mandibuzz\n|\n|upkeep\n|turn|6\n|\n|t:|1701218088\n|switch|p1a: Heatran|Heatran, F|100\/100\n|-damage|p1a: Heatran|88\/100|[from] Spikes\n|move|p2a: Kanye|Recover|p2a: Kanye\n|-heal|p2a: Kanye|100\/100\n|\n|-heal|p1a: Heatran|94\/100|[from] item: Leftovers\n|upkeep\n|turn|7\n|\n|t:|1701218096\n|switch|p2a: ShoesInSpanish|Zapdos|88\/100 brn\n|move|p1a: Heatran|Magma Storm|p2a: ShoesInSpanish\n|-damage|p2a: ShoesInSpanish|47\/100 brn\n|-activate|p2a: ShoesInSpanish|move: Magma Storm|[of] p1a: Heatran\n|\n|-heal|p1a: Heatran|100\/100|[from] item: Leftovers\n|-damage|p2a: ShoesInSpanish|41\/100 brn|[from] brn\n|-damage|p2a: ShoesInSpanish|29\/100 brn|[from] move: Magma Storm|[partiallytrapped]\n|upkeep\n|turn|8\n|\n|t:|1701218107\n|move|p2a: ShoesInSpanish|Volt Switch|p1a: Heatran\n|-damage|p1a: Heatran|81\/100\n|\n|t:|1701218115\n|switch|p2a: Lapis Lazuli|Ogerpon-Wellspring, F|100\/100|[from] Volt Switch\n|move|p1a: Heatran|Magma Storm|p2a: Lapis Lazuli|[miss]\n|-miss|p1a: Heatran|p2a: Lapis Lazuli\n|\n|-heal|p1a: Heatran|87\/100|[from] item: Leftovers\n|upkeep\n|turn|9\n|\n|t:|1701218128\n|switch|p1a: Sinistcha|Sinistcha-Masterpiece|100\/100\n|move|p2a: Lapis Lazuli|Swords Dance|p2a: Lapis Lazuli\n|-boost|p2a: Lapis Lazuli|atk|2\n|\n|upkeep\n|turn|10\n|\n|t:|1701218133\n|move|p2a: Lapis Lazuli|Ivy Cudgel|p1a: Sinistcha|[anim] Ivy Cudgel Water\n|-resisted|p1a: Sinistcha\n|-crit|p1a: Sinistcha\n|-damage|p1a: Sinistcha|35\/100\n|move|p1a: Sinistcha|Strength Sap|p2a: Lapis Lazuli\n|-unboost|p2a: Lapis Lazuli|atk|1\n|-heal|p1a: Sinistcha|100\/100\n|\n|upkeep\n|turn|11\n|\n|t:|1701218142\n|move|p2a: Lapis Lazuli|Swords Dance|p2a: Lapis Lazuli\n|-boost|p2a: Lapis Lazuli|atk|2\n|move|p1a: Sinistcha|Iron Defense|p1a: Sinistcha\n|-boost|p1a: Sinistcha|def|2\n|\n|upkeep\n|turn|12\n|\n|t:|1701218160\n|switch|p2a: PRINCEF TANKS|Ting-Lu|88\/100 tox\n|-ability|p2a: PRINCEF TANKS|Vessel of Ruin\n|move|p1a: Sinistcha|Iron Defense|p1a: Sinistcha\n|-boost|p1a: Sinistcha|def|2\n|\n|-heal|p2a: PRINCEF TANKS|94\/100 tox|[from] item: Leftovers\n|-damage|p2a: PRINCEF TANKS|88\/100 tox|[from] psn\n|upkeep\n|turn|13\n|\n|t:|1701218164\n|-terastallize|p2a: PRINCEF TANKS|Grass\n|move|p1a: Sinistcha|Matcha Gotcha|p2a: PRINCEF TANKS\n|-resisted|p2a: PRINCEF TANKS\n|-damage|p2a: PRINCEF TANKS|81\/100 tox\n|move|p2a: PRINCEF TANKS|Whirlwind|p1a: Sinistcha\n|drag|p1a: Heatran|Heatran, F|87\/100\n|-damage|p1a: Heatran|74\/100|[from] Spikes\n|\n|-heal|p1a: Heatran|81\/100|[from] item: Leftovers\n|-heal|p2a: PRINCEF TANKS|87\/100 tox|[from] item: Leftovers\n|-damage|p2a: PRINCEF TANKS|75\/100 tox|[from] psn\n|upkeep\n|turn|14\n|\n|t:|1701218180\n|switch|p1a: Mandibuzz|Mandibuzz, F|100\/100\n|switch|p2a: ShoesInSpanish|Zapdos|29\/100 brn\n|\n|-damage|p2a: ShoesInSpanish|22\/100 brn|[from] brn\n|upkeep\n|turn|15\n|\n|t:|1701218192\n|switch|p1a: Bellibolt|Bellibolt, M|66\/100\n|move|p2a: ShoesInSpanish|Roost|p2a: ShoesInSpanish\n|-heal|p2a: ShoesInSpanish|72\/100 brn\n|-singleturn|p2a: ShoesInSpanish|move: Roost\n|\n|-damage|p2a: ShoesInSpanish|66\/100 brn|[from] brn\n|upkeep\n|turn|16\n|\n|t:|1701218199\n|move|p2a: ShoesInSpanish|Volt Switch|p1a: Bellibolt\n|-resisted|p1a: Bellibolt\n|-damage|p1a: Bellibolt|52\/100\n|-start|p1a: Bellibolt|Charge|Volt Switch|[from] ability: Electromorphosis\n|\n|t:|1701218202\n|switch|p2a: Bear Force One|Ursaluna, M|100\/100|[from] Volt Switch\n|move|p1a: Bellibolt|Slack Off|p1a: Bellibolt\n|-heal|p1a: Bellibolt|100\/100\n|\n|-status|p2a: Bear Force One|brn|[from] item: Flame Orb\n|upkeep\n|turn|17\n|\n|t:|1701218214\n|switch|p1a: Mandibuzz|Mandibuzz, F|100\/100\n|move|p2a: Bear Force One|Earthquake|p1a: Mandibuzz\n|-immune|p1a: Mandibuzz\n|\n|-damage|p2a: Bear Force One|94\/100 brn|[from] brn\n|upkeep\n|turn|18\n|\n|t:|1701218217\n|move|p1a: Mandibuzz|Iron Defense|p1a: Mandibuzz\n|-boost|p1a: Mandibuzz|def|2\n|move|p2a: Bear Force One|Facade|p1a: Mandibuzz\n|-damage|p1a: Mandibuzz|66\/100\n|\n|-damage|p2a: Bear Force One|88\/100 brn|[from] brn\n|upkeep\n|turn|19\n|\n|t:|1701218220\n|move|p1a: Mandibuzz|Foul Play|p2a: Bear Force One\n|-damage|p2a: Bear Force One|41\/100 brn\n|move|p2a: Bear Force One|Swords Dance|p2a: Bear Force One\n|-boost|p2a: Bear Force One|atk|2\n|\n|-damage|p2a: Bear Force One|35\/100 brn|[from] brn\n|upkeep\n|turn|20\n|\n|t:|1701218231\n|switch|p2a: Kanye|Gholdengo|100\/100\n|move|p1a: Mandibuzz|Foul Play|p2a: Kanye\n|-supereffective|p2a: Kanye\n|-damage|p2a: Kanye|72\/100\n|\n|upkeep\n|turn|21\n|\n|t:|1701218241\n|switch|p1a: Heatran|Heatran, F|81\/100\n|-damage|p1a: Heatran|68\/100|[from] Spikes\n|move|p2a: Kanye|Nasty Plot|p2a: Kanye\n|-boost|p2a: Kanye|spa|2\n|\n|-heal|p1a: Heatran|74\/100|[from] item: Leftovers\n|upkeep\n|turn|22\n|\n|t:|1701218243\n|move|p2a: Kanye|Shadow Ball|p1a: Heatran\n|-damage|p1a: Heatran|28\/100\n|move|p1a: Heatran|Magma Storm|p2a: Kanye\n|-supereffective|p2a: Kanye\n|-damage|p2a: Kanye|0 fnt\n|faint|p2a: Kanye\n|\n|-heal|p1a: Heatran|34\/100|[from] item: Leftovers\n|upkeep\n|\n|t:|1701218256\n|switch|p2a: Lapis Lazuli|Ogerpon-Wellspring, F|100\/100\n|turn|23\n|\n|t:|1701218262\n|switch|p1a: Sinistcha|Sinistcha-Masterpiece|100\/100\n|move|p2a: Lapis Lazuli|Swords Dance|p2a: Lapis Lazuli\n|-boost|p2a: Lapis Lazuli|atk|2\n|\n|upkeep\n|turn|24\n|\n|t:|1701218271\n|move|p2a: Lapis Lazuli|Zen Headbutt|p1a: Sinistcha\n|-damage|p1a: Sinistcha|53\/100\n|move|p1a: Sinistcha|Iron Defense|p1a: Sinistcha\n|-boost|p1a: Sinistcha|def|2\n|\n|upkeep\n|turn|25\n|\n|t:|1701218276\n|move|p2a: Lapis Lazuli|Swords Dance|p2a: Lapis Lazuli\n|-boost|p2a: Lapis Lazuli|atk|2\n|move|p1a: Sinistcha|Strength Sap|p2a: Lapis Lazuli\n|-unboost|p2a: Lapis Lazuli|atk|1\n|-heal|p1a: Sinistcha|100\/100\n|\n|upkeep\n|turn|26\n|\n|t:|1701218278\n|move|p2a: Lapis Lazuli|Swords Dance|p2a: Lapis Lazuli\n|-boost|p2a: Lapis Lazuli|atk|2\n|move|p1a: Sinistcha|Iron Defense|p1a: Sinistcha\n|-boost|p1a: Sinistcha|def|2\n|\n|upkeep\n|turn|27\n|\n|t:|1701218284\n|move|p2a: Lapis Lazuli|Zen Headbutt|p1a: Sinistcha\n|-damage|p1a: Sinistcha|74\/100\n|move|p1a: Sinistcha|Iron Defense|p1a: Sinistcha\n|-boost|p1a: Sinistcha|def|2\n|\n|upkeep\n|turn|28\n|\n|t:|1701218292\n|move|p2a: Lapis Lazuli|Ivy Cudgel|p1a: Sinistcha|[anim] Ivy Cudgel Water\n|-resisted|p1a: Sinistcha\n|-damage|p1a: Sinistcha|55\/100\n|move|p1a: Sinistcha|Strength Sap|p2a: Lapis Lazuli\n|-unboost|p2a: Lapis Lazuli|atk|1\n|-heal|p1a: Sinistcha|100\/100\n|\n|upkeep\n|turn|29\n|\n|t:|1701218296\n|move|p2a: Lapis Lazuli|Ivy Cudgel|p1a: Sinistcha|[anim] Ivy Cudgel Water\n|-resisted|p1a: Sinistcha\n|-damage|p1a: Sinistcha|83\/100\n|move|p1a: Sinistcha|Matcha Gotcha|p2a: Lapis Lazuli\n|-damage|p2a: Lapis Lazuli|61\/100\n|-heal|p1a: Sinistcha|100\/100|[from] drain|[of] p2a: Lapis Lazuli\n|\n|upkeep\n|turn|30\n|\n|t:|1701218305\n|move|p2a: Lapis Lazuli|Ivy Cudgel|p1a: Sinistcha|[anim] Ivy Cudgel Water\n|-resisted|p1a: Sinistcha\n|-damage|p1a: Sinistcha|84\/100\n|move|p1a: Sinistcha|Matcha Gotcha|p2a: Lapis Lazuli\n|-damage|p2a: Lapis Lazuli|25\/100\n|-heal|p1a: Sinistcha|99\/100|[from] drain|[of] p2a: Lapis Lazuli\n|\n|upkeep\n|turn|31\n|\n|t:|1701218313\n|move|p2a: Lapis Lazuli|Ivy Cudgel|p1a: Sinistcha|[anim] Ivy Cudgel Water\n|-resisted|p1a: Sinistcha\n|-crit|p1a: Sinistcha\n|-damage|p1a: Sinistcha|8\/100\n|move|p1a: Sinistcha|Shadow Ball|p2a: Lapis Lazuli\n|-crit|p2a: Lapis Lazuli\n|-damage|p2a: Lapis Lazuli|0 fnt\n|faint|p2a: Lapis Lazuli\n|\n|upkeep\n|-message|Blast hamcleaver forfeited.\n|\n|win|alkazoth\n|raw|alkazoth's rating: 1489 &rarr; <strong>1504<\/strong><br \/>(+15 for winning)\n|raw|Blast hamcleaver's rating: 1399 &rarr; <strong>1384<\/strong><br \/>(-15 for losing)\n|l|\u2606Blast hamcleaver\n","uploadtime":1701218325,"views":1,"p1id":"alkazoth","p2id":"blasthamcleaver","formatid":"gen9ou","rating":1384,"private":0,"password":""}