{"id":"gen9ou-1996590393","p1":"KeeganBartends","p2":"Malikoff","format":"[Gen 9] OU","log":"|j|\u2606KeeganBartends\n|j|\u2606Malikoff\n|t:|1700697876\n|gametype|singles\n|player|p1|KeeganBartends|169|1331\n|player|p2|Malikoff|265|1376\n|teamsize|p1|6\n|teamsize|p2|6\n|gen|9\n|tier|[Gen 9] OU\n|rated|\n|rule|Sleep Clause Mod: Limit one foe put to sleep\n|rule|Species Clause: Limit one of each Pok\u00e9mon\n|rule|OHKO Clause: OHKO moves are banned\n|rule|Evasion Items Clause: Evasion items are banned\n|rule|Evasion Moves Clause: Evasion moves are banned\n|rule|Endless Battle Clause: Forcing endless battles is banned\n|rule|HP Percentage Mod: HP is shown in percentages\n|clearpoke\n|poke|p1|Weavile, F|\n|poke|p1|Weezing-Galar, F|\n|poke|p1|Alomomola, M|\n|poke|p1|Ting-Lu|\n|poke|p1|Corviknight, M|\n|poke|p1|Dondozo, F|\n|poke|p2|Pelipper, M|\n|poke|p2|Barraskewda, F|\n|poke|p2|Kingambit, F|\n|poke|p2|Amoonguss, M|\n|poke|p2|Thundurus-Therian, M|\n|poke|p2|Greninja-*, M|\n|teampreview\n|\n|t:|1700697887\n|start\n|switch|p1a: Weezing|Weezing-Galar, F|100\/100\n|switch|p2a: Pelipper|Pelipper, M|100\/100\n|-ability|p1a: Weezing|Neutralizing Gas\n|turn|1\n|inactive|Battle timer is ON: inactive players will automatically lose when time's up. (requested by KeeganBartends)\n|\n|t:|1700697894\n|move|p1a: Weezing|Sludge Bomb|p2a: Pelipper\n|-damage|p2a: Pelipper|59\/100\n|move|p2a: Pelipper|U-turn|p1a: Weezing\n|-resisted|p1a: Weezing\n|-damage|p1a: Weezing|99\/100\n|\n|t:|1700697913\n|switch|p2a: Barraskewda|Barraskewda, F|100\/100|[from] U-turn\n|\n|upkeep\n|turn|2\n|\n|t:|1700697934\n|move|p2a: Barraskewda|Psychic Fangs|p1a: Weezing\n|-supereffective|p1a: Weezing\n|-damage|p1a: Weezing|42\/100\n|move|p1a: Weezing|Will-O-Wisp|p2a: Barraskewda\n|-status|p2a: Barraskewda|brn\n|\n|-damage|p2a: Barraskewda|94\/100 brn|[from] brn\n|upkeep\n|turn|3\n|\n|t:|1700697944\n|switch|p2a: Amoonguss|Amoonguss, M|100\/100\n|move|p1a: Weezing|Pain Split|p2a: Amoonguss\n|-sethp|p2a: Amoonguss|66\/100|[from] move: Pain Split|[silent]\n|-sethp|p1a: Weezing|86\/100|[from] move: Pain Split\n|\n|-heal|p2a: Amoonguss|72\/100|[from] item: Black Sludge\n|upkeep\n|turn|4\n|\n|t:|1700697954\n|-end|p1a: Weezing|ability: Neutralizing Gas\n|switch|p1a: Corviknight|Corviknight, M|100\/100\n|-ability|p1a: Corviknight|Pressure\n|move|p2a: Amoonguss|Spore|p1a: Corviknight\n|-status|p1a: Corviknight|slp|[from] move: Spore\n|\n|-heal|p2a: Amoonguss|78\/100|[from] item: Black Sludge\n|upkeep\n|turn|5\n|\n|t:|1700697964\n|switch|p1a: Ting-Lu|Ting-Lu|100\/100\n|-ability|p1a: Ting-Lu|Vessel of Ruin\n|switch|p2a: Pelipper|Pelipper, M|59\/100\n|-weather|RainDance|[from] ability: Drizzle|[of] p2a: Pelipper\n|\n|-weather|RainDance|[upkeep]\n|upkeep\n|turn|6\n|\n|t:|1700697973\n|move|p1a: Ting-Lu|Stealth Rock|p2a: Pelipper\n|-sidestart|p2: Malikoff|move: Stealth Rock\n|move|p2a: Pelipper|U-turn|p1a: Ting-Lu\n|-supereffective|p1a: Ting-Lu\n|-damage|p1a: Ting-Lu|90\/100\n|\n|t:|1700697982\n|switch|p2a: Greninja|Greninja, M|100\/100|[from] U-turn\n|-damage|p2a: Greninja|88\/100|[from] Stealth Rock\n|\n|-weather|RainDance|[upkeep]\n|-heal|p1a: Ting-Lu|96\/100|[from] item: Leftovers\n|upkeep\n|turn|7\n|\n|t:|1700697995\n|move|p1a: Ting-Lu|Protect|p1a: Ting-Lu\n|-singleturn|p1a: Ting-Lu|Protect\n|move|p2a: Greninja|Surf|p1a: Ting-Lu\n|-activate|p1a: Ting-Lu|move: Protect\n|\n|-weather|RainDance|[upkeep]\n|-heal|p1a: Ting-Lu|100\/100|[from] item: Leftovers\n|upkeep\n|turn|8\n|\n|t:|1700698002\n|move|p2a: Greninja|Surf|p1a: Ting-Lu\n|-supereffective|p1a: Ting-Lu\n|-damage|p1a: Ting-Lu|40\/100\n|-damage|p2a: Greninja|78\/100|[from] item: Life Orb\n|move|p1a: Ting-Lu|Spikes|p2a: Greninja\n|-sidestart|p2: Malikoff|Spikes\n|\n|-weather|RainDance|[upkeep]\n|-heal|p1a: Ting-Lu|46\/100|[from] item: Leftovers\n|upkeep\n|turn|9\n|\n|t:|1700698011\n|move|p1a: Ting-Lu|Protect|p1a: Ting-Lu\n|-singleturn|p1a: Ting-Lu|Protect\n|move|p2a: Greninja|Surf|p1a: Ting-Lu\n|-activate|p1a: Ting-Lu|move: Protect\n|\n|-weather|RainDance|[upkeep]\n|-heal|p1a: Ting-Lu|52\/100|[from] item: Leftovers\n|upkeep\n|turn|10\n|\n|t:|1700698021\n|switch|p1a: Alomomola|Alomomola, M|100\/100\n|-terastallize|p2a: Greninja|Water\n|move|p2a: Greninja|Surf|p1a: Alomomola\n|-resisted|p1a: Alomomola\n|-damage|p1a: Alomomola|53\/100\n|-damage|p2a: Greninja|69\/100|[from] item: Life Orb\n|\n|-weather|RainDance|[upkeep]\n|-heal|p1a: Alomomola|59\/100|[from] item: Leftovers\n|upkeep\n|turn|11\n|\n|t:|1700698032\n|move|p2a: Greninja|Dark Pulse|p1a: Alomomola\n|-damage|p1a: Alomomola|19\/100\n|-damage|p2a: Greninja|59\/100|[from] item: Life Orb\n|move|p1a: Alomomola|Flip Turn|p2a: Greninja\n|-resisted|p2a: Greninja\n|-damage|p2a: Greninja|40\/100\n|\n|t:|1700698048\n|switch|p1a: Weavile|Weavile, F|100\/100|[from] Flip Turn\n|-ability|p1a: Weavile|Pressure\n|\n|-weather|RainDance|[upkeep]\n|upkeep\n|turn|12\n|\n|t:|1700698059\n|switch|p2a: Kingambit|Kingambit, F|100\/100\n|-damage|p2a: Kingambit|94\/100|[from] Stealth Rock\n|-damage|p2a: Kingambit|82\/100|[from] Spikes\n|move|p1a: Weavile|Knock Off|p2a: Kingambit\n|-resisted|p2a: Kingambit\n|-damage|p2a: Kingambit|69\/100\n|-enditem|p2a: Kingambit|Leftovers|[from] move: Knock Off|[of] p1a: Weavile\n|\n|-weather|none\n|upkeep\n|turn|13\n|\n|t:|1700698069\n|move|p1a: Weavile|Substitute|p1a: Weavile\n|-start|p1a: Weavile|Substitute\n|-damage|p1a: Weavile|76\/100\n|move|p2a: Kingambit|Swords Dance|p2a: Kingambit\n|-boost|p2a: Kingambit|atk|2\n|\n|-heal|p1a: Weavile|82\/100|[from] item: Leftovers\n|upkeep\n|turn|14\n|\n|t:|1700698076\n|move|p1a: Weavile|Protect|p1a: Weavile\n|-singleturn|p1a: Weavile|Protect\n|move|p2a: Kingambit|Iron Head|p1a: Weavile\n|-activate|p1a: Weavile|move: Protect\n|\n|-heal|p1a: Weavile|88\/100|[from] item: Leftovers\n|upkeep\n|turn|15\n|\n|t:|1700698083\n|move|p1a: Weavile|Knock Off|p2a: Kingambit\n|-resisted|p2a: Kingambit\n|-damage|p2a: Kingambit|60\/100\n|move|p2a: Kingambit|Iron Head|p1a: Weavile\n|-supereffective|p1a: Weavile\n|-crit|p1a: Weavile\n|-end|p1a: Weavile|Substitute\n|\n|-heal|p1a: Weavile|94\/100|[from] item: Leftovers\n|upkeep\n|turn|16\n|\n|t:|1700698092\n|switch|p1a: Corviknight|Corviknight, M|100\/100 slp\n|-ability|p1a: Corviknight|Pressure\n|move|p2a: Kingambit|Iron Head|p1a: Corviknight\n|-resisted|p1a: Corviknight\n|-damage|p1a: Corviknight|73\/100 slp\n|-damage|p2a: Kingambit|43\/100|[from] item: Rocky Helmet|[of] p1a: Corviknight\n|\n|upkeep\n|turn|17\n|\n|t:|1700698101\n|cant|p1a: Corviknight|slp\n|move|p2a: Kingambit|Kowtow Cleave|p1a: Corviknight\n|-damage|p1a: Corviknight|21\/100 slp\n|-damage|p2a: Kingambit|26\/100|[from] item: Rocky Helmet|[of] p1a: Corviknight\n|\n|upkeep\n|turn|18\n|\n|t:|1700698107\n|-curestatus|p1a: Corviknight|slp|[msg]\n|move|p1a: Corviknight|Roost|p1a: Corviknight\n|-heal|p1a: Corviknight|71\/100\n|-singleturn|p1a: Corviknight|move: Roost\n|move|p2a: Kingambit|Kowtow Cleave|p1a: Corviknight\n|-damage|p1a: Corviknight|16\/100\n|-damage|p2a: Kingambit|10\/100|[from] item: Rocky Helmet|[of] p1a: Corviknight\n|\n|upkeep\n|turn|19\n|\n|t:|1700698117\n|move|p1a: Corviknight|Roost|p1a: Corviknight\n|-heal|p1a: Corviknight|66\/100\n|-singleturn|p1a: Corviknight|move: Roost\n|move|p2a: Kingambit|Kowtow Cleave|p1a: Corviknight\n|-damage|p1a: Corviknight|11\/100\n|-damage|p2a: Kingambit|0 fnt|[from] item: Rocky Helmet|[of] p1a: Corviknight\n|faint|p2a: Kingambit\n|-end|p2a: Kingambit|fallenundefined|[silent]\n|\n|upkeep\n|\n|t:|1700698126\n|switch|p2a: Pelipper|Pelipper, M|59\/100\n|-damage|p2a: Pelipper|34\/100|[from] Stealth Rock\n|-weather|RainDance|[from] ability: Drizzle|[of] p2a: Pelipper\n|turn|20\n|\n|t:|1700698132\n|move|p1a: Corviknight|Roost|p1a: Corviknight\n|-heal|p1a: Corviknight|61\/100\n|-singleturn|p1a: Corviknight|move: Roost\n|move|p2a: Pelipper|Roost|p2a: Pelipper\n|-heal|p2a: Pelipper|84\/100\n|-singleturn|p2a: Pelipper|move: Roost\n|\n|-weather|RainDance|[upkeep]\n|upkeep\n|turn|21\n|\n|t:|1700698140\n|move|p1a: Corviknight|Iron Defense|p1a: Corviknight\n|-boost|p1a: Corviknight|def|2\n|move|p2a: Pelipper|U-turn|p1a: Corviknight\n|-resisted|p1a: Corviknight\n|-damage|p1a: Corviknight|60\/100\n|-damage|p2a: Pelipper|68\/100|[from] item: Rocky Helmet|[of] p1a: Corviknight\n|\n|t:|1700698148\n|switch|p2a: Thundurus|Thundurus-Therian, M|100\/100|[from] U-turn\n|\n|-weather|RainDance|[upkeep]\n|upkeep\n|turn|22\n|\n|t:|1700698159\n|switch|p1a: Ting-Lu|Ting-Lu|52\/100\n|-ability|p1a: Ting-Lu|Vessel of Ruin\n|move|p2a: Thundurus|Nasty Plot|p2a: Thundurus\n|-boost|p2a: Thundurus|spa|2\n|\n|-weather|RainDance|[upkeep]\n|-heal|p1a: Ting-Lu|58\/100|[from] item: Leftovers\n|upkeep\n|turn|23\n|\n|t:|1700698172\n|move|p2a: Thundurus|Nasty Plot|p2a: Thundurus\n|-boost|p2a: Thundurus|spa|2\n|move|p1a: Ting-Lu|Spikes|p2a: Thundurus\n|-sidestart|p2: Malikoff|Spikes\n|\n|-weather|RainDance|[upkeep]\n|-heal|p1a: Ting-Lu|65\/100|[from] item: Leftovers\n|upkeep\n|turn|24\n|\n|t:|1700698178\n|move|p1a: Ting-Lu|Protect|p1a: Ting-Lu\n|-singleturn|p1a: Ting-Lu|Protect\n|move|p2a: Thundurus|Nasty Plot|p2a: Thundurus\n|-boost|p2a: Thundurus|spa|2\n|\n|-weather|RainDance|[upkeep]\n|-heal|p1a: Ting-Lu|71\/100|[from] item: Leftovers\n|upkeep\n|turn|25\n|\n|t:|1700698192\n|move|p2a: Thundurus|Weather Ball|p1a: Ting-Lu\n|-supereffective|p1a: Ting-Lu\n|-damage|p1a: Ting-Lu|0 fnt\n|faint|p1a: Ting-Lu\n|\n|-weather|RainDance|[upkeep]\n|upkeep\n|\n|t:|1700698194\n|switch|p1a: Dondozo|Dondozo, F|100\/100\n|turn|26\n|\n|t:|1700698201\n|-terastallize|p1a: Dondozo|Dark\n|move|p2a: Thundurus|Thunder|p1a: Dondozo\n|-damage|p1a: Dondozo|63\/100\n|move|p1a: Dondozo|Avalanche|p2a: Thundurus\n|-supereffective|p2a: Thundurus\n|-damage|p2a: Thundurus|15\/100\n|\n|-weather|RainDance|[upkeep]\n|upkeep\n|turn|27\n|\n|t:|1700698210\n|move|p2a: Thundurus|Weather Ball|p1a: Dondozo\n|-damage|p1a: Dondozo|24\/100\n|move|p1a: Dondozo|Avalanche|p2a: Thundurus\n|-supereffective|p2a: Thundurus\n|-damage|p2a: Thundurus|0 fnt\n|faint|p2a: Thundurus\n|\n|-weather|none\n|upkeep\n|\n|t:|1700698219\n|switch|p2a: Pelipper|Pelipper, M|68\/100\n|-damage|p2a: Pelipper|43\/100|[from] Stealth Rock\n|-weather|RainDance|[from] ability: Drizzle|[of] p2a: Pelipper\n|turn|28\n|\n|t:|1700698225\n|move|p2a: Pelipper|U-turn|p1a: Dondozo\n|-supereffective|p1a: Dondozo\n|-damage|p1a: Dondozo|13\/100\n|\n|t:|1700698228\n|switch|p2a: Amoonguss|Amoonguss, M|100\/100|[from] U-turn\n|-damage|p2a: Amoonguss|88\/100|[from] Stealth Rock\n|-damage|p2a: Amoonguss|72\/100|[from] Spikes\n|move|p1a: Dondozo|Rest|p1a: Dondozo\n|-status|p1a: Dondozo|slp|[from] move: Rest\n|-heal|p1a: Dondozo|100\/100 slp|[silent]\n|\n|-weather|RainDance|[upkeep]\n|-heal|p2a: Amoonguss|78\/100|[from] item: Black Sludge\n|upkeep\n|turn|29\n|\n|t:|1700698241\n|switch|p2a: Barraskewda|Barraskewda, F|94\/100 brn\n|-damage|p2a: Barraskewda|82\/100 brn|[from] Stealth Rock\n|-damage|p2a: Barraskewda|66\/100 brn|[from] Spikes\n|cant|p1a: Dondozo|slp\n|\n|-weather|RainDance|[upkeep]\n|-damage|p2a: Barraskewda|60\/100 brn|[from] brn\n|upkeep\n|turn|30\n|\n|t:|1700698251\n|switch|p1a: Corviknight|Corviknight, M|60\/100\n|-ability|p1a: Corviknight|Pressure\n|move|p2a: Barraskewda|Close Combat|p1a: Corviknight\n|-damage|p1a: Corviknight|38\/100\n|-unboost|p2a: Barraskewda|def|1\n|-unboost|p2a: Barraskewda|spd|1\n|-damage|p2a: Barraskewda|43\/100 brn|[from] item: Rocky Helmet|[of] p1a: Corviknight\n|\n|-weather|RainDance|[upkeep]\n|-damage|p2a: Barraskewda|37\/100 brn|[from] brn\n|upkeep\n|turn|31\n|\n|t:|1700698263\n|move|p2a: Barraskewda|Close Combat|p1a: Corviknight\n|-damage|p1a: Corviknight|16\/100\n|-unboost|p2a: Barraskewda|def|1\n|-unboost|p2a: Barraskewda|spd|1\n|-damage|p2a: Barraskewda|21\/100 brn|[from] item: Rocky Helmet|[of] p1a: Corviknight\n|move|p1a: Corviknight|Roost|p1a: Corviknight\n|-heal|p1a: Corviknight|66\/100\n|-singleturn|p1a: Corviknight|move: Roost\n|\n|-weather|RainDance|[upkeep]\n|-damage|p2a: Barraskewda|15\/100 brn|[from] brn\n|upkeep\n|turn|32\n|-message|Malikoff forfeited.\n|\n|win|KeeganBartends\n|raw|KeeganBartends's rating: 1331 &rarr; <strong>1354<\/strong><br \/>(+23 for winning)\n|raw|Malikoff's rating: 1376 &rarr; <strong>1353<\/strong><br \/>(-23 for losing)\n|l|\u2606Malikoff\n","uploadtime":1700698285,"views":3,"p1id":"keeganbartends","p2id":"malikoff","formatid":"gen9ou","rating":1353,"private":0,"password":""}