{"id":"gen9ou-1989776376","p1":"littensalt","p2":"TR23 testing","format":"[Gen 9] OU","log":"|j|\u2606littensalt\n|j|\u2606TR23 testing\n|t:|1699894785\n|gametype|singles\n|player|p1|littensalt|calem|1329\n|player|p2|TR23 testing|169|1415\n|teamsize|p1|6\n|teamsize|p2|6\n|gen|9\n|tier|[Gen 9] OU\n|rated|\n|rule|Sleep Clause Mod: Limit one foe put to sleep\n|rule|Species Clause: Limit one of each Pok\u00e9mon\n|rule|OHKO Clause: OHKO moves are banned\n|rule|Evasion Items Clause: Evasion items are banned\n|rule|Evasion Moves Clause: Evasion moves are banned\n|rule|Endless Battle Clause: Forcing endless battles is banned\n|rule|HP Percentage Mod: HP is shown in percentages\n|clearpoke\n|poke|p1|Thundurus-Therian, M|\n|poke|p1|Weezing-Galar, M|\n|poke|p1|Cinderace, M|\n|poke|p1|Dragapult, F|\n|poke|p1|Greninja-*, M|\n|poke|p1|Zamazenta-*|\n|poke|p2|Gholdengo|\n|poke|p2|Glimmora, F|\n|poke|p2|Great Tusk|\n|poke|p2|Greninja-*, M|\n|poke|p2|Rillaboom, M|\n|poke|p2|Sneasler, M|\n|teampreview\n|inactive|Battle timer is ON: inactive players will automatically lose when time's up. (requested by TR23 testing)\n|\n|t:|1699894797\n|start\n|switch|p1a: 5g|Thundurus-Therian, M, shiny|100\/100\n|switch|p2a: Glimmora|Glimmora, F|100\/100\n|turn|1\n|\n|t:|1699894804\n|move|p1a: 5g|Volt Switch|p2a: Glimmora\n|-enditem|p2a: Glimmora|Focus Sash\n|-damage|p2a: Glimmora|1\/100\n|\n|t:|1699894809\n|switch|p1a: N95|Greninja, M|100\/100|[from] Volt Switch\n|move|p2a: Glimmora|Stealth Rock|p1a: N95\n|-sidestart|p1: littensalt|move: Stealth Rock\n|\n|upkeep\n|turn|2\n|\n|t:|1699894816\n|move|p1a: N95|Dark Pulse|p2a: Glimmora\n|-damage|p2a: Glimmora|0 fnt\n|faint|p2a: Glimmora\n|-ability|p1a: N95|Battle Bond|boost\n|-boost|p1a: N95|atk|1\n|-boost|p1a: N95|spa|1\n|-boost|p1a: N95|spe|1\n|-activate|p1a: N95|ability: Battle Bond\n|-damage|p1a: N95|91\/100|[from] item: Life Orb\n|\n|upkeep\n|\n|t:|1699894819\n|switch|p2a: Rillaboom|Rillaboom, M|100\/100\n|-fieldstart|move: Grassy Terrain|[from] ability: Grassy Surge|[of] p2a: Rillaboom\n|turn|3\n|\n|t:|1699894825\n|switch|p1a: wheezy outta here|Weezing-Galar, M, shiny|100\/100\n|-ability|p1a: wheezy outta here|Neutralizing Gas\n|-damage|p1a: wheezy outta here|88\/100|[from] Stealth Rock\n|move|p2a: Rillaboom|Grassy Glide|p1a: wheezy outta here\n|-resisted|p1a: wheezy outta here\n|-damage|p1a: wheezy outta here|69\/100\n|-damage|p2a: Rillaboom|84\/100|[from] item: Rocky Helmet|[of] p1a: wheezy outta here\n|\n|-heal|p2a: Rillaboom|90\/100|[from] Grassy Terrain\n|-heal|p1a: wheezy outta here|75\/100|[from] Grassy Terrain\n|upkeep\n|turn|4\n|\n|t:|1699894832\n|switch|p2a: Gholdengo|Gholdengo|100\/100\n|-item|p2a: Gholdengo|Air Balloon\n|move|p1a: wheezy outta here|Will-O-Wisp|p2a: Gholdengo\n|-status|p2a: Gholdengo|brn\n|\n|-heal|p1a: wheezy outta here|81\/100|[from] Grassy Terrain\n|-damage|p2a: Gholdengo|94\/100 brn|[from] brn\n|upkeep\n|turn|5\n|\n|t:|1699894841\n|-end|p1a: wheezy outta here|ability: Neutralizing Gas\n|switch|p1a: FRANCHISE|Cinderace, M|100\/100\n|move|p2a: Gholdengo|Nasty Plot|p2a: Gholdengo\n|-boost|p2a: Gholdengo|spa|2\n|\n|-damage|p2a: Gholdengo|88\/100 brn|[from] brn\n|upkeep\n|turn|6\n|\n|t:|1699894864\n|-terastallize|p2a: Gholdengo|Fairy\n|move|p1a: FRANCHISE|Pyro Ball|p2a: Gholdengo\n|-damage|p2a: Gholdengo|26\/100 brn\n|-enditem|p2a: Gholdengo|Air Balloon\n|move|p2a: Gholdengo|Shadow Ball|p1a: FRANCHISE\n|-damage|p1a: FRANCHISE|0 fnt\n|faint|p1a: FRANCHISE\n|\n|-heal|p2a: Gholdengo|32\/100 brn|[from] Grassy Terrain\n|-damage|p2a: Gholdengo|26\/100 brn|[from] brn\n|upkeep\n|\n|t:|1699894877\n|switch|p1a: N95|Greninja, M|91\/100\n|-damage|p1a: N95|78\/100|[from] Stealth Rock\n|turn|7\n|j| spiderkitty410\n|\n|t:|1699894889\n|move|p1a: N95|Water Shuriken|p2a: Gholdengo\n|-damage|p2a: Gholdengo|16\/100 brn\n|-damage|p2a: Gholdengo|5\/100 brn\n|-hitcount|p2a: Gholdengo|2\n|-damage|p1a: N95|69\/100|[from] item: Life Orb\n|move|p2a: Gholdengo|Shadow Ball|p1a: N95\n|-resisted|p1a: N95\n|-damage|p1a: N95|3\/100\n|\n|-heal|p1a: N95|9\/100|[from] Grassy Terrain\n|-heal|p2a: Gholdengo|11\/100 brn|[from] Grassy Terrain\n|-damage|p2a: Gholdengo|5\/100 brn|[from] brn\n|-fieldend|move: Grassy Terrain\n|upkeep\n|turn|8\n|\n|t:|1699894895\n|move|p1a: N95|Water Shuriken|p2a: Gholdengo\n|-damage|p2a: Gholdengo|0 fnt\n|faint|p2a: Gholdengo\n|-hitcount|p2: Gholdengo|1\n|-damage|p1a: N95|0 fnt|[from] item: Life Orb\n|faint|p1a: N95\n|\n|upkeep\n|\n|t:|1699894904\n|switch|p1a: KIDS SEE GHOST|Dragapult, F, shiny|100\/100\n|switch|p2a: Rillaboom|Rillaboom, M|90\/100\n|-damage|p1a: KIDS SEE GHOST|88\/100|[from] Stealth Rock\n|-fieldstart|move: Grassy Terrain|[from] ability: Grassy Surge|[of] p2a: Rillaboom\n|turn|9\n|\n|t:|1699894909\n|switch|p2a: Greninja|Greninja, M|100\/100\n|move|p1a: KIDS SEE GHOST|U-turn|p2a: Greninja\n|-supereffective|p2a: Greninja\n|-damage|p2a: Greninja|43\/100\n|\n|t:|1699894914\n|switch|p1a: november|Zamazenta|100\/100|[from] U-turn\n|-damage|p1a: november|94\/100|[from] Stealth Rock\n|-ability|p1a: november|Dauntless Shield|boost\n|-boost|p1a: november|def|1\n|\n|-heal|p1a: november|100\/100|[from] Grassy Terrain\n|-heal|p2a: Greninja|49\/100|[from] Grassy Terrain\n|upkeep\n|turn|10\n|\n|t:|1699894923\n|move|p2a: Greninja|Water Shuriken|p1a: november\n|-crit|p1a: november\n|-damage|p1a: november|89\/100\n|-damage|p1a: november|82\/100\n|-damage|p1a: november|74\/100\n|-damage|p1a: november|68\/100\n|-hitcount|p1a: november|4\n|-damage|p2a: Greninja|39\/100|[from] item: Life Orb\n|move|p1a: november|Substitute|p1a: november\n|-start|p1a: november|Substitute\n|-damage|p1a: november|43\/100\n|\n|-heal|p1a: november|49\/100|[from] Grassy Terrain\n|-heal|p1a: november|55\/100|[from] item: Leftovers\n|-heal|p2a: Greninja|45\/100|[from] Grassy Terrain\n|upkeep\n|turn|11\n|\n|t:|1699894926\n|move|p2a: Greninja|Water Shuriken|p1a: november\n|-activate|p1a: november|move: Substitute|[damage]\n|-activate|p1a: november|move: Substitute|[damage]\n|-activate|p1a: november|move: Substitute|[damage]\n|-hitcount|p1a: november|3\n|-damage|p2a: Greninja|35\/100|[from] item: Life Orb\n|move|p1a: november|Body Press|p2a: Greninja\n|-supereffective|p2a: Greninja\n|-damage|p2a: Greninja|0 fnt\n|faint|p2a: Greninja\n|\n|-heal|p1a: november|61\/100|[from] Grassy Terrain\n|-heal|p1a: november|67\/100|[from] item: Leftovers\n|upkeep\n|\n|t:|1699894936\n|switch|p2a: Sneasler|Sneasler, M|100\/100\n|-enditem|p2a: Sneasler|Grassy Seed\n|-boost|p2a: Sneasler|def|1|[from] item: Grassy Seed\n|turn|12\n|\n|t:|1699894944\n|move|p2a: Sneasler|Gunk Shot|p1a: november\n|-end|p1a: november|Substitute\n|move|p1a: november|Iron Defense|p1a: november\n|-boost|p1a: november|def|2\n|\n|-heal|p1a: november|73\/100|[from] Grassy Terrain\n|-heal|p1a: november|80\/100|[from] item: Leftovers\n|upkeep\n|turn|13\n|\n|t:|1699894954\n|move|p2a: Sneasler|Gunk Shot|p1a: november|[miss]\n|-miss|p2a: Sneasler|p1a: november\n|move|p1a: november|Substitute|p1a: november\n|-start|p1a: november|Substitute\n|-damage|p1a: november|55\/100\n|\n|-heal|p1a: november|61\/100|[from] Grassy Terrain\n|-heal|p1a: november|67\/100|[from] item: Leftovers\n|-fieldend|move: Grassy Terrain\n|upkeep\n|turn|14\n|\n|t:|1699894963\n|move|p2a: Sneasler|Gunk Shot|p1a: november\n|-activate|p1a: november|move: Substitute|[damage]\n|move|p1a: november|Iron Defense|p1a: november\n|-boost|p1a: november|def|2\n|\n|-heal|p1a: november|73\/100|[from] item: Leftovers\n|upkeep\n|turn|15\n|\n|t:|1699894967\n|move|p2a: Sneasler|Swords Dance|p2a: Sneasler\n|-boost|p2a: Sneasler|atk|2\n|move|p1a: november|Iron Defense|p1a: november\n|-boost|p1a: november|def|1\n|\n|-heal|p1a: november|79\/100|[from] item: Leftovers\n|upkeep\n|turn|16\n|c|\u2606TR23 testing|this is not okie dokie\n|\n|t:|1699894972\n|move|p2a: Sneasler|Gunk Shot|p1a: november\n|-end|p1a: november|Substitute\n|move|p1a: november|Body Press|p2a: Sneasler\n|-resisted|p2a: Sneasler\n|-crit|p2a: Sneasler\n|-damage|p2a: Sneasler|0 fnt\n|faint|p2a: Sneasler\n|\n|-heal|p1a: november|86\/100|[from] item: Leftovers\n|upkeep\n|c|\u2606littensalt|oops\n|\n|t:|1699894985\n|switch|p2a: Great Tusk|Great Tusk|100\/100\n|-enditem|p2a: Great Tusk|Booster Energy\n|-activate|p2a: Great Tusk|ability: Protosynthesis|[fromitem]\n|-start|p2a: Great Tusk|protosynthesisspe\n|turn|17\n|\n|t:|1699894989\n|move|p2a: Great Tusk|Bulk Up|p2a: Great Tusk\n|-boost|p2a: Great Tusk|atk|1\n|-boost|p2a: Great Tusk|def|1\n|move|p1a: november|Body Press|p2a: Great Tusk\n|-damage|p2a: Great Tusk|44\/100\n|\n|-heal|p1a: november|92\/100|[from] item: Leftovers\n|upkeep\n|turn|18\n|\n|t:|1699894997\n|move|p2a: Great Tusk|Bulk Up|p2a: Great Tusk\n|-boost|p2a: Great Tusk|atk|1\n|-boost|p2a: Great Tusk|def|1\n|move|p1a: november|Body Press|p2a: Great Tusk\n|-damage|p2a: Great Tusk|2\/100\n|\n|-heal|p1a: november|98\/100|[from] item: Leftovers\n|upkeep\n|turn|19\n|\n|t:|1699895002\n|move|p2a: Great Tusk|Knock Off|p1a: november\n|-resisted|p1a: november\n|-damage|p1a: november|92\/100\n|-enditem|p1a: november|Leftovers|[from] move: Knock Off|[of] p2a: Great Tusk\n|move|p1a: november|Body Press|p2a: Great Tusk\n|-damage|p2a: Great Tusk|0 fnt\n|faint|p2a: Great Tusk\n|-end|p2a: Great Tusk|Protosynthesis|[silent]\n|\n|upkeep\n|\n|t:|1699895004\n|switch|p2a: Rillaboom|Rillaboom, M|90\/100\n|-fieldstart|move: Grassy Terrain|[from] ability: Grassy Surge|[of] p2a: Rillaboom\n|turn|20\n|\n|t:|1699895007\n|move|p1a: november|Body Press|p2a: Rillaboom\n|-damage|p2a: Rillaboom|0 fnt\n|faint|p2a: Rillaboom\n|\n|win|littensalt\n|raw|littensalt's rating: 1329 &rarr; <strong>1354<\/strong><br \/>(+25 for winning)\n|raw|TR23 testing's rating: 1415 &rarr; <strong>1390<\/strong><br \/>(-25 for losing)\n|c|\u2606TR23 testing|gg gamer\n|c|\u2606littensalt|ggwp\n","uploadtime":1699895016,"views":7,"p1id":"littensalt","p2id":"tr23testing","formatid":"gen9ou","rating":1354,"private":0,"password":""}