{"id":"gen9ou-1991340529","p1":"twokofluffs","p2":"mullet boy games","format":"[Gen 9] OU","log":"|j|\u2606twokofluffs\n|j|\u2606mullet boy games\n|t:|1700069019\n|gametype|singles\n|player|p1|twokofluffs|rocketgruntf|1138\n|player|p2|mullet boy games|hilbert|1140\n|teamsize|p1|6\n|teamsize|p2|6\n|gen|9\n|tier|[Gen 9] OU\n|rated|\n|rule|Sleep Clause Mod: Limit one foe put to sleep\n|rule|Species Clause: Limit one of each Pok\u00e9mon\n|rule|OHKO Clause: OHKO moves are banned\n|rule|Evasion Items Clause: Evasion items are banned\n|rule|Evasion Moves Clause: Evasion moves are banned\n|rule|Endless Battle Clause: Forcing endless battles is banned\n|rule|HP Percentage Mod: HP is shown in percentages\n|clearpoke\n|poke|p1|Samurott-Hisui, F|\n|poke|p1|Ceruledge, F|\n|poke|p1|Thundurus-Therian, M|\n|poke|p1|Amoonguss, M|\n|poke|p1|Great Tusk|\n|poke|p1|Gholdengo|\n|poke|p2|Kingambit, F|\n|poke|p2|Iron Valiant|\n|poke|p2|Gholdengo|\n|poke|p2|Empoleon, M|\n|poke|p2|Iron Moth|\n|poke|p2|Rillaboom, F|\n|teampreview\n|inactive|Battle timer is ON: inactive players will automatically lose when time's up. (requested by mullet boy games)\n|\n|t:|1700069032\n|start\n|switch|p1a: false|Thundurus-Therian, M, shiny|100\/100\n|switch|p2a: Rillaboom|Rillaboom, F|100\/100\n|-fieldstart|move: Grassy Terrain|[from] ability: Grassy Surge|[of] p2a: Rillaboom\n|turn|1\n|inactive|mullet boy games has 120 seconds left.\n|\n|t:|1700069069\n|switch|p2a: Kingambit|Kingambit, F|100\/100\n|move|p1a: false|Volt Switch|p2a: Kingambit\n|-damage|p2a: Kingambit|63\/100\n|inactive|twokofluffs has 120 seconds left.\n|\n|t:|1700069091\n|switch|p1a: liberty|Ceruledge, F, shiny|100\/100|[from] Volt Switch\n|\n|-heal|p2a: Kingambit|70\/100|[from] Grassy Terrain\n|upkeep\n|turn|2\n|inactive|twokofluffs has 120 seconds left.\n|\n|t:|1700069102\n|move|p1a: liberty|Swords Dance|p1a: liberty\n|-boost|p1a: liberty|atk|2\n|move|p2a: Kingambit|Kowtow Cleave|p1a: liberty\n|-supereffective|p1a: liberty\n|-damage|p1a: liberty|0 fnt\n|faint|p1a: liberty\n|\n|-heal|p2a: Kingambit|76\/100|[from] Grassy Terrain\n|upkeep\n|inactive|twokofluffs has 120 seconds left.\n|\n|t:|1700069110\n|switch|p1a: diety|Amoonguss, M, shiny|100\/100\n|turn|3\n|\n|t:|1700069116\n|move|p2a: Kingambit|Kowtow Cleave|p1a: diety\n|-damage|p1a: diety|51\/100\n|-enditem|p1a: diety|Red Card|[of] p2a: Kingambit\n|-end|p2a: Kingambit|fallenundefined|[silent]\n|drag|p2a: Empoleon|Empoleon, M, shiny|100\/100\n|move|p1a: diety|Spore|p2a: Empoleon\n|-status|p2a: Empoleon|slp|[from] move: Spore\n|\n|-heal|p1a: diety|57\/100|[from] Grassy Terrain\n|upkeep\n|turn|4\n|\n|t:|1700069128\n|cant|p2a: Empoleon|slp\n|move|p1a: diety|Foul Play|p2a: Empoleon\n|-damage|p2a: Empoleon|81\/100 slp\n|-damage|p1a: diety|40\/100|[from] item: Rocky Helmet|[of] p2a: Empoleon\n|\n|-heal|p2a: Empoleon|87\/100 slp|[from] Grassy Terrain\n|-heal|p1a: diety|46\/100|[from] Grassy Terrain\n|upkeep\n|turn|5\n|\n|t:|1700069139\n|-curestatus|p2a: Empoleon|slp|[msg]\n|move|p2a: Empoleon|Stealth Rock|p1a: diety\n|-sidestart|p1: twokofluffs|move: Stealth Rock\n|move|p1a: diety|Giga Drain|p2a: Empoleon\n|-damage|p2a: Empoleon|67\/100\n|-heal|p1a: diety|55\/100|[from] drain|[of] p2a: Empoleon\n|\n|-heal|p2a: Empoleon|73\/100|[from] Grassy Terrain\n|-heal|p1a: diety|61\/100|[from] Grassy Terrain\n|-fieldend|move: Grassy Terrain\n|upkeep\n|turn|6\n|\n|t:|1700069151\n|switch|p1a: false|Thundurus-Therian, M, shiny|100\/100\n|move|p2a: Empoleon|Flip Turn|p1a: false\n|-damage|p1a: false|75\/100\n|\n|t:|1700069164\n|switch|p2a: Iron Moth|Iron Moth|100\/100|[from] Flip Turn\n|-enditem|p2a: Iron Moth|Booster Energy\n|-activate|p2a: Iron Moth|ability: Quark Drive|[fromitem]\n|-start|p2a: Iron Moth|quarkdrivespe\n|\n|upkeep\n|turn|7\n|\n|t:|1700069175\n|move|p2a: Iron Moth|Sludge Wave|p1a: false\n|-damage|p1a: false|9\/100\n|move|p1a: false|Volt Switch|p2a: Iron Moth\n|-damage|p2a: Iron Moth|62\/100\n|\n|t:|1700069182\n|switch|p1a: justice|Samurott-Hisui, F, shiny|100\/100|[from] Volt Switch\n|-damage|p1a: justice|88\/100|[from] Stealth Rock\n|\n|upkeep\n|turn|8\n|\n|t:|1700069191\n|move|p2a: Iron Moth|Dazzling Gleam|p1a: justice\n|-supereffective|p1a: justice\n|-damage|p1a: justice|3\/100\n|move|p1a: justice|Aqua Cutter|p2a: Iron Moth\n|-supereffective|p2a: Iron Moth\n|-damage|p2a: Iron Moth|0 fnt\n|faint|p2a: Iron Moth\n|-end|p2a: Iron Moth|Quark Drive|[silent]\n|\n|upkeep\n|\n|t:|1700069202\n|switch|p2a: Iron Valiant|Iron Valiant|100\/100\n|turn|9\n|\n|t:|1700069213\n|switch|p1a: diety|Amoonguss, M, shiny|94\/100\n|-damage|p1a: diety|82\/100|[from] Stealth Rock\n|move|p2a: Iron Valiant|Moonblast|p1a: diety\n|-resisted|p1a: diety\n|-damage|p1a: diety|56\/100\n|\n|upkeep\n|turn|10\n|\n|t:|1700069225\n|move|p2a: Iron Valiant|Moonblast|p1a: diety\n|-resisted|p1a: diety\n|-damage|p1a: diety|28\/100\n|move|p1a: diety|Spore|p2a: Iron Valiant\n|-status|p2a: Iron Valiant|slp|[from] move: Spore\n|\n|upkeep\n|turn|11\n|\n|t:|1700069233\n|cant|p2a: Iron Valiant|slp\n|move|p1a: diety|Giga Drain|p2a: Iron Valiant\n|-damage|p2a: Iron Valiant|59\/100 slp\n|-heal|p1a: diety|43\/100|[from] drain|[of] p2a: Iron Valiant\n|\n|upkeep\n|turn|12\n|\n|t:|1700069238\n|cant|p2a: Iron Valiant|slp\n|move|p1a: diety|Sludge Bomb|p2a: Iron Valiant\n|-supereffective|p2a: Iron Valiant\n|-damage|p2a: Iron Valiant|0 fnt\n|faint|p2a: Iron Valiant\n|-end|p2a: Iron Valiant|Quark Drive|[silent]\n|\n|upkeep\n|\n|t:|1700069247\n|switch|p2a: Kingambit|Kingambit, F|76\/100\n|-activate|p2a: Kingambit|ability: Supreme Overlord\n|-start|p2a: Kingambit|fallen2|[silent]\n|turn|13\n|\n|t:|1700069275\n|switch|p1a: GliscorK|Great Tusk, shiny|100\/100\n|-damage|p1a: GliscorK|97\/100|[from] Stealth Rock\n|move|p2a: Kingambit|Kowtow Cleave|p1a: GliscorK\n|-resisted|p1a: GliscorK\n|-damage|p1a: GliscorK|83\/100\n|\n|-heal|p1a: GliscorK|89\/100|[from] item: Leftovers\n|upkeep\n|turn|14\n|\n|t:|1700069284\n|-end|p2a: Kingambit|fallen2|[silent]\n|switch|p2a: Rillaboom|Rillaboom, F|100\/100\n|-fieldstart|move: Grassy Terrain|[from] ability: Grassy Surge|[of] p2a: Rillaboom\n|move|p1a: GliscorK|Rapid Spin|p2a: Rillaboom\n|-damage|p2a: Rillaboom|84\/100\n|-boost|p1a: GliscorK|spe|1\n|-sideend|p1: twokofluffs|Stealth Rock|[from] move: Rapid Spin|[of] p1a: GliscorK\n|\n|-heal|p1a: GliscorK|96\/100|[from] Grassy Terrain\n|-heal|p1a: GliscorK|100\/100|[from] item: Leftovers\n|-heal|p2a: Rillaboom|90\/100|[from] Grassy Terrain\n|upkeep\n|turn|15\n|\n|t:|1700069303\n|move|p1a: GliscorK|Ice Spinner|p2a: Rillaboom\n|-supereffective|p2a: Rillaboom\n|-damage|p2a: Rillaboom|36\/100\n|-fieldend|move: Grassy Terrain\n|move|p2a: Rillaboom|Wood Hammer|p1a: GliscorK\n|-supereffective|p1a: GliscorK\n|-damage|p1a: GliscorK|24\/100\n|-damage|p2a: Rillaboom|4\/100|[from] Recoil\n|\n|-heal|p1a: GliscorK|30\/100|[from] item: Leftovers\n|upkeep\n|turn|16\n|inactive|twokofluffs has 120 seconds left.\n|\n|t:|1700069324\n|switch|p2a: Empoleon|Empoleon, M, shiny|73\/100\n|move|p1a: GliscorK|Stealth Rock|p2a: Empoleon\n|-sidestart|p2: mullet boy games|move: Stealth Rock\n|\n|-heal|p1a: GliscorK|36\/100|[from] item: Leftovers\n|upkeep\n|turn|17\n|inactive|twokofluffs has 120 seconds left.\n|\n|t:|1700069333\n|move|p1a: GliscorK|Earthquake|p2a: Empoleon\n|-supereffective|p2a: Empoleon\n|-damage|p2a: Empoleon|0 fnt\n|faint|p2a: Empoleon\n|\n|-heal|p1a: GliscorK|42\/100|[from] item: Leftovers\n|upkeep\n|\n|t:|1700069337\n|switch|p2a: Rillaboom|Rillaboom, F|4\/100\n|-damage|p2a: Rillaboom|0 fnt|[from] Stealth Rock\n|faint|p2a: Rillaboom\n|\n|t:|1700069342\n|switch|p2a: Kingambit|Kingambit, F|76\/100\n|-damage|p2a: Kingambit|70\/100|[from] Stealth Rock\n|-activate|p2a: Kingambit|ability: Supreme Overlord\n|-start|p2a: Kingambit|fallen4|[silent]\n|turn|18\n|\n|t:|1700069353\n|-end|p1a: GliscorK|Protosynthesis|[silent]\n|switch|p1a: diety|Amoonguss, M, shiny|76\/100\n|move|p2a: Kingambit|Iron Head|p1a: diety\n|-damage|p1a: diety|18\/100\n|\n|upkeep\n|turn|19\n|\n|t:|1700069362\n|move|p2a: Kingambit|Kowtow Cleave|p1a: diety\n|-damage|p1a: diety|0 fnt\n|faint|p1a: diety\n|\n|upkeep\n|\n|t:|1700069366\n|switch|p1a: hope|Gholdengo, shiny|100\/100\n|turn|20\n|\n|t:|1700069376\n|move|p2a: Kingambit|Sucker Punch|p1a: hope\n|-supereffective|p1a: hope\n|-damage|p1a: hope|21\/100\n|move|p1a: hope|Make It Rain|p2a: Kingambit\n|-resisted|p2a: Kingambit\n|-damage|p2a: Kingambit|45\/100\n|-unboost|p1a: hope|spa|1\n|\n|-heal|p1a: hope|27\/100|[from] item: Leftovers\n|upkeep\n|turn|21\n|\n|t:|1700069391\n|switch|p1a: false|Thundurus-Therian, M, shiny|9\/100\n|move|p2a: Kingambit|Kowtow Cleave|p1a: false\n|-damage|p1a: false|0 fnt\n|faint|p1a: false\n|\n|upkeep\n|\n|t:|1700069401\n|switch|p1a: GliscorK|Great Tusk, shiny|42\/100\n|turn|22\n|\n|t:|1700069408\n|-terastallize|p2a: Kingambit|Fairy\n|move|p1a: GliscorK|Earthquake|p2a: Kingambit\n|-damage|p2a: Kingambit|13\/100\n|move|p2a: Kingambit|Iron Head|p1a: GliscorK\n|-damage|p1a: GliscorK|7\/100\n|\n|-heal|p1a: GliscorK|13\/100|[from] item: Leftovers\n|upkeep\n|turn|23\n|\n|t:|1700069419\n|move|p2a: Kingambit|Sucker Punch|p1a: GliscorK\n|-resisted|p1a: GliscorK\n|-damage|p1a: GliscorK|0 fnt\n|faint|p1a: GliscorK\n|-end|p1a: GliscorK|Protosynthesis|[silent]\n|\n|upkeep\n|\n|t:|1700069423\n|switch|p1a: justice|Samurott-Hisui, F, shiny|3\/100\n|turn|24\n|\n|t:|1700069427\n|move|p2a: Kingambit|Sucker Punch|p1a: justice\n|-resisted|p1a: justice\n|-damage|p1a: justice|0 fnt\n|faint|p1a: justice\n|\n|upkeep\n|\n|t:|1700069430\n|switch|p1a: hope|Gholdengo, shiny|27\/100\n|turn|25\n|\n|t:|1700069435\n|move|p2a: Kingambit|Sucker Punch||[still]\n|-fail|p2a: Kingambit\n|move|p1a: hope|Recover|p1a: hope\n|-heal|p1a: hope|77\/100\n|\n|-heal|p1a: hope|83\/100|[from] item: Leftovers\n|upkeep\n|turn|26\n|\n|t:|1700069449\n|-terastallize|p1a: hope|Fairy\n|move|p1a: hope|Nasty Plot|p1a: hope\n|-boost|p1a: hope|spa|2\n|move|p2a: Kingambit|Kowtow Cleave|p1a: hope\n|-resisted|p1a: hope\n|-damage|p1a: hope|59\/100\n|\n|-heal|p1a: hope|65\/100|[from] item: Leftovers\n|upkeep\n|turn|27\n|\n|t:|1700069457\n|move|p1a: hope|Shadow Ball|p2a: Kingambit\n|-damage|p2a: Kingambit|0 fnt\n|faint|p2a: Kingambit\n|-end|p2a: Kingambit|fallen4|[silent]\n|\n|-heal|p1a: hope|71\/100|[from] item: Leftovers\n|upkeep\n|\n|t:|1700069460\n|switch|p2a: Gholdengo|Gholdengo|100\/100\n|-damage|p2a: Gholdengo|94\/100|[from] Stealth Rock\n|turn|28\n|\n|t:|1700069464\n|move|p2a: Gholdengo|Make It Rain|p1a: hope\n|-supereffective|p1a: hope\n|-damage|p1a: hope|0 fnt\n|-unboost|p2a: Gholdengo|spa|1\n|faint|p1a: hope\n|\n|win|mullet boy games\n|raw|twokofluffs's rating: 1138 &rarr; <strong>1113<\/strong><br \/>(-25 for losing)\n|raw|mullet boy games's rating: 1140 &rarr; <strong>1165<\/strong><br \/>(+25 for winning)\n|l|\u2606twokofluffs\n","uploadtime":1700069471,"views":7,"p1id":"twokofluffs","p2id":"mulletboygames","formatid":"gen9ou","rating":1113,"private":0,"password":""}