{"id":"gen9ou-1994510338","p1":"MrWashin","p2":"soy bebe","format":"[Gen 9] OU","log":"|j|\u2606MrWashin\n|j|\u2606soy bebe\n|t:|1700452549\n|gametype|singles\n|player|p1|MrWashin|brawly|1281\n|player|p2|soy bebe|roxanne|1403\n|teamsize|p1|6\n|teamsize|p2|6\n|gen|9\n|tier|[Gen 9] OU\n|rated|\n|rule|Sleep Clause Mod: Limit one foe put to sleep\n|rule|Species Clause: Limit one of each Pok\u00e9mon\n|rule|OHKO Clause: OHKO moves are banned\n|rule|Evasion Items Clause: Evasion items are banned\n|rule|Evasion Moves Clause: Evasion moves are banned\n|rule|Endless Battle Clause: Forcing endless battles is banned\n|rule|HP Percentage Mod: HP is shown in percentages\n|clearpoke\n|poke|p1|Manaphy|\n|poke|p1|Gholdengo|\n|poke|p1|Great Tusk|\n|poke|p1|Ogerpon-Cornerstone, F|\n|poke|p1|Maushold-Four|\n|poke|p1|Ninetales-Alola, M|\n|poke|p2|Politoed, M|\n|poke|p2|Zapdos|\n|poke|p2|Iron Treads|\n|poke|p2|Basculegion-F, F|\n|poke|p2|Quaquaval, M|\n|poke|p2|Meowscarada, F|\n|teampreview\n|\n|t:|1700452580\n|start\n|switch|p1a: Maushold|Maushold-Four|100\/100\n|switch|p2a: PoliSwirl~|Politoed, M, shiny|100\/100\n|-weather|RainDance|[from] ability: Drizzle|[of] p2a: PoliSwirl~\n|turn|1\n|\n|t:|1700452589\n|switch|p2a: Golden Girl|Basculegion-F, F, shiny|100\/100\n|move|p1a: Maushold|Population Bomb|p2a: Golden Girl\n|-immune|p2a: Golden Girl\n|\n|-weather|RainDance|[upkeep]\n|upkeep\n|turn|2\n|\n|t:|1700452603\n|move|p2a: Golden Girl|Surf|p1a: Maushold\n|-damage|p1a: Maushold|0 fnt\n|faint|p1a: Maushold\n|\n|-weather|RainDance|[upkeep]\n|upkeep\n|\n|t:|1700452605\n|switch|p1a: Ninetales|Ninetales-Alola, M|100\/100\n|-weather|Snow|[from] ability: Snow Warning|[of] p1a: Ninetales\n|turn|3\n|\n|t:|1700452612\n|switch|p2a: PoliSwirl~|Politoed, M, shiny|100\/100\n|-weather|RainDance|[from] ability: Drizzle|[of] p2a: PoliSwirl~\n|move|p1a: Ninetales|Moonblast|p2a: PoliSwirl~\n|-damage|p2a: PoliSwirl~|69\/100\n|\n|-weather|RainDance|[upkeep]\n|upkeep\n|turn|4\n|\n|t:|1700452627\n|switch|p2a: Silly Cayt|Meowscarada, F, shiny|100\/100\n|move|p1a: Ninetales|Moonblast|p2a: Silly Cayt\n|-supereffective|p2a: Silly Cayt\n|-damage|p2a: Silly Cayt|0 fnt\n|faint|p2a: Silly Cayt\n|\n|-weather|RainDance|[upkeep]\n|upkeep\n|\n|t:|1700452634\n|switch|p2a: Treadtianna|Iron Treads, shiny|100\/100\n|-enditem|p2a: Treadtianna|Booster Energy\n|-activate|p2a: Treadtianna|ability: Quark Drive|[fromitem]\n|-start|p2a: Treadtianna|quarkdrivespe\n|turn|5\n|\n|t:|1700452639\n|switch|p1a: Manaphy|Manaphy|100\/100\n|move|p2a: Treadtianna|Iron Head|p1a: Manaphy\n|-resisted|p1a: Manaphy\n|-damage|p1a: Manaphy|85\/100\n|\n|-weather|RainDance|[upkeep]\n|-heal|p1a: Manaphy|91\/100|[from] item: Leftovers\n|upkeep\n|turn|6\n|\n|t:|1700452642\n|move|p2a: Treadtianna|Stealth Rock|p1a: Manaphy\n|-sidestart|p1: MrWashin|move: Stealth Rock\n|move|p1a: Manaphy|Take Heart|p1a: Manaphy\n|-boost|p1a: Manaphy|spa|1\n|-boost|p1a: Manaphy|spd|1\n|\n|-weather|RainDance|[upkeep]\n|-heal|p1a: Manaphy|98\/100|[from] item: Leftovers\n|upkeep\n|turn|7\n|\n|t:|1700452646\n|move|p2a: Treadtianna|Earthquake|p1a: Manaphy\n|-damage|p1a: Manaphy|60\/100\n|move|p1a: Manaphy|Scald|p2a: Treadtianna\n|-supereffective|p2a: Treadtianna\n|-damage|p2a: Treadtianna|0 fnt\n|faint|p2a: Treadtianna\n|-end|p2a: Treadtianna|Quark Drive|[silent]\n|\n|-weather|RainDance|[upkeep]\n|-heal|p1a: Manaphy|66\/100|[from] item: Leftovers\n|upkeep\n|j| KeybladeMasterRiku\n|\n|t:|1700452657\n|switch|p2a: Golden Girl|Basculegion-F, F, shiny|100\/100\n|turn|8\n|c|\u2606MrWashin|greetings\n|\n|t:|1700452665\n|-terastallize|p2a: Golden Girl|Water\n|move|p2a: Golden Girl|Hydro Pump|p1a: Manaphy\n|-resisted|p1a: Manaphy\n|-damage|p1a: Manaphy|23\/100\n|move|p1a: Manaphy|Take Heart|p1a: Manaphy\n|-boost|p1a: Manaphy|spa|1\n|-boost|p1a: Manaphy|spd|1\n|\n|-weather|RainDance|[upkeep]\n|-heal|p1a: Manaphy|29\/100|[from] item: Leftovers\n|upkeep\n|turn|9\n|\n|t:|1700452672\n|move|p2a: Golden Girl|Hydro Pump|p1a: Manaphy\n|-resisted|p1a: Manaphy\n|-damage|p1a: Manaphy|0 fnt\n|faint|p1a: Manaphy\n|\n|-weather|RainDance|[upkeep]\n|upkeep\n|c|\u2606soy bebe|hello\n|\n|t:|1700452677\n|switch|p1a: Ninetales|Ninetales-Alola, M|100\/100\n|-damage|p1a: Ninetales|76\/100|[from] Stealth Rock\n|-weather|Snow|[from] ability: Snow Warning|[of] p1a: Ninetales\n|turn|10\n|\n|t:|1700452683\n|switch|p2a: PoliSwirl~|Politoed, M, shiny|69\/100\n|-weather|RainDance|[from] ability: Drizzle|[of] p2a: PoliSwirl~\n|move|p1a: Ninetales|Moonblast|p2a: PoliSwirl~\n|-damage|p2a: PoliSwirl~|39\/100\n|-unboost|p2a: PoliSwirl~|spa|1\n|\n|-weather|RainDance|[upkeep]\n|upkeep\n|turn|11\n|\n|t:|1700452692\n|move|p1a: Ninetales|Moonblast|p2a: PoliSwirl~\n|-damage|p2a: PoliSwirl~|9\/100\n|-unboost|p2a: PoliSwirl~|spa|1\n|move|p2a: PoliSwirl~|Rest|p2a: PoliSwirl~\n|-status|p2a: PoliSwirl~|slp|[from] move: Rest\n|-heal|p2a: PoliSwirl~|100\/100 slp|[silent]\n|\n|-weather|RainDance|[upkeep]\n|upkeep\n|turn|12\n|\n|t:|1700452699\n|switch|p2a: Golden Girl|Basculegion-F, F, shiny, tera:Water|100\/100\n|move|p1a: Ninetales|Encore||[still]\n|-fail|p1a: Ninetales\n|\n|-weather|RainDance|[upkeep]\n|upkeep\n|turn|13\n|\n|t:|1700452708\n|switch|p1a: Great Tusk|Great Tusk|100\/100\n|move|p2a: Golden Girl|Surf|p1a: Great Tusk\n|-supereffective|p1a: Great Tusk\n|-damage|p1a: Great Tusk|0 fnt\n|faint|p1a: Great Tusk\n|-end|p1a: Great Tusk|Protosynthesis|[silent]\n|\n|-weather|RainDance|[upkeep]\n|upkeep\n|\n|t:|1700452710\n|switch|p1a: Ninetales|Ninetales-Alola, M|76\/100\n|-damage|p1a: Ninetales|51\/100|[from] Stealth Rock\n|-weather|Snow|[from] ability: Snow Warning|[of] p1a: Ninetales\n|turn|14\n|\n|t:|1700452715\n|switch|p1a: Ogerpon|Ogerpon-Cornerstone, F|100\/100\n|-damage|p1a: Ogerpon|88\/100|[from] Stealth Rock\n|switch|p2a: PoliSwirl~|Politoed, M, shiny|100\/100 slp\n|-weather|RainDance|[from] ability: Drizzle|[of] p2a: PoliSwirl~\n|\n|-weather|RainDance|[upkeep]\n|upkeep\n|turn|15\n|\n|t:|1700452723\n|switch|p2a: Tempo|Zapdos, shiny|100\/100\n|move|p1a: Ogerpon|Horn Leech|p2a: Tempo\n|-resisted|p2a: Tempo\n|-damage|p2a: Tempo|79\/100\n|-heal|p1a: Ogerpon|100\/100|[from] drain|[of] p2a: Tempo\n|-status|p1a: Ogerpon|par|[from] ability: Static|[of] p2a: Tempo\n|\n|-weather|RainDance|[upkeep]\n|upkeep\n|turn|16\n|\n|t:|1700452729\n|move|p2a: Tempo|Hurricane|p1a: Ogerpon\n|-damage|p1a: Ogerpon|48\/100 par\n|-start|p1a: Ogerpon|confusion\n|-activate|p1a: Ogerpon|confusion\n|-damage|p1a: Ogerpon|32\/100 par|[from] confusion\n|\n|-weather|RainDance|[upkeep]\n|upkeep\n|turn|17\n|-message|MrWashin forfeited.\n|\n|win|soy bebe\n|raw|MrWashin's rating: 1281 &rarr; <strong>1264<\/strong><br \/>(-17 for losing)\n|raw|soy bebe's rating: 1403 &rarr; <strong>1416<\/strong><br \/>(+13 for winning)\n|l|\u2606MrWashin\n","uploadtime":1700452741,"views":11,"p1id":"mrwashin","p2id":"soybebe","formatid":"gen9ou","rating":1264,"private":0,"password":""}