{"id":"gen9ou-1989356968","p1":"Kenn2409","p2":"DreamyFleur","format":"[Gen 9] OU","log":"|j|\u2606Kenn2409\n|j|\u2606DreamyFleur\n|inactive|Battle timer is ON: inactive players will automatically lose when time's up.\n|t:|1699840226\n|gametype|singles\n|player|p1|Kenn2409|2|\n|player|p2|DreamyFleur|tulip|\n|teamsize|p1|4\n|teamsize|p2|4\n|gen|9\n|tier|[Gen 9] OU\n|rated|Tournament battle\n|rule|Sleep Clause Mod: Limit one foe put to sleep\n|rule|Species Clause: Limit one of each Pok\u00e9mon\n|rule|OHKO Clause: OHKO moves are banned\n|rule|Evasion Items Clause: Evasion items are banned\n|rule|Evasion Moves Clause: Evasion moves are banned\n|rule|Endless Battle Clause: Forcing endless battles is banned\n|rule|HP Percentage Mod: HP is shown in percentages\n|clearpoke\n|poke|p1|Corviknight, M|\n|poke|p1|Phanpy, M|\n|poke|p1|Drakloak, F|\n|poke|p1|Pawmo, F|\n|poke|p2|Cinderace, F|\n|poke|p2|Vigoroth, M|\n|poke|p2|Sewaddle, F|\n|poke|p2|Quaxwell, F|\n|teampreview\n|j|*Lady Monita \u2746\n|inactive|DreamyFleur also wants the timer to be on.\n|j| Im dumb srly\n|c|\u2606DreamyFleur|hf\n|\n|t:|1699840243\n|start\n|switch|p1a: Phanpy|Phanpy, M|100\/100\n|switch|p2a: Quaxwell|Quaxwell, F, shiny|100\/100\n|turn|1\n|\n|t:|1699840250\n|move|p2a: Quaxwell|Aqua Cutter|p1a: Phanpy\n|-supereffective|p1a: Phanpy\n|-damage|p1a: Phanpy|63\/100\n|move|p1a: Phanpy|Knock Off|p2a: Quaxwell\n|-damage|p2a: Quaxwell|86\/100\n|-enditem|p2a: Quaxwell|Eviolite|[from] move: Knock Off|[of] p1a: Phanpy\n|\n|upkeep\n|turn|2\n|\n|t:|1699840258\n|switch|p1a: Pawmo|Pawmo, F|100\/100\n|move|p2a: Quaxwell|Aqua Cutter|p1a: Pawmo\n|-crit|p1a: Pawmo\n|-damage|p1a: Pawmo|58\/100\n|\n|upkeep\n|turn|3\n|\n|t:|1699840270\n|move|p1a: Pawmo|Fake Out|p2a: Quaxwell\n|-damage|p2a: Quaxwell|76\/100\n|cant|p2a: Quaxwell|flinch\n|\n|upkeep\n|turn|4\n|\n|t:|1699840283\n|move|p1a: Pawmo|Thunder Punch|p2a: Quaxwell\n|-supereffective|p2a: Quaxwell\n|-damage|p2a: Quaxwell|4\/100\n|move|p2a: Quaxwell|Brave Bird|p1a: Pawmo\n|-damage|p1a: Pawmo|25\/100\n|-damage|p2a: Quaxwell|0 fnt|[from] Recoil\n|faint|p2a: Quaxwell\n|\n|upkeep\n|\n|t:|1699840287\n|switch|p2a: Vigoroth|Vigoroth, M, shiny|100\/100\n|turn|5\n|j| Card of the joker\n|\n|t:|1699840295\n|move|p2a: Vigoroth|Body Slam|p1a: Pawmo\n|-damage|p1a: Pawmo|0 fnt\n|faint|p1a: Pawmo\n|\n|upkeep\n|\n|t:|1699840306\n|switch|p1a: Corviknight|Corviknight, M|100\/100\n|turn|6\n|\n|t:|1699840311\n|switch|p2a: Cinderace|Cinderace, F, shiny|100\/100\n|move|p1a: Corviknight|Bulk Up|p1a: Corviknight\n|-boost|p1a: Corviknight|atk|1\n|-boost|p1a: Corviknight|def|1\n|\n|upkeep\n|turn|7\n|\n|t:|1699840328\n|-terastallize|p2a: Cinderace|Fire\n|-terastallize|p1a: Corviknight|Ground\n|move|p2a: Cinderace|Pyro Ball|p1a: Corviknight\n|-damage|p1a: Corviknight|56\/100\n|-damage|p2a: Cinderace|91\/100|[from] item: Life Orb\n|move|p1a: Corviknight|Body Press|p2a: Cinderace\n|-damage|p2a: Cinderace|40\/100\n|\n|-heal|p1a: Corviknight|62\/100|[from] item: Leftovers\n|upkeep\n|turn|8\n|\n|t:|1699840339\n|switch|p2a: Sewaddle|Sewaddle, F, shiny|100\/100\n|move|p1a: Corviknight|Body Press|p2a: Sewaddle\n|-resisted|p2a: Sewaddle\n|-damage|p2a: Sewaddle|75\/100\n|\n|-heal|p1a: Corviknight|68\/100|[from] item: Leftovers\n|upkeep\n|turn|9\n|\n|t:|1699840350\n|switch|p1a: Phanpy|Phanpy, M|63\/100\n|move|p2a: Sewaddle|Energy Ball|p1a: Phanpy\n|-supereffective|p1a: Phanpy\n|-crit|p1a: Phanpy\n|-damage|p1a: Phanpy|0 fnt\n|faint|p1a: Phanpy\n|\n|upkeep\n|\n|t:|1699840358\n|switch|p1a: Drakloak|Drakloak, F|100\/100\n|turn|10\n|\n|t:|1699840367\n|move|p1a: Drakloak|Phantom Force||[still]\n|-prepare|p1a: Drakloak|Phantom Force\n|move|p2a: Sewaddle|Charm|p1a: Drakloak|[miss]\n|-miss|p2a: Sewaddle|p1a: Drakloak\n|\n|upkeep\n|turn|11\n|\n|t:|1699840372\n|switch|p2a: Vigoroth|Vigoroth, M, shiny|100\/100\n|move|p1a: Drakloak|Phantom Force|p2a: Vigoroth|[from]lockedmove\n|-immune|p2a: Vigoroth\n|\n|upkeep\n|turn|12\n|j| odasagi12345\n|\n|t:|1699840383\n|move|p1a: Drakloak|Outrage|p2a: Vigoroth\n|-damage|p2a: Vigoroth|57\/100\n|move|p2a: Vigoroth|Gunk Shot|p1a: Drakloak\n|-resisted|p1a: Drakloak\n|-damage|p1a: Drakloak|77\/100\n|-status|p1a: Drakloak|psn\n|\n|-damage|p1a: Drakloak|65\/100 psn|[from] psn\n|upkeep\n|turn|13\n|\n|t:|1699840391\n|move|p1a: Drakloak|Outrage|p2a: Vigoroth|[from]lockedmove\n|-damage|p2a: Vigoroth|18\/100\n|-start|p1a: Drakloak|confusion|[fatigue]\n|move|p2a: Vigoroth|Gunk Shot|p1a: Drakloak\n|-resisted|p1a: Drakloak\n|-damage|p1a: Drakloak|45\/100 psn\n|-start|p2a: Vigoroth|Disable|Gunk Shot|[from] ability: Cursed Body|[of] p1a: Drakloak\n|\n|-damage|p1a: Drakloak|33\/100 psn|[from] psn\n|upkeep\n|turn|14\n|\n|t:|1699840401\n|-activate|p1a: Drakloak|confusion\n|move|p1a: Drakloak|Sucker Punch|p2a: Vigoroth\n|-damage|p2a: Vigoroth|0 fnt\n|faint|p2a: Vigoroth\n|\n|-damage|p1a: Drakloak|20\/100 psn|[from] psn\n|upkeep\n|\n|t:|1699840410\n|switch|p2a: Cinderace|Cinderace, F, shiny, tera:Fire|40\/100\n|turn|15\n|\n|t:|1699840419\n|switch|p2a: Sewaddle|Sewaddle, F, shiny|75\/100\n|-activate|p1a: Drakloak|confusion\n|-damage|p1a: Drakloak|0 fnt|[from] confusion\n|faint|p1a: Drakloak\n|\n|upkeep\n|\n|t:|1699840425\n|switch|p1a: Corviknight|Corviknight, M, tera:Ground|68\/100\n|turn|16\n|\n|t:|1699840430\n|move|p1a: Corviknight|Brave Bird|p2a: Sewaddle\n|-supereffective|p2a: Sewaddle\n|-damage|p2a: Sewaddle|0 fnt\n|faint|p2a: Sewaddle\n|-damage|p1a: Corviknight|50\/100|[from] Recoil\n|\n|-heal|p1a: Corviknight|57\/100|[from] item: Leftovers\n|upkeep\n|\n|t:|1699840432\n|switch|p2a: Cinderace|Cinderace, F, shiny, tera:Fire|40\/100\n|turn|17\n|\n|t:|1699840439\n|move|p2a: Cinderace|Pyro Ball|p1a: Corviknight\n|-damage|p1a: Corviknight|0 fnt\n|faint|p1a: Corviknight\n|-damage|p2a: Cinderace|30\/100|[from] item: Life Orb\n|\n|win|DreamyFleur\n|n|\u2606Kenn2409|kenn2409\n|n|\u2606DreamyFleur|dreamyfleur\n|n|*Lady Monita \u2746|ladymonita\n|n| Im dumb srly|imdumbsrly\n|n| Card of the joker|cardofthejoker\n|n| odasagi12345|odasagi12345\n","uploadtime":1699840440,"views":6,"p1id":"kenn2409","p2id":"dreamyfleur","formatid":"gen9ou","rating":0,"private":0,"password":""}