{"id":"gen9ou-1995514326","p1":"mauricio3173","p2":"DiffusedTurtle","format":"[Gen 9] OU","log":"|j|\u2606mauricio3173\n|j|\u2606DiffusedTurtle\n|t:|1700578792\n|gametype|singles\n|player|p1|mauricio3173|265|1678\n|player|p2|DiffusedTurtle|musician|1724\n|teamsize|p1|6\n|teamsize|p2|6\n|gen|9\n|tier|[Gen 9] OU\n|rated|\n|rule|Sleep Clause Mod: Limit one foe put to sleep\n|rule|Species Clause: Limit one of each Pok\u00e9mon\n|rule|OHKO Clause: OHKO moves are banned\n|rule|Evasion Items Clause: Evasion items are banned\n|rule|Evasion Moves Clause: Evasion moves are banned\n|rule|Endless Battle Clause: Forcing endless battles is banned\n|rule|HP Percentage Mod: HP is shown in percentages\n|clearpoke\n|poke|p1|Weezing-Galar, M|\n|poke|p1|Ceruledge, M|\n|poke|p1|Dragapult, F|\n|poke|p1|Ursaluna, F|\n|poke|p1|Rillaboom, M|\n|poke|p1|Kingambit, M|\n|poke|p2|Ceruledge, F|\n|poke|p2|Cinderace, F|\n|poke|p2|Ninetales-Alola, M|\n|poke|p2|Manaphy|\n|poke|p2|Samurott-Hisui, F|\n|poke|p2|Zamazenta-*|\n|teampreview\n|inactive|Battle timer is ON: inactive players will automatically lose when time's up. (requested by DiffusedTurtle)\n|c|\u2606DiffusedTurtle|glhf\n|\n|t:|1700578803\n|start\n|switch|p1a: Weezing|Weezing-Galar, M, shiny|100\/100\n|switch|p2a: number five|Samurott-Hisui, F|100\/100\n|-ability|p1a: Weezing|Neutralizing Gas\n|turn|1\n|j| dfghhhg\n|c|\u2606mauricio3173|g\u00f1hf\n|\n|t:|1700578819\n|switch|p2a: my one desire|Cinderace, F|100\/100\n|move|p1a: Weezing|Strange Steam|p2a: my one desire\n|-resisted|p2a: my one desire\n|-damage|p2a: my one desire|85\/100\n|\n|upkeep\n|turn|2\n|\n|t:|1700578828\n|-end|p1a: Weezing|ability: Neutralizing Gas\n|switch|p1a: Ceruledge|Ceruledge, M|100\/100\n|move|p2a: my one desire|Pyro Ball|p1a: Ceruledge\n|-resisted|p1a: Ceruledge\n|-damage|p1a: Ceruledge|67\/100\n|-ability|p1a: Ceruledge|Weak Armor|boost\n|-unboost|p1a: Ceruledge|def|1\n|-boost|p1a: Ceruledge|spe|2\n|\n|upkeep\n|turn|3\n|\n|t:|1700578845\n|move|p1a: Ceruledge|Swords Dance|p1a: Ceruledge\n|-boost|p1a: Ceruledge|atk|2\n|move|p2a: my one desire|Pyro Ball|p1a: Ceruledge\n|-resisted|p1a: Ceruledge\n|-damage|p1a: Ceruledge|14\/100\n|-ability|p1a: Ceruledge|Weak Armor|boost\n|-unboost|p1a: Ceruledge|def|1\n|-boost|p1a: Ceruledge|spe|2\n|\n|upkeep\n|turn|4\n|inactive|DiffusedTurtle has 120 seconds left.\n|inactive|DiffusedTurtle has 90 seconds left.\n|\n|t:|1700578912\n|switch|p2a: believe when i say|Ninetales-Alola, M|100\/100\n|-weather|Snow|[from] ability: Snow Warning|[of] p2a: believe when i say\n|move|p1a: Ceruledge|Poltergeist|p2a: believe when i say\n|-activate|p2a: believe when i say|move: Poltergeist|Light Clay\n|-damage|p2a: believe when i say|7\/100\n|\n|-weather|Snow|[upkeep]\n|upkeep\n|turn|5\n|inactive|mauricio3173 has 120 seconds left.\n|\n|t:|1700578942\n|move|p1a: Ceruledge|Bitter Blade|p2a: believe when i say\n|-supereffective|p2a: believe when i say\n|-damage|p2a: believe when i say|0 fnt\n|-heal|p1a: Ceruledge|17\/100|[from] drain|[of] p2a: believe when i say\n|faint|p2a: believe when i say\n|\n|-weather|Snow|[upkeep]\n|upkeep\n|\n|t:|1700578947\n|switch|p2a: number five|Samurott-Hisui, F|100\/100\n|turn|6\n|\n|t:|1700578950\n|move|p1a: Ceruledge|Shadow Sneak|p2a: number five\n|-resisted|p2a: number five\n|-damage|p2a: number five|71\/100\n|move|p2a: number five|Ceaseless Edge|p1a: Ceruledge\n|-supereffective|p1a: Ceruledge\n|-damage|p1a: Ceruledge|0 fnt\n|-sidestart|p1: mauricio3173|Spikes\n|faint|p1a: Ceruledge\n|\n|-weather|Snow|[upkeep]\n|upkeep\n|\n|t:|1700578955\n|switch|p1a: Weezing|Weezing-Galar, M, shiny|100\/100\n|-ability|p1a: Weezing|Neutralizing Gas\n|-damage|p1a: Weezing|88\/100|[from] Spikes\n|turn|7\n|\n|t:|1700578965\n|move|p2a: number five|Knock Off|p1a: Weezing\n|-resisted|p1a: Weezing\n|-damage|p1a: Weezing|74\/100\n|-enditem|p1a: Weezing|Leftovers|[from] move: Knock Off|[of] p2a: number five\n|move|p1a: Weezing|Defog|p2a: number five\n|-unboost|p2a: number five|evasion|1\n|-sideend|p1: mauricio3173|Spikes|[from] move: Defog|[of] p1a: Weezing\n|\n|-weather|Snow|[upkeep]\n|upkeep\n|turn|8\n|inactive|DiffusedTurtle has 120 seconds left.\n|\n|t:|1700578971\n|move|p2a: number five|Ceaseless Edge|p1a: Weezing|[miss]\n|-miss|p2a: number five|p1a: Weezing\n|move|p1a: Weezing|Will-O-Wisp|p2a: number five\n|-status|p2a: number five|brn\n|\n|-weather|none\n|-damage|p2a: number five|65\/100 brn|[from] brn\n|upkeep\n|turn|9\n|\n|t:|1700578975\n|move|p2a: number five|Ceaseless Edge|p1a: Weezing\n|-resisted|p1a: Weezing\n|-damage|p1a: Weezing|70\/100\n|-sidestart|p1: mauricio3173|Spikes\n|move|p1a: Weezing|Strange Steam|p2a: number five\n|-supereffective|p2a: number five\n|-damage|p2a: number five|0 fnt\n|faint|p2a: number five\n|\n|upkeep\n|\n|t:|1700578981\n|switch|p2a: my one desire|Cinderace, F|85\/100\n|turn|10\n|\n|t:|1700578984\n|-end|p1a: Weezing|ability: Neutralizing Gas\n|switch|p1a: Dragapult|Dragapult, F|100\/100\n|-damage|p1a: Dragapult|88\/100|[from] Spikes\n|move|p2a: my one desire|Pyro Ball|p1a: Dragapult\n|-resisted|p1a: Dragapult\n|-damage|p1a: Dragapult|56\/100\n|\n|upkeep\n|turn|11\n|\n|t:|1700579004\n|switch|p2a: i want it that way|Manaphy|100\/100\n|move|p1a: Dragapult|Draco Meteor|p2a: i want it that way|[miss]\n|-miss|p1a: Dragapult|p2a: i want it that way\n|\n|upkeep\n|turn|12\n|inactive|mauricio3173 has 120 seconds left.\n|c|\u2606DiffusedTurtle|mb\n|\n|t:|1700579052\n|-terastallize|p1a: Dragapult|Dragon\n|move|p1a: Dragapult|Draco Meteor|p2a: i want it that way\n|-damage|p2a: i want it that way|10\/100\n|-unboost|p1a: Dragapult|spa|2\n|move|p2a: i want it that way|Take Heart|p2a: i want it that way\n|-boost|p2a: i want it that way|spa|1\n|-boost|p2a: i want it that way|spd|1\n|\n|-heal|p2a: i want it that way|16\/100|[from] item: Leftovers\n|upkeep\n|turn|13\n|\n|t:|1700579061\n|move|p1a: Dragapult|Draco Meteor|p2a: i want it that way\n|-damage|p2a: i want it that way|0 fnt\n|-unboost|p1a: Dragapult|spa|2\n|faint|p2a: i want it that way\n|\n|upkeep\n|inactive|DiffusedTurtle has 120 seconds left.\n|\n|t:|1700579090\n|switch|p2a: my one desire|Cinderace, F|85\/100\n|turn|14\n|\n|t:|1700579100\n|switch|p1a: Weezing|Weezing-Galar, M, shiny|70\/100\n|-ability|p1a: Weezing|Neutralizing Gas\n|-damage|p1a: Weezing|57\/100|[from] Spikes\n|move|p2a: my one desire|U-turn|p1a: Weezing\n|-resisted|p1a: Weezing\n|-damage|p1a: Weezing|55\/100\n|\n|t:|1700579105\n|switch|p2a: you are my fire|Ceruledge, F|100\/100|[from] U-turn\n|\n|upkeep\n|turn|15\n|\n|t:|1700579109\n|move|p2a: you are my fire|Swords Dance|p2a: you are my fire\n|-boost|p2a: you are my fire|atk|2\n|move|p1a: Weezing|Defog|p2a: you are my fire\n|-unboost|p2a: you are my fire|evasion|1\n|-sideend|p1: mauricio3173|Spikes|[from] move: Defog|[of] p1a: Weezing\n|\n|upkeep\n|turn|16\n|\n|t:|1700579114\n|move|p2a: you are my fire|Bitter Blade|p1a: Weezing\n|-damage|p1a: Weezing|0 fnt\n|faint|p1a: Weezing\n|-end|p1a: Weezing|ability: Neutralizing Gas\n|\n|upkeep\n|\n|t:|1700579124\n|switch|p1a: Ursaluna|Ursaluna, F|100\/100\n|turn|17\n|\n|t:|1700579132\n|-terastallize|p2a: you are my fire|Flying\n|move|p2a: you are my fire|Bitter Blade|p1a: Ursaluna\n|-damage|p1a: Ursaluna|28\/100\n|move|p1a: Ursaluna|Headlong Rush|p2a: you are my fire\n|-immune|p2a: you are my fire\n|\n|-status|p1a: Ursaluna|brn|[from] item: Flame Orb\n|upkeep\n|turn|18\n|\n|t:|1700579137\n|move|p2a: you are my fire|Bitter Blade|p1a: Ursaluna\n|-damage|p1a: Ursaluna|0 fnt\n|faint|p1a: Ursaluna\n|\n|upkeep\n|c|\u2606mauricio3173|damn\n|\n|t:|1700579142\n|switch|p1a: Dragapult|Dragapult, F, tera:Dragon|56\/100\n|turn|19\n|\n|t:|1700579151\n|move|p1a: Dragapult|Draco Meteor|p2a: you are my fire\n|-enditem|p2a: you are my fire|Focus Sash\n|-damage|p2a: you are my fire|1\/100\n|-unboost|p1a: Dragapult|spa|2\n|move|p2a: you are my fire|Bitter Blade|p1a: Dragapult\n|-resisted|p1a: Dragapult\n|-damage|p1a: Dragapult|0 fnt\n|-heal|p2a: you are my fire|31\/100|[from] drain|[of] p1a: Dragapult\n|faint|p1a: Dragapult\n|\n|upkeep\n|\n|t:|1700579155\n|switch|p1a: Kingambit|Kingambit, M|100\/100\n|-activate|p1a: Kingambit|ability: Supreme Overlord\n|-start|p1a: Kingambit|fallen4|[silent]\n|turn|20\n|\n|t:|1700579160\n|move|p1a: Kingambit|Sucker Punch||[still]\n|-fail|p1a: Kingambit\n|move|p2a: you are my fire|Destiny Bond|p2a: you are my fire\n|-singlemove|p2a: you are my fire|Destiny Bond\n|\n|upkeep\n|turn|21\n|-message|mauricio3173 forfeited.\n|\n|win|DiffusedTurtle\n|raw|mauricio3173's rating: 1678 &rarr; <strong>1661<\/strong><br \/>(-17 for losing)\n|raw|DiffusedTurtle's rating: 1724 &rarr; <strong>1741<\/strong><br \/>(+17 for winning)\n|l|\u2606mauricio3173\n|c|\u2606DiffusedTurtle|gg\n","uploadtime":1700579175,"views":14,"p1id":"mauricio3173","p2id":"diffusedturtle","formatid":"gen9ou","rating":1661,"private":0,"password":""}