{"id":"gen9ou-1996253381","p1":"FreeGiza","p2":"ReallyBadGuy","format":"[Gen 9] OU","log":"|j|\u2606FreeGiza\n|j|\u2606ReallyBadGuy\n|t:|1700664293\n|gametype|singles\n|player|p1|FreeGiza|blackbelt-gen4dp|1073\n|player|p2|ReallyBadGuy|shadowtriad|1115\n|teamsize|p1|6\n|teamsize|p2|6\n|gen|9\n|tier|[Gen 9] OU\n|rated|\n|rule|Sleep Clause Mod: Limit one foe put to sleep\n|rule|Species Clause: Limit one of each Pok\u00e9mon\n|rule|OHKO Clause: OHKO moves are banned\n|rule|Evasion Items Clause: Evasion items are banned\n|rule|Evasion Moves Clause: Evasion moves are banned\n|rule|Endless Battle Clause: Forcing endless battles is banned\n|rule|HP Percentage Mod: HP is shown in percentages\n|clearpoke\n|poke|p1|Abomasnow, M|\n|poke|p1|Dragonite, F|\n|poke|p1|Dragapult, M|\n|poke|p1|Frosmoth, F|\n|poke|p1|Slowking-Galar, M|\n|poke|p1|Garchomp, M|\n|poke|p2|Torkoal, M|\n|poke|p2|Lilligant-Hisui, F|\n|poke|p2|Walking Wake|\n|poke|p2|Garganacl, M|\n|poke|p2|Great Tusk|\n|poke|p2|Corviknight, F|\n|teampreview\n|inactive|Battle timer is ON: inactive players will automatically lose when time's up. (requested by ReallyBadGuy)\n|\n|t:|1700664310\n|start\n|switch|p1a: Slowking|Slowking-Galar, M|100\/100\n|switch|p2a: Garganacl|Garganacl, M|100\/100\n|turn|1\n|\n|t:|1700664332\n|move|p2a: Garganacl|Curse|p2a: Garganacl\n|-unboost|p2a: Garganacl|spe|1\n|-boost|p2a: Garganacl|atk|1\n|-boost|p2a: Garganacl|def|1\n|move|p1a: Slowking|Thunder Wave|p2a: Garganacl\n|-immune|p2a: Garganacl|[from] ability: Purifying Salt\n|\n|upkeep\n|turn|2\n|inactive|FreeGiza has 120 seconds left.\n|inactive|FreeGiza has 90 seconds left.\n|\n|t:|1700664382\n|move|p1a: Slowking|Chilly Reception|p1a: Slowking\n|-weather|Snow\n|inactive|FreeGiza has 90 seconds left.\n|l|\u2606FreeGiza\n|inactive|FreeGiza disconnected and has a minute to reconnect!\n|player|p1|\n|inactive|FreeGiza has 30 seconds to reconnect!\n|j|\u2606FreeGiza\n|inactive|FreeGiza reconnected and has 40 seconds left.\n|player|p1|FreeGiza|blackbelt-gen4dp\n|inactive|FreeGiza has 30 seconds left.\n|inactive|FreeGiza has 20 seconds left.\n|\n|t:|1700664460\n|switch|p1a: Frosmoth|Frosmoth, F|100\/100|[from] Chilly Reception\n|move|p2a: Garganacl|Curse|p2a: Garganacl\n|-unboost|p2a: Garganacl|spe|1\n|-boost|p2a: Garganacl|atk|1\n|-boost|p2a: Garganacl|def|1\n|\n|-weather|Snow|[upkeep]\n|upkeep\n|turn|3\n|inactive|FreeGiza has 30 seconds left this turn.\n|\n|t:|1700664469\n|-terastallize|p1a: Frosmoth|Ground\n|move|p1a: Frosmoth|Quiver Dance|p1a: Frosmoth\n|-boost|p1a: Frosmoth|spa|1\n|-boost|p1a: Frosmoth|spd|1\n|-boost|p1a: Frosmoth|spe|1\n|move|p2a: Garganacl|Salt Cure|p1a: Frosmoth\n|-resisted|p1a: Frosmoth\n|-damage|p1a: Frosmoth|77\/100\n|-start|p1a: Frosmoth|Salt Cure\n|\n|-weather|Snow|[upkeep]\n|-damage|p1a: Frosmoth|65\/100|[from] Salt Cure\n|upkeep\n|turn|4\n|inactive|FreeGiza has 30 seconds left.\n|\n|t:|1700664480\n|move|p1a: Frosmoth|Tera Blast|p2a: Garganacl|[anim] Tera Blast Ground\n|-supereffective|p2a: Garganacl\n|-damage|p2a: Garganacl|4\/100\n|move|p2a: Garganacl|Earthquake|p1a: Frosmoth\n|-damage|p1a: Frosmoth|0 fnt\n|faint|p1a: Frosmoth\n|\n|-weather|Snow|[upkeep]\n|-heal|p2a: Garganacl|10\/100|[from] item: Leftovers\n|upkeep\n|inactive|FreeGiza has 30 seconds left.\n|inactive|FreeGiza has 20 seconds left.\n|\n|t:|1700664499\n|switch|p1a: Dragapult|Dragapult, M|100\/100\n|turn|5\n|inactive|FreeGiza has 30 seconds left this turn.\n|\n|t:|1700664504\n|move|p1a: Dragapult|U-turn|p2a: Garganacl\n|-damage|p2a: Garganacl|2\/100\n|\n|t:|1700664507\n|switch|p1a: Slowking|Slowking-Galar, M|100\/100|[from] U-turn\n|move|p2a: Garganacl|Recover|p2a: Garganacl\n|-heal|p2a: Garganacl|52\/100\n|\n|-weather|Snow|[upkeep]\n|-heal|p2a: Garganacl|58\/100|[from] item: Leftovers\n|upkeep\n|turn|6\n|\n|t:|1700664521\n|move|p1a: Slowking|Future Sight|p2a: Garganacl\n|-start|p1a: Slowking|move: Future Sight\n|move|p2a: Garganacl|Recover|p2a: Garganacl\n|-heal|p2a: Garganacl|100\/100\n|\n|-weather|none\n|upkeep\n|turn|7\n|\n|t:|1700664526\n|move|p1a: Slowking|Focus Blast|p2a: Garganacl|[miss]\n|-miss|p1a: Slowking|p2a: Garganacl\n|move|p2a: Garganacl|Salt Cure|p1a: Slowking\n|-damage|p1a: Slowking|80\/100\n|-start|p1a: Slowking|Salt Cure\n|\n|-heal|p1a: Slowking|86\/100|[from] item: Black Sludge\n|-damage|p1a: Slowking|74\/100|[from] Salt Cure\n|upkeep\n|turn|8\n|\n|t:|1700664535\n|move|p1a: Slowking|Focus Blast|p2a: Garganacl\n|-supereffective|p2a: Garganacl\n|-damage|p2a: Garganacl|57\/100\n|move|p2a: Garganacl|Earthquake|p1a: Slowking\n|-supereffective|p1a: Slowking\n|-damage|p1a: Slowking|0 fnt\n|faint|p1a: Slowking\n|\n|-end|p2a: Garganacl|move: Future Sight\n|-damage|p2a: Garganacl|27\/100\n|-heal|p2a: Garganacl|34\/100|[from] item: Leftovers\n|upkeep\n|\n|t:|1700664547\n|switch|p1a: Dragonite|Dragonite, F|100\/100\n|turn|9\n|\n|t:|1700664552\n|move|p1a: Dragonite|Earthquake|p2a: Garganacl\n|-supereffective|p2a: Garganacl\n|-damage|p2a: Garganacl|9\/100\n|move|p2a: Garganacl|Salt Cure|p1a: Dragonite\n|-supereffective|p1a: Dragonite\n|-damage|p1a: Dragonite|70\/100\n|-start|p1a: Dragonite|Salt Cure\n|\n|-heal|p2a: Garganacl|15\/100|[from] item: Leftovers\n|-damage|p1a: Dragonite|58\/100|[from] Salt Cure\n|upkeep\n|turn|10\n|\n|t:|1700664562\n|-terastallize|p2a: Garganacl|Water\n|move|p1a: Dragonite|Ice Spinner|p2a: Garganacl\n|-resisted|p2a: Garganacl\n|-damage|p2a: Garganacl|10\/100\n|move|p2a: Garganacl|Recover|p2a: Garganacl\n|-heal|p2a: Garganacl|60\/100\n|\n|-heal|p2a: Garganacl|67\/100|[from] item: Leftovers\n|-damage|p1a: Dragonite|46\/100|[from] Salt Cure\n|upkeep\n|turn|11\n|-message|FreeGiza forfeited.\n|\n|win|ReallyBadGuy\n|raw|FreeGiza's rating: 1073 &rarr; <strong>1055<\/strong><br \/>(-18 for losing)\n|raw|ReallyBadGuy's rating: 1115 &rarr; <strong>1137<\/strong><br \/>(+22 for winning)\n|l|\u2606FreeGiza\n","uploadtime":1700664589,"views":0,"p1id":"freegiza","p2id":"reallybadguy","formatid":"gen9ou","rating":1055,"private":0,"password":""}