{"id":"gen9ou-2000492165","p1":"evros0","p2":"Legends Palafin","format":"[Gen 9] OU","log":"|j|\u2606evros0\n|j|\u2606Legends Palafin\n|t:|1701199347\n|gametype|singles\n|player|p1|evros0|hilbert|1216\n|player|p2|Legends Palafin|roxie|1192\n|teamsize|p1|6\n|teamsize|p2|6\n|gen|9\n|tier|[Gen 9] OU\n|rated|\n|rule|Sleep Clause Mod: Limit one foe put to sleep\n|rule|Species Clause: Limit one of each Pok\u00e9mon\n|rule|OHKO Clause: OHKO moves are banned\n|rule|Evasion Items Clause: Evasion items are banned\n|rule|Evasion Moves Clause: Evasion moves are banned\n|rule|Endless Battle Clause: Forcing endless battles is banned\n|rule|HP Percentage Mod: HP is shown in percentages\n|clearpoke\n|poke|p1|Kingambit, F|\n|poke|p1|Glimmora, M|\n|poke|p1|Zamazenta-*|\n|poke|p1|Iron Valiant|\n|poke|p1|Iron Moth|\n|poke|p1|Ogerpon-Wellspring, F|\n|poke|p2|Kingambit, M|\n|poke|p2|Toxapex, M|\n|poke|p2|Ting-Lu|\n|poke|p2|Gholdengo|\n|poke|p2|Ninetales-Alola, F|\n|poke|p2|Quaquaval, F|\n|teampreview\n|inactive|Battle timer is ON: inactive players will automatically lose when time's up. (requested by Legends Palafin)\n|inactive|evros0 also wants the timer to be on.\n|\n|t:|1701199356\n|start\n|switch|p1a: Glimmora|Glimmora, M|100\/100\n|switch|p2a: Only A Spoonful|Ting-Lu|100\/100\n|-ability|p2a: Only A Spoonful|Vessel of Ruin\n|turn|1\n|\n|t:|1701199367\n|move|p1a: Glimmora|Stealth Rock|p2a: Only A Spoonful\n|-sidestart|p2: Legends Palafin|move: Stealth Rock\n|move|p2a: Only A Spoonful|Stealth Rock|p1a: Glimmora\n|-sidestart|p1: evros0|move: Stealth Rock\n|\n|upkeep\n|turn|2\n|\n|t:|1701199372\n|move|p1a: Glimmora|Mortal Spin|p2a: Only A Spoonful\n|-resisted|p2a: Only A Spoonful\n|-damage|p2a: Only A Spoonful|99\/100\n|-status|p2a: Only A Spoonful|psn\n|-sideend|p1: evros0|Stealth Rock|[from] move: Mortal Spin|[of] p1a: Glimmora\n|move|p2a: Only A Spoonful|Spikes|p1a: Glimmora\n|-sidestart|p1: evros0|Spikes\n|\n|-heal|p2a: Only A Spoonful|100\/100 psn|[from] item: Leftovers\n|-damage|p2a: Only A Spoonful|88\/100 psn|[from] psn\n|upkeep\n|turn|3\n|\n|t:|1701199382\n|move|p1a: Glimmora|Mortal Spin|p2a: Only A Spoonful\n|-resisted|p2a: Only A Spoonful\n|-damage|p2a: Only A Spoonful|86\/100 psn\n|-sideend|p1: evros0|Spikes|[from] move: Mortal Spin|[of] p1a: Glimmora\n|move|p2a: Only A Spoonful|Whirlwind|p1a: Glimmora\n|drag|p1a: Iron Valiant|Iron Valiant|100\/100\n|-enditem|p1a: Iron Valiant|Booster Energy\n|-activate|p1a: Iron Valiant|ability: Quark Drive|[fromitem]\n|-start|p1a: Iron Valiant|quarkdrivespe\n|\n|-heal|p2a: Only A Spoonful|93\/100 psn|[from] item: Leftovers\n|-damage|p2a: Only A Spoonful|80\/100 psn|[from] psn\n|upkeep\n|turn|4\n|\n|t:|1701199394\n|move|p1a: Iron Valiant|Moonblast|p2a: Only A Spoonful\n|-supereffective|p2a: Only A Spoonful\n|-damage|p2a: Only A Spoonful|43\/100 psn\n|move|p2a: Only A Spoonful|Whirlwind|p1a: Iron Valiant\n|-end|p1a: Iron Valiant|Quark Drive|[silent]\n|drag|p1a: Kingambit|Kingambit, F|100\/100\n|\n|-heal|p2a: Only A Spoonful|49\/100 psn|[from] item: Leftovers\n|-damage|p2a: Only A Spoonful|36\/100 psn|[from] psn\n|upkeep\n|turn|5\n|\n|t:|1701199405\n|move|p1a: Kingambit|Kowtow Cleave|p2a: Only A Spoonful\n|-resisted|p2a: Only A Spoonful\n|-damage|p2a: Only A Spoonful|20\/100 psn\n|move|p2a: Only A Spoonful|Stealth Rock|p1a: Kingambit\n|-sidestart|p1: evros0|move: Stealth Rock\n|\n|-heal|p2a: Only A Spoonful|26\/100 psn|[from] item: Leftovers\n|-damage|p2a: Only A Spoonful|14\/100 psn|[from] psn\n|upkeep\n|turn|6\n|\n|t:|1701199416\n|move|p1a: Kingambit|Iron Head|p2a: Only A Spoonful\n|-damage|p2a: Only A Spoonful|0 fnt\n|faint|p2a: Only A Spoonful\n|\n|upkeep\n|\n|t:|1701199420\n|switch|p2a: E-Girl \ud83c\udff3\ufe0f\u200d\u26a7\ufe0f|Ninetales-Alola, F, shiny|100\/100\n|-damage|p2a: E-Girl \ud83c\udff3\ufe0f\u200d\u26a7\ufe0f|76\/100|[from] Stealth Rock\n|-weather|Snow|[from] ability: Snow Warning|[of] p2a: E-Girl \ud83c\udff3\ufe0f\u200d\u26a7\ufe0f\n|turn|7\n|\n|t:|1701199426\n|move|p2a: E-Girl \ud83c\udff3\ufe0f\u200d\u26a7\ufe0f|Aurora Veil|p2a: E-Girl \ud83c\udff3\ufe0f\u200d\u26a7\ufe0f\n|-sidestart|p2: Legends Palafin|move: Aurora Veil\n|move|p1a: Kingambit|Iron Head|p2a: E-Girl \ud83c\udff3\ufe0f\u200d\u26a7\ufe0f\n|-supereffective|p2a: E-Girl \ud83c\udff3\ufe0f\u200d\u26a7\ufe0f\n|-crit|p2a: E-Girl \ud83c\udff3\ufe0f\u200d\u26a7\ufe0f\n|-damage|p2a: E-Girl \ud83c\udff3\ufe0f\u200d\u26a7\ufe0f|0 fnt\n|faint|p2a: E-Girl \ud83c\udff3\ufe0f\u200d\u26a7\ufe0f\n|\n|-weather|Snow|[upkeep]\n|upkeep\n|\n|t:|1701199431\n|switch|p2a: T-Boy \ud83c\udff3\ufe0f\u200d\u26a7\ufe0f|Quaquaval, F|100\/100\n|turn|8\n|\n|t:|1701199438\n|-terastallize|p1a: Kingambit|Flying\n|move|p2a: T-Boy \ud83c\udff3\ufe0f\u200d\u26a7\ufe0f|Rapid Spin|p1a: Kingambit\n|-crit|p1a: Kingambit\n|-damage|p1a: Kingambit|80\/100\n|-boost|p2a: T-Boy \ud83c\udff3\ufe0f\u200d\u26a7\ufe0f|spe|1\n|-sideend|p2: Legends Palafin|Stealth Rock|[from] move: Rapid Spin|[of] p2a: T-Boy \ud83c\udff3\ufe0f\u200d\u26a7\ufe0f\n|move|p1a: Kingambit|Swords Dance|p1a: Kingambit\n|-boost|p1a: Kingambit|atk|2\n|\n|-weather|Snow|[upkeep]\n|upkeep\n|turn|9\n|\n|t:|1701199447\n|move|p1a: Kingambit|Sucker Punch||[still]\n|-fail|p1a: Kingambit\n|move|p2a: T-Boy \ud83c\udff3\ufe0f\u200d\u26a7\ufe0f|Bulk Up|p2a: T-Boy \ud83c\udff3\ufe0f\u200d\u26a7\ufe0f\n|-boost|p2a: T-Boy \ud83c\udff3\ufe0f\u200d\u26a7\ufe0f|atk|1\n|-boost|p2a: T-Boy \ud83c\udff3\ufe0f\u200d\u26a7\ufe0f|def|1\n|\n|-weather|Snow|[upkeep]\n|upkeep\n|turn|10\n|\n|t:|1701199452\n|move|p1a: Kingambit|Sucker Punch||[still]\n|-fail|p1a: Kingambit\n|move|p2a: T-Boy \ud83c\udff3\ufe0f\u200d\u26a7\ufe0f|Bulk Up|p2a: T-Boy \ud83c\udff3\ufe0f\u200d\u26a7\ufe0f\n|-boost|p2a: T-Boy \ud83c\udff3\ufe0f\u200d\u26a7\ufe0f|atk|1\n|-boost|p2a: T-Boy \ud83c\udff3\ufe0f\u200d\u26a7\ufe0f|def|1\n|\n|-weather|Snow|[upkeep]\n|upkeep\n|turn|11\n|\n|t:|1701199457\n|move|p2a: T-Boy \ud83c\udff3\ufe0f\u200d\u26a7\ufe0f|Bulk Up|p2a: T-Boy \ud83c\udff3\ufe0f\u200d\u26a7\ufe0f\n|-boost|p2a: T-Boy \ud83c\udff3\ufe0f\u200d\u26a7\ufe0f|atk|1\n|-boost|p2a: T-Boy \ud83c\udff3\ufe0f\u200d\u26a7\ufe0f|def|1\n|move|p1a: Kingambit|Kowtow Cleave|p2a: T-Boy \ud83c\udff3\ufe0f\u200d\u26a7\ufe0f\n|-resisted|p2a: T-Boy \ud83c\udff3\ufe0f\u200d\u26a7\ufe0f\n|-damage|p2a: T-Boy \ud83c\udff3\ufe0f\u200d\u26a7\ufe0f|86\/100\n|\n|-weather|none\n|upkeep\n|turn|12\n|\n|t:|1701199468\n|-end|p1a: Kingambit|fallenundefined|[silent]\n|switch|p1a: Zamazenta|Zamazenta|100\/100\n|-damage|p1a: Zamazenta|94\/100|[from] Stealth Rock\n|-ability|p1a: Zamazenta|Dauntless Shield|boost\n|-boost|p1a: Zamazenta|def|1\n|move|p2a: T-Boy \ud83c\udff3\ufe0f\u200d\u26a7\ufe0f|Aqua Step|p1a: Zamazenta\n|-damage|p1a: Zamazenta|40\/100\n|-boost|p2a: T-Boy \ud83c\udff3\ufe0f\u200d\u26a7\ufe0f|spe|1\n|\n|-heal|p1a: Zamazenta|46\/100|[from] item: Leftovers\n|upkeep\n|turn|13\n|\n|t:|1701199481\n|move|p2a: T-Boy \ud83c\udff3\ufe0f\u200d\u26a7\ufe0f|Aqua Step|p1a: Zamazenta\n|-damage|p1a: Zamazenta|0 fnt\n|-boost|p2a: T-Boy \ud83c\udff3\ufe0f\u200d\u26a7\ufe0f|spe|1\n|faint|p1a: Zamazenta\n|-ability|p2a: T-Boy \ud83c\udff3\ufe0f\u200d\u26a7\ufe0f|Moxie|boost\n|-boost|p2a: T-Boy \ud83c\udff3\ufe0f\u200d\u26a7\ufe0f|atk|1\n|\n|upkeep\n|inactive|evros0 has 120 seconds left.\n|\n|t:|1701199509\n|switch|p1a: Iron Valiant|Iron Valiant|100\/100\n|-damage|p1a: Iron Valiant|94\/100|[from] Stealth Rock\n|turn|14\n|\n|t:|1701199514\n|move|p2a: T-Boy \ud83c\udff3\ufe0f\u200d\u26a7\ufe0f|Aqua Step|p1a: Iron Valiant\n|-damage|p1a: Iron Valiant|0 fnt\n|-boost|p2a: T-Boy \ud83c\udff3\ufe0f\u200d\u26a7\ufe0f|spe|1\n|faint|p1a: Iron Valiant\n|-end|p1a: Iron Valiant|Quark Drive|[silent]\n|-ability|p2a: T-Boy \ud83c\udff3\ufe0f\u200d\u26a7\ufe0f|Moxie|boost\n|-boost|p2a: T-Boy \ud83c\udff3\ufe0f\u200d\u26a7\ufe0f|atk|1\n|\n|-sideend|p2: Legends Palafin|move: Aurora Veil\n|upkeep\n|\n|t:|1701199521\n|switch|p1a: Ogerpon|Ogerpon-Wellspring, F|100\/100\n|-damage|p1a: Ogerpon|88\/100|[from] Stealth Rock\n|turn|15\n|\n|t:|1701199525\n|move|p2a: T-Boy \ud83c\udff3\ufe0f\u200d\u26a7\ufe0f|Close Combat|p1a: Ogerpon\n|-crit|p1a: Ogerpon\n|-damage|p1a: Ogerpon|0 fnt\n|-unboost|p2a: T-Boy \ud83c\udff3\ufe0f\u200d\u26a7\ufe0f|def|1\n|-unboost|p2a: T-Boy \ud83c\udff3\ufe0f\u200d\u26a7\ufe0f|spd|1\n|faint|p1a: Ogerpon\n|-ability|p2a: T-Boy \ud83c\udff3\ufe0f\u200d\u26a7\ufe0f|Moxie|boost\n|-boost|p2a: T-Boy \ud83c\udff3\ufe0f\u200d\u26a7\ufe0f|atk|1\n|\n|upkeep\n|\n|t:|1701199532\n|switch|p1a: Iron Moth|Iron Moth|100\/100\n|-damage|p1a: Iron Moth|76\/100|[from] Stealth Rock\n|-enditem|p1a: Iron Moth|Booster Energy\n|-activate|p1a: Iron Moth|ability: Quark Drive|[fromitem]\n|-start|p1a: Iron Moth|quarkdrivespe\n|turn|16\n|\n|t:|1701199539\n|move|p2a: T-Boy \ud83c\udff3\ufe0f\u200d\u26a7\ufe0f|Aqua Step|p1a: Iron Moth\n|-supereffective|p1a: Iron Moth\n|-damage|p1a: Iron Moth|0 fnt\n|-boost|p2a: T-Boy \ud83c\udff3\ufe0f\u200d\u26a7\ufe0f|spe|1\n|faint|p1a: Iron Moth\n|-end|p1a: Iron Moth|Quark Drive|[silent]\n|\n|upkeep\n|\n|t:|1701199544\n|switch|p1a: Glimmora|Glimmora, M|100\/100\n|-damage|p1a: Glimmora|88\/100|[from] Stealth Rock\n|turn|17\n|\n|t:|1701199549\n|move|p2a: T-Boy \ud83c\udff3\ufe0f\u200d\u26a7\ufe0f|Aqua Step|p1a: Glimmora\n|-supereffective|p1a: Glimmora\n|-damage|p1a: Glimmora|0 fnt\n|-boost|p2a: T-Boy \ud83c\udff3\ufe0f\u200d\u26a7\ufe0f|spe|1\n|-activate|p1a: Glimmora|ability: Toxic Debris\n|-sidestart|p2: Legends Palafin|move: Toxic Spikes\n|faint|p1a: Glimmora\n|\n|upkeep\n|\n|t:|1701199555\n|switch|p1a: Kingambit|Kingambit, F, tera:Flying|80\/100\n|-damage|p1a: Kingambit|55\/100|[from] Stealth Rock\n|-activate|p1a: Kingambit|ability: Supreme Overlord\n|-start|p1a: Kingambit|fallen5|[silent]\n|turn|18\n|\n|t:|1701199560\n|move|p1a: Kingambit|Sucker Punch|p2a: T-Boy \ud83c\udff3\ufe0f\u200d\u26a7\ufe0f\n|-resisted|p2a: T-Boy \ud83c\udff3\ufe0f\u200d\u26a7\ufe0f\n|-damage|p2a: T-Boy \ud83c\udff3\ufe0f\u200d\u26a7\ufe0f|62\/100\n|move|p2a: T-Boy \ud83c\udff3\ufe0f\u200d\u26a7\ufe0f|Aqua Step|p1a: Kingambit\n|-damage|p1a: Kingambit|0 fnt\n|faint|p1a: Kingambit\n|-end|p1a: Kingambit|fallen5|[silent]\n|\n|win|Legends Palafin\n|raw|evros0's rating: 1216 &rarr; <strong>1189<\/strong><br \/>(-27 for losing)\n|raw|Legends Palafin's rating: 1192 &rarr; <strong>1219<\/strong><br \/>(+27 for winning)\n|l|\u2606evros0\n","uploadtime":1701199578,"views":15,"p1id":"evros0","p2id":"legendspalafin","formatid":"gen9ou","rating":1189,"private":0,"password":""}