{"id":"gen9ou-1990352473","p1":"derl","p2":"frost_kun27","format":"[Gen 9] OU","log":"|j|\u2606derl\n|j|\u2606frost_kun27\n|t:|1699960950\n|gametype|singles\n|player|p1|derl|1|1326\n|player|p2|frost_kun27|lance|1342\n|teamsize|p1|6\n|teamsize|p2|6\n|gen|9\n|tier|[Gen 9] OU\n|rated|\n|rule|Sleep Clause Mod: Limit one foe put to sleep\n|rule|Species Clause: Limit one of each Pok\u00e9mon\n|rule|OHKO Clause: OHKO moves are banned\n|rule|Evasion Items Clause: Evasion items are banned\n|rule|Evasion Moves Clause: Evasion moves are banned\n|rule|Endless Battle Clause: Forcing endless battles is banned\n|rule|HP Percentage Mod: HP is shown in percentages\n|clearpoke\n|poke|p1|Dragonite, F|\n|poke|p1|Cinderace, F|\n|poke|p1|Kingambit, F|\n|poke|p1|Slowking-Galar, F|\n|poke|p1|Ceruledge, M|\n|poke|p1|Thundurus-Therian, M|\n|poke|p2|Samurott-Hisui, M|\n|poke|p2|Iron Valiant|\n|poke|p2|Heatran, F|\n|poke|p2|Kingambit, M|\n|poke|p2|Dragapult, M|\n|poke|p2|Decidueye-Hisui, F|\n|teampreview\n|\n|t:|1699960960\n|start\n|switch|p1a: Cinderace|Cinderace, F|100\/100\n|switch|p2a: Samurott|Samurott-Hisui, M|100\/100\n|turn|1\n|\n|t:|1699960969\n|move|p1a: Cinderace|U-turn|p2a: Samurott\n|-start|p1a: Cinderace|typechange|Bug|[from] ability: Libero\n|-supereffective|p2a: Samurott\n|-damage|p2a: Samurott|12\/100\n|\n|t:|1699960985\n|switch|p1a: Thundurus|Thundurus-Therian, M|100\/100|[from] U-turn\n|move|p2a: Samurott|Ceaseless Edge|p1a: Thundurus\n|-damage|p1a: Thundurus|27\/100\n|-sidestart|p1: derl|Spikes\n|\n|upkeep\n|turn|2\n|\n|t:|1699960993\n|move|p2a: Samurott|Aqua Jet|p1a: Thundurus\n|-damage|p1a: Thundurus|0 fnt\n|faint|p1a: Thundurus\n|\n|upkeep\n|\n|t:|1699960996\n|switch|p1a: Cinderace|Cinderace, F|100\/100\n|turn|3\n|\n|t:|1699961002\n|move|p2a: Samurott|Aqua Jet|p1a: Cinderace\n|-supereffective|p1a: Cinderace\n|-damage|p1a: Cinderace|40\/100\n|move|p1a: Cinderace|U-turn|p2a: Samurott\n|-start|p1a: Cinderace|typechange|Bug|[from] ability: Libero\n|-supereffective|p2a: Samurott\n|-damage|p2a: Samurott|0 fnt\n|faint|p2a: Samurott\n|\n|t:|1699961009\n|switch|p1a: Dragonite|Dragonite, F|100\/100|[from] U-turn\n|\n|upkeep\n|\n|t:|1699961035\n|switch|p2a: Dragapult|Dragapult, M|100\/100\n|turn|4\n|\n|t:|1699961046\n|-terastallize|p1a: Dragonite|Normal\n|move|p2a: Dragapult|Will-O-Wisp|p1a: Dragonite\n|-status|p1a: Dragonite|brn\n|move|p1a: Dragonite|Dragon Rush|p2a: Dragapult|[miss]\n|-miss|p1a: Dragonite|p2a: Dragapult\n|\n|-damage|p1a: Dragonite|94\/100 brn|[from] brn\n|upkeep\n|turn|5\n|\n|t:|1699961062\n|switch|p2a: Kingambit|Kingambit, M|100\/100\n|-activate|p2a: Kingambit|ability: Supreme Overlord\n|-start|p2a: Kingambit|fallen1|[silent]\n|move|p1a: Dragonite|Dragon Dance|p1a: Dragonite\n|-boost|p1a: Dragonite|atk|1\n|-boost|p1a: Dragonite|spe|1\n|\n|-damage|p1a: Dragonite|88\/100 brn|[from] brn\n|upkeep\n|turn|6\n|\n|t:|1699961068\n|move|p1a: Dragonite|Dragon Dance|p1a: Dragonite\n|-boost|p1a: Dragonite|atk|1\n|-boost|p1a: Dragonite|spe|1\n|move|p2a: Kingambit|Swords Dance|p2a: Kingambit\n|-boost|p2a: Kingambit|atk|2\n|\n|-damage|p1a: Dragonite|82\/100 brn|[from] brn\n|upkeep\n|turn|7\n|\n|t:|1699961074\n|move|p1a: Dragonite|Earthquake|p2a: Kingambit\n|-supereffective|p2a: Kingambit\n|-damage|p2a: Kingambit|43\/100\n|move|p2a: Kingambit|Kowtow Cleave|p1a: Dragonite\n|-damage|p1a: Dragonite|0 fnt\n|faint|p1a: Dragonite\n|\n|-heal|p2a: Kingambit|49\/100|[from] item: Leftovers\n|upkeep\n|\n|t:|1699961085\n|switch|p1a: Cinderace|Cinderace, F|40\/100\n|turn|8\n|\n|t:|1699961107\n|move|p2a: Kingambit|Sucker Punch||[still]\n|-fail|p2a: Kingambit\n|move|p1a: Cinderace|Court Change|p1a: Cinderace\n|-start|p1a: Cinderace|typechange|Normal|[from] ability: Libero\n|-swapsideconditions\n|-activate|p1a: Cinderace|move: Court Change\n|\n|-heal|p2a: Kingambit|55\/100|[from] item: Leftovers\n|upkeep\n|turn|9\n|\n|t:|1699961115\n|move|p2a: Kingambit|Sucker Punch|p1a: Cinderace\n|-damage|p1a: Cinderace|0 fnt\n|faint|p1a: Cinderace\n|\n|-heal|p2a: Kingambit|61\/100|[from] item: Leftovers\n|upkeep\n|\n|t:|1699961119\n|switch|p1a: Ceruledge|Ceruledge, M|100\/100\n|turn|10\n|\n|t:|1699961126\n|move|p1a: Ceruledge|Swords Dance|p1a: Ceruledge\n|-boost|p1a: Ceruledge|atk|2\n|move|p2a: Kingambit|Kowtow Cleave|p1a: Ceruledge\n|-supereffective|p1a: Ceruledge\n|-enditem|p1a: Ceruledge|Focus Sash\n|-damage|p1a: Ceruledge|1\/100\n|-ability|p1a: Ceruledge|Weak Armor|boost\n|-unboost|p1a: Ceruledge|def|1\n|-boost|p1a: Ceruledge|spe|2\n|\n|-heal|p2a: Kingambit|68\/100|[from] item: Leftovers\n|upkeep\n|turn|11\n|\n|t:|1699961131\n|move|p2a: Kingambit|Sucker Punch||[still]\n|-fail|p2a: Kingambit\n|move|p1a: Ceruledge|Swords Dance|p1a: Ceruledge\n|-boost|p1a: Ceruledge|atk|2\n|\n|-heal|p2a: Kingambit|74\/100|[from] item: Leftovers\n|upkeep\n|turn|12\n|\n|t:|1699961135\n|move|p2a: Kingambit|Sucker Punch||[still]\n|-fail|p2a: Kingambit\n|move|p1a: Ceruledge|Swords Dance|p1a: Ceruledge\n|-boost|p1a: Ceruledge|atk|2\n|\n|-heal|p2a: Kingambit|80\/100|[from] item: Leftovers\n|upkeep\n|turn|13\n|\n|t:|1699961138\n|move|p1a: Ceruledge|Swords Dance|p1a: Ceruledge\n|-boost|p1a: Ceruledge|atk|0\n|move|p2a: Kingambit|Kowtow Cleave|p1a: Ceruledge\n|-supereffective|p1a: Ceruledge\n|-damage|p1a: Ceruledge|0 fnt\n|faint|p1a: Ceruledge\n|\n|-heal|p2a: Kingambit|86\/100|[from] item: Leftovers\n|upkeep\n|-message|derl forfeited.\n|\n|win|frost_kun27\n|raw|derl's rating: 1326 &rarr; <strong>1307<\/strong><br \/>(-19 for losing)\n|raw|frost_kun27's rating: 1342 &rarr; <strong>1361<\/strong><br \/>(+19 for winning)\n|l|\u2606derl\n","uploadtime":1699961150,"views":12,"p1id":"derl","p2id":"frostkun27","formatid":"gen9ou","rating":1307,"private":0,"password":""}