{"id":"gen9ou-1995987314","p1":"FreeedTheDolfin","p2":"Jambees","format":"[Gen 9] OU","log":"|j|\u2606FreeedTheDolfin\n|j|\u2606Jambees\n|t:|1700625728\n|gametype|singles\n|player|p1|FreeedTheDolfin|169|\n|player|p2|Jambees|marnie-masters|\n|teamsize|p1|6\n|teamsize|p2|6\n|gen|9\n|tier|[Gen 9] OU\n|rule|Sleep Clause Mod: Limit one foe put to sleep\n|rule|Species Clause: Limit one of each Pok\u00e9mon\n|rule|OHKO Clause: OHKO moves are banned\n|rule|Evasion Items Clause: Evasion items are banned\n|rule|Evasion Moves Clause: Evasion moves are banned\n|rule|Endless Battle Clause: Forcing endless battles is banned\n|rule|HP Percentage Mod: HP is shown in percentages\n|clearpoke\n|poke|p1|Meowscarada, M|\n|poke|p1|Slowking-Galar, M|\n|poke|p1|Cetitan, F|\n|poke|p1|Sandslash-Alola, M|\n|poke|p1|Moltres-Galar|\n|poke|p1|Indeedee, M|\n|poke|p2|Hawlucha, F|\n|poke|p2|Pincurchin, F|\n|poke|p2|Typhlosion-Hisui, F|\n|poke|p2|Iron Jugulis|\n|poke|p2|Lokix, M|\n|poke|p2|Revavroom, F|\n|teampreview\n|j| poggerwog\n|j| edicts\n|j| lieb330\n|\n|t:|1700625739\n|start\n|switch|p1a: Meowscarada|Meowscarada, M|100\/100\n|switch|p2a: Highphlosion|Typhlosion-Hisui, F, shiny|100\/100\n|turn|1\n|j| KINGTONY6\n|\n|t:|1700625750\n|switch|p2a: LightningMcGroomer|Revavroom, F, shiny|100\/100\n|-item|p2a: LightningMcGroomer|Air Balloon\n|move|p1a: Meowscarada|U-turn|p2a: LightningMcGroomer\n|-start|p1a: Meowscarada|typechange|Bug|[from] ability: Protean\n|-resisted|p2a: LightningMcGroomer\n|-damage|p2a: LightningMcGroomer|90\/100\n|-enditem|p2a: LightningMcGroomer|Air Balloon\n|\n|t:|1700625758\n|switch|p1a: Slowking|Slowking-Galar, M|100\/100|[from] U-turn\n|\n|upkeep\n|turn|2\n|\n|t:|1700625766\n|move|p2a: LightningMcGroomer|Shift Gear|p2a: LightningMcGroomer\n|-boost|p2a: LightningMcGroomer|spe|2\n|-boost|p2a: LightningMcGroomer|atk|1\n|move|p1a: Slowking|Yawn|p2a: LightningMcGroomer\n|-start|p2a: LightningMcGroomer|move: Yawn|[of] p1a: Slowking\n|\n|upkeep\n|turn|3\n|\n|t:|1700625778\n|switch|p2a: Mouth Titties|Pincurchin, F, shiny|100\/100\n|-fieldstart|move: Electric Terrain|[from] ability: Electric Surge|[of] p2a: Mouth Titties\n|move|p1a: Slowking|Chilly Reception|p1a: Slowking\n|-weather|Snow\n|\n|t:|1700625787\n|switch|p1a: Sandslash|Sandslash-Alola, M|100\/100|[from] Chilly Reception\n|\n|-weather|Snow|[upkeep]\n|upkeep\n|turn|4\n|\n|t:|1700625791\n|move|p1a: Sandslash|Ice Spinner|p2a: Mouth Titties\n|-damage|p2a: Mouth Titties|51\/100\n|-fieldend|move: Electric Terrain\n|move|p2a: Mouth Titties|Thunder Wave|p1a: Sandslash\n|-status|p1a: Sandslash|par\n|\n|-weather|Snow|[upkeep]\n|upkeep\n|turn|5\n|\n|t:|1700625801\n|move|p1a: Sandslash|Stealth Rock|p2a: Mouth Titties\n|-sidestart|p2: Jambees|move: Stealth Rock\n|move|p2a: Mouth Titties|Recover|p2a: Mouth Titties\n|-heal|p2a: Mouth Titties|100\/100\n|\n|-weather|Snow|[upkeep]\n|upkeep\n|turn|6\n|\n|t:|1700625812\n|move|p1a: Sandslash|Ice Spinner|p2a: Mouth Titties\n|-damage|p2a: Mouth Titties|53\/100\n|move|p2a: Mouth Titties|Zing Zap|p1a: Sandslash\n|-damage|p1a: Sandslash|80\/100 par\n|\n|-weather|Snow|[upkeep]\n|upkeep\n|turn|7\n|\n|t:|1700625818\n|cant|p1a: Sandslash|par\n|move|p2a: Mouth Titties|Recover|p2a: Mouth Titties\n|-heal|p2a: Mouth Titties|100\/100\n|\n|-weather|Snow|[upkeep]\n|upkeep\n|turn|8\n|\n|t:|1700625825\n|move|p1a: Sandslash|Earthquake|p2a: Mouth Titties\n|-supereffective|p2a: Mouth Titties\n|-damage|p2a: Mouth Titties|21\/100\n|move|p2a: Mouth Titties|Spikes|p1a: Sandslash\n|-sidestart|p1: FreeedTheDolfin|Spikes\n|\n|-weather|Snow|[upkeep]\n|upkeep\n|turn|9\n|\n|t:|1700625831\n|move|p1a: Sandslash|Earthquake|p2a: Mouth Titties\n|-supereffective|p2a: Mouth Titties\n|-damage|p2a: Mouth Titties|0 fnt\n|faint|p2a: Mouth Titties\n|\n|-weather|Snow|[upkeep]\n|upkeep\n|\n|t:|1700625842\n|switch|p2a: Highphlosion|Typhlosion-Hisui, F, shiny|100\/100\n|-damage|p2a: Highphlosion|76\/100|[from] Stealth Rock\n|turn|10\n|\n|t:|1700625856\n|switch|p1a: Slowking|Slowking-Galar, M|100\/100\n|-damage|p1a: Slowking|88\/100|[from] Spikes\n|move|p2a: Highphlosion|Fire Blast|p1a: Slowking\n|-damage|p1a: Slowking|39\/100\n|\n|-weather|none\n|upkeep\n|turn|11\n|\n|t:|1700625870\n|switch|p1a: Indeedee|Indeedee, M|100\/100\n|-damage|p1a: Indeedee|88\/100|[from] Spikes\n|-fieldstart|move: Psychic Terrain|[from] ability: Psychic Surge|[of] p1a: Indeedee\n|move|p2a: Highphlosion|Fire Blast|p1a: Indeedee\n|-damage|p1a: Indeedee|20\/100\n|\n|upkeep\n|turn|12\n|\n|t:|1700625882\n|move|p2a: Highphlosion|Fire Blast|p1a: Indeedee\n|-damage|p1a: Indeedee|0 fnt\n|faint|p1a: Indeedee\n|\n|upkeep\n|\n|t:|1700625888\n|switch|p1a: Slowking|Slowking-Galar, M|72\/100\n|-damage|p1a: Slowking|60\/100|[from] Spikes\n|turn|13\n|\n|t:|1700625900\n|-terastallize|p2a: Highphlosion|Fire\n|move|p2a: Highphlosion|Fire Blast|p1a: Slowking\n|-damage|p1a: Slowking|1\/100\n|move|p1a: Slowking|Chilly Reception|p1a: Slowking\n|-weather|Snow\n|\n|t:|1700625910\n|switch|p1a: Cetitan|Cetitan, F|100\/100|[from] Chilly Reception\n|-damage|p1a: Cetitan|88\/100|[from] Spikes\n|\n|-weather|Snow|[upkeep]\n|upkeep\n|turn|14\n|\n|t:|1700625917\n|move|p1a: Cetitan|Earthquake|p2a: Highphlosion\n|-supereffective|p2a: Highphlosion\n|-damage|p2a: Highphlosion|0 fnt\n|faint|p2a: Highphlosion\n|\n|-weather|Snow|[upkeep]\n|upkeep\n|\n|t:|1700625922\n|switch|p2a: Chicken Wig|Hawlucha, F|100\/100\n|-damage|p2a: Chicken Wig|88\/100|[from] Stealth Rock\n|-enditem|p2a: Chicken Wig|Psychic Seed\n|-boost|p2a: Chicken Wig|spd|1|[from] item: Psychic Seed\n|turn|15\n|\n|t:|1700625947\n|-terastallize|p1a: Cetitan|Fairy\n|move|p2a: Chicken Wig|Close Combat|p1a: Cetitan\n|-resisted|p1a: Cetitan\n|-damage|p1a: Cetitan|61\/100\n|-unboost|p2a: Chicken Wig|def|1\n|-unboost|p2a: Chicken Wig|spd|1\n|move|p1a: Cetitan|Ice Spinner|p2a: Chicken Wig\n|-supereffective|p2a: Chicken Wig\n|-damage|p2a: Chicken Wig|0 fnt\n|-fieldend|move: Psychic Terrain\n|faint|p2a: Chicken Wig\n|\n|-weather|Snow|[upkeep]\n|upkeep\n|\n|t:|1700625959\n|switch|p2a: LightningMcGroomer|Revavroom, F, shiny|90\/100\n|-damage|p2a: LightningMcGroomer|84\/100|[from] Stealth Rock\n|turn|16\n|\n|t:|1700625969\n|switch|p2a: Iron Deepthroat|Iron Jugulis|100\/100\n|-damage|p2a: Iron Deepthroat|75\/100|[from] Stealth Rock\n|move|p1a: Cetitan|Earthquake|p2a: Iron Deepthroat\n|-immune|p2a: Iron Deepthroat\n|\n|-weather|Snow|[upkeep]\n|upkeep\n|turn|17\n|\n|t:|1700625983\n|-end|p2a: Iron Deepthroat|Quark Drive|[silent]\n|switch|p2a: LightningMcGroomer|Revavroom, F, shiny|84\/100\n|-damage|p2a: LightningMcGroomer|78\/100|[from] Stealth Rock\n|move|p1a: Cetitan|Play Rough|p2a: LightningMcGroomer\n|-resisted|p2a: LightningMcGroomer\n|-damage|p2a: LightningMcGroomer|65\/100\n|\n|-weather|Snow|[upkeep]\n|upkeep\n|turn|18\n|\n|t:|1700625997\n|move|p1a: Cetitan|Earthquake|p2a: LightningMcGroomer\n|-supereffective|p2a: LightningMcGroomer\n|-damage|p2a: LightningMcGroomer|0 fnt\n|faint|p2a: LightningMcGroomer\n|\n|-weather|Snow|[upkeep]\n|upkeep\n|\n|t:|1700626003\n|switch|p2a: Toku Sentai|Lokix, M|100\/100\n|-damage|p2a: Toku Sentai|75\/100|[from] Stealth Rock\n|turn|19\n|\n|t:|1700626011\n|move|p1a: Cetitan|Play Rough|p2a: Toku Sentai\n|-supereffective|p2a: Toku Sentai\n|-damage|p2a: Toku Sentai|0 fnt\n|faint|p2a: Toku Sentai\n|\n|-weather|Snow|[upkeep]\n|upkeep\n|\n|t:|1700626016\n|switch|p2a: Iron Deepthroat|Iron Jugulis|75\/100\n|-damage|p2a: Iron Deepthroat|50\/100|[from] Stealth Rock\n|turn|20\n|\n|t:|1700626021\n|move|p1a: Cetitan|Play Rough|p2a: Iron Deepthroat\n|-supereffective|p2a: Iron Deepthroat\n|-damage|p2a: Iron Deepthroat|0 fnt\n|faint|p2a: Iron Deepthroat\n|-end|p2a: Iron Deepthroat|Quark Drive|[silent]\n|\n|win|FreeedTheDolfin\n|c|\u2606FreeedTheDolfin|GG\n|l| lieb330\n|c| KINGTONY6|Fred would you like to join us\n|c| KINGTONY6|for a postgame interview\n|c|\u2606FreeedTheDolfin|sure\n","uploadtime":1700626109,"views":1,"p1id":"freeedthedolfin","p2id":"jambees","formatid":"gen9ou","rating":0,"private":0,"password":""}