{"id":"gen9ou-1995864225","p1":"cornbread23","p2":"Prav33n","format":"[Gen 9] OU","log":"|j|\u2606cornbread23\n|j|\u2606Prav33n\n|t:|1700611078\n|gametype|singles\n|player|p1|cornbread23|baker|1740\n|player|p2|Prav33n|unknown|1693\n|teamsize|p1|6\n|teamsize|p2|6\n|gen|9\n|tier|[Gen 9] OU\n|rated|\n|rule|Sleep Clause Mod: Limit one foe put to sleep\n|rule|Species Clause: Limit one of each Pok\u00e9mon\n|rule|OHKO Clause: OHKO moves are banned\n|rule|Evasion Items Clause: Evasion items are banned\n|rule|Evasion Moves Clause: Evasion moves are banned\n|rule|Endless Battle Clause: Forcing endless battles is banned\n|rule|HP Percentage Mod: HP is shown in percentages\n|clearpoke\n|poke|p1|Ogerpon-Cornerstone, F|\n|poke|p1|Kingambit, M|\n|poke|p1|Iron Moth|\n|poke|p1|Rillaboom, F|\n|poke|p1|Ceruledge, M|\n|poke|p1|Iron Hands|\n|poke|p2|Landorus-Therian, M|\n|poke|p2|Weavile, F|\n|poke|p2|Gholdengo|\n|poke|p2|Great Tusk|\n|poke|p2|Cinderace, M|\n|poke|p2|Walking Wake|\n|teampreview\n|inactive|Battle timer is ON: inactive players will automatically lose when time's up. (requested by cornbread23)\n|j| Mew_World_0rder\n|\n|t:|1700611104\n|start\n|switch|p1a: Ogerpon|Ogerpon-Cornerstone, F|100\/100\n|switch|p2a: Cinderace|Cinderace, M|100\/100\n|turn|1\n|\n|t:|1700611111\n|move|p2a: Cinderace|U-turn|p1a: Ogerpon\n|-start|p2a: Cinderace|typechange|Bug|[from] ability: Libero\n|-supereffective|p1a: Ogerpon\n|-damage|p1a: Ogerpon|8\/100\n|\n|t:|1700611120\n|switch|p2a: Landorus|Landorus-Therian, M|100\/100|[from] U-turn\n|-ability|p2a: Landorus|Intimidate|boost\n|-unboost|p1a: Ogerpon|atk|1\n|move|p1a: Ogerpon|Spikes|p2a: Landorus\n|-sidestart|p2: Prav33n|Spikes\n|\n|upkeep\n|turn|2\n|\n|t:|1700611125\n|move|p1a: Ogerpon|Taunt|p2a: Landorus\n|-start|p2a: Landorus|move: Taunt\n|move|p2a: Landorus|U-turn|p1a: Ogerpon\n|-supereffective|p1a: Ogerpon\n|-damage|p1a: Ogerpon|0 fnt\n|faint|p1a: Ogerpon\n|\n|t:|1700611128\n|switch|p2a: Cinderace|Cinderace, M|100\/100|[from] U-turn\n|\n|upkeep\n|\n|t:|1700611130\n|switch|p1a: Ceruledge|Ceruledge, M|100\/100\n|turn|3\n|\n|t:|1700611134\n|switch|p2a: Landorus|Landorus-Therian, M|100\/100\n|-ability|p2a: Landorus|Intimidate|boost\n|-unboost|p1a: Ceruledge|atk|1\n|move|p1a: Ceruledge|Swords Dance|p1a: Ceruledge\n|-boost|p1a: Ceruledge|atk|2\n|\n|upkeep\n|turn|4\n|\n|t:|1700611141\n|move|p1a: Ceruledge|Swords Dance|p1a: Ceruledge\n|-boost|p1a: Ceruledge|atk|2\n|move|p2a: Landorus|Grass Knot|p1a: Ceruledge\n|-resisted|p1a: Ceruledge\n|-damage|p1a: Ceruledge|91\/100\n|\n|upkeep\n|turn|5\n|\n|t:|1700611143\n|move|p1a: Ceruledge|Bitter Blade|p2a: Landorus\n|-damage|p2a: Landorus|27\/100\n|-heal|p1a: Ceruledge|100\/100|[from] drain|[of] p2a: Landorus\n|-damage|p1a: Ceruledge|84\/100|[from] item: Rocky Helmet|[of] p2a: Landorus\n|move|p2a: Landorus|Earthquake|p1a: Ceruledge\n|-supereffective|p1a: Ceruledge\n|-damage|p1a: Ceruledge|0 fnt\n|faint|p1a: Ceruledge\n|\n|upkeep\n|\n|t:|1700611153\n|switch|p1a: Iron Moth|Iron Moth|100\/100\n|-enditem|p1a: Iron Moth|Booster Energy\n|-activate|p1a: Iron Moth|ability: Quark Drive|[fromitem]\n|-start|p1a: Iron Moth|quarkdrivespe\n|turn|6\n|inactive|Prav33n has 120 seconds left.\n|\n|t:|1700611186\n|switch|p2a: Cinderace|Cinderace, M|100\/100\n|move|p1a: Iron Moth|Fiery Dance|p2a: Cinderace\n|-resisted|p2a: Cinderace\n|-damage|p2a: Cinderace|74\/100\n|\n|upkeep\n|turn|7\n|\n|t:|1700611192\n|move|p1a: Iron Moth|Fiery Dance|p2a: Cinderace\n|-resisted|p2a: Cinderace\n|-damage|p2a: Cinderace|44\/100\n|-boost|p1a: Iron Moth|spa|1\n|move|p2a: Cinderace|Court Change|p2a: Cinderace\n|-start|p2a: Cinderace|typechange|Normal|[from] ability: Libero\n|-swapsideconditions\n|-activate|p2a: Cinderace|move: Court Change\n|\n|upkeep\n|turn|8\n|\n|t:|1700611196\n|move|p2a: Cinderace|Sucker Punch|p1a: Iron Moth\n|-damage|p1a: Iron Moth|71\/100\n|move|p1a: Iron Moth|Fiery Dance|p2a: Cinderace\n|-damage|p2a: Cinderace|0 fnt\n|faint|p2a: Cinderace\n|\n|upkeep\n|\n|t:|1700611212\n|switch|p2a: Walking Wake|Walking Wake|100\/100\n|-enditem|p2a: Walking Wake|Booster Energy\n|-activate|p2a: Walking Wake|ability: Protosynthesis|[fromitem]\n|-start|p2a: Walking Wake|protosynthesisspa\n|turn|9\n|\n|t:|1700611227\n|-terastallize|p1a: Iron Moth|Fairy\n|move|p1a: Iron Moth|Dazzling Gleam|p2a: Walking Wake\n|-supereffective|p2a: Walking Wake\n|-damage|p2a: Walking Wake|0 fnt\n|faint|p2a: Walking Wake\n|-end|p2a: Walking Wake|Protosynthesis|[silent]\n|\n|upkeep\n|\n|t:|1700611235\n|switch|p2a: Gholdengo|Gholdengo|100\/100\n|-item|p2a: Gholdengo|Air Balloon\n|turn|10\n|\n|t:|1700611255\n|-terastallize|p2a: Gholdengo|Fairy\n|move|p1a: Iron Moth|Fiery Dance|p2a: Gholdengo\n|-damage|p2a: Gholdengo|28\/100\n|-boost|p1a: Iron Moth|spa|1\n|-enditem|p2a: Gholdengo|Air Balloon\n|move|p2a: Gholdengo|Make It Rain|p1a: Iron Moth\n|-supereffective|p1a: Iron Moth\n|-damage|p1a: Iron Moth|0 fnt\n|-unboost|p2a: Gholdengo|spa|1\n|faint|p1a: Iron Moth\n|-end|p1a: Iron Moth|Quark Drive|[silent]\n|\n|upkeep\n|\n|t:|1700611264\n|switch|p1a: Rillaboom|Rillaboom, F|100\/100\n|-damage|p1a: Rillaboom|88\/100|[from] Spikes\n|-fieldstart|move: Grassy Terrain|[from] ability: Grassy Surge|[of] p1a: Rillaboom\n|turn|11\n|\n|t:|1700611278\n|move|p1a: Rillaboom|Grassy Glide|p2a: Gholdengo\n|-damage|p2a: Gholdengo|0 fnt\n|faint|p2a: Gholdengo\n|-damage|p1a: Rillaboom|78\/100|[from] item: Life Orb\n|\n|-heal|p1a: Rillaboom|84\/100|[from] Grassy Terrain\n|upkeep\n|\n|t:|1700611291\n|switch|p2a: Weavile|Weavile, F|100\/100\n|-ability|p2a: Weavile|Pressure\n|turn|12\n|\n|t:|1700611306\n|switch|p1a: Iron Hands|Iron Hands|100\/100\n|-damage|p1a: Iron Hands|88\/100|[from] Spikes\n|move|p2a: Weavile|Icicle Crash|p1a: Iron Hands\n|-damage|p1a: Iron Hands|46\/100\n|\n|-heal|p1a: Iron Hands|52\/100|[from] Grassy Terrain\n|-heal|p1a: Iron Hands|58\/100|[from] item: Leftovers\n|upkeep\n|turn|13\n|\n|t:|1700611312\n|switch|p2a: Landorus|Landorus-Therian, M|27\/100\n|-ability|p2a: Landorus|Intimidate|boost\n|-unboost|p1a: Iron Hands|atk|1\n|move|p1a: Iron Hands|Ice Punch|p2a: Landorus\n|-supereffective|p2a: Landorus\n|-damage|p2a: Landorus|0 fnt\n|-damage|p1a: Iron Hands|42\/100|[from] item: Rocky Helmet|[of] p2a: Landorus\n|faint|p2a: Landorus\n|\n|-heal|p1a: Iron Hands|48\/100|[from] Grassy Terrain\n|-heal|p1a: Iron Hands|54\/100|[from] item: Leftovers\n|upkeep\n|\n|t:|1700611317\n|switch|p2a: Great Tusk|Great Tusk|100\/100\n|turn|14\n|inactive|cornbread23 has 120 seconds left.\n|\n|t:|1700611354\n|move|p2a: Great Tusk|Headlong Rush|p1a: Iron Hands\n|-supereffective|p1a: Iron Hands\n|-damage|p1a: Iron Hands|0 fnt\n|-unboost|p2a: Great Tusk|def|1\n|-unboost|p2a: Great Tusk|spd|1\n|-enditem|p2a: Great Tusk|Eject Pack\n|faint|p1a: Iron Hands\n|-end|p1a: Iron Hands|Quark Drive|[silent]\n|\n|t:|1700611382\n|-end|p2a: Great Tusk|Protosynthesis|[silent]\n|switch|p2a: Weavile|Weavile, F|100\/100\n|-ability|p2a: Weavile|Pressure\n|\n|upkeep\n|inactive|cornbread23 has 120 seconds left.\n|\n|t:|1700611397\n|switch|p1a: Kingambit|Kingambit, M|100\/100\n|-damage|p1a: Kingambit|88\/100|[from] Spikes\n|-activate|p1a: Kingambit|ability: Supreme Overlord\n|-start|p1a: Kingambit|fallen4|[silent]\n|turn|15\n|\n|t:|1700611400\n|move|p2a: Weavile|Low Kick|p1a: Kingambit\n|-supereffective|p1a: Kingambit\n|-damage|p1a: Kingambit|0 fnt\n|faint|p1a: Kingambit\n|-end|p1a: Kingambit|fallen4|[silent]\n|\n|-fieldend|move: Grassy Terrain\n|upkeep\n|\n|t:|1700611402\n|switch|p1a: Rillaboom|Rillaboom, F|84\/100\n|-damage|p1a: Rillaboom|72\/100|[from] Spikes\n|-fieldstart|move: Grassy Terrain|[from] ability: Grassy Surge|[of] p1a: Rillaboom\n|turn|16\n|\n|t:|1700611418\n|move|p2a: Weavile|Low Kick|p1a: Rillaboom\n|-damage|p1a: Rillaboom|25\/100\n|move|p1a: Rillaboom|Swords Dance|p1a: Rillaboom\n|-boost|p1a: Rillaboom|atk|2\n|\n|-heal|p1a: Rillaboom|31\/100|[from] Grassy Terrain\n|upkeep\n|turn|17\n|inactive|cornbread23 has 120 seconds left.\n|\n|t:|1700611456\n|switch|p2a: Great Tusk|Great Tusk|100\/100\n|move|p1a: Rillaboom|Grassy Glide|p2a: Great Tusk\n|-supereffective|p2a: Great Tusk\n|-damage|p2a: Great Tusk|0 fnt\n|faint|p2a: Great Tusk\n|-end|p2a: Great Tusk|Protosynthesis|[silent]\n|-damage|p1a: Rillaboom|21\/100|[from] item: Life Orb\n|\n|-heal|p1a: Rillaboom|27\/100|[from] Grassy Terrain\n|upkeep\n|-message|cornbread23 forfeited.\n|\n|win|Prav33n\n|raw|cornbread23's rating: 1720 &rarr; <strong>1698<\/strong><br \/>(-22 for losing)\n|raw|Prav33n's rating: 1693 &rarr; <strong>1715<\/strong><br \/>(+22 for winning)\n|l|\u2606cornbread23\n|c| Mew_World_0rder|Donkey Kong Stronk\n|c|\u2606Prav33n|lol\n|c|\u2606Prav33n|ya\n","uploadtime":1700611486,"views":7,"p1id":"cornbread23","p2id":"prav33n","formatid":"gen9ou","rating":1698,"private":0,"password":""}