{"id":"gen9ou-1990718362","p1":"johann2502","p2":"kensei4k","format":"[Gen 9] OU","log":"|j|\u2606johann2502\n|j|\u2606kensei4k\n|t:|1699994476\n|gametype|singles\n|player|p1|johann2502|alder|1101\n|player|p2|kensei4k|zinnia|1132\n|teamsize|p1|6\n|teamsize|p2|6\n|gen|9\n|tier|[Gen 9] OU\n|rated|\n|rule|Sleep Clause Mod: Limit one foe put to sleep\n|rule|Species Clause: Limit one of each Pok\u00e9mon\n|rule|OHKO Clause: OHKO moves are banned\n|rule|Evasion Items Clause: Evasion items are banned\n|rule|Evasion Moves Clause: Evasion moves are banned\n|rule|Endless Battle Clause: Forcing endless battles is banned\n|rule|HP Percentage Mod: HP is shown in percentages\n|clearpoke\n|poke|p1|Garchomp, M|\n|poke|p1|Amoonguss, M|\n|poke|p1|Iron Hands|\n|poke|p1|Ditto|\n|poke|p1|Gyarados, F|\n|poke|p1|Gardevoir, F|\n|poke|p2|Torterra, M|\n|poke|p2|Ninetales-Alola, M|\n|poke|p2|Azelf|\n|poke|p2|Haxorus, M|\n|poke|p2|Quaquaval, F|\n|poke|p2|Ceruledge, M|\n|teampreview\n|inactive|Battle timer is ON: inactive players will automatically lose when time's up. (requested by johann2502)\n|\n|t:|1699994508\n|start\n|switch|p1a: Iron Hands|Iron Hands, shiny|100\/100\n|switch|p2a: Azelf|Azelf|100\/100\n|turn|1\n|\n|t:|1699994537\n|-end|p1a: Iron Hands|Quark Drive|[silent]\n|switch|p1a: Amoonguss|Amoonguss, M|100\/100\n|move|p2a: Azelf|Taunt|p1a: Amoonguss\n|-start|p1a: Amoonguss|move: Taunt\n|\n|upkeep\n|turn|2\n|\n|t:|1699994546\n|move|p2a: Azelf|Stealth Rock|p1a: Amoonguss\n|-sidestart|p1: johann2502|move: Stealth Rock\n|move|p1a: Amoonguss|Sludge Bomb|p2a: Azelf\n|-damage|p2a: Azelf|61\/100\n|\n|upkeep\n|turn|3\n|\n|t:|1699994558\n|move|p2a: Azelf|Knock Off|p1a: Amoonguss\n|-damage|p1a: Amoonguss|63\/100\n|-enditem|p1a: Amoonguss|Leftovers|[from] move: Knock Off|[of] p2a: Azelf\n|move|p1a: Amoonguss|Sludge Bomb|p2a: Azelf\n|-damage|p2a: Azelf|15\/100\n|-status|p2a: Azelf|psn\n|\n|-damage|p2a: Azelf|2\/100 psn|[from] psn\n|-end|p1a: Amoonguss|move: Taunt\n|upkeep\n|turn|4\n|\n|t:|1699994569\n|move|p2a: Azelf|Explosion|p1a: Amoonguss\n|-damage|p1a: Amoonguss|0 fnt\n|faint|p2a: Azelf\n|faint|p1a: Amoonguss\n|\n|upkeep\n|c|\u2606johann2502|:O\n|c|\u2606kensei4k|:O\n|\n|t:|1699994584\n|switch|p2a: Ninetales|Ninetales-Alola, M, shiny|100\/100\n|switch|p1a: Iron Hands|Iron Hands, shiny|100\/100\n|-weather|Snow|[from] ability: Snow Warning|[of] p2a: Ninetales\n|-damage|p1a: Iron Hands|94\/100|[from] Stealth Rock\n|turn|5\n|\n|t:|1699994594\n|move|p2a: Ninetales|Aurora Veil|p2a: Ninetales\n|-sidestart|p2: kensei4k|move: Aurora Veil\n|move|p1a: Iron Hands|Fire Punch|p2a: Ninetales\n|-supereffective|p2a: Ninetales\n|-damage|p2a: Ninetales|75\/100\n|\n|-weather|Snow|[upkeep]\n|upkeep\n|turn|6\n|\n|t:|1699994607\n|switch|p2a: Haxorus|Haxorus, M, shiny|100\/100\n|-ability|p2a: Haxorus|Mold Breaker\n|move|p1a: Iron Hands|Fire Punch|p2a: Haxorus\n|-resisted|p2a: Haxorus\n|-damage|p2a: Haxorus|91\/100\n|\n|-weather|Snow|[upkeep]\n|upkeep\n|turn|7\n|inactive|johann2502 has 120 seconds left.\n|\n|t:|1699994633\n|move|p2a: Haxorus|Swords Dance|p2a: Haxorus\n|-boost|p2a: Haxorus|atk|2\n|move|p1a: Iron Hands|Ice Punch|p2a: Haxorus\n|-supereffective|p2a: Haxorus\n|-damage|p2a: Haxorus|54\/100\n|\n|-weather|Snow|[upkeep]\n|upkeep\n|turn|8\n|inactive|johann2502 has 120 seconds left.\n|\n|t:|1699994657\n|-terastallize|p2a: Haxorus|Steel\n|move|p2a: Haxorus|Scale Shot|p1a: Iron Hands|[miss]\n|-miss|p2a: Haxorus|p1a: Iron Hands\n|move|p1a: Iron Hands|Ice Punch|p2a: Haxorus\n|-resisted|p2a: Haxorus\n|-damage|p2a: Haxorus|44\/100\n|-status|p2a: Haxorus|frz\n|\n|-weather|Snow|[upkeep]\n|upkeep\n|turn|9\n|inactive|johann2502 has 120 seconds left.\n|c|\u2606kensei4k|welp\n|\n|t:|1699994676\n|-curestatus|p2a: Haxorus|frz|[msg]\n|move|p2a: Haxorus|Earthquake|p1a: Iron Hands\n|-supereffective|p1a: Iron Hands\n|-damage|p1a: Iron Hands|0 fnt\n|faint|p1a: Iron Hands\n|-end|p1a: Iron Hands|Quark Drive|[silent]\n|\n|-weather|none\n|upkeep\n|\n|t:|1699994685\n|switch|p1a: Ditto|Ditto, shiny|100\/100\n|-damage|p1a: Ditto|88\/100|[from] Stealth Rock\n|-transform|p1a: Ditto|p2a: Haxorus|[from] ability: Imposter\n|-ability|p1a: Ditto|Mold Breaker\n|-start|p1a: Ditto|typechange|Dragon|[silent]\n|turn|10\n|inactive|johann2502 has 120 seconds left.\n|\n|t:|1699994706\n|-terastallize|p1a: Ditto|Normal\n|move|p1a: Ditto|Earthquake|p2a: Haxorus\n|-supereffective|p2a: Haxorus\n|-damage|p2a: Haxorus|0 fnt\n|faint|p2a: Haxorus\n|\n|upkeep\n|\n|t:|1699994721\n|switch|p2a: Quaquaval|Quaquaval, F|100\/100\n|turn|11\n|c|\u2606johann2502|:D\n|inactive|kensei4k has 120 seconds left.\n|\n|t:|1699994739\n|switch|p1a: Gardevoir|Gardevoir, F|100\/100\n|-damage|p1a: Gardevoir|88\/100|[from] Stealth Rock\n|move|p2a: Quaquaval|Aqua Step|p1a: Gardevoir\n|-damage|p1a: Gardevoir|23\/100\n|-boost|p2a: Quaquaval|spe|1\n|\n|upkeep\n|turn|12\n|inactive|kensei4k has 120 seconds left.\n|\n|t:|1699994750\n|move|p2a: Quaquaval|Aqua Step|p1a: Gardevoir\n|-damage|p1a: Gardevoir|0 fnt\n|-boost|p2a: Quaquaval|spe|1\n|faint|p1a: Gardevoir\n|-ability|p2a: Quaquaval|Moxie|boost\n|-boost|p2a: Quaquaval|atk|1\n|\n|-sideend|p2: kensei4k|move: Aurora Veil\n|upkeep\n|\n|t:|1699994760\n|switch|p1a: Gyarados|Gyarados, F|100\/100\n|-damage|p1a: Gyarados|76\/100|[from] Stealth Rock\n|-ability|p1a: Gyarados|Intimidate|boost\n|-unboost|p2a: Quaquaval|atk|1\n|turn|13\n|\n|t:|1699994774\n|move|p2a: Quaquaval|Knock Off|p1a: Gyarados\n|-damage|p1a: Gyarados|40\/100\n|-enditem|p1a: Gyarados|Life Orb|[from] move: Knock Off|[of] p2a: Quaquaval\n|move|p1a: Gyarados|Dragon Dance|p1a: Gyarados\n|-boost|p1a: Gyarados|atk|1\n|-boost|p1a: Gyarados|spe|1\n|\n|upkeep\n|turn|14\n|inactive|kensei4k has 120 seconds left.\n|\n|t:|1699994789\n|switch|p2a: Ninetales|Ninetales-Alola, M, shiny|75\/100\n|-weather|Snow|[from] ability: Snow Warning|[of] p2a: Ninetales\n|move|p1a: Gyarados|Protect||[still]\n|-fail|p1a: Gyarados\n|\n|-weather|Snow|[upkeep]\n|upkeep\n|turn|15\n|inactive|kensei4k has 120 seconds left.\n|\n|t:|1699994816\n|move|p1a: Gyarados|Aqua Tail|p2a: Ninetales\n|-damage|p2a: Ninetales|21\/100\n|move|p2a: Ninetales|Roar|p1a: Gyarados\n|drag|p1a: Garchomp|Garchomp, M|100\/100\n|-damage|p1a: Garchomp|94\/100|[from] Stealth Rock\n|\n|-weather|Snow|[upkeep]\n|upkeep\n|turn|16\n|inactive|kensei4k has 120 seconds left.\n|\n|t:|1699994828\n|move|p2a: Ninetales|Freeze-Dry|p1a: Garchomp\n|-supereffective|p1a: Garchomp\n|-damage|p1a: Garchomp|9\/100\n|-enditem|p1a: Garchomp|Aguav Berry|[eat]\n|-heal|p1a: Garchomp|43\/100|[from] item: Aguav Berry\n|move|p1a: Garchomp|Poison Jab|p2a: Ninetales\n|-supereffective|p2a: Ninetales\n|-damage|p2a: Ninetales|0 fnt\n|faint|p2a: Ninetales\n|\n|-weather|Snow|[upkeep]\n|upkeep\n|inactive|kensei4k has 120 seconds left.\n|c|\u2606johann2502|:D\n|c|\u2606kensei4k|:D\n|\n|t:|1699994853\n|switch|p2a: Quaquaval|Quaquaval, F|100\/100\n|turn|17\n|\n|t:|1699994868\n|move|p1a: Garchomp|Protect|p1a: Garchomp\n|-singleturn|p1a: Garchomp|Protect\n|move|p2a: Quaquaval|Close Combat|p1a: Garchomp\n|-activate|p1a: Garchomp|move: Protect\n|\n|-weather|Snow|[upkeep]\n|upkeep\n|turn|18\n|inactive|johann2502 has 90 seconds left.\n|\n|t:|1699994907\n|move|p1a: Garchomp|Poison Jab|p2a: Quaquaval\n|-damage|p2a: Quaquaval|72\/100\n|move|p2a: Quaquaval|Close Combat|p1a: Garchomp\n|-crit|p1a: Garchomp\n|-damage|p1a: Garchomp|0 fnt\n|-unboost|p2a: Quaquaval|def|1\n|-unboost|p2a: Quaquaval|spd|1\n|-damage|p2a: Quaquaval|60\/100|[from] ability: Rough Skin|[of] p1a: Garchomp\n|faint|p1a: Garchomp\n|-ability|p2a: Quaquaval|Moxie|boost\n|-boost|p2a: Quaquaval|atk|1\n|\n|-weather|none\n|upkeep\n|\n|t:|1699994922\n|switch|p1a: Gyarados|Gyarados, F|40\/100\n|-damage|p1a: Gyarados|15\/100|[from] Stealth Rock\n|-ability|p1a: Gyarados|Intimidate|boost\n|-unboost|p2a: Quaquaval|atk|1\n|turn|19\n|inactive|kensei4k has 90 seconds left.\n|\n|t:|1699994957\n|move|p1a: Gyarados|Protect|p1a: Gyarados\n|-singleturn|p1a: Gyarados|Protect\n|move|p2a: Quaquaval|Aqua Step|p1a: Gyarados\n|-activate|p1a: Gyarados|move: Protect\n|\n|upkeep\n|turn|20\n|\n|t:|1699994966\n|move|p1a: Gyarados|Ice Fang|p2a: Quaquaval\n|-resisted|p2a: Quaquaval\n|-damage|p2a: Quaquaval|42\/100\n|move|p2a: Quaquaval|Aqua Step|p1a: Gyarados\n|-resisted|p1a: Gyarados\n|-damage|p1a: Gyarados|0 fnt\n|-boost|p2a: Quaquaval|spe|1\n|faint|p1a: Gyarados\n|-ability|p2a: Quaquaval|Moxie|boost\n|-boost|p2a: Quaquaval|atk|1\n|\n|upkeep\n|\n|t:|1699994976\n|switch|p1a: Ditto|Ditto, shiny, tera:Normal|88\/100\n|-damage|p1a: Ditto|76\/100|[from] Stealth Rock\n|-transform|p1a: Ditto|p2a: Quaquaval|[from] ability: Imposter\n|turn|21\n|c|\u2606kensei4k|dont click the wrong move now\n|inactive|kensei4k has 90 seconds left.\n|\n|t:|1699994998\n|move|p1a: Ditto|Close Combat|p2a: Quaquaval\n|-damage|p2a: Quaquaval|0 fnt\n|-unboost|p1a: Ditto|def|1\n|-unboost|p1a: Ditto|spd|1\n|faint|p2a: Quaquaval\n|-ability|p1a: Ditto|Moxie|boost\n|-boost|p1a: Ditto|atk|1\n|\n|upkeep\n|c|\u2606kensei4k|gg\n|inactive|kensei4k has 90 seconds left.\n|c|\u2606johann2502|?\n|\n|t:|1699995006\n|switch|p2a: Ceruledge|Ceruledge, M|100\/100\n|turn|22\n|\n|t:|1699995016\n|move|p1a: Ditto|Close Combat|p2a: Ceruledge\n|-immune|p2a: Ceruledge\n|move|p2a: Ceruledge|Bitter Blade|p1a: Ditto\n|-damage|p1a: Ditto|0 fnt\n|faint|p1a: Ditto\n|\n|win|kensei4k\n|raw|johann2502's rating: 1101 &rarr; <strong>1078<\/strong><br \/>(-23 for losing)\n|raw|kensei4k's rating: 1132 &rarr; <strong>1155<\/strong><br \/>(+23 for winning)\n|c|\u2606kensei4k|like i said\n|c|\u2606johann2502|a\n|c|\u2606kensei4k|gg\n|c|\u2606johann2502|XD\n|c|\u2606johann2502|gg\n|l|\u2606johann2502\n|c|\u2606kensei4k|it was lost from the start\n","uploadtime":1699995039,"views":15,"p1id":"johann2502","p2id":"kensei4k","formatid":"gen9ou","rating":1078,"private":0,"password":""}