{"id":"gen9ou-1997450345","p1":"dbegh","p2":"vihaar","format":"[Gen 9] OU","log":"|j|\u2606dbegh\n|j|\u2606vihaar\n|t:|1700807373\n|gametype|singles\n|player|p1|dbegh|2|1049\n|player|p2|vihaar|101|1018\n|teamsize|p1|6\n|teamsize|p2|6\n|gen|9\n|tier|[Gen 9] OU\n|rated|\n|rule|Sleep Clause Mod: Limit one foe put to sleep\n|rule|Species Clause: Limit one of each Pok\u00e9mon\n|rule|OHKO Clause: OHKO moves are banned\n|rule|Evasion Items Clause: Evasion items are banned\n|rule|Evasion Moves Clause: Evasion moves are banned\n|rule|Endless Battle Clause: Forcing endless battles is banned\n|rule|HP Percentage Mod: HP is shown in percentages\n|clearpoke\n|poke|p1|Talonflame, F|\n|poke|p1|Alomomola, M|\n|poke|p1|Clodsire, M|\n|poke|p1|Dondozo, M|\n|poke|p1|Toxapex, F|\n|poke|p1|Blissey, F|\n|poke|p2|Clodsire, M|\n|poke|p2|Dondozo, M|\n|poke|p2|Alomomola, F|\n|poke|p2|Talonflame, M|\n|poke|p2|Toxapex, F|\n|poke|p2|Blissey, F|\n|teampreview\n|inactive|Battle timer is ON: inactive players will automatically lose when time's up. (requested by dbegh)\n|\n|t:|1700807382\n|start\n|switch|p1a: Blissey|Blissey, F, shiny|100\/100\n|switch|p2a: Blissey|Blissey, F|100\/100\n|turn|1\n|\n|t:|1700807387\n|move|p1a: Blissey|Stealth Rock|p2a: Blissey\n|-sidestart|p2: vihaar|move: Stealth Rock\n|move|p2a: Blissey|Stealth Rock|p1a: Blissey\n|-sidestart|p1: dbegh|move: Stealth Rock\n|\n|upkeep\n|turn|2\n|\n|t:|1700807391\n|switch|p2a: Toxapex|Toxapex, F|100\/100\n|move|p1a: Blissey|Seismic Toss|p2a: Toxapex\n|-damage|p2a: Toxapex|68\/100\n|\n|upkeep\n|turn|3\n|\n|t:|1700807397\n|switch|p1a: Toxapex|Toxapex, F|100\/100\n|move|p2a: Toxapex|Toxic|p1a: Toxapex\n|-immune|p1a: Toxapex\n|\n|upkeep\n|turn|4\n|\n|t:|1700807403\n|switch|p1a: Clodsire|Clodsire, M|100\/100\n|move|p2a: Toxapex|Infestation|p1a: Clodsire\n|-resisted|p1a: Clodsire\n|-damage|p1a: Clodsire|99\/100\n|-activate|p1a: Clodsire|move: Infestation|[of] p2a: Toxapex\n|\n|-damage|p1a: Clodsire|87\/100|[from] move: Infestation|[partiallytrapped]\n|upkeep\n|turn|5\n|\n|t:|1700807426\n|move|p2a: Toxapex|Recover|p2a: Toxapex\n|-heal|p2a: Toxapex|100\/100\n|move|p1a: Clodsire|Earthquake|p2a: Toxapex\n|-supereffective|p2a: Toxapex\n|-damage|p2a: Toxapex|65\/100\n|\n|-damage|p1a: Clodsire|75\/100|[from] move: Infestation|[partiallytrapped]\n|upkeep\n|turn|6\n|\n|t:|1700807443\n|switch|p2a: Talonflame|Talonflame, M|100\/100\n|move|p1a: Clodsire|Earthquake|p2a: Talonflame\n|-immune|p2a: Talonflame\n|\n|-end|p1a: Clodsire|Infestation|[partiallytrapped]|[silent]\n|upkeep\n|turn|7\n|\n|t:|1700807451\n|move|p2a: Talonflame|Will-O-Wisp|p1a: Clodsire|[miss]\n|-miss|p2a: Talonflame|p1a: Clodsire\n|move|p1a: Clodsire|Toxic|p2a: Talonflame\n|-status|p2a: Talonflame|tox\n|\n|-damage|p2a: Talonflame|94\/100 tox|[from] psn\n|upkeep\n|turn|8\n|\n|t:|1700807458\n|switch|p1a: Blissey|Blissey, F, shiny|100\/100\n|move|p2a: Talonflame|Will-O-Wisp|p1a: Blissey\n|-status|p1a: Blissey|brn\n|\n|-damage|p2a: Talonflame|82\/100 tox|[from] psn\n|-damage|p1a: Blissey|94\/100 brn|[from] brn\n|upkeep\n|turn|9\n|\n|t:|1700807467\n|switch|p2a: Toxapex|Toxapex, F|98\/100\n|-curestatus|p1a: Blissey|brn|[from] ability: Natural Cure\n|switch|p1a: Talonflame|Talonflame, F|100\/100\n|\n|upkeep\n|turn|10\n|\n|t:|1700807475\n|switch|p1a: Toxapex|Toxapex, F|100\/100\n|move|p2a: Toxapex|Toxic|p1a: Toxapex\n|-immune|p1a: Toxapex\n|\n|upkeep\n|turn|11\n|\n|t:|1700807480\n|move|p1a: Toxapex|Infestation|p2a: Toxapex\n|-resisted|p2a: Toxapex\n|-damage|p2a: Toxapex|97\/100\n|-activate|p2a: Toxapex|move: Infestation|[of] p1a: Toxapex\n|move|p2a: Toxapex|Infestation|p1a: Toxapex\n|-resisted|p1a: Toxapex\n|-damage|p1a: Toxapex|99\/100\n|-activate|p1a: Toxapex|move: Infestation|[of] p2a: Toxapex\n|\n|-damage|p2a: Toxapex|84\/100|[from] move: Infestation|[partiallytrapped]\n|-damage|p1a: Toxapex|87\/100|[from] move: Infestation|[partiallytrapped]\n|upkeep\n|turn|12\n|\n|t:|1700807495\n|move|p1a: Toxapex|Haze|p1a: Toxapex\n|-clearallboost\n|move|p2a: Toxapex|Infestation|p1a: Toxapex\n|-resisted|p1a: Toxapex\n|-damage|p1a: Toxapex|86\/100\n|\n|-damage|p2a: Toxapex|72\/100|[from] move: Infestation|[partiallytrapped]\n|-damage|p1a: Toxapex|73\/100|[from] move: Infestation|[partiallytrapped]\n|upkeep\n|turn|13\n|\n|t:|1700807503\n|move|p2a: Toxapex|Haze|p2a: Toxapex\n|-clearallboost\n|move|p1a: Toxapex|Haze|p1a: Toxapex\n|-clearallboost\n|\n|-damage|p1a: Toxapex|61\/100|[from] move: Infestation|[partiallytrapped]\n|-damage|p2a: Toxapex|59\/100|[from] move: Infestation|[partiallytrapped]\n|upkeep\n|turn|14\n|\n|t:|1700807511\n|move|p1a: Toxapex|Haze|p1a: Toxapex\n|-clearallboost\n|move|p2a: Toxapex|Haze|p2a: Toxapex\n|-clearallboost\n|\n|-damage|p2a: Toxapex|47\/100|[from] move: Infestation|[partiallytrapped]\n|-damage|p1a: Toxapex|48\/100|[from] move: Infestation|[partiallytrapped]\n|upkeep\n|turn|15\n|\n|t:|1700807520\n|move|p2a: Toxapex|Haze|p2a: Toxapex\n|-clearallboost\n|move|p1a: Toxapex|Haze|p1a: Toxapex\n|-clearallboost\n|\n|-end|p1a: Toxapex|Infestation|[partiallytrapped]\n|-end|p2a: Toxapex|Infestation|[partiallytrapped]\n|upkeep\n|turn|16\n|\n|t:|1700807527\n|switch|p1a: Clodsire|Clodsire, M|75\/100\n|move|p2a: Toxapex|Infestation|p1a: Clodsire\n|-resisted|p1a: Clodsire\n|-damage|p1a: Clodsire|74\/100\n|-activate|p1a: Clodsire|move: Infestation|[of] p2a: Toxapex\n|\n|-damage|p1a: Clodsire|61\/100|[from] move: Infestation|[partiallytrapped]\n|upkeep\n|turn|17\n|\n|t:|1700807535\n|move|p2a: Toxapex|Recover|p2a: Toxapex\n|-heal|p2a: Toxapex|97\/100\n|move|p1a: Clodsire|Earthquake|p2a: Toxapex\n|-supereffective|p2a: Toxapex\n|-damage|p2a: Toxapex|63\/100\n|\n|-damage|p1a: Clodsire|49\/100|[from] move: Infestation|[partiallytrapped]\n|upkeep\n|turn|18\n|\n|t:|1700807548\n|switch|p2a: Talonflame|Talonflame, M|82\/100 tox\n|move|p1a: Clodsire|Recover|p1a: Clodsire\n|-heal|p1a: Clodsire|99\/100\n|\n|-damage|p2a: Talonflame|76\/100 tox|[from] psn\n|-end|p1a: Clodsire|Infestation|[partiallytrapped]|[silent]\n|upkeep\n|turn|19\n|\n|t:|1700807555\n|switch|p1a: Blissey|Blissey, F, shiny|94\/100\n|move|p2a: Talonflame|Will-O-Wisp|p1a: Blissey\n|-status|p1a: Blissey|brn\n|\n|-damage|p2a: Talonflame|64\/100 tox|[from] psn\n|-damage|p1a: Blissey|88\/100 brn|[from] brn\n|upkeep\n|turn|20\n|\n|t:|1700807564\n|-curestatus|p1a: Blissey|brn|[from] ability: Natural Cure\n|switch|p1a: Talonflame|Talonflame, F|100\/100\n|move|p2a: Talonflame|Roost|p2a: Talonflame\n|-heal|p2a: Talonflame|100\/100 tox\n|-singleturn|p2a: Talonflame|move: Roost\n|\n|-damage|p2a: Talonflame|82\/100 tox|[from] psn\n|upkeep\n|turn|21\n|\n|t:|1700807579\n|switch|p2a: Toxapex|Toxapex, F|96\/100\n|move|p1a: Talonflame|Will-O-Wisp|p2a: Toxapex\n|-status|p2a: Toxapex|brn\n|\n|-damage|p2a: Toxapex|90\/100 brn|[from] brn\n|upkeep\n|turn|22\n|\n|t:|1700807592\n|switch|p1a: Toxapex|Toxapex, F|81\/100\n|switch|p2a: Talonflame|Talonflame, M|82\/100 tox\n|\n|-damage|p2a: Talonflame|76\/100 tox|[from] psn\n|upkeep\n|turn|23\n|\n|t:|1700807602\n|switch|p1a: Talonflame|Talonflame, F|100\/100\n|move|p2a: Talonflame|Will-O-Wisp|p1a: Talonflame\n|-immune|p1a: Talonflame\n|\n|-damage|p2a: Talonflame|64\/100 tox|[from] psn\n|upkeep\n|turn|24\n|\n|t:|1700807610\n|switch|p2a: Blissey|Blissey, F|100\/100\n|move|p1a: Talonflame|Flamethrower|p2a: Blissey\n|-damage|p2a: Blissey|94\/100\n|\n|upkeep\n|turn|25\n|\n|t:|1700807618\n|switch|p1a: Toxapex|Toxapex, F|100\/100\n|move|p2a: Blissey|Seismic Toss|p1a: Toxapex\n|-damage|p1a: Toxapex|68\/100\n|\n|upkeep\n|turn|26\n|\n|t:|1700807629\n|switch|p2a: Toxapex|Toxapex, F|100\/100 brn\n|switch|p1a: Alomomola|Alomomola, M|100\/100\n|\n|-damage|p2a: Toxapex|94\/100 brn|[from] brn\n|upkeep\n|turn|27\n|\n|t:|1700807635\n|switch|p1a: Toxapex|Toxapex, F|100\/100\n|move|p2a: Toxapex|Toxic|p1a: Toxapex\n|-immune|p1a: Toxapex\n|\n|-damage|p2a: Toxapex|88\/100 brn|[from] brn\n|upkeep\n|turn|28\n|\n|t:|1700807644\n|switch|p2a: Clodsire|Clodsire, M|100\/100\n|move|p1a: Toxapex|Infestation|p2a: Clodsire\n|-resisted|p2a: Clodsire\n|-damage|p2a: Clodsire|99\/100\n|-activate|p2a: Clodsire|move: Infestation|[of] p1a: Toxapex\n|\n|-damage|p2a: Clodsire|87\/100|[from] move: Infestation|[partiallytrapped]\n|upkeep\n|turn|29\n|\n|t:|1700807654\n|move|p1a: Toxapex|Haze|p1a: Toxapex\n|-clearallboost\n|move|p2a: Clodsire|Earthquake|p1a: Toxapex\n|-supereffective|p1a: Toxapex\n|-damage|p1a: Toxapex|68\/100\n|\n|-damage|p2a: Clodsire|75\/100|[from] move: Infestation|[partiallytrapped]\n|upkeep\n|turn|30\n|\n|t:|1700807662\n|switch|p1a: Dondozo|Dondozo, M|100\/100\n|move|p2a: Clodsire|Earthquake|p1a: Dondozo\n|-damage|p1a: Dondozo|88\/100\n|\n|-end|p2a: Clodsire|Infestation|[partiallytrapped]|[silent]\n|upkeep\n|turn|31\n|\n|t:|1700807668\n|switch|p1a: Toxapex|Toxapex, F|100\/100\n|move|p2a: Clodsire|Toxic|p1a: Toxapex\n|-immune|p1a: Toxapex\n|\n|upkeep\n|turn|32\n|-message|vihaar forfeited.\n|\n|win|dbegh\n|raw|dbegh's rating: 1049 &rarr; <strong>1079<\/strong><br \/>(+30 for winning)\n|raw|vihaar's rating: 1018 &rarr; <strong>1006<\/strong><br \/>(-12 for losing)\n|l|\u2606vihaar\n","uploadtime":1700807676,"views":2,"p1id":"dbegh","p2id":"vihaar","formatid":"gen9ou","rating":1006,"private":0,"password":""}