{"id":"gen9ou-1990155133","p1":"Fr0sTtzz","p2":"JaimeLX","format":"[Gen 9] OU","log":"|j|\u2606Fr0sTtzz\n|j|\u2606JaimeLX\n|t:|1699930623\n|gametype|singles\n|player|p1|Fr0sTtzz|102|\n|player|p2|JaimeLX|cynthia|\n|teamsize|p1|6\n|teamsize|p2|6\n|gen|9\n|tier|[Gen 9] OU\n|rule|Sleep Clause Mod: Limit one foe put to sleep\n|rule|Species Clause: Limit one of each Pok\u00e9mon\n|rule|OHKO Clause: OHKO moves are banned\n|rule|Evasion Items Clause: Evasion items are banned\n|rule|Evasion Moves Clause: Evasion moves are banned\n|rule|Endless Battle Clause: Forcing endless battles is banned\n|rule|HP Percentage Mod: HP is shown in percentages\n|clearpoke\n|poke|p1|Gholdengo|\n|poke|p1|Iron Valiant|\n|poke|p1|Lucario, M|\n|poke|p1|Arcanine-Hisui, F|\n|poke|p1|Meowscarada, F|\n|poke|p1|Torkoal, M|\n|poke|p2|Klefki, F|\n|poke|p2|Weezing-Galar, F|\n|poke|p2|Grimmsnarl, M|\n|poke|p2|Mimikyu, M|\n|poke|p2|Tinkaton, F|\n|poke|p2|Iron Valiant|\n|teampreview\n|\n|t:|1699930634\n|start\n|switch|p1a: Torkoal|Torkoal, M|100\/100\n|switch|p2a: Grimmsnarl|Grimmsnarl, M|100\/100\n|-weather|SunnyDay|[from] ability: Drought|[of] p1a: Torkoal\n|turn|1\n|\n|t:|1699930650\n|move|p2a: Grimmsnarl|Fake Out|p1a: Torkoal\n|-damage|p1a: Torkoal|94\/100\n|-damage|p2a: Grimmsnarl|84\/100|[from] item: Rocky Helmet|[of] p1a: Torkoal\n|cant|p1a: Torkoal|flinch\n|\n|-weather|SunnyDay|[upkeep]\n|upkeep\n|turn|2\n|\n|t:|1699930656\n|move|p2a: Grimmsnarl|Stomping Tantrum|p1a: Torkoal\n|-supereffective|p1a: Torkoal\n|-damage|p1a: Torkoal|71\/100\n|-damage|p2a: Grimmsnarl|68\/100|[from] item: Rocky Helmet|[of] p1a: Torkoal\n|move|p1a: Torkoal|Stealth Rock|p2a: Grimmsnarl\n|-sidestart|p2: JaimeLX|move: Stealth Rock\n|\n|-weather|SunnyDay|[upkeep]\n|upkeep\n|turn|3\n|\n|t:|1699930664\n|move|p2a: Grimmsnarl|Parting Shot|p1a: Torkoal\n|-unboost|p1a: Torkoal|atk|1\n|-unboost|p1a: Torkoal|spa|1\n|\n|t:|1699930667\n|switch|p2a: Weezing|Weezing-Galar, F|100\/100|[from] Parting Shot\n|-damage|p2a: Weezing|88\/100|[from] Stealth Rock\n|-fieldstart|move: Misty Terrain|[from] ability: Misty Surge|[of] p2a: Weezing\n|move|p1a: Torkoal|Will-O-Wisp|p2a: Weezing\n|-activate|p2a: Weezing|move: Misty Terrain\n|\n|-weather|SunnyDay|[upkeep]\n|upkeep\n|turn|4\n|\n|t:|1699930680\n|move|p2a: Weezing|Toxic Spikes|p1a: Torkoal\n|-sidestart|p1: Fr0sTtzz|move: Toxic Spikes\n|move|p1a: Torkoal|Overheat|p2a: Weezing\n|-damage|p2a: Weezing|44\/100\n|-unboost|p1a: Torkoal|spa|2\n|\n|-weather|SunnyDay|[upkeep]\n|upkeep\n|turn|5\n|\n|t:|1699930687\n|move|p2a: Weezing|Pain Split|p1a: Torkoal\n|-sethp|p1a: Torkoal|61\/100|[from] move: Pain Split|[silent]\n|-sethp|p2a: Weezing|52\/100|[from] move: Pain Split\n|move|p1a: Torkoal|Rapid Spin|p2a: Weezing\n|-damage|p2a: Weezing|46\/100\n|-boost|p1a: Torkoal|spe|1\n|-sideend|p1: Fr0sTtzz|Toxic Spikes|[from] move: Rapid Spin|[of] p1a: Torkoal\n|\n|-weather|none\n|upkeep\n|turn|6\n|\n|t:|1699930703\n|move|p2a: Weezing|Pain Split|p1a: Torkoal\n|-sethp|p1a: Torkoal|58\/100|[from] move: Pain Split|[silent]\n|-sethp|p2a: Weezing|49\/100|[from] move: Pain Split\n|move|p1a: Torkoal|Rapid Spin|p2a: Weezing\n|-damage|p2a: Weezing|43\/100\n|-boost|p1a: Torkoal|spe|1\n|\n|upkeep\n|turn|7\n|\n|t:|1699930713\n|move|p2a: Weezing|Flamethrower|p1a: Torkoal\n|-resisted|p1a: Torkoal\n|-damage|p1a: Torkoal|43\/100\n|move|p1a: Torkoal|Overheat|p2a: Weezing\n|-crit|p2a: Weezing\n|-damage|p2a: Weezing|0 fnt\n|-unboost|p1a: Torkoal|spa|2\n|faint|p2a: Weezing\n|\n|upkeep\n|\n|t:|1699930730\n|switch|p2a: Klefki|Klefki, F|100\/100\n|-damage|p2a: Klefki|95\/100|[from] Stealth Rock\n|turn|8\n|\n|t:|1699930741\n|switch|p1a: Arcanine|Arcanine-Hisui, F|100\/100\n|move|p2a: Klefki|Light Screen|p2a: Klefki\n|-sidestart|p2: JaimeLX|move: Light Screen\n|\n|upkeep\n|turn|9\n|\n|t:|1699930751\n|move|p2a: Klefki|Reflect|p2a: Klefki\n|-sidestart|p2: JaimeLX|Reflect\n|move|p1a: Arcanine|Flare Blitz|p2a: Klefki\n|-supereffective|p2a: Klefki\n|-damage|p2a: Klefki|42\/100\n|\n|upkeep\n|turn|10\n|\n|t:|1699930757\n|move|p2a: Klefki|Thunder Wave|p1a: Arcanine\n|-activate|p1a: Arcanine|move: Misty Terrain\n|move|p1a: Arcanine|Head Smash|p2a: Klefki|[miss]\n|-miss|p1a: Arcanine|p2a: Klefki\n|\n|-fieldend|Misty Terrain\n|upkeep\n|turn|11\n|\n|t:|1699930766\n|move|p2a: Klefki|Thunder Wave|p1a: Arcanine\n|-status|p1a: Arcanine|par\n|move|p1a: Arcanine|Flare Blitz|p2a: Klefki\n|-supereffective|p2a: Klefki\n|-damage|p2a: Klefki|0 fnt\n|faint|p2a: Klefki\n|\n|upkeep\n|\n|t:|1699930778\n|switch|p2a: Mimikyu|Mimikyu, M|100\/100\n|-damage|p2a: Mimikyu|88\/100|[from] Stealth Rock\n|turn|12\n|\n|t:|1699930803\n|switch|p1a: Torkoal|Torkoal, M|43\/100\n|-weather|SunnyDay|[from] ability: Drought|[of] p1a: Torkoal\n|move|p2a: Mimikyu|Drain Punch|p1a: Torkoal\n|-damage|p1a: Torkoal|23\/100\n|-heal|p2a: Mimikyu|99\/100|[from] drain|[of] p1a: Torkoal\n|-damage|p2a: Mimikyu|83\/100|[from] item: Rocky Helmet|[of] p1a: Torkoal\n|-damage|p2a: Mimikyu|73\/100|[from] item: Life Orb\n|\n|-weather|SunnyDay|[upkeep]\n|upkeep\n|turn|13\n|\n|t:|1699930827\n|switch|p2a: Grimmsnarl|Grimmsnarl, M|68\/100\n|-damage|p2a: Grimmsnarl|55\/100|[from] Stealth Rock\n|move|p1a: Torkoal|Rapid Spin|p2a: Grimmsnarl\n|-damage|p2a: Grimmsnarl|49\/100\n|-boost|p1a: Torkoal|spe|1\n|\n|-weather|SunnyDay|[upkeep]\n|upkeep\n|turn|14\n|\n|t:|1699930837\n|move|p2a: Grimmsnarl|Stomping Tantrum|p1a: Torkoal\n|-supereffective|p1a: Torkoal\n|-damage|p1a: Torkoal|0 fnt\n|-damage|p2a: Grimmsnarl|33\/100|[from] item: Rocky Helmet|[of] p1a: Torkoal\n|faint|p1a: Torkoal\n|\n|-weather|SunnyDay|[upkeep]\n|upkeep\n|\n|t:|1699930843\n|switch|p1a: Lucario|Lucario, M|100\/100\n|turn|15\n|\n|t:|1699930854\n|move|p1a: Lucario|Flash Cannon|p2a: Grimmsnarl\n|-supereffective|p2a: Grimmsnarl\n|-damage|p2a: Grimmsnarl|0 fnt\n|faint|p2a: Grimmsnarl\n|-damage|p1a: Lucario|91\/100|[from] item: Life Orb\n|\n|-weather|SunnyDay|[upkeep]\n|-sideend|p2: JaimeLX|move: Light Screen\n|upkeep\n|\n|t:|1699930878\n|switch|p2a: Tinkaton|Tinkaton, F|100\/100\n|-damage|p2a: Tinkaton|94\/100|[from] Stealth Rock\n|-ability|p2a: Tinkaton|Mold Breaker\n|turn|16\n|\n|t:|1699930890\n|move|p2a: Tinkaton|Brick Break|p1a: Lucario\n|-supereffective|p1a: Lucario\n|-damage|p1a: Lucario|28\/100\n|move|p1a: Lucario|Dark Pulse|p2a: Tinkaton\n|-resisted|p2a: Tinkaton\n|-damage|p2a: Tinkaton|83\/100\n|-damage|p1a: Lucario|18\/100|[from] item: Life Orb\n|\n|-weather|none\n|-sideend|p2: JaimeLX|Reflect\n|upkeep\n|turn|17\n|\n|t:|1699930901\n|move|p1a: Lucario|Extreme Speed|p2a: Tinkaton\n|-resisted|p2a: Tinkaton\n|-damage|p2a: Tinkaton|67\/100\n|-damage|p1a: Lucario|8\/100|[from] item: Life Orb\n|move|p2a: Tinkaton|Brick Break|p1a: Lucario\n|-supereffective|p1a: Lucario\n|-crit|p1a: Lucario\n|-damage|p1a: Lucario|0 fnt\n|faint|p1a: Lucario\n|\n|upkeep\n|\n|t:|1699930910\n|switch|p1a: Gholdengo|Gholdengo|100\/100\n|turn|18\n|\n|t:|1699930926\n|move|p2a: Tinkaton|Knock Off|p1a: Gholdengo\n|-supereffective|p1a: Gholdengo\n|-damage|p1a: Gholdengo|43\/100\n|-enditem|p1a: Gholdengo|Leftovers|[from] move: Knock Off|[of] p2a: Tinkaton\n|move|p1a: Gholdengo|Nasty Plot|p1a: Gholdengo\n|-boost|p1a: Gholdengo|spa|2\n|\n|upkeep\n|turn|19\n|\n|t:|1699930945\n|move|p2a: Tinkaton|Knock Off|p1a: Gholdengo\n|-supereffective|p1a: Gholdengo\n|-damage|p1a: Gholdengo|5\/100\n|move|p1a: Gholdengo|Shadow Ball|p2a: Tinkaton\n|-damage|p2a: Tinkaton|2\/100\n|\n|upkeep\n|turn|20\n|\n|t:|1699930964\n|switch|p1a: Arcanine|Arcanine-Hisui, F|100\/100 par\n|move|p2a: Tinkaton|Knock Off|p1a: Arcanine\n|-damage|p1a: Arcanine|70\/100 par\n|-enditem|p1a: Arcanine|Assault Vest|[from] move: Knock Off|[of] p2a: Tinkaton\n|\n|upkeep\n|turn|21\n|\n|t:|1699930973\n|move|p1a: Arcanine|Extreme Speed|p2a: Tinkaton\n|-resisted|p2a: Tinkaton\n|-damage|p2a: Tinkaton|0 fnt\n|faint|p2a: Tinkaton\n|\n|upkeep\n|\n|t:|1699930982\n|switch|p2a: Mimikyu|Mimikyu, M|73\/100\n|-damage|p2a: Mimikyu|61\/100|[from] Stealth Rock\n|turn|22\n|\n|t:|1699931000\n|move|p2a: Mimikyu|Swords Dance|p2a: Mimikyu\n|-boost|p2a: Mimikyu|atk|2\n|move|p1a: Arcanine|Stone Edge|p2a: Mimikyu\n|-activate|p2a: Mimikyu|ability: Disguise\n|-damage|p2a: Mimikyu|61\/100\n|detailschange|p2a: Mimikyu|Mimikyu-Busted, M\n|-damage|p2a: Mimikyu|48\/100|[from] pokemon: Mimikyu-Busted\n|\n|upkeep\n|turn|23\n|\n|t:|1699931015\n|move|p2a: Mimikyu|Drain Punch|p1a: Arcanine\n|-supereffective|p1a: Arcanine\n|-damage|p1a: Arcanine|0 fnt\n|-heal|p2a: Mimikyu|94\/100|[from] drain|[of] p1a: Arcanine\n|faint|p1a: Arcanine\n|-damage|p2a: Mimikyu|84\/100|[from] item: Life Orb\n|\n|upkeep\n|\n|t:|1699931027\n|switch|p1a: Meowscarada|Meowscarada, F|100\/100\n|turn|24\n|\n|t:|1699931097\n|move|p1a: Meowscarada|Sucker Punch|p2a: Mimikyu\n|-start|p1a: Meowscarada|typechange|Dark|[from] ability: Protean\n|-damage|p2a: Mimikyu|26\/100\n|move|p2a: Mimikyu|Shadow Sneak|p1a: Meowscarada\n|-resisted|p1a: Meowscarada\n|-damage|p1a: Meowscarada|67\/100\n|-damage|p2a: Mimikyu|16\/100|[from] item: Life Orb\n|\n|upkeep\n|turn|25\n|\n|t:|1699931118\n|move|p1a: Meowscarada|Sucker Punch||[still]\n|-fail|p1a: Meowscarada\n|move|p2a: Mimikyu|Swords Dance|p2a: Mimikyu\n|-boost|p2a: Mimikyu|atk|2\n|\n|upkeep\n|turn|26\n|\n|t:|1699931134\n|move|p1a: Meowscarada|Sucker Punch|p2a: Mimikyu\n|-damage|p2a: Mimikyu|0 fnt\n|faint|p2a: Mimikyu\n|\n|upkeep\n|\n|t:|1699931137\n|switch|p2a: Iron Valiant|Iron Valiant|100\/100\n|-damage|p2a: Iron Valiant|94\/100|[from] Stealth Rock\n|-enditem|p2a: Iron Valiant|Booster Energy\n|-activate|p2a: Iron Valiant|ability: Quark Drive|[fromitem]\n|-start|p2a: Iron Valiant|quarkdrivespe\n|turn|27\n|\n|t:|1699931164\n|move|p2a: Iron Valiant|Calm Mind|p2a: Iron Valiant\n|-boost|p2a: Iron Valiant|spa|1\n|-boost|p2a: Iron Valiant|spd|1\n|move|p1a: Meowscarada|Play Rough|p2a: Iron Valiant\n|-supereffective|p2a: Iron Valiant\n|-damage|p2a: Iron Valiant|8\/100\n|\n|upkeep\n|turn|28\n|\n|t:|1699931172\n|move|p1a: Meowscarada|Sucker Punch|p2a: Iron Valiant\n|-resisted|p2a: Iron Valiant\n|-damage|p2a: Iron Valiant|0 fnt\n|faint|p2a: Iron Valiant\n|-end|p2a: Iron Valiant|Quark Drive|[silent]\n|\n|win|Fr0sTtzz\n","uploadtime":1699931175,"views":18,"p1id":"fr0sttzz","p2id":"jaimelx","formatid":"gen9ou","rating":0,"private":0,"password":""}