{"id":"gen9ou-2000280577","p1":"ShizuOsaka","p2":"miaoTV-\u9752","format":"[Gen 9] OU","log":"|j|\u2606ShizuOsaka\n|j|\u2606miaoTV-\u9752\n|t:|1701180860\n|gametype|singles\n|player|p1|ShizuOsaka|lady|1660\n|player|p2|miaoTV-\u9752|266|1725\n|teamsize|p1|6\n|teamsize|p2|6\n|gen|9\n|tier|[Gen 9] OU\n|rated|\n|rule|Sleep Clause Mod: Limit one foe put to sleep\n|rule|Species Clause: Limit one of each Pok\u00e9mon\n|rule|OHKO Clause: OHKO moves are banned\n|rule|Evasion Items Clause: Evasion items are banned\n|rule|Evasion Moves Clause: Evasion moves are banned\n|rule|Endless Battle Clause: Forcing endless battles is banned\n|rule|HP Percentage Mod: HP is shown in percentages\n|clearpoke\n|poke|p1|Toxtricity, M|\n|poke|p1|Ogerpon-Wellspring, F|\n|poke|p1|Cinderace, M|\n|poke|p1|Corviknight, F|\n|poke|p1|Landorus-Therian, M|\n|poke|p1|Enamorus, F|\n|poke|p2|Ogerpon-Wellspring, F|\n|poke|p2|Breloom, M|\n|poke|p2|Cinderace, F|\n|poke|p2|Landorus-Therian, M|\n|poke|p2|Slowking-Galar, M|\n|poke|p2|Tyranitar, M|\n|teampreview\n|inactive|Battle timer is ON: inactive players will automatically lose when time's up. (requested by ShizuOsaka)\n|\n|t:|1701180870\n|start\n|switch|p1a: Ogerpon|Ogerpon-Wellspring, F|100\/100\n|switch|p2a: Slowking|Slowking-Galar, M, shiny|100\/100\n|turn|1\n|\n|t:|1701180878\n|switch|p1a: Corviknight|Corviknight, F|100\/100\n|-ability|p1a: Corviknight|Pressure\n|move|p2a: Slowking|Chilly Reception|p2a: Slowking\n|-weather|Snow\n|\n|t:|1701180882\n|switch|p2a: Cinderace|Cinderace, F|100\/100|[from] Chilly Reception\n|\n|-weather|Snow|[upkeep]\n|upkeep\n|turn|2\n|\n|t:|1701180891\n|switch|p1a: Landorus|Landorus-Therian, M|100\/100\n|-ability|p1a: Landorus|Intimidate|boost\n|-unboost|p2a: Cinderace|atk|1\n|move|p2a: Cinderace|Pyro Ball|p1a: Landorus\n|-damage|p1a: Landorus|62\/100\n|\n|-weather|Snow|[upkeep]\n|-heal|p1a: Landorus|68\/100|[from] item: Leftovers\n|upkeep\n|turn|3\n|\n|t:|1701180896\n|move|p2a: Cinderace|U-turn|p1a: Landorus\n|-start|p2a: Cinderace|typechange|Bug|[from] ability: Libero\n|-resisted|p1a: Landorus\n|-damage|p1a: Landorus|56\/100\n|\n|t:|1701180900\n|switch|p2a: Landorus|Landorus-Therian, M|100\/100|[from] U-turn\n|-ability|p2a: Landorus|Intimidate|boost\n|-unboost|p1a: Landorus|atk|1\n|move|p1a: Landorus|U-turn|p2a: Landorus\n|-resisted|p2a: Landorus\n|-damage|p2a: Landorus|92\/100\n|\n|t:|1701180903\n|switch|p1a: Ogerpon|Ogerpon-Wellspring, F|100\/100|[from] U-turn\n|\n|-weather|Snow|[upkeep]\n|upkeep\n|turn|4\n|\n|t:|1701180907\n|move|p2a: Landorus|U-turn|p1a: Ogerpon\n|-supereffective|p1a: Ogerpon\n|-damage|p1a: Ogerpon|20\/100\n|\n|t:|1701180910\n|switch|p2a: Slowking|Slowking-Galar, M, shiny|100\/100|[from] U-turn\n|move|p1a: Ogerpon|Ivy Cudgel|p2a: Slowking|[anim] Ivy Cudgel Water\n|-damage|p2a: Slowking|58\/100\n|\n|-weather|Snow|[upkeep]\n|upkeep\n|turn|5\n|\n|t:|1701180917\n|switch|p1a: Toxtricity|Toxtricity, M|100\/100\n|move|p2a: Slowking|Chilly Reception|p2a: Slowking\n|\n|t:|1701180924\n|switch|p2a: Landorus|Landorus-Therian, M|92\/100|[from] Chilly Reception\n|-ability|p2a: Landorus|Intimidate|boost\n|-unboost|p1a: Toxtricity|atk|1\n|\n|-weather|none\n|upkeep\n|turn|6\n|\n|t:|1701180929\n|-terastallize|p1a: Toxtricity|Normal\n|move|p2a: Landorus|U-turn|p1a: Toxtricity\n|-damage|p1a: Toxtricity|53\/100\n|\n|t:|1701180934\n|switch|p2a: Tyranitar|Tyranitar, M|100\/100|[from] U-turn\n|-weather|Sandstorm|[from] ability: Sand Stream|[of] p2a: Tyranitar\n|move|p1a: Toxtricity|Boomburst|p2a: Tyranitar\n|-resisted|p2a: Tyranitar\n|-damage|p2a: Tyranitar|74\/100\n|\n|-weather|Sandstorm|[upkeep]\n|-damage|p1a: Toxtricity|47\/100|[from] Sandstorm\n|upkeep\n|turn|7\n|\n|t:|1701180940\n|switch|p1a: Landorus|Landorus-Therian, M|56\/100\n|-ability|p1a: Landorus|Intimidate|boost\n|-unboost|p2a: Tyranitar|atk|1\n|move|p2a: Tyranitar|Ice Beam|p1a: Landorus\n|-supereffective|p1a: Landorus\n|-damage|p1a: Landorus|0 fnt\n|faint|p1a: Landorus\n|\n|-weather|Sandstorm|[upkeep]\n|upkeep\n|\n|t:|1701180949\n|switch|p1a: Cinderace|Cinderace, M|100\/100\n|turn|8\n|c|\u2606miaoTV-\u9752|233333\n|\n|t:|1701180953\n|switch|p2a: Slowking|Slowking-Galar, M, shiny|91\/100\n|move|p1a: Cinderace|Pyro Ball|p2a: Slowking\n|-damage|p2a: Slowking|45\/100\n|\n|-weather|Sandstorm|[upkeep]\n|-damage|p1a: Cinderace|95\/100|[from] Sandstorm\n|-damage|p2a: Slowking|39\/100|[from] Sandstorm\n|upkeep\n|turn|9\n|\n|t:|1701180960\n|switch|p2a: Landorus|Landorus-Therian, M|92\/100\n|-ability|p2a: Landorus|Intimidate|boost\n|-unboost|p1a: Cinderace|atk|1\n|move|p1a: Cinderace|Pyro Ball|p2a: Landorus\n|-damage|p2a: Landorus|47\/100\n|\n|-weather|Sandstorm|[upkeep]\n|-damage|p1a: Cinderace|89\/100|[from] Sandstorm\n|upkeep\n|turn|10\n|\n|t:|1701180966\n|switch|p1a: Corviknight|Corviknight, F|100\/100\n|-ability|p1a: Corviknight|Pressure\n|move|p2a: Landorus|U-turn|p1a: Corviknight\n|-resisted|p1a: Corviknight\n|-damage|p1a: Corviknight|96\/100\n|-damage|p2a: Landorus|30\/100|[from] item: Rocky Helmet|[of] p1a: Corviknight\n|\n|t:|1701180970\n|switch|p2a: Cinderace|Cinderace, F|100\/100|[from] U-turn\n|\n|-weather|none\n|upkeep\n|turn|11\n|\n|t:|1701180974\n|switch|p1a: Cinderace|Cinderace, M|89\/100\n|move|p2a: Cinderace|Pyro Ball|p1a: Cinderace|[miss]\n|-miss|p2a: Cinderace|p1a: Cinderace\n|\n|upkeep\n|turn|12\n|j| Ran Kob\n|\n|t:|1701180978\n|move|p1a: Cinderace|Pyro Ball|p2a: Cinderace\n|-resisted|p2a: Cinderace\n|-damage|p2a: Cinderace|63\/100\n|move|p2a: Cinderace|U-turn|p1a: Cinderace\n|-start|p2a: Cinderace|typechange|Bug|[from] ability: Libero\n|-resisted|p1a: Cinderace\n|-damage|p1a: Cinderace|63\/100\n|\n|t:|1701180992\n|switch|p2a: Landorus|Landorus-Therian, M|30\/100|[from] U-turn\n|-ability|p2a: Landorus|Intimidate|boost\n|-unboost|p1a: Cinderace|atk|1\n|\n|upkeep\n|turn|13\n|\n|t:|1701180995\n|switch|p2a: Slowking|Slowking-Galar, M, shiny|72\/100\n|switch|p1a: Corviknight|Corviknight, F|96\/100\n|-ability|p1a: Corviknight|Pressure\n|\n|upkeep\n|turn|14\n|\n|t:|1701180999\n|move|p1a: Corviknight|U-turn|p2a: Slowking\n|-damage|p2a: Slowking|61\/100\n|-damage|p1a: Corviknight|80\/100|[from] item: Rocky Helmet|[of] p2a: Slowking\n|\n|t:|1701181001\n|switch|p1a: Toxtricity|Toxtricity, M, tera:Normal|47\/100|[from] U-turn\n|move|p2a: Slowking|Chilly Reception|p2a: Slowking\n|-weather|Snow\n|\n|t:|1701181013\n|switch|p2a: Tyranitar|Tyranitar, M|74\/100|[from] Chilly Reception\n|-weather|Sandstorm|[from] ability: Sand Stream|[of] p2a: Tyranitar\n|\n|-weather|Sandstorm|[upkeep]\n|-damage|p1a: Toxtricity|41\/100|[from] Sandstorm\n|upkeep\n|turn|15\n|\n|t:|1701181020\n|move|p1a: Toxtricity|Volt Switch|p2a: Tyranitar\n|-damage|p2a: Tyranitar|55\/100\n|\n|t:|1701181025\n|switch|p1a: Corviknight|Corviknight, F|80\/100|[from] Volt Switch\n|-ability|p1a: Corviknight|Pressure\n|move|p2a: Tyranitar|Thunderbolt|p1a: Corviknight\n|-supereffective|p1a: Corviknight\n|-damage|p1a: Corviknight|26\/100\n|\n|-weather|Sandstorm|[upkeep]\n|upkeep\n|turn|16\n|\n|t:|1701181036\n|move|p1a: Corviknight|U-turn|p2a: Tyranitar\n|-supereffective|p2a: Tyranitar\n|-damage|p2a: Tyranitar|31\/100\n|\n|t:|1701181039\n|switch|p1a: Cinderace|Cinderace, M|63\/100|[from] U-turn\n|move|p2a: Tyranitar|Earth Power|p1a: Cinderace\n|-supereffective|p1a: Cinderace\n|-crit|p1a: Cinderace\n|-damage|p1a: Cinderace|0 fnt\n|faint|p1a: Cinderace\n|\n|-weather|Sandstorm|[upkeep]\n|upkeep\n|\n|t:|1701181047\n|switch|p1a: Ogerpon|Ogerpon-Wellspring, F|20\/100\n|turn|17\n|-message|ShizuOsaka forfeited.\n|\n|win|miaoTV-\u9752\n|raw|ShizuOsaka's rating: 1660 &rarr; <strong>1644<\/strong><br \/>(-16 for losing)\n|raw|miaoTV-\u9752's rating: 1725 &rarr; <strong>1741<\/strong><br \/>(+16 for winning)\n|l|\u2606ShizuOsaka\n|l| Ran Kob\n|l|\u2606miaoTV-\u9752\n|j|\u2606miaoTV-\u9752\n|player|p2|miaoTV-\u9752|266\n|n|\u2606miaoTV-\u9752|miaotv\n","uploadtime":1701181082,"views":8,"p1id":"shizuosaka","p2id":"miaotv","formatid":"gen9ou","rating":1644,"private":0,"password":""}