{"id":"gen9ou-1997795692","p1":"ch1ck3n nu99ets","p2":"lostroncos","format":"[Gen 9] OU","log":"|j|\u2606ch1ck3n nu99ets\n|j|\u2606lostroncos\n|t:|1700853560\n|gametype|singles\n|player|p1|ch1ck3n nu99ets|2|1919\n|player|p2|lostroncos|266|1851\n|teamsize|p1|6\n|teamsize|p2|6\n|gen|9\n|tier|[Gen 9] OU\n|rated|\n|rule|Sleep Clause Mod: Limit one foe put to sleep\n|rule|Species Clause: Limit one of each Pok\u00e9mon\n|rule|OHKO Clause: OHKO moves are banned\n|rule|Evasion Items Clause: Evasion items are banned\n|rule|Evasion Moves Clause: Evasion moves are banned\n|rule|Endless Battle Clause: Forcing endless battles is banned\n|rule|HP Percentage Mod: HP is shown in percentages\n|clearpoke\n|poke|p1|Clefable, F|\n|poke|p1|Gholdengo|\n|poke|p1|Clodsire, M|\n|poke|p1|Tornadus-Therian, M|\n|poke|p1|Dragonite, F|\n|poke|p1|Mandibuzz, F|\n|poke|p2|Torkoal, F|\n|poke|p2|Walking Wake|\n|poke|p2|Great Tusk|\n|poke|p2|Cinderace, M|\n|poke|p2|Charizard, M|\n|poke|p2|Brute Bonnet|\n|teampreview\n|inactive|Battle timer is ON: inactive players will automatically lose when time's up. (requested by ch1ck3n nu99ets)\n|j| Z the S Tier\n|j| dfghhhg\n|\n|t:|1700853582\n|start\n|switch|p1a: Tornadus|Tornadus-Therian, M|100\/100\n|switch|p2a: Torkoal|Torkoal, F|100\/100\n|-weather|SunnyDay|[from] ability: Drought|[of] p2a: Torkoal\n|turn|1\n|\n|t:|1700853594\n|switch|p2a: Cinderace|Cinderace, M|100\/100\n|move|p1a: Tornadus|Bleakwind Storm|p2a: Cinderace\n|-damage|p2a: Cinderace|29\/100\n|\n|-weather|SunnyDay|[upkeep]\n|upkeep\n|turn|2\n|\n|t:|1700853603\n|switch|p2a: Walking Wake|Walking Wake|100\/100\n|-activate|p2a: Walking Wake|ability: Protosynthesis\n|-start|p2a: Walking Wake|protosynthesisspe\n|switch|p1a: Dragonite|Dragonite, F|100\/100\n|\n|-weather|SunnyDay|[upkeep]\n|upkeep\n|turn|3\n|j| VicBossMG\n|\n|t:|1700853612\n|move|p2a: Walking Wake|Draco Meteor|p1a: Dragonite\n|-supereffective|p1a: Dragonite\n|-damage|p1a: Dragonite|8\/100\n|-unboost|p2a: Walking Wake|spa|2\n|move|p1a: Dragonite|Roost|p1a: Dragonite\n|-heal|p1a: Dragonite|58\/100\n|-singleturn|p1a: Dragonite|move: Roost\n|\n|-weather|SunnyDay|[upkeep]\n|upkeep\n|turn|4\n|\n|t:|1700853622\n|switch|p1a: Tornadus|Tornadus-Therian, M|100\/100\n|move|p2a: Walking Wake|Draco Meteor|p1a: Tornadus\n|-damage|p1a: Tornadus|44\/100\n|-unboost|p2a: Walking Wake|spa|2\n|\n|-weather|SunnyDay|[upkeep]\n|upkeep\n|turn|5\n|j| fropop\n|\n|t:|1700853632\n|-end|p2a: Walking Wake|Protosynthesis|[silent]\n|switch|p2a: Cinderace|Cinderace, M|29\/100\n|move|p1a: Tornadus|Knock Off|p2a: Cinderace\n|-damage|p2a: Cinderace|0 fnt\n|-enditem|p2a: Cinderace|Heavy-Duty Boots|[from] move: Knock Off|[of] p1a: Tornadus\n|faint|p2a: Cinderace\n|\n|-weather|SunnyDay|[upkeep]\n|upkeep\n|\n|t:|1700853640\n|switch|p2a: Walking Wake|Walking Wake|100\/100\n|-activate|p2a: Walking Wake|ability: Protosynthesis\n|-start|p2a: Walking Wake|protosynthesisspe\n|turn|6\n|\n|t:|1700853647\n|switch|p1a: Gholdengo|Gholdengo|100\/100\n|move|p2a: Walking Wake|Hydro Steam|p1a: Gholdengo\n|-damage|p1a: Gholdengo|14\/100\n|\n|-weather|SunnyDay|[upkeep]\n|-heal|p1a: Gholdengo|20\/100|[from] item: Leftovers\n|upkeep\n|turn|7\n|\n|t:|1700853654\n|move|p2a: Walking Wake|Hydro Steam|p1a: Gholdengo\n|-damage|p1a: Gholdengo|0 fnt\n|faint|p1a: Gholdengo\n|\n|-weather|SunnyDay|[upkeep]\n|upkeep\n|\n|t:|1700853655\n|switch|p1a: Dragonite|Dragonite, F|58\/100\n|turn|8\n|\n|t:|1700853661\n|-terastallize|p2a: Walking Wake|Water\n|move|p2a: Walking Wake|Hydro Steam|p1a: Dragonite\n|-resisted|p1a: Dragonite\n|-damage|p1a: Dragonite|1\/100\n|move|p1a: Dragonite|Roost|p1a: Dragonite\n|-heal|p1a: Dragonite|51\/100\n|-singleturn|p1a: Dragonite|move: Roost\n|\n|-weather|none\n|-end|p2a: Walking Wake|Protosynthesis\n|upkeep\n|turn|9\n|\n|t:|1700853671\n|-end|p2a: Walking Wake|Protosynthesis|[silent]\n|switch|p2a: Great Tusk|Great Tusk|100\/100\n|move|p1a: Dragonite|Roost|p1a: Dragonite\n|-heal|p1a: Dragonite|100\/100\n|-singleturn|p1a: Dragonite|move: Roost\n|\n|upkeep\n|turn|10\n|c|\u2606lostroncos|lol what a joke\n|c|\u2606lostroncos|1 hp\n|c|\u2606lostroncos|wtf\n|\n|t:|1700853684\n|switch|p1a: Tornadus|Tornadus-Therian, M|77\/100\n|move|p2a: Great Tusk|Ice Spinner|p1a: Tornadus\n|-supereffective|p1a: Tornadus\n|-damage|p1a: Tornadus|0 fnt\n|faint|p1a: Tornadus\n|\n|upkeep\n|\n|t:|1700853695\n|switch|p1a: Clefable|Clefable, F|100\/100\n|turn|11\n|\n|t:|1700853698\n|-end|p2a: Great Tusk|Protosynthesis|[silent]\n|switch|p2a: Torkoal|Torkoal, F|100\/100\n|-weather|SunnyDay|[from] ability: Drought|[of] p2a: Torkoal\n|move|p1a: Clefable|Moonblast|p2a: Torkoal\n|-resisted|p2a: Torkoal\n|-damage|p2a: Torkoal|65\/100\n|\n|-weather|SunnyDay|[upkeep]\n|upkeep\n|turn|12\n|\n|t:|1700853706\n|switch|p2a: Charizard|Charizard, M|100\/100\n|move|p1a: Clefable|Moonblast|p2a: Charizard\n|-resisted|p2a: Charizard\n|-damage|p2a: Charizard|63\/100\n|-unboost|p2a: Charizard|spa|1\n|\n|-weather|SunnyDay|[upkeep]\n|-damage|p2a: Charizard|50\/100|[from] ability: Solar Power|[of] p2a: Charizard\n|upkeep\n|turn|13\n|\n|t:|1700853716\n|switch|p1a: Dragonite|Dragonite, F|100\/100\n|move|p2a: Charizard|Weather Ball|p1a: Dragonite\n|-resisted|p1a: Dragonite\n|-damage|p1a: Dragonite|77\/100\n|\n|-weather|SunnyDay|[upkeep]\n|-damage|p2a: Charizard|38\/100|[from] ability: Solar Power|[of] p2a: Charizard\n|upkeep\n|turn|14\n|\n|t:|1700853724\n|switch|p2a: Great Tusk|Great Tusk|100\/100\n|-activate|p2a: Great Tusk|ability: Protosynthesis\n|-start|p2a: Great Tusk|protosynthesisatk\n|move|p1a: Dragonite|Roost|p1a: Dragonite\n|-heal|p1a: Dragonite|100\/100\n|-singleturn|p1a: Dragonite|move: Roost\n|\n|-weather|SunnyDay|[upkeep]\n|upkeep\n|turn|15\n|\n|t:|1700853733\n|switch|p1a: Mandibuzz|Mandibuzz, F|100\/100\n|move|p2a: Great Tusk|Bulk Up|p2a: Great Tusk\n|-boost|p2a: Great Tusk|atk|1\n|-boost|p2a: Great Tusk|def|1\n|\n|-weather|SunnyDay|[upkeep]\n|upkeep\n|turn|16\n|\n|t:|1700853739\n|move|p2a: Great Tusk|Ice Spinner|p1a: Mandibuzz\n|-supereffective|p1a: Mandibuzz\n|-damage|p1a: Mandibuzz|39\/100\n|move|p1a: Mandibuzz|Toxic|p2a: Great Tusk\n|-status|p2a: Great Tusk|tox\n|\n|-weather|SunnyDay|[upkeep]\n|-damage|p2a: Great Tusk|94\/100 tox|[from] psn\n|upkeep\n|turn|17\n|\n|t:|1700853748\n|move|p2a: Great Tusk|Ice Spinner|p1a: Mandibuzz\n|-supereffective|p1a: Mandibuzz\n|-crit|p1a: Mandibuzz\n|-damage|p1a: Mandibuzz|0 fnt\n|faint|p1a: Mandibuzz\n|\n|-weather|SunnyDay|[upkeep]\n|-heal|p2a: Great Tusk|100\/100 tox|[from] item: Leftovers\n|-damage|p2a: Great Tusk|88\/100 tox|[from] psn\n|upkeep\n|l| Z the S Tier\n|\n|t:|1700853755\n|switch|p1a: Clodsire|Clodsire, M|100\/100\n|turn|18\n|\n|t:|1700853758\n|move|p2a: Great Tusk|Earthquake|p1a: Clodsire\n|-supereffective|p1a: Clodsire\n|-damage|p1a: Clodsire|0 fnt\n|faint|p1a: Clodsire\n|\n|-weather|none\n|-end|p2a: Great Tusk|Protosynthesis\n|-heal|p2a: Great Tusk|94\/100 tox|[from] item: Leftovers\n|-damage|p2a: Great Tusk|76\/100 tox|[from] psn\n|upkeep\n|\n|t:|1700853760\n|switch|p1a: Clefable|Clefable, F|100\/100\n|turn|19\n|j| Z the S Tier\n|\n|t:|1700853769\n|-end|p2a: Great Tusk|Protosynthesis|[silent]\n|switch|p2a: Torkoal|Torkoal, F|65\/100\n|-weather|SunnyDay|[from] ability: Drought|[of] p2a: Torkoal\n|move|p1a: Clefable|Moonblast|p2a: Torkoal\n|-resisted|p2a: Torkoal\n|-damage|p2a: Torkoal|30\/100\n|\n|-weather|SunnyDay|[upkeep]\n|upkeep\n|turn|20\n|\n|t:|1700853781\n|move|p1a: Clefable|Moonblast|p2a: Torkoal\n|-resisted|p2a: Torkoal\n|-damage|p2a: Torkoal|0 fnt\n|faint|p2a: Torkoal\n|\n|-weather|SunnyDay|[upkeep]\n|upkeep\n|\n|t:|1700853786\n|switch|p2a: Charizard|Charizard, M|38\/100\n|turn|21\n|\n|t:|1700853790\n|move|p2a: Charizard|Weather Ball|p1a: Clefable\n|-crit|p1a: Clefable\n|-damage|p1a: Clefable|0 fnt\n|faint|p1a: Clefable\n|\n|-weather|SunnyDay|[upkeep]\n|-damage|p2a: Charizard|25\/100|[from] ability: Solar Power|[of] p2a: Charizard\n|upkeep\n|\n|t:|1700853791\n|switch|p1a: Dragonite|Dragonite, F|100\/100\n|turn|22\n|\n|t:|1700853798\n|switch|p2a: Great Tusk|Great Tusk|76\/100 tox\n|-activate|p2a: Great Tusk|ability: Protosynthesis\n|-start|p2a: Great Tusk|protosynthesisatk\n|move|p1a: Dragonite|Dragon Dance|p1a: Dragonite\n|-boost|p1a: Dragonite|atk|1\n|-boost|p1a: Dragonite|spe|1\n|\n|-weather|SunnyDay|[upkeep]\n|-heal|p2a: Great Tusk|82\/100 tox|[from] item: Leftovers\n|-damage|p2a: Great Tusk|76\/100 tox|[from] psn\n|upkeep\n|turn|23\n|\n|t:|1700853808\n|-terastallize|p1a: Dragonite|Normal\n|move|p1a: Dragonite|Earthquake|p2a: Great Tusk\n|-damage|p2a: Great Tusk|30\/100 tox\n|move|p2a: Great Tusk|Rapid Spin|p1a: Dragonite\n|-damage|p1a: Dragonite|89\/100\n|-boost|p2a: Great Tusk|spe|1\n|\n|-weather|SunnyDay|[upkeep]\n|-heal|p2a: Great Tusk|36\/100 tox|[from] item: Leftovers\n|-damage|p2a: Great Tusk|24\/100 tox|[from] psn\n|upkeep\n|turn|24\n|\n|t:|1700853818\n|move|p2a: Great Tusk|Earthquake|p1a: Dragonite\n|-crit|p1a: Dragonite\n|-damage|p1a: Dragonite|0 fnt\n|faint|p1a: Dragonite\n|\n|win|lostroncos\n|raw|ch1ck3n nu99ets's rating: 1919 &rarr; <strong>1895<\/strong><br \/>(-24 for losing)\n|raw|lostroncos's rating: 1851 &rarr; <strong>1875<\/strong><br \/>(+24 for winning)\n|l|\u2606ch1ck3n nu99ets\n|l| VicBossMG\n|l|\u2606lostroncos\n|l| fropop\n","uploadtime":1700855128,"views":5,"p1id":"ch1ck3nnu99ets","p2id":"lostroncos","formatid":"gen9ou","rating":1875,"private":0,"password":""}