{"id":"gen9ou-1990133581","p1":"jacothaptrllr","p2":"Degzu.shop","format":"[Gen 9] OU","log":"|j|\u2606jacothaptrllr\n|j|\u2606Degzu.shop\n|t:|1699928175\n|gametype|singles\n|player|p1|jacothaptrllr|shadowtriad|1088\n|player|p2|Degzu.shop|169|1000\n|teamsize|p1|6\n|teamsize|p2|6\n|gen|9\n|tier|[Gen 9] OU\n|rated|\n|rule|Sleep Clause Mod: Limit one foe put to sleep\n|rule|Species Clause: Limit one of each Pok\u00e9mon\n|rule|OHKO Clause: OHKO moves are banned\n|rule|Evasion Items Clause: Evasion items are banned\n|rule|Evasion Moves Clause: Evasion moves are banned\n|rule|Endless Battle Clause: Forcing endless battles is banned\n|rule|HP Percentage Mod: HP is shown in percentages\n|clearpoke\n|poke|p1|Enamorus-Therian, F|\n|poke|p1|Ninetales-Alola, F|\n|poke|p1|Slowbro-Galar, M|\n|poke|p1|Morpeko, F|\n|poke|p1|Great Tusk|\n|poke|p1|Moltres-Galar|\n|poke|p2|Enamorus, F|\n|poke|p2|Landorus-Therian, M|\n|poke|p2|Greninja-*, F|\n|poke|p2|Dragonite, M|\n|poke|p2|Ceruledge, M|\n|poke|p2|Kingambit, F|\n|teampreview\n|inactive|Battle timer is ON: inactive players will automatically lose when time's up. (requested by jacothaptrllr)\n|inactive|Degzu.shop has 120 seconds left.\n|inactive|Degzu.shop has 90 seconds left.\n|\n|t:|1699928247\n|start\n|switch|p1a: mother may I|Slowbro-Galar, M|100\/100\n|switch|p2a: Enamorus|Enamorus, F|100\/100\n|turn|1\n|\n|t:|1699928273\n|-terastallize|p2a: Enamorus|Dragon\n|move|p2a: Enamorus|Mystical Fire|p1a: mother may I\n|-damage|p1a: mother may I|75\/100\n|-unboost|p1a: mother may I|spa|1\n|move|p1a: mother may I|Nasty Plot|p1a: mother may I\n|-boost|p1a: mother may I|spa|2\n|\n|upkeep\n|turn|2\n|\n|t:|1699928285\n|move|p2a: Enamorus|Mystical Fire|p1a: mother may I\n|-damage|p1a: mother may I|46\/100\n|-unboost|p1a: mother may I|spa|1\n|move|p1a: mother may I|Surf|p2a: Enamorus\n|-resisted|p2a: Enamorus\n|-damage|p2a: Enamorus|81\/100\n|\n|upkeep\n|turn|3\n|\n|t:|1699928298\n|move|p2a: Enamorus|Mystical Fire|p1a: mother may I\n|-damage|p1a: mother may I|20\/100\n|-unboost|p1a: mother may I|spa|1\n|move|p1a: mother may I|Psyshock|p2a: Enamorus\n|-damage|p2a: Enamorus|33\/100\n|\n|upkeep\n|turn|4\n|n|\u2606Degzu.shop|degzushop\n|c|\u2606Degzu.shop|check out degzu.shop\n|inactive|Degzu.shop has 120 seconds left.\n|-activate|p1a: mother may I|ability: Quick Draw\n|\n|t:|1699928324\n|move|p1a: mother may I|Psyshock|p2a: Enamorus\n|-damage|p2a: Enamorus|0 fnt\n|faint|p2a: Enamorus\n|\n|upkeep\n|inactive|Degzu.shop has 120 seconds left.\n|\n|t:|1699928331\n|switch|p2a: Landorus|Landorus-Therian, M|100\/100\n|-ability|p2a: Landorus|Intimidate|boost\n|-unboost|p1a: mother may I|atk|1\n|turn|5\n|\n|t:|1699928339\n|move|p2a: Landorus|U-turn|p1a: mother may I\n|-damage|p1a: mother may I|0 fnt\n|faint|p1a: mother may I\n|-damage|p2a: Landorus|91\/100|[from] item: Life Orb\n|\n|t:|1699928345\n|switch|p2a: Greninja|Greninja, F|100\/100|[from] U-turn\n|\n|upkeep\n|\n|t:|1699928356\n|switch|p1a: gobekli tepe|Enamorus-Therian, F|100\/100\n|turn|6\n|\n|t:|1699928364\n|move|p2a: Greninja|Hydro Pump|p1a: gobekli tepe|[miss]\n|-start|p2a: Greninja|typechange|Water|[from] ability: Protean\n|-miss|p2a: Greninja|p1a: gobekli tepe\n|move|p1a: gobekli tepe|Calm Mind|p1a: gobekli tepe\n|-boost|p1a: gobekli tepe|spa|1\n|-boost|p1a: gobekli tepe|spd|1\n|\n|upkeep\n|turn|7\n|\n|t:|1699928377\n|switch|p2a: Ceruledge|Ceruledge, M|100\/100\n|move|p1a: gobekli tepe|Draining Kiss|p2a: Ceruledge\n|-resisted|p2a: Ceruledge\n|-damage|p2a: Ceruledge|79\/100\n|\n|upkeep\n|turn|8\n|\n|t:|1699928387\n|move|p2a: Ceruledge|Bitter Blade|p1a: gobekli tepe\n|-damage|p1a: gobekli tepe|68\/100\n|-heal|p2a: Ceruledge|99\/100|[from] drain|[of] p1a: gobekli tepe\n|move|p1a: gobekli tepe|Earth Power|p2a: Ceruledge\n|-supereffective|p2a: Ceruledge\n|-damage|p2a: Ceruledge|0 fnt\n|faint|p2a: Ceruledge\n|\n|-heal|p1a: gobekli tepe|74\/100|[from] item: Leftovers\n|upkeep\n|\n|t:|1699928399\n|switch|p2a: Dragonite|Dragonite, M|100\/100\n|turn|9\n|-message|Degzu.shop forfeited.\n|\n|win|jacothaptrllr\n|raw|jacothaptrllr's rating: 1088 &rarr; <strong>1108<\/strong><br \/>(+20 for winning)\n|raw|Degzu.shop's rating: 1000 &rarr; <strong>1000<\/strong><br \/>(+0 for losing)\n|l|\u2606Degzu.shop\n","uploadtime":1699928426,"views":18,"p1id":"jacothaptrllr","p2id":"degzushop","formatid":"gen9ou","rating":1000,"private":0,"password":""}