{"id":"gen9ou-1988406705","p1":"Apex9498","p2":"Enderfowl5","format":"[Gen 9] OU","log":"|j|\u2606Apex9498\n|j|\u2606Enderfowl5\n|t:|1699719474\n|gametype|singles\n|player|p1|Apex9498|2|1018\n|player|p2|Enderfowl5|cynthia-gen4|1106\n|teamsize|p1|6\n|teamsize|p2|6\n|gen|9\n|tier|[Gen 9] OU\n|rated|\n|rule|Sleep Clause Mod: Limit one foe put to sleep\n|rule|Species Clause: Limit one of each Pok\u00e9mon\n|rule|OHKO Clause: OHKO moves are banned\n|rule|Evasion Items Clause: Evasion items are banned\n|rule|Evasion Moves Clause: Evasion moves are banned\n|rule|Endless Battle Clause: Forcing endless battles is banned\n|rule|HP Percentage Mod: HP is shown in percentages\n|clearpoke\n|poke|p1|Shiftry, F|\n|poke|p1|Iron Moth|\n|poke|p1|Tornadus-Therian, M|\n|poke|p1|Rillaboom, F|\n|poke|p1|Ursaluna, M|\n|poke|p1|Gholdengo|\n|poke|p2|Vikavolt, F|\n|poke|p2|Gholdengo|\n|poke|p2|Ceruledge, M|\n|poke|p2|Enamorus, F|\n|poke|p2|Corviknight, M|\n|poke|p2|Ogerpon-Wellspring, F|\n|teampreview\n|\n|t:|1699719478\n|start\n|switch|p1a: Iron Moth|Iron Moth|100\/100\n|switch|p2a: Vikavolt|Vikavolt, F|100\/100\n|-enditem|p1a: Iron Moth|Booster Energy\n|-activate|p1a: Iron Moth|ability: Quark Drive|[fromitem]\n|-start|p1a: Iron Moth|quarkdrivespe\n|turn|1\n|\n|t:|1699719502\n|move|p1a: Iron Moth|Fiery Dance|p2a: Vikavolt\n|-supereffective|p2a: Vikavolt\n|-enditem|p2a: Vikavolt|Focus Sash\n|-damage|p2a: Vikavolt|1\/100\n|-boost|p1a: Iron Moth|spa|1\n|move|p2a: Vikavolt|Sticky Web|p1a: Iron Moth\n|-sidestart|p1: Apex9498|move: Sticky Web\n|\n|upkeep\n|turn|2\n|\n|t:|1699719513\n|move|p1a: Iron Moth|Fiery Dance|p2a: Vikavolt\n|-supereffective|p2a: Vikavolt\n|-damage|p2a: Vikavolt|0 fnt\n|-boost|p1a: Iron Moth|spa|1\n|faint|p2a: Vikavolt\n|\n|upkeep\n|\n|t:|1699719516\n|switch|p2a: Ogerpon|Ogerpon-Wellspring, F|100\/100\n|turn|3\n|\n|t:|1699719521\n|move|p1a: Iron Moth|Sludge Wave|p2a: Ogerpon\n|-supereffective|p2a: Ogerpon\n|-damage|p2a: Ogerpon|0 fnt\n|faint|p2a: Ogerpon\n|\n|upkeep\n|\n|t:|1699719524\n|switch|p2a: Corviknight|Corviknight, M|100\/100\n|-ability|p2a: Corviknight|Pressure\n|turn|4\n|\n|t:|1699719530\n|move|p1a: Iron Moth|Fiery Dance|p2a: Corviknight\n|-supereffective|p2a: Corviknight\n|-crit|p2a: Corviknight\n|-damage|p2a: Corviknight|0 fnt\n|-boost|p1a: Iron Moth|spa|1\n|faint|p2a: Corviknight\n|\n|upkeep\n|\n|t:|1699719533\n|switch|p2a: Ceruledge|Ceruledge, M|100\/100\n|turn|5\n|\n|t:|1699719538\n|-terastallize|p1a: Iron Moth|Ground\n|move|p1a: Iron Moth|Tera Blast|p2a: Ceruledge|[anim] Tera Blast Ground\n|-supereffective|p2a: Ceruledge\n|-damage|p2a: Ceruledge|0 fnt\n|faint|p2a: Ceruledge\n|\n|upkeep\n|\n|t:|1699719542\n|switch|p2a: Gholdengo|Gholdengo|100\/100\n|turn|6\n|\n|t:|1699719552\n|move|p1a: Iron Moth|Tera Blast|p2a: Gholdengo|[anim] Tera Blast Ground\n|-supereffective|p2a: Gholdengo\n|-damage|p2a: Gholdengo|0 fnt\n|faint|p2a: Gholdengo\n|\n|upkeep\n|\n|t:|1699719554\n|switch|p2a: Enamorus|Enamorus, F|100\/100\n|turn|7\n|\n|t:|1699719558\n|move|p1a: Iron Moth|Sludge Wave|p2a: Enamorus\n|-supereffective|p2a: Enamorus\n|-damage|p2a: Enamorus|0 fnt\n|faint|p2a: Enamorus\n|\n|win|Apex9498\n|raw|Apex9498's rating: 1018 &rarr; <strong>1065<\/strong><br \/>(+47 for winning)\n|raw|Enderfowl5's rating: 1106 &rarr; <strong>1075<\/strong><br \/>(-31 for losing)\n","uploadtime":1699719566,"views":17,"p1id":"apex9498","p2id":"enderfowl5","formatid":"gen9ou","rating":1065,"private":0,"password":""}