{"id":"gen9ou-1994765890","p1":"VikontAlu","p2":"Shaymin424","format":"[Gen 9] OU","log":"|j|\u2606VikontAlu\n|j|\u2606Shaymin424\n|t:|1700490610\n|gametype|singles\n|player|p1|VikontAlu|169|1205\n|player|p2|Shaymin424|101|1126\n|teamsize|p1|6\n|teamsize|p2|6\n|gen|9\n|tier|[Gen 9] OU\n|rated|\n|rule|Sleep Clause Mod: Limit one foe put to sleep\n|rule|Species Clause: Limit one of each Pok\u00e9mon\n|rule|OHKO Clause: OHKO moves are banned\n|rule|Evasion Items Clause: Evasion items are banned\n|rule|Evasion Moves Clause: Evasion moves are banned\n|rule|Endless Battle Clause: Forcing endless battles is banned\n|rule|HP Percentage Mod: HP is shown in percentages\n|clearpoke\n|poke|p1|Cinderace, M|\n|poke|p1|Garganacl, F|\n|poke|p1|Walking Wake|\n|poke|p1|Gholdengo|\n|poke|p1|Iron Valiant|\n|poke|p1|Zapdos|\n|poke|p2|Weavile, M|\n|poke|p2|Maushold-Four|\n|poke|p2|Alomomola, F|\n|poke|p2|Goodra-Hisui, M|\n|poke|p2|Cinderace, F|\n|poke|p2|Hatterene, F|\n|teampreview\n|\n|t:|1700490625\n|start\n|switch|p1a: Cinderace|Cinderace, M|100\/100\n|switch|p2a: Alomomola|Alomomola, F|100\/100\n|turn|1\n|\n|t:|1700490637\n|switch|p1a: Zapdos|Zapdos|100\/100\n|move|p2a: Alomomola|Flip Turn|p1a: Zapdos\n|-damage|p1a: Zapdos|87\/100\n|\n|t:|1700490642\n|switch|p2a: Goodra|Goodra-Hisui, M|100\/100|[from] Flip Turn\n|\n|-heal|p1a: Zapdos|94\/100|[from] item: Leftovers\n|upkeep\n|turn|2\n|\n|t:|1700490664\n|move|p1a: Zapdos|Thunder Wave|p2a: Goodra|[miss]\n|-miss|p1a: Zapdos|p2a: Goodra\n|move|p2a: Goodra|Dragon Pulse|p1a: Zapdos\n|-damage|p1a: Zapdos|56\/100\n|\n|-heal|p1a: Zapdos|62\/100|[from] item: Leftovers\n|upkeep\n|turn|3\n|\n|t:|1700490671\n|switch|p2a: Hatterene|Hatterene, F|100\/100\n|move|p1a: Zapdos|Thunder Wave|p2a: Hatterene\n|move|p2a: Hatterene|Thunder Wave|p1a: Zapdos|[from]ability: Magic Bounce\n|-immune|p1a: Zapdos\n|\n|-heal|p1a: Zapdos|69\/100|[from] item: Leftovers\n|upkeep\n|turn|4\n|\n|t:|1700490686\n|switch|p1a: Gholdengo|Gholdengo|100\/100\n|move|p2a: Hatterene|Mystical Fire|p1a: Gholdengo\n|-supereffective|p1a: Gholdengo\n|-damage|p1a: Gholdengo|52\/100\n|-unboost|p1a: Gholdengo|spa|1\n|\n|upkeep\n|turn|5\n|\n|t:|1700490696\n|switch|p2a: Goodra|Goodra-Hisui, M|100\/100\n|move|p1a: Gholdengo|Make It Rain|p2a: Goodra\n|-resisted|p2a: Goodra\n|-damage|p2a: Goodra|91\/100\n|-unboost|p1a: Gholdengo|spa|1\n|\n|upkeep\n|turn|6\n|\n|t:|1700490705\n|switch|p1a: Garganacl|Garganacl, F, shiny|100\/100\n|move|p2a: Goodra|Flash Cannon|p1a: Garganacl\n|-supereffective|p1a: Garganacl\n|-damage|p1a: Garganacl|51\/100\n|\n|-heal|p1a: Garganacl|57\/100|[from] item: Leftovers\n|upkeep\n|turn|7\n|\n|t:|1700490715\n|-terastallize|p1a: Garganacl|Ghost\n|move|p2a: Goodra|Flash Cannon|p1a: Garganacl\n|-damage|p1a: Garganacl|29\/100\n|move|p1a: Garganacl|Salt Cure|p2a: Goodra\n|-resisted|p2a: Goodra\n|-damage|p2a: Goodra|84\/100\n|-start|p2a: Goodra|Salt Cure\n|\n|-heal|p1a: Garganacl|35\/100|[from] item: Leftovers\n|-damage|p2a: Goodra|60\/100|[from] Salt Cure\n|upkeep\n|turn|8\n|\n|t:|1700490724\n|switch|p2a: Hatterene|Hatterene, F|100\/100\n|move|p1a: Garganacl|Protect||[still]\n|-fail|p1a: Garganacl\n|\n|-heal|p1a: Garganacl|41\/100|[from] item: Leftovers\n|upkeep\n|turn|9\n|\n|t:|1700490735\n|move|p2a: Hatterene|Calm Mind|p2a: Hatterene\n|-boost|p2a: Hatterene|spa|1\n|-boost|p2a: Hatterene|spd|1\n|move|p1a: Garganacl|Recover|p1a: Garganacl\n|-heal|p1a: Garganacl|91\/100\n|\n|-heal|p1a: Garganacl|97\/100|[from] item: Leftovers\n|upkeep\n|turn|10\n|\n|t:|1700490741\n|move|p2a: Hatterene|Calm Mind|p2a: Hatterene\n|-boost|p2a: Hatterene|spa|1\n|-boost|p2a: Hatterene|spd|1\n|move|p1a: Garganacl|Salt Cure|p2a: Hatterene\n|-damage|p2a: Hatterene|88\/100\n|-start|p2a: Hatterene|Salt Cure\n|\n|-heal|p2a: Hatterene|94\/100|[from] item: Leftovers\n|-heal|p1a: Garganacl|100\/100|[from] item: Leftovers\n|-damage|p2a: Hatterene|82\/100|[from] Salt Cure\n|upkeep\n|turn|11\n|\n|t:|1700490752\n|move|p2a: Hatterene|Draining Kiss|p1a: Garganacl\n|-damage|p1a: Garganacl|71\/100\n|-heal|p2a: Hatterene|100\/100|[from] drain|[of] p1a: Garganacl\n|move|p1a: Garganacl|Salt Cure|p2a: Hatterene\n|-damage|p2a: Hatterene|89\/100\n|\n|-heal|p2a: Hatterene|95\/100|[from] item: Leftovers\n|-heal|p1a: Garganacl|77\/100|[from] item: Leftovers\n|-damage|p2a: Hatterene|83\/100|[from] Salt Cure\n|upkeep\n|turn|12\n|\n|t:|1700490762\n|move|p1a: Garganacl|Protect|p1a: Garganacl\n|-singleturn|p1a: Garganacl|Protect\n|move|p2a: Hatterene|Calm Mind|p2a: Hatterene\n|-boost|p2a: Hatterene|spa|1\n|-boost|p2a: Hatterene|spd|1\n|\n|-heal|p2a: Hatterene|89\/100|[from] item: Leftovers\n|-heal|p1a: Garganacl|83\/100|[from] item: Leftovers\n|-damage|p2a: Hatterene|76\/100|[from] Salt Cure\n|upkeep\n|turn|13\n|\n|t:|1700490774\n|switch|p1a: Cinderace|Cinderace, M|100\/100\n|move|p2a: Hatterene|Draining Kiss|p1a: Cinderace\n|-resisted|p1a: Cinderace\n|-damage|p1a: Cinderace|61\/100\n|-heal|p2a: Hatterene|100\/100|[from] drain|[of] p1a: Cinderace\n|\n|-damage|p2a: Hatterene|88\/100|[from] Salt Cure\n|upkeep\n|turn|14\n|\n|t:|1700490786\n|switch|p2a: Alomomola|Alomomola, F|100\/100\n|move|p1a: Cinderace|Gunk Shot|p2a: Alomomola\n|-damage|p2a: Alomomola|79\/100\n|-status|p2a: Alomomola|psn\n|\n|-damage|p2a: Alomomola|67\/100 psn|[from] psn\n|upkeep\n|turn|15\n|\n|t:|1700490795\n|switch|p1a: Zapdos|Zapdos|69\/100\n|move|p2a: Alomomola|Wish|p2a: Alomomola\n|\n|-heal|p1a: Zapdos|75\/100|[from] item: Leftovers\n|-damage|p2a: Alomomola|54\/100 psn|[from] psn\n|upkeep\n|turn|16\n|\n|t:|1700490803\n|switch|p2a: Goodra|Goodra-Hisui, M|60\/100\n|move|p1a: Zapdos|Discharge|p2a: Goodra\n|-resisted|p2a: Goodra\n|-damage|p2a: Goodra|52\/100\n|\n|-heal|p2a: Goodra|100\/100|[from] move: Wish|[wisher] Alomomola\n|-heal|p1a: Zapdos|81\/100|[from] item: Leftovers\n|upkeep\n|turn|17\n|inactive|Battle timer is ON: inactive players will automatically lose when time's up. (requested by Shaymin424)\n|\n|t:|1700490843\n|switch|p1a: Cinderace|Cinderace, M|61\/100\n|move|p2a: Goodra|Dragon Pulse|p1a: Cinderace\n|-damage|p1a: Cinderace|3\/100\n|\n|upkeep\n|turn|18\n|\n|t:|1700490854\n|switch|p2a: Alomomola|Alomomola, F|88\/100 psn\n|move|p1a: Cinderace|Pyro Ball|p2a: Alomomola\n|-resisted|p2a: Alomomola\n|-damage|p2a: Alomomola|65\/100 psn\n|\n|-damage|p2a: Alomomola|53\/100 psn|[from] psn\n|upkeep\n|turn|19\n|\n|t:|1700490862\n|switch|p1a: Iron Valiant|Iron Valiant|100\/100\n|-enditem|p1a: Iron Valiant|Booster Energy\n|-activate|p1a: Iron Valiant|ability: Quark Drive|[fromitem]\n|-start|p1a: Iron Valiant|quarkdrivespe\n|move|p2a: Alomomola|Flip Turn|p1a: Iron Valiant\n|-damage|p1a: Iron Valiant|77\/100\n|\n|t:|1700490867\n|switch|p2a: Cinderace|Cinderace, F|100\/100|[from] Flip Turn\n|\n|upkeep\n|turn|20\n|\n|t:|1700490883\n|-end|p1a: Iron Valiant|Quark Drive|[silent]\n|switch|p1a: Walking Wake|Walking Wake|100\/100\n|-enditem|p1a: Walking Wake|Booster Energy\n|-activate|p1a: Walking Wake|ability: Protosynthesis|[fromitem]\n|-start|p1a: Walking Wake|protosynthesisspa\n|move|p2a: Cinderace|Pyro Ball|p1a: Walking Wake\n|-resisted|p1a: Walking Wake\n|-damage|p1a: Walking Wake|89\/100\n|\n|upkeep\n|turn|21\n|\n|t:|1700490890\n|move|p2a: Cinderace|U-turn|p1a: Walking Wake\n|-damage|p1a: Walking Wake|69\/100\n|\n|t:|1700490892\n|switch|p2a: Goodra|Goodra-Hisui, M|100\/100|[from] U-turn\n|move|p1a: Walking Wake|Hydro Steam|p2a: Goodra\n|-resisted|p2a: Goodra\n|-damage|p2a: Goodra|89\/100\n|\n|upkeep\n|turn|22\n|\n|t:|1700490909\n|-end|p1a: Walking Wake|Protosynthesis|[silent]\n|switch|p1a: Zapdos|Zapdos|81\/100\n|move|p2a: Goodra|Dragon Pulse|p1a: Zapdos\n|-damage|p1a: Zapdos|39\/100\n|\n|-heal|p1a: Zapdos|45\/100|[from] item: Leftovers\n|upkeep\n|turn|23\n|\n|t:|1700490918\n|move|p1a: Zapdos|Thunder Wave|p2a: Goodra\n|-status|p2a: Goodra|par\n|move|p2a: Goodra|Dragon Pulse|p1a: Zapdos\n|-damage|p1a: Zapdos|6\/100\n|\n|-heal|p1a: Zapdos|12\/100|[from] item: Leftovers\n|upkeep\n|turn|24\n|\n|t:|1700490925\n|move|p1a: Zapdos|Roost|p1a: Zapdos\n|-heal|p1a: Zapdos|62\/100\n|-singleturn|p1a: Zapdos|move: Roost\n|move|p2a: Goodra|Earthquake|p1a: Zapdos\n|-supereffective|p1a: Zapdos\n|-damage|p1a: Zapdos|29\/100\n|\n|-heal|p1a: Zapdos|35\/100|[from] item: Leftovers\n|upkeep\n|turn|25\n|\n|t:|1700490934\n|switch|p2a: Maushold|Maushold-Four|100\/100\n|move|p1a: Zapdos|Roost|p1a: Zapdos\n|-heal|p1a: Zapdos|85\/100\n|-singleturn|p1a: Zapdos|move: Roost\n|\n|-heal|p1a: Zapdos|91\/100|[from] item: Leftovers\n|upkeep\n|turn|26\n|\n|t:|1700490949\n|switch|p1a: Iron Valiant|Iron Valiant|77\/100\n|move|p2a: Maushold|Encore||[still]\n|-fail|p2a: Maushold\n|\n|upkeep\n|turn|27\n|\n|t:|1700490959\n|switch|p2a: Hatterene|Hatterene, F|88\/100\n|move|p1a: Iron Valiant|Aura Sphere|p2a: Hatterene\n|-resisted|p2a: Hatterene\n|-damage|p2a: Hatterene|79\/100\n|\n|-heal|p2a: Hatterene|85\/100|[from] item: Leftovers\n|upkeep\n|turn|28\n|\n|t:|1700490977\n|-end|p1a: Iron Valiant|Quark Drive|[silent]\n|switch|p1a: Gholdengo|Gholdengo|52\/100\n|move|p2a: Hatterene|Mystical Fire|p1a: Gholdengo\n|-supereffective|p1a: Gholdengo\n|-damage|p1a: Gholdengo|0 fnt\n|faint|p1a: Gholdengo\n|\n|-heal|p2a: Hatterene|91\/100|[from] item: Leftovers\n|upkeep\n|inactive|VikontAlu has 120 seconds left.\n|\n|t:|1700491004\n|switch|p1a: Walking Wake|Walking Wake|69\/100\n|turn|29\n|inactive|VikontAlu has 120 seconds left.\n|\n|t:|1700491015\n|switch|p2a: Goodra|Goodra-Hisui, M|89\/100 par\n|move|p1a: Walking Wake|Hydro Steam|p2a: Goodra\n|-resisted|p2a: Goodra\n|-damage|p2a: Goodra|80\/100 par\n|\n|upkeep\n|turn|30\n|\n|t:|1700491022\n|-end|p1a: Walking Wake|Protosynthesis|[silent]\n|switch|p1a: Iron Valiant|Iron Valiant|77\/100\n|move|p2a: Goodra|Dragon Pulse|p1a: Iron Valiant\n|-immune|p1a: Iron Valiant\n|\n|upkeep\n|turn|31\n|\n|t:|1700491037\n|switch|p2a: Hatterene|Hatterene, F|91\/100\n|move|p1a: Iron Valiant|Moonblast|p2a: Hatterene\n|-damage|p2a: Hatterene|39\/100\n|\n|-heal|p2a: Hatterene|45\/100|[from] item: Leftovers\n|upkeep\n|turn|32\n|\n|t:|1700491052\n|switch|p2a: Cinderace|Cinderace, F|100\/100\n|move|p1a: Iron Valiant|Moonblast|p2a: Cinderace\n|-resisted|p2a: Cinderace\n|-crit|p2a: Cinderace\n|-damage|p2a: Cinderace|57\/100\n|-unboost|p2a: Cinderace|spa|1\n|\n|upkeep\n|turn|33\n|\n|t:|1700491066\n|-end|p1a: Iron Valiant|Quark Drive|[silent]\n|switch|p1a: Walking Wake|Walking Wake|69\/100\n|move|p2a: Cinderace|U-turn|p1a: Walking Wake\n|-damage|p1a: Walking Wake|50\/100\n|\n|t:|1700491076\n|switch|p2a: Maushold|Maushold-Four|100\/100|[from] U-turn\n|\n|upkeep\n|turn|34\n|\n|t:|1700491087\n|switch|p2a: Weavile|Weavile, M|100\/100\n|-ability|p2a: Weavile|Pressure\n|move|p1a: Walking Wake|Draco Meteor|p2a: Weavile|[miss]\n|-miss|p1a: Walking Wake|p2a: Weavile\n|\n|upkeep\n|turn|35\n|\n|t:|1700491109\n|move|p2a: Weavile|Ice Spinner|p1a: Walking Wake\n|-damage|p1a: Walking Wake|0 fnt\n|faint|p1a: Walking Wake\n|-end|p1a: Walking Wake|Protosynthesis|[silent]\n|\n|upkeep\n|\n|t:|1700491114\n|switch|p1a: Iron Valiant|Iron Valiant|77\/100\n|turn|36\n|\n|t:|1700491123\n|move|p2a: Weavile|Ice Spinner|p1a: Iron Valiant\n|-damage|p1a: Iron Valiant|0 fnt\n|faint|p1a: Iron Valiant\n|-end|p1a: Iron Valiant|Quark Drive|[silent]\n|\n|upkeep\n|\n|t:|1700491132\n|switch|p1a: Garganacl|Garganacl, F, shiny, tera:Ghost|83\/100\n|turn|37\n|\n|t:|1700491141\n|switch|p2a: Alomomola|Alomomola, F|86\/100 psn\n|move|p1a: Garganacl|Salt Cure|p2a: Alomomola\n|-damage|p2a: Alomomola|79\/100 psn\n|-start|p2a: Alomomola|Salt Cure\n|\n|-heal|p1a: Garganacl|89\/100|[from] item: Leftovers\n|-damage|p2a: Alomomola|67\/100 psn|[from] psn\n|-damage|p2a: Alomomola|42\/100 psn|[from] Salt Cure\n|upkeep\n|turn|38\n|\n|t:|1700491151\n|switch|p2a: Maushold|Maushold-Four|100\/100\n|move|p1a: Garganacl|Salt Cure|p2a: Maushold\n|-damage|p2a: Maushold|78\/100\n|-start|p2a: Maushold|Salt Cure\n|\n|-heal|p1a: Garganacl|96\/100|[from] item: Leftovers\n|-damage|p2a: Maushold|65\/100|[from] Salt Cure\n|upkeep\n|turn|39\n|\n|t:|1700491161\n|switch|p2a: Alomomola|Alomomola, F|75\/100 psn\n|move|p1a: Garganacl|Iron Defense|p1a: Garganacl\n|-boost|p1a: Garganacl|def|2\n|\n|-heal|p1a: Garganacl|100\/100|[from] item: Leftovers\n|-damage|p2a: Alomomola|63\/100 psn|[from] psn\n|upkeep\n|turn|40\n|\n|t:|1700491168\n|move|p2a: Alomomola|Wish|p2a: Alomomola\n|move|p1a: Garganacl|Salt Cure|p2a: Alomomola\n|-damage|p2a: Alomomola|55\/100 psn\n|-start|p2a: Alomomola|Salt Cure\n|\n|-damage|p2a: Alomomola|43\/100 psn|[from] psn\n|-damage|p2a: Alomomola|18\/100 psn|[from] Salt Cure\n|upkeep\n|turn|41\n|\n|t:|1700491175\n|switch|p2a: Hatterene|Hatterene, F|45\/100\n|move|p1a: Garganacl|Salt Cure|p2a: Hatterene\n|-damage|p2a: Hatterene|33\/100\n|-start|p2a: Hatterene|Salt Cure\n|\n|-heal|p2a: Hatterene|100\/100|[from] move: Wish|[wisher] Alomomola\n|-damage|p2a: Hatterene|88\/100|[from] Salt Cure\n|upkeep\n|turn|42\n|\n|t:|1700491184\n|move|p1a: Garganacl|Protect|p1a: Garganacl\n|-singleturn|p1a: Garganacl|Protect\n|move|p2a: Hatterene|Calm Mind|p2a: Hatterene\n|-boost|p2a: Hatterene|spa|1\n|-boost|p2a: Hatterene|spd|1\n|\n|-heal|p2a: Hatterene|94\/100|[from] item: Leftovers\n|-damage|p2a: Hatterene|82\/100|[from] Salt Cure\n|upkeep\n|turn|43\n|\n|t:|1700491188\n|move|p2a: Hatterene|Draining Kiss|p1a: Garganacl\n|-damage|p1a: Garganacl|78\/100\n|-heal|p2a: Hatterene|100\/100|[from] drain|[of] p1a: Garganacl\n|move|p1a: Garganacl|Salt Cure|p2a: Hatterene\n|-damage|p2a: Hatterene|88\/100\n|\n|-heal|p2a: Hatterene|94\/100|[from] item: Leftovers\n|-heal|p1a: Garganacl|84\/100|[from] item: Leftovers\n|-damage|p2a: Hatterene|82\/100|[from] Salt Cure\n|upkeep\n|turn|44\n|\n|t:|1700491200\n|move|p2a: Hatterene|Draining Kiss|p1a: Garganacl\n|-damage|p1a: Garganacl|60\/100\n|-heal|p2a: Hatterene|100\/100|[from] drain|[of] p1a: Garganacl\n|move|p1a: Garganacl|Salt Cure|p2a: Hatterene\n|-damage|p2a: Hatterene|88\/100\n|\n|-heal|p2a: Hatterene|94\/100|[from] item: Leftovers\n|-heal|p1a: Garganacl|66\/100|[from] item: Leftovers\n|-damage|p2a: Hatterene|82\/100|[from] Salt Cure\n|upkeep\n|turn|45\n|\n|t:|1700491209\n|move|p2a: Hatterene|Calm Mind|p2a: Hatterene\n|-boost|p2a: Hatterene|spa|1\n|-boost|p2a: Hatterene|spd|1\n|move|p1a: Garganacl|Salt Cure|p2a: Hatterene\n|-damage|p2a: Hatterene|70\/100\n|\n|-heal|p2a: Hatterene|76\/100|[from] item: Leftovers\n|-heal|p1a: Garganacl|73\/100|[from] item: Leftovers\n|-damage|p2a: Hatterene|64\/100|[from] Salt Cure\n|upkeep\n|turn|46\n|\n|t:|1700491220\n|move|p1a: Garganacl|Protect|p1a: Garganacl\n|-singleturn|p1a: Garganacl|Protect\n|move|p2a: Hatterene|Draining Kiss|p1a: Garganacl\n|-activate|p1a: Garganacl|move: Protect\n|\n|-heal|p2a: Hatterene|70\/100|[from] item: Leftovers\n|-heal|p1a: Garganacl|79\/100|[from] item: Leftovers\n|-damage|p2a: Hatterene|57\/100|[from] Salt Cure\n|upkeep\n|turn|47\n|\n|t:|1700491231\n|switch|p1a: Zapdos|Zapdos|91\/100\n|move|p2a: Hatterene|Draining Kiss|p1a: Zapdos\n|-damage|p1a: Zapdos|49\/100\n|-heal|p2a: Hatterene|89\/100|[from] drain|[of] p1a: Zapdos\n|\n|-heal|p1a: Zapdos|55\/100|[from] item: Leftovers\n|-heal|p2a: Hatterene|95\/100|[from] item: Leftovers\n|-damage|p2a: Hatterene|83\/100|[from] Salt Cure\n|upkeep\n|turn|48\n|\n|t:|1700491241\n|move|p1a: Zapdos|Thunder Wave|p2a: Hatterene\n|move|p2a: Hatterene|Thunder Wave|p1a: Zapdos|[from]ability: Magic Bounce\n|-immune|p1a: Zapdos\n|move|p2a: Hatterene|Calm Mind|p2a: Hatterene\n|-boost|p2a: Hatterene|spa|1\n|-boost|p2a: Hatterene|spd|1\n|\n|-heal|p1a: Zapdos|62\/100|[from] item: Leftovers\n|-heal|p2a: Hatterene|89\/100|[from] item: Leftovers\n|-damage|p2a: Hatterene|77\/100|[from] Salt Cure\n|upkeep\n|turn|49\n|\n|t:|1700491254\n|move|p1a: Zapdos|Heat Wave|p2a: Hatterene\n|-damage|p2a: Hatterene|66\/100\n|-status|p2a: Hatterene|brn\n|move|p2a: Hatterene|Draining Kiss|p1a: Zapdos\n|-damage|p1a: Zapdos|11\/100\n|-heal|p2a: Hatterene|100\/100 brn|[from] drain|[of] p1a: Zapdos\n|\n|-heal|p1a: Zapdos|18\/100|[from] item: Leftovers\n|-damage|p2a: Hatterene|95\/100 brn|[from] brn\n|-damage|p2a: Hatterene|82\/100 brn|[from] Salt Cure\n|upkeep\n|turn|50\n|\n|t:|1700491267\n|move|p1a: Zapdos|Discharge|p2a: Hatterene\n|-damage|p2a: Hatterene|69\/100 brn\n|move|p2a: Hatterene|Calm Mind|p2a: Hatterene\n|-boost|p2a: Hatterene|spa|1\n|-boost|p2a: Hatterene|spd|1\n|\n|-heal|p1a: Zapdos|24\/100|[from] item: Leftovers\n|-heal|p2a: Hatterene|75\/100 brn|[from] item: Leftovers\n|-damage|p2a: Hatterene|69\/100 brn|[from] brn\n|-damage|p2a: Hatterene|56\/100 brn|[from] Salt Cure\n|upkeep\n|turn|51\n|\n|t:|1700491280\n|switch|p1a: Cinderace|Cinderace, M|3\/100\n|move|p2a: Hatterene|Draining Kiss|p1a: Cinderace\n|-resisted|p1a: Cinderace\n|-damage|p1a: Cinderace|0 fnt\n|-heal|p2a: Hatterene|58\/100 brn|[from] drain|[of] p1a: Cinderace\n|faint|p1a: Cinderace\n|\n|-heal|p2a: Hatterene|64\/100 brn|[from] item: Leftovers\n|-damage|p2a: Hatterene|58\/100 brn|[from] brn\n|-damage|p2a: Hatterene|46\/100 brn|[from] Salt Cure\n|upkeep\n|\n|t:|1700491292\n|switch|p1a: Garganacl|Garganacl, F, shiny, tera:Ghost|79\/100\n|turn|52\n|\n|t:|1700491295\n|move|p1a: Garganacl|Protect|p1a: Garganacl\n|-singleturn|p1a: Garganacl|Protect\n|move|p2a: Hatterene|Draining Kiss|p1a: Garganacl\n|-activate|p1a: Garganacl|move: Protect\n|\n|-heal|p2a: Hatterene|52\/100 brn|[from] item: Leftovers\n|-heal|p1a: Garganacl|85\/100|[from] item: Leftovers\n|-damage|p2a: Hatterene|46\/100 brn|[from] brn\n|-damage|p2a: Hatterene|34\/100 brn|[from] Salt Cure\n|upkeep\n|turn|53\n|\n|t:|1700491307\n|move|p2a: Hatterene|Draining Kiss|p1a: Garganacl\n|-damage|p1a: Garganacl|43\/100\n|-heal|p2a: Hatterene|73\/100 brn|[from] drain|[of] p1a: Garganacl\n|move|p1a: Garganacl|Salt Cure|p2a: Hatterene\n|-damage|p2a: Hatterene|61\/100 brn\n|\n|-heal|p2a: Hatterene|67\/100 brn|[from] item: Leftovers\n|-heal|p1a: Garganacl|50\/100|[from] item: Leftovers\n|-damage|p2a: Hatterene|61\/100 brn|[from] brn\n|-damage|p2a: Hatterene|49\/100 brn|[from] Salt Cure\n|upkeep\n|turn|54\n|\n|t:|1700491316\n|move|p2a: Hatterene|Calm Mind|p2a: Hatterene\n|-boost|p2a: Hatterene|spa|1\n|-boost|p2a: Hatterene|spd|1\n|move|p1a: Garganacl|Salt Cure|p2a: Hatterene\n|-damage|p2a: Hatterene|36\/100 brn\n|\n|-heal|p2a: Hatterene|42\/100 brn|[from] item: Leftovers\n|-heal|p1a: Garganacl|56\/100|[from] item: Leftovers\n|-damage|p2a: Hatterene|36\/100 brn|[from] brn\n|-damage|p2a: Hatterene|24\/100 brn|[from] Salt Cure\n|upkeep\n|turn|55\n|\n|t:|1700491321\n|move|p2a: Hatterene|Draining Kiss|p1a: Garganacl\n|-damage|p1a: Garganacl|8\/100\n|-heal|p2a: Hatterene|70\/100 brn|[from] drain|[of] p1a: Garganacl\n|move|p1a: Garganacl|Salt Cure|p2a: Hatterene\n|-damage|p2a: Hatterene|57\/100 brn\n|\n|-heal|p2a: Hatterene|63\/100 brn|[from] item: Leftovers\n|-heal|p1a: Garganacl|14\/100|[from] item: Leftovers\n|-damage|p2a: Hatterene|57\/100 brn|[from] brn\n|-damage|p2a: Hatterene|45\/100 brn|[from] Salt Cure\n|upkeep\n|turn|56\n|\n|t:|1700491332\n|move|p2a: Hatterene|Draining Kiss|p1a: Garganacl\n|-damage|p1a: Garganacl|0 fnt\n|-heal|p2a: Hatterene|58\/100 brn|[from] drain|[of] p1a: Garganacl\n|faint|p1a: Garganacl\n|\n|-heal|p2a: Hatterene|64\/100 brn|[from] item: Leftovers\n|-damage|p2a: Hatterene|58\/100 brn|[from] brn\n|-damage|p2a: Hatterene|45\/100 brn|[from] Salt Cure\n|upkeep\n|\n|t:|1700491338\n|switch|p1a: Zapdos|Zapdos|24\/100\n|turn|57\n|\n|t:|1700491341\n|move|p1a: Zapdos|Discharge|p2a: Hatterene\n|-damage|p2a: Hatterene|35\/100 brn\n|move|p2a: Hatterene|Draining Kiss|p1a: Zapdos\n|-damage|p1a: Zapdos|0 fnt\n|-heal|p2a: Hatterene|53\/100 brn|[from] drain|[of] p1a: Zapdos\n|faint|p1a: Zapdos\n|\n|win|Shaymin424\n|raw|VikontAlu's rating: 1205 &rarr; <strong>1174<\/strong><br \/>(-31 for losing)\n|raw|Shaymin424's rating: 1126 &rarr; <strong>1157<\/strong><br \/>(+31 for winning)\n|l|\u2606Shaymin424\n","uploadtime":1700491350,"views":13,"p1id":"vikontalu","p2id":"shaymin424","formatid":"gen9ou","rating":1157,"private":0,"password":""}