{"id":"gen9ou-1997340037","p1":"Jambees","p2":"napg0d","format":"[Gen 9] OU","log":"|j|\u2606Jambees\n|j|\u2606napg0d\n|t:|1700791479\n|gametype|singles\n|player|p1|Jambees|marnie-masters|\n|player|p2|napg0d|swimmerm-gen2|\n|teamsize|p1|6\n|teamsize|p2|6\n|gen|9\n|tier|[Gen 9] OU\n|rule|Sleep Clause Mod: Limit one foe put to sleep\n|rule|Species Clause: Limit one of each Pok\u00e9mon\n|rule|OHKO Clause: OHKO moves are banned\n|rule|Evasion Items Clause: Evasion items are banned\n|rule|Evasion Moves Clause: Evasion moves are banned\n|rule|Endless Battle Clause: Forcing endless battles is banned\n|rule|HP Percentage Mod: HP is shown in percentages\n|clearpoke\n|poke|p1|Sinistcha-Masterpiece|\n|poke|p1|Vaporeon, F|\n|poke|p1|Typhlosion-Hisui, F|\n|poke|p1|Cyclizar, F|\n|poke|p1|Hawlucha, F|\n|poke|p1|Pincurchin, F|\n|poke|p2|Haxorus, F|\n|poke|p2|Jolteon, F|\n|poke|p2|Heatran, F|\n|poke|p2|Quaquaval, M|\n|poke|p2|Clefable, M|\n|poke|p2|Forretress, F|\n|teampreview\n|j| LuichoX\n|\n|t:|1700791497\n|start\n|switch|p1a: Ride me ;p|Cyclizar, F|100\/100\n|switch|p2a: ACF Fiorentina|Quaquaval, M|100\/100\n|turn|1\n|j| edicts\n|\n|t:|1700791511\n|move|p1a: Ride me ;p|U-turn|p2a: ACF Fiorentina\n|-resisted|p2a: ACF Fiorentina\n|-damage|p2a: ACF Fiorentina|89\/100\n|-damage|p1a: Ride me ;p|91\/100|[from] item: Life Orb\n|\n|t:|1700791515\n|switch|p1a: Gween Tee! Cowfee!|Sinistcha-Masterpiece|100\/100|[from] U-turn\n|move|p2a: ACF Fiorentina|Bulk Up|p2a: ACF Fiorentina\n|-boost|p2a: ACF Fiorentina|atk|1\n|-boost|p2a: ACF Fiorentina|def|1\n|\n|upkeep\n|turn|2\n|\n|t:|1700791535\n|switch|p2a: FC Barcelona|Heatran, F|100\/100\n|-item|p2a: FC Barcelona|Air Balloon\n|move|p1a: Gween Tee! Cowfee!|Strength Sap|p2a: FC Barcelona\n|-unboost|p2a: FC Barcelona|atk|1\n|\n|upkeep\n|turn|3\n|\n|t:|1700791543\n|switch|p1a: Compatibility|Vaporeon, F, shiny|100\/100\n|move|p2a: FC Barcelona|Magma Storm|p1a: Compatibility\n|-resisted|p1a: Compatibility\n|-damage|p1a: Compatibility|82\/100\n|-activate|p1a: Compatibility|move: Magma Storm|[of] p2a: FC Barcelona\n|\n|-heal|p1a: Compatibility|88\/100|[from] item: Leftovers\n|-damage|p1a: Compatibility|75\/100|[from] move: Magma Storm|[partiallytrapped]\n|upkeep\n|turn|4\n|\n|t:|1700791558\n|switch|p2a: ACF Fiorentina|Quaquaval, M|89\/100\n|move|p1a: Compatibility|Scald|p2a: ACF Fiorentina\n|-resisted|p2a: ACF Fiorentina\n|-damage|p2a: ACF Fiorentina|70\/100\n|-status|p2a: ACF Fiorentina|brn\n|\n|-heal|p1a: Compatibility|82\/100|[from] item: Leftovers\n|-damage|p2a: ACF Fiorentina|64\/100 brn|[from] brn\n|-end|p1a: Compatibility|Magma Storm|[partiallytrapped]|[silent]\n|upkeep\n|turn|5\n|\n|t:|1700791581\n|switch|p2a: FC Barcelona|Heatran, F|100\/100\n|-item|p2a: FC Barcelona|Air Balloon\n|move|p1a: Compatibility|Flip Turn|p2a: FC Barcelona\n|-supereffective|p2a: FC Barcelona\n|-damage|p2a: FC Barcelona|72\/100\n|-enditem|p2a: FC Barcelona|Air Balloon\n|\n|t:|1700791605\n|switch|p1a: Gween Tee! Cowfee!|Sinistcha-Masterpiece|100\/100|[from] Flip Turn\n|\n|upkeep\n|turn|6\n|\n|t:|1700791612\n|switch|p1a: Compatibility|Vaporeon, F, shiny|82\/100\n|move|p2a: FC Barcelona|Magma Storm|p1a: Compatibility\n|-resisted|p1a: Compatibility\n|-damage|p1a: Compatibility|61\/100\n|-activate|p1a: Compatibility|move: Magma Storm|[of] p2a: FC Barcelona\n|\n|-heal|p1a: Compatibility|68\/100|[from] item: Leftovers\n|-damage|p1a: Compatibility|55\/100|[from] move: Magma Storm|[partiallytrapped]\n|upkeep\n|turn|7\n|\n|t:|1700791629\n|-terastallize|p2a: FC Barcelona|Grass\n|move|p2a: FC Barcelona|Earth Power|p1a: Compatibility\n|-damage|p1a: Compatibility|33\/100\n|move|p1a: Compatibility|Flip Turn|p2a: FC Barcelona\n|-resisted|p2a: FC Barcelona\n|-damage|p2a: FC Barcelona|64\/100\n|\n|t:|1700791636\n|switch|p1a: Highphlosion|Typhlosion-Hisui, F, shiny|100\/100|[from] Flip Turn\n|\n|upkeep\n|turn|8\n|\n|t:|1700791668\n|switch|p1a: Gween Tee! Cowfee!|Sinistcha-Masterpiece|100\/100\n|move|p2a: FC Barcelona|Earth Power|p1a: Gween Tee! Cowfee!\n|-resisted|p1a: Gween Tee! Cowfee!\n|-damage|p1a: Gween Tee! Cowfee!|81\/100\n|\n|-heal|p1a: Gween Tee! Cowfee!|87\/100|[from] item: Leftovers\n|upkeep\n|turn|9\n|\n|t:|1700791696\n|move|p2a: FC Barcelona|Magma Storm|p1a: Gween Tee! Cowfee!\n|-supereffective|p1a: Gween Tee! Cowfee!\n|-damage|p1a: Gween Tee! Cowfee!|22\/100\n|-activate|p1a: Gween Tee! Cowfee!|move: Magma Storm|[of] p2a: FC Barcelona\n|move|p1a: Gween Tee! Cowfee!|Shadow Ball|p2a: FC Barcelona\n|-damage|p2a: FC Barcelona|21\/100\n|\n|-heal|p1a: Gween Tee! Cowfee!|28\/100|[from] item: Leftovers\n|-damage|p1a: Gween Tee! Cowfee!|16\/100|[from] move: Magma Storm|[partiallytrapped]\n|upkeep\n|turn|10\n|\n|t:|1700791709\n|switch|p1a: Highphlosion|Typhlosion-Hisui, F, shiny|100\/100\n|move|p2a: FC Barcelona|Earth Power|p1a: Highphlosion\n|-supereffective|p1a: Highphlosion\n|-damage|p1a: Highphlosion|9\/100\n|\n|upkeep\n|turn|11\n|\n|t:|1700791760\n|move|p1a: Highphlosion|Shadow Ball|p2a: FC Barcelona\n|-damage|p2a: FC Barcelona|0 fnt\n|faint|p2a: FC Barcelona\n|\n|upkeep\n|\n|t:|1700791765\n|switch|p2a: ACF Fiorentina|Quaquaval, M|64\/100 brn\n|turn|12\n|\n|t:|1700791780\n|switch|p2a: Everton FC|Clefable, M|100\/100\n|switch|p1a: Compatibility|Vaporeon, F, shiny|33\/100\n|\n|-heal|p1a: Compatibility|39\/100|[from] item: Leftovers\n|upkeep\n|turn|13\n|\n|t:|1700791789\n|move|p2a: Everton FC|Moonblast|p1a: Compatibility\n|-damage|p1a: Compatibility|17\/100\n|-unboost|p1a: Compatibility|spa|1\n|move|p1a: Compatibility|Flip Turn|p2a: Everton FC\n|-damage|p2a: Everton FC|89\/100\n|\n|t:|1700791817\n|switch|p1a: Mouth Balls|Pincurchin, F, shiny|100\/100|[from] Flip Turn\n|-fieldstart|move: Electric Terrain|[from] ability: Electric Surge|[of] p1a: Mouth Balls\n|\n|-heal|p2a: Everton FC|95\/100|[from] item: Leftovers\n|upkeep\n|turn|14\n|\n|t:|1700791824\n|switch|p2a: ACF Fiorentina|Quaquaval, M|64\/100 brn\n|move|p1a: Mouth Balls|Thunder Wave||[still]\n|-fail|p1a: Mouth Balls\n|\n|-damage|p2a: ACF Fiorentina|57\/100 brn|[from] brn\n|upkeep\n|turn|15\n|\n|t:|1700791831\n|switch|p1a: Compatibility|Vaporeon, F, shiny|17\/100\n|move|p2a: ACF Fiorentina|Ice Spinner|p1a: Compatibility\n|-resisted|p1a: Compatibility\n|-damage|p1a: Compatibility|13\/100\n|-fieldend|move: Electric Terrain\n|\n|-heal|p1a: Compatibility|19\/100|[from] item: Leftovers\n|-damage|p2a: ACF Fiorentina|51\/100 brn|[from] brn\n|upkeep\n|turn|16\n|\n|t:|1700791852\n|switch|p1a: Gween Tee! Cowfee!|Sinistcha-Masterpiece|16\/100\n|move|p2a: ACF Fiorentina|Bulk Up|p2a: ACF Fiorentina\n|-boost|p2a: ACF Fiorentina|atk|1\n|-boost|p2a: ACF Fiorentina|def|1\n|\n|-heal|p1a: Gween Tee! Cowfee!|22\/100|[from] item: Leftovers\n|-damage|p2a: ACF Fiorentina|45\/100 brn|[from] brn\n|upkeep\n|turn|17\n|\n|t:|1700791866\n|move|p2a: ACF Fiorentina|Ice Spinner|p1a: Gween Tee! Cowfee!\n|-supereffective|p1a: Gween Tee! Cowfee!\n|-damage|p1a: Gween Tee! Cowfee!|0 fnt\n|faint|p1a: Gween Tee! Cowfee!\n|-ability|p2a: ACF Fiorentina|Moxie|boost\n|-boost|p2a: ACF Fiorentina|atk|1\n|\n|-damage|p2a: ACF Fiorentina|39\/100 brn|[from] brn\n|upkeep\n|\n|t:|1700791875\n|switch|p1a: Compatibility|Vaporeon, F, shiny|19\/100\n|turn|18\n|\n|t:|1700791880\n|move|p2a: ACF Fiorentina|Close Combat|p1a: Compatibility\n|-damage|p1a: Compatibility|0 fnt\n|-unboost|p2a: ACF Fiorentina|def|1\n|-unboost|p2a: ACF Fiorentina|spd|1\n|faint|p1a: Compatibility\n|-ability|p2a: ACF Fiorentina|Moxie|boost\n|-boost|p2a: ACF Fiorentina|atk|1\n|\n|-damage|p2a: ACF Fiorentina|33\/100 brn|[from] brn\n|upkeep\n|\n|t:|1700791890\n|switch|p1a: Ride me ;p|Cyclizar, F|100\/100\n|turn|19\n|\n|t:|1700791901\n|move|p1a: Ride me ;p|U-turn|p2a: ACF Fiorentina\n|-resisted|p2a: ACF Fiorentina\n|-damage|p2a: ACF Fiorentina|21\/100 brn\n|-damage|p1a: Ride me ;p|91\/100|[from] item: Life Orb\n|\n|t:|1700791905\n|switch|p1a: Highphlosion|Typhlosion-Hisui, F, shiny|9\/100|[from] U-turn\n|move|p2a: ACF Fiorentina|Close Combat|p1a: Highphlosion\n|-immune|p1a: Highphlosion\n|\n|-damage|p2a: ACF Fiorentina|15\/100 brn|[from] brn\n|upkeep\n|turn|20\n|\n|t:|1700791940\n|switch|p2a: Borussia Dortmund|Jolteon, F|100\/100\n|switch|p1a: Ride me ;p|Cyclizar, F|100\/100\n|\n|upkeep\n|turn|21\n|\n|t:|1700791954\n|move|p2a: Borussia Dortmund|Calm Mind|p2a: Borussia Dortmund\n|-boost|p2a: Borussia Dortmund|spa|1\n|-boost|p2a: Borussia Dortmund|spd|1\n|move|p1a: Ride me ;p|Draco Meteor|p2a: Borussia Dortmund\n|-damage|p2a: Borussia Dortmund|33\/100\n|-unboost|p1a: Ride me ;p|spa|2\n|-damage|p1a: Ride me ;p|91\/100|[from] item: Life Orb\n|\n|-heal|p2a: Borussia Dortmund|39\/100|[from] item: Leftovers\n|upkeep\n|turn|22\n|\n|t:|1700791965\n|move|p2a: Borussia Dortmund|Thunderbolt|p1a: Ride me ;p\n|-resisted|p1a: Ride me ;p\n|-damage|p1a: Ride me ;p|38\/100\n|move|p1a: Ride me ;p|Taunt|p2a: Borussia Dortmund\n|-start|p2a: Borussia Dortmund|move: Taunt\n|\n|-heal|p2a: Borussia Dortmund|45\/100|[from] item: Leftovers\n|upkeep\n|turn|23\n|\n|t:|1700791973\n|switch|p1a: Mouth Balls|Pincurchin, F, shiny|100\/100\n|-fieldstart|move: Electric Terrain|[from] ability: Electric Surge|[of] p1a: Mouth Balls\n|move|p2a: Borussia Dortmund|Thunderbolt|p1a: Mouth Balls\n|-resisted|p1a: Mouth Balls\n|-damage|p1a: Mouth Balls|49\/100\n|\n|-heal|p2a: Borussia Dortmund|51\/100|[from] item: Leftovers\n|upkeep\n|turn|24\n|\n|t:|1700791983\n|move|p2a: Borussia Dortmund|Thunderbolt|p1a: Mouth Balls\n|-resisted|p1a: Mouth Balls\n|-damage|p1a: Mouth Balls|0 fnt\n|faint|p1a: Mouth Balls\n|\n|-heal|p2a: Borussia Dortmund|57\/100|[from] item: Leftovers\n|upkeep\n|\n|t:|1700791988\n|switch|p1a: Bird Person|Hawlucha, F|100\/100\n|-enditem|p1a: Bird Person|Electric Seed\n|-boost|p1a: Bird Person|def|1|[from] item: Electric Seed\n|turn|25\n|\n|t:|1700792007\n|-terastallize|p1a: Bird Person|Steel\n|move|p1a: Bird Person|Close Combat|p2a: Borussia Dortmund\n|-damage|p2a: Borussia Dortmund|0 fnt\n|-unboost|p1a: Bird Person|def|1\n|-unboost|p1a: Bird Person|spd|1\n|faint|p2a: Borussia Dortmund\n|\n|upkeep\n|\n|t:|1700792026\n|switch|p2a: FC Union Berlin|Forretress, F|100\/100\n|turn|26\n|\n|t:|1700792031\n|move|p1a: Bird Person|Swords Dance|p1a: Bird Person\n|-boost|p1a: Bird Person|atk|2\n|move|p2a: FC Union Berlin|Body Press|p1a: Bird Person\n|-supereffective|p1a: Bird Person\n|-damage|p1a: Bird Person|0 fnt\n|faint|p1a: Bird Person\n|\n|upkeep\n|\n|t:|1700792037\n|switch|p1a: Highphlosion|Typhlosion-Hisui, F, shiny|9\/100\n|turn|27\n|\n|t:|1700792047\n|switch|p2a: Everton FC|Clefable, M|95\/100\n|move|p1a: Highphlosion|Fire Blast|p2a: Everton FC\n|-damage|p2a: Everton FC|0 fnt\n|faint|p2a: Everton FC\n|\n|upkeep\n|\n|t:|1700792053\n|switch|p2a: Urawa Red Diamonds|Haxorus, F, shiny|100\/100\n|-ability|p2a: Urawa Red Diamonds|Mold Breaker\n|turn|28\n|\n|t:|1700792065\n|switch|p1a: Ride me ;p|Cyclizar, F|71\/100\n|move|p2a: Urawa Red Diamonds|Earthquake|p1a: Ride me ;p\n|-damage|p1a: Ride me ;p|0 fnt\n|faint|p1a: Ride me ;p\n|-damage|p2a: Urawa Red Diamonds|91\/100|[from] item: Life Orb\n|\n|upkeep\n|\n|t:|1700792072\n|switch|p1a: Highphlosion|Typhlosion-Hisui, F, shiny|9\/100\n|turn|29\n|\n|t:|1700792078\n|move|p2a: Urawa Red Diamonds|Earthquake|p1a: Highphlosion\n|-supereffective|p1a: Highphlosion\n|-damage|p1a: Highphlosion|0 fnt\n|faint|p1a: Highphlosion\n|-damage|p2a: Urawa Red Diamonds|81\/100|[from] item: Life Orb\n|\n|win|napg0d\n|l| LuichoX\n|l|\u2606napg0d\n|l|\u2606Jambees\n","uploadtime":1700792098,"views":20,"p1id":"jambees","p2id":"napg0d","formatid":"gen9ou","rating":0,"private":0,"password":""}