{"id":"gen9ou-1993340634","p1":"Welcometoearth420","p2":"Squinny","format":"[Gen 9] OU","log":"|j|\u2606Welcometoearth420\n|j|\u2606Squinny\n|t:|1700301853\n|gametype|singles\n|player|p1|Welcometoearth420|170|1403\n|player|p2|Squinny|lass|1459\n|teamsize|p1|6\n|teamsize|p2|6\n|gen|9\n|tier|[Gen 9] OU\n|rated|\n|rule|Sleep Clause Mod: Limit one foe put to sleep\n|rule|Species Clause: Limit one of each Pok\u00e9mon\n|rule|OHKO Clause: OHKO moves are banned\n|rule|Evasion Items Clause: Evasion items are banned\n|rule|Evasion Moves Clause: Evasion moves are banned\n|rule|Endless Battle Clause: Forcing endless battles is banned\n|rule|HP Percentage Mod: HP is shown in percentages\n|clearpoke\n|poke|p1|Ribombee, F|\n|poke|p1|Ogerpon-Wellspring, F|\n|poke|p1|Iron Moth|\n|poke|p1|Samurott-Hisui, F|\n|poke|p1|Gholdengo|\n|poke|p1|Iron Valiant|\n|poke|p2|Rillaboom, F|\n|poke|p2|Sneasler, F|\n|poke|p2|Iron Valiant|\n|poke|p2|Tyranitar, F|\n|poke|p2|Grimmsnarl, M|\n|poke|p2|Weezing-Galar, M|\n|teampreview\n|\n|t:|1700301868\n|start\n|switch|p1a: Ribombee|Ribombee, F|100\/100\n|switch|p2a: (\u2606\u25bd\u2606)|Grimmsnarl, M|100\/100\n|turn|1\n|\n|t:|1700301875\n|move|p2a: (\u2606\u25bd\u2606)|Taunt|p1a: Ribombee\n|-start|p1a: Ribombee|move: Taunt\n|cant|p1a: Ribombee|move: Taunt|Sticky Web\n|\n|upkeep\n|turn|2\n|\n|t:|1700301881\n|move|p2a: (\u2606\u25bd\u2606)|Parting Shot|p1a: Ribombee\n|-unboost|p1a: Ribombee|atk|1\n|-unboost|p1a: Ribombee|spa|1\n|\n|t:|1700301884\n|switch|p2a: (\u00b0\u30fc\u00b0\u3003)|Weezing-Galar, M|100\/100|[from] Parting Shot\n|-ability|p2a: (\u00b0\u30fc\u00b0\u3003)|Neutralizing Gas\n|move|p1a: Ribombee|Moonblast|p2a: (\u00b0\u30fc\u00b0\u3003)\n|-resisted|p2a: (\u00b0\u30fc\u00b0\u3003)\n|-damage|p2a: (\u00b0\u30fc\u00b0\u3003)|89\/100\n|\n|upkeep\n|turn|3\n|\n|t:|1700301903\n|switch|p1a: Gholdengo|Gholdengo|100\/100\n|-item|p1a: Gholdengo|Air Balloon\n|move|p2a: (\u00b0\u30fc\u00b0\u3003)|Strange Steam|p1a: Gholdengo|[miss]\n|-miss|p2a: (\u00b0\u30fc\u00b0\u3003)|p1a: Gholdengo\n|\n|upkeep\n|turn|4\n|\n|t:|1700301917\n|-end|p2a: (\u00b0\u30fc\u00b0\u3003)|ability: Neutralizing Gas\n|switch|p2a: (\u273f\u25e1\u203f\u25e1)|Rillaboom, F, shiny|100\/100\n|-fieldstart|move: Grassy Terrain|[from] ability: Grassy Surge|[of] p2a: (\u273f\u25e1\u203f\u25e1)\n|move|p1a: Gholdengo|Nasty Plot|p1a: Gholdengo\n|-boost|p1a: Gholdengo|spa|2\n|\n|upkeep\n|turn|5\n|\n|t:|1700301926\n|move|p2a: (\u273f\u25e1\u203f\u25e1)|U-turn|p1a: Gholdengo\n|-resisted|p1a: Gholdengo\n|-damage|p1a: Gholdengo|90\/100\n|-enditem|p1a: Gholdengo|Air Balloon\n|\n|t:|1700301929\n|switch|p2a: (\u00b0\u30fc\u00b0\u3003)|Weezing-Galar, M|89\/100|[from] U-turn\n|-ability|p2a: (\u00b0\u30fc\u00b0\u3003)|Neutralizing Gas\n|move|p1a: Gholdengo|Shadow Ball|p2a: (\u00b0\u30fc\u00b0\u3003)\n|-damage|p2a: (\u00b0\u30fc\u00b0\u3003)|9\/100\n|\n|-heal|p1a: Gholdengo|96\/100|[from] Grassy Terrain\n|-heal|p2a: (\u00b0\u30fc\u00b0\u3003)|15\/100|[from] Grassy Terrain\n|upkeep\n|turn|6\n|\n|t:|1700301943\n|move|p1a: Gholdengo|Shadow Ball|p2a: (\u00b0\u30fc\u00b0\u3003)\n|-damage|p2a: (\u00b0\u30fc\u00b0\u3003)|0 fnt\n|faint|p2a: (\u00b0\u30fc\u00b0\u3003)\n|-end|p2a: (\u00b0\u30fc\u00b0\u3003)|ability: Neutralizing Gas\n|\n|-heal|p1a: Gholdengo|100\/100|[from] Grassy Terrain\n|upkeep\n|\n|t:|1700301946\n|switch|p2a: (\u2606\u25bd\u2606)|Grimmsnarl, M|100\/100\n|turn|7\n|\n|t:|1700301951\n|move|p2a: (\u2606\u25bd\u2606)|Sucker Punch|p1a: Gholdengo\n|-supereffective|p1a: Gholdengo\n|-damage|p1a: Gholdengo|0 fnt\n|faint|p1a: Gholdengo\n|-damage|p2a: (\u2606\u25bd\u2606)|91\/100|[from] item: Life Orb\n|\n|-heal|p2a: (\u2606\u25bd\u2606)|97\/100|[from] Grassy Terrain\n|upkeep\n|\n|t:|1700301954\n|switch|p1a: Ribombee|Ribombee, F|100\/100\n|turn|8\n|\n|t:|1700301959\n|move|p2a: (\u2606\u25bd\u2606)|Parting Shot|p1a: Ribombee\n|-unboost|p1a: Ribombee|atk|1\n|-unboost|p1a: Ribombee|spa|1\n|\n|t:|1700301967\n|switch|p2a: (\u273f\u25e1\u203f\u25e1)|Rillaboom, F, shiny|100\/100|[from] Parting Shot\n|move|p1a: Ribombee|Sticky Web|p2a: (\u273f\u25e1\u203f\u25e1)\n|-sidestart|p2: Squinny|move: Sticky Web\n|\n|-fieldend|move: Grassy Terrain\n|upkeep\n|turn|9\n|\n|t:|1700301978\n|switch|p1a: Iron Moth|Iron Moth|100\/100\n|-enditem|p1a: Iron Moth|Booster Energy\n|-activate|p1a: Iron Moth|ability: Quark Drive|[fromitem]\n|-start|p1a: Iron Moth|quarkdrivespa\n|move|p2a: (\u273f\u25e1\u203f\u25e1)|U-turn|p1a: Iron Moth\n|-resisted|p1a: Iron Moth\n|-damage|p1a: Iron Moth|86\/100\n|\n|t:|1700301985\n|switch|p2a: (\u256c\u2594\u76bf\u2594)\u256f|Tyranitar, F|100\/100|[from] U-turn\n|-activate|p2a: (\u256c\u2594\u76bf\u2594)\u256f|move: Sticky Web\n|-unboost|p2a: (\u256c\u2594\u76bf\u2594)\u256f|spe|1\n|-weather|Sandstorm|[from] ability: Sand Stream|[of] p2a: (\u256c\u2594\u76bf\u2594)\u256f\n|\n|-weather|Sandstorm|[upkeep]\n|-damage|p1a: Iron Moth|80\/100|[from] Sandstorm\n|upkeep\n|turn|10\n|\n|t:|1700301992\n|-end|p1a: Iron Moth|Quark Drive|[silent]\n|switch|p1a: Ogerpon|Ogerpon-Wellspring, F|100\/100\n|move|p2a: (\u256c\u2594\u76bf\u2594)\u256f|Stealth Rock|p1a: Ogerpon\n|-sidestart|p1: Welcometoearth420|move: Stealth Rock\n|\n|-weather|Sandstorm|[upkeep]\n|-damage|p1a: Ogerpon|95\/100|[from] Sandstorm\n|upkeep\n|turn|11\n|\n|t:|1700301996\n|move|p1a: Ogerpon|Swords Dance|p1a: Ogerpon\n|-boost|p1a: Ogerpon|atk|2\n|move|p2a: (\u256c\u2594\u76bf\u2594)\u256f|Knock Off|p1a: Ogerpon\n|-damage|p1a: Ogerpon|45\/100\n|\n|-weather|Sandstorm|[upkeep]\n|-damage|p1a: Ogerpon|39\/100|[from] Sandstorm\n|upkeep\n|turn|12\n|\n|t:|1700302000\n|move|p1a: Ogerpon|Power Whip|p2a: (\u256c\u2594\u76bf\u2594)\u256f\n|-supereffective|p2a: (\u256c\u2594\u76bf\u2594)\u256f\n|-damage|p2a: (\u256c\u2594\u76bf\u2594)\u256f|0 fnt\n|faint|p2a: (\u256c\u2594\u76bf\u2594)\u256f\n|\n|-weather|Sandstorm|[upkeep]\n|-damage|p1a: Ogerpon|33\/100|[from] Sandstorm\n|upkeep\n|\n|t:|1700302005\n|switch|p2a: (\u273f\u25e1\u203f\u25e1)|Rillaboom, F, shiny|100\/100\n|-activate|p2a: (\u273f\u25e1\u203f\u25e1)|move: Sticky Web\n|-unboost|p2a: (\u273f\u25e1\u203f\u25e1)|spe|1\n|-fieldstart|move: Grassy Terrain|[from] ability: Grassy Surge|[of] p2a: (\u273f\u25e1\u203f\u25e1)\n|turn|13\n|\n|t:|1700302012\n|switch|p1a: Iron Moth|Iron Moth|80\/100\n|-damage|p1a: Iron Moth|55\/100|[from] Stealth Rock\n|move|p2a: (\u273f\u25e1\u203f\u25e1)|U-turn|p1a: Iron Moth\n|-resisted|p1a: Iron Moth\n|-damage|p1a: Iron Moth|41\/100\n|\n|t:|1700302021\n|switch|p2a: (\u25cf\u02c7\u2200\u02c7\u25cf)|Iron Valiant|100\/100|[from] U-turn\n|-activate|p2a: (\u25cf\u02c7\u2200\u02c7\u25cf)|move: Sticky Web\n|-unboost|p2a: (\u25cf\u02c7\u2200\u02c7\u25cf)|spe|1\n|-enditem|p2a: (\u25cf\u02c7\u2200\u02c7\u25cf)|Booster Energy\n|-activate|p2a: (\u25cf\u02c7\u2200\u02c7\u25cf)|ability: Quark Drive|[fromitem]\n|-start|p2a: (\u25cf\u02c7\u2200\u02c7\u25cf)|quarkdrivespa\n|\n|-weather|none\n|-heal|p1a: Iron Moth|47\/100|[from] Grassy Terrain\n|upkeep\n|turn|14\n|\n|t:|1700302026\n|move|p1a: Iron Moth|Sludge Wave|p2a: (\u25cf\u02c7\u2200\u02c7\u25cf)\n|-supereffective|p2a: (\u25cf\u02c7\u2200\u02c7\u25cf)\n|-damage|p2a: (\u25cf\u02c7\u2200\u02c7\u25cf)|0 fnt\n|faint|p2a: (\u25cf\u02c7\u2200\u02c7\u25cf)\n|-end|p2a: (\u25cf\u02c7\u2200\u02c7\u25cf)|Quark Drive|[silent]\n|\n|-heal|p1a: Iron Moth|53\/100|[from] Grassy Terrain\n|upkeep\n|-message|Squinny forfeited.\n|\n|win|Welcometoearth420\n|raw|Welcometoearth420's rating: 1403 &rarr; <strong>1426<\/strong><br \/>(+23 for winning)\n|raw|Squinny's rating: 1459 &rarr; <strong>1436<\/strong><br \/>(-23 for losing)\n|l|\u2606Squinny\n","uploadtime":1700302037,"views":9,"p1id":"welcometoearth420","p2id":"squinny","formatid":"gen9ou","rating":1426,"private":0,"password":""}