{"id":"gen9ou-1997350627","p1":"Peratest","p2":"darkman64","format":"[Gen 9] OU","log":"|j|\u2606Peratest\n|j|\u2606darkman64\n|t:|1700792819\n|gametype|singles\n|player|p1|Peratest|linebacker|1617\n|player|p2|darkman64|juan|1644\n|teamsize|p1|6\n|teamsize|p2|6\n|gen|9\n|tier|[Gen 9] OU\n|rated|\n|rule|Sleep Clause Mod: Limit one foe put to sleep\n|rule|Species Clause: Limit one of each Pok\u00e9mon\n|rule|OHKO Clause: OHKO moves are banned\n|rule|Evasion Items Clause: Evasion items are banned\n|rule|Evasion Moves Clause: Evasion moves are banned\n|rule|Endless Battle Clause: Forcing endless battles is banned\n|rule|HP Percentage Mod: HP is shown in percentages\n|clearpoke\n|poke|p1|Ogerpon, F|\n|poke|p1|Cinderace, M|\n|poke|p1|Corviknight, M|\n|poke|p1|Clodsire, M|\n|poke|p1|Iron Valiant|\n|poke|p1|Heatran, M|\n|poke|p2|Zoroark-Hisui, M|\n|poke|p2|Kingambit, M|\n|poke|p2|Toxapex, F|\n|poke|p2|Dondozo, M|\n|poke|p2|Meowscarada, M|\n|poke|p2|Great Tusk|\n|teampreview\n|inactive|Battle timer is ON: inactive players will automatically lose when time's up. (requested by darkman64)\n|\n|t:|1700792833\n|start\n|switch|p1a: Nevermore|Corviknight, M, shiny|100\/100\n|switch|p2a: Meowscarada|Meowscarada, M|100\/100\n|turn|1\n|j| tkingofh\n|\n|t:|1700792858\n|move|p2a: Meowscarada|Flamethrower|p1a: Nevermore\n|-supereffective|p1a: Nevermore\n|-damage|p1a: Nevermore|10\/100\n|move|p1a: Nevermore|U-turn|p2a: Meowscarada\n|-resisted|p2a: Meowscarada\n|-damage|p2a: Meowscarada|87\/100\n|replace|p2a: Zoroark|Zoroark-Hisui, M\n|-end|p2a: Zoroark|Illusion\n|\n|t:|1700792865\n|switch|p1a: Heatran|Heatran, M, shiny|100\/100|[from] U-turn\n|-item|p1a: Heatran|Air Balloon\n|\n|upkeep\n|turn|2\n|\n|t:|1700792873\n|switch|p2a: Toxapex|Toxapex, F|100\/100\n|move|p1a: Heatran|Magma Storm|p2a: Toxapex\n|-resisted|p2a: Toxapex\n|-damage|p2a: Toxapex|88\/100\n|-activate|p2a: Toxapex|move: Magma Storm|[of] p1a: Heatran\n|\n|-damage|p2a: Toxapex|76\/100|[from] move: Magma Storm|[partiallytrapped]\n|upkeep\n|turn|3\n|\n|t:|1700792883\n|move|p1a: Heatran|Earth Power|p2a: Toxapex\n|-supereffective|p2a: Toxapex\n|-damage|p2a: Toxapex|49\/100\n|move|p2a: Toxapex|Infestation|p1a: Heatran\n|-resisted|p1a: Heatran\n|-damage|p1a: Heatran|99\/100\n|-activate|p1a: Heatran|move: Infestation|[of] p2a: Toxapex\n|-enditem|p1a: Heatran|Air Balloon\n|\n|-damage|p1a: Heatran|88\/100|[from] move: Infestation|[partiallytrapped]\n|-damage|p2a: Toxapex|37\/100|[from] move: Magma Storm|[partiallytrapped]\n|upkeep\n|turn|4\n|\n|t:|1700792894\n|move|p1a: Heatran|Taunt|p2a: Toxapex\n|-start|p2a: Toxapex|move: Taunt\n|move|p2a: Toxapex|Surf|p1a: Heatran\n|-supereffective|p1a: Heatran\n|-damage|p1a: Heatran|58\/100\n|\n|-damage|p1a: Heatran|46\/100|[from] move: Infestation|[partiallytrapped]\n|-damage|p2a: Toxapex|25\/100|[from] move: Magma Storm|[partiallytrapped]\n|upkeep\n|turn|5\n|\n|t:|1700792905\n|move|p1a: Heatran|Earth Power|p2a: Toxapex\n|-supereffective|p2a: Toxapex\n|-damage|p2a: Toxapex|0 fnt\n|faint|p2a: Toxapex\n|\n|-end|p1a: Heatran|Infestation|[partiallytrapped]|[silent]\n|upkeep\n|\n|t:|1700792911\n|switch|p2a: Meowscarada|Meowscarada, M|87\/100\n|turn|6\n|\n|t:|1700792922\n|move|p2a: Meowscarada|Bitter Malice|p1a: Heatran\n|-damage|p1a: Heatran|13\/100\n|-unboost|p1a: Heatran|atk|1\n|move|p1a: Heatran|Earth Power|p2a: Meowscarada\n|-damage|p2a: Meowscarada|33\/100\n|-unboost|p2a: Meowscarada|spd|1\n|replace|p2a: Zoroark|Zoroark-Hisui, M\n|-end|p2a: Zoroark|Illusion\n|\n|upkeep\n|turn|7\n|\n|t:|1700792938\n|move|p2a: Zoroark|Bitter Malice|p1a: Heatran\n|-damage|p1a: Heatran|0 fnt\n|faint|p1a: Heatran\n|\n|upkeep\n|\n|t:|1700792947\n|switch|p1a: Sanji|Cinderace, M, shiny|100\/100\n|turn|8\n|\n|t:|1700792951\n|move|p1a: Sanji|Sucker Punch|p2a: Zoroark\n|-start|p1a: Sanji|typechange|Dark|[from] ability: Libero\n|-supereffective|p2a: Zoroark\n|-damage|p2a: Zoroark|0 fnt\n|faint|p2a: Zoroark\n|\n|upkeep\n|\n|t:|1700792954\n|switch|p2a: Meowscarada|Meowscarada, M|100\/100\n|turn|9\n|\n|t:|1700792960\n|switch|p1a: Nevermore|Corviknight, M, shiny|10\/100\n|move|p2a: Meowscarada|Knock Off|p1a: Nevermore\n|-start|p2a: Meowscarada|typechange|Dark|[from] ability: Protean\n|-damage|p1a: Nevermore|0 fnt\n|-damage|p2a: Meowscarada|84\/100|[from] item: Rocky Helmet|[of] p1a: Nevermore\n|-enditem|p1a: Nevermore|Rocky Helmet|[from] move: Knock Off|[of] p2a: Meowscarada\n|faint|p1a: Nevermore\n|\n|upkeep\n|\n|t:|1700792989\n|switch|p1a: Sanji|Cinderace, M, shiny|100\/100\n|turn|10\n|\n|t:|1700792994\n|move|p2a: Meowscarada|Knock Off|p1a: Sanji\n|-damage|p1a: Sanji|9\/100\n|-enditem|p1a: Sanji|Heavy-Duty Boots|[from] move: Knock Off|[of] p2a: Meowscarada\n|move|p1a: Sanji|U-turn|p2a: Meowscarada\n|-start|p1a: Sanji|typechange|Bug|[from] ability: Libero\n|-supereffective|p2a: Meowscarada\n|-damage|p2a: Meowscarada|0 fnt\n|faint|p2a: Meowscarada\n|\n|t:|1700793006\n|switch|p1a: Fiona|Ogerpon, F|100\/100|[from] U-turn\n|\n|upkeep\n|\n|t:|1700793013\n|switch|p2a: Kingambit|Kingambit, M|100\/100\n|-activate|p2a: Kingambit|ability: Supreme Overlord\n|-start|p2a: Kingambit|fallen3|[silent]\n|turn|11\n|\n|t:|1700793019\n|move|p1a: Fiona|Stomping Tantrum|p2a: Kingambit\n|-supereffective|p2a: Kingambit\n|-damage|p2a: Kingambit|55\/100\n|move|p2a: Kingambit|Kowtow Cleave|p1a: Fiona\n|-damage|p1a: Fiona|28\/100\n|\n|upkeep\n|turn|12\n|\n|t:|1700793033\n|switch|p1a: Sanji|Cinderace, M, shiny|9\/100\n|move|p2a: Kingambit|Sucker Punch||[still]\n|-fail|p2a: Kingambit\n|\n|upkeep\n|turn|13\n|\n|t:|1700793049\n|switch|p1a: Galladevoir|Iron Valiant, shiny|100\/100\n|-enditem|p1a: Galladevoir|Booster Energy\n|-activate|p1a: Galladevoir|ability: Quark Drive|[fromitem]\n|-start|p1a: Galladevoir|quarkdrivespe\n|-terastallize|p2a: Kingambit|Fire\n|move|p2a: Kingambit|Kowtow Cleave|p1a: Galladevoir\n|-resisted|p1a: Galladevoir\n|-damage|p1a: Galladevoir|81\/100\n|\n|upkeep\n|turn|14\n|\n|t:|1700793062\n|move|p1a: Galladevoir|Encore|p2a: Kingambit\n|-start|p2a: Kingambit|Encore\n|move|p2a: Kingambit|Kowtow Cleave|p1a: Galladevoir\n|-resisted|p1a: Galladevoir\n|-damage|p1a: Galladevoir|61\/100\n|\n|upkeep\n|turn|15\n|\n|t:|1700793072\n|-end|p2a: Kingambit|fallen3|[silent]\n|switch|p2a: Dondozo|Dondozo, M|100\/100\n|move|p1a: Galladevoir|Thunderbolt|p2a: Dondozo\n|-supereffective|p2a: Dondozo\n|-damage|p2a: Dondozo|62\/100\n|-status|p2a: Dondozo|par\n|\n|-heal|p2a: Dondozo|69\/100 par|[from] item: Leftovers\n|upkeep\n|turn|16\n|\n|t:|1700793085\n|move|p1a: Galladevoir|Thunderbolt|p2a: Dondozo\n|-supereffective|p2a: Dondozo\n|-damage|p2a: Dondozo|32\/100 par\n|move|p2a: Dondozo|Wave Crash|p1a: Galladevoir\n|-damage|p1a: Galladevoir|11\/100\n|-damage|p2a: Dondozo|23\/100 par|[from] Recoil\n|\n|-heal|p2a: Dondozo|29\/100 par|[from] item: Leftovers\n|upkeep\n|turn|17\n|\n|t:|1700793095\n|move|p1a: Galladevoir|Thunderbolt|p2a: Dondozo\n|-supereffective|p2a: Dondozo\n|-damage|p2a: Dondozo|0 fnt\n|faint|p2a: Dondozo\n|\n|upkeep\n|\n|t:|1700793105\n|switch|p2a: Kingambit|Kingambit, M, tera:Fire|55\/100\n|-activate|p2a: Kingambit|ability: Supreme Overlord\n|-start|p2a: Kingambit|fallen4|[silent]\n|turn|18\n|\n|t:|1700793110\n|move|p2a: Kingambit|Sucker Punch||[still]\n|-fail|p2a: Kingambit\n|move|p1a: Galladevoir|Destiny Bond|p1a: Galladevoir\n|-singlemove|p1a: Galladevoir|Destiny Bond\n|\n|upkeep\n|turn|19\n|\n|t:|1700793117\n|-end|p2a: Kingambit|fallen4|[silent]\n|switch|p2a: Great Tusk|Great Tusk, shiny|100\/100\n|move|p1a: Galladevoir|Encore||[still]\n|-fail|p1a: Galladevoir\n|\n|upkeep\n|turn|20\n|\n|t:|1700793125\n|-end|p2a: Great Tusk|Protosynthesis|[silent]\n|switch|p2a: Kingambit|Kingambit, M, tera:Fire|55\/100\n|-activate|p2a: Kingambit|ability: Supreme Overlord\n|-start|p2a: Kingambit|fallen4|[silent]\n|move|p1a: Galladevoir|Moonblast|p2a: Kingambit\n|-resisted|p2a: Kingambit\n|-damage|p2a: Kingambit|39\/100\n|\n|upkeep\n|turn|21\n|\n|t:|1700793134\n|-end|p2a: Kingambit|fallen4|[silent]\n|switch|p2a: Great Tusk|Great Tusk, shiny|100\/100\n|move|p1a: Galladevoir|Destiny Bond|p1a: Galladevoir\n|-singlemove|p1a: Galladevoir|Destiny Bond\n|\n|upkeep\n|turn|22\n|\n|t:|1700793141\n|move|p1a: Galladevoir|Moonblast|p2a: Great Tusk\n|-supereffective|p2a: Great Tusk\n|-damage|p2a: Great Tusk|0 fnt\n|faint|p2a: Great Tusk\n|-end|p2a: Great Tusk|Protosynthesis|[silent]\n|\n|upkeep\n|\n|t:|1700793144\n|switch|p2a: Kingambit|Kingambit, M, tera:Fire|39\/100\n|-activate|p2a: Kingambit|ability: Supreme Overlord\n|-start|p2a: Kingambit|fallen5|[silent]\n|turn|23\n|c|\u2606darkman64|gg\n|\n|t:|1700793151\n|move|p1a: Galladevoir|Destiny Bond|p1a: Galladevoir\n|-singlemove|p1a: Galladevoir|Destiny Bond\n|move|p2a: Kingambit|Iron Head|p1a: Galladevoir\n|-supereffective|p1a: Galladevoir\n|-damage|p1a: Galladevoir|0 fnt\n|faint|p1a: Galladevoir\n|-activate|p1a: Galladevoir|move: Destiny Bond\n|-end|p1a: Galladevoir|Quark Drive|[silent]\n|faint|p2a: Kingambit\n|-end|p2a: Kingambit|fallen5|[silent]\n|\n|win|Peratest\n|raw|Peratest's rating: 1617 &rarr; <strong>1639<\/strong><br \/>(+22 for winning)\n|raw|darkman64's rating: 1644 &rarr; <strong>1622<\/strong><br \/>(-22 for losing)\n|l| tkingofh\n|c|\u2606Peratest|Gg\n|c|\u2606Peratest|Gobble gobble\n|l|\u2606darkman64\n","uploadtime":1700793181,"views":31,"p1id":"peratest","p2id":"darkman64","formatid":"gen9ou","rating":1622,"private":0,"password":""}