{"id":"gen9ou-1988924599","p1":"siummmette","p2":"daddy is awesome","format":"[Gen 9] OU","log":"|j|\u2606siummmette\n|j|\u2606daddy is awesome\n|t:|1699788781\n|gametype|singles\n|player|p1|siummmette|colress|1115\n|player|p2|daddy is awesome|170|1040\n|teamsize|p1|6\n|teamsize|p2|6\n|gen|9\n|tier|[Gen 9] OU\n|rated|\n|rule|Sleep Clause Mod: Limit one foe put to sleep\n|rule|Species Clause: Limit one of each Pok\u00e9mon\n|rule|OHKO Clause: OHKO moves are banned\n|rule|Evasion Items Clause: Evasion items are banned\n|rule|Evasion Moves Clause: Evasion moves are banned\n|rule|Endless Battle Clause: Forcing endless battles is banned\n|rule|HP Percentage Mod: HP is shown in percentages\n|clearpoke\n|poke|p1|Infernape, M|\n|poke|p1|Iron Valiant|\n|poke|p1|Quaquaval, F|\n|poke|p1|Corviknight, F|\n|poke|p1|Clodsire, F|\n|poke|p1|Tsareena, F|\n|poke|p2|Tyranitar, M|\n|poke|p2|Mew|\n|poke|p2|Salazzle, F|\n|poke|p2|Gengar, F|\n|poke|p2|Garchomp, M|\n|poke|p2|Charizard, F|\n|teampreview\n|inactive|Battle timer is ON: inactive players will automatically lose when time's up. (requested by siummmette)\n|\n|t:|1699788791\n|start\n|switch|p1a: Clodsire|Clodsire, F|100\/100\n|switch|p2a: Charizard|Charizard, F|100\/100\n|turn|1\n|\n|t:|1699788799\n|move|p2a: Charizard|Dig||[still]\n|-prepare|p2a: Charizard|Dig\n|move|p1a: Clodsire|Toxic|p2a: Charizard\n|-status|p2a: Charizard|tox\n|\n|-damage|p2a: Charizard|94\/100 tox|[from] psn\n|upkeep\n|turn|2\n|\n|t:|1699788806\n|move|p2a: Charizard|Dig|p1a: Clodsire|[from]lockedmove\n|-supereffective|p1a: Clodsire\n|-damage|p1a: Clodsire|61\/100\n|move|p1a: Clodsire|Spikes|p2a: Charizard\n|-sidestart|p2: daddy is awesome|Spikes\n|\n|-heal|p1a: Clodsire|67\/100|[from] item: Leftovers\n|-damage|p2a: Charizard|82\/100 tox|[from] psn\n|upkeep\n|turn|3\n|\n|t:|1699788816\n|move|p2a: Charizard|Iron Tail|p1a: Clodsire|[miss]\n|-miss|p2a: Charizard|p1a: Clodsire\n|move|p1a: Clodsire|Spikes|p2a: Charizard\n|-sidestart|p2: daddy is awesome|Spikes\n|\n|-heal|p1a: Clodsire|73\/100|[from] item: Leftovers\n|-damage|p2a: Charizard|64\/100 tox|[from] psn\n|upkeep\n|turn|4\n|\n|t:|1699788825\n|move|p2a: Charizard|Iron Tail|p1a: Clodsire|[miss]\n|-miss|p2a: Charizard|p1a: Clodsire\n|move|p1a: Clodsire|Spikes|p2a: Charizard\n|-sidestart|p2: daddy is awesome|Spikes\n|\n|-heal|p1a: Clodsire|80\/100|[from] item: Leftovers\n|-damage|p2a: Charizard|40\/100 tox|[from] psn\n|upkeep\n|turn|5\n|c|\u2606siummmette|why you using an anime moveset\n|c|\u2606siummmette|damn you suck\n|c|\u2606siummmette|i will destroy you\n|\n|t:|1699788849\n|move|p2a: Charizard|Iron Tail|p1a: Clodsire|[miss]\n|-miss|p2a: Charizard|p1a: Clodsire\n|move|p1a: Clodsire|Recover|p1a: Clodsire\n|-heal|p1a: Clodsire|100\/100\n|\n|-damage|p2a: Charizard|9\/100 tox|[from] psn\n|upkeep\n|turn|6\n|\n|t:|1699788858\n|switch|p1a: Corviknight|Corviknight, F|100\/100\n|-ability|p1a: Corviknight|Pressure\n|move|p2a: Charizard|Iron Tail|p1a: Corviknight\n|-resisted|p1a: Corviknight\n|-damage|p1a: Corviknight|93\/100\n|-damage|p2a: Charizard|0 fnt|[from] item: Rocky Helmet|[of] p1a: Corviknight\n|faint|p2a: Charizard\n|\n|upkeep\n|\n|t:|1699788873\n|switch|p2a: Garchomp|Garchomp, M|100\/100\n|-damage|p2a: Garchomp|75\/100|[from] Spikes\n|turn|7\n|\n|t:|1699788881\n|move|p2a: Garchomp|Brick Break|p1a: Corviknight\n|-crit|p1a: Corviknight\n|-damage|p1a: Corviknight|75\/100\n|-damage|p2a: Garchomp|59\/100|[from] item: Rocky Helmet|[of] p1a: Corviknight\n|move|p1a: Corviknight|Body Press|p2a: Garchomp\n|-damage|p2a: Garchomp|37\/100\n|-damage|p1a: Corviknight|62\/100|[from] ability: Rough Skin|[of] p2a: Garchomp\n|\n|-heal|p2a: Garchomp|43\/100|[from] item: Leftovers\n|upkeep\n|turn|8\n|\n|t:|1699788892\n|move|p2a: Garchomp|Draco Meteor|p1a: Corviknight|[miss]\n|-miss|p2a: Garchomp|p1a: Corviknight\n|move|p1a: Corviknight|Roost|p1a: Corviknight\n|-heal|p1a: Corviknight|100\/100\n|-singleturn|p1a: Corviknight|move: Roost\n|\n|-heal|p2a: Garchomp|49\/100|[from] item: Leftovers\n|upkeep\n|turn|9\n|\n|t:|1699788902\n|move|p2a: Garchomp|Draco Meteor|p1a: Corviknight\n|-resisted|p1a: Corviknight\n|-damage|p1a: Corviknight|82\/100\n|-unboost|p2a: Garchomp|spa|2\n|move|p1a: Corviknight|Body Press|p2a: Garchomp\n|-damage|p2a: Garchomp|28\/100\n|-damage|p1a: Corviknight|69\/100|[from] ability: Rough Skin|[of] p2a: Garchomp\n|\n|-heal|p2a: Garchomp|34\/100|[from] item: Leftovers\n|upkeep\n|turn|10\n|c|\u2606siummmette|you are the most weak opponent ever\n|\n|t:|1699788924\n|move|p2a: Garchomp|Liquidation|p1a: Corviknight\n|-damage|p1a: Corviknight|55\/100\n|-damage|p2a: Garchomp|18\/100|[from] item: Rocky Helmet|[of] p1a: Corviknight\n|move|p1a: Corviknight|Roost|p1a: Corviknight\n|-heal|p1a: Corviknight|100\/100\n|-singleturn|p1a: Corviknight|move: Roost\n|\n|-heal|p2a: Garchomp|24\/100|[from] item: Leftovers\n|upkeep\n|turn|11\n|\n|t:|1699788936\n|move|p2a: Garchomp|Brick Break|p1a: Corviknight\n|-damage|p1a: Corviknight|87\/100\n|-damage|p2a: Garchomp|7\/100|[from] item: Rocky Helmet|[of] p1a: Corviknight\n|move|p1a: Corviknight|Body Press|p2a: Garchomp\n|-crit|p2a: Garchomp\n|-damage|p2a: Garchomp|0 fnt\n|-damage|p1a: Corviknight|75\/100|[from] ability: Rough Skin|[of] p2a: Garchomp\n|faint|p2a: Garchomp\n|\n|upkeep\n|\n|t:|1699788947\n|switch|p2a: Salazzle|Salazzle, F|100\/100\n|-damage|p2a: Salazzle|76\/100|[from] Spikes\n|turn|12\n|\n|t:|1699788952\n|switch|p1a: Clodsire|Clodsire, F|100\/100\n|move|p2a: Salazzle|Fire Lash|p1a: Clodsire\n|-damage|p1a: Clodsire|68\/100\n|-unboost|p1a: Clodsire|def|1\n|\n|-heal|p1a: Clodsire|74\/100|[from] item: Leftovers\n|upkeep\n|turn|13\n|\n|t:|1699788961\n|move|p2a: Salazzle|Fire Lash|p1a: Clodsire\n|-damage|p1a: Clodsire|27\/100\n|-unboost|p1a: Clodsire|def|1\n|move|p1a: Clodsire|Earthquake|p2a: Salazzle\n|-supereffective|p2a: Salazzle\n|-damage|p2a: Salazzle|0 fnt\n|faint|p2a: Salazzle\n|\n|-heal|p1a: Clodsire|34\/100|[from] item: Leftovers\n|upkeep\n|\n|t:|1699788973\n|switch|p2a: Mew|Mew|100\/100\n|-damage|p2a: Mew|75\/100|[from] Spikes\n|turn|14\n|\n|t:|1699788982\n|switch|p1a: Quaquaval|Quaquaval, F|100\/100\n|move|p2a: Mew|Scald|p1a: Quaquaval\n|-resisted|p1a: Quaquaval\n|-damage|p1a: Quaquaval|86\/100\n|\n|upkeep\n|turn|15\n|\n|t:|1699788992\n|move|p1a: Quaquaval|Knock Off|p2a: Mew\n|-supereffective|p2a: Mew\n|-damage|p2a: Mew|0 fnt\n|-enditem|p2a: Mew|Aguav Berry|[from] move: Knock Off|[of] p1a: Quaquaval\n|faint|p2a: Mew\n|-ability|p1a: Quaquaval|Moxie|boost\n|-boost|p1a: Quaquaval|atk|1\n|-damage|p1a: Quaquaval|76\/100|[from] item: Life Orb\n|\n|upkeep\n|\n|t:|1699789003\n|switch|p2a: Gengar|Gengar, F|100\/100\n|-damage|p2a: Gengar|75\/100|[from] Spikes\n|turn|16\n|\n|t:|1699789021\n|move|p1a: Quaquaval|Aqua Step|p2a: Gengar\n|-damage|p2a: Gengar|0 fnt\n|-boost|p1a: Quaquaval|spe|1\n|-start|p1a: Quaquaval|Disable|Aqua Step|[from] ability: Cursed Body|[of] p2a: Gengar\n|faint|p2a: Gengar\n|-ability|p1a: Quaquaval|Moxie|boost\n|-boost|p1a: Quaquaval|atk|1\n|-damage|p1a: Quaquaval|66\/100|[from] item: Life Orb\n|\n|upkeep\n|\n|t:|1699789031\n|switch|p2a: Tyranitar|Tyranitar, M|100\/100\n|-damage|p2a: Tyranitar|75\/100|[from] Spikes\n|-weather|Sandstorm|[from] ability: Sand Stream|[of] p2a: Tyranitar\n|turn|17\n|\n|t:|1699789039\n|move|p1a: Quaquaval|Close Combat|p2a: Tyranitar\n|-supereffective|p2a: Tyranitar\n|-damage|p2a: Tyranitar|0 fnt\n|-unboost|p1a: Quaquaval|def|1\n|-unboost|p1a: Quaquaval|spd|1\n|faint|p2a: Tyranitar\n|-damage|p1a: Quaquaval|56\/100|[from] item: Life Orb\n|\n|win|siummmette\n|raw|siummmette's rating: 1115 &rarr; <strong>1135<\/strong><br \/>(+20 for winning)\n|raw|daddy is awesome's rating: 1040 &rarr; <strong>1027<\/strong><br \/>(-13 for losing)\n","uploadtime":1699788841,"views":9,"p1id":"siummmette","p2id":"daddyisawesome","formatid":"gen9ou","rating":1027,"private":0,"password":""}