{"id":"gen9ou-1991949812","p1":"red114514","p2":"wyverbal","format":"[Gen 9] OU","log":"|j|\u2606red114514\n|j|\u2606wyverbal\n|t:|1700141652\n|gametype|singles\n|player|p1|red114514|265|1100\n|player|p2|wyverbal|101|1122\n|teamsize|p1|6\n|teamsize|p2|6\n|gen|9\n|tier|[Gen 9] OU\n|rated|\n|rule|Sleep Clause Mod: Limit one foe put to sleep\n|rule|Species Clause: Limit one of each Pok\u00e9mon\n|rule|OHKO Clause: OHKO moves are banned\n|rule|Evasion Items Clause: Evasion items are banned\n|rule|Evasion Moves Clause: Evasion moves are banned\n|rule|Endless Battle Clause: Forcing endless battles is banned\n|rule|HP Percentage Mod: HP is shown in percentages\n|clearpoke\n|poke|p1|Krookodile, F|\n|poke|p1|Glimmora, F|\n|poke|p1|Ceruledge, M|\n|poke|p1|Garchomp, M|\n|poke|p1|Salamence, M|\n|poke|p1|Kingambit, M|\n|poke|p2|Dipplin, F|\n|poke|p2|Enamorus-Therian, F|\n|poke|p2|Swalot, M|\n|poke|p2|Okidogi, M|\n|poke|p2|Flareon, F|\n|poke|p2|Dondozo, M|\n|teampreview\n|inactive|Battle timer is ON: inactive players will automatically lose when time's up. (requested by wyverbal)\n|\n|t:|1700141663\n|start\n|switch|p1a: Glimmora|Glimmora, F|100\/100\n|switch|p2a: Enamorus|Enamorus-Therian, F, shiny|100\/100\n|turn|1\n|\n|t:|1700141672\n|move|p2a: Enamorus|Agility|p2a: Enamorus\n|-boost|p2a: Enamorus|spe|2\n|move|p1a: Glimmora|Light Screen|p1a: Glimmora\n|-sidestart|p1: red114514|move: Light Screen\n|\n|upkeep\n|turn|2\n|\n|t:|1700141681\n|move|p2a: Enamorus|Earth Power|p1a: Glimmora\n|-supereffective|p1a: Glimmora\n|-damage|p1a: Glimmora|40\/100\n|move|p1a: Glimmora|Stealth Rock|p2a: Enamorus\n|-sidestart|p2: wyverbal|move: Stealth Rock\n|\n|upkeep\n|turn|3\n|\n|t:|1700141692\n|move|p2a: Enamorus|Agility|p2a: Enamorus\n|-boost|p2a: Enamorus|spe|2\n|move|p1a: Glimmora|Toxic|p2a: Enamorus\n|-status|p2a: Enamorus|tox\n|\n|-damage|p2a: Enamorus|94\/100 tox|[from] psn\n|upkeep\n|turn|4\n|\n|t:|1700141701\n|move|p2a: Enamorus|Agility|p2a: Enamorus\n|-boost|p2a: Enamorus|spe|2\n|move|p1a: Glimmora|Toxic|p2a: Enamorus\n|-fail|p2a: Enamorus|tox\n|\n|-damage|p2a: Enamorus|82\/100 tox|[from] psn\n|upkeep\n|turn|5\n|\n|t:|1700141712\n|move|p2a: Enamorus|Moonblast|p1a: Glimmora\n|-resisted|p1a: Glimmora\n|-damage|p1a: Glimmora|28\/100\n|move|p1a: Glimmora|Mortal Spin|p2a: Enamorus\n|-supereffective|p2a: Enamorus\n|-damage|p2a: Enamorus|67\/100 tox\n|-enditem|p2a: Enamorus|Weakness Policy\n|-boost|p2a: Enamorus|atk|2|[from] item: Weakness Policy\n|-boost|p2a: Enamorus|spa|2|[from] item: Weakness Policy\n|\n|-damage|p2a: Enamorus|48\/100 tox|[from] psn\n|-sideend|p1: red114514|move: Light Screen\n|upkeep\n|turn|6\n|\n|t:|1700141726\n|move|p2a: Enamorus|Earth Power|p1a: Glimmora\n|-supereffective|p1a: Glimmora\n|-damage|p1a: Glimmora|0 fnt\n|faint|p1a: Glimmora\n|\n|-damage|p2a: Enamorus|23\/100 tox|[from] psn\n|upkeep\n|\n|t:|1700141738\n|switch|p1a: Garchomp|Garchomp, M|100\/100\n|turn|7\n|\n|t:|1700141744\n|move|p2a: Enamorus|Moonblast|p1a: Garchomp\n|-supereffective|p1a: Garchomp\n|-damage|p1a: Garchomp|0 fnt\n|faint|p1a: Garchomp\n|\n|-damage|p2a: Enamorus|0 fnt|[from] psn\n|faint|p2a: Enamorus\n|upkeep\n|\n|t:|1700141763\n|switch|p1a: Ceruledge|Ceruledge, M, shiny|100\/100\n|switch|p2a: Dipplin|Dipplin, F, shiny|100\/100\n|-damage|p2a: Dipplin|88\/100|[from] Stealth Rock\n|turn|8\n|\n|t:|1700141770\n|move|p1a: Ceruledge|Bitter Blade|p2a: Dipplin\n|-damage|p2a: Dipplin|59\/100\n|-damage|p1a: Ceruledge|91\/100|[from] item: Life Orb\n|move|p2a: Dipplin|Dragon Breath|p1a: Ceruledge\n|-damage|p1a: Ceruledge|68\/100\n|\n|upkeep\n|turn|9\n|\n|t:|1700141780\n|move|p1a: Ceruledge|Bitter Blade|p2a: Dipplin\n|-damage|p2a: Dipplin|30\/100\n|-heal|p1a: Ceruledge|86\/100|[from] drain|[of] p2a: Dipplin\n|-damage|p1a: Ceruledge|76\/100|[from] item: Life Orb\n|move|p2a: Dipplin|Dragon Breath|p1a: Ceruledge\n|-damage|p1a: Ceruledge|52\/100\n|\n|upkeep\n|turn|10\n|\n|t:|1700141789\n|move|p1a: Ceruledge|Bitter Blade|p2a: Dipplin\n|-damage|p2a: Dipplin|3\/100\n|-heal|p1a: Ceruledge|69\/100|[from] drain|[of] p2a: Dipplin\n|-damage|p1a: Ceruledge|59\/100|[from] item: Life Orb\n|move|p2a: Dipplin|Recover|p2a: Dipplin\n|-heal|p2a: Dipplin|53\/100\n|\n|upkeep\n|turn|11\n|\n|t:|1700141800\n|move|p1a: Ceruledge|Close Combat|p2a: Dipplin\n|-damage|p2a: Dipplin|30\/100\n|-unboost|p1a: Ceruledge|def|1\n|-unboost|p1a: Ceruledge|spd|1\n|-damage|p1a: Ceruledge|49\/100|[from] item: Life Orb\n|move|p2a: Dipplin|Recover|p2a: Dipplin\n|-heal|p2a: Dipplin|80\/100\n|\n|upkeep\n|turn|12\n|\n|t:|1700141814\n|move|p1a: Ceruledge|Bitter Blade|p2a: Dipplin\n|-damage|p2a: Dipplin|51\/100\n|-heal|p1a: Ceruledge|67\/100|[from] drain|[of] p2a: Dipplin\n|-damage|p1a: Ceruledge|57\/100|[from] item: Life Orb\n|move|p2a: Dipplin|Dragon Breath|p1a: Ceruledge\n|-damage|p1a: Ceruledge|24\/100\n|\n|upkeep\n|turn|13\n|\n|t:|1700141824\n|move|p1a: Ceruledge|Bitter Blade|p2a: Dipplin\n|-damage|p2a: Dipplin|22\/100\n|-heal|p1a: Ceruledge|42\/100|[from] drain|[of] p2a: Dipplin\n|-damage|p1a: Ceruledge|32\/100|[from] item: Life Orb\n|move|p2a: Dipplin|Recover|p2a: Dipplin\n|-heal|p2a: Dipplin|72\/100\n|\n|upkeep\n|turn|14\n|\n|t:|1700141838\n|move|p1a: Ceruledge|Bitter Blade|p2a: Dipplin\n|-damage|p2a: Dipplin|44\/100\n|-heal|p1a: Ceruledge|50\/100|[from] drain|[of] p2a: Dipplin\n|-damage|p1a: Ceruledge|40\/100|[from] item: Life Orb\n|move|p2a: Dipplin|Recover|p2a: Dipplin\n|-heal|p2a: Dipplin|94\/100\n|\n|upkeep\n|turn|15\n|\n|t:|1700141848\n|move|p1a: Ceruledge|Bitter Blade|p2a: Dipplin\n|-damage|p2a: Dipplin|65\/100\n|-heal|p1a: Ceruledge|59\/100|[from] drain|[of] p2a: Dipplin\n|-damage|p1a: Ceruledge|49\/100|[from] item: Life Orb\n|move|p2a: Dipplin|Dragon Breath|p1a: Ceruledge\n|-damage|p1a: Ceruledge|11\/100\n|\n|upkeep\n|turn|16\n|\n|t:|1700141857\n|move|p1a: Ceruledge|Bitter Blade|p2a: Dipplin\n|-damage|p2a: Dipplin|38\/100\n|-heal|p1a: Ceruledge|29\/100|[from] drain|[of] p2a: Dipplin\n|-damage|p1a: Ceruledge|19\/100|[from] item: Life Orb\n|move|p2a: Dipplin|Recover|p2a: Dipplin\n|-heal|p2a: Dipplin|88\/100\n|\n|upkeep\n|turn|17\n|\n|t:|1700141866\n|move|p1a: Ceruledge|Bitter Blade|p2a: Dipplin\n|-damage|p2a: Dipplin|60\/100\n|-heal|p1a: Ceruledge|36\/100|[from] drain|[of] p2a: Dipplin\n|-damage|p1a: Ceruledge|26\/100|[from] item: Life Orb\n|move|p2a: Dipplin|Dragon Breath|p1a: Ceruledge\n|-damage|p1a: Ceruledge|0 fnt\n|faint|p1a: Ceruledge\n|\n|upkeep\n|\n|t:|1700141877\n|switch|p1a: Salamence|Salamence, M, shiny|100\/100\n|turn|18\n|\n|t:|1700141887\n|-terastallize|p2a: Dipplin|Fairy\n|move|p1a: Salamence|Fire Spin|p2a: Dipplin\n|-crit|p2a: Dipplin\n|-damage|p2a: Dipplin|48\/100\n|-activate|p2a: Dipplin|move: Fire Spin|[of] p1a: Salamence\n|move|p2a: Dipplin|Dragon Breath|p1a: Salamence\n|-supereffective|p1a: Salamence\n|-damage|p1a: Salamence|53\/100\n|-status|p1a: Salamence|par\n|\n|-heal|p1a: Salamence|59\/100 par|[from] item: Leftovers\n|-damage|p2a: Dipplin|36\/100|[from] move: Fire Spin|[partiallytrapped]\n|upkeep\n|turn|19\n|\n|t:|1700141906\n|cant|p1a: Salamence|par\n|move|p2a: Dipplin|Recover|p2a: Dipplin\n|-heal|p2a: Dipplin|86\/100\n|\n|-heal|p1a: Salamence|65\/100 par|[from] item: Leftovers\n|-damage|p2a: Dipplin|73\/100|[from] move: Fire Spin|[partiallytrapped]\n|upkeep\n|turn|20\n|\n|t:|1700141917\n|move|p1a: Salamence|Earthquake|p2a: Dipplin\n|-damage|p2a: Dipplin|58\/100\n|move|p2a: Dipplin|Dragon Breath|p1a: Salamence\n|-supereffective|p1a: Salamence\n|-damage|p1a: Salamence|14\/100 par\n|\n|-heal|p1a: Salamence|20\/100 par|[from] item: Leftovers\n|-damage|p2a: Dipplin|45\/100|[from] move: Fire Spin|[partiallytrapped]\n|upkeep\n|turn|21\n|\n|t:|1700141932\n|cant|p1a: Salamence|par\n|move|p2a: Dipplin|Recover|p2a: Dipplin\n|-heal|p2a: Dipplin|95\/100\n|\n|-heal|p1a: Salamence|26\/100 par|[from] item: Leftovers\n|-damage|p2a: Dipplin|83\/100|[from] move: Fire Spin|[partiallytrapped]\n|upkeep\n|turn|22\n|\n|t:|1700141948\n|move|p1a: Salamence|Fire Spin|p2a: Dipplin\n|-damage|p2a: Dipplin|75\/100\n|move|p2a: Dipplin|Dragon Breath|p1a: Salamence\n|-supereffective|p1a: Salamence\n|-damage|p1a: Salamence|0 fnt\n|faint|p1a: Salamence\n|\n|-end|p2a: Dipplin|Fire Spin|[partiallytrapped]\n|upkeep\n|\n|t:|1700141958\n|switch|p1a: \u6d41\u6c13\u9cc4|Krookodile, F|100\/100\n|turn|23\n|\n|t:|1700141972\n|move|p1a: \u6d41\u6c13\u9cc4|Bulk Up|p1a: \u6d41\u6c13\u9cc4\n|-boost|p1a: \u6d41\u6c13\u9cc4|atk|1\n|-boost|p1a: \u6d41\u6c13\u9cc4|def|1\n|move|p2a: Dipplin|Dragon Breath|p1a: \u6d41\u6c13\u9cc4\n|-damage|p1a: \u6d41\u6c13\u9cc4|71\/100\n|-status|p1a: \u6d41\u6c13\u9cc4|par\n|\n|upkeep\n|turn|24\n|\n|t:|1700141986\n|move|p1a: \u6d41\u6c13\u9cc4|Bulk Up|p1a: \u6d41\u6c13\u9cc4\n|-boost|p1a: \u6d41\u6c13\u9cc4|atk|1\n|-boost|p1a: \u6d41\u6c13\u9cc4|def|1\n|move|p2a: Dipplin|Dragon Breath|p1a: \u6d41\u6c13\u9cc4\n|-damage|p1a: \u6d41\u6c13\u9cc4|42\/100 par\n|\n|upkeep\n|turn|25\n|\n|t:|1700141994\n|move|p1a: \u6d41\u6c13\u9cc4|Earthquake|p2a: Dipplin\n|-damage|p2a: Dipplin|33\/100\n|move|p2a: Dipplin|Dragon Breath|p1a: \u6d41\u6c13\u9cc4\n|-damage|p1a: \u6d41\u6c13\u9cc4|14\/100 par\n|\n|upkeep\n|turn|26\n|\n|t:|1700142001\n|move|p1a: \u6d41\u6c13\u9cc4|Earthquake|p2a: Dipplin\n|-damage|p2a: Dipplin|0 fnt\n|faint|p2a: Dipplin\n|-ability|p1a: \u6d41\u6c13\u9cc4|Moxie|boost\n|-boost|p1a: \u6d41\u6c13\u9cc4|atk|1\n|\n|upkeep\n|\n|t:|1700142008\n|switch|p2a: Dondozo|Dondozo, M, shiny|100\/100\n|-damage|p2a: Dondozo|88\/100|[from] Stealth Rock\n|turn|27\n|\n|t:|1700142016\n|cant|p1a: \u6d41\u6c13\u9cc4|par\n|move|p2a: Dondozo|Curse|p2a: Dondozo\n|-unboost|p2a: Dondozo|spe|1\n|-boost|p2a: Dondozo|atk|1\n|-boost|p2a: Dondozo|def|1\n|\n|upkeep\n|turn|28\n|\n|t:|1700142028\n|move|p1a: \u6d41\u6c13\u9cc4|Earthquake|p2a: Dondozo\n|-damage|p2a: Dondozo|74\/100\n|move|p2a: Dondozo|Curse|p2a: Dondozo\n|-unboost|p2a: Dondozo|spe|1\n|-boost|p2a: Dondozo|atk|1\n|-boost|p2a: Dondozo|def|1\n|\n|upkeep\n|turn|29\n|\n|t:|1700142040\n|move|p1a: \u6d41\u6c13\u9cc4|Scale Shot|p2a: Dondozo\n|-damage|p2a: Dondozo|71\/100\n|-damage|p2a: Dondozo|69\/100\n|-damage|p2a: Dondozo|67\/100\n|-damage|p2a: Dondozo|66\/100\n|-damage|p2a: Dondozo|64\/100\n|-hitcount|p2a: Dondozo|5\n|-unboost|p1a: \u6d41\u6c13\u9cc4|def|1\n|-boost|p1a: \u6d41\u6c13\u9cc4|spe|1\n|move|p2a: Dondozo|Curse|p2a: Dondozo\n|-unboost|p2a: Dondozo|spe|1\n|-boost|p2a: Dondozo|atk|1\n|-boost|p2a: Dondozo|def|1\n|\n|upkeep\n|turn|30\n|\n|t:|1700142063\n|move|p1a: \u6d41\u6c13\u9cc4|Knock Off|p2a: Dondozo\n|-crit|p2a: Dondozo\n|-damage|p2a: Dondozo|27\/100\n|-enditem|p2a: Dondozo|Covert Cloak|[from] move: Knock Off|[of] p1a: \u6d41\u6c13\u9cc4\n|move|p2a: Dondozo|Curse|p2a: Dondozo\n|-unboost|p2a: Dondozo|spe|1\n|-boost|p2a: Dondozo|atk|1\n|-boost|p2a: Dondozo|def|1\n|\n|upkeep\n|turn|31\n|\n|t:|1700142072\n|move|p1a: \u6d41\u6c13\u9cc4|Knock Off|p2a: Dondozo\n|-damage|p2a: Dondozo|22\/100\n|move|p2a: Dondozo|Rest|p2a: Dondozo\n|-status|p2a: Dondozo|slp|[from] move: Rest\n|-heal|p2a: Dondozo|100\/100 slp|[silent]\n|\n|upkeep\n|turn|32\n|\n|t:|1700142084\n|move|p1a: \u6d41\u6c13\u9cc4|Knock Off|p2a: Dondozo\n|-damage|p2a: Dondozo|95\/100 slp\n|cant|p2a: Dondozo|slp\n|move|p2a: Dondozo|Sleep Talk|p2a: Dondozo\n|move|p2a: Dondozo|Avalanche|p1a: \u6d41\u6c13\u9cc4|[from]move: Sleep Talk\n|-supereffective|p1a: \u6d41\u6c13\u9cc4\n|-damage|p1a: \u6d41\u6c13\u9cc4|0 fnt\n|faint|p1a: \u6d41\u6c13\u9cc4\n|\n|upkeep\n|\n|t:|1700142096\n|switch|p1a: Kingambit|Kingambit, M|100\/100\n|-activate|p1a: Kingambit|ability: Supreme Overlord\n|-start|p1a: Kingambit|fallen5|[silent]\n|turn|33\n|\n|t:|1700142102\n|move|p1a: Kingambit|Thunder Wave||[still]\n|-fail|p1a: Kingambit\n|cant|p2a: Dondozo|slp\n|move|p2a: Dondozo|Sleep Talk|p2a: Dondozo\n|move|p2a: Dondozo|Avalanche|p1a: Kingambit|[from]move: Sleep Talk\n|-resisted|p1a: Kingambit\n|-damage|p1a: Kingambit|86\/100\n|\n|upkeep\n|turn|34\n|\n|t:|1700142113\n|move|p1a: Kingambit|Swords Dance|p1a: Kingambit\n|-boost|p1a: Kingambit|atk|2\n|-curestatus|p2a: Dondozo|slp|[msg]\n|move|p2a: Dondozo|Curse|p2a: Dondozo\n|-unboost|p2a: Dondozo|spe|1\n|-boost|p2a: Dondozo|atk|1\n|-boost|p2a: Dondozo|def|1\n|\n|upkeep\n|turn|35\n|\n|t:|1700142128\n|move|p1a: Kingambit|Thunder Wave|p2a: Dondozo\n|-status|p2a: Dondozo|par\n|cant|p2a: Dondozo|par\n|\n|upkeep\n|turn|36\n|\n|t:|1700142146\n|move|p1a: Kingambit|Swords Dance|p1a: Kingambit\n|-boost|p1a: Kingambit|atk|2\n|cant|p2a: Dondozo|par\n|\n|upkeep\n|turn|37\n|\n|t:|1700142155\n|-terastallize|p1a: Kingambit|Dark\n|move|p1a: Kingambit|Sucker Punch||[still]\n|-fail|p1a: Kingambit\n|cant|p2a: Dondozo|par\n|\n|upkeep\n|turn|38\n|\n|t:|1700142163\n|move|p1a: Kingambit|Sucker Punch||[still]\n|-fail|p1a: Kingambit\n|cant|p2a: Dondozo|par\n|\n|upkeep\n|turn|39\n|\n|t:|1700142169\n|move|p1a: Kingambit|Sucker Punch||[still]\n|-fail|p1a: Kingambit\n|cant|p2a: Dondozo|par\n|\n|upkeep\n|turn|40\n|\n|t:|1700142175\n|move|p1a: Kingambit|Swords Dance|p1a: Kingambit\n|-boost|p1a: Kingambit|atk|2\n|move|p2a: Dondozo|Curse|p2a: Dondozo\n|-unboost|p2a: Dondozo|spe|1\n|-boost|p2a: Dondozo|atk|1\n|-boost|p2a: Dondozo|def|1\n|\n|upkeep\n|turn|41\n|\n|t:|1700142186\n|move|p1a: Kingambit|Sucker Punch||[still]\n|-fail|p1a: Kingambit\n|move|p2a: Dondozo|Rest|p2a: Dondozo\n|-status|p2a: Dondozo|slp|[from] move: Rest\n|-heal|p2a: Dondozo|100\/100 slp|[silent]\n|\n|upkeep\n|turn|42\n|\n|t:|1700142201\n|move|p1a: Kingambit|Swords Dance|p1a: Kingambit\n|-boost|p1a: Kingambit|atk|0\n|cant|p2a: Dondozo|slp\n|move|p2a: Dondozo|Sleep Talk|p2a: Dondozo\n|move|p2a: Dondozo|Curse|p2a: Dondozo|[from]move: Sleep Talk\n|\n|upkeep\n|turn|43\n|\n|t:|1700142213\n|move|p1a: Kingambit|Iron Head|p2a: Dondozo\n|-resisted|p2a: Dondozo\n|-damage|p2a: Dondozo|97\/100 slp\n|cant|p2a: Dondozo|slp\n|move|p2a: Dondozo|Sleep Talk|p2a: Dondozo\n|move|p2a: Dondozo|Curse|p2a: Dondozo|[from]move: Sleep Talk\n|\n|upkeep\n|turn|44\n|\n|t:|1700142222\n|move|p1a: Kingambit|Sucker Punch|p2a: Dondozo\n|-damage|p2a: Dondozo|88\/100 slp\n|-curestatus|p2a: Dondozo|slp|[msg]\n|move|p2a: Dondozo|Avalanche|p1a: Kingambit\n|-damage|p1a: Kingambit|7\/100\n|\n|upkeep\n|turn|45\n|\n|t:|1700142232\n|move|p1a: Kingambit|Sucker Punch|p2a: Dondozo\n|-damage|p2a: Dondozo|78\/100\n|move|p2a: Dondozo|Avalanche|p1a: Kingambit\n|-damage|p1a: Kingambit|0 fnt\n|faint|p1a: Kingambit\n|-end|p1a: Kingambit|fallen5|[silent]\n|\n|win|wyverbal\n|raw|red114514's rating: 1100 &rarr; <strong>1077<\/strong><br \/>(-23 for losing)\n|raw|wyverbal's rating: 1122 &rarr; <strong>1145<\/strong><br \/>(+23 for winning)\n|c|\u2606wyverbal|gg\n","uploadtime":1700142241,"views":13,"p1id":"red114514","p2id":"wyverbal","formatid":"gen9ou","rating":1077,"private":0,"password":""}