{"id":"gen9ou-2000299609","p1":"fruto 57","p2":"bolsinhaa","format":"[Gen 9] OU","log":"|j|\u2606fruto 57\n|j|\u2606bolsinhaa\n|t:|1701182727\n|gametype|singles\n|player|p1|fruto 57|265|1085\n|player|p2|bolsinhaa|170|1059\n|teamsize|p1|6\n|teamsize|p2|6\n|gen|9\n|tier|[Gen 9] OU\n|rated|\n|rule|Sleep Clause Mod: Limit one foe put to sleep\n|rule|Species Clause: Limit one of each Pok\u00e9mon\n|rule|OHKO Clause: OHKO moves are banned\n|rule|Evasion Items Clause: Evasion items are banned\n|rule|Evasion Moves Clause: Evasion moves are banned\n|rule|Endless Battle Clause: Forcing endless battles is banned\n|rule|HP Percentage Mod: HP is shown in percentages\n|clearpoke\n|poke|p1|Kingambit, M|\n|poke|p1|Great Tusk|\n|poke|p1|Iron Valiant|\n|poke|p1|Skeledirge, F|\n|poke|p1|Clefable, M|\n|poke|p1|Dragapult, M|\n|poke|p2|Clodsire, F|\n|poke|p2|Gholdengo|\n|poke|p2|Blissey, F|\n|poke|p2|Alomomola, F|\n|poke|p2|Corviknight, F|\n|poke|p2|Avalugg, M|\n|teampreview\n|\n|t:|1701182767\n|start\n|switch|p1a: Clefable|Clefable, M|100\/100\n|switch|p2a: Avalugg|Avalugg, M|100\/100\n|turn|1\n|inactive|Battle timer is ON: inactive players will automatically lose when time's up. (requested by bolsinhaa)\n|c|\u2606bolsinhaa|joga filho da puta\n|\n|t:|1701182869\n|move|p1a: Clefable|Stealth Rock|p2a: Avalugg\n|-sidestart|p2: bolsinhaa|move: Stealth Rock\n|move|p2a: Avalugg|Earthquake|p1a: Clefable\n|-damage|p1a: Clefable|71\/100\n|\n|-heal|p1a: Clefable|77\/100|[from] item: Leftovers\n|upkeep\n|turn|2\n|\n|t:|1701182892\n|move|p1a: Clefable|Moonblast|p2a: Avalugg\n|-damage|p2a: Avalugg|52\/100\n|move|p2a: Avalugg|Rapid Spin|p1a: Clefable\n|-damage|p1a: Clefable|62\/100\n|-boost|p2a: Avalugg|spe|1\n|-sideend|p2: bolsinhaa|Stealth Rock|[from] move: Rapid Spin|[of] p2a: Avalugg\n|\n|-heal|p1a: Clefable|69\/100|[from] item: Leftovers\n|upkeep\n|turn|3\n|\n|t:|1701182915\n|move|p1a: Clefable|Wish|p1a: Clefable\n|move|p2a: Avalugg|Recover|p2a: Avalugg\n|-heal|p2a: Avalugg|100\/100\n|\n|-heal|p1a: Clefable|75\/100|[from] item: Leftovers\n|upkeep\n|turn|4\n|\n|t:|1701182927\n|move|p1a: Clefable|Moonblast|p2a: Avalugg\n|-damage|p2a: Avalugg|51\/100\n|-unboost|p2a: Avalugg|spa|1\n|move|p2a: Avalugg|Avalanche|p1a: Clefable\n|-damage|p1a: Clefable|19\/100\n|\n|-heal|p1a: Clefable|69\/100|[from] move: Wish|[wisher] Clefable\n|-heal|p1a: Clefable|75\/100|[from] item: Leftovers\n|upkeep\n|turn|5\n|\n|t:|1701182946\n|move|p1a: Clefable|Moonblast|p2a: Avalugg\n|-damage|p2a: Avalugg|5\/100\n|-unboost|p2a: Avalugg|spa|1\n|move|p2a: Avalugg|Recover|p2a: Avalugg\n|-heal|p2a: Avalugg|55\/100\n|\n|-heal|p1a: Clefable|81\/100|[from] item: Leftovers\n|upkeep\n|turn|6\n|inactive|bolsinhaa has 120 seconds left.\n|\n|t:|1701182974\n|switch|p2a: Clodsire|Clodsire, F|100\/100\n|move|p1a: Clefable|Moonblast|p2a: Clodsire\n|-resisted|p2a: Clodsire\n|-damage|p2a: Clodsire|90\/100\n|\n|-heal|p1a: Clefable|87\/100|[from] item: Leftovers\n|upkeep\n|turn|7\n|inactive|bolsinhaa has 120 seconds left.\n|\n|t:|1701182986\n|switch|p1a: Iron Valiant|Iron Valiant|100\/100\n|-enditem|p1a: Iron Valiant|Booster Energy\n|-activate|p1a: Iron Valiant|ability: Quark Drive|[fromitem]\n|-start|p1a: Iron Valiant|quarkdrivespe\n|move|p2a: Clodsire|Toxic|p1a: Iron Valiant\n|-status|p1a: Iron Valiant|tox\n|\n|-damage|p1a: Iron Valiant|94\/100 tox|[from] psn\n|upkeep\n|turn|8\n|inactive|bolsinhaa has 120 seconds left.\n|\n|t:|1701183026\n|switch|p2a: Corviknight|Corviknight, F|100\/100\n|-ability|p2a: Corviknight|Pressure\n|move|p1a: Iron Valiant|Knock Off|p2a: Corviknight\n|-damage|p2a: Corviknight|85\/100\n|-damage|p1a: Iron Valiant|78\/100 tox|[from] item: Rocky Helmet|[of] p2a: Corviknight\n|-enditem|p2a: Corviknight|Rocky Helmet|[from] move: Knock Off|[of] p1a: Iron Valiant\n|\n|-damage|p1a: Iron Valiant|65\/100 tox|[from] psn\n|upkeep\n|turn|9\n|\n|t:|1701183038\n|-end|p1a: Iron Valiant|Quark Drive|[silent]\n|switch|p1a: Skeledirge|Skeledirge, F|100\/100\n|move|p2a: Corviknight|U-turn|p1a: Skeledirge\n|-resisted|p1a: Skeledirge\n|-damage|p1a: Skeledirge|98\/100\n|\n|t:|1701183047\n|switch|p2a: Alomomola|Alomomola, F|100\/100|[from] U-turn\n|\n|-heal|p1a: Skeledirge|100\/100|[from] item: Leftovers\n|upkeep\n|turn|10\n|inactive|bolsinhaa has 90 seconds left.\n|inactive|bolsinhaa has 60 seconds left.\n|\n|t:|1701183118\n|move|p1a: Skeledirge|Torch Song|p2a: Alomomola\n|-resisted|p2a: Alomomola\n|-damage|p2a: Alomomola|84\/100\n|-boost|p1a: Skeledirge|spa|1\n|move|p2a: Alomomola|Whirlpool|p1a: Skeledirge\n|-supereffective|p1a: Skeledirge\n|-damage|p1a: Skeledirge|88\/100\n|-activate|p1a: Skeledirge|move: Whirlpool|[of] p2a: Alomomola\n|\n|-heal|p1a: Skeledirge|94\/100|[from] item: Leftovers\n|-damage|p1a: Skeledirge|82\/100|[from] move: Whirlpool|[partiallytrapped]\n|upkeep\n|turn|11\n|\n|t:|1701183135\n|move|p2a: Alomomola|Protect|p2a: Alomomola\n|-singleturn|p2a: Alomomola|Protect\n|move|p1a: Skeledirge|Encore|p2a: Alomomola\n|-activate|p2a: Alomomola|move: Protect\n|\n|-heal|p1a: Skeledirge|88\/100|[from] item: Leftovers\n|-damage|p1a: Skeledirge|76\/100|[from] move: Whirlpool|[partiallytrapped]\n|upkeep\n|turn|12\n|inactive|bolsinhaa has 30 seconds left.\n|\n|t:|1701183152\n|move|p1a: Skeledirge|Torch Song|p2a: Alomomola\n|-resisted|p2a: Alomomola\n|-damage|p2a: Alomomola|59\/100\n|-boost|p1a: Skeledirge|spa|1\n|move|p2a: Alomomola|Chilling Water|p1a: Skeledirge\n|-supereffective|p1a: Skeledirge\n|-crit|p1a: Skeledirge\n|-damage|p1a: Skeledirge|50\/100\n|-unboost|p1a: Skeledirge|atk|1\n|\n|-heal|p1a: Skeledirge|56\/100|[from] item: Leftovers\n|-damage|p1a: Skeledirge|43\/100|[from] move: Whirlpool|[partiallytrapped]\n|upkeep\n|turn|13\n|inactive|bolsinhaa has 30 seconds left.\n|\n|t:|1701183166\n|move|p2a: Alomomola|Protect|p2a: Alomomola\n|-singleturn|p2a: Alomomola|Protect\n|move|p1a: Skeledirge|Slack Off|p1a: Skeledirge\n|-heal|p1a: Skeledirge|93\/100\n|\n|-heal|p1a: Skeledirge|99\/100|[from] item: Leftovers\n|-damage|p1a: Skeledirge|87\/100|[from] move: Whirlpool|[partiallytrapped]\n|upkeep\n|turn|14\n|inactive|bolsinhaa has 30 seconds left.\n|\n|t:|1701183177\n|switch|p2a: Clodsire|Clodsire, F|90\/100\n|move|p1a: Skeledirge|Torch Song|p2a: Clodsire\n|-damage|p2a: Clodsire|70\/100\n|-boost|p1a: Skeledirge|spa|1\n|\n|-heal|p1a: Skeledirge|93\/100|[from] item: Leftovers\n|-end|p1a: Skeledirge|Whirlpool|[partiallytrapped]\n|upkeep\n|turn|15\n|\n|t:|1701183189\n|switch|p1a: Iron Valiant|Iron Valiant|65\/100 tox\n|-terastallize|p2a: Clodsire|Water\n|move|p2a: Clodsire|Toxic|p1a: Iron Valiant\n|-fail|p1a: Iron Valiant|tox\n|\n|-damage|p1a: Iron Valiant|59\/100 tox|[from] psn\n|upkeep\n|turn|16\n|\n|t:|1701183200\n|move|p1a: Iron Valiant|Knock Off|p2a: Clodsire\n|-damage|p2a: Clodsire|48\/100\n|-enditem|p2a: Clodsire|Heavy-Duty Boots|[from] move: Knock Off|[of] p1a: Iron Valiant\n|move|p2a: Clodsire|Recover|p2a: Clodsire\n|-heal|p2a: Clodsire|98\/100\n|\n|-damage|p1a: Iron Valiant|47\/100 tox|[from] psn\n|upkeep\n|turn|17\n|\n|t:|1701183209\n|move|p1a: Iron Valiant|Encore|p2a: Clodsire\n|-start|p2a: Clodsire|Encore\n|move|p2a: Clodsire|Recover|p2a: Clodsire\n|-heal|p2a: Clodsire|100\/100\n|\n|-damage|p1a: Iron Valiant|28\/100 tox|[from] psn\n|upkeep\n|turn|18\n|inactive|bolsinhaa has 30 seconds left.\n|\n|t:|1701183231\n|-end|p1a: Iron Valiant|Quark Drive|[silent]\n|switch|p1a: Skeledirge|Skeledirge, F|93\/100\n|switch|p2a: Gholdengo|Gholdengo|100\/100\n|\n|-heal|p1a: Skeledirge|99\/100|[from] item: Leftovers\n|upkeep\n|turn|19\n|\n|t:|1701183243\n|switch|p2a: Clodsire|Clodsire, F, tera:Water|100\/100\n|-terastallize|p1a: Skeledirge|Fairy\n|move|p1a: Skeledirge|Torch Song|p2a: Clodsire\n|-resisted|p2a: Clodsire\n|-crit|p2a: Clodsire\n|-damage|p2a: Clodsire|85\/100\n|-boost|p1a: Skeledirge|spa|1\n|\n|-heal|p1a: Skeledirge|100\/100|[from] item: Leftovers\n|upkeep\n|turn|20\n|-message|fruto 57 forfeited.\n|\n|win|bolsinhaa\n|raw|fruto 57's rating: 1085 &rarr; <strong>1061<\/strong><br \/>(-24 for losing)\n|raw|bolsinhaa's rating: 1059 &rarr; <strong>1092<\/strong><br \/>(+33 for winning)\n","uploadtime":1701182870,"views":2,"p1id":"fruto57","p2id":"bolsinhaa","formatid":"gen9ou","rating":1061,"private":0,"password":""}