{"id":"gen9ou-1995568684","p1":"DEANbluntbluntdean","p2":"phython4","format":"[Gen 9] OU","log":"|j|\u2606DEANbluntbluntdean\n|j|\u2606phython4\n|t:|1700583658\n|gametype|singles\n|player|p1|DEANbluntbluntdean|galacticgrunt|1439\n|player|p2|phython4|170|1356\n|teamsize|p1|6\n|teamsize|p2|6\n|gen|9\n|tier|[Gen 9] OU\n|rated|\n|rule|Sleep Clause Mod: Limit one foe put to sleep\n|rule|Species Clause: Limit one of each Pok\u00e9mon\n|rule|OHKO Clause: OHKO moves are banned\n|rule|Evasion Items Clause: Evasion items are banned\n|rule|Evasion Moves Clause: Evasion moves are banned\n|rule|Endless Battle Clause: Forcing endless battles is banned\n|rule|HP Percentage Mod: HP is shown in percentages\n|clearpoke\n|poke|p1|Volcanion|\n|poke|p1|Cinderace, M|\n|poke|p1|Gyarados, F|\n|poke|p1|Krookodile, M|\n|poke|p1|Moltres|\n|poke|p1|Goodra-Hisui, M|\n|poke|p2|Samurott-Hisui, F|\n|poke|p2|Ribombee, M|\n|poke|p2|Gholdengo|\n|poke|p2|Great Tusk|\n|poke|p2|Kingambit, F|\n|poke|p2|Ceruledge, F|\n|teampreview\n|\n|t:|1700583662\n|start\n|switch|p1a: Volcanion|Volcanion|100\/100\n|switch|p2a: Ribombee|Ribombee, M|100\/100\n|turn|1\n|inactive|Battle timer is ON: inactive players will automatically lose when time's up. (requested by phython4)\n|\n|t:|1700583665\n|move|p2a: Ribombee|Sticky Web|p1a: Volcanion\n|-sidestart|p1: DEANbluntbluntdean|move: Sticky Web\n|move|p1a: Volcanion|Substitute|p1a: Volcanion\n|-start|p1a: Volcanion|Substitute\n|-damage|p1a: Volcanion|76\/100\n|\n|upkeep\n|turn|2\n|\n|t:|1700583668\n|move|p2a: Ribombee|Moonblast|p1a: Volcanion\n|-resisted|p1a: Volcanion\n|-activate|p1a: Volcanion|move: Substitute|[damage]\n|move|p1a: Volcanion|Steam Eruption|p2a: Ribombee\n|-enditem|p2a: Ribombee|Focus Sash\n|-damage|p2a: Ribombee|1\/100\n|-status|p2a: Ribombee|brn\n|\n|-damage|p2a: Ribombee|0 fnt|[from] brn\n|faint|p2a: Ribombee\n|upkeep\n|\n|t:|1700583672\n|switch|p2a: Samurott|Samurott-Hisui, F, shiny|100\/100\n|turn|3\n|\n|t:|1700583674\n|move|p2a: Samurott|Ceaseless Edge|p1a: Volcanion\n|-end|p1a: Volcanion|Substitute\n|-sidestart|p1: DEANbluntbluntdean|Spikes\n|move|p1a: Volcanion|Steam Eruption|p2a: Samurott\n|-resisted|p2a: Samurott\n|-damage|p2a: Samurott|44\/100\n|\n|upkeep\n|turn|4\n|\n|t:|1700583681\n|move|p2a: Samurott|Ceaseless Edge|p1a: Volcanion\n|-damage|p1a: Volcanion|26\/100\n|-sidestart|p1: DEANbluntbluntdean|Spikes\n|move|p1a: Volcanion|Steam Eruption|p2a: Samurott\n|-resisted|p2a: Samurott\n|-damage|p2a: Samurott|0 fnt\n|faint|p2a: Samurott\n|\n|upkeep\n|\n|t:|1700583687\n|switch|p2a: Ceruledge|Ceruledge, F|100\/100\n|turn|5\n|\n|t:|1700583689\n|move|p2a: Ceruledge|Shadow Sneak|p1a: Volcanion\n|-damage|p1a: Volcanion|7\/100\n|move|p1a: Volcanion|Steam Eruption|p2a: Ceruledge\n|-supereffective|p2a: Ceruledge\n|-damage|p2a: Ceruledge|0 fnt\n|faint|p2a: Ceruledge\n|\n|upkeep\n|\n|t:|1700583692\n|switch|p2a: Kingambit|Kingambit, F|100\/100\n|-activate|p2a: Kingambit|ability: Supreme Overlord\n|-start|p2a: Kingambit|fallen3|[silent]\n|turn|6\n|\n|t:|1700583697\n|move|p1a: Volcanion|Steam Eruption|p2a: Kingambit\n|-damage|p2a: Kingambit|0 fnt\n|faint|p2a: Kingambit\n|-end|p2a: Kingambit|fallen3|[silent]\n|\n|upkeep\n|-message|phython4 forfeited.\n|\n|win|DEANbluntbluntdean\n|raw|DEANbluntbluntdean's rating: 1439 &rarr; <strong>1454<\/strong><br \/>(+15 for winning)\n|raw|phython4's rating: 1356 &rarr; <strong>1341<\/strong><br \/>(-15 for losing)\n|l|\u2606phython4\n","uploadtime":1700583705,"views":2,"p1id":"deanbluntbluntdean","p2id":"phython4","formatid":"gen9ou","rating":1341,"private":0,"password":""}