{"id":"gen9ou-1991018154","p1":"hipposlayer1910","p2":"rj yoip","format":"[Gen 9] OU","log":"|j|\u2606hipposlayer1910\n|j|\u2606rj yoip\n|t:|1700028822\n|gametype|singles\n|player|p1|hipposlayer1910|265|1410\n|player|p2|rj yoip|iono|1490\n|teamsize|p1|6\n|teamsize|p2|6\n|gen|9\n|tier|[Gen 9] OU\n|rated|\n|rule|Sleep Clause Mod: Limit one foe put to sleep\n|rule|Species Clause: Limit one of each Pok\u00e9mon\n|rule|OHKO Clause: OHKO moves are banned\n|rule|Evasion Items Clause: Evasion items are banned\n|rule|Evasion Moves Clause: Evasion moves are banned\n|rule|Endless Battle Clause: Forcing endless battles is banned\n|rule|HP Percentage Mod: HP is shown in percentages\n|clearpoke\n|poke|p1|Meowscarada, M|\n|poke|p1|Ursaluna, F|\n|poke|p1|Volcanion|\n|poke|p1|Weezing-Galar, F|\n|poke|p1|Corviknight, F|\n|poke|p1|Conkeldurr, F|\n|poke|p2|Slowking-Galar, F|\n|poke|p2|Zapdos|\n|poke|p2|Garganacl, M|\n|poke|p2|Salamence, F|\n|poke|p2|Kingambit, M|\n|poke|p2|Iron Valiant|\n|teampreview\n|\n|t:|1700028830\n|start\n|switch|p1a: Ursaluna|Ursaluna, F|100\/100\n|switch|p2a: Salamence|Salamence, F|100\/100\n|-ability|p2a: Salamence|Intimidate|boost\n|-unboost|p1a: Ursaluna|atk|1\n|turn|1\n|\n|t:|1700028837\n|move|p2a: Salamence|Dual Wingbeat|p1a: Ursaluna\n|-damage|p1a: Ursaluna|84\/100\n|-damage|p1a: Ursaluna|68\/100\n|-hitcount|p1a: Ursaluna|2\n|move|p1a: Ursaluna|Ice Punch|p2a: Salamence\n|-supereffective|p2a: Salamence\n|-damage|p2a: Salamence|27\/100\n|\n|upkeep\n|turn|2\n|\n|t:|1700028849\n|switch|p2a: Iron Valiant|Iron Valiant|100\/100\n|move|p1a: Ursaluna|Ice Punch|p2a: Iron Valiant\n|-damage|p2a: Iron Valiant|81\/100\n|\n|upkeep\n|turn|3\n|\n|t:|1700028868\n|switch|p1a: Weezing|Weezing-Galar, F|100\/100\n|move|p2a: Iron Valiant|Trick|p1a: Weezing\n|-activate|p2a: Iron Valiant|move: Trick|[of] p1a: Weezing\n|-item|p1a: Weezing|Choice Scarf|[from] move: Trick\n|-item|p2a: Iron Valiant|Rocky Helmet|[from] move: Trick\n|\n|upkeep\n|turn|4\n|\n|t:|1700028878\n|-end|p2a: Iron Valiant|Quark Drive|[silent]\n|switch|p2a: Garganacl|Garganacl, M|100\/100\n|move|p1a: Weezing|Will-O-Wisp|p2a: Garganacl\n|-immune|p2a: Garganacl|[from] ability: Purifying Salt\n|\n|upkeep\n|turn|5\n|\n|t:|1700028884\n|switch|p1a: Corviknight|Corviknight, F|100\/100\n|-ability|p1a: Corviknight|Pressure\n|move|p2a: Garganacl|Salt Cure|p1a: Corviknight\n|-damage|p1a: Corviknight|92\/100\n|-start|p1a: Corviknight|Salt Cure\n|\n|-heal|p1a: Corviknight|98\/100|[from] item: Leftovers\n|-damage|p1a: Corviknight|73\/100|[from] Salt Cure\n|upkeep\n|turn|6\n|c|\u2606rj yoip|run the better ability next time\n|\n|t:|1700028889\n|move|p1a: Corviknight|U-turn|p2a: Garganacl\n|-damage|p2a: Garganacl|93\/100\n|\n|t:|1700028891\n|switch|p1a: Meowscarada|Meowscarada, M|100\/100|[from] U-turn\n|move|p2a: Garganacl|Stealth Rock|p1a: Meowscarada\n|-sidestart|p1: hipposlayer1910|move: Stealth Rock\n|\n|-heal|p2a: Garganacl|99\/100|[from] item: Leftovers\n|upkeep\n|turn|7\n|\n|t:|1700028893\n|move|p2a: Garganacl|Protect|p2a: Garganacl\n|-singleturn|p2a: Garganacl|Protect\n|move|p1a: Meowscarada|Trick|p2a: Garganacl\n|-start|p1a: Meowscarada|typechange|Psychic|[from] ability: Protean\n|-activate|p2a: Garganacl|move: Protect\n|\n|-heal|p2a: Garganacl|100\/100|[from] item: Leftovers\n|upkeep\n|turn|8\n|\n|t:|1700028902\n|switch|p1a: Conkeldurr|Conkeldurr, F|100\/100\n|-damage|p1a: Conkeldurr|94\/100|[from] Stealth Rock\n|switch|p2a: Salamence|Salamence, F|27\/100\n|-ability|p2a: Salamence|Intimidate|boost\n|-unboost|p1a: Conkeldurr|atk|1\n|\n|-status|p1a: Conkeldurr|brn|[from] item: Flame Orb\n|upkeep\n|turn|9\n|\n|t:|1700028907\n|switch|p1a: Weezing|Weezing-Galar, F|100\/100\n|-damage|p1a: Weezing|88\/100|[from] Stealth Rock\n|move|p2a: Salamence|Roost|p2a: Salamence\n|-heal|p2a: Salamence|77\/100\n|-singleturn|p2a: Salamence|move: Roost\n|\n|upkeep\n|turn|10\n|\n|t:|1700028911\n|switch|p2a: Garganacl|Garganacl, M|100\/100\n|move|p1a: Weezing|Toxic Spikes|p2a: Garganacl\n|-sidestart|p2: rj yoip|move: Toxic Spikes\n|\n|upkeep\n|turn|11\n|\n|t:|1700028914\n|switch|p1a: Corviknight|Corviknight, F|73\/100\n|-damage|p1a: Corviknight|61\/100|[from] Stealth Rock\n|-ability|p1a: Corviknight|Pressure\n|move|p2a: Garganacl|Salt Cure|p1a: Corviknight\n|-damage|p1a: Corviknight|52\/100\n|-start|p1a: Corviknight|Salt Cure\n|\n|-heal|p1a: Corviknight|58\/100|[from] item: Leftovers\n|-damage|p1a: Corviknight|33\/100|[from] Salt Cure\n|upkeep\n|turn|12\n|\n|t:|1700028918\n|switch|p2a: Slowking|Slowking-Galar, F|100\/100\n|-sideend|p2: rj yoip|move: Toxic Spikes|[of] p2a: Slowking\n|move|p1a: Corviknight|Roost|p1a: Corviknight\n|-heal|p1a: Corviknight|83\/100\n|-singleturn|p1a: Corviknight|move: Roost\n|\n|-heal|p1a: Corviknight|90\/100|[from] item: Leftovers\n|-damage|p1a: Corviknight|65\/100|[from] Salt Cure\n|upkeep\n|turn|13\n|\n|t:|1700028920\n|move|p1a: Corviknight|U-turn|p2a: Slowking\n|-damage|p2a: Slowking|90\/100\n|inactive|Battle timer is ON: inactive players will automatically lose when time's up. (requested by rj yoip)\n|\n|t:|1700028925\n|switch|p1a: Weezing|Weezing-Galar, F|88\/100|[from] U-turn\n|-damage|p1a: Weezing|76\/100|[from] Stealth Rock\n|move|p2a: Slowking|Chilly Reception|p2a: Slowking\n|-weather|Snow\n|\n|t:|1700028927\n|switch|p2a: Kingambit|Kingambit, M|100\/100|[from] Chilly Reception\n|\n|-weather|Snow|[upkeep]\n|upkeep\n|turn|14\n|\n|t:|1700028929\n|-end|p2a: Kingambit|fallenundefined|[silent]\n|switch|p2a: Garganacl|Garganacl, M|100\/100\n|move|p1a: Weezing|Will-O-Wisp|p2a: Garganacl\n|-immune|p2a: Garganacl|[from] ability: Purifying Salt\n|\n|-weather|Snow|[upkeep]\n|upkeep\n|turn|15\n|\n|t:|1700028931\n|switch|p1a: Corviknight|Corviknight, F|65\/100\n|-damage|p1a: Corviknight|52\/100|[from] Stealth Rock\n|-ability|p1a: Corviknight|Pressure\n|move|p2a: Garganacl|Salt Cure|p1a: Corviknight\n|-damage|p1a: Corviknight|44\/100\n|-start|p1a: Corviknight|Salt Cure\n|\n|-weather|Snow|[upkeep]\n|-heal|p1a: Corviknight|50\/100|[from] item: Leftovers\n|-damage|p1a: Corviknight|25\/100|[from] Salt Cure\n|upkeep\n|turn|16\n|\n|t:|1700028933\n|switch|p2a: Slowking|Slowking-Galar, F|100\/100\n|move|p1a: Corviknight|Roost|p1a: Corviknight\n|-heal|p1a: Corviknight|75\/100\n|-singleturn|p1a: Corviknight|move: Roost\n|\n|-weather|Snow|[upkeep]\n|-heal|p1a: Corviknight|81\/100|[from] item: Leftovers\n|-damage|p1a: Corviknight|56\/100|[from] Salt Cure\n|upkeep\n|turn|17\n|\n|t:|1700028937\n|move|p1a: Corviknight|U-turn|p2a: Slowking\n|-damage|p2a: Slowking|90\/100\n|\n|t:|1700028941\n|switch|p1a: Weezing|Weezing-Galar, F|76\/100|[from] U-turn\n|-damage|p1a: Weezing|64\/100|[from] Stealth Rock\n|move|p2a: Slowking|Chilly Reception|p2a: Slowking\n|\n|t:|1700028943\n|switch|p2a: Garganacl|Garganacl, M|100\/100|[from] Chilly Reception\n|\n|-weather|none\n|upkeep\n|turn|18\n|\n|t:|1700028948\n|switch|p1a: Corviknight|Corviknight, F|56\/100\n|-damage|p1a: Corviknight|44\/100|[from] Stealth Rock\n|-ability|p1a: Corviknight|Pressure\n|move|p2a: Garganacl|Salt Cure|p1a: Corviknight\n|-damage|p1a: Corviknight|35\/100\n|-start|p1a: Corviknight|Salt Cure\n|\n|-heal|p1a: Corviknight|42\/100|[from] item: Leftovers\n|-damage|p1a: Corviknight|17\/100|[from] Salt Cure\n|upkeep\n|turn|19\n|\n|t:|1700028955\n|switch|p2a: Zapdos|Zapdos|100\/100\n|move|p1a: Corviknight|Roost|p1a: Corviknight\n|-heal|p1a: Corviknight|67\/100\n|-singleturn|p1a: Corviknight|move: Roost\n|\n|-heal|p1a: Corviknight|73\/100|[from] item: Leftovers\n|-damage|p1a: Corviknight|48\/100|[from] Salt Cure\n|upkeep\n|turn|20\n|\n|t:|1700028960\n|switch|p1a: Ursaluna|Ursaluna, F|68\/100\n|-damage|p1a: Ursaluna|62\/100|[from] Stealth Rock\n|move|p2a: Zapdos|Volt Switch|p1a: Ursaluna\n|-immune|p1a: Ursaluna\n|\n|upkeep\n|turn|21\n|\n|t:|1700028965\n|move|p2a: Zapdos|Hurricane|p1a: Ursaluna\n|-damage|p1a: Ursaluna|43\/100\n|move|p1a: Ursaluna|Ice Punch|p2a: Zapdos\n|-supereffective|p2a: Zapdos\n|-damage|p2a: Zapdos|60\/100\n|\n|upkeep\n|turn|22\n|\n|t:|1700028969\n|switch|p2a: Iron Valiant|Iron Valiant|81\/100\n|move|p1a: Ursaluna|Smack Down|p2a: Iron Valiant\n|-resisted|p2a: Iron Valiant\n|-damage|p2a: Iron Valiant|70\/100\n|\n|upkeep\n|turn|23\n|\n|t:|1700028974\n|switch|p1a: Weezing|Weezing-Galar, F|64\/100\n|-damage|p1a: Weezing|51\/100|[from] Stealth Rock\n|move|p2a: Iron Valiant|Close Combat|p1a: Weezing\n|-resisted|p1a: Weezing\n|-damage|p1a: Weezing|43\/100\n|-unboost|p2a: Iron Valiant|def|1\n|-unboost|p2a: Iron Valiant|spd|1\n|\n|upkeep\n|turn|24\n|\n|t:|1700028978\n|-end|p2a: Iron Valiant|Quark Drive|[silent]\n|switch|p2a: Garganacl|Garganacl, M|100\/100\n|move|p1a: Weezing|Pain Split|p2a: Garganacl\n|-sethp|p2a: Garganacl|68\/100|[from] move: Pain Split|[silent]\n|-sethp|p1a: Weezing|82\/100|[from] move: Pain Split\n|\n|-heal|p2a: Garganacl|74\/100|[from] item: Leftovers\n|upkeep\n|turn|25\n|\n|t:|1700028986\n|move|p1a: Weezing|Pain Split|p2a: Garganacl\n|-sethp|p2a: Garganacl|71\/100|[from] move: Pain Split|[silent]\n|-sethp|p1a: Weezing|86\/100|[from] move: Pain Split\n|move|p2a: Garganacl|Salt Cure|p1a: Weezing\n|-damage|p1a: Weezing|75\/100\n|-start|p1a: Weezing|Salt Cure\n|\n|-heal|p2a: Garganacl|77\/100|[from] item: Leftovers\n|-damage|p1a: Weezing|63\/100|[from] Salt Cure\n|upkeep\n|turn|26\n|\n|t:|1700028993\n|switch|p1a: Corviknight|Corviknight, F|48\/100\n|-damage|p1a: Corviknight|35\/100|[from] Stealth Rock\n|-ability|p1a: Corviknight|Pressure\n|move|p2a: Garganacl|Protect||[still]\n|-fail|p2a: Garganacl\n|\n|-heal|p1a: Corviknight|42\/100|[from] item: Leftovers\n|-heal|p2a: Garganacl|83\/100|[from] item: Leftovers\n|upkeep\n|turn|27\n|\n|t:|1700028996\n|switch|p2a: Zapdos|Zapdos|60\/100\n|move|p1a: Corviknight|Defog|p2a: Zapdos\n|-unboost|p2a: Zapdos|evasion|1\n|-sideend|p1: hipposlayer1910|Stealth Rock|[from] move: Defog|[of] p1a: Corviknight\n|\n|-heal|p1a: Corviknight|48\/100|[from] item: Leftovers\n|upkeep\n|turn|28\n|\n|t:|1700029000\n|switch|p1a: Ursaluna|Ursaluna, F|43\/100\n|move|p2a: Zapdos|Roost|p2a: Zapdos\n|-heal|p2a: Zapdos|100\/100\n|-singleturn|p2a: Zapdos|move: Roost\n|\n|upkeep\n|turn|29\n|\n|t:|1700029003\n|move|p2a: Zapdos|Hurricane|p1a: Ursaluna|[miss]\n|-miss|p2a: Zapdos|p1a: Ursaluna\n|move|p1a: Ursaluna|Earthquake|p2a: Zapdos\n|-immune|p2a: Zapdos\n|\n|upkeep\n|turn|30\n|\n|t:|1700029005\n|switch|p2a: Iron Valiant|Iron Valiant|70\/100\n|move|p1a: Ursaluna|Smack Down|p2a: Iron Valiant\n|-resisted|p2a: Iron Valiant\n|-damage|p2a: Iron Valiant|59\/100\n|\n|upkeep\n|turn|31\n|\n|t:|1700029018\n|switch|p1a: Weezing|Weezing-Galar, F|63\/100\n|move|p2a: Iron Valiant|Close Combat|p1a: Weezing\n|-resisted|p1a: Weezing\n|-damage|p1a: Weezing|54\/100\n|-unboost|p2a: Iron Valiant|def|1\n|-unboost|p2a: Iron Valiant|spd|1\n|\n|upkeep\n|turn|32\n|\n|t:|1700029023\n|-end|p2a: Iron Valiant|Quark Drive|[silent]\n|switch|p2a: Salamence|Salamence, F|77\/100\n|-ability|p2a: Salamence|Intimidate|boost\n|-unboost|p1a: Weezing|atk|1\n|move|p1a: Weezing|Pain Split|p2a: Salamence\n|-sethp|p2a: Salamence|66\/100|[from] move: Pain Split|[silent]\n|-sethp|p1a: Weezing|65\/100|[from] move: Pain Split\n|\n|upkeep\n|turn|33\n|\n|t:|1700029029\n|switch|p1a: Corviknight|Corviknight, F|48\/100\n|-ability|p1a: Corviknight|Pressure\n|move|p2a: Salamence|Dragon Dance|p2a: Salamence\n|-boost|p2a: Salamence|atk|1\n|-boost|p2a: Salamence|spe|1\n|\n|-heal|p1a: Corviknight|54\/100|[from] item: Leftovers\n|upkeep\n|turn|34\n|\n|t:|1700029034\n|move|p2a: Salamence|Dragon Dance|p2a: Salamence\n|-boost|p2a: Salamence|atk|1\n|-boost|p2a: Salamence|spe|1\n|move|p1a: Corviknight|U-turn|p2a: Salamence\n|-resisted|p2a: Salamence\n|-damage|p2a: Salamence|57\/100\n|\n|t:|1700029036\n|switch|p1a: Weezing|Weezing-Galar, F|65\/100|[from] U-turn\n|\n|upkeep\n|turn|35\n|\n|t:|1700029039\n|move|p2a: Salamence|Dual Wingbeat|p1a: Weezing\n|-damage|p1a: Weezing|31\/100\n|-damage|p1a: Weezing|0 fnt\n|faint|p1a: Weezing\n|-hitcount|p1: Weezing|2\n|\n|upkeep\n|\n|t:|1700029047\n|switch|p1a: Volcanion|Volcanion|100\/100\n|turn|36\n|\n|t:|1700029051\n|move|p2a: Salamence|Earthquake|p1a: Volcanion\n|-supereffective|p1a: Volcanion\n|-damage|p1a: Volcanion|0 fnt\n|faint|p1a: Volcanion\n|\n|upkeep\n|-message|hipposlayer1910 forfeited.\n|\n|win|rj yoip\n|raw|hipposlayer1910's rating: 1410 &rarr; <strong>1396<\/strong><br \/>(-14 for losing)\n|raw|rj yoip's rating: 1517 &rarr; <strong>1531<\/strong><br \/>(+14 for winning)\n|l|\u2606hipposlayer1910\n","uploadtime":1700029065,"views":7,"p1id":"hipposlayer1910","p2id":"rjyoip","formatid":"gen9ou","rating":1396,"private":0,"password":""}