{"id":"gen9ou-2000258400","p1":"DragonEggies","p2":"Jpuga01","format":"[Gen 9] OU","log":"|j|\u2606DragonEggies\n|j|\u2606Jpuga01\n|t:|1701178486\n|gametype|singles\n|player|p1|DragonEggies|pokemonranger|1000\n|player|p2|Jpuga01|ethan|1000\n|teamsize|p1|6\n|teamsize|p2|6\n|gen|9\n|tier|[Gen 9] OU\n|rated|\n|rule|Sleep Clause Mod: Limit one foe put to sleep\n|rule|Species Clause: Limit one of each Pok\u00e9mon\n|rule|OHKO Clause: OHKO moves are banned\n|rule|Evasion Items Clause: Evasion items are banned\n|rule|Evasion Moves Clause: Evasion moves are banned\n|rule|Endless Battle Clause: Forcing endless battles is banned\n|rule|HP Percentage Mod: HP is shown in percentages\n|clearpoke\n|poke|p1|Torkoal, F|\n|poke|p1|Breloom, F|\n|poke|p1|Leavanny, M|\n|poke|p1|Inteleon, F|\n|poke|p1|Lycanroc-Dusk, M|\n|poke|p1|Talonflame, F|\n|poke|p2|Typhlosion, F|\n|poke|p2|Quagsire, F|\n|poke|p2|Tyranitar, M|\n|poke|p2|Staraptor, F|\n|poke|p2|Dragonite, F|\n|poke|p2|Forretress, F|\n|teampreview\n|\n|t:|1701178492\n|start\n|switch|p1a: Torkoal|Torkoal, F|100\/100\n|switch|p2a: Tyranitar|Tyranitar, M, shiny|100\/100\n|-weather|Sandstorm|[from] ability: Sand Stream|[of] p2a: Tyranitar\n|-weather|SunnyDay|[from] ability: Drought|[of] p1a: Torkoal\n|-item|p1a: Torkoal|Air Balloon\n|turn|1\n|\n|t:|1701178506\n|move|p2a: Tyranitar|Stealth Rock|p1a: Torkoal\n|-sidestart|p1: DragonEggies|move: Stealth Rock\n|move|p1a: Torkoal|Will-O-Wisp|p2a: Tyranitar\n|-status|p2a: Tyranitar|brn\n|\n|-weather|SunnyDay|[upkeep]\n|-damage|p2a: Tyranitar|94\/100 brn|[from] brn\n|upkeep\n|turn|2\n|\n|t:|1701178514\n|move|p2a: Tyranitar|Stone Edge|p1a: Torkoal\n|-supereffective|p1a: Torkoal\n|-damage|p1a: Torkoal|62\/100\n|-enditem|p1a: Torkoal|Air Balloon\n|move|p1a: Torkoal|Stealth Rock|p2a: Tyranitar\n|-sidestart|p2: Jpuga01|move: Stealth Rock\n|\n|-weather|SunnyDay|[upkeep]\n|-damage|p2a: Tyranitar|88\/100 brn|[from] brn\n|upkeep\n|turn|3\n|\n|t:|1701178523\n|move|p2a: Tyranitar|Stone Edge|p1a: Torkoal\n|-supereffective|p1a: Torkoal\n|-damage|p1a: Torkoal|24\/100\n|move|p1a: Torkoal|Rapid Spin|p2a: Tyranitar\n|-resisted|p2a: Tyranitar\n|-damage|p2a: Tyranitar|84\/100 brn\n|-boost|p1a: Torkoal|spe|1\n|-sideend|p1: DragonEggies|Stealth Rock|[from] move: Rapid Spin|[of] p1a: Torkoal\n|\n|-weather|SunnyDay|[upkeep]\n|-damage|p2a: Tyranitar|78\/100 brn|[from] brn\n|upkeep\n|turn|4\n|\n|t:|1701178534\n|move|p2a: Tyranitar|Stealth Rock|p1a: Torkoal\n|-sidestart|p1: DragonEggies|move: Stealth Rock\n|move|p1a: Torkoal|Body Press|p2a: Tyranitar\n|-supereffective|p2a: Tyranitar\n|-damage|p2a: Tyranitar|0 fnt\n|faint|p2a: Tyranitar\n|\n|-weather|SunnyDay|[upkeep]\n|upkeep\n|\n|t:|1701178549\n|switch|p2a: Forretress|Forretress, F|100\/100\n|-damage|p2a: Forretress|88\/100|[from] Stealth Rock\n|turn|5\n|\n|t:|1701178555\n|-terastallize|p2a: Forretress|Water\n|move|p1a: Torkoal|Rapid Spin|p2a: Forretress\n|-damage|p2a: Forretress|82\/100\n|-boost|p1a: Torkoal|spe|1\n|-sideend|p1: DragonEggies|Stealth Rock|[from] move: Rapid Spin|[of] p1a: Torkoal\n|move|p2a: Forretress|Rapid Spin|p1a: Torkoal\n|-damage|p1a: Torkoal|16\/100\n|-boost|p2a: Forretress|spe|1\n|-sideend|p2: Jpuga01|Stealth Rock|[from] move: Rapid Spin|[of] p2a: Forretress\n|\n|-weather|none\n|-heal|p2a: Forretress|88\/100|[from] item: Leftovers\n|upkeep\n|turn|6\n|\n|t:|1701178567\n|move|p1a: Torkoal|Will-O-Wisp|p2a: Forretress\n|-status|p2a: Forretress|brn\n|move|p2a: Forretress|Rapid Spin|p1a: Torkoal\n|-damage|p1a: Torkoal|12\/100\n|-boost|p2a: Forretress|spe|1\n|\n|-heal|p2a: Forretress|94\/100 brn|[from] item: Leftovers\n|-damage|p2a: Forretress|88\/100 brn|[from] brn\n|upkeep\n|turn|7\n|\n|t:|1701178578\n|move|p1a: Torkoal|Stealth Rock|p2a: Forretress\n|-sidestart|p2: Jpuga01|move: Stealth Rock\n|move|p2a: Forretress|Gyro Ball|p1a: Torkoal\n|-resisted|p1a: Torkoal\n|-damage|p1a: Torkoal|9\/100\n|\n|-heal|p2a: Forretress|94\/100 brn|[from] item: Leftovers\n|-damage|p2a: Forretress|88\/100 brn|[from] brn\n|upkeep\n|turn|8\n|\n|t:|1701178586\n|move|p1a: Torkoal|Body Press|p2a: Forretress\n|-damage|p2a: Forretress|73\/100 brn\n|move|p2a: Forretress|Rapid Spin|p1a: Torkoal\n|-damage|p1a: Torkoal|5\/100\n|-boost|p2a: Forretress|spe|1\n|-sideend|p2: Jpuga01|Stealth Rock|[from] move: Rapid Spin|[of] p2a: Forretress\n|\n|-heal|p2a: Forretress|79\/100 brn|[from] item: Leftovers\n|-damage|p2a: Forretress|73\/100 brn|[from] brn\n|upkeep\n|turn|9\n|\n|t:|1701178597\n|move|p1a: Torkoal|Stealth Rock|p2a: Forretress\n|-sidestart|p2: Jpuga01|move: Stealth Rock\n|move|p2a: Forretress|Rapid Spin|p1a: Torkoal\n|-damage|p1a: Torkoal|1\/100\n|-boost|p2a: Forretress|spe|1\n|-sideend|p2: Jpuga01|Stealth Rock|[from] move: Rapid Spin|[of] p2a: Forretress\n|\n|-heal|p2a: Forretress|79\/100 brn|[from] item: Leftovers\n|-damage|p2a: Forretress|73\/100 brn|[from] brn\n|upkeep\n|turn|10\n|\n|t:|1701178607\n|move|p1a: Torkoal|Stealth Rock|p2a: Forretress\n|-sidestart|p2: Jpuga01|move: Stealth Rock\n|move|p2a: Forretress|Rapid Spin|p1a: Torkoal\n|-damage|p1a: Torkoal|0 fnt\n|-boost|p2a: Forretress|spe|1\n|-sideend|p2: Jpuga01|Stealth Rock|[from] move: Rapid Spin|[of] p2a: Forretress\n|faint|p1a: Torkoal\n|\n|-heal|p2a: Forretress|79\/100 brn|[from] item: Leftovers\n|-damage|p2a: Forretress|73\/100 brn|[from] brn\n|upkeep\n|\n|t:|1701178609\n|switch|p1a: Leavanny|Leavanny, M|100\/100\n|turn|11\n|\n|t:|1701178619\n|move|p1a: Leavanny|Trailblaze|p2a: Forretress\n|-supereffective|p2a: Forretress\n|-damage|p2a: Forretress|44\/100 brn\n|-boost|p1a: Leavanny|spe|1\n|move|p2a: Forretress|Spikes|p1a: Leavanny\n|-sidestart|p1: DragonEggies|Spikes\n|\n|-heal|p2a: Forretress|50\/100 brn|[from] item: Leftovers\n|-damage|p2a: Forretress|44\/100 brn|[from] brn\n|upkeep\n|turn|12\n|\n|t:|1701178630\n|move|p1a: Leavanny|Knock Off|p2a: Forretress\n|-damage|p2a: Forretress|26\/100 brn\n|-enditem|p2a: Forretress|Leftovers|[from] move: Knock Off|[of] p1a: Leavanny\n|move|p2a: Forretress|Spikes|p1a: Leavanny\n|-sidestart|p1: DragonEggies|Spikes\n|\n|-damage|p2a: Forretress|20\/100 brn|[from] brn\n|upkeep\n|turn|13\n|\n|t:|1701178638\n|move|p1a: Leavanny|Fell Stinger|p2a: Forretress\n|-damage|p2a: Forretress|4\/100 brn\n|move|p2a: Forretress|Spikes|p1a: Leavanny\n|-sidestart|p1: DragonEggies|Spikes\n|\n|-damage|p2a: Forretress|0 fnt|[from] brn\n|faint|p2a: Forretress\n|upkeep\n|\n|t:|1701178646\n|switch|p2a: Dragonite|Dragonite, F, shiny|100\/100\n|turn|14\n|\n|t:|1701178650\n|move|p1a: Leavanny|Knock Off|p2a: Dragonite\n|-crit|p2a: Dragonite\n|-damage|p2a: Dragonite|70\/100\n|-enditem|p2a: Dragonite|Leftovers|[from] move: Knock Off|[of] p1a: Leavanny\n|move|p2a: Dragonite|Dragon Dance|p2a: Dragonite\n|-boost|p2a: Dragonite|atk|1\n|-boost|p2a: Dragonite|spe|1\n|\n|upkeep\n|turn|15\n|\n|t:|1701178658\n|move|p1a: Leavanny|Shadow Claw|p2a: Dragonite\n|-damage|p2a: Dragonite|43\/100\n|move|p2a: Dragonite|Dragon Dance|p2a: Dragonite\n|-boost|p2a: Dragonite|atk|1\n|-boost|p2a: Dragonite|spe|1\n|\n|upkeep\n|turn|16\n|\n|t:|1701178665\n|move|p2a: Dragonite|Dragon Claw|p1a: Leavanny\n|-damage|p1a: Leavanny|0 fnt\n|faint|p1a: Leavanny\n|\n|upkeep\n|\n|t:|1701178668\n|switch|p1a: Lycanroc|Lycanroc-Dusk, M|100\/100\n|-damage|p1a: Lycanroc|76\/100|[from] Spikes\n|turn|17\n|\n|t:|1701178674\n|-terastallize|p1a: Lycanroc|Rock\n|move|p1a: Lycanroc|Accelerock|p2a: Dragonite\n|-supereffective|p2a: Dragonite\n|-damage|p2a: Dragonite|0 fnt\n|faint|p2a: Dragonite\n|-damage|p1a: Lycanroc|66\/100|[from] item: Life Orb\n|\n|upkeep\n|\n|t:|1701178682\n|switch|p2a: Quagsire|Quagsire, F, shiny|100\/100\n|turn|18\n|\n|t:|1701178687\n|switch|p1a: Talonflame|Talonflame, F|100\/100\n|move|p2a: Quagsire|Stockpile|p2a: Quagsire\n|-start|p2a: Quagsire|stockpile1\n|-boost|p2a: Quagsire|def|1\n|-boost|p2a: Quagsire|spd|1\n|\n|upkeep\n|turn|19\n|\n|t:|1701178695\n|move|p1a: Talonflame|Defog|p2a: Quagsire\n|-unboost|p2a: Quagsire|evasion|1\n|-sideend|p1: DragonEggies|Spikes|[from] move: Defog|[of] p1a: Talonflame\n|move|p2a: Quagsire|Stockpile|p2a: Quagsire\n|-start|p2a: Quagsire|stockpile2\n|-boost|p2a: Quagsire|def|1\n|-boost|p2a: Quagsire|spd|1\n|\n|upkeep\n|turn|20\n|\n|t:|1701178704\n|move|p1a: Talonflame|Hurricane|p2a: Quagsire\n|-damage|p2a: Quagsire|78\/100\n|-start|p2a: Quagsire|confusion\n|-activate|p2a: Quagsire|confusion\n|-damage|p2a: Quagsire|75\/100|[from] confusion\n|\n|-heal|p2a: Quagsire|81\/100|[from] item: Leftovers\n|upkeep\n|turn|21\n|\n|t:|1701178715\n|switch|p1a: Breloom|Breloom, F|100\/100\n|-activate|p2a: Quagsire|confusion\n|move|p2a: Quagsire|Earthquake|p1a: Breloom\n|-resisted|p1a: Breloom\n|-damage|p1a: Breloom|75\/100\n|\n|-heal|p2a: Quagsire|88\/100|[from] item: Leftovers\n|upkeep\n|turn|22\n|\n|t:|1701178725\n|switch|p2a: Staraptor|Staraptor, F, shiny|100\/100\n|-ability|p2a: Staraptor|Intimidate|boost\n|-unboost|p1a: Breloom|atk|1\n|move|p1a: Breloom|Seed Bomb|p2a: Staraptor\n|-resisted|p2a: Staraptor\n|-damage|p2a: Staraptor|80\/100\n|\n|upkeep\n|turn|23\n|\n|t:|1701178734\n|move|p1a: Breloom|Mach Punch|p2a: Staraptor\n|-damage|p2a: Staraptor|47\/100\n|move|p2a: Staraptor|Brave Bird|p1a: Breloom\n|-supereffective|p1a: Breloom\n|-damage|p1a: Breloom|0 fnt\n|-damage|p2a: Staraptor|30\/100|[from] item: Rocky Helmet|[of] p1a: Breloom\n|faint|p1a: Breloom\n|-damage|p2a: Staraptor|10\/100|[from] Recoil\n|\n|upkeep\n|\n|t:|1701178736\n|switch|p1a: Inteleon|Inteleon, F|100\/100\n|turn|24\n|\n|t:|1701178745\n|move|p2a: Staraptor|Brave Bird|p1a: Inteleon\n|-damage|p1a: Inteleon|0 fnt\n|faint|p1a: Inteleon\n|-damage|p2a: Staraptor|0 fnt|[from] Recoil\n|faint|p2a: Staraptor\n|\n|upkeep\n|c|\u2606DragonEggies|too slow you had momentum and you stopped\n|-message|DragonEggies forfeited.\n|\n|win|Jpuga01\n|raw|DragonEggies's rating: 1000 &rarr; <strong>1000<\/strong><br \/>(+0 for losing)\n|raw|Jpuga01's rating: 1000 &rarr; <strong>1040<\/strong><br \/>(+40 for winning)\n|l|\u2606DragonEggies\n","uploadtime":1701178759,"views":2,"p1id":"dragoneggies","p2id":"jpuga01","formatid":"gen9ou","rating":1000,"private":0,"password":""}