{"id":"gen9ou-1993780098","p1":"RedemptionDeath","p2":"fghj4","format":"[Gen 9] OU","log":"|j|\u2606RedemptionDeath\n|j|\u2606fghj4\n|t:|1700356350\n|gametype|singles\n|player|p1|RedemptionDeath|1|1135\n|player|p2|fghj4|cynthia-gen4|1080\n|teamsize|p1|6\n|teamsize|p2|6\n|gen|9\n|tier|[Gen 9] OU\n|rated|\n|rule|Sleep Clause Mod: Limit one foe put to sleep\n|rule|Species Clause: Limit one of each Pok\u00e9mon\n|rule|OHKO Clause: OHKO moves are banned\n|rule|Evasion Items Clause: Evasion items are banned\n|rule|Evasion Moves Clause: Evasion moves are banned\n|rule|Endless Battle Clause: Forcing endless battles is banned\n|rule|HP Percentage Mod: HP is shown in percentages\n|clearpoke\n|poke|p1|Clodsire, M|\n|poke|p1|Dondozo, M|\n|poke|p1|Alomomola, M|\n|poke|p1|Corviknight, M|\n|poke|p1|Toxapex, F|\n|poke|p1|Blissey, F|\n|poke|p2|Ninetales-Alola, F|\n|poke|p2|Maushold-Four|\n|poke|p2|Ogerpon-Cornerstone, F|\n|poke|p2|Moltres-Galar|\n|poke|p2|Gholdengo|\n|poke|p2|Enamorus-Therian, F|\n|teampreview\n|\n|t:|1700356376\n|start\n|switch|p1a: Blissey|Blissey, F|100\/100\n|switch|p2a: Maushold|Maushold-Four|100\/100\n|turn|1\n|\n|t:|1700356406\n|switch|p2a: Ninetales|Ninetales-Alola, F|100\/100\n|-weather|Snow|[from] ability: Snow Warning|[of] p2a: Ninetales\n|move|p1a: Blissey|Stealth Rock|p2a: Ninetales\n|-sidestart|p2: fghj4|move: Stealth Rock\n|\n|-weather|Snow|[upkeep]\n|upkeep\n|turn|2\n|\n|t:|1700356437\n|move|p2a: Ninetales|Encore|p1a: Blissey\n|-start|p1a: Blissey|Encore\n|move|p1a: Blissey|Stealth Rock||[still]\n|-fail|p1a: Blissey\n|\n|-weather|Snow|[upkeep]\n|upkeep\n|turn|3\n|\n|t:|1700356455\n|switch|p2a: Moltres|Moltres-Galar|100\/100\n|-damage|p2a: Moltres|76\/100|[from] Stealth Rock\n|switch|p1a: Clodsire|Clodsire, M|100\/100\n|\n|-weather|Snow|[upkeep]\n|upkeep\n|turn|4\n|\n|t:|1700356464\n|move|p2a: Moltres|Fiery Wrath|p1a: Clodsire\n|-damage|p1a: Clodsire|78\/100\n|move|p1a: Clodsire|Toxic|p2a: Moltres\n|-status|p2a: Moltres|tox\n|\n|-weather|Snow|[upkeep]\n|-damage|p2a: Moltres|69\/100 tox|[from] psn\n|upkeep\n|turn|5\n|\n|t:|1700356470\n|move|p2a: Moltres|Fiery Wrath|p1a: Clodsire\n|-damage|p1a: Clodsire|55\/100\n|cant|p1a: Clodsire|flinch\n|\n|-weather|none\n|-damage|p2a: Moltres|57\/100 tox|[from] psn\n|upkeep\n|turn|6\n|\n|t:|1700356482\n|switch|p2a: Enamorus|Enamorus-Therian, F|100\/100\n|-damage|p2a: Enamorus|75\/100|[from] Stealth Rock\n|move|p1a: Clodsire|Recover|p1a: Clodsire\n|-heal|p1a: Clodsire|100\/100\n|\n|-heal|p2a: Enamorus|82\/100|[from] item: Leftovers\n|upkeep\n|turn|7\n|\n|t:|1700356492\n|-terastallize|p2a: Enamorus|Steel\n|move|p2a: Enamorus|Iron Defense|p2a: Enamorus\n|-boost|p2a: Enamorus|def|2\n|move|p1a: Clodsire|Toxic|p2a: Enamorus\n|-immune|p2a: Enamorus\n|\n|-heal|p2a: Enamorus|88\/100|[from] item: Leftovers\n|upkeep\n|turn|8\n|\n|t:|1700356507\n|switch|p1a: Toxapex|Toxapex, F|100\/100\n|move|p2a: Enamorus|Iron Defense|p2a: Enamorus\n|-boost|p2a: Enamorus|def|2\n|\n|-heal|p2a: Enamorus|94\/100|[from] item: Leftovers\n|upkeep\n|turn|9\n|\n|t:|1700356511\n|move|p2a: Enamorus|Earth Power|p1a: Toxapex\n|-supereffective|p1a: Toxapex\n|-damage|p1a: Toxapex|37\/100\n|move|p1a: Toxapex|Infestation|p2a: Enamorus\n|-resisted|p2a: Enamorus\n|-damage|p2a: Enamorus|92\/100\n|-activate|p2a: Enamorus|move: Infestation|[of] p1a: Toxapex\n|\n|-heal|p2a: Enamorus|98\/100|[from] item: Leftovers\n|-damage|p2a: Enamorus|86\/100|[from] move: Infestation|[partiallytrapped]\n|upkeep\n|turn|10\n|\n|t:|1700356516\n|-terastallize|p1a: Toxapex|Fairy\n|move|p2a: Enamorus|Earth Power|p1a: Toxapex\n|-damage|p1a: Toxapex|7\/100\n|move|p1a: Toxapex|Recover|p1a: Toxapex\n|-heal|p1a: Toxapex|57\/100\n|\n|-heal|p2a: Enamorus|92\/100|[from] item: Leftovers\n|-damage|p2a: Enamorus|80\/100|[from] move: Infestation|[partiallytrapped]\n|upkeep\n|turn|11\n|\n|t:|1700356520\n|move|p2a: Enamorus|Draining Kiss|p1a: Toxapex\n|-damage|p1a: Toxapex|35\/100\n|-heal|p2a: Enamorus|94\/100|[from] drain|[of] p1a: Toxapex\n|move|p1a: Toxapex|Recover|p1a: Toxapex\n|-heal|p1a: Toxapex|85\/100\n|\n|-heal|p2a: Enamorus|99\/100|[from] item: Leftovers\n|-damage|p2a: Enamorus|88\/100|[from] move: Infestation|[partiallytrapped]\n|upkeep\n|turn|12\n|\n|t:|1700356525\n|move|p2a: Enamorus|Draining Kiss|p1a: Toxapex\n|-damage|p1a: Toxapex|61\/100\n|-heal|p2a: Enamorus|100\/100|[from] drain|[of] p1a: Toxapex\n|move|p1a: Toxapex|Recover|p1a: Toxapex\n|-heal|p1a: Toxapex|100\/100\n|\n|-damage|p2a: Enamorus|88\/100|[from] move: Infestation|[partiallytrapped]\n|upkeep\n|turn|13\n|\n|t:|1700356529\n|move|p2a: Enamorus|Draining Kiss|p1a: Toxapex\n|-damage|p1a: Toxapex|75\/100\n|-heal|p2a: Enamorus|100\/100|[from] drain|[of] p1a: Toxapex\n|move|p1a: Toxapex|Haze|p1a: Toxapex\n|-clearallboost\n|\n|-end|p2a: Enamorus|Infestation|[partiallytrapped]\n|upkeep\n|turn|14\n|\n|t:|1700356532\n|move|p2a: Enamorus|Draining Kiss|p1a: Toxapex\n|-damage|p1a: Toxapex|51\/100\n|move|p1a: Toxapex|Infestation|p2a: Enamorus\n|-resisted|p2a: Enamorus\n|-damage|p2a: Enamorus|99\/100\n|-activate|p2a: Enamorus|move: Infestation|[of] p1a: Toxapex\n|\n|-heal|p2a: Enamorus|100\/100|[from] item: Leftovers\n|-damage|p2a: Enamorus|88\/100|[from] move: Infestation|[partiallytrapped]\n|upkeep\n|turn|15\n|\n|t:|1700356535\n|move|p2a: Enamorus|Draining Kiss|p1a: Toxapex\n|-damage|p1a: Toxapex|25\/100\n|-heal|p2a: Enamorus|100\/100|[from] drain|[of] p1a: Toxapex\n|move|p1a: Toxapex|Recover|p1a: Toxapex\n|-heal|p1a: Toxapex|75\/100\n|\n|-damage|p2a: Enamorus|88\/100|[from] move: Infestation|[partiallytrapped]\n|upkeep\n|turn|16\n|\n|t:|1700356541\n|switch|p1a: Blissey|Blissey, F|100\/100\n|move|p2a: Enamorus|Earth Power|p1a: Blissey\n|-damage|p1a: Blissey|91\/100\n|\n|-heal|p2a: Enamorus|94\/100|[from] item: Leftovers\n|-end|p2a: Enamorus|Infestation|[partiallytrapped]|[silent]\n|upkeep\n|turn|17\n|\n|t:|1700356553\n|move|p1a: Blissey|Seismic Toss|p2a: Enamorus\n|-damage|p2a: Enamorus|65\/100\n|move|p2a: Enamorus|Iron Defense|p2a: Enamorus\n|-boost|p2a: Enamorus|def|2\n|\n|-heal|p2a: Enamorus|71\/100|[from] item: Leftovers\n|upkeep\n|turn|18\n|\n|t:|1700356571\n|switch|p1a: Toxapex|Toxapex, F, tera:Fairy|100\/100\n|move|p2a: Enamorus|Calm Mind|p2a: Enamorus\n|-boost|p2a: Enamorus|spa|1\n|-boost|p2a: Enamorus|spd|1\n|\n|-heal|p2a: Enamorus|77\/100|[from] item: Leftovers\n|upkeep\n|turn|19\n|\n|t:|1700356576\n|move|p2a: Enamorus|Earth Power|p1a: Toxapex\n|-damage|p1a: Toxapex|56\/100\n|move|p1a: Toxapex|Haze|p1a: Toxapex\n|-clearallboost\n|\n|-heal|p2a: Enamorus|83\/100|[from] item: Leftovers\n|upkeep\n|turn|20\n|\n|t:|1700356581\n|move|p2a: Enamorus|Draining Kiss|p1a: Toxapex\n|-damage|p1a: Toxapex|31\/100\n|-heal|p2a: Enamorus|99\/100|[from] drain|[of] p1a: Toxapex\n|move|p1a: Toxapex|Recover|p1a: Toxapex\n|-heal|p1a: Toxapex|81\/100\n|\n|-heal|p2a: Enamorus|100\/100|[from] item: Leftovers\n|upkeep\n|turn|21\n|\n|t:|1700356591\n|move|p2a: Enamorus|Calm Mind|p2a: Enamorus\n|-boost|p2a: Enamorus|spa|1\n|-boost|p2a: Enamorus|spd|1\n|move|p1a: Toxapex|Infestation|p2a: Enamorus\n|-resisted|p2a: Enamorus\n|-damage|p2a: Enamorus|99\/100\n|-activate|p2a: Enamorus|move: Infestation|[of] p1a: Toxapex\n|\n|-heal|p2a: Enamorus|100\/100|[from] item: Leftovers\n|-damage|p2a: Enamorus|88\/100|[from] move: Infestation|[partiallytrapped]\n|upkeep\n|turn|22\n|\n|t:|1700356595\n|move|p2a: Enamorus|Earth Power|p1a: Toxapex\n|-damage|p1a: Toxapex|38\/100\n|move|p1a: Toxapex|Haze|p1a: Toxapex\n|-clearallboost\n|\n|-heal|p2a: Enamorus|94\/100|[from] item: Leftovers\n|-damage|p2a: Enamorus|82\/100|[from] move: Infestation|[partiallytrapped]\n|upkeep\n|turn|23\n|\n|t:|1700356598\n|move|p2a: Enamorus|Earth Power|p1a: Toxapex\n|-damage|p1a: Toxapex|7\/100\n|move|p1a: Toxapex|Recover|p1a: Toxapex\n|-heal|p1a: Toxapex|57\/100\n|\n|-heal|p2a: Enamorus|88\/100|[from] item: Leftovers\n|-damage|p2a: Enamorus|75\/100|[from] move: Infestation|[partiallytrapped]\n|upkeep\n|turn|24\n|\n|t:|1700356603\n|switch|p1a: Corviknight|Corviknight, M|100\/100\n|-ability|p1a: Corviknight|Pressure\n|move|p2a: Enamorus|Calm Mind|p2a: Enamorus\n|-boost|p2a: Enamorus|spa|1\n|-boost|p2a: Enamorus|spd|1\n|\n|-heal|p2a: Enamorus|81\/100|[from] item: Leftovers\n|-end|p2a: Enamorus|Infestation|[partiallytrapped]|[silent]\n|upkeep\n|turn|25\n|\n|t:|1700356607\n|move|p1a: Corviknight|Bulk Up|p1a: Corviknight\n|-boost|p1a: Corviknight|atk|1\n|-boost|p1a: Corviknight|def|1\n|move|p2a: Enamorus|Iron Defense|p2a: Enamorus\n|-boost|p2a: Enamorus|def|2\n|\n|-heal|p2a: Enamorus|87\/100|[from] item: Leftovers\n|upkeep\n|turn|26\n|\n|t:|1700356612\n|move|p1a: Corviknight|Bulk Up|p1a: Corviknight\n|-boost|p1a: Corviknight|atk|1\n|-boost|p1a: Corviknight|def|1\n|move|p2a: Enamorus|Iron Defense|p2a: Enamorus\n|-boost|p2a: Enamorus|def|2\n|\n|-heal|p2a: Enamorus|94\/100|[from] item: Leftovers\n|upkeep\n|turn|27\n|\n|t:|1700356614\n|move|p1a: Corviknight|Bulk Up|p1a: Corviknight\n|-boost|p1a: Corviknight|atk|1\n|-boost|p1a: Corviknight|def|1\n|move|p2a: Enamorus|Calm Mind|p2a: Enamorus\n|-boost|p2a: Enamorus|spa|1\n|-boost|p2a: Enamorus|spd|1\n|\n|-heal|p2a: Enamorus|99\/100|[from] item: Leftovers\n|upkeep\n|turn|28\n|\n|t:|1700356617\n|move|p1a: Corviknight|Bulk Up|p1a: Corviknight\n|-boost|p1a: Corviknight|atk|1\n|-boost|p1a: Corviknight|def|1\n|move|p2a: Enamorus|Calm Mind|p2a: Enamorus\n|-boost|p2a: Enamorus|spa|1\n|-boost|p2a: Enamorus|spd|1\n|\n|-heal|p2a: Enamorus|100\/100|[from] item: Leftovers\n|upkeep\n|turn|29\n|\n|t:|1700356621\n|move|p1a: Corviknight|Bulk Up|p1a: Corviknight\n|-boost|p1a: Corviknight|atk|1\n|-boost|p1a: Corviknight|def|1\n|move|p2a: Enamorus|Iron Defense|p2a: Enamorus\n|-boost|p2a: Enamorus|def|2\n|\n|upkeep\n|turn|30\n|\n|t:|1700356624\n|move|p1a: Corviknight|Bulk Up|p1a: Corviknight\n|-boost|p1a: Corviknight|atk|1\n|-boost|p1a: Corviknight|def|1\n|move|p2a: Enamorus|Calm Mind|p2a: Enamorus\n|-boost|p2a: Enamorus|spa|1\n|-boost|p2a: Enamorus|spd|1\n|\n|upkeep\n|turn|31\n|\n|t:|1700356628\n|move|p1a: Corviknight|Body Press|p2a: Enamorus\n|-supereffective|p2a: Enamorus\n|-damage|p2a: Enamorus|68\/100\n|move|p2a: Enamorus|Draining Kiss|p1a: Corviknight\n|-resisted|p1a: Corviknight\n|-crit|p1a: Corviknight\n|-damage|p1a: Corviknight|54\/100\n|-heal|p2a: Enamorus|100\/100|[from] drain|[of] p1a: Corviknight\n|\n|-heal|p1a: Corviknight|60\/100|[from] item: Leftovers\n|upkeep\n|turn|32\n|\n|t:|1700356632\n|move|p1a: Corviknight|Body Press|p2a: Enamorus\n|-supereffective|p2a: Enamorus\n|-damage|p2a: Enamorus|62\/100\n|move|p2a: Enamorus|Draining Kiss|p1a: Corviknight\n|-resisted|p1a: Corviknight\n|-damage|p1a: Corviknight|30\/100\n|-heal|p2a: Enamorus|88\/100|[from] drain|[of] p1a: Corviknight\n|\n|-heal|p1a: Corviknight|37\/100|[from] item: Leftovers\n|-heal|p2a: Enamorus|94\/100|[from] item: Leftovers\n|upkeep\n|turn|33\n|c|\u2606RedemptionDeath|DAWG\n|c|\u2606RedemptionDeath|WTF IS THIS DRAINING KISS BS\n|\n|t:|1700356650\n|switch|p1a: Dondozo|Dondozo, M|100\/100\n|move|p2a: Enamorus|Calm Mind|p2a: Enamorus\n|-boost|p2a: Enamorus|spa|1\n|-boost|p2a: Enamorus|spd|1\n|\n|-heal|p2a: Enamorus|100\/100|[from] item: Leftovers\n|upkeep\n|turn|34\n|\n|t:|1700356658\n|move|p2a: Enamorus|Earth Power|p1a: Dondozo\n|-damage|p1a: Dondozo|67\/100\n|move|p1a: Dondozo|Body Press|p2a: Enamorus\n|-supereffective|p2a: Enamorus\n|-damage|p2a: Enamorus|46\/100\n|\n|-heal|p2a: Enamorus|52\/100|[from] item: Leftovers\n|upkeep\n|turn|35\n|\n|t:|1700356664\n|move|p2a: Enamorus|Draining Kiss|p1a: Dondozo\n|-damage|p1a: Dondozo|40\/100\n|-heal|p2a: Enamorus|82\/100|[from] drain|[of] p1a: Dondozo\n|move|p1a: Dondozo|Body Press|p2a: Enamorus\n|-supereffective|p2a: Enamorus\n|-damage|p2a: Enamorus|26\/100\n|\n|-heal|p2a: Enamorus|32\/100|[from] item: Leftovers\n|upkeep\n|turn|36\n|\n|t:|1700356671\n|move|p2a: Enamorus|Draining Kiss|p1a: Dondozo\n|-damage|p1a: Dondozo|10\/100\n|-heal|p2a: Enamorus|65\/100|[from] drain|[of] p1a: Dondozo\n|move|p1a: Dondozo|Rest|p1a: Dondozo\n|-status|p1a: Dondozo|slp|[from] move: Rest\n|-heal|p1a: Dondozo|100\/100 slp|[silent]\n|\n|-heal|p2a: Enamorus|71\/100|[from] item: Leftovers\n|upkeep\n|turn|37\n|\n|t:|1700356675\n|move|p2a: Enamorus|Earth Power|p1a: Dondozo\n|-damage|p1a: Dondozo|69\/100 slp\n|cant|p1a: Dondozo|slp\n|move|p1a: Dondozo|Sleep Talk|p1a: Dondozo\n|move|p1a: Dondozo|Body Press|p2a: Enamorus|[from]move: Sleep Talk\n|-supereffective|p2a: Enamorus\n|-damage|p2a: Enamorus|16\/100\n|\n|-heal|p2a: Enamorus|22\/100|[from] item: Leftovers\n|upkeep\n|turn|38\n|\n|t:|1700356684\n|move|p2a: Enamorus|Draining Kiss|p1a: Dondozo\n|-damage|p1a: Dondozo|39\/100 slp\n|-heal|p2a: Enamorus|54\/100|[from] drain|[of] p1a: Dondozo\n|cant|p1a: Dondozo|slp\n|move|p1a: Dondozo|Sleep Talk|p1a: Dondozo\n|move|p1a: Dondozo|Rest||[from]move: Sleep Talk|[still]\n|-fail|p1a: Dondozo\n|\n|-heal|p2a: Enamorus|60\/100|[from] item: Leftovers\n|upkeep\n|turn|39\n|\n|t:|1700356693\n|move|p2a: Enamorus|Draining Kiss|p1a: Dondozo\n|-damage|p1a: Dondozo|11\/100 slp\n|-heal|p2a: Enamorus|92\/100|[from] drain|[of] p1a: Dondozo\n|-curestatus|p1a: Dondozo|slp|[msg]\n|move|p1a: Dondozo|Rest|p1a: Dondozo\n|-status|p1a: Dondozo|slp|[from] move: Rest\n|-heal|p1a: Dondozo|100\/100 slp|[silent]\n|\n|-heal|p2a: Enamorus|98\/100|[from] item: Leftovers\n|upkeep\n|turn|40\n|\n|t:|1700356697\n|move|p2a: Enamorus|Earth Power|p1a: Dondozo\n|-crit|p1a: Dondozo\n|-damage|p1a: Dondozo|53\/100 slp\n|cant|p1a: Dondozo|slp\n|move|p1a: Dondozo|Sleep Talk|p1a: Dondozo\n|move|p1a: Dondozo|Rest||[from]move: Sleep Talk|[still]\n|-fail|p1a: Dondozo\n|\n|-heal|p2a: Enamorus|100\/100|[from] item: Leftovers\n|upkeep\n|turn|41\n|\n|t:|1700356706\n|switch|p1a: Alomomola|Alomomola, M|100\/100\n|move|p2a: Enamorus|Earth Power|p1a: Alomomola\n|-damage|p1a: Alomomola|0 fnt\n|faint|p1a: Alomomola\n|\n|upkeep\n|\n|t:|1700356709\n|switch|p1a: Dondozo|Dondozo, M|53\/100 slp\n|turn|42\n|n|!RedemptionDeath|redemptiondeath\n|\n|t:|1700356715\n|move|p2a: Enamorus|Earth Power|p1a: Dondozo\n|-damage|p1a: Dondozo|19\/100 slp\n|cant|p1a: Dondozo|slp\n|move|p1a: Dondozo|Sleep Talk|p1a: Dondozo\n|move|p1a: Dondozo|Rest||[from]move: Sleep Talk|[still]\n|-fail|p1a: Dondozo\n|\n|upkeep\n|turn|43\n|-message|RedemptionDeath forfeited.\n|\n|win|fghj4\n|raw|RedemptionDeath's rating: 1135 &rarr; <strong>1106<\/strong><br \/>(-29 for losing)\n|raw|fghj4's rating: 1080 &rarr; <strong>1112<\/strong><br \/>(+32 for winning)\n|l|!RedemptionDeath\n","uploadtime":1700356712,"views":8,"p1id":"redemptiondeath","p2id":"fghj4","formatid":"gen9ou","rating":1106,"private":0,"password":""}