{"id":"gen9ou-1992791575","p1":"erthyu","p2":"like witi","format":"[Gen 9] OU","log":"|j|\u2606erthyu\n|j|\u2606like witi\n|t:|1700235786\n|gametype|singles\n|player|p1|erthyu|steven|\n|player|p2|like witi|roxie|\n|teamsize|p1|6\n|teamsize|p2|6\n|gen|9\n|tier|[Gen 9] OU\n|rule|Sleep Clause Mod: Limit one foe put to sleep\n|rule|Species Clause: Limit one of each Pok\u00e9mon\n|rule|OHKO Clause: OHKO moves are banned\n|rule|Evasion Items Clause: Evasion items are banned\n|rule|Evasion Moves Clause: Evasion moves are banned\n|rule|Endless Battle Clause: Forcing endless battles is banned\n|rule|HP Percentage Mod: HP is shown in percentages\n|clearpoke\n|poke|p1|Ditto|\n|poke|p1|Dragonite, M|\n|poke|p1|Garganacl, M|\n|poke|p1|Chansey, F|\n|poke|p1|Skeledirge, F|\n|poke|p1|Kingambit, M|\n|poke|p2|Goodra-Hisui, F|\n|poke|p2|Alomomola, F|\n|poke|p2|Skeledirge, M|\n|poke|p2|Iron Treads|\n|poke|p2|Zapdos-Galar|\n|poke|p2|Thundurus-Therian, M|\n|teampreview\n|\n|t:|1700235834\n|start\n|switch|p1a: Garganacl|Garganacl, M, shiny|100\/100\n|switch|p2a: Zapdos|Zapdos-Galar|100\/100\n|turn|1\n|\n|t:|1700235847\n|-terastallize|p1a: Garganacl|Ghost\n|move|p2a: Zapdos|Knock Off|p1a: Garganacl\n|-supereffective|p1a: Garganacl\n|-damage|p1a: Garganacl|62\/100\n|-enditem|p1a: Garganacl|Sitrus Berry|[from] move: Knock Off|[of] p2a: Zapdos\n|move|p1a: Garganacl|Salt Cure|p2a: Zapdos\n|-damage|p2a: Zapdos|86\/100\n|-start|p2a: Zapdos|Salt Cure\n|\n|-damage|p2a: Zapdos|73\/100|[from] Salt Cure\n|upkeep\n|turn|2\n|\n|t:|1700235864\n|switch|p2a: Alomomola|Alomomola, F|100\/100\n|move|p1a: Garganacl|Recover|p1a: Garganacl\n|-heal|p1a: Garganacl|100\/100\n|\n|upkeep\n|turn|3\n|\n|t:|1700235874\n|move|p2a: Alomomola|Scald|p1a: Garganacl\n|-damage|p1a: Garganacl|88\/100\n|move|p1a: Garganacl|Salt Cure|p2a: Alomomola\n|-crit|p2a: Alomomola\n|-damage|p2a: Alomomola|89\/100\n|-start|p2a: Alomomola|Salt Cure\n|\n|-damage|p2a: Alomomola|64\/100|[from] Salt Cure\n|upkeep\n|turn|4\n|\n|t:|1700235888\n|switch|p2a: Goodra|Goodra-Hisui, F|100\/100\n|move|p1a: Garganacl|Iron Defense|p1a: Garganacl\n|-boost|p1a: Garganacl|def|2\n|\n|upkeep\n|turn|5\n|\n|t:|1700235900\n|move|p2a: Goodra|Draco Meteor|p1a: Garganacl\n|-damage|p1a: Garganacl|44\/100\n|-unboost|p2a: Goodra|spa|2\n|move|p1a: Garganacl|Salt Cure|p2a: Goodra\n|-resisted|p2a: Goodra\n|-damage|p2a: Goodra|95\/100\n|-start|p2a: Goodra|Salt Cure\n|\n|-heal|p2a: Goodra|100\/100|[from] item: Leftovers\n|-damage|p2a: Goodra|75\/100|[from] Salt Cure\n|upkeep\n|turn|6\n|\n|t:|1700235917\n|move|p2a: Goodra|Earthquake|p1a: Garganacl\n|-damage|p1a: Garganacl|38\/100\n|move|p1a: Garganacl|Recover|p1a: Garganacl\n|-heal|p1a: Garganacl|88\/100\n|\n|-heal|p2a: Goodra|82\/100|[from] item: Leftovers\n|-damage|p2a: Goodra|57\/100|[from] Salt Cure\n|upkeep\n|turn|7\n|\n|t:|1700235963\n|switch|p2a: Skeledirge|Skeledirge, M|100\/100\n|move|p1a: Garganacl|Iron Defense|p1a: Garganacl\n|-boost|p1a: Garganacl|def|2\n|\n|upkeep\n|turn|8\n|\n|t:|1700235976\n|-terastallize|p2a: Skeledirge|Fairy\n|move|p2a: Skeledirge|Hex|p1a: Garganacl\n|-supereffective|p1a: Garganacl\n|-damage|p1a: Garganacl|69\/100\n|move|p1a: Garganacl|Salt Cure|p2a: Skeledirge\n|-damage|p2a: Skeledirge|90\/100\n|-start|p2a: Skeledirge|Salt Cure\n|\n|-damage|p2a: Skeledirge|77\/100|[from] Salt Cure\n|upkeep\n|turn|9\n|\n|t:|1700235988\n|move|p2a: Skeledirge|Will-O-Wisp|p1a: Garganacl\n|-immune|p1a: Garganacl|[from] ability: Purifying Salt\n|move|p1a: Garganacl|Recover|p1a: Garganacl\n|-heal|p1a: Garganacl|100\/100\n|\n|-damage|p2a: Skeledirge|65\/100|[from] Salt Cure\n|upkeep\n|turn|10\n|\n|t:|1700235996\n|switch|p2a: Alomomola|Alomomola, F|97\/100\n|move|p1a: Garganacl|Iron Defense|p1a: Garganacl\n|-boost|p1a: Garganacl|def|2\n|\n|upkeep\n|turn|11\n|\n|t:|1700236003\n|move|p2a: Alomomola|Protect|p2a: Alomomola\n|-singleturn|p2a: Alomomola|Protect\n|move|p1a: Garganacl|Salt Cure|p2a: Alomomola\n|-activate|p2a: Alomomola|move: Protect\n|\n|upkeep\n|turn|12\n|\n|t:|1700236011\n|move|p2a: Alomomola|Wish|p2a: Alomomola\n|move|p1a: Garganacl|Salt Cure|p2a: Alomomola\n|-damage|p2a: Alomomola|88\/100\n|-start|p2a: Alomomola|Salt Cure\n|\n|-damage|p2a: Alomomola|63\/100|[from] Salt Cure\n|upkeep\n|turn|13\n|\n|t:|1700236019\n|switch|p2a: Goodra|Goodra-Hisui, F|57\/100\n|move|p1a: Garganacl|Body Press|p2a: Goodra\n|-supereffective|p2a: Goodra\n|-damage|p2a: Goodra|0 fnt\n|faint|p2a: Goodra\n|\n|upkeep\n|\n|t:|1700236028\n|switch|p2a: Zapdos|Zapdos-Galar|73\/100\n|turn|14\n|\n|t:|1700236034\n|move|p2a: Zapdos|U-turn|p1a: Garganacl\n|-resisted|p1a: Garganacl\n|-damage|p1a: Garganacl|99\/100\n|\n|t:|1700236043\n|switch|p2a: Skeledirge|Skeledirge, M, tera:Fairy|65\/100|[from] U-turn\n|move|p1a: Garganacl|Salt Cure|p2a: Skeledirge\n|-damage|p2a: Skeledirge|54\/100\n|-start|p2a: Skeledirge|Salt Cure\n|\n|-damage|p2a: Skeledirge|42\/100|[from] Salt Cure\n|upkeep\n|turn|15\n|\n|t:|1700236055\n|move|p2a: Skeledirge|Slack Off|p2a: Skeledirge\n|-heal|p2a: Skeledirge|92\/100\n|move|p1a: Garganacl|Salt Cure|p2a: Skeledirge\n|-damage|p2a: Skeledirge|82\/100\n|\n|-damage|p2a: Skeledirge|69\/100|[from] Salt Cure\n|upkeep\n|turn|16\n|\n|t:|1700236064\n|move|p2a: Skeledirge|Torch Song|p1a: Garganacl\n|-damage|p1a: Garganacl|74\/100\n|-boost|p2a: Skeledirge|spa|1\n|move|p1a: Garganacl|Body Press|p2a: Skeledirge\n|-resisted|p2a: Skeledirge\n|-damage|p2a: Skeledirge|58\/100\n|\n|-damage|p2a: Skeledirge|45\/100|[from] Salt Cure\n|upkeep\n|turn|17\n|\n|t:|1700236077\n|move|p2a: Skeledirge|Slack Off|p2a: Skeledirge\n|-heal|p2a: Skeledirge|95\/100\n|move|p1a: Garganacl|Salt Cure|p2a: Skeledirge\n|-damage|p2a: Skeledirge|85\/100\n|\n|-damage|p2a: Skeledirge|73\/100|[from] Salt Cure\n|upkeep\n|turn|18\n|\n|t:|1700236087\n|move|p2a: Skeledirge|Torch Song|p1a: Garganacl\n|-damage|p1a: Garganacl|34\/100\n|-boost|p2a: Skeledirge|spa|1\n|move|p1a: Garganacl|Recover|p1a: Garganacl\n|-heal|p1a: Garganacl|84\/100\n|\n|-damage|p2a: Skeledirge|60\/100|[from] Salt Cure\n|upkeep\n|turn|19\n|\n|t:|1700236101\n|move|p2a: Skeledirge|Torch Song|p1a: Garganacl\n|-damage|p1a: Garganacl|29\/100\n|-boost|p2a: Skeledirge|spa|1\n|move|p1a: Garganacl|Salt Cure|p2a: Skeledirge\n|-damage|p2a: Skeledirge|50\/100\n|\n|-damage|p2a: Skeledirge|37\/100|[from] Salt Cure\n|upkeep\n|turn|20\n|\n|t:|1700236108\n|move|p2a: Skeledirge|Slack Off|p2a: Skeledirge\n|-heal|p2a: Skeledirge|88\/100\n|move|p1a: Garganacl|Recover|p1a: Garganacl\n|-heal|p1a: Garganacl|80\/100\n|\n|-damage|p2a: Skeledirge|75\/100|[from] Salt Cure\n|upkeep\n|turn|21\n|\n|t:|1700236123\n|move|p2a: Skeledirge|Torch Song|p1a: Garganacl\n|-damage|p1a: Garganacl|13\/100\n|-boost|p2a: Skeledirge|spa|1\n|move|p1a: Garganacl|Recover|p1a: Garganacl\n|-heal|p1a: Garganacl|63\/100\n|\n|-damage|p2a: Skeledirge|63\/100|[from] Salt Cure\n|upkeep\n|turn|22\n|\n|t:|1700236138\n|move|p2a: Skeledirge|Will-O-Wisp|p1a: Garganacl\n|-immune|p1a: Garganacl|[from] ability: Purifying Salt\n|move|p1a: Garganacl|Recover|p1a: Garganacl\n|-heal|p1a: Garganacl|100\/100\n|\n|-damage|p2a: Skeledirge|50\/100|[from] Salt Cure\n|upkeep\n|turn|23\n|\n|t:|1700236150\n|move|p2a: Skeledirge|Slack Off|p2a: Skeledirge\n|-heal|p2a: Skeledirge|100\/100\n|move|p1a: Garganacl|Recover||[still]\n|-fail|p1a: Garganacl|heal\n|\n|-damage|p2a: Skeledirge|88\/100|[from] Salt Cure\n|upkeep\n|turn|24\n|\n|t:|1700236162\n|move|p2a: Skeledirge|Torch Song|p1a: Garganacl\n|-damage|p1a: Garganacl|16\/100\n|-boost|p2a: Skeledirge|spa|1\n|move|p1a: Garganacl|Salt Cure|p2a: Skeledirge\n|-crit|p2a: Skeledirge\n|-damage|p2a: Skeledirge|71\/100\n|\n|-damage|p2a: Skeledirge|58\/100|[from] Salt Cure\n|upkeep\n|turn|25\n|\n|t:|1700236180\n|switch|p2a: Alomomola|Alomomola, F|97\/100\n|move|p1a: Garganacl|Salt Cure|p2a: Alomomola\n|-damage|p2a: Alomomola|88\/100\n|-start|p2a: Alomomola|Salt Cure\n|\n|-damage|p2a: Alomomola|63\/100|[from] Salt Cure\n|upkeep\n|turn|26\n|\n|t:|1700236191\n|switch|p2a: Iron Treads|Iron Treads|100\/100\n|move|p1a: Garganacl|Body Press|p2a: Iron Treads\n|-supereffective|p2a: Iron Treads\n|-damage|p2a: Iron Treads|0 fnt\n|faint|p2a: Iron Treads\n|-end|p2a: Iron Treads|Quark Drive|[silent]\n|\n|upkeep\n|\n|t:|1700236206\n|switch|p2a: Skeledirge|Skeledirge, M, tera:Fairy|58\/100\n|turn|27\n|\n|t:|1700236211\n|move|p2a: Skeledirge|Hex|p1a: Garganacl\n|-supereffective|p1a: Garganacl\n|-damage|p1a: Garganacl|0 fnt\n|faint|p1a: Garganacl\n|\n|upkeep\n|\n|t:|1700236219\n|switch|p1a: Chansey|Chansey, F|100\/100\n|turn|28\n|\n|t:|1700236226\n|switch|p2a: Zapdos|Zapdos-Galar|73\/100\n|move|p1a: Chansey|Stealth Rock|p2a: Zapdos\n|-sidestart|p2: like witi|move: Stealth Rock\n|\n|upkeep\n|turn|29\n|\n|t:|1700236232\n|move|p2a: Zapdos|Close Combat|p1a: Chansey\n|-supereffective|p1a: Chansey\n|-damage|p1a: Chansey|0 fnt\n|-unboost|p2a: Zapdos|def|1\n|-unboost|p2a: Zapdos|spd|1\n|faint|p1a: Chansey\n|\n|upkeep\n|\n|t:|1700236243\n|switch|p1a: Dragonite|Dragonite, M, shiny|100\/100\n|turn|30\n|\n|t:|1700236261\n|switch|p2a: Alomomola|Alomomola, F|97\/100\n|-damage|p2a: Alomomola|84\/100|[from] Stealth Rock\n|move|p1a: Dragonite|Outrage|p2a: Alomomola\n|-damage|p2a: Alomomola|23\/100\n|-damage|p1a: Dragonite|84\/100|[from] item: Rocky Helmet|[of] p2a: Alomomola\n|\n|upkeep\n|turn|31\n|\n|t:|1700236275\n|move|p1a: Dragonite|Outrage|p2a: Alomomola|[from]lockedmove\n|-damage|p2a: Alomomola|0 fnt\n|-damage|p1a: Dragonite|68\/100|[from] item: Rocky Helmet|[of] p2a: Alomomola\n|faint|p2a: Alomomola\n|\n|upkeep\n|\n|t:|1700236282\n|switch|p2a: Skeledirge|Skeledirge, M, tera:Fairy|58\/100\n|turn|32\n|\n|t:|1700236291\n|move|p1a: Dragonite|Outrage|p2a: Skeledirge|[from]lockedmove\n|-immune|p2a: Skeledirge\n|-start|p1a: Dragonite|confusion|[fatigue]\n|move|p2a: Skeledirge|Will-O-Wisp|p1a: Dragonite\n|-status|p1a: Dragonite|brn\n|\n|-damage|p1a: Dragonite|61\/100 brn|[from] brn\n|upkeep\n|turn|33\n|\n|t:|1700236303\n|-activate|p1a: Dragonite|confusion\n|move|p1a: Dragonite|Outrage|p2a: Skeledirge\n|-immune|p2a: Skeledirge\n|move|p2a: Skeledirge|Hex|p1a: Dragonite\n|-damage|p1a: Dragonite|12\/100 brn\n|\n|-damage|p1a: Dragonite|6\/100 brn|[from] brn\n|upkeep\n|turn|34\n|\n|t:|1700236312\n|-activate|p1a: Dragonite|confusion\n|-damage|p1a: Dragonite|0 fnt|[from] confusion\n|faint|p1a: Dragonite\n|move|p2a: Skeledirge|Slack Off|p2a: Skeledirge\n|-heal|p2a: Skeledirge|100\/100\n|\n|upkeep\n|\n|t:|1700236328\n|switch|p1a: Skeledirge|Skeledirge, F|100\/100\n|turn|35\n|\n|t:|1700236340\n|move|p2a: Skeledirge|Hex|p1a: Skeledirge\n|-supereffective|p1a: Skeledirge\n|-damage|p1a: Skeledirge|50\/100\n|move|p1a: Skeledirge|Torch Song|p2a: Skeledirge\n|-damage|p2a: Skeledirge|70\/100\n|-boost|p1a: Skeledirge|spa|1\n|\n|upkeep\n|turn|36\n|\n|t:|1700236356\n|move|p2a: Skeledirge|Hex|p1a: Skeledirge\n|-supereffective|p1a: Skeledirge\n|-damage|p1a: Skeledirge|3\/100\n|move|p1a: Skeledirge|Torch Song|p2a: Skeledirge\n|-damage|p2a: Skeledirge|40\/100\n|-boost|p1a: Skeledirge|spa|1\n|\n|upkeep\n|turn|37\n|\n|t:|1700236380\n|move|p2a: Skeledirge|Slack Off|p2a: Skeledirge\n|-heal|p2a: Skeledirge|91\/100\n|move|p1a: Skeledirge|Slack Off|p1a: Skeledirge\n|-heal|p1a: Skeledirge|53\/100\n|\n|upkeep\n|turn|38\n|\n|t:|1700236388\n|move|p2a: Skeledirge|Hex|p1a: Skeledirge\n|-supereffective|p1a: Skeledirge\n|-damage|p1a: Skeledirge|2\/100\n|move|p1a: Skeledirge|Torch Song|p2a: Skeledirge\n|-damage|p2a: Skeledirge|58\/100\n|-boost|p1a: Skeledirge|spa|1\n|\n|upkeep\n|turn|39\n|\n|t:|1700236397\n|move|p2a: Skeledirge|Slack Off|p2a: Skeledirge\n|-heal|p2a: Skeledirge|100\/100\n|move|p1a: Skeledirge|Torch Song|p2a: Skeledirge\n|-damage|p2a: Skeledirge|68\/100\n|-boost|p1a: Skeledirge|spa|1\n|\n|upkeep\n|turn|40\n|\n|t:|1700236404\n|move|p2a: Skeledirge|Torch Song|p1a: Skeledirge\n|-resisted|p1a: Skeledirge\n|-damage|p1a: Skeledirge|0 fnt\n|-boost|p2a: Skeledirge|spa|1\n|faint|p1a: Skeledirge\n|\n|upkeep\n|\n|t:|1700236411\n|switch|p1a: Ditto|Ditto, shiny|100\/100\n|-transform|p1a: Ditto|p2a: Skeledirge|[from] ability: Imposter\n|turn|41\n|\n|t:|1700236423\n|move|p1a: Ditto|Torch Song|p2a: Skeledirge\n|-damage|p2a: Skeledirge|44\/100\n|-boost|p1a: Ditto|spa|1\n|move|p2a: Skeledirge|Hex|p1a: Ditto\n|-supereffective|p1a: Ditto\n|-damage|p1a: Ditto|44\/100\n|\n|upkeep\n|turn|42\n|\n|t:|1700236442\n|move|p1a: Ditto|Torch Song|p2a: Skeledirge\n|-damage|p2a: Skeledirge|19\/100\n|-boost|p1a: Ditto|spa|1\n|move|p2a: Skeledirge|Slack Off|p2a: Skeledirge\n|-heal|p2a: Skeledirge|69\/100\n|\n|upkeep\n|turn|43\n|\n|t:|1700236451\n|move|p1a: Ditto|Torch Song|p2a: Skeledirge\n|-damage|p2a: Skeledirge|47\/100\n|-boost|p1a: Ditto|spa|1\n|move|p2a: Skeledirge|Hex|p1a: Ditto\n|-supereffective|p1a: Ditto\n|-damage|p1a: Ditto|0 fnt\n|faint|p1a: Ditto\n|\n|upkeep\n|\n|t:|1700236458\n|switch|p1a: Kingambit|Kingambit, M|100\/100\n|turn|44\n|\n|t:|1700236467\n|move|p2a: Skeledirge|Will-O-Wisp|p1a: Kingambit\n|-status|p1a: Kingambit|brn\n|move|p1a: Kingambit|Iron Head|p2a: Skeledirge\n|-supereffective|p2a: Skeledirge\n|-damage|p2a: Skeledirge|14\/100\n|\n|-damage|p1a: Kingambit|94\/100 brn|[from] brn\n|upkeep\n|turn|45\n|\n|t:|1700236475\n|move|p1a: Kingambit|Sucker Punch|p2a: Skeledirge\n|-resisted|p2a: Skeledirge\n|-damage|p2a: Skeledirge|6\/100\n|move|p2a: Skeledirge|Torch Song|p1a: Kingambit\n|-supereffective|p1a: Kingambit\n|-damage|p1a: Kingambit|0 fnt\n|-boost|p2a: Skeledirge|spa|1\n|faint|p1a: Kingambit\n|\n|win|like witi\n|l|\u2606erthyu\n","uploadtime":1700236664,"views":9,"p1id":"erthyu","p2id":"likewiti","formatid":"gen9ou","rating":0,"private":0,"password":""}