{"id":"gen9ou-1993323704","p1":"fbcbx","p2":"Terijoki","format":"[Gen 9] OU","log":"|j|\u2606fbcbx\n|j|\u2606Terijoki\n|t:|1700298347\n|gametype|singles\n|player|p1|fbcbx|101|1079\n|player|p2|Terijoki|102|1113\n|teamsize|p1|6\n|teamsize|p2|6\n|gen|9\n|tier|[Gen 9] OU\n|rated|\n|rule|Sleep Clause Mod: Limit one foe put to sleep\n|rule|Species Clause: Limit one of each Pok\u00e9mon\n|rule|OHKO Clause: OHKO moves are banned\n|rule|Evasion Items Clause: Evasion items are banned\n|rule|Evasion Moves Clause: Evasion moves are banned\n|rule|Endless Battle Clause: Forcing endless battles is banned\n|rule|HP Percentage Mod: HP is shown in percentages\n|clearpoke\n|poke|p1|Ambipom, F|\n|poke|p1|Sneasler, F|\n|poke|p1|Dragapult, M|\n|poke|p1|Hatterene, F|\n|poke|p1|Heatran, F|\n|poke|p1|Blissey, F|\n|poke|p2|Cyclizar, F|\n|poke|p2|Tornadus-Therian, M|\n|poke|p2|Toxapex, M|\n|poke|p2|Slowking-Galar, M|\n|poke|p2|Alomomola, F|\n|poke|p2|Mienshao, M|\n|teampreview\n|\n|t:|1700298359\n|start\n|switch|p1a: Dragapult|Dragapult, M|100\/100\n|switch|p2a: Toxapex|Toxapex, M|100\/100\n|turn|1\n|\n|t:|1700298365\n|move|p1a: Dragapult|U-turn|p2a: Toxapex\n|-resisted|p2a: Toxapex\n|-damage|p2a: Toxapex|90\/100\n|inactive|Battle timer is ON: inactive players will automatically lose when time's up. (requested by fbcbx)\n|\n|t:|1700298367\n|switch|p1a: Hatterene|Hatterene, F|100\/100|[from] U-turn\n|move|p2a: Toxapex|Toxic Spikes|p1a: Hatterene\n|move|p1a: Hatterene|Toxic Spikes|p2a: Toxapex|[from]ability: Magic Bounce\n|-sidestart|p2: Terijoki|move: Toxic Spikes\n|\n|-heal|p2a: Toxapex|96\/100|[from] item: Black Sludge\n|upkeep\n|turn|2\n|\n|t:|1700298377\n|switch|p2a: Slowking|Slowking-Galar, M|100\/100\n|-sideend|p2: Terijoki|move: Toxic Spikes|[of] p2a: Slowking\n|move|p1a: Hatterene|Calm Mind|p1a: Hatterene\n|-boost|p1a: Hatterene|spa|1\n|-boost|p1a: Hatterene|spd|1\n|\n|upkeep\n|turn|3\n|\n|t:|1700298392\n|switch|p2a: Cyclizar|Cyclizar, F|100\/100\n|move|p1a: Hatterene|Psychic|p2a: Cyclizar\n|-damage|p2a: Cyclizar|0 fnt\n|faint|p2a: Cyclizar\n|-damage|p1a: Hatterene|91\/100|[from] item: Life Orb\n|\n|upkeep\n|\n|t:|1700298400\n|switch|p2a: Mienshao|Mienshao, M|100\/100\n|turn|4\n|\n|t:|1700298413\n|move|p2a: Mienshao|U-turn|p1a: Hatterene\n|-damage|p1a: Hatterene|51\/100\n|\n|t:|1700298421\n|switch|p2a: Slowking|Slowking-Galar, M|100\/100|[from] U-turn\n|move|p1a: Hatterene|Draining Kiss|p2a: Slowking\n|-resisted|p2a: Slowking\n|-damage|p2a: Slowking|83\/100\n|-heal|p1a: Hatterene|67\/100|[from] drain|[of] p2a: Slowking\n|-damage|p1a: Hatterene|58\/100|[from] item: Life Orb\n|\n|-heal|p2a: Slowking|89\/100|[from] item: Black Sludge\n|upkeep\n|turn|5\n|\n|t:|1700298431\n|move|p2a: Slowking|Sludge Bomb|p1a: Hatterene\n|-supereffective|p1a: Hatterene\n|-damage|p1a: Hatterene|9\/100\n|move|p1a: Hatterene|Psychic|p2a: Slowking\n|-damage|p2a: Slowking|33\/100\n|-damage|p1a: Hatterene|0 fnt|[from] item: Life Orb\n|faint|p1a: Hatterene\n|\n|-heal|p2a: Slowking|39\/100|[from] item: Black Sludge\n|upkeep\n|\n|t:|1700298436\n|switch|p1a: Dragapult|Dragapult, M|100\/100\n|turn|6\n|\n|t:|1700298443\n|switch|p2a: Alomomola|Alomomola, F|100\/100\n|move|p1a: Dragapult|Dragon Darts|p2a: Alomomola\n|-damage|p2a: Alomomola|81\/100\n|-anim|p1a: Dragapult|Dragon Darts|p2a: Alomomola\n|-damage|p2a: Alomomola|61\/100\n|\n|upkeep\n|turn|7\n|\n|t:|1700298453\n|switch|p1a: Blissey|Blissey, F|100\/100\n|move|p2a: Alomomola|Flip Turn|p1a: Blissey\n|-damage|p1a: Blissey|87\/100\n|\n|t:|1700298458\n|switch|p2a: Mienshao|Mienshao, M|100\/100|[from] Flip Turn\n|\n|-heal|p1a: Blissey|93\/100|[from] item: Leftovers\n|upkeep\n|turn|8\n|\n|t:|1700298470\n|move|p2a: Mienshao|Knock Off|p1a: Blissey\n|-damage|p1a: Blissey|54\/100\n|-enditem|p1a: Blissey|Leftovers|[from] move: Knock Off|[of] p2a: Mienshao\n|move|p1a: Blissey|Thunder Wave|p2a: Mienshao|[miss]\n|-miss|p1a: Blissey|p2a: Mienshao\n|\n|upkeep\n|turn|9\n|\n|t:|1700298482\n|switch|p2a: Alomomola|Alomomola, F|94\/100\n|move|p1a: Blissey|Soft-Boiled|p1a: Blissey\n|-heal|p1a: Blissey|100\/100\n|\n|upkeep\n|turn|10\n|\n|t:|1700298488\n|move|p1a: Blissey|Thunder Wave|p2a: Alomomola\n|-status|p2a: Alomomola|par\n|move|p2a: Alomomola|Flip Turn|p1a: Blissey\n|-damage|p1a: Blissey|85\/100\n|\n|t:|1700298494\n|switch|p2a: Mienshao|Mienshao, M|100\/100|[from] Flip Turn\n|\n|upkeep\n|turn|11\n|\n|t:|1700298499\n|switch|p1a: Dragapult|Dragapult, M|100\/100\n|move|p2a: Mienshao|Close Combat|p1a: Dragapult\n|-immune|p1a: Dragapult\n|\n|upkeep\n|turn|12\n|\n|t:|1700298505\n|switch|p2a: Alomomola|Alomomola, F|100\/100 par\n|move|p1a: Dragapult|Dragon Darts|p2a: Alomomola\n|-damage|p2a: Alomomola|80\/100 par\n|-anim|p1a: Dragapult|Dragon Darts|p2a: Alomomola\n|-damage|p2a: Alomomola|61\/100 par\n|\n|upkeep\n|turn|13\n|\n|t:|1700298513\n|move|p1a: Dragapult|Dragon Darts|p2a: Alomomola\n|-damage|p2a: Alomomola|42\/100 par\n|-anim|p1a: Dragapult|Dragon Darts|p2a: Alomomola\n|-damage|p2a: Alomomola|23\/100 par\n|move|p2a: Alomomola|Flip Turn|p1a: Dragapult\n|-resisted|p1a: Dragapult\n|-damage|p1a: Dragapult|90\/100\n|\n|t:|1700298531\n|switch|p2a: Toxapex|Toxapex, M|100\/100|[from] Flip Turn\n|\n|upkeep\n|turn|14\n|\n|t:|1700298535\n|switch|p1a: Blissey|Blissey, F|85\/100\n|move|p2a: Toxapex|Toxic Spikes|p1a: Blissey\n|-sidestart|p1: fbcbx|move: Toxic Spikes\n|\n|upkeep\n|turn|15\n|\n|t:|1700298540\n|move|p1a: Blissey|Thunder Wave|p2a: Toxapex\n|-status|p2a: Toxapex|par\n|cant|p2a: Toxapex|par\n|\n|upkeep\n|turn|16\n|\n|t:|1700298545\n|move|p1a: Blissey|Seismic Toss|p2a: Toxapex\n|-damage|p2a: Toxapex|68\/100 par\n|move|p2a: Toxapex|Toxic Spikes|p1a: Blissey\n|-sidestart|p1: fbcbx|move: Toxic Spikes\n|\n|-heal|p2a: Toxapex|74\/100 par|[from] item: Black Sludge\n|upkeep\n|turn|17\n|\n|t:|1700298561\n|switch|p2a: Mienshao|Mienshao, M|100\/100\n|move|p1a: Blissey|Seismic Toss|p2a: Mienshao\n|-damage|p2a: Mienshao|64\/100\n|\n|upkeep\n|turn|18\n|\n|t:|1700298568\n|move|p2a: Mienshao|U-turn|p1a: Blissey\n|-damage|p1a: Blissey|56\/100\n|\n|t:|1700298573\n|switch|p2a: Alomomola|Alomomola, F|56\/100 par|[from] U-turn\n|move|p1a: Blissey|Thunder Wave|p2a: Alomomola\n|-fail|p2a: Alomomola|par\n|\n|upkeep\n|turn|19\n|\n|t:|1700298579\n|move|p1a: Blissey|Seismic Toss|p2a: Alomomola\n|-damage|p2a: Alomomola|37\/100 par\n|move|p2a: Alomomola|Flip Turn|p1a: Blissey\n|-damage|p1a: Blissey|43\/100\n|\n|t:|1700298585\n|switch|p2a: Mienshao|Mienshao, M|97\/100|[from] Flip Turn\n|\n|upkeep\n|turn|20\n|\n|t:|1700298589\n|switch|p1a: Dragapult|Dragapult, M|90\/100\n|-status|p1a: Dragapult|tox\n|move|p2a: Mienshao|Knock Off|p1a: Dragapult\n|-supereffective|p1a: Dragapult\n|-damage|p1a: Dragapult|0 fnt\n|-enditem|p1a: Dragapult|Choice Band|[from] move: Knock Off|[of] p2a: Mienshao\n|faint|p1a: Dragapult\n|\n|upkeep\n|\n|t:|1700298591\n|switch|p1a: Sneasler|Sneasler, F, shiny|100\/100\n|-sideend|p1: fbcbx|move: Toxic Spikes|[of] p1a: Sneasler\n|turn|21\n|\n|t:|1700298612\n|switch|p2a: Alomomola|Alomomola, F|71\/100 par\n|move|p1a: Sneasler|Lash Out|p2a: Alomomola\n|-damage|p2a: Alomomola|46\/100 par\n|\n|upkeep\n|turn|22\n|\n|t:|1700298622\n|switch|p1a: Blissey|Blissey, F|43\/100\n|move|p2a: Alomomola|Flip Turn|p1a: Blissey\n|-damage|p1a: Blissey|30\/100\n|\n|t:|1700298628\n|switch|p2a: Mienshao|Mienshao, M|100\/100|[from] Flip Turn\n|\n|upkeep\n|turn|23\n|\n|t:|1700298633\n|move|p2a: Mienshao|Close Combat|p1a: Blissey\n|-supereffective|p1a: Blissey\n|-damage|p1a: Blissey|0 fnt\n|-unboost|p2a: Mienshao|def|1\n|-unboost|p2a: Mienshao|spd|1\n|faint|p1a: Blissey\n|\n|upkeep\n|\n|t:|1700298638\n|switch|p1a: Sneasler|Sneasler, F, shiny|100\/100\n|turn|24\n|\n|t:|1700298648\n|switch|p2a: Alomomola|Alomomola, F|80\/100 par\n|move|p1a: Sneasler|Close Combat|p2a: Alomomola\n|-damage|p2a: Alomomola|23\/100 par\n|-unboost|p1a: Sneasler|def|1\n|-unboost|p1a: Sneasler|spd|1\n|\n|upkeep\n|turn|25\n|\n|t:|1700298656\n|switch|p2a: Toxapex|Toxapex, M|100\/100 par\n|move|p1a: Sneasler|Close Combat|p2a: Toxapex\n|-resisted|p2a: Toxapex\n|-damage|p2a: Toxapex|69\/100 par\n|-unboost|p1a: Sneasler|def|1\n|-unboost|p1a: Sneasler|spd|1\n|\n|-heal|p2a: Toxapex|75\/100 par|[from] item: Black Sludge\n|upkeep\n|turn|26\n|\n|t:|1700298666\n|switch|p1a: Ambipom|Ambipom, F|100\/100\n|move|p2a: Toxapex|Hex|p1a: Ambipom\n|-immune|p1a: Ambipom\n|\n|-heal|p2a: Toxapex|81\/100 par|[from] item: Black Sludge\n|upkeep\n|turn|27\n|\n|t:|1700298675\n|move|p2a: Toxapex|Baneful Bunker|p2a: Toxapex\n|-singleturn|p2a: Toxapex|move: Protect\n|move|p1a: Ambipom|Double Hit|p2a: Toxapex\n|-activate|p2a: Toxapex|move: Protect\n|-status|p1a: Ambipom|psn\n|\n|-heal|p2a: Toxapex|87\/100 par|[from] item: Black Sludge\n|-damage|p1a: Ambipom|88\/100 psn|[from] psn\n|upkeep\n|turn|28\n|\n|t:|1700298685\n|move|p1a: Ambipom|Double Hit|p2a: Toxapex\n|-damage|p2a: Toxapex|66\/100 par\n|-damage|p2a: Toxapex|45\/100 par\n|-hitcount|p2a: Toxapex|2\n|move|p2a: Toxapex|Hex|p1a: Ambipom\n|-immune|p1a: Ambipom\n|\n|-heal|p2a: Toxapex|51\/100 par|[from] item: Black Sludge\n|-damage|p1a: Ambipom|76\/100 psn|[from] psn\n|upkeep\n|turn|29\n|\n|t:|1700298702\n|switch|p1a: Heatran|Heatran, F|100\/100\n|move|p2a: Toxapex|Recover|p2a: Toxapex\n|-heal|p2a: Toxapex|100\/100 par\n|\n|upkeep\n|turn|30\n|\n|t:|1700298712\n|switch|p2a: Alomomola|Alomomola, F|56\/100 par\n|move|p1a: Heatran|Earth Power|p2a: Alomomola\n|-damage|p2a: Alomomola|17\/100 par\n|\n|upkeep\n|turn|31\n|\n|t:|1700298720\n|cant|p2a: Alomomola|par\n|move|p1a: Heatran|Earth Power|p2a: Alomomola\n|-damage|p2a: Alomomola|0 fnt\n|faint|p2a: Alomomola\n|\n|upkeep\n|\n|t:|1700298726\n|switch|p2a: Mienshao|Mienshao, M|100\/100\n|turn|32\n|\n|t:|1700298729\n|switch|p1a: Sneasler|Sneasler, F, shiny|100\/100\n|move|p2a: Mienshao|Close Combat|p1a: Sneasler\n|-resisted|p1a: Sneasler\n|-damage|p1a: Sneasler|23\/100\n|-unboost|p2a: Mienshao|def|1\n|-unboost|p2a: Mienshao|spd|1\n|\n|upkeep\n|turn|33\n|\n|t:|1700298741\n|switch|p2a: Slowking|Slowking-Galar, M|73\/100\n|move|p1a: Sneasler|Lash Out|p2a: Slowking\n|-supereffective|p2a: Slowking\n|-damage|p2a: Slowking|0 fnt\n|faint|p2a: Slowking\n|\n|upkeep\n|\n|t:|1700298750\n|switch|p2a: Tornadus|Tornadus-Therian, M|100\/100\n|turn|34\n|\n|t:|1700298757\n|move|p2a: Tornadus|Heat Wave|p1a: Sneasler|[miss]\n|-miss|p2a: Tornadus|p1a: Sneasler\n|move|p1a: Sneasler|Lash Out|p2a: Tornadus\n|-damage|p2a: Tornadus|46\/100\n|\n|upkeep\n|turn|35\n|\n|t:|1700298763\n|switch|p1a: Heatran|Heatran, F|100\/100\n|move|p2a: Tornadus|Heat Wave|p1a: Heatran\n|-start|p1a: Heatran|ability: Flash Fire\n|\n|upkeep\n|turn|36\n|\n|t:|1700298769\n|switch|p2a: Toxapex|Toxapex, M|100\/100 par\n|move|p1a: Heatran|Magma Storm|p2a: Toxapex\n|-resisted|p2a: Toxapex\n|-damage|p2a: Toxapex|45\/100 par\n|-activate|p2a: Toxapex|move: Magma Storm|[of] p1a: Heatran\n|\n|-heal|p2a: Toxapex|51\/100 par|[from] item: Black Sludge\n|-damage|p2a: Toxapex|39\/100 par|[from] move: Magma Storm|[partiallytrapped]\n|upkeep\n|turn|37\n|\n|t:|1700298786\n|-terastallize|p1a: Heatran|Fire\n|move|p1a: Heatran|Magma Storm|p2a: Toxapex|[miss]\n|-miss|p1a: Heatran|p2a: Toxapex\n|move|p2a: Toxapex|Hex|p1a: Heatran\n|-damage|p1a: Heatran|92\/100\n|\n|-heal|p2a: Toxapex|45\/100 par|[from] item: Black Sludge\n|-damage|p2a: Toxapex|33\/100 par|[from] move: Magma Storm|[partiallytrapped]\n|upkeep\n|turn|38\n|\n|t:|1700298795\n|move|p1a: Heatran|Magma Storm|p2a: Toxapex\n|-resisted|p2a: Toxapex\n|-damage|p2a: Toxapex|0 fnt\n|faint|p2a: Toxapex\n|\n|upkeep\n|\n|t:|1700298799\n|switch|p2a: Mienshao|Mienshao, M|100\/100\n|turn|39\n|\n|t:|1700298805\n|move|p2a: Mienshao|Close Combat|p1a: Heatran\n|-damage|p1a: Heatran|20\/100\n|-unboost|p2a: Mienshao|def|1\n|-unboost|p2a: Mienshao|spd|1\n|move|p1a: Heatran|Magma Storm|p2a: Mienshao\n|-damage|p2a: Mienshao|0 fnt\n|faint|p2a: Mienshao\n|\n|upkeep\n|\n|t:|1700298813\n|switch|p2a: Tornadus|Tornadus-Therian, M|79\/100\n|turn|40\n|\n|t:|1700298825\n|-terastallize|p2a: Tornadus|Fire\n|move|p2a: Tornadus|Hurricane|p1a: Heatran\n|-damage|p1a: Heatran|0 fnt\n|faint|p1a: Heatran\n|-damage|p2a: Tornadus|69\/100|[from] item: Life Orb\n|\n|upkeep\n|\n|t:|1700298830\n|switch|p1a: Sneasler|Sneasler, F, shiny|23\/100\n|turn|41\n|\n|t:|1700298835\n|move|p2a: Tornadus|Heat Wave|p1a: Sneasler\n|-damage|p1a: Sneasler|0 fnt\n|faint|p1a: Sneasler\n|-damage|p2a: Tornadus|59\/100|[from] item: Life Orb\n|\n|upkeep\n|\n|t:|1700298838\n|switch|p1a: Ambipom|Ambipom, F|76\/100 psn\n|turn|42\n|\n|t:|1700298843\n|move|p2a: Tornadus|Hurricane|p1a: Ambipom\n|-damage|p1a: Ambipom|0 fnt\n|faint|p1a: Ambipom\n|-damage|p2a: Tornadus|50\/100|[from] item: Life Orb\n|\n|win|Terijoki\n|raw|fbcbx's rating: 1079 &rarr; <strong>1059<\/strong><br \/>(-20 for losing)\n|raw|Terijoki's rating: 1113 &rarr; <strong>1136<\/strong><br \/>(+23 for winning)\n|c|\u2606Terijoki|gg\n|l|\u2606fbcbx\n","uploadtime":1700298895,"views":13,"p1id":"fbcbx","p2id":"terijoki","formatid":"gen9ou","rating":1059,"private":0,"password":""}