{"id":"gen9ou-1990899613","p1":"dresden_9","p2":"xxzfn","format":"[Gen 9] OU","log":"|j|\u2606dresden_9\n|j|\u2606xxzfn\n|t:|1700012910\n|gametype|singles\n|player|p1|dresden_9|harlequin|1577\n|player|p2|xxzfn|101|1541\n|teamsize|p1|6\n|teamsize|p2|6\n|gen|9\n|tier|[Gen 9] OU\n|rated|\n|rule|Sleep Clause Mod: Limit one foe put to sleep\n|rule|Species Clause: Limit one of each Pok\u00e9mon\n|rule|OHKO Clause: OHKO moves are banned\n|rule|Evasion Items Clause: Evasion items are banned\n|rule|Evasion Moves Clause: Evasion moves are banned\n|rule|Endless Battle Clause: Forcing endless battles is banned\n|rule|HP Percentage Mod: HP is shown in percentages\n|clearpoke\n|poke|p1|Samurott-Hisui, M|\n|poke|p1|Gholdengo|\n|poke|p1|Rillaboom, F|\n|poke|p1|Great Tusk|\n|poke|p1|Iron Moth|\n|poke|p1|Sneasler, F|\n|poke|p2|Dondozo, M|\n|poke|p2|Gholdengo|\n|poke|p2|Samurott-Hisui, M|\n|poke|p2|Landorus-Therian, M|\n|poke|p2|Maushold-Four|\n|poke|p2|Hoopa-Unbound|\n|teampreview\n|inactive|Battle timer is ON: inactive players will automatically lose when time's up. (requested by xxzfn)\n|\n|t:|1700012921\n|start\n|switch|p1a: Samurott|Samurott-Hisui, M|100\/100\n|switch|p2a: Landorus|Landorus-Therian, M|100\/100\n|-ability|p2a: Landorus|Intimidate|boost\n|-unboost|p1a: Samurott|atk|1\n|turn|1\n|\n|t:|1700012929\n|move|p2a: Landorus|U-turn|p1a: Samurott\n|-supereffective|p1a: Samurott\n|-damage|p1a: Samurott|37\/100\n|\n|t:|1700012931\n|switch|p2a: Samurott|Samurott-Hisui, M|100\/100|[from] U-turn\n|move|p1a: Samurott|Razor Shell|p2a: Samurott\n|-resisted|p2a: Samurott\n|-damage|p2a: Samurott|79\/100\n|\n|upkeep\n|turn|2\n|\n|t:|1700012940\n|move|p2a: Samurott|Ceaseless Edge|p1a: Samurott\n|-resisted|p1a: Samurott\n|-damage|p1a: Samurott|6\/100\n|-sidestart|p1: dresden_9|Spikes\n|move|p1a: Samurott|Ceaseless Edge|p2a: Samurott\n|-resisted|p2a: Samurott\n|-damage|p2a: Samurott|60\/100\n|-sidestart|p2: xxzfn|Spikes\n|\n|upkeep\n|turn|3\n|\n|t:|1700012949\n|move|p2a: Samurott|Ceaseless Edge|p1a: Samurott\n|-resisted|p1a: Samurott\n|-damage|p1a: Samurott|0 fnt\n|-sidestart|p1: dresden_9|Spikes\n|faint|p1a: Samurott\n|\n|upkeep\n|\n|t:|1700012956\n|switch|p1a: Rillaboom|Rillaboom, F|100\/100\n|-damage|p1a: Rillaboom|84\/100|[from] Spikes\n|-fieldstart|move: Grassy Terrain|[from] ability: Grassy Surge|[of] p1a: Rillaboom\n|turn|4\n|\n|t:|1700012967\n|switch|p2a: Landorus|Landorus-Therian, M|100\/100\n|-ability|p2a: Landorus|Intimidate|boost\n|-unboost|p1a: Rillaboom|atk|1\n|move|p1a: Rillaboom|U-turn|p2a: Landorus\n|-resisted|p2a: Landorus\n|-damage|p2a: Landorus|87\/100\n|\n|t:|1700012973\n|switch|p1a: Great Tusk|Great Tusk|100\/100|[from] U-turn\n|-damage|p1a: Great Tusk|84\/100|[from] Spikes\n|-enditem|p1a: Great Tusk|Booster Energy\n|-activate|p1a: Great Tusk|ability: Protosynthesis|[fromitem]\n|-start|p1a: Great Tusk|protosynthesisatk\n|\n|-heal|p1a: Great Tusk|90\/100|[from] Grassy Terrain\n|upkeep\n|turn|5\n|\n|t:|1700012986\n|move|p2a: Landorus|U-turn|p1a: Great Tusk\n|-resisted|p1a: Great Tusk\n|-crit|p1a: Great Tusk\n|-damage|p1a: Great Tusk|78\/100\n|\n|t:|1700012988\n|switch|p2a: Samurott|Samurott-Hisui, M|60\/100|[from] U-turn\n|-damage|p2a: Samurott|48\/100|[from] Spikes\n|move|p1a: Great Tusk|Ice Spinner|p2a: Samurott\n|-resisted|p2a: Samurott\n|-damage|p2a: Samurott|20\/100\n|-fieldend|move: Grassy Terrain\n|\n|upkeep\n|turn|6\n|\n|t:|1700012999\n|move|p2a: Samurott|Razor Shell|p1a: Great Tusk\n|-supereffective|p1a: Great Tusk\n|-damage|p1a: Great Tusk|10\/100\n|move|p1a: Great Tusk|Rapid Spin|p2a: Samurott\n|-damage|p2a: Samurott|0 fnt\n|-boost|p1a: Great Tusk|spe|1\n|-sideend|p1: dresden_9|Spikes|[from] move: Rapid Spin|[of] p1a: Great Tusk\n|faint|p2a: Samurott\n|\n|upkeep\n|\n|t:|1700013006\n|switch|p2a: Landorus|Landorus-Therian, M|87\/100\n|-ability|p2a: Landorus|Intimidate|boost\n|-unboost|p1a: Great Tusk|atk|1\n|turn|7\n|\n|t:|1700013015\n|move|p2a: Landorus|Earthquake|p1a: Great Tusk\n|-damage|p1a: Great Tusk|0 fnt\n|faint|p1a: Great Tusk\n|-end|p1a: Great Tusk|Protosynthesis|[silent]\n|\n|upkeep\n|\n|t:|1700013023\n|switch|p1a: Gholdengo|Gholdengo|100\/100\n|-item|p1a: Gholdengo|Air Balloon\n|turn|8\n|\n|t:|1700013033\n|switch|p2a: Hoopa|Hoopa-Unbound|100\/100\n|-damage|p2a: Hoopa|88\/100|[from] Spikes\n|move|p1a: Gholdengo|Shadow Ball|p2a: Hoopa\n|-damage|p2a: Hoopa|45\/100\n|\n|upkeep\n|turn|9\n|\n|t:|1700013055\n|-terastallize|p1a: Gholdengo|Flying\n|move|p2a: Hoopa|Psychic|p1a: Gholdengo\n|-damage|p1a: Gholdengo|60\/100\n|-enditem|p1a: Gholdengo|Air Balloon\n|move|p1a: Gholdengo|Make It Rain|p2a: Hoopa\n|-damage|p2a: Hoopa|0 fnt\n|-unboost|p1a: Gholdengo|spa|1\n|faint|p2a: Hoopa\n|\n|upkeep\n|\n|t:|1700013062\n|switch|p2a: Maushold|Maushold-Four|100\/100\n|-damage|p2a: Maushold|88\/100|[from] Spikes\n|turn|10\n|\n|t:|1700013068\n|move|p2a: Maushold|Tidy Up|p2a: Maushold\n|-sideend|p2: xxzfn|Spikes\n|-activate|p2a: Maushold|move: Tidy Up\n|-boost|p2a: Maushold|atk|1\n|-boost|p2a: Maushold|spe|1\n|move|p1a: Gholdengo|Make It Rain|p2a: Maushold\n|-damage|p2a: Maushold|16\/100\n|-unboost|p1a: Gholdengo|spa|1\n|\n|upkeep\n|turn|11\n|\n|t:|1700013078\n|move|p2a: Maushold|Population Bomb|p1a: Gholdengo\n|-damage|p1a: Gholdengo|45\/100\n|-damage|p1a: Gholdengo|31\/100\n|-damage|p1a: Gholdengo|16\/100\n|-damage|p1a: Gholdengo|0 fnt\n|faint|p1a: Gholdengo\n|-hitcount|p1: Gholdengo|4\n|\n|upkeep\n|\n|t:|1700013081\n|switch|p1a: Rillaboom|Rillaboom, F|84\/100\n|-fieldstart|move: Grassy Terrain|[from] ability: Grassy Surge|[of] p1a: Rillaboom\n|turn|12\n|\n|t:|1700013085\n|switch|p2a: Landorus|Landorus-Therian, M|87\/100\n|-ability|p2a: Landorus|Intimidate|boost\n|-unboost|p1a: Rillaboom|atk|1\n|move|p1a: Rillaboom|Grassy Glide|p2a: Landorus\n|-damage|p2a: Landorus|49\/100\n|\n|-heal|p1a: Rillaboom|90\/100|[from] Grassy Terrain\n|upkeep\n|turn|13\n|\n|t:|1700013094\n|switch|p1a: Sneasler|Sneasler, F|100\/100\n|-enditem|p1a: Sneasler|Grassy Seed\n|-boost|p1a: Sneasler|def|1|[from] item: Grassy Seed\n|move|p2a: Landorus|U-turn|p1a: Sneasler\n|-resisted|p1a: Sneasler\n|-damage|p1a: Sneasler|93\/100\n|\n|t:|1700013101\n|switch|p2a: Dondozo|Dondozo, M|100\/100|[from] U-turn\n|\n|-heal|p1a: Sneasler|99\/100|[from] Grassy Terrain\n|upkeep\n|turn|14\n|\n|t:|1700013106\n|move|p1a: Sneasler|Dire Claw|p2a: Dondozo\n|-damage|p2a: Dondozo|73\/100\n|move|p2a: Dondozo|Curse|p2a: Dondozo\n|-unboost|p2a: Dondozo|spe|1\n|-boost|p2a: Dondozo|atk|1\n|-boost|p2a: Dondozo|def|1\n|\n|-heal|p1a: Sneasler|100\/100|[from] Grassy Terrain\n|-heal|p2a: Dondozo|79\/100|[from] Grassy Terrain\n|-heal|p2a: Dondozo|85\/100|[from] item: Leftovers\n|upkeep\n|turn|15\n|\n|t:|1700013117\n|move|p1a: Sneasler|Dire Claw|p2a: Dondozo\n|-damage|p2a: Dondozo|65\/100\n|-status|p2a: Dondozo|psn\n|move|p2a: Dondozo|Curse|p2a: Dondozo\n|-unboost|p2a: Dondozo|spe|1\n|-boost|p2a: Dondozo|atk|1\n|-boost|p2a: Dondozo|def|1\n|\n|-heal|p2a: Dondozo|71\/100 psn|[from] Grassy Terrain\n|-heal|p2a: Dondozo|78\/100 psn|[from] item: Leftovers\n|-damage|p2a: Dondozo|65\/100 psn|[from] psn\n|upkeep\n|turn|16\n|\n|t:|1700013139\n|move|p1a: Sneasler|Acrobatics|p2a: Dondozo\n|-damage|p2a: Dondozo|52\/100 psn\n|move|p2a: Dondozo|Rest|p2a: Dondozo\n|-status|p2a: Dondozo|slp|[from] move: Rest\n|-heal|p2a: Dondozo|100\/100 slp|[silent]\n|\n|-fieldend|move: Grassy Terrain\n|upkeep\n|turn|17\n|\n|t:|1700013148\n|switch|p1a: Rillaboom|Rillaboom, F|90\/100\n|-fieldstart|move: Grassy Terrain|[from] ability: Grassy Surge|[of] p1a: Rillaboom\n|cant|p2a: Dondozo|slp\n|move|p2a: Dondozo|Sleep Talk|p2a: Dondozo\n|move|p2a: Dondozo|Rest||[from]move: Sleep Talk|[still]\n|-fail|p2a: Dondozo\n|\n|-heal|p1a: Rillaboom|96\/100|[from] Grassy Terrain\n|upkeep\n|turn|18\n|\n|t:|1700013158\n|-terastallize|p2a: Dondozo|Dragon\n|move|p1a: Rillaboom|Wood Hammer|p2a: Dondozo\n|-resisted|p2a: Dondozo\n|-damage|p2a: Dondozo|82\/100 slp\n|-damage|p1a: Rillaboom|88\/100|[from] Recoil\n|cant|p2a: Dondozo|slp\n|move|p2a: Dondozo|Sleep Talk|p2a: Dondozo\n|move|p2a: Dondozo|Curse|p2a: Dondozo|[from]move: Sleep Talk\n|-unboost|p2a: Dondozo|spe|1\n|-boost|p2a: Dondozo|atk|1\n|-boost|p2a: Dondozo|def|1\n|\n|-heal|p1a: Rillaboom|94\/100|[from] Grassy Terrain\n|-heal|p2a: Dondozo|89\/100 slp|[from] Grassy Terrain\n|-heal|p2a: Dondozo|95\/100 slp|[from] item: Leftovers\n|upkeep\n|turn|19\n|\n|t:|1700013173\n|switch|p1a: Iron Moth|Iron Moth|100\/100\n|-enditem|p1a: Iron Moth|Booster Energy\n|-activate|p1a: Iron Moth|ability: Quark Drive|[fromitem]\n|-start|p1a: Iron Moth|quarkdrivespe\n|-curestatus|p2a: Dondozo|slp|[msg]\n|move|p2a: Dondozo|Tera Blast|p1a: Iron Moth|[anim] Tera Blast Dragon\n|-damage|p1a: Iron Moth|0 fnt\n|faint|p1a: Iron Moth\n|-end|p1a: Iron Moth|Quark Drive|[silent]\n|\n|-heal|p2a: Dondozo|100\/100|[from] Grassy Terrain\n|upkeep\n|-message|dresden_9 forfeited.\n|\n|win|xxzfn\n|raw|dresden_9's rating: 1577 &rarr; <strong>1555<\/strong><br \/>(-22 for losing)\n|raw|xxzfn's rating: 1541 &rarr; <strong>1563<\/strong><br \/>(+22 for winning)\n|l|\u2606dresden_9\n|l|\u2606xxzfn\n","uploadtime":1700013412,"views":13,"p1id":"dresden9","p2id":"xxzfn","formatid":"gen9ou","rating":1555,"private":0,"password":""}