{"id":"gen9ou-1994321382","p1":"It's GG mate","p2":"Novice by Nature","format":"[Gen 9] OU","log":"|j|\u2606It's GG mate\n|j|\u2606Novice by Nature\n|inactive|Battle timer is ON: inactive players will automatically lose when time's up.\n|t:|1700430872\n|gametype|singles\n|player|p1|It's GG mate|lance-gen1rb|\n|player|p2|Novice by Nature|yellow|\n|teamsize|p1|6\n|teamsize|p2|6\n|gen|9\n|tier|[Gen 9] OU\n|rated|Tournament battle\n|rule|Sleep Clause Mod: Limit one foe put to sleep\n|rule|Species Clause: Limit one of each Pok\u00e9mon\n|rule|OHKO Clause: OHKO moves are banned\n|rule|Evasion Items Clause: Evasion items are banned\n|rule|Evasion Moves Clause: Evasion moves are banned\n|rule|Endless Battle Clause: Forcing endless battles is banned\n|rule|HP Percentage Mod: HP is shown in percentages\n|clearpoke\n|poke|p1|Ribombee, M|\n|poke|p1|Kommo-o, F|\n|poke|p1|Iron Moth|\n|poke|p1|Ogerpon-Wellspring, F|\n|poke|p1|Gholdengo|\n|poke|p1|Landorus-Therian, M|\n|poke|p2|Ninetales-Alola, F|\n|poke|p2|Garchomp, F|\n|poke|p2|Kingambit, F|\n|poke|p2|Torterra, M|\n|poke|p2|Ting-Lu|\n|poke|p2|Weezing-Galar, F|\n|teampreview\n|j|*Lady Monita \u2746\n|j| BB-8-NU\n|j|#Daki\n|j| Kyekep\n|inactive|It's GG mate has 120 seconds left.\n|j| venson04\n|\n|t:|1700430913\n|start\n|switch|p1a: Ribombee|Ribombee, M|100\/100\n|switch|p2a: Ting-Lu|Ting-Lu|100\/100\n|-ability|p2a: Ting-Lu|Vessel of Ruin\n|turn|1\n|\n|t:|1700430922\n|move|p1a: Ribombee|Sticky Web|p2a: Ting-Lu\n|-sidestart|p2: Novice by Nature|move: Sticky Web\n|move|p2a: Ting-Lu|Spikes|p1a: Ribombee\n|-sidestart|p1: It's GG mate|Spikes\n|\n|upkeep\n|turn|2\n|\n|t:|1700430927\n|switch|p1a: Ogerpon|Ogerpon-Wellspring, F|100\/100\n|-damage|p1a: Ogerpon|88\/100|[from] Spikes\n|move|p2a: Ting-Lu|Spikes|p1a: Ogerpon\n|-sidestart|p1: It's GG mate|Spikes\n|\n|upkeep\n|turn|3\n|\n|t:|1700430936\n|move|p1a: Ogerpon|Ivy Cudgel|p2a: Ting-Lu|[anim] Ivy Cudgel Water\n|-supereffective|p2a: Ting-Lu\n|-damage|p2a: Ting-Lu|35\/100\n|move|p2a: Ting-Lu|Whirlwind|p1a: Ogerpon\n|drag|p1a: Ribombee|Ribombee, M|100\/100\n|-damage|p1a: Ribombee|84\/100|[from] Spikes\n|\n|-heal|p2a: Ting-Lu|41\/100|[from] item: Leftovers\n|upkeep\n|turn|4\n|\n|t:|1700430944\n|move|p1a: Ribombee|Moonblast|p2a: Ting-Lu\n|-supereffective|p2a: Ting-Lu\n|-damage|p2a: Ting-Lu|9\/100\n|move|p2a: Ting-Lu|Whirlwind|p1a: Ribombee\n|drag|p1a: Ogerpon|Ogerpon-Wellspring, F|88\/100\n|-damage|p1a: Ogerpon|72\/100|[from] Spikes\n|\n|-heal|p2a: Ting-Lu|15\/100|[from] item: Leftovers\n|upkeep\n|turn|5\n|\n|t:|1700430952\n|move|p1a: Ogerpon|Ivy Cudgel|p2a: Ting-Lu|[anim] Ivy Cudgel Water\n|-supereffective|p2a: Ting-Lu\n|-damage|p2a: Ting-Lu|0 fnt\n|faint|p2a: Ting-Lu\n|\n|upkeep\n|\n|t:|1700430954\n|switch|p2a: Weezing|Weezing-Galar, F|100\/100\n|turn|6\n|inactive|It's GG mate has 120 seconds left.\n|\n|t:|1700431009\n|switch|p1a: Gholdengo|Gholdengo|100\/100\n|-item|p1a: Gholdengo|Air Balloon\n|move|p2a: Weezing|Will-O-Wisp|p1a: Gholdengo\n|-immune|p1a: Gholdengo|[from] ability: Good as Gold\n|\n|upkeep\n|turn|7\n|inactive|It's GG mate has 90 seconds left.\n|\n|t:|1700431035\n|switch|p1a: Landorus|Landorus-Therian, M|100\/100\n|-ability|p1a: Landorus|Intimidate|boost\n|-unboost|p2a: Weezing|atk|1\n|-terastallize|p2a: Weezing|Water\n|move|p2a: Weezing|Defog|p1a: Landorus\n|-unboost|p1a: Landorus|evasion|1\n|-sideend|p1: It's GG mate|Spikes|[from] move: Defog|[of] p2a: Weezing\n|-sideend|p2: Novice by Nature|Sticky Web|[from] move: Defog|[of] p2a: Weezing\n|\n|upkeep\n|turn|8\n|inactive|It's GG mate has 90 seconds left.\n|\n|t:|1700431049\n|switch|p1a: Ribombee|Ribombee, M|84\/100\n|move|p2a: Weezing|Will-O-Wisp|p1a: Ribombee\n|-status|p1a: Ribombee|brn\n|\n|-damage|p1a: Ribombee|78\/100 brn|[from] brn\n|upkeep\n|turn|9\n|\n|t:|1700431055\n|move|p1a: Ribombee|Sticky Web|p2a: Weezing\n|-sidestart|p2: Novice by Nature|move: Sticky Web\n|move|p2a: Weezing|Strange Steam|p1a: Ribombee|[miss]\n|-miss|p2a: Weezing|p1a: Ribombee\n|\n|-damage|p1a: Ribombee|72\/100 brn|[from] brn\n|upkeep\n|turn|10\n|j| phan don\n|\n|t:|1700431059\n|move|p1a: Ribombee|Moonblast|p2a: Weezing\n|-damage|p2a: Weezing|41\/100\n|move|p2a: Weezing|Strange Steam|p1a: Ribombee\n|-damage|p1a: Ribombee|22\/100 brn\n|\n|-heal|p2a: Weezing|47\/100|[from] item: Leftovers\n|-damage|p1a: Ribombee|16\/100 brn|[from] brn\n|upkeep\n|turn|11\n|\n|t:|1700431064\n|move|p1a: Ribombee|Moonblast|p2a: Weezing\n|-damage|p2a: Weezing|0 fnt\n|faint|p2a: Weezing\n|\n|-damage|p1a: Ribombee|10\/100 brn|[from] brn\n|upkeep\n|\n|t:|1700431066\n|switch|p2a: Ninetales|Ninetales-Alola, F|100\/100\n|-activate|p2a: Ninetales|move: Sticky Web\n|-unboost|p2a: Ninetales|spe|1\n|-weather|Snow|[from] ability: Snow Warning|[of] p2a: Ninetales\n|turn|12\n|c|\u2606It's GG mate|unlucky mate\n|inactive|It's GG mate has 120 seconds left.\n|\n|t:|1700431080\n|move|p1a: Ribombee|Moonblast|p2a: Ninetales\n|-damage|p2a: Ninetales|59\/100\n|-unboost|p2a: Ninetales|spa|1\n|move|p2a: Ninetales|Aurora Veil|p2a: Ninetales\n|-sidestart|p2: Novice by Nature|move: Aurora Veil\n|\n|-weather|Snow|[upkeep]\n|-damage|p1a: Ribombee|4\/100 brn|[from] brn\n|upkeep\n|turn|13\n|inactive|It's GG mate has 120 seconds left.\n|\n|t:|1700431089\n|move|p1a: Ribombee|Moonblast|p2a: Ninetales\n|-damage|p2a: Ninetales|39\/100\n|move|p2a: Ninetales|Freeze-Dry|p1a: Ribombee\n|-damage|p1a: Ribombee|0 fnt\n|faint|p1a: Ribombee\n|\n|-weather|Snow|[upkeep]\n|upkeep\n|inactive|It's GG mate has 120 seconds left.\n|\n|t:|1700431100\n|switch|p1a: Iron Moth|Iron Moth|100\/100\n|-enditem|p1a: Iron Moth|Booster Energy\n|-activate|p1a: Iron Moth|ability: Quark Drive|[fromitem]\n|-start|p1a: Iron Moth|quarkdrivespa\n|turn|14\n|\n|t:|1700431105\n|move|p1a: Iron Moth|Substitute|p1a: Iron Moth\n|-start|p1a: Iron Moth|Substitute\n|-damage|p1a: Iron Moth|76\/100\n|move|p2a: Ninetales|Moonblast|p1a: Iron Moth\n|-resisted|p1a: Iron Moth\n|-activate|p1a: Iron Moth|move: Substitute|[damage]\n|\n|-weather|Snow|[upkeep]\n|upkeep\n|turn|15\n|\n|t:|1700431110\n|switch|p2a: Garchomp|Garchomp, F|100\/100\n|-activate|p2a: Garchomp|move: Sticky Web\n|-unboost|p2a: Garchomp|spe|1\n|move|p1a: Iron Moth|Fiery Dance|p2a: Garchomp\n|-resisted|p2a: Garchomp\n|-damage|p2a: Garchomp|86\/100\n|\n|-weather|Snow|[upkeep]\n|upkeep\n|turn|16\n|\n|t:|1700431115\n|-terastallize|p1a: Iron Moth|Fairy\n|move|p1a: Iron Moth|Dazzling Gleam|p2a: Garchomp\n|-supereffective|p2a: Garchomp\n|-crit|p2a: Garchomp\n|-damage|p2a: Garchomp|0 fnt\n|faint|p2a: Garchomp\n|\n|-weather|none\n|upkeep\n|\n|t:|1700431121\n|switch|p2a: Torterra|Torterra, M|100\/100\n|-activate|p2a: Torterra|move: Sticky Web\n|-unboost|p2a: Torterra|spe|1\n|turn|17\n|\n|t:|1700431125\n|move|p1a: Iron Moth|Fiery Dance|p2a: Torterra\n|-supereffective|p2a: Torterra\n|-damage|p2a: Torterra|32\/100\n|move|p2a: Torterra|Bullet Seed|p1a: Iron Moth\n|-end|p1a: Iron Moth|Substitute\n|-damage|p1a: Iron Moth|54\/100\n|-damage|p1a: Iron Moth|32\/100\n|-damage|p1a: Iron Moth|11\/100\n|-damage|p1a: Iron Moth|0 fnt\n|faint|p1a: Iron Moth\n|-end|p1a: Iron Moth|Quark Drive|[silent]\n|-hitcount|p1: Iron Moth|5\n|\n|upkeep\n|j| ChimpsAndChampions\n|l| ChimpsAndChampions\n|inactive|It's GG mate has 120 seconds left.\n|\n|t:|1700431167\n|switch|p1a: Gholdengo|Gholdengo|100\/100\n|-item|p1a: Gholdengo|Air Balloon\n|turn|18\n|j| NoTollsNoRolls\n|\n|t:|1700431171\n|move|p1a: Gholdengo|Make It Rain|p2a: Torterra\n|-damage|p2a: Torterra|0 fnt\n|-unboost|p1a: Gholdengo|spa|1\n|faint|p2a: Torterra\n|\n|upkeep\n|\n|t:|1700431174\n|switch|p2a: Kingambit|Kingambit, F|100\/100\n|-activate|p2a: Kingambit|move: Sticky Web\n|-unboost|p2a: Kingambit|spe|1\n|-activate|p2a: Kingambit|ability: Supreme Overlord\n|-start|p2a: Kingambit|fallen4|[silent]\n|turn|19\n|\n|t:|1700431180\n|switch|p1a: Landorus|Landorus-Therian, M|100\/100\n|-ability|p1a: Landorus|Intimidate|boost\n|-unboost|p2a: Kingambit|atk|1\n|move|p2a: Kingambit|Swords Dance|p2a: Kingambit\n|-boost|p2a: Kingambit|atk|2\n|\n|-sideend|p2: Novice by Nature|move: Aurora Veil\n|upkeep\n|turn|20\n|\n|t:|1700431188\n|move|p1a: Landorus|Earthquake|p2a: Kingambit\n|-supereffective|p2a: Kingambit\n|-damage|p2a: Kingambit|16\/100\n|move|p2a: Kingambit|Kowtow Cleave|p1a: Landorus\n|-damage|p1a: Landorus|0 fnt\n|faint|p1a: Landorus\n|\n|-heal|p2a: Kingambit|22\/100|[from] item: Leftovers\n|upkeep\n|\n|t:|1700431194\n|switch|p1a: Kommo-o|Kommo-o, F|100\/100\n|turn|21\n|\n|t:|1700431199\n|-end|p2a: Kingambit|fallen4|[silent]\n|switch|p2a: Ninetales|Ninetales-Alola, F|39\/100\n|-activate|p2a: Ninetales|move: Sticky Web\n|-unboost|p2a: Ninetales|spe|1\n|-weather|Snow|[from] ability: Snow Warning|[of] p2a: Ninetales\n|move|p1a: Kommo-o|Flamethrower|p2a: Ninetales\n|-supereffective|p2a: Ninetales\n|-damage|p2a: Ninetales|0 fnt\n|faint|p2a: Ninetales\n|\n|-weather|Snow|[upkeep]\n|upkeep\n|\n|t:|1700431206\n|switch|p2a: Kingambit|Kingambit, F|22\/100\n|-activate|p2a: Kingambit|move: Sticky Web\n|-unboost|p2a: Kingambit|spe|1\n|-activate|p2a: Kingambit|ability: Supreme Overlord\n|-start|p2a: Kingambit|fallen5|[silent]\n|turn|22\n|\n|t:|1700431211\n|move|p2a: Kingambit|Sucker Punch|p1a: Kommo-o\n|-resisted|p1a: Kommo-o\n|-damage|p1a: Kommo-o|70\/100\n|move|p1a: Kommo-o|Flamethrower|p2a: Kingambit\n|-supereffective|p2a: Kingambit\n|-damage|p2a: Kingambit|0 fnt\n|faint|p2a: Kingambit\n|-end|p2a: Kingambit|fallen5|[silent]\n|\n|win|It's GG mate\n|n|\u2606It's GG mate|itsggmate\n|n|\u2606Novice by Nature|novicebynature\n|n|*Lady Monita \u2746|ladymonita\n|n| BB-8-NU|bb8nu\n|n|%Daki|daki\n|n| Kyekep|kyekep\n|n| venson04|venson04\n|n| phan don|phandon\n|n| NoTollsNoRolls|notollsnorolls\n","uploadtime":1700431212,"views":13,"p1id":"itsggmate","p2id":"novicebynature","formatid":"gen9ou","rating":0,"private":0,"password":""}