{"id":"gen9ou-1991768392","p1":"CRIPPYwitdaGRIPPY","p2":"S3PP1","format":"[Gen 9] OU","log":"|j|\u2606CRIPPYwitdaGRIPPY\n|j|\u2606S3PP1\n|t:|1700113839\n|gametype|singles\n|player|p1|CRIPPYwitdaGRIPPY|caitlin|\n|player|p2|S3PP1|biker-gen4|\n|teamsize|p1|6\n|teamsize|p2|6\n|gen|9\n|tier|[Gen 9] OU\n|rule|Sleep Clause Mod: Limit one foe put to sleep\n|rule|Species Clause: Limit one of each Pok\u00e9mon\n|rule|OHKO Clause: OHKO moves are banned\n|rule|Evasion Items Clause: Evasion items are banned\n|rule|Evasion Moves Clause: Evasion moves are banned\n|rule|Endless Battle Clause: Forcing endless battles is banned\n|rule|HP Percentage Mod: HP is shown in percentages\n|clearpoke\n|poke|p1|Samurott-Hisui, F|\n|poke|p1|Walking Wake|\n|poke|p1|Skeledirge, M|\n|poke|p1|Sandy Shocks|\n|poke|p1|Pawmot, F|\n|poke|p1|Chesnaught, M|\n|poke|p2|Ceruledge, M|\n|poke|p2|Great Tusk|\n|poke|p2|Kleavor, M|\n|poke|p2|Jirachi|\n|poke|p2|Tinkaton, F|\n|poke|p2|Slowbro-Galar, M|\n|teampreview\n|inactive|Battle timer is ON: inactive players will automatically lose when time's up. (requested by S3PP1)\n|\n|t:|1700113849\n|start\n|switch|p1a: sarmurussy|Samurott-Hisui, F, shiny|100\/100\n|switch|p2a: Da Weird Unkle|Kleavor, M|100\/100\n|turn|1\n|\n|t:|1700113872\n|move|p2a: Da Weird Unkle|U-turn|p1a: sarmurussy\n|-supereffective|p1a: sarmurussy\n|-enditem|p1a: sarmurussy|Focus Sash\n|-damage|p1a: sarmurussy|1\/100\n|\n|t:|1700113886\n|switch|p2a: TwinkleTussy|Tinkaton, F|100\/100|[from] U-turn\n|-ability|p2a: TwinkleTussy|Mold Breaker\n|move|p1a: sarmurussy|Razor Shell|p2a: TwinkleTussy\n|-damage|p2a: TwinkleTussy|47\/100\n|-unboost|p2a: TwinkleTussy|def|1\n|\n|-heal|p2a: TwinkleTussy|53\/100|[from] item: Leftovers\n|upkeep\n|turn|2\n|\n|t:|1700113899\n|move|p2a: TwinkleTussy|Fake Out|p1a: sarmurussy\n|-damage|p1a: sarmurussy|0 fnt\n|faint|p1a: sarmurussy\n|\n|-heal|p2a: TwinkleTussy|59\/100|[from] item: Leftovers\n|upkeep\n|\n|t:|1700113915\n|switch|p1a: skeled1ck|Skeledirge, M|100\/100\n|turn|3\n|\n|t:|1700113929\n|move|p2a: TwinkleTussy|Knock Off|p1a: skeled1ck\n|-supereffective|p1a: skeled1ck\n|-damage|p1a: skeled1ck|68\/100\n|-enditem|p1a: skeled1ck|Heavy-Duty Boots|[from] move: Knock Off|[of] p2a: TwinkleTussy\n|move|p1a: skeled1ck|Fire Blast|p2a: TwinkleTussy\n|-supereffective|p2a: TwinkleTussy\n|-damage|p2a: TwinkleTussy|0 fnt\n|faint|p2a: TwinkleTussy\n|\n|upkeep\n|\n|t:|1700113937\n|switch|p2a: Da Weird Unkle|Kleavor, M|100\/100\n|turn|4\n|\n|t:|1700113951\n|move|p2a: Da Weird Unkle|Stone Axe|p1a: skeled1ck\n|-supereffective|p1a: skeled1ck\n|-damage|p1a: skeled1ck|0 fnt\n|-sidestart|p1: CRIPPYwitdaGRIPPY|move: Stealth Rock\n|faint|p1a: skeled1ck\n|\n|upkeep\n|\n|t:|1700113964\n|switch|p1a: walkingwalker|Walking Wake|100\/100\n|-damage|p1a: walkingwalker|88\/100|[from] Stealth Rock\n|turn|5\n|j| CrushMeGoodra\n|\n|t:|1700113990\n|move|p2a: Da Weird Unkle|Stone Axe|p1a: walkingwalker\n|-damage|p1a: walkingwalker|25\/100\n|move|p1a: walkingwalker|Hydro Steam|p2a: Da Weird Unkle\n|-supereffective|p2a: Da Weird Unkle\n|-damage|p2a: Da Weird Unkle|0 fnt\n|faint|p2a: Da Weird Unkle\n|\n|-heal|p1a: walkingwalker|31\/100|[from] item: Leftovers\n|upkeep\n|\n|t:|1700114000\n|switch|p2a: Me FRFR|Slowbro-Galar, M|100\/100\n|turn|6\n|-activate|p2a: Me FRFR|ability: Quick Draw\n|\n|t:|1700114010\n|-end|p1a: walkingwalker|Protosynthesis|[silent]\n|switch|p1a: sandy socks|Sandy Shocks|100\/100\n|move|p2a: Me FRFR|Shell Side Arm|p1a: sandy socks|[anim] Shell Side Arm Special\n|-resisted|p1a: sandy socks\n|-damage|p1a: sandy socks|82\/100\n|-hint|Special Shell Side Arm\n|\n|upkeep\n|turn|7\n|\n|t:|1700114025\n|switch|p2a: Blinker Fluid|Jirachi|100\/100\n|move|p1a: sandy socks|Earth Power|p2a: Blinker Fluid\n|-supereffective|p2a: Blinker Fluid\n|-damage|p2a: Blinker Fluid|0 fnt\n|faint|p2a: Blinker Fluid\n|\n|upkeep\n|inactive|S3PP1 has 270 seconds left.\n|\n|t:|1700114039\n|switch|p2a: Mid Tusk|Great Tusk|100\/100\n|-enditem|p2a: Mid Tusk|Booster Energy\n|-activate|p2a: Mid Tusk|ability: Protosynthesis|[fromitem]\n|-start|p2a: Mid Tusk|protosynthesisspe\n|turn|8\n|inactive|CRIPPYwitdaGRIPPY has 270 seconds left.\n|\n|t:|1700114081\n|-end|p1a: sandy socks|Protosynthesis|[silent]\n|switch|p1a: wood boi|Chesnaught, M, shiny|100\/100\n|-damage|p1a: wood boi|94\/100|[from] Stealth Rock\n|move|p2a: Mid Tusk|Bulk Up|p2a: Mid Tusk\n|-boost|p2a: Mid Tusk|atk|1\n|-boost|p2a: Mid Tusk|def|1\n|\n|-heal|p1a: wood boi|100\/100|[from] item: Leftovers\n|upkeep\n|turn|9\n|\n|t:|1700114095\n|move|p2a: Mid Tusk|Bulk Up|p2a: Mid Tusk\n|-boost|p2a: Mid Tusk|atk|1\n|-boost|p2a: Mid Tusk|def|1\n|move|p1a: wood boi|Wood Hammer|p2a: Mid Tusk\n|-supereffective|p2a: Mid Tusk\n|-damage|p2a: Mid Tusk|71\/100\n|-damage|p1a: wood boi|89\/100|[from] Recoil\n|\n|-heal|p1a: wood boi|95\/100|[from] item: Leftovers\n|upkeep\n|turn|10\n|\n|t:|1700114106\n|-terastallize|p2a: Mid Tusk|Ice\n|move|p2a: Mid Tusk|Ice Spinner|p1a: wood boi\n|-supereffective|p1a: wood boi\n|-damage|p1a: wood boi|15\/100\n|move|p1a: wood boi|Wood Hammer|p2a: Mid Tusk\n|-damage|p2a: Mid Tusk|57\/100\n|-damage|p1a: wood boi|9\/100|[from] Recoil\n|\n|-heal|p1a: wood boi|16\/100|[from] item: Leftovers\n|upkeep\n|turn|11\n|\n|t:|1700114123\n|move|p2a: Mid Tusk|Ice Spinner|p1a: wood boi\n|-supereffective|p1a: wood boi\n|-damage|p1a: wood boi|0 fnt\n|faint|p1a: wood boi\n|\n|upkeep\n|\n|t:|1700114141\n|switch|p1a: pawmussy|Pawmot, F|100\/100\n|-damage|p1a: pawmussy|94\/100|[from] Stealth Rock\n|turn|12\n|\n|t:|1700114155\n|move|p2a: Mid Tusk|Headlong Rush|p1a: pawmussy\n|-supereffective|p1a: pawmussy\n|-damage|p1a: pawmussy|0 fnt\n|-unboost|p2a: Mid Tusk|def|1\n|-unboost|p2a: Mid Tusk|spd|1\n|faint|p1a: pawmussy\n|\n|upkeep\n|\n|t:|1700114170\n|switch|p1a: walkingwalker|Walking Wake|31\/100\n|-damage|p1a: walkingwalker|19\/100|[from] Stealth Rock\n|turn|13\n|\n|t:|1700114181\n|move|p2a: Mid Tusk|Close Combat|p1a: walkingwalker\n|-damage|p1a: walkingwalker|0 fnt\n|-unboost|p2a: Mid Tusk|def|1\n|-unboost|p2a: Mid Tusk|spd|1\n|faint|p1a: walkingwalker\n|-end|p1a: walkingwalker|Protosynthesis|[silent]\n|\n|upkeep\n|\n|t:|1700114188\n|switch|p1a: sandy socks|Sandy Shocks|82\/100\n|turn|14\n|\n|t:|1700114196\n|move|p2a: Mid Tusk|Ice Spinner|p1a: sandy socks\n|-supereffective|p1a: sandy socks\n|-damage|p1a: sandy socks|0 fnt\n|faint|p1a: sandy socks\n|-end|p1a: sandy socks|Protosynthesis|[silent]\n|\n|win|S3PP1\n|l|\u2606CRIPPYwitdaGRIPPY\n|l| CrushMeGoodra\n","uploadtime":1700114229,"views":8,"p1id":"crippywitdagrippy","p2id":"s3pp1","formatid":"gen9ou","rating":0,"private":0,"password":""}