{"id":"gen9ou-1992357079","p1":"OkJuice42069","p2":"Quarters_OU","format":"[Gen 9] OU","log":"|j|\u2606OkJuice42069\n|j|\u2606Quarters_OU\n|t:|1700178272\n|gametype|singles\n|player|p1|OkJuice42069|policeman|1389\n|player|p2|Quarters_OU|caitlin|1362\n|teamsize|p1|6\n|teamsize|p2|6\n|gen|9\n|tier|[Gen 9] OU\n|rated|\n|rule|Sleep Clause Mod: Limit one foe put to sleep\n|rule|Species Clause: Limit one of each Pok\u00e9mon\n|rule|OHKO Clause: OHKO moves are banned\n|rule|Evasion Items Clause: Evasion items are banned\n|rule|Evasion Moves Clause: Evasion moves are banned\n|rule|Endless Battle Clause: Forcing endless battles is banned\n|rule|HP Percentage Mod: HP is shown in percentages\n|clearpoke\n|poke|p1|Cinderace, F|\n|poke|p1|Empoleon, F|\n|poke|p1|Slowking-Galar, F|\n|poke|p1|Pelipper, F|\n|poke|p1|Barraskewda, M|\n|poke|p1|Rillaboom, F|\n|poke|p2|Amoonguss, M|\n|poke|p2|Azumarill, F|\n|poke|p2|Gholdengo|\n|poke|p2|Dragapult, M|\n|poke|p2|Zapdos|\n|poke|p2|Great Tusk|\n|teampreview\n|\n|t:|1700178313\n|start\n|switch|p1a: Barraskewda|Barraskewda, M|100\/100\n|switch|p2a: Zapdos|Zapdos|100\/100\n|turn|1\n|\n|t:|1700178319\n|switch|p1a: Slowking|Slowking-Galar, F|100\/100\n|move|p2a: Zapdos|Volt Switch|p1a: Slowking\n|-damage|p1a: Slowking|85\/100\n|\n|t:|1700178324\n|switch|p2a: Dragapult|Dragapult, M|100\/100|[from] Volt Switch\n|\n|upkeep\n|turn|2\n|\n|t:|1700178336\n|switch|p1a: Empoleon|Empoleon, F|100\/100\n|-terastallize|p2a: Dragapult|Dragon\n|move|p2a: Dragapult|Dragon Darts|p1a: Empoleon\n|-resisted|p1a: Empoleon\n|-damage|p1a: Empoleon|75\/100\n|-anim|p2a: Dragapult|Dragon Darts|p1a: Empoleon\n|-resisted|p1a: Empoleon\n|-damage|p1a: Empoleon|48\/100\n|\n|-heal|p1a: Empoleon|54\/100|[from] item: Leftovers\n|upkeep\n|turn|3\n|\n|t:|1700178373\n|switch|p2a: Amoonguss|Amoonguss, M|100\/100\n|-terastallize|p1a: Empoleon|Fairy\n|move|p1a: Empoleon|Stealth Rock|p2a: Amoonguss\n|-sidestart|p2: Quarters_OU|move: Stealth Rock\n|\n|-heal|p1a: Empoleon|60\/100|[from] item: Leftovers\n|upkeep\n|turn|4\n|\n|t:|1700178382\n|move|p1a: Empoleon|Flip Turn|p2a: Amoonguss\n|-resisted|p2a: Amoonguss\n|-damage|p2a: Amoonguss|92\/100\n|-damage|p1a: Empoleon|44\/100|[from] item: Rocky Helmet|[of] p2a: Amoonguss\n|\n|t:|1700178389\n|switch|p1a: Rillaboom|Rillaboom, F|100\/100|[from] Flip Turn\n|-fieldstart|move: Grassy Terrain|[from] ability: Grassy Surge|[of] p1a: Rillaboom\n|move|p2a: Amoonguss|Sludge Bomb|p1a: Rillaboom\n|-supereffective|p1a: Rillaboom\n|-damage|p1a: Rillaboom|39\/100\n|\n|-heal|p1a: Rillaboom|45\/100|[from] Grassy Terrain\n|-heal|p1a: Rillaboom|51\/100|[from] item: Leftovers\n|-heal|p2a: Amoonguss|98\/100|[from] Grassy Terrain\n|upkeep\n|turn|5\n|\n|t:|1700178393\n|move|p1a: Rillaboom|Protect|p1a: Rillaboom\n|-singleturn|p1a: Rillaboom|Protect\n|move|p2a: Amoonguss|Sludge Bomb|p1a: Rillaboom\n|-activate|p1a: Rillaboom|move: Protect\n|\n|-heal|p1a: Rillaboom|58\/100|[from] Grassy Terrain\n|-heal|p1a: Rillaboom|64\/100|[from] item: Leftovers\n|-heal|p2a: Amoonguss|100\/100|[from] Grassy Terrain\n|upkeep\n|turn|6\n|\n|t:|1700178397\n|move|p1a: Rillaboom|U-turn|p2a: Amoonguss\n|-damage|p2a: Amoonguss|80\/100\n|-damage|p1a: Rillaboom|47\/100|[from] item: Rocky Helmet|[of] p2a: Amoonguss\n|\n|t:|1700178400\n|switch|p1a: Pelipper|Pelipper, F|100\/100|[from] U-turn\n|-weather|RainDance|[from] ability: Drizzle|[of] p1a: Pelipper\n|move|p2a: Amoonguss|Sludge Bomb|p1a: Pelipper\n|-damage|p1a: Pelipper|61\/100\n|-status|p1a: Pelipper|psn\n|\n|-weather|RainDance|[upkeep]\n|-heal|p2a: Amoonguss|86\/100|[from] Grassy Terrain\n|-damage|p1a: Pelipper|48\/100 psn|[from] psn\n|upkeep\n|turn|7\n|\n|t:|1700178402\n|move|p1a: Pelipper|Hurricane|p2a: Amoonguss\n|-supereffective|p2a: Amoonguss\n|-damage|p2a: Amoonguss|39\/100\n|move|p2a: Amoonguss|Sludge Bomb|p1a: Pelipper\n|-damage|p1a: Pelipper|8\/100 psn\n|\n|-weather|RainDance|[upkeep]\n|-heal|p2a: Amoonguss|45\/100|[from] Grassy Terrain\n|-damage|p1a: Pelipper|0 fnt|[from] psn\n|faint|p1a: Pelipper\n|upkeep\n|\n|t:|1700178440\n|switch|p1a: Barraskewda|Barraskewda, M|100\/100\n|turn|8\n|\n|t:|1700178464\n|move|p1a: Barraskewda|Flip Turn|p2a: Amoonguss\n|-resisted|p2a: Amoonguss\n|-damage|p2a: Amoonguss|9\/100\n|-damage|p1a: Barraskewda|84\/100|[from] item: Rocky Helmet|[of] p2a: Amoonguss\n|\n|t:|1700178469\n|switch|p1a: Slowking|Slowking-Galar, F|100\/100|[from] Flip Turn\n|move|p2a: Amoonguss|Spore|p1a: Slowking\n|-status|p1a: Slowking|slp|[from] move: Spore\n|\n|-weather|RainDance|[upkeep]\n|-heal|p2a: Amoonguss|15\/100|[from] Grassy Terrain\n|-fieldend|move: Grassy Terrain\n|upkeep\n|turn|9\n|\n|t:|1700178482\n|switch|p1a: Ballin|Cinderace, F|100\/100\n|move|p2a: Amoonguss|Synthesis|p2a: Amoonguss\n|-heal|p2a: Amoonguss|40\/100\n|\n|-weather|RainDance|[upkeep]\n|upkeep\n|turn|10\n|\n|t:|1700178489\n|switch|p2a: Great Tusk|Great Tusk|100\/100\n|-damage|p2a: Great Tusk|98\/100|[from] Stealth Rock\n|move|p1a: Ballin|Weather Ball|p2a: Great Tusk\n|-start|p1a: Ballin|typechange|Water|[from] ability: Libero\n|-supereffective|p2a: Great Tusk\n|-damage|p2a: Great Tusk|0 fnt\n|faint|p2a: Great Tusk\n|-end|p2a: Great Tusk|Protosynthesis|[silent]\n|\n|-weather|RainDance|[upkeep]\n|upkeep\n|\n|t:|1700178506\n|switch|p2a: Dragapult|Dragapult, M, tera:Dragon|100\/100\n|-damage|p2a: Dragapult|88\/100|[from] Stealth Rock\n|turn|11\n|\n|t:|1700178514\n|switch|p1a: Rillaboom|Rillaboom, F|47\/100\n|-fieldstart|move: Grassy Terrain|[from] ability: Grassy Surge|[of] p1a: Rillaboom\n|move|p2a: Dragapult|U-turn|p1a: Rillaboom\n|-supereffective|p1a: Rillaboom\n|-damage|p1a: Rillaboom|0 fnt\n|faint|p1a: Rillaboom\n|\n|t:|1700178526\n|switch|p2a: Amoonguss|Amoonguss, M|73\/100|[from] U-turn\n|-damage|p2a: Amoonguss|61\/100|[from] Stealth Rock\n|\n|-weather|RainDance|[upkeep]\n|-heal|p2a: Amoonguss|67\/100|[from] Grassy Terrain\n|upkeep\n|\n|t:|1700178547\n|switch|p1a: Ballin|Cinderace, F|100\/100\n|turn|12\n|\n|t:|1700178556\n|move|p1a: Ballin|U-turn|p2a: Amoonguss\n|-start|p1a: Ballin|typechange|Bug|[from] ability: Libero\n|-damage|p2a: Amoonguss|42\/100\n|-damage|p1a: Ballin|84\/100|[from] item: Rocky Helmet|[of] p2a: Amoonguss\n|\n|t:|1700178560\n|switch|p1a: Slowking|Slowking-Galar, F|100\/100 slp|[from] U-turn\n|move|p2a: Amoonguss|Synthesis|p2a: Amoonguss\n|-heal|p2a: Amoonguss|67\/100\n|\n|-weather|RainDance|[upkeep]\n|-heal|p2a: Amoonguss|73\/100|[from] Grassy Terrain\n|upkeep\n|turn|13\n|\n|t:|1700178572\n|switch|p2a: Azumarill|Azumarill, F|100\/100\n|-damage|p2a: Azumarill|88\/100|[from] Stealth Rock\n|cant|p1a: Slowking|slp\n|\n|-weather|none\n|-heal|p2a: Azumarill|94\/100|[from] Grassy Terrain\n|upkeep\n|turn|14\n|\n|t:|1700178577\n|move|p2a: Azumarill|Belly Drum|p2a: Azumarill\n|-damage|p2a: Azumarill|44\/100\n|-setboost|p2a: Azumarill|atk|6|[from] move: Belly Drum\n|-enditem|p2a: Azumarill|Sitrus Berry|[eat]\n|-heal|p2a: Azumarill|69\/100|[from] item: Sitrus Berry\n|-curestatus|p1a: Slowking|slp|[msg]\n|move|p1a: Slowking|Sludge Bomb|p2a: Azumarill\n|-supereffective|p2a: Azumarill\n|-crit|p2a: Azumarill\n|-damage|p2a: Azumarill|0 fnt\n|faint|p2a: Azumarill\n|\n|upkeep\n|\n|t:|1700178584\n|switch|p2a: Gholdengo|Gholdengo|100\/100\n|-damage|p2a: Gholdengo|94\/100|[from] Stealth Rock\n|turn|15\n|\n|t:|1700178600\n|switch|p1a: Ballin|Cinderace, F|84\/100\n|move|p2a: Gholdengo|Make It Rain|p1a: Ballin\n|-resisted|p1a: Ballin\n|-damage|p1a: Ballin|40\/100\n|-unboost|p2a: Gholdengo|spa|1\n|\n|-heal|p2a: Gholdengo|100\/100|[from] Grassy Terrain\n|-heal|p1a: Ballin|46\/100|[from] Grassy Terrain\n|-fieldend|move: Grassy Terrain\n|upkeep\n|turn|16\n|\n|t:|1700178612\n|switch|p2a: Amoonguss|Amoonguss, M|100\/100\n|-damage|p2a: Amoonguss|88\/100|[from] Stealth Rock\n|move|p1a: Ballin|U-turn|p2a: Amoonguss\n|-start|p1a: Ballin|typechange|Bug|[from] ability: Libero\n|-damage|p2a: Amoonguss|65\/100\n|-damage|p1a: Ballin|29\/100|[from] item: Rocky Helmet|[of] p2a: Amoonguss\n|\n|t:|1700178622\n|switch|p1a: Slowking|Slowking-Galar, F|100\/100|[from] U-turn\n|\n|upkeep\n|turn|17\n|\n|t:|1700178629\n|move|p2a: Amoonguss|Spore|p1a: Slowking\n|-status|p1a: Slowking|slp|[from] move: Spore\n|cant|p1a: Slowking|slp\n|\n|upkeep\n|turn|18\n|\n|t:|1700178633\n|switch|p2a: Dragapult|Dragapult, M, tera:Dragon|88\/100\n|-damage|p2a: Dragapult|76\/100|[from] Stealth Rock\n|cant|p1a: Slowking|slp\n|\n|upkeep\n|turn|19\n|\n|t:|1700178641\n|switch|p1a: Ballin|Cinderace, F|29\/100\n|move|p2a: Dragapult|Dragon Darts|p1a: Ballin\n|-damage|p1a: Ballin|0 fnt\n|faint|p1a: Ballin\n|\n|upkeep\n|\n|t:|1700178647\n|switch|p1a: Empoleon|Empoleon, F, tera:Fairy|44\/100\n|turn|20\n|\n|t:|1700178652\n|switch|p2a: Amoonguss|Amoonguss, M|98\/100\n|-damage|p2a: Amoonguss|85\/100|[from] Stealth Rock\n|move|p1a: Empoleon|Surf|p2a: Amoonguss\n|-resisted|p2a: Amoonguss\n|-damage|p2a: Amoonguss|72\/100\n|\n|-heal|p1a: Empoleon|50\/100|[from] item: Leftovers\n|upkeep\n|turn|21\n|\n|t:|1700178669\n|move|p1a: Empoleon|Ice Beam|p2a: Amoonguss\n|-supereffective|p2a: Amoonguss\n|-damage|p2a: Amoonguss|39\/100\n|move|p2a: Amoonguss|Sludge Bomb|p1a: Empoleon\n|-supereffective|p1a: Empoleon\n|-damage|p1a: Empoleon|8\/100\n|\n|-heal|p1a: Empoleon|14\/100|[from] item: Leftovers\n|upkeep\n|turn|22\n|\n|t:|1700178693\n|move|p1a: Empoleon|Ice Beam|p2a: Amoonguss\n|-supereffective|p2a: Amoonguss\n|-damage|p2a: Amoonguss|4\/100\n|move|p2a: Amoonguss|Synthesis|p2a: Amoonguss\n|-heal|p2a: Amoonguss|54\/100\n|\n|-heal|p1a: Empoleon|20\/100|[from] item: Leftovers\n|upkeep\n|turn|23\n|\n|t:|1700178701\n|move|p1a: Empoleon|Ice Beam|p2a: Amoonguss\n|-supereffective|p2a: Amoonguss\n|-damage|p2a: Amoonguss|17\/100\n|move|p2a: Amoonguss|Synthesis|p2a: Amoonguss\n|-heal|p2a: Amoonguss|67\/100\n|\n|-heal|p1a: Empoleon|26\/100|[from] item: Leftovers\n|upkeep\n|turn|24\n|\n|t:|1700178705\n|move|p1a: Empoleon|Ice Beam|p2a: Amoonguss\n|-supereffective|p2a: Amoonguss\n|-damage|p2a: Amoonguss|34\/100\n|move|p2a: Amoonguss|Sludge Bomb|p1a: Empoleon\n|-supereffective|p1a: Empoleon\n|-damage|p1a: Empoleon|0 fnt\n|faint|p1a: Empoleon\n|\n|upkeep\n|\n|t:|1700178713\n|switch|p1a: Barraskewda|Barraskewda, M|84\/100\n|turn|25\n|\n|t:|1700178720\n|move|p1a: Barraskewda|Liquidation|p2a: Amoonguss\n|-resisted|p2a: Amoonguss\n|-damage|p2a: Amoonguss|0 fnt\n|-damage|p1a: Barraskewda|68\/100|[from] item: Rocky Helmet|[of] p2a: Amoonguss\n|faint|p2a: Amoonguss\n|\n|upkeep\n|\n|t:|1700178726\n|switch|p2a: Zapdos|Zapdos|100\/100\n|turn|26\n|\n|t:|1700178732\n|switch|p1a: Slowking|Slowking-Galar, F|100\/100 slp\n|move|p2a: Zapdos|Volt Switch|p1a: Slowking\n|-damage|p1a: Slowking|85\/100 slp\n|\n|t:|1700178734\n|switch|p2a: Dragapult|Dragapult, M, tera:Dragon|76\/100|[from] Volt Switch\n|-damage|p2a: Dragapult|64\/100|[from] Stealth Rock\n|\n|upkeep\n|turn|27\n|\n|t:|1700178738\n|move|p2a: Dragapult|Dragon Darts|p1a: Slowking\n|-damage|p1a: Slowking|43\/100 slp\n|-anim|p2a: Dragapult|Dragon Darts|p1a: Slowking\n|-damage|p1a: Slowking|4\/100 slp\n|-curestatus|p1a: Slowking|slp|[msg]\n|move|p1a: Slowking|Ice Beam|p2a: Dragapult\n|-supereffective|p2a: Dragapult\n|-damage|p2a: Dragapult|0 fnt\n|faint|p2a: Dragapult\n|\n|upkeep\n|\n|t:|1700178747\n|switch|p2a: Gholdengo|Gholdengo|100\/100\n|-damage|p2a: Gholdengo|94\/100|[from] Stealth Rock\n|turn|28\n|\n|t:|1700178752\n|move|p2a: Gholdengo|Shadow Ball|p1a: Slowking\n|-supereffective|p1a: Slowking\n|-damage|p1a: Slowking|0 fnt\n|faint|p1a: Slowking\n|\n|upkeep\n|\n|t:|1700178759\n|switch|p1a: Barraskewda|Barraskewda, M|68\/100\n|turn|29\n|\n|t:|1700178761\n|move|p2a: Gholdengo|Shadow Ball|p1a: Barraskewda\n|-damage|p1a: Barraskewda|0 fnt\n|faint|p1a: Barraskewda\n|\n|win|Quarters_OU\n|raw|OkJuice42069's rating: 1389 &rarr; <strong>1367<\/strong><br \/>(-22 for losing)\n|raw|Quarters_OU's rating: 1362 &rarr; <strong>1384<\/strong><br \/>(+22 for winning)\n","uploadtime":1700178765,"views":13,"p1id":"okjuice42069","p2id":"quartersou","formatid":"gen9ou","rating":1367,"private":0,"password":""}