{"id":"gen9ou-1990985366","p1":"Cgmaster","p2":"kdjfjfmgkg","format":"[Gen 9] OU","log":"|j|\u2606Cgmaster\n|j|\u203dkdjfjfmgkg\n|t:|1700023496\n|gametype|singles\n|player|p1|Cgmaster|102|1089\n|player|p2|kdjfjfmgkg|266|1157\n|teamsize|p1|6\n|teamsize|p2|6\n|gen|9\n|tier|[Gen 9] OU\n|rated|\n|rule|Sleep Clause Mod: Limit one foe put to sleep\n|rule|Species Clause: Limit one of each Pok\u00e9mon\n|rule|OHKO Clause: OHKO moves are banned\n|rule|Evasion Items Clause: Evasion items are banned\n|rule|Evasion Moves Clause: Evasion moves are banned\n|rule|Endless Battle Clause: Forcing endless battles is banned\n|rule|HP Percentage Mod: HP is shown in percentages\n|clearpoke\n|poke|p1|Sinistcha|\n|poke|p1|Cryogonal|\n|poke|p1|Cinderace, M|\n|poke|p1|Slowking-Galar, M|\n|poke|p1|Diancie|\n|poke|p1|Zapdos|\n|poke|p2|Toxapex, F|\n|poke|p2|Blissey, F|\n|poke|p2|Alomomola, M|\n|poke|p2|Corviknight, M|\n|poke|p2|Hatterene, F|\n|poke|p2|Landorus-Therian, M|\n|teampreview\n|inactive|Battle timer is ON: inactive players will automatically lose when time's up. (requested by kdjfjfmgkg)\n|\n|t:|1700023516\n|start\n|switch|p1a: Cinderace|Cinderace, M|100\/100\n|switch|p2a: Landorus|Landorus-Therian, M|100\/100\n|-ability|p2a: Landorus|Intimidate|boost\n|-unboost|p1a: Cinderace|atk|1\n|turn|1\n|\n|t:|1700023523\n|move|p2a: Landorus|U-turn|p1a: Cinderace\n|-resisted|p1a: Cinderace\n|-damage|p1a: Cinderace|83\/100\n|\n|t:|1700023525\n|switch|p2a: Toxapex|Toxapex, F|100\/100|[from] U-turn\n|move|p1a: Cinderace|U-turn|p2a: Toxapex\n|-start|p1a: Cinderace|typechange|Bug|[from] ability: Libero\n|-resisted|p2a: Toxapex\n|-damage|p2a: Toxapex|94\/100\n|\n|t:|1700023535\n|switch|p1a: Cryogonal|Cryogonal|100\/100|[from] U-turn\n|\n|-heal|p2a: Toxapex|100\/100|[from] item: Black Sludge\n|upkeep\n|turn|2\n|\n|t:|1700023545\n|move|p1a: Cryogonal|Freeze-Dry|p2a: Toxapex\n|-supereffective|p2a: Toxapex\n|-damage|p2a: Toxapex|63\/100\n|move|p2a: Toxapex|Infestation|p1a: Cryogonal\n|-damage|p1a: Cryogonal|98\/100\n|-activate|p1a: Cryogonal|move: Infestation|[of] p2a: Toxapex\n|\n|-heal|p2a: Toxapex|69\/100|[from] item: Black Sludge\n|-damage|p1a: Cryogonal|86\/100|[from] move: Infestation|[partiallytrapped]\n|upkeep\n|turn|3\n|\n|t:|1700023563\n|switch|p2a: Alomomola|Alomomola, M|100\/100\n|move|p1a: Cryogonal|Freeze-Dry|p2a: Alomomola\n|-supereffective|p2a: Alomomola\n|-damage|p2a: Alomomola|57\/100\n|\n|-end|p1a: Cryogonal|Infestation|[partiallytrapped]|[silent]\n|upkeep\n|turn|4\n|\n|t:|1700023569\n|switch|p2a: Toxapex|Toxapex, F|100\/100\n|move|p1a: Cryogonal|Freeze-Dry|p2a: Toxapex\n|-supereffective|p2a: Toxapex\n|-damage|p2a: Toxapex|62\/100\n|\n|-heal|p2a: Toxapex|69\/100|[from] item: Black Sludge\n|upkeep\n|turn|5\n|\n|t:|1700023576\n|switch|p2a: Corviknight|Corviknight, M|100\/100\n|-ability|p2a: Corviknight|Pressure\n|move|p1a: Cryogonal|Freeze-Dry|p2a: Corviknight\n|-damage|p2a: Corviknight|79\/100\n|\n|-heal|p2a: Corviknight|86\/100|[from] item: Leftovers\n|upkeep\n|turn|6\n|\n|t:|1700023584\n|switch|p1a: Zapdos|Zapdos|100\/100\n|switch|p2a: Toxapex|Toxapex, F|100\/100\n|\n|upkeep\n|turn|7\n|\n|t:|1700023588\n|switch|p2a: Landorus|Landorus-Therian, M|100\/100\n|-ability|p2a: Landorus|Intimidate|boost\n|-unboost|p1a: Zapdos|atk|1\n|move|p1a: Zapdos|Thunderbolt|p2a: Landorus\n|-immune|p2a: Landorus\n|\n|upkeep\n|turn|8\n|\n|t:|1700023595\n|switch|p1a: Cryogonal|Cryogonal|86\/100\n|move|p2a: Landorus|Stealth Rock|p1a: Cryogonal\n|-sidestart|p1: Cgmaster|move: Stealth Rock\n|\n|upkeep\n|turn|9\n|\n|t:|1700023605\n|switch|p2a: Alomomola|Alomomola, M|91\/100\n|move|p1a: Cryogonal|Rapid Spin|p2a: Alomomola\n|-damage|p2a: Alomomola|87\/100\n|-boost|p1a: Cryogonal|spe|1\n|-sideend|p1: Cgmaster|Stealth Rock|[from] move: Rapid Spin|[of] p1a: Cryogonal\n|\n|upkeep\n|turn|10\n|\n|t:|1700023610\n|switch|p2a: Toxapex|Toxapex, F|100\/100\n|move|p1a: Cryogonal|Freeze-Dry|p2a: Toxapex\n|-supereffective|p2a: Toxapex\n|-damage|p2a: Toxapex|64\/100\n|\n|-heal|p2a: Toxapex|71\/100|[from] item: Black Sludge\n|upkeep\n|turn|11\n|\n|t:|1700023616\n|switch|p2a: Alomomola|Alomomola, M|100\/100\n|move|p1a: Cryogonal|Freeze-Dry|p2a: Alomomola\n|-supereffective|p2a: Alomomola\n|-damage|p2a: Alomomola|63\/100\n|-status|p2a: Alomomola|frz\n|\n|upkeep\n|turn|12\n|\n|t:|1700023632\n|switch|p1a: Sinistcha|Sinistcha|100\/100\n|switch|p2a: Toxapex|Toxapex, F|100\/100\n|\n|upkeep\n|turn|13\n|inactive|kdjfjfmgkg has 120 seconds left.\n|\n|t:|1700023671\n|move|p1a: Sinistcha|Calm Mind|p1a: Sinistcha\n|-boost|p1a: Sinistcha|spa|1\n|-boost|p1a: Sinistcha|spd|1\n|move|p2a: Toxapex|Toxic Spikes|p1a: Sinistcha\n|-sidestart|p1: Cgmaster|move: Toxic Spikes\n|\n|upkeep\n|turn|14\n|\n|t:|1700023680\n|move|p1a: Sinistcha|Matcha Gotcha|p2a: Toxapex\n|-damage|p2a: Toxapex|60\/100\n|move|p2a: Toxapex|Haze|p2a: Toxapex\n|-clearallboost\n|\n|-heal|p2a: Toxapex|66\/100|[from] item: Black Sludge\n|upkeep\n|turn|15\n|\n|t:|1700023689\n|move|p1a: Sinistcha|Calm Mind|p1a: Sinistcha\n|-boost|p1a: Sinistcha|spa|1\n|-boost|p1a: Sinistcha|spd|1\n|move|p2a: Toxapex|Infestation|p1a: Sinistcha\n|-damage|p1a: Sinistcha|98\/100\n|-activate|p1a: Sinistcha|move: Infestation|[of] p2a: Toxapex\n|\n|-heal|p1a: Sinistcha|100\/100|[from] item: Leftovers\n|-heal|p2a: Toxapex|72\/100|[from] item: Black Sludge\n|-damage|p1a: Sinistcha|88\/100|[from] move: Infestation|[partiallytrapped]\n|upkeep\n|turn|16\n|\n|t:|1700023693\n|move|p1a: Sinistcha|Matcha Gotcha|p2a: Toxapex\n|-crit|p2a: Toxapex\n|-damage|p2a: Toxapex|12\/100\n|-heal|p1a: Sinistcha|100\/100|[from] drain|[of] p2a: Toxapex\n|move|p2a: Toxapex|Haze|p2a: Toxapex\n|-clearallboost\n|\n|-heal|p2a: Toxapex|18\/100|[from] item: Black Sludge\n|-damage|p1a: Sinistcha|88\/100|[from] move: Infestation|[partiallytrapped]\n|upkeep\n|turn|17\n|\n|t:|1700023705\n|switch|p2a: Corviknight|Corviknight, M|86\/100\n|-ability|p2a: Corviknight|Pressure\n|move|p1a: Sinistcha|Matcha Gotcha|p2a: Corviknight\n|-resisted|p2a: Corviknight\n|-damage|p2a: Corviknight|78\/100\n|-heal|p1a: Sinistcha|92\/100|[from] drain|[of] p2a: Corviknight\n|\n|-heal|p1a: Sinistcha|98\/100|[from] item: Leftovers\n|-heal|p2a: Corviknight|84\/100|[from] item: Leftovers\n|-end|p1a: Sinistcha|Infestation|[partiallytrapped]|[silent]\n|upkeep\n|turn|18\n|\n|t:|1700023712\n|switch|p1a: Slowking|Slowking-Galar, M|100\/100\n|-sideend|p1: Cgmaster|move: Toxic Spikes|[of] p1a: Slowking\n|move|p2a: Corviknight|U-turn|p1a: Slowking\n|-damage|p1a: Slowking|85\/100\n|\n|t:|1700023720\n|switch|p2a: Toxapex|Toxapex, F|51\/100|[from] U-turn\n|\n|-heal|p2a: Toxapex|58\/100|[from] item: Black Sludge\n|upkeep\n|turn|19\n|\n|t:|1700023726\n|switch|p2a: Corviknight|Corviknight, M|84\/100\n|-ability|p2a: Corviknight|Pressure\n|move|p1a: Slowking|Future Sight|p2a: Corviknight\n|-start|p1a: Slowking|move: Future Sight\n|\n|-heal|p2a: Corviknight|91\/100|[from] item: Leftovers\n|upkeep\n|turn|20\n|\n|t:|1700023733\n|move|p2a: Corviknight|U-turn|p1a: Slowking\n|-damage|p1a: Slowking|72\/100\n|\n|t:|1700023737\n|switch|p2a: Toxapex|Toxapex, F|91\/100|[from] U-turn\n|move|p1a: Slowking|Flamethrower|p2a: Toxapex\n|-resisted|p2a: Toxapex\n|-damage|p2a: Toxapex|80\/100\n|\n|-heal|p2a: Toxapex|86\/100|[from] item: Black Sludge\n|upkeep\n|turn|21\n|\n|t:|1700023750\n|switch|p2a: Alomomola|Alomomola, M|96\/100 frz\n|switch|p1a: Sinistcha|Sinistcha|98\/100\n|\n|-end|p2a: Alomomola|move: Future Sight\n|-damage|p2a: Alomomola|56\/100 frz\n|-heal|p1a: Sinistcha|100\/100|[from] item: Leftovers\n|upkeep\n|turn|22\n|\n|t:|1700023756\n|switch|p2a: Toxapex|Toxapex, F|100\/100\n|move|p1a: Sinistcha|Calm Mind|p1a: Sinistcha\n|-boost|p1a: Sinistcha|spa|1\n|-boost|p1a: Sinistcha|spd|1\n|\n|upkeep\n|turn|23\n|\n|t:|1700023761\n|move|p1a: Sinistcha|Matcha Gotcha|p2a: Toxapex\n|-damage|p2a: Toxapex|60\/100\n|move|p2a: Toxapex|Haze|p2a: Toxapex\n|-clearallboost\n|\n|-heal|p2a: Toxapex|66\/100|[from] item: Black Sludge\n|upkeep\n|turn|24\n|\n|t:|1700023768\n|switch|p2a: Landorus|Landorus-Therian, M|100\/100\n|-ability|p2a: Landorus|Intimidate|boost\n|-unboost|p1a: Sinistcha|atk|1\n|move|p1a: Sinistcha|Matcha Gotcha|p2a: Landorus\n|-damage|p2a: Landorus|58\/100\n|\n|upkeep\n|turn|25\n|\n|t:|1700023774\n|move|p2a: Landorus|U-turn|p1a: Sinistcha\n|-damage|p1a: Sinistcha|81\/100\n|\n|t:|1700023778\n|switch|p2a: Toxapex|Toxapex, F|99\/100|[from] U-turn\n|move|p1a: Sinistcha|Matcha Gotcha|p2a: Toxapex|[miss]\n|-miss|p1a: Sinistcha|p2a: Toxapex\n|\n|-heal|p1a: Sinistcha|87\/100|[from] item: Leftovers\n|-heal|p2a: Toxapex|100\/100|[from] item: Black Sludge\n|upkeep\n|turn|26\n|\n|t:|1700023786\n|move|p1a: Sinistcha|Calm Mind|p1a: Sinistcha\n|-boost|p1a: Sinistcha|spa|1\n|-boost|p1a: Sinistcha|spd|1\n|move|p2a: Toxapex|Infestation|p1a: Sinistcha\n|-damage|p1a: Sinistcha|84\/100\n|-activate|p1a: Sinistcha|move: Infestation|[of] p2a: Toxapex\n|\n|-heal|p1a: Sinistcha|90\/100|[from] item: Leftovers\n|-damage|p1a: Sinistcha|78\/100|[from] move: Infestation|[partiallytrapped]\n|upkeep\n|turn|27\n|\n|t:|1700023789\n|move|p1a: Sinistcha|Matcha Gotcha|p2a: Toxapex\n|-damage|p2a: Toxapex|62\/100\n|-heal|p1a: Sinistcha|95\/100|[from] drain|[of] p2a: Toxapex\n|move|p2a: Toxapex|Haze|p2a: Toxapex\n|-clearallboost\n|\n|-heal|p1a: Sinistcha|100\/100|[from] item: Leftovers\n|-heal|p2a: Toxapex|68\/100|[from] item: Black Sludge\n|-damage|p1a: Sinistcha|88\/100|[from] move: Infestation|[partiallytrapped]\n|upkeep\n|turn|28\n|\n|t:|1700023796\n|move|p1a: Sinistcha|Matcha Gotcha|p2a: Toxapex|[miss]\n|-miss|p1a: Sinistcha|p2a: Toxapex\n|move|p2a: Toxapex|Toxic Spikes|p1a: Sinistcha\n|-sidestart|p1: Cgmaster|move: Toxic Spikes\n|\n|-heal|p1a: Sinistcha|94\/100|[from] item: Leftovers\n|-heal|p2a: Toxapex|74\/100|[from] item: Black Sludge\n|-damage|p1a: Sinistcha|82\/100|[from] move: Infestation|[partiallytrapped]\n|upkeep\n|turn|29\n|\n|t:|1700023801\n|move|p1a: Sinistcha|Matcha Gotcha|p2a: Toxapex\n|-damage|p2a: Toxapex|49\/100\n|-heal|p1a: Sinistcha|93\/100|[from] drain|[of] p2a: Toxapex\n|-status|p2a: Toxapex|brn\n|move|p2a: Toxapex|Infestation|p1a: Sinistcha\n|-damage|p1a: Sinistcha|89\/100\n|\n|-heal|p1a: Sinistcha|95\/100|[from] item: Leftovers\n|-heal|p2a: Toxapex|55\/100 brn|[from] item: Black Sludge\n|-damage|p2a: Toxapex|49\/100 brn|[from] brn\n|-damage|p1a: Sinistcha|83\/100|[from] move: Infestation|[partiallytrapped]\n|upkeep\n|turn|30\n|\n|t:|1700023817\n|move|p1a: Sinistcha|Matcha Gotcha|p2a: Toxapex\n|-damage|p2a: Toxapex|20\/100 brn\n|-heal|p1a: Sinistcha|96\/100|[from] drain|[of] p2a: Toxapex\n|move|p2a: Toxapex|Haze|p2a: Toxapex\n|-clearallboost\n|\n|-heal|p1a: Sinistcha|100\/100|[from] item: Leftovers\n|-heal|p2a: Toxapex|26\/100 brn|[from] item: Black Sludge\n|-damage|p2a: Toxapex|20\/100 brn|[from] brn\n|-end|p1a: Sinistcha|Infestation|[partiallytrapped]\n|upkeep\n|turn|31\n|\n|t:|1700023825\n|switch|p1a: Slowking|Slowking-Galar, M|100\/100\n|-sideend|p1: Cgmaster|move: Toxic Spikes|[of] p1a: Slowking\n|switch|p2a: Corviknight|Corviknight, M|91\/100\n|-ability|p2a: Corviknight|Pressure\n|\n|-heal|p2a: Corviknight|97\/100|[from] item: Leftovers\n|upkeep\n|turn|32\n|\n|t:|1700023847\n|switch|p2a: Toxapex|Toxapex, F|53\/100 brn\n|move|p1a: Slowking|Future Sight|p2a: Toxapex\n|-start|p1a: Slowking|move: Future Sight\n|\n|-heal|p2a: Toxapex|60\/100 brn|[from] item: Black Sludge\n|-damage|p2a: Toxapex|53\/100 brn|[from] brn\n|upkeep\n|turn|33\n|\n|t:|1700023854\n|move|p2a: Toxapex|Infestation|p1a: Slowking\n|-damage|p1a: Slowking|99\/100\n|-activate|p1a: Slowking|move: Infestation|[of] p2a: Toxapex\n|move|p1a: Slowking|Surf|p2a: Toxapex\n|-resisted|p2a: Toxapex\n|-damage|p2a: Toxapex|43\/100 brn\n|\n|-heal|p2a: Toxapex|49\/100 brn|[from] item: Black Sludge\n|-damage|p2a: Toxapex|43\/100 brn|[from] brn\n|-damage|p1a: Slowking|87\/100|[from] move: Infestation|[partiallytrapped]\n|upkeep\n|turn|34\n|\n|t:|1700023860\n|switch|p2a: Alomomola|Alomomola, M|90\/100 frz\n|move|p1a: Slowking|Surf|p2a: Alomomola\n|-resisted|p2a: Alomomola\n|-damage|p2a: Alomomola|78\/100 frz\n|\n|-end|p2a: Alomomola|move: Future Sight\n|-damage|p2a: Alomomola|38\/100 frz\n|-end|p1a: Slowking|Infestation|[partiallytrapped]|[silent]\n|upkeep\n|turn|35\n|\n|t:|1700023865\n|switch|p2a: Toxapex|Toxapex, F|76\/100 brn\n|move|p1a: Slowking|Future Sight|p2a: Toxapex\n|-start|p1a: Slowking|move: Future Sight\n|\n|-heal|p2a: Toxapex|82\/100 brn|[from] item: Black Sludge\n|-damage|p2a: Toxapex|76\/100 brn|[from] brn\n|upkeep\n|turn|36\n|\n|t:|1700023887\n|switch|p2a: Alomomola|Alomomola, M|71\/100 frz\n|switch|p1a: Cryogonal|Cryogonal|86\/100\n|\n|upkeep\n|turn|37\n|\n|t:|1700023895\n|switch|p2a: Toxapex|Toxapex, F|100\/100 brn\n|move|p1a: Cryogonal|Rapid Spin|p2a: Toxapex\n|-damage|p2a: Toxapex|98\/100 brn\n|-boost|p1a: Cryogonal|spe|1\n|\n|-end|p2a: Toxapex|move: Future Sight\n|-supereffective|p2a: Toxapex\n|-damage|p2a: Toxapex|18\/100 brn\n|-heal|p2a: Toxapex|24\/100 brn|[from] item: Black Sludge\n|-damage|p2a: Toxapex|18\/100 brn|[from] brn\n|upkeep\n|turn|38\n|\n|t:|1700023902\n|switch|p2a: Alomomola|Alomomola, M|100\/100 frz\n|move|p1a: Cryogonal|Freeze-Dry|p2a: Alomomola\n|-supereffective|p2a: Alomomola\n|-damage|p2a: Alomomola|63\/100 frz\n|\n|upkeep\n|turn|39\n|\n|t:|1700023910\n|switch|p2a: Corviknight|Corviknight, M|97\/100\n|-ability|p2a: Corviknight|Pressure\n|move|p1a: Cryogonal|Freeze-Dry|p2a: Corviknight\n|-damage|p2a: Corviknight|72\/100\n|\n|-heal|p2a: Corviknight|78\/100|[from] item: Leftovers\n|upkeep\n|turn|40\n|\n|t:|1700023917\n|move|p1a: Cryogonal|Freeze-Dry|p2a: Corviknight\n|-damage|p2a: Corviknight|54\/100\n|move|p2a: Corviknight|U-turn|p1a: Cryogonal\n|-damage|p1a: Cryogonal|64\/100\n|\n|t:|1700023919\n|switch|p2a: Toxapex|Toxapex, F|51\/100 brn|[from] U-turn\n|\n|-heal|p2a: Toxapex|57\/100 brn|[from] item: Black Sludge\n|-damage|p2a: Toxapex|51\/100 brn|[from] brn\n|upkeep\n|turn|41\n|\n|t:|1700023943\n|switch|p2a: Alomomola|Alomomola, M|97\/100 frz\n|move|p1a: Cryogonal|Freeze-Dry|p2a: Alomomola\n|-supereffective|p2a: Alomomola\n|-damage|p2a: Alomomola|59\/100 frz\n|\n|upkeep\n|turn|42\n|\n|t:|1700023954\n|switch|p2a: Toxapex|Toxapex, F|84\/100 brn\n|move|p1a: Cryogonal|Freeze-Dry|p2a: Toxapex\n|-supereffective|p2a: Toxapex\n|-damage|p2a: Toxapex|46\/100 brn\n|\n|-heal|p2a: Toxapex|52\/100 brn|[from] item: Black Sludge\n|-damage|p2a: Toxapex|46\/100 brn|[from] brn\n|upkeep\n|turn|43\n|\n|t:|1700023961\n|switch|p1a: Sinistcha|Sinistcha|100\/100\n|switch|p2a: Blissey|Blissey, F|100\/100\n|\n|upkeep\n|turn|44\n|\n|t:|1700023970\n|move|p1a: Sinistcha|Calm Mind|p1a: Sinistcha\n|-boost|p1a: Sinistcha|spa|1\n|-boost|p1a: Sinistcha|spd|1\n|move|p2a: Blissey|Thunder Wave|p1a: Sinistcha|[miss]\n|-miss|p2a: Blissey|p1a: Sinistcha\n|\n|upkeep\n|turn|45\n|\n|t:|1700023977\n|move|p1a: Sinistcha|Matcha Gotcha|p2a: Blissey\n|-damage|p2a: Blissey|87\/100\n|move|p2a: Blissey|Thunder Wave|p1a: Sinistcha\n|-status|p1a: Sinistcha|par\n|\n|upkeep\n|turn|46\n|\n|t:|1700023982\n|switch|p2a: Toxapex|Toxapex, F|79\/100 brn\n|cant|p1a: Sinistcha|par\n|\n|-heal|p2a: Toxapex|86\/100 brn|[from] item: Black Sludge\n|-damage|p2a: Toxapex|79\/100 brn|[from] brn\n|upkeep\n|turn|47\n|\n|t:|1700023985\n|move|p2a: Toxapex|Haze|p2a: Toxapex\n|-clearallboost\n|move|p1a: Sinistcha|Matcha Gotcha|p2a: Toxapex|[miss]\n|-miss|p1a: Sinistcha|p2a: Toxapex\n|\n|-heal|p2a: Toxapex|86\/100 brn|[from] item: Black Sludge\n|-damage|p2a: Toxapex|79\/100 brn|[from] brn\n|upkeep\n|turn|48\n|\n|t:|1700024002\n|switch|p1a: Slowking|Slowking-Galar, M|100\/100\n|move|p2a: Toxapex|Toxic Spikes|p1a: Slowking\n|-sidestart|p1: Cgmaster|move: Toxic Spikes\n|\n|-heal|p2a: Toxapex|86\/100 brn|[from] item: Black Sludge\n|-damage|p2a: Toxapex|79\/100 brn|[from] brn\n|upkeep\n|turn|49\n|\n|t:|1700024007\n|switch|p2a: Blissey|Blissey, F|87\/100\n|move|p1a: Slowking|Future Sight|p2a: Blissey\n|-start|p1a: Slowking|move: Future Sight\n|\n|upkeep\n|turn|50\n|\n|t:|1700024012\n|switch|p1a: Zapdos|Zapdos|100\/100\n|move|p2a: Blissey|Heal Bell|p2a: Blissey\n|-activate|p2a: Blissey|move: Heal Bell\n|-curestatus|p2: Toxapex|brn|[msg]\n|-curestatus|p2: Alomomola|frz|[msg]\n|\n|upkeep\n|turn|51\n|\n|t:|1700024019\n|move|p1a: Zapdos|Hurricane|p2a: Blissey\n|-crit|p2a: Blissey\n|-damage|p2a: Blissey|64\/100\n|move|p2a: Blissey|Stealth Rock|p1a: Zapdos\n|-sidestart|p1: Cgmaster|move: Stealth Rock\n|\n|-end|p2a: Blissey|move: Future Sight\n|-damage|p2a: Blissey|50\/100\n|upkeep\n|turn|52\n|\n|t:|1700024025\n|move|p1a: Zapdos|Thunderbolt|p2a: Blissey\n|-damage|p2a: Blissey|37\/100\n|move|p2a: Blissey|Soft-Boiled|p2a: Blissey\n|-heal|p2a: Blissey|87\/100\n|\n|upkeep\n|turn|53\n|c|\u2606Cgmaster|This isn\u2019t fun, why do you do this?\n|\n|t:|1700024049\n|move|p1a: Zapdos|Volt Switch|p2a: Blissey\n|-damage|p2a: Blissey|77\/100\n|\n|t:|1700024052\n|switch|p1a: Slowking|Slowking-Galar, M|100\/100|[from] Volt Switch\n|-sideend|p1: Cgmaster|move: Toxic Spikes|[of] p1a: Slowking\n|-damage|p1a: Slowking|88\/100|[from] Stealth Rock\n|move|p2a: Blissey|Thunder Wave|p1a: Slowking\n|-status|p1a: Slowking|par\n|\n|upkeep\n|turn|54\n|\n|t:|1700024066\n|switch|p2a: Toxapex|Toxapex, F|100\/100\n|move|p1a: Slowking|Future Sight|p2a: Toxapex\n|-start|p1a: Slowking|move: Future Sight\n|\n|upkeep\n|turn|55\n|\n|t:|1700024073\n|switch|p1a: Diancie|Diancie|100\/100\n|-damage|p1a: Diancie|88\/100|[from] Stealth Rock\n|move|p2a: Toxapex|Infestation|p1a: Diancie\n|-resisted|p1a: Diancie\n|-damage|p1a: Diancie|87\/100\n|-activate|p1a: Diancie|move: Infestation|[of] p2a: Toxapex\n|\n|-heal|p1a: Diancie|93\/100|[from] item: Leftovers\n|-damage|p1a: Diancie|81\/100|[from] move: Infestation|[partiallytrapped]\n|upkeep\n|turn|56\n|\n|t:|1700024081\n|switch|p2a: Alomomola|Alomomola, M|93\/100\n|move|p1a: Diancie|Encore||[still]\n|-fail|p1a: Diancie\n|\n|-end|p2a: Alomomola|move: Future Sight\n|-damage|p2a: Alomomola|50\/100\n|-heal|p1a: Diancie|87\/100|[from] item: Leftovers\n|-end|p1a: Diancie|Infestation|[partiallytrapped]|[silent]\n|upkeep\n|turn|57\n|\n|t:|1700024087\n|move|p2a: Alomomola|Flip Turn|p1a: Diancie\n|-supereffective|p1a: Diancie\n|-damage|p1a: Diancie|63\/100\n|\n|t:|1700024089\n|switch|p2a: Toxapex|Toxapex, F|100\/100|[from] Flip Turn\n|move|p1a: Diancie|Stealth Rock|p2a: Toxapex\n|-sidestart|p2: kdjfjfmgkg|move: Stealth Rock\n|\n|-heal|p1a: Diancie|69\/100|[from] item: Leftovers\n|upkeep\n|turn|58\n|\n|t:|1700024119\n|switch|p1a: Cryogonal|Cryogonal|64\/100\n|move|p2a: Toxapex|Toxic Spikes|p1a: Cryogonal\n|-sidestart|p1: Cgmaster|move: Toxic Spikes\n|\n|upkeep\n|turn|59\n|\n|t:|1700024129\n|switch|p2a: Alomomola|Alomomola, M|83\/100\n|move|p1a: Cryogonal|Rapid Spin|p2a: Alomomola\n|-damage|p2a: Alomomola|80\/100\n|-boost|p1a: Cryogonal|spe|1\n|-sideend|p1: Cgmaster|Toxic Spikes|[from] move: Rapid Spin|[of] p1a: Cryogonal\n|-sideend|p1: Cgmaster|Stealth Rock|[from] move: Rapid Spin|[of] p1a: Cryogonal\n|\n|upkeep\n|turn|60\n|\n|t:|1700024135\n|switch|p1a: Sinistcha|Sinistcha|100\/100 par\n|move|p2a: Alomomola|Wish|p2a: Alomomola\n|\n|upkeep\n|turn|61\n|\n|t:|1700024143\n|switch|p2a: Corviknight|Corviknight, M|54\/100\n|-damage|p2a: Corviknight|41\/100|[from] Stealth Rock\n|-ability|p2a: Corviknight|Pressure\n|cant|p1a: Sinistcha|par\n|\n|-heal|p2a: Corviknight|100\/100|[from] move: Wish|[wisher] Alomomola\n|upkeep\n|turn|62\n|\n|t:|1700024151\n|switch|p2a: Toxapex|Toxapex, F|100\/100\n|-damage|p2a: Toxapex|88\/100|[from] Stealth Rock\n|switch|p1a: Cinderace|Cinderace, M|83\/100\n|\n|-heal|p2a: Toxapex|94\/100|[from] item: Black Sludge\n|upkeep\n|turn|63\n|\n|t:|1700024158\n|switch|p2a: Alomomola|Alomomola, M|100\/100\n|move|p1a: Cinderace|U-turn|p2a: Alomomola\n|-start|p1a: Cinderace|typechange|Bug|[from] ability: Libero\n|-damage|p2a: Alomomola|77\/100\n|\n|t:|1700024180\n|switch|p1a: Sinistcha|Sinistcha|100\/100 par|[from] U-turn\n|\n|upkeep\n|turn|64\n|\n|t:|1700024195\n|switch|p2a: Toxapex|Toxapex, F|100\/100\n|-damage|p2a: Toxapex|88\/100|[from] Stealth Rock\n|move|p1a: Sinistcha|Shadow Ball|p2a: Toxapex\n|-damage|p2a: Toxapex|61\/100\n|\n|-heal|p2a: Toxapex|67\/100|[from] item: Black Sludge\n|upkeep\n|turn|65\n|inactive|Cgmaster has 120 seconds left.\n|\n|t:|1700024218\n|move|p2a: Toxapex|Toxic Spikes|p1a: Sinistcha\n|-sidestart|p1: Cgmaster|move: Toxic Spikes\n|move|p1a: Sinistcha|Shadow Ball|p2a: Toxapex\n|-damage|p2a: Toxapex|39\/100\n|\n|-heal|p2a: Toxapex|46\/100|[from] item: Black Sludge\n|upkeep\n|turn|66\n|inactive|Cgmaster has 120 seconds left.\n|\n|t:|1700024230\n|switch|p2a: Blissey|Blissey, F|77\/100\n|switch|p1a: Cryogonal|Cryogonal|64\/100\n|\n|upkeep\n|turn|67\n|inactive|Cgmaster has 120 seconds left.\n|\n|t:|1700024241\n|switch|p1a: Slowking|Slowking-Galar, M|100\/100 par\n|-sideend|p1: Cgmaster|move: Toxic Spikes|[of] p1a: Slowking\n|switch|p2a: Toxapex|Toxapex, F|79\/100\n|-damage|p2a: Toxapex|66\/100|[from] Stealth Rock\n|\n|-heal|p2a: Toxapex|73\/100|[from] item: Black Sludge\n|upkeep\n|turn|68\n|inactive|Cgmaster has 120 seconds left.\n|\n|t:|1700024251\n|move|p2a: Toxapex|Infestation|p1a: Slowking\n|-damage|p1a: Slowking|99\/100 par\n|-activate|p1a: Slowking|move: Infestation|[of] p2a: Toxapex\n|move|p1a: Slowking|Future Sight|p2a: Toxapex\n|-start|p1a: Slowking|move: Future Sight\n|\n|-heal|p2a: Toxapex|79\/100|[from] item: Black Sludge\n|-damage|p1a: Slowking|87\/100 par|[from] move: Infestation|[partiallytrapped]\n|upkeep\n|turn|69\n|\n|t:|1700024260\n|move|p2a: Toxapex|Toxic Spikes|p1a: Slowking\n|-sidestart|p1: Cgmaster|move: Toxic Spikes\n|move|p1a: Slowking|Flamethrower|p2a: Toxapex\n|-resisted|p2a: Toxapex\n|-damage|p2a: Toxapex|68\/100\n|\n|-heal|p2a: Toxapex|75\/100|[from] item: Black Sludge\n|-damage|p1a: Slowking|74\/100 par|[from] move: Infestation|[partiallytrapped]\n|upkeep\n|turn|70\n|\n|t:|1700024271\n|switch|p2a: Alomomola|Alomomola, M|100\/100\n|move|p1a: Slowking|Sludge Bomb|p2a: Alomomola\n|-damage|p2a: Alomomola|71\/100\n|\n|-end|p2a: Alomomola|move: Future Sight\n|-damage|p2a: Alomomola|28\/100\n|-end|p1a: Slowking|Infestation|[partiallytrapped]|[silent]\n|upkeep\n|turn|71\n|\n|t:|1700024283\n|switch|p2a: Corviknight|Corviknight, M|100\/100\n|-damage|p2a: Corviknight|88\/100|[from] Stealth Rock\n|-ability|p2a: Corviknight|Pressure\n|cant|p1a: Slowking|par\n|\n|-heal|p2a: Corviknight|94\/100|[from] item: Leftovers\n|upkeep\n|turn|72\n|\n|t:|1700024291\n|move|p2a: Corviknight|Defog|p1a: Slowking\n|-unboost|p1a: Slowking|evasion|1\n|-sideend|p1: Cgmaster|Toxic Spikes|[from] move: Defog|[of] p2a: Corviknight\n|-sideend|p2: kdjfjfmgkg|Stealth Rock|[from] move: Defog|[of] p2a: Corviknight\n|cant|p1a: Slowking|par\n|\n|-heal|p2a: Corviknight|100\/100|[from] item: Leftovers\n|upkeep\n|turn|73\n|\n|t:|1700024297\n|switch|p2a: Alomomola|Alomomola, M|61\/100\n|cant|p1a: Slowking|par\n|\n|upkeep\n|turn|74\n|\n|t:|1700024305\n|switch|p2a: Toxapex|Toxapex, F|100\/100\n|cant|p1a: Slowking|par\n|\n|upkeep\n|turn|75\n|\n|t:|1700024313\n|move|p2a: Toxapex|Infestation|p1a: Slowking\n|-damage|p1a: Slowking|73\/100 par\n|-activate|p1a: Slowking|move: Infestation|[of] p2a: Toxapex\n|move|p1a: Slowking|Future Sight|p2a: Toxapex\n|-start|p1a: Slowking|move: Future Sight\n|\n|-damage|p1a: Slowking|60\/100 par|[from] move: Infestation|[partiallytrapped]\n|upkeep\n|turn|76\n|\n|t:|1700024326\n|switch|p2a: Alomomola|Alomomola, M|95\/100\n|cant|p1a: Slowking|par\n|\n|-end|p1a: Slowking|Infestation|[partiallytrapped]|[silent]\n|upkeep\n|turn|77\n|\n|t:|1700024333\n|switch|p1a: Sinistcha|Sinistcha|100\/100 par\n|move|p2a: Alomomola|Whirlpool|p1a: Sinistcha\n|-resisted|p1a: Sinistcha\n|-damage|p1a: Sinistcha|97\/100 par\n|-activate|p1a: Sinistcha|move: Whirlpool|[of] p2a: Alomomola\n|\n|-end|p2a: Alomomola|move: Future Sight\n|-damage|p2a: Alomomola|53\/100\n|-heal|p1a: Sinistcha|100\/100 par|[from] item: Leftovers\n|-damage|p1a: Sinistcha|88\/100 par|[from] move: Whirlpool|[partiallytrapped]\n|upkeep\n|turn|78\n|\n|t:|1700024345\n|switch|p2a: Toxapex|Toxapex, F|100\/100\n|move|p1a: Sinistcha|Matcha Gotcha|p2a: Toxapex\n|-damage|p2a: Toxapex|72\/100\n|-heal|p1a: Sinistcha|100\/100 par|[from] drain|[of] p2a: Toxapex\n|\n|-heal|p2a: Toxapex|78\/100|[from] item: Black Sludge\n|-end|p1a: Sinistcha|Whirlpool|[partiallytrapped]|[silent]\n|upkeep\n|turn|79\n|\n|t:|1700024359\n|move|p2a: Toxapex|Toxic Spikes|p1a: Sinistcha\n|-sidestart|p1: Cgmaster|move: Toxic Spikes\n|move|p1a: Sinistcha|Calm Mind|p1a: Sinistcha\n|-boost|p1a: Sinistcha|spa|1\n|-boost|p1a: Sinistcha|spd|1\n|\n|-heal|p2a: Toxapex|84\/100|[from] item: Black Sludge\n|upkeep\n|turn|80\n|\n|t:|1700024363\n|switch|p1a: Slowking|Slowking-Galar, M|94\/100 par\n|-sideend|p1: Cgmaster|move: Toxic Spikes|[of] p1a: Slowking\n|move|p2a: Toxapex|Haze|p2a: Toxapex\n|-clearallboost\n|\n|-heal|p2a: Toxapex|91\/100|[from] item: Black Sludge\n|upkeep\n|turn|81\n|\n|t:|1700024369\n|switch|p2a: Corviknight|Corviknight, M|100\/100\n|-ability|p2a: Corviknight|Pressure\n|move|p1a: Slowking|Future Sight|p2a: Corviknight\n|-start|p1a: Slowking|move: Future Sight\n|\n|upkeep\n|turn|82\n|\n|t:|1700024384\n|switch|p2a: Toxapex|Toxapex, F|100\/100\n|move|p1a: Slowking|Surf|p2a: Toxapex\n|-resisted|p2a: Toxapex\n|-damage|p2a: Toxapex|90\/100\n|\n|-heal|p2a: Toxapex|96\/100|[from] item: Black Sludge\n|upkeep\n|turn|83\n|\n|t:|1700024392\n|switch|p2a: Blissey|Blissey, F|77\/100\n|cant|p1a: Slowking|par\n|\n|-end|p2a: Blissey|move: Future Sight\n|-damage|p2a: Blissey|63\/100\n|upkeep\n|turn|84\n|\n|t:|1700024399\n|switch|p2a: Corviknight|Corviknight, M|100\/100\n|-ability|p2a: Corviknight|Pressure\n|move|p1a: Slowking|Sludge Bomb|p2a: Corviknight\n|-immune|p2a: Corviknight\n|\n|upkeep\n|turn|85\n|\n|t:|1700024407\n|switch|p2a: Alomomola|Alomomola, M|87\/100\n|cant|p1a: Slowking|par\n|\n|upkeep\n|turn|86\n|inactive|Cgmaster has 120 seconds left.\n|\n|t:|1700024460\n|switch|p2a: Corviknight|Corviknight, M|100\/100\n|-ability|p2a: Corviknight|Pressure\n|cant|p1a: Slowking|par\n|\n|upkeep\n|turn|87\n|inactive|Cgmaster has 90 seconds left.\n|\n|t:|1700024497\n|switch|p2a: Toxapex|Toxapex, F|100\/100\n|move|p1a: Slowking|Future Sight|p2a: Toxapex\n|-start|p1a: Slowking|move: Future Sight\n|\n|upkeep\n|turn|88\n|\n|t:|1700024502\n|move|p2a: Toxapex|Infestation|p1a: Slowking\n|-damage|p1a: Slowking|92\/100 par\n|-activate|p1a: Slowking|move: Infestation|[of] p2a: Toxapex\n|move|p1a: Slowking|Flamethrower|p2a: Toxapex\n|-resisted|p2a: Toxapex\n|-damage|p2a: Toxapex|91\/100\n|\n|-heal|p2a: Toxapex|97\/100|[from] item: Black Sludge\n|-damage|p1a: Slowking|80\/100 par|[from] move: Infestation|[partiallytrapped]\n|upkeep\n|turn|89\n|\n|t:|1700024510\n|switch|p2a: Alomomola|Alomomola, M|100\/100\n|move|p1a: Slowking|Flamethrower|p2a: Alomomola\n|-resisted|p2a: Alomomola\n|-crit|p2a: Alomomola\n|-damage|p2a: Alomomola|83\/100\n|\n|-end|p2a: Alomomola|move: Future Sight\n|-damage|p2a: Alomomola|42\/100\n|-end|p1a: Slowking|Infestation|[partiallytrapped]|[silent]\n|upkeep\n|turn|90\n|\n|t:|1700024514\n|switch|p2a: Corviknight|Corviknight, M|100\/100\n|-ability|p2a: Corviknight|Pressure\n|move|p1a: Slowking|Future Sight|p2a: Corviknight\n|-start|p1a: Slowking|move: Future Sight\n|\n|upkeep\n|turn|91\n|inactive|Cgmaster has 90 seconds left.\n|\n|t:|1700024527\n|switch|p2a: Alomomola|Alomomola, M|75\/100\n|move|p1a: Slowking|Sludge Bomb|p2a: Alomomola\n|-damage|p2a: Alomomola|41\/100\n|\n|upkeep\n|turn|92\n|inactive|Cgmaster has 90 seconds left.\n|\n|t:|1700024534\n|switch|p2a: Corviknight|Corviknight, M|100\/100\n|-ability|p2a: Corviknight|Pressure\n|cant|p1a: Slowking|par\n|\n|-end|p2a: Corviknight|move: Future Sight\n|-resisted|p2a: Corviknight\n|-damage|p2a: Corviknight|75\/100\n|-heal|p2a: Corviknight|81\/100|[from] item: Leftovers\n|upkeep\n|turn|93\n|inactive|Cgmaster has 90 seconds left.\n|\n|t:|1700024541\n|switch|p2a: Alomomola|Alomomola, M|74\/100\n|move|p1a: Slowking|Flamethrower|p2a: Alomomola\n|-resisted|p2a: Alomomola\n|-damage|p2a: Alomomola|64\/100\n|\n|upkeep\n|turn|94\n|\n|t:|1700024548\n|switch|p2a: Toxapex|Toxapex, F|100\/100\n|move|p1a: Slowking|Future Sight|p2a: Toxapex\n|-start|p1a: Slowking|move: Future Sight\n|\n|upkeep\n|turn|95\n|inactive|Cgmaster has 90 seconds left.\n|\n|t:|1700024573\n|switch|p1a: Cryogonal|Cryogonal|64\/100\n|move|p2a: Toxapex|Infestation|p1a: Cryogonal\n|-damage|p1a: Cryogonal|62\/100\n|-activate|p1a: Cryogonal|move: Infestation|[of] p2a: Toxapex\n|\n|-damage|p1a: Cryogonal|50\/100|[from] move: Infestation|[partiallytrapped]\n|upkeep\n|turn|96\n|\n|t:|1700024582\n|switch|p2a: Blissey|Blissey, F|63\/100\n|move|p1a: Cryogonal|Recover|p1a: Cryogonal\n|-heal|p1a: Cryogonal|99\/100\n|\n|-end|p2a: Blissey|move: Future Sight\n|-damage|p2a: Blissey|48\/100\n|-end|p1a: Cryogonal|Infestation|[partiallytrapped]|[silent]\n|upkeep\n|turn|97\n|\n|t:|1700024594\n|switch|p1a: Zapdos|Zapdos|100\/100\n|move|p2a: Blissey|Soft-Boiled|p2a: Blissey\n|-heal|p2a: Blissey|98\/100\n|\n|upkeep\n|turn|98\n|\n|t:|1700024609\n|switch|p2a: Toxapex|Toxapex, F|100\/100\n|move|p1a: Zapdos|Volt Switch|p2a: Toxapex\n|-supereffective|p2a: Toxapex\n|-damage|p2a: Toxapex|43\/100\n|\n|t:|1700024619\n|switch|p1a: Cinderace|Cinderace, M|83\/100|[from] Volt Switch\n|\n|-heal|p2a: Toxapex|50\/100|[from] item: Black Sludge\n|upkeep\n|turn|99\n|\n|t:|1700024621\n|switch|p2a: Alomomola|Alomomola, M|97\/100\n|move|p1a: Cinderace|U-turn|p2a: Alomomola\n|-start|p1a: Cinderace|typechange|Bug|[from] ability: Libero\n|-damage|p2a: Alomomola|72\/100\n|\n|t:|1700024625\n|switch|p1a: Zapdos|Zapdos|100\/100|[from] U-turn\n|\n|upkeep\n|turn|100\n|\n|t:|1700024632\n|switch|p2a: Landorus|Landorus-Therian, M|58\/100\n|-ability|p2a: Landorus|Intimidate|boost\n|-unboost|p1a: Zapdos|atk|1\n|move|p1a: Zapdos|Thunderbolt|p2a: Landorus\n|-immune|p2a: Landorus\n|\n|upkeep\n|turn|101\n|\n|t:|1700024642\n|switch|p1a: Sinistcha|Sinistcha|100\/100 par\n|move|p2a: Landorus|U-turn|p1a: Sinistcha\n|-damage|p1a: Sinistcha|81\/100 par\n|\n|t:|1700024648\n|switch|p2a: Corviknight|Corviknight, M|81\/100|[from] U-turn\n|-ability|p2a: Corviknight|Pressure\n|\n|-heal|p2a: Corviknight|88\/100|[from] item: Leftovers\n|-heal|p1a: Sinistcha|87\/100 par|[from] item: Leftovers\n|upkeep\n|turn|102\n|\n|t:|1700024652\n|switch|p2a: Toxapex|Toxapex, F|83\/100\n|move|p1a: Sinistcha|Calm Mind|p1a: Sinistcha\n|-boost|p1a: Sinistcha|spa|1\n|-boost|p1a: Sinistcha|spd|1\n|\n|-heal|p2a: Toxapex|89\/100|[from] item: Black Sludge\n|-heal|p1a: Sinistcha|94\/100 par|[from] item: Leftovers\n|upkeep\n|turn|103\n|\n|t:|1700024657\n|move|p2a: Toxapex|Haze|p2a: Toxapex\n|-clearallboost\n|move|p1a: Sinistcha|Matcha Gotcha|p2a: Toxapex\n|-damage|p2a: Toxapex|60\/100\n|-heal|p1a: Sinistcha|100\/100 par|[from] drain|[of] p2a: Toxapex\n|\n|-heal|p2a: Toxapex|67\/100|[from] item: Black Sludge\n|upkeep\n|turn|104\n|\n|t:|1700024659\n|move|p2a: Toxapex|Toxic Spikes|p1a: Sinistcha\n|-sidestart|p1: Cgmaster|move: Toxic Spikes\n|cant|p1a: Sinistcha|par\n|\n|-heal|p2a: Toxapex|73\/100|[from] item: Black Sludge\n|upkeep\n|turn|105\n|\n|t:|1700024666\n|switch|p2a: Corviknight|Corviknight, M|88\/100\n|-ability|p2a: Corviknight|Pressure\n|move|p1a: Sinistcha|Matcha Gotcha|p2a: Corviknight\n|-resisted|p2a: Corviknight\n|-damage|p2a: Corviknight|80\/100\n|\n|-heal|p2a: Corviknight|86\/100|[from] item: Leftovers\n|upkeep\n|turn|106\n|\n|t:|1700024671\n|switch|p2a: Toxapex|Toxapex, F|100\/100\n|switch|p1a: Slowking|Slowking-Galar, M|100\/100 par\n|-sideend|p1: Cgmaster|move: Toxic Spikes|[of] p1a: Slowking\n|\n|upkeep\n|turn|107\n|\n|t:|1700024676\n|move|p2a: Toxapex|Infestation|p1a: Slowking\n|-damage|p1a: Slowking|99\/100 par\n|-activate|p1a: Slowking|move: Infestation|[of] p2a: Toxapex\n|move|p1a: Slowking|Future Sight|p2a: Toxapex\n|-start|p1a: Slowking|move: Future Sight\n|\n|-damage|p1a: Slowking|87\/100 par|[from] move: Infestation|[partiallytrapped]\n|upkeep\n|turn|108\n|\n|t:|1700024683\n|move|p2a: Toxapex|Toxic Spikes|p1a: Slowking\n|-sidestart|p1: Cgmaster|move: Toxic Spikes\n|move|p1a: Slowking|Flamethrower|p2a: Toxapex\n|-resisted|p2a: Toxapex\n|-damage|p2a: Toxapex|90\/100\n|\n|-heal|p2a: Toxapex|96\/100|[from] item: Black Sludge\n|-damage|p1a: Slowking|74\/100 par|[from] move: Infestation|[partiallytrapped]\n|upkeep\n|turn|109\n|\n|t:|1700024689\n|switch|p2a: Alomomola|Alomomola, M|100\/100\n|move|p1a: Slowking|Sludge Bomb|p2a: Alomomola\n|-damage|p2a: Alomomola|68\/100\n|\n|-end|p2a: Alomomola|move: Future Sight\n|-damage|p2a: Alomomola|24\/100\n|-end|p1a: Slowking|Infestation|[partiallytrapped]|[silent]\n|upkeep\n|turn|110\n|\n|t:|1700024698\n|switch|p1a: Zapdos|Zapdos|100\/100\n|move|p2a: Alomomola|Flip Turn|p1a: Zapdos\n|-damage|p1a: Zapdos|80\/100\n|\n|t:|1700024702\n|switch|p2a: Landorus|Landorus-Therian, M|58\/100|[from] Flip Turn\n|-ability|p2a: Landorus|Intimidate|boost\n|-unboost|p1a: Zapdos|atk|1\n|\n|upkeep\n|turn|111\n|\n|t:|1700024707\n|move|p2a: Landorus|U-turn|p1a: Zapdos\n|-resisted|p1a: Zapdos\n|-damage|p1a: Zapdos|64\/100\n|-status|p2a: Landorus|par|[from] ability: Static|[of] p1a: Zapdos\n|\n|t:|1700024711\n|switch|p2a: Toxapex|Toxapex, F|100\/100|[from] U-turn\n|move|p1a: Zapdos|Roost|p1a: Zapdos\n|-heal|p1a: Zapdos|100\/100\n|-singleturn|p1a: Zapdos|move: Roost\n|\n|upkeep\n|turn|112\n|\n|t:|1700024717\n|switch|p2a: Blissey|Blissey, F|98\/100\n|move|p1a: Zapdos|Thunderbolt|p2a: Blissey\n|-damage|p2a: Blissey|85\/100\n|-status|p2a: Blissey|par\n|\n|upkeep\n|turn|113\n|\n|t:|1700024725\n|switch|p1a: Cinderace|Cinderace, M|83\/100\n|cant|p2a: Blissey|par\n|\n|upkeep\n|turn|114\n|\n|t:|1700024731\n|-curestatus|p2a: Blissey|par|[from] ability: Natural Cure\n|switch|p2a: Toxapex|Toxapex, F|100\/100\n|move|p1a: Cinderace|Pyro Ball|p2a: Toxapex\n|-resisted|p2a: Toxapex\n|-damage|p2a: Toxapex|84\/100\n|\n|-heal|p2a: Toxapex|91\/100|[from] item: Black Sludge\n|upkeep\n|turn|115\n|\n|t:|1700024735\n|switch|p2a: Alomomola|Alomomola, M|58\/100\n|move|p1a: Cinderace|U-turn|p2a: Alomomola\n|-start|p1a: Cinderace|typechange|Bug|[from] ability: Libero\n|-damage|p2a: Alomomola|30\/100\n|\n|t:|1700024739\n|switch|p1a: Slowking|Slowking-Galar, M|100\/100 par|[from] U-turn\n|-sideend|p1: Cgmaster|move: Toxic Spikes|[of] p1a: Slowking\n|\n|upkeep\n|turn|116\n|\n|t:|1700024746\n|move|p2a: Alomomola|Flip Turn|p1a: Slowking\n|-damage|p1a: Slowking|84\/100 par\n|\n|t:|1700024758\n|switch|p2a: Blissey|Blissey, F|85\/100|[from] Flip Turn\n|move|p1a: Slowking|Future Sight|p2a: Blissey\n|-start|p1a: Slowking|move: Future Sight\n|\n|upkeep\n|turn|117\n|\n|t:|1700024775\n|switch|p2a: Alomomola|Alomomola, M|63\/100\n|switch|p1a: Cinderace|Cinderace, M|83\/100\n|\n|upkeep\n|turn|118\n|\n|t:|1700024785\n|move|p1a: Cinderace|U-turn|p2a: Alomomola\n|-start|p1a: Cinderace|typechange|Bug|[from] ability: Libero\n|-damage|p2a: Alomomola|37\/100\n|\n|t:|1700024790\n|switch|p1a: Zapdos|Zapdos|100\/100|[from] U-turn\n|move|p2a: Alomomola|Flip Turn|p1a: Zapdos\n|-crit|p1a: Zapdos\n|-damage|p1a: Zapdos|71\/100\n|-status|p2a: Alomomola|par|[from] ability: Static|[of] p1a: Zapdos\n|\n|t:|1700024792\n|switch|p2a: Blissey|Blissey, F|85\/100|[from] Flip Turn\n|\n|-end|p2a: Blissey|move: Future Sight\n|-damage|p2a: Blissey|71\/100\n|upkeep\n|turn|119\n|\n|t:|1700024803\n|move|p1a: Zapdos|Hurricane|p2a: Blissey\n|-damage|p2a: Blissey|55\/100\n|-start|p2a: Blissey|confusion\n|-activate|p2a: Blissey|confusion\n|-damage|p2a: Blissey|53\/100|[from] confusion\n|\n|upkeep\n|turn|120\n|\n|t:|1700024813\n|switch|p1a: Cinderace|Cinderace, M|83\/100\n|-activate|p2a: Blissey|confusion\n|move|p2a: Blissey|Heal Bell|p2a: Blissey\n|-activate|p2a: Blissey|move: Heal Bell\n|-curestatus|p2: Landorus|par|[msg]\n|-curestatus|p2: Alomomola|par|[msg]\n|\n|upkeep\n|turn|121\n|\n|t:|1700024820\n|switch|p2a: Alomomola|Alomomola, M|70\/100\n|move|p1a: Cinderace|U-turn|p2a: Alomomola\n|-start|p1a: Cinderace|typechange|Bug|[from] ability: Libero\n|-damage|p2a: Alomomola|45\/100\n|\n|t:|1700024832\n|switch|p1a: Diancie|Diancie|69\/100|[from] U-turn\n|\n|-heal|p1a: Diancie|75\/100|[from] item: Leftovers\n|upkeep\n|turn|122\n|\n|t:|1700024839\n|switch|p2a: Hatterene|Hatterene, F|100\/100\n|move|p1a: Diancie|Body Press|p2a: Hatterene\n|-resisted|p2a: Hatterene\n|-damage|p2a: Hatterene|94\/100\n|\n|-heal|p1a: Diancie|81\/100|[from] item: Leftovers\n|upkeep\n|turn|123\n|\n|t:|1700024847\n|move|p1a: Diancie|Diamond Storm|p2a: Hatterene\n|-damage|p2a: Hatterene|54\/100\n|move|p2a: Hatterene|Draining Kiss|p1a: Diancie\n|-damage|p1a: Diancie|61\/100\n|-heal|p2a: Hatterene|68\/100|[from] drain|[of] p1a: Diancie\n|\n|-heal|p1a: Diancie|68\/100|[from] item: Leftovers\n|upkeep\n|turn|124\n|\n|t:|1700024855\n|move|p1a: Diancie|Diamond Storm|p2a: Hatterene\n|-damage|p2a: Hatterene|27\/100\n|move|p2a: Hatterene|Nuzzle|p1a: Diancie\n|-damage|p1a: Diancie|64\/100\n|-status|p1a: Diancie|par\n|\n|-heal|p1a: Diancie|71\/100 par|[from] item: Leftovers\n|upkeep\n|turn|125\n|\n|t:|1700024864\n|switch|p2a: Toxapex|Toxapex, F|100\/100\n|cant|p1a: Diancie|par\n|\n|-heal|p1a: Diancie|77\/100 par|[from] item: Leftovers\n|upkeep\n|turn|126\n|inactive|Cgmaster has 120 seconds left.\n|\n|t:|1700024887\n|switch|p2a: Corviknight|Corviknight, M|86\/100\n|-ability|p2a: Corviknight|Pressure\n|switch|p1a: Zapdos|Zapdos|71\/100\n|\n|-heal|p2a: Corviknight|93\/100|[from] item: Leftovers\n|upkeep\n|turn|127\n|\n|t:|1700024893\n|-terastallize|p2a: Corviknight|Electric\n|move|p1a: Zapdos|Thunderbolt|p2a: Corviknight\n|-resisted|p2a: Corviknight\n|-damage|p2a: Corviknight|71\/100\n|move|p2a: Corviknight|U-turn|p1a: Zapdos\n|-resisted|p1a: Zapdos\n|-crit|p1a: Zapdos\n|-damage|p1a: Zapdos|59\/100\n|\n|t:|1700024900\n|switch|p2a: Alomomola|Alomomola, M|79\/100|[from] U-turn\n|\n|upkeep\n|turn|128\n|\n|t:|1700024904\n|switch|p2a: Corviknight|Corviknight, M, tera:Electric|71\/100\n|-ability|p2a: Corviknight|Pressure\n|move|p1a: Zapdos|Roost|p1a: Zapdos\n|-heal|p1a: Zapdos|100\/100\n|-singleturn|p1a: Zapdos|move: Roost\n|\n|-heal|p2a: Corviknight|77\/100|[from] item: Leftovers\n|upkeep\n|turn|129\n|\n|t:|1700024908\n|switch|p2a: Toxapex|Toxapex, F|100\/100\n|move|p1a: Zapdos|Volt Switch|p2a: Toxapex\n|-supereffective|p2a: Toxapex\n|-damage|p2a: Toxapex|35\/100\n|\n|t:|1700024912\n|switch|p1a: Cryogonal|Cryogonal|99\/100|[from] Volt Switch\n|\n|-heal|p2a: Toxapex|42\/100|[from] item: Black Sludge\n|upkeep\n|turn|130\n|\n|t:|1700024918\n|switch|p1a: Zapdos|Zapdos|100\/100\n|switch|p2a: Alomomola|Alomomola, M|100\/100\n|\n|upkeep\n|turn|131\n|\n|t:|1700024923\n|switch|p2a: Corviknight|Corviknight, M, tera:Electric|77\/100\n|-ability|p2a: Corviknight|Pressure\n|move|p1a: Zapdos|Hurricane|p2a: Corviknight\n|-resisted|p2a: Corviknight\n|-damage|p2a: Corviknight|52\/100\n|\n|-heal|p2a: Corviknight|58\/100|[from] item: Leftovers\n|upkeep\n|turn|132\n|\n|t:|1700024931\n|move|p1a: Zapdos|Hurricane|p2a: Corviknight\n|-resisted|p2a: Corviknight\n|-damage|p2a: Corviknight|33\/100\n|move|p2a: Corviknight|Roost|p2a: Corviknight\n|-heal|p2a: Corviknight|83\/100\n|\n|-heal|p2a: Corviknight|90\/100|[from] item: Leftovers\n|upkeep\n|turn|133\n|\n|t:|1700024936\n|move|p1a: Zapdos|Hurricane|p2a: Corviknight|[miss]\n|-miss|p1a: Zapdos|p2a: Corviknight\n|move|p2a: Corviknight|U-turn|p1a: Zapdos\n|-resisted|p1a: Zapdos\n|-damage|p1a: Zapdos|92\/100\n|\n|t:|1700024944\n|switch|p2a: Toxapex|Toxapex, F|75\/100|[from] U-turn\n|\n|-heal|p2a: Toxapex|81\/100|[from] item: Black Sludge\n|upkeep\n|turn|134\n|\n|t:|1700024950\n|switch|p2a: Corviknight|Corviknight, M, tera:Electric|90\/100\n|-ability|p2a: Corviknight|Pressure\n|move|p1a: Zapdos|Volt Switch|p2a: Corviknight\n|-resisted|p2a: Corviknight\n|-damage|p2a: Corviknight|74\/100\n|\n|t:|1700024955\n|switch|p1a: Cinderace|Cinderace, M|83\/100|[from] Volt Switch\n|\n|-heal|p2a: Corviknight|80\/100|[from] item: Leftovers\n|upkeep\n|turn|135\n|\n|t:|1700024961\n|switch|p2a: Alomomola|Alomomola, M|100\/100\n|move|p1a: Cinderace|U-turn|p2a: Alomomola\n|-start|p1a: Cinderace|typechange|Bug|[from] ability: Libero\n|-damage|p2a: Alomomola|74\/100\n|\n|t:|1700024969\n|switch|p1a: Cryogonal|Cryogonal|99\/100|[from] U-turn\n|\n|upkeep\n|turn|136\n|\n|t:|1700024972\n|switch|p2a: Toxapex|Toxapex, F|100\/100\n|move|p1a: Cryogonal|Rapid Spin|p2a: Toxapex\n|-damage|p2a: Toxapex|97\/100\n|-boost|p1a: Cryogonal|spe|1\n|\n|-heal|p2a: Toxapex|100\/100|[from] item: Black Sludge\n|upkeep\n|turn|137\n|\n|t:|1700024977\n|switch|p2a: Alomomola|Alomomola, M|100\/100\n|move|p1a: Cryogonal|Freeze-Dry|p2a: Alomomola\n|-supereffective|p2a: Alomomola\n|-damage|p2a: Alomomola|59\/100\n|\n|upkeep\n|turn|138\n|\n|t:|1700024983\n|switch|p2a: Toxapex|Toxapex, F|100\/100\n|move|p1a: Cryogonal|Freeze-Dry|p2a: Toxapex\n|-supereffective|p2a: Toxapex\n|-damage|p2a: Toxapex|63\/100\n|\n|-heal|p2a: Toxapex|69\/100|[from] item: Black Sludge\n|upkeep\n|turn|139\n|\n|t:|1700024990\n|switch|p1a: Zapdos|Zapdos|92\/100\n|switch|p2a: Alomomola|Alomomola, M|92\/100\n|\n|upkeep\n|turn|140\n|\n|t:|1700024994\n|switch|p2a: Toxapex|Toxapex, F|100\/100\n|move|p1a: Zapdos|Volt Switch|p2a: Toxapex\n|-supereffective|p2a: Toxapex\n|-damage|p2a: Toxapex|41\/100\n|\n|t:|1700025000\n|switch|p1a: Cinderace|Cinderace, M|83\/100|[from] Volt Switch\n|\n|-heal|p2a: Toxapex|47\/100|[from] item: Black Sludge\n|upkeep\n|turn|141\n|\n|t:|1700025002\n|switch|p2a: Alomomola|Alomomola, M|100\/100\n|move|p1a: Cinderace|U-turn|p2a: Alomomola\n|-start|p1a: Cinderace|typechange|Bug|[from] ability: Libero\n|-damage|p2a: Alomomola|75\/100\n|\n|t:|1700025005\n|switch|p1a: Zapdos|Zapdos|92\/100|[from] U-turn\n|\n|upkeep\n|turn|142\n|\n|t:|1700025010\n|switch|p2a: Corviknight|Corviknight, M, tera:Electric|80\/100\n|-ability|p2a: Corviknight|Pressure\n|move|p1a: Zapdos|Thunderbolt|p2a: Corviknight\n|-resisted|p2a: Corviknight\n|-damage|p2a: Corviknight|56\/100\n|\n|-heal|p2a: Corviknight|62\/100|[from] item: Leftovers\n|upkeep\n|turn|143\n|\n|t:|1700025014\n|move|p1a: Zapdos|Thunderbolt|p2a: Corviknight\n|-resisted|p2a: Corviknight\n|-damage|p2a: Corviknight|39\/100\n|move|p2a: Corviknight|U-turn|p1a: Zapdos\n|-resisted|p1a: Zapdos\n|-damage|p1a: Zapdos|84\/100\n|\n|t:|1700025019\n|switch|p2a: Landorus|Landorus-Therian, M|58\/100|[from] U-turn\n|-ability|p2a: Landorus|Intimidate|boost\n|-unboost|p1a: Zapdos|atk|1\n|\n|upkeep\n|turn|144\n|\n|t:|1700025025\n|move|p2a: Landorus|U-turn|p1a: Zapdos\n|-resisted|p1a: Zapdos\n|-damage|p1a: Zapdos|70\/100\n|\n|t:|1700025031\n|switch|p2a: Blissey|Blissey, F|53\/100|[from] U-turn\n|move|p1a: Zapdos|Hurricane|p2a: Blissey|[miss]\n|-miss|p1a: Zapdos|p2a: Blissey\n|\n|upkeep\n|turn|145\n|\n|t:|1700025043\n|move|p1a: Zapdos|Hurricane|p2a: Blissey\n|-damage|p2a: Blissey|38\/100\n|move|p2a: Blissey|Stealth Rock|p1a: Zapdos\n|-sidestart|p1: Cgmaster|move: Stealth Rock\n|\n|upkeep\n|turn|146\n|\n|t:|1700025048\n|move|p1a: Zapdos|Volt Switch|p2a: Blissey\n|-crit|p2a: Blissey\n|-damage|p2a: Blissey|22\/100\n|\n|t:|1700025055\n|switch|p1a: Cinderace|Cinderace, M|83\/100|[from] Volt Switch\n|move|p2a: Blissey|Soft-Boiled|p2a: Blissey\n|-heal|p2a: Blissey|72\/100\n|\n|upkeep\n|turn|147\n|\n|t:|1700025060\n|switch|p2a: Toxapex|Toxapex, F|80\/100\n|move|p1a: Cinderace|Court Change|p1a: Cinderace\n|-start|p1a: Cinderace|typechange|Normal|[from] ability: Libero\n|-swapsideconditions\n|-activate|p1a: Cinderace|move: Court Change\n|\n|-heal|p2a: Toxapex|86\/100|[from] item: Black Sludge\n|upkeep\n|turn|148\n|\n|t:|1700025067\n|move|p1a: Cinderace|U-turn|p2a: Toxapex\n|-resisted|p2a: Toxapex\n|-damage|p2a: Toxapex|79\/100\n|\n|t:|1700025072\n|switch|p1a: Slowking|Slowking-Galar, M|100\/100 par|[from] U-turn\n|move|p2a: Toxapex|Toxic Spikes|p1a: Slowking\n|-sidestart|p1: Cgmaster|move: Toxic Spikes\n|\n|-heal|p2a: Toxapex|85\/100|[from] item: Black Sludge\n|upkeep\n|turn|149\n|\n|t:|1700025085\n|switch|p2a: Alomomola|Alomomola, M|100\/100\n|switch|p1a: Zapdos|Zapdos|70\/100\n|\n|upkeep\n|turn|150\n|\n|t:|1700025088\n|move|p1a: Zapdos|Thunderbolt|p2a: Alomomola\n|-supereffective|p2a: Alomomola\n|-damage|p2a: Alomomola|26\/100\n|move|p2a: Alomomola|Wish|p2a: Alomomola\n|\n|upkeep\n|turn|151\n|\n|t:|1700025093\n|switch|p2a: Corviknight|Corviknight, M, tera:Electric|39\/100\n|-damage|p2a: Corviknight|27\/100|[from] Stealth Rock\n|-ability|p2a: Corviknight|Pressure\n|move|p1a: Zapdos|Thunderbolt|p2a: Corviknight\n|-resisted|p2a: Corviknight\n|-damage|p2a: Corviknight|4\/100\n|\n|-heal|p2a: Corviknight|70\/100|[from] move: Wish|[wisher] Alomomola\n|-heal|p2a: Corviknight|77\/100|[from] item: Leftovers\n|upkeep\n|turn|152\n|\n|t:|1700025104\n|move|p1a: Zapdos|Thunderbolt|p2a: Corviknight\n|-resisted|p2a: Corviknight\n|-damage|p2a: Corviknight|55\/100\n|move|p2a: Corviknight|Defog|p1a: Zapdos\n|-unboost|p1a: Zapdos|evasion|1\n|-sideend|p1: Cgmaster|Toxic Spikes|[from] move: Defog|[of] p2a: Corviknight\n|-sideend|p2: kdjfjfmgkg|Stealth Rock|[from] move: Defog|[of] p2a: Corviknight\n|\n|-heal|p2a: Corviknight|61\/100|[from] item: Leftovers\n|upkeep\n|turn|153\n|\n|t:|1700025108\n|move|p1a: Zapdos|Roost|p1a: Zapdos\n|-heal|p1a: Zapdos|100\/100\n|-singleturn|p1a: Zapdos|move: Roost\n|move|p2a: Corviknight|Roost|p2a: Corviknight\n|-heal|p2a: Corviknight|100\/100\n|\n|upkeep\n|turn|154\n|\n|t:|1700025114\n|move|p1a: Zapdos|Thunderbolt|p2a: Corviknight\n|-resisted|p2a: Corviknight\n|-damage|p2a: Corviknight|77\/100\n|move|p2a: Corviknight|Body Press|p1a: Zapdos\n|-resisted|p1a: Zapdos\n|-damage|p1a: Zapdos|85\/100\n|\n|-heal|p2a: Corviknight|84\/100|[from] item: Leftovers\n|upkeep\n|turn|155\n|\n|t:|1700025123\n|switch|p1a: Slowking|Slowking-Galar, M|100\/100 par\n|move|p2a: Corviknight|U-turn|p1a: Slowking\n|-damage|p1a: Slowking|87\/100 par\n|\n|t:|1700025126\n|switch|p2a: Alomomola|Alomomola, M|60\/100|[from] U-turn\n|\n|upkeep\n|turn|156\n|\n|t:|1700025131\n|switch|p2a: Toxapex|Toxapex, F|100\/100\n|move|p1a: Slowking|Sludge Bomb|p2a: Toxapex\n|-resisted|p2a: Toxapex\n|-damage|p2a: Toxapex|84\/100\n|\n|-heal|p2a: Toxapex|91\/100|[from] item: Black Sludge\n|upkeep\n|turn|157\n|inactive|Cgmaster has 120 seconds left.\n|\n|t:|1700025169\n|switch|p2a: Alomomola|Alomomola, M|93\/100\n|switch|p1a: Zapdos|Zapdos|85\/100\n|\n|upkeep\n|turn|158\n|\n|t:|1700025173\n|switch|p2a: Corviknight|Corviknight, M, tera:Electric|84\/100\n|-ability|p2a: Corviknight|Pressure\n|move|p1a: Zapdos|Volt Switch|p2a: Corviknight\n|-resisted|p2a: Corviknight\n|-damage|p2a: Corviknight|67\/100\n|inactive|Cgmaster has 120 seconds left.\n|inactive|Cgmaster has 90 seconds left.\n|\n|t:|1700025220\n|switch|p1a: Diancie|Diancie|77\/100 par|[from] Volt Switch\n|\n|-heal|p2a: Corviknight|73\/100|[from] item: Leftovers\n|-heal|p1a: Diancie|83\/100 par|[from] item: Leftovers\n|upkeep\n|turn|159\n|\n|t:|1700025230\n|switch|p2a: Toxapex|Toxapex, F|100\/100\n|move|p1a: Diancie|Diamond Storm|p2a: Toxapex\n|-damage|p2a: Toxapex|79\/100\n|-boost|p1a: Diancie|def|2\n|\n|-heal|p2a: Toxapex|85\/100|[from] item: Black Sludge\n|-heal|p1a: Diancie|89\/100 par|[from] item: Leftovers\n|upkeep\n|turn|160\n|\n|t:|1700025239\n|switch|p1a: Zapdos|Zapdos|85\/100\n|move|p2a: Toxapex|Haze|p2a: Toxapex\n|-clearallboost\n|\n|-heal|p2a: Toxapex|91\/100|[from] item: Black Sludge\n|upkeep\n|turn|161\n|\n|t:|1700025267\n|switch|p2a: Corviknight|Corviknight, M, tera:Electric|73\/100\n|-ability|p2a: Corviknight|Pressure\n|move|p1a: Zapdos|Volt Switch|p2a: Corviknight\n|-resisted|p2a: Corviknight\n|-damage|p2a: Corviknight|55\/100\n|\n|t:|1700025274\n|switch|p1a: Cinderace|Cinderace, M|83\/100|[from] Volt Switch\n|\n|-heal|p2a: Corviknight|61\/100|[from] item: Leftovers\n|upkeep\n|turn|162\n|\n|t:|1700025280\n|switch|p2a: Alomomola|Alomomola, M|100\/100\n|move|p1a: Cinderace|Pyro Ball|p2a: Alomomola\n|-resisted|p2a: Alomomola\n|-damage|p2a: Alomomola|80\/100\n|\n|upkeep\n|turn|163\n|\n|t:|1700025282\n|move|p1a: Cinderace|U-turn|p2a: Alomomola\n|-start|p1a: Cinderace|typechange|Bug|[from] ability: Libero\n|-damage|p2a: Alomomola|55\/100\n|\n|t:|1700025286\n|switch|p1a: Zapdos|Zapdos|85\/100|[from] U-turn\n|move|p2a: Alomomola|Wish|p2a: Alomomola\n|\n|upkeep\n|turn|164\n|\n|t:|1700025291\n|switch|p2a: Corviknight|Corviknight, M, tera:Electric|61\/100\n|-ability|p2a: Corviknight|Pressure\n|move|p1a: Zapdos|Volt Switch|p2a: Corviknight\n|-resisted|p2a: Corviknight\n|-damage|p2a: Corviknight|43\/100\n|\n|t:|1700025293\n|switch|p1a: Cinderace|Cinderace, M|83\/100|[from] Volt Switch\n|\n|-heal|p2a: Corviknight|100\/100|[from] move: Wish|[wisher] Alomomola\n|upkeep\n|turn|165\n|\n|t:|1700025298\n|switch|p2a: Toxapex|Toxapex, F|100\/100\n|move|p1a: Cinderace|U-turn|p2a: Toxapex\n|-start|p1a: Cinderace|typechange|Bug|[from] ability: Libero\n|-resisted|p2a: Toxapex\n|-crit|p2a: Toxapex\n|-damage|p2a: Toxapex|86\/100\n|inactive|Cgmaster has 90 seconds left.\n|\n|t:|1700025307\n|switch|p1a: Zapdos|Zapdos|85\/100|[from] U-turn\n|\n|-heal|p2a: Toxapex|93\/100|[from] item: Black Sludge\n|upkeep\n|turn|166\n|\n|t:|1700025312\n|switch|p2a: Corviknight|Corviknight, M, tera:Electric|100\/100\n|-ability|p2a: Corviknight|Pressure\n|move|p1a: Zapdos|Thunderbolt|p2a: Corviknight\n|-resisted|p2a: Corviknight\n|-damage|p2a: Corviknight|77\/100\n|\n|-heal|p2a: Corviknight|83\/100|[from] item: Leftovers\n|upkeep\n|turn|167\n|\n|t:|1700025324\n|move|p1a: Zapdos|Volt Switch|p2a: Corviknight\n|-resisted|p2a: Corviknight\n|-damage|p2a: Corviknight|66\/100\n|\n|t:|1700025329\n|switch|p1a: Cinderace|Cinderace, M|83\/100|[from] Volt Switch\n|move|p2a: Corviknight|U-turn|p1a: Cinderace\n|-resisted|p1a: Cinderace\n|-damage|p1a: Cinderace|74\/100\n|\n|t:|1700025339\n|switch|p2a: Landorus|Landorus-Therian, M|58\/100|[from] U-turn\n|-ability|p2a: Landorus|Intimidate|boost\n|-unboost|p1a: Cinderace|atk|1\n|\n|upkeep\n|turn|168\n|\n|t:|1700025344\n|move|p2a: Landorus|U-turn|p1a: Cinderace\n|-resisted|p1a: Cinderace\n|-damage|p1a: Cinderace|56\/100\n|\n|t:|1700025346\n|switch|p2a: Toxapex|Toxapex, F|100\/100|[from] U-turn\n|move|p1a: Cinderace|U-turn|p2a: Toxapex\n|-start|p1a: Cinderace|typechange|Bug|[from] ability: Libero\n|-resisted|p2a: Toxapex\n|-damage|p2a: Toxapex|94\/100\n|\n|t:|1700025353\n|switch|p1a: Slowking|Slowking-Galar, M|100\/100 par|[from] U-turn\n|\n|-heal|p2a: Toxapex|99\/100|[from] item: Black Sludge\n|upkeep\n|turn|169\n|\n|t:|1700025363\n|move|p2a: Toxapex|Infestation|p1a: Slowking\n|-damage|p1a: Slowking|99\/100 par\n|-activate|p1a: Slowking|move: Infestation|[of] p2a: Toxapex\n|cant|p1a: Slowking|par\n|\n|-heal|p2a: Toxapex|100\/100|[from] item: Black Sludge\n|-damage|p1a: Slowking|87\/100 par|[from] move: Infestation|[partiallytrapped]\n|upkeep\n|turn|170\n|\n|t:|1700025369\n|move|p2a: Toxapex|Toxic Spikes|p1a: Slowking\n|-sidestart|p1: Cgmaster|move: Toxic Spikes\n|move|p1a: Slowking|Surf|p2a: Toxapex\n|-resisted|p2a: Toxapex\n|-damage|p2a: Toxapex|91\/100\n|\n|-heal|p2a: Toxapex|97\/100|[from] item: Black Sludge\n|-damage|p1a: Slowking|74\/100 par|[from] move: Infestation|[partiallytrapped]\n|upkeep\n|turn|171\n|\n|t:|1700025375\n|switch|p2a: Alomomola|Alomomola, M|88\/100\n|move|p1a: Slowking|Surf|p2a: Alomomola\n|-resisted|p2a: Alomomola\n|-damage|p2a: Alomomola|77\/100\n|\n|-end|p1a: Slowking|Infestation|[partiallytrapped]|[silent]\n|upkeep\n|turn|172\n|\n|t:|1700025380\n|switch|p1a: Cryogonal|Cryogonal|99\/100\n|move|p2a: Alomomola|Whirlpool|p1a: Cryogonal\n|-damage|p1a: Cryogonal|96\/100\n|-activate|p1a: Cryogonal|move: Whirlpool|[of] p2a: Alomomola\n|\n|-damage|p1a: Cryogonal|83\/100|[from] move: Whirlpool|[partiallytrapped]\n|upkeep\n|turn|173\n|\n|t:|1700025385\n|switch|p2a: Toxapex|Toxapex, F|100\/100\n|move|p1a: Cryogonal|Rapid Spin|p2a: Toxapex\n|-damage|p2a: Toxapex|98\/100\n|-boost|p1a: Cryogonal|spe|1\n|-sideend|p1: Cgmaster|Toxic Spikes|[from] move: Rapid Spin|[of] p1a: Cryogonal\n|-end|p1a: Cryogonal|Whirlpool|[partiallytrapped]\n|\n|-heal|p2a: Toxapex|100\/100|[from] item: Black Sludge\n|upkeep\n|turn|174\n|\n|t:|1700025391\n|switch|p2a: Alomomola|Alomomola, M|100\/100\n|move|p1a: Cryogonal|Freeze-Dry|p2a: Alomomola\n|-supereffective|p2a: Alomomola\n|-damage|p2a: Alomomola|60\/100\n|\n|upkeep\n|turn|175\n|\n|t:|1700025396\n|switch|p1a: Zapdos|Zapdos|85\/100\n|switch|p2a: Toxapex|Toxapex, F|100\/100\n|\n|upkeep\n|turn|176\n|\n|t:|1700025401\n|move|p1a: Zapdos|Thunderbolt|p2a: Toxapex\n|-supereffective|p2a: Toxapex\n|-damage|p2a: Toxapex|25\/100\n|move|p2a: Toxapex|Toxic Spikes|p1a: Zapdos\n|-sidestart|p1: Cgmaster|move: Toxic Spikes\n|\n|-heal|p2a: Toxapex|31\/100|[from] item: Black Sludge\n|upkeep\n|turn|177\n|\n|t:|1700025407\n|switch|p2a: Corviknight|Corviknight, M, tera:Electric|66\/100\n|-ability|p2a: Corviknight|Pressure\n|move|p1a: Zapdos|Thunderbolt|p2a: Corviknight\n|-resisted|p2a: Corviknight\n|-damage|p2a: Corviknight|42\/100\n|\n|-heal|p2a: Corviknight|48\/100|[from] item: Leftovers\n|upkeep\n|turn|178\n|\n|t:|1700025411\n|move|p1a: Zapdos|Volt Switch|p2a: Corviknight\n|-resisted|p2a: Corviknight\n|-damage|p2a: Corviknight|32\/100\n|\n|t:|1700025416\n|switch|p1a: Cryogonal|Cryogonal|83\/100|[from] Volt Switch\n|move|p2a: Corviknight|Roost|p2a: Corviknight\n|-heal|p2a: Corviknight|82\/100\n|\n|-heal|p2a: Corviknight|88\/100|[from] item: Leftovers\n|upkeep\n|turn|179\n|\n|t:|1700025424\n|switch|p2a: Toxapex|Toxapex, F|64\/100\n|move|p1a: Cryogonal|Freeze-Dry|p2a: Toxapex\n|-supereffective|p2a: Toxapex\n|-damage|p2a: Toxapex|24\/100\n|\n|-heal|p2a: Toxapex|30\/100|[from] item: Black Sludge\n|upkeep\n|turn|180\n|\n|t:|1700025428\n|switch|p2a: Alomomola|Alomomola, M|93\/100\n|move|p1a: Cryogonal|Freeze-Dry|p2a: Alomomola\n|-supereffective|p2a: Alomomola\n|-damage|p2a: Alomomola|52\/100\n|\n|upkeep\n|turn|181\n|\n|t:|1700025441\n|switch|p2a: Toxapex|Toxapex, F|64\/100\n|move|p1a: Cryogonal|Rapid Spin|p2a: Toxapex\n|-damage|p2a: Toxapex|61\/100\n|-boost|p1a: Cryogonal|spe|1\n|-sideend|p1: Cgmaster|Toxic Spikes|[from] move: Rapid Spin|[of] p1a: Cryogonal\n|\n|-heal|p2a: Toxapex|67\/100|[from] item: Black Sludge\n|upkeep\n|turn|182\n|\n|t:|1700025449\n|switch|p1a: Zapdos|Zapdos|85\/100\n|switch|p2a: Alomomola|Alomomola, M|85\/100\n|\n|upkeep\n|turn|183\n|\n|t:|1700025453\n|switch|p2a: Corviknight|Corviknight, M, tera:Electric|88\/100\n|-ability|p2a: Corviknight|Pressure\n|move|p1a: Zapdos|Hurricane|p2a: Corviknight|[miss]\n|-miss|p1a: Zapdos|p2a: Corviknight\n|\n|-heal|p2a: Corviknight|95\/100|[from] item: Leftovers\n|upkeep\n|turn|184\n|\n|t:|1700025456\n|move|p1a: Zapdos|Volt Switch|p2a: Corviknight\n|-resisted|p2a: Corviknight\n|-damage|p2a: Corviknight|77\/100\n|\n|t:|1700025461\n|switch|p1a: Cinderace|Cinderace, M|56\/100|[from] Volt Switch\n|move|p2a: Corviknight|U-turn|p1a: Cinderace\n|-resisted|p1a: Cinderace\n|-damage|p1a: Cinderace|46\/100\n|\n|t:|1700025465\n|switch|p2a: Landorus|Landorus-Therian, M|58\/100|[from] U-turn\n|-ability|p2a: Landorus|Intimidate|boost\n|-unboost|p1a: Cinderace|atk|1\n|\n|upkeep\n|turn|185\n|c|\u2606Cgmaster|You must be a bot\n|\n|t:|1700025478\n|switch|p1a: Slowking|Slowking-Galar, M|100\/100 par\n|move|p2a: Landorus|Earthquake|p1a: Slowking\n|-supereffective|p1a: Slowking\n|-damage|p1a: Slowking|0 fnt\n|faint|p1a: Slowking\n|\n|upkeep\n|\n|t:|1700025487\n|switch|p1a: Cryogonal|Cryogonal|83\/100\n|turn|186\n|\n|t:|1700025492\n|switch|p2a: Toxapex|Toxapex, F|100\/100\n|move|p1a: Cryogonal|Freeze-Dry|p2a: Toxapex\n|-supereffective|p2a: Toxapex\n|-damage|p2a: Toxapex|62\/100\n|\n|-heal|p2a: Toxapex|69\/100|[from] item: Black Sludge\n|upkeep\n|turn|187\n|c|\u2606Cgmaster|True degenerate behavior\n|\n|t:|1700025511\n|switch|p2a: Alomomola|Alomomola, M|100\/100\n|move|p1a: Cryogonal|Rapid Spin|p2a: Alomomola\n|-damage|p2a: Alomomola|97\/100\n|-boost|p1a: Cryogonal|spe|1\n|\n|upkeep\n|turn|188\n|\n|t:|1700025516\n|switch|p2a: Toxapex|Toxapex, F|100\/100\n|move|p1a: Cryogonal|Rapid Spin|p2a: Toxapex\n|-damage|p2a: Toxapex|98\/100\n|-boost|p1a: Cryogonal|spe|1\n|\n|-heal|p2a: Toxapex|100\/100|[from] item: Black Sludge\n|upkeep\n|turn|189\n|inactive|Cgmaster has 90 seconds left.\n|inactive|Cgmaster has 60 seconds left.\n|inactive|Cgmaster has 30 seconds left.\n|inactive|Cgmaster has 20 seconds left.\n|inactive|Cgmaster has 15 seconds left.\n|inactive|Cgmaster has 10 seconds left.\n|inactiveoff|Battle timer is now OFF.\n|\n|t:|1700025612\n|switch|p2a: Alomomola|Alomomola, M|100\/100\n|move|p1a: Cryogonal|Haze|p1a: Cryogonal\n|-clearallboost\n|\n|upkeep\n|turn|190\n|inactive|Battle timer is ON: inactive players will automatically lose when time's up. (requested by Cgmaster)\n|inactive|Cgmaster has 10 seconds left this turn.\n|inactive|Cgmaster has 5 seconds left.\n|\n|t:|1700025623\n|switch|p2a: Toxapex|Toxapex, F|100\/100\n|move|p1a: Cryogonal|Haze|p1a: Cryogonal\n|-clearallboost\n|\n|upkeep\n|turn|191\n|inactive|Cgmaster has 10 seconds left this turn.\n|inactive|Cgmaster has 5 seconds left.\n|-message|Cgmaster lost due to inactivity.\n|\n|win|kdjfjfmgkg\n|raw|Cgmaster's rating: 1089 &rarr; <strong>1070<\/strong><br \/>(-19 for losing)\n|raw|kdjfjfmgkg's rating: 1157 &rarr; <strong>1177<\/strong><br \/>(+20 for winning)\n|c|\u2606Cgmaster|You\u2019re probably a reddit guy\n|c|\u2606Cgmaster|Wasted 20 minutes of both of our lives for 20 rating\n|l|\u2606Cgmaster\n","uploadtime":1700025814,"views":22,"p1id":"cgmaster","p2id":"kdjfjfmgkg","formatid":"gen9ou","rating":1070,"private":0,"password":""}