{"id":"gen9ou-1996138474","p1":"LogicaVietii3","p2":"derl","format":"[Gen 9] OU","log":"|j|\u2606LogicaVietii3\n|j|\u2606derl\n|t:|1700649950\n|gametype|singles\n|player|p1|LogicaVietii3|alder|1633\n|player|p2|derl|102|1644\n|teamsize|p1|6\n|teamsize|p2|6\n|gen|9\n|tier|[Gen 9] OU\n|rated|\n|rule|Sleep Clause Mod: Limit one foe put to sleep\n|rule|Species Clause: Limit one of each Pok\u00e9mon\n|rule|OHKO Clause: OHKO moves are banned\n|rule|Evasion Items Clause: Evasion items are banned\n|rule|Evasion Moves Clause: Evasion moves are banned\n|rule|Endless Battle Clause: Forcing endless battles is banned\n|rule|HP Percentage Mod: HP is shown in percentages\n|clearpoke\n|poke|p1|Maushold|\n|poke|p1|Samurott-Hisui, M|\n|poke|p1|Kingambit, F|\n|poke|p1|Garganacl, M|\n|poke|p1|Amoonguss, M|\n|poke|p1|Weavile, F|\n|poke|p2|Rillaboom, M|\n|poke|p2|Cinderace, M|\n|poke|p2|Kingambit, M|\n|poke|p2|Slowking-Galar, F|\n|poke|p2|Ceruledge, F|\n|poke|p2|Thundurus-Therian, M|\n|teampreview\n|inactive|Battle timer is ON: inactive players will automatically lose when time's up. (requested by LogicaVietii3)\n|j| atec123\n|j| OrganThief\n|inactive|derl has 120 seconds left.\n|\n|t:|1700649988\n|start\n|switch|p1a: Garganacl|Garganacl, M|100\/100\n|switch|p2a: Thundurus|Thundurus-Therian, M|100\/100\n|turn|1\n|\n|t:|1700649999\n|move|p2a: Thundurus|Volt Switch|p1a: Garganacl\n|-damage|p1a: Garganacl|61\/100\n|\n|t:|1700650008\n|switch|p2a: Slowking|Slowking-Galar, F|100\/100|[from] Volt Switch\n|move|p1a: Garganacl|Salt Cure|p2a: Slowking\n|-damage|p2a: Slowking|91\/100\n|-start|p2a: Slowking|Salt Cure\n|\n|-heal|p1a: Garganacl|67\/100|[from] item: Leftovers\n|-damage|p2a: Slowking|79\/100|[from] Salt Cure\n|upkeep\n|turn|2\n|\n|t:|1700650023\n|move|p1a: Garganacl|Recover|p1a: Garganacl\n|-heal|p1a: Garganacl|100\/100\n|move|p2a: Slowking|Chilly Reception|p2a: Slowking\n|-weather|Snow\n|\n|t:|1700650028\n|switch|p2a: Rillaboom|Rillaboom, M|100\/100|[from] Chilly Reception\n|-fieldstart|move: Grassy Terrain|[from] ability: Grassy Surge|[of] p2a: Rillaboom\n|\n|-weather|Snow|[upkeep]\n|upkeep\n|turn|3\n|j| dfghhhg\n|j| mew852\n|\n|t:|1700650036\n|switch|p1a: Amoonguss|Amoonguss, M|100\/100\n|move|p2a: Rillaboom|U-turn|p1a: Amoonguss\n|-damage|p1a: Amoonguss|73\/100\n|-enditem|p1a: Amoonguss|Red Card|[of] p2a: Rillaboom\n|drag|p2a: Ceruledge|Ceruledge, F|100\/100\n|\n|-weather|Snow|[upkeep]\n|-heal|p1a: Amoonguss|79\/100|[from] Grassy Terrain\n|upkeep\n|turn|4\n|\n|t:|1700650047\n|move|p2a: Ceruledge|Swords Dance|p2a: Ceruledge\n|-boost|p2a: Ceruledge|atk|2\n|move|p1a: Amoonguss|Spore|p2a: Ceruledge\n|-status|p2a: Ceruledge|slp|[from] move: Spore\n|\n|-weather|Snow|[upkeep]\n|-heal|p1a: Amoonguss|85\/100|[from] Grassy Terrain\n|upkeep\n|turn|5\n|\n|t:|1700650050\n|cant|p2a: Ceruledge|slp\n|move|p1a: Amoonguss|Foul Play|p2a: Ceruledge\n|-supereffective|p2a: Ceruledge\n|-enditem|p2a: Ceruledge|Focus Sash\n|-damage|p2a: Ceruledge|1\/100 slp\n|-ability|p2a: Ceruledge|Weak Armor|boost\n|-unboost|p2a: Ceruledge|def|1\n|-boost|p2a: Ceruledge|spe|2\n|\n|-weather|Snow|[upkeep]\n|-heal|p2a: Ceruledge|7\/100 slp|[from] Grassy Terrain\n|-heal|p1a: Amoonguss|91\/100|[from] Grassy Terrain\n|upkeep\n|turn|6\n|\n|t:|1700650056\n|switch|p1a: Samurott|Samurott-Hisui, M|100\/100\n|cant|p2a: Ceruledge|slp\n|\n|-weather|none\n|-heal|p2a: Ceruledge|13\/100 slp|[from] Grassy Terrain\n|-fieldend|move: Grassy Terrain\n|upkeep\n|turn|7\n|\n|t:|1700650064\n|switch|p2a: Rillaboom|Rillaboom, M|100\/100\n|-fieldstart|move: Grassy Terrain|[from] ability: Grassy Surge|[of] p2a: Rillaboom\n|move|p1a: Samurott|Aqua Jet|p2a: Rillaboom\n|-resisted|p2a: Rillaboom\n|-damage|p2a: Rillaboom|87\/100\n|\n|-heal|p2a: Rillaboom|93\/100|[from] Grassy Terrain\n|upkeep\n|turn|8\n|\n|t:|1700650069\n|switch|p1a: Amoonguss|Amoonguss, M|100\/100\n|move|p2a: Rillaboom|U-turn|p1a: Amoonguss\n|-damage|p1a: Amoonguss|75\/100\n|\n|t:|1700650073\n|switch|p2a: Ceruledge|Ceruledge, F|13\/100 slp|[from] U-turn\n|\n|-heal|p2a: Ceruledge|19\/100 slp|[from] Grassy Terrain\n|-heal|p1a: Amoonguss|81\/100|[from] Grassy Terrain\n|upkeep\n|turn|9\n|\n|t:|1700650080\n|switch|p1a: Samurott|Samurott-Hisui, M|100\/100\n|cant|p2a: Ceruledge|slp\n|\n|-heal|p2a: Ceruledge|26\/100 slp|[from] Grassy Terrain\n|upkeep\n|turn|10\n|\n|t:|1700650087\n|-curestatus|p2a: Ceruledge|slp|[msg]\n|move|p2a: Ceruledge|Close Combat|p1a: Samurott\n|-supereffective|p1a: Samurott\n|-damage|p1a: Samurott|5\/100\n|-unboost|p2a: Ceruledge|def|1\n|-unboost|p2a: Ceruledge|spd|1\n|move|p1a: Samurott|Ceaseless Edge|p2a: Ceruledge\n|-supereffective|p2a: Ceruledge\n|-damage|p2a: Ceruledge|0 fnt\n|-sidestart|p2: derl|Spikes\n|faint|p2a: Ceruledge\n|\n|-heal|p1a: Samurott|11\/100|[from] Grassy Terrain\n|upkeep\n|inactive|derl has 120 seconds left.\n|\n|t:|1700650119\n|switch|p2a: Rillaboom|Rillaboom, M|93\/100\n|-damage|p2a: Rillaboom|81\/100|[from] Spikes\n|turn|11\n|\n|t:|1700650130\n|switch|p1a: Amoonguss|Amoonguss, M|100\/100\n|move|p2a: Rillaboom|U-turn|p1a: Amoonguss\n|-damage|p1a: Amoonguss|72\/100\n|\n|t:|1700650135\n|switch|p2a: Cinderace|Cinderace, M|100\/100|[from] U-turn\n|\n|-heal|p1a: Amoonguss|78\/100|[from] Grassy Terrain\n|-fieldend|move: Grassy Terrain\n|upkeep\n|turn|12\n|\n|t:|1700650144\n|switch|p1a: Garganacl|Garganacl, M|100\/100\n|move|p2a: Cinderace|U-turn|p1a: Garganacl\n|-start|p2a: Cinderace|typechange|Bug|[from] ability: Libero\n|-damage|p1a: Garganacl|76\/100\n|\n|t:|1700650159\n|switch|p2a: Thundurus|Thundurus-Therian, M|100\/100|[from] U-turn\n|\n|-heal|p1a: Garganacl|83\/100|[from] item: Leftovers\n|upkeep\n|turn|13\n|\n|t:|1700650166\n|move|p2a: Thundurus|Volt Switch|p1a: Garganacl\n|-damage|p1a: Garganacl|39\/100\n|\n|t:|1700650174\n|switch|p2a: Slowking|Slowking-Galar, F|100\/100|[from] Volt Switch\n|-damage|p2a: Slowking|88\/100|[from] Spikes\n|move|p1a: Garganacl|Salt Cure|p2a: Slowking\n|-damage|p2a: Slowking|77\/100\n|-start|p2a: Slowking|Salt Cure\n|\n|-heal|p1a: Garganacl|46\/100|[from] item: Leftovers\n|-damage|p2a: Slowking|65\/100|[from] Salt Cure\n|upkeep\n|turn|14\n|\n|t:|1700650181\n|move|p1a: Garganacl|Recover|p1a: Garganacl\n|-heal|p1a: Garganacl|96\/100\n|move|p2a: Slowking|Future Sight|p1a: Garganacl\n|-start|p2a: Slowking|move: Future Sight\n|\n|-heal|p1a: Garganacl|100\/100|[from] item: Leftovers\n|-damage|p2a: Slowking|52\/100|[from] Salt Cure\n|upkeep\n|turn|15\n|c| OrganThief|court\n|c| OrganThief|change\n|\n|t:|1700650205\n|move|p1a: Garganacl|Iron Defense|p1a: Garganacl\n|-boost|p1a: Garganacl|def|2\n|move|p2a: Slowking|Chilly Reception|p2a: Slowking\n|-weather|Snow\n|\n|t:|1700650217\n|switch|p2a: Thundurus|Thundurus-Therian, M|100\/100|[from] Chilly Reception\n|\n|-weather|Snow|[upkeep]\n|upkeep\n|turn|16\n|\n|t:|1700650227\n|move|p2a: Thundurus|Volt Switch|p1a: Garganacl\n|-damage|p1a: Garganacl|61\/100\n|\n|t:|1700650246\n|switch|p2a: Rillaboom|Rillaboom, M|81\/100|[from] Volt Switch\n|-damage|p2a: Rillaboom|69\/100|[from] Spikes\n|-fieldstart|move: Grassy Terrain|[from] ability: Grassy Surge|[of] p2a: Rillaboom\n|move|p1a: Garganacl|Recover|p1a: Garganacl\n|-heal|p1a: Garganacl|100\/100\n|\n|-weather|Snow|[upkeep]\n|-end|p1a: Garganacl|move: Future Sight\n|-damage|p1a: Garganacl|69\/100\n|-heal|p2a: Rillaboom|75\/100|[from] Grassy Terrain\n|-heal|p1a: Garganacl|75\/100|[from] Grassy Terrain\n|-heal|p1a: Garganacl|82\/100|[from] item: Leftovers\n|upkeep\n|turn|17\n|\n|t:|1700650256\n|move|p2a: Rillaboom|Wood Hammer|p1a: Garganacl\n|-supereffective|p1a: Garganacl\n|-damage|p1a: Garganacl|0 fnt\n|faint|p1a: Garganacl\n|-damage|p2a: Rillaboom|43\/100|[from] Recoil\n|\n|-weather|Snow|[upkeep]\n|-heal|p2a: Rillaboom|49\/100|[from] Grassy Terrain\n|upkeep\n|\n|t:|1700650267\n|switch|p1a: Maushold|Maushold|100\/100\n|turn|18\n|\n|t:|1700650284\n|switch|p2a: Kingambit|Kingambit, M|100\/100\n|-damage|p2a: Kingambit|88\/100|[from] Spikes\n|-activate|p2a: Kingambit|ability: Supreme Overlord\n|-start|p2a: Kingambit|fallen1|[silent]\n|move|p1a: Maushold|Population Bomb|p2a: Kingambit\n|-resisted|p2a: Kingambit\n|-damage|p2a: Kingambit|84\/100\n|-resisted|p2a: Kingambit\n|-damage|p2a: Kingambit|80\/100\n|-resisted|p2a: Kingambit\n|-damage|p2a: Kingambit|75\/100\n|-resisted|p2a: Kingambit\n|-damage|p2a: Kingambit|71\/100\n|-resisted|p2a: Kingambit\n|-damage|p2a: Kingambit|67\/100\n|-resisted|p2a: Kingambit\n|-damage|p2a: Kingambit|63\/100\n|-resisted|p2a: Kingambit\n|-damage|p2a: Kingambit|58\/100\n|-resisted|p2a: Kingambit\n|-damage|p2a: Kingambit|53\/100\n|-resisted|p2a: Kingambit\n|-damage|p2a: Kingambit|49\/100\n|-resisted|p2a: Kingambit\n|-damage|p2a: Kingambit|45\/100\n|-hitcount|p2a: Kingambit|10\n|\n|-weather|Snow|[upkeep]\n|-heal|p2a: Kingambit|51\/100|[from] Grassy Terrain\n|upkeep\n|turn|19\n|\n|t:|1700650297\n|switch|p1a: Kingambit|Kingambit, F|100\/100\n|-activate|p1a: Kingambit|ability: Supreme Overlord\n|-start|p1a: Kingambit|fallen1|[silent]\n|move|p2a: Kingambit|Kowtow Cleave|p1a: Kingambit\n|-resisted|p1a: Kingambit\n|-damage|p1a: Kingambit|78\/100\n|\n|-weather|none\n|-heal|p1a: Kingambit|84\/100|[from] Grassy Terrain\n|-heal|p1a: Kingambit|91\/100|[from] item: Leftovers\n|-heal|p2a: Kingambit|57\/100|[from] Grassy Terrain\n|upkeep\n|turn|20\n|\n|t:|1700650311\n|-end|p2a: Kingambit|fallen1|[silent]\n|switch|p2a: Slowking|Slowking-Galar, F|86\/100\n|-damage|p2a: Slowking|73\/100|[from] Spikes\n|move|p1a: Kingambit|Low Kick|p2a: Slowking\n|-resisted|p2a: Slowking\n|-damage|p2a: Slowking|67\/100\n|\n|-heal|p1a: Kingambit|97\/100|[from] Grassy Terrain\n|-heal|p1a: Kingambit|100\/100|[from] item: Leftovers\n|-heal|p2a: Slowking|73\/100|[from] Grassy Terrain\n|-fieldend|move: Grassy Terrain\n|upkeep\n|turn|21\n|\n|t:|1700650325\n|move|p1a: Kingambit|Kowtow Cleave|p2a: Slowking\n|-supereffective|p2a: Slowking\n|-enditem|p2a: Slowking|Colbur Berry|[eat]\n|-enditem|p2a: Slowking|Colbur Berry|[weaken]\n|-damage|p2a: Slowking|31\/100\n|move|p2a: Slowking|Chilly Reception|p2a: Slowking\n|-weather|Snow\n|\n|t:|1700650340\n|switch|p2a: Cinderace|Cinderace, M|100\/100|[from] Chilly Reception\n|\n|-weather|Snow|[upkeep]\n|upkeep\n|turn|22\n|\n|t:|1700650351\n|-end|p1a: Kingambit|fallen1|[silent]\n|switch|p1a: Samurott|Samurott-Hisui, M|11\/100\n|move|p2a: Cinderace|Court Change|p2a: Cinderace\n|-start|p2a: Cinderace|typechange|Normal|[from] ability: Libero\n|-swapsideconditions\n|-activate|p2a: Cinderace|move: Court Change\n|\n|-weather|Snow|[upkeep]\n|upkeep\n|turn|23\n|\n|t:|1700650357\n|move|p1a: Samurott|Aqua Jet|p2a: Cinderace\n|-damage|p2a: Cinderace|64\/100\n|move|p2a: Cinderace|U-turn|p1a: Samurott\n|-supereffective|p1a: Samurott\n|-damage|p1a: Samurott|0 fnt\n|faint|p1a: Samurott\n|\n|t:|1700650369\n|switch|p2a: Rillaboom|Rillaboom, M|49\/100|[from] U-turn\n|-fieldstart|move: Grassy Terrain|[from] ability: Grassy Surge|[of] p2a: Rillaboom\n|\n|-weather|Snow|[upkeep]\n|-heal|p2a: Rillaboom|56\/100|[from] Grassy Terrain\n|upkeep\n|\n|t:|1700650376\n|switch|p1a: Amoonguss|Amoonguss, M|100\/100\n|-damage|p1a: Amoonguss|88\/100|[from] Spikes\n|turn|24\n|\n|t:|1700650391\n|move|p2a: Rillaboom|U-turn|p1a: Amoonguss\n|-damage|p1a: Amoonguss|61\/100\n|\n|t:|1700650396\n|switch|p2a: Cinderace|Cinderace, M|64\/100|[from] U-turn\n|move|p1a: Amoonguss|Spore|p2a: Cinderace\n|-status|p2a: Cinderace|slp|[from] move: Spore\n|\n|-weather|Snow|[upkeep]\n|-heal|p2a: Cinderace|70\/100 slp|[from] Grassy Terrain\n|-heal|p1a: Amoonguss|67\/100|[from] Grassy Terrain\n|upkeep\n|turn|25\n|\n|t:|1700650405\n|switch|p2a: Kingambit|Kingambit, M|57\/100\n|-activate|p2a: Kingambit|ability: Supreme Overlord\n|-start|p2a: Kingambit|fallen1|[silent]\n|switch|p1a: Maushold|Maushold|100\/100\n|-damage|p1a: Maushold|88\/100|[from] Spikes\n|\n|-weather|none\n|-heal|p1a: Maushold|94\/100|[from] Grassy Terrain\n|-heal|p2a: Kingambit|64\/100|[from] Grassy Terrain\n|upkeep\n|turn|26\n|\n|t:|1700650422\n|switch|p1a: Kingambit|Kingambit, F|100\/100\n|-damage|p1a: Kingambit|88\/100|[from] Spikes\n|-activate|p1a: Kingambit|ability: Supreme Overlord\n|-start|p1a: Kingambit|fallen2|[silent]\n|move|p2a: Kingambit|Kowtow Cleave|p1a: Kingambit\n|-resisted|p1a: Kingambit\n|-damage|p1a: Kingambit|66\/100\n|\n|-heal|p1a: Kingambit|72\/100|[from] Grassy Terrain\n|-heal|p1a: Kingambit|79\/100|[from] item: Leftovers\n|-heal|p2a: Kingambit|70\/100|[from] Grassy Terrain\n|upkeep\n|turn|27\n|\n|t:|1700650434\n|-terastallize|p1a: Kingambit|Fighting\n|move|p1a: Kingambit|Swords Dance|p1a: Kingambit\n|-boost|p1a: Kingambit|atk|2\n|move|p2a: Kingambit|Kowtow Cleave|p1a: Kingambit\n|-resisted|p1a: Kingambit\n|-damage|p1a: Kingambit|59\/100\n|\n|-heal|p1a: Kingambit|65\/100|[from] Grassy Terrain\n|-heal|p1a: Kingambit|71\/100|[from] item: Leftovers\n|-heal|p2a: Kingambit|76\/100|[from] Grassy Terrain\n|-fieldend|move: Grassy Terrain\n|upkeep\n|turn|28\n|\n|t:|1700650445\n|move|p2a: Kingambit|Sucker Punch|p1a: Kingambit\n|-resisted|p1a: Kingambit\n|-damage|p1a: Kingambit|54\/100\n|move|p1a: Kingambit|Kowtow Cleave|p2a: Kingambit\n|-resisted|p2a: Kingambit\n|-damage|p2a: Kingambit|26\/100\n|\n|-heal|p1a: Kingambit|60\/100|[from] item: Leftovers\n|upkeep\n|turn|29\n|\n|t:|1700650451\n|move|p1a: Kingambit|Kowtow Cleave|p2a: Kingambit\n|-resisted|p2a: Kingambit\n|-damage|p2a: Kingambit|0 fnt\n|faint|p2a: Kingambit\n|-end|p2a: Kingambit|fallen1|[silent]\n|\n|-heal|p1a: Kingambit|66\/100|[from] item: Leftovers\n|upkeep\n|\n|t:|1700650454\n|switch|p2a: Rillaboom|Rillaboom, M|56\/100\n|-fieldstart|move: Grassy Terrain|[from] ability: Grassy Surge|[of] p2a: Rillaboom\n|turn|30\n|\n|t:|1700650459\n|-end|p1a: Kingambit|fallen2|[silent]\n|switch|p1a: Amoonguss|Amoonguss, M|99\/100\n|-damage|p1a: Amoonguss|88\/100|[from] Spikes\n|move|p2a: Rillaboom|Grassy Glide|p1a: Amoonguss\n|-resisted|p1a: Amoonguss\n|-damage|p1a: Amoonguss|77\/100\n|\n|-heal|p2a: Rillaboom|62\/100|[from] Grassy Terrain\n|-heal|p1a: Amoonguss|83\/100|[from] Grassy Terrain\n|upkeep\n|turn|31\n|inactive|derl has 120 seconds left.\n|\n|t:|1700650492\n|switch|p2a: Cinderace|Cinderace, M|70\/100 slp\n|move|p1a: Amoonguss|Sludge Bomb|p2a: Cinderace\n|-damage|p2a: Cinderace|34\/100 slp\n|\n|-heal|p2a: Cinderace|40\/100 slp|[from] Grassy Terrain\n|-heal|p1a: Amoonguss|90\/100|[from] Grassy Terrain\n|upkeep\n|turn|32\n|\n|t:|1700650501\n|cant|p2a: Cinderace|slp\n|move|p1a: Amoonguss|Foul Play|p2a: Cinderace\n|-damage|p2a: Cinderace|0 fnt\n|faint|p2a: Cinderace\n|\n|-heal|p1a: Amoonguss|96\/100|[from] Grassy Terrain\n|upkeep\n|\n|t:|1700650509\n|switch|p2a: Thundurus|Thundurus-Therian, M|100\/100\n|turn|33\n|\n|t:|1700650523\n|switch|p1a: Maushold|Maushold|94\/100\n|-damage|p1a: Maushold|82\/100|[from] Spikes\n|-terastallize|p2a: Thundurus|Flying\n|move|p2a: Thundurus|Tera Blast|p1a: Maushold|[anim] Tera Blast Flying\n|-damage|p1a: Maushold|0 fnt\n|faint|p1a: Maushold\n|\n|upkeep\n|\n|t:|1700650527\n|switch|p1a: Weavile|Weavile, F|100\/100\n|-ability|p1a: Weavile|Pressure\n|turn|34\n|\n|t:|1700650537\n|switch|p2a: Slowking|Slowking-Galar, F|65\/100\n|move|p1a: Weavile|Ice Spinner|p2a: Slowking\n|-damage|p2a: Slowking|36\/100\n|-fieldend|move: Grassy Terrain\n|\n|upkeep\n|turn|35\n|\n|t:|1700650551\n|move|p1a: Weavile|Swords Dance|p1a: Weavile\n|-boost|p1a: Weavile|atk|2\n|move|p2a: Slowking|Chilly Reception|p2a: Slowking\n|-weather|Snow\n|\n|t:|1700650565\n|switch|p2a: Rillaboom|Rillaboom, M|62\/100|[from] Chilly Reception\n|-fieldstart|move: Grassy Terrain|[from] ability: Grassy Surge|[of] p2a: Rillaboom\n|\n|-weather|Snow|[upkeep]\n|-heal|p2a: Rillaboom|68\/100|[from] Grassy Terrain\n|upkeep\n|turn|36\n|\n|t:|1700650569\n|move|p1a: Weavile|Ice Shard|p2a: Rillaboom\n|-supereffective|p2a: Rillaboom\n|-damage|p2a: Rillaboom|0 fnt\n|faint|p2a: Rillaboom\n|\n|-weather|Snow|[upkeep]\n|upkeep\n|c|\u2606LogicaVietii3|Gg\n|\n|t:|1700650578\n|switch|p2a: Slowking|Slowking-Galar, F|70\/100\n|turn|37\n|\n|t:|1700650584\n|move|p1a: Weavile|Knock Off|p2a: Slowking\n|-supereffective|p2a: Slowking\n|-damage|p2a: Slowking|0 fnt\n|faint|p2a: Slowking\n|\n|-weather|Snow|[upkeep]\n|upkeep\n|\n|t:|1700650586\n|switch|p2a: Thundurus|Thundurus-Therian, M, tera:Flying|100\/100\n|turn|38\n|c|\u2606derl|gg\n|\n|t:|1700650594\n|move|p1a: Weavile|Ice Shard|p2a: Thundurus\n|-supereffective|p2a: Thundurus\n|-damage|p2a: Thundurus|0 fnt\n|faint|p2a: Thundurus\n|\n|win|LogicaVietii3\n|raw|LogicaVietii3's rating: 1633 &rarr; <strong>1654<\/strong><br \/>(+21 for winning)\n|raw|derl's rating: 1644 &rarr; <strong>1623<\/strong><br \/>(-21 for losing)\n|l|\u2606derl\n|l|\u2606LogicaVietii3\n","uploadtime":1700650614,"views":0,"p1id":"logicavietii3","p2id":"derl","formatid":"gen9ou","rating":1623,"private":0,"password":""}