{"id":"gen9ou-1990872722","p1":"BlueLamentation","p2":"AubreyOmori1","format":"[Gen 9] OU","log":"|j|\u2606BlueLamentation\n|j|\u2606AubreyOmori1\n|t:|1700009908\n|gametype|singles\n|player|p1|BlueLamentation|harlequin|1212\n|player|p2|AubreyOmori1|roxie|1275\n|teamsize|p1|6\n|teamsize|p2|6\n|gen|9\n|tier|[Gen 9] OU\n|rated|\n|rule|Sleep Clause Mod: Limit one foe put to sleep\n|rule|Species Clause: Limit one of each Pok\u00e9mon\n|rule|OHKO Clause: OHKO moves are banned\n|rule|Evasion Items Clause: Evasion items are banned\n|rule|Evasion Moves Clause: Evasion moves are banned\n|rule|Endless Battle Clause: Forcing endless battles is banned\n|rule|HP Percentage Mod: HP is shown in percentages\n|clearpoke\n|poke|p1|Muk-Alola, F|\n|poke|p1|Rillaboom, M|\n|poke|p1|Gholdengo|\n|poke|p1|Maushold|\n|poke|p1|Gastrodon-East, F|\n|poke|p1|Moltres|\n|poke|p2|Rillaboom, M|\n|poke|p2|Ogerpon-Wellspring, F|\n|poke|p2|Sneasler, F|\n|poke|p2|Manaphy|\n|poke|p2|Kingambit, M|\n|poke|p2|Heatran, M|\n|teampreview\n|inactive|Battle timer is ON: inactive players will automatically lose when time's up. (requested by BlueLamentation)\n|\n|t:|1700009922\n|start\n|switch|p1a: Rillaboom|Rillaboom, M|100\/100\n|switch|p2a: Donkey Kong|Rillaboom, M, shiny|100\/100\n|-fieldstart|move: Grassy Terrain|[from] ability: Grassy Surge|[of] p1a: Rillaboom\n|turn|1\n|\n|t:|1700009927\n|move|p1a: Rillaboom|U-turn|p2a: Donkey Kong\n|-supereffective|p2a: Donkey Kong\n|-damage|p2a: Donkey Kong|30\/100\n|\n|t:|1700009930\n|switch|p1a: Moltres|Moltres|100\/100|[from] U-turn\n|move|p2a: Donkey Kong|Knock Off|p1a: Moltres\n|-damage|p1a: Moltres|39\/100\n|-enditem|p1a: Moltres|Heavy-Duty Boots|[from] move: Knock Off|[of] p2a: Donkey Kong\n|\n|-heal|p2a: Donkey Kong|36\/100|[from] Grassy Terrain\n|upkeep\n|turn|2\n|\n|t:|1700009936\n|switch|p2a: Firey|Heatran, M, shiny|100\/100\n|-item|p2a: Firey|Air Balloon\n|move|p1a: Moltres|U-turn|p2a: Firey\n|-resisted|p2a: Firey\n|-damage|p2a: Firey|97\/100\n|-enditem|p2a: Firey|Air Balloon\n|\n|t:|1700009948\n|switch|p1a: Gastrodon|Gastrodon-East, F|100\/100|[from] U-turn\n|\n|-heal|p2a: Firey|100\/100|[from] Grassy Terrain\n|upkeep\n|turn|3\n|\n|t:|1700009951\n|switch|p2a: Mari|Manaphy, shiny|100\/100\n|move|p1a: Gastrodon|Stealth Rock|p2a: Mari\n|-sidestart|p2: AubreyOmori1|move: Stealth Rock\n|\n|upkeep\n|turn|4\n|\n|t:|1700009957\n|switch|p1a: Rillaboom|Rillaboom, M|100\/100\n|move|p2a: Mari|Tail Glow|p2a: Mari\n|-boost|p2a: Mari|spa|3\n|\n|upkeep\n|turn|5\n|\n|t:|1700009963\n|-terastallize|p2a: Mari|Grass\n|move|p2a: Mari|Ice Beam|p1a: Rillaboom\n|-supereffective|p1a: Rillaboom\n|-damage|p1a: Rillaboom|0 fnt\n|faint|p1a: Rillaboom\n|\n|-fieldend|move: Grassy Terrain\n|upkeep\n|\n|t:|1700009968\n|switch|p1a: Maushold|Maushold|100\/100\n|turn|6\n|\n|t:|1700009972\n|-terastallize|p1a: Maushold|Normal\n|move|p1a: Maushold|Population Bomb|p2a: Mari\n|-damage|p2a: Mari|88\/100\n|-damage|p2a: Mari|74\/100\n|-damage|p2a: Mari|61\/100\n|-damage|p2a: Mari|48\/100\n|-enditem|p2a: Mari|Sitrus Berry|[eat]\n|-heal|p2a: Mari|73\/100|[from] item: Sitrus Berry\n|-damage|p2a: Mari|60\/100\n|-damage|p2a: Mari|47\/100\n|-hitcount|p2a: Mari|6\n|move|p2a: Mari|Surf|p1a: Maushold\n|-damage|p1a: Maushold|0 fnt\n|faint|p1a: Maushold\n|\n|upkeep\n|c|\u2606BlueLamentation|lovely 1% :(\n|\n|t:|1700009994\n|switch|p1a: Gholdengo|Gholdengo|100\/100\n|turn|7\n|\n|t:|1700009998\n|move|p1a: Gholdengo|Make It Rain|p2a: Mari\n|-damage|p2a: Mari|0 fnt\n|-unboost|p1a: Gholdengo|spa|1\n|faint|p2a: Mari\n|\n|upkeep\n|\n|t:|1700010008\n|switch|p2a: Donkey Kong|Rillaboom, M, shiny|36\/100\n|-damage|p2a: Donkey Kong|23\/100|[from] Stealth Rock\n|-fieldstart|move: Grassy Terrain|[from] ability: Grassy Surge|[of] p2a: Donkey Kong\n|turn|8\n|\n|t:|1700010011\n|move|p1a: Gholdengo|Make It Rain|p2a: Donkey Kong\n|-damage|p2a: Donkey Kong|0 fnt\n|-unboost|p1a: Gholdengo|spa|1\n|faint|p2a: Donkey Kong\n|\n|upkeep\n|\n|t:|1700010016\n|switch|p2a: Gangle|Ogerpon-Wellspring, F|100\/100\n|-damage|p2a: Gangle|88\/100|[from] Stealth Rock\n|turn|9\n|\n|t:|1700010022\n|switch|p1a: Gastrodon|Gastrodon-East, F|100\/100\n|move|p2a: Gangle|Encore||[still]\n|-fail|p2a: Gangle\n|\n|-heal|p2a: Gangle|94\/100|[from] Grassy Terrain\n|upkeep\n|turn|10\n|\n|t:|1700010033\n|switch|p1a: Muk|Muk-Alola, F, shiny|100\/100\n|move|p2a: Gangle|Swords Dance|p2a: Gangle\n|-boost|p2a: Gangle|atk|2\n|\n|-heal|p2a: Gangle|99\/100|[from] Grassy Terrain\n|upkeep\n|turn|11\n|\n|t:|1700010036\n|move|p2a: Gangle|Ivy Cudgel|p1a: Muk|[anim] Ivy Cudgel Water\n|-damage|p1a: Muk|0 fnt\n|faint|p1a: Muk\n|\n|-heal|p2a: Gangle|100\/100|[from] Grassy Terrain\n|upkeep\n|\n|t:|1700010044\n|switch|p1a: Gholdengo|Gholdengo|100\/100\n|turn|12\n|\n|t:|1700010050\n|move|p1a: Gholdengo|Shadow Ball|p2a: Gangle\n|-damage|p2a: Gangle|44\/100\n|move|p2a: Gangle|Ivy Cudgel|p1a: Gholdengo|[anim] Ivy Cudgel Water\n|-damage|p1a: Gholdengo|0 fnt\n|faint|p1a: Gholdengo\n|\n|-heal|p2a: Gangle|50\/100|[from] Grassy Terrain\n|-fieldend|move: Grassy Terrain\n|upkeep\n|-message|BlueLamentation forfeited.\n|\n|win|AubreyOmori1\n|raw|BlueLamentation's rating: 1212 &rarr; <strong>1191<\/strong><br \/>(-21 for losing)\n|raw|AubreyOmori1's rating: 1275 &rarr; <strong>1296<\/strong><br \/>(+21 for winning)\n|l|\u2606BlueLamentation\n","uploadtime":1700010063,"views":15,"p1id":"bluelamentation","p2id":"aubreyomori1","formatid":"gen9ou","rating":1191,"private":0,"password":""}