{"id":"gen9ou-1990110319","p1":"apexofdelta","p2":"ELopez03","format":"[Gen 9] OU","log":"|j|\u2606apexofdelta\n|j|\u2606ELopez03\n|t:|1699925629\n|gametype|singles\n|player|p1|apexofdelta|alec-anime|1306\n|player|p2|ELopez03|170|1356\n|teamsize|p1|6\n|teamsize|p2|6\n|gen|9\n|tier|[Gen 9] OU\n|rated|\n|rule|Sleep Clause Mod: Limit one foe put to sleep\n|rule|Species Clause: Limit one of each Pok\u00e9mon\n|rule|OHKO Clause: OHKO moves are banned\n|rule|Evasion Items Clause: Evasion items are banned\n|rule|Evasion Moves Clause: Evasion moves are banned\n|rule|Endless Battle Clause: Forcing endless battles is banned\n|rule|HP Percentage Mod: HP is shown in percentages\n|clearpoke\n|poke|p1|Cinderace, M|\n|poke|p1|Great Tusk|\n|poke|p1|Weavile, M|\n|poke|p1|Kingambit, M|\n|poke|p1|Iron Valiant|\n|poke|p1|Dragapult, M|\n|poke|p2|Landorus-Therian, M|\n|poke|p2|Gholdengo|\n|poke|p2|Heatran, M|\n|poke|p2|Corviknight, M|\n|poke|p2|Greninja-*, F|\n|poke|p2|Breloom, M|\n|teampreview\n|inactive|Battle timer is ON: inactive players will automatically lose when time's up. (requested by apexofdelta)\n|\n|t:|1699925635\n|start\n|switch|p1a: Dragapult|Dragapult, M|100\/100\n|switch|p2a: Breloom|Breloom, M, shiny|100\/100\n|turn|1\n|\n|t:|1699925645\n|switch|p2a: Heatran|Heatran, M, shiny|100\/100\n|move|p1a: Dragapult|Shadow Ball|p2a: Heatran\n|-damage|p2a: Heatran|69\/100\n|\n|-heal|p2a: Heatran|75\/100|[from] item: Leftovers\n|upkeep\n|turn|2\n|\n|t:|1699925659\n|move|p1a: Dragapult|Shadow Ball|p2a: Heatran\n|-damage|p2a: Heatran|44\/100\n|move|p2a: Heatran|Magma Storm|p1a: Dragapult\n|-resisted|p1a: Dragapult\n|-damage|p1a: Dragapult|73\/100\n|-activate|p1a: Dragapult|move: Magma Storm|[of] p2a: Heatran\n|\n|-heal|p2a: Heatran|50\/100|[from] item: Leftovers\n|-damage|p1a: Dragapult|61\/100|[from] move: Magma Storm|[partiallytrapped]\n|upkeep\n|turn|3\n|\n|t:|1699925668\n|switch|p2a: Breloom|Breloom, M, shiny|100\/100\n|move|p1a: Dragapult|Shadow Ball|p2a: Breloom\n|-damage|p2a: Breloom|1\/100\n|-unboost|p2a: Breloom|spd|1\n|\n|-end|p1a: Dragapult|Magma Storm|[partiallytrapped]|[silent]\n|upkeep\n|turn|4\n|\n|t:|1699925679\n|switch|p2a: Corviknight|Corviknight, M, shiny|100\/100\n|-ability|p2a: Corviknight|Pressure\n|move|p1a: Dragapult|Shadow Ball|p2a: Corviknight\n|-damage|p2a: Corviknight|45\/100\n|\n|upkeep\n|turn|5\n|\n|t:|1699925699\n|move|p1a: Dragapult|Shadow Ball|p2a: Corviknight\n|-damage|p2a: Corviknight|0 fnt\n|faint|p2a: Corviknight\n|\n|upkeep\n|\n|t:|1699925703\n|switch|p2a: Greninja|Greninja, F, shiny|100\/100\n|turn|6\n|\n|t:|1699925707\n|switch|p1a: Iron Valiant|Iron Valiant, shiny|100\/100\n|-enditem|p1a: Iron Valiant|Booster Energy\n|-activate|p1a: Iron Valiant|ability: Quark Drive|[fromitem]\n|-start|p1a: Iron Valiant|quarkdrivespe\n|move|p2a: Greninja|Dark Pulse|p1a: Iron Valiant\n|-start|p2a: Greninja|typechange|Dark|[from] ability: Protean\n|-resisted|p1a: Iron Valiant\n|-damage|p1a: Iron Valiant|77\/100\n|\n|upkeep\n|turn|7\n|\n|t:|1699925719\n|switch|p2a: Gholdengo|Gholdengo, shiny|100\/100\n|move|p1a: Iron Valiant|Moonblast|p2a: Gholdengo\n|-resisted|p2a: Gholdengo\n|-damage|p2a: Gholdengo|73\/100\n|-unboost|p2a: Gholdengo|spa|1\n|\n|upkeep\n|turn|8\n|\n|t:|1699925731\n|move|p1a: Iron Valiant|Thunderbolt|p2a: Gholdengo\n|-damage|p2a: Gholdengo|37\/100\n|-status|p2a: Gholdengo|par\n|cant|p2a: Gholdengo|par\n|\n|upkeep\n|turn|9\n|\n|t:|1699925752\n|switch|p2a: Landorus|Landorus-Therian, M, shiny|100\/100\n|-ability|p2a: Landorus|Intimidate|boost\n|-unboost|p1a: Iron Valiant|atk|1\n|move|p1a: Iron Valiant|Thunderbolt|p2a: Landorus\n|-immune|p2a: Landorus\n|\n|upkeep\n|turn|10\n|\n|t:|1699925758\n|move|p1a: Iron Valiant|Moonblast|p2a: Landorus\n|-damage|p2a: Landorus|49\/100\n|-unboost|p2a: Landorus|spa|1\n|move|p2a: Landorus|Stealth Rock|p1a: Iron Valiant\n|-sidestart|p1: apexofdelta|move: Stealth Rock\n|\n|-heal|p2a: Landorus|55\/100|[from] item: Leftovers\n|upkeep\n|turn|11\n|\n|t:|1699925765\n|move|p1a: Iron Valiant|Moonblast|p2a: Landorus\n|-damage|p2a: Landorus|0 fnt\n|faint|p2a: Landorus\n|\n|upkeep\n|\n|t:|1699925769\n|switch|p2a: Greninja|Greninja, F, shiny|100\/100\n|turn|12\n|\n|t:|1699925777\n|-terastallize|p2a: Greninja|Water\n|move|p1a: Iron Valiant|Moonblast|p2a: Greninja\n|-damage|p2a: Greninja|24\/100\n|move|p2a: Greninja|Hydro Pump|p1a: Iron Valiant|[miss]\n|-miss|p2a: Greninja|p1a: Iron Valiant\n|\n|upkeep\n|turn|13\n|\n|t:|1699925783\n|move|p1a: Iron Valiant|Moonblast|p2a: Greninja\n|-damage|p2a: Greninja|0 fnt\n|faint|p2a: Greninja\n|\n|upkeep\n|\n|t:|1699925786\n|switch|p2a: Breloom|Breloom, M, shiny|1\/100\n|turn|14\n|\n|t:|1699925790\n|move|p1a: Iron Valiant|Moonblast|p2a: Breloom\n|-supereffective|p2a: Breloom\n|-damage|p2a: Breloom|0 fnt\n|faint|p2a: Breloom\n|\n|upkeep\n|\n|t:|1699925791\n|switch|p2a: Heatran|Heatran, M, shiny|50\/100\n|turn|15\n|\n|t:|1699925795\n|move|p1a: Iron Valiant|Aura Sphere|p2a: Heatran\n|-supereffective|p2a: Heatran\n|-damage|p2a: Heatran|3\/100\n|move|p2a: Heatran|Magma Storm|p1a: Iron Valiant|[miss]\n|-miss|p2a: Heatran|p1a: Iron Valiant\n|\n|-heal|p2a: Heatran|10\/100|[from] item: Leftovers\n|upkeep\n|turn|16\n|c|\u2606ELopez03|damn\n|c|\u2606ELopez03|lmao\n|c|\u2606apexofdelta|sorry bro\n|c|\u2606ELopez03|everything went wrong\n|c|\u2606ELopez03|ggs\n|c|\u2606apexofdelta|ggs man\n|\n|t:|1699925823\n|move|p1a: Iron Valiant|Thunderbolt|p2a: Heatran\n|-damage|p2a: Heatran|0 fnt\n|faint|p2a: Heatran\n|\n|upkeep\n|\n|t:|1699925824\n|switch|p2a: Gholdengo|Gholdengo, shiny|37\/100 par\n|turn|17\n|\n|t:|1699925829\n|-terastallize|p1a: Iron Valiant|Ground\n|move|p1a: Iron Valiant|Tera Blast|p2a: Gholdengo|[anim] Tera Blast Ground\n|-supereffective|p2a: Gholdengo\n|-crit|p2a: Gholdengo\n|-damage|p2a: Gholdengo|0 fnt\n|faint|p2a: Gholdengo\n|\n|win|apexofdelta\n|raw|apexofdelta's rating: 1306 &rarr; <strong>1329<\/strong><br \/>(+23 for winning)\n|raw|ELopez03's rating: 1356 &rarr; <strong>1333<\/strong><br \/>(-23 for losing)\n","uploadtime":1699925836,"views":18,"p1id":"apexofdelta","p2id":"elopez03","formatid":"gen9ou","rating":1329,"private":0,"password":""}