{"id":"gen9ou-2000653475","p1":"Ehan9681","p2":"Esterification","format":"[Gen 9] OU","log":"|j|\u2606Ehan9681\n|j|\u2606Esterification\n|t:|1701214925\n|gametype|singles\n|player|p1|Ehan9681|li|1257\n|player|p2|Esterification|n|1341\n|teamsize|p1|6\n|teamsize|p2|6\n|gen|9\n|tier|[Gen 9] OU\n|rated|\n|rule|Sleep Clause Mod: Limit one foe put to sleep\n|rule|Species Clause: Limit one of each Pok\u00e9mon\n|rule|OHKO Clause: OHKO moves are banned\n|rule|Evasion Items Clause: Evasion items are banned\n|rule|Evasion Moves Clause: Evasion moves are banned\n|rule|Endless Battle Clause: Forcing endless battles is banned\n|rule|HP Percentage Mod: HP is shown in percentages\n|clearpoke\n|poke|p1|Ogerpon-Wellspring, F|\n|poke|p1|Blissey, F|\n|poke|p1|Cinderace, F|\n|poke|p1|Greninja-*, M|\n|poke|p1|Ambipom, F|\n|poke|p1|Skeledirge, F|\n|poke|p2|Iron Valiant|\n|poke|p2|Great Tusk|\n|poke|p2|Dragapult, F|\n|poke|p2|Ogerpon-Cornerstone, F|\n|poke|p2|Braviary-Hisui, M|\n|poke|p2|Empoleon, M|\n|teampreview\n|inactive|Battle timer is ON: inactive players will automatically lose when time's up. (requested by Esterification)\n|inactive|Ehan9681 also wants the timer to be on.\n|inactive|Esterification has 120 seconds left.\n|\n|t:|1701214970\n|start\n|switch|p1a: Ambipom|Ambipom, F|100\/100\n|switch|p2a: Ogerpon|Ogerpon-Cornerstone, F|100\/100\n|turn|1\n|\n|t:|1701214982\n|move|p1a: Ambipom|Fake Out|p2a: Ogerpon\n|-resisted|p2a: Ogerpon\n|-damage|p2a: Ogerpon|84\/100\n|cant|p2a: Ogerpon|flinch\n|\n|upkeep\n|turn|2\n|\n|t:|1701214988\n|move|p1a: Ambipom|U-turn|p2a: Ogerpon\n|-supereffective|p2a: Ogerpon\n|-damage|p2a: Ogerpon|32\/100\n|\n|t:|1701214996\n|switch|p1a: Ogerpon|Ogerpon-Wellspring, F|100\/100|[from] U-turn\n|move|p2a: Ogerpon|Ivy Cudgel|p1a: Ogerpon|[anim] Ivy Cudgel Rock\n|-damage|p1a: Ogerpon|22\/100\n|\n|upkeep\n|turn|3\n|\n|t:|1701215005\n|move|p2a: Ogerpon|Trailblaze|p1a: Ogerpon\n|-damage|p1a: Ogerpon|0 fnt\n|-boost|p2a: Ogerpon|spe|1\n|faint|p1a: Ogerpon\n|\n|upkeep\n|\n|t:|1701215008\n|switch|p1a: Ambipom|Ambipom, F|100\/100\n|turn|4\n|\n|t:|1701215014\n|move|p1a: Ambipom|Fake Out|p2a: Ogerpon\n|-resisted|p2a: Ogerpon\n|-damage|p2a: Ogerpon|13\/100\n|cant|p2a: Ogerpon|flinch\n|\n|upkeep\n|turn|5\n|\n|t:|1701215022\n|switch|p1a: Greninja|Greninja, M|100\/100\n|move|p2a: Ogerpon|Ivy Cudgel|p1a: Greninja|[anim] Ivy Cudgel Rock\n|-crit|p1a: Greninja\n|-damage|p1a: Greninja|0 fnt\n|faint|p1a: Greninja\n|\n|upkeep\n|\n|t:|1701215024\n|switch|p1a: Ambipom|Ambipom, F|100\/100\n|turn|6\n|\n|t:|1701215028\n|move|p1a: Ambipom|Fake Out|p2a: Ogerpon\n|-resisted|p2a: Ogerpon\n|-damage|p2a: Ogerpon|0 fnt\n|faint|p2a: Ogerpon\n|\n|upkeep\n|\n|t:|1701215043\n|switch|p2a: Empoleon|Empoleon, M, shiny|100\/100\n|turn|7\n|\n|t:|1701215048\n|move|p1a: Ambipom|Knock Off|p2a: Empoleon\n|-damage|p2a: Empoleon|73\/100\n|-enditem|p2a: Empoleon|Leftovers|[from] move: Knock Off|[of] p1a: Ambipom\n|move|p2a: Empoleon|Stealth Rock|p1a: Ambipom\n|-sidestart|p1: Ehan9681|move: Stealth Rock\n|\n|upkeep\n|turn|8\n|\n|t:|1701215055\n|move|p1a: Ambipom|U-turn|p2a: Empoleon\n|-resisted|p2a: Empoleon\n|-damage|p2a: Empoleon|65\/100\n|\n|t:|1701215058\n|switch|p1a: Blissey|Blissey, F|100\/100|[from] U-turn\n|move|p2a: Empoleon|Roar|p1a: Blissey\n|drag|p1a: Ambipom|Ambipom, F|100\/100\n|-damage|p1a: Ambipom|88\/100|[from] Stealth Rock\n|\n|upkeep\n|turn|9\n|\n|t:|1701215069\n|move|p1a: Ambipom|Fake Out|p2a: Empoleon\n|-resisted|p2a: Empoleon\n|-damage|p2a: Empoleon|54\/100\n|cant|p2a: Empoleon|flinch\n|\n|upkeep\n|turn|10\n|\n|t:|1701215074\n|move|p1a: Ambipom|U-turn|p2a: Empoleon\n|-resisted|p2a: Empoleon\n|-damage|p2a: Empoleon|45\/100\n|\n|t:|1701215076\n|switch|p1a: Skeledirge|Skeledirge, F|100\/100|[from] U-turn\n|move|p2a: Empoleon|Roost|p2a: Empoleon\n|-heal|p2a: Empoleon|95\/100\n|-singleturn|p2a: Empoleon|move: Roost\n|\n|upkeep\n|turn|11\n|inactive|Esterification has 120 seconds left.\n|\n|t:|1701215107\n|move|p1a: Skeledirge|Will-O-Wisp|p2a: Empoleon\n|-status|p2a: Empoleon|brn\n|move|p2a: Empoleon|Surf|p1a: Skeledirge\n|-supereffective|p1a: Skeledirge\n|-damage|p1a: Skeledirge|49\/100\n|\n|-damage|p2a: Empoleon|89\/100 brn|[from] brn\n|upkeep\n|turn|12\n|\n|t:|1701215119\n|switch|p1a: Blissey|Blissey, F|100\/100\n|move|p2a: Empoleon|Surf|p1a: Blissey\n|-damage|p1a: Blissey|91\/100\n|\n|-damage|p2a: Empoleon|82\/100 brn|[from] brn\n|upkeep\n|turn|13\n|\n|t:|1701215125\n|move|p1a: Blissey|Thunder Wave|p2a: Empoleon|[miss]\n|-miss|p1a: Blissey|p2a: Empoleon\n|move|p2a: Empoleon|Roar|p1a: Blissey\n|drag|p1a: Skeledirge|Skeledirge, F|49\/100\n|\n|-damage|p2a: Empoleon|76\/100 brn|[from] brn\n|upkeep\n|turn|14\n|\n|t:|1701215130\n|move|p1a: Skeledirge|Slack Off|p1a: Skeledirge\n|-heal|p1a: Skeledirge|99\/100\n|move|p2a: Empoleon|Roar|p1a: Skeledirge\n|drag|p1a: Ambipom|Ambipom, F|88\/100\n|-damage|p1a: Ambipom|76\/100|[from] Stealth Rock\n|\n|-damage|p2a: Empoleon|70\/100 brn|[from] brn\n|upkeep\n|turn|15\n|inactive|Esterification has 120 seconds left.\n|\n|t:|1701215165\n|move|p1a: Ambipom|Fake Out|p2a: Empoleon\n|-resisted|p2a: Empoleon\n|-damage|p2a: Empoleon|59\/100 brn\n|cant|p2a: Empoleon|flinch\n|\n|-damage|p2a: Empoleon|53\/100 brn|[from] brn\n|upkeep\n|turn|16\n|\n|t:|1701215176\n|move|p1a: Ambipom|U-turn|p2a: Empoleon\n|-resisted|p2a: Empoleon\n|-damage|p2a: Empoleon|44\/100 brn\n|\n|t:|1701215178\n|switch|p1a: Skeledirge|Skeledirge, F|99\/100|[from] U-turn\n|move|p2a: Empoleon|Roost|p2a: Empoleon\n|-heal|p2a: Empoleon|94\/100 brn\n|-singleturn|p2a: Empoleon|move: Roost\n|\n|-damage|p2a: Empoleon|88\/100 brn|[from] brn\n|upkeep\n|turn|17\n|\n|t:|1701215183\n|move|p1a: Skeledirge|Hex|p2a: Empoleon\n|-damage|p2a: Empoleon|51\/100 brn\n|move|p2a: Empoleon|Surf|p1a: Skeledirge\n|-supereffective|p1a: Skeledirge\n|-damage|p1a: Skeledirge|47\/100\n|\n|-damage|p2a: Empoleon|45\/100 brn|[from] brn\n|upkeep\n|turn|18\n|\n|t:|1701215189\n|move|p1a: Skeledirge|Hex|p2a: Empoleon\n|-damage|p2a: Empoleon|12\/100 brn\n|move|p2a: Empoleon|Roost|p2a: Empoleon\n|-heal|p2a: Empoleon|62\/100 brn\n|-singleturn|p2a: Empoleon|move: Roost\n|\n|-damage|p2a: Empoleon|56\/100 brn|[from] brn\n|upkeep\n|turn|19\n|\n|t:|1701215194\n|move|p1a: Skeledirge|Hex|p2a: Empoleon\n|-damage|p2a: Empoleon|22\/100 brn\n|move|p2a: Empoleon|Roost|p2a: Empoleon\n|-heal|p2a: Empoleon|72\/100 brn\n|-singleturn|p2a: Empoleon|move: Roost\n|\n|-damage|p2a: Empoleon|66\/100 brn|[from] brn\n|upkeep\n|turn|20\n|\n|t:|1701215200\n|move|p1a: Skeledirge|Hex|p2a: Empoleon\n|-damage|p2a: Empoleon|30\/100 brn\n|move|p2a: Empoleon|Roar|p1a: Skeledirge\n|drag|p1a: Ambipom|Ambipom, F|76\/100\n|-damage|p1a: Ambipom|63\/100|[from] Stealth Rock\n|\n|-damage|p2a: Empoleon|24\/100 brn|[from] brn\n|upkeep\n|turn|21\n|\n|t:|1701215205\n|move|p1a: Ambipom|Fake Out|p2a: Empoleon\n|-resisted|p2a: Empoleon\n|-damage|p2a: Empoleon|12\/100 brn\n|cant|p2a: Empoleon|flinch\n|\n|-damage|p2a: Empoleon|6\/100 brn|[from] brn\n|upkeep\n|turn|22\n|\n|t:|1701215210\n|move|p1a: Ambipom|Knock Off|p2a: Empoleon\n|-damage|p2a: Empoleon|0 fnt\n|faint|p2a: Empoleon\n|\n|upkeep\n|\n|t:|1701215217\n|switch|p2a: Great Tusk|Great Tusk, shiny|100\/100\n|turn|23\n|\n|t:|1701215234\n|-terastallize|p1a: Ambipom|Ghost\n|move|p1a: Ambipom|Knock Off|p2a: Great Tusk\n|-resisted|p2a: Great Tusk\n|-damage|p2a: Great Tusk|92\/100\n|-enditem|p2a: Great Tusk|Assault Vest|[from] move: Knock Off|[of] p1a: Ambipom\n|move|p2a: Great Tusk|Rapid Spin|p1a: Ambipom\n|-immune|p1a: Ambipom\n|\n|upkeep\n|turn|24\n|\n|t:|1701215241\n|move|p1a: Ambipom|U-turn|p2a: Great Tusk\n|-resisted|p2a: Great Tusk\n|-damage|p2a: Great Tusk|86\/100\n|\n|t:|1701215244\n|switch|p1a: Cinderace|Cinderace, F|100\/100|[from] U-turn\n|move|p2a: Great Tusk|Knock Off|p1a: Cinderace\n|-damage|p1a: Cinderace|62\/100\n|-enditem|p1a: Cinderace|Heavy-Duty Boots|[from] move: Knock Off|[of] p2a: Great Tusk\n|\n|upkeep\n|turn|25\n|\n|t:|1701215249\n|move|p1a: Cinderace|Court Change|p1a: Cinderace\n|-start|p1a: Cinderace|typechange|Normal|[from] ability: Libero\n|-swapsideconditions\n|-activate|p1a: Cinderace|move: Court Change\n|move|p2a: Great Tusk|Rapid Spin|p1a: Cinderace\n|-damage|p1a: Cinderace|40\/100\n|-boost|p2a: Great Tusk|spe|1\n|-sideend|p2: Esterification|Stealth Rock|[from] move: Rapid Spin|[of] p2a: Great Tusk\n|\n|upkeep\n|turn|26\n|\n|t:|1701215259\n|move|p1a: Cinderace|Pyro Ball|p2a: Great Tusk\n|-damage|p2a: Great Tusk|66\/100\n|-status|p2a: Great Tusk|brn\n|move|p2a: Great Tusk|Earthquake|p1a: Cinderace\n|-damage|p1a: Cinderace|9\/100\n|\n|-damage|p2a: Great Tusk|60\/100 brn|[from] brn\n|upkeep\n|turn|27\n|\n|t:|1701215268\n|move|p1a: Cinderace|U-turn|p2a: Great Tusk\n|-resisted|p2a: Great Tusk\n|-damage|p2a: Great Tusk|53\/100 brn\n|c|\u2606Esterification|what a joke\n|\n|t:|1701215277\n|switch|p1a: Ambipom|Ambipom, F, tera:Ghost|63\/100|[from] U-turn\n|move|p2a: Great Tusk|Earthquake|p1a: Ambipom\n|-damage|p1a: Ambipom|25\/100\n|-enditem|p1a: Ambipom|Eject Button\n|\n|t:|1701215279\n|switch|p1a: Blissey|Blissey, F|91\/100\n|\n|-damage|p2a: Great Tusk|47\/100 brn|[from] brn\n|upkeep\n|turn|28\n|\n|t:|1701215284\n|move|p2a: Great Tusk|Close Combat|p1a: Blissey\n|-supereffective|p1a: Blissey\n|-damage|p1a: Blissey|33\/100\n|-unboost|p2a: Great Tusk|def|1\n|-unboost|p2a: Great Tusk|spd|1\n|move|p1a: Blissey|Stealth Rock|p2a: Great Tusk\n|-sidestart|p2: Esterification|move: Stealth Rock\n|\n|-damage|p2a: Great Tusk|41\/100 brn|[from] brn\n|upkeep\n|turn|29\n|\n|t:|1701215307\n|switch|p1a: Ambipom|Ambipom, F, tera:Ghost|25\/100\n|move|p2a: Great Tusk|Earthquake|p1a: Ambipom\n|-damage|p1a: Ambipom|0 fnt\n|faint|p1a: Ambipom\n|\n|-damage|p2a: Great Tusk|34\/100 brn|[from] brn\n|upkeep\n|\n|t:|1701215312\n|switch|p1a: Cinderace|Cinderace, F|9\/100\n|turn|30\n|\n|t:|1701215317\n|move|p1a: Cinderace|U-turn|p2a: Great Tusk\n|-start|p1a: Cinderace|typechange|Bug|[from] ability: Libero\n|-resisted|p2a: Great Tusk\n|-damage|p2a: Great Tusk|21\/100 brn\n|\n|t:|1701215322\n|switch|p1a: Skeledirge|Skeledirge, F|47\/100|[from] U-turn\n|move|p2a: Great Tusk|Rapid Spin|p1a: Skeledirge\n|-immune|p1a: Skeledirge\n|\n|-damage|p2a: Great Tusk|15\/100 brn|[from] brn\n|upkeep\n|turn|31\n|\n|t:|1701215326\n|move|p2a: Great Tusk|Earthquake|p1a: Skeledirge\n|-supereffective|p1a: Skeledirge\n|-damage|p1a: Skeledirge|13\/100\n|move|p1a: Skeledirge|Slack Off|p1a: Skeledirge\n|-heal|p1a: Skeledirge|63\/100\n|\n|-damage|p2a: Great Tusk|9\/100 brn|[from] brn\n|upkeep\n|turn|32\n|\n|t:|1701215330\n|move|p2a: Great Tusk|Knock Off|p1a: Skeledirge\n|-supereffective|p1a: Skeledirge\n|-damage|p1a: Skeledirge|40\/100\n|-enditem|p1a: Skeledirge|Heavy-Duty Boots|[from] move: Knock Off|[of] p2a: Great Tusk\n|move|p1a: Skeledirge|Slack Off|p1a: Skeledirge\n|-heal|p1a: Skeledirge|91\/100\n|\n|-damage|p2a: Great Tusk|2\/100 brn|[from] brn\n|upkeep\n|turn|33\n|\n|t:|1701215334\n|move|p2a: Great Tusk|Earthquake|p1a: Skeledirge\n|-supereffective|p1a: Skeledirge\n|-damage|p1a: Skeledirge|55\/100\n|move|p1a: Skeledirge|Slack Off|p1a: Skeledirge\n|-heal|p1a: Skeledirge|100\/100\n|\n|-damage|p2a: Great Tusk|0 fnt|[from] brn\n|faint|p2a: Great Tusk\n|-end|p2a: Great Tusk|Protosynthesis|[silent]\n|upkeep\n|\n|t:|1701215342\n|switch|p2a: Braviary|Braviary-Hisui, M|100\/100\n|-damage|p2a: Braviary|76\/100|[from] Stealth Rock\n|turn|34\n|\n|t:|1701215349\n|move|p2a: Braviary|Esper Wing|p1a: Skeledirge\n|-damage|p1a: Skeledirge|63\/100\n|-boost|p2a: Braviary|spe|1\n|move|p1a: Skeledirge|Will-O-Wisp|p2a: Braviary\n|-status|p2a: Braviary|brn\n|\n|-damage|p2a: Braviary|69\/100 brn|[from] brn\n|upkeep\n|turn|35\n|\n|t:|1701215354\n|move|p2a: Braviary|Esper Wing|p1a: Skeledirge\n|-crit|p1a: Skeledirge\n|-damage|p1a: Skeledirge|3\/100\n|-boost|p2a: Braviary|spe|1\n|move|p1a: Skeledirge|Hex|p2a: Braviary\n|-supereffective|p2a: Braviary\n|-damage|p2a: Braviary|0 fnt\n|faint|p2a: Braviary\n|\n|upkeep\n|\n|t:|1701215362\n|switch|p2a: Iron Valiant|Iron Valiant, shiny|100\/100\n|-damage|p2a: Iron Valiant|94\/100|[from] Stealth Rock\n|-enditem|p2a: Iron Valiant|Booster Energy\n|-activate|p2a: Iron Valiant|ability: Quark Drive|[fromitem]\n|-start|p2a: Iron Valiant|quarkdrivespe\n|turn|36\n|\n|t:|1701215366\n|move|p2a: Iron Valiant|Moonblast|p1a: Skeledirge\n|-resisted|p1a: Skeledirge\n|-damage|p1a: Skeledirge|0 fnt\n|faint|p1a: Skeledirge\n|\n|upkeep\n|\n|t:|1701215369\n|switch|p1a: Blissey|Blissey, F|33\/100\n|turn|37\n|\n|t:|1701215372\n|move|p2a: Iron Valiant|Aura Sphere|p1a: Blissey\n|-supereffective|p1a: Blissey\n|-damage|p1a: Blissey|10\/100\n|move|p1a: Blissey|Soft-Boiled|p1a: Blissey\n|-heal|p1a: Blissey|60\/100\n|\n|upkeep\n|turn|38\n|\n|t:|1701215375\n|move|p2a: Iron Valiant|Calm Mind|p2a: Iron Valiant\n|-boost|p2a: Iron Valiant|spa|1\n|-boost|p2a: Iron Valiant|spd|1\n|move|p1a: Blissey|Soft-Boiled|p1a: Blissey\n|-heal|p1a: Blissey|100\/100\n|\n|upkeep\n|turn|39\n|\n|t:|1701215378\n|move|p2a: Iron Valiant|Calm Mind|p2a: Iron Valiant\n|-boost|p2a: Iron Valiant|spa|1\n|-boost|p2a: Iron Valiant|spd|1\n|move|p1a: Blissey|Thunder Wave|p2a: Iron Valiant\n|-status|p2a: Iron Valiant|par\n|\n|upkeep\n|turn|40\n|\n|t:|1701215381\n|move|p2a: Iron Valiant|Aura Sphere|p1a: Blissey\n|-supereffective|p1a: Blissey\n|-damage|p1a: Blissey|54\/100\n|move|p1a: Blissey|Seismic Toss|p2a: Iron Valiant\n|-damage|p2a: Iron Valiant|60\/100 par\n|\n|upkeep\n|turn|41\n|\n|t:|1701215387\n|move|p2a: Iron Valiant|Aura Sphere|p1a: Blissey\n|-supereffective|p1a: Blissey\n|-damage|p1a: Blissey|2\/100\n|move|p1a: Blissey|Soft-Boiled|p1a: Blissey\n|-heal|p1a: Blissey|52\/100\n|\n|upkeep\n|turn|42\n|\n|t:|1701215390\n|move|p2a: Iron Valiant|Aura Sphere|p1a: Blissey\n|-supereffective|p1a: Blissey\n|-damage|p1a: Blissey|6\/100\n|move|p1a: Blissey|Soft-Boiled|p1a: Blissey\n|-heal|p1a: Blissey|56\/100\n|\n|upkeep\n|turn|43\n|\n|t:|1701215394\n|cant|p2a: Iron Valiant|par\n|move|p1a: Blissey|Soft-Boiled|p1a: Blissey\n|-heal|p1a: Blissey|100\/100\n|\n|upkeep\n|turn|44\n|\n|t:|1701215395\n|move|p2a: Iron Valiant|Calm Mind|p2a: Iron Valiant\n|-boost|p2a: Iron Valiant|spa|1\n|-boost|p2a: Iron Valiant|spd|1\n|move|p1a: Blissey|Seismic Toss|p2a: Iron Valiant\n|-damage|p2a: Iron Valiant|25\/100 par\n|\n|upkeep\n|turn|45\n|\n|t:|1701215399\n|cant|p2a: Iron Valiant|par\n|move|p1a: Blissey|Seismic Toss|p2a: Iron Valiant\n|-damage|p2a: Iron Valiant|0 fnt\n|faint|p2a: Iron Valiant\n|-end|p2a: Iron Valiant|Quark Drive|[silent]\n|\n|upkeep\n|c|\u2606Esterification|ridiculous\n|c|\u2606Esterification|how are you this lucky\n|c|\u2606Ehan9681|unfortunate\n|c|\u2606Esterification|genuinely\n|c|\u2606Ehan9681|idk\n|c|\u2606Esterification|no u have no conception\n|inactive|Esterification has 120 seconds left.\n|c|\u2606Ehan9681|I mean I'm winning tho\n|-message|Esterification forfeited.\n|\n|win|Ehan9681\n|raw|Ehan9681's rating: 1257 &rarr; <strong>1288<\/strong><br \/>(+31 for winning)\n|raw|Esterification's rating: 1341 &rarr; <strong>1316<\/strong><br \/>(-25 for losing)\n|l|\u2606Esterification\n","uploadtime":1701215544,"views":0,"p1id":"ehan9681","p2id":"esterification","formatid":"gen9ou","rating":1288,"private":0,"password":""}