{"id":"gen9ou-1992578847","p1":"ChillLanturnYT","p2":"CaramelMonkey16","format":"[Gen 9] OU","log":"|j|\u2606ChillLanturnYT\n|j|\u2606CaramelMonkey16\n|t:|1700209151\n|gametype|singles\n|player|p1|ChillLanturnYT|palmer|1147\n|player|p2|CaramelMonkey16|265|1171\n|teamsize|p1|6\n|teamsize|p2|6\n|gen|9\n|tier|[Gen 9] OU\n|rated|\n|rule|Sleep Clause Mod: Limit one foe put to sleep\n|rule|Species Clause: Limit one of each Pok\u00e9mon\n|rule|OHKO Clause: OHKO moves are banned\n|rule|Evasion Items Clause: Evasion items are banned\n|rule|Evasion Moves Clause: Evasion moves are banned\n|rule|Endless Battle Clause: Forcing endless battles is banned\n|rule|HP Percentage Mod: HP is shown in percentages\n|clearpoke\n|poke|p1|Regidrago|\n|poke|p1|Jirachi|\n|poke|p1|Lokix, F|\n|poke|p1|Ribombee, M|\n|poke|p1|Toxapex, M|\n|poke|p1|Cinderace, F|\n|poke|p2|Forretress, M|\n|poke|p2|Enamorus, F|\n|poke|p2|Maushold-Four|\n|poke|p2|Dudunsparce-*, M|\n|poke|p2|Ceruledge, F|\n|poke|p2|Great Tusk|\n|teampreview\n|\n|t:|1700209167\n|start\n|switch|p1a: Toxapex|Toxapex, M|100\/100\n|switch|p2a: Dudunsparce|Dudunsparce, M|100\/100\n|turn|1\n|\n|t:|1700209174\n|move|p2a: Dudunsparce|Boomburst|p1a: Toxapex\n|-damage|p1a: Toxapex|28\/100\n|move|p1a: Toxapex|Toxic Spikes|p2a: Dudunsparce\n|-sidestart|p2: CaramelMonkey16|move: Toxic Spikes\n|\n|-heal|p1a: Toxapex|34\/100|[from] item: Leftovers\n|upkeep\n|turn|2\n|\n|t:|1700209181\n|switch|p1a: Jirachi|Jirachi|100\/100\n|move|p2a: Dudunsparce|Boomburst|p1a: Jirachi\n|-resisted|p1a: Jirachi\n|-damage|p1a: Jirachi|74\/100\n|\n|-heal|p1a: Jirachi|80\/100|[from] item: Leftovers\n|upkeep\n|turn|3\n|\n|t:|1700209191\n|switch|p2a: Great Tusk|Great Tusk|100\/100\n|-status|p2a: Great Tusk|psn\n|-enditem|p2a: Great Tusk|Booster Energy\n|-activate|p2a: Great Tusk|ability: Protosynthesis|[fromitem]\n|-start|p2a: Great Tusk|protosynthesisatk\n|move|p1a: Jirachi|Cosmic Power|p1a: Jirachi\n|-boost|p1a: Jirachi|def|1\n|-boost|p1a: Jirachi|spd|1\n|\n|-heal|p1a: Jirachi|86\/100|[from] item: Leftovers\n|-damage|p2a: Great Tusk|88\/100 psn|[from] psn\n|upkeep\n|turn|4\n|\n|t:|1700209202\n|-terastallize|p1a: Jirachi|Psychic\n|move|p1a: Jirachi|Cosmic Power|p1a: Jirachi\n|-boost|p1a: Jirachi|def|1\n|-boost|p1a: Jirachi|spd|1\n|move|p2a: Great Tusk|Earthquake|p1a: Jirachi\n|-damage|p1a: Jirachi|62\/100\n|\n|-heal|p1a: Jirachi|68\/100|[from] item: Leftovers\n|-damage|p2a: Great Tusk|76\/100 psn|[from] psn\n|upkeep\n|turn|5\n|\n|t:|1700209214\n|move|p1a: Jirachi|Wish|p1a: Jirachi\n|move|p2a: Great Tusk|Rapid Spin|p1a: Jirachi\n|-damage|p1a: Jirachi|59\/100\n|-boost|p2a: Great Tusk|spe|1\n|-sideend|p2: CaramelMonkey16|Toxic Spikes|[from] move: Rapid Spin|[of] p2a: Great Tusk\n|\n|-heal|p1a: Jirachi|66\/100|[from] item: Leftovers\n|-damage|p2a: Great Tusk|63\/100 psn|[from] psn\n|upkeep\n|turn|6\n|\n|t:|1700209223\n|-end|p2a: Great Tusk|Protosynthesis|[silent]\n|switch|p2a: Ceruledge|Ceruledge, F|100\/100\n|move|p1a: Jirachi|Cosmic Power|p1a: Jirachi\n|-boost|p1a: Jirachi|def|1\n|-boost|p1a: Jirachi|spd|1\n|\n|-heal|p1a: Jirachi|100\/100|[from] move: Wish|[wisher] Jirachi\n|upkeep\n|turn|7\n|\n|t:|1700209233\n|move|p1a: Jirachi|Charge Beam|p2a: Ceruledge\n|-damage|p2a: Ceruledge|89\/100\n|-boost|p1a: Jirachi|spa|1\n|move|p2a: Ceruledge|Poltergeist|p1a: Jirachi\n|-activate|p1a: Jirachi|move: Poltergeist|Leftovers\n|-supereffective|p1a: Jirachi\n|-damage|p1a: Jirachi|60\/100\n|\n|-heal|p1a: Jirachi|66\/100|[from] item: Leftovers\n|-heal|p2a: Ceruledge|95\/100|[from] item: Leftovers\n|upkeep\n|turn|8\n|\n|t:|1700209258\n|move|p1a: Jirachi|Wish|p1a: Jirachi\n|move|p2a: Ceruledge|Swords Dance|p2a: Ceruledge\n|-boost|p2a: Ceruledge|atk|2\n|\n|-heal|p1a: Jirachi|72\/100|[from] item: Leftovers\n|-heal|p2a: Ceruledge|100\/100|[from] item: Leftovers\n|upkeep\n|turn|9\n|\n|t:|1700209266\n|move|p1a: Jirachi|Stored Power|p2a: Ceruledge\n|-damage|p2a: Ceruledge|0 fnt\n|faint|p2a: Ceruledge\n|\n|-heal|p1a: Jirachi|100\/100|[from] move: Wish|[wisher] Jirachi\n|upkeep\n|\n|t:|1700209277\n|switch|p2a: Enamorus|Enamorus, F|100\/100\n|turn|10\n|\n|t:|1700209285\n|move|p2a: Enamorus|Mystical Fire|p1a: Jirachi\n|-damage|p1a: Jirachi|94\/100\n|-unboost|p1a: Jirachi|spa|1\n|move|p1a: Jirachi|Charge Beam|p2a: Enamorus\n|-supereffective|p2a: Enamorus\n|-damage|p2a: Enamorus|67\/100\n|-boost|p1a: Jirachi|spa|1\n|\n|-heal|p2a: Enamorus|74\/100|[from] item: Leftovers\n|-heal|p1a: Jirachi|99\/100|[from] item: Leftovers\n|upkeep\n|turn|11\n|\n|t:|1700209300\n|move|p2a: Enamorus|Outrage|p1a: Jirachi\n|-damage|p1a: Jirachi|87\/100\n|move|p1a: Jirachi|Stored Power|p2a: Enamorus\n|-damage|p2a: Enamorus|0 fnt\n|faint|p2a: Enamorus\n|\n|-heal|p1a: Jirachi|93\/100|[from] item: Leftovers\n|upkeep\n|-message|CaramelMonkey16 forfeited.\n|\n|win|ChillLanturnYT\n|raw|ChillLanturnYT's rating: 1147 &rarr; <strong>1174<\/strong><br \/>(+27 for winning)\n|raw|CaramelMonkey16's rating: 1171 &rarr; <strong>1144<\/strong><br \/>(-27 for losing)\n|l|\u2606CaramelMonkey16\n","uploadtime":1700209314,"views":9,"p1id":"chilllanturnyt","p2id":"caramelmonkey16","formatid":"gen9ou","rating":1144,"private":0,"password":""}