{"id":"gen9ou-1988367311","p1":"Mattplti25","p2":"yellow motorola","format":"[Gen 9] OU","log":"|j|\u2606Mattplti25\n|j|\u2606yellow motorola\n|t:|1699714701\n|gametype|singles\n|player|p1|Mattplti25|red|1530\n|player|p2|yellow motorola|byron|1486\n|teamsize|p1|6\n|teamsize|p2|6\n|gen|9\n|tier|[Gen 9] OU\n|rated|\n|rule|Sleep Clause Mod: Limit one foe put to sleep\n|rule|Species Clause: Limit one of each Pok\u00e9mon\n|rule|OHKO Clause: OHKO moves are banned\n|rule|Evasion Items Clause: Evasion items are banned\n|rule|Evasion Moves Clause: Evasion moves are banned\n|rule|Endless Battle Clause: Forcing endless battles is banned\n|rule|HP Percentage Mod: HP is shown in percentages\n|clearpoke\n|poke|p1|Gliscor, F|\n|poke|p1|Gholdengo|\n|poke|p1|Ogerpon-Wellspring, F|\n|poke|p1|Cinderace, F|\n|poke|p1|Blissey, F|\n|poke|p1|Enamorus, F|\n|poke|p2|Grimmsnarl, M|\n|poke|p2|Gholdengo|\n|poke|p2|Iron Hands|\n|poke|p2|Sinistcha-Masterpiece|\n|poke|p2|Iron Valiant|\n|poke|p2|Great Tusk|\n|teampreview\n|inactive|Battle timer is ON: inactive players will automatically lose when time's up. (requested by yellow motorola)\n|c|\u2606Mattplti25|gl\n|\n|t:|1699714707\n|start\n|switch|p1a: Gliscor|Gliscor, F|100\/100\n|switch|p2a: Mahito|Grimmsnarl, M, shiny|100\/100\n|turn|1\n|\n|t:|1699714714\n|move|p1a: Gliscor|Protect|p1a: Gliscor\n|-singleturn|p1a: Gliscor|Protect\n|move|p2a: Mahito|Reflect|p2a: Mahito\n|-sidestart|p2: yellow motorola|Reflect\n|\n|-status|p1a: Gliscor|tox|[from] item: Toxic Orb\n|upkeep\n|turn|2\n|\n|t:|1699714718\n|move|p2a: Mahito|Taunt|p1a: Gliscor\n|-start|p1a: Gliscor|move: Taunt\n|cant|p1a: Gliscor|move: Taunt|Toxic\n|\n|upkeep\n|turn|3\n|\n|t:|1699714722\n|switch|p1a: Cinderace|Cinderace, F|100\/100\n|move|p2a: Mahito|Light Screen|p2a: Mahito\n|-sidestart|p2: yellow motorola|move: Light Screen\n|\n|upkeep\n|turn|4\n|\n|t:|1699714726\n|move|p2a: Mahito|Taunt|p1a: Cinderace\n|-start|p1a: Cinderace|move: Taunt\n|move|p1a: Cinderace|U-turn|p2a: Mahito\n|-damage|p2a: Mahito|87\/100\n|\n|t:|1699714735\n|switch|p1a: Ogerpon|Ogerpon-Wellspring, F|100\/100|[from] U-turn\n|\n|upkeep\n|turn|5\n|\n|t:|1699714738\n|move|p1a: Ogerpon|Encore|p2a: Mahito\n|-start|p2a: Mahito|Encore\n|move|p2a: Mahito|Taunt|p1a: Ogerpon\n|-start|p1a: Ogerpon|move: Taunt\n|\n|upkeep\n|turn|6\n|\n|t:|1699714743\n|switch|p1a: Cinderace|Cinderace, F|100\/100\n|switch|p2a: Assassin|Iron Valiant|100\/100\n|-enditem|p2a: Assassin|Booster Energy\n|-activate|p2a: Assassin|ability: Quark Drive|[fromitem]\n|-start|p2a: Assassin|quarkdrivespe\n|\n|upkeep\n|turn|7\n|\n|t:|1699714749\n|-end|p2a: Assassin|Quark Drive|[silent]\n|switch|p2a: Mahito|Grimmsnarl, M, shiny|87\/100\n|move|p1a: Cinderace|Court Change|p1a: Cinderace\n|-swapsideconditions\n|-activate|p1a: Cinderace|move: Court Change\n|\n|upkeep\n|turn|8\n|\n|t:|1699714753\n|move|p2a: Mahito|Reflect|p2a: Mahito\n|-sidestart|p2: yellow motorola|Reflect\n|move|p1a: Cinderace|Will-O-Wisp|p2a: Mahito|[miss]\n|-miss|p1a: Cinderace|p2a: Mahito\n|\n|-sideend|p1: Mattplti25|Reflect\n|upkeep\n|turn|9\n|\n|t:|1699714756\n|move|p2a: Mahito|Light Screen|p2a: Mahito\n|-sidestart|p2: yellow motorola|move: Light Screen\n|move|p1a: Cinderace|Will-O-Wisp|p2a: Mahito\n|-status|p2a: Mahito|brn\n|\n|-damage|p2a: Mahito|81\/100 brn|[from] brn\n|upkeep\n|turn|10\n|\n|t:|1699714762\n|move|p2a: Mahito|Taunt|p1a: Cinderace\n|-start|p1a: Cinderace|move: Taunt\n|cant|p1a: Cinderace|move: Taunt|Court Change\n|\n|-damage|p2a: Mahito|75\/100 brn|[from] brn\n|-sideend|p1: Mattplti25|move: Light Screen\n|upkeep\n|turn|11\n|\n|t:|1699714769\n|switch|p2a: Heihachi \u26a1\ufe0f\ud83d\udcaa\ud83c\udffc|Iron Hands|100\/100\n|move|p1a: Cinderace|U-turn|p2a: Heihachi \u26a1\ufe0f\ud83d\udcaa\ud83c\udffc\n|-resisted|p2a: Heihachi \u26a1\ufe0f\ud83d\udcaa\ud83c\udffc\n|-damage|p2a: Heihachi \u26a1\ufe0f\ud83d\udcaa\ud83c\udffc|97\/100\n|\n|t:|1699714772\n|switch|p1a: Gliscor|Gliscor, F|100\/100 tox|[from] U-turn\n|\n|upkeep\n|turn|12\n|\n|t:|1699714776\n|move|p1a: Gliscor|Toxic|p2a: Heihachi \u26a1\ufe0f\ud83d\udcaa\ud83c\udffc\n|-status|p2a: Heihachi \u26a1\ufe0f\ud83d\udcaa\ud83c\udffc|tox\n|move|p2a: Heihachi \u26a1\ufe0f\ud83d\udcaa\ud83c\udffc|Belly Drum|p2a: Heihachi \u26a1\ufe0f\ud83d\udcaa\ud83c\udffc\n|-damage|p2a: Heihachi \u26a1\ufe0f\ud83d\udcaa\ud83c\udffc|47\/100 tox\n|-setboost|p2a: Heihachi \u26a1\ufe0f\ud83d\udcaa\ud83c\udffc|atk|6|[from] move: Belly Drum\n|-enditem|p2a: Heihachi \u26a1\ufe0f\ud83d\udcaa\ud83c\udffc|Sitrus Berry|[eat]\n|-heal|p2a: Heihachi \u26a1\ufe0f\ud83d\udcaa\ud83c\udffc|72\/100 tox|[from] item: Sitrus Berry\n|\n|-damage|p2a: Heihachi \u26a1\ufe0f\ud83d\udcaa\ud83c\udffc|66\/100 tox|[from] psn\n|upkeep\n|turn|13\n|\n|t:|1699714781\n|move|p1a: Gliscor|Protect|p1a: Gliscor\n|-singleturn|p1a: Gliscor|Protect\n|move|p2a: Heihachi \u26a1\ufe0f\ud83d\udcaa\ud83c\udffc|Ice Punch|p1a: Gliscor\n|-activate|p1a: Gliscor|move: Protect\n|\n|-damage|p2a: Heihachi \u26a1\ufe0f\ud83d\udcaa\ud83c\udffc|54\/100 tox|[from] psn\n|upkeep\n|turn|14\n|\n|t:|1699714787\n|switch|p1a: Blissey|Blissey, F|100\/100\n|move|p2a: Heihachi \u26a1\ufe0f\ud83d\udcaa\ud83c\udffc|Drain Punch|p1a: Blissey\n|-supereffective|p1a: Blissey\n|-damage|p1a: Blissey|0 fnt\n|-heal|p2a: Heihachi \u26a1\ufe0f\ud83d\udcaa\ud83c\udffc|100\/100 tox|[from] drain|[of] p1a: Blissey\n|faint|p1a: Blissey\n|\n|-damage|p2a: Heihachi \u26a1\ufe0f\ud83d\udcaa\ud83c\udffc|82\/100 tox|[from] psn\n|upkeep\n|\n|t:|1699714791\n|switch|p1a: Gliscor|Gliscor, F|100\/100 tox\n|turn|15\n|\n|t:|1699714794\n|move|p1a: Gliscor|Protect|p1a: Gliscor\n|-singleturn|p1a: Gliscor|Protect\n|move|p2a: Heihachi \u26a1\ufe0f\ud83d\udcaa\ud83c\udffc|Drain Punch|p1a: Gliscor\n|-activate|p1a: Gliscor|move: Protect\n|\n|-damage|p2a: Heihachi \u26a1\ufe0f\ud83d\udcaa\ud83c\udffc|58\/100 tox|[from] psn\n|-sideend|p2: yellow motorola|Reflect\n|upkeep\n|turn|16\n|\n|t:|1699714805\n|move|p1a: Gliscor|Earthquake|p2a: Heihachi \u26a1\ufe0f\ud83d\udcaa\ud83c\udffc\n|-supereffective|p2a: Heihachi \u26a1\ufe0f\ud83d\udcaa\ud83c\udffc\n|-damage|p2a: Heihachi \u26a1\ufe0f\ud83d\udcaa\ud83c\udffc|16\/100 tox\n|move|p2a: Heihachi \u26a1\ufe0f\ud83d\udcaa\ud83c\udffc|Ice Punch|p1a: Gliscor\n|-supereffective|p1a: Gliscor\n|-damage|p1a: Gliscor|0 fnt\n|faint|p1a: Gliscor\n|\n|-damage|p2a: Heihachi \u26a1\ufe0f\ud83d\udcaa\ud83c\udffc|0 fnt|[from] psn\n|faint|p2a: Heihachi \u26a1\ufe0f\ud83d\udcaa\ud83c\udffc\n|-end|p2a: Heihachi \u26a1\ufe0f\ud83d\udcaa\ud83c\udffc|Quark Drive|[silent]\n|-sideend|p2: yellow motorola|move: Light Screen\n|upkeep\n|\n|t:|1699714816\n|switch|p1a: Cinderace|Cinderace, F|100\/100\n|switch|p2a: Mahito|Grimmsnarl, M, shiny|75\/100 brn\n|turn|17\n|\n|t:|1699714818\n|move|p2a: Mahito|Taunt|p1a: Cinderace\n|-start|p1a: Cinderace|move: Taunt\n|move|p1a: Cinderace|Pyro Ball|p2a: Mahito\n|-crit|p2a: Mahito\n|-damage|p2a: Mahito|0 fnt\n|faint|p2a: Mahito\n|\n|upkeep\n|\n|t:|1699714832\n|switch|p2a: Assassin|Iron Valiant|100\/100\n|turn|18\n|\n|t:|1699714836\n|move|p1a: Cinderace|Pyro Ball|p2a: Assassin\n|-damage|p2a: Assassin|43\/100\n|move|p2a: Assassin|Shadow Ball|p1a: Cinderace\n|-damage|p1a: Cinderace|66\/100\n|-unboost|p1a: Cinderace|spd|1\n|\n|upkeep\n|turn|19\n|\n|t:|1699714844\n|-end|p2a: Assassin|Quark Drive|[silent]\n|switch|p2a: Mastogob Warrior|Great Tusk|100\/100\n|move|p1a: Cinderace|Pyro Ball|p2a: Mastogob Warrior\n|-damage|p2a: Mastogob Warrior|78\/100\n|\n|-heal|p2a: Mastogob Warrior|84\/100|[from] item: Leftovers\n|-end|p1a: Cinderace|move: Taunt\n|upkeep\n|turn|20\n|\n|t:|1699714851\n|move|p1a: Cinderace|U-turn|p2a: Mastogob Warrior\n|-resisted|p2a: Mastogob Warrior\n|-damage|p2a: Mastogob Warrior|79\/100\n|\n|t:|1699714853\n|switch|p1a: Enamorus|Enamorus, F|100\/100|[from] U-turn\n|move|p2a: Mastogob Warrior|Rapid Spin|p1a: Enamorus\n|-damage|p1a: Enamorus|79\/100\n|-boost|p2a: Mastogob Warrior|spe|1\n|\n|-heal|p2a: Mastogob Warrior|85\/100|[from] item: Leftovers\n|upkeep\n|turn|21\n|\n|t:|1699714855\n|move|p1a: Enamorus|Moonblast|p2a: Mastogob Warrior\n|-supereffective|p2a: Mastogob Warrior\n|-damage|p2a: Mastogob Warrior|0 fnt\n|faint|p2a: Mastogob Warrior\n|-end|p2a: Mastogob Warrior|Protosynthesis|[silent]\n|\n|upkeep\n|\n|t:|1699714862\n|switch|p2a: Gol D. Engo|Gholdengo|100\/100\n|turn|22\n|\n|t:|1699714864\n|switch|p1a: Ogerpon|Ogerpon-Wellspring, F|100\/100\n|move|p2a: Gol D. Engo|Shadow Ball|p1a: Ogerpon\n|-damage|p1a: Ogerpon|51\/100\n|-unboost|p1a: Ogerpon|spd|1\n|\n|upkeep\n|turn|23\n|\n|t:|1699714867\n|move|p2a: Gol D. Engo|Shadow Ball|p1a: Ogerpon\n|-damage|p1a: Ogerpon|0 fnt\n|faint|p1a: Ogerpon\n|\n|upkeep\n|\n|t:|1699714879\n|switch|p1a: Gholdengo|Gholdengo|100\/100\n|-item|p1a: Gholdengo|Air Balloon\n|turn|24\n|\n|t:|1699714899\n|-terastallize|p1a: Gholdengo|Water\n|move|p2a: Gol D. Engo|Shadow Ball|p1a: Gholdengo\n|-damage|p1a: Gholdengo|60\/100\n|-unboost|p1a: Gholdengo|spd|1\n|-enditem|p1a: Gholdengo|Air Balloon\n|move|p1a: Gholdengo|Shadow Ball|p2a: Gol D. Engo\n|-supereffective|p2a: Gol D. Engo\n|-damage|p2a: Gol D. Engo|17\/100\n|\n|upkeep\n|turn|25\n|\n|t:|1699714903\n|move|p2a: Gol D. Engo|Shadow Ball|p1a: Gholdengo\n|-damage|p1a: Gholdengo|2\/100\n|-unboost|p1a: Gholdengo|spd|1\n|move|p1a: Gholdengo|Recover|p1a: Gholdengo\n|-heal|p1a: Gholdengo|52\/100\n|\n|upkeep\n|turn|26\n|\n|t:|1699714912\n|move|p2a: Gol D. Engo|Shadow Ball|p1a: Gholdengo\n|-damage|p1a: Gholdengo|0 fnt\n|faint|p1a: Gholdengo\n|\n|upkeep\n|c|\u2606Mattplti25|lol\n|\n|t:|1699714917\n|switch|p1a: Enamorus|Enamorus, F|79\/100\n|turn|27\n|\n|t:|1699714922\n|switch|p2a: Assassin|Iron Valiant|43\/100\n|move|p1a: Enamorus|Mystical Fire|p2a: Assassin\n|-damage|p2a: Assassin|0 fnt\n|faint|p2a: Assassin\n|-end|p2a: Assassin|Quark Drive|[silent]\n|\n|upkeep\n|\n|t:|1699714924\n|switch|p2a: Gol D. Engo|Gholdengo|17\/100\n|turn|28\n|\n|t:|1699714929\n|move|p1a: Enamorus|Mystical Fire|p2a: Gol D. Engo\n|-supereffective|p2a: Gol D. Engo\n|-damage|p2a: Gol D. Engo|0 fnt\n|faint|p2a: Gol D. Engo\n|\n|upkeep\n|\n|t:|1699714932\n|switch|p2a: Sinistcha|Sinistcha-Masterpiece|100\/100\n|turn|29\n|\n|t:|1699714940\n|move|p1a: Enamorus|Mystical Fire|p2a: Sinistcha\n|-supereffective|p2a: Sinistcha\n|-damage|p2a: Sinistcha|70\/100\n|-unboost|p2a: Sinistcha|spa|1\n|move|p2a: Sinistcha|Calm Mind|p2a: Sinistcha\n|-boost|p2a: Sinistcha|spa|1\n|-boost|p2a: Sinistcha|spd|1\n|\n|upkeep\n|turn|30\n|\n|t:|1699714953\n|move|p1a: Enamorus|Mystical Fire|p2a: Sinistcha\n|-supereffective|p2a: Sinistcha\n|-damage|p2a: Sinistcha|47\/100\n|-unboost|p2a: Sinistcha|spa|1\n|move|p2a: Sinistcha|Shadow Ball|p1a: Enamorus\n|-damage|p1a: Enamorus|51\/100\n|\n|upkeep\n|turn|31\n|\n|t:|1699714962\n|move|p1a: Enamorus|Mystical Fire|p2a: Sinistcha\n|-supereffective|p2a: Sinistcha\n|-damage|p2a: Sinistcha|26\/100\n|-unboost|p2a: Sinistcha|spa|1\n|move|p2a: Sinistcha|Strength Sap|p1a: Enamorus\n|-unboost|p1a: Enamorus|atk|1\n|-heal|p2a: Sinistcha|87\/100\n|\n|upkeep\n|turn|32\n|\n|t:|1699714969\n|move|p1a: Enamorus|Mystical Fire|p2a: Sinistcha\n|-supereffective|p2a: Sinistcha\n|-damage|p2a: Sinistcha|67\/100\n|-unboost|p2a: Sinistcha|spa|1\n|move|p2a: Sinistcha|Shadow Ball|p1a: Enamorus\n|-damage|p1a: Enamorus|31\/100\n|\n|upkeep\n|turn|33\n|\n|t:|1699714974\n|move|p1a: Enamorus|Mystical Fire|p2a: Sinistcha\n|-supereffective|p2a: Sinistcha\n|-damage|p2a: Sinistcha|46\/100\n|-unboost|p2a: Sinistcha|spa|1\n|move|p2a: Sinistcha|Shadow Ball|p1a: Enamorus\n|-damage|p1a: Enamorus|15\/100\n|-unboost|p1a: Enamorus|spd|1\n|\n|upkeep\n|turn|34\n|\n|t:|1699714977\n|move|p1a: Enamorus|Mystical Fire|p2a: Sinistcha\n|-supereffective|p2a: Sinistcha\n|-damage|p2a: Sinistcha|25\/100\n|-unboost|p2a: Sinistcha|spa|1\n|move|p2a: Sinistcha|Strength Sap|p1a: Enamorus\n|-unboost|p1a: Enamorus|atk|1\n|-heal|p2a: Sinistcha|66\/100\n|\n|upkeep\n|turn|35\n|\n|t:|1699714983\n|move|p1a: Enamorus|Mystical Fire|p2a: Sinistcha\n|-supereffective|p2a: Sinistcha\n|-damage|p2a: Sinistcha|46\/100\n|-unboost|p2a: Sinistcha|spa|1\n|move|p2a: Sinistcha|Shadow Ball|p1a: Enamorus\n|-damage|p1a: Enamorus|0 fnt\n|faint|p1a: Enamorus\n|\n|upkeep\n|\n|t:|1699714986\n|switch|p1a: Cinderace|Cinderace, F|66\/100\n|turn|36\n|\n|t:|1699714989\n|-terastallize|p2a: Sinistcha|Steel\n|move|p1a: Cinderace|Pyro Ball|p2a: Sinistcha\n|-supereffective|p2a: Sinistcha\n|-damage|p2a: Sinistcha|11\/100\n|move|p2a: Sinistcha|Strength Sap|p1a: Cinderace\n|-unboost|p1a: Cinderace|atk|1\n|-heal|p2a: Sinistcha|91\/100\n|\n|upkeep\n|turn|37\n|\n|t:|1699714998\n|move|p1a: Cinderace|Will-O-Wisp|p2a: Sinistcha\n|-status|p2a: Sinistcha|brn\n|move|p2a: Sinistcha|Strength Sap|p1a: Cinderace\n|-unboost|p1a: Cinderace|atk|1\n|-heal|p2a: Sinistcha|100\/100 brn\n|\n|-damage|p2a: Sinistcha|98\/100 brn|[from] brn\n|upkeep\n|turn|38\n|\n|t:|1699715005\n|move|p1a: Cinderace|Pyro Ball|p2a: Sinistcha\n|-supereffective|p2a: Sinistcha\n|-damage|p2a: Sinistcha|80\/100 brn\n|move|p2a: Sinistcha|Shadow Ball|p1a: Cinderace\n|-damage|p1a: Cinderace|57\/100\n|\n|-damage|p2a: Sinistcha|77\/100 brn|[from] brn\n|upkeep\n|turn|39\n|c|\u2606Mattplti25|lol\n|c|\u2606Mattplti25|0 crit\n|\n|t:|1699715012\n|move|p1a: Cinderace|Pyro Ball|p2a: Sinistcha\n|-supereffective|p2a: Sinistcha\n|-damage|p2a: Sinistcha|60\/100 brn\n|move|p2a: Sinistcha|Calm Mind|p2a: Sinistcha\n|-boost|p2a: Sinistcha|spa|1\n|-boost|p2a: Sinistcha|spd|1\n|\n|-damage|p2a: Sinistcha|57\/100 brn|[from] brn\n|upkeep\n|turn|40\n|\n|t:|1699715020\n|move|p1a: Cinderace|Pyro Ball|p2a: Sinistcha\n|-supereffective|p2a: Sinistcha\n|-damage|p2a: Sinistcha|38\/100 brn\n|move|p2a: Sinistcha|Calm Mind|p2a: Sinistcha\n|-boost|p2a: Sinistcha|spa|1\n|-boost|p2a: Sinistcha|spd|1\n|\n|-damage|p2a: Sinistcha|35\/100 brn|[from] brn\n|upkeep\n|turn|41\n|\n|t:|1699715056\n|move|p1a: Cinderace|Pyro Ball|p2a: Sinistcha\n|-supereffective|p2a: Sinistcha\n|-damage|p2a: Sinistcha|16\/100 brn\n|move|p2a: Sinistcha|Strength Sap|p1a: Cinderace\n|-unboost|p1a: Cinderace|atk|1\n|-heal|p2a: Sinistcha|56\/100 brn\n|\n|-damage|p2a: Sinistcha|53\/100 brn|[from] brn\n|upkeep\n|turn|42\n|\n|t:|1699715061\n|move|p1a: Cinderace|U-turn|p2a: Sinistcha\n|-resisted|p2a: Sinistcha\n|-damage|p2a: Sinistcha|50\/100 brn\n|move|p2a: Sinistcha|Strength Sap|p1a: Cinderace\n|-unboost|p1a: Cinderace|atk|1\n|-heal|p2a: Sinistcha|82\/100 brn\n|\n|-damage|p2a: Sinistcha|79\/100 brn|[from] brn\n|upkeep\n|turn|43\n|\n|t:|1699715067\n|move|p1a: Cinderace|U-turn|p2a: Sinistcha\n|-resisted|p2a: Sinistcha\n|-damage|p2a: Sinistcha|76\/100 brn\n|move|p2a: Sinistcha|Shadow Ball|p1a: Cinderace\n|-damage|p1a: Cinderace|43\/100\n|\n|-damage|p2a: Sinistcha|73\/100 brn|[from] brn\n|upkeep\n|turn|44\n|-message|Mattplti25 forfeited.\n|\n|win|yellow motorola\n|raw|Mattplti25's rating: 1530 &rarr; <strong>1507<\/strong><br \/>(-23 for losing)\n|raw|yellow motorola's rating: 1486 &rarr; <strong>1509<\/strong><br \/>(+23 for winning)\n|l|\u2606Mattplti25\n|c|\u2606yellow motorola|i mean, tbf you did say \"gl\"\n","uploadtime":1699715084,"views":14,"p1id":"mattplti25","p2id":"yellowmotorola","formatid":"gen9ou","rating":1507,"private":0,"password":""}