{"id":"gen9ou-1994832735","p1":"hisuian helios","p2":"alt no. 598","format":"[Gen 9] OU","log":"|j|\u2606hisuian helios\n|j|\u2606alt no. 598\n|t:|1700496953\n|gametype|singles\n|player|p1|hisuian helios|101|1529\n|player|p2|alt no. 598|acetrainersnowf|1634\n|teamsize|p1|6\n|teamsize|p2|6\n|gen|9\n|tier|[Gen 9] OU\n|rated|\n|rule|Sleep Clause Mod: Limit one foe put to sleep\n|rule|Species Clause: Limit one of each Pok\u00e9mon\n|rule|OHKO Clause: OHKO moves are banned\n|rule|Evasion Items Clause: Evasion items are banned\n|rule|Evasion Moves Clause: Evasion moves are banned\n|rule|Endless Battle Clause: Forcing endless battles is banned\n|rule|HP Percentage Mod: HP is shown in percentages\n|clearpoke\n|poke|p1|Ribombee, M|\n|poke|p1|Ogerpon-Wellspring, F|\n|poke|p1|Iron Moth|\n|poke|p1|Kingambit, F|\n|poke|p1|Gholdengo|\n|poke|p1|Iron Valiant|\n|poke|p2|Landorus-Therian, M|\n|poke|p2|Zapdos|\n|poke|p2|Slowking-Galar, M|\n|poke|p2|Cinderace, F|\n|poke|p2|Dragapult, F|\n|poke|p2|Clefable, F|\n|teampreview\n|inactive|Battle timer is ON: inactive players will automatically lose when time's up. (requested by hisuian helios)\n|\n|t:|1700496998\n|start\n|switch|p1a: Ribombee|Ribombee, M|100\/100\n|switch|p2a: Clefable|Clefable, F|100\/100\n|turn|1\n|\n|t:|1700497006\n|move|p1a: Ribombee|Sticky Web|p2a: Clefable\n|-sidestart|p2: alt no. 598|move: Sticky Web\n|move|p2a: Clefable|Calm Mind|p2a: Clefable\n|-boost|p2a: Clefable|spa|1\n|-boost|p2a: Clefable|spd|1\n|\n|upkeep\n|turn|2\n|\n|t:|1700497019\n|move|p1a: Ribombee|Stun Spore|p2a: Clefable\n|-status|p2a: Clefable|par\n|move|p2a: Clefable|Moonblast|p1a: Ribombee\n|-damage|p1a: Ribombee|13\/100\n|\n|upkeep\n|turn|3\n|\n|t:|1700497022\n|move|p1a: Ribombee|Moonblast|p2a: Clefable\n|-damage|p2a: Clefable|74\/100 par\n|move|p2a: Clefable|Moonblast|p1a: Ribombee\n|-damage|p1a: Ribombee|0 fnt\n|faint|p1a: Ribombee\n|\n|-heal|p2a: Clefable|80\/100 par|[from] item: Leftovers\n|upkeep\n|\n|t:|1700497025\n|switch|p1a: Ogerpon|Ogerpon-Wellspring, F|100\/100\n|turn|4\n|\n|t:|1700497033\n|move|p1a: Ogerpon|Swords Dance|p1a: Ogerpon\n|-boost|p1a: Ogerpon|atk|2\n|cant|p2a: Clefable|par\n|\n|-heal|p2a: Clefable|87\/100 par|[from] item: Leftovers\n|upkeep\n|turn|5\n|\n|t:|1700497039\n|move|p1a: Ogerpon|Ivy Cudgel|p2a: Clefable|[anim] Ivy Cudgel Water\n|-damage|p2a: Clefable|0 fnt\n|faint|p2a: Clefable\n|\n|upkeep\n|\n|t:|1700497056\n|switch|p2a: Landorus|Landorus-Therian, M|100\/100\n|-ability|p2a: Landorus|Intimidate|boost\n|-unboost|p1a: Ogerpon|atk|1\n|turn|6\n|\n|t:|1700497060\n|-terastallize|p2a: Landorus|Grass\n|move|p1a: Ogerpon|Ivy Cudgel|p2a: Landorus|[anim] Ivy Cudgel Water\n|-resisted|p2a: Landorus\n|-damage|p2a: Landorus|59\/100\n|move|p2a: Landorus|U-turn|p1a: Ogerpon\n|-supereffective|p1a: Ogerpon\n|-damage|p1a: Ogerpon|42\/100\n|\n|t:|1700497065\n|switch|p2a: Cinderace|Cinderace, F|100\/100|[from] U-turn\n|\n|upkeep\n|turn|7\n|\n|t:|1700497069\n|move|p2a: Cinderace|U-turn|p1a: Ogerpon\n|-start|p2a: Cinderace|typechange|Bug|[from] ability: Libero\n|-supereffective|p1a: Ogerpon\n|-damage|p1a: Ogerpon|0 fnt\n|faint|p1a: Ogerpon\n|\n|t:|1700497086\n|switch|p2a: Zapdos|Zapdos|100\/100|[from] U-turn\n|\n|upkeep\n|\n|t:|1700497096\n|switch|p1a: Iron Moth|Iron Moth|100\/100\n|-enditem|p1a: Iron Moth|Booster Energy\n|-activate|p1a: Iron Moth|ability: Quark Drive|[fromitem]\n|-start|p1a: Iron Moth|quarkdrivespa\n|turn|8\n|\n|t:|1700497105\n|switch|p2a: Slowking|Slowking-Galar, M|100\/100\n|move|p1a: Iron Moth|Fiery Dance|p2a: Slowking\n|-damage|p2a: Slowking|65\/100\n|-boost|p1a: Iron Moth|spa|1\n|\n|upkeep\n|turn|9\n|\n|t:|1700497116\n|move|p1a: Iron Moth|Substitute|p1a: Iron Moth\n|-start|p1a: Iron Moth|Substitute\n|-damage|p1a: Iron Moth|76\/100\n|move|p2a: Slowking|Chilly Reception|p2a: Slowking\n|-weather|Snow\n|\n|t:|1700497120\n|switch|p2a: Cinderace|Cinderace, F|100\/100|[from] Chilly Reception\n|\n|-weather|Snow|[upkeep]\n|upkeep\n|turn|10\n|\n|t:|1700497123\n|move|p2a: Cinderace|Court Change|p2a: Cinderace\n|-start|p2a: Cinderace|typechange|Normal|[from] ability: Libero\n|-swapsideconditions\n|-activate|p2a: Cinderace|move: Court Change\n|move|p1a: Iron Moth|Sludge Wave|p2a: Cinderace\n|-damage|p2a: Cinderace|0 fnt\n|faint|p2a: Cinderace\n|\n|-weather|Snow|[upkeep]\n|upkeep\n|\n|t:|1700497126\n|switch|p2a: Dragapult|Dragapult, F|100\/100\n|turn|11\n|\n|t:|1700497130\n|move|p2a: Dragapult|Draco Meteor|p1a: Iron Moth\n|-damage|p1a: Iron Moth|0 fnt\n|-unboost|p2a: Dragapult|spa|2\n|faint|p1a: Iron Moth\n|-end|p1a: Iron Moth|Quark Drive|[silent]\n|\n|-weather|Snow|[upkeep]\n|upkeep\n|\n|t:|1700497141\n|switch|p1a: Iron Valiant|Iron Valiant|100\/100\n|-activate|p1a: Iron Valiant|move: Sticky Web\n|-unboost|p1a: Iron Valiant|spe|1\n|-enditem|p1a: Iron Valiant|Booster Energy\n|-activate|p1a: Iron Valiant|ability: Quark Drive|[fromitem]\n|-start|p1a: Iron Valiant|quarkdriveatk\n|turn|12\n|\n|t:|1700497150\n|switch|p2a: Zapdos|Zapdos|100\/100\n|move|p1a: Iron Valiant|Knock Off|p2a: Zapdos\n|-damage|p2a: Zapdos|66\/100\n|-status|p1a: Iron Valiant|par|[from] ability: Static|[of] p2a: Zapdos\n|-enditem|p2a: Zapdos|Heavy-Duty Boots|[from] move: Knock Off|[of] p1a: Iron Valiant\n|\n|-weather|Snow|[upkeep]\n|upkeep\n|turn|13\n|\n|t:|1700497157\n|move|p2a: Zapdos|Hurricane|p1a: Iron Valiant\n|-supereffective|p1a: Iron Valiant\n|-damage|p1a: Iron Valiant|0 fnt\n|faint|p1a: Iron Valiant\n|-end|p1a: Iron Valiant|Quark Drive|[silent]\n|\n|-weather|none\n|upkeep\n|\n|t:|1700497161\n|switch|p1a: Gholdengo|Gholdengo|100\/100\n|-item|p1a: Gholdengo|Air Balloon\n|turn|14\n|\n|t:|1700497166\n|move|p1a: Gholdengo|Shadow Ball|p2a: Zapdos\n|-damage|p2a: Zapdos|23\/100\n|move|p2a: Zapdos|Volt Switch|p1a: Gholdengo\n|-damage|p1a: Gholdengo|67\/100\n|-enditem|p1a: Gholdengo|Air Balloon\n|\n|t:|1700497170\n|switch|p2a: Landorus|Landorus-Therian, M, tera:Grass|59\/100|[from] Volt Switch\n|-ability|p2a: Landorus|Intimidate|boost\n|-unboost|p1a: Gholdengo|atk|1\n|\n|-heal|p2a: Landorus|65\/100|[from] item: Leftovers\n|upkeep\n|turn|15\n|\n|t:|1700497184\n|move|p2a: Landorus|U-turn|p1a: Gholdengo\n|-resisted|p1a: Gholdengo\n|-damage|p1a: Gholdengo|61\/100\n|\n|t:|1700497191\n|switch|p2a: Slowking|Slowking-Galar, M|98\/100|[from] U-turn\n|move|p1a: Gholdengo|Shadow Ball|p2a: Slowking\n|-supereffective|p2a: Slowking\n|-damage|p2a: Slowking|49\/100\n|\n|upkeep\n|turn|16\n|\n|t:|1700497195\n|move|p1a: Gholdengo|Shadow Ball|p2a: Slowking\n|-supereffective|p2a: Slowking\n|-damage|p2a: Slowking|3\/100\n|move|p2a: Slowking|Chilly Reception|p2a: Slowking\n|-weather|Snow\n|\n|t:|1700497200\n|switch|p2a: Dragapult|Dragapult, F|100\/100|[from] Chilly Reception\n|\n|-weather|Snow|[upkeep]\n|upkeep\n|turn|17\n|\n|t:|1700497205\n|move|p2a: Dragapult|Flamethrower|p1a: Gholdengo\n|-supereffective|p1a: Gholdengo\n|-damage|p1a: Gholdengo|0 fnt\n|faint|p1a: Gholdengo\n|\n|-weather|Snow|[upkeep]\n|upkeep\n|\n|t:|1700497209\n|switch|p1a: Kingambit|Kingambit, F|100\/100\n|-activate|p1a: Kingambit|move: Sticky Web\n|-unboost|p1a: Kingambit|spe|1\n|-activate|p1a: Kingambit|ability: Supreme Overlord\n|-start|p1a: Kingambit|fallen5|[silent]\n|turn|18\n|\n|t:|1700497212\n|move|p1a: Kingambit|Sucker Punch|p2a: Dragapult\n|-supereffective|p2a: Dragapult\n|-damage|p2a: Dragapult|0 fnt\n|faint|p2a: Dragapult\n|\n|-weather|Snow|[upkeep]\n|upkeep\n|\n|t:|1700497215\n|switch|p2a: Landorus|Landorus-Therian, M, tera:Grass|65\/100\n|-ability|p2a: Landorus|Intimidate|boost\n|-unboost|p1a: Kingambit|atk|1\n|turn|19\n|\n|t:|1700497225\n|-terastallize|p1a: Kingambit|Fighting\n|move|p2a: Landorus|Earthquake|p1a: Kingambit\n|-damage|p1a: Kingambit|62\/100\n|move|p1a: Kingambit|Swords Dance|p1a: Kingambit\n|-boost|p1a: Kingambit|atk|2\n|\n|-weather|Snow|[upkeep]\n|-heal|p2a: Landorus|71\/100|[from] item: Leftovers\n|upkeep\n|turn|20\n|\n|t:|1700497240\n|switch|p2a: Slowking|Slowking-Galar, M|36\/100\n|move|p1a: Kingambit|Sucker Punch||[still]\n|-fail|p1a: Kingambit\n|\n|-weather|none\n|upkeep\n|turn|21\n|\n|t:|1700497247\n|move|p1a: Kingambit|Iron Head|p2a: Slowking\n|-damage|p2a: Slowking|0 fnt\n|faint|p2a: Slowking\n|\n|upkeep\n|\n|t:|1700497263\n|switch|p2a: Landorus|Landorus-Therian, M, tera:Grass|71\/100\n|-ability|p2a: Landorus|Intimidate|boost\n|-unboost|p1a: Kingambit|atk|1\n|turn|22\n|inactive|alt no. 598 has 120 seconds left.\n|\n|t:|1700497291\n|move|p2a: Landorus|Earthquake|p1a: Kingambit\n|-damage|p1a: Kingambit|20\/100\n|move|p1a: Kingambit|Low Kick|p2a: Landorus\n|-damage|p2a: Landorus|2\/100\n|\n|-heal|p2a: Landorus|8\/100|[from] item: Leftovers\n|upkeep\n|turn|23\n|inactive|alt no. 598 has 120 seconds left.\n|\n|t:|1700497305\n|move|p1a: Kingambit|Sucker Punch|p2a: Landorus\n|-damage|p2a: Landorus|0 fnt\n|faint|p2a: Landorus\n|\n|upkeep\n|\n|t:|1700497306\n|switch|p2a: Zapdos|Zapdos|23\/100\n|turn|24\n|\n|t:|1700497308\n|move|p1a: Kingambit|Sucker Punch||[still]\n|-fail|p1a: Kingambit\n|move|p2a: Zapdos|Roost|p2a: Zapdos\n|-heal|p2a: Zapdos|73\/100\n|-singleturn|p2a: Zapdos|move: Roost\n|\n|upkeep\n|turn|25\n|c|\u2606hisuian helios|shit\n|c|\u2606hisuian helios|gg\n|\n|t:|1700497315\n|move|p1a: Kingambit|Sucker Punch|p2a: Zapdos\n|-damage|p2a: Zapdos|27\/100\n|move|p2a: Zapdos|Volt Switch|p1a: Kingambit\n|-damage|p1a: Kingambit|0 fnt\n|faint|p1a: Kingambit\n|-end|p1a: Kingambit|fallen5|[silent]\n|\n|win|alt no. 598\n|raw|hisuian helios's rating: 1529 &rarr; <strong>1515<\/strong><br \/>(-14 for losing)\n|raw|alt no. 598's rating: 1634 &rarr; <strong>1648<\/strong><br \/>(+14 for winning)\n|c|\u2606alt no. 598|gg\n|c|\u2606alt no. 598|scary gambit endgame\n|l|\u2606hisuian helios\n","uploadtime":1700497326,"views":4,"p1id":"hisuianhelios","p2id":"altno598","formatid":"gen9ou","rating":1515,"private":0,"password":""}