{"id":"gen9ou-1995207672","p1":"jdjdjidkdkdx","p2":"Kayleb1718","format":"[Gen 9] OU","log":"|j|\u2606jdjdjidkdkdx\n|j|\u2606Kayleb1718\n|t:|1700534701\n|gametype|singles\n|player|p1|jdjdjidkdkdx|265|1000\n|player|p2|Kayleb1718|lucas-gen4pt|1073\n|teamsize|p1|6\n|teamsize|p2|6\n|gen|9\n|tier|[Gen 9] OU\n|rated|\n|rule|Sleep Clause Mod: Limit one foe put to sleep\n|rule|Species Clause: Limit one of each Pok\u00e9mon\n|rule|OHKO Clause: OHKO moves are banned\n|rule|Evasion Items Clause: Evasion items are banned\n|rule|Evasion Moves Clause: Evasion moves are banned\n|rule|Endless Battle Clause: Forcing endless battles is banned\n|rule|HP Percentage Mod: HP is shown in percentages\n|clearpoke\n|poke|p1|Sandy Shocks|\n|poke|p1|Lumineon, M|\n|poke|p1|Falinks|\n|poke|p1|Haxorus, M|\n|poke|p1|Lokix, M|\n|poke|p1|Azelf|\n|poke|p2|Zamazenta-*|\n|poke|p2|Dragapult, M|\n|poke|p2|Landorus-Therian, M|\n|poke|p2|Kingambit, F|\n|poke|p2|Great Tusk|\n|poke|p2|Gyarados, M|\n|teampreview\n|\n|t:|1700534707\n|start\n|switch|p1a: Falinks|Falinks|100\/100\n|switch|p2a: Great Tusk|Great Tusk, shiny|100\/100\n|turn|1\n|\n|t:|1700534716\n|move|p1a: Falinks|No Retreat|p1a: Falinks\n|-boost|p1a: Falinks|atk|1\n|-boost|p1a: Falinks|def|1\n|-boost|p1a: Falinks|spa|1\n|-boost|p1a: Falinks|spd|1\n|-boost|p1a: Falinks|spe|1\n|-start|p1a: Falinks|move: No Retreat\n|move|p2a: Great Tusk|Stealth Rock|p1a: Falinks\n|-sidestart|p1: jdjdjidkdkdx|move: Stealth Rock\n|\n|upkeep\n|turn|2\n|\n|t:|1700534724\n|move|p1a: Falinks|Brick Break|p2a: Great Tusk\n|-damage|p2a: Great Tusk|51\/100\n|-damage|p1a: Falinks|91\/100|[from] item: Life Orb\n|move|p2a: Great Tusk|High Horsepower|p1a: Falinks\n|-damage|p1a: Falinks|49\/100\n|\n|-heal|p2a: Great Tusk|57\/100|[from] item: Leftovers\n|upkeep\n|turn|3\n|\n|t:|1700534737\n|move|p1a: Falinks|Brick Break|p2a: Great Tusk\n|-damage|p2a: Great Tusk|14\/100\n|-damage|p1a: Falinks|39\/100|[from] item: Life Orb\n|move|p2a: Great Tusk|High Horsepower|p1a: Falinks\n|-damage|p1a: Falinks|0 fnt\n|faint|p1a: Falinks\n|\n|-heal|p2a: Great Tusk|20\/100|[from] item: Leftovers\n|upkeep\n|\n|t:|1700534746\n|switch|p1a: Azelf|Azelf|100\/100\n|-damage|p1a: Azelf|88\/100|[from] Stealth Rock\n|turn|4\n|\n|t:|1700534753\n|move|p1a: Azelf|Mystical Power|p2a: Great Tusk\n|-supereffective|p2a: Great Tusk\n|-damage|p2a: Great Tusk|0 fnt\n|-boost|p1a: Azelf|spa|1\n|faint|p2a: Great Tusk\n|-end|p2a: Great Tusk|Protosynthesis|[silent]\n|-damage|p1a: Azelf|78\/100|[from] item: Life Orb\n|\n|upkeep\n|\n|t:|1700534760\n|switch|p2a: Landorus|Landorus-Therian, M|100\/100\n|-ability|p2a: Landorus|Intimidate|boost\n|-unboost|p1a: Azelf|atk|1\n|turn|5\n|\n|t:|1700534764\n|move|p1a: Azelf|Psychic|p2a: Landorus\n|-damage|p2a: Landorus|0 fnt\n|faint|p2a: Landorus\n|-damage|p1a: Azelf|68\/100|[from] item: Life Orb\n|\n|upkeep\n|\n|t:|1700534767\n|switch|p2a: Gyarados|Gyarados, M, shiny|100\/100\n|turn|6\n|\n|t:|1700534777\n|move|p1a: Azelf|Psychic|p2a: Gyarados\n|-damage|p2a: Gyarados|17\/100\n|-damage|p1a: Azelf|58\/100|[from] item: Life Orb\n|move|p2a: Gyarados|Ice Fang|p1a: Azelf\n|-damage|p1a: Azelf|24\/100\n|\n|-heal|p2a: Gyarados|23\/100|[from] item: Leftovers\n|upkeep\n|turn|7\n|\n|t:|1700534788\n|move|p1a: Azelf|Dazzling Gleam|p2a: Gyarados\n|-damage|p2a: Gyarados|0 fnt\n|faint|p2a: Gyarados\n|-damage|p1a: Azelf|14\/100|[from] item: Life Orb\n|\n|upkeep\n|\n|t:|1700534793\n|switch|p2a: Zamazenta|Zamazenta|100\/100\n|-ability|p2a: Zamazenta|Dauntless Shield|boost\n|-boost|p2a: Zamazenta|def|1\n|turn|8\n|\n|t:|1700534802\n|move|p2a: Zamazenta|Iron Head|p1a: Azelf\n|-damage|p1a: Azelf|0 fnt\n|faint|p1a: Azelf\n|\n|upkeep\n|inactive|Battle timer is ON: inactive players will automatically lose when time's up. (requested by Kayleb1718)\n|\n|t:|1700534819\n|switch|p1a: Lokix|Lokix, M|100\/100\n|-damage|p1a: Lokix|76\/100|[from] Stealth Rock\n|turn|9\n|\n|t:|1700534824\n|move|p1a: Lokix|First Impression|p2a: Zamazenta\n|-resisted|p2a: Zamazenta\n|-damage|p2a: Zamazenta|67\/100\n|-damage|p1a: Lokix|66\/100|[from] item: Life Orb\n|move|p2a: Zamazenta|Brick Break|p1a: Lokix\n|-damage|p1a: Lokix|8\/100\n|\n|-heal|p2a: Zamazenta|73\/100|[from] item: Leftovers\n|upkeep\n|turn|10\n|\n|t:|1700534837\n|move|p2a: Zamazenta|Brick Break|p1a: Lokix\n|-damage|p1a: Lokix|0 fnt\n|faint|p1a: Lokix\n|\n|-heal|p2a: Zamazenta|79\/100|[from] item: Leftovers\n|upkeep\n|\n|t:|1700534838\n|switch|p1a: Lumineon|Lumineon, M|100\/100\n|-damage|p1a: Lumineon|88\/100|[from] Stealth Rock\n|turn|11\n|\n|t:|1700534850\n|move|p2a: Zamazenta|Play Rough|p1a: Lumineon\n|-damage|p1a: Lumineon|44\/100\n|move|p1a: Lumineon|Dazzling Gleam|p2a: Zamazenta\n|-supereffective|p2a: Zamazenta\n|-crit|p2a: Zamazenta\n|-damage|p2a: Zamazenta|12\/100\n|-damage|p1a: Lumineon|34\/100|[from] item: Life Orb\n|\n|-heal|p2a: Zamazenta|18\/100|[from] item: Leftovers\n|upkeep\n|turn|12\n|\n|t:|1700534856\n|move|p2a: Zamazenta|Play Rough|p1a: Lumineon\n|-damage|p1a: Lumineon|0 fnt\n|faint|p1a: Lumineon\n|\n|-heal|p2a: Zamazenta|24\/100|[from] item: Leftovers\n|upkeep\n|\n|t:|1700534858\n|switch|p1a: Haxorus|Haxorus, M|100\/100\n|-damage|p1a: Haxorus|88\/100|[from] Stealth Rock\n|-ability|p1a: Haxorus|Mold Breaker\n|turn|13\n|\n|t:|1700534861\n|move|p1a: Haxorus|First Impression|p2a: Zamazenta\n|-resisted|p2a: Zamazenta\n|-damage|p2a: Zamazenta|9\/100\n|-damage|p1a: Haxorus|78\/100|[from] item: Life Orb\n|move|p2a: Zamazenta|Play Rough|p1a: Haxorus\n|-supereffective|p1a: Haxorus\n|-damage|p1a: Haxorus|8\/100\n|-unboost|p1a: Haxorus|atk|1\n|\n|-heal|p2a: Zamazenta|15\/100|[from] item: Leftovers\n|upkeep\n|turn|14\n|l|\u2606jdjdjidkdkdx\n|inactive|jdjdjidkdkdx disconnected and has a minute to reconnect!\n|player|p1|\n|inactive|jdjdjidkdkdx has 30 seconds to reconnect!\n|inactive|jdjdjidkdkdx has 20 seconds to reconnect!\n|inactive|jdjdjidkdkdx has 15 seconds to reconnect!\n|inactive|jdjdjidkdkdx has 10 seconds to reconnect!\n|inactive|jdjdjidkdkdx has 5 seconds to reconnect!\n|-message|jdjdjidkdkdx lost due to inactivity.\n|\n|win|Kayleb1718\n|raw|jdjdjidkdkdx's rating: 1000 &rarr; <strong>1000<\/strong><br \/>(+0 for losing)\n|raw|Kayleb1718's rating: 1073 &rarr; <strong>1096<\/strong><br \/>(+23 for winning)\n","uploadtime":1700534932,"views":6,"p1id":"jdjdjidkdkdx","p2id":"kayleb1718","formatid":"gen9ou","rating":1000,"private":0,"password":""}