{"id":"gen9ou-1993650794","p1":"TacobellBathroom24","p2":"jjimenez129","format":"[Gen 9] OU","log":"|j|\u2606TacobellBathroom24\n|j|\u2606jjimenez129\n|t:|1700341618\n|gametype|singles\n|player|p1|TacobellBathroom24|266|1058\n|player|p2|jjimenez129|102|1077\n|teamsize|p1|6\n|teamsize|p2|6\n|gen|9\n|tier|[Gen 9] OU\n|rated|\n|rule|Sleep Clause Mod: Limit one foe put to sleep\n|rule|Species Clause: Limit one of each Pok\u00e9mon\n|rule|OHKO Clause: OHKO moves are banned\n|rule|Evasion Items Clause: Evasion items are banned\n|rule|Evasion Moves Clause: Evasion moves are banned\n|rule|Endless Battle Clause: Forcing endless battles is banned\n|rule|HP Percentage Mod: HP is shown in percentages\n|clearpoke\n|poke|p1|Sneasler, M|\n|poke|p1|Jirachi|\n|poke|p1|Rillaboom, M|\n|poke|p1|Kommo-o, M|\n|poke|p1|Dondozo, M|\n|poke|p1|Grimmsnarl, M|\n|poke|p2|Cinderace, M|\n|poke|p2|Corviknight, M|\n|poke|p2|Tyranitar, M|\n|poke|p2|Gyarados, M|\n|poke|p2|Umbreon, M|\n|poke|p2|Zoroark, M|\n|teampreview\n|inactive|Battle timer is ON: inactive players will automatically lose when time's up. (requested by TacobellBathroom24)\n|\n|t:|1700341628\n|start\n|switch|p1a: Kommo-o|Kommo-o, M|100\/100\n|switch|p2a: Cinderace|Cinderace, M, shiny|100\/100\n|turn|1\n|\n|t:|1700341634\n|move|p2a: Cinderace|Nasty Plot|p2a: Cinderace\n|-boost|p2a: Cinderace|spa|2\n|move|p1a: Kommo-o|Clangorous Soul|p1a: Kommo-o\n|-boost|p1a: Kommo-o|atk|1\n|-boost|p1a: Kommo-o|def|1\n|-boost|p1a: Kommo-o|spa|1\n|-boost|p1a: Kommo-o|spd|1\n|-boost|p1a: Kommo-o|spe|1\n|-damage|p1a: Kommo-o|68\/100\n|-enditem|p1a: Kommo-o|Throat Spray\n|-boost|p1a: Kommo-o|spa|1|[from] item: Throat Spray\n|\n|upkeep\n|turn|2\n|\n|t:|1700341644\n|move|p1a: Kommo-o|Clangorous Soul|p1a: Kommo-o\n|-boost|p1a: Kommo-o|atk|1\n|-boost|p1a: Kommo-o|def|1\n|-boost|p1a: Kommo-o|spa|1\n|-boost|p1a: Kommo-o|spd|1\n|-boost|p1a: Kommo-o|spe|1\n|-damage|p1a: Kommo-o|35\/100\n|move|p2a: Cinderace|Sludge Bomb|p1a: Kommo-o\n|-immune|p1a: Kommo-o|[from] ability: Bulletproof\n|\n|upkeep\n|turn|3\n|\n|t:|1700341661\n|move|p1a: Kommo-o|Boomburst|p2a: Cinderace\n|-damage|p2a: Cinderace|0 fnt\n|replace|p2a: Zoroark|Zoroark, M, shiny\n|-end|p2a: Zoroark|Illusion\n|faint|p2a: Zoroark\n|\n|upkeep\n|\n|t:|1700341671\n|switch|p2a: Umbreon|Umbreon, M, shiny|100\/100\n|turn|4\n|\n|t:|1700341675\n|move|p1a: Kommo-o|Drain Punch|p2a: Umbreon\n|-supereffective|p2a: Umbreon\n|-damage|p2a: Umbreon|0 fnt\n|-heal|p1a: Kommo-o|100\/100|[from] drain|[of] p2a: Umbreon\n|faint|p2a: Umbreon\n|\n|upkeep\n|\n|t:|1700341697\n|switch|p2a: Gyarados|Gyarados, M, shiny|100\/100\n|turn|5\n|\n|t:|1700341705\n|-terastallize|p1a: Kommo-o|Normal\n|move|p1a: Kommo-o|Boomburst|p2a: Gyarados\n|-damage|p2a: Gyarados|0 fnt\n|faint|p2a: Gyarados\n|\n|upkeep\n|\n|t:|1700341719\n|switch|p2a: Tyranitar|Tyranitar, M, shiny|100\/100\n|-weather|Sandstorm|[from] ability: Sand Stream|[of] p2a: Tyranitar\n|turn|6\n|\n|t:|1700341727\n|move|p1a: Kommo-o|Drain Punch|p2a: Tyranitar\n|-supereffective|p2a: Tyranitar\n|-damage|p2a: Tyranitar|0 fnt\n|faint|p2a: Tyranitar\n|\n|-weather|Sandstorm|[upkeep]\n|-damage|p1a: Kommo-o|94\/100|[from] Sandstorm\n|upkeep\n|\n|t:|1700341730\n|switch|p2a: Corviknight|Corviknight, M, shiny|100\/100\n|turn|7\n|\n|t:|1700341738\n|move|p1a: Kommo-o|Drain Punch|p2a: Corviknight\n|-damage|p2a: Corviknight|54\/100\n|-heal|p1a: Kommo-o|100\/100|[from] drain|[of] p2a: Corviknight\n|-damage|p1a: Kommo-o|84\/100|[from] item: Rocky Helmet|[of] p2a: Corviknight\n|move|p2a: Corviknight|Body Press|p1a: Kommo-o\n|-supereffective|p1a: Kommo-o\n|-damage|p1a: Kommo-o|59\/100\n|\n|-weather|Sandstorm|[upkeep]\n|-damage|p1a: Kommo-o|53\/100|[from] Sandstorm\n|upkeep\n|turn|8\n|\n|t:|1700341748\n|move|p1a: Kommo-o|Drain Punch|p2a: Corviknight\n|-crit|p2a: Corviknight\n|-damage|p2a: Corviknight|0 fnt\n|-heal|p1a: Kommo-o|90\/100|[from] drain|[of] p2a: Corviknight\n|-damage|p1a: Kommo-o|73\/100|[from] item: Rocky Helmet|[of] p2a: Corviknight\n|faint|p2a: Corviknight\n|\n|-weather|Sandstorm|[upkeep]\n|-damage|p1a: Kommo-o|67\/100|[from] Sandstorm\n|upkeep\n|\n|t:|1700341751\n|switch|p2a: Cinderace|Cinderace, M, shiny|100\/100\n|turn|9\n|\n|t:|1700341755\n|move|p1a: Kommo-o|Boomburst|p2a: Cinderace\n|-damage|p2a: Cinderace|0 fnt\n|faint|p2a: Cinderace\n|\n|win|TacobellBathroom24\n|raw|TacobellBathroom24's rating: 1058 &rarr; <strong>1091<\/strong><br \/>(+33 for winning)\n|raw|jjimenez129's rating: 1077 &rarr; <strong>1054<\/strong><br \/>(-23 for losing)\n|l|\u2606jjimenez129\n","uploadtime":1700341770,"views":16,"p1id":"tacobellbathroom24","p2id":"jjimenez129","formatid":"gen9ou","rating":1054,"private":0,"password":""}