{"id":"gen9ou-1996370586","p1":"billychily","p2":"pyrromanis","format":"[Gen 9] OU","log":"|j|\u2606billychily\n|j|\u2606pyrromanis\n|t:|1700675587\n|gametype|singles\n|player|p1|billychily|ghetsis|\n|player|p2|pyrromanis|firebreather|\n|teamsize|p1|6\n|teamsize|p2|6\n|gen|9\n|tier|[Gen 9] OU\n|rule|Sleep Clause Mod: Limit one foe put to sleep\n|rule|Species Clause: Limit one of each Pok\u00e9mon\n|rule|OHKO Clause: OHKO moves are banned\n|rule|Evasion Items Clause: Evasion items are banned\n|rule|Evasion Moves Clause: Evasion moves are banned\n|rule|Endless Battle Clause: Forcing endless battles is banned\n|rule|HP Percentage Mod: HP is shown in percentages\n|clearpoke\n|poke|p1|Great Tusk|\n|poke|p1|Ribombee, M|\n|poke|p1|Iron Valiant|\n|poke|p1|Gholdengo|\n|poke|p1|Grimmsnarl, M|\n|poke|p1|Dragapult, M|\n|poke|p2|Zapdos|\n|poke|p2|Heatran, M|\n|poke|p2|Weavile, F|\n|poke|p2|Ogerpon-Wellspring, F|\n|poke|p2|Scizor, M|\n|poke|p2|Slowking-Galar, M|\n|teampreview\n|inactive|Battle timer is ON: inactive players will automatically lose when time's up. (requested by pyrromanis)\n|c|\u2606billychily|glhf\n|\n|t:|1700675604\n|start\n|switch|p1a: ubers-bl|Grimmsnarl, M, shiny|100\/100\n|switch|p2a: Zic|Scizor, M|100\/100\n|turn|1\n|\n|t:|1700675612\n|move|p2a: Zic|Bullet Punch|p1a: ubers-bl\n|-supereffective|p1a: ubers-bl\n|-damage|p1a: ubers-bl|27\/100\n|move|p1a: ubers-bl|Reflect|p1a: ubers-bl\n|-sidestart|p1: billychily|Reflect\n|\n|upkeep\n|turn|2\n|\n|t:|1700675627\n|switch|p1a: balanced|Great Tusk|100\/100\n|-enditem|p1a: balanced|Booster Energy\n|-activate|p1a: balanced|ability: Protosynthesis|[fromitem]\n|-start|p1a: balanced|protosynthesisatk\n|move|p2a: Zic|Bullet Punch|p1a: balanced\n|-damage|p1a: balanced|88\/100\n|\n|upkeep\n|turn|3\n|\n|t:|1700675633\n|switch|p2a: Raikiri|Zapdos, shiny|100\/100\n|move|p1a: balanced|Stealth Rock|p2a: Raikiri\n|-sidestart|p2: pyrromanis|move: Stealth Rock\n|\n|upkeep\n|turn|4\n|\n|t:|1700675637\n|move|p2a: Raikiri|Hurricane|p1a: balanced|[miss]\n|-miss|p2a: Raikiri|p1a: balanced\n|move|p1a: balanced|Ice Spinner|p2a: Raikiri\n|-supereffective|p2a: Raikiri\n|-damage|p2a: Raikiri|30\/100\n|-status|p1a: balanced|par|[from] ability: Static|[of] p2a: Raikiri\n|\n|upkeep\n|turn|5\n|\n|t:|1700675640\n|move|p2a: Raikiri|Roost|p2a: Raikiri\n|-heal|p2a: Raikiri|80\/100\n|-singleturn|p2a: Raikiri|move: Roost\n|cant|p1a: balanced|par\n|\n|upkeep\n|turn|6\n|\n|t:|1700675643\n|move|p2a: Raikiri|Hurricane|p1a: balanced\n|-supereffective|p1a: balanced\n|-damage|p1a: balanced|0 fnt\n|faint|p1a: balanced\n|-end|p1a: balanced|Protosynthesis|[silent]\n|\n|upkeep\n|\n|t:|1700675646\n|switch|p1a: mid|Ribombee, M|100\/100\n|turn|7\n|\n|t:|1700675648\n|move|p1a: mid|Sticky Web|p2a: Raikiri\n|-sidestart|p2: pyrromanis|move: Sticky Web\n|move|p2a: Raikiri|Volt Switch|p1a: mid\n|-damage|p1a: mid|46\/100\n|\n|t:|1700675654\n|switch|p2a: Zic|Scizor, M|100\/100|[from] Volt Switch\n|\n|upkeep\n|turn|8\n|\n|t:|1700675672\n|move|p2a: Zic|Bullet Punch|p1a: mid\n|-supereffective|p1a: mid\n|-damage|p1a: mid|0 fnt\n|faint|p1a: mid\n|\n|-sideend|p1: billychily|Reflect\n|upkeep\n|\n|t:|1700675677\n|switch|p1a: ubers-bl|Grimmsnarl, M, shiny|27\/100\n|turn|9\n|\n|t:|1700675686\n|-terastallize|p1a: ubers-bl|Steel\n|move|p2a: Zic|Bullet Punch|p1a: ubers-bl\n|-resisted|p1a: ubers-bl\n|-damage|p1a: ubers-bl|11\/100\n|move|p1a: ubers-bl|Reflect|p1a: ubers-bl\n|-sidestart|p1: billychily|Reflect\n|\n|upkeep\n|turn|10\n|\n|t:|1700675696\n|switch|p1a: Dragapult|Dragapult, M, shiny|100\/100\n|move|p2a: Zic|Swords Dance|p2a: Zic\n|-boost|p2a: Zic|atk|2\n|\n|upkeep\n|turn|11\n|inactive|pyrromanis has 270 seconds left.\n|\n|t:|1700675738\n|move|p2a: Zic|Bullet Punch|p1a: Dragapult\n|-damage|p1a: Dragapult|48\/100\n|move|p1a: Dragapult|Dragon Dance|p1a: Dragapult\n|-boost|p1a: Dragapult|atk|1\n|-boost|p1a: Dragapult|spe|1\n|\n|upkeep\n|turn|12\n|\n|t:|1700675748\n|-terastallize|p2a: Zic|Steel\n|move|p2a: Zic|Bullet Punch|p1a: Dragapult\n|-damage|p1a: Dragapult|0 fnt\n|faint|p1a: Dragapult\n|\n|upkeep\n|\n|t:|1700675754\n|switch|p1a: ladyb0y|Iron Valiant|100\/100\n|-enditem|p1a: ladyb0y|Booster Energy\n|-activate|p1a: ladyb0y|ability: Quark Drive|[fromitem]\n|-start|p1a: ladyb0y|quarkdrivespe\n|turn|13\n|\n|t:|1700675761\n|move|p2a: Zic|Bullet Punch|p1a: ladyb0y\n|-supereffective|p1a: ladyb0y\n|-damage|p1a: ladyb0y|0 fnt\n|faint|p1a: ladyb0y\n|-end|p1a: ladyb0y|Quark Drive|[silent]\n|\n|upkeep\n|\n|t:|1700675765\n|switch|p1a: balanced af|Gholdengo|100\/100\n|-item|p1a: balanced af|Air Balloon\n|turn|14\n|\n|t:|1700675770\n|move|p1a: balanced af|Nasty Plot|p1a: balanced af\n|-boost|p1a: balanced af|spa|2\n|move|p2a: Zic|U-turn|p1a: balanced af\n|-resisted|p1a: balanced af\n|-damage|p1a: balanced af|93\/100\n|-enditem|p1a: balanced af|Air Balloon\n|\n|t:|1700675779\n|switch|p2a: Vinny|Weavile, F|100\/100|[from] U-turn\n|-ability|p2a: Vinny|Pressure\n|\n|upkeep\n|turn|15\n|c|\u2606billychily|trollara hard\n|\n|t:|1700675784\n|move|p2a: Vinny|Knock Off|p1a: balanced af\n|-supereffective|p1a: balanced af\n|-damage|p1a: balanced af|66\/100\n|move|p1a: balanced af|Make It Rain|p2a: Vinny\n|-supereffective|p2a: Vinny\n|-damage|p2a: Vinny|0 fnt\n|-unboost|p1a: balanced af|spa|1\n|faint|p2a: Vinny\n|\n|upkeep\n|\n|t:|1700675801\n|switch|p2a: Hopscrotch|Heatran, M|100\/100\n|-damage|p2a: Hopscrotch|88\/100|[from] Stealth Rock\n|-activate|p2a: Hopscrotch|move: Sticky Web\n|-unboost|p2a: Hopscrotch|spe|1\n|turn|16\n|\n|t:|1700675808\n|move|p1a: balanced af|Make It Rain|p2a: Hopscrotch\n|-resisted|p2a: Hopscrotch\n|-damage|p2a: Hopscrotch|73\/100\n|-unboost|p1a: balanced af|spa|1\n|move|p2a: Hopscrotch|Earth Power|p1a: balanced af\n|-supereffective|p1a: balanced af\n|-damage|p1a: balanced af|7\/100\n|\n|-heal|p2a: Hopscrotch|80\/100|[from] item: Leftovers\n|-sideend|p1: billychily|Reflect\n|upkeep\n|turn|17\n|\n|t:|1700675812\n|move|p1a: balanced af|Shadow Ball|p2a: Hopscrotch\n|-damage|p2a: Hopscrotch|53\/100\n|move|p2a: Hopscrotch|Earth Power|p1a: balanced af\n|-supereffective|p1a: balanced af\n|-damage|p1a: balanced af|0 fnt\n|faint|p1a: balanced af\n|\n|-heal|p2a: Hopscrotch|59\/100|[from] item: Leftovers\n|upkeep\n|\n|t:|1700675815\n|switch|p1a: ubers-bl|Grimmsnarl, M, shiny, tera:Steel|11\/100\n|turn|18\n|\n|t:|1700675819\n|move|p1a: ubers-bl|Spirit Break|p2a: Hopscrotch\n|-resisted|p2a: Hopscrotch\n|-damage|p2a: Hopscrotch|53\/100\n|-unboost|p2a: Hopscrotch|spa|1\n|move|p2a: Hopscrotch|Earth Power|p1a: ubers-bl\n|-supereffective|p1a: ubers-bl\n|-damage|p1a: ubers-bl|0 fnt\n|faint|p1a: ubers-bl\n|\n|win|pyrromanis\n|c|\u2606pyrromanis|gg wp\n","uploadtime":1700675824,"views":3,"p1id":"billychily","p2id":"pyrromanis","formatid":"gen9ou","rating":0,"private":0,"password":""}