{"id":"gen9ou-1998366486","p1":"quirky 4ever","p2":"dblissey","format":"[Gen 9] OU","log":"|j|\u2606quirky 4ever\n|j|\u2606dblissey\n|t:|1700934346\n|gametype|singles\n|player|p1|quirky 4ever|1|\n|player|p2|dblissey|1|\n|teamsize|p1|6\n|teamsize|p2|6\n|gen|9\n|tier|[Gen 9] OU\n|rule|Sleep Clause Mod: Limit one foe put to sleep\n|rule|Species Clause: Limit one of each Pok\u00e9mon\n|rule|OHKO Clause: OHKO moves are banned\n|rule|Evasion Items Clause: Evasion items are banned\n|rule|Evasion Moves Clause: Evasion moves are banned\n|rule|Endless Battle Clause: Forcing endless battles is banned\n|rule|HP Percentage Mod: HP is shown in percentages\n|clearpoke\n|poke|p1|Haxorus, M|\n|poke|p1|Gholdengo|\n|poke|p1|Great Tusk|\n|poke|p1|Iron Valiant|\n|poke|p1|Rotom-Wash|\n|poke|p1|Kingambit, F|\n|poke|p2|Zorua-Hisui, M|\n|poke|p2|Grimmsnarl, M|\n|poke|p2|Heatran, M|\n|poke|p2|Dragapult, M|\n|poke|p2|Clefable, F|\n|poke|p2|Hoopa-Unbound|\n|teampreview\n|inactive|Battle timer is ON: inactive players will automatically lose when time's up. (requested by dblissey)\n|\n|t:|1700934358\n|start\n|switch|p1a: Michelle|Haxorus, M, shiny|100\/100\n|switch|p2a: Heatran|Heatran, M, shiny|100\/100\n|-ability|p1a: Michelle|Mold Breaker\n|turn|1\n|\n|t:|1700934365\n|move|p1a: Michelle|Swords Dance|p1a: Michelle\n|-boost|p1a: Michelle|atk|2\n|move|p2a: Heatran|Taunt|p1a: Michelle\n|-start|p1a: Michelle|move: Taunt\n|\n|upkeep\n|turn|2\n|\n|t:|1700934379\n|move|p1a: Michelle|Iron Head|p2a: Heatran\n|-resisted|p2a: Heatran\n|-damage|p2a: Heatran|88\/100\n|cant|p2a: Heatran|flinch\n|\n|-heal|p2a: Heatran|94\/100|[from] item: Leftovers\n|upkeep\n|turn|3\n|\n|t:|1700934386\n|move|p1a: Michelle|Scale Shot|p2a: Heatran\n|-resisted|p2a: Heatran\n|-damage|p2a: Heatran|82\/100\n|-resisted|p2a: Heatran\n|-damage|p2a: Heatran|68\/100\n|-resisted|p2a: Heatran\n|-damage|p2a: Heatran|57\/100\n|-resisted|p2a: Heatran\n|-damage|p2a: Heatran|45\/100\n|-hitcount|p2a: Heatran|4\n|-unboost|p1a: Michelle|def|1\n|-boost|p1a: Michelle|spe|1\n|move|p2a: Heatran|Stealth Rock|p1a: Michelle\n|-sidestart|p1: quirky 4ever|move: Stealth Rock\n|\n|-heal|p2a: Heatran|51\/100|[from] item: Leftovers\n|upkeep\n|turn|4\n|\n|t:|1700934390\n|move|p1a: Michelle|Scale Shot|p2a: Heatran|[miss]\n|-miss|p1a: Michelle|p2a: Heatran\n|move|p2a: Heatran|Earth Power|p1a: Michelle\n|-damage|p1a: Michelle|62\/100\n|\n|-heal|p2a: Heatran|57\/100|[from] item: Leftovers\n|-end|p1a: Michelle|move: Taunt\n|upkeep\n|turn|5\n|\n|t:|1700934395\n|move|p1a: Michelle|Scale Shot|p2a: Heatran\n|-resisted|p2a: Heatran\n|-damage|p2a: Heatran|46\/100\n|-resisted|p2a: Heatran\n|-damage|p2a: Heatran|33\/100\n|-resisted|p2a: Heatran\n|-damage|p2a: Heatran|20\/100\n|-resisted|p2a: Heatran\n|-damage|p2a: Heatran|7\/100\n|-hitcount|p2a: Heatran|4\n|-unboost|p1a: Michelle|def|1\n|-boost|p1a: Michelle|spe|1\n|move|p2a: Heatran|Earth Power|p1a: Michelle\n|-damage|p1a: Michelle|20\/100\n|-unboost|p1a: Michelle|spd|1\n|\n|-heal|p2a: Heatran|13\/100|[from] item: Leftovers\n|upkeep\n|turn|6\n|\n|t:|1700934409\n|switch|p1a: King|Gholdengo|100\/100\n|-damage|p1a: King|94\/100|[from] Stealth Rock\n|switch|p2a: Clefable|Clefable, F|100\/100\n|\n|upkeep\n|turn|7\n|\n|t:|1700934419\n|switch|p2a: Hoopa|Hoopa-Unbound|100\/100\n|move|p1a: King|Make It Rain|p2a: Hoopa\n|-damage|p2a: Hoopa|2\/100\n|-unboost|p1a: King|spa|1\n|\n|upkeep\n|turn|8\n|\n|t:|1700934425\n|move|p2a: Hoopa|Hyperspace Fury|p1a: King\n|-supereffective|p1a: King\n|-damage|p1a: King|0 fnt\n|-unboost|p2a: Hoopa|def|1\n|faint|p1a: King\n|\n|upkeep\n|\n|t:|1700934429\n|switch|p1a: Her|Great Tusk|100\/100\n|-damage|p1a: Her|97\/100|[from] Stealth Rock\n|-enditem|p1a: Her|Booster Energy\n|-activate|p1a: Her|ability: Protosynthesis|[fromitem]\n|-start|p1a: Her|protosynthesisdef\n|turn|9\n|\n|t:|1700934433\n|move|p2a: Hoopa|Hyperspace Fury|p1a: Her\n|-resisted|p1a: Her\n|-damage|p1a: Her|84\/100\n|-unboost|p2a: Hoopa|def|1\n|move|p1a: Her|Stealth Rock|p2a: Hoopa\n|-sidestart|p2: dblissey|move: Stealth Rock\n|\n|upkeep\n|turn|10\n|\n|t:|1700934451\n|switch|p2a: Grimmsnarl|Grimmsnarl, M, shiny|100\/100\n|-damage|p2a: Grimmsnarl|88\/100|[from] Stealth Rock\n|move|p1a: Her|Rapid Spin|p2a: Grimmsnarl\n|-damage|p2a: Grimmsnarl|71\/100\n|-boost|p1a: Her|spe|1\n|-sideend|p1: quirky 4ever|Stealth Rock|[from] move: Rapid Spin|[of] p1a: Her\n|\n|upkeep\n|turn|11\n|\n|t:|1700934467\n|-end|p1a: Her|Protosynthesis|[silent]\n|switch|p1a: BREATHIN UNDRWATER|Kingambit, F|100\/100\n|-activate|p1a: BREATHIN UNDRWATER|ability: Supreme Overlord\n|-start|p1a: BREATHIN UNDRWATER|fallen1|[silent]\n|move|p2a: Grimmsnarl|Reflect|p2a: Grimmsnarl\n|-sidestart|p2: dblissey|Reflect\n|\n|upkeep\n|turn|12\n|\n|t:|1700934472\n|-terastallize|p1a: BREATHIN UNDRWATER|Fairy\n|move|p2a: Grimmsnarl|Taunt|p1a: BREATHIN UNDRWATER\n|-start|p1a: BREATHIN UNDRWATER|move: Taunt\n|move|p1a: BREATHIN UNDRWATER|Tera Blast|p2a: Grimmsnarl|[anim] Tera Blast Fairy\n|-supereffective|p2a: Grimmsnarl\n|-damage|p2a: Grimmsnarl|8\/100\n|\n|upkeep\n|turn|13\n|\n|t:|1700934478\n|move|p1a: BREATHIN UNDRWATER|Sucker Punch||[still]\n|-fail|p1a: BREATHIN UNDRWATER\n|move|p2a: Grimmsnarl|Light Screen|p2a: Grimmsnarl\n|-sidestart|p2: dblissey|move: Light Screen\n|\n|upkeep\n|turn|14\n|\n|t:|1700934485\n|-end|p1a: BREATHIN UNDRWATER|fallen1|[silent]\n|switch|p1a: Better Off Dead|Rotom-Wash|100\/100\n|move|p2a: Grimmsnarl|Thunder Wave|p1a: Better Off Dead|[miss]\n|-miss|p2a: Grimmsnarl|p1a: Better Off Dead\n|\n|upkeep\n|turn|15\n|\n|t:|1700934493\n|switch|p2a: Dragapult|Dragapult, M, shiny|100\/100\n|-damage|p2a: Dragapult|88\/100|[from] Stealth Rock\n|move|p1a: Better Off Dead|Thunder Wave|p2a: Dragapult|[miss]\n|-miss|p1a: Better Off Dead|p2a: Dragapult\n|\n|upkeep\n|turn|16\n|\n|t:|1700934498\n|move|p2a: Dragapult|Draco Meteor|p1a: Better Off Dead\n|-damage|p1a: Better Off Dead|58\/100\n|-unboost|p2a: Dragapult|spa|2\n|move|p1a: Better Off Dead|Volt Switch|p2a: Dragapult\n|-resisted|p2a: Dragapult\n|-damage|p2a: Dragapult|80\/100\n|\n|t:|1700934505\n|switch|p1a: Dance Dance|Iron Valiant|100\/100|[from] Volt Switch\n|\n|upkeep\n|turn|17\n|inactive|dblissey has 270 seconds left.\n|\n|t:|1700934551\n|move|p2a: Dragapult|Draco Meteor|p1a: Dance Dance\n|-immune|p1a: Dance Dance\n|move|p1a: Dance Dance|Trick|p2a: Dragapult\n|-activate|p1a: Dance Dance|move: Trick|[of] p2a: Dragapult\n|-item|p2a: Dragapult|Choice Scarf|[from] move: Trick\n|-item|p1a: Dance Dance|Choice Scarf|[from] move: Trick\n|\n|upkeep\n|turn|18\n|\n|t:|1700934562\n|-terastallize|p2a: Dragapult|Water\n|move|p2a: Dragapult|Hydro Pump|p1a: Dance Dance\n|-damage|p1a: Dance Dance|52\/100\n|move|p1a: Dance Dance|Moonblast|p2a: Dragapult\n|-damage|p2a: Dragapult|49\/100\n|\n|-sideend|p2: dblissey|Reflect\n|upkeep\n|turn|19\n|\n|t:|1700934569\n|-end|p1a: Dance Dance|Quark Drive|[silent]\n|switch|p1a: BREATHIN UNDRWATER|Kingambit, F, tera:Fairy|100\/100\n|-activate|p1a: BREATHIN UNDRWATER|ability: Supreme Overlord\n|-start|p1a: BREATHIN UNDRWATER|fallen1|[silent]\n|move|p2a: Dragapult|Hydro Pump|p1a: BREATHIN UNDRWATER\n|-damage|p1a: BREATHIN UNDRWATER|71\/100\n|\n|-heal|p1a: BREATHIN UNDRWATER|77\/100|[from] item: Leftovers\n|upkeep\n|turn|20\n|\n|t:|1700934572\n|move|p2a: Dragapult|Hydro Pump|p1a: BREATHIN UNDRWATER\n|-damage|p1a: BREATHIN UNDRWATER|49\/100\n|move|p1a: BREATHIN UNDRWATER|Tera Blast|p2a: Dragapult|[anim] Tera Blast Fairy\n|-damage|p2a: Dragapult|0 fnt\n|faint|p2a: Dragapult\n|\n|-heal|p1a: BREATHIN UNDRWATER|55\/100|[from] item: Leftovers\n|-sideend|p2: dblissey|move: Light Screen\n|upkeep\n|\n|t:|1700934576\n|switch|p2a: Clefable|Clefable, F|100\/100\n|-damage|p2a: Clefable|88\/100|[from] Stealth Rock\n|turn|21\n|\n|t:|1700934589\n|-end|p1a: BREATHIN UNDRWATER|fallen1|[silent]\n|switch|p1a: Michelle|Haxorus, M, shiny|20\/100\n|-ability|p1a: Michelle|Mold Breaker\n|move|p2a: Clefable|Comeuppance||[still]\n|-fail|p2a: Clefable\n|\n|upkeep\n|turn|22\n|\n|t:|1700934593\n|move|p1a: Michelle|Iron Head|p2a: Clefable\n|-damage|p2a: Clefable|7\/100\n|replace|p2a: Zorua|Zorua-Hisui, M, shiny\n|-end|p2a: Zorua|Illusion\n|move|p2a: Zorua|Taunt|p1a: Michelle\n|-start|p1a: Michelle|move: Taunt\n|\n|upkeep\n|turn|23\n|\n|t:|1700934604\n|move|p1a: Michelle|Scale Shot|p2a: Zorua\n|-damage|p2a: Zorua|0 fnt\n|faint|p2a: Zorua\n|-hitcount|p2: Zorua|1\n|-unboost|p1a: Michelle|def|1\n|-boost|p1a: Michelle|spe|1\n|\n|upkeep\n|\n|t:|1700934609\n|switch|p2a: Hoopa|Hoopa-Unbound|2\/100\n|-damage|p2a: Hoopa|0 fnt|[from] Stealth Rock\n|faint|p2a: Hoopa\n|\n|t:|1700934610\n|switch|p2a: Grimmsnarl|Grimmsnarl, M, shiny|8\/100\n|-damage|p2a: Grimmsnarl|0 fnt|[from] Stealth Rock\n|faint|p2a: Grimmsnarl\n|\n|t:|1700934612\n|switch|p2a: Heatran|Heatran, M, shiny|13\/100\n|-damage|p2a: Heatran|1\/100|[from] Stealth Rock\n|turn|24\n|\n|t:|1700934623\n|switch|p1a: Her|Great Tusk|84\/100\n|move|p2a: Heatran|Earth Power|p1a: Her\n|-damage|p1a: Her|49\/100\n|\n|-heal|p2a: Heatran|7\/100|[from] item: Leftovers\n|upkeep\n|turn|25\n|\n|t:|1700934628\n|move|p1a: Her|Earthquake|p2a: Heatran\n|-supereffective|p2a: Heatran\n|-damage|p2a: Heatran|0 fnt\n|faint|p2a: Heatran\n|\n|upkeep\n|\n|t:|1700934630\n|switch|p2a: Clefable|Clefable, F|100\/100\n|turn|26\n|\n|t:|1700934649\n|move|p1a: Her|Earthquake|p2a: Clefable\n|-damage|p2a: Clefable|70\/100\n|move|p2a: Clefable|Moonblast|p1a: Her\n|-supereffective|p1a: Her\n|-damage|p1a: Her|0 fnt\n|faint|p1a: Her\n|-end|p1a: Her|Protosynthesis|[silent]\n|\n|-heal|p2a: Clefable|76\/100|[from] item: Leftovers\n|upkeep\n|\n|t:|1700934653\n|switch|p1a: BREATHIN UNDRWATER|Kingambit, F, tera:Fairy|55\/100\n|-activate|p1a: BREATHIN UNDRWATER|ability: Supreme Overlord\n|-start|p1a: BREATHIN UNDRWATER|fallen2|[silent]\n|turn|27\n|\n|t:|1700934675\n|move|p2a: Clefable|Protect|p2a: Clefable\n|-singleturn|p2a: Clefable|Protect\n|move|p1a: BREATHIN UNDRWATER|Sucker Punch||[still]\n|-fail|p1a: BREATHIN UNDRWATER\n|\n|-heal|p1a: BREATHIN UNDRWATER|61\/100|[from] item: Leftovers\n|-heal|p2a: Clefable|82\/100|[from] item: Leftovers\n|upkeep\n|turn|28\n|inactive|dblissey has 270 seconds left.\n|\n|t:|1700934708\n|move|p1a: BREATHIN UNDRWATER|Tera Blast|p2a: Clefable|[anim] Tera Blast Fairy\n|-damage|p2a: Clefable|37\/100\n|move|p2a: Clefable|Moonblast|p1a: BREATHIN UNDRWATER\n|-damage|p1a: BREATHIN UNDRWATER|27\/100\n|\n|-heal|p1a: BREATHIN UNDRWATER|33\/100|[from] item: Leftovers\n|-heal|p2a: Clefable|43\/100|[from] item: Leftovers\n|upkeep\n|turn|29\n|\n|t:|1700934728\n|-end|p1a: BREATHIN UNDRWATER|fallen2|[silent]\n|switch|p1a: Better Off Dead|Rotom-Wash|58\/100\n|move|p2a: Clefable|Protect||[still]\n|-fail|p2a: Clefable\n|\n|-heal|p1a: Better Off Dead|64\/100|[from] item: Leftovers\n|-heal|p2a: Clefable|49\/100|[from] item: Leftovers\n|upkeep\n|turn|30\n|\n|t:|1700934736\n|move|p1a: Better Off Dead|Volt Switch|p2a: Clefable\n|-damage|p2a: Clefable|28\/100\n|\n|t:|1700934752\n|switch|p1a: Michelle|Haxorus, M, shiny|20\/100|[from] Volt Switch\n|-ability|p1a: Michelle|Mold Breaker\n|move|p2a: Clefable|Wish|p2a: Clefable\n|\n|-heal|p2a: Clefable|34\/100|[from] item: Leftovers\n|upkeep\n|turn|31\n|\n|t:|1700934759\n|move|p2a: Clefable|Protect|p2a: Clefable\n|-singleturn|p2a: Clefable|Protect\n|move|p1a: Michelle|Iron Head|p2a: Clefable\n|-activate|p2a: Clefable|move: Protect\n|\n|-heal|p2a: Clefable|84\/100|[from] move: Wish|[wisher] Clefable\n|-heal|p2a: Clefable|90\/100|[from] item: Leftovers\n|upkeep\n|turn|32\n|\n|t:|1700934771\n|move|p1a: Michelle|Iron Head|p2a: Clefable\n|-supereffective|p2a: Clefable\n|-damage|p2a: Clefable|46\/100\n|cant|p2a: Clefable|flinch\n|\n|-heal|p2a: Clefable|52\/100|[from] item: Leftovers\n|upkeep\n|turn|33\n|\n|t:|1700934775\n|move|p2a: Clefable|Protect|p2a: Clefable\n|-singleturn|p2a: Clefable|Protect\n|move|p1a: Michelle|Iron Head|p2a: Clefable\n|-activate|p2a: Clefable|move: Protect\n|\n|-heal|p2a: Clefable|58\/100|[from] item: Leftovers\n|upkeep\n|turn|34\n|\n|t:|1700934780\n|move|p1a: Michelle|Iron Head|p2a: Clefable\n|-supereffective|p2a: Clefable\n|-crit|p2a: Clefable\n|-damage|p2a: Clefable|0 fnt\n|faint|p2a: Clefable\n|\n|win|quirky 4ever\n|l|\u2606dblissey\n","uploadtime":1700934801,"views":1,"p1id":"quirky4ever","p2id":"dblissey","formatid":"gen9ou","rating":0,"private":0,"password":""}