{"id":"gen9ou-1989196908","p1":"ha999999","p2":"RUMYMOME","format":"[Gen 9] OU","log":"|j|\u2606ha999999\n|j|\u2606RUMYMOME\n|inactive|Battle timer is ON: inactive players will automatically lose when time's up.\n|t:|1699822368\n|gametype|singles\n|player|p1|ha999999|101|\n|player|p2|RUMYMOME|marshal|\n|teamsize|p1|6\n|teamsize|p2|6\n|gen|9\n|tier|[Gen 9] OU\n|rated|Tournament battle\n|rule|Sleep Clause Mod: Limit one foe put to sleep\n|rule|Species Clause: Limit one of each Pok\u00e9mon\n|rule|OHKO Clause: OHKO moves are banned\n|rule|Evasion Items Clause: Evasion items are banned\n|rule|Evasion Moves Clause: Evasion moves are banned\n|rule|Endless Battle Clause: Forcing endless battles is banned\n|rule|HP Percentage Mod: HP is shown in percentages\n|rule|Scalemons Mod: Every Pokemon's stats, barring HP, are scaled to come as close to a BST of 600 as possible\n|clearpoke\n|poke|p1|Toxapex, M|\n|poke|p1|Azumarill, M|\n|poke|p1|Breloom, M|\n|poke|p1|Gholdengo|\n|poke|p1|Heatran, F|\n|poke|p1|Dragapult, M|\n|poke|p2|Marill, F|\n|poke|p2|Naclstack, M|\n|poke|p2|Sinistea|\n|poke|p2|Meditite, F|\n|poke|p2|Growlithe-Hisui, F|\n|poke|p2|Toedscool, M|\n|teampreview\n|j|*Lady Monita \u2746\n|inactive|ha999999 also wants the timer to be on.\n|c|\u2606ha999999|Im\n|c|\u2606ha999999|Im shocked at what im looking at\n|inactive|ha999999 has 120 seconds left.\n|c|\u2606ha999999|you probably gonna win too\n|c|\u2606ha999999|gl hf\n|c|\u2606RUMYMOME|U2\n|inactive|ha999999 has 90 seconds left.\n|\n|t:|1699822438\n|start\n|switch|p1a: Breloom|Breloom, M|100\/100\n|switch|p2a: Marill|Marill, F|100\/100\n|turn|1\n|\n|t:|1699822450\n|switch|p2a: Growlithe|Growlithe-Hisui, F|100\/100\n|move|p1a: Breloom|Bullet Seed|p2a: Growlithe\n|-damage|p2a: Growlithe|63\/100\n|-damage|p2a: Growlithe|24\/100\n|-damage|p2a: Growlithe|0 fnt\n|faint|p2a: Growlithe\n|-hitcount|p2: Growlithe|3\n|\n|upkeep\n|\n|t:|1699822457\n|switch|p2a: Meditite|Meditite, F|100\/100\n|turn|2\n|\n|t:|1699822461\n|switch|p1a: Toxapex|Toxapex, M|100\/100\n|move|p2a: Meditite|Zen Headbutt|p1a: Toxapex\n|-supereffective|p1a: Toxapex\n|-damage|p1a: Toxapex|29\/100\n|\n|-heal|p1a: Toxapex|35\/100|[from] item: Black Sludge\n|upkeep\n|turn|3\n|\n|t:|1699822471\n|switch|p1a: Heatran|Heatran, F|100\/100\n|move|p2a: Meditite|Zen Headbutt|p1a: Heatran\n|-resisted|p1a: Heatran\n|-crit|p1a: Heatran\n|-damage|p1a: Heatran|60\/100\n|\n|upkeep\n|turn|4\n|\n|t:|1699822485\n|switch|p2a: Marill|Marill, F|100\/100\n|switch|p1a: Gholdengo|Gholdengo|100\/100\n|\n|upkeep\n|turn|5\n|\n|t:|1699822493\n|move|p1a: Gholdengo|Make It Rain|p2a: Marill\n|-damage|p2a: Marill|45\/100\n|-unboost|p1a: Gholdengo|spa|1\n|-enditem|p2a: Marill|Sitrus Berry|[eat]\n|-heal|p2a: Marill|70\/100|[from] item: Sitrus Berry\n|move|p2a: Marill|Belly Drum|p2a: Marill\n|-damage|p2a: Marill|20\/100\n|-setboost|p2a: Marill|atk|6|[from] move: Belly Drum\n|\n|upkeep\n|turn|6\n|inactive|ha999999 has 120 seconds left.\n|\n|t:|1699822526\n|switch|p1a: Dragapult|Dragapult, M|100\/100\n|-terastallize|p2a: Marill|Water\n|move|p2a: Marill|Aqua Jet|p1a: Dragapult\n|-resisted|p1a: Dragapult\n|-damage|p1a: Dragapult|7\/100\n|\n|upkeep\n|turn|7\n|\n|t:|1699822534\n|move|p2a: Marill|Aqua Jet|p1a: Dragapult\n|-resisted|p1a: Dragapult\n|-damage|p1a: Dragapult|0 fnt\n|faint|p1a: Dragapult\n|\n|upkeep\n|\n|t:|1699822537\n|switch|p1a: Toxapex|Toxapex, M|68\/100\n|turn|8\n|\n|t:|1699822545\n|move|p2a: Marill|Trailblaze|p1a: Toxapex\n|-damage|p1a: Toxapex|24\/100\n|-boost|p2a: Marill|spe|1\n|move|p1a: Toxapex|Haze|p1a: Toxapex\n|-clearallboost\n|\n|-heal|p1a: Toxapex|30\/100|[from] item: Black Sludge\n|upkeep\n|turn|9\n|\n|t:|1699822550\n|move|p2a: Marill|Trailblaze|p1a: Toxapex\n|-damage|p1a: Toxapex|20\/100\n|-boost|p2a: Marill|spe|1\n|move|p1a: Toxapex|Recover|p1a: Toxapex\n|-heal|p1a: Toxapex|70\/100\n|\n|-heal|p1a: Toxapex|76\/100|[from] item: Black Sludge\n|upkeep\n|turn|10\n|\n|t:|1699822562\n|switch|p2a: Sinistea|Sinistea|100\/100\n|move|p1a: Toxapex|Toxic|p2a: Sinistea\n|-status|p2a: Sinistea|tox\n|\n|-heal|p1a: Toxapex|82\/100|[from] item: Black Sludge\n|-damage|p2a: Sinistea|95\/100 tox|[from] psn\n|upkeep\n|turn|11\n|\n|t:|1699822566\n|move|p2a: Sinistea|Shell Smash|p2a: Sinistea\n|-unboost|p2a: Sinistea|def|1\n|-unboost|p2a: Sinistea|spd|1\n|-boost|p2a: Sinistea|atk|2\n|-boost|p2a: Sinistea|spa|2\n|-boost|p2a: Sinistea|spe|2\n|move|p1a: Toxapex|Chilling Water|p2a: Sinistea\n|-damage|p2a: Sinistea|70\/100 tox\n|-unboost|p2a: Sinistea|atk|1\n|\n|-heal|p1a: Toxapex|89\/100|[from] item: Black Sludge\n|-damage|p2a: Sinistea|58\/100 tox|[from] psn\n|upkeep\n|turn|12\n|\n|t:|1699822580\n|move|p2a: Sinistea|Stored Power|p1a: Toxapex\n|-supereffective|p1a: Toxapex\n|-damage|p1a: Toxapex|0 fnt\n|faint|p1a: Toxapex\n|\n|-damage|p2a: Sinistea|40\/100 tox|[from] psn\n|upkeep\n|\n|t:|1699822586\n|switch|p1a: Azumarill|Azumarill, M|100\/100\n|turn|13\n|\n|t:|1699822591\n|move|p1a: Azumarill|Aqua Jet|p2a: Sinistea\n|-damage|p2a: Sinistea|0 fnt\n|faint|p2a: Sinistea\n|\n|upkeep\n|\n|t:|1699822597\n|switch|p2a: Toedscool|Toedscool, M|100\/100\n|turn|14\n|\n|t:|1699822620\n|move|p1a: Azumarill|Aqua Jet|p2a: Toedscool\n|-damage|p2a: Toedscool|27\/100\n|move|p2a: Toedscool|Giga Drain|p1a: Azumarill\n|-supereffective|p1a: Azumarill\n|-damage|p1a: Azumarill|54\/100\n|-heal|p2a: Toedscool|69\/100|[from] drain|[of] p1a: Azumarill\n|\n|upkeep\n|turn|15\n|\n|t:|1699822626\n|move|p1a: Azumarill|Aqua Jet|p2a: Toedscool\n|-damage|p2a: Toedscool|3\/100\n|move|p2a: Toedscool|Giga Drain|p1a: Azumarill\n|-supereffective|p1a: Azumarill\n|-damage|p1a: Azumarill|11\/100\n|-heal|p2a: Toedscool|42\/100|[from] drain|[of] p1a: Azumarill\n|-enditem|p1a: Azumarill|Sitrus Berry|[eat]\n|-heal|p1a: Azumarill|36\/100|[from] item: Sitrus Berry\n|\n|upkeep\n|turn|16\n|\n|t:|1699822631\n|move|p1a: Azumarill|Aqua Jet|p2a: Toedscool\n|-damage|p2a: Toedscool|0 fnt\n|faint|p2a: Toedscool\n|\n|upkeep\n|\n|t:|1699822637\n|switch|p2a: Marill|Marill, F, tera:Water|20\/100\n|turn|17\n|\n|t:|1699822641\n|move|p2a: Marill|Aqua Jet|p1a: Azumarill\n|-resisted|p1a: Azumarill\n|-damage|p1a: Azumarill|24\/100\n|move|p1a: Azumarill|Knock Off|p2a: Marill\n|-damage|p2a: Marill|0 fnt\n|faint|p2a: Marill\n|\n|upkeep\n|\n|t:|1699822650\n|switch|p2a: Meditite|Meditite, F|100\/100\n|turn|18\n|\n|t:|1699822656\n|switch|p1a: Gholdengo|Gholdengo|100\/100\n|move|p2a: Meditite|Thunder Punch|p1a: Gholdengo\n|-damage|p1a: Gholdengo|57\/100\n|\n|upkeep\n|turn|19\n|\n|t:|1699822663\n|switch|p2a: Naclstack|Naclstack, M|100\/100\n|move|p1a: Gholdengo|Dazzling Gleam|p2a: Naclstack\n|-damage|p2a: Naclstack|76\/100\n|\n|-heal|p2a: Naclstack|82\/100|[from] item: Leftovers\n|upkeep\n|turn|20\n|\n|t:|1699822688\n|switch|p1a: Heatran|Heatran, F|60\/100\n|move|p2a: Naclstack|Salt Cure|p1a: Heatran\n|-damage|p1a: Heatran|46\/100\n|-start|p1a: Heatran|Salt Cure\n|\n|-heal|p2a: Naclstack|88\/100|[from] item: Leftovers\n|-damage|p1a: Heatran|21\/100|[from] Salt Cure\n|upkeep\n|turn|21\n|\n|t:|1699822697\n|move|p1a: Heatran|Flash Cannon|p2a: Naclstack\n|-supereffective|p2a: Naclstack\n|-damage|p2a: Naclstack|14\/100\n|move|p2a: Naclstack|Iron Defense|p2a: Naclstack\n|-boost|p2a: Naclstack|def|2\n|\n|-heal|p2a: Naclstack|20\/100|[from] item: Leftovers\n|-damage|p1a: Heatran|0 fnt|[from] Salt Cure\n|faint|p1a: Heatran\n|upkeep\n|\n|t:|1699822701\n|switch|p1a: Azumarill|Azumarill, M|24\/100\n|turn|22\n|\n|t:|1699822704\n|-terastallize|p1a: Azumarill|Water\n|move|p1a: Azumarill|Aqua Jet|p2a: Naclstack\n|-supereffective|p2a: Naclstack\n|-damage|p2a: Naclstack|0 fnt\n|faint|p2a: Naclstack\n|\n|upkeep\n|\n|t:|1699822706\n|switch|p2a: Meditite|Meditite, F|100\/100\n|turn|23\n|\n|t:|1699822714\n|move|p1a: Azumarill|Aqua Jet|p2a: Meditite\n|-damage|p2a: Meditite|34\/100\n|move|p2a: Meditite|Ice Punch|p1a: Azumarill\n|-resisted|p1a: Azumarill\n|-damage|p1a: Azumarill|9\/100\n|\n|upkeep\n|turn|24\n|c|\u2606ha999999|gg\n|-message|RUMYMOME forfeited.\n|\n|win|ha999999\n|n|\u2606ha999999|ha999999\n|n|\u2606RUMYMOME|rumymome\n|n|*Lady Monita \u2746|ladymonita\n","uploadtime":1699822720,"views":8,"p1id":"ha999999","p2id":"rumymome","formatid":"gen9ou","rating":0,"private":0,"password":""}