{"id":"gen9ou-1991072496","p1":"meliodono","p2":"Robinsonalpha","format":"[Gen 9] OU","log":"|j|\u2606meliodono\n|j|\u2606Robinsonalpha\n|t:|1700038429\n|gametype|singles\n|player|p1|meliodono|janine|1176\n|player|p2|Robinsonalpha|gambler|1255\n|teamsize|p1|6\n|teamsize|p2|6\n|gen|9\n|tier|[Gen 9] OU\n|rated|\n|rule|Sleep Clause Mod: Limit one foe put to sleep\n|rule|Species Clause: Limit one of each Pok\u00e9mon\n|rule|OHKO Clause: OHKO moves are banned\n|rule|Evasion Items Clause: Evasion items are banned\n|rule|Evasion Moves Clause: Evasion moves are banned\n|rule|Endless Battle Clause: Forcing endless battles is banned\n|rule|HP Percentage Mod: HP is shown in percentages\n|clearpoke\n|poke|p1|Zamazenta-*|\n|poke|p1|Chansey, F|\n|poke|p1|Corviknight, M|\n|poke|p1|Slowking, M|\n|poke|p1|Iron Treads|\n|poke|p1|Iron Moth|\n|poke|p2|Iron Moth|\n|poke|p2|Samurott-Hisui, F|\n|poke|p2|Corviknight, F|\n|poke|p2|Toxapex, F|\n|poke|p2|Garchomp, M|\n|poke|p2|Great Tusk|\n|teampreview\n|\n|t:|1700038442\n|start\n|switch|p1a: Iron Moth|Iron Moth|100\/100\n|switch|p2a: Garchomp|Garchomp, M|100\/100\n|turn|1\n|inactive|Battle timer is ON: inactive players will automatically lose when time's up. (requested by Robinsonalpha)\n|\n|t:|1700038460\n|-end|p1a: Iron Moth|Quark Drive|[silent]\n|switch|p1a: Corviknight|Corviknight, M|100\/100\n|-ability|p1a: Corviknight|Pressure\n|move|p2a: Garchomp|Stealth Rock|p1a: Corviknight\n|-sidestart|p1: meliodono|move: Stealth Rock\n|\n|upkeep\n|turn|2\n|\n|t:|1700038472\n|switch|p2a: Iron Moth|Iron Moth|100\/100\n|move|p1a: Corviknight|Defog|p2a: Iron Moth\n|-unboost|p2a: Iron Moth|evasion|1\n|-sideend|p1: meliodono|Stealth Rock|[from] move: Defog|[of] p1a: Corviknight\n|\n|upkeep\n|turn|3\n|\n|t:|1700038480\n|switch|p1a: Slowking|Slowking, M|100\/100\n|move|p2a: Iron Moth|Fiery Dance|p1a: Slowking\n|-resisted|p1a: Slowking\n|-damage|p1a: Slowking|88\/100\n|-boost|p2a: Iron Moth|spa|1\n|\n|upkeep\n|turn|4\n|\n|t:|1700038496\n|-terastallize|p2a: Iron Moth|Grass\n|move|p2a: Iron Moth|Energy Ball|p1a: Slowking\n|-supereffective|p1a: Slowking\n|-damage|p1a: Slowking|9\/100\n|move|p1a: Slowking|Surf|p2a: Iron Moth\n|-resisted|p2a: Iron Moth\n|-crit|p2a: Iron Moth\n|-damage|p2a: Iron Moth|75\/100\n|\n|upkeep\n|turn|5\n|\n|t:|1700038506\n|switch|p1a: Chansey|Chansey, F|100\/100\n|move|p2a: Iron Moth|Fiery Dance|p1a: Chansey\n|-damage|p1a: Chansey|79\/100\n|-boost|p2a: Iron Moth|spa|1\n|\n|upkeep\n|turn|6\n|\n|t:|1700038516\n|move|p2a: Iron Moth|Fiery Dance|p1a: Chansey\n|-damage|p1a: Chansey|50\/100\n|move|p1a: Chansey|Seismic Toss|p2a: Iron Moth\n|-damage|p2a: Iron Moth|41\/100\n|\n|upkeep\n|turn|7\n|\n|t:|1700038524\n|switch|p1a: Zamazenta|Zamazenta|100\/100\n|-ability|p1a: Zamazenta|Dauntless Shield|boost\n|-boost|p1a: Zamazenta|def|1\n|move|p2a: Iron Moth|Fiery Dance|p1a: Zamazenta\n|-damage|p1a: Zamazenta|20\/100\n|-boost|p2a: Iron Moth|spa|1\n|\n|upkeep\n|turn|8\n|\n|t:|1700038535\n|move|p1a: Zamazenta|Close Combat|p2a: Iron Moth\n|-damage|p2a: Iron Moth|0 fnt\n|-unboost|p1a: Zamazenta|def|1\n|-unboost|p1a: Zamazenta|spd|1\n|faint|p2a: Iron Moth\n|-end|p2a: Iron Moth|Quark Drive|[silent]\n|\n|upkeep\n|\n|t:|1700038549\n|switch|p2a: Great Tusk|Great Tusk|100\/100\n|turn|9\n|\n|t:|1700038556\n|switch|p1a: Corviknight|Corviknight, M|100\/100\n|-ability|p1a: Corviknight|Pressure\n|move|p2a: Great Tusk|Close Combat|p1a: Corviknight\n|-damage|p1a: Corviknight|59\/100\n|-unboost|p2a: Great Tusk|def|1\n|-unboost|p2a: Great Tusk|spd|1\n|-damage|p2a: Great Tusk|84\/100|[from] item: Rocky Helmet|[of] p1a: Corviknight\n|\n|upkeep\n|turn|10\n|\n|t:|1700038578\n|-end|p2a: Great Tusk|Protosynthesis|[silent]\n|switch|p2a: Garchomp|Garchomp, M|100\/100\n|move|p1a: Corviknight|U-turn|p2a: Garchomp\n|-damage|p2a: Garchomp|86\/100\n|-damage|p1a: Corviknight|46\/100|[from] ability: Rough Skin|[of] p2a: Garchomp\n|inactive|meliodono has 120 seconds left.\n|\n|t:|1700038594\n|switch|p1a: Iron Treads|Iron Treads|100\/100|[from] U-turn\n|-enditem|p1a: Iron Treads|Booster Energy\n|-activate|p1a: Iron Treads|ability: Quark Drive|[fromitem]\n|-start|p1a: Iron Treads|quarkdrivespe\n|\n|-heal|p2a: Garchomp|92\/100|[from] item: Leftovers\n|upkeep\n|turn|11\n|inactive|meliodono has 120 seconds left.\n|\n|t:|1700038611\n|move|p1a: Iron Treads|Iron Head|p2a: Garchomp\n|-damage|p2a: Garchomp|56\/100\n|-damage|p1a: Iron Treads|88\/100|[from] ability: Rough Skin|[of] p2a: Garchomp\n|move|p2a: Garchomp|Earthquake|p1a: Iron Treads\n|-supereffective|p1a: Iron Treads\n|-damage|p1a: Iron Treads|0 fnt\n|faint|p1a: Iron Treads\n|-end|p1a: Iron Treads|Quark Drive|[silent]\n|\n|-heal|p2a: Garchomp|63\/100|[from] item: Leftovers\n|upkeep\n|\n|t:|1700038620\n|switch|p1a: Zamazenta|Zamazenta|20\/100\n|turn|12\n|inactive|meliodono has 120 seconds left.\n|\n|t:|1700038629\n|switch|p2a: Corviknight|Corviknight, F|100\/100\n|-ability|p2a: Corviknight|Unnerve\n|move|p1a: Zamazenta|Close Combat|p2a: Corviknight\n|-damage|p2a: Corviknight|51\/100\n|-unboost|p1a: Zamazenta|def|1\n|-unboost|p1a: Zamazenta|spd|1\n|\n|-heal|p2a: Corviknight|58\/100|[from] item: Leftovers\n|upkeep\n|turn|13\n|inactive|meliodono has 120 seconds left.\n|\n|t:|1700038643\n|-terastallize|p1a: Zamazenta|Fighting\n|move|p1a: Zamazenta|Close Combat|p2a: Corviknight\n|-damage|p2a: Corviknight|0 fnt\n|-unboost|p1a: Zamazenta|def|1\n|-unboost|p1a: Zamazenta|spd|1\n|faint|p2a: Corviknight\n|\n|upkeep\n|\n|t:|1700038651\n|switch|p2a: Samurott|Samurott-Hisui, F, shiny|100\/100\n|turn|14\n|\n|t:|1700038659\n|switch|p1a: Corviknight|Corviknight, M|46\/100\n|-ability|p1a: Corviknight|Pressure\n|move|p2a: Samurott|Ceaseless Edge|p1a: Corviknight\n|-damage|p1a: Corviknight|19\/100\n|-damage|p2a: Samurott|84\/100|[from] item: Rocky Helmet|[of] p1a: Corviknight\n|-sidestart|p1: meliodono|Spikes\n|\n|upkeep\n|turn|15\n|\n|t:|1700038668\n|move|p2a: Samurott|Ceaseless Edge|p1a: Corviknight\n|-damage|p1a: Corviknight|0 fnt\n|-damage|p2a: Samurott|67\/100|[from] item: Rocky Helmet|[of] p1a: Corviknight\n|-sidestart|p1: meliodono|Spikes\n|faint|p1a: Corviknight\n|\n|upkeep\n|\n|t:|1700038683\n|switch|p1a: Iron Moth|Iron Moth|100\/100\n|turn|16\n|\n|t:|1700038691\n|switch|p2a: Toxapex|Toxapex, F|100\/100\n|move|p1a: Iron Moth|Sludge Wave|p2a: Toxapex\n|-resisted|p2a: Toxapex\n|-damage|p2a: Toxapex|83\/100\n|\n|-heal|p2a: Toxapex|89\/100|[from] item: Black Sludge\n|upkeep\n|turn|17\n|\n|t:|1700038704\n|-end|p1a: Iron Moth|Quark Drive|[silent]\n|switch|p1a: Chansey|Chansey, F|50\/100\n|-damage|p1a: Chansey|33\/100|[from] Spikes\n|move|p2a: Toxapex|Sludge Bomb|p1a: Chansey\n|-damage|p1a: Chansey|28\/100\n|-status|p1a: Chansey|psn\n|\n|-heal|p2a: Toxapex|96\/100|[from] item: Black Sludge\n|-damage|p1a: Chansey|15\/100 psn|[from] psn\n|upkeep\n|turn|18\n|\n|t:|1700038716\n|switch|p2a: Garchomp|Garchomp, M|63\/100\n|move|p1a: Chansey|Soft-Boiled|p1a: Chansey\n|-heal|p1a: Chansey|66\/100 psn\n|\n|-heal|p2a: Garchomp|69\/100|[from] item: Leftovers\n|-damage|p1a: Chansey|53\/100 psn|[from] psn\n|upkeep\n|turn|19\n|\n|t:|1700038725\n|move|p2a: Garchomp|Earthquake|p1a: Chansey\n|-damage|p1a: Chansey|21\/100 psn\n|move|p1a: Chansey|Soft-Boiled|p1a: Chansey\n|-heal|p1a: Chansey|71\/100 psn\n|\n|-heal|p2a: Garchomp|75\/100|[from] item: Leftovers\n|-damage|p1a: Chansey|58\/100 psn|[from] psn\n|upkeep\n|turn|20\n|\n|t:|1700038735\n|move|p2a: Garchomp|Stealth Rock|p1a: Chansey\n|-sidestart|p1: meliodono|move: Stealth Rock\n|move|p1a: Chansey|Soft-Boiled|p1a: Chansey\n|-heal|p1a: Chansey|100\/100 psn\n|\n|-heal|p2a: Garchomp|81\/100|[from] item: Leftovers\n|-damage|p1a: Chansey|88\/100 psn|[from] psn\n|upkeep\n|turn|21\n|\n|t:|1700038743\n|move|p2a: Garchomp|Earthquake|p1a: Chansey\n|-damage|p1a: Chansey|56\/100 psn\n|move|p1a: Chansey|Seismic Toss|p2a: Garchomp\n|-damage|p2a: Garchomp|54\/100\n|-damage|p1a: Chansey|43\/100 psn|[from] ability: Rough Skin|[of] p2a: Garchomp\n|\n|-heal|p2a: Garchomp|60\/100|[from] item: Leftovers\n|-damage|p1a: Chansey|31\/100 psn|[from] psn\n|upkeep\n|turn|22\n|\n|t:|1700038755\n|move|p2a: Garchomp|Earthquake|p1a: Chansey\n|-damage|p1a: Chansey|0 fnt\n|faint|p1a: Chansey\n|\n|-heal|p2a: Garchomp|67\/100|[from] item: Leftovers\n|upkeep\n|\n|t:|1700038767\n|switch|p1a: Zamazenta|Zamazenta, tera:Fighting|20\/100\n|-damage|p1a: Zamazenta|4\/100|[from] Spikes\n|-damage|p1a: Zamazenta|0 fnt|[from] Stealth Rock\n|faint|p1a: Zamazenta\n|\n|t:|1700038771\n|switch|p1a: Iron Moth|Iron Moth|100\/100\n|turn|23\n|\n|t:|1700038777\n|move|p1a: Iron Moth|Sludge Wave|p2a: Garchomp\n|-resisted|p2a: Garchomp\n|-damage|p2a: Garchomp|39\/100\n|move|p2a: Garchomp|Earthquake|p1a: Iron Moth\n|-supereffective|p1a: Iron Moth\n|-damage|p1a: Iron Moth|0 fnt\n|faint|p1a: Iron Moth\n|-end|p1a: Iron Moth|Quark Drive|[silent]\n|\n|-heal|p2a: Garchomp|45\/100|[from] item: Leftovers\n|upkeep\n|\n|t:|1700038780\n|switch|p1a: Slowking|Slowking, M|42\/100\n|turn|24\n|\n|t:|1700038789\n|move|p2a: Garchomp|Earthquake|p1a: Slowking\n|-damage|p1a: Slowking|0 fnt\n|faint|p1a: Slowking\n|\n|win|Robinsonalpha\n|raw|meliodono's rating: 1176 &rarr; <strong>1157<\/strong><br \/>(-19 for losing)\n|raw|Robinsonalpha's rating: 1255 &rarr; <strong>1274<\/strong><br \/>(+19 for winning)\n|l|\u2606meliodono\n","uploadtime":1700038800,"views":22,"p1id":"meliodono","p2id":"robinsonalpha","formatid":"gen9ou","rating":1157,"private":0,"password":""}