{"id":"gen9ou-1992233878","p1":"Aggron","p2":"friedfreak","format":"[Gen 9] OU","log":"|j|\u2606Aggron\n|j|\u2606friedfreak\n|t:|1700166218\n|gametype|singles\n|player|p1|Aggron|pokefan-gen4|1913\n|player|p2|friedfreak|clown|1803\n|teamsize|p1|6\n|teamsize|p2|6\n|gen|9\n|tier|[Gen 9] OU\n|rated|\n|rule|Sleep Clause Mod: Limit one foe put to sleep\n|rule|Species Clause: Limit one of each Pok\u00e9mon\n|rule|OHKO Clause: OHKO moves are banned\n|rule|Evasion Items Clause: Evasion items are banned\n|rule|Evasion Moves Clause: Evasion moves are banned\n|rule|Endless Battle Clause: Forcing endless battles is banned\n|rule|HP Percentage Mod: HP is shown in percentages\n|clearpoke\n|poke|p1|Sinistcha-Masterpiece|\n|poke|p1|Heatran, M|\n|poke|p1|Rillaboom, F|\n|poke|p1|Sneasler, F|\n|poke|p1|Samurott-Hisui, F|\n|poke|p1|Tyranitar, F|\n|poke|p2|Gholdengo|\n|poke|p2|Samurott-Hisui, F|\n|poke|p2|Landorus-Therian, M|\n|poke|p2|Iron Valiant|\n|poke|p2|Dragapult, F|\n|poke|p2|Amoonguss, M|\n|teampreview\n|inactive|Battle timer is ON: inactive players will automatically lose when time's up. (requested by Aggron)\n|\n|t:|1700166230\n|start\n|switch|p1a: Tyranitar|Tyranitar, F|100\/100\n|switch|p2a: Landorus|Landorus-Therian, M|100\/100\n|-ability|p2a: Landorus|Intimidate|boost\n|-unboost|p1a: Tyranitar|atk|1\n|-weather|Sandstorm|[from] ability: Sand Stream|[of] p1a: Tyranitar\n|turn|1\n|\n|t:|1700166243\n|switch|p1a: Rillaboom|Rillaboom, F, shiny|100\/100\n|-fieldstart|move: Grassy Terrain|[from] ability: Grassy Surge|[of] p1a: Rillaboom\n|move|p2a: Landorus|U-turn|p1a: Rillaboom\n|-supereffective|p1a: Rillaboom\n|-damage|p1a: Rillaboom|54\/100\n|\n|t:|1700166253\n|switch|p2a: Amoonguss|Amoonguss, M|100\/100|[from] U-turn\n|\n|-weather|Sandstorm|[upkeep]\n|-damage|p1a: Rillaboom|47\/100|[from] Sandstorm\n|-damage|p2a: Amoonguss|94\/100|[from] Sandstorm\n|-heal|p1a: Rillaboom|54\/100|[from] Grassy Terrain\n|-heal|p2a: Amoonguss|100\/100|[from] Grassy Terrain\n|upkeep\n|turn|2\n|j| yosoyunbe\n|\n|t:|1700166265\n|switch|p1a: Heatran|Heatran, M|100\/100\n|-item|p1a: Heatran|Air Balloon\n|move|p2a: Amoonguss|Sludge Bomb|p1a: Heatran\n|-immune|p1a: Heatran\n|\n|-weather|Sandstorm|[upkeep]\n|-damage|p2a: Amoonguss|94\/100|[from] Sandstorm\n|-heal|p2a: Amoonguss|100\/100|[from] Grassy Terrain\n|upkeep\n|turn|3\n|j| Floppy_Bananas\n|j| HotheadIsTheGoat\n|\n|t:|1700166280\n|switch|p2a: Samurott|Samurott-Hisui, F|100\/100\n|move|p1a: Heatran|Magma Storm|p2a: Samurott|[miss]\n|-miss|p1a: Heatran|p2a: Samurott\n|\n|-weather|Sandstorm|[upkeep]\n|-damage|p2a: Samurott|94\/100|[from] Sandstorm\n|-heal|p2a: Samurott|100\/100|[from] Grassy Terrain\n|upkeep\n|turn|4\n|\n|t:|1700166293\n|switch|p1a: Sneasler|Sneasler, F, shiny|100\/100\n|move|p2a: Samurott|Razor Shell|p1a: Sneasler\n|-damage|p1a: Sneasler|12\/100\n|-unboost|p1a: Sneasler|def|1\n|\n|-weather|Sandstorm|[upkeep]\n|-damage|p1a: Sneasler|6\/100|[from] Sandstorm\n|-damage|p2a: Samurott|94\/100|[from] Sandstorm\n|-heal|p1a: Sneasler|12\/100|[from] Grassy Terrain\n|-heal|p2a: Samurott|100\/100|[from] Grassy Terrain\n|upkeep\n|turn|5\n|\n|t:|1700166301\n|move|p1a: Sneasler|Fake Out|p2a: Samurott\n|-damage|p2a: Samurott|83\/100\n|cant|p2a: Samurott|flinch\n|\n|-weather|none\n|-heal|p1a: Sneasler|18\/100|[from] Grassy Terrain\n|-heal|p2a: Samurott|89\/100|[from] Grassy Terrain\n|-fieldend|move: Grassy Terrain\n|upkeep\n|turn|6\n|j| nefario labs\n|\n|t:|1700166307\n|switch|p1a: Samurott|Samurott-Hisui, F|100\/100\n|move|p2a: Samurott|Aqua Jet|p1a: Samurott\n|-resisted|p1a: Samurott\n|-damage|p1a: Samurott|88\/100\n|\n|upkeep\n|turn|7\n|l|nefariolabs\n|\n|t:|1700166311\n|move|p2a: Samurott|Ceaseless Edge|p1a: Samurott\n|-resisted|p1a: Samurott\n|-damage|p1a: Samurott|62\/100\n|-sidestart|p1: Aggron|Spikes\n|move|p1a: Samurott|Ceaseless Edge|p2a: Samurott\n|-resisted|p2a: Samurott\n|-damage|p2a: Samurott|62\/100\n|-sidestart|p2: friedfreak|Spikes\n|\n|upkeep\n|turn|8\n|\n|t:|1700166317\n|move|p1a: Samurott|Sacred Sword|p2a: Samurott\n|-supereffective|p2a: Samurott\n|-damage|p2a: Samurott|0 fnt\n|faint|p2a: Samurott\n|\n|upkeep\n|inactive|friedfreak has 120 seconds left.\n|\n|t:|1700166367\n|switch|p2a: Iron Valiant|Iron Valiant|100\/100\n|-damage|p2a: Iron Valiant|88\/100|[from] Spikes\n|-enditem|p2a: Iron Valiant|Booster Energy\n|-activate|p2a: Iron Valiant|ability: Quark Drive|[fromitem]\n|-start|p2a: Iron Valiant|quarkdrivespe\n|turn|9\n|\n|t:|1700166376\n|switch|p1a: Heatran|Heatran, M|100\/100\n|-item|p1a: Heatran|Air Balloon\n|move|p2a: Iron Valiant|Moonblast|p1a: Heatran\n|-resisted|p1a: Heatran\n|-damage|p1a: Heatran|89\/100\n|-enditem|p1a: Heatran|Air Balloon\n|\n|upkeep\n|turn|10\n|\n|t:|1700166386\n|-end|p2a: Iron Valiant|Quark Drive|[silent]\n|switch|p2a: Landorus|Landorus-Therian, M|100\/100\n|-ability|p2a: Landorus|Intimidate|boost\n|-unboost|p1a: Heatran|atk|1\n|move|p1a: Heatran|Stealth Rock|p2a: Landorus\n|-sidestart|p2: friedfreak|move: Stealth Rock\n|\n|upkeep\n|turn|11\n|\n|t:|1700166390\n|switch|p1a: Sinistcha|Sinistcha-Masterpiece|100\/100\n|move|p2a: Landorus|Stealth Rock|p1a: Sinistcha\n|-sidestart|p1: Aggron|move: Stealth Rock\n|\n|upkeep\n|turn|12\n|\n|t:|1700166396\n|move|p2a: Landorus|U-turn|p1a: Sinistcha\n|-damage|p1a: Sinistcha|85\/100\n|\n|t:|1700166400\n|switch|p2a: Gholdengo|Gholdengo|100\/100|[from] U-turn\n|-damage|p2a: Gholdengo|94\/100|[from] Stealth Rock\n|-item|p2a: Gholdengo|Air Balloon\n|move|p1a: Sinistcha|Hex|p2a: Gholdengo\n|-supereffective|p2a: Gholdengo\n|-damage|p2a: Gholdengo|45\/100\n|-enditem|p2a: Gholdengo|Air Balloon\n|\n|upkeep\n|turn|13\n|\n|t:|1700166406\n|switch|p1a: Samurott|Samurott-Hisui, F|62\/100\n|move|p2a: Gholdengo|Recover|p2a: Gholdengo\n|-heal|p2a: Gholdengo|95\/100\n|\n|upkeep\n|turn|14\n|j| CassBubble\n|j| Daniel Gaming 234\n|\n|t:|1700166422\n|-terastallize|p2a: Gholdengo|Flying\n|move|p1a: Samurott|Ceaseless Edge|p2a: Gholdengo\n|-damage|p2a: Gholdengo|51\/100\n|-sidestart|p2: friedfreak|Spikes\n|move|p2a: Gholdengo|Nasty Plot|p2a: Gholdengo\n|-boost|p2a: Gholdengo|spa|2\n|\n|upkeep\n|turn|15\n|\n|t:|1700166427\n|-terastallize|p1a: Samurott|Dark\n|move|p1a: Samurott|Ceaseless Edge|p2a: Gholdengo\n|-damage|p2a: Gholdengo|0 fnt\n|-sidestart|p2: friedfreak|Spikes\n|faint|p2a: Gholdengo\n|\n|upkeep\n|-message|friedfreak forfeited.\n|\n|win|Aggron\n|raw|Aggron's rating: 1913 &rarr; <strong>1927<\/strong><br \/>(+14 for winning)\n|raw|friedfreak's rating: 1803 &rarr; <strong>1789<\/strong><br \/>(-14 for losing)\n|l|\u2606friedfreak\n","uploadtime":1700166438,"views":10,"p1id":"aggron","p2id":"friedfreak","formatid":"gen9ou","rating":1789,"private":0,"password":""}