{"id":"gen9ou-1994944382","p1":"dwarfleader","p2":"7Kyumi","format":"[Gen 9] OU","log":"|j|\u2606dwarfleader\n|j|\u26067Kyumi\n|t:|1700506889\n|gametype|singles\n|player|p1|dwarfleader|2|1303\n|player|p2|7Kyumi|caitlin|1239\n|teamsize|p1|6\n|teamsize|p2|6\n|gen|9\n|tier|[Gen 9] OU\n|rated|\n|rule|Sleep Clause Mod: Limit one foe put to sleep\n|rule|Species Clause: Limit one of each Pok\u00e9mon\n|rule|OHKO Clause: OHKO moves are banned\n|rule|Evasion Items Clause: Evasion items are banned\n|rule|Evasion Moves Clause: Evasion moves are banned\n|rule|Endless Battle Clause: Forcing endless battles is banned\n|rule|HP Percentage Mod: HP is shown in percentages\n|clearpoke\n|poke|p1|Blissey, F|\n|poke|p1|Garganacl, F|\n|poke|p1|Skeledirge, F|\n|poke|p1|Corviknight, F|\n|poke|p1|Iron Valiant|\n|poke|p1|Ogerpon-Wellspring, F|\n|poke|p2|Heatran, M|\n|poke|p2|Great Tusk|\n|poke|p2|Ogerpon-Wellspring, F|\n|poke|p2|Dragapult, F|\n|poke|p2|Dragonite, M|\n|poke|p2|Corviknight, F|\n|teampreview\n|\n|t:|1700506904\n|start\n|switch|p1a: Blissey|Blissey, F|100\/100\n|switch|p2a: Behemoth|Great Tusk, shiny|100\/100\n|turn|1\n|\n|t:|1700506912\n|switch|p1a: Corviknight|Corviknight, F|100\/100\n|-ability|p1a: Corviknight|Pressure\n|move|p2a: Behemoth|Knock Off|p1a: Corviknight\n|-damage|p1a: Corviknight|85\/100\n|-enditem|p1a: Corviknight|Leftovers|[from] move: Knock Off|[of] p2a: Behemoth\n|\n|upkeep\n|turn|2\n|\n|t:|1700506922\n|-end|p2a: Behemoth|Protosynthesis|[silent]\n|switch|p2a: BIRD UP|Corviknight, F|100\/100\n|move|p1a: Corviknight|Brave Bird|p2a: BIRD UP\n|-resisted|p2a: BIRD UP\n|-damage|p2a: BIRD UP|89\/100\n|-damage|p1a: Corviknight|68\/100|[from] item: Rocky Helmet|[of] p2a: BIRD UP\n|-damage|p1a: Corviknight|64\/100|[from] Recoil\n|\n|upkeep\n|turn|3\n|\n|t:|1700506940\n|switch|p1a: Skeledirge|Skeledirge, F|100\/100\n|move|p2a: BIRD UP|U-turn|p1a: Skeledirge\n|-resisted|p1a: Skeledirge\n|-damage|p1a: Skeledirge|98\/100\n|\n|t:|1700506962\n|switch|p2a: forg|Heatran, M|100\/100|[from] U-turn\n|\n|upkeep\n|turn|4\n|\n|t:|1700506988\n|switch|p1a: Blissey|Blissey, F|100\/100\n|move|p2a: forg|Earth Power|p1a: Blissey\n|-damage|p1a: Blissey|92\/100\n|\n|upkeep\n|turn|5\n|\n|t:|1700506994\n|move|p2a: forg|Taunt|p1a: Blissey\n|-start|p1a: Blissey|move: Taunt\n|cant|p1a: Blissey|move: Taunt|Stealth Rock\n|\n|upkeep\n|turn|6\n|\n|t:|1700507000\n|switch|p2a: Behemoth|Great Tusk, shiny|100\/100\n|move|p1a: Blissey|Seismic Toss|p2a: Behemoth\n|-damage|p2a: Behemoth|77\/100\n|\n|upkeep\n|turn|7\n|\n|t:|1700507011\n|switch|p1a: Corviknight|Corviknight, F|64\/100\n|-ability|p1a: Corviknight|Pressure\n|move|p2a: Behemoth|Stealth Rock|p1a: Corviknight\n|-sidestart|p1: dwarfleader|move: Stealth Rock\n|\n|upkeep\n|turn|8\n|\n|t:|1700507023\n|-end|p2a: Behemoth|Protosynthesis|[silent]\n|switch|p2a: forg|Heatran, M|100\/100\n|move|p1a: Corviknight|Brave Bird|p2a: forg\n|-resisted|p2a: forg\n|-crit|p2a: forg\n|-damage|p2a: forg|77\/100\n|-damage|p1a: Corviknight|57\/100|[from] Recoil\n|\n|-heal|p2a: forg|84\/100|[from] item: Leftovers\n|upkeep\n|turn|9\n|\n|t:|1700507038\n|switch|p1a: Blissey|Blissey, F|92\/100\n|move|p2a: forg|Magma Storm|p1a: Blissey\n|-damage|p1a: Blissey|78\/100\n|-activate|p1a: Blissey|move: Magma Storm|[of] p2a: forg\n|\n|-heal|p2a: forg|90\/100|[from] item: Leftovers\n|-damage|p1a: Blissey|66\/100|[from] move: Magma Storm|[partiallytrapped]\n|upkeep\n|turn|10\n|\n|t:|1700507050\n|move|p2a: forg|Taunt|p1a: Blissey\n|-start|p1a: Blissey|move: Taunt\n|move|p1a: Blissey|Seismic Toss|p2a: forg\n|-damage|p2a: forg|64\/100\n|\n|-heal|p2a: forg|70\/100|[from] item: Leftovers\n|-damage|p1a: Blissey|53\/100|[from] move: Magma Storm|[partiallytrapped]\n|upkeep\n|turn|11\n|\n|t:|1700507059\n|switch|p2a: Giratinope|Dragapult, F|100\/100\n|move|p1a: Blissey|Seismic Toss|p2a: Giratinope\n|-immune|p2a: Giratinope\n|\n|-end|p1a: Blissey|Magma Storm|[partiallytrapped]|[silent]\n|upkeep\n|turn|12\n|\n|t:|1700507065\n|move|p2a: Giratinope|U-turn|p1a: Blissey\n|-damage|p1a: Blissey|36\/100\n|\n|t:|1700507077\n|switch|p2a: Behemoth|Great Tusk, shiny|77\/100|[from] U-turn\n|move|p1a: Blissey|Shadow Ball|p2a: Behemoth\n|-damage|p2a: Behemoth|58\/100\n|\n|-end|p1a: Blissey|move: Taunt\n|upkeep\n|turn|13\n|\n|t:|1700507098\n|switch|p1a: Corviknight|Corviknight, F|57\/100\n|-damage|p1a: Corviknight|45\/100|[from] Stealth Rock\n|-ability|p1a: Corviknight|Pressure\n|move|p2a: Behemoth|Body Press|p1a: Corviknight\n|-damage|p1a: Corviknight|19\/100\n|\n|upkeep\n|turn|14\n|\n|t:|1700507115\n|-end|p2a: Behemoth|Protosynthesis|[silent]\n|switch|p2a: BIRD UP|Corviknight, F|89\/100\n|switch|p1a: Skeledirge|Skeledirge, F|98\/100\n|\n|upkeep\n|turn|15\n|\n|t:|1700507130\n|switch|p2a: forg|Heatran, M|70\/100\n|move|p1a: Skeledirge|Torch Song|p2a: forg\n|-start|p2a: forg|ability: Flash Fire\n|\n|-heal|p2a: forg|76\/100|[from] item: Leftovers\n|upkeep\n|turn|16\n|\n|t:|1700507140\n|-end|p2a: forg|ability: Flash Fire|[silent]\n|switch|p2a: Behemoth|Great Tusk, shiny|58\/100\n|move|p1a: Skeledirge|Hex|p2a: Behemoth\n|-damage|p2a: Behemoth|27\/100\n|\n|upkeep\n|turn|17\n|\n|t:|1700507152\n|move|p2a: Behemoth|Knock Off|p1a: Skeledirge\n|-supereffective|p1a: Skeledirge\n|-damage|p1a: Skeledirge|54\/100\n|-enditem|p1a: Skeledirge|Heavy-Duty Boots|[from] move: Knock Off|[of] p2a: Behemoth\n|move|p1a: Skeledirge|Will-O-Wisp|p2a: Behemoth|[miss]\n|-miss|p1a: Skeledirge|p2a: Behemoth\n|\n|upkeep\n|turn|18\n|\n|t:|1700507159\n|-end|p2a: Behemoth|Protosynthesis|[silent]\n|switch|p2a: forg|Heatran, M|76\/100\n|move|p1a: Skeledirge|Hex|p2a: forg\n|-damage|p2a: forg|61\/100\n|\n|-heal|p2a: forg|67\/100|[from] item: Leftovers\n|upkeep\n|turn|19\n|\n|t:|1700507169\n|move|p2a: forg|Magma Storm|p1a: Skeledirge|[miss]\n|-miss|p2a: forg|p1a: Skeledirge\n|move|p1a: Skeledirge|Slack Off|p1a: Skeledirge\n|-heal|p1a: Skeledirge|100\/100\n|\n|-heal|p2a: forg|73\/100|[from] item: Leftovers\n|upkeep\n|turn|20\n|\n|t:|1700507185\n|switch|p1a: Garganacl|Garganacl, F|100\/100\n|-damage|p1a: Garganacl|88\/100|[from] Stealth Rock\n|move|p2a: forg|Magma Storm|p1a: Garganacl\n|-resisted|p1a: Garganacl\n|-damage|p1a: Garganacl|70\/100\n|-activate|p1a: Garganacl|move: Magma Storm|[of] p2a: forg\n|\n|-heal|p2a: forg|79\/100|[from] item: Leftovers\n|-heal|p1a: Garganacl|76\/100|[from] item: Leftovers\n|-damage|p1a: Garganacl|63\/100|[from] move: Magma Storm|[partiallytrapped]\n|upkeep\n|turn|21\n|\n|t:|1700507207\n|switch|p2a: Giratinope|Dragapult, F|100\/100\n|move|p1a: Garganacl|Salt Cure|p2a: Giratinope\n|-damage|p2a: Giratinope|80\/100\n|-start|p2a: Giratinope|Salt Cure\n|\n|-heal|p1a: Garganacl|70\/100|[from] item: Leftovers\n|-damage|p2a: Giratinope|68\/100|[from] Salt Cure\n|-end|p1a: Garganacl|Magma Storm|[partiallytrapped]|[silent]\n|upkeep\n|turn|22\n|\n|t:|1700507226\n|switch|p2a: PonPon|Ogerpon-Wellspring, F|100\/100\n|move|p1a: Garganacl|Curse|p1a: Garganacl\n|-unboost|p1a: Garganacl|spe|1\n|-boost|p1a: Garganacl|atk|1\n|-boost|p1a: Garganacl|def|1\n|\n|-heal|p1a: Garganacl|76\/100|[from] item: Leftovers\n|upkeep\n|turn|23\n|\n|t:|1700507246\n|-terastallize|p1a: Garganacl|Poison\n|move|p2a: PonPon|Encore|p1a: Garganacl\n|-start|p1a: Garganacl|Encore\n|move|p1a: Garganacl|Curse|p1a: Garganacl\n|-unboost|p1a: Garganacl|spe|1\n|-boost|p1a: Garganacl|atk|1\n|-boost|p1a: Garganacl|def|1\n|\n|-heal|p1a: Garganacl|82\/100|[from] item: Leftovers\n|upkeep\n|turn|24\n|\n|t:|1700507256\n|move|p2a: PonPon|Ivy Cudgel|p1a: Garganacl|[anim] Ivy Cudgel Water\n|-crit|p1a: Garganacl\n|-damage|p1a: Garganacl|33\/100\n|move|p1a: Garganacl|Curse|p1a: Garganacl\n|-unboost|p1a: Garganacl|spe|1\n|-boost|p1a: Garganacl|atk|1\n|-boost|p1a: Garganacl|def|1\n|\n|-heal|p1a: Garganacl|39\/100|[from] item: Leftovers\n|upkeep\n|turn|25\n|\n|t:|1700507270\n|switch|p1a: Corviknight|Corviknight, F|19\/100\n|-damage|p1a: Corviknight|7\/100|[from] Stealth Rock\n|-ability|p1a: Corviknight|Pressure\n|move|p2a: PonPon|Ivy Cudgel|p1a: Corviknight|[anim] Ivy Cudgel Water\n|-crit|p1a: Corviknight\n|-damage|p1a: Corviknight|0 fnt\n|faint|p1a: Corviknight\n|\n|upkeep\n|\n|t:|1700507274\n|switch|p1a: Ogerpon|Ogerpon-Wellspring, F|100\/100\n|-damage|p1a: Ogerpon|88\/100|[from] Stealth Rock\n|turn|26\n|\n|t:|1700507295\n|switch|p2a: BIRD UP|Corviknight, F|89\/100\n|move|p1a: Ogerpon|Swords Dance|p1a: Ogerpon\n|-boost|p1a: Ogerpon|atk|2\n|\n|upkeep\n|turn|27\n|\n|t:|1700507303\n|move|p1a: Ogerpon|Ivy Cudgel|p2a: BIRD UP|[anim] Ivy Cudgel Water\n|-damage|p2a: BIRD UP|17\/100\n|move|p2a: BIRD UP|U-turn|p1a: Ogerpon\n|-supereffective|p1a: Ogerpon\n|-damage|p1a: Ogerpon|50\/100\n|\n|t:|1700507309\n|switch|p2a: Giratinope|Dragapult, F|68\/100|[from] U-turn\n|\n|upkeep\n|turn|28\n|\n|t:|1700507321\n|switch|p1a: Blissey|Blissey, F|36\/100\n|move|p2a: Giratinope|Shadow Ball|p1a: Blissey\n|-immune|p1a: Blissey\n|\n|upkeep\n|turn|29\n|\n|t:|1700507332\n|switch|p2a: PonPon|Ogerpon-Wellspring, F|100\/100\n|move|p1a: Blissey|Soft-Boiled|p1a: Blissey\n|-heal|p1a: Blissey|86\/100\n|\n|upkeep\n|turn|30\n|\n|t:|1700507339\n|move|p2a: PonPon|U-turn|p1a: Blissey\n|-damage|p1a: Blissey|60\/100\n|\n|t:|1700507341\n|switch|p2a: BIRD UP|Corviknight, F|17\/100|[from] U-turn\n|move|p1a: Blissey|Stealth Rock|p2a: BIRD UP\n|-sidestart|p2: 7Kyumi|move: Stealth Rock\n|\n|upkeep\n|turn|31\n|\n|t:|1700507347\n|move|p2a: BIRD UP|Roost|p2a: BIRD UP\n|-heal|p2a: BIRD UP|67\/100\n|-singleturn|p2a: BIRD UP|move: Roost\n|move|p1a: Blissey|Seismic Toss|p2a: BIRD UP\n|-damage|p2a: BIRD UP|42\/100\n|-damage|p1a: Blissey|43\/100|[from] item: Rocky Helmet|[of] p2a: BIRD UP\n|\n|upkeep\n|turn|32\n|\n|t:|1700507376\n|switch|p1a: Skeledirge|Skeledirge, F|100\/100\n|-damage|p1a: Skeledirge|76\/100|[from] Stealth Rock\n|move|p2a: BIRD UP|Roost|p2a: BIRD UP\n|-heal|p2a: BIRD UP|92\/100\n|-singleturn|p2a: BIRD UP|move: Roost\n|\n|upkeep\n|turn|33\n|\n|t:|1700507393\n|switch|p2a: forg|Heatran, M|79\/100\n|-damage|p2a: forg|67\/100|[from] Stealth Rock\n|move|p1a: Skeledirge|Hex|p2a: forg\n|-damage|p2a: forg|52\/100\n|\n|-heal|p2a: forg|58\/100|[from] item: Leftovers\n|upkeep\n|turn|34\n|\n|t:|1700507404\n|move|p2a: forg|Taunt|p1a: Skeledirge\n|-start|p1a: Skeledirge|move: Taunt\n|move|p1a: Skeledirge|Hex|p2a: forg\n|-damage|p2a: forg|44\/100\n|\n|-heal|p2a: forg|50\/100|[from] item: Leftovers\n|upkeep\n|turn|35\n|\n|t:|1700507413\n|move|p2a: forg|Magma Storm|p1a: Skeledirge\n|-resisted|p1a: Skeledirge\n|-damage|p1a: Skeledirge|59\/100\n|-activate|p1a: Skeledirge|move: Magma Storm|[of] p2a: forg\n|move|p1a: Skeledirge|Hex|p2a: forg\n|-damage|p2a: forg|34\/100\n|\n|-heal|p2a: forg|40\/100|[from] item: Leftovers\n|-damage|p1a: Skeledirge|47\/100|[from] move: Magma Storm|[partiallytrapped]\n|upkeep\n|turn|36\n|\n|t:|1700507426\n|switch|p1a: Blissey|Blissey, F|43\/100\n|move|p2a: forg|Earth Power|p1a: Blissey\n|-damage|p1a: Blissey|34\/100\n|\n|-heal|p2a: forg|46\/100|[from] item: Leftovers\n|upkeep\n|turn|37\n|\n|t:|1700507436\n|move|p2a: forg|Taunt|p1a: Blissey\n|-start|p1a: Blissey|move: Taunt\n|move|p1a: Blissey|Seismic Toss|p2a: forg\n|-damage|p2a: forg|20\/100\n|\n|-heal|p2a: forg|26\/100|[from] item: Leftovers\n|upkeep\n|turn|38\n|\n|t:|1700507445\n|switch|p2a: BIRD UP|Corviknight, F|92\/100\n|-damage|p2a: BIRD UP|79\/100|[from] Stealth Rock\n|move|p1a: Blissey|Seismic Toss|p2a: BIRD UP\n|-damage|p2a: BIRD UP|54\/100\n|-damage|p1a: Blissey|18\/100|[from] item: Rocky Helmet|[of] p2a: BIRD UP\n|\n|upkeep\n|turn|39\n|\n|t:|1700507457\n|switch|p1a: Skeledirge|Skeledirge, F|47\/100\n|-damage|p1a: Skeledirge|22\/100|[from] Stealth Rock\n|move|p2a: BIRD UP|Brave Bird|p1a: Skeledirge\n|-damage|p1a: Skeledirge|0 fnt\n|faint|p1a: Skeledirge\n|-damage|p2a: BIRD UP|47\/100|[from] Recoil\n|\n|upkeep\n|\n|t:|1700507467\n|switch|p1a: Iron Valiant|Iron Valiant|100\/100\n|-damage|p1a: Iron Valiant|94\/100|[from] Stealth Rock\n|-enditem|p1a: Iron Valiant|Booster Energy\n|-activate|p1a: Iron Valiant|ability: Quark Drive|[fromitem]\n|-start|p1a: Iron Valiant|quarkdrivespe\n|turn|40\n|\n|t:|1700507482\n|move|p1a: Iron Valiant|Thunderbolt|p2a: BIRD UP\n|-supereffective|p2a: BIRD UP\n|-damage|p2a: BIRD UP|0 fnt\n|faint|p2a: BIRD UP\n|\n|upkeep\n|\n|t:|1700507501\n|switch|p2a: PonPon|Ogerpon-Wellspring, F|100\/100\n|-damage|p2a: PonPon|88\/100|[from] Stealth Rock\n|turn|41\n|\n|t:|1700507560\n|-terastallize|p2a: PonPon|Water\n|detailschange|p2a: PonPon|Ogerpon-Wellspring-Tera, F, tera:Water\n|-ability|p2a: PonPon|Embody Aspect (Wellspring)|boost\n|-boost|p2a: PonPon|spd|1\n|move|p1a: Iron Valiant|Moonblast|p2a: PonPon\n|-damage|p2a: PonPon|50\/100\n|move|p2a: PonPon|Ivy Cudgel|p1a: Iron Valiant|[anim] Ivy Cudgel Water\n|-crit|p1a: Iron Valiant\n|-damage|p1a: Iron Valiant|0 fnt\n|faint|p1a: Iron Valiant\n|-end|p1a: Iron Valiant|Quark Drive|[silent]\n|\n|upkeep\n|\n|t:|1700507568\n|switch|p1a: Ogerpon|Ogerpon-Wellspring, F|50\/100\n|-damage|p1a: Ogerpon|37\/100|[from] Stealth Rock\n|turn|42\n|\n|t:|1700507585\n|switch|p2a: Behemoth|Great Tusk, shiny|27\/100\n|move|p1a: Ogerpon|Wood Hammer|p2a: Behemoth\n|-supereffective|p2a: Behemoth\n|-damage|p2a: Behemoth|0 fnt\n|faint|p2a: Behemoth\n|-end|p2a: Behemoth|Protosynthesis|[silent]\n|-damage|p1a: Ogerpon|25\/100|[from] Recoil\n|\n|upkeep\n|\n|t:|1700507592\n|switch|p2a: Giratinope|Dragapult, F|68\/100\n|-damage|p2a: Giratinope|56\/100|[from] Stealth Rock\n|turn|43\n|\n|t:|1700507602\n|switch|p1a: Blissey|Blissey, F|18\/100\n|move|p2a: Giratinope|Draco Meteor|p1a: Blissey\n|-damage|p1a: Blissey|0 fnt\n|-unboost|p2a: Giratinope|spa|2\n|faint|p1a: Blissey\n|\n|upkeep\n|-message|dwarfleader forfeited.\n|\n|win|7Kyumi\n|raw|dwarfleader's rating: 1303 &rarr; <strong>1279<\/strong><br \/>(-24 for losing)\n|raw|7Kyumi's rating: 1239 &rarr; <strong>1269<\/strong><br \/>(+30 for winning)\n|l|\u2606dwarfleader\n","uploadtime":1700507616,"views":9,"p1id":"dwarfleader","p2id":"7kyumi","formatid":"gen9ou","rating":1269,"private":0,"password":""}