{"id":"gen9ou-1990830199","p1":"Bolanero","p2":"Abracadaver","format":"[Gen 9] OU","log":"|j|\u2606Bolanero\n|j|\u2606Abracadaver\n|t:|1700005233\n|gametype|singles\n|player|p1|Bolanero|1|1582\n|player|p2|Abracadaver|102|1621\n|teamsize|p1|6\n|teamsize|p2|6\n|gen|9\n|tier|[Gen 9] OU\n|rated|\n|rule|Sleep Clause Mod: Limit one foe put to sleep\n|rule|Species Clause: Limit one of each Pok\u00e9mon\n|rule|OHKO Clause: OHKO moves are banned\n|rule|Evasion Items Clause: Evasion items are banned\n|rule|Evasion Moves Clause: Evasion moves are banned\n|rule|Endless Battle Clause: Forcing endless battles is banned\n|rule|HP Percentage Mod: HP is shown in percentages\n|clearpoke\n|poke|p1|Zarude|\n|poke|p1|Rillaboom, M|\n|poke|p1|Gastrodon, F|\n|poke|p1|Heatran, M|\n|poke|p1|Mandibuzz, F|\n|poke|p1|Iron Valiant|\n|poke|p2|Heatran, M|\n|poke|p2|Landorus-Therian, M|\n|poke|p2|Umbreon, M|\n|poke|p2|Gastrodon, M|\n|poke|p2|Zapdos|\n|poke|p2|Dragonite, F|\n|teampreview\n|inactive|Battle timer is ON: inactive players will automatically lose when time's up. (requested by Abracadaver)\n|\n|t:|1700005256\n|start\n|switch|p1a: Gastrodon|Gastrodon, F|100\/100\n|switch|p2a: Landorus|Landorus-Therian, M|100\/100\n|-ability|p2a: Landorus|Intimidate|boost\n|-unboost|p1a: Gastrodon|atk|1\n|turn|1\n|\n|t:|1700005264\n|move|p2a: Landorus|U-turn|p1a: Gastrodon\n|-damage|p1a: Gastrodon|71\/100\n|\n|t:|1700005267\n|switch|p2a: Umbreon|Umbreon, M, shiny|100\/100|[from] U-turn\n|move|p1a: Gastrodon|Ice Beam|p2a: Umbreon\n|-damage|p2a: Umbreon|89\/100\n|\n|-heal|p2a: Umbreon|95\/100|[from] item: Leftovers\n|-heal|p1a: Gastrodon|77\/100|[from] item: Leftovers\n|upkeep\n|turn|2\n|\n|t:|1700005279\n|move|p2a: Umbreon|Toxic|p1a: Gastrodon|[miss]\n|-miss|p2a: Umbreon|p1a: Gastrodon\n|move|p1a: Gastrodon|Spikes|p2a: Umbreon\n|-sidestart|p2: Abracadaver|Spikes\n|\n|-heal|p2a: Umbreon|100\/100|[from] item: Leftovers\n|-heal|p1a: Gastrodon|83\/100|[from] item: Leftovers\n|upkeep\n|turn|3\n|\n|t:|1700005288\n|switch|p1a: Heatran|Heatran, M|100\/100\n|move|p2a: Umbreon|Toxic|p1a: Heatran\n|-immune|p1a: Heatran\n|\n|upkeep\n|turn|4\n|\n|t:|1700005297\n|switch|p2a: Gastrodon|Gastrodon, M|100\/100\n|-damage|p2a: Gastrodon|88\/100|[from] Spikes\n|move|p1a: Heatran|Magma Storm|p2a: Gastrodon|[miss]\n|-miss|p1a: Heatran|p2a: Gastrodon\n|\n|-heal|p2a: Gastrodon|94\/100|[from] item: Leftovers\n|upkeep\n|turn|5\n|\n|t:|1700005312\n|switch|p1a: Gastrodon|Gastrodon, F|83\/100\n|move|p2a: Gastrodon|Ice Beam|p1a: Gastrodon\n|-damage|p1a: Gastrodon|66\/100\n|\n|-heal|p1a: Gastrodon|72\/100|[from] item: Leftovers\n|-heal|p2a: Gastrodon|99\/100|[from] item: Leftovers\n|upkeep\n|turn|6\n|\n|t:|1700005321\n|switch|p2a: Dragonite|Dragonite, F|100\/100\n|move|p1a: Gastrodon|Spikes|p2a: Dragonite\n|-sidestart|p2: Abracadaver|Spikes\n|\n|-heal|p1a: Gastrodon|78\/100|[from] item: Leftovers\n|upkeep\n|turn|7\n|\n|t:|1700005329\n|move|p2a: Dragonite|Dragon Dance|p2a: Dragonite\n|-boost|p2a: Dragonite|atk|1\n|-boost|p2a: Dragonite|spe|1\n|move|p1a: Gastrodon|Ice Beam|p2a: Dragonite\n|-supereffective|p2a: Dragonite\n|-damage|p2a: Dragonite|68\/100\n|-enditem|p2a: Dragonite|Weakness Policy\n|-boost|p2a: Dragonite|atk|2|[from] item: Weakness Policy\n|-boost|p2a: Dragonite|spa|2|[from] item: Weakness Policy\n|\n|-heal|p1a: Gastrodon|84\/100|[from] item: Leftovers\n|upkeep\n|turn|8\n|\n|t:|1700005341\n|-terastallize|p2a: Dragonite|Normal\n|move|p2a: Dragonite|Extreme Speed|p1a: Gastrodon\n|-damage|p1a: Gastrodon|0 fnt\n|faint|p1a: Gastrodon\n|\n|upkeep\n|\n|t:|1700005347\n|switch|p1a: Mandibuzz|Mandibuzz, F|100\/100\n|turn|9\n|\n|t:|1700005350\n|move|p2a: Dragonite|Ice Spinner|p1a: Mandibuzz\n|-supereffective|p1a: Mandibuzz\n|-damage|p1a: Mandibuzz|13\/100\n|move|p1a: Mandibuzz|Foul Play|p2a: Dragonite\n|-damage|p2a: Dragonite|0 fnt\n|faint|p2a: Dragonite\n|\n|upkeep\n|\n|t:|1700005360\n|switch|p2a: Zapdos|Zapdos|100\/100\n|turn|10\n|\n|t:|1700005368\n|switch|p1a: Heatran|Heatran, M|100\/100\n|move|p2a: Zapdos|Hurricane|p1a: Heatran\n|-resisted|p1a: Heatran\n|-damage|p1a: Heatran|78\/100\n|\n|-heal|p1a: Heatran|84\/100|[from] item: Leftovers\n|upkeep\n|turn|11\n|\n|t:|1700005386\n|switch|p1a: Rillaboom|Rillaboom, M|100\/100\n|-fieldstart|move: Grassy Terrain|[from] ability: Grassy Surge|[of] p1a: Rillaboom\n|-enditem|p1a: Rillaboom|Grassy Seed\n|-boost|p1a: Rillaboom|def|1|[from] item: Grassy Seed\n|move|p2a: Zapdos|Discharge|p1a: Rillaboom\n|-resisted|p1a: Rillaboom\n|-damage|p1a: Rillaboom|68\/100\n|-status|p1a: Rillaboom|par\n|\n|-heal|p1a: Rillaboom|74\/100 par|[from] Grassy Terrain\n|upkeep\n|turn|12\n|\n|t:|1700005404\n|move|p2a: Zapdos|Hurricane|p1a: Rillaboom\n|-supereffective|p1a: Rillaboom\n|-damage|p1a: Rillaboom|0 fnt\n|faint|p1a: Rillaboom\n|\n|upkeep\n|\n|t:|1700005410\n|switch|p1a: Iron Valiant|Iron Valiant|100\/100\n|turn|13\n|\n|t:|1700005414\n|-terastallize|p1a: Iron Valiant|Fairy\n|move|p1a: Iron Valiant|Moonblast|p2a: Zapdos\n|-damage|p2a: Zapdos|0 fnt\n|faint|p2a: Zapdos\n|\n|upkeep\n|\n|t:|1700005422\n|switch|p2a: Heatran|Heatran, M|100\/100\n|-item|p2a: Heatran|Air Balloon\n|turn|14\n|\n|t:|1700005439\n|-end|p1a: Iron Valiant|Quark Drive|[silent]\n|switch|p1a: Zarude|Zarude|100\/100\n|move|p2a: Heatran|Flash Cannon|p1a: Zarude\n|-damage|p1a: Zarude|56\/100\n|\n|-heal|p1a: Zarude|62\/100|[from] Grassy Terrain\n|upkeep\n|turn|15\n|\n|t:|1700005450\n|switch|p2a: Landorus|Landorus-Therian, M|100\/100\n|-ability|p2a: Landorus|Intimidate|boost\n|-unboost|p1a: Zarude|atk|1\n|move|p1a: Zarude|Knock Off|p2a: Landorus\n|-damage|p2a: Landorus|63\/100\n|-enditem|p2a: Landorus|Choice Scarf|[from] move: Knock Off|[of] p1a: Zarude\n|\n|-heal|p1a: Zarude|68\/100|[from] Grassy Terrain\n|-fieldend|move: Grassy Terrain\n|upkeep\n|turn|16\n|\n|t:|1700005466\n|move|p1a: Zarude|U-turn|p2a: Landorus\n|-resisted|p2a: Landorus\n|-damage|p2a: Landorus|53\/100\n|\n|t:|1700005470\n|switch|p1a: Mandibuzz|Mandibuzz, F|13\/100|[from] U-turn\n|move|p2a: Landorus|U-turn|p1a: Mandibuzz\n|-damage|p1a: Mandibuzz|0 fnt\n|faint|p1a: Mandibuzz\n|\n|t:|1700005480\n|switch|p2a: Heatran|Heatran, M|100\/100|[from] U-turn\n|-item|p2a: Heatran|Air Balloon\n|\n|upkeep\n|\n|t:|1700005486\n|switch|p1a: Iron Valiant|Iron Valiant, tera:Fairy|100\/100\n|turn|17\n|\n|t:|1700005492\n|switch|p2a: Umbreon|Umbreon, M, shiny|100\/100\n|-damage|p2a: Umbreon|84\/100|[from] Spikes\n|move|p1a: Iron Valiant|Focus Blast|p2a: Umbreon|[miss]\n|-miss|p1a: Iron Valiant|p2a: Umbreon\n|\n|-heal|p2a: Umbreon|90\/100|[from] item: Leftovers\n|upkeep\n|turn|18\n|\n|t:|1700005502\n|-end|p1a: Iron Valiant|Quark Drive|[silent]\n|switch|p1a: Heatran|Heatran, M|84\/100\n|move|p2a: Umbreon|Toxic|p1a: Heatran\n|-immune|p1a: Heatran\n|\n|-heal|p1a: Heatran|90\/100|[from] item: Leftovers\n|-heal|p2a: Umbreon|96\/100|[from] item: Leftovers\n|upkeep\n|turn|19\n|\n|t:|1700005512\n|move|p2a: Umbreon|Protect|p2a: Umbreon\n|-singleturn|p2a: Umbreon|Protect\n|move|p1a: Heatran|Power Gem|p2a: Umbreon\n|-activate|p2a: Umbreon|move: Protect\n|\n|-heal|p1a: Heatran|96\/100|[from] item: Leftovers\n|-heal|p2a: Umbreon|100\/100|[from] item: Leftovers\n|upkeep\n|turn|20\n|\n|t:|1700005521\n|switch|p2a: Gastrodon|Gastrodon, M|99\/100\n|-damage|p2a: Gastrodon|84\/100|[from] Spikes\n|move|p1a: Heatran|Stealth Rock|p2a: Gastrodon\n|-sidestart|p2: Abracadaver|move: Stealth Rock\n|\n|-heal|p1a: Heatran|100\/100|[from] item: Leftovers\n|-heal|p2a: Gastrodon|90\/100|[from] item: Leftovers\n|upkeep\n|turn|21\n|\n|t:|1700005531\n|switch|p1a: Zarude|Zarude|68\/100\n|move|p2a: Gastrodon|Ice Beam|p1a: Zarude\n|-supereffective|p1a: Zarude\n|-damage|p1a: Zarude|18\/100\n|\n|-heal|p2a: Gastrodon|96\/100|[from] item: Leftovers\n|upkeep\n|turn|22\n|\n|t:|1700005541\n|switch|p2a: Landorus|Landorus-Therian, M|53\/100\n|-damage|p2a: Landorus|40\/100|[from] Stealth Rock\n|-ability|p2a: Landorus|Intimidate|boost\n|-unboost|p1a: Zarude|atk|1\n|move|p1a: Zarude|U-turn|p2a: Landorus\n|-resisted|p2a: Landorus\n|-crit|p2a: Landorus\n|-damage|p2a: Landorus|19\/100\n|\n|t:|1700005551\n|switch|p1a: Iron Valiant|Iron Valiant, tera:Fairy|100\/100|[from] U-turn\n|\n|upkeep\n|turn|23\n|\n|t:|1700005556\n|move|p1a: Iron Valiant|Moonblast|p2a: Landorus\n|-damage|p2a: Landorus|0 fnt\n|faint|p2a: Landorus\n|\n|upkeep\n|\n|t:|1700005562\n|switch|p2a: Heatran|Heatran, M|100\/100\n|-damage|p2a: Heatran|88\/100|[from] Stealth Rock\n|-item|p2a: Heatran|Air Balloon\n|turn|24\n|\n|t:|1700005570\n|-end|p1a: Iron Valiant|Quark Drive|[silent]\n|switch|p1a: Heatran|Heatran, M|100\/100\n|switch|p2a: Gastrodon|Gastrodon, M|96\/100\n|-damage|p2a: Gastrodon|79\/100|[from] Spikes\n|-damage|p2a: Gastrodon|73\/100|[from] Stealth Rock\n|\n|-heal|p2a: Gastrodon|79\/100|[from] item: Leftovers\n|upkeep\n|turn|25\n|\n|t:|1700005581\n|move|p1a: Heatran|Magma Storm|p2a: Gastrodon\n|-resisted|p2a: Gastrodon\n|-damage|p2a: Gastrodon|60\/100\n|-activate|p2a: Gastrodon|move: Magma Storm|[of] p1a: Heatran\n|move|p2a: Gastrodon|Earth Power|p1a: Heatran\n|-supereffective|p1a: Heatran\n|-damage|p1a: Heatran|0 fnt\n|faint|p1a: Heatran\n|\n|-heal|p2a: Gastrodon|66\/100|[from] item: Leftovers\n|-end|p2a: Gastrodon|Magma Storm|[partiallytrapped]|[silent]\n|upkeep\n|\n|t:|1700005591\n|switch|p1a: Zarude|Zarude|18\/100\n|turn|26\n|\n|t:|1700005600\n|move|p1a: Zarude|Knock Off|p2a: Gastrodon\n|-damage|p2a: Gastrodon|10\/100\n|-enditem|p2a: Gastrodon|Leftovers|[from] move: Knock Off|[of] p1a: Zarude\n|move|p2a: Gastrodon|Ice Beam|p1a: Zarude\n|-supereffective|p1a: Zarude\n|-damage|p1a: Zarude|0 fnt\n|faint|p1a: Zarude\n|\n|upkeep\n|\n|t:|1700005608\n|switch|p1a: Iron Valiant|Iron Valiant, tera:Fairy|100\/100\n|turn|27\n|\n|t:|1700005613\n|move|p1a: Iron Valiant|Focus Blast|p2a: Gastrodon\n|-damage|p2a: Gastrodon|0 fnt\n|faint|p2a: Gastrodon\n|\n|upkeep\n|\n|t:|1700005619\n|switch|p2a: Umbreon|Umbreon, M, shiny|100\/100\n|-damage|p2a: Umbreon|84\/100|[from] Spikes\n|-damage|p2a: Umbreon|72\/100|[from] Stealth Rock\n|turn|28\n|\n|t:|1700005624\n|move|p2a: Umbreon|Protect|p2a: Umbreon\n|-singleturn|p2a: Umbreon|Protect\n|move|p1a: Iron Valiant|Focus Blast|p2a: Umbreon\n|-activate|p2a: Umbreon|move: Protect\n|\n|-heal|p2a: Umbreon|78\/100|[from] item: Leftovers\n|upkeep\n|turn|29\n|\n|t:|1700005633\n|move|p1a: Iron Valiant|Focus Blast|p2a: Umbreon\n|-supereffective|p2a: Umbreon\n|-damage|p2a: Umbreon|0 fnt\n|faint|p2a: Umbreon\n|\n|upkeep\n|\n|t:|1700005639\n|switch|p2a: Heatran|Heatran, M|88\/100\n|-damage|p2a: Heatran|76\/100|[from] Stealth Rock\n|-item|p2a: Heatran|Air Balloon\n|turn|30\n|\n|t:|1700005645\n|move|p1a: Iron Valiant|Focus Blast|p2a: Heatran\n|-supereffective|p2a: Heatran\n|-damage|p2a: Heatran|0 fnt\n|-enditem|p2a: Heatran|Air Balloon\n|faint|p2a: Heatran\n|\n|win|Bolanero\n|raw|Bolanero's rating: 1582 &rarr; <strong>1604<\/strong><br \/>(+22 for winning)\n|raw|Abracadaver's rating: 1621 &rarr; <strong>1599<\/strong><br \/>(-22 for losing)\n|c|\u2606Bolanero|gg\n|c|\u2606Abracadaver|Pure luck. Stupid game\n|l|\u2606Abracadaver\n|c|\u2606Bolanero|you got outplayed\n","uploadtime":1700005688,"views":35,"p1id":"bolanero","p2id":"abracadaver","formatid":"gen9ou","rating":1599,"private":0,"password":""}