{"id":"gen9ou-1999577569","p1":"Argentavis_Gaming","p2":"Monkeking69","format":"[Gen 9] OU","log":"|j|\u2606Argentavis_Gaming\n|j|\u2606Monkeking69\n|t:|1701097905\n|gametype|singles\n|player|p1|Argentavis_Gaming|unknown|\n|player|p2|Monkeking69|raihan-masters|\n|teamsize|p1|6\n|teamsize|p2|6\n|gen|9\n|tier|[Gen 9] OU\n|rule|Sleep Clause Mod: Limit one foe put to sleep\n|rule|Species Clause: Limit one of each Pok\u00e9mon\n|rule|OHKO Clause: OHKO moves are banned\n|rule|Evasion Items Clause: Evasion items are banned\n|rule|Evasion Moves Clause: Evasion moves are banned\n|rule|Endless Battle Clause: Forcing endless battles is banned\n|rule|HP Percentage Mod: HP is shown in percentages\n|clearpoke\n|poke|p1|Ogerpon-Wellspring, F|\n|poke|p1|Moltres|\n|poke|p1|Okidogi, M|\n|poke|p1|Iron Treads|\n|poke|p1|Dragonite, M|\n|poke|p1|Iron Valiant|\n|poke|p2|Torkoal, M|\n|poke|p2|Walking Wake|\n|poke|p2|Corviknight, F|\n|poke|p2|Great Tusk|\n|poke|p2|Cinderace, F|\n|poke|p2|Tornadus-Therian, M|\n|teampreview\n|c|\u2606Monkeking69|link in the chat\n|\n|t:|1701097932\n|start\n|switch|p1a: Amongla Swag|Iron Treads|100\/100\n|switch|p2a: Torkoal|Torkoal, M|100\/100\n|-weather|SunnyDay|[from] ability: Drought|[of] p2a: Torkoal\n|turn|1\n|\n|t:|1701097938\n|move|p1a: Amongla Swag|Earthquake|p2a: Torkoal\n|-supereffective|p2a: Torkoal\n|-damage|p2a: Torkoal|60\/100\n|move|p2a: Torkoal|Lava Plume|p1a: Amongla Swag\n|-supereffective|p1a: Amongla Swag\n|-damage|p1a: Amongla Swag|7\/100\n|\n|-weather|SunnyDay|[upkeep]\n|-heal|p1a: Amongla Swag|13\/100|[from] item: Leftovers\n|upkeep\n|turn|2\n|\n|t:|1701097951\n|switch|p2a: Tornadus|Tornadus-Therian, M|100\/100\n|move|p1a: Amongla Swag|Volt Switch|p2a: Tornadus\n|-supereffective|p2a: Tornadus\n|-damage|p2a: Tornadus|76\/100\n|j| Tavvv\n|\n|t:|1701097956\n|-end|p1a: Amongla Swag|Quark Drive|[silent]\n|switch|p1a: Chicken|Moltres, shiny|100\/100|[from] Volt Switch\n|\n|-weather|SunnyDay|[upkeep]\n|upkeep\n|turn|3\n|\n|t:|1701097959\n|move|p2a: Tornadus|U-turn|p1a: Chicken\n|-resisted|p1a: Chicken\n|-damage|p1a: Chicken|98\/100\n|-status|p2a: Tornadus|brn|[from] ability: Flame Body|[of] p1a: Chicken\n|\n|t:|1701097966\n|switch|p2a: Walking Wake|Walking Wake|100\/100|[from] U-turn\n|-activate|p2a: Walking Wake|ability: Protosynthesis\n|-start|p2a: Walking Wake|protosynthesisspe\n|move|p1a: Chicken|Flamethrower|p2a: Walking Wake\n|-resisted|p2a: Walking Wake\n|-damage|p2a: Walking Wake|83\/100\n|\n|-weather|SunnyDay|[upkeep]\n|upkeep\n|turn|4\n|\n|t:|1701097972\n|switch|p1a: LK-9T9|Iron Valiant, shiny|100\/100\n|-enditem|p1a: LK-9T9|Booster Energy\n|-activate|p1a: LK-9T9|ability: Quark Drive|[fromitem]\n|-start|p1a: LK-9T9|quarkdrivespe\n|move|p2a: Walking Wake|Draco Meteor|p1a: LK-9T9\n|-immune|p1a: LK-9T9\n|\n|-weather|SunnyDay|[upkeep]\n|upkeep\n|turn|5\n|\n|t:|1701097979\n|-end|p2a: Walking Wake|Protosynthesis|[silent]\n|switch|p2a: Corviknight|Corviknight, F|100\/100\n|-ability|p2a: Corviknight|Pressure\n|move|p1a: LK-9T9|Swords Dance|p1a: LK-9T9\n|-boost|p1a: LK-9T9|atk|2\n|\n|-weather|SunnyDay|[upkeep]\n|upkeep\n|turn|6\n|l| Tavvv\n|\n|t:|1701097985\n|-terastallize|p1a: LK-9T9|Dark\n|move|p1a: LK-9T9|Knock Off|p2a: Corviknight\n|-crit|p2a: Corviknight\n|-damage|p2a: Corviknight|0 fnt\n|-enditem|p2a: Corviknight|Leftovers|[from] move: Knock Off|[of] p1a: LK-9T9\n|faint|p2a: Corviknight\n|\n|-weather|SunnyDay|[upkeep]\n|upkeep\n|\n|t:|1701097993\n|switch|p2a: Great Tusk|Great Tusk|100\/100\n|-activate|p2a: Great Tusk|ability: Protosynthesis\n|-start|p2a: Great Tusk|protosynthesisatk\n|turn|7\n|j| Tavvv\n|\n|t:|1701098005\n|-end|p1a: LK-9T9|Quark Drive|[silent]\n|switch|p1a: Chicken|Moltres, shiny|98\/100\n|-terastallize|p2a: Great Tusk|Water\n|move|p2a: Great Tusk|Headlong Rush|p1a: Chicken\n|-immune|p1a: Chicken\n|\n|-weather|SunnyDay|[upkeep]\n|upkeep\n|turn|8\n|\n|t:|1701098013\n|-end|p2a: Great Tusk|Protosynthesis|[silent]\n|switch|p2a: Tornadus|Tornadus-Therian, M|100\/100 brn\n|move|p1a: Chicken|U-turn|p2a: Tornadus\n|-resisted|p2a: Tornadus\n|-damage|p2a: Tornadus|92\/100 brn\n|\n|t:|1701098018\n|switch|p1a: Bi-Han|Okidogi, M|100\/100|[from] U-turn\n|\n|-weather|none\n|-damage|p2a: Tornadus|86\/100 brn|[from] brn\n|upkeep\n|turn|9\n|\n|t:|1701098024\n|move|p2a: Tornadus|U-turn|p1a: Bi-Han\n|-resisted|p1a: Bi-Han\n|-damage|p1a: Bi-Han|99\/100\n|\n|t:|1701098028\n|switch|p2a: Torkoal|Torkoal, M|60\/100|[from] U-turn\n|-weather|SunnyDay|[from] ability: Drought|[of] p2a: Torkoal\n|move|p1a: Bi-Han|Poison Jab|p2a: Torkoal\n|-damage|p2a: Torkoal|38\/100\n|\n|-weather|SunnyDay|[upkeep]\n|-heal|p1a: Bi-Han|100\/100|[from] item: Leftovers\n|upkeep\n|turn|10\n|\n|t:|1701098033\n|switch|p2a: Great Tusk|Great Tusk, tera:Water|100\/100\n|-activate|p2a: Great Tusk|ability: Protosynthesis\n|-start|p2a: Great Tusk|protosynthesisatk\n|move|p1a: Bi-Han|Knock Off|p2a: Great Tusk\n|-damage|p2a: Great Tusk|77\/100\n|-enditem|p2a: Great Tusk|Heavy-Duty Boots|[from] move: Knock Off|[of] p1a: Bi-Han\n|\n|-weather|SunnyDay|[upkeep]\n|upkeep\n|turn|11\n|\n|t:|1701098038\n|move|p2a: Great Tusk|Knock Off|p1a: Bi-Han\n|-resisted|p1a: Bi-Han\n|-damage|p1a: Bi-Han|84\/100\n|-enditem|p1a: Bi-Han|Leftovers|[from] move: Knock Off|[of] p2a: Great Tusk\n|move|p1a: Bi-Han|Poison Jab|p2a: Great Tusk\n|-damage|p2a: Great Tusk|48\/100\n|\n|-weather|SunnyDay|[upkeep]\n|upkeep\n|turn|12\n|\n|t:|1701098042\n|-end|p2a: Great Tusk|Protosynthesis|[silent]\n|switch|p2a: Walking Wake|Walking Wake|83\/100\n|-activate|p2a: Walking Wake|ability: Protosynthesis\n|-start|p2a: Walking Wake|protosynthesisspe\n|move|p1a: Bi-Han|Drain Punch|p2a: Walking Wake\n|-damage|p2a: Walking Wake|43\/100\n|-heal|p1a: Bi-Han|100\/100|[from] drain|[of] p2a: Walking Wake\n|\n|-weather|SunnyDay|[upkeep]\n|upkeep\n|turn|13\n|\n|t:|1701098049\n|move|p2a: Walking Wake|Hydro Steam|p1a: Bi-Han\n|-crit|p1a: Bi-Han\n|-damage|p1a: Bi-Han|0 fnt\n|faint|p1a: Bi-Han\n|\n|-weather|SunnyDay|[upkeep]\n|upkeep\n|\n|t:|1701098054\n|switch|p1a: Big Yoshi|Dragonite, M, shiny|100\/100\n|turn|14\n|\n|t:|1701098057\n|move|p2a: Walking Wake|Hydro Steam|p1a: Big Yoshi\n|-resisted|p1a: Big Yoshi\n|-damage|p1a: Big Yoshi|79\/100\n|move|p1a: Big Yoshi|Dragon Dance|p1a: Big Yoshi\n|-boost|p1a: Big Yoshi|atk|1\n|-boost|p1a: Big Yoshi|spe|1\n|\n|-weather|SunnyDay|[upkeep]\n|upkeep\n|turn|15\n|\n|t:|1701098066\n|-end|p2a: Walking Wake|Protosynthesis|[silent]\n|switch|p2a: Tornadus|Tornadus-Therian, M|100\/100 brn\n|move|p1a: Big Yoshi|Roost|p1a: Big Yoshi\n|-heal|p1a: Big Yoshi|100\/100\n|-singleturn|p1a: Big Yoshi|move: Roost\n|\n|-weather|SunnyDay|[upkeep]\n|-damage|p2a: Tornadus|94\/100 brn|[from] brn\n|upkeep\n|turn|16\n|\n|t:|1701098069\n|move|p2a: Tornadus|U-turn|p1a: Big Yoshi\n|-resisted|p1a: Big Yoshi\n|-damage|p1a: Big Yoshi|99\/100\n|\n|t:|1701098073\n|switch|p2a: Great Tusk|Great Tusk, tera:Water|48\/100|[from] U-turn\n|-activate|p2a: Great Tusk|ability: Protosynthesis\n|-start|p2a: Great Tusk|protosynthesisatk\n|move|p1a: Big Yoshi|Dragon Dance|p1a: Big Yoshi\n|-boost|p1a: Big Yoshi|atk|1\n|-boost|p1a: Big Yoshi|spe|1\n|\n|-weather|none\n|-end|p2a: Great Tusk|Protosynthesis\n|upkeep\n|turn|17\n|\n|t:|1701098077\n|move|p1a: Big Yoshi|Extreme Speed|p2a: Great Tusk\n|-damage|p2a: Great Tusk|1\/100\n|move|p2a: Great Tusk|Ice Spinner|p1a: Big Yoshi\n|-supereffective|p1a: Big Yoshi\n|-damage|p1a: Big Yoshi|0 fnt\n|faint|p1a: Big Yoshi\n|\n|upkeep\n|\n|t:|1701098085\n|switch|p1a: Ogerpon|Ogerpon-Wellspring, F|100\/100\n|turn|18\n|\n|t:|1701098089\n|move|p1a: Ogerpon|Trailblaze|p2a: Great Tusk\n|-supereffective|p2a: Great Tusk\n|-damage|p2a: Great Tusk|0 fnt\n|-boost|p1a: Ogerpon|spe|1\n|faint|p2a: Great Tusk\n|-end|p2a: Great Tusk|Protosynthesis|[silent]\n|\n|upkeep\n|c|\u2606Argentavis_Gaming|what\n|\n|t:|1701098095\n|switch|p2a: Torkoal|Torkoal, M|38\/100\n|-weather|SunnyDay|[from] ability: Drought|[of] p2a: Torkoal\n|turn|19\n|\n|t:|1701098098\n|move|p1a: Ogerpon|Ivy Cudgel|p2a: Torkoal|[anim] Ivy Cudgel Water\n|-supereffective|p2a: Torkoal\n|-damage|p2a: Torkoal|5\/100\n|move|p2a: Torkoal|Yawn|p1a: Ogerpon\n|-start|p1a: Ogerpon|move: Yawn|[of] p2a: Torkoal\n|\n|-weather|SunnyDay|[upkeep]\n|upkeep\n|turn|20\n|\n|t:|1701098108\n|switch|p1a: LK-9T9|Iron Valiant, shiny, tera:Dark|100\/100\n|move|p2a: Torkoal|Lava Plume|p1a: LK-9T9\n|-damage|p1a: LK-9T9|36\/100\n|\n|-weather|SunnyDay|[upkeep]\n|upkeep\n|turn|21\n|\n|t:|1701098120\n|switch|p2a: Cinderace|Cinderace, F|100\/100\n|move|p1a: LK-9T9|Knock Off|p2a: Cinderace\n|-damage|p2a: Cinderace|33\/100\n|-enditem|p2a: Cinderace|Heavy-Duty Boots|[from] move: Knock Off|[of] p1a: LK-9T9\n|\n|-weather|SunnyDay|[upkeep]\n|upkeep\n|turn|22\n|\n|t:|1701098123\n|-end|p1a: LK-9T9|Quark Drive|[silent]\n|switch|p1a: Chicken|Moltres, shiny|98\/100\n|move|p2a: Cinderace|U-turn|p1a: Chicken\n|-resisted|p1a: Chicken\n|-damage|p1a: Chicken|94\/100\n|\n|t:|1701098126\n|switch|p2a: Walking Wake|Walking Wake|43\/100|[from] U-turn\n|-activate|p2a: Walking Wake|ability: Protosynthesis\n|-start|p2a: Walking Wake|protosynthesisspe\n|\n|-weather|SunnyDay|[upkeep]\n|upkeep\n|turn|23\n|\n|t:|1701098129\n|switch|p1a: Amongla Swag|Iron Treads|13\/100\n|move|p2a: Walking Wake|Draco Meteor|p1a: Amongla Swag\n|-resisted|p1a: Amongla Swag\n|-damage|p1a: Amongla Swag|0 fnt\n|-unboost|p2a: Walking Wake|spa|2\n|faint|p1a: Amongla Swag\n|-end|p1a: Amongla Swag|Quark Drive|[silent]\n|\n|-weather|SunnyDay|[upkeep]\n|upkeep\n|\n|t:|1701098132\n|switch|p1a: Ogerpon|Ogerpon-Wellspring, F|100\/100\n|turn|24\n|\n|t:|1701098138\n|-end|p2a: Walking Wake|Protosynthesis|[silent]\n|switch|p2a: Tornadus|Tornadus-Therian, M|100\/100 brn\n|move|p1a: Ogerpon|Swords Dance|p1a: Ogerpon\n|-boost|p1a: Ogerpon|atk|2\n|\n|-weather|SunnyDay|[upkeep]\n|-damage|p2a: Tornadus|94\/100 brn|[from] brn\n|upkeep\n|turn|25\n|\n|t:|1701098141\n|move|p2a: Tornadus|Acrobatics|p1a: Ogerpon\n|-supereffective|p1a: Ogerpon\n|-damage|p1a: Ogerpon|52\/100\n|move|p1a: Ogerpon|Trailblaze|p2a: Tornadus\n|-resisted|p2a: Tornadus\n|-damage|p2a: Tornadus|63\/100 brn\n|-boost|p1a: Ogerpon|spe|1\n|\n|-weather|SunnyDay|[upkeep]\n|-damage|p2a: Tornadus|57\/100 brn|[from] brn\n|upkeep\n|turn|26\n|\n|t:|1701098149\n|move|p1a: Ogerpon|Horn Leech|p2a: Tornadus\n|-resisted|p2a: Tornadus\n|-damage|p2a: Tornadus|9\/100 brn\n|-heal|p1a: Ogerpon|81\/100|[from] drain|[of] p2a: Tornadus\n|move|p2a: Tornadus|Acrobatics|p1a: Ogerpon\n|-supereffective|p1a: Ogerpon\n|-damage|p1a: Ogerpon|33\/100\n|\n|-weather|none\n|-damage|p2a: Tornadus|2\/100 brn|[from] brn\n|upkeep\n|turn|27\n|\n|t:|1701098154\n|move|p1a: Ogerpon|Ivy Cudgel|p2a: Tornadus|[anim] Ivy Cudgel Water\n|-damage|p2a: Tornadus|0 fnt\n|faint|p2a: Tornadus\n|\n|upkeep\n|\n|t:|1701098160\n|switch|p2a: Torkoal|Torkoal, M|5\/100\n|-weather|SunnyDay|[from] ability: Drought|[of] p2a: Torkoal\n|turn|28\n|\n|t:|1701098165\n|move|p1a: Ogerpon|Horn Leech|p2a: Torkoal\n|-resisted|p2a: Torkoal\n|-crit|p2a: Torkoal\n|-damage|p2a: Torkoal|0 fnt\n|-heal|p1a: Ogerpon|35\/100|[from] drain|[of] p2a: Torkoal\n|faint|p2a: Torkoal\n|\n|-weather|SunnyDay|[upkeep]\n|upkeep\n|\n|t:|1701098169\n|switch|p2a: Cinderace|Cinderace, F|33\/100\n|turn|29\n|\n|t:|1701098171\n|switch|p1a: Chicken|Moltres, shiny|94\/100\n|move|p2a: Cinderace|Sucker Punch||[still]\n|-fail|p2a: Cinderace\n|\n|-weather|SunnyDay|[upkeep]\n|upkeep\n|turn|30\n|\n|t:|1701098175\n|move|p2a: Cinderace|Pyro Ball|p1a: Chicken\n|-resisted|p1a: Chicken\n|-damage|p1a: Chicken|50\/100\n|move|p1a: Chicken|U-turn|p2a: Cinderace\n|-resisted|p2a: Cinderace\n|-damage|p2a: Cinderace|23\/100\n|\n|t:|1701098178\n|switch|p1a: LK-9T9|Iron Valiant, shiny, tera:Dark|36\/100|[from] U-turn\n|\n|-weather|SunnyDay|[upkeep]\n|upkeep\n|turn|31\n|\n|t:|1701098184\n|move|p2a: Cinderace|U-turn|p1a: LK-9T9\n|-supereffective|p1a: LK-9T9\n|-damage|p1a: LK-9T9|0 fnt\n|faint|p1a: LK-9T9\n|-end|p1a: LK-9T9|Quark Drive|[silent]\n|\n|t:|1701098186\n|switch|p2a: Walking Wake|Walking Wake|43\/100|[from] U-turn\n|-activate|p2a: Walking Wake|ability: Protosynthesis\n|-start|p2a: Walking Wake|protosynthesisspe\n|\n|-weather|SunnyDay|[upkeep]\n|upkeep\n|\n|t:|1701098188\n|switch|p1a: Chicken|Moltres, shiny|50\/100\n|turn|32\n|\n|t:|1701098192\n|move|p2a: Walking Wake|Draco Meteor|p1a: Chicken\n|-damage|p1a: Chicken|0 fnt\n|-unboost|p2a: Walking Wake|spa|2\n|faint|p1a: Chicken\n|\n|-weather|SunnyDay|[upkeep]\n|upkeep\n|\n|t:|1701098193\n|switch|p1a: Ogerpon|Ogerpon-Wellspring, F|35\/100\n|turn|33\n|\n|t:|1701098197\n|move|p2a: Walking Wake|Draco Meteor|p1a: Ogerpon\n|-damage|p1a: Ogerpon|0 fnt\n|-unboost|p2a: Walking Wake|spa|2\n|faint|p1a: Ogerpon\n|\n|win|Monkeking69\n|c|\u2606Monkeking69|gg\n|c|\u2606Argentavis_Gaming|gg\n|l|\u2606Argentavis_Gaming\n|l| Tavvv\n","uploadtime":1701099138,"views":24,"p1id":"argentavisgaming","p2id":"monkeking69","formatid":"gen9ou","rating":0,"private":0,"password":""}