{"id":"gen9ou-1992436902","p1":"zadocfish01","p2":"Kantonian Ash","format":"[Gen 9] OU","log":"|j|\u2606zadocfish01\n|j|\u2606Kantonian Ash\n|t:|1700187443\n|gametype|singles\n|player|p1|zadocfish01|hiker-gen4|1375\n|player|p2|Kantonian Ash|misty|1317\n|teamsize|p1|6\n|teamsize|p2|6\n|gen|9\n|tier|[Gen 9] OU\n|rated|\n|rule|Sleep Clause Mod: Limit one foe put to sleep\n|rule|Species Clause: Limit one of each Pok\u00e9mon\n|rule|OHKO Clause: OHKO moves are banned\n|rule|Evasion Items Clause: Evasion items are banned\n|rule|Evasion Moves Clause: Evasion moves are banned\n|rule|Endless Battle Clause: Forcing endless battles is banned\n|rule|HP Percentage Mod: HP is shown in percentages\n|clearpoke\n|poke|p1|Sneasler, M|\n|poke|p1|Rillaboom, M|\n|poke|p1|Dragapult, F|\n|poke|p1|Great Tusk|\n|poke|p1|Corviknight, F|\n|poke|p1|Iron Moth|\n|poke|p2|Sneasler, M|\n|poke|p2|Zapdos|\n|poke|p2|Decidueye-Hisui, M|\n|poke|p2|Ceruledge, F|\n|poke|p2|Walking Wake|\n|poke|p2|Great Tusk|\n|teampreview\n|inactive|Battle timer is ON: inactive players will automatically lose when time's up. (requested by Kantonian Ash)\n|\n|t:|1700187451\n|start\n|switch|p1a: Rillaboom|Rillaboom, M|100\/100\n|switch|p2a: Sneasler|Sneasler, M|100\/100\n|-fieldstart|move: Grassy Terrain|[from] ability: Grassy Surge|[of] p1a: Rillaboom\n|turn|1\n|inactive|zadocfish01 has 120 seconds left.\n|\n|t:|1700187484\n|move|p2a: Sneasler|Swords Dance|p2a: Sneasler\n|-boost|p2a: Sneasler|atk|2\n|move|p1a: Rillaboom|U-turn|p2a: Sneasler\n|-resisted|p2a: Sneasler\n|-damage|p2a: Sneasler|85\/100\n|\n|t:|1700187486\n|switch|p1a: Sneasler|Sneasler, M|100\/100|[from] U-turn\n|-enditem|p1a: Sneasler|Grassy Seed\n|-boost|p1a: Sneasler|def|1|[from] item: Grassy Seed\n|\n|-heal|p2a: Sneasler|91\/100|[from] Grassy Terrain\n|upkeep\n|turn|2\n|\n|t:|1700187496\n|-terastallize|p1a: Sneasler|Flying\n|move|p1a: Sneasler|Acrobatics|p2a: Sneasler\n|-supereffective|p2a: Sneasler\n|-damage|p2a: Sneasler|0 fnt\n|faint|p2a: Sneasler\n|\n|upkeep\n|\n|t:|1700187506\n|switch|p2a: Zapdos|Zapdos|100\/100\n|-ability|p2a: Zapdos|Pressure\n|turn|3\n|\n|t:|1700187514\n|move|p1a: Sneasler|U-turn|p2a: Zapdos\n|-resisted|p2a: Zapdos\n|-damage|p2a: Zapdos|86\/100\n|\n|t:|1700187520\n|switch|p1a: Great Tusk|Great Tusk|100\/100|[from] U-turn\n|move|p2a: Zapdos|Hurricane|p1a: Great Tusk|[miss]\n|-miss|p2a: Zapdos|p1a: Great Tusk\n|\n|upkeep\n|turn|4\n|\n|t:|1700187529\n|move|p1a: Great Tusk|Ice Spinner|p2a: Zapdos\n|-supereffective|p2a: Zapdos\n|-damage|p2a: Zapdos|27\/100\n|-fieldend|move: Grassy Terrain\n|move|p2a: Zapdos|Hurricane|p1a: Great Tusk\n|-supereffective|p1a: Great Tusk\n|-damage|p1a: Great Tusk|0 fnt\n|faint|p1a: Great Tusk\n|-end|p1a: Great Tusk|Protosynthesis|[silent]\n|\n|upkeep\n|\n|t:|1700187540\n|switch|p1a: Dragapult|Dragapult, F|100\/100\n|turn|5\n|\n|t:|1700187543\n|move|p1a: Dragapult|Shadow Ball|p2a: Zapdos\n|-damage|p2a: Zapdos|0 fnt\n|faint|p2a: Zapdos\n|\n|upkeep\n|\n|t:|1700187550\n|switch|p2a: Walking Wake|Walking Wake|100\/100\n|turn|6\n|\n|t:|1700187564\n|switch|p1a: Rillaboom|Rillaboom, M|100\/100\n|-fieldstart|move: Grassy Terrain|[from] ability: Grassy Surge|[of] p1a: Rillaboom\n|move|p2a: Walking Wake|Substitute|p2a: Walking Wake\n|-start|p2a: Walking Wake|Substitute\n|-damage|p2a: Walking Wake|76\/100\n|\n|-heal|p2a: Walking Wake|82\/100|[from] Grassy Terrain\n|-heal|p2a: Walking Wake|88\/100|[from] item: Leftovers\n|upkeep\n|turn|7\n|\n|t:|1700187574\n|move|p1a: Rillaboom|Grassy Glide|p2a: Walking Wake\n|-end|p2a: Walking Wake|Substitute\n|move|p2a: Walking Wake|Flamethrower|p1a: Rillaboom\n|-supereffective|p1a: Rillaboom\n|-damage|p1a: Rillaboom|9\/100\n|\n|-heal|p2a: Walking Wake|94\/100|[from] Grassy Terrain\n|-heal|p2a: Walking Wake|100\/100|[from] item: Leftovers\n|-heal|p1a: Rillaboom|15\/100|[from] Grassy Terrain\n|upkeep\n|turn|8\n|\n|t:|1700187585\n|move|p1a: Rillaboom|Grassy Glide|p2a: Walking Wake\n|-damage|p2a: Walking Wake|37\/100\n|move|p2a: Walking Wake|Hydro Steam|p1a: Rillaboom\n|-resisted|p1a: Rillaboom\n|-damage|p1a: Rillaboom|0 fnt\n|faint|p1a: Rillaboom\n|\n|-heal|p2a: Walking Wake|43\/100|[from] Grassy Terrain\n|-heal|p2a: Walking Wake|49\/100|[from] item: Leftovers\n|upkeep\n|\n|t:|1700187596\n|switch|p1a: Iron Moth|Iron Moth|100\/100\n|-enditem|p1a: Iron Moth|Booster Energy\n|-activate|p1a: Iron Moth|ability: Quark Drive|[fromitem]\n|-start|p1a: Iron Moth|quarkdrivespa\n|turn|9\n|\n|t:|1700187606\n|-end|p2a: Walking Wake|Protosynthesis|[silent]\n|switch|p2a: Decidueye|Decidueye-Hisui, M, shiny|100\/100\n|move|p1a: Iron Moth|Energy Ball|p2a: Decidueye\n|-resisted|p2a: Decidueye\n|-damage|p2a: Decidueye|80\/100\n|\n|-heal|p2a: Decidueye|86\/100|[from] Grassy Terrain\n|upkeep\n|turn|10\n|\n|t:|1700187623\n|move|p1a: Iron Moth|Flamethrower|p2a: Decidueye\n|-supereffective|p2a: Decidueye\n|-damage|p2a: Decidueye|0 fnt\n|faint|p2a: Decidueye\n|\n|-fieldend|move: Grassy Terrain\n|upkeep\n|\n|t:|1700187628\n|switch|p2a: Ceruledge|Ceruledge, F|100\/100\n|turn|11\n|\n|t:|1700187642\n|-end|p1a: Iron Moth|Quark Drive|[silent]\n|switch|p1a: Corviknight|Corviknight, F|100\/100\n|move|p2a: Ceruledge|Flame Charge|p1a: Corviknight\n|-supereffective|p1a: Corviknight\n|-damage|p1a: Corviknight|54\/100\n|-boost|p2a: Ceruledge|spe|1\n|\n|-heal|p1a: Corviknight|60\/100|[from] item: Leftovers\n|upkeep\n|turn|12\n|\n|t:|1700187652\n|move|p2a: Ceruledge|Swords Dance|p2a: Ceruledge\n|-boost|p2a: Ceruledge|atk|2\n|move|p1a: Corviknight|Bulk Up|p1a: Corviknight\n|-boost|p1a: Corviknight|atk|1\n|-boost|p1a: Corviknight|def|1\n|\n|-heal|p1a: Corviknight|66\/100|[from] item: Leftovers\n|upkeep\n|turn|13\n|\n|t:|1700187661\n|move|p2a: Ceruledge|Bitter Blade|p1a: Corviknight\n|-supereffective|p1a: Corviknight\n|-damage|p1a: Corviknight|0 fnt\n|faint|p1a: Corviknight\n|\n|upkeep\n|\n|t:|1700187673\n|switch|p1a: Dragapult|Dragapult, F|100\/100\n|turn|14\n|\n|t:|1700187679\n|-terastallize|p2a: Ceruledge|Bug\n|move|p1a: Dragapult|Surf|p2a: Ceruledge\n|-damage|p2a: Ceruledge|55\/100\n|move|p2a: Ceruledge|Shadow Claw|p1a: Dragapult\n|-supereffective|p1a: Dragapult\n|-damage|p1a: Dragapult|0 fnt\n|faint|p1a: Dragapult\n|\n|-heal|p2a: Ceruledge|62\/100|[from] item: Leftovers\n|upkeep\n|\n|t:|1700187689\n|switch|p1a: Sneasler|Sneasler, M, tera:Flying|100\/100\n|turn|15\n|\n|t:|1700187695\n|move|p2a: Ceruledge|Bitter Blade|p1a: Sneasler\n|-damage|p1a: Sneasler|0 fnt\n|-heal|p2a: Ceruledge|100\/100|[from] drain|[of] p1a: Sneasler\n|faint|p1a: Sneasler\n|\n|upkeep\n|\n|t:|1700187723\n|switch|p1a: Iron Moth|Iron Moth|100\/100\n|turn|16\n|\n|t:|1700187731\n|move|p2a: Ceruledge|Shadow Claw|p1a: Iron Moth\n|-damage|p1a: Iron Moth|0 fnt\n|faint|p1a: Iron Moth\n|-end|p1a: Iron Moth|Quark Drive|[silent]\n|\n|win|Kantonian Ash\n|raw|zadocfish01's rating: 1375 &rarr; <strong>1352<\/strong><br \/>(-23 for losing)\n|raw|Kantonian Ash's rating: 1317 &rarr; <strong>1340<\/strong><br \/>(+23 for winning)\n","uploadtime":1700187739,"views":7,"p1id":"zadocfish01","p2id":"kantonianash","formatid":"gen9ou","rating":1340,"private":0,"password":""}