{"id":"gen9ou-1990140771","p1":"lilvortex","p2":"ReDemonic","format":"[Gen 9] OU","log":"|j|\u2606lilvortex\n|j|\u2606ReDemonic\n|t:|1699928984\n|gametype|singles\n|player|p1|lilvortex|101|1252\n|player|p2|ReDemonic|bellelba|1233\n|teamsize|p1|6\n|teamsize|p2|6\n|gen|9\n|tier|[Gen 9] OU\n|rated|\n|rule|Sleep Clause Mod: Limit one foe put to sleep\n|rule|Species Clause: Limit one of each Pok\u00e9mon\n|rule|OHKO Clause: OHKO moves are banned\n|rule|Evasion Items Clause: Evasion items are banned\n|rule|Evasion Moves Clause: Evasion moves are banned\n|rule|Endless Battle Clause: Forcing endless battles is banned\n|rule|HP Percentage Mod: HP is shown in percentages\n|clearpoke\n|poke|p1|Iron Moth|\n|poke|p1|Ribombee, F|\n|poke|p1|Gholdengo|\n|poke|p1|Great Tusk|\n|poke|p1|Kingambit, F|\n|poke|p1|Iron Valiant|\n|poke|p2|Glimmora, F|\n|poke|p2|Gholdengo|\n|poke|p2|Scizor, F|\n|poke|p2|Lokix, M|\n|poke|p2|Salamence, F|\n|poke|p2|Weavile, M|\n|teampreview\n|\n|t:|1699928991\n|start\n|switch|p1a: Ribombee|Ribombee, F|100\/100\n|switch|p2a: Salamence|Salamence, F|100\/100\n|turn|1\n|\n|t:|1699928997\n|-terastallize|p2a: Salamence|Flying\n|move|p1a: Ribombee|Stun Spore|p2a: Salamence\n|-status|p2a: Salamence|par\n|-enditem|p2a: Salamence|Lum Berry|[eat]\n|-curestatus|p2a: Salamence|par|[msg]\n|move|p2a: Salamence|Dragon Dance|p2a: Salamence\n|-boost|p2a: Salamence|atk|1\n|-boost|p2a: Salamence|spe|1\n|\n|upkeep\n|turn|2\n|\n|t:|1699929005\n|move|p2a: Salamence|Dual Wingbeat|p1a: Ribombee\n|-supereffective|p1a: Ribombee\n|-enditem|p1a: Ribombee|Focus Sash\n|-damage|p1a: Ribombee|1\/100\n|-supereffective|p1a: Ribombee\n|-damage|p1a: Ribombee|0 fnt\n|faint|p1a: Ribombee\n|-ability|p2a: Salamence|Moxie|boost\n|-boost|p2a: Salamence|atk|1\n|-hitcount|p1: Ribombee|2\n|\n|upkeep\n|\n|t:|1699929012\n|switch|p1a: Iron Valiant|Iron Valiant|100\/100\n|-enditem|p1a: Iron Valiant|Booster Energy\n|-activate|p1a: Iron Valiant|ability: Quark Drive|[fromitem]\n|-start|p1a: Iron Valiant|quarkdrivespe\n|turn|3\n|\n|t:|1699929017\n|move|p1a: Iron Valiant|Spirit Break|p2a: Salamence\n|-damage|p2a: Salamence|54\/100\n|-unboost|p2a: Salamence|spa|1\n|move|p2a: Salamence|Dual Wingbeat|p1a: Iron Valiant\n|-supereffective|p1a: Iron Valiant\n|-damage|p1a: Iron Valiant|0 fnt\n|faint|p1a: Iron Valiant\n|-end|p1a: Iron Valiant|Quark Drive|[silent]\n|-ability|p2a: Salamence|Moxie|boost\n|-boost|p2a: Salamence|atk|1\n|-hitcount|p1: Iron Valiant|1\n|\n|upkeep\n|\n|t:|1699929027\n|switch|p1a: Gholdengo|Gholdengo|100\/100\n|-item|p1a: Gholdengo|Air Balloon\n|turn|4\n|\n|t:|1699929035\n|move|p2a: Salamence|Dragon Claw|p1a: Gholdengo\n|-resisted|p1a: Gholdengo\n|-damage|p1a: Gholdengo|45\/100\n|-enditem|p1a: Gholdengo|Air Balloon\n|move|p1a: Gholdengo|Make It Rain|p2a: Salamence\n|-damage|p2a: Salamence|0 fnt\n|-unboost|p1a: Gholdengo|spa|1\n|faint|p2a: Salamence\n|\n|upkeep\n|\n|t:|1699929051\n|switch|p2a: Scizor|Scizor, F|100\/100\n|turn|5\n|\n|t:|1699929059\n|switch|p1a: Great Tusk|Great Tusk|100\/100\n|move|p2a: Scizor|Knock Off|p1a: Great Tusk\n|-resisted|p1a: Great Tusk\n|-damage|p1a: Great Tusk|79\/100\n|-enditem|p1a: Great Tusk|Heavy-Duty Boots|[from] move: Knock Off|[of] p2a: Scizor\n|\n|upkeep\n|turn|6\n|\n|t:|1699929064\n|switch|p2a: Lokix|Lokix, M|100\/100\n|move|p1a: Great Tusk|Knock Off|p2a: Lokix\n|-resisted|p2a: Lokix\n|-damage|p2a: Lokix|74\/100\n|-enditem|p2a: Lokix|Choice Band|[from] move: Knock Off|[of] p1a: Great Tusk\n|\n|upkeep\n|turn|7\n|\n|t:|1699929071\n|move|p2a: Lokix|U-turn|p1a: Great Tusk\n|-resisted|p1a: Great Tusk\n|-damage|p1a: Great Tusk|55\/100\n|\n|t:|1699929077\n|switch|p2a: Glimmora|Glimmora, F|100\/100|[from] U-turn\n|move|p1a: Great Tusk|Ice Spinner|p2a: Glimmora\n|-damage|p2a: Glimmora|64\/100\n|-activate|p2a: Glimmora|ability: Toxic Debris\n|-sidestart|p1: lilvortex|move: Toxic Spikes\n|\n|upkeep\n|turn|8\n|\n|t:|1699929082\n|move|p2a: Glimmora|Earth Power|p1a: Great Tusk\n|-damage|p1a: Great Tusk|7\/100\n|move|p1a: Great Tusk|Headlong Rush|p2a: Glimmora\n|-supereffective|p2a: Glimmora\n|-damage|p2a: Glimmora|0 fnt\n|-unboost|p1a: Great Tusk|def|1\n|-unboost|p1a: Great Tusk|spd|1\n|-activate|p2a: Glimmora|ability: Toxic Debris\n|-sidestart|p1: lilvortex|move: Toxic Spikes\n|faint|p2a: Glimmora\n|\n|upkeep\n|\n|t:|1699929100\n|switch|p2a: Gholdengo|Gholdengo|100\/100\n|turn|9\n|\n|t:|1699929107\n|-end|p1a: Great Tusk|Protosynthesis|[silent]\n|switch|p1a: Kingambit|Kingambit, F|100\/100\n|-activate|p1a: Kingambit|ability: Supreme Overlord\n|-start|p1a: Kingambit|fallen2|[silent]\n|move|p2a: Gholdengo|Hex|p1a: Kingambit\n|-resisted|p1a: Kingambit\n|-damage|p1a: Kingambit|82\/100\n|\n|-heal|p1a: Kingambit|88\/100|[from] item: Leftovers\n|upkeep\n|turn|10\n|\n|t:|1699929114\n|switch|p2a: Scizor|Scizor, F|100\/100\n|move|p1a: Kingambit|Swords Dance|p1a: Kingambit\n|-boost|p1a: Kingambit|atk|2\n|\n|-heal|p1a: Kingambit|94\/100|[from] item: Leftovers\n|upkeep\n|turn|11\n|\n|t:|1699929133\n|move|p2a: Scizor|Close Combat|p1a: Kingambit\n|-supereffective|p1a: Kingambit\n|-damage|p1a: Kingambit|0 fnt\n|-unboost|p2a: Scizor|def|1\n|-unboost|p2a: Scizor|spd|1\n|faint|p1a: Kingambit\n|-end|p1a: Kingambit|fallen2|[silent]\n|\n|upkeep\n|\n|t:|1699929136\n|switch|p1a: Iron Moth|Iron Moth|100\/100\n|-sideend|p1: lilvortex|move: Toxic Spikes|[of] p1a: Iron Moth\n|-enditem|p1a: Iron Moth|Booster Energy\n|-activate|p1a: Iron Moth|ability: Quark Drive|[fromitem]\n|-start|p1a: Iron Moth|quarkdrivespa\n|turn|12\n|\n|t:|1699929144\n|move|p1a: Iron Moth|Fiery Dance|p2a: Scizor\n|-supereffective|p2a: Scizor\n|-damage|p2a: Scizor|0 fnt\n|-boost|p1a: Iron Moth|spa|1\n|faint|p2a: Scizor\n|\n|upkeep\n|\n|t:|1699929153\n|switch|p2a: Weavile|Weavile, M|100\/100\n|-ability|p2a: Weavile|Pressure\n|turn|13\n|\n|t:|1699929172\n|-terastallize|p1a: Iron Moth|Ground\n|move|p2a: Weavile|Knock Off|p1a: Iron Moth\n|-damage|p1a: Iron Moth|15\/100\n|move|p1a: Iron Moth|Fiery Dance|p2a: Weavile\n|-supereffective|p2a: Weavile\n|-damage|p2a: Weavile|0 fnt\n|faint|p2a: Weavile\n|\n|upkeep\n|\n|t:|1699929178\n|switch|p2a: Lokix|Lokix, M|74\/100\n|turn|14\n|\n|t:|1699929182\n|-end|p1a: Iron Moth|Quark Drive|[silent]\n|switch|p1a: Great Tusk|Great Tusk|7\/100\n|move|p2a: Lokix|First Impression|p1a: Great Tusk\n|-resisted|p1a: Great Tusk\n|-damage|p1a: Great Tusk|0 fnt\n|faint|p1a: Great Tusk\n|-end|p1a: Great Tusk|Protosynthesis|[silent]\n|\n|upkeep\n|\n|t:|1699929184\n|switch|p1a: Gholdengo|Gholdengo|45\/100\n|turn|15\n|\n|t:|1699929189\n|move|p2a: Lokix|Knock Off|p1a: Gholdengo\n|-supereffective|p1a: Gholdengo\n|-damage|p1a: Gholdengo|0 fnt\n|faint|p1a: Gholdengo\n|\n|upkeep\n|\n|t:|1699929192\n|switch|p1a: Iron Moth|Iron Moth, tera:Ground|15\/100\n|turn|16\n|\n|t:|1699929194\n|switch|p2a: Gholdengo|Gholdengo|100\/100\n|move|p1a: Iron Moth|Fiery Dance|p2a: Gholdengo\n|-supereffective|p2a: Gholdengo\n|-crit|p2a: Gholdengo\n|-damage|p2a: Gholdengo|0 fnt\n|faint|p2a: Gholdengo\n|\n|upkeep\n|\n|t:|1699929199\n|switch|p2a: Lokix|Lokix, M|74\/100\n|turn|17\n|c|\u2606ReDemonic|gg\n|\n|t:|1699929207\n|move|p2a: Lokix|First Impression|p1a: Iron Moth\n|-damage|p1a: Iron Moth|0 fnt\n|faint|p1a: Iron Moth\n|-end|p1a: Iron Moth|Quark Drive|[silent]\n|\n|win|ReDemonic\n|raw|lilvortex's rating: 1252 &rarr; <strong>1226<\/strong><br \/>(-26 for losing)\n|raw|ReDemonic's rating: 1233 &rarr; <strong>1259<\/strong><br \/>(+26 for winning)\n|l|\u2606lilvortex\n","uploadtime":1699929216,"views":29,"p1id":"lilvortex","p2id":"redemonic","formatid":"gen9ou","rating":1226,"private":0,"password":""}