{"id":"gen9ou-1996789211","p1":"skibstheman","p2":"lightbulbpcp","format":"[Gen 9] OU","log":"|j|\u2606skibstheman\n|j|\u2606lightbulbpcp\n|t:|1700725582\n|gametype|singles\n|player|p1|skibstheman|brycenman|1393\n|player|p2|lightbulbpcp|lady|1424\n|teamsize|p1|6\n|teamsize|p2|6\n|gen|9\n|tier|[Gen 9] OU\n|rated|\n|rule|Sleep Clause Mod: Limit one foe put to sleep\n|rule|Species Clause: Limit one of each Pok\u00e9mon\n|rule|OHKO Clause: OHKO moves are banned\n|rule|Evasion Items Clause: Evasion items are banned\n|rule|Evasion Moves Clause: Evasion moves are banned\n|rule|Endless Battle Clause: Forcing endless battles is banned\n|rule|HP Percentage Mod: HP is shown in percentages\n|clearpoke\n|poke|p1|Moltres-Galar|\n|poke|p1|Espeon, F|\n|poke|p1|Iron Valiant|\n|poke|p1|Garganacl, M|\n|poke|p1|Great Tusk|\n|poke|p1|Heatran, M|\n|poke|p2|Ceruledge, M|\n|poke|p2|Samurott-Hisui, F|\n|poke|p2|Ogerpon-Wellspring, F|\n|poke|p2|Rillaboom, M|\n|poke|p2|Kommo-o, M|\n|poke|p2|Ribombee, M|\n|teampreview\n|inactive|Battle timer is ON: inactive players will automatically lose when time's up. (requested by lightbulbpcp)\n|\n|t:|1700725599\n|start\n|switch|p1a: Mercurial Muse|Espeon, F|100\/100\n|switch|p2a: Ribombee|Ribombee, M|100\/100\n|turn|1\n|\n|t:|1700725621\n|move|p2a: Ribombee|Bug Buzz|p1a: Mercurial Muse\n|-supereffective|p1a: Mercurial Muse\n|-damage|p1a: Mercurial Muse|0 fnt\n|faint|p1a: Mercurial Muse\n|\n|upkeep\n|c|\u2606skibstheman|???????????????\n|inactive|skibstheman has 120 seconds left.\n|\n|t:|1700725638\n|switch|p1a: Grasshopper|Heatran, M|100\/100\n|turn|2\n|\n|t:|1700725646\n|switch|p2a: Samurott|Samurott-Hisui, F|100\/100\n|move|p1a: Grasshopper|Stealth Rock|p2a: Samurott\n|-sidestart|p2: lightbulbpcp|move: Stealth Rock\n|\n|upkeep\n|turn|3\n|\n|t:|1700725652\n|switch|p1a: THE CREATOR|Moltres-Galar|100\/100\n|move|p2a: Samurott|Razor Shell|p1a: THE CREATOR\n|-damage|p1a: THE CREATOR|43\/100\n|-ability|p1a: THE CREATOR|Berserk|boost\n|-boost|p1a: THE CREATOR|spa|1\n|\n|-heal|p1a: THE CREATOR|50\/100|[from] item: Leftovers\n|upkeep\n|turn|4\n|\n|t:|1700725658\n|move|p2a: Samurott|Razor Shell|p1a: THE CREATOR\n|-damage|p1a: THE CREATOR|0 fnt\n|faint|p1a: THE CREATOR\n|\n|upkeep\n|c|\u2606skibstheman|????????????????????????\n|c|\u2606skibstheman|HOW MANY SCARVES ARE YOU ROCKING????\n|\n|t:|1700725677\n|switch|p1a: Grasshopper|Heatran, M|100\/100\n|turn|5\n|\n|t:|1700725682\n|-terastallize|p1a: Grasshopper|Grass\n|move|p2a: Samurott|Razor Shell|p1a: Grasshopper\n|-resisted|p1a: Grasshopper\n|-damage|p1a: Grasshopper|81\/100\n|-unboost|p1a: Grasshopper|def|1\n|move|p1a: Grasshopper|Magma Storm|p2a: Samurott|[miss]\n|-miss|p1a: Grasshopper|p2a: Samurott\n|\n|-heal|p1a: Grasshopper|87\/100|[from] item: Leftovers\n|upkeep\n|turn|6\n|c|\u2606lightbulbpcp|enough?\n|\n|t:|1700725701\n|switch|p2a: Ceruledge|Ceruledge, M|100\/100\n|switch|p1a: Fairy Fencer|Iron Valiant|100\/100\n|\n|upkeep\n|turn|7\n|\n|t:|1700725711\n|-terastallize|p2a: Ceruledge|Fire\n|move|p1a: Fairy Fencer|Knock Off|p2a: Ceruledge\n|-damage|p2a: Ceruledge|34\/100\n|-ability|p2a: Ceruledge|Weak Armor|boost\n|-unboost|p2a: Ceruledge|def|1\n|-boost|p2a: Ceruledge|spe|2\n|-enditem|p2a: Ceruledge|Heavy-Duty Boots|[from] move: Knock Off|[of] p1a: Fairy Fencer\n|move|p2a: Ceruledge|Bitter Blade|p1a: Fairy Fencer\n|-damage|p1a: Fairy Fencer|17\/100\n|-heal|p2a: Ceruledge|75\/100|[from] drain|[of] p1a: Fairy Fencer\n|\n|upkeep\n|turn|8\n|\n|t:|1700725731\n|-end|p1a: Fairy Fencer|Quark Drive|[silent]\n|switch|p1a: Rusty Rocker|Garganacl, M|100\/100\n|move|p2a: Ceruledge|Close Combat|p1a: Rusty Rocker\n|-supereffective|p1a: Rusty Rocker\n|-damage|p1a: Rusty Rocker|50\/100\n|-unboost|p2a: Ceruledge|def|1\n|-unboost|p2a: Ceruledge|spd|1\n|\n|-heal|p1a: Rusty Rocker|56\/100|[from] item: Leftovers\n|upkeep\n|turn|9\n|\n|t:|1700725754\n|move|p2a: Ceruledge|Close Combat|p1a: Rusty Rocker\n|-supereffective|p1a: Rusty Rocker\n|-damage|p1a: Rusty Rocker|4\/100\n|-unboost|p2a: Ceruledge|def|1\n|-unboost|p2a: Ceruledge|spd|1\n|move|p1a: Rusty Rocker|Salt Cure|p2a: Ceruledge\n|-supereffective|p2a: Ceruledge\n|-damage|p2a: Ceruledge|0 fnt\n|faint|p2a: Ceruledge\n|\n|-heal|p1a: Rusty Rocker|10\/100|[from] item: Leftovers\n|upkeep\n|\n|t:|1700725758\n|switch|p2a: Ribombee|Ribombee, M|100\/100\n|-damage|p2a: Ribombee|76\/100|[from] Stealth Rock\n|turn|10\n|\n|t:|1700725763\n|move|p2a: Ribombee|Moonblast|p1a: Rusty Rocker\n|-damage|p1a: Rusty Rocker|0 fnt\n|faint|p1a: Rusty Rocker\n|\n|upkeep\n|\n|t:|1700725768\n|switch|p1a: Grasshopper|Heatran, M, tera:Grass|87\/100\n|turn|11\n|\n|t:|1700725773\n|switch|p2a: Rillaboom|Rillaboom, M|100\/100\n|-damage|p2a: Rillaboom|88\/100|[from] Stealth Rock\n|-fieldstart|move: Grassy Terrain|[from] ability: Grassy Surge|[of] p2a: Rillaboom\n|move|p1a: Grasshopper|Magma Storm|p2a: Rillaboom\n|-supereffective|p2a: Rillaboom\n|-damage|p2a: Rillaboom|0 fnt\n|faint|p2a: Rillaboom\n|\n|-heal|p1a: Grasshopper|93\/100|[from] Grassy Terrain\n|-heal|p1a: Grasshopper|99\/100|[from] item: Leftovers\n|upkeep\n|\n|t:|1700725775\n|switch|p2a: Ogerpon|Ogerpon-Wellspring, F|100\/100\n|-damage|p2a: Ogerpon|88\/100|[from] Stealth Rock\n|turn|12\n|\n|t:|1700725785\n|move|p2a: Ogerpon|Power Whip|p1a: Grasshopper\n|-resisted|p1a: Grasshopper\n|-damage|p1a: Grasshopper|60\/100\n|move|p1a: Grasshopper|Magma Storm|p2a: Ogerpon|[miss]\n|-miss|p1a: Grasshopper|p2a: Ogerpon\n|\n|-heal|p2a: Ogerpon|94\/100|[from] Grassy Terrain\n|-heal|p1a: Grasshopper|66\/100|[from] Grassy Terrain\n|-heal|p1a: Grasshopper|72\/100|[from] item: Leftovers\n|upkeep\n|turn|13\n|\n|t:|1700725791\n|move|p2a: Ogerpon|Swords Dance|p2a: Ogerpon\n|-boost|p2a: Ogerpon|atk|2\n|move|p1a: Grasshopper|Magma Storm|p2a: Ogerpon|[miss]\n|-miss|p1a: Grasshopper|p2a: Ogerpon\n|\n|-heal|p2a: Ogerpon|99\/100|[from] Grassy Terrain\n|-heal|p1a: Grasshopper|78\/100|[from] Grassy Terrain\n|-heal|p1a: Grasshopper|85\/100|[from] item: Leftovers\n|upkeep\n|turn|14\n|\n|t:|1700725795\n|move|p2a: Ogerpon|Power Whip|p1a: Grasshopper\n|-resisted|p1a: Grasshopper\n|-crit|p1a: Grasshopper\n|-damage|p1a: Grasshopper|0 fnt\n|faint|p1a: Grasshopper\n|\n|-heal|p2a: Ogerpon|100\/100|[from] Grassy Terrain\n|upkeep\n|c|\u2606lightbulbpcp|im so sorry\n|\n|t:|1700725803\n|switch|p1a: Fairy Fencer|Iron Valiant|17\/100\n|turn|15\n|c|\u2606skibstheman|damn its okay\n|\n|t:|1700725811\n|move|p2a: Ogerpon|Grassy Glide|p1a: Fairy Fencer\n|-damage|p1a: Fairy Fencer|0 fnt\n|faint|p1a: Fairy Fencer\n|-end|p1a: Fairy Fencer|Quark Drive|[silent]\n|\n|-fieldend|move: Grassy Terrain\n|upkeep\n|c|\u2606skibstheman|oh nevermind\n|c|\u2606lightbulbpcp|LMAO\n|c|\u2606skibstheman|well ribombee sweeps anwyays\n|c|\u2606skibstheman|gg\n|\n|t:|1700725824\n|switch|p1a: Tumble Tusk|Great Tusk|100\/100\n|turn|16\n|c|\u2606lightbulbpcp|ggz\n|\n|t:|1700725829\n|move|p2a: Ogerpon|Ivy Cudgel|p1a: Tumble Tusk|[anim] Ivy Cudgel Water\n|-supereffective|p1a: Tumble Tusk\n|-damage|p1a: Tumble Tusk|0 fnt\n|faint|p1a: Tumble Tusk\n|-end|p1a: Tumble Tusk|Protosynthesis|[silent]\n|\n|win|lightbulbpcp\n|raw|skibstheman's rating: 1393 &rarr; <strong>1375<\/strong><br \/>(-18 for losing)\n|raw|lightbulbpcp's rating: 1424 &rarr; <strong>1442<\/strong><br \/>(+18 for winning)\n","uploadtime":1700725837,"views":6,"p1id":"skibstheman","p2id":"lightbulbpcp","formatid":"gen9ou","rating":1375,"private":0,"password":""}