{"id":"gen9ou-1995819934","p1":"Golden Chrisp","p2":"onarasantos","format":"[Gen 9] OU","log":"|j|\u2606Golden Chrisp\n|j|\u2606onarasantos\n|t:|1700606318\n|gametype|singles\n|player|p1|Golden Chrisp|lucas-gen4pt|1133\n|player|p2|onarasantos|cynthia|1166\n|teamsize|p1|6\n|teamsize|p2|6\n|gen|9\n|tier|[Gen 9] OU\n|rated|\n|rule|Sleep Clause Mod: Limit one foe put to sleep\n|rule|Species Clause: Limit one of each Pok\u00e9mon\n|rule|OHKO Clause: OHKO moves are banned\n|rule|Evasion Items Clause: Evasion items are banned\n|rule|Evasion Moves Clause: Evasion moves are banned\n|rule|Endless Battle Clause: Forcing endless battles is banned\n|rule|HP Percentage Mod: HP is shown in percentages\n|clearpoke\n|poke|p1|Slowking-Galar, M|\n|poke|p1|Ninetales-Alola, F|\n|poke|p1|Glastrier|\n|poke|p1|Piloswine, M|\n|poke|p1|Beartic, M|\n|poke|p1|Rotom-Frost|\n|poke|p2|Landorus-Therian, M|\n|poke|p2|Toxapex, M|\n|poke|p2|Corviknight, M|\n|poke|p2|Dragapult, F|\n|poke|p2|Cinderace, F|\n|poke|p2|Iron Valiant|\n|teampreview\n|inactive|Battle timer is ON: inactive players will automatically lose when time's up. (requested by Golden Chrisp)\n|\n|t:|1700606327\n|start\n|switch|p1a: Slowking|Slowking-Galar, M|100\/100\n|switch|p2a: Larissa Manoela|Landorus-Therian, M|100\/100\n|-ability|p2a: Larissa Manoela|Intimidate|boost\n|-unboost|p1a: Slowking|atk|1\n|turn|1\n|\n|t:|1700606342\n|-terastallize|p1a: Slowking|Ice\n|move|p2a: Larissa Manoela|Earthquake|p1a: Slowking\n|-damage|p1a: Slowking|61\/100\n|move|p1a: Slowking|Chilly Reception|p1a: Slowking\n|-weather|Snow\n|\n|t:|1700606350\n|switch|p1a: Beartic|Beartic, M|100\/100|[from] Chilly Reception\n|\n|-weather|Snow|[upkeep]\n|upkeep\n|turn|2\n|\n|t:|1700606356\n|switch|p2a: Toxapex|Toxapex, M|100\/100\n|move|p1a: Beartic|Icicle Crash|p2a: Toxapex|[miss]\n|-miss|p1a: Beartic|p2a: Toxapex\n|\n|-weather|Snow|[upkeep]\n|upkeep\n|turn|3\n|\n|t:|1700606368\n|switch|p1a: Ninetales|Ninetales-Alola, F|100\/100\n|move|p2a: Toxapex|Sludge Bomb|p1a: Ninetales\n|-supereffective|p1a: Ninetales\n|-damage|p1a: Ninetales|30\/100\n|-status|p1a: Ninetales|psn\n|\n|-weather|Snow|[upkeep]\n|-damage|p1a: Ninetales|17\/100 psn|[from] psn\n|upkeep\n|turn|4\n|\n|t:|1700606379\n|move|p2a: Toxapex|Baneful Bunker|p2a: Toxapex\n|-singleturn|p2a: Toxapex|move: Protect\n|move|p1a: Ninetales|Freeze-Dry|p2a: Toxapex\n|-activate|p2a: Toxapex|move: Protect\n|\n|-weather|Snow|[upkeep]\n|-damage|p1a: Ninetales|5\/100 psn|[from] psn\n|upkeep\n|turn|5\n|inactive|onarasantos has 120 seconds left.\n|c|\u2606Golden Chrisp|Well?\n|\n|t:|1700606417\n|move|p2a: Toxapex|Baneful Bunker|p2a: Toxapex\n|-singleturn|p2a: Toxapex|move: Protect\n|move|p1a: Ninetales|Freeze-Dry|p2a: Toxapex\n|-activate|p2a: Toxapex|move: Protect\n|\n|-weather|Snow|[upkeep]\n|-damage|p1a: Ninetales|0 fnt|[from] psn\n|faint|p1a: Ninetales\n|upkeep\n|\n|t:|1700606428\n|switch|p1a: X.A.N.A|Rotom-Frost|100\/100\n|turn|6\n|inactive|onarasantos has 120 seconds left.\n|c|\u2606onarasantos|XANA ASHIAHSUAHUSHAUHSUA\n|\n|t:|1700606442\n|move|p1a: X.A.N.A|Will-O-Wisp|p2a: Toxapex\n|-status|p2a: Toxapex|brn\n|move|p2a: Toxapex|Sludge Bomb|p1a: X.A.N.A\n|-damage|p1a: X.A.N.A|63\/100\n|\n|-weather|Snow|[upkeep]\n|-damage|p2a: Toxapex|94\/100 brn|[from] brn\n|upkeep\n|turn|7\n|\n|t:|1700606450\n|move|p1a: X.A.N.A|Thunderbolt|p2a: Toxapex\n|-supereffective|p2a: Toxapex\n|-damage|p2a: Toxapex|25\/100 brn\n|move|p2a: Toxapex|Sludge Bomb|p1a: X.A.N.A\n|-damage|p1a: X.A.N.A|23\/100\n|-status|p1a: X.A.N.A|psn\n|\n|-weather|Snow|[upkeep]\n|-damage|p1a: X.A.N.A|10\/100 psn|[from] psn\n|-damage|p2a: Toxapex|18\/100 brn|[from] brn\n|upkeep\n|turn|8\n|n|!onarasantos|onarasantos\n|\n|t:|1700606464\n|switch|p1a: Slowking|Slowking-Galar, M, tera:Ice|94\/100\n|move|p2a: Toxapex|Baneful Bunker||[still]\n|-fail|p2a: Toxapex\n|\n|-weather|none\n|-damage|p2a: Toxapex|12\/100 brn|[from] brn\n|upkeep\n|turn|9\n|\n|t:|1700606473\n|switch|p2a: Com. Hamilton|Corviknight, M|100\/100\n|-ability|p2a: Com. Hamilton|Pressure\n|move|p1a: Slowking|Chilly Reception|p1a: Slowking\n|-weather|Snow\n|\n|t:|1700606484\n|switch|p1a: X.A.N.A|Rotom-Frost|10\/100 psn|[from] Chilly Reception\n|\n|-weather|Snow|[upkeep]\n|-damage|p1a: X.A.N.A|0 fnt|[from] psn\n|faint|p1a: X.A.N.A\n|upkeep\n|-message|Golden Chrisp forfeited.\n|\n|win|onarasantos\n|raw|Golden Chrisp's rating: 1133 &rarr; <strong>1110<\/strong><br \/>(-23 for losing)\n|raw|onarasantos's rating: 1166 &rarr; <strong>1189<\/strong><br \/>(+23 for winning)\n|l|\u2606Golden Chrisp\n","uploadtime":1700606460,"views":5,"p1id":"goldenchrisp","p2id":"onarasantos","formatid":"gen9ou","rating":1110,"private":0,"password":""}