{"id":"gen9ou-1995101519","p1":"Kiky14","p2":"deathprofessor21","format":"[Gen 9] OU","log":"|j|\u2606Kiky14\n|j|\u2606deathprofessor21\n|t:|1700522696\n|gametype|singles\n|player|p1|Kiky14|hilda-wonderlauncher|1505\n|player|p2|deathprofessor21|1|1495\n|teamsize|p1|6\n|teamsize|p2|6\n|gen|9\n|tier|[Gen 9] OU\n|rated|\n|rule|Sleep Clause Mod: Limit one foe put to sleep\n|rule|Species Clause: Limit one of each Pok\u00e9mon\n|rule|OHKO Clause: OHKO moves are banned\n|rule|Evasion Items Clause: Evasion items are banned\n|rule|Evasion Moves Clause: Evasion moves are banned\n|rule|Endless Battle Clause: Forcing endless battles is banned\n|rule|HP Percentage Mod: HP is shown in percentages\n|clearpoke\n|poke|p1|Great Tusk|\n|poke|p1|Gholdengo|\n|poke|p1|Ogerpon, F|\n|poke|p1|Iron Moth|\n|poke|p1|Gastrodon-East, F|\n|poke|p1|Enamorus, F|\n|poke|p2|Rillaboom, M|\n|poke|p2|Ogerpon, F|\n|poke|p2|Glimmora, F|\n|poke|p2|Gholdengo|\n|poke|p2|Dragapult, F|\n|poke|p2|Ceruledge, M|\n|teampreview\n|inactive|Battle timer is ON: inactive players will automatically lose when time's up. (requested by deathprofessor21)\n|l|\u2606Kiky14\n|inactive|Kiky14 disconnected and has a minute to reconnect!\n|player|p1|\n|j|\u2606Kiky14\n|inactive|Kiky14 reconnected and has 135 seconds left.\n|player|p1|Kiky14|hilda-wonderlauncher\n|\n|t:|1700522733\n|start\n|switch|p1a: Gastrodon|Gastrodon-East, F|100\/100\n|switch|p2a: Glimmora|Glimmora, F|100\/100\n|turn|1\n|\n|t:|1700522738\n|move|p2a: Glimmora|Stealth Rock|p1a: Gastrodon\n|-sidestart|p1: Kiky14|move: Stealth Rock\n|move|p1a: Gastrodon|Earth Power|p2a: Glimmora\n|-supereffective|p2a: Glimmora\n|-enditem|p2a: Glimmora|Focus Sash\n|-damage|p2a: Glimmora|1\/100\n|\n|upkeep\n|turn|2\n|\n|t:|1700522744\n|move|p2a: Glimmora|Spikes|p1a: Gastrodon\n|-sidestart|p1: Kiky14|Spikes\n|move|p1a: Gastrodon|Surf|p2a: Glimmora\n|-supereffective|p2a: Glimmora\n|-damage|p2a: Glimmora|0 fnt\n|faint|p2a: Glimmora\n|\n|upkeep\n|\n|t:|1700522760\n|switch|p2a: Rillaboom|Rillaboom, M|100\/100\n|-fieldstart|move: Grassy Terrain|[from] ability: Grassy Surge|[of] p2a: Rillaboom\n|turn|3\n|\n|t:|1700522776\n|switch|p1a: Gholdengo|Gholdengo|100\/100\n|-damage|p1a: Gholdengo|94\/100|[from] Stealth Rock\n|-damage|p1a: Gholdengo|82\/100|[from] Spikes\n|move|p2a: Rillaboom|Knock Off|p1a: Gholdengo\n|-supereffective|p1a: Gholdengo\n|-damage|p1a: Gholdengo|0 fnt\n|-enditem|p1a: Gholdengo|Life Orb|[from] move: Knock Off|[of] p2a: Rillaboom\n|faint|p1a: Gholdengo\n|\n|upkeep\n|\n|t:|1700522787\n|switch|p1a: Great Tusk|Great Tusk|100\/100\n|-damage|p1a: Great Tusk|98\/100|[from] Stealth Rock\n|-damage|p1a: Great Tusk|85\/100|[from] Spikes\n|turn|4\n|\n|t:|1700522791\n|switch|p2a: Ceruledge|Ceruledge, M|100\/100\n|move|p1a: Great Tusk|Rapid Spin|p2a: Ceruledge\n|-immune|p2a: Ceruledge\n|\n|-heal|p1a: Great Tusk|91\/100|[from] Grassy Terrain\n|-heal|p1a: Great Tusk|98\/100|[from] item: Leftovers\n|upkeep\n|turn|5\n|\n|t:|1700522799\n|move|p2a: Ceruledge|Swords Dance|p2a: Ceruledge\n|-boost|p2a: Ceruledge|atk|2\n|move|p1a: Great Tusk|Knock Off|p2a: Ceruledge\n|-supereffective|p2a: Ceruledge\n|-damage|p2a: Ceruledge|21\/100\n|-ability|p2a: Ceruledge|Weak Armor|boost\n|-unboost|p2a: Ceruledge|def|1\n|-boost|p2a: Ceruledge|spe|2\n|-enditem|p2a: Ceruledge|Focus Sash|[from] move: Knock Off|[of] p1a: Great Tusk\n|\n|-heal|p2a: Ceruledge|28\/100|[from] Grassy Terrain\n|-heal|p1a: Great Tusk|100\/100|[from] Grassy Terrain\n|upkeep\n|turn|6\n|\n|t:|1700522814\n|move|p2a: Ceruledge|Bitter Blade|p1a: Great Tusk\n|-damage|p1a: Great Tusk|55\/100\n|-heal|p2a: Ceruledge|62\/100|[from] drain|[of] p1a: Great Tusk\n|move|p1a: Great Tusk|Knock Off|p2a: Ceruledge\n|-supereffective|p2a: Ceruledge\n|-damage|p2a: Ceruledge|0 fnt\n|faint|p2a: Ceruledge\n|\n|-heal|p1a: Great Tusk|61\/100|[from] Grassy Terrain\n|-heal|p1a: Great Tusk|67\/100|[from] item: Leftovers\n|upkeep\n|\n|t:|1700522824\n|switch|p2a: Dragapult|Dragapult, F|100\/100\n|turn|7\n|\n|t:|1700522836\n|move|p2a: Dragapult|Hydro Pump|p1a: Great Tusk\n|-supereffective|p1a: Great Tusk\n|-damage|p1a: Great Tusk|0 fnt\n|faint|p1a: Great Tusk\n|-end|p1a: Great Tusk|Protosynthesis|[silent]\n|-damage|p2a: Dragapult|91\/100|[from] item: Life Orb\n|\n|-heal|p2a: Dragapult|97\/100|[from] Grassy Terrain\n|-fieldend|move: Grassy Terrain\n|upkeep\n|inactive|Kiky14 has 120 seconds left.\n|\n|t:|1700522872\n|switch|p1a: Enamorus|Enamorus, F|100\/100\n|-damage|p1a: Enamorus|76\/100|[from] Stealth Rock\n|turn|8\n|inactive|Kiky14 has 120 seconds left.\n|\n|t:|1700522891\n|switch|p2a: Gholdengo|Gholdengo|100\/100\n|move|p1a: Enamorus|Moonblast|p2a: Gholdengo\n|-resisted|p2a: Gholdengo\n|-damage|p2a: Gholdengo|78\/100\n|-unboost|p2a: Gholdengo|spa|1\n|\n|-heal|p2a: Gholdengo|84\/100|[from] item: Leftovers\n|upkeep\n|turn|9\n|\n|t:|1700522898\n|switch|p1a: Gastrodon|Gastrodon-East, F|100\/100\n|-damage|p1a: Gastrodon|94\/100|[from] Stealth Rock\n|-damage|p1a: Gastrodon|82\/100|[from] Spikes\n|move|p2a: Gholdengo|Make It Rain|p1a: Gastrodon\n|-resisted|p1a: Gastrodon\n|-damage|p1a: Gastrodon|69\/100\n|-unboost|p2a: Gholdengo|spa|1\n|\n|-heal|p2a: Gholdengo|90\/100|[from] item: Leftovers\n|-heal|p1a: Gastrodon|75\/100|[from] item: Leftovers\n|upkeep\n|turn|10\n|inactive|Kiky14 has 120 seconds left.\n|\n|t:|1700522917\n|switch|p2a: Rillaboom|Rillaboom, M|100\/100\n|-fieldstart|move: Grassy Terrain|[from] ability: Grassy Surge|[of] p2a: Rillaboom\n|move|p1a: Gastrodon|Yawn|p2a: Rillaboom\n|-start|p2a: Rillaboom|move: Yawn|[of] p1a: Gastrodon\n|\n|-heal|p1a: Gastrodon|81\/100|[from] Grassy Terrain\n|-heal|p1a: Gastrodon|87\/100|[from] item: Leftovers\n|upkeep\n|turn|11\n|inactive|Kiky14 has 120 seconds left.\n|\n|t:|1700522937\n|move|p2a: Rillaboom|U-turn|p1a: Gastrodon\n|-damage|p1a: Gastrodon|49\/100\n|\n|t:|1700522946\n|switch|p2a: Gholdengo|Gholdengo|90\/100|[from] U-turn\n|move|p1a: Gastrodon|Surf|p2a: Gholdengo\n|-damage|p2a: Gholdengo|60\/100\n|\n|-heal|p2a: Gholdengo|66\/100|[from] Grassy Terrain\n|-heal|p2a: Gholdengo|72\/100|[from] item: Leftovers\n|-heal|p1a: Gastrodon|55\/100|[from] Grassy Terrain\n|-heal|p1a: Gastrodon|61\/100|[from] item: Leftovers\n|upkeep\n|turn|12\n|inactive|Kiky14 has 120 seconds left.\n|\n|t:|1700522953\n|move|p2a: Gholdengo|Nasty Plot|p2a: Gholdengo\n|-boost|p2a: Gholdengo|spa|2\n|move|p1a: Gastrodon|Earth Power|p2a: Gholdengo\n|-supereffective|p2a: Gholdengo\n|-damage|p2a: Gholdengo|17\/100\n|\n|-heal|p2a: Gholdengo|23\/100|[from] Grassy Terrain\n|-heal|p2a: Gholdengo|29\/100|[from] item: Leftovers\n|-heal|p1a: Gastrodon|67\/100|[from] Grassy Terrain\n|-heal|p1a: Gastrodon|74\/100|[from] item: Leftovers\n|upkeep\n|turn|13\n|\n|t:|1700522960\n|move|p2a: Gholdengo|Make It Rain|p1a: Gastrodon\n|-resisted|p1a: Gastrodon\n|-damage|p1a: Gastrodon|34\/100\n|-unboost|p2a: Gholdengo|spa|1\n|move|p1a: Gastrodon|Earth Power|p2a: Gholdengo\n|-supereffective|p2a: Gholdengo\n|-damage|p2a: Gholdengo|0 fnt\n|faint|p2a: Gholdengo\n|\n|-heal|p1a: Gastrodon|40\/100|[from] Grassy Terrain\n|-heal|p1a: Gastrodon|46\/100|[from] item: Leftovers\n|upkeep\n|\n|t:|1700522979\n|switch|p2a: Rillaboom|Rillaboom, M|100\/100\n|turn|14\n|\n|t:|1700522985\n|move|p2a: Rillaboom|Grassy Glide|p1a: Gastrodon\n|-supereffective|p1a: Gastrodon\n|-damage|p1a: Gastrodon|0 fnt\n|faint|p1a: Gastrodon\n|\n|-fieldend|move: Grassy Terrain\n|upkeep\n|inactive|Kiky14 has 120 seconds left.\n|\n|t:|1700523025\n|switch|p1a: Iron Moth|Iron Moth|100\/100\n|-damage|p1a: Iron Moth|76\/100|[from] Stealth Rock\n|-damage|p1a: Iron Moth|63\/100|[from] Spikes\n|-enditem|p1a: Iron Moth|Booster Energy\n|-activate|p1a: Iron Moth|ability: Quark Drive|[fromitem]\n|-start|p1a: Iron Moth|quarkdrivespe\n|turn|15\n|inactive|Kiky14 has 120 seconds left.\n|\n|t:|1700523039\n|switch|p2a: Dragapult|Dragapult, F|97\/100\n|move|p1a: Iron Moth|Substitute|p1a: Iron Moth\n|-start|p1a: Iron Moth|Substitute\n|-damage|p1a: Iron Moth|39\/100\n|\n|upkeep\n|turn|16\n|\n|t:|1700523054\n|-terastallize|p2a: Dragapult|Steel\n|move|p1a: Iron Moth|Fiery Dance|p2a: Dragapult\n|-supereffective|p2a: Dragapult\n|-damage|p2a: Dragapult|0 fnt\n|-boost|p1a: Iron Moth|spa|1\n|faint|p2a: Dragapult\n|\n|upkeep\n|c|\u2606Kiky14|Gg\n|-message|deathprofessor21 forfeited.\n|\n|win|Kiky14\n|raw|Kiky14's rating: 1505 &rarr; <strong>1524<\/strong><br \/>(+19 for winning)\n|raw|deathprofessor21's rating: 1495 &rarr; <strong>1476<\/strong><br \/>(-19 for losing)\n|l|\u2606deathprofessor21\n","uploadtime":1700523122,"views":5,"p1id":"kiky14","p2id":"deathprofessor21","formatid":"gen9ou","rating":1476,"private":0,"password":""}