{"id":"gen9ou-1994278503","p1":"Poison Ivy Thorns","p2":"patamons","format":"[Gen 9] OU","log":"|j|\u2606Poison Ivy Thorns\n|j|\u2606patamons\n|t:|1700426363\n|gametype|singles\n|player|p1|Poison Ivy Thorns|ethan-gen2|1367\n|player|p2|patamons|170|1258\n|teamsize|p1|6\n|teamsize|p2|6\n|gen|9\n|tier|[Gen 9] OU\n|rated|\n|rule|Sleep Clause Mod: Limit one foe put to sleep\n|rule|Species Clause: Limit one of each Pok\u00e9mon\n|rule|OHKO Clause: OHKO moves are banned\n|rule|Evasion Items Clause: Evasion items are banned\n|rule|Evasion Moves Clause: Evasion moves are banned\n|rule|Endless Battle Clause: Forcing endless battles is banned\n|rule|HP Percentage Mod: HP is shown in percentages\n|clearpoke\n|poke|p1|Okidogi, M|\n|poke|p1|Rotom-Wash|\n|poke|p1|Kingambit, F|\n|poke|p1|Great Tusk|\n|poke|p1|Iron Moth|\n|poke|p1|Salamence, M|\n|poke|p2|Tyranitar, M|\n|poke|p2|Kleavor, M|\n|poke|p2|Glimmora, F|\n|poke|p2|Arcanine-Hisui, M|\n|poke|p2|Ogerpon-Cornerstone, F|\n|poke|p2|Garganacl, F|\n|teampreview\n|inactive|Battle timer is ON: inactive players will automatically lose when time's up. (requested by Poison Ivy Thorns)\n|inactive|Poison Ivy Thorns has 120 seconds left.\n|\n|t:|1700426421\n|start\n|switch|p1a: Great Tusk|Great Tusk|100\/100\n|switch|p2a: Glimmora|Glimmora, F|100\/100\n|turn|1\n|\n|t:|1700426430\n|move|p2a: Glimmora|Spiky Shield|p2a: Glimmora\n|-singleturn|p2a: Glimmora|move: Protect\n|move|p1a: Great Tusk|Earthquake|p2a: Glimmora\n|-activate|p2a: Glimmora|move: Protect\n|\n|upkeep\n|turn|2\n|\n|t:|1700426435\n|move|p1a: Great Tusk|Earthquake|p2a: Glimmora\n|-supereffective|p2a: Glimmora\n|-enditem|p2a: Glimmora|Focus Sash\n|-damage|p2a: Glimmora|1\/100\n|-activate|p2a: Glimmora|ability: Toxic Debris\n|-sidestart|p1: Poison Ivy Thorns|move: Toxic Spikes\n|move|p2a: Glimmora|Energy Ball|p1a: Great Tusk\n|-supereffective|p1a: Great Tusk\n|-damage|p1a: Great Tusk|19\/100\n|\n|-heal|p1a: Great Tusk|25\/100|[from] item: Leftovers\n|upkeep\n|turn|3\n|\n|t:|1700426445\n|move|p2a: Glimmora|Spiky Shield|p2a: Glimmora\n|-singleturn|p2a: Glimmora|move: Protect\n|move|p1a: Great Tusk|Rapid Spin|p2a: Glimmora\n|-activate|p2a: Glimmora|move: Protect\n|-damage|p1a: Great Tusk|13\/100|[from] Spiky Shield|[of] p2a: Glimmora\n|\n|-heal|p1a: Great Tusk|19\/100|[from] item: Leftovers\n|upkeep\n|turn|4\n|\n|t:|1700426467\n|move|p1a: Great Tusk|Rapid Spin|p2a: Glimmora\n|-resisted|p2a: Glimmora\n|-damage|p2a: Glimmora|0 fnt\n|-boost|p1a: Great Tusk|spe|1\n|-activate|p2a: Glimmora|ability: Toxic Debris\n|-sidestart|p1: Poison Ivy Thorns|move: Toxic Spikes\n|-sideend|p1: Poison Ivy Thorns|Toxic Spikes|[from] move: Rapid Spin|[of] p1a: Great Tusk\n|faint|p2a: Glimmora\n|\n|-heal|p1a: Great Tusk|25\/100|[from] item: Leftovers\n|upkeep\n|\n|t:|1700426472\n|switch|p2a: Garganacl|Garganacl, F|100\/100\n|turn|5\n|\n|t:|1700426493\n|-terastallize|p2a: Garganacl|Ghost\n|move|p1a: Great Tusk|Stealth Rock|p2a: Garganacl\n|-sidestart|p2: patamons|move: Stealth Rock\n|move|p2a: Garganacl|Iron Defense|p2a: Garganacl\n|-boost|p2a: Garganacl|def|2\n|\n|-heal|p1a: Great Tusk|31\/100|[from] item: Leftovers\n|upkeep\n|turn|6\n|\n|t:|1700426501\n|-end|p1a: Great Tusk|Protosynthesis|[silent]\n|switch|p1a: Rotom|Rotom-Wash|100\/100\n|move|p2a: Garganacl|Salt Cure|p1a: Rotom\n|-damage|p1a: Rotom|81\/100\n|-start|p1a: Rotom|Salt Cure\n|\n|-damage|p1a: Rotom|57\/100|[from] Salt Cure\n|upkeep\n|turn|7\n|\n|t:|1700426516\n|move|p1a: Rotom|Trick|p2a: Garganacl\n|-activate|p1a: Rotom|move: Trick|[of] p2a: Garganacl\n|-item|p2a: Garganacl|Choice Scarf|[from] move: Trick\n|-item|p1a: Rotom|Leftovers|[from] move: Trick\n|move|p2a: Garganacl|Iron Defense|p2a: Garganacl\n|-boost|p2a: Garganacl|def|2\n|\n|-heal|p1a: Rotom|63\/100|[from] item: Leftovers\n|-damage|p1a: Rotom|38\/100|[from] Salt Cure\n|upkeep\n|turn|8\n|\n|t:|1700426529\n|switch|p2a: Kleavor|Kleavor, M|100\/100\n|-damage|p2a: Kleavor|76\/100|[from] Stealth Rock\n|move|p1a: Rotom|Volt Switch|p2a: Kleavor\n|-damage|p2a: Kleavor|25\/100\n|\n|t:|1700426534\n|switch|p1a: Great Tusk|Great Tusk|31\/100|[from] Volt Switch\n|\n|-heal|p1a: Great Tusk|38\/100|[from] item: Leftovers\n|upkeep\n|turn|9\n|\n|t:|1700426538\n|move|p2a: Kleavor|Defog|p1a: Great Tusk\n|-unboost|p1a: Great Tusk|evasion|1\n|-sideend|p2: patamons|Stealth Rock|[from] move: Defog|[of] p2a: Kleavor\n|move|p1a: Great Tusk|Knock Off|p2a: Kleavor\n|-damage|p2a: Kleavor|0 fnt\n|-enditem|p2a: Kleavor|Choice Scarf|[from] move: Knock Off|[of] p1a: Great Tusk\n|faint|p2a: Kleavor\n|\n|-heal|p1a: Great Tusk|44\/100|[from] item: Leftovers\n|upkeep\n|\n|t:|1700426543\n|switch|p2a: Garganacl|Garganacl, F, tera:Ghost|100\/100\n|turn|10\n|\n|t:|1700426546\n|move|p1a: Great Tusk|Knock Off|p2a: Garganacl\n|-supereffective|p2a: Garganacl\n|-damage|p2a: Garganacl|54\/100\n|-enditem|p2a: Garganacl|Choice Scarf|[from] move: Knock Off|[of] p1a: Great Tusk\n|move|p2a: Garganacl|Body Press|p1a: Great Tusk\n|-damage|p1a: Great Tusk|29\/100\n|\n|-heal|p1a: Great Tusk|35\/100|[from] item: Leftovers\n|upkeep\n|turn|11\n|\n|t:|1700426557\n|-end|p1a: Great Tusk|Protosynthesis|[silent]\n|switch|p1a: Kingambit|Kingambit, F|100\/100\n|move|p2a: Garganacl|Iron Defense|p2a: Garganacl\n|-boost|p2a: Garganacl|def|2\n|\n|upkeep\n|turn|12\n|\n|t:|1700426566\n|move|p1a: Kingambit|Kowtow Cleave|p2a: Garganacl\n|-supereffective|p2a: Garganacl\n|-damage|p2a: Garganacl|5\/100\n|move|p2a: Garganacl|Recover|p2a: Garganacl\n|-heal|p2a: Garganacl|55\/100\n|\n|upkeep\n|turn|13\n|\n|t:|1700426573\n|-terastallize|p1a: Kingambit|Dark\n|move|p1a: Kingambit|Kowtow Cleave|p2a: Garganacl\n|-supereffective|p2a: Garganacl\n|-damage|p2a: Garganacl|0 fnt\n|faint|p2a: Garganacl\n|\n|upkeep\n|\n|t:|1700426578\n|switch|p2a: Arcanine|Arcanine-Hisui, M|100\/100\n|-ability|p2a: Arcanine|Intimidate|boost\n|-unboost|p1a: Kingambit|atk|1\n|-ability|p1a: Kingambit|Defiant|boost\n|-boost|p1a: Kingambit|atk|2\n|turn|14\n|\n|t:|1700426582\n|move|p2a: Arcanine|Flare Blitz|p1a: Kingambit\n|-damage|p1a: Kingambit|27\/100\n|-damage|p2a: Arcanine|71\/100|[from] Recoil\n|move|p1a: Kingambit|Kowtow Cleave|p2a: Arcanine\n|-damage|p2a: Arcanine|0 fnt\n|faint|p2a: Arcanine\n|\n|upkeep\n|\n|t:|1700426587\n|switch|p2a: Tyranitar|Tyranitar, M|100\/100\n|-weather|Sandstorm|[from] ability: Sand Stream|[of] p2a: Tyranitar\n|turn|15\n|\n|t:|1700426592\n|move|p2a: Tyranitar|Dragon Dance|p2a: Tyranitar\n|-boost|p2a: Tyranitar|atk|1\n|-boost|p2a: Tyranitar|spe|1\n|move|p1a: Kingambit|Kowtow Cleave|p2a: Tyranitar\n|-resisted|p2a: Tyranitar\n|-damage|p2a: Tyranitar|36\/100\n|\n|-weather|Sandstorm|[upkeep]\n|-damage|p1a: Kingambit|21\/100|[from] Sandstorm\n|upkeep\n|turn|16\n|\n|t:|1700426597\n|move|p2a: Tyranitar|Earthquake|p1a: Kingambit\n|-damage|p1a: Kingambit|0 fnt\n|faint|p1a: Kingambit\n|\n|-weather|Sandstorm|[upkeep]\n|upkeep\n|\n|t:|1700426612\n|switch|p1a: Iron Moth|Iron Moth|100\/100\n|-enditem|p1a: Iron Moth|Booster Energy\n|-activate|p1a: Iron Moth|ability: Quark Drive|[fromitem]\n|-start|p1a: Iron Moth|quarkdrivespe\n|turn|17\n|\n|t:|1700426619\n|move|p1a: Iron Moth|Dazzling Gleam|p2a: Tyranitar\n|-supereffective|p2a: Tyranitar\n|-damage|p2a: Tyranitar|0 fnt\n|faint|p2a: Tyranitar\n|\n|-weather|Sandstorm|[upkeep]\n|-damage|p1a: Iron Moth|95\/100|[from] Sandstorm\n|upkeep\n|\n|t:|1700426621\n|switch|p2a: Ogerpon|Ogerpon-Cornerstone, F|100\/100\n|turn|18\n|\n|t:|1700426628\n|move|p1a: Iron Moth|Sludge Wave|p2a: Ogerpon\n|-damage|p2a: Ogerpon|66\/100\n|move|p2a: Ogerpon|Focus Energy|p2a: Ogerpon\n|-start|p2a: Ogerpon|move: Focus Energy\n|\n|-weather|Sandstorm|[upkeep]\n|-damage|p1a: Iron Moth|89\/100|[from] Sandstorm\n|upkeep\n|turn|19\n|\n|t:|1700426637\n|move|p1a: Iron Moth|Sludge Wave|p2a: Ogerpon\n|-damage|p2a: Ogerpon|31\/100\n|move|p2a: Ogerpon|Ivy Cudgel|p1a: Iron Moth|[anim] Ivy Cudgel Rock\n|-supereffective|p1a: Iron Moth\n|-crit|p1a: Iron Moth\n|-damage|p1a: Iron Moth|0 fnt\n|faint|p1a: Iron Moth\n|-end|p1a: Iron Moth|Quark Drive|[silent]\n|\n|-weather|none\n|upkeep\n|\n|t:|1700426646\n|switch|p1a: Okidogi|Okidogi, M|100\/100\n|turn|20\n|\n|t:|1700426650\n|move|p2a: Ogerpon|Ivy Cudgel|p1a: Okidogi|[anim] Ivy Cudgel Rock\n|-resisted|p1a: Okidogi\n|-crit|p1a: Okidogi\n|-damage|p1a: Okidogi|60\/100\n|move|p1a: Okidogi|Close Combat|p2a: Ogerpon\n|-supereffective|p2a: Ogerpon\n|-damage|p2a: Ogerpon|0 fnt\n|-unboost|p1a: Okidogi|def|1\n|-unboost|p1a: Okidogi|spd|1\n|faint|p2a: Ogerpon\n|\n|win|Poison Ivy Thorns\n|raw|Poison Ivy Thorns's rating: 1367 &rarr; <strong>1381<\/strong><br \/>(+14 for winning)\n|raw|patamons's rating: 1258 &rarr; <strong>1241<\/strong><br \/>(-17 for losing)\n|l|\u2606patamons\n","uploadtime":1700426656,"views":7,"p1id":"poisonivythorns","p2id":"patamons","formatid":"gen9ou","rating":1241,"private":0,"password":""}