{"id":"gen9ou-1999978518","p1":"adocks3","p2":"withez","format":"[Gen 9] OU","log":"|j|\u2606adocks3\n|j|\u2606withez\n|t:|1701136978\n|gametype|singles\n|player|p1|adocks3|hilbert-wonderlauncher|1000\n|player|p2|withez|riley|1011\n|teamsize|p1|6\n|teamsize|p2|6\n|gen|9\n|tier|[Gen 9] OU\n|rated|\n|rule|Sleep Clause Mod: Limit one foe put to sleep\n|rule|Species Clause: Limit one of each Pok\u00e9mon\n|rule|OHKO Clause: OHKO moves are banned\n|rule|Evasion Items Clause: Evasion items are banned\n|rule|Evasion Moves Clause: Evasion moves are banned\n|rule|Endless Battle Clause: Forcing endless battles is banned\n|rule|HP Percentage Mod: HP is shown in percentages\n|clearpoke\n|poke|p1|Mienshao, F|\n|poke|p1|Gholdengo|\n|poke|p1|Dragapult, M|\n|poke|p1|Rillaboom, F|\n|poke|p1|Garchomp, F|\n|poke|p1|Skeledirge, F|\n|poke|p2|Bronzong|\n|poke|p2|Ceruledge, F|\n|poke|p2|Alomomola, M|\n|poke|p2|Ninetales-Alola, M|\n|poke|p2|Rotom-Wash|\n|poke|p2|Masquerain, M|\n|teampreview\n|\n|t:|1701136989\n|start\n|switch|p1a: Garchomp|Garchomp, F|100\/100\n|switch|p2a: Ninetales|Ninetales-Alola, M|100\/100\n|-weather|Snow|[from] ability: Snow Warning|[of] p2a: Ninetales\n|turn|1\n|\n|t:|1701136998\n|move|p2a: Ninetales|Aurora Veil|p2a: Ninetales\n|-sidestart|p2: withez|move: Aurora Veil\n|move|p1a: Garchomp|Stealth Rock|p2a: Ninetales\n|-sidestart|p2: withez|move: Stealth Rock\n|\n|-weather|Snow|[upkeep]\n|upkeep\n|turn|2\n|\n|t:|1701137006\n|move|p2a: Ninetales|Moonblast|p1a: Garchomp\n|-supereffective|p1a: Garchomp\n|-damage|p1a: Garchomp|44\/100\n|-unboost|p1a: Garchomp|spa|1\n|move|p1a: Garchomp|Spikes|p2a: Ninetales\n|-sidestart|p2: withez|Spikes\n|\n|-weather|Snow|[upkeep]\n|upkeep\n|turn|3\n|\n|t:|1701137016\n|move|p2a: Ninetales|Moonblast|p1a: Garchomp\n|-supereffective|p1a: Garchomp\n|-damage|p1a: Garchomp|0 fnt\n|faint|p1a: Garchomp\n|\n|-weather|Snow|[upkeep]\n|upkeep\n|\n|t:|1701137027\n|switch|p1a: Rillaboom|Rillaboom, F|100\/100\n|-fieldstart|move: Grassy Terrain|[from] ability: Grassy Surge|[of] p1a: Rillaboom\n|turn|4\n|\n|t:|1701137035\n|switch|p2a: Ceruledge|Ceruledge, F|100\/100\n|-damage|p2a: Ceruledge|76\/100|[from] Stealth Rock\n|-damage|p2a: Ceruledge|63\/100|[from] Spikes\n|move|p1a: Rillaboom|Fake Out|p2a: Ceruledge\n|-immune|p2a: Ceruledge\n|\n|-weather|Snow|[upkeep]\n|-heal|p2a: Ceruledge|70\/100|[from] Grassy Terrain\n|upkeep\n|turn|5\n|\n|t:|1701137049\n|move|p1a: Rillaboom|High Horsepower|p2a: Ceruledge\n|-supereffective|p2a: Ceruledge\n|-damage|p2a: Ceruledge|23\/100\n|-ability|p2a: Ceruledge|Weak Armor|boost\n|-unboost|p2a: Ceruledge|def|1\n|-boost|p2a: Ceruledge|spe|2\n|move|p2a: Ceruledge|Bitter Blade|p1a: Rillaboom\n|-supereffective|p1a: Rillaboom\n|-damage|p1a: Rillaboom|0 fnt\n|-heal|p2a: Ceruledge|82\/100|[from] drain|[of] p1a: Rillaboom\n|faint|p1a: Rillaboom\n|\n|-weather|none\n|-heal|p2a: Ceruledge|88\/100|[from] Grassy Terrain\n|-sideend|p2: withez|move: Aurora Veil\n|upkeep\n|\n|t:|1701137069\n|switch|p1a: Mienshao|Mienshao, F|100\/100\n|turn|6\n|\n|t:|1701137075\n|move|p2a: Ceruledge|Poltergeist|p1a: Mienshao\n|-activate|p1a: Mienshao|move: Poltergeist|Assault Vest\n|-damage|p1a: Mienshao|0 fnt\n|faint|p1a: Mienshao\n|\n|-heal|p2a: Ceruledge|94\/100|[from] Grassy Terrain\n|upkeep\n|\n|t:|1701137103\n|switch|p1a: Skeledirge|Skeledirge, F|100\/100\n|turn|7\n|\n|t:|1701137115\n|-terastallize|p1a: Skeledirge|Fairy\n|move|p2a: Ceruledge|Swords Dance|p2a: Ceruledge\n|-boost|p2a: Ceruledge|atk|2\n|move|p1a: Skeledirge|Shadow Ball|p2a: Ceruledge\n|-supereffective|p2a: Ceruledge\n|-damage|p2a: Ceruledge|24\/100\n|\n|-heal|p2a: Ceruledge|30\/100|[from] Grassy Terrain\n|upkeep\n|turn|8\n|\n|t:|1701137129\n|move|p2a: Ceruledge|Close Combat|p1a: Skeledirge\n|-resisted|p1a: Skeledirge\n|-damage|p1a: Skeledirge|83\/100\n|-unboost|p2a: Ceruledge|def|1\n|-unboost|p2a: Ceruledge|spd|1\n|move|p1a: Skeledirge|Shadow Ball|p2a: Ceruledge\n|-supereffective|p2a: Ceruledge\n|-damage|p2a: Ceruledge|0 fnt\n|faint|p2a: Ceruledge\n|\n|-heal|p1a: Skeledirge|90\/100|[from] Grassy Terrain\n|-fieldend|move: Grassy Terrain\n|upkeep\n|\n|t:|1701137143\n|switch|p2a: Bronzong|Bronzong|100\/100\n|-damage|p2a: Bronzong|94\/100|[from] Stealth Rock\n|turn|9\n|\n|t:|1701137152\n|move|p1a: Skeledirge|Torch Song|p2a: Bronzong\n|-supereffective|p2a: Bronzong\n|-damage|p2a: Bronzong|39\/100\n|-boost|p1a: Skeledirge|spa|1\n|move|p2a: Bronzong|Psychic Terrain|p2a: Bronzong\n|-fieldstart|move: Psychic Terrain\n|\n|upkeep\n|turn|10\n|\n|t:|1701137163\n|move|p1a: Skeledirge|Torch Song|p2a: Bronzong\n|-supereffective|p2a: Bronzong\n|-damage|p2a: Bronzong|0 fnt\n|-boost|p1a: Skeledirge|spa|1\n|faint|p2a: Bronzong\n|\n|upkeep\n|\n|t:|1701137170\n|switch|p2a: Alomomola|Alomomola, M|100\/100\n|-damage|p2a: Alomomola|88\/100|[from] Stealth Rock\n|-damage|p2a: Alomomola|76\/100|[from] Spikes\n|turn|11\n|\n|t:|1701137177\n|move|p2a: Alomomola|Protect|p2a: Alomomola\n|-singleturn|p2a: Alomomola|Protect\n|move|p1a: Skeledirge|Shadow Ball|p2a: Alomomola\n|-activate|p2a: Alomomola|move: Protect\n|\n|upkeep\n|turn|12\n|\n|t:|1701137185\n|move|p1a: Skeledirge|Shadow Ball|p2a: Alomomola\n|-damage|p2a: Alomomola|3\/100\n|move|p2a: Alomomola|Scald|p1a: Skeledirge\n|-damage|p1a: Skeledirge|79\/100\n|-status|p1a: Skeledirge|brn\n|\n|-damage|p1a: Skeledirge|73\/100 brn|[from] brn\n|upkeep\n|turn|13\n|\n|t:|1701137197\n|move|p1a: Skeledirge|Shadow Ball|p2a: Alomomola\n|-damage|p2a: Alomomola|0 fnt\n|faint|p2a: Alomomola\n|\n|-damage|p1a: Skeledirge|67\/100 brn|[from] brn\n|-fieldend|move: Psychic Terrain\n|upkeep\n|\n|t:|1701137205\n|switch|p2a: Masquerain|Masquerain, M|100\/100\n|-damage|p2a: Masquerain|51\/100|[from] Stealth Rock\n|-ability|p2a: Masquerain|Intimidate|boost\n|-unboost|p1a: Skeledirge|atk|1\n|turn|14\n|\n|t:|1701137218\n|move|p2a: Masquerain|Stun Spore||[still]\n|-fail|p2a: Masquerain\n|move|p1a: Skeledirge|Torch Song|p2a: Masquerain\n|-supereffective|p2a: Masquerain\n|-damage|p2a: Masquerain|0 fnt\n|-boost|p1a: Skeledirge|spa|1\n|faint|p2a: Masquerain\n|\n|-damage|p1a: Skeledirge|61\/100 brn|[from] brn\n|upkeep\n|\n|t:|1701137229\n|switch|p2a: Rotom|Rotom-Wash|100\/100\n|-damage|p2a: Rotom|88\/100|[from] Stealth Rock\n|turn|15\n|\n|t:|1701137237\n|move|p2a: Rotom|Trick|p1a: Skeledirge\n|-activate|p2a: Rotom|move: Trick|[of] p1a: Skeledirge\n|-item|p1a: Skeledirge|Choice Scarf|[from] move: Trick\n|-item|p2a: Rotom|Heavy-Duty Boots|[from] move: Trick\n|move|p1a: Skeledirge|Shadow Ball|p2a: Rotom\n|-damage|p2a: Rotom|0 fnt\n|faint|p2a: Rotom\n|\n|-damage|p1a: Skeledirge|55\/100 brn|[from] brn\n|upkeep\n|\n|t:|1701137248\n|switch|p2a: Ninetales|Ninetales-Alola, M|100\/100\n|-damage|p2a: Ninetales|76\/100|[from] Stealth Rock\n|-damage|p2a: Ninetales|64\/100|[from] Spikes\n|-weather|Snow|[from] ability: Snow Warning|[of] p2a: Ninetales\n|turn|16\n|\n|t:|1701137257\n|move|p2a: Ninetales|Blizzard|p1a: Skeledirge\n|-damage|p1a: Skeledirge|25\/100 brn\n|move|p1a: Skeledirge|Shadow Ball|p2a: Ninetales\n|-damage|p2a: Ninetales|0 fnt\n|faint|p2a: Ninetales\n|\n|win|adocks3\n|raw|adocks3's rating: 1000 &rarr; <strong>1041<\/strong><br \/>(+41 for winning)\n|raw|withez's rating: 1011 &rarr; <strong>1000<\/strong><br \/>(-11 for losing)\n|l|\u2606withez\n","uploadtime":1701137274,"views":14,"p1id":"adocks3","p2id":"withez","formatid":"gen9ou","rating":1000,"private":0,"password":""}