{"id":"gen9ou-1990301610","p1":"andy1510","p2":"chemicalempire","format":"[Gen 9] OU","log":"|j|\u2606andy1510\n|j|\u2606chemicalempire\n|t:|1699953383\n|gametype|singles\n|player|p1|andy1510|youngster-gen4dp|1507\n|player|p2|chemicalempire|169|1539\n|teamsize|p1|6\n|teamsize|p2|6\n|gen|9\n|tier|[Gen 9] OU\n|rated|\n|rule|Sleep Clause Mod: Limit one foe put to sleep\n|rule|Species Clause: Limit one of each Pok\u00e9mon\n|rule|OHKO Clause: OHKO moves are banned\n|rule|Evasion Items Clause: Evasion items are banned\n|rule|Evasion Moves Clause: Evasion moves are banned\n|rule|Endless Battle Clause: Forcing endless battles is banned\n|rule|HP Percentage Mod: HP is shown in percentages\n|clearpoke\n|poke|p1|Slowking-Galar, F|\n|poke|p1|Alomomola, F|\n|poke|p1|Goodra-Hisui, M|\n|poke|p1|Cyclizar, M|\n|poke|p1|Skeledirge, F|\n|poke|p1|Mamoswine, M|\n|poke|p2|Zamazenta-*|\n|poke|p2|Kingambit, F|\n|poke|p2|Glimmora, F|\n|poke|p2|Iron Valiant|\n|poke|p2|Iron Moth|\n|poke|p2|Ogerpon-Wellspring, F|\n|teampreview\n|inactive|Battle timer is ON: inactive players will automatically lose when time's up. (requested by andy1510)\n|\n|t:|1699953398\n|start\n|switch|p1a: Goodra|Goodra-Hisui, M|100\/100\n|switch|p2a: Glimmora|Glimmora, F|100\/100\n|turn|1\n|\n|t:|1699953412\n|move|p2a: Glimmora|Stealth Rock|p1a: Goodra\n|-sidestart|p1: andy1510|move: Stealth Rock\n|move|p1a: Goodra|Flash Cannon|p2a: Glimmora\n|-supereffective|p2a: Glimmora\n|-enditem|p2a: Glimmora|Focus Sash\n|-damage|p2a: Glimmora|1\/100\n|\n|upkeep\n|turn|2\n|\n|t:|1699953419\n|move|p2a: Glimmora|Earth Power|p1a: Goodra\n|-supereffective|p1a: Goodra\n|-damage|p1a: Goodra|73\/100\n|move|p1a: Goodra|Flash Cannon|p2a: Glimmora\n|-supereffective|p2a: Glimmora\n|-damage|p2a: Glimmora|0 fnt\n|faint|p2a: Glimmora\n|\n|upkeep\n|\n|t:|1699953425\n|switch|p2a: Zamazenta|Zamazenta|100\/100\n|-ability|p2a: Zamazenta|Dauntless Shield|boost\n|-boost|p2a: Zamazenta|def|1\n|turn|3\n|\n|t:|1699953433\n|switch|p1a: Slowking|Slowking-Galar, F|100\/100\n|-damage|p1a: Slowking|88\/100|[from] Stealth Rock\n|move|p2a: Zamazenta|Body Press|p1a: Slowking\n|-resisted|p1a: Slowking\n|-damage|p1a: Slowking|75\/100\n|\n|-heal|p1a: Slowking|81\/100|[from] item: Leftovers\n|upkeep\n|turn|4\n|\n|t:|1699953436\n|move|p2a: Zamazenta|Crunch|p1a: Slowking\n|-supereffective|p1a: Slowking\n|-damage|p1a: Slowking|30\/100\n|-unboost|p1a: Slowking|def|1\n|move|p1a: Slowking|Toxic|p2a: Zamazenta\n|-status|p2a: Zamazenta|tox\n|\n|-heal|p1a: Slowking|36\/100|[from] item: Leftovers\n|-damage|p2a: Zamazenta|94\/100 tox|[from] psn\n|upkeep\n|turn|5\n|\n|t:|1699953447\n|switch|p2a: Ogerpon|Ogerpon-Wellspring, F|100\/100\n|switch|p1a: Alomomola|Alomomola, F|100\/100\n|-damage|p1a: Alomomola|88\/100|[from] Stealth Rock\n|\n|-heal|p1a: Alomomola|94\/100|[from] item: Leftovers\n|upkeep\n|turn|6\n|\n|t:|1699953457\n|move|p2a: Ogerpon|Power Whip|p1a: Alomomola\n|-supereffective|p1a: Alomomola\n|-damage|p1a: Alomomola|25\/100\n|move|p1a: Alomomola|Wish|p1a: Alomomola\n|\n|-heal|p1a: Alomomola|31\/100|[from] item: Leftovers\n|upkeep\n|turn|7\n|\n|t:|1699953465\n|switch|p1a: Goodra|Goodra-Hisui, M|73\/100\n|-damage|p1a: Goodra|67\/100|[from] Stealth Rock\n|move|p2a: Ogerpon|Swords Dance|p2a: Ogerpon\n|-boost|p2a: Ogerpon|atk|2\n|\n|-heal|p1a: Goodra|100\/100|[from] move: Wish|[wisher] Alomomola\n|upkeep\n|turn|8\n|\n|t:|1699953478\n|move|p2a: Ogerpon|Knock Off|p1a: Goodra\n|-damage|p1a: Goodra|34\/100\n|-enditem|p1a: Goodra|Assault Vest|[from] move: Knock Off|[of] p2a: Ogerpon\n|move|p1a: Goodra|Ice Beam|p2a: Ogerpon\n|-damage|p2a: Ogerpon|62\/100\n|\n|upkeep\n|turn|9\n|inactive|chemicalempire has 120 seconds left.\n|\n|t:|1699953511\n|move|p2a: Ogerpon|Knock Off|p1a: Goodra\n|-damage|p1a: Goodra|0 fnt\n|faint|p1a: Goodra\n|\n|upkeep\n|\n|t:|1699953521\n|switch|p1a: Skeledirge|Skeledirge, F|100\/100\n|turn|10\n|\n|t:|1699953533\n|-terastallize|p1a: Skeledirge|Dark\n|move|p2a: Ogerpon|Ivy Cudgel|p1a: Skeledirge|[anim] Ivy Cudgel Water\n|-damage|p1a: Skeledirge|57\/100\n|move|p1a: Skeledirge|Will-O-Wisp|p2a: Ogerpon\n|-status|p2a: Ogerpon|brn\n|\n|-damage|p2a: Ogerpon|56\/100 brn|[from] brn\n|upkeep\n|turn|11\n|\n|t:|1699953542\n|move|p2a: Ogerpon|Swords Dance|p2a: Ogerpon\n|-boost|p2a: Ogerpon|atk|2\n|move|p1a: Skeledirge|Slack Off|p1a: Skeledirge\n|-heal|p1a: Skeledirge|100\/100\n|\n|-damage|p2a: Ogerpon|50\/100 brn|[from] brn\n|upkeep\n|turn|12\n|\n|t:|1699953545\n|move|p2a: Ogerpon|Swords Dance|p2a: Ogerpon\n|-boost|p2a: Ogerpon|atk|2\n|move|p1a: Skeledirge|Torch Song|p2a: Ogerpon\n|-damage|p2a: Ogerpon|12\/100 brn\n|-boost|p1a: Skeledirge|spa|1\n|\n|-damage|p2a: Ogerpon|6\/100 brn|[from] brn\n|upkeep\n|turn|13\n|\n|t:|1699953553\n|move|p2a: Ogerpon|Ivy Cudgel|p1a: Skeledirge|[anim] Ivy Cudgel Water\n|-crit|p1a: Skeledirge\n|-damage|p1a: Skeledirge|71\/100\n|move|p1a: Skeledirge|Torch Song|p2a: Ogerpon\n|-damage|p2a: Ogerpon|0 fnt\n|-boost|p1a: Skeledirge|spa|1\n|faint|p2a: Ogerpon\n|\n|upkeep\n|\n|t:|1699953561\n|switch|p2a: Zamazenta|Zamazenta|94\/100 tox\n|turn|14\n|\n|t:|1699953565\n|move|p2a: Zamazenta|Body Press|p1a: Skeledirge\n|-supereffective|p1a: Skeledirge\n|-damage|p1a: Skeledirge|28\/100\n|move|p1a: Skeledirge|Torch Song|p2a: Zamazenta\n|-damage|p2a: Zamazenta|35\/100 tox\n|-boost|p1a: Skeledirge|spa|1\n|\n|-heal|p2a: Zamazenta|41\/100 tox|[from] item: Leftovers\n|-damage|p2a: Zamazenta|35\/100 tox|[from] psn\n|upkeep\n|turn|15\n|\n|t:|1699953575\n|switch|p1a: Slowking|Slowking-Galar, F|70\/100\n|-damage|p1a: Slowking|57\/100|[from] Stealth Rock\n|move|p2a: Zamazenta|Body Press|p1a: Slowking\n|-resisted|p1a: Slowking\n|-damage|p1a: Slowking|49\/100\n|\n|-heal|p2a: Zamazenta|41\/100 tox|[from] item: Leftovers\n|-heal|p1a: Slowking|55\/100|[from] item: Leftovers\n|-damage|p2a: Zamazenta|29\/100 tox|[from] psn\n|upkeep\n|turn|16\n|\n|t:|1699953578\n|switch|p1a: Alomomola|Alomomola, F|64\/100\n|-damage|p1a: Alomomola|52\/100|[from] Stealth Rock\n|move|p2a: Zamazenta|Crunch|p1a: Alomomola\n|-damage|p1a: Alomomola|38\/100\n|\n|-heal|p2a: Zamazenta|35\/100 tox|[from] item: Leftovers\n|-heal|p1a: Alomomola|44\/100|[from] item: Leftovers\n|-damage|p2a: Zamazenta|17\/100 tox|[from] psn\n|upkeep\n|turn|17\n|\n|t:|1699953584\n|move|p2a: Zamazenta|Body Press|p1a: Alomomola\n|-damage|p1a: Alomomola|24\/100\n|move|p1a: Alomomola|Wish|p1a: Alomomola\n|\n|-heal|p2a: Zamazenta|23\/100 tox|[from] item: Leftovers\n|-heal|p1a: Alomomola|30\/100|[from] item: Leftovers\n|-damage|p2a: Zamazenta|0 fnt|[from] psn\n|faint|p2a: Zamazenta\n|upkeep\n|\n|t:|1699953590\n|switch|p2a: Iron Valiant|Iron Valiant|100\/100\n|-enditem|p2a: Iron Valiant|Booster Energy\n|-activate|p2a: Iron Valiant|ability: Quark Drive|[fromitem]\n|-start|p2a: Iron Valiant|quarkdrivespe\n|turn|18\n|\n|t:|1699953601\n|-end|p2a: Iron Valiant|Quark Drive|[silent]\n|switch|p2a: Kingambit|Kingambit, F|100\/100\n|-activate|p2a: Kingambit|ability: Supreme Overlord\n|-start|p2a: Kingambit|fallen3|[silent]\n|switch|p1a: Slowking|Slowking-Galar, F|88\/100\n|-damage|p1a: Slowking|76\/100|[from] Stealth Rock\n|\n|-heal|p1a: Slowking|100\/100|[from] move: Wish|[wisher] Alomomola\n|upkeep\n|turn|19\n|\n|t:|1699953608\n|switch|p1a: Alomomola|Alomomola, F|64\/100\n|-damage|p1a: Alomomola|51\/100|[from] Stealth Rock\n|move|p2a: Kingambit|Kowtow Cleave|p1a: Alomomola\n|-damage|p1a: Alomomola|13\/100\n|\n|-heal|p1a: Alomomola|19\/100|[from] item: Leftovers\n|upkeep\n|turn|20\n|\n|t:|1699953615\n|move|p1a: Alomomola|Protect|p1a: Alomomola\n|-singleturn|p1a: Alomomola|Protect\n|move|p2a: Kingambit|Kowtow Cleave|p1a: Alomomola\n|-activate|p1a: Alomomola|move: Protect\n|\n|-heal|p1a: Alomomola|26\/100|[from] item: Leftovers\n|upkeep\n|turn|21\n|\n|t:|1699953621\n|switch|p1a: Skeledirge|Skeledirge, F, tera:Dark|28\/100\n|move|p2a: Kingambit|Kowtow Cleave|p1a: Skeledirge\n|-resisted|p1a: Skeledirge\n|-damage|p1a: Skeledirge|3\/100\n|\n|upkeep\n|turn|22\n|\n|t:|1699953628\n|move|p1a: Skeledirge|Slack Off|p1a: Skeledirge\n|-heal|p1a: Skeledirge|53\/100\n|move|p2a: Kingambit|Kowtow Cleave|p1a: Skeledirge\n|-resisted|p1a: Skeledirge\n|-damage|p1a: Skeledirge|28\/100\n|\n|upkeep\n|turn|23\n|\n|t:|1699953633\n|move|p1a: Skeledirge|Slack Off|p1a: Skeledirge\n|-heal|p1a: Skeledirge|78\/100\n|move|p2a: Kingambit|Brick Break|p1a: Skeledirge\n|-supereffective|p1a: Skeledirge\n|-damage|p1a: Skeledirge|26\/100\n|\n|upkeep\n|turn|24\n|\n|t:|1699953640\n|move|p1a: Skeledirge|Will-O-Wisp|p2a: Kingambit\n|-status|p2a: Kingambit|brn\n|move|p2a: Kingambit|Brick Break|p1a: Skeledirge\n|-supereffective|p1a: Skeledirge\n|-damage|p1a: Skeledirge|0 fnt\n|faint|p1a: Skeledirge\n|\n|-damage|p2a: Kingambit|94\/100 brn|[from] brn\n|upkeep\n|\n|t:|1699953647\n|switch|p1a: Alomomola|Alomomola, F|59\/100\n|-damage|p1a: Alomomola|47\/100|[from] Stealth Rock\n|turn|25\n|\n|t:|1699953651\n|-end|p2a: Kingambit|fallen3|[silent]\n|switch|p2a: Iron Moth|Iron Moth|100\/100\n|-enditem|p2a: Iron Moth|Booster Energy\n|-activate|p2a: Iron Moth|ability: Quark Drive|[fromitem]\n|-start|p2a: Iron Moth|quarkdrivespe\n|move|p1a: Alomomola|Wish|p1a: Alomomola\n|\n|-heal|p1a: Alomomola|53\/100|[from] item: Leftovers\n|upkeep\n|turn|26\n|\n|t:|1699953659\n|switch|p1a: Cyclizar|Cyclizar, M|100\/100\n|-damage|p1a: Cyclizar|88\/100|[from] Stealth Rock\n|move|p2a: Iron Moth|Fiery Dance|p1a: Cyclizar\n|-resisted|p1a: Cyclizar\n|-damage|p1a: Cyclizar|73\/100\n|-boost|p2a: Iron Moth|spa|1\n|\n|-heal|p1a: Cyclizar|100\/100|[from] move: Wish|[wisher] Alomomola\n|upkeep\n|turn|27\n|\n|t:|1699953665\n|move|p2a: Iron Moth|Dazzling Gleam|p1a: Cyclizar\n|-supereffective|p1a: Cyclizar\n|-damage|p1a: Cyclizar|40\/100\n|move|p1a: Cyclizar|Rapid Spin|p2a: Iron Moth\n|-damage|p2a: Iron Moth|68\/100\n|-boost|p1a: Cyclizar|spe|1\n|-sideend|p1: andy1510|Stealth Rock|[from] move: Rapid Spin|[of] p1a: Cyclizar\n|\n|upkeep\n|turn|28\n|\n|t:|1699953672\n|switch|p1a: Slowking|Slowking-Galar, F|100\/100\n|move|p2a: Iron Moth|Dazzling Gleam|p1a: Slowking\n|-resisted|p1a: Slowking\n|-damage|p1a: Slowking|88\/100\n|\n|-heal|p1a: Slowking|94\/100|[from] item: Leftovers\n|upkeep\n|turn|29\n|\n|t:|1699953675\n|move|p2a: Iron Moth|Substitute|p2a: Iron Moth\n|-start|p2a: Iron Moth|Substitute\n|-damage|p2a: Iron Moth|43\/100\n|move|p1a: Slowking|Future Sight|p2a: Iron Moth\n|-start|p1a: Slowking|move: Future Sight\n|\n|-heal|p1a: Slowking|99\/100|[from] item: Leftovers\n|upkeep\n|turn|30\n|\n|t:|1699953680\n|move|p2a: Iron Moth|Fiery Dance|p1a: Slowking\n|-damage|p1a: Slowking|64\/100\n|-boost|p2a: Iron Moth|spa|1\n|move|p1a: Slowking|Chilly Reception|p1a: Slowking\n|-weather|Snow\n|\n|t:|1699953683\n|switch|p1a: Cyclizar|Cyclizar, M|73\/100|[from] Chilly Reception\n|\n|-weather|Snow|[upkeep]\n|upkeep\n|turn|31\n|\n|t:|1699953690\n|-terastallize|p2a: Iron Moth|Fairy\n|move|p2a: Iron Moth|Dazzling Gleam|p1a: Cyclizar\n|-supereffective|p1a: Cyclizar\n|-damage|p1a: Cyclizar|0 fnt\n|faint|p1a: Cyclizar\n|\n|-weather|Snow|[upkeep]\n|-end|p2a: Iron Moth|move: Future Sight\n|-end|p2a: Iron Moth|Substitute\n|upkeep\n|\n|t:|1699953698\n|switch|p1a: Mamoswine|Mamoswine, M|100\/100\n|turn|32\n|\n|t:|1699953703\n|move|p1a: Mamoswine|Ice Shard|p2a: Iron Moth\n|-crit|p2a: Iron Moth\n|-damage|p2a: Iron Moth|0 fnt\n|faint|p2a: Iron Moth\n|-end|p2a: Iron Moth|Quark Drive|[silent]\n|\n|-weather|Snow|[upkeep]\n|upkeep\n|\n|t:|1699953707\n|switch|p2a: Kingambit|Kingambit, F|94\/100 brn\n|-activate|p2a: Kingambit|ability: Supreme Overlord\n|-start|p2a: Kingambit|fallen4|[silent]\n|turn|33\n|\n|t:|1699953710\n|switch|p1a: Alomomola|Alomomola, F|86\/100\n|move|p2a: Kingambit|Iron Head|p1a: Alomomola\n|-resisted|p1a: Alomomola\n|-damage|p1a: Alomomola|78\/100\n|\n|-weather|Snow|[upkeep]\n|-heal|p1a: Alomomola|84\/100|[from] item: Leftovers\n|-damage|p2a: Kingambit|88\/100 brn|[from] brn\n|upkeep\n|turn|34\n|\n|t:|1699953713\n|-end|p2a: Kingambit|fallen4|[silent]\n|switch|p2a: Iron Valiant|Iron Valiant|100\/100\n|move|p1a: Alomomola|Wish|p1a: Alomomola\n|\n|-weather|none\n|-heal|p1a: Alomomola|90\/100|[from] item: Leftovers\n|upkeep\n|turn|35\n|\n|t:|1699953718\n|switch|p1a: Slowking|Slowking-Galar, F|97\/100\n|move|p2a: Iron Valiant|Hypnosis|p1a: Slowking\n|-status|p1a: Slowking|slp|[from] move: Hypnosis\n|\n|-heal|p1a: Slowking|100\/100 slp|[from] move: Wish|[wisher] Alomomola\n|upkeep\n|turn|36\n|\n|t:|1699953723\n|move|p2a: Iron Valiant|Calm Mind|p2a: Iron Valiant\n|-boost|p2a: Iron Valiant|spa|1\n|-boost|p2a: Iron Valiant|spd|1\n|cant|p1a: Slowking|slp\n|\n|upkeep\n|turn|37\n|\n|t:|1699953726\n|move|p2a: Iron Valiant|Calm Mind|p2a: Iron Valiant\n|-boost|p2a: Iron Valiant|spa|1\n|-boost|p2a: Iron Valiant|spd|1\n|cant|p1a: Slowking|slp\n|\n|upkeep\n|turn|38\n|\n|t:|1699953728\n|move|p2a: Iron Valiant|Psyshock|p1a: Slowking\n|-damage|p1a: Slowking|43\/100 slp\n|-curestatus|p1a: Slowking|slp|[msg]\n|move|p1a: Slowking|Toxic|p2a: Iron Valiant\n|-status|p2a: Iron Valiant|tox\n|\n|-heal|p1a: Slowking|49\/100|[from] item: Leftovers\n|-damage|p2a: Iron Valiant|94\/100 tox|[from] psn\n|upkeep\n|turn|39\n|\n|t:|1699953735\n|switch|p1a: Alomomola|Alomomola, F|100\/100\n|move|p2a: Iron Valiant|Moonblast|p1a: Alomomola\n|-damage|p1a: Alomomola|0 fnt\n|faint|p1a: Alomomola\n|\n|-damage|p2a: Iron Valiant|82\/100 tox|[from] psn\n|upkeep\n|\n|t:|1699953745\n|switch|p1a: Slowking|Slowking-Galar, F|82\/100\n|turn|40\n|\n|t:|1699953756\n|move|p2a: Iron Valiant|Psyshock|p1a: Slowking\n|-damage|p1a: Slowking|25\/100\n|move|p1a: Slowking|Chilly Reception|p1a: Slowking\n|-weather|Snow\n|\n|t:|1699953760\n|switch|p1a: Mamoswine|Mamoswine, M|100\/100|[from] Chilly Reception\n|\n|-weather|Snow|[upkeep]\n|-damage|p2a: Iron Valiant|63\/100 tox|[from] psn\n|upkeep\n|turn|41\n|\n|t:|1699953776\n|switch|p1a: Slowking|Slowking-Galar, F|58\/100\n|move|p2a: Iron Valiant|Moonblast|p1a: Slowking\n|-resisted|p1a: Slowking\n|-damage|p1a: Slowking|31\/100\n|\n|-weather|Snow|[upkeep]\n|-heal|p1a: Slowking|37\/100|[from] item: Leftovers\n|-damage|p2a: Iron Valiant|38\/100 tox|[from] psn\n|upkeep\n|turn|42\n|\n|t:|1699953787\n|switch|p1a: Mamoswine|Mamoswine, M|100\/100\n|move|p2a: Iron Valiant|Moonblast|p1a: Mamoswine\n|-damage|p1a: Mamoswine|0 fnt\n|faint|p1a: Mamoswine\n|\n|-weather|Snow|[upkeep]\n|-damage|p2a: Iron Valiant|7\/100 tox|[from] psn\n|upkeep\n|c|\u2606chemicalempire|Gg\n|c|\u2606andy1510|Nice prediction.\n|c|\u2606andy1510|Good game.\n|\n|t:|1699953801\n|switch|p1a: Slowking|Slowking-Galar, F|71\/100\n|turn|43\n|\n|t:|1699953814\n|move|p2a: Iron Valiant|Psyshock|p1a: Slowking\n|-damage|p1a: Slowking|12\/100\n|move|p1a: Slowking|Chilly Reception||[still]\n|-fail|p1a: Slowking\n|\n|-weather|Snow|[upkeep]\n|-heal|p1a: Slowking|18\/100|[from] item: Leftovers\n|-damage|p2a: Iron Valiant|0 fnt|[from] psn\n|faint|p2a: Iron Valiant\n|-end|p2a: Iron Valiant|Quark Drive|[silent]\n|upkeep\n|\n|t:|1699953815\n|switch|p2a: Kingambit|Kingambit, F|88\/100 brn\n|-activate|p2a: Kingambit|ability: Supreme Overlord\n|-start|p2a: Kingambit|fallen5|[silent]\n|turn|44\n|j| Jinbishanshanshan\n|\n|t:|1699953821\n|move|p2a: Kingambit|Kowtow Cleave|p1a: Slowking\n|-supereffective|p1a: Slowking\n|-damage|p1a: Slowking|0 fnt\n|faint|p1a: Slowking\n|\n|win|chemicalempire\n|raw|andy1510's rating: 1507 &rarr; <strong>1489<\/strong><br \/>(-18 for losing)\n|raw|chemicalempire's rating: 1539 &rarr; <strong>1557<\/strong><br \/>(+18 for winning)\n","uploadtime":1699953825,"views":29,"p1id":"andy1510","p2id":"chemicalempire","formatid":"gen9ou","rating":1489,"private":0,"password":""}