{"id":"gen9ou-1991386081","p1":"Imanjoneser","p2":"panzershock","format":"[Gen 9] OU","log":"|j|\u2606Imanjoneser\n|j|\u2606panzershock\n|t:|1700072772\n|gametype|singles\n|player|p1|Imanjoneser|bugcatcher-gen4dp|1087\n|player|p2|panzershock|101|1074\n|teamsize|p1|6\n|teamsize|p2|6\n|gen|9\n|tier|[Gen 9] OU\n|rated|\n|rule|Sleep Clause Mod: Limit one foe put to sleep\n|rule|Species Clause: Limit one of each Pok\u00e9mon\n|rule|OHKO Clause: OHKO moves are banned\n|rule|Evasion Items Clause: Evasion items are banned\n|rule|Evasion Moves Clause: Evasion moves are banned\n|rule|Endless Battle Clause: Forcing endless battles is banned\n|rule|HP Percentage Mod: HP is shown in percentages\n|clearpoke\n|poke|p1|Tyranitar, F|\n|poke|p1|Dragonite, F|\n|poke|p1|Salamence, M|\n|poke|p1|Hatterene, F|\n|poke|p1|Goodra, F|\n|poke|p1|Electrode-Hisui|\n|poke|p2|Mabosstiff, F|\n|poke|p2|Gallade, M|\n|poke|p2|Iron Leaves|\n|poke|p2|Tatsugiri, M|\n|poke|p2|Kilowattrel, M|\n|poke|p2|Hydreigon, M|\n|teampreview\n|c|\u2606Imanjoneser|Nice team!\n|\n|t:|1700072811\n|start\n|switch|p1a: Electrode|Electrode-Hisui, shiny|100\/100\n|switch|p2a: Mabosstiff|Mabosstiff, F|100\/100\n|turn|1\n|\n|t:|1700072822\n|move|p1a: Electrode|Thunderbolt|p2a: Mabosstiff\n|-damage|p2a: Mabosstiff|58\/100\n|move|p2a: Mabosstiff|Play Rough|p1a: Electrode\n|-damage|p1a: Electrode|19\/100\n|\n|upkeep\n|turn|2\n|\n|t:|1700072831\n|move|p1a: Electrode|Thunderbolt|p2a: Mabosstiff\n|-damage|p2a: Mabosstiff|13\/100\n|move|p2a: Mabosstiff|Play Rough|p1a: Electrode\n|-damage|p1a: Electrode|0 fnt\n|-damage|p2a: Mabosstiff|0 fnt|[from] ability: Aftermath|[of] p1a: Electrode\n|faint|p1a: Electrode\n|faint|p2a: Mabosstiff\n|\n|upkeep\n|\n|t:|1700072843\n|switch|p1a: Hatterene|Hatterene, F, shiny|100\/100\n|switch|p2a: Gallade|Gallade, M|100\/100\n|turn|3\n|\n|t:|1700072849\n|move|p2a: Gallade|Leaf Blade|p1a: Hatterene\n|-crit|p1a: Hatterene\n|-damage|p1a: Hatterene|23\/100\n|move|p1a: Hatterene|Psychic|p2a: Gallade\n|-damage|p2a: Gallade|51\/100\n|-unboost|p2a: Gallade|spd|1\n|\n|-heal|p1a: Hatterene|29\/100|[from] item: Leftovers\n|upkeep\n|turn|4\n|\n|t:|1700072860\n|switch|p1a: Salamence|Salamence, M, shiny|100\/100\n|-ability|p1a: Salamence|Intimidate|boost\n|-unboost|p2a: Gallade|atk|1\n|move|p2a: Gallade|Psycho Cut|p1a: Salamence\n|-damage|p1a: Salamence|52\/100\n|\n|upkeep\n|turn|5\n|\n|t:|1700072869\n|move|p1a: Salamence|Dragon Dance|p1a: Salamence\n|-boost|p1a: Salamence|atk|1\n|-boost|p1a: Salamence|spe|1\n|move|p2a: Gallade|Psycho Cut|p1a: Salamence\n|-damage|p1a: Salamence|3\/100\n|\n|upkeep\n|turn|6\n|\n|t:|1700072883\n|move|p1a: Salamence|Earthquake|p2a: Gallade\n|-damage|p2a: Gallade|0 fnt\n|faint|p2a: Gallade\n|\n|upkeep\n|\n|t:|1700072889\n|switch|p2a: Iron Leaves|Iron Leaves|100\/100\n|turn|7\n|\n|t:|1700072926\n|move|p1a: Salamence|Iron Head|p2a: Iron Leaves\n|-damage|p2a: Iron Leaves|57\/100\n|cant|p2a: Iron Leaves|flinch\n|\n|upkeep\n|turn|8\n|\n|t:|1700072933\n|move|p1a: Salamence|Iron Head|p2a: Iron Leaves\n|-damage|p2a: Iron Leaves|9\/100\n|move|p2a: Iron Leaves|Psyblade|p1a: Salamence\n|-damage|p1a: Salamence|0 fnt\n|faint|p1a: Salamence\n|\n|upkeep\n|\n|t:|1700072943\n|switch|p1a: Dragonite|Dragonite, F, shiny|100\/100\n|turn|9\n|\n|t:|1700072948\n|move|p1a: Dragonite|Dragon Dance|p1a: Dragonite\n|-boost|p1a: Dragonite|atk|1\n|-boost|p1a: Dragonite|spe|1\n|move|p2a: Iron Leaves|Psyblade|p1a: Dragonite\n|-damage|p1a: Dragonite|81\/100\n|\n|-heal|p1a: Dragonite|88\/100|[from] item: Leftovers\n|upkeep\n|turn|10\n|\n|t:|1700072956\n|move|p1a: Dragonite|Fire Punch|p2a: Iron Leaves\n|-supereffective|p2a: Iron Leaves\n|-damage|p2a: Iron Leaves|0 fnt\n|faint|p2a: Iron Leaves\n|-end|p2a: Iron Leaves|Quark Drive|[silent]\n|\n|-heal|p1a: Dragonite|94\/100|[from] item: Leftovers\n|upkeep\n|\n|t:|1700072960\n|switch|p2a: Kilowattrel|Kilowattrel, M|100\/100\n|turn|11\n|\n|t:|1700072968\n|move|p1a: Dragonite|Waterfall|p2a: Kilowattrel\n|-damage|p2a: Kilowattrel|16\/100\n|move|p2a: Kilowattrel|Discharge|p1a: Dragonite\n|-damage|p1a: Dragonite|51\/100\n|\n|-heal|p1a: Dragonite|57\/100|[from] item: Leftovers\n|upkeep\n|turn|12\n|c|\u2606Imanjoneser|:0\n|\n|t:|1700072978\n|move|p1a: Dragonite|Fire Punch|p2a: Kilowattrel\n|-damage|p2a: Kilowattrel|0 fnt\n|faint|p2a: Kilowattrel\n|\n|-heal|p1a: Dragonite|63\/100|[from] item: Leftovers\n|upkeep\n|\n|t:|1700072985\n|switch|p2a: Hydreigon|Hydreigon, M|100\/100\n|turn|13\n|\n|t:|1700073011\n|-terastallize|p2a: Hydreigon|Dark\n|move|p1a: Dragonite|Waterfall|p2a: Hydreigon\n|-damage|p2a: Hydreigon|51\/100\n|move|p2a: Hydreigon|Dark Pulse|p1a: Dragonite\n|-damage|p1a: Dragonite|3\/100\n|\n|-heal|p1a: Dragonite|9\/100|[from] item: Leftovers\n|upkeep\n|turn|14\n|\n|t:|1700073022\n|move|p1a: Dragonite|Waterfall|p2a: Hydreigon\n|-damage|p2a: Hydreigon|0 fnt\n|faint|p2a: Hydreigon\n|\n|-heal|p1a: Dragonite|16\/100|[from] item: Leftovers\n|upkeep\n|\n|t:|1700073025\n|switch|p2a: Tatsugiri|Tatsugiri, M|100\/100\n|turn|15\n|\n|t:|1700073033\n|move|p1a: Dragonite|Waterfall|p2a: Tatsugiri\n|-ability|p2a: Tatsugiri|Storm Drain|boost\n|-boost|p2a: Tatsugiri|spa|1\n|move|p2a: Tatsugiri|Dragon Pulse|p1a: Dragonite\n|-supereffective|p1a: Dragonite\n|-damage|p1a: Dragonite|0 fnt\n|faint|p1a: Dragonite\n|\n|upkeep\n|c|\u2606Imanjoneser|Oh boy!\n|\n|t:|1700073044\n|switch|p1a: Goodra|Goodra, F|100\/100\n|turn|16\n|\n|t:|1700073054\n|-terastallize|p1a: Goodra|Ice\n|move|p2a: Tatsugiri|Dragon Pulse|p1a: Goodra\n|-damage|p1a: Goodra|56\/100\n|move|p1a: Goodra|Thunderbolt|p2a: Tatsugiri\n|-damage|p2a: Tatsugiri|64\/100\n|\n|-heal|p1a: Goodra|62\/100|[from] item: Leftovers\n|upkeep\n|turn|17\n|\n|t:|1700073064\n|move|p2a: Tatsugiri|Surf|p1a: Goodra\n|-damage|p1a: Goodra|18\/100\n|move|p1a: Goodra|Thunderbolt|p2a: Tatsugiri\n|-damage|p2a: Tatsugiri|25\/100\n|\n|-heal|p1a: Goodra|24\/100|[from] item: Leftovers\n|upkeep\n|turn|18\n|\n|t:|1700073073\n|move|p2a: Tatsugiri|Surf|p1a: Goodra\n|-damage|p1a: Goodra|0 fnt\n|faint|p1a: Goodra\n|\n|upkeep\n|\n|t:|1700073078\n|switch|p1a: Hatterene|Hatterene, F, shiny|29\/100\n|turn|19\n|\n|t:|1700073082\n|move|p2a: Tatsugiri|Surf|p1a: Hatterene\n|-damage|p1a: Hatterene|0 fnt\n|faint|p1a: Hatterene\n|\n|upkeep\n|\n|t:|1700073085\n|switch|p1a: Tyranitar|Tyranitar, F, shiny|100\/100\n|-ability|p1a: Tyranitar|Unnerve\n|turn|20\n|c|\u2606Imanjoneser|Oh no lol\n|\n|t:|1700073093\n|move|p1a: Tyranitar|Crunch|p2a: Tatsugiri\n|-damage|p2a: Tatsugiri|0 fnt\n|faint|p2a: Tatsugiri\n|\n|win|Imanjoneser\n|raw|Imanjoneser's rating: 1087 &rarr; <strong>1113<\/strong><br \/>(+26 for winning)\n|raw|panzershock's rating: 1074 &rarr; <strong>1054<\/strong><br \/>(-20 for losing)\n|c|\u2606Imanjoneser|Phew\n|l|\u2606panzershock\n","uploadtime":1700073116,"views":8,"p1id":"imanjoneser","p2id":"panzershock","formatid":"gen9ou","rating":1054,"private":0,"password":""}