{"id":"gen9ou-1988473249","p1":"boongal","p2":"100kBuckss","format":"[Gen 9] OU","log":"|j|\u2606boongal\n|j|\u2606100kBuckss\n|t:|1699726691\n|gametype|singles\n|player|p1|boongal|sabrina|1173\n|player|p2|100kBuckss|wally-masters|1117\n|teamsize|p1|6\n|teamsize|p2|6\n|gen|9\n|tier|[Gen 9] OU\n|rated|\n|rule|Sleep Clause Mod: Limit one foe put to sleep\n|rule|Species Clause: Limit one of each Pok\u00e9mon\n|rule|OHKO Clause: OHKO moves are banned\n|rule|Evasion Items Clause: Evasion items are banned\n|rule|Evasion Moves Clause: Evasion moves are banned\n|rule|Endless Battle Clause: Forcing endless battles is banned\n|rule|HP Percentage Mod: HP is shown in percentages\n|clearpoke\n|poke|p1|Ursaluna, F|\n|poke|p1|Ribombee, F|\n|poke|p1|Tornadus-Therian, M|\n|poke|p1|Brambleghast, F|\n|poke|p1|Great Tusk|\n|poke|p1|Iron Moth|\n|poke|p2|Garganacl, F|\n|poke|p2|Dragonite, M|\n|poke|p2|Great Tusk|\n|poke|p2|Zapdos|\n|poke|p2|Ogerpon-Wellspring, F|\n|poke|p2|Slowking-Galar, F|\n|teampreview\n|inactive|Battle timer is ON: inactive players will automatically lose when time's up. (requested by boongal)\n|\n|t:|1699726706\n|start\n|switch|p1a: Ribombee|Ribombee, F|100\/100\n|switch|p2a: Great Tusk|Great Tusk|100\/100\n|turn|1\n|\n|t:|1699726721\n|-terastallize|p1a: Ribombee|Ghost\n|move|p1a: Ribombee|Sticky Web|p2a: Great Tusk\n|-sidestart|p2: 100kBuckss|move: Sticky Web\n|move|p2a: Great Tusk|Stealth Rock|p1a: Ribombee\n|-sidestart|p1: boongal|move: Stealth Rock\n|\n|upkeep\n|turn|2\n|\n|t:|1699726732\n|move|p1a: Ribombee|Stun Spore|p2a: Great Tusk|[miss]\n|-miss|p1a: Ribombee|p2a: Great Tusk\n|move|p2a: Great Tusk|Earthquake|p1a: Ribombee\n|-damage|p1a: Ribombee|30\/100\n|\n|upkeep\n|turn|3\n|\n|t:|1699726739\n|move|p1a: Ribombee|Tailwind|p1a: Ribombee\n|-sidestart|p1: boongal|move: Tailwind\n|move|p2a: Great Tusk|Earthquake|p1a: Ribombee\n|-damage|p1a: Ribombee|0 fnt\n|faint|p1a: Ribombee\n|\n|upkeep\n|\n|t:|1699726747\n|switch|p1a: Brambleghast|Brambleghast, F|100\/100\n|-damage|p1a: Brambleghast|88\/100|[from] Stealth Rock\n|-ability|p1a: Brambleghast|Wind Rider|boost\n|-boost|p1a: Brambleghast|atk|1\n|turn|4\n|\n|t:|1699726760\n|-end|p2a: Great Tusk|Protosynthesis|[silent]\n|switch|p2a: Zapdos|Zapdos|100\/100\n|move|p1a: Brambleghast|Bullet Seed|p2a: Zapdos\n|-resisted|p2a: Zapdos\n|-damage|p2a: Zapdos|93\/100\n|-resisted|p2a: Zapdos\n|-damage|p2a: Zapdos|85\/100\n|-resisted|p2a: Zapdos\n|-damage|p2a: Zapdos|78\/100\n|-resisted|p2a: Zapdos\n|-damage|p2a: Zapdos|70\/100\n|-hitcount|p2a: Zapdos|4\n|\n|upkeep\n|turn|5\n|\n|t:|1699726771\n|move|p1a: Brambleghast|Poltergeist|p2a: Zapdos\n|-activate|p2a: Zapdos|move: Poltergeist|Heavy-Duty Boots\n|-damage|p2a: Zapdos|0 fnt\n|faint|p2a: Zapdos\n|\n|upkeep\n|\n|t:|1699726794\n|switch|p2a: Dragonite|Dragonite, M|100\/100\n|turn|6\n|\n|t:|1699726804\n|switch|p1a: Great Tusk|Great Tusk|100\/100\n|-damage|p1a: Great Tusk|98\/100|[from] Stealth Rock\n|-enditem|p1a: Great Tusk|Booster Energy\n|-activate|p1a: Great Tusk|ability: Protosynthesis|[fromitem]\n|-start|p1a: Great Tusk|protosynthesisatk\n|move|p2a: Dragonite|Ice Punch|p1a: Great Tusk\n|-supereffective|p1a: Great Tusk\n|-damage|p1a: Great Tusk|36\/100\n|\n|-sideend|p1: boongal|move: Tailwind\n|upkeep\n|turn|7\n|\n|t:|1699726818\n|move|p1a: Great Tusk|Rapid Spin|p2a: Dragonite\n|-damage|p2a: Dragonite|87\/100\n|-boost|p1a: Great Tusk|spe|1\n|-sideend|p1: boongal|Stealth Rock|[from] move: Rapid Spin|[of] p1a: Great Tusk\n|move|p2a: Dragonite|Ice Punch|p1a: Great Tusk\n|-supereffective|p1a: Great Tusk\n|-damage|p1a: Great Tusk|0 fnt\n|faint|p1a: Great Tusk\n|-end|p1a: Great Tusk|Protosynthesis|[silent]\n|\n|upkeep\n|\n|t:|1699726831\n|switch|p1a: Tornadus|Tornadus-Therian, M|100\/100\n|turn|8\n|\n|t:|1699726850\n|move|p1a: Tornadus|Tailwind|p1a: Tornadus\n|-sidestart|p1: boongal|move: Tailwind\n|move|p2a: Dragonite|Ice Punch|p1a: Tornadus\n|-supereffective|p1a: Tornadus\n|-damage|p1a: Tornadus|10\/100\n|-enditem|p1a: Tornadus|Eject Button\n|\n|t:|1699726853\n|switch|p1a: Ursaluna|Ursaluna, F|100\/100\n|\n|-status|p1a: Ursaluna|brn|[from] item: Flame Orb\n|upkeep\n|turn|9\n|\n|t:|1699726864\n|move|p1a: Ursaluna|Facade|p2a: Dragonite\n|-damage|p2a: Dragonite|0 fnt\n|faint|p2a: Dragonite\n|\n|-damage|p1a: Ursaluna|94\/100 brn|[from] brn\n|upkeep\n|\n|t:|1699726888\n|switch|p2a: Great Tusk|Great Tusk|100\/100\n|-activate|p2a: Great Tusk|move: Sticky Web\n|-unboost|p2a: Great Tusk|spe|1\n|turn|10\n|\n|t:|1699726893\n|switch|p1a: Brambleghast|Brambleghast, F|88\/100\n|-ability|p1a: Brambleghast|Wind Rider|boost\n|-boost|p1a: Brambleghast|atk|1\n|-terastallize|p2a: Great Tusk|Steel\n|move|p2a: Great Tusk|Rapid Spin|p1a: Brambleghast\n|-immune|p1a: Brambleghast\n|\n|upkeep\n|turn|11\n|\n|t:|1699726909\n|move|p1a: Brambleghast|Strength Sap|p2a: Great Tusk\n|-unboost|p2a: Great Tusk|atk|1\n|-heal|p1a: Brambleghast|100\/100\n|move|p2a: Great Tusk|Knock Off|p1a: Brambleghast\n|-supereffective|p1a: Brambleghast\n|-damage|p1a: Brambleghast|34\/100\n|-enditem|p1a: Brambleghast|Loaded Dice|[from] move: Knock Off|[of] p2a: Great Tusk\n|\n|-sideend|p1: boongal|move: Tailwind\n|upkeep\n|turn|12\n|\n|t:|1699726927\n|move|p1a: Brambleghast|Strength Sap|p2a: Great Tusk\n|-unboost|p2a: Great Tusk|atk|1\n|-heal|p1a: Brambleghast|100\/100\n|move|p2a: Great Tusk|Knock Off|p1a: Brambleghast\n|-supereffective|p1a: Brambleghast\n|-damage|p1a: Brambleghast|62\/100\n|\n|upkeep\n|turn|13\n|inactive|100kBuckss has 120 seconds left.\n|\n|t:|1699726949\n|-end|p2a: Great Tusk|Protosynthesis|[silent]\n|switch|p2a: Ogerpon|Ogerpon-Wellspring, F|100\/100\n|-activate|p2a: Ogerpon|move: Sticky Web\n|-unboost|p2a: Ogerpon|spe|1\n|move|p1a: Brambleghast|Strength Sap|p2a: Ogerpon\n|-unboost|p2a: Ogerpon|atk|1\n|-heal|p1a: Brambleghast|100\/100\n|\n|upkeep\n|turn|14\n|inactive|100kBuckss has 120 seconds left.\n|\n|t:|1699726957\n|move|p1a: Brambleghast|Poltergeist|p2a: Ogerpon\n|-activate|p2a: Ogerpon|move: Poltergeist|Wellspring Mask\n|-damage|p2a: Ogerpon|0 fnt\n|faint|p2a: Ogerpon\n|\n|upkeep\n|inactive|100kBuckss has 120 seconds left.\n|\n|t:|1699726975\n|switch|p2a: Great Tusk|Great Tusk, tera:Steel|100\/100\n|-activate|p2a: Great Tusk|move: Sticky Web\n|-unboost|p2a: Great Tusk|spe|1\n|turn|15\n|\n|t:|1699726986\n|move|p1a: Brambleghast|Poltergeist|p2a: Great Tusk\n|-activate|p2a: Great Tusk|move: Poltergeist|Leftovers\n|-damage|p2a: Great Tusk|46\/100\n|move|p2a: Great Tusk|Knock Off|p1a: Brambleghast\n|-supereffective|p1a: Brambleghast\n|-damage|p1a: Brambleghast|30\/100\n|\n|-heal|p2a: Great Tusk|52\/100|[from] item: Leftovers\n|upkeep\n|turn|16\n|inactive|100kBuckss has 120 seconds left.\n|\n|t:|1699726996\n|move|p1a: Brambleghast|Strength Sap|p2a: Great Tusk\n|-unboost|p2a: Great Tusk|atk|1\n|-heal|p1a: Brambleghast|100\/100\n|move|p2a: Great Tusk|Knock Off|p1a: Brambleghast\n|-supereffective|p1a: Brambleghast\n|-damage|p1a: Brambleghast|57\/100\n|\n|-heal|p2a: Great Tusk|58\/100|[from] item: Leftovers\n|upkeep\n|turn|17\n|n|!100kBuckss|100kbuckss\n|inactive|100kBuckss has 120 seconds left.\n|-message|100kBuckss forfeited.\n|\n|win|boongal\n|raw|boongal's rating: 1173 &rarr; <strong>1194<\/strong><br \/>(+21 for winning)\n|raw|100kBuckss's rating: 1117 &rarr; <strong>1096<\/strong><br \/>(-21 for losing)\n|l|!100kBuckss\n","uploadtime":1699727005,"views":13,"p1id":"boongal","p2id":"100kbuckss","formatid":"gen9ou","rating":1096,"private":0,"password":""}