{"id":"gen9ou-1996601476","p1":"Imanjoneser","p2":"keysunev","format":"[Gen 9] OU","log":"|j|\u2606Imanjoneser\n|j|\u2606keysunev\n|t:|1700699232\n|gametype|singles\n|player|p1|Imanjoneser|bugcatcher-gen4dp|1153\n|player|p2|keysunev|cynthia-gen4|1165\n|teamsize|p1|6\n|teamsize|p2|6\n|gen|9\n|tier|[Gen 9] OU\n|rated|\n|rule|Sleep Clause Mod: Limit one foe put to sleep\n|rule|Species Clause: Limit one of each Pok\u00e9mon\n|rule|OHKO Clause: OHKO moves are banned\n|rule|Evasion Items Clause: Evasion items are banned\n|rule|Evasion Moves Clause: Evasion moves are banned\n|rule|Endless Battle Clause: Forcing endless battles is banned\n|rule|HP Percentage Mod: HP is shown in percentages\n|clearpoke\n|poke|p1|Noivern, M|\n|poke|p1|Cinderace, F|\n|poke|p1|Maushold-Four|\n|poke|p1|Chesnaught, M|\n|poke|p1|Grafaiai, F|\n|poke|p1|Scovillain, M|\n|poke|p2|Skeledirge, F|\n|poke|p2|Moltres|\n|poke|p2|Iron Moth|\n|poke|p2|Rillaboom, M|\n|poke|p2|Garchomp, M|\n|poke|p2|Great Tusk|\n|teampreview\n|\n|t:|1700699238\n|start\n|switch|p1a: Cinderace|Cinderace, F, shiny|100\/100\n|switch|p2a: Garchomp|Garchomp, M|100\/100\n|turn|1\n|\n|t:|1700699245\n|move|p1a: Cinderace|Super Fang|p2a: Garchomp\n|-start|p1a: Cinderace|typechange|Normal|[from] ability: Libero\n|-damage|p2a: Garchomp|50\/100\n|-damage|p1a: Cinderace|88\/100|[from] ability: Rough Skin|[of] p2a: Garchomp\n|-damage|p1a: Cinderace|72\/100|[from] item: Rocky Helmet|[of] p2a: Garchomp\n|move|p2a: Garchomp|Stealth Rock|p1a: Cinderace\n|-sidestart|p1: Imanjoneser|move: Stealth Rock\n|\n|upkeep\n|turn|2\n|\n|t:|1700699255\n|move|p1a: Cinderace|Court Change|p1a: Cinderace\n|-swapsideconditions\n|-activate|p1a: Cinderace|move: Court Change\n|move|p2a: Garchomp|Spikes|p1a: Cinderace\n|-sidestart|p1: Imanjoneser|Spikes\n|\n|upkeep\n|turn|3\n|\n|t:|1700699260\n|move|p1a: Cinderace|Court Change|p1a: Cinderace\n|-swapsideconditions\n|-activate|p1a: Cinderace|move: Court Change\n|move|p2a: Garchomp|Stealth Rock||[still]\n|-fail|p2a: Garchomp\n|\n|upkeep\n|turn|4\n|\n|t:|1700699267\n|move|p1a: Cinderace|Court Change|p1a: Cinderace\n|-swapsideconditions\n|-activate|p1a: Cinderace|move: Court Change\n|move|p2a: Garchomp|Dragon Tail|p1a: Cinderace\n|-damage|p1a: Cinderace|31\/100\n|drag|p1a: Grafaiai|Grafaiai, F, shiny|100\/100\n|-damage|p1a: Grafaiai|88\/100|[from] Spikes\n|\n|upkeep\n|turn|5\n|\n|t:|1700699280\n|move|p1a: Grafaiai|Parting Shot|p2a: Garchomp\n|-unboost|p2a: Garchomp|atk|1\n|-unboost|p2a: Garchomp|spa|1\n|\n|t:|1700699284\n|switch|p1a: Chesnaught|Chesnaught, M, shiny|100\/100|[from] Parting Shot\n|-damage|p1a: Chesnaught|88\/100|[from] Spikes\n|move|p2a: Garchomp|Stealth Rock|p1a: Chesnaught\n|-sidestart|p1: Imanjoneser|move: Stealth Rock\n|\n|upkeep\n|turn|6\n|\n|t:|1700699292\n|move|p1a: Chesnaught|Leech Seed|p2a: Garchomp\n|-start|p2a: Garchomp|move: Leech Seed\n|move|p2a: Garchomp|Dragon Tail|p1a: Chesnaught\n|-damage|p1a: Chesnaught|74\/100\n|-damage|p2a: Garchomp|34\/100|[from] item: Rocky Helmet|[of] p1a: Chesnaught\n|drag|p1a: Maushold|Maushold-Four, shiny|100\/100\n|-damage|p1a: Maushold|88\/100|[from] Spikes\n|-damage|p1a: Maushold|76\/100|[from] Stealth Rock\n|\n|-damage|p2a: Garchomp|21\/100|[from] Leech Seed|[of] p1a: Maushold\n|-heal|p1a: Maushold|94\/100|[silent]\n|upkeep\n|turn|7\n|\n|t:|1700699314\n|move|p1a: Maushold|Tidy Up|p1a: Maushold\n|-sideend|p1: Imanjoneser|Spikes\n|-sideend|p1: Imanjoneser|Stealth Rock\n|-sideend|p2: keysunev|Stealth Rock\n|-activate|p1a: Maushold|move: Tidy Up\n|-boost|p1a: Maushold|atk|1\n|-boost|p1a: Maushold|spe|1\n|move|p2a: Garchomp|Spikes|p1a: Maushold\n|-sidestart|p1: Imanjoneser|Spikes\n|\n|-damage|p2a: Garchomp|9\/100|[from] Leech Seed|[of] p1a: Maushold\n|-heal|p1a: Maushold|100\/100|[silent]\n|upkeep\n|turn|8\n|\n|t:|1700699326\n|move|p1a: Maushold|Bite|p2a: Garchomp\n|-damage|p2a: Garchomp|0 fnt\n|-damage|p1a: Maushold|88\/100|[from] ability: Rough Skin|[of] p2a: Garchomp\n|-damage|p1a: Maushold|71\/100|[from] item: Rocky Helmet|[of] p2a: Garchomp\n|faint|p2a: Garchomp\n|\n|upkeep\n|\n|t:|1700699334\n|switch|p2a: Rillaboom|Rillaboom, M|100\/100\n|-fieldstart|move: Grassy Terrain|[from] ability: Grassy Surge|[of] p2a: Rillaboom\n|turn|9\n|\n|t:|1700699342\n|move|p1a: Maushold|Population Bomb|p2a: Rillaboom\n|-damage|p2a: Rillaboom|83\/100\n|-damage|p2a: Rillaboom|66\/100\n|-damage|p2a: Rillaboom|49\/100\n|-damage|p2a: Rillaboom|31\/100\n|-damage|p2a: Rillaboom|12\/100\n|-damage|p2a: Rillaboom|0 fnt\n|faint|p2a: Rillaboom\n|-hitcount|p2: Rillaboom|6\n|\n|-heal|p1a: Maushold|78\/100|[from] Grassy Terrain\n|upkeep\n|\n|t:|1700699355\n|switch|p2a: Iron Moth|Iron Moth|100\/100\n|-enditem|p2a: Iron Moth|Booster Energy\n|-activate|p2a: Iron Moth|ability: Quark Drive|[fromitem]\n|-start|p2a: Iron Moth|quarkdrivespa\n|turn|10\n|\n|t:|1700699362\n|move|p1a: Maushold|Population Bomb|p2a: Iron Moth\n|-damage|p2a: Iron Moth|73\/100\n|-damage|p2a: Iron Moth|45\/100\n|-damage|p2a: Iron Moth|14\/100\n|-damage|p2a: Iron Moth|0 fnt\n|faint|p2a: Iron Moth\n|-end|p2a: Iron Moth|Quark Drive|[silent]\n|-hitcount|p2: Iron Moth|4\n|\n|-heal|p1a: Maushold|84\/100|[from] Grassy Terrain\n|upkeep\n|-message|keysunev forfeited.\n|\n|win|Imanjoneser\n|raw|Imanjoneser's rating: 1153 &rarr; <strong>1179<\/strong><br \/>(+26 for winning)\n|raw|keysunev's rating: 1165 &rarr; <strong>1139<\/strong><br \/>(-26 for losing)\n|l|\u2606keysunev\n","uploadtime":1700699376,"views":2,"p1id":"imanjoneser","p2id":"keysunev","formatid":"gen9ou","rating":1139,"private":0,"password":""}