{"id":"gen9ou-1989997103","p1":"Sprocket0835","p2":"LOve4RUssIA","format":"[Gen 9] OU","log":"|j|\u2606Sprocket0835\n|j|\u2606LOve4RUssIA\n|t:|1699913787\n|gametype|singles\n|player|p1|Sprocket0835|hilbert|1271\n|player|p2|LOve4RUssIA|2|1230\n|teamsize|p1|6\n|teamsize|p2|6\n|gen|9\n|tier|[Gen 9] OU\n|rated|\n|rule|Sleep Clause Mod: Limit one foe put to sleep\n|rule|Species Clause: Limit one of each Pok\u00e9mon\n|rule|OHKO Clause: OHKO moves are banned\n|rule|Evasion Items Clause: Evasion items are banned\n|rule|Evasion Moves Clause: Evasion moves are banned\n|rule|Endless Battle Clause: Forcing endless battles is banned\n|rule|HP Percentage Mod: HP is shown in percentages\n|clearpoke\n|poke|p1|Glimmora, F|\n|poke|p1|Gholdengo|\n|poke|p1|Iron Valiant|\n|poke|p1|Ogerpon-Wellspring, F|\n|poke|p1|Dragapult, M|\n|poke|p1|Cinderace, M|\n|poke|p2|Amoonguss, F|\n|poke|p2|Blissey, F|\n|poke|p2|Kleavor, M|\n|poke|p2|Conkeldurr, F|\n|poke|p2|Milotic, M|\n|poke|p2|Skeledirge, F|\n|teampreview\n|\n|t:|1699913796\n|start\n|switch|p1a: Glimmora|Glimmora, F|100\/100\n|switch|p2a: Kleavor|Kleavor, M|100\/100\n|turn|1\n|c|\u2606Sprocket0835|the models look sick\n|\n|t:|1699913812\n|move|p2a: Kleavor|Stone Axe|p1a: Glimmora\n|-damage|p1a: Glimmora|35\/100\n|-activate|p1a: Glimmora|ability: Toxic Debris\n|-sidestart|p2: LOve4RUssIA|move: Toxic Spikes\n|-sidestart|p1: Sprocket0835|move: Stealth Rock\n|move|p1a: Glimmora|Stealth Rock|p2a: Kleavor\n|-sidestart|p2: LOve4RUssIA|move: Stealth Rock\n|\n|upkeep\n|turn|2\n|\n|t:|1699913839\n|switch|p1a: Gholdengo|Gholdengo|100\/100\n|-damage|p1a: Gholdengo|94\/100|[from] Stealth Rock\n|-item|p1a: Gholdengo|Air Balloon\n|move|p2a: Kleavor|Stone Axe|p1a: Gholdengo\n|-resisted|p1a: Gholdengo\n|-damage|p1a: Gholdengo|67\/100\n|-enditem|p1a: Gholdengo|Air Balloon\n|\n|upkeep\n|turn|3\n|\n|t:|1699913849\n|switch|p2a: Blissey|Blissey, F|100\/100\n|-status|p2a: Blissey|psn\n|-damage|p2a: Blissey|88\/100 psn|[from] Stealth Rock\n|move|p1a: Gholdengo|Recover|p1a: Gholdengo\n|-heal|p1a: Gholdengo|100\/100\n|\n|-heal|p2a: Blissey|94\/100 psn|[from] item: Leftovers\n|-damage|p2a: Blissey|82\/100 psn|[from] psn\n|upkeep\n|turn|4\n|\n|t:|1699913864\n|move|p1a: Gholdengo|Make It Rain|p2a: Blissey\n|-damage|p2a: Blissey|58\/100 psn\n|-unboost|p1a: Gholdengo|spa|1\n|move|p2a: Blissey|Flamethrower|p1a: Gholdengo\n|-supereffective|p1a: Gholdengo\n|-damage|p1a: Gholdengo|43\/100\n|-status|p1a: Gholdengo|brn\n|\n|-heal|p2a: Blissey|64\/100 psn|[from] item: Leftovers\n|-damage|p2a: Blissey|52\/100 psn|[from] psn\n|-damage|p1a: Gholdengo|37\/100 brn|[from] brn\n|upkeep\n|turn|5\n|\n|t:|1699913877\n|move|p1a: Gholdengo|Recover|p1a: Gholdengo\n|-heal|p1a: Gholdengo|87\/100 brn\n|move|p2a: Blissey|Soft-Boiled|p2a: Blissey\n|-heal|p2a: Blissey|100\/100 psn\n|\n|-damage|p2a: Blissey|88\/100 psn|[from] psn\n|-damage|p1a: Gholdengo|81\/100 brn|[from] brn\n|upkeep\n|turn|6\n|\n|t:|1699913885\n|switch|p1a: Cinderace|Cinderace, M|100\/100\n|move|p2a: Blissey|Flamethrower|p1a: Cinderace\n|-resisted|p1a: Cinderace\n|-damage|p1a: Cinderace|83\/100\n|\n|-heal|p2a: Blissey|94\/100 psn|[from] item: Leftovers\n|-damage|p2a: Blissey|82\/100 psn|[from] psn\n|upkeep\n|turn|7\n|\n|t:|1699913899\n|switch|p2a: Amoonguss|Amoonguss, F|100\/100\n|-sideend|p2: LOve4RUssIA|move: Toxic Spikes|[of] p2a: Amoonguss\n|-damage|p2a: Amoonguss|88\/100|[from] Stealth Rock\n|move|p1a: Cinderace|Pyro Ball|p2a: Amoonguss\n|-supereffective|p2a: Amoonguss\n|-damage|p2a: Amoonguss|0 fnt\n|faint|p2a: Amoonguss\n|\n|upkeep\n|\n|t:|1699913906\n|switch|p2a: Skeledirge|Skeledirge, F|100\/100\n|turn|8\n|\n|t:|1699913912\n|move|p1a: Cinderace|U-turn|p2a: Skeledirge\n|-start|p1a: Cinderace|typechange|Bug|[from] ability: Libero\n|-resisted|p2a: Skeledirge\n|-damage|p2a: Skeledirge|93\/100\n|\n|t:|1699913919\n|switch|p1a: Dragapult|Dragapult, M|100\/100|[from] U-turn\n|-damage|p1a: Dragapult|88\/100|[from] Stealth Rock\n|move|p2a: Skeledirge|Torch Song|p1a: Dragapult\n|-resisted|p1a: Dragapult\n|-damage|p1a: Dragapult|68\/100\n|-boost|p2a: Skeledirge|spa|1\n|\n|upkeep\n|turn|9\n|\n|t:|1699913937\n|-terastallize|p2a: Skeledirge|Water\n|move|p1a: Dragapult|U-turn|p2a: Skeledirge\n|-damage|p2a: Skeledirge|79\/100\n|\n|t:|1699913953\n|switch|p1a: Gholdengo|Gholdengo|81\/100 brn|[from] U-turn\n|-damage|p1a: Gholdengo|75\/100 brn|[from] Stealth Rock\n|move|p2a: Skeledirge|Will-O-Wisp|p1a: Gholdengo\n|-immune|p1a: Gholdengo|[from] ability: Good as Gold\n|\n|-damage|p1a: Gholdengo|69\/100 brn|[from] brn\n|upkeep\n|turn|10\n|\n|t:|1699913963\n|move|p1a: Gholdengo|Shadow Ball|p2a: Skeledirge\n|-damage|p2a: Skeledirge|48\/100\n|move|p2a: Skeledirge|Torch Song|p1a: Gholdengo\n|-supereffective|p1a: Gholdengo\n|-damage|p1a: Gholdengo|0 fnt\n|-boost|p2a: Skeledirge|spa|1\n|faint|p1a: Gholdengo\n|\n|upkeep\n|\n|t:|1699913967\n|switch|p1a: Ogerpon|Ogerpon-Wellspring, F|100\/100\n|-damage|p1a: Ogerpon|88\/100|[from] Stealth Rock\n|turn|11\n|c|\u2606LOve4RUssIA|OH CRAP FORGOT U HAD HTIS POKE\n|-message|LOve4RUssIA forfeited.\n|\n|win|Sprocket0835\n|raw|Sprocket0835's rating: 1271 &rarr; <strong>1293<\/strong><br \/>(+22 for winning)\n|raw|LOve4RUssIA's rating: 1230 &rarr; <strong>1208<\/strong><br \/>(-22 for losing)\n|l|\u2606LOve4RUssIA\n|c|\u2606Sprocket0835|sorry dude\n","uploadtime":1699914018,"views":8,"p1id":"sprocket0835","p2id":"love4russia","formatid":"gen9ou","rating":1208,"private":0,"password":""}