{"id":"gen9ou-1999360752","p1":"Piggins","p2":"Gravi2y","format":"[Gen 9] OU","log":"|j|\u2606Piggins\n|j|\u2606Gravi2y\n|t:|1701066668\n|gametype|singles\n|player|p1|Piggins|pokekid|\n|player|p2|Gravi2y|101|\n|teamsize|p1|6\n|teamsize|p2|6\n|gen|9\n|tier|[Gen 9] OU\n|rule|Sleep Clause Mod: Limit one foe put to sleep\n|rule|Species Clause: Limit one of each Pok\u00e9mon\n|rule|OHKO Clause: OHKO moves are banned\n|rule|Evasion Items Clause: Evasion items are banned\n|rule|Evasion Moves Clause: Evasion moves are banned\n|rule|Endless Battle Clause: Forcing endless battles is banned\n|rule|HP Percentage Mod: HP is shown in percentages\n|clearpoke\n|poke|p1|Clefable, F|\n|poke|p1|Iron Moth|\n|poke|p1|Quaquaval, F|\n|poke|p1|Rotom-Heat|\n|poke|p1|Jolteon, F|\n|poke|p1|Kleavor, F|\n|poke|p2|Mandibuzz, F|\n|poke|p2|Garganacl, M|\n|poke|p2|Tyranitar, M|\n|poke|p2|Lycanroc, M|\n|poke|p2|Enamorus, F|\n|poke|p2|Slowbro-Galar, M|\n|teampreview\n|\n|t:|1701066714\n|start\n|switch|p1a: Kleavor|Kleavor, F|100\/100\n|switch|p2a: Slowbro|Slowbro-Galar, M|100\/100\n|turn|1\n|inactive|Battle timer is ON: inactive players will automatically lose when time's up. (requested by Gravi2y)\n|inactive|Piggins has 270 seconds left.\n|\n|t:|1701066782\n|move|p1a: Kleavor|Stone Axe|p2a: Slowbro|[miss]\n|-miss|p1a: Kleavor|p2a: Slowbro\n|move|p2a: Slowbro|Surf|p1a: Kleavor\n|-supereffective|p1a: Kleavor\n|-damage|p1a: Kleavor|5\/100\n|\n|upkeep\n|turn|2\n|inactive|Gravi2y has 270 seconds left.\n|-activate|p2a: Slowbro|ability: Quick Draw\n|\n|t:|1701066814\n|switch|p1a: Clefable|Clefable, F|100\/100\n|move|p2a: Slowbro|Shell Side Arm|p1a: Clefable|[anim] Shell Side Arm Special\n|-supereffective|p1a: Clefable\n|-damage|p1a: Clefable|26\/100\n|-hint|Special Shell Side Arm\n|\n|-heal|p1a: Clefable|32\/100|[from] item: Leftovers\n|upkeep\n|turn|3\n|inactive|Gravi2y has 270 seconds left.\n|inactive|Piggins has 270 seconds left.\n|\n|t:|1701066858\n|move|p1a: Clefable|Protect|p1a: Clefable\n|-singleturn|p1a: Clefable|Protect\n|move|p2a: Slowbro|Shell Side Arm|p1a: Clefable|[anim] Shell Side Arm Special\n|-activate|p1a: Clefable|move: Protect\n|\n|-heal|p1a: Clefable|38\/100|[from] item: Leftovers\n|upkeep\n|turn|4\n|-activate|p2a: Slowbro|ability: Quick Draw\n|\n|t:|1701066870\n|switch|p1a: Kleavor|Kleavor, F|5\/100\n|move|p2a: Slowbro|Surf|p1a: Kleavor\n|-supereffective|p1a: Kleavor\n|-damage|p1a: Kleavor|0 fnt\n|faint|p1a: Kleavor\n|\n|upkeep\n|inactive|Piggins has 270 seconds left.\n|inactive|Piggins has 240 seconds left.\n|\n|t:|1701066913\n|switch|p1a: Jolteon|Jolteon, F|100\/100\n|turn|5\n|\n|t:|1701066928\n|switch|p2a: Tyranitar|Tyranitar, M|100\/100\n|-weather|Sandstorm|[from] ability: Sand Stream|[of] p2a: Tyranitar\n|move|p1a: Jolteon|Volt Switch|p2a: Tyranitar\n|-damage|p2a: Tyranitar|82\/100\n|inactive|Piggins has 240 seconds left.\n|\n|t:|1701066952\n|switch|p1a: queen duck|Quaquaval, F|100\/100|[from] Volt Switch\n|\n|-weather|Sandstorm|[upkeep]\n|-damage|p1a: queen duck|94\/100|[from] Sandstorm\n|-heal|p1a: queen duck|100\/100|[from] item: Leftovers\n|upkeep\n|turn|6\n|inactive|Piggins has 240 seconds left.\n|\n|t:|1701066976\n|switch|p2a: Enamorus|Enamorus, F|100\/100\n|move|p1a: queen duck|Close Combat|p2a: Enamorus\n|-resisted|p2a: Enamorus\n|-damage|p2a: Enamorus|76\/100\n|-unboost|p1a: queen duck|def|1\n|-unboost|p1a: queen duck|spd|1\n|\n|-weather|Sandstorm|[upkeep]\n|-damage|p2a: Enamorus|69\/100|[from] Sandstorm\n|-damage|p1a: queen duck|94\/100|[from] Sandstorm\n|-heal|p1a: queen duck|100\/100|[from] item: Leftovers\n|upkeep\n|turn|7\n|inactive|Gravi2y has 240 seconds left.\n|\n|t:|1701066999\n|switch|p1a: Rotom|Rotom-Heat|100\/100\n|move|p2a: Enamorus|Superpower|p1a: Rotom\n|-damage|p1a: Rotom|72\/100\n|-boost|p2a: Enamorus|atk|1\n|-boost|p2a: Enamorus|def|1\n|-damage|p2a: Enamorus|60\/100|[from] item: Life Orb\n|\n|-weather|Sandstorm|[upkeep]\n|-damage|p2a: Enamorus|53\/100|[from] Sandstorm\n|-damage|p1a: Rotom|66\/100|[from] Sandstorm\n|-heal|p1a: Rotom|72\/100|[from] item: Leftovers\n|upkeep\n|turn|8\n|inactive|Gravi2y has 240 seconds left.\n|\n|t:|1701067019\n|switch|p2a: Lycanroc|Lycanroc, M|100\/100\n|move|p1a: Rotom|Volt Switch|p2a: Lycanroc\n|-damage|p2a: Lycanroc|72\/100\n|inactive|Piggins has 210 seconds left.\n|\n|t:|1701067056\n|switch|p1a: queen duck|Quaquaval, F|100\/100|[from] Volt Switch\n|\n|-weather|Sandstorm|[upkeep]\n|-damage|p1a: queen duck|94\/100|[from] Sandstorm\n|-heal|p1a: queen duck|100\/100|[from] item: Leftovers\n|upkeep\n|turn|9\n|inactive|Piggins has 210 seconds left.\n|\n|t:|1701067076\n|move|p2a: Lycanroc|Play Rough|p1a: queen duck\n|-supereffective|p1a: queen duck\n|-damage|p1a: queen duck|0 fnt\n|faint|p1a: queen duck\n|-damage|p2a: Lycanroc|62\/100|[from] item: Life Orb\n|\n|-weather|Sandstorm|[upkeep]\n|upkeep\n|inactive|Piggins has 210 seconds left.\n|inactive|Piggins has 180 seconds left.\n|\n|t:|1701067140\n|switch|p1a: Rotom|Rotom-Heat|72\/100\n|turn|10\n|\n|t:|1701067148\n|move|p2a: Lycanroc|Rock Slide|p1a: Rotom\n|-supereffective|p1a: Rotom\n|-damage|p1a: Rotom|0 fnt\n|faint|p1a: Rotom\n|-damage|p2a: Lycanroc|52\/100|[from] item: Life Orb\n|\n|-weather|Sandstorm|[upkeep]\n|upkeep\n|inactive|Piggins has 150 seconds left.\n|\n|t:|1701067181\n|switch|p1a: Jolteon|Jolteon, F|100\/100\n|turn|11\n|inactive|Gravi2y has 240 seconds left.\n|\n|t:|1701067199\n|switch|p2a: Garganacl|Garganacl, M|100\/100\n|move|p1a: Jolteon|Thunderbolt|p2a: Garganacl\n|-damage|p2a: Garganacl|83\/100\n|\n|-weather|Sandstorm|[upkeep]\n|-damage|p1a: Jolteon|95\/100|[from] Sandstorm\n|upkeep\n|turn|12\n|\n|t:|1701067227\n|switch|p1a: Clefable|Clefable, F|38\/100\n|move|p2a: Garganacl|Stone Edge|p1a: Clefable\n|-damage|p1a: Clefable|0 fnt\n|faint|p1a: Clefable\n|\n|-weather|none\n|upkeep\n|\n|t:|1701067234\n|switch|p1a: Iron Moth|Iron Moth|100\/100\n|turn|13\n|inactive|Piggins has 120 seconds left.\n|\n|t:|1701067264\n|-terastallize|p1a: Iron Moth|Grass\n|move|p1a: Iron Moth|Energy Ball|p2a: Garganacl\n|-supereffective|p2a: Garganacl\n|-damage|p2a: Garganacl|17\/100\n|move|p2a: Garganacl|Salt Cure|p1a: Iron Moth\n|-damage|p1a: Iron Moth|65\/100\n|-start|p1a: Iron Moth|Salt Cure\n|\n|-damage|p1a: Iron Moth|53\/100|[from] Salt Cure\n|upkeep\n|turn|14\n|\n|t:|1701067282\n|-end|p1a: Iron Moth|Quark Drive|[silent]\n|switch|p1a: Jolteon|Jolteon, F|95\/100\n|switch|p2a: Tyranitar|Tyranitar, M|82\/100\n|-weather|Sandstorm|[from] ability: Sand Stream|[of] p2a: Tyranitar\n|\n|-weather|Sandstorm|[upkeep]\n|-damage|p1a: Jolteon|89\/100|[from] Sandstorm\n|upkeep\n|turn|15\n|inactive|Piggins has 120 seconds left.\n|\n|t:|1701067296\n|move|p1a: Jolteon|Thunder Wave|p2a: Tyranitar\n|-status|p2a: Tyranitar|par\n|move|p2a: Tyranitar|Knock Off|p1a: Jolteon\n|-damage|p1a: Jolteon|0 fnt\n|-enditem|p1a: Jolteon|Choice Scarf|[from] move: Knock Off|[of] p2a: Tyranitar\n|faint|p1a: Jolteon\n|\n|-weather|Sandstorm|[upkeep]\n|upkeep\n|\n|t:|1701067298\n|switch|p1a: Iron Moth|Iron Moth, tera:Grass|53\/100\n|turn|16\n|\n|t:|1701067310\n|move|p1a: Iron Moth|Energy Ball|p2a: Tyranitar\n|-supereffective|p2a: Tyranitar\n|-damage|p2a: Tyranitar|15\/100 par\n|move|p2a: Tyranitar|Knock Off|p1a: Iron Moth\n|-damage|p1a: Iron Moth|0 fnt\n|-enditem|p1a: Iron Moth|Choice Scarf|[from] move: Knock Off|[of] p2a: Tyranitar\n|faint|p1a: Iron Moth\n|-end|p1a: Iron Moth|Quark Drive|[silent]\n|\n|win|Gravi2y\n|c|\u2606Piggins|damn wp\n|c|\u2606Gravi2y|Ty\n|c|\u2606Gravi2y|ggs\n|c|\u2606Piggins|i wasnt ready\n|c|\u2606Piggins|sand rush didnt click in my brain\n|c|\u2606Piggins|its one of those days\n|c|\u2606Piggins|lol\n|c|\u2606Gravi2y|i only prepared for Kleavor and Clefable since I remember them wrecking me in our warmups weeks ago\n|l|\u2606Piggins\n|c|\u2606Gravi2y|Can you grab replay?\n|c|\u2606Gravi2y|nvm\n","uploadtime":1701067395,"views":28,"p1id":"piggins","p2id":"gravi2y","formatid":"gen9ou","rating":0,"private":0,"password":""}