{"id":"gen9ou-1995962988","p1":"slucin","p2":"Slime2225","format":"[Gen 9] OU","log":"|j|\u2606slucin\n|j|\u2606Slime2225\n|t:|1700622621\n|gametype|singles\n|player|p1|slucin|169|\n|player|p2|Slime2225|101|\n|teamsize|p1|6\n|teamsize|p2|6\n|gen|9\n|tier|[Gen 9] OU\n|rule|Sleep Clause Mod: Limit one foe put to sleep\n|rule|Species Clause: Limit one of each Pok\u00e9mon\n|rule|OHKO Clause: OHKO moves are banned\n|rule|Evasion Items Clause: Evasion items are banned\n|rule|Evasion Moves Clause: Evasion moves are banned\n|rule|Endless Battle Clause: Forcing endless battles is banned\n|rule|HP Percentage Mod: HP is shown in percentages\n|clearpoke\n|poke|p1|Zamazenta-*|\n|poke|p1|Kingambit, F|\n|poke|p1|Clodsire, F|\n|poke|p1|Skeledirge, F|\n|poke|p1|Armarouge, M|\n|poke|p1|Hoopa-Unbound|\n|poke|p2|Pelipper, F|\n|poke|p2|Basculegion-F, F|\n|poke|p2|Krookodile, F|\n|poke|p2|Floatzel, M|\n|poke|p2|Toxicroak, M|\n|poke|p2|Kilowattrel, F|\n|teampreview\n|\n|t:|1700622654\n|start\n|switch|p1a: Armarouge|Armarouge, M|100\/100\n|switch|p2a: Pelipper|Pelipper, F|100\/100\n|-weather|RainDance|[from] ability: Drizzle|[of] p2a: Pelipper\n|turn|1\n|\n|t:|1700622661\n|move|p1a: Armarouge|Calm Mind|p1a: Armarouge\n|-boost|p1a: Armarouge|spa|1\n|-boost|p1a: Armarouge|spd|1\n|move|p2a: Pelipper|Tailwind|p2a: Pelipper\n|-sidestart|p2: Slime2225|move: Tailwind\n|\n|-weather|RainDance|[upkeep]\n|upkeep\n|turn|2\n|\n|t:|1700622673\n|move|p2a: Pelipper|Hurricane|p1a: Armarouge\n|-damage|p1a: Armarouge|68\/100\n|move|p1a: Armarouge|Stored Power|p2a: Pelipper\n|-damage|p2a: Pelipper|34\/100\n|\n|-weather|RainDance|[upkeep]\n|upkeep\n|turn|3\n|\n|t:|1700622704\n|switch|p2a: Krookodile|Krookodile, F|100\/100\n|move|p1a: Armarouge|Aura Sphere|p2a: Krookodile\n|-supereffective|p2a: Krookodile\n|-enditem|p2a: Krookodile|Focus Sash\n|-damage|p2a: Krookodile|1\/100\n|\n|-weather|RainDance|[upkeep]\n|upkeep\n|turn|4\n|\n|t:|1700622724\n|switch|p1a: Kingambit|Kingambit, F|100\/100\n|move|p2a: Krookodile|Crunch|p1a: Kingambit\n|-resisted|p1a: Kingambit\n|-damage|p1a: Kingambit|85\/100\n|\n|-weather|RainDance|[upkeep]\n|-heal|p1a: Kingambit|91\/100|[from] item: Leftovers\n|-sideend|p2: Slime2225|move: Tailwind\n|upkeep\n|turn|5\n|\n|t:|1700622731\n|move|p1a: Kingambit|Sucker Punch|p2a: Krookodile\n|-resisted|p2a: Krookodile\n|-damage|p2a: Krookodile|0 fnt\n|faint|p2a: Krookodile\n|\n|-weather|RainDance|[upkeep]\n|-heal|p1a: Kingambit|98\/100|[from] item: Leftovers\n|upkeep\n|\n|t:|1700622744\n|switch|p2a: Toxicroak|Toxicroak, M|100\/100\n|turn|6\n|\n|t:|1700622750\n|-end|p1a: Kingambit|fallenundefined|[silent]\n|switch|p1a: Armarouge|Armarouge, M|68\/100\n|move|p2a: Toxicroak|Earthquake|p1a: Armarouge\n|-supereffective|p1a: Armarouge\n|-damage|p1a: Armarouge|0 fnt\n|faint|p1a: Armarouge\n|-damage|p2a: Toxicroak|91\/100|[from] item: Life Orb\n|\n|-weather|RainDance|[upkeep]\n|-heal|p2a: Toxicroak|100\/100|[from] ability: Dry Skin\n|upkeep\n|\n|t:|1700622759\n|switch|p1a: Hoopa|Hoopa-Unbound|100\/100\n|turn|7\n|\n|t:|1700622804\n|move|p2a: Toxicroak|Sucker Punch|p1a: Hoopa\n|-damage|p1a: Hoopa|53\/100\n|-damage|p2a: Toxicroak|91\/100|[from] item: Life Orb\n|move|p1a: Hoopa|Zen Headbutt|p2a: Toxicroak\n|-supereffective|p2a: Toxicroak\n|-damage|p2a: Toxicroak|0 fnt\n|faint|p2a: Toxicroak\n|\n|-weather|RainDance|[upkeep]\n|upkeep\n|\n|t:|1700622813\n|switch|p2a: Basculegion|Basculegion-F, F|100\/100\n|turn|8\n|\n|t:|1700622819\n|switch|p1a: Clodsire|Clodsire, F|100\/100\n|move|p2a: Basculegion|Shadow Ball|p1a: Clodsire\n|-damage|p1a: Clodsire|73\/100\n|-unboost|p1a: Clodsire|spd|1\n|-damage|p2a: Basculegion|91\/100|[from] item: Life Orb\n|\n|-weather|none\n|-heal|p1a: Clodsire|79\/100|[from] item: Leftovers\n|upkeep\n|turn|9\n|\n|t:|1700622846\n|switch|p1a: Kingambit|Kingambit, F|98\/100\n|-activate|p1a: Kingambit|ability: Supreme Overlord\n|-start|p1a: Kingambit|fallen1|[silent]\n|move|p2a: Basculegion|Surf|p1a: Kingambit\n|-damage|p1a: Kingambit|45\/100\n|-damage|p2a: Basculegion|81\/100|[from] item: Life Orb\n|\n|-heal|p1a: Kingambit|51\/100|[from] item: Leftovers\n|upkeep\n|turn|10\n|\n|t:|1700622856\n|switch|p2a: Pelipper|Pelipper, F|34\/100\n|-weather|RainDance|[from] ability: Drizzle|[of] p2a: Pelipper\n|move|p1a: Kingambit|Kowtow Cleave|p2a: Pelipper\n|-damage|p2a: Pelipper|0 fnt\n|faint|p2a: Pelipper\n|\n|-weather|RainDance|[upkeep]\n|-heal|p1a: Kingambit|57\/100|[from] item: Leftovers\n|upkeep\n|\n|t:|1700622873\n|switch|p2a: Basculegion|Basculegion-F, F|81\/100\n|turn|11\n|\n|t:|1700622887\n|move|p1a: Kingambit|Sucker Punch|p2a: Basculegion\n|-supereffective|p2a: Basculegion\n|-damage|p2a: Basculegion|0 fnt\n|faint|p2a: Basculegion\n|\n|-weather|RainDance|[upkeep]\n|-heal|p1a: Kingambit|63\/100|[from] item: Leftovers\n|upkeep\n|\n|t:|1700622891\n|switch|p2a: Floatzel|Floatzel, M|100\/100\n|turn|12\n|\n|t:|1700622894\n|-end|p1a: Kingambit|fallen1|[silent]\n|switch|p1a: Clodsire|Clodsire, F|79\/100\n|move|p2a: Floatzel|Bulk Up|p2a: Floatzel\n|-boost|p2a: Floatzel|atk|1\n|-boost|p2a: Floatzel|def|1\n|\n|-weather|RainDance|[upkeep]\n|-heal|p1a: Clodsire|85\/100|[from] item: Leftovers\n|upkeep\n|turn|13\n|\n|t:|1700622903\n|move|p2a: Floatzel|Bulk Up|p2a: Floatzel\n|-boost|p2a: Floatzel|atk|1\n|-boost|p2a: Floatzel|def|1\n|move|p1a: Clodsire|Toxic|p2a: Floatzel\n|-status|p2a: Floatzel|tox\n|\n|-weather|RainDance|[upkeep]\n|-heal|p1a: Clodsire|91\/100|[from] item: Leftovers\n|-damage|p2a: Floatzel|94\/100 tox|[from] psn\n|upkeep\n|turn|14\n|\n|t:|1700622911\n|move|p2a: Floatzel|Liquidation|p1a: Clodsire\n|-heal|p1a: Clodsire|100\/100|[from] ability: Water Absorb|[of] p2a: Floatzel\n|move|p1a: Clodsire|Earthquake|p2a: Floatzel\n|-damage|p2a: Floatzel|70\/100 tox\n|\n|-weather|RainDance|[upkeep]\n|-heal|p2a: Floatzel|76\/100 tox|[from] item: Leftovers\n|-damage|p2a: Floatzel|64\/100 tox|[from] psn\n|upkeep\n|turn|15\n|\n|t:|1700622914\n|move|p2a: Floatzel|Ice Spinner|p1a: Clodsire\n|-supereffective|p1a: Clodsire\n|-damage|p1a: Clodsire|0 fnt\n|faint|p1a: Clodsire\n|\n|-weather|RainDance|[upkeep]\n|-heal|p2a: Floatzel|70\/100 tox|[from] item: Leftovers\n|-damage|p2a: Floatzel|52\/100 tox|[from] psn\n|upkeep\n|\n|t:|1700622921\n|switch|p1a: Skeledirge|Skeledirge, F|100\/100\n|turn|16\n|\n|t:|1700622925\n|-terastallize|p1a: Skeledirge|Fairy\n|move|p2a: Floatzel|Aqua Jet|p1a: Skeledirge\n|-damage|p1a: Skeledirge|81\/100\n|move|p1a: Skeledirge|Hex|p2a: Floatzel\n|-damage|p2a: Floatzel|0 fnt\n|faint|p2a: Floatzel\n|\n|-weather|RainDance|[upkeep]\n|upkeep\n|\n|t:|1700622928\n|switch|p2a: Kilowattrel|Kilowattrel, F|100\/100\n|turn|17\n|\n|t:|1700622933\n|move|p2a: Kilowattrel|Thunder|p1a: Skeledirge\n|-damage|p1a: Skeledirge|39\/100\n|move|p1a: Skeledirge|Will-O-Wisp|p2a: Kilowattrel|[miss]\n|-miss|p1a: Skeledirge|p2a: Kilowattrel\n|\n|-weather|none\n|upkeep\n|turn|18\n|\n|t:|1700622952\n|move|p2a: Kilowattrel|Thunder|p1a: Skeledirge|[miss]\n|-miss|p2a: Kilowattrel|p1a: Skeledirge\n|move|p1a: Skeledirge|Slack Off|p1a: Skeledirge\n|-heal|p1a: Skeledirge|89\/100\n|\n|upkeep\n|turn|19\n|\n|t:|1700622956\n|move|p2a: Kilowattrel|Thunder|p1a: Skeledirge\n|-damage|p1a: Skeledirge|48\/100\n|move|p1a: Skeledirge|Will-O-Wisp|p2a: Kilowattrel\n|-status|p2a: Kilowattrel|brn\n|\n|-damage|p2a: Kilowattrel|94\/100 brn|[from] brn\n|upkeep\n|turn|20\n|\n|t:|1700622965\n|move|p2a: Kilowattrel|Hurricane|p1a: Skeledirge\n|-damage|p1a: Skeledirge|11\/100\n|move|p1a: Skeledirge|Hex|p2a: Kilowattrel\n|-damage|p2a: Kilowattrel|0 fnt\n|faint|p2a: Kilowattrel\n|\n|win|slucin\n|c|\u2606slucin|gg\n|l|\u2606Slime2225\n","uploadtime":1700622973,"views":13,"p1id":"slucin","p2id":"slime2225","formatid":"gen9ou","rating":0,"private":0,"password":""}