{"id":"gen9ou-1997125534","p1":"Tiiibbs","p2":"rainheimer","format":"[Gen 9] OU","log":"|j|\u2606Tiiibbs\n|j|\u2606rainheimer\n|t:|1700767075\n|gametype|singles\n|player|p1|Tiiibbs|clay|1591\n|player|p2|rainheimer|170|1571\n|teamsize|p1|6\n|teamsize|p2|6\n|gen|9\n|tier|[Gen 9] OU\n|rated|\n|rule|Sleep Clause Mod: Limit one foe put to sleep\n|rule|Species Clause: Limit one of each Pok\u00e9mon\n|rule|OHKO Clause: OHKO moves are banned\n|rule|Evasion Items Clause: Evasion items are banned\n|rule|Evasion Moves Clause: Evasion moves are banned\n|rule|Endless Battle Clause: Forcing endless battles is banned\n|rule|HP Percentage Mod: HP is shown in percentages\n|clearpoke\n|poke|p1|Kingambit, F|\n|poke|p1|Great Tusk|\n|poke|p1|Gholdengo|\n|poke|p1|Iron Valiant|\n|poke|p1|Amoonguss, F|\n|poke|p1|Ting-Lu|\n|poke|p2|Samurott-Hisui, F|\n|poke|p2|Pelipper, M|\n|poke|p2|Zapdos|\n|poke|p2|Scizor, F|\n|poke|p2|Barraskewda, F|\n|poke|p2|Amoonguss, M|\n|teampreview\n|inactive|Battle timer is ON: inactive players will automatically lose when time's up. (requested by Tiiibbs)\n|j| Heihachi Mishima\n|\n|t:|1700767096\n|start\n|switch|p1a: Gholden Joe|Gholdengo|100\/100\n|switch|p2a: Barraskewda|Barraskewda, F|100\/100\n|-item|p1a: Gholden Joe|Air Balloon\n|turn|1\n|\n|t:|1700767108\n|switch|p1a: Luh Mogus|Amoonguss, F, shiny|100\/100\n|move|p2a: Barraskewda|Flip Turn|p1a: Luh Mogus\n|-resisted|p1a: Luh Mogus\n|-damage|p1a: Luh Mogus|83\/100\n|\n|t:|1700767115\n|switch|p2a: Pelipper|Pelipper, M|100\/100|[from] Flip Turn\n|-weather|RainDance|[from] ability: Drizzle|[of] p2a: Pelipper\n|\n|-weather|RainDance|[upkeep]\n|upkeep\n|turn|2\n|l| Heihachi Mishima\n|\n|t:|1700767123\n|switch|p1a: Ting Louie|Ting-Lu|100\/100\n|-ability|p1a: Ting Louie|Vessel of Ruin\n|move|p2a: Pelipper|Hurricane|p1a: Ting Louie\n|-damage|p1a: Ting Louie|80\/100\n|\n|-weather|RainDance|[upkeep]\n|-heal|p1a: Ting Louie|87\/100|[from] item: Leftovers\n|upkeep\n|turn|3\n|\n|t:|1700767133\n|switch|p2a: Barraskewda|Barraskewda, F|100\/100\n|-terastallize|p1a: Ting Louie|Water\n|move|p1a: Ting Louie|Stealth Rock|p2a: Barraskewda\n|-sidestart|p2: rainheimer|move: Stealth Rock\n|\n|-weather|RainDance|[upkeep]\n|-heal|p1a: Ting Louie|93\/100|[from] item: Leftovers\n|upkeep\n|turn|4\n|\n|t:|1700767143\n|switch|p1a: Luh Mogus|Amoonguss, F, shiny|100\/100\n|move|p2a: Barraskewda|Flip Turn|p1a: Luh Mogus\n|-resisted|p1a: Luh Mogus\n|-damage|p1a: Luh Mogus|73\/100\n|\n|t:|1700767150\n|switch|p2a: Zapdos|Zapdos|100\/100|[from] Flip Turn\n|-ability|p2a: Zapdos|Pressure\n|\n|-weather|RainDance|[upkeep]\n|upkeep\n|turn|5\n|\n|t:|1700767154\n|switch|p1a: LUH TUSKA|Great Tusk|100\/100\n|move|p2a: Zapdos|Hurricane|p1a: LUH TUSKA\n|-supereffective|p1a: LUH TUSKA\n|-damage|p1a: LUH TUSKA|0 fnt\n|faint|p1a: LUH TUSKA\n|-end|p1a: LUH TUSKA|Protosynthesis|[silent]\n|\n|-weather|RainDance|[upkeep]\n|upkeep\n|\n|t:|1700767157\n|switch|p1a: GalladeRunner2049|Iron Valiant|100\/100\n|-enditem|p1a: GalladeRunner2049|Booster Energy\n|-activate|p1a: GalladeRunner2049|ability: Quark Drive|[fromitem]\n|-start|p1a: GalladeRunner2049|quarkdrivespe\n|turn|6\n|\n|t:|1700767161\n|switch|p2a: Amoonguss|Amoonguss, M|100\/100\n|-damage|p2a: Amoonguss|88\/100|[from] Stealth Rock\n|move|p1a: GalladeRunner2049|Moonblast|p2a: Amoonguss\n|-resisted|p2a: Amoonguss\n|-damage|p2a: Amoonguss|67\/100\n|-unboost|p2a: Amoonguss|spa|1\n|\n|-weather|RainDance|[upkeep]\n|upkeep\n|turn|7\n|\n|t:|1700767170\n|-end|p1a: GalladeRunner2049|Quark Drive|[silent]\n|switch|p1a: Luh Mogus|Amoonguss, F, shiny|100\/100\n|move|p2a: Amoonguss|Spore|p1a: Luh Mogus\n|-immune|p1a: Luh Mogus\n|\n|-weather|RainDance|[upkeep]\n|upkeep\n|turn|8\n|\n|t:|1700767179\n|move|p2a: Amoonguss|Clear Smog|p1a: Luh Mogus\n|-damage|p1a: Luh Mogus|86\/100\n|-clearboost|p1a: Luh Mogus\n|move|p1a: Luh Mogus|Sludge Bomb|p2a: Amoonguss\n|-damage|p2a: Amoonguss|41\/100\n|\n|-weather|none\n|upkeep\n|turn|9\n|\n|t:|1700767183\n|switch|p2a: Scizor|Scizor, F|100\/100\n|-damage|p2a: Scizor|88\/100|[from] Stealth Rock\n|move|p1a: Luh Mogus|Spore|p2a: Scizor\n|-status|p2a: Scizor|slp|[from] move: Spore\n|\n|upkeep\n|turn|10\n|\n|t:|1700767188\n|switch|p2a: Pelipper|Pelipper, M|100\/100\n|-damage|p2a: Pelipper|76\/100|[from] Stealth Rock\n|-weather|RainDance|[from] ability: Drizzle|[of] p2a: Pelipper\n|switch|p1a: The Culling|Kingambit, F|100\/100\n|-activate|p1a: The Culling|ability: Supreme Overlord\n|-start|p1a: The Culling|fallen1|[silent]\n|\n|-weather|RainDance|[upkeep]\n|upkeep\n|turn|11\n|\n|t:|1700767193\n|move|p1a: The Culling|Sucker Punch|p2a: Pelipper\n|-damage|p2a: Pelipper|28\/100\n|move|p2a: Pelipper|Surf|p1a: The Culling\n|-damage|p1a: The Culling|40\/100\n|\n|-weather|RainDance|[upkeep]\n|-heal|p1a: The Culling|46\/100|[from] item: Leftovers\n|upkeep\n|turn|12\n|\n|t:|1700767201\n|switch|p2a: Samurott|Samurott-Hisui, F|100\/100\n|-damage|p2a: Samurott|88\/100|[from] Stealth Rock\n|move|p1a: The Culling|Kowtow Cleave|p2a: Samurott\n|-resisted|p2a: Samurott\n|-damage|p2a: Samurott|54\/100\n|\n|-weather|RainDance|[upkeep]\n|-heal|p1a: The Culling|52\/100|[from] item: Leftovers\n|upkeep\n|turn|13\n|\n|t:|1700767209\n|switch|p2a: Zapdos|Zapdos|100\/100\n|-ability|p2a: Zapdos|Pressure\n|-end|p1a: The Culling|fallen1|[silent]\n|switch|p1a: Luh Mogus|Amoonguss, F, shiny|100\/100\n|\n|-weather|RainDance|[upkeep]\n|upkeep\n|turn|14\n|\n|t:|1700767220\n|switch|p1a: Ting Louie|Ting-Lu, tera:Water|93\/100\n|-ability|p1a: Ting Louie|Vessel of Ruin\n|move|p2a: Zapdos|Hurricane|p1a: Ting Louie\n|-damage|p1a: Ting Louie|71\/100\n|\n|-weather|RainDance|[upkeep]\n|-heal|p1a: Ting Louie|77\/100|[from] item: Leftovers\n|upkeep\n|turn|15\n|\n|t:|1700767234\n|move|p2a: Zapdos|Thunder|p1a: Ting Louie\n|-supereffective|p1a: Ting Louie\n|-damage|p1a: Ting Louie|32\/100\n|move|p1a: Ting Louie|Throat Chop|p2a: Zapdos\n|-damage|p2a: Zapdos|62\/100\n|-start|p2a: Zapdos|Throat Chop|[silent]\n|\n|-weather|RainDance|[upkeep]\n|-heal|p1a: Ting Louie|38\/100|[from] item: Leftovers\n|upkeep\n|turn|16\n|\n|t:|1700767246\n|move|p2a: Zapdos|Thunder|p1a: Ting Louie\n|-supereffective|p1a: Ting Louie\n|-damage|p1a: Ting Louie|0 fnt\n|faint|p1a: Ting Louie\n|\n|-weather|RainDance|[upkeep]\n|-end|p2a: Zapdos|Throat Chop|[silent]\n|upkeep\n|\n|t:|1700767250\n|switch|p1a: GalladeRunner2049|Iron Valiant|100\/100\n|turn|17\n|\n|t:|1700767258\n|move|p1a: GalladeRunner2049|Knock Off|p2a: Zapdos\n|-damage|p2a: Zapdos|30\/100\n|-enditem|p2a: Zapdos|Heavy-Duty Boots|[from] move: Knock Off|[of] p1a: GalladeRunner2049\n|move|p2a: Zapdos|Hurricane|p1a: GalladeRunner2049\n|-supereffective|p1a: GalladeRunner2049\n|-damage|p1a: GalladeRunner2049|0 fnt\n|faint|p1a: GalladeRunner2049\n|-end|p1a: GalladeRunner2049|Quark Drive|[silent]\n|\n|-weather|none\n|upkeep\n|\n|t:|1700767265\n|switch|p1a: The Culling|Kingambit, F|52\/100\n|-activate|p1a: The Culling|ability: Supreme Overlord\n|-start|p1a: The Culling|fallen3|[silent]\n|turn|18\n|\n|t:|1700767273\n|move|p1a: The Culling|Sucker Punch||[still]\n|-fail|p1a: The Culling\n|move|p2a: Zapdos|Roost|p2a: Zapdos\n|-heal|p2a: Zapdos|81\/100\n|-singleturn|p2a: Zapdos|move: Roost\n|\n|-heal|p1a: The Culling|58\/100|[from] item: Leftovers\n|upkeep\n|turn|19\n|\n|t:|1700767281\n|-end|p1a: The Culling|fallen3|[silent]\n|switch|p1a: Luh Mogus|Amoonguss, F, shiny|100\/100\n|move|p2a: Zapdos|Volt Switch|p1a: Luh Mogus\n|-resisted|p1a: Luh Mogus\n|-damage|p1a: Luh Mogus|83\/100\n|\n|t:|1700767287\n|switch|p2a: Pelipper|Pelipper, M|28\/100|[from] Volt Switch\n|-damage|p2a: Pelipper|3\/100|[from] Stealth Rock\n|-weather|RainDance|[from] ability: Drizzle|[of] p2a: Pelipper\n|\n|-weather|RainDance|[upkeep]\n|upkeep\n|turn|20\n|\n|t:|1700767296\n|move|p2a: Pelipper|Hurricane|p1a: Luh Mogus\n|-supereffective|p1a: Luh Mogus\n|-damage|p1a: Luh Mogus|0 fnt\n|faint|p1a: Luh Mogus\n|\n|-weather|RainDance|[upkeep]\n|upkeep\n|\n|t:|1700767298\n|switch|p1a: The Culling|Kingambit, F|58\/100\n|-activate|p1a: The Culling|ability: Supreme Overlord\n|-start|p1a: The Culling|fallen4|[silent]\n|turn|21\n|\n|t:|1700767302\n|move|p1a: The Culling|Sucker Punch|p2a: Pelipper\n|-damage|p2a: Pelipper|0 fnt\n|faint|p2a: Pelipper\n|\n|-weather|RainDance|[upkeep]\n|-heal|p1a: The Culling|65\/100|[from] item: Leftovers\n|upkeep\n|\n|t:|1700767313\n|switch|p2a: Samurott|Samurott-Hisui, F|54\/100\n|-damage|p2a: Samurott|42\/100|[from] Stealth Rock\n|turn|22\n|\n|t:|1700767319\n|move|p1a: The Culling|Sucker Punch|p2a: Samurott\n|-resisted|p2a: Samurott\n|-damage|p2a: Samurott|2\/100\n|move|p2a: Samurott|Aqua Cutter|p1a: The Culling\n|-damage|p1a: The Culling|0 fnt\n|faint|p1a: The Culling\n|-end|p1a: The Culling|fallen4|[silent]\n|\n|-weather|RainDance|[upkeep]\n|upkeep\n|-message|Tiiibbs forfeited.\n|\n|win|rainheimer\n|raw|Tiiibbs's rating: 1591 &rarr; <strong>1570<\/strong><br \/>(-21 for losing)\n|raw|rainheimer's rating: 1571 &rarr; <strong>1592<\/strong><br \/>(+21 for winning)\n|l|\u2606Tiiibbs\n","uploadtime":1700767339,"views":7,"p1id":"tiiibbs","p2id":"rainheimer","formatid":"gen9ou","rating":1570,"private":0,"password":""}