{"id":"gen9ou-1989494761","p1":"moero","p2":"RSDPM","format":"[Gen 9] OU","log":"|j|\u2606moero\n|j|\u2606RSDPM\n|t:|1699860239\n|gametype|singles\n|player|p1|moero|roxanne|1345\n|player|p2|RSDPM|riley|1329\n|teamsize|p1|6\n|teamsize|p2|6\n|gen|9\n|tier|[Gen 9] OU\n|rated|\n|rule|Sleep Clause Mod: Limit one foe put to sleep\n|rule|Species Clause: Limit one of each Pok\u00e9mon\n|rule|OHKO Clause: OHKO moves are banned\n|rule|Evasion Items Clause: Evasion items are banned\n|rule|Evasion Moves Clause: Evasion moves are banned\n|rule|Endless Battle Clause: Forcing endless battles is banned\n|rule|HP Percentage Mod: HP is shown in percentages\n|clearpoke\n|poke|p1|Meowscarada, M|\n|poke|p1|Cinderace, F|\n|poke|p1|Ogerpon-Cornerstone, F|\n|poke|p1|Quagsire, M|\n|poke|p1|Kingambit, F|\n|poke|p1|Iron Valiant|\n|poke|p2|Wyrdeer, M|\n|poke|p2|Kleavor, F|\n|poke|p2|Ursaluna, M|\n|poke|p2|Basculegion-F, F|\n|poke|p2|Sneasler, F|\n|poke|p2|Overqwil, F|\n|teampreview\n|\n|t:|1699860255\n|start\n|switch|p1a: Ogerpon|Ogerpon-Cornerstone, F|100\/100\n|switch|p2a: Overqwil|Overqwil, F|100\/100\n|-ability|p2a: Overqwil|Intimidate|boost\n|-unboost|p1a: Ogerpon|atk|1\n|turn|1\n|inactive|Battle timer is ON: inactive players will automatically lose when time's up. (requested by RSDPM)\n|\n|t:|1699860270\n|move|p1a: Ogerpon|Swords Dance|p1a: Ogerpon\n|-boost|p1a: Ogerpon|atk|2\n|move|p2a: Overqwil|Toxic|p1a: Ogerpon\n|-status|p1a: Ogerpon|tox\n|\n|-damage|p1a: Ogerpon|95\/100 tox|[from] psn\n|upkeep\n|turn|2\n|j| disgust665+1\n|l| disgust665+1\n|\n|t:|1699860281\n|move|p1a: Ogerpon|Ivy Cudgel|p2a: Overqwil\n|-damage|p2a: Overqwil|41\/100\n|move|p2a: Overqwil|Barb Barrage|p1a: Ogerpon\n|-damage|p1a: Ogerpon|36\/100 tox\n|\n|-heal|p2a: Overqwil|47\/100|[from] item: Black Sludge\n|-damage|p1a: Ogerpon|24\/100 tox|[from] psn\n|upkeep\n|turn|3\n|\n|t:|1699860291\n|move|p2a: Overqwil|Protect|p2a: Overqwil\n|-singleturn|p2a: Overqwil|Protect\n|move|p1a: Ogerpon|Ivy Cudgel|p2a: Overqwil\n|-activate|p2a: Overqwil|move: Protect\n|\n|-heal|p2a: Overqwil|53\/100|[from] item: Black Sludge\n|-damage|p1a: Ogerpon|6\/100 tox|[from] psn\n|upkeep\n|turn|4\n|\n|t:|1699860300\n|move|p2a: Overqwil|Protect||[still]\n|-fail|p2a: Overqwil\n|move|p1a: Ogerpon|Wood Hammer|p2a: Overqwil\n|-resisted|p2a: Overqwil\n|-damage|p2a: Overqwil|16\/100\n|-damage|p1a: Ogerpon|0 fnt|[from] Recoil\n|faint|p1a: Ogerpon\n|\n|-heal|p2a: Overqwil|22\/100|[from] item: Black Sludge\n|upkeep\n|\n|t:|1699860310\n|switch|p1a: Cinderace|Cinderace, F|100\/100\n|turn|5\n|\n|t:|1699860314\n|move|p2a: Overqwil|Protect|p2a: Overqwil\n|-singleturn|p2a: Overqwil|Protect\n|move|p1a: Cinderace|Pyro Ball|p2a: Overqwil\n|-activate|p2a: Overqwil|move: Protect\n|\n|-heal|p2a: Overqwil|28\/100|[from] item: Black Sludge\n|upkeep\n|turn|6\n|\n|t:|1699860323\n|switch|p2a: Basculegion|Basculegion-F, F|100\/100\n|move|p1a: Cinderace|Pyro Ball|p2a: Basculegion\n|-resisted|p2a: Basculegion\n|-damage|p2a: Basculegion|61\/100\n|-status|p2a: Basculegion|brn\n|\n|-damage|p2a: Basculegion|55\/100 brn|[from] brn\n|upkeep\n|turn|7\n|\n|t:|1699860333\n|move|p1a: Cinderace|U-turn|p2a: Basculegion\n|-resisted|p2a: Basculegion\n|-damage|p2a: Basculegion|38\/100 brn\n|\n|t:|1699860339\n|switch|p1a: Meowscarada|Meowscarada, M|100\/100|[from] U-turn\n|move|p2a: Basculegion|Surf|p1a: Meowscarada\n|-resisted|p1a: Meowscarada\n|-damage|p1a: Meowscarada|52\/100\n|-damage|p2a: Basculegion|28\/100 brn|[from] item: Life Orb\n|\n|-damage|p2a: Basculegion|22\/100 brn|[from] brn\n|upkeep\n|turn|8\n|\n|t:|1699860351\n|switch|p2a: Overqwil|Overqwil, F|28\/100\n|-ability|p2a: Overqwil|Intimidate|boost\n|-unboost|p1a: Meowscarada|atk|1\n|move|p1a: Meowscarada|Knock Off|p2a: Overqwil\n|-start|p1a: Meowscarada|typechange|Dark|[from] ability: Protean\n|-resisted|p2a: Overqwil\n|-damage|p2a: Overqwil|17\/100\n|-enditem|p2a: Overqwil|Black Sludge|[from] move: Knock Off|[of] p1a: Meowscarada\n|\n|upkeep\n|turn|9\n|\n|t:|1699860357\n|move|p1a: Meowscarada|Spikes|p2a: Overqwil\n|-sidestart|p2: RSDPM|Spikes\n|move|p2a: Overqwil|Toxic|p1a: Meowscarada\n|-status|p1a: Meowscarada|tox\n|\n|-damage|p1a: Meowscarada|46\/100 tox|[from] psn\n|upkeep\n|turn|10\n|\n|t:|1699860365\n|move|p1a: Meowscarada|Spikes|p2a: Overqwil\n|-sidestart|p2: RSDPM|Spikes\n|move|p2a: Overqwil|Spikes|p1a: Meowscarada\n|-sidestart|p1: moero|Spikes\n|\n|-damage|p1a: Meowscarada|34\/100 tox|[from] psn\n|upkeep\n|turn|11\n|\n|t:|1699860372\n|switch|p1a: Cinderace|Cinderace, F|100\/100\n|move|p2a: Overqwil|Protect||[still]\n|-fail|p2a: Overqwil\n|\n|upkeep\n|turn|12\n|\n|t:|1699860380\n|move|p1a: Cinderace|Pyro Ball|p2a: Overqwil\n|-damage|p2a: Overqwil|0 fnt\n|faint|p2a: Overqwil\n|\n|upkeep\n|\n|t:|1699860387\n|switch|p2a: Kleavor|Kleavor, F|100\/100\n|-damage|p2a: Kleavor|84\/100|[from] Spikes\n|turn|13\n|\n|t:|1699860401\n|move|p2a: Kleavor|Stone Axe|p1a: Cinderace\n|-supereffective|p1a: Cinderace\n|-damage|p1a: Cinderace|0 fnt\n|-sidestart|p1: moero|move: Stealth Rock\n|faint|p1a: Cinderace\n|\n|upkeep\n|\n|t:|1699860406\n|switch|p1a: Kingambit|Kingambit, F|100\/100\n|-damage|p1a: Kingambit|88\/100|[from] Spikes\n|-damage|p1a: Kingambit|82\/100|[from] Stealth Rock\n|-activate|p1a: Kingambit|ability: Supreme Overlord\n|-start|p1a: Kingambit|fallen2|[silent]\n|turn|14\n|\n|t:|1699860413\n|switch|p2a: Ursaluna|Ursaluna, M|100\/100\n|-damage|p2a: Ursaluna|84\/100|[from] Spikes\n|move|p1a: Kingambit|Iron Head|p2a: Ursaluna\n|-damage|p2a: Ursaluna|47\/100\n|\n|-status|p2a: Ursaluna|brn|[from] item: Flame Orb\n|upkeep\n|turn|15\n|\n|t:|1699860440\n|-end|p1a: Kingambit|fallen2|[silent]\n|switch|p1a: Meowscarada|Meowscarada, M|34\/100 tox\n|move|p2a: Ursaluna|Drain Punch|p1a: Meowscarada\n|-supereffective|p1a: Meowscarada\n|-damage|p1a: Meowscarada|0 fnt\n|-heal|p2a: Ursaluna|57\/100 brn|[from] drain|[of] p1a: Meowscarada\n|faint|p1a: Meowscarada\n|\n|-damage|p2a: Ursaluna|51\/100 brn|[from] brn\n|upkeep\n|\n|t:|1699860450\n|switch|p1a: Iron Valiant|Iron Valiant|100\/100\n|-damage|p1a: Iron Valiant|88\/100|[from] Spikes\n|-damage|p1a: Iron Valiant|82\/100|[from] Stealth Rock\n|-enditem|p1a: Iron Valiant|Booster Energy\n|-activate|p1a: Iron Valiant|ability: Quark Drive|[fromitem]\n|-start|p1a: Iron Valiant|quarkdrivespe\n|turn|16\n|\n|t:|1699860463\n|-terastallize|p2a: Ursaluna|Ghost\n|move|p1a: Iron Valiant|Aura Sphere|p2a: Ursaluna\n|-immune|p2a: Ursaluna\n|move|p2a: Ursaluna|Facade|p1a: Iron Valiant\n|-damage|p1a: Iron Valiant|0 fnt\n|faint|p1a: Iron Valiant\n|-end|p1a: Iron Valiant|Quark Drive|[silent]\n|\n|-damage|p2a: Ursaluna|45\/100 brn|[from] brn\n|upkeep\n|\n|t:|1699860470\n|switch|p1a: Kingambit|Kingambit, F|82\/100\n|-damage|p1a: Kingambit|69\/100|[from] Spikes\n|-damage|p1a: Kingambit|63\/100|[from] Stealth Rock\n|-activate|p1a: Kingambit|ability: Supreme Overlord\n|-start|p1a: Kingambit|fallen4|[silent]\n|turn|17\n|\n|t:|1699860481\n|move|p1a: Kingambit|Sucker Punch|p2a: Ursaluna\n|-supereffective|p2a: Ursaluna\n|-damage|p2a: Ursaluna|0 fnt\n|faint|p2a: Ursaluna\n|\n|upkeep\n|\n|t:|1699860488\n|switch|p2a: Sneasler|Sneasler, F|100\/100\n|-damage|p2a: Sneasler|84\/100|[from] Spikes\n|turn|18\n|\n|t:|1699860494\n|-terastallize|p1a: Kingambit|Flying\n|move|p2a: Sneasler|Bulk Up|p2a: Sneasler\n|-boost|p2a: Sneasler|atk|1\n|-boost|p2a: Sneasler|def|1\n|move|p1a: Kingambit|Iron Head|p2a: Sneasler\n|-damage|p2a: Sneasler|12\/100\n|-enditem|p2a: Sneasler|Red Card|[of] p1a: Kingambit\n|-end|p1a: Kingambit|fallen4|[silent]\n|drag|p1a: Quagsire|Quagsire, M|100\/100\n|-damage|p1a: Quagsire|88\/100|[from] Spikes\n|-damage|p1a: Quagsire|82\/100|[from] Stealth Rock\n|\n|-heal|p1a: Quagsire|88\/100|[from] item: Leftovers\n|upkeep\n|turn|19\n|\n|t:|1699860517\n|move|p2a: Sneasler|Close Combat|p1a: Quagsire\n|-damage|p1a: Quagsire|41\/100\n|-unboost|p2a: Sneasler|def|1\n|-unboost|p2a: Sneasler|spd|1\n|move|p1a: Quagsire|Earthquake|p2a: Sneasler\n|-supereffective|p2a: Sneasler\n|-damage|p2a: Sneasler|0 fnt\n|faint|p2a: Sneasler\n|\n|-heal|p1a: Quagsire|47\/100|[from] item: Leftovers\n|upkeep\n|\n|t:|1699860530\n|switch|p2a: Kleavor|Kleavor, F|84\/100\n|-damage|p2a: Kleavor|68\/100|[from] Spikes\n|turn|20\n|\n|t:|1699860536\n|move|p2a: Kleavor|X-Scissor|p1a: Quagsire\n|-damage|p1a: Quagsire|3\/100\n|move|p1a: Quagsire|Recover|p1a: Quagsire\n|-heal|p1a: Quagsire|53\/100\n|\n|-heal|p1a: Quagsire|59\/100|[from] item: Leftovers\n|upkeep\n|turn|21\n|\n|t:|1699860543\n|move|p2a: Kleavor|X-Scissor|p1a: Quagsire\n|-damage|p1a: Quagsire|12\/100\n|move|p1a: Quagsire|Recover|p1a: Quagsire\n|-heal|p1a: Quagsire|62\/100\n|\n|-heal|p1a: Quagsire|69\/100|[from] item: Leftovers\n|upkeep\n|turn|22\n|\n|t:|1699860549\n|move|p2a: Kleavor|X-Scissor|p1a: Quagsire\n|-crit|p1a: Quagsire\n|-damage|p1a: Quagsire|0 fnt\n|faint|p1a: Quagsire\n|\n|upkeep\n|\n|t:|1699860552\n|switch|p1a: Kingambit|Kingambit, F, tera:Flying|63\/100\n|-damage|p1a: Kingambit|38\/100|[from] Stealth Rock\n|-activate|p1a: Kingambit|ability: Supreme Overlord\n|-start|p1a: Kingambit|fallen5|[silent]\n|turn|23\n|\n|t:|1699860559\n|move|p1a: Kingambit|Sucker Punch|p2a: Kleavor\n|-crit|p2a: Kleavor\n|-damage|p2a: Kleavor|0 fnt\n|faint|p2a: Kleavor\n|\n|upkeep\n|\n|t:|1699860565\n|switch|p2a: Basculegion|Basculegion-F, F|22\/100 brn\n|-damage|p2a: Basculegion|6\/100 brn|[from] Spikes\n|turn|24\n|\n|t:|1699860570\n|move|p2a: Basculegion|Aqua Jet|p1a: Kingambit\n|-damage|p1a: Kingambit|30\/100\n|-damage|p2a: Basculegion|0 fnt|[from] item: Life Orb\n|faint|p2a: Basculegion\n|move|p1a: Kingambit|Sucker Punch|p2: Basculegion|[notarget]\n|-fail|p1a: Kingambit\n|\n|upkeep\n|\n|t:|1699860573\n|switch|p2a: Wyrdeer|Wyrdeer, M|100\/100\n|-damage|p2a: Wyrdeer|84\/100|[from] Spikes\n|turn|25\n|\n|t:|1699860578\n|move|p2a: Wyrdeer|Calm Mind|p2a: Wyrdeer\n|-boost|p2a: Wyrdeer|spa|1\n|-boost|p2a: Wyrdeer|spd|1\n|move|p1a: Kingambit|Kowtow Cleave|p2a: Wyrdeer\n|-supereffective|p2a: Wyrdeer\n|-damage|p2a: Wyrdeer|0 fnt\n|faint|p2a: Wyrdeer\n|\n|win|moero\n|raw|moero's rating: 1345 &rarr; <strong>1364<\/strong><br \/>(+19 for winning)\n|raw|RSDPM's rating: 1329 &rarr; <strong>1310<\/strong><br \/>(-19 for losing)\n|l|\u2606moero\n","uploadtime":1699860594,"views":9,"p1id":"moero","p2id":"rsdpm","formatid":"gen9ou","rating":1310,"private":0,"password":""}