{"id":"gen9ou-1995500516","p1":"Slo Overdose","p2":"tua94892","format":"[Gen 9] OU","log":"|j|\u2606Slo Overdose\n|j|\u2606tua94892\n|t:|1700577496\n|gametype|singles\n|player|p1|Slo Overdose|anabel|1433\n|player|p2|tua94892|2|1412\n|teamsize|p1|6\n|teamsize|p2|6\n|gen|9\n|tier|[Gen 9] OU\n|rated|\n|rule|Sleep Clause Mod: Limit one foe put to sleep\n|rule|Species Clause: Limit one of each Pok\u00e9mon\n|rule|OHKO Clause: OHKO moves are banned\n|rule|Evasion Items Clause: Evasion items are banned\n|rule|Evasion Moves Clause: Evasion moves are banned\n|rule|Endless Battle Clause: Forcing endless battles is banned\n|rule|HP Percentage Mod: HP is shown in percentages\n|clearpoke\n|poke|p1|Iron Treads|\n|poke|p1|Iron Jugulis|\n|poke|p1|Iron Leaves|\n|poke|p1|Iron Hands|\n|poke|p1|Iron Valiant|\n|poke|p1|Dragapult, M|\n|poke|p2|Scizor, M|\n|poke|p2|Zapdos|\n|poke|p2|Iron Valiant|\n|poke|p2|Hoopa-Unbound|\n|poke|p2|Ceruledge, M|\n|poke|p2|Landorus-Therian, M|\n|teampreview\n|inactive|Battle timer is ON: inactive players will automatically lose when time's up. (requested by Slo Overdose)\n|\n|t:|1700577502\n|start\n|switch|p1a: Dragapult|Dragapult, M|100\/100\n|switch|p2a: Hoopa|Hoopa-Unbound|100\/100\n|turn|1\n|\n|t:|1700577508\n|switch|p2a: Landorus|Landorus-Therian, M|100\/100\n|-ability|p2a: Landorus|Intimidate|boost\n|-unboost|p1a: Dragapult|atk|1\n|move|p1a: Dragapult|U-turn|p2a: Landorus\n|-resisted|p2a: Landorus\n|-damage|p2a: Landorus|97\/100\n|-damage|p1a: Dragapult|84\/100|[from] item: Rocky Helmet|[of] p2a: Landorus\n|inactive|Slo Overdose has 120 seconds left.\n|\n|t:|1700577547\n|switch|p1a: Iron Jugulis|Iron Jugulis|100\/100|[from] U-turn\n|-enditem|p1a: Iron Jugulis|Booster Energy\n|-activate|p1a: Iron Jugulis|ability: Quark Drive|[fromitem]\n|-start|p1a: Iron Jugulis|quarkdrivespe\n|\n|upkeep\n|turn|2\n|inactive|Slo Overdose has 120 seconds left.\n|\n|t:|1700577556\n|move|p1a: Iron Jugulis|Hurricane|p2a: Landorus\n|-damage|p2a: Landorus|45\/100\n|move|p2a: Landorus|Stone Edge|p1a: Iron Jugulis\n|-supereffective|p1a: Iron Jugulis\n|-damage|p1a: Iron Jugulis|21\/100\n|\n|upkeep\n|turn|3\n|\n|t:|1700577563\n|switch|p2a: Zapdos|Zapdos|100\/100\n|move|p1a: Iron Jugulis|Hurricane|p2a: Zapdos\n|-resisted|p2a: Zapdos\n|-damage|p2a: Zapdos|77\/100\n|\n|upkeep\n|turn|4\n|\n|t:|1700577578\n|move|p1a: Iron Jugulis|Dark Pulse|p2a: Zapdos\n|-damage|p2a: Zapdos|46\/100\n|move|p2a: Zapdos|U-turn|p1a: Iron Jugulis\n|-damage|p1a: Iron Jugulis|6\/100\n|\n|t:|1700577583\n|switch|p2a: Scizor|Scizor, M|100\/100|[from] U-turn\n|\n|upkeep\n|turn|5\n|\n|t:|1700577587\n|-end|p1a: Iron Jugulis|Quark Drive|[silent]\n|switch|p1a: Iron Treads|Iron Treads|100\/100\n|-enditem|p1a: Iron Treads|Booster Energy\n|-activate|p1a: Iron Treads|ability: Quark Drive|[fromitem]\n|-start|p1a: Iron Treads|quarkdrivespe\n|move|p2a: Scizor|Bullet Punch|p1a: Iron Treads\n|-resisted|p1a: Iron Treads\n|-crit|p1a: Iron Treads\n|-damage|p1a: Iron Treads|77\/100\n|\n|upkeep\n|turn|6\n|\n|t:|1700577603\n|move|p1a: Iron Treads|Stealth Rock|p2a: Scizor\n|-sidestart|p2: tua94892|move: Stealth Rock\n|move|p2a: Scizor|U-turn|p1a: Iron Treads\n|-resisted|p1a: Iron Treads\n|-damage|p1a: Iron Treads|58\/100\n|\n|t:|1700577608\n|switch|p2a: Landorus|Landorus-Therian, M|45\/100|[from] U-turn\n|-damage|p2a: Landorus|33\/100|[from] Stealth Rock\n|-ability|p2a: Landorus|Intimidate|boost\n|-unboost|p1a: Iron Treads|atk|1\n|\n|upkeep\n|turn|7\n|\n|t:|1700577614\n|move|p1a: Iron Treads|Steel Beam|p2a: Landorus\n|-damage|p2a: Landorus|0 fnt\n|-damage|p1a: Iron Treads|8\/100|[from] steelbeam\n|faint|p2a: Landorus\n|\n|upkeep\n|\n|t:|1700577619\n|switch|p2a: Scizor|Scizor, M|100\/100\n|turn|8\n|\n|t:|1700577624\n|move|p1a: Iron Treads|Earthquake|p2a: Scizor\n|-damage|p2a: Scizor|71\/100\n|move|p2a: Scizor|Defog|p1a: Iron Treads\n|-unboost|p1a: Iron Treads|evasion|1\n|-sideend|p2: tua94892|Stealth Rock|[from] move: Defog|[of] p2a: Scizor\n|\n|upkeep\n|turn|9\n|\n|t:|1700577631\n|move|p2a: Scizor|Bullet Punch|p1a: Iron Treads\n|-resisted|p1a: Iron Treads\n|-damage|p1a: Iron Treads|0 fnt\n|faint|p1a: Iron Treads\n|-end|p1a: Iron Treads|Quark Drive|[silent]\n|\n|upkeep\n|\n|t:|1700577653\n|switch|p1a: Dragapult|Dragapult, M|84\/100\n|turn|10\n|\n|t:|1700577668\n|switch|p2a: Zapdos|Zapdos|46\/100\n|move|p1a: Dragapult|Shadow Ball|p2a: Zapdos\n|-damage|p2a: Zapdos|5\/100\n|\n|upkeep\n|turn|11\n|\n|t:|1700577676\n|switch|p2a: Hoopa|Hoopa-Unbound|100\/100\n|move|p1a: Dragapult|Shadow Ball|p2a: Hoopa\n|-damage|p2a: Hoopa|69\/100\n|-unboost|p2a: Hoopa|spd|1\n|\n|upkeep\n|turn|12\n|\n|t:|1700577688\n|move|p1a: Dragapult|Shadow Ball|p2a: Hoopa\n|-damage|p2a: Hoopa|24\/100\n|move|p2a: Hoopa|Hyperspace Fury|p1a: Dragapult\n|-supereffective|p1a: Dragapult\n|-damage|p1a: Dragapult|0 fnt\n|-unboost|p2a: Hoopa|def|1\n|faint|p1a: Dragapult\n|\n|upkeep\n|\n|t:|1700577705\n|switch|p1a: Iron Leaves|Iron Leaves|100\/100\n|-enditem|p1a: Iron Leaves|Booster Energy\n|-activate|p1a: Iron Leaves|ability: Quark Drive|[fromitem]\n|-start|p1a: Iron Leaves|quarkdriveatk\n|turn|13\n|\n|t:|1700577712\n|switch|p2a: Zapdos|Zapdos|5\/100\n|move|p1a: Iron Leaves|Trailblaze|p2a: Zapdos\n|-resisted|p2a: Zapdos\n|-damage|p2a: Zapdos|0 fnt\n|-boost|p1a: Iron Leaves|spe|1\n|faint|p2a: Zapdos\n|\n|upkeep\n|\n|t:|1700577726\n|switch|p2a: Scizor|Scizor, M|71\/100\n|turn|14\n|\n|t:|1700577745\n|-terastallize|p2a: Scizor|Flying\n|move|p1a: Iron Leaves|Close Combat|p2a: Scizor\n|-resisted|p2a: Scizor\n|-damage|p2a: Scizor|44\/100\n|-unboost|p1a: Iron Leaves|def|1\n|-unboost|p1a: Iron Leaves|spd|1\n|move|p2a: Scizor|U-turn|p1a: Iron Leaves\n|-supereffective|p1a: Iron Leaves\n|-damage|p1a: Iron Leaves|0 fnt\n|faint|p1a: Iron Leaves\n|-end|p1a: Iron Leaves|Quark Drive|[silent]\n|\n|t:|1700577757\n|switch|p2a: Iron Valiant|Iron Valiant|100\/100|[from] U-turn\n|-enditem|p2a: Iron Valiant|Booster Energy\n|-activate|p2a: Iron Valiant|ability: Quark Drive|[fromitem]\n|-start|p2a: Iron Valiant|quarkdrivespe\n|\n|upkeep\n|\n|t:|1700577776\n|switch|p1a: Iron Valiant|Iron Valiant|100\/100\n|-enditem|p1a: Iron Valiant|Booster Energy\n|-activate|p1a: Iron Valiant|ability: Quark Drive|[fromitem]\n|-start|p1a: Iron Valiant|quarkdrivespe\n|turn|15\n|inactive|Slo Overdose has 120 seconds left.\n|\n|t:|1700577812\n|-end|p2a: Iron Valiant|Quark Drive|[silent]\n|switch|p2a: Hoopa|Hoopa-Unbound|24\/100\n|move|p1a: Iron Valiant|Moonblast|p2a: Hoopa\n|-supereffective|p2a: Hoopa\n|-damage|p2a: Hoopa|0 fnt\n|faint|p2a: Hoopa\n|\n|upkeep\n|\n|t:|1700577818\n|switch|p2a: Ceruledge|Ceruledge, M|100\/100\n|turn|16\n|inactive|Slo Overdose has 120 seconds left.\n|\n|t:|1700577834\n|move|p1a: Iron Valiant|Shadow Ball|p2a: Ceruledge\n|-supereffective|p2a: Ceruledge\n|-damage|p2a: Ceruledge|40\/100\n|move|p2a: Ceruledge|Bitter Blade|p1a: Iron Valiant\n|-damage|p1a: Iron Valiant|36\/100\n|-heal|p2a: Ceruledge|71\/100|[from] drain|[of] p1a: Iron Valiant\n|\n|upkeep\n|turn|17\n|inactive|Slo Overdose has 120 seconds left.\n|\n|t:|1700577841\n|move|p2a: Ceruledge|Shadow Sneak|p1a: Iron Valiant\n|-damage|p1a: Iron Valiant|9\/100\n|move|p1a: Iron Valiant|Shadow Ball|p2a: Ceruledge\n|-supereffective|p2a: Ceruledge\n|-damage|p2a: Ceruledge|14\/100\n|\n|upkeep\n|turn|18\n|\n|t:|1700577850\n|-end|p1a: Iron Valiant|Quark Drive|[silent]\n|switch|p1a: Iron Jugulis|Iron Jugulis|6\/100\n|move|p2a: Ceruledge|Shadow Sneak|p1a: Iron Jugulis\n|-resisted|p1a: Iron Jugulis\n|-damage|p1a: Iron Jugulis|0 fnt\n|faint|p1a: Iron Jugulis\n|-end|p1a: Iron Jugulis|Quark Drive|[silent]\n|\n|upkeep\n|\n|t:|1700577857\n|switch|p1a: Iron Hands|Iron Hands|100\/100\n|-enditem|p1a: Iron Hands|Booster Energy\n|-activate|p1a: Iron Hands|ability: Quark Drive|[fromitem]\n|-start|p1a: Iron Hands|quarkdriveatk\n|turn|19\n|\n|t:|1700577870\n|-terastallize|p1a: Iron Hands|Fire\n|move|p2a: Ceruledge|Bitter Blade|p1a: Iron Hands\n|-resisted|p1a: Iron Hands\n|-damage|p1a: Iron Hands|83\/100\n|-heal|p2a: Ceruledge|27\/100|[from] drain|[of] p1a: Iron Hands\n|move|p1a: Iron Hands|Thunder Punch|p2a: Ceruledge\n|-damage|p2a: Ceruledge|0 fnt\n|faint|p2a: Ceruledge\n|\n|upkeep\n|\n|t:|1700577893\n|switch|p2a: Iron Valiant|Iron Valiant|100\/100\n|turn|20\n|\n|t:|1700577900\n|move|p2a: Iron Valiant|Shadow Ball|p1a: Iron Hands\n|-damage|p1a: Iron Hands|60\/100\n|move|p1a: Iron Hands|Thunder Punch|p2a: Iron Valiant\n|-damage|p2a: Iron Valiant|29\/100\n|\n|upkeep\n|turn|21\n|\n|t:|1700577907\n|move|p2a: Iron Valiant|Close Combat|p1a: Iron Hands\n|-damage|p1a: Iron Hands|21\/100\n|-unboost|p2a: Iron Valiant|def|1\n|-unboost|p2a: Iron Valiant|spd|1\n|move|p1a: Iron Hands|Thunder Punch|p2a: Iron Valiant\n|-damage|p2a: Iron Valiant|0 fnt\n|faint|p2a: Iron Valiant\n|-end|p2a: Iron Valiant|Quark Drive|[silent]\n|\n|upkeep\n|\n|t:|1700577915\n|switch|p2a: Scizor|Scizor, M, tera:Flying|44\/100\n|turn|22\n|\n|t:|1700577918\n|move|p2a: Scizor|Swords Dance|p2a: Scizor\n|-boost|p2a: Scizor|atk|2\n|move|p1a: Iron Hands|Thunder Punch|p2a: Scizor\n|-supereffective|p2a: Scizor\n|-damage|p2a: Scizor|0 fnt\n|faint|p2a: Scizor\n|\n|win|Slo Overdose\n|raw|Slo Overdose's rating: 1433 &rarr; <strong>1452<\/strong><br \/>(+19 for winning)\n|raw|tua94892's rating: 1412 &rarr; <strong>1393<\/strong><br \/>(-19 for losing)\n|l|\u2606tua94892\n","uploadtime":1700577927,"views":1,"p1id":"slooverdose","p2id":"tua94892","formatid":"gen9ou","rating":1393,"private":0,"password":""}