{"id":"gen9ou-1990669292","p1":"Charli91","p2":"Khleopatra","format":"[Gen 9] OU","log":"|j|\u2606Charli91\n|j|\u2606Khleopatra\n|t:|1699990314\n|gametype|singles\n|player|p1|Charli91|lucas|1477\n|player|p2|Khleopatra|169|1357\n|teamsize|p1|6\n|teamsize|p2|6\n|gen|9\n|tier|[Gen 9] OU\n|rated|\n|rule|Sleep Clause Mod: Limit one foe put to sleep\n|rule|Species Clause: Limit one of each Pok\u00e9mon\n|rule|OHKO Clause: OHKO moves are banned\n|rule|Evasion Items Clause: Evasion items are banned\n|rule|Evasion Moves Clause: Evasion moves are banned\n|rule|Endless Battle Clause: Forcing endless battles is banned\n|rule|HP Percentage Mod: HP is shown in percentages\n|clearpoke\n|poke|p1|Gholdengo|\n|poke|p1|Greninja-*, M|\n|poke|p1|Rillaboom, M|\n|poke|p1|Dragonite, M|\n|poke|p1|Landorus-Therian, M|\n|poke|p1|Ribombee, F|\n|poke|p2|Glimmora, M|\n|poke|p2|Tyranitar, M|\n|poke|p2|Corviknight, M|\n|poke|p2|Ogerpon-Cornerstone, F|\n|poke|p2|Gastrodon, F|\n|poke|p2|Kingambit, M|\n|teampreview\n|inactive|Battle timer is ON: inactive players will automatically lose when time's up. (requested by Charli91)\n|\n|t:|1699990332\n|start\n|switch|p1a: Ribombee|Ribombee, F|100\/100\n|switch|p2a: Gastrodon|Gastrodon, F|100\/100\n|turn|1\n|\n|t:|1699990344\n|move|p1a: Ribombee|Energy Ball|p2a: Gastrodon\n|-supereffective|p2a: Gastrodon\n|-damage|p2a: Gastrodon|6\/100\n|move|p2a: Gastrodon|Stealth Rock|p1a: Ribombee\n|-sidestart|p1: Charli91|move: Stealth Rock\n|\n|upkeep\n|turn|2\n|\n|t:|1699990355\n|switch|p2a: Tyranitar|Tyranitar, M|100\/100\n|-weather|Sandstorm|[from] ability: Sand Stream|[of] p2a: Tyranitar\n|move|p1a: Ribombee|Moonblast|p2a: Tyranitar\n|-supereffective|p2a: Tyranitar\n|-damage|p2a: Tyranitar|68\/100\n|\n|-weather|Sandstorm|[upkeep]\n|-damage|p1a: Ribombee|94\/100|[from] Sandstorm\n|upkeep\n|turn|3\n|\n|t:|1699990380\n|switch|p2a: Corviknight|Corviknight, M|100\/100\n|move|p1a: Ribombee|Sticky Web|p2a: Corviknight\n|-sidestart|p2: Khleopatra|move: Sticky Web\n|\n|-weather|Sandstorm|[upkeep]\n|-damage|p1a: Ribombee|88\/100|[from] Sandstorm\n|upkeep\n|turn|4\n|inactive|Charli91 has 120 seconds left.\n|\n|t:|1699990417\n|switch|p1a: Landorus|Landorus-Therian, M|100\/100\n|-damage|p1a: Landorus|88\/100|[from] Stealth Rock\n|-ability|p1a: Landorus|Intimidate|boost\n|-ability|p2a: Corviknight|Mirror Armor\n|-unboost|p1a: Landorus|atk|1\n|move|p2a: Corviknight|Iron Head|p1a: Landorus\n|-damage|p1a: Landorus|59\/100\n|\n|-weather|Sandstorm|[upkeep]\n|upkeep\n|turn|5\n|\n|t:|1699990429\n|move|p1a: Landorus|Stealth Rock|p2a: Corviknight\n|-sidestart|p2: Khleopatra|move: Stealth Rock\n|move|p2a: Corviknight|Iron Defense|p2a: Corviknight\n|-boost|p2a: Corviknight|def|2\n|\n|-weather|Sandstorm|[upkeep]\n|upkeep\n|turn|6\n|\n|t:|1699990439\n|move|p1a: Landorus|U-turn|p2a: Corviknight\n|-resisted|p2a: Corviknight\n|-damage|p2a: Corviknight|99\/100\n|\n|t:|1699990442\n|switch|p1a: Gholdengo|Gholdengo|100\/100|[from] U-turn\n|-damage|p1a: Gholdengo|94\/100|[from] Stealth Rock\n|move|p2a: Corviknight|Iron Head|p1a: Gholdengo\n|-resisted|p1a: Gholdengo\n|-crit|p1a: Gholdengo\n|-damage|p1a: Gholdengo|72\/100\n|\n|-weather|none\n|-heal|p2a: Corviknight|100\/100|[from] item: Leftovers\n|upkeep\n|turn|7\n|inactive|Charli91 has 120 seconds left.\n|\n|t:|1699990466\n|move|p1a: Gholdengo|Thunderbolt|p2a: Corviknight\n|-supereffective|p2a: Corviknight\n|-damage|p2a: Corviknight|34\/100\n|move|p2a: Corviknight|Iron Head|p1a: Gholdengo\n|-resisted|p1a: Gholdengo\n|-damage|p1a: Gholdengo|55\/100\n|\n|-heal|p2a: Corviknight|41\/100|[from] item: Leftovers\n|upkeep\n|turn|8\n|inactive|Charli91 has 120 seconds left.\n|\n|t:|1699990476\n|switch|p2a: Gastrodon|Gastrodon, F|6\/100\n|-activate|p2a: Gastrodon|move: Sticky Web\n|-unboost|p2a: Gastrodon|spe|1\n|-damage|p2a: Gastrodon|0 fnt|[from] Stealth Rock\n|faint|p2a: Gastrodon\n|move|p1a: Gholdengo|Thunderbolt|p2: Gastrodon|[notarget]\n|-fail|p1a: Gholdengo\n|\n|upkeep\n|\n|t:|1699990492\n|switch|p2a: Ogerpon|Ogerpon-Cornerstone, F|100\/100\n|-activate|p2a: Ogerpon|move: Sticky Web\n|-unboost|p2a: Ogerpon|spe|1\n|-damage|p2a: Ogerpon|88\/100|[from] Stealth Rock\n|turn|9\n|inactive|Charli91 has 120 seconds left.\n|\n|t:|1699990510\n|move|p1a: Gholdengo|Shadow Ball|p2a: Ogerpon\n|-damage|p2a: Ogerpon|45\/100\n|move|p2a: Ogerpon|Ivy Cudgel|p1a: Gholdengo|[anim] Ivy Cudgel Rock\n|-resisted|p1a: Gholdengo\n|-crit|p1a: Gholdengo\n|-damage|p1a: Gholdengo|17\/100\n|\n|upkeep\n|turn|10\n|\n|t:|1699990520\n|move|p1a: Gholdengo|Shadow Ball|p2a: Ogerpon\n|-damage|p2a: Ogerpon|3\/100\n|-unboost|p2a: Ogerpon|spd|1\n|move|p2a: Ogerpon|Horn Leech|p1a: Gholdengo\n|-resisted|p1a: Gholdengo\n|-damage|p1a: Gholdengo|0 fnt\n|-heal|p2a: Ogerpon|10\/100|[from] drain|[of] p1a: Gholdengo\n|faint|p1a: Gholdengo\n|\n|upkeep\n|inactive|Charli91 has 120 seconds left.\n|\n|t:|1699990547\n|switch|p1a: Greninja|Greninja, M|100\/100\n|-damage|p1a: Greninja|88\/100|[from] Stealth Rock\n|turn|11\n|\n|t:|1699990558\n|move|p1a: Greninja|Surf|p2a: Ogerpon\n|-damage|p2a: Ogerpon|0 fnt\n|faint|p2a: Ogerpon\n|-ability|p1a: Greninja|Battle Bond|boost\n|-boost|p1a: Greninja|atk|1\n|-boost|p1a: Greninja|spa|1\n|-boost|p1a: Greninja|spe|1\n|-activate|p1a: Greninja|ability: Battle Bond\n|\n|upkeep\n|\n|t:|1699990568\n|switch|p2a: Tyranitar|Tyranitar, M|68\/100\n|-activate|p2a: Tyranitar|move: Sticky Web\n|-unboost|p2a: Tyranitar|spe|1\n|-damage|p2a: Tyranitar|55\/100|[from] Stealth Rock\n|-weather|Sandstorm|[from] ability: Sand Stream|[of] p2a: Tyranitar\n|turn|12\n|\n|t:|1699990580\n|-terastallize|p1a: Greninja|Water\n|move|p1a: Greninja|Surf|p2a: Tyranitar\n|-supereffective|p2a: Tyranitar\n|-damage|p2a: Tyranitar|0 fnt\n|faint|p2a: Tyranitar\n|\n|-weather|Sandstorm|[upkeep]\n|-damage|p1a: Greninja|82\/100|[from] Sandstorm\n|upkeep\n|\n|t:|1699990602\n|switch|p2a: Glimmora|Glimmora, M|100\/100\n|-activate|p2a: Glimmora|move: Sticky Web\n|-unboost|p2a: Glimmora|spe|1\n|-damage|p2a: Glimmora|88\/100|[from] Stealth Rock\n|turn|13\n|inactive|Charli91 has 120 seconds left.\n|\n|t:|1699990622\n|move|p1a: Greninja|Surf|p2a: Glimmora\n|-supereffective|p2a: Glimmora\n|-damage|p2a: Glimmora|0 fnt\n|faint|p2a: Glimmora\n|\n|-weather|Sandstorm|[upkeep]\n|-damage|p1a: Greninja|76\/100|[from] Sandstorm\n|upkeep\n|\n|t:|1699990630\n|switch|p2a: Corviknight|Corviknight, M|41\/100\n|-damage|p2a: Corviknight|28\/100|[from] Stealth Rock\n|turn|14\n|\n|t:|1699990635\n|move|p1a: Greninja|Surf|p2a: Corviknight\n|-damage|p2a: Corviknight|0 fnt\n|faint|p2a: Corviknight\n|\n|-weather|Sandstorm|[upkeep]\n|-damage|p1a: Greninja|70\/100|[from] Sandstorm\n|upkeep\n|\n|t:|1699990642\n|switch|p2a: Kingambit|Kingambit, M|100\/100\n|-activate|p2a: Kingambit|move: Sticky Web\n|-unboost|p2a: Kingambit|spe|1\n|-damage|p2a: Kingambit|94\/100|[from] Stealth Rock\n|-activate|p2a: Kingambit|ability: Supreme Overlord\n|-start|p2a: Kingambit|fallen5|[silent]\n|turn|15\n|\n|t:|1699990655\n|-terastallize|p2a: Kingambit|Fairy\n|move|p1a: Greninja|Water Shuriken|p2a: Kingambit\n|-damage|p2a: Kingambit|82\/100\n|-damage|p2a: Kingambit|69\/100\n|-damage|p2a: Kingambit|57\/100\n|-damage|p2a: Kingambit|44\/100\n|-enditem|p2a: Kingambit|Sitrus Berry|[eat]\n|-heal|p2a: Kingambit|69\/100|[from] item: Sitrus Berry\n|-hitcount|p2a: Kingambit|4\n|move|p2a: Kingambit|Swords Dance|p2a: Kingambit\n|-boost|p2a: Kingambit|atk|2\n|\n|-weather|Sandstorm|[upkeep]\n|-damage|p1a: Greninja|64\/100|[from] Sandstorm\n|-damage|p2a: Kingambit|63\/100|[from] Sandstorm\n|upkeep\n|turn|16\n|\n|t:|1699990672\n|move|p1a: Greninja|Water Shuriken|p2a: Kingambit\n|-damage|p2a: Kingambit|51\/100\n|-damage|p2a: Kingambit|39\/100\n|-damage|p2a: Kingambit|25\/100\n|-damage|p2a: Kingambit|12\/100\n|-damage|p2a: Kingambit|0 fnt\n|faint|p2a: Kingambit\n|-end|p2a: Kingambit|fallen5|[silent]\n|-hitcount|p2: Kingambit|5\n|\n|win|Charli91\n|raw|Charli91's rating: 1477 &rarr; <strong>1490<\/strong><br \/>(+13 for winning)\n|raw|Khleopatra's rating: 1357 &rarr; <strong>1344<\/strong><br \/>(-13 for losing)\n|c|\u2606Charli91|Gg\n|l|\u2606Khleopatra\n","uploadtime":1699990684,"views":6,"p1id":"charli91","p2id":"khleopatra","formatid":"gen9ou","rating":1344,"private":0,"password":""}