{"id":"gen9ou-1995259640","p1":"olafrank","p2":"VDivaster","format":"[Gen 9] OU","log":"|j|\u2606olafrank\n|j|\u2606VDivaster\n|t:|1700542662\n|gametype|singles\n|player|p1|olafrank|grimsley|\n|player|p2|VDivaster|byron|\n|teamsize|p1|6\n|teamsize|p2|6\n|gen|9\n|tier|[Gen 9] OU\n|rule|Sleep Clause Mod: Limit one foe put to sleep\n|rule|Species Clause: Limit one of each Pok\u00e9mon\n|rule|OHKO Clause: OHKO moves are banned\n|rule|Evasion Items Clause: Evasion items are banned\n|rule|Evasion Moves Clause: Evasion moves are banned\n|rule|Endless Battle Clause: Forcing endless battles is banned\n|rule|HP Percentage Mod: HP is shown in percentages\n|clearpoke\n|poke|p1|Hatterene, F|\n|poke|p1|Rillaboom, M|\n|poke|p1|Skeledirge, M|\n|poke|p1|Corviknight, F|\n|poke|p1|Walking Wake|\n|poke|p1|Hawlucha, M|\n|poke|p2|Tornadus, M|\n|poke|p2|Kingambit, M|\n|poke|p2|Rotom-Wash|\n|poke|p2|Hatterene, F|\n|poke|p2|Amoonguss, M|\n|poke|p2|Arcanine-Hisui, M|\n|teampreview\n|\n|t:|1700542667\n|start\n|switch|p1a: Hatterene|Hatterene, F, shiny|100\/100\n|switch|p2a: Arcanine|Arcanine-Hisui, M|100\/100\n|-ability|p2a: Arcanine|Intimidate|boost\n|-unboost|p1a: Hatterene|atk|1\n|turn|1\n|\n|t:|1700542677\n|-terastallize|p1a: Hatterene|Fire\n|move|p2a: Arcanine|Will-O-Wisp|p1a: Hatterene\n|move|p1a: Hatterene|Will-O-Wisp|p2a: Arcanine|[from]ability: Magic Bounce|[miss]\n|-miss|p1a: Hatterene|p2a: Arcanine\n|move|p1a: Hatterene|Nuzzle|p2a: Arcanine\n|-damage|p2a: Arcanine|97\/100\n|-status|p2a: Arcanine|par\n|\n|upkeep\n|turn|2\n|\n|t:|1700542718\n|switch|p2a: Rotom|Rotom-Wash|100\/100\n|move|p1a: Hatterene|Calm Mind|p1a: Hatterene\n|-boost|p1a: Hatterene|spa|1\n|-boost|p1a: Hatterene|spd|1\n|\n|upkeep\n|turn|3\n|\n|t:|1700542738\n|move|p2a: Rotom|Hydro Pump|p1a: Hatterene|[miss]\n|-miss|p2a: Rotom|p1a: Hatterene\n|move|p1a: Hatterene|Draining Kiss|p2a: Rotom\n|-damage|p2a: Rotom|63\/100\n|\n|-heal|p2a: Rotom|69\/100|[from] item: Leftovers\n|upkeep\n|turn|4\n|\n|t:|1700542752\n|switch|p1a: Rillaboom|Rillaboom, M|100\/100\n|-fieldstart|move: Grassy Terrain|[from] ability: Grassy Surge|[of] p1a: Rillaboom\n|move|p2a: Rotom|Light Screen|p2a: Rotom\n|-sidestart|p2: VDivaster|move: Light Screen\n|\n|-heal|p2a: Rotom|75\/100|[from] item: Leftovers\n|upkeep\n|turn|5\n|\n|t:|1700542770\n|move|p1a: Rillaboom|Grassy Glide|p2a: Rotom\n|-supereffective|p2a: Rotom\n|-damage|p2a: Rotom|0 fnt\n|faint|p2a: Rotom\n|\n|upkeep\n|\n|t:|1700542778\n|switch|p2a: Arcanine|Arcanine-Hisui, M|97\/100 par\n|-ability|p2a: Arcanine|Intimidate|boost\n|-unboost|p1a: Rillaboom|atk|1\n|turn|6\n|\n|t:|1700542791\n|move|p1a: Rillaboom|Earthquake|p2a: Arcanine\n|-supereffective|p2a: Arcanine\n|-crit|p2a: Arcanine\n|-damage|p2a: Arcanine|0 fnt\n|faint|p2a: Arcanine\n|\n|upkeep\n|\n|t:|1700542798\n|switch|p2a: Kingambit|Kingambit, M|100\/100\n|turn|7\n|\n|t:|1700542808\n|-terastallize|p2a: Kingambit|Steel\n|move|p1a: Rillaboom|Drain Punch|p2a: Kingambit\n|-supereffective|p2a: Kingambit\n|-damage|p2a: Kingambit|73\/100\n|move|p2a: Kingambit|Swords Dance|p2a: Kingambit\n|-boost|p2a: Kingambit|atk|2\n|\n|-heal|p2a: Kingambit|79\/100|[from] Grassy Terrain\n|upkeep\n|turn|8\n|\n|t:|1700542827\n|move|p1a: Rillaboom|Knock Off|p2a: Kingambit\n|-damage|p2a: Kingambit|62\/100\n|-enditem|p2a: Kingambit|Life Orb|[from] move: Knock Off|[of] p1a: Rillaboom\n|move|p2a: Kingambit|Lash Out|p1a: Rillaboom\n|-damage|p1a: Rillaboom|10\/100\n|\n|-heal|p1a: Rillaboom|16\/100|[from] Grassy Terrain\n|-heal|p2a: Kingambit|68\/100|[from] Grassy Terrain\n|-sideend|p2: VDivaster|move: Light Screen\n|-fieldend|move: Grassy Terrain\n|upkeep\n|turn|9\n|\n|t:|1700542849\n|switch|p1a: Corviknight|Corviknight, F, shiny|100\/100\n|move|p2a: Kingambit|Night Slash|p1a: Corviknight\n|-crit|p1a: Corviknight\n|-damage|p1a: Corviknight|8\/100\n|-damage|p2a: Kingambit|52\/100|[from] item: Rocky Helmet|[of] p1a: Corviknight\n|\n|upkeep\n|turn|10\n|\n|t:|1700542864\n|move|p1a: Corviknight|Body Press|p2a: Kingambit\n|-supereffective|p2a: Kingambit\n|-damage|p2a: Kingambit|16\/100\n|move|p2a: Kingambit|Lash Out|p1a: Corviknight\n|-damage|p1a: Corviknight|0 fnt\n|-damage|p2a: Kingambit|0 fnt|[from] item: Rocky Helmet|[of] p1a: Corviknight\n|faint|p1a: Corviknight\n|faint|p2a: Kingambit\n|\n|upkeep\n|\n|t:|1700542884\n|switch|p1a: Rillaboom|Rillaboom, M|16\/100\n|switch|p2a: Hatterene|Hatterene, F|100\/100\n|-fieldstart|move: Grassy Terrain|[from] ability: Grassy Surge|[of] p1a: Rillaboom\n|turn|11\n|\n|t:|1700542895\n|move|p1a: Rillaboom|Knock Off|p2a: Hatterene\n|-damage|p2a: Hatterene|58\/100\n|-enditem|p2a: Hatterene|Wiki Berry|[from] move: Knock Off|[of] p1a: Rillaboom\n|move|p2a: Hatterene|Trick Room|p2a: Hatterene\n|-fieldstart|move: Trick Room|[of] p2a: Hatterene\n|\n|-heal|p2a: Hatterene|64\/100|[from] Grassy Terrain\n|-heal|p1a: Rillaboom|22\/100|[from] Grassy Terrain\n|upkeep\n|turn|12\n|\n|t:|1700542909\n|move|p1a: Rillaboom|Grassy Glide|p2a: Hatterene\n|-damage|p2a: Hatterene|20\/100\n|move|p2a: Hatterene|Dazzling Gleam|p1a: Rillaboom\n|-damage|p1a: Rillaboom|0 fnt\n|faint|p1a: Rillaboom\n|\n|-heal|p2a: Hatterene|26\/100|[from] Grassy Terrain\n|upkeep\n|\n|t:|1700542929\n|switch|p1a: Skeledirge|Skeledirge, M|100\/100\n|turn|13\n|\n|t:|1700542938\n|move|p2a: Hatterene|Healing Wish|p2a: Hatterene\n|faint|p2a: Hatterene\n|move|p1a: Skeledirge|Torch Song|p2: Hatterene|[notarget]\n|-fail|p1a: Skeledirge\n|\n|upkeep\n|\n|t:|1700542946\n|switch|p2a: Tornadus|Tornadus, M|100\/100\n|turn|14\n|\n|t:|1700542957\n|move|p1a: Skeledirge|Torch Song|p2a: Tornadus\n|-damage|p2a: Tornadus|66\/100\n|-boost|p1a: Skeledirge|spa|1\n|move|p2a: Tornadus|Bleakwind Storm|p1a: Skeledirge\n|-damage|p1a: Skeledirge|65\/100\n|\n|-heal|p1a: Skeledirge|72\/100|[from] Grassy Terrain\n|upkeep\n|turn|15\n|\n|t:|1700542968\n|move|p1a: Skeledirge|Torch Song|p2a: Tornadus\n|-damage|p2a: Tornadus|17\/100\n|-boost|p1a: Skeledirge|spa|1\n|-enditem|p2a: Tornadus|Sitrus Berry|[eat]\n|-heal|p2a: Tornadus|42\/100|[from] item: Sitrus Berry\n|move|p2a: Tornadus|Bleakwind Storm|p1a: Skeledirge\n|-damage|p1a: Skeledirge|35\/100\n|\n|-heal|p1a: Skeledirge|41\/100|[from] Grassy Terrain\n|-fieldend|move: Trick Room\n|-fieldend|move: Grassy Terrain\n|upkeep\n|turn|16\n|\n|t:|1700542988\n|move|p2a: Tornadus|Bleakwind Storm|p1a: Skeledirge\n|-damage|p1a: Skeledirge|10\/100\n|move|p1a: Skeledirge|Torch Song|p2a: Tornadus\n|-damage|p2a: Tornadus|0 fnt\n|-boost|p1a: Skeledirge|spa|1\n|faint|p2a: Tornadus\n|\n|upkeep\n|\n|t:|1700542997\n|switch|p2a: Amoonguss|Amoonguss, M|100\/100\n|turn|17\n|\n|t:|1700543010\n|move|p1a: Skeledirge|Torch Song|p2a: Amoonguss\n|-supereffective|p2a: Amoonguss\n|-damage|p2a: Amoonguss|0 fnt\n|-boost|p1a: Skeledirge|spa|1\n|faint|p2a: Amoonguss\n|\n|win|olafrank\n","uploadtime":1700543021,"views":3,"p1id":"olafrank","p2id":"vdivaster","formatid":"gen9ou","rating":0,"private":0,"password":""}