{"id":"gen9ou-1999899386","p1":"glaubenator","p2":"CyberH3","format":"[Gen 9] OU","log":"|j|\u2606glaubenator\n|j|\u2606CyberH3\n|t:|1701127814\n|gametype|singles\n|player|p1|glaubenator|170|1406\n|player|p2|CyberH3|mars|1334\n|teamsize|p1|6\n|teamsize|p2|6\n|gen|9\n|tier|[Gen 9] OU\n|rated|\n|rule|Sleep Clause Mod: Limit one foe put to sleep\n|rule|Species Clause: Limit one of each Pok\u00e9mon\n|rule|OHKO Clause: OHKO moves are banned\n|rule|Evasion Items Clause: Evasion items are banned\n|rule|Evasion Moves Clause: Evasion moves are banned\n|rule|Endless Battle Clause: Forcing endless battles is banned\n|rule|HP Percentage Mod: HP is shown in percentages\n|clearpoke\n|poke|p1|Manaphy|\n|poke|p1|Kingambit, F|\n|poke|p1|Ribombee, F|\n|poke|p1|Gholdengo|\n|poke|p1|Iron Moth|\n|poke|p1|Ogerpon-Wellspring, F|\n|poke|p2|Goodra-Hisui, M|\n|poke|p2|Scizor, F|\n|poke|p2|Mimikyu, F|\n|poke|p2|Iron Valiant|\n|poke|p2|Talonflame, F|\n|poke|p2|Lokix, M|\n|teampreview\n|\n|t:|1701127818\n|start\n|switch|p1a: Ribombee|Ribombee, F|100\/100\n|switch|p2a: The XO|Talonflame, F|100\/100\n|turn|1\n|\n|t:|1701127822\n|move|p2a: The XO|Taunt|p1a: Ribombee\n|-start|p1a: Ribombee|move: Taunt\n|cant|p1a: Ribombee|move: Taunt|Stun Spore\n|\n|upkeep\n|turn|2\n|\n|t:|1701127833\n|switch|p1a: Kingambit|Kingambit, F|100\/100\n|-item|p1a: Kingambit|Air Balloon\n|move|p2a: The XO|Flare Blitz|p1a: Kingambit\n|-supereffective|p1a: Kingambit\n|-damage|p1a: Kingambit|17\/100\n|-enditem|p1a: Kingambit|Air Balloon\n|-damage|p2a: The XO|69\/100|[from] Recoil\n|\n|-heal|p2a: The XO|75\/100|[from] item: Leftovers\n|upkeep\n|turn|3\n|\n|t:|1701127843\n|-end|p1a: Kingambit|fallenundefined|[silent]\n|switch|p1a: Manaphy|Manaphy|100\/100\n|move|p2a: The XO|Flare Blitz|p1a: Manaphy\n|-resisted|p1a: Manaphy\n|-damage|p1a: Manaphy|78\/100\n|-damage|p2a: The XO|66\/100|[from] Recoil\n|\n|-heal|p2a: The XO|72\/100|[from] item: Leftovers\n|-heal|p1a: Manaphy|84\/100|[from] item: Leftovers\n|upkeep\n|turn|4\n|\n|t:|1701127853\n|switch|p1a: Ribombee|Ribombee, F|100\/100\n|move|p2a: The XO|Taunt|p1a: Ribombee\n|-start|p1a: Ribombee|move: Taunt\n|\n|-heal|p2a: The XO|78\/100|[from] item: Leftovers\n|upkeep\n|turn|5\n|\n|t:|1701127860\n|switch|p1a: Manaphy|Manaphy|84\/100\n|move|p2a: The XO|Brave Bird|p1a: Manaphy\n|-damage|p1a: Manaphy|41\/100\n|-damage|p2a: The XO|60\/100|[from] Recoil\n|\n|-heal|p2a: The XO|66\/100|[from] item: Leftovers\n|-heal|p1a: Manaphy|47\/100|[from] item: Leftovers\n|upkeep\n|turn|6\n|\n|t:|1701127869\n|switch|p2a: Eat With Scissors|Scizor, F|100\/100\n|move|p1a: Manaphy|Surf|p2a: Eat With Scissors\n|-damage|p2a: Eat With Scissors|57\/100\n|\n|-heal|p1a: Manaphy|53\/100|[from] item: Leftovers\n|upkeep\n|turn|7\n|\n|t:|1701127878\n|switch|p1a: Gholdengo|Gholdengo|100\/100\n|-item|p1a: Gholdengo|Air Balloon\n|move|p2a: Eat With Scissors|Knock Off|p1a: Gholdengo\n|-supereffective|p1a: Gholdengo\n|-damage|p1a: Gholdengo|10\/100\n|-enditem|p1a: Gholdengo|Air Balloon\n|-damage|p2a: Eat With Scissors|47\/100|[from] item: Life Orb\n|\n|upkeep\n|turn|8\n|\n|t:|1701127887\n|move|p2a: Eat With Scissors|Bullet Punch|p1a: Gholdengo\n|-resisted|p1a: Gholdengo\n|-damage|p1a: Gholdengo|0 fnt\n|faint|p1a: Gholdengo\n|-damage|p2a: Eat With Scissors|37\/100|[from] item: Life Orb\n|\n|upkeep\n|\n|t:|1701127892\n|switch|p1a: Iron Moth|Iron Moth|100\/100\n|-enditem|p1a: Iron Moth|Booster Energy\n|-activate|p1a: Iron Moth|ability: Quark Drive|[fromitem]\n|-start|p1a: Iron Moth|quarkdrivespe\n|turn|9\n|\n|t:|1701127897\n|switch|p2a: Snailtare|Goodra-Hisui, M|100\/100\n|move|p1a: Iron Moth|Substitute|p1a: Iron Moth\n|-start|p1a: Iron Moth|Substitute\n|-damage|p1a: Iron Moth|76\/100\n|\n|upkeep\n|turn|10\n|\n|t:|1701127902\n|move|p1a: Iron Moth|Fiery Dance|p2a: Snailtare\n|-damage|p2a: Snailtare|72\/100\n|-boost|p1a: Iron Moth|spa|1\n|move|p2a: Snailtare|Hydro Pump|p1a: Iron Moth\n|-supereffective|p1a: Iron Moth\n|-end|p1a: Iron Moth|Substitute\n|\n|-heal|p2a: Snailtare|79\/100|[from] item: Leftovers\n|upkeep\n|turn|11\n|\n|t:|1701127916\n|-end|p1a: Iron Moth|Quark Drive|[silent]\n|switch|p1a: Kingambit|Kingambit, F|17\/100\n|-activate|p1a: Kingambit|ability: Supreme Overlord\n|-start|p1a: Kingambit|fallen1|[silent]\n|move|p2a: Snailtare|Hydro Pump|p1a: Kingambit|[miss]\n|-miss|p2a: Snailtare|p1a: Kingambit\n|\n|-heal|p2a: Snailtare|85\/100|[from] item: Leftovers\n|upkeep\n|turn|12\n|\n|t:|1701127924\n|move|p1a: Kingambit|Kowtow Cleave|p2a: Snailtare\n|-damage|p2a: Snailtare|33\/100\n|move|p2a: Snailtare|Flamethrower|p1a: Kingambit\n|-supereffective|p1a: Kingambit\n|-damage|p1a: Kingambit|0 fnt\n|faint|p1a: Kingambit\n|-end|p1a: Kingambit|fallen1|[silent]\n|\n|-heal|p2a: Snailtare|39\/100|[from] item: Leftovers\n|upkeep\n|\n|t:|1701127933\n|switch|p1a: Ribombee|Ribombee, F|100\/100\n|turn|13\n|\n|t:|1701127936\n|move|p1a: Ribombee|Sticky Web|p2a: Snailtare\n|-sidestart|p2: CyberH3|move: Sticky Web\n|move|p2a: Snailtare|Flamethrower|p1a: Ribombee\n|-supereffective|p1a: Ribombee\n|-enditem|p1a: Ribombee|Focus Sash\n|-damage|p1a: Ribombee|1\/100\n|\n|-heal|p2a: Snailtare|45\/100|[from] item: Leftovers\n|upkeep\n|turn|14\n|\n|t:|1701127944\n|move|p2a: Snailtare|Protect|p2a: Snailtare\n|-singleturn|p2a: Snailtare|Protect\n|move|p1a: Ribombee|Moonblast|p2a: Snailtare\n|-activate|p2a: Snailtare|move: Protect\n|\n|-heal|p2a: Snailtare|51\/100|[from] item: Leftovers\n|upkeep\n|turn|15\n|\n|t:|1701127950\n|move|p1a: Ribombee|Moonblast|p2a: Snailtare\n|-damage|p2a: Snailtare|24\/100\n|-unboost|p2a: Snailtare|spa|1\n|move|p2a: Snailtare|Flamethrower|p1a: Ribombee\n|-supereffective|p1a: Ribombee\n|-damage|p1a: Ribombee|0 fnt\n|faint|p1a: Ribombee\n|\n|-heal|p2a: Snailtare|30\/100|[from] item: Leftovers\n|upkeep\n|\n|t:|1701127960\n|switch|p1a: Ogerpon|Ogerpon-Wellspring, F|100\/100\n|turn|16\n|\n|t:|1701127965\n|move|p1a: Ogerpon|Swords Dance|p1a: Ogerpon\n|-boost|p1a: Ogerpon|atk|2\n|move|p2a: Snailtare|Draco Meteor|p1a: Ogerpon\n|-damage|p1a: Ogerpon|47\/100\n|-unboost|p2a: Snailtare|spa|2\n|\n|-heal|p2a: Snailtare|36\/100|[from] item: Leftovers\n|upkeep\n|turn|17\n|\n|t:|1701127973\n|move|p1a: Ogerpon|Ivy Cudgel|p2a: Snailtare|[anim] Ivy Cudgel Water\n|-resisted|p2a: Snailtare\n|-damage|p2a: Snailtare|0 fnt\n|faint|p2a: Snailtare\n|\n|upkeep\n|\n|t:|1701127978\n|switch|p2a: Morf LeRosh|Lokix, M|100\/100\n|-activate|p2a: Morf LeRosh|move: Sticky Web\n|-unboost|p2a: Morf LeRosh|spe|1\n|turn|18\n|\n|t:|1701127984\n|switch|p1a: Manaphy|Manaphy|53\/100\n|move|p2a: Morf LeRosh|First Impression|p1a: Manaphy\n|-damage|p1a: Manaphy|0 fnt\n|faint|p1a: Manaphy\n|-damage|p2a: Morf LeRosh|91\/100|[from] item: Life Orb\n|\n|upkeep\n|\n|t:|1701127991\n|switch|p1a: Iron Moth|Iron Moth|76\/100\n|turn|19\n|\n|t:|1701127995\n|switch|p2a: The XO|Talonflame, F|66\/100\n|move|p1a: Iron Moth|Substitute|p1a: Iron Moth\n|-start|p1a: Iron Moth|Substitute\n|-damage|p1a: Iron Moth|51\/100\n|\n|-heal|p2a: The XO|73\/100|[from] item: Leftovers\n|upkeep\n|turn|20\n|\n|t:|1701128001\n|move|p2a: The XO|Brave Bird|p1a: Iron Moth\n|-crit|p1a: Iron Moth\n|-end|p1a: Iron Moth|Substitute\n|-damage|p2a: The XO|64\/100|[from] Recoil|[of] p1a: Iron Moth\n|move|p1a: Iron Moth|Sludge Wave|p2a: The XO\n|-damage|p2a: The XO|0 fnt\n|faint|p2a: The XO\n|\n|upkeep\n|\n|t:|1701128012\n|switch|p2a: Morf LeRosh|Lokix, M|91\/100\n|-activate|p2a: Morf LeRosh|move: Sticky Web\n|-unboost|p2a: Morf LeRosh|spe|1\n|turn|21\n|\n|t:|1701128019\n|-terastallize|p2a: Morf LeRosh|Bug\n|move|p2a: Morf LeRosh|First Impression|p1a: Iron Moth\n|-resisted|p1a: Iron Moth\n|-damage|p1a: Iron Moth|1\/100\n|-damage|p2a: Morf LeRosh|81\/100|[from] item: Life Orb\n|move|p1a: Iron Moth|Fiery Dance|p2a: Morf LeRosh\n|-supereffective|p2a: Morf LeRosh\n|-damage|p2a: Morf LeRosh|0 fnt\n|-boost|p1a: Iron Moth|spa|1\n|faint|p2a: Morf LeRosh\n|\n|upkeep\n|\n|t:|1701128023\n|switch|p2a: Eat With Scissors|Scizor, F|37\/100\n|-activate|p2a: Eat With Scissors|move: Sticky Web\n|-unboost|p2a: Eat With Scissors|spe|1\n|turn|22\n|\n|t:|1701128033\n|move|p2a: Eat With Scissors|Bullet Punch|p1a: Iron Moth\n|-resisted|p1a: Iron Moth\n|-damage|p1a: Iron Moth|0 fnt\n|faint|p1a: Iron Moth\n|-end|p1a: Iron Moth|Quark Drive|[silent]\n|-damage|p2a: Eat With Scissors|27\/100|[from] item: Life Orb\n|\n|upkeep\n|\n|t:|1701128037\n|switch|p1a: Ogerpon|Ogerpon-Wellspring, F|47\/100\n|turn|23\n|\n|t:|1701128042\n|-terastallize|p1a: Ogerpon|Water\n|detailschange|p1a: Ogerpon|Ogerpon-Wellspring-Tera, F, tera:Water\n|-ability|p1a: Ogerpon|Embody Aspect (Wellspring)|boost\n|-boost|p1a: Ogerpon|spd|1\n|move|p2a: Eat With Scissors|Bullet Punch|p1a: Ogerpon\n|-resisted|p1a: Ogerpon\n|-damage|p1a: Ogerpon|18\/100\n|-damage|p2a: Eat With Scissors|17\/100|[from] item: Life Orb\n|move|p1a: Ogerpon|Ivy Cudgel|p2a: Eat With Scissors|[anim] Ivy Cudgel Water\n|-damage|p2a: Eat With Scissors|0 fnt\n|faint|p2a: Eat With Scissors\n|\n|upkeep\n|\n|t:|1701128047\n|switch|p2a: OHAYOLLIE|Mimikyu, F|100\/100\n|-activate|p2a: OHAYOLLIE|move: Sticky Web\n|-unboost|p2a: OHAYOLLIE|spe|1\n|turn|24\n|\n|t:|1701128055\n|move|p2a: OHAYOLLIE|Shadow Sneak|p1a: Ogerpon\n|-damage|p1a: Ogerpon|0 fnt\n|faint|p1a: Ogerpon\n|-damage|p2a: OHAYOLLIE|91\/100|[from] item: Life Orb\n|\n|win|CyberH3\n|raw|glaubenator's rating: 1406 &rarr; <strong>1382<\/strong><br \/>(-24 for losing)\n|raw|CyberH3's rating: 1334 &rarr; <strong>1358<\/strong><br \/>(+24 for winning)\n|c|\u2606CyberH3|gg\n","uploadtime":1701128062,"views":3,"p1id":"glaubenator","p2id":"cyberh3","formatid":"gen9ou","rating":1358,"private":0,"password":""}