{"id":"gen9ou-1990484366","p1":"Tico azul","p2":"Tomaster8000","format":"[Gen 9] OU","log":"|j|\u2606Tico azul\n|j|\u203dTomaster8000\n|t:|1699975188\n|gametype|singles\n|player|p1|Tico azul|workerice|1281\n|player|p2|Tomaster8000|169|1295\n|teamsize|p1|6\n|teamsize|p2|6\n|gen|9\n|tier|[Gen 9] OU\n|rated|\n|rule|Sleep Clause Mod: Limit one foe put to sleep\n|rule|Species Clause: Limit one of each Pok\u00e9mon\n|rule|OHKO Clause: OHKO moves are banned\n|rule|Evasion Items Clause: Evasion items are banned\n|rule|Evasion Moves Clause: Evasion moves are banned\n|rule|Endless Battle Clause: Forcing endless battles is banned\n|rule|HP Percentage Mod: HP is shown in percentages\n|clearpoke\n|poke|p1|Regidrago|\n|poke|p1|Scizor, M|\n|poke|p1|Dragapult, F|\n|poke|p1|Crawdaunt, F|\n|poke|p1|Garchomp, M|\n|poke|p1|Cinderace, F|\n|poke|p2|Pincurchin, F|\n|poke|p2|Iron Treads|\n|poke|p2|Thundurus-Therian, M|\n|poke|p2|Iron Valiant|\n|poke|p2|Dragapult, M|\n|poke|p2|Kingambit, F|\n|teampreview\n|inactive|Battle timer is ON: inactive players will automatically lose when time's up. (requested by Tico azul)\n|\n|t:|1699975208\n|start\n|switch|p1a: Garchomp|Garchomp, M|100\/100\n|switch|p2a: Pincurchin|Pincurchin, F|100\/100\n|-fieldstart|move: Electric Terrain|[from] ability: Electric Surge|[of] p2a: Pincurchin\n|turn|1\n|\n|t:|1699975218\n|switch|p2a: Thundurus|Thundurus-Therian, M|100\/100\n|move|p1a: Garchomp|Swords Dance|p1a: Garchomp\n|-boost|p1a: Garchomp|atk|2\n|\n|upkeep\n|turn|2\n|\n|t:|1699975230\n|-terastallize|p2a: Thundurus|Flying\n|move|p1a: Garchomp|Scale Shot|p2a: Thundurus\n|-damage|p2a: Thundurus|60\/100\n|-damage|p2a: Thundurus|21\/100\n|-damage|p2a: Thundurus|0 fnt\n|faint|p2a: Thundurus\n|-hitcount|p2: Thundurus|3\n|-unboost|p1a: Garchomp|def|1\n|-boost|p1a: Garchomp|spe|1\n|\n|upkeep\n|\n|t:|1699975235\n|switch|p2a: Iron Valiant|Iron Valiant|100\/100\n|-activate|p2a: Iron Valiant|ability: Quark Drive\n|-start|p2a: Iron Valiant|quarkdrivespe\n|turn|3\n|\n|t:|1699975245\n|-terastallize|p1a: Garchomp|Ground\n|move|p2a: Iron Valiant|Spirit Break|p1a: Garchomp\n|-damage|p1a: Garchomp|40\/100\n|-unboost|p1a: Garchomp|spa|1\n|-damage|p2a: Iron Valiant|88\/100|[from] ability: Rough Skin|[of] p1a: Garchomp\n|move|p1a: Garchomp|Iron Head|p2a: Iron Valiant\n|-supereffective|p2a: Iron Valiant\n|-damage|p2a: Iron Valiant|0 fnt\n|faint|p2a: Iron Valiant\n|-end|p2a: Iron Valiant|Quark Drive|[silent]\n|\n|upkeep\n|\n|t:|1699975258\n|switch|p2a: Iron Treads|Iron Treads|100\/100\n|-activate|p2a: Iron Treads|ability: Quark Drive\n|-start|p2a: Iron Treads|quarkdrivespe\n|turn|4\n|\n|t:|1699975264\n|move|p2a: Iron Treads|Earthquake|p1a: Garchomp\n|-damage|p1a: Garchomp|0 fnt\n|faint|p1a: Garchomp\n|\n|upkeep\n|\n|t:|1699975270\n|switch|p1a: Crawdaunt|Crawdaunt, F|100\/100\n|turn|5\n|\n|t:|1699975291\n|move|p2a: Iron Treads|Knock Off|p1a: Crawdaunt\n|-resisted|p1a: Crawdaunt\n|-damage|p1a: Crawdaunt|80\/100\n|-enditem|p1a: Crawdaunt|Focus Sash|[from] move: Knock Off|[of] p2a: Iron Treads\n|move|p1a: Crawdaunt|Crabhammer|p2a: Iron Treads\n|-supereffective|p2a: Iron Treads\n|-damage|p2a: Iron Treads|0 fnt\n|faint|p2a: Iron Treads\n|-end|p2a: Iron Treads|Quark Drive|[silent]\n|\n|upkeep\n|\n|t:|1699975296\n|switch|p2a: Dragapult|Dragapult, M|100\/100\n|turn|6\n|\n|t:|1699975299\n|move|p2a: Dragapult|Substitute|p2a: Dragapult\n|-start|p2a: Dragapult|Substitute\n|-damage|p2a: Dragapult|76\/100\n|move|p1a: Crawdaunt|Knock Off|p2a: Dragapult\n|-supereffective|p2a: Dragapult\n|-end|p2a: Dragapult|Substitute\n|\n|-heal|p2a: Dragapult|82\/100|[from] item: Leftovers\n|upkeep\n|turn|7\n|\n|t:|1699975323\n|move|p2a: Dragapult|Will-O-Wisp|p1a: Crawdaunt\n|-status|p1a: Crawdaunt|brn\n|move|p1a: Crawdaunt|Knock Off|p2a: Dragapult\n|-supereffective|p2a: Dragapult\n|-damage|p2a: Dragapult|0 fnt\n|-enditem|p2a: Dragapult|Leftovers|[from] move: Knock Off|[of] p1a: Crawdaunt\n|faint|p2a: Dragapult\n|\n|-damage|p1a: Crawdaunt|74\/100 brn|[from] brn\n|upkeep\n|\n|t:|1699975329\n|switch|p2a: Pincurchin|Pincurchin, F|100\/100\n|turn|8\n|\n|t:|1699975337\n|move|p1a: Crawdaunt|Knock Off|p2a: Pincurchin\n|-damage|p2a: Pincurchin|72\/100\n|-enditem|p2a: Pincurchin|Terrain Extender|[from] move: Knock Off|[of] p1a: Crawdaunt\n|move|p2a: Pincurchin|Spikes|p1a: Crawdaunt\n|-sidestart|p1: Tico azul|Spikes\n|\n|-damage|p1a: Crawdaunt|68\/100 brn|[from] brn\n|-fieldend|move: Electric Terrain\n|upkeep\n|turn|9\n|\n|t:|1699975342\n|move|p1a: Crawdaunt|Crabhammer|p2a: Pincurchin\n|-damage|p2a: Pincurchin|39\/100\n|move|p2a: Pincurchin|Spikes|p1a: Crawdaunt\n|-sidestart|p1: Tico azul|Spikes\n|\n|-damage|p1a: Crawdaunt|62\/100 brn|[from] brn\n|upkeep\n|turn|10\n|\n|t:|1699975346\n|move|p1a: Crawdaunt|Crabhammer|p2a: Pincurchin\n|-damage|p2a: Pincurchin|10\/100\n|move|p2a: Pincurchin|Spikes|p1a: Crawdaunt\n|-sidestart|p1: Tico azul|Spikes\n|\n|-damage|p1a: Crawdaunt|56\/100 brn|[from] brn\n|upkeep\n|turn|11\n|\n|t:|1699975350\n|move|p1a: Crawdaunt|Crabhammer|p2a: Pincurchin\n|-damage|p2a: Pincurchin|0 fnt\n|faint|p2a: Pincurchin\n|\n|-damage|p1a: Crawdaunt|50\/100 brn|[from] brn\n|upkeep\n|\n|t:|1699975353\n|switch|p2a: Kingambit|Kingambit, F|100\/100\n|-activate|p2a: Kingambit|ability: Supreme Overlord\n|-start|p2a: Kingambit|fallen5|[silent]\n|-item|p2a: Kingambit|Air Balloon\n|turn|12\n|\n|t:|1699975365\n|move|p1a: Crawdaunt|Knock Off|p2a: Kingambit\n|-resisted|p2a: Kingambit\n|-damage|p2a: Kingambit|88\/100\n|-enditem|p2a: Kingambit|Air Balloon\n|move|p2a: Kingambit|Swords Dance|p2a: Kingambit\n|-boost|p2a: Kingambit|atk|2\n|\n|-damage|p1a: Crawdaunt|44\/100 brn|[from] brn\n|upkeep\n|turn|13\n|\n|t:|1699975370\n|move|p1a: Crawdaunt|Swords Dance|p1a: Crawdaunt\n|-boost|p1a: Crawdaunt|atk|2\n|move|p2a: Kingambit|Swords Dance|p2a: Kingambit\n|-boost|p2a: Kingambit|atk|2\n|\n|-damage|p1a: Crawdaunt|38\/100 brn|[from] brn\n|upkeep\n|turn|14\n|\n|t:|1699975378\n|move|p2a: Kingambit|Sucker Punch||[still]\n|-fail|p2a: Kingambit\n|move|p1a: Crawdaunt|Swords Dance|p1a: Crawdaunt\n|-boost|p1a: Crawdaunt|atk|2\n|\n|-damage|p1a: Crawdaunt|32\/100 brn|[from] brn\n|upkeep\n|turn|15\n|\n|t:|1699975383\n|move|p2a: Kingambit|Sucker Punch||[still]\n|-fail|p2a: Kingambit\n|move|p1a: Crawdaunt|Swords Dance|p1a: Crawdaunt\n|-boost|p1a: Crawdaunt|atk|2\n|\n|-damage|p1a: Crawdaunt|26\/100 brn|[from] brn\n|upkeep\n|turn|16\n|\n|t:|1699975387\n|move|p2a: Kingambit|Sucker Punch|p1a: Crawdaunt\n|-resisted|p1a: Crawdaunt\n|-damage|p1a: Crawdaunt|0 fnt\n|faint|p1a: Crawdaunt\n|\n|upkeep\n|\n|t:|1699975393\n|switch|p1a: Cinderace|Cinderace, F|100\/100\n|turn|17\n|\n|t:|1699975404\n|move|p1a: Cinderace|Court Change|p1a: Cinderace\n|-swapsideconditions\n|-activate|p1a: Cinderace|move: Court Change\n|move|p2a: Kingambit|Kowtow Cleave|p1a: Cinderace\n|-damage|p1a: Cinderace|0 fnt\n|faint|p1a: Cinderace\n|\n|upkeep\n|\n|t:|1699975410\n|switch|p1a: Scizor|Scizor, M|100\/100\n|turn|18\n|\n|t:|1699975418\n|move|p2a: Kingambit|Sucker Punch|p1a: Scizor\n|-damage|p1a: Scizor|0 fnt\n|faint|p1a: Scizor\n|\n|upkeep\n|\n|t:|1699975421\n|switch|p1a: Dragapult|Dragapult, F|100\/100\n|turn|19\n|\n|t:|1699975427\n|move|p1a: Dragapult|Sucker Punch|p2a: Kingambit\n|-resisted|p2a: Kingambit\n|-damage|p2a: Kingambit|75\/100\n|move|p2a: Kingambit|Kowtow Cleave|p1a: Dragapult\n|-supereffective|p1a: Dragapult\n|-damage|p1a: Dragapult|0 fnt\n|faint|p1a: Dragapult\n|\n|upkeep\n|\n|t:|1699975431\n|switch|p1a: Regidrago|Regidrago|100\/100\n|turn|20\n|\n|t:|1699975435\n|move|p2a: Kingambit|Sucker Punch|p1a: Regidrago\n|-damage|p1a: Regidrago|0 fnt\n|faint|p1a: Regidrago\n|\n|win|Tomaster8000\n|raw|Tico azul's rating: 1281 &rarr; <strong>1257<\/strong><br \/>(-24 for losing)\n|raw|Tomaster8000's rating: 1295 &rarr; <strong>1319<\/strong><br \/>(+24 for winning)\n","uploadtime":1699975449,"views":14,"p1id":"ticoazul","p2id":"tomaster8000","formatid":"gen9ou","rating":1257,"private":0,"password":""}