{"id":"gen9ou-1993550906","p1":"potato_enigma","p2":"Welcometoearth420","format":"[Gen 9] OU","log":"|j|\u2606potato_enigma\n|j|\u2606Welcometoearth420\n|t:|1700330782\n|gametype|singles\n|player|p1|potato_enigma|266|1323\n|player|p2|Welcometoearth420|102|1415\n|teamsize|p1|6\n|teamsize|p2|6\n|gen|9\n|tier|[Gen 9] OU\n|rated|\n|rule|Sleep Clause Mod: Limit one foe put to sleep\n|rule|Species Clause: Limit one of each Pok\u00e9mon\n|rule|OHKO Clause: OHKO moves are banned\n|rule|Evasion Items Clause: Evasion items are banned\n|rule|Evasion Moves Clause: Evasion moves are banned\n|rule|Endless Battle Clause: Forcing endless battles is banned\n|rule|HP Percentage Mod: HP is shown in percentages\n|clearpoke\n|poke|p1|Meowscarada, F|\n|poke|p1|Iron Valiant|\n|poke|p1|Slowking-Galar, F|\n|poke|p1|Landorus-Therian, M|\n|poke|p1|Orthworm, F|\n|poke|p1|Scream Tail|\n|poke|p2|Sneasler, F|\n|poke|p2|Skeledirge, F|\n|poke|p2|Rillaboom, F|\n|poke|p2|Kingambit, M|\n|poke|p2|Dragapult, M|\n|poke|p2|Ogerpon-Cornerstone, F|\n|teampreview\n|\n|t:|1700330820\n|start\n|switch|p1a: Meowscarada|Meowscarada, F|100\/100\n|switch|p2a: Rillaboom|Rillaboom, F|100\/100\n|-fieldstart|move: Grassy Terrain|[from] ability: Grassy Surge|[of] p2a: Rillaboom\n|turn|1\n|\n|t:|1700330838\n|move|p1a: Meowscarada|Knock Off|p2a: Rillaboom\n|-start|p1a: Meowscarada|typechange|Dark|[from] ability: Protean\n|-damage|p2a: Rillaboom|53\/100\n|-enditem|p2a: Rillaboom|Heavy-Duty Boots|[from] move: Knock Off|[of] p1a: Meowscarada\n|move|p2a: Rillaboom|Knock Off|p1a: Meowscarada\n|-resisted|p1a: Meowscarada\n|-damage|p1a: Meowscarada|74\/100\n|-enditem|p1a: Meowscarada|Expert Belt|[from] move: Knock Off|[of] p2a: Rillaboom\n|\n|-heal|p1a: Meowscarada|80\/100|[from] Grassy Terrain\n|-heal|p2a: Rillaboom|59\/100|[from] Grassy Terrain\n|upkeep\n|turn|2\n|\n|t:|1700330859\n|switch|p2a: Sneasler|Sneasler, F|100\/100\n|-enditem|p2a: Sneasler|Grassy Seed\n|-boost|p2a: Sneasler|def|1|[from] item: Grassy Seed\n|move|p1a: Meowscarada|Sucker Punch||[still]\n|-fail|p1a: Meowscarada\n|\n|-heal|p1a: Meowscarada|87\/100|[from] Grassy Terrain\n|upkeep\n|turn|3\n|\n|t:|1700330884\n|switch|p1a: Slowking|Slowking-Galar, F|100\/100\n|move|p2a: Sneasler|Swords Dance|p2a: Sneasler\n|-boost|p2a: Sneasler|atk|2\n|\n|upkeep\n|turn|4\n|\n|t:|1700330893\n|move|p2a: Sneasler|Shadow Claw|p1a: Slowking\n|-supereffective|p1a: Slowking\n|-crit|p1a: Slowking\n|-damage|p1a: Slowking|0 fnt\n|faint|p1a: Slowking\n|\n|upkeep\n|\n|t:|1700330900\n|switch|p1a: Orthworm|Orthworm, F|100\/100\n|turn|5\n|\n|t:|1700330907\n|move|p1a: Orthworm|Protect|p1a: Orthworm\n|-singleturn|p1a: Orthworm|Protect\n|move|p2a: Sneasler|Low Kick|p1a: Orthworm\n|-activate|p1a: Orthworm|move: Protect\n|\n|-fieldend|move: Grassy Terrain\n|upkeep\n|turn|6\n|\n|t:|1700330918\n|-terastallize|p1a: Orthworm|Ghost\n|move|p2a: Sneasler|Low Kick|p1a: Orthworm\n|-immune|p1a: Orthworm\n|move|p1a: Orthworm|Coil|p1a: Orthworm\n|-boost|p1a: Orthworm|atk|1\n|-boost|p1a: Orthworm|def|1\n|-boost|p1a: Orthworm|accuracy|1\n|\n|upkeep\n|turn|7\n|\n|t:|1700330931\n|-terastallize|p2a: Sneasler|Ghost\n|move|p1a: Orthworm|Protect|p1a: Orthworm\n|-singleturn|p1a: Orthworm|Protect\n|move|p2a: Sneasler|Shadow Claw|p1a: Orthworm\n|-activate|p1a: Orthworm|move: Protect\n|\n|upkeep\n|turn|8\n|\n|t:|1700330940\n|move|p2a: Sneasler|Shadow Claw|p1a: Orthworm\n|-supereffective|p1a: Orthworm\n|-damage|p1a: Orthworm|27\/100\n|move|p1a: Orthworm|Metal Burst|p2a: Sneasler\n|-damage|p2a: Sneasler|0 fnt\n|faint|p2a: Sneasler\n|\n|-heal|p1a: Orthworm|33\/100|[from] item: Leftovers\n|upkeep\n|\n|t:|1700330947\n|switch|p2a: Dragapult|Dragapult, M|100\/100\n|turn|9\n|\n|t:|1700330954\n|move|p2a: Dragapult|Hex|p1a: Orthworm\n|-supereffective|p1a: Orthworm\n|-damage|p1a: Orthworm|0 fnt\n|faint|p1a: Orthworm\n|\n|upkeep\n|\n|t:|1700330960\n|switch|p1a: Landorus|Landorus-Therian, M|100\/100\n|-ability|p1a: Landorus|Intimidate|boost\n|-unboost|p2a: Dragapult|atk|1\n|turn|10\n|\n|t:|1700330975\n|switch|p1a: Iron Valiant|Iron Valiant|100\/100\n|-enditem|p1a: Iron Valiant|Booster Energy\n|-activate|p1a: Iron Valiant|ability: Quark Drive|[fromitem]\n|-start|p1a: Iron Valiant|quarkdrivespe\n|move|p2a: Dragapult|Draco Meteor|p1a: Iron Valiant\n|-immune|p1a: Iron Valiant\n|\n|upkeep\n|turn|11\n|\n|t:|1700330993\n|switch|p2a: Skeledirge|Skeledirge, F|100\/100\n|move|p1a: Iron Valiant|Moonblast|p2a: Skeledirge\n|-resisted|p2a: Skeledirge\n|-damage|p2a: Skeledirge|76\/100\n|\n|upkeep\n|turn|12\n|\n|t:|1700331037\n|-end|p1a: Iron Valiant|Quark Drive|[silent]\n|switch|p1a: Scream Tail|Scream Tail|100\/100\n|move|p2a: Skeledirge|Torch Song|p1a: Scream Tail\n|-damage|p1a: Scream Tail|81\/100\n|-boost|p2a: Skeledirge|spa|1\n|\n|upkeep\n|turn|13\n|\n|t:|1700331069\n|move|p1a: Scream Tail|Psychic|p2a: Skeledirge\n|-damage|p2a: Skeledirge|53\/100\n|move|p2a: Skeledirge|Hex|p1a: Scream Tail\n|-supereffective|p1a: Scream Tail\n|-damage|p1a: Scream Tail|38\/100\n|\n|upkeep\n|turn|14\n|\n|t:|1700331086\n|-end|p1a: Scream Tail|Protosynthesis|[silent]\n|switch|p1a: Meowscarada|Meowscarada, F|87\/100\n|move|p2a: Skeledirge|Slack Off|p2a: Skeledirge\n|-heal|p2a: Skeledirge|100\/100\n|\n|upkeep\n|turn|15\n|\n|t:|1700331095\n|move|p1a: Meowscarada|Knock Off|p2a: Skeledirge\n|-start|p1a: Meowscarada|typechange|Dark|[from] ability: Protean\n|-supereffective|p2a: Skeledirge\n|-damage|p2a: Skeledirge|32\/100\n|-enditem|p2a: Skeledirge|Heavy-Duty Boots|[from] move: Knock Off|[of] p1a: Meowscarada\n|move|p2a: Skeledirge|Will-O-Wisp|p1a: Meowscarada|[miss]\n|-miss|p2a: Skeledirge|p1a: Meowscarada\n|\n|upkeep\n|turn|16\n|\n|t:|1700331106\n|switch|p2a: Rillaboom|Rillaboom, F|59\/100\n|-fieldstart|move: Grassy Terrain|[from] ability: Grassy Surge|[of] p2a: Rillaboom\n|move|p1a: Meowscarada|Knock Off|p2a: Rillaboom\n|-damage|p2a: Rillaboom|27\/100\n|\n|-heal|p1a: Meowscarada|93\/100|[from] Grassy Terrain\n|-heal|p2a: Rillaboom|33\/100|[from] Grassy Terrain\n|upkeep\n|turn|17\n|\n|t:|1700331130\n|move|p2a: Rillaboom|Grassy Glide|p1a: Meowscarada\n|-damage|p1a: Meowscarada|25\/100\n|move|p1a: Meowscarada|Knock Off|p2a: Rillaboom\n|-damage|p2a: Rillaboom|3\/100\n|\n|-heal|p1a: Meowscarada|31\/100|[from] Grassy Terrain\n|-heal|p2a: Rillaboom|10\/100|[from] Grassy Terrain\n|upkeep\n|turn|18\n|\n|t:|1700331137\n|move|p1a: Meowscarada|Sucker Punch|p2a: Rillaboom\n|-damage|p2a: Rillaboom|0 fnt\n|faint|p2a: Rillaboom\n|\n|-heal|p1a: Meowscarada|37\/100|[from] Grassy Terrain\n|upkeep\n|\n|t:|1700331144\n|switch|p2a: Ogerpon|Ogerpon-Cornerstone, F|100\/100\n|turn|19\n|\n|t:|1700331153\n|move|p1a: Meowscarada|Flower Trick|p2a: Ogerpon\n|-crit|p2a: Ogerpon\n|-damage|p2a: Ogerpon|45\/100\n|move|p2a: Ogerpon|Horn Leech|p1a: Meowscarada\n|-damage|p1a: Meowscarada|0 fnt\n|-heal|p2a: Ogerpon|63\/100|[from] drain|[of] p1a: Meowscarada\n|faint|p1a: Meowscarada\n|\n|-heal|p2a: Ogerpon|69\/100|[from] Grassy Terrain\n|upkeep\n|\n|t:|1700331167\n|switch|p1a: Iron Valiant|Iron Valiant|100\/100\n|turn|20\n|\n|t:|1700331179\n|switch|p2a: Skeledirge|Skeledirge, F|32\/100\n|move|p1a: Iron Valiant|Aura Sphere|p2a: Skeledirge\n|-immune|p2a: Skeledirge\n|\n|-heal|p2a: Skeledirge|38\/100|[from] Grassy Terrain\n|-fieldend|move: Grassy Terrain\n|upkeep\n|turn|21\n|\n|t:|1700331188\n|-end|p1a: Iron Valiant|Quark Drive|[silent]\n|switch|p1a: Landorus|Landorus-Therian, M|100\/100\n|-ability|p1a: Landorus|Intimidate|boost\n|-unboost|p2a: Skeledirge|atk|1\n|move|p2a: Skeledirge|Slack Off|p2a: Skeledirge\n|-heal|p2a: Skeledirge|88\/100\n|\n|upkeep\n|turn|22\n|\n|t:|1700331195\n|move|p1a: Landorus|Earthquake|p2a: Skeledirge\n|-supereffective|p2a: Skeledirge\n|-damage|p2a: Skeledirge|8\/100\n|move|p2a: Skeledirge|Will-O-Wisp|p1a: Landorus\n|-status|p1a: Landorus|brn\n|\n|-damage|p1a: Landorus|95\/100 brn|[from] brn\n|upkeep\n|turn|23\n|\n|t:|1700331205\n|switch|p2a: Dragapult|Dragapult, M|100\/100\n|move|p1a: Landorus|Earthquake|p2a: Dragapult\n|-damage|p2a: Dragapult|61\/100\n|\n|-heal|p1a: Landorus|100\/100 brn|[from] item: Leftovers\n|-damage|p1a: Landorus|95\/100 brn|[from] brn\n|upkeep\n|turn|24\n|\n|t:|1700331231\n|move|p2a: Dragapult|Hex|p1a: Landorus\n|-damage|p1a: Landorus|19\/100 brn\n|move|p1a: Landorus|Swords Dance|p1a: Landorus\n|-boost|p1a: Landorus|atk|2\n|\n|-heal|p1a: Landorus|25\/100 brn|[from] item: Leftovers\n|-damage|p1a: Landorus|19\/100 brn|[from] brn\n|upkeep\n|turn|25\n|-message|potato_enigma forfeited.\n|\n|win|Welcometoearth420\n|raw|potato_enigma's rating: 1323 &rarr; <strong>1308<\/strong><br \/>(-15 for losing)\n|raw|Welcometoearth420's rating: 1415 &rarr; <strong>1430<\/strong><br \/>(+15 for winning)\n|l|\u2606potato_enigma\n","uploadtime":1700331241,"views":9,"p1id":"potatoenigma","p2id":"welcometoearth420","formatid":"gen9ou","rating":1308,"private":0,"password":""}