{"id":"gen9ou-1998140187","p1":"liaoya","p2":"TheKebin","format":"[Gen 9] OU","log":"|j|\u2606liaoya\n|j|\u2606TheKebin\n|t:|1700898971\n|gametype|singles\n|player|p1|liaoya|petrel|1548\n|player|p2|TheKebin|worker-gen4|1467\n|teamsize|p1|6\n|teamsize|p2|6\n|gen|9\n|tier|[Gen 9] OU\n|rated|\n|rule|Sleep Clause Mod: Limit one foe put to sleep\n|rule|Species Clause: Limit one of each Pok\u00e9mon\n|rule|OHKO Clause: OHKO moves are banned\n|rule|Evasion Items Clause: Evasion items are banned\n|rule|Evasion Moves Clause: Evasion moves are banned\n|rule|Endless Battle Clause: Forcing endless battles is banned\n|rule|HP Percentage Mod: HP is shown in percentages\n|clearpoke\n|poke|p1|Drifblim, M|\n|poke|p1|Garganacl, F|\n|poke|p1|Umbreon, M|\n|poke|p1|Rotom-Wash|\n|poke|p1|Glimmora, F|\n|poke|p1|Espeon, M|\n|poke|p2|Milotic, F|\n|poke|p2|Kommo-o, M|\n|poke|p2|Grimmsnarl, M|\n|poke|p2|Maushold|\n|poke|p2|Zapdos|\n|poke|p2|Ceruledge, F|\n|teampreview\n|inactive|Battle timer is ON: inactive players will automatically lose when time's up. (requested by liaoya)\n|\n|t:|1700898975\n|start\n|switch|p1a: Rotom|Rotom-Wash|100\/100\n|switch|p2a: Zapdos|Zapdos|100\/100\n|turn|1\n|\n|t:|1700898986\n|move|p1a: Rotom|Volt Switch|p2a: Zapdos\n|-crit|p2a: Zapdos\n|-damage|p2a: Zapdos|56\/100\n|\n|t:|1700898992\n|switch|p1a: Espeon|Espeon, M|100\/100|[from] Volt Switch\n|move|p2a: Zapdos|Volt Switch|p1a: Espeon\n|-damage|p1a: Espeon|59\/100\n|\n|t:|1700899014\n|switch|p2a: Milotic|Milotic, F|100\/100|[from] Volt Switch\n|\n|upkeep\n|turn|2\n|\n|t:|1700899020\n|move|p1a: Espeon|Trick|p2a: Milotic\n|-activate|p1a: Espeon|move: Trick|[of] p2a: Milotic\n|-item|p2a: Milotic|Choice Scarf|[from] move: Trick\n|-item|p1a: Espeon|Heavy-Duty Boots|[from] move: Trick\n|move|p2a: Milotic|Flip Turn|p1a: Espeon\n|-damage|p1a: Espeon|46\/100\n|\n|t:|1700899032\n|switch|p2a: Maushold|Maushold|100\/100|[from] Flip Turn\n|\n|upkeep\n|turn|3\n|\n|t:|1700899038\n|move|p2a: Maushold|Encore|p1a: Espeon\n|move|p1a: Espeon|Encore||[from]ability: Magic Bounce|[still]\n|-fail|p1a: Espeon\n|move|p1a: Espeon|Psyshock|p2a: Maushold\n|-damage|p2a: Maushold|46\/100\n|\n|upkeep\n|turn|4\n|\n|t:|1700899044\n|move|p2a: Maushold|Population Bomb|p1a: Espeon\n|-damage|p1a: Espeon|33\/100\n|-damage|p1a: Espeon|19\/100\n|-damage|p1a: Espeon|7\/100\n|-damage|p1a: Espeon|0 fnt\n|faint|p1a: Espeon\n|-hitcount|p1: Espeon|4\n|\n|upkeep\n|\n|t:|1700899047\n|switch|p1a: Garganacl|Garganacl, F, shiny|100\/100\n|turn|5\n|\n|t:|1700899051\n|-terastallize|p1a: Garganacl|Ghost\n|move|p2a: Maushold|Tidy Up|p2a: Maushold\n|-boost|p2a: Maushold|atk|1\n|-boost|p2a: Maushold|spe|1\n|move|p1a: Garganacl|Body Press|p2a: Maushold\n|-supereffective|p2a: Maushold\n|-damage|p2a: Maushold|0 fnt\n|faint|p2a: Maushold\n|\n|upkeep\n|\n|t:|1700899059\n|switch|p2a: Ceruledge|Ceruledge, F|100\/100\n|turn|6\n|\n|t:|1700899066\n|switch|p1a: Glimmora|Glimmora, F|100\/100\n|move|p2a: Ceruledge|Swords Dance|p2a: Ceruledge\n|-boost|p2a: Ceruledge|atk|2\n|\n|upkeep\n|turn|7\n|\n|t:|1700899079\n|move|p2a: Ceruledge|Bitter Blade|p1a: Glimmora\n|-resisted|p1a: Glimmora\n|-damage|p1a: Glimmora|64\/100\n|-activate|p1a: Glimmora|ability: Toxic Debris\n|-sidestart|p2: TheKebin|move: Toxic Spikes\n|move|p1a: Glimmora|Mortal Spin|p2a: Ceruledge\n|-resisted|p2a: Ceruledge\n|-crit|p2a: Ceruledge\n|-damage|p2a: Ceruledge|94\/100\n|-status|p2a: Ceruledge|psn\n|-ability|p2a: Ceruledge|Weak Armor|boost\n|-unboost|p2a: Ceruledge|def|1\n|-boost|p2a: Ceruledge|spe|2\n|\n|-damage|p2a: Ceruledge|82\/100 psn|[from] psn\n|upkeep\n|turn|8\n|\n|t:|1700899086\n|move|p2a: Ceruledge|Poltergeist|p1a: Glimmora\n|-activate|p1a: Glimmora|move: Poltergeist|Focus Sash\n|-crit|p1a: Glimmora\n|-damage|p1a: Glimmora|0 fnt\n|-activate|p1a: Glimmora|ability: Toxic Debris\n|-sidestart|p2: TheKebin|move: Toxic Spikes\n|faint|p1a: Glimmora\n|\n|-damage|p2a: Ceruledge|70\/100 psn|[from] psn\n|upkeep\n|\n|t:|1700899090\n|switch|p1a: Umbreon|Umbreon, M, shiny|100\/100\n|turn|9\n|\n|t:|1700899093\n|-terastallize|p2a: Ceruledge|Fire\n|move|p2a: Ceruledge|Bitter Blade|p1a: Umbreon\n|-damage|p1a: Umbreon|15\/100\n|-heal|p2a: Ceruledge|100\/100 psn|[from] drain|[of] p1a: Umbreon\n|move|p1a: Umbreon|Foul Play|p2a: Ceruledge\n|-enditem|p2a: Ceruledge|Focus Sash\n|-damage|p2a: Ceruledge|1\/100 psn\n|-ability|p2a: Ceruledge|Weak Armor|boost\n|-unboost|p2a: Ceruledge|def|1\n|-boost|p2a: Ceruledge|spe|2\n|\n|-heal|p1a: Umbreon|21\/100|[from] item: Leftovers\n|-damage|p2a: Ceruledge|0 fnt|[from] psn\n|faint|p2a: Ceruledge\n|upkeep\n|\n|t:|1700899109\n|switch|p2a: Kommo-o|Kommo-o, M|100\/100\n|-status|p2a: Kommo-o|tox\n|turn|10\n|\n|t:|1700899118\n|move|p1a: Umbreon|Protect|p1a: Umbreon\n|-singleturn|p1a: Umbreon|Protect\n|move|p2a: Kommo-o|Swords Dance|p2a: Kommo-o\n|-boost|p2a: Kommo-o|atk|2\n|\n|-heal|p1a: Umbreon|27\/100|[from] item: Leftovers\n|-damage|p2a: Kommo-o|94\/100 tox|[from] psn\n|upkeep\n|turn|11\n|\n|t:|1700899123\n|move|p2a: Kommo-o|Scale Shot|p1a: Umbreon|[miss]\n|-miss|p2a: Kommo-o|p1a: Umbreon\n|move|p1a: Umbreon|Wish|p1a: Umbreon\n|\n|-heal|p1a: Umbreon|33\/100|[from] item: Leftovers\n|-damage|p2a: Kommo-o|82\/100 tox|[from] psn\n|upkeep\n|turn|12\n|\n|t:|1700899126\n|move|p1a: Umbreon|Protect|p1a: Umbreon\n|-singleturn|p1a: Umbreon|Protect\n|move|p2a: Kommo-o|Scale Shot|p1a: Umbreon\n|-activate|p1a: Umbreon|move: Protect\n|\n|-heal|p1a: Umbreon|83\/100|[from] move: Wish|[wisher] Umbreon\n|-heal|p1a: Umbreon|90\/100|[from] item: Leftovers\n|-damage|p2a: Kommo-o|63\/100 tox|[from] psn\n|upkeep\n|turn|13\n|\n|t:|1700899130\n|move|p2a: Kommo-o|Close Combat|p1a: Umbreon\n|-supereffective|p1a: Umbreon\n|-damage|p1a: Umbreon|0 fnt\n|-unboost|p2a: Kommo-o|def|1\n|-unboost|p2a: Kommo-o|spd|1\n|faint|p1a: Umbreon\n|\n|-damage|p2a: Kommo-o|39\/100 tox|[from] psn\n|upkeep\n|\n|t:|1700899132\n|switch|p1a: Garganacl|Garganacl, F, shiny, tera:Ghost|100\/100\n|turn|14\n|\n|t:|1700899136\n|move|p2a: Kommo-o|Scale Shot|p1a: Garganacl\n|-damage|p1a: Garganacl|85\/100\n|-damage|p1a: Garganacl|69\/100\n|-damage|p1a: Garganacl|52\/100\n|-damage|p1a: Garganacl|36\/100\n|-hitcount|p1a: Garganacl|4\n|-unboost|p2a: Kommo-o|def|1\n|-boost|p2a: Kommo-o|spe|1\n|move|p1a: Garganacl|Iron Defense|p1a: Garganacl\n|-boost|p1a: Garganacl|def|2\n|\n|-heal|p1a: Garganacl|42\/100|[from] item: Leftovers\n|-damage|p2a: Kommo-o|8\/100 tox|[from] psn\n|upkeep\n|turn|15\n|\n|t:|1700899144\n|move|p2a: Kommo-o|Scale Shot|p1a: Garganacl\n|-damage|p1a: Garganacl|34\/100\n|-damage|p1a: Garganacl|26\/100\n|-damage|p1a: Garganacl|18\/100\n|-damage|p1a: Garganacl|9\/100\n|-damage|p1a: Garganacl|1\/100\n|-hitcount|p1a: Garganacl|5\n|-unboost|p2a: Kommo-o|def|1\n|-boost|p2a: Kommo-o|spe|1\n|move|p1a: Garganacl|Recover|p1a: Garganacl\n|-heal|p1a: Garganacl|51\/100\n|\n|-heal|p1a: Garganacl|57\/100|[from] item: Leftovers\n|-damage|p2a: Kommo-o|0 fnt|[from] psn\n|faint|p2a: Kommo-o\n|upkeep\n|-message|TheKebin forfeited.\n|\n|win|liaoya\n|raw|liaoya's rating: 1548 &rarr; <strong>1563<\/strong><br \/>(+15 for winning)\n|raw|TheKebin's rating: 1467 &rarr; <strong>1452<\/strong><br \/>(-15 for losing)\n|l|\u2606TheKebin\n","uploadtime":1700899157,"views":1,"p1id":"liaoya","p2id":"thekebin","formatid":"gen9ou","rating":1452,"private":0,"password":""}