{"id":"gen9ou-1988713637","p1":"ChandosH","p2":"the crungler","format":"[Gen 9] OU","log":"|j|\u2606ChandosH\n|j|\u2606the crungler\n|t:|1699753867\n|gametype|singles\n|player|p1|ChandosH|n-masters|1683\n|player|p2|the crungler|janitor|1643\n|teamsize|p1|6\n|teamsize|p2|6\n|gen|9\n|tier|[Gen 9] OU\n|rated|\n|rule|Sleep Clause Mod: Limit one foe put to sleep\n|rule|Species Clause: Limit one of each Pok\u00e9mon\n|rule|OHKO Clause: OHKO moves are banned\n|rule|Evasion Items Clause: Evasion items are banned\n|rule|Evasion Moves Clause: Evasion moves are banned\n|rule|Endless Battle Clause: Forcing endless battles is banned\n|rule|HP Percentage Mod: HP is shown in percentages\n|clearpoke\n|poke|p1|Alomomola, F|\n|poke|p1|Great Tusk|\n|poke|p1|Weavile, F|\n|poke|p1|Slowking-Galar, M|\n|poke|p1|Cinderace, M|\n|poke|p1|Thundurus-Therian, M|\n|poke|p2|Pelipper, M|\n|poke|p2|Barraskewda, M|\n|poke|p2|Toxicroak, F|\n|poke|p2|Zapdos|\n|poke|p2|Ting-Lu|\n|poke|p2|Gholdengo|\n|teampreview\n|inactive|Battle timer is ON: inactive players will automatically lose when time's up. (requested by the crungler)\n|\n|t:|1699753890\n|start\n|switch|p1a: Thundurus|Thundurus-Therian, M|100\/100\n|switch|p2a: Gholdengo|Gholdengo, shiny|100\/100\n|turn|1\n|\n|t:|1699753900\n|switch|p2a: Ting-Lu|Ting-Lu|100\/100\n|-ability|p2a: Ting-Lu|Vessel of Ruin\n|move|p1a: Thundurus|Volt Switch|p2a: Ting-Lu\n|-immune|p2a: Ting-Lu\n|\n|upkeep\n|turn|2\n|\n|t:|1699753908\n|switch|p1a: Alomomola|Alomomola, F|100\/100\n|move|p2a: Ting-Lu|Stealth Rock|p1a: Alomomola\n|-sidestart|p1: ChandosH|move: Stealth Rock\n|\n|upkeep\n|turn|3\n|\n|t:|1699753911\n|move|p1a: Alomomola|Scald|p2a: Ting-Lu\n|-supereffective|p2a: Ting-Lu\n|-damage|p2a: Ting-Lu|89\/100\n|-status|p2a: Ting-Lu|brn\n|move|p2a: Ting-Lu|Whirlwind|p1a: Alomomola\n|drag|p1a: Weavile|Weavile, F|100\/100\n|-damage|p1a: Weavile|76\/100|[from] Stealth Rock\n|-ability|p1a: Weavile|Pressure\n|\n|-heal|p2a: Ting-Lu|95\/100 brn|[from] item: Leftovers\n|-damage|p2a: Ting-Lu|89\/100 brn|[from] brn\n|upkeep\n|turn|4\n|j| giant1809\n|\n|t:|1699753919\n|move|p1a: Weavile|Icicle Crash|p2a: Ting-Lu\n|-supereffective|p2a: Ting-Lu\n|-damage|p2a: Ting-Lu|16\/100 brn\n|cant|p2a: Ting-Lu|flinch\n|\n|-heal|p2a: Ting-Lu|22\/100 brn|[from] item: Leftovers\n|-damage|p2a: Ting-Lu|16\/100 brn|[from] brn\n|upkeep\n|turn|5\n|\n|t:|1699753930\n|switch|p2a: Toxicroak|Toxicroak, F|100\/100\n|move|p1a: Weavile|Icicle Crash|p2a: Toxicroak\n|-damage|p2a: Toxicroak|42\/100\n|\n|-heal|p2a: Toxicroak|48\/100|[from] item: Leftovers\n|upkeep\n|turn|6\n|\n|t:|1699753944\n|switch|p1a: Great Tusk|Great Tusk|100\/100\n|-damage|p1a: Great Tusk|98\/100|[from] Stealth Rock\n|switch|p2a: Ting-Lu|Ting-Lu|16\/100 brn\n|-ability|p2a: Ting-Lu|Vessel of Ruin\n|\n|-heal|p2a: Ting-Lu|22\/100 brn|[from] item: Leftovers\n|-damage|p2a: Ting-Lu|16\/100 brn|[from] brn\n|upkeep\n|turn|7\n|\n|t:|1699753955\n|switch|p2a: Zapdos|Zapdos|100\/100\n|move|p1a: Great Tusk|Stealth Rock|p2a: Zapdos\n|-sidestart|p2: the crungler|move: Stealth Rock\n|\n|upkeep\n|turn|8\n|\n|t:|1699753960\n|-end|p1a: Great Tusk|Protosynthesis|[silent]\n|switch|p1a: Slowking|Slowking-Galar, M|100\/100\n|move|p2a: Zapdos|Hurricane|p1a: Slowking\n|-damage|p1a: Slowking|70\/100\n|\n|upkeep\n|turn|9\n|\n|t:|1699753967\n|move|p2a: Zapdos|Volt Switch|p1a: Slowking\n|-damage|p1a: Slowking|51\/100\n|\n|t:|1699753971\n|switch|p2a: Gholdengo|Gholdengo, shiny|100\/100|[from] Volt Switch\n|-damage|p2a: Gholdengo|94\/100|[from] Stealth Rock\n|move|p1a: Slowking|Chilly Reception|p1a: Slowking\n|-weather|Snow\n|\n|t:|1699753986\n|switch|p1a: Weavile|Weavile, F|76\/100|[from] Chilly Reception\n|-damage|p1a: Weavile|51\/100|[from] Stealth Rock\n|-ability|p1a: Weavile|Pressure\n|\n|-weather|Snow|[upkeep]\n|upkeep\n|turn|10\n|\n|t:|1699753990\n|switch|p1a: Alomomola|Alomomola, F|100\/100\n|move|p2a: Gholdengo|Make It Rain|p1a: Alomomola\n|-resisted|p1a: Alomomola\n|-damage|p1a: Alomomola|67\/100\n|-unboost|p2a: Gholdengo|spa|1\n|\n|-weather|Snow|[upkeep]\n|upkeep\n|turn|11\n|\n|t:|1699753996\n|switch|p2a: Toxicroak|Toxicroak, F|48\/100\n|-damage|p2a: Toxicroak|42\/100|[from] Stealth Rock\n|move|p1a: Alomomola|Wish|p1a: Alomomola\n|\n|-weather|Snow|[upkeep]\n|-heal|p2a: Toxicroak|48\/100|[from] item: Leftovers\n|upkeep\n|turn|12\n|\n|t:|1699754002\n|switch|p1a: Great Tusk|Great Tusk|98\/100\n|-damage|p1a: Great Tusk|95\/100|[from] Stealth Rock\n|move|p2a: Toxicroak|Knock Off|p1a: Great Tusk\n|-resisted|p1a: Great Tusk\n|-damage|p1a: Great Tusk|87\/100\n|-damage|p2a: Toxicroak|32\/100|[from] item: Rocky Helmet|[of] p1a: Great Tusk\n|-enditem|p1a: Great Tusk|Rocky Helmet|[from] move: Knock Off|[of] p2a: Toxicroak\n|\n|-weather|Snow|[upkeep]\n|-heal|p1a: Great Tusk|100\/100|[from] move: Wish|[wisher] Alomomola\n|-heal|p2a: Toxicroak|38\/100|[from] item: Leftovers\n|upkeep\n|turn|13\n|\n|t:|1699754011\n|switch|p2a: Zapdos|Zapdos|100\/100\n|move|p1a: Great Tusk|Rapid Spin|p2a: Zapdos\n|-damage|p2a: Zapdos|86\/100\n|-boost|p1a: Great Tusk|spe|1\n|-sideend|p1: ChandosH|Stealth Rock|[from] move: Rapid Spin|[of] p1a: Great Tusk\n|\n|-weather|none\n|upkeep\n|turn|14\n|\n|t:|1699754020\n|-end|p1a: Great Tusk|Protosynthesis|[silent]\n|switch|p1a: Thundurus|Thundurus-Therian, M|100\/100\n|move|p2a: Zapdos|Volt Switch|p1a: Thundurus\n|-immune|p1a: Thundurus|[from] ability: Volt Absorb\n|\n|upkeep\n|turn|15\n|\n|t:|1699754030\n|switch|p2a: Ting-Lu|Ting-Lu|16\/100 brn\n|-damage|p2a: Ting-Lu|10\/100 brn|[from] Stealth Rock\n|-ability|p2a: Ting-Lu|Vessel of Ruin\n|move|p1a: Thundurus|Tera Blast|p2a: Ting-Lu\n|-damage|p2a: Ting-Lu|0 fnt\n|faint|p2a: Ting-Lu\n|\n|upkeep\n|\n|t:|1699754035\n|switch|p2a: Gholdengo|Gholdengo, shiny|94\/100\n|-damage|p2a: Gholdengo|88\/100|[from] Stealth Rock\n|turn|16\n|\n|t:|1699754054\n|switch|p1a: Slowking|Slowking-Galar, M|84\/100\n|move|p2a: Gholdengo|Shadow Ball|p1a: Slowking\n|-supereffective|p1a: Slowking\n|-damage|p1a: Slowking|41\/100\n|\n|upkeep\n|turn|17\n|\n|t:|1699754065\n|switch|p1a: Alomomola|Alomomola, F|100\/100\n|move|p2a: Gholdengo|Shadow Ball|p1a: Alomomola\n|-damage|p1a: Alomomola|59\/100\n|-unboost|p1a: Alomomola|spd|1\n|\n|upkeep\n|turn|18\n|\n|t:|1699754069\n|move|p1a: Alomomola|Protect|p1a: Alomomola\n|-singleturn|p1a: Alomomola|Protect\n|move|p2a: Gholdengo|Shadow Ball|p1a: Alomomola\n|-activate|p1a: Alomomola|move: Protect\n|\n|upkeep\n|turn|19\n|\n|t:|1699754080\n|switch|p1a: Cinderace|Cinderace, M|100\/100\n|move|p2a: Gholdengo|Shadow Ball|p1a: Cinderace\n|-damage|p1a: Cinderace|55\/100\n|\n|upkeep\n|turn|20\n|j| NScomoLPS\n|\n|t:|1699754089\n|switch|p2a: Pelipper|Pelipper, M|100\/100\n|-damage|p2a: Pelipper|76\/100|[from] Stealth Rock\n|-weather|RainDance|[from] ability: Drizzle|[of] p2a: Pelipper\n|move|p1a: Cinderace|Pyro Ball|p2a: Pelipper\n|-resisted|p2a: Pelipper\n|-damage|p2a: Pelipper|63\/100\n|\n|-weather|RainDance|[upkeep]\n|upkeep\n|turn|21\n|\n|t:|1699754101\n|move|p1a: Cinderace|U-turn|p2a: Pelipper\n|-resisted|p2a: Pelipper\n|-damage|p2a: Pelipper|54\/100\n|\n|t:|1699754104\n|switch|p1a: Alomomola|Alomomola, F|92\/100|[from] U-turn\n|move|p2a: Pelipper|U-turn|p1a: Alomomola\n|-damage|p1a: Alomomola|87\/100\n|\n|t:|1699754108\n|switch|p2a: Toxicroak|Toxicroak, F|38\/100|[from] U-turn\n|-damage|p2a: Toxicroak|32\/100|[from] Stealth Rock\n|\n|-weather|RainDance|[upkeep]\n|-heal|p2a: Toxicroak|44\/100|[from] ability: Dry Skin\n|-heal|p2a: Toxicroak|50\/100|[from] item: Leftovers\n|upkeep\n|turn|22\n|\n|t:|1699754116\n|switch|p1a: Great Tusk|Great Tusk|100\/100\n|move|p2a: Toxicroak|Taunt|p1a: Great Tusk\n|-start|p1a: Great Tusk|move: Taunt\n|\n|-weather|RainDance|[upkeep]\n|-heal|p2a: Toxicroak|63\/100|[from] ability: Dry Skin\n|-heal|p2a: Toxicroak|69\/100|[from] item: Leftovers\n|upkeep\n|turn|23\n|\n|t:|1699754132\n|switch|p2a: Zapdos|Zapdos|86\/100\n|move|p1a: Great Tusk|Earthquake|p2a: Zapdos\n|-immune|p2a: Zapdos\n|\n|-weather|RainDance|[upkeep]\n|upkeep\n|turn|24\n|\n|t:|1699754139\n|-end|p1a: Great Tusk|Protosynthesis|[silent]\n|switch|p1a: Slowking|Slowking-Galar, M|75\/100\n|move|p2a: Zapdos|Hurricane|p1a: Slowking\n|-damage|p1a: Slowking|41\/100\n|\n|-weather|RainDance|[upkeep]\n|upkeep\n|turn|25\n|inactive|the crungler has 120 seconds left.\n|\n|t:|1699754190\n|-terastallize|p2a: Zapdos|Water\n|move|p2a: Zapdos|Weather Ball|p1a: Slowking\n|-damage|p1a: Slowking|0 fnt\n|faint|p1a: Slowking\n|\n|-weather|RainDance|[upkeep]\n|upkeep\n|\n|t:|1699754197\n|switch|p1a: Thundurus|Thundurus-Therian, M|100\/100\n|turn|26\n|\n|t:|1699754214\n|switch|p2a: Gholdengo|Gholdengo, shiny|88\/100\n|-damage|p2a: Gholdengo|82\/100|[from] Stealth Rock\n|move|p1a: Thundurus|Volt Switch|p2a: Gholdengo\n|-damage|p2a: Gholdengo|24\/100\n|\n|t:|1699754224\n|switch|p1a: Weavile|Weavile, F|51\/100|[from] Volt Switch\n|-ability|p1a: Weavile|Pressure\n|\n|-weather|RainDance|[upkeep]\n|upkeep\n|turn|27\n|\n|t:|1699754229\n|switch|p1a: Alomomola|Alomomola, F|100\/100\n|move|p2a: Gholdengo|Make It Rain|p1a: Alomomola\n|-resisted|p1a: Alomomola\n|-damage|p1a: Alomomola|71\/100\n|-unboost|p2a: Gholdengo|spa|1\n|\n|-weather|none\n|upkeep\n|turn|28\n|\n|t:|1699754238\n|switch|p2a: Pelipper|Pelipper, M|54\/100\n|-damage|p2a: Pelipper|29\/100|[from] Stealth Rock\n|-weather|RainDance|[from] ability: Drizzle|[of] p2a: Pelipper\n|move|p1a: Alomomola|Wish|p1a: Alomomola\n|\n|-weather|RainDance|[upkeep]\n|upkeep\n|turn|29\n|\n|t:|1699754248\n|switch|p1a: Thundurus|Thundurus-Therian, M|100\/100\n|move|p2a: Pelipper|Roost|p2a: Pelipper\n|-heal|p2a: Pelipper|79\/100\n|-singleturn|p2a: Pelipper|move: Roost\n|\n|-weather|RainDance|[upkeep]\n|upkeep\n|turn|30\n|inactive|the crungler has 120 seconds left.\n|\n|t:|1699754273\n|move|p1a: Thundurus|Volt Switch|p2a: Pelipper\n|-supereffective|p2a: Pelipper\n|-damage|p2a: Pelipper|0 fnt\n|faint|p2a: Pelipper\n|\n|t:|1699754286\n|switch|p1a: Weavile|Weavile, F|51\/100|[from] Volt Switch\n|-ability|p1a: Weavile|Pressure\n|\n|-weather|RainDance|[upkeep]\n|upkeep\n|\n|t:|1699754291\n|switch|p2a: Toxicroak|Toxicroak, F|69\/100\n|-damage|p2a: Toxicroak|63\/100|[from] Stealth Rock\n|turn|31\n|\n|t:|1699754298\n|switch|p1a: Great Tusk|Great Tusk|100\/100\n|move|p2a: Toxicroak|Super Fang|p1a: Great Tusk\n|-damage|p1a: Great Tusk|51\/100\n|\n|-weather|RainDance|[upkeep]\n|-heal|p2a: Toxicroak|75\/100|[from] ability: Dry Skin\n|-heal|p2a: Toxicroak|82\/100|[from] item: Leftovers\n|upkeep\n|turn|32\n|\n|t:|1699754308\n|switch|p2a: Zapdos|Zapdos, tera:Water|86\/100\n|move|p1a: Great Tusk|Earthquake|p2a: Zapdos\n|-damage|p2a: Zapdos|44\/100\n|\n|-weather|RainDance|[upkeep]\n|upkeep\n|turn|33\n|\n|t:|1699754328\n|-end|p1a: Great Tusk|Protosynthesis|[silent]\n|switch|p1a: Cinderace|Cinderace, M|55\/100\n|move|p2a: Zapdos|Weather Ball|p1a: Cinderace\n|-supereffective|p1a: Cinderace\n|-damage|p1a: Cinderace|0 fnt\n|faint|p1a: Cinderace\n|\n|-weather|RainDance|[upkeep]\n|upkeep\n|\n|t:|1699754331\n|switch|p1a: Thundurus|Thundurus-Therian, M|100\/100\n|turn|34\n|\n|t:|1699754344\n|switch|p2a: Toxicroak|Toxicroak, F|82\/100\n|-damage|p2a: Toxicroak|75\/100|[from] Stealth Rock\n|move|p1a: Thundurus|Volt Switch|p2a: Toxicroak\n|-damage|p2a: Toxicroak|1\/100\n|\n|t:|1699754352\n|switch|p1a: Great Tusk|Great Tusk|51\/100|[from] Volt Switch\n|\n|-weather|RainDance|[upkeep]\n|-heal|p2a: Toxicroak|14\/100|[from] ability: Dry Skin\n|-heal|p2a: Toxicroak|20\/100|[from] item: Leftovers\n|upkeep\n|turn|35\n|\n|t:|1699754358\n|move|p1a: Great Tusk|Earthquake|p2a: Toxicroak\n|-supereffective|p2a: Toxicroak\n|-damage|p2a: Toxicroak|0 fnt\n|faint|p2a: Toxicroak\n|\n|-weather|none\n|upkeep\n|\n|t:|1699754364\n|switch|p2a: Barraskewda|Barraskewda, M|100\/100\n|-damage|p2a: Barraskewda|88\/100|[from] Stealth Rock\n|turn|36\n|\n|t:|1699754369\n|-end|p1a: Great Tusk|Protosynthesis|[silent]\n|switch|p1a: Alomomola|Alomomola, F|100\/100\n|move|p2a: Barraskewda|Flip Turn|p1a: Alomomola\n|-resisted|p1a: Alomomola\n|-damage|p1a: Alomomola|90\/100\n|\n|t:|1699754378\n|switch|p2a: Gholdengo|Gholdengo, shiny|24\/100|[from] Flip Turn\n|-damage|p2a: Gholdengo|18\/100|[from] Stealth Rock\n|\n|upkeep\n|turn|37\n|\n|t:|1699754382\n|move|p1a: Alomomola|Protect|p1a: Alomomola\n|-singleturn|p1a: Alomomola|Protect\n|move|p2a: Gholdengo|Trick|p1a: Alomomola\n|-activate|p1a: Alomomola|move: Protect\n|\n|upkeep\n|turn|38\n|\n|t:|1699754389\n|switch|p2a: Barraskewda|Barraskewda, M|88\/100\n|-damage|p2a: Barraskewda|76\/100|[from] Stealth Rock\n|switch|p1a: Great Tusk|Great Tusk|51\/100\n|\n|upkeep\n|turn|39\n|\n|t:|1699754410\n|move|p2a: Barraskewda|Flip Turn|p1a: Great Tusk\n|-supereffective|p1a: Great Tusk\n|-damage|p1a: Great Tusk|6\/100\n|\n|t:|1699754413\n|switch|p2a: Zapdos|Zapdos, tera:Water|44\/100|[from] Flip Turn\n|move|p1a: Great Tusk|Earthquake|p2a: Zapdos\n|-damage|p2a: Zapdos|0 fnt\n|faint|p2a: Zapdos\n|\n|upkeep\n|\n|t:|1699754419\n|switch|p2a: Barraskewda|Barraskewda, M|76\/100\n|-damage|p2a: Barraskewda|64\/100|[from] Stealth Rock\n|turn|40\n|\n|t:|1699754425\n|-end|p1a: Great Tusk|Protosynthesis|[silent]\n|switch|p1a: Alomomola|Alomomola, F|100\/100\n|move|p2a: Barraskewda|Liquidation|p1a: Alomomola\n|-resisted|p1a: Alomomola\n|-damage|p1a: Alomomola|86\/100\n|\n|upkeep\n|turn|41\n|\n|t:|1699754433\n|move|p2a: Barraskewda|Flip Turn|p1a: Alomomola\n|-resisted|p1a: Alomomola\n|-damage|p1a: Alomomola|75\/100\n|\n|t:|1699754435\n|switch|p2a: Gholdengo|Gholdengo, shiny|18\/100|[from] Flip Turn\n|-damage|p2a: Gholdengo|12\/100|[from] Stealth Rock\n|move|p1a: Alomomola|Scald|p2a: Gholdengo\n|-damage|p2a: Gholdengo|0 fnt\n|faint|p2a: Gholdengo\n|\n|upkeep\n|-message|the crungler forfeited.\n|\n|win|ChandosH\n|raw|ChandosH's rating: 1683 &rarr; <strong>1701<\/strong><br \/>(+18 for winning)\n|raw|the crungler's rating: 1643 &rarr; <strong>1625<\/strong><br \/>(-18 for losing)\n|l|\u2606the crungler\n|c|\u2606ChandosH|gg\n","uploadtime":1699754444,"views":8,"p1id":"chandosh","p2id":"thecrungler","formatid":"gen9ou","rating":1625,"private":0,"password":""}