{"id":"gen9ou-1991677679","p1":"Petergriffinonline","p2":"gorodavy","format":"[Gen 9] OU","log":"|j|\u2606Petergriffinonline\n|j|\u2606gorodavy\n|t:|1700101587\n|gametype|singles\n|player|p1|Petergriffinonline|102|\n|player|p2|gorodavy|boarder|\n|teamsize|p1|6\n|teamsize|p2|6\n|gen|9\n|tier|[Gen 9] OU\n|rule|Sleep Clause Mod: Limit one foe put to sleep\n|rule|Species Clause: Limit one of each Pok\u00e9mon\n|rule|OHKO Clause: OHKO moves are banned\n|rule|Evasion Items Clause: Evasion items are banned\n|rule|Evasion Moves Clause: Evasion moves are banned\n|rule|Endless Battle Clause: Forcing endless battles is banned\n|rule|HP Percentage Mod: HP is shown in percentages\n|clearpoke\n|poke|p1|Sneasler, M|\n|poke|p1|Rillaboom, M|\n|poke|p1|Rotom-Wash|\n|poke|p1|Dragapult, F|\n|poke|p1|Goodra-Hisui, F|\n|poke|p1|Landorus-Therian, M|\n|poke|p2|Rillaboom, M|\n|poke|p2|Greninja-*, M|\n|poke|p2|Sneasler, M|\n|poke|p2|Slowking-Galar, M|\n|poke|p2|Heatran, M|\n|poke|p2|Great Tusk|\n|teampreview\n|\n|t:|1700101607\n|start\n|switch|p1a: Landorus|Landorus-Therian, M|100\/100\n|switch|p2a: Heatran|Heatran, M, shiny|100\/100\n|-ability|p1a: Landorus|Intimidate|boost\n|-unboost|p2a: Heatran|atk|1\n|turn|1\n|\n|t:|1700101617\n|switch|p2a: Great Tusk|Great Tusk|100\/100\n|-enditem|p2a: Great Tusk|Booster Energy\n|-activate|p2a: Great Tusk|ability: Protosynthesis|[fromitem]\n|-start|p2a: Great Tusk|protosynthesisspe\n|move|p1a: Landorus|Stealth Rock|p2a: Great Tusk\n|-sidestart|p2: gorodavy|move: Stealth Rock\n|\n|upkeep\n|turn|2\n|\n|t:|1700101624\n|move|p2a: Great Tusk|Bulk Up|p2a: Great Tusk\n|-boost|p2a: Great Tusk|atk|1\n|-boost|p2a: Great Tusk|def|1\n|move|p1a: Landorus|U-turn|p2a: Great Tusk\n|-resisted|p2a: Great Tusk\n|-damage|p2a: Great Tusk|95\/100\n|\n|t:|1700101628\n|switch|p1a: Rillaboom|Rillaboom, M|100\/100|[from] U-turn\n|-fieldstart|move: Grassy Terrain|[from] ability: Grassy Surge|[of] p1a: Rillaboom\n|\n|-heal|p2a: Great Tusk|100\/100|[from] Grassy Terrain\n|upkeep\n|turn|3\n|\n|t:|1700101635\n|-terastallize|p2a: Great Tusk|Poison\n|move|p1a: Rillaboom|Grassy Glide|p2a: Great Tusk\n|-resisted|p2a: Great Tusk\n|-damage|p2a: Great Tusk|92\/100\n|move|p2a: Great Tusk|Bulk Up|p2a: Great Tusk\n|-boost|p2a: Great Tusk|atk|1\n|-boost|p2a: Great Tusk|def|1\n|\n|-heal|p2a: Great Tusk|98\/100|[from] Grassy Terrain\n|upkeep\n|turn|4\n|\n|t:|1700101648\n|move|p2a: Great Tusk|Ice Spinner|p1a: Rillaboom\n|-supereffective|p1a: Rillaboom\n|-damage|p1a: Rillaboom|5\/100\n|-fieldend|move: Grassy Terrain\n|move|p1a: Rillaboom|Knock Off|p2a: Great Tusk\n|-crit|p2a: Great Tusk\n|-damage|p2a: Great Tusk|77\/100\n|\n|upkeep\n|turn|5\n|\n|t:|1700101656\n|switch|p1a: Goodra|Goodra-Hisui, F|100\/100\n|move|p2a: Great Tusk|Rapid Spin|p1a: Goodra\n|-resisted|p1a: Goodra\n|-damage|p1a: Goodra|85\/100\n|-boost|p2a: Great Tusk|spe|1\n|-sideend|p2: gorodavy|Stealth Rock|[from] move: Rapid Spin|[of] p2a: Great Tusk\n|\n|upkeep\n|turn|6\n|\n|t:|1700101667\n|switch|p1a: Dragapult|Dragapult, F|100\/100\n|move|p2a: Great Tusk|Headlong Rush|p1a: Dragapult\n|-damage|p1a: Dragapult|0 fnt\n|-unboost|p2a: Great Tusk|def|1\n|-unboost|p2a: Great Tusk|spd|1\n|faint|p1a: Dragapult\n|\n|upkeep\n|\n|t:|1700101677\n|switch|p1a: Landorus|Landorus-Therian, M|100\/100\n|-ability|p1a: Landorus|Intimidate|boost\n|-unboost|p2a: Great Tusk|atk|1\n|turn|7\n|\n|t:|1700101685\n|move|p2a: Great Tusk|Ice Spinner|p1a: Landorus\n|-supereffective|p1a: Landorus\n|-damage|p1a: Landorus|0 fnt\n|faint|p1a: Landorus\n|\n|upkeep\n|\n|t:|1700101687\n|switch|p1a: Rotom|Rotom-Wash|100\/100\n|turn|8\n|\n|t:|1700101699\n|move|p2a: Great Tusk|Ice Spinner|p1a: Rotom\n|-resisted|p1a: Rotom\n|-damage|p1a: Rotom|82\/100\n|move|p1a: Rotom|Will-O-Wisp|p2a: Great Tusk\n|-status|p2a: Great Tusk|brn\n|\n|-damage|p2a: Great Tusk|71\/100 brn|[from] brn\n|upkeep\n|turn|9\n|\n|t:|1700101708\n|-end|p2a: Great Tusk|Protosynthesis|[silent]\n|switch|p2a: Slowking|Slowking-Galar, M|100\/100\n|switch|p1a: Goodra|Goodra-Hisui, F|85\/100\n|\n|upkeep\n|turn|10\n|\n|t:|1700101712\n|move|p1a: Goodra|Earthquake|p2a: Slowking\n|-supereffective|p2a: Slowking\n|-damage|p2a: Slowking|52\/100\n|move|p2a: Slowking|Future Sight|p1a: Goodra\n|-start|p2a: Slowking|move: Future Sight\n|\n|upkeep\n|turn|11\n|\n|t:|1700101717\n|switch|p2a: Rillaboom|Rillaboom, M|100\/100\n|-fieldstart|move: Grassy Terrain|[from] ability: Grassy Surge|[of] p2a: Rillaboom\n|move|p1a: Goodra|Earthquake|p2a: Rillaboom\n|-resisted|p2a: Rillaboom\n|-damage|p2a: Rillaboom|95\/100\n|\n|-heal|p2a: Rillaboom|100\/100|[from] Grassy Terrain\n|-heal|p1a: Goodra|91\/100|[from] Grassy Terrain\n|upkeep\n|turn|12\n|\n|t:|1700101719\n|move|p2a: Rillaboom|Knock Off|p1a: Goodra\n|-damage|p1a: Goodra|50\/100\n|-enditem|p1a: Goodra|Assault Vest|[from] move: Knock Off|[of] p2a: Rillaboom\n|move|p1a: Goodra|Fire Blast|p2a: Rillaboom|[miss]\n|-miss|p1a: Goodra|p2a: Rillaboom\n|\n|-end|p1a: Goodra|move: Future Sight\n|-resisted|p1a: Goodra\n|-damage|p1a: Goodra|31\/100\n|-heal|p1a: Goodra|37\/100|[from] Grassy Terrain\n|upkeep\n|turn|13\n|\n|t:|1700101747\n|move|p2a: Rillaboom|U-turn|p1a: Goodra\n|-resisted|p1a: Goodra\n|-damage|p1a: Goodra|22\/100\n|\n|t:|1700101779\n|switch|p2a: Sneasler|Sneasler, M, shiny|100\/100|[from] U-turn\n|-enditem|p2a: Sneasler|Grassy Seed\n|-boost|p2a: Sneasler|def|1|[from] item: Grassy Seed\n|move|p1a: Goodra|Fire Blast|p2a: Sneasler\n|-damage|p2a: Sneasler|57\/100\n|-status|p2a: Sneasler|brn\n|\n|-heal|p2a: Sneasler|63\/100 brn|[from] Grassy Terrain\n|-heal|p1a: Goodra|28\/100|[from] Grassy Terrain\n|-damage|p2a: Sneasler|57\/100 brn|[from] brn\n|upkeep\n|turn|14\n|\n|t:|1700101790\n|switch|p1a: Sneasler|Sneasler, M|100\/100\n|-enditem|p1a: Sneasler|Grassy Seed\n|-boost|p1a: Sneasler|def|1|[from] item: Grassy Seed\n|move|p2a: Sneasler|Swords Dance|p2a: Sneasler\n|-boost|p2a: Sneasler|atk|2\n|\n|-heal|p2a: Sneasler|63\/100 brn|[from] Grassy Terrain\n|-damage|p2a: Sneasler|57\/100 brn|[from] brn\n|upkeep\n|turn|15\n|\n|t:|1700101800\n|move|p2a: Sneasler|Close Combat|p1a: Sneasler\n|-resisted|p1a: Sneasler\n|-damage|p1a: Sneasler|70\/100\n|-unboost|p2a: Sneasler|def|1\n|-unboost|p2a: Sneasler|spd|1\n|move|p1a: Sneasler|Acrobatics|p2a: Sneasler\n|-supereffective|p2a: Sneasler\n|-damage|p2a: Sneasler|0 fnt\n|faint|p2a: Sneasler\n|\n|-heal|p1a: Sneasler|76\/100|[from] Grassy Terrain\n|-fieldend|move: Grassy Terrain\n|upkeep\n|\n|t:|1700101808\n|switch|p2a: Great Tusk|Great Tusk, tera:Poison|71\/100 brn\n|turn|16\n|\n|t:|1700101812\n|-terastallize|p1a: Sneasler|Flying\n|move|p1a: Sneasler|Acrobatics|p2a: Great Tusk\n|-damage|p2a: Great Tusk|31\/100 brn\n|move|p2a: Great Tusk|Bulk Up|p2a: Great Tusk\n|-boost|p2a: Great Tusk|atk|1\n|-boost|p2a: Great Tusk|def|1\n|\n|-damage|p2a: Great Tusk|25\/100 brn|[from] brn\n|upkeep\n|turn|17\n|\n|t:|1700101820\n|move|p1a: Sneasler|Acrobatics|p2a: Great Tusk\n|-damage|p2a: Great Tusk|0 fnt\n|faint|p2a: Great Tusk\n|-end|p2a: Great Tusk|Protosynthesis|[silent]\n|\n|upkeep\n|\n|t:|1700101822\n|switch|p2a: Slowking|Slowking-Galar, M|85\/100\n|turn|18\n|\n|t:|1700101835\n|move|p1a: Sneasler|Shadow Claw|p2a: Slowking\n|-supereffective|p2a: Slowking\n|-damage|p2a: Slowking|29\/100\n|move|p2a: Slowking|Ice Beam|p1a: Sneasler\n|-supereffective|p1a: Sneasler\n|-damage|p1a: Sneasler|0 fnt\n|faint|p1a: Sneasler\n|\n|upkeep\n|\n|t:|1700101843\n|switch|p1a: Goodra|Goodra-Hisui, F|28\/100\n|turn|19\n|\n|t:|1700101847\n|move|p1a: Goodra|Fire Blast|p2a: Slowking\n|-damage|p2a: Slowking|12\/100\n|-status|p2a: Slowking|brn\n|move|p2a: Slowking|Future Sight|p1a: Goodra\n|-start|p2a: Slowking|move: Future Sight\n|\n|-damage|p2a: Slowking|6\/100 brn|[from] brn\n|upkeep\n|turn|20\n|\n|t:|1700101853\n|move|p1a: Goodra|Fire Blast|p2a: Slowking\n|-damage|p2a: Slowking|0 fnt\n|faint|p2a: Slowking\n|\n|upkeep\n|\n|t:|1700101856\n|switch|p2a: Heatran|Heatran, M, shiny|100\/100\n|turn|21\n|\n|t:|1700101861\n|move|p2a: Heatran|Earth Power|p1a: Goodra\n|-supereffective|p1a: Goodra\n|-damage|p1a: Goodra|0 fnt\n|faint|p1a: Goodra\n|\n|-hint|Future Sight did not hit because the target is fainted.\n|upkeep\n|\n|t:|1700101864\n|switch|p1a: Rotom|Rotom-Wash|82\/100\n|turn|22\n|\n|t:|1700101886\n|switch|p2a: Rillaboom|Rillaboom, M|100\/100\n|-fieldstart|move: Grassy Terrain|[from] ability: Grassy Surge|[of] p2a: Rillaboom\n|move|p1a: Rotom|Hydro Pump|p2a: Rillaboom\n|-resisted|p2a: Rillaboom\n|-damage|p2a: Rillaboom|77\/100\n|\n|-heal|p2a: Rillaboom|84\/100|[from] Grassy Terrain\n|upkeep\n|turn|23\n|\n|t:|1700101902\n|move|p1a: Rotom|Hydro Pump|p2a: Rillaboom|[miss]\n|-miss|p1a: Rotom|p2a: Rillaboom\n|move|p2a: Rillaboom|Knock Off|p1a: Rotom\n|-damage|p1a: Rotom|44\/100\n|-enditem|p1a: Rotom|Choice Scarf|[from] move: Knock Off|[of] p2a: Rillaboom\n|\n|-heal|p2a: Rillaboom|90\/100|[from] Grassy Terrain\n|upkeep\n|turn|24\n|\n|t:|1700101905\n|move|p2a: Rillaboom|Grassy Glide|p1a: Rotom\n|-supereffective|p1a: Rotom\n|-damage|p1a: Rotom|0 fnt\n|faint|p1a: Rotom\n|\n|-heal|p2a: Rillaboom|96\/100|[from] Grassy Terrain\n|upkeep\n|\n|t:|1700101907\n|switch|p1a: Rillaboom|Rillaboom, M|5\/100\n|turn|25\n|\n|t:|1700101911\n|move|p2a: Rillaboom|Grassy Glide|p1a: Rillaboom\n|-resisted|p1a: Rillaboom\n|-damage|p1a: Rillaboom|0 fnt\n|faint|p1a: Rillaboom\n|\n|win|gorodavy\n|l|\u2606Petergriffinonline\n","uploadtime":1700101923,"views":8,"p1id":"petergriffinonline","p2id":"gorodavy","formatid":"gen9ou","rating":0,"private":0,"password":""}