{"id":"gen9ou-2000496528","p1":"PLLV52 Karma","p2":"Firer","format":"[Gen 9] OU","log":"|j|\u2606PLLV52 Karma\n|j|\u2606Firer\n|t:|1701199711\n|gametype|singles\n|player|p1|PLLV52 Karma|marshal|1803\n|player|p2|Firer|palmer|1934\n|teamsize|p1|6\n|teamsize|p2|6\n|gen|9\n|tier|[Gen 9] OU\n|rated|\n|rule|Sleep Clause Mod: Limit one foe put to sleep\n|rule|Species Clause: Limit one of each Pok\u00e9mon\n|rule|OHKO Clause: OHKO moves are banned\n|rule|Evasion Items Clause: Evasion items are banned\n|rule|Evasion Moves Clause: Evasion moves are banned\n|rule|Endless Battle Clause: Forcing endless battles is banned\n|rule|HP Percentage Mod: HP is shown in percentages\n|clearpoke\n|poke|p1|Cinderace, M|\n|poke|p1|Zapdos|\n|poke|p1|Ogerpon-Wellspring, F|\n|poke|p1|Slowking-Galar, M|\n|poke|p1|Ting-Lu|\n|poke|p1|Dondozo, M|\n|poke|p2|Slowking-Galar, M|\n|poke|p2|Ogerpon-Cornerstone, F|\n|poke|p2|Tauros-Paldea-Blaze, M|\n|poke|p2|Salamence, M|\n|poke|p2|Samurott-Hisui, F|\n|poke|p2|Brambleghast, F|\n|teampreview\n|inactive|Battle timer is ON: inactive players will automatically lose when time's up. (requested by Firer)\n|j| Hoot-hoot Shiny\n|inactive|Firer has 120 seconds left.\n|\n|t:|1701199743\n|start\n|switch|p1a: Ogerpon|Ogerpon-Wellspring, F|100\/100\n|switch|p2a: Slowking|Slowking-Galar, M|100\/100\n|turn|1\n|\n|t:|1701199758\n|switch|p1a: Ting-Lu|Ting-Lu|100\/100\n|-ability|p1a: Ting-Lu|Vessel of Ruin\n|move|p2a: Slowking|Thunder Wave|p1a: Ting-Lu\n|-immune|p1a: Ting-Lu\n|\n|upkeep\n|turn|2\n|\n|t:|1701199765\n|switch|p2a: Brambleghast|Brambleghast, F|100\/100\n|move|p1a: Ting-Lu|Stealth Rock|p2a: Brambleghast\n|-sidestart|p2: Firer|move: Stealth Rock\n|\n|upkeep\n|turn|3\n|\n|t:|1701199772\n|switch|p1a: Cinderace|Cinderace, M|100\/100\n|move|p2a: Brambleghast|Rapid Spin|p1a: Cinderace\n|-damage|p1a: Cinderace|81\/100\n|-boost|p2a: Brambleghast|spe|1\n|-sideend|p2: Firer|Stealth Rock|[from] move: Rapid Spin|[of] p2a: Brambleghast\n|\n|upkeep\n|turn|4\n|j| Froggoakp\n|\n|t:|1701199790\n|switch|p2a: Tauros|Tauros-Paldea-Blaze, M|100\/100\n|-ability|p2a: Tauros|Intimidate|boost\n|-unboost|p1a: Cinderace|atk|1\n|move|p1a: Cinderace|Pyro Ball|p2a: Tauros\n|-resisted|p2a: Tauros\n|-damage|p2a: Tauros|90\/100\n|\n|-heal|p2a: Tauros|97\/100|[from] item: Leftovers\n|upkeep\n|turn|5\n|\n|t:|1701199798\n|move|p1a: Cinderace|U-turn|p2a: Tauros\n|-resisted|p2a: Tauros\n|-damage|p2a: Tauros|95\/100\n|\n|t:|1701199801\n|switch|p1a: Slowking|Slowking-Galar, M|100\/100|[from] U-turn\n|move|p2a: Tauros|Will-O-Wisp|p1a: Slowking|[miss]\n|-miss|p2a: Tauros|p1a: Slowking\n|\n|-heal|p2a: Tauros|100\/100|[from] item: Leftovers\n|upkeep\n|turn|6\n|\n|t:|1701199807\n|switch|p2a: Samurott|Samurott-Hisui, F|100\/100\n|move|p1a: Slowking|Future Sight|p2a: Samurott\n|-start|p1a: Slowking|move: Future Sight\n|\n|upkeep\n|turn|7\n|\n|t:|1701199813\n|switch|p1a: Zapdos|Zapdos|100\/100\n|move|p2a: Samurott|Ceaseless Edge|p1a: Zapdos\n|-damage|p1a: Zapdos|64\/100\n|-sidestart|p1: PLLV52 Karma|Spikes\n|\n|upkeep\n|turn|8\n|\n|t:|1701199821\n|switch|p2a: Slowking|Slowking-Galar, M|100\/100\n|move|p1a: Zapdos|Volt Switch|p2a: Slowking\n|-damage|p2a: Slowking|83\/100\n|\n|t:|1701199833\n|switch|p1a: Ogerpon|Ogerpon-Wellspring, F|100\/100|[from] Volt Switch\n|-damage|p1a: Ogerpon|88\/100|[from] Spikes\n|\n|-end|p2a: Slowking|move: Future Sight\n|-damage|p2a: Slowking|58\/100\n|upkeep\n|turn|9\n|\n|t:|1701199839\n|switch|p1a: Ting-Lu|Ting-Lu|100\/100\n|-damage|p1a: Ting-Lu|88\/100|[from] Spikes\n|-ability|p1a: Ting-Lu|Vessel of Ruin\n|switch|p2a: Salamence|Salamence, M|100\/100\n|-ability|p2a: Salamence|Intimidate|boost\n|-unboost|p1a: Ting-Lu|atk|1\n|\n|-heal|p1a: Ting-Lu|94\/100|[from] item: Leftovers\n|upkeep\n|turn|10\n|\n|t:|1701199843\n|switch|p2a: Brambleghast|Brambleghast, F|100\/100\n|move|p1a: Ting-Lu|Stealth Rock|p2a: Brambleghast\n|-sidestart|p2: Firer|move: Stealth Rock\n|\n|-heal|p1a: Ting-Lu|100\/100|[from] item: Leftovers\n|upkeep\n|turn|11\n|\n|t:|1701199849\n|switch|p1a: Zapdos|Zapdos|64\/100\n|move|p2a: Brambleghast|Rapid Spin|p1a: Zapdos\n|-damage|p1a: Zapdos|49\/100\n|-boost|p2a: Brambleghast|spe|1\n|-status|p2a: Brambleghast|par|[from] ability: Static|[of] p1a: Zapdos\n|-sideend|p2: Firer|Stealth Rock|[from] move: Rapid Spin|[of] p2a: Brambleghast\n|\n|upkeep\n|turn|12\n|\n|t:|1701199853\n|move|p1a: Zapdos|Roost|p1a: Zapdos\n|-heal|p1a: Zapdos|99\/100\n|-singleturn|p1a: Zapdos|move: Roost\n|move|p2a: Brambleghast|Poltergeist|p1a: Zapdos\n|-activate|p1a: Zapdos|move: Poltergeist|Heavy-Duty Boots\n|-damage|p1a: Zapdos|54\/100\n|\n|upkeep\n|turn|13\n|\n|t:|1701199861\n|switch|p2a: Slowking|Slowking-Galar, M|91\/100\n|move|p1a: Zapdos|Roost|p1a: Zapdos\n|-heal|p1a: Zapdos|100\/100\n|-singleturn|p1a: Zapdos|move: Roost\n|\n|upkeep\n|turn|14\n|j| Bnak2\n|\n|t:|1701199866\n|move|p1a: Zapdos|Thunder Wave|p2a: Slowking|[miss]\n|-miss|p1a: Zapdos|p2a: Slowking\n|move|p2a: Slowking|Future Sight|p1a: Zapdos\n|-start|p2a: Slowking|move: Future Sight\n|\n|upkeep\n|turn|15\n|\n|t:|1701199881\n|switch|p2a: Brambleghast|Brambleghast, F|100\/100 par\n|move|p1a: Zapdos|Hurricane|p2a: Brambleghast\n|-ability|p2a: Brambleghast|Wind Rider|boost\n|-boost|p2a: Brambleghast|atk|1\n|\n|upkeep\n|turn|16\n|l| Froggoakp\n|\n|t:|1701199906\n|move|p1a: Zapdos|Volt Switch|p2a: Brambleghast\n|-resisted|p2a: Brambleghast\n|-damage|p2a: Brambleghast|75\/100 par\n|j| rickzkk8\n|\n|t:|1701199915\n|switch|p1a: Slowking|Slowking-Galar, M|100\/100|[from] Volt Switch\n|move|p2a: Brambleghast|Power Whip|p1a: Slowking\n|-resisted|p1a: Slowking\n|-damage|p1a: Slowking|69\/100\n|\n|-end|p1a: Slowking|move: Future Sight\n|-damage|p1a: Slowking|33\/100\n|upkeep\n|turn|17\n|\n|t:|1701199930\n|switch|p1a: Zapdos|Zapdos|100\/100\n|move|p2a: Brambleghast|Poltergeist|p1a: Zapdos\n|-activate|p1a: Zapdos|move: Poltergeist|Heavy-Duty Boots\n|-damage|p1a: Zapdos|29\/100\n|\n|upkeep\n|turn|18\n|\n|t:|1701199941\n|move|p1a: Zapdos|Roost|p1a: Zapdos\n|-heal|p1a: Zapdos|79\/100\n|-singleturn|p1a: Zapdos|move: Roost\n|move|p2a: Brambleghast|Power Whip|p1a: Zapdos\n|-damage|p1a: Zapdos|6\/100\n|\n|upkeep\n|turn|19\n|\n|t:|1701199951\n|move|p1a: Zapdos|Volt Switch|p2a: Brambleghast\n|-resisted|p2a: Brambleghast\n|-damage|p2a: Brambleghast|47\/100 par\n|\n|t:|1701199958\n|switch|p1a: Slowking|Slowking-Galar, M|66\/100|[from] Volt Switch\n|move|p2a: Brambleghast|Poltergeist|p1a: Slowking\n|-activate|p1a: Slowking|move: Poltergeist|Heavy-Duty Boots\n|-supereffective|p1a: Slowking\n|-damage|p1a: Slowking|0 fnt\n|faint|p1a: Slowking\n|\n|upkeep\n|\n|t:|1701199963\n|switch|p1a: Cinderace|Cinderace, M|81\/100\n|turn|20\n|inactive|Firer has 120 seconds left.\n|\n|t:|1701200000\n|switch|p2a: Tauros|Tauros-Paldea-Blaze, M|100\/100\n|-ability|p2a: Tauros|Intimidate|boost\n|-unboost|p1a: Cinderace|atk|1\n|move|p1a: Cinderace|Pyro Ball|p2a: Tauros\n|-resisted|p2a: Tauros\n|-damage|p2a: Tauros|90\/100\n|\n|-heal|p2a: Tauros|97\/100|[from] item: Leftovers\n|upkeep\n|turn|21\n|inactive|Firer has 120 seconds left.\n|\n|t:|1701200017\n|move|p1a: Cinderace|U-turn|p2a: Tauros\n|-resisted|p2a: Tauros\n|-damage|p2a: Tauros|95\/100\n|\n|t:|1701200020\n|switch|p1a: Dondozo|Dondozo, M|100\/100|[from] U-turn\n|move|p2a: Tauros|Will-O-Wisp|p1a: Dondozo\n|-status|p1a: Dondozo|brn\n|\n|-heal|p2a: Tauros|100\/100|[from] item: Leftovers\n|-damage|p1a: Dondozo|94\/100 brn|[from] brn\n|upkeep\n|turn|22\n|inactive|Firer has 120 seconds left.\n|\n|t:|1701200033\n|switch|p2a: Samurott|Samurott-Hisui, F|100\/100\n|move|p1a: Dondozo|Rest|p1a: Dondozo\n|-status|p1a: Dondozo|slp|[from] move: Rest\n|-heal|p1a: Dondozo|100\/100 slp|[silent]\n|\n|upkeep\n|turn|23\n|inactive|Firer has 120 seconds left.\n|\n|t:|1701200058\n|move|p2a: Samurott|Ceaseless Edge|p1a: Dondozo\n|-damage|p1a: Dondozo|83\/100 slp\n|-sidestart|p1: PLLV52 Karma|Spikes\n|cant|p1a: Dondozo|slp\n|move|p1a: Dondozo|Sleep Talk|p1a: Dondozo\n|move|p1a: Dondozo|Body Press|p2a: Samurott|[from]move: Sleep Talk\n|-supereffective|p2a: Samurott\n|-damage|p2a: Samurott|33\/100\n|\n|upkeep\n|turn|24\n|\n|t:|1701200065\n|switch|p2a: Brambleghast|Brambleghast, F|47\/100 par\n|cant|p1a: Dondozo|slp\n|move|p1a: Dondozo|Sleep Talk|p1a: Dondozo\n|move|p1a: Dondozo|Avalanche|p2a: Brambleghast|[from]move: Sleep Talk\n|-supereffective|p2a: Brambleghast\n|-damage|p2a: Brambleghast|0 fnt\n|faint|p2a: Brambleghast\n|\n|upkeep\n|\n|t:|1701200074\n|switch|p2a: Slowking|Slowking-Galar, M|100\/100\n|turn|25\n|inactive|Firer has 120 seconds left.\n|\n|t:|1701200083\n|switch|p1a: Cinderace|Cinderace, M|81\/100\n|move|p2a: Slowking|Future Sight|p1a: Cinderace\n|-start|p2a: Slowking|move: Future Sight\n|\n|upkeep\n|turn|26\n|\n|t:|1701200093\n|move|p1a: Cinderace|Court Change|p1a: Cinderace\n|-swapsideconditions\n|-activate|p1a: Cinderace|move: Court Change\n|move|p2a: Slowking|Thunder Wave|p1a: Cinderace\n|-status|p1a: Cinderace|par\n|\n|upkeep\n|turn|27\n|\n|t:|1701200099\n|switch|p1a: Ting-Lu|Ting-Lu|100\/100\n|-ability|p1a: Ting-Lu|Vessel of Ruin\n|move|p2a: Slowking|Chilly Reception|p2a: Slowking\n|-weather|Snow\n|\n|t:|1701200105\n|switch|p2a: Samurott|Samurott-Hisui, F|33\/100|[from] Chilly Reception\n|\n|-weather|Snow|[upkeep]\n|-end|p1a: Ting-Lu|move: Future Sight\n|-immune|p1a: Ting-Lu\n|upkeep\n|turn|28\n|\n|t:|1701200118\n|move|p2a: Samurott|Razor Shell|p1a: Ting-Lu|[miss]\n|-miss|p2a: Samurott|p1a: Ting-Lu\n|move|p1a: Ting-Lu|Earthquake|p2a: Samurott\n|-damage|p2a: Samurott|0 fnt\n|faint|p2a: Samurott\n|\n|-weather|Snow|[upkeep]\n|upkeep\n|\n|t:|1701200124\n|switch|p2a: Ogerpon|Ogerpon-Cornerstone, F|100\/100\n|-damage|p2a: Ogerpon|84\/100|[from] Spikes\n|turn|29\n|\n|t:|1701200133\n|move|p2a: Ogerpon|Power Whip|p1a: Ting-Lu\n|-supereffective|p1a: Ting-Lu\n|-damage|p1a: Ting-Lu|21\/100\n|move|p1a: Ting-Lu|Whirlwind|p2a: Ogerpon\n|drag|p2a: Tauros|Tauros-Paldea-Blaze, M|100\/100\n|-damage|p2a: Tauros|84\/100|[from] Spikes\n|-ability|p2a: Tauros|Intimidate|boost\n|-unboost|p1a: Ting-Lu|atk|1\n|\n|-weather|Snow|[upkeep]\n|-heal|p2a: Tauros|90\/100|[from] item: Leftovers\n|-heal|p1a: Ting-Lu|27\/100|[from] item: Leftovers\n|upkeep\n|turn|30\n|\n|t:|1701200143\n|switch|p1a: Dondozo|Dondozo, M|83\/100 slp\n|move|p2a: Tauros|Body Press|p1a: Dondozo\n|-crit|p1a: Dondozo\n|-damage|p1a: Dondozo|56\/100 slp\n|\n|-weather|Snow|[upkeep]\n|-heal|p2a: Tauros|96\/100|[from] item: Leftovers\n|upkeep\n|turn|31\n|\n|t:|1701200151\n|switch|p2a: Slowking|Slowking-Galar, M|100\/100\n|-terastallize|p1a: Dondozo|Fairy\n|-curestatus|p1a: Dondozo|slp|[msg]\n|move|p1a: Dondozo|Body Press|p2a: Slowking\n|-resisted|p2a: Slowking\n|-damage|p2a: Slowking|93\/100\n|\n|-weather|none\n|upkeep\n|turn|32\n|\n|t:|1701200156\n|switch|p1a: Ting-Lu|Ting-Lu|27\/100\n|-ability|p1a: Ting-Lu|Vessel of Ruin\n|move|p2a: Slowking|Chilly Reception|p2a: Slowking\n|-weather|Snow\n|\n|t:|1701200162\n|switch|p2a: Ogerpon|Ogerpon-Cornerstone, F|84\/100|[from] Chilly Reception\n|-damage|p2a: Ogerpon|67\/100|[from] Spikes\n|\n|-weather|Snow|[upkeep]\n|-heal|p1a: Ting-Lu|33\/100|[from] item: Leftovers\n|upkeep\n|turn|33\n|\n|t:|1701200168\n|switch|p1a: Zapdos|Zapdos|6\/100\n|move|p2a: Ogerpon|Low Kick|p1a: Zapdos\n|-resisted|p1a: Zapdos\n|-damage|p1a: Zapdos|0 fnt\n|-status|p2a: Ogerpon|par|[from] ability: Static|[of] p1a: Zapdos\n|faint|p1a: Zapdos\n|\n|-weather|Snow|[upkeep]\n|upkeep\n|\n|t:|1701200173\n|switch|p1a: Dondozo|Dondozo, M, tera:Fairy|56\/100\n|turn|34\n|\n|t:|1701200183\n|switch|p2a: Slowking|Slowking-Galar, M|100\/100\n|move|p1a: Dondozo|Rest|p1a: Dondozo\n|-status|p1a: Dondozo|slp|[from] move: Rest\n|-heal|p1a: Dondozo|100\/100 slp|[silent]\n|\n|-weather|Snow|[upkeep]\n|upkeep\n|turn|35\n|\n|t:|1701200200\n|switch|p1a: Ting-Lu|Ting-Lu|33\/100\n|-ability|p1a: Ting-Lu|Vessel of Ruin\n|move|p2a: Slowking|Sludge Bomb|p1a: Ting-Lu\n|-resisted|p1a: Ting-Lu\n|-crit|p1a: Ting-Lu\n|-damage|p1a: Ting-Lu|23\/100\n|\n|-weather|Snow|[upkeep]\n|-heal|p1a: Ting-Lu|29\/100|[from] item: Leftovers\n|upkeep\n|turn|36\n|\n|t:|1701200209\n|move|p1a: Ting-Lu|Rest|p1a: Ting-Lu\n|-status|p1a: Ting-Lu|slp|[from] move: Rest\n|-heal|p1a: Ting-Lu|100\/100 slp|[silent]\n|move|p2a: Slowking|Sludge Bomb|p1a: Ting-Lu\n|-resisted|p1a: Ting-Lu\n|-damage|p1a: Ting-Lu|93\/100 slp\n|\n|-weather|none\n|-heal|p1a: Ting-Lu|99\/100 slp|[from] item: Leftovers\n|upkeep\n|turn|37\n|\n|t:|1701200214\n|cant|p1a: Ting-Lu|slp\n|move|p2a: Slowking|Future Sight|p1a: Ting-Lu\n|-start|p2a: Slowking|move: Future Sight\n|\n|-heal|p1a: Ting-Lu|100\/100 slp|[from] item: Leftovers\n|upkeep\n|turn|38\n|j| Antonyo4\n|inactive|PLLV52 Karma has 120 seconds left.\n|\n|t:|1701200248\n|switch|p1a: Dondozo|Dondozo, M, tera:Fairy|100\/100 slp\n|move|p2a: Slowking|Chilly Reception|p2a: Slowking\n|-weather|Snow\n|l| Antonyo4\n|\n|t:|1701200259\n|switch|p2a: Salamence|Salamence, M|100\/100|[from] Chilly Reception\n|-ability|p2a: Salamence|Intimidate|boost\n|-unboost|p1a: Dondozo|atk|1\n|\n|-weather|Snow|[upkeep]\n|upkeep\n|turn|39\n|\n|t:|1701200269\n|move|p2a: Salamence|Hurricane|p1a: Dondozo\n|-damage|p1a: Dondozo|62\/100 slp\n|cant|p1a: Dondozo|slp\n|move|p1a: Dondozo|Sleep Talk|p1a: Dondozo\n|move|p1a: Dondozo|Rest||[from]move: Sleep Talk|[still]\n|-fail|p1a: Dondozo\n|\n|-weather|Snow|[upkeep]\n|-end|p1a: Dondozo|move: Future Sight\n|-damage|p1a: Dondozo|22\/100 slp\n|upkeep\n|turn|40\n|\n|t:|1701200286\n|switch|p1a: Ting-Lu|Ting-Lu|100\/100 slp\n|-ability|p1a: Ting-Lu|Vessel of Ruin\n|move|p2a: Salamence|Hurricane|p1a: Ting-Lu\n|-damage|p1a: Ting-Lu|82\/100 slp\n|\n|-weather|Snow|[upkeep]\n|-heal|p1a: Ting-Lu|88\/100 slp|[from] item: Leftovers\n|upkeep\n|turn|41\n|\n|t:|1701200311\n|switch|p2a: Tauros|Tauros-Paldea-Blaze, M|96\/100\n|-damage|p2a: Tauros|80\/100|[from] Spikes\n|-ability|p2a: Tauros|Intimidate|boost\n|-unboost|p1a: Ting-Lu|atk|1\n|cant|p1a: Ting-Lu|slp\n|\n|-weather|Snow|[upkeep]\n|-heal|p2a: Tauros|86\/100|[from] item: Leftovers\n|-heal|p1a: Ting-Lu|94\/100 slp|[from] item: Leftovers\n|upkeep\n|turn|42\n|inactive|Firer has 120 seconds left.\n|\n|t:|1701200328\n|switch|p1a: Ogerpon|Ogerpon-Wellspring, F|88\/100\n|move|p2a: Tauros|Body Press|p1a: Ogerpon\n|-damage|p1a: Ogerpon|33\/100\n|\n|-weather|none\n|-heal|p2a: Tauros|92\/100|[from] item: Leftovers\n|upkeep\n|turn|43\n|inactive|Firer has 120 seconds left.\n|\n|t:|1701200354\n|-terastallize|p2a: Tauros|Dragon\n|move|p1a: Ogerpon|Ivy Cudgel|p2a: Tauros|[anim] Ivy Cudgel Water\n|-resisted|p2a: Tauros\n|-damage|p2a: Tauros|73\/100\n|move|p2a: Tauros|Body Press|p1a: Ogerpon\n|-damage|p1a: Ogerpon|0 fnt\n|faint|p1a: Ogerpon\n|\n|-heal|p2a: Tauros|80\/100|[from] item: Leftovers\n|upkeep\n|-message|PLLV52 Karma forfeited.\n|\n|win|Firer\n|raw|PLLV52 Karma's rating: 1803 &rarr; <strong>1790<\/strong><br \/>(-13 for losing)\n|raw|Firer's rating: 1934 &rarr; <strong>1947<\/strong><br \/>(+13 for winning)\n|l|\u2606PLLV52 Karma\n|l|\u2606Firer\n|j|\u2606Firer\n|player|p2|Firer|palmer\n","uploadtime":1701200497,"views":4,"p1id":"pllv52karma","p2id":"firer","formatid":"gen9ou","rating":1790,"private":0,"password":""}