{"id":"gen9ou-1992505963","p1":"generacion7","p2":"TaarqB01","format":"[Gen 9] OU","log":"|j|\u2606generacion7\n|j|\u2606TaarqB01\n|t:|1700196460\n|gametype|singles\n|player|p1|generacion7|cynthia|1231\n|player|p2|TaarqB01|dragontamer|1155\n|teamsize|p1|6\n|teamsize|p2|6\n|gen|9\n|tier|[Gen 9] OU\n|rated|\n|rule|Sleep Clause Mod: Limit one foe put to sleep\n|rule|Species Clause: Limit one of each Pok\u00e9mon\n|rule|OHKO Clause: OHKO moves are banned\n|rule|Evasion Items Clause: Evasion items are banned\n|rule|Evasion Moves Clause: Evasion moves are banned\n|rule|Endless Battle Clause: Forcing endless battles is banned\n|rule|HP Percentage Mod: HP is shown in percentages\n|clearpoke\n|poke|p1|Muk-Alola, M|\n|poke|p1|Arcanine, M|\n|poke|p1|Chansey, F|\n|poke|p1|Rotom-Wash|\n|poke|p1|Mimikyu, M|\n|poke|p1|Great Tusk|\n|poke|p2|Torkoal, F|\n|poke|p2|Walking Wake|\n|poke|p2|Great Tusk|\n|poke|p2|Sandy Shocks|\n|poke|p2|Rillaboom, F|\n|poke|p2|Corviknight, F|\n|teampreview\n|inactive|Battle timer is ON: inactive players will automatically lose when time's up. (requested by generacion7)\n|\n|t:|1700196477\n|start\n|switch|p1a: Chansey|Chansey, F|100\/100\n|switch|p2a: Torkoal|Torkoal, F, shiny|100\/100\n|-weather|SunnyDay|[from] ability: Drought|[of] p2a: Torkoal\n|turn|1\n|\n|t:|1700196493\n|move|p1a: Chansey|Stealth Rock|p2a: Torkoal\n|-sidestart|p2: TaarqB01|move: Stealth Rock\n|move|p2a: Torkoal|Stealth Rock|p1a: Chansey\n|-sidestart|p1: generacion7|move: Stealth Rock\n|\n|-weather|SunnyDay|[upkeep]\n|upkeep\n|turn|2\n|\n|t:|1700196508\n|move|p1a: Chansey|Thunder Wave|p2a: Torkoal\n|-status|p2a: Torkoal|par\n|move|p2a: Torkoal|Rapid Spin|p1a: Chansey\n|-damage|p1a: Chansey|95\/100\n|-boost|p2a: Torkoal|spe|1\n|-sideend|p2: TaarqB01|Stealth Rock|[from] move: Rapid Spin|[of] p2a: Torkoal\n|\n|-weather|SunnyDay|[upkeep]\n|upkeep\n|turn|3\n|\n|t:|1700196522\n|switch|p2a: Great Tusk|Great Tusk|100\/100\n|-activate|p2a: Great Tusk|ability: Protosynthesis\n|-start|p2a: Great Tusk|protosynthesisatk\n|move|p1a: Chansey|Stealth Rock|p2a: Great Tusk\n|-sidestart|p2: TaarqB01|move: Stealth Rock\n|\n|-weather|SunnyDay|[upkeep]\n|upkeep\n|turn|4\n|\n|t:|1700196538\n|switch|p1a: Arcanine|Arcanine, M|100\/100\n|-damage|p1a: Arcanine|76\/100|[from] Stealth Rock\n|-ability|p1a: Arcanine|Intimidate|boost\n|-unboost|p2a: Great Tusk|atk|1\n|move|p2a: Great Tusk|Rapid Spin|p1a: Arcanine\n|-damage|p1a: Arcanine|59\/100\n|-boost|p2a: Great Tusk|spe|1\n|-sideend|p2: TaarqB01|Stealth Rock|[from] move: Rapid Spin|[of] p2a: Great Tusk\n|\n|-weather|SunnyDay|[upkeep]\n|-heal|p1a: Arcanine|65\/100|[from] item: Leftovers\n|upkeep\n|turn|5\n|\n|t:|1700196550\n|move|p1a: Arcanine|Extreme Speed|p2a: Great Tusk\n|-damage|p2a: Great Tusk|84\/100\n|move|p2a: Great Tusk|Close Combat|p1a: Arcanine\n|-damage|p1a: Arcanine|2\/100\n|-unboost|p2a: Great Tusk|def|1\n|-unboost|p2a: Great Tusk|spd|1\n|\n|-weather|SunnyDay|[upkeep]\n|-heal|p2a: Great Tusk|91\/100|[from] item: Leftovers\n|-heal|p1a: Arcanine|9\/100|[from] item: Leftovers\n|upkeep\n|turn|6\n|\n|t:|1700196562\n|move|p1a: Arcanine|Extreme Speed|p2a: Great Tusk\n|-damage|p2a: Great Tusk|65\/100\n|move|p2a: Great Tusk|Close Combat|p1a: Arcanine\n|-crit|p1a: Arcanine\n|-damage|p1a: Arcanine|0 fnt\n|-unboost|p2a: Great Tusk|def|1\n|-unboost|p2a: Great Tusk|spd|1\n|faint|p1a: Arcanine\n|\n|-weather|SunnyDay|[upkeep]\n|-heal|p2a: Great Tusk|71\/100|[from] item: Leftovers\n|upkeep\n|\n|t:|1700196573\n|switch|p1a: Great Tusk|Great Tusk|100\/100\n|-damage|p1a: Great Tusk|98\/100|[from] Stealth Rock\n|-activate|p1a: Great Tusk|ability: Protosynthesis\n|-start|p1a: Great Tusk|protosynthesisatk\n|turn|7\n|\n|t:|1700196594\n|-end|p2a: Great Tusk|Protosynthesis|[silent]\n|switch|p2a: Walking Wake|Walking Wake|100\/100\n|-activate|p2a: Walking Wake|ability: Protosynthesis\n|-start|p2a: Walking Wake|protosynthesisspe\n|move|p1a: Great Tusk|Rapid Spin|p2a: Walking Wake\n|-damage|p2a: Walking Wake|76\/100\n|-boost|p1a: Great Tusk|spe|1\n|-sideend|p1: generacion7|Stealth Rock|[from] move: Rapid Spin|[of] p1a: Great Tusk\n|\n|-weather|SunnyDay|[upkeep]\n|upkeep\n|turn|8\n|\n|t:|1700196605\n|-end|p1a: Great Tusk|Protosynthesis|[silent]\n|switch|p1a: Rotom|Rotom-Wash|100\/100\n|move|p2a: Walking Wake|Hydro Steam|p1a: Rotom\n|-resisted|p1a: Rotom\n|-damage|p1a: Rotom|52\/100\n|\n|-weather|none\n|-end|p2a: Walking Wake|Protosynthesis\n|-heal|p1a: Rotom|58\/100|[from] item: Leftovers\n|upkeep\n|turn|9\n|inactive|TaarqB01 has 120 seconds left.\n|\n|t:|1700196628\n|move|p2a: Walking Wake|Hydro Steam|p1a: Rotom\n|-resisted|p1a: Rotom\n|-damage|p1a: Rotom|25\/100\n|move|p1a: Rotom|Volt Switch|p2a: Walking Wake\n|-damage|p2a: Walking Wake|35\/100\n|\n|t:|1700196635\n|switch|p1a: Chansey|Chansey, F|95\/100|[from] Volt Switch\n|\n|upkeep\n|turn|10\n|\n|t:|1700196646\n|-end|p2a: Walking Wake|Protosynthesis|[silent]\n|switch|p2a: Corviknight|Corviknight, F|100\/100\n|move|p1a: Chansey|Stealth Rock|p2a: Corviknight\n|-sidestart|p2: TaarqB01|move: Stealth Rock\n|\n|upkeep\n|turn|11\n|\n|t:|1700196651\n|move|p2a: Corviknight|Defog|p1a: Chansey\n|-unboost|p1a: Chansey|evasion|1\n|-sideend|p2: TaarqB01|Stealth Rock|[from] move: Defog|[of] p2a: Corviknight\n|move|p1a: Chansey|Thunder Wave|p2a: Corviknight|[miss]\n|-miss|p1a: Chansey|p2a: Corviknight\n|\n|upkeep\n|turn|12\n|\n|t:|1700196661\n|move|p2a: Corviknight|U-turn|p1a: Chansey\n|-damage|p1a: Chansey|86\/100\n|\n|t:|1700196670\n|switch|p2a: Great Tusk|Great Tusk|71\/100|[from] U-turn\n|move|p1a: Chansey|Stealth Rock|p2a: Great Tusk\n|-sidestart|p2: TaarqB01|move: Stealth Rock\n|\n|-heal|p2a: Great Tusk|77\/100|[from] item: Leftovers\n|upkeep\n|turn|13\n|\n|t:|1700196687\n|switch|p1a: Mimikyu|Mimikyu, M|100\/100\n|move|p2a: Great Tusk|Headlong Rush|p1a: Mimikyu\n|-activate|p1a: Mimikyu|ability: Disguise\n|-damage|p1a: Mimikyu|100\/100\n|-unboost|p2a: Great Tusk|def|1\n|-unboost|p2a: Great Tusk|spd|1\n|detailschange|p1a: Mimikyu|Mimikyu-Busted, M\n|-damage|p1a: Mimikyu|88\/100|[from] pokemon: Mimikyu-Busted\n|\n|-heal|p2a: Great Tusk|83\/100|[from] item: Leftovers\n|upkeep\n|turn|14\n|inactive|TaarqB01 has 120 seconds left.\n|\n|t:|1700196709\n|-end|p2a: Great Tusk|Protosynthesis|[silent]\n|switch|p2a: Corviknight|Corviknight, F|100\/100\n|-damage|p2a: Corviknight|88\/100|[from] Stealth Rock\n|move|p1a: Mimikyu|Swords Dance|p1a: Mimikyu\n|-boost|p1a: Mimikyu|atk|2\n|\n|-heal|p2a: Corviknight|94\/100|[from] item: Leftovers\n|upkeep\n|turn|15\n|\n|t:|1700196717\n|move|p1a: Mimikyu|Swords Dance|p1a: Mimikyu\n|-boost|p1a: Mimikyu|atk|2\n|move|p2a: Corviknight|Defog|p1a: Mimikyu\n|-unboost|p1a: Mimikyu|evasion|1\n|-sideend|p2: TaarqB01|Stealth Rock|[from] move: Defog|[of] p2a: Corviknight\n|\n|-heal|p2a: Corviknight|100\/100|[from] item: Leftovers\n|upkeep\n|turn|16\n|\n|t:|1700196729\n|move|p1a: Mimikyu|Drain Punch|p2a: Corviknight\n|-damage|p2a: Corviknight|52\/100\n|-heal|p1a: Mimikyu|100\/100|[from] drain|[of] p2a: Corviknight\n|-damage|p1a: Mimikyu|91\/100|[from] item: Life Orb\n|move|p2a: Corviknight|U-turn|p1a: Mimikyu\n|-resisted|p1a: Mimikyu\n|-damage|p1a: Mimikyu|85\/100\n|inactive|TaarqB01 has 120 seconds left.\n|\n|t:|1700196739\n|switch|p2a: Torkoal|Torkoal, F, shiny|100\/100 par|[from] U-turn\n|-weather|SunnyDay|[from] ability: Drought|[of] p2a: Torkoal\n|\n|-weather|SunnyDay|[upkeep]\n|upkeep\n|turn|17\n|inactive|TaarqB01 has 120 seconds left.\n|\n|t:|1700196751\n|switch|p2a: Corviknight|Corviknight, F|52\/100\n|move|p1a: Mimikyu|Swords Dance|p1a: Mimikyu\n|-boost|p1a: Mimikyu|atk|2\n|\n|-weather|SunnyDay|[upkeep]\n|-heal|p2a: Corviknight|58\/100|[from] item: Leftovers\n|upkeep\n|turn|18\n|\n|t:|1700196759\n|move|p1a: Mimikyu|Drain Punch|p2a: Corviknight\n|-damage|p2a: Corviknight|0 fnt\n|-heal|p1a: Mimikyu|100\/100|[from] drain|[of] p2a: Corviknight\n|faint|p2a: Corviknight\n|-damage|p1a: Mimikyu|91\/100|[from] item: Life Orb\n|\n|-weather|SunnyDay|[upkeep]\n|upkeep\n|c|\u2606generacion7|n_n\n|c|\u2606generacion7|:3\n|\n|t:|1700196768\n|switch|p2a: Walking Wake|Walking Wake|35\/100\n|-activate|p2a: Walking Wake|ability: Protosynthesis\n|-start|p2a: Walking Wake|protosynthesisspe\n|turn|19\n|\n|t:|1700196782\n|move|p1a: Mimikyu|Shadow Sneak|p2a: Walking Wake\n|-damage|p2a: Walking Wake|0 fnt\n|faint|p2a: Walking Wake\n|-end|p2a: Walking Wake|Protosynthesis|[silent]\n|-damage|p1a: Mimikyu|81\/100|[from] item: Life Orb\n|\n|-weather|SunnyDay|[upkeep]\n|upkeep\n|inactive|TaarqB01 has 120 seconds left.\n|\n|t:|1700196795\n|switch|p2a: Sandy Shocks|Sandy Shocks|100\/100\n|-activate|p2a: Sandy Shocks|ability: Protosynthesis\n|-start|p2a: Sandy Shocks|protosynthesisspe\n|turn|20\n|\n|t:|1700196803\n|move|p2a: Sandy Shocks|Thunderbolt|p1a: Mimikyu\n|-damage|p1a: Mimikyu|10\/100\n|-damage|p2a: Sandy Shocks|91\/100|[from] item: Life Orb\n|move|p1a: Mimikyu|Play Rough|p2a: Sandy Shocks\n|-crit|p2a: Sandy Shocks\n|-damage|p2a: Sandy Shocks|0 fnt\n|faint|p2a: Sandy Shocks\n|-end|p2a: Sandy Shocks|Protosynthesis|[silent]\n|-damage|p1a: Mimikyu|0 fnt|[from] item: Life Orb\n|faint|p1a: Mimikyu\n|\n|-weather|SunnyDay|[upkeep]\n|upkeep\n|inactive|TaarqB01 has 120 seconds left.\n|\n|t:|1700196821\n|switch|p2a: Torkoal|Torkoal, F, shiny|100\/100 par\n|switch|p1a: Great Tusk|Great Tusk|98\/100\n|-activate|p1a: Great Tusk|ability: Protosynthesis\n|-start|p1a: Great Tusk|protosynthesisatk\n|turn|21\n|\n|t:|1700196836\n|move|p1a: Great Tusk|Earthquake|p2a: Torkoal\n|-supereffective|p2a: Torkoal\n|-damage|p2a: Torkoal|28\/100 par\n|move|p2a: Torkoal|Yawn|p1a: Great Tusk\n|-start|p1a: Great Tusk|move: Yawn|[of] p2a: Torkoal\n|\n|-weather|SunnyDay|[upkeep]\n|upkeep\n|turn|22\n|\n|t:|1700196846\n|-end|p1a: Great Tusk|Protosynthesis|[silent]\n|switch|p1a: Chansey|Chansey, F|86\/100\n|move|p2a: Torkoal|Stealth Rock|p1a: Chansey\n|-sidestart|p1: generacion7|move: Stealth Rock\n|\n|-weather|SunnyDay|[upkeep]\n|upkeep\n|turn|23\n|\n|t:|1700196855\n|switch|p2a: Rillaboom|Rillaboom, F|100\/100\n|-fieldstart|move: Grassy Terrain|[from] ability: Grassy Surge|[of] p2a: Rillaboom\n|move|p1a: Chansey|Stealth Rock|p2a: Rillaboom\n|-sidestart|p2: TaarqB01|move: Stealth Rock\n|\n|-weather|none\n|-heal|p1a: Chansey|92\/100|[from] Grassy Terrain\n|upkeep\n|turn|24\n|\n|t:|1700196865\n|move|p2a: Rillaboom|Swords Dance|p2a: Rillaboom\n|-boost|p2a: Rillaboom|atk|2\n|move|p1a: Chansey|Thunder Wave|p2a: Rillaboom\n|-status|p2a: Rillaboom|par\n|\n|-heal|p1a: Chansey|98\/100|[from] Grassy Terrain\n|upkeep\n|turn|25\n|\n|t:|1700196878\n|switch|p1a: Rotom|Rotom-Wash|25\/100\n|-damage|p1a: Rotom|13\/100|[from] Stealth Rock\n|-terastallize|p2a: Rillaboom|Grass\n|cant|p2a: Rillaboom|par\n|\n|-heal|p1a: Rotom|19\/100|[from] item: Leftovers\n|upkeep\n|turn|26\n|\n|t:|1700196889\n|move|p2a: Rillaboom|Grassy Glide|p1a: Rotom\n|-supereffective|p1a: Rotom\n|-damage|p1a: Rotom|0 fnt\n|faint|p1a: Rotom\n|\n|upkeep\n|\n|t:|1700196896\n|switch|p1a: Muk|Muk-Alola, M|100\/100\n|-damage|p1a: Muk|88\/100|[from] Stealth Rock\n|turn|27\n|\n|t:|1700196905\n|move|p2a: Rillaboom|Wood Hammer|p1a: Muk\n|-resisted|p1a: Muk\n|-damage|p1a: Muk|0 fnt\n|faint|p1a: Muk\n|-damage|p2a: Rillaboom|65\/100 par|[from] Recoil\n|\n|-heal|p2a: Rillaboom|71\/100 par|[from] Grassy Terrain\n|-heal|p2a: Rillaboom|78\/100 par|[from] item: Leftovers\n|-fieldend|move: Grassy Terrain\n|upkeep\n|\n|t:|1700196914\n|switch|p1a: Great Tusk|Great Tusk|98\/100\n|-damage|p1a: Great Tusk|95\/100|[from] Stealth Rock\n|turn|28\n|\n|t:|1700196920\n|switch|p2a: Great Tusk|Great Tusk|83\/100\n|-damage|p2a: Great Tusk|80\/100|[from] Stealth Rock\n|move|p1a: Great Tusk|Ice Spinner|p2a: Great Tusk\n|-supereffective|p2a: Great Tusk\n|-damage|p2a: Great Tusk|47\/100\n|\n|-heal|p2a: Great Tusk|53\/100|[from] item: Leftovers\n|upkeep\n|turn|29\n|\n|t:|1700196937\n|move|p1a: Great Tusk|Earthquake|p2a: Great Tusk\n|-damage|p2a: Great Tusk|26\/100\n|move|p2a: Great Tusk|Rapid Spin|p1a: Great Tusk\n|-damage|p1a: Great Tusk|83\/100\n|-boost|p2a: Great Tusk|spe|1\n|-sideend|p2: TaarqB01|Stealth Rock|[from] move: Rapid Spin|[of] p2a: Great Tusk\n|\n|-heal|p2a: Great Tusk|32\/100|[from] item: Leftovers\n|upkeep\n|turn|30\n|\n|t:|1700196957\n|move|p2a: Great Tusk|Close Combat|p1a: Great Tusk\n|-damage|p1a: Great Tusk|43\/100\n|-unboost|p2a: Great Tusk|def|1\n|-unboost|p2a: Great Tusk|spd|1\n|move|p1a: Great Tusk|Ice Spinner|p2a: Great Tusk\n|-supereffective|p2a: Great Tusk\n|-damage|p2a: Great Tusk|0 fnt\n|faint|p2a: Great Tusk\n|-end|p2a: Great Tusk|Protosynthesis|[silent]\n|\n|upkeep\n|\n|t:|1700196968\n|switch|p2a: Rillaboom|Rillaboom, F, tera:Grass|78\/100 par\n|-fieldstart|move: Grassy Terrain|[from] ability: Grassy Surge|[of] p2a: Rillaboom\n|turn|31\n|\n|t:|1700196979\n|-terastallize|p1a: Great Tusk|Steel\n|move|p2a: Rillaboom|Grassy Glide|p1a: Great Tusk\n|-resisted|p1a: Great Tusk\n|-damage|p1a: Great Tusk|24\/100\n|move|p1a: Great Tusk|Ice Spinner|p2a: Rillaboom\n|-supereffective|p2a: Rillaboom\n|-damage|p2a: Rillaboom|17\/100 par\n|-fieldend|move: Grassy Terrain\n|\n|-heal|p2a: Rillaboom|23\/100 par|[from] item: Leftovers\n|upkeep\n|turn|32\n|c|\u2606generacion7|sorry\n|c|\u2606generacion7|:D\n|c|\u2606generacion7|jajajajaja\n|c|\u2606generacion7|:D\n|\n|t:|1700196991\n|switch|p2a: Torkoal|Torkoal, F, shiny|28\/100 par\n|-weather|SunnyDay|[from] ability: Drought|[of] p2a: Torkoal\n|-activate|p1a: Great Tusk|ability: Protosynthesis\n|-start|p1a: Great Tusk|protosynthesisatk\n|move|p1a: Great Tusk|Ice Spinner|p2a: Torkoal\n|-resisted|p2a: Torkoal\n|-damage|p2a: Torkoal|18\/100 par\n|\n|-weather|SunnyDay|[upkeep]\n|upkeep\n|turn|33\n|\n|t:|1700197002\n|move|p1a: Great Tusk|Earthquake|p2a: Torkoal\n|-supereffective|p2a: Torkoal\n|-damage|p2a: Torkoal|0 fnt\n|faint|p2a: Torkoal\n|\n|-weather|SunnyDay|[upkeep]\n|upkeep\n|\n|t:|1700197009\n|switch|p2a: Rillaboom|Rillaboom, F, tera:Grass|23\/100 par\n|-fieldstart|move: Grassy Terrain|[from] ability: Grassy Surge|[of] p2a: Rillaboom\n|turn|34\n|\n|t:|1700197014\n|move|p1a: Great Tusk|Ice Spinner|p2a: Rillaboom\n|-supereffective|p2a: Rillaboom\n|-damage|p2a: Rillaboom|0 fnt\n|-fieldend|move: Grassy Terrain\n|faint|p2a: Rillaboom\n|\n|win|generacion7\n|raw|generacion7's rating: 1231 &rarr; <strong>1251<\/strong><br \/>(+20 for winning)\n|raw|TaarqB01's rating: 1155 &rarr; <strong>1135<\/strong><br \/>(-20 for losing)\n|l|\u2606TaarqB01\n","uploadtime":1700197024,"views":11,"p1id":"generacion7","p2id":"taarqb01","formatid":"gen9ou","rating":1135,"private":0,"password":""}