{"id":"gen9ou-1996681413","p1":"Fly Enby","p2":"bottyx","format":"[Gen 9] OU","log":"|j|\u2606Fly Enby\n|j|\u2606bottyx\n|t:|1700709031\n|gametype|singles\n|player|p1|Fly Enby|buck|1172\n|player|p2|bottyx|lucas|1094\n|teamsize|p1|6\n|teamsize|p2|6\n|gen|9\n|tier|[Gen 9] OU\n|rated|\n|rule|Sleep Clause Mod: Limit one foe put to sleep\n|rule|Species Clause: Limit one of each Pok\u00e9mon\n|rule|OHKO Clause: OHKO moves are banned\n|rule|Evasion Items Clause: Evasion items are banned\n|rule|Evasion Moves Clause: Evasion moves are banned\n|rule|Endless Battle Clause: Forcing endless battles is banned\n|rule|HP Percentage Mod: HP is shown in percentages\n|clearpoke\n|poke|p1|Kingambit, F|\n|poke|p1|Hatterene, F|\n|poke|p1|Lycanroc, F|\n|poke|p1|Forretress, M|\n|poke|p1|Tyranitar, F|\n|poke|p1|Houndstone, F|\n|poke|p2|Dragapult, F|\n|poke|p2|Dragonite, F|\n|poke|p2|Corviknight, M|\n|poke|p2|Great Tusk|\n|poke|p2|Zapdos|\n|poke|p2|Glimmora, F|\n|teampreview\n|inactive|Battle timer is ON: inactive players will automatically lose when time's up. (requested by Fly Enby)\n|\n|t:|1700709039\n|start\n|switch|p1a: Forretress|Forretress, M|100\/100\n|switch|p2a: Glimmora|Glimmora, F|100\/100\n|turn|1\n|\n|t:|1700709046\n|move|p2a: Glimmora|Stealth Rock|p1a: Forretress\n|-sidestart|p1: Fly Enby|move: Stealth Rock\n|move|p1a: Forretress|Iron Head|p2a: Glimmora\n|-supereffective|p2a: Glimmora\n|-damage|p2a: Glimmora|34\/100\n|-activate|p2a: Glimmora|ability: Toxic Debris\n|-sidestart|p1: Fly Enby|move: Toxic Spikes\n|\n|upkeep\n|turn|2\n|\n|t:|1700709056\n|move|p2a: Glimmora|Earth Power|p1a: Forretress\n|-damage|p1a: Forretress|51\/100\n|move|p1a: Forretress|Rapid Spin|p2a: Glimmora\n|-resisted|p2a: Glimmora\n|-damage|p2a: Glimmora|28\/100\n|-boost|p1a: Forretress|spe|1\n|-activate|p2a: Glimmora|ability: Toxic Debris\n|-sidestart|p1: Fly Enby|move: Toxic Spikes\n|-sideend|p1: Fly Enby|Toxic Spikes|[from] move: Rapid Spin|[of] p1a: Forretress\n|-sideend|p1: Fly Enby|Stealth Rock|[from] move: Rapid Spin|[of] p1a: Forretress\n|\n|-heal|p1a: Forretress|57\/100|[from] item: Leftovers\n|upkeep\n|turn|3\n|\n|t:|1700709075\n|move|p2a: Glimmora|Stealth Rock|p1a: Forretress\n|-sidestart|p1: Fly Enby|move: Stealth Rock\n|move|p1a: Forretress|Volt Switch|p2a: Glimmora\n|-damage|p2a: Glimmora|15\/100\n|\n|t:|1700709080\n|switch|p1a: Tyranitar|Tyranitar, F|100\/100|[from] Volt Switch\n|-damage|p1a: Tyranitar|88\/100|[from] Stealth Rock\n|-weather|Sandstorm|[from] ability: Sand Stream|[of] p1a: Tyranitar\n|\n|-weather|Sandstorm|[upkeep]\n|upkeep\n|turn|4\n|\n|t:|1700709090\n|move|p2a: Glimmora|Sludge Wave|p1a: Tyranitar\n|-resisted|p1a: Tyranitar\n|-damage|p1a: Tyranitar|76\/100\n|move|p1a: Tyranitar|Dark Pulse|p2a: Glimmora\n|-damage|p2a: Glimmora|0 fnt\n|faint|p2a: Glimmora\n|\n|-weather|Sandstorm|[upkeep]\n|upkeep\n|\n|t:|1700709102\n|switch|p2a: Dragapult|Dragapult, F|100\/100\n|turn|5\n|\n|t:|1700709109\n|move|p2a: Dragapult|Light Screen|p2a: Dragapult\n|-sidestart|p2: bottyx|move: Light Screen\n|move|p1a: Tyranitar|Dark Pulse|p2a: Dragapult\n|-supereffective|p2a: Dragapult\n|-damage|p2a: Dragapult|66\/100\n|-start|p1a: Tyranitar|Disable|Dark Pulse|[from] ability: Cursed Body|[of] p2a: Dragapult\n|\n|-weather|Sandstorm|[upkeep]\n|-damage|p2a: Dragapult|60\/100|[from] Sandstorm\n|upkeep\n|turn|6\n|\n|t:|1700709118\n|move|p2a: Dragapult|Reflect|p2a: Dragapult\n|-sidestart|p2: bottyx|Reflect\n|move|p1a: Tyranitar|Dragon Tail|p2a: Dragapult\n|-supereffective|p2a: Dragapult\n|-damage|p2a: Dragapult|40\/100\n|drag|p2a: Corviknight|Corviknight, M|100\/100\n|-ability|p2a: Corviknight|Pressure\n|\n|-weather|Sandstorm|[upkeep]\n|upkeep\n|turn|7\n|\n|t:|1700709130\n|move|p2a: Corviknight|U-turn|p1a: Tyranitar\n|-supereffective|p1a: Tyranitar\n|-damage|p1a: Tyranitar|51\/100\n|\n|t:|1700709135\n|switch|p2a: Great Tusk|Great Tusk|100\/100|[from] U-turn\n|-enditem|p2a: Great Tusk|Booster Energy\n|-activate|p2a: Great Tusk|ability: Protosynthesis|[fromitem]\n|-start|p2a: Great Tusk|protosynthesisspe\n|move|p1a: Tyranitar|Stealth Rock|p2a: Great Tusk\n|-sidestart|p2: bottyx|move: Stealth Rock\n|\n|-weather|Sandstorm|[upkeep]\n|upkeep\n|turn|8\n|\n|t:|1700709149\n|switch|p1a: Houndstone|Houndstone, F|100\/100\n|-damage|p1a: Houndstone|88\/100|[from] Stealth Rock\n|move|p2a: Great Tusk|Bulk Up|p2a: Great Tusk\n|-boost|p2a: Great Tusk|atk|1\n|-boost|p2a: Great Tusk|def|1\n|\n|-weather|Sandstorm|[upkeep]\n|upkeep\n|turn|9\n|\n|t:|1700709159\n|move|p1a: Houndstone|Ice Fang|p2a: Great Tusk\n|-supereffective|p2a: Great Tusk\n|-damage|p2a: Great Tusk|88\/100\n|move|p2a: Great Tusk|Headlong Rush|p1a: Houndstone\n|-damage|p1a: Houndstone|0 fnt\n|-unboost|p2a: Great Tusk|def|1\n|-unboost|p2a: Great Tusk|spd|1\n|faint|p1a: Houndstone\n|\n|-weather|Sandstorm|[upkeep]\n|upkeep\n|\n|t:|1700709172\n|switch|p1a: Hatterene|Hatterene, F|100\/100\n|-damage|p1a: Hatterene|88\/100|[from] Stealth Rock\n|turn|10\n|\n|t:|1700709177\n|move|p2a: Great Tusk|Headlong Rush|p1a: Hatterene\n|-damage|p1a: Hatterene|4\/100\n|-unboost|p2a: Great Tusk|def|1\n|-unboost|p2a: Great Tusk|spd|1\n|move|p1a: Hatterene|Draining Kiss|p2a: Great Tusk\n|-supereffective|p2a: Great Tusk\n|-damage|p2a: Great Tusk|14\/100\n|-heal|p1a: Hatterene|79\/100|[from] drain|[of] p2a: Great Tusk\n|\n|-weather|none\n|-heal|p1a: Hatterene|85\/100|[from] item: Leftovers\n|upkeep\n|turn|11\n|\n|t:|1700709186\n|move|p2a: Great Tusk|Headlong Rush|p1a: Hatterene\n|-damage|p1a: Hatterene|0 fnt\n|-unboost|p2a: Great Tusk|def|1\n|-unboost|p2a: Great Tusk|spd|1\n|faint|p1a: Hatterene\n|\n|upkeep\n|\n|t:|1700709197\n|switch|p1a: Kingambit|Kingambit, F|100\/100\n|-damage|p1a: Kingambit|94\/100|[from] Stealth Rock\n|-activate|p1a: Kingambit|ability: Supreme Overlord\n|-start|p1a: Kingambit|fallen2|[silent]\n|turn|12\n|\n|t:|1700709202\n|move|p1a: Kingambit|Sucker Punch|p2a: Great Tusk\n|-resisted|p2a: Great Tusk\n|-damage|p2a: Great Tusk|0 fnt\n|faint|p2a: Great Tusk\n|-end|p2a: Great Tusk|Protosynthesis|[silent]\n|\n|-heal|p1a: Kingambit|100\/100|[from] item: Leftovers\n|-sideend|p2: bottyx|move: Light Screen\n|upkeep\n|\n|t:|1700709208\n|switch|p2a: Dragonite|Dragonite, F|100\/100\n|turn|13\n|\n|t:|1700709217\n|move|p2a: Dragonite|Dragon Dance|p2a: Dragonite\n|-boost|p2a: Dragonite|atk|1\n|-boost|p2a: Dragonite|spe|1\n|move|p1a: Kingambit|Kowtow Cleave|p2a: Dragonite\n|-damage|p2a: Dragonite|85\/100\n|\n|-sideend|p2: bottyx|Reflect\n|upkeep\n|turn|14\n|\n|t:|1700709225\n|move|p2a: Dragonite|Earthquake|p1a: Kingambit\n|-supereffective|p1a: Kingambit\n|-damage|p1a: Kingambit|17\/100\n|move|p1a: Kingambit|Kowtow Cleave|p2a: Dragonite\n|-damage|p2a: Dragonite|22\/100\n|\n|-heal|p1a: Kingambit|24\/100|[from] item: Leftovers\n|upkeep\n|turn|15\n|\n|t:|1700709233\n|move|p1a: Kingambit|Sucker Punch|p2a: Dragonite\n|-damage|p2a: Dragonite|0 fnt\n|faint|p2a: Dragonite\n|\n|-heal|p1a: Kingambit|30\/100|[from] item: Leftovers\n|upkeep\n|\n|t:|1700709241\n|switch|p2a: Zapdos|Zapdos|100\/100\n|turn|16\n|\n|t:|1700709247\n|-end|p1a: Kingambit|fallen2|[silent]\n|switch|p1a: Tyranitar|Tyranitar, F|51\/100\n|-damage|p1a: Tyranitar|38\/100|[from] Stealth Rock\n|-weather|Sandstorm|[from] ability: Sand Stream|[of] p1a: Tyranitar\n|move|p2a: Zapdos|Heat Wave|p1a: Tyranitar\n|-resisted|p1a: Tyranitar\n|-damage|p1a: Tyranitar|30\/100\n|\n|-weather|Sandstorm|[upkeep]\n|-damage|p2a: Zapdos|94\/100|[from] Sandstorm\n|upkeep\n|turn|17\n|\n|t:|1700709256\n|move|p2a: Zapdos|Volt Switch|p1a: Tyranitar\n|-damage|p1a: Tyranitar|14\/100\n|\n|t:|1700709259\n|switch|p2a: Corviknight|Corviknight, M|100\/100|[from] Volt Switch\n|-damage|p2a: Corviknight|88\/100|[from] Stealth Rock\n|-ability|p2a: Corviknight|Pressure\n|move|p1a: Tyranitar|Ice Beam|p2a: Corviknight\n|-crit|p2a: Corviknight\n|-damage|p2a: Corviknight|51\/100\n|\n|-weather|Sandstorm|[upkeep]\n|-heal|p2a: Corviknight|57\/100|[from] item: Leftovers\n|upkeep\n|turn|18\n|\n|t:|1700709274\n|switch|p1a: Forretress|Forretress, M|57\/100\n|-damage|p1a: Forretress|45\/100|[from] Stealth Rock\n|move|p2a: Corviknight|Brave Bird|p1a: Forretress\n|-damage|p1a: Forretress|25\/100\n|-damage|p2a: Corviknight|51\/100|[from] Recoil\n|\n|-weather|Sandstorm|[upkeep]\n|-heal|p2a: Corviknight|57\/100|[from] item: Leftovers\n|-heal|p1a: Forretress|31\/100|[from] item: Leftovers\n|upkeep\n|turn|19\n|\n|t:|1700709281\n|move|p2a: Corviknight|Roost|p2a: Corviknight\n|-heal|p2a: Corviknight|100\/100\n|-singleturn|p2a: Corviknight|move: Roost\n|move|p1a: Forretress|Rapid Spin|p2a: Corviknight\n|-resisted|p2a: Corviknight\n|-damage|p2a: Corviknight|97\/100\n|-boost|p1a: Forretress|spe|1\n|-sideend|p1: Fly Enby|Stealth Rock|[from] move: Rapid Spin|[of] p1a: Forretress\n|\n|-weather|Sandstorm|[upkeep]\n|-heal|p1a: Forretress|37\/100|[from] item: Leftovers\n|-heal|p2a: Corviknight|100\/100|[from] item: Leftovers\n|upkeep\n|turn|20\n|\n|t:|1700709294\n|move|p1a: Forretress|Volt Switch|p2a: Corviknight\n|-supereffective|p2a: Corviknight\n|-damage|p2a: Corviknight|83\/100\n|\n|t:|1700709304\n|switch|p1a: Kingambit|Kingambit, F|30\/100|[from] Volt Switch\n|-activate|p1a: Kingambit|ability: Supreme Overlord\n|-start|p1a: Kingambit|fallen2|[silent]\n|move|p2a: Corviknight|Brave Bird|p1a: Kingambit\n|-resisted|p1a: Kingambit\n|-damage|p1a: Kingambit|17\/100\n|-damage|p2a: Corviknight|79\/100|[from] Recoil\n|\n|-weather|Sandstorm|[upkeep]\n|-heal|p2a: Corviknight|85\/100|[from] item: Leftovers\n|-heal|p1a: Kingambit|24\/100|[from] item: Leftovers\n|upkeep\n|turn|21\n|\n|t:|1700709312\n|move|p2a: Corviknight|U-turn|p1a: Kingambit\n|-damage|p1a: Kingambit|12\/100\n|\n|t:|1700709316\n|switch|p2a: Dragapult|Dragapult, F|40\/100|[from] U-turn\n|-damage|p2a: Dragapult|28\/100|[from] Stealth Rock\n|move|p1a: Kingambit|Kowtow Cleave|p2a: Dragapult\n|-supereffective|p2a: Dragapult\n|-damage|p2a: Dragapult|0 fnt\n|faint|p2a: Dragapult\n|\n|-weather|Sandstorm|[upkeep]\n|-heal|p1a: Kingambit|18\/100|[from] item: Leftovers\n|upkeep\n|\n|t:|1700709328\n|switch|p2a: Zapdos|Zapdos|94\/100\n|turn|22\n|\n|t:|1700709334\n|move|p1a: Kingambit|Sucker Punch|p2a: Zapdos\n|-damage|p2a: Zapdos|32\/100\n|-status|p1a: Kingambit|par|[from] ability: Static|[of] p2a: Zapdos\n|move|p2a: Zapdos|Volt Switch|p1a: Kingambit\n|-damage|p1a: Kingambit|0 fnt\n|faint|p1a: Kingambit\n|-end|p1a: Kingambit|fallen2|[silent]\n|\n|t:|1700709343\n|switch|p2a: Corviknight|Corviknight, M|85\/100|[from] Volt Switch\n|-damage|p2a: Corviknight|72\/100|[from] Stealth Rock\n|-ability|p2a: Corviknight|Pressure\n|\n|-weather|Sandstorm|[upkeep]\n|-heal|p2a: Corviknight|78\/100|[from] item: Leftovers\n|upkeep\n|\n|t:|1700709346\n|switch|p1a: Lycanroc|Lycanroc, F|100\/100\n|turn|23\n|\n|t:|1700709352\n|move|p1a: Lycanroc|Stone Edge|p2a: Corviknight\n|-damage|p2a: Corviknight|45\/100\n|move|p2a: Corviknight|Defog|p1a: Lycanroc\n|-unboost|p1a: Lycanroc|evasion|1\n|-sideend|p2: bottyx|Stealth Rock|[from] move: Defog|[of] p2a: Corviknight\n|\n|-weather|none\n|-heal|p2a: Corviknight|51\/100|[from] item: Leftovers\n|upkeep\n|turn|24\n|\n|t:|1700709365\n|switch|p1a: Tyranitar|Tyranitar, F|14\/100\n|-weather|Sandstorm|[from] ability: Sand Stream|[of] p1a: Tyranitar\n|move|p2a: Corviknight|Roost|p2a: Corviknight\n|-heal|p2a: Corviknight|100\/100\n|-singleturn|p2a: Corviknight|move: Roost\n|\n|-weather|Sandstorm|[upkeep]\n|upkeep\n|turn|25\n|\n|t:|1700709373\n|move|p2a: Corviknight|Brave Bird|p1a: Tyranitar\n|-resisted|p1a: Tyranitar\n|-damage|p1a: Tyranitar|0 fnt\n|faint|p1a: Tyranitar\n|-damage|p2a: Corviknight|96\/100|[from] Recoil\n|\n|-weather|Sandstorm|[upkeep]\n|-heal|p2a: Corviknight|100\/100|[from] item: Leftovers\n|upkeep\n|\n|t:|1700709376\n|switch|p1a: Forretress|Forretress, M|37\/100\n|turn|26\n|\n|t:|1700709387\n|move|p2a: Corviknight|Brave Bird|p1a: Forretress\n|-damage|p1a: Forretress|15\/100\n|-damage|p2a: Corviknight|94\/100|[from] Recoil\n|move|p1a: Forretress|Iron Head|p2a: Corviknight\n|-resisted|p2a: Corviknight\n|-damage|p2a: Corviknight|86\/100\n|\n|-weather|Sandstorm|[upkeep]\n|-heal|p2a: Corviknight|92\/100|[from] item: Leftovers\n|-heal|p1a: Forretress|21\/100|[from] item: Leftovers\n|upkeep\n|turn|27\n|\n|t:|1700709393\n|move|p2a: Corviknight|U-turn|p1a: Forretress\n|-resisted|p1a: Forretress\n|-damage|p1a: Forretress|17\/100\n|\n|t:|1700709396\n|switch|p2a: Zapdos|Zapdos|32\/100|[from] U-turn\n|move|p1a: Forretress|Iron Head|p2a: Zapdos\n|-resisted|p2a: Zapdos\n|-damage|p2a: Zapdos|18\/100\n|\n|-weather|Sandstorm|[upkeep]\n|-damage|p2a: Zapdos|11\/100|[from] Sandstorm\n|-heal|p1a: Forretress|23\/100|[from] item: Leftovers\n|upkeep\n|turn|28\n|\n|t:|1700709402\n|move|p2a: Zapdos|Roost|p2a: Zapdos\n|-heal|p2a: Zapdos|62\/100\n|-singleturn|p2a: Zapdos|move: Roost\n|move|p1a: Forretress|Iron Head|p2a: Zapdos\n|-resisted|p2a: Zapdos\n|-crit|p2a: Zapdos\n|-damage|p2a: Zapdos|38\/100\n|\n|-weather|Sandstorm|[upkeep]\n|-damage|p2a: Zapdos|32\/100|[from] Sandstorm\n|-heal|p1a: Forretress|29\/100|[from] item: Leftovers\n|upkeep\n|turn|29\n|\n|t:|1700709408\n|move|p2a: Zapdos|Heat Wave|p1a: Forretress\n|-supereffective|p1a: Forretress\n|-damage|p1a: Forretress|0 fnt\n|faint|p1a: Forretress\n|\n|-weather|Sandstorm|[upkeep]\n|-damage|p2a: Zapdos|26\/100|[from] Sandstorm\n|upkeep\n|\n|t:|1700709411\n|switch|p1a: Lycanroc|Lycanroc, F|100\/100\n|turn|30\n|\n|t:|1700709414\n|move|p1a: Lycanroc|Stone Edge|p2a: Zapdos|[miss]\n|-miss|p1a: Lycanroc|p2a: Zapdos\n|move|p2a: Zapdos|Roost|p2a: Zapdos\n|-heal|p2a: Zapdos|76\/100\n|-singleturn|p2a: Zapdos|move: Roost\n|\n|-weather|Sandstorm|[upkeep]\n|-damage|p2a: Zapdos|70\/100|[from] Sandstorm\n|upkeep\n|turn|31\n|\n|t:|1700709427\n|move|p1a: Lycanroc|Swords Dance|p1a: Lycanroc\n|-boost|p1a: Lycanroc|atk|2\n|move|p2a: Zapdos|Volt Switch|p1a: Lycanroc\n|-damage|p1a: Lycanroc|57\/100\n|\n|t:|1700709434\n|switch|p2a: Corviknight|Corviknight, M|92\/100|[from] Volt Switch\n|-ability|p2a: Corviknight|Pressure\n|\n|-weather|none\n|-heal|p2a: Corviknight|98\/100|[from] item: Leftovers\n|upkeep\n|turn|32\n|\n|t:|1700709439\n|move|p1a: Lycanroc|Stone Edge|p2a: Corviknight\n|-crit|p2a: Corviknight\n|-damage|p2a: Corviknight|7\/100\n|move|p2a: Corviknight|Brave Bird|p1a: Lycanroc\n|-resisted|p1a: Lycanroc\n|-damage|p1a: Lycanroc|27\/100\n|-damage|p2a: Corviknight|0 fnt|[from] Recoil\n|faint|p2a: Corviknight\n|\n|upkeep\n|\n|t:|1700709446\n|switch|p2a: Zapdos|Zapdos|70\/100\n|turn|33\n|\n|t:|1700709451\n|-terastallize|p1a: Lycanroc|Ice\n|move|p2a: Zapdos|Hurricane|p1a: Lycanroc\n|-damage|p1a: Lycanroc|0 fnt\n|faint|p1a: Lycanroc\n|\n|win|bottyx\n|raw|Fly Enby's rating: 1172 &rarr; <strong>1141<\/strong><br \/>(-31 for losing)\n|raw|bottyx's rating: 1094 &rarr; <strong>1126<\/strong><br \/>(+32 for winning)\n|l|\u2606bottyx\n","uploadtime":1700709460,"views":2,"p1id":"flyenby","p2id":"bottyx","formatid":"gen9ou","rating":1126,"private":0,"password":""}