{"id":"gen9ou-1997221651","p1":"Ombre Nomade","p2":"hydroj","format":"[Gen 9] OU","log":"|j|\u2606Ombre Nomade\n|j|\u2606hydroj\n|t:|1700777168\n|gametype|singles\n|player|p1|Ombre Nomade|rocketexecutive-gen2|1597\n|player|p2|hydroj|169|1594\n|teamsize|p1|6\n|teamsize|p2|6\n|gen|9\n|tier|[Gen 9] OU\n|rated|\n|rule|Sleep Clause Mod: Limit one foe put to sleep\n|rule|Species Clause: Limit one of each Pok\u00e9mon\n|rule|OHKO Clause: OHKO moves are banned\n|rule|Evasion Items Clause: Evasion items are banned\n|rule|Evasion Moves Clause: Evasion moves are banned\n|rule|Endless Battle Clause: Forcing endless battles is banned\n|rule|HP Percentage Mod: HP is shown in percentages\n|clearpoke\n|poke|p1|Garganacl, F|\n|poke|p1|Clodsire, F|\n|poke|p1|Corviknight, M|\n|poke|p1|Dondozo, M|\n|poke|p1|Iron Valiant|\n|poke|p1|Gholdengo|\n|poke|p2|Hatterene, F|\n|poke|p2|Cinderace, M|\n|poke|p2|Hawlucha, M|\n|poke|p2|Rillaboom, F|\n|poke|p2|Empoleon, M|\n|poke|p2|Kingambit, M|\n|teampreview\n|inactive|Battle timer is ON: inactive players will automatically lose when time's up. (requested by Ombre Nomade)\n|\n|t:|1700777188\n|start\n|switch|p1a: SKARMORY <3|Corviknight, M|100\/100\n|switch|p2a: Cinderace|Cinderace, M|100\/100\n|-ability|p1a: SKARMORY <3|Pressure\n|turn|1\n|\n|t:|1700777198\n|switch|p1a: ur mum|Dondozo, M|100\/100\n|move|p2a: Cinderace|Will-O-Wisp|p1a: ur mum\n|-status|p1a: ur mum|brn\n|\n|-damage|p1a: ur mum|94\/100 brn|[from] brn\n|upkeep\n|turn|2\n|\n|t:|1700777204\n|switch|p1a: SKARMORY <3|Corviknight, M|100\/100\n|-ability|p1a: SKARMORY <3|Pressure\n|move|p2a: Cinderace|U-turn|p1a: SKARMORY <3\n|-resisted|p1a: SKARMORY <3\n|-damage|p1a: SKARMORY <3|98\/100\n|\n|t:|1700777209\n|switch|p2a: Empoleon|Empoleon, M|100\/100|[from] U-turn\n|\n|upkeep\n|turn|3\n|j| Jontrendline\n|\n|t:|1700777222\n|move|p1a: SKARMORY <3|U-turn|p2a: Empoleon\n|-resisted|p2a: Empoleon\n|-crit|p2a: Empoleon\n|-damage|p2a: Empoleon|89\/100\n|\n|t:|1700777223\n|switch|p1a: Love Quag|Clodsire, F|100\/100|[from] U-turn\n|move|p2a: Empoleon|Surf|p1a: Love Quag\n|-immune|p1a: Love Quag|[from] ability: Water Absorb\n|\n|upkeep\n|turn|4\n|\n|t:|1700777229\n|switch|p2a: Rillaboom|Rillaboom, F|100\/100\n|-fieldstart|move: Grassy Terrain|[from] ability: Grassy Surge|[of] p2a: Rillaboom\n|move|p1a: Love Quag|Earthquake|p2a: Rillaboom\n|-resisted|p2a: Rillaboom\n|-damage|p2a: Rillaboom|93\/100\n|\n|-heal|p2a: Rillaboom|99\/100|[from] Grassy Terrain\n|upkeep\n|turn|5\n|\n|t:|1700777232\n|switch|p1a: SKARMORY <3|Corviknight, M|98\/100\n|-ability|p1a: SKARMORY <3|Pressure\n|move|p2a: Rillaboom|Knock Off|p1a: SKARMORY <3\n|-damage|p1a: SKARMORY <3|68\/100\n|-enditem|p1a: SKARMORY <3|Heavy-Duty Boots|[from] move: Knock Off|[of] p2a: Rillaboom\n|\n|-heal|p2a: Rillaboom|100\/100|[from] Grassy Terrain\n|upkeep\n|turn|6\n|\n|t:|1700777237\n|switch|p2a: Cinderace|Cinderace, M|100\/100\n|move|p1a: SKARMORY <3|U-turn|p2a: Cinderace\n|-resisted|p2a: Cinderace\n|-damage|p2a: Cinderace|92\/100\n|\n|t:|1700777243\n|switch|p1a: Shoe Rack|Garganacl, F|100\/100|[from] U-turn\n|\n|-heal|p2a: Cinderace|98\/100|[from] Grassy Terrain\n|upkeep\n|turn|7\n|\n|t:|1700777249\n|move|p2a: Cinderace|U-turn|p1a: Shoe Rack\n|-damage|p1a: Shoe Rack|87\/100\n|\n|t:|1700777251\n|switch|p2a: Rillaboom|Rillaboom, F|100\/100|[from] U-turn\n|move|p1a: Shoe Rack|Salt Cure|p2a: Rillaboom\n|-damage|p2a: Rillaboom|86\/100\n|-start|p2a: Rillaboom|Salt Cure\n|\n|-heal|p2a: Rillaboom|92\/100|[from] Grassy Terrain\n|-heal|p1a: Shoe Rack|93\/100|[from] Grassy Terrain\n|-heal|p1a: Shoe Rack|99\/100|[from] item: Leftovers\n|-damage|p2a: Rillaboom|79\/100|[from] Salt Cure\n|upkeep\n|turn|8\n|inactive|Ombre Nomade has 120 seconds left.\n|\n|t:|1700777282\n|switch|p1a: SKARMORY <3|Corviknight, M|68\/100\n|-ability|p1a: SKARMORY <3|Pressure\n|move|p2a: Rillaboom|U-turn|p1a: SKARMORY <3\n|-resisted|p1a: SKARMORY <3\n|-damage|p1a: SKARMORY <3|62\/100\n|\n|t:|1700777285\n|switch|p2a: Cinderace|Cinderace, M|98\/100|[from] U-turn\n|\n|-heal|p2a: Cinderace|100\/100|[from] Grassy Terrain\n|-fieldend|move: Grassy Terrain\n|upkeep\n|turn|9\n|\n|t:|1700777293\n|switch|p1a: ur mum|Dondozo, M|94\/100 brn\n|move|p2a: Cinderace|Pyro Ball|p1a: ur mum\n|-resisted|p1a: ur mum\n|-damage|p1a: ur mum|84\/100 brn\n|\n|-damage|p1a: ur mum|77\/100 brn|[from] brn\n|upkeep\n|turn|10\n|\n|t:|1700777299\n|move|p2a: Cinderace|U-turn|p1a: ur mum\n|-crit|p1a: ur mum\n|-damage|p1a: ur mum|64\/100 brn\n|\n|t:|1700777301\n|switch|p2a: Rillaboom|Rillaboom, F|79\/100|[from] U-turn\n|-fieldstart|move: Grassy Terrain|[from] ability: Grassy Surge|[of] p2a: Rillaboom\n|move|p1a: ur mum|Rest|p1a: ur mum\n|-status|p1a: ur mum|slp|[from] move: Rest\n|-heal|p1a: ur mum|100\/100 slp|[silent]\n|\n|-heal|p2a: Rillaboom|86\/100|[from] Grassy Terrain\n|upkeep\n|turn|11\n|\n|t:|1700777310\n|switch|p1a: SKARMORY <3|Corviknight, M|62\/100\n|-ability|p1a: SKARMORY <3|Pressure\n|move|p2a: Rillaboom|U-turn|p1a: SKARMORY <3\n|-resisted|p1a: SKARMORY <3\n|-damage|p1a: SKARMORY <3|57\/100\n|\n|t:|1700777317\n|switch|p2a: Hatterene|Hatterene, F|100\/100|[from] U-turn\n|-enditem|p2a: Hatterene|Grassy Seed\n|-boost|p2a: Hatterene|def|1|[from] item: Grassy Seed\n|\n|upkeep\n|turn|12\n|\n|t:|1700777326\n|move|p1a: SKARMORY <3|Roost|p1a: SKARMORY <3\n|-heal|p1a: SKARMORY <3|100\/100\n|-singleturn|p1a: SKARMORY <3|move: Roost\n|move|p2a: Hatterene|Mystical Fire|p1a: SKARMORY <3\n|-supereffective|p1a: SKARMORY <3\n|-damage|p1a: SKARMORY <3|55\/100\n|-unboost|p1a: SKARMORY <3|spa|1\n|\n|-heal|p1a: SKARMORY <3|61\/100|[from] Grassy Terrain\n|upkeep\n|turn|13\n|\n|t:|1700777332\n|move|p1a: SKARMORY <3|U-turn|p2a: Hatterene\n|-damage|p2a: Hatterene|92\/100\n|j| Ashkinda\n|\n|t:|1700777341\n|switch|p1a: BEEG|Gholdengo|100\/100|[from] U-turn\n|move|p2a: Hatterene|Mystical Fire|p1a: BEEG\n|-supereffective|p1a: BEEG\n|-damage|p1a: BEEG|56\/100\n|-unboost|p1a: BEEG|spa|1\n|\n|-heal|p1a: BEEG|62\/100|[from] Grassy Terrain\n|-heal|p1a: BEEG|68\/100|[from] item: Leftovers\n|-heal|p2a: Hatterene|98\/100|[from] Grassy Terrain\n|upkeep\n|turn|14\n|\n|t:|1700777354\n|-terastallize|p1a: BEEG|Fairy\n|-terastallize|p2a: Hatterene|Water\n|move|p1a: BEEG|Recover|p1a: BEEG\n|-heal|p1a: BEEG|100\/100\n|move|p2a: Hatterene|Calm Mind|p2a: Hatterene\n|-boost|p2a: Hatterene|spa|1\n|-boost|p2a: Hatterene|spd|1\n|\n|-heal|p2a: Hatterene|100\/100|[from] Grassy Terrain\n|-fieldend|move: Grassy Terrain\n|upkeep\n|turn|15\n|\n|t:|1700777361\n|move|p1a: BEEG|Nasty Plot|p1a: BEEG\n|-boost|p1a: BEEG|spa|2\n|move|p2a: Hatterene|Stored Power|p1a: BEEG\n|-damage|p1a: BEEG|49\/100\n|\n|-heal|p1a: BEEG|55\/100|[from] item: Leftovers\n|upkeep\n|turn|16\n|\n|t:|1700777370\n|move|p1a: BEEG|Recover|p1a: BEEG\n|-heal|p1a: BEEG|100\/100\n|move|p2a: Hatterene|Calm Mind|p2a: Hatterene\n|-boost|p2a: Hatterene|spa|1\n|-boost|p2a: Hatterene|spd|1\n|\n|upkeep\n|turn|17\n|\n|t:|1700777382\n|switch|p1a: ur mum|Dondozo, M|100\/100 slp\n|move|p2a: Hatterene|Mystical Fire|p1a: ur mum\n|-resisted|p1a: ur mum\n|-damage|p1a: ur mum|90\/100 slp\n|-unboost|p1a: ur mum|spa|1\n|\n|upkeep\n|turn|18\n|\n|t:|1700777390\n|cant|p1a: ur mum|slp\n|move|p1a: ur mum|Sleep Talk|p1a: ur mum\n|move|p1a: ur mum|Rest||[from]move: Sleep Talk|[still]\n|-fail|p1a: ur mum\n|move|p2a: Hatterene|Stored Power|p1a: ur mum\n|-damage|p1a: ur mum|42\/100 slp\n|\n|upkeep\n|turn|19\n|\n|t:|1700777396\n|cant|p1a: ur mum|slp\n|move|p1a: ur mum|Sleep Talk|p1a: ur mum\n|move|p1a: ur mum|Rest||[from]move: Sleep Talk|[still]\n|-fail|p1a: ur mum\n|move|p2a: Hatterene|Stored Power|p1a: ur mum\n|-damage|p1a: ur mum|0 fnt\n|faint|p1a: ur mum\n|\n|upkeep\n|\n|t:|1700777400\n|switch|p1a: Shoe Rack|Garganacl, F|99\/100\n|turn|20\n|\n|t:|1700777404\n|move|p1a: Shoe Rack|Salt Cure|p2a: Hatterene\n|-damage|p2a: Hatterene|93\/100\n|-start|p2a: Hatterene|Salt Cure\n|move|p2a: Hatterene|Calm Mind|p2a: Hatterene\n|-boost|p2a: Hatterene|spa|1\n|-boost|p2a: Hatterene|spd|1\n|\n|-heal|p1a: Shoe Rack|100\/100|[from] item: Leftovers\n|-damage|p2a: Hatterene|68\/100|[from] Salt Cure\n|upkeep\n|turn|21\n|\n|t:|1700777411\n|switch|p1a: SKARMORY <3|Corviknight, M|61\/100\n|-ability|p1a: SKARMORY <3|Pressure\n|move|p2a: Hatterene|Draining Kiss|p1a: SKARMORY <3\n|-resisted|p1a: SKARMORY <3\n|-damage|p1a: SKARMORY <3|34\/100\n|-heal|p2a: Hatterene|93\/100|[from] drain|[of] p1a: SKARMORY <3\n|\n|-damage|p2a: Hatterene|68\/100|[from] Salt Cure\n|upkeep\n|turn|22\n|\n|t:|1700777417\n|move|p1a: SKARMORY <3|Roost|p1a: SKARMORY <3\n|-heal|p1a: SKARMORY <3|84\/100\n|-singleturn|p1a: SKARMORY <3|move: Roost\n|move|p2a: Hatterene|Stored Power|p1a: SKARMORY <3\n|-resisted|p1a: SKARMORY <3\n|-damage|p1a: SKARMORY <3|3\/100\n|\n|-damage|p2a: Hatterene|43\/100|[from] Salt Cure\n|upkeep\n|turn|23\n|l| Jontrendline\n|\n|t:|1700777422\n|move|p1a: SKARMORY <3|Roost|p1a: SKARMORY <3\n|-heal|p1a: SKARMORY <3|53\/100\n|-singleturn|p1a: SKARMORY <3|move: Roost\n|move|p2a: Hatterene|Mystical Fire|p1a: SKARMORY <3\n|-supereffective|p1a: SKARMORY <3\n|-damage|p1a: SKARMORY <3|0 fnt\n|faint|p1a: SKARMORY <3\n|\n|-damage|p2a: Hatterene|18\/100|[from] Salt Cure\n|upkeep\n|\n|t:|1700777424\n|switch|p1a: The Bride|Iron Valiant|100\/100\n|-enditem|p1a: The Bride|Booster Energy\n|-activate|p1a: The Bride|ability: Quark Drive|[fromitem]\n|-start|p1a: The Bride|quarkdrivespe\n|turn|24\n|\n|t:|1700777429\n|-end|p1a: The Bride|Quark Drive|[silent]\n|switch|p1a: Love Quag|Clodsire, F|100\/100\n|move|p2a: Hatterene|Draining Kiss|p1a: Love Quag\n|-resisted|p1a: Love Quag\n|-damage|p1a: Love Quag|87\/100\n|-heal|p2a: Hatterene|33\/100|[from] drain|[of] p1a: Love Quag\n|\n|-damage|p2a: Hatterene|8\/100|[from] Salt Cure\n|upkeep\n|turn|25\n|\n|t:|1700777437\n|move|p2a: Hatterene|Stored Power|p1a: Love Quag\n|-supereffective|p1a: Love Quag\n|-damage|p1a: Love Quag|0 fnt\n|faint|p1a: Love Quag\n|\n|-damage|p2a: Hatterene|0 fnt|[from] Salt Cure\n|faint|p2a: Hatterene\n|upkeep\n|\n|t:|1700777445\n|switch|p2a: Rillaboom|Rillaboom, F|86\/100\n|switch|p1a: The Bride|Iron Valiant|100\/100\n|-fieldstart|move: Grassy Terrain|[from] ability: Grassy Surge|[of] p2a: Rillaboom\n|turn|26\n|\n|t:|1700777472\n|switch|p2a: Hawlucha|Hawlucha, M|100\/100\n|-enditem|p2a: Hawlucha|Grassy Seed\n|-boost|p2a: Hawlucha|def|1|[from] item: Grassy Seed\n|move|p1a: The Bride|Moonblast|p2a: Hawlucha\n|-supereffective|p2a: Hawlucha\n|-damage|p2a: Hawlucha|0 fnt\n|faint|p2a: Hawlucha\n|\n|upkeep\n|\n|t:|1700777475\n|switch|p2a: Cinderace|Cinderace, M|100\/100\n|turn|27\n|\n|t:|1700777481\n|-end|p1a: The Bride|Quark Drive|[silent]\n|switch|p1a: Shoe Rack|Garganacl, F|100\/100\n|move|p2a: Cinderace|Pyro Ball|p1a: Shoe Rack\n|-resisted|p1a: Shoe Rack\n|-damage|p1a: Shoe Rack|83\/100\n|\n|-heal|p1a: Shoe Rack|90\/100|[from] Grassy Terrain\n|-heal|p1a: Shoe Rack|96\/100|[from] item: Leftovers\n|upkeep\n|turn|28\n|\n|t:|1700777486\n|move|p2a: Cinderace|U-turn|p1a: Shoe Rack\n|-damage|p1a: Shoe Rack|83\/100\n|\n|t:|1700777489\n|switch|p2a: Empoleon|Empoleon, M|89\/100|[from] U-turn\n|move|p1a: Shoe Rack|Iron Defense|p1a: Shoe Rack\n|-boost|p1a: Shoe Rack|def|2\n|\n|-heal|p2a: Empoleon|95\/100|[from] Grassy Terrain\n|-heal|p1a: Shoe Rack|90\/100|[from] Grassy Terrain\n|-heal|p1a: Shoe Rack|96\/100|[from] item: Leftovers\n|upkeep\n|turn|29\n|\n|t:|1700777493\n|move|p2a: Empoleon|Grass Knot|p1a: Shoe Rack\n|-supereffective|p1a: Shoe Rack\n|-damage|p1a: Shoe Rack|23\/100\n|move|p1a: Shoe Rack|Iron Defense|p1a: Shoe Rack\n|-boost|p1a: Shoe Rack|def|2\n|\n|-heal|p2a: Empoleon|100\/100|[from] Grassy Terrain\n|-heal|p1a: Shoe Rack|30\/100|[from] Grassy Terrain\n|-heal|p1a: Shoe Rack|36\/100|[from] item: Leftovers\n|upkeep\n|turn|30\n|\n|t:|1700777498\n|move|p2a: Empoleon|Surf|p1a: Shoe Rack\n|-supereffective|p1a: Shoe Rack\n|-damage|p1a: Shoe Rack|0 fnt\n|faint|p1a: Shoe Rack\n|\n|-fieldend|move: Grassy Terrain\n|upkeep\n|\n|t:|1700777501\n|switch|p1a: BEEG|Gholdengo, tera:Fairy|100\/100\n|turn|31\n|\n|t:|1700777508\n|move|p1a: BEEG|Nasty Plot|p1a: BEEG\n|-boost|p1a: BEEG|spa|2\n|move|p2a: Empoleon|Surf|p1a: BEEG\n|-damage|p1a: BEEG|57\/100\n|\n|-heal|p1a: BEEG|63\/100|[from] item: Leftovers\n|upkeep\n|turn|32\n|\n|t:|1700777513\n|move|p1a: BEEG|Thunder Wave|p2a: Empoleon\n|-status|p2a: Empoleon|par\n|move|p2a: Empoleon|Surf|p1a: BEEG\n|-damage|p1a: BEEG|17\/100\n|\n|-heal|p1a: BEEG|23\/100|[from] item: Leftovers\n|upkeep\n|turn|33\n|\n|t:|1700777515\n|move|p1a: BEEG|Recover|p1a: BEEG\n|-heal|p1a: BEEG|73\/100\n|move|p2a: Empoleon|Surf|p1a: BEEG\n|-damage|p1a: BEEG|31\/100\n|\n|-heal|p1a: BEEG|37\/100|[from] item: Leftovers\n|upkeep\n|turn|34\n|\n|t:|1700777517\n|move|p1a: BEEG|Recover|p1a: BEEG\n|-heal|p1a: BEEG|87\/100\n|move|p2a: Empoleon|Surf|p1a: BEEG\n|-damage|p1a: BEEG|42\/100\n|\n|-heal|p1a: BEEG|48\/100|[from] item: Leftovers\n|upkeep\n|turn|35\n|\n|t:|1700777519\n|move|p1a: BEEG|Recover|p1a: BEEG\n|-heal|p1a: BEEG|98\/100\n|cant|p2a: Empoleon|par\n|\n|-heal|p1a: BEEG|100\/100|[from] item: Leftovers\n|upkeep\n|turn|36\n|\n|t:|1700777521\n|move|p1a: BEEG|Hex|p2a: Empoleon\n|-damage|p2a: Empoleon|3\/100 par\n|move|p2a: Empoleon|Surf|p1a: BEEG\n|-damage|p1a: BEEG|59\/100\n|\n|-heal|p1a: BEEG|65\/100|[from] item: Leftovers\n|upkeep\n|turn|37\n|\n|t:|1700777524\n|move|p1a: BEEG|Hex|p2a: Empoleon\n|-damage|p2a: Empoleon|0 fnt\n|faint|p2a: Empoleon\n|\n|-heal|p1a: BEEG|71\/100|[from] item: Leftovers\n|upkeep\n|\n|t:|1700777546\n|switch|p2a: Rillaboom|Rillaboom, F|86\/100\n|-fieldstart|move: Grassy Terrain|[from] ability: Grassy Surge|[of] p2a: Rillaboom\n|turn|38\n|\n|t:|1700777557\n|move|p2a: Rillaboom|Wood Hammer|p1a: BEEG\n|-damage|p1a: BEEG|0 fnt\n|faint|p1a: BEEG\n|-damage|p2a: Rillaboom|60\/100|[from] Recoil\n|\n|-heal|p2a: Rillaboom|66\/100|[from] Grassy Terrain\n|upkeep\n|\n|t:|1700777560\n|switch|p1a: The Bride|Iron Valiant|100\/100\n|turn|39\n|\n|t:|1700777564\n|switch|p2a: Kingambit|Kingambit, M|100\/100\n|-activate|p2a: Kingambit|ability: Supreme Overlord\n|-start|p2a: Kingambit|fallen3|[silent]\n|move|p1a: The Bride|Moonblast|p2a: Kingambit\n|-damage|p2a: Kingambit|48\/100\n|-unboost|p2a: Kingambit|spa|1\n|\n|-heal|p2a: Kingambit|54\/100|[from] Grassy Terrain\n|upkeep\n|turn|40\n|\n|t:|1700777571\n|move|p2a: Kingambit|Sucker Punch||[still]\n|-fail|p2a: Kingambit\n|move|p1a: The Bride|Calm Mind|p1a: The Bride\n|-boost|p1a: The Bride|spa|1\n|-boost|p1a: The Bride|spd|1\n|\n|-heal|p2a: Kingambit|61\/100|[from] Grassy Terrain\n|upkeep\n|turn|41\n|\n|t:|1700777574\n|move|p1a: The Bride|Encore|p2a: Kingambit\n|-start|p2a: Kingambit|Encore\n|move|p2a: Kingambit|Sucker Punch||[still]\n|-fail|p2a: Kingambit\n|\n|-heal|p2a: Kingambit|67\/100|[from] Grassy Terrain\n|upkeep\n|turn|42\n|\n|t:|1700777577\n|move|p2a: Kingambit|Sucker Punch||[still]\n|-fail|p2a: Kingambit\n|move|p1a: The Bride|Calm Mind|p1a: The Bride\n|-boost|p1a: The Bride|spa|1\n|-boost|p1a: The Bride|spd|1\n|\n|-heal|p2a: Kingambit|73\/100|[from] Grassy Terrain\n|-fieldend|move: Grassy Terrain\n|upkeep\n|turn|43\n|\n|t:|1700777579\n|move|p2a: Kingambit|Sucker Punch||[still]\n|-fail|p2a: Kingambit\n|move|p1a: The Bride|Calm Mind|p1a: The Bride\n|-boost|p1a: The Bride|spa|1\n|-boost|p1a: The Bride|spd|1\n|\n|-end|p2a: Kingambit|Encore\n|upkeep\n|turn|44\n|\n|t:|1700777582\n|move|p2a: Kingambit|Sucker Punch|p1a: The Bride\n|-resisted|p1a: The Bride\n|-damage|p1a: The Bride|84\/100\n|move|p1a: The Bride|Moonblast|p2a: Kingambit\n|-damage|p2a: Kingambit|0 fnt\n|faint|p2a: Kingambit\n|-end|p2a: Kingambit|fallen3|[silent]\n|\n|upkeep\n|\n|t:|1700777585\n|switch|p2a: Cinderace|Cinderace, M|100\/100\n|turn|45\n|\n|t:|1700777588\n|move|p2a: Cinderace|Pyro Ball|p1a: The Bride\n|-damage|p1a: The Bride|20\/100\n|move|p1a: The Bride|Psyshock|p2a: Cinderace\n|-damage|p2a: Cinderace|15\/100\n|\n|upkeep\n|turn|46\n|\n|t:|1700777590\n|move|p2a: Cinderace|Pyro Ball|p1a: The Bride\n|-damage|p1a: The Bride|0 fnt\n|faint|p1a: The Bride\n|-end|p1a: The Bride|Quark Drive|[silent]\n|\n|win|hydroj\n|raw|Ombre Nomade's rating: 1597 &rarr; <strong>1577<\/strong><br \/>(-20 for losing)\n|raw|hydroj's rating: 1594 &rarr; <strong>1614<\/strong><br \/>(+20 for winning)\n|c|\u2606hydroj|gg\\\n|c|\u2606Ombre Nomade|gg\n","uploadtime":1700777598,"views":5,"p1id":"ombrenomade","p2id":"hydroj","formatid":"gen9ou","rating":1577,"private":0,"password":""}