{"id":"gen9ou-1994492670","p1":"QuackBarz","p2":"wisdomeel","format":"[Gen 9] OU","log":"|j|\u2606QuackBarz\n|j|\u2606wisdomeel\n|t:|1700450311\n|gametype|singles\n|player|p1|QuackBarz|266|1253\n|player|p2|wisdomeel|caitlin|1152\n|teamsize|p1|6\n|teamsize|p2|6\n|gen|9\n|tier|[Gen 9] OU\n|rated|\n|rule|Sleep Clause Mod: Limit one foe put to sleep\n|rule|Species Clause: Limit one of each Pok\u00e9mon\n|rule|OHKO Clause: OHKO moves are banned\n|rule|Evasion Items Clause: Evasion items are banned\n|rule|Evasion Moves Clause: Evasion moves are banned\n|rule|Endless Battle Clause: Forcing endless battles is banned\n|rule|HP Percentage Mod: HP is shown in percentages\n|clearpoke\n|poke|p1|Scizor, M|\n|poke|p1|Gastrodon, F|\n|poke|p1|Landorus-Therian, M|\n|poke|p1|Zapdos|\n|poke|p1|Gengar, M|\n|poke|p1|Dragapult, M|\n|poke|p2|Tornadus-Therian, M|\n|poke|p2|Garganacl, F|\n|poke|p2|Kommo-o, F|\n|poke|p2|Thundurus-Therian, M|\n|poke|p2|Wo-Chien|\n|poke|p2|Muk-Alola, M|\n|teampreview\n|\n|t:|1700450320\n|start\n|switch|p1a: Gengar|Gengar, M|100\/100\n|switch|p2a: Muk|Muk-Alola, M|100\/100\n|turn|1\n|\n|t:|1700450326\n|switch|p1a: Landorus|Landorus-Therian, M|100\/100\n|-ability|p1a: Landorus|Intimidate|boost\n|-unboost|p2a: Muk|atk|1\n|move|p2a: Muk|Knock Off|p1a: Landorus\n|-damage|p1a: Landorus|69\/100\n|-enditem|p1a: Landorus|Eject Button|[from] move: Knock Off|[of] p2a: Muk\n|\n|upkeep\n|turn|2\n|\n|t:|1700450334\n|move|p1a: Landorus|Gravity|p1a: Landorus\n|-fieldstart|move: Gravity\n|move|p2a: Muk|Taunt|p1a: Landorus\n|-start|p1a: Landorus|move: Taunt\n|\n|upkeep\n|turn|3\n|\n|t:|1700450343\n|switch|p2a: Thundurus|Thundurus-Therian, M|100\/100\n|move|p1a: Landorus|Earthquake|p2a: Thundurus\n|-supereffective|p2a: Thundurus\n|-damage|p2a: Thundurus|0 fnt\n|faint|p2a: Thundurus\n|\n|upkeep\n|inactive|Battle timer is ON: inactive players will automatically lose when time's up. (requested by QuackBarz)\n|\n|t:|1700450350\n|switch|p2a: wall 4240|Wo-Chien|100\/100\n|-ability|p2a: wall 4240|Tablets of Ruin\n|turn|4\n|\n|t:|1700450354\n|move|p1a: Landorus|U-turn|p2a: wall 4240\n|-supereffective|p2a: wall 4240\n|-damage|p2a: wall 4240|33\/100\n|\n|t:|1700450360\n|switch|p1a: Scizor|Scizor, M|100\/100|[from] U-turn\n|move|p2a: wall 4240|Leech Seed|p1a: Scizor\n|-start|p1a: Scizor|move: Leech Seed\n|\n|-heal|p2a: wall 4240|39\/100|[from] item: Leftovers\n|-damage|p1a: Scizor|88\/100|[from] Leech Seed|[of] p2a: wall 4240\n|-heal|p2a: wall 4240|50\/100|[silent]\n|upkeep\n|turn|5\n|\n|t:|1700450368\n|-terastallize|p2a: wall 4240|Poison\n|move|p1a: Scizor|U-turn|p2a: wall 4240\n|-resisted|p2a: wall 4240\n|-damage|p2a: wall 4240|31\/100\n|\n|t:|1700450371\n|switch|p1a: Landorus|Landorus-Therian, M|69\/100|[from] U-turn\n|-ability|p1a: Landorus|Intimidate|boost\n|-unboost|p2a: wall 4240|atk|1\n|move|p2a: wall 4240|Giga Drain|p1a: Landorus\n|-damage|p1a: Landorus|36\/100\n|-heal|p2a: wall 4240|45\/100|[from] drain|[of] p1a: Landorus\n|\n|-heal|p2a: wall 4240|51\/100|[from] item: Leftovers\n|upkeep\n|turn|6\n|\n|t:|1700450381\n|move|p2a: wall 4240|Protect|p2a: wall 4240\n|-singleturn|p2a: wall 4240|Protect\n|move|p1a: Landorus|Earthquake|p2a: wall 4240\n|-activate|p2a: wall 4240|move: Protect\n|\n|-heal|p2a: wall 4240|57\/100|[from] item: Leftovers\n|-fieldend|move: Gravity\n|upkeep\n|turn|7\n|\n|t:|1700450389\n|move|p1a: Landorus|Gravity|p1a: Landorus\n|-fieldstart|move: Gravity\n|move|p2a: wall 4240|Leech Seed|p1a: Landorus\n|-start|p1a: Landorus|move: Leech Seed\n|\n|-heal|p2a: wall 4240|63\/100|[from] item: Leftovers\n|-damage|p1a: Landorus|23\/100|[from] Leech Seed|[of] p2a: wall 4240\n|-heal|p2a: wall 4240|74\/100|[silent]\n|upkeep\n|turn|8\n|\n|t:|1700450404\n|switch|p1a: Scizor|Scizor, M|88\/100\n|move|p2a: wall 4240|Protect||[still]\n|-fail|p2a: wall 4240\n|\n|-heal|p2a: wall 4240|80\/100|[from] item: Leftovers\n|upkeep\n|turn|9\n|\n|t:|1700450410\n|move|p1a: Scizor|Knock Off|p2a: wall 4240\n|-damage|p2a: wall 4240|39\/100\n|-enditem|p2a: wall 4240|Leftovers|[from] move: Knock Off|[of] p1a: Scizor\n|move|p2a: wall 4240|Leech Seed|p1a: Scizor\n|-start|p1a: Scizor|move: Leech Seed\n|\n|-damage|p1a: Scizor|76\/100|[from] Leech Seed|[of] p2a: wall 4240\n|-heal|p2a: wall 4240|50\/100|[silent]\n|upkeep\n|turn|10\n|\n|t:|1700450417\n|switch|p1a: Landorus|Landorus-Therian, M|23\/100\n|-ability|p1a: Landorus|Intimidate|boost\n|-unboost|p2a: wall 4240|atk|1\n|move|p2a: wall 4240|Ruination|p1a: Landorus\n|-damage|p1a: Landorus|12\/100\n|\n|upkeep\n|turn|11\n|\n|t:|1700450427\n|move|p1a: Landorus|Earthquake|p2a: wall 4240\n|-supereffective|p2a: wall 4240\n|-crit|p2a: wall 4240\n|-damage|p2a: wall 4240|0 fnt\n|faint|p2a: wall 4240\n|\n|-fieldend|move: Gravity\n|upkeep\n|\n|t:|1700450431\n|switch|p2a: Tornadus|Tornadus-Therian, M|100\/100\n|turn|12\n|\n|t:|1700450437\n|switch|p1a: Zapdos|Zapdos|100\/100\n|move|p2a: Tornadus|Heat Wave|p1a: Zapdos\n|-damage|p1a: Zapdos|56\/100\n|-damage|p2a: Tornadus|91\/100|[from] item: Life Orb\n|\n|upkeep\n|turn|13\n|\n|t:|1700450448\n|move|p2a: Tornadus|Hurricane|p1a: Zapdos\n|-resisted|p1a: Zapdos\n|-damage|p1a: Zapdos|21\/100\n|-damage|p2a: Tornadus|81\/100|[from] item: Life Orb\n|move|p1a: Zapdos|Roost|p1a: Zapdos\n|-heal|p1a: Zapdos|71\/100\n|-singleturn|p1a: Zapdos|move: Roost\n|\n|upkeep\n|turn|14\n|\n|t:|1700450455\n|switch|p2a: Muk|Muk-Alola, M|100\/100\n|move|p1a: Zapdos|Thunder|p2a: Muk\n|-damage|p2a: Muk|41\/100\n|-status|p2a: Muk|par\n|-damage|p1a: Zapdos|61\/100|[from] item: Life Orb\n|\n|-heal|p2a: Muk|47\/100 par|[from] item: Leftovers\n|upkeep\n|turn|15\n|\n|t:|1700450463\n|move|p1a: Zapdos|Tailwind|p1a: Zapdos\n|-sidestart|p1: QuackBarz|move: Tailwind\n|move|p2a: Muk|Gunk Shot|p1a: Zapdos|[miss]\n|-miss|p2a: Muk|p1a: Zapdos\n|\n|-heal|p2a: Muk|53\/100 par|[from] item: Leftovers\n|upkeep\n|turn|16\n|\n|t:|1700450468\n|move|p1a: Zapdos|Thunder|p2a: Muk|[miss]\n|-miss|p1a: Zapdos|p2a: Muk\n|move|p2a: Muk|Knock Off|p1a: Zapdos\n|-damage|p1a: Zapdos|4\/100\n|-enditem|p1a: Zapdos|Life Orb|[from] move: Knock Off|[of] p2a: Muk\n|\n|-heal|p2a: Muk|59\/100 par|[from] item: Leftovers\n|upkeep\n|turn|17\n|\n|t:|1700450477\n|switch|p2a: grendle|Garganacl, F|100\/100\n|move|p1a: Zapdos|Roost|p1a: Zapdos\n|-heal|p1a: Zapdos|54\/100\n|-singleturn|p1a: Zapdos|move: Roost\n|\n|upkeep\n|turn|18\n|\n|t:|1700450482\n|move|p1a: Zapdos|Thunder|p2a: grendle\n|-damage|p2a: grendle|43\/100\n|move|p2a: grendle|Salt Cure|p1a: Zapdos\n|-supereffective|p1a: Zapdos\n|-damage|p1a: Zapdos|13\/100\n|-start|p1a: Zapdos|Salt Cure\n|\n|-heal|p2a: grendle|49\/100|[from] item: Leftovers\n|-damage|p1a: Zapdos|0 fnt|[from] Salt Cure\n|faint|p1a: Zapdos\n|-sideend|p1: QuackBarz|move: Tailwind\n|upkeep\n|\n|t:|1700450488\n|switch|p1a: Landorus|Landorus-Therian, M|12\/100\n|-ability|p1a: Landorus|Intimidate|boost\n|-unboost|p2a: grendle|atk|1\n|turn|19\n|\n|t:|1700450493\n|move|p2a: grendle|Protect|p2a: grendle\n|-singleturn|p2a: grendle|Protect\n|move|p1a: Landorus|U-turn|p2a: grendle\n|-activate|p2a: grendle|move: Protect\n|\n|-heal|p2a: grendle|55\/100|[from] item: Leftovers\n|upkeep\n|turn|20\n|\n|t:|1700450505\n|move|p1a: Landorus|U-turn|p2a: grendle\n|-damage|p2a: grendle|41\/100\n|\n|t:|1700450509\n|switch|p1a: Scizor|Scizor, M|76\/100|[from] U-turn\n|move|p2a: grendle|Salt Cure|p1a: Scizor\n|-damage|p1a: Scizor|66\/100\n|-start|p1a: Scizor|Salt Cure\n|\n|-heal|p2a: grendle|48\/100|[from] item: Leftovers\n|-damage|p1a: Scizor|41\/100|[from] Salt Cure\n|upkeep\n|turn|21\n|\n|t:|1700450517\n|switch|p1a: Landorus|Landorus-Therian, M|12\/100\n|-ability|p1a: Landorus|Intimidate|boost\n|-unboost|p2a: grendle|atk|1\n|move|p2a: grendle|Recover|p2a: grendle\n|-heal|p2a: grendle|98\/100\n|\n|-heal|p2a: grendle|100\/100|[from] item: Leftovers\n|upkeep\n|turn|22\n|\n|t:|1700450525\n|move|p1a: Landorus|Earthquake|p2a: grendle\n|-supereffective|p2a: grendle\n|-damage|p2a: grendle|38\/100\n|move|p2a: grendle|Salt Cure|p1a: Landorus\n|-damage|p1a: Landorus|4\/100\n|-start|p1a: Landorus|Salt Cure\n|\n|-heal|p2a: grendle|44\/100|[from] item: Leftovers\n|-damage|p1a: Landorus|0 fnt|[from] Salt Cure\n|faint|p1a: Landorus\n|upkeep\n|\n|t:|1700450528\n|switch|p1a: Scizor|Scizor, M|41\/100\n|turn|23\n|\n|t:|1700450533\n|move|p1a: Scizor|Bullet Punch|p2a: grendle\n|-supereffective|p2a: grendle\n|-damage|p2a: grendle|0 fnt\n|faint|p2a: grendle\n|\n|upkeep\n|\n|t:|1700450537\n|switch|p2a: Muk|Muk-Alola, M|59\/100 par\n|turn|24\n|\n|t:|1700450543\n|switch|p1a: Gastrodon|Gastrodon, F|100\/100\n|move|p2a: Muk|Knock Off|p1a: Gastrodon\n|-crit|p1a: Gastrodon\n|-damage|p1a: Gastrodon|43\/100\n|-status|p1a: Gastrodon|psn|[from] ability: Poison Touch|[of] p2a: Muk\n|-enditem|p1a: Gastrodon|Leftovers|[from] move: Knock Off|[of] p2a: Muk\n|\n|-heal|p2a: Muk|65\/100 par|[from] item: Leftovers\n|-damage|p1a: Gastrodon|30\/100 psn|[from] psn\n|upkeep\n|turn|25\n|\n|t:|1700450553\n|move|p1a: Gastrodon|Ice Beam|p2a: Muk\n|-damage|p2a: Muk|46\/100 par\n|move|p2a: Muk|Gunk Shot|p1a: Gastrodon\n|-resisted|p1a: Gastrodon\n|-damage|p1a: Gastrodon|6\/100 psn\n|\n|-heal|p2a: Muk|52\/100 par|[from] item: Leftovers\n|-damage|p1a: Gastrodon|0 fnt|[from] psn\n|faint|p1a: Gastrodon\n|upkeep\n|\n|t:|1700450558\n|switch|p1a: Dragapult|Dragapult, M|100\/100\n|turn|26\n|\n|t:|1700450561\n|move|p1a: Dragapult|Substitute|p1a: Dragapult\n|-start|p1a: Dragapult|Substitute\n|-damage|p1a: Dragapult|76\/100\n|cant|p2a: Muk|par\n|\n|-heal|p1a: Dragapult|82\/100|[from] item: Leftovers\n|-heal|p2a: Muk|58\/100 par|[from] item: Leftovers\n|upkeep\n|turn|27\n|\n|t:|1700450565\n|move|p1a: Dragapult|Dragon Dance|p1a: Dragapult\n|-boost|p1a: Dragapult|atk|1\n|-boost|p1a: Dragapult|spe|1\n|move|p2a: Muk|Knock Off|p1a: Dragapult\n|-supereffective|p1a: Dragapult\n|-end|p1a: Dragapult|Substitute\n|\n|-heal|p1a: Dragapult|88\/100|[from] item: Leftovers\n|-heal|p2a: Muk|65\/100 par|[from] item: Leftovers\n|upkeep\n|turn|28\n|\n|t:|1700450568\n|move|p1a: Dragapult|Substitute|p1a: Dragapult\n|-start|p1a: Dragapult|Substitute\n|-damage|p1a: Dragapult|63\/100\n|move|p2a: Muk|Knock Off|p1a: Dragapult\n|-supereffective|p1a: Dragapult\n|-end|p1a: Dragapult|Substitute\n|\n|-heal|p1a: Dragapult|69\/100|[from] item: Leftovers\n|-heal|p2a: Muk|71\/100 par|[from] item: Leftovers\n|upkeep\n|turn|29\n|\n|t:|1700450572\n|move|p1a: Dragapult|Substitute|p1a: Dragapult\n|-start|p1a: Dragapult|Substitute\n|-damage|p1a: Dragapult|44\/100\n|move|p2a: Muk|Knock Off|p1a: Dragapult\n|-supereffective|p1a: Dragapult\n|-end|p1a: Dragapult|Substitute\n|\n|-heal|p1a: Dragapult|50\/100|[from] item: Leftovers\n|-heal|p2a: Muk|77\/100 par|[from] item: Leftovers\n|upkeep\n|turn|30\n|\n|t:|1700450577\n|move|p1a: Dragapult|Substitute|p1a: Dragapult\n|-start|p1a: Dragapult|Substitute\n|-damage|p1a: Dragapult|25\/100\n|move|p2a: Muk|Knock Off|p1a: Dragapult\n|-supereffective|p1a: Dragapult\n|-end|p1a: Dragapult|Substitute\n|\n|-heal|p1a: Dragapult|31\/100|[from] item: Leftovers\n|-heal|p2a: Muk|83\/100 par|[from] item: Leftovers\n|upkeep\n|turn|31\n|\n|t:|1700450583\n|move|p1a: Dragapult|Substitute|p1a: Dragapult\n|-start|p1a: Dragapult|Substitute\n|-damage|p1a: Dragapult|6\/100\n|cant|p2a: Muk|par\n|\n|-heal|p1a: Dragapult|12\/100|[from] item: Leftovers\n|-heal|p2a: Muk|89\/100 par|[from] item: Leftovers\n|upkeep\n|turn|32\n|\n|t:|1700450587\n|move|p1a: Dragapult|Dragon Darts|p2a: Muk\n|-damage|p2a: Muk|48\/100 par\n|-anim|p1a: Dragapult|Dragon Darts|p2a: Muk\n|-damage|p2a: Muk|2\/100 par\n|move|p2a: Muk|Knock Off|p1a: Dragapult\n|-supereffective|p1a: Dragapult\n|-end|p1a: Dragapult|Substitute\n|\n|-heal|p1a: Dragapult|18\/100|[from] item: Leftovers\n|-heal|p2a: Muk|8\/100 par|[from] item: Leftovers\n|upkeep\n|turn|33\n|\n|t:|1700450595\n|move|p1a: Dragapult|Dragon Darts|p2a: Muk\n|-damage|p2a: Muk|0 fnt\n|faint|p2a: Muk\n|\n|-heal|p1a: Dragapult|24\/100|[from] item: Leftovers\n|upkeep\n|\n|t:|1700450600\n|switch|p2a: Tornadus|Tornadus-Therian, M|100\/100\n|turn|34\n|\n|t:|1700450605\n|-terastallize|p1a: Dragapult|Dragon\n|move|p1a: Dragapult|Dragon Darts|p2a: Tornadus\n|-damage|p2a: Tornadus|25\/100\n|-anim|p1a: Dragapult|Dragon Darts|p2a: Tornadus\n|-damage|p2a: Tornadus|0 fnt\n|faint|p2a: Tornadus\n|\n|-heal|p1a: Dragapult|30\/100|[from] item: Leftovers\n|upkeep\n|\n|t:|1700450608\n|switch|p2a: Kommo-o|Kommo-o, F|100\/100\n|turn|35\n|\n|t:|1700450613\n|move|p1a: Dragapult|Dragon Darts|p2a: Kommo-o\n|-supereffective|p2a: Kommo-o\n|-damage|p2a: Kommo-o|24\/100\n|-anim|p1a: Dragapult|Dragon Darts|p2a: Kommo-o\n|-supereffective|p2a: Kommo-o\n|-damage|p2a: Kommo-o|0 fnt\n|faint|p2a: Kommo-o\n|\n|win|QuackBarz\n|raw|QuackBarz's rating: 1253 &rarr; <strong>1271<\/strong><br \/>(+18 for winning)\n|raw|wisdomeel's rating: 1152 &rarr; <strong>1134<\/strong><br \/>(-18 for losing)\n|l|\u2606wisdomeel\n","uploadtime":1700450631,"views":10,"p1id":"quackbarz","p2id":"wisdomeel","formatid":"gen9ou","rating":1134,"private":0,"password":""}