{"id":"gen9ou-1997220384","p1":"EseAkai","p2":"Patosforever","format":"[Gen 9] OU","log":"|j|\u2606EseAkai\n|j|\u2606Patosforever\n|t:|1700777027\n|gametype|singles\n|player|p1|EseAkai|guitarist|1089\n|player|p2|Patosforever|1|1116\n|teamsize|p1|6\n|teamsize|p2|6\n|gen|9\n|tier|[Gen 9] OU\n|rated|\n|rule|Sleep Clause Mod: Limit one foe put to sleep\n|rule|Species Clause: Limit one of each Pok\u00e9mon\n|rule|OHKO Clause: OHKO moves are banned\n|rule|Evasion Items Clause: Evasion items are banned\n|rule|Evasion Moves Clause: Evasion moves are banned\n|rule|Endless Battle Clause: Forcing endless battles is banned\n|rule|HP Percentage Mod: HP is shown in percentages\n|clearpoke\n|poke|p1|Samurott-Hisui, M|\n|poke|p1|Ting-Lu|\n|poke|p1|Ceruledge, M|\n|poke|p1|Gholdengo|\n|poke|p1|Volcanion|\n|poke|p1|Thundurus-Therian, M|\n|poke|p2|Crawdaunt, F|\n|poke|p2|Clefable, F|\n|poke|p2|Ribombee, F|\n|poke|p2|Sinistcha-Masterpiece|\n|poke|p2|Great Tusk|\n|poke|p2|Ceruledge, F|\n|teampreview\n|\n|t:|1700777038\n|start\n|switch|p1a: Samurott|Samurott-Hisui, M, shiny|100\/100\n|switch|p2a: Great Tusk|Great Tusk|100\/100\n|turn|1\n|\n|t:|1700777048\n|move|p2a: Great Tusk|Close Combat|p1a: Samurott\n|-supereffective|p1a: Samurott\n|-enditem|p1a: Samurott|Focus Sash\n|-damage|p1a: Samurott|1\/100\n|-unboost|p2a: Great Tusk|def|1\n|-unboost|p2a: Great Tusk|spd|1\n|move|p1a: Samurott|Razor Shell|p2a: Great Tusk\n|-supereffective|p2a: Great Tusk\n|-damage|p2a: Great Tusk|0 fnt\n|faint|p2a: Great Tusk\n|-end|p2a: Great Tusk|Protosynthesis|[silent]\n|\n|upkeep\n|\n|t:|1700777051\n|switch|p2a: Ceruledge|Ceruledge, F|100\/100\n|turn|2\n|\n|t:|1700777063\n|move|p2a: Ceruledge|Shadow Sneak|p1a: Samurott\n|-resisted|p1a: Samurott\n|-damage|p1a: Samurott|0 fnt\n|faint|p1a: Samurott\n|\n|upkeep\n|inactive|Battle timer is ON: inactive players will automatically lose when time's up. (requested by Patosforever)\n|\n|t:|1700777086\n|switch|p1a: Khimbid karawita|Volcanion|100\/100\n|turn|3\n|\n|t:|1700777092\n|switch|p2a: Sinistcha|Sinistcha-Masterpiece|100\/100\n|move|p1a: Khimbid karawita|Steam Eruption|p2a: Sinistcha\n|-resisted|p2a: Sinistcha\n|-damage|p2a: Sinistcha|69\/100\n|\n|-heal|p2a: Sinistcha|75\/100|[from] item: Leftovers\n|upkeep\n|turn|4\n|\n|t:|1700777101\n|move|p2a: Sinistcha|Calm Mind|p2a: Sinistcha\n|-boost|p2a: Sinistcha|spa|1\n|-boost|p2a: Sinistcha|spd|1\n|move|p1a: Khimbid karawita|Flamethrower|p2a: Sinistcha\n|-supereffective|p2a: Sinistcha\n|-damage|p2a: Sinistcha|39\/100\n|-status|p2a: Sinistcha|brn\n|\n|-heal|p2a: Sinistcha|46\/100 brn|[from] item: Leftovers\n|-damage|p2a: Sinistcha|43\/100 brn|[from] brn\n|upkeep\n|turn|5\n|\n|t:|1700777114\n|move|p2a: Sinistcha|Matcha Gotcha|p1a: Khimbid karawita\n|-damage|p1a: Khimbid karawita|38\/100\n|-heal|p2a: Sinistcha|73\/100 brn|[from] drain|[of] p1a: Khimbid karawita\n|move|p1a: Khimbid karawita|Flamethrower|p2a: Sinistcha\n|-supereffective|p2a: Sinistcha\n|-damage|p2a: Sinistcha|36\/100 brn\n|\n|-heal|p2a: Sinistcha|42\/100 brn|[from] item: Leftovers\n|-damage|p2a: Sinistcha|39\/100 brn|[from] brn\n|upkeep\n|turn|6\n|\n|t:|1700777138\n|switch|p1a: Ceruledge|Ceruledge, M|100\/100\n|move|p2a: Sinistcha|Matcha Gotcha|p1a: Ceruledge\n|-resisted|p1a: Ceruledge\n|-damage|p1a: Ceruledge|70\/100\n|-heal|p2a: Sinistcha|52\/100 brn|[from] drain|[of] p1a: Ceruledge\n|\n|-heal|p2a: Sinistcha|58\/100 brn|[from] item: Leftovers\n|-damage|p2a: Sinistcha|55\/100 brn|[from] brn\n|upkeep\n|turn|7\n|\n|t:|1700777153\n|move|p1a: Ceruledge|Bitter Blade|p2a: Sinistcha\n|-supereffective|p2a: Sinistcha\n|-damage|p2a: Sinistcha|11\/100 brn\n|-heal|p1a: Ceruledge|96\/100|[from] drain|[of] p2a: Sinistcha\n|move|p2a: Sinistcha|Shadow Ball|p1a: Ceruledge\n|-supereffective|p1a: Ceruledge\n|-damage|p1a: Ceruledge|0 fnt\n|faint|p1a: Ceruledge\n|\n|-heal|p2a: Sinistcha|17\/100 brn|[from] item: Leftovers\n|-damage|p2a: Sinistcha|14\/100 brn|[from] brn\n|upkeep\n|inactive|EseAkai has 120 seconds left.\n|\n|t:|1700777172\n|switch|p1a: Thundurus|Thundurus-Therian, M|100\/100\n|turn|8\n|\n|t:|1700777184\n|switch|p2a: Clefable|Clefable, F|100\/100\n|move|p1a: Thundurus|Volt Switch|p2a: Clefable\n|-damage|p2a: Clefable|56\/100\n|\n|t:|1700777191\n|switch|p1a: Gholdengo|Gholdengo|100\/100|[from] Volt Switch\n|\n|-heal|p2a: Clefable|62\/100|[from] item: Leftovers\n|upkeep\n|turn|9\n|\n|t:|1700777198\n|move|p1a: Gholdengo|Make It Rain|p2a: Clefable\n|-supereffective|p2a: Clefable\n|-damage|p2a: Clefable|0 fnt\n|-unboost|p1a: Gholdengo|spa|1\n|faint|p2a: Clefable\n|\n|upkeep\n|\n|t:|1700777204\n|switch|p2a: Crawdaunt|Crawdaunt, F|100\/100\n|turn|10\n|inactive|EseAkai has 120 seconds left.\n|\n|t:|1700777237\n|switch|p1a: Thundurus|Thundurus-Therian, M|100\/100\n|move|p2a: Crawdaunt|Dragon Dance|p2a: Crawdaunt\n|-boost|p2a: Crawdaunt|atk|1\n|-boost|p2a: Crawdaunt|spe|1\n|\n|upkeep\n|turn|11\n|\n|t:|1700777247\n|move|p1a: Thundurus|Grass Knot|p2a: Crawdaunt\n|-supereffective|p2a: Crawdaunt\n|-damage|p2a: Crawdaunt|0 fnt\n|faint|p2a: Crawdaunt\n|\n|upkeep\n|\n|t:|1700777250\n|switch|p2a: Ribombee|Ribombee, F|100\/100\n|turn|12\n|\n|t:|1700777263\n|switch|p1a: Ting-Lu|Ting-Lu|100\/100\n|-ability|p1a: Ting-Lu|Vessel of Ruin\n|-terastallize|p2a: Ribombee|Ground\n|move|p2a: Ribombee|Quiver Dance|p2a: Ribombee\n|-boost|p2a: Ribombee|spa|1\n|-boost|p2a: Ribombee|spd|1\n|-boost|p2a: Ribombee|spe|1\n|\n|upkeep\n|turn|13\n|\n|t:|1700777274\n|move|p2a: Ribombee|Quiver Dance|p2a: Ribombee\n|-boost|p2a: Ribombee|spa|1\n|-boost|p2a: Ribombee|spd|1\n|-boost|p2a: Ribombee|spe|1\n|move|p1a: Ting-Lu|Whirlwind|p2a: Ribombee\n|drag|p2a: Ceruledge|Ceruledge, F|100\/100\n|\n|upkeep\n|turn|14\n|\n|t:|1700777285\n|switch|p2a: Sinistcha|Sinistcha-Masterpiece|14\/100 brn\n|move|p1a: Ting-Lu|Earthquake|p2a: Sinistcha\n|-resisted|p2a: Sinistcha\n|-damage|p2a: Sinistcha|0 fnt\n|faint|p2a: Sinistcha\n|\n|upkeep\n|\n|t:|1700777293\n|switch|p2a: Ceruledge|Ceruledge, F|100\/100\n|turn|15\n|\n|t:|1700777298\n|move|p2a: Ceruledge|Bitter Blade|p1a: Ting-Lu\n|-damage|p1a: Ting-Lu|78\/100\n|move|p1a: Ting-Lu|Earthquake|p2a: Ceruledge\n|-supereffective|p2a: Ceruledge\n|-damage|p2a: Ceruledge|6\/100\n|\n|-heal|p1a: Ting-Lu|84\/100|[from] item: Leftovers\n|upkeep\n|turn|16\n|\n|t:|1700777307\n|move|p2a: Ceruledge|Bitter Blade|p1a: Ting-Lu\n|-damage|p1a: Ting-Lu|60\/100\n|-heal|p2a: Ceruledge|27\/100|[from] drain|[of] p1a: Ting-Lu\n|move|p1a: Ting-Lu|Earthquake|p2a: Ceruledge\n|-supereffective|p2a: Ceruledge\n|-damage|p2a: Ceruledge|0 fnt\n|faint|p2a: Ceruledge\n|\n|-heal|p1a: Ting-Lu|66\/100|[from] item: Leftovers\n|upkeep\n|\n|t:|1700777310\n|switch|p2a: Ribombee|Ribombee, F, tera:Ground|100\/100\n|turn|17\n|\n|t:|1700777326\n|switch|p1a: Khimbid karawita|Volcanion|38\/100\n|move|p2a: Ribombee|Quiver Dance|p2a: Ribombee\n|-boost|p2a: Ribombee|spa|1\n|-boost|p2a: Ribombee|spd|1\n|-boost|p2a: Ribombee|spe|1\n|\n|upkeep\n|turn|18\n|\n|t:|1700777336\n|move|p2a: Ribombee|Tera Blast|p1a: Khimbid karawita|[anim] Tera Blast Ground\n|-supereffective|p1a: Khimbid karawita\n|-damage|p1a: Khimbid karawita|0 fnt\n|faint|p1a: Khimbid karawita\n|\n|upkeep\n|\n|t:|1700777342\n|switch|p1a: Thundurus|Thundurus-Therian, M|100\/100\n|turn|19\n|\n|t:|1700777345\n|move|p2a: Ribombee|Draining Kiss|p1a: Thundurus\n|-damage|p1a: Thundurus|58\/100\n|move|p1a: Thundurus|Grass Knot|p2a: Ribombee\n|-supereffective|p2a: Ribombee\n|-damage|p2a: Ribombee|72\/100\n|\n|upkeep\n|turn|20\n|\n|t:|1700777353\n|move|p2a: Ribombee|Quiver Dance|p2a: Ribombee\n|-boost|p2a: Ribombee|spa|1\n|-boost|p2a: Ribombee|spd|1\n|-boost|p2a: Ribombee|spe|1\n|move|p1a: Thundurus|Grass Knot|p2a: Ribombee\n|-supereffective|p2a: Ribombee\n|-damage|p2a: Ribombee|53\/100\n|\n|upkeep\n|turn|21\n|\n|t:|1700777363\n|move|p2a: Ribombee|Quiver Dance|p2a: Ribombee\n|-boost|p2a: Ribombee|spa|1\n|-boost|p2a: Ribombee|spd|1\n|-boost|p2a: Ribombee|spe|1\n|move|p1a: Thundurus|Grass Knot|p2a: Ribombee\n|-supereffective|p2a: Ribombee\n|-damage|p2a: Ribombee|37\/100\n|\n|upkeep\n|turn|22\n|\n|t:|1700777376\n|switch|p1a: Gholdengo|Gholdengo|100\/100\n|move|p2a: Ribombee|Draining Kiss|p1a: Gholdengo\n|-resisted|p1a: Gholdengo\n|-damage|p1a: Gholdengo|71\/100\n|-heal|p2a: Ribombee|61\/100|[from] drain|[of] p1a: Gholdengo\n|\n|upkeep\n|turn|23\n|\n|t:|1700777390\n|move|p2a: Ribombee|Tera Blast|p1a: Gholdengo|[anim] Tera Blast Ground\n|-supereffective|p1a: Gholdengo\n|-crit|p1a: Gholdengo\n|-damage|p1a: Gholdengo|0 fnt\n|faint|p1a: Gholdengo\n|\n|upkeep\n|\n|t:|1700777399\n|switch|p1a: Thundurus|Thundurus-Therian, M|58\/100\n|turn|24\n|\n|t:|1700777406\n|move|p2a: Ribombee|Draining Kiss|p1a: Thundurus\n|-damage|p1a: Thundurus|0 fnt\n|-heal|p2a: Ribombee|100\/100|[from] drain|[of] p1a: Thundurus\n|faint|p1a: Thundurus\n|\n|upkeep\n|-message|EseAkai forfeited.\n|\n|win|Patosforever\n|raw|EseAkai's rating: 1089 &rarr; <strong>1067<\/strong><br \/>(-22 for losing)\n|raw|Patosforever's rating: 1116 &rarr; <strong>1139<\/strong><br \/>(+23 for winning)\n|l|\u2606EseAkai\n","uploadtime":1700777422,"views":5,"p1id":"eseakai","p2id":"patosforever","formatid":"gen9ou","rating":1067,"private":0,"password":""}