{"id":"gen9ou-1998033797","p1":"Coolestkidyo","p2":"firstimpression1","format":"[Gen 9] OU","log":"|j|\u2606Coolestkidyo\n|j|\u2606firstimpression1\n|t:|1700881598\n|gametype|singles\n|player|p1|Coolestkidyo|265|1451\n|player|p2|firstimpression1|101|1378\n|teamsize|p1|6\n|teamsize|p2|6\n|gen|9\n|tier|[Gen 9] OU\n|rated|\n|rule|Sleep Clause Mod: Limit one foe put to sleep\n|rule|Species Clause: Limit one of each Pok\u00e9mon\n|rule|OHKO Clause: OHKO moves are banned\n|rule|Evasion Items Clause: Evasion items are banned\n|rule|Evasion Moves Clause: Evasion moves are banned\n|rule|Endless Battle Clause: Forcing endless battles is banned\n|rule|HP Percentage Mod: HP is shown in percentages\n|clearpoke\n|poke|p1|Glimmora, M|\n|poke|p1|Great Tusk|\n|poke|p1|Sandy Shocks|\n|poke|p1|Greninja-*, M|\n|poke|p1|Goodra-Hisui, M|\n|poke|p1|Enamorus-Therian, F|\n|poke|p2|Rillaboom, F|\n|poke|p2|Dragonite, M|\n|poke|p2|Great Tusk|\n|poke|p2|Heatran, M|\n|poke|p2|Mandibuzz, F|\n|poke|p2|Slowking-Galar, M|\n|teampreview\n|inactive|Battle timer is ON: inactive players will automatically lose when time's up. (requested by Coolestkidyo)\n|\n|t:|1700881607\n|start\n|switch|p1a: Greninja|Greninja, M|100\/100\n|switch|p2a: Great Tusk|Great Tusk|100\/100\n|turn|1\n|\n|t:|1700881616\n|-end|p2a: Great Tusk|Protosynthesis|[silent]\n|switch|p2a: Slowking|Slowking-Galar, M|100\/100\n|move|p1a: Greninja|Ice Beam|p2a: Slowking\n|-damage|p2a: Slowking|80\/100\n|\n|upkeep\n|turn|2\n|\n|t:|1700881634\n|switch|p1a: Goodra|Goodra-Hisui, M|100\/100\n|move|p2a: Slowking|Chilly Reception|p2a: Slowking\n|-weather|Snow\n|\n|t:|1700881640\n|switch|p2a: Great Tusk|Great Tusk|100\/100|[from] Chilly Reception\n|\n|-weather|Snow|[upkeep]\n|upkeep\n|turn|3\n|\n|t:|1700881645\n|switch|p1a: Enamorus|Enamorus-Therian, F|100\/100\n|move|p2a: Great Tusk|Close Combat|p1a: Enamorus\n|-resisted|p1a: Enamorus\n|-damage|p1a: Enamorus|78\/100\n|-unboost|p2a: Great Tusk|def|1\n|-unboost|p2a: Great Tusk|spd|1\n|\n|-weather|Snow|[upkeep]\n|-heal|p1a: Enamorus|84\/100|[from] item: Leftovers\n|upkeep\n|turn|4\n|\n|t:|1700881648\n|-end|p2a: Great Tusk|Protosynthesis|[silent]\n|switch|p2a: Heatran|Heatran, M|100\/100\n|move|p1a: Enamorus|Draining Kiss|p2a: Heatran\n|-resisted|p2a: Heatran\n|-damage|p2a: Heatran|96\/100\n|-heal|p1a: Enamorus|88\/100|[from] drain|[of] p2a: Heatran\n|\n|-weather|Snow|[upkeep]\n|-heal|p2a: Heatran|100\/100|[from] item: Leftovers\n|-heal|p1a: Enamorus|95\/100|[from] item: Leftovers\n|upkeep\n|turn|5\n|\n|t:|1700881653\n|move|p2a: Heatran|Magma Storm|p1a: Enamorus\n|-damage|p1a: Enamorus|54\/100\n|-activate|p1a: Enamorus|move: Magma Storm|[of] p2a: Heatran\n|move|p1a: Enamorus|Earth Power|p2a: Heatran\n|-supereffective|p2a: Heatran\n|-damage|p2a: Heatran|10\/100\n|\n|-weather|Snow|[upkeep]\n|-heal|p2a: Heatran|17\/100|[from] item: Leftovers\n|-heal|p1a: Enamorus|61\/100|[from] item: Leftovers\n|-damage|p1a: Enamorus|48\/100|[from] move: Magma Storm|[partiallytrapped]\n|upkeep\n|turn|6\n|\n|t:|1700881665\n|move|p2a: Heatran|Protect|p2a: Heatran\n|-singleturn|p2a: Heatran|Protect\n|move|p1a: Enamorus|Earth Power|p2a: Heatran\n|-activate|p2a: Heatran|move: Protect\n|\n|-weather|none\n|-heal|p2a: Heatran|23\/100|[from] item: Leftovers\n|-heal|p1a: Enamorus|54\/100|[from] item: Leftovers\n|-damage|p1a: Enamorus|42\/100|[from] move: Magma Storm|[partiallytrapped]\n|upkeep\n|turn|7\n|\n|t:|1700881669\n|switch|p2a: Mandibuzz|Mandibuzz, F|100\/100\n|move|p1a: Enamorus|Earth Power|p2a: Mandibuzz\n|-immune|p2a: Mandibuzz\n|\n|-heal|p1a: Enamorus|48\/100|[from] item: Leftovers\n|-end|p1a: Enamorus|Magma Storm|[partiallytrapped]|[silent]\n|upkeep\n|turn|8\n|\n|t:|1700881688\n|switch|p2a: Slowking|Slowking-Galar, M|100\/100\n|move|p1a: Enamorus|Draining Kiss|p2a: Slowking\n|-resisted|p2a: Slowking\n|-damage|p2a: Slowking|89\/100\n|-heal|p1a: Enamorus|58\/100|[from] drain|[of] p2a: Slowking\n|\n|-heal|p1a: Enamorus|64\/100|[from] item: Leftovers\n|upkeep\n|turn|9\n|\n|t:|1700881693\n|switch|p1a: Goodra|Goodra-Hisui, M|100\/100\n|move|p2a: Slowking|Chilly Reception|p2a: Slowking\n|-weather|Snow\n|\n|t:|1700881696\n|switch|p2a: Heatran|Heatran, M|23\/100|[from] Chilly Reception\n|\n|-weather|Snow|[upkeep]\n|-heal|p2a: Heatran|29\/100|[from] item: Leftovers\n|upkeep\n|turn|10\n|\n|t:|1700881708\n|move|p2a: Heatran|Protect|p2a: Heatran\n|-singleturn|p2a: Heatran|Protect\n|move|p1a: Goodra|Dragon Breath|p2a: Heatran\n|-activate|p2a: Heatran|move: Protect\n|\n|-weather|Snow|[upkeep]\n|-heal|p2a: Heatran|35\/100|[from] item: Leftovers\n|upkeep\n|turn|11\n|\n|t:|1700881721\n|move|p2a: Heatran|Magma Storm|p1a: Goodra|[miss]\n|-miss|p2a: Heatran|p1a: Goodra\n|move|p1a: Goodra|Dragon Breath|p2a: Heatran\n|-resisted|p2a: Heatran\n|-damage|p2a: Heatran|27\/100\n|\n|-weather|Snow|[upkeep]\n|-heal|p2a: Heatran|34\/100|[from] item: Leftovers\n|upkeep\n|turn|12\n|\n|t:|1700881727\n|switch|p1a: Greninja|Greninja, M|100\/100\n|move|p2a: Heatran|Magma Storm|p1a: Greninja\n|-resisted|p1a: Greninja\n|-crit|p1a: Greninja\n|-damage|p1a: Greninja|48\/100\n|-activate|p1a: Greninja|move: Magma Storm|[of] p2a: Heatran\n|\n|-weather|Snow|[upkeep]\n|-heal|p2a: Heatran|40\/100|[from] item: Leftovers\n|-damage|p1a: Greninja|36\/100|[from] move: Magma Storm|[partiallytrapped]\n|upkeep\n|turn|13\n|\n|t:|1700881735\n|move|p2a: Heatran|Protect|p2a: Heatran\n|-singleturn|p2a: Heatran|Protect\n|move|p1a: Greninja|Dark Pulse|p2a: Heatran\n|-activate|p2a: Heatran|move: Protect\n|\n|-weather|none\n|-heal|p2a: Heatran|46\/100|[from] item: Leftovers\n|-damage|p1a: Greninja|24\/100|[from] move: Magma Storm|[partiallytrapped]\n|upkeep\n|turn|14\n|\n|t:|1700881744\n|switch|p2a: Great Tusk|Great Tusk|100\/100\n|move|p1a: Greninja|Water Shuriken|p2a: Great Tusk\n|-supereffective|p2a: Great Tusk\n|-damage|p2a: Great Tusk|78\/100\n|-supereffective|p2a: Great Tusk\n|-damage|p2a: Great Tusk|56\/100\n|-supereffective|p2a: Great Tusk\n|-damage|p2a: Great Tusk|35\/100\n|-supereffective|p2a: Great Tusk\n|-damage|p2a: Great Tusk|14\/100\n|-supereffective|p2a: Great Tusk\n|-crit|p2a: Great Tusk\n|-damage|p2a: Great Tusk|0 fnt\n|faint|p2a: Great Tusk\n|-end|p2a: Great Tusk|Protosynthesis|[silent]\n|-ability|p1a: Greninja|Battle Bond|boost\n|-boost|p1a: Greninja|atk|1\n|-boost|p1a: Greninja|spa|1\n|-boost|p1a: Greninja|spe|1\n|-activate|p1a: Greninja|ability: Battle Bond\n|-hitcount|p2: Great Tusk|5\n|\n|-end|p1a: Greninja|Magma Storm|[partiallytrapped]|[silent]\n|upkeep\n|\n|t:|1700881750\n|switch|p2a: Rillaboom|Rillaboom, F|100\/100\n|-fieldstart|move: Grassy Terrain|[from] ability: Grassy Surge|[of] p2a: Rillaboom\n|turn|15\n|\n|t:|1700881757\n|move|p1a: Greninja|Water Shuriken|p2a: Rillaboom\n|-resisted|p2a: Rillaboom\n|-damage|p2a: Rillaboom|93\/100\n|-resisted|p2a: Rillaboom\n|-damage|p2a: Rillaboom|86\/100\n|-resisted|p2a: Rillaboom\n|-damage|p2a: Rillaboom|78\/100\n|-resisted|p2a: Rillaboom\n|-damage|p2a: Rillaboom|71\/100\n|-hitcount|p2a: Rillaboom|4\n|move|p2a: Rillaboom|Grassy Glide|p1a: Greninja\n|-supereffective|p1a: Greninja\n|-damage|p1a: Greninja|0 fnt\n|faint|p1a: Greninja\n|\n|-heal|p2a: Rillaboom|77\/100|[from] Grassy Terrain\n|upkeep\n|\n|t:|1700881762\n|switch|p1a: Glimmora|Glimmora, M|100\/100\n|turn|16\n|\n|t:|1700881766\n|move|p2a: Rillaboom|Grassy Glide|p1a: Glimmora\n|-damage|p1a: Glimmora|27\/100\n|-activate|p1a: Glimmora|ability: Toxic Debris\n|-sidestart|p2: firstimpression1|move: Toxic Spikes\n|move|p1a: Glimmora|Power Gem|p2a: Rillaboom\n|-damage|p2a: Rillaboom|0 fnt\n|faint|p2a: Rillaboom\n|\n|-heal|p1a: Glimmora|34\/100|[from] Grassy Terrain\n|upkeep\n|\n|t:|1700881780\n|switch|p2a: Slowking|Slowking-Galar, M|100\/100\n|-sideend|p2: firstimpression1|move: Toxic Spikes|[of] p2a: Slowking\n|turn|17\n|\n|t:|1700881788\n|move|p1a: Glimmora|Power Gem|p2a: Slowking\n|-damage|p2a: Slowking|49\/100\n|move|p2a: Slowking|Flamethrower|p1a: Glimmora\n|-resisted|p1a: Glimmora\n|-damage|p1a: Glimmora|18\/100\n|\n|-heal|p1a: Glimmora|24\/100|[from] Grassy Terrain\n|-heal|p2a: Slowking|55\/100|[from] Grassy Terrain\n|upkeep\n|turn|18\n|\n|t:|1700881801\n|switch|p1a: Goodra|Goodra-Hisui, M|100\/100\n|move|p2a: Slowking|Ice Beam|p1a: Goodra\n|-damage|p1a: Goodra|91\/100\n|\n|-heal|p1a: Goodra|97\/100|[from] Grassy Terrain\n|-heal|p2a: Slowking|61\/100|[from] Grassy Terrain\n|upkeep\n|turn|19\n|\n|t:|1700881809\n|move|p1a: Goodra|Dragon Breath|p2a: Slowking\n|-damage|p2a: Slowking|39\/100\n|move|p2a: Slowking|Chilly Reception|p2a: Slowking\n|-weather|Snow\n|\n|t:|1700881813\n|switch|p2a: Heatran|Heatran, M|46\/100|[from] Chilly Reception\n|\n|-weather|Snow|[upkeep]\n|-heal|p2a: Heatran|52\/100|[from] Grassy Terrain\n|-heal|p2a: Heatran|59\/100|[from] item: Leftovers\n|-heal|p1a: Goodra|100\/100|[from] Grassy Terrain\n|-fieldend|move: Grassy Terrain\n|upkeep\n|turn|20\n|\n|t:|1700881819\n|switch|p1a: Sandy Shocks|Sandy Shocks|100\/100\n|-enditem|p1a: Sandy Shocks|Booster Energy\n|-activate|p1a: Sandy Shocks|ability: Protosynthesis|[fromitem]\n|-start|p1a: Sandy Shocks|protosynthesisspe\n|move|p2a: Heatran|Magma Storm|p1a: Sandy Shocks\n|-damage|p1a: Sandy Shocks|51\/100\n|-activate|p1a: Sandy Shocks|move: Magma Storm|[of] p2a: Heatran\n|\n|-weather|Snow|[upkeep]\n|-heal|p2a: Heatran|65\/100|[from] item: Leftovers\n|-damage|p1a: Sandy Shocks|39\/100|[from] move: Magma Storm|[partiallytrapped]\n|upkeep\n|turn|21\n|\n|t:|1700881835\n|move|p2a: Heatran|Protect|p2a: Heatran\n|-singleturn|p2a: Heatran|Protect\n|move|p1a: Sandy Shocks|Earth Power|p2a: Heatran\n|-activate|p2a: Heatran|move: Protect\n|\n|-weather|Snow|[upkeep]\n|-heal|p2a: Heatran|71\/100|[from] item: Leftovers\n|-damage|p1a: Sandy Shocks|27\/100|[from] move: Magma Storm|[partiallytrapped]\n|upkeep\n|turn|22\n|\n|t:|1700881844\n|-terastallize|p2a: Heatran|Grass\n|move|p1a: Sandy Shocks|Thunderbolt|p2a: Heatran\n|-resisted|p2a: Heatran\n|-damage|p2a: Heatran|58\/100\n|move|p2a: Heatran|Earth Power|p1a: Sandy Shocks\n|-supereffective|p1a: Sandy Shocks\n|-damage|p1a: Sandy Shocks|0 fnt\n|faint|p1a: Sandy Shocks\n|-end|p1a: Sandy Shocks|Protosynthesis|[silent]\n|\n|-weather|Snow|[upkeep]\n|-heal|p2a: Heatran|64\/100|[from] item: Leftovers\n|upkeep\n|\n|t:|1700881850\n|switch|p1a: Glimmora|Glimmora, M|24\/100\n|turn|23\n|\n|t:|1700881856\n|move|p2a: Heatran|Protect|p2a: Heatran\n|-singleturn|p2a: Heatran|Protect\n|move|p1a: Glimmora|Sludge Wave|p2a: Heatran\n|-activate|p2a: Heatran|move: Protect\n|\n|-weather|none\n|-heal|p2a: Heatran|70\/100|[from] item: Leftovers\n|upkeep\n|turn|24\n|\n|t:|1700881859\n|switch|p2a: Slowking|Slowking-Galar, M|72\/100\n|move|p1a: Glimmora|Sludge Wave|p2a: Slowking\n|-resisted|p2a: Slowking\n|-damage|p2a: Slowking|41\/100\n|\n|upkeep\n|turn|25\n|\n|t:|1700881866\n|switch|p1a: Great Tusk|Great Tusk|100\/100\n|move|p2a: Slowking|Ice Beam|p1a: Great Tusk\n|-supereffective|p1a: Great Tusk\n|-damage|p1a: Great Tusk|26\/100\n|\n|-heal|p1a: Great Tusk|32\/100|[from] item: Leftovers\n|upkeep\n|turn|26\n|\n|t:|1700881872\n|switch|p2a: Mandibuzz|Mandibuzz, F|100\/100\n|move|p1a: Great Tusk|Knock Off|p2a: Mandibuzz\n|-resisted|p2a: Mandibuzz\n|-damage|p2a: Mandibuzz|90\/100\n|-enditem|p2a: Mandibuzz|Heavy-Duty Boots|[from] move: Knock Off|[of] p1a: Great Tusk\n|\n|-heal|p1a: Great Tusk|39\/100|[from] item: Leftovers\n|upkeep\n|turn|27\n|\n|t:|1700881885\n|switch|p2a: Heatran|Heatran, M, tera:Grass|70\/100\n|move|p1a: Great Tusk|Body Press|p2a: Heatran\n|-damage|p2a: Heatran|31\/100\n|-status|p1a: Great Tusk|brn|[from] ability: Flame Body|[of] p2a: Heatran\n|\n|-heal|p1a: Great Tusk|45\/100 brn|[from] item: Leftovers\n|-heal|p2a: Heatran|37\/100|[from] item: Leftovers\n|-damage|p1a: Great Tusk|39\/100 brn|[from] brn\n|upkeep\n|turn|28\n|\n|t:|1700881892\n|move|p2a: Heatran|Protect|p2a: Heatran\n|-singleturn|p2a: Heatran|Protect\n|move|p1a: Great Tusk|Knock Off|p2a: Heatran\n|-activate|p2a: Heatran|move: Protect\n|\n|-heal|p1a: Great Tusk|45\/100 brn|[from] item: Leftovers\n|-heal|p2a: Heatran|43\/100|[from] item: Leftovers\n|-damage|p1a: Great Tusk|39\/100 brn|[from] brn\n|upkeep\n|turn|29\n|\n|t:|1700881896\n|switch|p2a: Mandibuzz|Mandibuzz, F|90\/100\n|move|p1a: Great Tusk|Knock Off|p2a: Mandibuzz\n|-resisted|p2a: Mandibuzz\n|-damage|p2a: Mandibuzz|87\/100\n|\n|-heal|p1a: Great Tusk|45\/100 brn|[from] item: Leftovers\n|-damage|p1a: Great Tusk|39\/100 brn|[from] brn\n|upkeep\n|turn|30\n|\n|t:|1700881899\n|move|p1a: Great Tusk|Body Press|p2a: Mandibuzz\n|-damage|p2a: Mandibuzz|73\/100\n|move|p2a: Mandibuzz|Foul Play|p1a: Great Tusk\n|-resisted|p1a: Great Tusk\n|-damage|p1a: Great Tusk|26\/100 brn\n|\n|-heal|p1a: Great Tusk|32\/100 brn|[from] item: Leftovers\n|-damage|p1a: Great Tusk|26\/100 brn|[from] brn\n|upkeep\n|turn|31\n|\n|t:|1700881905\n|move|p1a: Great Tusk|Bulk Up|p1a: Great Tusk\n|-boost|p1a: Great Tusk|atk|1\n|-boost|p1a: Great Tusk|def|1\n|move|p2a: Mandibuzz|Roost|p2a: Mandibuzz\n|-heal|p2a: Mandibuzz|100\/100\n|-singleturn|p2a: Mandibuzz|move: Roost\n|\n|-heal|p1a: Great Tusk|32\/100 brn|[from] item: Leftovers\n|-damage|p1a: Great Tusk|26\/100 brn|[from] brn\n|upkeep\n|turn|32\n|\n|t:|1700881910\n|move|p1a: Great Tusk|Body Press|p2a: Mandibuzz\n|-damage|p2a: Mandibuzz|82\/100\n|move|p2a: Mandibuzz|Foul Play|p1a: Great Tusk\n|-resisted|p1a: Great Tusk\n|-damage|p1a: Great Tusk|12\/100 brn\n|\n|-heal|p1a: Great Tusk|18\/100 brn|[from] item: Leftovers\n|-damage|p1a: Great Tusk|12\/100 brn|[from] brn\n|upkeep\n|turn|33\n|\n|t:|1700881917\n|move|p1a: Great Tusk|Body Press|p2a: Mandibuzz\n|-damage|p2a: Mandibuzz|64\/100\n|move|p2a: Mandibuzz|Foul Play|p1a: Great Tusk\n|-resisted|p1a: Great Tusk\n|-damage|p1a: Great Tusk|0 fnt\n|faint|p1a: Great Tusk\n|-end|p1a: Great Tusk|Protosynthesis|[silent]\n|\n|upkeep\n|\n|t:|1700881932\n|switch|p1a: Glimmora|Glimmora, M|24\/100\n|turn|34\n|j| huilonnn\n|\n|t:|1700881940\n|move|p1a: Glimmora|Power Gem|p2a: Mandibuzz\n|-supereffective|p2a: Mandibuzz\n|-damage|p2a: Mandibuzz|0 fnt\n|faint|p2a: Mandibuzz\n|\n|upkeep\n|\n|t:|1700881958\n|switch|p2a: Slowking|Slowking-Galar, M|74\/100\n|turn|35\n|\n|t:|1700881961\n|move|p1a: Glimmora|Power Gem|p2a: Slowking\n|-damage|p2a: Slowking|18\/100\n|move|p2a: Slowking|Ice Beam|p1a: Glimmora\n|-damage|p1a: Glimmora|0 fnt\n|faint|p1a: Glimmora\n|\n|upkeep\n|\n|t:|1700881965\n|switch|p1a: Enamorus|Enamorus-Therian, F|64\/100\n|turn|36\n|\n|t:|1700881968\n|move|p1a: Enamorus|Earth Power|p2a: Slowking\n|-supereffective|p2a: Slowking\n|-damage|p2a: Slowking|0 fnt\n|faint|p2a: Slowking\n|\n|-heal|p1a: Enamorus|70\/100|[from] item: Leftovers\n|upkeep\n|\n|t:|1700881974\n|switch|p2a: Heatran|Heatran, M, tera:Grass|43\/100\n|turn|37\n|\n|t:|1700881985\n|move|p2a: Heatran|Magma Storm|p1a: Enamorus\n|-damage|p1a: Enamorus|27\/100\n|-activate|p1a: Enamorus|move: Magma Storm|[of] p2a: Heatran\n|move|p1a: Enamorus|Draining Kiss|p2a: Heatran\n|-damage|p2a: Heatran|25\/100\n|-heal|p1a: Enamorus|42\/100|[from] drain|[of] p2a: Heatran\n|\n|-heal|p2a: Heatran|31\/100|[from] item: Leftovers\n|-heal|p1a: Enamorus|48\/100|[from] item: Leftovers\n|-damage|p1a: Enamorus|36\/100|[from] move: Magma Storm|[partiallytrapped]\n|upkeep\n|turn|38\n|\n|t:|1700881990\n|move|p2a: Heatran|Protect|p2a: Heatran\n|-singleturn|p2a: Heatran|Protect\n|move|p1a: Enamorus|Draining Kiss|p2a: Heatran\n|-activate|p2a: Heatran|move: Protect\n|\n|-heal|p2a: Heatran|37\/100|[from] item: Leftovers\n|-heal|p1a: Enamorus|42\/100|[from] item: Leftovers\n|-damage|p1a: Enamorus|29\/100|[from] move: Magma Storm|[partiallytrapped]\n|upkeep\n|turn|39\n|\n|t:|1700881993\n|move|p2a: Heatran|Magma Storm|p1a: Enamorus\n|-damage|p1a: Enamorus|0 fnt\n|faint|p1a: Enamorus\n|\n|-heal|p2a: Heatran|44\/100|[from] item: Leftovers\n|upkeep\n|\n|t:|1700881999\n|switch|p1a: Goodra|Goodra-Hisui, M|100\/100\n|turn|40\n|\n|t:|1700882006\n|move|p2a: Heatran|Magma Storm|p1a: Goodra\n|-damage|p1a: Goodra|84\/100\n|-activate|p1a: Goodra|move: Magma Storm|[of] p2a: Heatran\n|move|p1a: Goodra|Dragon Breath|p2a: Heatran\n|-damage|p2a: Heatran|28\/100\n|\n|-heal|p2a: Heatran|34\/100|[from] item: Leftovers\n|-damage|p1a: Goodra|72\/100|[from] move: Magma Storm|[partiallytrapped]\n|upkeep\n|turn|41\n|\n|t:|1700882014\n|move|p2a: Heatran|Protect|p2a: Heatran\n|-singleturn|p2a: Heatran|Protect\n|move|p1a: Goodra|Flash Cannon|p2a: Heatran\n|-activate|p2a: Heatran|move: Protect\n|\n|-heal|p2a: Heatran|40\/100|[from] item: Leftovers\n|-damage|p1a: Goodra|60\/100|[from] move: Magma Storm|[partiallytrapped]\n|upkeep\n|turn|42\n|\n|t:|1700882017\n|move|p2a: Heatran|Earth Power|p1a: Goodra\n|-supereffective|p1a: Goodra\n|-damage|p1a: Goodra|37\/100\n|-unboost|p1a: Goodra|spd|1\n|move|p1a: Goodra|Flash Cannon|p2a: Heatran\n|-damage|p2a: Heatran|16\/100\n|\n|-heal|p2a: Heatran|22\/100|[from] item: Leftovers\n|-damage|p1a: Goodra|25\/100|[from] move: Magma Storm|[partiallytrapped]\n|upkeep\n|turn|43\n|\n|t:|1700882029\n|move|p2a: Heatran|Earth Power|p1a: Goodra\n|-supereffective|p1a: Goodra\n|-damage|p1a: Goodra|0 fnt\n|faint|p1a: Goodra\n|\n|win|firstimpression1\n|raw|Coolestkidyo's rating: 1451 &rarr; <strong>1427<\/strong><br \/>(-24 for losing)\n|raw|firstimpression1's rating: 1378 &rarr; <strong>1402<\/strong><br \/>(+24 for winning)\n|l|\u2606Coolestkidyo\n","uploadtime":1700882041,"views":9,"p1id":"coolestkidyo","p2id":"firstimpression1","formatid":"gen9ou","rating":1402,"private":0,"password":""}