{"id":"gen9ou-1994595258","p1":"Drolyag","p2":"winterbit","format":"[Gen 9] OU","log":"|j|\u2606Drolyag\n|j|\u2606winterbit\n|t:|1700466318\n|gametype|singles\n|player|p1|Drolyag|brycenman|1340\n|player|p2|winterbit|170|1416\n|teamsize|p1|6\n|teamsize|p2|6\n|gen|9\n|tier|[Gen 9] OU\n|rated|\n|rule|Sleep Clause Mod: Limit one foe put to sleep\n|rule|Species Clause: Limit one of each Pok\u00e9mon\n|rule|OHKO Clause: OHKO moves are banned\n|rule|Evasion Items Clause: Evasion items are banned\n|rule|Evasion Moves Clause: Evasion moves are banned\n|rule|Endless Battle Clause: Forcing endless battles is banned\n|rule|HP Percentage Mod: HP is shown in percentages\n|clearpoke\n|poke|p1|Glimmora, M|\n|poke|p1|Gholdengo|\n|poke|p1|Ogerpon-Wellspring, F|\n|poke|p1|Kingambit, F|\n|poke|p1|Iron Moth|\n|poke|p1|Enamorus, F|\n|poke|p2|Weavile, F|\n|poke|p2|Great Tusk|\n|poke|p2|Landorus-Therian, M|\n|poke|p2|Volcanion|\n|poke|p2|Dragonite, M|\n|poke|p2|Iron Hands|\n|teampreview\n|inactive|Battle timer is ON: inactive players will automatically lose when time's up. (requested by Drolyag)\n|\n|t:|1700466333\n|start\n|switch|p1a: Glimmora|Glimmora, M|100\/100\n|switch|p2a: Great SUSk|Great Tusk|100\/100\n|turn|1\n|\n|t:|1700466340\n|move|p1a: Glimmora|Energy Ball|p2a: Great SUSk\n|-supereffective|p2a: Great SUSk\n|-damage|p2a: Great SUSk|16\/100\n|move|p2a: Great SUSk|Rapid Spin|p1a: Glimmora\n|-resisted|p1a: Glimmora\n|-damage|p1a: Glimmora|91\/100\n|-boost|p2a: Great SUSk|spe|1\n|-activate|p1a: Glimmora|ability: Toxic Debris\n|-sidestart|p2: winterbit|move: Toxic Spikes\n|-sideend|p2: winterbit|Toxic Spikes|[from] move: Rapid Spin|[of] p2a: Great SUSk\n|\n|-heal|p2a: Great SUSk|22\/100|[from] item: Leftovers\n|upkeep\n|turn|2\n|\n|t:|1700466356\n|switch|p1a: Enamorus|Enamorus, F|100\/100\n|move|p2a: Great SUSk|Earthquake|p1a: Enamorus\n|-immune|p1a: Enamorus\n|\n|-heal|p2a: Great SUSk|29\/100|[from] item: Leftovers\n|upkeep\n|turn|3\n|\n|t:|1700466367\n|-end|p2a: Great SUSk|Protosynthesis|[silent]\n|switch|p2a: Volcanion|Volcanion|100\/100\n|move|p1a: Enamorus|Moonblast|p2a: Volcanion\n|-resisted|p2a: Volcanion\n|-damage|p2a: Volcanion|69\/100\n|\n|upkeep\n|turn|4\n|\n|t:|1700466376\n|switch|p1a: Glimmora|Glimmora, M|91\/100\n|move|p2a: Volcanion|Steam Eruption|p1a: Glimmora\n|-supereffective|p1a: Glimmora\n|-damage|p1a: Glimmora|0 fnt\n|faint|p1a: Glimmora\n|\n|upkeep\n|\n|t:|1700466389\n|switch|p1a: Gholdengo|Gholdengo|100\/100\n|-item|p1a: Gholdengo|Air Balloon\n|turn|5\n|\n|t:|1700466395\n|move|p1a: Gholdengo|Make It Rain|p2a: Volcanion\n|-resisted|p2a: Volcanion\n|-damage|p2a: Volcanion|53\/100\n|-unboost|p1a: Gholdengo|spa|1\n|move|p2a: Volcanion|Flamethrower|p1a: Gholdengo\n|-supereffective|p1a: Gholdengo\n|-damage|p1a: Gholdengo|0 fnt\n|-enditem|p1a: Gholdengo|Air Balloon\n|faint|p1a: Gholdengo\n|\n|upkeep\n|\n|t:|1700466407\n|switch|p1a: Iron Moth|Iron Moth|100\/100\n|-enditem|p1a: Iron Moth|Booster Energy\n|-activate|p1a: Iron Moth|ability: Quark Drive|[fromitem]\n|-start|p1a: Iron Moth|quarkdrivespe\n|turn|6\n|\n|t:|1700466413\n|move|p1a: Iron Moth|Substitute|p1a: Iron Moth\n|-start|p1a: Iron Moth|Substitute\n|-damage|p1a: Iron Moth|76\/100\n|move|p2a: Volcanion|Steam Eruption|p1a: Iron Moth\n|-supereffective|p1a: Iron Moth\n|-end|p1a: Iron Moth|Substitute\n|\n|upkeep\n|turn|7\n|\n|t:|1700466422\n|move|p1a: Iron Moth|Sludge Wave|p2a: Volcanion\n|-damage|p2a: Volcanion|2\/100\n|-status|p2a: Volcanion|psn\n|move|p2a: Volcanion|Steam Eruption|p1a: Iron Moth\n|-supereffective|p1a: Iron Moth\n|-damage|p1a: Iron Moth|0 fnt\n|faint|p1a: Iron Moth\n|-end|p1a: Iron Moth|Quark Drive|[silent]\n|\n|-damage|p2a: Volcanion|0 fnt|[from] psn\n|faint|p2a: Volcanion\n|upkeep\n|\n|t:|1700466435\n|switch|p1a: Ogerpon|Ogerpon-Wellspring, F|100\/100\n|switch|p2a: Lando-Thomas|Landorus-Therian, M|100\/100\n|-ability|p2a: Lando-Thomas|Intimidate|boost\n|-unboost|p1a: Ogerpon|atk|1\n|turn|8\n|\n|t:|1700466441\n|move|p2a: Lando-Thomas|U-turn|p1a: Ogerpon\n|-supereffective|p1a: Ogerpon\n|-damage|p1a: Ogerpon|28\/100\n|\n|t:|1700466451\n|switch|p2a: Great SUSk|Great Tusk|29\/100|[from] U-turn\n|move|p1a: Ogerpon|Ivy Cudgel|p2a: Great SUSk|[anim] Ivy Cudgel Water\n|-supereffective|p2a: Great SUSk\n|-damage|p2a: Great SUSk|0 fnt\n|faint|p2a: Great SUSk\n|-end|p2a: Great SUSk|Protosynthesis|[silent]\n|\n|upkeep\n|\n|t:|1700466460\n|switch|p2a: E-NITE|Dragonite, M|100\/100\n|turn|9\n|\n|t:|1700466466\n|move|p1a: Ogerpon|Ivy Cudgel|p2a: E-NITE|[anim] Ivy Cudgel Water\n|-resisted|p2a: E-NITE\n|-damage|p2a: E-NITE|91\/100\n|move|p2a: E-NITE|Dragon Dance|p2a: E-NITE\n|-boost|p2a: E-NITE|atk|1\n|-boost|p2a: E-NITE|spe|1\n|\n|upkeep\n|turn|10\n|\n|t:|1700466473\n|move|p1a: Ogerpon|Encore|p2a: E-NITE\n|-start|p2a: E-NITE|Encore\n|move|p2a: E-NITE|Dragon Dance|p2a: E-NITE\n|-boost|p2a: E-NITE|atk|1\n|-boost|p2a: E-NITE|spe|1\n|\n|upkeep\n|turn|11\n|\n|t:|1700466479\n|switch|p2a: Agent:VILE|Weavile, F|100\/100\n|-ability|p2a: Agent:VILE|Pressure\n|switch|p1a: Enamorus|Enamorus, F|100\/100\n|\n|upkeep\n|turn|12\n|\n|t:|1700466488\n|move|p1a: Enamorus|Moonblast|p2a: Agent:VILE\n|-supereffective|p2a: Agent:VILE\n|-damage|p2a: Agent:VILE|0 fnt\n|faint|p2a: Agent:VILE\n|\n|upkeep\n|\n|t:|1700466496\n|switch|p2a: Lando-Thomas|Landorus-Therian, M|100\/100\n|-ability|p2a: Lando-Thomas|Intimidate|boost\n|-boost|p1a: Enamorus|atk|1\n|turn|13\n|\n|t:|1700466505\n|move|p1a: Enamorus|Moonblast|p2a: Lando-Thomas\n|-damage|p2a: Lando-Thomas|32\/100\n|-unboost|p2a: Lando-Thomas|spa|1\n|move|p2a: Lando-Thomas|Stone Edge|p1a: Enamorus|[miss]\n|-miss|p2a: Lando-Thomas|p1a: Enamorus\n|\n|upkeep\n|turn|14\n|\n|t:|1700466512\n|move|p1a: Enamorus|Moonblast|p2a: Lando-Thomas\n|-damage|p2a: Lando-Thomas|0 fnt\n|faint|p2a: Lando-Thomas\n|\n|upkeep\n|\n|t:|1700466516\n|switch|p2a: E-NITE|Dragonite, M|91\/100\n|turn|15\n|\n|t:|1700466520\n|-terastallize|p2a: E-NITE|Normal\n|move|p1a: Enamorus|Moonblast|p2a: E-NITE\n|-crit|p2a: E-NITE\n|-damage|p2a: E-NITE|23\/100\n|move|p2a: E-NITE|Dragon Dance|p2a: E-NITE\n|-boost|p2a: E-NITE|atk|1\n|-boost|p2a: E-NITE|spe|1\n|\n|upkeep\n|turn|16\n|\n|t:|1700466527\n|move|p2a: E-NITE|Extreme Speed|p1a: Enamorus\n|-damage|p1a: Enamorus|0 fnt\n|faint|p1a: Enamorus\n|\n|upkeep\n|\n|t:|1700466534\n|switch|p1a: Kingambit|Kingambit, F|100\/100\n|-activate|p1a: Kingambit|ability: Supreme Overlord\n|-start|p1a: Kingambit|fallen4|[silent]\n|turn|17\n|\n|t:|1700466542\n|move|p2a: E-NITE|Roost|p2a: E-NITE\n|-heal|p2a: E-NITE|73\/100\n|move|p1a: Kingambit|Kowtow Cleave|p2a: E-NITE\n|-damage|p2a: E-NITE|0 fnt\n|faint|p2a: E-NITE\n|\n|upkeep\n|\n|t:|1700466545\n|switch|p2a: Iron Mcnugget|Iron Hands|100\/100\n|-enditem|p2a: Iron Mcnugget|Booster Energy\n|-activate|p2a: Iron Mcnugget|ability: Quark Drive|[fromitem]\n|-start|p2a: Iron Mcnugget|quarkdrivedef\n|turn|18\n|\n|t:|1700466560\n|-terastallize|p1a: Kingambit|Fire\n|move|p1a: Kingambit|Kowtow Cleave|p2a: Iron Mcnugget\n|-resisted|p2a: Iron Mcnugget\n|-damage|p2a: Iron Mcnugget|84\/100\n|move|p2a: Iron Mcnugget|Drain Punch|p1a: Kingambit\n|-damage|p1a: Kingambit|70\/100\n|-heal|p2a: Iron Mcnugget|97\/100|[from] drain|[of] p1a: Kingambit\n|\n|upkeep\n|turn|19\n|\n|t:|1700466570\n|move|p1a: Kingambit|Swords Dance|p1a: Kingambit\n|-boost|p1a: Kingambit|atk|2\n|move|p2a: Iron Mcnugget|Swords Dance|p2a: Iron Mcnugget\n|-boost|p2a: Iron Mcnugget|atk|2\n|\n|upkeep\n|turn|20\n|\n|t:|1700466577\n|move|p1a: Kingambit|Kowtow Cleave|p2a: Iron Mcnugget\n|-resisted|p2a: Iron Mcnugget\n|-damage|p2a: Iron Mcnugget|62\/100\n|move|p2a: Iron Mcnugget|Drain Punch|p1a: Kingambit\n|-damage|p1a: Kingambit|13\/100\n|-heal|p2a: Iron Mcnugget|87\/100|[from] drain|[of] p1a: Kingambit\n|\n|upkeep\n|turn|21\n|\n|t:|1700466590\n|move|p1a: Kingambit|Iron Head|p2a: Iron Mcnugget\n|-resisted|p2a: Iron Mcnugget\n|-damage|p2a: Iron Mcnugget|60\/100\n|move|p2a: Iron Mcnugget|Drain Punch|p1a: Kingambit\n|-damage|p1a: Kingambit|0 fnt\n|-heal|p2a: Iron Mcnugget|65\/100|[from] drain|[of] p1a: Kingambit\n|faint|p1a: Kingambit\n|-end|p1a: Kingambit|fallen4|[silent]\n|\n|upkeep\n|\n|t:|1700466598\n|switch|p1a: Ogerpon|Ogerpon-Wellspring, F|28\/100\n|turn|22\n|\n|t:|1700466603\n|move|p1a: Ogerpon|Ivy Cudgel|p2a: Iron Mcnugget|[anim] Ivy Cudgel Water\n|-damage|p2a: Iron Mcnugget|41\/100\n|move|p2a: Iron Mcnugget|Drain Punch|p1a: Ogerpon\n|-damage|p1a: Ogerpon|0 fnt\n|-heal|p2a: Iron Mcnugget|51\/100|[from] drain|[of] p1a: Ogerpon\n|faint|p1a: Ogerpon\n|\n|win|winterbit\n|raw|Drolyag's rating: 1340 &rarr; <strong>1324<\/strong><br \/>(-16 for losing)\n|raw|winterbit's rating: 1416 &rarr; <strong>1432<\/strong><br \/>(+16 for winning)\n|c|\u2606Drolyag|gg\n|l|\u2606Drolyag\n|c|\u2606winterbit|gg\n","uploadtime":1700466621,"views":10,"p1id":"drolyag","p2id":"winterbit","formatid":"gen9ou","rating":1324,"private":0,"password":""}