{"id":"gen9ou-1994391026","p1":"Scizor Boladao","p2":"ghiteoff","format":"[Gen 9] OU","log":"|j|\u2606Scizor Boladao\n|j|\u2606ghiteoff\n|inactive|Battle timer is ON: inactive players will automatically lose when time's up.\n|t:|1700438529\n|gametype|singles\n|player|p1|Scizor Boladao|misty-masters|\n|player|p2|ghiteoff|calem-masters|\n|teamsize|p1|6\n|teamsize|p2|6\n|gen|9\n|tier|[Gen 9] OU\n|rated|Tournament battle\n|rule|Sleep Clause Mod: Limit one foe put to sleep\n|rule|Species Clause: Limit one of each Pok\u00e9mon\n|rule|OHKO Clause: OHKO moves are banned\n|rule|Evasion Items Clause: Evasion items are banned\n|rule|Evasion Moves Clause: Evasion moves are banned\n|rule|Endless Battle Clause: Forcing endless battles is banned\n|rule|HP Percentage Mod: HP is shown in percentages\n|clearpoke\n|poke|p1|Rotom-Frost|\n|poke|p1|Ninetales-Alola, F|\n|poke|p1|Mudsdale, M|\n|poke|p1|Heatran, M|\n|poke|p1|Ogerpon-Wellspring, F|\n|poke|p1|Slowking, M|\n|poke|p2|Rotom-Frost|\n|poke|p2|Ninetales-Alola, M|\n|poke|p2|Mudsdale, F|\n|poke|p2|Heatran, M|\n|poke|p2|Ogerpon-Wellspring, F|\n|poke|p2|Slowking, F|\n|teampreview\n|j|@Irly\n|c|@Irly|cade vc no top 10 da gc ghiteoff\n|c|\u2606ghiteoff|pregui\u00e7a\n|c|\u2606ghiteoff|de jogar\n|inactive|ghiteoff has 120 seconds left.\n|\n|t:|1700438564\n|start\n|switch|p1a: Heatran|Heatran, M|100\/100\n|switch|p2a: Slowking|Slowking, F|100\/100\n|turn|1\n|\n|t:|1700438575\n|move|p1a: Heatran|Taunt|p2a: Slowking\n|-start|p2a: Slowking|move: Taunt\n|move|p2a: Slowking|Future Sight|p1a: Heatran\n|-start|p2a: Slowking|move: Future Sight\n|\n|upkeep\n|turn|2\n|\n|t:|1700438588\n|move|p1a: Heatran|Stealth Rock|p2a: Slowking\n|-sidestart|p2: ghiteoff|move: Stealth Rock\n|move|p2a: Slowking|Surf|p1a: Heatran\n|-supereffective|p1a: Heatran\n|-damage|p1a: Heatran|63\/100\n|\n|-heal|p1a: Heatran|69\/100|[from] item: Leftovers\n|upkeep\n|turn|3\n|\n|t:|1700438614\n|switch|p1a: Slowking|Slowking, M|100\/100\n|switch|p2a: Ogerpon|Ogerpon-Wellspring, F|100\/100\n|-damage|p2a: Ogerpon|88\/100|[from] Stealth Rock\n|\n|-end|p1a: Slowking|move: Future Sight\n|-resisted|p1a: Slowking\n|-damage|p1a: Slowking|86\/100\n|upkeep\n|turn|4\n|\n|t:|1700438632\n|move|p2a: Ogerpon|Swords Dance|p2a: Ogerpon\n|-boost|p2a: Ogerpon|atk|2\n|move|p1a: Slowking|Chilly Reception|p1a: Slowking\n|-weather|Snow\n|inactive|Scizor Boladao has 120 seconds left.\n|\n|t:|1700438643\n|switch|p1a: Ogerpon|Ogerpon-Wellspring, F|100\/100|[from] Chilly Reception\n|\n|-weather|Snow|[upkeep]\n|upkeep\n|turn|5\n|\n|t:|1700438651\n|move|p2a: Ogerpon|Power Whip|p1a: Ogerpon\n|-damage|p1a: Ogerpon|0 fnt\n|faint|p1a: Ogerpon\n|\n|-weather|Snow|[upkeep]\n|upkeep\n|\n|t:|1700438656\n|switch|p1a: Rotom|Rotom-Frost|100\/100\n|turn|6\n|\n|t:|1700438664\n|-terastallize|p2a: Ogerpon|Water\n|detailschange|p2a: Ogerpon|Ogerpon-Wellspring-Tera, F, tera:Water\n|-ability|p2a: Ogerpon|Embody Aspect (Wellspring)|boost\n|-boost|p2a: Ogerpon|spd|1\n|move|p2a: Ogerpon|Ivy Cudgel|p1a: Rotom|[anim] Ivy Cudgel Water\n|-damage|p1a: Rotom|0 fnt\n|faint|p1a: Rotom\n|\n|-weather|Snow|[upkeep]\n|upkeep\n|\n|t:|1700438669\n|switch|p1a: Ninetales|Ninetales-Alola, F|100\/100\n|turn|7\n|\n|t:|1700438674\n|-terastallize|p1a: Ninetales|Water\n|move|p2a: Ogerpon|Ivy Cudgel|p1a: Ninetales|[anim] Ivy Cudgel Water\n|-resisted|p1a: Ninetales\n|-damage|p1a: Ninetales|8\/100\n|move|p1a: Ninetales|Freeze-Dry|p2a: Ogerpon\n|-supereffective|p2a: Ogerpon\n|-damage|p2a: Ogerpon|54\/100\n|\n|-weather|Snow|[upkeep]\n|upkeep\n|turn|8\n|\n|t:|1700438678\n|move|p2a: Ogerpon|Trailblaze|p1a: Ninetales\n|-supereffective|p1a: Ninetales\n|-damage|p1a: Ninetales|0 fnt\n|-boost|p2a: Ogerpon|spe|1\n|faint|p1a: Ninetales\n|\n|-weather|none\n|upkeep\n|-message|Scizor Boladao forfeited.\n|\n|win|ghiteoff\n|n|\u2606Scizor Boladao|scizorboladao\n|n|\u2606ghiteoff|ghiteoff\n|n|+Irly|irly\n|l|\u2606Scizor Boladao\n","uploadtime":1700438715,"views":7,"p1id":"scizorboladao","p2id":"ghiteoff","formatid":"gen9ou","rating":0,"private":0,"password":""}