{"id":"gen9ou-1997136875","p1":"Aintnowayurreal","p2":"vailorn","format":"[Gen 9] OU","log":"|j|\u2606Aintnowayurreal\n|j|\u2606vailorn\n|t:|1700768225\n|gametype|singles\n|player|p1|Aintnowayurreal|169|1234\n|player|p2|vailorn|rood|1303\n|teamsize|p1|6\n|teamsize|p2|6\n|gen|9\n|tier|[Gen 9] OU\n|rated|\n|rule|Sleep Clause Mod: Limit one foe put to sleep\n|rule|Species Clause: Limit one of each Pok\u00e9mon\n|rule|OHKO Clause: OHKO moves are banned\n|rule|Evasion Items Clause: Evasion items are banned\n|rule|Evasion Moves Clause: Evasion moves are banned\n|rule|Endless Battle Clause: Forcing endless battles is banned\n|rule|HP Percentage Mod: HP is shown in percentages\n|clearpoke\n|poke|p1|Iron Valiant|\n|poke|p1|Great Tusk|\n|poke|p1|Quaquaval, M|\n|poke|p1|Kingambit, M|\n|poke|p1|Ninetales-Alola, M|\n|poke|p1|Heatran, M|\n|poke|p2|Glimmora, M|\n|poke|p2|Kingambit, F|\n|poke|p2|Iron Valiant|\n|poke|p2|Ogerpon-Wellspring, F|\n|poke|p2|Gholdengo|\n|poke|p2|Ditto|\n|teampreview\n|\n|t:|1700768229\n|start\n|switch|p1a: Dimwit|Ninetales-Alola, M|100\/100\n|switch|p2a: Glimmora|Glimmora, M|100\/100\n|-weather|Snow|[from] ability: Snow Warning|[of] p1a: Dimwit\n|turn|1\n|inactive|Battle timer is ON: inactive players will automatically lose when time's up. (requested by Aintnowayurreal)\n|\n|t:|1700768236\n|move|p1a: Dimwit|Aurora Veil|p1a: Dimwit\n|-sidestart|p1: Aintnowayurreal|move: Aurora Veil\n|move|p2a: Glimmora|Mortal Spin|p1a: Dimwit\n|-supereffective|p1a: Dimwit\n|-damage|p1a: Dimwit|95\/100\n|-status|p1a: Dimwit|psn\n|\n|-weather|Snow|[upkeep]\n|-damage|p1a: Dimwit|83\/100 psn|[from] psn\n|upkeep\n|turn|2\n|\n|t:|1700768240\n|move|p1a: Dimwit|Encore|p2a: Glimmora\n|-start|p2a: Glimmora|Encore\n|move|p2a: Glimmora|Mortal Spin|p1a: Dimwit\n|-supereffective|p1a: Dimwit\n|-damage|p1a: Dimwit|78\/100 psn\n|\n|-weather|Snow|[upkeep]\n|-damage|p1a: Dimwit|66\/100 psn|[from] psn\n|upkeep\n|turn|3\n|\n|t:|1700768242\n|switch|p1a: Goobenheim|Great Tusk|100\/100\n|-enditem|p1a: Goobenheim|Booster Energy\n|-activate|p1a: Goobenheim|ability: Protosynthesis|[fromitem]\n|-start|p1a: Goobenheim|protosynthesisspe\n|move|p2a: Glimmora|Mortal Spin|p1a: Goobenheim\n|-resisted|p1a: Goobenheim\n|-damage|p1a: Goobenheim|99\/100\n|-status|p1a: Goobenheim|psn\n|\n|-weather|Snow|[upkeep]\n|-damage|p1a: Goobenheim|87\/100 psn|[from] psn\n|upkeep\n|turn|4\n|\n|t:|1700768251\n|move|p1a: Goobenheim|Bulk Up|p1a: Goobenheim\n|-boost|p1a: Goobenheim|atk|1\n|-boost|p1a: Goobenheim|def|1\n|move|p2a: Glimmora|Mortal Spin|p1a: Goobenheim\n|-resisted|p1a: Goobenheim\n|-damage|p1a: Goobenheim|87\/100 psn\n|\n|-weather|Snow|[upkeep]\n|-damage|p1a: Goobenheim|74\/100 psn|[from] psn\n|-end|p2a: Glimmora|Encore\n|upkeep\n|turn|5\n|\n|t:|1700768256\n|move|p1a: Goobenheim|Rapid Spin|p2a: Glimmora\n|-resisted|p2a: Glimmora\n|-damage|p2a: Glimmora|88\/100\n|-boost|p1a: Goobenheim|spe|1\n|-activate|p2a: Glimmora|ability: Toxic Debris\n|-sidestart|p1: Aintnowayurreal|move: Toxic Spikes\n|-sideend|p1: Aintnowayurreal|Toxic Spikes|[from] move: Rapid Spin|[of] p1a: Goobenheim\n|move|p2a: Glimmora|Energy Ball|p1a: Goobenheim\n|-supereffective|p1a: Goobenheim\n|-damage|p1a: Goobenheim|40\/100 psn\n|\n|-weather|none\n|-damage|p1a: Goobenheim|28\/100 psn|[from] psn\n|upkeep\n|turn|6\n|\n|t:|1700768258\n|move|p1a: Goobenheim|Headlong Rush|p2a: Glimmora\n|-supereffective|p2a: Glimmora\n|-damage|p2a: Glimmora|0 fnt\n|-unboost|p1a: Goobenheim|def|1\n|-unboost|p1a: Goobenheim|spd|1\n|-activate|p2a: Glimmora|ability: Toxic Debris\n|-sidestart|p1: Aintnowayurreal|move: Toxic Spikes\n|faint|p2a: Glimmora\n|\n|-damage|p1a: Goobenheim|15\/100 psn|[from] psn\n|upkeep\n|\n|t:|1700768264\n|switch|p2a: Gholdengo|Gholdengo|100\/100\n|-item|p2a: Gholdengo|Air Balloon\n|turn|7\n|\n|t:|1700768268\n|move|p1a: Goobenheim|Ice Spinner|p2a: Gholdengo\n|-resisted|p2a: Gholdengo\n|-damage|p2a: Gholdengo|80\/100\n|-enditem|p2a: Gholdengo|Air Balloon\n|move|p2a: Gholdengo|Shadow Ball|p1a: Goobenheim\n|-damage|p1a: Goobenheim|0 fnt\n|faint|p1a: Goobenheim\n|-end|p1a: Goobenheim|Protosynthesis|[silent]\n|\n|upkeep\n|\n|t:|1700768276\n|switch|p1a: Clitical hitolas|Quaquaval, M|100\/100\n|-status|p1a: Clitical hitolas|psn\n|turn|8\n|\n|t:|1700768286\n|-terastallize|p1a: Clitical hitolas|Steel\n|move|p1a: Clitical hitolas|Bulk Up|p1a: Clitical hitolas\n|-boost|p1a: Clitical hitolas|atk|1\n|-boost|p1a: Clitical hitolas|def|1\n|move|p2a: Gholdengo|Psyshock|p1a: Clitical hitolas\n|-resisted|p1a: Clitical hitolas\n|-damage|p1a: Clitical hitolas|95\/100 psn\n|\n|-heal|p1a: Clitical hitolas|100\/100 psn|[from] item: Leftovers\n|-damage|p1a: Clitical hitolas|88\/100 psn|[from] psn\n|-sideend|p1: Aintnowayurreal|move: Aurora Veil\n|upkeep\n|turn|9\n|\n|t:|1700768292\n|move|p1a: Clitical hitolas|Knock Off|p2a: Gholdengo\n|-supereffective|p2a: Gholdengo\n|-damage|p2a: Gholdengo|6\/100\n|move|p2a: Gholdengo|Shadow Ball|p1a: Clitical hitolas\n|-damage|p1a: Clitical hitolas|29\/100 psn\n|\n|-heal|p1a: Clitical hitolas|35\/100 psn|[from] item: Leftovers\n|-damage|p1a: Clitical hitolas|23\/100 psn|[from] psn\n|upkeep\n|turn|10\n|\n|t:|1700768295\n|move|p1a: Clitical hitolas|Aqua Step|p2a: Gholdengo\n|-damage|p2a: Gholdengo|0 fnt\n|-boost|p1a: Clitical hitolas|spe|1\n|faint|p2a: Gholdengo\n|-ability|p1a: Clitical hitolas|Moxie|boost\n|-boost|p1a: Clitical hitolas|atk|1\n|\n|-heal|p1a: Clitical hitolas|29\/100 psn|[from] item: Leftovers\n|-damage|p1a: Clitical hitolas|17\/100 psn|[from] psn\n|upkeep\n|\n|t:|1700768298\n|switch|p2a: Ditto|Ditto|100\/100\n|-transform|p2a: Ditto|p1a: Clitical hitolas|[from] ability: Imposter\n|-start|p2a: Ditto|typechange|Water\/Fighting|[silent]\n|turn|11\n|\n|t:|1700768303\n|move|p2a: Ditto|Aqua Step|p1a: Clitical hitolas\n|-damage|p1a: Clitical hitolas|0 fnt\n|-boost|p2a: Ditto|spe|1\n|faint|p1a: Clitical hitolas\n|-ability|p2a: Ditto|Moxie|boost\n|-boost|p2a: Ditto|atk|1\n|\n|upkeep\n|\n|t:|1700768316\n|switch|p1a: Dimwit|Ninetales-Alola, M|66\/100 psn\n|-weather|Snow|[from] ability: Snow Warning|[of] p1a: Dimwit\n|turn|12\n|\n|t:|1700768322\n|move|p2a: Ditto|Aqua Step|p1a: Dimwit\n|-damage|p1a: Dimwit|0 fnt\n|-boost|p2a: Ditto|spe|1\n|faint|p1a: Dimwit\n|-ability|p2a: Ditto|Moxie|boost\n|-boost|p2a: Ditto|atk|1\n|\n|-weather|Snow|[upkeep]\n|upkeep\n|\n|t:|1700768325\n|switch|p1a: Heatran|Heatran, M|100\/100\n|turn|13\n|\n|t:|1700768328\n|move|p2a: Ditto|Aqua Step|p1a: Heatran\n|-supereffective|p1a: Heatran\n|-damage|p1a: Heatran|0 fnt\n|-boost|p2a: Ditto|spe|1\n|faint|p1a: Heatran\n|-ability|p2a: Ditto|Moxie|boost\n|-boost|p2a: Ditto|atk|1\n|\n|-weather|Snow|[upkeep]\n|upkeep\n|\n|t:|1700768330\n|switch|p1a: Proton THEY\/THEM|Iron Valiant|100\/100\n|-status|p1a: Proton THEY\/THEM|psn\n|-enditem|p1a: Proton THEY\/THEM|Booster Energy\n|-activate|p1a: Proton THEY\/THEM|ability: Quark Drive|[fromitem]\n|-start|p1a: Proton THEY\/THEM|quarkdrivespe\n|turn|14\n|\n|t:|1700768332\n|move|p2a: Ditto|Aqua Step|p1a: Proton THEY\/THEM\n|-damage|p1a: Proton THEY\/THEM|0 fnt\n|-boost|p2a: Ditto|spe|1\n|faint|p1a: Proton THEY\/THEM\n|-end|p1a: Proton THEY\/THEM|Quark Drive|[silent]\n|-ability|p2a: Ditto|Moxie|boost\n|-boost|p2a: Ditto|atk|1\n|\n|-weather|Snow|[upkeep]\n|upkeep\n|\n|t:|1700768334\n|switch|p1a: BOyoyoyoing|Kingambit, M|100\/100\n|-activate|p1a: BOyoyoyoing|ability: Supreme Overlord\n|-start|p1a: BOyoyoyoing|fallen5|[silent]\n|-item|p1a: BOyoyoyoing|Air Balloon\n|turn|15\n|\n|t:|1700768337\n|move|p2a: Ditto|Aqua Step|p1a: BOyoyoyoing\n|-damage|p1a: BOyoyoyoing|0 fnt\n|-boost|p2a: Ditto|spe|1\n|-enditem|p1a: BOyoyoyoing|Air Balloon\n|faint|p1a: BOyoyoyoing\n|-end|p1a: BOyoyoyoing|fallen5|[silent]\n|\n|win|vailorn\n|raw|Aintnowayurreal's rating: 1234 &rarr; <strong>1214<\/strong><br \/>(-20 for losing)\n|raw|vailorn's rating: 1303 &rarr; <strong>1319<\/strong><br \/>(+16 for winning)\n|l|\u2606Aintnowayurreal\n","uploadtime":1700768345,"views":6,"p1id":"aintnowayurreal","p2id":"vailorn","formatid":"gen9ou","rating":1214,"private":0,"password":""}