{"id":"gen9ou-1993559203","p1":"destro1995","p2":"bellenguer2","format":"[Gen 9] OU","log":"|j|\u2606destro1995\n|j|\u2606bellenguer2\n|t:|1700331692\n|gametype|singles\n|player|p1|destro1995|2|1168\n|player|p2|bellenguer2|dawn|1092\n|teamsize|p1|6\n|teamsize|p2|6\n|gen|9\n|tier|[Gen 9] OU\n|rated|\n|rule|Sleep Clause Mod: Limit one foe put to sleep\n|rule|Species Clause: Limit one of each Pok\u00e9mon\n|rule|OHKO Clause: OHKO moves are banned\n|rule|Evasion Items Clause: Evasion items are banned\n|rule|Evasion Moves Clause: Evasion moves are banned\n|rule|Endless Battle Clause: Forcing endless battles is banned\n|rule|HP Percentage Mod: HP is shown in percentages\n|clearpoke\n|poke|p1|Dragapult, F|\n|poke|p1|Corviknight, M|\n|poke|p1|Gastrodon, F|\n|poke|p1|Ogerpon-Wellspring, F|\n|poke|p1|Gholdengo|\n|poke|p1|Zapdos|\n|poke|p2|Garganacl, M|\n|poke|p2|Clodsire, F|\n|poke|p2|Corviknight, F|\n|poke|p2|Toxapex, F|\n|poke|p2|Gholdengo|\n|poke|p2|Blissey, F|\n|teampreview\n|\n|t:|1700331722\n|start\n|switch|p1a: Gholdengo|Gholdengo|100\/100\n|switch|p2a: Blissey|Blissey, F|100\/100\n|turn|1\n|\n|t:|1700331727\n|move|p1a: Gholdengo|Trick|p2a: Blissey\n|-activate|p1a: Gholdengo|move: Trick|[of] p2a: Blissey\n|-item|p2a: Blissey|Choice Scarf|[from] move: Trick\n|-item|p1a: Gholdengo|Leftovers|[from] move: Trick\n|move|p2a: Blissey|Stealth Rock|p1a: Gholdengo\n|-sidestart|p1: destro1995|move: Stealth Rock\n|\n|upkeep\n|turn|2\n|\n|t:|1700331737\n|switch|p2a: Toxapex|Toxapex, F|100\/100\n|move|p1a: Gholdengo|Shadow Ball|p2a: Toxapex\n|-damage|p2a: Toxapex|67\/100\n|\n|-heal|p2a: Toxapex|73\/100|[from] item: Leftovers\n|upkeep\n|turn|3\n|\n|t:|1700331750\n|switch|p1a: Zapdos|Zapdos|100\/100\n|move|p2a: Toxapex|Chilling Water|p1a: Zapdos\n|-damage|p1a: Zapdos|90\/100\n|-unboost|p1a: Zapdos|atk|1\n|\n|-heal|p2a: Toxapex|79\/100|[from] item: Leftovers\n|upkeep\n|turn|4\n|inactive|Battle timer is ON: inactive players will automatically lose when time's up. (requested by destro1995)\n|\n|t:|1700331783\n|switch|p1a: Ogerpon|Ogerpon-Wellspring, F|100\/100\n|-damage|p1a: Ogerpon|88\/100|[from] Stealth Rock\n|switch|p2a: Blissey|Blissey, F|100\/100\n|\n|upkeep\n|turn|5\n|\n|t:|1700331791\n|switch|p2a: Corviknight|Corviknight, F|100\/100\n|-ability|p2a: Corviknight|Pressure\n|move|p1a: Ogerpon|Ivy Cudgel|p2a: Corviknight|[anim] Ivy Cudgel Water\n|-damage|p2a: Corviknight|67\/100\n|\n|upkeep\n|turn|6\n|\n|t:|1700331802\n|move|p1a: Ogerpon|Ivy Cudgel|p2a: Corviknight|[anim] Ivy Cudgel Water\n|-crit|p2a: Corviknight\n|-damage|p2a: Corviknight|17\/100\n|move|p2a: Corviknight|Roost|p2a: Corviknight\n|-heal|p2a: Corviknight|67\/100\n|-singleturn|p2a: Corviknight|move: Roost\n|\n|upkeep\n|turn|7\n|\n|t:|1700331813\n|move|p1a: Ogerpon|Ivy Cudgel|p2a: Corviknight|[anim] Ivy Cudgel Water\n|-damage|p2a: Corviknight|30\/100\n|move|p2a: Corviknight|Roost|p2a: Corviknight\n|-heal|p2a: Corviknight|80\/100\n|-singleturn|p2a: Corviknight|move: Roost\n|\n|upkeep\n|turn|8\n|\n|t:|1700331818\n|move|p1a: Ogerpon|Ivy Cudgel|p2a: Corviknight|[anim] Ivy Cudgel Water\n|-damage|p2a: Corviknight|44\/100\n|move|p2a: Corviknight|U-turn|p1a: Ogerpon\n|-supereffective|p1a: Ogerpon\n|-damage|p1a: Ogerpon|50\/100\n|\n|t:|1700331830\n|switch|p2a: Toxapex|Toxapex, F|100\/100|[from] U-turn\n|\n|upkeep\n|turn|9\n|\n|t:|1700331835\n|move|p1a: Ogerpon|Horn Leech|p2a: Toxapex\n|-damage|p2a: Toxapex|72\/100\n|-heal|p1a: Ogerpon|64\/100|[from] drain|[of] p2a: Toxapex\n|move|p2a: Toxapex|Chilling Water|p1a: Ogerpon\n|-heal|p1a: Ogerpon|89\/100|[from] ability: Water Absorb|[of] p2a: Toxapex\n|\n|-heal|p2a: Toxapex|78\/100|[from] item: Leftovers\n|upkeep\n|turn|10\n|\n|t:|1700331842\n|move|p1a: Ogerpon|Ivy Cudgel|p2a: Toxapex|[anim] Ivy Cudgel Water\n|-resisted|p2a: Toxapex\n|-damage|p2a: Toxapex|59\/100\n|move|p2a: Toxapex|Toxic|p1a: Ogerpon\n|-status|p1a: Ogerpon|tox\n|\n|-heal|p2a: Toxapex|66\/100|[from] item: Leftovers\n|-damage|p1a: Ogerpon|83\/100 tox|[from] psn\n|upkeep\n|turn|11\n|\n|t:|1700331856\n|switch|p1a: Zapdos|Zapdos|90\/100\n|move|p2a: Toxapex|Chilling Water|p1a: Zapdos\n|-damage|p1a: Zapdos|79\/100\n|-unboost|p1a: Zapdos|atk|1\n|\n|-heal|p2a: Toxapex|72\/100|[from] item: Leftovers\n|upkeep\n|turn|12\n|\n|t:|1700331863\n|switch|p2a: Blissey|Blissey, F|100\/100\n|move|p1a: Zapdos|Ancient Power|p2a: Blissey\n|-damage|p2a: Blissey|94\/100\n|\n|upkeep\n|turn|13\n|\n|t:|1700331869\n|move|p1a: Zapdos|Discharge|p2a: Blissey\n|-crit|p2a: Blissey\n|-damage|p2a: Blissey|76\/100\n|move|p2a: Blissey|Thunder Wave|p1a: Zapdos\n|-immune|p1a: Zapdos\n|\n|upkeep\n|turn|14\n|\n|t:|1700331879\n|switch|p2a: Clodsire|Clodsire, F|100\/100\n|move|p1a: Zapdos|Discharge|p2a: Clodsire\n|-immune|p2a: Clodsire\n|\n|upkeep\n|turn|15\n|\n|t:|1700331891\n|switch|p1a: Gastrodon|Gastrodon, F|100\/100\n|-damage|p1a: Gastrodon|94\/100|[from] Stealth Rock\n|move|p2a: Clodsire|Toxic|p1a: Gastrodon\n|-status|p1a: Gastrodon|tox\n|\n|-heal|p1a: Gastrodon|100\/100 tox|[from] item: Leftovers\n|-damage|p1a: Gastrodon|94\/100 tox|[from] psn\n|upkeep\n|turn|16\n|\n|t:|1700331900\n|switch|p2a: Corviknight|Corviknight, F|44\/100\n|-ability|p2a: Corviknight|Pressure\n|move|p1a: Gastrodon|Surf|p2a: Corviknight\n|-damage|p2a: Corviknight|7\/100\n|\n|-heal|p1a: Gastrodon|100\/100 tox|[from] item: Leftovers\n|-damage|p1a: Gastrodon|88\/100 tox|[from] psn\n|upkeep\n|turn|17\n|\n|t:|1700331904\n|move|p2a: Corviknight|Roost|p2a: Corviknight\n|-heal|p2a: Corviknight|57\/100\n|-singleturn|p2a: Corviknight|move: Roost\n|move|p1a: Gastrodon|Surf|p2a: Corviknight\n|-damage|p2a: Corviknight|18\/100\n|\n|-heal|p1a: Gastrodon|94\/100 tox|[from] item: Leftovers\n|-damage|p1a: Gastrodon|76\/100 tox|[from] psn\n|upkeep\n|turn|18\n|\n|t:|1700331917\n|move|p2a: Corviknight|Roost|p2a: Corviknight\n|-heal|p2a: Corviknight|68\/100\n|-singleturn|p2a: Corviknight|move: Roost\n|move|p1a: Gastrodon|Surf|p2a: Corviknight\n|-damage|p2a: Corviknight|29\/100\n|\n|-heal|p1a: Gastrodon|82\/100 tox|[from] item: Leftovers\n|-damage|p1a: Gastrodon|58\/100 tox|[from] psn\n|upkeep\n|turn|19\n|\n|t:|1700331924\n|-terastallize|p1a: Gastrodon|Fire\n|move|p2a: Corviknight|Roost|p2a: Corviknight\n|-heal|p2a: Corviknight|79\/100\n|-singleturn|p2a: Corviknight|move: Roost\n|move|p1a: Gastrodon|Tera Blast|p2a: Corviknight|[anim] Tera Blast Fire\n|-supereffective|p2a: Corviknight\n|-damage|p2a: Corviknight|4\/100\n|\n|-heal|p1a: Gastrodon|64\/100 tox|[from] item: Leftovers\n|-damage|p1a: Gastrodon|33\/100 tox|[from] psn\n|upkeep\n|turn|20\n|\n|t:|1700331938\n|-terastallize|p2a: Corviknight|Flying\n|move|p2a: Corviknight|Roost|p2a: Corviknight\n|-heal|p2a: Corviknight|54\/100\n|-hint|If a Flying Terastallized Pokemon uses Roost, it remains Flying-type.\n|move|p1a: Gastrodon|Earth Power|p2a: Corviknight\n|-immune|p2a: Corviknight\n|\n|-heal|p1a: Gastrodon|39\/100 tox|[from] item: Leftovers\n|-damage|p1a: Gastrodon|3\/100 tox|[from] psn\n|upkeep\n|turn|21\n|\n|t:|1700331954\n|move|p2a: Corviknight|Roost|p2a: Corviknight\n|-heal|p2a: Corviknight|100\/100\n|-hint|If a Flying Terastallized Pokemon uses Roost, it remains Flying-type.\n|move|p1a: Gastrodon|Tera Blast|p2a: Corviknight|[anim] Tera Blast Fire\n|-damage|p2a: Corviknight|63\/100\n|\n|-heal|p1a: Gastrodon|9\/100 tox|[from] item: Leftovers\n|-damage|p1a: Gastrodon|0 fnt|[from] psn\n|faint|p1a: Gastrodon\n|upkeep\n|\n|t:|1700331956\n|switch|p1a: Gholdengo|Gholdengo|100\/100\n|-damage|p1a: Gholdengo|94\/100|[from] Stealth Rock\n|turn|22\n|\n|t:|1700331970\n|switch|p2a: Blissey|Blissey, F|76\/100\n|move|p1a: Gholdengo|Shadow Ball|p2a: Blissey\n|-immune|p2a: Blissey\n|\n|-heal|p1a: Gholdengo|100\/100|[from] item: Leftovers\n|upkeep\n|turn|23\n|\n|t:|1700331978\n|move|p1a: Gholdengo|Make It Rain|p2a: Blissey\n|-damage|p2a: Blissey|58\/100\n|-unboost|p1a: Gholdengo|spa|1\n|move|p2a: Blissey|Seismic Toss|p1a: Gholdengo\n|-immune|p1a: Gholdengo\n|\n|upkeep\n|turn|24\n|\n|t:|1700331990\n|switch|p1a: Dragapult|Dragapult, F|100\/100\n|-damage|p1a: Dragapult|88\/100|[from] Stealth Rock\n|move|p2a: Blissey|Seismic Toss|p1a: Dragapult\n|-immune|p1a: Dragapult\n|\n|upkeep\n|turn|25\n|\n|t:|1700331996\n|switch|p2a: Garganacl|Garganacl, M|100\/100\n|move|p1a: Dragapult|Dragon Dance|p1a: Dragapult\n|-boost|p1a: Dragapult|atk|1\n|-boost|p1a: Dragapult|spe|1\n|\n|upkeep\n|turn|26\n|\n|t:|1700332003\n|move|p1a: Dragapult|Dragon Dance|p1a: Dragapult\n|-boost|p1a: Dragapult|atk|1\n|-boost|p1a: Dragapult|spe|1\n|move|p2a: Garganacl|Salt Cure|p1a: Dragapult\n|-damage|p1a: Dragapult|66\/100\n|-start|p1a: Dragapult|Salt Cure\n|\n|-damage|p1a: Dragapult|54\/100|[from] Salt Cure\n|upkeep\n|turn|27\n|\n|t:|1700332011\n|switch|p2a: Corviknight|Corviknight, F, tera:Flying|63\/100\n|-ability|p2a: Corviknight|Pressure\n|move|p1a: Dragapult|Dragon Dance|p1a: Dragapult\n|-boost|p1a: Dragapult|atk|1\n|-boost|p1a: Dragapult|spe|1\n|\n|-damage|p1a: Dragapult|42\/100|[from] Salt Cure\n|upkeep\n|turn|28\n|\n|t:|1700332019\n|move|p1a: Dragapult|Dragon Darts|p2a: Corviknight\n|-damage|p2a: Corviknight|20\/100\n|-anim|p1a: Dragapult|Dragon Darts|p2a: Corviknight\n|-damage|p2a: Corviknight|0 fnt\n|faint|p2a: Corviknight\n|\n|-damage|p1a: Dragapult|29\/100|[from] Salt Cure\n|upkeep\n|\n|t:|1700332028\n|switch|p2a: Clodsire|Clodsire, F|100\/100\n|turn|29\n|\n|t:|1700332031\n|move|p1a: Dragapult|Dragon Darts|p2a: Clodsire\n|-crit|p2a: Clodsire\n|-damage|p2a: Clodsire|56\/100\n|-anim|p1a: Dragapult|Dragon Darts|p2a: Clodsire\n|-damage|p2a: Clodsire|28\/100\n|move|p2a: Clodsire|Earthquake|p1a: Dragapult\n|-damage|p1a: Dragapult|0 fnt\n|faint|p1a: Dragapult\n|\n|upkeep\n|\n|t:|1700332041\n|switch|p1a: Corviknight|Corviknight, M|100\/100\n|-damage|p1a: Corviknight|88\/100|[from] Stealth Rock\n|turn|30\n|\n|t:|1700332050\n|switch|p2a: Toxapex|Toxapex, F|100\/100\n|move|p1a: Corviknight|Agility|p1a: Corviknight\n|-boost|p1a: Corviknight|spe|2\n|\n|upkeep\n|turn|31\n|\n|t:|1700332055\n|move|p1a: Corviknight|Agility|p1a: Corviknight\n|-boost|p1a: Corviknight|spe|2\n|move|p2a: Toxapex|Chilling Water|p1a: Corviknight\n|-damage|p1a: Corviknight|80\/100\n|-ability|p1a: Corviknight|Mirror Armor\n|-unboost|p2a: Toxapex|atk|1\n|\n|upkeep\n|turn|32\n|\n|t:|1700332060\n|move|p1a: Corviknight|Bulk Up|p1a: Corviknight\n|-boost|p1a: Corviknight|atk|1\n|-boost|p1a: Corviknight|def|1\n|move|p2a: Toxapex|Haze|p2a: Toxapex\n|-clearallboost\n|\n|upkeep\n|turn|33\n|\n|t:|1700332075\n|switch|p2a: Garganacl|Garganacl, M|100\/100\n|move|p1a: Corviknight|Bulk Up|p1a: Corviknight\n|-boost|p1a: Corviknight|atk|1\n|-boost|p1a: Corviknight|def|1\n|\n|upkeep\n|turn|34\n|\n|t:|1700332078\n|move|p1a: Corviknight|Agility|p1a: Corviknight\n|-boost|p1a: Corviknight|spe|2\n|move|p2a: Garganacl|Salt Cure|p1a: Corviknight\n|-damage|p1a: Corviknight|73\/100\n|-start|p1a: Corviknight|Salt Cure\n|\n|-damage|p1a: Corviknight|48\/100|[from] Salt Cure\n|upkeep\n|turn|35\n|\n|t:|1700332086\n|switch|p2a: Toxapex|Toxapex, F|100\/100\n|move|p1a: Corviknight|Roost|p1a: Corviknight\n|-heal|p1a: Corviknight|98\/100\n|-singleturn|p1a: Corviknight|move: Roost\n|\n|-damage|p1a: Corviknight|73\/100|[from] Salt Cure\n|upkeep\n|turn|36\n|\n|t:|1700332091\n|move|p1a: Corviknight|Agility|p1a: Corviknight\n|-boost|p1a: Corviknight|spe|2\n|move|p2a: Toxapex|Haze|p2a: Toxapex\n|-clearallboost\n|\n|-damage|p1a: Corviknight|48\/100|[from] Salt Cure\n|upkeep\n|turn|37\n|\n|t:|1700332100\n|switch|p1a: Zapdos|Zapdos|79\/100\n|switch|p2a: Garganacl|Garganacl, M|100\/100\n|\n|upkeep\n|turn|38\n|\n|t:|1700332108\n|switch|p2a: Blissey|Blissey, F|58\/100\n|move|p1a: Zapdos|Discharge|p2a: Blissey\n|-damage|p2a: Blissey|46\/100\n|\n|upkeep\n|turn|39\n|\n|t:|1700332113\n|switch|p1a: Gholdengo|Gholdengo|100\/100\n|-damage|p1a: Gholdengo|94\/100|[from] Stealth Rock\n|move|p2a: Blissey|Soft-Boiled|p2a: Blissey\n|-heal|p2a: Blissey|96\/100\n|\n|-heal|p1a: Gholdengo|100\/100|[from] item: Leftovers\n|upkeep\n|turn|40\n|\n|t:|1700332121\n|switch|p2a: Toxapex|Toxapex, F|100\/100\n|move|p1a: Gholdengo|Shadow Ball|p2a: Toxapex\n|-damage|p2a: Toxapex|67\/100\n|\n|-heal|p2a: Toxapex|73\/100|[from] item: Leftovers\n|upkeep\n|turn|41\n|\n|t:|1700332128\n|move|p1a: Gholdengo|Shadow Ball|p2a: Toxapex\n|-damage|p2a: Toxapex|38\/100\n|-unboost|p2a: Toxapex|spd|1\n|move|p2a: Toxapex|Chilling Water|p1a: Gholdengo\n|-damage|p1a: Gholdengo|87\/100\n|-unboost|p1a: Gholdengo|atk|1\n|\n|-heal|p1a: Gholdengo|93\/100|[from] item: Leftovers\n|-heal|p2a: Toxapex|45\/100|[from] item: Leftovers\n|upkeep\n|turn|42\n|\n|t:|1700332136\n|switch|p2a: Blissey|Blissey, F|96\/100\n|move|p1a: Gholdengo|Make It Rain|p2a: Blissey\n|-damage|p2a: Blissey|78\/100\n|-unboost|p1a: Gholdengo|spa|1\n|\n|-heal|p1a: Gholdengo|99\/100|[from] item: Leftovers\n|upkeep\n|turn|43\n|\n|t:|1700332144\n|switch|p1a: Ogerpon|Ogerpon-Wellspring, F|83\/100 tox\n|-damage|p1a: Ogerpon|71\/100 tox|[from] Stealth Rock\n|move|p2a: Blissey|Seismic Toss|p1a: Ogerpon\n|-damage|p1a: Ogerpon|38\/100 tox\n|\n|-damage|p1a: Ogerpon|32\/100 tox|[from] psn\n|upkeep\n|turn|44\n|\n|t:|1700332162\n|switch|p1a: Gholdengo|Gholdengo|99\/100\n|-damage|p1a: Gholdengo|93\/100|[from] Stealth Rock\n|switch|p2a: Toxapex|Toxapex, F|78\/100\n|\n|-heal|p1a: Gholdengo|99\/100|[from] item: Leftovers\n|-heal|p2a: Toxapex|84\/100|[from] item: Leftovers\n|upkeep\n|turn|45\n|\n|t:|1700332169\n|switch|p1a: Ogerpon|Ogerpon-Wellspring, F|32\/100 tox\n|-damage|p1a: Ogerpon|19\/100 tox|[from] Stealth Rock\n|move|p2a: Toxapex|Chilling Water|p1a: Ogerpon\n|-heal|p1a: Ogerpon|44\/100 tox|[from] ability: Water Absorb|[of] p2a: Toxapex\n|\n|-heal|p2a: Toxapex|90\/100|[from] item: Leftovers\n|-damage|p1a: Ogerpon|38\/100 tox|[from] psn\n|upkeep\n|turn|46\n|\n|t:|1700332178\n|move|p1a: Ogerpon|Ivy Cudgel|p2a: Toxapex|[anim] Ivy Cudgel Water\n|-resisted|p2a: Toxapex\n|-damage|p2a: Toxapex|73\/100\n|move|p2a: Toxapex|Recover|p2a: Toxapex\n|-heal|p2a: Toxapex|100\/100\n|\n|-damage|p1a: Ogerpon|26\/100 tox|[from] psn\n|upkeep\n|turn|47\n|\n|t:|1700332186\n|switch|p2a: Gholdengo|Gholdengo|100\/100\n|-item|p2a: Gholdengo|Air Balloon\n|move|p1a: Ogerpon|Horn Leech|p2a: Gholdengo\n|-resisted|p2a: Gholdengo\n|-damage|p2a: Gholdengo|75\/100\n|-heal|p1a: Ogerpon|40\/100 tox|[from] drain|[of] p2a: Gholdengo\n|-enditem|p2a: Gholdengo|Air Balloon\n|\n|-damage|p1a: Ogerpon|22\/100 tox|[from] psn\n|upkeep\n|turn|48\n|\n|t:|1700332197\n|switch|p2a: Toxapex|Toxapex, F|100\/100\n|move|p1a: Ogerpon|U-turn|p2a: Toxapex\n|-resisted|p2a: Toxapex\n|-damage|p2a: Toxapex|91\/100\n|\n|t:|1700332201\n|switch|p1a: Zapdos|Zapdos|79\/100|[from] U-turn\n|\n|-heal|p2a: Toxapex|98\/100|[from] item: Leftovers\n|upkeep\n|turn|49\n|\n|t:|1700332207\n|switch|p1a: Gholdengo|Gholdengo|99\/100\n|-damage|p1a: Gholdengo|93\/100|[from] Stealth Rock\n|switch|p2a: Blissey|Blissey, F|78\/100\n|\n|-heal|p1a: Gholdengo|99\/100|[from] item: Leftovers\n|upkeep\n|turn|50\n|\n|t:|1700332214\n|move|p1a: Gholdengo|Trick|p2a: Blissey\n|-activate|p1a: Gholdengo|move: Trick|[of] p2a: Blissey\n|-item|p2a: Blissey|Leftovers|[from] move: Trick\n|-item|p1a: Gholdengo|Choice Scarf|[from] move: Trick\n|move|p2a: Blissey|Thunder Wave|p1a: Gholdengo\n|-immune|p1a: Gholdengo|[from] ability: Good as Gold\n|\n|-heal|p2a: Blissey|84\/100|[from] item: Leftovers\n|upkeep\n|turn|51\n|\n|t:|1700332224\n|switch|p1a: Zapdos|Zapdos|79\/100\n|move|p2a: Blissey|Soft-Boiled|p2a: Blissey\n|-heal|p2a: Blissey|100\/100\n|\n|upkeep\n|turn|52\n|\n|t:|1700332230\n|switch|p1a: Gholdengo|Gholdengo|99\/100\n|-damage|p1a: Gholdengo|93\/100|[from] Stealth Rock\n|move|p2a: Blissey|Seismic Toss|p1a: Gholdengo\n|-immune|p1a: Gholdengo\n|\n|upkeep\n|turn|53\n|\n|t:|1700332236\n|switch|p1a: Zapdos|Zapdos|79\/100\n|move|p2a: Blissey|Seismic Toss|p1a: Zapdos\n|-damage|p1a: Zapdos|53\/100\n|\n|upkeep\n|turn|54\n|\n|t:|1700332245\n|move|p1a: Zapdos|Roost|p1a: Zapdos\n|-heal|p1a: Zapdos|100\/100\n|-singleturn|p1a: Zapdos|move: Roost\n|move|p2a: Blissey|Seismic Toss|p1a: Zapdos\n|-damage|p1a: Zapdos|74\/100\n|\n|upkeep\n|turn|55\n|\n|t:|1700332249\n|switch|p1a: Gholdengo|Gholdengo|93\/100\n|-damage|p1a: Gholdengo|87\/100|[from] Stealth Rock\n|move|p2a: Blissey|Seismic Toss|p1a: Gholdengo\n|-immune|p1a: Gholdengo\n|\n|upkeep\n|turn|56\n|inactive|bellenguer2 has 120 seconds left.\n|\n|t:|1700332282\n|switch|p1a: Zapdos|Zapdos|74\/100\n|move|p2a: Blissey|Seismic Toss|p1a: Zapdos\n|-damage|p1a: Zapdos|48\/100\n|\n|upkeep\n|turn|57\n|\n|t:|1700332289\n|switch|p2a: Clodsire|Clodsire, F|28\/100\n|move|p1a: Zapdos|Roost|p1a: Zapdos\n|-heal|p1a: Zapdos|98\/100\n|-singleturn|p1a: Zapdos|move: Roost\n|\n|upkeep\n|turn|58\n|\n|t:|1700332301\n|switch|p1a: Corviknight|Corviknight, M|48\/100\n|-damage|p1a: Corviknight|36\/100|[from] Stealth Rock\n|switch|p2a: Toxapex|Toxapex, F|100\/100\n|\n|upkeep\n|turn|59\n|\n|t:|1700332314\n|switch|p2a: Garganacl|Garganacl, M|100\/100\n|move|p1a: Corviknight|Roost|p1a: Corviknight\n|-heal|p1a: Corviknight|86\/100\n|-singleturn|p1a: Corviknight|move: Roost\n|\n|upkeep\n|turn|60\n|\n|t:|1700332320\n|switch|p1a: Gholdengo|Gholdengo|87\/100\n|-damage|p1a: Gholdengo|81\/100|[from] Stealth Rock\n|move|p2a: Garganacl|Salt Cure|p1a: Gholdengo\n|-resisted|p1a: Gholdengo\n|-damage|p1a: Gholdengo|72\/100\n|-start|p1a: Gholdengo|Salt Cure\n|\n|-damage|p1a: Gholdengo|47\/100|[from] Salt Cure\n|upkeep\n|turn|61\n|\n|t:|1700332327\n|switch|p1a: Zapdos|Zapdos|98\/100\n|switch|p2a: Blissey|Blissey, F|100\/100\n|\n|upkeep\n|turn|62\n|\n|t:|1700332332\n|switch|p1a: Gholdengo|Gholdengo|47\/100\n|-damage|p1a: Gholdengo|41\/100|[from] Stealth Rock\n|move|p2a: Blissey|Seismic Toss|p1a: Gholdengo\n|-immune|p1a: Gholdengo\n|\n|upkeep\n|turn|63\n|\n|t:|1700332346\n|switch|p1a: Zapdos|Zapdos|98\/100\n|switch|p2a: Toxapex|Toxapex, F|100\/100\n|\n|upkeep\n|turn|64\n|\n|t:|1700332354\n|switch|p1a: Ogerpon|Ogerpon-Wellspring, F|22\/100 tox\n|-damage|p1a: Ogerpon|10\/100 tox|[from] Stealth Rock\n|move|p2a: Toxapex|Toxic|p1a: Ogerpon\n|-fail|p1a: Ogerpon|tox\n|\n|-damage|p1a: Ogerpon|4\/100 tox|[from] psn\n|upkeep\n|turn|65\n|\n|t:|1700332362\n|move|p1a: Ogerpon|Horn Leech|p2a: Toxapex\n|-damage|p2a: Toxapex|73\/100\n|-heal|p1a: Ogerpon|18\/100 tox|[from] drain|[of] p2a: Toxapex\n|move|p2a: Toxapex|Toxic|p1a: Ogerpon\n|-fail|p1a: Ogerpon|tox\n|\n|-heal|p2a: Toxapex|79\/100|[from] item: Leftovers\n|-damage|p1a: Ogerpon|6\/100 tox|[from] psn\n|upkeep\n|turn|66\n|\n|t:|1700332367\n|move|p1a: Ogerpon|Horn Leech|p2a: Toxapex\n|-damage|p2a: Toxapex|51\/100\n|-heal|p1a: Ogerpon|20\/100 tox|[from] drain|[of] p2a: Toxapex\n|move|p2a: Toxapex|Recover|p2a: Toxapex\n|-heal|p2a: Toxapex|100\/100\n|\n|-damage|p1a: Ogerpon|2\/100 tox|[from] psn\n|upkeep\n|turn|67\n|\n|t:|1700332380\n|move|p1a: Ogerpon|Horn Leech|p2a: Toxapex\n|-damage|p2a: Toxapex|71\/100\n|-heal|p1a: Ogerpon|17\/100 tox|[from] drain|[of] p2a: Toxapex\n|move|p2a: Toxapex|Chilling Water|p1a: Ogerpon\n|-heal|p1a: Ogerpon|42\/100 tox|[from] ability: Water Absorb|[of] p2a: Toxapex\n|\n|-heal|p2a: Toxapex|77\/100|[from] item: Leftovers\n|-damage|p1a: Ogerpon|18\/100 tox|[from] psn\n|upkeep\n|turn|68\n|\n|t:|1700332389\n|move|p1a: Ogerpon|Horn Leech|p2a: Toxapex\n|-damage|p2a: Toxapex|47\/100\n|-heal|p1a: Ogerpon|34\/100 tox|[from] drain|[of] p2a: Toxapex\n|move|p2a: Toxapex|Recover|p2a: Toxapex\n|-heal|p2a: Toxapex|97\/100\n|\n|-heal|p2a: Toxapex|100\/100|[from] item: Leftovers\n|-damage|p1a: Ogerpon|4\/100 tox|[from] psn\n|upkeep\n|turn|69\n|\n|t:|1700332393\n|move|p1a: Ogerpon|Horn Leech|p2a: Toxapex\n|-damage|p2a: Toxapex|70\/100\n|-heal|p1a: Ogerpon|19\/100 tox|[from] drain|[of] p2a: Toxapex\n|move|p2a: Toxapex|Recover|p2a: Toxapex\n|-heal|p2a: Toxapex|100\/100\n|\n|-damage|p1a: Ogerpon|0 fnt|[from] psn\n|faint|p1a: Ogerpon\n|upkeep\n|\n|t:|1700332398\n|switch|p1a: Gholdengo|Gholdengo|41\/100\n|-damage|p1a: Gholdengo|35\/100|[from] Stealth Rock\n|turn|70\n|\n|t:|1700332402\n|switch|p2a: Blissey|Blissey, F|100\/100\n|move|p1a: Gholdengo|Trick|p2a: Blissey\n|-activate|p1a: Gholdengo|move: Trick|[of] p2a: Blissey\n|-item|p2a: Blissey|Choice Scarf|[from] move: Trick\n|-item|p1a: Gholdengo|Leftovers|[from] move: Trick\n|\n|-heal|p1a: Gholdengo|41\/100|[from] item: Leftovers\n|upkeep\n|turn|71\n|\n|t:|1700332412\n|move|p1a: Gholdengo|Dazzling Gleam|p2a: Blissey\n|-damage|p2a: Blissey|93\/100\n|move|p2a: Blissey|Seismic Toss|p1a: Gholdengo\n|-immune|p1a: Gholdengo\n|\n|-heal|p1a: Gholdengo|47\/100|[from] item: Leftovers\n|upkeep\n|turn|72\n|\n|t:|1700332417\n|switch|p2a: Toxapex|Toxapex, F|100\/100\n|move|p1a: Gholdengo|Dazzling Gleam|p2a: Toxapex\n|-resisted|p2a: Toxapex\n|-damage|p2a: Toxapex|89\/100\n|\n|-heal|p1a: Gholdengo|54\/100|[from] item: Leftovers\n|-heal|p2a: Toxapex|95\/100|[from] item: Leftovers\n|upkeep\n|turn|73\n|\n|t:|1700332420\n|move|p1a: Gholdengo|Trick|p2a: Toxapex\n|-activate|p1a: Gholdengo|move: Trick|[of] p2a: Toxapex\n|-item|p2a: Toxapex|Leftovers|[from] move: Trick\n|-item|p1a: Gholdengo|Leftovers|[from] move: Trick\n|move|p2a: Toxapex|Chilling Water|p1a: Gholdengo\n|-damage|p1a: Gholdengo|40\/100\n|-unboost|p1a: Gholdengo|atk|1\n|\n|-heal|p1a: Gholdengo|46\/100|[from] item: Leftovers\n|-heal|p2a: Toxapex|100\/100|[from] item: Leftovers\n|upkeep\n|turn|74\n|\n|t:|1700332432\n|move|p1a: Gholdengo|Trick|p2a: Toxapex\n|-activate|p1a: Gholdengo|move: Trick|[of] p2a: Toxapex\n|-item|p2a: Toxapex|Leftovers|[from] move: Trick\n|-item|p1a: Gholdengo|Leftovers|[from] move: Trick\n|move|p2a: Toxapex|Chilling Water|p1a: Gholdengo\n|-damage|p1a: Gholdengo|34\/100\n|-unboost|p1a: Gholdengo|atk|1\n|\n|-heal|p1a: Gholdengo|40\/100|[from] item: Leftovers\n|upkeep\n|turn|75\n|\n|t:|1700332435\n|move|p1a: Gholdengo|Trick|p2a: Toxapex\n|-activate|p1a: Gholdengo|move: Trick|[of] p2a: Toxapex\n|-item|p2a: Toxapex|Leftovers|[from] move: Trick\n|-item|p1a: Gholdengo|Leftovers|[from] move: Trick\n|move|p2a: Toxapex|Chilling Water|p1a: Gholdengo\n|-damage|p1a: Gholdengo|28\/100\n|-unboost|p1a: Gholdengo|atk|1\n|\n|-heal|p1a: Gholdengo|34\/100|[from] item: Leftovers\n|upkeep\n|turn|76\n|\n|t:|1700332438\n|move|p1a: Gholdengo|Shadow Ball|p2a: Toxapex\n|-damage|p2a: Toxapex|65\/100\n|move|p2a: Toxapex|Chilling Water|p1a: Gholdengo\n|-crit|p1a: Gholdengo\n|-damage|p1a: Gholdengo|17\/100\n|-unboost|p1a: Gholdengo|atk|1\n|\n|-heal|p1a: Gholdengo|23\/100|[from] item: Leftovers\n|-heal|p2a: Toxapex|71\/100|[from] item: Leftovers\n|upkeep\n|turn|77\n|\n|t:|1700332441\n|move|p1a: Gholdengo|Shadow Ball|p2a: Toxapex\n|-damage|p2a: Toxapex|40\/100\n|move|p2a: Toxapex|Chilling Water|p1a: Gholdengo\n|-damage|p1a: Gholdengo|10\/100\n|-unboost|p1a: Gholdengo|atk|1\n|\n|-heal|p1a: Gholdengo|16\/100|[from] item: Leftovers\n|-heal|p2a: Toxapex|46\/100|[from] item: Leftovers\n|upkeep\n|turn|78\n|\n|t:|1700332445\n|move|p1a: Gholdengo|Shadow Ball|p2a: Toxapex\n|-damage|p2a: Toxapex|12\/100\n|-unboost|p2a: Toxapex|spd|1\n|move|p2a: Toxapex|Recover|p2a: Toxapex\n|-heal|p2a: Toxapex|62\/100\n|\n|-heal|p1a: Gholdengo|22\/100|[from] item: Leftovers\n|-heal|p2a: Toxapex|69\/100|[from] item: Leftovers\n|upkeep\n|turn|79\n|\n|t:|1700332448\n|switch|p2a: Blissey|Blissey, F|93\/100\n|move|p1a: Gholdengo|Shadow Ball|p2a: Blissey\n|-immune|p2a: Blissey\n|\n|-heal|p1a: Gholdengo|28\/100|[from] item: Leftovers\n|upkeep\n|turn|80\n|\n|t:|1700332452\n|switch|p2a: Toxapex|Toxapex, F|100\/100\n|move|p1a: Gholdengo|Trick|p2a: Toxapex\n|-activate|p1a: Gholdengo|move: Trick|[of] p2a: Toxapex\n|-item|p2a: Toxapex|Leftovers|[from] move: Trick\n|-item|p1a: Gholdengo|Leftovers|[from] move: Trick\n|\n|-heal|p1a: Gholdengo|34\/100|[from] item: Leftovers\n|upkeep\n|turn|81\n|\n|t:|1700332454\n|move|p1a: Gholdengo|Shadow Ball|p2a: Toxapex\n|-damage|p2a: Toxapex|69\/100\n|move|p2a: Toxapex|Chilling Water|p1a: Gholdengo\n|-damage|p1a: Gholdengo|21\/100\n|-unboost|p1a: Gholdengo|atk|1\n|\n|-heal|p1a: Gholdengo|27\/100|[from] item: Leftovers\n|-heal|p2a: Toxapex|75\/100|[from] item: Leftovers\n|upkeep\n|turn|82\n|\n|t:|1700332457\n|move|p1a: Gholdengo|Shadow Ball|p2a: Toxapex\n|-damage|p2a: Toxapex|40\/100\n|move|p2a: Toxapex|Chilling Water|p1a: Gholdengo\n|-damage|p1a: Gholdengo|15\/100\n|\n|-heal|p1a: Gholdengo|21\/100|[from] item: Leftovers\n|-heal|p2a: Toxapex|46\/100|[from] item: Leftovers\n|upkeep\n|turn|83\n|\n|t:|1700332463\n|move|p1a: Gholdengo|Shadow Ball|p2a: Toxapex\n|-damage|p2a: Toxapex|13\/100\n|move|p2a: Toxapex|Chilling Water|p1a: Gholdengo\n|-damage|p1a: Gholdengo|8\/100\n|\n|-heal|p1a: Gholdengo|14\/100|[from] item: Leftovers\n|-heal|p2a: Toxapex|19\/100|[from] item: Leftovers\n|upkeep\n|turn|84\n|\n|t:|1700332466\n|switch|p2a: Blissey|Blissey, F|93\/100\n|move|p1a: Gholdengo|Dazzling Gleam|p2a: Blissey\n|-damage|p2a: Blissey|86\/100\n|\n|-heal|p1a: Gholdengo|20\/100|[from] item: Leftovers\n|upkeep\n|turn|85\n|\n|t:|1700332469\n|switch|p2a: Toxapex|Toxapex, F|52\/100\n|move|p1a: Gholdengo|Make It Rain|p2a: Toxapex\n|-resisted|p2a: Toxapex\n|-damage|p2a: Toxapex|27\/100\n|-unboost|p1a: Gholdengo|spa|1\n|\n|-heal|p1a: Gholdengo|27\/100|[from] item: Leftovers\n|-heal|p2a: Toxapex|33\/100|[from] item: Leftovers\n|upkeep\n|turn|86\n|\n|t:|1700332473\n|switch|p2a: Blissey|Blissey, F|86\/100\n|move|p1a: Gholdengo|Shadow Ball|p2a: Blissey\n|-immune|p2a: Blissey\n|\n|-heal|p1a: Gholdengo|33\/100|[from] item: Leftovers\n|upkeep\n|turn|87\n|\n|t:|1700332479\n|switch|p2a: Toxapex|Toxapex, F|67\/100\n|move|p1a: Gholdengo|Trick|p2a: Toxapex\n|-activate|p1a: Gholdengo|move: Trick|[of] p2a: Toxapex\n|-item|p2a: Toxapex|Leftovers|[from] move: Trick\n|-item|p1a: Gholdengo|Leftovers|[from] move: Trick\n|\n|-heal|p1a: Gholdengo|39\/100|[from] item: Leftovers\n|-heal|p2a: Toxapex|73\/100|[from] item: Leftovers\n|upkeep\n|turn|88\n|\n|t:|1700332481\n|switch|p2a: Blissey|Blissey, F|86\/100\n|move|p1a: Gholdengo|Trick|p2a: Blissey\n|-activate|p1a: Gholdengo|move: Trick|[of] p2a: Blissey\n|-item|p2a: Blissey|Leftovers|[from] move: Trick\n|-item|p1a: Gholdengo|Choice Scarf|[from] move: Trick\n|\n|-heal|p2a: Blissey|92\/100|[from] item: Leftovers\n|upkeep\n|turn|89\n|\n|t:|1700332486\n|switch|p2a: Toxapex|Toxapex, F|100\/100\n|move|p1a: Gholdengo|Trick|p2a: Toxapex\n|-activate|p1a: Gholdengo|move: Trick|[of] p2a: Toxapex\n|-item|p2a: Toxapex|Choice Scarf|[from] move: Trick\n|-item|p1a: Gholdengo|Leftovers|[from] move: Trick\n|\n|-heal|p1a: Gholdengo|45\/100|[from] item: Leftovers\n|upkeep\n|turn|90\n|\n|t:|1700332491\n|move|p1a: Gholdengo|Trick|p2a: Toxapex\n|-activate|p1a: Gholdengo|move: Trick|[of] p2a: Toxapex\n|-item|p2a: Toxapex|Leftovers|[from] move: Trick\n|-item|p1a: Gholdengo|Choice Scarf|[from] move: Trick\n|move|p2a: Toxapex|Chilling Water|p1a: Gholdengo\n|-damage|p1a: Gholdengo|31\/100\n|\n|upkeep\n|turn|91\n|\n|t:|1700332493\n|move|p1a: Gholdengo|Trick|p2a: Toxapex\n|-activate|p1a: Gholdengo|move: Trick|[of] p2a: Toxapex\n|-item|p2a: Toxapex|Choice Scarf|[from] move: Trick\n|-item|p1a: Gholdengo|Leftovers|[from] move: Trick\n|move|p2a: Toxapex|Chilling Water|p1a: Gholdengo\n|-damage|p1a: Gholdengo|18\/100\n|\n|-heal|p1a: Gholdengo|24\/100|[from] item: Leftovers\n|upkeep\n|turn|92\n|\n|t:|1700332497\n|move|p1a: Gholdengo|Shadow Ball|p2a: Toxapex\n|-damage|p2a: Toxapex|77\/100\n|move|p2a: Toxapex|Chilling Water|p1a: Gholdengo\n|-damage|p1a: Gholdengo|11\/100\n|\n|-heal|p1a: Gholdengo|17\/100|[from] item: Leftovers\n|upkeep\n|turn|93\n|\n|t:|1700332500\n|move|p1a: Gholdengo|Shadow Ball|p2a: Toxapex\n|-damage|p2a: Toxapex|55\/100\n|move|p2a: Toxapex|Chilling Water|p1a: Gholdengo\n|-damage|p1a: Gholdengo|6\/100\n|\n|-heal|p1a: Gholdengo|12\/100|[from] item: Leftovers\n|upkeep\n|turn|94\n|\n|t:|1700332504\n|move|p1a: Gholdengo|Shadow Ball|p2a: Toxapex\n|-damage|p2a: Toxapex|31\/100\n|move|p2a: Toxapex|Chilling Water|p1a: Gholdengo\n|-damage|p1a: Gholdengo|0 fnt\n|faint|p1a: Gholdengo\n|\n|upkeep\n|\n|t:|1700332512\n|switch|p1a: Corviknight|Corviknight, M|86\/100\n|-damage|p1a: Corviknight|74\/100|[from] Stealth Rock\n|turn|95\n|\n|t:|1700332516\n|switch|p2a: Garganacl|Garganacl, M|100\/100\n|move|p1a: Corviknight|Agility|p1a: Corviknight\n|-boost|p1a: Corviknight|spe|2\n|\n|upkeep\n|turn|96\n|\n|t:|1700332519\n|move|p1a: Corviknight|Agility|p1a: Corviknight\n|-boost|p1a: Corviknight|spe|2\n|move|p2a: Garganacl|Salt Cure|p1a: Corviknight\n|-damage|p1a: Corviknight|63\/100\n|-start|p1a: Corviknight|Salt Cure\n|\n|-damage|p1a: Corviknight|38\/100|[from] Salt Cure\n|upkeep\n|turn|97\n|\n|t:|1700332526\n|move|p1a: Corviknight|Bulk Up|p1a: Corviknight\n|-boost|p1a: Corviknight|atk|1\n|-boost|p1a: Corviknight|def|1\n|move|p2a: Garganacl|Body Press|p1a: Corviknight\n|-damage|p1a: Corviknight|25\/100\n|\n|-damage|p1a: Corviknight|0 fnt|[from] Salt Cure\n|faint|p1a: Corviknight\n|upkeep\n|\n|t:|1700332529\n|switch|p1a: Zapdos|Zapdos|98\/100\n|turn|98\n|\n|t:|1700332535\n|switch|p2a: Blissey|Blissey, F|92\/100\n|move|p1a: Zapdos|Discharge|p2a: Blissey\n|-damage|p2a: Blissey|78\/100\n|-status|p2a: Blissey|par\n|\n|-heal|p2a: Blissey|84\/100 par|[from] item: Leftovers\n|upkeep\n|turn|99\n|\n|t:|1700332540\n|-curestatus|p2a: Blissey|par|[from] ability: Natural Cure\n|switch|p2a: Clodsire|Clodsire, F|28\/100\n|move|p1a: Zapdos|Discharge|p2a: Clodsire\n|-immune|p2a: Clodsire\n|\n|upkeep\n|turn|100\n|\n|t:|1700332545\n|move|p1a: Zapdos|Ancient Power|p2a: Clodsire\n|-resisted|p2a: Clodsire\n|-damage|p2a: Clodsire|22\/100\n|move|p2a: Clodsire|Recover|p2a: Clodsire\n|-heal|p2a: Clodsire|72\/100\n|\n|upkeep\n|turn|101\n|\n|t:|1700332550\n|move|p1a: Zapdos|Ancient Power|p2a: Clodsire\n|-resisted|p2a: Clodsire\n|-damage|p2a: Clodsire|66\/100\n|move|p2a: Clodsire|Recover|p2a: Clodsire\n|-heal|p2a: Clodsire|100\/100\n|\n|upkeep\n|turn|102\n|\n|t:|1700332552\n|move|p1a: Zapdos|Ancient Power|p2a: Clodsire\n|-resisted|p2a: Clodsire\n|-damage|p2a: Clodsire|95\/100\n|-boost|p1a: Zapdos|atk|1\n|-boost|p1a: Zapdos|def|1\n|-boost|p1a: Zapdos|spa|1\n|-boost|p1a: Zapdos|spd|1\n|-boost|p1a: Zapdos|spe|1\n|move|p2a: Clodsire|Toxic|p1a: Zapdos\n|-status|p1a: Zapdos|tox\n|\n|-damage|p1a: Zapdos|92\/100 tox|[from] psn\n|upkeep\n|turn|103\n|\n|t:|1700332560\n|switch|p2a: Garganacl|Garganacl, M|100\/100\n|move|p1a: Zapdos|Ancient Power|p2a: Garganacl\n|-crit|p2a: Garganacl\n|-damage|p2a: Garganacl|69\/100\n|\n|-damage|p1a: Zapdos|80\/100 tox|[from] psn\n|upkeep\n|turn|104\n|\n|t:|1700332569\n|move|p1a: Zapdos|Ancient Power|p2a: Garganacl\n|-damage|p2a: Garganacl|46\/100\n|-boost|p1a: Zapdos|atk|1\n|-boost|p1a: Zapdos|def|1\n|-boost|p1a: Zapdos|spa|1\n|-boost|p1a: Zapdos|spd|1\n|-boost|p1a: Zapdos|spe|1\n|move|p2a: Garganacl|Recover|p2a: Garganacl\n|-heal|p2a: Garganacl|96\/100\n|\n|-damage|p1a: Zapdos|62\/100 tox|[from] psn\n|upkeep\n|turn|105\n|\n|t:|1700332573\n|move|p1a: Zapdos|Discharge|p2a: Garganacl\n|-damage|p2a: Garganacl|42\/100\n|move|p2a: Garganacl|Salt Cure|p1a: Zapdos\n|-supereffective|p1a: Zapdos\n|-damage|p1a: Zapdos|46\/100 tox\n|-start|p1a: Zapdos|Salt Cure\n|\n|-damage|p1a: Zapdos|22\/100 tox|[from] psn\n|-damage|p1a: Zapdos|10\/100 tox|[from] Salt Cure\n|upkeep\n|turn|106\n|\n|t:|1700332581\n|switch|p2a: Blissey|Blissey, F|84\/100\n|move|p1a: Zapdos|Discharge|p2a: Blissey\n|-damage|p2a: Blissey|58\/100\n|-status|p2a: Blissey|par\n|\n|-heal|p2a: Blissey|64\/100 par|[from] item: Leftovers\n|-damage|p1a: Zapdos|0 fnt|[from] psn\n|faint|p1a: Zapdos\n|\n|win|bellenguer2\n|upkeep\n|raw|destro1995's rating: 1168 &rarr; <strong>1138<\/strong><br \/>(-30 for losing)\n|raw|bellenguer2's rating: 1092 &rarr; <strong>1124<\/strong><br \/>(+32 for winning)\n|l|\u2606destro1995\n","uploadtime":1700332594,"views":8,"p1id":"destro1995","p2id":"bellenguer2","formatid":"gen9ou","rating":1124,"private":0,"password":""}