{"id":"gen9ou-1991084068","p1":"Fougere22","p2":"UnexpectdSets","format":"[Gen 9] OU","log":"|j|\u2606Fougere22\n|j|\u2606UnexpectdSets\n|t:|1700040319\n|gametype|singles\n|player|p1|Fougere22|cheryl|1266\n|player|p2|UnexpectdSets|ninjaboy|1218\n|teamsize|p1|6\n|teamsize|p2|6\n|gen|9\n|tier|[Gen 9] OU\n|rated|\n|rule|Sleep Clause Mod: Limit one foe put to sleep\n|rule|Species Clause: Limit one of each Pok\u00e9mon\n|rule|OHKO Clause: OHKO moves are banned\n|rule|Evasion Items Clause: Evasion items are banned\n|rule|Evasion Moves Clause: Evasion moves are banned\n|rule|Endless Battle Clause: Forcing endless battles is banned\n|rule|HP Percentage Mod: HP is shown in percentages\n|clearpoke\n|poke|p1|Heatran, F|\n|poke|p1|Enamorus, F|\n|poke|p1|Dondozo, M|\n|poke|p1|Great Tusk|\n|poke|p1|Iron Moth|\n|poke|p1|Dragonite, M|\n|poke|p2|Overqwil, M|\n|poke|p2|Weezing-Galar, M|\n|poke|p2|Inteleon, M|\n|poke|p2|Rotom-Heat|\n|poke|p2|Tinkaton, F|\n|poke|p2|Ceruledge, M|\n|teampreview\n|c|\u2606Fougere22|ooooh inteleon\n|c|\u2606Fougere22|i love this pokemon\n|inactive|Battle timer is ON: inactive players will automatically lose when time's up. (requested by Fougere22)\n|\n|t:|1700040339\n|start\n|switch|p1a: Heatran|Heatran, F|100\/100\n|switch|p2a: Super Lizard|Inteleon, M|100\/100\n|turn|1\n|\n|t:|1700040350\n|switch|p1a: Dondozo|Dondozo, M|100\/100\n|move|p2a: Super Lizard|Snipe Shot|p1a: Dondozo\n|-resisted|p1a: Dondozo\n|-damage|p1a: Dondozo|80\/100\n|\n|-heal|p1a: Dondozo|87\/100|[from] item: Leftovers\n|upkeep\n|turn|2\n|\n|t:|1700040361\n|switch|p2a: Banhammer|Tinkaton, F|100\/100\n|-ability|p2a: Banhammer|Mold Breaker\n|move|p1a: Dondozo|Curse|p1a: Dondozo\n|-unboost|p1a: Dondozo|spe|1\n|-boost|p1a: Dondozo|atk|1\n|-boost|p1a: Dondozo|def|1\n|\n|-heal|p1a: Dondozo|93\/100|[from] item: Leftovers\n|upkeep\n|turn|3\n|\n|t:|1700040381\n|move|p2a: Banhammer|Encore|p1a: Dondozo\n|-start|p1a: Dondozo|Encore\n|move|p1a: Dondozo|Curse|p1a: Dondozo\n|-unboost|p1a: Dondozo|spe|1\n|-boost|p1a: Dondozo|atk|1\n|-boost|p1a: Dondozo|def|1\n|\n|-heal|p1a: Dondozo|99\/100|[from] item: Leftovers\n|upkeep\n|turn|4\n|\n|t:|1700040395\n|switch|p2a: Rotom|Rotom-Heat|100\/100\n|switch|p1a: Dragonite|Dragonite, M|100\/100\n|\n|upkeep\n|turn|5\n|\n|t:|1700040399\n|move|p1a: Dragonite|Dragon Dance|p1a: Dragonite\n|-boost|p1a: Dragonite|atk|1\n|-boost|p1a: Dragonite|spe|1\n|move|p2a: Rotom|Will-O-Wisp|p1a: Dragonite\n|-status|p1a: Dragonite|brn\n|\n|-damage|p1a: Dragonite|94\/100 brn|[from] brn\n|upkeep\n|turn|6\n|\n|t:|1700040408\n|move|p1a: Dragonite|Extreme Speed|p2a: Rotom\n|-damage|p2a: Rotom|82\/100\n|move|p2a: Rotom|Volt Switch|p1a: Dragonite\n|-damage|p1a: Dragonite|65\/100 brn\n|\n|t:|1700040427\n|switch|p2a: Elite Weedsmoke|Weezing-Galar, M|100\/100|[from] Volt Switch\n|\n|-damage|p1a: Dragonite|58\/100 brn|[from] brn\n|upkeep\n|turn|7\n|\n|t:|1700040435\n|move|p1a: Dragonite|Roost|p1a: Dragonite\n|-heal|p1a: Dragonite|100\/100 brn\n|-singleturn|p1a: Dragonite|move: Roost\n|move|p2a: Elite Weedsmoke|Strange Steam|p1a: Dragonite\n|-supereffective|p1a: Dragonite\n|-damage|p1a: Dragonite|71\/100 brn\n|\n|-damage|p1a: Dragonite|65\/100 brn|[from] brn\n|upkeep\n|turn|8\n|\n|t:|1700040447\n|move|p1a: Dragonite|Extreme Speed|p2a: Elite Weedsmoke\n|-damage|p2a: Elite Weedsmoke|82\/100\n|move|p2a: Elite Weedsmoke|Strange Steam|p1a: Dragonite\n|-supereffective|p1a: Dragonite\n|-damage|p1a: Dragonite|11\/100 brn\n|\n|-heal|p2a: Elite Weedsmoke|88\/100|[from] item: Leftovers\n|-damage|p1a: Dragonite|5\/100 brn|[from] brn\n|upkeep\n|turn|9\n|\n|t:|1700040465\n|move|p1a: Dragonite|Extreme Speed|p2a: Elite Weedsmoke\n|-damage|p2a: Elite Weedsmoke|67\/100\n|move|p2a: Elite Weedsmoke|Strange Steam|p1a: Dragonite\n|-supereffective|p1a: Dragonite\n|-crit|p1a: Dragonite\n|-damage|p1a: Dragonite|0 fnt\n|faint|p1a: Dragonite\n|\n|-heal|p2a: Elite Weedsmoke|73\/100|[from] item: Leftovers\n|upkeep\n|\n|t:|1700040478\n|switch|p1a: Enamorus|Enamorus, F|100\/100\n|turn|10\n|\n|t:|1700040486\n|move|p1a: Enamorus|Substitute|p1a: Enamorus\n|-start|p1a: Enamorus|Substitute\n|-damage|p1a: Enamorus|76\/100\n|move|p2a: Elite Weedsmoke|Strange Steam|p1a: Enamorus\n|-end|p1a: Enamorus|Substitute\n|\n|-heal|p1a: Enamorus|82\/100|[from] item: Leftovers\n|-heal|p2a: Elite Weedsmoke|79\/100|[from] item: Leftovers\n|upkeep\n|turn|11\n|\n|t:|1700040492\n|move|p1a: Enamorus|Moonblast|p2a: Elite Weedsmoke\n|-resisted|p2a: Elite Weedsmoke\n|-damage|p2a: Elite Weedsmoke|57\/100\n|move|p2a: Elite Weedsmoke|Strange Steam|p1a: Enamorus\n|-damage|p1a: Enamorus|43\/100\n|\n|-heal|p1a: Enamorus|49\/100|[from] item: Leftovers\n|-heal|p2a: Elite Weedsmoke|63\/100|[from] item: Leftovers\n|upkeep\n|turn|12\n|\n|t:|1700040501\n|move|p1a: Enamorus|Moonblast|p2a: Elite Weedsmoke\n|-resisted|p2a: Elite Weedsmoke\n|-damage|p2a: Elite Weedsmoke|41\/100\n|move|p2a: Elite Weedsmoke|Strange Steam|p1a: Enamorus\n|-damage|p1a: Enamorus|7\/100\n|\n|-heal|p1a: Enamorus|14\/100|[from] item: Leftovers\n|-heal|p2a: Elite Weedsmoke|47\/100|[from] item: Leftovers\n|upkeep\n|turn|13\n|\n|t:|1700040511\n|move|p1a: Enamorus|Healing Wish|p1a: Enamorus\n|faint|p1a: Enamorus\n|move|p2a: Elite Weedsmoke|Strange Steam|p1: Enamorus|[notarget]\n|-fail|p2a: Elite Weedsmoke\n|\n|-heal|p2a: Elite Weedsmoke|53\/100|[from] item: Leftovers\n|upkeep\n|\n|t:|1700040520\n|switch|p1a: Great Tusk|Great Tusk|100\/100\n|turn|14\n|\n|t:|1700040524\n|move|p1a: Great Tusk|Stealth Rock|p2a: Elite Weedsmoke\n|-sidestart|p2: UnexpectdSets|move: Stealth Rock\n|move|p2a: Elite Weedsmoke|Pain Split|p1a: Great Tusk\n|-sethp|p1a: Great Tusk|74\/100|[from] move: Pain Split|[silent]\n|-sethp|p2a: Elite Weedsmoke|82\/100|[from] move: Pain Split\n|\n|-heal|p2a: Elite Weedsmoke|88\/100|[from] item: Leftovers\n|upkeep\n|turn|15\n|\n|t:|1700040533\n|move|p1a: Great Tusk|Rapid Spin|p2a: Elite Weedsmoke\n|-damage|p2a: Elite Weedsmoke|74\/100\n|-boost|p1a: Great Tusk|spe|1\n|move|p2a: Elite Weedsmoke|Defog|p1a: Great Tusk\n|-unboost|p1a: Great Tusk|evasion|1\n|-sideend|p2: UnexpectdSets|Stealth Rock|[from] move: Defog|[of] p2a: Elite Weedsmoke\n|\n|-heal|p2a: Elite Weedsmoke|80\/100|[from] item: Leftovers\n|upkeep\n|turn|16\n|\n|t:|1700040540\n|move|p1a: Great Tusk|Rapid Spin|p2a: Elite Weedsmoke\n|-damage|p2a: Elite Weedsmoke|64\/100\n|-boost|p1a: Great Tusk|spe|1\n|move|p2a: Elite Weedsmoke|Will-O-Wisp|p1a: Great Tusk\n|-status|p1a: Great Tusk|brn\n|\n|-heal|p2a: Elite Weedsmoke|70\/100|[from] item: Leftovers\n|-damage|p1a: Great Tusk|68\/100 brn|[from] brn\n|upkeep\n|turn|17\n|\n|t:|1700040543\n|move|p1a: Great Tusk|Rapid Spin|p2a: Elite Weedsmoke\n|-damage|p2a: Elite Weedsmoke|63\/100\n|-boost|p1a: Great Tusk|spe|1\n|move|p2a: Elite Weedsmoke|Strange Steam|p1a: Great Tusk\n|-supereffective|p1a: Great Tusk\n|-damage|p1a: Great Tusk|0 fnt\n|faint|p1a: Great Tusk\n|-end|p1a: Great Tusk|Protosynthesis|[silent]\n|\n|-heal|p2a: Elite Weedsmoke|69\/100|[from] item: Leftovers\n|upkeep\n|\n|t:|1700040549\n|switch|p1a: Iron Moth|Iron Moth|100\/100\n|-enditem|p1a: Iron Moth|Booster Energy\n|-activate|p1a: Iron Moth|ability: Quark Drive|[fromitem]\n|-start|p1a: Iron Moth|quarkdrivespa\n|turn|18\n|\n|t:|1700040566\n|move|p1a: Iron Moth|Substitute|p1a: Iron Moth\n|-start|p1a: Iron Moth|Substitute\n|-damage|p1a: Iron Moth|76\/100\n|move|p2a: Elite Weedsmoke|Defog||[still]\n|-fail|p2a: Elite Weedsmoke\n|\n|-heal|p2a: Elite Weedsmoke|75\/100|[from] item: Leftovers\n|upkeep\n|turn|19\n|\n|t:|1700040581\n|switch|p2a: Rotom|Rotom-Heat|82\/100\n|move|p1a: Iron Moth|Morning Sun|p1a: Iron Moth\n|-heal|p1a: Iron Moth|100\/100\n|\n|upkeep\n|turn|20\n|\n|t:|1700040583\n|move|p1a: Iron Moth|Sludge Wave|p2a: Rotom\n|-damage|p2a: Rotom|14\/100\n|move|p2a: Rotom|Volt Switch|p1a: Iron Moth\n|-end|p1a: Iron Moth|Substitute\n|\n|t:|1700040594\n|switch|p2a: Super Lizard|Inteleon, M|100\/100|[from] Volt Switch\n|\n|upkeep\n|turn|21\n|\n|t:|1700040607\n|move|p2a: Super Lizard|Snipe Shot|p1a: Iron Moth\n|-supereffective|p1a: Iron Moth\n|-damage|p1a: Iron Moth|9\/100\n|move|p1a: Iron Moth|Sludge Wave|p2a: Super Lizard\n|-damage|p2a: Super Lizard|0 fnt\n|faint|p2a: Super Lizard\n|\n|upkeep\n|\n|t:|1700040613\n|switch|p2a: Toxic Spiker|Overqwil, M|100\/100\n|-ability|p2a: Toxic Spiker|Intimidate|boost\n|-unboost|p1a: Iron Moth|atk|1\n|turn|22\n|\n|t:|1700040616\n|-end|p1a: Iron Moth|Quark Drive|[silent]\n|switch|p1a: Heatran|Heatran, F|100\/100\n|move|p2a: Toxic Spiker|Aqua Jet|p1a: Heatran\n|-supereffective|p1a: Heatran\n|-damage|p1a: Heatran|74\/100\n|\n|upkeep\n|turn|23\n|\n|t:|1700040629\n|switch|p2a: Rotom|Rotom-Heat|14\/100\n|move|p1a: Heatran|Earth Power|p2a: Rotom\n|-immune|p2a: Rotom|[from] ability: Levitate\n|\n|upkeep\n|turn|24\n|\n|t:|1700040635\n|switch|p1a: Iron Moth|Iron Moth|9\/100\n|-heal|p1a: Iron Moth|100\/100|[from] move: Healing Wish\n|move|p2a: Rotom|Volt Switch|p1a: Iron Moth\n|-damage|p1a: Iron Moth|73\/100\n|inactive|UnexpectdSets has 120 seconds left.\n|c|\u2606Fougere22|you here ?\n|\n|t:|1700040673\n|switch|p2a: Dead Edgelord|Ceruledge, M|100\/100|[from] Volt Switch\n|\n|upkeep\n|turn|25\n|inactive|UnexpectdSets has 120 seconds left.\n|\n|t:|1700040682\n|move|p1a: Iron Moth|Sludge Wave|p2a: Dead Edgelord\n|-resisted|p2a: Dead Edgelord\n|-damage|p2a: Dead Edgelord|70\/100\n|move|p2a: Dead Edgelord|Bitter Blade|p1a: Iron Moth\n|-resisted|p1a: Iron Moth\n|-damage|p1a: Iron Moth|33\/100\n|-heal|p2a: Dead Edgelord|91\/100|[from] drain|[of] p1a: Iron Moth\n|\n|upkeep\n|turn|26\n|\n|t:|1700040691\n|move|p2a: Dead Edgelord|Shadow Sneak|p1a: Iron Moth\n|-damage|p1a: Iron Moth|0 fnt\n|faint|p1a: Iron Moth\n|-end|p1a: Iron Moth|Quark Drive|[silent]\n|\n|upkeep\n|\n|t:|1700040696\n|switch|p1a: Heatran|Heatran, F|74\/100\n|turn|27\n|c|\u2606UnexpectdSets|Yes\n|c|\u2606Fougere22|okay\n|inactive|UnexpectdSets has 120 seconds left.\n|\n|t:|1700040721\n|-terastallize|p2a: Dead Edgelord|Fighting\n|move|p1a: Heatran|Power Gem|p2a: Dead Edgelord\n|-resisted|p2a: Dead Edgelord\n|-damage|p2a: Dead Edgelord|75\/100\n|move|p2a: Dead Edgelord|Swords Dance|p2a: Dead Edgelord\n|-boost|p2a: Dead Edgelord|atk|2\n|\n|upkeep\n|turn|28\n|\n|t:|1700040727\n|switch|p1a: Dondozo|Dondozo, M|99\/100\n|move|p2a: Dead Edgelord|Close Combat|p1a: Dondozo\n|-damage|p1a: Dondozo|70\/100\n|-unboost|p2a: Dead Edgelord|def|1\n|-unboost|p2a: Dead Edgelord|spd|1\n|\n|-heal|p1a: Dondozo|76\/100|[from] item: Leftovers\n|upkeep\n|turn|29\n|\n|t:|1700040739\n|switch|p2a: Elite Weedsmoke|Weezing-Galar, M|75\/100\n|move|p1a: Dondozo|Curse|p1a: Dondozo\n|-unboost|p1a: Dondozo|spe|1\n|-boost|p1a: Dondozo|atk|1\n|-boost|p1a: Dondozo|def|1\n|\n|-heal|p2a: Elite Weedsmoke|81\/100|[from] item: Leftovers\n|-heal|p1a: Dondozo|83\/100|[from] item: Leftovers\n|upkeep\n|turn|30\n|\n|t:|1700040743\n|move|p2a: Elite Weedsmoke|Will-O-Wisp|p1a: Dondozo\n|-status|p1a: Dondozo|brn\n|move|p1a: Dondozo|Curse|p1a: Dondozo\n|-unboost|p1a: Dondozo|spe|1\n|-boost|p1a: Dondozo|atk|1\n|-boost|p1a: Dondozo|def|1\n|\n|-heal|p2a: Elite Weedsmoke|87\/100|[from] item: Leftovers\n|-heal|p1a: Dondozo|89\/100 brn|[from] item: Leftovers\n|-damage|p1a: Dondozo|83\/100 brn|[from] brn\n|upkeep\n|turn|31\n|\n|t:|1700040750\n|move|p2a: Elite Weedsmoke|Strange Steam|p1a: Dondozo\n|-damage|p1a: Dondozo|59\/100 brn\n|move|p1a: Dondozo|Curse|p1a: Dondozo\n|-unboost|p1a: Dondozo|spe|1\n|-boost|p1a: Dondozo|atk|1\n|-boost|p1a: Dondozo|def|1\n|\n|-heal|p2a: Elite Weedsmoke|93\/100|[from] item: Leftovers\n|-heal|p1a: Dondozo|65\/100 brn|[from] item: Leftovers\n|-damage|p1a: Dondozo|59\/100 brn|[from] brn\n|upkeep\n|turn|32\n|\n|t:|1700040756\n|move|p2a: Elite Weedsmoke|Strange Steam|p1a: Dondozo\n|-damage|p1a: Dondozo|31\/100 brn\n|move|p1a: Dondozo|Rest|p1a: Dondozo\n|-status|p1a: Dondozo|slp|[from] move: Rest\n|-heal|p1a: Dondozo|100\/100 slp|[silent]\n|\n|-heal|p2a: Elite Weedsmoke|99\/100|[from] item: Leftovers\n|upkeep\n|turn|33\n|\n|t:|1700040761\n|move|p2a: Elite Weedsmoke|Pain Split|p1a: Dondozo\n|-sethp|p1a: Dondozo|83\/100 slp|[from] move: Pain Split|[silent]\n|-sethp|p2a: Elite Weedsmoke|100\/100|[from] move: Pain Split\n|cant|p1a: Dondozo|slp\n|move|p1a: Dondozo|Sleep Talk|p1a: Dondozo\n|move|p1a: Dondozo|Rest||[from]move: Sleep Talk|[still]\n|-fail|p1a: Dondozo\n|\n|-heal|p1a: Dondozo|89\/100 slp|[from] item: Leftovers\n|upkeep\n|turn|34\n|\n|t:|1700040768\n|move|p2a: Elite Weedsmoke|Strange Steam|p1a: Dondozo\n|-damage|p1a: Dondozo|64\/100 slp\n|cant|p1a: Dondozo|slp\n|move|p1a: Dondozo|Sleep Talk|p1a: Dondozo\n|move|p1a: Dondozo|Wave Crash|p2a: Elite Weedsmoke|[from]move: Sleep Talk\n|-damage|p2a: Elite Weedsmoke|12\/100\n|-damage|p1a: Dondozo|45\/100 slp|[from] Recoil\n|\n|-heal|p2a: Elite Weedsmoke|18\/100|[from] item: Leftovers\n|-heal|p1a: Dondozo|51\/100 slp|[from] item: Leftovers\n|upkeep\n|turn|35\n|\n|t:|1700040778\n|move|p2a: Elite Weedsmoke|Strange Steam|p1a: Dondozo|[miss]\n|-miss|p2a: Elite Weedsmoke|p1a: Dondozo\n|-curestatus|p1a: Dondozo|slp|[msg]\n|move|p1a: Dondozo|Rest|p1a: Dondozo\n|-status|p1a: Dondozo|slp|[from] move: Rest\n|-heal|p1a: Dondozo|100\/100 slp|[silent]\n|\n|-heal|p2a: Elite Weedsmoke|24\/100|[from] item: Leftovers\n|upkeep\n|turn|36\n|\n|t:|1700040782\n|move|p2a: Elite Weedsmoke|Strange Steam|p1a: Dondozo\n|-damage|p1a: Dondozo|73\/100 slp\n|cant|p1a: Dondozo|slp\n|move|p1a: Dondozo|Sleep Talk|p1a: Dondozo\n|move|p1a: Dondozo|Wave Crash|p2a: Elite Weedsmoke|[from]move: Sleep Talk\n|-damage|p2a: Elite Weedsmoke|0 fnt\n|faint|p2a: Elite Weedsmoke\n|-damage|p1a: Dondozo|67\/100 slp|[from] Recoil\n|\n|-heal|p1a: Dondozo|74\/100 slp|[from] item: Leftovers\n|upkeep\n|\n|t:|1700040787\n|switch|p2a: Rotom|Rotom-Heat|14\/100\n|turn|37\n|\n|t:|1700040802\n|move|p2a: Rotom|Volt Switch|p1a: Dondozo\n|-supereffective|p1a: Dondozo\n|-damage|p1a: Dondozo|18\/100 slp\n|\n|t:|1700040807\n|switch|p2a: Toxic Spiker|Overqwil, M|100\/100|[from] Volt Switch\n|-ability|p2a: Toxic Spiker|Intimidate|boost\n|-unboost|p1a: Dondozo|atk|1\n|cant|p1a: Dondozo|slp\n|move|p1a: Dondozo|Sleep Talk|p1a: Dondozo\n|move|p1a: Dondozo|Rest||[from]move: Sleep Talk|[still]\n|-fail|p1a: Dondozo\n|\n|-heal|p1a: Dondozo|24\/100 slp|[from] item: Leftovers\n|upkeep\n|turn|38\n|\n|t:|1700040825\n|move|p2a: Toxic Spiker|Barb Barrage|p1a: Dondozo\n|-damage|p1a: Dondozo|19\/100 slp\n|-curestatus|p1a: Dondozo|slp|[msg]\n|move|p1a: Dondozo|Rest|p1a: Dondozo\n|-status|p1a: Dondozo|slp|[from] move: Rest\n|-heal|p1a: Dondozo|100\/100 slp|[silent]\n|\n|upkeep\n|turn|39\n|\n|t:|1700040839\n|switch|p2a: Banhammer|Tinkaton, F|100\/100\n|-ability|p2a: Banhammer|Mold Breaker\n|cant|p1a: Dondozo|slp\n|move|p1a: Dondozo|Sleep Talk|p1a: Dondozo\n|move|p1a: Dondozo|Curse|p1a: Dondozo|[from]move: Sleep Talk\n|-unboost|p1a: Dondozo|spe|1\n|-boost|p1a: Dondozo|atk|1\n|-boost|p1a: Dondozo|def|1\n|\n|upkeep\n|turn|40\n|\n|t:|1700040847\n|move|p2a: Banhammer|Knock Off|p1a: Dondozo\n|-damage|p1a: Dondozo|98\/100 slp\n|-enditem|p1a: Dondozo|Leftovers|[from] move: Knock Off|[of] p2a: Banhammer\n|cant|p1a: Dondozo|slp\n|move|p1a: Dondozo|Sleep Talk|p1a: Dondozo\n|move|p1a: Dondozo|Rest||[from]move: Sleep Talk|[still]\n|-fail|p1a: Dondozo\n|\n|upkeep\n|turn|41\n|\n|t:|1700040854\n|move|p2a: Banhammer|Encore||[still]\n|-fail|p2a: Banhammer\n|-curestatus|p1a: Dondozo|slp|[msg]\n|move|p1a: Dondozo|Wave Crash|p2a: Banhammer\n|-damage|p2a: Banhammer|4\/100\n|-damage|p1a: Dondozo|74\/100|[from] Recoil\n|\n|upkeep\n|turn|42\n|\n|t:|1700040864\n|move|p2a: Banhammer|Encore|p1a: Dondozo\n|-start|p1a: Dondozo|Encore\n|move|p1a: Dondozo|Wave Crash|p2a: Banhammer\n|-damage|p2a: Banhammer|0 fnt\n|faint|p2a: Banhammer\n|-damage|p1a: Dondozo|73\/100|[from] Recoil\n|\n|upkeep\n|\n|t:|1700040869\n|switch|p2a: Rotom|Rotom-Heat|14\/100\n|turn|43\n|\n|t:|1700040873\n|move|p2a: Rotom|Volt Switch|p1a: Dondozo\n|-supereffective|p1a: Dondozo\n|-damage|p1a: Dondozo|19\/100\n|\n|t:|1700040880\n|switch|p2a: Toxic Spiker|Overqwil, M|100\/100|[from] Volt Switch\n|-ability|p2a: Toxic Spiker|Intimidate|boost\n|-unboost|p1a: Dondozo|atk|1\n|move|p1a: Dondozo|Wave Crash|p2a: Toxic Spiker\n|-damage|p2a: Toxic Spiker|23\/100\n|-damage|p1a: Dondozo|0 fnt|[from] Recoil\n|faint|p1a: Dondozo\n|\n|upkeep\n|\n|t:|1700040883\n|switch|p1a: Heatran|Heatran, F|74\/100\n|turn|44\n|\n|t:|1700040893\n|move|p2a: Toxic Spiker|Aqua Jet|p1a: Heatran\n|-supereffective|p1a: Heatran\n|-damage|p1a: Heatran|50\/100\n|move|p1a: Heatran|Tera Blast|p2a: Toxic Spiker\n|-damage|p2a: Toxic Spiker|3\/100\n|\n|upkeep\n|turn|45\n|\n|t:|1700040899\n|move|p2a: Toxic Spiker|Aqua Jet|p1a: Heatran\n|-supereffective|p1a: Heatran\n|-damage|p1a: Heatran|26\/100\n|move|p1a: Heatran|Tera Blast|p2a: Toxic Spiker\n|-damage|p2a: Toxic Spiker|0 fnt\n|faint|p2a: Toxic Spiker\n|\n|upkeep\n|\n|t:|1700040904\n|switch|p2a: Dead Edgelord|Ceruledge, M, tera:Fighting|75\/100\n|turn|46\n|\n|t:|1700040908\n|-terastallize|p1a: Heatran|Flying\n|move|p1a: Heatran|Tera Blast|p2a: Dead Edgelord|[anim] Tera Blast Flying\n|-supereffective|p2a: Dead Edgelord\n|-damage|p2a: Dead Edgelord|0 fnt\n|faint|p2a: Dead Edgelord\n|\n|upkeep\n|\n|t:|1700040913\n|switch|p2a: Rotom|Rotom-Heat|14\/100\n|turn|47\n|\n|t:|1700040915\n|move|p1a: Heatran|Tera Blast|p2a: Rotom|[anim] Tera Blast Flying\n|-resisted|p2a: Rotom\n|-crit|p2a: Rotom\n|-damage|p2a: Rotom|0 fnt\n|faint|p2a: Rotom\n|\n|win|Fougere22\n|raw|Fougere22's rating: 1266 &rarr; <strong>1288<\/strong><br \/>(+22 for winning)\n|raw|UnexpectdSets's rating: 1218 &rarr; <strong>1196<\/strong><br \/>(-22 for losing)\n|l|\u2606UnexpectdSets\n|c|\u2606Fougere22|gg\n","uploadtime":1700040922,"views":17,"p1id":"fougere22","p2id":"unexpectdsets","formatid":"gen9ou","rating":1196,"private":0,"password":""}