{"id":"gen9ou-1997407579","p1":"massivesket","p2":"MrWashin","format":"[Gen 9] OU","log":"|j|\u2606massivesket\n|j|\u2606MrWashin\n|t:|1700800383\n|gametype|singles\n|player|p1|massivesket|medium|1269\n|player|p2|MrWashin|brawly|1354\n|teamsize|p1|6\n|teamsize|p2|6\n|gen|9\n|tier|[Gen 9] OU\n|rated|\n|rule|Sleep Clause Mod: Limit one foe put to sleep\n|rule|Species Clause: Limit one of each Pok\u00e9mon\n|rule|OHKO Clause: OHKO moves are banned\n|rule|Evasion Items Clause: Evasion items are banned\n|rule|Evasion Moves Clause: Evasion moves are banned\n|rule|Endless Battle Clause: Forcing endless battles is banned\n|rule|HP Percentage Mod: HP is shown in percentages\n|clearpoke\n|poke|p1|Azumarill, M|\n|poke|p1|Iron Moth|\n|poke|p1|Great Tusk|\n|poke|p1|Iron Valiant|\n|poke|p1|Ogerpon-Wellspring, F|\n|poke|p1|Garganacl, M|\n|poke|p2|Ting-Lu|\n|poke|p2|Brambleghast, M|\n|poke|p2|Gholdengo|\n|poke|p2|Alomomola, F|\n|poke|p2|Iron Valiant|\n|poke|p2|Zapdos|\n|teampreview\n|inactive|Battle timer is ON: inactive players will automatically lose when time's up. (requested by massivesket)\n|\n|t:|1700800391\n|start\n|switch|p1a: Femboy IX|Azumarill, M, shiny|100\/100\n|switch|p2a: Ting-Lu|Ting-Lu|100\/100\n|-ability|p2a: Ting-Lu|Vessel of Ruin\n|turn|1\n|\n|t:|1700800394\n|switch|p2a: Zapdos|Zapdos|100\/100\n|move|p1a: Femboy IX|Belly Drum|p1a: Femboy IX\n|-damage|p1a: Femboy IX|50\/100\n|-setboost|p1a: Femboy IX|atk|6|[from] move: Belly Drum\n|-enditem|p1a: Femboy IX|Sitrus Berry|[eat]\n|-heal|p1a: Femboy IX|75\/100|[from] item: Sitrus Berry\n|\n|upkeep\n|turn|2\n|\n|t:|1700800396\n|move|p1a: Femboy IX|Aqua Jet|p2a: Zapdos\n|-damage|p2a: Zapdos|0 fnt\n|faint|p2a: Zapdos\n|\n|upkeep\n|\n|t:|1700800399\n|switch|p2a: Alomomola|Alomomola, F|100\/100\n|turn|3\n|\n|t:|1700800402\n|move|p2a: Alomomola|Flip Turn|p1a: Femboy IX\n|-resisted|p1a: Femboy IX\n|-damage|p1a: Femboy IX|68\/100\n|\n|t:|1700800405\n|switch|p2a: Brambleghast|Brambleghast, M|100\/100|[from] Flip Turn\n|move|p1a: Femboy IX|Play Rough|p2a: Brambleghast\n|-damage|p2a: Brambleghast|0 fnt\n|faint|p2a: Brambleghast\n|\n|upkeep\n|\n|t:|1700800406\n|switch|p2a: Alomomola|Alomomola, F|100\/100\n|turn|4\n|\n|t:|1700800414\n|move|p2a: Alomomola|Wish|p2a: Alomomola\n|move|p1a: Femboy IX|Play Rough|p2a: Alomomola\n|-damage|p2a: Alomomola|0 fnt\n|faint|p2a: Alomomola\n|\n|upkeep\n|\n|t:|1700800417\n|switch|p2a: Iron Valiant|Iron Valiant|100\/100\n|-enditem|p2a: Iron Valiant|Booster Energy\n|-activate|p2a: Iron Valiant|ability: Quark Drive|[fromitem]\n|-start|p2a: Iron Valiant|quarkdrivespe\n|turn|5\n|\n|t:|1700800420\n|move|p1a: Femboy IX|Aqua Jet|p2a: Iron Valiant\n|-damage|p2a: Iron Valiant|0 fnt\n|faint|p2a: Iron Valiant\n|-end|p2a: Iron Valiant|Quark Drive|[silent]\n|\n|upkeep\n|\n|t:|1700800421\n|switch|p2a: Ting-Lu|Ting-Lu|100\/100\n|-ability|p2a: Ting-Lu|Vessel of Ruin\n|turn|6\n|\n|t:|1700800423\n|move|p1a: Femboy IX|Play Rough|p2a: Ting-Lu\n|-supereffective|p2a: Ting-Lu\n|-damage|p2a: Ting-Lu|0 fnt\n|faint|p2a: Ting-Lu\n|\n|upkeep\n|\n|t:|1700800425\n|switch|p2a: Gholdengo|Gholdengo|100\/100\n|turn|7\n|\n|t:|1700800429\n|-terastallize|p1a: Femboy IX|Water\n|move|p1a: Femboy IX|Aqua Jet|p2a: Gholdengo\n|-damage|p2a: Gholdengo|0 fnt\n|faint|p2a: Gholdengo\n|\n|win|massivesket\n|raw|massivesket's rating: 1269 &rarr; <strong>1300<\/strong><br \/>(+31 for winning)\n|raw|MrWashin's rating: 1354 &rarr; <strong>1329<\/strong><br \/>(-25 for losing)\n|l|\u2606MrWashin\n","uploadtime":1700800434,"views":5,"p1id":"massivesket","p2id":"mrwashin","formatid":"gen9ou","rating":1300,"private":0,"password":""}