{"id":"gen9ou-1996306854","p1":"yamiyami17","p2":"Skithyryx","format":"[Gen 9] OU","log":"|j|\u2606yamiyami17\n|j|\u203dSkithyryx\n|t:|1700669588\n|gametype|singles\n|player|p1|yamiyami17|170|1307\n|player|p2|Skithyryx|piers|1325\n|teamsize|p1|6\n|teamsize|p2|6\n|gen|9\n|tier|[Gen 9] OU\n|rated|\n|rule|Sleep Clause Mod: Limit one foe put to sleep\n|rule|Species Clause: Limit one of each Pok\u00e9mon\n|rule|OHKO Clause: OHKO moves are banned\n|rule|Evasion Items Clause: Evasion items are banned\n|rule|Evasion Moves Clause: Evasion moves are banned\n|rule|Endless Battle Clause: Forcing endless battles is banned\n|rule|HP Percentage Mod: HP is shown in percentages\n|clearpoke\n|poke|p1|Sinistcha-Masterpiece|\n|poke|p1|Snorlax, F|\n|poke|p1|Cloyster, M|\n|poke|p1|Glimmora, M|\n|poke|p1|Ceruledge, M|\n|poke|p1|Kommo-o, F|\n|poke|p2|Mew|\n|poke|p2|Kingambit, F|\n|poke|p2|Cinderace, F|\n|poke|p2|Iron Moth|\n|poke|p2|Slowking-Galar, M|\n|poke|p2|Alomomola, F|\n|teampreview\n|\n|t:|1700669612\n|start\n|switch|p1a: Sinistcha|Sinistcha-Masterpiece|100\/100\n|switch|p2a: Mew|Mew|100\/100\n|turn|1\n|\n|t:|1700669624\n|move|p2a: Mew|Stealth Rock|p1a: Sinistcha\n|-sidestart|p1: yamiyami17|move: Stealth Rock\n|move|p1a: Sinistcha|Calm Mind|p1a: Sinistcha\n|-boost|p1a: Sinistcha|spa|1\n|-boost|p1a: Sinistcha|spd|1\n|\n|upkeep\n|turn|2\n|\n|t:|1700669635\n|move|p2a: Mew|Spikes|p1a: Sinistcha\n|-sidestart|p1: yamiyami17|Spikes\n|move|p1a: Sinistcha|Shadow Ball|p2a: Mew\n|-supereffective|p2a: Mew\n|-damage|p2a: Mew|25\/100\n|-unboost|p2a: Mew|spd|1\n|-enditem|p2a: Mew|Red Card|[of] p1a: Sinistcha\n|drag|p1a: Glimmora|Glimmora, M|100\/100\n|-damage|p1a: Glimmora|88\/100|[from] Stealth Rock\n|-damage|p1a: Glimmora|76\/100|[from] Spikes\n|\n|-heal|p1a: Glimmora|82\/100|[from] item: Leftovers\n|upkeep\n|turn|3\n|\n|t:|1700669646\n|move|p2a: Mew|Taunt|p1a: Glimmora\n|-start|p1a: Glimmora|move: Taunt\n|move|p1a: Glimmora|Mortal Spin|p2a: Mew\n|-damage|p2a: Mew|19\/100\n|-status|p2a: Mew|psn\n|-activate|p2a: Mew|ability: Synchronize\n|-immune|p1a: Glimmora\n|-sideend|p1: yamiyami17|Spikes|[from] move: Mortal Spin|[of] p1a: Glimmora\n|-sideend|p1: yamiyami17|Stealth Rock|[from] move: Mortal Spin|[of] p1a: Glimmora\n|\n|-heal|p1a: Glimmora|88\/100|[from] item: Leftovers\n|-damage|p2a: Mew|7\/100 psn|[from] psn\n|upkeep\n|turn|4\n|\n|t:|1700669667\n|switch|p2a: Slowking|Slowking-Galar, M|100\/100\n|move|p1a: Glimmora|Mortal Spin|p2a: Slowking\n|-resisted|p2a: Slowking\n|-damage|p2a: Slowking|98\/100\n|\n|-heal|p1a: Glimmora|94\/100|[from] item: Leftovers\n|upkeep\n|turn|5\n|\n|t:|1700669679\n|switch|p1a: Snorlax|Snorlax, F|100\/100\n|move|p2a: Slowking|Future Sight|p1a: Snorlax\n|-start|p2a: Slowking|move: Future Sight\n|\n|upkeep\n|turn|6\n|\n|t:|1700669686\n|move|p1a: Snorlax|Curse|p1a: Snorlax\n|-unboost|p1a: Snorlax|spe|1\n|-boost|p1a: Snorlax|atk|1\n|-boost|p1a: Snorlax|def|1\n|move|p2a: Slowking|Chilly Reception|p2a: Slowking\n|-weather|Snow\n|\n|t:|1700669693\n|switch|p2a: Mew|Mew|7\/100 psn|[from] Chilly Reception\n|\n|-weather|Snow|[upkeep]\n|-damage|p2a: Mew|0 fnt|[from] psn\n|faint|p2a: Mew\n|upkeep\n|\n|t:|1700669703\n|switch|p2a: Iron Moth|Iron Moth|100\/100\n|-enditem|p2a: Iron Moth|Booster Energy\n|-activate|p2a: Iron Moth|ability: Quark Drive|[fromitem]\n|-start|p2a: Iron Moth|quarkdrivespe\n|turn|7\n|\n|t:|1700669708\n|move|p2a: Iron Moth|Substitute|p2a: Iron Moth\n|-start|p2a: Iron Moth|Substitute\n|-damage|p2a: Iron Moth|76\/100\n|move|p1a: Snorlax|Body Slam|p2a: Iron Moth\n|-end|p2a: Iron Moth|Substitute\n|\n|-weather|Snow|[upkeep]\n|-end|p1a: Snorlax|move: Future Sight\n|-damage|p1a: Snorlax|75\/100\n|-heal|p1a: Snorlax|81\/100|[from] item: Leftovers\n|upkeep\n|turn|8\n|\n|t:|1700669720\n|move|p2a: Iron Moth|Fiery Dance|p1a: Snorlax\n|-crit|p1a: Snorlax\n|-damage|p1a: Snorlax|61\/100\n|move|p1a: Snorlax|Body Slam|p2a: Iron Moth\n|-damage|p2a: Iron Moth|0 fnt\n|faint|p2a: Iron Moth\n|-end|p2a: Iron Moth|Quark Drive|[silent]\n|\n|-weather|Snow|[upkeep]\n|-heal|p1a: Snorlax|67\/100|[from] item: Leftovers\n|upkeep\n|\n|t:|1700669729\n|switch|p2a: Alomomola|Alomomola, F|100\/100\n|turn|9\n|\n|t:|1700669735\n|move|p2a: Alomomola|Scald|p1a: Snorlax\n|-damage|p1a: Snorlax|59\/100\n|move|p1a: Snorlax|Body Slam|p2a: Alomomola\n|-damage|p2a: Alomomola|68\/100\n|\n|-weather|Snow|[upkeep]\n|-heal|p1a: Snorlax|65\/100|[from] item: Leftovers\n|upkeep\n|turn|10\n|\n|t:|1700669743\n|move|p2a: Alomomola|Wish|p2a: Alomomola\n|move|p1a: Snorlax|Curse|p1a: Snorlax\n|-unboost|p1a: Snorlax|spe|1\n|-boost|p1a: Snorlax|atk|1\n|-boost|p1a: Snorlax|def|1\n|\n|-weather|none\n|-heal|p1a: Snorlax|71\/100|[from] item: Leftovers\n|upkeep\n|turn|11\n|\n|t:|1700669752\n|move|p2a: Alomomola|Scald|p1a: Snorlax\n|-damage|p1a: Snorlax|63\/100\n|move|p1a: Snorlax|Curse|p1a: Snorlax\n|-unboost|p1a: Snorlax|spe|1\n|-boost|p1a: Snorlax|atk|1\n|-boost|p1a: Snorlax|def|1\n|\n|-heal|p2a: Alomomola|100\/100|[from] move: Wish|[wisher] Alomomola\n|-heal|p1a: Snorlax|69\/100|[from] item: Leftovers\n|upkeep\n|turn|12\n|\n|t:|1700669762\n|move|p2a: Alomomola|Scald|p1a: Snorlax\n|-damage|p1a: Snorlax|60\/100\n|move|p1a: Snorlax|Body Slam|p2a: Alomomola\n|-crit|p2a: Alomomola\n|-damage|p2a: Alomomola|12\/100\n|\n|-heal|p1a: Snorlax|67\/100|[from] item: Leftovers\n|upkeep\n|turn|13\n|-message|Skithyryx forfeited.\n|\n|win|yamiyami17\n|raw|yamiyami17's rating: 1307 &rarr; <strong>1328<\/strong><br \/>(+21 for winning)\n|raw|Skithyryx's rating: 1325 &rarr; <strong>1304<\/strong><br \/>(-21 for losing)\n|l|\u203dSkithyryx\n","uploadtime":1700669777,"views":12,"p1id":"yamiyami17","p2id":"skithyryx","formatid":"gen9ou","rating":1304,"private":0,"password":""}