{"id":"gen9ou-2000431339","p1":"Redribbonrenegade","p2":"trap x loop","format":"[Gen 9] OU","log":"|j|\u2606Redribbonrenegade\n|j|\u2606trap x loop\n|t:|1701194230\n|gametype|singles\n|player|p1|Redribbonrenegade|marshal|1383\n|player|p2|trap x loop|kieran|1486\n|teamsize|p1|6\n|teamsize|p2|6\n|gen|9\n|tier|[Gen 9] OU\n|rated|\n|rule|Sleep Clause Mod: Limit one foe put to sleep\n|rule|Species Clause: Limit one of each Pok\u00e9mon\n|rule|OHKO Clause: OHKO moves are banned\n|rule|Evasion Items Clause: Evasion items are banned\n|rule|Evasion Moves Clause: Evasion moves are banned\n|rule|Endless Battle Clause: Forcing endless battles is banned\n|rule|HP Percentage Mod: HP is shown in percentages\n|clearpoke\n|poke|p1|Ursaluna, M|\n|poke|p1|Grimmsnarl, M|\n|poke|p1|Conkeldurr, M|\n|poke|p1|Goodra-Hisui, F|\n|poke|p1|Cresselia, F|\n|poke|p1|Sinistcha-Masterpiece|\n|poke|p2|Heatran, F|\n|poke|p2|Tornadus-Therian, M|\n|poke|p2|Ogerpon-Cornerstone, F|\n|poke|p2|Great Tusk|\n|poke|p2|Hatterene, F|\n|poke|p2|Toxapex, F|\n|teampreview\n|inactive|Battle timer is ON: inactive players will automatically lose when time's up. (requested by trap x loop)\n|\n|t:|1701194238\n|start\n|switch|p1a: Tyson \ud83e\udd4a|Conkeldurr, M, shiny|100\/100\n|switch|p2a: He Ran|Heatran, F|100\/100\n|turn|1\n|\n|t:|1701194244\n|switch|p2a: Gold|Tornadus-Therian, M|100\/100\n|move|p1a: Tyson \ud83e\udd4a|Drain Punch|p2a: Gold\n|-resisted|p2a: Gold\n|-damage|p2a: Gold|72\/100\n|\n|upkeep\n|turn|2\n|\n|t:|1701194252\n|switch|p1a: Dragmag\ud83d\udc1a|Goodra-Hisui, F|100\/100\n|move|p2a: Gold|Bleakwind Storm|p1a: Dragmag\ud83d\udc1a|[miss]\n|-miss|p2a: Gold|p1a: Dragmag\ud83d\udc1a\n|\n|upkeep\n|turn|3\n|\n|t:|1701194258\n|move|p2a: Gold|Knock Off|p1a: Dragmag\ud83d\udc1a\n|-damage|p1a: Dragmag\ud83d\udc1a|84\/100\n|-enditem|p1a: Dragmag\ud83d\udc1a|Leftovers|[from] move: Knock Off|[of] p2a: Gold\n|move|p1a: Dragmag\ud83d\udc1a|Acid Armor|p1a: Dragmag\ud83d\udc1a\n|-boost|p1a: Dragmag\ud83d\udc1a|def|2\n|\n|upkeep\n|turn|4\n|\n|t:|1701194266\n|move|p2a: Gold|U-turn|p1a: Dragmag\ud83d\udc1a\n|-resisted|p1a: Dragmag\ud83d\udc1a\n|-damage|p1a: Dragmag\ud83d\udc1a|82\/100\n|\n|t:|1701194268\n|switch|p2a: Trisha|Toxapex, F|100\/100|[from] U-turn\n|move|p1a: Dragmag\ud83d\udc1a|Acid Armor|p1a: Dragmag\ud83d\udc1a\n|-boost|p1a: Dragmag\ud83d\udc1a|def|2\n|\n|upkeep\n|turn|5\n|\n|t:|1701194274\n|move|p1a: Dragmag\ud83d\udc1a|Body Press|p2a: Trisha\n|-resisted|p2a: Trisha\n|-damage|p2a: Trisha|77\/100\n|move|p2a: Trisha|Haze|p2a: Trisha\n|-clearallboost\n|\n|-heal|p2a: Trisha|83\/100|[from] item: Leftovers\n|upkeep\n|turn|6\n|\n|t:|1701194280\n|move|p1a: Dragmag\ud83d\udc1a|Life Dew|p1a: Dragmag\ud83d\udc1a\n|-heal|p1a: Dragmag\ud83d\udc1a|100\/100\n|move|p2a: Trisha|Toxic Spikes|p1a: Dragmag\ud83d\udc1a\n|-sidestart|p1: Redribbonrenegade|move: Toxic Spikes\n|\n|-heal|p2a: Trisha|89\/100|[from] item: Leftovers\n|upkeep\n|turn|7\n|\n|t:|1701194292\n|switch|p1a: Tyson \ud83e\udd4a|Conkeldurr, M, shiny|100\/100\n|-status|p1a: Tyson \ud83e\udd4a|psn\n|move|p2a: Trisha|Toxic Spikes|p1a: Tyson \ud83e\udd4a\n|-sidestart|p1: Redribbonrenegade|move: Toxic Spikes\n|\n|-heal|p2a: Trisha|95\/100|[from] item: Leftovers\n|-damage|p1a: Tyson \ud83e\udd4a|88\/100 psn|[from] psn\n|upkeep\n|turn|8\n|\n|t:|1701194299\n|move|p2a: Trisha|Recover|p2a: Trisha\n|-heal|p2a: Trisha|100\/100\n|move|p1a: Tyson \ud83e\udd4a|Defog|p2a: Trisha\n|-unboost|p2a: Trisha|evasion|1\n|-sideend|p1: Redribbonrenegade|Toxic Spikes|[from] move: Defog|[of] p1a: Tyson \ud83e\udd4a\n|\n|-damage|p1a: Tyson \ud83e\udd4a|76\/100 psn|[from] psn\n|upkeep\n|turn|9\n|\n|t:|1701194307\n|switch|p2a: Gold|Tornadus-Therian, M|100\/100\n|move|p1a: Tyson \ud83e\udd4a|Knock Off|p2a: Gold\n|-damage|p2a: Gold|36\/100\n|-enditem|p2a: Gold|Assault Vest|[from] move: Knock Off|[of] p1a: Tyson \ud83e\udd4a\n|\n|-damage|p1a: Tyson \ud83e\udd4a|64\/100 psn|[from] psn\n|upkeep\n|turn|10\n|\n|t:|1701194316\n|switch|p1a: Kim Joe Un \u26f0\ufe0f|Ursaluna, M, shiny|100\/100\n|move|p2a: Gold|U-turn|p1a: Kim Joe Un \u26f0\ufe0f\n|-damage|p1a: Kim Joe Un \u26f0\ufe0f|90\/100\n|\n|t:|1701194326\n|switch|p2a: Ben|Great Tusk, shiny|100\/100|[from] U-turn\n|\n|-status|p1a: Kim Joe Un \u26f0\ufe0f|brn|[from] item: Flame Orb\n|upkeep\n|turn|11\n|\n|t:|1701194332\n|switch|p1a: Chi-Chi \ud83c\udf75|Sinistcha-Masterpiece, shiny|100\/100\n|move|p2a: Ben|Ice Spinner|p1a: Chi-Chi \ud83c\udf75\n|-supereffective|p1a: Chi-Chi \ud83c\udf75\n|-damage|p1a: Chi-Chi \ud83c\udf75|67\/100\n|\n|upkeep\n|turn|12\n|\n|t:|1701194337\n|-end|p2a: Ben|Protosynthesis|[silent]\n|switch|p2a: Gold|Tornadus-Therian, M|70\/100\n|move|p1a: Chi-Chi \ud83c\udf75|Strength Sap|p2a: Gold\n|-unboost|p2a: Gold|atk|1\n|-heal|p1a: Chi-Chi \ud83c\udf75|100\/100\n|\n|upkeep\n|turn|13\n|\n|t:|1701194343\n|switch|p1a: Rennala \ud83c\udf19|Cresselia, F|100\/100\n|move|p2a: Gold|Knock Off|p1a: Rennala \ud83c\udf19\n|-supereffective|p1a: Rennala \ud83c\udf19\n|-damage|p1a: Rennala \ud83c\udf19|88\/100\n|-enditem|p1a: Rennala \ud83c\udf19|Red Card|[from] move: Knock Off|[of] p2a: Gold\n|\n|upkeep\n|turn|14\n|\n|t:|1701194351\n|move|p2a: Gold|U-turn|p1a: Rennala \ud83c\udf19\n|-supereffective|p1a: Rennala \ud83c\udf19\n|-damage|p1a: Rennala \ud83c\udf19|78\/100\n|\n|t:|1701194358\n|switch|p2a: Trish|Hatterene, F|100\/100|[from] U-turn\n|move|p1a: Rennala \ud83c\udf19|Future Sight|p2a: Trish\n|-start|p1a: Rennala \ud83c\udf19|move: Future Sight\n|\n|upkeep\n|turn|15\n|\n|t:|1701194371\n|switch|p1a: Kim Joe Un \u26f0\ufe0f|Ursaluna, M, shiny|90\/100 brn\n|move|p2a: Trish|Nuzzle|p1a: Kim Joe Un \u26f0\ufe0f\n|-immune|p1a: Kim Joe Un \u26f0\ufe0f\n|\n|-damage|p1a: Kim Joe Un \u26f0\ufe0f|83\/100 brn|[from] brn\n|upkeep\n|turn|16\n|\n|t:|1701194382\n|switch|p2a: Ben|Great Tusk, shiny|100\/100\n|move|p1a: Kim Joe Un \u26f0\ufe0f|Facade|p2a: Ben\n|-damage|p2a: Ben|50\/100\n|\n|-end|p2a: Ben|move: Future Sight\n|-supereffective|p2a: Ben\n|-damage|p2a: Ben|0 fnt\n|faint|p2a: Ben\n|-end|p2a: Ben|Protosynthesis|[silent]\n|-damage|p1a: Kim Joe Un \u26f0\ufe0f|77\/100 brn|[from] brn\n|upkeep\n|\n|t:|1701194395\n|switch|p2a: Joeverpon|Ogerpon-Cornerstone, F|100\/100\n|turn|17\n|\n|t:|1701194402\n|switch|p1a: Dragmag\ud83d\udc1a|Goodra-Hisui, F|100\/100\n|move|p2a: Joeverpon|Horn Leech|p1a: Dragmag\ud83d\udc1a\n|-resisted|p1a: Dragmag\ud83d\udc1a\n|-damage|p1a: Dragmag\ud83d\udc1a|92\/100\n|\n|upkeep\n|turn|18\n|\n|t:|1701194413\n|switch|p2a: Trisha|Toxapex, F|100\/100\n|move|p1a: Dragmag\ud83d\udc1a|Dragon Tail|p2a: Trisha\n|-damage|p2a: Trisha|87\/100\n|drag|p2a: Trish|Hatterene, F|100\/100\n|\n|upkeep\n|turn|19\n|\n|t:|1701194420\n|switch|p1a: Kim Joe Un \u26f0\ufe0f|Ursaluna, M, shiny|77\/100 brn\n|move|p2a: Trish|Psyshock|p1a: Kim Joe Un \u26f0\ufe0f\n|-damage|p1a: Kim Joe Un \u26f0\ufe0f|50\/100 brn\n|\n|-damage|p1a: Kim Joe Un \u26f0\ufe0f|44\/100 brn|[from] brn\n|upkeep\n|turn|20\n|\n|t:|1701194433\n|switch|p2a: Trisha|Toxapex, F|100\/100\n|move|p1a: Kim Joe Un \u26f0\ufe0f|Facade|p2a: Trisha\n|-damage|p2a: Trisha|13\/100\n|\n|-heal|p2a: Trisha|19\/100|[from] item: Leftovers\n|-damage|p1a: Kim Joe Un \u26f0\ufe0f|37\/100 brn|[from] brn\n|upkeep\n|turn|21\n|\n|t:|1701194440\n|move|p2a: Trisha|Surf|p1a: Kim Joe Un \u26f0\ufe0f\n|-supereffective|p1a: Kim Joe Un \u26f0\ufe0f\n|-damage|p1a: Kim Joe Un \u26f0\ufe0f|10\/100 brn\n|move|p1a: Kim Joe Un \u26f0\ufe0f|Facade|p2a: Trisha\n|-damage|p2a: Trisha|0 fnt\n|faint|p2a: Trisha\n|\n|-damage|p1a: Kim Joe Un \u26f0\ufe0f|4\/100 brn|[from] brn\n|upkeep\n|\n|t:|1701194449\n|switch|p2a: Gold|Tornadus-Therian, M|100\/100\n|turn|22\n|\n|t:|1701194451\n|switch|p1a: Rennala \ud83c\udf19|Cresselia, F|78\/100\n|move|p2a: Gold|Knock Off|p1a: Rennala \ud83c\udf19\n|-supereffective|p1a: Rennala \ud83c\udf19\n|-damage|p1a: Rennala \ud83c\udf19|64\/100\n|\n|upkeep\n|turn|23\n|\n|t:|1701194460\n|move|p2a: Gold|U-turn|p1a: Rennala \ud83c\udf19\n|-supereffective|p1a: Rennala \ud83c\udf19\n|-damage|p1a: Rennala \ud83c\udf19|50\/100\n|\n|t:|1701194464\n|switch|p2a: He Ran|Heatran, F|100\/100|[from] U-turn\n|move|p1a: Rennala \ud83c\udf19|Future Sight|p2a: He Ran\n|-start|p1a: Rennala \ud83c\udf19|move: Future Sight\n|\n|upkeep\n|turn|24\n|\n|t:|1701194470\n|move|p2a: He Ran|Magma Storm|p1a: Rennala \ud83c\udf19\n|-damage|p1a: Rennala \ud83c\udf19|22\/100\n|-activate|p1a: Rennala \ud83c\udf19|move: Magma Storm|[of] p2a: He Ran\n|move|p1a: Rennala \ud83c\udf19|Trick Room|p1a: Rennala \ud83c\udf19\n|-fieldstart|move: Trick Room|[of] p1a: Rennala \ud83c\udf19\n|\n|-damage|p1a: Rennala \ud83c\udf19|10\/100|[from] move: Magma Storm|[partiallytrapped]\n|upkeep\n|turn|25\n|\n|t:|1701194481\n|switch|p2a: Trish|Hatterene, F|100\/100\n|move|p1a: Rennala \ud83c\udf19|Lunar Dance|p1a: Rennala \ud83c\udf19\n|faint|p1a: Rennala \ud83c\udf19\n|\n|-end|p2a: Trish|move: Future Sight\n|-resisted|p2a: Trish\n|-damage|p2a: Trish|82\/100\n|-heal|p2a: Trish|88\/100|[from] item: Leftovers\n|upkeep\n|\n|t:|1701194487\n|switch|p1a: Kim Joe Un \u26f0\ufe0f|Ursaluna, M, shiny|4\/100 brn\n|-heal|p1a: Kim Joe Un \u26f0\ufe0f|100\/100|[from] move: Lunar Dance\n|turn|26\n|\n|t:|1701194496\n|move|p1a: Kim Joe Un \u26f0\ufe0f|Swords Dance|p1a: Kim Joe Un \u26f0\ufe0f\n|-boost|p1a: Kim Joe Un \u26f0\ufe0f|atk|2\n|move|p2a: Trish|Psyshock|p1a: Kim Joe Un \u26f0\ufe0f\n|-damage|p1a: Kim Joe Un \u26f0\ufe0f|71\/100\n|\n|-heal|p2a: Trish|94\/100|[from] item: Leftovers\n|-status|p1a: Kim Joe Un \u26f0\ufe0f|brn|[from] item: Flame Orb\n|upkeep\n|turn|27\n|\n|t:|1701194502\n|move|p1a: Kim Joe Un \u26f0\ufe0f|Facade|p2a: Trish\n|-damage|p2a: Trish|0 fnt\n|faint|p2a: Trish\n|\n|-damage|p1a: Kim Joe Un \u26f0\ufe0f|65\/100 brn|[from] brn\n|upkeep\n|\n|t:|1701194510\n|switch|p2a: He Ran|Heatran, F|100\/100\n|turn|28\n|\n|t:|1701194515\n|move|p2a: He Ran|Protect|p2a: He Ran\n|-singleturn|p2a: He Ran|Protect\n|move|p1a: Kim Joe Un \u26f0\ufe0f|Facade|p2a: He Ran\n|-activate|p2a: He Ran|move: Protect\n|\n|-damage|p1a: Kim Joe Un \u26f0\ufe0f|59\/100 brn|[from] brn\n|-fieldend|move: Trick Room\n|upkeep\n|turn|29\n|\n|t:|1701194520\n|move|p2a: He Ran|Magma Storm|p1a: Kim Joe Un \u26f0\ufe0f|[miss]\n|-miss|p2a: He Ran|p1a: Kim Joe Un \u26f0\ufe0f\n|move|p1a: Kim Joe Un \u26f0\ufe0f|Headlong Rush|p2a: He Ran\n|-supereffective|p2a: He Ran\n|-damage|p2a: He Ran|0 fnt\n|-unboost|p1a: Kim Joe Un \u26f0\ufe0f|def|1\n|-unboost|p1a: Kim Joe Un \u26f0\ufe0f|spd|1\n|faint|p2a: He Ran\n|\n|-damage|p1a: Kim Joe Un \u26f0\ufe0f|52\/100 brn|[from] brn\n|upkeep\n|\n|t:|1701194525\n|switch|p2a: Joeverpon|Ogerpon-Cornerstone, F|100\/100\n|turn|30\n|\n|t:|1701194532\n|switch|p1a: Dragmag\ud83d\udc1a|Goodra-Hisui, F|92\/100\n|move|p2a: Joeverpon|Swords Dance|p2a: Joeverpon\n|-boost|p2a: Joeverpon|atk|2\n|\n|upkeep\n|turn|31\n|\n|t:|1701194543\n|move|p2a: Joeverpon|Ivy Cudgel|p1a: Dragmag\ud83d\udc1a|[anim] Ivy Cudgel Rock\n|-resisted|p1a: Dragmag\ud83d\udc1a\n|-damage|p1a: Dragmag\ud83d\udc1a|43\/100\n|move|p1a: Dragmag\ud83d\udc1a|Dragon Tail|p2a: Joeverpon\n|-damage|p2a: Joeverpon|76\/100\n|drag|p2a: Gold|Tornadus-Therian, M|100\/100\n|\n|upkeep\n|turn|32\n|\n|t:|1701194549\n|move|p2a: Gold|Knock Off|p1a: Dragmag\ud83d\udc1a\n|-damage|p1a: Dragmag\ud83d\udc1a|33\/100\n|move|p1a: Dragmag\ud83d\udc1a|Life Dew|p1a: Dragmag\ud83d\udc1a\n|-heal|p1a: Dragmag\ud83d\udc1a|58\/100\n|\n|upkeep\n|turn|33\n|\n|t:|1701194555\n|move|p2a: Gold|U-turn|p1a: Dragmag\ud83d\udc1a\n|-resisted|p1a: Dragmag\ud83d\udc1a\n|-damage|p1a: Dragmag\ud83d\udc1a|52\/100\n|\n|t:|1701194557\n|switch|p2a: Joeverpon|Ogerpon-Cornerstone, F|76\/100|[from] U-turn\n|move|p1a: Dragmag\ud83d\udc1a|Life Dew|p1a: Dragmag\ud83d\udc1a\n|-heal|p1a: Dragmag\ud83d\udc1a|77\/100\n|\n|upkeep\n|turn|34\n|\n|t:|1701194561\n|move|p2a: Joeverpon|Ivy Cudgel|p1a: Dragmag\ud83d\udc1a|[anim] Ivy Cudgel Rock\n|-resisted|p1a: Dragmag\ud83d\udc1a\n|-damage|p1a: Dragmag\ud83d\udc1a|53\/100\n|move|p1a: Dragmag\ud83d\udc1a|Acid Armor|p1a: Dragmag\ud83d\udc1a\n|-boost|p1a: Dragmag\ud83d\udc1a|def|2\n|\n|upkeep\n|turn|35\n|-message|trap x loop forfeited.\n|\n|win|Redribbonrenegade\n|raw|Redribbonrenegade's rating: 1383 &rarr; <strong>1409<\/strong><br \/>(+26 for winning)\n|raw|trap x loop's rating: 1486 &rarr; <strong>1460<\/strong><br \/>(-26 for losing)\n|l|\u2606trap x loop\n","uploadtime":1701194576,"views":1,"p1id":"redribbonrenegade","p2id":"trapxloop","formatid":"gen9ou","rating":1409,"private":0,"password":""}