{"id":"gen9ou-1994851815","p1":"Username momento","p2":"fairy_PW","format":"[Gen 9] OU","log":"|j|\u2606Username momento\n|j|\u2606fairy_PW\n|t:|1700498641\n|gametype|singles\n|player|p1|Username momento|ninjaboy|1603\n|player|p2|fairy_PW|rocketgrunt|1647\n|teamsize|p1|6\n|teamsize|p2|6\n|gen|9\n|tier|[Gen 9] OU\n|rated|\n|rule|Sleep Clause Mod: Limit one foe put to sleep\n|rule|Species Clause: Limit one of each Pok\u00e9mon\n|rule|OHKO Clause: OHKO moves are banned\n|rule|Evasion Items Clause: Evasion items are banned\n|rule|Evasion Moves Clause: Evasion moves are banned\n|rule|Endless Battle Clause: Forcing endless battles is banned\n|rule|HP Percentage Mod: HP is shown in percentages\n|clearpoke\n|poke|p1|Meowscarada, M|\n|poke|p1|Kingambit, F|\n|poke|p1|Zapdos|\n|poke|p1|Zamazenta-*|\n|poke|p1|Great Tusk|\n|poke|p1|Iron Moth|\n|poke|p2|Enamorus, F|\n|poke|p2|Hatterene, F|\n|poke|p2|Clefable, F|\n|poke|p2|Iron Valiant|\n|poke|p2|Klefki, M|\n|poke|p2|Jirachi|\n|teampreview\n|inactive|Battle timer is ON: inactive players will automatically lose when time's up. (requested by fairy_PW)\n|\n|t:|1700498648\n|start\n|switch|p1a: Zapdos|Zapdos|100\/100\n|switch|p2a: Jirachi|Jirachi|100\/100\n|turn|1\n|c|\u2606Username momento|Nice mono-fair- wait\n|\n|t:|1700498664\n|move|p2a: Jirachi|Zen Headbutt|p1a: Zapdos\n|-damage|p1a: Zapdos|78\/100\n|move|p1a: Zapdos|Discharge|p2a: Jirachi\n|-damage|p2a: Jirachi|69\/100\n|\n|-heal|p1a: Zapdos|84\/100|[from] item: Leftovers\n|upkeep\n|turn|2\n|\n|t:|1700498674\n|switch|p2a: Clefable|Clefable, F|100\/100\n|move|p1a: Zapdos|Discharge|p2a: Clefable\n|-damage|p2a: Clefable|71\/100\n|\n|-heal|p1a: Zapdos|90\/100|[from] item: Leftovers\n|-heal|p2a: Clefable|77\/100|[from] item: Leftovers\n|upkeep\n|turn|3\n|\n|t:|1700498681\n|move|p1a: Zapdos|Discharge|p2a: Clefable\n|-damage|p2a: Clefable|47\/100\n|move|p2a: Clefable|Calm Mind|p2a: Clefable\n|-boost|p2a: Clefable|spa|1\n|-boost|p2a: Clefable|spd|1\n|\n|-heal|p1a: Zapdos|96\/100|[from] item: Leftovers\n|-heal|p2a: Clefable|53\/100|[from] item: Leftovers\n|upkeep\n|turn|4\n|\n|t:|1700498686\n|move|p1a: Zapdos|Volt Switch|p2a: Clefable\n|-damage|p2a: Clefable|34\/100\n|\n|t:|1700498688\n|switch|p1a: Kingambit|Kingambit, F|100\/100|[from] Volt Switch\n|move|p2a: Clefable|Moonlight|p2a: Clefable\n|-heal|p2a: Clefable|84\/100\n|\n|-heal|p2a: Clefable|90\/100|[from] item: Leftovers\n|upkeep\n|turn|5\n|\n|t:|1700498702\n|switch|p2a: Iron Valiant|Iron Valiant|100\/100\n|-enditem|p2a: Iron Valiant|Booster Energy\n|-activate|p2a: Iron Valiant|ability: Quark Drive|[fromitem]\n|-start|p2a: Iron Valiant|quarkdrivespe\n|move|p1a: Kingambit|Iron Head|p2a: Iron Valiant\n|-supereffective|p2a: Iron Valiant\n|-damage|p2a: Iron Valiant|0 fnt\n|faint|p2a: Iron Valiant\n|-end|p2a: Iron Valiant|Quark Drive|[silent]\n|\n|upkeep\n|\n|t:|1700498710\n|switch|p2a: Hatterene|Hatterene, F|100\/100\n|turn|6\n|\n|t:|1700498715\n|-end|p1a: Kingambit|fallenundefined|[silent]\n|switch|p1a: Iron Moth|Iron Moth|100\/100\n|-enditem|p1a: Iron Moth|Booster Energy\n|-activate|p1a: Iron Moth|ability: Quark Drive|[fromitem]\n|-start|p1a: Iron Moth|quarkdrivespe\n|-terastallize|p2a: Hatterene|Water\n|move|p2a: Hatterene|Calm Mind|p2a: Hatterene\n|-boost|p2a: Hatterene|spa|1\n|-boost|p2a: Hatterene|spd|1\n|\n|upkeep\n|turn|7\n|\n|t:|1700498721\n|move|p1a: Iron Moth|Sludge Wave|p2a: Hatterene\n|-damage|p2a: Hatterene|67\/100\n|move|p2a: Hatterene|Calm Mind|p2a: Hatterene\n|-boost|p2a: Hatterene|spa|1\n|-boost|p2a: Hatterene|spd|1\n|\n|-heal|p2a: Hatterene|73\/100|[from] item: Leftovers\n|upkeep\n|turn|8\n|\n|t:|1700498732\n|-end|p1a: Iron Moth|Quark Drive|[silent]\n|switch|p1a: Meowscarada|Meowscarada, M|100\/100\n|move|p2a: Hatterene|Stored Power|p1a: Meowscarada\n|-immune|p1a: Meowscarada\n|\n|-heal|p2a: Hatterene|79\/100|[from] item: Leftovers\n|upkeep\n|turn|9\n|\n|t:|1700498735\n|move|p1a: Meowscarada|Flower Trick|p2a: Hatterene\n|-start|p1a: Meowscarada|typechange|Grass|[from] ability: Protean\n|-supereffective|p2a: Hatterene\n|-crit|p2a: Hatterene\n|-damage|p2a: Hatterene|0 fnt\n|faint|p2a: Hatterene\n|\n|upkeep\n|\n|t:|1700498741\n|switch|p2a: Klefki|Klefki, M|100\/100\n|turn|10\n|\n|t:|1700498745\n|switch|p1a: Iron Moth|Iron Moth|100\/100\n|move|p2a: Klefki|Reflect|p2a: Klefki\n|-sidestart|p2: fairy_PW|Reflect\n|\n|upkeep\n|turn|11\n|\n|t:|1700498748\n|move|p2a: Klefki|Light Screen|p2a: Klefki\n|-sidestart|p2: fairy_PW|move: Light Screen\n|move|p1a: Iron Moth|Fiery Dance|p2a: Klefki\n|-supereffective|p2a: Klefki\n|-damage|p2a: Klefki|54\/100\n|-boost|p1a: Iron Moth|spa|1\n|\n|upkeep\n|turn|12\n|\n|t:|1700498754\n|move|p2a: Klefki|Thunder Wave|p1a: Iron Moth\n|-status|p1a: Iron Moth|par\n|move|p1a: Iron Moth|Fiery Dance|p2a: Klefki\n|-supereffective|p2a: Klefki\n|-damage|p2a: Klefki|0 fnt\n|-boost|p1a: Iron Moth|spa|1\n|faint|p2a: Klefki\n|\n|upkeep\n|\n|t:|1700498757\n|switch|p2a: Clefable|Clefable, F|90\/100\n|turn|13\n|\n|t:|1700498759\n|move|p1a: Iron Moth|Sludge Wave|p2a: Clefable\n|-supereffective|p2a: Clefable\n|-damage|p2a: Clefable|48\/100\n|move|p2a: Clefable|Calm Mind|p2a: Clefable\n|-boost|p2a: Clefable|spa|1\n|-boost|p2a: Clefable|spd|1\n|\n|-heal|p2a: Clefable|54\/100|[from] item: Leftovers\n|upkeep\n|turn|14\n|\n|t:|1700498765\n|-end|p1a: Iron Moth|Quark Drive|[silent]\n|switch|p1a: Kingambit|Kingambit, F|100\/100\n|move|p2a: Clefable|Calm Mind|p2a: Clefable\n|-boost|p2a: Clefable|spa|1\n|-boost|p2a: Clefable|spd|1\n|\n|-heal|p2a: Clefable|60\/100|[from] item: Leftovers\n|upkeep\n|turn|15\n|\n|t:|1700498770\n|move|p2a: Clefable|Thunderbolt|p1a: Kingambit\n|-damage|p1a: Kingambit|62\/100\n|move|p1a: Kingambit|Iron Head|p2a: Clefable\n|-supereffective|p2a: Clefable\n|-damage|p2a: Clefable|21\/100\n|\n|-heal|p2a: Clefable|27\/100|[from] item: Leftovers\n|-heal|p1a: Kingambit|68\/100|[from] item: Leftovers\n|upkeep\n|turn|16\n|\n|t:|1700498780\n|move|p2a: Clefable|Moonlight|p2a: Clefable\n|-heal|p2a: Clefable|77\/100\n|move|p1a: Kingambit|Iron Head|p2a: Clefable\n|-supereffective|p2a: Clefable\n|-damage|p2a: Clefable|42\/100\n|\n|-heal|p2a: Clefable|48\/100|[from] item: Leftovers\n|-heal|p1a: Kingambit|75\/100|[from] item: Leftovers\n|upkeep\n|turn|17\n|\n|t:|1700498782\n|move|p2a: Clefable|Thunderbolt|p1a: Kingambit\n|-crit|p1a: Kingambit\n|-damage|p1a: Kingambit|12\/100\n|-status|p1a: Kingambit|par\n|move|p1a: Kingambit|Iron Head|p2a: Clefable\n|-supereffective|p2a: Clefable\n|-damage|p2a: Clefable|9\/100\n|\n|-heal|p2a: Clefable|15\/100|[from] item: Leftovers\n|-heal|p1a: Kingambit|18\/100 par|[from] item: Leftovers\n|-sideend|p2: fairy_PW|Reflect\n|upkeep\n|turn|18\n|\n|t:|1700498789\n|move|p2a: Clefable|Moonlight|p2a: Clefable\n|-heal|p2a: Clefable|65\/100\n|move|p1a: Kingambit|Iron Head|p2a: Clefable\n|-supereffective|p2a: Clefable\n|-damage|p2a: Clefable|0 fnt\n|faint|p2a: Clefable\n|\n|-heal|p1a: Kingambit|25\/100 par|[from] item: Leftovers\n|-sideend|p2: fairy_PW|move: Light Screen\n|upkeep\n|\n|t:|1700498792\n|switch|p2a: Jirachi|Jirachi|69\/100\n|turn|19\n|\n|t:|1700498802\n|move|p1a: Kingambit|Sucker Punch|p2a: Jirachi\n|-supereffective|p2a: Jirachi\n|-damage|p2a: Jirachi|0 fnt\n|faint|p2a: Jirachi\n|\n|-heal|p1a: Kingambit|31\/100 par|[from] item: Leftovers\n|upkeep\n|\n|t:|1700498804\n|switch|p2a: Enamorus|Enamorus, F|100\/100\n|turn|20\n|\n|t:|1700498806\n|move|p2a: Enamorus|Moonblast|p1a: Kingambit\n|-damage|p1a: Kingambit|0 fnt\n|faint|p1a: Kingambit\n|-end|p1a: Kingambit|fallenundefined|[silent]\n|\n|upkeep\n|\n|t:|1700498810\n|switch|p1a: Zapdos|Zapdos|96\/100\n|turn|21\n|\n|t:|1700498813\n|move|p2a: Enamorus|Moonblast|p1a: Zapdos\n|-damage|p1a: Zapdos|45\/100\n|-unboost|p1a: Zapdos|spa|1\n|move|p1a: Zapdos|Discharge|p2a: Enamorus\n|-supereffective|p2a: Enamorus\n|-damage|p2a: Enamorus|40\/100\n|\n|-heal|p1a: Zapdos|52\/100|[from] item: Leftovers\n|upkeep\n|turn|22\n|\n|t:|1700498822\n|move|p2a: Enamorus|Moonblast|p1a: Zapdos\n|-damage|p1a: Zapdos|0 fnt\n|faint|p1a: Zapdos\n|\n|upkeep\n|\n|t:|1700498828\n|switch|p1a: Zamazenta|Zamazenta|100\/100\n|-ability|p1a: Zamazenta|Dauntless Shield|boost\n|-boost|p1a: Zamazenta|def|1\n|turn|23\n|\n|t:|1700498830\n|-terastallize|p1a: Zamazenta|Steel\n|move|p2a: Enamorus|Moonblast|p1a: Zamazenta\n|-resisted|p1a: Zamazenta\n|-damage|p1a: Zamazenta|76\/100\n|-unboost|p1a: Zamazenta|spa|1\n|move|p1a: Zamazenta|Heavy Slam|p2a: Enamorus\n|-supereffective|p2a: Enamorus\n|-damage|p2a: Enamorus|0 fnt\n|faint|p2a: Enamorus\n|\n|win|Username momento\n|raw|Username momento's rating: 1603 &rarr; <strong>1626<\/strong><br \/>(+23 for winning)\n|raw|fairy_PW's rating: 1647 &rarr; <strong>1624<\/strong><br \/>(-23 for losing)\n|l|\u2606fairy_PW\n","uploadtime":1700498866,"views":5,"p1id":"usernamemomento","p2id":"fairypw","formatid":"gen9ou","rating":1624,"private":0,"password":""}