{"id":"gen9ou-1994297032","p1":"Glitched#Chester","p2":"Madw","format":"[Gen 9] OU","log":"|j|\u2606Glitched#Chester\n|j|\u2606Madw\n|t:|1700428291\n|gametype|singles\n|player|p1|Glitched#Chester|steven|\n|player|p2|Madw|169|\n|teamsize|p1|6\n|teamsize|p2|6\n|gen|9\n|tier|[Gen 9] OU\n|rule|Sleep Clause Mod: Limit one foe put to sleep\n|rule|Species Clause: Limit one of each Pok\u00e9mon\n|rule|OHKO Clause: OHKO moves are banned\n|rule|Evasion Items Clause: Evasion items are banned\n|rule|Evasion Moves Clause: Evasion moves are banned\n|rule|Endless Battle Clause: Forcing endless battles is banned\n|rule|HP Percentage Mod: HP is shown in percentages\n|clearpoke\n|poke|p1|Barraskewda, M|\n|poke|p1|Ninetales-Alola, M|\n|poke|p1|Corviknight, M|\n|poke|p1|Cinderace, F|\n|poke|p1|Iron Moth|\n|poke|p1|Cloyster, F|\n|poke|p2|Kommo-o, M|\n|poke|p2|Okidogi, M|\n|poke|p2|Zapdos-Galar|\n|poke|p2|Zamazenta-*|\n|poke|p2|Quaquaval, F|\n|poke|p2|Gallade, M|\n|teampreview\n|c|\u2606Madw|MAN TF\n|c|\u2606Madw|WHY DO YOU HAVE 6 ARCEUS\n|c|\u2606Glitched#Chester|Fr\n|l|\u2606Madw\n|player|p2|\n|j|\u2606Madw\n|player|p2|Madw|169\n|\n|t:|1700428347\n|start\n|switch|p1a: Fishstick|Barraskewda, M, shiny|100\/100\n|switch|p2a: Zamazenta|Zamazenta|100\/100\n|-ability|p2a: Zamazenta|Dauntless Shield|boost\n|-boost|p2a: Zamazenta|def|1\n|turn|1\n|j| susbusongggggg\n|c|\u2606Madw|sigh\n|c|\u2606Madw|its you\n|\n|t:|1700428366\n|move|p2a: Zamazenta|Iron Defense|p2a: Zamazenta\n|-boost|p2a: Zamazenta|def|2\n|move|p1a: Fishstick|Flip Turn|p2a: Zamazenta\n|-damage|p2a: Zamazenta|81\/100\n|\n|t:|1700428368\n|switch|p1a: Tatsumaki|Ninetales-Alola, M, shiny|100\/100|[from] Flip Turn\n|-weather|Snow|[from] ability: Snow Warning|[of] p1a: Tatsumaki\n|\n|-weather|Snow|[upkeep]\n|-heal|p2a: Zamazenta|87\/100|[from] item: Leftovers\n|upkeep\n|turn|2\n|c|\u2606Madw|oh\n|c|\u2606Madw|ok\n|c| susbusongggggg|chester fucking send it\n|\n|t:|1700428377\n|move|p2a: Zamazenta|Body Press|p1a: Tatsumaki\n|-damage|p1a: Tatsumaki|23\/100\n|move|p1a: Tatsumaki|Aurora Veil|p1a: Tatsumaki\n|-sidestart|p1: Glitched#Chester|move: Aurora Veil\n|\n|-weather|Snow|[upkeep]\n|-heal|p2a: Zamazenta|93\/100|[from] item: Leftovers\n|upkeep\n|turn|3\n|c|\u2606Madw|RIGGED\n|c|\u2606Madw|RIGGED\n|c|\u2606Madw|RIGED\n|c|\u2606Madw|EGRIGFEYFOEHS\n|c|\u2606Madw|S\n|\n|t:|1700428386\n|switch|p1a: steel rodan|Corviknight, M, shiny|100\/100\n|-ability|p1a: steel rodan|Pressure\n|move|p2a: Zamazenta|Body Press|p1a: steel rodan\n|-damage|p1a: steel rodan|70\/100\n|-damage|p2a: Zamazenta|76\/100|[from] item: Rocky Helmet|[of] p1a: steel rodan\n|\n|-weather|Snow|[upkeep]\n|-heal|p2a: Zamazenta|83\/100|[from] item: Leftovers\n|upkeep\n|turn|4\n|c| susbusongggggg|what does aurora veil even do\n|\n|t:|1700428397\n|move|p2a: Zamazenta|Iron Defense|p2a: Zamazenta\n|-boost|p2a: Zamazenta|def|2\n|move|p1a: steel rodan|Bulk Up|p1a: steel rodan\n|-boost|p1a: steel rodan|atk|1\n|-boost|p1a: steel rodan|def|1\n|\n|-weather|Snow|[upkeep]\n|-heal|p2a: Zamazenta|89\/100|[from] item: Leftovers\n|upkeep\n|turn|5\n|c|\u2606Madw|sigh\n|c| susbusongggggg|slow?\n|c|\u2606Madw|8 turns of my moves doing\n|c|\u2606Madw|half dmg\n|c| susbusongggggg|oh\n|\n|t:|1700428414\n|move|p2a: Zamazenta|Substitute|p2a: Zamazenta\n|-start|p2a: Zamazenta|Substitute\n|-damage|p2a: Zamazenta|64\/100\n|move|p1a: steel rodan|Bulk Up|p1a: steel rodan\n|-boost|p1a: steel rodan|atk|1\n|-boost|p1a: steel rodan|def|1\n|\n|-weather|none\n|-heal|p2a: Zamazenta|70\/100|[from] item: Leftovers\n|upkeep\n|turn|6\n|\n|t:|1700428425\n|move|p2a: Zamazenta|Iron Defense|p2a: Zamazenta\n|-boost|p2a: Zamazenta|def|1\n|move|p1a: steel rodan|Brave Bird|p2a: Zamazenta\n|-supereffective|p2a: Zamazenta\n|-end|p2a: Zamazenta|Substitute\n|-damage|p1a: steel rodan|64\/100|[from] Recoil|[of] p2a: Zamazenta\n|\n|-heal|p2a: Zamazenta|76\/100|[from] item: Leftovers\n|upkeep\n|turn|7\n|\n|t:|1700428434\n|move|p2a: Zamazenta|Substitute|p2a: Zamazenta\n|-start|p2a: Zamazenta|Substitute\n|-damage|p2a: Zamazenta|51\/100\n|move|p1a: steel rodan|Roost|p1a: steel rodan\n|-heal|p1a: steel rodan|100\/100\n|-singleturn|p1a: steel rodan|move: Roost\n|\n|-heal|p2a: Zamazenta|57\/100|[from] item: Leftovers\n|upkeep\n|turn|8\n|c|\u2606Madw|I\u2019m going all out\n|\n|t:|1700428452\n|-terastallize|p2a: Zamazenta|Steel\n|move|p2a: Zamazenta|Body Press|p1a: steel rodan\n|-damage|p1a: steel rodan|76\/100\n|-damage|p2a: Zamazenta|41\/100|[from] item: Rocky Helmet|[of] p1a: steel rodan\n|move|p1a: steel rodan|Bulk Up|p1a: steel rodan\n|-boost|p1a: steel rodan|atk|1\n|-boost|p1a: steel rodan|def|1\n|\n|-heal|p2a: Zamazenta|47\/100|[from] item: Leftovers\n|upkeep\n|turn|9\n|c|\u2606Madw|gpd\n|c|\u2606Madw|rocky helmet\n|c|\u2606Madw|bullying rn\n|\n|t:|1700428472\n|move|p2a: Zamazenta|Iron Defense|p2a: Zamazenta\n|-boost|p2a: Zamazenta|def|0\n|move|p1a: steel rodan|Body Press|p2a: Zamazenta\n|-supereffective|p2a: Zamazenta\n|-activate|p2a: Zamazenta|move: Substitute|[damage]\n|\n|-heal|p2a: Zamazenta|53\/100|[from] item: Leftovers\n|-sideend|p1: Glitched#Chester|move: Aurora Veil\n|upkeep\n|turn|10\n|\n|t:|1700428480\n|move|p2a: Zamazenta|Body Press|p1a: steel rodan\n|-damage|p1a: steel rodan|36\/100\n|-damage|p2a: Zamazenta|36\/100|[from] item: Rocky Helmet|[of] p1a: steel rodan\n|move|p1a: steel rodan|Body Press|p2a: Zamazenta\n|-supereffective|p2a: Zamazenta\n|-end|p2a: Zamazenta|Substitute\n|\n|-heal|p2a: Zamazenta|43\/100|[from] item: Leftovers\n|upkeep\n|turn|11\n|\n|t:|1700428490\n|move|p2a: Zamazenta|Body Press|p1a: steel rodan\n|-damage|p1a: steel rodan|0 fnt\n|-damage|p2a: Zamazenta|26\/100|[from] item: Rocky Helmet|[of] p1a: steel rodan\n|faint|p1a: steel rodan\n|\n|-heal|p2a: Zamazenta|32\/100|[from] item: Leftovers\n|upkeep\n|c|\u2606Madw|god\n|c|\u2606Madw|i hate cornovobht\n|\n|t:|1700428499\n|switch|p1a: AY ITS THE-|Cinderace, F, shiny|100\/100\n|turn|12\n|c|\u2606Madw|corvinight\n|c|\u2606Glitched#Chester|Ggs\n|c| susbusongggggg|wait\n|c|\u2606Glitched#Chester|You outspeed me\n|c|\u2606Madw|bro\n|c| susbusongggggg|isnt that physical?\n|c| susbusongggggg|i dont think\n|c|\u2606Madw|don\u2019t say\n|c|\u2606Madw|gg\n|c| susbusongggggg|chester even kills\n|\n|t:|1700428521\n|move|p2a: Zamazenta|Body Press|p1a: AY ITS THE-\n|-damage|p1a: AY ITS THE-|0 fnt\n|faint|p1a: AY ITS THE-\n|\n|-heal|p2a: Zamazenta|38\/100|[from] item: Leftovers\n|upkeep\n|\n|t:|1700428526\n|switch|p1a: Tatsumaki|Ninetales-Alola, M, shiny|23\/100\n|-weather|Snow|[from] ability: Snow Warning|[of] p1a: Tatsumaki\n|turn|13\n|c|\u2606Madw|I outspeed his whole team\n|c|\u2606Madw|it is gg\n|c|\u2606Madw|mb\n|\n|t:|1700428533\n|move|p2a: Zamazenta|Body Press|p1a: Tatsumaki\n|-damage|p1a: Tatsumaki|0 fnt\n|faint|p1a: Tatsumaki\n|\n|-weather|Snow|[upkeep]\n|-heal|p2a: Zamazenta|44\/100|[from] item: Leftovers\n|upkeep\n|\n|t:|1700428540\n|switch|p1a: Lord Cloyster|Cloyster, F|100\/100\n|turn|14\n|c|\u2606Madw|wait\n|c|\u2606Madw|IRON MONTH\n|c|\u2606Madw|CHILL\n|c|\u2606Madw|VHIL\n|c|\u2606Madw|CHILL\n|\n|t:|1700428546\n|move|p2a: Zamazenta|Body Press|p1a: Lord Cloyster\n|-supereffective|p1a: Lord Cloyster\n|-damage|p1a: Lord Cloyster|0 fnt\n|faint|p1a: Lord Cloyster\n|\n|-weather|Snow|[upkeep]\n|-heal|p2a: Zamazenta|51\/100|[from] item: Leftovers\n|upkeep\n|\n|t:|1700428548\n|switch|p1a: Fishstick|Barraskewda, M, shiny|100\/100\n|turn|15\n|c|\u2606Madw|WHY\n|c|\u2606Madw|ARE YOU THROWING\n|\n|t:|1700428557\n|-terastallize|p1a: Fishstick|Ground\n|move|p2a: Zamazenta|Body Press|p1a: Fishstick\n|-damage|p1a: Fishstick|0 fnt\n|faint|p1a: Fishstick\n|\n|-weather|Snow|[upkeep]\n|-heal|p2a: Zamazenta|57\/100|[from] item: Leftovers\n|upkeep\n|\n|t:|1700428561\n|switch|p1a: Cosmic Garou FR|Iron Moth|100\/100\n|-enditem|p1a: Cosmic Garou FR|Booster Energy\n|-activate|p1a: Cosmic Garou FR|ability: Quark Drive|[fromitem]\n|-start|p1a: Cosmic Garou FR|quarkdrivespa\n|turn|16\n|c|\u2606Madw|well\n|c|\u2606Madw|he loses anyway\n|c|\u2606Madw|but\n|c|\u2606Madw|g\n|c|\u2606Madw|g\n|\n|t:|1700428569\n|move|p2a: Zamazenta|Body Press|p1a: Cosmic Garou FR\n|-resisted|p1a: Cosmic Garou FR\n|-damage|p1a: Cosmic Garou FR|0 fnt\n|faint|p1a: Cosmic Garou FR\n|-end|p1a: Cosmic Garou FR|Quark Drive|[silent]\n|\n|win|Madw\n|l|\u2606Glitched#Chester\n|c|\u2606Madw|nah\n|c|\u2606Madw|zamazenta on top\n|c|\u2606Madw|GG\n|c|\u2606Madw|GG\n|c|\u2606Madw|ALPHA\n|c|\u2606Madw|ROGO\n|c|\u2606Madw|PROTO\n|l| susbusongggggg\n","uploadtime":1700428590,"views":36,"p1id":"glitchedchester","p2id":"madw","formatid":"gen9ou","rating":0,"private":0,"password":""}