{"id":"gen9ou-1990920319","p1":"Rocketboss04","p2":"bananaszn","format":"[Gen 9] OU","log":"|j|\u2606Rocketboss04\n|j|\u2606bananaszn\n|t:|1700015251\n|gametype|singles\n|player|p1|Rocketboss04|clown|1093\n|player|p2|bananaszn|brycen|1052\n|teamsize|p1|6\n|teamsize|p2|6\n|gen|9\n|tier|[Gen 9] OU\n|rated|\n|rule|Sleep Clause Mod: Limit one foe put to sleep\n|rule|Species Clause: Limit one of each Pok\u00e9mon\n|rule|OHKO Clause: OHKO moves are banned\n|rule|Evasion Items Clause: Evasion items are banned\n|rule|Evasion Moves Clause: Evasion moves are banned\n|rule|Endless Battle Clause: Forcing endless battles is banned\n|rule|HP Percentage Mod: HP is shown in percentages\n|clearpoke\n|poke|p1|Landorus-Therian, M|\n|poke|p1|Great Tusk|\n|poke|p1|Okidogi, M|\n|poke|p1|Camerupt, F|\n|poke|p1|Mamoswine, M|\n|poke|p1|Clodsire, F|\n|poke|p2|Ogerpon-Wellspring, F|\n|poke|p2|Corviknight, M|\n|poke|p2|Heatran, M|\n|poke|p2|Alomomola, M|\n|poke|p2|Quaquaval, M|\n|poke|p2|Landorus-Therian, M|\n|teampreview\n|\n|t:|1700015287\n|start\n|switch|p1a: Camerupt|Camerupt, F, shiny|100\/100\n|switch|p2a: Kazuma Kiryu|Ogerpon-Wellspring, F|100\/100\n|turn|1\n|\n|t:|1700015295\n|switch|p1a: Clodsire|Clodsire, F|100\/100\n|move|p2a: Kazuma Kiryu|Swords Dance|p2a: Kazuma Kiryu\n|-boost|p2a: Kazuma Kiryu|atk|2\n|\n|upkeep\n|turn|2\n|\n|t:|1700015305\n|move|p2a: Kazuma Kiryu|Spiky Shield|p2a: Kazuma Kiryu\n|-singleturn|p2a: Kazuma Kiryu|move: Protect\n|move|p1a: Clodsire|Toxic|p2a: Kazuma Kiryu\n|-activate|p2a: Kazuma Kiryu|move: Protect\n|\n|upkeep\n|turn|3\n|\n|t:|1700015338\n|switch|p2a: Corviknight|Corviknight, M|100\/100\n|switch|p1a: Landorus|Landorus-Therian, M|100\/100\n|-ability|p1a: Landorus|Intimidate|boost\n|-ability|p2a: Corviknight|Mirror Armor\n|-unboost|p1a: Landorus|atk|1\n|\n|upkeep\n|turn|4\n|\n|t:|1700015366\n|move|p1a: Landorus|Smack Down|p2a: Corviknight\n|-damage|p2a: Corviknight|93\/100\n|-start|p2a: Corviknight|Smack Down\n|move|p2a: Corviknight|U-turn|p1a: Landorus\n|-resisted|p1a: Landorus\n|-damage|p1a: Landorus|93\/100\n|-damage|p2a: Corviknight|76\/100|[from] item: Rocky Helmet|[of] p1a: Landorus\n|\n|t:|1700015373\n|switch|p2a: Kazuma Kiryu|Ogerpon-Wellspring, F|100\/100|[from] U-turn\n|\n|upkeep\n|turn|5\n|\n|t:|1700015378\n|switch|p1a: Clodsire|Clodsire, F|100\/100\n|move|p2a: Kazuma Kiryu|Swords Dance|p2a: Kazuma Kiryu\n|-boost|p2a: Kazuma Kiryu|atk|2\n|\n|upkeep\n|turn|6\n|\n|t:|1700015421\n|switch|p2a: Corviknight|Corviknight, M|76\/100\n|move|p1a: Clodsire|Toxic|p2a: Corviknight\n|-immune|p2a: Corviknight\n|\n|upkeep\n|turn|7\n|\n|t:|1700015428\n|switch|p1a: Camerupt|Camerupt, F, shiny|100\/100\n|move|p2a: Corviknight|Iron Defense|p2a: Corviknight\n|-boost|p2a: Corviknight|def|2\n|\n|upkeep\n|turn|8\n|\n|t:|1700015441\n|move|p2a: Corviknight|Body Press|p1a: Camerupt\n|-damage|p1a: Camerupt|26\/100\n|move|p1a: Camerupt|Substitute|p1a: Camerupt\n|-start|p1a: Camerupt|Substitute\n|-damage|p1a: Camerupt|1\/100\n|\n|-heal|p1a: Camerupt|7\/100|[from] item: Leftovers\n|upkeep\n|turn|9\n|\n|t:|1700015451\n|move|p2a: Corviknight|U-turn|p1a: Camerupt\n|-resisted|p1a: Camerupt\n|-activate|p1a: Camerupt|move: Substitute|[damage]\n|\n|t:|1700015456\n|switch|p2a: Kazuma Kiryu|Ogerpon-Wellspring, F|100\/100|[from] U-turn\n|move|p1a: Camerupt|Lava Plume|p2a: Kazuma Kiryu\n|-damage|p2a: Kazuma Kiryu|56\/100\n|\n|-heal|p1a: Camerupt|13\/100|[from] item: Leftovers\n|upkeep\n|turn|10\n|\n|t:|1700015467\n|move|p2a: Kazuma Kiryu|Swords Dance|p2a: Kazuma Kiryu\n|-boost|p2a: Kazuma Kiryu|atk|2\n|move|p1a: Camerupt|Lava Plume|p2a: Kazuma Kiryu\n|-damage|p2a: Kazuma Kiryu|10\/100\n|-status|p2a: Kazuma Kiryu|brn\n|\n|-heal|p1a: Camerupt|19\/100|[from] item: Leftovers\n|-damage|p2a: Kazuma Kiryu|4\/100 brn|[from] brn\n|upkeep\n|turn|11\n|\n|t:|1700015480\n|move|p2a: Kazuma Kiryu|Ivy Cudgel|p1a: Camerupt|[anim] Ivy Cudgel Water\n|-supereffective|p1a: Camerupt\n|-end|p1a: Camerupt|Substitute\n|move|p1a: Camerupt|Earth Power|p2a: Kazuma Kiryu\n|-resisted|p2a: Kazuma Kiryu\n|-damage|p2a: Kazuma Kiryu|0 fnt\n|faint|p2a: Kazuma Kiryu\n|\n|-heal|p1a: Camerupt|25\/100|[from] item: Leftovers\n|upkeep\n|\n|t:|1700015493\n|switch|p2a: Quavo|Quaquaval, M|100\/100\n|turn|12\n|\n|t:|1700015499\n|switch|p1a: Clodsire|Clodsire, F|100\/100\n|move|p2a: Quavo|Aqua Step|p1a: Clodsire\n|-immune|p1a: Clodsire|[from] ability: Water Absorb\n|\n|upkeep\n|turn|13\n|\n|t:|1700015512\n|switch|p2a: Corviknight|Corviknight, M|76\/100\n|move|p1a: Clodsire|Earthquake|p2a: Corviknight\n|-immune|p2a: Corviknight\n|\n|upkeep\n|turn|14\n|\n|t:|1700015531\n|switch|p1a: Landorus|Landorus-Therian, M|93\/100\n|-ability|p1a: Landorus|Intimidate|boost\n|-ability|p2a: Corviknight|Mirror Armor\n|-unboost|p1a: Landorus|atk|1\n|move|p2a: Corviknight|Iron Defense|p2a: Corviknight\n|-boost|p2a: Corviknight|def|2\n|\n|upkeep\n|turn|15\n|\n|t:|1700015544\n|move|p1a: Landorus|Smack Down|p2a: Corviknight\n|-damage|p2a: Corviknight|73\/100\n|-start|p2a: Corviknight|Smack Down\n|move|p2a: Corviknight|Iron Defense|p2a: Corviknight\n|-boost|p2a: Corviknight|def|2\n|\n|upkeep\n|turn|16\n|\n|t:|1700015560\n|switch|p2a: RAHHHH|Landorus-Therian, M|100\/100\n|-ability|p2a: RAHHHH|Intimidate|boost\n|-unboost|p1a: Landorus|atk|1\n|move|p1a: Landorus|Swords Dance|p1a: Landorus\n|-boost|p1a: Landorus|atk|2\n|\n|upkeep\n|turn|17\n|\n|t:|1700015569\n|move|p2a: RAHHHH|Rock Slide|p1a: Landorus\n|-damage|p1a: Landorus|40\/100\n|cant|p1a: Landorus|flinch\n|\n|upkeep\n|turn|18\n|\n|t:|1700015590\n|move|p2a: RAHHHH|Rock Slide|p1a: Landorus\n|-damage|p1a: Landorus|0 fnt\n|faint|p1a: Landorus\n|\n|upkeep\n|\n|t:|1700015595\n|switch|p1a: Mamoswine|Mamoswine, M|100\/100\n|turn|19\n|\n|t:|1700015605\n|move|p2a: RAHHHH|Rock Slide|p1a: Mamoswine\n|-damage|p1a: Mamoswine|64\/100\n|cant|p1a: Mamoswine|flinch\n|\n|upkeep\n|turn|20\n|\n|t:|1700015611\n|move|p2a: RAHHHH|Rock Slide|p1a: Mamoswine\n|-damage|p1a: Mamoswine|25\/100\n|cant|p1a: Mamoswine|flinch\n|\n|upkeep\n|turn|21\n|\n|t:|1700015618\n|move|p2a: RAHHHH|Rock Slide|p1a: Mamoswine\n|-damage|p1a: Mamoswine|0 fnt\n|faint|p1a: Mamoswine\n|\n|upkeep\n|c|\u2606Rocketboss04|Wow\n|\n|t:|1700015629\n|switch|p1a: Great Tusk|Great Tusk, shiny|100\/100\n|-enditem|p1a: Great Tusk|Booster Energy\n|-activate|p1a: Great Tusk|ability: Protosynthesis|[fromitem]\n|-start|p1a: Great Tusk|protosynthesisatk\n|turn|22\n|c|\u2606bananaszn|wouldve thought i had serene grace\n|\n|t:|1700015635\n|move|p2a: RAHHHH|Rock Slide|p1a: Great Tusk\n|-resisted|p1a: Great Tusk\n|-damage|p1a: Great Tusk|94\/100\n|cant|p1a: Great Tusk|flinch\n|\n|upkeep\n|turn|23\n|c|\u2606bananaszn|OH MY GOD\n|c|\u2606Rocketboss04|Holy shit\n|c|\u2606Rocketboss04|lol\n|\n|t:|1700015651\n|move|p2a: RAHHHH|Rock Slide|p1a: Great Tusk\n|-resisted|p1a: Great Tusk\n|-damage|p1a: Great Tusk|88\/100\n|cant|p1a: Great Tusk|flinch\n|\n|upkeep\n|turn|24\n|c|\u2606bananaszn|WOAH\n|c|\u2606Rocketboss04|Dude\n|c|\u2606Rocketboss04|tell me how\n|c|\u2606Rocketboss04|give me your secrets\n|\n|t:|1700015675\n|move|p2a: RAHHHH|Rock Slide|p1a: Great Tusk|[miss]\n|-miss|p2a: RAHHHH|p1a: Great Tusk\n|move|p1a: Great Tusk|Rapid Spin|p2a: RAHHHH\n|-damage|p2a: RAHHHH|70\/100\n|-boost|p1a: Great Tusk|spe|1\n|\n|upkeep\n|turn|25\n|\n|t:|1700015684\n|move|p1a: Great Tusk|Ice Spinner|p2a: RAHHHH\n|-supereffective|p2a: RAHHHH\n|-damage|p2a: RAHHHH|0 fnt\n|faint|p2a: RAHHHH\n|\n|upkeep\n|c|\u2606bananaszn|landorus is a beast\n|c|\u2606bananaszn|trust\n|c|\u2606Rocketboss04|Not mine lol\n|\n|t:|1700015701\n|switch|p2a: Chi-yu Who ?|Heatran, M|100\/100\n|turn|26\n|\n|t:|1700015709\n|switch|p2a: Corviknight|Corviknight, M|73\/100\n|move|p1a: Great Tusk|Ice Spinner|p2a: Corviknight\n|-damage|p2a: Corviknight|49\/100\n|-damage|p1a: Great Tusk|71\/100|[from] item: Rocky Helmet|[of] p2a: Corviknight\n|\n|upkeep\n|turn|27\n|c|\u2606bananaszn|js gotta give it that juice\n|c|\u2606bananaszn|trust\n|\n|t:|1700015722\n|-end|p1a: Great Tusk|Protosynthesis|[silent]\n|switch|p1a: Camerupt|Camerupt, F, shiny|25\/100\n|move|p2a: Corviknight|Iron Defense|p2a: Corviknight\n|-boost|p2a: Corviknight|def|2\n|\n|-heal|p1a: Camerupt|31\/100|[from] item: Leftovers\n|upkeep\n|turn|28\n|\n|t:|1700015730\n|switch|p2a: Chi-yu Who ?|Heatran, M|100\/100\n|move|p1a: Camerupt|Lava Plume|p2a: Chi-yu Who ?\n|-start|p2a: Chi-yu Who ?|ability: Flash Fire\n|\n|-heal|p1a: Camerupt|37\/100|[from] item: Leftovers\n|upkeep\n|turn|29\n|\n|t:|1700015741\n|-terastallize|p2a: Chi-yu Who ?|Flying\n|move|p2a: Chi-yu Who ?|Earth Power|p1a: Camerupt\n|-supereffective|p1a: Camerupt\n|-damage|p1a: Camerupt|0 fnt\n|faint|p1a: Camerupt\n|\n|upkeep\n|\n|t:|1700015749\n|switch|p1a: Great Tusk|Great Tusk, shiny|71\/100\n|turn|30\n|\n|t:|1700015759\n|move|p1a: Great Tusk|Ice Spinner|p2a: Chi-yu Who ?\n|-supereffective|p2a: Chi-yu Who ?\n|-damage|p2a: Chi-yu Who ?|45\/100\n|move|p2a: Chi-yu Who ?|Magma Storm|p1a: Great Tusk\n|-damage|p1a: Great Tusk|0 fnt\n|faint|p1a: Great Tusk\n|-end|p1a: Great Tusk|Protosynthesis|[silent]\n|\n|upkeep\n|\n|t:|1700015773\n|switch|p1a: Okidogi|Okidogi, M|100\/100\n|turn|31\n|\n|t:|1700015780\n|move|p1a: Okidogi|Knock Off|p2a: Chi-yu Who ?\n|-damage|p2a: Chi-yu Who ?|10\/100\n|-enditem|p2a: Chi-yu Who ?|Assault Vest|[from] move: Knock Off|[of] p1a: Okidogi\n|move|p2a: Chi-yu Who ?|Earth Power|p1a: Okidogi\n|-supereffective|p1a: Okidogi\n|-damage|p1a: Okidogi|64\/100\n|\n|upkeep\n|turn|32\n|c|\u2606bananaszn|what type of special defense\n|\n|t:|1700015805\n|move|p1a: Okidogi|Knock Off|p2a: Chi-yu Who ?\n|-damage|p2a: Chi-yu Who ?|0 fnt\n|faint|p2a: Chi-yu Who ?\n|\n|upkeep\n|\n|t:|1700015814\n|switch|p2a: Quavo|Quaquaval, M|100\/100\n|turn|33\n|\n|t:|1700015833\n|move|p2a: Quavo|Liquidation|p1a: Okidogi\n|-damage|p1a: Okidogi|19\/100\n|-damage|p2a: Quavo|91\/100|[from] item: Life Orb\n|move|p1a: Okidogi|Knock Off|p2a: Quavo\n|-resisted|p2a: Quavo\n|-damage|p2a: Quavo|66\/100\n|-enditem|p2a: Quavo|Life Orb|[from] move: Knock Off|[of] p1a: Okidogi\n|\n|upkeep\n|turn|34\n|\n|t:|1700015841\n|switch|p1a: Clodsire|Clodsire, F|100\/100\n|move|p2a: Quavo|Liquidation|p1a: Clodsire\n|-immune|p1a: Clodsire|[from] ability: Water Absorb\n|\n|upkeep\n|turn|35\n|\n|t:|1700015850\n|switch|p2a: Corviknight|Corviknight, M|49\/100\n|move|p1a: Clodsire|Toxic|p2a: Corviknight\n|-immune|p2a: Corviknight\n|\n|upkeep\n|turn|36\n|\n|t:|1700015857\n|move|p2a: Corviknight|Roost|p2a: Corviknight\n|-heal|p2a: Corviknight|99\/100\n|-singleturn|p2a: Corviknight|move: Roost\n|move|p1a: Clodsire|Toxic|p2a: Corviknight\n|-immune|p2a: Corviknight\n|\n|upkeep\n|turn|37\n|\n|t:|1700015866\n|switch|p1a: Okidogi|Okidogi, M|19\/100\n|move|p2a: Corviknight|Iron Defense|p2a: Corviknight\n|-boost|p2a: Corviknight|def|2\n|\n|upkeep\n|turn|38\n|\n|t:|1700015874\n|move|p1a: Okidogi|Drain Punch|p2a: Corviknight\n|-damage|p2a: Corviknight|87\/100\n|-heal|p1a: Okidogi|26\/100|[from] drain|[of] p2a: Corviknight\n|-damage|p1a: Okidogi|9\/100|[from] item: Rocky Helmet|[of] p2a: Corviknight\n|move|p2a: Corviknight|Body Press|p1a: Okidogi\n|-resisted|p1a: Okidogi\n|-damage|p1a: Okidogi|0 fnt\n|faint|p1a: Okidogi\n|\n|upkeep\n|-message|Rocketboss04 forfeited.\n|\n|win|bananaszn\n|raw|Rocketboss04's rating: 1093 &rarr; <strong>1066<\/strong><br \/>(-27 for losing)\n|raw|bananaszn's rating: 1052 &rarr; <strong>1088<\/strong><br \/>(+36 for winning)\n|l|\u2606Rocketboss04\n|c|\u2606bananaszn|gg\n","uploadtime":1700015894,"views":7,"p1id":"rocketboss04","p2id":"bananaszn","formatid":"gen9ou","rating":1066,"private":0,"password":""}