{"id":"gen9ou-1996860389","p1":"schoolplayer753","p2":"Workoutbrobroman","format":"[Gen 9] OU","log":"|j|\u2606schoolplayer753\n|j|\u2606Workoutbrobroman\n|t:|1700736714\n|gametype|singles\n|player|p1|schoolplayer753|102|1188\n|player|p2|Workoutbrobroman|blackbelt-gen4dp|1172\n|teamsize|p1|6\n|teamsize|p2|6\n|gen|9\n|tier|[Gen 9] OU\n|rated|\n|rule|Sleep Clause Mod: Limit one foe put to sleep\n|rule|Species Clause: Limit one of each Pok\u00e9mon\n|rule|OHKO Clause: OHKO moves are banned\n|rule|Evasion Items Clause: Evasion items are banned\n|rule|Evasion Moves Clause: Evasion moves are banned\n|rule|Endless Battle Clause: Forcing endless battles is banned\n|rule|HP Percentage Mod: HP is shown in percentages\n|clearpoke\n|poke|p1|Heatran, M|\n|poke|p1|Landorus-Therian, M|\n|poke|p1|Mandibuzz, F|\n|poke|p1|Rotom-Wash|\n|poke|p1|Amoonguss, F|\n|poke|p1|Iron Moth|\n|poke|p2|Dragapult, M|\n|poke|p2|Munkidori, M|\n|poke|p2|Great Tusk|\n|poke|p2|Gholdengo|\n|poke|p2|Samurott-Hisui, F|\n|poke|p2|Zapdos|\n|teampreview\n|\n|t:|1700736731\n|start\n|switch|p1a: Landorus|Landorus-Therian, M|100\/100\n|switch|p2a: dushane|Munkidori, M|100\/100\n|-ability|p1a: Landorus|Intimidate|boost\n|-unboost|p2a: dushane|atk|1\n|turn|1\n|\n|t:|1700736746\n|move|p1a: Landorus|Stone Edge|p2a: dushane\n|-damage|p2a: dushane|44\/100\n|move|p2a: dushane|U-turn|p1a: Landorus\n|-resisted|p1a: Landorus\n|-damage|p1a: Landorus|96\/100\n|-status|p1a: Landorus|tox|[from] ability: Toxic Chain|[of] p2a: dushane\n|\n|t:|1700736768\n|switch|p2a: dris|Samurott-Hisui, F, shiny|100\/100|[from] U-turn\n|\n|-damage|p1a: Landorus|90\/100 tox|[from] psn\n|upkeep\n|turn|2\n|\n|t:|1700736778\n|switch|p1a: Amoonguss|Amoonguss, F|100\/100\n|move|p2a: dris|Ceaseless Edge|p1a: Amoonguss\n|-damage|p1a: Amoonguss|75\/100\n|-sidestart|p1: schoolplayer753|Spikes\n|\n|-heal|p1a: Amoonguss|82\/100|[from] item: Black Sludge\n|upkeep\n|turn|3\n|\n|t:|1700736791\n|move|p2a: dris|Ceaseless Edge|p1a: Amoonguss\n|-damage|p1a: Amoonguss|57\/100\n|-sidestart|p1: schoolplayer753|Spikes\n|move|p1a: Amoonguss|Grass Knot|p2a: dris\n|-supereffective|p2a: dris\n|-damage|p2a: dris|69\/100\n|\n|-heal|p1a: Amoonguss|63\/100|[from] item: Black Sludge\n|upkeep\n|turn|4\n|\n|t:|1700736800\n|move|p2a: dris|Ceaseless Edge|p1a: Amoonguss\n|-damage|p1a: Amoonguss|37\/100\n|-sidestart|p1: schoolplayer753|Spikes\n|move|p1a: Amoonguss|Synthesis|p1a: Amoonguss\n|-heal|p1a: Amoonguss|87\/100\n|\n|-heal|p1a: Amoonguss|93\/100|[from] item: Black Sludge\n|upkeep\n|turn|5\n|\n|t:|1700736816\n|switch|p2a: rafe|Dragapult, M, shiny|100\/100\n|move|p1a: Amoonguss|Spore|p2a: rafe\n|-status|p2a: rafe|slp|[from] move: Spore\n|\n|-heal|p1a: Amoonguss|99\/100|[from] item: Black Sludge\n|upkeep\n|turn|6\n|\n|t:|1700736825\n|switch|p2a: dushane|Munkidori, M|44\/100\n|switch|p1a: Mandibuzz|Mandibuzz, F|100\/100\n|\n|upkeep\n|turn|7\n|\n|t:|1700736838\n|switch|p2a: sully|Gholdengo, shiny|100\/100\n|move|p1a: Mandibuzz|Foul Play|p2a: sully\n|-supereffective|p2a: sully\n|-damage|p2a: sully|75\/100\n|\n|upkeep\n|turn|8\n|\n|t:|1700736849\n|move|p2a: sully|Make It Rain|p1a: Mandibuzz\n|-damage|p1a: Mandibuzz|52\/100\n|-unboost|p2a: sully|spa|1\n|move|p1a: Mandibuzz|Defog|p2a: sully\n|-immune|p2a: sully|[from] ability: Good as Gold\n|\n|upkeep\n|turn|9\n|\n|t:|1700736860\n|move|p2a: sully|Nasty Plot|p2a: sully\n|-boost|p2a: sully|spa|2\n|move|p1a: Mandibuzz|Roost|p1a: Mandibuzz\n|-heal|p1a: Mandibuzz|100\/100\n|-singleturn|p1a: Mandibuzz|move: Roost\n|\n|upkeep\n|turn|10\n|\n|t:|1700736875\n|switch|p1a: Amoonguss|Amoonguss, F|100\/100\n|-damage|p1a: Amoonguss|75\/100|[from] Spikes\n|move|p2a: sully|Make It Rain|p1a: Amoonguss\n|-damage|p1a: Amoonguss|0 fnt\n|-unboost|p2a: sully|spa|1\n|faint|p1a: Amoonguss\n|\n|upkeep\n|\n|t:|1700736881\n|switch|p1a: Landorus|Landorus-Therian, M|90\/100 tox\n|-ability|p1a: Landorus|Intimidate|boost\n|-unboost|p2a: sully|atk|1\n|turn|11\n|\n|t:|1700736898\n|switch|p2a: jamie|Great Tusk, shiny|100\/100\n|move|p1a: Landorus|U-turn|p2a: jamie\n|-resisted|p2a: jamie\n|-damage|p2a: jamie|94\/100\n|\n|t:|1700736902\n|switch|p1a: Mandibuzz|Mandibuzz, F|100\/100|[from] U-turn\n|\n|-heal|p2a: jamie|99\/100|[from] item: Leftovers\n|upkeep\n|turn|12\n|\n|t:|1700736911\n|move|p2a: jamie|Ice Spinner|p1a: Mandibuzz\n|-supereffective|p1a: Mandibuzz\n|-damage|p1a: Mandibuzz|74\/100\n|move|p1a: Mandibuzz|Defog|p2a: jamie\n|-unboost|p2a: jamie|evasion|1\n|-sideend|p1: schoolplayer753|Spikes|[from] move: Defog|[of] p1a: Mandibuzz\n|\n|-heal|p2a: jamie|100\/100|[from] item: Leftovers\n|upkeep\n|turn|13\n|\n|t:|1700736921\n|move|p2a: jamie|Stealth Rock|p1a: Mandibuzz\n|-sidestart|p1: schoolplayer753|move: Stealth Rock\n|move|p1a: Mandibuzz|U-turn|p2a: jamie\n|-resisted|p2a: jamie\n|-damage|p2a: jamie|98\/100\n|\n|t:|1700736931\n|switch|p1a: Iron Moth|Iron Moth|100\/100|[from] U-turn\n|-damage|p1a: Iron Moth|76\/100|[from] Stealth Rock\n|-enditem|p1a: Iron Moth|Booster Energy\n|-activate|p1a: Iron Moth|ability: Quark Drive|[fromitem]\n|-start|p1a: Iron Moth|quarkdrivespa\n|\n|-heal|p2a: jamie|100\/100|[from] item: Leftovers\n|upkeep\n|turn|14\n|\n|t:|1700736945\n|-terastallize|p1a: Iron Moth|Water\n|move|p1a: Iron Moth|Tera Blast|p2a: jamie|[anim] Tera Blast Water\n|-supereffective|p2a: jamie\n|-damage|p2a: jamie|0 fnt\n|faint|p2a: jamie\n|-end|p2a: jamie|Protosynthesis|[silent]\n|\n|upkeep\n|\n|t:|1700736955\n|switch|p2a: modie|Zapdos, shiny|100\/100\n|turn|15\n|\n|t:|1700736963\n|move|p2a: modie|Volt Switch|p1a: Iron Moth\n|-supereffective|p1a: Iron Moth\n|-damage|p1a: Iron Moth|0 fnt\n|faint|p1a: Iron Moth\n|-end|p1a: Iron Moth|Quark Drive|[silent]\n|\n|t:|1700736976\n|switch|p2a: dushane|Munkidori, M|44\/100|[from] Volt Switch\n|\n|upkeep\n|\n|t:|1700736984\n|switch|p1a: Rotom|Rotom-Wash|100\/100\n|-damage|p1a: Rotom|88\/100|[from] Stealth Rock\n|turn|16\n|\n|t:|1700736991\n|move|p1a: Rotom|Hydro Pump|p2a: dushane\n|-damage|p2a: dushane|0 fnt\n|faint|p2a: dushane\n|\n|upkeep\n|\n|t:|1700736996\n|switch|p2a: dris|Samurott-Hisui, F, shiny|69\/100\n|turn|17\n|\n|t:|1700737002\n|switch|p1a: Mandibuzz|Mandibuzz, F|74\/100\n|move|p2a: dris|Ceaseless Edge|p1a: Mandibuzz\n|-resisted|p1a: Mandibuzz\n|-damage|p1a: Mandibuzz|64\/100\n|-sidestart|p1: schoolplayer753|Spikes\n|\n|upkeep\n|turn|18\n|\n|t:|1700737014\n|switch|p2a: sully|Gholdengo, shiny|75\/100\n|move|p1a: Mandibuzz|Defog|p2a: sully\n|-immune|p2a: sully|[from] ability: Good as Gold\n|\n|upkeep\n|turn|19\n|\n|t:|1700737022\n|move|p2a: sully|Nasty Plot|p2a: sully\n|-boost|p2a: sully|spa|2\n|move|p1a: Mandibuzz|U-turn|p2a: sully\n|-resisted|p2a: sully\n|-damage|p2a: sully|72\/100\n|\n|t:|1700737026\n|switch|p1a: Landorus|Landorus-Therian, M|90\/100 tox|[from] U-turn\n|-damage|p1a: Landorus|78\/100 tox|[from] Stealth Rock\n|-ability|p1a: Landorus|Intimidate|boost\n|-unboost|p2a: sully|atk|1\n|\n|-damage|p1a: Landorus|72\/100 tox|[from] psn\n|upkeep\n|turn|20\n|\n|t:|1700737041\n|-terastallize|p2a: sully|Flying\n|move|p1a: Landorus|Earthquake|p2a: sully\n|-immune|p2a: sully\n|move|p2a: sully|Shadow Ball|p1a: Landorus\n|-damage|p1a: Landorus|0 fnt\n|faint|p1a: Landorus\n|\n|upkeep\n|c|\u2606schoolplayer753|fuck this shit\n|-message|schoolplayer753 forfeited.\n|\n|win|Workoutbrobroman\n|raw|schoolplayer753's rating: 1188 &rarr; <strong>1162<\/strong><br \/>(-26 for losing)\n|raw|Workoutbrobroman's rating: 1172 &rarr; <strong>1198<\/strong><br \/>(+26 for winning)\n","uploadtime":1700737053,"views":4,"p1id":"schoolplayer753","p2id":"workoutbrobroman","formatid":"gen9ou","rating":1162,"private":0,"password":""}