{"id":"gen9ou-1994018862","p1":"PuddLPud","p2":"xiaozhi4767","format":"[Gen 9] OU","log":"|j|\u2606PuddLPud\n|j|\u2606xiaozhi4767\n|t:|1700394582\n|gametype|singles\n|player|p1|PuddLPud|harlequin|1097\n|player|p2|xiaozhi4767|102|1006\n|teamsize|p1|6\n|teamsize|p2|6\n|gen|9\n|tier|[Gen 9] OU\n|rated|\n|rule|Sleep Clause Mod: Limit one foe put to sleep\n|rule|Species Clause: Limit one of each Pok\u00e9mon\n|rule|OHKO Clause: OHKO moves are banned\n|rule|Evasion Items Clause: Evasion items are banned\n|rule|Evasion Moves Clause: Evasion moves are banned\n|rule|Endless Battle Clause: Forcing endless battles is banned\n|rule|HP Percentage Mod: HP is shown in percentages\n|clearpoke\n|poke|p1|Pawmot, F|\n|poke|p1|Staraptor, M|\n|poke|p1|Kingambit, M|\n|poke|p1|Drifblim, F|\n|poke|p1|Armarouge, F|\n|poke|p1|Alomomola, M|\n|poke|p2|Greninja-*, M|\n|poke|p2|Pikachu-Kalos, M|\n|poke|p2|Hawlucha, M|\n|poke|p2|Goodra-Hisui, F|\n|poke|p2|Talonflame, M|\n|poke|p2|Noivern, M|\n|teampreview\n|c|\u2606PuddLPud|looking rad pikachu \ud83d\ude3c\n|\n|t:|1700394609\n|start\n|switch|p1a: Alomomola|Alomomola, M|100\/100\n|switch|p2a: Pikachu|Pikachu-Kalos, M|100\/100\n|turn|1\n|\n|t:|1700394629\n|switch|p1a: Armarouge|Armarouge, F|100\/100\n|move|p2a: Pikachu|Thunder Punch|p1a: Armarouge\n|-damage|p1a: Armarouge|50\/100\n|-status|p1a: Armarouge|par\n|-ability|p1a: Armarouge|Weak Armor|boost\n|-unboost|p1a: Armarouge|def|1\n|-boost|p1a: Armarouge|spe|2\n|\n|upkeep\n|turn|2\n|\n|t:|1700394642\n|move|p2a: Pikachu|Thunder Punch|p1a: Armarouge\n|-damage|p1a: Armarouge|0 fnt\n|faint|p1a: Armarouge\n|\n|upkeep\n|\n|t:|1700394650\n|switch|p1a: Pawmot|Pawmot, F, shiny|100\/100\n|turn|3\n|\n|t:|1700394664\n|-terastallize|p2a: Pikachu|Fairy\n|move|p2a: Pikachu|Play Rough|p1a: Pawmot\n|-supereffective|p1a: Pawmot\n|-damage|p1a: Pawmot|0 fnt\n|faint|p1a: Pawmot\n|\n|upkeep\n|\n|t:|1700394675\n|switch|p1a: Kingambit|Kingambit, M|100\/100\n|-activate|p1a: Kingambit|ability: Supreme Overlord\n|-start|p1a: Kingambit|fallen2|[silent]\n|turn|4\n|\n|t:|1700394690\n|move|p2a: Pikachu|Play Rough|p1a: Kingambit\n|-damage|p1a: Kingambit|63\/100\n|move|p1a: Kingambit|Retaliate|p2a: Pikachu\n|-damage|p2a: Pikachu|0 fnt\n|faint|p2a: Pikachu\n|\n|upkeep\n|\n|t:|1700394709\n|switch|p2a: Noivern|Noivern, M, shiny|100\/100\n|turn|5\n|\n|t:|1700394715\n|move|p1a: Kingambit|Endure|p1a: Kingambit\n|-singleturn|p1a: Kingambit|move: Endure\n|move|p2a: Noivern|Shadow Ball|p1a: Kingambit\n|-resisted|p1a: Kingambit\n|-damage|p1a: Kingambit|54\/100\n|\n|upkeep\n|turn|6\n|\n|t:|1700394726\n|move|p2a: Noivern|U-turn|p1a: Kingambit\n|-damage|p1a: Kingambit|46\/100\n|\n|t:|1700394741\n|switch|p2a: Greninja|Greninja, M, shiny|100\/100|[from] U-turn\n|move|p1a: Kingambit|Iron Head|p2a: Greninja\n|-resisted|p2a: Greninja\n|-damage|p2a: Greninja|53\/100\n|\n|upkeep\n|turn|7\n|\n|t:|1700394754\n|move|p1a: Kingambit|Endure|p1a: Kingambit\n|-singleturn|p1a: Kingambit|move: Endure\n|move|p2a: Greninja|Water Shuriken|p1a: Kingambit\n|-start|p2a: Greninja|typechange|Water|[from] ability: Protean\n|-crit|p1a: Kingambit\n|-damage|p1a: Kingambit|32\/100\n|-damage|p1a: Kingambit|23\/100\n|-damage|p1a: Kingambit|12\/100\n|-hitcount|p1a: Kingambit|3\n|\n|upkeep\n|turn|8\n|\n|t:|1700394766\n|move|p2a: Greninja|Water Shuriken|p1a: Kingambit\n|-damage|p1a: Kingambit|2\/100\n|-damage|p1a: Kingambit|0 fnt\n|faint|p1a: Kingambit\n|-end|p1a: Kingambit|fallen2|[silent]\n|-hitcount|p1: Kingambit|2\n|\n|upkeep\n|-message|PuddLPud forfeited.\n|\n|win|xiaozhi4767\n|raw|PuddLPud's rating: 1097 &rarr; <strong>1066<\/strong><br \/>(-31 for losing)\n|raw|xiaozhi4767's rating: 1006 &rarr; <strong>1055<\/strong><br \/>(+49 for winning)\n|l|\u2606PuddLPud\n|l|\u2606xiaozhi4767\n","uploadtime":1700394780,"views":6,"p1id":"puddlpud","p2id":"xiaozhi4767","formatid":"gen9ou","rating":1055,"private":0,"password":""}