{"id":"gen9ou-1999908850","p1":"xXDigimon420Xx","p2":"xflqm3","format":"[Gen 9] OU","log":"|j|\u2606xXDigimon420Xx\n|j|\u2606xflqm3\n|t:|1701128861\n|gametype|singles\n|player|p1|xXDigimon420Xx|170|1056\n|player|p2|xflqm3|169|1026\n|teamsize|p1|6\n|teamsize|p2|6\n|gen|9\n|tier|[Gen 9] OU\n|rated|\n|rule|Sleep Clause Mod: Limit one foe put to sleep\n|rule|Species Clause: Limit one of each Pok\u00e9mon\n|rule|OHKO Clause: OHKO moves are banned\n|rule|Evasion Items Clause: Evasion items are banned\n|rule|Evasion Moves Clause: Evasion moves are banned\n|rule|Endless Battle Clause: Forcing endless battles is banned\n|rule|HP Percentage Mod: HP is shown in percentages\n|clearpoke\n|poke|p1|Garganacl, F|\n|poke|p1|Spidops, M|\n|poke|p1|Alomomola, F|\n|poke|p1|Zangoose, M|\n|poke|p1|Dragapult, M|\n|poke|p1|Kingambit, F|\n|poke|p2|Gengar, F|\n|poke|p2|Tyranitar, M|\n|poke|p2|Salamence, F|\n|poke|p2|Lucario, M|\n|poke|p2|Gyarados, M|\n|poke|p2|Jolteon, F|\n|teampreview\n|\n|t:|1701128871\n|start\n|switch|p1a: Spidops|Spidops, M|100\/100\n|switch|p2a: Gyarados|Gyarados, M|100\/100\n|turn|1\n|\n|t:|1701128881\n|move|p2a: Gyarados|Fire Blast|p1a: Spidops\n|-supereffective|p1a: Spidops\n|-damage|p1a: Spidops|62\/100\n|move|p1a: Spidops|Sticky Web|p2a: Gyarados\n|-sidestart|p2: xflqm3|move: Sticky Web\n|\n|-heal|p1a: Spidops|68\/100|[from] item: Leftovers\n|upkeep\n|turn|2\n|\n|t:|1701128889\n|move|p2a: Gyarados|Fire Blast|p1a: Spidops\n|-supereffective|p1a: Spidops\n|-damage|p1a: Spidops|28\/100\n|move|p1a: Spidops|Toxic Spikes|p2a: Gyarados\n|-sidestart|p2: xflqm3|move: Toxic Spikes\n|\n|-heal|p1a: Spidops|34\/100|[from] item: Leftovers\n|upkeep\n|turn|3\n|\n|t:|1701128897\n|move|p1a: Spidops|Silk Trap|p1a: Spidops\n|-singleturn|p1a: Spidops|Protect\n|move|p2a: Gyarados|Fire Blast|p1a: Spidops\n|-activate|p1a: Spidops|move: Protect\n|\n|-heal|p1a: Spidops|41\/100|[from] item: Leftovers\n|upkeep\n|turn|4\n|\n|t:|1701128908\n|move|p2a: Gyarados|Fire Blast|p1a: Spidops\n|-supereffective|p1a: Spidops\n|-damage|p1a: Spidops|1\/100\n|move|p1a: Spidops|Toxic Spikes|p2a: Gyarados\n|-sidestart|p2: xflqm3|move: Toxic Spikes\n|\n|-heal|p1a: Spidops|7\/100|[from] item: Leftovers\n|upkeep\n|turn|5\n|\n|t:|1701128928\n|move|p1a: Spidops|Silk Trap|p1a: Spidops\n|-singleturn|p1a: Spidops|Protect\n|move|p2a: Gyarados|Fire Blast|p1a: Spidops\n|-activate|p1a: Spidops|move: Protect\n|\n|-heal|p1a: Spidops|13\/100|[from] item: Leftovers\n|upkeep\n|turn|6\n|\n|t:|1701128937\n|move|p1a: Spidops|Silk Trap||[still]\n|-fail|p1a: Spidops\n|move|p2a: Gyarados|Fire Blast|p1a: Spidops\n|-supereffective|p1a: Spidops\n|-damage|p1a: Spidops|0 fnt\n|faint|p1a: Spidops\n|-ability|p2a: Gyarados|Moxie|boost\n|-boost|p2a: Gyarados|atk|1\n|\n|upkeep\n|\n|t:|1701128965\n|switch|p1a: Alomomola|Alomomola, F|100\/100\n|turn|7\n|\n|t:|1701128986\n|move|p2a: Gyarados|Fire Blast|p1a: Alomomola|[miss]\n|-miss|p2a: Gyarados|p1a: Alomomola\n|move|p1a: Alomomola|Scald|p2a: Gyarados\n|-resisted|p2a: Gyarados\n|-damage|p2a: Gyarados|93\/100\n|\n|upkeep\n|turn|8\n|\n|t:|1701129006\n|switch|p2a: Gengar|Gengar, F|100\/100\n|-activate|p2a: Gengar|move: Sticky Web\n|-unboost|p2a: Gengar|spe|1\n|-sideend|p2: xflqm3|move: Toxic Spikes|[of] p2a: Gengar\n|move|p1a: Alomomola|Scald|p2a: Gengar\n|-damage|p2a: Gengar|79\/100\n|\n|-heal|p2a: Gengar|86\/100|[from] item: Black Sludge\n|upkeep\n|turn|9\n|\n|t:|1701129021\n|move|p2a: Gengar|Thunder|p1a: Alomomola\n|-supereffective|p1a: Alomomola\n|-damage|p1a: Alomomola|17\/100\n|-status|p1a: Alomomola|par\n|move|p1a: Alomomola|Wish|p1a: Alomomola\n|\n|-heal|p2a: Gengar|92\/100|[from] item: Black Sludge\n|upkeep\n|turn|10\n|\n|t:|1701129034\n|switch|p1a: Dragapult|Dragapult, M|100\/100\n|move|p2a: Gengar|Thunder|p1a: Dragapult|[miss]\n|-miss|p2a: Gengar|p1a: Dragapult\n|\n|-heal|p2a: Gengar|98\/100|[from] item: Black Sludge\n|upkeep\n|turn|11\n|\n|t:|1701129058\n|switch|p2a: Gyarados|Gyarados, M|93\/100\n|move|p1a: Dragapult|Shadow Ball|p2a: Gyarados\n|-damage|p2a: Gyarados|40\/100\n|\n|upkeep\n|turn|12\n|\n|t:|1701129070\n|move|p1a: Dragapult|Shadow Ball|p2a: Gyarados\n|-damage|p2a: Gyarados|0 fnt\n|faint|p2a: Gyarados\n|\n|upkeep\n|\n|t:|1701129079\n|switch|p2a: Salamence|Salamence, F|100\/100\n|turn|13\n|\n|t:|1701129128\n|-terastallize|p1a: Dragapult|Steel\n|move|p1a: Dragapult|Shadow Ball|p2a: Salamence\n|-damage|p2a: Salamence|40\/100\n|move|p2a: Salamence|Draco Meteor|p1a: Dragapult\n|-resisted|p1a: Dragapult\n|-damage|p1a: Dragapult|56\/100\n|-unboost|p2a: Salamence|spa|2\n|\n|upkeep\n|turn|14\n|\n|t:|1701129143\n|move|p1a: Dragapult|Shadow Ball|p2a: Salamence\n|-damage|p2a: Salamence|0 fnt\n|faint|p2a: Salamence\n|\n|upkeep\n|\n|t:|1701129156\n|switch|p2a: Lucario|Lucario, M|100\/100\n|-activate|p2a: Lucario|move: Sticky Web\n|-unboost|p2a: Lucario|spe|1\n|turn|15\n|\n|t:|1701129184\n|switch|p1a: Alomomola|Alomomola, F|50\/100 par\n|move|p2a: Lucario|Steel Beam|p1a: Alomomola|[miss]\n|-miss|p2a: Lucario|p1a: Alomomola\n|-damage|p2a: Lucario|50\/100|[from] steelbeam\n|\n|upkeep\n|turn|16\n|\n|t:|1701129196\n|move|p2a: Lucario|Rest|p2a: Lucario\n|-status|p2a: Lucario|slp|[from] move: Rest\n|-heal|p2a: Lucario|100\/100 slp|[silent]\n|cant|p1a: Alomomola|par\n|\n|upkeep\n|turn|17\n|\n|t:|1701129204\n|switch|p2a: Jolteon|Jolteon, F|100\/100\n|-activate|p2a: Jolteon|move: Sticky Web\n|-unboost|p2a: Jolteon|spe|1\n|switch|p1a: Dragapult|Dragapult, M, tera:Steel|56\/100\n|\n|upkeep\n|turn|18\n|\n|t:|1701129221\n|move|p1a: Dragapult|Flamethrower|p2a: Jolteon\n|-damage|p2a: Jolteon|53\/100\n|move|p2a: Jolteon|Light Screen|p2a: Jolteon\n|-sidestart|p2: xflqm3|move: Light Screen\n|\n|upkeep\n|turn|19\n|\n|t:|1701129231\n|switch|p2a: Tyranitar|Tyranitar, M|100\/100\n|-activate|p2a: Tyranitar|move: Sticky Web\n|-unboost|p2a: Tyranitar|spe|1\n|-weather|Sandstorm|[from] ability: Sand Stream|[of] p2a: Tyranitar\n|move|p1a: Dragapult|Flamethrower|p2a: Tyranitar\n|-resisted|p2a: Tyranitar\n|-damage|p2a: Tyranitar|87\/100\n|\n|-weather|Sandstorm|[upkeep]\n|upkeep\n|turn|20\n|\n|t:|1701129247\n|switch|p1a: Alomomola|Alomomola, F|84\/100 par\n|-terastallize|p2a: Tyranitar|Rock\n|move|p2a: Tyranitar|Thunder|p1a: Alomomola\n|-supereffective|p1a: Alomomola\n|-damage|p1a: Alomomola|0 fnt\n|faint|p1a: Alomomola\n|\n|-weather|Sandstorm|[upkeep]\n|upkeep\n|\n|t:|1701129264\n|switch|p1a: Garganacl|Garganacl, F, shiny|100\/100\n|turn|21\n|\n|t:|1701129273\n|move|p2a: Tyranitar|Hydro Pump|p1a: Garganacl\n|-supereffective|p1a: Garganacl\n|-damage|p1a: Garganacl|50\/100\n|move|p1a: Garganacl|Body Press|p2a: Tyranitar\n|-supereffective|p2a: Tyranitar\n|-damage|p2a: Tyranitar|24\/100\n|\n|-weather|Sandstorm|[upkeep]\n|-heal|p1a: Garganacl|56\/100|[from] item: Leftovers\n|upkeep\n|turn|22\n|\n|t:|1701129284\n|move|p2a: Tyranitar|Hydro Pump|p1a: Garganacl|[miss]\n|-miss|p2a: Tyranitar|p1a: Garganacl\n|move|p1a: Garganacl|Recover|p1a: Garganacl\n|-heal|p1a: Garganacl|100\/100\n|\n|-weather|Sandstorm|[upkeep]\n|-sideend|p2: xflqm3|move: Light Screen\n|upkeep\n|turn|23\n|\n|t:|1701129295\n|move|p2a: Tyranitar|Hydro Pump|p1a: Garganacl|[miss]\n|-miss|p2a: Tyranitar|p1a: Garganacl\n|move|p1a: Garganacl|Body Press|p2a: Tyranitar\n|-supereffective|p2a: Tyranitar\n|-damage|p2a: Tyranitar|0 fnt\n|faint|p2a: Tyranitar\n|\n|-weather|none\n|upkeep\n|\n|t:|1701129309\n|switch|p2a: Gengar|Gengar, F|98\/100\n|-activate|p2a: Gengar|move: Sticky Web\n|-unboost|p2a: Gengar|spe|1\n|turn|24\n|\n|t:|1701129316\n|move|p2a: Gengar|Energy Ball|p1a: Garganacl\n|-supereffective|p1a: Garganacl\n|-damage|p1a: Garganacl|38\/100\n|move|p1a: Garganacl|Salt Cure|p2a: Gengar\n|-damage|p2a: Gengar|69\/100\n|-start|p2a: Gengar|Salt Cure\n|\n|-heal|p2a: Gengar|75\/100|[from] item: Black Sludge\n|-heal|p1a: Garganacl|44\/100|[from] item: Leftovers\n|-damage|p2a: Gengar|63\/100|[from] Salt Cure\n|upkeep\n|turn|25\n|\n|t:|1701129340\n|switch|p1a: Kingambit|Kingambit, F|100\/100\n|-activate|p1a: Kingambit|ability: Supreme Overlord\n|-start|p1a: Kingambit|fallen2|[silent]\n|-item|p1a: Kingambit|Air Balloon\n|move|p2a: Gengar|Energy Ball|p1a: Kingambit\n|-resisted|p1a: Kingambit\n|-damage|p1a: Kingambit|86\/100\n|-enditem|p1a: Kingambit|Air Balloon\n|\n|-heal|p2a: Gengar|69\/100|[from] item: Black Sludge\n|-damage|p2a: Gengar|57\/100|[from] Salt Cure\n|upkeep\n|turn|26\n|\n|t:|1701129361\n|move|p2a: Gengar|Thunder|p1a: Kingambit\n|-damage|p1a: Kingambit|51\/100\n|move|p1a: Kingambit|Swords Dance|p1a: Kingambit\n|-boost|p1a: Kingambit|atk|2\n|\n|-heal|p2a: Gengar|63\/100|[from] item: Black Sludge\n|-damage|p2a: Gengar|51\/100|[from] Salt Cure\n|upkeep\n|turn|27\n|\n|t:|1701129373\n|move|p1a: Kingambit|Sucker Punch|p2a: Gengar\n|-supereffective|p2a: Gengar\n|-damage|p2a: Gengar|0 fnt\n|faint|p2a: Gengar\n|\n|upkeep\n|\n|t:|1701129383\n|switch|p2a: Lucario|Lucario, M|100\/100 slp\n|-activate|p2a: Lucario|move: Sticky Web\n|-unboost|p2a: Lucario|spe|1\n|turn|28\n|\n|t:|1701129399\n|cant|p2a: Lucario|slp\n|move|p1a: Kingambit|Swords Dance|p1a: Kingambit\n|-boost|p1a: Kingambit|atk|2\n|\n|upkeep\n|turn|29\n|\n|t:|1701129404\n|cant|p2a: Lucario|slp\n|move|p1a: Kingambit|Kowtow Cleave|p2a: Lucario\n|-resisted|p2a: Lucario\n|-damage|p2a: Lucario|0 fnt\n|faint|p2a: Lucario\n|\n|upkeep\n|\n|t:|1701129410\n|switch|p2a: Jolteon|Jolteon, F|53\/100\n|-activate|p2a: Jolteon|move: Sticky Web\n|-unboost|p2a: Jolteon|spe|1\n|turn|30\n|\n|t:|1701129417\n|move|p1a: Kingambit|Sucker Punch|p2a: Jolteon\n|-damage|p2a: Jolteon|0 fnt\n|faint|p2a: Jolteon\n|\n|win|xXDigimon420Xx\n|raw|xXDigimon420Xx's rating: 1056 &rarr; <strong>1085<\/strong><br \/>(+29 for winning)\n|raw|xflqm3's rating: 1026 &rarr; <strong>1013<\/strong><br \/>(-13 for losing)\n|c|\u2606xXDigimon420Xx|gg\n|c|\u2606xflqm3|gg\n|l|\u2606xflqm3\n","uploadtime":1701129513,"views":2,"p1id":"xxdigimon420xx","p2id":"xflqm3","formatid":"gen9ou","rating":1013,"private":0,"password":""}