{"id":"gen9ou-1995872687","p1":"okamichu_707","p2":"Danon","format":"[Gen 9] OU","log":"|j|\u2606okamichu_707\n|j|\u2606Danon\n|t:|1700612053\n|gametype|singles\n|player|p1|okamichu_707|rika|\n|player|p2|Danon|169|\n|teamsize|p1|6\n|teamsize|p2|6\n|gen|9\n|tier|[Gen 9] OU\n|rule|Sleep Clause Mod: Limit one foe put to sleep\n|rule|Species Clause: Limit one of each Pok\u00e9mon\n|rule|OHKO Clause: OHKO moves are banned\n|rule|Evasion Items Clause: Evasion items are banned\n|rule|Evasion Moves Clause: Evasion moves are banned\n|rule|Endless Battle Clause: Forcing endless battles is banned\n|rule|HP Percentage Mod: HP is shown in percentages\n|clearpoke\n|poke|p1|Ninetales-Alola, F|\n|poke|p1|Thundurus-Therian, M|\n|poke|p1|Clodsire, F|\n|poke|p1|Quagsire, F|\n|poke|p1|Sinistcha|\n|poke|p1|Flareon, M|\n|poke|p2|Conkeldurr, F|\n|poke|p2|Gyarados, F|\n|poke|p2|Skuntank, F|\n|poke|p2|Greninja-*, M|\n|poke|p2|Sylveon, M|\n|poke|p2|Jolteon, F|\n|teampreview\n|c|\u2606okamichu_707|good luck, have fun\n|\n|t:|1700612123\n|start\n|switch|p1a: Kyuubi|Ninetales-Alola, F|100\/100\n|switch|p2a: Gyarados|Gyarados, F|100\/100\n|-weather|Snow|[from] ability: Snow Warning|[of] p1a: Kyuubi\n|-ability|p2a: Gyarados|Intimidate|boost\n|-unboost|p1a: Kyuubi|atk|1\n|turn|1\n|\n|t:|1700612142\n|switch|p2a: Skuntank|Skuntank, F|100\/100\n|move|p1a: Kyuubi|Aurora Veil|p1a: Kyuubi\n|-sidestart|p1: okamichu_707|move: Aurora Veil\n|\n|-weather|Snow|[upkeep]\n|upkeep\n|turn|2\n|\n|t:|1700612167\n|switch|p1a: Rika|Clodsire, F|100\/100\n|move|p2a: Skuntank|Sludge Bomb|p1a: Rika\n|-resisted|p1a: Rika\n|-damage|p1a: Rika|99\/100\n|\n|-weather|Snow|[upkeep]\n|-heal|p1a: Rika|100\/100|[from] item: Black Sludge\n|upkeep\n|turn|3\n|\n|t:|1700612182\n|switch|p2a: Gyarados|Gyarados, F|100\/100\n|-ability|p2a: Gyarados|Intimidate|boost\n|-unboost|p1a: Rika|atk|1\n|move|p1a: Rika|Stealth Rock|p2a: Gyarados\n|-sidestart|p2: Danon|move: Stealth Rock\n|\n|-weather|Snow|[upkeep]\n|upkeep\n|turn|4\n|\n|t:|1700612208\n|switch|p1a: Gomamon|Quagsire, F|100\/100\n|move|p2a: Gyarados|Dragon Dance|p2a: Gyarados\n|-boost|p2a: Gyarados|atk|1\n|-boost|p2a: Gyarados|spe|1\n|\n|-weather|Snow|[upkeep]\n|upkeep\n|turn|5\n|\n|t:|1700612221\n|move|p2a: Gyarados|Ice Fang|p1a: Gomamon\n|-damage|p1a: Gomamon|92\/100\n|move|p1a: Gomamon|Rock Slide|p2a: Gyarados\n|-supereffective|p2a: Gyarados\n|-damage|p2a: Gyarados|60\/100\n|\n|-weather|none\n|-heal|p1a: Gomamon|98\/100|[from] item: Leftovers\n|upkeep\n|turn|6\n|\n|t:|1700612234\n|switch|p2a: Greninja|Greninja, M|100\/100\n|-damage|p2a: Greninja|88\/100|[from] Stealth Rock\n|move|p1a: Gomamon|Rock Slide|p2a: Greninja\n|-damage|p2a: Greninja|64\/100\n|\n|-heal|p1a: Gomamon|100\/100|[from] item: Leftovers\n|upkeep\n|turn|7\n|c|\u2606Danon|Good luck have fun\n|\n|t:|1700612259\n|switch|p1a: Kyuubi|Ninetales-Alola, F|100\/100\n|-weather|Snow|[from] ability: Snow Warning|[of] p1a: Kyuubi\n|move|p2a: Greninja|Grass Knot|p1a: Kyuubi\n|-start|p2a: Greninja|typechange|Grass|[from] ability: Protean\n|-damage|p1a: Kyuubi|87\/100\n|-damage|p2a: Greninja|54\/100|[from] item: Life Orb\n|\n|-weather|Snow|[upkeep]\n|upkeep\n|turn|8\n|\n|t:|1700612279\n|switch|p2a: Skuntank|Skuntank, F|100\/100\n|-damage|p2a: Skuntank|88\/100|[from] Stealth Rock\n|move|p1a: Kyuubi|Blizzard|p2a: Skuntank\n|-damage|p2a: Skuntank|31\/100\n|\n|-weather|Snow|[upkeep]\n|-heal|p2a: Skuntank|37\/100|[from] item: Black Sludge\n|-sideend|p1: okamichu_707|move: Aurora Veil\n|upkeep\n|turn|9\n|\n|t:|1700612307\n|move|p1a: Kyuubi|Blizzard|p2a: Skuntank\n|-damage|p2a: Skuntank|0 fnt\n|faint|p2a: Skuntank\n|\n|-weather|Snow|[upkeep]\n|upkeep\n|\n|t:|1700612325\n|switch|p2a: Jolteon|Jolteon, F|100\/100\n|-damage|p2a: Jolteon|88\/100|[from] Stealth Rock\n|turn|10\n|\n|t:|1700612338\n|move|p2a: Jolteon|Shadow Ball|p1a: Kyuubi\n|-damage|p1a: Kyuubi|44\/100\n|move|p1a: Kyuubi|Aurora Veil|p1a: Kyuubi\n|-sidestart|p1: okamichu_707|move: Aurora Veil\n|\n|-weather|Snow|[upkeep]\n|upkeep\n|turn|11\n|\n|t:|1700612357\n|move|p2a: Jolteon|Shadow Ball|p1a: Kyuubi\n|-damage|p1a: Kyuubi|25\/100\n|move|p1a: Kyuubi|Blizzard|p2a: Jolteon\n|-damage|p2a: Jolteon|33\/100\n|\n|-weather|none\n|upkeep\n|turn|12\n|\n|t:|1700612373\n|move|p2a: Jolteon|Shadow Ball|p1a: Kyuubi\n|-damage|p1a: Kyuubi|6\/100\n|move|p1a: Kyuubi|Moonblast|p2a: Jolteon\n|-damage|p2a: Jolteon|0 fnt\n|faint|p2a: Jolteon\n|\n|upkeep\n|\n|t:|1700612386\n|switch|p2a: Conkeldurr|Conkeldurr, F|100\/100\n|-damage|p2a: Conkeldurr|94\/100|[from] Stealth Rock\n|turn|13\n|\n|t:|1700612406\n|switch|p1a: The Tea|Sinistcha|100\/100\n|move|p2a: Conkeldurr|Mach Punch|p1a: The Tea\n|-immune|p1a: The Tea\n|\n|-status|p2a: Conkeldurr|brn|[from] item: Flame Orb\n|upkeep\n|turn|14\n|\n|t:|1700612416\n|move|p1a: The Tea|Substitute|p1a: The Tea\n|-start|p1a: The Tea|Substitute\n|-damage|p1a: The Tea|76\/100\n|move|p2a: Conkeldurr|Ice Punch|p1a: The Tea\n|-supereffective|p1a: The Tea\n|-end|p1a: The Tea|Substitute\n|\n|-heal|p1a: The Tea|82\/100|[from] item: Leftovers\n|-damage|p2a: Conkeldurr|88\/100 brn|[from] brn\n|upkeep\n|turn|15\n|\n|t:|1700612452\n|switch|p1a: Gomamon|Quagsire, F|100\/100\n|move|p2a: Conkeldurr|Ice Punch|p1a: Gomamon\n|-damage|p1a: Gomamon|85\/100\n|\n|-heal|p1a: Gomamon|91\/100|[from] item: Leftovers\n|-damage|p2a: Conkeldurr|82\/100 brn|[from] brn\n|upkeep\n|turn|16\n|\n|t:|1700612469\n|switch|p2a: Greninja|Greninja, M|54\/100\n|-damage|p2a: Greninja|42\/100|[from] Stealth Rock\n|move|p1a: Gomamon|Liquidation|p2a: Greninja\n|-resisted|p2a: Greninja\n|-damage|p2a: Greninja|22\/100\n|\n|-heal|p1a: Gomamon|97\/100|[from] item: Leftovers\n|upkeep\n|turn|17\n|\n|t:|1700612498\n|switch|p1a: Rajang|Thundurus-Therian, M|100\/100\n|move|p2a: Greninja|Grass Knot|p1a: Rajang\n|-start|p2a: Greninja|typechange|Grass|[from] ability: Protean\n|-resisted|p1a: Rajang\n|-damage|p1a: Rajang|85\/100\n|-damage|p2a: Greninja|12\/100|[from] item: Life Orb\n|\n|-sideend|p1: okamichu_707|move: Aurora Veil\n|upkeep\n|turn|18\n|\n|t:|1700612543\n|move|p1a: Rajang|Smart Strike|p2a: Greninja\n|-damage|p2a: Greninja|0 fnt\n|faint|p2a: Greninja\n|\n|upkeep\n|\n|t:|1700612549\n|switch|p2a: Gyarados|Gyarados, F|60\/100\n|-ability|p2a: Gyarados|Intimidate|boost\n|-unboost|p1a: Rajang|atk|1\n|turn|19\n|\n|t:|1700612563\n|switch|p1a: Gomamon|Quagsire, F|97\/100\n|move|p2a: Gyarados|Ice Fang|p1a: Gomamon\n|-damage|p1a: Gomamon|82\/100\n|\n|-heal|p1a: Gomamon|88\/100|[from] item: Leftovers\n|upkeep\n|turn|20\n|\n|t:|1700612578\n|move|p2a: Gyarados|Waterfall|p1a: Gomamon\n|-damage|p1a: Gomamon|60\/100\n|move|p1a: Gomamon|Liquidation|p2a: Gyarados\n|-resisted|p2a: Gyarados\n|-damage|p2a: Gyarados|43\/100\n|\n|-heal|p1a: Gomamon|66\/100|[from] item: Leftovers\n|upkeep\n|turn|21\n|\n|t:|1700612594\n|move|p2a: Gyarados|Dragon Dance|p2a: Gyarados\n|-boost|p2a: Gyarados|atk|1\n|-boost|p2a: Gyarados|spe|1\n|move|p1a: Gomamon|Recover|p1a: Gomamon\n|-heal|p1a: Gomamon|100\/100\n|\n|upkeep\n|turn|22\n|\n|t:|1700612605\n|move|p2a: Gyarados|Waterfall|p1a: Gomamon\n|-damage|p1a: Gomamon|74\/100\n|move|p1a: Gomamon|Rock Slide|p2a: Gyarados\n|-supereffective|p2a: Gyarados\n|-damage|p2a: Gyarados|3\/100\n|\n|-heal|p1a: Gomamon|80\/100|[from] item: Leftovers\n|upkeep\n|turn|23\n|\n|t:|1700612615\n|move|p2a: Gyarados|Crunch|p1a: Gomamon\n|-damage|p1a: Gomamon|62\/100\n|move|p1a: Gomamon|Liquidation|p2a: Gyarados\n|-resisted|p2a: Gyarados\n|-damage|p2a: Gyarados|0 fnt\n|faint|p2a: Gyarados\n|\n|-heal|p1a: Gomamon|68\/100|[from] item: Leftovers\n|upkeep\n|\n|t:|1700612626\n|switch|p2a: Conkeldurr|Conkeldurr, F|82\/100 brn\n|-damage|p2a: Conkeldurr|76\/100 brn|[from] Stealth Rock\n|turn|24\n|\n|t:|1700612632\n|move|p2a: Conkeldurr|Facade|p1a: Gomamon\n|-damage|p1a: Gomamon|4\/100\n|move|p1a: Gomamon|Earthquake|p2a: Conkeldurr\n|-damage|p2a: Conkeldurr|51\/100 brn\n|\n|-heal|p1a: Gomamon|10\/100|[from] item: Leftovers\n|-damage|p2a: Conkeldurr|45\/100 brn|[from] brn\n|upkeep\n|turn|25\n|\n|t:|1700612664\n|move|p2a: Conkeldurr|Ice Punch|p1a: Gomamon\n|-damage|p1a: Gomamon|0 fnt\n|faint|p1a: Gomamon\n|\n|-damage|p2a: Conkeldurr|39\/100 brn|[from] brn\n|upkeep\n|\n|t:|1700612671\n|switch|p1a: Rajang|Thundurus-Therian, M|85\/100\n|turn|26\n|\n|t:|1700612695\n|move|p1a: Rajang|Wild Charge|p2a: Conkeldurr\n|-damage|p2a: Conkeldurr|3\/100 brn\n|-damage|p1a: Rajang|73\/100|[from] Recoil\n|move|p2a: Conkeldurr|Ice Punch|p1a: Rajang\n|-supereffective|p1a: Rajang\n|-damage|p1a: Rajang|0 fnt\n|faint|p1a: Rajang\n|\n|-damage|p2a: Conkeldurr|0 fnt|[from] brn\n|faint|p2a: Conkeldurr\n|upkeep\n|\n|t:|1700612712\n|switch|p1a: Rika|Clodsire, F|100\/100\n|switch|p2a: Sylveon|Sylveon, M|100\/100\n|-damage|p2a: Sylveon|88\/100|[from] Stealth Rock\n|turn|27\n|\n|t:|1700612722\n|move|p2a: Sylveon|Psychic|p1a: Rika\n|-supereffective|p1a: Rika\n|-damage|p1a: Rika|71\/100\n|move|p1a: Rika|Gunk Shot|p2a: Sylveon\n|-supereffective|p2a: Sylveon\n|-damage|p2a: Sylveon|13\/100\n|\n|-heal|p2a: Sylveon|20\/100|[from] item: Leftovers\n|-heal|p1a: Rika|77\/100|[from] item: Black Sludge\n|upkeep\n|turn|28\n|c|\u2606Danon|Gg\n|\n|t:|1700612747\n|move|p2a: Sylveon|Hyper Voice|p1a: Rika\n|-resisted|p1a: Rika\n|-damage|p1a: Rika|63\/100\n|move|p1a: Rika|Earthquake|p2a: Sylveon\n|-crit|p2a: Sylveon\n|-damage|p2a: Sylveon|0 fnt\n|faint|p2a: Sylveon\n|\n|win|okamichu_707\n|c|\u2606okamichu_707|gg\n|l|\u2606Danon\n","uploadtime":1700612767,"views":41,"p1id":"okamichu707","p2id":"danon","formatid":"gen9ou","rating":0,"private":0,"password":""}