{"id":"gen9ou-1989278128","p1":"ButterLettuce_404","p2":"BotyLeBoss","format":"[Gen 9] OU","log":"|j|\u2606ButterLettuce_404\n|j|\u2606BotyLeBoss\n|t:|1699831079\n|gametype|singles\n|player|p1|ButterLettuce_404|az|1342\n|player|p2|BotyLeBoss|zinnia|1396\n|teamsize|p1|6\n|teamsize|p2|6\n|gen|9\n|tier|[Gen 9] OU\n|rated|\n|rule|Sleep Clause Mod: Limit one foe put to sleep\n|rule|Species Clause: Limit one of each Pok\u00e9mon\n|rule|OHKO Clause: OHKO moves are banned\n|rule|Evasion Items Clause: Evasion items are banned\n|rule|Evasion Moves Clause: Evasion moves are banned\n|rule|Endless Battle Clause: Forcing endless battles is banned\n|rule|HP Percentage Mod: HP is shown in percentages\n|clearpoke\n|poke|p1|Landorus-Therian, M|\n|poke|p1|Ting-Lu|\n|poke|p1|Dragapult, M|\n|poke|p1|Meowscarada, F|\n|poke|p1|Kingambit, F|\n|poke|p1|Iron Valiant|\n|poke|p2|Ninetales-Alola, M|\n|poke|p2|Kommo-o, M|\n|poke|p2|Great Tusk|\n|poke|p2|Zapdos|\n|poke|p2|Iron Moth|\n|poke|p2|Iron Valiant|\n|teampreview\n|inactive|Battle timer is ON: inactive players will automatically lose when time's up. (requested by ButterLettuce_404)\n|\n|t:|1699831120\n|start\n|switch|p1a: Kingambit|Kingambit, F|100\/100\n|switch|p2a: Zapdos|Zapdos|100\/100\n|turn|1\n|\n|t:|1699831126\n|-end|p1a: Kingambit|fallenundefined|[silent]\n|switch|p1a: Ting-Lu|Ting-Lu|100\/100\n|-ability|p1a: Ting-Lu|Vessel of Ruin\n|move|p2a: Zapdos|Heat Wave|p1a: Ting-Lu\n|-damage|p1a: Ting-Lu|89\/100\n|\n|-heal|p1a: Ting-Lu|95\/100|[from] item: Leftovers\n|upkeep\n|turn|2\n|\n|t:|1699831138\n|switch|p2a: Great Tusk|Great Tusk|100\/100\n|move|p1a: Ting-Lu|Spikes|p2a: Great Tusk\n|-sidestart|p2: BotyLeBoss|Spikes\n|\n|-heal|p1a: Ting-Lu|100\/100|[from] item: Leftovers\n|upkeep\n|turn|3\n|\n|t:|1699831144\n|switch|p1a: Dragapult|Dragapult, M|100\/100\n|move|p2a: Great Tusk|Stealth Rock|p1a: Dragapult\n|-sidestart|p1: ButterLettuce_404|move: Stealth Rock\n|\n|upkeep\n|turn|4\n|\n|t:|1699831154\n|move|p1a: Dragapult|U-turn|p2a: Great Tusk\n|-resisted|p2a: Great Tusk\n|-damage|p2a: Great Tusk|95\/100\n|\n|t:|1699831157\n|switch|p1a: Landorus|Landorus-Therian, M|100\/100|[from] U-turn\n|-damage|p1a: Landorus|88\/100|[from] Stealth Rock\n|-ability|p1a: Landorus|Intimidate|boost\n|-unboost|p2a: Great Tusk|atk|1\n|move|p2a: Great Tusk|Bulk Up|p2a: Great Tusk\n|-boost|p2a: Great Tusk|atk|1\n|-boost|p2a: Great Tusk|def|1\n|\n|-heal|p2a: Great Tusk|100\/100|[from] item: Leftovers\n|upkeep\n|turn|5\n|\n|t:|1699831166\n|-terastallize|p1a: Landorus|Water\n|move|p1a: Landorus|Grass Knot|p2a: Great Tusk\n|-supereffective|p2a: Great Tusk\n|-damage|p2a: Great Tusk|38\/100\n|move|p2a: Great Tusk|Rapid Spin|p1a: Landorus\n|-damage|p1a: Landorus|75\/100\n|-boost|p2a: Great Tusk|spe|1\n|-damage|p2a: Great Tusk|22\/100|[from] item: Rocky Helmet|[of] p1a: Landorus\n|-sideend|p2: BotyLeBoss|Spikes|[from] move: Rapid Spin|[of] p2a: Great Tusk\n|\n|-heal|p2a: Great Tusk|28\/100|[from] item: Leftovers\n|upkeep\n|turn|6\n|\n|t:|1699831177\n|move|p2a: Great Tusk|Headlong Rush|p1a: Landorus\n|-damage|p1a: Landorus|25\/100\n|-unboost|p2a: Great Tusk|def|1\n|-unboost|p2a: Great Tusk|spd|1\n|-damage|p2a: Great Tusk|11\/100|[from] item: Rocky Helmet|[of] p1a: Landorus\n|move|p1a: Landorus|Grass Knot|p2a: Great Tusk\n|-supereffective|p2a: Great Tusk\n|-damage|p2a: Great Tusk|0 fnt\n|faint|p2a: Great Tusk\n|-end|p2a: Great Tusk|Protosynthesis|[silent]\n|\n|upkeep\n|\n|t:|1699831199\n|switch|p2a: Ninetales|Ninetales-Alola, M|100\/100\n|-weather|Snow|[from] ability: Snow Warning|[of] p2a: Ninetales\n|turn|7\n|\n|t:|1699831205\n|move|p2a: Ninetales|Aurora Veil|p2a: Ninetales\n|-sidestart|p2: BotyLeBoss|move: Aurora Veil\n|move|p1a: Landorus|Stealth Rock|p2a: Ninetales\n|-sidestart|p2: BotyLeBoss|move: Stealth Rock\n|\n|-weather|Snow|[upkeep]\n|upkeep\n|turn|8\n|\n|t:|1699831213\n|move|p2a: Ninetales|Moonblast|p1a: Landorus\n|-damage|p1a: Landorus|0 fnt\n|faint|p1a: Landorus\n|\n|-weather|Snow|[upkeep]\n|upkeep\n|\n|t:|1699831220\n|switch|p1a: Ting-Lu|Ting-Lu|100\/100\n|-damage|p1a: Ting-Lu|94\/100|[from] Stealth Rock\n|-ability|p1a: Ting-Lu|Vessel of Ruin\n|turn|9\n|\n|t:|1699831236\n|switch|p2a: Iron Valiant|Iron Valiant|100\/100\n|-damage|p2a: Iron Valiant|94\/100|[from] Stealth Rock\n|-enditem|p2a: Iron Valiant|Booster Energy\n|-activate|p2a: Iron Valiant|ability: Quark Drive|[fromitem]\n|-start|p2a: Iron Valiant|quarkdrivespe\n|move|p1a: Ting-Lu|Whirlwind|p2a: Iron Valiant\n|-end|p2a: Iron Valiant|Quark Drive|[silent]\n|drag|p2a: Zapdos|Zapdos|100\/100\n|\n|-weather|Snow|[upkeep]\n|-heal|p1a: Ting-Lu|100\/100|[from] item: Leftovers\n|upkeep\n|turn|10\n|\n|t:|1699831246\n|move|p2a: Zapdos|Hurricane|p1a: Ting-Lu|[miss]\n|-miss|p2a: Zapdos|p1a: Ting-Lu\n|move|p1a: Ting-Lu|Ruination|p2a: Zapdos\n|-damage|p2a: Zapdos|50\/100\n|\n|-weather|Snow|[upkeep]\n|upkeep\n|turn|11\n|\n|t:|1699831252\n|move|p2a: Zapdos|Roost|p2a: Zapdos\n|-heal|p2a: Zapdos|100\/100\n|-singleturn|p2a: Zapdos|move: Roost\n|move|p1a: Ting-Lu|Spikes|p2a: Zapdos\n|-sidestart|p2: BotyLeBoss|Spikes\n|\n|-weather|none\n|upkeep\n|turn|12\n|\n|t:|1699831260\n|switch|p2a: Iron Valiant|Iron Valiant|94\/100\n|-damage|p2a: Iron Valiant|88\/100|[from] Stealth Rock\n|-damage|p2a: Iron Valiant|76\/100|[from] Spikes\n|move|p1a: Ting-Lu|Whirlwind|p2a: Iron Valiant\n|-end|p2a: Iron Valiant|Quark Drive|[silent]\n|drag|p2a: Ninetales|Ninetales-Alola, M|100\/100\n|-damage|p2a: Ninetales|76\/100|[from] Stealth Rock\n|-damage|p2a: Ninetales|63\/100|[from] Spikes\n|-weather|Snow|[from] ability: Snow Warning|[of] p2a: Ninetales\n|\n|-weather|Snow|[upkeep]\n|upkeep\n|turn|13\n|\n|t:|1699831267\n|move|p2a: Ninetales|Moonblast|p1a: Ting-Lu\n|-supereffective|p1a: Ting-Lu\n|-damage|p1a: Ting-Lu|79\/100\n|move|p1a: Ting-Lu|Earthquake|p2a: Ninetales\n|-damage|p2a: Ninetales|49\/100\n|\n|-weather|Snow|[upkeep]\n|-heal|p1a: Ting-Lu|85\/100|[from] item: Leftovers\n|upkeep\n|turn|14\n|\n|t:|1699831272\n|move|p2a: Ninetales|Moonblast|p1a: Ting-Lu\n|-supereffective|p1a: Ting-Lu\n|-damage|p1a: Ting-Lu|61\/100\n|move|p1a: Ting-Lu|Whirlwind|p2a: Ninetales\n|drag|p2a: Iron Valiant|Iron Valiant|76\/100\n|-damage|p2a: Iron Valiant|69\/100|[from] Stealth Rock\n|-damage|p2a: Iron Valiant|57\/100|[from] Spikes\n|\n|-weather|Snow|[upkeep]\n|-heal|p1a: Ting-Lu|67\/100|[from] item: Leftovers\n|-sideend|p2: BotyLeBoss|move: Aurora Veil\n|upkeep\n|turn|15\n|\n|t:|1699831297\n|switch|p1a: Dragapult|Dragapult, M|100\/100\n|-damage|p1a: Dragapult|88\/100|[from] Stealth Rock\n|move|p2a: Iron Valiant|Knock Off|p1a: Dragapult\n|-supereffective|p1a: Dragapult\n|-damage|p1a: Dragapult|0 fnt\n|-enditem|p1a: Dragapult|Choice Specs|[from] move: Knock Off|[of] p2a: Iron Valiant\n|faint|p1a: Dragapult\n|\n|-weather|Snow|[upkeep]\n|upkeep\n|\n|t:|1699831306\n|switch|p1a: Meowscarada|Meowscarada, F|100\/100\n|-damage|p1a: Meowscarada|88\/100|[from] Stealth Rock\n|turn|16\n|\n|t:|1699831319\n|move|p1a: Meowscarada|Flower Trick|p2a: Iron Valiant\n|-start|p1a: Meowscarada|typechange|Grass|[from] ability: Protean\n|-crit|p2a: Iron Valiant\n|-damage|p2a: Iron Valiant|0 fnt\n|faint|p2a: Iron Valiant\n|-end|p2a: Iron Valiant|Quark Drive|[silent]\n|\n|-weather|none\n|upkeep\n|\n|t:|1699831328\n|switch|p2a: Zapdos|Zapdos|100\/100\n|turn|17\n|\n|t:|1699831334\n|switch|p1a: Ting-Lu|Ting-Lu|67\/100\n|-damage|p1a: Ting-Lu|61\/100|[from] Stealth Rock\n|-ability|p1a: Ting-Lu|Vessel of Ruin\n|switch|p2a: Ninetales|Ninetales-Alola, M|49\/100\n|-damage|p2a: Ninetales|24\/100|[from] Stealth Rock\n|-damage|p2a: Ninetales|12\/100|[from] Spikes\n|-weather|Snow|[from] ability: Snow Warning|[of] p2a: Ninetales\n|\n|-weather|Snow|[upkeep]\n|-heal|p1a: Ting-Lu|67\/100|[from] item: Leftovers\n|upkeep\n|turn|18\n|\n|t:|1699831342\n|move|p2a: Ninetales|Aurora Veil|p2a: Ninetales\n|-sidestart|p2: BotyLeBoss|move: Aurora Veil\n|move|p1a: Ting-Lu|Spikes|p2a: Ninetales\n|-sidestart|p2: BotyLeBoss|Spikes\n|\n|-weather|Snow|[upkeep]\n|-heal|p1a: Ting-Lu|73\/100|[from] item: Leftovers\n|upkeep\n|turn|19\n|\n|t:|1699831345\n|move|p2a: Ninetales|Moonblast|p1a: Ting-Lu\n|-supereffective|p1a: Ting-Lu\n|-damage|p1a: Ting-Lu|49\/100\n|move|p1a: Ting-Lu|Whirlwind|p2a: Ninetales\n|drag|p2a: Zapdos|Zapdos|100\/100\n|\n|-weather|Snow|[upkeep]\n|-heal|p1a: Ting-Lu|55\/100|[from] item: Leftovers\n|upkeep\n|turn|20\n|\n|t:|1699831366\n|move|p2a: Zapdos|Hurricane|p1a: Ting-Lu\n|-damage|p1a: Ting-Lu|37\/100\n|move|p1a: Ting-Lu|Whirlwind|p2a: Zapdos\n|drag|p2a: Kommo-o|Kommo-o, M|100\/100\n|-damage|p2a: Kommo-o|94\/100|[from] Stealth Rock\n|-damage|p2a: Kommo-o|78\/100|[from] Spikes\n|\n|-weather|Snow|[upkeep]\n|-heal|p1a: Ting-Lu|43\/100|[from] item: Leftovers\n|upkeep\n|turn|21\n|\n|t:|1699831376\n|move|p2a: Kommo-o|Focus Blast|p1a: Ting-Lu\n|-supereffective|p1a: Ting-Lu\n|-damage|p1a: Ting-Lu|0 fnt\n|faint|p1a: Ting-Lu\n|\n|-weather|none\n|upkeep\n|\n|t:|1699831394\n|switch|p1a: Iron Valiant|Iron Valiant|100\/100\n|-damage|p1a: Iron Valiant|94\/100|[from] Stealth Rock\n|-enditem|p1a: Iron Valiant|Booster Energy\n|-activate|p1a: Iron Valiant|ability: Quark Drive|[fromitem]\n|-start|p1a: Iron Valiant|quarkdrivespe\n|turn|22\n|\n|t:|1699831404\n|-terastallize|p2a: Kommo-o|Normal\n|move|p1a: Iron Valiant|Moonblast|p2a: Kommo-o\n|-damage|p2a: Kommo-o|52\/100\n|move|p2a: Kommo-o|Boomburst|p1a: Iron Valiant\n|-damage|p1a: Iron Valiant|0 fnt\n|faint|p1a: Iron Valiant\n|-end|p1a: Iron Valiant|Quark Drive|[silent]\n|-enditem|p2a: Kommo-o|Throat Spray\n|-boost|p2a: Kommo-o|spa|1|[from] item: Throat Spray\n|\n|upkeep\n|\n|t:|1699831411\n|switch|p1a: Meowscarada|Meowscarada, F|88\/100\n|-damage|p1a: Meowscarada|76\/100|[from] Stealth Rock\n|turn|23\n|\n|t:|1699831419\n|move|p1a: Meowscarada|Flower Trick|p2a: Kommo-o\n|-start|p1a: Meowscarada|typechange|Grass|[from] ability: Protean\n|-crit|p2a: Kommo-o\n|-damage|p2a: Kommo-o|0 fnt\n|faint|p2a: Kommo-o\n|\n|upkeep\n|\n|t:|1699831429\n|switch|p2a: Zapdos|Zapdos|100\/100\n|turn|24\n|\n|t:|1699831436\n|move|p1a: Meowscarada|Flower Trick|p2a: Zapdos\n|-resisted|p2a: Zapdos\n|-crit|p2a: Zapdos\n|-damage|p2a: Zapdos|66\/100\n|move|p2a: Zapdos|Heat Wave|p1a: Meowscarada\n|-supereffective|p1a: Meowscarada\n|-damage|p1a: Meowscarada|1\/100\n|\n|upkeep\n|turn|25\n|\n|t:|1699831445\n|move|p1a: Meowscarada|Flower Trick|p2a: Zapdos\n|-resisted|p2a: Zapdos\n|-crit|p2a: Zapdos\n|-damage|p2a: Zapdos|31\/100\n|move|p2a: Zapdos|Heat Wave|p1a: Meowscarada\n|-supereffective|p1a: Meowscarada\n|-damage|p1a: Meowscarada|0 fnt\n|faint|p1a: Meowscarada\n|\n|-sideend|p2: BotyLeBoss|move: Aurora Veil\n|upkeep\n|\n|t:|1699831448\n|switch|p1a: Kingambit|Kingambit, F|100\/100\n|-damage|p1a: Kingambit|94\/100|[from] Stealth Rock\n|-activate|p1a: Kingambit|ability: Supreme Overlord\n|-start|p1a: Kingambit|fallen5|[silent]\n|turn|26\n|\n|t:|1699831459\n|move|p1a: Kingambit|Sucker Punch||[still]\n|-fail|p1a: Kingambit\n|move|p2a: Zapdos|Roost|p2a: Zapdos\n|-heal|p2a: Zapdos|81\/100\n|-singleturn|p2a: Zapdos|move: Roost\n|\n|-heal|p1a: Kingambit|100\/100|[from] item: Leftovers\n|upkeep\n|turn|27\n|\n|t:|1699831473\n|move|p2a: Zapdos|Heat Wave|p1a: Kingambit\n|-supereffective|p1a: Kingambit\n|-damage|p1a: Kingambit|47\/100\n|move|p1a: Kingambit|Swords Dance|p1a: Kingambit\n|-boost|p1a: Kingambit|atk|2\n|\n|-heal|p1a: Kingambit|54\/100|[from] item: Leftovers\n|upkeep\n|turn|28\n|\n|t:|1699831485\n|move|p1a: Kingambit|Sucker Punch||[still]\n|-fail|p1a: Kingambit\n|move|p2a: Zapdos|Roost|p2a: Zapdos\n|-heal|p2a: Zapdos|100\/100\n|-singleturn|p2a: Zapdos|move: Roost\n|\n|-heal|p1a: Kingambit|60\/100|[from] item: Leftovers\n|upkeep\n|turn|29\n|\n|t:|1699831491\n|move|p1a: Kingambit|Sucker Punch|p2a: Zapdos\n|-damage|p2a: Zapdos|0 fnt\n|faint|p2a: Zapdos\n|\n|-heal|p1a: Kingambit|66\/100|[from] item: Leftovers\n|upkeep\n|\n|t:|1699831498\n|switch|p2a: Iron Moth|Iron Moth|100\/100\n|-damage|p2a: Iron Moth|76\/100|[from] Stealth Rock\n|-damage|p2a: Iron Moth|59\/100|[from] Spikes\n|-enditem|p2a: Iron Moth|Booster Energy\n|-activate|p2a: Iron Moth|ability: Quark Drive|[fromitem]\n|-start|p2a: Iron Moth|quarkdrivespe\n|turn|30\n|\n|t:|1699831516\n|move|p2a: Iron Moth|Substitute|p2a: Iron Moth\n|-start|p2a: Iron Moth|Substitute\n|-damage|p2a: Iron Moth|34\/100\n|move|p1a: Kingambit|Kowtow Cleave|p2a: Iron Moth\n|-end|p2a: Iron Moth|Substitute\n|\n|-heal|p1a: Kingambit|72\/100|[from] item: Leftovers\n|upkeep\n|turn|31\n|inactive|BotyLeBoss has 120 seconds left.\n|inactive|BotyLeBoss has 90 seconds left.\n|\n|t:|1699831578\n|move|p1a: Kingambit|Sucker Punch||[still]\n|-fail|p1a: Kingambit\n|move|p2a: Iron Moth|Substitute|p2a: Iron Moth\n|-start|p2a: Iron Moth|Substitute\n|-damage|p2a: Iron Moth|9\/100\n|\n|-heal|p1a: Kingambit|79\/100|[from] item: Leftovers\n|upkeep\n|turn|32\n|c|\u2606BotyLeBoss|gg\n|\n|t:|1699831585\n|move|p2a: Iron Moth|Fiery Dance|p1a: Kingambit\n|-supereffective|p1a: Kingambit\n|-damage|p1a: Kingambit|2\/100\n|-boost|p2a: Iron Moth|spa|1\n|move|p1a: Kingambit|Kowtow Cleave|p2a: Iron Moth\n|-end|p2a: Iron Moth|Substitute\n|\n|-heal|p1a: Kingambit|8\/100|[from] item: Leftovers\n|upkeep\n|turn|33\n|\n|t:|1699831593\n|move|p1a: Kingambit|Sucker Punch|p2a: Iron Moth\n|-damage|p2a: Iron Moth|0 fnt\n|faint|p2a: Iron Moth\n|-end|p2a: Iron Moth|Quark Drive|[silent]\n|\n|-heal|p1a: Kingambit|15\/100|[from] item: Leftovers\n|upkeep\n|-message|BotyLeBoss forfeited.\n|\n|win|ButterLettuce_404\n|raw|ButterLettuce_404's rating: 1342 &rarr; <strong>1365<\/strong><br \/>(+23 for winning)\n|raw|BotyLeBoss's rating: 1396 &rarr; <strong>1373<\/strong><br \/>(-23 for losing)\n|c|\u2606ButterLettuce_404|gg\n|l|\u2606BotyLeBoss\n","uploadtime":1699831606,"views":10,"p1id":"butterlettuce404","p2id":"botyleboss","formatid":"gen9ou","rating":1365,"private":0,"password":""}