{"id":"gen9ou-1988461125","p1":"boongal","p2":"CONNOR168257","format":"[Gen 9] OU","log":"|j|\u2606boongal\n|j|\u2606CONNOR168257\n|t:|1699725395\n|gametype|singles\n|player|p1|boongal|sabrina|1051\n|player|p2|CONNOR168257|265|1020\n|teamsize|p1|6\n|teamsize|p2|6\n|gen|9\n|tier|[Gen 9] OU\n|rated|\n|rule|Sleep Clause Mod: Limit one foe put to sleep\n|rule|Species Clause: Limit one of each Pok\u00e9mon\n|rule|OHKO Clause: OHKO moves are banned\n|rule|Evasion Items Clause: Evasion items are banned\n|rule|Evasion Moves Clause: Evasion moves are banned\n|rule|Endless Battle Clause: Forcing endless battles is banned\n|rule|HP Percentage Mod: HP is shown in percentages\n|clearpoke\n|poke|p1|Ursaluna, M|\n|poke|p1|Ribombee, M|\n|poke|p1|Tornadus-Therian, M|\n|poke|p1|Brambleghast, M|\n|poke|p1|Great Tusk|\n|poke|p1|Iron Moth|\n|poke|p2|Glimmora, M|\n|poke|p2|Garchomp, M|\n|poke|p2|Magnezone|\n|poke|p2|Chansey, F|\n|poke|p2|Rotom-Wash|\n|poke|p2|Slowking, F|\n|teampreview\n|inactive|Battle timer is ON: inactive players will automatically lose when time's up. (requested by boongal)\n|\n|t:|1699725420\n|start\n|switch|p1a: Great Tusk|Great Tusk|100\/100\n|switch|p2a: Glimmora|Glimmora, M, shiny|100\/100\n|-enditem|p1a: Great Tusk|Booster Energy\n|-activate|p1a: Great Tusk|ability: Protosynthesis|[fromitem]\n|-start|p1a: Great Tusk|protosynthesisatk\n|turn|1\n|\n|t:|1699725429\n|-terastallize|p2a: Glimmora|Flying\n|move|p1a: Great Tusk|Rapid Spin|p2a: Glimmora\n|-damage|p2a: Glimmora|84\/100\n|-boost|p1a: Great Tusk|spe|1\n|-damage|p1a: Great Tusk|84\/100|[from] item: Rocky Helmet|[of] p2a: Glimmora\n|-activate|p2a: Glimmora|ability: Toxic Debris\n|-sidestart|p1: boongal|move: Toxic Spikes\n|-sideend|p1: boongal|Toxic Spikes|[from] move: Rapid Spin|[of] p1a: Great Tusk\n|move|p2a: Glimmora|Mortal Spin|p1a: Great Tusk\n|-resisted|p1a: Great Tusk\n|-damage|p1a: Great Tusk|82\/100\n|-status|p1a: Great Tusk|psn\n|\n|-damage|p1a: Great Tusk|69\/100 psn|[from] psn\n|upkeep\n|turn|2\n|\n|t:|1699725446\n|move|p2a: Glimmora|Spiky Shield|p2a: Glimmora\n|-singleturn|p2a: Glimmora|move: Protect\n|move|p1a: Great Tusk|Ice Spinner|p2a: Glimmora\n|-activate|p2a: Glimmora|move: Protect\n|-damage|p1a: Great Tusk|57\/100 psn|[from] Spiky Shield|[of] p2a: Glimmora\n|\n|-damage|p1a: Great Tusk|44\/100 psn|[from] psn\n|upkeep\n|turn|3\n|\n|t:|1699725458\n|move|p1a: Great Tusk|Ice Spinner|p2a: Glimmora\n|-supereffective|p2a: Glimmora\n|-damage|p2a: Glimmora|32\/100\n|-damage|p1a: Great Tusk|28\/100 psn|[from] item: Rocky Helmet|[of] p2a: Glimmora\n|-activate|p2a: Glimmora|ability: Toxic Debris\n|-sidestart|p1: boongal|move: Toxic Spikes\n|move|p2a: Glimmora|Stealth Rock|p1a: Great Tusk\n|-sidestart|p1: boongal|move: Stealth Rock\n|\n|-damage|p1a: Great Tusk|16\/100 psn|[from] psn\n|upkeep\n|turn|4\n|\n|t:|1699725469\n|move|p2a: Glimmora|Spiky Shield|p2a: Glimmora\n|-singleturn|p2a: Glimmora|move: Protect\n|move|p1a: Great Tusk|Bulk Up|p1a: Great Tusk\n|-boost|p1a: Great Tusk|atk|1\n|-boost|p1a: Great Tusk|def|1\n|\n|-damage|p1a: Great Tusk|3\/100 psn|[from] psn\n|upkeep\n|turn|5\n|\n|t:|1699725483\n|switch|p2a: Slowking|Slowking, F|100\/100\n|move|p1a: Great Tusk|Rapid Spin|p2a: Slowking\n|-damage|p2a: Slowking|70\/100\n|-boost|p1a: Great Tusk|spe|1\n|-sideend|p1: boongal|Toxic Spikes|[from] move: Rapid Spin|[of] p1a: Great Tusk\n|-sideend|p1: boongal|Stealth Rock|[from] move: Rapid Spin|[of] p1a: Great Tusk\n|\n|-damage|p1a: Great Tusk|0 fnt|[from] psn\n|faint|p1a: Great Tusk\n|-end|p1a: Great Tusk|Protosynthesis|[silent]\n|upkeep\n|\n|t:|1699725499\n|switch|p1a: Brambleghast|Brambleghast, M|100\/100\n|turn|6\n|\n|t:|1699725520\n|switch|p2a: Garchomp|Garchomp, M, shiny|100\/100\n|move|p1a: Brambleghast|Bullet Seed|p2a: Garchomp\n|-damage|p2a: Garchomp|87\/100\n|-damage|p2a: Garchomp|74\/100\n|-damage|p2a: Garchomp|60\/100\n|-damage|p2a: Garchomp|47\/100\n|-damage|p2a: Garchomp|33\/100\n|-hitcount|p2a: Garchomp|5\n|\n|upkeep\n|turn|7\n|\n|t:|1699725535\n|switch|p1a: Ribombee|Ribombee, M|100\/100\n|move|p2a: Garchomp|Outrage|p1a: Ribombee\n|-immune|p1a: Ribombee\n|\n|upkeep\n|turn|8\n|\n|t:|1699725543\n|move|p1a: Ribombee|Sticky Web|p2a: Garchomp\n|-sidestart|p2: CONNOR168257|move: Sticky Web\n|move|p2a: Garchomp|Iron Head|p1a: Ribombee\n|-supereffective|p1a: Ribombee\n|-damage|p1a: Ribombee|5\/100\n|\n|upkeep\n|turn|9\n|\n|t:|1699725549\n|move|p1a: Ribombee|Tailwind|p1a: Ribombee\n|-sidestart|p1: boongal|move: Tailwind\n|move|p2a: Garchomp|Iron Head|p1a: Ribombee\n|-supereffective|p1a: Ribombee\n|-damage|p1a: Ribombee|0 fnt\n|faint|p1a: Ribombee\n|\n|upkeep\n|\n|t:|1699725552\n|switch|p1a: Brambleghast|Brambleghast, M|100\/100\n|-ability|p1a: Brambleghast|Wind Rider|boost\n|-boost|p1a: Brambleghast|atk|1\n|turn|10\n|\n|t:|1699725566\n|move|p1a: Brambleghast|Bullet Seed|p2a: Garchomp\n|-damage|p2a: Garchomp|14\/100\n|-damage|p2a: Garchomp|0 fnt\n|faint|p2a: Garchomp\n|-hitcount|p2: Garchomp|2\n|\n|upkeep\n|\n|t:|1699725590\n|switch|p2a: Chansey|Chansey, F, shiny|100\/100\n|-activate|p2a: Chansey|move: Sticky Web\n|-unboost|p2a: Chansey|spe|1\n|turn|11\n|\n|t:|1699725594\n|move|p1a: Brambleghast|Bullet Seed|p2a: Chansey\n|-damage|p2a: Chansey|86\/100\n|-damage|p2a: Chansey|72\/100\n|-damage|p2a: Chansey|58\/100\n|-damage|p2a: Chansey|44\/100\n|-damage|p2a: Chansey|30\/100\n|-hitcount|p2a: Chansey|5\n|move|p2a: Chansey|Light Screen|p2a: Chansey\n|-sidestart|p2: CONNOR168257|move: Light Screen\n|\n|upkeep\n|turn|12\n|\n|t:|1699725611\n|switch|p2a: Slowking|Slowking, F|100\/100\n|move|p1a: Brambleghast|Bullet Seed|p2a: Slowking\n|-supereffective|p2a: Slowking\n|-damage|p2a: Slowking|66\/100\n|-supereffective|p2a: Slowking\n|-damage|p2a: Slowking|26\/100\n|-supereffective|p2a: Slowking\n|-crit|p2a: Slowking\n|-damage|p2a: Slowking|0 fnt\n|faint|p2a: Slowking\n|-hitcount|p2: Slowking|3\n|\n|-sideend|p1: boongal|move: Tailwind\n|upkeep\n|\n|t:|1699725618\n|switch|p2a: Magnezone|Magnezone|100\/100\n|-activate|p2a: Magnezone|move: Sticky Web\n|-unboost|p2a: Magnezone|spe|1\n|turn|13\n|\n|t:|1699725625\n|-terastallize|p1a: Brambleghast|Ghost\n|move|p1a: Brambleghast|Poltergeist|p2a: Magnezone\n|-activate|p2a: Magnezone|move: Poltergeist|Choice Scarf\n|-damage|p2a: Magnezone|0 fnt\n|faint|p2a: Magnezone\n|\n|upkeep\n|l|\u2606CONNOR168257\n|inactive|CONNOR168257 disconnected and has a minute to reconnect!\n|player|p2|\n|inactive|CONNOR168257 has 30 seconds to reconnect!\n|inactive|CONNOR168257 has 20 seconds to reconnect!\n|inactive|CONNOR168257 has 15 seconds to reconnect!\n|inactive|CONNOR168257 has 10 seconds to reconnect!\n|inactive|CONNOR168257 has 5 seconds to reconnect!\n|-message|CONNOR168257 lost due to inactivity.\n|\n|win|boongal\n|raw|boongal's rating: 1051 &rarr; <strong>1080<\/strong><br \/>(+29 for winning)\n|raw|CONNOR168257's rating: 1020 &rarr; <strong>1008<\/strong><br \/>(-12 for losing)\n","uploadtime":1699725713,"views":16,"p1id":"boongal","p2id":"connor168257","formatid":"gen9ou","rating":1008,"private":0,"password":""}