{"id":"gen9ou-1990839419","p1":"Midmol","p2":"stallinho","format":"[Gen 9] OU","log":"|j|\u2606Midmol\n|j|\u2606stallinho\n|t:|1700006230\n|gametype|singles\n|player|p1|Midmol|hilbert|1580\n|player|p2|stallinho|marshal|1585\n|teamsize|p1|6\n|teamsize|p2|6\n|gen|9\n|tier|[Gen 9] OU\n|rated|\n|rule|Sleep Clause Mod: Limit one foe put to sleep\n|rule|Species Clause: Limit one of each Pok\u00e9mon\n|rule|OHKO Clause: OHKO moves are banned\n|rule|Evasion Items Clause: Evasion items are banned\n|rule|Evasion Moves Clause: Evasion moves are banned\n|rule|Endless Battle Clause: Forcing endless battles is banned\n|rule|HP Percentage Mod: HP is shown in percentages\n|clearpoke\n|poke|p1|Cinderace, F|\n|poke|p1|Hatterene, F|\n|poke|p1|Zapdos|\n|poke|p1|Landorus-Therian, M|\n|poke|p1|Dragonite, F|\n|poke|p1|Samurott-Hisui, M|\n|poke|p2|Torkoal, F|\n|poke|p2|Walking Wake|\n|poke|p2|Great Tusk|\n|poke|p2|Lilligant-Hisui, F|\n|poke|p2|Iron Moth|\n|poke|p2|Skeledirge, M|\n|teampreview\n|inactive|Battle timer is ON: inactive players will automatically lose when time's up. (requested by stallinho)\n|\n|t:|1700006244\n|start\n|switch|p1a: Subway Surfers|Samurott-Hisui, M|100\/100\n|switch|p2a: Iron Moth|Iron Moth|100\/100\n|turn|1\n|\n|t:|1700006254\n|-end|p2a: Iron Moth|Quark Drive|[silent]\n|switch|p2a: Torkoal|Torkoal, F|100\/100\n|-weather|SunnyDay|[from] ability: Drought|[of] p2a: Torkoal\n|move|p1a: Subway Surfers|Knock Off|p2a: Torkoal\n|-damage|p2a: Torkoal|71\/100\n|-enditem|p2a: Torkoal|Heat Rock|[from] move: Knock Off|[of] p1a: Subway Surfers\n|\n|-weather|SunnyDay|[upkeep]\n|upkeep\n|turn|2\n|\n|t:|1700006262\n|move|p1a: Subway Surfers|Ceaseless Edge|p2a: Torkoal\n|-damage|p2a: Torkoal|37\/100\n|-sidestart|p2: stallinho|Spikes\n|move|p2a: Torkoal|Stealth Rock|p1a: Subway Surfers\n|-sidestart|p1: Midmol|move: Stealth Rock\n|\n|-weather|SunnyDay|[upkeep]\n|upkeep\n|turn|3\n|\n|t:|1700006273\n|switch|p2a: Great Tusk|Great Tusk|100\/100\n|-damage|p2a: Great Tusk|88\/100|[from] Spikes\n|-activate|p2a: Great Tusk|ability: Protosynthesis\n|-start|p2a: Great Tusk|protosynthesisatk\n|move|p1a: Subway Surfers|Ceaseless Edge|p2a: Great Tusk\n|-resisted|p2a: Great Tusk\n|-damage|p2a: Great Tusk|74\/100\n|-sidestart|p2: stallinho|Spikes\n|\n|-weather|SunnyDay|[upkeep]\n|-heal|p2a: Great Tusk|80\/100|[from] item: Leftovers\n|upkeep\n|turn|4\n|\n|t:|1700006285\n|move|p1a: Subway Surfers|Flip Turn|p2a: Great Tusk\n|-supereffective|p2a: Great Tusk\n|-damage|p2a: Great Tusk|63\/100\n|\n|t:|1700006288\n|switch|p1a: Zapnueve|Zapdos|100\/100|[from] Flip Turn\n|-damage|p1a: Zapnueve|76\/100|[from] Stealth Rock\n|move|p2a: Great Tusk|Rapid Spin|p1a: Zapnueve\n|-damage|p1a: Zapnueve|46\/100\n|-boost|p2a: Great Tusk|spe|1\n|-sideend|p2: stallinho|Spikes|[from] move: Rapid Spin|[of] p2a: Great Tusk\n|\n|-weather|SunnyDay|[upkeep]\n|-heal|p2a: Great Tusk|70\/100|[from] item: Leftovers\n|-heal|p1a: Zapnueve|53\/100|[from] item: Leftovers\n|upkeep\n|turn|5\n|\n|t:|1700006299\n|move|p2a: Great Tusk|Knock Off|p1a: Zapnueve\n|-damage|p1a: Zapnueve|1\/100\n|-enditem|p1a: Zapnueve|Leftovers|[from] move: Knock Off|[of] p2a: Great Tusk\n|move|p1a: Zapnueve|Roost|p1a: Zapnueve\n|-heal|p1a: Zapnueve|51\/100\n|-singleturn|p1a: Zapnueve|move: Roost\n|\n|-weather|SunnyDay|[upkeep]\n|-heal|p2a: Great Tusk|76\/100|[from] item: Leftovers\n|upkeep\n|turn|6\n|\n|t:|1700006309\n|-end|p2a: Great Tusk|Protosynthesis|[silent]\n|switch|p2a: Walking Wake|Walking Wake|100\/100\n|-activate|p2a: Walking Wake|ability: Protosynthesis\n|-start|p2a: Walking Wake|protosynthesisspa\n|move|p1a: Zapnueve|Roost|p1a: Zapnueve\n|-heal|p1a: Zapnueve|100\/100\n|-singleturn|p1a: Zapnueve|move: Roost\n|\n|-weather|SunnyDay|[upkeep]\n|upkeep\n|turn|7\n|\n|t:|1700006318\n|move|p2a: Walking Wake|Hydro Steam|p1a: Zapnueve\n|-crit|p1a: Zapnueve\n|-damage|p1a: Zapnueve|0 fnt\n|faint|p1a: Zapnueve\n|\n|-weather|SunnyDay|[upkeep]\n|upkeep\n|c|\u2606Midmol|ya know\n|c|\u2606Midmol|i doubt zapdos survived anyway\n|c|\u2606Midmol|but that stings\n|\n|t:|1700006335\n|switch|p1a: Subway Surfers|Samurott-Hisui, M|100\/100\n|-damage|p1a: Subway Surfers|88\/100|[from] Stealth Rock\n|turn|8\n|c|\u2606stallinho|yeah\n|\n|t:|1700006342\n|move|p2a: Walking Wake|Hydro Steam|p1a: Subway Surfers\n|-resisted|p1a: Subway Surfers\n|-damage|p1a: Subway Surfers|35\/100\n|move|p1a: Subway Surfers|Knock Off|p2a: Walking Wake\n|-damage|p2a: Walking Wake|50\/100\n|-enditem|p2a: Walking Wake|Choice Specs|[from] move: Knock Off|[of] p1a: Subway Surfers\n|\n|-weather|none\n|-end|p2a: Walking Wake|Protosynthesis\n|upkeep\n|turn|9\n|\n|t:|1700006350\n|move|p2a: Walking Wake|Draco Meteor|p1a: Subway Surfers|[miss]\n|-miss|p2a: Walking Wake|p1a: Subway Surfers\n|move|p1a: Subway Surfers|Ceaseless Edge|p2a: Walking Wake\n|-damage|p2a: Walking Wake|0 fnt\n|-sidestart|p2: stallinho|Spikes\n|faint|p2a: Walking Wake\n|-end|p2a: Walking Wake|Protosynthesis|[silent]\n|\n|upkeep\n|c|\u2606stallinho|bro\n|\n|t:|1700006360\n|switch|p2a: Torkoal|Torkoal, F|37\/100\n|-damage|p2a: Torkoal|25\/100|[from] Spikes\n|-weather|SunnyDay|[from] ability: Drought|[of] p2a: Torkoal\n|turn|10\n|\n|t:|1700006366\n|move|p1a: Subway Surfers|Ceaseless Edge|p2a: Torkoal\n|-damage|p2a: Torkoal|0 fnt\n|-sidestart|p2: stallinho|Spikes\n|faint|p2a: Torkoal\n|\n|-weather|SunnyDay|[upkeep]\n|upkeep\n|\n|t:|1700006372\n|switch|p2a: Great Tusk|Great Tusk|76\/100\n|-damage|p2a: Great Tusk|59\/100|[from] Spikes\n|-activate|p2a: Great Tusk|ability: Protosynthesis\n|-start|p2a: Great Tusk|protosynthesisatk\n|turn|11\n|\n|t:|1700006377\n|move|p1a: Subway Surfers|Razor Shell|p2a: Great Tusk\n|-supereffective|p2a: Great Tusk\n|-damage|p2a: Great Tusk|25\/100\n|-unboost|p2a: Great Tusk|def|1\n|move|p2a: Great Tusk|Rapid Spin|p1a: Subway Surfers\n|-damage|p1a: Subway Surfers|3\/100\n|-boost|p2a: Great Tusk|spe|1\n|-sideend|p2: stallinho|Spikes|[from] move: Rapid Spin|[of] p2a: Great Tusk\n|\n|-weather|SunnyDay|[upkeep]\n|-heal|p2a: Great Tusk|31\/100|[from] item: Leftovers\n|upkeep\n|turn|12\n|\n|t:|1700006387\n|move|p2a: Great Tusk|Rapid Spin|p1a: Subway Surfers\n|-crit|p1a: Subway Surfers\n|-damage|p1a: Subway Surfers|0 fnt\n|-boost|p2a: Great Tusk|spe|1\n|faint|p1a: Subway Surfers\n|\n|-weather|SunnyDay|[upkeep]\n|-heal|p2a: Great Tusk|37\/100|[from] item: Leftovers\n|upkeep\n|\n|t:|1700006390\n|switch|p1a: The King|Landorus-Therian, M|100\/100\n|-damage|p1a: The King|88\/100|[from] Stealth Rock\n|-ability|p1a: The King|Intimidate|boost\n|-unboost|p2a: Great Tusk|atk|1\n|turn|13\n|\n|t:|1700006398\n|move|p2a: Great Tusk|Knock Off|p1a: The King\n|-damage|p1a: The King|57\/100\n|-damage|p2a: Great Tusk|21\/100|[from] item: Rocky Helmet|[of] p1a: The King\n|-enditem|p1a: The King|Rocky Helmet|[from] move: Knock Off|[of] p2a: Great Tusk\n|move|p1a: The King|Earthquake|p2a: Great Tusk\n|-damage|p2a: Great Tusk|0 fnt\n|faint|p2a: Great Tusk\n|-end|p2a: Great Tusk|Protosynthesis|[silent]\n|\n|-weather|SunnyDay|[upkeep]\n|upkeep\n|\n|t:|1700006407\n|switch|p2a: Lilligant|Lilligant-Hisui, F|100\/100\n|turn|14\n|\n|t:|1700006414\n|move|p2a: Lilligant|Solar Blade||[still]\n|-prepare|p2a: Lilligant|Solar Blade\n|-anim|p2a: Lilligant|Solar Blade|p1a: The King\n|-damage|p1a: The King|0 fnt\n|faint|p1a: The King\n|-damage|p2a: Lilligant|91\/100|[from] item: Life Orb\n|\n|-weather|none\n|upkeep\n|\n|t:|1700006420\n|switch|p1a: Ace Ventura|Cinderace, F|100\/100\n|turn|15\n|\n|t:|1700006425\n|switch|p2a: Skeledirge|Skeledirge, M, shiny|100\/100\n|move|p1a: Ace Ventura|Court Change|p1a: Ace Ventura\n|-start|p1a: Ace Ventura|typechange|Normal|[from] ability: Libero\n|-swapsideconditions\n|-activate|p1a: Ace Ventura|move: Court Change\n|\n|upkeep\n|turn|16\n|\n|t:|1700006432\n|move|p1a: Ace Ventura|Sucker Punch|p2a: Skeledirge\n|-supereffective|p2a: Skeledirge\n|-damage|p2a: Skeledirge|61\/100\n|move|p2a: Skeledirge|Torch Song|p1a: Ace Ventura\n|-damage|p1a: Ace Ventura|60\/100\n|-boost|p2a: Skeledirge|spa|1\n|\n|-heal|p2a: Skeledirge|67\/100|[from] item: Leftovers\n|upkeep\n|turn|17\n|\n|t:|1700006441\n|move|p1a: Ace Ventura|U-turn|p2a: Skeledirge\n|-resisted|p2a: Skeledirge\n|-damage|p2a: Skeledirge|63\/100\n|\n|t:|1700006443\n|switch|p1a: Budget EKiller|Dragonite, F|100\/100|[from] U-turn\n|move|p2a: Skeledirge|Will-O-Wisp|p1a: Budget EKiller\n|-status|p1a: Budget EKiller|brn\n|\n|-heal|p2a: Skeledirge|69\/100|[from] item: Leftovers\n|-damage|p1a: Budget EKiller|94\/100 brn|[from] brn\n|upkeep\n|turn|18\n|c|\u2606Midmol|damn\n|c|\u2606Midmol|gg\n|c|\u2606stallinho|gg\n|inactive|stallinho has 120 seconds left.\n|\n|t:|1700006488\n|move|p1a: Budget EKiller|Dragon Dance|p1a: Budget EKiller\n|-boost|p1a: Budget EKiller|atk|1\n|-boost|p1a: Budget EKiller|spe|1\n|move|p2a: Skeledirge|Torch Song|p1a: Budget EKiller\n|-resisted|p1a: Budget EKiller\n|-damage|p1a: Budget EKiller|72\/100 brn\n|-boost|p2a: Skeledirge|spa|1\n|\n|-heal|p1a: Budget EKiller|78\/100 brn|[from] item: Leftovers\n|-heal|p2a: Skeledirge|75\/100|[from] item: Leftovers\n|-damage|p1a: Budget EKiller|72\/100 brn|[from] brn\n|upkeep\n|turn|19\n|\n|t:|1700006500\n|move|p1a: Budget EKiller|Dragon Dance|p1a: Budget EKiller\n|-boost|p1a: Budget EKiller|atk|1\n|-boost|p1a: Budget EKiller|spe|1\n|move|p2a: Skeledirge|Torch Song|p1a: Budget EKiller\n|-resisted|p1a: Budget EKiller\n|-damage|p1a: Budget EKiller|42\/100 brn\n|-boost|p2a: Skeledirge|spa|1\n|\n|-heal|p1a: Budget EKiller|48\/100 brn|[from] item: Leftovers\n|-heal|p2a: Skeledirge|81\/100|[from] item: Leftovers\n|-damage|p1a: Budget EKiller|42\/100 brn|[from] brn\n|upkeep\n|turn|20\n|\n|t:|1700006512\n|move|p1a: Budget EKiller|Earthquake|p2a: Skeledirge\n|-supereffective|p2a: Skeledirge\n|-crit|p2a: Skeledirge\n|-damage|p2a: Skeledirge|34\/100\n|move|p2a: Skeledirge|Torch Song|p1a: Budget EKiller\n|-resisted|p1a: Budget EKiller\n|-damage|p1a: Budget EKiller|1\/100 brn\n|-boost|p2a: Skeledirge|spa|1\n|\n|-heal|p1a: Budget EKiller|8\/100 brn|[from] item: Leftovers\n|-heal|p2a: Skeledirge|40\/100|[from] item: Leftovers\n|-damage|p1a: Budget EKiller|1\/100 brn|[from] brn\n|upkeep\n|turn|21\n|\n|t:|1700006524\n|move|p1a: Budget EKiller|Earthquake|p2a: Skeledirge\n|-supereffective|p2a: Skeledirge\n|-damage|p2a: Skeledirge|8\/100\n|move|p2a: Skeledirge|Slack Off|p2a: Skeledirge\n|-heal|p2a: Skeledirge|58\/100\n|\n|-heal|p1a: Budget EKiller|8\/100 brn|[from] item: Leftovers\n|-heal|p2a: Skeledirge|64\/100|[from] item: Leftovers\n|-damage|p1a: Budget EKiller|1\/100 brn|[from] brn\n|upkeep\n|turn|22\n|\n|t:|1700006534\n|move|p1a: Budget EKiller|Earthquake|p2a: Skeledirge\n|-supereffective|p2a: Skeledirge\n|-damage|p2a: Skeledirge|29\/100\n|move|p2a: Skeledirge|Slack Off|p2a: Skeledirge\n|-heal|p2a: Skeledirge|79\/100\n|\n|-heal|p1a: Budget EKiller|8\/100 brn|[from] item: Leftovers\n|-heal|p2a: Skeledirge|85\/100|[from] item: Leftovers\n|-damage|p1a: Budget EKiller|1\/100 brn|[from] brn\n|upkeep\n|turn|23\n|inactive|stallinho has 120 seconds left.\n|\n|t:|1700006543\n|move|p1a: Budget EKiller|Earthquake|p2a: Skeledirge\n|-supereffective|p2a: Skeledirge\n|-damage|p2a: Skeledirge|52\/100\n|move|p2a: Skeledirge|Torch Song|p1a: Budget EKiller\n|-resisted|p1a: Budget EKiller\n|-damage|p1a: Budget EKiller|0 fnt\n|-boost|p2a: Skeledirge|spa|1\n|faint|p1a: Budget EKiller\n|\n|-heal|p2a: Skeledirge|58\/100|[from] item: Leftovers\n|upkeep\n|c|\u2606Midmol|dirge is such an asshole lmfao\n|-message|Midmol forfeited.\n|\n|win|stallinho\n|raw|Midmol's rating: 1580 &rarr; <strong>1560<\/strong><br \/>(-20 for losing)\n|raw|stallinho's rating: 1585 &rarr; <strong>1605<\/strong><br \/>(+20 for winning)\n","uploadtime":1700006559,"views":15,"p1id":"midmol","p2id":"stallinho","formatid":"gen9ou","rating":1560,"private":0,"password":""}