{"id":"gen9ou-1994131785","p1":"mikiolaf","p2":"Hultygoat","format":"[Gen 9] OU","log":"|j|\u2606mikiolaf\n|j|\u2606Hultygoat\n|t:|1700410636\n|gametype|singles\n|player|p1|mikiolaf|170|1184\n|player|p2|Hultygoat|clown|1173\n|teamsize|p1|6\n|teamsize|p2|6\n|gen|9\n|tier|[Gen 9] OU\n|rated|\n|rule|Sleep Clause Mod: Limit one foe put to sleep\n|rule|Species Clause: Limit one of each Pok\u00e9mon\n|rule|OHKO Clause: OHKO moves are banned\n|rule|Evasion Items Clause: Evasion items are banned\n|rule|Evasion Moves Clause: Evasion moves are banned\n|rule|Endless Battle Clause: Forcing endless battles is banned\n|rule|HP Percentage Mod: HP is shown in percentages\n|clearpoke\n|poke|p1|Rillaboom, M|\n|poke|p1|Cinderace, F|\n|poke|p1|Inteleon, M|\n|poke|p1|Clefable, F|\n|poke|p1|Toxtricity-Low-Key, F|\n|poke|p1|Weezing-Galar, F|\n|poke|p2|Glimmora, F|\n|poke|p2|Gholdengo|\n|poke|p2|Ogerpon-Wellspring, F|\n|poke|p2|Kingambit, F|\n|poke|p2|Iron Moth|\n|poke|p2|Enamorus, F|\n|teampreview\n|\n|t:|1700410641\n|start\n|switch|p1a: Inteleon|Inteleon, M|100\/100\n|switch|p2a: Glimmora|Glimmora, F|100\/100\n|turn|1\n|inactive|Battle timer is ON: inactive players will automatically lose when time's up. (requested by Hultygoat)\n|\n|t:|1700410648\n|move|p1a: Inteleon|Snipe Shot|p2a: Glimmora\n|-supereffective|p2a: Glimmora\n|-enditem|p2a: Glimmora|Focus Sash\n|-damage|p2a: Glimmora|1\/100\n|move|p2a: Glimmora|Stealth Rock|p1a: Inteleon\n|-sidestart|p1: mikiolaf|move: Stealth Rock\n|\n|upkeep\n|turn|2\n|\n|t:|1700410658\n|move|p1a: Inteleon|Snipe Shot|p2a: Glimmora\n|-supereffective|p2a: Glimmora\n|-crit|p2a: Glimmora\n|-damage|p2a: Glimmora|0 fnt\n|faint|p2a: Glimmora\n|\n|upkeep\n|\n|t:|1700410682\n|switch|p2a: Ogerpon|Ogerpon-Wellspring, F|100\/100\n|turn|3\n|\n|t:|1700410686\n|move|p1a: Inteleon|Air Cutter|p2a: Ogerpon\n|-supereffective|p2a: Ogerpon\n|-crit|p2a: Ogerpon\n|-damage|p2a: Ogerpon|0 fnt\n|faint|p2a: Ogerpon\n|\n|upkeep\n|\n|t:|1700410691\n|switch|p2a: Gholdengo|Gholdengo|100\/100\n|-item|p2a: Gholdengo|Air Balloon\n|turn|4\n|\n|t:|1700410696\n|move|p1a: Inteleon|Shadow Ball|p2a: Gholdengo\n|-supereffective|p2a: Gholdengo\n|-damage|p2a: Gholdengo|41\/100\n|-enditem|p2a: Gholdengo|Air Balloon\n|move|p2a: Gholdengo|Nasty Plot|p2a: Gholdengo\n|-boost|p2a: Gholdengo|spa|2\n|\n|upkeep\n|turn|5\n|\n|t:|1700410704\n|move|p1a: Inteleon|Shadow Ball|p2a: Gholdengo\n|-supereffective|p2a: Gholdengo\n|-damage|p2a: Gholdengo|0 fnt\n|faint|p2a: Gholdengo\n|\n|upkeep\n|\n|t:|1700410707\n|switch|p2a: Enamorus|Enamorus, F|100\/100\n|turn|6\n|\n|t:|1700410713\n|move|p2a: Enamorus|Earth Power|p1a: Inteleon\n|-damage|p1a: Inteleon|48\/100\n|move|p1a: Inteleon|Snipe Shot|p2a: Enamorus\n|-crit|p2a: Enamorus\n|-damage|p2a: Enamorus|0 fnt\n|faint|p2a: Enamorus\n|\n|upkeep\n|\n|t:|1700410719\n|switch|p2a: Kingambit|Kingambit, F|100\/100\n|-activate|p2a: Kingambit|ability: Supreme Overlord\n|-start|p2a: Kingambit|fallen4|[silent]\n|turn|7\n|\n|t:|1700410728\n|switch|p1a: Rillaboom|Rillaboom, M|100\/100\n|-damage|p1a: Rillaboom|88\/100|[from] Stealth Rock\n|-fieldstart|move: Grassy Terrain|[from] ability: Grassy Surge|[of] p1a: Rillaboom\n|move|p2a: Kingambit|Sucker Punch||[still]\n|-fail|p2a: Kingambit\n|\n|-heal|p1a: Rillaboom|94\/100|[from] Grassy Terrain\n|-heal|p1a: Rillaboom|99\/100|[from] item: Leftovers\n|upkeep\n|turn|8\n|\n|t:|1700410741\n|move|p1a: Rillaboom|Drain Punch|p2a: Kingambit\n|-supereffective|p2a: Kingambit\n|-damage|p2a: Kingambit|19\/100\n|-heal|p1a: Rillaboom|100\/100|[from] drain|[of] p2a: Kingambit\n|move|p2a: Kingambit|Kowtow Cleave|p1a: Rillaboom\n|-damage|p1a: Rillaboom|19\/100\n|\n|-heal|p1a: Rillaboom|25\/100|[from] Grassy Terrain\n|-heal|p1a: Rillaboom|31\/100|[from] item: Leftovers\n|-heal|p2a: Kingambit|25\/100|[from] Grassy Terrain\n|upkeep\n|turn|9\n|\n|t:|1700410760\n|move|p1a: Rillaboom|Grassy Glide|p2a: Kingambit\n|-resisted|p2a: Kingambit\n|-damage|p2a: Kingambit|9\/100\n|move|p2a: Kingambit|Sucker Punch||[still]\n|-fail|p2a: Kingambit\n|\n|-heal|p1a: Rillaboom|37\/100|[from] Grassy Terrain\n|-heal|p1a: Rillaboom|43\/100|[from] item: Leftovers\n|-heal|p2a: Kingambit|15\/100|[from] Grassy Terrain\n|upkeep\n|turn|10\n|\n|t:|1700410772\n|move|p1a: Rillaboom|Grassy Glide|p2a: Kingambit\n|-resisted|p2a: Kingambit\n|-damage|p2a: Kingambit|0 fnt\n|faint|p2a: Kingambit\n|-end|p2a: Kingambit|fallen4|[silent]\n|\n|-heal|p1a: Rillaboom|49\/100|[from] Grassy Terrain\n|-heal|p1a: Rillaboom|55\/100|[from] item: Leftovers\n|upkeep\n|\n|t:|1700410775\n|switch|p2a: Iron Moth|Iron Moth|100\/100\n|-enditem|p2a: Iron Moth|Booster Energy\n|-activate|p2a: Iron Moth|ability: Quark Drive|[fromitem]\n|-start|p2a: Iron Moth|quarkdrivespe\n|turn|11\n|l|\u2606mikiolaf\n|inactive|mikiolaf disconnected and has a minute to reconnect!\n|player|p1|\n|j|\u2606mikiolaf\n|inactive|mikiolaf reconnected and has 135 seconds left.\n|player|p1|mikiolaf|170\n|\n|t:|1700410793\n|-terastallize|p2a: Iron Moth|Ground\n|move|p2a: Iron Moth|Tera Blast|p1a: Rillaboom|[anim] Tera Blast Ground\n|-resisted|p1a: Rillaboom\n|-damage|p1a: Rillaboom|31\/100\n|move|p1a: Rillaboom|High Horsepower|p2a: Iron Moth\n|-damage|p2a: Iron Moth|53\/100\n|\n|-heal|p2a: Iron Moth|59\/100|[from] Grassy Terrain\n|-heal|p1a: Rillaboom|37\/100|[from] Grassy Terrain\n|-heal|p1a: Rillaboom|43\/100|[from] item: Leftovers\n|-fieldend|move: Grassy Terrain\n|upkeep\n|turn|12\n|\n|t:|1700410809\n|move|p2a: Iron Moth|Fiery Dance|p1a: Rillaboom\n|-supereffective|p1a: Rillaboom\n|-damage|p1a: Rillaboom|0 fnt\n|-boost|p2a: Iron Moth|spa|1\n|faint|p1a: Rillaboom\n|\n|upkeep\n|\n|t:|1700410818\n|switch|p1a: Cinderace|Cinderace, F|100\/100\n|turn|13\n|\n|t:|1700410822\n|move|p1a: Cinderace|Sucker Punch|p2a: Iron Moth\n|-start|p1a: Cinderace|typechange|Dark|[from] ability: Libero\n|-damage|p2a: Iron Moth|13\/100\n|move|p2a: Iron Moth|Sludge Wave|p1a: Cinderace\n|-damage|p1a: Cinderace|0 fnt\n|faint|p1a: Cinderace\n|\n|upkeep\n|\n|t:|1700410837\n|switch|p1a: Clefable|Clefable, F|100\/100\n|-damage|p1a: Clefable|88\/100|[from] Stealth Rock\n|turn|14\n|\n|t:|1700410843\n|-terastallize|p1a: Clefable|Steel\n|move|p2a: Iron Moth|Sludge Wave|p1a: Clefable\n|-immune|p1a: Clefable\n|move|p1a: Clefable|Moonblast|p2a: Iron Moth\n|-damage|p2a: Iron Moth|0 fnt\n|faint|p2a: Iron Moth\n|-end|p2a: Iron Moth|Quark Drive|[silent]\n|\n|win|mikiolaf\n|raw|mikiolaf's rating: 1184 &rarr; <strong>1208<\/strong><br \/>(+24 for winning)\n|raw|Hultygoat's rating: 1173 &rarr; <strong>1149<\/strong><br \/>(-24 for losing)\n|l|\u2606mikiolaf\n","uploadtime":1700410861,"views":7,"p1id":"mikiolaf","p2id":"hultygoat","formatid":"gen9ou","rating":1149,"private":0,"password":""}