{"id":"gen9ou-1996111044","p1":"Lukas2202","p2":"ChillLanturnYT","format":"[Gen 9] OU","log":"|j|\u2606Lukas2202\n|j|\u2606ChillLanturnYT\n|t:|1700645792\n|gametype|singles\n|player|p1|Lukas2202|hugh|1334\n|player|p2|ChillLanturnYT|palmer|1267\n|teamsize|p1|6\n|teamsize|p2|6\n|gen|9\n|tier|[Gen 9] OU\n|rated|\n|rule|Sleep Clause Mod: Limit one foe put to sleep\n|rule|Species Clause: Limit one of each Pok\u00e9mon\n|rule|OHKO Clause: OHKO moves are banned\n|rule|Evasion Items Clause: Evasion items are banned\n|rule|Evasion Moves Clause: Evasion moves are banned\n|rule|Endless Battle Clause: Forcing endless battles is banned\n|rule|HP Percentage Mod: HP is shown in percentages\n|clearpoke\n|poke|p1|Ambipom, F|\n|poke|p1|Garchomp, M|\n|poke|p1|Gholdengo|\n|poke|p1|Blissey, F|\n|poke|p1|Greninja-*, M|\n|poke|p1|Glimmora, F|\n|poke|p2|Empoleon, M|\n|poke|p2|Milotic, M|\n|poke|p2|Primeape, F|\n|poke|p2|Great Tusk|\n|poke|p2|Lurantis, M|\n|poke|p2|Goodra-Hisui, F|\n|teampreview\n|inactive|Battle timer is ON: inactive players will automatically lose when time's up. (requested by ChillLanturnYT)\n|\n|t:|1700645842\n|start\n|switch|p1a: Ambipom|Ambipom, F|100\/100\n|switch|p2a: Lurantis|Lurantis, M|100\/100\n|turn|1\n|\n|t:|1700645849\n|move|p1a: Ambipom|Fake Out|p2a: Lurantis\n|-damage|p2a: Lurantis|70\/100\n|cant|p2a: Lurantis|flinch\n|\n|upkeep\n|turn|2\n|\n|t:|1700645856\n|move|p1a: Ambipom|U-turn|p2a: Lurantis\n|-supereffective|p2a: Lurantis\n|-damage|p2a: Lurantis|27\/100\n|\n|t:|1700645859\n|switch|p1a: Blissey|Blissey, F|100\/100|[from] U-turn\n|move|p2a: Lurantis|Superpower|p1a: Blissey\n|-supereffective|p1a: Blissey\n|-damage|p1a: Blissey|0 fnt\n|-boost|p2a: Lurantis|atk|1\n|-boost|p2a: Lurantis|def|1\n|faint|p1a: Blissey\n|\n|upkeep\n|\n|t:|1700645870\n|switch|p1a: Ambipom|Ambipom, F|100\/100\n|turn|3\n|\n|t:|1700645875\n|move|p1a: Ambipom|Fake Out|p2a: Lurantis\n|-damage|p2a: Lurantis|8\/100\n|cant|p2a: Lurantis|flinch\n|\n|upkeep\n|turn|4\n|\n|t:|1700645882\n|move|p1a: Ambipom|U-turn|p2a: Lurantis\n|-supereffective|p2a: Lurantis\n|-damage|p2a: Lurantis|0 fnt\n|faint|p2a: Lurantis\n|\n|t:|1700645888\n|switch|p1a: Glimmora|Glimmora, F|100\/100|[from] U-turn\n|\n|upkeep\n|\n|t:|1700645899\n|switch|p2a: Great Tusk|Great Tusk|100\/100\n|turn|5\n|\n|t:|1700645912\n|move|p1a: Glimmora|Mortal Spin|p2a: Great Tusk\n|-resisted|p2a: Great Tusk\n|-damage|p2a: Great Tusk|98\/100\n|-status|p2a: Great Tusk|psn\n|move|p2a: Great Tusk|Rapid Spin|p1a: Glimmora\n|-resisted|p1a: Glimmora\n|-damage|p1a: Glimmora|90\/100\n|-boost|p2a: Great Tusk|spe|1\n|-activate|p1a: Glimmora|ability: Toxic Debris\n|-sidestart|p2: ChillLanturnYT|move: Toxic Spikes\n|-sideend|p2: ChillLanturnYT|Toxic Spikes|[from] move: Rapid Spin|[of] p2a: Great Tusk\n|\n|-damage|p2a: Great Tusk|86\/100 psn|[from] psn\n|upkeep\n|turn|6\n|\n|t:|1700645927\n|switch|p1a: Garchomp|Garchomp, M|100\/100\n|move|p2a: Great Tusk|Earthquake|p1a: Garchomp\n|-damage|p1a: Garchomp|66\/100\n|\n|-damage|p2a: Great Tusk|74\/100 psn|[from] psn\n|upkeep\n|turn|7\n|\n|t:|1700645937\n|move|p2a: Great Tusk|Earthquake|p1a: Garchomp\n|-damage|p1a: Garchomp|36\/100\n|move|p1a: Garchomp|Spikes|p2a: Great Tusk\n|-sidestart|p2: ChillLanturnYT|Spikes\n|\n|-damage|p2a: Great Tusk|61\/100 psn|[from] psn\n|upkeep\n|turn|8\n|\n|t:|1700645948\n|move|p2a: Great Tusk|Earthquake|p1a: Garchomp\n|-damage|p1a: Garchomp|6\/100\n|move|p1a: Garchomp|Dragon Tail|p2a: Great Tusk\n|-damage|p2a: Great Tusk|41\/100 psn\n|-end|p2a: Great Tusk|Protosynthesis|[silent]\n|drag|p2a: Primeape|Primeape, F|100\/100\n|-damage|p2a: Primeape|88\/100|[from] Spikes\n|\n|upkeep\n|turn|9\n|\n|t:|1700645962\n|move|p2a: Primeape|Earthquake|p1a: Garchomp\n|-damage|p1a: Garchomp|0 fnt\n|faint|p1a: Garchomp\n|\n|upkeep\n|\n|t:|1700645987\n|switch|p1a: Gholdengo|Gholdengo|100\/100\n|-item|p1a: Gholdengo|Air Balloon\n|turn|10\n|\n|t:|1700645995\n|switch|p2a: Goodra|Goodra-Hisui, F|100\/100\n|-damage|p2a: Goodra|88\/100|[from] Spikes\n|move|p1a: Gholdengo|Nasty Plot|p1a: Gholdengo\n|-boost|p1a: Gholdengo|spa|2\n|\n|-heal|p2a: Goodra|94\/100|[from] item: Leftovers\n|upkeep\n|turn|11\n|inactive|Lukas2202 has 120 seconds left.\n|\n|t:|1700646043\n|move|p1a: Gholdengo|Shadow Ball|p2a: Goodra\n|-damage|p2a: Goodra|51\/100\n|move|p2a: Goodra|Dragon Tail|p1a: Gholdengo\n|-resisted|p1a: Gholdengo\n|-damage|p1a: Gholdengo|90\/100\n|-enditem|p1a: Gholdengo|Air Balloon\n|drag|p1a: Ambipom|Ambipom, F|100\/100\n|\n|-heal|p2a: Goodra|57\/100|[from] item: Leftovers\n|upkeep\n|turn|12\n|\n|t:|1700646056\n|move|p1a: Ambipom|Fake Out|p2a: Goodra\n|-resisted|p2a: Goodra\n|-damage|p2a: Goodra|44\/100\n|cant|p2a: Goodra|flinch\n|\n|-heal|p2a: Goodra|50\/100|[from] item: Leftovers\n|upkeep\n|turn|13\n|\n|t:|1700646065\n|move|p1a: Ambipom|Knock Off|p2a: Goodra\n|-damage|p2a: Goodra|23\/100\n|-enditem|p2a: Goodra|Leftovers|[from] move: Knock Off|[of] p1a: Ambipom\n|move|p2a: Goodra|Heavy Slam|p1a: Ambipom\n|-damage|p1a: Ambipom|6\/100\n|\n|upkeep\n|turn|14\n|\n|t:|1700646073\n|move|p1a: Ambipom|U-turn|p2a: Goodra\n|-resisted|p2a: Goodra\n|-crit|p2a: Goodra\n|-damage|p2a: Goodra|8\/100\n|\n|t:|1700646076\n|switch|p1a: Gholdengo|Gholdengo|90\/100|[from] U-turn\n|move|p2a: Goodra|Dragon Tail|p1a: Gholdengo\n|-resisted|p1a: Gholdengo\n|-damage|p1a: Gholdengo|81\/100\n|drag|p1a: Greninja|Greninja, M|100\/100\n|\n|upkeep\n|turn|15\n|inactive|Lukas2202 has 120 seconds left.\n|\n|t:|1700646089\n|move|p1a: Greninja|Dark Pulse|p2a: Goodra\n|-crit|p2a: Goodra\n|-damage|p2a: Goodra|0 fnt\n|faint|p2a: Goodra\n|-ability|p1a: Greninja|Battle Bond|boost\n|-boost|p1a: Greninja|atk|1\n|-boost|p1a: Greninja|spa|1\n|-boost|p1a: Greninja|spe|1\n|-activate|p1a: Greninja|ability: Battle Bond\n|-damage|p1a: Greninja|91\/100|[from] item: Life Orb\n|\n|upkeep\n|\n|t:|1700646102\n|switch|p2a: Milotic|Milotic, M|100\/100\n|-damage|p2a: Milotic|88\/100|[from] Spikes\n|turn|16\n|\n|t:|1700646107\n|move|p1a: Greninja|Dark Pulse|p2a: Milotic\n|-damage|p2a: Milotic|45\/100\n|-damage|p1a: Greninja|81\/100|[from] item: Life Orb\n|move|p2a: Milotic|Hydro Pump|p1a: Greninja\n|-resisted|p1a: Greninja\n|-damage|p1a: Greninja|50\/100\n|\n|-heal|p2a: Milotic|51\/100|[from] item: Leftovers\n|upkeep\n|turn|17\n|\n|t:|1700646117\n|move|p1a: Greninja|Dark Pulse|p2a: Milotic\n|-damage|p2a: Milotic|12\/100\n|-damage|p1a: Greninja|40\/100|[from] item: Life Orb\n|move|p2a: Milotic|Recover|p2a: Milotic\n|-heal|p2a: Milotic|63\/100\n|\n|-heal|p2a: Milotic|69\/100|[from] item: Leftovers\n|upkeep\n|turn|18\n|\n|t:|1700646143\n|-terastallize|p1a: Greninja|Water\n|move|p1a: Greninja|Surf|p2a: Milotic\n|-resisted|p2a: Milotic\n|-damage|p2a: Milotic|39\/100\n|-damage|p1a: Greninja|30\/100|[from] item: Life Orb\n|move|p2a: Milotic|Hydro Pump|p1a: Greninja\n|-resisted|p1a: Greninja\n|-damage|p1a: Greninja|0 fnt\n|faint|p1a: Greninja\n|\n|-heal|p2a: Milotic|45\/100|[from] item: Leftovers\n|upkeep\n|\n|t:|1700646156\n|switch|p1a: Ambipom|Ambipom, F|6\/100\n|turn|19\n|\n|t:|1700646160\n|move|p1a: Ambipom|Fake Out|p2a: Milotic\n|-damage|p2a: Milotic|18\/100\n|cant|p2a: Milotic|flinch\n|\n|-heal|p2a: Milotic|24\/100|[from] item: Leftovers\n|upkeep\n|turn|20\n|\n|t:|1700646168\n|move|p1a: Ambipom|Knock Off|p2a: Milotic\n|-crit|p2a: Milotic\n|-damage|p2a: Milotic|0 fnt\n|-enditem|p2a: Milotic|Leftovers|[from] move: Knock Off|[of] p1a: Ambipom\n|faint|p2a: Milotic\n|\n|upkeep\n|\n|t:|1700646173\n|switch|p2a: Primeape|Primeape, F|88\/100\n|-damage|p2a: Primeape|76\/100|[from] Spikes\n|turn|21\n|\n|t:|1700646179\n|move|p2a: Primeape|Earthquake|p1a: Ambipom\n|-damage|p1a: Ambipom|0 fnt\n|faint|p1a: Ambipom\n|\n|upkeep\n|\n|t:|1700646197\n|switch|p1a: Gholdengo|Gholdengo|81\/100\n|turn|22\n|\n|t:|1700646203\n|move|p2a: Primeape|Earthquake|p1a: Gholdengo\n|-supereffective|p1a: Gholdengo\n|-damage|p1a: Gholdengo|40\/100\n|move|p1a: Gholdengo|Make It Rain|p2a: Primeape\n|-damage|p2a: Primeape|0 fnt\n|-unboost|p1a: Gholdengo|spa|1\n|faint|p2a: Primeape\n|\n|upkeep\n|\n|t:|1700646209\n|switch|p2a: Great Tusk|Great Tusk|41\/100 psn\n|turn|23\n|inactive|Lukas2202 has 120 seconds left.\n|\n|t:|1700646246\n|move|p2a: Great Tusk|Earthquake|p1a: Gholdengo\n|-supereffective|p1a: Gholdengo\n|-damage|p1a: Gholdengo|0 fnt\n|faint|p1a: Gholdengo\n|\n|-damage|p2a: Great Tusk|29\/100 psn|[from] psn\n|upkeep\n|\n|t:|1700646253\n|switch|p1a: Glimmora|Glimmora, F|90\/100\n|turn|24\n|\n|t:|1700646257\n|move|p1a: Glimmora|Earth Power|p2a: Great Tusk\n|-damage|p2a: Great Tusk|0 fnt\n|faint|p2a: Great Tusk\n|-end|p2a: Great Tusk|Protosynthesis|[silent]\n|\n|upkeep\n|\n|t:|1700646259\n|switch|p2a: Empoleon|Empoleon, M|100\/100\n|-damage|p2a: Empoleon|88\/100|[from] Spikes\n|turn|25\n|\n|t:|1700646265\n|-terastallize|p2a: Empoleon|Water\n|move|p1a: Glimmora|Earth Power|p2a: Empoleon\n|-damage|p2a: Empoleon|59\/100\n|move|p2a: Empoleon|Surf|p1a: Glimmora\n|-supereffective|p1a: Glimmora\n|-damage|p1a: Glimmora|0 fnt\n|faint|p1a: Glimmora\n|\n|win|ChillLanturnYT\n|raw|Lukas2202's rating: 1334 &rarr; <strong>1310<\/strong><br \/>(-24 for losing)\n|raw|ChillLanturnYT's rating: 1267 &rarr; <strong>1297<\/strong><br \/>(+30 for winning)\n","uploadtime":1700646277,"views":0,"p1id":"lukas2202","p2id":"chilllanturnyt","formatid":"gen9ou","rating":1297,"private":0,"password":""}