{"id":"gen9ou-1991519724","p1":"pastagirl","p2":"OUVT TOSHI","format":"[Gen 9] OU","log":"|j|\u2606pastagirl\n|j|\u2606OUVT TOSHI\n|t:|1700084438\n|gametype|singles\n|player|p1|pastagirl|elesa|1622\n|player|p2|OUVT TOSHI|palmer|1631\n|teamsize|p1|6\n|teamsize|p2|6\n|gen|9\n|tier|[Gen 9] OU\n|rated|\n|rule|Sleep Clause Mod: Limit one foe put to sleep\n|rule|Species Clause: Limit one of each Pok\u00e9mon\n|rule|OHKO Clause: OHKO moves are banned\n|rule|Evasion Items Clause: Evasion items are banned\n|rule|Evasion Moves Clause: Evasion moves are banned\n|rule|Endless Battle Clause: Forcing endless battles is banned\n|rule|HP Percentage Mod: HP is shown in percentages\n|clearpoke\n|poke|p1|Pelipper, M|\n|poke|p1|Barraskewda, M|\n|poke|p1|Quaquaval, M|\n|poke|p1|Manaphy|\n|poke|p1|Sandy Shocks|\n|poke|p1|Amoonguss, M|\n|poke|p2|Ogerpon-Wellspring, F|\n|poke|p2|Zamazenta-*|\n|poke|p2|Ting-Lu|\n|poke|p2|Iron Moth|\n|poke|p2|Zapdos|\n|poke|p2|Ursaluna, F|\n|teampreview\n|\n|t:|1700084466\n|start\n|switch|p1a: Sandy Shocks|Sandy Shocks|100\/100\n|switch|p2a: Ogerpon|Ogerpon-Wellspring, F|100\/100\n|-enditem|p1a: Sandy Shocks|Booster Energy\n|-activate|p1a: Sandy Shocks|ability: Protosynthesis|[fromitem]\n|-start|p1a: Sandy Shocks|protosynthesisspe\n|turn|1\n|inactive|Battle timer is ON: inactive players will automatically lose when time's up. (requested by OUVT TOSHI)\n|\n|t:|1700084478\n|-end|p1a: Sandy Shocks|Protosynthesis|[silent]\n|switch|p1a: Amoonguss|Amoonguss, M|100\/100\n|move|p2a: Ogerpon|Horn Leech|p1a: Amoonguss\n|-resisted|p1a: Amoonguss\n|-crit|p1a: Amoonguss\n|-damage|p1a: Amoonguss|87\/100\n|-enditem|p1a: Amoonguss|Eject Button\n|j| Raging Swampert\n|\n|t:|1700084488\n|switch|p1a: Barraskewda|Barraskewda, M|100\/100\n|\n|upkeep\n|turn|2\n|\n|t:|1700084493\n|switch|p1a: Amoonguss|Amoonguss, M|100\/100\n|move|p2a: Ogerpon|Horn Leech|p1a: Amoonguss\n|-resisted|p1a: Amoonguss\n|-damage|p1a: Amoonguss|92\/100\n|\n|upkeep\n|turn|3\n|\n|t:|1700084503\n|move|p2a: Ogerpon|U-turn|p1a: Amoonguss\n|-damage|p1a: Amoonguss|71\/100\n|\n|t:|1700084507\n|switch|p2a: Ting-Lu|Ting-Lu|100\/100|[from] U-turn\n|-ability|p2a: Ting-Lu|Vessel of Ruin\n|move|p1a: Amoonguss|Spore|p2a: Ting-Lu\n|-status|p2a: Ting-Lu|slp|[from] move: Spore\n|\n|upkeep\n|turn|4\n|\n|t:|1700084520\n|switch|p2a: Ursaluna|Ursaluna, F|100\/100\n|move|p1a: Amoonguss|Sludge Bomb|p2a: Ursaluna\n|-resisted|p2a: Ursaluna\n|-damage|p2a: Ursaluna|88\/100\n|\n|-status|p2a: Ursaluna|brn|[from] item: Flame Orb\n|upkeep\n|turn|5\n|l| Raging Swampert\n|\n|t:|1700084535\n|switch|p1a: quacker oats|Quaquaval, M|100\/100\n|move|p2a: Ursaluna|Facade|p1a: quacker oats\n|-damage|p1a: quacker oats|0 fnt\n|faint|p1a: quacker oats\n|\n|-damage|p2a: Ursaluna|81\/100 brn|[from] brn\n|upkeep\n|\n|t:|1700084552\n|switch|p1a: Barraskewda|Barraskewda, M|100\/100\n|turn|6\n|\n|t:|1700084558\n|switch|p2a: Zamazenta|Zamazenta|100\/100\n|-ability|p2a: Zamazenta|Dauntless Shield|boost\n|-boost|p2a: Zamazenta|def|1\n|move|p1a: Barraskewda|Close Combat|p2a: Zamazenta\n|-damage|p2a: Zamazenta|62\/100\n|-unboost|p1a: Barraskewda|def|1\n|-unboost|p1a: Barraskewda|spd|1\n|\n|upkeep\n|turn|7\n|\n|t:|1700084562\n|switch|p2a: Zapdos|Zapdos|100\/100\n|switch|p1a: Amoonguss|Amoonguss, M|100\/100\n|\n|upkeep\n|turn|8\n|\n|t:|1700084569\n|switch|p1a: Sandy Shocks|Sandy Shocks|100\/100\n|move|p2a: Zapdos|Hurricane|p1a: Sandy Shocks\n|-resisted|p1a: Sandy Shocks\n|-damage|p1a: Sandy Shocks|74\/100\n|\n|upkeep\n|turn|9\n|\n|t:|1700084581\n|switch|p2a: Zamazenta|Zamazenta|62\/100\n|move|p1a: Sandy Shocks|Spikes|p2a: Zamazenta\n|-sidestart|p2: OUVT TOSHI|Spikes\n|\n|upkeep\n|turn|10\n|\n|t:|1700084586\n|-end|p1a: Sandy Shocks|Protosynthesis|[silent]\n|switch|p1a: Amoonguss|Amoonguss, M|100\/100\n|move|p2a: Zamazenta|Close Combat|p1a: Amoonguss\n|-resisted|p1a: Amoonguss\n|-damage|p1a: Amoonguss|76\/100\n|-unboost|p2a: Zamazenta|def|1\n|-unboost|p2a: Zamazenta|spd|1\n|\n|upkeep\n|turn|11\n|\n|t:|1700084594\n|switch|p1a: EL PELIGRO|Pelipper, M, shiny|100\/100\n|-weather|RainDance|[from] ability: Drizzle|[of] p1a: EL PELIGRO\n|-terastallize|p2a: Zamazenta|Ice\n|move|p2a: Zamazenta|Tera Blast|p1a: EL PELIGRO|[anim] Tera Blast Ice\n|-damage|p1a: EL PELIGRO|71\/100\n|\n|-weather|RainDance|[upkeep]\n|upkeep\n|turn|12\n|\n|t:|1700084606\n|switch|p2a: Zapdos|Zapdos|100\/100\n|move|p1a: EL PELIGRO|Surf|p2a: Zapdos\n|-damage|p2a: Zapdos|55\/100\n|\n|-weather|RainDance|[upkeep]\n|upkeep\n|turn|13\n|\n|t:|1700084612\n|switch|p1a: Sandy Shocks|Sandy Shocks|74\/100\n|move|p2a: Zapdos|Hurricane|p1a: Sandy Shocks\n|-resisted|p1a: Sandy Shocks\n|-damage|p1a: Sandy Shocks|45\/100\n|\n|-weather|RainDance|[upkeep]\n|upkeep\n|turn|14\n|\n|t:|1700084624\n|-end|p1a: Sandy Shocks|Protosynthesis|[silent]\n|switch|p1a: Barraskewda|Barraskewda, M|100\/100\n|switch|p2a: Ogerpon|Ogerpon-Wellspring, F|100\/100\n|-damage|p2a: Ogerpon|88\/100|[from] Spikes\n|\n|-weather|RainDance|[upkeep]\n|upkeep\n|turn|15\n|\n|t:|1700084633\n|switch|p1a: Amoonguss|Amoonguss, M|100\/100\n|switch|p2a: Zamazenta|Zamazenta, tera:Ice|62\/100\n|\n|-weather|RainDance|[upkeep]\n|upkeep\n|turn|16\n|inactive|pastagirl has 120 seconds left.\n|\n|t:|1700084666\n|move|p2a: Zamazenta|Tera Blast|p1a: Amoonguss|[anim] Tera Blast Ice\n|-supereffective|p1a: Amoonguss\n|-damage|p1a: Amoonguss|39\/100\n|move|p1a: Amoonguss|Foul Play|p2a: Zamazenta\n|-damage|p2a: Zamazenta|33\/100\n|\n|-weather|RainDance|[upkeep]\n|upkeep\n|turn|17\n|\n|t:|1700084674\n|switch|p1a: Manaphy|Manaphy|100\/100\n|move|p2a: Zamazenta|Tera Blast|p1a: Manaphy|[anim] Tera Blast Ice\n|-resisted|p1a: Manaphy\n|-damage|p1a: Manaphy|83\/100\n|\n|-weather|RainDance|[upkeep]\n|-heal|p1a: Manaphy|90\/100|[from] item: Leftovers\n|upkeep\n|turn|18\n|\n|t:|1700084680\n|move|p2a: Zamazenta|Close Combat|p1a: Manaphy\n|-damage|p1a: Manaphy|42\/100\n|-unboost|p2a: Zamazenta|def|1\n|-unboost|p2a: Zamazenta|spd|1\n|move|p1a: Manaphy|Tail Glow|p1a: Manaphy\n|-boost|p1a: Manaphy|spa|3\n|\n|-weather|none\n|-heal|p1a: Manaphy|48\/100|[from] item: Leftovers\n|upkeep\n|turn|19\n|\n|t:|1700084685\n|-terastallize|p1a: Manaphy|Fairy\n|move|p2a: Zamazenta|Close Combat|p1a: Manaphy\n|-resisted|p1a: Manaphy\n|-damage|p1a: Manaphy|23\/100\n|-unboost|p2a: Zamazenta|def|1\n|-unboost|p2a: Zamazenta|spd|1\n|move|p1a: Manaphy|Surf|p2a: Zamazenta\n|-damage|p2a: Zamazenta|0 fnt\n|faint|p2a: Zamazenta\n|\n|-heal|p1a: Manaphy|29\/100|[from] item: Leftovers\n|upkeep\n|\n|t:|1700084689\n|switch|p2a: Iron Moth|Iron Moth|100\/100\n|-damage|p2a: Iron Moth|88\/100|[from] Spikes\n|-enditem|p2a: Iron Moth|Booster Energy\n|-activate|p2a: Iron Moth|ability: Quark Drive|[fromitem]\n|-start|p2a: Iron Moth|quarkdrivespe\n|turn|20\n|\n|t:|1700084695\n|switch|p1a: EL PELIGRO|Pelipper, M, shiny|71\/100\n|-weather|RainDance|[from] ability: Drizzle|[of] p1a: EL PELIGRO\n|move|p2a: Iron Moth|Sludge Wave|p1a: EL PELIGRO\n|-damage|p1a: EL PELIGRO|7\/100\n|\n|-weather|RainDance|[upkeep]\n|upkeep\n|turn|21\n|\n|t:|1700084701\n|switch|p1a: Sandy Shocks|Sandy Shocks|45\/100\n|move|p2a: Iron Moth|Sludge Wave|p1a: Sandy Shocks\n|-resisted|p1a: Sandy Shocks\n|-damage|p1a: Sandy Shocks|18\/100\n|\n|-weather|RainDance|[upkeep]\n|upkeep\n|turn|22\n|\n|t:|1700084709\n|move|p2a: Iron Moth|Psychic|p1a: Sandy Shocks\n|-damage|p1a: Sandy Shocks|0 fnt\n|faint|p1a: Sandy Shocks\n|-end|p1a: Sandy Shocks|Protosynthesis|[silent]\n|\n|-weather|RainDance|[upkeep]\n|upkeep\n|\n|t:|1700084715\n|switch|p1a: Barraskewda|Barraskewda, M|100\/100\n|turn|23\n|\n|t:|1700084725\n|-end|p2a: Iron Moth|Quark Drive|[silent]\n|switch|p2a: Ting-Lu|Ting-Lu|100\/100 slp\n|-damage|p2a: Ting-Lu|88\/100 slp|[from] Spikes\n|-ability|p2a: Ting-Lu|Vessel of Ruin\n|move|p1a: Barraskewda|Close Combat|p2a: Ting-Lu\n|-supereffective|p2a: Ting-Lu\n|-damage|p2a: Ting-Lu|22\/100 slp\n|-unboost|p1a: Barraskewda|def|1\n|-unboost|p1a: Barraskewda|spd|1\n|\n|-weather|RainDance|[upkeep]\n|-heal|p2a: Ting-Lu|28\/100 slp|[from] item: Leftovers\n|upkeep\n|turn|24\n|\n|t:|1700084732\n|switch|p1a: Manaphy|Manaphy, tera:Fairy|29\/100\n|cant|p2a: Ting-Lu|slp\n|\n|-weather|RainDance|[upkeep]\n|-heal|p1a: Manaphy|35\/100|[from] item: Leftovers\n|-heal|p2a: Ting-Lu|34\/100 slp|[from] item: Leftovers\n|upkeep\n|turn|25\n|\n|t:|1700084735\n|switch|p2a: Ogerpon|Ogerpon-Wellspring, F|88\/100\n|-damage|p2a: Ogerpon|76\/100|[from] Spikes\n|move|p1a: Manaphy|Rest|p1a: Manaphy\n|-status|p1a: Manaphy|slp|[from] move: Rest\n|-heal|p1a: Manaphy|100\/100 slp|[silent]\n|\n|-weather|RainDance|[upkeep]\n|-activate|p1a: Manaphy|ability: Hydration\n|-curestatus|p1a: Manaphy|slp|[msg]\n|upkeep\n|turn|26\n|\n|t:|1700084742\n|switch|p1a: Amoonguss|Amoonguss, M|73\/100\n|move|p2a: Ogerpon|Swords Dance|p2a: Ogerpon\n|-boost|p2a: Ogerpon|atk|2\n|\n|-weather|RainDance|[upkeep]\n|upkeep\n|turn|27\n|\n|t:|1700084748\n|move|p2a: Ogerpon|U-turn|p1a: Amoonguss\n|-damage|p1a: Amoonguss|32\/100\n|\n|t:|1700084753\n|switch|p2a: Zapdos|Zapdos|55\/100|[from] U-turn\n|move|p1a: Amoonguss|Foul Play|p2a: Zapdos\n|-damage|p2a: Zapdos|42\/100\n|-status|p1a: Amoonguss|par|[from] ability: Static|[of] p2a: Zapdos\n|\n|-weather|none\n|upkeep\n|turn|28\n|\n|t:|1700084762\n|switch|p1a: EL PELIGRO|Pelipper, M, shiny|7\/100\n|-weather|RainDance|[from] ability: Drizzle|[of] p1a: EL PELIGRO\n|move|p2a: Zapdos|Roost|p2a: Zapdos\n|-heal|p2a: Zapdos|92\/100\n|-singleturn|p2a: Zapdos|move: Roost\n|\n|-weather|RainDance|[upkeep]\n|upkeep\n|turn|29\n|\n|t:|1700084771\n|switch|p1a: Amoonguss|Amoonguss, M|65\/100 par\n|move|p2a: Zapdos|Discharge|p1a: Amoonguss\n|-resisted|p1a: Amoonguss\n|-damage|p1a: Amoonguss|52\/100 par\n|\n|-weather|RainDance|[upkeep]\n|upkeep\n|turn|30\n|\n|t:|1700084779\n|move|p2a: Zapdos|Hurricane|p1a: Amoonguss\n|-supereffective|p1a: Amoonguss\n|-damage|p1a: Amoonguss|0 fnt\n|faint|p1a: Amoonguss\n|\n|-weather|RainDance|[upkeep]\n|upkeep\n|\n|t:|1700084794\n|switch|p1a: Manaphy|Manaphy, tera:Fairy|100\/100\n|turn|31\n|\n|t:|1700084798\n|switch|p2a: Ogerpon|Ogerpon-Wellspring, F|76\/100\n|-damage|p2a: Ogerpon|64\/100|[from] Spikes\n|move|p1a: Manaphy|Tail Glow|p1a: Manaphy\n|-boost|p1a: Manaphy|spa|3\n|\n|-weather|RainDance|[upkeep]\n|upkeep\n|turn|32\n|\n|t:|1700084803\n|move|p2a: Ogerpon|Ivy Cudgel|p1a: Manaphy|[anim] Ivy Cudgel Water\n|-damage|p1a: Manaphy|22\/100\n|move|p1a: Manaphy|Ice Beam|p2a: Ogerpon\n|-damage|p2a: Ogerpon|0 fnt\n|faint|p2a: Ogerpon\n|\n|-weather|RainDance|[upkeep]\n|-heal|p1a: Manaphy|29\/100|[from] item: Leftovers\n|upkeep\n|\n|t:|1700084812\n|switch|p2a: Iron Moth|Iron Moth|88\/100\n|-damage|p2a: Iron Moth|76\/100|[from] Spikes\n|turn|33\n|j| MiniLarry\n|\n|t:|1700084816\n|move|p2a: Iron Moth|Sludge Wave|p1a: Manaphy\n|-supereffective|p1a: Manaphy\n|-damage|p1a: Manaphy|0 fnt\n|faint|p1a: Manaphy\n|\n|-weather|RainDance|[upkeep]\n|upkeep\n|\n|t:|1700084819\n|switch|p1a: Barraskewda|Barraskewda, M|100\/100\n|turn|34\n|\n|t:|1700084826\n|-end|p2a: Iron Moth|Quark Drive|[silent]\n|switch|p2a: Ting-Lu|Ting-Lu|34\/100 slp\n|-damage|p2a: Ting-Lu|22\/100 slp|[from] Spikes\n|-ability|p2a: Ting-Lu|Vessel of Ruin\n|move|p1a: Barraskewda|Liquidation|p2a: Ting-Lu\n|-supereffective|p2a: Ting-Lu\n|-crit|p2a: Ting-Lu\n|-damage|p2a: Ting-Lu|0 fnt\n|faint|p2a: Ting-Lu\n|\n|-weather|RainDance|[upkeep]\n|upkeep\n|\n|t:|1700084836\n|switch|p2a: Ursaluna|Ursaluna, F|81\/100 brn\n|-damage|p2a: Ursaluna|69\/100 brn|[from] Spikes\n|turn|35\n|\n|t:|1700084840\n|move|p1a: Barraskewda|Liquidation|p2a: Ursaluna\n|-supereffective|p2a: Ursaluna\n|-damage|p2a: Ursaluna|0 fnt\n|faint|p2a: Ursaluna\n|\n|-weather|none\n|upkeep\n|\n|t:|1700084844\n|switch|p2a: Zapdos|Zapdos|92\/100\n|turn|36\n|\n|t:|1700084850\n|switch|p1a: EL PELIGRO|Pelipper, M, shiny|7\/100\n|-weather|RainDance|[from] ability: Drizzle|[of] p1a: EL PELIGRO\n|move|p2a: Zapdos|Roost|p2a: Zapdos\n|-heal|p2a: Zapdos|100\/100\n|-singleturn|p2a: Zapdos|move: Roost\n|\n|-weather|RainDance|[upkeep]\n|upkeep\n|turn|37\n|\n|t:|1700084854\n|move|p2a: Zapdos|Discharge|p1a: EL PELIGRO\n|-supereffective|p1a: EL PELIGRO\n|-damage|p1a: EL PELIGRO|0 fnt\n|faint|p1a: EL PELIGRO\n|\n|-weather|RainDance|[upkeep]\n|upkeep\n|\n|t:|1700084856\n|switch|p1a: Barraskewda|Barraskewda, M|100\/100\n|turn|38\n|\n|t:|1700084861\n|move|p1a: Barraskewda|Liquidation|p2a: Zapdos\n|-damage|p2a: Zapdos|8\/100\n|move|p2a: Zapdos|Discharge|p1a: Barraskewda\n|-supereffective|p1a: Barraskewda\n|-damage|p1a: Barraskewda|0 fnt\n|faint|p1a: Barraskewda\n|\n|win|OUVT TOSHI\n|raw|pastagirl's rating: 1622 &rarr; <strong>1603<\/strong><br \/>(-19 for losing)\n|raw|OUVT TOSHI's rating: 1631 &rarr; <strong>1650<\/strong><br \/>(+19 for winning)\n|c|\u2606pastagirl|gg\n|c|\u2606OUVT TOSHI|gg\n|l|\u2606OUVT TOSHI\n","uploadtime":1700084875,"views":8,"p1id":"pastagirl","p2id":"ouvttoshi","formatid":"gen9ou","rating":1603,"private":0,"password":""}