{"id":"gen9ou-1994288622","p1":"Vince1314","p2":"LoudoEp","format":"[Gen 9] OU","log":"|j|\u2606Vince1314\n|j|\u2606LoudoEp\n|t:|1700427401\n|gametype|singles\n|player|p1|Vince1314|2|1671\n|player|p2|LoudoEp|brycen|1602\n|teamsize|p1|6\n|teamsize|p2|6\n|gen|9\n|tier|[Gen 9] OU\n|rated|\n|rule|Sleep Clause Mod: Limit one foe put to sleep\n|rule|Species Clause: Limit one of each Pok\u00e9mon\n|rule|OHKO Clause: OHKO moves are banned\n|rule|Evasion Items Clause: Evasion items are banned\n|rule|Evasion Moves Clause: Evasion moves are banned\n|rule|Endless Battle Clause: Forcing endless battles is banned\n|rule|HP Percentage Mod: HP is shown in percentages\n|clearpoke\n|poke|p1|Dragonite, M|\n|poke|p1|Manaphy|\n|poke|p1|Pelipper, M|\n|poke|p1|Floatzel, F|\n|poke|p1|Corviknight, F|\n|poke|p1|Clodsire, M|\n|poke|p2|Sinistcha|\n|poke|p2|Tyranitar, F|\n|poke|p2|Heatran, M|\n|poke|p2|Rillaboom, M|\n|poke|p2|Sneasler, F|\n|poke|p2|Samurott-Hisui, F|\n|teampreview\n|inactive|Battle timer is ON: inactive players will automatically lose when time's up. (requested by LoudoEp)\n|\n|t:|1700427431\n|start\n|switch|p1a: Pelipper|Pelipper, M|100\/100\n|switch|p2a: Sneasler|Sneasler, F|100\/100\n|-weather|RainDance|[from] ability: Drizzle|[of] p1a: Pelipper\n|turn|1\n|\n|t:|1700427438\n|move|p2a: Sneasler|U-turn|p1a: Pelipper\n|-resisted|p1a: Pelipper\n|-damage|p1a: Pelipper|92\/100\n|\n|t:|1700427441\n|switch|p2a: Tyranitar|Tyranitar, F|100\/100|[from] U-turn\n|-weather|Sandstorm|[from] ability: Sand Stream|[of] p2a: Tyranitar\n|move|p1a: Pelipper|U-turn|p2a: Tyranitar\n|-supereffective|p2a: Tyranitar\n|-damage|p2a: Tyranitar|84\/100\n|\n|t:|1700427448\n|switch|p1a: Corviknight|Corviknight, F|100\/100|[from] U-turn\n|-ability|p1a: Corviknight|Pressure\n|\n|-weather|Sandstorm|[upkeep]\n|upkeep\n|turn|2\n|\n|t:|1700427458\n|switch|p2a: Heatran|Heatran, M|100\/100\n|move|p1a: Corviknight|U-turn|p2a: Heatran\n|-resisted|p2a: Heatran\n|-damage|p2a: Heatran|97\/100\n|\n|t:|1700427463\n|switch|p1a: Pelipper|Pelipper, M|92\/100|[from] U-turn\n|-weather|RainDance|[from] ability: Drizzle|[of] p1a: Pelipper\n|\n|-weather|RainDance|[upkeep]\n|-heal|p2a: Heatran|100\/100|[from] item: Leftovers\n|upkeep\n|turn|3\n|\n|t:|1700427473\n|move|p2a: Heatran|Protect|p2a: Heatran\n|-singleturn|p2a: Heatran|Protect\n|move|p1a: Pelipper|U-turn|p2a: Heatran\n|-activate|p2a: Heatran|move: Protect\n|\n|-weather|RainDance|[upkeep]\n|upkeep\n|turn|4\n|\n|t:|1700427480\n|move|p2a: Heatran|Stealth Rock|p1a: Pelipper\n|-sidestart|p1: Vince1314|move: Stealth Rock\n|move|p1a: Pelipper|U-turn|p2a: Heatran\n|-resisted|p2a: Heatran\n|-damage|p2a: Heatran|98\/100\n|\n|t:|1700427487\n|switch|p1a: Floatzel|Floatzel, F|100\/100|[from] U-turn\n|-damage|p1a: Floatzel|88\/100|[from] Stealth Rock\n|\n|-weather|RainDance|[upkeep]\n|-heal|p2a: Heatran|100\/100|[from] item: Leftovers\n|upkeep\n|turn|5\n|\n|t:|1700427498\n|move|p2a: Heatran|Protect|p2a: Heatran\n|-singleturn|p2a: Heatran|Protect\n|move|p1a: Floatzel|Wave Crash|p2a: Heatran\n|-activate|p2a: Heatran|move: Protect\n|\n|-weather|RainDance|[upkeep]\n|upkeep\n|turn|6\n|\n|t:|1700427519\n|move|p1a: Floatzel|Wave Crash|p2a: Heatran\n|-supereffective|p2a: Heatran\n|-damage|p2a: Heatran|0 fnt\n|faint|p2a: Heatran\n|-damage|p1a: Floatzel|47\/100|[from] Recoil\n|\n|-weather|RainDance|[upkeep]\n|upkeep\n|\n|t:|1700427526\n|switch|p2a: Rillaboom|Rillaboom, M|100\/100\n|-fieldstart|move: Grassy Terrain|[from] ability: Grassy Surge|[of] p2a: Rillaboom\n|turn|7\n|\n|t:|1700427534\n|-terastallize|p1a: Floatzel|Water\n|move|p1a: Floatzel|Wave Crash|p2a: Rillaboom\n|-resisted|p2a: Rillaboom\n|-damage|p2a: Rillaboom|12\/100\n|-damage|p1a: Floatzel|16\/100|[from] Recoil\n|move|p2a: Rillaboom|U-turn|p1a: Floatzel\n|-damage|p1a: Floatzel|0 fnt\n|faint|p1a: Floatzel\n|\n|t:|1700427546\n|switch|p2a: Sneasler|Sneasler, F|100\/100|[from] U-turn\n|\n|-weather|RainDance|[upkeep]\n|upkeep\n|\n|t:|1700427551\n|switch|p1a: Dragonite|Dragonite, M|100\/100\n|turn|8\n|\n|t:|1700427559\n|move|p2a: Sneasler|U-turn|p1a: Dragonite\n|-resisted|p1a: Dragonite\n|-damage|p1a: Dragonite|94\/100\n|\n|t:|1700427570\n|switch|p2a: Tyranitar|Tyranitar, F|84\/100|[from] U-turn\n|-weather|Sandstorm|[from] ability: Sand Stream|[of] p2a: Tyranitar\n|move|p1a: Dragonite|Hurricane|p2a: Tyranitar\n|-resisted|p2a: Tyranitar\n|-damage|p2a: Tyranitar|69\/100\n|\n|-weather|Sandstorm|[upkeep]\n|-damage|p1a: Dragonite|87\/100|[from] Sandstorm\n|-heal|p2a: Tyranitar|75\/100|[from] Grassy Terrain\n|upkeep\n|turn|9\n|\n|t:|1700427582\n|switch|p1a: Corviknight|Corviknight, F|100\/100\n|-damage|p1a: Corviknight|88\/100|[from] Stealth Rock\n|-ability|p1a: Corviknight|Pressure\n|move|p2a: Tyranitar|Knock Off|p1a: Corviknight\n|-damage|p1a: Corviknight|35\/100\n|-enditem|p1a: Corviknight|Leftovers|[from] move: Knock Off|[of] p2a: Tyranitar\n|\n|-weather|Sandstorm|[upkeep]\n|-heal|p2a: Tyranitar|81\/100|[from] Grassy Terrain\n|upkeep\n|turn|10\n|\n|t:|1700427597\n|switch|p2a: Sneasler|Sneasler, F|100\/100\n|move|p1a: Corviknight|Roost|p1a: Corviknight\n|-heal|p1a: Corviknight|85\/100\n|-singleturn|p1a: Corviknight|move: Roost\n|\n|-weather|Sandstorm|[upkeep]\n|-damage|p2a: Sneasler|95\/100|[from] Sandstorm\n|-heal|p2a: Sneasler|100\/100|[from] Grassy Terrain\n|-heal|p1a: Corviknight|91\/100|[from] Grassy Terrain\n|upkeep\n|turn|11\n|\n|t:|1700427616\n|move|p2a: Sneasler|Switcheroo|p1a: Corviknight\n|-activate|p2a: Sneasler|move: Trick|[of] p1a: Corviknight\n|-item|p1a: Corviknight|Choice Scarf|[from] move: Switcheroo\n|-enditem|p2a: Sneasler|Choice Scarf|[silent]|[from] move: Switcheroo\n|move|p1a: Corviknight|Defog|p2a: Sneasler\n|-unboost|p2a: Sneasler|evasion|1\n|-sideend|p1: Vince1314|Stealth Rock|[from] move: Defog|[of] p1a: Corviknight\n|-fieldend|move: Grassy Terrain\n|\n|-weather|Sandstorm|[upkeep]\n|-damage|p2a: Sneasler|95\/100|[from] Sandstorm\n|upkeep\n|turn|12\n|\n|t:|1700427624\n|switch|p1a: Clodsire|Clodsire, M|100\/100\n|move|p2a: Sneasler|U-turn|p1a: Clodsire\n|-resisted|p1a: Clodsire\n|-damage|p1a: Clodsire|86\/100\n|\n|t:|1700427636\n|switch|p2a: Tyranitar|Tyranitar, F|81\/100|[from] U-turn\n|\n|-weather|none\n|-heal|p1a: Clodsire|93\/100|[from] item: Leftovers\n|upkeep\n|turn|13\n|\n|t:|1700427642\n|move|p2a: Tyranitar|Earthquake|p1a: Clodsire\n|-supereffective|p1a: Clodsire\n|-damage|p1a: Clodsire|0 fnt\n|faint|p1a: Clodsire\n|\n|upkeep\n|\n|t:|1700427648\n|switch|p1a: Corviknight|Corviknight, F|91\/100\n|-ability|p1a: Corviknight|Pressure\n|turn|14\n|\n|t:|1700427658\n|switch|p2a: Sneasler|Sneasler, F|95\/100\n|move|p1a: Corviknight|U-turn|p2a: Sneasler\n|-resisted|p2a: Sneasler\n|-damage|p2a: Sneasler|89\/100\n|\n|t:|1700427663\n|switch|p1a: Pelipper|Pelipper, M|92\/100|[from] U-turn\n|-weather|RainDance|[from] ability: Drizzle|[of] p1a: Pelipper\n|\n|-weather|RainDance|[upkeep]\n|upkeep\n|turn|15\n|\n|t:|1700427669\n|move|p2a: Sneasler|U-turn|p1a: Pelipper\n|-resisted|p1a: Pelipper\n|-damage|p1a: Pelipper|82\/100\n|-status|p1a: Pelipper|psn|[from] ability: Poison Touch|[of] p2a: Sneasler\n|\n|t:|1700427673\n|switch|p2a: Tyranitar|Tyranitar, F|81\/100|[from] U-turn\n|-weather|Sandstorm|[from] ability: Sand Stream|[of] p2a: Tyranitar\n|move|p1a: Pelipper|U-turn|p2a: Tyranitar\n|-supereffective|p2a: Tyranitar\n|-damage|p2a: Tyranitar|64\/100\n|\n|t:|1700427683\n|switch|p1a: Corviknight|Corviknight, F|91\/100|[from] U-turn\n|-ability|p1a: Corviknight|Pressure\n|\n|-weather|Sandstorm|[upkeep]\n|upkeep\n|turn|16\n|\n|t:|1700427692\n|switch|p2a: Sneasler|Sneasler, F|89\/100\n|move|p1a: Corviknight|U-turn|p2a: Sneasler\n|-resisted|p2a: Sneasler\n|-damage|p2a: Sneasler|83\/100\n|\n|t:|1700427697\n|switch|p1a: Pelipper|Pelipper, M|82\/100 psn|[from] U-turn\n|-weather|RainDance|[from] ability: Drizzle|[of] p1a: Pelipper\n|\n|-weather|RainDance|[upkeep]\n|-damage|p1a: Pelipper|70\/100 psn|[from] psn\n|upkeep\n|turn|17\n|\n|t:|1700427705\n|move|p2a: Sneasler|U-turn|p1a: Pelipper\n|-resisted|p1a: Pelipper\n|-damage|p1a: Pelipper|60\/100 psn\n|\n|t:|1700427708\n|switch|p2a: Tyranitar|Tyranitar, F|64\/100|[from] U-turn\n|-weather|Sandstorm|[from] ability: Sand Stream|[of] p2a: Tyranitar\n|move|p1a: Pelipper|Surf|p2a: Tyranitar\n|-supereffective|p2a: Tyranitar\n|-damage|p2a: Tyranitar|24\/100\n|\n|-weather|Sandstorm|[upkeep]\n|-damage|p1a: Pelipper|54\/100 psn|[from] Sandstorm\n|-damage|p1a: Pelipper|41\/100 psn|[from] psn\n|upkeep\n|turn|18\n|\n|t:|1700427719\n|switch|p2a: Sinistcha|Sinistcha|100\/100\n|move|p1a: Pelipper|U-turn|p2a: Sinistcha\n|-damage|p2a: Sinistcha|93\/100\n|\n|t:|1700427728\n|switch|p1a: Dragonite|Dragonite, M|87\/100|[from] U-turn\n|\n|-weather|Sandstorm|[upkeep]\n|-damage|p1a: Dragonite|81\/100|[from] Sandstorm\n|-damage|p2a: Sinistcha|87\/100|[from] Sandstorm\n|upkeep\n|turn|19\n|\n|t:|1700427752\n|move|p1a: Dragonite|Hurricane|p2a: Sinistcha|[miss]\n|-miss|p1a: Dragonite|p2a: Sinistcha\n|move|p2a: Sinistcha|Hex|p1a: Dragonite\n|-damage|p1a: Dragonite|55\/100\n|\n|-weather|Sandstorm|[upkeep]\n|-damage|p1a: Dragonite|49\/100|[from] Sandstorm\n|-damage|p2a: Sinistcha|81\/100|[from] Sandstorm\n|upkeep\n|turn|20\n|inactive|LoudoEp has 120 seconds left.\n|\n|t:|1700427778\n|-terastallize|p2a: Sinistcha|Poison\n|move|p1a: Dragonite|Roost|p1a: Dragonite\n|-heal|p1a: Dragonite|99\/100\n|-singleturn|p1a: Dragonite|move: Roost\n|move|p2a: Sinistcha|Calm Mind|p2a: Sinistcha\n|-boost|p2a: Sinistcha|spa|1\n|-boost|p2a: Sinistcha|spd|1\n|\n|-weather|Sandstorm|[upkeep]\n|-damage|p1a: Dragonite|93\/100|[from] Sandstorm\n|-damage|p2a: Sinistcha|74\/100|[from] Sandstorm\n|upkeep\n|turn|21\n|inactive|LoudoEp has 120 seconds left.\n|\n|t:|1700427793\n|switch|p1a: Pelipper|Pelipper, M|41\/100 psn\n|-weather|RainDance|[from] ability: Drizzle|[of] p1a: Pelipper\n|move|p2a: Sinistcha|Calm Mind|p2a: Sinistcha\n|-boost|p2a: Sinistcha|spa|1\n|-boost|p2a: Sinistcha|spd|1\n|\n|-weather|RainDance|[upkeep]\n|-damage|p1a: Pelipper|29\/100 psn|[from] psn\n|upkeep\n|turn|22\n|\n|t:|1700427803\n|move|p2a: Sinistcha|Matcha Gotcha|p1a: Pelipper\n|-damage|p1a: Pelipper|0 fnt\n|-heal|p2a: Sinistcha|88\/100|[from] drain|[of] p1a: Pelipper\n|faint|p1a: Pelipper\n|\n|-weather|RainDance|[upkeep]\n|upkeep\n|\n|t:|1700427810\n|switch|p1a: Manaphy|Manaphy|100\/100\n|turn|23\n|inactive|LoudoEp has 120 seconds left.\n|\n|t:|1700427832\n|move|p1a: Manaphy|Tail Glow|p1a: Manaphy\n|-boost|p1a: Manaphy|spa|3\n|move|p2a: Sinistcha|Matcha Gotcha|p1a: Manaphy\n|-supereffective|p1a: Manaphy\n|-damage|p1a: Manaphy|0 fnt\n|-heal|p2a: Sinistcha|100\/100|[from] drain|[of] p1a: Manaphy\n|faint|p1a: Manaphy\n|\n|-weather|RainDance|[upkeep]\n|upkeep\n|-message|Vince1314 forfeited.\n|\n|win|LoudoEp\n|raw|Vince1314's rating: 1671 &rarr; <strong>1647<\/strong><br \/>(-24 for losing)\n|raw|LoudoEp's rating: 1602 &rarr; <strong>1626<\/strong><br \/>(+24 for winning)\n|l|\u2606Vince1314\n","uploadtime":1700427846,"views":19,"p1id":"vince1314","p2id":"loudoep","formatid":"gen9ou","rating":1626,"private":0,"password":""}