{"id":"gen9ou-1999618801","p1":"xxCOALLAxx","p2":"tekken_is_life","format":"[Gen 9] OU","log":"|j|\u2606xxCOALLAxx\n|j|\u203dtekken_is_life\n|t:|1701101740\n|gametype|singles\n|player|p1|xxCOALLAxx|benga|1626\n|player|p2|tekken_is_life|riley|1693\n|teamsize|p1|6\n|teamsize|p2|6\n|gen|9\n|tier|[Gen 9] OU\n|rated|\n|rule|Sleep Clause Mod: Limit one foe put to sleep\n|rule|Species Clause: Limit one of each Pok\u00e9mon\n|rule|OHKO Clause: OHKO moves are banned\n|rule|Evasion Items Clause: Evasion items are banned\n|rule|Evasion Moves Clause: Evasion moves are banned\n|rule|Endless Battle Clause: Forcing endless battles is banned\n|rule|HP Percentage Mod: HP is shown in percentages\n|clearpoke\n|poke|p1|Indeedee, M|\n|poke|p1|Hatterene, F|\n|poke|p1|Polteageist|\n|poke|p1|Armarouge, F|\n|poke|p1|Maushold|\n|poke|p1|Zamazenta-*|\n|poke|p2|Enamorus, F|\n|poke|p2|Iron Moth|\n|poke|p2|Great Tusk|\n|poke|p2|Ogerpon-Cornerstone, F|\n|poke|p2|Kingambit, F|\n|poke|p2|Dragapult, M|\n|teampreview\n|inactive|Battle timer is ON: inactive players will automatically lose when time's up. (requested by xxCOALLAxx)\n|c|\u2606xxCOALLAxx|hf bro\n|c|\u2606xxCOALLAxx|also\n|c|\u2606xxCOALLAxx|TEKKEN IS LIFE\n|\n|t:|1701101760\n|start\n|switch|p1a: Indeedee|Indeedee, M, shiny|100\/100\n|switch|p2a: Dragapult|Dragapult, M|100\/100\n|-fieldstart|move: Psychic Terrain|[from] ability: Psychic Surge|[of] p1a: Indeedee\n|turn|1\n|\n|t:|1701101764\n|switch|p1a: Hatterene|Hatterene, F, shiny|100\/100\n|move|p2a: Dragapult|Shadow Ball|p1a: Hatterene\n|-supereffective|p1a: Hatterene\n|-damage|p1a: Hatterene|0 fnt\n|faint|p1a: Hatterene\n|\n|upkeep\n|\n|t:|1701101775\n|switch|p1a: Maushold|Maushold|100\/100\n|turn|2\n|\n|t:|1701101782\n|switch|p2a: Great Tusk|Great Tusk|100\/100\n|-enditem|p2a: Great Tusk|Booster Energy\n|-activate|p2a: Great Tusk|ability: Protosynthesis|[fromitem]\n|-start|p2a: Great Tusk|protosynthesisatk\n|move|p1a: Maushold|Tidy Up|p1a: Maushold\n|-boost|p1a: Maushold|atk|1\n|-boost|p1a: Maushold|spe|1\n|\n|upkeep\n|turn|3\n|\n|t:|1701101785\n|move|p1a: Maushold|Population Bomb|p2a: Great Tusk\n|-crit|p2a: Great Tusk\n|-damage|p2a: Great Tusk|82\/100\n|-damage|p2a: Great Tusk|70\/100\n|-damage|p2a: Great Tusk|58\/100\n|-damage|p2a: Great Tusk|46\/100\n|-damage|p2a: Great Tusk|33\/100\n|-damage|p2a: Great Tusk|22\/100\n|-damage|p2a: Great Tusk|11\/100\n|-damage|p2a: Great Tusk|0 fnt\n|faint|p2a: Great Tusk\n|-end|p2a: Great Tusk|Protosynthesis|[silent]\n|-hitcount|p2: Great Tusk|8\n|\n|upkeep\n|\n|t:|1701101800\n|switch|p2a: Ogerpon|Ogerpon-Cornerstone, F|100\/100\n|turn|4\n|\n|t:|1701101812\n|move|p1a: Maushold|Population Bomb|p2a: Ogerpon\n|-resisted|p2a: Ogerpon\n|-damage|p2a: Ogerpon|90\/100\n|-resisted|p2a: Ogerpon\n|-crit|p2a: Ogerpon\n|-damage|p2a: Ogerpon|72\/100\n|-resisted|p2a: Ogerpon\n|-damage|p2a: Ogerpon|61\/100\n|-resisted|p2a: Ogerpon\n|-damage|p2a: Ogerpon|50\/100\n|-resisted|p2a: Ogerpon\n|-damage|p2a: Ogerpon|38\/100\n|-resisted|p2a: Ogerpon\n|-damage|p2a: Ogerpon|28\/100\n|-resisted|p2a: Ogerpon\n|-damage|p2a: Ogerpon|17\/100\n|-resisted|p2a: Ogerpon\n|-damage|p2a: Ogerpon|5\/100\n|-resisted|p2a: Ogerpon\n|-damage|p2a: Ogerpon|0 fnt\n|faint|p2a: Ogerpon\n|-hitcount|p2: Ogerpon|9\n|\n|upkeep\n|\n|t:|1701101820\n|switch|p2a: Kingambit|Kingambit, F|100\/100\n|-activate|p2a: Kingambit|ability: Supreme Overlord\n|-start|p2a: Kingambit|fallen2|[silent]\n|turn|5\n|\n|t:|1701101828\n|move|p1a: Maushold|Population Bomb|p2a: Kingambit\n|-resisted|p2a: Kingambit\n|-damage|p2a: Kingambit|94\/100\n|-resisted|p2a: Kingambit\n|-damage|p2a: Kingambit|87\/100\n|-resisted|p2a: Kingambit\n|-damage|p2a: Kingambit|80\/100\n|-resisted|p2a: Kingambit\n|-damage|p2a: Kingambit|74\/100\n|-resisted|p2a: Kingambit\n|-damage|p2a: Kingambit|67\/100\n|-resisted|p2a: Kingambit\n|-damage|p2a: Kingambit|61\/100\n|-resisted|p2a: Kingambit\n|-damage|p2a: Kingambit|54\/100\n|-resisted|p2a: Kingambit\n|-damage|p2a: Kingambit|47\/100\n|-resisted|p2a: Kingambit\n|-crit|p2a: Kingambit\n|-damage|p2a: Kingambit|37\/100\n|-resisted|p2a: Kingambit\n|-damage|p2a: Kingambit|29\/100\n|-hitcount|p2a: Kingambit|10\n|move|p2a: Kingambit|Iron Head|p1a: Maushold\n|-damage|p1a: Maushold|24\/100\n|\n|-heal|p2a: Kingambit|35\/100|[from] item: Leftovers\n|upkeep\n|turn|6\n|\n|t:|1701101834\n|-end|p2a: Kingambit|fallen2|[silent]\n|switch|p2a: Dragapult|Dragapult, M|100\/100\n|move|p1a: Maushold|Population Bomb|p2a: Dragapult\n|-immune|p2a: Dragapult\n|\n|upkeep\n|turn|7\n|\n|t:|1701101836\n|switch|p2a: Kingambit|Kingambit, F|35\/100\n|-activate|p2a: Kingambit|ability: Supreme Overlord\n|-start|p2a: Kingambit|fallen2|[silent]\n|move|p1a: Maushold|Bite|p2a: Kingambit\n|-resisted|p2a: Kingambit\n|-damage|p2a: Kingambit|22\/100\n|\n|-heal|p2a: Kingambit|28\/100|[from] item: Leftovers\n|upkeep\n|turn|8\n|\n|t:|1701101845\n|-end|p2a: Kingambit|fallen2|[silent]\n|switch|p2a: Iron Moth|Iron Moth|100\/100\n|-enditem|p2a: Iron Moth|Booster Energy\n|-activate|p2a: Iron Moth|ability: Quark Drive|[fromitem]\n|-start|p2a: Iron Moth|quarkdrivespe\n|move|p1a: Maushold|Population Bomb|p2a: Iron Moth\n|-damage|p2a: Iron Moth|75\/100\n|-damage|p2a: Iron Moth|51\/100\n|-damage|p2a: Iron Moth|24\/100\n|-damage|p2a: Iron Moth|0 fnt\n|faint|p2a: Iron Moth\n|-end|p2a: Iron Moth|Quark Drive|[silent]\n|-hitcount|p2: Iron Moth|4\n|\n|-fieldend|move: Psychic Terrain\n|upkeep\n|\n|t:|1701101847\n|switch|p2a: Kingambit|Kingambit, F|28\/100\n|-activate|p2a: Kingambit|ability: Supreme Overlord\n|-start|p2a: Kingambit|fallen3|[silent]\n|turn|9\n|\n|t:|1701101851\n|move|p1a: Maushold|Tidy Up|p1a: Maushold\n|-boost|p1a: Maushold|atk|1\n|-boost|p1a: Maushold|spe|1\n|move|p2a: Kingambit|Night Slash|p1a: Maushold\n|-damage|p1a: Maushold|0 fnt\n|faint|p1a: Maushold\n|\n|-heal|p2a: Kingambit|34\/100|[from] item: Leftovers\n|upkeep\n|\n|t:|1701101853\n|switch|p1a: Indeedee|Indeedee, M, shiny|100\/100\n|-fieldstart|move: Psychic Terrain|[from] ability: Psychic Surge|[of] p1a: Indeedee\n|turn|10\n|\n|t:|1701101858\n|move|p1a: Indeedee|Dazzling Gleam|p2a: Kingambit\n|-damage|p2a: Kingambit|10\/100\n|move|p2a: Kingambit|Night Slash|p1a: Indeedee\n|-supereffective|p1a: Indeedee\n|-crit|p1a: Indeedee\n|-damage|p1a: Indeedee|0 fnt\n|faint|p1a: Indeedee\n|\n|-heal|p2a: Kingambit|16\/100|[from] item: Leftovers\n|upkeep\n|\n|t:|1701101862\n|switch|p1a: Armarouge|Armarouge, F, shiny|100\/100\n|turn|11\n|\n|t:|1701101870\n|-end|p2a: Kingambit|fallen3|[silent]\n|switch|p2a: Dragapult|Dragapult, M|100\/100\n|move|p1a: Armarouge|Armor Cannon|p2a: Dragapult\n|-resisted|p2a: Dragapult\n|-damage|p2a: Dragapult|55\/100\n|-unboost|p1a: Armarouge|def|1\n|-unboost|p1a: Armarouge|spd|1\n|\n|upkeep\n|turn|12\n|\n|t:|1701101875\n|move|p2a: Dragapult|U-turn|p1a: Armarouge\n|-damage|p1a: Armarouge|74\/100\n|-ability|p1a: Armarouge|Weak Armor|boost\n|-unboost|p1a: Armarouge|def|1\n|-boost|p1a: Armarouge|spe|2\n|\n|t:|1701101877\n|switch|p2a: Kingambit|Kingambit, F|16\/100|[from] U-turn\n|-activate|p2a: Kingambit|ability: Supreme Overlord\n|-start|p2a: Kingambit|fallen3|[silent]\n|move|p1a: Armarouge|Expanding Force|p2a: Kingambit\n|-immune|p2a: Kingambit\n|\n|-heal|p2a: Kingambit|22\/100|[from] item: Leftovers\n|upkeep\n|turn|13\n|-message|tekken_is_life forfeited.\n|\n|win|xxCOALLAxx\n|raw|xxCOALLAxx's rating: 1626 &rarr; <strong>1650<\/strong><br \/>(+24 for winning)\n|raw|tekken_is_life's rating: 1693 &rarr; <strong>1669<\/strong><br \/>(-24 for losing)\n|l|\u203dtekken_is_life\n|c|\u2606xxCOALLAxx|gg\n","uploadtime":1701101894,"views":8,"p1id":"xxcoallaxx","p2id":"tekkenislife","formatid":"gen9ou","rating":1650,"private":0,"password":""}