{"id":"gen9ou-1996979133","p1":"AwwNards","p2":"EQ&CRIT","format":"[Gen 9] OU","log":"|j|\u2606AwwNards\n|j|\u2606EQ&CRIT\n|t:|1700751988\n|gametype|singles\n|player|p1|AwwNards|2|1308\n|player|p2|EQ&CRIT|leon-tower|1200\n|teamsize|p1|6\n|teamsize|p2|6\n|gen|9\n|tier|[Gen 9] OU\n|rated|\n|rule|Sleep Clause Mod: Limit one foe put to sleep\n|rule|Species Clause: Limit one of each Pok\u00e9mon\n|rule|OHKO Clause: OHKO moves are banned\n|rule|Evasion Items Clause: Evasion items are banned\n|rule|Evasion Moves Clause: Evasion moves are banned\n|rule|Endless Battle Clause: Forcing endless battles is banned\n|rule|HP Percentage Mod: HP is shown in percentages\n|clearpoke\n|poke|p1|Cinderace, F|\n|poke|p1|Zapdos|\n|poke|p1|Kingambit, M|\n|poke|p1|Slowking-Galar, F|\n|poke|p1|Dragapult, M|\n|poke|p1|Great Tusk|\n|poke|p2|Ribombee, M|\n|poke|p2|Ogerpon, F|\n|poke|p2|Cinderace, F|\n|poke|p2|Empoleon, M|\n|poke|p2|Falinks|\n|poke|p2|Toxapex, M|\n|teampreview\n|inactive|Battle timer is ON: inactive players will automatically lose when time's up. (requested by EQ&CRIT)\n|\n|t:|1700751994\n|start\n|switch|p1a: Cinderace|Cinderace, F|100\/100\n|switch|p2a: Ribombee|Ribombee, M|100\/100\n|turn|1\n|\n|t:|1700751998\n|move|p2a: Ribombee|Sticky Web|p1a: Cinderace\n|-sidestart|p1: AwwNards|move: Sticky Web\n|move|p1a: Cinderace|U-turn|p2a: Ribombee\n|-start|p1a: Cinderace|typechange|Bug|[from] ability: Libero\n|-resisted|p2a: Ribombee\n|-damage|p2a: Ribombee|70\/100\n|\n|t:|1700752002\n|switch|p1a: Zapdos|Zapdos|100\/100|[from] U-turn\n|\n|upkeep\n|turn|2\n|\n|t:|1700752005\n|move|p2a: Ribombee|Moonblast|p1a: Zapdos\n|-damage|p1a: Zapdos|60\/100\n|move|p1a: Zapdos|Hurricane|p2a: Ribombee\n|-supereffective|p2a: Ribombee\n|-damage|p2a: Ribombee|0 fnt\n|faint|p2a: Ribombee\n|\n|upkeep\n|\n|t:|1700752011\n|switch|p2a: Cinderace|Cinderace, F|100\/100\n|turn|3\n|\n|t:|1700752016\n|move|p2a: Cinderace|Court Change|p2a: Cinderace\n|-start|p2a: Cinderace|typechange|Normal|[from] ability: Libero\n|-swapsideconditions\n|-activate|p2a: Cinderace|move: Court Change\n|move|p1a: Zapdos|Volt Switch|p2a: Cinderace\n|-damage|p2a: Cinderace|44\/100\n|c|\u2606AwwNards|My dude\n|\n|t:|1700752044\n|switch|p1a: Dragapult|Dragapult, M|100\/100|[from] Volt Switch\n|\n|upkeep\n|turn|4\n|\n|t:|1700752050\n|move|p1a: Dragapult|Draco Meteor|p2a: Cinderace\n|-damage|p2a: Cinderace|0 fnt\n|-unboost|p1a: Dragapult|spa|2\n|faint|p2a: Cinderace\n|\n|upkeep\n|\n|t:|1700752067\n|switch|p2a: Falinks|Falinks|100\/100\n|-activate|p2a: Falinks|move: Sticky Web\n|-unboost|p2a: Falinks|spe|1\n|-enditem|p2a: Falinks|White Herb\n|-clearnegativeboost|p2a: Falinks|[silent]\n|turn|5\n|\n|t:|1700752082\n|switch|p1a: Slowking|Slowking-Galar, F|100\/100\n|move|p2a: Falinks|No Retreat|p2a: Falinks\n|-boost|p2a: Falinks|atk|1\n|-boost|p2a: Falinks|def|1\n|-boost|p2a: Falinks|spa|1\n|-boost|p2a: Falinks|spd|1\n|-boost|p2a: Falinks|spe|1\n|-start|p2a: Falinks|move: No Retreat\n|\n|upkeep\n|turn|6\n|c|\u2606EQ&CRIT|huh\n|\n|t:|1700752087\n|move|p2a: Falinks|Megahorn|p1a: Slowking|[miss]\n|-miss|p2a: Falinks|p1a: Slowking\n|move|p1a: Slowking|Thunder Wave|p2a: Falinks\n|-status|p2a: Falinks|par\n|\n|upkeep\n|turn|7\n|\n|t:|1700752096\n|cant|p2a: Falinks|par\n|move|p1a: Slowking|Future Sight|p2a: Falinks\n|-start|p1a: Slowking|move: Future Sight\n|\n|upkeep\n|turn|8\n|\n|t:|1700752100\n|move|p2a: Falinks|No Retreat||[still]\n|-fail|p2a: Falinks\n|move|p1a: Slowking|Chilly Reception|p1a: Slowking\n|-weather|Snow\n|\n|t:|1700752110\n|switch|p1a: Zapdos|Zapdos|60\/100|[from] Chilly Reception\n|\n|-weather|Snow|[upkeep]\n|upkeep\n|turn|9\n|\n|t:|1700752113\n|move|p1a: Zapdos|Roost|p1a: Zapdos\n|-heal|p1a: Zapdos|100\/100\n|-singleturn|p1a: Zapdos|move: Roost\n|move|p2a: Falinks|Close Combat|p1a: Zapdos\n|-damage|p1a: Zapdos|14\/100\n|-unboost|p2a: Falinks|def|1\n|-unboost|p2a: Falinks|spd|1\n|\n|-weather|Snow|[upkeep]\n|-end|p2a: Falinks|move: Future Sight\n|-supereffective|p2a: Falinks\n|-damage|p2a: Falinks|0 fnt\n|faint|p2a: Falinks\n|upkeep\n|\n|t:|1700752119\n|switch|p2a: Ogerpon|Ogerpon, F|100\/100\n|-activate|p2a: Ogerpon|move: Sticky Web\n|-unboost|p2a: Ogerpon|spe|1\n|-enditem|p2a: Ogerpon|White Herb\n|-clearnegativeboost|p2a: Ogerpon|[silent]\n|turn|10\n|\n|t:|1700752135\n|move|p2a: Ogerpon|Ivy Cudgel|p1a: Zapdos\n|-resisted|p1a: Zapdos\n|-damage|p1a: Zapdos|0 fnt\n|faint|p1a: Zapdos\n|\n|-weather|Snow|[upkeep]\n|upkeep\n|\n|t:|1700752150\n|switch|p1a: Cinderace|Cinderace, F|100\/100\n|turn|11\n|\n|t:|1700752166\n|switch|p2a: Toxapex|Toxapex, M|100\/100\n|-activate|p2a: Toxapex|move: Sticky Web\n|-unboost|p2a: Toxapex|spe|1\n|move|p1a: Cinderace|Pyro Ball|p2a: Toxapex\n|-resisted|p2a: Toxapex\n|-damage|p2a: Toxapex|85\/100\n|\n|-weather|Snow|[upkeep]\n|-heal|p2a: Toxapex|91\/100|[from] item: Leftovers\n|upkeep\n|turn|12\n|\n|t:|1700752177\n|move|p1a: Cinderace|U-turn|p2a: Toxapex\n|-start|p1a: Cinderace|typechange|Bug|[from] ability: Libero\n|-resisted|p2a: Toxapex\n|-damage|p2a: Toxapex|81\/100\n|\n|t:|1700752181\n|switch|p1a: Slowking|Slowking-Galar, F|100\/100|[from] U-turn\n|move|p2a: Toxapex|Toxic|p1a: Slowking\n|-immune|p1a: Slowking\n|\n|-weather|none\n|-heal|p2a: Toxapex|87\/100|[from] item: Leftovers\n|upkeep\n|turn|13\n|\n|t:|1700752184\n|switch|p2a: Empoleon|Empoleon, M|100\/100\n|-activate|p2a: Empoleon|move: Sticky Web\n|-unboost|p2a: Empoleon|spe|1\n|move|p1a: Slowking|Thunder Wave|p2a: Empoleon\n|-status|p2a: Empoleon|par\n|\n|upkeep\n|turn|14\n|\n|t:|1700752187\n|move|p1a: Slowking|Chilly Reception|p1a: Slowking\n|-weather|Snow\n|inactive|AwwNards has 120 seconds left.\n|\n|t:|1700752227\n|switch|p1a: Kingambit|Kingambit, M|100\/100|[from] Chilly Reception\n|-activate|p1a: Kingambit|ability: Supreme Overlord\n|-start|p1a: Kingambit|fallen1|[silent]\n|move|p2a: Empoleon|Surf|p1a: Kingambit\n|-damage|p1a: Kingambit|56\/100\n|\n|-weather|Snow|[upkeep]\n|upkeep\n|turn|15\n|\n|t:|1700752241\n|move|p1a: Kingambit|Low Kick|p2a: Empoleon\n|-supereffective|p2a: Empoleon\n|-damage|p2a: Empoleon|24\/100 par\n|move|p2a: Empoleon|Surf|p1a: Kingambit\n|-crit|p1a: Kingambit\n|-damage|p1a: Kingambit|0 fnt\n|faint|p1a: Kingambit\n|-end|p1a: Kingambit|fallen1|[silent]\n|\n|-weather|Snow|[upkeep]\n|-heal|p2a: Empoleon|30\/100 par|[from] item: Leftovers\n|upkeep\n|\n|t:|1700752249\n|switch|p1a: Dragapult|Dragapult, M|100\/100\n|turn|16\n|\n|t:|1700752253\n|move|p1a: Dragapult|Shadow Ball|p2a: Empoleon\n|-damage|p2a: Empoleon|0 fnt\n|faint|p2a: Empoleon\n|\n|-weather|Snow|[upkeep]\n|upkeep\n|\n|t:|1700752256\n|switch|p2a: Ogerpon|Ogerpon, F|100\/100\n|-activate|p2a: Ogerpon|move: Sticky Web\n|-unboost|p2a: Ogerpon|spe|1\n|turn|17\n|\n|t:|1700752264\n|-terastallize|p2a: Ogerpon|Grass\n|detailschange|p2a: Ogerpon|Ogerpon-Teal-Tera, F, tera:Grass\n|-ability|p2a: Ogerpon|Embody Aspect (Teal)|boost\n|-boost|p2a: Ogerpon|spe|1\n|move|p1a: Dragapult|Shadow Ball|p2a: Ogerpon\n|-damage|p2a: Ogerpon|43\/100\n|move|p2a: Ogerpon|Knock Off|p1a: Dragapult\n|-supereffective|p1a: Dragapult\n|-damage|p1a: Dragapult|18\/100\n|-enditem|p1a: Dragapult|Choice Specs|[from] move: Knock Off|[of] p2a: Ogerpon\n|\n|-weather|Snow|[upkeep]\n|upkeep\n|turn|18\n|-message|EQ&CRIT forfeited.\n|\n|win|AwwNards\n|raw|AwwNards's rating: 1308 &rarr; <strong>1322<\/strong><br \/>(+14 for winning)\n|raw|EQ&amp;CRIT's rating: 1200 &rarr; <strong>1183<\/strong><br \/>(-17 for losing)\n|l|\u2606EQ&CRIT\n","uploadtime":1700752275,"views":10,"p1id":"awwnards","p2id":"eqcrit","formatid":"gen9ou","rating":1183,"private":0,"password":""}