{"id":"gen9ou-1993152627","p1":"Blurred Ace","p2":"Duckycrater","format":"[Gen 9] OU","log":"|j|\u2606Blurred Ace\n|j|\u2606Duckycrater\n|t:|1700271133\n|gametype|singles\n|player|p1|Blurred Ace|gambler|1636\n|player|p2|Duckycrater|266|1717\n|teamsize|p1|6\n|teamsize|p2|6\n|gen|9\n|tier|[Gen 9] OU\n|rated|\n|rule|Sleep Clause Mod: Limit one foe put to sleep\n|rule|Species Clause: Limit one of each Pok\u00e9mon\n|rule|OHKO Clause: OHKO moves are banned\n|rule|Evasion Items Clause: Evasion items are banned\n|rule|Evasion Moves Clause: Evasion moves are banned\n|rule|Endless Battle Clause: Forcing endless battles is banned\n|rule|HP Percentage Mod: HP is shown in percentages\n|clearpoke\n|poke|p1|Dragapult, M|\n|poke|p1|Scizor, M|\n|poke|p1|Samurott-Hisui, M|\n|poke|p1|Garchomp, M|\n|poke|p1|Great Tusk|\n|poke|p1|Slowking, M|\n|poke|p2|Clefable, F|\n|poke|p2|Alomomola, F|\n|poke|p2|Blissey, F|\n|poke|p2|Clodsire, M|\n|poke|p2|Dondozo, M|\n|poke|p2|Amoonguss, M|\n|teampreview\n|inactive|Battle timer is ON: inactive players will automatically lose when time's up. (requested by Duckycrater)\n|\n|t:|1700271139\n|start\n|switch|p1a: Samurott|Samurott-Hisui, M|100\/100\n|switch|p2a: Clefable|Clefable, F|100\/100\n|turn|1\n|\n|t:|1700271142\n|switch|p1a: Slowking|Slowking, M|100\/100\n|move|p2a: Clefable|Moonblast|p1a: Slowking\n|-damage|p1a: Slowking|83\/100\n|\n|-heal|p1a: Slowking|89\/100|[from] item: Leftovers\n|upkeep\n|turn|2\n|\n|t:|1700271145\n|move|p2a: Clefable|Knock Off|p1a: Slowking\n|-supereffective|p1a: Slowking\n|-damage|p1a: Slowking|56\/100\n|-enditem|p1a: Slowking|Leftovers|[from] move: Knock Off|[of] p2a: Clefable\n|move|p1a: Slowking|Future Sight|p2a: Clefable\n|-start|p1a: Slowking|move: Future Sight\n|\n|upkeep\n|turn|3\n|\n|t:|1700271150\n|switch|p2a: Blissey|Blissey, F|100\/100\n|move|p1a: Slowking|Chilly Reception|p1a: Slowking\n|-weather|Snow\n|\n|t:|1700271156\n|switch|p1a: Scizor|Scizor, M|100\/100|[from] Chilly Reception\n|\n|-weather|Snow|[upkeep]\n|upkeep\n|turn|4\n|\n|t:|1700271159\n|move|p2a: Blissey|Protect|p2a: Blissey\n|-singleturn|p2a: Blissey|Protect\n|move|p1a: Scizor|Knock Off|p2a: Blissey\n|-activate|p2a: Blissey|move: Protect\n|\n|-weather|Snow|[upkeep]\n|-end|p2a: Blissey|move: Future Sight\n|-damage|p2a: Blissey|88\/100\n|upkeep\n|turn|5\n|\n|t:|1700271163\n|switch|p2a: Alomomola|Alomomola, F|100\/100\n|move|p1a: Scizor|Knock Off|p2a: Alomomola\n|-damage|p2a: Alomomola|73\/100\n|-enditem|p2a: Alomomola|Heavy-Duty Boots|[from] move: Knock Off|[of] p1a: Scizor\n|\n|-weather|Snow|[upkeep]\n|upkeep\n|turn|6\n|\n|t:|1700271168\n|switch|p1a: Slowking|Slowking, M|89\/100\n|move|p2a: Alomomola|Scald|p1a: Slowking\n|-resisted|p1a: Slowking\n|-damage|p1a: Slowking|84\/100\n|-status|p1a: Slowking|brn\n|\n|-weather|Snow|[upkeep]\n|-damage|p1a: Slowking|78\/100 brn|[from] brn\n|upkeep\n|turn|7\n|\n|t:|1700271172\n|move|p2a: Alomomola|Flip Turn|p1a: Slowking\n|-resisted|p1a: Slowking\n|-damage|p1a: Slowking|70\/100 brn\n|\n|t:|1700271174\n|switch|p2a: Blissey|Blissey, F|88\/100|[from] Flip Turn\n|move|p1a: Slowking|Chilly Reception|p1a: Slowking\n|\n|t:|1700271184\n|switch|p1a: Scizor|Scizor, M|100\/100|[from] Chilly Reception\n|\n|-weather|none\n|upkeep\n|turn|8\n|\n|t:|1700271190\n|switch|p2a: Alomomola|Alomomola, F|100\/100\n|move|p1a: Scizor|U-turn|p2a: Alomomola\n|-crit|p2a: Alomomola\n|-damage|p2a: Alomomola|56\/100\n|\n|t:|1700271198\n|switch|p1a: Dragapult|Dragapult, M|100\/100|[from] U-turn\n|\n|upkeep\n|turn|9\n|inactive|Duckycrater has 120 seconds left.\n|\n|t:|1700271234\n|move|p2a: Alomomola|Protect|p2a: Alomomola\n|-singleturn|p2a: Alomomola|Protect\n|move|p1a: Dragapult|Draco Meteor|p2a: Alomomola\n|-activate|p2a: Alomomola|move: Protect\n|\n|upkeep\n|turn|10\n|\n|t:|1700271240\n|switch|p2a: Blissey|Blissey, F|88\/100\n|move|p1a: Dragapult|U-turn|p2a: Blissey\n|-damage|p2a: Blissey|50\/100\n|\n|t:|1700271247\n|switch|p1a: Scizor|Scizor, M|100\/100|[from] U-turn\n|\n|upkeep\n|turn|11\n|\n|t:|1700271253\n|switch|p2a: Alomomola|Alomomola, F|89\/100\n|move|p1a: Scizor|U-turn|p2a: Alomomola\n|-damage|p2a: Alomomola|60\/100\n|\n|t:|1700271257\n|switch|p1a: Samurott|Samurott-Hisui, M|100\/100|[from] U-turn\n|\n|upkeep\n|turn|12\n|\n|t:|1700271261\n|move|p1a: Samurott|Ceaseless Edge|p2a: Alomomola\n|-damage|p2a: Alomomola|37\/100\n|-sidestart|p2: Duckycrater|Spikes\n|move|p2a: Alomomola|Scald|p1a: Samurott\n|-resisted|p1a: Samurott\n|-damage|p1a: Samurott|91\/100\n|-status|p1a: Samurott|brn\n|\n|-damage|p1a: Samurott|84\/100 brn|[from] brn\n|upkeep\n|turn|13\n|\n|t:|1700271266\n|move|p1a: Samurott|Ceaseless Edge|p2a: Alomomola\n|-damage|p2a: Alomomola|26\/100\n|-sidestart|p2: Duckycrater|Spikes\n|move|p2a: Alomomola|Wish|p2a: Alomomola\n|\n|-damage|p1a: Samurott|78\/100 brn|[from] brn\n|upkeep\n|turn|14\n|\n|t:|1700271271\n|move|p2a: Alomomola|Protect|p2a: Alomomola\n|-singleturn|p2a: Alomomola|Protect\n|move|p1a: Samurott|Ceaseless Edge|p2a: Alomomola\n|-activate|p2a: Alomomola|move: Protect\n|\n|-heal|p2a: Alomomola|76\/100|[from] move: Wish|[wisher] Alomomola\n|-damage|p1a: Samurott|72\/100 brn|[from] brn\n|upkeep\n|turn|15\n|\n|t:|1700271274\n|move|p1a: Samurott|Ceaseless Edge|p2a: Alomomola\n|-crit|p2a: Alomomola\n|-damage|p2a: Alomomola|57\/100\n|-sidestart|p2: Duckycrater|Spikes\n|move|p2a: Alomomola|Wish|p2a: Alomomola\n|\n|-damage|p1a: Samurott|66\/100 brn|[from] brn\n|upkeep\n|turn|16\n|\n|t:|1700271281\n|switch|p1a: Garchomp|Garchomp, M|100\/100\n|move|p2a: Alomomola|Flip Turn|p1a: Garchomp\n|-damage|p1a: Garchomp|85\/100\n|-damage|p2a: Alomomola|45\/100|[from] ability: Rough Skin|[of] p1a: Garchomp\n|-damage|p2a: Alomomola|28\/100|[from] item: Rocky Helmet|[of] p1a: Garchomp\n|\n|t:|1700271286\n|switch|p2a: Blissey|Blissey, F|50\/100|[from] Flip Turn\n|\n|-heal|p2a: Blissey|87\/100|[from] move: Wish|[wisher] Alomomola\n|upkeep\n|turn|17\n|\n|t:|1700271291\n|switch|p2a: Clefable|Clefable, F|100\/100\n|move|p1a: Garchomp|Stealth Rock|p2a: Clefable\n|-sidestart|p2: Duckycrater|move: Stealth Rock\n|\n|upkeep\n|turn|18\n|\n|t:|1700271301\n|switch|p1a: Slowking|Slowking, M|100\/100 brn\n|move|p2a: Clefable|Knock Off|p1a: Slowking\n|-supereffective|p1a: Slowking\n|-damage|p1a: Slowking|80\/100 brn\n|\n|-damage|p1a: Slowking|74\/100 brn|[from] brn\n|upkeep\n|turn|19\n|\n|t:|1700271306\n|move|p2a: Clefable|Wish|p2a: Clefable\n|move|p1a: Slowking|Future Sight|p2a: Clefable\n|-start|p1a: Slowking|move: Future Sight\n|\n|-damage|p1a: Slowking|68\/100 brn|[from] brn\n|upkeep\n|turn|20\n|\n|t:|1700271311\n|switch|p2a: Alomomola|Alomomola, F|62\/100\n|-damage|p2a: Alomomola|37\/100|[from] Spikes\n|-damage|p2a: Alomomola|24\/100|[from] Stealth Rock\n|move|p1a: Slowking|Scald|p2a: Alomomola\n|-resisted|p2a: Alomomola\n|-damage|p2a: Alomomola|8\/100\n|\n|-heal|p2a: Alomomola|45\/100|[from] move: Wish|[wisher] Clefable\n|-damage|p1a: Slowking|61\/100 brn|[from] brn\n|upkeep\n|turn|21\n|\n|t:|1700271316\n|switch|p2a: Blissey|Blissey, F|87\/100\n|move|p1a: Slowking|Chilly Reception|p1a: Slowking\n|-weather|Snow\n|\n|t:|1700271330\n|switch|p1a: Scizor|Scizor, M|100\/100|[from] Chilly Reception\n|\n|-weather|Snow|[upkeep]\n|-end|p2a: Blissey|move: Future Sight\n|-damage|p2a: Blissey|76\/100\n|upkeep\n|turn|22\n|\n|t:|1700271336\n|move|p2a: Blissey|Protect|p2a: Blissey\n|-singleturn|p2a: Blissey|Protect\n|move|p1a: Scizor|U-turn|p2a: Blissey\n|-activate|p2a: Blissey|move: Protect\n|\n|-weather|Snow|[upkeep]\n|upkeep\n|turn|23\n|\n|t:|1700271340\n|switch|p2a: Amoonguss|Amoonguss, M|100\/100\n|move|p1a: Scizor|U-turn|p2a: Amoonguss\n|-damage|p2a: Amoonguss|57\/100\n|\n|t:|1700271351\n|switch|p1a: Slowking|Slowking, M|95\/100 brn|[from] U-turn\n|\n|-weather|Snow|[upkeep]\n|-damage|p1a: Slowking|89\/100 brn|[from] brn\n|upkeep\n|turn|24\n|\n|t:|1700271357\n|move|p1a: Slowking|Blizzard|p2a: Amoonguss\n|-supereffective|p2a: Amoonguss\n|-damage|p2a: Amoonguss|10\/100\n|move|p2a: Amoonguss|Giga Drain|p1a: Slowking\n|-supereffective|p1a: Slowking\n|-damage|p1a: Slowking|61\/100 brn\n|-heal|p2a: Amoonguss|23\/100|[from] drain|[of] p1a: Slowking\n|\n|-weather|Snow|[upkeep]\n|-damage|p1a: Slowking|55\/100 brn|[from] brn\n|upkeep\n|turn|25\n|\n|t:|1700271363\n|switch|p2a: Blissey|Blissey, F|76\/100\n|move|p1a: Slowking|Chilly Reception|p1a: Slowking\n|\n|t:|1700271366\n|switch|p1a: Scizor|Scizor, M|100\/100|[from] Chilly Reception\n|\n|-weather|none\n|upkeep\n|turn|26\n|\n|t:|1700271372\n|move|p2a: Blissey|Protect|p2a: Blissey\n|-singleturn|p2a: Blissey|Protect\n|move|p1a: Scizor|U-turn|p2a: Blissey\n|-activate|p2a: Blissey|move: Protect\n|\n|upkeep\n|turn|27\n|\n|t:|1700271376\n|switch|p2a: Clefable|Clefable, F|100\/100\n|move|p1a: Scizor|U-turn|p2a: Clefable\n|-resisted|p2a: Clefable\n|-damage|p2a: Clefable|77\/100\n|\n|t:|1700271389\n|switch|p1a: Slowking|Slowking, M|88\/100 brn|[from] U-turn\n|\n|-heal|p2a: Clefable|83\/100|[from] item: Leftovers\n|-damage|p1a: Slowking|82\/100 brn|[from] brn\n|upkeep\n|turn|28\n|\n|t:|1700271397\n|move|p2a: Clefable|Moonblast|p1a: Slowking\n|-damage|p1a: Slowking|62\/100 brn\n|move|p1a: Slowking|Future Sight|p2a: Clefable\n|-start|p1a: Slowking|move: Future Sight\n|\n|-heal|p2a: Clefable|89\/100|[from] item: Leftovers\n|-damage|p1a: Slowking|56\/100 brn|[from] brn\n|upkeep\n|turn|29\n|\n|t:|1700271400\n|move|p2a: Clefable|Moonblast|p1a: Slowking\n|-damage|p1a: Slowking|37\/100 brn\n|move|p1a: Slowking|Chilly Reception|p1a: Slowking\n|-weather|Snow\n|\n|t:|1700271405\n|switch|p1a: Scizor|Scizor, M|100\/100|[from] Chilly Reception\n|\n|-weather|Snow|[upkeep]\n|-heal|p2a: Clefable|95\/100|[from] item: Leftovers\n|upkeep\n|turn|30\n|\n|t:|1700271408\n|move|p2a: Clefable|Protect|p2a: Clefable\n|-singleturn|p2a: Clefable|Protect\n|move|p1a: Scizor|Bullet Punch|p2a: Clefable\n|-activate|p2a: Clefable|move: Protect\n|\n|-weather|Snow|[upkeep]\n|-end|p2a: Clefable|move: Future Sight\n|-damage|p2a: Clefable|54\/100\n|-heal|p2a: Clefable|60\/100|[from] item: Leftovers\n|upkeep\n|turn|31\n|\n|t:|1700271416\n|switch|p1a: Garchomp|Garchomp, M|85\/100\n|switch|p2a: Dondozo|Dondozo, M|100\/100\n|\n|-weather|Snow|[upkeep]\n|upkeep\n|turn|32\n|\n|t:|1700271424\n|move|p1a: Garchomp|Earthquake|p2a: Dondozo\n|-damage|p2a: Dondozo|76\/100\n|move|p2a: Dondozo|Waterfall|p1a: Garchomp\n|-damage|p1a: Garchomp|56\/100\n|-damage|p2a: Dondozo|64\/100|[from] ability: Rough Skin|[of] p1a: Garchomp\n|-damage|p2a: Dondozo|48\/100|[from] item: Rocky Helmet|[of] p1a: Garchomp\n|\n|-weather|Snow|[upkeep]\n|upkeep\n|turn|33\n|\n|t:|1700271434\n|move|p2a: Dondozo|Rest|p2a: Dondozo\n|-status|p2a: Dondozo|slp|[from] move: Rest\n|-heal|p2a: Dondozo|100\/100 slp|[silent]\n|move|p1a: Garchomp|Dragon Tail|p2a: Dondozo\n|-damage|p2a: Dondozo|87\/100 slp\n|drag|p2a: Clefable|Clefable, F|60\/100\n|\n|-weather|none\n|-heal|p2a: Clefable|66\/100|[from] item: Leftovers\n|upkeep\n|turn|34\n|\n|t:|1700271438\n|switch|p1a: Slowking|Slowking, M|70\/100 brn\n|move|p2a: Clefable|Moonblast|p1a: Slowking\n|-damage|p1a: Slowking|52\/100 brn\n|\n|-heal|p2a: Clefable|72\/100|[from] item: Leftovers\n|-damage|p1a: Slowking|45\/100 brn|[from] brn\n|upkeep\n|turn|35\n|\n|t:|1700271447\n|move|p2a: Clefable|Knock Off|p1a: Slowking\n|-supereffective|p1a: Slowking\n|-damage|p1a: Slowking|24\/100 brn\n|move|p1a: Slowking|Chilly Reception|p1a: Slowking\n|-weather|Snow\n|\n|t:|1700271453\n|switch|p1a: Scizor|Scizor, M|100\/100|[from] Chilly Reception\n|\n|-weather|Snow|[upkeep]\n|-heal|p2a: Clefable|78\/100|[from] item: Leftovers\n|upkeep\n|turn|36\n|\n|t:|1700271457\n|move|p2a: Clefable|Protect|p2a: Clefable\n|-singleturn|p2a: Clefable|Protect\n|move|p1a: Scizor|Knock Off|p2a: Clefable\n|-activate|p2a: Clefable|move: Protect\n|\n|-weather|Snow|[upkeep]\n|-heal|p2a: Clefable|84\/100|[from] item: Leftovers\n|upkeep\n|turn|37\n|\n|t:|1700271464\n|move|p1a: Scizor|Knock Off|p2a: Clefable\n|-resisted|p2a: Clefable\n|-damage|p2a: Clefable|64\/100\n|-enditem|p2a: Clefable|Leftovers|[from] move: Knock Off|[of] p1a: Scizor\n|move|p2a: Clefable|Knock Off|p1a: Scizor\n|-damage|p1a: Scizor|86\/100\n|-enditem|p1a: Scizor|Choice Band|[from] move: Knock Off|[of] p2a: Clefable\n|\n|-weather|Snow|[upkeep]\n|upkeep\n|turn|38\n|\n|t:|1700271469\n|move|p2a: Clefable|Protect|p2a: Clefable\n|-singleturn|p2a: Clefable|Protect\n|move|p1a: Scizor|Bullet Punch|p2a: Clefable\n|-activate|p2a: Clefable|move: Protect\n|\n|-weather|Snow|[upkeep]\n|upkeep\n|turn|39\n|-message|Duckycrater forfeited.\n|\n|win|Blurred Ace\n|raw|Blurred Ace's rating: 1636 &rarr; <strong>1661<\/strong><br \/>(+25 for winning)\n|raw|Duckycrater's rating: 1717 &rarr; <strong>1692<\/strong><br \/>(-25 for losing)\n|l|\u2606Duckycrater\n","uploadtime":1700271480,"views":19,"p1id":"blurredace","p2id":"duckycrater","formatid":"gen9ou","rating":1661,"private":0,"password":""}