{"id":"gen9ou-1993037093","p1":"Juanp0093","p2":"Creeeper39","format":"[Gen 9] OU","log":"|j|\u2606Juanp0093\n|j|\u2606Creeeper39\n|t:|1700257863\n|gametype|singles\n|player|p1|Juanp0093|blue|1245\n|player|p2|Creeeper39|2|1156\n|teamsize|p1|6\n|teamsize|p2|6\n|gen|9\n|tier|[Gen 9] OU\n|rated|\n|rule|Sleep Clause Mod: Limit one foe put to sleep\n|rule|Species Clause: Limit one of each Pok\u00e9mon\n|rule|OHKO Clause: OHKO moves are banned\n|rule|Evasion Items Clause: Evasion items are banned\n|rule|Evasion Moves Clause: Evasion moves are banned\n|rule|Endless Battle Clause: Forcing endless battles is banned\n|rule|HP Percentage Mod: HP is shown in percentages\n|clearpoke\n|poke|p1|Samurott-Hisui, F|\n|poke|p1|Ceruledge, F|\n|poke|p1|Thundurus-Therian, M|\n|poke|p1|Amoonguss, M|\n|poke|p1|Great Tusk|\n|poke|p1|Gholdengo|\n|poke|p2|Iron Valiant|\n|poke|p2|Great Tusk|\n|poke|p2|Samurott-Hisui, M|\n|poke|p2|Gholdengo|\n|poke|p2|Dragonite, M|\n|poke|p2|Dragapult, M|\n|teampreview\n|inactive|Battle timer is ON: inactive players will automatically lose when time's up. (requested by Creeeper39)\n|inactive|Juanp0093 also wants the timer to be on.\n|\n|t:|1700257870\n|start\n|switch|p1a: Samurott|Samurott-Hisui, F, shiny|100\/100\n|switch|p2a: Samurott|Samurott-Hisui, M|100\/100\n|turn|1\n|\n|t:|1700257876\n|move|p1a: Samurott|Sacred Sword|p2a: Samurott\n|-supereffective|p2a: Samurott\n|-damage|p2a: Samurott|0 fnt\n|faint|p2a: Samurott\n|\n|upkeep\n|\n|t:|1700257881\n|switch|p2a: Dragonite|Dragonite, M|100\/100\n|turn|2\n|\n|t:|1700257890\n|switch|p1a: Amoonguss|Amoonguss, M, shiny|100\/100\n|move|p2a: Dragonite|Dragon Dance|p2a: Dragonite\n|-boost|p2a: Dragonite|atk|1\n|-boost|p2a: Dragonite|spe|1\n|\n|upkeep\n|turn|3\n|\n|t:|1700257899\n|move|p2a: Dragonite|Earthquake|p1a: Amoonguss\n|-damage|p1a: Amoonguss|45\/100\n|-enditem|p1a: Amoonguss|Red Card|[of] p2a: Dragonite\n|drag|p2a: Dragapult|Dragapult, M|100\/100\n|move|p1a: Amoonguss|Spore|p2a: Dragapult\n|-status|p2a: Dragapult|slp|[from] move: Spore\n|\n|upkeep\n|turn|4\n|\n|t:|1700257909\n|switch|p2a: Dragonite|Dragonite, M|100\/100\n|switch|p1a: Samurott|Samurott-Hisui, F, shiny|100\/100\n|\n|upkeep\n|turn|5\n|\n|t:|1700257913\n|move|p1a: Samurott|Flip Turn|p2a: Dragonite\n|-resisted|p2a: Dragonite\n|-damage|p2a: Dragonite|93\/100\n|\n|t:|1700257915\n|switch|p1a: Thundurus|Thundurus-Therian, M|100\/100|[from] Flip Turn\n|move|p2a: Dragonite|Dragon Dance|p2a: Dragonite\n|-boost|p2a: Dragonite|atk|1\n|-boost|p2a: Dragonite|spe|1\n|\n|upkeep\n|turn|6\n|\n|t:|1700257922\n|-terastallize|p1a: Thundurus|Ice\n|move|p2a: Dragonite|Dragon Dance|p2a: Dragonite\n|-boost|p2a: Dragonite|atk|1\n|-boost|p2a: Dragonite|spe|1\n|move|p1a: Thundurus|Tera Blast|p2a: Dragonite|[anim] Tera Blast Ice\n|-supereffective|p2a: Dragonite\n|-damage|p2a: Dragonite|0 fnt\n|faint|p2a: Dragonite\n|\n|upkeep\n|\n|t:|1700257925\n|switch|p2a: Iron Valiant|Iron Valiant|100\/100\n|-enditem|p2a: Iron Valiant|Booster Energy\n|-activate|p2a: Iron Valiant|ability: Quark Drive|[fromitem]\n|-start|p2a: Iron Valiant|quarkdrivespe\n|turn|7\n|\n|t:|1700257934\n|switch|p1a: Ceruledge|Ceruledge, F|100\/100\n|move|p2a: Iron Valiant|Calm Mind|p2a: Iron Valiant\n|-boost|p2a: Iron Valiant|spa|1\n|-boost|p2a: Iron Valiant|spd|1\n|\n|upkeep\n|turn|8\n|\n|t:|1700257941\n|move|p2a: Iron Valiant|Moonblast|p1a: Ceruledge\n|-resisted|p1a: Ceruledge\n|-damage|p1a: Ceruledge|58\/100\n|move|p1a: Ceruledge|Bitter Blade|p2a: Iron Valiant\n|-damage|p2a: Iron Valiant|39\/100\n|-heal|p1a: Ceruledge|88\/100|[from] drain|[of] p2a: Iron Valiant\n|\n|upkeep\n|turn|9\n|\n|t:|1700257951\n|-end|p2a: Iron Valiant|Quark Drive|[silent]\n|switch|p2a: Great Tusk|Great Tusk|100\/100\n|move|p1a: Ceruledge|Bitter Blade|p2a: Great Tusk\n|-damage|p2a: Great Tusk|75\/100\n|-heal|p1a: Ceruledge|100\/100|[from] drain|[of] p2a: Great Tusk\n|\n|-heal|p2a: Great Tusk|81\/100|[from] item: Leftovers\n|upkeep\n|turn|10\n|\n|t:|1700257960\n|switch|p1a: Thundurus|Thundurus-Therian, M, tera:Ice|100\/100\n|move|p2a: Great Tusk|Knock Off|p1a: Thundurus\n|-damage|p1a: Thundurus|60\/100\n|-enditem|p1a: Thundurus|Heavy-Duty Boots|[from] move: Knock Off|[of] p2a: Great Tusk\n|\n|-heal|p2a: Great Tusk|87\/100|[from] item: Leftovers\n|upkeep\n|turn|11\n|\n|t:|1700257967\n|-end|p2a: Great Tusk|Protosynthesis|[silent]\n|switch|p2a: Iron Valiant|Iron Valiant|39\/100\n|move|p1a: Thundurus|Tera Blast|p2a: Iron Valiant|[anim] Tera Blast Ice\n|-damage|p2a: Iron Valiant|0 fnt\n|faint|p2a: Iron Valiant\n|-end|p2a: Iron Valiant|Quark Drive|[silent]\n|\n|upkeep\n|\n|t:|1700257970\n|switch|p2a: Gholdengo|Gholdengo|100\/100\n|turn|12\n|\n|t:|1700257973\n|switch|p1a: Amoonguss|Amoonguss, M, shiny|79\/100\n|move|p2a: Gholdengo|Make It Rain|p1a: Amoonguss\n|-crit|p1a: Amoonguss\n|-damage|p1a: Amoonguss|17\/100\n|-unboost|p2a: Gholdengo|spa|1\n|\n|upkeep\n|turn|13\n|\n|t:|1700257983\n|move|p2a: Gholdengo|Make It Rain|p1a: Amoonguss\n|-damage|p1a: Amoonguss|0 fnt\n|-unboost|p2a: Gholdengo|spa|1\n|faint|p1a: Amoonguss\n|\n|upkeep\n|\n|t:|1700257985\n|switch|p1a: Samurott|Samurott-Hisui, F, shiny|100\/100\n|turn|14\n|\n|t:|1700257991\n|switch|p2a: Great Tusk|Great Tusk|87\/100\n|move|p1a: Samurott|Aqua Cutter|p2a: Great Tusk\n|-supereffective|p2a: Great Tusk\n|-damage|p2a: Great Tusk|44\/100\n|\n|-heal|p2a: Great Tusk|51\/100|[from] item: Leftovers\n|upkeep\n|turn|15\n|\n|t:|1700257999\n|move|p1a: Samurott|Aqua Cutter|p2a: Great Tusk\n|-supereffective|p2a: Great Tusk\n|-damage|p2a: Great Tusk|3\/100\n|move|p2a: Great Tusk|Headlong Rush|p1a: Samurott\n|-damage|p1a: Samurott|29\/100\n|-unboost|p2a: Great Tusk|def|1\n|-unboost|p2a: Great Tusk|spd|1\n|\n|-heal|p2a: Great Tusk|9\/100|[from] item: Leftovers\n|upkeep\n|turn|16\n|\n|t:|1700258005\n|move|p1a: Samurott|Aqua Cutter|p2a: Great Tusk\n|-supereffective|p2a: Great Tusk\n|-damage|p2a: Great Tusk|0 fnt\n|faint|p2a: Great Tusk\n|-end|p2a: Great Tusk|Protosynthesis|[silent]\n|\n|upkeep\n|\n|t:|1700258007\n|switch|p2a: Dragapult|Dragapult, M|100\/100 slp\n|turn|17\n|\n|t:|1700258011\n|switch|p1a: Thundurus|Thundurus-Therian, M, tera:Ice|60\/100\n|cant|p2a: Dragapult|slp\n|\n|upkeep\n|turn|18\n|\n|t:|1700258017\n|switch|p2a: Gholdengo|Gholdengo|100\/100\n|move|p1a: Thundurus|Tera Blast|p2a: Gholdengo|[anim] Tera Blast Ice\n|-resisted|p2a: Gholdengo\n|-damage|p2a: Gholdengo|84\/100\n|\n|upkeep\n|turn|19\n|\n|t:|1700258025\n|move|p1a: Thundurus|Knock Off|p2a: Gholdengo\n|-supereffective|p2a: Gholdengo\n|-damage|p2a: Gholdengo|48\/100\n|-enditem|p2a: Gholdengo|Choice Scarf|[from] move: Knock Off|[of] p1a: Thundurus\n|move|p2a: Gholdengo|Trick||[still]\n|-fail|p2a: Gholdengo\n|\n|upkeep\n|turn|20\n|\n|t:|1700258035\n|move|p1a: Thundurus|Volt Switch|p2a: Gholdengo\n|-damage|p2a: Gholdengo|18\/100\n|\n|t:|1700258039\n|switch|p1a: Ceruledge|Ceruledge, F|100\/100|[from] Volt Switch\n|move|p2a: Gholdengo|Make It Rain|p1a: Ceruledge\n|-resisted|p1a: Ceruledge\n|-damage|p1a: Ceruledge|69\/100\n|-unboost|p2a: Gholdengo|spa|1\n|\n|upkeep\n|turn|21\n|\n|t:|1700258046\n|move|p1a: Ceruledge|Shadow Sneak|p2a: Gholdengo\n|-supereffective|p2a: Gholdengo\n|-damage|p2a: Gholdengo|0 fnt\n|faint|p2a: Gholdengo\n|\n|upkeep\n|\n|t:|1700258048\n|switch|p2a: Dragapult|Dragapult, M|100\/100 slp\n|turn|22\n|\n|t:|1700258051\n|move|p1a: Ceruledge|Shadow Sneak|p2a: Dragapult\n|-supereffective|p2a: Dragapult\n|-damage|p2a: Dragapult|30\/100 slp\n|cant|p2a: Dragapult|slp\n|\n|upkeep\n|turn|23\n|-message|Creeeper39 forfeited.\n|\n|win|Juanp0093\n|raw|Juanp0093's rating: 1245 &rarr; <strong>1264<\/strong><br \/>(+19 for winning)\n|raw|Creeeper39's rating: 1156 &rarr; <strong>1137<\/strong><br \/>(-19 for losing)\n|l|\u2606Creeeper39\n|l|\u2606Juanp0093\n|j|\u2606Juanp0093\n|player|p1|Juanp0093|blue\n","uploadtime":1700258514,"views":13,"p1id":"juanp0093","p2id":"creeeper39","formatid":"gen9ou","rating":1137,"private":0,"password":""}