{"id":"gen9ou-1994237141","p1":"aceman2798","p2":"ReeApple","format":"[Gen 9] OU","log":"|j|\u2606aceman2798\n|j|\u2606ReeApple\n|t:|1700422080\n|gametype|singles\n|player|p1|aceman2798|byron|\n|player|p2|ReeApple|acetrainerf-gen4dp|\n|teamsize|p1|5\n|teamsize|p2|5\n|gen|9\n|tier|[Gen 9] OU\n|rule|Sleep Clause Mod: Limit one foe put to sleep\n|rule|Species Clause: Limit one of each Pok\u00e9mon\n|rule|OHKO Clause: OHKO moves are banned\n|rule|Evasion Items Clause: Evasion items are banned\n|rule|Evasion Moves Clause: Evasion moves are banned\n|rule|Endless Battle Clause: Forcing endless battles is banned\n|rule|HP Percentage Mod: HP is shown in percentages\n|clearpoke\n|poke|p1|Rillaboom, F|\n|poke|p1|Grafaiai, F|\n|poke|p1|Zoroark-Hisui, F|\n|poke|p1|Braviary, M|\n|poke|p1|Meowscarada, F|\n|poke|p2|Zoroark-Hisui, M|\n|poke|p2|Chesnaught, F|\n|poke|p2|Meowscarada, M|\n|poke|p2|Cyclizar, M|\n|poke|p2|Breloom, M|\n|teampreview\n|\n|t:|1700422119\n|start\n|switch|p1a: Braviary|Braviary, M|100\/100\n|switch|p2a: Meowscarada|Meowscarada, M|100\/100\n|turn|1\n|\n|t:|1700422129\n|move|p2a: Meowscarada|U-turn|p1a: Braviary\n|-start|p2a: Meowscarada|typechange|Bug|[from] ability: Protean\n|-resisted|p1a: Braviary\n|-damage|p1a: Braviary|81\/100\n|\n|t:|1700422138\n|switch|p2a: Chesnaught|Chesnaught, F|100\/100|[from] U-turn\n|move|p1a: Braviary|Roost|p1a: Braviary\n|-heal|p1a: Braviary|100\/100\n|-singleturn|p1a: Braviary|move: Roost\n|\n|upkeep\n|turn|2\n|\n|t:|1700422149\n|move|p2a: Chesnaught|Hyper Voice|p1a: Braviary\n|-damage|p1a: Braviary|31\/100\n|move|p1a: Braviary|Bulk Up|p1a: Braviary\n|-boost|p1a: Braviary|atk|1\n|-boost|p1a: Braviary|def|1\n|\n|-heal|p1a: Braviary|37\/100|[from] item: Leftovers\n|upkeep\n|turn|3\n|\n|t:|1700422157\n|switch|p2a: Cyclizar|Cyclizar, M|100\/100\n|switch|p1a: Grafaiai|Grafaiai, F|100\/100\n|\n|upkeep\n|turn|4\n|\n|t:|1700422176\n|move|p2a: Cyclizar|Knock Off|p1a: Grafaiai\n|-supereffective|p1a: Grafaiai\n|-damage|p1a: Grafaiai|28\/100\n|replace|p1a: Zoroark|Zoroark-Hisui, F\n|-end|p1a: Zoroark|Illusion\n|-enditem|p1a: Zoroark|Grassy Seed|[from] move: Knock Off|[of] p2a: Cyclizar\n|move|p1a: Zoroark|Focus Blast|p2a: Cyclizar\n|-supereffective|p2a: Cyclizar\n|-damage|p2a: Cyclizar|27\/100\n|\n|upkeep\n|turn|5\n|\n|t:|1700422184\n|switch|p1a: Rillaboom|Rillaboom, F|100\/100\n|-fieldstart|move: Grassy Terrain|[from] ability: Grassy Surge|[of] p1a: Rillaboom\n|move|p2a: Cyclizar|Knock Off|p1a: Rillaboom\n|-damage|p1a: Rillaboom|79\/100\n|-enditem|p1a: Rillaboom|Choice Band|[from] move: Knock Off|[of] p2a: Cyclizar\n|\n|-heal|p2a: Cyclizar|33\/100|[from] Grassy Terrain\n|-heal|p1a: Rillaboom|85\/100|[from] Grassy Terrain\n|upkeep\n|turn|6\n|\n|t:|1700422190\n|switch|p2a: Chesnaught|Chesnaught, F|100\/100\n|move|p1a: Rillaboom|U-turn|p2a: Chesnaught\n|-damage|p2a: Chesnaught|86\/100\n|-damage|p1a: Rillaboom|68\/100|[from] item: Rocky Helmet|[of] p2a: Chesnaught\n|\n|t:|1700422202\n|switch|p1a: Braviary|Braviary, M|37\/100|[from] U-turn\n|\n|-heal|p1a: Braviary|43\/100|[from] item: Leftovers\n|-heal|p2a: Chesnaught|92\/100|[from] Grassy Terrain\n|upkeep\n|turn|7\n|\n|t:|1700422208\n|switch|p2a: Cyclizar|Cyclizar, M|100\/100\n|move|p1a: Braviary|Roost|p1a: Braviary\n|-heal|p1a: Braviary|93\/100\n|-singleturn|p1a: Braviary|move: Roost\n|\n|-heal|p1a: Braviary|99\/100|[from] Grassy Terrain\n|-heal|p1a: Braviary|100\/100|[from] item: Leftovers\n|upkeep\n|turn|8\n|\n|t:|1700422234\n|switch|p1a: Grafaiai|Grafaiai, F|28\/100\n|move|p2a: Cyclizar|Hyper Voice|p1a: Grafaiai\n|-immune|p1a: Grafaiai\n|\n|-heal|p1a: Grafaiai|34\/100|[from] Grassy Terrain\n|upkeep\n|turn|9\n|\n|t:|1700422244\n|switch|p2a: Cyclizar|Cyclizar, M|66\/100\n|move|p1a: Grafaiai|Substitute|p1a: Grafaiai\n|-start|p1a: Grafaiai|Substitute\n|-damage|p1a: Grafaiai|9\/100\n|\n|-heal|p2a: Cyclizar|72\/100|[from] Grassy Terrain\n|-heal|p1a: Grafaiai|15\/100|[from] Grassy Terrain\n|-fieldend|move: Grassy Terrain\n|upkeep\n|turn|10\n|\n|t:|1700422249\n|move|p2a: Cyclizar|Knock Off|p1a: Grafaiai\n|-supereffective|p1a: Grafaiai\n|-end|p1a: Grafaiai|Substitute\n|move|p1a: Grafaiai|Focus Blast|p2a: Cyclizar|[miss]\n|-miss|p1a: Grafaiai|p2a: Cyclizar\n|\n|upkeep\n|turn|11\n|\n|t:|1700422260\n|switch|p1a: Rillaboom|Rillaboom, F|68\/100\n|-fieldstart|move: Grassy Terrain|[from] ability: Grassy Surge|[of] p1a: Rillaboom\n|move|p2a: Cyclizar|Knock Off|p1a: Rillaboom\n|-damage|p1a: Rillaboom|54\/100\n|\n|-heal|p2a: Cyclizar|78\/100|[from] Grassy Terrain\n|-heal|p1a: Rillaboom|60\/100|[from] Grassy Terrain\n|upkeep\n|turn|12\n|\n|t:|1700422265\n|move|p2a: Cyclizar|Overheat|p1a: Rillaboom|[miss]\n|-miss|p2a: Cyclizar|p1a: Rillaboom\n|move|p1a: Rillaboom|U-turn|p2a: Cyclizar\n|-damage|p2a: Cyclizar|46\/100\n|\n|t:|1700422273\n|switch|p1a: Meowscarada|Meowscarada, F|100\/100|[from] U-turn\n|\n|-heal|p2a: Cyclizar|52\/100|[from] Grassy Terrain\n|upkeep\n|turn|13\n|\n|t:|1700422292\n|switch|p1a: Braviary|Braviary, M|100\/100\n|switch|p2a: Breloom|Breloom, M|100\/100\n|\n|upkeep\n|turn|14\n|\n|t:|1700422298\n|move|p1a: Braviary|Dual Wingbeat|p2a: Breloom\n|-supereffective|p2a: Breloom\n|-damage|p2a: Breloom|0 fnt\n|faint|p2a: Breloom\n|-hitcount|p2: Breloom|1\n|\n|upkeep\n|\n|t:|1700422308\n|switch|p2a: Cyclizar|Cyclizar, M|100\/100\n|turn|15\n|\n|t:|1700422319\n|switch|p1a: Meowscarada|Meowscarada, F|100\/100\n|move|p2a: Cyclizar|Hyper Voice|p1a: Meowscarada\n|-enditem|p1a: Meowscarada|Focus Sash\n|-damage|p1a: Meowscarada|1\/100\n|\n|-heal|p1a: Meowscarada|7\/100|[from] Grassy Terrain\n|-fieldend|move: Grassy Terrain\n|upkeep\n|turn|16\n|\n|t:|1700422333\n|switch|p2a: Chesnaught|Chesnaught, F|92\/100\n|move|p1a: Meowscarada|Knock Off|p2a: Chesnaught\n|-start|p1a: Meowscarada|typechange|Dark|[from] ability: Protean\n|-resisted|p2a: Chesnaught\n|-damage|p2a: Chesnaught|79\/100\n|-damage|p1a: Meowscarada|0 fnt|[from] item: Rocky Helmet|[of] p2a: Chesnaught\n|faint|p1a: Meowscarada\n|\n|upkeep\n|\n|t:|1700422341\n|switch|p1a: Braviary|Braviary, M|100\/100\n|turn|17\n|\n|t:|1700422372\n|switch|p2a: Cyclizar|Cyclizar, M|85\/100\n|move|p1a: Braviary|Agility|p1a: Braviary\n|-boost|p1a: Braviary|spe|2\n|\n|upkeep\n|turn|18\n|\n|t:|1700422381\n|move|p1a: Braviary|Bulk Up|p1a: Braviary\n|-boost|p1a: Braviary|atk|1\n|-boost|p1a: Braviary|def|1\n|move|p2a: Cyclizar|Draco Meteor|p1a: Braviary\n|-damage|p1a: Braviary|56\/100\n|-unboost|p2a: Cyclizar|spa|2\n|\n|-heal|p1a: Braviary|62\/100|[from] item: Leftovers\n|upkeep\n|turn|19\n|\n|t:|1700422388\n|move|p1a: Braviary|Bulk Up|p1a: Braviary\n|-boost|p1a: Braviary|atk|1\n|-boost|p1a: Braviary|def|1\n|move|p2a: Cyclizar|U-turn|p1a: Braviary\n|-resisted|p1a: Braviary\n|-damage|p1a: Braviary|58\/100\n|\n|t:|1700422401\n|switch|p2a: Chesnaught|Chesnaught, F|100\/100|[from] U-turn\n|\n|-heal|p1a: Braviary|65\/100|[from] item: Leftovers\n|upkeep\n|turn|20\n|\n|t:|1700422405\n|move|p1a: Braviary|Dual Wingbeat|p2a: Chesnaught\n|-damage|p2a: Chesnaught|34\/100\n|replace|p2a: Zoroark|Zoroark-Hisui, M\n|-end|p2a: Zoroark|Illusion\n|-damage|p2a: Zoroark|0 fnt\n|faint|p2a: Zoroark\n|-hitcount|p2: Zoroark|2\n|\n|-heal|p1a: Braviary|71\/100|[from] item: Leftovers\n|upkeep\n|\n|t:|1700422423\n|switch|p2a: Meowscarada|Meowscarada, M|100\/100\n|turn|21\n|\n|t:|1700422429\n|move|p1a: Braviary|Dual Wingbeat|p2a: Meowscarada\n|-supereffective|p2a: Meowscarada\n|-damage|p2a: Meowscarada|0 fnt\n|faint|p2a: Meowscarada\n|-hitcount|p2: Meowscarada|1\n|\n|-heal|p1a: Braviary|77\/100|[from] item: Leftovers\n|upkeep\n|\n|t:|1700422434\n|switch|p2a: Cyclizar|Cyclizar, M|100\/100\n|turn|22\n|\n|t:|1700422440\n|switch|p2a: Chesnaught|Chesnaught, F|79\/100\n|move|p1a: Braviary|Dual Wingbeat|p2a: Chesnaught\n|-supereffective|p2a: Chesnaught\n|-damage|p2a: Chesnaught|0 fnt\n|-damage|p1a: Braviary|60\/100|[from] item: Rocky Helmet|[of] p2a: Chesnaught\n|faint|p2a: Chesnaught\n|-hitcount|p2: Chesnaught|1\n|\n|-heal|p1a: Braviary|67\/100|[from] item: Leftovers\n|upkeep\n|\n|t:|1700422446\n|switch|p2a: Cyclizar|Cyclizar, M|100\/100\n|turn|23\n|\n|t:|1700422449\n|move|p1a: Braviary|Dual Wingbeat|p2a: Cyclizar\n|-damage|p2a: Cyclizar|52\/100\n|-damage|p2a: Cyclizar|4\/100\n|-hitcount|p2a: Cyclizar|2\n|move|p2a: Cyclizar|Draco Meteor|p1a: Braviary\n|-damage|p1a: Braviary|27\/100\n|-unboost|p2a: Cyclizar|spa|2\n|\n|-heal|p1a: Braviary|33\/100|[from] item: Leftovers\n|upkeep\n|turn|24\n|\n|t:|1700422458\n|move|p1a: Braviary|Dual Wingbeat|p2a: Cyclizar\n|-damage|p2a: Cyclizar|0 fnt\n|faint|p2a: Cyclizar\n|-hitcount|p2: Cyclizar|1\n|\n|win|aceman2798\n|c|\u2606ReeApple|Gg\n|c|\u2606aceman2798|gg\n|l|\u2606ReeApple\n","uploadtime":1700422908,"views":17,"p1id":"aceman2798","p2id":"reeapple","formatid":"gen9ou","rating":0,"private":0,"password":""}