{"id":"gen9ou-1999404197","p1":"Seanyc","p2":"ziyi1117","format":"[Gen 9] OU","log":"|j|\u2606Seanyc\n|j|\u2606ziyi1117\n|t:|1701074757\n|gametype|singles\n|player|p1|Seanyc|170|1126\n|player|p2|ziyi1117|linebacker|1119\n|teamsize|p1|6\n|teamsize|p2|6\n|gen|9\n|tier|[Gen 9] OU\n|rated|\n|rule|Sleep Clause Mod: Limit one foe put to sleep\n|rule|Species Clause: Limit one of each Pok\u00e9mon\n|rule|OHKO Clause: OHKO moves are banned\n|rule|Evasion Items Clause: Evasion items are banned\n|rule|Evasion Moves Clause: Evasion moves are banned\n|rule|Endless Battle Clause: Forcing endless battles is banned\n|rule|HP Percentage Mod: HP is shown in percentages\n|clearpoke\n|poke|p1|Slowking-Galar, M|\n|poke|p1|Kingambit, M|\n|poke|p1|Ribombee, M|\n|poke|p1|Empoleon, F|\n|poke|p1|Iron Moth|\n|poke|p1|Great Tusk|\n|poke|p2|Heatran, F|\n|poke|p2|Great Tusk|\n|poke|p2|Gholdengo|\n|poke|p2|Quaquaval, F|\n|poke|p2|Okidogi, M|\n|poke|p2|Dragapult, F|\n|teampreview\n|\n|t:|1701074775\n|start\n|switch|p1a: Empoleon|Empoleon, F|100\/100\n|switch|p2a: Okidogi|Okidogi, M|100\/100\n|turn|1\n|\n|t:|1701074786\n|switch|p1a: Slowking|Slowking-Galar, M|100\/100\n|move|p2a: Okidogi|Bulk Up|p2a: Okidogi\n|-boost|p2a: Okidogi|atk|1\n|-boost|p2a: Okidogi|def|1\n|\n|upkeep\n|turn|2\n|\n|t:|1701074799\n|move|p2a: Okidogi|Knock Off|p1a: Slowking\n|-supereffective|p1a: Slowking\n|-damage|p1a: Slowking|1\/100\n|-enditem|p1a: Slowking|Black Sludge|[from] move: Knock Off|[of] p2a: Okidogi\n|move|p1a: Slowking|Psychic|p2a: Okidogi\n|-supereffective|p2a: Okidogi\n|-damage|p2a: Okidogi|0 fnt\n|faint|p2a: Okidogi\n|\n|upkeep\n|\n|t:|1701074809\n|switch|p2a: Gholdengo|Gholdengo|100\/100\n|turn|3\n|\n|t:|1701074824\n|switch|p1a: Kingambit|Kingambit, M|100\/100\n|move|p2a: Gholdengo|Shadow Ball|p1a: Kingambit\n|-resisted|p1a: Kingambit\n|-damage|p1a: Kingambit|79\/100\n|\n|upkeep\n|turn|4\n|\n|t:|1701074835\n|switch|p2a: Quaquaval|Quaquaval, F|100\/100\n|move|p1a: Kingambit|Kowtow Cleave|p2a: Quaquaval\n|-resisted|p2a: Quaquaval\n|-damage|p2a: Quaquaval|67\/100\n|\n|upkeep\n|turn|5\n|\n|t:|1701074849\n|switch|p1a: Ribombee|Ribombee, M|100\/100\n|move|p2a: Quaquaval|Aqua Step|p1a: Ribombee\n|-enditem|p1a: Ribombee|Focus Sash\n|-damage|p1a: Ribombee|1\/100\n|-boost|p2a: Quaquaval|spe|1\n|-damage|p2a: Quaquaval|57\/100|[from] item: Life Orb\n|\n|upkeep\n|turn|6\n|\n|t:|1701074857\n|move|p2a: Quaquaval|Aqua Step|p1a: Ribombee\n|-damage|p1a: Ribombee|0 fnt\n|-boost|p2a: Quaquaval|spe|1\n|faint|p1a: Ribombee\n|-ability|p2a: Quaquaval|Moxie|boost\n|-boost|p2a: Quaquaval|atk|1\n|-damage|p2a: Quaquaval|47\/100|[from] item: Life Orb\n|\n|upkeep\n|\n|t:|1701074865\n|switch|p1a: Slowking|Slowking-Galar, M|34\/100\n|turn|7\n|\n|t:|1701074871\n|switch|p1a: Empoleon|Empoleon, F|100\/100\n|move|p2a: Quaquaval|Aqua Step|p1a: Empoleon\n|-resisted|p1a: Empoleon\n|-damage|p1a: Empoleon|61\/100\n|-boost|p2a: Quaquaval|spe|1\n|-damage|p2a: Quaquaval|37\/100|[from] item: Life Orb\n|\n|upkeep\n|turn|8\n|\n|t:|1701074880\n|move|p2a: Quaquaval|Close Combat|p1a: Empoleon\n|-supereffective|p1a: Empoleon\n|-damage|p1a: Empoleon|0 fnt\n|-unboost|p2a: Quaquaval|def|1\n|-unboost|p2a: Quaquaval|spd|1\n|faint|p1a: Empoleon\n|-ability|p2a: Quaquaval|Moxie|boost\n|-boost|p2a: Quaquaval|atk|1\n|-damage|p2a: Quaquaval|27\/100|[from] item: Life Orb\n|\n|upkeep\n|\n|t:|1701074886\n|switch|p1a: Kingambit|Kingambit, M|79\/100\n|turn|9\n|\n|t:|1701074890\n|move|p1a: Kingambit|Sucker Punch|p2a: Quaquaval\n|-resisted|p2a: Quaquaval\n|-damage|p2a: Quaquaval|0 fnt\n|faint|p2a: Quaquaval\n|\n|upkeep\n|\n|t:|1701074900\n|switch|p2a: Great Tusk|Great Tusk|100\/100\n|turn|10\n|inactive|Battle timer is ON: inactive players will automatically lose when time's up. (requested by ziyi1117)\n|\n|t:|1701074917\n|switch|p1a: Slowking|Slowking-Galar, M|68\/100\n|move|p2a: Great Tusk|Headlong Rush|p1a: Slowking\n|-supereffective|p1a: Slowking\n|-damage|p1a: Slowking|0 fnt\n|-unboost|p2a: Great Tusk|def|1\n|-unboost|p2a: Great Tusk|spd|1\n|faint|p1a: Slowking\n|\n|upkeep\n|\n|t:|1701074923\n|switch|p1a: Iron Moth|Iron Moth|100\/100\n|turn|11\n|\n|t:|1701074928\n|-end|p2a: Great Tusk|Protosynthesis|[silent]\n|switch|p2a: Heatran|Heatran, F|100\/100\n|-terastallize|p1a: Iron Moth|Grass\n|move|p1a: Iron Moth|Energy Ball|p2a: Heatran\n|-resisted|p2a: Heatran\n|-damage|p2a: Heatran|88\/100\n|\n|upkeep\n|turn|12\n|\n|t:|1701074934\n|-end|p1a: Iron Moth|Quark Drive|[silent]\n|switch|p1a: Great Tusk|Great Tusk|100\/100\n|move|p2a: Heatran|Earth Power|p1a: Great Tusk\n|-damage|p1a: Great Tusk|50\/100\n|\n|-heal|p1a: Great Tusk|57\/100|[from] item: Leftovers\n|upkeep\n|turn|13\n|\n|t:|1701074949\n|switch|p2a: Dragapult|Dragapult, F|100\/100\n|move|p1a: Great Tusk|Earthquake|p2a: Dragapult\n|-damage|p2a: Dragapult|27\/100\n|\n|-heal|p1a: Great Tusk|63\/100|[from] item: Leftovers\n|upkeep\n|turn|14\n|\n|t:|1701074959\n|move|p1a: Great Tusk|Protect|p1a: Great Tusk\n|-singleturn|p1a: Great Tusk|Protect\n|move|p2a: Dragapult|Fire Blast|p1a: Great Tusk\n|-activate|p1a: Great Tusk|move: Protect\n|\n|-heal|p1a: Great Tusk|69\/100|[from] item: Leftovers\n|upkeep\n|turn|15\n|\n|t:|1701074967\n|move|p2a: Dragapult|Draco Meteor|p1a: Great Tusk\n|-damage|p1a: Great Tusk|0 fnt\n|-unboost|p2a: Dragapult|spa|2\n|faint|p1a: Great Tusk\n|-end|p1a: Great Tusk|Protosynthesis|[silent]\n|-damage|p2a: Dragapult|18\/100|[from] item: Life Orb\n|\n|upkeep\n|\n|t:|1701074972\n|switch|p1a: Kingambit|Kingambit, M|79\/100\n|turn|16\n|\n|t:|1701074979\n|move|p2a: Dragapult|Shadow Ball|p1a: Kingambit\n|-resisted|p1a: Kingambit\n|-damage|p1a: Kingambit|72\/100\n|-damage|p2a: Dragapult|8\/100|[from] item: Life Orb\n|move|p1a: Kingambit|Kowtow Cleave|p2a: Dragapult\n|-supereffective|p2a: Dragapult\n|-damage|p2a: Dragapult|0 fnt\n|faint|p2a: Dragapult\n|\n|upkeep\n|\n|t:|1701074985\n|switch|p2a: Great Tusk|Great Tusk|100\/100\n|turn|17\n|\n|t:|1701074992\n|move|p1a: Kingambit|Sucker Punch|p2a: Great Tusk\n|-resisted|p2a: Great Tusk\n|-damage|p2a: Great Tusk|87\/100\n|move|p2a: Great Tusk|Headlong Rush|p1a: Kingambit\n|-supereffective|p1a: Kingambit\n|-damage|p1a: Kingambit|0 fnt\n|-unboost|p2a: Great Tusk|def|1\n|-unboost|p2a: Great Tusk|spd|1\n|faint|p1a: Kingambit\n|\n|upkeep\n|\n|t:|1701074994\n|switch|p1a: Iron Moth|Iron Moth, tera:Grass|100\/100\n|turn|18\n|\n|t:|1701075000\n|move|p1a: Iron Moth|Psychic|p2a: Great Tusk\n|-supereffective|p2a: Great Tusk\n|-damage|p2a: Great Tusk|0 fnt\n|faint|p2a: Great Tusk\n|-end|p2a: Great Tusk|Protosynthesis|[silent]\n|\n|upkeep\n|\n|t:|1701075007\n|switch|p2a: Gholdengo|Gholdengo|100\/100\n|turn|19\n|\n|t:|1701075011\n|-terastallize|p2a: Gholdengo|Steel\n|move|p1a: Iron Moth|Psychic|p2a: Gholdengo\n|-resisted|p2a: Gholdengo\n|-damage|p2a: Gholdengo|70\/100\n|move|p2a: Gholdengo|Make It Rain|p1a: Iron Moth\n|-damage|p1a: Iron Moth|0 fnt\n|-unboost|p2a: Gholdengo|spa|1\n|faint|p1a: Iron Moth\n|-end|p1a: Iron Moth|Quark Drive|[silent]\n|\n|win|ziyi1117\n|raw|Seanyc's rating: 1126 &rarr; <strong>1100<\/strong><br \/>(-26 for losing)\n|raw|ziyi1117's rating: 1119 &rarr; <strong>1145<\/strong><br \/>(+26 for winning)\n|l|\u2606Seanyc\n","uploadtime":1701075043,"views":8,"p1id":"seanyc","p2id":"ziyi1117","formatid":"gen9ou","rating":1100,"private":0,"password":""}