{"id":"gen9ou-1997835484","p1":"JohnnyBoi42","p2":"mathismathin","format":"[Gen 9] OU","log":"|j|\u2606JohnnyBoi42\n|j|\u2606mathismathin\n|t:|1700857902\n|gametype|singles\n|player|p1|JohnnyBoi42|cynthia|1551\n|player|p2|mathismathin|nate|1714\n|teamsize|p1|6\n|teamsize|p2|6\n|gen|9\n|tier|[Gen 9] OU\n|rated|\n|rule|Sleep Clause Mod: Limit one foe put to sleep\n|rule|Species Clause: Limit one of each Pok\u00e9mon\n|rule|OHKO Clause: OHKO moves are banned\n|rule|Evasion Items Clause: Evasion items are banned\n|rule|Evasion Moves Clause: Evasion moves are banned\n|rule|Endless Battle Clause: Forcing endless battles is banned\n|rule|HP Percentage Mod: HP is shown in percentages\n|clearpoke\n|poke|p1|Garchomp, F|\n|poke|p1|Dragapult, F|\n|poke|p1|Samurott-Hisui, F|\n|poke|p1|Kingambit, M|\n|poke|p1|Heatran, F|\n|poke|p1|Corviknight, F|\n|poke|p2|Qwilfish-Hisui, F|\n|poke|p2|Landorus-Therian, M|\n|poke|p2|Great Tusk|\n|poke|p2|Goodra-Hisui, F|\n|poke|p2|Volcanion|\n|poke|p2|Breloom, F|\n|teampreview\n|\n|t:|1700857906\n|start\n|switch|p1a: Samurott|Samurott-Hisui, F|100\/100\n|switch|p2a: Breloom|Breloom, F|100\/100\n|turn|1\n|inactive|Battle timer is ON: inactive players will automatically lose when time's up. (requested by JohnnyBoi42)\n|\n|t:|1700857914\n|-terastallize|p1a: Samurott|Bug\n|move|p1a: Samurott|Megahorn|p2a: Breloom|[miss]\n|-miss|p1a: Samurott|p2a: Breloom\n|move|p2a: Breloom|Bullet Seed|p1a: Samurott\n|-resisted|p1a: Samurott\n|-damage|p1a: Samurott|88\/100\n|-resisted|p1a: Samurott\n|-damage|p1a: Samurott|76\/100\n|-resisted|p1a: Samurott\n|-damage|p1a: Samurott|64\/100\n|-hitcount|p1a: Samurott|3\n|\n|upkeep\n|turn|2\n|c|\u2606mathismathin|you know x scissor is the same bp right\n|c|\u2606mathismathin|sharpness boosted\n|j| SpiderKing3261\n|\n|t:|1700857938\n|switch|p2a: Great Tusk|Great Tusk|100\/100\n|move|p1a: Samurott|Megahorn|p2a: Great Tusk\n|-resisted|p2a: Great Tusk\n|-damage|p2a: Great Tusk|79\/100\n|\n|upkeep\n|turn|3\n|\n|t:|1700857954\n|switch|p1a: Corviknight|Corviknight, F|100\/100\n|move|p2a: Great Tusk|Close Combat|p1a: Corviknight\n|-damage|p1a: Corviknight|30\/100\n|-unboost|p2a: Great Tusk|def|1\n|-unboost|p2a: Great Tusk|spd|1\n|-damage|p2a: Great Tusk|62\/100|[from] item: Rocky Helmet|[of] p1a: Corviknight\n|\n|upkeep\n|turn|4\n|c|\u2606JohnnyBoi42|oh wait x gets sharpness boost?\n|j| 7yu1eqjasmn\n|c|\u2606JohnnyBoi42|thats crazy hold up\n|c|\u2606mathismathin|!dt x scissor\n|raw|<ul class=\"utilichart\"><li class=\"result\"><span class=\"col movenamecol\"><a href=\"https:\/\/dex.pokemonshowdown.com\/moves\/xscissor\">X-Scissor<\/a><\/span> <span class=\"col typecol\"><img src=\"\/\/play.pokemonshowdown.com\/sprites\/types\/Bug.png\" alt=\"Bug\" width=\"32\" height=\"14\"><img src=\"\/\/play.pokemonshowdown.com\/sprites\/categories\/Physical.png\" alt=\"Physical\" width=\"32\" height=\"14\"><\/span> <span class=\"col labelcol\"><em>Power<\/em><br>80<\/span> <span class=\"col widelabelcol\"><em>Accuracy<\/em><br>100%<\/span> <span class=\"col pplabelcol\"><em>PP<\/em><br>24<\/span> <span class=\"col movedesccol\">No additional effect.<\/span> <\/li><li style=\"clear:both\"><\/li><\/ul>\n|raw|<font size=\"1\"><font color=\"#686868\">Priority:<\/font> 0&nbsp;|&ThickSpace;<font color=\"#686868\">Gen:<\/font> 4&nbsp;|&ThickSpace;&#10003; Contact&nbsp;|&ThickSpace;&#10003; Slicing move&nbsp;|&ThickSpace;<font color=\"#686868\">Z-Power:<\/font> 160&nbsp;|&ThickSpace;<font color=\"#686868\">Dynamax Power:<\/font> 130&nbsp;|&ThickSpace;<font color=\"#686868\">Target:<\/font> One Adjacent Pok\u00e9mon<\/font>\n\n|\n|t:|1700857973\n|move|p2a: Great Tusk|Close Combat|p1a: Corviknight\n|-damage|p1a: Corviknight|0 fnt\n|-unboost|p2a: Great Tusk|def|1\n|-unboost|p2a: Great Tusk|spd|1\n|-damage|p2a: Great Tusk|46\/100|[from] item: Rocky Helmet|[of] p1a: Corviknight\n|faint|p1a: Corviknight\n|\n|upkeep\n|\n|t:|1700857978\n|switch|p1a: Samurott|Samurott-Hisui, F, tera:Bug|64\/100\n|turn|5\n|c|\u2606mathismathin|idk why you need bug stab anyways but yea x scissor is just 100% better than megahorn\n|\n|t:|1700857987\n|-end|p2a: Great Tusk|Protosynthesis|[silent]\n|switch|p2a: Qwilfish|Qwilfish-Hisui, F|100\/100\n|-ability|p2a: Qwilfish|Intimidate|boost\n|-unboost|p1a: Samurott|atk|1\n|move|p1a: Samurott|Razor Shell|p2a: Qwilfish\n|-damage|p2a: Qwilfish|81\/100\n|-unboost|p2a: Qwilfish|def|1\n|\n|upkeep\n|turn|6\n|l| SpiderKing3261\n|inactive|JohnnyBoi42 has 120 seconds left.\n|\n|t:|1700858018\n|switch|p1a: Garchomp|Garchomp, F|100\/100\n|move|p2a: Qwilfish|Spikes|p1a: Garchomp\n|-sidestart|p1: JohnnyBoi42|Spikes\n|\n|upkeep\n|turn|7\n|inactive|JohnnyBoi42 has 120 seconds left.\n|\n|t:|1700858038\n|switch|p2a: Landorus|Landorus-Therian, M|100\/100\n|-ability|p2a: Landorus|Intimidate|boost\n|-unboost|p1a: Garchomp|atk|1\n|move|p1a: Garchomp|Earthquake|p2a: Landorus\n|-immune|p2a: Landorus\n|\n|upkeep\n|turn|8\n|inactive|JohnnyBoi42 has 120 seconds left.\n|\n|t:|1700858053\n|switch|p1a: Samurott|Samurott-Hisui, F, tera:Bug|64\/100\n|-damage|p1a: Samurott|52\/100|[from] Spikes\n|move|p2a: Landorus|Earth Power|p1a: Samurott\n|-resisted|p1a: Samurott\n|-damage|p1a: Samurott|19\/100\n|\n|upkeep\n|turn|9\n|inactive|JohnnyBoi42 has 120 seconds left.\n|c|\u2606JohnnyBoi42|nah im tellin u its so good for catching ogerpons off guard\n|\n|t:|1700858073\n|switch|p2a: Qwilfish|Qwilfish-Hisui, F|81\/100\n|-ability|p2a: Qwilfish|Intimidate|boost\n|-unboost|p1a: Samurott|atk|1\n|move|p1a: Samurott|Razor Shell|p2a: Qwilfish\n|-damage|p2a: Qwilfish|61\/100\n|-unboost|p2a: Qwilfish|def|1\n|\n|upkeep\n|turn|10\n|c|\u2606mathismathin|ceaseless is already doing like 60 tho\n|c|\u2606mathismathin|and you definitely don't need tera bug\n|\n|t:|1700858090\n|switch|p1a: Garchomp|Garchomp, F|100\/100\n|-damage|p1a: Garchomp|88\/100|[from] Spikes\n|switch|p2a: Volcanion|Volcanion|100\/100\n|\n|upkeep\n|turn|11\n|\n|t:|1700858097\n|switch|p2a: Landorus|Landorus-Therian, M|100\/100\n|-ability|p2a: Landorus|Intimidate|boost\n|-unboost|p1a: Garchomp|atk|1\n|move|p1a: Garchomp|Dragon Rush|p2a: Landorus\n|-damage|p2a: Landorus|42\/100\n|\n|-heal|p2a: Landorus|48\/100|[from] item: Leftovers\n|upkeep\n|turn|12\n|inactive|JohnnyBoi42 has 120 seconds left.\n|\n|t:|1700858106\n|switch|p2a: Qwilfish|Qwilfish-Hisui, F|61\/100\n|-ability|p2a: Qwilfish|Intimidate|boost\n|-unboost|p1a: Garchomp|atk|1\n|move|p1a: Garchomp|Dragon Rush|p2a: Qwilfish\n|-damage|p2a: Qwilfish|40\/100\n|\n|upkeep\n|turn|13\n|\n|t:|1700858116\n|switch|p1a: Samurott|Samurott-Hisui, F, tera:Bug|19\/100\n|-damage|p1a: Samurott|7\/100|[from] Spikes\n|move|p2a: Qwilfish|Spikes|p1a: Samurott\n|-sidestart|p1: JohnnyBoi42|Spikes\n|\n|upkeep\n|turn|14\n|inactive|JohnnyBoi42 has 120 seconds left.\n|\n|t:|1700858137\n|move|p1a: Samurott|Ceaseless Edge|p2a: Qwilfish\n|-resisted|p2a: Qwilfish\n|-damage|p2a: Qwilfish|27\/100\n|-sidestart|p2: mathismathin|Spikes\n|move|p2a: Qwilfish|Spikes|p1a: Samurott\n|-sidestart|p1: JohnnyBoi42|Spikes\n|\n|upkeep\n|turn|15\n|\n|t:|1700858149\n|move|p1a: Samurott|Ceaseless Edge|p2a: Qwilfish\n|-resisted|p2a: Qwilfish\n|-damage|p2a: Qwilfish|14\/100\n|-sidestart|p2: mathismathin|Spikes\n|move|p2a: Qwilfish|Barb Barrage|p1a: Samurott\n|-damage|p1a: Samurott|0 fnt\n|faint|p1a: Samurott\n|\n|upkeep\n|inactive|JohnnyBoi42 has 120 seconds left.\n|\n|t:|1700858165\n|switch|p1a: Garchomp|Garchomp, F|88\/100\n|-damage|p1a: Garchomp|63\/100|[from] Spikes\n|turn|16\n|inactive|JohnnyBoi42 has 120 seconds left.\n|\n|t:|1700858172\n|move|p1a: Garchomp|Earthquake|p2a: Qwilfish\n|-supereffective|p2a: Qwilfish\n|-damage|p2a: Qwilfish|0 fnt\n|faint|p2a: Qwilfish\n|\n|upkeep\n|\n|t:|1700858177\n|switch|p2a: Landorus|Landorus-Therian, M|48\/100\n|-ability|p2a: Landorus|Intimidate|boost\n|-unboost|p1a: Garchomp|atk|1\n|turn|17\n|\n|t:|1700858181\n|switch|p1a: Dragapult|Dragapult, F|100\/100\n|-damage|p1a: Dragapult|76\/100|[from] Spikes\n|move|p2a: Landorus|Earth Power|p1a: Dragapult\n|-damage|p1a: Dragapult|23\/100\n|\n|-heal|p2a: Landorus|54\/100|[from] item: Leftovers\n|upkeep\n|turn|18\n|\n|t:|1700858187\n|switch|p2a: Goodra|Goodra-Hisui, F|100\/100\n|-damage|p2a: Goodra|84\/100|[from] Spikes\n|move|p1a: Dragapult|Shadow Ball|p2a: Goodra\n|-damage|p2a: Goodra|62\/100\n|-unboost|p2a: Goodra|spd|1\n|\n|upkeep\n|turn|19\n|\n|t:|1700858196\n|move|p1a: Dragapult|Shadow Ball|p2a: Goodra\n|-damage|p2a: Goodra|30\/100\n|move|p2a: Goodra|Earthquake|p1a: Dragapult\n|-damage|p1a: Dragapult|0 fnt\n|faint|p1a: Dragapult\n|\n|upkeep\n|\n|t:|1700858202\n|switch|p1a: Garchomp|Garchomp, F|63\/100\n|-damage|p1a: Garchomp|38\/100|[from] Spikes\n|turn|20\n|\n|t:|1700858218\n|move|p1a: Garchomp|Dragon Rush|p2a: Goodra\n|-damage|p2a: Goodra|0 fnt\n|faint|p2a: Goodra\n|\n|upkeep\n|\n|t:|1700858222\n|switch|p2a: Breloom|Breloom, F|100\/100\n|-damage|p2a: Breloom|84\/100|[from] Spikes\n|turn|21\n|\n|t:|1700858225\n|move|p2a: Breloom|Bullet Seed|p1a: Garchomp\n|-damage|p1a: Garchomp|20\/100\n|-damage|p1a: Garchomp|2\/100\n|-damage|p1a: Garchomp|0 fnt\n|faint|p1a: Garchomp\n|-hitcount|p1: Garchomp|3\n|\n|upkeep\n|\n|t:|1700858228\n|switch|p1a: Heatran|Heatran, F|100\/100\n|-damage|p1a: Heatran|75\/100|[from] Spikes\n|turn|22\n|\n|t:|1700858232\n|switch|p2a: Landorus|Landorus-Therian, M|54\/100\n|-ability|p2a: Landorus|Intimidate|boost\n|-unboost|p1a: Heatran|atk|1\n|move|p1a: Heatran|Lava Plume|p2a: Landorus\n|-damage|p2a: Landorus|0 fnt\n|faint|p2a: Landorus\n|\n|-heal|p1a: Heatran|82\/100|[from] item: Leftovers\n|upkeep\n|\n|t:|1700858237\n|switch|p2a: Great Tusk|Great Tusk|46\/100\n|-damage|p2a: Great Tusk|29\/100|[from] Spikes\n|turn|23\n|\n|t:|1700858242\n|move|p2a: Great Tusk|Headlong Rush|p1a: Heatran\n|-supereffective|p1a: Heatran\n|-damage|p1a: Heatran|0 fnt\n|-unboost|p2a: Great Tusk|def|1\n|-unboost|p2a: Great Tusk|spd|1\n|faint|p1a: Heatran\n|\n|upkeep\n|\n|t:|1700858247\n|switch|p1a: Kingambit|Kingambit, M|100\/100\n|-damage|p1a: Kingambit|76\/100|[from] Spikes\n|-activate|p1a: Kingambit|ability: Supreme Overlord\n|-start|p1a: Kingambit|fallen5|[silent]\n|turn|24\n|\n|t:|1700858251\n|move|p1a: Kingambit|Sucker Punch|p2a: Great Tusk\n|-resisted|p2a: Great Tusk\n|-crit|p2a: Great Tusk\n|-damage|p2a: Great Tusk|0 fnt\n|faint|p2a: Great Tusk\n|-end|p2a: Great Tusk|Protosynthesis|[silent]\n|\n|upkeep\n|\n|t:|1700858253\n|switch|p2a: Breloom|Breloom, F|84\/100\n|-damage|p2a: Breloom|68\/100|[from] Spikes\n|turn|25\n|\n|t:|1700858261\n|move|p2a: Breloom|Mach Punch|p1a: Kingambit\n|-supereffective|p1a: Kingambit\n|-damage|p1a: Kingambit|0 fnt\n|faint|p1a: Kingambit\n|-end|p1a: Kingambit|fallen5|[silent]\n|\n|win|mathismathin\n|raw|JohnnyBoi42's rating: 1551 &rarr; <strong>1540<\/strong><br \/>(-11 for losing)\n|raw|mathismathin's rating: 1714 &rarr; <strong>1725<\/strong><br \/>(+11 for winning)\n|c|\u2606JohnnyBoi42|gg\n|c|\u2606mathismathin|gg\n|l|\u2606JohnnyBoi42\n","uploadtime":1700858268,"views":4,"p1id":"johnnyboi42","p2id":"mathismathin","formatid":"gen9ou","rating":1540,"private":0,"password":""}