{"id":"gen9ou-1999516534","p1":"Xptdrlol64","p2":"Slakingambit","format":"[Gen 9] OU","log":"|j|\u2606Xptdrlol64\n|j|\u2606Slakingambit\n|t:|1701091507\n|gametype|singles\n|player|p1|Xptdrlol64|265|1240\n|player|p2|Slakingambit|1|1205\n|teamsize|p1|6\n|teamsize|p2|6\n|gen|9\n|tier|[Gen 9] OU\n|rated|\n|rule|Sleep Clause Mod: Limit one foe put to sleep\n|rule|Species Clause: Limit one of each Pok\u00e9mon\n|rule|OHKO Clause: OHKO moves are banned\n|rule|Evasion Items Clause: Evasion items are banned\n|rule|Evasion Moves Clause: Evasion moves are banned\n|rule|Endless Battle Clause: Forcing endless battles is banned\n|rule|HP Percentage Mod: HP is shown in percentages\n|clearpoke\n|poke|p1|Landorus-Therian, M|\n|poke|p1|Thundurus-Therian, M|\n|poke|p1|Typhlosion-Hisui, F|\n|poke|p1|Zamazenta-*|\n|poke|p1|Slowking, M|\n|poke|p1|Corviknight, F|\n|poke|p2|Meowscarada, F|\n|poke|p2|Kingambit, M|\n|poke|p2|Dragonite, F|\n|poke|p2|Slowking, F|\n|poke|p2|Cinderace, F|\n|poke|p2|Great Tusk|\n|teampreview\n|inactive|Battle timer is ON: inactive players will automatically lose when time's up. (requested by Slakingambit)\n|\n|t:|1701091535\n|start\n|switch|p1a: Landorus|Landorus-Therian, M|100\/100\n|switch|p2a: Dragonite|Dragonite, F|100\/100\n|-ability|p1a: Landorus|Intimidate|boost\n|-unboost|p2a: Dragonite|atk|1\n|turn|1\n|\n|t:|1701091541\n|switch|p2a: Great Tusk|Great Tusk|100\/100\n|move|p1a: Landorus|Stone Edge|p2a: Great Tusk|[miss]\n|-miss|p1a: Landorus|p2a: Great Tusk\n|\n|upkeep\n|turn|2\n|\n|t:|1701091555\n|switch|p1a: Slowking|Slowking, M|100\/100\n|move|p2a: Great Tusk|Knock Off|p1a: Slowking\n|-supereffective|p1a: Slowking\n|-damage|p1a: Slowking|51\/100\n|-enditem|p1a: Slowking|Eject Button|[from] move: Knock Off|[of] p2a: Great Tusk\n|\n|upkeep\n|turn|3\n|\n|t:|1701091574\n|-end|p2a: Great Tusk|Protosynthesis|[silent]\n|switch|p2a: Meowscarada|Meowscarada, F|100\/100\n|move|p1a: Slowking|Future Sight|p2a: Meowscarada\n|-start|p1a: Slowking|move: Future Sight\n|\n|upkeep\n|turn|4\n|\n|t:|1701091586\n|switch|p1a: Zamazenta|Zamazenta|100\/100\n|-ability|p1a: Zamazenta|Dauntless Shield|boost\n|-boost|p1a: Zamazenta|def|1\n|move|p2a: Meowscarada|U-turn|p1a: Zamazenta\n|-start|p2a: Meowscarada|typechange|Bug|[from] ability: Protean\n|-resisted|p1a: Zamazenta\n|-damage|p1a: Zamazenta|91\/100\n|\n|t:|1701091591\n|switch|p2a: Slowking|Slowking, F|100\/100|[from] U-turn\n|\n|-heal|p1a: Zamazenta|97\/100|[from] item: Leftovers\n|upkeep\n|turn|5\n|\n|t:|1701091597\n|move|p1a: Zamazenta|Crunch|p2a: Slowking\n|-supereffective|p2a: Slowking\n|-damage|p2a: Slowking|48\/100\n|-unboost|p2a: Slowking|def|1\n|move|p2a: Slowking|Future Sight|p1a: Zamazenta\n|-start|p2a: Slowking|move: Future Sight\n|\n|-end|p2a: Slowking|move: Future Sight\n|-resisted|p2a: Slowking\n|-damage|p2a: Slowking|36\/100\n|-heal|p1a: Zamazenta|100\/100|[from] item: Leftovers\n|upkeep\n|turn|6\n|\n|t:|1701091620\n|switch|p2a: Great Tusk|Great Tusk|100\/100\n|move|p1a: Zamazenta|Play Rough|p2a: Great Tusk\n|-supereffective|p2a: Great Tusk\n|-damage|p2a: Great Tusk|69\/100\n|-damage|p1a: Zamazenta|84\/100|[from] item: Rocky Helmet|[of] p2a: Great Tusk\n|\n|-heal|p1a: Zamazenta|90\/100|[from] item: Leftovers\n|upkeep\n|turn|7\n|\n|t:|1701091638\n|switch|p1a: Slowking|Slowking, M|84\/100\n|-end|p2a: Great Tusk|Protosynthesis|[silent]\n|switch|p2a: Cinderace|Cinderace, F|100\/100\n|\n|-end|p1a: Slowking|move: Future Sight\n|-resisted|p1a: Slowking\n|-damage|p1a: Slowking|69\/100\n|upkeep\n|turn|8\n|inactive|Xptdrlol64 has 120 seconds left.\n|\n|t:|1701091659\n|move|p2a: Cinderace|U-turn|p1a: Slowking\n|-supereffective|p1a: Slowking\n|-damage|p1a: Slowking|34\/100\n|\n|t:|1701091664\n|switch|p2a: Meowscarada|Meowscarada, F|100\/100|[from] U-turn\n|move|p1a: Slowking|Chilly Reception|p1a: Slowking\n|-weather|Snow\n|inactive|Xptdrlol64 has 120 seconds left.\n|\n|t:|1701091685\n|switch|p1a: Zamazenta|Zamazenta|90\/100|[from] Chilly Reception\n|\n|-weather|Snow|[upkeep]\n|-heal|p1a: Zamazenta|96\/100|[from] item: Leftovers\n|upkeep\n|turn|9\n|\n|t:|1701091691\n|move|p2a: Meowscarada|U-turn|p1a: Zamazenta\n|-start|p2a: Meowscarada|typechange|Bug|[from] ability: Protean\n|-resisted|p1a: Zamazenta\n|-damage|p1a: Zamazenta|81\/100\n|\n|t:|1701091694\n|switch|p2a: Cinderace|Cinderace, F|100\/100|[from] U-turn\n|move|p1a: Zamazenta|Play Rough|p2a: Cinderace\n|-resisted|p2a: Cinderace\n|-damage|p2a: Cinderace|82\/100\n|\n|-weather|Snow|[upkeep]\n|-heal|p1a: Zamazenta|87\/100|[from] item: Leftovers\n|upkeep\n|turn|10\n|inactive|Xptdrlol64 has 120 seconds left.\n|\n|t:|1701091705\n|move|p1a: Zamazenta|Close Combat|p2a: Cinderace\n|-damage|p2a: Cinderace|6\/100\n|-unboost|p1a: Zamazenta|def|1\n|-unboost|p1a: Zamazenta|spd|1\n|move|p2a: Cinderace|Will-O-Wisp|p1a: Zamazenta\n|-status|p1a: Zamazenta|brn\n|\n|-weather|Snow|[upkeep]\n|-heal|p1a: Zamazenta|93\/100 brn|[from] item: Leftovers\n|-damage|p1a: Zamazenta|87\/100 brn|[from] brn\n|upkeep\n|turn|11\n|\n|t:|1701091714\n|switch|p2a: Great Tusk|Great Tusk|69\/100\n|move|p1a: Zamazenta|Crunch|p2a: Great Tusk\n|-resisted|p2a: Great Tusk\n|-damage|p2a: Great Tusk|66\/100\n|-unboost|p2a: Great Tusk|def|1\n|-damage|p1a: Zamazenta|70\/100 brn|[from] item: Rocky Helmet|[of] p2a: Great Tusk\n|\n|-weather|Snow|[upkeep]\n|-heal|p1a: Zamazenta|76\/100 brn|[from] item: Leftovers\n|-damage|p1a: Zamazenta|70\/100 brn|[from] brn\n|upkeep\n|turn|12\n|\n|t:|1701091721\n|switch|p1a: Slowking|Slowking, M|67\/100\n|move|p2a: Great Tusk|Stealth Rock|p1a: Slowking\n|-sidestart|p1: Xptdrlol64|move: Stealth Rock\n|\n|-weather|none\n|upkeep\n|turn|13\n|\n|t:|1701091730\n|-end|p2a: Great Tusk|Protosynthesis|[silent]\n|switch|p2a: Slowking|Slowking, F|69\/100\n|move|p1a: Slowking|Chilly Reception|p1a: Slowking\n|-weather|Snow\n|\n|t:|1701091735\n|switch|p1a: Thundurus|Thundurus-Therian, M|100\/100|[from] Chilly Reception\n|-damage|p1a: Thundurus|75\/100|[from] Stealth Rock\n|\n|-weather|Snow|[upkeep]\n|upkeep\n|turn|14\n|\n|t:|1701091752\n|move|p1a: Thundurus|Nasty Plot|p1a: Thundurus\n|-boost|p1a: Thundurus|spa|2\n|move|p2a: Slowking|Chilly Reception|p2a: Slowking\n|\n|t:|1701091762\n|switch|p2a: Dragonite|Dragonite, F|100\/100|[from] Chilly Reception\n|\n|-weather|Snow|[upkeep]\n|upkeep\n|turn|15\n|\n|t:|1701091770\n|move|p2a: Dragonite|Extreme Speed|p1a: Thundurus\n|-damage|p1a: Thundurus|1\/100\n|move|p1a: Thundurus|Discharge|p2a: Dragonite\n|-damage|p2a: Dragonite|43\/100\n|-damage|p1a: Thundurus|0 fnt|[from] item: Life Orb\n|faint|p1a: Thundurus\n|\n|-weather|Snow|[upkeep]\n|upkeep\n|\n|t:|1701091786\n|switch|p1a: Corviknight|Corviknight, F|100\/100\n|-damage|p1a: Corviknight|88\/100|[from] Stealth Rock\n|turn|16\n|\n|t:|1701091792\n|switch|p2a: Great Tusk|Great Tusk|66\/100\n|move|p1a: Corviknight|Defog|p2a: Great Tusk\n|-unboost|p2a: Great Tusk|evasion|1\n|-sideend|p1: Xptdrlol64|Stealth Rock|[from] move: Defog|[of] p1a: Corviknight\n|\n|-weather|Snow|[upkeep]\n|upkeep\n|turn|17\n|\n|t:|1701091798\n|move|p2a: Great Tusk|Knock Off|p1a: Corviknight\n|-damage|p1a: Corviknight|69\/100\n|-damage|p2a: Great Tusk|49\/100|[from] item: Rocky Helmet|[of] p1a: Corviknight\n|-enditem|p1a: Corviknight|Rocky Helmet|[from] move: Knock Off|[of] p2a: Great Tusk\n|move|p1a: Corviknight|Drill Peck|p2a: Great Tusk\n|-supereffective|p2a: Great Tusk\n|-damage|p2a: Great Tusk|20\/100\n|-damage|p1a: Corviknight|53\/100|[from] item: Rocky Helmet|[of] p2a: Great Tusk\n|\n|-weather|none\n|upkeep\n|turn|18\n|\n|t:|1701091807\n|-end|p2a: Great Tusk|Protosynthesis|[silent]\n|switch|p2a: Slowking|Slowking, F|100\/100\n|move|p1a: Corviknight|Drill Peck|p2a: Slowking\n|-damage|p2a: Slowking|67\/100\n|\n|upkeep\n|turn|19\n|\n|t:|1701091811\n|move|p1a: Corviknight|Roost|p1a: Corviknight\n|-heal|p1a: Corviknight|100\/100\n|-singleturn|p1a: Corviknight|move: Roost\n|move|p2a: Slowking|Future Sight|p1a: Corviknight\n|-start|p2a: Slowking|move: Future Sight\n|\n|upkeep\n|turn|20\n|\n|t:|1701091821\n|move|p1a: Corviknight|Drill Peck|p2a: Slowking\n|-damage|p2a: Slowking|37\/100\n|move|p2a: Slowking|Chilly Reception|p2a: Slowking\n|-weather|Snow\n|\n|t:|1701091824\n|switch|p2a: Cinderace|Cinderace, F|6\/100|[from] Chilly Reception\n|\n|-weather|Snow|[upkeep]\n|upkeep\n|turn|21\n|\n|t:|1701091831\n|switch|p1a: Zamazenta|Zamazenta|70\/100 brn\n|move|p2a: Cinderace|Pyro Ball|p1a: Zamazenta\n|-damage|p1a: Zamazenta|3\/100 brn\n|\n|-weather|Snow|[upkeep]\n|-end|p1a: Zamazenta|move: Future Sight\n|-supereffective|p1a: Zamazenta\n|-damage|p1a: Zamazenta|0 fnt\n|faint|p1a: Zamazenta\n|upkeep\n|inactive|Xptdrlol64 has 120 seconds left.\n|\n|t:|1701091872\n|switch|p1a: Landorus|Landorus-Therian, M|100\/100\n|-ability|p1a: Landorus|Intimidate|boost\n|-unboost|p2a: Cinderace|atk|1\n|turn|22\n|\n|t:|1701091900\n|switch|p1a: Typhlosion|Typhlosion-Hisui, F|100\/100\n|-item|p2a: Cinderace|Heavy-Duty Boots|[from] ability: Frisk|[of] p1a: Typhlosion|[identify]\n|-terastallize|p2a: Cinderace|Flying\n|move|p2a: Cinderace|Will-O-Wisp|p1a: Typhlosion\n|-immune|p1a: Typhlosion\n|\n|-weather|Snow|[upkeep]\n|upkeep\n|turn|23\n|\n|t:|1701091908\n|move|p1a: Typhlosion|Flamethrower|p2a: Cinderace\n|-damage|p2a: Cinderace|0 fnt\n|faint|p2a: Cinderace\n|\n|-weather|Snow|[upkeep]\n|upkeep\n|\n|t:|1701091915\n|switch|p2a: Slowking|Slowking, F|70\/100\n|turn|24\n|\n|t:|1701091922\n|switch|p1a: Slowking|Slowking, M|99\/100\n|move|p2a: Slowking|Chilly Reception|p2a: Slowking\n|\n|t:|1701091946\n|switch|p2a: Meowscarada|Meowscarada, F|100\/100|[from] Chilly Reception\n|\n|-weather|none\n|upkeep\n|turn|25\n|\n|t:|1701091955\n|switch|p1a: Corviknight|Corviknight, F|100\/100\n|move|p2a: Meowscarada|Knock Off|p1a: Corviknight\n|-start|p2a: Meowscarada|typechange|Dark|[from] ability: Protean\n|-damage|p1a: Corviknight|81\/100\n|\n|upkeep\n|turn|26\n|\n|t:|1701091966\n|switch|p2a: Slowking|Slowking, F|100\/100\n|move|p1a: Corviknight|U-turn|p2a: Slowking\n|-supereffective|p2a: Slowking\n|-damage|p2a: Slowking|63\/100\n|\n|t:|1701091978\n|switch|p1a: Landorus|Landorus-Therian, M|100\/100|[from] U-turn\n|-ability|p1a: Landorus|Intimidate|boost\n|-unboost|p2a: Slowking|atk|1\n|\n|upkeep\n|turn|27\n|\n|t:|1701091983\n|move|p1a: Landorus|U-turn|p2a: Slowking\n|-supereffective|p2a: Slowking\n|-damage|p2a: Slowking|0 fnt\n|faint|p2a: Slowking\n|\n|t:|1701091988\n|switch|p1a: Typhlosion|Typhlosion-Hisui, F|100\/100|[from] U-turn\n|\n|upkeep\n|\n|t:|1701091993\n|switch|p2a: Meowscarada|Meowscarada, F|100\/100\n|turn|28\n|\n|t:|1701091999\n|switch|p1a: Corviknight|Corviknight, F|81\/100\n|move|p2a: Meowscarada|Knock Off|p1a: Corviknight\n|-start|p2a: Meowscarada|typechange|Dark|[from] ability: Protean\n|-damage|p1a: Corviknight|58\/100\n|\n|upkeep\n|turn|29\n|\n|t:|1701092004\n|switch|p2a: Dragonite|Dragonite, F|43\/100\n|move|p1a: Corviknight|Roost|p1a: Corviknight\n|-heal|p1a: Corviknight|100\/100\n|-singleturn|p1a: Corviknight|move: Roost\n|\n|upkeep\n|turn|30\n|\n|t:|1701092011\n|move|p2a: Dragonite|Fire Punch|p1a: Corviknight\n|-supereffective|p1a: Corviknight\n|-damage|p1a: Corviknight|40\/100\n|move|p1a: Corviknight|U-turn|p2a: Dragonite\n|-resisted|p2a: Dragonite\n|-damage|p2a: Dragonite|33\/100\n|\n|t:|1701092017\n|switch|p1a: Typhlosion|Typhlosion-Hisui, F|100\/100|[from] U-turn\n|-item|p2a: Dragonite|Choice Band|[from] ability: Frisk|[of] p1a: Typhlosion|[identify]\n|\n|upkeep\n|turn|31\n|\n|t:|1701092029\n|switch|p2a: Great Tusk|Great Tusk|20\/100\n|move|p1a: Typhlosion|Eruption|p2a: Great Tusk\n|-damage|p2a: Great Tusk|0 fnt\n|faint|p2a: Great Tusk\n|-end|p2a: Great Tusk|Protosynthesis|[silent]\n|\n|upkeep\n|\n|t:|1701092039\n|switch|p2a: Meowscarada|Meowscarada, F|100\/100\n|turn|32\n|\n|t:|1701092043\n|switch|p1a: Corviknight|Corviknight, F|40\/100\n|move|p2a: Meowscarada|Knock Off|p1a: Corviknight\n|-start|p2a: Meowscarada|typechange|Dark|[from] ability: Protean\n|-damage|p1a: Corviknight|18\/100\n|\n|upkeep\n|turn|33\n|\n|t:|1701092050\n|move|p2a: Meowscarada|Knock Off|p1a: Corviknight\n|-damage|p1a: Corviknight|0 fnt\n|faint|p1a: Corviknight\n|\n|upkeep\n|\n|t:|1701092052\n|switch|p1a: Landorus|Landorus-Therian, M|100\/100\n|-ability|p1a: Landorus|Intimidate|boost\n|-unboost|p2a: Meowscarada|atk|1\n|turn|34\n|\n|t:|1701092057\n|switch|p2a: Dragonite|Dragonite, F|33\/100\n|move|p1a: Landorus|U-turn|p2a: Dragonite\n|-resisted|p2a: Dragonite\n|-damage|p2a: Dragonite|11\/100\n|\n|t:|1701092062\n|switch|p1a: Typhlosion|Typhlosion-Hisui, F|100\/100|[from] U-turn\n|-item|p2a: Dragonite|Choice Band|[from] ability: Frisk|[of] p1a: Typhlosion|[identify]\n|\n|upkeep\n|turn|35\n|inactive|Slakingambit has 120 seconds left.\n|inactive|Slakingambit has 90 seconds left.\n|inactive|Slakingambit has 60 seconds left.\n|\n|t:|1701092155\n|move|p1a: Typhlosion|Eruption|p2a: Dragonite\n|-resisted|p2a: Dragonite\n|-damage|p2a: Dragonite|0 fnt\n|faint|p2a: Dragonite\n|\n|upkeep\n|inactive|Slakingambit has 60 seconds left.\n|\n|t:|1701092161\n|switch|p2a: Meowscarada|Meowscarada, F|100\/100\n|turn|36\n|inactive|Slakingambit has 60 seconds left.\n|\n|t:|1701092172\n|-terastallize|p1a: Typhlosion|Fire\n|move|p2a: Meowscarada|Knock Off|p1a: Typhlosion\n|-start|p2a: Meowscarada|typechange|Dark|[from] ability: Protean\n|-damage|p1a: Typhlosion|35\/100\n|-enditem|p1a: Typhlosion|Choice Scarf|[from] move: Knock Off|[of] p2a: Meowscarada\n|move|p1a: Typhlosion|Eruption|p2a: Meowscarada\n|-damage|p2a: Meowscarada|44\/100\n|\n|upkeep\n|turn|37\n|\n|t:|1701092187\n|move|p2a: Meowscarada|Knock Off|p1a: Typhlosion\n|-damage|p1a: Typhlosion|0 fnt\n|faint|p1a: Typhlosion\n|\n|upkeep\n|\n|t:|1701092195\n|switch|p1a: Landorus|Landorus-Therian, M|100\/100\n|-ability|p1a: Landorus|Intimidate|boost\n|-unboost|p2a: Meowscarada|atk|1\n|turn|38\n|\n|t:|1701092202\n|move|p2a: Meowscarada|Knock Off|p1a: Landorus\n|-damage|p1a: Landorus|64\/100\n|-enditem|p1a: Landorus|Choice Band|[from] move: Knock Off|[of] p2a: Meowscarada\n|move|p1a: Landorus|Earthquake|p2a: Meowscarada\n|-damage|p2a: Meowscarada|0 fnt\n|faint|p2a: Meowscarada\n|\n|upkeep\n|\n|t:|1701092205\n|switch|p2a: Kingambit|Kingambit, M|100\/100\n|-activate|p2a: Kingambit|ability: Supreme Overlord\n|-start|p2a: Kingambit|fallen5|[silent]\n|turn|39\n|\n|t:|1701092207\n|move|p2a: Kingambit|Sucker Punch|p1a: Landorus\n|-damage|p1a: Landorus|0 fnt\n|faint|p1a: Landorus\n|\n|upkeep\n|\n|t:|1701092211\n|switch|p1a: Slowking|Slowking, M|100\/100\n|turn|40\n|\n|t:|1701092224\n|move|p2a: Kingambit|Kowtow Cleave|p1a: Slowking\n|-supereffective|p1a: Slowking\n|-damage|p1a: Slowking|0 fnt\n|faint|p1a: Slowking\n|\n|win|Slakingambit\n|raw|Xptdrlol64's rating: 1240 &rarr; <strong>1212<\/strong><br \/>(-28 for losing)\n|raw|Slakingambit's rating: 1205 &rarr; <strong>1233<\/strong><br \/>(+28 for winning)\n|c|\u2606Slakingambit|gg\n","uploadtime":1701092232,"views":13,"p1id":"xptdrlol64","p2id":"slakingambit","formatid":"gen9ou","rating":1212,"private":0,"password":""}