{"id":"gen9ou-1992412018","p1":"GhAnDiMate","p2":"PLAYB0I R0BBIE B","format":"[Gen 9] OU","log":"|j|\u2606GhAnDiMate\n|j|\u2606PLAYB0I R0BBIE B\n|t:|1700184523\n|gametype|singles\n|player|p1|GhAnDiMate|rood|1172\n|player|p2|PLAYB0I R0BBIE B|eusine|1261\n|teamsize|p1|6\n|teamsize|p2|6\n|gen|9\n|tier|[Gen 9] OU\n|rated|\n|rule|Sleep Clause Mod: Limit one foe put to sleep\n|rule|Species Clause: Limit one of each Pok\u00e9mon\n|rule|OHKO Clause: OHKO moves are banned\n|rule|Evasion Items Clause: Evasion items are banned\n|rule|Evasion Moves Clause: Evasion moves are banned\n|rule|Endless Battle Clause: Forcing endless battles is banned\n|rule|HP Percentage Mod: HP is shown in percentages\n|clearpoke\n|poke|p1|Ogerpon-Wellspring, F|\n|poke|p1|Corviknight, M|\n|poke|p1|Dragonite, F|\n|poke|p1|Enamorus, F|\n|poke|p1|Great Tusk|\n|poke|p1|Cinderace, M|\n|poke|p2|Meowscarada, F|\n|poke|p2|Thundurus-Therian, M|\n|poke|p2|Dragapult, F|\n|poke|p2|Heatran, F|\n|poke|p2|Great Tusk|\n|poke|p2|Slowking-Galar, F|\n|teampreview\n|\n|t:|1700184531\n|start\n|switch|p1a: Ogerpon|Ogerpon-Wellspring, F|100\/100\n|switch|p2a: ASTROTHUNDER|Thundurus-Therian, M|100\/100\n|turn|1\n|\n|t:|1700184542\n|-terastallize|p2a: ASTROTHUNDER|Flying\n|move|p1a: Ogerpon|U-turn|p2a: ASTROTHUNDER\n|-resisted|p2a: ASTROTHUNDER\n|-damage|p2a: ASTROTHUNDER|78\/100\n|\n|t:|1700184551\n|switch|p1a: Great Tusk|Great Tusk|100\/100|[from] U-turn\n|-enditem|p1a: Great Tusk|Booster Energy\n|-activate|p1a: Great Tusk|ability: Protosynthesis|[fromitem]\n|-start|p1a: Great Tusk|protosynthesisspe\n|move|p2a: ASTROTHUNDER|Tera Blast|p1a: Great Tusk|[anim] Tera Blast Flying\n|-supereffective|p1a: Great Tusk\n|-damage|p1a: Great Tusk|0 fnt\n|faint|p1a: Great Tusk\n|-end|p1a: Great Tusk|Protosynthesis|[silent]\n|\n|upkeep\n|\n|t:|1700184568\n|switch|p1a: Enamorus|Enamorus, F|100\/100\n|turn|2\n|\n|t:|1700184573\n|switch|p2a: WAKE UP|Slowking-Galar, F|100\/100\n|move|p1a: Enamorus|Psychic|p2a: WAKE UP\n|-damage|p2a: WAKE UP|78\/100\n|\n|upkeep\n|turn|3\n|\n|t:|1700184580\n|switch|p1a: Ogerpon|Ogerpon-Wellspring, F|100\/100\n|move|p2a: WAKE UP|Sludge Bomb|p1a: Ogerpon\n|-supereffective|p1a: Ogerpon\n|-damage|p1a: Ogerpon|9\/100\n|\n|upkeep\n|turn|4\n|\n|t:|1700184587\n|-terastallize|p1a: Ogerpon|Water\n|detailschange|p1a: Ogerpon|Ogerpon-Wellspring-Tera, F, tera:Water\n|-ability|p1a: Ogerpon|Embody Aspect (Wellspring)|boost\n|-boost|p1a: Ogerpon|spd|1\n|move|p1a: Ogerpon|U-turn|p2a: WAKE UP\n|-damage|p2a: WAKE UP|48\/100\n|\n|t:|1700184592\n|switch|p1a: Corviknight|Corviknight, M|100\/100|[from] U-turn\n|-ability|p1a: Corviknight|Pressure\n|move|p2a: WAKE UP|Flamethrower|p1a: Corviknight\n|-supereffective|p1a: Corviknight\n|-damage|p1a: Corviknight|54\/100\n|\n|-heal|p1a: Corviknight|61\/100|[from] item: Leftovers\n|upkeep\n|turn|5\n|\n|t:|1700184602\n|switch|p2a: NO BYSTANDERS|Dragapult, F|100\/100\n|move|p1a: Corviknight|U-turn|p2a: NO BYSTANDERS\n|-resisted|p2a: NO BYSTANDERS\n|-damage|p2a: NO BYSTANDERS|89\/100\n|\n|t:|1700184607\n|switch|p1a: Cinderace|Cinderace, M|100\/100|[from] U-turn\n|\n|upkeep\n|turn|6\n|\n|t:|1700184611\n|move|p1a: Cinderace|Sucker Punch||[still]\n|-fail|p1a: Cinderace\n|move|p2a: NO BYSTANDERS|Thunder Wave|p1a: Cinderace\n|-status|p1a: Cinderace|par\n|\n|upkeep\n|turn|7\n|\n|t:|1700184619\n|switch|p2a: YOSEMITE|Great Tusk|100\/100\n|move|p1a: Cinderace|Sucker Punch||[still]\n|-fail|p1a: Cinderace\n|\n|upkeep\n|turn|8\n|\n|t:|1700184625\n|switch|p1a: Dragonite|Dragonite, F|100\/100\n|move|p2a: YOSEMITE|Rapid Spin|p1a: Dragonite\n|-damage|p1a: Dragonite|91\/100\n|-boost|p2a: YOSEMITE|spe|1\n|\n|upkeep\n|turn|9\n|\n|t:|1700184632\n|move|p2a: YOSEMITE|Ice Spinner|p1a: Dragonite\n|-supereffective|p1a: Dragonite\n|-damage|p1a: Dragonite|0 fnt\n|faint|p1a: Dragonite\n|\n|upkeep\n|\n|t:|1700184647\n|switch|p1a: Corviknight|Corviknight, M|61\/100\n|-ability|p1a: Corviknight|Pressure\n|turn|10\n|\n|t:|1700184654\n|-end|p2a: YOSEMITE|Protosynthesis|[silent]\n|switch|p2a: ASTROTHUNDER|Thundurus-Therian, M, tera:Flying|78\/100\n|move|p1a: Corviknight|Body Press|p2a: ASTROTHUNDER\n|-resisted|p2a: ASTROTHUNDER\n|-damage|p2a: ASTROTHUNDER|59\/100\n|\n|-heal|p1a: Corviknight|67\/100|[from] item: Leftovers\n|upkeep\n|turn|11\n|inactive|Battle timer is ON: inactive players will automatically lose when time's up. (requested by PLAYB0I R0BBIE B)\n|inactive|GhAnDiMate has 120 seconds left.\n|\n|t:|1700184708\n|move|p2a: ASTROTHUNDER|Volt Switch|p1a: Corviknight\n|-supereffective|p1a: Corviknight\n|-damage|p1a: Corviknight|0 fnt\n|faint|p1a: Corviknight\n|-message|GhAnDiMate forfeited.\n|\n|win|PLAYB0I R0BBIE B\n|raw|GhAnDiMate's rating: 1172 &rarr; <strong>1153<\/strong><br \/>(-19 for losing)\n|raw|PLAYB0I R0BBIE B's rating: 1261 &rarr; <strong>1280<\/strong><br \/>(+19 for winning)\n|l|\u2606GhAnDiMate\n","uploadtime":1700184713,"views":7,"p1id":"ghandimate","p2id":"playb0ir0bbieb","formatid":"gen9ou","rating":1153,"private":0,"password":""}