{"id":"gen9ou-1989665567","p1":"Mrsirmansir","p2":"americandragon79","format":"[Gen 9] OU","log":"|j|\u2606Mrsirmansir\n|j|\u2606americandragon79\n|t:|1699884800\n|gametype|singles\n|player|p1|Mrsirmansir|gambler|1073\n|player|p2|americandragon79|acetrainerf-gen7|1125\n|teamsize|p1|6\n|teamsize|p2|6\n|gen|9\n|tier|[Gen 9] OU\n|rated|\n|rule|Sleep Clause Mod: Limit one foe put to sleep\n|rule|Species Clause: Limit one of each Pok\u00e9mon\n|rule|OHKO Clause: OHKO moves are banned\n|rule|Evasion Items Clause: Evasion items are banned\n|rule|Evasion Moves Clause: Evasion moves are banned\n|rule|Endless Battle Clause: Forcing endless battles is banned\n|rule|HP Percentage Mod: HP is shown in percentages\n|clearpoke\n|poke|p1|Corviknight, M|\n|poke|p1|Iron Valiant|\n|poke|p1|Sandy Shocks|\n|poke|p1|Samurott-Hisui, F|\n|poke|p1|Cinderace, M|\n|poke|p1|Ogerpon-Wellspring, F|\n|poke|p2|Dragonite, M|\n|poke|p2|Clefable, F|\n|poke|p2|Heatran, F|\n|poke|p2|Landorus-Therian, M|\n|poke|p2|Greninja-*, M|\n|poke|p2|Sneasler, M|\n|teampreview\n|inactive|Battle timer is ON: inactive players will automatically lose when time's up. (requested by Mrsirmansir)\n|c|\u2606americandragon79|Gl hf\n|\n|t:|1699884815\n|start\n|switch|p1a: Samurott|Samurott-Hisui, F|100\/100\n|switch|p2a: Landorus|Landorus-Therian, M, shiny|100\/100\n|-ability|p2a: Landorus|Intimidate|boost\n|-unboost|p1a: Samurott|atk|1\n|turn|1\n|\n|t:|1699884830\n|move|p2a: Landorus|U-turn|p1a: Samurott\n|-supereffective|p1a: Samurott\n|-damage|p1a: Samurott|29\/100\n|c|\u2606Mrsirmansir|You too\n|\n|t:|1699884834\n|switch|p2a: Clefable|Clefable, F, shiny|100\/100|[from] U-turn\n|move|p1a: Samurott|Encore||[still]\n|-fail|p1a: Samurott\n|\n|upkeep\n|turn|2\n|\n|t:|1699884845\n|move|p1a: Samurott|Knock Off|p2a: Clefable\n|-resisted|p2a: Clefable\n|-damage|p2a: Clefable|77\/100\n|-enditem|p2a: Clefable|Leftovers|[from] move: Knock Off|[of] p1a: Samurott\n|move|p2a: Clefable|Moonblast|p1a: Samurott\n|-supereffective|p1a: Samurott\n|-damage|p1a: Samurott|0 fnt\n|faint|p1a: Samurott\n|\n|upkeep\n|\n|t:|1699884852\n|switch|p1a: Sandy Shocks|Sandy Shocks|100\/100\n|turn|3\n|\n|t:|1699884858\n|move|p1a: Sandy Shocks|Stealth Rock|p2a: Clefable\n|-sidestart|p2: americandragon79|move: Stealth Rock\n|move|p2a: Clefable|Moonlight|p2a: Clefable\n|-heal|p2a: Clefable|100\/100\n|\n|upkeep\n|turn|4\n|\n|t:|1699884866\n|move|p1a: Sandy Shocks|Volt Switch|p2a: Clefable\n|-damage|p2a: Clefable|68\/100\n|\n|t:|1699884872\n|-end|p1a: Sandy Shocks|Protosynthesis|[silent]\n|switch|p1a: Corviknight|Corviknight, M|100\/100|[from] Volt Switch\n|-ability|p1a: Corviknight|Pressure\n|move|p2a: Clefable|Moonblast|p1a: Corviknight\n|-resisted|p1a: Corviknight\n|-damage|p1a: Corviknight|79\/100\n|\n|-heal|p1a: Corviknight|85\/100|[from] item: Leftovers\n|upkeep\n|turn|5\n|\n|t:|1699884885\n|-terastallize|p2a: Clefable|Fire\n|move|p1a: Corviknight|Body Press|p2a: Clefable\n|-damage|p2a: Clefable|37\/100\n|move|p2a: Clefable|Fire Blast|p1a: Corviknight|[miss]\n|-miss|p2a: Clefable|p1a: Corviknight\n|\n|-heal|p1a: Corviknight|91\/100|[from] item: Leftovers\n|upkeep\n|turn|6\n|\n|t:|1699884896\n|switch|p1a: Ogerpon|Ogerpon-Wellspring, F|100\/100\n|move|p2a: Clefable|Moonlight|p2a: Clefable\n|-heal|p2a: Clefable|87\/100\n|\n|upkeep\n|turn|7\n|\n|t:|1699884907\n|switch|p2a: Dragonite|Dragonite, M, shiny|100\/100\n|move|p1a: Ogerpon|Ivy Cudgel|p2a: Dragonite\n|-resisted|p2a: Dragonite\n|-damage|p2a: Dragonite|85\/100\n|\n|upkeep\n|turn|8\n|\n|t:|1699884915\n|move|p1a: Ogerpon|Taunt|p2a: Dragonite\n|-start|p2a: Dragonite|move: Taunt\n|cant|p2a: Dragonite|move: Taunt|Dragon Dance\n|\n|upkeep\n|turn|9\n|\n|t:|1699884924\n|move|p2a: Dragonite|Extreme Speed|p1a: Ogerpon\n|-damage|p1a: Ogerpon|62\/100\n|move|p1a: Ogerpon|U-turn|p2a: Dragonite\n|-resisted|p2a: Dragonite\n|-crit|p2a: Dragonite\n|-damage|p2a: Dragonite|63\/100\n|\n|t:|1699884931\n|switch|p1a: Iron Valiant|Iron Valiant|100\/100|[from] U-turn\n|-enditem|p1a: Iron Valiant|Booster Energy\n|-activate|p1a: Iron Valiant|ability: Quark Drive|[fromitem]\n|-start|p1a: Iron Valiant|quarkdrivespe\n|\n|upkeep\n|turn|10\n|\n|t:|1699884940\n|move|p2a: Dragonite|Extreme Speed|p1a: Iron Valiant\n|-damage|p1a: Iron Valiant|58\/100\n|move|p1a: Iron Valiant|Swords Dance|p1a: Iron Valiant\n|-boost|p1a: Iron Valiant|atk|2\n|\n|-end|p2a: Dragonite|move: Taunt\n|upkeep\n|turn|11\n|\n|t:|1699884950\n|switch|p2a: Landorus|Landorus-Therian, M, shiny|100\/100\n|-damage|p2a: Landorus|88\/100|[from] Stealth Rock\n|-ability|p2a: Landorus|Intimidate|boost\n|-unboost|p1a: Iron Valiant|atk|1\n|move|p1a: Iron Valiant|Spirit Break|p2a: Landorus\n|-damage|p2a: Landorus|18\/100\n|-unboost|p2a: Landorus|spa|1\n|\n|upkeep\n|turn|12\n|\n|t:|1699884964\n|move|p1a: Iron Valiant|Knock Off|p2a: Landorus\n|-damage|p2a: Landorus|0 fnt\n|-enditem|p2a: Landorus|Choice Scarf|[from] move: Knock Off|[of] p1a: Iron Valiant\n|faint|p2a: Landorus\n|\n|upkeep\n|\n|t:|1699884977\n|switch|p2a: Clefable|Clefable, F, shiny, tera:Fire|87\/100\n|-damage|p2a: Clefable|62\/100|[from] Stealth Rock\n|turn|13\n|\n|t:|1699884985\n|move|p1a: Iron Valiant|Spirit Break|p2a: Clefable\n|-resisted|p2a: Clefable\n|-damage|p2a: Clefable|40\/100\n|-unboost|p2a: Clefable|spa|1\n|move|p2a: Clefable|Moonblast|p1a: Iron Valiant\n|-supereffective|p1a: Iron Valiant\n|-damage|p1a: Iron Valiant|0 fnt\n|faint|p1a: Iron Valiant\n|-end|p1a: Iron Valiant|Quark Drive|[silent]\n|\n|upkeep\n|\n|t:|1699884995\n|switch|p1a: Ogerpon|Ogerpon-Wellspring, F|62\/100\n|turn|14\n|\n|t:|1699885003\n|move|p1a: Ogerpon|Ivy Cudgel|p2a: Clefable\n|-supereffective|p2a: Clefable\n|-damage|p2a: Clefable|0 fnt\n|faint|p2a: Clefable\n|\n|upkeep\n|\n|t:|1699885008\n|switch|p2a: Dragonite|Dragonite, M, shiny|63\/100\n|turn|15\n|\n|t:|1699885013\n|move|p2a: Dragonite|Extreme Speed|p1a: Ogerpon\n|-damage|p1a: Ogerpon|24\/100\n|move|p1a: Ogerpon|Taunt|p2a: Dragonite\n|-start|p2a: Dragonite|move: Taunt\n|\n|upkeep\n|turn|16\n|\n|t:|1699885020\n|switch|p1a: Corviknight|Corviknight, M|91\/100\n|-ability|p1a: Corviknight|Pressure\n|move|p2a: Dragonite|Fire Punch|p1a: Corviknight\n|-supereffective|p1a: Corviknight\n|-damage|p1a: Corviknight|59\/100\n|\n|-heal|p1a: Corviknight|65\/100|[from] item: Leftovers\n|upkeep\n|turn|17\n|\n|t:|1699885032\n|switch|p2a: Heatran|Heatran, F, shiny|100\/100\n|-damage|p2a: Heatran|88\/100|[from] Stealth Rock\n|move|p1a: Corviknight|Body Press|p2a: Heatran\n|-supereffective|p2a: Heatran\n|-damage|p2a: Heatran|44\/100\n|\n|-heal|p1a: Corviknight|71\/100|[from] item: Leftovers\n|upkeep\n|turn|18\n|\n|t:|1699885042\n|move|p2a: Heatran|Stealth Rock|p1a: Corviknight\n|-sidestart|p1: Mrsirmansir|move: Stealth Rock\n|move|p1a: Corviknight|Body Press|p2a: Heatran\n|-supereffective|p2a: Heatran\n|-damage|p2a: Heatran|0 fnt\n|faint|p2a: Heatran\n|\n|-heal|p1a: Corviknight|77\/100|[from] item: Leftovers\n|upkeep\n|\n|t:|1699885051\n|switch|p2a: Greninja|Greninja, M, shiny|100\/100\n|-damage|p2a: Greninja|88\/100|[from] Stealth Rock\n|turn|19\n|\n|t:|1699885058\n|move|p2a: Greninja|Spikes|p1a: Corviknight\n|-start|p2a: Greninja|typechange|Ground|[from] ability: Protean\n|-sidestart|p1: Mrsirmansir|Spikes\n|move|p1a: Corviknight|U-turn|p2a: Greninja\n|-damage|p2a: Greninja|65\/100\n|\n|t:|1699885068\n|switch|p1a: Ogerpon|Ogerpon-Wellspring, F|24\/100|[from] U-turn\n|-damage|p1a: Ogerpon|11\/100|[from] Stealth Rock\n|-damage|p1a: Ogerpon|0 fnt|[from] Spikes\n|faint|p1a: Ogerpon\n|\n|upkeep\n|\n|t:|1699885072\n|switch|p1a: Cinderace|Cinderace, M|100\/100\n|turn|20\n|\n|t:|1699885079\n|move|p2a: Greninja|Surf|p1a: Cinderace\n|-supereffective|p1a: Cinderace\n|-damage|p1a: Cinderace|7\/100\n|move|p1a: Cinderace|Court Change|p1a: Cinderace\n|-start|p1a: Cinderace|typechange|Normal|[from] ability: Libero\n|-swapsideconditions\n|-activate|p1a: Cinderace|move: Court Change\n|\n|upkeep\n|turn|21\n|\n|t:|1699885088\n|move|p1a: Cinderace|Sucker Punch|p2a: Greninja\n|-damage|p2a: Greninja|26\/100\n|move|p2a: Greninja|U-turn|p1a: Cinderace\n|-damage|p1a: Cinderace|0 fnt\n|faint|p1a: Cinderace\n|\n|t:|1699885094\n|switch|p2a: Dragonite|Dragonite, M, shiny|63\/100|[from] U-turn\n|\n|upkeep\n|\n|t:|1699885102\n|switch|p1a: Sandy Shocks|Sandy Shocks|100\/100\n|turn|22\n|\n|t:|1699885108\n|move|p1a: Sandy Shocks|Volt Switch|p2a: Dragonite\n|-damage|p2a: Dragonite|25\/100\n|\n|t:|1699885114\n|-end|p1a: Sandy Shocks|Protosynthesis|[silent]\n|switch|p1a: Corviknight|Corviknight, M|77\/100|[from] Volt Switch\n|-damage|p1a: Corviknight|64\/100|[from] Stealth Rock\n|-ability|p1a: Corviknight|Pressure\n|move|p2a: Dragonite|Earthquake|p1a: Corviknight\n|-immune|p1a: Corviknight\n|\n|-heal|p1a: Corviknight|70\/100|[from] item: Leftovers\n|upkeep\n|turn|23\n|\n|t:|1699885126\n|move|p2a: Dragonite|Fire Punch|p1a: Corviknight\n|-supereffective|p1a: Corviknight\n|-damage|p1a: Corviknight|33\/100\n|move|p1a: Corviknight|Body Press|p2a: Dragonite\n|-resisted|p2a: Dragonite\n|-crit|p2a: Dragonite\n|-damage|p2a: Dragonite|3\/100\n|\n|-heal|p1a: Corviknight|39\/100|[from] item: Leftovers\n|upkeep\n|turn|24\n|\n|t:|1699885136\n|-terastallize|p1a: Corviknight|Water\n|move|p2a: Dragonite|Fire Punch|p1a: Corviknight\n|-resisted|p1a: Corviknight\n|-damage|p1a: Corviknight|30\/100\n|move|p1a: Corviknight|U-turn|p2a: Dragonite\n|-resisted|p2a: Dragonite\n|-damage|p2a: Dragonite|0 fnt\n|faint|p2a: Dragonite\n|\n|t:|1699885143\n|switch|p1a: Sandy Shocks|Sandy Shocks|100\/100|[from] U-turn\n|\n|upkeep\n|\n|t:|1699885149\n|switch|p2a: Greninja|Greninja, M, shiny|26\/100\n|-damage|p2a: Greninja|14\/100|[from] Stealth Rock\n|-damage|p2a: Greninja|2\/100|[from] Spikes\n|turn|25\n|\n|t:|1699885160\n|move|p2a: Greninja|Surf|p1a: Sandy Shocks\n|-start|p2a: Greninja|typechange|Water|[from] ability: Protean\n|-supereffective|p1a: Sandy Shocks\n|-damage|p1a: Sandy Shocks|0 fnt\n|faint|p1a: Sandy Shocks\n|-end|p1a: Sandy Shocks|Protosynthesis|[silent]\n|\n|upkeep\n|\n|t:|1699885164\n|switch|p1a: Corviknight|Corviknight, M, tera:Water|30\/100\n|-damage|p1a: Corviknight|18\/100|[from] Stealth Rock\n|-ability|p1a: Corviknight|Pressure\n|turn|26\n|c|\u2606americandragon79|gg\n|\n|t:|1699885178\n|move|p2a: Greninja|Surf|p1a: Corviknight\n|-resisted|p1a: Corviknight\n|-crit|p1a: Corviknight\n|-damage|p1a: Corviknight|0 fnt\n|faint|p1a: Corviknight\n|\n|win|americandragon79\n|raw|Mrsirmansir's rating: 1073 &rarr; <strong>1055<\/strong><br \/>(-18 for losing)\n|raw|americandragon79's rating: 1125 &rarr; <strong>1146<\/strong><br \/>(+21 for winning)\n|l|\u2606Mrsirmansir\n|c|\u2606americandragon79|Let's battle again sometime\n","uploadtime":1699885217,"views":10,"p1id":"mrsirmansir","p2id":"americandragon79","formatid":"gen9ou","rating":1055,"private":0,"password":""}