{"id":"gen9ou-1992809792","p1":"YokaiSamurai","p2":"SethLikesCombusken","format":"[Gen 9] OU","log":"|j|\u2606YokaiSamurai\n|j|\u2606SethLikesCombusken\n|t:|1700237382\n|gametype|singles\n|player|p1|YokaiSamurai|ghetsis|1212\n|player|p2|SethLikesCombusken|palmer|1176\n|teamsize|p1|6\n|teamsize|p2|6\n|gen|9\n|tier|[Gen 9] OU\n|rated|\n|rule|Sleep Clause Mod: Limit one foe put to sleep\n|rule|Species Clause: Limit one of each Pok\u00e9mon\n|rule|OHKO Clause: OHKO moves are banned\n|rule|Evasion Items Clause: Evasion items are banned\n|rule|Evasion Moves Clause: Evasion moves are banned\n|rule|Endless Battle Clause: Forcing endless battles is banned\n|rule|HP Percentage Mod: HP is shown in percentages\n|clearpoke\n|poke|p1|Ribombee, F|\n|poke|p1|Great Tusk|\n|poke|p1|Gholdengo|\n|poke|p1|Iron Moth|\n|poke|p1|Ogerpon-Wellspring, F|\n|poke|p1|Dragonite, F|\n|poke|p2|Heatran, M|\n|poke|p2|Sneasler, F|\n|poke|p2|Iron Valiant|\n|poke|p2|Rillaboom, M|\n|poke|p2|Great Tusk|\n|poke|p2|Salazzle, F|\n|teampreview\n|inactive|Battle timer is ON: inactive players will automatically lose when time's up. (requested by YokaiSamurai)\n|inactive|SethLikesCombusken also wants the timer to be on.\n|\n|t:|1700237392\n|start\n|switch|p1a: Ribombee|Ribombee, F, shiny|100\/100\n|switch|p2a: Salazzle|Salazzle, F|100\/100\n|turn|1\n|\n|t:|1700237398\n|move|p1a: Ribombee|Sticky Web|p2a: Salazzle\n|-sidestart|p2: SethLikesCombusken|move: Sticky Web\n|move|p2a: Salazzle|Substitute|p2a: Salazzle\n|-start|p2a: Salazzle|Substitute\n|-damage|p2a: Salazzle|75\/100\n|\n|-heal|p2a: Salazzle|82\/100|[from] item: Black Sludge\n|upkeep\n|turn|2\n|\n|t:|1700237403\n|move|p1a: Ribombee|Psychic|p2a: Salazzle\n|-supereffective|p2a: Salazzle\n|-end|p2a: Salazzle|Substitute\n|move|p2a: Salazzle|Flamethrower|p1a: Ribombee\n|-supereffective|p1a: Ribombee\n|-enditem|p1a: Ribombee|Focus Sash\n|-damage|p1a: Ribombee|1\/100\n|\n|-heal|p2a: Salazzle|88\/100|[from] item: Black Sludge\n|upkeep\n|turn|3\n|\n|t:|1700237412\n|switch|p2a: Rillaboom|Rillaboom, M|100\/100\n|-activate|p2a: Rillaboom|move: Sticky Web\n|-unboost|p2a: Rillaboom|spe|1\n|-fieldstart|move: Grassy Terrain|[from] ability: Grassy Surge|[of] p2a: Rillaboom\n|move|p1a: Ribombee|Psychic|p2a: Rillaboom\n|-damage|p2a: Rillaboom|84\/100\n|\n|-heal|p1a: Ribombee|7\/100|[from] Grassy Terrain\n|-heal|p2a: Rillaboom|90\/100|[from] Grassy Terrain\n|upkeep\n|turn|4\n|\n|t:|1700237428\n|switch|p1a: Dragonite|Dragonite, F|100\/100\n|move|p2a: Rillaboom|U-turn|p1a: Dragonite\n|-resisted|p1a: Dragonite\n|-damage|p1a: Dragonite|94\/100\n|\n|t:|1700237442\n|switch|p2a: Great Tusk|Great Tusk|100\/100|[from] U-turn\n|-activate|p2a: Great Tusk|move: Sticky Web\n|-unboost|p2a: Great Tusk|spe|1\n|\n|upkeep\n|turn|5\n|\n|t:|1700237454\n|switch|p1a: Gholdengo|Gholdengo|100\/100\n|move|p2a: Great Tusk|Earthquake|p1a: Gholdengo\n|-supereffective|p1a: Gholdengo\n|-damage|p1a: Gholdengo|66\/100\n|\n|-heal|p1a: Gholdengo|72\/100|[from] Grassy Terrain\n|-heal|p1a: Gholdengo|78\/100|[from] item: Leftovers\n|upkeep\n|turn|6\n|\n|t:|1700237471\n|move|p1a: Gholdengo|Make It Rain|p2a: Great Tusk\n|-damage|p2a: Great Tusk|27\/100\n|-unboost|p1a: Gholdengo|spa|1\n|move|p2a: Great Tusk|Earthquake|p1a: Gholdengo\n|-supereffective|p1a: Gholdengo\n|-damage|p1a: Gholdengo|45\/100\n|\n|-heal|p1a: Gholdengo|51\/100|[from] Grassy Terrain\n|-heal|p1a: Gholdengo|57\/100|[from] item: Leftovers\n|-heal|p2a: Great Tusk|33\/100|[from] Grassy Terrain\n|upkeep\n|turn|7\n|\n|t:|1700237480\n|-end|p2a: Great Tusk|Protosynthesis|[silent]\n|switch|p2a: Heatran|Heatran, M|100\/100\n|-activate|p2a: Heatran|move: Sticky Web\n|-unboost|p2a: Heatran|spe|1\n|move|p1a: Gholdengo|Hex|p2a: Heatran\n|-damage|p2a: Heatran|84\/100\n|\n|-heal|p1a: Gholdengo|63\/100|[from] Grassy Terrain\n|-heal|p1a: Gholdengo|70\/100|[from] item: Leftovers\n|-heal|p2a: Heatran|90\/100|[from] Grassy Terrain\n|-heal|p2a: Heatran|97\/100|[from] item: Leftovers\n|-fieldend|move: Grassy Terrain\n|upkeep\n|turn|8\n|\n|t:|1700237488\n|switch|p1a: Iron Moth|Iron Moth|100\/100\n|-enditem|p1a: Iron Moth|Booster Energy\n|-activate|p1a: Iron Moth|ability: Quark Drive|[fromitem]\n|-start|p1a: Iron Moth|quarkdrivespa\n|move|p2a: Heatran|Earth Power|p1a: Iron Moth\n|-supereffective|p1a: Iron Moth\n|-damage|p1a: Iron Moth|0 fnt\n|faint|p1a: Iron Moth\n|-end|p1a: Iron Moth|Quark Drive|[silent]\n|\n|-heal|p2a: Heatran|100\/100|[from] item: Leftovers\n|upkeep\n|\n|t:|1700237493\n|switch|p1a: Great Tusk|Great Tusk|100\/100\n|turn|9\n|\n|t:|1700237503\n|move|p2a: Heatran|Protect|p2a: Heatran\n|-singleturn|p2a: Heatran|Protect\n|move|p1a: Great Tusk|Ice Spinner|p2a: Heatran\n|-activate|p2a: Heatran|move: Protect\n|\n|upkeep\n|turn|10\n|\n|t:|1700237516\n|switch|p2a: Iron Valiant|Iron Valiant|100\/100\n|-activate|p2a: Iron Valiant|move: Sticky Web\n|-unboost|p2a: Iron Valiant|spe|1\n|-enditem|p2a: Iron Valiant|Booster Energy\n|-activate|p2a: Iron Valiant|ability: Quark Drive|[fromitem]\n|-start|p2a: Iron Valiant|quarkdrivespa\n|move|p1a: Great Tusk|Ice Spinner|p2a: Iron Valiant\n|-damage|p2a: Iron Valiant|44\/100\n|\n|upkeep\n|turn|11\n|\n|t:|1700237529\n|move|p1a: Great Tusk|Ice Spinner|p2a: Iron Valiant\n|-damage|p2a: Iron Valiant|0 fnt\n|faint|p2a: Iron Valiant\n|-end|p2a: Iron Valiant|Quark Drive|[silent]\n|\n|upkeep\n|\n|t:|1700237532\n|switch|p2a: Rillaboom|Rillaboom, M|90\/100\n|-activate|p2a: Rillaboom|move: Sticky Web\n|-unboost|p2a: Rillaboom|spe|1\n|-fieldstart|move: Grassy Terrain|[from] ability: Grassy Surge|[of] p2a: Rillaboom\n|turn|12\n|\n|t:|1700237539\n|-terastallize|p1a: Great Tusk|Steel\n|move|p1a: Great Tusk|Ice Spinner|p2a: Rillaboom\n|-supereffective|p2a: Rillaboom\n|-damage|p2a: Rillaboom|17\/100\n|-fieldend|move: Grassy Terrain\n|move|p2a: Rillaboom|U-turn|p1a: Great Tusk\n|-resisted|p1a: Great Tusk\n|-damage|p1a: Great Tusk|92\/100\n|\n|t:|1700237548\n|switch|p2a: Heatran|Heatran, M|100\/100|[from] U-turn\n|-activate|p2a: Heatran|move: Sticky Web\n|-unboost|p2a: Heatran|spe|1\n|\n|upkeep\n|turn|13\n|\n|t:|1700237553\n|-end|p1a: Great Tusk|Protosynthesis|[silent]\n|switch|p1a: Ogerpon|Ogerpon-Wellspring, F|100\/100\n|-terastallize|p2a: Heatran|Fire\n|move|p2a: Heatran|Magma Storm|p1a: Ogerpon\n|-crit|p1a: Ogerpon\n|-damage|p1a: Ogerpon|0 fnt\n|faint|p1a: Ogerpon\n|\n|upkeep\n|\n|t:|1700237556\n|switch|p1a: Great Tusk|Great Tusk, tera:Steel|92\/100\n|turn|14\n|\n|t:|1700237560\n|move|p1a: Great Tusk|Headlong Rush|p2a: Heatran\n|-supereffective|p2a: Heatran\n|-damage|p2a: Heatran|0 fnt\n|-unboost|p1a: Great Tusk|def|1\n|-unboost|p1a: Great Tusk|spd|1\n|faint|p2a: Heatran\n|\n|upkeep\n|\n|t:|1700237565\n|switch|p2a: Sneasler|Sneasler, F|100\/100\n|-activate|p2a: Sneasler|move: Sticky Web\n|-unboost|p2a: Sneasler|spe|1\n|turn|15\n|\n|t:|1700237571\n|-end|p1a: Great Tusk|Protosynthesis|[silent]\n|switch|p1a: Dragonite|Dragonite, F|94\/100\n|move|p2a: Sneasler|U-turn|p1a: Dragonite\n|-resisted|p1a: Dragonite\n|-damage|p1a: Dragonite|80\/100\n|-damage|p2a: Sneasler|91\/100|[from] item: Life Orb\n|\n|t:|1700237576\n|switch|p2a: Great Tusk|Great Tusk|33\/100|[from] U-turn\n|-activate|p2a: Great Tusk|move: Sticky Web\n|-unboost|p2a: Great Tusk|spe|1\n|\n|upkeep\n|turn|16\n|\n|t:|1700237585\n|move|p1a: Dragonite|Extreme Speed|p2a: Great Tusk\n|-damage|p2a: Great Tusk|19\/100\n|move|p2a: Great Tusk|Rapid Spin|p1a: Dragonite\n|-damage|p1a: Dragonite|66\/100\n|-boost|p2a: Great Tusk|spe|1\n|-sideend|p2: SethLikesCombusken|Sticky Web|[from] move: Rapid Spin|[of] p2a: Great Tusk\n|\n|upkeep\n|turn|17\n|\n|t:|1700237594\n|switch|p1a: Gholdengo|Gholdengo|70\/100\n|move|p2a: Great Tusk|Ice Spinner|p1a: Gholdengo\n|-resisted|p1a: Gholdengo\n|-damage|p1a: Gholdengo|62\/100\n|\n|-heal|p1a: Gholdengo|68\/100|[from] item: Leftovers\n|upkeep\n|turn|18\n|\n|t:|1700237605\n|move|p2a: Great Tusk|Earthquake|p1a: Gholdengo\n|-supereffective|p1a: Gholdengo\n|-damage|p1a: Gholdengo|0 fnt\n|faint|p1a: Gholdengo\n|\n|upkeep\n|\n|t:|1700237618\n|switch|p1a: Ribombee|Ribombee, F, shiny|7\/100\n|turn|19\n|\n|t:|1700237625\n|-end|p2a: Great Tusk|Protosynthesis|[silent]\n|switch|p2a: Salazzle|Salazzle, F|88\/100\n|move|p1a: Ribombee|Moonblast|p2a: Salazzle\n|-resisted|p2a: Salazzle\n|-damage|p2a: Salazzle|73\/100\n|\n|-heal|p2a: Salazzle|79\/100|[from] item: Black Sludge\n|upkeep\n|turn|20\n|\n|t:|1700237635\n|switch|p2a: Sneasler|Sneasler, F|91\/100\n|move|p1a: Ribombee|Psychic|p2a: Sneasler\n|-supereffective|p2a: Sneasler\n|-damage|p2a: Sneasler|0 fnt\n|faint|p2a: Sneasler\n|\n|upkeep\n|\n|t:|1700237643\n|switch|p2a: Rillaboom|Rillaboom, M|17\/100\n|-fieldstart|move: Grassy Terrain|[from] ability: Grassy Surge|[of] p2a: Rillaboom\n|turn|21\n|\n|t:|1700237647\n|switch|p1a: Dragonite|Dragonite, F|66\/100\n|move|p2a: Rillaboom|U-turn|p1a: Dragonite\n|-resisted|p1a: Dragonite\n|-damage|p1a: Dragonite|55\/100\n|\n|t:|1700237656\n|switch|p2a: Great Tusk|Great Tusk|19\/100|[from] U-turn\n|\n|-heal|p2a: Great Tusk|25\/100|[from] Grassy Terrain\n|upkeep\n|turn|22\n|\n|t:|1700237665\n|move|p1a: Dragonite|Extreme Speed|p2a: Great Tusk\n|-damage|p2a: Great Tusk|12\/100\n|move|p2a: Great Tusk|Earthquake|p1a: Dragonite\n|-immune|p1a: Dragonite\n|\n|-heal|p2a: Great Tusk|18\/100|[from] Grassy Terrain\n|upkeep\n|turn|23\n|\n|t:|1700237672\n|move|p1a: Dragonite|Extreme Speed|p2a: Great Tusk\n|-damage|p2a: Great Tusk|2\/100\n|move|p2a: Great Tusk|Ice Spinner|p1a: Dragonite\n|-supereffective|p1a: Dragonite\n|-damage|p1a: Dragonite|0 fnt\n|-fieldend|move: Grassy Terrain\n|faint|p1a: Dragonite\n|\n|upkeep\n|\n|t:|1700237683\n|switch|p1a: Ribombee|Ribombee, F, shiny|7\/100\n|turn|24\n|\n|t:|1700237688\n|move|p1a: Ribombee|Sticky Web|p2a: Great Tusk\n|-sidestart|p2: SethLikesCombusken|move: Sticky Web\n|move|p2a: Great Tusk|Rapid Spin|p1a: Ribombee\n|-damage|p1a: Ribombee|0 fnt\n|-boost|p2a: Great Tusk|spe|1\n|-sideend|p2: SethLikesCombusken|Sticky Web|[from] move: Rapid Spin|[of] p2a: Great Tusk\n|faint|p1a: Ribombee\n|\n|upkeep\n|\n|t:|1700237691\n|switch|p1a: Great Tusk|Great Tusk, tera:Steel|92\/100\n|turn|25\n|\n|t:|1700237696\n|move|p2a: Great Tusk|Earthquake|p1a: Great Tusk\n|-supereffective|p1a: Great Tusk\n|-damage|p1a: Great Tusk|12\/100\n|move|p1a: Great Tusk|Headlong Rush|p2a: Great Tusk\n|-damage|p2a: Great Tusk|0 fnt\n|-unboost|p1a: Great Tusk|def|1\n|-unboost|p1a: Great Tusk|spd|1\n|faint|p2a: Great Tusk\n|-end|p2a: Great Tusk|Protosynthesis|[silent]\n|\n|upkeep\n|\n|t:|1700237698\n|switch|p2a: Rillaboom|Rillaboom, M|17\/100\n|-fieldstart|move: Grassy Terrain|[from] ability: Grassy Surge|[of] p2a: Rillaboom\n|turn|26\n|\n|t:|1700237700\n|move|p2a: Rillaboom|Grassy Glide|p1a: Great Tusk\n|-resisted|p1a: Great Tusk\n|-damage|p1a: Great Tusk|0 fnt\n|faint|p1a: Great Tusk\n|-end|p1a: Great Tusk|Protosynthesis|[silent]\n|\n|win|SethLikesCombusken\n|raw|YokaiSamurai's rating: 1212 &rarr; <strong>1184<\/strong><br \/>(-28 for losing)\n|raw|SethLikesCombusken's rating: 1176 &rarr; <strong>1204<\/strong><br \/>(+28 for winning)\n|l|\u2606YokaiSamurai\n|c|\u2606SethLikesCombusken|Gg\n","uploadtime":1700237711,"views":10,"p1id":"yokaisamurai","p2id":"sethlikescombusken","formatid":"gen9ou","rating":1184,"private":0,"password":""}