{"id":"gen9ou-1998128357","p1":"SkyHighMiles","p2":"mikejohns","format":"[Gen 9] OU","log":"|j|\u2606SkyHighMiles\n|j|\u2606mikejohns\n|t:|1700896541\n|gametype|singles\n|player|p1|SkyHighMiles|1|1543\n|player|p2|mikejohns|volkner|1586\n|teamsize|p1|6\n|teamsize|p2|6\n|gen|9\n|tier|[Gen 9] OU\n|rated|\n|rule|Sleep Clause Mod: Limit one foe put to sleep\n|rule|Species Clause: Limit one of each Pok\u00e9mon\n|rule|OHKO Clause: OHKO moves are banned\n|rule|Evasion Items Clause: Evasion items are banned\n|rule|Evasion Moves Clause: Evasion moves are banned\n|rule|Endless Battle Clause: Forcing endless battles is banned\n|rule|HP Percentage Mod: HP is shown in percentages\n|clearpoke\n|poke|p1|Gholdengo|\n|poke|p1|Ribombee, F|\n|poke|p1|Samurott-Hisui, M|\n|poke|p1|Iron Moth|\n|poke|p1|Kingambit, F|\n|poke|p1|Great Tusk|\n|poke|p2|Amoonguss, F|\n|poke|p2|Garganacl, F|\n|poke|p2|Great Tusk|\n|poke|p2|Rillaboom, F|\n|poke|p2|Skeledirge, M|\n|poke|p2|Iron Valiant|\n|teampreview\n|inactive|Battle timer is ON: inactive players will automatically lose when time's up. (requested by mikejohns)\n|\n|t:|1700896564\n|start\n|switch|p1a: Ribombee|Ribombee, F|100\/100\n|switch|p2a: Amoonguss|Amoonguss, F|100\/100\n|turn|1\n|\n|t:|1700896568\n|move|p1a: Ribombee|Sticky Web|p2a: Amoonguss\n|-sidestart|p2: mikejohns|move: Sticky Web\n|move|p2a: Amoonguss|Clear Smog|p1a: Ribombee\n|-supereffective|p1a: Ribombee\n|-damage|p1a: Ribombee|48\/100\n|-clearboost|p1a: Ribombee\n|\n|upkeep\n|turn|2\n|\n|t:|1700896573\n|move|p1a: Ribombee|Psychic|p2a: Amoonguss\n|-supereffective|p2a: Amoonguss\n|-damage|p2a: Amoonguss|57\/100\n|move|p2a: Amoonguss|Clear Smog|p1a: Ribombee\n|-supereffective|p1a: Ribombee\n|-damage|p1a: Ribombee|0 fnt\n|-clearboost|p1a: Ribombee\n|faint|p1a: Ribombee\n|\n|upkeep\n|\n|t:|1700896576\n|switch|p1a: Iron Moth|Iron Moth|100\/100\n|-enditem|p1a: Iron Moth|Booster Energy\n|-activate|p1a: Iron Moth|ability: Quark Drive|[fromitem]\n|-start|p1a: Iron Moth|quarkdrivespa\n|turn|3\n|\n|t:|1700896587\n|switch|p2a: Garganacl|Garganacl, F|100\/100\n|-activate|p2a: Garganacl|move: Sticky Web\n|-unboost|p2a: Garganacl|spe|1\n|move|p1a: Iron Moth|Fiery Dance|p2a: Garganacl\n|-resisted|p2a: Garganacl\n|-crit|p2a: Garganacl\n|-damage|p2a: Garganacl|65\/100\n|-boost|p1a: Iron Moth|spa|1\n|\n|-heal|p2a: Garganacl|71\/100|[from] item: Leftovers\n|upkeep\n|turn|4\n|\n|t:|1700896604\n|switch|p2a: Skeledirge|Skeledirge, M|100\/100\n|move|p1a: Iron Moth|Energy Ball|p2a: Skeledirge\n|-resisted|p2a: Skeledirge\n|-damage|p2a: Skeledirge|84\/100\n|\n|upkeep\n|turn|5\n|\n|t:|1700896615\n|-end|p1a: Iron Moth|Quark Drive|[silent]\n|switch|p1a: Samurott|Samurott-Hisui, M|100\/100\n|move|p2a: Skeledirge|Will-O-Wisp|p1a: Samurott\n|-status|p1a: Samurott|brn\n|\n|-damage|p1a: Samurott|94\/100 brn|[from] brn\n|upkeep\n|turn|6\n|\n|t:|1700896622\n|switch|p2a: Great Tusk|Great Tusk|100\/100\n|move|p1a: Samurott|Ceaseless Edge|p2a: Great Tusk\n|-resisted|p2a: Great Tusk\n|-damage|p2a: Great Tusk|88\/100\n|-sidestart|p2: mikejohns|Spikes\n|\n|-damage|p1a: Samurott|88\/100 brn|[from] brn\n|upkeep\n|turn|7\n|\n|t:|1700896626\n|switch|p1a: Gholdengo|Gholdengo|100\/100\n|-item|p1a: Gholdengo|Air Balloon\n|move|p2a: Great Tusk|Ice Spinner|p1a: Gholdengo\n|-resisted|p1a: Gholdengo\n|-damage|p1a: Gholdengo|85\/100\n|-enditem|p1a: Gholdengo|Air Balloon\n|\n|upkeep\n|turn|8\n|j| Jiraiiya\n|\n|t:|1700896631\n|-terastallize|p1a: Gholdengo|Flying\n|move|p2a: Great Tusk|Headlong Rush|p1a: Gholdengo\n|-immune|p1a: Gholdengo\n|move|p1a: Gholdengo|Make It Rain|p2a: Great Tusk\n|-damage|p2a: Great Tusk|0 fnt\n|-unboost|p1a: Gholdengo|spa|1\n|faint|p2a: Great Tusk\n|-end|p2a: Great Tusk|Protosynthesis|[silent]\n|\n|upkeep\n|inactive|mikejohns has 120 seconds left.\n|\n|t:|1700896683\n|switch|p2a: Rillaboom|Rillaboom, F|100\/100\n|-activate|p2a: Rillaboom|move: Sticky Web\n|-unboost|p2a: Rillaboom|spe|1\n|-damage|p2a: Rillaboom|88\/100|[from] Spikes\n|-fieldstart|move: Grassy Terrain|[from] ability: Grassy Surge|[of] p2a: Rillaboom\n|turn|9\n|\n|t:|1700896692\n|move|p1a: Gholdengo|Nasty Plot|p1a: Gholdengo\n|-boost|p1a: Gholdengo|spa|2\n|move|p2a: Rillaboom|U-turn|p1a: Gholdengo\n|-resisted|p1a: Gholdengo\n|-damage|p1a: Gholdengo|64\/100\n|inactive|mikejohns has 90 seconds left.\n|\n|t:|1700896727\n|switch|p2a: Skeledirge|Skeledirge, M|84\/100|[from] U-turn\n|\n|-heal|p2a: Skeledirge|91\/100|[from] Grassy Terrain\n|upkeep\n|turn|10\n|inactive|mikejohns has 90 seconds left.\n|\n|t:|1700896733\n|move|p1a: Gholdengo|Shadow Ball|p2a: Skeledirge\n|-supereffective|p2a: Skeledirge\n|-damage|p2a: Skeledirge|23\/100\n|move|p2a: Skeledirge|Torch Song|p1a: Gholdengo\n|-damage|p1a: Gholdengo|27\/100\n|-boost|p2a: Skeledirge|spa|1\n|\n|-heal|p2a: Skeledirge|29\/100|[from] Grassy Terrain\n|upkeep\n|turn|11\n|\n|t:|1700896740\n|switch|p2a: Garganacl|Garganacl, F|71\/100\n|-activate|p2a: Garganacl|move: Sticky Web\n|-unboost|p2a: Garganacl|spe|1\n|-damage|p2a: Garganacl|58\/100|[from] Spikes\n|move|p1a: Gholdengo|Shadow Ball|p2a: Garganacl\n|-damage|p2a: Garganacl|28\/100\n|\n|-heal|p2a: Garganacl|34\/100|[from] Grassy Terrain\n|-heal|p2a: Garganacl|41\/100|[from] item: Leftovers\n|upkeep\n|turn|12\n|\n|t:|1700896749\n|move|p1a: Gholdengo|Make It Rain|p2a: Garganacl\n|-supereffective|p2a: Garganacl\n|-damage|p2a: Garganacl|0 fnt\n|-unboost|p1a: Gholdengo|spa|1\n|faint|p2a: Garganacl\n|\n|upkeep\n|\n|t:|1700896752\n|switch|p2a: Rillaboom|Rillaboom, F|88\/100\n|-activate|p2a: Rillaboom|move: Sticky Web\n|-unboost|p2a: Rillaboom|spe|1\n|-damage|p2a: Rillaboom|76\/100|[from] Spikes\n|turn|13\n|\n|t:|1700896755\n|move|p2a: Rillaboom|Grassy Glide|p1a: Gholdengo\n|-resisted|p1a: Gholdengo\n|-damage|p1a: Gholdengo|0 fnt\n|faint|p1a: Gholdengo\n|\n|-heal|p2a: Rillaboom|82\/100|[from] Grassy Terrain\n|-fieldend|move: Grassy Terrain\n|upkeep\n|\n|t:|1700896761\n|switch|p1a: Iron Moth|Iron Moth|100\/100\n|turn|14\n|inactive|mikejohns has 120 seconds left.\n|\n|t:|1700896775\n|switch|p2a: Amoonguss|Amoonguss, F|90\/100\n|-activate|p2a: Amoonguss|move: Sticky Web\n|-unboost|p2a: Amoonguss|spe|1\n|-damage|p2a: Amoonguss|78\/100|[from] Spikes\n|move|p1a: Iron Moth|Fiery Dance|p2a: Amoonguss\n|-supereffective|p2a: Amoonguss\n|-damage|p2a: Amoonguss|0 fnt\n|-boost|p1a: Iron Moth|spa|1\n|faint|p2a: Amoonguss\n|\n|upkeep\n|\n|t:|1700896779\n|switch|p2a: Skeledirge|Skeledirge, M|29\/100\n|turn|15\n|\n|t:|1700896786\n|move|p1a: Iron Moth|Sludge Wave|p2a: Skeledirge\n|-resisted|p2a: Skeledirge\n|-damage|p2a: Skeledirge|11\/100\n|move|p2a: Skeledirge|Slack Off|p2a: Skeledirge\n|-heal|p2a: Skeledirge|61\/100\n|\n|upkeep\n|turn|16\n|\n|t:|1700896790\n|-end|p1a: Iron Moth|Quark Drive|[silent]\n|switch|p1a: Samurott|Samurott-Hisui, M|88\/100 brn\n|move|p2a: Skeledirge|Slack Off|p2a: Skeledirge\n|-heal|p2a: Skeledirge|100\/100\n|\n|-damage|p1a: Samurott|82\/100 brn|[from] brn\n|upkeep\n|turn|17\n|inactive|mikejohns has 120 seconds left.\n|\n|t:|1700896827\n|switch|p2a: Rillaboom|Rillaboom, F|82\/100\n|-activate|p2a: Rillaboom|move: Sticky Web\n|-unboost|p2a: Rillaboom|spe|1\n|-damage|p2a: Rillaboom|70\/100|[from] Spikes\n|-fieldstart|move: Grassy Terrain|[from] ability: Grassy Surge|[of] p2a: Rillaboom\n|move|p1a: Samurott|Ceaseless Edge|p2a: Rillaboom\n|-damage|p2a: Rillaboom|35\/100\n|-sidestart|p2: mikejohns|Spikes\n|\n|-heal|p1a: Samurott|88\/100 brn|[from] Grassy Terrain\n|-heal|p2a: Rillaboom|42\/100|[from] Grassy Terrain\n|-damage|p1a: Samurott|82\/100 brn|[from] brn\n|upkeep\n|turn|18\n|inactive|mikejohns has 120 seconds left.\n|\n|t:|1700896834\n|move|p1a: Samurott|Ceaseless Edge|p2a: Rillaboom\n|-damage|p2a: Rillaboom|5\/100\n|-sidestart|p2: mikejohns|Spikes\n|move|p2a: Rillaboom|U-turn|p1a: Samurott\n|-supereffective|p1a: Samurott\n|-damage|p1a: Samurott|0 fnt\n|faint|p1a: Samurott\n|inactive|mikejohns has 120 seconds left.\n|\n|t:|1700896847\n|switch|p2a: Skeledirge|Skeledirge, M|100\/100|[from] U-turn\n|\n|upkeep\n|\n|t:|1700896849\n|switch|p1a: Great Tusk|Great Tusk|100\/100\n|turn|19\n|inactive|mikejohns has 120 seconds left.\n|\n|t:|1700896867\n|switch|p2a: Rillaboom|Rillaboom, F|5\/100\n|-activate|p2a: Rillaboom|move: Sticky Web\n|-unboost|p2a: Rillaboom|spe|1\n|-damage|p2a: Rillaboom|0 fnt|[from] Spikes\n|faint|p2a: Rillaboom\n|move|p1a: Great Tusk|Earthquake|p2: Rillaboom|[notarget]\n|-fail|p1a: Great Tusk\n|\n|upkeep\n|\n|t:|1700896879\n|switch|p2a: Skeledirge|Skeledirge, M|100\/100\n|turn|20\n|\n|t:|1700896882\n|-end|p1a: Great Tusk|Protosynthesis|[silent]\n|switch|p1a: Iron Moth|Iron Moth|100\/100\n|move|p2a: Skeledirge|Will-O-Wisp|p1a: Iron Moth\n|-immune|p1a: Iron Moth\n|\n|upkeep\n|turn|21\n|\n|t:|1700896888\n|move|p1a: Iron Moth|Substitute|p1a: Iron Moth\n|-start|p1a: Iron Moth|Substitute\n|-damage|p1a: Iron Moth|76\/100\n|move|p2a: Skeledirge|Torch Song|p1a: Iron Moth\n|-resisted|p1a: Iron Moth\n|-damage|p1a: Iron Moth|60\/100\n|-boost|p2a: Skeledirge|spa|1\n|\n|-heal|p1a: Iron Moth|66\/100|[from] Grassy Terrain\n|-fieldend|move: Grassy Terrain\n|upkeep\n|turn|22\n|\n|t:|1700896891\n|move|p1a: Iron Moth|Fiery Dance|p2a: Skeledirge\n|-resisted|p2a: Skeledirge\n|-damage|p2a: Skeledirge|84\/100\n|-boost|p1a: Iron Moth|spa|1\n|move|p2a: Skeledirge|Torch Song|p1a: Iron Moth\n|-resisted|p1a: Iron Moth\n|-damage|p1a: Iron Moth|41\/100\n|-boost|p2a: Skeledirge|spa|1\n|\n|upkeep\n|turn|23\n|\n|t:|1700896900\n|move|p1a: Iron Moth|Sludge Wave|p2a: Skeledirge\n|-resisted|p2a: Skeledirge\n|-damage|p2a: Skeledirge|66\/100\n|move|p2a: Skeledirge|Torch Song|p1a: Iron Moth\n|-resisted|p1a: Iron Moth\n|-damage|p1a: Iron Moth|12\/100\n|-boost|p2a: Skeledirge|spa|1\n|\n|upkeep\n|turn|24\n|\n|t:|1700896904\n|move|p1a: Iron Moth|Sludge Wave|p2a: Skeledirge\n|-resisted|p2a: Skeledirge\n|-damage|p2a: Skeledirge|48\/100\n|move|p2a: Skeledirge|Slack Off|p2a: Skeledirge\n|-heal|p2a: Skeledirge|99\/100\n|\n|upkeep\n|turn|25\n|\n|t:|1700896906\n|move|p1a: Iron Moth|Sludge Wave|p2a: Skeledirge\n|-resisted|p2a: Skeledirge\n|-damage|p2a: Skeledirge|79\/100\n|-status|p2a: Skeledirge|psn\n|move|p2a: Skeledirge|Torch Song|p1a: Iron Moth\n|-resisted|p1a: Iron Moth\n|-damage|p1a: Iron Moth|0 fnt\n|-boost|p2a: Skeledirge|spa|1\n|faint|p1a: Iron Moth\n|-end|p1a: Iron Moth|Quark Drive|[silent]\n|\n|-damage|p2a: Skeledirge|66\/100 psn|[from] psn\n|upkeep\n|\n|t:|1700896908\n|switch|p1a: Great Tusk|Great Tusk|100\/100\n|turn|26\n|\n|t:|1700896917\n|-terastallize|p2a: Skeledirge|Fairy\n|move|p1a: Great Tusk|Earthquake|p2a: Skeledirge\n|-damage|p2a: Skeledirge|27\/100 psn\n|move|p2a: Skeledirge|Torch Song|p1a: Great Tusk\n|-damage|p1a: Great Tusk|0 fnt\n|-boost|p2a: Skeledirge|spa|1\n|faint|p1a: Great Tusk\n|-end|p1a: Great Tusk|Protosynthesis|[silent]\n|\n|-damage|p2a: Skeledirge|15\/100 psn|[from] psn\n|upkeep\n|\n|t:|1700896920\n|switch|p1a: Kingambit|Kingambit, F|100\/100\n|-activate|p1a: Kingambit|ability: Supreme Overlord\n|-start|p1a: Kingambit|fallen5|[silent]\n|turn|27\n|\n|t:|1700896927\n|move|p2a: Skeledirge|Will-O-Wisp|p1a: Kingambit\n|-status|p1a: Kingambit|brn\n|move|p1a: Kingambit|Iron Head|p2a: Skeledirge\n|-supereffective|p2a: Skeledirge\n|-damage|p2a: Skeledirge|0 fnt\n|faint|p2a: Skeledirge\n|\n|-damage|p1a: Kingambit|94\/100 brn|[from] brn\n|upkeep\n|\n|t:|1700896930\n|switch|p2a: Iron Valiant|Iron Valiant|100\/100\n|-activate|p2a: Iron Valiant|move: Sticky Web\n|-unboost|p2a: Iron Valiant|spe|1\n|-damage|p2a: Iron Valiant|76\/100|[from] Spikes\n|-enditem|p2a: Iron Valiant|Booster Energy\n|-activate|p2a: Iron Valiant|ability: Quark Drive|[fromitem]\n|-start|p2a: Iron Valiant|quarkdrivespa\n|turn|28\n|\n|t:|1700896934\n|move|p2a: Iron Valiant|Close Combat|p1a: Kingambit\n|-supereffective|p1a: Kingambit\n|-crit|p1a: Kingambit\n|-damage|p1a: Kingambit|0 fnt\n|-unboost|p2a: Iron Valiant|def|1\n|-unboost|p2a: Iron Valiant|spd|1\n|faint|p1a: Kingambit\n|-end|p1a: Kingambit|fallen5|[silent]\n|\n|win|mikejohns\n|raw|SkyHighMiles's rating: 1543 &rarr; <strong>1525<\/strong><br \/>(-18 for losing)\n|raw|mikejohns's rating: 1586 &rarr; <strong>1604<\/strong><br \/>(+18 for winning)\n|l|\u2606SkyHighMiles\n|c|\u2606mikejohns|gg\n|l| Jiraiiya\n","uploadtime":1700897005,"views":1,"p1id":"skyhighmiles","p2id":"mikejohns","formatid":"gen9ou","rating":1525,"private":0,"password":""}