{"id":"gen9ou-1992564634","p1":"Down$hift","p2":"waha8","format":"[Gen 9] OU","log":"|j|\u2606Down$hift\n|j|\u2606waha8\n|t:|1700206661\n|gametype|singles\n|player|p1|Down$hift|jessiejames-gen1|1623\n|player|p2|waha8|266|1547\n|teamsize|p1|6\n|teamsize|p2|6\n|gen|9\n|tier|[Gen 9] OU\n|rated|\n|rule|Sleep Clause Mod: Limit one foe put to sleep\n|rule|Species Clause: Limit one of each Pok\u00e9mon\n|rule|OHKO Clause: OHKO moves are banned\n|rule|Evasion Items Clause: Evasion items are banned\n|rule|Evasion Moves Clause: Evasion moves are banned\n|rule|Endless Battle Clause: Forcing endless battles is banned\n|rule|HP Percentage Mod: HP is shown in percentages\n|clearpoke\n|poke|p1|Bronzong|\n|poke|p1|Toxapex, F|\n|poke|p1|Maushold-Four|\n|poke|p1|Sandy Shocks|\n|poke|p1|Great Tusk|\n|poke|p1|Dragapult, F|\n|poke|p2|Indeedee, M|\n|poke|p2|Ninetales-Alola, F|\n|poke|p2|Sneasler, M|\n|poke|p2|Gallade, M|\n|poke|p2|Slowking-Galar, F|\n|poke|p2|Haxorus, M|\n|teampreview\n|c|\u2606Down$hift|Hf\n|inactive|Battle timer is ON: inactive players will automatically lose when time's up. (requested by Down$hift)\n|inactive|waha8 has 120 seconds left.\n|\n|t:|1700206705\n|start\n|switch|p1a: Bronzong|Bronzong|100\/100\n|switch|p2a: SageofSixPath|Slowking-Galar, F|100\/100\n|turn|1\n|j| My Occult Deck\n|\n|t:|1700206725\n|move|p1a: Bronzong|Stealth Rock|p2a: SageofSixPath\n|-sidestart|p2: waha8|move: Stealth Rock\n|move|p2a: SageofSixPath|Trick Room|p2a: SageofSixPath\n|-fieldstart|move: Trick Room|[of] p2a: SageofSixPath\n|\n|upkeep\n|turn|2\n|\n|t:|1700206732\n|move|p2a: SageofSixPath|Fire Blast|p1a: Bronzong\n|-supereffective|p1a: Bronzong\n|-damage|p1a: Bronzong|18\/100\n|-status|p1a: Bronzong|brn\n|-damage|p2a: SageofSixPath|91\/100|[from] item: Life Orb\n|move|p1a: Bronzong|Gravity|p1a: Bronzong\n|-fieldstart|move: Gravity\n|\n|-damage|p1a: Bronzong|12\/100 brn|[from] brn\n|upkeep\n|turn|3\n|\n|t:|1700206741\n|switch|p1a: Toxapex|Toxapex, F|100\/100\n|move|p2a: SageofSixPath|Psychic|p1a: Toxapex\n|-supereffective|p1a: Toxapex\n|-damage|p1a: Toxapex|23\/100\n|-enditem|p1a: Toxapex|Eject Button\n|-damage|p2a: SageofSixPath|81\/100|[from] item: Life Orb\n|\n|t:|1700206746\n|switch|p1a: Maushold|Maushold-Four|100\/100\n|\n|upkeep\n|turn|4\n|\n|t:|1700206749\n|move|p2a: SageofSixPath|Sludge Bomb|p1a: Maushold\n|-damage|p1a: Maushold|18\/100\n|-damage|p2a: SageofSixPath|71\/100|[from] item: Life Orb\n|move|p1a: Maushold|Population Bomb|p2a: SageofSixPath\n|-damage|p2a: SageofSixPath|60\/100\n|-damage|p2a: SageofSixPath|49\/100\n|-damage|p2a: SageofSixPath|37\/100\n|-damage|p2a: SageofSixPath|26\/100\n|-damage|p2a: SageofSixPath|14\/100\n|-damage|p2a: SageofSixPath|3\/100\n|-damage|p2a: SageofSixPath|0 fnt\n|faint|p2a: SageofSixPath\n|-hitcount|p2: SageofSixPath|7\n|\n|upkeep\n|\n|t:|1700206763\n|switch|p2a: Lee|Gallade, M|100\/100\n|-damage|p2a: Lee|95\/100|[from] Stealth Rock\n|turn|5\n|\n|t:|1700206771\n|switch|p1a: Bronzong|Bronzong|12\/100 brn\n|move|p2a: Lee|Agility|p2a: Lee\n|-boost|p2a: Lee|spe|2\n|\n|-damage|p1a: Bronzong|6\/100 brn|[from] brn\n|-fieldend|move: Trick Room\n|upkeep\n|turn|6\n|\n|t:|1700206779\n|move|p2a: Lee|Psycho Cut|p1a: Bronzong\n|-resisted|p1a: Bronzong\n|-damage|p1a: Bronzong|0 fnt\n|faint|p1a: Bronzong\n|-damage|p2a: Lee|85\/100|[from] item: Life Orb\n|\n|-fieldend|move: Gravity\n|upkeep\n|\n|t:|1700206783\n|switch|p1a: Dragapult|Dragapult, F|100\/100\n|turn|7\n|\n|t:|1700206786\n|move|p2a: Lee|Psycho Cut|p1a: Dragapult\n|-damage|p1a: Dragapult|0 fnt\n|faint|p1a: Dragapult\n|-damage|p2a: Lee|75\/100|[from] item: Life Orb\n|\n|upkeep\n|\n|t:|1700206802\n|switch|p1a: Great Tusk|Great Tusk|100\/100\n|turn|8\n|\n|t:|1700206806\n|-terastallize|p1a: Great Tusk|Ground\n|-terastallize|p2a: Lee|Grass\n|move|p1a: Great Tusk|Headlong Rush|p2a: Lee\n|-resisted|p2a: Lee\n|-damage|p2a: Lee|16\/100\n|-unboost|p1a: Great Tusk|def|1\n|-unboost|p1a: Great Tusk|spd|1\n|move|p2a: Lee|Leaf Blade|p1a: Great Tusk\n|-supereffective|p1a: Great Tusk\n|-damage|p1a: Great Tusk|0 fnt\n|faint|p1a: Great Tusk\n|-end|p1a: Great Tusk|Protosynthesis|[silent]\n|-damage|p2a: Lee|7\/100|[from] item: Life Orb\n|\n|upkeep\n|\n|t:|1700206817\n|switch|p1a: Toxapex|Toxapex, F|56\/100\n|turn|9\n|\n|t:|1700206820\n|switch|p1a: Maushold|Maushold-Four|18\/100\n|move|p2a: Lee|Psycho Cut|p1a: Maushold\n|-damage|p1a: Maushold|0 fnt\n|faint|p1a: Maushold\n|-damage|p2a: Lee|0 fnt|[from] item: Life Orb\n|faint|p2a: Lee\n|\n|upkeep\n|\n|t:|1700206827\n|switch|p1a: Sandy Shocks|Sandy Shocks|100\/100\n|switch|p2a: DeeDee|Indeedee, M|100\/100\n|-damage|p2a: DeeDee|88\/100|[from] Stealth Rock\n|-fieldstart|move: Psychic Terrain|[from] ability: Psychic Surge|[of] p2a: DeeDee\n|-enditem|p1a: Sandy Shocks|Booster Energy\n|-activate|p1a: Sandy Shocks|ability: Protosynthesis|[fromitem]\n|-start|p1a: Sandy Shocks|protosynthesisspe\n|turn|10\n|\n|t:|1700206835\n|move|p1a: Sandy Shocks|Gravity|p1a: Sandy Shocks\n|-fieldstart|move: Gravity\n|move|p2a: DeeDee|Psychic|p1a: Sandy Shocks\n|-crit|p1a: Sandy Shocks\n|-damage|p1a: Sandy Shocks|5\/100\n|\n|upkeep\n|turn|11\n|\n|t:|1700206840\n|move|p1a: Sandy Shocks|Zap Cannon|p2a: DeeDee\n|-damage|p2a: DeeDee|11\/100\n|-status|p2a: DeeDee|par\n|move|p2a: DeeDee|Psychic|p1a: Sandy Shocks\n|-damage|p1a: Sandy Shocks|0 fnt\n|faint|p1a: Sandy Shocks\n|-end|p1a: Sandy Shocks|Protosynthesis|[silent]\n|\n|upkeep\n|-message|Down$hift forfeited.\n|\n|win|waha8\n|raw|Down$hift's rating: 1623 &rarr; <strong>1599<\/strong><br \/>(-24 for losing)\n|raw|waha8's rating: 1547 &rarr; <strong>1571<\/strong><br \/>(+24 for winning)\n|l|\u2606Down$hift\n","uploadtime":1700206881,"views":12,"p1id":"downhift","p2id":"waha8","formatid":"gen9ou","rating":1571,"private":0,"password":""}