{"id":"gen9ou-1997250551","p1":"ApostleMC","p2":"3WishAndLandoT","format":"[Gen 9] OU","log":"|j|\u2606ApostleMC\n|j|\u26063WishAndLandoT\n|t:|1700780455\n|gametype|singles\n|player|p1|ApostleMC|cynthia|1256\n|player|p2|3WishAndLandoT|169|1364\n|teamsize|p1|6\n|teamsize|p2|6\n|gen|9\n|tier|[Gen 9] OU\n|rated|\n|rule|Sleep Clause Mod: Limit one foe put to sleep\n|rule|Species Clause: Limit one of each Pok\u00e9mon\n|rule|OHKO Clause: OHKO moves are banned\n|rule|Evasion Items Clause: Evasion items are banned\n|rule|Evasion Moves Clause: Evasion moves are banned\n|rule|Endless Battle Clause: Forcing endless battles is banned\n|rule|HP Percentage Mod: HP is shown in percentages\n|clearpoke\n|poke|p1|Ceruledge, M|\n|poke|p1|Ninetales-Alola, M|\n|poke|p1|Kingambit, M|\n|poke|p1|Alomomola, F|\n|poke|p1|Slowking-Galar, M|\n|poke|p1|Zapdos|\n|poke|p2|Cinderace, M|\n|poke|p2|Empoleon, M|\n|poke|p2|Clodsire, M|\n|poke|p2|Pelipper, F|\n|poke|p2|Barraskewda, M|\n|poke|p2|Rillaboom, M|\n|teampreview\n|\n|t:|1700780481\n|start\n|switch|p1a: Ninetales|Ninetales-Alola, M|100\/100\n|switch|p2a: Ballin|Cinderace, M|100\/100\n|-weather|Snow|[from] ability: Snow Warning|[of] p1a: Ninetales\n|turn|1\n|inactive|Battle timer is ON: inactive players will automatically lose when time's up. (requested by ApostleMC)\n|inactive|ApostleMC has 120 seconds left.\n|\n|t:|1700780512\n|switch|p1a: Alomomola|Alomomola, F|100\/100\n|move|p2a: Ballin|U-turn|p1a: Alomomola\n|-start|p2a: Ballin|typechange|Bug|[from] ability: Libero\n|-damage|p1a: Alomomola|89\/100\n|\n|t:|1700780519\n|switch|p2a: Panic Aquack|Pelipper, F|100\/100|[from] U-turn\n|-weather|RainDance|[from] ability: Drizzle|[of] p2a: Panic Aquack\n|\n|-weather|RainDance|[upkeep]\n|upkeep\n|turn|2\n|\n|t:|1700780533\n|move|p2a: Panic Aquack|U-turn|p1a: Alomomola\n|-damage|p1a: Alomomola|84\/100\n|\n|t:|1700780549\n|switch|p2a: TheWretchedApe|Rillaboom, M|100\/100|[from] U-turn\n|-fieldstart|move: Grassy Terrain|[from] ability: Grassy Surge|[of] p2a: TheWretchedApe\n|move|p1a: Alomomola|Scald|p2a: TheWretchedApe\n|-resisted|p2a: TheWretchedApe\n|-damage|p2a: TheWretchedApe|89\/100\n|-status|p2a: TheWretchedApe|brn\n|\n|-weather|RainDance|[upkeep]\n|-heal|p2a: TheWretchedApe|96\/100 brn|[from] Grassy Terrain\n|-heal|p2a: TheWretchedApe|100\/100 brn|[from] item: Leftovers\n|-heal|p1a: Alomomola|90\/100|[from] Grassy Terrain\n|-damage|p2a: TheWretchedApe|94\/100 brn|[from] brn\n|upkeep\n|turn|3\n|\n|t:|1700780573\n|move|p2a: TheWretchedApe|U-turn|p1a: Alomomola\n|-damage|p1a: Alomomola|83\/100\n|\n|t:|1700780580\n|switch|p2a: Ballin|Cinderace, M|100\/100|[from] U-turn\n|move|p1a: Alomomola|Flip Turn|p2a: Ballin\n|-supereffective|p2a: Ballin\n|-damage|p2a: Ballin|35\/100\n|\n|t:|1700780586\n|switch|p1a: Ceruledge|Ceruledge, M|100\/100|[from] Flip Turn\n|\n|-weather|RainDance|[upkeep]\n|-heal|p2a: Ballin|41\/100|[from] Grassy Terrain\n|upkeep\n|turn|4\n|\n|t:|1700780595\n|move|p2a: Ballin|Weather Ball|p1a: Ceruledge\n|-start|p2a: Ballin|typechange|Water|[from] ability: Libero\n|-supereffective|p1a: Ceruledge\n|-enditem|p1a: Ceruledge|Focus Sash\n|-damage|p1a: Ceruledge|1\/100\n|move|p1a: Ceruledge|Swords Dance|p1a: Ceruledge\n|-boost|p1a: Ceruledge|atk|2\n|\n|-weather|RainDance|[upkeep]\n|-heal|p2a: Ballin|47\/100|[from] Grassy Terrain\n|-heal|p1a: Ceruledge|7\/100|[from] Grassy Terrain\n|upkeep\n|turn|5\n|\n|t:|1700780607\n|move|p1a: Ceruledge|Shadow Sneak|p2a: Ballin\n|-damage|p2a: Ballin|0 fnt\n|faint|p2a: Ballin\n|\n|-weather|RainDance|[upkeep]\n|-heal|p1a: Ceruledge|13\/100|[from] Grassy Terrain\n|upkeep\n|\n|t:|1700780610\n|switch|p2a: TheWretchedApe|Rillaboom, M|94\/100 brn\n|turn|6\n|\n|t:|1700780631\n|switch|p1a: Ninetales|Ninetales-Alola, M|100\/100\n|-weather|Snow|[from] ability: Snow Warning|[of] p1a: Ninetales\n|move|p2a: TheWretchedApe|Grassy Glide|p1a: Ninetales\n|-damage|p1a: Ninetales|84\/100\n|\n|-weather|Snow|[upkeep]\n|-heal|p1a: Ninetales|90\/100|[from] Grassy Terrain\n|-heal|p2a: TheWretchedApe|100\/100 brn|[from] Grassy Terrain\n|-damage|p2a: TheWretchedApe|94\/100 brn|[from] brn\n|-fieldend|move: Grassy Terrain\n|upkeep\n|turn|7\n|\n|t:|1700780642\n|switch|p2a: Panic Aquack|Pelipper, F|100\/100\n|-weather|RainDance|[from] ability: Drizzle|[of] p2a: Panic Aquack\n|move|p1a: Ninetales|Encore||[still]\n|-fail|p1a: Ninetales\n|\n|-weather|RainDance|[upkeep]\n|upkeep\n|turn|8\n|\n|t:|1700780653\n|switch|p2a: Nimrod|Empoleon, M|100\/100\n|move|p1a: Ninetales|Freeze-Dry|p2a: Nimrod\n|-damage|p2a: Nimrod|83\/100\n|\n|-weather|RainDance|[upkeep]\n|-heal|p2a: Nimrod|89\/100|[from] item: Leftovers\n|upkeep\n|turn|9\n|\n|t:|1700780664\n|switch|p1a: Zapdos|Zapdos|100\/100\n|move|p2a: Nimrod|Surf|p1a: Zapdos\n|-damage|p1a: Zapdos|24\/100\n|\n|-weather|RainDance|[upkeep]\n|-heal|p2a: Nimrod|96\/100|[from] item: Leftovers\n|upkeep\n|turn|10\n|\n|t:|1700780688\n|switch|p1a: Alomomola|Alomomola, F|100\/100\n|switch|p2a: Britney Spears|Clodsire, M|100\/100\n|\n|-weather|RainDance|[upkeep]\n|upkeep\n|turn|11\n|\n|t:|1700780696\n|move|p1a: Alomomola|Wish|p1a: Alomomola\n|move|p2a: Britney Spears|Toxic|p1a: Alomomola\n|-status|p1a: Alomomola|tox\n|\n|-weather|RainDance|[upkeep]\n|-damage|p1a: Alomomola|94\/100 tox|[from] psn\n|upkeep\n|turn|12\n|\n|t:|1700780702\n|move|p1a: Alomomola|Flip Turn|p2a: Britney Spears\n|-supereffective|p2a: Britney Spears\n|-damage|p2a: Britney Spears|41\/100\n|\n|t:|1700780711\n|switch|p1a: Ninetales|Ninetales-Alola, M|90\/100|[from] Flip Turn\n|-weather|Snow|[from] ability: Snow Warning|[of] p1a: Ninetales\n|move|p2a: Britney Spears|Spikes|p1a: Ninetales\n|-sidestart|p1: ApostleMC|Spikes\n|\n|-weather|Snow|[upkeep]\n|-heal|p1a: Ninetales|100\/100|[from] move: Wish|[wisher] Alomomola\n|-heal|p2a: Britney Spears|47\/100|[from] item: Leftovers\n|upkeep\n|turn|13\n|\n|t:|1700780720\n|move|p1a: Ninetales|Freeze-Dry|p2a: Britney Spears\n|-supereffective|p2a: Britney Spears\n|-damage|p2a: Britney Spears|27\/100\n|move|p2a: Britney Spears|Spikes|p1a: Ninetales\n|-sidestart|p1: ApostleMC|Spikes\n|\n|-weather|Snow|[upkeep]\n|-heal|p2a: Britney Spears|34\/100|[from] item: Leftovers\n|upkeep\n|turn|14\n|\n|t:|1700780727\n|move|p1a: Ninetales|Aurora Veil|p1a: Ninetales\n|-sidestart|p1: ApostleMC|move: Aurora Veil\n|move|p2a: Britney Spears|Recover|p2a: Britney Spears\n|-heal|p2a: Britney Spears|84\/100\n|\n|-weather|Snow|[upkeep]\n|-heal|p2a: Britney Spears|90\/100|[from] item: Leftovers\n|upkeep\n|turn|15\n|\n|t:|1700780732\n|move|p1a: Ninetales|Encore|p2a: Britney Spears\n|-start|p2a: Britney Spears|Encore\n|move|p2a: Britney Spears|Recover|p2a: Britney Spears\n|-heal|p2a: Britney Spears|100\/100\n|\n|-weather|Snow|[upkeep]\n|upkeep\n|turn|16\n|\n|t:|1700780743\n|switch|p1a: Alomomola|Alomomola, F|100\/100 tox\n|switch|p2a: Nimrod|Empoleon, M|96\/100\n|\n|-weather|none\n|-heal|p2a: Nimrod|100\/100|[from] item: Leftovers\n|-damage|p1a: Alomomola|94\/100 tox|[from] psn\n|upkeep\n|turn|17\n|\n|t:|1700780751\n|switch|p2a: Britney Spears|Clodsire, M|100\/100\n|move|p1a: Alomomola|Wish|p1a: Alomomola\n|\n|-damage|p1a: Alomomola|82\/100 tox|[from] psn\n|upkeep\n|turn|18\n|\n|t:|1700780757\n|move|p1a: Alomomola|Flip Turn|p2a: Britney Spears\n|-supereffective|p2a: Britney Spears\n|-damage|p2a: Britney Spears|61\/100\n|\n|t:|1700780767\n|switch|p1a: Ceruledge|Ceruledge, M|13\/100|[from] Flip Turn\n|-damage|p1a: Ceruledge|0 fnt|[from] Spikes\n|faint|p1a: Ceruledge\n|move|p2a: Britney Spears|Spikes|p1: Ceruledge\n|-sidestart|p1: ApostleMC|Spikes\n|\n|-heal|p2a: Britney Spears|68\/100|[from] item: Leftovers\n|upkeep\n|\n|t:|1700780775\n|switch|p1a: Alomomola|Alomomola, F|100\/100 tox\n|turn|19\n|\n|t:|1700780792\n|switch|p2a: TheWretchedApe|Rillaboom, M|94\/100 brn\n|-fieldstart|move: Grassy Terrain|[from] ability: Grassy Surge|[of] p2a: TheWretchedApe\n|move|p1a: Alomomola|Scald|p2a: TheWretchedApe\n|-resisted|p2a: TheWretchedApe\n|-damage|p2a: TheWretchedApe|86\/100 brn\n|\n|-heal|p2a: TheWretchedApe|93\/100 brn|[from] Grassy Terrain\n|-heal|p2a: TheWretchedApe|99\/100 brn|[from] item: Leftovers\n|-damage|p1a: Alomomola|94\/100 tox|[from] psn\n|-damage|p2a: TheWretchedApe|93\/100 brn|[from] brn\n|upkeep\n|turn|20\n|\n|t:|1700780805\n|move|p2a: TheWretchedApe|Grassy Glide|p1a: Alomomola\n|-supereffective|p1a: Alomomola\n|-damage|p1a: Alomomola|83\/100 tox\n|move|p1a: Alomomola|Wish|p1a: Alomomola\n|\n|-heal|p2a: TheWretchedApe|99\/100 brn|[from] Grassy Terrain\n|-heal|p2a: TheWretchedApe|100\/100 brn|[from] item: Leftovers\n|-heal|p1a: Alomomola|90\/100 tox|[from] Grassy Terrain\n|-damage|p1a: Alomomola|77\/100 tox|[from] psn\n|-damage|p2a: TheWretchedApe|94\/100 brn|[from] brn\n|upkeep\n|turn|21\n|\n|t:|1700780815\n|move|p2a: TheWretchedApe|Grassy Glide|p1a: Alomomola\n|-supereffective|p1a: Alomomola\n|-damage|p1a: Alomomola|66\/100 tox\n|move|p1a: Alomomola|Flip Turn|p2a: TheWretchedApe\n|-resisted|p2a: TheWretchedApe\n|-damage|p2a: TheWretchedApe|86\/100 brn\n|\n|t:|1700780824\n|switch|p1a: Ninetales|Ninetales-Alola, M|100\/100|[from] Flip Turn\n|-damage|p1a: Ninetales|76\/100|[from] Spikes\n|-weather|Snow|[from] ability: Snow Warning|[of] p1a: Ninetales\n|\n|-weather|Snow|[upkeep]\n|-heal|p1a: Ninetales|100\/100|[from] move: Wish|[wisher] Alomomola\n|-heal|p2a: TheWretchedApe|93\/100 brn|[from] Grassy Terrain\n|-heal|p2a: TheWretchedApe|99\/100 brn|[from] item: Leftovers\n|-damage|p2a: TheWretchedApe|93\/100 brn|[from] brn\n|-sideend|p1: ApostleMC|move: Aurora Veil\n|upkeep\n|turn|22\n|\n|t:|1700780838\n|move|p1a: Ninetales|Freeze-Dry|p2a: TheWretchedApe\n|-supereffective|p2a: TheWretchedApe\n|-damage|p2a: TheWretchedApe|42\/100 brn\n|move|p2a: TheWretchedApe|U-turn|p1a: Ninetales\n|-resisted|p1a: Ninetales\n|-damage|p1a: Ninetales|96\/100\n|\n|t:|1700780845\n|switch|p2a: Fishe|Barraskewda, M|100\/100|[from] U-turn\n|\n|-weather|Snow|[upkeep]\n|-heal|p1a: Ninetales|100\/100|[from] Grassy Terrain\n|upkeep\n|turn|23\n|\n|t:|1700780852\n|move|p2a: Fishe|Flip Turn|p1a: Ninetales\n|-damage|p1a: Ninetales|58\/100\n|\n|t:|1700780865\n|switch|p2a: Panic Aquack|Pelipper, F|100\/100|[from] Flip Turn\n|-weather|RainDance|[from] ability: Drizzle|[of] p2a: Panic Aquack\n|move|p1a: Ninetales|Aurora Veil||[still]\n|-fail|p1a: Ninetales\n|\n|-weather|RainDance|[upkeep]\n|-heal|p1a: Ninetales|64\/100|[from] Grassy Terrain\n|-fieldend|move: Grassy Terrain\n|upkeep\n|turn|24\n|\n|t:|1700780874\n|switch|p2a: Nimrod|Empoleon, M|100\/100\n|move|p1a: Ninetales|Freeze-Dry|p2a: Nimrod\n|-damage|p2a: Nimrod|82\/100\n|\n|-weather|RainDance|[upkeep]\n|-heal|p2a: Nimrod|89\/100|[from] item: Leftovers\n|upkeep\n|turn|25\n|\n|t:|1700780889\n|switch|p1a: Alomomola|Alomomola, F|99\/100 tox\n|move|p2a: Nimrod|Surf|p1a: Alomomola\n|-resisted|p1a: Alomomola\n|-crit|p1a: Alomomola\n|-damage|p1a: Alomomola|35\/100 tox\n|\n|-weather|RainDance|[upkeep]\n|-heal|p2a: Nimrod|95\/100|[from] item: Leftovers\n|-damage|p1a: Alomomola|28\/100 tox|[from] psn\n|upkeep\n|turn|26\n|\n|t:|1700780909\n|switch|p1a: Zapdos|Zapdos|24\/100\n|move|p2a: Nimrod|Surf|p1a: Zapdos\n|-damage|p1a: Zapdos|0 fnt\n|faint|p1a: Zapdos\n|\n|-weather|RainDance|[upkeep]\n|-heal|p2a: Nimrod|100\/100|[from] item: Leftovers\n|upkeep\n|\n|t:|1700780919\n|switch|p1a: Ninetales|Ninetales-Alola, M|64\/100\n|-damage|p1a: Ninetales|39\/100|[from] Spikes\n|-weather|Snow|[from] ability: Snow Warning|[of] p1a: Ninetales\n|turn|27\n|\n|t:|1700780927\n|move|p1a: Ninetales|Aurora Veil|p1a: Ninetales\n|-sidestart|p1: ApostleMC|move: Aurora Veil\n|move|p2a: Nimrod|Surf|p1a: Ninetales\n|-damage|p1a: Ninetales|15\/100\n|\n|-weather|Snow|[upkeep]\n|upkeep\n|turn|28\n|\n|t:|1700780945\n|switch|p1a: Kingambit|Kingambit, M|100\/100\n|-damage|p1a: Kingambit|76\/100|[from] Spikes\n|-activate|p1a: Kingambit|ability: Supreme Overlord\n|-start|p1a: Kingambit|fallen2|[silent]\n|move|p2a: Nimrod|Surf|p1a: Kingambit\n|-damage|p1a: Kingambit|49\/100\n|\n|-weather|Snow|[upkeep]\n|upkeep\n|turn|29\n|\n|t:|1700780964\n|move|p2a: Nimrod|Vacuum Wave|p1a: Kingambit\n|-supereffective|p1a: Kingambit\n|-damage|p1a: Kingambit|18\/100\n|move|p1a: Kingambit|Kowtow Cleave|p2a: Nimrod\n|-damage|p2a: Nimrod|44\/100\n|\n|-weather|Snow|[upkeep]\n|-heal|p2a: Nimrod|50\/100|[from] item: Leftovers\n|upkeep\n|turn|30\n|\n|t:|1700780974\n|-terastallize|p1a: Kingambit|Dark\n|move|p1a: Kingambit|Sucker Punch|p2a: Nimrod\n|-damage|p2a: Nimrod|0 fnt\n|faint|p2a: Nimrod\n|\n|-weather|Snow|[upkeep]\n|upkeep\n|\n|t:|1700780983\n|switch|p2a: Panic Aquack|Pelipper, F|100\/100\n|-weather|RainDance|[from] ability: Drizzle|[of] p2a: Panic Aquack\n|turn|31\n|\n|t:|1700780999\n|move|p1a: Kingambit|Kowtow Cleave|p2a: Panic Aquack\n|-damage|p2a: Panic Aquack|39\/100\n|move|p2a: Panic Aquack|Hurricane|p1a: Kingambit\n|-damage|p1a: Kingambit|0 fnt\n|faint|p1a: Kingambit\n|-end|p1a: Kingambit|fallen2|[silent]\n|\n|-weather|RainDance|[upkeep]\n|upkeep\n|\n|t:|1700781006\n|switch|p1a: Ninetales|Ninetales-Alola, M|15\/100\n|-damage|p1a: Ninetales|0 fnt|[from] Spikes\n|faint|p1a: Ninetales\n|-message|ApostleMC forfeited.\n|\n|win|3WishAndLandoT\n|raw|ApostleMC's rating: 1256 &rarr; <strong>1239<\/strong><br \/>(-17 for losing)\n|raw|3WishAndLandoT's rating: 1364 &rarr; <strong>1378<\/strong><br \/>(+14 for winning)\n|l|\u2606ApostleMC\n","uploadtime":1700781019,"views":14,"p1id":"apostlemc","p2id":"3wishandlandot","formatid":"gen9ou","rating":1239,"private":0,"password":""}