{"id":"gen9ou-1996984273","p1":"Snow07","p2":"N-Zoroark stan","format":"[Gen 9] OU","log":"|j|\u2606Snow07\n|j|\u2606N-Zoroark stan\n|t:|1700752556\n|gametype|singles\n|player|p1|Snow07|boarder|1684\n|player|p2|N-Zoroark stan|riley|1720\n|teamsize|p1|6\n|teamsize|p2|6\n|gen|9\n|tier|[Gen 9] OU\n|rated|\n|rule|Sleep Clause Mod: Limit one foe put to sleep\n|rule|Species Clause: Limit one of each Pok\u00e9mon\n|rule|OHKO Clause: OHKO moves are banned\n|rule|Evasion Items Clause: Evasion items are banned\n|rule|Evasion Moves Clause: Evasion moves are banned\n|rule|Endless Battle Clause: Forcing endless battles is banned\n|rule|HP Percentage Mod: HP is shown in percentages\n|clearpoke\n|poke|p1|Ribombee, M|\n|poke|p1|Manaphy|\n|poke|p1|Iron Moth|\n|poke|p1|Kingambit, M|\n|poke|p1|Gholdengo|\n|poke|p1|Breloom, F|\n|poke|p2|Alomomola, F|\n|poke|p2|Slowking-Galar, M|\n|poke|p2|Zoroark-Hisui, M|\n|poke|p2|Corviknight, F|\n|poke|p2|Ting-Lu|\n|poke|p2|Dragonite, F|\n|teampreview\n|inactive|Battle timer is ON: inactive players will automatically lose when time's up. (requested by Snow07)\n|inactive|N-Zoroark stan also wants the timer to be on.\n|c|\u2606N-Zoroark stan|glhf\n|\n|t:|1700752571\n|start\n|switch|p1a: Ribombee|Ribombee, M|100\/100\n|switch|p2a: Slowking|Slowking-Galar, M|100\/100\n|turn|1\n|\n|t:|1700752577\n|move|p1a: Ribombee|Sticky Web|p2a: Slowking\n|-sidestart|p2: N-Zoroark stan|move: Sticky Web\n|move|p2a: Slowking|Sludge Bomb|p1a: Ribombee\n|-supereffective|p1a: Ribombee\n|-enditem|p1a: Ribombee|Focus Sash\n|-damage|p1a: Ribombee|1\/100\n|\n|upkeep\n|turn|2\n|\n|t:|1700752580\n|move|p1a: Ribombee|Stun Spore|p2a: Slowking\n|-status|p2a: Slowking|par\n|move|p2a: Slowking|Sludge Bomb|p1a: Ribombee\n|-supereffective|p1a: Ribombee\n|-damage|p1a: Ribombee|0 fnt\n|faint|p1a: Ribombee\n|\n|upkeep\n|\n|t:|1700752591\n|switch|p1a: Gholdengo|Gholdengo|100\/100\n|-item|p1a: Gholdengo|Air Balloon\n|turn|3\n|\n|t:|1700752598\n|switch|p1a: Breloom|Breloom, F|100\/100\n|move|p2a: Slowking|Chilly Reception|p2a: Slowking\n|-weather|Snow\n|\n|t:|1700752602\n|switch|p2a: Corviknight|Corviknight, F|100\/100|[from] Chilly Reception\n|\n|-weather|Snow|[upkeep]\n|upkeep\n|turn|4\n|\n|t:|1700752605\n|switch|p1a: Gholdengo|Gholdengo|100\/100\n|-item|p1a: Gholdengo|Air Balloon\n|move|p2a: Corviknight|Shadow Ball|p1a: Gholdengo\n|-supereffective|p1a: Gholdengo\n|-damage|p1a: Gholdengo|3\/100\n|-enditem|p1a: Gholdengo|Air Balloon\n|\n|-weather|Snow|[upkeep]\n|upkeep\n|turn|5\n|\n|t:|1700752611\n|switch|p1a: Kingambit|Kingambit, M|100\/100\n|-activate|p1a: Kingambit|ability: Supreme Overlord\n|-start|p1a: Kingambit|fallen1|[silent]\n|move|p2a: Corviknight|U-turn|p1a: Kingambit\n|-damage|p1a: Kingambit|89\/100\n|\n|t:|1700752615\n|switch|p2a: Corviknight|Corviknight, F|100\/100|[from] U-turn\n|-ability|p2a: Corviknight|Pressure\n|\n|-weather|Snow|[upkeep]\n|upkeep\n|turn|6\n|\n|t:|1700752622\n|move|p1a: Kingambit|Swords Dance|p1a: Kingambit\n|-boost|p1a: Kingambit|atk|2\n|move|p2a: Corviknight|U-turn|p1a: Kingambit\n|-damage|p1a: Kingambit|76\/100\n|\n|t:|1700752625\n|switch|p2a: Alomomola|Alomomola, F|100\/100|[from] U-turn\n|-activate|p2a: Alomomola|move: Sticky Web\n|-unboost|p2a: Alomomola|spe|1\n|\n|-weather|Snow|[upkeep]\n|upkeep\n|turn|7\n|\n|t:|1700752630\n|move|p1a: Kingambit|Swords Dance|p1a: Kingambit\n|-boost|p1a: Kingambit|atk|2\n|move|p2a: Alomomola|Flip Turn|p1a: Kingambit\n|-damage|p1a: Kingambit|61\/100\n|\n|t:|1700752641\n|switch|p2a: Corviknight|Corviknight, F|100\/100|[from] Flip Turn\n|-ability|p2a: Corviknight|Pressure\n|\n|-weather|none\n|upkeep\n|turn|8\n|\n|t:|1700752645\n|switch|p2a: Alomomola|Alomomola, F|100\/100\n|-activate|p2a: Alomomola|move: Sticky Web\n|-unboost|p2a: Alomomola|spe|1\n|move|p1a: Kingambit|Sucker Punch||[still]\n|-fail|p1a: Kingambit\n|\n|upkeep\n|turn|9\n|\n|t:|1700752649\n|move|p1a: Kingambit|Kowtow Cleave|p2a: Alomomola\n|-crit|p2a: Alomomola\n|-damage|p2a: Alomomola|0 fnt\n|faint|p2a: Alomomola\n|\n|upkeep\n|\n|t:|1700752659\n|switch|p2a: Corviknight|Corviknight, F|100\/100\n|-ability|p2a: Corviknight|Pressure\n|turn|10\n|\n|t:|1700752662\n|move|p1a: Kingambit|Kowtow Cleave|p2a: Corviknight\n|-damage|p2a: Corviknight|0 fnt\n|-damage|p1a: Kingambit|45\/100|[from] item: Rocky Helmet|[of] p2a: Corviknight\n|faint|p2a: Corviknight\n|\n|upkeep\n|\n|t:|1700752668\n|switch|p2a: Dragonite|Dragonite, F|100\/100\n|turn|11\n|\n|t:|1700752677\n|-terastallize|p1a: Kingambit|Fairy\n|move|p2a: Dragonite|Fire Punch|p1a: Kingambit\n|-damage|p1a: Kingambit|9\/100\n|move|p1a: Kingambit|Tera Blast|p2a: Dragonite|[anim] Tera Blast Fairy\n|-supereffective|p2a: Dragonite\n|-damage|p2a: Dragonite|0 fnt\n|faint|p2a: Dragonite\n|\n|upkeep\n|\n|t:|1700752685\n|switch|p2a: Ting-Lu|Ting-Lu|100\/100\n|turn|12\n|\n|t:|1700752688\n|switch|p2a: Ting-Lu|Ting-Lu|100\/100\n|-activate|p2a: Ting-Lu|move: Sticky Web\n|-unboost|p2a: Ting-Lu|spe|1\n|-ability|p2a: Ting-Lu|Vessel of Ruin\n|move|p1a: Kingambit|Tera Blast|p2a: Ting-Lu|[anim] Tera Blast Fairy\n|-supereffective|p2a: Ting-Lu\n|-damage|p2a: Ting-Lu|0 fnt\n|faint|p2a: Ting-Lu\n|\n|upkeep\n|-message|N-Zoroark stan forfeited.\n|\n|win|Snow07\n|raw|Snow07's rating: 1684 &rarr; <strong>1706<\/strong><br \/>(+22 for winning)\n|raw|N-Zoroark stan's rating: 1720 &rarr; <strong>1698<\/strong><br \/>(-22 for losing)\n|l|\u2606N-Zoroark stan\n","uploadtime":1700752698,"views":0,"p1id":"snow07","p2id":"nzoroarkstan","formatid":"gen9ou","rating":1698,"private":0,"password":""}