{"id":"gen9ou-1997157410","p1":"chaisippin","p2":"Znzann","format":"[Gen 9] OU","log":"|j|\u2606chaisippin\n|j|\u203dZnzann\n|t:|1700770346\n|gametype|singles\n|player|p1|chaisippin|arven-v|1040\n|player|p2|Znzann|benga|1000\n|teamsize|p1|6\n|teamsize|p2|6\n|gen|9\n|tier|[Gen 9] OU\n|rated|\n|rule|Sleep Clause Mod: Limit one foe put to sleep\n|rule|Species Clause: Limit one of each Pok\u00e9mon\n|rule|OHKO Clause: OHKO moves are banned\n|rule|Evasion Items Clause: Evasion items are banned\n|rule|Evasion Moves Clause: Evasion moves are banned\n|rule|Endless Battle Clause: Forcing endless battles is banned\n|rule|HP Percentage Mod: HP is shown in percentages\n|clearpoke\n|poke|p1|Ribombee, F|\n|poke|p1|Gholdengo|\n|poke|p1|Great Tusk|\n|poke|p1|Cinderace, F|\n|poke|p1|Greninja-*, M|\n|poke|p1|Meowscarada, F|\n|poke|p2|Dragapult, M|\n|poke|p2|Zamazenta-*|\n|poke|p2|Ursaluna, M|\n|poke|p2|Ceruledge, F|\n|poke|p2|Rillaboom, M|\n|poke|p2|Walking Wake|\n|teampreview\n|inactive|Battle timer is ON: inactive players will automatically lose when time's up. (requested by chaisippin)\n|\n|t:|1700770359\n|start\n|switch|p1a: P O N K|Ribombee, F, shiny|100\/100\n|switch|p2a: Zamazenta|Zamazenta|100\/100\n|-ability|p2a: Zamazenta|Dauntless Shield|boost\n|-boost|p2a: Zamazenta|def|1\n|turn|1\n|c|\u2606chaisippin|best if luck to ye\n|\n|t:|1700770371\n|-terastallize|p2a: Zamazenta|Steel\n|move|p2a: Zamazenta|Substitute|p2a: Zamazenta\n|-start|p2a: Zamazenta|Substitute\n|-damage|p2a: Zamazenta|75\/100\n|move|p1a: P O N K|Sticky Web|p2a: Zamazenta\n|-sidestart|p2: Znzann|move: Sticky Web\n|\n|-heal|p2a: Zamazenta|82\/100|[from] item: Leftovers\n|upkeep\n|turn|2\n|\n|t:|1700770381\n|move|p2a: Zamazenta|Iron Defense|p2a: Zamazenta\n|-boost|p2a: Zamazenta|def|2\n|move|p1a: P O N K|Quiver Dance|p1a: P O N K\n|-boost|p1a: P O N K|spa|1\n|-boost|p1a: P O N K|spd|1\n|-boost|p1a: P O N K|spe|1\n|\n|-heal|p2a: Zamazenta|88\/100|[from] item: Leftovers\n|upkeep\n|turn|3\n|\n|t:|1700770390\n|move|p1a: P O N K|Moonblast|p2a: Zamazenta\n|-resisted|p2a: Zamazenta\n|-activate|p2a: Zamazenta|move: Substitute|[damage]\n|move|p2a: Zamazenta|Iron Defense|p2a: Zamazenta\n|-boost|p2a: Zamazenta|def|2\n|\n|-heal|p2a: Zamazenta|94\/100|[from] item: Leftovers\n|upkeep\n|turn|4\n|\n|t:|1700770398\n|move|p1a: P O N K|Moonblast|p2a: Zamazenta\n|-resisted|p2a: Zamazenta\n|-end|p2a: Zamazenta|Substitute\n|move|p2a: Zamazenta|Body Press|p1a: P O N K\n|-resisted|p1a: P O N K\n|-damage|p1a: P O N K|39\/100\n|\n|-heal|p2a: Zamazenta|99\/100|[from] item: Leftovers\n|upkeep\n|turn|5\n|\n|t:|1700770407\n|move|p1a: P O N K|Moonblast|p2a: Zamazenta\n|-resisted|p2a: Zamazenta\n|-damage|p2a: Zamazenta|76\/100\n|move|p2a: Zamazenta|Substitute|p2a: Zamazenta\n|-start|p2a: Zamazenta|Substitute\n|-damage|p2a: Zamazenta|51\/100\n|\n|-heal|p2a: Zamazenta|57\/100|[from] item: Leftovers\n|upkeep\n|turn|6\n|\n|t:|1700770416\n|move|p1a: P O N K|Moonblast|p2a: Zamazenta\n|-resisted|p2a: Zamazenta\n|-activate|p2a: Zamazenta|move: Substitute|[damage]\n|move|p2a: Zamazenta|Body Press|p1a: P O N K\n|-resisted|p1a: P O N K\n|-damage|p1a: P O N K|0 fnt\n|faint|p1a: P O N K\n|\n|-heal|p2a: Zamazenta|64\/100|[from] item: Leftovers\n|upkeep\n|\n|t:|1700770424\n|switch|p1a: Joe Dengo|Gholdengo|100\/100\n|turn|7\n|\n|t:|1700770434\n|move|p2a: Zamazenta|Crunch|p1a: Joe Dengo\n|-supereffective|p1a: Joe Dengo\n|-damage|p1a: Joe Dengo|49\/100\n|move|p1a: Joe Dengo|Shadow Ball|p2a: Zamazenta\n|-end|p2a: Zamazenta|Substitute\n|\n|-heal|p2a: Zamazenta|70\/100|[from] item: Leftovers\n|upkeep\n|turn|8\n|\n|t:|1700770443\n|move|p2a: Zamazenta|Crunch|p1a: Joe Dengo\n|-supereffective|p1a: Joe Dengo\n|-damage|p1a: Joe Dengo|0 fnt\n|faint|p1a: Joe Dengo\n|\n|-heal|p2a: Zamazenta|76\/100|[from] item: Leftovers\n|upkeep\n|\n|t:|1700770448\n|switch|p1a: Trent Ninja|Greninja, M, shiny|100\/100\n|turn|9\n|\n|t:|1700770459\n|-terastallize|p1a: Trent Ninja|Water\n|move|p2a: Zamazenta|Body Press|p1a: Trent Ninja\n|-damage|p1a: Trent Ninja|0 fnt\n|faint|p1a: Trent Ninja\n|\n|-heal|p2a: Zamazenta|82\/100|[from] item: Leftovers\n|upkeep\n|c|\u2606chaisippin|WHAT\n|\n|t:|1700770476\n|switch|p1a: Granny Tusk|Great Tusk, shiny|100\/100\n|turn|10\n|\n|t:|1700770485\n|move|p2a: Zamazenta|Body Press|p1a: Granny Tusk\n|-damage|p1a: Granny Tusk|17\/100\n|move|p1a: Granny Tusk|Headlong Rush|p2a: Zamazenta\n|-supereffective|p2a: Zamazenta\n|-damage|p2a: Zamazenta|46\/100\n|-unboost|p1a: Granny Tusk|def|1\n|-unboost|p1a: Granny Tusk|spd|1\n|\n|-heal|p2a: Zamazenta|52\/100|[from] item: Leftovers\n|upkeep\n|turn|11\n|\n|t:|1700770494\n|move|p2a: Zamazenta|Body Press|p1a: Granny Tusk\n|-damage|p1a: Granny Tusk|0 fnt\n|faint|p1a: Granny Tusk\n|-end|p1a: Granny Tusk|Protosynthesis|[silent]\n|\n|-heal|p2a: Zamazenta|58\/100|[from] item: Leftovers\n|upkeep\n|c|\u2606chaisippin|gg i guess\n|\n|t:|1700770503\n|switch|p1a: Miss. Scarada|Meowscarada, F, shiny|100\/100\n|turn|12\n|\n|t:|1700770507\n|move|p2a: Zamazenta|Body Press|p1a: Miss. Scarada\n|-supereffective|p1a: Miss. Scarada\n|-damage|p1a: Miss. Scarada|0 fnt\n|faint|p1a: Miss. Scarada\n|\n|-heal|p2a: Zamazenta|65\/100|[from] item: Leftovers\n|upkeep\n|\n|t:|1700770510\n|switch|p1a: Cindy Ace|Cinderace, F, shiny|100\/100\n|turn|13\n|\n|t:|1700770515\n|move|p2a: Zamazenta|Body Press|p1a: Cindy Ace\n|-enditem|p1a: Cindy Ace|Focus Sash\n|-damage|p1a: Cindy Ace|1\/100\n|move|p1a: Cindy Ace|Pyro Ball|p2a: Zamazenta\n|-supereffective|p2a: Zamazenta\n|-damage|p2a: Zamazenta|39\/100\n|\n|-heal|p2a: Zamazenta|46\/100|[from] item: Leftovers\n|upkeep\n|turn|14\n|\n|t:|1700770526\n|move|p2a: Zamazenta|Body Press|p1a: Cindy Ace\n|-damage|p1a: Cindy Ace|0 fnt\n|faint|p1a: Cindy Ace\n|\n|win|Znzann\n|raw|chaisippin's rating: 1040 &rarr; <strong>1022<\/strong><br \/>(-18 for losing)\n|raw|Znzann's rating: 1000 &rarr; <strong>1045<\/strong><br \/>(+45 for winning)\n|l|\u2606chaisippin\n","uploadtime":1700770537,"views":4,"p1id":"chaisippin","p2id":"znzann","formatid":"gen9ou","rating":1022,"private":0,"password":""}