{"id":"gen9ou-1996725280","p1":"Angel_Oceanpart","p2":"bruhfam68","format":"[Gen 9] OU","log":"|j|\u2606Angel_Oceanpart\n|j|\u2606bruhfam68\n|t:|1700714972\n|gametype|singles\n|player|p1|Angel_Oceanpart|preschoolerf|1322\n|player|p2|bruhfam68|gardenia|1312\n|teamsize|p1|6\n|teamsize|p2|6\n|gen|9\n|tier|[Gen 9] OU\n|rated|\n|rule|Sleep Clause Mod: Limit one foe put to sleep\n|rule|Species Clause: Limit one of each Pok\u00e9mon\n|rule|OHKO Clause: OHKO moves are banned\n|rule|Evasion Items Clause: Evasion items are banned\n|rule|Evasion Moves Clause: Evasion moves are banned\n|rule|Endless Battle Clause: Forcing endless battles is banned\n|rule|HP Percentage Mod: HP is shown in percentages\n|clearpoke\n|poke|p1|Ditto|\n|poke|p1|Alomomola, F|\n|poke|p1|Corviknight, M|\n|poke|p1|Heatran, F|\n|poke|p1|Pawmot, M|\n|poke|p1|Zoroark, F|\n|poke|p2|Great Tusk|\n|poke|p2|Torkoal, M|\n|poke|p2|Iron Moth|\n|poke|p2|Samurott-Hisui, F|\n|poke|p2|Dragonite, M|\n|poke|p2|Sinistcha|\n|teampreview\n|inactive|Battle timer is ON: inactive players will automatically lose when time's up. (requested by bruhfam68)\n|\n|t:|1700714992\n|start\n|switch|p1a: Betrayal|Heatran, F|100\/100\n|switch|p2a: Samurott|Samurott-Hisui, F|100\/100\n|turn|1\n|\n|t:|1700715011\n|move|p1a: Betrayal|U-turn|p2a: Samurott\n|-supereffective|p2a: Samurott\n|-damage|p2a: Samurott|45\/100\n|\n|t:|1700715018\n|switch|p1a: Forgive|Corviknight, M|100\/100|[from] U-turn\n|-ability|p1a: Forgive|Pressure\n|move|p2a: Samurott|Ceaseless Edge|p1a: Forgive\n|-damage|p1a: Forgive|75\/100\n|-sidestart|p1: Angel_Oceanpart|Spikes\n|\n|-heal|p1a: Forgive|81\/100|[from] item: Leftovers\n|upkeep\n|turn|2\n|\n|t:|1700715027\n|switch|p2a: Torkoal|Torkoal, M|100\/100\n|-weather|SunnyDay|[from] ability: Drought|[of] p2a: Torkoal\n|move|p1a: Forgive|Brave Bird|p2a: Torkoal\n|-damage|p2a: Torkoal|81\/100\n|-damage|p1a: Forgive|76\/100|[from] Recoil\n|\n|-weather|SunnyDay|[upkeep]\n|-heal|p1a: Forgive|82\/100|[from] item: Leftovers\n|upkeep\n|turn|3\n|\n|t:|1700715035\n|switch|p1a: Betrayal|Heatran, F|100\/100\n|-damage|p1a: Betrayal|88\/100|[from] Spikes\n|move|p2a: Torkoal|Stealth Rock|p1a: Betrayal\n|-sidestart|p1: Angel_Oceanpart|move: Stealth Rock\n|\n|-weather|SunnyDay|[upkeep]\n|upkeep\n|turn|4\n|\n|t:|1700715043\n|switch|p2a: Dragonite|Dragonite, M|100\/100\n|move|p1a: Betrayal|Earth Power|p2a: Dragonite\n|-immune|p2a: Dragonite\n|\n|-weather|SunnyDay|[upkeep]\n|upkeep\n|turn|5\n|\n|t:|1700715053\n|switch|p1a: Tora|Alomomola, F|100\/100\n|-damage|p1a: Tora|88\/100|[from] Spikes\n|-damage|p1a: Tora|76\/100|[from] Stealth Rock\n|move|p2a: Dragonite|Earthquake|p1a: Tora\n|-damage|p1a: Tora|47\/100\n|\n|-weather|SunnyDay|[upkeep]\n|-heal|p1a: Tora|53\/100|[from] item: Leftovers\n|upkeep\n|turn|6\n|\n|t:|1700715060\n|switch|p2a: Samurott|Samurott-Hisui, F|45\/100\n|move|p1a: Tora|Wish|p1a: Tora\n|\n|-weather|SunnyDay|[upkeep]\n|-heal|p1a: Tora|60\/100|[from] item: Leftovers\n|upkeep\n|turn|7\n|\n|t:|1700715066\n|move|p2a: Samurott|Ceaseless Edge|p1a: Tora\n|-damage|p1a: Tora|26\/100\n|-sidestart|p1: Angel_Oceanpart|Spikes\n|move|p1a: Tora|Flip Turn|p2a: Samurott\n|-resisted|p2a: Samurott\n|-damage|p2a: Samurott|40\/100\n|\n|t:|1700715069\n|switch|p1a: Forgive|Corviknight, M|82\/100|[from] Flip Turn\n|-damage|p1a: Forgive|70\/100|[from] Stealth Rock\n|-ability|p1a: Forgive|Pressure\n|\n|-weather|SunnyDay|[upkeep]\n|-heal|p1a: Forgive|100\/100|[from] move: Wish|[wisher] Tora\n|upkeep\n|turn|8\n|\n|t:|1700715078\n|move|p2a: Samurott|Knock Off|p1a: Forgive\n|-damage|p1a: Forgive|74\/100\n|-enditem|p1a: Forgive|Leftovers|[from] move: Knock Off|[of] p2a: Samurott\n|move|p1a: Forgive|Defog|p2a: Samurott\n|-unboost|p2a: Samurott|evasion|1\n|-sideend|p1: Angel_Oceanpart|Spikes|[from] move: Defog|[of] p1a: Forgive\n|-sideend|p1: Angel_Oceanpart|Stealth Rock|[from] move: Defog|[of] p1a: Forgive\n|\n|-weather|SunnyDay|[upkeep]\n|upkeep\n|turn|9\n|\n|t:|1700715091\n|switch|p2a: Torkoal|Torkoal, M|81\/100\n|move|p1a: Forgive|U-turn|p2a: Torkoal\n|-resisted|p2a: Torkoal\n|-damage|p2a: Torkoal|77\/100\n|\n|t:|1700715099\n|switch|p1a: Tora|Alomomola, F|60\/100|[from] U-turn\n|\n|-weather|none\n|-heal|p1a: Tora|66\/100|[from] item: Leftovers\n|upkeep\n|turn|10\n|\n|t:|1700715108\n|switch|p2a: Sinistcha|Sinistcha|100\/100\n|move|p1a: Tora|Wish|p1a: Tora\n|\n|-heal|p1a: Tora|72\/100|[from] item: Leftovers\n|upkeep\n|turn|11\n|\n|t:|1700715117\n|switch|p1a: Betrayal|Heatran, F|88\/100\n|move|p2a: Sinistcha|Calm Mind|p2a: Sinistcha\n|-boost|p2a: Sinistcha|spa|1\n|-boost|p2a: Sinistcha|spd|1\n|\n|-heal|p1a: Betrayal|100\/100|[from] move: Wish|[wisher] Tora\n|upkeep\n|turn|12\n|\n|t:|1700715123\n|move|p2a: Sinistcha|Shadow Ball|p1a: Betrayal\n|-damage|p1a: Betrayal|63\/100\n|move|p1a: Betrayal|Overheat|p2a: Sinistcha|[miss]\n|-miss|p1a: Betrayal|p2a: Sinistcha\n|\n|upkeep\n|turn|13\n|\n|t:|1700715131\n|move|p2a: Sinistcha|Calm Mind|p2a: Sinistcha\n|-boost|p2a: Sinistcha|spa|1\n|-boost|p2a: Sinistcha|spd|1\n|move|p1a: Betrayal|Overheat|p2a: Sinistcha\n|-supereffective|p2a: Sinistcha\n|-damage|p2a: Sinistcha|31\/100\n|-unboost|p1a: Betrayal|spa|2\n|\n|-heal|p2a: Sinistcha|37\/100|[from] item: Leftovers\n|upkeep\n|turn|14\n|\n|t:|1700715137\n|move|p2a: Sinistcha|Strength Sap|p1a: Betrayal\n|-unboost|p1a: Betrayal|atk|1\n|-heal|p2a: Sinistcha|85\/100\n|move|p1a: Betrayal|Overheat|p2a: Sinistcha\n|-supereffective|p2a: Sinistcha\n|-damage|p2a: Sinistcha|52\/100\n|-unboost|p1a: Betrayal|spa|2\n|\n|-heal|p2a: Sinistcha|58\/100|[from] item: Leftovers\n|upkeep\n|turn|15\n|\n|t:|1700715147\n|switch|p1a: Forgive|Corviknight, M|74\/100\n|-ability|p1a: Forgive|Pressure\n|move|p2a: Sinistcha|Shadow Ball|p1a: Forgive\n|-damage|p1a: Forgive|14\/100\n|\n|-heal|p2a: Sinistcha|64\/100|[from] item: Leftovers\n|upkeep\n|turn|16\n|\n|t:|1700715159\n|switch|p2a: Torkoal|Torkoal, M|77\/100\n|-weather|SunnyDay|[from] ability: Drought|[of] p2a: Torkoal\n|move|p1a: Forgive|U-turn|p2a: Torkoal\n|-resisted|p2a: Torkoal\n|-damage|p2a: Torkoal|73\/100\n|\n|t:|1700715162\n|switch|p1a: Tora|Alomomola, F|100\/100|[from] U-turn\n|\n|-weather|SunnyDay|[upkeep]\n|upkeep\n|turn|17\n|\n|t:|1700715168\n|move|p1a: Tora|Wish|p1a: Tora\n|move|p2a: Torkoal|Stealth Rock|p1a: Tora\n|-sidestart|p1: Angel_Oceanpart|move: Stealth Rock\n|\n|-weather|SunnyDay|[upkeep]\n|upkeep\n|turn|18\n|\n|t:|1700715174\n|move|p1a: Tora|Flip Turn|p2a: Torkoal\n|-supereffective|p2a: Torkoal\n|-damage|p2a: Torkoal|64\/100\n|\n|t:|1700715177\n|switch|p1a: Betrayal|Heatran, F|63\/100|[from] Flip Turn\n|-damage|p1a: Betrayal|50\/100|[from] Stealth Rock\n|move|p2a: Torkoal|Lava Plume|p1a: Betrayal\n|-start|p1a: Betrayal|ability: Flash Fire\n|\n|-weather|SunnyDay|[upkeep]\n|-heal|p1a: Betrayal|100\/100|[from] move: Wish|[wisher] Tora\n|upkeep\n|turn|19\n|\n|t:|1700715182\n|move|p1a: Betrayal|Overheat|p2a: Torkoal\n|-resisted|p2a: Torkoal\n|-damage|p2a: Torkoal|0 fnt\n|-unboost|p1a: Betrayal|spa|2\n|faint|p2a: Torkoal\n|\n|-weather|SunnyDay|[upkeep]\n|upkeep\n|\n|t:|1700715187\n|switch|p2a: Sinistcha|Sinistcha|64\/100\n|turn|20\n|\n|t:|1700715194\n|-terastallize|p2a: Sinistcha|Poison\n|move|p2a: Sinistcha|Strength Sap|p1a: Betrayal\n|-unboost|p1a: Betrayal|atk|1\n|-heal|p2a: Sinistcha|100\/100\n|move|p1a: Betrayal|Overheat|p2a: Sinistcha\n|-damage|p2a: Sinistcha|26\/100\n|-unboost|p1a: Betrayal|spa|2\n|\n|-weather|SunnyDay|[upkeep]\n|-heal|p2a: Sinistcha|32\/100|[from] item: Leftovers\n|upkeep\n|turn|21\n|\n|t:|1700715209\n|-end|p1a: Betrayal|ability: Flash Fire|[silent]\n|switch|p1a: Forgive|Corviknight, M|14\/100\n|-damage|p1a: Forgive|1\/100|[from] Stealth Rock\n|-ability|p1a: Forgive|Pressure\n|move|p2a: Sinistcha|Strength Sap|p1a: Forgive\n|-unboost|p1a: Forgive|atk|1\n|-heal|p2a: Sinistcha|93\/100\n|\n|-weather|SunnyDay|[upkeep]\n|-heal|p2a: Sinistcha|99\/100|[from] item: Leftovers\n|upkeep\n|turn|22\n|\n|t:|1700715220\n|move|p2a: Sinistcha|Calm Mind|p2a: Sinistcha\n|-boost|p2a: Sinistcha|spa|1\n|-boost|p2a: Sinistcha|spd|1\n|move|p1a: Forgive|Roost|p1a: Forgive\n|-heal|p1a: Forgive|51\/100\n|-singleturn|p1a: Forgive|move: Roost\n|\n|-weather|SunnyDay|[upkeep]\n|-heal|p2a: Sinistcha|100\/100|[from] item: Leftovers\n|upkeep\n|turn|23\n|\n|t:|1700715225\n|move|p2a: Sinistcha|Shadow Ball|p1a: Forgive\n|-damage|p1a: Forgive|2\/100\n|-unboost|p1a: Forgive|spd|1\n|move|p1a: Forgive|Roost|p1a: Forgive\n|-heal|p1a: Forgive|52\/100\n|-singleturn|p1a: Forgive|move: Roost\n|\n|-weather|none\n|upkeep\n|turn|24\n|\n|t:|1700715252\n|switch|p1a: Tora|Alomomola, F|100\/100\n|-damage|p1a: Tora|88\/100|[from] Stealth Rock\n|move|p2a: Sinistcha|Shadow Ball|p1a: Tora\n|-damage|p1a: Tora|49\/100\n|\n|-heal|p1a: Tora|55\/100|[from] item: Leftovers\n|upkeep\n|turn|25\n|\n|t:|1700715258\n|move|p2a: Sinistcha|Matcha Gotcha|p1a: Tora|[miss]\n|-miss|p2a: Sinistcha|p1a: Tora\n|move|p1a: Tora|Wish|p1a: Tora\n|\n|-heal|p1a: Tora|61\/100|[from] item: Leftovers\n|upkeep\n|turn|26\n|\n|t:|1700715265\n|switch|p1a: Betrayal|Heatran, F|100\/100\n|-damage|p1a: Betrayal|88\/100|[from] Stealth Rock\n|move|p2a: Sinistcha|Shadow Ball|p1a: Betrayal\n|-damage|p1a: Betrayal|52\/100\n|-unboost|p1a: Betrayal|spd|1\n|\n|-heal|p1a: Betrayal|100\/100|[from] move: Wish|[wisher] Tora\n|upkeep\n|turn|27\n|\n|t:|1700715273\n|move|p2a: Sinistcha|Shadow Ball|p1a: Betrayal\n|-damage|p1a: Betrayal|44\/100\n|move|p1a: Betrayal|Flash Cannon|p2a: Sinistcha\n|-damage|p2a: Sinistcha|46\/100\n|-unboost|p2a: Sinistcha|spd|1\n|\n|-heal|p2a: Sinistcha|52\/100|[from] item: Leftovers\n|upkeep\n|turn|28\n|\n|t:|1700715294\n|move|p2a: Sinistcha|Shadow Ball|p1a: Betrayal\n|-damage|p1a: Betrayal|0 fnt\n|faint|p1a: Betrayal\n|\n|-heal|p2a: Sinistcha|58\/100|[from] item: Leftovers\n|upkeep\n|\n|t:|1700715296\n|switch|p1a: Tora|Alomomola, F|94\/100\n|-damage|p1a: Tora|82\/100|[from] Stealth Rock\n|turn|29\n|\n|t:|1700715301\n|-terastallize|p1a: Tora|Fairy\n|move|p2a: Sinistcha|Matcha Gotcha|p1a: Tora\n|-crit|p1a: Tora\n|-damage|p1a: Tora|23\/100\n|-heal|p2a: Sinistcha|100\/100|[from] drain|[of] p1a: Tora\n|move|p1a: Tora|Mirror Coat|p2a: Sinistcha\n|-damage|p2a: Sinistcha|0 fnt\n|faint|p2a: Sinistcha\n|\n|-heal|p1a: Tora|29\/100|[from] item: Leftovers\n|upkeep\n|\n|t:|1700715312\n|switch|p2a: Samurott|Samurott-Hisui, F|40\/100\n|turn|30\n|\n|t:|1700715317\n|switch|p1a: Forgive|Corviknight, M|52\/100\n|-damage|p1a: Forgive|39\/100|[from] Stealth Rock\n|-ability|p1a: Forgive|Pressure\n|move|p2a: Samurott|Razor Shell|p1a: Forgive\n|-damage|p1a: Forgive|11\/100\n|\n|upkeep\n|turn|31\n|\n|t:|1700715339\n|move|p2a: Samurott|Ceaseless Edge|p1a: Forgive\n|-damage|p1a: Forgive|0 fnt\n|-sidestart|p1: Angel_Oceanpart|Spikes\n|faint|p1a: Forgive\n|\n|upkeep\n|\n|t:|1700715342\n|switch|p1a: Tora|Alomomola, F|100\/100\n|-damage|p1a: Tora|88\/100|[from] Stealth Rock\n|-damage|p1a: Tora|76\/100|[from] Spikes\n|-start|p1a: Tora|typechange|Fairy|[silent]\n|turn|32\n|\n|t:|1700715354\n|move|p2a: Samurott|Aqua Jet|p1a: Tora\n|-damage|p1a: Tora|44\/100\n|replace|p1a: Forget|Zoroark, F\n|-end|p1a: Forget|Illusion\n|move|p1a: Forget|U-turn|p2a: Samurott\n|-supereffective|p2a: Samurott\n|-damage|p2a: Samurott|0 fnt\n|faint|p2a: Samurott\n|\n|t:|1700715363\n|switch|p1a: Tora|Alomomola, F, tera:Fairy|62\/100|[from] U-turn\n|-damage|p1a: Tora|50\/100|[from] Stealth Rock\n|-damage|p1a: Tora|37\/100|[from] Spikes\n|\n|-heal|p1a: Tora|43\/100|[from] item: Leftovers\n|upkeep\n|\n|t:|1700715367\n|switch|p2a: Iron Moth|Iron Moth|100\/100\n|turn|33\n|\n|t:|1700715380\n|switch|p1a: Tora|Alomomola, F|44\/100\n|-damage|p1a: Tora|31\/100|[from] Stealth Rock\n|-damage|p1a: Tora|19\/100|[from] Spikes\n|move|p2a: Iron Moth|Sludge Wave|p1a: Tora\n|-damage|p1a: Tora|0 fnt\n|replace|p1a: Forget|Zoroark, F\n|-end|p1a: Forget|Illusion\n|faint|p1a: Forget\n|\n|upkeep\n|\n|t:|1700715386\n|switch|p1a: Tori|Ditto|100\/100\n|-damage|p1a: Tori|88\/100|[from] Stealth Rock\n|-damage|p1a: Tori|76\/100|[from] Spikes\n|-transform|p1a: Tori|p2a: Iron Moth|[from] ability: Imposter\n|turn|34\n|\n|t:|1700715402\n|move|p2a: Iron Moth|Sludge Wave|p1a: Tori\n|-resisted|p1a: Tori\n|-damage|p1a: Tori|36\/100\n|-enditem|p1a: Tori|Red Card|[of] p2a: Iron Moth\n|-end|p2a: Iron Moth|Quark Drive|[silent]\n|drag|p2a: Great Tusk|Great Tusk|100\/100\n|move|p1a: Tori|Psychic|p2a: Great Tusk\n|-supereffective|p2a: Great Tusk\n|-damage|p2a: Great Tusk|0 fnt\n|faint|p2a: Great Tusk\n|-end|p2a: Great Tusk|Protosynthesis|[silent]\n|\n|upkeep\n|\n|t:|1700715409\n|switch|p2a: Dragonite|Dragonite, M|100\/100\n|turn|35\n|\n|t:|1700715414\n|-end|p1a: Tori|Quark Drive|[silent]\n|switch|p1a: Tora|Alomomola, F, tera:Fairy|77\/100\n|-damage|p1a: Tora|64\/100|[from] Stealth Rock\n|-damage|p1a: Tora|52\/100|[from] Spikes\n|move|p2a: Dragonite|Dragon Dance|p2a: Dragonite\n|-boost|p2a: Dragonite|atk|1\n|-boost|p2a: Dragonite|spe|1\n|\n|-heal|p1a: Tora|58\/100|[from] item: Leftovers\n|upkeep\n|turn|36\n|\n|t:|1700715423\n|move|p2a: Dragonite|Earthquake|p1a: Tora\n|-damage|p1a: Tora|20\/100\n|move|p1a: Tora|Wish|p1a: Tora\n|\n|-heal|p1a: Tora|26\/100|[from] item: Leftovers\n|upkeep\n|turn|37\n|\n|t:|1700715430\n|switch|p1a: Tori|Ditto|36\/100\n|-damage|p1a: Tori|23\/100|[from] Stealth Rock\n|-damage|p1a: Tori|11\/100|[from] Spikes\n|-transform|p1a: Tori|p2a: Dragonite|[from] ability: Imposter\n|move|p2a: Dragonite|Dragon Dance|p2a: Dragonite\n|-boost|p2a: Dragonite|atk|1\n|-boost|p2a: Dragonite|spe|1\n|\n|-heal|p1a: Tori|97\/100|[from] move: Wish|[wisher] Tora\n|upkeep\n|turn|38\n|\n|t:|1700715438\n|move|p2a: Dragonite|Extreme Speed|p1a: Tori\n|-damage|p1a: Tori|21\/100\n|move|p1a: Tori|Outrage|p2a: Dragonite\n|-supereffective|p2a: Dragonite\n|-damage|p2a: Dragonite|0 fnt\n|faint|p2a: Dragonite\n|\n|upkeep\n|\n|t:|1700715445\n|switch|p2a: Iron Moth|Iron Moth|100\/100\n|turn|39\n|\n|t:|1700715447\n|move|p1a: Tori|Outrage|p2a: Iron Moth|[from]lockedmove\n|-damage|p2a: Iron Moth|0 fnt\n|faint|p2a: Iron Moth\n|-end|p2a: Iron Moth|Quark Drive|[silent]\n|-start|p1a: Tori|confusion|[fatigue]\n|\n|win|Angel_Oceanpart\n|raw|Angel_Oceanpart's rating: 1322 &rarr; <strong>1341<\/strong><br \/>(+19 for winning)\n|raw|bruhfam68's rating: 1312 &rarr; <strong>1293<\/strong><br \/>(-19 for losing)\n|l|\u2606bruhfam68\n","uploadtime":1700715455,"views":6,"p1id":"angeloceanpart","p2id":"bruhfam68","formatid":"gen9ou","rating":1293,"private":0,"password":""}