{"id":"gen9ou-1989348850","p1":"TigerSpace02","p2":"Horse95","format":"[Gen 9] OU","log":"|j|\u2606TigerSpace02\n|j|\u2606Horse95\n|t:|1699839279\n|gametype|singles\n|player|p1|TigerSpace02|169|\n|player|p2|Horse95|colress|\n|teamsize|p1|3\n|teamsize|p2|4\n|gen|9\n|tier|[Gen 9] OU\n|rule|Sleep Clause Mod: Limit one foe put to sleep\n|rule|Species Clause: Limit one of each Pok\u00e9mon\n|rule|OHKO Clause: OHKO moves are banned\n|rule|Evasion Items Clause: Evasion items are banned\n|rule|Evasion Moves Clause: Evasion moves are banned\n|rule|Endless Battle Clause: Forcing endless battles is banned\n|rule|HP Percentage Mod: HP is shown in percentages\n|clearpoke\n|poke|p1|Scizor, M|\n|poke|p1|Goodra-Hisui, M|\n|poke|p1|Dragapult, F|\n|poke|p2|Kommo-o, M|\n|poke|p2|Ninetales-Alola, F|\n|poke|p2|Iron Valiant|\n|poke|p2|Azumarill, F|\n|teampreview\n|c|\u2606Horse95|glhf\n|inactive|Battle timer is ON: inactive players will automatically lose when time's up. (requested by TigerSpace02)\n|c|\u2606Horse95|no problem\n|c|\u2606TigerSpace02|u2\n|c|\u2606Horse95|glad it worked\n|\n|t:|1699839304\n|start\n|switch|p1a: Scizor|Scizor, M|100\/100\n|switch|p2a: Kommo-o|Kommo-o, M|100\/100\n|turn|1\n|c|\u2606TigerSpace02|me too haha\n|\n|t:|1699839312\n|move|p2a: Kommo-o|Clangorous Soul|p2a: Kommo-o\n|-boost|p2a: Kommo-o|atk|1\n|-boost|p2a: Kommo-o|def|1\n|-boost|p2a: Kommo-o|spa|1\n|-boost|p2a: Kommo-o|spd|1\n|-boost|p2a: Kommo-o|spe|1\n|-damage|p2a: Kommo-o|68\/100\n|move|p1a: Scizor|Dual Wingbeat|p2a: Kommo-o\n|-supereffective|p2a: Kommo-o\n|-damage|p2a: Kommo-o|41\/100\n|-supereffective|p2a: Kommo-o\n|-damage|p2a: Kommo-o|15\/100\n|-hitcount|p2a: Kommo-o|2\n|\n|upkeep\n|turn|2\n|j| IcyZoroark\n|\n|t:|1699839331\n|move|p1a: Scizor|Bullet Punch|p2a: Kommo-o\n|-damage|p2a: Kommo-o|0 fnt\n|faint|p2a: Kommo-o\n|\n|upkeep\n|j| Rexxfox\n|\n|t:|1699839341\n|switch|p2a: Azumarill|Azumarill, F|100\/100\n|turn|3\n|inactive|TigerSpace02 has 270 seconds left.\n|inactive|TigerSpace02 has 240 seconds left.\n|inactive|TigerSpace02 has 210 seconds left.\n|\n|t:|1699839444\n|move|p1a: Scizor|Bullet Punch|p2a: Azumarill\n|-damage|p2a: Azumarill|68\/100\n|move|p2a: Azumarill|Belly Drum|p2a: Azumarill\n|-damage|p2a: Azumarill|18\/100\n|-setboost|p2a: Azumarill|atk|6|[from] move: Belly Drum\n|-enditem|p2a: Azumarill|Sitrus Berry|[eat]\n|-heal|p2a: Azumarill|43\/100|[from] item: Sitrus Berry\n|\n|upkeep\n|turn|4\n|j| LogIce\n|\n|t:|1699839461\n|-terastallize|p2a: Azumarill|Fire\n|move|p1a: Scizor|Bullet Punch|p2a: Azumarill\n|-resisted|p2a: Azumarill\n|-damage|p2a: Azumarill|26\/100\n|move|p2a: Azumarill|Superpower|p1a: Scizor\n|-damage|p1a: Scizor|0 fnt\n|-unboost|p2a: Azumarill|atk|1\n|-unboost|p2a: Azumarill|def|1\n|faint|p1a: Scizor\n|\n|upkeep\n|inactive|TigerSpace02 has 210 seconds left.\n|\n|t:|1699839473\n|switch|p1a: Dragapult|Dragapult, F|100\/100\n|turn|5\n|inactive|TigerSpace02 has 210 seconds left.\n|\n|t:|1699839482\n|switch|p2a: Iron Valiant|Iron Valiant|100\/100\n|-enditem|p2a: Iron Valiant|Booster Energy\n|-activate|p2a: Iron Valiant|ability: Quark Drive|[fromitem]\n|-start|p2a: Iron Valiant|quarkdrivespe\n|move|p1a: Dragapult|Surf|p2a: Iron Valiant\n|-damage|p2a: Iron Valiant|59\/100\n|\n|upkeep\n|turn|6\n|j| TeamBuilder22\n|inactive|TigerSpace02 has 210 seconds left.\n|\n|t:|1699839493\n|switch|p1a: Goodra|Goodra-Hisui, M|100\/100\n|move|p2a: Iron Valiant|Moonblast|p1a: Goodra\n|-damage|p1a: Goodra|68\/100\n|-unboost|p1a: Goodra|spa|1\n|\n|-heal|p1a: Goodra|74\/100|[from] item: Leftovers\n|upkeep\n|turn|7\n|inactive|TigerSpace02 has 210 seconds left.\n|\n|t:|1699839506\n|-end|p2a: Iron Valiant|Quark Drive|[silent]\n|switch|p2a: Ninetales|Ninetales-Alola, F|100\/100\n|-weather|Snow|[from] ability: Snow Warning|[of] p2a: Ninetales\n|move|p1a: Goodra|Flash Cannon|p2a: Ninetales\n|-supereffective|p2a: Ninetales\n|-damage|p2a: Ninetales|0 fnt\n|faint|p2a: Ninetales\n|\n|-weather|Snow|[upkeep]\n|-heal|p1a: Goodra|80\/100|[from] item: Leftovers\n|upkeep\n|\n|t:|1699839516\n|switch|p2a: Iron Valiant|Iron Valiant|59\/100\n|turn|8\n|\n|t:|1699839520\n|move|p2a: Iron Valiant|Moonblast|p1a: Goodra\n|-damage|p1a: Goodra|50\/100\n|move|p1a: Goodra|Flash Cannon|p2a: Iron Valiant\n|-supereffective|p2a: Iron Valiant\n|-damage|p2a: Iron Valiant|0 fnt\n|faint|p2a: Iron Valiant\n|-end|p2a: Iron Valiant|Quark Drive|[silent]\n|\n|-weather|Snow|[upkeep]\n|-heal|p1a: Goodra|56\/100|[from] item: Leftovers\n|upkeep\n|\n|t:|1699839528\n|switch|p2a: Azumarill|Azumarill, F, tera:Fire|26\/100\n|turn|9\n|\n|t:|1699839536\n|move|p1a: Goodra|Body Press|p2a: Azumarill\n|-damage|p2a: Azumarill|2\/100\n|move|p2a: Azumarill|Superpower|p1a: Goodra\n|-supereffective|p1a: Goodra\n|-damage|p1a: Goodra|0 fnt\n|-unboost|p2a: Azumarill|atk|1\n|-unboost|p2a: Azumarill|def|1\n|-ability|p1a: Goodra|Gooey\n|-unboost|p2a: Azumarill|spe|1\n|faint|p1a: Goodra\n|\n|-weather|Snow|[upkeep]\n|upkeep\n|\n|t:|1699839541\n|switch|p1a: Dragapult|Dragapult, F|100\/100\n|turn|10\n|c|\u2606Horse95|gg\n|\n|t:|1699839551\n|move|p2a: Azumarill|Aqua Jet|p1a: Dragapult\n|-resisted|p1a: Dragapult\n|-damage|p1a: Dragapult|87\/100\n|move|p1a: Dragapult|Surf|p2a: Azumarill\n|-supereffective|p2a: Azumarill\n|-damage|p2a: Azumarill|0 fnt\n|faint|p2a: Azumarill\n|\n|win|TigerSpace02\n|c|\u2606TigerSpace02|gg\n|l| Rexxfox\n|l| IcyZoroark\n","uploadtime":1699839576,"views":67,"p1id":"tigerspace02","p2id":"horse95","formatid":"gen9ou","rating":0,"private":0,"password":""}