{"id":"gen9ou-1994236523","p1":"R. Caroline","p2":"Prav33n","format":"[Gen 9] OU","log":"|j|\u2606R. Caroline\n|j|\u2606Prav33n\n|t:|1700422016\n|gametype|singles\n|player|p1|R. Caroline|psychicf|1509\n|player|p2|Prav33n|swimmer-gen4|1607\n|teamsize|p1|6\n|teamsize|p2|6\n|gen|9\n|tier|[Gen 9] OU\n|rated|\n|rule|Sleep Clause Mod: Limit one foe put to sleep\n|rule|Species Clause: Limit one of each Pok\u00e9mon\n|rule|OHKO Clause: OHKO moves are banned\n|rule|Evasion Items Clause: Evasion items are banned\n|rule|Evasion Moves Clause: Evasion moves are banned\n|rule|Endless Battle Clause: Forcing endless battles is banned\n|rule|HP Percentage Mod: HP is shown in percentages\n|clearpoke\n|poke|p1|Noivern, M|\n|poke|p1|Ursaluna, M|\n|poke|p1|Chansey, F|\n|poke|p1|Scizor, F|\n|poke|p1|Mew|\n|poke|p1|Avalugg, M|\n|poke|p2|Cinderace, F|\n|poke|p2|Landorus-Therian, M|\n|poke|p2|Weavile, M|\n|poke|p2|Great Tusk|\n|poke|p2|Gholdengo|\n|poke|p2|Walking Wake|\n|teampreview\n|inactive|Battle timer is ON: inactive players will automatically lose when time's up. (requested by Prav33n)\n|\n|t:|1700422030\n|start\n|switch|p1a: Jason Blood|Ursaluna, M, shiny|100\/100\n|switch|p2a: Great Tusk|Great Tusk|100\/100\n|turn|1\n|\n|t:|1700422036\n|move|p2a: Great Tusk|Knock Off|p1a: Jason Blood\n|-damage|p1a: Jason Blood|77\/100\n|-enditem|p1a: Jason Blood|Assault Vest|[from] move: Knock Off|[of] p2a: Great Tusk\n|move|p1a: Jason Blood|Avalanche|p2a: Great Tusk\n|-supereffective|p2a: Great Tusk\n|-damage|p2a: Great Tusk|29\/100\n|\n|upkeep\n|turn|2\n|\n|t:|1700422043\n|switch|p1a: Jonathan Osterman|Avalugg, M|100\/100\n|move|p2a: Great Tusk|Close Combat|p1a: Jonathan Osterman\n|-supereffective|p1a: Jonathan Osterman\n|-damage|p1a: Jonathan Osterman|53\/100\n|-unboost|p2a: Great Tusk|def|1\n|-unboost|p2a: Great Tusk|spd|1\n|-enditem|p2a: Great Tusk|Eject Pack\n|-damage|p2a: Great Tusk|12\/100|[from] item: Rocky Helmet|[of] p1a: Jonathan Osterman\n|\n|t:|1700422054\n|-end|p2a: Great Tusk|Protosynthesis|[silent]\n|switch|p2a: Gholdengo|Gholdengo|100\/100\n|-item|p2a: Gholdengo|Air Balloon\n|\n|upkeep\n|turn|3\n|\n|t:|1700422066\n|switch|p2a: Cinderace|Cinderace, F|100\/100\n|switch|p1a: Boston Brand|Mew, shiny|100\/100\n|\n|upkeep\n|turn|4\n|\n|t:|1700422074\n|switch|p1a: Bruce Wayne|Noivern, M|100\/100\n|move|p2a: Cinderace|U-turn|p1a: Bruce Wayne\n|-start|p2a: Cinderace|typechange|Bug|[from] ability: Libero\n|-resisted|p1a: Bruce Wayne\n|-damage|p1a: Bruce Wayne|82\/100\n|\n|t:|1700422084\n|switch|p2a: Weavile|Weavile, M|100\/100|[from] U-turn\n|\n|upkeep\n|turn|5\n|\n|t:|1700422094\n|-terastallize|p1a: Bruce Wayne|Fire\n|move|p1a: Bruce Wayne|Flamethrower|p2a: Weavile\n|-supereffective|p2a: Weavile\n|-damage|p2a: Weavile|0 fnt\n|faint|p2a: Weavile\n|\n|upkeep\n|\n|t:|1700422111\n|switch|p2a: Cinderace|Cinderace, F|100\/100\n|turn|6\n|\n|t:|1700422124\n|switch|p1a: Shayera Hal|Chansey, F, shiny|100\/100\n|move|p2a: Cinderace|U-turn|p1a: Shayera Hal\n|-start|p2a: Cinderace|typechange|Bug|[from] ability: Libero\n|-damage|p1a: Shayera Hal|79\/100\n|\n|t:|1700422128\n|switch|p2a: Great Tusk|Great Tusk|12\/100|[from] U-turn\n|\n|upkeep\n|turn|7\n|\n|t:|1700422132\n|switch|p1a: Jonathan Osterman|Avalugg, M|53\/100\n|move|p2a: Great Tusk|Knock Off|p1a: Jonathan Osterman\n|-damage|p1a: Jonathan Osterman|39\/100\n|-damage|p2a: Great Tusk|0 fnt|[from] item: Rocky Helmet|[of] p1a: Jonathan Osterman\n|faint|p2a: Great Tusk\n|-end|p2a: Great Tusk|Protosynthesis|[silent]\n|\n|upkeep\n|\n|t:|1700422135\n|switch|p2a: Cinderace|Cinderace, F|100\/100\n|turn|8\n|\n|t:|1700422142\n|switch|p1a: Bruce Wayne|Noivern, M, tera:Fire|82\/100\n|move|p2a: Cinderace|Pyro Ball|p1a: Bruce Wayne\n|-resisted|p1a: Bruce Wayne\n|-damage|p1a: Bruce Wayne|46\/100\n|\n|upkeep\n|turn|9\n|\n|t:|1700422148\n|switch|p2a: Gholdengo|Gholdengo|100\/100\n|-item|p2a: Gholdengo|Air Balloon\n|move|p1a: Bruce Wayne|Draco Meteor|p2a: Gholdengo\n|-resisted|p2a: Gholdengo\n|-damage|p2a: Gholdengo|67\/100\n|-unboost|p1a: Bruce Wayne|spa|2\n|-enditem|p2a: Gholdengo|Air Balloon\n|\n|upkeep\n|turn|10\n|\n|t:|1700422158\n|switch|p1a: Shayera Hal|Chansey, F, shiny|79\/100\n|switch|p2a: Cinderace|Cinderace, F|100\/100\n|\n|upkeep\n|turn|11\n|\n|t:|1700422164\n|-terastallize|p2a: Cinderace|Fire\n|move|p2a: Cinderace|Pyro Ball|p1a: Shayera Hal\n|-damage|p1a: Shayera Hal|23\/100\n|move|p1a: Shayera Hal|Stealth Rock|p2a: Cinderace\n|-sidestart|p2: Prav33n|move: Stealth Rock\n|\n|upkeep\n|turn|12\n|\n|t:|1700422174\n|switch|p1a: Jonathan Osterman|Avalugg, M|39\/100\n|move|p2a: Cinderace|Court Change|p2a: Cinderace\n|-swapsideconditions\n|-activate|p2a: Cinderace|move: Court Change\n|\n|upkeep\n|turn|13\n|\n|t:|1700422179\n|move|p2a: Cinderace|Pyro Ball|p1a: Jonathan Osterman\n|-supereffective|p1a: Jonathan Osterman\n|-damage|p1a: Jonathan Osterman|0 fnt\n|faint|p1a: Jonathan Osterman\n|\n|upkeep\n|\n|t:|1700422189\n|switch|p1a: Bruce Wayne|Noivern, M, tera:Fire|46\/100\n|-damage|p1a: Bruce Wayne|22\/100|[from] Stealth Rock\n|turn|14\n|\n|t:|1700422193\n|move|p2a: Cinderace|Sucker Punch|p1a: Bruce Wayne\n|-damage|p1a: Bruce Wayne|0 fnt\n|faint|p1a: Bruce Wayne\n|\n|upkeep\n|\n|t:|1700422196\n|switch|p1a: Jason Blood|Ursaluna, M, shiny|77\/100\n|-damage|p1a: Jason Blood|70\/100|[from] Stealth Rock\n|turn|15\n|\n|t:|1700422202\n|move|p2a: Cinderace|U-turn|p1a: Jason Blood\n|-damage|p1a: Jason Blood|54\/100\n|\n|t:|1700422203\n|switch|p2a: Landorus|Landorus-Therian, M|100\/100|[from] U-turn\n|-ability|p2a: Landorus|Intimidate|boost\n|-unboost|p1a: Jason Blood|atk|1\n|move|p1a: Jason Blood|Earthquake|p2a: Landorus\n|-immune|p2a: Landorus\n|\n|upkeep\n|turn|16\n|\n|t:|1700422210\n|move|p2a: Landorus|Grass Knot|p1a: Jason Blood\n|-supereffective|p1a: Jason Blood\n|-damage|p1a: Jason Blood|10\/100\n|move|p1a: Jason Blood|Avalanche|p2a: Landorus\n|-supereffective|p2a: Landorus\n|-damage|p2a: Landorus|3\/100\n|-damage|p1a: Jason Blood|0 fnt|[from] item: Rocky Helmet|[of] p2a: Landorus\n|faint|p1a: Jason Blood\n|\n|upkeep\n|\n|t:|1700422220\n|switch|p1a: Boston Brand|Mew, shiny|100\/100\n|-damage|p1a: Boston Brand|88\/100|[from] Stealth Rock\n|turn|17\n|\n|t:|1700422225\n|move|p1a: Boston Brand|Psychic|p2a: Landorus\n|-damage|p2a: Landorus|0 fnt\n|faint|p2a: Landorus\n|\n|upkeep\n|\n|t:|1700422229\n|switch|p2a: Gholdengo|Gholdengo|67\/100\n|turn|18\n|\n|t:|1700422233\n|switch|p1a: Beatriz da Costa|Scizor, F, shiny|100\/100\n|-damage|p1a: Beatriz da Costa|88\/100|[from] Stealth Rock\n|move|p2a: Gholdengo|Shadow Ball|p1a: Beatriz da Costa\n|-damage|p1a: Beatriz da Costa|40\/100\n|\n|upkeep\n|turn|19\n|\n|t:|1700422240\n|switch|p2a: Walking Wake|Walking Wake|100\/100\n|-enditem|p2a: Walking Wake|Booster Energy\n|-activate|p2a: Walking Wake|ability: Protosynthesis|[fromitem]\n|-start|p2a: Walking Wake|protosynthesisspa\n|move|p1a: Beatriz da Costa|Knock Off|p2a: Walking Wake\n|-damage|p2a: Walking Wake|75\/100\n|\n|upkeep\n|turn|20\n|-message|R. Caroline forfeited.\n|\n|win|Prav33n\n|raw|R. Caroline's rating: 1509 &rarr; <strong>1494<\/strong><br \/>(-15 for losing)\n|raw|Prav33n's rating: 1607 &rarr; <strong>1622<\/strong><br \/>(+15 for winning)\n|l|\u2606R. Caroline\n","uploadtime":1700422256,"views":14,"p1id":"rcaroline","p2id":"prav33n","formatid":"gen9ou","rating":1494,"private":0,"password":""}