{"id":"gen9ou-1988944466","p1":"chadwick33","p2":"Shinkuu8","format":"[Gen 9] OU","log":"|j|\u2606chadwick33\n|j|\u2606Shinkuu8\n|t:|1699792307\n|gametype|singles\n|player|p1|chadwick33|giovanni|1321\n|player|p2|Shinkuu8|clair|1240\n|teamsize|p1|6\n|teamsize|p2|6\n|gen|9\n|tier|[Gen 9] OU\n|rated|\n|rule|Sleep Clause Mod: Limit one foe put to sleep\n|rule|Species Clause: Limit one of each Pok\u00e9mon\n|rule|OHKO Clause: OHKO moves are banned\n|rule|Evasion Items Clause: Evasion items are banned\n|rule|Evasion Moves Clause: Evasion moves are banned\n|rule|Endless Battle Clause: Forcing endless battles is banned\n|rule|HP Percentage Mod: HP is shown in percentages\n|clearpoke\n|poke|p1|Gholdengo|\n|poke|p1|Kingambit, F|\n|poke|p1|Samurott-Hisui, F|\n|poke|p1|Great Tusk|\n|poke|p1|Cinderace, F|\n|poke|p1|Hydreigon, F|\n|poke|p2|Ceruledge, M|\n|poke|p2|Ninetales-Alola, F|\n|poke|p2|Kingambit, F|\n|poke|p2|Meowscarada, M|\n|poke|p2|Volcanion|\n|poke|p2|Great Tusk|\n|teampreview\n|inactive|Battle timer is ON: inactive players will automatically lose when time's up. (requested by Shinkuu8)\n|\n|t:|1699792326\n|start\n|switch|p1a: Samurott|Samurott-Hisui, F|100\/100\n|switch|p2a: Ninetales|Ninetales-Alola, F|100\/100\n|-weather|Snow|[from] ability: Snow Warning|[of] p2a: Ninetales\n|turn|1\n|\n|t:|1699792333\n|move|p2a: Ninetales|Nasty Plot|p2a: Ninetales\n|-boost|p2a: Ninetales|spa|2\n|move|p1a: Samurott|Aqua Cutter|p2a: Ninetales\n|-damage|p2a: Ninetales|53\/100\n|\n|-weather|Snow|[upkeep]\n|upkeep\n|turn|2\n|\n|t:|1699792340\n|move|p2a: Ninetales|Moonblast|p1a: Samurott\n|-supereffective|p1a: Samurott\n|-damage|p1a: Samurott|0 fnt\n|faint|p1a: Samurott\n|\n|-weather|Snow|[upkeep]\n|upkeep\n|\n|t:|1699792363\n|switch|p1a: Cinderace|Cinderace, F|100\/100\n|turn|3\n|\n|t:|1699792365\n|switch|p2a: Volcanion|Volcanion|100\/100\n|move|p1a: Cinderace|Pyro Ball|p2a: Volcanion\n|-resisted|p2a: Volcanion\n|-damage|p2a: Volcanion|88\/100\n|\n|-weather|Snow|[upkeep]\n|upkeep\n|turn|4\n|\n|t:|1699792372\n|move|p1a: Cinderace|U-turn|p2a: Volcanion\n|-start|p1a: Cinderace|typechange|Bug|[from] ability: Libero\n|-resisted|p2a: Volcanion\n|-damage|p2a: Volcanion|72\/100\n|\n|t:|1699792397\n|switch|p1a: Hydreigon|Hydreigon, F|100\/100|[from] U-turn\n|move|p2a: Volcanion|Steam Eruption|p1a: Hydreigon\n|-resisted|p1a: Hydreigon\n|-damage|p1a: Hydreigon|65\/100\n|-status|p1a: Hydreigon|brn\n|\n|-weather|Snow|[upkeep]\n|-heal|p1a: Hydreigon|71\/100 brn|[from] item: Leftovers\n|-damage|p1a: Hydreigon|65\/100 brn|[from] brn\n|upkeep\n|turn|5\n|\n|t:|1699792405\n|switch|p2a: Ninetales|Ninetales-Alola, F|53\/100\n|move|p1a: Hydreigon|Draco Meteor|p2a: Ninetales\n|-immune|p2a: Ninetales\n|\n|-weather|none\n|-heal|p1a: Hydreigon|71\/100 brn|[from] item: Leftovers\n|-damage|p1a: Hydreigon|65\/100 brn|[from] brn\n|upkeep\n|turn|6\n|\n|t:|1699792420\n|switch|p2a: Great Tusk|Great Tusk|100\/100\n|switch|p1a: Cinderace|Cinderace, F|100\/100\n|\n|upkeep\n|turn|7\n|\n|t:|1699792430\n|move|p1a: Cinderace|U-turn|p2a: Great Tusk\n|-start|p1a: Cinderace|typechange|Bug|[from] ability: Libero\n|-resisted|p2a: Great Tusk\n|-damage|p2a: Great Tusk|93\/100\n|\n|t:|1699792441\n|switch|p1a: Gholdengo|Gholdengo|100\/100|[from] U-turn\n|-item|p1a: Gholdengo|Air Balloon\n|move|p2a: Great Tusk|Stealth Rock|p1a: Gholdengo\n|-sidestart|p1: chadwick33|move: Stealth Rock\n|\n|-heal|p2a: Great Tusk|99\/100|[from] item: Leftovers\n|upkeep\n|turn|8\n|\n|t:|1699792459\n|move|p1a: Gholdengo|Shadow Ball|p2a: Great Tusk\n|-damage|p2a: Great Tusk|51\/100\n|-unboost|p2a: Great Tusk|spd|1\n|move|p2a: Great Tusk|Knock Off|p1a: Gholdengo\n|-supereffective|p1a: Gholdengo\n|-damage|p1a: Gholdengo|65\/100\n|-enditem|p1a: Gholdengo|Air Balloon\n|\n|-heal|p2a: Great Tusk|58\/100|[from] item: Leftovers\n|upkeep\n|turn|9\n|\n|t:|1699792468\n|-end|p2a: Great Tusk|Protosynthesis|[silent]\n|switch|p2a: Kingambit|Kingambit, F|100\/100\n|move|p1a: Gholdengo|Shadow Ball|p2a: Kingambit\n|-resisted|p2a: Kingambit\n|-damage|p2a: Kingambit|80\/100\n|\n|upkeep\n|turn|10\n|\n|t:|1699792482\n|switch|p1a: Great Tusk|Great Tusk|100\/100\n|-damage|p1a: Great Tusk|98\/100|[from] Stealth Rock\n|-enditem|p1a: Great Tusk|Booster Energy\n|-activate|p1a: Great Tusk|ability: Protosynthesis|[fromitem]\n|-start|p1a: Great Tusk|protosynthesisatk\n|-end|p2a: Kingambit|fallenundefined|[silent]\n|switch|p2a: Ninetales|Ninetales-Alola, F|53\/100\n|-weather|Snow|[from] ability: Snow Warning|[of] p2a: Ninetales\n|\n|-weather|Snow|[upkeep]\n|upkeep\n|turn|11\n|\n|t:|1699792495\n|-end|p1a: Great Tusk|Protosynthesis|[silent]\n|switch|p1a: Cinderace|Cinderace, F|100\/100\n|move|p2a: Ninetales|Moonblast|p1a: Cinderace\n|-resisted|p1a: Cinderace\n|-damage|p1a: Cinderace|75\/100\n|\n|-weather|Snow|[upkeep]\n|upkeep\n|turn|12\n|\n|t:|1699792502\n|move|p1a: Cinderace|Court Change|p1a: Cinderace\n|-start|p1a: Cinderace|typechange|Normal|[from] ability: Libero\n|-swapsideconditions\n|-activate|p1a: Cinderace|move: Court Change\n|move|p2a: Ninetales|Encore|p1a: Cinderace\n|-start|p1a: Cinderace|Encore\n|\n|-weather|Snow|[upkeep]\n|upkeep\n|turn|13\n|\n|t:|1699792528\n|switch|p1a: Gholdengo|Gholdengo|65\/100\n|move|p2a: Ninetales|Moonblast|p1a: Gholdengo\n|-resisted|p1a: Gholdengo\n|-damage|p1a: Gholdengo|48\/100\n|\n|-weather|Snow|[upkeep]\n|upkeep\n|turn|14\n|inactive|chadwick33 has 120 seconds left.\n|\n|t:|1699792549\n|switch|p2a: Kingambit|Kingambit, F|80\/100\n|switch|p1a: Great Tusk|Great Tusk|98\/100\n|\n|-weather|none\n|upkeep\n|turn|15\n|inactive|chadwick33 has 120 seconds left.\n|\n|t:|1699792558\n|-end|p2a: Kingambit|fallenundefined|[silent]\n|switch|p2a: Great Tusk|Great Tusk|58\/100\n|-damage|p2a: Great Tusk|55\/100|[from] Stealth Rock\n|move|p1a: Great Tusk|Headlong Rush|p2a: Great Tusk\n|-damage|p2a: Great Tusk|30\/100\n|-unboost|p1a: Great Tusk|def|1\n|-unboost|p1a: Great Tusk|spd|1\n|\n|-heal|p2a: Great Tusk|36\/100|[from] item: Leftovers\n|upkeep\n|turn|16\n|inactive|chadwick33 has 120 seconds left.\n|\n|t:|1699792573\n|move|p1a: Great Tusk|Headlong Rush|p2a: Great Tusk\n|-crit|p2a: Great Tusk\n|-damage|p2a: Great Tusk|0 fnt\n|-unboost|p1a: Great Tusk|def|1\n|-unboost|p1a: Great Tusk|spd|1\n|faint|p2a: Great Tusk\n|-end|p2a: Great Tusk|Protosynthesis|[silent]\n|\n|upkeep\n|c|\u2606chadwick33|unlucky\n|c|\u2606Shinkuu8|yea\n|inactive|Shinkuu8 has 120 seconds left.\n|\n|t:|1699792604\n|switch|p2a: Meowscarada|Meowscarada, M|100\/100\n|-damage|p2a: Meowscarada|88\/100|[from] Stealth Rock\n|turn|17\n|inactive|Shinkuu8 has 120 seconds left.\n|\n|t:|1699792612\n|-end|p1a: Great Tusk|Protosynthesis|[silent]\n|switch|p1a: Cinderace|Cinderace, F|75\/100\n|move|p2a: Meowscarada|Play Rough|p1a: Cinderace\n|-start|p2a: Meowscarada|typechange|Fairy|[from] ability: Protean\n|-resisted|p1a: Cinderace\n|-damage|p1a: Cinderace|43\/100\n|\n|upkeep\n|turn|18\n|\n|t:|1699792620\n|move|p2a: Meowscarada|Play Rough|p1a: Cinderace\n|-resisted|p1a: Cinderace\n|-damage|p1a: Cinderace|14\/100\n|move|p1a: Cinderace|Pyro Ball|p2a: Meowscarada\n|-damage|p2a: Meowscarada|0 fnt\n|faint|p2a: Meowscarada\n|\n|upkeep\n|inactive|Shinkuu8 has 120 seconds left.\n|\n|t:|1699792633\n|switch|p2a: Ceruledge|Ceruledge, M|100\/100\n|turn|19\n|\n|t:|1699792641\n|move|p1a: Cinderace|Pyro Ball|p2a: Ceruledge\n|-start|p2a: Ceruledge|ability: Flash Fire\n|move|p2a: Ceruledge|Bulk Up|p2a: Ceruledge\n|-boost|p2a: Ceruledge|atk|1\n|-boost|p2a: Ceruledge|def|1\n|\n|upkeep\n|turn|20\n|\n|t:|1699792647\n|move|p1a: Cinderace|U-turn|p2a: Ceruledge\n|-start|p1a: Cinderace|typechange|Bug|[from] ability: Libero\n|-resisted|p2a: Ceruledge\n|-damage|p2a: Ceruledge|93\/100\n|\n|t:|1699792649\n|switch|p1a: Great Tusk|Great Tusk|98\/100|[from] U-turn\n|move|p2a: Ceruledge|Bulk Up|p2a: Ceruledge\n|-boost|p2a: Ceruledge|atk|1\n|-boost|p2a: Ceruledge|def|1\n|\n|upkeep\n|turn|21\n|\n|t:|1699792654\n|-terastallize|p2a: Ceruledge|Bug\n|move|p1a: Great Tusk|Headlong Rush|p2a: Ceruledge\n|-resisted|p2a: Ceruledge\n|-damage|p2a: Ceruledge|76\/100\n|-unboost|p1a: Great Tusk|def|1\n|-unboost|p1a: Great Tusk|spd|1\n|move|p2a: Ceruledge|Bitter Blade|p1a: Great Tusk\n|-damage|p1a: Great Tusk|0 fnt\n|-heal|p2a: Ceruledge|100\/100|[from] drain|[of] p1a: Great Tusk\n|faint|p1a: Great Tusk\n|-end|p1a: Great Tusk|Protosynthesis|[silent]\n|\n|upkeep\n|c|\u2606chadwick33|damn\n|c|\u2606Shinkuu8|indeed\n|c|\u2606chadwick33|bro\n|c|\u2606chadwick33|the moment i remove my zapdos\n|inactive|chadwick33 has 120 seconds left.\n|c|\u2606chadwick33|i face this shit\n|c|\u2606Shinkuu8|Unfortunate\n|\n|t:|1699792696\n|switch|p1a: Hydreigon|Hydreigon, F|65\/100 brn\n|turn|22\n|\n|t:|1699792703\n|move|p1a: Hydreigon|Draco Meteor|p2a: Ceruledge\n|-damage|p2a: Ceruledge|50\/100\n|-unboost|p1a: Hydreigon|spa|2\n|move|p2a: Ceruledge|Bitter Blade|p1a: Hydreigon\n|-resisted|p1a: Hydreigon\n|-damage|p1a: Hydreigon|0 fnt\n|-heal|p2a: Ceruledge|80\/100|[from] drain|[of] p1a: Hydreigon\n|faint|p1a: Hydreigon\n|\n|upkeep\n|\n|t:|1699792708\n|switch|p1a: Kingambit|Kingambit, F|100\/100\n|-activate|p1a: Kingambit|ability: Supreme Overlord\n|-start|p1a: Kingambit|fallen3|[silent]\n|turn|23\n|inactive|chadwick33 has 120 seconds left.\n|\n|t:|1699792717\n|-terastallize|p1a: Kingambit|Flying\n|move|p2a: Ceruledge|Bitter Blade|p1a: Kingambit\n|-damage|p1a: Kingambit|17\/100\n|-heal|p2a: Ceruledge|100\/100|[from] drain|[of] p1a: Kingambit\n|move|p1a: Kingambit|Kowtow Cleave|p2a: Ceruledge\n|-damage|p2a: Ceruledge|62\/100\n|\n|upkeep\n|turn|24\n|c|\u2606chadwick33|gg\n|-message|chadwick33 forfeited.\n|\n|win|Shinkuu8\n|raw|chadwick33's rating: 1321 &rarr; <strong>1296<\/strong><br \/>(-25 for losing)\n|raw|Shinkuu8's rating: 1240 &rarr; <strong>1271<\/strong><br \/>(+31 for winning)\n|c|\u2606Shinkuu8|Gg\n|l|\u2606chadwick33\n","uploadtime":1699792735,"views":16,"p1id":"chadwick33","p2id":"shinkuu8","formatid":"gen9ou","rating":1271,"private":0,"password":""}