{"id":"gen9ou-1989084001","p1":"Spwert","p2":"wooloo supremacy","format":"[Gen 9] OU","log":"|j|\u2606Spwert\n|j|\u2606wooloo supremacy\n|t:|1699810409\n|gametype|singles\n|player|p1|Spwert|yellow|1458\n|player|p2|wooloo supremacy|adaman|1525\n|teamsize|p1|6\n|teamsize|p2|6\n|gen|9\n|tier|[Gen 9] OU\n|rated|\n|rule|Sleep Clause Mod: Limit one foe put to sleep\n|rule|Species Clause: Limit one of each Pok\u00e9mon\n|rule|OHKO Clause: OHKO moves are banned\n|rule|Evasion Items Clause: Evasion items are banned\n|rule|Evasion Moves Clause: Evasion moves are banned\n|rule|Endless Battle Clause: Forcing endless battles is banned\n|rule|HP Percentage Mod: HP is shown in percentages\n|clearpoke\n|poke|p1|Ribombee, F|\n|poke|p1|Enamorus, F|\n|poke|p1|Kingambit, F|\n|poke|p1|Hoopa-Unbound|\n|poke|p1|Ogerpon-Wellspring, F|\n|poke|p1|Mamoswine, F|\n|poke|p2|Great Tusk|\n|poke|p2|Hatterene, F|\n|poke|p2|Dondozo, M|\n|poke|p2|Mandibuzz, F|\n|poke|p2|Heatran, M|\n|poke|p2|Dragapult, M|\n|teampreview\n|inactive|Battle timer is ON: inactive players will automatically lose when time's up. (requested by wooloo supremacy)\n|\n|t:|1699810420\n|start\n|switch|p1a: Ribombee|Ribombee, F|100\/100\n|switch|p2a: Hatterene|Hatterene, F|100\/100\n|turn|1\n|\n|t:|1699810429\n|move|p1a: Ribombee|Moonblast|p2a: Hatterene\n|-damage|p2a: Hatterene|58\/100\n|move|p2a: Hatterene|Psyshock|p1a: Ribombee\n|-damage|p1a: Ribombee|36\/100\n|\n|-heal|p2a: Hatterene|64\/100|[from] item: Leftovers\n|upkeep\n|turn|2\n|\n|t:|1699810439\n|switch|p1a: Mamoswine|Mamoswine, F|100\/100\n|move|p2a: Hatterene|Draining Kiss|p1a: Mamoswine\n|-damage|p1a: Mamoswine|66\/100\n|-heal|p2a: Hatterene|93\/100|[from] drain|[of] p1a: Mamoswine\n|\n|-heal|p2a: Hatterene|99\/100|[from] item: Leftovers\n|upkeep\n|turn|3\n|\n|t:|1699810446\n|move|p1a: Mamoswine|Icicle Crash|p2a: Hatterene\n|-damage|p2a: Hatterene|58\/100\n|move|p2a: Hatterene|Draining Kiss|p1a: Mamoswine\n|-damage|p1a: Mamoswine|35\/100\n|-heal|p2a: Hatterene|85\/100|[from] drain|[of] p1a: Mamoswine\n|\n|-heal|p2a: Hatterene|91\/100|[from] item: Leftovers\n|upkeep\n|turn|4\n|\n|t:|1699810452\n|move|p1a: Mamoswine|Icicle Crash|p2a: Hatterene|[miss]\n|-miss|p1a: Mamoswine|p2a: Hatterene\n|move|p2a: Hatterene|Psyshock|p1a: Mamoswine\n|-damage|p1a: Mamoswine|0 fnt\n|faint|p1a: Mamoswine\n|\n|-heal|p2a: Hatterene|97\/100|[from] item: Leftovers\n|upkeep\n|\n|t:|1699810457\n|switch|p1a: Hoopa|Hoopa-Unbound|100\/100\n|turn|5\n|\n|t:|1699810467\n|move|p1a: Hoopa|Zen Headbutt|p2a: Hatterene\n|-resisted|p2a: Hatterene\n|-damage|p2a: Hatterene|66\/100\n|cant|p2a: Hatterene|flinch\n|\n|-heal|p2a: Hatterene|72\/100|[from] item: Leftovers\n|upkeep\n|turn|6\n|c|\u2606Spwert|Switch dam\n|\n|t:|1699810479\n|switch|p1a: Fox|Kingambit, F|100\/100\n|-activate|p1a: Fox|ability: Supreme Overlord\n|-start|p1a: Fox|fallen1|[silent]\n|move|p2a: Hatterene|Nuzzle|p1a: Fox\n|-damage|p1a: Fox|97\/100\n|-status|p1a: Fox|par\n|-enditem|p1a: Fox|Lum Berry|[eat]\n|-curestatus|p1a: Fox|par|[msg]\n|\n|-heal|p2a: Hatterene|78\/100|[from] item: Leftovers\n|upkeep\n|turn|7\n|\n|t:|1699810501\n|switch|p2a: Mandibuzz|Mandibuzz, F|100\/100\n|move|p1a: Fox|Kowtow Cleave|p2a: Mandibuzz\n|-resisted|p2a: Mandibuzz\n|-damage|p2a: Mandibuzz|85\/100\n|\n|upkeep\n|turn|8\n|\n|t:|1699810508\n|move|p2a: Mandibuzz|U-turn|p1a: Fox\n|-damage|p1a: Fox|87\/100\n|\n|t:|1699810513\n|switch|p2a: Great Tusk|Great Tusk|100\/100|[from] U-turn\n|move|p1a: Fox|Swords Dance|p1a: Fox\n|-boost|p1a: Fox|atk|2\n|\n|upkeep\n|turn|9\n|\n|t:|1699810519\n|-end|p1a: Fox|fallen1|[silent]\n|switch|p1a: Ribombee|Ribombee, F|36\/100\n|move|p2a: Great Tusk|Close Combat|p1a: Ribombee\n|-resisted|p1a: Ribombee\n|-damage|p1a: Ribombee|0 fnt\n|-unboost|p2a: Great Tusk|def|1\n|-unboost|p2a: Great Tusk|spd|1\n|faint|p1a: Ribombee\n|\n|upkeep\n|\n|t:|1699810522\n|switch|p1a: Enamorus|Enamorus, F|100\/100\n|turn|10\n|\n|t:|1699810540\n|-end|p2a: Great Tusk|Protosynthesis|[silent]\n|switch|p2a: Dondozo|Dondozo, M|100\/100\n|move|p1a: Enamorus|Moonblast|p2a: Dondozo\n|-damage|p2a: Dondozo|68\/100\n|-unboost|p2a: Dondozo|spa|1\n|\n|-heal|p2a: Dondozo|74\/100|[from] item: Leftovers\n|upkeep\n|turn|11\n|\n|t:|1699810553\n|switch|p2a: Heatran|Heatran, M|100\/100\n|move|p1a: Enamorus|Moonblast|p2a: Heatran\n|-resisted|p2a: Heatran\n|-damage|p2a: Heatran|92\/100\n|-unboost|p2a: Heatran|spa|1\n|\n|-heal|p2a: Heatran|98\/100|[from] item: Leftovers\n|upkeep\n|turn|12\n|\n|t:|1699810556\n|move|p1a: Enamorus|Earth Power|p2a: Heatran\n|-supereffective|p2a: Heatran\n|-damage|p2a: Heatran|10\/100\n|move|p2a: Heatran|Magma Storm|p1a: Enamorus\n|-damage|p1a: Enamorus|56\/100\n|-activate|p1a: Enamorus|move: Magma Storm|[of] p2a: Heatran\n|\n|-heal|p2a: Heatran|16\/100|[from] item: Leftovers\n|-damage|p1a: Enamorus|43\/100|[from] move: Magma Storm|[partiallytrapped]\n|upkeep\n|turn|13\n|\n|t:|1699810560\n|move|p2a: Heatran|Protect|p2a: Heatran\n|-singleturn|p2a: Heatran|Protect\n|move|p1a: Enamorus|Earth Power|p2a: Heatran\n|-activate|p2a: Heatran|move: Protect\n|\n|-heal|p2a: Heatran|23\/100|[from] item: Leftovers\n|-damage|p1a: Enamorus|31\/100|[from] move: Magma Storm|[partiallytrapped]\n|upkeep\n|turn|14\n|\n|t:|1699810565\n|move|p1a: Enamorus|Earth Power|p2a: Heatran\n|-supereffective|p2a: Heatran\n|-damage|p2a: Heatran|0 fnt\n|faint|p2a: Heatran\n|\n|-end|p1a: Enamorus|Magma Storm|[partiallytrapped]|[silent]\n|upkeep\n|\n|t:|1699810566\n|switch|p2a: Dragapult|Dragapult, M|100\/100\n|turn|15\n|\n|t:|1699810569\n|switch|p1a: Ogerpon|Ogerpon-Wellspring, F|100\/100\n|move|p2a: Dragapult|Flamethrower|p1a: Ogerpon\n|-damage|p1a: Ogerpon|47\/100\n|\n|upkeep\n|turn|16\n|\n|t:|1699810578\n|-terastallize|p1a: Ogerpon|Water\n|detailschange|p1a: Ogerpon|Ogerpon-Wellspring-Tera, F, tera:Water\n|-ability|p1a: Ogerpon|Embody Aspect (Wellspring)|boost\n|-boost|p1a: Ogerpon|spd|1\n|move|p2a: Dragapult|Flamethrower|p1a: Ogerpon\n|-resisted|p1a: Ogerpon\n|-damage|p1a: Ogerpon|31\/100\n|move|p1a: Ogerpon|Ivy Cudgel|p2a: Dragapult\n|-resisted|p2a: Dragapult\n|-damage|p2a: Dragapult|50\/100\n|\n|upkeep\n|turn|17\n|\n|t:|1699810594\n|switch|p2a: Mandibuzz|Mandibuzz, F|85\/100\n|move|p1a: Ogerpon|Ivy Cudgel|p2a: Mandibuzz\n|-damage|p2a: Mandibuzz|42\/100\n|\n|upkeep\n|turn|18\n|\n|t:|1699810601\n|move|p1a: Ogerpon|Ivy Cudgel|p2a: Mandibuzz\n|-damage|p2a: Mandibuzz|0 fnt\n|faint|p2a: Mandibuzz\n|\n|upkeep\n|\n|t:|1699810617\n|switch|p2a: Dragapult|Dragapult, M|50\/100\n|turn|19\n|\n|t:|1699810631\n|switch|p1a: Enamorus|Enamorus, F|31\/100\n|move|p2a: Dragapult|Shadow Ball|p1a: Enamorus\n|-damage|p1a: Enamorus|0 fnt\n|faint|p1a: Enamorus\n|\n|upkeep\n|\n|t:|1699810639\n|switch|p1a: Hoopa|Hoopa-Unbound|100\/100\n|turn|20\n|\n|t:|1699810644\n|switch|p2a: Hatterene|Hatterene, F|78\/100\n|move|p1a: Hoopa|Zen Headbutt|p2a: Hatterene\n|-resisted|p2a: Hatterene\n|-damage|p2a: Hatterene|48\/100\n|\n|-heal|p2a: Hatterene|54\/100|[from] item: Leftovers\n|upkeep\n|turn|21\n|\n|t:|1699810649\n|switch|p1a: Ogerpon|Ogerpon-Wellspring-Tera, F, tera:Water|31\/100\n|-ability|p1a: Ogerpon|Embody Aspect (Wellspring)|boost\n|-boost|p1a: Ogerpon|spd|1\n|move|p2a: Hatterene|Nuzzle|p1a: Ogerpon\n|-supereffective|p1a: Ogerpon\n|-damage|p1a: Ogerpon|21\/100\n|-status|p1a: Ogerpon|par\n|\n|-heal|p2a: Hatterene|60\/100|[from] item: Leftovers\n|upkeep\n|turn|22\n|\n|t:|1699810655\n|move|p1a: Ogerpon|Ivy Cudgel|p2a: Hatterene\n|-crit|p2a: Hatterene\n|-damage|p2a: Hatterene|0 fnt\n|faint|p2a: Hatterene\n|\n|upkeep\n|\n|t:|1699810665\n|switch|p2a: Dragapult|Dragapult, M|50\/100\n|turn|23\n|\n|t:|1699810668\n|move|p2a: Dragapult|Shadow Ball|p1a: Ogerpon\n|-damage|p1a: Ogerpon|0 fnt\n|faint|p1a: Ogerpon\n|\n|upkeep\n|\n|t:|1699810670\n|switch|p1a: Hoopa|Hoopa-Unbound|100\/100\n|turn|24\n|\n|t:|1699810673\n|move|p2a: Dragapult|Shadow Ball|p1a: Hoopa\n|-damage|p1a: Hoopa|46\/100\n|-unboost|p1a: Hoopa|spd|1\n|move|p1a: Hoopa|Zen Headbutt|p2a: Dragapult\n|-damage|p2a: Dragapult|0 fnt\n|faint|p2a: Dragapult\n|\n|upkeep\n|\n|t:|1699810677\n|switch|p2a: Great Tusk|Great Tusk|100\/100\n|turn|25\n|\n|t:|1699810680\n|move|p2a: Great Tusk|Close Combat|p1a: Hoopa\n|-damage|p1a: Hoopa|0 fnt\n|-unboost|p2a: Great Tusk|def|1\n|-unboost|p2a: Great Tusk|spd|1\n|faint|p1a: Hoopa\n|\n|upkeep\n|\n|t:|1699810682\n|switch|p1a: Fox|Kingambit, F|87\/100\n|-activate|p1a: Fox|ability: Supreme Overlord\n|-start|p1a: Fox|fallen5|[silent]\n|turn|26\n|\n|t:|1699810685\n|move|p2a: Great Tusk|Close Combat|p1a: Fox\n|-supereffective|p1a: Fox\n|-crit|p1a: Fox\n|-damage|p1a: Fox|0 fnt\n|-unboost|p2a: Great Tusk|def|1\n|-unboost|p2a: Great Tusk|spd|1\n|faint|p1a: Fox\n|-end|p1a: Fox|fallen5|[silent]\n|\n|win|wooloo supremacy\n|raw|Spwert's rating: 1475 &rarr; <strong>1458<\/strong><br \/>(-17 for losing)\n|raw|wooloo supremacy's rating: 1525 &rarr; <strong>1542<\/strong><br \/>(+17 for winning)\n","uploadtime":1699810687,"views":9,"p1id":"spwert","p2id":"wooloosupremacy","formatid":"gen9ou","rating":1458,"private":0,"password":""}