{"id":"gen9ou-2000350854","p1":"Am I leeroy?","p2":"sacrifern","format":"[Gen 9] OU","log":"|j|\u2606Am I leeroy?\n|j|\u2606sacrifern\n|t:|1701187387\n|gametype|singles\n|player|p1|Am I leeroy?|pokemaniac|1451\n|player|p2|sacrifern|cheryl|1559\n|teamsize|p1|6\n|teamsize|p2|6\n|gen|9\n|tier|[Gen 9] OU\n|rated|\n|rule|Sleep Clause Mod: Limit one foe put to sleep\n|rule|Species Clause: Limit one of each Pok\u00e9mon\n|rule|OHKO Clause: OHKO moves are banned\n|rule|Evasion Items Clause: Evasion items are banned\n|rule|Evasion Moves Clause: Evasion moves are banned\n|rule|Endless Battle Clause: Forcing endless battles is banned\n|rule|HP Percentage Mod: HP is shown in percentages\n|clearpoke\n|poke|p1|Iron Hands|\n|poke|p1|Toxapex, F|\n|poke|p1|Weezing-Galar, M|\n|poke|p1|Kingambit, M|\n|poke|p1|Sandy Shocks|\n|poke|p1|Iron Valiant|\n|poke|p2|Garganacl, F|\n|poke|p2|Bellibolt, M|\n|poke|p2|Rillaboom, M|\n|poke|p2|Sinistcha-Masterpiece|\n|poke|p2|Ceruledge, M|\n|poke|p2|Greninja-*, M|\n|teampreview\n|\n|t:|1701187406\n|start\n|switch|p1a: Weezing|Weezing-Galar, M|100\/100\n|switch|p2a: Rillaboom|Rillaboom, M|100\/100\n|-fieldstart|move: Grassy Terrain|[from] ability: Grassy Surge|[of] p2a: Rillaboom\n|turn|1\n|inactive|Battle timer is ON: inactive players will automatically lose when time's up. (requested by Am I leeroy?)\n|\n|t:|1701187419\n|switch|p2a: Garganacl|Garganacl, F|100\/100\n|move|p1a: Weezing|Will-O-Wisp|p2a: Garganacl\n|-immune|p2a: Garganacl|[from] ability: Purifying Salt\n|\n|upkeep\n|turn|2\n|\n|t:|1701187425\n|switch|p1a: Angry Hands|Iron Hands|100\/100\n|move|p2a: Garganacl|Salt Cure|p1a: Angry Hands\n|-resisted|p1a: Angry Hands\n|-damage|p1a: Angry Hands|96\/100\n|-start|p1a: Angry Hands|Salt Cure\n|\n|-heal|p1a: Angry Hands|100\/100|[from] Grassy Terrain\n|-damage|p1a: Angry Hands|88\/100|[from] Salt Cure\n|upkeep\n|turn|3\n|\n|t:|1701187432\n|switch|p2a: Bellibolt|Bellibolt, M|100\/100\n|move|p1a: Angry Hands|Wild Charge|p2a: Bellibolt\n|-resisted|p2a: Bellibolt\n|-damage|p2a: Bellibolt|84\/100\n|-start|p2a: Bellibolt|Charge|Wild Charge|[from] ability: Electromorphosis\n|-damage|p1a: Angry Hands|85\/100|[from] Recoil\n|\n|-heal|p1a: Angry Hands|91\/100|[from] Grassy Terrain\n|-heal|p2a: Bellibolt|90\/100|[from] Grassy Terrain\n|-heal|p2a: Bellibolt|96\/100|[from] item: Leftovers\n|-damage|p1a: Angry Hands|78\/100|[from] Salt Cure\n|upkeep\n|turn|4\n|\n|t:|1701187458\n|move|p1a: Angry Hands|Drain Punch|p2a: Bellibolt\n|-damage|p2a: Bellibolt|69\/100\n|-heal|p1a: Angry Hands|90\/100|[from] drain|[of] p2a: Bellibolt\n|-start|p2a: Bellibolt|Charge|Drain Punch|[from] ability: Electromorphosis\n|move|p2a: Bellibolt|Substitute|p2a: Bellibolt\n|-start|p2a: Bellibolt|Substitute\n|-damage|p2a: Bellibolt|44\/100\n|\n|-heal|p1a: Angry Hands|96\/100|[from] Grassy Terrain\n|-heal|p2a: Bellibolt|50\/100|[from] Grassy Terrain\n|-heal|p2a: Bellibolt|56\/100|[from] item: Leftovers\n|-damage|p1a: Angry Hands|83\/100|[from] Salt Cure\n|upkeep\n|turn|5\n|\n|t:|1701187467\n|move|p1a: Angry Hands|Drain Punch|p2a: Bellibolt\n|-end|p2a: Bellibolt|Substitute\n|-heal|p1a: Angry Hands|94\/100|[from] drain|[of] p2a: Bellibolt\n|move|p2a: Bellibolt|Soak|p1a: Angry Hands\n|-start|p1a: Angry Hands|typechange|Water\n|\n|-heal|p1a: Angry Hands|99\/100|[from] Grassy Terrain\n|-heal|p2a: Bellibolt|63\/100|[from] Grassy Terrain\n|-heal|p2a: Bellibolt|69\/100|[from] item: Leftovers\n|-damage|p1a: Angry Hands|75\/100|[from] Salt Cure\n|upkeep\n|turn|6\n|inactive|Am I leeroy? has 120 seconds left.\n|\n|t:|1701187506\n|-end|p1a: Angry Hands|Quark Drive|[silent]\n|switch|p1a: Sandy Shocks|Sandy Shocks|100\/100\n|-enditem|p1a: Sandy Shocks|Booster Energy\n|-activate|p1a: Sandy Shocks|ability: Protosynthesis|[fromitem]\n|-start|p1a: Sandy Shocks|protosynthesisspe\n|move|p2a: Bellibolt|Substitute|p2a: Bellibolt\n|-start|p2a: Bellibolt|Substitute\n|-damage|p2a: Bellibolt|44\/100\n|\n|-heal|p2a: Bellibolt|50\/100|[from] Grassy Terrain\n|-heal|p2a: Bellibolt|56\/100|[from] item: Leftovers\n|upkeep\n|turn|7\n|\n|t:|1701187513\n|move|p1a: Sandy Shocks|Earth Power|p2a: Bellibolt\n|-supereffective|p2a: Bellibolt\n|-end|p2a: Bellibolt|Substitute\n|move|p2a: Bellibolt|Soak|p1a: Sandy Shocks\n|-start|p1a: Sandy Shocks|typechange|Water\n|\n|-heal|p2a: Bellibolt|62\/100|[from] Grassy Terrain\n|-heal|p2a: Bellibolt|69\/100|[from] item: Leftovers\n|upkeep\n|turn|8\n|\n|t:|1701187520\n|move|p1a: Sandy Shocks|Earth Power|p2a: Bellibolt\n|-supereffective|p2a: Bellibolt\n|-damage|p2a: Bellibolt|16\/100\n|-start|p2a: Bellibolt|Charge|Earth Power|[from] ability: Electromorphosis\n|move|p2a: Bellibolt|Parabolic Charge|p1a: Sandy Shocks\n|-supereffective|p1a: Sandy Shocks\n|-damage|p1a: Sandy Shocks|0 fnt\n|-heal|p2a: Bellibolt|54\/100|[from] drain|[of] p1a: Sandy Shocks\n|faint|p1a: Sandy Shocks\n|-end|p1a: Sandy Shocks|Protosynthesis|[silent]\n|-end|p2a: Bellibolt|Charge|[silent]\n|\n|-heal|p2a: Bellibolt|60\/100|[from] Grassy Terrain\n|-heal|p2a: Bellibolt|66\/100|[from] item: Leftovers\n|-fieldend|move: Grassy Terrain\n|upkeep\n|inactive|Am I leeroy? has 120 seconds left.\n|c|\u2606Am I leeroy?|i still dont get what this thing does\n|\n|t:|1701187538\n|switch|p1a: Angry Hands|Iron Hands|75\/100\n|turn|9\n|\n|t:|1701187543\n|move|p1a: Angry Hands|Earthquake|p2a: Bellibolt\n|-supereffective|p2a: Bellibolt\n|-damage|p2a: Bellibolt|18\/100\n|-start|p2a: Bellibolt|Charge|Earthquake|[from] ability: Electromorphosis\n|move|p2a: Bellibolt|Soak|p1a: Angry Hands\n|-start|p1a: Angry Hands|typechange|Water\n|\n|-heal|p2a: Bellibolt|24\/100|[from] item: Leftovers\n|upkeep\n|turn|10\n|\n|t:|1701187549\n|switch|p2a: Rillaboom|Rillaboom, M|100\/100\n|-fieldstart|move: Grassy Terrain|[from] ability: Grassy Surge|[of] p2a: Rillaboom\n|move|p1a: Angry Hands|Drain Punch|p2a: Rillaboom\n|-damage|p2a: Rillaboom|71\/100\n|-heal|p1a: Angry Hands|87\/100|[from] drain|[of] p2a: Rillaboom\n|\n|-heal|p2a: Rillaboom|77\/100|[from] Grassy Terrain\n|-heal|p1a: Angry Hands|93\/100|[from] Grassy Terrain\n|upkeep\n|turn|11\n|\n|t:|1701187561\n|-end|p1a: Angry Hands|Quark Drive|[silent]\n|switch|p1a: Weezing|Weezing-Galar, M|100\/100\n|move|p2a: Rillaboom|Knock Off|p1a: Weezing\n|-resisted|p1a: Weezing\n|-damage|p1a: Weezing|89\/100\n|-enditem|p1a: Weezing|Leftovers|[from] move: Knock Off|[of] p2a: Rillaboom\n|\n|-heal|p2a: Rillaboom|84\/100|[from] Grassy Terrain\n|upkeep\n|turn|12\n|\n|t:|1701187568\n|switch|p2a: Garganacl|Garganacl, F|100\/100\n|move|p1a: Weezing|Strange Steam|p2a: Garganacl\n|-damage|p2a: Garganacl|81\/100\n|-start|p2a: Garganacl|confusion\n|\n|-heal|p2a: Garganacl|87\/100|[from] Grassy Terrain\n|-heal|p2a: Garganacl|93\/100|[from] item: Leftovers\n|upkeep\n|turn|13\n|\n|t:|1701187578\n|switch|p1a: Angry Hands|Iron Hands|93\/100\n|-activate|p2a: Garganacl|confusion\n|move|p2a: Garganacl|Salt Cure|p1a: Angry Hands\n|-resisted|p1a: Angry Hands\n|-damage|p1a: Angry Hands|89\/100\n|-start|p1a: Angry Hands|Salt Cure\n|\n|-heal|p1a: Angry Hands|95\/100|[from] Grassy Terrain\n|-heal|p2a: Garganacl|99\/100|[from] Grassy Terrain\n|-heal|p2a: Garganacl|100\/100|[from] item: Leftovers\n|-damage|p1a: Angry Hands|82\/100|[from] Salt Cure\n|upkeep\n|turn|14\n|\n|t:|1701187591\n|-terastallize|p2a: Garganacl|Ghost\n|move|p1a: Angry Hands|Drain Punch|p2a: Garganacl\n|-immune|p2a: Garganacl\n|-activate|p2a: Garganacl|confusion\n|-damage|p2a: Garganacl|95\/100|[from] confusion\n|\n|-heal|p1a: Angry Hands|88\/100|[from] Grassy Terrain\n|-heal|p2a: Garganacl|100\/100|[from] Grassy Terrain\n|-damage|p1a: Angry Hands|76\/100|[from] Salt Cure\n|upkeep\n|turn|15\n|\n|t:|1701187604\n|-end|p1a: Angry Hands|Quark Drive|[silent]\n|switch|p1a: Kingambit|Kingambit, M|100\/100\n|-activate|p1a: Kingambit|ability: Supreme Overlord\n|-start|p1a: Kingambit|fallen1|[silent]\n|-end|p2a: Garganacl|confusion\n|move|p2a: Garganacl|Substitute|p2a: Garganacl\n|-start|p2a: Garganacl|Substitute\n|-damage|p2a: Garganacl|75\/100\n|\n|-heal|p2a: Garganacl|82\/100|[from] Grassy Terrain\n|-heal|p2a: Garganacl|88\/100|[from] item: Leftovers\n|upkeep\n|turn|16\n|\n|t:|1701187613\n|move|p1a: Kingambit|Kowtow Cleave|p2a: Garganacl\n|-supereffective|p2a: Garganacl\n|-end|p2a: Garganacl|Substitute\n|move|p2a: Garganacl|Salt Cure|p1a: Kingambit\n|-resisted|p1a: Kingambit\n|-damage|p1a: Kingambit|96\/100\n|-start|p1a: Kingambit|Salt Cure\n|\n|-heal|p1a: Kingambit|100\/100|[from] Grassy Terrain\n|-heal|p2a: Garganacl|94\/100|[from] Grassy Terrain\n|-heal|p2a: Garganacl|99\/100|[from] item: Leftovers\n|-damage|p1a: Kingambit|76\/100|[from] Salt Cure\n|upkeep\n|turn|17\n|\n|t:|1701187628\n|-end|p1a: Kingambit|fallen1|[silent]\n|switch|p1a: Angry Hands|Iron Hands|76\/100\n|switch|p2a: Bellibolt|Bellibolt, M|24\/100\n|\n|-heal|p1a: Angry Hands|82\/100|[from] Grassy Terrain\n|-heal|p2a: Bellibolt|30\/100|[from] Grassy Terrain\n|-heal|p2a: Bellibolt|36\/100|[from] item: Leftovers\n|-fieldend|move: Grassy Terrain\n|upkeep\n|turn|18\n|\n|t:|1701187633\n|switch|p2a: Rillaboom|Rillaboom, M|84\/100\n|-fieldstart|move: Grassy Terrain|[from] ability: Grassy Surge|[of] p2a: Rillaboom\n|move|p1a: Angry Hands|Earthquake|p2a: Rillaboom\n|-resisted|p2a: Rillaboom\n|-damage|p2a: Rillaboom|74\/100\n|\n|-heal|p2a: Rillaboom|80\/100|[from] Grassy Terrain\n|-heal|p1a: Angry Hands|88\/100|[from] Grassy Terrain\n|upkeep\n|turn|19\n|\n|t:|1701187640\n|move|p2a: Rillaboom|High Horsepower|p1a: Angry Hands\n|-supereffective|p1a: Angry Hands\n|-damage|p1a: Angry Hands|46\/100\n|move|p1a: Angry Hands|Ice Punch|p2a: Rillaboom\n|-supereffective|p2a: Rillaboom\n|-damage|p2a: Rillaboom|24\/100\n|\n|-heal|p2a: Rillaboom|30\/100|[from] Grassy Terrain\n|-heal|p1a: Angry Hands|52\/100|[from] Grassy Terrain\n|upkeep\n|turn|20\n|\n|t:|1701187649\n|-end|p1a: Angry Hands|Quark Drive|[silent]\n|switch|p1a: Weezing|Weezing-Galar, M|89\/100\n|move|p2a: Rillaboom|High Horsepower|p1a: Weezing\n|-immune|p1a: Weezing|[from] ability: Levitate\n|\n|-heal|p2a: Rillaboom|36\/100|[from] Grassy Terrain\n|upkeep\n|turn|21\n|\n|t:|1701187659\n|switch|p2a: Bellibolt|Bellibolt, M|36\/100\n|switch|p1a: Kingambit|Kingambit, M|76\/100\n|-activate|p1a: Kingambit|ability: Supreme Overlord\n|-start|p1a: Kingambit|fallen1|[silent]\n|\n|-heal|p1a: Kingambit|82\/100|[from] Grassy Terrain\n|-heal|p1a: Kingambit|88\/100|[from] item: Leftovers\n|-heal|p2a: Bellibolt|42\/100|[from] Grassy Terrain\n|-heal|p2a: Bellibolt|48\/100|[from] item: Leftovers\n|upkeep\n|turn|22\n|\n|t:|1701187666\n|move|p1a: Kingambit|Kowtow Cleave|p2a: Bellibolt\n|-damage|p2a: Bellibolt|15\/100\n|-start|p2a: Bellibolt|Charge|Kowtow Cleave|[from] ability: Electromorphosis\n|move|p2a: Bellibolt|Soak|p1a: Kingambit\n|-start|p1a: Kingambit|typechange|Water\n|\n|-heal|p1a: Kingambit|94\/100|[from] Grassy Terrain\n|-heal|p1a: Kingambit|100\/100|[from] item: Leftovers\n|-heal|p2a: Bellibolt|22\/100|[from] Grassy Terrain\n|-heal|p2a: Bellibolt|28\/100|[from] item: Leftovers\n|upkeep\n|turn|23\n|\n|t:|1701187675\n|move|p1a: Kingambit|Kowtow Cleave|p2a: Bellibolt\n|-damage|p2a: Bellibolt|5\/100\n|-start|p2a: Bellibolt|Charge|Kowtow Cleave|[from] ability: Electromorphosis\n|move|p2a: Bellibolt|Slack Off|p2a: Bellibolt\n|-heal|p2a: Bellibolt|55\/100\n|\n|-heal|p2a: Bellibolt|61\/100|[from] Grassy Terrain\n|-heal|p2a: Bellibolt|67\/100|[from] item: Leftovers\n|upkeep\n|turn|24\n|c|\u2606Am I leeroy?|wtf is this roll\n|c|\u2606Am I leeroy?|10% difference\n|c|\u2606Am I leeroy?|oh right i changed type\n|\n|t:|1701187698\n|-end|p1a: Kingambit|fallen1|[silent]\n|switch|p1a: Angry Hands|Iron Hands|52\/100\n|move|p2a: Bellibolt|Substitute|p2a: Bellibolt\n|-start|p2a: Bellibolt|Substitute\n|-damage|p2a: Bellibolt|42\/100\n|\n|-heal|p1a: Angry Hands|58\/100|[from] Grassy Terrain\n|-heal|p2a: Bellibolt|48\/100|[from] Grassy Terrain\n|-heal|p2a: Bellibolt|54\/100|[from] item: Leftovers\n|upkeep\n|turn|25\n|c|\u2606sacrifern|No stab\n|c|\u2606Am I leeroy?|yea\n|\n|t:|1701187714\n|move|p1a: Angry Hands|Drain Punch|p2a: Bellibolt\n|-end|p2a: Bellibolt|Substitute\n|-heal|p1a: Angry Hands|68\/100|[from] drain|[of] p2a: Bellibolt\n|move|p2a: Bellibolt|Soak|p1a: Angry Hands\n|-start|p1a: Angry Hands|typechange|Water\n|\n|-heal|p1a: Angry Hands|74\/100|[from] Grassy Terrain\n|-heal|p2a: Bellibolt|60\/100|[from] Grassy Terrain\n|-heal|p2a: Bellibolt|67\/100|[from] item: Leftovers\n|-fieldend|move: Grassy Terrain\n|upkeep\n|turn|26\n|\n|t:|1701187722\n|move|p1a: Angry Hands|Earthquake|p2a: Bellibolt\n|-supereffective|p2a: Bellibolt\n|-damage|p2a: Bellibolt|16\/100\n|-start|p2a: Bellibolt|Charge|Earthquake|[from] ability: Electromorphosis\n|move|p2a: Bellibolt|Parabolic Charge|p1a: Angry Hands\n|-supereffective|p1a: Angry Hands\n|-damage|p1a: Angry Hands|17\/100\n|-heal|p2a: Bellibolt|51\/100|[from] drain|[of] p1a: Angry Hands\n|-end|p2a: Bellibolt|Charge|[silent]\n|\n|-heal|p2a: Bellibolt|57\/100|[from] item: Leftovers\n|upkeep\n|turn|27\n|inactive|Am I leeroy? has 120 seconds left.\n|\n|t:|1701187754\n|move|p1a: Angry Hands|Drain Punch|p2a: Bellibolt\n|-damage|p2a: Bellibolt|39\/100\n|-heal|p1a: Angry Hands|24\/100|[from] drain|[of] p2a: Bellibolt\n|-start|p2a: Bellibolt|Charge|Drain Punch|[from] ability: Electromorphosis\n|move|p2a: Bellibolt|Slack Off|p2a: Bellibolt\n|-heal|p2a: Bellibolt|89\/100\n|\n|-heal|p2a: Bellibolt|95\/100|[from] item: Leftovers\n|upkeep\n|turn|28\n|\n|t:|1701187760\n|-end|p1a: Angry Hands|Quark Drive|[silent]\n|switch|p1a: Kingambit|Kingambit, M|100\/100\n|-activate|p1a: Kingambit|ability: Supreme Overlord\n|-start|p1a: Kingambit|fallen1|[silent]\n|move|p2a: Bellibolt|Parabolic Charge|p1a: Kingambit\n|-damage|p1a: Kingambit|53\/100\n|-heal|p2a: Bellibolt|100\/100|[from] drain|[of] p1a: Kingambit\n|-end|p2a: Bellibolt|Charge|[silent]\n|\n|-heal|p1a: Kingambit|59\/100|[from] item: Leftovers\n|upkeep\n|turn|29\n|\n|t:|1701187767\n|move|p1a: Kingambit|Kowtow Cleave|p2a: Bellibolt\n|-damage|p2a: Bellibolt|63\/100\n|-start|p2a: Bellibolt|Charge|Kowtow Cleave|[from] ability: Electromorphosis\n|move|p2a: Bellibolt|Soak|p1a: Kingambit\n|-start|p1a: Kingambit|typechange|Water\n|\n|-heal|p1a: Kingambit|65\/100|[from] item: Leftovers\n|-heal|p2a: Bellibolt|69\/100|[from] item: Leftovers\n|upkeep\n|turn|30\n|c|\u2606Am I leeroy?|man fuck this shit\n|-message|Am I leeroy? forfeited.\n|\n|win|sacrifern\n|raw|Am I leeroy?'s rating: 1451 &rarr; <strong>1437<\/strong><br \/>(-14 for losing)\n|raw|sacrifern's rating: 1559 &rarr; <strong>1573<\/strong><br \/>(+14 for winning)\n|l|\u2606Am I leeroy?\n","uploadtime":1701187779,"views":2,"p1id":"amileeroy","p2id":"sacrifern","formatid":"gen9ou","rating":1437,"private":0,"password":""}