{"id":"gen9ou-2000074208","p1":"LeakyTwinkie","p2":"Aeziolu","format":"[Gen 9] OU","log":"|j|\u2606LeakyTwinkie\n|j|\u2606Aeziolu\n|t:|1701149991\n|gametype|singles\n|player|p1|LeakyTwinkie|266|1630\n|player|p2|Aeziolu|wally|1573\n|teamsize|p1|6\n|teamsize|p2|6\n|gen|9\n|tier|[Gen 9] OU\n|rated|\n|rule|Sleep Clause Mod: Limit one foe put to sleep\n|rule|Species Clause: Limit one of each Pok\u00e9mon\n|rule|OHKO Clause: OHKO moves are banned\n|rule|Evasion Items Clause: Evasion items are banned\n|rule|Evasion Moves Clause: Evasion moves are banned\n|rule|Endless Battle Clause: Forcing endless battles is banned\n|rule|HP Percentage Mod: HP is shown in percentages\n|clearpoke\n|poke|p1|Samurott-Hisui, F|\n|poke|p1|Iron Moth|\n|poke|p1|Gholdengo|\n|poke|p1|Kingambit, F|\n|poke|p1|Dragonite, F|\n|poke|p1|Kleavor, M|\n|poke|p2|Ogerpon-Wellspring, F|\n|poke|p2|Ting-Lu|\n|poke|p2|Gholdengo|\n|poke|p2|Dragonite, F|\n|poke|p2|Moltres|\n|poke|p2|Garganacl, M|\n|teampreview\n|inactive|Battle timer is ON: inactive players will automatically lose when time's up. (requested by LeakyTwinkie)\n|\n|t:|1701150004\n|start\n|switch|p1a: Samurott|Samurott-Hisui, F|100\/100\n|switch|p2a: Ogerpon|Ogerpon-Wellspring, F|100\/100\n|turn|1\n|\n|t:|1701150007\n|move|p2a: Ogerpon|Horn Leech|p1a: Samurott\n|-supereffective|p1a: Samurott\n|-enditem|p1a: Samurott|Focus Sash\n|-damage|p1a: Samurott|1\/100\n|move|p1a: Samurott|Ceaseless Edge|p2a: Ogerpon\n|-damage|p2a: Ogerpon|38\/100\n|-sidestart|p2: Aeziolu|Spikes\n|\n|upkeep\n|turn|2\n|\n|t:|1701150011\n|move|p1a: Samurott|Sucker Punch|p2a: Ogerpon\n|-damage|p2a: Ogerpon|0 fnt\n|faint|p2a: Ogerpon\n|\n|upkeep\n|\n|t:|1701150016\n|switch|p2a: Dragonite|Dragonite, F|100\/100\n|turn|3\n|\n|t:|1701150019\n|move|p2a: Dragonite|Extreme Speed|p1a: Samurott\n|-damage|p1a: Samurott|0 fnt\n|faint|p1a: Samurott\n|\n|upkeep\n|\n|t:|1701150022\n|switch|p1a: Kleavor|Kleavor, M, shiny|100\/100\n|turn|4\n|\n|t:|1701150027\n|switch|p2a: Ting-Lu|Ting-Lu|100\/100\n|-damage|p2a: Ting-Lu|88\/100|[from] Spikes\n|-ability|p2a: Ting-Lu|Vessel of Ruin\n|move|p1a: Kleavor|Stone Axe|p2a: Ting-Lu\n|-resisted|p2a: Ting-Lu\n|-damage|p2a: Ting-Lu|73\/100\n|-sidestart|p2: Aeziolu|move: Stealth Rock\n|\n|-heal|p2a: Ting-Lu|79\/100|[from] item: Leftovers\n|upkeep\n|turn|5\n|\n|t:|1701150030\n|move|p1a: Kleavor|U-turn|p2a: Ting-Lu\n|-supereffective|p2a: Ting-Lu\n|-damage|p2a: Ting-Lu|41\/100\n|\n|t:|1701150044\n|switch|p1a: Dragonite|Dragonite, F, shiny|100\/100|[from] U-turn\n|move|p2a: Ting-Lu|Spikes|p1a: Dragonite\n|-sidestart|p1: LeakyTwinkie|Spikes\n|\n|-heal|p2a: Ting-Lu|47\/100|[from] item: Leftovers\n|upkeep\n|turn|6\n|\n|t:|1701150049\n|move|p1a: Dragonite|Dragon Dance|p1a: Dragonite\n|-boost|p1a: Dragonite|atk|1\n|-boost|p1a: Dragonite|spe|1\n|move|p2a: Ting-Lu|Whirlwind|p1a: Dragonite\n|drag|p1a: Iron Moth|Iron Moth|100\/100\n|-damage|p1a: Iron Moth|88\/100|[from] Spikes\n|-enditem|p1a: Iron Moth|Booster Energy\n|-activate|p1a: Iron Moth|ability: Quark Drive|[fromitem]\n|-start|p1a: Iron Moth|quarkdrivespe\n|\n|-heal|p2a: Ting-Lu|54\/100|[from] item: Leftovers\n|upkeep\n|turn|7\n|\n|t:|1701150058\n|-terastallize|p1a: Iron Moth|Fairy\n|move|p1a: Iron Moth|Dazzling Gleam|p2a: Ting-Lu\n|-supereffective|p2a: Ting-Lu\n|-crit|p2a: Ting-Lu\n|-damage|p2a: Ting-Lu|1\/100\n|move|p2a: Ting-Lu|Earthquake|p1a: Iron Moth\n|-crit|p1a: Iron Moth\n|-damage|p1a: Iron Moth|2\/100\n|\n|-heal|p2a: Ting-Lu|7\/100|[from] item: Leftovers\n|upkeep\n|turn|8\n|j| gachacommon\n|\n|t:|1701150067\n|move|p1a: Iron Moth|Fiery Dance|p2a: Ting-Lu\n|-damage|p2a: Ting-Lu|0 fnt\n|faint|p2a: Ting-Lu\n|\n|upkeep\n|\n|t:|1701150074\n|switch|p2a: Dragonite|Dragonite, F|100\/100\n|-damage|p2a: Dragonite|76\/100|[from] Stealth Rock\n|turn|9\n|\n|t:|1701150078\n|move|p2a: Dragonite|Extreme Speed|p1a: Iron Moth\n|-damage|p1a: Iron Moth|0 fnt\n|faint|p1a: Iron Moth\n|-end|p1a: Iron Moth|Quark Drive|[silent]\n|\n|upkeep\n|\n|t:|1701150081\n|switch|p1a: Kleavor|Kleavor, M, shiny|100\/100\n|-damage|p1a: Kleavor|88\/100|[from] Spikes\n|turn|10\n|\n|t:|1701150087\n|move|p2a: Dragonite|Extreme Speed|p1a: Kleavor\n|-resisted|p1a: Kleavor\n|-damage|p1a: Kleavor|57\/100\n|move|p1a: Kleavor|Stone Axe|p2a: Dragonite\n|-supereffective|p2a: Dragonite\n|-damage|p2a: Dragonite|0 fnt\n|faint|p2a: Dragonite\n|\n|upkeep\n|\n|t:|1701150091\n|switch|p2a: Garganacl|Garganacl, M|100\/100\n|-damage|p2a: Garganacl|88\/100|[from] Spikes\n|-damage|p2a: Garganacl|76\/100|[from] Stealth Rock\n|turn|11\n|l| gachacommon\n|\n|t:|1701150094\n|move|p1a: Kleavor|U-turn|p2a: Garganacl\n|-damage|p2a: Garganacl|54\/100\n|\n|t:|1701150099\n|switch|p1a: Dragonite|Dragonite, F, shiny|100\/100|[from] U-turn\n|move|p2a: Garganacl|Curse|p2a: Garganacl\n|-unboost|p2a: Garganacl|spe|1\n|-boost|p2a: Garganacl|atk|1\n|-boost|p2a: Garganacl|def|1\n|\n|-heal|p2a: Garganacl|60\/100|[from] item: Leftovers\n|upkeep\n|turn|12\n|\n|t:|1701150111\n|switch|p1a: Gholdengo|Gholdengo|100\/100\n|-item|p1a: Gholdengo|Air Balloon\n|move|p2a: Garganacl|Curse|p2a: Garganacl\n|-unboost|p2a: Garganacl|spe|1\n|-boost|p2a: Garganacl|atk|1\n|-boost|p2a: Garganacl|def|1\n|\n|-heal|p2a: Garganacl|66\/100|[from] item: Leftovers\n|upkeep\n|turn|13\n|\n|t:|1701150116\n|-terastallize|p2a: Garganacl|Electric\n|move|p1a: Gholdengo|Shadow Ball|p2a: Garganacl\n|-damage|p2a: Garganacl|48\/100\n|move|p2a: Garganacl|Recover|p2a: Garganacl\n|-heal|p2a: Garganacl|98\/100\n|\n|-heal|p2a: Garganacl|100\/100|[from] item: Leftovers\n|upkeep\n|turn|14\n|\n|t:|1701150122\n|move|p1a: Gholdengo|Shadow Ball|p2a: Garganacl\n|-damage|p2a: Garganacl|80\/100\n|-unboost|p2a: Garganacl|spd|1\n|move|p2a: Garganacl|Curse|p2a: Garganacl\n|-unboost|p2a: Garganacl|spe|1\n|-boost|p2a: Garganacl|atk|1\n|-boost|p2a: Garganacl|def|1\n|\n|-heal|p2a: Garganacl|86\/100|[from] item: Leftovers\n|upkeep\n|turn|15\n|\n|t:|1701150124\n|move|p1a: Gholdengo|Shadow Ball|p2a: Garganacl\n|-crit|p2a: Garganacl\n|-damage|p2a: Garganacl|41\/100\n|move|p2a: Garganacl|Curse|p2a: Garganacl\n|-unboost|p2a: Garganacl|spe|1\n|-boost|p2a: Garganacl|atk|1\n|-boost|p2a: Garganacl|def|1\n|\n|-heal|p2a: Garganacl|47\/100|[from] item: Leftovers\n|upkeep\n|turn|16\n|\n|t:|1701150130\n|move|p1a: Gholdengo|Shadow Ball|p2a: Garganacl\n|-damage|p2a: Garganacl|19\/100\n|move|p2a: Garganacl|Recover|p2a: Garganacl\n|-heal|p2a: Garganacl|69\/100\n|\n|-heal|p2a: Garganacl|75\/100|[from] item: Leftovers\n|upkeep\n|turn|17\n|\n|t:|1701150132\n|move|p1a: Gholdengo|Shadow Ball|p2a: Garganacl\n|-damage|p2a: Garganacl|47\/100\n|move|p2a: Garganacl|Salt Cure|p1a: Gholdengo\n|-resisted|p1a: Gholdengo\n|-damage|p1a: Gholdengo|78\/100\n|-start|p1a: Gholdengo|Salt Cure\n|-enditem|p1a: Gholdengo|Air Balloon\n|\n|-heal|p2a: Garganacl|53\/100|[from] item: Leftovers\n|-damage|p1a: Gholdengo|53\/100|[from] Salt Cure\n|upkeep\n|turn|18\n|\n|t:|1701150135\n|move|p1a: Gholdengo|Shadow Ball|p2a: Garganacl\n|-damage|p2a: Garganacl|24\/100\n|move|p2a: Garganacl|Recover|p2a: Garganacl\n|-heal|p2a: Garganacl|74\/100\n|\n|-heal|p2a: Garganacl|80\/100|[from] item: Leftovers\n|-damage|p1a: Gholdengo|28\/100|[from] Salt Cure\n|upkeep\n|turn|19\n|\n|t:|1701150138\n|move|p1a: Gholdengo|Shadow Ball|p2a: Garganacl\n|-damage|p2a: Garganacl|49\/100\n|move|p2a: Garganacl|Earthquake|p1a: Gholdengo\n|-supereffective|p1a: Gholdengo\n|-damage|p1a: Gholdengo|0 fnt\n|faint|p1a: Gholdengo\n|\n|-heal|p2a: Garganacl|55\/100|[from] item: Leftovers\n|upkeep\n|\n|t:|1701150141\n|switch|p1a: Dragonite|Dragonite, F, shiny|100\/100\n|turn|20\n|\n|t:|1701150144\n|move|p1a: Dragonite|Earthquake|p2a: Garganacl\n|-supereffective|p2a: Garganacl\n|-damage|p2a: Garganacl|42\/100\n|move|p2a: Garganacl|Recover|p2a: Garganacl\n|-heal|p2a: Garganacl|92\/100\n|\n|-heal|p2a: Garganacl|98\/100|[from] item: Leftovers\n|upkeep\n|turn|21\n|\n|t:|1701150147\n|move|p1a: Dragonite|Dragon Dance|p1a: Dragonite\n|-boost|p1a: Dragonite|atk|1\n|-boost|p1a: Dragonite|spe|1\n|move|p2a: Garganacl|Salt Cure|p1a: Dragonite\n|-supereffective|p1a: Dragonite\n|-damage|p1a: Dragonite|59\/100\n|-start|p1a: Dragonite|Salt Cure\n|\n|-heal|p2a: Garganacl|100\/100|[from] item: Leftovers\n|-damage|p1a: Dragonite|46\/100|[from] Salt Cure\n|upkeep\n|turn|22\n|\n|t:|1701150149\n|move|p1a: Dragonite|Earthquake|p2a: Garganacl\n|-supereffective|p2a: Garganacl\n|-damage|p2a: Garganacl|80\/100\n|move|p2a: Garganacl|Salt Cure|p1a: Dragonite\n|-supereffective|p1a: Dragonite\n|-damage|p1a: Dragonite|0 fnt\n|faint|p1a: Dragonite\n|\n|-heal|p2a: Garganacl|86\/100|[from] item: Leftovers\n|upkeep\n|\n|t:|1701150155\n|switch|p1a: Kleavor|Kleavor, M, shiny|57\/100\n|-damage|p1a: Kleavor|44\/100|[from] Spikes\n|turn|23\n|\n|t:|1701150157\n|move|p1a: Kleavor|Stone Axe|p2a: Garganacl\n|-damage|p2a: Garganacl|76\/100\n|move|p2a: Garganacl|Salt Cure|p1a: Kleavor\n|-supereffective|p1a: Kleavor\n|-damage|p1a: Kleavor|0 fnt\n|faint|p1a: Kleavor\n|\n|-heal|p2a: Garganacl|82\/100|[from] item: Leftovers\n|upkeep\n|\n|t:|1701150159\n|switch|p1a: Kingambit|Kingambit, F|100\/100\n|-damage|p1a: Kingambit|88\/100|[from] Spikes\n|-activate|p1a: Kingambit|ability: Supreme Overlord\n|-start|p1a: Kingambit|fallen5|[silent]\n|turn|24\n|\n|t:|1701150162\n|move|p1a: Kingambit|Iron Head|p2a: Garganacl\n|-resisted|p2a: Garganacl\n|-damage|p2a: Garganacl|75\/100\n|move|p2a: Garganacl|Earthquake|p1a: Kingambit\n|-supereffective|p1a: Kingambit\n|-damage|p1a: Kingambit|0 fnt\n|faint|p1a: Kingambit\n|-end|p1a: Kingambit|fallen5|[silent]\n|\n|win|Aeziolu\n|raw|LeakyTwinkie's rating: 1630 &rarr; <strong>1607<\/strong><br \/>(-23 for losing)\n|raw|Aeziolu's rating: 1573 &rarr; <strong>1596<\/strong><br \/>(+23 for winning)\n|l|\u2606LeakyTwinkie\n","uploadtime":1701150175,"views":12,"p1id":"leakytwinkie","p2id":"aeziolu","formatid":"gen9ou","rating":1596,"private":0,"password":""}