{"id":"gen9ou-1994978096","p1":"CapnTophat","p2":"Username momento","format":"[Gen 9] OU","log":"|j|\u2606CapnTophat\n|j|\u2606Username momento\n|t:|1700509898\n|gametype|singles\n|player|p1|CapnTophat|wallace|1680\n|player|p2|Username momento|ninjaboy|1689\n|teamsize|p1|6\n|teamsize|p2|6\n|gen|9\n|tier|[Gen 9] OU\n|rated|\n|rule|Sleep Clause Mod: Limit one foe put to sleep\n|rule|Species Clause: Limit one of each Pok\u00e9mon\n|rule|OHKO Clause: OHKO moves are banned\n|rule|Evasion Items Clause: Evasion items are banned\n|rule|Evasion Moves Clause: Evasion moves are banned\n|rule|Endless Battle Clause: Forcing endless battles is banned\n|rule|HP Percentage Mod: HP is shown in percentages\n|clearpoke\n|poke|p1|Iron Hands|\n|poke|p1|Ting-Lu|\n|poke|p1|Iron Valiant|\n|poke|p1|Dragapult, F|\n|poke|p1|Ogerpon-Wellspring, F|\n|poke|p1|Cinderace, F|\n|poke|p2|Meowscarada, M|\n|poke|p2|Kingambit, F|\n|poke|p2|Zapdos|\n|poke|p2|Zamazenta-*|\n|poke|p2|Great Tusk|\n|poke|p2|Iron Moth|\n|teampreview\n|inactive|Battle timer is ON: inactive players will automatically lose when time's up. (requested by CapnTophat)\n|inactive|CapnTophat has 120 seconds left.\n|\n|t:|1700509935\n|start\n|switch|p1a: Dragapult|Dragapult, F|100\/100\n|switch|p2a: Meowscarada|Meowscarada, M|100\/100\n|turn|1\n|\n|t:|1700509951\n|switch|p1a: Cinderace|Cinderace, F|100\/100\n|switch|p2a: Zapdos|Zapdos|100\/100\n|\n|upkeep\n|turn|2\n|j| Kyurem\n|\n|t:|1700509957\n|move|p1a: Cinderace|U-turn|p2a: Zapdos\n|-resisted|p2a: Zapdos\n|-damage|p2a: Zapdos|93\/100\n|\n|t:|1700509960\n|switch|p1a: Ting-Lu|Ting-Lu|100\/100|[from] U-turn\n|-ability|p1a: Ting-Lu|Vessel of Ruin\n|move|p2a: Zapdos|Discharge|p1a: Ting-Lu\n|-immune|p1a: Ting-Lu\n|\n|-heal|p2a: Zapdos|99\/100|[from] item: Leftovers\n|upkeep\n|turn|3\n|\n|t:|1700509966\n|switch|p2a: Meowscarada|Meowscarada, M|100\/100\n|move|p1a: Ting-Lu|Stealth Rock|p2a: Meowscarada\n|-sidestart|p2: Username momento|move: Stealth Rock\n|\n|upkeep\n|turn|4\n|\n|t:|1700509976\n|move|p2a: Meowscarada|U-turn|p1a: Ting-Lu\n|-start|p2a: Meowscarada|typechange|Bug|[from] ability: Protean\n|-supereffective|p1a: Ting-Lu\n|-damage|p1a: Ting-Lu|46\/100\n|\n|t:|1700509986\n|switch|p2a: Great Tusk|Great Tusk|100\/100|[from] U-turn\n|-damage|p2a: Great Tusk|98\/100|[from] Stealth Rock\n|-enditem|p2a: Great Tusk|Booster Energy\n|-activate|p2a: Great Tusk|ability: Protosynthesis|[fromitem]\n|-start|p2a: Great Tusk|protosynthesisatk\n|move|p1a: Ting-Lu|Earthquake|p2a: Great Tusk\n|-damage|p2a: Great Tusk|72\/100\n|\n|-heal|p1a: Ting-Lu|53\/100|[from] item: Leftovers\n|upkeep\n|turn|5\n|\n|t:|1700510000\n|move|p2a: Great Tusk|Knock Off|p1a: Ting-Lu\n|-resisted|p1a: Ting-Lu\n|-damage|p1a: Ting-Lu|41\/100\n|-enditem|p1a: Ting-Lu|Leftovers|[from] move: Knock Off|[of] p2a: Great Tusk\n|move|p1a: Ting-Lu|Whirlwind|p2a: Great Tusk\n|-end|p2a: Great Tusk|Protosynthesis|[silent]\n|drag|p2a: Meowscarada|Meowscarada, M|100\/100\n|-damage|p2a: Meowscarada|88\/100|[from] Stealth Rock\n|\n|upkeep\n|turn|6\n|\n|t:|1700510009\n|switch|p1a: Cinderace|Cinderace, F|100\/100\n|move|p2a: Meowscarada|U-turn|p1a: Cinderace\n|-start|p2a: Meowscarada|typechange|Bug|[from] ability: Protean\n|-resisted|p1a: Cinderace\n|-damage|p1a: Cinderace|70\/100\n|\n|t:|1700510016\n|switch|p2a: Zapdos|Zapdos|99\/100|[from] U-turn\n|-damage|p2a: Zapdos|74\/100|[from] Stealth Rock\n|\n|-heal|p2a: Zapdos|81\/100|[from] item: Leftovers\n|upkeep\n|turn|7\n|\n|t:|1700510022\n|move|p1a: Cinderace|Pyro Ball|p2a: Zapdos\n|-damage|p2a: Zapdos|48\/100\n|move|p2a: Zapdos|Hurricane|p1a: Cinderace\n|-damage|p1a: Cinderace|17\/100\n|-start|p1a: Cinderace|confusion\n|\n|-heal|p2a: Zapdos|55\/100|[from] item: Leftovers\n|upkeep\n|turn|8\n|\n|t:|1700510030\n|-activate|p1a: Cinderace|confusion\n|move|p1a: Cinderace|Pyro Ball|p2a: Zapdos\n|-damage|p2a: Zapdos|2\/100\n|move|p2a: Zapdos|Roost|p2a: Zapdos\n|-heal|p2a: Zapdos|52\/100\n|-singleturn|p2a: Zapdos|move: Roost\n|\n|-heal|p2a: Zapdos|58\/100|[from] item: Leftovers\n|upkeep\n|turn|9\n|\n|t:|1700510040\n|-activate|p1a: Cinderace|confusion\n|move|p1a: Cinderace|Pyro Ball|p2a: Zapdos\n|-damage|p2a: Zapdos|10\/100\n|move|p2a: Zapdos|Roost|p2a: Zapdos\n|-heal|p2a: Zapdos|60\/100\n|-singleturn|p2a: Zapdos|move: Roost\n|\n|-heal|p2a: Zapdos|67\/100|[from] item: Leftovers\n|upkeep\n|turn|10\n|\n|t:|1700510055\n|-end|p1a: Cinderace|confusion\n|move|p1a: Cinderace|Pyro Ball|p2a: Zapdos\n|-damage|p2a: Zapdos|15\/100\n|move|p2a: Zapdos|Roost|p2a: Zapdos\n|-heal|p2a: Zapdos|65\/100\n|-singleturn|p2a: Zapdos|move: Roost\n|\n|-heal|p2a: Zapdos|71\/100|[from] item: Leftovers\n|upkeep\n|turn|11\n|\n|t:|1700510061\n|move|p1a: Cinderace|Will-O-Wisp|p2a: Zapdos\n|-status|p2a: Zapdos|brn\n|move|p2a: Zapdos|Roost|p2a: Zapdos\n|-heal|p2a: Zapdos|100\/100 brn\n|-singleturn|p2a: Zapdos|move: Roost\n|\n|-damage|p2a: Zapdos|94\/100 brn|[from] brn\n|upkeep\n|turn|12\n|\n|t:|1700510066\n|switch|p1a: Ting-Lu|Ting-Lu|41\/100\n|-ability|p1a: Ting-Lu|Vessel of Ruin\n|move|p2a: Zapdos|Volt Switch|p1a: Ting-Lu\n|-immune|p1a: Ting-Lu\n|\n|-heal|p2a: Zapdos|100\/100 brn|[from] item: Leftovers\n|-damage|p2a: Zapdos|94\/100 brn|[from] brn\n|upkeep\n|turn|13\n|\n|t:|1700510071\n|move|p2a: Zapdos|Hurricane|p1a: Ting-Lu|[miss]\n|-miss|p2a: Zapdos|p1a: Ting-Lu\n|move|p1a: Ting-Lu|Ruination|p2a: Zapdos\n|-damage|p2a: Zapdos|47\/100 brn\n|\n|-heal|p2a: Zapdos|54\/100 brn|[from] item: Leftovers\n|-damage|p2a: Zapdos|47\/100 brn|[from] brn\n|upkeep\n|turn|14\n|\n|t:|1700510079\n|move|p2a: Zapdos|Hurricane|p1a: Ting-Lu|[miss]\n|-miss|p2a: Zapdos|p1a: Ting-Lu\n|move|p1a: Ting-Lu|Ruination|p2a: Zapdos\n|-damage|p2a: Zapdos|24\/100 brn\n|\n|-heal|p2a: Zapdos|30\/100 brn|[from] item: Leftovers\n|-damage|p2a: Zapdos|24\/100 brn|[from] brn\n|upkeep\n|turn|15\n|\n|t:|1700510084\n|move|p2a: Zapdos|Hurricane|p1a: Ting-Lu\n|-damage|p1a: Ting-Lu|21\/100\n|-start|p1a: Ting-Lu|confusion\n|-activate|p1a: Ting-Lu|confusion\n|move|p1a: Ting-Lu|Earthquake|p2a: Zapdos\n|-immune|p2a: Zapdos\n|\n|-heal|p2a: Zapdos|30\/100 brn|[from] item: Leftovers\n|-damage|p2a: Zapdos|24\/100 brn|[from] brn\n|upkeep\n|turn|16\n|\n|t:|1700510091\n|move|p2a: Zapdos|Roost|p2a: Zapdos\n|-heal|p2a: Zapdos|74\/100 brn\n|-singleturn|p2a: Zapdos|move: Roost\n|-activate|p1a: Ting-Lu|confusion\n|move|p1a: Ting-Lu|Earthquake|p2a: Zapdos\n|-supereffective|p2a: Zapdos\n|-damage|p2a: Zapdos|21\/100 brn\n|\n|-heal|p2a: Zapdos|27\/100 brn|[from] item: Leftovers\n|-damage|p2a: Zapdos|21\/100 brn|[from] brn\n|upkeep\n|turn|17\n|\n|t:|1700510099\n|move|p2a: Zapdos|Hurricane|p1a: Ting-Lu|[miss]\n|-miss|p2a: Zapdos|p1a: Ting-Lu\n|-activate|p1a: Ting-Lu|confusion\n|move|p1a: Ting-Lu|Earthquake|p2a: Zapdos\n|-immune|p2a: Zapdos\n|\n|-heal|p2a: Zapdos|27\/100 brn|[from] item: Leftovers\n|-damage|p2a: Zapdos|21\/100 brn|[from] brn\n|upkeep\n|turn|18\n|\n|t:|1700510103\n|move|p2a: Zapdos|Hurricane|p1a: Ting-Lu\n|-damage|p1a: Ting-Lu|2\/100\n|-end|p1a: Ting-Lu|confusion\n|move|p1a: Ting-Lu|Earthquake|p2a: Zapdos\n|-immune|p2a: Zapdos\n|\n|-heal|p2a: Zapdos|27\/100 brn|[from] item: Leftovers\n|-damage|p2a: Zapdos|21\/100 brn|[from] brn\n|upkeep\n|turn|19\n|\n|t:|1700510107\n|move|p2a: Zapdos|Hurricane|p1a: Ting-Lu|[miss]\n|-miss|p2a: Zapdos|p1a: Ting-Lu\n|move|p1a: Ting-Lu|Earthquake|p2a: Zapdos\n|-immune|p2a: Zapdos\n|\n|-heal|p2a: Zapdos|27\/100 brn|[from] item: Leftovers\n|-damage|p2a: Zapdos|21\/100 brn|[from] brn\n|upkeep\n|turn|20\n|c|\u2606CapnTophat|Bro just hit him\n|\n|t:|1700510127\n|move|p2a: Zapdos|Roost|p2a: Zapdos\n|-heal|p2a: Zapdos|71\/100 brn\n|-singleturn|p2a: Zapdos|move: Roost\n|move|p1a: Ting-Lu|Earthquake|p2a: Zapdos\n|-supereffective|p2a: Zapdos\n|-crit|p2a: Zapdos\n|-damage|p2a: Zapdos|0 fnt\n|faint|p2a: Zapdos\n|\n|upkeep\n|c|\u2606Username momento|You\u2019re kidding me\n|\n|t:|1700510149\n|switch|p2a: Iron Moth|Iron Moth|100\/100\n|-damage|p2a: Iron Moth|76\/100|[from] Stealth Rock\n|-enditem|p2a: Iron Moth|Booster Energy\n|-activate|p2a: Iron Moth|ability: Quark Drive|[fromitem]\n|-start|p2a: Iron Moth|quarkdrivespe\n|turn|21\n|c|\u2606CapnTophat|This is an unserious game\n|\n|t:|1700510157\n|move|p2a: Iron Moth|Fiery Dance|p1a: Ting-Lu\n|-damage|p1a: Ting-Lu|0 fnt\n|faint|p1a: Ting-Lu\n|\n|upkeep\n|\n|t:|1700510162\n|switch|p1a: Ogerpon|Ogerpon-Wellspring, F|100\/100\n|turn|22\n|\n|t:|1700510176\n|-end|p2a: Iron Moth|Quark Drive|[silent]\n|switch|p2a: Meowscarada|Meowscarada, M|88\/100\n|-damage|p2a: Meowscarada|76\/100|[from] Stealth Rock\n|-terastallize|p1a: Ogerpon|Water\n|detailschange|p1a: Ogerpon|Ogerpon-Wellspring-Tera, F, tera:Water\n|-ability|p1a: Ogerpon|Embody Aspect (Wellspring)|boost\n|-boost|p1a: Ogerpon|spd|1\n|move|p1a: Ogerpon|Trailblaze|p2a: Meowscarada\n|-resisted|p2a: Meowscarada\n|-crit|p2a: Meowscarada\n|-damage|p2a: Meowscarada|44\/100\n|-boost|p1a: Ogerpon|spe|1\n|\n|upkeep\n|turn|23\n|c|\u2606Username momento|It\u2019s comical at this point\n|\n|t:|1700510191\n|move|p1a: Ogerpon|Ivy Cudgel|p2a: Meowscarada|[anim] Ivy Cudgel Water\n|-resisted|p2a: Meowscarada\n|-damage|p2a: Meowscarada|0 fnt\n|faint|p2a: Meowscarada\n|\n|upkeep\n|\n|t:|1700510201\n|switch|p2a: Zamazenta|Zamazenta|100\/100\n|-damage|p2a: Zamazenta|94\/100|[from] Stealth Rock\n|-ability|p2a: Zamazenta|Dauntless Shield|boost\n|-boost|p2a: Zamazenta|def|1\n|turn|24\n|\n|t:|1700510205\n|move|p1a: Ogerpon|Ivy Cudgel|p2a: Zamazenta|[anim] Ivy Cudgel Water\n|-damage|p2a: Zamazenta|56\/100\n|move|p2a: Zamazenta|Body Press|p1a: Ogerpon\n|-damage|p1a: Ogerpon|21\/100\n|\n|-heal|p2a: Zamazenta|62\/100|[from] item: Leftovers\n|upkeep\n|turn|25\n|\n|t:|1700510214\n|move|p1a: Ogerpon|Ivy Cudgel|p2a: Zamazenta|[anim] Ivy Cudgel Water\n|-damage|p2a: Zamazenta|23\/100\n|move|p2a: Zamazenta|Body Press|p1a: Ogerpon\n|-damage|p1a: Ogerpon|0 fnt\n|faint|p1a: Ogerpon\n|\n|-heal|p2a: Zamazenta|29\/100|[from] item: Leftovers\n|upkeep\n|\n|t:|1700510219\n|switch|p1a: Dragapult|Dragapult, F|100\/100\n|turn|26\n|\n|t:|1700510224\n|move|p1a: Dragapult|Shadow Ball|p2a: Zamazenta\n|-damage|p2a: Zamazenta|0 fnt\n|faint|p2a: Zamazenta\n|\n|upkeep\n|\n|t:|1700510229\n|switch|p2a: Kingambit|Kingambit, F|100\/100\n|-damage|p2a: Kingambit|94\/100|[from] Stealth Rock\n|-activate|p2a: Kingambit|ability: Supreme Overlord\n|-start|p2a: Kingambit|fallen3|[silent]\n|turn|27\n|\n|t:|1700510233\n|switch|p1a: Cinderace|Cinderace, F|17\/100\n|move|p2a: Kingambit|Iron Head|p1a: Cinderace\n|-resisted|p1a: Cinderace\n|-damage|p1a: Cinderace|0 fnt\n|faint|p1a: Cinderace\n|\n|-heal|p2a: Kingambit|100\/100|[from] item: Leftovers\n|upkeep\n|\n|t:|1700510241\n|switch|p1a: Iron Hands|Iron Hands|100\/100\n|turn|28\n|\n|t:|1700510255\n|-end|p2a: Kingambit|fallen3|[silent]\n|switch|p2a: Iron Moth|Iron Moth|76\/100\n|-damage|p2a: Iron Moth|51\/100|[from] Stealth Rock\n|move|p1a: Iron Hands|Drain Punch|p2a: Iron Moth\n|-resisted|p2a: Iron Moth\n|-damage|p2a: Iron Moth|18\/100\n|\n|upkeep\n|turn|29\n|\n|t:|1700510265\n|move|p2a: Iron Moth|Dazzling Gleam|p1a: Iron Hands\n|-supereffective|p1a: Iron Hands\n|-damage|p1a: Iron Hands|60\/100\n|move|p1a: Iron Hands|Drain Punch|p2a: Iron Moth\n|-resisted|p2a: Iron Moth\n|-damage|p2a: Iron Moth|0 fnt\n|-heal|p1a: Iron Hands|66\/100|[from] drain|[of] p2a: Iron Moth\n|faint|p2a: Iron Moth\n|-end|p2a: Iron Moth|Quark Drive|[silent]\n|\n|-heal|p1a: Iron Hands|72\/100|[from] item: Leftovers\n|upkeep\n|\n|t:|1700510271\n|switch|p2a: Great Tusk|Great Tusk|72\/100\n|-damage|p2a: Great Tusk|69\/100|[from] Stealth Rock\n|turn|30\n|\n|t:|1700510279\n|-end|p1a: Iron Hands|Quark Drive|[silent]\n|switch|p1a: Dragapult|Dragapult, F|100\/100\n|move|p2a: Great Tusk|Earthquake|p1a: Dragapult\n|-damage|p1a: Dragapult|29\/100\n|\n|upkeep\n|turn|31\n|\n|t:|1700510303\n|-end|p2a: Great Tusk|Protosynthesis|[silent]\n|switch|p2a: Kingambit|Kingambit, F|100\/100\n|-damage|p2a: Kingambit|94\/100|[from] Stealth Rock\n|-activate|p2a: Kingambit|ability: Supreme Overlord\n|-start|p2a: Kingambit|fallen4|[silent]\n|move|p1a: Dragapult|Shadow Ball|p2a: Kingambit\n|-resisted|p2a: Kingambit\n|-damage|p2a: Kingambit|68\/100\n|\n|-heal|p2a: Kingambit|74\/100|[from] item: Leftovers\n|upkeep\n|turn|32\n|\n|t:|1700510312\n|switch|p1a: Iron Hands|Iron Hands|72\/100\n|move|p2a: Kingambit|Iron Head|p1a: Iron Hands\n|-resisted|p1a: Iron Hands\n|-damage|p1a: Iron Hands|50\/100\n|\n|-heal|p1a: Iron Hands|56\/100|[from] item: Leftovers\n|-heal|p2a: Kingambit|81\/100|[from] item: Leftovers\n|upkeep\n|turn|33\n|\n|t:|1700510320\n|-end|p1a: Iron Hands|Quark Drive|[silent]\n|switch|p1a: Dragapult|Dragapult, F|29\/100\n|-terastallize|p2a: Kingambit|Flying\n|move|p2a: Kingambit|Swords Dance|p2a: Kingambit\n|-boost|p2a: Kingambit|atk|2\n|\n|-heal|p2a: Kingambit|87\/100|[from] item: Leftovers\n|upkeep\n|turn|34\n|\n|t:|1700510331\n|move|p1a: Dragapult|Draco Meteor|p2a: Kingambit\n|-damage|p2a: Kingambit|3\/100\n|-unboost|p1a: Dragapult|spa|2\n|move|p2a: Kingambit|Iron Head|p1a: Dragapult\n|-damage|p1a: Dragapult|0 fnt\n|faint|p1a: Dragapult\n|\n|-heal|p2a: Kingambit|9\/100|[from] item: Leftovers\n|upkeep\n|\n|t:|1700510338\n|switch|p1a: Iron Valiant|Iron Valiant|100\/100\n|-enditem|p1a: Iron Valiant|Booster Energy\n|-activate|p1a: Iron Valiant|ability: Quark Drive|[fromitem]\n|-start|p1a: Iron Valiant|quarkdrivespe\n|turn|35\n|\n|t:|1700510345\n|move|p1a: Iron Valiant|Moonblast|p2a: Kingambit\n|-damage|p2a: Kingambit|0 fnt\n|faint|p2a: Kingambit\n|-end|p2a: Kingambit|fallen4|[silent]\n|\n|upkeep\n|\n|t:|1700510352\n|switch|p2a: Great Tusk|Great Tusk|69\/100\n|-damage|p2a: Great Tusk|66\/100|[from] Stealth Rock\n|turn|36\n|-message|Username momento forfeited.\n|\n|win|CapnTophat\n|raw|CapnTophat's rating: 1680 &rarr; <strong>1701<\/strong><br \/>(+21 for winning)\n|raw|Username momento's rating: 1689 &rarr; <strong>1668<\/strong><br \/>(-21 for losing)\n|c|\u2606CapnTophat|Unserious gaming\n","uploadtime":1700510368,"views":8,"p1id":"capntophat","p2id":"usernamemomento","formatid":"gen9ou","rating":1668,"private":0,"password":""}