{"id":"gen9ou-1994971785","p1":"Imanjoneser","p2":"w45w","format":"[Gen 9] OU","log":"|j|\u2606Imanjoneser\n|j|\u2606w45w\n|t:|1700509268\n|gametype|singles\n|player|p1|Imanjoneser|bugcatcher-gen4dp|1002\n|player|p2|w45w|101|1028\n|teamsize|p1|6\n|teamsize|p2|6\n|gen|9\n|tier|[Gen 9] OU\n|rated|\n|rule|Sleep Clause Mod: Limit one foe put to sleep\n|rule|Species Clause: Limit one of each Pok\u00e9mon\n|rule|OHKO Clause: OHKO moves are banned\n|rule|Evasion Items Clause: Evasion items are banned\n|rule|Evasion Moves Clause: Evasion moves are banned\n|rule|Endless Battle Clause: Forcing endless battles is banned\n|rule|HP Percentage Mod: HP is shown in percentages\n|clearpoke\n|poke|p1|Shaymin|\n|poke|p1|Meowscarada, M|\n|poke|p1|Iron Leaves|\n|poke|p1|Chesnaught, F|\n|poke|p1|Amoonguss, M|\n|poke|p1|Torterra, F|\n|poke|p2|Skeledirge, F|\n|poke|p2|Alomomola, M|\n|poke|p2|Tropius, M|\n|poke|p2|Tauros-Paldea-Blaze, M|\n|poke|p2|Tinkaton, F|\n|poke|p2|Squawkabilly-Yellow, F|\n|teampreview\n|\n|t:|1700509292\n|start\n|switch|p1a: Meowscarada|Meowscarada, M, shiny|100\/100\n|switch|p2a: Tauros|Tauros-Paldea-Blaze, M|100\/100\n|-ability|p2a: Tauros|Intimidate|boost\n|-unboost|p1a: Meowscarada|atk|1\n|turn|1\n|\n|t:|1700509300\n|move|p1a: Meowscarada|Taunt|p2a: Tauros\n|-start|p1a: Meowscarada|typechange|Dark|[from] ability: Protean\n|-start|p2a: Tauros|move: Taunt\n|cant|p2a: Tauros|move: Taunt|Bulk Up\n|\n|upkeep\n|turn|2\n|\n|t:|1700509307\n|move|p1a: Meowscarada|Copycat|p1a: Meowscarada\n|move|p1a: Meowscarada|Taunt||[from]move: Copycat|[still]\n|-fail|p1a: Meowscarada\n|move|p2a: Tauros|Raging Bull|p1a: Meowscarada\n|-damage|p1a: Meowscarada|38\/100\n|\n|upkeep\n|turn|3\n|\n|t:|1700509325\n|move|p1a: Meowscarada|Toxic Spikes|p2a: Tauros\n|-sidestart|p2: w45w|move: Toxic Spikes\n|move|p2a: Tauros|Close Combat|p1a: Meowscarada\n|-supereffective|p1a: Meowscarada\n|-damage|p1a: Meowscarada|0 fnt\n|-unboost|p2a: Tauros|def|1\n|-unboost|p2a: Tauros|spd|1\n|faint|p1a: Meowscarada\n|\n|-end|p2a: Tauros|move: Taunt\n|upkeep\n|\n|t:|1700509358\n|switch|p1a: Shaymin|Shaymin, shiny|100\/100\n|turn|4\n|\n|t:|1700509365\n|move|p1a: Shaymin|Air Slash|p2a: Tauros\n|-supereffective|p2a: Tauros\n|-damage|p2a: Tauros|0 fnt\n|faint|p2a: Tauros\n|\n|upkeep\n|\n|t:|1700509374\n|switch|p2a: Skeledirge|Skeledirge, F|100\/100\n|turn|5\n|\n|t:|1700509388\n|move|p1a: Shaymin|Worry Seed|p2a: Skeledirge\n|-endability|p2a: Skeledirge|Unaware|[from] move: Worry Seed\n|-ability|p2a: Skeledirge|Insomnia|[from] move: Worry Seed\n|move|p2a: Skeledirge|Torch Song|p1a: Shaymin\n|-supereffective|p1a: Shaymin\n|-damage|p1a: Shaymin|46\/100\n|-boost|p2a: Skeledirge|spa|1\n|\n|-heal|p1a: Shaymin|52\/100|[from] item: Leftovers\n|upkeep\n|turn|6\n|\n|t:|1700509404\n|-terastallize|p2a: Skeledirge|Fairy\n|move|p1a: Shaymin|Air Slash|p2a: Skeledirge\n|-damage|p2a: Skeledirge|83\/100\n|cant|p2a: Skeledirge|flinch\n|\n|-heal|p1a: Shaymin|58\/100|[from] item: Leftovers\n|upkeep\n|turn|7\n|\n|t:|1700509413\n|move|p1a: Shaymin|Air Slash|p2a: Skeledirge\n|-damage|p2a: Skeledirge|64\/100\n|cant|p2a: Skeledirge|flinch\n|\n|-heal|p1a: Shaymin|64\/100|[from] item: Leftovers\n|upkeep\n|turn|8\n|\n|t:|1700509420\n|move|p1a: Shaymin|Air Slash|p2a: Skeledirge\n|-damage|p2a: Skeledirge|46\/100\n|move|p2a: Skeledirge|Slack Off|p2a: Skeledirge\n|-heal|p2a: Skeledirge|97\/100\n|\n|-heal|p1a: Shaymin|71\/100|[from] item: Leftovers\n|upkeep\n|turn|9\n|\n|t:|1700509427\n|move|p1a: Shaymin|Air Slash|p2a: Skeledirge\n|-damage|p2a: Skeledirge|79\/100\n|cant|p2a: Skeledirge|flinch\n|\n|-heal|p1a: Shaymin|77\/100|[from] item: Leftovers\n|upkeep\n|turn|10\n|\n|t:|1700509433\n|move|p1a: Shaymin|Air Slash|p2a: Skeledirge\n|-damage|p2a: Skeledirge|61\/100\n|move|p2a: Skeledirge|Will-O-Wisp|p1a: Shaymin\n|-status|p1a: Shaymin|brn\n|\n|-heal|p1a: Shaymin|83\/100 brn|[from] item: Leftovers\n|-damage|p1a: Shaymin|77\/100 brn|[from] brn\n|upkeep\n|turn|11\n|\n|t:|1700509443\n|move|p1a: Shaymin|Air Slash|p2a: Skeledirge\n|-damage|p2a: Skeledirge|43\/100\n|cant|p2a: Skeledirge|flinch\n|\n|-heal|p1a: Shaymin|83\/100 brn|[from] item: Leftovers\n|-damage|p1a: Shaymin|77\/100 brn|[from] brn\n|upkeep\n|turn|12\n|\n|t:|1700509455\n|move|p1a: Shaymin|Air Slash|p2a: Skeledirge\n|-crit|p2a: Skeledirge\n|-damage|p2a: Skeledirge|18\/100\n|cant|p2a: Skeledirge|flinch\n|\n|-heal|p1a: Shaymin|83\/100 brn|[from] item: Leftovers\n|-damage|p1a: Shaymin|77\/100 brn|[from] brn\n|upkeep\n|turn|13\n|\n|t:|1700509471\n|move|p1a: Shaymin|Air Slash|p2a: Skeledirge\n|-damage|p2a: Skeledirge|0 fnt\n|faint|p2a: Skeledirge\n|\n|-heal|p1a: Shaymin|83\/100 brn|[from] item: Leftovers\n|-damage|p1a: Shaymin|77\/100 brn|[from] brn\n|upkeep\n|\n|t:|1700509481\n|switch|p2a: Squawkabilly|Squawkabilly-Yellow, F|100\/100\n|turn|14\n|\n|t:|1700509494\n|move|p1a: Shaymin|Air Slash|p2a: Squawkabilly\n|-damage|p2a: Squawkabilly|57\/100\n|move|p2a: Squawkabilly|Brave Bird|p1a: Shaymin\n|-supereffective|p1a: Shaymin\n|-damage|p1a: Shaymin|0 fnt\n|faint|p1a: Shaymin\n|-damage|p2a: Squawkabilly|29\/100|[from] Recoil\n|-damage|p2a: Squawkabilly|19\/100|[from] item: Life Orb\n|\n|upkeep\n|\n|t:|1700509528\n|switch|p1a: Chesnaught|Chesnaught, F, shiny|100\/100\n|turn|15\n|\n|t:|1700509554\n|move|p1a: Chesnaught|Spiky Shield|p1a: Chesnaught\n|-singleturn|p1a: Chesnaught|move: Protect\n|move|p2a: Squawkabilly|Roost|p2a: Squawkabilly\n|-heal|p2a: Squawkabilly|69\/100\n|-singleturn|p2a: Squawkabilly|move: Roost\n|\n|upkeep\n|turn|16\n|\n|t:|1700509567\n|move|p2a: Squawkabilly|Brave Bird|p1a: Chesnaught\n|-supereffective|p1a: Chesnaught\n|-damage|p1a: Chesnaught|0 fnt\n|-damage|p2a: Squawkabilly|53\/100|[from] item: Rocky Helmet|[of] p1a: Chesnaught\n|faint|p1a: Chesnaught\n|-damage|p2a: Squawkabilly|18\/100|[from] Recoil\n|-damage|p2a: Squawkabilly|9\/100|[from] item: Life Orb\n|\n|upkeep\n|\n|t:|1700509577\n|switch|p1a: Torterra|Torterra, F, shiny|100\/100\n|turn|17\n|\n|t:|1700509594\n|move|p2a: Squawkabilly|Giga Impact|p1a: Torterra\n|-damage|p1a: Torterra|9\/100\n|-mustrecharge|p2a: Squawkabilly\n|-damage|p2a: Squawkabilly|0 fnt|[from] item: Life Orb\n|faint|p2a: Squawkabilly\n|move|p1a: Torterra|Shell Smash|p1a: Torterra\n|-unboost|p1a: Torterra|def|1\n|-unboost|p1a: Torterra|spd|1\n|-boost|p1a: Torterra|atk|2\n|-boost|p1a: Torterra|spa|2\n|-boost|p1a: Torterra|spe|2\n|-enditem|p1a: Torterra|White Herb\n|-clearnegativeboost|p1a: Torterra|[silent]\n|\n|upkeep\n|\n|t:|1700509610\n|switch|p2a: Tropius|Tropius, M|100\/100\n|turn|18\n|\n|t:|1700509625\n|move|p1a: Torterra|Grassy Terrain|p1a: Torterra\n|-fieldstart|move: Grassy Terrain\n|move|p2a: Tropius|Hurricane|p1a: Torterra\n|-supereffective|p1a: Torterra\n|-damage|p1a: Torterra|0 fnt\n|faint|p1a: Torterra\n|\n|upkeep\n|\n|t:|1700509632\n|switch|p1a: Amoonguss|Amoonguss, M, shiny|100\/100\n|turn|19\n|\n|t:|1700509641\n|move|p1a: Amoonguss|Sludge Bomb|p2a: Tropius\n|-supereffective|p2a: Tropius\n|-damage|p2a: Tropius|64\/100\n|move|p2a: Tropius|Substitute|p2a: Tropius\n|-start|p2a: Tropius|Substitute\n|-damage|p2a: Tropius|39\/100\n|-enditem|p2a: Tropius|Sitrus Berry|[eat]\n|-heal|p2a: Tropius|64\/100|[from] item: Sitrus Berry\n|\n|upkeep\n|turn|20\n|\n|t:|1700509651\n|move|p2a: Tropius|Hurricane|p1a: Amoonguss|[miss]\n|-miss|p2a: Tropius|p1a: Amoonguss\n|move|p1a: Amoonguss|Sludge Bomb|p2a: Tropius\n|-supereffective|p2a: Tropius\n|-end|p2a: Tropius|Substitute\n|\n|-item|p2a: Tropius|Sitrus Berry|[from] ability: Harvest\n|upkeep\n|turn|21\n|\n|t:|1700509662\n|move|p1a: Amoonguss|Sludge Bomb|p2a: Tropius\n|-supereffective|p2a: Tropius\n|-damage|p2a: Tropius|29\/100\n|-status|p2a: Tropius|psn\n|-enditem|p2a: Tropius|Sitrus Berry|[eat]\n|-heal|p2a: Tropius|54\/100 psn|[from] item: Sitrus Berry\n|move|p2a: Tropius|Hurricane|p1a: Amoonguss|[miss]\n|-miss|p2a: Tropius|p1a: Amoonguss\n|\n|-damage|p2a: Tropius|42\/100 psn|[from] psn\n|-item|p2a: Tropius|Sitrus Berry|[from] ability: Harvest\n|upkeep\n|-enditem|p2a: Tropius|Sitrus Berry|[eat]\n|-heal|p2a: Tropius|67\/100 psn|[from] item: Sitrus Berry\n|turn|22\n|\n|t:|1700509678\n|move|p2a: Tropius|Protect|p2a: Tropius\n|-singleturn|p2a: Tropius|Protect\n|move|p1a: Amoonguss|Sludge Bomb|p2a: Tropius\n|-activate|p2a: Tropius|move: Protect\n|\n|-damage|p2a: Tropius|54\/100 psn|[from] psn\n|-fieldend|move: Grassy Terrain\n|upkeep\n|turn|23\n|\n|t:|1700509688\n|move|p2a: Tropius|Hurricane|p1a: Amoonguss\n|-supereffective|p1a: Amoonguss\n|-damage|p1a: Amoonguss|54\/100\n|move|p1a: Amoonguss|Sludge Bomb|p2a: Tropius\n|-supereffective|p2a: Tropius\n|-damage|p2a: Tropius|18\/100 psn\n|\n|-heal|p1a: Amoonguss|60\/100|[from] item: Leftovers\n|-damage|p2a: Tropius|6\/100 psn|[from] psn\n|upkeep\n|turn|24\n|c|\u2606Imanjoneser|Phew\n|\n|t:|1700509705\n|move|p2a: Tropius|Hurricane|p1a: Amoonguss\n|-supereffective|p1a: Amoonguss\n|-crit|p1a: Amoonguss\n|-damage|p1a: Amoonguss|0 fnt\n|faint|p1a: Amoonguss\n|\n|-damage|p2a: Tropius|0 fnt|[from] psn\n|faint|p2a: Tropius\n|upkeep\n|\n|t:|1700509713\n|switch|p2a: Tinkaton|Tinkaton, F|100\/100\n|switch|p1a: Iron Leaves|Iron Leaves|100\/100\n|-ability|p2a: Tinkaton|Mold Breaker\n|-enditem|p1a: Iron Leaves|Booster Energy\n|-activate|p1a: Iron Leaves|ability: Quark Drive|[fromitem]\n|-start|p1a: Iron Leaves|quarkdrivespe\n|turn|25\n|\n|t:|1700509730\n|-terastallize|p1a: Iron Leaves|Water\n|move|p1a: Iron Leaves|Swords Dance|p1a: Iron Leaves\n|-boost|p1a: Iron Leaves|atk|2\n|move|p2a: Tinkaton|Swords Dance|p2a: Tinkaton\n|-boost|p2a: Tinkaton|atk|2\n|\n|upkeep\n|turn|26\n|\n|t:|1700509742\n|move|p1a: Iron Leaves|Sacred Sword|p2a: Tinkaton\n|-damage|p2a: Tinkaton|31\/100\n|move|p2a: Tinkaton|Play Rough|p1a: Iron Leaves\n|-crit|p1a: Iron Leaves\n|-damage|p1a: Iron Leaves|20\/100\n|\n|-heal|p2a: Tinkaton|37\/100|[from] item: Leftovers\n|upkeep\n|turn|27\n|\n|t:|1700509755\n|move|p1a: Iron Leaves|Sacred Sword|p2a: Tinkaton\n|-damage|p2a: Tinkaton|0 fnt\n|faint|p2a: Tinkaton\n|\n|upkeep\n|\n|t:|1700509766\n|switch|p2a: Alomomola|Alomomola, M|100\/100\n|turn|28\n|\n|t:|1700509800\n|move|p1a: Iron Leaves|Psyblade|p2a: Alomomola\n|-damage|p2a: Alomomola|59\/100\n|move|p2a: Alomomola|Psychic|p1a: Iron Leaves\n|-damage|p1a: Iron Leaves|11\/100\n|\n|upkeep\n|turn|29\n|\n|t:|1700509810\n|move|p1a: Iron Leaves|Psyblade|p2a: Alomomola\n|-damage|p2a: Alomomola|21\/100\n|move|p2a: Alomomola|Wish|p2a: Alomomola\n|\n|upkeep\n|turn|30\n|\n|t:|1700509816\n|move|p2a: Alomomola|Protect|p2a: Alomomola\n|-singleturn|p2a: Alomomola|Protect\n|move|p1a: Iron Leaves|Swords Dance|p1a: Iron Leaves\n|-boost|p1a: Iron Leaves|atk|2\n|\n|-heal|p2a: Alomomola|71\/100|[from] move: Wish|[wisher] Alomomola\n|upkeep\n|turn|31\n|\n|t:|1700509831\n|move|p1a: Iron Leaves|Psyblade|p2a: Alomomola\n|-damage|p2a: Alomomola|4\/100\n|move|p2a: Alomomola|Psychic|p1a: Iron Leaves\n|-damage|p1a: Iron Leaves|1\/100\n|\n|upkeep\n|turn|32\n|c|\u2606Imanjoneser|omg so close\n|\n|t:|1700509846\n|move|p2a: Alomomola|Protect|p2a: Alomomola\n|-singleturn|p2a: Alomomola|Protect\n|move|p1a: Iron Leaves|Psyblade|p2a: Alomomola\n|-activate|p2a: Alomomola|move: Protect\n|\n|upkeep\n|turn|33\n|c|\u2606Imanjoneser|gg dude\n|\n|t:|1700509855\n|move|p1a: Iron Leaves|Psyblade|p2a: Alomomola\n|-damage|p2a: Alomomola|0 fnt\n|faint|p2a: Alomomola\n|\n|win|Imanjoneser\n|raw|Imanjoneser's rating: 1002 &rarr; <strong>1045<\/strong><br \/>(+43 for winning)\n|raw|w45w's rating: 1028 &rarr; <strong>1013<\/strong><br \/>(-15 for losing)\n|l|\u2606w45w\n","uploadtime":1700509878,"views":5,"p1id":"imanjoneser","p2id":"w45w","formatid":"gen9ou","rating":1013,"private":0,"password":""}