{"id":"gen9ou-1989397166","p1":"elitaco6","p2":"PinkScourge","format":"[Gen 9] OU","log":"|j|\u2606elitaco6\n|j|\u2606PinkScourge\n|t:|1699845037\n|gametype|singles\n|player|p1|elitaco6|veteranf|1214\n|player|p2|PinkScourge|bede-leader|1202\n|teamsize|p1|6\n|teamsize|p2|6\n|gen|9\n|tier|[Gen 9] OU\n|rated|\n|rule|Sleep Clause Mod: Limit one foe put to sleep\n|rule|Species Clause: Limit one of each Pok\u00e9mon\n|rule|OHKO Clause: OHKO moves are banned\n|rule|Evasion Items Clause: Evasion items are banned\n|rule|Evasion Moves Clause: Evasion moves are banned\n|rule|Endless Battle Clause: Forcing endless battles is banned\n|rule|HP Percentage Mod: HP is shown in percentages\n|clearpoke\n|poke|p1|Quaquaval, M|\n|poke|p1|Zapdos|\n|poke|p1|Garganacl, M|\n|poke|p1|Great Tusk|\n|poke|p1|Slowking-Galar, M|\n|poke|p1|Ceruledge, F|\n|poke|p2|Gardevoir, F|\n|poke|p2|Weezing-Galar, M|\n|poke|p2|Alomomola, F|\n|poke|p2|Grimmsnarl, M|\n|poke|p2|Slowking-Galar, F|\n|poke|p2|Skeledirge, F|\n|teampreview\n|inactive|Battle timer is ON: inactive players will automatically lose when time's up. (requested by PinkScourge)\n|\n|t:|1699845052\n|start\n|switch|p1a: Quaquaval|Quaquaval, M|100\/100\n|switch|p2a: Grimmsnarl|Grimmsnarl, M, shiny|100\/100\n|turn|1\n|\n|t:|1699845060\n|move|p2a: Grimmsnarl|Reflect|p2a: Grimmsnarl\n|-sidestart|p2: PinkScourge|Reflect\n|move|p1a: Quaquaval|Aqua Step|p2a: Grimmsnarl\n|-crit|p2a: Grimmsnarl\n|-damage|p2a: Grimmsnarl|0 fnt\n|-boost|p1a: Quaquaval|spe|1\n|faint|p2a: Grimmsnarl\n|-ability|p1a: Quaquaval|Moxie|boost\n|-boost|p1a: Quaquaval|atk|1\n|\n|upkeep\n|c|\u2606PinkScourge|Holy shit\n|\n|t:|1699845073\n|switch|p2a: Gardevoir|Gardevoir, F|100\/100\n|-ability|p2a: Gardevoir|Moxie|[from] ability: Trace|[of] p1a: Quaquaval\n|turn|2\n|\n|t:|1699845084\n|move|p1a: Quaquaval|Aqua Step|p2a: Gardevoir\n|-damage|p2a: Gardevoir|55\/100\n|-boost|p1a: Quaquaval|spe|1\n|move|p2a: Gardevoir|Moonblast|p1a: Quaquaval\n|-supereffective|p1a: Quaquaval\n|-damage|p1a: Quaquaval|0 fnt\n|faint|p1a: Quaquaval\n|-ability|p2a: Gardevoir|Moxie|boost\n|-boost|p2a: Gardevoir|atk|1\n|\n|upkeep\n|\n|t:|1699845093\n|switch|p1a: Zapdos|Zapdos|100\/100\n|turn|3\n|\n|t:|1699845098\n|switch|p2a: Slowking|Slowking-Galar, F|100\/100\n|move|p1a: Zapdos|Thunderbolt|p2a: Slowking\n|-damage|p2a: Slowking|75\/100\n|\n|upkeep\n|turn|4\n|\n|t:|1699845103\n|move|p1a: Zapdos|Volt Switch|p2a: Slowking\n|-damage|p2a: Slowking|53\/100\n|\n|t:|1699845106\n|switch|p1a: Slowking|Slowking-Galar, M|100\/100|[from] Volt Switch\n|move|p2a: Slowking|Future Sight|p1a: Slowking\n|-start|p2a: Slowking|move: Future Sight\n|\n|upkeep\n|turn|5\n|\n|t:|1699845111\n|move|p1a: Slowking|Eerie Spell|p2a: Slowking\n|-damage|p2a: Slowking|31\/100\n|-activate|p2a: Slowking|move: Eerie Spell|Future Sight|3\n|move|p2a: Slowking|Chilly Reception|p2a: Slowking\n|-weather|Snow\n|\n|t:|1699845117\n|switch|p2a: Gardevoir|Gardevoir, F|55\/100|[from] Chilly Reception\n|-ability|p2a: Gardevoir|Regenerator|[from] ability: Trace|[of] p1a: Slowking\n|\n|-weather|Snow|[upkeep]\n|upkeep\n|turn|6\n|\n|t:|1699845126\n|switch|p2a: Slowking|Slowking-Galar, F|64\/100\n|move|p1a: Slowking|Shadow Ball|p2a: Slowking\n|-supereffective|p2a: Slowking\n|-damage|p2a: Slowking|35\/100\n|\n|-weather|Snow|[upkeep]\n|-end|p1a: Slowking|move: Future Sight\n|-damage|p1a: Slowking|70\/100\n|-heal|p1a: Slowking|76\/100|[from] item: Black Sludge\n|upkeep\n|turn|7\n|\n|t:|1699845135\n|move|p1a: Slowking|Shadow Ball|p2a: Slowking\n|-supereffective|p2a: Slowking\n|-damage|p2a: Slowking|8\/100\n|-unboost|p2a: Slowking|spd|1\n|move|p2a: Slowking|Future Sight|p1a: Slowking\n|-start|p2a: Slowking|move: Future Sight\n|\n|-weather|Snow|[upkeep]\n|-heal|p1a: Slowking|82\/100|[from] item: Black Sludge\n|upkeep\n|turn|8\n|\n|t:|1699845144\n|switch|p2a: Alomomola|Alomomola, F|100\/100\n|move|p1a: Slowking|Shadow Ball|p2a: Alomomola\n|-damage|p2a: Alomomola|79\/100\n|\n|-weather|Snow|[upkeep]\n|-heal|p1a: Slowking|88\/100|[from] item: Black Sludge\n|-sideend|p2: PinkScourge|Reflect\n|upkeep\n|turn|9\n|\n|t:|1699845151\n|move|p2a: Alomomola|Flip Turn|p1a: Slowking\n|-damage|p1a: Slowking|68\/100\n|\n|t:|1699845154\n|switch|p2a: Weezing|Weezing-Galar, M|100\/100|[from] Flip Turn\n|-fieldstart|move: Misty Terrain|[from] ability: Misty Surge|[of] p2a: Weezing\n|move|p1a: Slowking|Eerie Spell|p2a: Weezing\n|-supereffective|p2a: Weezing\n|-damage|p2a: Weezing|0 fnt\n|faint|p2a: Weezing\n|\n|-weather|none\n|-end|p1a: Slowking|move: Future Sight\n|-damage|p1a: Slowking|36\/100\n|-heal|p1a: Slowking|42\/100|[from] item: Black Sludge\n|upkeep\n|\n|t:|1699845164\n|switch|p2a: Skeledirge|Skeledirge, F|100\/100\n|turn|10\n|\n|t:|1699845173\n|switch|p1a: Garganacl|Garganacl, M|100\/100\n|-terastallize|p2a: Skeledirge|Fire\n|move|p2a: Skeledirge|Hex|p1a: Garganacl\n|-damage|p1a: Garganacl|88\/100\n|\n|-heal|p1a: Garganacl|95\/100|[from] item: Leftovers\n|upkeep\n|turn|11\n|\n|t:|1699845178\n|switch|p2a: Gardevoir|Gardevoir, F|88\/100\n|-ability|p2a: Gardevoir|Purifying Salt|[from] ability: Trace|[of] p1a: Garganacl\n|move|p1a: Garganacl|Salt Cure|p2a: Gardevoir\n|-damage|p2a: Gardevoir|75\/100\n|-start|p2a: Gardevoir|Salt Cure\n|\n|-heal|p1a: Garganacl|100\/100|[from] item: Leftovers\n|-damage|p2a: Gardevoir|63\/100|[from] Salt Cure\n|upkeep\n|turn|12\n|\n|t:|1699845186\n|move|p2a: Gardevoir|Wish|p2a: Gardevoir\n|move|p1a: Garganacl|Curse|p1a: Garganacl\n|-unboost|p1a: Garganacl|spe|1\n|-boost|p1a: Garganacl|atk|1\n|-boost|p1a: Garganacl|def|1\n|\n|-damage|p2a: Gardevoir|50\/100|[from] Salt Cure\n|upkeep\n|turn|13\n|\n|t:|1699845193\n|move|p1a: Garganacl|Curse|p1a: Garganacl\n|-unboost|p1a: Garganacl|spe|1\n|-boost|p1a: Garganacl|atk|1\n|-boost|p1a: Garganacl|def|1\n|move|p2a: Gardevoir|Teleport|p2a: Gardevoir\n|\n|t:|1699845195\n|switch|p2a: Slowking|Slowking-Galar, F|42\/100|[from] Teleport\n|\n|-heal|p2a: Slowking|85\/100|[from] move: Wish|[wisher] Gardevoir\n|-fieldend|Misty Terrain\n|upkeep\n|turn|14\n|\n|t:|1699845203\n|move|p2a: Slowking|Future Sight|p1a: Garganacl\n|-start|p2a: Slowking|move: Future Sight\n|move|p1a: Garganacl|Salt Cure|p2a: Slowking\n|-damage|p2a: Slowking|57\/100\n|-start|p2a: Slowking|Salt Cure\n|\n|-damage|p2a: Slowking|45\/100|[from] Salt Cure\n|upkeep\n|turn|15\n|\n|t:|1699845209\n|move|p2a: Slowking|Chilly Reception|p2a: Slowking\n|-weather|Snow\n|\n|t:|1699845211\n|switch|p2a: Skeledirge|Skeledirge, F, tera:Fire|100\/100|[from] Chilly Reception\n|move|p1a: Garganacl|Salt Cure|p2a: Skeledirge\n|-supereffective|p2a: Skeledirge\n|-damage|p2a: Skeledirge|78\/100\n|-start|p2a: Skeledirge|Salt Cure\n|\n|-weather|Snow|[upkeep]\n|-damage|p2a: Skeledirge|66\/100|[from] Salt Cure\n|upkeep\n|turn|16\n|\n|t:|1699845220\n|move|p2a: Skeledirge|Torch Song|p1a: Garganacl\n|-resisted|p1a: Garganacl\n|-damage|p1a: Garganacl|78\/100\n|-boost|p2a: Skeledirge|spa|1\n|move|p1a: Garganacl|Recover|p1a: Garganacl\n|-heal|p1a: Garganacl|100\/100\n|\n|-weather|Snow|[upkeep]\n|-end|p1a: Garganacl|move: Future Sight\n|-damage|p1a: Garganacl|58\/100\n|-heal|p1a: Garganacl|64\/100|[from] item: Leftovers\n|-damage|p2a: Skeledirge|53\/100|[from] Salt Cure\n|upkeep\n|turn|17\n|\n|t:|1699845229\n|move|p2a: Skeledirge|Torch Song|p1a: Garganacl\n|-resisted|p1a: Garganacl\n|-damage|p1a: Garganacl|34\/100\n|-boost|p2a: Skeledirge|spa|1\n|move|p1a: Garganacl|Body Press|p2a: Skeledirge\n|-damage|p2a: Skeledirge|27\/100\n|\n|-weather|Snow|[upkeep]\n|-heal|p1a: Garganacl|40\/100|[from] item: Leftovers\n|-damage|p2a: Skeledirge|14\/100|[from] Salt Cure\n|upkeep\n|turn|18\n|\n|t:|1699845240\n|move|p2a: Skeledirge|Slack Off|p2a: Skeledirge\n|-heal|p2a: Skeledirge|64\/100\n|move|p1a: Garganacl|Salt Cure|p2a: Skeledirge\n|-supereffective|p2a: Skeledirge\n|-damage|p2a: Skeledirge|41\/100\n|\n|-weather|Snow|[upkeep]\n|-heal|p1a: Garganacl|47\/100|[from] item: Leftovers\n|-damage|p2a: Skeledirge|28\/100|[from] Salt Cure\n|upkeep\n|turn|19\n|\n|t:|1699845249\n|move|p2a: Skeledirge|Slack Off|p2a: Skeledirge\n|-heal|p2a: Skeledirge|78\/100\n|move|p1a: Garganacl|Body Press|p2a: Skeledirge\n|-damage|p2a: Skeledirge|55\/100\n|\n|-weather|none\n|-heal|p1a: Garganacl|53\/100|[from] item: Leftovers\n|-damage|p2a: Skeledirge|42\/100|[from] Salt Cure\n|upkeep\n|turn|20\n|\n|t:|1699845253\n|move|p2a: Skeledirge|Slack Off|p2a: Skeledirge\n|-heal|p2a: Skeledirge|92\/100\n|move|p1a: Garganacl|Body Press|p2a: Skeledirge\n|-damage|p2a: Skeledirge|66\/100\n|\n|-heal|p1a: Garganacl|59\/100|[from] item: Leftovers\n|-damage|p2a: Skeledirge|53\/100|[from] Salt Cure\n|upkeep\n|turn|21\n|\n|t:|1699845262\n|move|p2a: Skeledirge|Slack Off|p2a: Skeledirge\n|-heal|p2a: Skeledirge|100\/100\n|move|p1a: Garganacl|Curse|p1a: Garganacl\n|-unboost|p1a: Garganacl|spe|1\n|-boost|p1a: Garganacl|atk|1\n|-boost|p1a: Garganacl|def|1\n|\n|-heal|p1a: Garganacl|65\/100|[from] item: Leftovers\n|-damage|p2a: Skeledirge|88\/100|[from] Salt Cure\n|upkeep\n|turn|22\n|\n|t:|1699845265\n|move|p2a: Skeledirge|Torch Song|p1a: Garganacl\n|-resisted|p1a: Garganacl\n|-damage|p1a: Garganacl|24\/100\n|-boost|p2a: Skeledirge|spa|1\n|move|p1a: Garganacl|Body Press|p2a: Skeledirge\n|-damage|p2a: Skeledirge|61\/100\n|\n|-heal|p1a: Garganacl|30\/100|[from] item: Leftovers\n|-damage|p2a: Skeledirge|49\/100|[from] Salt Cure\n|upkeep\n|turn|23\n|\n|t:|1699845275\n|move|p2a: Skeledirge|Hex|p1a: Garganacl\n|-damage|p1a: Garganacl|0 fnt\n|faint|p1a: Garganacl\n|\n|-damage|p2a: Skeledirge|36\/100|[from] Salt Cure\n|upkeep\n|\n|t:|1699845282\n|switch|p1a: Great Tusk|Great Tusk|100\/100\n|-enditem|p1a: Great Tusk|Booster Energy\n|-activate|p1a: Great Tusk|ability: Protosynthesis|[fromitem]\n|-start|p1a: Great Tusk|protosynthesisatk\n|turn|24\n|\n|t:|1699845287\n|switch|p2a: Alomomola|Alomomola, F|100\/100\n|move|p1a: Great Tusk|Earthquake|p2a: Alomomola\n|-damage|p2a: Alomomola|58\/100\n|\n|upkeep\n|turn|25\n|\n|t:|1699845293\n|-end|p1a: Great Tusk|Protosynthesis|[silent]\n|switch|p1a: Slowking|Slowking-Galar, M|75\/100\n|move|p2a: Alomomola|Wish|p2a: Alomomola\n|\n|-heal|p1a: Slowking|81\/100|[from] item: Black Sludge\n|upkeep\n|turn|26\n|\n|t:|1699845298\n|move|p2a: Alomomola|Flip Turn|p1a: Slowking\n|-damage|p1a: Slowking|62\/100\n|\n|t:|1699845301\n|switch|p2a: Skeledirge|Skeledirge, F, tera:Fire|36\/100|[from] Flip Turn\n|move|p1a: Slowking|Shadow Ball|p2a: Skeledirge\n|-damage|p2a: Skeledirge|17\/100\n|-unboost|p2a: Skeledirge|spd|1\n|\n|-heal|p2a: Skeledirge|75\/100|[from] move: Wish|[wisher] Alomomola\n|-heal|p1a: Slowking|68\/100|[from] item: Black Sludge\n|upkeep\n|turn|27\n|\n|t:|1699845310\n|switch|p2a: Alomomola|Alomomola, F|91\/100\n|move|p1a: Slowking|Trick|p2a: Alomomola\n|-activate|p1a: Slowking|move: Trick|[of] p2a: Alomomola\n|-item|p2a: Alomomola|Black Sludge|[from] move: Trick\n|-item|p1a: Slowking|Rocky Helmet|[from] move: Trick\n|\n|-damage|p2a: Alomomola|79\/100|[from] item: Black Sludge\n|upkeep\n|turn|28\n|\n|t:|1699845318\n|move|p2a: Alomomola|Wish|p2a: Alomomola\n|move|p1a: Slowking|Eerie Spell|p2a: Alomomola\n|-damage|p2a: Alomomola|48\/100\n|-activate|p2a: Alomomola|move: Eerie Spell|Wish|3\n|\n|-damage|p2a: Alomomola|36\/100|[from] item: Black Sludge\n|upkeep\n|turn|29\n|\n|t:|1699845324\n|move|p2a: Alomomola|Flip Turn|p1a: Slowking\n|-damage|p1a: Slowking|48\/100\n|-damage|p2a: Alomomola|19\/100|[from] item: Rocky Helmet|[of] p1a: Slowking\n|\n|t:|1699845330\n|switch|p2a: Gardevoir|Gardevoir, F|50\/100|[from] Flip Turn\n|-ability|p2a: Gardevoir|Regenerator|[from] ability: Trace|[of] p1a: Slowking\n|move|p1a: Slowking|Eerie Spell|p2a: Gardevoir\n|-resisted|p2a: Gardevoir\n|-damage|p2a: Gardevoir|36\/100\n|\n|-heal|p2a: Gardevoir|100\/100|[from] move: Wish|[wisher] Alomomola\n|upkeep\n|turn|30\n|\n|t:|1699845343\n|switch|p1a: Ceruledge|Ceruledge, F|100\/100\n|move|p2a: Gardevoir|Protect||[still]\n|-fail|p2a: Gardevoir\n|\n|upkeep\n|turn|31\n|\n|t:|1699845352\n|move|p1a: Ceruledge|Swords Dance|p1a: Ceruledge\n|-boost|p1a: Ceruledge|atk|2\n|move|p2a: Gardevoir|Teleport|p2a: Gardevoir\n|\n|t:|1699845355\n|switch|p2a: Skeledirge|Skeledirge, F, tera:Fire|75\/100|[from] Teleport\n|\n|upkeep\n|turn|32\n|\n|t:|1699845361\n|move|p1a: Ceruledge|Night Slash|p2a: Skeledirge\n|-damage|p2a: Skeledirge|54\/100\n|move|p2a: Skeledirge|Hex|p1a: Ceruledge\n|-supereffective|p1a: Ceruledge\n|-damage|p1a: Ceruledge|30\/100\n|\n|upkeep\n|turn|33\n|\n|t:|1699845371\n|move|p1a: Ceruledge|Shadow Sneak|p2a: Skeledirge\n|-damage|p2a: Skeledirge|37\/100\n|move|p2a: Skeledirge|Slack Off|p2a: Skeledirge\n|-heal|p2a: Skeledirge|87\/100\n|\n|upkeep\n|turn|34\n|\n|t:|1699845378\n|move|p1a: Ceruledge|Bitter Blade|p2a: Skeledirge\n|-resisted|p2a: Skeledirge\n|-damage|p2a: Skeledirge|69\/100\n|-heal|p1a: Ceruledge|43\/100|[from] drain|[of] p2a: Skeledirge\n|move|p2a: Skeledirge|Hex|p1a: Ceruledge\n|-supereffective|p1a: Ceruledge\n|-damage|p1a: Ceruledge|0 fnt\n|faint|p1a: Ceruledge\n|\n|upkeep\n|\n|t:|1699845384\n|switch|p1a: Great Tusk|Great Tusk|100\/100\n|turn|35\n|\n|t:|1699845394\n|switch|p2a: Alomomola|Alomomola, F|52\/100\n|move|p1a: Great Tusk|Earthquake|p2a: Alomomola\n|-damage|p2a: Alomomola|20\/100\n|\n|-damage|p2a: Alomomola|7\/100|[from] item: Black Sludge\n|upkeep\n|turn|36\n|\n|t:|1699845401\n|switch|p2a: Gardevoir|Gardevoir, F|100\/100\n|move|p1a: Great Tusk|Bulk Up|p1a: Great Tusk\n|-boost|p1a: Great Tusk|atk|1\n|-boost|p1a: Great Tusk|def|1\n|\n|upkeep\n|turn|37\n|\n|t:|1699845410\n|-end|p1a: Great Tusk|Protosynthesis|[silent]\n|switch|p1a: Slowking|Slowking-Galar, M|81\/100\n|-ability|p2a: Gardevoir|Regenerator|[from] ability: Trace|[of] p1a: Slowking\n|move|p2a: Gardevoir|Moonblast|p1a: Slowking\n|-resisted|p1a: Slowking\n|-damage|p1a: Slowking|68\/100\n|-unboost|p1a: Slowking|spa|1\n|\n|upkeep\n|turn|38\n|\n|t:|1699845419\n|move|p2a: Gardevoir|Wish|p2a: Gardevoir\n|move|p1a: Slowking|Shadow Ball|p2a: Gardevoir\n|-supereffective|p2a: Gardevoir\n|-damage|p2a: Gardevoir|71\/100\n|-unboost|p2a: Gardevoir|spd|1\n|\n|upkeep\n|turn|39\n|\n|t:|1699845431\n|switch|p2a: Alomomola|Alomomola, F|40\/100\n|move|p1a: Slowking|Shadow Ball|p2a: Alomomola\n|-damage|p2a: Alomomola|27\/100\n|\n|-heal|p2a: Alomomola|62\/100|[from] move: Wish|[wisher] Gardevoir\n|-damage|p2a: Alomomola|50\/100|[from] item: Black Sludge\n|upkeep\n|turn|40\n|\n|t:|1699845438\n|switch|p1a: Zapdos|Zapdos|100\/100\n|move|p2a: Alomomola|Flip Turn|p1a: Zapdos\n|-damage|p1a: Zapdos|83\/100\n|-status|p2a: Alomomola|par|[from] ability: Static|[of] p1a: Zapdos\n|\n|t:|1699845445\n|switch|p2a: Slowking|Slowking-Galar, F|78\/100|[from] Flip Turn\n|\n|upkeep\n|turn|41\n|\n|t:|1699845456\n|move|p1a: Zapdos|Brave Bird|p2a: Slowking\n|-damage|p2a: Slowking|45\/100\n|-damage|p1a: Zapdos|72\/100|[from] Recoil\n|move|p2a: Slowking|Future Sight|p1a: Zapdos\n|-start|p2a: Slowking|move: Future Sight\n|\n|upkeep\n|turn|42\n|\n|t:|1699845462\n|move|p1a: Zapdos|Brave Bird|p2a: Slowking\n|-damage|p2a: Slowking|12\/100\n|-damage|p1a: Zapdos|61\/100|[from] Recoil\n|move|p2a: Slowking|Chilly Reception|p2a: Slowking\n|-weather|Snow\n|\n|t:|1699845468\n|switch|p2a: Skeledirge|Skeledirge, F, tera:Fire|69\/100|[from] Chilly Reception\n|\n|-weather|Snow|[upkeep]\n|upkeep\n|turn|43\n|\n|t:|1699845473\n|move|p1a: Zapdos|Volt Switch|p2a: Skeledirge\n|-damage|p2a: Skeledirge|42\/100\n|\n|t:|1699845476\n|switch|p1a: Slowking|Slowking-Galar, M|100\/100|[from] Volt Switch\n|move|p2a: Skeledirge|Torch Song|p1a: Slowking\n|-damage|p1a: Slowking|73\/100\n|-boost|p2a: Skeledirge|spa|1\n|\n|-weather|Snow|[upkeep]\n|-end|p1a: Slowking|move: Future Sight\n|-damage|p1a: Slowking|41\/100\n|upkeep\n|turn|44\n|\n|t:|1699845484\n|move|p2a: Skeledirge|Slack Off|p2a: Skeledirge\n|-heal|p2a: Skeledirge|92\/100\n|move|p1a: Slowking|Shadow Ball|p2a: Skeledirge\n|-damage|p2a: Skeledirge|72\/100\n|-unboost|p2a: Skeledirge|spd|1\n|\n|-weather|Snow|[upkeep]\n|upkeep\n|turn|45\n|\n|t:|1699845491\n|move|p2a: Skeledirge|Hex|p1a: Slowking\n|-supereffective|p1a: Slowking\n|-damage|p1a: Slowking|0 fnt\n|faint|p1a: Slowking\n|\n|-weather|Snow|[upkeep]\n|upkeep\n|\n|t:|1699845494\n|switch|p1a: Great Tusk|Great Tusk|100\/100\n|turn|46\n|\n|t:|1699845498\n|move|p1a: Great Tusk|Rapid Spin|p2a: Skeledirge\n|-damage|p2a: Skeledirge|54\/100\n|-boost|p1a: Great Tusk|spe|1\n|move|p2a: Skeledirge|Will-O-Wisp|p1a: Great Tusk|[miss]\n|-miss|p2a: Skeledirge|p1a: Great Tusk\n|\n|-weather|none\n|upkeep\n|turn|47\n|\n|t:|1699845502\n|move|p1a: Great Tusk|Earthquake|p2a: Skeledirge\n|-supereffective|p2a: Skeledirge\n|-damage|p2a: Skeledirge|0 fnt\n|faint|p2a: Skeledirge\n|\n|upkeep\n|\n|t:|1699845506\n|switch|p2a: Gardevoir|Gardevoir, F|100\/100\n|turn|48\n|\n|t:|1699845512\n|-end|p1a: Great Tusk|Protosynthesis|[silent]\n|switch|p1a: Zapdos|Zapdos|61\/100\n|-ability|p2a: Gardevoir|Static|[from] ability: Trace|[of] p1a: Zapdos\n|move|p2a: Gardevoir|Moonblast|p1a: Zapdos\n|-damage|p1a: Zapdos|28\/100\n|\n|upkeep\n|turn|49\n|\n|t:|1699845523\n|move|p1a: Zapdos|Roost|p1a: Zapdos\n|-heal|p1a: Zapdos|78\/100\n|-singleturn|p1a: Zapdos|move: Roost\n|move|p2a: Gardevoir|Wish|p2a: Gardevoir\n|\n|upkeep\n|turn|50\n|\n|t:|1699845532\n|switch|p2a: Slowking|Slowking-Galar, F|45\/100\n|move|p1a: Zapdos|Thunderbolt|p2a: Slowking\n|-damage|p2a: Slowking|19\/100\n|\n|-heal|p2a: Slowking|62\/100|[from] move: Wish|[wisher] Gardevoir\n|upkeep\n|turn|51\n|\n|t:|1699845539\n|move|p1a: Zapdos|Roost|p1a: Zapdos\n|-heal|p1a: Zapdos|100\/100\n|-singleturn|p1a: Zapdos|move: Roost\n|move|p2a: Slowking|Future Sight|p1a: Zapdos\n|-start|p2a: Slowking|move: Future Sight\n|\n|upkeep\n|turn|52\n|\n|t:|1699845547\n|move|p1a: Zapdos|Thunderbolt|p2a: Slowking\n|-damage|p2a: Slowking|38\/100\n|move|p2a: Slowking|Sludge Bomb|p1a: Zapdos\n|-damage|p1a: Zapdos|74\/100\n|-status|p1a: Zapdos|psn\n|\n|-damage|p1a: Zapdos|61\/100 psn|[from] psn\n|upkeep\n|turn|53\n|\n|t:|1699845555\n|move|p1a: Zapdos|Brave Bird|p2a: Slowking\n|-damage|p2a: Slowking|2\/100\n|-damage|p1a: Zapdos|49\/100 psn|[from] Recoil\n|move|p2a: Slowking|Sludge Bomb|p1a: Zapdos\n|-damage|p1a: Zapdos|23\/100 psn\n|\n|-end|p1a: Zapdos|move: Future Sight\n|-damage|p1a: Zapdos|0 fnt\n|faint|p1a: Zapdos\n|upkeep\n|\n|t:|1699845563\n|switch|p1a: Great Tusk|Great Tusk|100\/100\n|turn|54\n|\n|t:|1699845565\n|move|p1a: Great Tusk|Rapid Spin|p2a: Slowking\n|-damage|p2a: Slowking|0 fnt\n|-boost|p1a: Great Tusk|spe|1\n|faint|p2a: Slowking\n|\n|upkeep\n|\n|t:|1699845568\n|switch|p2a: Gardevoir|Gardevoir, F|100\/100\n|turn|55\n|\n|t:|1699845576\n|-terastallize|p1a: Great Tusk|Ground\n|move|p1a: Great Tusk|Bulk Up|p1a: Great Tusk\n|-boost|p1a: Great Tusk|atk|1\n|-boost|p1a: Great Tusk|def|1\n|move|p2a: Gardevoir|Moonblast|p1a: Great Tusk\n|-damage|p1a: Great Tusk|44\/100\n|\n|upkeep\n|turn|56\n|\n|t:|1699845583\n|move|p1a: Great Tusk|Earthquake|p2a: Gardevoir\n|-damage|p2a: Gardevoir|0 fnt\n|faint|p2a: Gardevoir\n|\n|upkeep\n|\n|t:|1699845586\n|switch|p2a: Alomomola|Alomomola, F|83\/100 par\n|turn|57\n|\n|t:|1699845591\n|move|p1a: Great Tusk|Earthquake|p2a: Alomomola\n|-damage|p2a: Alomomola|13\/100 par\n|cant|p2a: Alomomola|par\n|\n|-damage|p2a: Alomomola|0 fnt|[from] item: Black Sludge\n|faint|p2a: Alomomola\n|\n|win|elitaco6\n|upkeep\n|raw|elitaco6's rating: 1214 &rarr; <strong>1238<\/strong><br \/>(+24 for winning)\n|raw|PinkScourge's rating: 1202 &rarr; <strong>1178<\/strong><br \/>(-24 for losing)\n|c|\u2606elitaco6|gg\\\n|c|\u2606PinkScourge|GG\n|l|\u2606PinkScourge\n|c|\u2606elitaco6|That was good\n","uploadtime":1699845615,"views":24,"p1id":"elitaco6","p2id":"pinkscourge","formatid":"gen9ou","rating":1178,"private":0,"password":""}