{"id":"gen9ou-2000652387","p1":"center3","p2":"RggV","format":"[Gen 9] OU","log":"|j|\u2606center3\n|j|\u2606RggV\n|t:|1701214804\n|gametype|singles\n|player|p1|center3|parasollady|1576\n|player|p2|RggV|#wcop2023latinamerica|1641\n|teamsize|p1|6\n|teamsize|p2|6\n|gen|9\n|tier|[Gen 9] OU\n|rated|\n|rule|Sleep Clause Mod: Limit one foe put to sleep\n|rule|Species Clause: Limit one of each Pok\u00e9mon\n|rule|OHKO Clause: OHKO moves are banned\n|rule|Evasion Items Clause: Evasion items are banned\n|rule|Evasion Moves Clause: Evasion moves are banned\n|rule|Endless Battle Clause: Forcing endless battles is banned\n|rule|HP Percentage Mod: HP is shown in percentages\n|clearpoke\n|poke|p1|Landorus-Therian, M|\n|poke|p1|Sinistcha|\n|poke|p1|Great Tusk|\n|poke|p1|Greninja-*, M|\n|poke|p1|Zapdos|\n|poke|p1|Slowking-Galar, M|\n|poke|p2|Manaphy|\n|poke|p2|Infernape, F|\n|poke|p2|Ribombee, F|\n|poke|p2|Gholdengo|\n|poke|p2|Landorus-Therian, M|\n|poke|p2|Kommo-o, F|\n|teampreview\n|inactive|Battle timer is ON: inactive players will automatically lose when time's up. (requested by RggV)\n|inactive|RggV has 120 seconds left.\n|inactive|RggV has 90 seconds left.\n|\n|t:|1701214878\n|start\n|switch|p1a: Landorus|Landorus-Therian, M|100\/100\n|switch|p2a: Ribombee|Ribombee, F|100\/100\n|-ability|p1a: Landorus|Intimidate|boost\n|-unboost|p2a: Ribombee|atk|1\n|turn|1\n|\n|t:|1701214886\n|move|p2a: Ribombee|Sticky Web|p1a: Landorus\n|-sidestart|p1: center3|move: Sticky Web\n|move|p1a: Landorus|Stealth Rock|p2a: Ribombee\n|-sidestart|p2: RggV|move: Stealth Rock\n|\n|upkeep\n|turn|2\n|inactive|RggV has 120 seconds left.\n|inactive|RggV has 90 seconds left.\n|inactive|RggV has 60 seconds left.\n|inactive|RggV has 30 seconds left.\n|inactive|RggV has 20 seconds left.\n|\n|t:|1701215018\n|switch|p1a: Slowking|Slowking-Galar, M|100\/100\n|-activate|p1a: Slowking|move: Sticky Web\n|-unboost|p1a: Slowking|spe|1\n|move|p2a: Ribombee|Moonblast|p1a: Slowking\n|-resisted|p1a: Slowking\n|-damage|p1a: Slowking|93\/100\n|\n|upkeep\n|turn|3\n|inactive|RggV has 30 seconds left this turn.\n|\n|t:|1701215027\n|move|p2a: Ribombee|Stun Spore|p1a: Slowking\n|-status|p1a: Slowking|par\n|move|p1a: Slowking|Future Sight|p2a: Ribombee\n|-start|p1a: Slowking|move: Future Sight\n|\n|upkeep\n|turn|4\n|\n|t:|1701215032\n|move|p2a: Ribombee|Psychic|p1a: Slowking\n|-damage|p1a: Slowking|82\/100 par\n|move|p1a: Slowking|Flamethrower|p2a: Ribombee\n|-supereffective|p2a: Ribombee\n|-damage|p2a: Ribombee|12\/100\n|\n|upkeep\n|turn|5\n|\n|t:|1701215038\n|move|p2a: Ribombee|Psychic|p1a: Slowking\n|-damage|p1a: Slowking|71\/100 par\n|move|p1a: Slowking|Flamethrower|p2a: Ribombee\n|-supereffective|p2a: Ribombee\n|-damage|p2a: Ribombee|0 fnt\n|faint|p2a: Ribombee\n|\n|-hint|Future Sight did not hit because the target is fainted.\n|upkeep\n|\n|t:|1701215053\n|switch|p2a: Son Goku|Infernape, F|100\/100\n|-damage|p2a: Son Goku|88\/100|[from] Stealth Rock\n|turn|6\n|inactive|center3 has 120 seconds left.\n|\n|t:|1701215104\n|move|p2a: Son Goku|Swords Dance|p2a: Son Goku\n|-boost|p2a: Son Goku|atk|2\n|cant|p1a: Slowking|par\n|\n|upkeep\n|turn|7\n|\n|t:|1701215109\n|switch|p1a: Landorus|Landorus-Therian, M|100\/100\n|-ability|p1a: Landorus|Intimidate|boost\n|-unboost|p2a: Son Goku|atk|1\n|move|p2a: Son Goku|Swords Dance|p2a: Son Goku\n|-boost|p2a: Son Goku|atk|2\n|\n|upkeep\n|turn|8\n|\n|t:|1701215122\n|-terastallize|p2a: Son Goku|Grass\n|move|p2a: Son Goku|Fire Punch|p1a: Landorus\n|-damage|p1a: Landorus|0 fnt\n|-damage|p2a: Son Goku|72\/100|[from] item: Rocky Helmet|[of] p1a: Landorus\n|faint|p1a: Landorus\n|-damage|p2a: Son Goku|62\/100|[from] item: Life Orb\n|\n|upkeep\n|inactive|center3 has 90 seconds left.\n|\n|t:|1701215157\n|switch|p1a: Zapdos|Zapdos|100\/100\n|turn|9\n|\n|t:|1701215160\n|move|p2a: Son Goku|Fire Punch|p1a: Zapdos\n|-damage|p1a: Zapdos|0 fnt\n|faint|p1a: Zapdos\n|-damage|p2a: Son Goku|52\/100|[from] item: Life Orb\n|\n|upkeep\n|\n|t:|1701215168\n|switch|p1a: Great Tusk|Great Tusk|100\/100\n|-activate|p1a: Great Tusk|move: Sticky Web\n|-unboost|p1a: Great Tusk|spe|1\n|turn|10\n|\n|t:|1701215176\n|move|p2a: Son Goku|Grass Knot|p1a: Great Tusk\n|-supereffective|p1a: Great Tusk\n|-damage|p1a: Great Tusk|0 fnt\n|faint|p1a: Great Tusk\n|-end|p1a: Great Tusk|Protosynthesis|[silent]\n|-damage|p2a: Son Goku|42\/100|[from] item: Life Orb\n|\n|upkeep\n|inactive|center3 has 90 seconds left.\n|inactive|center3 has 60 seconds left.\n|\n|t:|1701215229\n|switch|p1a: Sinistcha|Sinistcha|100\/100\n|-activate|p1a: Sinistcha|move: Sticky Web\n|-unboost|p1a: Sinistcha|spe|1\n|turn|11\n|inactive|center3 has 60 seconds left.\n|\n|t:|1701215247\n|-terastallize|p1a: Sinistcha|Water\n|move|p2a: Son Goku|Fire Punch|p1a: Sinistcha\n|-resisted|p1a: Sinistcha\n|-damage|p1a: Sinistcha|71\/100\n|-damage|p2a: Son Goku|32\/100|[from] item: Life Orb\n|move|p1a: Sinistcha|Strength Sap|p2a: Son Goku\n|-unboost|p2a: Son Goku|atk|1\n|-heal|p1a: Sinistcha|100\/100\n|\n|upkeep\n|turn|12\n|j| dfghhhg\n|inactive|center3 has 60 seconds left.\n|\n|t:|1701215273\n|move|p2a: Son Goku|Mach Punch|p1a: Sinistcha\n|-damage|p1a: Sinistcha|55\/100\n|-damage|p2a: Son Goku|22\/100|[from] item: Life Orb\n|move|p1a: Sinistcha|Strength Sap|p2a: Son Goku\n|-unboost|p2a: Son Goku|atk|1\n|-heal|p1a: Sinistcha|100\/100\n|\n|upkeep\n|turn|13\n|\n|t:|1701215280\n|move|p2a: Son Goku|Grass Knot|p1a: Sinistcha\n|-supereffective|p1a: Sinistcha\n|-damage|p1a: Sinistcha|74\/100\n|-damage|p2a: Son Goku|12\/100|[from] item: Life Orb\n|move|p1a: Sinistcha|Strength Sap|p2a: Son Goku\n|-unboost|p2a: Son Goku|atk|1\n|-heal|p1a: Sinistcha|100\/100\n|\n|upkeep\n|turn|14\n|\n|t:|1701215288\n|move|p2a: Son Goku|Grass Knot|p1a: Sinistcha\n|-supereffective|p1a: Sinistcha\n|-damage|p1a: Sinistcha|73\/100\n|-damage|p2a: Son Goku|3\/100|[from] item: Life Orb\n|move|p1a: Sinistcha|Calm Mind|p1a: Sinistcha\n|-boost|p1a: Sinistcha|spa|1\n|-boost|p1a: Sinistcha|spd|1\n|\n|-heal|p1a: Sinistcha|79\/100|[from] item: Leftovers\n|upkeep\n|turn|15\n|inactive|center3 has 60 seconds left.\n|\n|t:|1701215299\n|move|p2a: Son Goku|Mach Punch|p1a: Sinistcha\n|-damage|p1a: Sinistcha|57\/100\n|-damage|p2a: Son Goku|0 fnt|[from] item: Life Orb\n|faint|p2a: Son Goku\n|move|p1a: Sinistcha|Strength Sap|p2: Son Goku|[notarget]\n|-fail|p1a: Sinistcha\n|\n|-heal|p1a: Sinistcha|63\/100|[from] item: Leftovers\n|upkeep\n|inactive|RggV has 120 seconds left.\n|\n|t:|1701215308\n|switch|p2a: Kommo-o|Kommo-o, F|100\/100\n|-damage|p2a: Kommo-o|94\/100|[from] Stealth Rock\n|turn|16\n|inactive|center3 has 60 seconds left.\n|\n|t:|1701215325\n|move|p2a: Kommo-o|Clangorous Soul|p2a: Kommo-o\n|-boost|p2a: Kommo-o|atk|1\n|-boost|p2a: Kommo-o|def|1\n|-boost|p2a: Kommo-o|spa|1\n|-boost|p2a: Kommo-o|spd|1\n|-boost|p2a: Kommo-o|spe|1\n|-damage|p2a: Kommo-o|61\/100\n|-enditem|p2a: Kommo-o|Throat Spray\n|-boost|p2a: Kommo-o|spa|1|[from] item: Throat Spray\n|move|p1a: Sinistcha|Matcha Gotcha|p2a: Kommo-o\n|-resisted|p2a: Kommo-o\n|-damage|p2a: Kommo-o|40\/100\n|-heal|p1a: Sinistcha|74\/100|[from] drain|[of] p2a: Kommo-o\n|\n|-heal|p1a: Sinistcha|80\/100|[from] item: Leftovers\n|upkeep\n|turn|17\n|inactive|center3 has 60 seconds left.\n|\n|t:|1701215339\n|move|p2a: Kommo-o|Clanging Scales|p1a: Sinistcha\n|-damage|p1a: Sinistcha|2\/100\n|-unboost|p2a: Kommo-o|def|1\n|move|p1a: Sinistcha|Shadow Ball|p2a: Kommo-o\n|-immune|p2a: Kommo-o|[from] ability: Bulletproof\n|\n|-heal|p1a: Sinistcha|8\/100|[from] item: Leftovers\n|upkeep\n|turn|18\n|inactive|center3 has 60 seconds left.\n|\n|t:|1701215348\n|move|p2a: Kommo-o|Boomburst|p1a: Sinistcha\n|-damage|p1a: Sinistcha|0 fnt\n|faint|p1a: Sinistcha\n|\n|upkeep\n|\n|t:|1701215353\n|switch|p1a: Slowking|Slowking-Galar, M|100\/100 par\n|-activate|p1a: Slowking|move: Sticky Web\n|-unboost|p1a: Slowking|spe|1\n|turn|19\n|\n|t:|1701215357\n|move|p2a: Kommo-o|Clanging Scales|p1a: Slowking\n|-damage|p1a: Slowking|62\/100 par\n|-unboost|p2a: Kommo-o|def|1\n|move|p1a: Slowking|Ice Beam|p2a: Kommo-o\n|-supereffective|p2a: Kommo-o\n|-damage|p2a: Kommo-o|0 fnt\n|faint|p2a: Kommo-o\n|\n|upkeep\n|\n|t:|1701215365\n|switch|p2a: McFries|Gholdengo|100\/100\n|-damage|p2a: McFries|94\/100|[from] Stealth Rock\n|-item|p2a: McFries|Air Balloon\n|turn|20\n|\n|t:|1701215374\n|move|p2a: McFries|Shadow Ball|p1a: Slowking\n|-supereffective|p1a: Slowking\n|-damage|p1a: Slowking|22\/100 par\n|move|p1a: Slowking|Flamethrower|p2a: McFries\n|-supereffective|p2a: McFries\n|-damage|p2a: McFries|34\/100\n|-enditem|p2a: McFries|Air Balloon\n|\n|upkeep\n|turn|21\n|inactive|center3 has 90 seconds left.\n|\n|t:|1701215384\n|switch|p2a: Manaphy|Manaphy|100\/100\n|-damage|p2a: Manaphy|88\/100|[from] Stealth Rock\n|switch|p1a: Greninja|Greninja, M|100\/100\n|-activate|p1a: Greninja|move: Sticky Web\n|-unboost|p1a: Greninja|spe|1\n|\n|-heal|p2a: Manaphy|94\/100|[from] item: Leftovers\n|upkeep\n|turn|22\n|\n|t:|1701215394\n|move|p2a: Manaphy|Tail Glow|p2a: Manaphy\n|-boost|p2a: Manaphy|spa|3\n|move|p1a: Greninja|Dark Pulse|p2a: Manaphy\n|-damage|p2a: Manaphy|47\/100\n|-damage|p1a: Greninja|91\/100|[from] item: Life Orb\n|\n|-heal|p2a: Manaphy|53\/100|[from] item: Leftovers\n|upkeep\n|turn|23\n|\n|t:|1701215405\n|move|p2a: Manaphy|Energy Ball|p1a: Greninja\n|-supereffective|p1a: Greninja\n|-damage|p1a: Greninja|0 fnt\n|faint|p1a: Greninja\n|\n|-heal|p2a: Manaphy|59\/100|[from] item: Leftovers\n|upkeep\n|\n|t:|1701215411\n|switch|p1a: Slowking|Slowking-Galar, M|55\/100 par\n|-activate|p1a: Slowking|move: Sticky Web\n|-unboost|p1a: Slowking|spe|1\n|turn|24\n|\n|t:|1701215416\n|move|p2a: Manaphy|Surf|p1a: Slowking\n|-damage|p1a: Slowking|9\/100 par\n|move|p1a: Slowking|Sludge Bomb|p2a: Manaphy\n|-damage|p2a: Manaphy|20\/100\n|\n|-heal|p2a: Manaphy|26\/100|[from] item: Leftovers\n|upkeep\n|turn|25\n|\n|t:|1701215422\n|move|p2a: Manaphy|Surf|p1a: Slowking\n|-damage|p1a: Slowking|0 fnt\n|faint|p1a: Slowking\n|\n|win|RggV\n|raw|center3's rating: 1554 &rarr; <strong>1539<\/strong><br \/>(-15 for losing)\n|raw|RggV's rating: 1641 &rarr; <strong>1656<\/strong><br \/>(+15 for winning)\n|l| dfghhhg\n|l|\u2606center3\n|j| dfghhhg\n|l| dfghhhg\n","uploadtime":1701215585,"views":0,"p1id":"center3","p2id":"rggv","formatid":"gen9ou","rating":1539,"private":0,"password":""}