{"id":"gen9ou-1997876713","p1":"rrrrrrrmrrrrrr","p2":"mantrahaphid","format":"[Gen 9] OU","log":"|j|\u2606rrrrrrrmrrrrrr\n|j|\u2606mantrahaphid\n|t:|1700862615\n|gametype|singles\n|player|p1|rrrrrrrmrrrrrr|1|1000\n|player|p2|mantrahaphid|bugcatcher-gen4dp|1000\n|teamsize|p1|6\n|teamsize|p2|2\n|gen|9\n|tier|[Gen 9] OU\n|rated|\n|rule|Sleep Clause Mod: Limit one foe put to sleep\n|rule|Species Clause: Limit one of each Pok\u00e9mon\n|rule|OHKO Clause: OHKO moves are banned\n|rule|Evasion Items Clause: Evasion items are banned\n|rule|Evasion Moves Clause: Evasion moves are banned\n|rule|Endless Battle Clause: Forcing endless battles is banned\n|rule|HP Percentage Mod: HP is shown in percentages\n|clearpoke\n|poke|p1|Samurott-Hisui, M|\n|poke|p1|Garchomp, M|\n|poke|p1|Arcanine-Hisui, M|\n|poke|p1|Empoleon, M|\n|poke|p1|Goodra-Hisui, M|\n|poke|p1|Kommo-o, M|\n|poke|p2|Numel, M|\n|poke|p2|Grimmsnarl, M|\n|teampreview\n|\n|t:|1700862620\n|start\n|switch|p1a: Goodra|Goodra-Hisui, M, shiny|100\/100\n|switch|p2a: Grimmsnarl|Grimmsnarl, M|100\/100\n|turn|1\n|\n|t:|1700862626\n|move|p2a: Grimmsnarl|Light Screen|p2a: Grimmsnarl\n|-sidestart|p2: mantrahaphid|move: Light Screen\n|move|p1a: Goodra|Hydro Pump|p2a: Grimmsnarl\n|-damage|p2a: Grimmsnarl|87\/100\n|\n|upkeep\n|turn|2\n|\n|t:|1700862632\n|move|p2a: Grimmsnarl|Reflect|p2a: Grimmsnarl\n|-sidestart|p2: mantrahaphid|Reflect\n|move|p1a: Goodra|Flash Cannon|p2a: Grimmsnarl\n|-supereffective|p2a: Grimmsnarl\n|-damage|p2a: Grimmsnarl|59\/100\n|\n|upkeep\n|turn|3\n|\n|t:|1700862636\n|move|p2a: Grimmsnarl|Parting Shot|p1a: Goodra\n|-unboost|p1a: Goodra|atk|1\n|-unboost|p1a: Goodra|spa|1\n|\n|t:|1700862638\n|switch|p2a: Numel|Numel, M|100\/100|[from] Parting Shot\n|move|p1a: Goodra|Flash Cannon|p2a: Numel\n|-resisted|p2a: Numel\n|-damage|p2a: Numel|93\/100\n|\n|-heal|p2a: Numel|99\/100|[from] item: Leftovers\n|upkeep\n|turn|4\n|\n|t:|1700862646\n|move|p1a: Goodra|Hydro Pump|p2a: Numel\n|-supereffective|p2a: Numel\n|-damage|p2a: Numel|43\/100\n|move|p2a: Numel|Amnesia|p2a: Numel\n|-boost|p2a: Numel|spd|4\n|\n|-heal|p2a: Numel|49\/100|[from] item: Leftovers\n|upkeep\n|turn|5\n|\n|t:|1700862653\n|-terastallize|p2a: Numel|Steel\n|move|p1a: Goodra|Hydro Pump|p2a: Numel|[miss]\n|-miss|p1a: Goodra|p2a: Numel\n|move|p2a: Numel|Amnesia|p2a: Numel\n|-boost|p2a: Numel|spd|2\n|\n|-heal|p2a: Numel|55\/100|[from] item: Leftovers\n|upkeep\n|turn|6\n|\n|t:|1700862661\n|move|p1a: Goodra|Hydro Pump|p2a: Numel\n|-damage|p2a: Numel|51\/100\n|move|p2a: Numel|Curse|p2a: Numel\n|-unboost|p2a: Numel|spe|2\n|-boost|p2a: Numel|atk|2\n|-boost|p2a: Numel|def|2\n|\n|-heal|p2a: Numel|58\/100|[from] item: Leftovers\n|upkeep\n|turn|7\n|\n|t:|1700862670\n|move|p1a: Goodra|Draco Meteor|p2a: Numel\n|-resisted|p2a: Numel\n|-damage|p2a: Numel|54\/100\n|-unboost|p1a: Goodra|spa|2\n|move|p2a: Numel|Curse|p2a: Numel\n|-unboost|p2a: Numel|spe|2\n|-boost|p2a: Numel|atk|2\n|-boost|p2a: Numel|def|2\n|\n|-heal|p2a: Numel|60\/100|[from] item: Leftovers\n|upkeep\n|turn|8\n|\n|t:|1700862680\n|move|p1a: Goodra|Blizzard|p2a: Numel\n|-resisted|p2a: Numel\n|-damage|p2a: Numel|59\/100\n|move|p2a: Numel|Curse|p2a: Numel\n|-unboost|p2a: Numel|spe|2\n|-boost|p2a: Numel|atk|2\n|-boost|p2a: Numel|def|2\n|\n|-heal|p2a: Numel|65\/100|[from] item: Leftovers\n|-sideend|p2: mantrahaphid|move: Light Screen\n|upkeep\n|turn|9\n|\n|t:|1700862692\n|move|p1a: Goodra|Hydro Pump|p2a: Numel\n|-damage|p2a: Numel|60\/100\n|move|p2a: Numel|Body Press|p1a: Goodra\n|-supereffective|p1a: Goodra\n|-damage|p1a: Goodra|0 fnt\n|-ability|p1a: Goodra|Gooey\n|-unboost|p2a: Numel|spe|0\n|faint|p1a: Goodra\n|\n|-heal|p2a: Numel|66\/100|[from] item: Leftovers\n|-sideend|p2: mantrahaphid|Reflect\n|upkeep\n|\n|t:|1700862703\n|switch|p1a: Arcanine|Arcanine-Hisui, M, shiny|100\/100\n|turn|10\n|\n|t:|1700862708\n|move|p1a: Arcanine|Head Smash|p2a: Numel\n|-resisted|p2a: Numel\n|-damage|p2a: Numel|53\/100\n|move|p2a: Numel|Earthquake|p1a: Arcanine\n|-supereffective|p1a: Arcanine\n|-damage|p1a: Arcanine|0 fnt\n|faint|p1a: Arcanine\n|\n|-heal|p2a: Numel|60\/100|[from] item: Leftovers\n|upkeep\n|\n|t:|1700862718\n|switch|p1a: Samurott|Samurott-Hisui, M, shiny|100\/100\n|turn|11\n|\n|t:|1700862721\n|move|p1a: Samurott|Hydro Pump|p2a: Numel|[miss]\n|-miss|p1a: Samurott|p2a: Numel\n|move|p2a: Numel|Body Press|p1a: Samurott\n|-supereffective|p1a: Samurott\n|-damage|p1a: Samurott|0 fnt\n|faint|p1a: Samurott\n|\n|-heal|p2a: Numel|66\/100|[from] item: Leftovers\n|upkeep\n|\n|t:|1700862729\n|switch|p1a: Empoleon|Empoleon, M|100\/100\n|turn|12\n|\n|t:|1700862733\n|move|p1a: Empoleon|Hydro Cannon|p2a: Numel\n|-damage|p2a: Numel|39\/100\n|-mustrecharge|p1a: Empoleon\n|move|p2a: Numel|Body Press|p1a: Empoleon\n|-supereffective|p1a: Empoleon\n|-damage|p1a: Empoleon|0 fnt\n|-damage|p2a: Numel|23\/100|[from] item: Rocky Helmet|[of] p1a: Empoleon\n|faint|p1a: Empoleon\n|\n|-heal|p2a: Numel|29\/100|[from] item: Leftovers\n|upkeep\n|\n|t:|1700862742\n|switch|p1a: Garchomp|Garchomp, M, shiny|100\/100\n|turn|13\n|\n|t:|1700862749\n|move|p1a: Garchomp|Flamethrower|p2a: Numel\n|-supereffective|p2a: Numel\n|-damage|p2a: Numel|14\/100\n|move|p2a: Numel|Body Press|p1a: Garchomp\n|-damage|p1a: Garchomp|45\/100\n|-damage|p2a: Numel|1\/100|[from] ability: Rough Skin|[of] p1a: Garchomp\n|-damage|p2a: Numel|0 fnt|[from] item: Rocky Helmet|[of] p1a: Garchomp\n|faint|p2a: Numel\n|\n|upkeep\n|-message|mantrahaphid forfeited.\n|\n|win|rrrrrrrmrrrrrr\n|raw|rrrrrrrmrrrrrr's rating: 1000 &rarr; <strong>1040<\/strong><br \/>(+40 for winning)\n|raw|mantrahaphid's rating: 1000 &rarr; <strong>1000<\/strong><br \/>(+0 for losing)\n|l|\u2606mantrahaphid\n","uploadtime":1700862768,"views":1,"p1id":"rrrrrrrmrrrrrr","p2id":"mantrahaphid","formatid":"gen9ou","rating":1000,"private":0,"password":""}