{"id":"gen9ou-1997955832","p1":"yamiyami17","p2":"Takiyako","format":"[Gen 9] OU","log":"|j|\u2606yamiyami17\n|j|\u2606Takiyako\n|t:|1700871870\n|gametype|singles\n|player|p1|yamiyami17|170|1272\n|player|p2|Takiyako|ingo-hisui|1246\n|teamsize|p1|6\n|teamsize|p2|6\n|gen|9\n|tier|[Gen 9] OU\n|rated|\n|rule|Sleep Clause Mod: Limit one foe put to sleep\n|rule|Species Clause: Limit one of each Pok\u00e9mon\n|rule|OHKO Clause: OHKO moves are banned\n|rule|Evasion Items Clause: Evasion items are banned\n|rule|Evasion Moves Clause: Evasion moves are banned\n|rule|Endless Battle Clause: Forcing endless battles is banned\n|rule|HP Percentage Mod: HP is shown in percentages\n|clearpoke\n|poke|p1|Sinistcha-Masterpiece|\n|poke|p1|Snorlax, F|\n|poke|p1|Cloyster, M|\n|poke|p1|Glimmora, M|\n|poke|p1|Ceruledge, M|\n|poke|p1|Kommo-o, M|\n|poke|p2|Lokix, M|\n|poke|p2|Quaquaval, F|\n|poke|p2|Clodsire, M|\n|poke|p2|Zapdos|\n|poke|p2|Arcanine-Hisui, M|\n|poke|p2|Torterra, F|\n|teampreview\n|inactive|Battle timer is ON: inactive players will automatically lose when time's up. (requested by Takiyako)\n|\n|t:|1700871879\n|start\n|switch|p1a: Glimmora|Glimmora, M|100\/100\n|switch|p2a: Quaquaval|Quaquaval, F|100\/100\n|turn|1\n|\n|t:|1700871887\n|move|p2a: Quaquaval|Aqua Step|p1a: Glimmora\n|-supereffective|p1a: Glimmora\n|-damage|p1a: Glimmora|44\/100\n|-boost|p2a: Quaquaval|spe|1\n|-activate|p1a: Glimmora|ability: Toxic Debris\n|-sidestart|p2: Takiyako|move: Toxic Spikes\n|move|p1a: Glimmora|Mortal Spin|p2a: Quaquaval\n|-damage|p2a: Quaquaval|91\/100\n|-status|p2a: Quaquaval|psn\n|\n|-heal|p1a: Glimmora|50\/100|[from] item: Leftovers\n|-damage|p2a: Quaquaval|79\/100 psn|[from] psn\n|upkeep\n|turn|2\n|\n|t:|1700871898\n|move|p2a: Quaquaval|Aqua Step|p1a: Glimmora\n|-supereffective|p1a: Glimmora\n|-damage|p1a: Glimmora|0 fnt\n|-boost|p2a: Quaquaval|spe|1\n|-activate|p1a: Glimmora|ability: Toxic Debris\n|-sidestart|p2: Takiyako|move: Toxic Spikes\n|faint|p1a: Glimmora\n|-ability|p2a: Quaquaval|Moxie|boost\n|-boost|p2a: Quaquaval|atk|1\n|\n|-damage|p2a: Quaquaval|67\/100 psn|[from] psn\n|upkeep\n|\n|t:|1700871921\n|switch|p1a: Sinistcha|Sinistcha-Masterpiece|100\/100\n|turn|3\n|\n|t:|1700871925\n|move|p2a: Quaquaval|Ice Spinner|p1a: Sinistcha\n|-supereffective|p1a: Sinistcha\n|-damage|p1a: Sinistcha|45\/100\n|move|p1a: Sinistcha|Matcha Gotcha|p2a: Quaquaval\n|-supereffective|p2a: Quaquaval\n|-damage|p2a: Quaquaval|5\/100 psn\n|-heal|p1a: Sinistcha|73\/100|[from] drain|[of] p2a: Quaquaval\n|\n|-heal|p1a: Sinistcha|79\/100|[from] item: Leftovers\n|-damage|p2a: Quaquaval|0 fnt|[from] psn\n|faint|p2a: Quaquaval\n|upkeep\n|\n|t:|1700871929\n|switch|p2a: Huh|Clodsire, M|100\/100\n|-sideend|p2: Takiyako|move: Toxic Spikes|[of] p2a: Huh\n|turn|4\n|\n|t:|1700871936\n|switch|p2a: In-N-Out|Lokix, M|100\/100\n|move|p1a: Sinistcha|Calm Mind|p1a: Sinistcha\n|-boost|p1a: Sinistcha|spa|1\n|-boost|p1a: Sinistcha|spd|1\n|\n|-heal|p1a: Sinistcha|85\/100|[from] item: Leftovers\n|upkeep\n|turn|5\n|\n|t:|1700871943\n|-terastallize|p2a: In-N-Out|Bug\n|move|p2a: In-N-Out|First Impression|p1a: Sinistcha\n|-damage|p1a: Sinistcha|34\/100\n|move|p1a: Sinistcha|Matcha Gotcha|p2a: In-N-Out\n|-resisted|p2a: In-N-Out\n|-damage|p2a: In-N-Out|56\/100\n|-heal|p1a: Sinistcha|53\/100|[from] drain|[of] p2a: In-N-Out\n|\n|-heal|p1a: Sinistcha|59\/100|[from] item: Leftovers\n|upkeep\n|turn|6\n|\n|t:|1700871949\n|switch|p2a: Brain Damage|Arcanine-Hisui, M|100\/100\n|move|p1a: Sinistcha|Iron Defense|p1a: Sinistcha\n|-boost|p1a: Sinistcha|def|2\n|\n|-heal|p1a: Sinistcha|65\/100|[from] item: Leftovers\n|upkeep\n|turn|7\n|\n|t:|1700871955\n|move|p2a: Brain Damage|Flare Blitz|p1a: Sinistcha\n|-supereffective|p1a: Sinistcha\n|-damage|p1a: Sinistcha|44\/100\n|move|p1a: Sinistcha|Iron Defense|p1a: Sinistcha\n|-boost|p1a: Sinistcha|def|2\n|\n|-heal|p1a: Sinistcha|50\/100|[from] item: Leftovers\n|upkeep\n|turn|8\n|\n|t:|1700871960\n|move|p2a: Brain Damage|Will-O-Wisp|p1a: Sinistcha\n|-status|p1a: Sinistcha|brn\n|move|p1a: Sinistcha|Matcha Gotcha|p2a: Brain Damage\n|-damage|p2a: Brain Damage|36\/100\n|-heal|p1a: Sinistcha|81\/100 brn|[from] drain|[of] p2a: Brain Damage\n|\n|-heal|p1a: Sinistcha|87\/100 brn|[from] item: Leftovers\n|-damage|p1a: Sinistcha|84\/100 brn|[from] brn\n|upkeep\n|turn|9\n|\n|t:|1700871967\n|switch|p2a: 1% of all Gamblers|Zapdos|100\/100\n|move|p1a: Sinistcha|Calm Mind|p1a: Sinistcha\n|-boost|p1a: Sinistcha|spa|1\n|-boost|p1a: Sinistcha|spd|1\n|\n|-heal|p1a: Sinistcha|90\/100 brn|[from] item: Leftovers\n|-damage|p1a: Sinistcha|87\/100 brn|[from] brn\n|upkeep\n|turn|10\n|\n|t:|1700871969\n|move|p2a: 1% of all Gamblers|Hurricane|p1a: Sinistcha|[miss]\n|-miss|p2a: 1% of all Gamblers|p1a: Sinistcha\n|-enditem|p2a: 1% of all Gamblers|Blunder Policy\n|-boost|p2a: 1% of all Gamblers|spe|2\n|move|p1a: Sinistcha|Shadow Ball|p2a: 1% of all Gamblers\n|-damage|p2a: 1% of all Gamblers|41\/100\n|\n|-heal|p1a: Sinistcha|93\/100 brn|[from] item: Leftovers\n|-damage|p1a: Sinistcha|90\/100 brn|[from] brn\n|upkeep\n|turn|11\n|\n|t:|1700871972\n|move|p2a: 1% of all Gamblers|Hurricane|p1a: Sinistcha\n|-supereffective|p1a: Sinistcha\n|-damage|p1a: Sinistcha|19\/100 brn\n|move|p1a: Sinistcha|Shadow Ball|p2a: 1% of all Gamblers\n|-damage|p2a: 1% of all Gamblers|0 fnt\n|faint|p2a: 1% of all Gamblers\n|\n|-heal|p1a: Sinistcha|25\/100 brn|[from] item: Leftovers\n|-damage|p1a: Sinistcha|22\/100 brn|[from] brn\n|upkeep\n|\n|t:|1700871975\n|switch|p2a: In-N-Out|Lokix, M, tera:Bug|56\/100\n|turn|12\n|\n|t:|1700871978\n|move|p2a: In-N-Out|First Impression|p1a: Sinistcha\n|-damage|p1a: Sinistcha|5\/100 brn\n|move|p1a: Sinistcha|Matcha Gotcha|p2a: In-N-Out\n|-resisted|p2a: In-N-Out\n|-damage|p2a: In-N-Out|0 fnt\n|-heal|p1a: Sinistcha|27\/100 brn|[from] drain|[of] p2a: In-N-Out\n|faint|p2a: In-N-Out\n|\n|-heal|p1a: Sinistcha|33\/100 brn|[from] item: Leftovers\n|-damage|p1a: Sinistcha|31\/100 brn|[from] brn\n|upkeep\n|\n|t:|1700871982\n|switch|p2a: Brain Damage|Arcanine-Hisui, M|36\/100\n|turn|13\n|\n|t:|1700871988\n|move|p2a: Brain Damage|Flare Blitz|p1a: Sinistcha\n|-supereffective|p1a: Sinistcha\n|-damage|p1a: Sinistcha|17\/100 brn\n|move|p1a: Sinistcha|Matcha Gotcha|p2a: Brain Damage\n|-damage|p2a: Brain Damage|0 fnt\n|-heal|p1a: Sinistcha|34\/100 brn|[from] drain|[of] p2a: Brain Damage\n|faint|p2a: Brain Damage\n|\n|-heal|p1a: Sinistcha|40\/100 brn|[from] item: Leftovers\n|-damage|p1a: Sinistcha|37\/100 brn|[from] brn\n|upkeep\n|\n|t:|1700871990\n|switch|p2a: Torterra|Torterra, F|100\/100\n|turn|14\n|\n|t:|1700871993\n|move|p2a: Torterra|Shell Smash|p2a: Torterra\n|-unboost|p2a: Torterra|def|1\n|-unboost|p2a: Torterra|spd|1\n|-boost|p2a: Torterra|atk|2\n|-boost|p2a: Torterra|spa|2\n|-boost|p2a: Torterra|spe|2\n|-enditem|p2a: Torterra|White Herb\n|-clearnegativeboost|p2a: Torterra|[silent]\n|move|p1a: Sinistcha|Matcha Gotcha|p2a: Torterra\n|-damage|p2a: Torterra|20\/100\n|-heal|p1a: Sinistcha|76\/100 brn|[from] drain|[of] p2a: Torterra\n|\n|-heal|p1a: Sinistcha|82\/100 brn|[from] item: Leftovers\n|-damage|p1a: Sinistcha|79\/100 brn|[from] brn\n|upkeep\n|turn|15\n|\n|t:|1700871996\n|move|p2a: Torterra|Wood Hammer|p1a: Sinistcha\n|-resisted|p1a: Sinistcha\n|-damage|p1a: Sinistcha|64\/100 brn\n|-damage|p2a: Torterra|15\/100|[from] Recoil\n|move|p1a: Sinistcha|Matcha Gotcha|p2a: Torterra\n|-damage|p2a: Torterra|0 fnt\n|-heal|p1a: Sinistcha|71\/100 brn|[from] drain|[of] p2a: Torterra\n|faint|p2a: Torterra\n|\n|-heal|p1a: Sinistcha|77\/100 brn|[from] item: Leftovers\n|-damage|p1a: Sinistcha|74\/100 brn|[from] brn\n|upkeep\n|\n|t:|1700871997\n|switch|p2a: Huh|Clodsire, M|100\/100\n|turn|16\n|\n|t:|1700871999\n|move|p1a: Sinistcha|Matcha Gotcha|p2a: Huh\n|-damage|p2a: Huh|68\/100\n|-heal|p1a: Sinistcha|96\/100 brn|[from] drain|[of] p2a: Huh\n|move|p2a: Huh|Stealth Rock|p1a: Sinistcha\n|-sidestart|p1: yamiyami17|move: Stealth Rock\n|\n|-heal|p1a: Sinistcha|100\/100 brn|[from] item: Leftovers\n|-heal|p2a: Huh|74\/100|[from] item: Black Sludge\n|-damage|p1a: Sinistcha|98\/100 brn|[from] brn\n|upkeep\n|turn|17\n|\n|t:|1700872008\n|move|p1a: Sinistcha|Shadow Ball|p2a: Huh\n|-damage|p2a: Huh|38\/100\n|move|p2a: Huh|Gunk Shot|p1a: Sinistcha\n|-damage|p1a: Sinistcha|90\/100 brn\n|\n|-heal|p1a: Sinistcha|96\/100 brn|[from] item: Leftovers\n|-heal|p2a: Huh|45\/100|[from] item: Black Sludge\n|-damage|p1a: Sinistcha|93\/100 brn|[from] brn\n|upkeep\n|turn|18\n|\n|t:|1700872011\n|move|p1a: Sinistcha|Shadow Ball|p2a: Huh\n|-damage|p2a: Huh|8\/100\n|move|p2a: Huh|Recover|p2a: Huh\n|-heal|p2a: Huh|58\/100\n|\n|-heal|p1a: Sinistcha|99\/100 brn|[from] item: Leftovers\n|-heal|p2a: Huh|64\/100|[from] item: Black Sludge\n|-damage|p1a: Sinistcha|96\/100 brn|[from] brn\n|upkeep\n|turn|19\n|\n|t:|1700872014\n|move|p1a: Sinistcha|Shadow Ball|p2a: Huh\n|-damage|p2a: Huh|31\/100\n|-unboost|p2a: Huh|spd|1\n|move|p2a: Huh|Recover|p2a: Huh\n|-heal|p2a: Huh|81\/100\n|\n|-heal|p1a: Sinistcha|100\/100 brn|[from] item: Leftovers\n|-heal|p2a: Huh|87\/100|[from] item: Black Sludge\n|-damage|p1a: Sinistcha|98\/100 brn|[from] brn\n|upkeep\n|turn|20\n|\n|t:|1700872017\n|move|p1a: Sinistcha|Shadow Ball|p2a: Huh\n|-damage|p2a: Huh|34\/100\n|-unboost|p2a: Huh|spd|1\n|move|p2a: Huh|Gunk Shot|p1a: Sinistcha\n|-damage|p1a: Sinistcha|90\/100 brn\n|\n|-heal|p1a: Sinistcha|96\/100 brn|[from] item: Leftovers\n|-heal|p2a: Huh|40\/100|[from] item: Black Sludge\n|-damage|p1a: Sinistcha|93\/100 brn|[from] brn\n|upkeep\n|turn|21\n|\n|t:|1700872019\n|move|p1a: Sinistcha|Shadow Ball|p2a: Huh\n|-damage|p2a: Huh|0 fnt\n|faint|p2a: Huh\n|\n|win|yamiyami17\n|raw|yamiyami17's rating: 1272 &rarr; <strong>1295<\/strong><br \/>(+23 for winning)\n|raw|Takiyako's rating: 1246 &rarr; <strong>1223<\/strong><br \/>(-23 for losing)\n|l|\u2606Takiyako\n","uploadtime":1700872026,"views":10,"p1id":"yamiyami17","p2id":"takiyako","formatid":"gen9ou","rating":1223,"private":0,"password":""}