{"id":"gen9ou-1997865992","p1":"Hold DEEEZNUUTZ","p2":"WRLD_Endu","format":"[Gen 9] OU","log":"|j|\u2606Hold DEEEZNUUTZ\n|j|\u2606WRLD_Endu\n|t:|1700861370\n|gametype|singles\n|player|p1|Hold DEEEZNUUTZ|cyclist|1115\n|player|p2|WRLD_Endu|lance|1092\n|teamsize|p1|6\n|teamsize|p2|6\n|gen|9\n|tier|[Gen 9] OU\n|rated|\n|rule|Sleep Clause Mod: Limit one foe put to sleep\n|rule|Species Clause: Limit one of each Pok\u00e9mon\n|rule|OHKO Clause: OHKO moves are banned\n|rule|Evasion Items Clause: Evasion items are banned\n|rule|Evasion Moves Clause: Evasion moves are banned\n|rule|Endless Battle Clause: Forcing endless battles is banned\n|rule|HP Percentage Mod: HP is shown in percentages\n|clearpoke\n|poke|p1|Corviknight, M|\n|poke|p1|Dragapult, F|\n|poke|p1|Hatterene, F|\n|poke|p1|Chansey, F|\n|poke|p1|Slowking-Galar, M|\n|poke|p1|Manaphy|\n|poke|p2|Grafaiai, F|\n|poke|p2|Rillaboom, M|\n|poke|p2|Zapdos|\n|poke|p2|Corviknight, M|\n|poke|p2|Toxapex, F|\n|poke|p2|Iron Moth|\n|teampreview\n|inactive|Battle timer is ON: inactive players will automatically lose when time's up. (requested by Hold DEEEZNUUTZ)\n|\n|t:|1700861384\n|start\n|switch|p1a: Chansey|Chansey, F|100\/100\n|switch|p2a: Best of the trio|Zapdos, shiny|100\/100\n|turn|1\n|\n|t:|1700861388\n|move|p2a: Best of the trio|Volt Switch|p1a: Chansey\n|-damage|p1a: Chansey|89\/100\n|\n|t:|1700861390\n|switch|p2a: Emo asf|Toxapex, F, shiny|100\/100|[from] Volt Switch\n|move|p1a: Chansey|Stealth Rock|p2a: Emo asf\n|-sidestart|p2: WRLD_Endu|move: Stealth Rock\n|\n|upkeep\n|turn|2\n|\n|t:|1700861402\n|switch|p1a: Slowking|Slowking-Galar, M|100\/100\n|move|p2a: Emo asf|Infestation|p1a: Slowking\n|-damage|p1a: Slowking|98\/100\n|-activate|p1a: Slowking|move: Infestation|[of] p2a: Emo asf\n|\n|-damage|p1a: Slowking|86\/100|[from] move: Infestation|[partiallytrapped]\n|upkeep\n|turn|3\n|\n|t:|1700861409\n|switch|p2a: Omen|Corviknight, M, shiny|100\/100\n|-ability|p2a: Omen|Pressure\n|move|p1a: Slowking|Trick Room|p1a: Slowking\n|-fieldstart|move: Trick Room|[of] p1a: Slowking\n|\n|-end|p1a: Slowking|Infestation|[partiallytrapped]|[silent]\n|upkeep\n|turn|4\n|\n|t:|1700861412\n|move|p1a: Slowking|Flamethrower|p2a: Omen\n|-supereffective|p2a: Omen\n|-damage|p2a: Omen|25\/100\n|-damage|p1a: Slowking|76\/100|[from] item: Life Orb\n|move|p2a: Omen|Defog|p1a: Slowking\n|-unboost|p1a: Slowking|evasion|1\n|-sideend|p2: WRLD_Endu|Stealth Rock|[from] move: Defog|[of] p2a: Omen\n|\n|upkeep\n|turn|5\n|\n|t:|1700861419\n|switch|p2a: Emo asf|Toxapex, F, shiny|100\/100\n|move|p1a: Slowking|Flamethrower|p2a: Emo asf\n|-resisted|p2a: Emo asf\n|-damage|p2a: Emo asf|84\/100\n|-status|p2a: Emo asf|brn\n|-damage|p1a: Slowking|66\/100|[from] item: Life Orb\n|\n|-heal|p2a: Emo asf|90\/100 brn|[from] item: Leftovers\n|-damage|p2a: Emo asf|84\/100 brn|[from] brn\n|upkeep\n|turn|6\n|\n|t:|1700861429\n|switch|p1a: Manaphy|Manaphy|100\/100\n|move|p2a: Emo asf|Infestation|p1a: Manaphy\n|-damage|p1a: Manaphy|98\/100\n|-activate|p1a: Manaphy|move: Infestation|[of] p2a: Emo asf\n|\n|-heal|p2a: Emo asf|90\/100 brn|[from] item: Leftovers\n|-heal|p1a: Manaphy|100\/100|[from] item: Leftovers\n|-damage|p2a: Emo asf|84\/100 brn|[from] brn\n|-damage|p1a: Manaphy|88\/100|[from] move: Infestation|[partiallytrapped]\n|upkeep\n|turn|7\n|\n|t:|1700861437\n|move|p2a: Emo asf|Toxic|p1a: Manaphy\n|-status|p1a: Manaphy|tox\n|move|p1a: Manaphy|Calm Mind|p1a: Manaphy\n|-boost|p1a: Manaphy|spa|1\n|-boost|p1a: Manaphy|spd|1\n|\n|-heal|p2a: Emo asf|90\/100 brn|[from] item: Leftovers\n|-heal|p1a: Manaphy|94\/100 tox|[from] item: Leftovers\n|-damage|p1a: Manaphy|88\/100 tox|[from] psn\n|-damage|p2a: Emo asf|84\/100 brn|[from] brn\n|-damage|p1a: Manaphy|76\/100 tox|[from] move: Infestation|[partiallytrapped]\n|-fieldend|move: Trick Room\n|upkeep\n|turn|8\n|\n|t:|1700861441\n|move|p1a: Manaphy|Rain Dance|p1a: Manaphy\n|-weather|RainDance\n|move|p2a: Emo asf|Haze|p2a: Emo asf\n|-clearallboost\n|\n|-weather|RainDance|[upkeep]\n|-activate|p1a: Manaphy|ability: Hydration\n|-curestatus|p1a: Manaphy|tox|[msg]\n|-heal|p1a: Manaphy|82\/100|[from] item: Leftovers\n|-heal|p2a: Emo asf|90\/100 brn|[from] item: Leftovers\n|-damage|p2a: Emo asf|84\/100 brn|[from] brn\n|-damage|p1a: Manaphy|69\/100|[from] move: Infestation|[partiallytrapped]\n|upkeep\n|turn|9\n|\n|t:|1700861450\n|switch|p2a: Best of the trio|Zapdos, shiny|100\/100\n|move|p1a: Manaphy|Scald|p2a: Best of the trio\n|-damage|p2a: Best of the trio|54\/100\n|-status|p2a: Best of the trio|brn\n|\n|-weather|RainDance|[upkeep]\n|-heal|p1a: Manaphy|76\/100|[from] item: Leftovers\n|-damage|p2a: Best of the trio|48\/100 brn|[from] brn\n|-end|p1a: Manaphy|Infestation|[partiallytrapped]|[silent]\n|upkeep\n|turn|10\n|\n|t:|1700861459\n|switch|p1a: Chansey|Chansey, F|89\/100\n|move|p2a: Best of the trio|Volt Switch|p1a: Chansey\n|-damage|p1a: Chansey|78\/100\n|\n|t:|1700861468\n|switch|p2a: Frieza's enemy|Rillaboom, M, shiny|100\/100|[from] Volt Switch\n|-fieldstart|move: Grassy Terrain|[from] ability: Grassy Surge|[of] p2a: Frieza's enemy\n|\n|-weather|RainDance|[upkeep]\n|-heal|p1a: Chansey|84\/100|[from] Grassy Terrain\n|upkeep\n|turn|11\n|\n|t:|1700861483\n|switch|p1a: Corviknight|Corviknight, M|100\/100\n|-ability|p1a: Corviknight|Pressure\n|move|p2a: Frieza's enemy|Knock Off|p1a: Corviknight\n|-damage|p1a: Corviknight|67\/100\n|-enditem|p1a: Corviknight|Leftovers|[from] move: Knock Off|[of] p2a: Frieza's enemy\n|\n|-weather|RainDance|[upkeep]\n|upkeep\n|turn|12\n|\n|t:|1700861490\n|switch|p2a: Omen|Corviknight, M, shiny|25\/100\n|-ability|p2a: Omen|Pressure\n|move|p1a: Corviknight|Roost|p1a: Corviknight\n|-heal|p1a: Corviknight|100\/100\n|-singleturn|p1a: Corviknight|move: Roost\n|\n|-weather|none\n|upkeep\n|turn|13\n|\n|t:|1700861494\n|switch|p1a: Dragapult|Dragapult, F|100\/100\n|move|p2a: Omen|Roost|p2a: Omen\n|-heal|p2a: Omen|75\/100\n|-singleturn|p2a: Omen|move: Roost\n|\n|-heal|p2a: Omen|81\/100|[from] Grassy Terrain\n|upkeep\n|turn|14\n|\n|t:|1700861501\n|switch|p2a: Emo asf|Toxapex, F, shiny|100\/100 brn\n|move|p1a: Dragapult|Will-O-Wisp|p2a: Emo asf\n|-fail|p2a: Emo asf|brn\n|\n|-damage|p2a: Emo asf|94\/100 brn|[from] brn\n|-fieldend|move: Grassy Terrain\n|upkeep\n|turn|15\n|\n|t:|1700861508\n|switch|p2a: big chill fr|Iron Moth, shiny|100\/100\n|-enditem|p2a: big chill fr|Booster Energy\n|-activate|p2a: big chill fr|ability: Quark Drive|[fromitem]\n|-start|p2a: big chill fr|quarkdrivespe\n|move|p1a: Dragapult|Substitute|p1a: Dragapult\n|-start|p1a: Dragapult|Substitute\n|-damage|p1a: Dragapult|76\/100\n|\n|-heal|p1a: Dragapult|82\/100|[from] item: Leftovers\n|upkeep\n|turn|16\n|\n|t:|1700861511\n|move|p2a: big chill fr|Sludge Wave|p1a: Dragapult\n|-resisted|p1a: Dragapult\n|-end|p1a: Dragapult|Substitute\n|move|p1a: Dragapult|Thunder Wave|p2a: big chill fr\n|-status|p2a: big chill fr|par\n|\n|-heal|p1a: Dragapult|88\/100|[from] item: Leftovers\n|upkeep\n|turn|17\n|\n|t:|1700861518\n|switch|p1a: Chansey|Chansey, F|84\/100\n|move|p2a: big chill fr|Sludge Wave|p1a: Chansey\n|-damage|p1a: Chansey|68\/100\n|\n|upkeep\n|turn|18\n|\n|t:|1700861521\n|move|p2a: big chill fr|Substitute|p2a: big chill fr\n|-start|p2a: big chill fr|Substitute\n|-damage|p2a: big chill fr|76\/100 par\n|move|p1a: Chansey|Stealth Rock|p2a: big chill fr\n|-sidestart|p2: WRLD_Endu|move: Stealth Rock\n|\n|upkeep\n|turn|19\n|\n|t:|1700861524\n|move|p2a: big chill fr|Fiery Dance|p1a: Chansey\n|-damage|p1a: Chansey|56\/100\n|-boost|p2a: big chill fr|spa|1\n|move|p1a: Chansey|Seismic Toss|p2a: big chill fr\n|-end|p2a: big chill fr|Substitute\n|\n|upkeep\n|turn|20\n|\n|t:|1700861527\n|move|p2a: big chill fr|Fiery Dance|p1a: Chansey\n|-damage|p1a: Chansey|38\/100\n|-boost|p2a: big chill fr|spa|1\n|move|p1a: Chansey|Soft-Boiled|p1a: Chansey\n|-heal|p1a: Chansey|88\/100\n|\n|upkeep\n|turn|21\n|\n|t:|1700861531\n|move|p2a: big chill fr|Fiery Dance|p1a: Chansey\n|-damage|p1a: Chansey|65\/100\n|move|p1a: Chansey|Seismic Toss|p2a: big chill fr\n|-damage|p2a: big chill fr|42\/100 par\n|\n|upkeep\n|turn|22\n|\n|t:|1700861535\n|move|p2a: big chill fr|Fiery Dance|p1a: Chansey\n|-damage|p1a: Chansey|38\/100\n|-boost|p2a: big chill fr|spa|1\n|move|p1a: Chansey|Seismic Toss|p2a: big chill fr\n|-damage|p2a: big chill fr|9\/100 par\n|\n|upkeep\n|turn|23\n|\n|t:|1700861538\n|move|p2a: big chill fr|Sludge Wave|p1a: Chansey\n|-damage|p1a: Chansey|3\/100\n|move|p1a: Chansey|Soft-Boiled|p1a: Chansey\n|-heal|p1a: Chansey|53\/100\n|\n|upkeep\n|turn|24\n|\n|t:|1700861542\n|move|p2a: big chill fr|Sludge Wave|p1a: Chansey\n|-damage|p1a: Chansey|13\/100\n|-status|p1a: Chansey|psn\n|move|p1a: Chansey|Soft-Boiled|p1a: Chansey\n|-heal|p1a: Chansey|63\/100 psn\n|\n|-damage|p1a: Chansey|51\/100 psn|[from] psn\n|upkeep\n|turn|25\n|\n|t:|1700861545\n|move|p2a: big chill fr|Sludge Wave|p1a: Chansey\n|-damage|p1a: Chansey|15\/100 psn\n|move|p1a: Chansey|Soft-Boiled|p1a: Chansey\n|-heal|p1a: Chansey|65\/100 psn\n|\n|-damage|p1a: Chansey|53\/100 psn|[from] psn\n|upkeep\n|turn|26\n|\n|t:|1700861550\n|move|p2a: big chill fr|Sludge Wave|p1a: Chansey\n|-damage|p1a: Chansey|15\/100 psn\n|move|p1a: Chansey|Soft-Boiled|p1a: Chansey\n|-heal|p1a: Chansey|65\/100 psn\n|\n|-damage|p1a: Chansey|52\/100 psn|[from] psn\n|upkeep\n|turn|27\n|\n|t:|1700861553\n|move|p2a: big chill fr|Fiery Dance|p1a: Chansey\n|-damage|p1a: Chansey|21\/100 psn\n|move|p1a: Chansey|Soft-Boiled|p1a: Chansey\n|-heal|p1a: Chansey|71\/100 psn\n|\n|-damage|p1a: Chansey|59\/100 psn|[from] psn\n|upkeep\n|turn|28\n|\n|t:|1700861558\n|move|p2a: big chill fr|Sludge Wave|p1a: Chansey\n|-damage|p1a: Chansey|25\/100 psn\n|move|p1a: Chansey|Soft-Boiled|p1a: Chansey\n|-heal|p1a: Chansey|75\/100 psn\n|\n|-damage|p1a: Chansey|62\/100 psn|[from] psn\n|upkeep\n|turn|29\n|\n|t:|1700861560\n|move|p2a: big chill fr|Sludge Wave|p1a: Chansey\n|-damage|p1a: Chansey|25\/100 psn\n|move|p1a: Chansey|Soft-Boiled|p1a: Chansey\n|-heal|p1a: Chansey|75\/100 psn\n|\n|-damage|p1a: Chansey|62\/100 psn|[from] psn\n|upkeep\n|turn|30\n|\n|t:|1700861562\n|move|p2a: big chill fr|Fiery Dance|p1a: Chansey\n|-damage|p1a: Chansey|29\/100 psn\n|move|p1a: Chansey|Seismic Toss|p2a: big chill fr\n|-damage|p2a: big chill fr|0 fnt\n|faint|p2a: big chill fr\n|-end|p2a: big chill fr|Quark Drive|[silent]\n|\n|-damage|p1a: Chansey|16\/100 psn|[from] psn\n|upkeep\n|\n|t:|1700861569\n|switch|p2a: Omen|Corviknight, M, shiny|81\/100\n|-ability|p2a: Omen|Pressure\n|turn|31\n|\n|t:|1700861576\n|move|p2a: Omen|Body Press|p1a: Chansey\n|-supereffective|p1a: Chansey\n|-damage|p1a: Chansey|0 fnt\n|faint|p1a: Chansey\n|\n|upkeep\n|\n|t:|1700861579\n|switch|p1a: Dragapult|Dragapult, F|88\/100\n|turn|32\n|\n|t:|1700861585\n|move|p1a: Dragapult|Will-O-Wisp|p2a: Omen\n|-status|p2a: Omen|brn\n|move|p2a: Omen|Defog|p1a: Dragapult\n|-unboost|p1a: Dragapult|evasion|1\n|-sideend|p2: WRLD_Endu|Stealth Rock|[from] move: Defog|[of] p2a: Omen\n|\n|-heal|p1a: Dragapult|94\/100|[from] item: Leftovers\n|-damage|p2a: Omen|75\/100 brn|[from] brn\n|upkeep\n|turn|33\n|\n|t:|1700861589\n|move|p1a: Dragapult|Substitute|p1a: Dragapult\n|-start|p1a: Dragapult|Substitute\n|-damage|p1a: Dragapult|70\/100\n|move|p2a: Omen|U-turn|p1a: Dragapult\n|-resisted|p1a: Dragapult\n|-activate|p1a: Dragapult|move: Substitute|[damage]\n|\n|t:|1700861592\n|switch|p2a: Frieza's enemy|Rillaboom, M, shiny|100\/100|[from] U-turn\n|-fieldstart|move: Grassy Terrain|[from] ability: Grassy Surge|[of] p2a: Frieza's enemy\n|\n|-heal|p1a: Dragapult|76\/100|[from] Grassy Terrain\n|-heal|p1a: Dragapult|82\/100|[from] item: Leftovers\n|upkeep\n|turn|34\n|\n|t:|1700861602\n|move|p1a: Dragapult|Will-O-Wisp|p2a: Frieza's enemy\n|-status|p2a: Frieza's enemy|brn\n|move|p2a: Frieza's enemy|Knock Off|p1a: Dragapult\n|-supereffective|p1a: Dragapult\n|-end|p1a: Dragapult|Substitute\n|\n|-heal|p1a: Dragapult|88\/100|[from] Grassy Terrain\n|-heal|p1a: Dragapult|94\/100|[from] item: Leftovers\n|-damage|p2a: Frieza's enemy|94\/100 brn|[from] brn\n|upkeep\n|turn|35\n|\n|t:|1700861609\n|switch|p1a: Corviknight|Corviknight, M|100\/100\n|-ability|p1a: Corviknight|Pressure\n|move|p2a: Frieza's enemy|Knock Off|p1a: Corviknight\n|-damage|p1a: Corviknight|90\/100\n|\n|-heal|p2a: Frieza's enemy|100\/100 brn|[from] Grassy Terrain\n|-damage|p2a: Frieza's enemy|94\/100 brn|[from] brn\n|upkeep\n|turn|36\n|\n|t:|1700861616\n|switch|p2a: Best of the trio|Zapdos, shiny|48\/100 brn\n|switch|p1a: Slowking|Slowking-Galar, M|99\/100\n|\n|-heal|p1a: Slowking|100\/100|[from] Grassy Terrain\n|-damage|p2a: Best of the trio|41\/100 brn|[from] brn\n|upkeep\n|turn|37\n|\n|t:|1700861620\n|move|p2a: Best of the trio|Volt Switch|p1a: Slowking\n|-damage|p1a: Slowking|75\/100\n|\n|t:|1700861626\n|switch|p2a: Omen|Corviknight, M, shiny|75\/100 brn|[from] Volt Switch\n|-ability|p2a: Omen|Pressure\n|move|p1a: Slowking|Trick Room|p1a: Slowking\n|-fieldstart|move: Trick Room|[of] p1a: Slowking\n|\n|-heal|p1a: Slowking|81\/100|[from] Grassy Terrain\n|-damage|p2a: Omen|69\/100 brn|[from] brn\n|-fieldend|move: Grassy Terrain\n|upkeep\n|turn|38\n|\n|t:|1700861631\n|switch|p2a: Emo asf|Toxapex, F, shiny|100\/100 brn\n|move|p1a: Slowking|Flamethrower|p2a: Emo asf\n|-resisted|p2a: Emo asf\n|-damage|p2a: Emo asf|84\/100 brn\n|-damage|p1a: Slowking|71\/100|[from] item: Life Orb\n|\n|-heal|p2a: Emo asf|90\/100 brn|[from] item: Leftovers\n|-damage|p2a: Emo asf|84\/100 brn|[from] brn\n|upkeep\n|turn|39\n|\n|t:|1700861640\n|switch|p1a: Hatterene|Hatterene, F|100\/100\n|move|p2a: Emo asf|Infestation|p1a: Hatterene\n|-damage|p1a: Hatterene|98\/100\n|-activate|p1a: Hatterene|move: Infestation|[of] p2a: Emo asf\n|\n|-heal|p1a: Hatterene|100\/100|[from] item: Leftovers\n|-heal|p2a: Emo asf|90\/100 brn|[from] item: Leftovers\n|-damage|p2a: Emo asf|84\/100 brn|[from] brn\n|-damage|p1a: Hatterene|88\/100|[from] move: Infestation|[partiallytrapped]\n|upkeep\n|turn|40\n|\n|t:|1700861651\n|move|p1a: Hatterene|Calm Mind|p1a: Hatterene\n|-boost|p1a: Hatterene|spa|1\n|-boost|p1a: Hatterene|spd|1\n|move|p2a: Emo asf|Haze|p2a: Emo asf\n|-clearallboost\n|\n|-heal|p1a: Hatterene|94\/100|[from] item: Leftovers\n|-heal|p2a: Emo asf|90\/100 brn|[from] item: Leftovers\n|-damage|p2a: Emo asf|84\/100 brn|[from] brn\n|-damage|p1a: Hatterene|82\/100|[from] move: Infestation|[partiallytrapped]\n|upkeep\n|turn|41\n|\n|t:|1700861655\n|move|p1a: Hatterene|Stored Power|p2a: Emo asf\n|-supereffective|p2a: Emo asf\n|-damage|p2a: Emo asf|68\/100 brn\n|move|p2a: Emo asf|Haze|p2a: Emo asf\n|-clearallboost\n|\n|-heal|p1a: Hatterene|88\/100|[from] item: Leftovers\n|-heal|p2a: Emo asf|74\/100 brn|[from] item: Leftovers\n|-damage|p2a: Emo asf|68\/100 brn|[from] brn\n|-damage|p1a: Hatterene|76\/100|[from] move: Infestation|[partiallytrapped]\n|-fieldend|move: Trick Room\n|upkeep\n|turn|42\n|\n|t:|1700861660\n|move|p2a: Emo asf|Recover|p2a: Emo asf\n|-heal|p2a: Emo asf|100\/100 brn\n|move|p1a: Hatterene|Trick Room|p1a: Hatterene\n|-fieldstart|move: Trick Room|[of] p1a: Hatterene\n|\n|-heal|p1a: Hatterene|82\/100|[from] item: Leftovers\n|-damage|p2a: Emo asf|94\/100 brn|[from] brn\n|-damage|p1a: Hatterene|69\/100|[from] move: Infestation|[partiallytrapped]\n|upkeep\n|turn|43\n|\n|t:|1700861671\n|move|p1a: Hatterene|Calm Mind|p1a: Hatterene\n|-boost|p1a: Hatterene|spa|1\n|-boost|p1a: Hatterene|spd|1\n|move|p2a: Emo asf|Toxic|p1a: Hatterene\n|move|p1a: Hatterene|Toxic||[from]ability: Magic Bounce|[still]\n|-fail|p1a: Hatterene\n|\n|-heal|p1a: Hatterene|75\/100|[from] item: Leftovers\n|-heal|p2a: Emo asf|100\/100 brn|[from] item: Leftovers\n|-damage|p2a: Emo asf|94\/100 brn|[from] brn\n|-end|p1a: Hatterene|Infestation|[partiallytrapped]\n|upkeep\n|turn|44\n|\n|t:|1700861679\n|move|p1a: Hatterene|Stored Power|p2a: Emo asf\n|-supereffective|p2a: Emo asf\n|-damage|p2a: Emo asf|23\/100 brn\n|move|p2a: Emo asf|Haze|p2a: Emo asf\n|-clearallboost\n|\n|-heal|p1a: Hatterene|81\/100|[from] item: Leftovers\n|-heal|p2a: Emo asf|29\/100 brn|[from] item: Leftovers\n|-damage|p2a: Emo asf|23\/100 brn|[from] brn\n|upkeep\n|turn|45\n|\n|t:|1700861686\n|move|p1a: Hatterene|Calm Mind|p1a: Hatterene\n|-boost|p1a: Hatterene|spa|1\n|-boost|p1a: Hatterene|spd|1\n|move|p2a: Emo asf|Recover|p2a: Emo asf\n|-heal|p2a: Emo asf|73\/100 brn\n|\n|-heal|p1a: Hatterene|87\/100|[from] item: Leftovers\n|-heal|p2a: Emo asf|79\/100 brn|[from] item: Leftovers\n|-damage|p2a: Emo asf|73\/100 brn|[from] brn\n|upkeep\n|turn|46\n|\n|t:|1700861690\n|-terastallize|p2a: Emo asf|Steel\n|move|p1a: Hatterene|Stored Power|p2a: Emo asf\n|-resisted|p2a: Emo asf\n|-damage|p2a: Emo asf|57\/100 brn\n|move|p2a: Emo asf|Haze|p2a: Emo asf\n|-clearallboost\n|\n|-heal|p1a: Hatterene|93\/100|[from] item: Leftovers\n|-heal|p2a: Emo asf|63\/100 brn|[from] item: Leftovers\n|-damage|p2a: Emo asf|57\/100 brn|[from] brn\n|-fieldend|move: Trick Room\n|upkeep\n|turn|47\n|\n|t:|1700861697\n|switch|p2a: OMG SNEASLER|Grafaiai, F, shiny|100\/100\n|switch|p1a: Slowking|Slowking-Galar, M|100\/100\n|\n|upkeep\n|turn|48\n|\n|t:|1700861700\n|switch|p2a: Omen|Corviknight, M, shiny|69\/100 brn\n|-ability|p2a: Omen|Pressure\n|move|p1a: Slowking|Trick Room|p1a: Slowking\n|-fieldstart|move: Trick Room|[of] p1a: Slowking\n|\n|-damage|p2a: Omen|62\/100 brn|[from] brn\n|upkeep\n|turn|49\n|\n|t:|1700861707\n|switch|p2a: Emo asf|Toxapex, F, shiny, tera:Steel|90\/100 brn\n|move|p1a: Slowking|Flamethrower|p2a: Emo asf\n|-supereffective|p2a: Emo asf\n|-crit|p2a: Emo asf\n|-damage|p2a: Emo asf|0 fnt\n|faint|p2a: Emo asf\n|-damage|p1a: Slowking|91\/100|[from] item: Life Orb\n|\n|upkeep\n|c|\u2606Hold DEEEZNUUTZ|nice tera\n|\n|t:|1700861711\n|switch|p2a: Frieza's enemy|Rillaboom, M, shiny|94\/100 brn\n|-fieldstart|move: Grassy Terrain|[from] ability: Grassy Surge|[of] p2a: Frieza's enemy\n|turn|50\n|c|\u2606Hold DEEEZNUUTZ|knock off?\n|\n|t:|1700861720\n|switch|p1a: Corviknight|Corviknight, M|90\/100\n|-ability|p1a: Corviknight|Pressure\n|move|p2a: Frieza's enemy|Knock Off|p1a: Corviknight\n|-damage|p1a: Corviknight|79\/100\n|\n|-heal|p2a: Frieza's enemy|100\/100 brn|[from] Grassy Terrain\n|-damage|p2a: Frieza's enemy|94\/100 brn|[from] brn\n|upkeep\n|turn|51\n|-message|WRLD_Endu forfeited.\n|\n|win|Hold DEEEZNUUTZ\n|raw|Hold DEEEZNUUTZ's rating: 1115 &rarr; <strong>1138<\/strong><br \/>(+23 for winning)\n|raw|WRLD_Endu's rating: 1092 &rarr; <strong>1070<\/strong><br \/>(-22 for losing)\n|l|\u2606WRLD_Endu\n","uploadtime":1700861730,"views":3,"p1id":"holddeeeznuutz","p2id":"wrldendu","formatid":"gen9ou","rating":1070,"private":0,"password":""}