{"id":"gen9ou-1989924342","p1":"zTEDDYBEARx","p2":"continuumg","format":"[Gen 9] OU","log":"|j|\u2606zTEDDYBEARx\n|j|\u2606continuumg\n|t:|1699907170\n|gametype|singles\n|player|p1|zTEDDYBEARx|2|1204\n|player|p2|continuumg|scientist-gen4dp|1193\n|teamsize|p1|6\n|teamsize|p2|6\n|gen|9\n|tier|[Gen 9] OU\n|rated|\n|rule|Sleep Clause Mod: Limit one foe put to sleep\n|rule|Species Clause: Limit one of each Pok\u00e9mon\n|rule|OHKO Clause: OHKO moves are banned\n|rule|Evasion Items Clause: Evasion items are banned\n|rule|Evasion Moves Clause: Evasion moves are banned\n|rule|Endless Battle Clause: Forcing endless battles is banned\n|rule|HP Percentage Mod: HP is shown in percentages\n|clearpoke\n|poke|p1|Quagsire, M|\n|poke|p1|Iron Jugulis|\n|poke|p1|Espeon, F|\n|poke|p1|Brambleghast, M|\n|poke|p1|Slowbro, M|\n|poke|p1|Gyarados, M|\n|poke|p2|Torterra, M|\n|poke|p2|Empoleon, F|\n|poke|p2|Infernape, M|\n|poke|p2|Rotom-Heat|\n|poke|p2|Luxray, M|\n|poke|p2|Staraptor, F|\n|teampreview\n|\n|t:|1699907184\n|start\n|switch|p1a: Brambleghast|Brambleghast, M|100\/100\n|switch|p2a: Rotom|Rotom-Heat|100\/100\n|turn|1\n|inactive|Battle timer is ON: inactive players will automatically lose when time's up. (requested by zTEDDYBEARx)\n|\n|t:|1699907196\n|switch|p1a: Quagsire|Quagsire, M|100\/100\n|move|p2a: Rotom|Overheat|p1a: Quagsire\n|-resisted|p1a: Quagsire\n|-damage|p1a: Quagsire|43\/100\n|-unboost|p2a: Rotom|spa|2\n|\n|-heal|p1a: Quagsire|49\/100|[from] item: Leftovers\n|upkeep\n|turn|2\n|\n|t:|1699907206\n|move|p2a: Rotom|Overheat|p1a: Quagsire\n|-resisted|p1a: Quagsire\n|-damage|p1a: Quagsire|0 fnt\n|-unboost|p2a: Rotom|spa|2\n|faint|p1a: Quagsire\n|\n|upkeep\n|\n|t:|1699907236\n|switch|p1a: Espeon|Espeon, F|100\/100\n|turn|3\n|\n|t:|1699907256\n|switch|p2a: Torterra|Torterra, M|100\/100\n|move|p1a: Espeon|Psychic|p2a: Torterra\n|-damage|p2a: Torterra|20\/100\n|\n|upkeep\n|turn|4\n|c|\u2606continuumg|ow\n|\n|t:|1699907274\n|move|p1a: Espeon|Psychic|p2a: Torterra\n|-damage|p2a: Torterra|0 fnt\n|faint|p2a: Torterra\n|\n|upkeep\n|c|\u2606zTEDDYBEARx|lol espeon hits like a truck\n|c|\u2606zTEDDYBEARx|sadly glass canon\n|inactive|continuumg has 120 seconds left.\n|c|\u2606zTEDDYBEARx|cant take a hit\n|\n|t:|1699907312\n|switch|p2a: Staraptor|Staraptor, F|100\/100\n|turn|5\n|\n|t:|1699907325\n|switch|p1a: Brambleghast|Brambleghast, M|100\/100\n|move|p2a: Staraptor|Brave Bird|p1a: Brambleghast\n|-supereffective|p1a: Brambleghast\n|-damage|p1a: Brambleghast|0 fnt\n|faint|p1a: Brambleghast\n|-damage|p2a: Staraptor|74\/100|[from] Recoil\n|\n|upkeep\n|c|\u2606zTEDDYBEARx|y i think brave bird was normal not flying lol\n|c|\u2606continuumg|XD\n|\n|t:|1699907350\n|switch|p1a: Slowbro|Slowbro, M|100\/100\n|turn|6\n|c|\u2606zTEDDYBEARx|big dumb idiot i am\n|\n|t:|1699907368\n|switch|p2a: Empoleon|Empoleon, F|100\/100\n|move|p1a: Slowbro|Ice Beam|p2a: Empoleon\n|-resisted|p2a: Empoleon\n|-damage|p2a: Empoleon|95\/100\n|\n|-heal|p2a: Empoleon|100\/100|[from] item: Leftovers\n|upkeep\n|turn|7\n|inactive|continuumg has 90 seconds left.\n|\n|t:|1699907387\n|switch|p2a: Luxray|Luxray, M|100\/100\n|switch|p1a: Gyarados|Gyarados, M|100\/100\n|\n|-status|p2a: Luxray|brn|[from] item: Flame Orb\n|upkeep\n|turn|8\n|inactive|continuumg has 90 seconds left.\n|\n|t:|1699907421\n|move|p1a: Gyarados|Earthquake|p2a: Luxray\n|-supereffective|p2a: Luxray\n|-damage|p2a: Luxray|12\/100 brn\n|move|p2a: Luxray|Agility|p2a: Luxray\n|-boost|p2a: Luxray|spe|2\n|\n|-damage|p2a: Luxray|6\/100 brn|[from] brn\n|upkeep\n|turn|9\n|inactive|continuumg has 60 seconds left.\n|\n|t:|1699907442\n|switch|p1a: Slowbro|Slowbro, M|100\/100\n|move|p2a: Luxray|Facade|p1a: Slowbro\n|-damage|p1a: Slowbro|56\/100\n|\n|-heal|p1a: Slowbro|62\/100|[from] item: Leftovers\n|-damage|p2a: Luxray|0 fnt|[from] brn\n|faint|p2a: Luxray\n|upkeep\n|inactive|continuumg has 60 seconds left.\n|\n|t:|1699907453\n|switch|p2a: Rotom|Rotom-Heat|100\/100\n|turn|10\n|inactive|continuumg has 60 seconds left.\n|inactive|zTEDDYBEARx has 120 seconds left.\n|\n|t:|1699907482\n|move|p2a: Rotom|Volt Switch|p1a: Slowbro\n|-supereffective|p1a: Slowbro\n|-damage|p1a: Slowbro|0 fnt\n|faint|p1a: Slowbro\n|inactive|continuumg has 60 seconds left.\n|\n|t:|1699907489\n|switch|p2a: Staraptor|Staraptor, F|74\/100|[from] Volt Switch\n|\n|upkeep\n|inactive|zTEDDYBEARx has 120 seconds left.\n|\n|t:|1699907501\n|switch|p1a: Iron Jugulis|Iron Jugulis|100\/100\n|-enditem|p1a: Iron Jugulis|Booster Energy\n|-activate|p1a: Iron Jugulis|ability: Quark Drive|[fromitem]\n|-start|p1a: Iron Jugulis|quarkdrivespe\n|turn|11\n|inactive|zTEDDYBEARx has 120 seconds left.\n|c|\u2606continuumg|fast boi\n|inactive|continuumg has 60 seconds left.\n|\n|t:|1699907527\n|move|p1a: Iron Jugulis|Hurricane|p2a: Staraptor\n|-damage|p2a: Staraptor|0 fnt\n|faint|p2a: Staraptor\n|\n|upkeep\n|\n|t:|1699907542\n|switch|p2a: Infernape|Infernape, M|100\/100\n|turn|12\n|c|\u2606zTEDDYBEARx|hes my dragon counter usually\n|\n|t:|1699907560\n|move|p1a: Iron Jugulis|Earth Power|p2a: Infernape\n|-supereffective|p2a: Infernape\n|-damage|p2a: Infernape|12\/100\n|move|p2a: Infernape|Thunder Punch|p1a: Iron Jugulis\n|-supereffective|p1a: Iron Jugulis\n|-damage|p1a: Iron Jugulis|40\/100\n|\n|upkeep\n|turn|13\n|\n|t:|1699907574\n|switch|p2a: Rotom|Rotom-Heat|100\/100\n|move|p1a: Iron Jugulis|Dragon Pulse|p2a: Rotom\n|-damage|p2a: Rotom|70\/100\n|\n|upkeep\n|turn|14\n|\n|t:|1699907584\n|move|p1a: Iron Jugulis|Hurricane|p2a: Rotom|[miss]\n|-miss|p1a: Iron Jugulis|p2a: Rotom\n|move|p2a: Rotom|Volt Switch|p1a: Iron Jugulis\n|-supereffective|p1a: Iron Jugulis\n|-damage|p1a: Iron Jugulis|0 fnt\n|faint|p1a: Iron Jugulis\n|-end|p1a: Iron Jugulis|Quark Drive|[silent]\n|\n|t:|1699907588\n|switch|p2a: Infernape|Infernape, M|12\/100|[from] Volt Switch\n|\n|upkeep\n|\n|t:|1699907592\n|switch|p1a: Espeon|Espeon, F|100\/100\n|turn|15\n|\n|t:|1699907598\n|move|p1a: Espeon|Psychic|p2a: Infernape\n|-supereffective|p2a: Infernape\n|-damage|p2a: Infernape|0 fnt\n|faint|p2a: Infernape\n|\n|upkeep\n|\n|t:|1699907609\n|switch|p2a: Empoleon|Empoleon, F|100\/100\n|turn|16\n|\n|t:|1699907630\n|switch|p1a: Gyarados|Gyarados, M|100\/100\n|move|p2a: Empoleon|Agility|p2a: Empoleon\n|-boost|p2a: Empoleon|spe|2\n|\n|upkeep\n|turn|17\n|\n|t:|1699907642\n|move|p2a: Empoleon|Air Slash|p1a: Gyarados\n|-damage|p1a: Gyarados|74\/100\n|move|p1a: Gyarados|Earthquake|p2a: Empoleon\n|-supereffective|p2a: Empoleon\n|-damage|p2a: Empoleon|16\/100\n|\n|-heal|p2a: Empoleon|23\/100|[from] item: Leftovers\n|upkeep\n|turn|18\n|\n|t:|1699907666\n|-terastallize|p2a: Empoleon|Flying\n|move|p2a: Empoleon|Air Slash|p1a: Gyarados\n|-damage|p1a: Gyarados|36\/100\n|move|p1a: Gyarados|Dragon Dance|p1a: Gyarados\n|-boost|p1a: Gyarados|atk|1\n|-boost|p1a: Gyarados|spe|1\n|\n|-heal|p2a: Empoleon|29\/100|[from] item: Leftovers\n|upkeep\n|turn|19\n|\n|t:|1699907678\n|move|p2a: Empoleon|Air Slash|p1a: Gyarados\n|-damage|p1a: Gyarados|0 fnt\n|faint|p1a: Gyarados\n|\n|-heal|p2a: Empoleon|35\/100|[from] item: Leftovers\n|upkeep\n|\n|t:|1699907683\n|switch|p1a: Espeon|Espeon, F|100\/100\n|turn|20\n|c|\u2606zTEDDYBEARx|gg\n|\n|t:|1699907691\n|move|p2a: Empoleon|Air Slash|p1a: Espeon\n|-damage|p1a: Espeon|54\/100\n|move|p1a: Espeon|Power Gem|p2a: Empoleon\n|-supereffective|p2a: Empoleon\n|-damage|p2a: Empoleon|0 fnt\n|faint|p2a: Empoleon\n|\n|upkeep\n|\n|t:|1699907696\n|switch|p2a: Rotom|Rotom-Heat|70\/100\n|turn|21\n|c|\u2606zTEDDYBEARx|oh shit\n|\n|t:|1699907700\n|move|p1a: Espeon|Power Gem|p2a: Rotom\n|-supereffective|p2a: Rotom\n|-damage|p2a: Rotom|0 fnt\n|faint|p2a: Rotom\n|\n|win|zTEDDYBEARx\n|raw|zTEDDYBEARx's rating: 1204 &rarr; <strong>1228<\/strong><br \/>(+24 for winning)\n|raw|continuumg's rating: 1193 &rarr; <strong>1169<\/strong><br \/>(-24 for losing)\n|c|\u2606continuumg|gg\n","uploadtime":1699907719,"views":15,"p1id":"zteddybearx","p2id":"continuumg","formatid":"gen9ou","rating":1169,"private":0,"password":""}