{"id":"gen9ou-1998155901","p1":"Anfora34","p2":"Connor10YT","format":"[Gen 9] OU","log":"|j|\u2606Anfora34\n|j|\u2606Connor10YT\n|t:|1700902342\n|gametype|singles\n|player|p1|Anfora34|lucas|1253\n|player|p2|Connor10YT|cynthia|1191\n|teamsize|p1|6\n|teamsize|p2|6\n|gen|9\n|tier|[Gen 9] OU\n|rated|\n|rule|Sleep Clause Mod: Limit one foe put to sleep\n|rule|Species Clause: Limit one of each Pok\u00e9mon\n|rule|OHKO Clause: OHKO moves are banned\n|rule|Evasion Items Clause: Evasion items are banned\n|rule|Evasion Moves Clause: Evasion moves are banned\n|rule|Endless Battle Clause: Forcing endless battles is banned\n|rule|HP Percentage Mod: HP is shown in percentages\n|clearpoke\n|poke|p1|Garchomp, F|\n|poke|p1|Dondozo, M|\n|poke|p1|Mandibuzz, F|\n|poke|p1|Goodra-Hisui, F|\n|poke|p1|Rotom-Heat|\n|poke|p1|Leavanny, F|\n|poke|p2|Garchomp, M|\n|poke|p2|Hatterene, F|\n|poke|p2|Gholdengo|\n|poke|p2|Ting-Lu|\n|poke|p2|Toxapex, F|\n|poke|p2|Zapdos-Galar|\n|teampreview\n|c|\u2606Connor10YT|hello\n|c|\u2606Connor10YT|glhf\n|c|\u2606Anfora34|hi\n|\n|t:|1700902368\n|start\n|switch|p1a: Leavanny|Leavanny, F|100\/100\n|switch|p2a: Gholdengo|Gholdengo|100\/100\n|turn|1\n|\n|t:|1700902396\n|move|p2a: Gholdengo|Shadow Ball|p1a: Leavanny\n|-damage|p1a: Leavanny|39\/100\n|-unboost|p1a: Leavanny|spd|1\n|move|p1a: Leavanny|Knock Off|p2a: Gholdengo\n|-supereffective|p2a: Gholdengo\n|-damage|p2a: Gholdengo|30\/100\n|-enditem|p2a: Gholdengo|Choice Scarf|[from] move: Knock Off|[of] p1a: Leavanny\n|\n|upkeep\n|turn|2\n|inactive|Battle timer is ON: inactive players will automatically lose when time's up. (requested by Connor10YT)\n|\n|t:|1700902416\n|switch|p2a: Ting-Lu|Ting-Lu|100\/100\n|-ability|p2a: Ting-Lu|Vessel of Ruin\n|move|p1a: Leavanny|Sticky Web|p2a: Ting-Lu\n|-sidestart|p2: Connor10YT|move: Sticky Web\n|\n|upkeep\n|turn|3\n|\n|t:|1700902429\n|move|p1a: Leavanny|Lunge|p2a: Ting-Lu\n|-supereffective|p2a: Ting-Lu\n|-damage|p2a: Ting-Lu|60\/100\n|-unboost|p2a: Ting-Lu|atk|1\n|-damage|p1a: Leavanny|22\/100|[from] item: Rocky Helmet|[of] p2a: Ting-Lu\n|move|p2a: Ting-Lu|Stealth Rock|p1a: Leavanny\n|-sidestart|p1: Anfora34|move: Stealth Rock\n|\n|upkeep\n|turn|4\n|\n|t:|1700902443\n|switch|p1a: Mandibuzz|Mandibuzz, F|100\/100\n|move|p2a: Ting-Lu|Earthquake|p1a: Mandibuzz\n|-immune|p1a: Mandibuzz\n|\n|upkeep\n|turn|5\n|\n|t:|1700902447\n|move|p1a: Mandibuzz|Knock Off|p2a: Ting-Lu\n|-resisted|p2a: Ting-Lu\n|-damage|p2a: Ting-Lu|54\/100\n|-damage|p1a: Mandibuzz|84\/100|[from] item: Rocky Helmet|[of] p2a: Ting-Lu\n|-enditem|p2a: Ting-Lu|Rocky Helmet|[from] move: Knock Off|[of] p1a: Mandibuzz\n|move|p2a: Ting-Lu|Taunt|p1a: Mandibuzz\n|-start|p1a: Mandibuzz|move: Taunt\n|\n|upkeep\n|turn|6\n|\n|t:|1700902454\n|move|p1a: Mandibuzz|Knock Off|p2a: Ting-Lu\n|-resisted|p2a: Ting-Lu\n|-damage|p2a: Ting-Lu|49\/100\n|move|p2a: Ting-Lu|Ruination|p1a: Mandibuzz\n|-damage|p1a: Mandibuzz|42\/100\n|\n|upkeep\n|turn|7\n|\n|t:|1700902467\n|move|p1a: Mandibuzz|Knock Off|p2a: Ting-Lu\n|-resisted|p2a: Ting-Lu\n|-damage|p2a: Ting-Lu|45\/100\n|move|p2a: Ting-Lu|Ruination|p1a: Mandibuzz\n|-damage|p1a: Mandibuzz|22\/100\n|\n|upkeep\n|turn|8\n|\n|t:|1700902476\n|move|p1a: Mandibuzz|Knock Off|p2a: Ting-Lu\n|-resisted|p2a: Ting-Lu\n|-damage|p2a: Ting-Lu|41\/100\n|move|p2a: Ting-Lu|Taunt||[still]\n|-fail|p2a: Ting-Lu\n|\n|-end|p1a: Mandibuzz|move: Taunt\n|upkeep\n|turn|9\n|\n|t:|1700902480\n|move|p1a: Mandibuzz|Roost|p1a: Mandibuzz\n|-heal|p1a: Mandibuzz|72\/100\n|-singleturn|p1a: Mandibuzz|move: Roost\n|move|p2a: Ting-Lu|Taunt|p1a: Mandibuzz\n|-start|p1a: Mandibuzz|move: Taunt\n|\n|upkeep\n|turn|10\n|\n|t:|1700902485\n|move|p1a: Mandibuzz|Knock Off|p2a: Ting-Lu\n|-resisted|p2a: Ting-Lu\n|-damage|p2a: Ting-Lu|37\/100\n|move|p2a: Ting-Lu|Ruination|p1a: Mandibuzz\n|-damage|p1a: Mandibuzz|36\/100\n|\n|upkeep\n|turn|11\n|\n|t:|1700902496\n|switch|p2a: Dachomp|Garchomp, M, shiny|100\/100\n|-activate|p2a: Dachomp|move: Sticky Web\n|-unboost|p2a: Dachomp|spe|1\n|move|p1a: Mandibuzz|Knock Off|p2a: Dachomp\n|-damage|p2a: Dachomp|77\/100\n|-damage|p1a: Mandibuzz|24\/100|[from] ability: Rough Skin|[of] p2a: Dachomp\n|-enditem|p2a: Dachomp|Loaded Dice|[from] move: Knock Off|[of] p1a: Mandibuzz\n|\n|upkeep\n|turn|12\n|\n|t:|1700902506\n|move|p2a: Dachomp|Swords Dance|p2a: Dachomp\n|-boost|p2a: Dachomp|atk|2\n|move|p1a: Mandibuzz|Knock Off|p2a: Dachomp\n|-damage|p2a: Dachomp|62\/100\n|-damage|p1a: Mandibuzz|12\/100|[from] ability: Rough Skin|[of] p2a: Dachomp\n|\n|-end|p1a: Mandibuzz|move: Taunt\n|upkeep\n|turn|13\n|\n|t:|1700902511\n|move|p2a: Dachomp|Scale Shot|p1a: Mandibuzz\n|-damage|p1a: Mandibuzz|0 fnt\n|faint|p1a: Mandibuzz\n|-hitcount|p1: Mandibuzz|1\n|-unboost|p2a: Dachomp|def|1\n|-boost|p2a: Dachomp|spe|1\n|\n|upkeep\n|\n|t:|1700902514\n|switch|p1a: Dondozo|Dondozo, M|100\/100\n|-damage|p1a: Dondozo|88\/100|[from] Stealth Rock\n|turn|14\n|\n|t:|1700902526\n|switch|p2a: Toxapex|Toxapex, F|100\/100\n|move|p1a: Dondozo|Avalanche|p2a: Toxapex\n|-resisted|p2a: Toxapex\n|-damage|p2a: Toxapex|94\/100\n|\n|-heal|p1a: Dondozo|94\/100|[from] item: Leftovers\n|upkeep\n|turn|15\n|\n|t:|1700902532\n|switch|p1a: Goodra|Goodra-Hisui, F|100\/100\n|-damage|p1a: Goodra|94\/100|[from] Stealth Rock\n|move|p2a: Toxapex|Toxic|p1a: Goodra\n|-immune|p1a: Goodra\n|\n|-heal|p1a: Goodra|100\/100|[from] item: Leftovers\n|upkeep\n|turn|16\n|\n|t:|1700902552\n|switch|p2a: Ting-Lu|Ting-Lu|37\/100\n|-activate|p2a: Ting-Lu|move: Sticky Web\n|-unboost|p2a: Ting-Lu|spe|1\n|-ability|p2a: Ting-Lu|Vessel of Ruin\n|move|p1a: Goodra|Curse|p1a: Goodra\n|-unboost|p1a: Goodra|spe|1\n|-boost|p1a: Goodra|atk|1\n|-boost|p1a: Goodra|def|1\n|\n|upkeep\n|turn|17\n|\n|t:|1700902562\n|move|p2a: Ting-Lu|Taunt|p1a: Goodra\n|-start|p1a: Goodra|move: Taunt\n|cant|p1a: Goodra|move: Taunt|Curse\n|\n|upkeep\n|turn|18\n|\n|t:|1700902567\n|move|p2a: Ting-Lu|Ruination|p1a: Goodra\n|-damage|p1a: Goodra|50\/100\n|move|p1a: Goodra|Body Press|p2a: Ting-Lu\n|-supereffective|p2a: Ting-Lu\n|-damage|p2a: Ting-Lu|7\/100\n|\n|-heal|p1a: Goodra|57\/100|[from] item: Leftovers\n|upkeep\n|turn|19\n|\n|t:|1700902571\n|move|p2a: Ting-Lu|Ruination|p1a: Goodra\n|-damage|p1a: Goodra|29\/100\n|move|p1a: Goodra|Dragon Claw|p2a: Ting-Lu\n|-damage|p2a: Ting-Lu|0 fnt\n|faint|p2a: Ting-Lu\n|\n|-heal|p1a: Goodra|35\/100|[from] item: Leftovers\n|-end|p1a: Goodra|move: Taunt\n|upkeep\n|\n|t:|1700902583\n|switch|p2a: Zapdos|Zapdos-Galar, shiny|100\/100\n|turn|20\n|\n|t:|1700902594\n|move|p2a: Zapdos|Thunderous Kick|p1a: Goodra\n|-supereffective|p1a: Goodra\n|-damage|p1a: Goodra|0 fnt\n|faint|p1a: Goodra\n|\n|upkeep\n|\n|t:|1700902612\n|switch|p1a: Garchomp|Garchomp, F|100\/100\n|-damage|p1a: Garchomp|94\/100|[from] Stealth Rock\n|turn|21\n|\n|t:|1700902625\n|move|p2a: Zapdos|Thunderous Kick|p1a: Garchomp\n|-damage|p1a: Garchomp|48\/100\n|-unboost|p1a: Garchomp|def|1\n|-damage|p2a: Zapdos|88\/100|[from] ability: Rough Skin|[of] p1a: Garchomp\n|move|p1a: Garchomp|Swords Dance|p1a: Garchomp\n|-boost|p1a: Garchomp|atk|2\n|\n|upkeep\n|turn|22\n|\n|t:|1700902635\n|switch|p1a: Leavanny|Leavanny, F|22\/100\n|-damage|p1a: Leavanny|0 fnt|[from] Stealth Rock\n|faint|p1a: Leavanny\n|move|p2a: Zapdos|Thunderous Kick|p1: Leavanny|[notarget]\n|-fail|p2a: Zapdos\n|\n|upkeep\n|\n|t:|1700902640\n|switch|p1a: Dondozo|Dondozo, M|94\/100\n|-damage|p1a: Dondozo|82\/100|[from] Stealth Rock\n|turn|23\n|\n|t:|1700902647\n|switch|p2a: Gholdengo|Gholdengo|30\/100\n|-activate|p2a: Gholdengo|move: Sticky Web\n|-unboost|p2a: Gholdengo|spe|1\n|move|p1a: Dondozo|Yawn|p2a: Gholdengo\n|-immune|p2a: Gholdengo|[from] ability: Good as Gold\n|\n|-heal|p1a: Dondozo|88\/100|[from] item: Leftovers\n|upkeep\n|turn|24\n|\n|t:|1700902654\n|move|p2a: Gholdengo|Trick|p1a: Dondozo\n|-activate|p2a: Gholdengo|move: Trick|[of] p1a: Dondozo\n|-enditem|p1a: Dondozo|Leftovers|[silent]|[from] move: Trick\n|-item|p2a: Gholdengo|Leftovers|[from] move: Trick\n|move|p1a: Dondozo|Liquidation|p2a: Gholdengo\n|-damage|p2a: Gholdengo|0 fnt\n|faint|p2a: Gholdengo\n|\n|upkeep\n|\n|t:|1700902661\n|switch|p2a: Hatterene|Hatterene, F|100\/100\n|-activate|p2a: Hatterene|move: Sticky Web\n|-unboost|p2a: Hatterene|spe|1\n|turn|25\n|\n|t:|1700902667\n|move|p1a: Dondozo|Liquidation|p2a: Hatterene\n|-damage|p2a: Hatterene|59\/100\n|move|p2a: Hatterene|Draining Kiss|p1a: Dondozo\n|-damage|p1a: Dondozo|57\/100\n|-heal|p2a: Hatterene|99\/100|[from] drain|[of] p1a: Dondozo\n|\n|-heal|p2a: Hatterene|100\/100|[from] item: Leftovers\n|upkeep\n|turn|26\n|\n|t:|1700902675\n|move|p1a: Dondozo|Liquidation|p2a: Hatterene\n|-damage|p2a: Hatterene|52\/100\n|move|p2a: Hatterene|Nuzzle|p1a: Dondozo\n|-supereffective|p1a: Dondozo\n|-damage|p1a: Dondozo|53\/100\n|-status|p1a: Dondozo|par\n|\n|-heal|p2a: Hatterene|58\/100|[from] item: Leftovers\n|upkeep\n|turn|27\n|\n|t:|1700902693\n|move|p2a: Hatterene|Draining Kiss|p1a: Dondozo\n|-damage|p1a: Dondozo|24\/100 par\n|-heal|p2a: Hatterene|97\/100|[from] drain|[of] p1a: Dondozo\n|cant|p1a: Dondozo|par\n|\n|-heal|p2a: Hatterene|100\/100|[from] item: Leftovers\n|upkeep\n|turn|28\n|\n|t:|1700902704\n|move|p2a: Hatterene|Draining Kiss|p1a: Dondozo\n|-damage|p1a: Dondozo|0 fnt\n|faint|p1a: Dondozo\n|\n|upkeep\n|\n|t:|1700902713\n|switch|p1a: Garchomp|Garchomp, F|48\/100\n|-damage|p1a: Garchomp|42\/100|[from] Stealth Rock\n|turn|29\n|\n|t:|1700902719\n|move|p1a: Garchomp|Iron Head|p2a: Hatterene\n|-supereffective|p2a: Hatterene\n|-damage|p2a: Hatterene|36\/100\n|cant|p2a: Hatterene|flinch\n|\n|-heal|p2a: Hatterene|42\/100|[from] item: Leftovers\n|upkeep\n|turn|30\n|\n|t:|1700902725\n|switch|p2a: Toxapex|Toxapex, F|100\/100\n|move|p1a: Garchomp|Earthquake|p2a: Toxapex\n|-supereffective|p2a: Toxapex\n|-damage|p2a: Toxapex|25\/100\n|\n|upkeep\n|turn|31\n|\n|t:|1700902733\n|move|p1a: Garchomp|Scale Shot|p2a: Toxapex\n|-damage|p2a: Toxapex|15\/100\n|-damage|p2a: Toxapex|5\/100\n|-damage|p2a: Toxapex|0 fnt\n|faint|p2a: Toxapex\n|-hitcount|p2: Toxapex|3\n|-unboost|p1a: Garchomp|def|1\n|-boost|p1a: Garchomp|spe|1\n|\n|upkeep\n|\n|t:|1700902738\n|switch|p2a: Zapdos|Zapdos-Galar, shiny|88\/100\n|turn|32\n|\n|t:|1700902745\n|move|p1a: Garchomp|Scale Shot|p2a: Zapdos\n|-damage|p2a: Zapdos|74\/100\n|-damage|p2a: Zapdos|58\/100\n|-damage|p2a: Zapdos|42\/100\n|-damage|p2a: Zapdos|27\/100\n|-damage|p2a: Zapdos|11\/100\n|-hitcount|p2a: Zapdos|5\n|-unboost|p1a: Garchomp|def|1\n|-boost|p1a: Garchomp|spe|1\n|move|p2a: Zapdos|Thunderous Kick|p1a: Garchomp\n|-damage|p1a: Garchomp|0 fnt\n|-damage|p2a: Zapdos|0 fnt|[from] ability: Rough Skin|[of] p1a: Garchomp\n|faint|p1a: Garchomp\n|faint|p2a: Zapdos\n|\n|upkeep\n|\n|t:|1700902754\n|switch|p1a: Rotom|Rotom-Heat|100\/100\n|switch|p2a: Dachomp|Garchomp, M, shiny|62\/100\n|-activate|p2a: Dachomp|move: Sticky Web\n|-unboost|p2a: Dachomp|spe|1\n|-damage|p1a: Rotom|76\/100|[from] Stealth Rock\n|turn|33\n|\n|t:|1700902762\n|move|p1a: Rotom|Trick|p2a: Dachomp\n|-activate|p1a: Rotom|move: Trick|[of] p2a: Dachomp\n|-item|p2a: Dachomp|Choice Specs|[from] move: Trick\n|-enditem|p1a: Rotom|Choice Specs|[silent]|[from] move: Trick\n|move|p2a: Dachomp|Scale Shot|p1a: Rotom\n|-damage|p1a: Rotom|58\/100\n|-damage|p1a: Rotom|39\/100\n|-hitcount|p1a: Rotom|2\n|-unboost|p2a: Dachomp|def|1\n|-boost|p2a: Dachomp|spe|1\n|\n|upkeep\n|turn|34\n|\n|t:|1700902774\n|move|p2a: Dachomp|Scale Shot|p1a: Rotom|[miss]\n|-miss|p2a: Dachomp|p1a: Rotom\n|move|p1a: Rotom|Will-O-Wisp|p2a: Dachomp\n|-status|p2a: Dachomp|brn\n|\n|-damage|p2a: Dachomp|55\/100 brn|[from] brn\n|upkeep\n|turn|35\n|\n|t:|1700902786\n|move|p2a: Dachomp|Scale Shot|p1a: Rotom\n|-damage|p1a: Rotom|30\/100\n|-damage|p1a: Rotom|21\/100\n|-hitcount|p1a: Rotom|2\n|-unboost|p2a: Dachomp|def|1\n|-boost|p2a: Dachomp|spe|1\n|move|p1a: Rotom|Trick|p2a: Dachomp\n|-activate|p1a: Rotom|move: Trick|[of] p2a: Dachomp\n|-enditem|p2a: Dachomp|Choice Specs|[silent]|[from] move: Trick\n|-item|p1a: Rotom|Choice Specs|[from] move: Trick\n|\n|-damage|p2a: Dachomp|49\/100 brn|[from] brn\n|upkeep\n|turn|36\n|c|\u2606Anfora34|gg\n|c|\u2606Connor10YT|gg\n|\n|t:|1700902804\n|move|p2a: Dachomp|Scale Shot|p1a: Rotom\n|-damage|p1a: Rotom|13\/100\n|-damage|p1a: Rotom|4\/100\n|-hitcount|p1a: Rotom|2\n|-unboost|p2a: Dachomp|def|1\n|-boost|p2a: Dachomp|spe|1\n|move|p1a: Rotom|Overheat|p2a: Dachomp\n|-resisted|p2a: Dachomp\n|-damage|p2a: Dachomp|0 fnt\n|-unboost|p1a: Rotom|spa|2\n|faint|p2a: Dachomp\n|\n|upkeep\n|c|\u2606Anfora34|OH MY\n|\n|t:|1700902813\n|switch|p2a: Hatterene|Hatterene, F|42\/100\n|-activate|p2a: Hatterene|move: Sticky Web\n|-unboost|p2a: Hatterene|spe|1\n|turn|37\n|\n|t:|1700902820\n|-terastallize|p2a: Hatterene|Fairy\n|move|p1a: Rotom|Overheat|p2a: Hatterene\n|-damage|p2a: Hatterene|0 fnt\n|-unboost|p1a: Rotom|spa|2\n|faint|p2a: Hatterene\n|\n|win|Anfora34\n|raw|Anfora34's rating: 1253 &rarr; <strong>1274<\/strong><br \/>(+21 for winning)\n|raw|Connor10YT's rating: 1191 &rarr; <strong>1170<\/strong><br \/>(-21 for losing)\n|c|\u2606Anfora34|DAAAAMN\n|c|\u2606Anfora34|GG\n|c|\u2606Connor10YT|wtf\n|c|\u2606Anfora34|wow\n|c|\u2606Anfora34|i mean\n|c|\u2606Anfora34|wow ahahaahah\n|l|\u2606Connor10YT\n","uploadtime":1700902875,"views":3,"p1id":"anfora34","p2id":"connor10yt","formatid":"gen9ou","rating":1170,"private":0,"password":""}