{"id":"gen9ou-1995888889","p1":"GoTE Heartless","p2":"GrapeLemon","format":"[Gen 9] OU","log":"|j|\u2606GoTE Heartless\n|j|\u2606GrapeLemon\n|t:|1700613919\n|gametype|singles\n|player|p1|GoTE Heartless|guzma|1413\n|player|p2|GrapeLemon|crasherwake|1317\n|teamsize|p1|6\n|teamsize|p2|6\n|gen|9\n|tier|[Gen 9] OU\n|rated|\n|rule|Sleep Clause Mod: Limit one foe put to sleep\n|rule|Species Clause: Limit one of each Pok\u00e9mon\n|rule|OHKO Clause: OHKO moves are banned\n|rule|Evasion Items Clause: Evasion items are banned\n|rule|Evasion Moves Clause: Evasion moves are banned\n|rule|Endless Battle Clause: Forcing endless battles is banned\n|rule|HP Percentage Mod: HP is shown in percentages\n|clearpoke\n|poke|p1|Conkeldurr, F|\n|poke|p1|Gholdengo|\n|poke|p1|Rillaboom, M|\n|poke|p1|Cinderace, F|\n|poke|p1|Gardevoir, M|\n|poke|p1|Greninja-*, M|\n|poke|p2|Garchomp, M|\n|poke|p2|Kingambit, M|\n|poke|p2|Zapdos|\n|poke|p2|Samurott-Hisui, M|\n|poke|p2|Cinderace, M|\n|poke|p2|Gholdengo|\n|teampreview\n|inactive|Battle timer is ON: inactive players will automatically lose when time's up. (requested by GoTE Heartless)\n|\n|t:|1700613928\n|start\n|switch|p1a: Rillaboom|Rillaboom, M|100\/100\n|switch|p2a: Zapdos|Zapdos|100\/100\n|-fieldstart|move: Grassy Terrain|[from] ability: Grassy Surge|[of] p1a: Rillaboom\n|turn|1\n|\n|t:|1700613937\n|switch|p1a: Gholdengo|Gholdengo|100\/100\n|-item|p1a: Gholdengo|Air Balloon\n|move|p2a: Zapdos|Hurricane|p1a: Gholdengo\n|-resisted|p1a: Gholdengo\n|-damage|p1a: Gholdengo|74\/100\n|-enditem|p1a: Gholdengo|Air Balloon\n|\n|-heal|p1a: Gholdengo|80\/100|[from] Grassy Terrain\n|upkeep\n|turn|2\n|\n|t:|1700613945\n|switch|p1a: Gardevoir|Gardevoir, M|100\/100\n|-ability|p1a: Gardevoir|Static|[from] ability: Trace|[of] p2a: Zapdos\n|move|p2a: Zapdos|Heat Wave|p1a: Gardevoir\n|-damage|p1a: Gardevoir|71\/100\n|\n|-heal|p1a: Gardevoir|77\/100|[from] Grassy Terrain\n|upkeep\n|turn|3\n|\n|t:|1700613958\n|move|p1a: Gardevoir|Moonblast|p2a: Zapdos\n|-damage|p2a: Zapdos|79\/100\n|-unboost|p2a: Zapdos|spa|1\n|move|p2a: Zapdos|Discharge|p1a: Gardevoir\n|-damage|p1a: Gardevoir|54\/100\n|-status|p1a: Gardevoir|par\n|\n|-heal|p1a: Gardevoir|60\/100 par|[from] Grassy Terrain\n|upkeep\n|turn|4\n|\n|t:|1700613965\n|move|p2a: Zapdos|Discharge|p1a: Gardevoir\n|-crit|p1a: Gardevoir\n|-damage|p1a: Gardevoir|4\/100 par\n|move|p1a: Gardevoir|Moonblast|p2a: Zapdos\n|-damage|p2a: Zapdos|58\/100\n|-unboost|p2a: Zapdos|spa|1\n|\n|-heal|p1a: Gardevoir|11\/100 par|[from] Grassy Terrain\n|upkeep\n|turn|5\n|\n|t:|1700613972\n|move|p2a: Zapdos|Discharge|p1a: Gardevoir\n|-damage|p1a: Gardevoir|0 fnt\n|faint|p1a: Gardevoir\n|\n|-fieldend|move: Grassy Terrain\n|upkeep\n|\n|t:|1700613978\n|switch|p1a: Greninja|Greninja, M|100\/100\n|turn|6\n|\n|t:|1700613981\n|move|p1a: Greninja|Ice Beam|p2a: Zapdos\n|-supereffective|p2a: Zapdos\n|-damage|p2a: Zapdos|23\/100\n|-status|p2a: Zapdos|frz\n|-damage|p1a: Greninja|91\/100|[from] item: Life Orb\n|cant|p2a: Zapdos|frz\n|\n|upkeep\n|turn|7\n|\n|t:|1700613989\n|move|p1a: Greninja|Surf|p2a: Zapdos\n|-damage|p2a: Zapdos|0 fnt\n|faint|p2a: Zapdos\n|-ability|p1a: Greninja|Battle Bond|boost\n|-boost|p1a: Greninja|atk|1\n|-boost|p1a: Greninja|spa|1\n|-boost|p1a: Greninja|spe|1\n|-activate|p1a: Greninja|ability: Battle Bond\n|-damage|p1a: Greninja|81\/100|[from] item: Life Orb\n|\n|upkeep\n|\n|t:|1700613992\n|switch|p2a: Samurott|Samurott-Hisui, M|100\/100\n|turn|8\n|\n|t:|1700613995\n|move|p1a: Greninja|Grass Knot|p2a: Samurott\n|-supereffective|p2a: Samurott\n|-damage|p2a: Samurott|0 fnt\n|faint|p2a: Samurott\n|-damage|p1a: Greninja|71\/100|[from] item: Life Orb\n|\n|upkeep\n|\n|t:|1700613998\n|switch|p2a: Gholdengo|Gholdengo|100\/100\n|turn|9\n|\n|t:|1700614002\n|-terastallize|p1a: Greninja|Water\n|-terastallize|p2a: Gholdengo|Bug\n|move|p1a: Greninja|Surf|p2a: Gholdengo\n|-damage|p2a: Gholdengo|0 fnt\n|faint|p2a: Gholdengo\n|-damage|p1a: Greninja|61\/100|[from] item: Life Orb\n|\n|upkeep\n|\n|t:|1700614008\n|switch|p2a: Cinderace|Cinderace, M|100\/100\n|turn|10\n|\n|t:|1700614011\n|move|p1a: Greninja|Water Shuriken|p2a: Cinderace\n|-supereffective|p2a: Cinderace\n|-damage|p2a: Cinderace|43\/100\n|-supereffective|p2a: Cinderace\n|-damage|p2a: Cinderace|0 fnt\n|faint|p2a: Cinderace\n|-hitcount|p2: Cinderace|2\n|-damage|p1a: Greninja|51\/100|[from] item: Life Orb\n|\n|upkeep\n|\n|t:|1700614014\n|switch|p2a: Garchomp|Garchomp, M|100\/100\n|turn|11\n|\n|t:|1700614018\n|move|p1a: Greninja|Ice Beam|p2a: Garchomp\n|-supereffective|p2a: Garchomp\n|-damage|p2a: Garchomp|0 fnt\n|faint|p2a: Garchomp\n|-damage|p1a: Greninja|42\/100|[from] item: Life Orb\n|\n|upkeep\n|-message|GrapeLemon forfeited.\n|\n|win|GoTE Heartless\n|raw|GoTE Heartless's rating: 1413 &rarr; <strong>1428<\/strong><br \/>(+15 for winning)\n|raw|GrapeLemon's rating: 1317 &rarr; <strong>1302<\/strong><br \/>(-15 for losing)\n|l|\u2606GrapeLemon\n","uploadtime":1700614034,"views":10,"p1id":"goteheartless","p2id":"grapelemon","formatid":"gen9ou","rating":1302,"private":0,"password":""}