{"id":"gen9ou-1994514200","p1":"Adil","p2":"Eucalipto69!","format":"[Gen 9] OU","log":"|j|\u2606Adil\n|j|\u2606Eucalipto69!\n|t:|1700453049\n|gametype|singles\n|player|p1|Adil|169|1576\n|player|p2|Eucalipto69!|alder|1574\n|teamsize|p1|6\n|teamsize|p2|6\n|gen|9\n|tier|[Gen 9] OU\n|rated|\n|rule|Sleep Clause Mod: Limit one foe put to sleep\n|rule|Species Clause: Limit one of each Pok\u00e9mon\n|rule|OHKO Clause: OHKO moves are banned\n|rule|Evasion Items Clause: Evasion items are banned\n|rule|Evasion Moves Clause: Evasion moves are banned\n|rule|Endless Battle Clause: Forcing endless battles is banned\n|rule|HP Percentage Mod: HP is shown in percentages\n|clearpoke\n|poke|p1|Walking Wake|\n|poke|p1|Torkoal, M|\n|poke|p1|Great Tusk|\n|poke|p1|Cinderace, F|\n|poke|p1|Ting-Lu|\n|poke|p1|Gholdengo|\n|poke|p2|Scizor, M|\n|poke|p2|Dragapult, F|\n|poke|p2|Kilowattrel, F|\n|poke|p2|Samurott-Hisui, F|\n|poke|p2|Great Tusk|\n|poke|p2|Ogerpon-Cornerstone, F|\n|teampreview\n|inactive|Battle timer is ON: inactive players will automatically lose when time's up. (requested by Eucalipto69!)\n|inactive|Adil has 120 seconds left.\n|inactive|Adil has 90 seconds left.\n|inactive|Adil has 60 seconds left.\n|inactive|Adil has 30 seconds left.\n|inactive|Adil has 20 seconds left.\n|\n|t:|1700453196\n|start\n|switch|p1a: Torkoal|Torkoal, M|100\/100\n|switch|p2a: Dragapult|Dragapult, F|100\/100\n|-weather|SunnyDay|[from] ability: Drought|[of] p1a: Torkoal\n|turn|1\n|\n|t:|1700453202\n|switch|p1a: Ting-Lu|Ting-Lu|100\/100\n|-ability|p1a: Ting-Lu|Vessel of Ruin\n|move|p2a: Dragapult|Dragon Darts|p1a: Ting-Lu\n|-damage|p1a: Ting-Lu|89\/100\n|-anim|p2a: Dragapult|Dragon Darts|p1a: Ting-Lu\n|-damage|p1a: Ting-Lu|79\/100\n|\n|-weather|SunnyDay|[upkeep]\n|-heal|p1a: Ting-Lu|85\/100|[from] item: Leftovers\n|upkeep\n|turn|2\n|inactive|Adil has 90 seconds left.\n|\n|t:|1700453218\n|switch|p1a: Torkoal|Torkoal, M|100\/100\n|move|p2a: Dragapult|Will-O-Wisp|p1a: Torkoal|[miss]\n|-miss|p2a: Dragapult|p1a: Torkoal\n|\n|-weather|SunnyDay|[upkeep]\n|upkeep\n|turn|3\n|\n|t:|1700453225\n|move|p2a: Dragapult|Hex|p1a: Torkoal\n|-damage|p1a: Torkoal|62\/100\n|move|p1a: Torkoal|Stealth Rock|p2a: Dragapult\n|-sidestart|p2: Eucalipto69!|move: Stealth Rock\n|\n|-weather|SunnyDay|[upkeep]\n|upkeep\n|turn|4\n|\n|t:|1700453232\n|switch|p1a: Ting-Lu|Ting-Lu|85\/100\n|-ability|p1a: Ting-Lu|Vessel of Ruin\n|move|p2a: Dragapult|Hex|p1a: Ting-Lu\n|-resisted|p1a: Ting-Lu\n|-damage|p1a: Ting-Lu|79\/100\n|\n|-weather|SunnyDay|[upkeep]\n|-heal|p1a: Ting-Lu|86\/100|[from] item: Leftovers\n|upkeep\n|turn|5\n|\n|t:|1700453242\n|move|p2a: Dragapult|Will-O-Wisp|p1a: Ting-Lu\n|-status|p1a: Ting-Lu|brn\n|move|p1a: Ting-Lu|Spikes|p2a: Dragapult\n|-sidestart|p2: Eucalipto69!|Spikes\n|\n|-weather|SunnyDay|[upkeep]\n|-heal|p1a: Ting-Lu|92\/100 brn|[from] item: Leftovers\n|-damage|p1a: Ting-Lu|86\/100 brn|[from] brn\n|upkeep\n|turn|6\n|\n|t:|1700453254\n|switch|p2a: Scizor|Scizor, M|100\/100\n|move|p1a: Ting-Lu|Spikes|p2a: Scizor\n|-sidestart|p2: Eucalipto69!|Spikes\n|\n|-weather|SunnyDay|[upkeep]\n|-heal|p1a: Ting-Lu|92\/100 brn|[from] item: Leftovers\n|-damage|p1a: Ting-Lu|86\/100 brn|[from] brn\n|upkeep\n|turn|7\n|\n|t:|1700453271\n|switch|p1a: Cinderace|Cinderace, F|100\/100\n|move|p2a: Scizor|Knock Off|p1a: Cinderace\n|-damage|p1a: Cinderace|49\/100\n|-enditem|p1a: Cinderace|Heavy-Duty Boots|[from] move: Knock Off|[of] p2a: Scizor\n|\n|-weather|SunnyDay|[upkeep]\n|upkeep\n|turn|8\n|\n|t:|1700453282\n|switch|p2a: Great Tusk|Great Tusk|100\/100\n|-damage|p2a: Great Tusk|98\/100|[from] Stealth Rock\n|-damage|p2a: Great Tusk|81\/100|[from] Spikes\n|-activate|p2a: Great Tusk|ability: Protosynthesis\n|-start|p2a: Great Tusk|protosynthesisdef\n|move|p1a: Cinderace|Pyro Ball|p2a: Great Tusk|[miss]\n|-miss|p1a: Cinderace|p2a: Great Tusk\n|\n|-weather|none\n|-end|p2a: Great Tusk|Protosynthesis\n|upkeep\n|turn|9\n|\n|t:|1700453291\n|move|p1a: Cinderace|U-turn|p2a: Great Tusk\n|-start|p1a: Cinderace|typechange|Bug|[from] ability: Libero\n|-resisted|p2a: Great Tusk\n|-damage|p2a: Great Tusk|73\/100\n|-damage|p1a: Cinderace|33\/100|[from] item: Rocky Helmet|[of] p2a: Great Tusk\n|\n|t:|1700453293\n|switch|p1a: Gholdengo|Gholdengo|100\/100|[from] U-turn\n|-item|p1a: Gholdengo|Air Balloon\n|move|p2a: Great Tusk|Stealth Rock|p1a: Gholdengo\n|-sidestart|p1: Adil|move: Stealth Rock\n|\n|upkeep\n|turn|10\n|\n|t:|1700453305\n|-end|p2a: Great Tusk|Protosynthesis|[silent]\n|switch|p2a: Samurott|Samurott-Hisui, F, shiny|100\/100\n|-damage|p2a: Samurott|88\/100|[from] Stealth Rock\n|-damage|p2a: Samurott|71\/100|[from] Spikes\n|move|p1a: Gholdengo|Make It Rain|p2a: Samurott\n|-resisted|p2a: Samurott\n|-damage|p2a: Samurott|44\/100\n|-unboost|p1a: Gholdengo|spa|1\n|\n|upkeep\n|turn|11\n|\n|t:|1700453320\n|switch|p1a: Ting-Lu|Ting-Lu|86\/100 brn\n|-damage|p1a: Ting-Lu|79\/100 brn|[from] Stealth Rock\n|-ability|p1a: Ting-Lu|Vessel of Ruin\n|move|p2a: Samurott|Aqua Cutter|p1a: Ting-Lu\n|-supereffective|p1a: Ting-Lu\n|-damage|p1a: Ting-Lu|21\/100 brn\n|\n|-heal|p1a: Ting-Lu|27\/100 brn|[from] item: Leftovers\n|-damage|p1a: Ting-Lu|21\/100 brn|[from] brn\n|upkeep\n|turn|12\n|\n|t:|1700453329\n|move|p2a: Samurott|Sacred Sword|p1a: Ting-Lu\n|-supereffective|p1a: Ting-Lu\n|-damage|p1a: Ting-Lu|0 fnt\n|faint|p1a: Ting-Lu\n|\n|upkeep\n|\n|t:|1700453338\n|switch|p1a: Walking Wake|Walking Wake|100\/100\n|-damage|p1a: Walking Wake|88\/100|[from] Stealth Rock\n|turn|13\n|\n|t:|1700453348\n|move|p1a: Walking Wake|Dragon Pulse|p2a: Samurott\n|-damage|p2a: Samurott|0 fnt\n|faint|p2a: Samurott\n|\n|upkeep\n|\n|t:|1700453354\n|switch|p2a: Scizor|Scizor, M|100\/100\n|turn|14\n|\n|t:|1700453357\n|-end|p1a: Walking Wake|Protosynthesis|[silent]\n|switch|p1a: Torkoal|Torkoal, M|62\/100\n|-damage|p1a: Torkoal|37\/100|[from] Stealth Rock\n|-weather|SunnyDay|[from] ability: Drought|[of] p1a: Torkoal\n|move|p2a: Scizor|Defog|p1a: Torkoal\n|-unboost|p1a: Torkoal|evasion|1\n|-sideend|p1: Adil|Stealth Rock|[from] move: Defog|[of] p2a: Scizor\n|-sideend|p2: Eucalipto69!|Spikes|[from] move: Defog|[of] p2a: Scizor\n|-sideend|p2: Eucalipto69!|Stealth Rock|[from] move: Defog|[of] p2a: Scizor\n|\n|-weather|SunnyDay|[upkeep]\n|upkeep\n|turn|15\n|\n|t:|1700453366\n|move|p2a: Scizor|U-turn|p1a: Torkoal\n|-resisted|p1a: Torkoal\n|-damage|p1a: Torkoal|26\/100\n|\n|t:|1700453369\n|switch|p2a: Dragapult|Dragapult, F|100\/100|[from] U-turn\n|move|p1a: Torkoal|Yawn|p2a: Dragapult\n|-start|p2a: Dragapult|move: Yawn|[of] p1a: Torkoal\n|\n|-weather|SunnyDay|[upkeep]\n|upkeep\n|turn|16\n|\n|t:|1700453387\n|switch|p2a: Great Tusk|Great Tusk|73\/100\n|-activate|p2a: Great Tusk|ability: Protosynthesis\n|-start|p2a: Great Tusk|protosynthesisdef\n|move|p1a: Torkoal|Stealth Rock|p2a: Great Tusk\n|-sidestart|p2: Eucalipto69!|move: Stealth Rock\n|\n|-weather|SunnyDay|[upkeep]\n|upkeep\n|turn|17\n|\n|t:|1700453393\n|switch|p1a: Walking Wake|Walking Wake|88\/100\n|-activate|p1a: Walking Wake|ability: Protosynthesis\n|-start|p1a: Walking Wake|protosynthesisspe\n|move|p2a: Great Tusk|Ice Spinner|p1a: Walking Wake\n|-damage|p1a: Walking Wake|65\/100\n|\n|-weather|SunnyDay|[upkeep]\n|upkeep\n|turn|18\n|\n|t:|1700453407\n|move|p1a: Walking Wake|Hydro Steam|p2a: Great Tusk\n|-supereffective|p2a: Great Tusk\n|-damage|p2a: Great Tusk|0 fnt\n|faint|p2a: Great Tusk\n|-end|p2a: Great Tusk|Protosynthesis|[silent]\n|\n|-weather|SunnyDay|[upkeep]\n|upkeep\n|\n|t:|1700453409\n|switch|p2a: Dragapult|Dragapult, F|100\/100\n|-damage|p2a: Dragapult|88\/100|[from] Stealth Rock\n|turn|19\n|\n|t:|1700453418\n|-end|p1a: Walking Wake|Protosynthesis|[silent]\n|switch|p1a: Gholdengo|Gholdengo|100\/100\n|-item|p1a: Gholdengo|Air Balloon\n|move|p2a: Dragapult|Dragon Darts|p1a: Gholdengo\n|-resisted|p1a: Gholdengo\n|-damage|p1a: Gholdengo|89\/100\n|-enditem|p1a: Gholdengo|Air Balloon\n|-anim|p2a: Dragapult|Dragon Darts|p1a: Gholdengo\n|-resisted|p1a: Gholdengo\n|-damage|p1a: Gholdengo|78\/100\n|\n|-weather|SunnyDay|[upkeep]\n|-heal|p2a: Dragapult|94\/100|[from] item: Leftovers\n|upkeep\n|turn|20\n|\n|t:|1700453425\n|-terastallize|p2a: Dragapult|Water\n|move|p2a: Dragapult|Hex|p1a: Gholdengo\n|-supereffective|p1a: Gholdengo\n|-damage|p1a: Gholdengo|9\/100\n|move|p1a: Gholdengo|Shadow Ball|p2a: Dragapult\n|-damage|p2a: Dragapult|31\/100\n|\n|-weather|SunnyDay|[upkeep]\n|-heal|p2a: Dragapult|37\/100|[from] item: Leftovers\n|upkeep\n|turn|21\n|\n|t:|1700453432\n|move|p2a: Dragapult|Dragon Darts|p1a: Gholdengo\n|-resisted|p1a: Gholdengo\n|-damage|p1a: Gholdengo|0 fnt\n|faint|p1a: Gholdengo\n|\n|-weather|none\n|-heal|p2a: Dragapult|43\/100|[from] item: Leftovers\n|upkeep\n|\n|t:|1700453434\n|switch|p1a: Torkoal|Torkoal, M|26\/100\n|-weather|SunnyDay|[from] ability: Drought|[of] p1a: Torkoal\n|turn|22\n|\n|t:|1700453440\n|move|p2a: Dragapult|Dragon Darts|p1a: Torkoal\n|-damage|p1a: Torkoal|15\/100\n|-anim|p2a: Dragapult|Dragon Darts|p1a: Torkoal\n|-damage|p1a: Torkoal|5\/100\n|move|p1a: Torkoal|Yawn|p2a: Dragapult\n|-start|p2a: Dragapult|move: Yawn|[of] p1a: Torkoal\n|\n|-weather|SunnyDay|[upkeep]\n|-heal|p2a: Dragapult|49\/100|[from] item: Leftovers\n|upkeep\n|turn|23\n|\n|t:|1700453469\n|switch|p2a: Ogerpon|Ogerpon-Cornerstone, F|100\/100\n|-damage|p2a: Ogerpon|88\/100|[from] Stealth Rock\n|move|p1a: Torkoal|Flamethrower|p2a: Ogerpon\n|-damage|p2a: Ogerpon|42\/100\n|\n|-weather|SunnyDay|[upkeep]\n|upkeep\n|turn|24\n|\n|t:|1700453478\n|move|p2a: Ogerpon|Horn Leech|p1a: Torkoal\n|-resisted|p1a: Torkoal\n|-damage|p1a: Torkoal|0 fnt\n|-heal|p2a: Ogerpon|44\/100|[from] drain|[of] p1a: Torkoal\n|faint|p1a: Torkoal\n|\n|-weather|SunnyDay|[upkeep]\n|upkeep\n|\n|t:|1700453480\n|switch|p1a: Walking Wake|Walking Wake|65\/100\n|-activate|p1a: Walking Wake|ability: Protosynthesis\n|-start|p1a: Walking Wake|protosynthesisspe\n|turn|25\n|\n|t:|1700453491\n|move|p1a: Walking Wake|Hydro Steam|p2a: Ogerpon\n|-damage|p2a: Ogerpon|0 fnt\n|faint|p2a: Ogerpon\n|\n|-weather|SunnyDay|[upkeep]\n|upkeep\n|\n|t:|1700453511\n|switch|p2a: Scizor|Scizor, M|100\/100\n|turn|26\n|\n|t:|1700453515\n|-terastallize|p1a: Walking Wake|Water\n|move|p2a: Scizor|Bullet Punch|p1a: Walking Wake\n|-resisted|p1a: Walking Wake\n|-damage|p1a: Walking Wake|47\/100\n|move|p1a: Walking Wake|Hydro Steam|p2a: Scizor\n|-damage|p2a: Scizor|0 fnt\n|faint|p2a: Scizor\n|\n|-weather|SunnyDay|[upkeep]\n|upkeep\n|\n|t:|1700453524\n|switch|p2a: Kilowattrel|Kilowattrel, F|100\/100\n|-damage|p2a: Kilowattrel|76\/100|[from] Stealth Rock\n|turn|27\n|\n|t:|1700453530\n|move|p2a: Kilowattrel|Thunderbolt|p1a: Walking Wake\n|-supereffective|p1a: Walking Wake\n|-damage|p1a: Walking Wake|0 fnt\n|faint|p1a: Walking Wake\n|-end|p1a: Walking Wake|Protosynthesis|[silent]\n|\n|-weather|SunnyDay|[upkeep]\n|upkeep\n|\n|t:|1700453540\n|switch|p1a: Great Tusk|Great Tusk|100\/100\n|-activate|p1a: Great Tusk|ability: Protosynthesis\n|-start|p1a: Great Tusk|protosynthesisspe\n|turn|28\n|\n|t:|1700453545\n|switch|p2a: Dragapult|Dragapult, F, tera:Water|49\/100\n|-damage|p2a: Dragapult|37\/100|[from] Stealth Rock\n|move|p1a: Great Tusk|Ice Spinner|p2a: Dragapult\n|-resisted|p2a: Dragapult\n|-damage|p2a: Dragapult|13\/100\n|\n|-weather|SunnyDay|[upkeep]\n|-heal|p2a: Dragapult|19\/100|[from] item: Leftovers\n|upkeep\n|turn|29\n|\n|t:|1700453561\n|move|p1a: Great Tusk|Ice Spinner|p2a: Dragapult\n|-resisted|p2a: Dragapult\n|-damage|p2a: Dragapult|0 fnt\n|faint|p2a: Dragapult\n|\n|-weather|none\n|-end|p1a: Great Tusk|Protosynthesis\n|upkeep\n|\n|t:|1700453563\n|switch|p2a: Kilowattrel|Kilowattrel, F|76\/100\n|-damage|p2a: Kilowattrel|51\/100|[from] Stealth Rock\n|turn|30\n|\n|t:|1700453566\n|move|p2a: Kilowattrel|Air Slash|p1a: Great Tusk\n|-supereffective|p1a: Great Tusk\n|-damage|p1a: Great Tusk|14\/100\n|cant|p1a: Great Tusk|flinch\n|\n|upkeep\n|turn|31\n|\n|t:|1700453571\n|move|p2a: Kilowattrel|Air Slash|p1a: Great Tusk\n|-supereffective|p1a: Great Tusk\n|-damage|p1a: Great Tusk|0 fnt\n|faint|p1a: Great Tusk\n|-end|p1a: Great Tusk|Protosynthesis|[silent]\n|\n|upkeep\n|\n|t:|1700453572\n|switch|p1a: Cinderace|Cinderace, F|33\/100\n|turn|32\n|\n|t:|1700453574\n|move|p2a: Kilowattrel|Air Slash|p1a: Cinderace\n|-damage|p1a: Cinderace|0 fnt\n|faint|p1a: Cinderace\n|\n|win|Eucalipto69!\n|raw|Adil's rating: 1551 &rarr; <strong>1532<\/strong><br \/>(-19 for losing)\n|raw|Eucalipto69!'s rating: 1574 &rarr; <strong>1593<\/strong><br \/>(+19 for winning)\n|l|\u2606Adil\n","uploadtime":1700453586,"views":17,"p1id":"adil","p2id":"eucalipto69","formatid":"gen9ou","rating":1532,"private":0,"password":""}