{"id":"gen9ou-1999630473","p1":"brownboy_blackbelt","p2":"JR79","format":"[Gen 9] OU","log":"|j|\u2606brownboy_blackbelt\n|j|\u2606JR79\n|t:|1701102797\n|gametype|singles\n|player|p1|brownboy_blackbelt|2|1108\n|player|p2|JR79|dahlia|1109\n|teamsize|p1|6\n|teamsize|p2|6\n|gen|9\n|tier|[Gen 9] OU\n|rated|\n|rule|Sleep Clause Mod: Limit one foe put to sleep\n|rule|Species Clause: Limit one of each Pok\u00e9mon\n|rule|OHKO Clause: OHKO moves are banned\n|rule|Evasion Items Clause: Evasion items are banned\n|rule|Evasion Moves Clause: Evasion moves are banned\n|rule|Endless Battle Clause: Forcing endless battles is banned\n|rule|HP Percentage Mod: HP is shown in percentages\n|clearpoke\n|poke|p1|Azumarill, F|\n|poke|p1|Enamorus, F|\n|poke|p1|Gholdengo|\n|poke|p1|Magnezone|\n|poke|p1|Rillaboom, M|\n|poke|p1|Cinderace, F|\n|poke|p2|Dragapult, F|\n|poke|p2|Gholdengo|\n|poke|p2|Glimmora, M|\n|poke|p2|Corviknight, M|\n|poke|p2|Clefable, M|\n|poke|p2|Ogerpon-Wellspring, F|\n|teampreview\n|inactive|Battle timer is ON: inactive players will automatically lose when time's up. (requested by JR79)\n|\n|t:|1701102803\n|start\n|switch|p1a: Enamorus|Enamorus, F|100\/100\n|switch|p2a: Glimmora|Glimmora, M|100\/100\n|turn|1\n|\n|t:|1701102811\n|move|p1a: Enamorus|Earth Power|p2a: Glimmora\n|-supereffective|p2a: Glimmora\n|-enditem|p2a: Glimmora|Focus Sash\n|-damage|p2a: Glimmora|1\/100\n|move|p2a: Glimmora|Stealth Rock|p1a: Enamorus\n|-sidestart|p1: brownboy_blackbelt|move: Stealth Rock\n|\n|upkeep\n|turn|2\n|\n|t:|1701102819\n|switch|p2a: Corviknight|Corviknight, M|100\/100\n|-ability|p2a: Corviknight|Pressure\n|move|p1a: Enamorus|Earth Power|p2a: Corviknight\n|-immune|p2a: Corviknight\n|\n|upkeep\n|turn|3\n|inactive|JR79 has 120 seconds left.\n|\n|t:|1701102862\n|switch|p1a: Magnezone|Magnezone|100\/100\n|-damage|p1a: Magnezone|94\/100|[from] Stealth Rock\n|move|p2a: Corviknight|U-turn|p1a: Magnezone\n|-resisted|p1a: Magnezone\n|-damage|p1a: Magnezone|89\/100\n|\n|t:|1701102870\n|switch|p2a: Ogerpon|Ogerpon-Wellspring, F|100\/100|[from] U-turn\n|\n|upkeep\n|turn|4\n|\n|t:|1701102876\n|move|p2a: Ogerpon|Swords Dance|p2a: Ogerpon\n|-boost|p2a: Ogerpon|atk|2\n|move|p1a: Magnezone|Volt Switch|p2a: Ogerpon\n|-crit|p2a: Ogerpon\n|-damage|p2a: Ogerpon|0 fnt\n|faint|p2a: Ogerpon\n|\n|t:|1701102881\n|switch|p1a: Cinderace|Cinderace, F|100\/100|[from] Volt Switch\n|-damage|p1a: Cinderace|76\/100|[from] Stealth Rock\n|\n|upkeep\n|inactive|JR79 has 120 seconds left.\n|\n|t:|1701102892\n|switch|p2a: Dragapult|Dragapult, F|100\/100\n|turn|5\n|inactive|JR79 has 120 seconds left.\n|\n|t:|1701102906\n|move|p1a: Cinderace|Sucker Punch|p2a: Dragapult\n|-start|p1a: Cinderace|typechange|Dark|[from] ability: Libero\n|-supereffective|p2a: Dragapult\n|-damage|p2a: Dragapult|0 fnt\n|faint|p2a: Dragapult\n|-damage|p1a: Cinderace|66\/100|[from] item: Life Orb\n|\n|upkeep\n|\n|t:|1701102918\n|switch|p2a: Gholdengo|Gholdengo|100\/100\n|turn|6\n|\n|t:|1701102930\n|move|p2a: Gholdengo|Shadow Ball|p1a: Cinderace\n|-resisted|p1a: Cinderace\n|-damage|p1a: Cinderace|35\/100\n|-unboost|p1a: Cinderace|spd|1\n|move|p1a: Cinderace|Pyro Ball|p2a: Gholdengo\n|-supereffective|p2a: Gholdengo\n|-damage|p2a: Gholdengo|0 fnt\n|faint|p2a: Gholdengo\n|-damage|p1a: Cinderace|25\/100|[from] item: Life Orb\n|\n|upkeep\n|\n|t:|1701102944\n|switch|p2a: Clefable|Clefable, M|100\/100\n|turn|7\n|-message|JR79 forfeited.\n|\n|win|brownboy_blackbelt\n|raw|brownboy_blackbelt's rating: 1108 &rarr; <strong>1133<\/strong><br \/>(+25 for winning)\n|raw|JR79's rating: 1109 &rarr; <strong>1084<\/strong><br \/>(-25 for losing)\n|l|\u2606JR79\n","uploadtime":1701102956,"views":2,"p1id":"brownboyblackbelt","p2id":"jr79","formatid":"gen9ou","rating":1084,"private":0,"password":""}