{"id":"gen9ou-1996332986","p1":"ooj2","p2":"diditdone","format":"[Gen 9] OU","log":"|j|\u2606ooj2\n|j|\u2606diditdone\n|t:|1700672045\n|gametype|singles\n|player|p1|ooj2|psychicf-gen4|1484\n|player|p2|diditdone|will-gen2|1511\n|teamsize|p1|6\n|teamsize|p2|6\n|gen|9\n|tier|[Gen 9] OU\n|rated|\n|rule|Sleep Clause Mod: Limit one foe put to sleep\n|rule|Species Clause: Limit one of each Pok\u00e9mon\n|rule|OHKO Clause: OHKO moves are banned\n|rule|Evasion Items Clause: Evasion items are banned\n|rule|Evasion Moves Clause: Evasion moves are banned\n|rule|Endless Battle Clause: Forcing endless battles is banned\n|rule|HP Percentage Mod: HP is shown in percentages\n|clearpoke\n|poke|p1|Garganacl, F|\n|poke|p1|Kingambit, F|\n|poke|p1|Great Tusk|\n|poke|p1|Dragapult, M|\n|poke|p1|Iron Moth|\n|poke|p1|Rillaboom, F|\n|poke|p2|Dragonite, F|\n|poke|p2|Great Tusk|\n|poke|p2|Samurott-Hisui, F|\n|poke|p2|Clefable, M|\n|poke|p2|Heatran, F|\n|poke|p2|Amoonguss, M|\n|teampreview\n|inactive|Battle timer is ON: inactive players will automatically lose when time's up. (requested by ooj2)\n|\n|t:|1700672060\n|start\n|switch|p1a: Rillaboom|Rillaboom, F|100\/100\n|switch|p2a: Amoonguss|Amoonguss, M|100\/100\n|-fieldstart|move: Grassy Terrain|[from] ability: Grassy Surge|[of] p1a: Rillaboom\n|turn|1\n|\n|t:|1700672066\n|move|p1a: Rillaboom|U-turn|p2a: Amoonguss\n|-damage|p2a: Amoonguss|82\/100\n|-damage|p1a: Rillaboom|84\/100|[from] item: Rocky Helmet|[of] p2a: Amoonguss\n|\n|t:|1700672068\n|switch|p1a: Garganacl|Garganacl, F, shiny|100\/100|[from] U-turn\n|move|p2a: Amoonguss|Sludge Bomb|p1a: Garganacl\n|-resisted|p1a: Garganacl\n|-damage|p1a: Garganacl|92\/100\n|\n|-heal|p1a: Garganacl|98\/100|[from] Grassy Terrain\n|-heal|p1a: Garganacl|100\/100|[from] item: Leftovers\n|-heal|p2a: Amoonguss|88\/100|[from] Grassy Terrain\n|upkeep\n|turn|2\n|\n|t:|1700672079\n|move|p1a: Garganacl|Stealth Rock|p2a: Amoonguss\n|-sidestart|p2: diditdone|move: Stealth Rock\n|move|p2a: Amoonguss|Giga Drain|p1a: Garganacl\n|-supereffective|p1a: Garganacl\n|-damage|p1a: Garganacl|61\/100\n|-heal|p2a: Amoonguss|100\/100|[from] drain|[of] p1a: Garganacl\n|\n|-heal|p1a: Garganacl|68\/100|[from] Grassy Terrain\n|-heal|p1a: Garganacl|74\/100|[from] item: Leftovers\n|upkeep\n|turn|3\n|\n|t:|1700672083\n|move|p1a: Garganacl|Protect|p1a: Garganacl\n|-singleturn|p1a: Garganacl|Protect\n|move|p2a: Amoonguss|Giga Drain|p1a: Garganacl\n|-activate|p1a: Garganacl|move: Protect\n|\n|-heal|p1a: Garganacl|80\/100|[from] Grassy Terrain\n|-heal|p1a: Garganacl|86\/100|[from] item: Leftovers\n|upkeep\n|turn|4\n|\n|t:|1700672085\n|move|p1a: Garganacl|Salt Cure|p2a: Amoonguss\n|-damage|p2a: Amoonguss|89\/100\n|-start|p2a: Amoonguss|Salt Cure\n|move|p2a: Amoonguss|Giga Drain|p1a: Garganacl\n|-supereffective|p1a: Garganacl\n|-damage|p1a: Garganacl|46\/100\n|-heal|p2a: Amoonguss|100\/100|[from] drain|[of] p1a: Garganacl\n|\n|-heal|p1a: Garganacl|52\/100|[from] Grassy Terrain\n|-heal|p1a: Garganacl|58\/100|[from] item: Leftovers\n|-damage|p2a: Amoonguss|88\/100|[from] Salt Cure\n|upkeep\n|turn|5\n|\n|t:|1700672091\n|move|p1a: Garganacl|Protect|p1a: Garganacl\n|-singleturn|p1a: Garganacl|Protect\n|move|p2a: Amoonguss|Giga Drain|p1a: Garganacl\n|-activate|p1a: Garganacl|move: Protect\n|\n|-heal|p1a: Garganacl|65\/100|[from] Grassy Terrain\n|-heal|p1a: Garganacl|71\/100|[from] item: Leftovers\n|-heal|p2a: Amoonguss|94\/100|[from] Grassy Terrain\n|-damage|p2a: Amoonguss|82\/100|[from] Salt Cure\n|-fieldend|move: Grassy Terrain\n|upkeep\n|turn|6\n|\n|t:|1700672095\n|switch|p1a: Rillaboom|Rillaboom, F|84\/100\n|-fieldstart|move: Grassy Terrain|[from] ability: Grassy Surge|[of] p1a: Rillaboom\n|move|p2a: Amoonguss|Giga Drain|p1a: Rillaboom\n|-resisted|p1a: Rillaboom\n|-damage|p1a: Rillaboom|66\/100\n|-heal|p2a: Amoonguss|89\/100|[from] drain|[of] p1a: Rillaboom\n|\n|-heal|p1a: Rillaboom|72\/100|[from] Grassy Terrain\n|-heal|p2a: Amoonguss|95\/100|[from] Grassy Terrain\n|-damage|p2a: Amoonguss|83\/100|[from] Salt Cure\n|upkeep\n|turn|7\n|\n|t:|1700672102\n|move|p1a: Rillaboom|U-turn|p2a: Amoonguss\n|-damage|p2a: Amoonguss|67\/100\n|-damage|p1a: Rillaboom|55\/100|[from] item: Rocky Helmet|[of] p2a: Amoonguss\n|\n|t:|1700672103\n|switch|p1a: Garganacl|Garganacl, F, shiny|71\/100|[from] U-turn\n|move|p2a: Amoonguss|Sludge Bomb|p1a: Garganacl\n|-resisted|p1a: Garganacl\n|-damage|p1a: Garganacl|63\/100\n|\n|-heal|p1a: Garganacl|69\/100|[from] Grassy Terrain\n|-heal|p1a: Garganacl|75\/100|[from] item: Leftovers\n|-heal|p2a: Amoonguss|73\/100|[from] Grassy Terrain\n|-damage|p2a: Amoonguss|61\/100|[from] Salt Cure\n|upkeep\n|turn|8\n|\n|t:|1700672113\n|move|p1a: Garganacl|Protect|p1a: Garganacl\n|-singleturn|p1a: Garganacl|Protect\n|move|p2a: Amoonguss|Giga Drain|p1a: Garganacl\n|-activate|p1a: Garganacl|move: Protect\n|\n|-heal|p1a: Garganacl|81\/100|[from] Grassy Terrain\n|-heal|p1a: Garganacl|87\/100|[from] item: Leftovers\n|-heal|p2a: Amoonguss|67\/100|[from] Grassy Terrain\n|-damage|p2a: Amoonguss|54\/100|[from] Salt Cure\n|upkeep\n|turn|9\n|\n|t:|1700672123\n|switch|p1a: Dragapult|Dragapult, M|100\/100\n|move|p2a: Amoonguss|Giga Drain|p1a: Dragapult\n|-resisted|p1a: Dragapult\n|-damage|p1a: Dragapult|79\/100\n|-heal|p2a: Amoonguss|62\/100|[from] drain|[of] p1a: Dragapult\n|\n|-heal|p1a: Dragapult|85\/100|[from] Grassy Terrain\n|-heal|p2a: Amoonguss|68\/100|[from] Grassy Terrain\n|-damage|p2a: Amoonguss|56\/100|[from] Salt Cure\n|upkeep\n|turn|10\n|\n|t:|1700672135\n|switch|p2a: Clefable|Clefable, M|100\/100\n|move|p1a: Dragapult|Draco Meteor|p2a: Clefable\n|-immune|p2a: Clefable\n|\n|-heal|p1a: Dragapult|91\/100|[from] Grassy Terrain\n|-fieldend|move: Grassy Terrain\n|upkeep\n|turn|11\n|\n|t:|1700672138\n|move|p1a: Dragapult|Draco Meteor|p2a: Clefable\n|-immune|p2a: Clefable\n|move|p2a: Clefable|Stealth Rock|p1a: Dragapult\n|-sidestart|p1: ooj2|move: Stealth Rock\n|\n|upkeep\n|turn|12\n|\n|t:|1700672144\n|move|p1a: Dragapult|U-turn|p2a: Clefable\n|-resisted|p2a: Clefable\n|-damage|p2a: Clefable|91\/100\n|\n|t:|1700672159\n|switch|p1a: Garganacl|Garganacl, F, shiny|87\/100|[from] U-turn\n|-damage|p1a: Garganacl|75\/100|[from] Stealth Rock\n|move|p2a: Clefable|Wish|p2a: Clefable\n|\n|-heal|p2a: Clefable|97\/100|[from] item: Leftovers\n|-heal|p1a: Garganacl|81\/100|[from] item: Leftovers\n|upkeep\n|turn|13\n|inactive|ooj2 has 120 seconds left.\n|inactive|diditdone has 120 seconds left.\n|\n|t:|1700672200\n|move|p2a: Clefable|Protect|p2a: Clefable\n|-singleturn|p2a: Clefable|Protect\n|move|p1a: Garganacl|Salt Cure|p2a: Clefable\n|-activate|p2a: Clefable|move: Protect\n|\n|-heal|p2a: Clefable|100\/100|[from] move: Wish|[wisher] Clefable\n|-heal|p1a: Garganacl|87\/100|[from] item: Leftovers\n|upkeep\n|turn|14\n|inactive|ooj2 has 120 seconds left.\n|l|\u2606ooj2\n|inactive|ooj2 disconnected and has a minute to reconnect!\n|player|p1|\n|j|\u2606ooj2\n|inactive|ooj2 reconnected and has 95 seconds left.\n|player|p1|ooj2|psychicf-gen4\n|\n|t:|1700672234\n|switch|p1a: Kingambit|Kingambit, F|100\/100\n|-damage|p1a: Kingambit|94\/100|[from] Stealth Rock\n|move|p2a: Clefable|Moonblast|p1a: Kingambit\n|-damage|p1a: Kingambit|65\/100\n|\n|upkeep\n|turn|15\n|\n|t:|1700672240\n|switch|p2a: Great Tusk|Great Tusk|100\/100\n|-damage|p2a: Great Tusk|98\/100|[from] Stealth Rock\n|move|p1a: Kingambit|Swords Dance|p1a: Kingambit\n|-boost|p1a: Kingambit|atk|2\n|\n|-heal|p2a: Great Tusk|100\/100|[from] item: Leftovers\n|upkeep\n|turn|16\n|\n|t:|1700672249\n|-terastallize|p1a: Kingambit|Flying\n|move|p2a: Great Tusk|Close Combat|p1a: Kingambit\n|-resisted|p1a: Kingambit\n|-damage|p1a: Kingambit|39\/100\n|-unboost|p2a: Great Tusk|def|1\n|-unboost|p2a: Great Tusk|spd|1\n|move|p1a: Kingambit|Tera Blast|p2a: Great Tusk|[anim] Tera Blast Flying\n|-supereffective|p2a: Great Tusk\n|-damage|p2a: Great Tusk|0 fnt\n|faint|p2a: Great Tusk\n|-end|p2a: Great Tusk|Protosynthesis|[silent]\n|\n|upkeep\n|\n|t:|1700672255\n|switch|p2a: Samurott|Samurott-Hisui, F, shiny|100\/100\n|-damage|p2a: Samurott|88\/100|[from] Stealth Rock\n|turn|17\n|inactive|ooj2 has 120 seconds left.\n|\n|t:|1700672262\n|move|p1a: Kingambit|Sucker Punch|p2a: Samurott\n|-resisted|p2a: Samurott\n|-damage|p2a: Samurott|37\/100\n|move|p2a: Samurott|Ceaseless Edge|p1a: Kingambit\n|-damage|p1a: Kingambit|4\/100\n|-sidestart|p1: ooj2|Spikes\n|\n|upkeep\n|turn|18\n|inactive|ooj2 has 120 seconds left.\n|\n|t:|1700672279\n|move|p2a: Samurott|Ceaseless Edge|p1a: Kingambit\n|-damage|p1a: Kingambit|0 fnt\n|-sidestart|p1: ooj2|Spikes\n|faint|p1a: Kingambit\n|-end|p1a: Kingambit|fallenundefined|[silent]\n|\n|upkeep\n|\n|t:|1700672283\n|switch|p1a: Dragapult|Dragapult, M|91\/100\n|turn|19\n|\n|t:|1700672286\n|move|p2a: Samurott|Ceaseless Edge|p1a: Dragapult\n|-supereffective|p1a: Dragapult\n|-damage|p1a: Dragapult|0 fnt\n|-sidestart|p1: ooj2|Spikes\n|faint|p1a: Dragapult\n|\n|upkeep\n|\n|t:|1700672288\n|switch|p1a: Great Tusk|Great Tusk|100\/100\n|-damage|p1a: Great Tusk|98\/100|[from] Stealth Rock\n|-damage|p1a: Great Tusk|73\/100|[from] Spikes\n|turn|20\n|\n|t:|1700672302\n|switch|p2a: Amoonguss|Amoonguss, M|89\/100\n|-damage|p2a: Amoonguss|77\/100|[from] Stealth Rock\n|move|p1a: Great Tusk|Rapid Spin|p2a: Amoonguss\n|-damage|p2a: Amoonguss|63\/100\n|-boost|p1a: Great Tusk|spe|1\n|-damage|p1a: Great Tusk|56\/100|[from] item: Rocky Helmet|[of] p2a: Amoonguss\n|-sideend|p1: ooj2|Spikes|[from] move: Rapid Spin|[of] p1a: Great Tusk\n|-sideend|p1: ooj2|Stealth Rock|[from] move: Rapid Spin|[of] p1a: Great Tusk\n|\n|upkeep\n|turn|21\n|\n|t:|1700672306\n|move|p1a: Great Tusk|Ice Spinner|p2a: Amoonguss\n|-supereffective|p2a: Amoonguss\n|-damage|p2a: Amoonguss|20\/100\n|-damage|p1a: Great Tusk|39\/100|[from] item: Rocky Helmet|[of] p2a: Amoonguss\n|move|p2a: Amoonguss|Giga Drain|p1a: Great Tusk\n|-supereffective|p1a: Great Tusk\n|-damage|p1a: Great Tusk|2\/100\n|-heal|p2a: Amoonguss|39\/100|[from] drain|[of] p1a: Great Tusk\n|\n|upkeep\n|turn|22\n|\n|t:|1700672311\n|move|p1a: Great Tusk|Headlong Rush|p2a: Amoonguss\n|-damage|p2a: Amoonguss|0 fnt\n|-unboost|p1a: Great Tusk|def|1\n|-unboost|p1a: Great Tusk|spd|1\n|-damage|p1a: Great Tusk|0 fnt|[from] item: Rocky Helmet|[of] p2a: Amoonguss\n|faint|p2a: Amoonguss\n|faint|p1a: Great Tusk\n|-end|p1a: Great Tusk|Protosynthesis|[silent]\n|\n|upkeep\n|\n|t:|1700672320\n|switch|p1a: Rillaboom|Rillaboom, F|55\/100\n|switch|p2a: Heatran|Heatran, F|100\/100\n|-fieldstart|move: Grassy Terrain|[from] ability: Grassy Surge|[of] p1a: Rillaboom\n|-damage|p2a: Heatran|88\/100|[from] Stealth Rock\n|turn|23\n|\n|t:|1700672324\n|move|p2a: Heatran|Protect|p2a: Heatran\n|-singleturn|p2a: Heatran|Protect\n|move|p1a: Rillaboom|High Horsepower|p2a: Heatran\n|-activate|p2a: Heatran|move: Protect\n|\n|-heal|p1a: Rillaboom|61\/100|[from] Grassy Terrain\n|-heal|p2a: Heatran|94\/100|[from] Grassy Terrain\n|-heal|p2a: Heatran|100\/100|[from] item: Leftovers\n|upkeep\n|turn|24\n|\n|t:|1700672327\n|switch|p1a: Garganacl|Garganacl, F, shiny|87\/100\n|switch|p2a: Dragonite|Dragonite, F|100\/100\n|-damage|p2a: Dragonite|76\/100|[from] Stealth Rock\n|\n|-heal|p1a: Garganacl|94\/100|[from] Grassy Terrain\n|-heal|p1a: Garganacl|99\/100|[from] item: Leftovers\n|upkeep\n|turn|25\n|\n|t:|1700672333\n|move|p2a: Dragonite|Dragon Claw|p1a: Garganacl\n|-damage|p1a: Garganacl|54\/100\n|move|p1a: Garganacl|Salt Cure|p2a: Dragonite\n|-supereffective|p2a: Dragonite\n|-damage|p2a: Dragonite|45\/100\n|-start|p2a: Dragonite|Salt Cure\n|\n|-heal|p1a: Garganacl|61\/100|[from] Grassy Terrain\n|-heal|p1a: Garganacl|67\/100|[from] item: Leftovers\n|-damage|p2a: Dragonite|33\/100|[from] Salt Cure\n|upkeep\n|turn|26\n|\n|t:|1700672337\n|switch|p2a: Heatran|Heatran, F|100\/100\n|-damage|p2a: Heatran|88\/100|[from] Stealth Rock\n|move|p1a: Garganacl|Recover|p1a: Garganacl\n|-heal|p1a: Garganacl|100\/100\n|\n|-heal|p2a: Heatran|94\/100|[from] Grassy Terrain\n|-heal|p2a: Heatran|100\/100|[from] item: Leftovers\n|upkeep\n|turn|27\n|\n|t:|1700672341\n|switch|p1a: Rillaboom|Rillaboom, F|61\/100\n|move|p2a: Heatran|Magma Storm|p1a: Rillaboom\n|-supereffective|p1a: Rillaboom\n|-damage|p1a: Rillaboom|0 fnt\n|faint|p1a: Rillaboom\n|\n|-fieldend|move: Grassy Terrain\n|upkeep\n|\n|t:|1700672343\n|switch|p1a: Garganacl|Garganacl, F, shiny|100\/100\n|turn|28\n|\n|t:|1700672347\n|move|p2a: Heatran|Protect|p2a: Heatran\n|-singleturn|p2a: Heatran|Protect\n|move|p1a: Garganacl|Salt Cure|p2a: Heatran\n|-activate|p2a: Heatran|move: Protect\n|\n|upkeep\n|turn|29\n|\n|t:|1700672364\n|switch|p2a: Samurott|Samurott-Hisui, F, shiny|37\/100\n|-damage|p2a: Samurott|24\/100|[from] Stealth Rock\n|move|p1a: Garganacl|Salt Cure|p2a: Samurott\n|-damage|p2a: Samurott|7\/100\n|-start|p2a: Samurott|Salt Cure\n|\n|-damage|p2a: Samurott|0 fnt|[from] Salt Cure\n|faint|p2a: Samurott\n|upkeep\n|\n|t:|1700672368\n|switch|p2a: Clefable|Clefable, M|100\/100\n|turn|30\n|\n|t:|1700672372\n|switch|p1a: Iron Moth|Iron Moth|100\/100\n|-enditem|p1a: Iron Moth|Booster Energy\n|-activate|p1a: Iron Moth|ability: Quark Drive|[fromitem]\n|-start|p1a: Iron Moth|quarkdrivespe\n|move|p2a: Clefable|Moonblast|p1a: Iron Moth\n|-resisted|p1a: Iron Moth\n|-damage|p1a: Iron Moth|93\/100\n|\n|upkeep\n|turn|31\n|\n|t:|1700672378\n|-end|p1a: Iron Moth|Quark Drive|[silent]\n|switch|p1a: Garganacl|Garganacl, F, shiny|100\/100\n|switch|p2a: Dragonite|Dragonite, F|33\/100\n|-damage|p2a: Dragonite|8\/100|[from] Stealth Rock\n|\n|upkeep\n|turn|32\n|\n|t:|1700672390\n|move|p2a: Dragonite|Earthquake|p1a: Garganacl\n|-supereffective|p1a: Garganacl\n|-damage|p1a: Garganacl|25\/100\n|move|p1a: Garganacl|Salt Cure|p2a: Dragonite\n|-supereffective|p2a: Dragonite\n|-damage|p2a: Dragonite|0 fnt\n|faint|p2a: Dragonite\n|\n|-heal|p1a: Garganacl|31\/100|[from] item: Leftovers\n|upkeep\n|\n|t:|1700672395\n|switch|p2a: Heatran|Heatran, F|100\/100\n|-damage|p2a: Heatran|88\/100|[from] Stealth Rock\n|turn|33\n|\n|t:|1700672400\n|move|p1a: Garganacl|Protect|p1a: Garganacl\n|-singleturn|p1a: Garganacl|Protect\n|move|p2a: Heatran|Taunt|p1a: Garganacl\n|-activate|p1a: Garganacl|move: Protect\n|\n|-heal|p2a: Heatran|94\/100|[from] item: Leftovers\n|-heal|p1a: Garganacl|37\/100|[from] item: Leftovers\n|upkeep\n|turn|34\n|\n|t:|1700672408\n|move|p2a: Heatran|Taunt|p1a: Garganacl\n|-start|p1a: Garganacl|move: Taunt\n|move|p1a: Garganacl|Salt Cure|p2a: Heatran\n|-damage|p2a: Heatran|82\/100\n|-start|p2a: Heatran|Salt Cure\n|\n|-heal|p2a: Heatran|88\/100|[from] item: Leftovers\n|-heal|p1a: Garganacl|43\/100|[from] item: Leftovers\n|-damage|p2a: Heatran|63\/100|[from] Salt Cure\n|upkeep\n|turn|35\n|\n|t:|1700672415\n|switch|p1a: Iron Moth|Iron Moth|93\/100\n|move|p2a: Heatran|Earth Power|p1a: Iron Moth\n|-supereffective|p1a: Iron Moth\n|-damage|p1a: Iron Moth|0 fnt\n|faint|p1a: Iron Moth\n|-end|p1a: Iron Moth|Quark Drive|[silent]\n|\n|-heal|p2a: Heatran|69\/100|[from] item: Leftovers\n|-damage|p2a: Heatran|45\/100|[from] Salt Cure\n|upkeep\n|\n|t:|1700672417\n|switch|p1a: Garganacl|Garganacl, F, shiny|43\/100\n|turn|36\n|\n|t:|1700672427\n|switch|p2a: Clefable|Clefable, M|100\/100\n|move|p1a: Garganacl|Protect||[still]\n|-fail|p1a: Garganacl\n|\n|-heal|p1a: Garganacl|50\/100|[from] item: Leftovers\n|upkeep\n|turn|37\n|-message|ooj2 forfeited.\n|\n|win|diditdone\n|raw|ooj2's rating: 1484 &rarr; <strong>1466<\/strong><br \/>(-18 for losing)\n|raw|diditdone's rating: 1511 &rarr; <strong>1529<\/strong><br \/>(+18 for winning)\n|l|\u2606ooj2\n","uploadtime":1700672447,"views":0,"p1id":"ooj2","p2id":"diditdone","formatid":"gen9ou","rating":1466,"private":0,"password":""}