{"id":"gen9ou-1991567846","p1":"itsgentlecrab","p2":"moope","format":"[Gen 9] OU","log":"|j|\u2606itsgentlecrab\n|j|\u2606moope\n|t:|1700089219\n|gametype|singles\n|player|p1|itsgentlecrab|anabel|1358\n|player|p2|moope|iono|1436\n|teamsize|p1|6\n|teamsize|p2|6\n|gen|9\n|tier|[Gen 9] OU\n|rated|\n|rule|Sleep Clause Mod: Limit one foe put to sleep\n|rule|Species Clause: Limit one of each Pok\u00e9mon\n|rule|OHKO Clause: OHKO moves are banned\n|rule|Evasion Items Clause: Evasion items are banned\n|rule|Evasion Moves Clause: Evasion moves are banned\n|rule|Endless Battle Clause: Forcing endless battles is banned\n|rule|HP Percentage Mod: HP is shown in percentages\n|clearpoke\n|poke|p1|Pelipper, F|\n|poke|p1|Manaphy|\n|poke|p1|Basculegion, M|\n|poke|p1|Greninja-*, M|\n|poke|p1|Kilowattrel, M|\n|poke|p1|Great Tusk|\n|poke|p2|Polteageist|\n|poke|p2|Sneasler, F|\n|poke|p2|Maushold|\n|poke|p2|Indeedee-F, F|\n|poke|p2|Moltres-Galar|\n|poke|p2|Hatterene, F|\n|teampreview\n|inactive|Battle timer is ON: inactive players will automatically lose when time's up. (requested by moope)\n|\n|t:|1700089232\n|start\n|switch|p1a: Pelipper|Pelipper, F|100\/100\n|switch|p2a: Indeedee|Indeedee-F, F|100\/100\n|-fieldstart|move: Psychic Terrain|[from] ability: Psychic Surge|[of] p2a: Indeedee\n|-weather|RainDance|[from] ability: Drizzle|[of] p1a: Pelipper\n|turn|1\n|inactive|itsgentlecrab has 120 seconds left.\n|\n|t:|1700089263\n|move|p2a: Indeedee|Reflect|p2a: Indeedee\n|-sidestart|p2: moope|Reflect\n|move|p1a: Pelipper|U-turn|p2a: Indeedee\n|-supereffective|p2a: Indeedee\n|-damage|p2a: Indeedee|84\/100\n|inactive|itsgentlecrab has 120 seconds left.\n|\n|t:|1700089274\n|switch|p1a: Greninja|Greninja, M|100\/100|[from] U-turn\n|\n|-weather|RainDance|[upkeep]\n|upkeep\n|turn|2\n|inactive|itsgentlecrab has 120 seconds left.\n|\n|t:|1700089283\n|switch|p2a: Sneasler|Sneasler, F|100\/100\n|-enditem|p2a: Sneasler|Psychic Seed\n|-boost|p2a: Sneasler|spd|1|[from] item: Psychic Seed\n|move|p1a: Greninja|Dark Pulse|p2a: Sneasler\n|-resisted|p2a: Sneasler\n|-damage|p2a: Sneasler|80\/100\n|-damage|p1a: Greninja|91\/100|[from] item: Life Orb\n|\n|-weather|RainDance|[upkeep]\n|upkeep\n|turn|3\n|inactive|itsgentlecrab has 120 seconds left.\n|\n|t:|1700089295\n|switch|p1a: Basculegion|Basculegion, M, shiny|100\/100\n|move|p2a: Sneasler|Close Combat|p1a: Basculegion\n|-immune|p1a: Basculegion\n|\n|-weather|RainDance|[upkeep]\n|upkeep\n|turn|4\n|inactive|itsgentlecrab has 120 seconds left.\n|\n|t:|1700089311\n|move|p2a: Sneasler|Acrobatics|p1a: Basculegion\n|-damage|p1a: Basculegion|50\/100\n|move|p1a: Basculegion|Wave Crash|p2a: Sneasler\n|-damage|p2a: Sneasler|0 fnt\n|faint|p2a: Sneasler\n|-damage|p1a: Basculegion|29\/100|[from] Recoil\n|\n|-weather|RainDance|[upkeep]\n|upkeep\n|\n|t:|1700089321\n|switch|p2a: Moltres|Moltres-Galar, shiny|100\/100\n|turn|5\n|\n|t:|1700089331\n|-terastallize|p1a: Basculegion|Water\n|move|p1a: Basculegion|Wave Crash|p2a: Moltres\n|-damage|p2a: Moltres|0 fnt\n|faint|p2a: Moltres\n|-damage|p1a: Basculegion|1\/100|[from] Recoil\n|\n|-weather|RainDance|[upkeep]\n|-sideend|p2: moope|Reflect\n|upkeep\n|\n|t:|1700089337\n|switch|p2a: Hatterene|Hatterene, F|100\/100\n|turn|6\n|\n|t:|1700089340\n|move|p1a: Basculegion|Wave Crash|p2a: Hatterene\n|-damage|p2a: Hatterene|0 fnt\n|faint|p2a: Hatterene\n|-damage|p1a: Basculegion|0 fnt|[from] Recoil\n|faint|p1a: Basculegion\n|\n|-weather|RainDance|[upkeep]\n|upkeep\n|\n|t:|1700089352\n|switch|p1a: Greninja|Greninja, M|91\/100\n|switch|p2a: Maushold|Maushold|100\/100\n|turn|7\n|\n|t:|1700089358\n|move|p1a: Greninja|Hydro Pump|p2a: Maushold\n|-damage|p2a: Maushold|0 fnt\n|faint|p2a: Maushold\n|-ability|p1a: Greninja|Battle Bond|boost\n|-boost|p1a: Greninja|atk|1\n|-boost|p1a: Greninja|spa|1\n|-boost|p1a: Greninja|spe|1\n|-activate|p1a: Greninja|ability: Battle Bond\n|-damage|p1a: Greninja|81\/100|[from] item: Life Orb\n|\n|-weather|RainDance|[upkeep]\n|upkeep\n|\n|t:|1700089362\n|switch|p2a: Polteageist|Polteageist|100\/100\n|turn|8\n|\n|t:|1700089372\n|-terastallize|p2a: Polteageist|Fighting\n|move|p1a: Greninja|Dark Pulse|p2a: Polteageist\n|-resisted|p2a: Polteageist\n|-damage|p2a: Polteageist|61\/100\n|-damage|p1a: Greninja|71\/100|[from] item: Life Orb\n|move|p2a: Polteageist|Tera Blast|p1a: Greninja|[anim] Tera Blast Fighting\n|-supereffective|p1a: Greninja\n|-damage|p1a: Greninja|0 fnt\n|faint|p1a: Greninja\n|\n|-weather|none\n|-fieldend|move: Psychic Terrain\n|upkeep\n|\n|t:|1700089381\n|switch|p1a: Pelipper|Pelipper, F|100\/100\n|-weather|RainDance|[from] ability: Drizzle|[of] p1a: Pelipper\n|turn|9\n|\n|t:|1700089383\n|switch|p2a: Indeedee|Indeedee-F, F|84\/100\n|-fieldstart|move: Psychic Terrain|[from] ability: Psychic Surge|[of] p2a: Indeedee\n|move|p1a: Pelipper|Hurricane|p2a: Indeedee\n|-damage|p2a: Indeedee|40\/100\n|\n|-weather|RainDance|[upkeep]\n|upkeep\n|turn|10\n|\n|t:|1700089389\n|move|p2a: Indeedee|Healing Wish|p2a: Indeedee\n|faint|p2a: Indeedee\n|move|p1a: Pelipper|Hurricane|p2: Indeedee|[notarget]\n|-fail|p1a: Pelipper\n|\n|-weather|RainDance|[upkeep]\n|upkeep\n|\n|t:|1700089390\n|switch|p2a: Polteageist|Polteageist, tera:Fighting|61\/100\n|-heal|p2a: Polteageist|100\/100|[from] move: Healing Wish\n|turn|11\n|\n|t:|1700089394\n|move|p2a: Polteageist|Shell Smash|p2a: Polteageist\n|-unboost|p2a: Polteageist|def|1\n|-unboost|p2a: Polteageist|spd|1\n|-boost|p2a: Polteageist|atk|2\n|-boost|p2a: Polteageist|spa|2\n|-boost|p2a: Polteageist|spe|2\n|move|p1a: Pelipper|Hurricane|p2a: Polteageist\n|-supereffective|p2a: Polteageist\n|-enditem|p2a: Polteageist|Focus Sash\n|-damage|p2a: Polteageist|1\/100\n|\n|-weather|RainDance|[upkeep]\n|upkeep\n|turn|12\n|\n|t:|1700089399\n|move|p2a: Polteageist|Stored Power|p1a: Pelipper\n|-damage|p1a: Pelipper|0 fnt\n|faint|p1a: Pelipper\n|\n|-weather|RainDance|[upkeep]\n|upkeep\n|\n|t:|1700089414\n|switch|p1a: Manaphy|Manaphy|100\/100\n|turn|13\n|\n|t:|1700089418\n|move|p2a: Polteageist|Stored Power|p1a: Manaphy\n|-damage|p1a: Manaphy|0 fnt\n|faint|p1a: Manaphy\n|\n|-weather|RainDance|[upkeep]\n|upkeep\n|c|\u2606itsgentlecrab|fuck\n|c|\u2606itsgentlecrab|gg\n|c|\u2606moope|GG\n|\n|t:|1700089427\n|switch|p1a: Great Tusk|Great Tusk|100\/100\n|-enditem|p1a: Great Tusk|Booster Energy\n|-activate|p1a: Great Tusk|ability: Protosynthesis|[fromitem]\n|-start|p1a: Great Tusk|protosynthesisspe\n|turn|14\n|c|\u2606moope|wp\n|\n|t:|1700089431\n|move|p2a: Polteageist|Stored Power|p1a: Great Tusk\n|-supereffective|p1a: Great Tusk\n|-damage|p1a: Great Tusk|0 fnt\n|faint|p1a: Great Tusk\n|-end|p1a: Great Tusk|Protosynthesis|[silent]\n|\n|-weather|RainDance|[upkeep]\n|upkeep\n|\n|t:|1700089433\n|switch|p1a: Kilowattrel|Kilowattrel, M|100\/100\n|turn|15\n|\n|t:|1700089438\n|move|p2a: Polteageist|Stored Power|p1a: Kilowattrel\n|-damage|p1a: Kilowattrel|0 fnt\n|faint|p1a: Kilowattrel\n|\n|win|moope\n|raw|itsgentlecrab's rating: 1358 &rarr; <strong>1342<\/strong><br \/>(-16 for losing)\n|raw|moope's rating: 1436 &rarr; <strong>1452<\/strong><br \/>(+16 for winning)\n","uploadtime":1700089446,"views":7,"p1id":"itsgentlecrab","p2id":"moope","formatid":"gen9ou","rating":1342,"private":0,"password":""}