{"id":"gen9ou-1997029719","p1":"JUSTAG232","p2":"Ismvv","format":"[Gen 9] OU","log":"|j|\u2606JUSTAG232\n|j|\u2606Ismvv\n|t:|1700757391\n|gametype|singles\n|player|p1|JUSTAG232|pokemonranger|1417\n|player|p2|Ismvv|bruno|1383\n|teamsize|p1|6\n|teamsize|p2|6\n|gen|9\n|tier|[Gen 9] OU\n|rated|\n|rule|Sleep Clause Mod: Limit one foe put to sleep\n|rule|Species Clause: Limit one of each Pok\u00e9mon\n|rule|OHKO Clause: OHKO moves are banned\n|rule|Evasion Items Clause: Evasion items are banned\n|rule|Evasion Moves Clause: Evasion moves are banned\n|rule|Endless Battle Clause: Forcing endless battles is banned\n|rule|HP Percentage Mod: HP is shown in percentages\n|clearpoke\n|poke|p1|Alomomola, F|\n|poke|p1|Slowking-Galar, F|\n|poke|p1|Kingambit, F|\n|poke|p1|Great Tusk|\n|poke|p1|Cinderace, F|\n|poke|p1|Thundurus-Therian, M|\n|poke|p2|Dragapult, F|\n|poke|p2|Great Tusk|\n|poke|p2|Greninja-*, M|\n|poke|p2|Moltres|\n|poke|p2|Clodsire, F|\n|poke|p2|Cresselia, F|\n|teampreview\n|inactive|Battle timer is ON: inactive players will automatically lose when time's up. (requested by JUSTAG232)\n|\n|t:|1700757406\n|start\n|switch|p1a: Thundurus|Thundurus-Therian, M|100\/100\n|switch|p2a: Agency|Great Tusk|100\/100\n|turn|1\n|\n|t:|1700757426\n|-end|p2a: Agency|Protosynthesis|[silent]\n|switch|p2a: A thing.|Clodsire, F|100\/100\n|move|p1a: Thundurus|Grass Knot|p2a: A thing.\n|-damage|p2a: A thing.|65\/100\n|\n|upkeep\n|turn|2\n|inactive|JUSTAG232 has 120 seconds left.\n|\n|t:|1700757452\n|switch|p1a: Slowking|Slowking-Galar, F|100\/100\n|move|p2a: A thing.|Toxic|p1a: Slowking\n|-immune|p1a: Slowking\n|\n|upkeep\n|turn|3\n|\n|t:|1700757462\n|move|p2a: A thing.|Earthquake|p1a: Slowking\n|-supereffective|p1a: Slowking\n|-damage|p1a: Slowking|47\/100\n|move|p1a: Slowking|Future Sight|p2a: A thing.\n|-start|p1a: Slowking|move: Future Sight\n|\n|upkeep\n|turn|4\n|inactive|JUSTAG232 has 120 seconds left.\n|\n|t:|1700757482\n|switch|p1a: Kingambit|Kingambit, F|100\/100\n|move|p2a: A thing.|Toxic|p1a: Kingambit\n|-immune|p1a: Kingambit\n|\n|upkeep\n|turn|5\n|inactive|JUSTAG232 has 120 seconds left.\n|\n|t:|1700757498\n|switch|p2a: Gamakishi|Greninja, M|100\/100\n|move|p1a: Kingambit|Kowtow Cleave|p2a: Gamakishi\n|-resisted|p2a: Gamakishi\n|-damage|p2a: Gamakishi|54\/100\n|\n|-end|p2a: Gamakishi|move: Future Sight\n|-immune|p2a: Gamakishi\n|upkeep\n|turn|6\n|\n|t:|1700757513\n|move|p2a: Gamakishi|Low Kick|p1a: Kingambit\n|-supereffective|p1a: Kingambit\n|-damage|p1a: Kingambit|36\/100\n|move|p1a: Kingambit|Kowtow Cleave|p2a: Gamakishi\n|-resisted|p2a: Gamakishi\n|-damage|p2a: Gamakishi|6\/100\n|\n|-heal|p1a: Kingambit|42\/100|[from] item: Leftovers\n|upkeep\n|turn|7\n|\n|t:|1700757526\n|-end|p1a: Kingambit|fallenundefined|[silent]\n|switch|p1a: Alomomola|Alomomola, F|100\/100\n|move|p2a: Gamakishi|Water Shuriken|p1a: Alomomola\n|-resisted|p1a: Alomomola\n|-damage|p1a: Alomomola|98\/100\n|-resisted|p1a: Alomomola\n|-damage|p1a: Alomomola|95\/100\n|-resisted|p1a: Alomomola\n|-damage|p1a: Alomomola|91\/100\n|-resisted|p1a: Alomomola\n|-damage|p1a: Alomomola|88\/100\n|-hitcount|p1a: Alomomola|4\n|-enditem|p1a: Alomomola|Red Card|[of] p2a: Gamakishi\n|drag|p2a: Agency|Great Tusk|100\/100\n|\n|upkeep\n|turn|8\n|\n|t:|1700757534\n|move|p2a: Agency|Stealth Rock|p1a: Alomomola\n|-sidestart|p1: JUSTAG232|move: Stealth Rock\n|move|p1a: Alomomola|Wish|p1a: Alomomola\n|\n|upkeep\n|turn|9\n|inactive|JUSTAG232 has 120 seconds left.\n|\n|t:|1700757543\n|move|p2a: Agency|Rapid Spin|p1a: Alomomola\n|-damage|p1a: Alomomola|79\/100\n|-boost|p2a: Agency|spe|1\n|move|p1a: Alomomola|Flip Turn|p2a: Agency\n|-supereffective|p2a: Agency\n|-damage|p2a: Agency|82\/100\n|\n|t:|1700757546\n|switch|p1a: Kingambit|Kingambit, F|42\/100|[from] Flip Turn\n|-damage|p1a: Kingambit|36\/100|[from] Stealth Rock\n|\n|-heal|p1a: Kingambit|94\/100|[from] move: Wish|[wisher] Alomomola\n|-heal|p2a: Agency|88\/100|[from] item: Leftovers\n|-heal|p1a: Kingambit|100\/100|[from] item: Leftovers\n|upkeep\n|turn|10\n|\n|t:|1700757558\n|-end|p1a: Kingambit|fallenundefined|[silent]\n|switch|p1a: Great Tusk|Great Tusk|100\/100\n|-damage|p1a: Great Tusk|98\/100|[from] Stealth Rock\n|move|p2a: Agency|Knock Off|p1a: Great Tusk\n|-resisted|p1a: Great Tusk\n|-damage|p1a: Great Tusk|87\/100\n|-damage|p2a: Agency|72\/100|[from] item: Rocky Helmet|[of] p1a: Great Tusk\n|-enditem|p1a: Great Tusk|Rocky Helmet|[from] move: Knock Off|[of] p2a: Agency\n|\n|-heal|p2a: Agency|78\/100|[from] item: Leftovers\n|upkeep\n|turn|11\n|\n|t:|1700757569\n|move|p2a: Agency|Earthquake|p1a: Great Tusk\n|-damage|p1a: Great Tusk|54\/100\n|move|p1a: Great Tusk|Stealth Rock|p2a: Agency\n|-sidestart|p2: Ismvv|move: Stealth Rock\n|\n|-heal|p2a: Agency|84\/100|[from] item: Leftovers\n|upkeep\n|turn|12\n|\n|t:|1700757575\n|move|p2a: Agency|Earthquake|p1a: Great Tusk\n|-damage|p1a: Great Tusk|21\/100\n|move|p1a: Great Tusk|Rapid Spin|p2a: Agency\n|-damage|p2a: Agency|75\/100\n|-boost|p1a: Great Tusk|spe|1\n|-sideend|p1: JUSTAG232|Stealth Rock|[from] move: Rapid Spin|[of] p1a: Great Tusk\n|\n|-heal|p2a: Agency|81\/100|[from] item: Leftovers\n|upkeep\n|turn|13\n|\n|t:|1700757586\n|move|p1a: Great Tusk|Ice Spinner|p2a: Agency\n|-supereffective|p2a: Agency\n|-damage|p2a: Agency|52\/100\n|move|p2a: Agency|Rapid Spin|p1a: Great Tusk\n|-damage|p1a: Great Tusk|10\/100\n|-boost|p2a: Agency|spe|1\n|-sideend|p2: Ismvv|Stealth Rock|[from] move: Rapid Spin|[of] p2a: Agency\n|\n|-heal|p2a: Agency|58\/100|[from] item: Leftovers\n|upkeep\n|turn|14\n|\n|t:|1700757593\n|move|p2a: Agency|Rapid Spin|p1a: Great Tusk\n|-damage|p1a: Great Tusk|0 fnt\n|-boost|p2a: Agency|spe|1\n|faint|p1a: Great Tusk\n|-end|p1a: Great Tusk|Protosynthesis|[silent]\n|\n|-heal|p2a: Agency|64\/100|[from] item: Leftovers\n|upkeep\n|\n|t:|1700757606\n|switch|p1a: Alomomola|Alomomola, F|100\/100\n|turn|15\n|\n|t:|1700757613\n|-end|p2a: Agency|Protosynthesis|[silent]\n|switch|p2a: A thing.|Clodsire, F|65\/100\n|move|p1a: Alomomola|Scald|p2a: A thing.\n|-heal|p2a: A thing.|89\/100|[from] ability: Water Absorb|[of] p1a: Alomomola\n|\n|upkeep\n|turn|16\n|\n|t:|1700757621\n|switch|p1a: Slowking|Slowking-Galar, F|80\/100\n|move|p2a: A thing.|Spikes|p1a: Slowking\n|-sidestart|p1: JUSTAG232|Spikes\n|\n|upkeep\n|turn|17\n|\n|t:|1700757628\n|move|p2a: A thing.|Earthquake|p1a: Slowking\n|-supereffective|p1a: Slowking\n|-crit|p1a: Slowking\n|-damage|p1a: Slowking|0 fnt\n|faint|p1a: Slowking\n|\n|upkeep\n|\n|t:|1700757633\n|switch|p1a: Thundurus|Thundurus-Therian, M|100\/100\n|turn|18\n|inactive|JUSTAG232 has 120 seconds left.\n|\n|t:|1700757667\n|move|p1a: Thundurus|Grass Knot|p2a: A thing.\n|-damage|p2a: A thing.|51\/100\n|move|p2a: A thing.|Toxic|p1a: Thundurus\n|-status|p1a: Thundurus|tox\n|\n|-damage|p1a: Thundurus|94\/100 tox|[from] psn\n|upkeep\n|turn|19\n|\n|t:|1700757679\n|switch|p1a: Kingambit|Kingambit, F|100\/100\n|-damage|p1a: Kingambit|88\/100|[from] Spikes\n|-activate|p1a: Kingambit|ability: Supreme Overlord\n|-start|p1a: Kingambit|fallen2|[silent]\n|move|p2a: A thing.|Recover|p2a: A thing.\n|-heal|p2a: A thing.|100\/100\n|\n|-heal|p1a: Kingambit|94\/100|[from] item: Leftovers\n|upkeep\n|turn|20\n|inactive|JUSTAG232 has 120 seconds left.\n|\n|t:|1700757703\n|move|p1a: Kingambit|Kowtow Cleave|p2a: A thing.\n|-damage|p2a: A thing.|30\/100\n|move|p2a: A thing.|Earthquake|p1a: Kingambit\n|-supereffective|p1a: Kingambit\n|-damage|p1a: Kingambit|55\/100\n|\n|-heal|p1a: Kingambit|61\/100|[from] item: Leftovers\n|upkeep\n|turn|21\n|\n|t:|1700757716\n|move|p1a: Kingambit|Iron Head|p2a: A thing.\n|-damage|p2a: A thing.|0 fnt\n|faint|p2a: A thing.\n|\n|-heal|p1a: Kingambit|67\/100|[from] item: Leftovers\n|upkeep\n|\n|t:|1700757723\n|switch|p2a: Uno Dos Moltres|Moltres|100\/100\n|turn|22\n|\n|t:|1700757732\n|-end|p1a: Kingambit|fallen2|[silent]\n|switch|p1a: Thundurus|Thundurus-Therian, M|94\/100 tox\n|move|p2a: Uno Dos Moltres|Flamethrower|p1a: Thundurus\n|-crit|p1a: Thundurus\n|-damage|p1a: Thundurus|16\/100 tox\n|\n|-damage|p1a: Thundurus|10\/100 tox|[from] psn\n|upkeep\n|turn|23\n|\n|t:|1700757743\n|switch|p2a: Agency|Great Tusk|64\/100\n|move|p1a: Thundurus|Grass Knot|p2a: Agency\n|-supereffective|p2a: Agency\n|-crit|p2a: Agency\n|-damage|p2a: Agency|0 fnt\n|faint|p2a: Agency\n|-end|p2a: Agency|Protosynthesis|[silent]\n|\n|-damage|p1a: Thundurus|0 fnt|[from] psn\n|faint|p1a: Thundurus\n|upkeep\n|\n|t:|1700757752\n|switch|p1a: Alomomola|Alomomola, F|100\/100\n|switch|p2a: Gamakishi|Greninja, M|6\/100\n|-damage|p1a: Alomomola|88\/100|[from] Spikes\n|turn|24\n|\n|t:|1700757763\n|move|p2a: Gamakishi|Dark Pulse|p1a: Alomomola\n|-damage|p1a: Alomomola|56\/100\n|move|p1a: Alomomola|Flip Turn|p2a: Gamakishi\n|-resisted|p2a: Gamakishi\n|-damage|p2a: Gamakishi|0 fnt\n|faint|p2a: Gamakishi\n|\n|t:|1700757771\n|switch|p1a: Cinderace|Cinderace, F|100\/100|[from] Flip Turn\n|\n|upkeep\n|\n|t:|1700757793\n|switch|p2a: Bonogoat|Cresselia, F|100\/100\n|turn|25\n|\n|t:|1700757799\n|move|p1a: Cinderace|Court Change|p1a: Cinderace\n|-start|p1a: Cinderace|typechange|Normal|[from] ability: Libero\n|-swapsideconditions\n|-activate|p1a: Cinderace|move: Court Change\n|move|p2a: Bonogoat|Calm Mind|p2a: Bonogoat\n|-boost|p2a: Bonogoat|spa|1\n|-boost|p2a: Bonogoat|spd|1\n|\n|upkeep\n|turn|26\n|\n|t:|1700757806\n|move|p1a: Cinderace|Will-O-Wisp|p2a: Bonogoat\n|-status|p2a: Bonogoat|brn\n|move|p2a: Bonogoat|Calm Mind|p2a: Bonogoat\n|-boost|p2a: Bonogoat|spa|1\n|-boost|p2a: Bonogoat|spd|1\n|\n|-damage|p2a: Bonogoat|94\/100 brn|[from] brn\n|upkeep\n|turn|27\n|\n|t:|1700757811\n|move|p1a: Cinderace|U-turn|p2a: Bonogoat\n|-supereffective|p2a: Bonogoat\n|-damage|p2a: Bonogoat|64\/100 brn\n|\n|t:|1700757821\n|switch|p1a: Kingambit|Kingambit, F|67\/100|[from] U-turn\n|-activate|p1a: Kingambit|ability: Supreme Overlord\n|-start|p1a: Kingambit|fallen3|[silent]\n|move|p2a: Bonogoat|Calm Mind|p2a: Bonogoat\n|-boost|p2a: Bonogoat|spa|1\n|-boost|p2a: Bonogoat|spd|1\n|\n|-heal|p2a: Bonogoat|70\/100 brn|[from] item: Leftovers\n|-heal|p1a: Kingambit|74\/100|[from] item: Leftovers\n|-damage|p2a: Bonogoat|64\/100 brn|[from] brn\n|upkeep\n|turn|28\n|\n|t:|1700757831\n|-terastallize|p2a: Bonogoat|Poison\n|move|p2a: Bonogoat|Moonblast|p1a: Kingambit\n|-damage|p1a: Kingambit|32\/100\n|move|p1a: Kingambit|Kowtow Cleave|p2a: Bonogoat\n|-damage|p2a: Bonogoat|18\/100 brn\n|\n|-heal|p2a: Bonogoat|24\/100 brn|[from] item: Leftovers\n|-heal|p1a: Kingambit|39\/100|[from] item: Leftovers\n|-damage|p2a: Bonogoat|18\/100 brn|[from] brn\n|upkeep\n|turn|29\n|\n|t:|1700757842\n|move|p1a: Kingambit|Sucker Punch||[still]\n|-fail|p1a: Kingambit\n|move|p2a: Bonogoat|Moonlight|p2a: Bonogoat\n|-heal|p2a: Bonogoat|68\/100 brn\n|\n|-heal|p2a: Bonogoat|74\/100 brn|[from] item: Leftovers\n|-heal|p1a: Kingambit|45\/100|[from] item: Leftovers\n|-damage|p2a: Bonogoat|68\/100 brn|[from] brn\n|upkeep\n|turn|30\n|\n|t:|1700757867\n|-end|p1a: Kingambit|fallen3|[silent]\n|switch|p1a: Cinderace|Cinderace, F|100\/100\n|move|p2a: Bonogoat|Calm Mind|p2a: Bonogoat\n|-boost|p2a: Bonogoat|spa|1\n|-boost|p2a: Bonogoat|spd|1\n|\n|-heal|p2a: Bonogoat|74\/100 brn|[from] item: Leftovers\n|-damage|p2a: Bonogoat|68\/100 brn|[from] brn\n|upkeep\n|turn|31\n|\n|t:|1700757874\n|move|p1a: Cinderace|Pyro Ball|p2a: Bonogoat\n|-damage|p2a: Bonogoat|31\/100 brn\n|move|p2a: Bonogoat|Stored Power|p1a: Cinderace\n|-damage|p1a: Cinderace|0 fnt\n|faint|p1a: Cinderace\n|\n|-heal|p2a: Bonogoat|37\/100 brn|[from] item: Leftovers\n|-damage|p2a: Bonogoat|31\/100 brn|[from] brn\n|upkeep\n|\n|t:|1700757883\n|switch|p1a: Kingambit|Kingambit, F|45\/100\n|-activate|p1a: Kingambit|ability: Supreme Overlord\n|-start|p1a: Kingambit|fallen4|[silent]\n|turn|32\n|\n|t:|1700757889\n|move|p2a: Bonogoat|Moonlight|p2a: Bonogoat\n|-heal|p2a: Bonogoat|81\/100 brn\n|move|p1a: Kingambit|Swords Dance|p1a: Kingambit\n|-boost|p1a: Kingambit|atk|2\n|\n|-heal|p2a: Bonogoat|87\/100 brn|[from] item: Leftovers\n|-heal|p1a: Kingambit|51\/100|[from] item: Leftovers\n|-damage|p2a: Bonogoat|81\/100 brn|[from] brn\n|upkeep\n|turn|33\n|\n|t:|1700757895\n|move|p2a: Bonogoat|Moonblast|p1a: Kingambit\n|-damage|p1a: Kingambit|4\/100\n|move|p1a: Kingambit|Kowtow Cleave|p2a: Bonogoat\n|-damage|p2a: Bonogoat|0 fnt\n|faint|p2a: Bonogoat\n|\n|-heal|p1a: Kingambit|11\/100|[from] item: Leftovers\n|upkeep\n|\n|t:|1700757902\n|switch|p2a: Uno Dos Moltres|Moltres|100\/100\n|turn|34\n|\n|t:|1700757906\n|-end|p1a: Kingambit|fallen4|[silent]\n|switch|p1a: Alomomola|Alomomola, F|90\/100\n|move|p2a: Uno Dos Moltres|Will-O-Wisp|p1a: Alomomola|[miss]\n|-miss|p2a: Uno Dos Moltres|p1a: Alomomola\n|\n|upkeep\n|turn|35\n|\n|t:|1700757912\n|move|p2a: Uno Dos Moltres|U-turn|p1a: Alomomola\n|-damage|p1a: Alomomola|82\/100\n|\n|t:|1700757914\n|switch|p2a: Genoide|Dragapult, F|100\/100|[from] U-turn\n|-damage|p2a: Genoide|88\/100|[from] Spikes\n|move|p1a: Alomomola|Wish|p1a: Alomomola\n|\n|upkeep\n|turn|36\n|\n|t:|1700757922\n|move|p2a: Genoide|Dragon Darts|p1a: Alomomola\n|-damage|p1a: Alomomola|57\/100\n|-anim|p2a: Genoide|Dragon Darts|p1a: Alomomola\n|-damage|p1a: Alomomola|34\/100\n|move|p1a: Alomomola|Flip Turn|p2a: Genoide\n|-resisted|p2a: Genoide\n|-damage|p2a: Genoide|78\/100\n|\n|t:|1700757926\n|switch|p1a: Kingambit|Kingambit, F|11\/100|[from] Flip Turn\n|-activate|p1a: Kingambit|ability: Supreme Overlord\n|-start|p1a: Kingambit|fallen4|[silent]\n|\n|-heal|p1a: Kingambit|69\/100|[from] move: Wish|[wisher] Alomomola\n|-heal|p1a: Kingambit|76\/100|[from] item: Leftovers\n|upkeep\n|turn|37\n|\n|t:|1700757933\n|switch|p2a: Uno Dos Moltres|Moltres|100\/100\n|move|p1a: Kingambit|Kowtow Cleave|p2a: Uno Dos Moltres\n|-damage|p2a: Uno Dos Moltres|50\/100\n|\n|-heal|p1a: Kingambit|82\/100|[from] item: Leftovers\n|upkeep\n|turn|38\n|\n|t:|1700757941\n|-end|p1a: Kingambit|fallen4|[silent]\n|switch|p1a: Alomomola|Alomomola, F|67\/100\n|move|p2a: Uno Dos Moltres|Roost|p2a: Uno Dos Moltres\n|-heal|p2a: Uno Dos Moltres|99\/100\n|-singleturn|p2a: Uno Dos Moltres|move: Roost\n|\n|upkeep\n|turn|39\n|\n|t:|1700757947\n|move|p2a: Uno Dos Moltres|U-turn|p1a: Alomomola\n|-damage|p1a: Alomomola|58\/100\n|\n|t:|1700757949\n|switch|p2a: Genoide|Dragapult, F|78\/100|[from] U-turn\n|-damage|p2a: Genoide|65\/100|[from] Spikes\n|move|p1a: Alomomola|Scald|p2a: Genoide\n|-resisted|p2a: Genoide\n|-damage|p2a: Genoide|56\/100\n|\n|upkeep\n|turn|40\n|\n|t:|1700757964\n|move|p2a: Genoide|U-turn|p1a: Alomomola\n|-damage|p1a: Alomomola|37\/100\n|\n|t:|1700757967\n|switch|p2a: Uno Dos Moltres|Moltres|99\/100|[from] U-turn\n|move|p1a: Alomomola|Wish|p1a: Alomomola\n|\n|upkeep\n|turn|41\n|\n|t:|1700757975\n|move|p2a: Uno Dos Moltres|Will-O-Wisp|p1a: Alomomola\n|-status|p1a: Alomomola|brn\n|move|p1a: Alomomola|Scald|p2a: Uno Dos Moltres\n|-supereffective|p2a: Uno Dos Moltres\n|-damage|p2a: Uno Dos Moltres|73\/100\n|\n|-heal|p1a: Alomomola|87\/100 brn|[from] move: Wish|[wisher] Alomomola\n|-damage|p1a: Alomomola|81\/100 brn|[from] brn\n|upkeep\n|turn|42\n|\n|t:|1700757985\n|move|p2a: Uno Dos Moltres|Flamethrower|p1a: Alomomola\n|-resisted|p1a: Alomomola\n|-damage|p1a: Alomomola|64\/100 brn\n|move|p1a: Alomomola|Scald|p2a: Uno Dos Moltres\n|-supereffective|p2a: Uno Dos Moltres\n|-damage|p2a: Uno Dos Moltres|44\/100\n|\n|-damage|p1a: Alomomola|58\/100 brn|[from] brn\n|upkeep\n|turn|43\n|\n|t:|1700758011\n|move|p2a: Uno Dos Moltres|Roost|p2a: Uno Dos Moltres\n|-heal|p2a: Uno Dos Moltres|94\/100\n|-singleturn|p2a: Uno Dos Moltres|move: Roost\n|move|p1a: Alomomola|Flip Turn|p2a: Uno Dos Moltres\n|-supereffective|p2a: Uno Dos Moltres\n|-damage|p2a: Uno Dos Moltres|83\/100\n|\n|t:|1700758014\n|switch|p1a: Kingambit|Kingambit, F|82\/100|[from] Flip Turn\n|-activate|p1a: Kingambit|ability: Supreme Overlord\n|-start|p1a: Kingambit|fallen4|[silent]\n|\n|-heal|p1a: Kingambit|88\/100|[from] item: Leftovers\n|upkeep\n|turn|44\n|l|\u2606Ismvv\n|inactive|Ismvv disconnected and has a minute to reconnect!\n|player|p2|\n|j|\u2606Ismvv\n|inactive|Ismvv reconnected and has 130 seconds left.\n|player|p2|Ismvv|bruno\n|\n|t:|1700758040\n|-end|p1a: Kingambit|fallen4|[silent]\n|switch|p1a: Alomomola|Alomomola, F|91\/100 brn\n|move|p2a: Uno Dos Moltres|Will-O-Wisp|p1a: Alomomola|[miss]\n|-miss|p2a: Uno Dos Moltres|p1a: Alomomola\n|\n|-damage|p1a: Alomomola|85\/100 brn|[from] brn\n|upkeep\n|turn|45\n|\n|t:|1700758048\n|move|p2a: Uno Dos Moltres|U-turn|p1a: Alomomola\n|-damage|p1a: Alomomola|76\/100 brn\n|\n|t:|1700758052\n|switch|p2a: Genoide|Dragapult, F|56\/100|[from] U-turn\n|-damage|p2a: Genoide|44\/100|[from] Spikes\n|move|p1a: Alomomola|Flip Turn|p2a: Genoide\n|-resisted|p2a: Genoide\n|-damage|p2a: Genoide|39\/100\n|\n|t:|1700758055\n|switch|p1a: Kingambit|Kingambit, F|88\/100|[from] Flip Turn\n|-activate|p1a: Kingambit|ability: Supreme Overlord\n|-start|p1a: Kingambit|fallen4|[silent]\n|\n|-heal|p1a: Kingambit|94\/100|[from] item: Leftovers\n|upkeep\n|turn|46\n|\n|t:|1700758065\n|switch|p2a: Uno Dos Moltres|Moltres|83\/100\n|move|p1a: Kingambit|Swords Dance|p1a: Kingambit\n|-boost|p1a: Kingambit|atk|2\n|\n|-heal|p1a: Kingambit|100\/100|[from] item: Leftovers\n|upkeep\n|turn|47\n|\n|t:|1700758071\n|move|p2a: Uno Dos Moltres|Flamethrower|p1a: Kingambit\n|-supereffective|p1a: Kingambit\n|-damage|p1a: Kingambit|26\/100\n|-status|p1a: Kingambit|brn\n|move|p1a: Kingambit|Kowtow Cleave|p2a: Uno Dos Moltres\n|-damage|p2a: Uno Dos Moltres|33\/100\n|\n|-heal|p1a: Kingambit|32\/100 brn|[from] item: Leftovers\n|-damage|p1a: Kingambit|26\/100 brn|[from] brn\n|upkeep\n|turn|48\n|\n|t:|1700758084\n|move|p2a: Uno Dos Moltres|Roost|p2a: Uno Dos Moltres\n|-heal|p2a: Uno Dos Moltres|84\/100\n|-singleturn|p2a: Uno Dos Moltres|move: Roost\n|move|p1a: Kingambit|Kowtow Cleave|p2a: Uno Dos Moltres\n|-damage|p2a: Uno Dos Moltres|33\/100\n|\n|-heal|p1a: Kingambit|32\/100 brn|[from] item: Leftovers\n|-damage|p1a: Kingambit|26\/100 brn|[from] brn\n|upkeep\n|turn|49\n|\n|t:|1700758090\n|-end|p1a: Kingambit|fallen4|[silent]\n|switch|p1a: Alomomola|Alomomola, F|100\/100 brn\n|move|p2a: Uno Dos Moltres|Flamethrower|p1a: Alomomola\n|-resisted|p1a: Alomomola\n|-damage|p1a: Alomomola|82\/100 brn\n|\n|-damage|p1a: Alomomola|76\/100 brn|[from] brn\n|upkeep\n|turn|50\n|\n|t:|1700758100\n|move|p2a: Uno Dos Moltres|Roost|p2a: Uno Dos Moltres\n|-heal|p2a: Uno Dos Moltres|83\/100\n|-singleturn|p2a: Uno Dos Moltres|move: Roost\n|move|p1a: Alomomola|Wish|p1a: Alomomola\n|\n|-damage|p1a: Alomomola|70\/100 brn|[from] brn\n|upkeep\n|turn|51\n|\n|t:|1700758108\n|move|p2a: Uno Dos Moltres|Flamethrower|p1a: Alomomola\n|-resisted|p1a: Alomomola\n|-damage|p1a: Alomomola|53\/100 brn\n|move|p1a: Alomomola|Scald|p2a: Uno Dos Moltres\n|-supereffective|p2a: Uno Dos Moltres\n|-crit|p2a: Uno Dos Moltres\n|-damage|p2a: Uno Dos Moltres|43\/100\n|\n|-heal|p1a: Alomomola|100\/100 brn|[from] move: Wish|[wisher] Alomomola\n|-damage|p1a: Alomomola|94\/100 brn|[from] brn\n|upkeep\n|turn|52\n|\n|t:|1700758115\n|move|p2a: Uno Dos Moltres|Roost|p2a: Uno Dos Moltres\n|-heal|p2a: Uno Dos Moltres|93\/100\n|-singleturn|p2a: Uno Dos Moltres|move: Roost\n|move|p1a: Alomomola|Scald|p2a: Uno Dos Moltres\n|-supereffective|p2a: Uno Dos Moltres\n|-damage|p2a: Uno Dos Moltres|64\/100\n|\n|-damage|p1a: Alomomola|88\/100 brn|[from] brn\n|upkeep\n|turn|53\n|\n|t:|1700758125\n|move|p2a: Uno Dos Moltres|Roost|p2a: Uno Dos Moltres\n|-heal|p2a: Uno Dos Moltres|100\/100\n|-singleturn|p2a: Uno Dos Moltres|move: Roost\n|move|p1a: Alomomola|Wish|p1a: Alomomola\n|\n|-damage|p1a: Alomomola|82\/100 brn|[from] brn\n|upkeep\n|turn|54\n|\n|t:|1700758131\n|move|p2a: Uno Dos Moltres|Flamethrower|p1a: Alomomola\n|-resisted|p1a: Alomomola\n|-damage|p1a: Alomomola|64\/100 brn\n|move|p1a: Alomomola|Flip Turn|p2a: Uno Dos Moltres\n|-supereffective|p2a: Uno Dos Moltres\n|-damage|p2a: Uno Dos Moltres|89\/100\n|\n|t:|1700758138\n|switch|p1a: Kingambit|Kingambit, F|26\/100 brn|[from] Flip Turn\n|-activate|p1a: Kingambit|ability: Supreme Overlord\n|-start|p1a: Kingambit|fallen4|[silent]\n|\n|-heal|p1a: Kingambit|84\/100 brn|[from] move: Wish|[wisher] Alomomola\n|-heal|p1a: Kingambit|91\/100 brn|[from] item: Leftovers\n|-damage|p1a: Kingambit|84\/100 brn|[from] brn\n|upkeep\n|turn|55\n|\n|t:|1700758145\n|-end|p1a: Kingambit|fallen4|[silent]\n|switch|p1a: Alomomola|Alomomola, F|97\/100 brn\n|move|p2a: Uno Dos Moltres|Flamethrower|p1a: Alomomola\n|-resisted|p1a: Alomomola\n|-damage|p1a: Alomomola|81\/100 brn\n|\n|-damage|p1a: Alomomola|74\/100 brn|[from] brn\n|upkeep\n|turn|56\n|\n|t:|1700758153\n|switch|p2a: Genoide|Dragapult, F|39\/100\n|-damage|p2a: Genoide|27\/100|[from] Spikes\n|move|p1a: Alomomola|Wish|p1a: Alomomola\n|\n|-damage|p1a: Alomomola|68\/100 brn|[from] brn\n|upkeep\n|turn|57\n|\n|t:|1700758159\n|move|p2a: Genoide|Dragon Darts|p1a: Alomomola\n|-damage|p1a: Alomomola|45\/100 brn\n|-anim|p2a: Genoide|Dragon Darts|p1a: Alomomola\n|-damage|p1a: Alomomola|22\/100 brn\n|move|p1a: Alomomola|Flip Turn|p2a: Genoide\n|-resisted|p2a: Genoide\n|-damage|p2a: Genoide|22\/100\n|\n|t:|1700758166\n|switch|p1a: Kingambit|Kingambit, F|84\/100 brn|[from] Flip Turn\n|-activate|p1a: Kingambit|ability: Supreme Overlord\n|-start|p1a: Kingambit|fallen4|[silent]\n|\n|-heal|p1a: Kingambit|100\/100 brn|[from] move: Wish|[wisher] Alomomola\n|-damage|p1a: Kingambit|94\/100 brn|[from] brn\n|upkeep\n|turn|58\n|\n|t:|1700758173\n|move|p2a: Genoide|Dragon Darts|p1a: Kingambit\n|-resisted|p1a: Kingambit\n|-damage|p1a: Kingambit|80\/100 brn\n|-anim|p2a: Genoide|Dragon Darts|p1a: Kingambit\n|-resisted|p1a: Kingambit\n|-damage|p1a: Kingambit|67\/100 brn\n|move|p1a: Kingambit|Swords Dance|p1a: Kingambit\n|-boost|p1a: Kingambit|atk|2\n|\n|-heal|p1a: Kingambit|73\/100 brn|[from] item: Leftovers\n|-damage|p1a: Kingambit|67\/100 brn|[from] brn\n|upkeep\n|turn|59\n|\n|t:|1700758180\n|move|p1a: Kingambit|Sucker Punch|p2a: Genoide\n|-supereffective|p2a: Genoide\n|-damage|p2a: Genoide|0 fnt\n|faint|p2a: Genoide\n|\n|-heal|p1a: Kingambit|73\/100 brn|[from] item: Leftovers\n|-damage|p1a: Kingambit|67\/100 brn|[from] brn\n|upkeep\n|\n|t:|1700758182\n|switch|p2a: Uno Dos Moltres|Moltres|89\/100\n|turn|60\n|\n|t:|1700758192\n|-end|p1a: Kingambit|fallen4|[silent]\n|switch|p1a: Alomomola|Alomomola, F|55\/100 brn\n|move|p2a: Uno Dos Moltres|Flamethrower|p1a: Alomomola\n|-resisted|p1a: Alomomola\n|-damage|p1a: Alomomola|39\/100 brn\n|\n|-damage|p1a: Alomomola|33\/100 brn|[from] brn\n|upkeep\n|turn|61\n|\n|t:|1700758215\n|move|p2a: Uno Dos Moltres|Flamethrower|p1a: Alomomola\n|-resisted|p1a: Alomomola\n|-damage|p1a: Alomomola|15\/100 brn\n|move|p1a: Alomomola|Flip Turn|p2a: Uno Dos Moltres\n|-supereffective|p2a: Uno Dos Moltres\n|-damage|p2a: Uno Dos Moltres|78\/100\n|\n|t:|1700758221\n|switch|p1a: Kingambit|Kingambit, F|67\/100 brn|[from] Flip Turn\n|-activate|p1a: Kingambit|ability: Supreme Overlord\n|-start|p1a: Kingambit|fallen4|[silent]\n|\n|-heal|p1a: Kingambit|73\/100 brn|[from] item: Leftovers\n|-damage|p1a: Kingambit|67\/100 brn|[from] brn\n|upkeep\n|turn|62\n|\n|t:|1700758226\n|move|p2a: Uno Dos Moltres|Flamethrower|p1a: Kingambit\n|-supereffective|p1a: Kingambit\n|-damage|p1a: Kingambit|0 fnt\n|faint|p1a: Kingambit\n|-end|p1a: Kingambit|fallen4|[silent]\n|\n|upkeep\n|\n|t:|1700758230\n|switch|p1a: Alomomola|Alomomola, F|48\/100 brn\n|turn|63\n|\n|t:|1700758237\n|move|p2a: Uno Dos Moltres|Flamethrower|p1a: Alomomola\n|-resisted|p1a: Alomomola\n|-damage|p1a: Alomomola|31\/100 brn\n|move|p1a: Alomomola|Wish|p1a: Alomomola\n|\n|-damage|p1a: Alomomola|25\/100 brn|[from] brn\n|upkeep\n|turn|64\n|\n|t:|1700758243\n|move|p2a: Uno Dos Moltres|Flamethrower|p1a: Alomomola\n|-resisted|p1a: Alomomola\n|-damage|p1a: Alomomola|9\/100 brn\n|move|p1a: Alomomola|Scald|p2a: Uno Dos Moltres\n|-supereffective|p2a: Uno Dos Moltres\n|-damage|p2a: Uno Dos Moltres|49\/100\n|\n|-heal|p1a: Alomomola|59\/100 brn|[from] move: Wish|[wisher] Alomomola\n|-damage|p1a: Alomomola|53\/100 brn|[from] brn\n|upkeep\n|turn|65\n|\n|t:|1700758252\n|move|p2a: Uno Dos Moltres|Flamethrower|p1a: Alomomola\n|-resisted|p1a: Alomomola\n|-damage|p1a: Alomomola|36\/100 brn\n|move|p1a: Alomomola|Wish|p1a: Alomomola\n|\n|-damage|p1a: Alomomola|30\/100 brn|[from] brn\n|upkeep\n|turn|66\n|\n|t:|1700758258\n|move|p2a: Uno Dos Moltres|Flamethrower|p1a: Alomomola\n|-resisted|p1a: Alomomola\n|-damage|p1a: Alomomola|12\/100 brn\n|move|p1a: Alomomola|Scald|p2a: Uno Dos Moltres\n|-supereffective|p2a: Uno Dos Moltres\n|-damage|p2a: Uno Dos Moltres|24\/100\n|\n|-heal|p1a: Alomomola|62\/100 brn|[from] move: Wish|[wisher] Alomomola\n|-damage|p1a: Alomomola|55\/100 brn|[from] brn\n|upkeep\n|turn|67\n|\n|t:|1700758266\n|move|p2a: Uno Dos Moltres|Roost|p2a: Uno Dos Moltres\n|-heal|p2a: Uno Dos Moltres|74\/100\n|-singleturn|p2a: Uno Dos Moltres|move: Roost\n|move|p1a: Alomomola|Wish|p1a: Alomomola\n|\n|-damage|p1a: Alomomola|49\/100 brn|[from] brn\n|upkeep\n|turn|68\n|\n|t:|1700758273\n|move|p2a: Uno Dos Moltres|Flamethrower|p1a: Alomomola\n|-resisted|p1a: Alomomola\n|-damage|p1a: Alomomola|31\/100 brn\n|move|p1a: Alomomola|Scald|p2a: Uno Dos Moltres\n|-supereffective|p2a: Uno Dos Moltres\n|-damage|p2a: Uno Dos Moltres|45\/100\n|\n|-heal|p1a: Alomomola|81\/100 brn|[from] move: Wish|[wisher] Alomomola\n|-damage|p1a: Alomomola|75\/100 brn|[from] brn\n|upkeep\n|turn|69\n|\n|t:|1700758282\n|move|p2a: Uno Dos Moltres|Flamethrower|p1a: Alomomola\n|-resisted|p1a: Alomomola\n|-damage|p1a: Alomomola|59\/100 brn\n|move|p1a: Alomomola|Scald|p2a: Uno Dos Moltres\n|-supereffective|p2a: Uno Dos Moltres\n|-damage|p2a: Uno Dos Moltres|15\/100\n|\n|-damage|p1a: Alomomola|53\/100 brn|[from] brn\n|upkeep\n|turn|70\n|\n|t:|1700758291\n|move|p2a: Uno Dos Moltres|Roost|p2a: Uno Dos Moltres\n|-heal|p2a: Uno Dos Moltres|65\/100\n|-singleturn|p2a: Uno Dos Moltres|move: Roost\n|move|p1a: Alomomola|Wish|p1a: Alomomola\n|\n|-damage|p1a: Alomomola|46\/100 brn|[from] brn\n|upkeep\n|turn|71\n|\n|t:|1700758298\n|move|p2a: Uno Dos Moltres|Flamethrower|p1a: Alomomola\n|-resisted|p1a: Alomomola\n|-damage|p1a: Alomomola|28\/100 brn\n|move|p1a: Alomomola|Scald|p2a: Uno Dos Moltres\n|-supereffective|p2a: Uno Dos Moltres\n|-damage|p2a: Uno Dos Moltres|36\/100\n|\n|-heal|p1a: Alomomola|78\/100 brn|[from] move: Wish|[wisher] Alomomola\n|-damage|p1a: Alomomola|72\/100 brn|[from] brn\n|upkeep\n|turn|72\n|\n|t:|1700758304\n|move|p2a: Uno Dos Moltres|Flamethrower|p1a: Alomomola\n|-resisted|p1a: Alomomola\n|-damage|p1a: Alomomola|56\/100 brn\n|move|p1a: Alomomola|Scald|p2a: Uno Dos Moltres\n|-supereffective|p2a: Uno Dos Moltres\n|-damage|p2a: Uno Dos Moltres|11\/100\n|\n|-damage|p1a: Alomomola|50\/100 brn|[from] brn\n|upkeep\n|turn|73\n|c|\u2606Ismvv|Gg\n|\n|t:|1700758315\n|move|p2a: Uno Dos Moltres|Flamethrower|p1a: Alomomola\n|-resisted|p1a: Alomomola\n|-damage|p1a: Alomomola|33\/100 brn\n|move|p1a: Alomomola|Flip Turn|p2a: Uno Dos Moltres\n|-supereffective|p2a: Uno Dos Moltres\n|-damage|p2a: Uno Dos Moltres|0 fnt\n|faint|p2a: Uno Dos Moltres\n|\n|win|JUSTAG232\n|raw|JUSTAG232's rating: 1417 &rarr; <strong>1435<\/strong><br \/>(+18 for winning)\n|raw|Ismvv's rating: 1383 &rarr; <strong>1365<\/strong><br \/>(-18 for losing)\n|c|\u2606JUSTAG232|gg\n|l|\u2606Ismvv\n","uploadtime":1700758330,"views":1,"p1id":"justag232","p2id":"ismvv","formatid":"gen9ou","rating":1365,"private":0,"password":""}