{"id":"gen9ou-1988592676","p1":"BloightWithO","p2":"Zeret7","format":"[Gen 9] OU","log":"|j|\u2606BloightWithO\n|j|\u2606Zeret7\n|t:|1699739720\n|gametype|singles\n|player|p1|BloightWithO|elesa|1228\n|player|p2|Zeret7|hilbert-wonderlauncher|1272\n|teamsize|p1|6\n|teamsize|p2|6\n|gen|9\n|tier|[Gen 9] OU\n|rated|\n|rule|Sleep Clause Mod: Limit one foe put to sleep\n|rule|Species Clause: Limit one of each Pok\u00e9mon\n|rule|OHKO Clause: OHKO moves are banned\n|rule|Evasion Items Clause: Evasion items are banned\n|rule|Evasion Moves Clause: Evasion moves are banned\n|rule|Endless Battle Clause: Forcing endless battles is banned\n|rule|HP Percentage Mod: HP is shown in percentages\n|clearpoke\n|poke|p1|Ogerpon-Cornerstone, F|\n|poke|p1|Azelf|\n|poke|p1|Sinistcha-Masterpiece|\n|poke|p1|Great Tusk|\n|poke|p1|Iron Moth|\n|poke|p1|Samurott-Hisui, F|\n|poke|p2|Alomomola, M|\n|poke|p2|Dondozo, M|\n|poke|p2|Corviknight, M|\n|poke|p2|Blissey, F|\n|poke|p2|Toxapex, M|\n|poke|p2|Clodsire, M|\n|teampreview\n|inactive|Battle timer is ON: inactive players will automatically lose when time's up. (requested by BloightWithO)\n|\n|t:|1699739732\n|start\n|switch|p1a: Azelf|Azelf|100\/100\n|switch|p2a: Corviknight|Corviknight, M, shiny|100\/100\n|-ability|p2a: Corviknight|Pressure\n|turn|1\n|l|\u2606BloightWithO\n|inactive|BloightWithO disconnected and has a minute to reconnect!\n|player|p1|\n|j|\u2606BloightWithO\n|inactive|BloightWithO reconnected and has 130 seconds left.\n|player|p1|BloightWithO|elesa\n|\n|t:|1699739754\n|move|p1a: Azelf|Thunder Wave|p2a: Corviknight|[miss]\n|-miss|p1a: Azelf|p2a: Corviknight\n|move|p2a: Corviknight|Brave Bird|p1a: Azelf\n|-damage|p1a: Azelf|46\/100\n|-damage|p2a: Corviknight|87\/100|[from] Recoil\n|\n|-heal|p2a: Corviknight|94\/100|[from] item: Leftovers\n|upkeep\n|turn|2\n|\n|t:|1699739764\n|move|p1a: Azelf|Stealth Rock|p2a: Corviknight\n|-sidestart|p2: Zeret7|move: Stealth Rock\n|move|p2a: Corviknight|Brave Bird|p1a: Azelf\n|-damage|p1a: Azelf|0 fnt\n|faint|p1a: Azelf\n|-damage|p2a: Corviknight|83\/100|[from] Recoil\n|\n|-heal|p2a: Corviknight|89\/100|[from] item: Leftovers\n|upkeep\n|\n|t:|1699739772\n|switch|p1a: Iron Moth|Iron Moth|100\/100\n|-enditem|p1a: Iron Moth|Booster Energy\n|-activate|p1a: Iron Moth|ability: Quark Drive|[fromitem]\n|-start|p1a: Iron Moth|quarkdrivespe\n|turn|3\n|\n|t:|1699739780\n|switch|p2a: Clodsire|Clodsire, M|100\/100\n|-damage|p2a: Clodsire|94\/100|[from] Stealth Rock\n|move|p1a: Iron Moth|Fiery Dance|p2a: Clodsire\n|-damage|p2a: Clodsire|72\/100\n|-boost|p1a: Iron Moth|spa|1\n|\n|-heal|p2a: Clodsire|78\/100|[from] item: Leftovers\n|upkeep\n|turn|4\n|\n|t:|1699739792\n|-end|p1a: Iron Moth|Quark Drive|[silent]\n|switch|p1a: Great Tusk|Great Tusk|100\/100\n|move|p2a: Clodsire|Spikes|p1a: Great Tusk\n|-sidestart|p1: BloightWithO|Spikes\n|\n|-heal|p2a: Clodsire|84\/100|[from] item: Leftovers\n|upkeep\n|turn|5\n|\n|t:|1699739806\n|switch|p2a: Dondozo|Dondozo, M|100\/100\n|-damage|p2a: Dondozo|88\/100|[from] Stealth Rock\n|move|p1a: Great Tusk|Rapid Spin|p2a: Dondozo\n|-damage|p2a: Dondozo|81\/100\n|-boost|p1a: Great Tusk|spe|1\n|-sideend|p1: BloightWithO|Spikes|[from] move: Rapid Spin|[of] p1a: Great Tusk\n|\n|-heal|p2a: Dondozo|87\/100|[from] item: Leftovers\n|upkeep\n|turn|6\n|\n|t:|1699739816\n|-end|p1a: Great Tusk|Protosynthesis|[silent]\n|switch|p1a: Sinistcha|Sinistcha-Masterpiece|100\/100\n|move|p2a: Dondozo|Liquidation|p1a: Sinistcha\n|-resisted|p1a: Sinistcha\n|-damage|p1a: Sinistcha|91\/100\n|\n|-heal|p1a: Sinistcha|97\/100|[from] item: Leftovers\n|-heal|p2a: Dondozo|93\/100|[from] item: Leftovers\n|upkeep\n|turn|7\n|\n|t:|1699739826\n|switch|p2a: Clodsire|Clodsire, M|84\/100\n|-damage|p2a: Clodsire|78\/100|[from] Stealth Rock\n|move|p1a: Sinistcha|Strength Sap|p2a: Clodsire\n|-unboost|p2a: Clodsire|atk|1\n|-heal|p1a: Sinistcha|100\/100\n|\n|-heal|p2a: Clodsire|84\/100|[from] item: Leftovers\n|upkeep\n|turn|8\n|\n|t:|1699739837\n|switch|p1a: Great Tusk|Great Tusk|100\/100\n|move|p2a: Clodsire|Toxic|p1a: Great Tusk\n|-status|p1a: Great Tusk|tox\n|\n|-heal|p2a: Clodsire|90\/100|[from] item: Leftovers\n|-damage|p1a: Great Tusk|94\/100 tox|[from] psn\n|upkeep\n|turn|9\n|\n|t:|1699739850\n|switch|p2a: Corviknight|Corviknight, M, shiny|89\/100\n|-damage|p2a: Corviknight|76\/100|[from] Stealth Rock\n|-ability|p2a: Corviknight|Pressure\n|move|p1a: Great Tusk|Knock Off|p2a: Corviknight\n|-crit|p2a: Corviknight\n|-damage|p2a: Corviknight|52\/100\n|-enditem|p2a: Corviknight|Leftovers|[from] move: Knock Off|[of] p1a: Great Tusk\n|\n|-heal|p1a: Great Tusk|100\/100 tox|[from] item: Leftovers\n|-damage|p1a: Great Tusk|88\/100 tox|[from] psn\n|upkeep\n|turn|10\n|\n|t:|1699739867\n|-end|p1a: Great Tusk|Protosynthesis|[silent]\n|switch|p1a: Ogerpon|Ogerpon-Cornerstone, F|100\/100\n|move|p2a: Corviknight|Defog|p1a: Ogerpon\n|-unboost|p1a: Ogerpon|evasion|1\n|-sideend|p2: Zeret7|Stealth Rock|[from] move: Defog|[of] p2a: Corviknight\n|\n|upkeep\n|turn|11\n|\n|t:|1699739875\n|move|p1a: Ogerpon|Swords Dance|p1a: Ogerpon\n|-boost|p1a: Ogerpon|atk|2\n|move|p2a: Corviknight|Roost|p2a: Corviknight\n|-heal|p2a: Corviknight|100\/100\n|-singleturn|p2a: Corviknight|move: Roost\n|\n|upkeep\n|turn|12\n|\n|t:|1699739882\n|move|p1a: Ogerpon|Ivy Cudgel|p2a: Corviknight\n|-damage|p2a: Corviknight|32\/100\n|move|p2a: Corviknight|Brave Bird|p1a: Ogerpon\n|-damage|p1a: Ogerpon|50\/100\n|-damage|p2a: Corviknight|20\/100|[from] Recoil\n|\n|upkeep\n|turn|13\n|\n|t:|1699739909\n|move|p1a: Ogerpon|Ivy Cudgel|p2a: Corviknight\n|-damage|p2a: Corviknight|0 fnt\n|faint|p2a: Corviknight\n|\n|upkeep\n|\n|t:|1699739913\n|switch|p2a: Dondozo|Dondozo, M|93\/100\n|turn|14\n|\n|t:|1699739917\n|-terastallize|p2a: Dondozo|Fairy\n|move|p1a: Ogerpon|Power Whip|p2a: Dondozo\n|-crit|p2a: Dondozo\n|-damage|p2a: Dondozo|50\/100\n|move|p2a: Dondozo|Body Press|p1a: Ogerpon\n|-supereffective|p1a: Ogerpon\n|-damage|p1a: Ogerpon|0 fnt\n|faint|p1a: Ogerpon\n|\n|-heal|p2a: Dondozo|56\/100|[from] item: Leftovers\n|upkeep\n|\n|t:|1699739926\n|switch|p1a: Sinistcha|Sinistcha-Masterpiece|100\/100\n|turn|15\n|\n|t:|1699739934\n|switch|p2a: Clodsire|Clodsire, M|90\/100\n|move|p1a: Sinistcha|Shadow Ball|p2a: Clodsire\n|-damage|p2a: Clodsire|71\/100\n|\n|-heal|p2a: Clodsire|78\/100|[from] item: Leftovers\n|upkeep\n|turn|16\n|\n|t:|1699739942\n|switch|p1a: Great Tusk|Great Tusk|88\/100 tox\n|move|p2a: Clodsire|Toxic|p1a: Great Tusk\n|-fail|p1a: Great Tusk|tox\n|\n|-heal|p1a: Great Tusk|94\/100 tox|[from] item: Leftovers\n|-heal|p2a: Clodsire|84\/100|[from] item: Leftovers\n|-damage|p1a: Great Tusk|88\/100 tox|[from] psn\n|upkeep\n|turn|17\n|\n|t:|1699739955\n|switch|p2a: Alomomola|Alomomola, M|100\/100\n|move|p1a: Great Tusk|Earthquake|p2a: Alomomola\n|-damage|p2a: Alomomola|79\/100\n|\n|-heal|p1a: Great Tusk|94\/100 tox|[from] item: Leftovers\n|-damage|p1a: Great Tusk|82\/100 tox|[from] psn\n|upkeep\n|turn|18\n|\n|t:|1699739965\n|-end|p1a: Great Tusk|Protosynthesis|[silent]\n|switch|p1a: Sinistcha|Sinistcha-Masterpiece|100\/100\n|move|p2a: Alomomola|Wish|p2a: Alomomola\n|\n|upkeep\n|turn|19\n|\n|t:|1699739973\n|switch|p2a: Clodsire|Clodsire, M|84\/100\n|move|p1a: Sinistcha|Shadow Ball|p2a: Clodsire\n|-damage|p2a: Clodsire|66\/100\n|\n|-heal|p2a: Clodsire|100\/100|[from] move: Wish|[wisher] Alomomola\n|upkeep\n|turn|20\n|\n|t:|1699739983\n|switch|p1a: Great Tusk|Great Tusk|82\/100 tox\n|move|p2a: Clodsire|Spikes|p1a: Great Tusk\n|-sidestart|p1: BloightWithO|Spikes\n|\n|-heal|p1a: Great Tusk|88\/100 tox|[from] item: Leftovers\n|-damage|p1a: Great Tusk|82\/100 tox|[from] psn\n|upkeep\n|turn|21\n|\n|t:|1699739994\n|switch|p2a: Alomomola|Alomomola, M|100\/100\n|move|p1a: Great Tusk|Rapid Spin|p2a: Alomomola\n|-damage|p2a: Alomomola|92\/100\n|-boost|p1a: Great Tusk|spe|1\n|-sideend|p1: BloightWithO|Spikes|[from] move: Rapid Spin|[of] p1a: Great Tusk\n|\n|-heal|p1a: Great Tusk|88\/100 tox|[from] item: Leftovers\n|-damage|p1a: Great Tusk|76\/100 tox|[from] psn\n|upkeep\n|turn|22\n|\n|t:|1699740004\n|move|p1a: Great Tusk|Knock Off|p2a: Alomomola\n|-damage|p2a: Alomomola|76\/100\n|-enditem|p2a: Alomomola|Heavy-Duty Boots|[from] move: Knock Off|[of] p1a: Great Tusk\n|move|p2a: Alomomola|Scald|p1a: Great Tusk\n|-supereffective|p1a: Great Tusk\n|-damage|p1a: Great Tusk|38\/100 tox\n|\n|-heal|p1a: Great Tusk|45\/100 tox|[from] item: Leftovers\n|-damage|p1a: Great Tusk|26\/100 tox|[from] psn\n|upkeep\n|turn|23\n|\n|t:|1699740016\n|-end|p1a: Great Tusk|Protosynthesis|[silent]\n|switch|p1a: Sinistcha|Sinistcha-Masterpiece|100\/100\n|move|p2a: Alomomola|Scald|p1a: Sinistcha\n|-resisted|p1a: Sinistcha\n|-damage|p1a: Sinistcha|93\/100\n|-status|p1a: Sinistcha|brn\n|\n|-heal|p1a: Sinistcha|99\/100 brn|[from] item: Leftovers\n|-damage|p1a: Sinistcha|96\/100 brn|[from] brn\n|upkeep\n|turn|24\n|\n|t:|1699740027\n|switch|p2a: Clodsire|Clodsire, M|100\/100\n|move|p1a: Sinistcha|Matcha Gotcha|p2a: Clodsire\n|-damage|p2a: Clodsire|82\/100\n|-heal|p1a: Sinistcha|100\/100 brn|[from] drain|[of] p2a: Clodsire\n|\n|-heal|p2a: Clodsire|88\/100|[from] item: Leftovers\n|-damage|p1a: Sinistcha|98\/100 brn|[from] brn\n|upkeep\n|turn|25\n|\n|t:|1699740038\n|switch|p1a: Great Tusk|Great Tusk|26\/100 tox\n|move|p2a: Clodsire|Spikes|p1a: Great Tusk\n|-sidestart|p1: BloightWithO|Spikes\n|\n|-heal|p1a: Great Tusk|32\/100 tox|[from] item: Leftovers\n|-heal|p2a: Clodsire|94\/100|[from] item: Leftovers\n|-damage|p1a: Great Tusk|26\/100 tox|[from] psn\n|upkeep\n|turn|26\n|\n|t:|1699740049\n|switch|p2a: Alomomola|Alomomola, M|100\/100\n|move|p1a: Great Tusk|Rapid Spin|p2a: Alomomola\n|-damage|p2a: Alomomola|92\/100\n|-boost|p1a: Great Tusk|spe|1\n|-sideend|p1: BloightWithO|Spikes|[from] move: Rapid Spin|[of] p1a: Great Tusk\n|\n|-heal|p1a: Great Tusk|32\/100 tox|[from] item: Leftovers\n|-damage|p1a: Great Tusk|20\/100 tox|[from] psn\n|upkeep\n|turn|27\n|\n|t:|1699740062\n|move|p1a: Great Tusk|Earthquake|p2a: Alomomola\n|-damage|p2a: Alomomola|68\/100\n|move|p2a: Alomomola|Flip Turn|p1a: Great Tusk\n|-supereffective|p1a: Great Tusk\n|-damage|p1a: Great Tusk|4\/100 tox\n|\n|t:|1699740070\n|switch|p2a: Clodsire|Clodsire, M|94\/100|[from] Flip Turn\n|\n|-heal|p1a: Great Tusk|11\/100 tox|[from] item: Leftovers\n|-heal|p2a: Clodsire|99\/100|[from] item: Leftovers\n|-damage|p1a: Great Tusk|0 fnt|[from] psn\n|faint|p1a: Great Tusk\n|-end|p1a: Great Tusk|Protosynthesis|[silent]\n|upkeep\n|\n|t:|1699740080\n|switch|p1a: Sinistcha|Sinistcha-Masterpiece|98\/100 brn\n|turn|28\n|\n|t:|1699740097\n|switch|p2a: Dondozo|Dondozo, M, tera:Fairy|56\/100\n|move|p1a: Sinistcha|Nasty Plot|p1a: Sinistcha\n|-boost|p1a: Sinistcha|spa|2\n|\n|-heal|p1a: Sinistcha|100\/100 brn|[from] item: Leftovers\n|-heal|p2a: Dondozo|62\/100|[from] item: Leftovers\n|-damage|p1a: Sinistcha|98\/100 brn|[from] brn\n|upkeep\n|turn|29\n|\n|t:|1699740107\n|move|p1a: Sinistcha|Strength Sap|p2a: Dondozo\n|-unboost|p2a: Dondozo|atk|1\n|-heal|p1a: Sinistcha|100\/100 brn\n|move|p2a: Dondozo|Rest|p2a: Dondozo\n|-status|p2a: Dondozo|slp|[from] move: Rest\n|-heal|p2a: Dondozo|100\/100 slp|[silent]\n|\n|-damage|p1a: Sinistcha|98\/100 brn|[from] brn\n|upkeep\n|turn|30\n|\n|t:|1699740118\n|move|p1a: Sinistcha|Shadow Ball|p2a: Dondozo\n|-damage|p2a: Dondozo|67\/100 slp\n|cant|p2a: Dondozo|slp\n|\n|-heal|p1a: Sinistcha|100\/100 brn|[from] item: Leftovers\n|-heal|p2a: Dondozo|73\/100 slp|[from] item: Leftovers\n|-damage|p1a: Sinistcha|98\/100 brn|[from] brn\n|upkeep\n|turn|31\n|\n|t:|1699740128\n|move|p1a: Sinistcha|Shadow Ball|p2a: Dondozo\n|-damage|p2a: Dondozo|39\/100 slp\n|cant|p2a: Dondozo|slp\n|move|p2a: Dondozo|Sleep Talk|p2a: Dondozo\n|move|p2a: Dondozo|Liquidation|p1a: Sinistcha|[from]move: Sleep Talk\n|-resisted|p1a: Sinistcha\n|-damage|p1a: Sinistcha|91\/100 brn\n|\n|-heal|p1a: Sinistcha|97\/100 brn|[from] item: Leftovers\n|-heal|p2a: Dondozo|46\/100 slp|[from] item: Leftovers\n|-damage|p1a: Sinistcha|94\/100 brn|[from] brn\n|upkeep\n|turn|32\n|\n|t:|1699740143\n|switch|p2a: Blissey|Blissey, F|100\/100\n|move|p1a: Sinistcha|Matcha Gotcha|p2a: Blissey\n|-crit|p2a: Blissey\n|-damage|p2a: Blissey|73\/100\n|-heal|p1a: Sinistcha|100\/100 brn|[from] drain|[of] p2a: Blissey\n|\n|-damage|p1a: Sinistcha|98\/100 brn|[from] brn\n|upkeep\n|turn|33\n|\n|t:|1699740154\n|move|p1a: Sinistcha|Nasty Plot|p1a: Sinistcha\n|-boost|p1a: Sinistcha|spa|2\n|move|p2a: Blissey|Seismic Toss|p1a: Sinistcha\n|-immune|p1a: Sinistcha\n|\n|-heal|p1a: Sinistcha|100\/100 brn|[from] item: Leftovers\n|-damage|p1a: Sinistcha|98\/100 brn|[from] brn\n|upkeep\n|turn|34\n|\n|t:|1699740163\n|move|p1a: Sinistcha|Nasty Plot|p1a: Sinistcha\n|-boost|p1a: Sinistcha|spa|2\n|move|p2a: Blissey|Stealth Rock|p1a: Sinistcha\n|-sidestart|p1: BloightWithO|move: Stealth Rock\n|\n|-heal|p1a: Sinistcha|100\/100 brn|[from] item: Leftovers\n|-damage|p1a: Sinistcha|98\/100 brn|[from] brn\n|upkeep\n|turn|35\n|\n|t:|1699740176\n|switch|p2a: Clodsire|Clodsire, M|99\/100\n|move|p1a: Sinistcha|Matcha Gotcha|p2a: Clodsire|[miss]\n|-miss|p1a: Sinistcha|p2a: Clodsire\n|\n|-heal|p1a: Sinistcha|100\/100 brn|[from] item: Leftovers\n|-heal|p2a: Clodsire|100\/100|[from] item: Leftovers\n|-damage|p1a: Sinistcha|98\/100 brn|[from] brn\n|upkeep\n|turn|36\n|\n|t:|1699740187\n|move|p1a: Sinistcha|Shadow Ball|p2a: Clodsire\n|-damage|p2a: Clodsire|84\/100\n|move|p2a: Clodsire|Spikes|p1a: Sinistcha\n|-sidestart|p1: BloightWithO|Spikes\n|\n|-heal|p1a: Sinistcha|100\/100 brn|[from] item: Leftovers\n|-heal|p2a: Clodsire|90\/100|[from] item: Leftovers\n|-damage|p1a: Sinistcha|98\/100 brn|[from] brn\n|upkeep\n|turn|37\n|\n|t:|1699740196\n|move|p1a: Sinistcha|Shadow Ball|p2a: Clodsire\n|-damage|p2a: Clodsire|74\/100\n|-unboost|p2a: Clodsire|spd|1\n|move|p2a: Clodsire|Spikes|p1a: Sinistcha\n|-sidestart|p1: BloightWithO|Spikes\n|\n|-heal|p1a: Sinistcha|100\/100 brn|[from] item: Leftovers\n|-heal|p2a: Clodsire|80\/100|[from] item: Leftovers\n|-damage|p1a: Sinistcha|98\/100 brn|[from] brn\n|upkeep\n|turn|38\n|\n|t:|1699740207\n|switch|p2a: Dondozo|Dondozo, M, tera:Fairy|46\/100 slp\n|move|p1a: Sinistcha|Shadow Ball|p2a: Dondozo\n|-damage|p2a: Dondozo|16\/100 slp\n|\n|-heal|p1a: Sinistcha|100\/100 brn|[from] item: Leftovers\n|-heal|p2a: Dondozo|23\/100 slp|[from] item: Leftovers\n|-damage|p1a: Sinistcha|98\/100 brn|[from] brn\n|upkeep\n|turn|39\n|\n|t:|1699740218\n|move|p1a: Sinistcha|Matcha Gotcha|p2a: Dondozo\n|-damage|p2a: Dondozo|0 fnt\n|-heal|p1a: Sinistcha|100\/100 brn|[from] drain|[of] p2a: Dondozo\n|faint|p2a: Dondozo\n|\n|-damage|p1a: Sinistcha|98\/100 brn|[from] brn\n|upkeep\n|\n|t:|1699740225\n|switch|p2a: Toxapex|Toxapex, M|100\/100\n|turn|40\n|\n|t:|1699740230\n|move|p1a: Sinistcha|Matcha Gotcha|p2a: Toxapex\n|-damage|p2a: Toxapex|2\/100\n|-heal|p1a: Sinistcha|100\/100 brn|[from] drain|[of] p2a: Toxapex\n|move|p2a: Toxapex|Haze|p2a: Toxapex\n|-clearallboost\n|\n|-heal|p2a: Toxapex|8\/100|[from] item: Leftovers\n|-damage|p1a: Sinistcha|98\/100 brn|[from] brn\n|upkeep\n|turn|41\n|\n|t:|1699740240\n|move|p1a: Sinistcha|Matcha Gotcha|p2a: Toxapex\n|-crit|p2a: Toxapex\n|-damage|p2a: Toxapex|0 fnt\n|-heal|p1a: Sinistcha|100\/100 brn|[from] drain|[of] p2a: Toxapex\n|faint|p2a: Toxapex\n|\n|-damage|p1a: Sinistcha|98\/100 brn|[from] brn\n|upkeep\n|\n|t:|1699740248\n|switch|p2a: Blissey|Blissey, F|73\/100\n|turn|42\n|\n|t:|1699740262\n|move|p1a: Sinistcha|Nasty Plot|p1a: Sinistcha\n|-boost|p1a: Sinistcha|spa|2\n|move|p2a: Blissey|Soft-Boiled|p2a: Blissey\n|-heal|p2a: Blissey|100\/100\n|\n|-heal|p1a: Sinistcha|100\/100 brn|[from] item: Leftovers\n|-damage|p1a: Sinistcha|98\/100 brn|[from] brn\n|upkeep\n|turn|43\n|\n|t:|1699740271\n|switch|p2a: Clodsire|Clodsire, M|80\/100\n|move|p1a: Sinistcha|Nasty Plot|p1a: Sinistcha\n|-boost|p1a: Sinistcha|spa|2\n|\n|-heal|p1a: Sinistcha|100\/100 brn|[from] item: Leftovers\n|-heal|p2a: Clodsire|87\/100|[from] item: Leftovers\n|-damage|p1a: Sinistcha|98\/100 brn|[from] brn\n|upkeep\n|turn|44\n|\n|t:|1699740281\n|move|p1a: Sinistcha|Shadow Ball|p2a: Clodsire\n|-damage|p2a: Clodsire|69\/100\n|move|p2a: Clodsire|Spikes|p1a: Sinistcha\n|-sidestart|p1: BloightWithO|Spikes\n|\n|-heal|p1a: Sinistcha|100\/100 brn|[from] item: Leftovers\n|-heal|p2a: Clodsire|75\/100|[from] item: Leftovers\n|-damage|p1a: Sinistcha|98\/100 brn|[from] brn\n|upkeep\n|turn|45\n|\n|t:|1699740291\n|move|p1a: Sinistcha|Matcha Gotcha|p2a: Clodsire\n|-damage|p2a: Clodsire|58\/100\n|-heal|p1a: Sinistcha|100\/100 brn|[from] drain|[of] p2a: Clodsire\n|move|p2a: Clodsire|Earthquake|p1a: Sinistcha\n|-resisted|p1a: Sinistcha\n|-damage|p1a: Sinistcha|91\/100 brn\n|\n|-heal|p1a: Sinistcha|97\/100 brn|[from] item: Leftovers\n|-heal|p2a: Clodsire|64\/100|[from] item: Leftovers\n|-damage|p1a: Sinistcha|94\/100 brn|[from] brn\n|upkeep\n|turn|46\n|\n|t:|1699740302\n|move|p1a: Sinistcha|Shadow Ball|p2a: Clodsire\n|-damage|p2a: Clodsire|46\/100\n|move|p2a: Clodsire|Earthquake|p1a: Sinistcha\n|-resisted|p1a: Sinistcha\n|-damage|p1a: Sinistcha|85\/100 brn\n|\n|-heal|p1a: Sinistcha|91\/100 brn|[from] item: Leftovers\n|-heal|p2a: Clodsire|52\/100|[from] item: Leftovers\n|-damage|p1a: Sinistcha|88\/100 brn|[from] brn\n|upkeep\n|turn|47\n|\n|t:|1699740313\n|move|p1a: Sinistcha|Shadow Ball|p2a: Clodsire\n|-damage|p2a: Clodsire|34\/100\n|move|p2a: Clodsire|Earthquake|p1a: Sinistcha\n|-resisted|p1a: Sinistcha\n|-damage|p1a: Sinistcha|79\/100 brn\n|\n|-heal|p1a: Sinistcha|85\/100 brn|[from] item: Leftovers\n|-heal|p2a: Clodsire|40\/100|[from] item: Leftovers\n|-damage|p1a: Sinistcha|82\/100 brn|[from] brn\n|upkeep\n|turn|48\n|\n|t:|1699740325\n|move|p1a: Sinistcha|Matcha Gotcha|p2a: Clodsire\n|-damage|p2a: Clodsire|23\/100\n|-heal|p1a: Sinistcha|94\/100 brn|[from] drain|[of] p2a: Clodsire\n|-status|p2a: Clodsire|brn\n|move|p2a: Clodsire|Earthquake|p1a: Sinistcha\n|-resisted|p1a: Sinistcha\n|-damage|p1a: Sinistcha|89\/100 brn\n|\n|-heal|p1a: Sinistcha|95\/100 brn|[from] item: Leftovers\n|-heal|p2a: Clodsire|29\/100 brn|[from] item: Leftovers\n|-damage|p1a: Sinistcha|92\/100 brn|[from] brn\n|-damage|p2a: Clodsire|23\/100 brn|[from] brn\n|upkeep\n|turn|49\n|\n|t:|1699740338\n|move|p1a: Sinistcha|Shadow Ball|p2a: Clodsire\n|-damage|p2a: Clodsire|5\/100 brn\n|move|p2a: Clodsire|Recover|p2a: Clodsire\n|-heal|p2a: Clodsire|55\/100 brn\n|\n|-heal|p1a: Sinistcha|98\/100 brn|[from] item: Leftovers\n|-heal|p2a: Clodsire|62\/100 brn|[from] item: Leftovers\n|-damage|p1a: Sinistcha|96\/100 brn|[from] brn\n|-damage|p2a: Clodsire|55\/100 brn|[from] brn\n|upkeep\n|turn|50\n|c|\u2606BloightWithO|#SinistchaSweep\n|\n|t:|1699740353\n|switch|p2a: Blissey|Blissey, F|100\/100\n|move|p1a: Sinistcha|Shadow Ball|p2a: Blissey\n|-immune|p2a: Blissey\n|\n|-heal|p1a: Sinistcha|100\/100 brn|[from] item: Leftovers\n|-damage|p1a: Sinistcha|98\/100 brn|[from] brn\n|upkeep\n|turn|51\n|c|\u2606Zeret7|)\n|\n|t:|1699740364\n|move|p1a: Sinistcha|Nasty Plot|p1a: Sinistcha\n|-boost|p1a: Sinistcha|spa|2\n|move|p2a: Blissey|Heal Bell|p2a: Blissey\n|-activate|p2a: Blissey|move: Heal Bell\n|-curestatus|p2: Clodsire|brn|[msg]\n|\n|-heal|p1a: Sinistcha|100\/100 brn|[from] item: Leftovers\n|-damage|p1a: Sinistcha|98\/100 brn|[from] brn\n|upkeep\n|turn|52\n|\n|t:|1699740375\n|switch|p2a: Clodsire|Clodsire, M|55\/100\n|move|p1a: Sinistcha|Matcha Gotcha|p2a: Clodsire\n|-damage|p2a: Clodsire|37\/100\n|-heal|p1a: Sinistcha|100\/100 brn|[from] drain|[of] p2a: Clodsire\n|\n|-heal|p2a: Clodsire|43\/100|[from] item: Leftovers\n|-damage|p1a: Sinistcha|98\/100 brn|[from] brn\n|upkeep\n|turn|53\n|\n|t:|1699740387\n|move|p1a: Sinistcha|Matcha Gotcha|p2a: Clodsire\n|-damage|p2a: Clodsire|27\/100\n|-heal|p1a: Sinistcha|100\/100 brn|[from] drain|[of] p2a: Clodsire\n|-status|p2a: Clodsire|brn\n|move|p2a: Clodsire|Earthquake|p1a: Sinistcha\n|-resisted|p1a: Sinistcha\n|-damage|p1a: Sinistcha|96\/100 brn\n|\n|-heal|p1a: Sinistcha|100\/100 brn|[from] item: Leftovers\n|-heal|p2a: Clodsire|33\/100 brn|[from] item: Leftovers\n|-damage|p1a: Sinistcha|98\/100 brn|[from] brn\n|-damage|p2a: Clodsire|27\/100 brn|[from] brn\n|upkeep\n|turn|54\n|\n|t:|1699740400\n|move|p1a: Sinistcha|Matcha Gotcha|p2a: Clodsire\n|-damage|p2a: Clodsire|9\/100 brn\n|-heal|p1a: Sinistcha|100\/100 brn|[from] drain|[of] p2a: Clodsire\n|move|p2a: Clodsire|Recover|p2a: Clodsire\n|-heal|p2a: Clodsire|59\/100 brn\n|\n|-heal|p2a: Clodsire|65\/100 brn|[from] item: Leftovers\n|-damage|p1a: Sinistcha|98\/100 brn|[from] brn\n|-damage|p2a: Clodsire|59\/100 brn|[from] brn\n|upkeep\n|turn|55\n|\n|t:|1699740410\n|switch|p2a: Blissey|Blissey, F|100\/100\n|move|p1a: Sinistcha|Matcha Gotcha|p2a: Blissey\n|-damage|p2a: Blissey|66\/100\n|-heal|p1a: Sinistcha|100\/100 brn|[from] drain|[of] p2a: Blissey\n|\n|-damage|p1a: Sinistcha|98\/100 brn|[from] brn\n|upkeep\n|turn|56\n|\n|t:|1699740419\n|move|p1a: Sinistcha|Matcha Gotcha|p2a: Blissey\n|-damage|p2a: Blissey|30\/100\n|-heal|p1a: Sinistcha|100\/100 brn|[from] drain|[of] p2a: Blissey\n|move|p2a: Blissey|Heal Bell|p2a: Blissey\n|-activate|p2a: Blissey|move: Heal Bell\n|-curestatus|p2: Clodsire|brn|[msg]\n|\n|-damage|p1a: Sinistcha|98\/100 brn|[from] brn\n|upkeep\n|turn|57\n|\n|t:|1699740429\n|move|p1a: Sinistcha|Matcha Gotcha|p2a: Blissey\n|-damage|p2a: Blissey|0 fnt\n|-heal|p1a: Sinistcha|100\/100 brn|[from] drain|[of] p2a: Blissey\n|faint|p2a: Blissey\n|\n|-damage|p1a: Sinistcha|98\/100 brn|[from] brn\n|upkeep\n|\n|t:|1699740435\n|switch|p2a: Clodsire|Clodsire, M|59\/100\n|turn|58\n|\n|t:|1699740439\n|move|p1a: Sinistcha|Matcha Gotcha|p2a: Clodsire\n|-damage|p2a: Clodsire|43\/100\n|-heal|p1a: Sinistcha|100\/100 brn|[from] drain|[of] p2a: Clodsire\n|move|p2a: Clodsire|Recover|p2a: Clodsire\n|-heal|p2a: Clodsire|93\/100\n|\n|-heal|p2a: Clodsire|99\/100|[from] item: Leftovers\n|-damage|p1a: Sinistcha|98\/100 brn|[from] brn\n|upkeep\n|turn|59\n|l|\u2606BloightWithO\n|inactive|BloightWithO disconnected and has a minute to reconnect!\n|player|p1|\n|j|\u2606BloightWithO\n|inactive|BloightWithO reconnected and has 125 seconds left.\n|player|p1|BloightWithO|elesa\n|inactive|BloightWithO has 120 seconds left.\n|\n|t:|1699740472\n|move|p1a: Sinistcha|Matcha Gotcha|p2a: Clodsire|[miss]\n|-miss|p1a: Sinistcha|p2a: Clodsire\n|move|p2a: Clodsire|Earthquake|p1a: Sinistcha\n|-resisted|p1a: Sinistcha\n|-damage|p1a: Sinistcha|88\/100 brn\n|\n|-heal|p1a: Sinistcha|94\/100 brn|[from] item: Leftovers\n|-heal|p2a: Clodsire|100\/100|[from] item: Leftovers\n|-damage|p1a: Sinistcha|91\/100 brn|[from] brn\n|upkeep\n|turn|60\n|\n|t:|1699740482\n|move|p1a: Sinistcha|Matcha Gotcha|p2a: Clodsire\n|-damage|p2a: Clodsire|83\/100\n|-heal|p1a: Sinistcha|100\/100 brn|[from] drain|[of] p2a: Clodsire\n|-status|p2a: Clodsire|brn\n|move|p2a: Clodsire|Earthquake|p1a: Sinistcha\n|-resisted|p1a: Sinistcha\n|-damage|p1a: Sinistcha|96\/100 brn\n|\n|-heal|p1a: Sinistcha|100\/100 brn|[from] item: Leftovers\n|-heal|p2a: Clodsire|89\/100 brn|[from] item: Leftovers\n|-damage|p1a: Sinistcha|98\/100 brn|[from] brn\n|-damage|p2a: Clodsire|83\/100 brn|[from] brn\n|upkeep\n|turn|61\n|\n|t:|1699740494\n|move|p1a: Sinistcha|Shadow Ball|p2a: Clodsire\n|-damage|p2a: Clodsire|66\/100 brn\n|-unboost|p2a: Clodsire|spd|1\n|move|p2a: Clodsire|Earthquake|p1a: Sinistcha\n|-resisted|p1a: Sinistcha\n|-damage|p1a: Sinistcha|93\/100 brn\n|\n|-heal|p1a: Sinistcha|99\/100 brn|[from] item: Leftovers\n|-heal|p2a: Clodsire|72\/100 brn|[from] item: Leftovers\n|-damage|p1a: Sinistcha|96\/100 brn|[from] brn\n|-damage|p2a: Clodsire|66\/100 brn|[from] brn\n|upkeep\n|turn|62\n|\n|t:|1699740506\n|move|p1a: Sinistcha|Shadow Ball|p2a: Clodsire\n|-crit|p2a: Clodsire\n|-damage|p2a: Clodsire|24\/100 brn\n|move|p2a: Clodsire|Earthquake|p1a: Sinistcha\n|-resisted|p1a: Sinistcha\n|-damage|p1a: Sinistcha|92\/100 brn\n|\n|-heal|p1a: Sinistcha|98\/100 brn|[from] item: Leftovers\n|-heal|p2a: Clodsire|30\/100 brn|[from] item: Leftovers\n|-damage|p1a: Sinistcha|95\/100 brn|[from] brn\n|-damage|p2a: Clodsire|24\/100 brn|[from] brn\n|upkeep\n|turn|63\n|\n|t:|1699740518\n|move|p1a: Sinistcha|Shadow Ball|p2a: Clodsire\n|-damage|p2a: Clodsire|0 fnt\n|faint|p2a: Clodsire\n|\n|-heal|p1a: Sinistcha|100\/100 brn|[from] item: Leftovers\n|-damage|p1a: Sinistcha|98\/100 brn|[from] brn\n|upkeep\n|c|\u2606BloightWithO|GG\n|c|\u2606Zeret7|GG\n|\n|t:|1699740529\n|switch|p2a: Alomomola|Alomomola, M|100\/100\n|turn|64\n|c|\u2606BloightWithO|Sinistcha diff\n|c|\u2606Zeret7|)\n|l|\u2606BloightWithO\n|inactive|BloightWithO disconnected and has a minute to reconnect!\n|player|p1|\n|j|\u2606BloightWithO\n|inactive|BloightWithO reconnected and has 130 seconds left.\n|player|p1|BloightWithO|elesa\n|\n|t:|1699740555\n|move|p1a: Sinistcha|Matcha Gotcha|p2a: Alomomola\n|-supereffective|p2a: Alomomola\n|-damage|p2a: Alomomola|0 fnt\n|-heal|p1a: Sinistcha|100\/100 brn|[from] drain|[of] p2a: Alomomola\n|faint|p2a: Alomomola\n|\n|win|BloightWithO\n|raw|BloightWithO's rating: 1228 &rarr; <strong>1256<\/strong><br \/>(+28 for winning)\n|raw|Zeret7's rating: 1272 &rarr; <strong>1244<\/strong><br \/>(-28 for losing)\n","uploadtime":1699740560,"views":11,"p1id":"bloightwitho","p2id":"zeret7","formatid":"gen9ou","rating":1244,"private":0,"password":""}