{"id":"gen9ou-1991574174","p1":"Redboy128","p2":"travyonshowdown3","format":"[Gen 9] OU","log":"|j|\u2606Redboy128\n|j|\u2606travyonshowdown3\n|t:|1700089904\n|gametype|singles\n|player|p1|Redboy128|red|1387\n|player|p2|travyonshowdown3|supernerd|1307\n|teamsize|p1|6\n|teamsize|p2|6\n|gen|9\n|tier|[Gen 9] OU\n|rated|\n|rule|Sleep Clause Mod: Limit one foe put to sleep\n|rule|Species Clause: Limit one of each Pok\u00e9mon\n|rule|OHKO Clause: OHKO moves are banned\n|rule|Evasion Items Clause: Evasion items are banned\n|rule|Evasion Moves Clause: Evasion moves are banned\n|rule|Endless Battle Clause: Forcing endless battles is banned\n|rule|HP Percentage Mod: HP is shown in percentages\n|clearpoke\n|poke|p1|Donphan, F|\n|poke|p1|Azelf|\n|poke|p1|Chesnaught, F|\n|poke|p1|Delphox, F|\n|poke|p1|Kommo-o, M|\n|poke|p1|Vivillon-Pokeball, F|\n|poke|p2|Ninetales-Alola, F|\n|poke|p2|Cresselia, F|\n|poke|p2|Iron Moth|\n|poke|p2|Dragonite, M|\n|poke|p2|Kingambit, F|\n|poke|p2|Rillaboom, M|\n|teampreview\n|inactive|Battle timer is ON: inactive players will automatically lose when time's up. (requested by Redboy128)\n|\n|t:|1700089915\n|start\n|switch|p1a: Azelf|Azelf|100\/100\n|switch|p2a: Rillaboom|Rillaboom, M|100\/100\n|-fieldstart|move: Grassy Terrain|[from] ability: Grassy Surge|[of] p2a: Rillaboom\n|-enditem|p2a: Rillaboom|Grassy Seed\n|-boost|p2a: Rillaboom|def|1|[from] item: Grassy Seed\n|turn|1\n|\n|t:|1700089920\n|move|p1a: Azelf|Thunder Wave|p2a: Rillaboom\n|-status|p2a: Rillaboom|par\n|cant|p2a: Rillaboom|par\n|\n|upkeep\n|turn|2\n|\n|t:|1700089924\n|move|p1a: Azelf|Stealth Rock|p2a: Rillaboom\n|-sidestart|p2: travyonshowdown3|move: Stealth Rock\n|move|p2a: Rillaboom|Swords Dance|p2a: Rillaboom\n|-boost|p2a: Rillaboom|atk|2\n|\n|upkeep\n|turn|3\n|\n|t:|1700089942\n|move|p2a: Rillaboom|Grassy Glide|p1a: Azelf\n|-enditem|p1a: Azelf|Focus Sash\n|-damage|p1a: Azelf|1\/100\n|move|p1a: Azelf|Explosion|p2a: Rillaboom\n|-damage|p2a: Rillaboom|44\/100 par\n|faint|p1a: Azelf\n|\n|-heal|p2a: Rillaboom|50\/100 par|[from] Grassy Terrain\n|upkeep\n|\n|t:|1700089954\n|switch|p1a: Delphox|Delphox, F, shiny|100\/100\n|turn|4\n|\n|t:|1700089960\n|move|p2a: Rillaboom|Grassy Glide|p1a: Delphox\n|-resisted|p1a: Delphox\n|-damage|p1a: Delphox|41\/100\n|move|p1a: Delphox|Overheat|p2a: Rillaboom\n|-supereffective|p2a: Rillaboom\n|-damage|p2a: Rillaboom|0 fnt\n|-unboost|p1a: Delphox|spa|2\n|-enditem|p1a: Delphox|White Herb\n|-clearnegativeboost|p1a: Delphox|[silent]\n|faint|p2a: Rillaboom\n|\n|-heal|p1a: Delphox|47\/100|[from] Grassy Terrain\n|upkeep\n|\n|t:|1700089968\n|switch|p2a: Iron Moth|Iron Moth|100\/100\n|-damage|p2a: Iron Moth|76\/100|[from] Stealth Rock\n|turn|5\n|\n|t:|1700089972\n|-terastallize|p2a: Iron Moth|Fire\n|move|p2a: Iron Moth|Fiery Dance|p1a: Delphox\n|-resisted|p1a: Delphox\n|-damage|p1a: Delphox|0 fnt\n|-boost|p2a: Iron Moth|spa|1\n|faint|p1a: Delphox\n|\n|-heal|p2a: Iron Moth|82\/100|[from] Grassy Terrain\n|-fieldend|move: Grassy Terrain\n|upkeep\n|\n|t:|1700089976\n|switch|p1a: Regular Tusk|Donphan, F, shiny|100\/100\n|turn|6\n|\n|t:|1700089988\n|move|p2a: Iron Moth|Fiery Dance|p1a: Regular Tusk\n|-ability|p1a: Regular Tusk|Sturdy\n|-damage|p1a: Regular Tusk|1\/100\n|move|p1a: Regular Tusk|Earthquake|p2a: Iron Moth\n|-supereffective|p2a: Iron Moth\n|-damage|p2a: Iron Moth|0 fnt\n|faint|p2a: Iron Moth\n|-end|p2a: Iron Moth|Quark Drive|[silent]\n|\n|upkeep\n|\n|t:|1700089991\n|switch|p2a: Ninetales|Ninetales-Alola, F|100\/100\n|-damage|p2a: Ninetales|76\/100|[from] Stealth Rock\n|-weather|Snow|[from] ability: Snow Warning|[of] p2a: Ninetales\n|turn|7\n|\n|t:|1700089994\n|move|p2a: Ninetales|Aurora Veil|p2a: Ninetales\n|-sidestart|p2: travyonshowdown3|move: Aurora Veil\n|move|p1a: Regular Tusk|Endeavor|p2a: Ninetales\n|-damage|p2a: Ninetales|1\/100\n|\n|-weather|Snow|[upkeep]\n|upkeep\n|turn|8\n|\n|t:|1700090003\n|move|p1a: Regular Tusk|Ice Shard|p2a: Ninetales\n|-resisted|p2a: Ninetales\n|-damage|p2a: Ninetales|0 fnt\n|faint|p2a: Ninetales\n|\n|-weather|Snow|[upkeep]\n|upkeep\n|\n|t:|1700090007\n|switch|p2a: Cresselia|Cresselia, F|100\/100\n|-damage|p2a: Cresselia|88\/100|[from] Stealth Rock\n|turn|9\n|\n|t:|1700090009\n|move|p2a: Cresselia|Calm Mind|p2a: Cresselia\n|-boost|p2a: Cresselia|spa|1\n|-boost|p2a: Cresselia|spd|1\n|move|p1a: Regular Tusk|Endeavor|p2a: Cresselia\n|-damage|p2a: Cresselia|1\/100\n|\n|-weather|Snow|[upkeep]\n|-heal|p2a: Cresselia|7\/100|[from] item: Leftovers\n|upkeep\n|turn|10\n|\n|t:|1700090027\n|move|p1a: Regular Tusk|Ice Shard|p2a: Cresselia\n|-damage|p2a: Cresselia|3\/100\n|move|p2a: Cresselia|Moonlight|p2a: Cresselia\n|-heal|p2a: Cresselia|28\/100\n|\n|-weather|Snow|[upkeep]\n|-heal|p2a: Cresselia|34\/100|[from] item: Leftovers\n|upkeep\n|turn|11\n|\n|t:|1700090033\n|move|p2a: Cresselia|Stored Power|p1a: Regular Tusk\n|-damage|p1a: Regular Tusk|0 fnt\n|faint|p1a: Regular Tusk\n|\n|-weather|none\n|-heal|p2a: Cresselia|40\/100|[from] item: Leftovers\n|upkeep\n|\n|t:|1700090038\n|switch|p1a: Chesnuts|Chesnaught, F, shiny|100\/100\n|turn|12\n|inactive|travyonshowdown3 has 120 seconds left.\n|\n|t:|1700090098\n|move|p2a: Cresselia|Moonlight|p2a: Cresselia\n|-heal|p2a: Cresselia|90\/100\n|move|p1a: Chesnuts|Leech Seed|p2a: Cresselia\n|-start|p2a: Cresselia|move: Leech Seed\n|\n|-heal|p2a: Cresselia|96\/100|[from] item: Leftovers\n|-damage|p2a: Cresselia|84\/100|[from] Leech Seed|[of] p1a: Chesnuts\n|upkeep\n|turn|13\n|inactive|travyonshowdown3 has 90 seconds left.\n|\n|t:|1700090127\n|move|p2a: Cresselia|Calm Mind|p2a: Cresselia\n|-boost|p2a: Cresselia|spa|1\n|-boost|p2a: Cresselia|spd|1\n|move|p1a: Chesnuts|Knock Off|p2a: Cresselia\n|-supereffective|p2a: Cresselia\n|-damage|p2a: Cresselia|71\/100\n|-enditem|p2a: Cresselia|Leftovers|[from] move: Knock Off|[of] p1a: Chesnuts\n|\n|-damage|p2a: Cresselia|59\/100|[from] Leech Seed|[of] p1a: Chesnuts\n|upkeep\n|turn|14\n|\n|t:|1700090131\n|move|p2a: Cresselia|Stored Power|p1a: Chesnuts\n|-supereffective|p1a: Chesnuts\n|-damage|p1a: Chesnuts|0 fnt\n|faint|p1a: Chesnuts\n|\n|-sideend|p2: travyonshowdown3|move: Aurora Veil\n|upkeep\n|\n|t:|1700090133\n|switch|p1a: Vivillon|Vivillon-Pokeball, F|100\/100\n|turn|15\n|inactive|travyonshowdown3 has 90 seconds left.\n|\n|t:|1700090159\n|move|p1a: Vivillon|Sleep Powder|p2a: Cresselia\n|-status|p2a: Cresselia|slp|[from] move: Sleep Powder\n|cant|p2a: Cresselia|slp\n|\n|-damage|p2a: Cresselia|46\/100 slp|[from] Leech Seed|[of] p1a: Vivillon\n|upkeep\n|turn|16\n|\n|t:|1700090163\n|move|p1a: Vivillon|Substitute|p1a: Vivillon\n|-start|p1a: Vivillon|Substitute\n|-damage|p1a: Vivillon|76\/100\n|cant|p2a: Cresselia|slp\n|\n|-damage|p2a: Cresselia|34\/100 slp|[from] Leech Seed|[of] p1a: Vivillon\n|-heal|p1a: Vivillon|94\/100|[silent]\n|upkeep\n|turn|17\n|\n|t:|1700090166\n|move|p1a: Vivillon|Quiver Dance|p1a: Vivillon\n|-boost|p1a: Vivillon|spa|1\n|-boost|p1a: Vivillon|spd|1\n|-boost|p1a: Vivillon|spe|1\n|cant|p2a: Cresselia|slp\n|\n|-damage|p2a: Cresselia|22\/100 slp|[from] Leech Seed|[of] p1a: Vivillon\n|-heal|p1a: Vivillon|100\/100|[silent]\n|upkeep\n|turn|18\n|\n|t:|1700090169\n|move|p1a: Vivillon|Quiver Dance|p1a: Vivillon\n|-boost|p1a: Vivillon|spa|1\n|-boost|p1a: Vivillon|spd|1\n|-boost|p1a: Vivillon|spe|1\n|-curestatus|p2a: Cresselia|slp|[msg]\n|move|p2a: Cresselia|Moonlight|p2a: Cresselia\n|-heal|p2a: Cresselia|72\/100\n|\n|-damage|p2a: Cresselia|59\/100|[from] Leech Seed|[of] p1a: Vivillon\n|upkeep\n|turn|19\n|inactive|travyonshowdown3 has 120 seconds left.\n|\n|t:|1700090176\n|move|p1a: Vivillon|Sleep Powder|p2a: Cresselia\n|-status|p2a: Cresselia|slp|[from] move: Sleep Powder\n|cant|p2a: Cresselia|slp\n|\n|-damage|p2a: Cresselia|47\/100 slp|[from] Leech Seed|[of] p1a: Vivillon\n|upkeep\n|turn|20\n|\n|t:|1700090180\n|move|p1a: Vivillon|Quiver Dance|p1a: Vivillon\n|-boost|p1a: Vivillon|spa|1\n|-boost|p1a: Vivillon|spd|1\n|-boost|p1a: Vivillon|spe|1\n|-curestatus|p2a: Cresselia|slp|[msg]\n|move|p2a: Cresselia|Stored Power|p1a: Vivillon\n|-end|p1a: Vivillon|Substitute\n|\n|-damage|p2a: Cresselia|35\/100|[from] Leech Seed|[of] p1a: Vivillon\n|upkeep\n|turn|21\n|\n|t:|1700090188\n|move|p1a: Vivillon|Sleep Powder|p2a: Cresselia\n|-status|p2a: Cresselia|slp|[from] move: Sleep Powder\n|cant|p2a: Cresselia|slp\n|\n|-damage|p2a: Cresselia|22\/100 slp|[from] Leech Seed|[of] p1a: Vivillon\n|upkeep\n|turn|22\n|\n|t:|1700090202\n|move|p1a: Vivillon|Substitute|p1a: Vivillon\n|-start|p1a: Vivillon|Substitute\n|-damage|p1a: Vivillon|76\/100\n|cant|p2a: Cresselia|slp\n|\n|-damage|p2a: Cresselia|10\/100 slp|[from] Leech Seed|[of] p1a: Vivillon\n|-heal|p1a: Vivillon|94\/100|[silent]\n|upkeep\n|turn|23\n|\n|t:|1700090204\n|move|p1a: Vivillon|Quiver Dance|p1a: Vivillon\n|-boost|p1a: Vivillon|spa|1\n|-boost|p1a: Vivillon|spd|1\n|-boost|p1a: Vivillon|spe|1\n|cant|p2a: Cresselia|slp\n|\n|-damage|p2a: Cresselia|0 fnt|[from] Leech Seed|[of] p1a: Vivillon\n|-heal|p1a: Vivillon|100\/100|[silent]\n|faint|p2a: Cresselia\n|upkeep\n|\n|t:|1700090217\n|switch|p2a: Kingambit|Kingambit, F|100\/100\n|-damage|p2a: Kingambit|94\/100|[from] Stealth Rock\n|-activate|p2a: Kingambit|ability: Supreme Overlord\n|-start|p2a: Kingambit|fallen4|[silent]\n|turn|24\n|\n|t:|1700090223\n|move|p1a: Vivillon|Sleep Powder|p2a: Kingambit\n|-status|p2a: Kingambit|slp|[from] move: Sleep Powder\n|cant|p2a: Kingambit|slp\n|\n|upkeep\n|turn|25\n|\n|t:|1700090227\n|cant|p2a: Kingambit|slp\n|move|p1a: Vivillon|Hurricane|p2a: Kingambit\n|-resisted|p2a: Kingambit\n|-damage|p2a: Kingambit|19\/100 slp\n|-start|p2a: Kingambit|confusion\n|\n|upkeep\n|turn|26\n|\n|t:|1700090235\n|-curestatus|p2a: Kingambit|slp|[msg]\n|-activate|p2a: Kingambit|confusion\n|move|p2a: Kingambit|Sucker Punch||[still]\n|-fail|p2a: Kingambit\n|move|p1a: Vivillon|Quiver Dance|p1a: Vivillon\n|-boost|p1a: Vivillon|spa|1\n|-boost|p1a: Vivillon|spd|1\n|-boost|p1a: Vivillon|spe|1\n|\n|upkeep\n|turn|27\n|\n|t:|1700090258\n|-activate|p2a: Kingambit|confusion\n|-damage|p2a: Kingambit|6\/100|[from] confusion\n|move|p1a: Vivillon|Sleep Powder|p2a: Kingambit\n|-status|p2a: Kingambit|slp|[from] move: Sleep Powder\n|\n|upkeep\n|turn|28\n|\n|t:|1700090262\n|cant|p2a: Kingambit|slp\n|move|p1a: Vivillon|Quiver Dance|p1a: Vivillon\n|-boost|p1a: Vivillon|spa|1\n|-boost|p1a: Vivillon|spd|1\n|-boost|p1a: Vivillon|spe|1\n|\n|upkeep\n|turn|29\n|\n|t:|1700090268\n|cant|p2a: Kingambit|slp\n|move|p1a: Vivillon|Sleep Powder|p2a: Kingambit\n|-fail|p2a: Kingambit|slp\n|\n|upkeep\n|turn|30\n|\n|t:|1700090270\n|cant|p2a: Kingambit|slp\n|move|p1a: Vivillon|Sleep Powder|p2a: Kingambit|[miss]\n|-miss|p1a: Vivillon|p2a: Kingambit\n|\n|upkeep\n|turn|31\n|\n|t:|1700090273\n|-curestatus|p2a: Kingambit|slp|[msg]\n|-end|p2a: Kingambit|confusion\n|move|p2a: Kingambit|Sucker Punch||[still]\n|-fail|p2a: Kingambit\n|move|p1a: Vivillon|Sleep Powder|p2a: Kingambit\n|-status|p2a: Kingambit|slp|[from] move: Sleep Powder\n|\n|upkeep\n|turn|32\n|\n|t:|1700090277\n|cant|p2a: Kingambit|slp\n|move|p1a: Vivillon|Hurricane|p2a: Kingambit\n|-resisted|p2a: Kingambit\n|-damage|p2a: Kingambit|0 fnt\n|faint|p2a: Kingambit\n|-end|p2a: Kingambit|fallen4|[silent]\n|\n|upkeep\n|\n|t:|1700090281\n|switch|p2a: Dragonite|Dragonite, M|100\/100\n|turn|33\n|\n|t:|1700090284\n|move|p1a: Vivillon|Sleep Powder|p2a: Dragonite\n|-status|p2a: Dragonite|slp|[from] move: Sleep Powder\n|cant|p2a: Dragonite|slp\n|\n|upkeep\n|turn|34\n|\n|t:|1700090287\n|cant|p2a: Dragonite|slp\n|move|p1a: Vivillon|Hurricane|p2a: Dragonite\n|-crit|p2a: Dragonite\n|-damage|p2a: Dragonite|0 fnt\n|faint|p2a: Dragonite\n|\n|win|Redboy128\n|raw|Redboy128's rating: 1387 &rarr; <strong>1404<\/strong><br \/>(+17 for winning)\n|raw|travyonshowdown3's rating: 1327 &rarr; <strong>1310<\/strong><br \/>(-17 for losing)\n|l|\u2606travyonshowdown3\n","uploadtime":1700090297,"views":25,"p1id":"redboy128","p2id":"travyonshowdown3","formatid":"gen9ou","rating":1310,"private":0,"password":""}