{"id":"gen9ou-1996797762","p1":"Xtern","p2":"JachiMalz","format":"[Gen 9] OU","log":"|j|\u2606Xtern\n|j|\u2606JachiMalz\n|t:|1700726985\n|gametype|singles\n|player|p1|Xtern|cheryl|1324\n|player|p2|JachiMalz|rocketgruntf|1341\n|teamsize|p1|6\n|teamsize|p2|6\n|gen|9\n|tier|[Gen 9] OU\n|rated|\n|rule|Sleep Clause Mod: Limit one foe put to sleep\n|rule|Species Clause: Limit one of each Pok\u00e9mon\n|rule|OHKO Clause: OHKO moves are banned\n|rule|Evasion Items Clause: Evasion items are banned\n|rule|Evasion Moves Clause: Evasion moves are banned\n|rule|Endless Battle Clause: Forcing endless battles is banned\n|rule|HP Percentage Mod: HP is shown in percentages\n|clearpoke\n|poke|p1|Conkeldurr, M|\n|poke|p1|Ogerpon-Wellspring, F|\n|poke|p1|Zapdos|\n|poke|p1|Maushold|\n|poke|p1|Cinderace, M|\n|poke|p1|Iron Valiant|\n|poke|p2|Arcanine-Hisui, M|\n|poke|p2|Enamorus, F|\n|poke|p2|Great Tusk|\n|poke|p2|Slowking-Galar, F|\n|poke|p2|Weavile, F|\n|poke|p2|Hawlucha, M|\n|teampreview\n|inactive|Battle timer is ON: inactive players will automatically lose when time's up. (requested by Xtern)\n|\n|t:|1700726998\n|start\n|switch|p1a: Ogerpon|Ogerpon-Wellspring, F|100\/100\n|switch|p2a: Arcanine|Arcanine-Hisui, M|100\/100\n|-item|p2a: Arcanine|Air Balloon\n|turn|1\n|\n|t:|1700727001\n|move|p1a: Ogerpon|Ivy Cudgel|p2a: Arcanine|[anim] Ivy Cudgel Water\n|-supereffective|p2a: Arcanine\n|-damage|p2a: Arcanine|0 fnt\n|-enditem|p2a: Arcanine|Air Balloon\n|faint|p2a: Arcanine\n|\n|upkeep\n|\n|t:|1700727007\n|switch|p2a: Slowking|Slowking-Galar, F|100\/100\n|turn|2\n|\n|t:|1700727012\n|move|p1a: Ogerpon|Swords Dance|p1a: Ogerpon\n|-boost|p1a: Ogerpon|atk|2\n|move|p2a: Slowking|Thunder Wave|p1a: Ogerpon\n|-status|p1a: Ogerpon|par\n|\n|upkeep\n|turn|3\n|\n|t:|1700727014\n|move|p1a: Ogerpon|Knock Off|p2a: Slowking\n|-supereffective|p2a: Slowking\n|-enditem|p2a: Slowking|Colbur Berry|[eat]\n|-enditem|p2a: Slowking|Colbur Berry|[weaken]\n|-damage|p2a: Slowking|15\/100\n|move|p2a: Slowking|Sludge Bomb|p1a: Ogerpon\n|-supereffective|p1a: Ogerpon\n|-damage|p1a: Ogerpon|25\/100 par\n|\n|upkeep\n|turn|4\n|\n|t:|1700727021\n|switch|p2a: Enamorus|Enamorus, F|100\/100\n|cant|p1a: Ogerpon|par\n|\n|upkeep\n|turn|5\n|\n|t:|1700727029\n|move|p2a: Enamorus|Moonblast|p1a: Ogerpon\n|-damage|p1a: Ogerpon|0 fnt\n|faint|p1a: Ogerpon\n|\n|upkeep\n|\n|t:|1700727036\n|switch|p1a: Zapdos|Zapdos, shiny|100\/100\n|turn|6\n|\n|t:|1700727038\n|switch|p2a: Slowking|Slowking-Galar, F|48\/100\n|move|p1a: Zapdos|Volt Switch|p2a: Slowking\n|-damage|p2a: Slowking|29\/100\n|\n|t:|1700727052\n|switch|p1a: Cinderace|Cinderace, M, shiny|100\/100|[from] Volt Switch\n|\n|upkeep\n|turn|7\n|\n|t:|1700727057\n|switch|p2a: Great Tusk|Great Tusk|100\/100\n|move|p1a: Cinderace|Pyro Ball|p2a: Great Tusk\n|-crit|p2a: Great Tusk\n|-damage|p2a: Great Tusk|38\/100\n|\n|upkeep\n|turn|8\n|\n|t:|1700727060\n|move|p1a: Cinderace|Pyro Ball|p2a: Great Tusk\n|-damage|p2a: Great Tusk|0 fnt\n|faint|p2a: Great Tusk\n|-end|p2a: Great Tusk|Protosynthesis|[silent]\n|\n|upkeep\n|\n|t:|1700727065\n|switch|p2a: Weavile|Weavile, F|100\/100\n|turn|9\n|\n|t:|1700727068\n|switch|p1a: Zapdos|Zapdos, shiny|100\/100\n|move|p2a: Weavile|Swords Dance|p2a: Weavile\n|-boost|p2a: Weavile|atk|2\n|\n|upkeep\n|turn|10\n|\n|t:|1700727074\n|move|p2a: Weavile|Icicle Crash|p1a: Zapdos\n|-supereffective|p1a: Zapdos\n|-damage|p1a: Zapdos|0 fnt\n|faint|p1a: Zapdos\n|\n|upkeep\n|\n|t:|1700727080\n|switch|p1a: Conkeldurr|Conkeldurr, M, shiny|100\/100\n|turn|11\n|\n|t:|1700727083\n|move|p1a: Conkeldurr|Mach Punch|p2a: Weavile\n|-supereffective|p2a: Weavile\n|-enditem|p2a: Weavile|Focus Sash\n|-damage|p2a: Weavile|1\/100\n|-enditem|p1a: Conkeldurr|Assault Vest|[silent]|[from] ability: Pickpocket|[of] p1a: Conkeldurr\n|-item|p2a: Weavile|Assault Vest|[from] ability: Pickpocket|[of] p1a: Conkeldurr\n|move|p2a: Weavile|Icicle Crash|p1a: Conkeldurr\n|-damage|p1a: Conkeldurr|14\/100\n|\n|upkeep\n|turn|12\n|\n|t:|1700727092\n|move|p2a: Weavile|Ice Shard|p1a: Conkeldurr\n|-damage|p1a: Conkeldurr|0 fnt\n|faint|p1a: Conkeldurr\n|\n|upkeep\n|\n|t:|1700727097\n|switch|p1a: Iron Valiant|Iron Valiant, shiny|100\/100\n|-enditem|p1a: Iron Valiant|Booster Energy\n|-activate|p1a: Iron Valiant|ability: Quark Drive|[fromitem]\n|-start|p1a: Iron Valiant|quarkdrivespe\n|turn|13\n|\n|t:|1700727112\n|move|p2a: Weavile|Ice Shard|p1a: Iron Valiant\n|-damage|p1a: Iron Valiant|48\/100\n|move|p1a: Iron Valiant|Moonblast|p2a: Weavile\n|-supereffective|p2a: Weavile\n|-damage|p2a: Weavile|0 fnt\n|faint|p2a: Weavile\n|\n|upkeep\n|\n|t:|1700727117\n|switch|p2a: Enamorus|Enamorus, F|100\/100\n|turn|14\n|\n|t:|1700727120\n|move|p1a: Iron Valiant|Thunderbolt|p2a: Enamorus\n|-supereffective|p2a: Enamorus\n|-damage|p2a: Enamorus|22\/100\n|move|p2a: Enamorus|Moonblast|p1a: Iron Valiant\n|-supereffective|p1a: Iron Valiant\n|-damage|p1a: Iron Valiant|0 fnt\n|faint|p1a: Iron Valiant\n|-end|p1a: Iron Valiant|Quark Drive|[silent]\n|\n|-heal|p2a: Enamorus|29\/100|[from] item: Leftovers\n|upkeep\n|\n|t:|1700727125\n|switch|p1a: Maushold|Maushold, shiny|100\/100\n|turn|15\n|\n|t:|1700727129\n|switch|p2a: Hawlucha|Hawlucha, M|100\/100\n|move|p1a: Maushold|Tidy Up|p1a: Maushold\n|-boost|p1a: Maushold|atk|1\n|-boost|p1a: Maushold|spe|1\n|-enditem|p2a: Hawlucha|Mirror Herb\n|-boost|p2a: Hawlucha|atk|1|[from] item: Mirror Herb\n|-boost|p2a: Hawlucha|spe|1|[from] item: Mirror Herb\n|\n|upkeep\n|turn|16\n|\n|t:|1700727131\n|move|p2a: Hawlucha|Flying Press|p1a: Maushold\n|-supereffective|p1a: Maushold\n|-damage|p1a: Maushold|0 fnt\n|faint|p1a: Maushold\n|\n|upkeep\n|c|\u2606Xtern|omg mirror herb O.O\n|\n|t:|1700727146\n|switch|p1a: Cinderace|Cinderace, M, shiny|100\/100\n|turn|17\n|\n|t:|1700727149\n|move|p2a: Hawlucha|Acrobatics|p1a: Cinderace\n|-damage|p1a: Cinderace|0 fnt\n|faint|p1a: Cinderace\n|\n|win|JachiMalz\n|raw|Xtern's rating: 1324 &rarr; <strong>1305<\/strong><br \/>(-19 for losing)\n|raw|JachiMalz's rating: 1341 &rarr; <strong>1360<\/strong><br \/>(+19 for winning)\n","uploadtime":1700727159,"views":6,"p1id":"xtern","p2id":"jachimalz","formatid":"gen9ou","rating":1305,"private":0,"password":""}