{"id":"gen9ou-1989893880","p1":"pok3monjake","p2":"Meta300","format":"[Gen 9] OU","log":"|j|\u2606pok3monjake\n|j|\u2606Meta300\n|t:|1699904561\n|gametype|singles\n|player|p1|pok3monjake|unknown|1624\n|player|p2|Meta300|jasmine-masters2|1603\n|teamsize|p1|6\n|teamsize|p2|6\n|gen|9\n|tier|[Gen 9] OU\n|rated|\n|rule|Sleep Clause Mod: Limit one foe put to sleep\n|rule|Species Clause: Limit one of each Pok\u00e9mon\n|rule|OHKO Clause: OHKO moves are banned\n|rule|Evasion Items Clause: Evasion items are banned\n|rule|Evasion Moves Clause: Evasion moves are banned\n|rule|Endless Battle Clause: Forcing endless battles is banned\n|rule|HP Percentage Mod: HP is shown in percentages\n|clearpoke\n|poke|p1|Tropius, F|\n|poke|p1|Walking Wake|\n|poke|p1|Torkoal, F|\n|poke|p1|Great Tusk|\n|poke|p1|Heatran, M|\n|poke|p1|Hatterene, F|\n|poke|p2|Sneasler, M|\n|poke|p2|Rillaboom, F|\n|poke|p2|Corviknight, F|\n|poke|p2|Manaphy|\n|poke|p2|Slowking-Galar, F|\n|poke|p2|Glimmora, F|\n|teampreview\n|inactive|Battle timer is ON: inactive players will automatically lose when time's up. (requested by Meta300)\n|\n|t:|1699904569\n|start\n|switch|p1a: Torkoal|Torkoal, F|100\/100\n|switch|p2a: Glimmora|Glimmora, F|100\/100\n|-weather|SunnyDay|[from] ability: Drought|[of] p1a: Torkoal\n|turn|1\n|\n|t:|1699904584\n|move|p2a: Glimmora|Sludge Wave|p1a: Torkoal\n|-damage|p1a: Torkoal|48\/100\n|move|p1a: Torkoal|Stealth Rock|p2a: Glimmora\n|-sidestart|p2: Meta300|move: Stealth Rock\n|\n|-weather|SunnyDay|[upkeep]\n|upkeep\n|turn|2\n|\n|t:|1699904592\n|switch|p2a: Slowking|Slowking-Galar, F|100\/100\n|switch|p1a: Heatran|Heatran, M|100\/100\n|-item|p1a: Heatran|Air Balloon\n|\n|-weather|SunnyDay|[upkeep]\n|upkeep\n|turn|3\n|\n|t:|1699904596\n|move|p1a: Heatran|Taunt|p2a: Slowking\n|-start|p2a: Slowking|move: Taunt\n|cant|p2a: Slowking|move: Taunt|Chilly Reception\n|\n|-weather|SunnyDay|[upkeep]\n|upkeep\n|turn|4\n|\n|t:|1699904603\n|switch|p2a: Glimmora|Glimmora, F|100\/100\n|-damage|p2a: Glimmora|88\/100|[from] Stealth Rock\n|move|p1a: Heatran|Fire Blast|p2a: Glimmora\n|-resisted|p2a: Glimmora\n|-damage|p2a: Glimmora|28\/100\n|\n|-weather|SunnyDay|[upkeep]\n|upkeep\n|turn|5\n|\n|t:|1699904609\n|move|p2a: Glimmora|Power Gem|p1a: Heatran\n|-damage|p1a: Heatran|60\/100\n|-enditem|p1a: Heatran|Air Balloon\n|move|p1a: Heatran|Earth Power|p2a: Glimmora\n|-supereffective|p2a: Glimmora\n|-damage|p2a: Glimmora|0 fnt\n|faint|p2a: Glimmora\n|\n|-weather|SunnyDay|[upkeep]\n|upkeep\n|\n|t:|1699904616\n|switch|p2a: Manaphy|Manaphy|100\/100\n|-damage|p2a: Manaphy|88\/100|[from] Stealth Rock\n|turn|6\n|inactive|pok3monjake has 120 seconds left.\n|\n|t:|1699904651\n|move|p2a: Manaphy|Tail Glow|p2a: Manaphy\n|-boost|p2a: Manaphy|spa|3\n|move|p1a: Heatran|Fire Blast|p2a: Manaphy\n|-resisted|p2a: Manaphy\n|-damage|p2a: Manaphy|47\/100\n|\n|-weather|SunnyDay|[upkeep]\n|-heal|p2a: Manaphy|53\/100|[from] item: Leftovers\n|upkeep\n|turn|7\n|inactive|pok3monjake has 120 seconds left.\n|\n|t:|1699904674\n|switch|p1a: Hatterene|Hatterene, F|100\/100\n|move|p2a: Manaphy|Scald|p1a: Hatterene\n|-damage|p1a: Hatterene|58\/100\n|-enditem|p1a: Hatterene|Eject Button\n|\n|t:|1699904689\n|switch|p1a: Walking Wake|Walking Wake|100\/100\n|-activate|p1a: Walking Wake|ability: Protosynthesis\n|-start|p1a: Walking Wake|protosynthesisspe\n|\n|-weather|SunnyDay|[upkeep]\n|-heal|p2a: Manaphy|59\/100|[from] item: Leftovers\n|upkeep\n|turn|8\n|\n|t:|1699904698\n|switch|p2a: Slowking|Slowking-Galar, F|100\/100\n|move|p1a: Walking Wake|Draco Meteor|p2a: Slowking|[miss]\n|-miss|p1a: Walking Wake|p2a: Slowking\n|\n|-weather|none\n|-end|p1a: Walking Wake|Protosynthesis\n|upkeep\n|turn|9\n|\n|t:|1699904714\n|-end|p1a: Walking Wake|Protosynthesis|[silent]\n|switch|p1a: Torkoal|Torkoal, F|48\/100\n|-weather|SunnyDay|[from] ability: Drought|[of] p1a: Torkoal\n|move|p2a: Slowking|Future Sight|p1a: Torkoal\n|-start|p2a: Slowking|move: Future Sight\n|\n|-weather|SunnyDay|[upkeep]\n|upkeep\n|turn|10\n|inactive|pok3monjake has 90 seconds left.\n|\n|t:|1699904748\n|switch|p1a: Hatterene|Hatterene, F|58\/100\n|move|p2a: Slowking|Chilly Reception|p2a: Slowking\n|-weather|Snow\n|\n|t:|1699904757\n|switch|p2a: Corviknight|Corviknight, F|100\/100|[from] Chilly Reception\n|-damage|p2a: Corviknight|88\/100|[from] Stealth Rock\n|-ability|p2a: Corviknight|Pressure\n|\n|-weather|Snow|[upkeep]\n|upkeep\n|turn|11\n|inactive|pok3monjake has 90 seconds left.\n|\n|t:|1699904764\n|move|p2a: Corviknight|Defog|p1a: Hatterene\n|move|p1a: Hatterene|Defog|p2a: Corviknight|[from]ability: Magic Bounce\n|-unboost|p2a: Corviknight|evasion|1\n|-sideend|p2: Meta300|Stealth Rock|[from] move: Defog|[of] p1a: Hatterene\n|move|p1a: Hatterene|Nuzzle|p2a: Corviknight\n|-supereffective|p2a: Corviknight\n|-damage|p2a: Corviknight|84\/100\n|-status|p2a: Corviknight|par\n|-damage|p1a: Hatterene|41\/100|[from] item: Rocky Helmet|[of] p2a: Corviknight\n|\n|-weather|Snow|[upkeep]\n|-end|p1a: Hatterene|move: Future Sight\n|-resisted|p1a: Hatterene\n|-damage|p1a: Hatterene|8\/100\n|upkeep\n|turn|12\n|inactive|pok3monjake has 90 seconds left.\n|\n|t:|1699904787\n|move|p1a: Hatterene|Healing Wish|p1a: Hatterene\n|faint|p1a: Hatterene\n|cant|p2a: Corviknight|par\n|\n|-weather|Snow|[upkeep]\n|upkeep\n|\n|t:|1699904790\n|switch|p1a: Torkoal|Torkoal, F|48\/100\n|-heal|p1a: Torkoal|100\/100|[from] move: Healing Wish\n|-weather|SunnyDay|[from] ability: Drought|[of] p1a: Torkoal\n|turn|13\n|inactive|pok3monjake has 90 seconds left.\n|\n|t:|1699904801\n|switch|p2a: Slowking|Slowking-Galar, F|100\/100\n|move|p1a: Torkoal|Stealth Rock|p2a: Slowking\n|-sidestart|p2: Meta300|move: Stealth Rock\n|\n|-weather|SunnyDay|[upkeep]\n|upkeep\n|turn|14\n|inactive|pok3monjake has 90 seconds left.\n|\n|t:|1699904834\n|switch|p1a: Heatran|Heatran, M|60\/100\n|move|p2a: Slowking|Chilly Reception|p2a: Slowking\n|-weather|Snow\n|\n|t:|1699904850\n|switch|p2a: Manaphy|Manaphy|59\/100|[from] Chilly Reception\n|-damage|p2a: Manaphy|47\/100|[from] Stealth Rock\n|\n|-weather|Snow|[upkeep]\n|-heal|p2a: Manaphy|53\/100|[from] item: Leftovers\n|upkeep\n|turn|15\n|\n|t:|1699904858\n|switch|p1a: Walking Wake|Walking Wake|100\/100\n|move|p2a: Manaphy|Scald|p1a: Walking Wake\n|-resisted|p1a: Walking Wake\n|-damage|p1a: Walking Wake|90\/100\n|\n|-weather|Snow|[upkeep]\n|-heal|p2a: Manaphy|59\/100|[from] item: Leftovers\n|upkeep\n|turn|16\n|\n|t:|1699904871\n|switch|p2a: Slowking|Slowking-Galar, F|100\/100\n|move|p1a: Walking Wake|Draco Meteor|p2a: Slowking|[miss]\n|-miss|p1a: Walking Wake|p2a: Slowking\n|\n|-weather|Snow|[upkeep]\n|upkeep\n|turn|17\n|\n|t:|1699904881\n|-end|p1a: Walking Wake|Protosynthesis|[silent]\n|switch|p1a: Torkoal|Torkoal, F|100\/100\n|-weather|SunnyDay|[from] ability: Drought|[of] p1a: Torkoal\n|move|p2a: Slowking|Future Sight|p1a: Torkoal\n|-start|p2a: Slowking|move: Future Sight\n|\n|-weather|SunnyDay|[upkeep]\n|upkeep\n|turn|18\n|\n|t:|1699904886\n|switch|p1a: Heatran|Heatran, M|60\/100\n|move|p2a: Slowking|Chilly Reception|p2a: Slowking\n|-weather|Snow\n|\n|t:|1699904894\n|switch|p2a: Sneasler|Sneasler, M|100\/100|[from] Chilly Reception\n|-damage|p2a: Sneasler|95\/100|[from] Stealth Rock\n|\n|-weather|Snow|[upkeep]\n|upkeep\n|turn|19\n|inactive|pok3monjake has 90 seconds left.\n|\n|t:|1699904919\n|switch|p1a: Torkoal|Torkoal, F|100\/100\n|-weather|SunnyDay|[from] ability: Drought|[of] p1a: Torkoal\n|move|p2a: Sneasler|Close Combat|p1a: Torkoal\n|-damage|p1a: Torkoal|53\/100\n|-unboost|p2a: Sneasler|def|1\n|-unboost|p2a: Sneasler|spd|1\n|\n|-weather|SunnyDay|[upkeep]\n|-end|p1a: Torkoal|move: Future Sight\n|-damage|p1a: Torkoal|0 fnt\n|faint|p1a: Torkoal\n|upkeep\n|inactive|pok3monjake has 90 seconds left.\n|\n|t:|1699904931\n|switch|p1a: Tropius|Tropius, F|100\/100\n|turn|20\n|inactive|pok3monjake has 90 seconds left.\n|\n|t:|1699904945\n|switch|p2a: Slowking|Slowking-Galar, F|100\/100\n|-terastallize|p1a: Tropius|Ground\n|move|p1a: Tropius|Dragon Dance|p1a: Tropius\n|-boost|p1a: Tropius|atk|1\n|-boost|p1a: Tropius|spe|1\n|\n|-weather|SunnyDay|[upkeep]\n|upkeep\n|turn|21\n|inactive|pok3monjake has 90 seconds left.\n|\n|t:|1699904951\n|move|p1a: Tropius|Earthquake|p2a: Slowking\n|-supereffective|p2a: Slowking\n|-crit|p2a: Slowking\n|-damage|p2a: Slowking|0 fnt\n|faint|p2a: Slowking\n|\n|-weather|SunnyDay|[upkeep]\n|upkeep\n|\n|t:|1699904957\n|switch|p2a: Rillaboom|Rillaboom, F|100\/100\n|-damage|p2a: Rillaboom|88\/100|[from] Stealth Rock\n|-fieldstart|move: Grassy Terrain|[from] ability: Grassy Surge|[of] p2a: Rillaboom\n|turn|22\n|inactive|pok3monjake has 90 seconds left.\n|\n|t:|1699904979\n|switch|p1a: Heatran|Heatran, M|60\/100\n|move|p2a: Rillaboom|Grassy Glide|p1a: Heatran\n|-resisted|p1a: Heatran\n|-damage|p1a: Heatran|44\/100\n|\n|-weather|SunnyDay|[upkeep]\n|-heal|p1a: Heatran|51\/100|[from] Grassy Terrain\n|-heal|p2a: Rillaboom|94\/100|[from] Grassy Terrain\n|upkeep\n|turn|23\n|inactive|pok3monjake has 90 seconds left.\n|\n|t:|1699904990\n|switch|p2a: Manaphy|Manaphy|59\/100\n|-damage|p2a: Manaphy|47\/100|[from] Stealth Rock\n|move|p1a: Heatran|Fire Blast|p2a: Manaphy\n|-resisted|p2a: Manaphy\n|-damage|p2a: Manaphy|6\/100\n|\n|-weather|SunnyDay|[upkeep]\n|-heal|p2a: Manaphy|12\/100|[from] Grassy Terrain\n|-heal|p2a: Manaphy|18\/100|[from] item: Leftovers\n|-heal|p1a: Heatran|57\/100|[from] Grassy Terrain\n|upkeep\n|turn|24\n|inactive|pok3monjake has 90 seconds left.\n|inactive|pok3monjake has 60 seconds left.\n|\n|t:|1699905046\n|switch|p1a: Walking Wake|Walking Wake|90\/100\n|-activate|p1a: Walking Wake|ability: Protosynthesis\n|-start|p1a: Walking Wake|protosynthesisspe\n|move|p2a: Manaphy|Scald|p1a: Walking Wake\n|-resisted|p1a: Walking Wake\n|-damage|p1a: Walking Wake|85\/100\n|\n|-weather|SunnyDay|[upkeep]\n|-heal|p1a: Walking Wake|91\/100|[from] Grassy Terrain\n|-heal|p2a: Manaphy|24\/100|[from] Grassy Terrain\n|-heal|p2a: Manaphy|30\/100|[from] item: Leftovers\n|upkeep\n|turn|25\n|inactive|pok3monjake has 30 seconds left.\n|inactive|pok3monjake has 20 seconds left.\n|\n|t:|1699905080\n|move|p1a: Walking Wake|Hydro Steam|p2a: Manaphy\n|-resisted|p2a: Manaphy\n|-damage|p2a: Manaphy|0 fnt\n|faint|p2a: Manaphy\n|\n|-weather|SunnyDay|[upkeep]\n|-heal|p1a: Walking Wake|97\/100|[from] Grassy Terrain\n|upkeep\n|inactive|pok3monjake has 25 seconds left this turn.\n|\n|t:|1699905095\n|switch|p2a: Sneasler|Sneasler, M|95\/100\n|-damage|p2a: Sneasler|89\/100|[from] Stealth Rock\n|-enditem|p2a: Sneasler|Grassy Seed\n|-boost|p2a: Sneasler|def|1|[from] item: Grassy Seed\n|turn|26\n|j| Aptham\n|inactive|pok3monjake has 30 seconds left.\n|inactive|pok3monjake has 20 seconds left.\n|inactive|Meta300 has 120 seconds left.\n|\n|t:|1699905131\n|move|p2a: Sneasler|Close Combat|p1a: Walking Wake\n|-damage|p1a: Walking Wake|27\/100\n|-unboost|p2a: Sneasler|def|1\n|-unboost|p2a: Sneasler|spd|1\n|move|p1a: Walking Wake|Hydro Steam|p2a: Sneasler\n|-damage|p2a: Sneasler|0 fnt\n|faint|p2a: Sneasler\n|\n|-weather|none\n|-end|p1a: Walking Wake|Protosynthesis\n|-heal|p1a: Walking Wake|33\/100|[from] Grassy Terrain\n|-fieldend|move: Grassy Terrain\n|upkeep\n|inactive|pok3monjake has 25 seconds left this turn.\n|\n|t:|1699905137\n|switch|p2a: Rillaboom|Rillaboom, F|94\/100\n|-damage|p2a: Rillaboom|82\/100|[from] Stealth Rock\n|-fieldstart|move: Grassy Terrain|[from] ability: Grassy Surge|[of] p2a: Rillaboom\n|turn|27\n|inactive|pok3monjake has 30 seconds left.\n|\n|t:|1699905144\n|-end|p1a: Walking Wake|Protosynthesis|[silent]\n|switch|p1a: Tropius|Tropius, F, tera:Ground|100\/100\n|move|p2a: Rillaboom|Knock Off|p1a: Tropius\n|-damage|p1a: Tropius|45\/100\n|-enditem|p1a: Tropius|Sitrus Berry|[from] move: Knock Off|[of] p2a: Rillaboom\n|\n|-heal|p2a: Rillaboom|88\/100|[from] Grassy Terrain\n|-heal|p1a: Tropius|51\/100|[from] Grassy Terrain\n|upkeep\n|turn|28\n|\n|t:|1699905151\n|move|p2a: Rillaboom|Knock Off|p1a: Tropius\n|-damage|p1a: Tropius|13\/100\n|move|p1a: Tropius|Leaf Blade|p2a: Rillaboom\n|-resisted|p2a: Rillaboom\n|-damage|p2a: Rillaboom|69\/100\n|\n|-heal|p2a: Rillaboom|75\/100|[from] Grassy Terrain\n|-heal|p1a: Tropius|19\/100|[from] Grassy Terrain\n|upkeep\n|turn|29\n|\n|t:|1699905155\n|move|p2a: Rillaboom|Knock Off|p1a: Tropius\n|-damage|p1a: Tropius|0 fnt\n|faint|p1a: Tropius\n|\n|-heal|p2a: Rillaboom|81\/100|[from] Grassy Terrain\n|upkeep\n|\n|t:|1699905169\n|switch|p1a: Walking Wake|Walking Wake|33\/100\n|turn|30\n|\n|t:|1699905175\n|switch|p2a: Corviknight|Corviknight, F|84\/100 par\n|-damage|p2a: Corviknight|71\/100 par|[from] Stealth Rock\n|-ability|p2a: Corviknight|Pressure\n|move|p1a: Walking Wake|Flamethrower|p2a: Corviknight\n|-supereffective|p2a: Corviknight\n|-damage|p2a: Corviknight|0 fnt\n|faint|p2a: Corviknight\n|\n|-heal|p1a: Walking Wake|39\/100|[from] Grassy Terrain\n|upkeep\n|\n|t:|1699905178\n|switch|p2a: Rillaboom|Rillaboom, F|81\/100\n|-damage|p2a: Rillaboom|69\/100|[from] Stealth Rock\n|turn|31\n|\n|t:|1699905185\n|move|p1a: Walking Wake|Flamethrower|p2a: Rillaboom\n|-supereffective|p2a: Rillaboom\n|-damage|p2a: Rillaboom|0 fnt\n|faint|p2a: Rillaboom\n|\n|win|pok3monjake\n|raw|pok3monjake's rating: 1624 &rarr; <strong>1643<\/strong><br \/>(+19 for winning)\n|raw|Meta300's rating: 1603 &rarr; <strong>1584<\/strong><br \/>(-19 for losing)\n","uploadtime":1699905189,"views":11,"p1id":"pok3monjake","p2id":"meta300","formatid":"gen9ou","rating":1584,"private":0,"password":""}