{"id":"gen9ou-1990380671","p1":"Kenetto108","p2":"tpn orph","format":"[Gen 9] OU","log":"|j|\u2606Kenetto108\n|j|\u2606tpn orph\n|t:|1699964700\n|gametype|singles\n|player|p1|Kenetto108|lusamine-nihilego|1332\n|player|p2|tpn orph|lucas|1256\n|teamsize|p1|6\n|teamsize|p2|6\n|gen|9\n|tier|[Gen 9] OU\n|rated|\n|rule|Sleep Clause Mod: Limit one foe put to sleep\n|rule|Species Clause: Limit one of each Pok\u00e9mon\n|rule|OHKO Clause: OHKO moves are banned\n|rule|Evasion Items Clause: Evasion items are banned\n|rule|Evasion Moves Clause: Evasion moves are banned\n|rule|Endless Battle Clause: Forcing endless battles is banned\n|rule|HP Percentage Mod: HP is shown in percentages\n|clearpoke\n|poke|p1|Ogerpon-Cornerstone, F|\n|poke|p1|Cinderace, F|\n|poke|p1|Enamorus, F|\n|poke|p1|Dragonite, M|\n|poke|p1|Garganacl, M|\n|poke|p1|Tornadus-Therian, M|\n|poke|p2|Heatran, F|\n|poke|p2|Rillaboom, M|\n|poke|p2|Enamorus, F|\n|poke|p2|Manaphy|\n|poke|p2|Great Tusk|\n|poke|p2|Corviknight, F|\n|teampreview\n|inactive|Battle timer is ON: inactive players will automatically lose when time's up. (requested by Kenetto108)\n|\n|t:|1699964716\n|start\n|switch|p1a: Tornadus|Tornadus-Therian, M, shiny|100\/100\n|switch|p2a: Heatran|Heatran, F|100\/100\n|-item|p2a: Heatran|Air Balloon\n|turn|1\n|\n|t:|1699964720\n|move|p1a: Tornadus|U-turn|p2a: Heatran\n|-resisted|p2a: Heatran\n|-damage|p2a: Heatran|97\/100\n|-enditem|p2a: Heatran|Air Balloon\n|\n|t:|1699964726\n|switch|p1a: Dragonite|Dragonite, M|100\/100|[from] U-turn\n|move|p2a: Heatran|Magma Storm|p1a: Dragonite\n|-resisted|p1a: Dragonite\n|-damage|p1a: Dragonite|87\/100\n|-activate|p1a: Dragonite|move: Magma Storm|[of] p2a: Heatran\n|\n|-damage|p1a: Dragonite|74\/100|[from] move: Magma Storm|[partiallytrapped]\n|upkeep\n|turn|2\n|\n|t:|1699964738\n|switch|p2a: Corviknight|Corviknight, F|100\/100\n|move|p1a: Dragonite|Dragon Dance|p1a: Dragonite\n|-boost|p1a: Dragonite|atk|1\n|-boost|p1a: Dragonite|spe|1\n|\n|-end|p1a: Dragonite|Magma Storm|[partiallytrapped]|[silent]\n|upkeep\n|turn|3\n|\n|t:|1699964744\n|move|p1a: Dragonite|Fire Punch|p2a: Corviknight\n|-supereffective|p2a: Corviknight\n|-damage|p2a: Corviknight|32\/100\n|move|p2a: Corviknight|Bulk Up|p2a: Corviknight\n|-boost|p2a: Corviknight|atk|1\n|-boost|p2a: Corviknight|def|1\n|\n|upkeep\n|turn|4\n|\n|t:|1699964751\n|-terastallize|p2a: Corviknight|Dragon\n|move|p1a: Dragonite|Fire Punch|p2a: Corviknight\n|-resisted|p2a: Corviknight\n|-damage|p2a: Corviknight|20\/100\n|-enditem|p2a: Corviknight|Salac Berry|[eat]\n|-boost|p2a: Corviknight|spe|1|[from] item: Salac Berry\n|move|p2a: Corviknight|Roost|p2a: Corviknight\n|-heal|p2a: Corviknight|70\/100\n|\n|upkeep\n|turn|5\n|\n|t:|1699964759\n|move|p1a: Dragonite|Dragon Dance|p1a: Dragonite\n|-boost|p1a: Dragonite|atk|1\n|-boost|p1a: Dragonite|spe|1\n|move|p2a: Corviknight|Roost|p2a: Corviknight\n|-heal|p2a: Corviknight|100\/100\n|\n|upkeep\n|turn|6\n|\n|t:|1699964766\n|switch|p1a: Enamorus|Enamorus, F, shiny|100\/100\n|move|p2a: Corviknight|Bulk Up|p2a: Corviknight\n|-boost|p2a: Corviknight|atk|1\n|-boost|p2a: Corviknight|def|1\n|\n|upkeep\n|turn|7\n|\n|t:|1699964771\n|move|p1a: Enamorus|Moonblast|p2a: Corviknight\n|-supereffective|p2a: Corviknight\n|-damage|p2a: Corviknight|6\/100\n|-damage|p1a: Enamorus|91\/100|[from] item: Life Orb\n|move|p2a: Corviknight|Brave Bird|p1a: Enamorus\n|-damage|p1a: Enamorus|0 fnt\n|faint|p1a: Enamorus\n|-damage|p2a: Corviknight|0 fnt|[from] Recoil\n|faint|p2a: Corviknight\n|\n|upkeep\n|\n|t:|1699964792\n|switch|p1a: Tornadus|Tornadus-Therian, M, shiny|100\/100\n|switch|p2a: Heatran|Heatran, F|97\/100\n|turn|8\n|l|\u2606Kenetto108\n|inactive|Kenetto108 disconnected and has a minute to reconnect!\n|player|p1|\n|j|\u2606Kenetto108\n|inactive|Kenetto108 reconnected and has 115 seconds left.\n|player|p1|Kenetto108|lusamine-nihilego\n|\n|t:|1699964833\n|move|p1a: Tornadus|U-turn|p2a: Heatran\n|-resisted|p2a: Heatran\n|-damage|p2a: Heatran|93\/100\n|\n|t:|1699964837\n|switch|p1a: Dragonite|Dragonite, M|74\/100|[from] U-turn\n|move|p2a: Heatran|Magma Storm|p1a: Dragonite|[miss]\n|-miss|p2a: Heatran|p1a: Dragonite\n|\n|upkeep\n|turn|9\n|\n|t:|1699964842\n|switch|p2a: Rillaboom|Rillaboom, M|100\/100\n|-fieldstart|move: Grassy Terrain|[from] ability: Grassy Surge|[of] p2a: Rillaboom\n|move|p1a: Dragonite|Earthquake|p2a: Rillaboom\n|-resisted|p2a: Rillaboom\n|-damage|p2a: Rillaboom|91\/100\n|\n|-heal|p2a: Rillaboom|97\/100|[from] Grassy Terrain\n|upkeep\n|turn|10\n|\n|t:|1699964852\n|move|p2a: Rillaboom|U-turn|p1a: Dragonite\n|-resisted|p1a: Dragonite\n|-damage|p1a: Dragonite|51\/100\n|\n|t:|1699964857\n|switch|p2a: Great Tusk|Great Tusk|100\/100|[from] U-turn\n|-enditem|p2a: Great Tusk|Booster Energy\n|-activate|p2a: Great Tusk|ability: Protosynthesis|[fromitem]\n|-start|p2a: Great Tusk|protosynthesisspe\n|move|p1a: Dragonite|Dragon Dance|p1a: Dragonite\n|-boost|p1a: Dragonite|atk|1\n|-boost|p1a: Dragonite|spe|1\n|\n|upkeep\n|turn|11\n|\n|t:|1699964864\n|move|p2a: Great Tusk|Bulk Up|p2a: Great Tusk\n|-boost|p2a: Great Tusk|atk|1\n|-boost|p2a: Great Tusk|def|1\n|move|p1a: Dragonite|Fire Punch|p2a: Great Tusk\n|-damage|p2a: Great Tusk|83\/100\n|\n|-heal|p2a: Great Tusk|89\/100|[from] Grassy Terrain\n|upkeep\n|turn|12\n|\n|t:|1699964874\n|move|p2a: Great Tusk|Bulk Up|p2a: Great Tusk\n|-boost|p2a: Great Tusk|atk|1\n|-boost|p2a: Great Tusk|def|1\n|move|p1a: Dragonite|Fire Punch|p2a: Great Tusk\n|-damage|p2a: Great Tusk|74\/100\n|\n|-heal|p2a: Great Tusk|81\/100|[from] Grassy Terrain\n|upkeep\n|turn|13\n|\n|t:|1699964879\n|switch|p1a: Tornadus|Tornadus-Therian, M, shiny|100\/100\n|move|p2a: Great Tusk|Bulk Up|p2a: Great Tusk\n|-boost|p2a: Great Tusk|atk|1\n|-boost|p2a: Great Tusk|def|1\n|\n|-heal|p2a: Great Tusk|87\/100|[from] Grassy Terrain\n|-fieldend|move: Grassy Terrain\n|upkeep\n|turn|14\n|\n|t:|1699964883\n|move|p2a: Great Tusk|Knock Off|p1a: Tornadus\n|-damage|p1a: Tornadus|16\/100\n|-enditem|p1a: Tornadus|Assault Vest|[from] move: Knock Off|[of] p2a: Great Tusk\n|move|p1a: Tornadus|Hurricane|p2a: Great Tusk\n|-supereffective|p2a: Great Tusk\n|-damage|p2a: Great Tusk|0 fnt\n|faint|p2a: Great Tusk\n|-end|p2a: Great Tusk|Protosynthesis|[silent]\n|\n|upkeep\n|\n|t:|1699964902\n|switch|p2a: Heatran|Heatran, F|93\/100\n|turn|15\n|\n|t:|1699964907\n|move|p1a: Tornadus|U-turn|p2a: Heatran\n|-resisted|p2a: Heatran\n|-damage|p2a: Heatran|89\/100\n|\n|t:|1699964911\n|switch|p1a: Dragonite|Dragonite, M|51\/100|[from] U-turn\n|move|p2a: Heatran|Stealth Rock|p1a: Dragonite\n|-sidestart|p1: Kenetto108|move: Stealth Rock\n|\n|upkeep\n|turn|16\n|\n|t:|1699964916\n|move|p2a: Heatran|Taunt|p1a: Dragonite\n|-start|p1a: Dragonite|move: Taunt\n|cant|p1a: Dragonite|move: Taunt|Dragon Dance\n|\n|upkeep\n|turn|17\n|\n|t:|1699964923\n|switch|p2a: Enamorus|Enamorus, F|100\/100\n|move|p1a: Dragonite|Extreme Speed|p2a: Enamorus\n|-damage|p2a: Enamorus|47\/100\n|\n|-heal|p2a: Enamorus|53\/100|[from] item: Leftovers\n|upkeep\n|turn|18\n|\n|t:|1699964932\n|switch|p1a: Tornadus|Tornadus-Therian, M, shiny|50\/100\n|-damage|p1a: Tornadus|25\/100|[from] Stealth Rock\n|move|p2a: Enamorus|Moonblast|p1a: Tornadus\n|-damage|p1a: Tornadus|0 fnt\n|faint|p1a: Tornadus\n|\n|-heal|p2a: Enamorus|59\/100|[from] item: Leftovers\n|upkeep\n|\n|t:|1699964936\n|switch|p1a: Cinderace|Cinderace, F, shiny|100\/100\n|turn|19\n|\n|t:|1699964941\n|move|p1a: Cinderace|Pyro Ball|p2a: Enamorus\n|-damage|p2a: Enamorus|0 fnt\n|faint|p2a: Enamorus\n|\n|upkeep\n|\n|t:|1699964945\n|switch|p2a: Manaphy|Manaphy|100\/100\n|turn|20\n|\n|t:|1699964951\n|move|p1a: Cinderace|Court Change|p1a: Cinderace\n|-swapsideconditions\n|-activate|p1a: Cinderace|move: Court Change\n|move|p2a: Manaphy|Tail Glow|p2a: Manaphy\n|-boost|p2a: Manaphy|spa|3\n|\n|upkeep\n|turn|21\n|\n|t:|1699964957\n|switch|p1a: Dragonite|Dragonite, M|51\/100\n|move|p2a: Manaphy|Surf|p1a: Dragonite\n|-resisted|p1a: Dragonite\n|-damage|p1a: Dragonite|1\/100\n|\n|upkeep\n|turn|22\n|\n|t:|1699964960\n|move|p1a: Dragonite|Extreme Speed|p2a: Manaphy\n|-damage|p2a: Manaphy|69\/100\n|move|p2a: Manaphy|Dazzling Gleam|p1a: Dragonite\n|-supereffective|p1a: Dragonite\n|-damage|p1a: Dragonite|0 fnt\n|faint|p1a: Dragonite\n|\n|upkeep\n|\n|t:|1699964963\n|switch|p1a: Garganacl|Garganacl, M|100\/100\n|turn|23\n|\n|t:|1699964966\n|-terastallize|p1a: Garganacl|Water\n|move|p2a: Manaphy|Surf|p1a: Garganacl\n|-resisted|p1a: Garganacl\n|-damage|p1a: Garganacl|60\/100\n|move|p1a: Garganacl|Salt Cure|p2a: Manaphy\n|-damage|p2a: Manaphy|55\/100\n|-start|p2a: Manaphy|Salt Cure\n|\n|-heal|p1a: Garganacl|66\/100|[from] item: Leftovers\n|-damage|p2a: Manaphy|30\/100|[from] Salt Cure\n|upkeep\n|turn|24\n|\n|t:|1699964970\n|move|p2a: Manaphy|Energy Ball|p1a: Garganacl\n|-supereffective|p1a: Garganacl\n|-damage|p1a: Garganacl|0 fnt\n|faint|p1a: Garganacl\n|\n|-damage|p2a: Manaphy|5\/100|[from] Salt Cure\n|upkeep\n|\n|t:|1699964987\n|switch|p1a: Ogerpon|Ogerpon-Cornerstone, F|100\/100\n|turn|25\n|-enditem|p2a: Manaphy|Custap Berry|[eat]\n|-activate|p2a: Manaphy|item: Custap Berry|[consumed]\n|\n|t:|1699964990\n|move|p2a: Manaphy|Surf|p1a: Ogerpon\n|-crit|p1a: Ogerpon\n|-ability|p1a: Ogerpon|Sturdy\n|-damage|p1a: Ogerpon|1\/100\n|move|p1a: Ogerpon|Ivy Cudgel|p2a: Manaphy|[anim] Ivy Cudgel Rock\n|-damage|p2a: Manaphy|0 fnt\n|faint|p2a: Manaphy\n|\n|upkeep\n|\n|t:|1699964996\n|switch|p2a: Rillaboom|Rillaboom, M|97\/100\n|-damage|p2a: Rillaboom|84\/100|[from] Stealth Rock\n|-fieldstart|move: Grassy Terrain|[from] ability: Grassy Surge|[of] p2a: Rillaboom\n|turn|26\n|\n|t:|1699964999\n|switch|p1a: Cinderace|Cinderace, F, shiny|100\/100\n|move|p2a: Rillaboom|Grassy Glide|p1a: Cinderace\n|-resisted|p1a: Cinderace\n|-damage|p1a: Cinderace|66\/100\n|\n|-heal|p1a: Cinderace|72\/100|[from] Grassy Terrain\n|-heal|p2a: Rillaboom|91\/100|[from] Grassy Terrain\n|upkeep\n|turn|27\n|\n|t:|1699965004\n|switch|p2a: Heatran|Heatran, F|89\/100\n|-damage|p2a: Heatran|77\/100|[from] Stealth Rock\n|move|p1a: Cinderace|U-turn|p2a: Heatran\n|-resisted|p2a: Heatran\n|-damage|p2a: Heatran|73\/100\n|\n|t:|1699965006\n|switch|p1a: Ogerpon|Ogerpon-Cornerstone, F|1\/100|[from] U-turn\n|\n|-heal|p1a: Ogerpon|7\/100|[from] Grassy Terrain\n|-heal|p2a: Heatran|79\/100|[from] Grassy Terrain\n|upkeep\n|turn|28\n|\n|t:|1699965008\n|move|p1a: Ogerpon|Low Kick|p2a: Heatran\n|-supereffective|p2a: Heatran\n|-damage|p2a: Heatran|0 fnt\n|faint|p2a: Heatran\n|\n|-heal|p1a: Ogerpon|13\/100|[from] Grassy Terrain\n|upkeep\n|-message|tpn orph forfeited.\n|\n|win|Kenetto108\n|raw|Kenetto108's rating: 1332 &rarr; <strong>1348<\/strong><br \/>(+16 for winning)\n|raw|tpn orph's rating: 1256 &rarr; <strong>1236<\/strong><br \/>(-20 for losing)\n|l|\u2606tpn orph\n","uploadtime":1699965017,"views":5,"p1id":"kenetto108","p2id":"tpnorph","formatid":"gen9ou","rating":1236,"private":0,"password":""}