{"id":"gen9ou-1996476041","p1":"Overripe","p2":"77715J","format":"[Gen 9] OU","log":"|j|\u2606Overripe\n|j|\u260677715J\n|t:|1700685697\n|gametype|singles\n|player|p1|Overripe|iris-gen5bw2|1332\n|player|p2|77715J|plasmagrunt|1393\n|teamsize|p1|6\n|teamsize|p2|6\n|gen|9\n|tier|[Gen 9] OU\n|rated|\n|rule|Sleep Clause Mod: Limit one foe put to sleep\n|rule|Species Clause: Limit one of each Pok\u00e9mon\n|rule|OHKO Clause: OHKO moves are banned\n|rule|Evasion Items Clause: Evasion items are banned\n|rule|Evasion Moves Clause: Evasion moves are banned\n|rule|Endless Battle Clause: Forcing endless battles is banned\n|rule|HP Percentage Mod: HP is shown in percentages\n|clearpoke\n|poke|p1|Pelipper, F|\n|poke|p1|Gholdengo|\n|poke|p1|Basculegion-F, F|\n|poke|p1|Mandibuzz, F|\n|poke|p1|Great Tusk|\n|poke|p1|Barraskewda, M|\n|poke|p2|Walking Wake|\n|poke|p2|Torkoal, M|\n|poke|p2|Lilligant-Hisui, F|\n|poke|p2|Great Tusk|\n|poke|p2|Scream Tail|\n|poke|p2|Skeledirge, F|\n|teampreview\n|inactive|Battle timer is ON: inactive players will automatically lose when time's up. (requested by Overripe)\n|\n|t:|1700685708\n|start\n|switch|p1a: \u66f3\u821f \u6850\u751f|Mandibuzz, F, shiny|100\/100\n|switch|p2a: Scream Tail|Scream Tail|100\/100\n|turn|1\n|\n|t:|1700685715\n|-end|p2a: Scream Tail|Protosynthesis|[silent]\n|switch|p2a: Great Tusk|Great Tusk|100\/100\n|move|p1a: \u66f3\u821f \u6850\u751f|Toxic|p2a: Great Tusk\n|-status|p2a: Great Tusk|tox\n|\n|-damage|p2a: Great Tusk|94\/100 tox|[from] psn\n|upkeep\n|turn|2\n|\n|t:|1700685728\n|move|p2a: Great Tusk|Close Combat|p1a: \u66f3\u821f \u6850\u751f\n|-damage|p1a: \u66f3\u821f \u6850\u751f|55\/100\n|-unboost|p2a: Great Tusk|def|1\n|-unboost|p2a: Great Tusk|spd|1\n|move|p1a: \u66f3\u821f \u6850\u751f|Foul Play|p2a: Great Tusk\n|-resisted|p2a: Great Tusk\n|-crit|p2a: Great Tusk\n|-damage|p2a: Great Tusk|58\/100 tox\n|\n|-heal|p2a: Great Tusk|65\/100 tox|[from] item: Leftovers\n|-heal|p1a: \u66f3\u821f \u6850\u751f|61\/100|[from] item: Leftovers\n|-damage|p2a: Great Tusk|52\/100 tox|[from] psn\n|upkeep\n|turn|3\n|\n|t:|1700685742\n|move|p2a: Great Tusk|Ice Spinner|p1a: \u66f3\u821f \u6850\u751f\n|-supereffective|p1a: \u66f3\u821f \u6850\u751f\n|-damage|p1a: \u66f3\u821f \u6850\u751f|23\/100\n|move|p1a: \u66f3\u821f \u6850\u751f|Roost|p1a: \u66f3\u821f \u6850\u751f\n|-heal|p1a: \u66f3\u821f \u6850\u751f|73\/100\n|-singleturn|p1a: \u66f3\u821f \u6850\u751f|move: Roost\n|\n|-heal|p2a: Great Tusk|58\/100 tox|[from] item: Leftovers\n|-heal|p1a: \u66f3\u821f \u6850\u751f|79\/100|[from] item: Leftovers\n|-damage|p2a: Great Tusk|40\/100 tox|[from] psn\n|upkeep\n|turn|4\n|\n|t:|1700685753\n|-end|p2a: Great Tusk|Protosynthesis|[silent]\n|switch|p2a: Walking Wake|Walking Wake|100\/100\n|switch|p1a: \u30d3\u30c3\u30b0\u30cb\u30e5\u30fc\u30b9|Pelipper, F, shiny|100\/100\n|-weather|RainDance|[from] ability: Drizzle|[of] p1a: \u30d3\u30c3\u30b0\u30cb\u30e5\u30fc\u30b9\n|\n|-weather|RainDance|[upkeep]\n|upkeep\n|turn|5\n|\n|t:|1700685761\n|move|p1a: \u30d3\u30c3\u30b0\u30cb\u30e5\u30fc\u30b9|Hurricane|p2a: Walking Wake\n|-damage|p2a: Walking Wake|44\/100\n|move|p2a: Walking Wake|Hydro Steam|p1a: \u30d3\u30c3\u30b0\u30cb\u30e5\u30fc\u30b9\n|-resisted|p1a: \u30d3\u30c3\u30b0\u30cb\u30e5\u30fc\u30b9\n|-damage|p1a: \u30d3\u30c3\u30b0\u30cb\u30e5\u30fc\u30b9|20\/100\n|\n|-weather|RainDance|[upkeep]\n|upkeep\n|turn|6\n|\n|t:|1700685769\n|-end|p2a: Walking Wake|Protosynthesis|[silent]\n|switch|p2a: Scream Tail|Scream Tail|100\/100\n|move|p1a: \u30d3\u30c3\u30b0\u30cb\u30e5\u30fc\u30b9|Hurricane|p2a: Scream Tail\n|-damage|p2a: Scream Tail|71\/100\n|-start|p2a: Scream Tail|confusion\n|\n|-weather|RainDance|[upkeep]\n|upkeep\n|turn|7\n|\n|t:|1700685776\n|move|p1a: \u30d3\u30c3\u30b0\u30cb\u30e5\u30fc\u30b9|Hurricane|p2a: Scream Tail\n|-crit|p2a: Scream Tail\n|-damage|p2a: Scream Tail|23\/100\n|-activate|p2a: Scream Tail|confusion\n|move|p2a: Scream Tail|Light Screen|p2a: Scream Tail\n|-sidestart|p2: 77715J|move: Light Screen\n|\n|-weather|RainDance|[upkeep]\n|upkeep\n|turn|8\n|\n|t:|1700685785\n|move|p1a: \u30d3\u30c3\u30b0\u30cb\u30e5\u30fc\u30b9|Hurricane|p2a: Scream Tail\n|-crit|p2a: Scream Tail\n|-damage|p2a: Scream Tail|0 fnt\n|faint|p2a: Scream Tail\n|-end|p2a: Scream Tail|Protosynthesis|[silent]\n|\n|-weather|none\n|upkeep\n|c|\u2606Overripe|Oh yeah\n|c|\u2606Overripe|threat eliminated\n|\n|t:|1700685796\n|switch|p2a: Skeledirge|Skeledirge, F|100\/100\n|turn|9\n|\n|t:|1700685801\n|switch|p1a: \u66f3\u821f \u6850\u751f|Mandibuzz, F, shiny|79\/100\n|move|p2a: Skeledirge|Torch Song|p1a: \u66f3\u821f \u6850\u751f\n|-damage|p1a: \u66f3\u821f \u6850\u751f|58\/100\n|-boost|p2a: Skeledirge|spa|1\n|\n|-heal|p1a: \u66f3\u821f \u6850\u751f|65\/100|[from] item: Leftovers\n|upkeep\n|turn|10\n|\n|t:|1700685810\n|move|p1a: \u66f3\u821f \u6850\u751f|Toxic|p2a: Skeledirge|[miss]\n|-miss|p1a: \u66f3\u821f \u6850\u751f|p2a: Skeledirge\n|move|p2a: Skeledirge|Torch Song|p1a: \u66f3\u821f \u6850\u751f\n|-damage|p1a: \u66f3\u821f \u6850\u751f|34\/100\n|-boost|p2a: Skeledirge|spa|1\n|\n|-heal|p1a: \u66f3\u821f \u6850\u751f|40\/100|[from] item: Leftovers\n|upkeep\n|turn|11\n|\n|t:|1700685818\n|move|p1a: \u66f3\u821f \u6850\u751f|Toxic|p2a: Skeledirge\n|-status|p2a: Skeledirge|tox\n|move|p2a: Skeledirge|Torch Song|p1a: \u66f3\u821f \u6850\u751f\n|-damage|p1a: \u66f3\u821f \u6850\u751f|1\/100\n|-boost|p2a: Skeledirge|spa|1\n|\n|-heal|p1a: \u66f3\u821f \u6850\u751f|7\/100|[from] item: Leftovers\n|-damage|p2a: Skeledirge|94\/100 tox|[from] psn\n|upkeep\n|turn|12\n|\n|t:|1700685828\n|switch|p1a: \u30a2\u30eb\u30c6\u30de\u30a6\u30a7\u30dd\u30f3|Barraskewda, M, shiny|100\/100\n|move|p2a: Skeledirge|Torch Song|p1a: \u30a2\u30eb\u30c6\u30de\u30a6\u30a7\u30dd\u30f3\n|-resisted|p1a: \u30a2\u30eb\u30c6\u30de\u30a6\u30a7\u30dd\u30f3\n|-damage|p1a: \u30a2\u30eb\u30c6\u30de\u30a6\u30a7\u30dd\u30f3|17\/100\n|-boost|p2a: Skeledirge|spa|1\n|\n|-damage|p2a: Skeledirge|82\/100 tox|[from] psn\n|upkeep\n|turn|13\n|\n|t:|1700685837\n|-terastallize|p2a: Skeledirge|Fairy\n|move|p1a: \u30a2\u30eb\u30c6\u30de\u30a6\u30a7\u30dd\u30f3|Flip Turn|p2a: Skeledirge\n|-damage|p2a: Skeledirge|47\/100 tox\n|\n|t:|1700685844\n|switch|p1a: \u30d3\u30c3\u30b0\u30cb\u30e5\u30fc\u30b9|Pelipper, F, shiny|20\/100|[from] Flip Turn\n|-weather|RainDance|[from] ability: Drizzle|[of] p1a: \u30d3\u30c3\u30b0\u30cb\u30e5\u30fc\u30b9\n|move|p2a: Skeledirge|Torch Song|p1a: \u30d3\u30c3\u30b0\u30cb\u30e5\u30fc\u30b9\n|-resisted|p1a: \u30d3\u30c3\u30b0\u30cb\u30e5\u30fc\u30b9\n|-damage|p1a: \u30d3\u30c3\u30b0\u30cb\u30e5\u30fc\u30b9|0 fnt\n|-boost|p2a: Skeledirge|spa|1\n|faint|p1a: \u30d3\u30c3\u30b0\u30cb\u30e5\u30fc\u30b9\n|\n|-weather|RainDance|[upkeep]\n|-damage|p2a: Skeledirge|29\/100 tox|[from] psn\n|upkeep\n|\n|t:|1700685846\n|switch|p1a: \u30a2\u30eb\u30c6\u30de\u30a6\u30a7\u30dd\u30f3|Barraskewda, M, shiny|17\/100\n|turn|14\n|\n|t:|1700685857\n|switch|p2a: Torkoal|Torkoal, M|100\/100\n|-weather|SunnyDay|[from] ability: Drought|[of] p2a: Torkoal\n|move|p1a: \u30a2\u30eb\u30c6\u30de\u30a6\u30a7\u30dd\u30f3|Flip Turn|p2a: Torkoal\n|-supereffective|p2a: Torkoal\n|-damage|p2a: Torkoal|74\/100\n|\n|t:|1700685860\n|switch|p1a: \u30d9\u30d2\u30fc\u30e2\u30b9|Great Tusk, shiny|100\/100|[from] Flip Turn\n|-activate|p1a: \u30d9\u30d2\u30fc\u30e2\u30b9|ability: Protosynthesis\n|-start|p1a: \u30d9\u30d2\u30fc\u30e2\u30b9|protosynthesisatk\n|\n|-weather|SunnyDay|[upkeep]\n|-sideend|p2: 77715J|move: Light Screen\n|upkeep\n|turn|15\n|\n|t:|1700685871\n|move|p1a: \u30d9\u30d2\u30fc\u30e2\u30b9|Earthquake|p2a: Torkoal\n|-supereffective|p2a: Torkoal\n|-damage|p2a: Torkoal|12\/100\n|move|p2a: Torkoal|Will-O-Wisp|p1a: \u30d9\u30d2\u30fc\u30e2\u30b9\n|-status|p1a: \u30d9\u30d2\u30fc\u30e2\u30b9|brn\n|\n|-weather|SunnyDay|[upkeep]\n|-damage|p1a: \u30d9\u30d2\u30fc\u30e2\u30b9|94\/100 brn|[from] brn\n|upkeep\n|turn|16\n|\n|t:|1700685880\n|switch|p2a: Great Tusk|Great Tusk|40\/100 tox\n|-activate|p2a: Great Tusk|ability: Protosynthesis\n|-start|p2a: Great Tusk|protosynthesisatk\n|move|p1a: \u30d9\u30d2\u30fc\u30e2\u30b9|Rapid Spin|p2a: Great Tusk\n|-crit|p2a: Great Tusk\n|-damage|p2a: Great Tusk|31\/100 tox\n|-boost|p1a: \u30d9\u30d2\u30fc\u30e2\u30b9|spe|1\n|\n|-weather|SunnyDay|[upkeep]\n|-heal|p2a: Great Tusk|38\/100 tox|[from] item: Leftovers\n|-damage|p2a: Great Tusk|31\/100 tox|[from] psn\n|-damage|p1a: \u30d9\u30d2\u30fc\u30e2\u30b9|88\/100 brn|[from] brn\n|upkeep\n|turn|17\n|\n|t:|1700685892\n|move|p1a: \u30d9\u30d2\u30fc\u30e2\u30b9|Bulk Up|p1a: \u30d9\u30d2\u30fc\u30e2\u30b9\n|-boost|p1a: \u30d9\u30d2\u30fc\u30e2\u30b9|atk|1\n|-boost|p1a: \u30d9\u30d2\u30fc\u30e2\u30b9|def|1\n|move|p2a: Great Tusk|Rapid Spin|p1a: \u30d9\u30d2\u30fc\u30e2\u30b9\n|-damage|p1a: \u30d9\u30d2\u30fc\u30e2\u30b9|76\/100 brn\n|-boost|p2a: Great Tusk|spe|1\n|\n|-weather|SunnyDay|[upkeep]\n|-heal|p2a: Great Tusk|38\/100 tox|[from] item: Leftovers\n|-damage|p2a: Great Tusk|25\/100 tox|[from] psn\n|-damage|p1a: \u30d9\u30d2\u30fc\u30e2\u30b9|70\/100 brn|[from] brn\n|upkeep\n|turn|18\n|\n|t:|1700685902\n|move|p1a: \u30d9\u30d2\u30fc\u30e2\u30b9|Rapid Spin|p2a: Great Tusk\n|-damage|p2a: Great Tusk|16\/100 tox\n|-boost|p1a: \u30d9\u30d2\u30fc\u30e2\u30b9|spe|1\n|move|p2a: Great Tusk|Ice Spinner|p1a: \u30d9\u30d2\u30fc\u30e2\u30b9\n|-supereffective|p1a: \u30d9\u30d2\u30fc\u30e2\u30b9\n|-damage|p1a: \u30d9\u30d2\u30fc\u30e2\u30b9|29\/100 brn\n|\n|-weather|SunnyDay|[upkeep]\n|-heal|p2a: Great Tusk|22\/100 tox|[from] item: Leftovers\n|-damage|p2a: Great Tusk|3\/100 tox|[from] psn\n|-damage|p1a: \u30d9\u30d2\u30fc\u30e2\u30b9|23\/100 brn|[from] brn\n|upkeep\n|turn|19\n|\n|t:|1700685913\n|move|p1a: \u30d9\u30d2\u30fc\u30e2\u30b9|Rapid Spin|p2a: Great Tusk\n|-damage|p2a: Great Tusk|0 fnt\n|-boost|p1a: \u30d9\u30d2\u30fc\u30e2\u30b9|spe|1\n|faint|p2a: Great Tusk\n|-end|p2a: Great Tusk|Protosynthesis|[silent]\n|\n|-weather|SunnyDay|[upkeep]\n|-damage|p1a: \u30d9\u30d2\u30fc\u30e2\u30b9|17\/100 brn|[from] brn\n|upkeep\n|\n|t:|1700685920\n|switch|p2a: Lilligant|Lilligant-Hisui, F|100\/100\n|turn|20\n|inactive|Overripe has 120 seconds left.\n|l|\u2606Overripe\n|inactive|Overripe disconnected and has a minute to reconnect!\n|player|p1|\n|j|\u2606Overripe\n|inactive|Overripe reconnected and has 110 seconds left.\n|player|p1|Overripe|iris-gen5bw2\n|\n|t:|1700685963\n|move|p1a: \u30d9\u30d2\u30fc\u30e2\u30b9|Ice Spinner|p2a: Lilligant\n|-supereffective|p2a: Lilligant\n|-damage|p2a: Lilligant|33\/100\n|move|p2a: Lilligant|Ice Spinner|p1a: \u30d9\u30d2\u30fc\u30e2\u30b9\n|-supereffective|p1a: \u30d9\u30d2\u30fc\u30e2\u30b9\n|-damage|p1a: \u30d9\u30d2\u30fc\u30e2\u30b9|0 fnt\n|faint|p1a: \u30d9\u30d2\u30fc\u30e2\u30b9\n|-end|p1a: \u30d9\u30d2\u30fc\u30e2\u30b9|Protosynthesis|[silent]\n|-damage|p2a: Lilligant|23\/100|[from] item: Life Orb\n|\n|-weather|SunnyDay|[upkeep]\n|upkeep\n|l|\u2606Overripe\n|inactive|Overripe disconnected and has a minute to reconnect!\n|player|p1|\n|inactive|Overripe has 30 seconds to reconnect!\n|j|\u2606Overripe\n|inactive|Overripe reconnected and has 75 seconds left.\n|player|p1|Overripe|iris-gen5bw2\n|inactive|Overripe has 60 seconds left.\n|\n|t:|1700686021\n|switch|p1a: \u30a2\u30eb\u30c6\u30de\u30a6\u30a7\u30dd\u30f3|Barraskewda, M, shiny|17\/100\n|turn|21\n|\n|t:|1700686035\n|move|p2a: Lilligant|Solar Blade||[still]\n|-prepare|p2a: Lilligant|Solar Blade\n|-anim|p2a: Lilligant|Solar Blade|p1a: \u30a2\u30eb\u30c6\u30de\u30a6\u30a7\u30dd\u30f3\n|-supereffective|p1a: \u30a2\u30eb\u30c6\u30de\u30a6\u30a7\u30dd\u30f3\n|-damage|p1a: \u30a2\u30eb\u30c6\u30de\u30a6\u30a7\u30dd\u30f3|0 fnt\n|faint|p1a: \u30a2\u30eb\u30c6\u30de\u30a6\u30a7\u30dd\u30f3\n|-damage|p2a: Lilligant|13\/100|[from] item: Life Orb\n|\n|-weather|none\n|upkeep\n|\n|t:|1700686042\n|switch|p1a: \u30ae\u30eb\u30c9\u30fb\u30c6\u30be\u30fc\u30ed|Gholdengo, shiny|100\/100\n|turn|22\n|\n|t:|1700686048\n|switch|p2a: Torkoal|Torkoal, M|12\/100\n|-weather|SunnyDay|[from] ability: Drought|[of] p2a: Torkoal\n|move|p1a: \u30ae\u30eb\u30c9\u30fb\u30c6\u30be\u30fc\u30ed|Shadow Ball|p2a: Torkoal\n|-damage|p2a: Torkoal|0 fnt\n|faint|p2a: Torkoal\n|\n|-weather|SunnyDay|[upkeep]\n|upkeep\n|\n|t:|1700686057\n|switch|p2a: Walking Wake|Walking Wake|44\/100\n|-activate|p2a: Walking Wake|ability: Protosynthesis\n|-start|p2a: Walking Wake|protosynthesisspa\n|turn|23\n|\n|t:|1700686063\n|switch|p1a: \u66f3\u821f \u6850\u751f|Mandibuzz, F, shiny|7\/100\n|move|p2a: Walking Wake|Hydro Steam|p1a: \u66f3\u821f \u6850\u751f\n|-crit|p1a: \u66f3\u821f \u6850\u751f\n|-damage|p1a: \u66f3\u821f \u6850\u751f|0 fnt\n|faint|p1a: \u66f3\u821f \u6850\u751f\n|\n|-weather|SunnyDay|[upkeep]\n|upkeep\n|\n|t:|1700686068\n|switch|p1a: Basculegion|Basculegion-F, F, shiny|100\/100\n|turn|24\n|\n|t:|1700686074\n|-end|p2a: Walking Wake|Protosynthesis|[silent]\n|switch|p2a: Skeledirge|Skeledirge, F, tera:Fairy|29\/100 tox\n|move|p1a: Basculegion|Agility|p1a: Basculegion\n|-boost|p1a: Basculegion|spe|2\n|\n|-weather|SunnyDay|[upkeep]\n|-damage|p2a: Skeledirge|23\/100 tox|[from] psn\n|upkeep\n|turn|25\n|\n|t:|1700686082\n|move|p1a: Basculegion|Shadow Ball|p2a: Skeledirge\n|-damage|p2a: Skeledirge|0 fnt\n|faint|p2a: Skeledirge\n|\n|-weather|SunnyDay|[upkeep]\n|upkeep\n|\n|t:|1700686087\n|switch|p2a: Lilligant|Lilligant-Hisui, F|13\/100\n|turn|26\n|\n|t:|1700686090\n|-terastallize|p1a: Basculegion|Steel\n|move|p2a: Lilligant|Solar Blade||[still]\n|-prepare|p2a: Lilligant|Solar Blade\n|-anim|p2a: Lilligant|Solar Blade|p1a: Basculegion\n|-resisted|p1a: Basculegion\n|-damage|p1a: Basculegion|57\/100\n|-damage|p2a: Lilligant|3\/100|[from] item: Life Orb\n|move|p1a: Basculegion|Shadow Ball|p2a: Lilligant\n|-damage|p2a: Lilligant|0 fnt\n|faint|p2a: Lilligant\n|\n|-weather|SunnyDay|[upkeep]\n|upkeep\n|l|\u260677715J\n|inactive|77715J disconnected and has a minute to reconnect!\n|player|p2|\n|inactive|77715J has 30 seconds to reconnect!\n|inactive|77715J has 20 seconds to reconnect!\n|l|\u2606Overripe\n|inactive|Overripe disconnected and has a minute to reconnect!\n|player|p1|\n|inactive|77715J has 15 seconds to reconnect!\n|j|\u2606Overripe\n|inactive|Overripe reconnected.\n|player|p1|Overripe|iris-gen5bw2\n|inactive|77715J has 10 seconds to reconnect!\n|l|\u2606Overripe\n|inactive|Overripe disconnected and has a minute to reconnect!\n|player|p1|\n|inactive|77715J has 5 seconds to reconnect!\n|j|\u2606Overripe\n|inactive|Overripe reconnected.\n|player|p1|Overripe|iris-gen5bw2\n|-message|77715J lost due to inactivity.\n|\n|win|Overripe\n|raw|Overripe's rating: 1332 &rarr; <strong>1355<\/strong><br \/>(+23 for winning)\n|raw|77715J's rating: 1393 &rarr; <strong>1370<\/strong><br \/>(-23 for losing)\n|l|\u2606Overripe\n|j|\u2606Overripe\n|player|p1|Overripe|iris-gen5bw2\n|l|\u2606Overripe\n|player|p1|\n|j|\u2606Overripe\n|player|p1|Overripe|iris-gen5bw2\n|l|\u2606Overripe\n|player|p1|\n|j|\u2606Overripe\n|player|p1|Overripe|iris-gen5bw2\n","uploadtime":1700686532,"views":3,"p1id":"overripe","p2id":"77715j","formatid":"gen9ou","rating":1355,"private":0,"password":""}