{"id":"gen9ou-1991655396","p1":"Damien Leruss","p2":"juyuh","format":"[Gen 9] OU","log":"|j|\u2606Damien Leruss\n|j|\u2606juyuh\n|t:|1700099043\n|gametype|singles\n|player|p1|Damien Leruss|shauntal|1191\n|player|p2|juyuh|102|1288\n|teamsize|p1|6\n|teamsize|p2|6\n|gen|9\n|tier|[Gen 9] OU\n|rated|\n|rule|Sleep Clause Mod: Limit one foe put to sleep\n|rule|Species Clause: Limit one of each Pok\u00e9mon\n|rule|OHKO Clause: OHKO moves are banned\n|rule|Evasion Items Clause: Evasion items are banned\n|rule|Evasion Moves Clause: Evasion moves are banned\n|rule|Endless Battle Clause: Forcing endless battles is banned\n|rule|HP Percentage Mod: HP is shown in percentages\n|clearpoke\n|poke|p1|Dragapult, M|\n|poke|p1|Bellibolt, M|\n|poke|p1|Toxicroak, F|\n|poke|p1|Dunsparce, F|\n|poke|p1|Klefki, M|\n|poke|p1|Arboliva, M|\n|poke|p2|Ribombee, F|\n|poke|p2|Samurott-Hisui, M|\n|poke|p2|Ambipom, F|\n|poke|p2|Delphox, F|\n|poke|p2|Torterra, M|\n|poke|p2|Dragonite, M|\n|teampreview\n|inactive|Battle timer is ON: inactive players will automatically lose when time's up. (requested by juyuh)\n|\n|t:|1700099052\n|start\n|switch|p1a: Dunsparce|Dunsparce, F|100\/100\n|switch|p2a: Ribombee|Ribombee, F|100\/100\n|turn|1\n|\n|t:|1700099064\n|move|p2a: Ribombee|Sticky Web|p1a: Dunsparce\n|-sidestart|p1: Damien Leruss|move: Sticky Web\n|move|p1a: Dunsparce|Coil|p1a: Dunsparce\n|-boost|p1a: Dunsparce|atk|1\n|-boost|p1a: Dunsparce|def|1\n|-boost|p1a: Dunsparce|accuracy|1\n|\n|upkeep\n|turn|2\n|\n|t:|1700099071\n|move|p2a: Ribombee|Stun Spore|p1a: Dunsparce|[miss]\n|-miss|p2a: Ribombee|p1a: Dunsparce\n|move|p1a: Dunsparce|Coil|p1a: Dunsparce\n|-boost|p1a: Dunsparce|atk|1\n|-boost|p1a: Dunsparce|def|1\n|-boost|p1a: Dunsparce|accuracy|1\n|\n|upkeep\n|turn|3\n|\n|t:|1700099078\n|move|p2a: Ribombee|Stun Spore|p1a: Dunsparce\n|-status|p1a: Dunsparce|par\n|move|p1a: Dunsparce|Body Slam|p2a: Ribombee\n|-damage|p2a: Ribombee|15\/100\n|\n|upkeep\n|turn|4\n|\n|t:|1700099085\n|move|p2a: Ribombee|Moonblast|p1a: Dunsparce\n|-damage|p1a: Dunsparce|79\/100 par\n|cant|p1a: Dunsparce|par\n|\n|upkeep\n|turn|5\n|\n|t:|1700099109\n|move|p2a: Ribombee|Moonblast|p1a: Dunsparce\n|-damage|p1a: Dunsparce|57\/100 par\n|-unboost|p1a: Dunsparce|spa|1\n|cant|p1a: Dunsparce|par\n|\n|upkeep\n|turn|6\n|\n|t:|1700099119\n|move|p2a: Ribombee|Moonblast|p1a: Dunsparce\n|-crit|p1a: Dunsparce\n|-damage|p1a: Dunsparce|24\/100 par\n|-unboost|p1a: Dunsparce|spa|1\n|move|p1a: Dunsparce|Roost|p1a: Dunsparce\n|-heal|p1a: Dunsparce|74\/100 par\n|-singleturn|p1a: Dunsparce|move: Roost\n|\n|upkeep\n|turn|7\n|\n|t:|1700099129\n|move|p2a: Ribombee|Moonblast|p1a: Dunsparce\n|-damage|p1a: Dunsparce|50\/100 par\n|move|p1a: Dunsparce|Body Slam|p2a: Ribombee\n|-damage|p2a: Ribombee|0 fnt\n|faint|p2a: Ribombee\n|\n|upkeep\n|inactive|juyuh has 120 seconds left.\n|\n|t:|1700099150\n|switch|p2a: Torterra|Torterra, M|100\/100\n|turn|8\n|\n|t:|1700099155\n|move|p2a: Torterra|Shell Smash|p2a: Torterra\n|-unboost|p2a: Torterra|def|1\n|-unboost|p2a: Torterra|spd|1\n|-boost|p2a: Torterra|atk|2\n|-boost|p2a: Torterra|spa|2\n|-boost|p2a: Torterra|spe|2\n|-enditem|p2a: Torterra|White Herb\n|-clearnegativeboost|p2a: Torterra|[silent]\n|move|p1a: Dunsparce|Body Slam|p2a: Torterra\n|-damage|p2a: Torterra|53\/100\n|-status|p2a: Torterra|par\n|\n|upkeep\n|turn|9\n|c|\u2606juyuh|bye\n|\n|t:|1700099170\n|move|p2a: Torterra|Headlong Rush|p1a: Dunsparce\n|-damage|p1a: Dunsparce|6\/100 par\n|-unboost|p2a: Torterra|def|1\n|-unboost|p2a: Torterra|spd|1\n|cant|p1a: Dunsparce|par\n|\n|upkeep\n|turn|10\n|\n|t:|1700099185\n|move|p2a: Torterra|Seed Bomb|p1a: Dunsparce\n|-damage|p1a: Dunsparce|0 fnt\n|faint|p1a: Dunsparce\n|\n|upkeep\n|\n|t:|1700099195\n|switch|p1a: Toxicroak|Toxicroak, F|100\/100\n|-activate|p1a: Toxicroak|move: Sticky Web\n|-unboost|p1a: Toxicroak|spe|1\n|turn|11\n|\n|t:|1700099204\n|cant|p2a: Torterra|par\n|move|p1a: Toxicroak|Sludge Bomb|p2a: Torterra\n|-damage|p2a: Torterra|0 fnt\n|faint|p2a: Torterra\n|-damage|p1a: Toxicroak|91\/100|[from] item: Life Orb\n|\n|upkeep\n|c|\u2606Damien Leruss|Hmm?\n|\n|t:|1700099213\n|switch|p2a: Delphox|Delphox, F|100\/100\n|turn|12\n|\n|t:|1700099217\n|-terastallize|p1a: Toxicroak|Dark\n|move|p2a: Delphox|Calm Mind|p2a: Delphox\n|-boost|p2a: Delphox|spa|1\n|-boost|p2a: Delphox|spd|1\n|move|p1a: Toxicroak|Dark Pulse|p2a: Delphox\n|-supereffective|p2a: Delphox\n|-damage|p2a: Delphox|39\/100\n|-damage|p1a: Toxicroak|81\/100|[from] item: Life Orb\n|\n|-heal|p2a: Delphox|45\/100|[from] item: Leftovers\n|upkeep\n|turn|13\n|\n|t:|1700099228\n|move|p2a: Delphox|Mystical Fire|p1a: Toxicroak\n|-damage|p1a: Toxicroak|9\/100\n|-unboost|p1a: Toxicroak|spa|1\n|move|p1a: Toxicroak|Dark Pulse|p2a: Delphox\n|-supereffective|p2a: Delphox\n|-damage|p2a: Delphox|0 fnt\n|faint|p2a: Delphox\n|-damage|p1a: Toxicroak|0 fnt|[from] item: Life Orb\n|faint|p1a: Toxicroak\n|\n|upkeep\n|\n|t:|1700099238\n|switch|p2a: Samurott|Samurott-Hisui, M|100\/100\n|switch|p1a: Klefki|Klefki, M|100\/100\n|-activate|p1a: Klefki|move: Sticky Web\n|-unboost|p1a: Klefki|spe|1\n|turn|14\n|\n|t:|1700099245\n|move|p1a: Klefki|Reflect|p1a: Klefki\n|-sidestart|p1: Damien Leruss|Reflect\n|move|p2a: Samurott|Razor Shell|p1a: Klefki\n|-damage|p1a: Klefki|81\/100\n|-unboost|p1a: Klefki|def|1\n|\n|upkeep\n|turn|15\n|\n|t:|1700099251\n|move|p2a: Samurott|Ceaseless Edge|p1a: Klefki\n|-resisted|p1a: Klefki\n|-damage|p1a: Klefki|66\/100\n|-sidestart|p1: Damien Leruss|Spikes\n|move|p1a: Klefki|Dazzling Gleam|p2a: Samurott\n|-supereffective|p2a: Samurott\n|-damage|p2a: Samurott|33\/100\n|\n|upkeep\n|turn|16\n|\n|t:|1700099262\n|switch|p2a: Ambipom|Ambipom, F|100\/100\n|move|p1a: Klefki|Dazzling Gleam|p2a: Ambipom\n|-damage|p2a: Ambipom|63\/100\n|\n|upkeep\n|turn|17\n|\n|t:|1700099268\n|move|p2a: Ambipom|Fake Out|p1a: Klefki\n|-resisted|p1a: Klefki\n|-damage|p1a: Klefki|56\/100\n|cant|p1a: Klefki|flinch\n|\n|upkeep\n|turn|18\n|\n|t:|1700099281\n|move|p1a: Klefki|Thunder Wave|p2a: Ambipom\n|-status|p2a: Ambipom|par\n|cant|p2a: Ambipom|par\n|\n|upkeep\n|turn|19\n|\n|t:|1700099287\n|switch|p1a: Dragapult|Dragapult, M|100\/100\n|-activate|p1a: Dragapult|move: Sticky Web\n|-unboost|p1a: Dragapult|spe|1\n|-damage|p1a: Dragapult|88\/100|[from] Spikes\n|move|p2a: Ambipom|Double Hit|p1a: Dragapult\n|-immune|p1a: Dragapult\n|\n|upkeep\n|turn|20\n|\n|t:|1700099297\n|move|p1a: Dragapult|Sucker Punch|p2a: Ambipom\n|-damage|p2a: Ambipom|19\/100 par\n|move|p2a: Ambipom|Knock Off|p1a: Dragapult\n|-supereffective|p1a: Dragapult\n|-enditem|p1a: Dragapult|Colbur Berry|[eat]\n|-enditem|p1a: Dragapult|Colbur Berry|[weaken]\n|-damage|p1a: Dragapult|66\/100\n|\n|upkeep\n|turn|21\n|\n|t:|1700099304\n|move|p1a: Dragapult|Sucker Punch|p2a: Ambipom\n|-damage|p2a: Ambipom|0 fnt\n|faint|p2a: Ambipom\n|\n|-sideend|p1: Damien Leruss|Reflect\n|upkeep\n|\n|t:|1700099308\n|switch|p2a: Samurott|Samurott-Hisui, M|33\/100\n|turn|22\n|\n|t:|1700099310\n|move|p2a: Samurott|Sucker Punch|p1a: Dragapult\n|-supereffective|p1a: Dragapult\n|-damage|p1a: Dragapult|0 fnt\n|faint|p1a: Dragapult\n|\n|upkeep\n|\n|t:|1700099316\n|switch|p1a: Klefki|Klefki, M|56\/100\n|-activate|p1a: Klefki|move: Sticky Web\n|-unboost|p1a: Klefki|spe|1\n|-damage|p1a: Klefki|44\/100|[from] Spikes\n|turn|23\n|\n|t:|1700099322\n|move|p1a: Klefki|Reflect|p1a: Klefki\n|-sidestart|p1: Damien Leruss|Reflect\n|move|p2a: Samurott|Razor Shell|p1a: Klefki\n|-damage|p1a: Klefki|21\/100\n|-unboost|p1a: Klefki|def|1\n|\n|upkeep\n|turn|24\n|\n|t:|1700099333\n|switch|p1a: Arboliva|Arboliva, M|100\/100\n|-activate|p1a: Arboliva|move: Sticky Web\n|-unboost|p1a: Arboliva|spe|1\n|-damage|p1a: Arboliva|88\/100|[from] Spikes\n|move|p2a: Samurott|Razor Shell|p1a: Arboliva\n|-resisted|p1a: Arboliva\n|-damage|p1a: Arboliva|74\/100\n|-unboost|p1a: Arboliva|def|1\n|-fieldstart|move: Grassy Terrain|[from] ability: Seed Sower|[of] p1a: Arboliva\n|-enditem|p1a: Arboliva|Grassy Seed\n|-boost|p1a: Arboliva|def|1|[from] item: Grassy Seed\n|\n|-heal|p2a: Samurott|40\/100|[from] Grassy Terrain\n|-heal|p1a: Arboliva|80\/100|[from] Grassy Terrain\n|upkeep\n|turn|25\n|\n|t:|1700099349\n|move|p2a: Samurott|Sacred Sword|p1a: Arboliva\n|-supereffective|p1a: Arboliva\n|-damage|p1a: Arboliva|39\/100\n|move|p1a: Arboliva|Giga Drain|p2a: Samurott\n|-supereffective|p2a: Samurott\n|-damage|p2a: Samurott|0 fnt\n|-heal|p1a: Arboliva|56\/100|[from] drain|[of] p2a: Samurott\n|faint|p2a: Samurott\n|\n|-heal|p1a: Arboliva|62\/100|[from] Grassy Terrain\n|upkeep\n|\n|t:|1700099356\n|switch|p2a: Dragonite|Dragonite, M|100\/100\n|turn|26\n|\n|t:|1700099364\n|-terastallize|p2a: Dragonite|Normal\n|move|p2a: Dragonite|Dragon Dance|p2a: Dragonite\n|-boost|p2a: Dragonite|atk|1\n|-boost|p2a: Dragonite|spe|1\n|move|p1a: Arboliva|Strength Sap|p2a: Dragonite\n|-unboost|p2a: Dragonite|atk|1\n|-heal|p1a: Arboliva|100\/100\n|\n|upkeep\n|turn|27\n|\n|t:|1700099374\n|move|p2a: Dragonite|Dragon Dance|p2a: Dragonite\n|-boost|p2a: Dragonite|atk|1\n|-boost|p2a: Dragonite|spe|1\n|move|p1a: Arboliva|Giga Drain|p2a: Dragonite\n|-damage|p2a: Dragonite|70\/100\n|\n|-heal|p2a: Dragonite|77\/100|[from] Grassy Terrain\n|upkeep\n|turn|28\n|\n|t:|1700099383\n|move|p2a: Dragonite|Dragon Dance|p2a: Dragonite\n|-boost|p2a: Dragonite|atk|1\n|-boost|p2a: Dragonite|spe|1\n|move|p1a: Arboliva|Giga Drain|p2a: Dragonite\n|-damage|p2a: Dragonite|15\/100\n|\n|-heal|p2a: Dragonite|22\/100|[from] Grassy Terrain\n|-fieldend|move: Grassy Terrain\n|upkeep\n|turn|29\n|c|\u2606Damien Leruss|bye\n|\n|t:|1700099395\n|move|p2a: Dragonite|Ice Spinner|p1a: Arboliva\n|-supereffective|p1a: Arboliva\n|-damage|p1a: Arboliva|33\/100\n|-fieldstart|move: Grassy Terrain|[from] ability: Seed Sower|[of] p1a: Arboliva\n|-fieldend|move: Grassy Terrain\n|move|p1a: Arboliva|Hyper Voice|p2a: Dragonite\n|-crit|p2a: Dragonite\n|-damage|p2a: Dragonite|0 fnt\n|faint|p2a: Dragonite\n|\n|win|Damien Leruss\n|raw|Damien Leruss's rating: 1191 &rarr; <strong>1223<\/strong><br \/>(+32 for winning)\n|raw|juyuh's rating: 1288 &rarr; <strong>1256<\/strong><br \/>(-32 for losing)\n|c|\u2606juyuh|gg\n|l|\u2606juyuh\n|c|\u2606Damien Leruss|gg\n","uploadtime":1700099408,"views":18,"p1id":"damienleruss","p2id":"juyuh","formatid":"gen9ou","rating":1223,"private":0,"password":""}