{"id":"gen9ou-1997151876","p1":"jonjonbap","p2":"braker89","format":"[Gen 9] OU","log":"|j|\u2606jonjonbap\n|j|\u2606braker89\n|t:|1700769776\n|gametype|singles\n|player|p1|jonjonbap|102|1201\n|player|p2|braker89|musician|1101\n|teamsize|p1|6\n|teamsize|p2|6\n|gen|9\n|tier|[Gen 9] OU\n|rated|\n|rule|Sleep Clause Mod: Limit one foe put to sleep\n|rule|Species Clause: Limit one of each Pok\u00e9mon\n|rule|OHKO Clause: OHKO moves are banned\n|rule|Evasion Items Clause: Evasion items are banned\n|rule|Evasion Moves Clause: Evasion moves are banned\n|rule|Endless Battle Clause: Forcing endless battles is banned\n|rule|HP Percentage Mod: HP is shown in percentages\n|clearpoke\n|poke|p1|Poliwrath, M|\n|poke|p1|Pelipper, F|\n|poke|p1|Overqwil, F|\n|poke|p1|Rillaboom, M|\n|poke|p1|Iron Treads|\n|poke|p1|Zapdos|\n|poke|p2|Gholdengo|\n|poke|p2|Cinderace, M|\n|poke|p2|Dondozo, M|\n|poke|p2|Corviknight, M|\n|poke|p2|Garchomp, F|\n|poke|p2|Amoonguss, F|\n|teampreview\n|\n|t:|1700769800\n|start\n|switch|p1a: Pelipper|Pelipper, F|100\/100\n|switch|p2a: Garchomp|Garchomp, F|100\/100\n|-weather|RainDance|[from] ability: Drizzle|[of] p1a: Pelipper\n|turn|1\n|inactive|Battle timer is ON: inactive players will automatically lose when time's up. (requested by jonjonbap)\n|\n|t:|1700769823\n|move|p2a: Garchomp|Stealth Rock|p1a: Pelipper\n|-sidestart|p1: jonjonbap|move: Stealth Rock\n|move|p1a: Pelipper|Surf|p2a: Garchomp\n|-damage|p2a: Garchomp|58\/100\n|\n|-weather|RainDance|[upkeep]\n|upkeep\n|turn|2\n|inactive|braker89 has 120 seconds left.\n|\n|t:|1700769854\n|switch|p2a: Amoonguss|Amoonguss, F|100\/100\n|switch|p1a: Rillaboom|Rillaboom, M|100\/100\n|-damage|p1a: Rillaboom|88\/100|[from] Stealth Rock\n|-fieldstart|move: Grassy Terrain|[from] ability: Grassy Surge|[of] p1a: Rillaboom\n|\n|-weather|RainDance|[upkeep]\n|-heal|p1a: Rillaboom|94\/100|[from] Grassy Terrain\n|upkeep\n|turn|3\n|inactive|braker89 has 120 seconds left.\n|inactive|jonjonbap has 120 seconds left.\n|inactive|jonjonbap has 90 seconds left.\n|\n|t:|1700769918\n|move|p1a: Rillaboom|U-turn|p2a: Amoonguss\n|-damage|p2a: Amoonguss|62\/100\n|inactive|jonjonbap has 90 seconds left.\n|\n|t:|1700769927\n|switch|p1a: Overqwil|Overqwil, F|100\/100|[from] U-turn\n|-damage|p1a: Overqwil|88\/100|[from] Stealth Rock\n|move|p2a: Amoonguss|Toxic|p1a: Overqwil\n|-immune|p1a: Overqwil\n|\n|-weather|RainDance|[upkeep]\n|-heal|p1a: Overqwil|94\/100|[from] Grassy Terrain\n|-heal|p2a: Amoonguss|69\/100|[from] Grassy Terrain\n|-heal|p2a: Amoonguss|75\/100|[from] item: Leftovers\n|upkeep\n|turn|4\n|inactive|braker89 has 120 seconds left.\n|\n|t:|1700769945\n|switch|p2a: Corviknight|Corviknight, M|100\/100\n|-ability|p2a: Corviknight|Pressure\n|move|p1a: Overqwil|Swords Dance|p1a: Overqwil\n|-boost|p1a: Overqwil|atk|2\n|\n|-weather|RainDance|[upkeep]\n|-heal|p1a: Overqwil|99\/100|[from] Grassy Terrain\n|upkeep\n|turn|5\n|inactive|braker89 has 120 seconds left.\n|\n|t:|1700769958\n|move|p1a: Overqwil|Swords Dance|p1a: Overqwil\n|-boost|p1a: Overqwil|atk|2\n|move|p2a: Corviknight|Brave Bird|p1a: Overqwil\n|-damage|p1a: Overqwil|57\/100\n|-damage|p2a: Corviknight|89\/100|[from] Recoil\n|\n|-weather|RainDance|[upkeep]\n|-heal|p1a: Overqwil|63\/100|[from] Grassy Terrain\n|upkeep\n|turn|6\n|inactive|braker89 has 120 seconds left.\n|\n|t:|1700769968\n|switch|p2a: Dondozo|Dondozo, M|100\/100\n|move|p1a: Overqwil|Liquidation|p2a: Dondozo\n|-resisted|p2a: Dondozo\n|-damage|p2a: Dondozo|85\/100\n|-damage|p1a: Overqwil|46\/100|[from] item: Rocky Helmet|[of] p2a: Dondozo\n|-damage|p1a: Overqwil|36\/100|[from] item: Life Orb\n|\n|-weather|RainDance|[upkeep]\n|-heal|p1a: Overqwil|42\/100|[from] Grassy Terrain\n|-heal|p2a: Dondozo|91\/100|[from] Grassy Terrain\n|-fieldend|move: Grassy Terrain\n|upkeep\n|turn|7\n|inactive|braker89 has 120 seconds left.\n|\n|t:|1700769984\n|move|p1a: Overqwil|Gunk Shot|p2a: Dondozo\n|-damage|p2a: Dondozo|44\/100\n|-damage|p1a: Overqwil|32\/100|[from] item: Life Orb\n|move|p2a: Dondozo|Liquidation|p1a: Overqwil\n|-damage|p1a: Overqwil|0 fnt\n|faint|p1a: Overqwil\n|\n|-weather|RainDance|[upkeep]\n|upkeep\n|\n|t:|1700769990\n|switch|p1a: Zapdos|Zapdos|100\/100\n|turn|8\n|inactive|braker89 has 120 seconds left.\n|\n|t:|1700770001\n|switch|p2a: Garchomp|Garchomp, F|58\/100\n|move|p1a: Zapdos|Thunder|p2a: Garchomp\n|-immune|p2a: Garchomp\n|\n|-weather|none\n|upkeep\n|turn|9\n|inactive|braker89 has 120 seconds left.\n|\n|t:|1700770013\n|switch|p1a: Pelipper|Pelipper, F|100\/100\n|-damage|p1a: Pelipper|76\/100|[from] Stealth Rock\n|-weather|RainDance|[from] ability: Drizzle|[of] p1a: Pelipper\n|move|p2a: Garchomp|Dragon Tail|p1a: Pelipper|[miss]\n|-miss|p2a: Garchomp|p1a: Pelipper\n|\n|-weather|RainDance|[upkeep]\n|upkeep\n|turn|10\n|inactive|braker89 has 120 seconds left.\n|\n|t:|1700770023\n|move|p2a: Garchomp|Spikes|p1a: Pelipper\n|-sidestart|p1: jonjonbap|Spikes\n|move|p1a: Pelipper|Surf|p2a: Garchomp\n|-damage|p2a: Garchomp|17\/100\n|\n|-weather|RainDance|[upkeep]\n|upkeep\n|turn|11\n|\n|t:|1700770030\n|move|p2a: Garchomp|Spikes|p1a: Pelipper\n|-sidestart|p1: jonjonbap|Spikes\n|move|p1a: Pelipper|Surf|p2a: Garchomp\n|-damage|p2a: Garchomp|0 fnt\n|faint|p2a: Garchomp\n|\n|-weather|RainDance|[upkeep]\n|upkeep\n|inactive|braker89 has 120 seconds left.\n|\n|t:|1700770046\n|switch|p2a: Amoonguss|Amoonguss, F|100\/100\n|turn|12\n|\n|t:|1700770051\n|move|p1a: Pelipper|Hurricane|p2a: Amoonguss\n|-supereffective|p2a: Amoonguss\n|-damage|p2a: Amoonguss|53\/100\n|move|p2a: Amoonguss|Spore|p1a: Pelipper\n|-status|p1a: Pelipper|slp|[from] move: Spore\n|\n|-weather|RainDance|[upkeep]\n|-heal|p2a: Amoonguss|59\/100|[from] item: Leftovers\n|upkeep\n|turn|13\n|inactive|braker89 has 120 seconds left.\n|\n|t:|1700770071\n|switch|p1a: Zapdos|Zapdos|100\/100\n|switch|p2a: Gholdengo|Gholdengo|100\/100\n|\n|-weather|RainDance|[upkeep]\n|upkeep\n|turn|14\n|inactive|braker89 has 120 seconds left.\n|\n|t:|1700770084\n|move|p1a: Zapdos|Thunder|p2a: Gholdengo\n|-damage|p2a: Gholdengo|45\/100\n|move|p2a: Gholdengo|Recover|p2a: Gholdengo\n|-heal|p2a: Gholdengo|95\/100\n|\n|-weather|RainDance|[upkeep]\n|upkeep\n|turn|15\n|inactive|braker89 has 120 seconds left.\n|\n|t:|1700770096\n|switch|p2a: Amoonguss|Amoonguss, F|92\/100\n|move|p1a: Zapdos|Thunder|p2a: Amoonguss\n|-resisted|p2a: Amoonguss\n|-damage|p2a: Amoonguss|76\/100\n|\n|-weather|RainDance|[upkeep]\n|-heal|p2a: Amoonguss|82\/100|[from] item: Leftovers\n|upkeep\n|turn|16\n|inactive|braker89 has 120 seconds left.\n|\n|t:|1700770125\n|move|p1a: Zapdos|Hurricane|p2a: Amoonguss\n|-supereffective|p2a: Amoonguss\n|-damage|p2a: Amoonguss|11\/100\n|move|p2a: Amoonguss|Toxic|p1a: Zapdos\n|-status|p1a: Zapdos|tox\n|\n|-weather|none\n|-heal|p2a: Amoonguss|17\/100|[from] item: Leftovers\n|-damage|p1a: Zapdos|94\/100 tox|[from] psn\n|upkeep\n|turn|17\n|l|\u2606jonjonbap\n|inactive|jonjonbap disconnected and has a minute to reconnect!\n|player|p1|\n|inactive|braker89 has 90 seconds left.\n|\n|t:|1700770149\n|switch|p1a: Iron Treads|Iron Treads|100\/100\n|-damage|p1a: Iron Treads|97\/100|[from] Stealth Rock\n|-damage|p1a: Iron Treads|81\/100|[from] Spikes\n|switch|p2a: Gholdengo|Gholdengo|95\/100\n|\n|upkeep\n|turn|18\n|inactive|braker89 has 90 seconds left.\n|inactive|jonjonbap has 30 seconds to reconnect!\n|inactive|jonjonbap has 20 seconds to reconnect!\n|inactive|jonjonbap has 15 seconds to reconnect!\n|inactive|jonjonbap has 10 seconds to reconnect!\n|inactive|jonjonbap has 5 seconds to reconnect!\n|-message|jonjonbap lost due to inactivity.\n|\n|win|braker89\n|raw|jonjonbap's rating: 1182 &rarr; <strong>1151<\/strong><br \/>(-31 for losing)\n|raw|braker89's rating: 1101 &rarr; <strong>1132<\/strong><br \/>(+31 for winning)\n","uploadtime":1700770220,"views":4,"p1id":"jonjonbap","p2id":"braker89","formatid":"gen9ou","rating":1132,"private":0,"password":""}