{"id":"gen9ou-1991199953","p1":"MSceptileJason","p2":"Calamarimar","format":"[Gen 9] OU","log":"|j|\u2606MSceptileJason\n|j|\u2606Calamarimar\n|inactive|Battle timer is ON: inactive players will automatically lose when time's up.\n|t:|1700056406\n|gametype|singles\n|player|p1|MSceptileJason|volo-ginkgo|\n|player|p2|Calamarimar|sanqua|\n|teamsize|p1|5\n|teamsize|p2|5\n|gen|9\n|tier|[Gen 9] OU\n|rated|Tournament battle\n|rule|Sleep Clause Mod: Limit one foe put to sleep\n|rule|Species Clause: Limit one of each Pok\u00e9mon\n|rule|OHKO Clause: OHKO moves are banned\n|rule|Evasion Items Clause: Evasion items are banned\n|rule|Evasion Moves Clause: Evasion moves are banned\n|rule|Endless Battle Clause: Forcing endless battles is banned\n|rule|HP Percentage Mod: HP is shown in percentages\n|clearpoke\n|poke|p1|Greavard, M|\n|poke|p1|Finneon, F|\n|poke|p1|Smoliv, F|\n|poke|p1|Quaxly, F|\n|poke|p1|Milotic, F|\n|poke|p2|Froakie, M|\n|poke|p2|Thwackey, M|\n|poke|p2|Deerling, M|\n|poke|p2|Shroodle, F|\n|poke|p2|Meditite, F|\n|teampreview\n|j|*Lady Monita \u2746\n|\n|t:|1700056429\n|start\n|switch|p1a: Smoliv|Smoliv, F|100\/100\n|switch|p2a: Shroodle|Shroodle, F, shiny|100\/100\n|turn|1\n|\n|t:|1700056435\n|move|p2a: Shroodle|Taunt|p1a: Smoliv\n|-start|p1a: Smoliv|move: Taunt\n|cant|p1a: Smoliv|move: Taunt|Substitute\n|\n|upkeep\n|turn|2\n|\n|t:|1700056440\n|move|p2a: Shroodle|Toxic|p1a: Smoliv\n|-status|p1a: Smoliv|tox\n|move|p1a: Smoliv|Earth Power|p2a: Shroodle\n|-supereffective|p2a: Shroodle\n|-damage|p2a: Shroodle|70\/100\n|\n|-damage|p1a: Smoliv|95\/100 tox|[from] psn\n|upkeep\n|turn|3\n|\n|t:|1700056446\n|move|p2a: Shroodle|Parting Shot|p1a: Smoliv\n|-unboost|p1a: Smoliv|atk|1\n|-unboost|p1a: Smoliv|spa|1\n|\n|t:|1700056448\n|switch|p2a: Deerling|Deerling, M, shiny|100\/100|[from] Parting Shot\n|move|p1a: Smoliv|Earth Power|p2a: Deerling\n|-resisted|p2a: Deerling\n|-damage|p2a: Deerling|97\/100\n|\n|-damage|p1a: Smoliv|83\/100 tox|[from] psn\n|-end|p1a: Smoliv|move: Taunt\n|upkeep\n|turn|4\n|\n|t:|1700056456\n|switch|p1a: Greavard|Greavard, M|100\/100\n|move|p2a: Deerling|Headbutt|p1a: Greavard\n|-immune|p1a: Greavard\n|\n|upkeep\n|turn|5\n|\n|t:|1700056462\n|move|p2a: Deerling|Leech Seed|p1a: Greavard\n|-start|p1a: Greavard|move: Leech Seed\n|move|p1a: Greavard|Crunch|p2a: Deerling\n|-damage|p2a: Deerling|72\/100\n|\n|-damage|p1a: Greavard|88\/100|[from] Leech Seed|[of] p2a: Deerling\n|-heal|p2a: Deerling|84\/100|[silent]\n|upkeep\n|turn|6\n|j| DHANVISH\n|inactive|Calamarimar has 120 seconds left.\n|\n|t:|1700056512\n|switch|p2a: Shroodle|Shroodle, F, shiny|70\/100\n|move|p1a: Greavard|Crunch|p2a: Shroodle\n|-damage|p2a: Shroodle|39\/100\n|\n|-damage|p1a: Greavard|76\/100|[from] Leech Seed|[of] p2a: Shroodle\n|-heal|p2a: Shroodle|52\/100|[silent]\n|upkeep\n|turn|7\n|\n|t:|1700056525\n|move|p2a: Shroodle|Toxic|p1a: Greavard\n|-status|p1a: Greavard|tox\n|move|p1a: Greavard|Crunch|p2a: Shroodle\n|-damage|p2a: Shroodle|21\/100\n|\n|-damage|p1a: Greavard|64\/100 tox|[from] Leech Seed|[of] p2a: Shroodle\n|-heal|p2a: Shroodle|34\/100|[silent]\n|-damage|p1a: Greavard|58\/100 tox|[from] psn\n|upkeep\n|turn|8\n|\n|t:|1700056531\n|move|p2a: Shroodle|Parting Shot|p1a: Greavard\n|-unboost|p1a: Greavard|atk|1\n|-unboost|p1a: Greavard|spa|1\n|\n|t:|1700056536\n|switch|p2a: Deerling|Deerling, M, shiny|84\/100|[from] Parting Shot\n|move|p1a: Greavard|Poltergeist|p2a: Deerling\n|-immune|p2a: Deerling\n|\n|-damage|p1a: Greavard|46\/100 tox|[from] Leech Seed|[of] p2a: Deerling\n|-heal|p2a: Deerling|95\/100|[silent]\n|-damage|p1a: Greavard|34\/100 tox|[from] psn\n|upkeep\n|turn|9\n|\n|t:|1700056549\n|switch|p1a: Finneon|Finneon, F|100\/100\n|move|p2a: Deerling|Headbutt|p1a: Finneon\n|-damage|p1a: Finneon|81\/100\n|\n|upkeep\n|turn|10\n|\n|t:|1700056555\n|move|p2a: Deerling|Body Slam|p1a: Finneon\n|-damage|p1a: Finneon|57\/100\n|move|p1a: Finneon|Ice Beam|p2a: Deerling\n|-supereffective|p2a: Deerling\n|-damage|p2a: Deerling|66\/100\n|\n|upkeep\n|turn|11\n|\n|t:|1700056562\n|move|p2a: Deerling|Body Slam|p1a: Finneon\n|-damage|p1a: Finneon|33\/100\n|-status|p1a: Finneon|par\n|move|p1a: Finneon|Ice Beam|p2a: Deerling\n|-supereffective|p2a: Deerling\n|-damage|p2a: Deerling|39\/100\n|\n|upkeep\n|turn|12\n|\n|t:|1700056569\n|move|p2a: Deerling|Leech Seed|p1a: Finneon\n|-start|p1a: Finneon|move: Leech Seed\n|cant|p1a: Finneon|par\n|\n|-damage|p1a: Finneon|20\/100 par|[from] Leech Seed|[of] p2a: Deerling\n|-heal|p2a: Deerling|50\/100|[silent]\n|upkeep\n|turn|13\n|\n|t:|1700056592\n|move|p2a: Deerling|Synthesis|p2a: Deerling\n|-heal|p2a: Deerling|100\/100\n|cant|p1a: Finneon|par\n|\n|-damage|p1a: Finneon|8\/100 par|[from] Leech Seed|[of] p2a: Deerling\n|upkeep\n|turn|14\n|j| Samtendo09\n|l| Samtendo09\n|\n|t:|1700056616\n|move|p2a: Deerling|Headbutt|p1a: Finneon\n|-damage|p1a: Finneon|0 fnt\n|faint|p1a: Finneon\n|\n|upkeep\n|inactive|MSceptileJason has 120 seconds left.\n|inactive|MSceptileJason has 90 seconds left.\n|\n|t:|1700056693\n|switch|p1a: Quaxly|Quaxly, F|100\/100\n|turn|15\n|\n|t:|1700056715\n|-terastallize|p1a: Quaxly|Grass\n|move|p2a: Deerling|Leech Seed|p1a: Quaxly\n|-immune|p1a: Quaxly\n|move|p1a: Quaxly|Rapid Spin|p2a: Deerling\n|-damage|p2a: Deerling|86\/100\n|-boost|p1a: Quaxly|spe|1\n|\n|upkeep\n|turn|16\n|inactive|MSceptileJason has 60 seconds left.\n|\n|t:|1700056754\n|move|p1a: Quaxly|Rapid Spin|p2a: Deerling\n|-damage|p2a: Deerling|71\/100\n|-boost|p1a: Quaxly|spe|1\n|move|p2a: Deerling|Body Slam|p1a: Quaxly\n|-damage|p1a: Quaxly|72\/100\n|\n|upkeep\n|turn|17\n|inactive|Calamarimar has 120 seconds left.\n|\n|t:|1700056774\n|move|p1a: Quaxly|Brave Bird|p2a: Deerling\n|-supereffective|p2a: Deerling\n|-damage|p2a: Deerling|0 fnt\n|faint|p2a: Deerling\n|-ability|p1a: Quaxly|Moxie|boost\n|-boost|p1a: Quaxly|atk|1\n|-damage|p1a: Quaxly|49\/100|[from] Recoil\n|\n|upkeep\n|inactive|Calamarimar has 120 seconds left.\n|\n|t:|1700056782\n|switch|p2a: Shroodle|Shroodle, F, shiny|34\/100\n|turn|18\n|\n|t:|1700056788\n|move|p2a: Shroodle|Toxic|p1a: Quaxly\n|-status|p1a: Quaxly|tox\n|move|p1a: Quaxly|Liquidation|p2a: Shroodle\n|-damage|p2a: Shroodle|0 fnt\n|faint|p2a: Shroodle\n|-ability|p1a: Quaxly|Moxie|boost\n|-boost|p1a: Quaxly|atk|1\n|\n|-damage|p1a: Quaxly|43\/100 tox|[from] psn\n|upkeep\n|\n|t:|1700056793\n|switch|p2a: Thwackey|Thwackey, M|100\/100\n|-fieldstart|move: Grassy Terrain|[from] ability: Grassy Surge|[of] p2a: Thwackey\n|turn|19\n|\n|t:|1700056803\n|move|p2a: Thwackey|Grassy Glide|p1a: Quaxly\n|-resisted|p1a: Quaxly\n|-damage|p1a: Quaxly|24\/100 tox\n|move|p1a: Quaxly|Brave Bird|p2a: Thwackey\n|-supereffective|p2a: Thwackey\n|-damage|p2a: Thwackey|0 fnt\n|faint|p2a: Thwackey\n|-ability|p1a: Quaxly|Moxie|boost\n|-boost|p1a: Quaxly|atk|1\n|-damage|p1a: Quaxly|0 fnt|[from] Recoil\n|faint|p1a: Quaxly\n|\n|upkeep\n|\n|t:|1700056814\n|switch|p2a: Froakie|Froakie, M, shiny|100\/100\n|switch|p1a: Smoliv|Smoliv, F|83\/100 tox\n|turn|20\n|\n|t:|1700056823\n|move|p2a: Froakie|Toxic Spikes|p1a: Smoliv\n|-start|p2a: Froakie|typechange|Poison|[from] ability: Protean\n|-sidestart|p1: MSceptileJason|move: Toxic Spikes\n|move|p1a: Smoliv|Leech Seed|p2a: Froakie\n|-start|p2a: Froakie|move: Leech Seed\n|\n|-heal|p1a: Smoliv|89\/100 tox|[from] Grassy Terrain\n|-damage|p2a: Froakie|88\/100|[from] Leech Seed|[of] p1a: Smoliv\n|-heal|p1a: Smoliv|98\/100 tox|[silent]\n|-damage|p1a: Smoliv|92\/100 tox|[from] psn\n|upkeep\n|turn|21\n|\n|t:|1700056830\n|switch|p1a: Milotic|Milotic, F|100\/100\n|move|p2a: Froakie|Toxic Spikes|p1a: Milotic\n|-sidestart|p1: MSceptileJason|move: Toxic Spikes\n|\n|-heal|p2a: Froakie|94\/100|[from] Grassy Terrain\n|-damage|p2a: Froakie|82\/100|[from] Leech Seed|[of] p1a: Milotic\n|upkeep\n|turn|22\n|\n|t:|1700056841\n|switch|p2a: Meditite|Meditite, F|100\/100\n|move|p1a: Milotic|Scald|p2a: Meditite\n|-damage|p2a: Meditite|65\/100\n|\n|-heal|p2a: Meditite|71\/100|[from] Grassy Terrain\n|upkeep\n|turn|23\n|\n|t:|1700056846\n|move|p1a: Milotic|Scald|p2a: Meditite\n|-damage|p2a: Meditite|32\/100\n|move|p2a: Meditite|Zen Headbutt|p1a: Milotic\n|-damage|p1a: Milotic|49\/100\n|\n|-heal|p1a: Milotic|55\/100|[from] Grassy Terrain\n|-heal|p2a: Meditite|38\/100|[from] Grassy Terrain\n|-fieldend|move: Grassy Terrain\n|upkeep\n|turn|24\n|\n|t:|1700056860\n|move|p1a: Milotic|Scald|p2a: Meditite\n|-damage|p2a: Meditite|0 fnt\n|faint|p2a: Meditite\n|\n|upkeep\n|inactive|Calamarimar has 120 seconds left.\n|inactive|Calamarimar has 90 seconds left.\n|\n|t:|1700056925\n|switch|p2a: Froakie|Froakie, M, shiny|82\/100\n|turn|25\n|inactive|Calamarimar has 90 seconds left.\n|\n|t:|1700056934\n|move|p2a: Froakie|Liquidation|p1a: Milotic\n|-resisted|p1a: Milotic\n|-damage|p1a: Milotic|42\/100\n|move|p1a: Milotic|Recover|p1a: Milotic\n|-heal|p1a: Milotic|92\/100\n|\n|upkeep\n|turn|26\n|inactive|Calamarimar has 90 seconds left.\n|\n|t:|1700056967\n|switch|p1a: Smoliv|Smoliv, F|92\/100 tox\n|move|p2a: Froakie|Rock Slide|p1a: Smoliv\n|-start|p2a: Froakie|typechange|Rock|[from] ability: Protean\n|-damage|p1a: Smoliv|38\/100 tox\n|\n|-damage|p1a: Smoliv|32\/100 tox|[from] psn\n|upkeep\n|turn|27\n|\n|t:|1700056975\n|move|p2a: Froakie|Rock Slide|p1a: Smoliv\n|-damage|p1a: Smoliv|0 fnt\n|faint|p1a: Smoliv\n|\n|upkeep\n|\n|t:|1700056979\n|switch|p1a: Greavard|Greavard, M|34\/100 tox\n|turn|28\n|inactive|Calamarimar has 60 seconds left.\n|\n|t:|1700057027\n|move|p1a: Greavard|Shadow Sneak|p2a: Froakie\n|-damage|p2a: Froakie|50\/100\n|move|p2a: Froakie|Rock Slide|p1a: Greavard\n|-damage|p1a: Greavard|8\/100 tox\n|\n|-damage|p1a: Greavard|2\/100 tox|[from] psn\n|upkeep\n|turn|29\n|inactive|Calamarimar has 30 seconds left.\n|\n|t:|1700057057\n|-terastallize|p2a: Froakie|Water\n|move|p1a: Greavard|Shadow Sneak|p2a: Froakie\n|-damage|p2a: Froakie|21\/100\n|move|p2a: Froakie|Liquidation|p1a: Greavard\n|-damage|p1a: Greavard|0 fnt\n|faint|p1a: Greavard\n|\n|upkeep\n|inactive|Calamarimar has 30 seconds left this turn.\n|c|\u2606Calamarimar|gg\n|\n|t:|1700057062\n|switch|p1a: Milotic|Milotic, F|92\/100\n|turn|30\n|c|\u2606MSceptileJason|gg\n|\n|t:|1700057065\n|move|p2a: Froakie|Liquidation|p1a: Milotic\n|-resisted|p1a: Milotic\n|-damage|p1a: Milotic|78\/100\n|move|p1a: Milotic|Scald|p2a: Froakie\n|-resisted|p2a: Froakie\n|-damage|p2a: Froakie|0 fnt\n|faint|p2a: Froakie\n|\n|win|MSceptileJason\n|n|\u2606MSceptileJason|msceptilejason\n|n|\u2606Calamarimar|calamarimar\n|n|*Lady Monita \u2746|ladymonita\n|n| DHANVISH|dhanvish\n","uploadtime":1700057066,"views":5,"p1id":"msceptilejason","p2id":"calamarimar","formatid":"gen9ou","rating":0,"private":0,"password":""}