{"id":"gen9ou-1988316621","p1":"Samkles","p2":"Tay2252","format":"[Gen 9] OU","log":"|j|\u2606Samkles\n|j|\u2606Tay2252\n|t:|1699707358\n|gametype|singles\n|player|p1|Samkles|red|1248\n|player|p2|Tay2252|marlon|1139\n|teamsize|p1|6\n|teamsize|p2|6\n|gen|9\n|tier|[Gen 9] OU\n|rated|\n|rule|Sleep Clause Mod: Limit one foe put to sleep\n|rule|Species Clause: Limit one of each Pok\u00e9mon\n|rule|OHKO Clause: OHKO moves are banned\n|rule|Evasion Items Clause: Evasion items are banned\n|rule|Evasion Moves Clause: Evasion moves are banned\n|rule|Endless Battle Clause: Forcing endless battles is banned\n|rule|HP Percentage Mod: HP is shown in percentages\n|clearpoke\n|poke|p1|Zamazenta-*|\n|poke|p1|Cinderace, F|\n|poke|p1|Dragonite, F|\n|poke|p1|Rotom-Wash|\n|poke|p1|Gliscor, F|\n|poke|p1|Dragapult, F|\n|poke|p2|Quaquaval, M|\n|poke|p2|Sinistcha-Masterpiece|\n|poke|p2|Hatterene, F|\n|poke|p2|Ambipom, M|\n|poke|p2|Ogerpon-Wellspring, F|\n|poke|p2|Great Tusk|\n|teampreview\n|inactive|Battle timer is ON: inactive players will automatically lose when time's up. (requested by Samkles)\n|c|\u2606Tay2252|Gl\n|\n|t:|1699707381\n|start\n|switch|p1a: Rotom|Rotom-Wash|100\/100\n|switch|p2a: Adam|Ambipom, M|100\/100\n|turn|1\n|\n|t:|1699707395\n|move|p2a: Adam|Trailblaze|p1a: Rotom\n|-supereffective|p1a: Rotom\n|-crit|p1a: Rotom\n|-damage|p1a: Rotom|26\/100\n|-boost|p2a: Adam|spe|1\n|-damage|p2a: Adam|91\/100|[from] item: Life Orb\n|move|p1a: Rotom|Volt Switch|p2a: Adam\n|-damage|p2a: Adam|46\/100\n|\n|t:|1699707409\n|switch|p1a: Zamazenta|Zamazenta|100\/100|[from] Volt Switch\n|-ability|p1a: Zamazenta|Dauntless Shield|boost\n|-boost|p1a: Zamazenta|def|1\n|\n|upkeep\n|turn|2\n|\n|t:|1699707417\n|move|p2a: Adam|Aerial Ace|p1a: Zamazenta\n|-supereffective|p1a: Zamazenta\n|-damage|p1a: Zamazenta|66\/100\n|-damage|p2a: Adam|36\/100|[from] item: Life Orb\n|move|p1a: Zamazenta|Body Press|p2a: Adam\n|-supereffective|p2a: Adam\n|-damage|p2a: Adam|0 fnt\n|faint|p2a: Adam\n|\n|-heal|p1a: Zamazenta|72\/100|[from] item: Leftovers\n|upkeep\n|\n|t:|1699707422\n|switch|p2a: Alice|Hatterene, F|100\/100\n|turn|3\n|\n|t:|1699707429\n|-terastallize|p1a: Zamazenta|Steel\n|move|p1a: Zamazenta|Iron Defense|p1a: Zamazenta\n|-boost|p1a: Zamazenta|def|2\n|move|p2a: Alice|Calm Mind|p2a: Alice\n|-boost|p2a: Alice|spa|1\n|-boost|p2a: Alice|spd|1\n|\n|-heal|p1a: Zamazenta|79\/100|[from] item: Leftovers\n|upkeep\n|turn|4\n|\n|t:|1699707435\n|move|p1a: Zamazenta|Iron Head|p2a: Alice\n|-supereffective|p2a: Alice\n|-damage|p2a: Alice|18\/100\n|cant|p2a: Alice|flinch\n|\n|-heal|p1a: Zamazenta|85\/100|[from] item: Leftovers\n|-heal|p2a: Alice|24\/100|[from] item: Leftovers\n|upkeep\n|turn|5\n|\n|t:|1699707442\n|move|p1a: Zamazenta|Iron Head|p2a: Alice\n|-supereffective|p2a: Alice\n|-damage|p2a: Alice|0 fnt\n|faint|p2a: Alice\n|\n|-heal|p1a: Zamazenta|91\/100|[from] item: Leftovers\n|upkeep\n|\n|t:|1699707444\n|switch|p2a: Walter|Sinistcha-Masterpiece|100\/100\n|turn|6\n|\n|t:|1699707450\n|move|p1a: Zamazenta|Crunch|p2a: Walter\n|-supereffective|p2a: Walter\n|-damage|p2a: Walter|53\/100\n|move|p2a: Walter|Strength Sap|p1a: Zamazenta\n|-unboost|p1a: Zamazenta|atk|1\n|-heal|p2a: Walter|100\/100\n|\n|-heal|p1a: Zamazenta|97\/100|[from] item: Leftovers\n|upkeep\n|turn|7\n|\n|t:|1699707462\n|switch|p1a: Cinderace|Cinderace, F|100\/100\n|move|p2a: Walter|Trick Room|p2a: Walter\n|-fieldstart|move: Trick Room|[of] p2a: Walter\n|\n|upkeep\n|turn|8\n|\n|t:|1699707467\n|move|p2a: Walter|Strength Sap|p1a: Cinderace\n|-unboost|p1a: Cinderace|atk|1\n|move|p1a: Cinderace|Will-O-Wisp|p2a: Walter\n|-status|p2a: Walter|brn\n|\n|-damage|p2a: Walter|98\/100 brn|[from] brn\n|upkeep\n|turn|9\n|\n|t:|1699707473\n|move|p2a: Walter|Matcha Gotcha|p1a: Cinderace\n|-resisted|p1a: Cinderace\n|-damage|p1a: Cinderace|76\/100\n|-heal|p2a: Walter|100\/100 brn|[from] drain|[of] p1a: Cinderace\n|move|p1a: Cinderace|Will-O-Wisp|p2a: Walter|[miss]\n|-miss|p1a: Cinderace|p2a: Walter\n|\n|-damage|p2a: Walter|98\/100 brn|[from] brn\n|upkeep\n|turn|10\n|\n|t:|1699707477\n|move|p2a: Walter|Strength Sap|p1a: Cinderace\n|-unboost|p1a: Cinderace|atk|1\n|-heal|p2a: Walter|100\/100 brn\n|move|p1a: Cinderace|U-turn|p2a: Walter\n|-start|p1a: Cinderace|typechange|Bug|[from] ability: Libero\n|-damage|p2a: Walter|85\/100 brn\n|\n|t:|1699707486\n|switch|p1a: Gliscor|Gliscor, F|100\/100|[from] U-turn\n|\n|-damage|p2a: Walter|82\/100 brn|[from] brn\n|-status|p1a: Gliscor|tox|[from] item: Toxic Orb\n|upkeep\n|turn|11\n|\n|t:|1699707490\n|move|p1a: Gliscor|Protect|p1a: Gliscor\n|-singleturn|p1a: Gliscor|Protect\n|move|p2a: Walter|Hex|p1a: Gliscor\n|-activate|p1a: Gliscor|move: Protect\n|\n|-damage|p2a: Walter|80\/100 brn|[from] brn\n|-fieldend|move: Trick Room\n|upkeep\n|turn|12\n|\n|t:|1699707498\n|move|p1a: Gliscor|Knock Off|p2a: Walter\n|-supereffective|p2a: Walter\n|-damage|p2a: Walter|32\/100 brn\n|-enditem|p2a: Walter|Big Root|[from] move: Knock Off|[of] p1a: Gliscor\n|move|p2a: Walter|Strength Sap|p1a: Gliscor\n|-unboost|p1a: Gliscor|atk|1\n|-heal|p2a: Walter|100\/100 brn\n|\n|-damage|p2a: Walter|98\/100 brn|[from] brn\n|upkeep\n|turn|13\n|\n|t:|1699707506\n|switch|p1a: Rotom|Rotom-Wash|26\/100\n|move|p2a: Walter|Trick Room|p2a: Walter\n|-fieldstart|move: Trick Room|[of] p2a: Walter\n|\n|-damage|p2a: Walter|95\/100 brn|[from] brn\n|upkeep\n|turn|14\n|\n|t:|1699707513\n|switch|p1a: Gliscor|Gliscor, F|100\/100 tox\n|move|p2a: Walter|Matcha Gotcha|p1a: Gliscor\n|-damage|p1a: Gliscor|65\/100 tox\n|-heal|p2a: Walter|100\/100 brn|[from] drain|[of] p1a: Gliscor\n|\n|-heal|p1a: Gliscor|77\/100 tox|[from] ability: Poison Heal\n|-damage|p2a: Walter|98\/100 brn|[from] brn\n|upkeep\n|turn|15\n|\n|t:|1699707521\n|move|p1a: Gliscor|Protect|p1a: Gliscor\n|-singleturn|p1a: Gliscor|Protect\n|move|p2a: Walter|Hex|p1a: Gliscor\n|-activate|p1a: Gliscor|move: Protect\n|\n|-heal|p1a: Gliscor|90\/100 tox|[from] ability: Poison Heal\n|-damage|p2a: Walter|95\/100 brn|[from] brn\n|upkeep\n|turn|16\n|\n|t:|1699707526\n|move|p2a: Walter|Hex|p1a: Gliscor\n|-damage|p1a: Gliscor|34\/100 tox\n|move|p1a: Gliscor|Knock Off|p2a: Walter\n|-supereffective|p2a: Walter\n|-damage|p2a: Walter|62\/100 brn\n|\n|-heal|p1a: Gliscor|47\/100 tox|[from] ability: Poison Heal\n|-damage|p2a: Walter|60\/100 brn|[from] brn\n|upkeep\n|turn|17\n|\n|t:|1699707532\n|move|p1a: Gliscor|Protect|p1a: Gliscor\n|-singleturn|p1a: Gliscor|Protect\n|move|p2a: Walter|Strength Sap|p1a: Gliscor\n|-activate|p1a: Gliscor|move: Protect\n|\n|-heal|p1a: Gliscor|59\/100 tox|[from] ability: Poison Heal\n|-damage|p2a: Walter|57\/100 brn|[from] brn\n|-fieldend|move: Trick Room\n|upkeep\n|turn|18\n|\n|t:|1699707536\n|move|p1a: Gliscor|Knock Off|p2a: Walter\n|-supereffective|p2a: Walter\n|-damage|p2a: Walter|24\/100 brn\n|move|p2a: Walter|Trick Room|p2a: Walter\n|-fieldstart|move: Trick Room|[of] p2a: Walter\n|\n|-heal|p1a: Gliscor|72\/100 tox|[from] ability: Poison Heal\n|-damage|p2a: Walter|21\/100 brn|[from] brn\n|upkeep\n|turn|19\n|\n|t:|1699707543\n|move|p1a: Gliscor|Protect|p1a: Gliscor\n|-singleturn|p1a: Gliscor|Protect\n|move|p2a: Walter|Strength Sap|p1a: Gliscor\n|-activate|p1a: Gliscor|move: Protect\n|\n|-heal|p1a: Gliscor|84\/100 tox|[from] ability: Poison Heal\n|-damage|p2a: Walter|19\/100 brn|[from] brn\n|upkeep\n|turn|20\n|\n|t:|1699707548\n|move|p2a: Walter|Strength Sap|p1a: Gliscor\n|-unboost|p1a: Gliscor|atk|1\n|-heal|p2a: Walter|98\/100 brn\n|move|p1a: Gliscor|Knock Off|p2a: Walter\n|-supereffective|p2a: Walter\n|-damage|p2a: Walter|77\/100 brn\n|\n|-heal|p1a: Gliscor|97\/100 tox|[from] ability: Poison Heal\n|-damage|p2a: Walter|74\/100 brn|[from] brn\n|upkeep\n|turn|21\n|\n|t:|1699707557\n|move|p1a: Gliscor|Protect|p1a: Gliscor\n|-singleturn|p1a: Gliscor|Protect\n|move|p2a: Walter|Matcha Gotcha|p1a: Gliscor\n|-activate|p1a: Gliscor|move: Protect\n|\n|-heal|p1a: Gliscor|100\/100 tox|[from] ability: Poison Heal\n|-damage|p2a: Walter|72\/100 brn|[from] brn\n|upkeep\n|turn|22\n|\n|t:|1699707560\n|move|p2a: Walter|Hex|p1a: Gliscor\n|-damage|p1a: Gliscor|45\/100 tox\n|move|p1a: Gliscor|Knock Off|p2a: Walter\n|-supereffective|p2a: Walter\n|-damage|p2a: Walter|51\/100 brn\n|\n|-heal|p1a: Gliscor|57\/100 tox|[from] ability: Poison Heal\n|-damage|p2a: Walter|48\/100 brn|[from] brn\n|-fieldend|move: Trick Room\n|upkeep\n|turn|23\n|\n|t:|1699707577\n|switch|p1a: Dragapult|Dragapult, F|100\/100\n|move|p2a: Walter|Trick Room|p2a: Walter\n|-fieldstart|move: Trick Room|[of] p2a: Walter\n|\n|-damage|p2a: Walter|45\/100 brn|[from] brn\n|upkeep\n|turn|24\n|\n|t:|1699707585\n|move|p2a: Walter|Strength Sap|p1a: Dragapult\n|-unboost|p1a: Dragapult|atk|1\n|-heal|p2a: Walter|100\/100 brn\n|move|p1a: Dragapult|Shadow Ball|p2a: Walter\n|-supereffective|p2a: Walter\n|-damage|p2a: Walter|0 fnt\n|faint|p2a: Walter\n|\n|upkeep\n|\n|t:|1699707594\n|switch|p2a: Mason|Quaquaval, M|100\/100\n|turn|25\n|\n|t:|1699707600\n|move|p2a: Mason|Ice Spinner|p1a: Dragapult\n|-supereffective|p1a: Dragapult\n|-damage|p1a: Dragapult|29\/100\n|move|p1a: Dragapult|Shadow Ball|p2a: Mason\n|-damage|p2a: Mason|28\/100\n|\n|upkeep\n|turn|26\n|\n|t:|1699707612\n|switch|p1a: Rotom|Rotom-Wash|26\/100\n|move|p2a: Mason|Ice Spinner|p1a: Rotom\n|-resisted|p1a: Rotom\n|-damage|p1a: Rotom|13\/100\n|\n|upkeep\n|turn|27\n|\n|t:|1699707620\n|move|p2a: Mason|Aqua Step|p1a: Rotom\n|-resisted|p1a: Rotom\n|-damage|p1a: Rotom|0 fnt\n|-boost|p2a: Mason|spe|1\n|faint|p1a: Rotom\n|-ability|p2a: Mason|Moxie|boost\n|-boost|p2a: Mason|atk|1\n|\n|-fieldend|move: Trick Room\n|upkeep\n|\n|t:|1699707625\n|switch|p1a: Dragonite|Dragonite, F|100\/100\n|turn|28\n|\n|t:|1699707634\n|move|p1a: Dragonite|Extreme Speed|p2a: Mason\n|-damage|p2a: Mason|0 fnt\n|faint|p2a: Mason\n|\n|upkeep\n|\n|t:|1699707639\n|switch|p2a: Dileshous|Great Tusk|100\/100\n|turn|29\n|\n|t:|1699707645\n|switch|p1a: Zamazenta|Zamazenta, tera:Steel|97\/100\n|move|p2a: Dileshous|Rapid Spin|p1a: Zamazenta\n|-resisted|p1a: Zamazenta\n|-damage|p1a: Zamazenta|92\/100\n|-boost|p2a: Dileshous|spe|1\n|\n|-heal|p1a: Zamazenta|98\/100|[from] item: Leftovers\n|upkeep\n|turn|30\n|\n|t:|1699707650\n|move|p1a: Zamazenta|Iron Defense|p1a: Zamazenta\n|-boost|p1a: Zamazenta|def|2\n|move|p2a: Dileshous|Earthquake|p1a: Zamazenta\n|-supereffective|p1a: Zamazenta\n|-damage|p1a: Zamazenta|64\/100\n|\n|-heal|p1a: Zamazenta|70\/100|[from] item: Leftovers\n|upkeep\n|turn|31\n|\n|t:|1699707654\n|move|p1a: Zamazenta|Iron Defense|p1a: Zamazenta\n|-boost|p1a: Zamazenta|def|2\n|move|p2a: Dileshous|Knock Off|p1a: Zamazenta\n|-damage|p1a: Zamazenta|63\/100\n|-enditem|p1a: Zamazenta|Leftovers|[from] move: Knock Off|[of] p2a: Dileshous\n|\n|upkeep\n|turn|32\n|\n|t:|1699707659\n|move|p1a: Zamazenta|Body Press|p2a: Dileshous\n|-damage|p2a: Dileshous|30\/100\n|move|p2a: Dileshous|Earthquake|p1a: Zamazenta\n|-supereffective|p1a: Zamazenta\n|-damage|p1a: Zamazenta|41\/100\n|\n|upkeep\n|turn|33\n|\n|t:|1699707664\n|move|p1a: Zamazenta|Body Press|p2a: Dileshous\n|-damage|p2a: Dileshous|0 fnt\n|faint|p2a: Dileshous\n|-end|p2a: Dileshous|Protosynthesis|[silent]\n|\n|upkeep\n|\n|t:|1699707666\n|switch|p2a: Ammu|Ogerpon-Wellspring, F|100\/100\n|turn|34\n|\n|t:|1699707671\n|-terastallize|p2a: Ammu|Water\n|detailschange|p2a: Ammu|Ogerpon-Wellspring-Tera, F, tera:Water\n|-ability|p2a: Ammu|Embody Aspect (Wellspring)|boost\n|-boost|p2a: Ammu|spd|1\n|move|p1a: Zamazenta|Body Press|p2a: Ammu\n|-damage|p2a: Ammu|0 fnt\n|faint|p2a: Ammu\n|\n|win|Samkles\n|raw|Samkles's rating: 1248 &rarr; <strong>1265<\/strong><br \/>(+17 for winning)\n|raw|Tay2252's rating: 1139 &rarr; <strong>1122<\/strong><br \/>(-17 for losing)\n|l|\u2606Tay2252\n","uploadtime":1699707686,"views":16,"p1id":"samkles","p2id":"tay2252","formatid":"gen9ou","rating":1122,"private":0,"password":""}