{"id":"gen9ou-1991106319","p1":"liaoya","p2":"Yeet58","format":"[Gen 9] OU","log":"|j|\u2606liaoya\n|j|\u2606Yeet58\n|t:|1700043851\n|gametype|singles\n|player|p1|liaoya|petrel|1456\n|player|p2|Yeet58|birdkeeper|1420\n|teamsize|p1|6\n|teamsize|p2|6\n|gen|9\n|tier|[Gen 9] OU\n|rated|\n|rule|Sleep Clause Mod: Limit one foe put to sleep\n|rule|Species Clause: Limit one of each Pok\u00e9mon\n|rule|OHKO Clause: OHKO moves are banned\n|rule|Evasion Items Clause: Evasion items are banned\n|rule|Evasion Moves Clause: Evasion moves are banned\n|rule|Endless Battle Clause: Forcing endless battles is banned\n|rule|HP Percentage Mod: HP is shown in percentages\n|clearpoke\n|poke|p1|Drifblim, F|\n|poke|p1|Garganacl, M|\n|poke|p1|Umbreon, M|\n|poke|p1|Rotom-Wash|\n|poke|p1|Glimmora, M|\n|poke|p1|Espeon, F|\n|poke|p2|Weavile, F|\n|poke|p2|Great Tusk|\n|poke|p2|Greninja-*, M|\n|poke|p2|Ting-Lu|\n|poke|p2|Garganacl, F|\n|poke|p2|Alomomola, F|\n|teampreview\n|inactive|Battle timer is ON: inactive players will automatically lose when time's up. (requested by liaoya)\n|\n|t:|1700043860\n|start\n|switch|p1a: Rotom|Rotom-Wash|100\/100\n|switch|p2a: Great Tusk|Great Tusk|100\/100\n|turn|1\n|\n|t:|1700043870\n|move|p1a: Rotom|Hydro Pump|p2a: Great Tusk\n|-supereffective|p2a: Great Tusk\n|-damage|p2a: Great Tusk|0 fnt\n|faint|p2a: Great Tusk\n|-end|p2a: Great Tusk|Protosynthesis|[silent]\n|\n|upkeep\n|\n|t:|1700043880\n|switch|p2a: Greninja|Greninja, M|100\/100\n|turn|2\n|\n|t:|1700043887\n|switch|p1a: Umbreon|Umbreon, M, shiny|100\/100\n|move|p2a: Greninja|Dark Pulse|p1a: Umbreon\n|-resisted|p1a: Umbreon\n|-damage|p1a: Umbreon|87\/100\n|-damage|p2a: Greninja|91\/100|[from] item: Life Orb\n|\n|-heal|p1a: Umbreon|93\/100|[from] item: Leftovers\n|upkeep\n|turn|3\n|\n|t:|1700043901\n|switch|p2a: Garganacl|Garganacl, F|100\/100\n|move|p1a: Umbreon|Yawn|p2a: Garganacl\n|-immune|p2a: Garganacl|[from] ability: Purifying Salt\n|\n|-heal|p1a: Umbreon|99\/100|[from] item: Leftovers\n|upkeep\n|turn|4\n|\n|t:|1700043909\n|switch|p1a: Espeon|Espeon, F|100\/100\n|move|p2a: Garganacl|Stealth Rock|p1a: Espeon\n|move|p1a: Espeon|Stealth Rock|p2a: Garganacl|[from]ability: Magic Bounce\n|-sidestart|p2: Yeet58|move: Stealth Rock\n|\n|upkeep\n|turn|5\n|\n|t:|1700043914\n|move|p1a: Espeon|Trick|p2a: Garganacl\n|-activate|p1a: Espeon|move: Trick|[of] p2a: Garganacl\n|-item|p2a: Garganacl|Choice Scarf|[from] move: Trick\n|-item|p1a: Espeon|Leftovers|[from] move: Trick\n|move|p2a: Garganacl|Salt Cure|p1a: Espeon\n|-damage|p1a: Espeon|85\/100\n|-start|p1a: Espeon|Salt Cure\n|\n|-heal|p1a: Espeon|91\/100|[from] item: Leftovers\n|-damage|p1a: Espeon|79\/100|[from] Salt Cure\n|upkeep\n|turn|6\n|\n|t:|1700043928\n|switch|p1a: Glimmora|Glimmora, M|100\/100\n|move|p2a: Garganacl|Salt Cure|p1a: Glimmora\n|-damage|p1a: Glimmora|90\/100\n|-start|p1a: Glimmora|Salt Cure\n|-activate|p1a: Glimmora|ability: Toxic Debris\n|-sidestart|p2: Yeet58|move: Toxic Spikes\n|\n|-damage|p1a: Glimmora|78\/100|[from] Salt Cure\n|upkeep\n|turn|7\n|\n|t:|1700043936\n|switch|p2a: Weavile|Weavile, F|100\/100\n|move|p1a: Glimmora|Mortal Spin|p2a: Weavile\n|-damage|p2a: Weavile|89\/100\n|-status|p2a: Weavile|psn\n|\n|-damage|p2a: Weavile|77\/100 psn|[from] psn\n|-damage|p1a: Glimmora|66\/100|[from] Salt Cure\n|upkeep\n|turn|8\n|\n|t:|1700043948\n|switch|p1a: Umbreon|Umbreon, M, shiny|99\/100\n|move|p2a: Weavile|Knock Off|p1a: Umbreon\n|-resisted|p1a: Umbreon\n|-damage|p1a: Umbreon|84\/100\n|-enditem|p1a: Umbreon|Leftovers|[from] move: Knock Off|[of] p2a: Weavile\n|\n|-damage|p2a: Weavile|65\/100 psn|[from] psn\n|upkeep\n|turn|9\n|\n|t:|1700043953\n|move|p2a: Weavile|Swords Dance|p2a: Weavile\n|-boost|p2a: Weavile|atk|2\n|move|p1a: Umbreon|Wish|p1a: Umbreon\n|\n|-damage|p2a: Weavile|52\/100 psn|[from] psn\n|upkeep\n|turn|10\n|\n|t:|1700043964\n|move|p2a: Weavile|Ice Spinner|p1a: Umbreon\n|-damage|p1a: Umbreon|29\/100\n|move|p1a: Umbreon|Foul Play|p2a: Weavile\n|-resisted|p2a: Weavile\n|-damage|p2a: Weavile|0 fnt\n|faint|p2a: Weavile\n|\n|-heal|p1a: Umbreon|79\/100|[from] move: Wish|[wisher] Umbreon\n|upkeep\n|\n|t:|1700043970\n|switch|p2a: Garganacl|Garganacl, F|100\/100\n|-damage|p2a: Garganacl|88\/100|[from] Stealth Rock\n|turn|11\n|\n|t:|1700043975\n|move|p1a: Umbreon|Protect|p1a: Umbreon\n|-singleturn|p1a: Umbreon|Protect\n|move|p2a: Garganacl|Salt Cure|p1a: Umbreon\n|-activate|p1a: Umbreon|move: Protect\n|\n|upkeep\n|turn|12\n|\n|t:|1700043984\n|switch|p1a: Glimmora|Glimmora, M|66\/100\n|move|p2a: Garganacl|Salt Cure|p1a: Glimmora\n|-damage|p1a: Glimmora|54\/100\n|-start|p1a: Glimmora|Salt Cure\n|-activate|p1a: Glimmora|ability: Toxic Debris\n|-sidestart|p2: Yeet58|move: Toxic Spikes\n|\n|-damage|p1a: Glimmora|42\/100|[from] Salt Cure\n|upkeep\n|turn|13\n|\n|t:|1700043988\n|move|p1a: Glimmora|Light Screen|p1a: Glimmora\n|-sidestart|p1: liaoya|move: Light Screen\n|move|p2a: Garganacl|Salt Cure|p1a: Glimmora\n|-damage|p1a: Glimmora|31\/100\n|\n|-damage|p1a: Glimmora|19\/100|[from] Salt Cure\n|upkeep\n|turn|14\n|\n|t:|1700043992\n|move|p1a: Glimmora|Spikes|p2a: Garganacl\n|-sidestart|p2: Yeet58|Spikes\n|move|p2a: Garganacl|Salt Cure|p1a: Glimmora\n|-damage|p1a: Glimmora|8\/100\n|\n|-damage|p1a: Glimmora|0 fnt|[from] Salt Cure\n|faint|p1a: Glimmora\n|upkeep\n|\n|t:|1700043997\n|switch|p1a: Garganacl|Garganacl, M, shiny|100\/100\n|turn|15\n|\n|t:|1700044000\n|move|p2a: Garganacl|Salt Cure|p1a: Garganacl\n|-damage|p1a: Garganacl|92\/100\n|-start|p1a: Garganacl|Salt Cure\n|move|p1a: Garganacl|Iron Defense|p1a: Garganacl\n|-boost|p1a: Garganacl|def|2\n|\n|-heal|p1a: Garganacl|98\/100|[from] item: Leftovers\n|-damage|p1a: Garganacl|85\/100|[from] Salt Cure\n|upkeep\n|turn|16\n|\n|t:|1700044006\n|switch|p2a: Ting-Lu|Ting-Lu|100\/100\n|-damage|p2a: Ting-Lu|94\/100|[from] Stealth Rock\n|-status|p2a: Ting-Lu|tox\n|-damage|p2a: Ting-Lu|82\/100 tox|[from] Spikes\n|-ability|p2a: Ting-Lu|Vessel of Ruin\n|move|p1a: Garganacl|Salt Cure|p2a: Ting-Lu\n|-resisted|p2a: Ting-Lu\n|-damage|p2a: Ting-Lu|79\/100 tox\n|-start|p2a: Ting-Lu|Salt Cure\n|\n|-heal|p2a: Ting-Lu|85\/100 tox|[from] item: Leftovers\n|-heal|p1a: Garganacl|92\/100|[from] item: Leftovers\n|-damage|p2a: Ting-Lu|79\/100 tox|[from] psn\n|-damage|p2a: Ting-Lu|67\/100 tox|[from] Salt Cure\n|-damage|p1a: Garganacl|79\/100|[from] Salt Cure\n|upkeep\n|turn|17\n|\n|t:|1700044015\n|switch|p1a: Drifblim|Drifblim, F|100\/100\n|move|p2a: Ting-Lu|Whirlwind|p1a: Drifblim\n|drag|p1a: Espeon|Espeon, F|79\/100\n|\n|-heal|p1a: Espeon|85\/100|[from] item: Leftovers\n|-heal|p2a: Ting-Lu|73\/100 tox|[from] item: Leftovers\n|-damage|p2a: Ting-Lu|60\/100 tox|[from] psn\n|-damage|p2a: Ting-Lu|48\/100 tox|[from] Salt Cure\n|-sideend|p1: liaoya|move: Light Screen\n|upkeep\n|turn|18\n|\n|t:|1700044028\n|move|p1a: Espeon|Dazzling Gleam|p2a: Ting-Lu\n|-supereffective|p2a: Ting-Lu\n|-damage|p2a: Ting-Lu|22\/100 tox\n|move|p2a: Ting-Lu|Earthquake|p1a: Espeon\n|-crit|p1a: Espeon\n|-damage|p1a: Espeon|17\/100\n|\n|-heal|p1a: Espeon|23\/100|[from] item: Leftovers\n|-heal|p2a: Ting-Lu|28\/100 tox|[from] item: Leftovers\n|-damage|p2a: Ting-Lu|9\/100 tox|[from] psn\n|-damage|p2a: Ting-Lu|0 fnt|[from] Salt Cure\n|faint|p2a: Ting-Lu\n|upkeep\n|\n|t:|1700044034\n|switch|p2a: Greninja|Greninja, M|91\/100\n|-damage|p2a: Greninja|78\/100|[from] Stealth Rock\n|-status|p2a: Greninja|tox\n|-damage|p2a: Greninja|66\/100 tox|[from] Spikes\n|turn|19\n|\n|t:|1700044038\n|move|p2a: Greninja|Dark Pulse|p1a: Espeon\n|-supereffective|p1a: Espeon\n|-damage|p1a: Espeon|0 fnt\n|faint|p1a: Espeon\n|-ability|p2a: Greninja|Battle Bond|boost\n|-boost|p2a: Greninja|atk|1\n|-boost|p2a: Greninja|spa|1\n|-boost|p2a: Greninja|spe|1\n|-activate|p2a: Greninja|ability: Battle Bond\n|-damage|p2a: Greninja|56\/100 tox|[from] item: Life Orb\n|\n|-damage|p2a: Greninja|50\/100 tox|[from] psn\n|upkeep\n|\n|t:|1700044049\n|switch|p1a: Umbreon|Umbreon, M, shiny|79\/100\n|turn|20\n|\n|t:|1700044052\n|-terastallize|p2a: Greninja|Water\n|move|p2a: Greninja|Surf|p1a: Umbreon\n|-damage|p1a: Umbreon|20\/100\n|-damage|p2a: Greninja|40\/100 tox|[from] item: Life Orb\n|move|p1a: Umbreon|Wish|p1a: Umbreon\n|\n|-damage|p2a: Greninja|29\/100 tox|[from] psn\n|upkeep\n|turn|21\n|\n|t:|1700044058\n|move|p1a: Umbreon|Protect|p1a: Umbreon\n|-singleturn|p1a: Umbreon|Protect\n|move|p2a: Greninja|Surf|p1a: Umbreon\n|-activate|p1a: Umbreon|move: Protect\n|\n|-heal|p1a: Umbreon|70\/100|[from] move: Wish|[wisher] Umbreon\n|-damage|p2a: Greninja|11\/100 tox|[from] psn\n|upkeep\n|turn|22\n|\n|t:|1700044065\n|move|p2a: Greninja|Surf|p1a: Umbreon\n|-damage|p1a: Umbreon|3\/100\n|-damage|p2a: Greninja|1\/100 tox|[from] item: Life Orb\n|move|p1a: Umbreon|Wish|p1a: Umbreon\n|\n|-damage|p2a: Greninja|0 fnt|[from] psn\n|faint|p2a: Greninja\n|upkeep\n|\n|t:|1700044071\n|switch|p2a: Alomomola|Alomomola, F|100\/100\n|turn|23\n|\n|t:|1700044077\n|move|p1a: Umbreon|Protect|p1a: Umbreon\n|-singleturn|p1a: Umbreon|Protect\n|move|p2a: Alomomola|Wish|p2a: Alomomola\n|\n|-heal|p1a: Umbreon|53\/100|[from] move: Wish|[wisher] Umbreon\n|upkeep\n|turn|24\n|\n|t:|1700044080\n|move|p1a: Umbreon|Wish|p1a: Umbreon\n|move|p2a: Alomomola|Flip Turn|p1a: Umbreon\n|-damage|p1a: Umbreon|43\/100\n|\n|t:|1700044083\n|switch|p2a: Garganacl|Garganacl, F|88\/100|[from] Flip Turn\n|-damage|p2a: Garganacl|76\/100|[from] Stealth Rock\n|-damage|p2a: Garganacl|63\/100|[from] Spikes\n|\n|-heal|p2a: Garganacl|100\/100|[from] move: Wish|[wisher] Alomomola\n|upkeep\n|turn|25\n|\n|t:|1700044086\n|move|p1a: Umbreon|Protect|p1a: Umbreon\n|-singleturn|p1a: Umbreon|Protect\n|move|p2a: Garganacl|Stealth Rock|p1a: Umbreon\n|-sidestart|p1: liaoya|move: Stealth Rock\n|\n|-heal|p1a: Umbreon|93\/100|[from] move: Wish|[wisher] Umbreon\n|upkeep\n|turn|26\n|\n|t:|1700044089\n|switch|p2a: Alomomola|Alomomola, F|100\/100\n|move|p1a: Umbreon|Wish|p1a: Umbreon\n|\n|upkeep\n|turn|27\n|\n|t:|1700044098\n|switch|p1a: Drifblim|Drifblim, F|100\/100\n|-damage|p1a: Drifblim|76\/100|[from] Stealth Rock\n|move|p2a: Alomomola|Scald|p1a: Drifblim\n|-damage|p1a: Drifblim|58\/100\n|\n|-heal|p1a: Drifblim|100\/100|[from] move: Wish|[wisher] Umbreon\n|upkeep\n|turn|28\n|\n|t:|1700044106\n|move|p1a: Drifblim|Trick|p2a: Alomomola\n|-activate|p1a: Drifblim|move: Trick|[of] p2a: Alomomola\n|-item|p2a: Alomomola|Choice Scarf|[from] move: Trick\n|-item|p1a: Drifblim|Heavy-Duty Boots|[from] move: Trick\n|move|p2a: Alomomola|Scald|p1a: Drifblim\n|-damage|p1a: Drifblim|84\/100\n|\n|upkeep\n|turn|29\n|\n|t:|1700044115\n|switch|p1a: Rotom|Rotom-Wash|100\/100\n|-damage|p1a: Rotom|88\/100|[from] Stealth Rock\n|move|p2a: Alomomola|Scald|p1a: Rotom\n|-resisted|p1a: Rotom\n|-damage|p1a: Rotom|81\/100\n|-status|p1a: Rotom|brn\n|\n|-damage|p1a: Rotom|75\/100 brn|[from] brn\n|upkeep\n|turn|30\n|\n|t:|1700044120\n|switch|p2a: Garganacl|Garganacl, F|100\/100\n|-damage|p2a: Garganacl|88\/100|[from] Stealth Rock\n|-damage|p2a: Garganacl|76\/100|[from] Spikes\n|move|p1a: Rotom|Volt Switch|p2a: Garganacl\n|-damage|p2a: Garganacl|47\/100\n|\n|t:|1700044125\n|switch|p1a: Garganacl|Garganacl, M, shiny|79\/100|[from] Volt Switch\n|-damage|p1a: Garganacl|67\/100|[from] Stealth Rock\n|\n|-heal|p1a: Garganacl|73\/100|[from] item: Leftovers\n|upkeep\n|turn|31\n|\n|t:|1700044128\n|move|p2a: Garganacl|Salt Cure|p1a: Garganacl\n|-damage|p1a: Garganacl|64\/100\n|-start|p1a: Garganacl|Salt Cure\n|move|p1a: Garganacl|Recover|p1a: Garganacl\n|-heal|p1a: Garganacl|100\/100\n|\n|-damage|p1a: Garganacl|88\/100|[from] Salt Cure\n|upkeep\n|turn|32\n|\n|t:|1700044130\n|switch|p2a: Alomomola|Alomomola, F|100\/100\n|-damage|p2a: Alomomola|88\/100|[from] Stealth Rock\n|-status|p2a: Alomomola|tox\n|-damage|p2a: Alomomola|76\/100 tox|[from] Spikes\n|move|p1a: Garganacl|Salt Cure|p2a: Alomomola\n|-damage|p2a: Alomomola|68\/100 tox\n|-start|p2a: Alomomola|Salt Cure\n|\n|-heal|p1a: Garganacl|94\/100|[from] item: Leftovers\n|-damage|p2a: Alomomola|62\/100 tox|[from] psn\n|-damage|p2a: Alomomola|37\/100 tox|[from] Salt Cure\n|-damage|p1a: Garganacl|82\/100|[from] Salt Cure\n|upkeep\n|turn|33\n|\n|t:|1700044135\n|move|p2a: Alomomola|Scald|p1a: Garganacl\n|-supereffective|p1a: Garganacl\n|-damage|p1a: Garganacl|65\/100\n|move|p1a: Garganacl|Iron Defense|p1a: Garganacl\n|-boost|p1a: Garganacl|def|2\n|\n|-heal|p1a: Garganacl|71\/100|[from] item: Leftovers\n|-damage|p2a: Alomomola|25\/100 tox|[from] psn\n|-damage|p2a: Alomomola|0 fnt|[from] Salt Cure\n|faint|p2a: Alomomola\n|-damage|p1a: Garganacl|59\/100|[from] Salt Cure\n|upkeep\n|\n|t:|1700044141\n|switch|p2a: Garganacl|Garganacl, F|47\/100\n|-damage|p2a: Garganacl|34\/100|[from] Stealth Rock\n|-damage|p2a: Garganacl|22\/100|[from] Spikes\n|turn|34\n|\n|t:|1700044145\n|move|p2a: Garganacl|Recover|p2a: Garganacl\n|-heal|p2a: Garganacl|72\/100\n|move|p1a: Garganacl|Salt Cure|p2a: Garganacl\n|-damage|p2a: Garganacl|65\/100\n|-start|p2a: Garganacl|Salt Cure\n|\n|-heal|p1a: Garganacl|65\/100|[from] item: Leftovers\n|-damage|p2a: Garganacl|53\/100|[from] Salt Cure\n|-damage|p1a: Garganacl|53\/100|[from] Salt Cure\n|upkeep\n|turn|35\n|-message|Yeet58 forfeited.\n|\n|win|liaoya\n|raw|liaoya's rating: 1456 &rarr; <strong>1474<\/strong><br \/>(+18 for winning)\n|raw|Yeet58's rating: 1420 &rarr; <strong>1402<\/strong><br \/>(-18 for losing)\n|l|\u2606Yeet58\n","uploadtime":1700044154,"views":14,"p1id":"liaoya","p2id":"yeet58","formatid":"gen9ou","rating":1402,"private":0,"password":""}