{"id":"gen9ou-1997072843","p1":"Galiator","p2":"AnIcePancake","format":"[Gen 9] OU","log":"|j|\u2606Galiator\n|j|\u2606AnIcePancake\n|t:|1700761746\n|gametype|singles\n|player|p1|Galiator|102|1126\n|player|p2|AnIcePancake|janitor|1222\n|teamsize|p1|6\n|teamsize|p2|6\n|gen|9\n|tier|[Gen 9] OU\n|rated|\n|rule|Sleep Clause Mod: Limit one foe put to sleep\n|rule|Species Clause: Limit one of each Pok\u00e9mon\n|rule|OHKO Clause: OHKO moves are banned\n|rule|Evasion Items Clause: Evasion items are banned\n|rule|Evasion Moves Clause: Evasion moves are banned\n|rule|Endless Battle Clause: Forcing endless battles is banned\n|rule|HP Percentage Mod: HP is shown in percentages\n|clearpoke\n|poke|p1|Garganacl, M|\n|poke|p1|Great Tusk|\n|poke|p1|Gholdengo|\n|poke|p1|Iron Valiant|\n|poke|p1|Dragonite, F|\n|poke|p1|Zapdos|\n|poke|p2|Skeledirge, M|\n|poke|p2|Weavile, F|\n|poke|p2|Umbreon, M|\n|poke|p2|Great Tusk|\n|poke|p2|Ogerpon, F|\n|poke|p2|Arboliva, F|\n|teampreview\n|c|\u2606AnIcePancake|gl and hf!\n|\n|t:|1700761778\n|start\n|switch|p1a: Garganacl|Garganacl, M|100\/100\n|switch|p2a: Screw Gliscor|Weavile, F|100\/100\n|-ability|p2a: Screw Gliscor|Pressure\n|turn|1\n|\n|t:|1700761799\n|move|p2a: Screw Gliscor|Swords Dance|p2a: Screw Gliscor\n|-boost|p2a: Screw Gliscor|atk|2\n|move|p1a: Garganacl|Salt Cure|p2a: Screw Gliscor\n|-supereffective|p2a: Screw Gliscor\n|-crit|p2a: Screw Gliscor\n|-damage|p2a: Screw Gliscor|28\/100\n|-start|p2a: Screw Gliscor|Salt Cure\n|\n|-damage|p2a: Screw Gliscor|15\/100|[from] Salt Cure\n|upkeep\n|turn|2\n|\n|t:|1700761804\n|move|p2a: Screw Gliscor|Brick Break|p1a: Garganacl\n|-supereffective|p1a: Garganacl\n|-damage|p1a: Garganacl|50\/100\n|move|p1a: Garganacl|Salt Cure|p2a: Screw Gliscor\n|-supereffective|p2a: Screw Gliscor\n|-damage|p2a: Screw Gliscor|0 fnt\n|faint|p2a: Screw Gliscor\n|\n|-heal|p1a: Garganacl|56\/100|[from] item: Leftovers\n|upkeep\n|\n|t:|1700761808\n|switch|p2a: Go Touch Grass|Arboliva, F|100\/100\n|turn|3\n|c|\u2606Galiator|Gl hf\n|\n|t:|1700761820\n|switch|p1a: Zapdos|Zapdos|100\/100\n|move|p2a: Go Touch Grass|Giga Drain|p1a: Zapdos\n|-resisted|p1a: Zapdos\n|-damage|p1a: Zapdos|86\/100\n|\n|upkeep\n|turn|4\n|\n|t:|1700761825\n|-terastallize|p2a: Go Touch Grass|Electric\n|move|p1a: Zapdos|Hurricane|p2a: Go Touch Grass\n|-resisted|p2a: Go Touch Grass\n|-damage|p2a: Go Touch Grass|87\/100\n|-fieldstart|move: Grassy Terrain|[from] ability: Seed Sower|[of] p2a: Go Touch Grass\n|move|p2a: Go Touch Grass|Tera Blast|p1a: Zapdos|[anim] Tera Blast Electric\n|-damage|p1a: Zapdos|55\/100\n|\n|-heal|p2a: Go Touch Grass|93\/100|[from] Grassy Terrain\n|upkeep\n|turn|5\n|\n|t:|1700761848\n|switch|p1a: Great Tusk|Great Tusk|100\/100\n|move|p2a: Go Touch Grass|Giga Drain|p1a: Great Tusk\n|-supereffective|p1a: Great Tusk\n|-damage|p1a: Great Tusk|0 fnt\n|-heal|p2a: Go Touch Grass|100\/100|[from] drain|[of] p1a: Great Tusk\n|faint|p1a: Great Tusk\n|-end|p1a: Great Tusk|Protosynthesis|[silent]\n|\n|upkeep\n|\n|t:|1700761867\n|switch|p1a: Iron Valiant|Iron Valiant|100\/100\n|turn|6\n|\n|t:|1700761870\n|move|p1a: Iron Valiant|Moonblast|p2a: Go Touch Grass\n|-damage|p2a: Go Touch Grass|73\/100\n|move|p2a: Go Touch Grass|Giga Drain|p1a: Iron Valiant\n|-damage|p1a: Iron Valiant|0 fnt\n|-heal|p2a: Go Touch Grass|100\/100|[from] drain|[of] p1a: Iron Valiant\n|faint|p1a: Iron Valiant\n|-end|p1a: Iron Valiant|Quark Drive|[silent]\n|\n|upkeep\n|\n|t:|1700761874\n|switch|p1a: Gholdengo|Gholdengo|100\/100\n|-item|p1a: Gholdengo|Air Balloon\n|turn|7\n|\n|t:|1700761877\n|move|p1a: Gholdengo|Nasty Plot|p1a: Gholdengo\n|-boost|p1a: Gholdengo|spa|2\n|move|p2a: Go Touch Grass|Giga Drain|p1a: Gholdengo\n|-resisted|p1a: Gholdengo\n|-damage|p1a: Gholdengo|73\/100\n|-enditem|p1a: Gholdengo|Air Balloon\n|\n|-heal|p1a: Gholdengo|79\/100|[from] Grassy Terrain\n|upkeep\n|turn|8\n|\n|t:|1700761883\n|move|p1a: Gholdengo|Shadow Ball|p2a: Go Touch Grass\n|-damage|p2a: Go Touch Grass|63\/100\n|move|p2a: Go Touch Grass|Earth Power|p1a: Gholdengo\n|-supereffective|p1a: Gholdengo\n|-damage|p1a: Gholdengo|18\/100\n|-unboost|p1a: Gholdengo|spd|1\n|\n|-heal|p1a: Gholdengo|24\/100|[from] Grassy Terrain\n|-heal|p2a: Go Touch Grass|69\/100|[from] Grassy Terrain\n|-fieldend|move: Grassy Terrain\n|upkeep\n|turn|9\n|\n|t:|1700761897\n|move|p1a: Gholdengo|Recover|p1a: Gholdengo\n|-heal|p1a: Gholdengo|74\/100\n|move|p2a: Go Touch Grass|Giga Drain|p1a: Gholdengo\n|-resisted|p1a: Gholdengo\n|-damage|p1a: Gholdengo|46\/100\n|-heal|p2a: Go Touch Grass|87\/100|[from] drain|[of] p1a: Gholdengo\n|\n|upkeep\n|turn|10\n|\n|t:|1700761899\n|move|p1a: Gholdengo|Shadow Ball|p2a: Go Touch Grass\n|-damage|p2a: Go Touch Grass|46\/100\n|-fieldstart|move: Grassy Terrain|[from] ability: Seed Sower|[of] p2a: Go Touch Grass\n|move|p2a: Go Touch Grass|Giga Drain|p1a: Gholdengo\n|-resisted|p1a: Gholdengo\n|-damage|p1a: Gholdengo|8\/100\n|-heal|p2a: Go Touch Grass|70\/100|[from] drain|[of] p1a: Gholdengo\n|\n|-heal|p1a: Gholdengo|14\/100|[from] Grassy Terrain\n|-heal|p2a: Go Touch Grass|76\/100|[from] Grassy Terrain\n|upkeep\n|turn|11\n|\n|t:|1700761902\n|move|p1a: Gholdengo|Recover|p1a: Gholdengo\n|-heal|p1a: Gholdengo|64\/100\n|move|p2a: Go Touch Grass|Giga Drain|p1a: Gholdengo\n|-resisted|p1a: Gholdengo\n|-damage|p1a: Gholdengo|23\/100\n|-heal|p2a: Go Touch Grass|100\/100|[from] drain|[of] p1a: Gholdengo\n|\n|-heal|p1a: Gholdengo|29\/100|[from] Grassy Terrain\n|upkeep\n|turn|12\n|-message|Galiator forfeited.\n|\n|win|AnIcePancake\n|raw|Galiator's rating: 1126 &rarr; <strong>1108<\/strong><br \/>(-18 for losing)\n|raw|AnIcePancake's rating: 1222 &rarr; <strong>1240<\/strong><br \/>(+18 for winning)\n|l|\u2606Galiator\n","uploadtime":1700761913,"views":25,"p1id":"galiator","p2id":"anicepancake","formatid":"gen9ou","rating":1108,"private":0,"password":""}