{"id":"gen9ou-1988653881","p1":"Calb3","p2":"iron tusk 69","format":"[Gen 9] OU","log":"|j|\u2606Calb3\n|j|\u2606iron tusk 69\n|t:|1699746662\n|gametype|singles\n|player|p1|Calb3|169|1460\n|player|p2|iron tusk 69|biker-gen4|1564\n|teamsize|p1|6\n|teamsize|p2|6\n|gen|9\n|tier|[Gen 9] OU\n|rated|\n|rule|Sleep Clause Mod: Limit one foe put to sleep\n|rule|Species Clause: Limit one of each Pok\u00e9mon\n|rule|OHKO Clause: OHKO moves are banned\n|rule|Evasion Items Clause: Evasion items are banned\n|rule|Evasion Moves Clause: Evasion moves are banned\n|rule|Endless Battle Clause: Forcing endless battles is banned\n|rule|HP Percentage Mod: HP is shown in percentages\n|clearpoke\n|poke|p1|Klefki, M|\n|poke|p1|Dondozo, M|\n|poke|p1|Blissey, F|\n|poke|p1|Gliscor, M|\n|poke|p1|Iron Valiant|\n|poke|p1|Corviknight, F|\n|poke|p2|Ribombee, M|\n|poke|p2|Samurott-Hisui, M|\n|poke|p2|Glimmora, M|\n|poke|p2|Ninetales-Alola, F|\n|poke|p2|Iron Treads|\n|poke|p2|Kingambit, F|\n|teampreview\n|inactive|Battle timer is ON: inactive players will automatically lose when time's up. (requested by Calb3)\n|\n|t:|1699746685\n|start\n|switch|p1a: Corviknight|Corviknight, F|100\/100\n|switch|p2a: SPIKE META|Samurott-Hisui, M|100\/100\n|turn|1\n|\n|t:|1699746694\n|move|p2a: SPIKE META|Flip Turn|p1a: Corviknight\n|-damage|p1a: Corviknight|83\/100\n|\n|t:|1699746696\n|switch|p2a: TSPIKE META|Glimmora, M|100\/100|[from] Flip Turn\n|move|p1a: Corviknight|U-turn|p2a: TSPIKE META\n|-resisted|p2a: TSPIKE META\n|-damage|p2a: TSPIKE META|91\/100\n|\n|t:|1699746719\n|switch|p1a: Gliscor|Gliscor, M|100\/100|[from] U-turn\n|\n|-status|p1a: Gliscor|tox|[from] item: Toxic Orb\n|upkeep\n|turn|2\n|\n|t:|1699746741\n|switch|p2a: SPIKE META|Samurott-Hisui, M|100\/100\n|move|p1a: Gliscor|Earthquake|p2a: SPIKE META\n|-damage|p2a: SPIKE META|54\/100\n|\n|upkeep\n|turn|3\n|\n|t:|1699746751\n|switch|p1a: Dondozo|Dondozo, M|100\/100\n|move|p2a: SPIKE META|Ceaseless Edge|p1a: Dondozo\n|-damage|p1a: Dondozo|84\/100\n|-sidestart|p1: Calb3|Spikes\n|\n|-heal|p1a: Dondozo|90\/100|[from] item: Leftovers\n|upkeep\n|turn|4\n|\n|t:|1699746758\n|move|p2a: SPIKE META|Flip Turn|p1a: Dondozo\n|-resisted|p1a: Dondozo\n|-damage|p1a: Dondozo|85\/100\n|\n|t:|1699746762\n|switch|p2a: WEB META|Ribombee, M|100\/100|[from] Flip Turn\n|move|p1a: Dondozo|Curse|p1a: Dondozo\n|-unboost|p1a: Dondozo|spe|1\n|-boost|p1a: Dondozo|atk|1\n|-boost|p1a: Dondozo|def|1\n|\n|-heal|p1a: Dondozo|91\/100|[from] item: Leftovers\n|upkeep\n|turn|5\n|\n|t:|1699746767\n|move|p2a: WEB META|Moonblast|p1a: Dondozo\n|-damage|p1a: Dondozo|53\/100\n|move|p1a: Dondozo|Liquidation|p2a: WEB META\n|-damage|p2a: WEB META|9\/100\n|\n|-heal|p1a: Dondozo|59\/100|[from] item: Leftovers\n|upkeep\n|turn|6\n|\n|t:|1699746777\n|move|p2a: WEB META|Moonblast|p1a: Dondozo\n|-damage|p1a: Dondozo|21\/100\n|move|p1a: Dondozo|Rest|p1a: Dondozo\n|-status|p1a: Dondozo|slp|[from] move: Rest\n|-heal|p1a: Dondozo|100\/100 slp|[silent]\n|\n|upkeep\n|turn|7\n|\n|t:|1699746792\n|switch|p1a: Corviknight|Corviknight, F|83\/100\n|move|p2a: WEB META|Moonblast|p1a: Corviknight\n|-resisted|p1a: Corviknight\n|-damage|p1a: Corviknight|66\/100\n|-ability|p1a: Corviknight|Mirror Armor\n|-unboost|p2a: WEB META|spa|1\n|\n|upkeep\n|turn|8\n|\n|t:|1699746800\n|switch|p2a: TSPIKE META|Glimmora, M|91\/100\n|move|p1a: Corviknight|U-turn|p2a: TSPIKE META\n|-resisted|p2a: TSPIKE META\n|-crit|p2a: TSPIKE META\n|-damage|p2a: TSPIKE META|74\/100\n|\n|t:|1699746804\n|switch|p1a: Gliscor|Gliscor, M|100\/100 tox|[from] U-turn\n|\n|upkeep\n|turn|9\n|\n|t:|1699746815\n|switch|p2a: SPIKE META|Samurott-Hisui, M|54\/100\n|move|p1a: Gliscor|Earthquake|p2a: SPIKE META\n|-damage|p2a: SPIKE META|8\/100\n|\n|upkeep\n|turn|10\n|\n|t:|1699746826\n|switch|p1a: Dondozo|Dondozo, M|100\/100 slp\n|-damage|p1a: Dondozo|88\/100 slp|[from] Spikes\n|move|p2a: SPIKE META|Surf|p1a: Dondozo\n|-resisted|p1a: Dondozo\n|-crit|p1a: Dondozo\n|-damage|p1a: Dondozo|63\/100 slp\n|\n|-heal|p1a: Dondozo|70\/100 slp|[from] item: Leftovers\n|upkeep\n|turn|11\n|\n|t:|1699746834\n|switch|p2a: WEB META|Ribombee, M|9\/100\n|cant|p1a: Dondozo|slp\n|\n|-heal|p1a: Dondozo|76\/100 slp|[from] item: Leftovers\n|upkeep\n|turn|12\n|\n|t:|1699746845\n|switch|p1a: Klefki|Klefki, M|100\/100\n|-damage|p1a: Klefki|88\/100|[from] Spikes\n|move|p2a: WEB META|Moonblast|p1a: Klefki\n|-resisted|p1a: Klefki\n|-damage|p1a: Klefki|70\/100\n|-unboost|p1a: Klefki|spa|1\n|\n|upkeep\n|turn|13\n|\n|t:|1699746853\n|switch|p2a: SPIKE META|Samurott-Hisui, M|8\/100\n|move|p1a: Klefki|Dazzling Gleam|p2a: SPIKE META\n|-supereffective|p2a: SPIKE META\n|-damage|p2a: SPIKE META|0 fnt\n|faint|p2a: SPIKE META\n|\n|upkeep\n|\n|t:|1699746855\n|switch|p2a: TSPIKE META|Glimmora, M|74\/100\n|turn|14\n|\n|t:|1699746864\n|switch|p1a: Gliscor|Gliscor, M|100\/100 tox\n|move|p2a: TSPIKE META|Stealth Rock|p1a: Gliscor\n|-sidestart|p1: Calb3|move: Stealth Rock\n|\n|upkeep\n|turn|15\n|\n|t:|1699746879\n|switch|p2a: WEB META|Ribombee, M|9\/100\n|move|p1a: Gliscor|Earthquake|p2a: WEB META\n|-resisted|p2a: WEB META\n|-damage|p2a: WEB META|0 fnt\n|faint|p2a: WEB META\n|\n|upkeep\n|\n|t:|1699746881\n|switch|p2a: 69tales|Ninetales-Alola, F|100\/100\n|-weather|Snow|[from] ability: Snow Warning|[of] p2a: 69tales\n|turn|16\n|\n|t:|1699746898\n|switch|p1a: Blissey|Blissey, F|100\/100\n|-damage|p1a: Blissey|88\/100|[from] Spikes\n|-damage|p1a: Blissey|76\/100|[from] Stealth Rock\n|move|p2a: 69tales|Freeze-Dry|p1a: Blissey\n|-damage|p1a: Blissey|68\/100\n|\n|-weather|Snow|[upkeep]\n|-heal|p1a: Blissey|74\/100|[from] item: Leftovers\n|upkeep\n|turn|17\n|\n|t:|1699746904\n|switch|p2a: TSPIKE META|Glimmora, M|74\/100\n|move|p1a: Blissey|Thunder Wave|p2a: TSPIKE META\n|-status|p2a: TSPIKE META|par\n|\n|-weather|Snow|[upkeep]\n|-heal|p1a: Blissey|80\/100|[from] item: Leftovers\n|upkeep\n|turn|18\n|inactive|Calb3 has 120 seconds left.\n|\n|t:|1699746948\n|move|p1a: Blissey|Seismic Toss|p2a: TSPIKE META\n|-damage|p2a: TSPIKE META|42\/100 par\n|move|p2a: TSPIKE META|Toxic|p1a: Blissey\n|-status|p1a: Blissey|tox\n|\n|-weather|Snow|[upkeep]\n|-heal|p1a: Blissey|86\/100 tox|[from] item: Leftovers\n|-damage|p1a: Blissey|80\/100 tox|[from] psn\n|upkeep\n|turn|19\n|\n|t:|1699746970\n|-curestatus|p1a: Blissey|tox|[from] ability: Natural Cure\n|switch|p1a: Corviknight|Corviknight, F|66\/100\n|-damage|p1a: Corviknight|53\/100|[from] Stealth Rock\n|switch|p2a: IRON TUSK 69|Iron Treads|100\/100\n|-enditem|p2a: IRON TUSK 69|Booster Energy\n|-activate|p2a: IRON TUSK 69|ability: Quark Drive|[fromitem]\n|-start|p2a: IRON TUSK 69|quarkdrivespe\n|\n|-weather|Snow|[upkeep]\n|upkeep\n|turn|20\n|\n|t:|1699746974\n|move|p2a: IRON TUSK 69|Steel Beam|p1a: Corviknight\n|-resisted|p1a: Corviknight\n|-damage|p1a: Corviknight|31\/100\n|-damage|p2a: IRON TUSK 69|50\/100|[from] steelbeam\n|move|p1a: Corviknight|Defog|p2a: IRON TUSK 69\n|-unboost|p2a: IRON TUSK 69|evasion|1\n|-sideend|p1: Calb3|Spikes|[from] move: Defog|[of] p1a: Corviknight\n|-sideend|p1: Calb3|Stealth Rock|[from] move: Defog|[of] p1a: Corviknight\n|\n|-weather|none\n|upkeep\n|turn|21\n|\n|t:|1699746978\n|move|p2a: IRON TUSK 69|Steel Beam|p1a: Corviknight\n|-resisted|p1a: Corviknight\n|-damage|p1a: Corviknight|7\/100\n|-damage|p2a: IRON TUSK 69|0 fnt|[from] steelbeam\n|faint|p2a: IRON TUSK 69\n|-end|p2a: IRON TUSK 69|Quark Drive|[silent]\n|move|p1a: Corviknight|Thief|p2: IRON TUSK 69|[notarget]\n|-fail|p1a: Corviknight\n|\n|upkeep\n|\n|t:|1699746981\n|switch|p2a: 69tales|Ninetales-Alola, F|100\/100\n|-weather|Snow|[from] ability: Snow Warning|[of] p2a: 69tales\n|turn|22\n|\n|t:|1699746985\n|move|p2a: 69tales|Freeze-Dry|p1a: Corviknight\n|-damage|p1a: Corviknight|0 fnt\n|faint|p1a: Corviknight\n|\n|-weather|Snow|[upkeep]\n|upkeep\n|\n|t:|1699746993\n|switch|p1a: Blissey|Blissey, F|80\/100\n|turn|23\n|inactive|iron tusk 69 has 120 seconds left.\n|\n|t:|1699747034\n|switch|p2a: TSPIKE META|Glimmora, M|42\/100 par\n|move|p1a: Blissey|Seismic Toss|p2a: TSPIKE META\n|-damage|p2a: TSPIKE META|9\/100 par\n|\n|-weather|Snow|[upkeep]\n|-heal|p1a: Blissey|86\/100|[from] item: Leftovers\n|upkeep\n|turn|24\n|\n|t:|1699747045\n|move|p1a: Blissey|Seismic Toss|p2a: TSPIKE META\n|-damage|p2a: TSPIKE META|0 fnt\n|faint|p2a: TSPIKE META\n|\n|-weather|Snow|[upkeep]\n|-heal|p1a: Blissey|93\/100|[from] item: Leftovers\n|upkeep\n|inactive|iron tusk 69 has 120 seconds left.\n|inactive|iron tusk 69 has 90 seconds left.\n|inactive|iron tusk 69 has 60 seconds left.\n|inactive|iron tusk 69 has 30 seconds left.\n|\n|t:|1699747143\n|switch|p2a: Rigged Suspect|Kingambit, F|100\/100\n|-activate|p2a: Rigged Suspect|ability: Supreme Overlord\n|-start|p2a: Rigged Suspect|fallen4|[silent]\n|turn|25\n|\n|t:|1699747159\n|move|p1a: Blissey|Thunder Wave|p2a: Rigged Suspect\n|-status|p2a: Rigged Suspect|par\n|move|p2a: Rigged Suspect|Swords Dance|p2a: Rigged Suspect\n|-boost|p2a: Rigged Suspect|atk|2\n|\n|-weather|Snow|[upkeep]\n|-heal|p1a: Blissey|99\/100|[from] item: Leftovers\n|upkeep\n|turn|26\n|\n|t:|1699747163\n|move|p1a: Blissey|Seismic Toss|p2a: Rigged Suspect\n|-damage|p2a: Rigged Suspect|75\/100 par\n|cant|p2a: Rigged Suspect|par\n|\n|-weather|none\n|-heal|p1a: Blissey|100\/100|[from] item: Leftovers\n|-heal|p2a: Rigged Suspect|82\/100 par|[from] item: Leftovers\n|upkeep\n|turn|27\n|c|\u2606iron tusk 69|not the parahax\n|c|\u2606iron tusk 69|:(\n|\n|t:|1699747181\n|move|p1a: Blissey|Seismic Toss|p2a: Rigged Suspect\n|-damage|p2a: Rigged Suspect|57\/100 par\n|move|p2a: Rigged Suspect|Kowtow Cleave|p1a: Blissey\n|-crit|p1a: Blissey\n|-damage|p1a: Blissey|0 fnt\n|faint|p1a: Blissey\n|\n|-heal|p2a: Rigged Suspect|63\/100 par|[from] item: Leftovers\n|upkeep\n|\n|t:|1699747191\n|switch|p1a: Klefki|Klefki, M|70\/100\n|turn|28\n|\n|t:|1699747197\n|move|p2a: Rigged Suspect|Kowtow Cleave|p1a: Klefki\n|-resisted|p1a: Klefki\n|-damage|p1a: Klefki|0 fnt\n|faint|p1a: Klefki\n|\n|-heal|p2a: Rigged Suspect|69\/100 par|[from] item: Leftovers\n|upkeep\n|\n|t:|1699747206\n|switch|p1a: Gliscor|Gliscor, M|100\/100 tox\n|turn|29\n|c|\u2606iron tusk 69|wtf move did u slelect on klefki\n|c|\u2606iron tusk 69|trick room?\n|\n|t:|1699747219\n|-terastallize|p2a: Rigged Suspect|Fairy\n|move|p1a: Gliscor|Protect|p1a: Gliscor\n|-singleturn|p1a: Gliscor|Protect\n|move|p2a: Rigged Suspect|Kowtow Cleave|p1a: Gliscor\n|-activate|p1a: Gliscor|move: Protect\n|\n|-heal|p2a: Rigged Suspect|75\/100 par|[from] item: Leftovers\n|upkeep\n|turn|30\n|\n|t:|1699747228\n|move|p1a: Gliscor|Earthquake|p2a: Rigged Suspect\n|-damage|p2a: Rigged Suspect|50\/100 par\n|move|p2a: Rigged Suspect|Kowtow Cleave|p1a: Gliscor\n|-damage|p1a: Gliscor|0 fnt\n|faint|p1a: Gliscor\n|\n|-heal|p2a: Rigged Suspect|57\/100 par|[from] item: Leftovers\n|upkeep\n|\n|t:|1699747239\n|switch|p1a: Dondozo|Dondozo, M|76\/100 slp\n|turn|31\n|\n|t:|1699747246\n|cant|p1a: Dondozo|slp\n|move|p2a: Rigged Suspect|Kowtow Cleave|p1a: Dondozo\n|-damage|p1a: Dondozo|47\/100 slp\n|\n|-heal|p1a: Dondozo|53\/100 slp|[from] item: Leftovers\n|-heal|p2a: Rigged Suspect|63\/100 par|[from] item: Leftovers\n|upkeep\n|turn|32\n|\n|t:|1699747258\n|-end|p2a: Rigged Suspect|fallen4|[silent]\n|switch|p2a: 69tales|Ninetales-Alola, F|100\/100\n|-weather|Snow|[from] ability: Snow Warning|[of] p2a: 69tales\n|-curestatus|p1a: Dondozo|slp|[msg]\n|move|p1a: Dondozo|Curse|p1a: Dondozo\n|-unboost|p1a: Dondozo|spe|1\n|-boost|p1a: Dondozo|atk|1\n|-boost|p1a: Dondozo|def|1\n|\n|-weather|Snow|[upkeep]\n|-heal|p1a: Dondozo|59\/100|[from] item: Leftovers\n|upkeep\n|turn|33\n|\n|t:|1699747269\n|switch|p1a: Iron Valiant|Iron Valiant|100\/100\n|-enditem|p1a: Iron Valiant|Booster Energy\n|-activate|p1a: Iron Valiant|ability: Quark Drive|[fromitem]\n|-start|p1a: Iron Valiant|quarkdrivespe\n|move|p2a: 69tales|Encore||[still]\n|-fail|p2a: 69tales\n|\n|-weather|Snow|[upkeep]\n|upkeep\n|turn|34\n|\n|t:|1699747277\n|switch|p2a: Rigged Suspect|Kingambit, F, tera:Fairy|63\/100 par\n|-activate|p2a: Rigged Suspect|ability: Supreme Overlord\n|-start|p2a: Rigged Suspect|fallen4|[silent]\n|move|p1a: Iron Valiant|Moonblast|p2a: Rigged Suspect\n|-damage|p2a: Rigged Suspect|29\/100 par\n|\n|-weather|Snow|[upkeep]\n|-heal|p2a: Rigged Suspect|35\/100 par|[from] item: Leftovers\n|upkeep\n|turn|35\n|\n|t:|1699747286\n|-end|p1a: Iron Valiant|Quark Drive|[silent]\n|switch|p1a: Dondozo|Dondozo, M|59\/100\n|move|p2a: Rigged Suspect|Tera Blast|p1a: Dondozo|[anim] Tera Blast Fairy\n|-crit|p1a: Dondozo\n|-damage|p1a: Dondozo|17\/100\n|\n|-weather|Snow|[upkeep]\n|-heal|p1a: Dondozo|23\/100|[from] item: Leftovers\n|-heal|p2a: Rigged Suspect|41\/100 par|[from] item: Leftovers\n|upkeep\n|turn|36\n|inactive|iron tusk 69 has 120 seconds left.\n|\n|t:|1699747292\n|-end|p2a: Rigged Suspect|fallen4|[silent]\n|switch|p2a: 69tales|Ninetales-Alola, F|100\/100\n|move|p1a: Dondozo|Liquidation|p2a: 69tales\n|-damage|p2a: 69tales|78\/100\n|-unboost|p2a: 69tales|def|1\n|\n|-weather|none\n|-heal|p1a: Dondozo|29\/100|[from] item: Leftovers\n|upkeep\n|turn|37\n|\n|t:|1699747305\n|move|p2a: 69tales|Freeze-Dry|p1a: Dondozo\n|-supereffective|p1a: Dondozo\n|-damage|p1a: Dondozo|0 fnt\n|faint|p1a: Dondozo\n|\n|upkeep\n|\n|t:|1699747307\n|switch|p1a: Iron Valiant|Iron Valiant|100\/100\n|turn|38\n|\n|t:|1699747314\n|move|p1a: Iron Valiant|Calm Mind|p1a: Iron Valiant\n|-boost|p1a: Iron Valiant|spa|1\n|-boost|p1a: Iron Valiant|spd|1\n|move|p2a: 69tales|Encore|p1a: Iron Valiant\n|-start|p1a: Iron Valiant|Encore\n|\n|upkeep\n|turn|39\n|c|\u2606iron tusk 69|UH\n|c|\u2606iron tusk 69|YEA\n|c|\u2606iron tusk 69|YEA\n|c|\u2606iron tusk 69|YEA\n|\n|t:|1699747321\n|switch|p2a: Rigged Suspect|Kingambit, F, tera:Fairy|41\/100 par\n|-activate|p2a: Rigged Suspect|ability: Supreme Overlord\n|-start|p2a: Rigged Suspect|fallen4|[silent]\n|move|p1a: Iron Valiant|Calm Mind|p1a: Iron Valiant\n|-boost|p1a: Iron Valiant|spa|1\n|-boost|p1a: Iron Valiant|spd|1\n|\n|-heal|p2a: Rigged Suspect|47\/100 par|[from] item: Leftovers\n|upkeep\n|turn|40\n|\n|t:|1699747327\n|-terastallize|p1a: Iron Valiant|Ground\n|move|p1a: Iron Valiant|Calm Mind|p1a: Iron Valiant\n|-boost|p1a: Iron Valiant|spa|1\n|-boost|p1a: Iron Valiant|spd|1\n|move|p2a: Rigged Suspect|Tera Blast|p1a: Iron Valiant|[anim] Tera Blast Fairy\n|-damage|p1a: Iron Valiant|28\/100\n|\n|-heal|p2a: Rigged Suspect|53\/100 par|[from] item: Leftovers\n|upkeep\n|turn|41\n|\n|t:|1699747334\n|move|p1a: Iron Valiant|Calm Mind|p1a: Iron Valiant\n|-boost|p1a: Iron Valiant|spa|1\n|-boost|p1a: Iron Valiant|spd|1\n|move|p2a: Rigged Suspect|Tera Blast|p1a: Iron Valiant|[anim] Tera Blast Fairy\n|-damage|p1a: Iron Valiant|0 fnt\n|faint|p1a: Iron Valiant\n|-end|p1a: Iron Valiant|Quark Drive|[silent]\n|\n|win|iron tusk 69\n|raw|Calb3's rating: 1460 &rarr; <strong>1447<\/strong><br \/>(-13 for losing)\n|raw|iron tusk 69's rating: 1586 &rarr; <strong>1599<\/strong><br \/>(+13 for winning)\n|l|\u2606Calb3\n|c|\u2606iron tusk 69|YEs\n|c|\u2606iron tusk 69|YES\n|c|\u2606iron tusk 69|YES\n|c|\u2606iron tusk 69|YES\n|j| ghostvein\n|j| VicBossMG\n|j| Spindon't\n|l| VicBossMG\n|j| Armawile\n|j| lejon flames\n|j| Domin0999\n|l| Domin0999\n|l| lejon flames\n|j| Light Dlc1 Train\n|l| Light Dlc1 Train\n|j| macaroff\n|j| chillarmy\n|l| macaroff\n|j| Crowned Crystals \u2654@!\n|l| chillarmy\n|j| Chaabi\n|j| lilphilyb\n","uploadtime":1699747464,"views":10,"p1id":"calb3","p2id":"irontusk69","formatid":"gen9ou","rating":1447,"private":0,"password":""}