{"id":"gen9ou-1989463009","p1":"RR_Uzui","p2":"eelektrik funeral","format":"[Gen 9] OU","log":"|j|\u2606RR_Uzui\n|j|\u2606eelektrik funeral\n|t:|1699854375\n|gametype|singles\n|player|p1|RR_Uzui|102|1615\n|player|p2|eelektrik funeral|workerice|1556\n|teamsize|p1|6\n|teamsize|p2|6\n|gen|9\n|tier|[Gen 9] OU\n|rated|\n|rule|Sleep Clause Mod: Limit one foe put to sleep\n|rule|Species Clause: Limit one of each Pok\u00e9mon\n|rule|OHKO Clause: OHKO moves are banned\n|rule|Evasion Items Clause: Evasion items are banned\n|rule|Evasion Moves Clause: Evasion moves are banned\n|rule|Endless Battle Clause: Forcing endless battles is banned\n|rule|HP Percentage Mod: HP is shown in percentages\n|clearpoke\n|poke|p1|Kingambit, F|\n|poke|p1|Ogerpon-Wellspring, F|\n|poke|p1|Enamorus, F|\n|poke|p1|Gholdengo|\n|poke|p1|Heatran, M|\n|poke|p1|Corviknight, F|\n|poke|p2|Dragapult, M|\n|poke|p2|Garganacl, M|\n|poke|p2|Gholdengo|\n|poke|p2|Great Tusk|\n|poke|p2|Iron Jugulis|\n|poke|p2|Toedscruel, F|\n|teampreview\n|\n|t:|1699854389\n|start\n|switch|p1a: Ogerpon|Ogerpon-Wellspring, F|100\/100\n|switch|p2a: Toedscruel|Toedscruel, F|100\/100\n|turn|1\n|\n|t:|1699854402\n|move|p1a: Ogerpon|Swords Dance|p1a: Ogerpon\n|-boost|p1a: Ogerpon|atk|2\n|move|p2a: Toedscruel|Rapid Spin|p1a: Ogerpon\n|-damage|p1a: Ogerpon|90\/100\n|-boost|p2a: Toedscruel|spe|1\n|\n|upkeep\n|turn|2\n|\n|t:|1699854409\n|move|p1a: Ogerpon|Ivy Cudgel|p2a: Toedscruel\n|-enditem|p2a: Toedscruel|Focus Sash\n|-damage|p2a: Toedscruel|1\/100\n|move|p2a: Toedscruel|Spikes|p1a: Ogerpon\n|-sidestart|p1: RR_Uzui|Spikes\n|\n|upkeep\n|turn|3\n|\n|t:|1699854418\n|move|p2a: Toedscruel|Rapid Spin|p1a: Ogerpon\n|-damage|p1a: Ogerpon|79\/100\n|-boost|p2a: Toedscruel|spe|1\n|move|p1a: Ogerpon|Knock Off|p2a: Toedscruel\n|-damage|p2a: Toedscruel|0 fnt\n|faint|p2a: Toedscruel\n|\n|upkeep\n|\n|t:|1699854430\n|switch|p2a: Dragapult|Dragapult, M|100\/100\n|turn|4\n|\n|t:|1699854441\n|switch|p1a: Heatran|Heatran, M|100\/100\n|-damage|p1a: Heatran|88\/100|[from] Spikes\n|move|p2a: Dragapult|U-turn|p1a: Heatran\n|-resisted|p1a: Heatran\n|-damage|p1a: Heatran|85\/100\n|\n|t:|1699854446\n|switch|p2a: Great Tusk|Great Tusk|100\/100|[from] U-turn\n|\n|-heal|p1a: Heatran|91\/100|[from] item: Leftovers\n|upkeep\n|turn|5\n|\n|t:|1699854453\n|switch|p1a: Corviknight|Corviknight, F|100\/100\n|-ability|p1a: Corviknight|Pressure\n|move|p2a: Great Tusk|Knock Off|p1a: Corviknight\n|-crit|p1a: Corviknight\n|-damage|p1a: Corviknight|75\/100\n|-damage|p2a: Great Tusk|84\/100|[from] item: Rocky Helmet|[of] p1a: Corviknight\n|-enditem|p1a: Corviknight|Rocky Helmet|[from] move: Knock Off|[of] p2a: Great Tusk\n|\n|-heal|p2a: Great Tusk|90\/100|[from] item: Leftovers\n|upkeep\n|turn|6\n|\n|t:|1699854465\n|-end|p2a: Great Tusk|Protosynthesis|[silent]\n|switch|p2a: Gholdengo|Gholdengo|100\/100\n|move|p1a: Corviknight|Defog|p2a: Gholdengo\n|-immune|p2a: Gholdengo|[from] ability: Good as Gold\n|\n|upkeep\n|turn|7\n|\n|t:|1699854472\n|switch|p1a: Heatran|Heatran, M|91\/100\n|-damage|p1a: Heatran|79\/100|[from] Spikes\n|move|p2a: Gholdengo|Thunderbolt|p1a: Heatran\n|-damage|p1a: Heatran|49\/100\n|\n|-heal|p1a: Heatran|55\/100|[from] item: Leftovers\n|upkeep\n|turn|8\n|\n|t:|1699854485\n|switch|p2a: Garganacl|Garganacl, M|100\/100\n|switch|p1a: Ogerpon|Ogerpon-Wellspring, F|79\/100\n|-damage|p1a: Ogerpon|67\/100|[from] Spikes\n|\n|upkeep\n|turn|9\n|\n|t:|1699854493\n|move|p1a: Ogerpon|Ivy Cudgel|p2a: Garganacl\n|-supereffective|p2a: Garganacl\n|-damage|p2a: Garganacl|19\/100\n|move|p2a: Garganacl|Salt Cure|p1a: Ogerpon\n|-damage|p1a: Ogerpon|49\/100\n|-start|p1a: Ogerpon|Salt Cure\n|\n|-heal|p2a: Garganacl|25\/100|[from] item: Leftovers\n|-damage|p1a: Ogerpon|24\/100|[from] Salt Cure\n|upkeep\n|turn|10\n|\n|t:|1699854503\n|move|p1a: Ogerpon|Knock Off|p2a: Garganacl\n|-damage|p2a: Garganacl|0 fnt\n|-enditem|p2a: Garganacl|Leftovers|[from] move: Knock Off|[of] p1a: Ogerpon\n|faint|p2a: Garganacl\n|\n|-damage|p1a: Ogerpon|0 fnt|[from] Salt Cure\n|faint|p1a: Ogerpon\n|upkeep\n|\n|t:|1699854513\n|switch|p1a: Enamorus|Enamorus, F|100\/100\n|switch|p2a: Gholdengo|Gholdengo|100\/100\n|turn|11\n|\n|t:|1699854527\n|switch|p1a: Kingambit|Kingambit, F|100\/100\n|-damage|p1a: Kingambit|88\/100|[from] Spikes\n|-activate|p1a: Kingambit|ability: Supreme Overlord\n|-start|p1a: Kingambit|fallen1|[silent]\n|move|p2a: Gholdengo|Thunderbolt|p1a: Kingambit\n|-damage|p1a: Kingambit|29\/100\n|\n|upkeep\n|turn|12\n|\n|t:|1699854538\n|switch|p2a: Great Tusk|Great Tusk|90\/100\n|-end|p1a: Kingambit|fallen1|[silent]\n|switch|p1a: Enamorus|Enamorus, F|100\/100\n|\n|-heal|p2a: Great Tusk|96\/100|[from] item: Leftovers\n|upkeep\n|turn|13\n|\n|t:|1699854550\n|move|p1a: Enamorus|Mystical Fire|p2a: Great Tusk\n|-damage|p2a: Great Tusk|54\/100\n|-unboost|p2a: Great Tusk|spa|1\n|move|p2a: Great Tusk|Knock Off|p1a: Enamorus\n|-resisted|p1a: Enamorus\n|-damage|p1a: Enamorus|77\/100\n|-enditem|p1a: Enamorus|Choice Specs|[from] move: Knock Off|[of] p2a: Great Tusk\n|\n|-heal|p2a: Great Tusk|60\/100|[from] item: Leftovers\n|upkeep\n|turn|14\n|\n|t:|1699854562\n|move|p1a: Enamorus|Moonblast|p2a: Great Tusk\n|-supereffective|p2a: Great Tusk\n|-damage|p2a: Great Tusk|0 fnt\n|faint|p2a: Great Tusk\n|-end|p2a: Great Tusk|Protosynthesis|[silent]\n|\n|upkeep\n|\n|t:|1699854566\n|switch|p2a: Gholdengo|Gholdengo|100\/100\n|turn|15\n|\n|t:|1699854574\n|move|p1a: Enamorus|Mystical Fire|p2a: Gholdengo\n|-supereffective|p2a: Gholdengo\n|-damage|p2a: Gholdengo|40\/100\n|-unboost|p2a: Gholdengo|spa|1\n|move|p2a: Gholdengo|Shadow Ball|p1a: Enamorus\n|-damage|p1a: Enamorus|14\/100\n|\n|upkeep\n|turn|16\n|\n|t:|1699854583\n|move|p1a: Enamorus|Mystical Fire|p2a: Gholdengo\n|-supereffective|p2a: Gholdengo\n|-damage|p2a: Gholdengo|0 fnt\n|faint|p2a: Gholdengo\n|\n|upkeep\n|\n|t:|1699854585\n|switch|p2a: Iron Jugulis|Iron Jugulis|100\/100\n|-enditem|p2a: Iron Jugulis|Booster Energy\n|-activate|p2a: Iron Jugulis|ability: Quark Drive|[fromitem]\n|-start|p2a: Iron Jugulis|quarkdrivespe\n|turn|17\n|\n|t:|1699854593\n|move|p2a: Iron Jugulis|Dark Pulse|p1a: Enamorus\n|-resisted|p1a: Enamorus\n|-damage|p1a: Enamorus|0 fnt\n|faint|p1a: Enamorus\n|\n|upkeep\n|\n|t:|1699854602\n|switch|p1a: Heatran|Heatran, M|55\/100\n|-damage|p1a: Heatran|43\/100|[from] Spikes\n|turn|18\n|\n|t:|1699854606\n|move|p2a: Iron Jugulis|Focus Blast|p1a: Heatran|[miss]\n|-miss|p2a: Iron Jugulis|p1a: Heatran\n|move|p1a: Heatran|Magma Storm|p2a: Iron Jugulis\n|-damage|p2a: Iron Jugulis|51\/100\n|-activate|p2a: Iron Jugulis|move: Magma Storm|[of] p1a: Heatran\n|\n|-heal|p1a: Heatran|49\/100|[from] item: Leftovers\n|-damage|p2a: Iron Jugulis|39\/100|[from] move: Magma Storm|[partiallytrapped]\n|upkeep\n|turn|19\n|\n|t:|1699854617\n|move|p1a: Heatran|Protect|p1a: Heatran\n|-singleturn|p1a: Heatran|Protect\n|move|p2a: Iron Jugulis|Focus Blast|p1a: Heatran\n|-activate|p1a: Heatran|move: Protect\n|\n|-heal|p1a: Heatran|55\/100|[from] item: Leftovers\n|-damage|p2a: Iron Jugulis|26\/100|[from] move: Magma Storm|[partiallytrapped]\n|upkeep\n|turn|20\n|\n|t:|1699854628\n|move|p2a: Iron Jugulis|Focus Blast|p1a: Heatran|[miss]\n|-miss|p2a: Iron Jugulis|p1a: Heatran\n|move|p1a: Heatran|Magma Storm|p2a: Iron Jugulis|[miss]\n|-miss|p1a: Heatran|p2a: Iron Jugulis\n|\n|-heal|p1a: Heatran|61\/100|[from] item: Leftovers\n|-damage|p2a: Iron Jugulis|14\/100|[from] move: Magma Storm|[partiallytrapped]\n|upkeep\n|turn|21\n|\n|t:|1699854637\n|move|p1a: Heatran|Protect|p1a: Heatran\n|-singleturn|p1a: Heatran|Protect\n|move|p2a: Iron Jugulis|Dark Pulse|p1a: Heatran\n|-activate|p1a: Heatran|move: Protect\n|\n|-heal|p1a: Heatran|68\/100|[from] item: Leftovers\n|-damage|p2a: Iron Jugulis|1\/100|[from] move: Magma Storm|[partiallytrapped]\n|upkeep\n|turn|22\n|\n|t:|1699854647\n|move|p2a: Iron Jugulis|Dark Pulse|p1a: Heatran\n|-damage|p1a: Heatran|43\/100\n|move|p1a: Heatran|Stealth Rock|p2a: Iron Jugulis\n|-sidestart|p2: eelektrik funeral|move: Stealth Rock\n|\n|-heal|p1a: Heatran|49\/100|[from] item: Leftovers\n|-end|p2a: Iron Jugulis|Magma Storm|[partiallytrapped]\n|upkeep\n|turn|23\n|\n|t:|1699854659\n|move|p1a: Heatran|Protect|p1a: Heatran\n|-singleturn|p1a: Heatran|Protect\n|move|p2a: Iron Jugulis|Focus Blast|p1a: Heatran\n|-activate|p1a: Heatran|move: Protect\n|\n|-heal|p1a: Heatran|55\/100|[from] item: Leftovers\n|upkeep\n|turn|24\n|\n|t:|1699854668\n|move|p2a: Iron Jugulis|Focus Blast|p1a: Heatran\n|-supereffective|p1a: Heatran\n|-damage|p1a: Heatran|2\/100\n|move|p1a: Heatran|Magma Storm|p2a: Iron Jugulis\n|-damage|p2a: Iron Jugulis|0 fnt\n|faint|p2a: Iron Jugulis\n|-end|p2a: Iron Jugulis|Quark Drive|[silent]\n|\n|-heal|p1a: Heatran|8\/100|[from] item: Leftovers\n|upkeep\n|\n|t:|1699854672\n|switch|p2a: Dragapult|Dragapult, M|100\/100\n|-damage|p2a: Dragapult|88\/100|[from] Stealth Rock\n|turn|25\n|c|\u2606eelektrik funeral|gg\n|\n|t:|1699854681\n|-terastallize|p2a: Dragapult|Water\n|move|p2a: Dragapult|Hydro Pump|p1a: Heatran|[miss]\n|-miss|p2a: Dragapult|p1a: Heatran\n|move|p1a: Heatran|Magma Storm|p2a: Dragapult\n|-resisted|p2a: Dragapult\n|-damage|p2a: Dragapult|61\/100\n|-activate|p2a: Dragapult|move: Magma Storm|[of] p1a: Heatran\n|\n|-heal|p1a: Heatran|14\/100|[from] item: Leftovers\n|-damage|p2a: Dragapult|48\/100|[from] move: Magma Storm|[partiallytrapped]\n|upkeep\n|turn|26\n|-message|eelektrik funeral forfeited.\n|\n|win|RR_Uzui\n|raw|RR_Uzui's rating: 1615 &rarr; <strong>1632<\/strong><br \/>(+17 for winning)\n|raw|eelektrik funeral's rating: 1556 &rarr; <strong>1539<\/strong><br \/>(-17 for losing)\n|l|\u2606eelektrik funeral\n","uploadtime":1699854689,"views":12,"p1id":"rruzui","p2id":"eelektrikfuneral","formatid":"gen9ou","rating":1539,"private":0,"password":""}