{"id":"gen9ou-1988411551","p1":"theplayerwasbested","p2":"ThePlayerBuster","format":"[Gen 9] OU","log":"|j|\u2606theplayerwasbested\n|j|\u2606ThePlayerBuster\n|t:|1699720033\n|gametype|singles\n|player|p1|theplayerwasbested|265|\n|player|p2|ThePlayerBuster|dawn|\n|teamsize|p1|6\n|teamsize|p2|6\n|gen|9\n|tier|[Gen 9] OU\n|rule|Sleep Clause Mod: Limit one foe put to sleep\n|rule|Species Clause: Limit one of each Pok\u00e9mon\n|rule|OHKO Clause: OHKO moves are banned\n|rule|Evasion Items Clause: Evasion items are banned\n|rule|Evasion Moves Clause: Evasion moves are banned\n|rule|Endless Battle Clause: Forcing endless battles is banned\n|rule|HP Percentage Mod: HP is shown in percentages\n|clearpoke\n|poke|p1|Kingambit, F|\n|poke|p1|Glimmora, F|\n|poke|p1|Zamazenta-*|\n|poke|p1|Iron Valiant|\n|poke|p1|Iron Moth|\n|poke|p1|Ogerpon-Wellspring, F|\n|poke|p2|Rillaboom, F|\n|poke|p2|Ogerpon-Wellspring, F|\n|poke|p2|Sneasler, M|\n|poke|p2|Cinderace, M|\n|poke|p2|Garganacl, M|\n|poke|p2|Gliscor, M|\n|teampreview\n|inactive|Battle timer is ON: inactive players will automatically lose when time's up. (requested by ThePlayerBuster)\n|c|\u2606ThePlayerBuster|full aids\n|inactive|theplayerwasbested has 270 seconds left.\n|inactive|ThePlayerBuster has 270 seconds left.\n|inactive|theplayerwasbested has 240 seconds left.\n|inactive|theplayerwasbested has 210 seconds left.\n|\n|t:|1699720138\n|start\n|switch|p1a: Glimmora|Glimmora, F|100\/100\n|switch|p2a: Gliscor|Gliscor, M|100\/100\n|turn|1\n|inactive|ThePlayerBuster has 270 seconds left.\n|\n|t:|1699720171\n|move|p1a: Glimmora|Stealth Rock|p2a: Gliscor\n|-sidestart|p2: ThePlayerBuster|move: Stealth Rock\n|move|p2a: Gliscor|Earthquake|p1a: Glimmora\n|-supereffective|p1a: Glimmora\n|-enditem|p1a: Glimmora|Focus Sash\n|-damage|p1a: Glimmora|1\/100\n|-activate|p1a: Glimmora|ability: Toxic Debris\n|-sidestart|p2: ThePlayerBuster|move: Toxic Spikes\n|\n|-status|p2a: Gliscor|tox|[from] item: Toxic Orb\n|upkeep\n|turn|2\n|\n|t:|1699720191\n|move|p1a: Glimmora|Power Gem|p2a: Gliscor\n|-damage|p2a: Gliscor|52\/100 tox\n|move|p2a: Gliscor|U-turn|p1a: Glimmora\n|-resisted|p1a: Glimmora\n|-damage|p1a: Glimmora|0 fnt\n|-activate|p1a: Glimmora|ability: Toxic Debris\n|-sidestart|p2: ThePlayerBuster|move: Toxic Spikes\n|faint|p1a: Glimmora\n|inactive|ThePlayerBuster has 270 seconds left.\n|\n|t:|1699720204\n|switch|p2a: Cinderace|Cinderace, M|100\/100|[from] U-turn\n|\n|upkeep\n|j| BloxyWasTaken\n|inactive|theplayerwasbested has 240 seconds left.\n|\n|t:|1699720229\n|switch|p1a: Iron Moth|Iron Moth|100\/100\n|-enditem|p1a: Iron Moth|Booster Energy\n|-activate|p1a: Iron Moth|ability: Quark Drive|[fromitem]\n|-start|p1a: Iron Moth|quarkdrivespe\n|turn|3\n|c| BloxyWasTaken|hello besties\n|inactive|theplayerwasbested has 240 seconds left.\n|j| California boys\n|inactive|ThePlayerBuster has 270 seconds left.\n|\n|t:|1699720254\n|move|p1a: Iron Moth|Substitute|p1a: Iron Moth\n|-start|p1a: Iron Moth|Substitute\n|-damage|p1a: Iron Moth|76\/100\n|move|p2a: Cinderace|Court Change|p2a: Cinderace\n|-swapsideconditions\n|-activate|p2a: Cinderace|move: Court Change\n|\n|upkeep\n|turn|4\n|inactive|ThePlayerBuster has 270 seconds left.\n|inactive|theplayerwasbested has 240 seconds left.\n|c|\u2606ThePlayerBuster|im unaware\n|inactive|ThePlayerBuster has 240 seconds left.\n|\n|t:|1699720298\n|move|p1a: Iron Moth|Sludge Wave|p2a: Cinderace\n|-damage|p2a: Cinderace|45\/100\n|move|p2a: Cinderace|U-turn|p1a: Iron Moth\n|-resisted|p1a: Iron Moth\n|-activate|p1a: Iron Moth|move: Substitute|[damage]\n|\n|t:|1699720304\n|switch|p2a: Gliscor|Gliscor, M|52\/100 tox|[from] U-turn\n|\n|-heal|p2a: Gliscor|64\/100 tox|[from] ability: Poison Heal\n|upkeep\n|turn|5\n|\n|t:|1699720312\n|move|p2a: Gliscor|Protect|p2a: Gliscor\n|-singleturn|p2a: Gliscor|Protect\n|move|p1a: Iron Moth|Dazzling Gleam|p2a: Gliscor\n|-activate|p2a: Gliscor|move: Protect\n|\n|-heal|p2a: Gliscor|77\/100 tox|[from] ability: Poison Heal\n|upkeep\n|turn|6\n|\n|t:|1699720318\n|move|p1a: Iron Moth|Fiery Dance|p2a: Gliscor\n|-damage|p2a: Gliscor|31\/100 tox\n|-boost|p1a: Iron Moth|spa|1\n|move|p2a: Gliscor|Earthquake|p1a: Iron Moth\n|-supereffective|p1a: Iron Moth\n|-end|p1a: Iron Moth|Substitute\n|\n|-heal|p2a: Gliscor|43\/100 tox|[from] ability: Poison Heal\n|upkeep\n|turn|7\n|\n|t:|1699720326\n|move|p2a: Gliscor|Protect|p2a: Gliscor\n|-singleturn|p2a: Gliscor|Protect\n|move|p1a: Iron Moth|Fiery Dance|p2a: Gliscor\n|-activate|p2a: Gliscor|move: Protect\n|\n|-heal|p2a: Gliscor|56\/100 tox|[from] ability: Poison Heal\n|upkeep\n|turn|8\n|\n|t:|1699720329\n|move|p1a: Iron Moth|Fiery Dance|p2a: Gliscor\n|-damage|p2a: Gliscor|0 fnt\n|-boost|p1a: Iron Moth|spa|1\n|faint|p2a: Gliscor\n|\n|upkeep\n|inactive|ThePlayerBuster has 270 seconds left.\n|c|\u2606ThePlayerBuster|misclick\n|c|\u2606ThePlayerBuster|i lost\n|c| California boys|double boost is hilarious\n|\n|t:|1699720352\n|switch|p2a: Ogerpon|Ogerpon-Wellspring, F|100\/100\n|turn|9\n|\n|t:|1699720357\n|-terastallize|p2a: Ogerpon|Water\n|detailschange|p2a: Ogerpon|Ogerpon-Wellspring-Tera, F, tera:Water\n|-ability|p2a: Ogerpon|Embody Aspect (Wellspring)|boost\n|-boost|p2a: Ogerpon|spd|1\n|move|p1a: Iron Moth|Substitute|p1a: Iron Moth\n|-start|p1a: Iron Moth|Substitute\n|-damage|p1a: Iron Moth|51\/100\n|move|p2a: Ogerpon|Ivy Cudgel|p1a: Iron Moth\n|-supereffective|p1a: Iron Moth\n|-end|p1a: Iron Moth|Substitute\n|\n|upkeep\n|turn|10\n|inactive|ThePlayerBuster has 270 seconds left.\n|\n|t:|1699720371\n|move|p1a: Iron Moth|Sludge Wave|p2a: Ogerpon\n|-damage|p2a: Ogerpon|19\/100\n|move|p2a: Ogerpon|Ivy Cudgel|p1a: Iron Moth\n|-supereffective|p1a: Iron Moth\n|-damage|p1a: Iron Moth|0 fnt\n|faint|p1a: Iron Moth\n|-end|p1a: Iron Moth|Quark Drive|[silent]\n|\n|upkeep\n|\n|t:|1699720381\n|switch|p1a: Zamazenta|Zamazenta, shiny|100\/100\n|-damage|p1a: Zamazenta|94\/100|[from] Stealth Rock\n|-status|p1a: Zamazenta|tox\n|-ability|p1a: Zamazenta|Dauntless Shield|boost\n|-boost|p1a: Zamazenta|def|1\n|turn|11\n|c| BloxyWasTaken|cock\n|inactive|ThePlayerBuster has 270 seconds left.\n|c| California boys|zama is cteam of the century\n|\n|t:|1699720408\n|move|p1a: Zamazenta|Body Press|p2a: Ogerpon\n|-damage|p2a: Ogerpon|0 fnt\n|faint|p2a: Ogerpon\n|\n|-heal|p1a: Zamazenta|100\/100 tox|[from] item: Leftovers\n|-damage|p1a: Zamazenta|94\/100 tox|[from] psn\n|upkeep\n|inactive|ThePlayerBuster has 240 seconds left.\n|\n|t:|1699720433\n|switch|p2a: Rillaboom|Rillaboom, F|100\/100\n|-fieldstart|move: Grassy Terrain|[from] ability: Grassy Surge|[of] p2a: Rillaboom\n|turn|12\n|c|\u2606ThePlayerBuster|he's not ready for the tech\n|\n|t:|1699720451\n|move|p1a: Zamazenta|Body Press|p2a: Rillaboom\n|-damage|p2a: Rillaboom|42\/100\n|move|p2a: Rillaboom|U-turn|p1a: Zamazenta\n|-resisted|p1a: Zamazenta\n|-damage|p1a: Zamazenta|87\/100 tox\n|inactive|ThePlayerBuster has 240 seconds left.\n|c| BloxyWasTaken|player aint got no tech\n|c| California boys|imagine  if this was hdb\n|\n|t:|1699720492\n|switch|p2a: Garganacl|Garganacl, M|100\/100|[from] U-turn\n|\n|-heal|p1a: Zamazenta|93\/100 tox|[from] Grassy Terrain\n|-heal|p1a: Zamazenta|99\/100 tox|[from] item: Leftovers\n|-damage|p1a: Zamazenta|87\/100 tox|[from] psn\n|upkeep\n|turn|13\n|inactive|ThePlayerBuster has 210 seconds left.\n|c|\u2606ThePlayerBuster|counter\n|inactive|theplayerwasbested has 270 seconds left.\n|inactive|theplayerwasbested has 240 seconds left.\n|c|\u2606ThePlayerBuster|actual cteam of the century lowkey\n|c|\u2606ThePlayerBuster|look at taht\n|c|\u2606ThePlayerBuster|that\n|inactive|theplayerwasbested has 210 seconds left.\n|c|\u2606ThePlayerBuster|someone send me vert's team\n|c|\u2606ThePlayerBuster|this one sucks\n|c| California boys|kk\n|c|\u2606ThePlayerBuster|pokeaimmd's not pregnant\n|c|\u2606ThePlayerBuster|so he always fails to deliver\n|c|\u2606ThePlayerBuster|ty spoon\n|inactive|theplayerwasbested has 180 seconds left.\n|c| California boys|:skull:\n|c| California boys|blunder used it i think\n|c|\u2606ThePlayerBuster|yeah\n|c| BloxyWasTaken|skull\n|c|\u2606ThePlayerBuster|where do you get blunders\n|inactive|theplayerwasbested has 150 seconds left.\n|c|\u2606ThePlayerBuster|he used vert's but with mr tophaty\n|inactive|theplayerwasbested has 120 seconds left.\n|c| California boys|i usually dont use blunder aim teams\n|c| BloxyWasTaken|fr player down bad\n|\n|t:|1699720697\n|move|p1a: Zamazenta|Body Press|p2a: Garganacl\n|-supereffective|p2a: Garganacl\n|-damage|p2a: Garganacl|42\/100\n|move|p2a: Garganacl|Salt Cure|p1a: Zamazenta\n|-resisted|p1a: Zamazenta\n|-damage|p1a: Zamazenta|83\/100 tox\n|-start|p1a: Zamazenta|Salt Cure\n|\n|-heal|p1a: Zamazenta|89\/100 tox|[from] Grassy Terrain\n|-heal|p1a: Zamazenta|95\/100 tox|[from] item: Leftovers\n|-heal|p2a: Garganacl|48\/100|[from] Grassy Terrain\n|-heal|p2a: Garganacl|54\/100|[from] item: Leftovers\n|-damage|p1a: Zamazenta|76\/100 tox|[from] psn\n|-damage|p1a: Zamazenta|64\/100 tox|[from] Salt Cure\n|upkeep\n|turn|14\n|\n|t:|1699720711\n|switch|p2a: Sneasler|Sneasler, M|100\/100\n|-enditem|p2a: Sneasler|Grassy Seed\n|-boost|p2a: Sneasler|def|1|[from] item: Grassy Seed\n|move|p1a: Zamazenta|Body Press|p2a: Sneasler\n|-resisted|p2a: Sneasler\n|-damage|p2a: Sneasler|71\/100\n|\n|-heal|p2a: Sneasler|77\/100|[from] Grassy Terrain\n|-heal|p1a: Zamazenta|70\/100 tox|[from] Grassy Terrain\n|-heal|p1a: Zamazenta|76\/100 tox|[from] item: Leftovers\n|-damage|p1a: Zamazenta|52\/100 tox|[from] psn\n|-damage|p1a: Zamazenta|40\/100 tox|[from] Salt Cure\n|upkeep\n|turn|15\n|c| California boys|ayo\n|inactive|theplayerwasbested has 90 seconds left.\n|\n|t:|1699720734\n|move|p2a: Sneasler|Swords Dance|p2a: Sneasler\n|-boost|p2a: Sneasler|atk|2\n|move|p1a: Zamazenta|Stone Edge|p2a: Sneasler\n|-resisted|p2a: Sneasler\n|-damage|p2a: Sneasler|56\/100\n|\n|-heal|p2a: Sneasler|62\/100|[from] Grassy Terrain\n|-heal|p1a: Zamazenta|46\/100 tox|[from] Grassy Terrain\n|-heal|p1a: Zamazenta|52\/100 tox|[from] item: Leftovers\n|-damage|p1a: Zamazenta|21\/100 tox|[from] psn\n|-damage|p1a: Zamazenta|9\/100 tox|[from] Salt Cure\n|upkeep\n|turn|16\n|\n|t:|1699720745\n|move|p2a: Sneasler|Shadow Claw|p1a: Zamazenta\n|-damage|p1a: Zamazenta|0 fnt\n|faint|p1a: Zamazenta\n|\n|-heal|p2a: Sneasler|68\/100|[from] Grassy Terrain\n|upkeep\n|\n|t:|1699720750\n|switch|p1a: Kingambit|Kingambit, F|100\/100\n|-damage|p1a: Kingambit|94\/100|[from] Stealth Rock\n|-activate|p1a: Kingambit|ability: Supreme Overlord\n|-start|p1a: Kingambit|fallen3|[silent]\n|turn|17\n|c| BloxyWasTaken|tera ghost\n|c| BloxyWasTaken|ngl\n|inactive|ThePlayerBuster has 180 seconds left.\n|c| BloxyWasTaken|show the tech\n|\n|t:|1699720780\n|-terastallize|p1a: Kingambit|Flying\n|move|p1a: Kingambit|Sucker Punch|p2a: Sneasler\n|-resisted|p2a: Sneasler\n|-damage|p2a: Sneasler|29\/100\n|move|p2a: Sneasler|Close Combat|p1a: Kingambit\n|-resisted|p1a: Kingambit\n|-damage|p1a: Kingambit|33\/100\n|-unboost|p2a: Sneasler|def|1\n|-unboost|p2a: Sneasler|spd|1\n|\n|-heal|p2a: Sneasler|35\/100|[from] Grassy Terrain\n|upkeep\n|turn|18\n|c| BloxyWasTaken|bad\n|inactive|ThePlayerBuster has 180 seconds left.\n|c| BloxyWasTaken|unbased\n|c|\u2606ThePlayerBuster|he's like that\n|inactive|theplayerwasbested has 90 seconds left.\n|inactive|ThePlayerBuster has 150 seconds left.\n|\n|t:|1699720825\n|move|p2a: Sneasler|Swords Dance|p2a: Sneasler\n|-boost|p2a: Sneasler|atk|2\n|move|p1a: Kingambit|Iron Head|p2a: Sneasler\n|-damage|p2a: Sneasler|0 fnt\n|faint|p2a: Sneasler\n|\n|upkeep\n|inactive|ThePlayerBuster has 150 seconds left.\n|c| BloxyWasTaken|WIN\n|\n|t:|1699720831\n|switch|p2a: Garganacl|Garganacl, M|54\/100\n|turn|19\n|c| BloxyWasTaken|player finished\n|c| BloxyWasTaken|ngl\n|inactive|theplayerwasbested has 90 seconds left.\n|c|\u2606ThePlayerBuster|i blame the doctor\n|\n|t:|1699720847\n|move|p1a: Kingambit|Iron Head|p2a: Garganacl\n|-supereffective|p2a: Garganacl\n|-damage|p2a: Garganacl|0 fnt\n|faint|p2a: Garganacl\n|\n|-fieldend|move: Grassy Terrain\n|upkeep\n|\n|t:|1699720853\n|switch|p2a: Rillaboom|Rillaboom, F|42\/100\n|-fieldstart|move: Grassy Terrain|[from] ability: Grassy Surge|[of] p2a: Rillaboom\n|turn|20\n|c| BloxyWasTaken|brother\n|c| BloxyWasTaken|top 10 throw\n|inactive|theplayerwasbested has 90 seconds left.\n|c|\u2606ThePlayerBuster|?\n|c|\u2606ThePlayerBuster|he cteamed\n|c|\u2606ThePlayerBuster|look\n|c|\u2606ThePlayerBuster|blind\n|\n|t:|1699720873\n|move|p2a: Rillaboom|Swords Dance|p2a: Rillaboom\n|-boost|p2a: Rillaboom|atk|2\n|move|p1a: Kingambit|Kowtow Cleave|p2a: Rillaboom\n|-damage|p2a: Rillaboom|0 fnt\n|faint|p2a: Rillaboom\n|\n|upkeep\n|\n|t:|1699720877\n|switch|p2a: Cinderace|Cinderace, M|45\/100\n|turn|21\n|c| BloxyWasTaken|lmaoo\n|c| California boys|crazy read ngl\n|c| California boys|that was super important too\n|c|\u2606ThePlayerBuster|i can't do anything sigh\n|c| BloxyWasTaken|brothers a book\n|c| BloxyWasTaken|ngl\n|c|\u2606ThePlayerBuster|grassy didn't kill\n|c|\u2606ThePlayerBuster|without sd\n|inactive|ThePlayerBuster has 150 seconds left.\n|c|\u2606ThePlayerBuster|bloxy's ur 12\n|c|\u2606ThePlayerBuster|bloxy\n|c| California boys|yea you had to click sd ngl\n|\n|t:|1699720915\n|move|p1a: Kingambit|Sucker Punch||[still]\n|-fail|p1a: Kingambit\n|move|p2a: Cinderace|Will-O-Wisp|p1a: Kingambit\n|-status|p1a: Kingambit|brn\n|\n|-heal|p2a: Cinderace|51\/100|[from] Grassy Terrain\n|-damage|p1a: Kingambit|27\/100 brn|[from] brn\n|upkeep\n|turn|22\n|c|\u2606ThePlayerBuster|relax\n|c| BloxyWasTaken|you lost to a 12\n|inactive|ThePlayerBuster has 150 seconds left.\n|inactive|theplayerwasbested has 90 seconds left.\n|\n|t:|1699720930\n|move|p2a: Cinderace|Pyro Ball|p1a: Kingambit\n|-damage|p1a: Kingambit|0 fnt\n|faint|p1a: Kingambit\n|-end|p1a: Kingambit|fallen3|[silent]\n|\n|-heal|p2a: Cinderace|57\/100|[from] Grassy Terrain\n|upkeep\n|c|\u2606ThePlayerBuster|BECAUSE THIS TEAM SUCKS\n|c|\u2606ThePlayerBuster|GG\n|inactive|theplayerwasbested has 90 seconds left.\n|\n|t:|1699720939\n|switch|p1a: Iron Valiant|Iron Valiant|100\/100\n|-damage|p1a: Iron Valiant|94\/100|[from] Stealth Rock\n|-status|p1a: Iron Valiant|tox\n|-enditem|p1a: Iron Valiant|Booster Energy\n|-activate|p1a: Iron Valiant|ability: Quark Drive|[fromitem]\n|-start|p1a: Iron Valiant|quarkdrivespe\n|turn|23\n|c| California boys|if you crit you can win ngl\n|\n|t:|1699720945\n|move|p1a: Iron Valiant|Psyshock|p2a: Cinderace\n|-damage|p2a: Cinderace|23\/100\n|move|p2a: Cinderace|Pyro Ball|p1a: Iron Valiant\n|-damage|p1a: Iron Valiant|0 fnt\n|faint|p1a: Iron Valiant\n|-end|p1a: Iron Valiant|Quark Drive|[silent]\n|\n|-heal|p2a: Cinderace|29\/100|[from] Grassy Terrain\n|upkeep\n|\n|t:|1699720953\n|switch|p1a: Ogerpon|Ogerpon-Wellspring, F|100\/100\n|-damage|p1a: Ogerpon|88\/100|[from] Stealth Rock\n|-status|p1a: Ogerpon|tox\n|turn|24\n|\n|t:|1699720966\n|move|p2a: Cinderace|Pyro Ball|p1a: Ogerpon\n|-damage|p1a: Ogerpon|0 fnt\n|faint|p1a: Ogerpon\n|\n|win|ThePlayerBuster\n|c| BloxyWasTaken|WTF\n|c|\u2606ThePlayerBuster|im the goat\n|c|\u2606ThePlayerBuster|sit\n|c|\u2606ThePlayerBuster|just better\n|c|\u2606ThePlayerBuster|too easy\n|c|\u2606ThePlayerBuster|bloxy\n|c|\u2606ThePlayerBuster|stfu\n|c| California boys|LOL\n|c|\u2606ThePlayerBuster|never talk again\n|c|\u2606ThePlayerBuster|cuck\n|c| BloxyWasTaken|mud how are you this bad\n|l|\u2606theplayerwasbested\n|c|\u2606ThePlayerBuster|lmfao\n|c|\u2606ThePlayerBuster|LOL\n|c|\u2606ThePlayerBuster|he left\n|c|\u2606ThePlayerBuster|this is 0 attack cinderace\n|c|\u2606ThePlayerBuster|as well\n|c| BloxyWasTaken|what evs is the ogerporn\n|c| BloxyWasTaken|and ivs\n|c|\u2606ThePlayerBuster|he's running -def\n|c|\u2606ThePlayerBuster|my goat mud\n|l| BloxyWasTaken\n|l|\u2606ThePlayerBuster\n","uploadtime":1699721106,"views":19,"p1id":"theplayerwasbested","p2id":"theplayerbuster","formatid":"gen9ou","rating":0,"private":0,"password":""}