{"id":"gen9ou-1990934593","p1":"PeterGriffinOnline","p2":"meatrub","format":"[Gen 9] OU","log":"|j|\u2606PeterGriffinOnline\n|j|\u2606meatrub\n|t:|1700016891\n|gametype|singles\n|player|p1|PeterGriffinOnline|boarder|1139\n|player|p2|meatrub|swimmer-gen4|1240\n|teamsize|p1|6\n|teamsize|p2|6\n|gen|9\n|tier|[Gen 9] OU\n|rated|\n|rule|Sleep Clause Mod: Limit one foe put to sleep\n|rule|Species Clause: Limit one of each Pok\u00e9mon\n|rule|OHKO Clause: OHKO moves are banned\n|rule|Evasion Items Clause: Evasion items are banned\n|rule|Evasion Moves Clause: Evasion moves are banned\n|rule|Endless Battle Clause: Forcing endless battles is banned\n|rule|HP Percentage Mod: HP is shown in percentages\n|clearpoke\n|poke|p1|Rillaboom, M|\n|poke|p1|Greninja-*, M|\n|poke|p1|Sneasler, M|\n|poke|p1|Slowking-Galar, M|\n|poke|p1|Heatran, M|\n|poke|p1|Great Tusk|\n|poke|p2|Torkoal, F|\n|poke|p2|Brute Bonnet|\n|poke|p2|Great Tusk|\n|poke|p2|Walking Wake|\n|poke|p2|Ceruledge, F|\n|poke|p2|Hatterene, F|\n|teampreview\n|inactive|Battle timer is ON: inactive players will automatically lose when time's up. (requested by meatrub)\n|\n|t:|1700016900\n|start\n|switch|p1a: Heatran|Heatran, M, shiny|100\/100\n|switch|p2a: Torkoal|Torkoal, F|100\/100\n|-weather|SunnyDay|[from] ability: Drought|[of] p2a: Torkoal\n|turn|1\n|\n|t:|1700016915\n|switch|p2a: Hatterene|Hatterene, F|100\/100\n|move|p1a: Heatran|Magma Storm|p2a: Hatterene\n|-damage|p2a: Hatterene|20\/100\n|-activate|p2a: Hatterene|move: Magma Storm|[of] p1a: Heatran\n|-enditem|p2a: Hatterene|Eject Button\n|\n|t:|1700016922\n|switch|p2a: Walking Wake|Walking Wake|100\/100\n|-activate|p2a: Walking Wake|ability: Protosynthesis\n|-start|p2a: Walking Wake|protosynthesisspe\n|\n|-weather|SunnyDay|[upkeep]\n|upkeep\n|turn|2\n|\n|t:|1700016933\n|-terastallize|p1a: Heatran|Fairy\n|move|p2a: Walking Wake|Hydro Steam|p1a: Heatran\n|-damage|p1a: Heatran|10\/100\n|move|p1a: Heatran|Tera Blast|p2a: Walking Wake|[anim] Tera Blast Fairy\n|-supereffective|p2a: Walking Wake\n|-damage|p2a: Walking Wake|4\/100\n|\n|-weather|SunnyDay|[upkeep]\n|upkeep\n|turn|3\n|\n|t:|1700016943\n|switch|p1a: Slowking|Slowking-Galar, M|100\/100\n|move|p2a: Walking Wake|Hydro Steam|p1a: Slowking\n|-damage|p1a: Slowking|57\/100\n|\n|-weather|SunnyDay|[upkeep]\n|upkeep\n|turn|4\n|\n|t:|1700016952\n|move|p2a: Walking Wake|Hydro Steam|p1a: Slowking\n|-damage|p1a: Slowking|9\/100\n|move|p1a: Slowking|Future Sight|p2a: Walking Wake\n|-start|p1a: Slowking|move: Future Sight\n|\n|-weather|SunnyDay|[upkeep]\n|upkeep\n|turn|5\n|\n|t:|1700016965\n|switch|p1a: Rillaboom|Rillaboom, M|100\/100\n|-fieldstart|move: Grassy Terrain|[from] ability: Grassy Surge|[of] p1a: Rillaboom\n|move|p2a: Walking Wake|Hydro Steam|p1a: Rillaboom\n|-resisted|p1a: Rillaboom\n|-damage|p1a: Rillaboom|45\/100\n|\n|-weather|SunnyDay|[upkeep]\n|-heal|p2a: Walking Wake|10\/100|[from] Grassy Terrain\n|-heal|p1a: Rillaboom|51\/100|[from] Grassy Terrain\n|upkeep\n|turn|6\n|\n|t:|1700016980\n|-end|p2a: Walking Wake|Protosynthesis|[silent]\n|switch|p2a: Brute Bonnet|Brute Bonnet|100\/100\n|-activate|p2a: Brute Bonnet|ability: Protosynthesis\n|-start|p2a: Brute Bonnet|protosynthesisatk\n|move|p1a: Rillaboom|Swords Dance|p1a: Rillaboom\n|-boost|p1a: Rillaboom|atk|2\n|\n|-weather|SunnyDay|[upkeep]\n|-end|p2a: Brute Bonnet|move: Future Sight\n|-immune|p2a: Brute Bonnet\n|-heal|p1a: Rillaboom|57\/100|[from] Grassy Terrain\n|upkeep\n|turn|7\n|\n|t:|1700016997\n|-terastallize|p2a: Brute Bonnet|Fire\n|move|p1a: Rillaboom|U-turn|p2a: Brute Bonnet\n|-resisted|p2a: Brute Bonnet\n|-damage|p2a: Brute Bonnet|77\/100\n|\n|t:|1700017003\n|switch|p1a: Heatran|Heatran, M, shiny, tera:Fairy|10\/100|[from] U-turn\n|move|p2a: Brute Bonnet|Tera Blast|p1a: Heatran|[anim] Tera Blast Fire\n|-start|p1a: Heatran|ability: Flash Fire\n|\n|-weather|SunnyDay|[upkeep]\n|-heal|p1a: Heatran|16\/100|[from] Grassy Terrain\n|-heal|p2a: Brute Bonnet|83\/100|[from] Grassy Terrain\n|upkeep\n|turn|8\n|\n|t:|1700017015\n|move|p2a: Brute Bonnet|Sucker Punch|p1a: Heatran\n|-resisted|p1a: Heatran\n|-damage|p1a: Heatran|0 fnt\n|faint|p1a: Heatran\n|\n|-weather|none\n|-end|p2a: Brute Bonnet|Protosynthesis\n|-heal|p2a: Brute Bonnet|89\/100|[from] Grassy Terrain\n|upkeep\n|\n|t:|1700017024\n|switch|p1a: Great Tusk|Great Tusk|100\/100\n|-enditem|p1a: Great Tusk|Booster Energy\n|-activate|p1a: Great Tusk|ability: Protosynthesis|[fromitem]\n|-start|p1a: Great Tusk|protosynthesisspe\n|turn|9\n|\n|t:|1700017030\n|-end|p2a: Brute Bonnet|Protosynthesis|[silent]\n|switch|p2a: Great Tusk|Great Tusk|100\/100\n|move|p1a: Great Tusk|Headlong Rush|p2a: Great Tusk\n|-damage|p2a: Great Tusk|77\/100\n|-unboost|p1a: Great Tusk|def|1\n|-unboost|p1a: Great Tusk|spd|1\n|\n|-heal|p2a: Great Tusk|83\/100|[from] Grassy Terrain\n|-heal|p2a: Great Tusk|89\/100|[from] item: Leftovers\n|-fieldend|move: Grassy Terrain\n|upkeep\n|turn|10\n|\n|t:|1700017042\n|move|p1a: Great Tusk|Bulk Up|p1a: Great Tusk\n|-boost|p1a: Great Tusk|atk|1\n|-boost|p1a: Great Tusk|def|1\n|move|p2a: Great Tusk|Ice Spinner|p1a: Great Tusk\n|-supereffective|p1a: Great Tusk\n|-damage|p1a: Great Tusk|70\/100\n|\n|-heal|p2a: Great Tusk|95\/100|[from] item: Leftovers\n|upkeep\n|turn|11\n|\n|t:|1700017053\n|move|p1a: Great Tusk|Bulk Up|p1a: Great Tusk\n|-boost|p1a: Great Tusk|atk|1\n|-boost|p1a: Great Tusk|def|1\n|move|p2a: Great Tusk|Bulk Up|p2a: Great Tusk\n|-boost|p2a: Great Tusk|atk|1\n|-boost|p2a: Great Tusk|def|1\n|\n|-heal|p2a: Great Tusk|100\/100|[from] item: Leftovers\n|upkeep\n|turn|12\n|\n|t:|1700017064\n|move|p1a: Great Tusk|Ice Spinner|p2a: Great Tusk\n|-supereffective|p2a: Great Tusk\n|-damage|p2a: Great Tusk|70\/100\n|move|p2a: Great Tusk|Ice Spinner|p1a: Great Tusk\n|-supereffective|p1a: Great Tusk\n|-damage|p1a: Great Tusk|42\/100\n|\n|-heal|p2a: Great Tusk|76\/100|[from] item: Leftovers\n|upkeep\n|turn|13\n|\n|t:|1700017074\n|move|p1a: Great Tusk|Ice Spinner|p2a: Great Tusk\n|-supereffective|p2a: Great Tusk\n|-damage|p2a: Great Tusk|45\/100\n|move|p2a: Great Tusk|Ice Spinner|p1a: Great Tusk\n|-supereffective|p1a: Great Tusk\n|-damage|p1a: Great Tusk|14\/100\n|\n|-heal|p2a: Great Tusk|52\/100|[from] item: Leftovers\n|upkeep\n|turn|14\n|\n|t:|1700017089\n|-end|p1a: Great Tusk|Protosynthesis|[silent]\n|switch|p1a: Rillaboom|Rillaboom, M|57\/100\n|-fieldstart|move: Grassy Terrain|[from] ability: Grassy Surge|[of] p1a: Rillaboom\n|move|p2a: Great Tusk|Bulk Up|p2a: Great Tusk\n|-boost|p2a: Great Tusk|atk|1\n|-boost|p2a: Great Tusk|def|1\n|\n|-heal|p2a: Great Tusk|58\/100|[from] Grassy Terrain\n|-heal|p2a: Great Tusk|64\/100|[from] item: Leftovers\n|-heal|p1a: Rillaboom|63\/100|[from] Grassy Terrain\n|upkeep\n|turn|15\n|\n|t:|1700017102\n|move|p1a: Rillaboom|Grassy Glide|p2a: Great Tusk\n|-supereffective|p2a: Great Tusk\n|-damage|p2a: Great Tusk|43\/100\n|move|p2a: Great Tusk|Ice Spinner|p1a: Rillaboom\n|-supereffective|p1a: Rillaboom\n|-damage|p1a: Rillaboom|0 fnt\n|-fieldend|move: Grassy Terrain\n|faint|p1a: Rillaboom\n|\n|-heal|p2a: Great Tusk|50\/100|[from] item: Leftovers\n|upkeep\n|\n|t:|1700017106\n|switch|p1a: Greninja|Greninja, M|100\/100\n|turn|16\n|\n|t:|1700017128\n|-end|p2a: Great Tusk|Protosynthesis|[silent]\n|switch|p2a: Ceruledge|Ceruledge, F|100\/100\n|move|p1a: Greninja|Surf|p2a: Ceruledge\n|-supereffective|p2a: Ceruledge\n|-enditem|p2a: Ceruledge|Focus Sash\n|-damage|p2a: Ceruledge|1\/100\n|-damage|p1a: Greninja|91\/100|[from] item: Life Orb\n|\n|upkeep\n|turn|17\n|\n|t:|1700017138\n|move|p2a: Ceruledge|Shadow Sneak|p1a: Greninja\n|-resisted|p1a: Greninja\n|-damage|p1a: Greninja|75\/100\n|move|p1a: Greninja|Surf|p2a: Ceruledge\n|-supereffective|p2a: Ceruledge\n|-crit|p2a: Ceruledge\n|-damage|p2a: Ceruledge|0 fnt\n|faint|p2a: Ceruledge\n|-ability|p1a: Greninja|Battle Bond|boost\n|-boost|p1a: Greninja|atk|1\n|-boost|p1a: Greninja|spa|1\n|-boost|p1a: Greninja|spe|1\n|-activate|p1a: Greninja|ability: Battle Bond\n|-damage|p1a: Greninja|65\/100|[from] item: Life Orb\n|\n|upkeep\n|inactive|meatrub has 120 seconds left.\n|\n|t:|1700017156\n|switch|p2a: Torkoal|Torkoal, F|100\/100\n|-weather|SunnyDay|[from] ability: Drought|[of] p2a: Torkoal\n|turn|18\n|inactive|meatrub has 120 seconds left.\n|\n|t:|1700017167\n|move|p1a: Greninja|Surf|p2a: Torkoal\n|-supereffective|p2a: Torkoal\n|-damage|p2a: Torkoal|0 fnt\n|faint|p2a: Torkoal\n|-damage|p1a: Greninja|56\/100|[from] item: Life Orb\n|\n|-weather|SunnyDay|[upkeep]\n|upkeep\n|inactive|meatrub has 120 seconds left.\n|\n|t:|1700017177\n|switch|p2a: Walking Wake|Walking Wake|10\/100\n|-activate|p2a: Walking Wake|ability: Protosynthesis\n|-start|p2a: Walking Wake|protosynthesisspe\n|turn|19\n|\n|t:|1700017183\n|move|p1a: Greninja|Surf|p2a: Walking Wake\n|-resisted|p2a: Walking Wake\n|-damage|p2a: Walking Wake|0 fnt\n|faint|p2a: Walking Wake\n|-end|p2a: Walking Wake|Protosynthesis|[silent]\n|-damage|p1a: Greninja|46\/100|[from] item: Life Orb\n|\n|-weather|SunnyDay|[upkeep]\n|upkeep\n|-message|meatrub forfeited.\n|\n|win|PeterGriffinOnline\n|raw|PeterGriffinOnline's rating: 1169 &rarr; <strong>1199<\/strong><br \/>(+30 for winning)\n|raw|meatrub's rating: 1240 &rarr; <strong>1210<\/strong><br \/>(-30 for losing)\n|l|\u2606meatrub\n","uploadtime":1700017190,"views":8,"p1id":"petergriffinonline","p2id":"meatrub","formatid":"gen9ou","rating":1199,"private":0,"password":""}