{"id":"gen9ou-1996713974","p1":"GhostMasterMorty","p2":"a_tini_anon","format":"[Gen 9] OU","log":"|j|\u2606GhostMasterMorty\n|j|\u2606a_tini_anon\n|t:|1700713351\n|gametype|singles\n|player|p1|GhostMasterMorty|morty|1087\n|player|p2|a_tini_anon|101|1000\n|teamsize|p1|6\n|teamsize|p2|6\n|gen|9\n|tier|[Gen 9] OU\n|rated|\n|rule|Sleep Clause Mod: Limit one foe put to sleep\n|rule|Species Clause: Limit one of each Pok\u00e9mon\n|rule|OHKO Clause: OHKO moves are banned\n|rule|Evasion Items Clause: Evasion items are banned\n|rule|Evasion Moves Clause: Evasion moves are banned\n|rule|Endless Battle Clause: Forcing endless battles is banned\n|rule|HP Percentage Mod: HP is shown in percentages\n|clearpoke\n|poke|p1|Hawlucha, M|\n|poke|p1|Weezing-Galar, F|\n|poke|p1|Glimmora, M|\n|poke|p1|Magnezone|\n|poke|p1|Corviknight, F|\n|poke|p1|Samurott-Hisui, M|\n|poke|p2|Ribombee, F|\n|poke|p2|Salazzle, F|\n|poke|p2|Decidueye-Hisui, F|\n|poke|p2|Dragapult, M|\n|poke|p2|Maushold-Four|\n|poke|p2|Empoleon, F|\n|teampreview\n|c|\u2606GhostMasterMorty|GLHF\n|\n|t:|1700713362\n|start\n|switch|p1a: Glimmora|Glimmora, M, shiny|100\/100\n|switch|p2a: Ribombee|Ribombee, F|100\/100\n|turn|1\n|\n|t:|1700713369\n|move|p2a: Ribombee|Sticky Web|p1a: Glimmora\n|-sidestart|p1: GhostMasterMorty|move: Sticky Web\n|move|p1a: Glimmora|Ancient Power|p2a: Ribombee\n|-supereffective|p2a: Ribombee\n|-damage|p2a: Ribombee|0 fnt\n|faint|p2a: Ribombee\n|\n|upkeep\n|\n|t:|1700713378\n|switch|p2a: Salazzle|Salazzle, F|100\/100\n|turn|2\n|\n|t:|1700713384\n|switch|p1a: Weezing|Weezing-Galar, F|100\/100\n|-activate|p1a: Weezing|move: Sticky Web\n|-unboost|p1a: Weezing|spe|1\n|-fieldstart|move: Misty Terrain|[from] ability: Misty Surge|[of] p1a: Weezing\n|-terastallize|p2a: Salazzle|Normal\n|move|p2a: Salazzle|Toxic Spikes|p1a: Weezing\n|-sidestart|p1: GhostMasterMorty|move: Toxic Spikes\n|\n|upkeep\n|turn|3\n|\n|t:|1700713400\n|switch|p1a: Glimmora|Glimmora, M, shiny|100\/100\n|-activate|p1a: Glimmora|move: Sticky Web\n|-unboost|p1a: Glimmora|spe|1\n|-sideend|p1: GhostMasterMorty|move: Toxic Spikes|[of] p1a: Glimmora\n|move|p2a: Salazzle|Toxic Spikes|p1a: Glimmora\n|-sidestart|p1: GhostMasterMorty|move: Toxic Spikes\n|\n|upkeep\n|turn|4\n|\n|t:|1700713409\n|move|p1a: Glimmora|Ancient Power|p2a: Salazzle\n|-damage|p2a: Salazzle|51\/100\n|move|p2a: Salazzle|Dragon Tail|p1a: Glimmora\n|-damage|p1a: Glimmora|96\/100\n|-activate|p1a: Glimmora|ability: Toxic Debris\n|-sidestart|p2: a_tini_anon|move: Toxic Spikes\n|drag|p1a: Weezing|Weezing-Galar, F|100\/100\n|-activate|p1a: Weezing|move: Sticky Web\n|-unboost|p1a: Weezing|spe|1\n|-sideend|p1: GhostMasterMorty|move: Toxic Spikes|[of] p1a: Weezing\n|\n|-heal|p2a: Salazzle|57\/100|[from] item: Leftovers\n|upkeep\n|turn|5\n|\n|t:|1700713426\n|switch|p2a: Decidueye|Decidueye-Hisui, F|100\/100\n|switch|p1a: Corviknight|Corviknight, F|100\/100\n|-ability|p1a: Corviknight|Pressure\n|\n|upkeep\n|turn|6\n|inactive|Battle timer is ON: inactive players will automatically lose when time's up. (requested by GhostMasterMorty)\n|\n|t:|1700713444\n|move|p1a: Corviknight|Tailwind|p1a: Corviknight\n|-sidestart|p1: GhostMasterMorty|move: Tailwind\n|move|p2a: Decidueye|Shadow Claw|p1a: Corviknight\n|-damage|p1a: Corviknight|86\/100\n|\n|-fieldend|Misty Terrain\n|upkeep\n|turn|7\n|\n|t:|1700713454\n|move|p1a: Corviknight|Defog|p2a: Decidueye\n|-unboost|p2a: Decidueye|evasion|1\n|-sideend|p2: a_tini_anon|Toxic Spikes|[from] move: Defog|[of] p1a: Corviknight\n|-sideend|p1: GhostMasterMorty|Sticky Web|[from] move: Defog|[of] p1a: Corviknight\n|move|p2a: Decidueye|Triple Arrows|p1a: Corviknight\n|-damage|p1a: Corviknight|57\/100\n|-unboost|p1a: Corviknight|def|1\n|\n|upkeep\n|turn|8\n|\n|t:|1700713475\n|switch|p1a: Weezing|Weezing-Galar, F|100\/100\n|-fieldstart|move: Misty Terrain|[from] ability: Misty Surge|[of] p1a: Weezing\n|switch|p2a: Empoleon|Empoleon, F|100\/100\n|\n|upkeep\n|turn|9\n|\n|t:|1700713486\n|switch|p1a: Magnezone|Magnezone|100\/100\n|move|p2a: Empoleon|Liquidation|p1a: Magnezone\n|-damage|p1a: Magnezone|77\/100\n|\n|-heal|p1a: Magnezone|83\/100|[from] item: Leftovers\n|-sideend|p1: GhostMasterMorty|move: Tailwind\n|upkeep\n|turn|10\n|c|\u2606GhostMasterMorty|Youuu can't switch ooooout\n|\n|t:|1700713504\n|move|p1a: Magnezone|Discharge|p2a: Empoleon\n|-supereffective|p2a: Empoleon\n|-damage|p2a: Empoleon|38\/100\n|move|p2a: Empoleon|Roar|p1a: Magnezone\n|drag|p1a: Weezing|Weezing-Galar, F|100\/100\n|\n|-heal|p2a: Empoleon|44\/100|[from] item: Leftovers\n|upkeep\n|turn|11\n|\n|t:|1700713519\n|switch|p2a: Dragapult|Dragapult, M|100\/100\n|move|p1a: Weezing|Heat Wave|p2a: Dragapult\n|-resisted|p2a: Dragapult\n|-damage|p2a: Dragapult|89\/100\n|\n|upkeep\n|turn|12\n|-message|a_tini_anon forfeited.\n|\n|win|GhostMasterMorty\n|raw|GhostMasterMorty's rating: 1087 &rarr; <strong>1107<\/strong><br \/>(+20 for winning)\n|raw|a_tini_anon's rating: 1000 &rarr; <strong>1000<\/strong><br \/>(+0 for losing)\n|l|\u2606a_tini_anon\n|c|\u2606GhostMasterMorty|You AIN'T cheesing me gurl\n|c|\u2606GhostMasterMorty|Gtf\n|c|\u2606GhostMasterMorty|Out\n","uploadtime":1700713551,"views":3,"p1id":"ghostmastermorty","p2id":"atinianon","formatid":"gen9ou","rating":1000,"private":0,"password":""}