{"id":"gen9ou-1999628124","p1":"imtheworstbf","p2":"Hazalt","format":"[Gen 9] OU","log":"|j|\u2606imtheworstbf\n|j|\u2606Hazalt\n|t:|1701102581\n|gametype|singles\n|player|p1|imtheworstbf|ethan|1396\n|player|p2|Hazalt|brendan-gen3rs|1291\n|teamsize|p1|6\n|teamsize|p2|6\n|gen|9\n|tier|[Gen 9] OU\n|rated|\n|rule|Sleep Clause Mod: Limit one foe put to sleep\n|rule|Species Clause: Limit one of each Pok\u00e9mon\n|rule|OHKO Clause: OHKO moves are banned\n|rule|Evasion Items Clause: Evasion items are banned\n|rule|Evasion Moves Clause: Evasion moves are banned\n|rule|Endless Battle Clause: Forcing endless battles is banned\n|rule|HP Percentage Mod: HP is shown in percentages\n|clearpoke\n|poke|p1|Clefable, M|\n|poke|p1|Corviknight, F|\n|poke|p1|Conkeldurr, M|\n|poke|p1|Volcanion|\n|poke|p1|Dragapult, F|\n|poke|p1|Scizor, M|\n|poke|p2|Ursaluna, M|\n|poke|p2|Ogerpon-Wellspring, F|\n|poke|p2|Ting-Lu|\n|poke|p2|Gholdengo|\n|poke|p2|Zapdos|\n|poke|p2|Great Tusk|\n|teampreview\n|\n|t:|1701102604\n|start\n|switch|p1a: Dragapult|Dragapult, F|100\/100\n|switch|p2a: Astalos|Zapdos|100\/100\n|turn|1\n|\n|t:|1701102617\n|move|p1a: Dragapult|Draco Meteor|p2a: Astalos\n|-damage|p2a: Astalos|28\/100\n|-unboost|p1a: Dragapult|spa|2\n|move|p2a: Astalos|Thunder Wave|p1a: Dragapult\n|-status|p1a: Dragapult|par\n|\n|upkeep\n|turn|2\n|\n|t:|1701102626\n|move|p2a: Astalos|Roost|p2a: Astalos\n|-heal|p2a: Astalos|78\/100\n|-singleturn|p2a: Astalos|move: Roost\n|cant|p1a: Dragapult|par\n|\n|upkeep\n|turn|3\n|\n|t:|1701102642\n|switch|p1a: Clefable|Clefable, M|100\/100\n|move|p2a: Astalos|Volt Switch|p1a: Clefable\n|-damage|p1a: Clefable|74\/100\n|\n|t:|1701102651\n|switch|p2a: Big Bro|Ting-Lu|100\/100|[from] Volt Switch\n|-ability|p2a: Big Bro|Vessel of Ruin\n|\n|-heal|p1a: Clefable|80\/100|[from] item: Leftovers\n|upkeep\n|turn|4\n|\n|t:|1701102658\n|move|p1a: Clefable|Moonblast|p2a: Big Bro\n|-supereffective|p2a: Big Bro\n|-damage|p2a: Big Bro|77\/100\n|move|p2a: Big Bro|Spikes|p1a: Clefable\n|-sidestart|p1: imtheworstbf|Spikes\n|\n|-heal|p1a: Clefable|86\/100|[from] item: Leftovers\n|-heal|p2a: Big Bro|83\/100|[from] item: Leftovers\n|upkeep\n|turn|5\n|\n|t:|1701102663\n|move|p1a: Clefable|Moonblast|p2a: Big Bro\n|-supereffective|p2a: Big Bro\n|-damage|p2a: Big Bro|58\/100\n|move|p2a: Big Bro|Spikes|p1a: Clefable\n|-sidestart|p1: imtheworstbf|Spikes\n|\n|-heal|p1a: Clefable|92\/100|[from] item: Leftovers\n|-heal|p2a: Big Bro|65\/100|[from] item: Leftovers\n|upkeep\n|turn|6\n|\n|t:|1701102673\n|switch|p1a: Corviknight|Corviknight, F|100\/100\n|-ability|p1a: Corviknight|Pressure\n|switch|p2a: Goldylocks|Gholdengo|100\/100\n|\n|upkeep\n|turn|7\n|\n|t:|1701102683\n|move|p2a: Goldylocks|Shadow Ball|p1a: Corviknight\n|-damage|p1a: Corviknight|70\/100\n|move|p1a: Corviknight|Brave Bird|p2a: Goldylocks\n|-resisted|p2a: Goldylocks\n|-damage|p2a: Goldylocks|83\/100\n|-damage|p1a: Corviknight|65\/100|[from] Recoil\n|\n|-heal|p2a: Goldylocks|89\/100|[from] item: Leftovers\n|-heal|p1a: Corviknight|71\/100|[from] item: Leftovers\n|upkeep\n|turn|8\n|\n|t:|1701102688\n|move|p2a: Goldylocks|Nasty Plot|p2a: Goldylocks\n|-boost|p2a: Goldylocks|spa|2\n|move|p1a: Corviknight|Brave Bird|p2a: Goldylocks\n|-resisted|p2a: Goldylocks\n|-damage|p2a: Goldylocks|73\/100\n|-damage|p1a: Corviknight|66\/100|[from] Recoil\n|\n|-heal|p2a: Goldylocks|79\/100|[from] item: Leftovers\n|-heal|p1a: Corviknight|72\/100|[from] item: Leftovers\n|upkeep\n|turn|9\n|\n|t:|1701102694\n|move|p2a: Goldylocks|Shadow Ball|p1a: Corviknight\n|-damage|p1a: Corviknight|21\/100\n|-unboost|p1a: Corviknight|spd|1\n|move|p1a: Corviknight|U-turn|p2a: Goldylocks\n|-resisted|p2a: Goldylocks\n|-damage|p2a: Goldylocks|76\/100\n|\n|t:|1701102702\n|switch|p1a: Volcanion|Volcanion|100\/100|[from] U-turn\n|-item|p1a: Volcanion|Air Balloon\n|\n|-heal|p2a: Goldylocks|82\/100|[from] item: Leftovers\n|upkeep\n|turn|10\n|\n|t:|1701102711\n|switch|p2a: Big Bro|Ting-Lu|65\/100\n|-ability|p2a: Big Bro|Vessel of Ruin\n|move|p1a: Volcanion|Flame Charge|p2a: Big Bro\n|-damage|p2a: Big Bro|56\/100\n|-boost|p1a: Volcanion|spe|1\n|\n|-heal|p2a: Big Bro|62\/100|[from] item: Leftovers\n|upkeep\n|turn|11\n|\n|t:|1701102719\n|move|p1a: Volcanion|Steam Eruption|p2a: Big Bro\n|-supereffective|p2a: Big Bro\n|-damage|p2a: Big Bro|11\/100\n|move|p2a: Big Bro|Ruination|p1a: Volcanion\n|-damage|p1a: Volcanion|51\/100\n|-enditem|p1a: Volcanion|Air Balloon\n|\n|-heal|p2a: Big Bro|17\/100|[from] item: Leftovers\n|upkeep\n|turn|12\n|\n|t:|1701102729\n|switch|p2a: Eminem|Ogerpon-Wellspring, F|100\/100\n|move|p1a: Volcanion|Flamethrower|p2a: Eminem\n|-damage|p2a: Eminem|49\/100\n|\n|upkeep\n|turn|13\n|\n|t:|1701102741\n|-terastallize|p2a: Eminem|Water\n|detailschange|p2a: Eminem|Ogerpon-Wellspring-Tera, F, tera:Water\n|-ability|p2a: Eminem|Embody Aspect (Wellspring)|boost\n|-boost|p2a: Eminem|spd|1\n|move|p1a: Volcanion|Flamethrower|p2a: Eminem\n|-resisted|p2a: Eminem\n|-crit|p2a: Eminem\n|-damage|p2a: Eminem|11\/100\n|move|p2a: Eminem|Power Whip|p1a: Volcanion\n|-damage|p1a: Volcanion|0 fnt\n|faint|p1a: Volcanion\n|\n|upkeep\n|\n|t:|1701102761\n|switch|p1a: Scizor|Scizor, M|100\/100\n|-damage|p1a: Scizor|84\/100|[from] Spikes\n|turn|14\n|\n|t:|1701102766\n|switch|p2a: Goldylocks|Gholdengo|82\/100\n|move|p1a: Scizor|Bullet Punch|p2a: Goldylocks\n|-resisted|p2a: Goldylocks\n|-damage|p2a: Goldylocks|61\/100\n|-damage|p1a: Scizor|74\/100|[from] item: Life Orb\n|\n|-heal|p2a: Goldylocks|67\/100|[from] item: Leftovers\n|upkeep\n|turn|15\n|\n|t:|1701102776\n|switch|p1a: Corviknight|Corviknight, F|21\/100\n|-ability|p1a: Corviknight|Pressure\n|move|p2a: Goldylocks|Recover|p2a: Goldylocks\n|-heal|p2a: Goldylocks|100\/100\n|\n|-heal|p1a: Corviknight|28\/100|[from] item: Leftovers\n|upkeep\n|turn|16\n|\n|t:|1701102783\n|move|p2a: Goldylocks|Nasty Plot|p2a: Goldylocks\n|-boost|p2a: Goldylocks|spa|2\n|move|p1a: Corviknight|U-turn|p2a: Goldylocks\n|-resisted|p2a: Goldylocks\n|-damage|p2a: Goldylocks|97\/100\n|\n|t:|1701102785\n|switch|p1a: Conkeldurr|Conkeldurr, M|100\/100|[from] U-turn\n|-damage|p1a: Conkeldurr|84\/100|[from] Spikes\n|\n|-heal|p2a: Goldylocks|100\/100|[from] item: Leftovers\n|upkeep\n|turn|17\n|\n|t:|1701102789\n|move|p2a: Goldylocks|Dazzling Gleam|p1a: Conkeldurr\n|-supereffective|p1a: Conkeldurr\n|-damage|p1a: Conkeldurr|0 fnt\n|faint|p1a: Conkeldurr\n|\n|upkeep\n|-message|imtheworstbf forfeited.\n|\n|win|Hazalt\n|raw|imtheworstbf's rating: 1396 &rarr; <strong>1370<\/strong><br \/>(-26 for losing)\n|raw|Hazalt's rating: 1291 &rarr; <strong>1323<\/strong><br \/>(+32 for winning)\n|l|\u2606imtheworstbf\n","uploadtime":1701103006,"views":2,"p1id":"imtheworstbf","p2id":"hazalt","formatid":"gen9ou","rating":1323,"private":0,"password":""}