{"id":"gen9ou-1997186280","p1":"Blu42","p2":"KimmBTimmy","format":"[Gen 9] OU","log":"|j|\u2606Blu42\n|j|\u2606KimmBTimmy\n|t:|1700773375\n|gametype|singles\n|player|p1|Blu42|266|1107\n|player|p2|KimmBTimmy|lisia-masters|1126\n|teamsize|p1|6\n|teamsize|p2|6\n|gen|9\n|tier|[Gen 9] OU\n|rated|\n|rule|Sleep Clause Mod: Limit one foe put to sleep\n|rule|Species Clause: Limit one of each Pok\u00e9mon\n|rule|OHKO Clause: OHKO moves are banned\n|rule|Evasion Items Clause: Evasion items are banned\n|rule|Evasion Moves Clause: Evasion moves are banned\n|rule|Endless Battle Clause: Forcing endless battles is banned\n|rule|HP Percentage Mod: HP is shown in percentages\n|clearpoke\n|poke|p1|Sunflora, M|\n|poke|p1|Uxie|\n|poke|p1|Torkoal, F|\n|poke|p1|Hatterene, F|\n|poke|p1|Brute Bonnet|\n|poke|p1|Glastrier|\n|poke|p2|Kingambit, M|\n|poke|p2|Glimmora, F|\n|poke|p2|Gholdengo|\n|poke|p2|Great Tusk|\n|poke|p2|Ogerpon-Wellspring, F|\n|poke|p2|Iron Valiant|\n|teampreview\n|inactive|Battle timer is ON: inactive players will automatically lose when time's up. (requested by Blu42)\n|\n|t:|1700773385\n|start\n|switch|p1a: Uxie|Uxie, shiny|100\/100\n|switch|p2a: Ogerpon|Ogerpon-Wellspring, F|100\/100\n|turn|1\n|\n|t:|1700773395\n|-terastallize|p2a: Ogerpon|Water\n|detailschange|p2a: Ogerpon|Ogerpon-Wellspring-Tera, F, tera:Water\n|-ability|p2a: Ogerpon|Embody Aspect (Wellspring)|boost\n|-boost|p2a: Ogerpon|spd|1\n|move|p2a: Ogerpon|Swords Dance|p2a: Ogerpon\n|-boost|p2a: Ogerpon|atk|2\n|move|p1a: Uxie|Sunny Day|p1a: Uxie\n|-weather|SunnyDay\n|\n|-weather|SunnyDay|[upkeep]\n|upkeep\n|turn|2\n|\n|t:|1700773404\n|move|p2a: Ogerpon|Trailblaze|p1a: Uxie\n|-damage|p1a: Uxie|56\/100\n|-boost|p2a: Ogerpon|spe|1\n|move|p1a: Uxie|Trick Room|p1a: Uxie\n|-fieldstart|move: Trick Room|[of] p1a: Uxie\n|\n|-weather|SunnyDay|[upkeep]\n|upkeep\n|turn|3\n|\n|t:|1700773411\n|move|p1a: Uxie|Memento|p2a: Ogerpon\n|-unboost|p2a: Ogerpon|atk|2\n|-unboost|p2a: Ogerpon|spa|2\n|faint|p1a: Uxie\n|move|p2a: Ogerpon|Power Whip|p1: Uxie|[notarget]\n|-fail|p2a: Ogerpon\n|\n|-weather|SunnyDay|[upkeep]\n|upkeep\n|\n|t:|1700773417\n|switch|p1a: Sunflora|Sunflora, M, shiny|100\/100\n|turn|4\n|\n|t:|1700773425\n|switch|p2a: Glimmora|Glimmora, F|100\/100\n|move|p1a: Sunflora|Solar Beam||[still]\n|-prepare|p1a: Sunflora|Solar Beam\n|-anim|p1a: Sunflora|Solar Beam|p2a: Glimmora\n|-enditem|p2a: Glimmora|Focus Sash\n|-damage|p2a: Glimmora|1\/100\n|-damage|p1a: Sunflora|91\/100|[from] item: Life Orb\n|\n|-weather|SunnyDay|[upkeep]\n|-damage|p1a: Sunflora|78\/100|[from] ability: Solar Power|[of] p1a: Sunflora\n|upkeep\n|turn|5\n|\n|t:|1700773431\n|move|p1a: Sunflora|Earth Power|p2a: Glimmora\n|-supereffective|p2a: Glimmora\n|-damage|p2a: Glimmora|0 fnt\n|faint|p2a: Glimmora\n|-damage|p1a: Sunflora|68\/100|[from] item: Life Orb\n|\n|-weather|SunnyDay|[upkeep]\n|-damage|p1a: Sunflora|56\/100|[from] ability: Solar Power|[of] p1a: Sunflora\n|upkeep\n|\n|t:|1700773445\n|switch|p2a: Ogerpon|Ogerpon-Wellspring-Tera, F, tera:Water|100\/100\n|-ability|p2a: Ogerpon|Embody Aspect (Wellspring)|boost\n|-boost|p2a: Ogerpon|spd|1\n|turn|6\n|\n|t:|1700773450\n|switch|p2a: Gholdengo|Gholdengo|100\/100\n|move|p1a: Sunflora|Solar Beam||[still]\n|-prepare|p1a: Sunflora|Solar Beam\n|-anim|p1a: Sunflora|Solar Beam|p2a: Gholdengo\n|-resisted|p2a: Gholdengo\n|-damage|p2a: Gholdengo|29\/100\n|-damage|p1a: Sunflora|46\/100|[from] item: Life Orb\n|\n|-weather|SunnyDay|[upkeep]\n|-damage|p1a: Sunflora|34\/100|[from] ability: Solar Power|[of] p1a: Sunflora\n|-fieldend|move: Trick Room\n|upkeep\n|turn|7\n|\n|t:|1700773462\n|move|p2a: Gholdengo|Recover|p2a: Gholdengo\n|-heal|p2a: Gholdengo|80\/100\n|move|p1a: Sunflora|Weather Ball|p2a: Gholdengo\n|-supereffective|p2a: Gholdengo\n|-damage|p2a: Gholdengo|0 fnt\n|faint|p2a: Gholdengo\n|-damage|p1a: Sunflora|24\/100|[from] item: Life Orb\n|\n|-weather|SunnyDay|[upkeep]\n|-damage|p1a: Sunflora|11\/100|[from] ability: Solar Power|[of] p1a: Sunflora\n|upkeep\n|\n|t:|1700773467\n|switch|p2a: Ogerpon|Ogerpon-Wellspring-Tera, F, tera:Water|100\/100\n|-ability|p2a: Ogerpon|Embody Aspect (Wellspring)|boost\n|-boost|p2a: Ogerpon|spd|1\n|turn|8\n|\n|t:|1700773480\n|switch|p1a: Hatterene|Hatterene, F, shiny|100\/100\n|move|p2a: Ogerpon|Trailblaze|p1a: Hatterene\n|-damage|p1a: Hatterene|65\/100\n|-boost|p2a: Ogerpon|spe|1\n|\n|-weather|none\n|-heal|p1a: Hatterene|71\/100|[from] item: Leftovers\n|upkeep\n|turn|9\n|\n|t:|1700773485\n|move|p2a: Ogerpon|Ivy Cudgel|p1a: Hatterene|[anim] Ivy Cudgel Water\n|-damage|p1a: Hatterene|0 fnt\n|faint|p1a: Hatterene\n|\n|upkeep\n|\n|t:|1700773492\n|switch|p1a: Brute Bonnet|Brute Bonnet, shiny|100\/100\n|turn|10\n|\n|t:|1700773500\n|switch|p2a: Iron Valiant|Iron Valiant|100\/100\n|move|p1a: Brute Bonnet|Spore|p2a: Iron Valiant\n|-status|p2a: Iron Valiant|slp|[from] move: Spore\n|\n|upkeep\n|turn|11\n|\n|t:|1700773508\n|-end|p1a: Brute Bonnet|Protosynthesis|[silent]\n|switch|p1a: Torkoal|Torkoal, F, shiny|100\/100\n|-weather|SunnyDay|[from] ability: Drought|[of] p1a: Torkoal\n|cant|p2a: Iron Valiant|slp\n|\n|-weather|SunnyDay|[upkeep]\n|upkeep\n|turn|12\n|\n|t:|1700773514\n|-end|p2a: Iron Valiant|Quark Drive|[silent]\n|switch|p2a: Ogerpon|Ogerpon-Wellspring-Tera, F, tera:Water|100\/100\n|-ability|p2a: Ogerpon|Embody Aspect (Wellspring)|boost\n|-boost|p2a: Ogerpon|spd|1\n|move|p1a: Torkoal|Eruption|p2a: Ogerpon\n|-resisted|p2a: Ogerpon\n|-damage|p2a: Ogerpon|64\/100\n|\n|-weather|SunnyDay|[upkeep]\n|upkeep\n|turn|13\n|\n|t:|1700773523\n|switch|p1a: Sunflora|Sunflora, M, shiny|11\/100\n|move|p2a: Ogerpon|Swords Dance|p2a: Ogerpon\n|-boost|p2a: Ogerpon|atk|2\n|\n|-weather|SunnyDay|[upkeep]\n|-damage|p1a: Sunflora|0 fnt|[from] ability: Solar Power|[of] p1a: Sunflora\n|faint|p1a: Sunflora\n|upkeep\n|\n|t:|1700773525\n|switch|p1a: Brute Bonnet|Brute Bonnet, shiny|100\/100\n|-activate|p1a: Brute Bonnet|ability: Protosynthesis\n|-start|p1a: Brute Bonnet|protosynthesisatk\n|turn|14\n|\n|t:|1700773540\n|switch|p2a: Iron Valiant|Iron Valiant|100\/100 slp\n|move|p1a: Brute Bonnet|Bullet Seed|p2a: Iron Valiant\n|-damage|p2a: Iron Valiant|77\/100 slp\n|-damage|p2a: Iron Valiant|54\/100 slp\n|-damage|p2a: Iron Valiant|28\/100 slp\n|-damage|p2a: Iron Valiant|3\/100 slp\n|-hitcount|p2a: Iron Valiant|4\n|\n|-weather|SunnyDay|[upkeep]\n|upkeep\n|turn|15\n|\n|t:|1700773545\n|cant|p2a: Iron Valiant|slp\n|move|p1a: Brute Bonnet|Bullet Seed|p2a: Iron Valiant\n|-damage|p2a: Iron Valiant|0 fnt\n|faint|p2a: Iron Valiant\n|-end|p2a: Iron Valiant|Quark Drive|[silent]\n|-hitcount|p2: Iron Valiant|1\n|\n|-weather|none\n|-end|p1a: Brute Bonnet|Protosynthesis\n|upkeep\n|\n|t:|1700773551\n|switch|p2a: Great Tusk|Great Tusk|100\/100\n|turn|16\n|\n|t:|1700773555\n|move|p2a: Great Tusk|Ice Spinner|p1a: Brute Bonnet\n|-supereffective|p1a: Brute Bonnet\n|-damage|p1a: Brute Bonnet|54\/100\n|move|p1a: Brute Bonnet|Spore|p2a: Great Tusk\n|-status|p2a: Great Tusk|slp|[from] move: Spore\n|\n|upkeep\n|turn|17\n|\n|t:|1700773560\n|cant|p2a: Great Tusk|slp\n|move|p1a: Brute Bonnet|Synthesis|p1a: Brute Bonnet\n|-heal|p1a: Brute Bonnet|100\/100\n|\n|upkeep\n|turn|18\n|\n|t:|1700773563\n|cant|p2a: Great Tusk|slp\n|move|p1a: Brute Bonnet|Bullet Seed|p2a: Great Tusk\n|-supereffective|p2a: Great Tusk\n|-damage|p2a: Great Tusk|81\/100 slp\n|-supereffective|p2a: Great Tusk\n|-damage|p2a: Great Tusk|57\/100 slp\n|-supereffective|p2a: Great Tusk\n|-damage|p2a: Great Tusk|37\/100 slp\n|-supereffective|p2a: Great Tusk\n|-damage|p2a: Great Tusk|15\/100 slp\n|-hitcount|p2a: Great Tusk|4\n|\n|upkeep\n|turn|19\n|\n|t:|1700773567\n|-curestatus|p2a: Great Tusk|slp|[msg]\n|move|p2a: Great Tusk|Ice Spinner|p1a: Brute Bonnet\n|-supereffective|p1a: Brute Bonnet\n|-damage|p1a: Brute Bonnet|54\/100\n|move|p1a: Brute Bonnet|Spore|p2a: Great Tusk\n|-status|p2a: Great Tusk|slp|[from] move: Spore\n|\n|upkeep\n|turn|20\n|\n|t:|1700773572\n|cant|p2a: Great Tusk|slp\n|move|p1a: Brute Bonnet|Synthesis|p1a: Brute Bonnet\n|-heal|p1a: Brute Bonnet|100\/100\n|\n|upkeep\n|turn|21\n|\n|t:|1700773575\n|move|p1a: Brute Bonnet|Sucker Punch|p2a: Great Tusk\n|-resisted|p2a: Great Tusk\n|-damage|p2a: Great Tusk|1\/100 slp\n|cant|p2a: Great Tusk|slp\n|\n|upkeep\n|turn|22\n|\n|t:|1700773580\n|move|p1a: Brute Bonnet|Sucker Punch|p2a: Great Tusk\n|-resisted|p2a: Great Tusk\n|-damage|p2a: Great Tusk|0 fnt\n|faint|p2a: Great Tusk\n|-end|p2a: Great Tusk|Protosynthesis|[silent]\n|\n|upkeep\n|\n|t:|1700773584\n|switch|p2a: Kingambit|Kingambit, M|100\/100\n|-activate|p2a: Kingambit|ability: Supreme Overlord\n|-start|p2a: Kingambit|fallen4|[silent]\n|turn|23\n|\n|t:|1700773590\n|move|p2a: Kingambit|Kowtow Cleave|p1a: Brute Bonnet\n|-resisted|p1a: Brute Bonnet\n|-damage|p1a: Brute Bonnet|67\/100\n|move|p1a: Brute Bonnet|Spore|p2a: Kingambit\n|-status|p2a: Kingambit|slp|[from] move: Spore\n|\n|upkeep\n|turn|24\n|\n|t:|1700773595\n|-end|p1a: Brute Bonnet|Protosynthesis|[silent]\n|switch|p1a: Torkoal|Torkoal, F, shiny|100\/100\n|-weather|SunnyDay|[from] ability: Drought|[of] p1a: Torkoal\n|cant|p2a: Kingambit|slp\n|\n|-weather|SunnyDay|[upkeep]\n|upkeep\n|turn|25\n|\n|t:|1700773598\n|-end|p2a: Kingambit|fallen4|[silent]\n|switch|p2a: Ogerpon|Ogerpon-Wellspring-Tera, F, tera:Water|64\/100\n|-ability|p2a: Ogerpon|Embody Aspect (Wellspring)|boost\n|-boost|p2a: Ogerpon|spd|1\n|move|p1a: Torkoal|Body Press|p2a: Ogerpon\n|-damage|p2a: Ogerpon|32\/100\n|\n|-weather|SunnyDay|[upkeep]\n|upkeep\n|turn|26\n|\n|t:|1700773605\n|switch|p1a: Glastrier|Glastrier|100\/100\n|move|p2a: Ogerpon|Ivy Cudgel|p1a: Glastrier|[anim] Ivy Cudgel Water\n|-damage|p1a: Glastrier|73\/100\n|\n|-weather|SunnyDay|[upkeep]\n|upkeep\n|turn|27\n|\n|t:|1700773612\n|move|p2a: Ogerpon|Power Whip|p1a: Glastrier\n|-damage|p1a: Glastrier|25\/100\n|move|p1a: Glastrier|Body Press|p2a: Ogerpon\n|-damage|p2a: Ogerpon|0 fnt\n|faint|p2a: Ogerpon\n|-ability|p1a: Glastrier|Chilling Neigh|boost\n|-boost|p1a: Glastrier|atk|1\n|\n|-weather|SunnyDay|[upkeep]\n|upkeep\n|\n|t:|1700773616\n|switch|p2a: Kingambit|Kingambit, M|100\/100 slp\n|-activate|p2a: Kingambit|ability: Supreme Overlord\n|-start|p2a: Kingambit|fallen5|[silent]\n|turn|28\n|\n|t:|1700773621\n|cant|p2a: Kingambit|slp\n|move|p1a: Glastrier|Body Press|p2a: Kingambit\n|-supereffective|p2a: Kingambit\n|-damage|p2a: Kingambit|18\/100 slp\n|\n|-weather|none\n|upkeep\n|turn|29\n|\n|t:|1700773625\n|cant|p2a: Kingambit|slp\n|move|p1a: Glastrier|High Horsepower|p2a: Kingambit\n|-supereffective|p2a: Kingambit\n|-damage|p2a: Kingambit|0 fnt\n|faint|p2a: Kingambit\n|-end|p2a: Kingambit|fallen5|[silent]\n|\n|win|Blu42\n|raw|Blu42's rating: 1107 &rarr; <strong>1133<\/strong><br \/>(+26 for winning)\n|raw|KimmBTimmy's rating: 1126 &rarr; <strong>1100<\/strong><br \/>(-26 for losing)\n|c|\u2606Blu42|Gg\n|l|\u2606KimmBTimmy\n","uploadtime":1700773634,"views":6,"p1id":"blu42","p2id":"kimmbtimmy","formatid":"gen9ou","rating":1100,"private":0,"password":""}