{"id":"gen9ou-1991208364","p1":"thedebatablereaper","p2":"Pakiko2","format":"[Gen 9] OU","log":"|j|\u2606thedebatablereaper\n|j|\u2606Pakiko2\n|t:|1700057288\n|gametype|singles\n|player|p1|thedebatablereaper|265|1571\n|player|p2|Pakiko2|cynthia|1609\n|teamsize|p1|6\n|teamsize|p2|6\n|gen|9\n|tier|[Gen 9] OU\n|rated|\n|rule|Sleep Clause Mod: Limit one foe put to sleep\n|rule|Species Clause: Limit one of each Pok\u00e9mon\n|rule|OHKO Clause: OHKO moves are banned\n|rule|Evasion Items Clause: Evasion items are banned\n|rule|Evasion Moves Clause: Evasion moves are banned\n|rule|Endless Battle Clause: Forcing endless battles is banned\n|rule|HP Percentage Mod: HP is shown in percentages\n|clearpoke\n|poke|p1|Rillaboom, F|\n|poke|p1|Sneasler, F|\n|poke|p1|Enamorus, F|\n|poke|p1|Cinderace, M|\n|poke|p1|Dragapult, F|\n|poke|p1|Great Tusk|\n|poke|p2|Arcanine-Hisui, F|\n|poke|p2|Iron Valiant|\n|poke|p2|Mandibuzz, F|\n|poke|p2|Clodsire, M|\n|poke|p2|Dragapult, M|\n|poke|p2|Manaphy|\n|teampreview\n|\n|t:|1700057299\n|start\n|switch|p1a: Enamorus|Enamorus, F|100\/100\n|switch|p2a: Arcanine|Arcanine-Hisui, F|100\/100\n|turn|1\n|\n|t:|1700057306\n|switch|p2a: Mandibuzz|Mandibuzz, F|100\/100\n|move|p1a: Enamorus|Earth Power|p2a: Mandibuzz\n|-immune|p2a: Mandibuzz\n|\n|upkeep\n|turn|2\n|inactive|Battle timer is ON: inactive players will automatically lose when time's up. (requested by Pakiko2)\n|\n|t:|1700057315\n|switch|p1a: Cinderace|Cinderace, M|100\/100\n|switch|p2a: Arcanine|Arcanine-Hisui, F|100\/100\n|\n|upkeep\n|turn|3\n|\n|t:|1700057323\n|move|p1a: Cinderace|U-turn|p2a: Arcanine\n|-start|p1a: Cinderace|typechange|Bug|[from] ability: Libero\n|-resisted|p2a: Arcanine\n|-damage|p2a: Arcanine|83\/100\n|\n|t:|1700057329\n|switch|p1a: Great Tusk|Great Tusk|100\/100|[from] U-turn\n|move|p2a: Arcanine|Flare Blitz|p1a: Great Tusk\n|-damage|p1a: Great Tusk|41\/100\n|-status|p1a: Great Tusk|brn\n|\n|-heal|p1a: Great Tusk|47\/100 brn|[from] item: Leftovers\n|-damage|p1a: Great Tusk|41\/100 brn|[from] brn\n|upkeep\n|turn|4\n|\n|t:|1700057338\n|move|p2a: Arcanine|Flare Blitz|p1a: Great Tusk\n|-damage|p1a: Great Tusk|0 fnt\n|faint|p1a: Great Tusk\n|-end|p1a: Great Tusk|Protosynthesis|[silent]\n|\n|upkeep\n|\n|t:|1700057343\n|switch|p1a: Dragapult|Dragapult, F|100\/100\n|turn|5\n|\n|t:|1700057349\n|move|p1a: Dragapult|Draco Meteor|p2a: Arcanine\n|-damage|p2a: Arcanine|0 fnt\n|-unboost|p1a: Dragapult|spa|2\n|faint|p2a: Arcanine\n|\n|upkeep\n|\n|t:|1700057355\n|switch|p2a: Iron Valiant|Iron Valiant|100\/100\n|turn|6\n|\n|t:|1700057367\n|switch|p1a: Cinderace|Cinderace, M|100\/100\n|move|p2a: Iron Valiant|Focus Blast|p1a: Cinderace\n|-damage|p1a: Cinderace|28\/100\n|\n|upkeep\n|turn|7\n|\n|t:|1700057375\n|move|p2a: Iron Valiant|Focus Blast|p1a: Cinderace\n|-damage|p1a: Cinderace|0 fnt\n|faint|p1a: Cinderace\n|\n|upkeep\n|\n|t:|1700057382\n|switch|p1a: Enamorus|Enamorus, F|100\/100\n|turn|8\n|\n|t:|1700057392\n|-end|p2a: Iron Valiant|Quark Drive|[silent]\n|switch|p2a: Clodsire|Clodsire, M|100\/100\n|switch|p1a: Rillaboom|Rillaboom, F|100\/100\n|-fieldstart|move: Grassy Terrain|[from] ability: Grassy Surge|[of] p1a: Rillaboom\n|\n|upkeep\n|turn|9\n|\n|t:|1700057406\n|move|p1a: Rillaboom|U-turn|p2a: Clodsire\n|-resisted|p2a: Clodsire\n|-damage|p2a: Clodsire|80\/100\n|\n|t:|1700057409\n|switch|p1a: Sneasler|Sneasler, F|100\/100|[from] U-turn\n|-enditem|p1a: Sneasler|Grassy Seed\n|-boost|p1a: Sneasler|def|1|[from] item: Grassy Seed\n|move|p2a: Clodsire|Stealth Rock|p1a: Sneasler\n|-sidestart|p1: thedebatablereaper|move: Stealth Rock\n|\n|-heal|p2a: Clodsire|86\/100|[from] Grassy Terrain\n|-heal|p2a: Clodsire|93\/100|[from] item: Leftovers\n|upkeep\n|turn|10\n|\n|t:|1700057419\n|switch|p2a: Manaphy|Manaphy|100\/100\n|move|p1a: Sneasler|Swords Dance|p1a: Sneasler\n|-boost|p1a: Sneasler|atk|2\n|\n|upkeep\n|turn|11\n|\n|t:|1700057441\n|-terastallize|p2a: Manaphy|Poison\n|move|p1a: Sneasler|Close Combat|p2a: Manaphy\n|-resisted|p2a: Manaphy\n|-damage|p2a: Manaphy|57\/100\n|-unboost|p1a: Sneasler|def|1\n|-unboost|p1a: Sneasler|spd|1\n|move|p2a: Manaphy|Acid Armor|p2a: Manaphy\n|-boost|p2a: Manaphy|def|2\n|\n|-heal|p2a: Manaphy|63\/100|[from] Grassy Terrain\n|-heal|p2a: Manaphy|69\/100|[from] item: Leftovers\n|upkeep\n|turn|12\n|\n|t:|1700057453\n|-terastallize|p1a: Sneasler|Flying\n|move|p1a: Sneasler|Acrobatics|p2a: Manaphy\n|-damage|p2a: Manaphy|29\/100\n|move|p2a: Manaphy|Acid Armor|p2a: Manaphy\n|-boost|p2a: Manaphy|def|2\n|\n|-heal|p2a: Manaphy|35\/100|[from] Grassy Terrain\n|-heal|p2a: Manaphy|41\/100|[from] item: Leftovers\n|-fieldend|move: Grassy Terrain\n|upkeep\n|turn|13\n|\n|t:|1700057464\n|move|p1a: Sneasler|Acrobatics|p2a: Manaphy\n|-damage|p2a: Manaphy|14\/100\n|move|p2a: Manaphy|Scald|p1a: Sneasler\n|-damage|p1a: Sneasler|43\/100\n|\n|-heal|p2a: Manaphy|21\/100|[from] item: Leftovers\n|upkeep\n|turn|14\n|\n|t:|1700057471\n|move|p1a: Sneasler|Acrobatics|p2a: Manaphy\n|-damage|p2a: Manaphy|0 fnt\n|faint|p2a: Manaphy\n|\n|upkeep\n|\n|t:|1700057481\n|switch|p2a: Mandibuzz|Mandibuzz, F|100\/100\n|turn|15\n|\n|t:|1700057484\n|move|p1a: Sneasler|Dire Claw|p2a: Mandibuzz\n|-damage|p2a: Mandibuzz|46\/100\n|-status|p2a: Mandibuzz|par\n|move|p2a: Mandibuzz|Foul Play|p1a: Sneasler\n|-damage|p1a: Sneasler|0 fnt\n|faint|p1a: Sneasler\n|\n|upkeep\n|\n|t:|1700057495\n|switch|p1a: Dragapult|Dragapult, F|100\/100\n|-damage|p1a: Dragapult|88\/100|[from] Stealth Rock\n|turn|16\n|\n|t:|1700057499\n|move|p1a: Dragapult|Draco Meteor|p2a: Mandibuzz\n|-damage|p2a: Mandibuzz|0 fnt\n|-unboost|p1a: Dragapult|spa|2\n|faint|p2a: Mandibuzz\n|\n|upkeep\n|\n|t:|1700057505\n|switch|p2a: Iron Valiant|Iron Valiant|100\/100\n|turn|17\n|\n|t:|1700057510\n|switch|p1a: Enamorus|Enamorus, F|100\/100\n|-damage|p1a: Enamorus|76\/100|[from] Stealth Rock\n|move|p2a: Iron Valiant|Moonblast|p1a: Enamorus\n|-damage|p1a: Enamorus|14\/100\n|-boost|p1a: Enamorus|spa|1\n|\n|upkeep\n|turn|18\n|\n|t:|1700057520\n|move|p2a: Iron Valiant|Moonblast|p1a: Enamorus\n|-damage|p1a: Enamorus|0 fnt\n|faint|p1a: Enamorus\n|\n|upkeep\n|\n|t:|1700057524\n|switch|p1a: Rillaboom|Rillaboom, F|100\/100\n|-damage|p1a: Rillaboom|88\/100|[from] Stealth Rock\n|-fieldstart|move: Grassy Terrain|[from] ability: Grassy Surge|[of] p1a: Rillaboom\n|turn|19\n|\n|t:|1700057532\n|move|p1a: Rillaboom|Grassy Glide|p2a: Iron Valiant\n|-damage|p2a: Iron Valiant|19\/100\n|move|p2a: Iron Valiant|Moonblast|p1a: Rillaboom\n|-damage|p1a: Rillaboom|30\/100\n|-unboost|p1a: Rillaboom|spa|1\n|\n|-heal|p2a: Iron Valiant|25\/100|[from] Grassy Terrain\n|-heal|p1a: Rillaboom|36\/100|[from] Grassy Terrain\n|upkeep\n|turn|20\n|\n|t:|1700057541\n|move|p1a: Rillaboom|Grassy Glide|p2a: Iron Valiant\n|-damage|p2a: Iron Valiant|0 fnt\n|faint|p2a: Iron Valiant\n|-end|p2a: Iron Valiant|Quark Drive|[silent]\n|\n|-heal|p1a: Rillaboom|42\/100|[from] Grassy Terrain\n|upkeep\n|\n|t:|1700057543\n|switch|p2a: Dragapult|Dragapult, M|100\/100\n|turn|21\n|\n|t:|1700057548\n|move|p1a: Rillaboom|Grassy Glide|p2a: Dragapult\n|-resisted|p2a: Dragapult\n|-damage|p2a: Dragapult|62\/100\n|move|p2a: Dragapult|Dragon Dance|p2a: Dragapult\n|-boost|p2a: Dragapult|atk|1\n|-boost|p2a: Dragapult|spe|1\n|\n|-heal|p2a: Dragapult|68\/100|[from] Grassy Terrain\n|-heal|p2a: Dragapult|74\/100|[from] item: Leftovers\n|-heal|p1a: Rillaboom|48\/100|[from] Grassy Terrain\n|upkeep\n|turn|22\n|\n|t:|1700057558\n|move|p1a: Rillaboom|Grassy Glide|p2a: Dragapult\n|-resisted|p2a: Dragapult\n|-damage|p2a: Dragapult|33\/100\n|move|p2a: Dragapult|Dragon Darts|p1a: Rillaboom\n|-damage|p1a: Rillaboom|4\/100\n|-anim|p2a: Dragapult|Dragon Darts|p1a: Rillaboom\n|-damage|p1a: Rillaboom|0 fnt\n|faint|p1a: Rillaboom\n|\n|-heal|p2a: Dragapult|39\/100|[from] Grassy Terrain\n|-heal|p2a: Dragapult|45\/100|[from] item: Leftovers\n|upkeep\n|-message|thedebatablereaper forfeited.\n|\n|win|Pakiko2\n|raw|thedebatablereaper's rating: 1571 &rarr; <strong>1552<\/strong><br \/>(-19 for losing)\n|raw|Pakiko2's rating: 1585 &rarr; <strong>1604<\/strong><br \/>(+19 for winning)\n|l|\u2606thedebatablereaper\n|j| No Nice Names Left\n|l|\u2606Pakiko2\n","uploadtime":1700058388,"views":5,"p1id":"thedebatablereaper","p2id":"pakiko2","formatid":"gen9ou","rating":1552,"private":0,"password":""}