{"id":"gen9ou-1992189707","p1":"go-go-zeppeli-1890","p2":"angrydrampa","format":"[Gen 9] OU","log":"|j|\u2606go-go-zeppeli-1890\n|j|\u2606angrydrampa\n|inactive|Battle timer is ON: inactive players will automatically lose when time's up.\n|t:|1700162422\n|gametype|singles\n|player|p1|go-go-zeppeli-1890|brycenman|\n|player|p2|angrydrampa|artist-gen4|\n|teamsize|p1|3\n|teamsize|p2|3\n|gen|9\n|tier|[Gen 9] OU\n|rated|Tournament battle\n|rule|Sleep Clause Mod: Limit one foe put to sleep\n|rule|Species Clause: Limit one of each Pok\u00e9mon\n|rule|OHKO Clause: OHKO moves are banned\n|rule|Evasion Items Clause: Evasion items are banned\n|rule|Evasion Moves Clause: Evasion moves are banned\n|rule|Endless Battle Clause: Forcing endless battles is banned\n|rule|HP Percentage Mod: HP is shown in percentages\n|clearpoke\n|poke|p1|Toxapex, M|\n|poke|p1|Snorlax, F|\n|poke|p1|Krookodile, F|\n|poke|p2|Dusclops, M|\n|poke|p2|Dartrix, M|\n|poke|p2|Quaquaval, F|\n|teampreview\n|j|*Lady Monita \u2746\n|inactive|go-go-zeppeli-1890 also wants the timer to be on.\n|j| Zoroark_Fanboy\n|\n|t:|1700162433\n|start\n|switch|p1a: Toxapex|Toxapex, M|100\/100\n|switch|p2a: Manny|Dusclops, M, shiny|100\/100\n|-ability|p2a: Manny|Pressure\n|turn|1\n|\n|t:|1700162439\n|move|p1a: Toxapex|Toxic|p2a: Manny\n|-status|p2a: Manny|tox\n|move|p2a: Manny|Will-O-Wisp|p1a: Toxapex\n|-status|p1a: Toxapex|brn\n|\n|-damage|p2a: Manny|95\/100 tox|[from] psn\n|-damage|p1a: Toxapex|94\/100 brn|[from] brn\n|upkeep\n|turn|2\n|\n|t:|1700162448\n|move|p1a: Toxapex|Baneful Bunker|p1a: Toxapex\n|-singleturn|p1a: Toxapex|move: Protect\n|move|p2a: Manny|Calm Mind|p2a: Manny\n|-boost|p2a: Manny|spa|1\n|-boost|p2a: Manny|spd|1\n|\n|-heal|p1a: Toxapex|100\/100 brn|[from] item: Leftovers\n|-damage|p2a: Manny|83\/100 tox|[from] psn\n|-damage|p1a: Toxapex|94\/100 brn|[from] brn\n|upkeep\n|turn|3\n|\n|t:|1700162458\n|move|p1a: Toxapex|Haze|p1a: Toxapex\n|-clearallboost\n|move|p2a: Manny|Calm Mind|p2a: Manny\n|-boost|p2a: Manny|spa|1\n|-boost|p2a: Manny|spd|1\n|\n|-heal|p1a: Toxapex|100\/100 brn|[from] item: Leftovers\n|-damage|p2a: Manny|65\/100 tox|[from] psn\n|-damage|p1a: Toxapex|94\/100 brn|[from] brn\n|upkeep\n|turn|4\n|\n|t:|1700162467\n|move|p1a: Toxapex|Haze|p1a: Toxapex\n|-clearallboost\n|move|p2a: Manny|Shadow Ball|p1a: Toxapex\n|-damage|p1a: Toxapex|74\/100 brn\n|\n|-heal|p1a: Toxapex|80\/100 brn|[from] item: Leftovers\n|-damage|p2a: Manny|41\/100 tox|[from] psn\n|-damage|p1a: Toxapex|74\/100 brn|[from] brn\n|upkeep\n|turn|5\n|\n|t:|1700162476\n|move|p1a: Toxapex|Surf|p2a: Manny\n|-damage|p2a: Manny|28\/100 tox\n|move|p2a: Manny|Shadow Ball|p1a: Toxapex\n|-damage|p1a: Toxapex|54\/100 brn\n|\n|-heal|p1a: Toxapex|61\/100 brn|[from] item: Leftovers\n|-damage|p2a: Manny|0 fnt|[from] psn\n|faint|p2a: Manny\n|-damage|p1a: Toxapex|54\/100 brn|[from] brn\n|upkeep\n|\n|t:|1700162493\n|switch|p2a: Robinhoot|Dartrix, M, shiny|100\/100\n|turn|6\n|\n|t:|1700162501\n|-terastallize|p2a: Robinhoot|Ground\n|move|p2a: Robinhoot|Tera Blast|p1a: Toxapex|[anim] Tera Blast Ground\n|-supereffective|p1a: Toxapex\n|-damage|p1a: Toxapex|25\/100 brn\n|move|p1a: Toxapex|Toxic|p2a: Robinhoot\n|-status|p2a: Robinhoot|tox\n|\n|-heal|p1a: Toxapex|31\/100 brn|[from] item: Leftovers\n|-damage|p2a: Robinhoot|94\/100 tox|[from] psn\n|-damage|p1a: Toxapex|25\/100 brn|[from] brn\n|upkeep\n|turn|7\n|\n|t:|1700162512\n|switch|p1a: Krookodile|Krookodile, F|100\/100\n|-ability|p1a: Krookodile|Intimidate|boost\n|-unboost|p2a: Robinhoot|atk|1\n|move|p2a: Robinhoot|Tera Blast|p1a: Krookodile|[anim] Tera Blast Ground\n|-crit|p1a: Krookodile\n|-damage|p1a: Krookodile|55\/100\n|\n|-heal|p1a: Krookodile|61\/100|[from] item: Leftovers\n|-damage|p2a: Robinhoot|82\/100 tox|[from] psn\n|upkeep\n|turn|8\n|\n|t:|1700162519\n|move|p1a: Krookodile|Knock Off|p2a: Robinhoot\n|-damage|p2a: Robinhoot|55\/100 tox\n|-enditem|p2a: Robinhoot|Eviolite|[from] move: Knock Off|[of] p1a: Krookodile\n|move|p2a: Robinhoot|Leaf Blade|p1a: Krookodile\n|-supereffective|p1a: Krookodile\n|-damage|p1a: Krookodile|20\/100\n|\n|-heal|p1a: Krookodile|26\/100|[from] item: Leftovers\n|-damage|p2a: Robinhoot|37\/100 tox|[from] psn\n|upkeep\n|turn|9\n|\n|t:|1700162531\n|move|p1a: Krookodile|Protect|p1a: Krookodile\n|-singleturn|p1a: Krookodile|Protect\n|move|p2a: Robinhoot|Brave Bird|p1a: Krookodile\n|-activate|p1a: Krookodile|move: Protect\n|\n|-heal|p1a: Krookodile|32\/100|[from] item: Leftovers\n|-damage|p2a: Robinhoot|12\/100 tox|[from] psn\n|upkeep\n|turn|10\n|\n|t:|1700162543\n|move|p1a: Krookodile|Knock Off|p2a: Robinhoot\n|-damage|p2a: Robinhoot|0 fnt\n|faint|p2a: Robinhoot\n|\n|-heal|p1a: Krookodile|38\/100|[from] item: Leftovers\n|upkeep\n|\n|t:|1700162549\n|switch|p2a: QUATRINA|Quaquaval, F|100\/100\n|turn|11\n|\n|t:|1700162553\n|move|p1a: Krookodile|Knock Off|p2a: QUATRINA\n|-resisted|p2a: QUATRINA\n|-damage|p2a: QUATRINA|67\/100\n|-enditem|p2a: QUATRINA|Leftovers|[from] move: Knock Off|[of] p1a: Krookodile\n|move|p2a: QUATRINA|Aqua Step|p1a: Krookodile\n|-supereffective|p1a: Krookodile\n|-damage|p1a: Krookodile|0 fnt\n|-boost|p2a: QUATRINA|spe|1\n|faint|p1a: Krookodile\n|-ability|p2a: QUATRINA|Moxie|boost\n|-boost|p2a: QUATRINA|atk|1\n|\n|upkeep\n|\n|t:|1700162559\n|switch|p1a: Toxapex|Toxapex, M|58\/100 brn\n|turn|12\n|\n|t:|1700162569\n|move|p1a: Toxapex|Baneful Bunker|p1a: Toxapex\n|-singleturn|p1a: Toxapex|move: Protect\n|move|p2a: QUATRINA|Brave Bird|p1a: Toxapex\n|-activate|p1a: Toxapex|move: Protect\n|-status|p2a: QUATRINA|psn\n|\n|-heal|p1a: Toxapex|64\/100 brn|[from] item: Leftovers\n|-damage|p2a: QUATRINA|55\/100 psn|[from] psn\n|-damage|p1a: Toxapex|58\/100 brn|[from] brn\n|upkeep\n|turn|13\n|\n|t:|1700162574\n|move|p2a: QUATRINA|Brave Bird|p1a: Toxapex\n|-damage|p1a: Toxapex|15\/100 brn\n|-damage|p2a: QUATRINA|41\/100 psn|[from] Recoil\n|move|p1a: Toxapex|Haze|p1a: Toxapex\n|-clearallboost\n|\n|-heal|p1a: Toxapex|21\/100 brn|[from] item: Leftovers\n|-damage|p2a: QUATRINA|29\/100 psn|[from] psn\n|-damage|p1a: Toxapex|15\/100 brn|[from] brn\n|upkeep\n|turn|14\n|\n|t:|1700162586\n|move|p1a: Toxapex|Baneful Bunker|p1a: Toxapex\n|-singleturn|p1a: Toxapex|move: Protect\n|move|p2a: QUATRINA|Close Combat|p1a: Toxapex\n|-activate|p1a: Toxapex|move: Protect\n|\n|-heal|p1a: Toxapex|21\/100 brn|[from] item: Leftovers\n|-damage|p2a: QUATRINA|17\/100 psn|[from] psn\n|-damage|p1a: Toxapex|15\/100 brn|[from] brn\n|upkeep\n|turn|15\n|\n|t:|1700162590\n|move|p2a: QUATRINA|Close Combat|p1a: Toxapex\n|-resisted|p1a: Toxapex\n|-damage|p1a: Toxapex|0 fnt\n|-unboost|p2a: QUATRINA|def|1\n|-unboost|p2a: QUATRINA|spd|1\n|faint|p1a: Toxapex\n|-ability|p2a: QUATRINA|Moxie|boost\n|-boost|p2a: QUATRINA|atk|1\n|\n|-damage|p2a: QUATRINA|5\/100 psn|[from] psn\n|upkeep\n|\n|t:|1700162593\n|switch|p1a: Snorlax|Snorlax, F|100\/100\n|turn|16\n|\n|t:|1700162602\n|-terastallize|p1a: Snorlax|Grass\n|move|p2a: QUATRINA|Close Combat|p1a: Snorlax\n|-damage|p1a: Snorlax|40\/100\n|-unboost|p2a: QUATRINA|def|1\n|-unboost|p2a: QUATRINA|spd|1\n|move|p1a: Snorlax|Thunder Punch|p2a: QUATRINA\n|-supereffective|p2a: QUATRINA\n|-damage|p2a: QUATRINA|0 fnt\n|faint|p2a: QUATRINA\n|\n|win|go-go-zeppeli-1890\n|n|\u2606go-go-zeppeli-1890|gogozeppeli1890\n|n|\u2606angrydrampa|angrydrampa\n|n|*Lady Monita \u2746|ladymonita\n|n| Zoroark_Fanboy|zoroarkfanboy\n","uploadtime":1700162603,"views":7,"p1id":"gogozeppeli1890","p2id":"angrydrampa","formatid":"gen9ou","rating":0,"private":0,"password":""}