{"id":"gen9ou-1999414678","p1":"Carchawaii","p2":"1108L","format":"[Gen 9] OU","log":"|j|\u2606Carchawaii\n|j|\u26061108L\n|t:|1701076601\n|gametype|singles\n|player|p1|Carchawaii|cynthia|1403\n|player|p2|1108L|169|1351\n|teamsize|p1|6\n|teamsize|p2|6\n|gen|9\n|tier|[Gen 9] OU\n|rated|\n|rule|Sleep Clause Mod: Limit one foe put to sleep\n|rule|Species Clause: Limit one of each Pok\u00e9mon\n|rule|OHKO Clause: OHKO moves are banned\n|rule|Evasion Items Clause: Evasion items are banned\n|rule|Evasion Moves Clause: Evasion moves are banned\n|rule|Endless Battle Clause: Forcing endless battles is banned\n|rule|HP Percentage Mod: HP is shown in percentages\n|clearpoke\n|poke|p1|Iron Moth|\n|poke|p1|Samurott-Hisui, M|\n|poke|p1|Kingambit, F|\n|poke|p1|Enamorus, F|\n|poke|p1|Great Tusk|\n|poke|p1|Rillaboom, M|\n|poke|p2|Kingambit, F|\n|poke|p2|Glimmora, M|\n|poke|p2|Dragapult, M|\n|poke|p2|Gholdengo|\n|poke|p2|Ogerpon-Wellspring, F|\n|poke|p2|Iron Moth|\n|teampreview\n|inactive|Battle timer is ON: inactive players will automatically lose when time's up. (requested by Carchawaii)\n|\n|t:|1701076608\n|start\n|switch|p1a: Samurott|Samurott-Hisui, M|100\/100\n|switch|p2a: Glimmora|Glimmora, M|100\/100\n|turn|1\n|\n|t:|1701076615\n|move|p2a: Glimmora|Stealth Rock|p1a: Samurott\n|-sidestart|p1: Carchawaii|move: Stealth Rock\n|move|p1a: Samurott|Surf|p2a: Glimmora\n|-supereffective|p2a: Glimmora\n|-damage|p2a: Glimmora|2\/100\n|\n|upkeep\n|turn|2\n|\n|t:|1701076623\n|switch|p2a: Ogerpon|Ogerpon-Wellspring, F|100\/100\n|move|p1a: Samurott|Surf|p2a: Ogerpon\n|-immune|p2a: Ogerpon|[from] ability: Water Absorb\n|\n|upkeep\n|turn|3\n|\n|t:|1701076630\n|move|p2a: Ogerpon|Substitute|p2a: Ogerpon\n|-start|p2a: Ogerpon|Substitute\n|-damage|p2a: Ogerpon|76\/100\n|move|p1a: Samurott|Ceaseless Edge|p2a: Ogerpon\n|-end|p2a: Ogerpon|Substitute\n|-sidestart|p2: 1108L|Spikes\n|\n|upkeep\n|turn|4\n|\n|t:|1701076637\n|move|p2a: Ogerpon|Horn Leech|p1a: Samurott\n|-supereffective|p1a: Samurott\n|-enditem|p1a: Samurott|Focus Sash\n|-damage|p1a: Samurott|1\/100\n|-heal|p2a: Ogerpon|100\/100|[from] drain|[of] p1a: Samurott\n|move|p1a: Samurott|Ceaseless Edge|p2a: Ogerpon\n|-damage|p2a: Ogerpon|40\/100\n|-sidestart|p2: 1108L|Spikes\n|\n|upkeep\n|turn|5\n|\n|t:|1701076647\n|move|p2a: Ogerpon|Horn Leech|p1a: Samurott\n|-supereffective|p1a: Samurott\n|-damage|p1a: Samurott|0 fnt\n|-heal|p2a: Ogerpon|41\/100|[from] drain|[of] p1a: Samurott\n|faint|p1a: Samurott\n|\n|upkeep\n|\n|t:|1701076654\n|switch|p1a: Enamorus|Enamorus, F|100\/100\n|-damage|p1a: Enamorus|76\/100|[from] Stealth Rock\n|turn|6\n|\n|t:|1701076661\n|switch|p2a: Glimmora|Glimmora, M|2\/100\n|-damage|p2a: Glimmora|0 fnt|[from] Spikes\n|faint|p2a: Glimmora\n|move|p1a: Enamorus|Moonblast|p2: Glimmora|[notarget]\n|-fail|p1a: Enamorus\n|\n|upkeep\n|\n|t:|1701076666\n|switch|p2a: Iron Moth|Iron Moth|100\/100\n|-damage|p2a: Iron Moth|84\/100|[from] Spikes\n|-enditem|p2a: Iron Moth|Booster Energy\n|-activate|p2a: Iron Moth|ability: Quark Drive|[fromitem]\n|-start|p2a: Iron Moth|quarkdrivespa\n|turn|7\n|\n|t:|1701076684\n|switch|p1a: Iron Moth|Iron Moth|100\/100\n|-damage|p1a: Iron Moth|76\/100|[from] Stealth Rock\n|-enditem|p1a: Iron Moth|Booster Energy\n|-activate|p1a: Iron Moth|ability: Quark Drive|[fromitem]\n|-start|p1a: Iron Moth|quarkdrivespe\n|move|p2a: Iron Moth|Substitute|p2a: Iron Moth\n|-start|p2a: Iron Moth|Substitute\n|-damage|p2a: Iron Moth|59\/100\n|\n|upkeep\n|turn|8\n|\n|t:|1701076695\n|move|p1a: Iron Moth|Substitute|p1a: Iron Moth\n|-start|p1a: Iron Moth|Substitute\n|-damage|p1a: Iron Moth|51\/100\n|move|p2a: Iron Moth|Fiery Dance|p1a: Iron Moth\n|-resisted|p1a: Iron Moth\n|-end|p1a: Iron Moth|Substitute\n|\n|upkeep\n|turn|9\n|\n|t:|1701076702\n|move|p1a: Iron Moth|Fiery Dance|p2a: Iron Moth\n|-resisted|p2a: Iron Moth\n|-activate|p2a: Iron Moth|move: Substitute|[damage]\n|-boost|p1a: Iron Moth|spa|1\n|move|p2a: Iron Moth|Fiery Dance|p1a: Iron Moth\n|-resisted|p1a: Iron Moth\n|-damage|p1a: Iron Moth|24\/100\n|-boost|p2a: Iron Moth|spa|1\n|\n|upkeep\n|turn|10\n|\n|t:|1701076712\n|move|p1a: Iron Moth|Fiery Dance|p2a: Iron Moth\n|-resisted|p2a: Iron Moth\n|-end|p2a: Iron Moth|Substitute\n|-boost|p1a: Iron Moth|spa|1\n|move|p2a: Iron Moth|Fiery Dance|p1a: Iron Moth\n|-resisted|p1a: Iron Moth\n|-crit|p1a: Iron Moth\n|-damage|p1a: Iron Moth|0 fnt\n|-boost|p2a: Iron Moth|spa|1\n|faint|p1a: Iron Moth\n|-end|p1a: Iron Moth|Quark Drive|[silent]\n|\n|upkeep\n|\n|t:|1701076725\n|switch|p1a: Enamorus|Enamorus, F|76\/100\n|-damage|p1a: Enamorus|51\/100|[from] Stealth Rock\n|turn|11\n|\n|t:|1701076736\n|-end|p2a: Iron Moth|Quark Drive|[silent]\n|switch|p2a: Ogerpon|Ogerpon-Wellspring, F|41\/100\n|-damage|p2a: Ogerpon|24\/100|[from] Spikes\n|move|p1a: Enamorus|Earth Power|p2a: Ogerpon\n|-resisted|p2a: Ogerpon\n|-damage|p2a: Ogerpon|5\/100\n|\n|upkeep\n|turn|12\n|\n|t:|1701076744\n|move|p1a: Enamorus|Earth Power|p2a: Ogerpon\n|-resisted|p2a: Ogerpon\n|-damage|p2a: Ogerpon|0 fnt\n|faint|p2a: Ogerpon\n|\n|upkeep\n|\n|t:|1701076751\n|switch|p2a: Dragapult|Dragapult, M|100\/100\n|-damage|p2a: Dragapult|84\/100|[from] Spikes\n|turn|13\n|\n|t:|1701076756\n|switch|p1a: Kingambit|Kingambit, F|100\/100\n|-damage|p1a: Kingambit|94\/100|[from] Stealth Rock\n|-activate|p1a: Kingambit|ability: Supreme Overlord\n|-start|p1a: Kingambit|fallen2|[silent]\n|move|p2a: Dragapult|U-turn|p1a: Kingambit\n|-damage|p1a: Kingambit|79\/100\n|-damage|p2a: Dragapult|74\/100|[from] item: Life Orb\n|\n|t:|1701076770\n|switch|p2a: Gholdengo|Gholdengo|100\/100|[from] U-turn\n|-damage|p2a: Gholdengo|84\/100|[from] Spikes\n|\n|-heal|p1a: Kingambit|85\/100|[from] item: Leftovers\n|upkeep\n|turn|14\n|\n|t:|1701076783\n|-end|p1a: Kingambit|fallen2|[silent]\n|switch|p1a: Great Tusk|Great Tusk|100\/100\n|-damage|p1a: Great Tusk|98\/100|[from] Stealth Rock\n|-terastallize|p2a: Gholdengo|Fairy\n|move|p2a: Gholdengo|Dazzling Gleam|p1a: Great Tusk\n|-supereffective|p1a: Great Tusk\n|-damage|p1a: Great Tusk|0 fnt\n|faint|p1a: Great Tusk\n|-end|p1a: Great Tusk|Protosynthesis|[silent]\n|\n|upkeep\n|\n|t:|1701076794\n|switch|p1a: Rillaboom|Rillaboom, M|100\/100\n|-damage|p1a: Rillaboom|88\/100|[from] Stealth Rock\n|-fieldstart|move: Grassy Terrain|[from] ability: Grassy Surge|[of] p1a: Rillaboom\n|turn|15\n|\n|t:|1701076802\n|switch|p2a: Iron Moth|Iron Moth|59\/100\n|-damage|p2a: Iron Moth|42\/100|[from] Spikes\n|move|p1a: Rillaboom|Grassy Glide|p2a: Iron Moth\n|-resisted|p2a: Iron Moth\n|-damage|p2a: Iron Moth|19\/100\n|\n|-heal|p2a: Iron Moth|25\/100|[from] Grassy Terrain\n|-heal|p1a: Rillaboom|94\/100|[from] Grassy Terrain\n|upkeep\n|turn|16\n|\n|t:|1701076814\n|-terastallize|p1a: Rillaboom|Grass\n|move|p1a: Rillaboom|Grassy Glide|p2a: Iron Moth\n|-resisted|p2a: Iron Moth\n|-damage|p2a: Iron Moth|0 fnt\n|faint|p2a: Iron Moth\n|-end|p2a: Iron Moth|Quark Drive|[silent]\n|\n|-heal|p1a: Rillaboom|100\/100|[from] Grassy Terrain\n|upkeep\n|\n|t:|1701076820\n|switch|p2a: Kingambit|Kingambit, F|100\/100\n|-damage|p2a: Kingambit|84\/100|[from] Spikes\n|-activate|p2a: Kingambit|ability: Supreme Overlord\n|-start|p2a: Kingambit|fallen3|[silent]\n|turn|17\n|\n|t:|1701076828\n|switch|p1a: Kingambit|Kingambit, F|85\/100\n|-damage|p1a: Kingambit|79\/100|[from] Stealth Rock\n|-activate|p1a: Kingambit|ability: Supreme Overlord\n|-start|p1a: Kingambit|fallen3|[silent]\n|move|p2a: Kingambit|Kowtow Cleave|p1a: Kingambit\n|-resisted|p1a: Kingambit\n|-damage|p1a: Kingambit|53\/100\n|\n|-heal|p1a: Kingambit|60\/100|[from] Grassy Terrain\n|-heal|p1a: Kingambit|66\/100|[from] item: Leftovers\n|-heal|p2a: Kingambit|90\/100|[from] Grassy Terrain\n|-heal|p2a: Kingambit|96\/100|[from] item: Leftovers\n|upkeep\n|turn|18\n|\n|t:|1701076847\n|-end|p2a: Kingambit|fallen3|[silent]\n|switch|p2a: Gholdengo|Gholdengo, tera:Fairy|84\/100\n|-damage|p2a: Gholdengo|67\/100|[from] Spikes\n|move|p1a: Kingambit|Low Kick|p2a: Gholdengo\n|-resisted|p2a: Gholdengo\n|-damage|p2a: Gholdengo|55\/100\n|\n|-heal|p2a: Gholdengo|61\/100|[from] Grassy Terrain\n|-heal|p1a: Kingambit|72\/100|[from] Grassy Terrain\n|-heal|p1a: Kingambit|78\/100|[from] item: Leftovers\n|upkeep\n|turn|19\n|\n|t:|1701076859\n|-end|p1a: Kingambit|fallen3|[silent]\n|switch|p1a: Enamorus|Enamorus, F|51\/100\n|-damage|p1a: Enamorus|26\/100|[from] Stealth Rock\n|move|p2a: Gholdengo|Dazzling Gleam|p1a: Enamorus\n|-damage|p1a: Enamorus|0 fnt\n|faint|p1a: Enamorus\n|\n|-heal|p2a: Gholdengo|67\/100|[from] Grassy Terrain\n|-fieldend|move: Grassy Terrain\n|upkeep\n|\n|t:|1701076871\n|switch|p1a: Rillaboom|Rillaboom, M, tera:Grass|100\/100\n|-damage|p1a: Rillaboom|88\/100|[from] Stealth Rock\n|-fieldstart|move: Grassy Terrain|[from] ability: Grassy Surge|[of] p1a: Rillaboom\n|turn|20\n|\n|t:|1701076881\n|switch|p2a: Dragapult|Dragapult, M|74\/100\n|-damage|p2a: Dragapult|58\/100|[from] Spikes\n|move|p1a: Rillaboom|Grassy Glide|p2a: Dragapult\n|-resisted|p2a: Dragapult\n|-damage|p2a: Dragapult|10\/100\n|\n|-heal|p2a: Dragapult|16\/100|[from] Grassy Terrain\n|-heal|p1a: Rillaboom|94\/100|[from] Grassy Terrain\n|upkeep\n|turn|21\n|\n|t:|1701076892\n|move|p1a: Rillaboom|Grassy Glide|p2a: Dragapult\n|-resisted|p2a: Dragapult\n|-damage|p2a: Dragapult|0 fnt\n|faint|p2a: Dragapult\n|\n|-heal|p1a: Rillaboom|100\/100|[from] Grassy Terrain\n|upkeep\n|\n|t:|1701076896\n|switch|p2a: Gholdengo|Gholdengo, tera:Fairy|67\/100\n|-damage|p2a: Gholdengo|50\/100|[from] Spikes\n|turn|22\n|\n|t:|1701076903\n|move|p1a: Rillaboom|Grassy Glide|p2a: Gholdengo\n|-damage|p2a: Gholdengo|0 fnt\n|faint|p2a: Gholdengo\n|\n|upkeep\n|\n|t:|1701076907\n|switch|p2a: Kingambit|Kingambit, F|96\/100\n|-damage|p2a: Kingambit|80\/100|[from] Spikes\n|-activate|p2a: Kingambit|ability: Supreme Overlord\n|-start|p2a: Kingambit|fallen5|[silent]\n|turn|23\n|\n|t:|1701076915\n|move|p1a: Rillaboom|Grassy Glide|p2a: Kingambit\n|-resisted|p2a: Kingambit\n|-damage|p2a: Kingambit|52\/100\n|move|p2a: Kingambit|Swords Dance|p2a: Kingambit\n|-boost|p2a: Kingambit|atk|2\n|\n|-heal|p2a: Kingambit|58\/100|[from] Grassy Terrain\n|-heal|p2a: Kingambit|65\/100|[from] item: Leftovers\n|upkeep\n|turn|24\n|\n|t:|1701076921\n|switch|p1a: Kingambit|Kingambit, F|78\/100\n|-damage|p1a: Kingambit|72\/100|[from] Stealth Rock\n|-activate|p1a: Kingambit|ability: Supreme Overlord\n|-start|p1a: Kingambit|fallen4|[silent]\n|move|p2a: Kingambit|Kowtow Cleave|p1a: Kingambit\n|-resisted|p1a: Kingambit\n|-damage|p1a: Kingambit|14\/100\n|\n|-heal|p1a: Kingambit|20\/100|[from] Grassy Terrain\n|-heal|p1a: Kingambit|27\/100|[from] item: Leftovers\n|-heal|p2a: Kingambit|71\/100|[from] Grassy Terrain\n|-heal|p2a: Kingambit|77\/100|[from] item: Leftovers\n|-fieldend|move: Grassy Terrain\n|upkeep\n|turn|25\n|\n|t:|1701076937\n|move|p2a: Kingambit|Sucker Punch|p1a: Kingambit\n|-resisted|p1a: Kingambit\n|-damage|p1a: Kingambit|0 fnt\n|faint|p1a: Kingambit\n|-end|p1a: Kingambit|fallen4|[silent]\n|\n|-heal|p2a: Kingambit|83\/100|[from] item: Leftovers\n|upkeep\n|\n|t:|1701076944\n|switch|p1a: Rillaboom|Rillaboom, M, tera:Grass|100\/100\n|-damage|p1a: Rillaboom|88\/100|[from] Stealth Rock\n|-fieldstart|move: Grassy Terrain|[from] ability: Grassy Surge|[of] p1a: Rillaboom\n|turn|26\n|\n|t:|1701076950\n|move|p1a: Rillaboom|Drain Punch|p2a: Kingambit\n|-supereffective|p2a: Kingambit\n|-damage|p2a: Kingambit|0 fnt\n|-heal|p1a: Rillaboom|100\/100|[from] drain|[of] p2a: Kingambit\n|faint|p2a: Kingambit\n|-end|p2a: Kingambit|fallen5|[silent]\n|\n|win|Carchawaii\n|raw|Carchawaii's rating: 1403 &rarr; <strong>1420<\/strong><br \/>(+17 for winning)\n|raw|1108L's rating: 1351 &rarr; <strong>1334<\/strong><br \/>(-17 for losing)\n|c|\u26061108L|GG\n|l|\u26061108L\n|c|\u2606Carchawaii|Why not sucker punch ??\n","uploadtime":1701076980,"views":7,"p1id":"carchawaii","p2id":"1108l","formatid":"gen9ou","rating":1334,"private":0,"password":""}