{"id":"gen9ou-1993876644","p1":"taoke","p2":"ayyk_47","format":"[Gen 9] OU","log":"|j|\u2606taoke\n|j|\u2606ayyk_47\n|t:|1700368762\n|gametype|singles\n|player|p1|taoke|cyclist|1584\n|player|p2|ayyk_47|medium|1601\n|teamsize|p1|6\n|teamsize|p2|6\n|gen|9\n|tier|[Gen 9] OU\n|rated|\n|rule|Sleep Clause Mod: Limit one foe put to sleep\n|rule|Species Clause: Limit one of each Pok\u00e9mon\n|rule|OHKO Clause: OHKO moves are banned\n|rule|Evasion Items Clause: Evasion items are banned\n|rule|Evasion Moves Clause: Evasion moves are banned\n|rule|Endless Battle Clause: Forcing endless battles is banned\n|rule|HP Percentage Mod: HP is shown in percentages\n|clearpoke\n|poke|p1|Walking Wake|\n|poke|p1|Great Tusk|\n|poke|p1|Ting-Lu|\n|poke|p1|Gholdengo|\n|poke|p1|Vaporeon, F|\n|poke|p1|Kingambit, M|\n|poke|p2|Dondozo, F|\n|poke|p2|Clefable, F|\n|poke|p2|Dragapult, F|\n|poke|p2|Skeledirge, F|\n|poke|p2|Meowscarada, F|\n|poke|p2|Zapdos|\n|teampreview\n|inactive|Battle timer is ON: inactive players will automatically lose when time's up. (requested by ayyk_47)\n|c|\u2606ayyk_47|hf\n|c|\u2606taoke|hf\n|\n|t:|1700368786\n|start\n|switch|p1a: Ting-Lu|Ting-Lu|100\/100\n|switch|p2a: Double DDarts|Dragapult, F|100\/100\n|-ability|p1a: Ting-Lu|Vessel of Ruin\n|turn|1\n|j| simplegent\n|\n|t:|1700368793\n|move|p2a: Double DDarts|Will-O-Wisp|p1a: Ting-Lu\n|-status|p1a: Ting-Lu|brn\n|move|p1a: Ting-Lu|Ruination|p2a: Double DDarts\n|-damage|p2a: Double DDarts|51\/100\n|\n|-damage|p1a: Ting-Lu|94\/100 brn|[from] brn\n|upkeep\n|turn|2\n|\n|t:|1700368800\n|move|p2a: Double DDarts|U-turn|p1a: Ting-Lu\n|-supereffective|p1a: Ting-Lu\n|-damage|p1a: Ting-Lu|75\/100 brn\n|\n|t:|1700368802\n|switch|p2a: clof|Clefable, F, shiny|100\/100|[from] U-turn\n|move|p1a: Ting-Lu|Stealth Rock|p2a: clof\n|-sidestart|p2: ayyk_47|move: Stealth Rock\n|\n|-heal|p1a: Ting-Lu|81\/100 brn|[from] item: Leftovers\n|-damage|p1a: Ting-Lu|75\/100 brn|[from] brn\n|upkeep\n|turn|3\n|\n|t:|1700368807\n|switch|p1a: Kingambit|Kingambit, M|100\/100\n|move|p2a: clof|Knock Off|p1a: Kingambit\n|-resisted|p1a: Kingambit\n|-damage|p1a: Kingambit|95\/100\n|-enditem|p1a: Kingambit|Leftovers|[from] move: Knock Off|[of] p2a: clof\n|\n|upkeep\n|turn|4\n|\n|t:|1700368812\n|switch|p2a: THUNDERSTRUCK|Zapdos, shiny|100\/100\n|move|p1a: Kingambit|Iron Head|p2a: THUNDERSTRUCK\n|-resisted|p2a: THUNDERSTRUCK\n|-damage|p2a: THUNDERSTRUCK|80\/100\n|\n|upkeep\n|turn|5\n|\n|t:|1700368819\n|move|p2a: THUNDERSTRUCK|Thunder Wave|p1a: Kingambit\n|-status|p1a: Kingambit|par\n|move|p1a: Kingambit|Kowtow Cleave|p2a: THUNDERSTRUCK\n|-damage|p2a: THUNDERSTRUCK|37\/100\n|\n|upkeep\n|turn|6\n|\n|t:|1700368826\n|move|p2a: THUNDERSTRUCK|Roost|p2a: THUNDERSTRUCK\n|-heal|p2a: THUNDERSTRUCK|87\/100\n|-singleturn|p2a: THUNDERSTRUCK|move: Roost\n|move|p1a: Kingambit|Kowtow Cleave|p2a: THUNDERSTRUCK\n|-damage|p2a: THUNDERSTRUCK|44\/100\n|\n|upkeep\n|turn|7\n|\n|t:|1700368835\n|move|p2a: THUNDERSTRUCK|Roost|p2a: THUNDERSTRUCK\n|-heal|p2a: THUNDERSTRUCK|94\/100\n|-singleturn|p2a: THUNDERSTRUCK|move: Roost\n|move|p1a: Kingambit|Swords Dance|p1a: Kingambit\n|-boost|p1a: Kingambit|atk|2\n|\n|upkeep\n|turn|8\n|\n|t:|1700368840\n|move|p2a: THUNDERSTRUCK|Volt Switch|p1a: Kingambit\n|-damage|p1a: Kingambit|64\/100 par\n|\n|t:|1700368842\n|switch|p2a: Big Body Benz|Dondozo, F, shiny|100\/100|[from] Volt Switch\n|cant|p1a: Kingambit|par\n|\n|upkeep\n|turn|9\n|\n|t:|1700368850\n|-end|p1a: Kingambit|fallenundefined|[silent]\n|switch|p1a: Gholdengo|Gholdengo|100\/100\n|move|p2a: Big Body Benz|Curse|p2a: Big Body Benz\n|-unboost|p2a: Big Body Benz|spe|1\n|-boost|p2a: Big Body Benz|atk|1\n|-boost|p2a: Big Body Benz|def|1\n|\n|upkeep\n|turn|10\n|\n|t:|1700368857\n|switch|p1a: Vaporeon|Vaporeon, F|100\/100\n|move|p2a: Big Body Benz|Earthquake|p1a: Vaporeon\n|-damage|p1a: Vaporeon|74\/100\n|\n|-heal|p1a: Vaporeon|80\/100|[from] item: Leftovers\n|upkeep\n|turn|11\n|\n|t:|1700368864\n|switch|p2a: clof|Clefable, F, shiny|100\/100\n|move|p1a: Vaporeon|Haze|p1a: Vaporeon\n|-clearallboost\n|\n|-heal|p1a: Vaporeon|86\/100|[from] item: Leftovers\n|upkeep\n|turn|12\n|\n|t:|1700368876\n|switch|p1a: Gholdengo|Gholdengo|100\/100\n|move|p2a: clof|Stealth Rock|p1a: Gholdengo\n|-sidestart|p1: taoke|move: Stealth Rock\n|\n|upkeep\n|turn|13\n|\n|t:|1700368883\n|switch|p2a: Meowscarada|Meowscarada, F, shiny|100\/100\n|move|p1a: Gholdengo|Make It Rain|p2a: Meowscarada\n|-damage|p2a: Meowscarada|15\/100\n|-unboost|p1a: Gholdengo|spa|1\n|\n|upkeep\n|turn|14\n|\n|t:|1700368905\n|switch|p1a: Kingambit|Kingambit, M|64\/100 par\n|-damage|p1a: Kingambit|58\/100 par|[from] Stealth Rock\n|move|p2a: Meowscarada|Spikes|p1a: Kingambit\n|-sidestart|p1: taoke|Spikes\n|\n|upkeep\n|turn|15\n|\n|t:|1700368933\n|move|p2a: Meowscarada|U-turn|p1a: Kingambit\n|-damage|p1a: Kingambit|43\/100 par\n|\n|t:|1700368938\n|switch|p2a: Big Body Benz|Dondozo, F, shiny|100\/100|[from] U-turn\n|move|p1a: Kingambit|Kowtow Cleave|p2a: Big Body Benz\n|-damage|p2a: Big Body Benz|68\/100\n|\n|upkeep\n|turn|16\n|\n|t:|1700368946\n|-end|p1a: Kingambit|fallenundefined|[silent]\n|switch|p1a: Great Tusk|Great Tusk|100\/100\n|-damage|p1a: Great Tusk|98\/100|[from] Stealth Rock\n|-damage|p1a: Great Tusk|85\/100|[from] Spikes\n|move|p2a: Big Body Benz|Earthquake|p1a: Great Tusk\n|-damage|p1a: Great Tusk|70\/100\n|\n|-heal|p1a: Great Tusk|76\/100|[from] item: Leftovers\n|upkeep\n|turn|17\n|\n|t:|1700368954\n|switch|p2a: clof|Clefable, F, shiny|100\/100\n|move|p1a: Great Tusk|Rapid Spin|p2a: clof\n|-damage|p2a: clof|88\/100\n|-boost|p1a: Great Tusk|spe|1\n|-sideend|p1: taoke|Spikes|[from] move: Rapid Spin|[of] p1a: Great Tusk\n|-sideend|p1: taoke|Stealth Rock|[from] move: Rapid Spin|[of] p1a: Great Tusk\n|\n|-heal|p1a: Great Tusk|82\/100|[from] item: Leftovers\n|-heal|p2a: clof|94\/100|[from] item: Leftovers\n|upkeep\n|turn|18\n|\n|t:|1700368963\n|move|p1a: Great Tusk|Headlong Rush|p2a: clof\n|-damage|p2a: clof|49\/100\n|-unboost|p1a: Great Tusk|def|1\n|-unboost|p1a: Great Tusk|spd|1\n|move|p2a: clof|Knock Off|p1a: Great Tusk\n|-resisted|p1a: Great Tusk\n|-damage|p1a: Great Tusk|73\/100\n|-enditem|p1a: Great Tusk|Leftovers|[from] move: Knock Off|[of] p2a: clof\n|\n|-heal|p2a: clof|56\/100|[from] item: Leftovers\n|upkeep\n|turn|19\n|\n|t:|1700368970\n|move|p1a: Great Tusk|Headlong Rush|p2a: clof\n|-damage|p2a: clof|7\/100\n|-unboost|p1a: Great Tusk|def|1\n|-unboost|p1a: Great Tusk|spd|1\n|move|p2a: clof|Moonlight|p2a: clof\n|-heal|p2a: clof|57\/100\n|\n|-heal|p2a: clof|63\/100|[from] item: Leftovers\n|upkeep\n|turn|20\n|\n|t:|1700368985\n|-end|p1a: Great Tusk|Protosynthesis|[silent]\n|switch|p1a: Walking Wake|Walking Wake|100\/100\n|move|p2a: clof|Moonlight|p2a: clof\n|-heal|p2a: clof|100\/100\n|\n|upkeep\n|turn|21\n|\n|t:|1700368994\n|move|p1a: Walking Wake|Hydro Steam|p2a: clof\n|-damage|p2a: clof|47\/100\n|move|p2a: clof|Moonblast|p1a: Walking Wake\n|-supereffective|p1a: Walking Wake\n|-damage|p1a: Walking Wake|22\/100\n|-unboost|p1a: Walking Wake|spa|1\n|\n|-heal|p2a: clof|53\/100|[from] item: Leftovers\n|upkeep\n|turn|22\n|\n|t:|1700369002\n|-end|p1a: Walking Wake|Protosynthesis|[silent]\n|switch|p1a: Gholdengo|Gholdengo|100\/100\n|move|p2a: clof|Moonlight|p2a: clof\n|-heal|p2a: clof|100\/100\n|\n|upkeep\n|turn|23\n|\n|t:|1700369018\n|switch|p2a: Big Body Benz|Dondozo, F, shiny|68\/100\n|move|p1a: Gholdengo|Nasty Plot|p1a: Gholdengo\n|-boost|p1a: Gholdengo|spa|2\n|\n|upkeep\n|turn|24\n|\n|t:|1700369030\n|move|p1a: Gholdengo|Shadow Ball|p2a: Big Body Benz\n|-damage|p2a: Big Body Benz|45\/100\n|move|p2a: Big Body Benz|Curse|p2a: Big Body Benz\n|-unboost|p2a: Big Body Benz|spe|1\n|-boost|p2a: Big Body Benz|atk|1\n|-boost|p2a: Big Body Benz|def|1\n|\n|upkeep\n|turn|25\n|\n|t:|1700369041\n|switch|p2a: Meowscarada|Meowscarada, F, shiny|15\/100\n|move|p1a: Gholdengo|Shadow Ball|p2a: Meowscarada\n|-resisted|p2a: Meowscarada\n|-damage|p2a: Meowscarada|0 fnt\n|faint|p2a: Meowscarada\n|\n|upkeep\n|\n|t:|1700369048\n|switch|p2a: Big Body Benz|Dondozo, F, shiny|45\/100\n|turn|26\n|\n|t:|1700369052\n|move|p1a: Gholdengo|Shadow Ball|p2a: Big Body Benz\n|-damage|p2a: Big Body Benz|22\/100\n|move|p2a: Big Body Benz|Rest|p2a: Big Body Benz\n|-status|p2a: Big Body Benz|slp|[from] move: Rest\n|-heal|p2a: Big Body Benz|100\/100 slp|[silent]\n|\n|upkeep\n|turn|27\n|\n|t:|1700369058\n|move|p1a: Gholdengo|Shadow Ball|p2a: Big Body Benz\n|-damage|p2a: Big Body Benz|79\/100 slp\n|-unboost|p2a: Big Body Benz|spd|1\n|cant|p2a: Big Body Benz|slp\n|\n|upkeep\n|turn|28\n|\n|t:|1700369063\n|move|p1a: Gholdengo|Shadow Ball|p2a: Big Body Benz\n|-damage|p2a: Big Body Benz|45\/100 slp\n|cant|p2a: Big Body Benz|slp\n|\n|upkeep\n|turn|29\n|\n|t:|1700369068\n|move|p1a: Gholdengo|Shadow Ball|p2a: Big Body Benz\n|-damage|p2a: Big Body Benz|11\/100 slp\n|-curestatus|p2a: Big Body Benz|slp|[msg]\n|move|p2a: Big Body Benz|Rest|p2a: Big Body Benz\n|-status|p2a: Big Body Benz|slp|[from] move: Rest\n|-heal|p2a: Big Body Benz|100\/100 slp|[silent]\n|\n|upkeep\n|turn|30\n|\n|t:|1700369075\n|switch|p2a: THUNDERSTRUCK|Zapdos, shiny|94\/100\n|move|p1a: Gholdengo|Shadow Ball|p2a: THUNDERSTRUCK\n|-damage|p2a: THUNDERSTRUCK|22\/100\n|\n|upkeep\n|turn|31\n|\n|t:|1700369084\n|move|p2a: THUNDERSTRUCK|Hurricane|p1a: Gholdengo|[miss]\n|-miss|p2a: THUNDERSTRUCK|p1a: Gholdengo\n|move|p1a: Gholdengo|Shadow Ball|p2a: THUNDERSTRUCK\n|-damage|p2a: THUNDERSTRUCK|0 fnt\n|faint|p2a: THUNDERSTRUCK\n|\n|upkeep\n|\n|t:|1700369094\n|switch|p2a: Croc Pot|Skeledirge, F, shiny|100\/100\n|turn|32\n|\n|t:|1700369098\n|-terastallize|p1a: Gholdengo|Water\n|-terastallize|p2a: Croc Pot|Water\n|move|p1a: Gholdengo|Shadow Ball|p2a: Croc Pot\n|-damage|p2a: Croc Pot|70\/100\n|move|p2a: Croc Pot|Torch Song|p1a: Gholdengo\n|-resisted|p1a: Gholdengo\n|-damage|p1a: Gholdengo|90\/100\n|-boost|p2a: Croc Pot|spa|1\n|\n|-heal|p1a: Gholdengo|96\/100|[from] item: Leftovers\n|upkeep\n|turn|33\n|\n|t:|1700369107\n|switch|p1a: Vaporeon|Vaporeon, F|86\/100\n|move|p2a: Croc Pot|Slack Off|p2a: Croc Pot\n|-heal|p2a: Croc Pot|100\/100\n|\n|-heal|p1a: Vaporeon|93\/100|[from] item: Leftovers\n|upkeep\n|turn|34\n|\n|t:|1700369113\n|move|p1a: Vaporeon|Protect|p1a: Vaporeon\n|-singleturn|p1a: Vaporeon|Protect\n|move|p2a: Croc Pot|Will-O-Wisp|p1a: Vaporeon\n|-activate|p1a: Vaporeon|move: Protect\n|\n|-heal|p1a: Vaporeon|99\/100|[from] item: Leftovers\n|upkeep\n|turn|35\n|\n|t:|1700369126\n|switch|p1a: Walking Wake|Walking Wake|22\/100\n|move|p2a: Croc Pot|Will-O-Wisp|p1a: Walking Wake\n|-status|p1a: Walking Wake|brn\n|\n|-damage|p1a: Walking Wake|16\/100 brn|[from] brn\n|upkeep\n|turn|36\n|\n|t:|1700369134\n|switch|p2a: clof|Clefable, F, shiny|100\/100\n|move|p1a: Walking Wake|Draco Meteor|p2a: clof\n|-immune|p2a: clof\n|\n|-damage|p1a: Walking Wake|10\/100 brn|[from] brn\n|upkeep\n|turn|37\n|\n|t:|1700369145\n|-end|p1a: Walking Wake|Protosynthesis|[silent]\n|switch|p1a: Gholdengo|Gholdengo, tera:Water|96\/100\n|move|p2a: clof|Stealth Rock|p1a: Gholdengo\n|-sidestart|p1: taoke|move: Stealth Rock\n|\n|-heal|p1a: Gholdengo|100\/100|[from] item: Leftovers\n|upkeep\n|turn|38\n|\n|t:|1700369157\n|switch|p2a: Croc Pot|Skeledirge, F, shiny, tera:Water|100\/100\n|move|p1a: Gholdengo|Make It Rain|p2a: Croc Pot\n|-resisted|p2a: Croc Pot\n|-damage|p2a: Croc Pot|79\/100\n|-unboost|p1a: Gholdengo|spa|1\n|\n|upkeep\n|turn|39\n|\n|t:|1700369164\n|switch|p1a: Vaporeon|Vaporeon, F|99\/100\n|-damage|p1a: Vaporeon|86\/100|[from] Stealth Rock\n|move|p2a: Croc Pot|Torch Song|p1a: Vaporeon\n|-resisted|p1a: Vaporeon\n|-damage|p1a: Vaporeon|75\/100\n|-boost|p2a: Croc Pot|spa|1\n|\n|-heal|p1a: Vaporeon|81\/100|[from] item: Leftovers\n|upkeep\n|turn|40\n|\n|t:|1700369172\n|move|p1a: Vaporeon|Protect|p1a: Vaporeon\n|-singleturn|p1a: Vaporeon|Protect\n|move|p2a: Croc Pot|Slack Off|p2a: Croc Pot\n|-heal|p2a: Croc Pot|100\/100\n|\n|-heal|p1a: Vaporeon|87\/100|[from] item: Leftovers\n|upkeep\n|turn|41\n|\n|t:|1700369177\n|move|p2a: Croc Pot|Will-O-Wisp|p1a: Vaporeon|[miss]\n|-miss|p2a: Croc Pot|p1a: Vaporeon\n|move|p1a: Vaporeon|Haze|p1a: Vaporeon\n|-clearallboost\n|\n|-heal|p1a: Vaporeon|94\/100|[from] item: Leftovers\n|upkeep\n|turn|42\n|\n|t:|1700369187\n|move|p1a: Vaporeon|Protect|p1a: Vaporeon\n|-singleturn|p1a: Vaporeon|Protect\n|move|p2a: Croc Pot|Torch Song|p1a: Vaporeon\n|-activate|p1a: Vaporeon|move: Protect\n|\n|-heal|p1a: Vaporeon|99\/100|[from] item: Leftovers\n|upkeep\n|turn|43\n|\n|t:|1700369192\n|move|p2a: Croc Pot|Will-O-Wisp|p1a: Vaporeon\n|-status|p1a: Vaporeon|brn\n|move|p1a: Vaporeon|Wish|p1a: Vaporeon\n|\n|-heal|p1a: Vaporeon|100\/100 brn|[from] item: Leftovers\n|-damage|p1a: Vaporeon|94\/100 brn|[from] brn\n|upkeep\n|turn|44\n|\n|t:|1700369200\n|move|p2a: Croc Pot|Torch Song|p1a: Vaporeon\n|-resisted|p1a: Vaporeon\n|-damage|p1a: Vaporeon|83\/100 brn\n|-boost|p2a: Croc Pot|spa|1\n|move|p1a: Vaporeon|Scald|p2a: Croc Pot\n|-resisted|p2a: Croc Pot\n|-damage|p2a: Croc Pot|88\/100\n|\n|-heal|p1a: Vaporeon|100\/100 brn|[from] move: Wish|[wisher] Vaporeon\n|-damage|p1a: Vaporeon|94\/100 brn|[from] brn\n|upkeep\n|turn|45\n|\n|t:|1700369209\n|move|p2a: Croc Pot|Hex|p1a: Vaporeon\n|-damage|p1a: Vaporeon|39\/100 brn\n|move|p1a: Vaporeon|Haze|p1a: Vaporeon\n|-clearallboost\n|\n|-heal|p1a: Vaporeon|45\/100 brn|[from] item: Leftovers\n|-damage|p1a: Vaporeon|39\/100 brn|[from] brn\n|upkeep\n|turn|46\n|\n|t:|1700369220\n|move|p2a: Croc Pot|Hex|p1a: Vaporeon\n|-damage|p1a: Vaporeon|1\/100 brn\n|move|p1a: Vaporeon|Wish|p1a: Vaporeon\n|\n|-heal|p1a: Vaporeon|7\/100 brn|[from] item: Leftovers\n|-damage|p1a: Vaporeon|1\/100 brn|[from] brn\n|upkeep\n|turn|47\n|\n|t:|1700369249\n|move|p1a: Vaporeon|Protect|p1a: Vaporeon\n|-singleturn|p1a: Vaporeon|Protect\n|move|p2a: Croc Pot|Torch Song|p1a: Vaporeon\n|-activate|p1a: Vaporeon|move: Protect\n|\n|-heal|p1a: Vaporeon|51\/100 brn|[from] move: Wish|[wisher] Vaporeon\n|-heal|p1a: Vaporeon|57\/100 brn|[from] item: Leftovers\n|-damage|p1a: Vaporeon|51\/100 brn|[from] brn\n|upkeep\n|turn|48\n|\n|t:|1700369267\n|move|p2a: Croc Pot|Torch Song|p1a: Vaporeon\n|-resisted|p1a: Vaporeon\n|-damage|p1a: Vaporeon|40\/100 brn\n|-boost|p2a: Croc Pot|spa|1\n|move|p1a: Vaporeon|Wish|p1a: Vaporeon\n|\n|-heal|p1a: Vaporeon|46\/100 brn|[from] item: Leftovers\n|-damage|p1a: Vaporeon|40\/100 brn|[from] brn\n|upkeep\n|turn|49\n|\n|t:|1700369273\n|move|p1a: Vaporeon|Protect|p1a: Vaporeon\n|-singleturn|p1a: Vaporeon|Protect\n|move|p2a: Croc Pot|Hex|p1a: Vaporeon\n|-activate|p1a: Vaporeon|move: Protect\n|\n|-heal|p1a: Vaporeon|90\/100 brn|[from] move: Wish|[wisher] Vaporeon\n|-heal|p1a: Vaporeon|96\/100 brn|[from] item: Leftovers\n|-damage|p1a: Vaporeon|90\/100 brn|[from] brn\n|upkeep\n|turn|50\n|\n|t:|1700369283\n|switch|p1a: Gholdengo|Gholdengo, tera:Water|100\/100\n|-damage|p1a: Gholdengo|88\/100|[from] Stealth Rock\n|move|p2a: Croc Pot|Hex|p1a: Gholdengo\n|-damage|p1a: Gholdengo|58\/100\n|\n|-heal|p1a: Gholdengo|64\/100|[from] item: Leftovers\n|upkeep\n|turn|51\n|\n|t:|1700369298\n|switch|p1a: Ting-Lu|Ting-Lu|75\/100 brn\n|-damage|p1a: Ting-Lu|69\/100 brn|[from] Stealth Rock\n|-ability|p1a: Ting-Lu|Vessel of Ruin\n|move|p2a: Croc Pot|Torch Song|p1a: Ting-Lu\n|-damage|p1a: Ting-Lu|48\/100 brn\n|-boost|p2a: Croc Pot|spa|1\n|\n|-heal|p1a: Ting-Lu|54\/100 brn|[from] item: Leftovers\n|-damage|p1a: Ting-Lu|48\/100 brn|[from] brn\n|upkeep\n|turn|52\n|\n|t:|1700369304\n|move|p2a: Croc Pot|Torch Song|p1a: Ting-Lu\n|-damage|p1a: Ting-Lu|21\/100 brn\n|-boost|p2a: Croc Pot|spa|1\n|move|p1a: Ting-Lu|Whirlwind|p2a: Croc Pot\n|drag|p2a: Big Body Benz|Dondozo, F, shiny|100\/100 slp\n|\n|-heal|p1a: Ting-Lu|27\/100 brn|[from] item: Leftovers\n|-damage|p1a: Ting-Lu|21\/100 brn|[from] brn\n|upkeep\n|turn|53\n|\n|t:|1700369319\n|switch|p1a: Gholdengo|Gholdengo, tera:Water|64\/100\n|-damage|p1a: Gholdengo|52\/100|[from] Stealth Rock\n|switch|p2a: Double DDarts|Dragapult, F|51\/100\n|\n|-heal|p1a: Gholdengo|58\/100|[from] item: Leftovers\n|upkeep\n|turn|54\n|\n|t:|1700369326\n|move|p2a: Double DDarts|U-turn|p1a: Gholdengo\n|-damage|p1a: Gholdengo|40\/100\n|\n|t:|1700369328\n|switch|p2a: Big Body Benz|Dondozo, F, shiny|100\/100 slp|[from] U-turn\n|move|p1a: Gholdengo|Recover|p1a: Gholdengo\n|-heal|p1a: Gholdengo|90\/100\n|\n|-heal|p1a: Gholdengo|96\/100|[from] item: Leftovers\n|upkeep\n|turn|55\n|\n|t:|1700369335\n|move|p1a: Gholdengo|Shadow Ball|p2a: Big Body Benz\n|-damage|p2a: Big Body Benz|76\/100 slp\n|cant|p2a: Big Body Benz|slp\n|\n|-heal|p1a: Gholdengo|100\/100|[from] item: Leftovers\n|upkeep\n|turn|56\n|\n|t:|1700369340\n|move|p1a: Gholdengo|Shadow Ball|p2a: Big Body Benz\n|-damage|p2a: Big Body Benz|55\/100 slp\n|cant|p2a: Big Body Benz|slp\n|\n|upkeep\n|turn|57\n|\n|t:|1700369346\n|move|p1a: Gholdengo|Shadow Ball|p2a: Big Body Benz\n|-damage|p2a: Big Body Benz|32\/100 slp\n|-curestatus|p2a: Big Body Benz|slp|[msg]\n|move|p2a: Big Body Benz|Curse|p2a: Big Body Benz\n|-unboost|p2a: Big Body Benz|spe|1\n|-boost|p2a: Big Body Benz|atk|1\n|-boost|p2a: Big Body Benz|def|1\n|\n|upkeep\n|turn|58\n|\n|t:|1700369353\n|move|p1a: Gholdengo|Shadow Ball|p2a: Big Body Benz\n|-damage|p2a: Big Body Benz|11\/100\n|move|p2a: Big Body Benz|Rest|p2a: Big Body Benz\n|-status|p2a: Big Body Benz|slp|[from] move: Rest\n|-heal|p2a: Big Body Benz|100\/100 slp|[silent]\n|\n|upkeep\n|turn|59\n|\n|t:|1700369358\n|move|p1a: Gholdengo|Shadow Ball|p2a: Big Body Benz\n|-damage|p2a: Big Body Benz|79\/100 slp\n|-unboost|p2a: Big Body Benz|spd|1\n|cant|p2a: Big Body Benz|slp\n|\n|upkeep\n|turn|60\n|\n|t:|1700369364\n|switch|p2a: Croc Pot|Skeledirge, F, shiny, tera:Water|88\/100\n|move|p1a: Gholdengo|Shadow Ball|p2a: Croc Pot\n|-crit|p2a: Croc Pot\n|-damage|p2a: Croc Pot|48\/100\n|\n|upkeep\n|turn|61\n|\n|t:|1700369374\n|move|p1a: Gholdengo|Shadow Ball|p2a: Croc Pot\n|-damage|p2a: Croc Pot|21\/100\n|move|p2a: Croc Pot|Slack Off|p2a: Croc Pot\n|-heal|p2a: Croc Pot|71\/100\n|\n|upkeep\n|turn|62\n|\n|t:|1700369379\n|move|p1a: Gholdengo|Shadow Ball|p2a: Croc Pot\n|-damage|p2a: Croc Pot|43\/100\n|-unboost|p2a: Croc Pot|spd|1\n|move|p2a: Croc Pot|Slack Off|p2a: Croc Pot\n|-heal|p2a: Croc Pot|93\/100\n|\n|upkeep\n|turn|63\n|\n|t:|1700369384\n|switch|p2a: Big Body Benz|Dondozo, F, shiny|79\/100 slp\n|move|p1a: Gholdengo|Shadow Ball|p2a: Big Body Benz\n|-damage|p2a: Big Body Benz|55\/100 slp\n|\n|upkeep\n|turn|64\n|\n|t:|1700369406\n|switch|p1a: Great Tusk|Great Tusk|73\/100\n|-damage|p1a: Great Tusk|70\/100|[from] Stealth Rock\n|cant|p2a: Big Body Benz|slp\n|\n|upkeep\n|turn|65\n|\n|t:|1700369410\n|switch|p2a: Double DDarts|Dragapult, F|51\/100\n|move|p1a: Great Tusk|Rapid Spin|p2a: Double DDarts\n|-immune|p2a: Double DDarts\n|\n|upkeep\n|turn|66\n|\n|t:|1700369415\n|move|p2a: Double DDarts|Will-O-Wisp|p1a: Great Tusk\n|-status|p1a: Great Tusk|brn\n|move|p1a: Great Tusk|Ice Spinner|p2a: Double DDarts\n|-supereffective|p2a: Double DDarts\n|-damage|p2a: Double DDarts|13\/100\n|\n|-damage|p1a: Great Tusk|64\/100 brn|[from] brn\n|upkeep\n|turn|67\n|\n|t:|1700369423\n|move|p2a: Double DDarts|Hex|p1a: Great Tusk\n|-damage|p1a: Great Tusk|0 fnt\n|faint|p1a: Great Tusk\n|-end|p1a: Great Tusk|Protosynthesis|[silent]\n|\n|upkeep\n|\n|t:|1700369428\n|switch|p1a: Gholdengo|Gholdengo, tera:Water|100\/100\n|-damage|p1a: Gholdengo|88\/100|[from] Stealth Rock\n|turn|68\n|\n|t:|1700369436\n|move|p2a: Double DDarts|U-turn|p1a: Gholdengo\n|-damage|p1a: Gholdengo|71\/100\n|\n|t:|1700369438\n|switch|p2a: Croc Pot|Skeledirge, F, shiny, tera:Water|93\/100|[from] U-turn\n|move|p1a: Gholdengo|Shadow Ball|p2a: Croc Pot\n|-damage|p2a: Croc Pot|62\/100\n|\n|-heal|p1a: Gholdengo|77\/100|[from] item: Leftovers\n|upkeep\n|turn|69\n|\n|t:|1700369446\n|move|p1a: Gholdengo|Shadow Ball|p2a: Croc Pot\n|-damage|p2a: Croc Pot|36\/100\n|-unboost|p2a: Croc Pot|spd|1\n|move|p2a: Croc Pot|Slack Off|p2a: Croc Pot\n|-heal|p2a: Croc Pot|86\/100\n|\n|-heal|p1a: Gholdengo|83\/100|[from] item: Leftovers\n|upkeep\n|turn|70\n|\n|t:|1700369458\n|switch|p2a: Big Body Benz|Dondozo, F, shiny|55\/100 slp\n|move|p1a: Gholdengo|Shadow Ball|p2a: Big Body Benz\n|-damage|p2a: Big Body Benz|32\/100 slp\n|-unboost|p2a: Big Body Benz|spd|1\n|\n|-heal|p1a: Gholdengo|89\/100|[from] item: Leftovers\n|upkeep\n|turn|71\n|\n|t:|1700369473\n|switch|p2a: Double DDarts|Dragapult, F|13\/100\n|move|p1a: Gholdengo|Shadow Ball|p2a: Double DDarts\n|-supereffective|p2a: Double DDarts\n|-damage|p2a: Double DDarts|0 fnt\n|faint|p2a: Double DDarts\n|\n|-heal|p1a: Gholdengo|95\/100|[from] item: Leftovers\n|upkeep\n|\n|t:|1700369477\n|switch|p2a: Big Body Benz|Dondozo, F, shiny|32\/100 slp\n|turn|72\n|\n|t:|1700369485\n|move|p1a: Gholdengo|Shadow Ball|p2a: Big Body Benz\n|-damage|p2a: Big Body Benz|8\/100 slp\n|-curestatus|p2a: Big Body Benz|slp|[msg]\n|move|p2a: Big Body Benz|Rest|p2a: Big Body Benz\n|-status|p2a: Big Body Benz|slp|[from] move: Rest\n|-heal|p2a: Big Body Benz|100\/100 slp|[silent]\n|\n|-heal|p1a: Gholdengo|100\/100|[from] item: Leftovers\n|upkeep\n|turn|73\n|\n|t:|1700369493\n|switch|p1a: Vaporeon|Vaporeon, F|90\/100 brn\n|-damage|p1a: Vaporeon|77\/100 brn|[from] Stealth Rock\n|cant|p2a: Big Body Benz|slp\n|\n|-heal|p1a: Vaporeon|83\/100 brn|[from] item: Leftovers\n|-damage|p1a: Vaporeon|77\/100 brn|[from] brn\n|upkeep\n|turn|74\n|\n|t:|1700369496\n|switch|p2a: Croc Pot|Skeledirge, F, shiny, tera:Water|86\/100\n|move|p1a: Vaporeon|Wish|p1a: Vaporeon\n|\n|-heal|p1a: Vaporeon|83\/100 brn|[from] item: Leftovers\n|-damage|p1a: Vaporeon|77\/100 brn|[from] brn\n|upkeep\n|turn|75\n|\n|t:|1700369508\n|move|p2a: Croc Pot|Torch Song|p1a: Vaporeon\n|-resisted|p1a: Vaporeon\n|-damage|p1a: Vaporeon|66\/100 brn\n|-boost|p2a: Croc Pot|spa|1\n|move|p1a: Vaporeon|Haze|p1a: Vaporeon\n|-clearallboost\n|\n|-heal|p1a: Vaporeon|100\/100 brn|[from] move: Wish|[wisher] Vaporeon\n|-damage|p1a: Vaporeon|94\/100 brn|[from] brn\n|upkeep\n|turn|76\n|\n|t:|1700369517\n|switch|p2a: clof|Clefable, F, shiny|100\/100\n|move|p1a: Vaporeon|Protect||[still]\n|-fail|p1a: Vaporeon\n|\n|-heal|p1a: Vaporeon|100\/100 brn|[from] item: Leftovers\n|-damage|p1a: Vaporeon|94\/100 brn|[from] brn\n|upkeep\n|turn|77\n|\n|t:|1700369535\n|switch|p1a: Gholdengo|Gholdengo, tera:Water|100\/100\n|-damage|p1a: Gholdengo|88\/100|[from] Stealth Rock\n|move|p2a: clof|Knock Off|p1a: Gholdengo\n|-damage|p1a: Gholdengo|75\/100\n|-enditem|p1a: Gholdengo|Leftovers|[from] move: Knock Off|[of] p2a: clof\n|\n|upkeep\n|turn|78\n|\n|t:|1700369544\n|switch|p2a: Croc Pot|Skeledirge, F, shiny, tera:Water|86\/100\n|move|p1a: Gholdengo|Make It Rain|p2a: Croc Pot\n|-resisted|p2a: Croc Pot\n|-damage|p2a: Croc Pot|65\/100\n|-unboost|p1a: Gholdengo|spa|1\n|\n|upkeep\n|turn|79\n|\n|t:|1700369562\n|switch|p1a: Walking Wake|Walking Wake|10\/100 brn\n|-damage|p1a: Walking Wake|0 fnt|[from] Stealth Rock\n|faint|p1a: Walking Wake\n|-end|p1a: Walking Wake|Protosynthesis|[silent]\n|move|p2a: Croc Pot|Torch Song|p1: Walking Wake|[notarget]\n|-fail|p2a: Croc Pot\n|\n|upkeep\n|\n|t:|1700369573\n|switch|p1a: Ting-Lu|Ting-Lu|21\/100 brn\n|-damage|p1a: Ting-Lu|14\/100 brn|[from] Stealth Rock\n|-ability|p1a: Ting-Lu|Vessel of Ruin\n|turn|80\n|\n|t:|1700369585\n|move|p2a: Croc Pot|Slack Off|p2a: Croc Pot\n|-heal|p2a: Croc Pot|100\/100\n|move|p1a: Ting-Lu|Whirlwind|p2a: Croc Pot\n|drag|p2a: Big Body Benz|Dondozo, F, shiny|100\/100 slp\n|\n|-heal|p1a: Ting-Lu|21\/100 brn|[from] item: Leftovers\n|-damage|p1a: Ting-Lu|14\/100 brn|[from] brn\n|upkeep\n|turn|81\n|\n|t:|1700369593\n|switch|p2a: clof|Clefable, F, shiny|100\/100\n|move|p1a: Ting-Lu|Ruination|p2a: clof\n|-damage|p2a: clof|50\/100\n|\n|-heal|p2a: clof|57\/100|[from] item: Leftovers\n|-heal|p1a: Ting-Lu|21\/100 brn|[from] item: Leftovers\n|-damage|p1a: Ting-Lu|14\/100 brn|[from] brn\n|upkeep\n|turn|82\n|\n|t:|1700369609\n|move|p2a: clof|Moonblast|p1a: Ting-Lu\n|-supereffective|p1a: Ting-Lu\n|-damage|p1a: Ting-Lu|0 fnt\n|faint|p1a: Ting-Lu\n|\n|-heal|p2a: clof|63\/100|[from] item: Leftovers\n|upkeep\n|\n|t:|1700369613\n|switch|p1a: Gholdengo|Gholdengo, tera:Water|75\/100\n|-damage|p1a: Gholdengo|63\/100|[from] Stealth Rock\n|turn|83\n|\n|t:|1700369620\n|switch|p2a: Croc Pot|Skeledirge, F, shiny, tera:Water|100\/100\n|move|p1a: Gholdengo|Make It Rain|p2a: Croc Pot\n|-resisted|p2a: Croc Pot\n|-damage|p2a: Croc Pot|78\/100\n|-unboost|p1a: Gholdengo|spa|1\n|\n|upkeep\n|turn|84\n|j| Sinnoh Souls\n|l| Sinnoh Souls\n|inactive|taoke has 120 seconds left.\n|-message|taoke forfeited.\n|\n|win|ayyk_47\n|raw|taoke's rating: 1584 &rarr; <strong>1565<\/strong><br \/>(-19 for losing)\n|raw|ayyk_47's rating: 1601 &rarr; <strong>1620<\/strong><br \/>(+19 for winning)\n|c|\u2606ayyk_47|gg\n|c|\u2606taoke|gg\n|l|\u2606taoke\n","uploadtime":1700369663,"views":33,"p1id":"taoke","p2id":"ayyk47","formatid":"gen9ou","rating":1565,"private":0,"password":""}