{"id":"gen9ou-1999697690","p1":"NinjaPikachu56","p2":"Foorgli","format":"[Gen 9] OU","log":"|j|\u2606NinjaPikachu56\n|j|\u2606Foorgli\n|t:|1701108763\n|gametype|singles\n|player|p1|NinjaPikachu56|lucas-gen4pt|1173\n|player|p2|Foorgli|265|1177\n|teamsize|p1|6\n|teamsize|p2|6\n|gen|9\n|tier|[Gen 9] OU\n|rated|\n|rule|Sleep Clause Mod: Limit one foe put to sleep\n|rule|Species Clause: Limit one of each Pok\u00e9mon\n|rule|OHKO Clause: OHKO moves are banned\n|rule|Evasion Items Clause: Evasion items are banned\n|rule|Evasion Moves Clause: Evasion moves are banned\n|rule|Endless Battle Clause: Forcing endless battles is banned\n|rule|HP Percentage Mod: HP is shown in percentages\n|clearpoke\n|poke|p1|Samurott-Hisui, F|\n|poke|p1|Iron Valiant|\n|poke|p1|Great Tusk|\n|poke|p1|Thundurus-Therian, M|\n|poke|p1|Gholdengo|\n|poke|p1|Garganacl, F|\n|poke|p2|Manaphy|\n|poke|p2|Garganacl, M|\n|poke|p2|Rillaboom, F|\n|poke|p2|Zapdos|\n|poke|p2|Great Tusk|\n|poke|p2|Ninetales-Alola, F|\n|teampreview\n|\n|t:|1701108778\n|start\n|switch|p1a: Gholdengo|Gholdengo|100\/100\n|switch|p2a: Ninetales|Ninetales-Alola, F|100\/100\n|-weather|Snow|[from] ability: Snow Warning|[of] p2a: Ninetales\n|turn|1\n|\n|t:|1701108787\n|switch|p2a: Zapdos|Zapdos|100\/100\n|move|p1a: Gholdengo|Make It Rain|p2a: Zapdos\n|-resisted|p2a: Zapdos\n|-damage|p2a: Zapdos|69\/100\n|-unboost|p1a: Gholdengo|spa|1\n|\n|-weather|Snow|[upkeep]\n|upkeep\n|turn|2\n|\n|t:|1701108815\n|move|p2a: Zapdos|Hurricane|p1a: Gholdengo\n|-resisted|p1a: Gholdengo\n|-damage|p1a: Gholdengo|75\/100\n|move|p1a: Gholdengo|Shadow Ball|p2a: Zapdos\n|-damage|p2a: Zapdos|41\/100\n|\n|-weather|Snow|[upkeep]\n|-heal|p1a: Gholdengo|81\/100|[from] item: Leftovers\n|upkeep\n|turn|3\n|\n|t:|1701108825\n|move|p2a: Zapdos|Roost|p2a: Zapdos\n|-heal|p2a: Zapdos|91\/100\n|-singleturn|p2a: Zapdos|move: Roost\n|move|p1a: Gholdengo|Recover|p1a: Gholdengo\n|-heal|p1a: Gholdengo|100\/100\n|\n|-weather|Snow|[upkeep]\n|upkeep\n|turn|4\n|\n|t:|1701108834\n|move|p2a: Zapdos|Hurricane|p1a: Gholdengo\n|-resisted|p1a: Gholdengo\n|-damage|p1a: Gholdengo|78\/100\n|-start|p1a: Gholdengo|confusion\n|-activate|p1a: Gholdengo|confusion\n|-damage|p1a: Gholdengo|74\/100|[from] confusion\n|\n|-weather|Snow|[upkeep]\n|-heal|p1a: Gholdengo|80\/100|[from] item: Leftovers\n|upkeep\n|turn|5\n|\n|t:|1701108845\n|move|p2a: Zapdos|Ancient Power|p1a: Gholdengo\n|-resisted|p1a: Gholdengo\n|-damage|p1a: Gholdengo|71\/100\n|-activate|p1a: Gholdengo|confusion\n|move|p1a: Gholdengo|Nasty Plot|p1a: Gholdengo\n|-boost|p1a: Gholdengo|spa|2\n|\n|-weather|none\n|-heal|p1a: Gholdengo|77\/100|[from] item: Leftovers\n|upkeep\n|turn|6\n|\n|t:|1701108857\n|move|p2a: Zapdos|Volt Switch|p1a: Gholdengo\n|-damage|p1a: Gholdengo|49\/100\n|\n|t:|1701108861\n|switch|p2a: Great Tusk|Great Tusk|100\/100|[from] Volt Switch\n|-end|p1a: Gholdengo|confusion\n|move|p1a: Gholdengo|Shadow Ball|p2a: Great Tusk\n|-damage|p2a: Great Tusk|0 fnt\n|faint|p2a: Great Tusk\n|-end|p2a: Great Tusk|Protosynthesis|[silent]\n|\n|-heal|p1a: Gholdengo|55\/100|[from] item: Leftovers\n|upkeep\n|\n|t:|1701108873\n|switch|p2a: Manaphy|Manaphy|100\/100\n|turn|7\n|\n|t:|1701108883\n|move|p2a: Manaphy|Take Heart|p2a: Manaphy\n|-boost|p2a: Manaphy|spa|1\n|-boost|p2a: Manaphy|spd|1\n|move|p1a: Gholdengo|Shadow Ball|p2a: Manaphy\n|-damage|p2a: Manaphy|70\/100\n|\n|-heal|p2a: Manaphy|76\/100|[from] item: Leftovers\n|-heal|p1a: Gholdengo|61\/100|[from] item: Leftovers\n|upkeep\n|turn|8\n|\n|t:|1701108911\n|move|p2a: Manaphy|Scald|p1a: Gholdengo\n|-damage|p1a: Gholdengo|20\/100\n|-status|p1a: Gholdengo|brn\n|move|p1a: Gholdengo|Shadow Ball|p2a: Manaphy\n|-damage|p2a: Manaphy|46\/100\n|\n|-heal|p2a: Manaphy|52\/100|[from] item: Leftovers\n|-heal|p1a: Gholdengo|26\/100 brn|[from] item: Leftovers\n|-damage|p1a: Gholdengo|20\/100 brn|[from] brn\n|upkeep\n|turn|9\n|\n|t:|1701108924\n|move|p2a: Manaphy|Scald|p1a: Gholdengo\n|-damage|p1a: Gholdengo|0 fnt\n|faint|p1a: Gholdengo\n|\n|-heal|p2a: Manaphy|58\/100|[from] item: Leftovers\n|upkeep\n|\n|t:|1701108932\n|switch|p1a: Samurott|Samurott-Hisui, F|100\/100\n|turn|10\n|\n|t:|1701108944\n|switch|p2a: Zapdos|Zapdos|91\/100\n|move|p1a: Samurott|Ceaseless Edge|p2a: Zapdos\n|-damage|p2a: Zapdos|57\/100\n|-status|p1a: Samurott|par|[from] ability: Static|[of] p2a: Zapdos\n|-sidestart|p2: Foorgli|Spikes\n|\n|upkeep\n|turn|11\n|\n|t:|1701108958\n|-terastallize|p1a: Samurott|Ghost\n|move|p2a: Zapdos|Hurricane|p1a: Samurott|[miss]\n|-miss|p2a: Zapdos|p1a: Samurott\n|move|p1a: Samurott|Ceaseless Edge|p2a: Zapdos\n|-damage|p2a: Zapdos|23\/100\n|-sidestart|p2: Foorgli|Spikes\n|\n|upkeep\n|turn|12\n|\n|t:|1701108967\n|move|p2a: Zapdos|Volt Switch|p1a: Samurott\n|-damage|p1a: Samurott|50\/100 par\n|\n|t:|1701108972\n|switch|p2a: Ninetales|Ninetales-Alola, F|100\/100|[from] Volt Switch\n|-weather|Snow|[from] ability: Snow Warning|[of] p2a: Ninetales\n|move|p1a: Samurott|Ceaseless Edge|p2a: Ninetales|[miss]\n|-miss|p1a: Samurott|p2a: Ninetales\n|\n|-weather|Snow|[upkeep]\n|upkeep\n|turn|13\n|\n|t:|1701108985\n|switch|p1a: Garganacl|Garganacl, F|100\/100\n|move|p2a: Ninetales|Aurora Veil|p2a: Ninetales\n|-sidestart|p2: Foorgli|move: Aurora Veil\n|\n|-weather|Snow|[upkeep]\n|upkeep\n|turn|14\n|\n|t:|1701108997\n|switch|p2a: Zapdos|Zapdos|23\/100\n|move|p1a: Garganacl|Salt Cure|p2a: Zapdos\n|-supereffective|p2a: Zapdos\n|-damage|p2a: Zapdos|12\/100\n|-start|p2a: Zapdos|Salt Cure\n|\n|-weather|Snow|[upkeep]\n|-damage|p2a: Zapdos|0 fnt|[from] Salt Cure\n|faint|p2a: Zapdos\n|upkeep\n|\n|t:|1701109006\n|switch|p2a: Garganacl|Garganacl, M|100\/100\n|-damage|p2a: Garganacl|84\/100|[from] Spikes\n|turn|15\n|\n|t:|1701109014\n|move|p2a: Garganacl|Curse|p2a: Garganacl\n|-unboost|p2a: Garganacl|spe|1\n|-boost|p2a: Garganacl|atk|1\n|-boost|p2a: Garganacl|def|1\n|move|p1a: Garganacl|Salt Cure|p2a: Garganacl\n|-damage|p2a: Garganacl|81\/100\n|\n|-weather|Snow|[upkeep]\n|upkeep\n|turn|16\n|\n|t:|1701109024\n|move|p1a: Garganacl|Body Press|p2a: Garganacl\n|-supereffective|p2a: Garganacl\n|-damage|p2a: Garganacl|68\/100\n|move|p2a: Garganacl|Salt Cure|p1a: Garganacl\n|-damage|p1a: Garganacl|90\/100\n|-start|p1a: Garganacl|Salt Cure\n|\n|-weather|none\n|-heal|p1a: Garganacl|96\/100|[from] item: Leftovers\n|-damage|p1a: Garganacl|84\/100|[from] Salt Cure\n|upkeep\n|turn|17\n|\n|t:|1701109035\n|move|p1a: Garganacl|Body Press|p2a: Garganacl\n|-supereffective|p2a: Garganacl\n|-damage|p2a: Garganacl|53\/100\n|move|p2a: Garganacl|Curse|p2a: Garganacl\n|-unboost|p2a: Garganacl|spe|1\n|-boost|p2a: Garganacl|atk|1\n|-boost|p2a: Garganacl|def|1\n|\n|-heal|p1a: Garganacl|90\/100|[from] item: Leftovers\n|-damage|p1a: Garganacl|78\/100|[from] Salt Cure\n|-sideend|p2: Foorgli|move: Aurora Veil\n|upkeep\n|turn|18\n|\n|t:|1701109047\n|move|p1a: Garganacl|Body Press|p2a: Garganacl\n|-supereffective|p2a: Garganacl\n|-damage|p2a: Garganacl|34\/100\n|move|p2a: Garganacl|Recover|p2a: Garganacl\n|-heal|p2a: Garganacl|84\/100\n|\n|-heal|p1a: Garganacl|84\/100|[from] item: Leftovers\n|-damage|p1a: Garganacl|72\/100|[from] Salt Cure\n|upkeep\n|turn|19\n|\n|t:|1701109064\n|switch|p1a: Thundurus|Thundurus-Therian, M|100\/100\n|move|p2a: Garganacl|Earthquake|p1a: Thundurus\n|-immune|p1a: Thundurus\n|\n|upkeep\n|turn|20\n|\n|t:|1701109071\n|move|p1a: Thundurus|Grass Knot|p2a: Garganacl\n|-supereffective|p2a: Garganacl\n|-damage|p2a: Garganacl|26\/100\n|move|p2a: Garganacl|Salt Cure|p1a: Thundurus\n|-supereffective|p1a: Thundurus\n|-damage|p1a: Thundurus|10\/100\n|-start|p1a: Thundurus|Salt Cure\n|\n|-damage|p1a: Thundurus|0 fnt|[from] Salt Cure\n|faint|p1a: Thundurus\n|upkeep\n|\n|t:|1701109098\n|switch|p1a: Iron Valiant|Iron Valiant|100\/100\n|turn|21\n|\n|t:|1701109105\n|move|p1a: Iron Valiant|Moonblast|p2a: Garganacl\n|-damage|p2a: Garganacl|0 fnt\n|faint|p2a: Garganacl\n|-damage|p1a: Iron Valiant|91\/100|[from] item: Life Orb\n|\n|upkeep\n|\n|t:|1701109111\n|switch|p2a: Ninetales|Ninetales-Alola, F|100\/100\n|-weather|Snow|[from] ability: Snow Warning|[of] p2a: Ninetales\n|turn|22\n|\n|t:|1701109118\n|move|p1a: Iron Valiant|Moonblast|p2a: Ninetales\n|-damage|p2a: Ninetales|24\/100\n|-unboost|p2a: Ninetales|spa|1\n|-damage|p1a: Iron Valiant|81\/100|[from] item: Life Orb\n|move|p2a: Ninetales|Aurora Veil|p2a: Ninetales\n|-sidestart|p2: Foorgli|move: Aurora Veil\n|\n|-weather|Snow|[upkeep]\n|upkeep\n|turn|23\n|\n|t:|1701109130\n|move|p1a: Iron Valiant|Moonblast|p2a: Ninetales\n|-damage|p2a: Ninetales|0 fnt\n|faint|p2a: Ninetales\n|-damage|p1a: Iron Valiant|71\/100|[from] item: Life Orb\n|\n|-weather|Snow|[upkeep]\n|upkeep\n|\n|t:|1701109140\n|switch|p2a: Manaphy|Manaphy|58\/100\n|-damage|p2a: Manaphy|41\/100|[from] Spikes\n|turn|24\n|\n|t:|1701109159\n|move|p1a: Iron Valiant|Thunderbolt|p2a: Manaphy\n|-supereffective|p2a: Manaphy\n|-damage|p2a: Manaphy|20\/100\n|-status|p2a: Manaphy|par\n|-damage|p1a: Iron Valiant|62\/100|[from] item: Life Orb\n|move|p2a: Manaphy|Take Heart|p2a: Manaphy\n|-boost|p2a: Manaphy|spa|1\n|-boost|p2a: Manaphy|spd|1\n|-curestatus|p2a: Manaphy|par|[msg]\n|\n|-weather|Snow|[upkeep]\n|-heal|p2a: Manaphy|26\/100|[from] item: Leftovers\n|upkeep\n|turn|25\n|\n|t:|1701109177\n|move|p1a: Iron Valiant|Thunderbolt|p2a: Manaphy\n|-supereffective|p2a: Manaphy\n|-damage|p2a: Manaphy|11\/100\n|-damage|p1a: Iron Valiant|52\/100|[from] item: Life Orb\n|move|p2a: Manaphy|Scald|p1a: Iron Valiant\n|-damage|p1a: Iron Valiant|0 fnt\n|faint|p1a: Iron Valiant\n|-end|p1a: Iron Valiant|Quark Drive|[silent]\n|\n|-weather|Snow|[upkeep]\n|-heal|p2a: Manaphy|18\/100|[from] item: Leftovers\n|upkeep\n|\n|t:|1701109188\n|switch|p1a: Samurott|Samurott-Hisui, F, tera:Ghost|50\/100 par\n|turn|26\n|\n|t:|1701109194\n|move|p2a: Manaphy|Scald|p1a: Samurott\n|-damage|p1a: Samurott|0 fnt\n|faint|p1a: Samurott\n|\n|-weather|none\n|-heal|p2a: Manaphy|24\/100|[from] item: Leftovers\n|-sideend|p2: Foorgli|move: Aurora Veil\n|upkeep\n|\n|t:|1701109207\n|switch|p1a: Great Tusk|Great Tusk|100\/100\n|turn|27\n|\n|t:|1701109218\n|move|p1a: Great Tusk|Earthquake|p2a: Manaphy\n|-damage|p2a: Manaphy|0 fnt\n|faint|p2a: Manaphy\n|\n|upkeep\n|\n|t:|1701109223\n|switch|p2a: Rillaboom|Rillaboom, F|100\/100\n|-damage|p2a: Rillaboom|84\/100|[from] Spikes\n|-fieldstart|move: Grassy Terrain|[from] ability: Grassy Surge|[of] p2a: Rillaboom\n|turn|28\n|\n|t:|1701109233\n|-terastallize|p2a: Rillaboom|Grass\n|move|p2a: Rillaboom|Fake Out|p1a: Great Tusk\n|-damage|p1a: Great Tusk|89\/100\n|cant|p1a: Great Tusk|flinch\n|\n|-heal|p1a: Great Tusk|96\/100|[from] Grassy Terrain\n|-heal|p2a: Rillaboom|90\/100|[from] Grassy Terrain\n|upkeep\n|turn|29\n|\n|t:|1701109244\n|move|p2a: Rillaboom|Grassy Glide|p1a: Great Tusk\n|-supereffective|p1a: Great Tusk\n|-damage|p1a: Great Tusk|10\/100\n|move|p1a: Great Tusk|Close Combat|p2a: Rillaboom\n|-damage|p2a: Rillaboom|25\/100\n|-unboost|p1a: Great Tusk|def|1\n|-unboost|p1a: Great Tusk|spd|1\n|\n|-heal|p1a: Great Tusk|17\/100|[from] Grassy Terrain\n|-heal|p2a: Rillaboom|31\/100|[from] Grassy Terrain\n|upkeep\n|turn|30\n|\n|t:|1701109256\n|move|p2a: Rillaboom|Grassy Glide|p1a: Great Tusk\n|-supereffective|p1a: Great Tusk\n|-damage|p1a: Great Tusk|0 fnt\n|faint|p1a: Great Tusk\n|-end|p1a: Great Tusk|Protosynthesis|[silent]\n|\n|-heal|p2a: Rillaboom|37\/100|[from] Grassy Terrain\n|upkeep\n|\n|t:|1701109262\n|switch|p1a: Garganacl|Garganacl, F|72\/100\n|turn|31\n|\n|t:|1701109267\n|move|p1a: Garganacl|Protect|p1a: Garganacl\n|-singleturn|p1a: Garganacl|Protect\n|move|p2a: Rillaboom|Grassy Glide|p1a: Garganacl\n|-activate|p1a: Garganacl|move: Protect\n|\n|-heal|p2a: Rillaboom|43\/100|[from] Grassy Terrain\n|-heal|p1a: Garganacl|78\/100|[from] Grassy Terrain\n|-heal|p1a: Garganacl|84\/100|[from] item: Leftovers\n|upkeep\n|turn|32\n|\n|t:|1701109279\n|move|p2a: Rillaboom|Grassy Glide|p1a: Garganacl\n|-supereffective|p1a: Garganacl\n|-damage|p1a: Garganacl|27\/100\n|move|p1a: Garganacl|Recover|p1a: Garganacl\n|-heal|p1a: Garganacl|77\/100\n|\n|-heal|p2a: Rillaboom|49\/100|[from] Grassy Terrain\n|-heal|p1a: Garganacl|84\/100|[from] Grassy Terrain\n|-heal|p1a: Garganacl|90\/100|[from] item: Leftovers\n|-fieldend|move: Grassy Terrain\n|upkeep\n|turn|33\n|\n|t:|1701109292\n|move|p1a: Garganacl|Protect|p1a: Garganacl\n|-singleturn|p1a: Garganacl|Protect\n|move|p2a: Rillaboom|Knock Off|p1a: Garganacl\n|-activate|p1a: Garganacl|move: Protect\n|\n|-heal|p1a: Garganacl|96\/100|[from] item: Leftovers\n|upkeep\n|turn|34\n|\n|t:|1701109299\n|move|p2a: Rillaboom|Knock Off|p1a: Garganacl\n|-damage|p1a: Garganacl|79\/100\n|-enditem|p1a: Garganacl|Leftovers|[from] move: Knock Off|[of] p2a: Rillaboom\n|move|p1a: Garganacl|Recover|p1a: Garganacl\n|-heal|p1a: Garganacl|100\/100\n|\n|upkeep\n|turn|35\n|\n|t:|1701109307\n|move|p2a: Rillaboom|Earthquake|p1a: Garganacl\n|-supereffective|p1a: Garganacl\n|-damage|p1a: Garganacl|61\/100\n|move|p1a: Garganacl|Body Press|p2a: Rillaboom\n|-damage|p2a: Rillaboom|15\/100\n|\n|upkeep\n|turn|36\n|-message|Foorgli forfeited.\n|\n|win|NinjaPikachu56\n|raw|NinjaPikachu56's rating: 1173 &rarr; <strong>1198<\/strong><br \/>(+25 for winning)\n|raw|Foorgli's rating: 1177 &rarr; <strong>1152<\/strong><br \/>(-25 for losing)\n|l|\u2606Foorgli\n","uploadtime":1701109658,"views":3,"p1id":"ninjapikachu56","p2id":"foorgli","formatid":"gen9ou","rating":1152,"private":0,"password":""}