{"id":"gen9ou-1991879222","p1":"matthi_ieu","p2":"red violet blue","format":"[Gen 9] OU","log":"|j|\u2606matthi_ieu\n|j|\u2606red violet blue\n|t:|1700132665\n|gametype|singles\n|player|p1|matthi_ieu|steven|1482\n|player|p2|red violet blue|101|1566\n|teamsize|p1|6\n|teamsize|p2|6\n|gen|9\n|tier|[Gen 9] OU\n|rated|\n|rule|Sleep Clause Mod: Limit one foe put to sleep\n|rule|Species Clause: Limit one of each Pok\u00e9mon\n|rule|OHKO Clause: OHKO moves are banned\n|rule|Evasion Items Clause: Evasion items are banned\n|rule|Evasion Moves Clause: Evasion moves are banned\n|rule|Endless Battle Clause: Forcing endless battles is banned\n|rule|HP Percentage Mod: HP is shown in percentages\n|clearpoke\n|poke|p1|Zamazenta-*|\n|poke|p1|Ogerpon-Wellspring, F|\n|poke|p1|Zapdos|\n|poke|p1|Great Tusk|\n|poke|p1|Dragonite, F|\n|poke|p1|Enamorus, F|\n|poke|p2|Rillaboom, M|\n|poke|p2|Sneasler, M|\n|poke|p2|Samurott-Hisui, F|\n|poke|p2|Ogerpon-Cornerstone, F|\n|poke|p2|Great Tusk|\n|poke|p2|Iron Moth|\n|teampreview\n|inactive|Battle timer is ON: inactive players will automatically lose when time's up. (requested by red violet blue)\n|\n|t:|1700132670\n|start\n|switch|p1a: Zapdos|Zapdos|100\/100\n|switch|p2a: Samurott|Samurott-Hisui, F|100\/100\n|turn|1\n|\n|t:|1700132674\n|move|p1a: Zapdos|Hurricane|p2a: Samurott\n|-damage|p2a: Samurott|26\/100\n|move|p2a: Samurott|Ceaseless Edge|p1a: Zapdos\n|-damage|p1a: Zapdos|60\/100\n|-sidestart|p1: matthi_ieu|Spikes\n|\n|upkeep\n|turn|2\n|\n|t:|1700132682\n|move|p1a: Zapdos|Volt Switch|p2a: Samurott\n|-supereffective|p2a: Samurott\n|-damage|p2a: Samurott|0 fnt\n|faint|p2a: Samurott\n|\n|t:|1700132706\n|switch|p1a: Enamorus|Enamorus, F|100\/100|[from] Volt Switch\n|\n|upkeep\n|\n|t:|1700132711\n|switch|p2a: Ogerpon|Ogerpon-Cornerstone, F|100\/100\n|turn|3\n|\n|t:|1700132721\n|move|p1a: Enamorus|Earth Power|p2a: Ogerpon\n|-damage|p2a: Ogerpon|60\/100\n|move|p2a: Ogerpon|Ivy Cudgel|p1a: Enamorus|[anim] Ivy Cudgel Rock\n|-supereffective|p1a: Enamorus\n|-damage|p1a: Enamorus|0 fnt\n|faint|p1a: Enamorus\n|\n|upkeep\n|\n|t:|1700132728\n|switch|p1a: Ogerpon|Ogerpon-Wellspring, F|100\/100\n|-damage|p1a: Ogerpon|88\/100|[from] Spikes\n|turn|4\n|\n|t:|1700132734\n|switch|p2a: Rillaboom|Rillaboom, M|100\/100\n|-fieldstart|move: Grassy Terrain|[from] ability: Grassy Surge|[of] p2a: Rillaboom\n|-terastallize|p1a: Ogerpon|Water\n|detailschange|p1a: Ogerpon|Ogerpon-Wellspring-Tera, F, tera:Water\n|-ability|p1a: Ogerpon|Embody Aspect (Wellspring)|boost\n|-boost|p1a: Ogerpon|spd|1\n|move|p1a: Ogerpon|Ivy Cudgel|p2a: Rillaboom|[anim] Ivy Cudgel Water\n|-resisted|p2a: Rillaboom\n|-damage|p2a: Rillaboom|64\/100\n|\n|-heal|p1a: Ogerpon|94\/100|[from] Grassy Terrain\n|-heal|p2a: Rillaboom|70\/100|[from] Grassy Terrain\n|upkeep\n|turn|5\n|\n|t:|1700132745\n|switch|p1a: Zapdos|Zapdos|60\/100\n|move|p2a: Rillaboom|U-turn|p1a: Zapdos\n|-resisted|p1a: Zapdos\n|-damage|p1a: Zapdos|48\/100\n|\n|t:|1700132748\n|switch|p2a: Ogerpon|Ogerpon-Cornerstone, F|60\/100|[from] U-turn\n|\n|-heal|p2a: Ogerpon|66\/100|[from] Grassy Terrain\n|upkeep\n|turn|6\n|\n|t:|1700132755\n|switch|p1a: Zamazenta|Zamazenta|100\/100\n|-damage|p1a: Zamazenta|88\/100|[from] Spikes\n|-ability|p1a: Zamazenta|Dauntless Shield|boost\n|-boost|p1a: Zamazenta|def|1\n|move|p2a: Ogerpon|Ivy Cudgel|p1a: Zamazenta|[anim] Ivy Cudgel Rock\n|-resisted|p1a: Zamazenta\n|-damage|p1a: Zamazenta|73\/100\n|\n|-heal|p1a: Zamazenta|79\/100|[from] Grassy Terrain\n|-heal|p1a: Zamazenta|86\/100|[from] item: Leftovers\n|-heal|p2a: Ogerpon|72\/100|[from] Grassy Terrain\n|upkeep\n|turn|7\n|\n|t:|1700132773\n|switch|p2a: Iron Moth|Iron Moth|100\/100\n|-enditem|p2a: Iron Moth|Booster Energy\n|-activate|p2a: Iron Moth|ability: Quark Drive|[fromitem]\n|-start|p2a: Iron Moth|quarkdrivespe\n|move|p1a: Zamazenta|Body Press|p2a: Iron Moth\n|-resisted|p2a: Iron Moth\n|-damage|p2a: Iron Moth|67\/100\n|\n|-heal|p2a: Iron Moth|73\/100|[from] Grassy Terrain\n|-heal|p1a: Zamazenta|92\/100|[from] Grassy Terrain\n|-heal|p1a: Zamazenta|98\/100|[from] item: Leftovers\n|upkeep\n|turn|8\n|\n|t:|1700132787\n|move|p2a: Iron Moth|Fiery Dance|p1a: Zamazenta\n|-damage|p1a: Zamazenta|68\/100\n|-boost|p2a: Iron Moth|spa|1\n|move|p1a: Zamazenta|Stone Edge|p2a: Iron Moth\n|-supereffective|p2a: Iron Moth\n|-damage|p2a: Iron Moth|0 fnt\n|faint|p2a: Iron Moth\n|-end|p2a: Iron Moth|Quark Drive|[silent]\n|\n|-heal|p1a: Zamazenta|74\/100|[from] Grassy Terrain\n|-heal|p1a: Zamazenta|80\/100|[from] item: Leftovers\n|upkeep\n|\n|t:|1700132794\n|switch|p2a: Great Tusk|Great Tusk|100\/100\n|-enditem|p2a: Great Tusk|Booster Energy\n|-activate|p2a: Great Tusk|ability: Protosynthesis|[fromitem]\n|-start|p2a: Great Tusk|protosynthesisspe\n|turn|9\n|\n|t:|1700132812\n|move|p2a: Great Tusk|Bulk Up|p2a: Great Tusk\n|-boost|p2a: Great Tusk|atk|1\n|-boost|p2a: Great Tusk|def|1\n|move|p1a: Zamazenta|Body Press|p2a: Great Tusk\n|-damage|p2a: Great Tusk|78\/100\n|\n|-heal|p2a: Great Tusk|84\/100|[from] Grassy Terrain\n|-heal|p1a: Zamazenta|86\/100|[from] Grassy Terrain\n|-heal|p1a: Zamazenta|92\/100|[from] item: Leftovers\n|upkeep\n|turn|10\n|\n|t:|1700132824\n|switch|p1a: Ogerpon|Ogerpon-Wellspring-Tera, F, tera:Water|94\/100\n|-damage|p1a: Ogerpon|82\/100|[from] Spikes\n|-ability|p1a: Ogerpon|Embody Aspect (Wellspring)|boost\n|-boost|p1a: Ogerpon|spd|1\n|move|p2a: Great Tusk|Headlong Rush|p1a: Ogerpon\n|-damage|p1a: Ogerpon|0 fnt\n|-unboost|p2a: Great Tusk|def|1\n|-unboost|p2a: Great Tusk|spd|1\n|faint|p1a: Ogerpon\n|\n|-heal|p2a: Great Tusk|90\/100|[from] Grassy Terrain\n|upkeep\n|\n|t:|1700132834\n|switch|p1a: Zapdos|Zapdos|48\/100\n|turn|11\n|\n|t:|1700132840\n|move|p2a: Great Tusk|Ice Spinner|p1a: Zapdos\n|-supereffective|p1a: Zapdos\n|-damage|p1a: Zapdos|0 fnt\n|-fieldend|move: Grassy Terrain\n|faint|p1a: Zapdos\n|\n|upkeep\n|\n|t:|1700132852\n|switch|p1a: Zamazenta|Zamazenta|92\/100\n|-damage|p1a: Zamazenta|80\/100|[from] Spikes\n|turn|12\n|l|\u2606matthi_ieu\n|inactive|matthi_ieu disconnected and has a minute to reconnect!\n|player|p1|\n|inactive|matthi_ieu has 30 seconds to reconnect!\n|inactive|matthi_ieu has 20 seconds to reconnect!\n|inactive|matthi_ieu has 15 seconds to reconnect!\n|inactive|matthi_ieu has 10 seconds to reconnect!\n|inactive|matthi_ieu has 5 seconds to reconnect!\n|-message|matthi_ieu lost due to inactivity.\n|\n|win|red violet blue\n|raw|matthi_ieu's rating: 1482 &rarr; <strong>1467<\/strong><br \/>(-15 for losing)\n|raw|red violet blue's rating: 1566 &rarr; <strong>1581<\/strong><br \/>(+15 for winning)\n","uploadtime":1700132918,"views":13,"p1id":"matthiieu","p2id":"redvioletblue","formatid":"gen9ou","rating":1467,"private":0,"password":""}