{"id":"gen9ou-1992397234","p1":"Pokrammer","p2":"jacothaptrllr","format":"[Gen 9] OU","log":"|j|\u2606Pokrammer\n|j|\u2606jacothaptrllr\n|t:|1700182818\n|gametype|singles\n|player|p1|Pokrammer|gambler|1077\n|player|p2|jacothaptrllr|shadowtriad|1120\n|teamsize|p1|6\n|teamsize|p2|6\n|gen|9\n|tier|[Gen 9] OU\n|rated|\n|rule|Sleep Clause Mod: Limit one foe put to sleep\n|rule|Species Clause: Limit one of each Pok\u00e9mon\n|rule|OHKO Clause: OHKO moves are banned\n|rule|Evasion Items Clause: Evasion items are banned\n|rule|Evasion Moves Clause: Evasion moves are banned\n|rule|Endless Battle Clause: Forcing endless battles is banned\n|rule|HP Percentage Mod: HP is shown in percentages\n|clearpoke\n|poke|p1|Samurott-Hisui, F|\n|poke|p1|Tinkaton, F|\n|poke|p1|Charizard, F|\n|poke|p1|Zapdos-Galar|\n|poke|p1|Ogerpon-Cornerstone, F|\n|poke|p1|Noivern, F|\n|poke|p2|Enamorus-Therian, F|\n|poke|p2|Slowbro-Galar, M|\n|poke|p2|Morpeko, M|\n|poke|p2|Great Tusk|\n|poke|p2|Moltres-Galar|\n|poke|p2|Crawdaunt, F|\n|teampreview\n|inactive|Battle timer is ON: inactive players will automatically lose when time's up. (requested by jacothaptrllr)\n|\n|t:|1700182829\n|start\n|switch|p1a: Tinkaton|Tinkaton, F|100\/100\n|switch|p2a: monaka chan|Crawdaunt, F|100\/100\n|-item|p1a: Tinkaton|Air Balloon\n|turn|1\n|\n|t:|1700182846\n|move|p2a: monaka chan|Liquidation|p1a: Tinkaton\n|-damage|p1a: Tinkaton|18\/100\n|-enditem|p1a: Tinkaton|Air Balloon\n|-enditem|p2a: monaka chan|Choice Band|[silent]|[from] ability: Pickpocket|[of] p2a: monaka chan\n|-item|p1a: Tinkaton|Choice Band|[from] ability: Pickpocket|[of] p2a: monaka chan\n|move|p1a: Tinkaton|Reflect|p1a: Tinkaton\n|-sidestart|p1: Pokrammer|Reflect\n|\n|upkeep\n|turn|2\n|\n|t:|1700182862\n|move|p2a: monaka chan|Liquidation|p1a: Tinkaton\n|-damage|p1a: Tinkaton|0 fnt\n|faint|p1a: Tinkaton\n|\n|upkeep\n|\n|t:|1700182880\n|switch|p1a: Samurott|Samurott-Hisui, F|100\/100\n|turn|3\n|\n|t:|1700182894\n|move|p1a: Samurott|Sacred Sword|p2a: monaka chan\n|-supereffective|p2a: monaka chan\n|-damage|p2a: monaka chan|0 fnt\n|faint|p2a: monaka chan\n|\n|upkeep\n|\n|t:|1700182898\n|switch|p2a: grand Zeno|Morpeko, M|100\/100\n|turn|4\n|\n|t:|1700182921\n|-terastallize|p2a: grand Zeno|Flying\n|move|p1a: Samurott|Sacred Sword|p2a: grand Zeno\n|-resisted|p2a: grand Zeno\n|-damage|p2a: grand Zeno|64\/100\n|move|p2a: grand Zeno|Aura Wheel|p1a: Samurott\n|-supereffective|p1a: Samurott\n|-damage|p1a: Samurott|45\/100\n|-boost|p2a: grand Zeno|spe|1\n|\n|upkeep\n|turn|5\n|\n|t:|1700182942\n|switch|p1a: Noivern|Noivern, F|100\/100\n|move|p2a: grand Zeno|Aura Wheel|p1a: Noivern\n|-damage|p1a: Noivern|72\/100\n|-boost|p2a: grand Zeno|spe|1\n|\n|-sideend|p1: Pokrammer|Reflect\n|upkeep\n|turn|6\n|\n|t:|1700182960\n|move|p2a: grand Zeno|Aura Wheel|p1a: Noivern\n|-crit|p1a: Noivern\n|-damage|p1a: Noivern|0 fnt\n|-boost|p2a: grand Zeno|spe|1\n|faint|p1a: Noivern\n|\n|upkeep\n|inactive|Pokrammer has 120 seconds left.\n|\n|t:|1700182980\n|switch|p1a: Charizard|Charizard, F|100\/100\n|turn|7\n|inactive|Pokrammer has 120 seconds left.\n|\n|t:|1700182995\n|-terastallize|p1a: Charizard|Ground\n|move|p2a: grand Zeno|Aura Wheel|p1a: Charizard\n|-immune|p1a: Charizard\n|move|p1a: Charizard|Flamethrower|p2a: grand Zeno\n|-crit|p2a: grand Zeno\n|-damage|p2a: grand Zeno|0 fnt\n|faint|p2a: grand Zeno\n|\n|upkeep\n|\n|t:|1700183007\n|switch|p2a: pew pew mf|Slowbro-Galar, M|100\/100\n|turn|8\n|\n|t:|1700183012\n|move|p1a: Charizard|Tera Blast|p2a: pew pew mf|[anim] Tera Blast Ground\n|-supereffective|p2a: pew pew mf\n|-damage|p2a: pew pew mf|0 fnt\n|faint|p2a: pew pew mf\n|\n|upkeep\n|\n|t:|1700183022\n|switch|p2a: wtf does ouvt mean|Moltres-Galar, shiny|100\/100\n|turn|9\n|\n|t:|1700183030\n|move|p1a: Charizard|Flamethrower|p2a: wtf does ouvt mean\n|-damage|p2a: wtf does ouvt mean|67\/100\n|move|p2a: wtf does ouvt mean|Agility|p2a: wtf does ouvt mean\n|-boost|p2a: wtf does ouvt mean|spe|2\n|\n|upkeep\n|turn|10\n|inactive|jacothaptrllr has 120 seconds left.\n|\n|t:|1700183069\n|move|p2a: wtf does ouvt mean|Nasty Plot|p2a: wtf does ouvt mean\n|-boost|p2a: wtf does ouvt mean|spa|2\n|move|p1a: Charizard|Flamethrower|p2a: wtf does ouvt mean\n|-damage|p2a: wtf does ouvt mean|33\/100\n|-ability|p2a: wtf does ouvt mean|Berserk|boost\n|-boost|p2a: wtf does ouvt mean|spa|1\n|-enditem|p2a: wtf does ouvt mean|Sitrus Berry|[eat]\n|-heal|p2a: wtf does ouvt mean|58\/100|[from] item: Sitrus Berry\n|\n|upkeep\n|turn|11\n|inactive|jacothaptrllr has 120 seconds left.\n|\n|t:|1700183084\n|move|p2a: wtf does ouvt mean|Nasty Plot|p2a: wtf does ouvt mean\n|-boost|p2a: wtf does ouvt mean|spa|2\n|move|p1a: Charizard|Flamethrower|p2a: wtf does ouvt mean\n|-damage|p2a: wtf does ouvt mean|24\/100\n|-ability|p2a: wtf does ouvt mean|Berserk|boost\n|-boost|p2a: wtf does ouvt mean|spa|1\n|\n|upkeep\n|turn|12\n|inactive|jacothaptrllr has 120 seconds left.\n|\n|t:|1700183091\n|move|p2a: wtf does ouvt mean|Fiery Wrath|p1a: Charizard\n|-damage|p1a: Charizard|0 fnt\n|faint|p1a: Charizard\n|\n|upkeep\n|\n|t:|1700183099\n|switch|p1a: Zapdos|Zapdos-Galar|100\/100\n|turn|13\n|\n|t:|1700183105\n|move|p2a: wtf does ouvt mean|Fiery Wrath|p1a: Zapdos\n|-resisted|p1a: Zapdos\n|-damage|p1a: Zapdos|0 fnt\n|faint|p1a: Zapdos\n|\n|upkeep\n|\n|t:|1700183112\n|switch|p1a: Samurott|Samurott-Hisui, F|45\/100\n|turn|14\n|\n|t:|1700183118\n|move|p2a: wtf does ouvt mean|Fiery Wrath|p1a: Samurott\n|-resisted|p1a: Samurott\n|-damage|p1a: Samurott|0 fnt\n|faint|p1a: Samurott\n|\n|upkeep\n|\n|t:|1700183122\n|switch|p1a: Ogerpon|Ogerpon-Cornerstone, F|100\/100\n|turn|15\n|\n|t:|1700183129\n|move|p2a: wtf does ouvt mean|Fiery Wrath|p1a: Ogerpon\n|-ability|p1a: Ogerpon|Sturdy\n|-damage|p1a: Ogerpon|1\/100\n|cant|p1a: Ogerpon|flinch\n|\n|upkeep\n|turn|16\n|-message|Pokrammer forfeited.\n|\n|win|jacothaptrllr\n|raw|Pokrammer's rating: 1077 &rarr; <strong>1058<\/strong><br \/>(-19 for losing)\n|raw|jacothaptrllr's rating: 1120 &rarr; <strong>1142<\/strong><br \/>(+22 for winning)\n|l|\u2606Pokrammer\n","uploadtime":1700183142,"views":7,"p1id":"pokrammer","p2id":"jacothaptrllr","formatid":"gen9ou","rating":1058,"private":0,"password":""}