{"id":"gen9ou-1988555086","p1":"Docter_Peng99","p2":"Jhfuihfyy","format":"[Gen 9] OU","log":"|j|\u2606Docter_Peng99\n|j|\u2606Jhfuihfyy\n|t:|1699735591\n|gametype|singles\n|player|p1|Docter_Peng99|larry|1146\n|player|p2|Jhfuihfyy|169|1090\n|teamsize|p1|6\n|teamsize|p2|6\n|gen|9\n|tier|[Gen 9] OU\n|rated|\n|rule|Sleep Clause Mod: Limit one foe put to sleep\n|rule|Species Clause: Limit one of each Pok\u00e9mon\n|rule|OHKO Clause: OHKO moves are banned\n|rule|Evasion Items Clause: Evasion items are banned\n|rule|Evasion Moves Clause: Evasion moves are banned\n|rule|Endless Battle Clause: Forcing endless battles is banned\n|rule|HP Percentage Mod: HP is shown in percentages\n|clearpoke\n|poke|p1|Ninetales-Alola, F|\n|poke|p1|Great Tusk|\n|poke|p1|Iron Moth|\n|poke|p1|Gliscor, M|\n|poke|p1|Iron Valiant|\n|poke|p1|Kingambit, M|\n|poke|p2|Zapdos|\n|poke|p2|Garganacl, M|\n|poke|p2|Basculegion, M|\n|poke|p2|Pelipper, F|\n|poke|p2|Amoonguss, M|\n|poke|p2|Dragapult, M|\n|teampreview\n|\n|t:|1699735635\n|start\n|switch|p1a: Setsuna|Ninetales-Alola, F|100\/100\n|switch|p2a: Dragapult|Dragapult, M|100\/100\n|-weather|Snow|[from] ability: Snow Warning|[of] p1a: Setsuna\n|turn|1\n|inactive|Battle timer is ON: inactive players will automatically lose when time's up. (requested by Jhfuihfyy)\n|\n|t:|1699735649\n|move|p2a: Dragapult|Flamethrower|p1a: Setsuna\n|-supereffective|p1a: Setsuna\n|-damage|p1a: Setsuna|19\/100\n|move|p1a: Setsuna|Aurora Veil|p1a: Setsuna\n|-sidestart|p1: Docter_Peng99|move: Aurora Veil\n|\n|-weather|Snow|[upkeep]\n|upkeep\n|turn|2\n|c|\u2606Jhfuihfyy|Is this a hent-ai reference\n|inactive|Jhfuihfyy has 120 seconds left.\n|\n|t:|1699735682\n|move|p2a: Dragapult|Flamethrower|p1a: Setsuna\n|-supereffective|p1a: Setsuna\n|-damage|p1a: Setsuna|0 fnt\n|faint|p1a: Setsuna\n|\n|-weather|Snow|[upkeep]\n|upkeep\n|\n|t:|1699735707\n|switch|p1a: Solarflare|Iron Moth|100\/100\n|turn|3\n|inactive|Jhfuihfyy has 120 seconds left.\n|\n|t:|1699735736\n|switch|p2a: Amoonguss|Amoonguss, M, shiny|100\/100\n|move|p1a: Solarflare|Fiery Dance|p2a: Amoonguss\n|-supereffective|p2a: Amoonguss\n|-damage|p2a: Amoonguss|45\/100\n|-enditem|p2a: Amoonguss|Red Card|[of] p1a: Solarflare\n|-end|p1a: Solarflare|Quark Drive|[silent]\n|drag|p1a: Metaslayer|Iron Valiant|100\/100\n|-enditem|p1a: Metaslayer|Booster Energy\n|-activate|p1a: Metaslayer|ability: Quark Drive|[fromitem]\n|-start|p1a: Metaslayer|quarkdrivespe\n|\n|-weather|Snow|[upkeep]\n|upkeep\n|turn|4\n|c|\u2606Docter_Peng99|Um no?\n|\n|t:|1699735753\n|move|p1a: Metaslayer|Psyshock|p2a: Amoonguss\n|-supereffective|p2a: Amoonguss\n|-damage|p2a: Amoonguss|0 fnt\n|faint|p2a: Amoonguss\n|\n|-weather|Snow|[upkeep]\n|upkeep\n|\n|t:|1699735765\n|switch|p2a: Pelipper|Pelipper, F|100\/100\n|-weather|RainDance|[from] ability: Drizzle|[of] p2a: Pelipper\n|turn|5\n|\n|t:|1699735775\n|move|p1a: Metaslayer|Moonblast|p2a: Pelipper\n|-damage|p2a: Pelipper|31\/100\n|-unboost|p2a: Pelipper|spa|1\n|move|p2a: Pelipper|U-turn|p1a: Metaslayer\n|-resisted|p1a: Metaslayer\n|-damage|p1a: Metaslayer|99\/100\n|\n|t:|1699735782\n|switch|p2a: Basculegion|Basculegion, M, shiny|100\/100|[from] U-turn\n|\n|-weather|RainDance|[upkeep]\n|upkeep\n|turn|6\n|\n|t:|1699735791\n|move|p1a: Metaslayer|Destiny Bond|p1a: Metaslayer\n|-singlemove|p1a: Metaslayer|Destiny Bond\n|move|p2a: Basculegion|Psychic Fangs|p1a: Metaslayer\n|-sideend|p1: Docter_Peng99|move: Aurora Veil\n|-supereffective|p1a: Metaslayer\n|-damage|p1a: Metaslayer|0 fnt\n|faint|p1a: Metaslayer\n|-activate|p1a: Metaslayer|move: Destiny Bond\n|-end|p1a: Metaslayer|Quark Drive|[silent]\n|faint|p2a: Basculegion\n|\n|-weather|RainDance|[upkeep]\n|upkeep\n|\n|t:|1699735803\n|switch|p1a: Solarflare|Iron Moth|100\/100\n|switch|p2a: Zapdos|Zapdos|100\/100\n|turn|7\n|\n|t:|1699735830\n|-terastallize|p2a: Zapdos|Electric\n|move|p1a: Solarflare|Sludge Wave|p2a: Zapdos\n|-damage|p2a: Zapdos|45\/100\n|move|p2a: Zapdos|Thunder|p1a: Solarflare\n|-damage|p1a: Solarflare|16\/100\n|\n|-weather|RainDance|[upkeep]\n|upkeep\n|turn|8\n|\n|t:|1699735844\n|switch|p2a: Garganacl|Garganacl, M|100\/100\n|move|p1a: Solarflare|Sludge Wave|p2a: Garganacl\n|-resisted|p2a: Garganacl\n|-damage|p2a: Garganacl|80\/100\n|\n|-weather|RainDance|[upkeep]\n|-heal|p2a: Garganacl|86\/100|[from] item: Leftovers\n|upkeep\n|turn|9\n|\n|t:|1699735855\n|-end|p1a: Solarflare|Quark Drive|[silent]\n|switch|p1a: Ancient Elephant|Great Tusk|100\/100\n|move|p2a: Garganacl|Stealth Rock|p1a: Ancient Elephant\n|-sidestart|p1: Docter_Peng99|move: Stealth Rock\n|\n|-weather|RainDance|[upkeep]\n|-heal|p2a: Garganacl|92\/100|[from] item: Leftovers\n|upkeep\n|turn|10\n|inactive|Jhfuihfyy has 90 seconds left.\n|inactive|Jhfuihfyy has 60 seconds left.\n|\n|t:|1699735910\n|switch|p2a: Pelipper|Pelipper, F|31\/100\n|move|p1a: Ancient Elephant|Knock Off|p2a: Pelipper\n|-damage|p2a: Pelipper|4\/100\n|-enditem|p2a: Pelipper|Damp Rock|[from] move: Knock Off|[of] p1a: Ancient Elephant\n|\n|-weather|RainDance|[upkeep]\n|upkeep\n|turn|11\n|inactive|Jhfuihfyy has 60 seconds left.\n|\n|t:|1699735922\n|move|p1a: Ancient Elephant|Rapid Spin|p2a: Pelipper\n|-damage|p2a: Pelipper|0 fnt\n|-boost|p1a: Ancient Elephant|spe|1\n|-sideend|p1: Docter_Peng99|Stealth Rock|[from] move: Rapid Spin|[of] p1a: Ancient Elephant\n|faint|p2a: Pelipper\n|\n|-weather|RainDance|[upkeep]\n|upkeep\n|\n|t:|1699735931\n|switch|p2a: Dragapult|Dragapult, M|100\/100\n|turn|12\n|inactive|Jhfuihfyy has 60 seconds left.\n|\n|t:|1699735937\n|move|p2a: Dragapult|Draco Meteor|p1a: Ancient Elephant\n|-damage|p1a: Ancient Elephant|22\/100\n|-unboost|p2a: Dragapult|spa|2\n|move|p1a: Ancient Elephant|Knock Off|p2a: Dragapult\n|-supereffective|p2a: Dragapult\n|-damage|p2a: Dragapult|0 fnt\n|-enditem|p2a: Dragapult|Choice Specs|[from] move: Knock Off|[of] p1a: Ancient Elephant\n|faint|p2a: Dragapult\n|\n|-weather|none\n|upkeep\n|inactive|Jhfuihfyy has 60 seconds left.\n|\n|t:|1699735958\n|switch|p2a: Garganacl|Garganacl, M|92\/100\n|turn|13\n|\n|t:|1699735968\n|move|p2a: Garganacl|Protect|p2a: Garganacl\n|-singleturn|p2a: Garganacl|Protect\n|move|p1a: Ancient Elephant|Knock Off|p2a: Garganacl\n|-activate|p2a: Garganacl|move: Protect\n|\n|-heal|p2a: Garganacl|98\/100|[from] item: Leftovers\n|upkeep\n|turn|14\n|inactive|Jhfuihfyy has 60 seconds left.\n|\n|t:|1699735979\n|move|p1a: Ancient Elephant|Knock Off|p2a: Garganacl\n|-damage|p2a: Garganacl|78\/100\n|-enditem|p2a: Garganacl|Leftovers|[from] move: Knock Off|[of] p1a: Ancient Elephant\n|move|p2a: Garganacl|Salt Cure|p1a: Ancient Elephant\n|-resisted|p1a: Ancient Elephant\n|-damage|p1a: Ancient Elephant|20\/100\n|-start|p1a: Ancient Elephant|Salt Cure\n|\n|-damage|p1a: Ancient Elephant|7\/100|[from] Salt Cure\n|upkeep\n|turn|15\n|inactive|Jhfuihfyy has 60 seconds left.\n|\n|t:|1699735992\n|move|p1a: Ancient Elephant|Earthquake|p2a: Garganacl\n|-supereffective|p2a: Garganacl\n|-damage|p2a: Garganacl|14\/100\n|move|p2a: Garganacl|Stealth Rock|p1a: Ancient Elephant\n|-sidestart|p1: Docter_Peng99|move: Stealth Rock\n|\n|-damage|p1a: Ancient Elephant|0 fnt|[from] Salt Cure\n|faint|p1a: Ancient Elephant\n|-end|p1a: Ancient Elephant|Protosynthesis|[silent]\n|upkeep\n|\n|t:|1699735996\n|switch|p1a: Solarflare|Iron Moth|16\/100\n|-damage|p1a: Solarflare|0 fnt|[from] Stealth Rock\n|faint|p1a: Solarflare\n|-end|p1a: Solarflare|Quark Drive|[silent]\n|\n|t:|1699735997\n|switch|p1a: Wall|Gliscor, M|100\/100\n|-damage|p1a: Wall|88\/100|[from] Stealth Rock\n|turn|16\n|inactive|Jhfuihfyy has 60 seconds left.\n|\n|t:|1699736014\n|move|p2a: Garganacl|Protect|p2a: Garganacl\n|-singleturn|p2a: Garganacl|Protect\n|move|p1a: Wall|Earthquake|p2a: Garganacl\n|-activate|p2a: Garganacl|move: Protect\n|\n|-status|p1a: Wall|tox|[from] item: Toxic Orb\n|upkeep\n|turn|17\n|inactive|Jhfuihfyy has 60 seconds left.\n|\n|t:|1699736025\n|move|p1a: Wall|Earthquake|p2a: Garganacl\n|-supereffective|p2a: Garganacl\n|-damage|p2a: Garganacl|0 fnt\n|faint|p2a: Garganacl\n|\n|-heal|p1a: Wall|100\/100 tox|[from] ability: Poison Heal\n|upkeep\n|inactive|Jhfuihfyy has 60 seconds left.\n|\n|t:|1699736033\n|switch|p2a: Zapdos|Zapdos, tera:Electric|45\/100\n|turn|18\n|inactive|Jhfuihfyy has 60 seconds left.\n|\n|t:|1699736050\n|move|p2a: Zapdos|Hurricane|p1a: Wall\n|-damage|p1a: Wall|32\/100 tox\n|move|p1a: Wall|Toxic|p2a: Zapdos\n|-status|p2a: Zapdos|tox\n|\n|-damage|p2a: Zapdos|39\/100 tox|[from] psn\n|-heal|p1a: Wall|45\/100 tox|[from] ability: Poison Heal\n|upkeep\n|turn|19\n|inactive|Jhfuihfyy has 60 seconds left.\n|\n|t:|1699736060\n|move|p1a: Wall|Protect|p1a: Wall\n|-singleturn|p1a: Wall|Protect\n|move|p2a: Zapdos|Hurricane|p1a: Wall\n|-activate|p1a: Wall|move: Protect\n|\n|-damage|p2a: Zapdos|26\/100 tox|[from] psn\n|-heal|p1a: Wall|57\/100 tox|[from] ability: Poison Heal\n|upkeep\n|turn|20\n|\n|t:|1699736069\n|move|p2a: Zapdos|Hurricane|p1a: Wall|[miss]\n|-miss|p2a: Zapdos|p1a: Wall\n|move|p1a: Wall|Earthquake|p2a: Zapdos\n|-supereffective|p2a: Zapdos\n|-damage|p2a: Zapdos|0 fnt\n|faint|p2a: Zapdos\n|\n|win|Docter_Peng99\n|raw|Docter_Peng99's rating: 1146 &rarr; <strong>1167<\/strong><br \/>(+21 for winning)\n|raw|Jhfuihfyy's rating: 1090 &rarr; <strong>1070<\/strong><br \/>(-20 for losing)\n|c|\u2606Docter_Peng99|gg\n","uploadtime":1699736082,"views":22,"p1id":"docterpeng99","p2id":"jhfuihfyy","formatid":"gen9ou","rating":1070,"private":0,"password":""}