{"id":"gen9ou-1998355978","p1":"Legendary crybaby","p2":"relicman","format":"[Gen 9] OU","log":"|j|\u2606Legendary crybaby\n|j|\u2606relicman\n|t:|1700933158\n|gametype|singles\n|player|p1|Legendary crybaby|265|1036\n|player|p2|relicman|bugcatcher-gen4dp|1104\n|teamsize|p1|6\n|teamsize|p2|6\n|gen|9\n|tier|[Gen 9] OU\n|rated|\n|rule|Sleep Clause Mod: Limit one foe put to sleep\n|rule|Species Clause: Limit one of each Pok\u00e9mon\n|rule|OHKO Clause: OHKO moves are banned\n|rule|Evasion Items Clause: Evasion items are banned\n|rule|Evasion Moves Clause: Evasion moves are banned\n|rule|Endless Battle Clause: Forcing endless battles is banned\n|rule|HP Percentage Mod: HP is shown in percentages\n|clearpoke\n|poke|p1|Grimmsnarl, M|\n|poke|p1|Grafaiai, M|\n|poke|p1|Quaquaval, M|\n|poke|p1|Scizor, M|\n|poke|p1|Drifblim, M|\n|poke|p1|Gardevoir, F|\n|poke|p2|Ribombee, M|\n|poke|p2|Kleavor, F|\n|poke|p2|Yanmega, F|\n|poke|p2|Slither Wing|\n|poke|p2|Masquerain, F|\n|poke|p2|Lokix, M|\n|teampreview\n|\n|t:|1700933164\n|start\n|switch|p1a: Straight Trollin|Grimmsnarl, M|100\/100\n|switch|p2a: Ribombee|Ribombee, M|100\/100\n|turn|1\n|\n|t:|1700933172\n|move|p1a: Straight Trollin|Parting Shot|p2a: Ribombee\n|-unboost|p2a: Ribombee|atk|1\n|-unboost|p2a: Ribombee|spa|1\n|\n|t:|1700933175\n|switch|p1a: Obviously Trollin|Grafaiai, M|100\/100|[from] Parting Shot\n|move|p2a: Ribombee|Sticky Web|p1a: Obviously Trollin\n|-sidestart|p1: Legendary crybaby|move: Sticky Web\n|\n|upkeep\n|turn|2\n|\n|t:|1700933183\n|switch|p2a: Yanmega|Yanmega, F|100\/100\n|move|p1a: Obviously Trollin|Copycat|p1a: Obviously Trollin\n|move|p1a: Obviously Trollin|Sticky Web|p2a: Yanmega|[from]move: Copycat\n|-sidestart|p2: relicman|move: Sticky Web\n|\n|upkeep\n|turn|3\n|\n|t:|1700933192\n|move|p1a: Obviously Trollin|Parting Shot|p2a: Yanmega\n|-unboost|p2a: Yanmega|atk|1\n|-unboost|p2a: Yanmega|spa|1\n|\n|t:|1700933196\n|switch|p1a: Straight Trollin|Grimmsnarl, M|100\/100|[from] Parting Shot\n|-activate|p1a: Straight Trollin|move: Sticky Web\n|-unboost|p1a: Straight Trollin|spe|1\n|move|p2a: Yanmega|Psychic|p1a: Straight Trollin\n|-immune|p1a: Straight Trollin\n|\n|upkeep\n|turn|4\n|\n|t:|1700933205\n|move|p1a: Straight Trollin|Thunder Wave|p2a: Yanmega\n|-status|p2a: Yanmega|par\n|cant|p2a: Yanmega|par\n|\n|upkeep\n|turn|5\n|\n|t:|1700933212\n|switch|p2a: Masquerain|Masquerain, F|100\/100\n|-ability|p2a: Masquerain|Intimidate|boost\n|-unboost|p1a: Straight Trollin|atk|1\n|move|p1a: Straight Trollin|Parting Shot|p2a: Masquerain\n|-unboost|p2a: Masquerain|atk|1\n|-unboost|p2a: Masquerain|spa|1\n|\n|t:|1700933220\n|switch|p1a: Obviously Trollin|Grafaiai, M|100\/100|[from] Parting Shot\n|-activate|p1a: Obviously Trollin|move: Sticky Web\n|-unboost|p1a: Obviously Trollin|spe|1\n|\n|upkeep\n|turn|6\n|\n|t:|1700933231\n|move|p2a: Masquerain|Air Slash|p1a: Obviously Trollin\n|-damage|p1a: Obviously Trollin|72\/100\n|move|p1a: Obviously Trollin|Knock Off|p2a: Masquerain\n|-crit|p2a: Masquerain\n|-damage|p2a: Masquerain|41\/100\n|-enditem|p2a: Masquerain|Focus Sash|[from] move: Knock Off|[of] p1a: Obviously Trollin\n|\n|-heal|p1a: Obviously Trollin|78\/100|[from] item: Leftovers\n|upkeep\n|turn|7\n|\n|t:|1700933245\n|switch|p2a: Ribombee|Ribombee, M|100\/100\n|-activate|p2a: Ribombee|move: Sticky Web\n|-unboost|p2a: Ribombee|spe|1\n|move|p1a: Obviously Trollin|Parting Shot|p2a: Ribombee\n|-unboost|p2a: Ribombee|atk|1\n|-unboost|p2a: Ribombee|spa|1\n|\n|t:|1700933252\n|switch|p1a: Straight Trollin|Grimmsnarl, M|100\/100|[from] Parting Shot\n|-activate|p1a: Straight Trollin|move: Sticky Web\n|-unboost|p1a: Straight Trollin|spe|1\n|\n|upkeep\n|turn|8\n|\n|t:|1700933260\n|move|p1a: Straight Trollin|Parting Shot|p2a: Ribombee\n|-unboost|p2a: Ribombee|atk|1\n|-unboost|p2a: Ribombee|spa|1\n|\n|t:|1700933263\n|switch|p1a: Obviously Trollin|Grafaiai, M|78\/100|[from] Parting Shot\n|-activate|p1a: Obviously Trollin|move: Sticky Web\n|-unboost|p1a: Obviously Trollin|spe|1\n|move|p2a: Ribombee|Moonblast|p1a: Obviously Trollin\n|-resisted|p1a: Obviously Trollin\n|-damage|p1a: Obviously Trollin|67\/100\n|-unboost|p1a: Obviously Trollin|spa|1\n|\n|-heal|p1a: Obviously Trollin|73\/100|[from] item: Leftovers\n|upkeep\n|turn|9\n|\n|t:|1700933276\n|switch|p2a: Masquerain|Masquerain, F|41\/100\n|-ability|p2a: Masquerain|Intimidate|boost\n|-unboost|p1a: Obviously Trollin|atk|1\n|move|p1a: Obviously Trollin|Knock Off|p2a: Masquerain\n|-damage|p2a: Masquerain|25\/100\n|\n|-heal|p1a: Obviously Trollin|79\/100|[from] item: Leftovers\n|upkeep\n|turn|10\n|\n|t:|1700933288\n|move|p1a: Obviously Trollin|Parting Shot|p2a: Masquerain\n|-unboost|p2a: Masquerain|atk|1\n|-unboost|p2a: Masquerain|spa|1\n|\n|t:|1700933292\n|switch|p1a: Straight Trollin|Grimmsnarl, M|100\/100|[from] Parting Shot\n|-activate|p1a: Straight Trollin|move: Sticky Web\n|-unboost|p1a: Straight Trollin|spe|1\n|move|p2a: Masquerain|Quiver Dance|p2a: Masquerain\n|-boost|p2a: Masquerain|spa|1\n|-boost|p2a: Masquerain|spd|1\n|-boost|p2a: Masquerain|spe|1\n|\n|upkeep\n|turn|11\n|\n|t:|1700933304\n|move|p1a: Straight Trollin|Thunder Wave|p2a: Masquerain\n|-status|p2a: Masquerain|par\n|move|p2a: Masquerain|Hydro Pump|p1a: Straight Trollin\n|-damage|p1a: Straight Trollin|73\/100\n|\n|upkeep\n|turn|12\n|\n|t:|1700933313\n|move|p1a: Straight Trollin|Parting Shot|p2a: Masquerain\n|-unboost|p2a: Masquerain|atk|1\n|-unboost|p2a: Masquerain|spa|1\n|\n|t:|1700933316\n|switch|p1a: Obviously Trollin|Grafaiai, M|79\/100|[from] Parting Shot\n|-activate|p1a: Obviously Trollin|move: Sticky Web\n|-unboost|p1a: Obviously Trollin|spe|1\n|move|p2a: Masquerain|Bug Buzz|p1a: Obviously Trollin\n|-resisted|p1a: Obviously Trollin\n|-damage|p1a: Obviously Trollin|62\/100\n|\n|-heal|p1a: Obviously Trollin|68\/100|[from] item: Leftovers\n|upkeep\n|turn|13\n|\n|t:|1700933327\n|move|p2a: Masquerain|Quiver Dance|p2a: Masquerain\n|-boost|p2a: Masquerain|spa|1\n|-boost|p2a: Masquerain|spd|1\n|-boost|p2a: Masquerain|spe|1\n|move|p1a: Obviously Trollin|Knock Off|p2a: Masquerain\n|-damage|p2a: Masquerain|0 fnt\n|faint|p2a: Masquerain\n|\n|-heal|p1a: Obviously Trollin|74\/100|[from] item: Leftovers\n|upkeep\n|\n|t:|1700933339\n|switch|p2a: Slither Wing|Slither Wing|100\/100\n|-activate|p2a: Slither Wing|move: Sticky Web\n|-unboost|p2a: Slither Wing|spe|1\n|-enditem|p2a: Slither Wing|Booster Energy\n|-activate|p2a: Slither Wing|ability: Protosynthesis|[fromitem]\n|-start|p2a: Slither Wing|protosynthesisatk\n|turn|14\n|\n|t:|1700933347\n|move|p2a: Slither Wing|First Impression|p1a: Obviously Trollin\n|-resisted|p1a: Obviously Trollin\n|-damage|p1a: Obviously Trollin|32\/100\n|move|p1a: Obviously Trollin|Parting Shot|p2a: Slither Wing\n|-unboost|p2a: Slither Wing|atk|1\n|-unboost|p2a: Slither Wing|spa|1\n|\n|t:|1700933354\n|switch|p1a: Straight Trollin|Grimmsnarl, M|73\/100|[from] Parting Shot\n|-activate|p1a: Straight Trollin|move: Sticky Web\n|-unboost|p1a: Straight Trollin|spe|1\n|\n|upkeep\n|turn|15\n|\n|t:|1700933361\n|move|p1a: Straight Trollin|Thunder Wave|p2a: Slither Wing\n|-status|p2a: Slither Wing|par\n|move|p2a: Slither Wing|Earthquake|p1a: Straight Trollin\n|-damage|p1a: Straight Trollin|42\/100\n|\n|upkeep\n|turn|16\n|\n|t:|1700933369\n|move|p1a: Straight Trollin|Reflect|p1a: Straight Trollin\n|-sidestart|p1: Legendary crybaby|Reflect\n|cant|p2a: Slither Wing|par\n|\n|upkeep\n|turn|17\n|\n|t:|1700933373\n|move|p1a: Straight Trollin|Parting Shot|p2a: Slither Wing\n|-unboost|p2a: Slither Wing|atk|1\n|-unboost|p2a: Slither Wing|spa|1\n|\n|t:|1700933381\n|switch|p1a: Obviously Trollin|Grafaiai, M|32\/100|[from] Parting Shot\n|-activate|p1a: Obviously Trollin|move: Sticky Web\n|-unboost|p1a: Obviously Trollin|spe|1\n|move|p2a: Slither Wing|Earthquake|p1a: Obviously Trollin\n|-supereffective|p1a: Obviously Trollin\n|-damage|p1a: Obviously Trollin|2\/100\n|\n|-heal|p1a: Obviously Trollin|8\/100|[from] item: Leftovers\n|upkeep\n|turn|18\n|\n|t:|1700933392\n|move|p1a: Obviously Trollin|Parting Shot|p2a: Slither Wing\n|-unboost|p2a: Slither Wing|atk|1\n|-unboost|p2a: Slither Wing|spa|1\n|\n|t:|1700933400\n|switch|p1a: Don't trust it...|Drifblim, M|100\/100|[from] Parting Shot\n|cant|p2a: Slither Wing|par\n|\n|upkeep\n|turn|19\n|\n|t:|1700933408\n|-end|p2a: Slither Wing|Protosynthesis|[silent]\n|switch|p2a: Lokix|Lokix, M|100\/100\n|-activate|p2a: Lokix|move: Sticky Web\n|-unboost|p2a: Lokix|spe|1\n|move|p1a: Don't trust it...|Substitute|p1a: Don't trust it...\n|-start|p1a: Don't trust it...|Substitute\n|-damage|p1a: Don't trust it...|76\/100\n|\n|upkeep\n|turn|20\n|\n|t:|1700933417\n|move|p1a: Don't trust it...|Strength Sap|p2a: Lokix\n|-unboost|p2a: Lokix|atk|1\n|-heal|p1a: Don't trust it...|100\/100\n|move|p2a: Lokix|Taunt|p1a: Don't trust it...\n|-start|p1a: Don't trust it...|move: Taunt\n|\n|-sideend|p1: Legendary crybaby|Reflect\n|upkeep\n|turn|21\n|\n|t:|1700933425\n|move|p1a: Don't trust it...|Air Slash|p2a: Lokix\n|-supereffective|p2a: Lokix\n|-damage|p2a: Lokix|0 fnt\n|faint|p2a: Lokix\n|\n|upkeep\n|\n|t:|1700933430\n|switch|p2a: Ribombee|Ribombee, M|100\/100\n|-activate|p2a: Ribombee|move: Sticky Web\n|-unboost|p2a: Ribombee|spe|1\n|turn|22\n|\n|t:|1700933435\n|move|p2a: Ribombee|Moonblast|p1a: Don't trust it...\n|-end|p1a: Don't trust it...|Substitute\n|move|p1a: Don't trust it...|Air Slash|p2a: Ribombee\n|-supereffective|p2a: Ribombee\n|-enditem|p2a: Ribombee|Focus Sash\n|-damage|p2a: Ribombee|1\/100\n|\n|upkeep\n|turn|23\n|\n|t:|1700933443\n|move|p2a: Ribombee|Moonblast|p1a: Don't trust it...\n|-damage|p1a: Don't trust it...|46\/100\n|-enditem|p1a: Don't trust it...|Red Card|[of] p2a: Ribombee\n|drag|p2a: Kleavor|Kleavor, F|100\/100\n|-activate|p2a: Kleavor|move: Sticky Web\n|-unboost|p2a: Kleavor|spe|1\n|move|p1a: Don't trust it...|Air Slash|p2a: Kleavor\n|-damage|p2a: Kleavor|47\/100\n|\n|-end|p1a: Don't trust it...|move: Taunt\n|upkeep\n|turn|24\n|\n|t:|1700933457\n|move|p1a: Don't trust it...|Strength Sap|p2a: Kleavor\n|-unboost|p2a: Kleavor|atk|1\n|-heal|p1a: Don't trust it...|100\/100\n|move|p2a: Kleavor|Stone Axe|p1a: Don't trust it...\n|-supereffective|p1a: Don't trust it...\n|-damage|p1a: Don't trust it...|0 fnt\n|-sidestart|p1: Legendary crybaby|move: Stealth Rock\n|faint|p1a: Don't trust it...\n|-damage|p2a: Kleavor|37\/100|[from] item: Life Orb\n|\n|upkeep\n|\n|t:|1700933468\n|switch|p1a: Trolldier|Quaquaval, M|100\/100\n|-activate|p1a: Trolldier|move: Sticky Web\n|-unboost|p1a: Trolldier|spe|1\n|-damage|p1a: Trolldier|94\/100|[from] Stealth Rock\n|turn|25\n|\n|t:|1700933475\n|switch|p2a: Ribombee|Ribombee, M|1\/100\n|-activate|p2a: Ribombee|move: Sticky Web\n|-unboost|p2a: Ribombee|spe|1\n|move|p1a: Trolldier|Aqua Step|p2a: Ribombee\n|-damage|p2a: Ribombee|0 fnt\n|-boost|p1a: Trolldier|spe|1\n|faint|p2a: Ribombee\n|-ability|p1a: Trolldier|Moxie|boost\n|-boost|p1a: Trolldier|atk|1\n|\n|-heal|p1a: Trolldier|100\/100|[from] item: Leftovers\n|upkeep\n|\n|t:|1700933488\n|switch|p2a: Yanmega|Yanmega, F|100\/100 par\n|turn|26\n|\n|t:|1700933493\n|move|p1a: Trolldier|Aqua Step|p2a: Yanmega\n|-damage|p2a: Yanmega|26\/100 par\n|-boost|p1a: Trolldier|spe|1\n|cant|p2a: Yanmega|par\n|\n|upkeep\n|turn|27\n|\n|t:|1700933499\n|move|p1a: Trolldier|Aqua Step|p2a: Yanmega\n|-damage|p2a: Yanmega|0 fnt\n|-boost|p1a: Trolldier|spe|1\n|faint|p2a: Yanmega\n|-ability|p1a: Trolldier|Moxie|boost\n|-boost|p1a: Trolldier|atk|1\n|\n|upkeep\n|\n|t:|1700933506\n|switch|p2a: Kleavor|Kleavor, F|37\/100\n|-activate|p2a: Kleavor|move: Sticky Web\n|-unboost|p2a: Kleavor|spe|1\n|turn|28\n|\n|t:|1700933512\n|move|p1a: Trolldier|Aqua Step|p2a: Kleavor\n|-supereffective|p2a: Kleavor\n|-damage|p2a: Kleavor|0 fnt\n|-boost|p1a: Trolldier|spe|1\n|faint|p2a: Kleavor\n|-ability|p1a: Trolldier|Moxie|boost\n|-boost|p1a: Trolldier|atk|1\n|\n|upkeep\n|\n|t:|1700933519\n|switch|p2a: Slither Wing|Slither Wing|100\/100 par\n|-activate|p2a: Slither Wing|move: Sticky Web\n|-unboost|p2a: Slither Wing|spe|1\n|turn|29\n|\n|t:|1700933524\n|cant|p2a: Slither Wing|par\n|move|p1a: Trolldier|Aqua Step|p2a: Slither Wing\n|-damage|p2a: Slither Wing|0 fnt\n|-boost|p1a: Trolldier|spe|1\n|faint|p2a: Slither Wing\n|-end|p2a: Slither Wing|Protosynthesis|[silent]\n|\n|win|Legendary crybaby\n|raw|Legendary crybaby's rating: 1036 &rarr; <strong>1077<\/strong><br \/>(+41 for winning)\n|raw|relicman's rating: 1104 &rarr; <strong>1074<\/strong><br \/>(-30 for losing)\n|c|\u2606relicman|fun\n|c|\u2606Legendary crybaby|Gg\n|c|\u2606Legendary crybaby|Thanks\n|l|\u2606relicman\n|l|\u2606Legendary crybaby\n|j|\u2606Legendary crybaby\n|player|p1|Legendary crybaby|265\n","uploadtime":1700933556,"views":1,"p1id":"legendarycrybaby","p2id":"relicman","formatid":"gen9ou","rating":1074,"private":0,"password":""}