{"id":"gen9ou-1997358406","p1":"syco836","p2":"yonio","format":"[Gen 9] OU","log":"|j|\u2606syco836\n|j|\u2606yonio\n|t:|1700793798\n|gametype|singles\n|player|p1|syco836|dawn-gen4pt|1122\n|player|p2|yonio|winona|1062\n|teamsize|p1|6\n|teamsize|p2|6\n|gen|9\n|tier|[Gen 9] OU\n|rated|\n|rule|Sleep Clause Mod: Limit one foe put to sleep\n|rule|Species Clause: Limit one of each Pok\u00e9mon\n|rule|OHKO Clause: OHKO moves are banned\n|rule|Evasion Items Clause: Evasion items are banned\n|rule|Evasion Moves Clause: Evasion moves are banned\n|rule|Endless Battle Clause: Forcing endless battles is banned\n|rule|HP Percentage Mod: HP is shown in percentages\n|clearpoke\n|poke|p1|Bombirdier, M|\n|poke|p1|Alomomola, F|\n|poke|p1|Glimmora, M|\n|poke|p1|Great Tusk|\n|poke|p1|Skeledirge, F|\n|poke|p1|Ninetales-Alola, M|\n|poke|p2|Corviknight, M|\n|poke|p2|Gastrodon, M|\n|poke|p2|Heatran, F|\n|poke|p2|Samurott-Hisui, M|\n|poke|p2|Weavile, F|\n|poke|p2|Landorus-Therian, M|\n|teampreview\n|\n|t:|1700793803\n|start\n|switch|p1a: Glimmora|Glimmora, M|100\/100\n|switch|p2a: Samurott|Samurott-Hisui, M|100\/100\n|turn|1\n|\n|t:|1700793810\n|move|p1a: Glimmora|Energy Ball|p2a: Samurott\n|-supereffective|p2a: Samurott\n|-damage|p2a: Samurott|13\/100\n|move|p2a: Samurott|Swords Dance|p2a: Samurott\n|-boost|p2a: Samurott|atk|2\n|\n|upkeep\n|turn|2\n|\n|t:|1700793822\n|switch|p2a: Landorus|Landorus-Therian, M|100\/100\n|-ability|p2a: Landorus|Intimidate|boost\n|-unboost|p1a: Glimmora|atk|1\n|move|p1a: Glimmora|Energy Ball|p2a: Landorus\n|-damage|p2a: Landorus|63\/100\n|\n|upkeep\n|turn|3\n|\n|t:|1700793836\n|move|p1a: Glimmora|Mortal Spin|p2a: Landorus\n|-resisted|p2a: Landorus\n|-damage|p2a: Landorus|60\/100\n|-status|p2a: Landorus|psn\n|-damage|p1a: Glimmora|84\/100|[from] item: Rocky Helmet|[of] p2a: Landorus\n|move|p2a: Landorus|U-turn|p1a: Glimmora\n|-resisted|p1a: Glimmora\n|-damage|p1a: Glimmora|68\/100\n|-activate|p1a: Glimmora|ability: Toxic Debris\n|-sidestart|p2: yonio|move: Toxic Spikes\n|\n|t:|1700793849\n|switch|p2a: Corviknight|Corviknight, M|100\/100|[from] U-turn\n|-ability|p2a: Corviknight|Pressure\n|\n|upkeep\n|turn|4\n|\n|t:|1700793858\n|switch|p1a: Alomomola|Alomomola, F|100\/100\n|move|p2a: Corviknight|Bulk Up|p2a: Corviknight\n|-boost|p2a: Corviknight|atk|1\n|-boost|p2a: Corviknight|def|1\n|\n|upkeep\n|turn|5\n|\n|t:|1700793866\n|move|p2a: Corviknight|Bulk Up|p2a: Corviknight\n|-boost|p2a: Corviknight|atk|1\n|-boost|p2a: Corviknight|def|1\n|move|p1a: Alomomola|Whirlpool|p2a: Corviknight\n|-damage|p2a: Corviknight|92\/100\n|-activate|p2a: Corviknight|move: Whirlpool|[of] p1a: Alomomola\n|\n|-damage|p2a: Corviknight|76\/100|[from] move: Whirlpool|[partiallytrapped]\n|upkeep\n|turn|6\n|\n|t:|1700793875\n|move|p2a: Corviknight|Bulk Up|p2a: Corviknight\n|-boost|p2a: Corviknight|atk|1\n|-boost|p2a: Corviknight|def|1\n|move|p1a: Alomomola|Wish|p1a: Alomomola\n|\n|-damage|p2a: Corviknight|59\/100|[from] move: Whirlpool|[partiallytrapped]\n|upkeep\n|turn|7\n|\n|t:|1700793883\n|move|p2a: Corviknight|Power Trip|p1a: Alomomola\n|-damage|p1a: Alomomola|36\/100\n|-damage|p2a: Corviknight|49\/100|[from] item: Life Orb\n|move|p1a: Alomomola|Chilling Water|p2a: Corviknight\n|-damage|p2a: Corviknight|38\/100\n|-unboost|p2a: Corviknight|atk|1\n|\n|-heal|p1a: Alomomola|86\/100|[from] move: Wish|[wisher] Alomomola\n|-damage|p2a: Corviknight|22\/100|[from] move: Whirlpool|[partiallytrapped]\n|upkeep\n|turn|8\n|\n|t:|1700793897\n|move|p2a: Corviknight|Roost|p2a: Corviknight\n|-heal|p2a: Corviknight|72\/100\n|-singleturn|p2a: Corviknight|move: Roost\n|move|p1a: Alomomola|Wish|p1a: Alomomola\n|\n|-damage|p2a: Corviknight|55\/100|[from] move: Whirlpool|[partiallytrapped]\n|upkeep\n|turn|9\n|\n|t:|1700793905\n|move|p2a: Corviknight|Roost|p2a: Corviknight\n|-heal|p2a: Corviknight|100\/100\n|-singleturn|p2a: Corviknight|move: Roost\n|move|p1a: Alomomola|Chilling Water|p2a: Corviknight\n|-damage|p2a: Corviknight|90\/100\n|-unboost|p2a: Corviknight|atk|1\n|\n|-heal|p1a: Alomomola|100\/100|[from] move: Wish|[wisher] Alomomola\n|-damage|p2a: Corviknight|73\/100|[from] move: Whirlpool|[partiallytrapped]\n|upkeep\n|turn|10\n|\n|t:|1700793918\n|move|p2a: Corviknight|Body Press|p1a: Alomomola\n|-crit|p1a: Alomomola\n|-damage|p1a: Alomomola|34\/100\n|-damage|p2a: Corviknight|63\/100|[from] item: Life Orb\n|move|p1a: Alomomola|Chilling Water|p2a: Corviknight\n|-damage|p2a: Corviknight|52\/100\n|-unboost|p2a: Corviknight|atk|1\n|\n|-end|p2a: Corviknight|Whirlpool|[partiallytrapped]\n|upkeep\n|turn|11\n|\n|t:|1700793928\n|move|p2a: Corviknight|Body Press|p1a: Alomomola\n|-damage|p1a: Alomomola|0 fnt\n|faint|p1a: Alomomola\n|-damage|p2a: Corviknight|43\/100|[from] item: Life Orb\n|\n|upkeep\n|\n|t:|1700793933\n|switch|p1a: Skeledirge|Skeledirge, F|100\/100\n|turn|12\n|\n|t:|1700793938\n|switch|p2a: Gastrodon|Gastrodon, M|100\/100\n|-status|p2a: Gastrodon|psn\n|move|p1a: Skeledirge|Torch Song|p2a: Gastrodon\n|-resisted|p2a: Gastrodon\n|-damage|p2a: Gastrodon|87\/100 psn\n|-boost|p1a: Skeledirge|spa|1\n|-enditem|p1a: Skeledirge|Throat Spray\n|-boost|p1a: Skeledirge|spa|1|[from] item: Throat Spray\n|\n|-heal|p2a: Gastrodon|93\/100 psn|[from] item: Leftovers\n|-damage|p2a: Gastrodon|80\/100 psn|[from] psn\n|upkeep\n|turn|13\n|\n|t:|1700793957\n|-terastallize|p1a: Skeledirge|Fairy\n|move|p1a: Skeledirge|Hex|p2a: Gastrodon\n|-damage|p2a: Gastrodon|1\/100 psn\n|move|p2a: Gastrodon|Hydro Pump|p1a: Skeledirge\n|-damage|p1a: Skeledirge|66\/100\n|\n|-heal|p2a: Gastrodon|7\/100 psn|[from] item: Leftovers\n|-damage|p2a: Gastrodon|0 fnt|[from] psn\n|faint|p2a: Gastrodon\n|upkeep\n|\n|t:|1700793974\n|switch|p2a: Samurott|Samurott-Hisui, M|13\/100\n|-status|p2a: Samurott|psn\n|turn|14\n|\n|t:|1700793983\n|move|p2a: Samurott|Ceaseless Edge|p1a: Skeledirge\n|-resisted|p1a: Skeledirge\n|-damage|p1a: Skeledirge|46\/100\n|-sidestart|p1: syco836|Spikes\n|move|p1a: Skeledirge|Slack Off|p1a: Skeledirge\n|-heal|p1a: Skeledirge|96\/100\n|\n|-damage|p2a: Samurott|0 fnt|[from] psn\n|faint|p2a: Samurott\n|upkeep\n|\n|t:|1700793994\n|switch|p2a: Weavile|Weavile, F|100\/100\n|-status|p2a: Weavile|psn\n|-ability|p2a: Weavile|Pressure\n|turn|15\n|\n|t:|1700794005\n|move|p2a: Weavile|Icicle Crash|p1a: Skeledirge\n|-damage|p1a: Skeledirge|60\/100\n|move|p1a: Skeledirge|Torch Song|p2a: Weavile\n|-supereffective|p2a: Weavile\n|-enditem|p2a: Weavile|Focus Sash\n|-damage|p2a: Weavile|1\/100 psn\n|-boost|p1a: Skeledirge|spa|1\n|\n|-damage|p2a: Weavile|0 fnt|[from] psn\n|faint|p2a: Weavile\n|upkeep\n|\n|t:|1700794018\n|switch|p2a: Landorus|Landorus-Therian, M|60\/100 psn\n|-ability|p2a: Landorus|Intimidate|boost\n|-unboost|p1a: Skeledirge|atk|1\n|turn|16\n|\n|t:|1700794025\n|move|p2a: Landorus|Earthquake|p1a: Skeledirge\n|-damage|p1a: Skeledirge|11\/100\n|move|p1a: Skeledirge|Slack Off|p1a: Skeledirge\n|-heal|p1a: Skeledirge|61\/100\n|\n|-damage|p2a: Landorus|48\/100 psn|[from] psn\n|upkeep\n|turn|17\n|\n|t:|1700794034\n|move|p2a: Landorus|Sandsear Storm|p1a: Skeledirge\n|-damage|p1a: Skeledirge|34\/100\n|move|p1a: Skeledirge|Hex|p2a: Landorus\n|-damage|p2a: Landorus|0 fnt\n|faint|p2a: Landorus\n|\n|upkeep\n|-message|yonio forfeited.\n|\n|win|syco836\n|raw|syco836's rating: 1122 &rarr; <strong>1143<\/strong><br \/>(+21 for winning)\n|raw|yonio's rating: 1062 &rarr; <strong>1046<\/strong><br \/>(-16 for losing)\n|l|\u2606yonio\n","uploadtime":1700794048,"views":8,"p1id":"syco836","p2id":"yonio","formatid":"gen9ou","rating":1046,"private":0,"password":""}