{"id":"gen9ou-1995878611","p1":"CapnTophat","p2":"Gen8isfuckintrash","format":"[Gen 9] OU","log":"|j|\u2606CapnTophat\n|j|\u2606Gen8isfuckintrash\n|t:|1700612736\n|gametype|singles\n|player|p1|CapnTophat|wallace|1766\n|player|p2|Gen8isfuckintrash|maylene|1761\n|teamsize|p1|6\n|teamsize|p2|6\n|gen|9\n|tier|[Gen 9] OU\n|rated|\n|rule|Sleep Clause Mod: Limit one foe put to sleep\n|rule|Species Clause: Limit one of each Pok\u00e9mon\n|rule|OHKO Clause: OHKO moves are banned\n|rule|Evasion Items Clause: Evasion items are banned\n|rule|Evasion Moves Clause: Evasion moves are banned\n|rule|Endless Battle Clause: Forcing endless battles is banned\n|rule|HP Percentage Mod: HP is shown in percentages\n|clearpoke\n|poke|p1|Arcanine, F|\n|poke|p1|Ogerpon-Wellspring, F|\n|poke|p1|Great Tusk|\n|poke|p1|Dragapult, M|\n|poke|p1|Slowking-Galar, F|\n|poke|p1|Iron Valiant|\n|poke|p2|Ninetales-Alola, M|\n|poke|p2|Klefki, F|\n|poke|p2|Manaphy|\n|poke|p2|Articuno-Galar|\n|poke|p2|Maushold-Four|\n|poke|p2|Lilligant-Hisui, F|\n|teampreview\n|inactive|Battle timer is ON: inactive players will automatically lose when time's up. (requested by CapnTophat)\n|j| SwabbyYabby\n|j| MrRageQuitt\n|l| MrRageQuitt\n|inactive|CapnTophat has 120 seconds left.\n|j| MrRageQuitt\n|\n|t:|1700612795\n|start\n|switch|p1a: Dragapult|Dragapult, M|100\/100\n|switch|p2a: Ninetales|Ninetales-Alola, M|100\/100\n|-weather|Snow|[from] ability: Snow Warning|[of] p2a: Ninetales\n|turn|1\n|\n|t:|1700612801\n|move|p1a: Dragapult|Flamethrower|p2a: Ninetales\n|-supereffective|p2a: Ninetales\n|-damage|p2a: Ninetales|8\/100\n|move|p2a: Ninetales|Aurora Veil|p2a: Ninetales\n|-sidestart|p2: Gen8isfuckintrash|move: Aurora Veil\n|\n|-weather|Snow|[upkeep]\n|upkeep\n|turn|2\n|\n|t:|1700612806\n|switch|p2a: Manaphy|Manaphy, shiny|100\/100\n|move|p1a: Dragapult|Flamethrower|p2a: Manaphy\n|-resisted|p2a: Manaphy\n|-damage|p2a: Manaphy|85\/100\n|\n|-weather|Snow|[upkeep]\n|-heal|p2a: Manaphy|91\/100|[from] item: Leftovers\n|upkeep\n|turn|3\n|j| Riyad Mahrez\n|\n|t:|1700612813\n|switch|p1a: Ogerpon|Ogerpon-Wellspring, F|100\/100\n|switch|p2a: Lilligant|Lilligant-Hisui, F|100\/100\n|\n|-weather|Snow|[upkeep]\n|upkeep\n|turn|4\n|j| pokechamp13\n|\n|t:|1700612819\n|move|p1a: Ogerpon|U-turn|p2a: Lilligant\n|-damage|p2a: Lilligant|79\/100\n|\n|t:|1700612821\n|switch|p1a: Arcanine|Arcanine, F|100\/100|[from] U-turn\n|-ability|p1a: Arcanine|Intimidate|boost\n|-unboost|p2a: Lilligant|atk|1\n|move|p2a: Lilligant|Victory Dance|p2a: Lilligant\n|-boost|p2a: Lilligant|atk|1\n|-boost|p2a: Lilligant|def|1\n|-boost|p2a: Lilligant|spe|1\n|\n|-weather|Snow|[upkeep]\n|upkeep\n|turn|5\n|\n|t:|1700612830\n|move|p2a: Lilligant|Close Combat|p1a: Arcanine\n|-damage|p1a: Arcanine|40\/100\n|-unboost|p2a: Lilligant|def|1\n|-unboost|p2a: Lilligant|spd|1\n|move|p1a: Arcanine|Will-O-Wisp|p2a: Lilligant\n|-status|p2a: Lilligant|brn\n|\n|-weather|none\n|-damage|p2a: Lilligant|73\/100 brn|[from] brn\n|upkeep\n|turn|6\n|\n|t:|1700612839\n|move|p2a: Lilligant|Victory Dance|p2a: Lilligant\n|-boost|p2a: Lilligant|atk|1\n|-boost|p2a: Lilligant|def|1\n|-boost|p2a: Lilligant|spe|1\n|move|p1a: Arcanine|Morning Sun|p1a: Arcanine\n|-heal|p1a: Arcanine|90\/100\n|\n|-damage|p2a: Lilligant|67\/100 brn|[from] brn\n|upkeep\n|turn|7\n|\n|t:|1700612846\n|move|p2a: Lilligant|Close Combat|p1a: Arcanine\n|-damage|p1a: Arcanine|40\/100\n|-unboost|p2a: Lilligant|def|1\n|-unboost|p2a: Lilligant|spd|1\n|move|p1a: Arcanine|Flamethrower|p2a: Lilligant\n|-supereffective|p2a: Lilligant\n|-damage|p2a: Lilligant|0 fnt\n|faint|p2a: Lilligant\n|\n|upkeep\n|\n|t:|1700612865\n|switch|p2a: Manaphy|Manaphy, shiny|91\/100\n|turn|8\n|\n|t:|1700612875\n|switch|p2a: Klefki|Klefki, F|100\/100\n|move|p1a: Arcanine|Morning Sun|p1a: Arcanine\n|-heal|p1a: Arcanine|90\/100\n|\n|-sideend|p2: Gen8isfuckintrash|move: Aurora Veil\n|upkeep\n|turn|9\n|\n|t:|1700612882\n|move|p2a: Klefki|Light Screen|p2a: Klefki\n|-sidestart|p2: Gen8isfuckintrash|move: Light Screen\n|move|p1a: Arcanine|Will-O-Wisp|p2a: Klefki\n|-status|p2a: Klefki|brn\n|\n|-damage|p2a: Klefki|94\/100 brn|[from] brn\n|upkeep\n|turn|10\n|\n|t:|1700612887\n|move|p2a: Klefki|Thunder Wave|p1a: Arcanine\n|-status|p1a: Arcanine|par\n|move|p1a: Arcanine|Flamethrower|p2a: Klefki\n|-supereffective|p2a: Klefki\n|-damage|p2a: Klefki|60\/100 brn\n|\n|-damage|p2a: Klefki|54\/100 brn|[from] brn\n|upkeep\n|turn|11\n|\n|t:|1700612894\n|move|p2a: Klefki|Reflect|p2a: Klefki\n|-sidestart|p2: Gen8isfuckintrash|Reflect\n|move|p1a: Arcanine|Flamethrower|p2a: Klefki\n|-supereffective|p2a: Klefki\n|-damage|p2a: Klefki|21\/100 brn\n|\n|-damage|p2a: Klefki|15\/100 brn|[from] brn\n|upkeep\n|turn|12\n|\n|t:|1700612900\n|move|p2a: Klefki|Spikes|p1a: Arcanine\n|-sidestart|p1: CapnTophat|Spikes\n|move|p1a: Arcanine|Flamethrower|p2a: Klefki\n|-supereffective|p2a: Klefki\n|-damage|p2a: Klefki|0 fnt\n|faint|p2a: Klefki\n|\n|upkeep\n|\n|t:|1700612905\n|switch|p2a: Articuno|Articuno-Galar, shiny|100\/100\n|turn|13\n|\n|t:|1700612909\n|move|p2a: Articuno|Agility|p2a: Articuno\n|-boost|p2a: Articuno|spe|2\n|move|p1a: Arcanine|Roar|p2a: Articuno\n|drag|p2a: Ninetales|Ninetales-Alola, M|8\/100\n|-weather|Snow|[from] ability: Snow Warning|[of] p2a: Ninetales\n|\n|-weather|Snow|[upkeep]\n|upkeep\n|turn|14\n|\n|t:|1700612916\n|move|p2a: Ninetales|Aurora Veil|p2a: Ninetales\n|-sidestart|p2: Gen8isfuckintrash|move: Aurora Veil\n|move|p1a: Arcanine|Flamethrower|p2a: Ninetales\n|-supereffective|p2a: Ninetales\n|-damage|p2a: Ninetales|0 fnt\n|faint|p2a: Ninetales\n|\n|-weather|Snow|[upkeep]\n|upkeep\n|\n|t:|1700612922\n|switch|p2a: Maushold|Maushold-Four|100\/100\n|turn|15\n|\n|t:|1700612924\n|move|p2a: Maushold|Tidy Up|p2a: Maushold\n|-sideend|p1: CapnTophat|Spikes\n|-activate|p2a: Maushold|move: Tidy Up\n|-boost|p2a: Maushold|atk|1\n|-boost|p2a: Maushold|spe|1\n|move|p1a: Arcanine|Will-O-Wisp|p2a: Maushold\n|-status|p2a: Maushold|brn\n|\n|-weather|Snow|[upkeep]\n|-damage|p2a: Maushold|94\/100 brn|[from] brn\n|upkeep\n|turn|16\n|\n|t:|1700612934\n|move|p2a: Maushold|Population Bomb|p1a: Arcanine\n|-damage|p1a: Arcanine|83\/100 par\n|-damage|p1a: Arcanine|77\/100 par\n|-damage|p1a: Arcanine|70\/100 par\n|-damage|p1a: Arcanine|63\/100 par\n|-damage|p1a: Arcanine|56\/100 par\n|-damage|p1a: Arcanine|49\/100 par\n|-damage|p1a: Arcanine|42\/100 par\n|-damage|p1a: Arcanine|36\/100 par\n|-damage|p1a: Arcanine|30\/100 par\n|-damage|p1a: Arcanine|23\/100 par\n|-hitcount|p1a: Arcanine|10\n|move|p1a: Arcanine|Roar|p2a: Maushold\n|drag|p2a: Manaphy|Manaphy, shiny|91\/100\n|\n|-weather|Snow|[upkeep]\n|-heal|p2a: Manaphy|97\/100|[from] item: Leftovers\n|-sideend|p2: Gen8isfuckintrash|move: Light Screen\n|upkeep\n|turn|17\n|c|\u2606Gen8isfuckintrash|lkets see\n|c|\u2606Gen8isfuckintrash|if i get hacks\n|c|\u2606Gen8isfuckintrash|with para\n|c|\u2606Gen8isfuckintrash|since he moving freely\n|\n|t:|1700612961\n|switch|p2a: Maushold|Maushold-Four|94\/100 brn\n|cant|p1a: Arcanine|par\n|\n|-weather|none\n|-damage|p2a: Maushold|88\/100 brn|[from] brn\n|upkeep\n|turn|18\n|\n|t:|1700612967\n|move|p2a: Maushold|Tidy Up|p2a: Maushold\n|-boost|p2a: Maushold|atk|1\n|-boost|p2a: Maushold|spe|1\n|move|p1a: Arcanine|Roar|p2a: Maushold\n|drag|p2a: Articuno|Articuno-Galar, shiny|100\/100\n|\n|-sideend|p2: Gen8isfuckintrash|Reflect\n|upkeep\n|turn|19\n|j| vigigvgvvgiigv\n|\n|t:|1700612974\n|move|p2a: Articuno|Agility|p2a: Articuno\n|-boost|p2a: Articuno|spe|2\n|cant|p1a: Arcanine|par\n|\n|upkeep\n|turn|20\n|\n|t:|1700612980\n|move|p2a: Articuno|Stored Power|p1a: Arcanine\n|-damage|p1a: Arcanine|0 fnt\n|faint|p1a: Arcanine\n|\n|upkeep\n|\n|t:|1700612988\n|switch|p1a: Iron Valiant|Iron Valiant|100\/100\n|-enditem|p1a: Iron Valiant|Booster Energy\n|-activate|p1a: Iron Valiant|ability: Quark Drive|[fromitem]\n|-start|p1a: Iron Valiant|quarkdrivespe\n|turn|21\n|\n|t:|1700612993\n|-terastallize|p1a: Iron Valiant|Dark\n|move|p1a: Iron Valiant|Encore|p2a: Articuno\n|-start|p2a: Articuno|Encore\n|move|p2a: Articuno|Stored Power|p1a: Iron Valiant\n|-immune|p1a: Iron Valiant\n|\n|-sideend|p2: Gen8isfuckintrash|move: Aurora Veil\n|upkeep\n|turn|22\n|\n|t:|1700613003\n|switch|p2a: Maushold|Maushold-Four|88\/100 brn\n|move|p1a: Iron Valiant|Swords Dance|p1a: Iron Valiant\n|-boost|p1a: Iron Valiant|atk|2\n|\n|-damage|p2a: Maushold|82\/100 brn|[from] brn\n|upkeep\n|turn|23\n|\n|t:|1700613015\n|-terastallize|p2a: Maushold|Ghost\n|move|p1a: Iron Valiant|Swords Dance|p1a: Iron Valiant\n|-boost|p1a: Iron Valiant|atk|2\n|move|p2a: Maushold|Encore|p1a: Iron Valiant\n|-start|p1a: Iron Valiant|Encore\n|\n|-damage|p2a: Maushold|76\/100 brn|[from] brn\n|upkeep\n|turn|24\n|\n|t:|1700613022\n|-end|p1a: Iron Valiant|Quark Drive|[silent]\n|switch|p1a: Dragapult|Dragapult, M|100\/100\n|move|p2a: Maushold|Tidy Up|p2a: Maushold\n|-boost|p2a: Maushold|atk|1\n|-boost|p2a: Maushold|spe|1\n|\n|-damage|p2a: Maushold|69\/100 brn|[from] brn\n|upkeep\n|turn|25\n|\n|t:|1700613029\n|move|p2a: Maushold|Bite|p1a: Dragapult\n|-supereffective|p1a: Dragapult\n|-damage|p1a: Dragapult|55\/100\n|move|p1a: Dragapult|Shadow Ball|p2a: Maushold\n|-supereffective|p2a: Maushold\n|-damage|p2a: Maushold|0 fnt\n|faint|p2a: Maushold\n|\n|upkeep\n|\n|t:|1700613037\n|switch|p2a: Manaphy|Manaphy, shiny|97\/100\n|turn|26\n|l| Riyad Mahrez\n|\n|t:|1700613039\n|switch|p2a: Articuno|Articuno-Galar, shiny|100\/100\n|move|p1a: Dragapult|Shadow Ball|p2a: Articuno\n|-supereffective|p2a: Articuno\n|-damage|p2a: Articuno|0 fnt\n|faint|p2a: Articuno\n|\n|upkeep\n|\n|t:|1700613045\n|switch|p2a: Manaphy|Manaphy, shiny|97\/100\n|turn|27\n|\n|t:|1700613048\n|move|p1a: Dragapult|Shadow Ball|p2a: Manaphy\n|-damage|p2a: Manaphy|52\/100\n|move|p2a: Manaphy|Acid Armor|p2a: Manaphy\n|-boost|p2a: Manaphy|def|2\n|\n|-heal|p2a: Manaphy|58\/100|[from] item: Leftovers\n|upkeep\n|turn|28\n|\n|t:|1700613055\n|move|p1a: Dragapult|Shadow Ball|p2a: Manaphy\n|-damage|p2a: Manaphy|17\/100\n|-unboost|p2a: Manaphy|spd|1\n|move|p2a: Manaphy|Scald|p1a: Dragapult\n|-resisted|p1a: Dragapult\n|-damage|p1a: Dragapult|29\/100\n|\n|-heal|p2a: Manaphy|23\/100|[from] item: Leftovers\n|upkeep\n|turn|29\n|c|\u2606CapnTophat|gg\n|c|\u2606Gen8isfuckintrash|nice hacks doggy\n|c|\u2606Gen8isfuckintrash|faget ass dude\n|-message|Gen8isfuckintrash forfeited.\n|\n|win|CapnTophat\n|raw|CapnTophat's rating: 1766 &rarr; <strong>1786<\/strong><br \/>(+20 for winning)\n|raw|Gen8isfuckintrash's rating: 1761 &rarr; <strong>1741<\/strong><br \/>(-20 for losing)\n|c|\u2606CapnTophat|RK9\n|l|\u2606Gen8isfuckintrash\n|l|\u2606CapnTophat\n|l| pokechamp13\n|j|\u2606CapnTophat\n|player|p1|CapnTophat|wallace\n","uploadtime":1700613068,"views":8,"p1id":"capntophat","p2id":"gen8isfuckintrash","formatid":"gen9ou","rating":1741,"private":0,"password":""}