{"id":"gen9ou-1988486151","p1":"Shadeshade22","p2":"Retroredux11","format":"[Gen 9] OU","log":"|j|\u2606Shadeshade22\n|j|\u2606Retroredux11\n|t:|1699728088\n|gametype|singles\n|player|p1|Shadeshade22|266|1118\n|player|p2|Retroredux11|rosa|1053\n|teamsize|p1|6\n|teamsize|p2|6\n|gen|9\n|tier|[Gen 9] OU\n|rated|\n|rule|Sleep Clause Mod: Limit one foe put to sleep\n|rule|Species Clause: Limit one of each Pok\u00e9mon\n|rule|OHKO Clause: OHKO moves are banned\n|rule|Evasion Items Clause: Evasion items are banned\n|rule|Evasion Moves Clause: Evasion moves are banned\n|rule|Endless Battle Clause: Forcing endless battles is banned\n|rule|HP Percentage Mod: HP is shown in percentages\n|clearpoke\n|poke|p1|Snorlax, F|\n|poke|p1|Gastrodon, M|\n|poke|p1|Garchomp, F|\n|poke|p1|Tinkaton, F|\n|poke|p1|Arcanine, F|\n|poke|p1|Gyarados, F|\n|poke|p2|Samurott-Hisui, F|\n|poke|p2|Glimmora, M|\n|poke|p2|Ceruledge, M|\n|poke|p2|Ninetales-Alola, M|\n|poke|p2|Meowscarada, M|\n|poke|p2|Ribombee, M|\n|teampreview\n|\n|t:|1699728095\n|start\n|switch|p1a: Gyarados|Gyarados, F|100\/100\n|switch|p2a: Glimmora|Glimmora, M|100\/100\n|-ability|p1a: Gyarados|Intimidate|boost\n|-unboost|p2a: Glimmora|atk|1\n|turn|1\n|\n|t:|1699728104\n|switch|p1a: Garchomp|Garchomp, F|100\/100\n|move|p2a: Glimmora|Stealth Rock|p1a: Garchomp\n|-sidestart|p1: Shadeshade22|move: Stealth Rock\n|\n|upkeep\n|turn|2\n|\n|t:|1699728110\n|move|p2a: Glimmora|Mortal Spin|p1a: Garchomp\n|-resisted|p1a: Garchomp\n|-damage|p1a: Garchomp|99\/100\n|-status|p1a: Garchomp|psn\n|-damage|p2a: Glimmora|88\/100|[from] ability: Rough Skin|[of] p1a: Garchomp\n|move|p1a: Garchomp|Earthquake|p2a: Glimmora\n|-supereffective|p2a: Glimmora\n|-damage|p2a: Glimmora|0 fnt\n|-activate|p2a: Glimmora|ability: Toxic Debris\n|-sidestart|p1: Shadeshade22|move: Toxic Spikes\n|faint|p2a: Glimmora\n|\n|-heal|p1a: Garchomp|100\/100 psn|[from] item: Leftovers\n|-damage|p1a: Garchomp|88\/100 psn|[from] psn\n|upkeep\n|\n|t:|1699728125\n|switch|p2a: Ribombee|Ribombee, M|100\/100\n|turn|3\n|\n|t:|1699728134\n|switch|p1a: Tinkaton|Tinkaton, F|100\/100\n|-damage|p1a: Tinkaton|94\/100|[from] Stealth Rock\n|-ability|p1a: Tinkaton|Mold Breaker\n|move|p2a: Ribombee|Sticky Web|p1a: Tinkaton\n|-sidestart|p1: Shadeshade22|move: Sticky Web\n|\n|upkeep\n|turn|4\n|\n|t:|1699728144\n|move|p2a: Ribombee|Stun Spore|p1a: Tinkaton\n|-status|p1a: Tinkaton|par\n|move|p1a: Tinkaton|Gigaton Hammer|p2a: Ribombee\n|-supereffective|p2a: Ribombee\n|-damage|p2a: Ribombee|0 fnt\n|faint|p2a: Ribombee\n|\n|upkeep\n|\n|t:|1699728153\n|switch|p2a: Samurott|Samurott-Hisui, F|100\/100\n|turn|5\n|\n|t:|1699728156\n|switch|p1a: Garchomp|Garchomp, F|88\/100 psn\n|-damage|p1a: Garchomp|82\/100 psn|[from] Stealth Rock\n|-activate|p1a: Garchomp|move: Sticky Web\n|-unboost|p1a: Garchomp|spe|1\n|move|p2a: Samurott|Ceaseless Edge|p1a: Garchomp\n|-damage|p1a: Garchomp|47\/100 psn\n|-damage|p2a: Samurott|88\/100|[from] ability: Rough Skin|[of] p1a: Garchomp\n|-sidestart|p1: Shadeshade22|Spikes\n|\n|-heal|p1a: Garchomp|53\/100 psn|[from] item: Leftovers\n|-damage|p1a: Garchomp|41\/100 psn|[from] psn\n|upkeep\n|turn|6\n|\n|t:|1699728171\n|move|p2a: Samurott|Ceaseless Edge|p1a: Garchomp|[miss]\n|-miss|p2a: Samurott|p1a: Garchomp\n|move|p1a: Garchomp|Earthquake|p2a: Samurott\n|-damage|p2a: Samurott|31\/100\n|\n|-heal|p1a: Garchomp|47\/100 psn|[from] item: Leftovers\n|-damage|p1a: Garchomp|34\/100 psn|[from] psn\n|upkeep\n|turn|7\n|\n|t:|1699728181\n|move|p2a: Samurott|Ceaseless Edge|p1a: Garchomp|[miss]\n|-miss|p2a: Samurott|p1a: Garchomp\n|move|p1a: Garchomp|Flamethrower|p2a: Samurott\n|-resisted|p2a: Samurott\n|-damage|p2a: Samurott|14\/100\n|\n|-heal|p1a: Garchomp|41\/100 psn|[from] item: Leftovers\n|-damage|p1a: Garchomp|28\/100 psn|[from] psn\n|upkeep\n|turn|8\n|\n|t:|1699728191\n|move|p2a: Samurott|Ceaseless Edge|p1a: Garchomp\n|-damage|p1a: Garchomp|0 fnt\n|-damage|p2a: Samurott|2\/100|[from] ability: Rough Skin|[of] p1a: Garchomp\n|-sidestart|p1: Shadeshade22|Spikes\n|faint|p1a: Garchomp\n|\n|upkeep\n|\n|t:|1699728201\n|switch|p1a: Snorlax|Snorlax, F|100\/100\n|-damage|p1a: Snorlax|88\/100|[from] Stealth Rock\n|-activate|p1a: Snorlax|move: Sticky Web\n|-unboost|p1a: Snorlax|spe|1\n|-damage|p1a: Snorlax|71\/100|[from] Spikes\n|turn|9\n|\n|t:|1699728213\n|move|p2a: Samurott|Ceaseless Edge|p1a: Snorlax\n|-damage|p1a: Snorlax|39\/100\n|-sidestart|p1: Shadeshade22|Spikes\n|move|p1a: Snorlax|Earthquake|p2a: Samurott\n|-damage|p2a: Samurott|0 fnt\n|faint|p2a: Samurott\n|\n|-heal|p1a: Snorlax|45\/100|[from] item: Leftovers\n|upkeep\n|\n|t:|1699728223\n|switch|p2a: Ceruledge|Ceruledge, M|100\/100\n|turn|10\n|\n|t:|1699728227\n|move|p2a: Ceruledge|Swords Dance|p2a: Ceruledge\n|-boost|p2a: Ceruledge|atk|2\n|move|p1a: Snorlax|Rest|p1a: Snorlax\n|-status|p1a: Snorlax|slp|[from] move: Rest\n|-heal|p1a: Snorlax|100\/100 slp|[silent]\n|\n|upkeep\n|turn|11\n|\n|t:|1699728235\n|switch|p1a: Gyarados|Gyarados, F|100\/100\n|-damage|p1a: Gyarados|76\/100|[from] Stealth Rock\n|-ability|p1a: Gyarados|Intimidate|boost\n|-unboost|p2a: Ceruledge|atk|1\n|move|p2a: Ceruledge|Brick Break|p1a: Gyarados\n|-resisted|p1a: Gyarados\n|-damage|p1a: Gyarados|56\/100\n|\n|-heal|p1a: Gyarados|62\/100|[from] item: Leftovers\n|upkeep\n|turn|12\n|\n|t:|1699728247\n|move|p2a: Ceruledge|Swords Dance|p2a: Ceruledge\n|-boost|p2a: Ceruledge|atk|2\n|move|p1a: Gyarados|Hurricane|p2a: Ceruledge\n|-damage|p2a: Ceruledge|62\/100\n|\n|-heal|p1a: Gyarados|68\/100|[from] item: Leftovers\n|upkeep\n|turn|13\n|\n|t:|1699728259\n|move|p2a: Ceruledge|Shadow Sneak|p1a: Gyarados\n|-damage|p1a: Gyarados|20\/100\n|move|p1a: Gyarados|Dragon Pulse|p2a: Ceruledge\n|-damage|p2a: Ceruledge|43\/100\n|\n|-heal|p1a: Gyarados|26\/100|[from] item: Leftovers\n|upkeep\n|turn|14\n|\n|t:|1699728269\n|move|p2a: Ceruledge|Shadow Sneak|p1a: Gyarados\n|-damage|p1a: Gyarados|0 fnt\n|faint|p1a: Gyarados\n|\n|upkeep\n|\n|t:|1699728282\n|switch|p1a: Gastrodon|Gastrodon, M|100\/100\n|-damage|p1a: Gastrodon|94\/100|[from] Stealth Rock\n|-status|p1a: Gastrodon|psn\n|-activate|p1a: Gastrodon|move: Sticky Web\n|-unboost|p1a: Gastrodon|spe|1\n|-damage|p1a: Gastrodon|70\/100 psn|[from] Spikes\n|turn|15\n|\n|t:|1699728295\n|-terastallize|p2a: Ceruledge|Fire\n|-terastallize|p1a: Gastrodon|Water\n|move|p2a: Ceruledge|Bitter Blade|p1a: Gastrodon\n|-resisted|p1a: Gastrodon\n|-damage|p1a: Gastrodon|0 fnt\n|-heal|p2a: Ceruledge|86\/100|[from] drain|[of] p1a: Gastrodon\n|faint|p1a: Gastrodon\n|\n|upkeep\n|\n|t:|1699728305\n|switch|p1a: Arcanine|Arcanine, F|100\/100\n|-damage|p1a: Arcanine|76\/100|[from] Stealth Rock\n|-status|p1a: Arcanine|psn\n|-activate|p1a: Arcanine|move: Sticky Web\n|-unboost|p1a: Arcanine|spe|1\n|-damage|p1a: Arcanine|51\/100 psn|[from] Spikes\n|turn|16\n|\n|t:|1699728313\n|move|p1a: Arcanine|Extreme Speed|p2a: Ceruledge\n|-damage|p2a: Ceruledge|56\/100\n|-ability|p2a: Ceruledge|Weak Armor|boost\n|-unboost|p2a: Ceruledge|def|1\n|-boost|p2a: Ceruledge|spe|2\n|move|p2a: Ceruledge|Shadow Sneak|p1a: Arcanine\n|-damage|p1a: Arcanine|6\/100 psn\n|\n|-heal|p1a: Arcanine|12\/100 psn|[from] item: Leftovers\n|-damage|p1a: Arcanine|0 fnt|[from] psn\n|faint|p1a: Arcanine\n|upkeep\n|\n|t:|1699728323\n|switch|p1a: Snorlax|Snorlax, F|100\/100 slp\n|-damage|p1a: Snorlax|88\/100 slp|[from] Stealth Rock\n|-activate|p1a: Snorlax|move: Sticky Web\n|-unboost|p1a: Snorlax|spe|1\n|-damage|p1a: Snorlax|63\/100 slp|[from] Spikes\n|turn|17\n|\n|t:|1699728361\n|move|p2a: Ceruledge|Brick Break|p1a: Snorlax\n|-supereffective|p1a: Snorlax\n|-crit|p1a: Snorlax\n|-damage|p1a: Snorlax|0 fnt\n|faint|p1a: Snorlax\n|\n|upkeep\n|\n|t:|1699728367\n|switch|p1a: Tinkaton|Tinkaton, F|94\/100 par\n|-damage|p1a: Tinkaton|88\/100 par|[from] Stealth Rock\n|-activate|p1a: Tinkaton|move: Sticky Web\n|-unboost|p1a: Tinkaton|spe|1\n|-damage|p1a: Tinkaton|63\/100 par|[from] Spikes\n|-ability|p1a: Tinkaton|Mold Breaker\n|turn|18\n|\n|t:|1699728378\n|move|p2a: Ceruledge|Bitter Blade|p1a: Tinkaton\n|-supereffective|p1a: Tinkaton\n|-damage|p1a: Tinkaton|0 fnt\n|-heal|p2a: Ceruledge|92\/100|[from] drain|[of] p1a: Tinkaton\n|faint|p1a: Tinkaton\n|\n|win|Retroredux11\n|raw|Shadeshade22's rating: 1118 &rarr; <strong>1088<\/strong><br \/>(-30 for losing)\n|raw|Retroredux11's rating: 1053 &rarr; <strong>1091<\/strong><br \/>(+38 for winning)\n|l|\u2606Shadeshade22\n","uploadtime":1699728387,"views":17,"p1id":"shadeshade22","p2id":"retroredux11","formatid":"gen9ou","rating":1088,"private":0,"password":""}