{"id":"gen9ou-1997138981","p1":"VanhominTest","p2":"Geneva Con","format":"[Gen 9] OU","log":"|j|\u2606VanhominTest\n|j|\u2606Geneva Con\n|t:|1700768436\n|gametype|singles\n|player|p1|VanhominTest|scientist-gen4|1238\n|player|p2|Geneva Con|gardenia|1249\n|teamsize|p1|6\n|teamsize|p2|6\n|gen|9\n|tier|[Gen 9] OU\n|rated|\n|rule|Sleep Clause Mod: Limit one foe put to sleep\n|rule|Species Clause: Limit one of each Pok\u00e9mon\n|rule|OHKO Clause: OHKO moves are banned\n|rule|Evasion Items Clause: Evasion items are banned\n|rule|Evasion Moves Clause: Evasion moves are banned\n|rule|Endless Battle Clause: Forcing endless battles is banned\n|rule|HP Percentage Mod: HP is shown in percentages\n|clearpoke\n|poke|p1|Ditto|\n|poke|p1|Ninetales-Alola, F|\n|poke|p1|Garganacl, M|\n|poke|p1|Ursaluna, M|\n|poke|p1|Enamorus, F|\n|poke|p1|Corviknight, F|\n|poke|p2|Scizor, M|\n|poke|p2|Great Tusk|\n|poke|p2|Meowscarada, M|\n|poke|p2|Enamorus, F|\n|poke|p2|Garganacl, M|\n|poke|p2|Slowking-Galar, F|\n|teampreview\n|\n|t:|1700768459\n|start\n|switch|p1a: Giiwedin|Ninetales-Alola, F|100\/100\n|switch|p2a: Slowking|Slowking-Galar, F|100\/100\n|-weather|Snow|[from] ability: Snow Warning|[of] p1a: Giiwedin\n|turn|1\n|\n|t:|1700768477\n|move|p1a: Giiwedin|Aurora Veil|p1a: Giiwedin\n|-sidestart|p1: VanhominTest|move: Aurora Veil\n|move|p2a: Slowking|Future Sight|p1a: Giiwedin\n|-start|p2a: Slowking|move: Future Sight\n|\n|-weather|Snow|[upkeep]\n|upkeep\n|turn|2\n|\n|t:|1700768480\n|move|p1a: Giiwedin|Encore|p2a: Slowking\n|-start|p2a: Slowking|Encore\n|move|p2a: Slowking|Future Sight||[still]\n|-fail|p2a: Slowking\n|\n|-weather|Snow|[upkeep]\n|upkeep\n|turn|3\n|inactive|Battle timer is ON: inactive players will automatically lose when time's up. (requested by VanhominTest)\n|\n|t:|1700768505\n|switch|p1a: Mordred|Corviknight, F|100\/100\n|-ability|p1a: Mordred|Pressure\n|switch|p2a: Scizor|Scizor, M|100\/100\n|\n|-weather|Snow|[upkeep]\n|-end|p1a: Mordred|move: Future Sight\n|-resisted|p1a: Mordred\n|-crit|p1a: Mordred\n|-damage|p1a: Mordred|69\/100\n|upkeep\n|turn|4\n|\n|t:|1700768531\n|move|p1a: Mordred|U-turn|p2a: Scizor\n|-resisted|p2a: Scizor\n|-damage|p2a: Scizor|93\/100\n|\n|t:|1700768537\n|switch|p1a: Catalyst|Garganacl, M|100\/100|[from] U-turn\n|move|p2a: Scizor|Close Combat|p1a: Catalyst\n|-supereffective|p1a: Catalyst\n|-damage|p1a: Catalyst|56\/100\n|-unboost|p2a: Scizor|def|1\n|-unboost|p2a: Scizor|spd|1\n|\n|-weather|Snow|[upkeep]\n|-heal|p1a: Catalyst|62\/100|[from] item: Leftovers\n|upkeep\n|turn|5\n|\n|t:|1700768544\n|switch|p2a: Slowking|Slowking-Galar, F|100\/100\n|move|p1a: Catalyst|Curse|p1a: Catalyst\n|-unboost|p1a: Catalyst|spe|1\n|-boost|p1a: Catalyst|atk|1\n|-boost|p1a: Catalyst|def|1\n|\n|-weather|none\n|-heal|p1a: Catalyst|68\/100|[from] item: Leftovers\n|upkeep\n|turn|6\n|\n|t:|1700768548\n|move|p2a: Slowking|Trick|p1a: Catalyst\n|-activate|p2a: Slowking|move: Trick|[of] p1a: Catalyst\n|-item|p1a: Catalyst|Black Sludge|[from] move: Trick\n|-item|p2a: Slowking|Leftovers|[from] move: Trick\n|move|p1a: Catalyst|Salt Cure|p2a: Slowking\n|-damage|p2a: Slowking|84\/100\n|-start|p2a: Slowking|Salt Cure\n|\n|-heal|p2a: Slowking|90\/100|[from] item: Leftovers\n|-damage|p1a: Catalyst|56\/100|[from] item: Black Sludge\n|-damage|p2a: Slowking|77\/100|[from] Salt Cure\n|upkeep\n|turn|7\n|\n|t:|1700768563\n|switch|p2a: Great Tusk|Great Tusk|100\/100\n|-enditem|p2a: Great Tusk|Booster Energy\n|-activate|p2a: Great Tusk|ability: Protosynthesis|[fromitem]\n|-start|p2a: Great Tusk|protosynthesisspe\n|move|p1a: Catalyst|Recover|p1a: Catalyst\n|-heal|p1a: Catalyst|100\/100\n|\n|-damage|p1a: Catalyst|88\/100|[from] item: Black Sludge\n|upkeep\n|turn|8\n|\n|t:|1700768572\n|switch|p1a: Mordred|Corviknight, F|69\/100\n|-ability|p1a: Mordred|Pressure\n|move|p2a: Great Tusk|Bulk Up|p2a: Great Tusk\n|-boost|p2a: Great Tusk|atk|1\n|-boost|p2a: Great Tusk|def|1\n|\n|-sideend|p1: VanhominTest|move: Aurora Veil\n|upkeep\n|turn|9\n|\n|t:|1700768580\n|move|p2a: Great Tusk|Ice Spinner|p1a: Mordred\n|-damage|p1a: Mordred|49\/100\n|-damage|p2a: Great Tusk|84\/100|[from] item: Rocky Helmet|[of] p1a: Mordred\n|move|p1a: Mordred|U-turn|p2a: Great Tusk\n|-resisted|p2a: Great Tusk\n|-damage|p2a: Great Tusk|81\/100\n|\n|t:|1700768585\n|switch|p1a: Giiwedin|Ninetales-Alola, F|100\/100|[from] U-turn\n|-weather|Snow|[from] ability: Snow Warning|[of] p1a: Giiwedin\n|\n|-weather|Snow|[upkeep]\n|upkeep\n|turn|10\n|\n|t:|1700768591\n|move|p2a: Great Tusk|Headlong Rush|p1a: Giiwedin\n|-damage|p1a: Giiwedin|35\/100\n|-unboost|p2a: Great Tusk|def|1\n|-unboost|p2a: Great Tusk|spd|1\n|move|p1a: Giiwedin|Moonblast|p2a: Great Tusk\n|-supereffective|p2a: Great Tusk\n|-damage|p2a: Great Tusk|0 fnt\n|faint|p2a: Great Tusk\n|-end|p2a: Great Tusk|Protosynthesis|[silent]\n|\n|-weather|Snow|[upkeep]\n|upkeep\n|\n|t:|1700768599\n|switch|p2a: Scizor|Scizor, M|93\/100\n|turn|11\n|\n|t:|1700768603\n|switch|p1a: Mordred|Corviknight, F|49\/100\n|-ability|p1a: Mordred|Pressure\n|move|p2a: Scizor|Bullet Punch|p1a: Mordred\n|-resisted|p1a: Mordred\n|-crit|p1a: Mordred\n|-damage|p1a: Mordred|26\/100\n|-damage|p2a: Scizor|77\/100|[from] item: Rocky Helmet|[of] p1a: Mordred\n|\n|-weather|Snow|[upkeep]\n|upkeep\n|turn|12\n|\n|t:|1700768612\n|switch|p2a: Slowking|Slowking-Galar, F|77\/100\n|move|p1a: Mordred|Roost|p1a: Mordred\n|-heal|p1a: Mordred|76\/100\n|-singleturn|p1a: Mordred|move: Roost\n|\n|-weather|Snow|[upkeep]\n|-heal|p2a: Slowking|83\/100|[from] item: Leftovers\n|upkeep\n|turn|13\n|\n|t:|1700768620\n|move|p1a: Mordred|U-turn|p2a: Slowking\n|-damage|p2a: Slowking|73\/100\n|\n|t:|1700768622\n|switch|p1a: Makwa|Ursaluna, M, shiny|100\/100|[from] U-turn\n|move|p2a: Slowking|Future Sight|p1a: Makwa\n|-start|p2a: Slowking|move: Future Sight\n|\n|-weather|none\n|-heal|p2a: Slowking|79\/100|[from] item: Leftovers\n|-status|p1a: Makwa|brn|[from] item: Flame Orb\n|upkeep\n|turn|14\n|\n|t:|1700768640\n|move|p1a: Makwa|Facade|p2a: Slowking\n|-damage|p2a: Slowking|0 fnt\n|faint|p2a: Slowking\n|\n|-damage|p1a: Makwa|94\/100 brn|[from] brn\n|upkeep\n|\n|t:|1700768655\n|switch|p2a: Scizor|Scizor, M|77\/100\n|turn|15\n|\n|t:|1700768672\n|switch|p1a: Mordred|Corviknight, F|76\/100\n|-ability|p1a: Mordred|Pressure\n|move|p2a: Scizor|U-turn|p1a: Mordred\n|-resisted|p1a: Mordred\n|-damage|p1a: Mordred|68\/100\n|-damage|p2a: Scizor|60\/100|[from] item: Rocky Helmet|[of] p1a: Mordred\n|\n|t:|1700768680\n|switch|p2a: Garganacl|Garganacl, M|100\/100|[from] U-turn\n|\n|-end|p1a: Mordred|move: Future Sight\n|-resisted|p1a: Mordred\n|-damage|p1a: Mordred|45\/100\n|upkeep\n|turn|16\n|\n|t:|1700768686\n|move|p1a: Mordred|U-turn|p2a: Garganacl\n|-damage|p2a: Garganacl|90\/100\n|\n|t:|1700768699\n|switch|p1a: Catalyst|Garganacl, M|88\/100|[from] U-turn\n|move|p2a: Garganacl|Stealth Rock|p1a: Catalyst\n|-sidestart|p1: VanhominTest|move: Stealth Rock\n|\n|-damage|p1a: Catalyst|76\/100|[from] item: Black Sludge\n|-heal|p2a: Garganacl|97\/100|[from] item: Leftovers\n|upkeep\n|turn|17\n|\n|t:|1700768705\n|move|p2a: Garganacl|Earthquake|p1a: Catalyst\n|-supereffective|p1a: Catalyst\n|-damage|p1a: Catalyst|48\/100\n|move|p1a: Catalyst|Salt Cure|p2a: Garganacl\n|-damage|p2a: Garganacl|86\/100\n|-start|p2a: Garganacl|Salt Cure\n|\n|-damage|p1a: Catalyst|35\/100|[from] item: Black Sludge\n|-heal|p2a: Garganacl|92\/100|[from] item: Leftovers\n|-damage|p2a: Garganacl|80\/100|[from] Salt Cure\n|upkeep\n|turn|18\n|\n|t:|1700768713\n|switch|p2a: Buttgun800|Enamorus, F|100\/100\n|move|p1a: Catalyst|Recover|p1a: Catalyst\n|-heal|p1a: Catalyst|85\/100\n|\n|-damage|p1a: Catalyst|73\/100|[from] item: Black Sludge\n|upkeep\n|turn|19\n|\n|t:|1700768717\n|move|p2a: Buttgun800|Mystical Fire|p1a: Catalyst\n|-resisted|p1a: Catalyst\n|-crit|p1a: Catalyst\n|-damage|p1a: Catalyst|53\/100\n|-unboost|p1a: Catalyst|spa|1\n|move|p1a: Catalyst|Salt Cure|p2a: Buttgun800\n|-supereffective|p2a: Buttgun800\n|-damage|p2a: Buttgun800|56\/100\n|-start|p2a: Buttgun800|Salt Cure\n|\n|-damage|p1a: Catalyst|41\/100|[from] item: Black Sludge\n|-damage|p2a: Buttgun800|44\/100|[from] Salt Cure\n|upkeep\n|turn|20\n|\n|t:|1700768734\n|switch|p2a: Meowscarada|Meowscarada, M|100\/100\n|move|p1a: Catalyst|Recover|p1a: Catalyst\n|-heal|p1a: Catalyst|91\/100\n|\n|-damage|p1a: Catalyst|79\/100|[from] item: Black Sludge\n|upkeep\n|turn|21\n|inactive|VanhominTest has 120 seconds left.\n|\n|t:|1700768788\n|switch|p1a: Enamorus|Enamorus, F|100\/100\n|-damage|p1a: Enamorus|76\/100|[from] Stealth Rock\n|move|p2a: Meowscarada|Flower Trick|p1a: Enamorus\n|-start|p2a: Meowscarada|typechange|Grass|[from] ability: Protean\n|-resisted|p1a: Enamorus\n|-crit|p1a: Enamorus\n|-damage|p1a: Enamorus|29\/100\n|\n|-heal|p1a: Enamorus|35\/100|[from] item: Leftovers\n|upkeep\n|turn|22\n|\n|t:|1700768796\n|move|p2a: Meowscarada|Flower Trick|p1a: Enamorus\n|-resisted|p1a: Enamorus\n|-crit|p1a: Enamorus\n|-damage|p1a: Enamorus|0 fnt\n|faint|p1a: Enamorus\n|\n|upkeep\n|\n|t:|1700768814\n|switch|p1a: Recursion|Ditto|100\/100\n|-damage|p1a: Recursion|88\/100|[from] Stealth Rock\n|-transform|p1a: Recursion|p2a: Meowscarada|[from] ability: Imposter\n|turn|23\n|\n|t:|1700768818\n|move|p1a: Recursion|U-turn|p2a: Meowscarada\n|-start|p1a: Recursion|typechange|Bug|[from] ability: Protean\n|-supereffective|p2a: Meowscarada\n|-damage|p2a: Meowscarada|8\/100\n|\n|t:|1700768822\n|switch|p1a: Mordred|Corviknight, F|45\/100|[from] U-turn\n|-damage|p1a: Mordred|33\/100|[from] Stealth Rock\n|-ability|p1a: Mordred|Pressure\n|move|p2a: Meowscarada|U-turn|p1a: Mordred\n|-resisted|p1a: Mordred\n|-damage|p1a: Mordred|30\/100\n|-damage|p2a: Meowscarada|0 fnt|[from] item: Rocky Helmet|[of] p1a: Mordred\n|faint|p2a: Meowscarada\n|\n|upkeep\n|\n|t:|1700768839\n|switch|p2a: Buttgun800|Enamorus, F|44\/100\n|turn|24\n|inactive|VanhominTest has 120 seconds left.\n|\n|t:|1700768864\n|-terastallize|p1a: Mordred|Water\n|move|p2a: Buttgun800|Earth Power|p1a: Mordred\n|-damage|p1a: Mordred|0 fnt\n|faint|p1a: Mordred\n|\n|upkeep\n|\n|t:|1700768873\n|switch|p1a: Recursion|Ditto|88\/100\n|-damage|p1a: Recursion|76\/100|[from] Stealth Rock\n|-transform|p1a: Recursion|p2a: Buttgun800|[from] ability: Imposter\n|turn|25\n|\n|t:|1700768879\n|switch|p2a: Garganacl|Garganacl, M|80\/100\n|move|p1a: Recursion|Moonblast|p2a: Garganacl\n|-damage|p2a: Garganacl|46\/100\n|\n|-heal|p2a: Garganacl|52\/100|[from] item: Leftovers\n|upkeep\n|turn|26\n|\n|t:|1700768886\n|switch|p1a: Catalyst|Garganacl, M|79\/100\n|-damage|p1a: Catalyst|66\/100|[from] Stealth Rock\n|move|p2a: Garganacl|Salt Cure|p1a: Catalyst\n|-damage|p1a: Catalyst|57\/100\n|-start|p1a: Catalyst|Salt Cure\n|\n|-heal|p2a: Garganacl|59\/100|[from] item: Leftovers\n|-damage|p1a: Catalyst|44\/100|[from] item: Black Sludge\n|-damage|p1a: Catalyst|32\/100|[from] Salt Cure\n|upkeep\n|turn|27\n|\n|t:|1700768889\n|move|p1a: Catalyst|Recover|p1a: Catalyst\n|-heal|p1a: Catalyst|82\/100\n|move|p2a: Garganacl|Earthquake|p1a: Catalyst\n|-supereffective|p1a: Catalyst\n|-damage|p1a: Catalyst|50\/100\n|\n|-heal|p2a: Garganacl|65\/100|[from] item: Leftovers\n|-damage|p1a: Catalyst|38\/100|[from] item: Black Sludge\n|-damage|p1a: Catalyst|25\/100|[from] Salt Cure\n|upkeep\n|turn|28\n|\n|t:|1700768901\n|move|p1a: Catalyst|Salt Cure|p2a: Garganacl\n|-damage|p2a: Garganacl|55\/100\n|-start|p2a: Garganacl|Salt Cure\n|move|p2a: Garganacl|Earthquake|p1a: Catalyst\n|-supereffective|p1a: Catalyst\n|-damage|p1a: Catalyst|0 fnt\n|faint|p1a: Catalyst\n|\n|-heal|p2a: Garganacl|61\/100|[from] item: Leftovers\n|-damage|p2a: Garganacl|49\/100|[from] Salt Cure\n|upkeep\n|\n|t:|1700768908\n|switch|p1a: Giiwedin|Ninetales-Alola, F|35\/100\n|-damage|p1a: Giiwedin|10\/100|[from] Stealth Rock\n|-weather|Snow|[from] ability: Snow Warning|[of] p1a: Giiwedin\n|turn|29\n|\n|t:|1700768913\n|move|p1a: Giiwedin|Aurora Veil|p1a: Giiwedin\n|-sidestart|p1: VanhominTest|move: Aurora Veil\n|move|p2a: Garganacl|Recover|p2a: Garganacl\n|-heal|p2a: Garganacl|99\/100\n|\n|-weather|Snow|[upkeep]\n|-heal|p2a: Garganacl|100\/100|[from] item: Leftovers\n|-damage|p2a: Garganacl|88\/100|[from] Salt Cure\n|upkeep\n|turn|30\n|\n|t:|1700768917\n|move|p1a: Giiwedin|Encore|p2a: Garganacl\n|-start|p2a: Garganacl|Encore\n|move|p2a: Garganacl|Recover|p2a: Garganacl\n|-heal|p2a: Garganacl|100\/100\n|\n|-weather|Snow|[upkeep]\n|-damage|p2a: Garganacl|88\/100|[from] Salt Cure\n|upkeep\n|turn|31\n|\n|t:|1700768922\n|switch|p2a: Scizor|Scizor, M|60\/100\n|move|p1a: Giiwedin|Freeze-Dry|p2a: Scizor\n|-resisted|p2a: Scizor\n|-damage|p2a: Scizor|48\/100\n|\n|-weather|Snow|[upkeep]\n|upkeep\n|turn|32\n|\n|t:|1700768927\n|move|p1a: Giiwedin|Freeze-Dry|p2a: Scizor\n|-resisted|p2a: Scizor\n|-damage|p2a: Scizor|36\/100\n|move|p2a: Scizor|U-turn|p1a: Giiwedin\n|-resisted|p1a: Giiwedin\n|-damage|p1a: Giiwedin|0 fnt\n|faint|p1a: Giiwedin\n|\n|t:|1700768940\n|switch|p2a: Garganacl|Garganacl, M|88\/100|[from] U-turn\n|\n|-weather|Snow|[upkeep]\n|-heal|p2a: Garganacl|94\/100|[from] item: Leftovers\n|upkeep\n|\n|t:|1700768944\n|switch|p1a: Makwa|Ursaluna, M, shiny|94\/100 brn\n|-damage|p1a: Makwa|88\/100 brn|[from] Stealth Rock\n|turn|33\n|\n|t:|1700768952\n|-terastallize|p2a: Garganacl|Water\n|move|p1a: Makwa|Bulk Up|p1a: Makwa\n|-boost|p1a: Makwa|atk|1\n|-boost|p1a: Makwa|def|1\n|move|p2a: Garganacl|Recover|p2a: Garganacl\n|-heal|p2a: Garganacl|100\/100\n|\n|-weather|none\n|-damage|p1a: Makwa|82\/100 brn|[from] brn\n|upkeep\n|turn|34\n|\n|t:|1700768954\n|move|p1a: Makwa|Facade|p2a: Garganacl\n|-damage|p2a: Garganacl|0 fnt\n|faint|p2a: Garganacl\n|\n|-damage|p1a: Makwa|76\/100 brn|[from] brn\n|upkeep\n|\n|t:|1700768960\n|switch|p2a: Scizor|Scizor, M|36\/100\n|turn|35\n|\n|t:|1700768965\n|move|p2a: Scizor|Close Combat|p1a: Makwa\n|-supereffective|p1a: Makwa\n|-damage|p1a: Makwa|46\/100 brn\n|-unboost|p2a: Scizor|def|1\n|-unboost|p2a: Scizor|spd|1\n|move|p1a: Makwa|Drain Punch|p2a: Scizor\n|-damage|p2a: Scizor|0 fnt\n|-heal|p1a: Makwa|59\/100 brn|[from] drain|[of] p2a: Scizor\n|faint|p2a: Scizor\n|\n|-damage|p1a: Makwa|53\/100 brn|[from] brn\n|upkeep\n|\n|t:|1700768968\n|switch|p2a: Buttgun800|Enamorus, F|44\/100\n|turn|36\n|c|\u2606Geneva Con|ggwp\n|\n|t:|1700768973\n|move|p2a: Buttgun800|Moonblast|p1a: Makwa\n|-damage|p1a: Makwa|20\/100 brn\n|-unboost|p1a: Makwa|spa|1\n|move|p1a: Makwa|Facade|p2a: Buttgun800\n|-damage|p2a: Buttgun800|0 fnt\n|faint|p2a: Buttgun800\n|\n|win|VanhominTest\n|raw|VanhominTest's rating: 1238 &rarr; <strong>1264<\/strong><br \/>(+26 for winning)\n|raw|Geneva Con's rating: 1249 &rarr; <strong>1223<\/strong><br \/>(-26 for losing)\n","uploadtime":1700768976,"views":10,"p1id":"vanhomintest","p2id":"genevacon","formatid":"gen9ou","rating":1223,"private":0,"password":""}