{"id":"gen9ou-1993976918","p1":"Fee Nomene","p2":"Nyksytin","format":"[Gen 9] OU","log":"|j|\u2606Fee Nomene\n|j|\u2606Nyksytin\n|t:|1700386731\n|gametype|singles\n|player|p1|Fee Nomene|sada-ai|1307\n|player|p2|Nyksytin|102|1398\n|teamsize|p1|6\n|teamsize|p2|6\n|gen|9\n|tier|[Gen 9] OU\n|rated|\n|rule|Sleep Clause Mod: Limit one foe put to sleep\n|rule|Species Clause: Limit one of each Pok\u00e9mon\n|rule|OHKO Clause: OHKO moves are banned\n|rule|Evasion Items Clause: Evasion items are banned\n|rule|Evasion Moves Clause: Evasion moves are banned\n|rule|Endless Battle Clause: Forcing endless battles is banned\n|rule|HP Percentage Mod: HP is shown in percentages\n|clearpoke\n|poke|p1|Ogerpon-Wellspring, F|\n|poke|p1|Corviknight, F|\n|poke|p1|Ninetales-Alola, F|\n|poke|p1|Skeledirge, F|\n|poke|p1|Kingambit, F|\n|poke|p1|Sandy Shocks|\n|poke|p2|Alomomola, M|\n|poke|p2|Scream Tail|\n|poke|p2|Great Tusk|\n|poke|p2|Gholdengo|\n|poke|p2|Gyarados, M|\n|poke|p2|Hoopa-Unbound|\n|teampreview\n|\n|t:|1700386746\n|start\n|switch|p1a: Ninetales|Ninetales-Alola, F, shiny|100\/100\n|switch|p2a: Hoopa|Hoopa-Unbound|100\/100\n|-weather|Snow|[from] ability: Snow Warning|[of] p1a: Ninetales\n|turn|1\n|inactive|Battle timer is ON: inactive players will automatically lose when time's up. (requested by Nyksytin)\n|\n|t:|1700386758\n|switch|p2a: Alomomola|Alomomola, M|100\/100\n|move|p1a: Ninetales|Aurora Veil|p1a: Ninetales\n|-sidestart|p1: Fee Nomene|move: Aurora Veil\n|\n|-weather|Snow|[upkeep]\n|upkeep\n|turn|2\n|j| Lord Spinarak\n|\n|t:|1700386765\n|switch|p1a: Corviknight|Corviknight, F, shiny|100\/100\n|-ability|p1a: Corviknight|Pressure\n|move|p2a: Alomomola|Flip Turn|p1a: Corviknight\n|-damage|p1a: Corviknight|96\/100\n|\n|t:|1700386778\n|switch|p2a: Hoopa|Hoopa-Unbound|100\/100|[from] Flip Turn\n|\n|-weather|Snow|[upkeep]\n|-heal|p1a: Corviknight|100\/100|[from] item: Leftovers\n|upkeep\n|turn|3\n|\n|t:|1700386781\n|move|p2a: Hoopa|Dark Pulse|p1a: Corviknight\n|-damage|p1a: Corviknight|72\/100\n|move|p1a: Corviknight|U-turn|p2a: Hoopa\n|-supereffective|p2a: Hoopa\n|-damage|p2a: Hoopa|23\/100\n|l| Lord Spinarak\n|\n|t:|1700386791\n|switch|p1a: Sandy Shocks|Sandy Shocks, shiny|100\/100|[from] U-turn\n|\n|-weather|Snow|[upkeep]\n|upkeep\n|turn|4\n|\n|t:|1700386798\n|switch|p2a: Great Tusk|Great Tusk|100\/100\n|move|p1a: Sandy Shocks|Spikes|p2a: Great Tusk\n|-sidestart|p2: Nyksytin|Spikes\n|\n|-weather|Snow|[upkeep]\n|upkeep\n|turn|5\n|\n|t:|1700386809\n|-end|p1a: Sandy Shocks|Protosynthesis|[silent]\n|switch|p1a: Corviknight|Corviknight, F, shiny|72\/100\n|-ability|p1a: Corviknight|Pressure\n|move|p2a: Great Tusk|Rapid Spin|p1a: Corviknight\n|-resisted|p1a: Corviknight\n|-damage|p1a: Corviknight|69\/100\n|-boost|p2a: Great Tusk|spe|1\n|-sideend|p2: Nyksytin|Spikes|[from] move: Rapid Spin|[of] p2a: Great Tusk\n|\n|-weather|none\n|-heal|p1a: Corviknight|75\/100|[from] item: Leftovers\n|upkeep\n|turn|6\n|\n|t:|1700386816\n|move|p1a: Corviknight|U-turn|p2a: Great Tusk\n|-resisted|p2a: Great Tusk\n|-damage|p2a: Great Tusk|95\/100\n|\n|t:|1700386834\n|switch|p1a: Skeledirge|Skeledirge, F|100\/100|[from] U-turn\n|move|p2a: Great Tusk|Roar|p1a: Skeledirge\n|drag|p1a: Kingambit|Kingambit, F, shiny|100\/100\n|\n|-heal|p2a: Great Tusk|100\/100|[from] item: Leftovers\n|upkeep\n|turn|7\n|\n|t:|1700386841\n|-end|p1a: Kingambit|fallenundefined|[silent]\n|switch|p1a: Ninetales|Ninetales-Alola, F, shiny|100\/100\n|-weather|Snow|[from] ability: Snow Warning|[of] p1a: Ninetales\n|move|p2a: Great Tusk|Bulk Up|p2a: Great Tusk\n|-boost|p2a: Great Tusk|atk|1\n|-boost|p2a: Great Tusk|def|1\n|\n|-weather|Snow|[upkeep]\n|upkeep\n|turn|8\n|\n|t:|1700386849\n|-end|p2a: Great Tusk|Protosynthesis|[silent]\n|switch|p2a: Gholdengo|Gholdengo|100\/100\n|move|p1a: Ninetales|Blizzard|p2a: Gholdengo\n|-resisted|p2a: Gholdengo\n|-damage|p2a: Gholdengo|83\/100\n|\n|-weather|Snow|[upkeep]\n|-sideend|p1: Fee Nomene|move: Aurora Veil\n|upkeep\n|turn|9\n|\n|t:|1700386858\n|switch|p1a: Skeledirge|Skeledirge, F|100\/100\n|move|p2a: Gholdengo|Make It Rain|p1a: Skeledirge\n|-resisted|p1a: Skeledirge\n|-damage|p1a: Skeledirge|79\/100\n|-unboost|p2a: Gholdengo|spa|1\n|\n|-weather|Snow|[upkeep]\n|upkeep\n|turn|10\n|\n|t:|1700386867\n|switch|p2a: Gyarados|Gyarados, M|100\/100\n|-ability|p2a: Gyarados|Intimidate|boost\n|-unboost|p1a: Skeledirge|atk|1\n|move|p1a: Skeledirge|Torch Song|p2a: Gyarados\n|-resisted|p2a: Gyarados\n|-damage|p2a: Gyarados|88\/100\n|-boost|p1a: Skeledirge|spa|1\n|\n|-weather|Snow|[upkeep]\n|upkeep\n|turn|11\n|\n|t:|1700386873\n|move|p2a: Gyarados|Dragon Dance|p2a: Gyarados\n|-boost|p2a: Gyarados|atk|1\n|-boost|p2a: Gyarados|spe|1\n|move|p1a: Skeledirge|Will-O-Wisp|p2a: Gyarados\n|-status|p2a: Gyarados|brn\n|\n|-weather|none\n|-damage|p2a: Gyarados|82\/100 brn|[from] brn\n|upkeep\n|turn|12\n|\n|t:|1700386885\n|move|p2a: Gyarados|Dragon Dance|p2a: Gyarados\n|-boost|p2a: Gyarados|atk|1\n|-boost|p2a: Gyarados|spe|1\n|move|p1a: Skeledirge|Hex|p2a: Gyarados\n|-damage|p2a: Gyarados|10\/100 brn\n|\n|-damage|p2a: Gyarados|4\/100 brn|[from] brn\n|upkeep\n|turn|13\n|\n|t:|1700386894\n|switch|p1a: Corviknight|Corviknight, F, shiny|75\/100\n|-ability|p1a: Corviknight|Pressure\n|move|p2a: Gyarados|Crunch|p1a: Corviknight\n|-damage|p1a: Corviknight|59\/100\n|\n|-heal|p1a: Corviknight|65\/100|[from] item: Leftovers\n|-damage|p2a: Gyarados|0 fnt|[from] brn\n|faint|p2a: Gyarados\n|upkeep\n|\n|t:|1700386900\n|switch|p2a: Alomomola|Alomomola, M|100\/100\n|turn|14\n|\n|t:|1700386903\n|move|p1a: Corviknight|U-turn|p2a: Alomomola\n|-damage|p2a: Alomomola|92\/100\n|-damage|p1a: Corviknight|49\/100|[from] item: Rocky Helmet|[of] p2a: Alomomola\n|\n|t:|1700386908\n|switch|p1a: Ninetales|Ninetales-Alola, F, shiny|100\/100|[from] U-turn\n|-weather|Snow|[from] ability: Snow Warning|[of] p1a: Ninetales\n|move|p2a: Alomomola|Wish|p2a: Alomomola\n|\n|-weather|Snow|[upkeep]\n|upkeep\n|turn|15\n|\n|t:|1700386914\n|move|p1a: Ninetales|Aurora Veil|p1a: Ninetales\n|-sidestart|p1: Fee Nomene|move: Aurora Veil\n|move|p2a: Alomomola|Flip Turn|p1a: Ninetales\n|-damage|p1a: Ninetales|94\/100\n|\n|t:|1700386918\n|switch|p2a: Hoopa|Hoopa-Unbound|23\/100|[from] Flip Turn\n|\n|-weather|Snow|[upkeep]\n|-heal|p2a: Hoopa|99\/100|[from] move: Wish|[wisher] Alomomola\n|upkeep\n|turn|16\n|\n|t:|1700386929\n|move|p1a: Ninetales|Moonblast|p2a: Hoopa\n|-supereffective|p2a: Hoopa\n|-damage|p2a: Hoopa|51\/100\n|move|p2a: Hoopa|Psychic|p1a: Ninetales\n|-damage|p1a: Ninetales|64\/100\n|\n|-weather|Snow|[upkeep]\n|upkeep\n|turn|17\n|\n|t:|1700386936\n|switch|p1a: Corviknight|Corviknight, F, shiny|49\/100\n|-ability|p1a: Corviknight|Pressure\n|switch|p2a: Gholdengo|Gholdengo|83\/100\n|\n|-weather|Snow|[upkeep]\n|-heal|p1a: Corviknight|55\/100|[from] item: Leftovers\n|upkeep\n|turn|18\n|\n|t:|1700386941\n|move|p2a: Gholdengo|Trick|p1a: Corviknight\n|-activate|p2a: Gholdengo|move: Trick|[of] p1a: Corviknight\n|-item|p1a: Corviknight|Choice Scarf|[from] move: Trick\n|-item|p2a: Gholdengo|Leftovers|[from] move: Trick\n|move|p1a: Corviknight|Roost|p1a: Corviknight\n|-heal|p1a: Corviknight|100\/100\n|-singleturn|p1a: Corviknight|move: Roost\n|\n|-weather|none\n|-heal|p2a: Gholdengo|89\/100|[from] item: Leftovers\n|upkeep\n|turn|19\n|\n|t:|1700386956\n|switch|p1a: Sandy Shocks|Sandy Shocks, shiny|100\/100\n|move|p2a: Gholdengo|Shadow Ball|p1a: Sandy Shocks\n|-crit|p1a: Sandy Shocks\n|-damage|p1a: Sandy Shocks|18\/100\n|\n|-heal|p2a: Gholdengo|95\/100|[from] item: Leftovers\n|upkeep\n|turn|20\n|\n|t:|1700386964\n|switch|p2a: Scream Tail|Scream Tail|100\/100\n|move|p1a: Sandy Shocks|Earth Power|p2a: Scream Tail\n|-damage|p2a: Scream Tail|62\/100\n|-damage|p1a: Sandy Shocks|8\/100|[from] item: Life Orb\n|\n|upkeep\n|turn|21\n|\n|t:|1700386972\n|-end|p2a: Scream Tail|Protosynthesis|[silent]\n|switch|p2a: Hoopa|Hoopa-Unbound|51\/100\n|move|p1a: Sandy Shocks|Thunderbolt|p2a: Hoopa\n|-damage|p2a: Hoopa|0 fnt\n|faint|p2a: Hoopa\n|-damage|p1a: Sandy Shocks|0 fnt|[from] item: Life Orb\n|faint|p1a: Sandy Shocks\n|-end|p1a: Sandy Shocks|Protosynthesis|[silent]\n|\n|upkeep\n|\n|t:|1700386984\n|switch|p1a: Ninetales|Ninetales-Alola, F, shiny|64\/100\n|switch|p2a: Gholdengo|Gholdengo|95\/100\n|-weather|Snow|[from] ability: Snow Warning|[of] p1a: Ninetales\n|turn|22\n|\n|t:|1700386989\n|switch|p1a: Corviknight|Corviknight, F, shiny|100\/100\n|-ability|p1a: Corviknight|Pressure\n|move|p2a: Gholdengo|Make It Rain|p1a: Corviknight\n|-resisted|p1a: Corviknight\n|-damage|p1a: Corviknight|85\/100\n|-unboost|p2a: Gholdengo|spa|1\n|\n|-weather|Snow|[upkeep]\n|-heal|p2a: Gholdengo|100\/100|[from] item: Leftovers\n|-sideend|p1: Fee Nomene|move: Aurora Veil\n|upkeep\n|turn|23\n|\n|t:|1700386995\n|move|p2a: Gholdengo|Shadow Ball|p1a: Corviknight\n|-damage|p1a: Corviknight|58\/100\n|move|p1a: Corviknight|U-turn|p2a: Gholdengo\n|-resisted|p2a: Gholdengo\n|-damage|p2a: Gholdengo|97\/100\n|\n|t:|1700387001\n|switch|p1a: Skeledirge|Skeledirge, F|79\/100|[from] U-turn\n|\n|-weather|Snow|[upkeep]\n|-heal|p2a: Gholdengo|100\/100|[from] item: Leftovers\n|upkeep\n|turn|24\n|\n|t:|1700387010\n|switch|p1a: Corviknight|Corviknight, F, shiny|58\/100\n|-ability|p1a: Corviknight|Pressure\n|move|p2a: Gholdengo|Shadow Ball|p1a: Corviknight\n|-damage|p1a: Corviknight|28\/100\n|\n|-weather|Snow|[upkeep]\n|upkeep\n|turn|25\n|\n|t:|1700387017\n|move|p2a: Gholdengo|Shadow Ball|p1a: Corviknight\n|-damage|p1a: Corviknight|1\/100\n|move|p1a: Corviknight|Roost|p1a: Corviknight\n|-heal|p1a: Corviknight|51\/100\n|-singleturn|p1a: Corviknight|move: Roost\n|\n|-weather|Snow|[upkeep]\n|upkeep\n|turn|26\n|\n|t:|1700387022\n|move|p2a: Gholdengo|Shadow Ball|p1a: Corviknight\n|-damage|p1a: Corviknight|23\/100\n|move|p1a: Corviknight|Roost|p1a: Corviknight\n|-heal|p1a: Corviknight|73\/100\n|-singleturn|p1a: Corviknight|move: Roost\n|\n|-weather|none\n|upkeep\n|turn|27\n|\n|t:|1700387027\n|move|p2a: Gholdengo|Shadow Ball|p1a: Corviknight\n|-damage|p1a: Corviknight|46\/100\n|move|p1a: Corviknight|Roost|p1a: Corviknight\n|-heal|p1a: Corviknight|96\/100\n|-singleturn|p1a: Corviknight|move: Roost\n|\n|upkeep\n|turn|28\n|\n|t:|1700387032\n|switch|p1a: Ninetales|Ninetales-Alola, F, shiny|64\/100\n|-weather|Snow|[from] ability: Snow Warning|[of] p1a: Ninetales\n|move|p2a: Gholdengo|Shadow Ball|p1a: Ninetales\n|-crit|p1a: Ninetales\n|-damage|p1a: Ninetales|5\/100\n|\n|-weather|Snow|[upkeep]\n|upkeep\n|turn|29\n|\n|t:|1700387039\n|move|p1a: Ninetales|Aurora Veil|p1a: Ninetales\n|-sidestart|p1: Fee Nomene|move: Aurora Veil\n|move|p2a: Gholdengo|Shadow Ball|p1a: Ninetales\n|-damage|p1a: Ninetales|0 fnt\n|faint|p1a: Ninetales\n|\n|-weather|Snow|[upkeep]\n|upkeep\n|\n|t:|1700387048\n|switch|p1a: Ogerpon|Ogerpon-Wellspring, F|100\/100\n|turn|30\n|\n|t:|1700387052\n|move|p1a: Ogerpon|Substitute|p1a: Ogerpon\n|-start|p1a: Ogerpon|Substitute\n|-damage|p1a: Ogerpon|76\/100\n|move|p2a: Gholdengo|Shadow Ball|p1a: Ogerpon\n|-activate|p1a: Ogerpon|move: Substitute|[damage]\n|\n|-weather|Snow|[upkeep]\n|upkeep\n|turn|31\n|\n|t:|1700387059\n|move|p1a: Ogerpon|Swords Dance|p1a: Ogerpon\n|-boost|p1a: Ogerpon|atk|2\n|move|p2a: Gholdengo|Shadow Ball|p1a: Ogerpon\n|-end|p1a: Ogerpon|Substitute\n|\n|-weather|Snow|[upkeep]\n|upkeep\n|turn|32\n|\n|t:|1700387066\n|move|p1a: Ogerpon|Ivy Cudgel|p2a: Gholdengo|[anim] Ivy Cudgel Water\n|-crit|p2a: Gholdengo\n|-damage|p2a: Gholdengo|0 fnt\n|faint|p2a: Gholdengo\n|\n|-weather|none\n|upkeep\n|\n|t:|1700387071\n|switch|p2a: Scream Tail|Scream Tail|62\/100\n|turn|33\n|\n|t:|1700387078\n|-terastallize|p1a: Ogerpon|Water\n|detailschange|p1a: Ogerpon|Ogerpon-Wellspring-Tera, F, tera:Water\n|-ability|p1a: Ogerpon|Embody Aspect (Wellspring)|boost\n|-boost|p1a: Ogerpon|spd|1\n|move|p1a: Ogerpon|Ivy Cudgel|p2a: Scream Tail|[anim] Ivy Cudgel Water\n|-damage|p2a: Scream Tail|0 fnt\n|faint|p2a: Scream Tail\n|-end|p2a: Scream Tail|Protosynthesis|[silent]\n|\n|upkeep\n|\n|t:|1700387086\n|switch|p2a: Alomomola|Alomomola, M|100\/100\n|turn|34\n|\n|t:|1700387090\n|move|p1a: Ogerpon|Horn Leech|p2a: Alomomola\n|-supereffective|p2a: Alomomola\n|-damage|p2a: Alomomola|0 fnt\n|-heal|p1a: Ogerpon|100\/100|[from] drain|[of] p2a: Alomomola\n|-damage|p1a: Ogerpon|84\/100|[from] item: Rocky Helmet|[of] p2a: Alomomola\n|faint|p2a: Alomomola\n|\n|upkeep\n|-message|Nyksytin forfeited.\n|\n|win|Fee Nomene\n|raw|Fee Nomene's rating: 1307 &rarr; <strong>1332<\/strong><br \/>(+25 for winning)\n|raw|Nyksytin's rating: 1398 &rarr; <strong>1373<\/strong><br \/>(-25 for losing)\n|l|\u2606Nyksytin\n","uploadtime":1700387108,"views":9,"p1id":"feenomene","p2id":"nyksytin","formatid":"gen9ou","rating":1332,"private":0,"password":""}