{"id":"gen9ou-1991744478","p1":"diggy20","p2":"The Angel Devil","format":"[Gen 9] OU","log":"|j|\u2606diggy20\n|j|\u2606The Angel Devil\n|t:|1700109990\n|gametype|singles\n|player|p1|diggy20|102|1483\n|player|p2|The Angel Devil|n-masters|1573\n|teamsize|p1|6\n|teamsize|p2|6\n|gen|9\n|tier|[Gen 9] OU\n|rated|\n|rule|Sleep Clause Mod: Limit one foe put to sleep\n|rule|Species Clause: Limit one of each Pok\u00e9mon\n|rule|OHKO Clause: OHKO moves are banned\n|rule|Evasion Items Clause: Evasion items are banned\n|rule|Evasion Moves Clause: Evasion moves are banned\n|rule|Endless Battle Clause: Forcing endless battles is banned\n|rule|HP Percentage Mod: HP is shown in percentages\n|clearpoke\n|poke|p1|Samurott-Hisui, F|\n|poke|p1|Ceruledge, F|\n|poke|p1|Thundurus-Therian, M|\n|poke|p1|Amoonguss, M|\n|poke|p1|Great Tusk|\n|poke|p1|Gholdengo|\n|poke|p2|Okidogi, M|\n|poke|p2|Zoroark-Hisui, M|\n|poke|p2|Ting-Lu|\n|poke|p2|Zapdos|\n|poke|p2|Volcanion|\n|poke|p2|Iron Treads|\n|teampreview\n|inactive|Battle timer is ON: inactive players will automatically lose when time's up. (requested by diggy20)\n|\n|t:|1700110011\n|start\n|switch|p1a: Samurott|Samurott-Hisui, F, shiny|100\/100\n|switch|p2a: Brutus|Okidogi, M|100\/100\n|turn|1\n|\n|t:|1700110025\n|switch|p2a: Sparky|Zapdos|100\/100\n|move|p1a: Samurott|Ceaseless Edge|p2a: Sparky\n|-damage|p2a: Sparky|64\/100\n|-sidestart|p2: The Angel Devil|Spikes\n|\n|upkeep\n|turn|2\n|\n|t:|1700110030\n|move|p1a: Samurott|Ceaseless Edge|p2a: Sparky\n|-damage|p2a: Sparky|24\/100\n|-status|p1a: Samurott|par|[from] ability: Static|[of] p2a: Sparky\n|-sidestart|p2: The Angel Devil|Spikes\n|move|p2a: Sparky|Roost|p2a: Sparky\n|-heal|p2a: Sparky|74\/100\n|-singleturn|p2a: Sparky|move: Roost\n|\n|upkeep\n|turn|3\n|\n|t:|1700110034\n|move|p2a: Sparky|Volt Switch|p1a: Samurott\n|-supereffective|p1a: Samurott\n|-damage|p1a: Samurott|18\/100 par\n|\n|t:|1700110040\n|switch|p2a: Michelin|Iron Treads|100\/100|[from] Volt Switch\n|-damage|p2a: Michelin|84\/100|[from] Spikes\n|move|p1a: Samurott|Ceaseless Edge|p2a: Michelin\n|-damage|p2a: Michelin|50\/100\n|-sidestart|p2: The Angel Devil|Spikes\n|\n|-heal|p2a: Michelin|56\/100|[from] item: Leftovers\n|upkeep\n|turn|4\n|\n|t:|1700110044\n|switch|p1a: Gholdengo|Gholdengo, shiny|100\/100\n|move|p2a: Michelin|Rapid Spin|p1a: Gholdengo\n|-immune|p1a: Gholdengo\n|\n|-heal|p2a: Michelin|63\/100|[from] item: Leftovers\n|upkeep\n|turn|5\n|\n|t:|1700110060\n|move|p2a: Michelin|Earthquake|p1a: Gholdengo\n|-supereffective|p1a: Gholdengo\n|-crit|p1a: Gholdengo\n|-damage|p1a: Gholdengo|27\/100\n|move|p1a: Gholdengo|Shadow Ball|p2a: Michelin\n|-damage|p2a: Michelin|23\/100\n|\n|-heal|p2a: Michelin|29\/100|[from] item: Leftovers\n|-heal|p1a: Gholdengo|33\/100|[from] item: Leftovers\n|upkeep\n|turn|6\n|\n|t:|1700110067\n|move|p2a: Michelin|Stealth Rock|p1a: Gholdengo\n|-sidestart|p1: diggy20|move: Stealth Rock\n|move|p1a: Gholdengo|Shadow Ball|p2a: Michelin\n|-damage|p2a: Michelin|0 fnt\n|faint|p2a: Michelin\n|-end|p2a: Michelin|Quark Drive|[silent]\n|\n|-heal|p1a: Gholdengo|39\/100|[from] item: Leftovers\n|upkeep\n|\n|t:|1700110075\n|switch|p2a: Brutus|Okidogi, M|100\/100\n|-damage|p2a: Brutus|76\/100|[from] Spikes\n|turn|7\n|\n|t:|1700110079\n|move|p2a: Brutus|Shadow Ball|p1a: Gholdengo\n|-supereffective|p1a: Gholdengo\n|-damage|p1a: Gholdengo|0 fnt\n|faint|p1a: Gholdengo\n|\n|upkeep\n|\n|t:|1700110090\n|switch|p1a: Thundurus|Thundurus-Therian, M, shiny|100\/100\n|turn|8\n|\n|t:|1700110094\n|move|p2a: Brutus|Shadow Ball|p1a: Thundurus\n|-damage|p1a: Thundurus|23\/100\n|move|p1a: Thundurus|Knock Off|p2a: Brutus\n|-supereffective|p2a: Brutus\n|-damage|p2a: Brutus|0 fnt\n|replace|p2a: Yakov|Zoroark-Hisui, M, shiny\n|-end|p2a: Yakov|Illusion\n|-enditem|p2a: Yakov|Choice Specs|[from] move: Knock Off|[of] p1a: Thundurus\n|faint|p2a: Yakov\n|\n|upkeep\n|\n|t:|1700110106\n|switch|p2a: Sparky|Zapdos|74\/100\n|turn|9\n|\n|t:|1700110112\n|move|p1a: Thundurus|Volt Switch|p2a: Sparky\n|-damage|p2a: Sparky|39\/100\n|\n|t:|1700110115\n|switch|p1a: Samurott|Samurott-Hisui, F, shiny|18\/100 par|[from] Volt Switch\n|-damage|p1a: Samurott|6\/100 par|[from] Stealth Rock\n|move|p2a: Sparky|Heat Wave|p1a: Samurott\n|-resisted|p1a: Samurott\n|-damage|p1a: Samurott|0 fnt\n|faint|p1a: Samurott\n|\n|upkeep\n|\n|t:|1700110120\n|switch|p1a: Ceruledge|Ceruledge, F, shiny|100\/100\n|turn|10\n|\n|t:|1700110123\n|move|p2a: Sparky|Hurricane|p1a: Ceruledge\n|-damage|p1a: Ceruledge|46\/100\n|-start|p1a: Ceruledge|confusion\n|-activate|p1a: Ceruledge|confusion\n|move|p1a: Ceruledge|Swords Dance|p1a: Ceruledge\n|-boost|p1a: Ceruledge|atk|2\n|\n|upkeep\n|turn|11\n|\n|t:|1700110128\n|-end|p1a: Ceruledge|confusion\n|move|p1a: Ceruledge|Shadow Sneak|p2a: Sparky\n|-damage|p2a: Sparky|0 fnt\n|-status|p1a: Ceruledge|par|[from] ability: Static|[of] p2a: Sparky\n|faint|p2a: Sparky\n|\n|upkeep\n|\n|t:|1700110138\n|switch|p2a: Vulcan|Volcanion|100\/100\n|turn|12\n|\n|t:|1700110143\n|cant|p1a: Ceruledge|par\n|move|p2a: Vulcan|Earth Power|p1a: Ceruledge\n|-supereffective|p1a: Ceruledge\n|-damage|p1a: Ceruledge|0 fnt\n|faint|p1a: Ceruledge\n|\n|upkeep\n|\n|t:|1700110148\n|switch|p1a: Thundurus|Thundurus-Therian, M, shiny|23\/100\n|turn|13\n|\n|t:|1700110152\n|-terastallize|p2a: Vulcan|Ground\n|move|p1a: Thundurus|Volt Switch|p2a: Vulcan\n|-immune|p2a: Vulcan\n|move|p2a: Vulcan|Flamethrower|p1a: Thundurus\n|-damage|p1a: Thundurus|0 fnt\n|faint|p1a: Thundurus\n|\n|upkeep\n|\n|t:|1700110155\n|switch|p1a: Amoonguss|Amoonguss, M, shiny|100\/100\n|-damage|p1a: Amoonguss|88\/100|[from] Stealth Rock\n|turn|14\n|\n|t:|1700110161\n|-terastallize|p1a: Amoonguss|Dark\n|move|p2a: Vulcan|Taunt|p1a: Amoonguss\n|-start|p1a: Amoonguss|move: Taunt\n|cant|p1a: Amoonguss|move: Taunt|Spore\n|\n|upkeep\n|turn|15\n|\n|t:|1700110167\n|move|p2a: Vulcan|Steam Eruption|p1a: Amoonguss\n|-damage|p1a: Amoonguss|45\/100\n|-enditem|p1a: Amoonguss|Red Card|[of] p2a: Vulcan\n|drag|p2a: Brutus|Okidogi, M|100\/100\n|-damage|p2a: Brutus|75\/100|[from] Spikes\n|move|p1a: Amoonguss|Giga Drain|p2a: Brutus\n|-resisted|p2a: Brutus\n|-damage|p2a: Brutus|66\/100\n|-heal|p1a: Amoonguss|49\/100|[from] drain|[of] p2a: Brutus\n|\n|-heal|p2a: Brutus|72\/100|[from] item: Leftovers\n|upkeep\n|turn|16\n|\n|t:|1700110175\n|switch|p1a: Great Tusk|Great Tusk, shiny|100\/100\n|-damage|p1a: Great Tusk|97\/100|[from] Stealth Rock\n|move|p2a: Brutus|Drain Punch|p1a: Great Tusk\n|-damage|p1a: Great Tusk|79\/100\n|-heal|p2a: Brutus|83\/100|[from] drain|[of] p1a: Great Tusk\n|\n|-heal|p1a: Great Tusk|85\/100|[from] item: Leftovers\n|-heal|p2a: Brutus|89\/100|[from] item: Leftovers\n|upkeep\n|turn|17\n|\n|t:|1700110178\n|switch|p2a: Sacrificial Lamb|Ting-Lu|100\/100\n|-damage|p2a: Sacrificial Lamb|76\/100|[from] Spikes\n|-ability|p2a: Sacrificial Lamb|Vessel of Ruin\n|move|p1a: Great Tusk|Rapid Spin|p2a: Sacrificial Lamb\n|-damage|p2a: Sacrificial Lamb|67\/100\n|-boost|p1a: Great Tusk|spe|1\n|-sideend|p1: diggy20|Stealth Rock|[from] move: Rapid Spin|[of] p1a: Great Tusk\n|\n|-heal|p1a: Great Tusk|92\/100|[from] item: Leftovers\n|-heal|p2a: Sacrificial Lamb|73\/100|[from] item: Leftovers\n|upkeep\n|turn|18\n|\n|t:|1700110183\n|move|p1a: Great Tusk|Ice Spinner|p2a: Sacrificial Lamb\n|-supereffective|p2a: Sacrificial Lamb\n|-damage|p2a: Sacrificial Lamb|47\/100\n|move|p2a: Sacrificial Lamb|Ruination|p1a: Great Tusk\n|-damage|p1a: Great Tusk|46\/100\n|\n|-heal|p1a: Great Tusk|52\/100|[from] item: Leftovers\n|-heal|p2a: Sacrificial Lamb|53\/100|[from] item: Leftovers\n|upkeep\n|turn|19\n|\n|t:|1700110188\n|move|p1a: Great Tusk|Ice Spinner|p2a: Sacrificial Lamb\n|-supereffective|p2a: Sacrificial Lamb\n|-damage|p2a: Sacrificial Lamb|29\/100\n|move|p2a: Sacrificial Lamb|Whirlwind|p1a: Great Tusk\n|-end|p1a: Great Tusk|Protosynthesis|[silent]\n|drag|p1a: Amoonguss|Amoonguss, M, shiny, tera:Dark|82\/100\n|\n|-heal|p2a: Sacrificial Lamb|35\/100|[from] item: Leftovers\n|upkeep\n|turn|20\n|\n|t:|1700110192\n|move|p2a: Sacrificial Lamb|Spikes|p1a: Amoonguss\n|-sidestart|p1: diggy20|Spikes\n|move|p1a: Amoonguss|Spore|p2a: Sacrificial Lamb\n|-status|p2a: Sacrificial Lamb|slp|[from] move: Spore\n|\n|-heal|p2a: Sacrificial Lamb|41\/100 slp|[from] item: Leftovers\n|upkeep\n|turn|21\n|\n|t:|1700110194\n|switch|p2a: Vulcan|Volcanion, tera:Ground|100\/100\n|switch|p1a: Great Tusk|Great Tusk, shiny|52\/100\n|-damage|p1a: Great Tusk|40\/100|[from] Spikes\n|\n|-heal|p1a: Great Tusk|46\/100|[from] item: Leftovers\n|upkeep\n|turn|22\n|\n|t:|1700110198\n|move|p1a: Great Tusk|Rapid Spin|p2a: Vulcan\n|-damage|p2a: Vulcan|89\/100\n|-boost|p1a: Great Tusk|spe|1\n|-sideend|p1: diggy20|Spikes|[from] move: Rapid Spin|[of] p1a: Great Tusk\n|move|p2a: Vulcan|Steam Eruption|p1a: Great Tusk\n|-supereffective|p1a: Great Tusk\n|-damage|p1a: Great Tusk|0 fnt\n|faint|p1a: Great Tusk\n|-end|p1a: Great Tusk|Protosynthesis|[silent]\n|\n|upkeep\n|\n|t:|1700110200\n|switch|p1a: Amoonguss|Amoonguss, M, shiny, tera:Dark|100\/100\n|turn|23\n|\n|t:|1700110202\n|move|p2a: Vulcan|Steam Eruption|p1a: Amoonguss\n|-damage|p1a: Amoonguss|57\/100\n|move|p1a: Amoonguss|Giga Drain|p2a: Vulcan\n|-supereffective|p2a: Vulcan\n|-damage|p2a: Vulcan|35\/100\n|-heal|p1a: Amoonguss|77\/100|[from] drain|[of] p2a: Vulcan\n|\n|upkeep\n|turn|24\n|\n|t:|1700110214\n|move|p2a: Vulcan|Flamethrower|p1a: Amoonguss\n|-crit|p1a: Amoonguss\n|-damage|p1a: Amoonguss|21\/100\n|move|p1a: Amoonguss|Giga Drain|p2a: Vulcan\n|-supereffective|p2a: Vulcan\n|-damage|p2a: Vulcan|0 fnt\n|-heal|p1a: Amoonguss|35\/100|[from] drain|[of] p2a: Vulcan\n|faint|p2a: Vulcan\n|\n|upkeep\n|\n|t:|1700110217\n|switch|p2a: Brutus|Okidogi, M|89\/100\n|-damage|p2a: Brutus|64\/100|[from] Spikes\n|turn|25\n|\n|t:|1700110222\n|move|p2a: Brutus|Drain Punch|p1a: Amoonguss\n|-supereffective|p1a: Amoonguss\n|-damage|p1a: Amoonguss|0 fnt\n|-heal|p2a: Brutus|83\/100|[from] drain|[of] p1a: Amoonguss\n|faint|p1a: Amoonguss\n|\n|win|The Angel Devil\n|raw|diggy20's rating: 1483 &rarr; <strong>1468<\/strong><br \/>(-15 for losing)\n|raw|The Angel Devil's rating: 1573 &rarr; <strong>1588<\/strong><br \/>(+15 for winning)\n|l|\u2606diggy20\n","uploadtime":1700110231,"views":7,"p1id":"diggy20","p2id":"theangeldevil","formatid":"gen9ou","rating":1468,"private":0,"password":""}