{"id":"gen9ou-1991403816","p1":"Welcometoearth420","p2":"PeterPumpknEater69","format":"[Gen 9] OU","log":"|j|\u2606Welcometoearth420\n|j|\u2606PeterPumpknEater69\n|t:|1700074219\n|gametype|singles\n|player|p1|Welcometoearth420|266|1550\n|player|p2|PeterPumpknEater69|hiker-gen4|1592\n|teamsize|p1|6\n|teamsize|p2|6\n|gen|9\n|tier|[Gen 9] OU\n|rated|\n|rule|Sleep Clause Mod: Limit one foe put to sleep\n|rule|Species Clause: Limit one of each Pok\u00e9mon\n|rule|OHKO Clause: OHKO moves are banned\n|rule|Evasion Items Clause: Evasion items are banned\n|rule|Evasion Moves Clause: Evasion moves are banned\n|rule|Endless Battle Clause: Forcing endless battles is banned\n|rule|HP Percentage Mod: HP is shown in percentages\n|clearpoke\n|poke|p1|Corviknight, F|\n|poke|p1|Dragapult, M|\n|poke|p1|Slowking-Galar, F|\n|poke|p1|Mandibuzz, F|\n|poke|p1|Iron Valiant|\n|poke|p1|Milotic, M|\n|poke|p2|Manaphy|\n|poke|p2|Kingambit, M|\n|poke|p2|Ribombee, F|\n|poke|p2|Gholdengo|\n|poke|p2|Iron Moth|\n|poke|p2|Ogerpon-Wellspring, F|\n|teampreview\n|inactive|Battle timer is ON: inactive players will automatically lose when time's up. (requested by PeterPumpknEater69)\n|\n|t:|1700074234\n|start\n|switch|p1a: Dragapult|Dragapult, M|100\/100\n|switch|p2a: Ribombee|Ribombee, F|100\/100\n|turn|1\n|\n|t:|1700074240\n|move|p1a: Dragapult|Flamethrower|p2a: Ribombee\n|-supereffective|p2a: Ribombee\n|-enditem|p2a: Ribombee|Focus Sash\n|-damage|p2a: Ribombee|1\/100\n|move|p2a: Ribombee|Sticky Web|p1a: Dragapult\n|-sidestart|p1: Welcometoearth420|move: Sticky Web\n|\n|upkeep\n|turn|2\n|\n|t:|1700074246\n|move|p1a: Dragapult|Flamethrower|p2a: Ribombee\n|-supereffective|p2a: Ribombee\n|-damage|p2a: Ribombee|0 fnt\n|faint|p2a: Ribombee\n|\n|upkeep\n|\n|t:|1700074257\n|switch|p2a: Manaphy|Manaphy|100\/100\n|turn|3\n|\n|t:|1700074264\n|switch|p1a: Milotic|Milotic, M|100\/100\n|move|p2a: Manaphy|Take Heart|p2a: Manaphy\n|-boost|p2a: Manaphy|spa|1\n|-boost|p2a: Manaphy|spd|1\n|\n|upkeep\n|turn|4\n|\n|t:|1700074273\n|switch|p2a: Ogerpon|Ogerpon-Wellspring, F|100\/100\n|move|p1a: Milotic|Scald|p2a: Ogerpon\n|-immune|p2a: Ogerpon|[from] ability: Water Absorb\n|\n|upkeep\n|turn|5\n|\n|t:|1700074280\n|switch|p1a: Corviknight|Corviknight, F|100\/100\n|move|p2a: Ogerpon|Swords Dance|p2a: Ogerpon\n|-boost|p2a: Ogerpon|atk|2\n|\n|upkeep\n|turn|6\n|\n|t:|1700074292\n|switch|p2a: Gholdengo|Gholdengo|100\/100\n|-item|p2a: Gholdengo|Air Balloon\n|move|p1a: Corviknight|Brave Bird|p2a: Gholdengo\n|-resisted|p2a: Gholdengo\n|-damage|p2a: Gholdengo|83\/100\n|-enditem|p2a: Gholdengo|Air Balloon\n|-damage|p1a: Corviknight|95\/100|[from] Recoil\n|\n|upkeep\n|turn|7\n|j| OUVTripleAxel\n|\n|t:|1700074302\n|switch|p1a: Milotic|Milotic, M|100\/100\n|move|p2a: Gholdengo|Nasty Plot|p2a: Gholdengo\n|-boost|p2a: Gholdengo|spa|2\n|\n|upkeep\n|turn|8\n|\n|t:|1700074311\n|move|p2a: Gholdengo|Nasty Plot|p2a: Gholdengo\n|-boost|p2a: Gholdengo|spa|2\n|move|p1a: Milotic|Haze|p1a: Milotic\n|-clearallboost\n|\n|upkeep\n|turn|9\n|\n|t:|1700074317\n|move|p2a: Gholdengo|Nasty Plot|p2a: Gholdengo\n|-boost|p2a: Gholdengo|spa|2\n|move|p1a: Milotic|Scald|p2a: Gholdengo\n|-damage|p2a: Gholdengo|54\/100\n|\n|upkeep\n|turn|10\n|\n|t:|1700074325\n|move|p2a: Gholdengo|Nasty Plot|p2a: Gholdengo\n|-boost|p2a: Gholdengo|spa|2\n|move|p1a: Milotic|Haze|p1a: Milotic\n|-clearallboost\n|\n|upkeep\n|turn|11\n|\n|t:|1700074333\n|switch|p2a: Ogerpon|Ogerpon-Wellspring, F|100\/100\n|move|p1a: Milotic|Scald|p2a: Ogerpon\n|-immune|p2a: Ogerpon|[from] ability: Water Absorb\n|\n|upkeep\n|turn|12\n|\n|t:|1700074344\n|switch|p1a: Corviknight|Corviknight, F|95\/100\n|move|p2a: Ogerpon|Swords Dance|p2a: Ogerpon\n|-boost|p2a: Ogerpon|atk|2\n|\n|upkeep\n|turn|13\n|\n|t:|1700074355\n|move|p2a: Ogerpon|Ivy Cudgel|p1a: Corviknight|[anim] Ivy Cudgel Water\n|-damage|p1a: Corviknight|26\/100\n|move|p1a: Corviknight|Brave Bird|p2a: Ogerpon\n|-supereffective|p2a: Ogerpon\n|-damage|p2a: Ogerpon|0 fnt\n|faint|p2a: Ogerpon\n|-damage|p1a: Corviknight|1\/100|[from] Recoil\n|\n|upkeep\n|\n|t:|1700074372\n|switch|p2a: Gholdengo|Gholdengo|54\/100\n|turn|14\n|\n|t:|1700074377\n|move|p2a: Gholdengo|Shadow Ball|p1a: Corviknight\n|-damage|p1a: Corviknight|0 fnt\n|faint|p1a: Corviknight\n|\n|upkeep\n|\n|t:|1700074379\n|switch|p1a: Milotic|Milotic, M|100\/100\n|turn|15\n|\n|t:|1700074384\n|move|p2a: Gholdengo|Nasty Plot|p2a: Gholdengo\n|-boost|p2a: Gholdengo|spa|2\n|move|p1a: Milotic|Scald|p2a: Gholdengo\n|-damage|p2a: Gholdengo|23\/100\n|-status|p2a: Gholdengo|brn\n|\n|-damage|p2a: Gholdengo|17\/100 brn|[from] brn\n|upkeep\n|turn|16\n|\n|t:|1700074392\n|move|p2a: Gholdengo|Shadow Ball|p1a: Milotic\n|-damage|p1a: Milotic|57\/100\n|-unboost|p1a: Milotic|spd|1\n|-ability|p1a: Milotic|Competitive|boost\n|-boost|p1a: Milotic|spa|2\n|move|p1a: Milotic|Haze|p1a: Milotic\n|-clearallboost\n|\n|-damage|p2a: Gholdengo|11\/100 brn|[from] brn\n|upkeep\n|turn|17\n|-message|PeterPumpknEater69 forfeited.\n|\n|win|Welcometoearth420\n|raw|Welcometoearth420's rating: 1550 &rarr; <strong>1572<\/strong><br \/>(+22 for winning)\n|raw|PeterPumpknEater69's rating: 1592 &rarr; <strong>1570<\/strong><br \/>(-22 for losing)\n|l|\u2606PeterPumpknEater69\n","uploadtime":1700074412,"views":7,"p1id":"welcometoearth420","p2id":"peterpumpkneater69","formatid":"gen9ou","rating":1570,"private":0,"password":""}