{"id":"gen9ou-1997793775","p1":"hhet","p2":"AtlasTheOne","format":"[Gen 9] OU","log":"|j|\u2606hhet\n|j|\u2606AtlasTheOne\n|t:|1700853352\n|gametype|singles\n|player|p1|hhet|cynthia-gen4|1198\n|player|p2|AtlasTheOne|benga|1115\n|teamsize|p1|6\n|teamsize|p2|6\n|gen|9\n|tier|[Gen 9] OU\n|rated|\n|rule|Sleep Clause Mod: Limit one foe put to sleep\n|rule|Species Clause: Limit one of each Pok\u00e9mon\n|rule|OHKO Clause: OHKO moves are banned\n|rule|Evasion Items Clause: Evasion items are banned\n|rule|Evasion Moves Clause: Evasion moves are banned\n|rule|Endless Battle Clause: Forcing endless battles is banned\n|rule|HP Percentage Mod: HP is shown in percentages\n|clearpoke\n|poke|p1|Gholdengo|\n|poke|p1|Ribombee, F|\n|poke|p1|Iron Valiant|\n|poke|p1|Kingambit, F|\n|poke|p1|Iron Moth|\n|poke|p1|Dragonite, M|\n|poke|p2|Garganacl, F|\n|poke|p2|Dragonite, F|\n|poke|p2|Clodsire, M|\n|poke|p2|Gholdengo|\n|poke|p2|Kingambit, M|\n|poke|p2|Meowscarada, F|\n|teampreview\n|\n|t:|1700853354\n|start\n|switch|p1a: Ribombee|Ribombee, F|100\/100\n|switch|p2a: Meowscarada|Meowscarada, F, shiny|100\/100\n|turn|1\n|\n|t:|1700853361\n|move|p2a: Meowscarada|U-turn|p1a: Ribombee\n|-start|p2a: Meowscarada|typechange|Bug|[from] ability: Protean\n|-resisted|p1a: Ribombee\n|-damage|p1a: Ribombee|66\/100\n|\n|t:|1700853370\n|switch|p2a: Clodsire|Clodsire, M|100\/100|[from] U-turn\n|move|p1a: Ribombee|Sticky Web|p2a: Clodsire\n|-sidestart|p2: AtlasTheOne|move: Sticky Web\n|\n|upkeep\n|turn|2\n|\n|t:|1700853386\n|move|p1a: Ribombee|Stun Spore|p2a: Clodsire\n|-status|p2a: Clodsire|par\n|move|p2a: Clodsire|Gunk Shot|p1a: Ribombee\n|-supereffective|p1a: Ribombee\n|-damage|p1a: Ribombee|0 fnt\n|faint|p1a: Ribombee\n|\n|upkeep\n|inactive|Battle timer is ON: inactive players will automatically lose when time's up. (requested by AtlasTheOne)\n|\n|t:|1700853411\n|switch|p1a: Gholdengo|Gholdengo|100\/100\n|turn|3\n|\n|t:|1700853420\n|move|p1a: Gholdengo|Trick|p2a: Clodsire\n|-activate|p1a: Gholdengo|move: Trick|[of] p2a: Clodsire\n|-item|p2a: Clodsire|Choice Scarf|[from] move: Trick\n|-item|p1a: Gholdengo|Black Sludge|[from] move: Trick\n|move|p2a: Clodsire|Earthquake|p1a: Gholdengo\n|-supereffective|p1a: Gholdengo\n|-damage|p1a: Gholdengo|40\/100\n|\n|-damage|p1a: Gholdengo|27\/100|[from] item: Black Sludge\n|upkeep\n|turn|4\n|\n|t:|1700853429\n|switch|p1a: Dragonite|Dragonite, M|100\/100\n|cant|p2a: Clodsire|par\n|\n|upkeep\n|turn|5\n|\n|t:|1700853441\n|switch|p2a: Dragonite|Dragonite, F|100\/100\n|move|p1a: Dragonite|Dragon Dance|p1a: Dragonite\n|-boost|p1a: Dragonite|atk|1\n|-boost|p1a: Dragonite|spe|1\n|\n|upkeep\n|turn|6\n|\n|t:|1700853456\n|move|p1a: Dragonite|Dragon Dance|p1a: Dragonite\n|-boost|p1a: Dragonite|atk|1\n|-boost|p1a: Dragonite|spe|1\n|move|p2a: Dragonite|Ice Punch|p1a: Dragonite\n|-supereffective|p1a: Dragonite\n|-damage|p1a: Dragonite|46\/100\n|\n|upkeep\n|turn|7\n|\n|t:|1700853463\n|-terastallize|p1a: Dragonite|Normal\n|move|p1a: Dragonite|Extreme Speed|p2a: Dragonite\n|-damage|p2a: Dragonite|58\/100\n|move|p2a: Dragonite|Ice Punch|p1a: Dragonite\n|-damage|p1a: Dragonite|22\/100\n|\n|-heal|p2a: Dragonite|64\/100|[from] item: Leftovers\n|upkeep\n|turn|8\n|\n|t:|1700853473\n|switch|p2a: CinnaMon|Gholdengo|100\/100\n|-item|p2a: CinnaMon|Air Balloon\n|move|p1a: Dragonite|Extreme Speed|p2a: CinnaMon\n|-immune|p2a: CinnaMon\n|\n|upkeep\n|turn|9\n|\n|t:|1700853482\n|move|p1a: Dragonite|Fire Punch|p2a: CinnaMon\n|-supereffective|p2a: CinnaMon\n|-damage|p2a: CinnaMon|0 fnt\n|-enditem|p2a: CinnaMon|Air Balloon\n|faint|p2a: CinnaMon\n|\n|upkeep\n|\n|t:|1700853492\n|switch|p2a: Clodsire|Clodsire, M|100\/100 par\n|-activate|p2a: Clodsire|move: Sticky Web\n|-unboost|p2a: Clodsire|spe|1\n|turn|10\n|\n|t:|1700853502\n|move|p1a: Dragonite|Earthquake|p2a: Clodsire\n|-supereffective|p2a: Clodsire\n|-damage|p2a: Clodsire|0 fnt\n|faint|p2a: Clodsire\n|\n|upkeep\n|\n|t:|1700853510\n|switch|p2a: Meowscarada|Meowscarada, F, shiny|100\/100\n|-activate|p2a: Meowscarada|move: Sticky Web\n|-unboost|p2a: Meowscarada|spe|1\n|turn|11\n|-message|AtlasTheOne forfeited.\n|\n|win|hhet\n|raw|hhet's rating: 1198 &rarr; <strong>1217<\/strong><br \/>(+19 for winning)\n|raw|AtlasTheOne's rating: 1115 &rarr; <strong>1096<\/strong><br \/>(-19 for losing)\n|l|\u2606AtlasTheOne\n","uploadtime":1700853522,"views":2,"p1id":"hhet","p2id":"atlastheone","formatid":"gen9ou","rating":1096,"private":0,"password":""}