{"id":"gen9ou-1996601821","p1":"whichjuanz","p2":"doodieray","format":"[Gen 9] OU","log":"|j|\u2606whichjuanz\n|j|\u2606doodieray\n|t:|1700699276\n|gametype|singles\n|player|p1|whichjuanz|hiker-gen4|1415\n|player|p2|doodieray|170|1395\n|teamsize|p1|6\n|teamsize|p2|6\n|gen|9\n|tier|[Gen 9] OU\n|rated|\n|rule|Sleep Clause Mod: Limit one foe put to sleep\n|rule|Species Clause: Limit one of each Pok\u00e9mon\n|rule|OHKO Clause: OHKO moves are banned\n|rule|Evasion Items Clause: Evasion items are banned\n|rule|Evasion Moves Clause: Evasion moves are banned\n|rule|Endless Battle Clause: Forcing endless battles is banned\n|rule|HP Percentage Mod: HP is shown in percentages\n|clearpoke\n|poke|p1|Garganacl, M|\n|poke|p1|Slaking, M|\n|poke|p1|Haxorus, F|\n|poke|p1|Dondozo, F|\n|poke|p1|Clodsire, M|\n|poke|p1|Lokix, F|\n|poke|p2|Zapdos-Galar|\n|poke|p2|Alomomola, F|\n|poke|p2|Brambleghast, M|\n|poke|p2|Landorus-Therian, M|\n|poke|p2|Pelipper, F|\n|poke|p2|Pawmot, M|\n|teampreview\n|inactive|Battle timer is ON: inactive players will automatically lose when time's up. (requested by whichjuanz)\n|inactive|doodieray also wants the timer to be on.\n|inactive|doodieray has 120 seconds left.\n|inactive|doodieray has 90 seconds left.\n|\n|t:|1700699341\n|start\n|switch|p1a: Garganacl|Garganacl, M|100\/100\n|switch|p2a: Pelipper|Pelipper, F|100\/100\n|-weather|RainDance|[from] ability: Drizzle|[of] p2a: Pelipper\n|turn|1\n|\n|t:|1700699352\n|move|p2a: Pelipper|Surf|p1a: Garganacl\n|-supereffective|p1a: Garganacl\n|-damage|p1a: Garganacl|43\/100\n|move|p1a: Garganacl|Salt Cure|p2a: Pelipper\n|-supereffective|p2a: Pelipper\n|-damage|p2a: Pelipper|78\/100\n|-start|p2a: Pelipper|Salt Cure\n|\n|-weather|RainDance|[upkeep]\n|-heal|p1a: Garganacl|49\/100|[from] item: Leftovers\n|-damage|p2a: Pelipper|53\/100|[from] Salt Cure\n|upkeep\n|turn|2\n|\n|t:|1700699360\n|switch|p1a: Clodsire|Clodsire, M|100\/100\n|move|p2a: Pelipper|U-turn|p1a: Clodsire\n|-resisted|p1a: Clodsire\n|-damage|p1a: Clodsire|97\/100\n|\n|t:|1700699365\n|switch|p2a: Landorus|Landorus-Therian, M|100\/100|[from] U-turn\n|-ability|p2a: Landorus|Intimidate|boost\n|-unboost|p1a: Clodsire|atk|1\n|\n|-weather|RainDance|[upkeep]\n|-heal|p1a: Clodsire|100\/100|[from] item: Black Sludge\n|upkeep\n|turn|3\n|\n|t:|1700699375\n|switch|p1a: Dondozo|Dondozo, F|100\/100\n|move|p2a: Landorus|Sandsear Storm|p1a: Dondozo\n|-damage|p1a: Dondozo|41\/100\n|\n|-weather|RainDance|[upkeep]\n|upkeep\n|turn|4\n|\n|t:|1700699380\n|switch|p1a: Clodsire|Clodsire, M|100\/100\n|move|p2a: Landorus|Sandsear Storm|p1a: Clodsire\n|-supereffective|p1a: Clodsire\n|-damage|p1a: Clodsire|0 fnt\n|faint|p1a: Clodsire\n|\n|-weather|RainDance|[upkeep]\n|upkeep\n|\n|t:|1700699383\n|switch|p1a: Haxorus|Haxorus, F|100\/100\n|-ability|p1a: Haxorus|Mold Breaker\n|turn|5\n|\n|t:|1700699388\n|-terastallize|p2a: Landorus|Ground\n|move|p2a: Landorus|Sandsear Storm|p1a: Haxorus\n|-damage|p1a: Haxorus|0 fnt\n|faint|p1a: Haxorus\n|\n|-weather|RainDance|[upkeep]\n|upkeep\n|\n|t:|1700699391\n|switch|p1a: Dondozo|Dondozo, F|41\/100\n|turn|6\n|\n|t:|1700699392\n|move|p2a: Landorus|Sandsear Storm|p1a: Dondozo\n|-damage|p1a: Dondozo|0 fnt\n|faint|p1a: Dondozo\n|\n|-weather|RainDance|[upkeep]\n|upkeep\n|\n|t:|1700699395\n|switch|p1a: Garganacl|Garganacl, M|49\/100\n|turn|7\n|\n|t:|1700699397\n|move|p2a: Landorus|Sandsear Storm|p1a: Garganacl\n|-supereffective|p1a: Garganacl\n|-damage|p1a: Garganacl|0 fnt\n|faint|p1a: Garganacl\n|\n|-weather|RainDance|[upkeep]\n|upkeep\n|\n|t:|1700699399\n|switch|p1a: Lokix|Lokix, F|100\/100\n|turn|8\n|\n|t:|1700699402\n|-terastallize|p1a: Lokix|Bug\n|move|p1a: Lokix|First Impression|p2a: Landorus\n|-damage|p2a: Landorus|12\/100\n|-damage|p1a: Lokix|91\/100|[from] item: Life Orb\n|move|p2a: Landorus|Sandsear Storm|p1a: Lokix\n|-resisted|p1a: Lokix\n|-damage|p1a: Lokix|0 fnt\n|faint|p1a: Lokix\n|\n|-weather|none\n|upkeep\n|\n|t:|1700699404\n|switch|p1a: Slaking|Slaking, M|100\/100\n|turn|9\n|\n|t:|1700699411\n|switch|p2a: Pelipper|Pelipper, F|53\/100\n|-weather|RainDance|[from] ability: Drizzle|[of] p2a: Pelipper\n|move|p1a: Slaking|Drain Punch|p2a: Pelipper\n|-resisted|p2a: Pelipper\n|-damage|p2a: Pelipper|40\/100\n|\n|-weather|RainDance|[upkeep]\n|upkeep\n|turn|10\n|\n|t:|1700699414\n|cant|p1a: Slaking|ability: Truant\n|move|p2a: Pelipper|Roost|p2a: Pelipper\n|-heal|p2a: Pelipper|90\/100\n|-singleturn|p2a: Pelipper|move: Roost\n|\n|-weather|RainDance|[upkeep]\n|upkeep\n|turn|11\n|\n|t:|1700699420\n|move|p1a: Slaking|Facade|p2a: Pelipper\n|-damage|p2a: Pelipper|56\/100\n|move|p2a: Pelipper|U-turn|p1a: Slaking\n|-damage|p1a: Slaking|95\/100\n|\n|t:|1700699422\n|switch|p2a: Landorus|Landorus-Therian, M, tera:Ground|12\/100|[from] U-turn\n|-ability|p2a: Landorus|Intimidate|boost\n|-unboost|p1a: Slaking|atk|1\n|\n|-weather|RainDance|[upkeep]\n|upkeep\n|turn|12\n|c|\u2606doodieray|Gg\n|\n|t:|1700699438\n|move|p2a: Landorus|Sandsear Storm|p1a: Slaking\n|-damage|p1a: Slaking|2\/100\n|cant|p1a: Slaking|ability: Truant\n|\n|-weather|RainDance|[upkeep]\n|upkeep\n|turn|13\n|-message|whichjuanz forfeited.\n|\n|win|doodieray\n|raw|whichjuanz's rating: 1415 &rarr; <strong>1394<\/strong><br \/>(-21 for losing)\n|raw|doodieray's rating: 1395 &rarr; <strong>1416<\/strong><br \/>(+21 for winning)\n|l|\u2606whichjuanz\n","uploadtime":1700699449,"views":2,"p1id":"whichjuanz","p2id":"doodieray","formatid":"gen9ou","rating":1394,"private":0,"password":""}