{"id":"gen9ou-1989424676","p1":"Thehombre","p2":"Lorry713","format":"[Gen 9] OU","log":"|j|\u2606Thehombre\n|j|\u2606Lorry713\n|t:|1699848556\n|gametype|singles\n|player|p1|Thehombre|170|1056\n|player|p2|Lorry713|266|1014\n|teamsize|p1|6\n|teamsize|p2|3\n|gen|9\n|tier|[Gen 9] OU\n|rated|\n|rule|Sleep Clause Mod: Limit one foe put to sleep\n|rule|Species Clause: Limit one of each Pok\u00e9mon\n|rule|OHKO Clause: OHKO moves are banned\n|rule|Evasion Items Clause: Evasion items are banned\n|rule|Evasion Moves Clause: Evasion moves are banned\n|rule|Endless Battle Clause: Forcing endless battles is banned\n|rule|HP Percentage Mod: HP is shown in percentages\n|clearpoke\n|poke|p1|Heatran, M|\n|poke|p1|Cinderace, F|\n|poke|p1|Rotom-Wash|\n|poke|p1|Shiftry, F|\n|poke|p1|Weezing, M|\n|poke|p1|Slither Wing|\n|poke|p2|Vikavolt, F|\n|poke|p2|Gallade, M|\n|poke|p2|Iron Moth|\n|teampreview\n|inactive|Battle timer is ON: inactive players will automatically lose when time's up. (requested by Thehombre)\n|\n|t:|1699848567\n|start\n|switch|p1a: Heatran|Heatran, M|100\/100\n|switch|p2a: Vikavolt|Vikavolt, F|100\/100\n|turn|1\n|\n|t:|1699848576\n|-terastallize|p2a: Vikavolt|Water\n|move|p1a: Heatran|Stealth Rock|p2a: Vikavolt\n|-sidestart|p2: Lorry713|move: Stealth Rock\n|move|p2a: Vikavolt|Sticky Web|p1a: Heatran\n|-sidestart|p1: Thehombre|move: Sticky Web\n|\n|upkeep\n|turn|2\n|\n|t:|1699848583\n|switch|p1a: Cinderace|Cinderace, F|100\/100\n|-activate|p1a: Cinderace|move: Sticky Web\n|-unboost|p1a: Cinderace|spe|1\n|move|p2a: Vikavolt|Bug Buzz|p1a: Cinderace\n|-resisted|p1a: Cinderace\n|-damage|p1a: Cinderace|60\/100\n|-enditem|p2a: Vikavolt|Throat Spray\n|-boost|p2a: Vikavolt|spa|1|[from] item: Throat Spray\n|\n|upkeep\n|turn|3\n|\n|t:|1699848592\n|move|p1a: Cinderace|Court Change|p1a: Cinderace\n|-start|p1a: Cinderace|typechange|Normal|[from] ability: Libero\n|-swapsideconditions\n|-activate|p1a: Cinderace|move: Court Change\n|move|p2a: Vikavolt|Thunder|p1a: Cinderace\n|-crit|p1a: Cinderace\n|-damage|p1a: Cinderace|0 fnt\n|faint|p1a: Cinderace\n|\n|upkeep\n|\n|t:|1699848598\n|switch|p1a: Heatran|Heatran, M|100\/100\n|-damage|p1a: Heatran|88\/100|[from] Stealth Rock\n|turn|4\n|\n|t:|1699848604\n|move|p1a: Heatran|Stealth Rock|p2a: Vikavolt\n|-sidestart|p2: Lorry713|move: Stealth Rock\n|move|p2a: Vikavolt|Tera Blast|p1a: Heatran|[anim] Tera Blast Water\n|-supereffective|p1a: Heatran\n|-damage|p1a: Heatran|4\/100\n|\n|upkeep\n|turn|5\n|\n|t:|1699848611\n|move|p1a: Heatran|Flamethrower|p2a: Vikavolt\n|-resisted|p2a: Vikavolt\n|-damage|p2a: Vikavolt|64\/100\n|move|p2a: Vikavolt|Bug Buzz|p1a: Heatran\n|-resisted|p1a: Heatran\n|-damage|p1a: Heatran|0 fnt\n|faint|p1a: Heatran\n|\n|upkeep\n|\n|t:|1699848616\n|switch|p1a: Shiftry|Shiftry, F|100\/100\n|-damage|p1a: Shiftry|88\/100|[from] Stealth Rock\n|turn|6\n|\n|t:|1699848623\n|move|p1a: Shiftry|Leaf Blade|p2a: Vikavolt\n|-supereffective|p2a: Vikavolt\n|-damage|p2a: Vikavolt|0 fnt\n|faint|p2a: Vikavolt\n|\n|upkeep\n|\n|t:|1699848628\n|switch|p2a: Iron Moth|Iron Moth|100\/100\n|-activate|p2a: Iron Moth|move: Sticky Web\n|-unboost|p2a: Iron Moth|spe|1\n|-damage|p2a: Iron Moth|76\/100|[from] Stealth Rock\n|-enditem|p2a: Iron Moth|Booster Energy\n|-activate|p2a: Iron Moth|ability: Quark Drive|[fromitem]\n|-start|p2a: Iron Moth|quarkdrivespa\n|turn|7\n|\n|t:|1699848636\n|move|p1a: Shiftry|Tailwind|p1a: Shiftry\n|-sidestart|p1: Thehombre|move: Tailwind\n|-ability|p1a: Shiftry|Wind Rider|boost\n|-boost|p1a: Shiftry|atk|1\n|move|p2a: Iron Moth|Agility|p2a: Iron Moth\n|-boost|p2a: Iron Moth|spe|2\n|\n|upkeep\n|turn|8\n|\n|t:|1699848644\n|move|p2a: Iron Moth|Fiery Dance|p1a: Shiftry\n|-supereffective|p1a: Shiftry\n|-damage|p1a: Shiftry|0 fnt\n|-boost|p2a: Iron Moth|spa|1\n|faint|p1a: Shiftry\n|\n|upkeep\n|\n|t:|1699848649\n|switch|p1a: Rotom|Rotom-Wash|100\/100\n|-damage|p1a: Rotom|88\/100|[from] Stealth Rock\n|turn|9\n|\n|t:|1699848654\n|move|p1a: Rotom|Hydro Pump|p2a: Iron Moth\n|-supereffective|p2a: Iron Moth\n|-damage|p2a: Iron Moth|0 fnt\n|faint|p2a: Iron Moth\n|-end|p2a: Iron Moth|Quark Drive|[silent]\n|\n|-heal|p1a: Rotom|94\/100|[from] item: Leftovers\n|upkeep\n|\n|t:|1699848661\n|switch|p2a: Gallade|Gallade, M|100\/100\n|-activate|p2a: Gallade|move: Sticky Web\n|-unboost|p2a: Gallade|spe|1\n|-damage|p2a: Gallade|94\/100|[from] Stealth Rock\n|turn|10\n|\n|t:|1699848667\n|move|p1a: Rotom|Will-O-Wisp|p2a: Gallade\n|-status|p2a: Gallade|brn\n|move|p2a: Gallade|Hypnosis|p1a: Rotom|[miss]\n|-miss|p2a: Gallade|p1a: Rotom\n|\n|-heal|p1a: Rotom|100\/100|[from] item: Leftovers\n|-damage|p2a: Gallade|88\/100 brn|[from] brn\n|-sideend|p1: Thehombre|move: Tailwind\n|upkeep\n|turn|11\n|\n|t:|1699848676\n|switch|p1a: Weezing|Weezing, M|100\/100\n|-damage|p1a: Weezing|88\/100|[from] Stealth Rock\n|move|p2a: Gallade|Hypnosis|p1a: Weezing\n|-status|p1a: Weezing|slp|[from] move: Hypnosis\n|\n|-heal|p1a: Weezing|94\/100 slp|[from] item: Black Sludge\n|-damage|p2a: Gallade|82\/100 brn|[from] brn\n|upkeep\n|turn|12\n|\n|t:|1699848687\n|move|p2a: Gallade|Swords Dance|p2a: Gallade\n|-boost|p2a: Gallade|atk|2\n|cant|p1a: Weezing|slp\n|\n|-heal|p1a: Weezing|99\/100 slp|[from] item: Black Sludge\n|-damage|p2a: Gallade|76\/100 brn|[from] brn\n|upkeep\n|turn|13\n|\n|t:|1699848695\n|move|p2a: Gallade|Swords Dance|p2a: Gallade\n|-boost|p2a: Gallade|atk|2\n|-curestatus|p1a: Weezing|slp|[msg]\n|move|p1a: Weezing|Clear Smog|p2a: Gallade\n|-damage|p2a: Gallade|50\/100 brn\n|-clearboost|p2a: Gallade\n|\n|-heal|p1a: Weezing|100\/100|[from] item: Black Sludge\n|-damage|p2a: Gallade|44\/100 brn|[from] brn\n|upkeep\n|turn|14\n|-message|Lorry713 forfeited.\n|\n|win|Thehombre\n|raw|Thehombre's rating: 1056 &rarr; <strong>1084<\/strong><br \/>(+28 for winning)\n|raw|Lorry713's rating: 1014 &rarr; <strong>1003<\/strong><br \/>(-11 for losing)\n|l|\u2606Lorry713\n","uploadtime":1699848709,"views":27,"p1id":"thehombre","p2id":"lorry713","formatid":"gen9ou","rating":1003,"private":0,"password":""}