{"id":"gen9ou-1999879276","p1":"yamiyami17","p2":"Bolson619","format":"[Gen 9] OU","log":"|j|\u2606yamiyami17\n|j|\u2606Bolson619\n|t:|1701125628\n|gametype|singles\n|player|p1|yamiyami17|102|1224\n|player|p2|Bolson619|266|1261\n|teamsize|p1|6\n|teamsize|p2|6\n|gen|9\n|tier|[Gen 9] OU\n|rated|\n|rule|Sleep Clause Mod: Limit one foe put to sleep\n|rule|Species Clause: Limit one of each Pok\u00e9mon\n|rule|OHKO Clause: OHKO moves are banned\n|rule|Evasion Items Clause: Evasion items are banned\n|rule|Evasion Moves Clause: Evasion moves are banned\n|rule|Endless Battle Clause: Forcing endless battles is banned\n|rule|HP Percentage Mod: HP is shown in percentages\n|clearpoke\n|poke|p1|Tyranitar, F|\n|poke|p1|Lycanroc, F|\n|poke|p1|Kleavor, F|\n|poke|p1|Rillaboom, F|\n|poke|p1|Greninja-*, M|\n|poke|p1|Zapdos|\n|poke|p2|Walking Wake|\n|poke|p2|Torkoal, M|\n|poke|p2|Lilligant-Hisui, F|\n|poke|p2|Gholdengo|\n|poke|p2|Amoonguss, M|\n|poke|p2|Salamence, M|\n|teampreview\n|\n|t:|1701125635\n|start\n|switch|p1a: Kleavor|Kleavor, F|100\/100\n|switch|p2a: Torkoal|Torkoal, M|100\/100\n|-weather|SunnyDay|[from] ability: Drought|[of] p2a: Torkoal\n|turn|1\n|\n|t:|1701125663\n|move|p1a: Kleavor|Stone Axe|p2a: Torkoal\n|-supereffective|p2a: Torkoal\n|-damage|p2a: Torkoal|19\/100\n|-sidestart|p2: Bolson619|move: Stealth Rock\n|-damage|p1a: Kleavor|91\/100|[from] item: Life Orb\n|move|p2a: Torkoal|Will-O-Wisp|p1a: Kleavor\n|-status|p1a: Kleavor|brn\n|\n|-weather|SunnyDay|[upkeep]\n|-damage|p1a: Kleavor|84\/100 brn|[from] brn\n|upkeep\n|turn|2\n|\n|t:|1701125676\n|switch|p2a: Gholdengo|Gholdengo|100\/100\n|-damage|p2a: Gholdengo|94\/100|[from] Stealth Rock\n|move|p1a: Kleavor|Swords Dance|p1a: Kleavor\n|-boost|p1a: Kleavor|atk|2\n|\n|-weather|SunnyDay|[upkeep]\n|-damage|p1a: Kleavor|78\/100 brn|[from] brn\n|upkeep\n|turn|3\n|\n|t:|1701125690\n|switch|p1a: Zapdos|Zapdos|100\/100\n|move|p2a: Gholdengo|Shadow Ball|p1a: Zapdos\n|-damage|p1a: Zapdos|57\/100\n|\n|-weather|SunnyDay|[upkeep]\n|-heal|p1a: Zapdos|63\/100|[from] item: Leftovers\n|upkeep\n|turn|4\n|\n|t:|1701125699\n|switch|p2a: Amogus|Amoonguss, M|100\/100\n|-damage|p2a: Amogus|88\/100|[from] Stealth Rock\n|move|p1a: Zapdos|Heat Wave|p2a: Amogus\n|-supereffective|p2a: Amogus\n|-damage|p2a: Amogus|22\/100\n|-enditem|p2a: Amogus|Eject Button\n|\n|t:|1701125711\n|switch|p2a: Walking Wake|Walking Wake|100\/100\n|-damage|p2a: Walking Wake|88\/100|[from] Stealth Rock\n|-activate|p2a: Walking Wake|ability: Protosynthesis\n|-start|p2a: Walking Wake|protosynthesisspe\n|\n|-weather|SunnyDay|[upkeep]\n|-heal|p1a: Zapdos|69\/100|[from] item: Leftovers\n|upkeep\n|turn|5\n|\n|t:|1701125728\n|switch|p1a: Rillaboom|Rillaboom, F|100\/100\n|-fieldstart|move: Grassy Terrain|[from] ability: Grassy Surge|[of] p1a: Rillaboom\n|move|p2a: Walking Wake|Hydro Steam|p1a: Rillaboom\n|-resisted|p1a: Rillaboom\n|-damage|p1a: Rillaboom|42\/100\n|\n|-weather|SunnyDay|[upkeep]\n|-heal|p2a: Walking Wake|94\/100|[from] Grassy Terrain\n|-heal|p1a: Rillaboom|48\/100|[from] Grassy Terrain\n|-heal|p1a: Rillaboom|54\/100|[from] item: Leftovers\n|upkeep\n|turn|6\n|\n|t:|1701125742\n|move|p1a: Rillaboom|Grassy Glide|p2a: Walking Wake\n|-damage|p2a: Walking Wake|51\/100\n|move|p2a: Walking Wake|Hydro Steam|p1a: Rillaboom\n|-resisted|p1a: Rillaboom\n|-damage|p1a: Rillaboom|0 fnt\n|faint|p1a: Rillaboom\n|\n|-weather|SunnyDay|[upkeep]\n|-heal|p2a: Walking Wake|57\/100|[from] Grassy Terrain\n|upkeep\n|\n|t:|1701125761\n|switch|p1a: Tyranitar|Tyranitar, F|100\/100\n|-weather|Sandstorm|[from] ability: Sand Stream|[of] p1a: Tyranitar\n|-end|p2a: Walking Wake|Protosynthesis\n|turn|7\n|\n|t:|1701125770\n|move|p2a: Walking Wake|Hydro Steam|p1a: Tyranitar\n|-supereffective|p1a: Tyranitar\n|-damage|p1a: Tyranitar|26\/100\n|-enditem|p1a: Tyranitar|Weakness Policy\n|-boost|p1a: Tyranitar|atk|2|[from] item: Weakness Policy\n|-boost|p1a: Tyranitar|spa|2|[from] item: Weakness Policy\n|move|p1a: Tyranitar|Dragon Dance|p1a: Tyranitar\n|-boost|p1a: Tyranitar|atk|1\n|-boost|p1a: Tyranitar|spe|1\n|\n|-weather|Sandstorm|[upkeep]\n|-damage|p2a: Walking Wake|51\/100|[from] Sandstorm\n|-heal|p1a: Tyranitar|32\/100|[from] Grassy Terrain\n|-heal|p2a: Walking Wake|57\/100|[from] Grassy Terrain\n|upkeep\n|turn|8\n|\n|t:|1701125790\n|move|p1a: Tyranitar|Knock Off|p2a: Walking Wake\n|-damage|p2a: Walking Wake|0 fnt\n|-enditem|p2a: Walking Wake|Choice Specs|[from] move: Knock Off|[of] p1a: Tyranitar\n|faint|p2a: Walking Wake\n|-end|p2a: Walking Wake|Protosynthesis|[silent]\n|\n|-weather|Sandstorm|[upkeep]\n|-heal|p1a: Tyranitar|38\/100|[from] Grassy Terrain\n|upkeep\n|\n|t:|1701125799\n|switch|p2a: Torkoal|Torkoal, M|19\/100\n|-damage|p2a: Torkoal|0 fnt|[from] Stealth Rock\n|faint|p2a: Torkoal\n|\n|t:|1701125820\n|switch|p2a: Gholdengo|Gholdengo|94\/100\n|-damage|p2a: Gholdengo|88\/100|[from] Stealth Rock\n|turn|9\n|\n|t:|1701125826\n|move|p2a: Gholdengo|Make It Rain|p1a: Tyranitar\n|-supereffective|p1a: Tyranitar\n|-damage|p1a: Tyranitar|0 fnt\n|-unboost|p2a: Gholdengo|spa|1\n|faint|p1a: Tyranitar\n|\n|-weather|Sandstorm|[upkeep]\n|-heal|p2a: Gholdengo|94\/100|[from] Grassy Terrain\n|-fieldend|move: Grassy Terrain\n|upkeep\n|\n|t:|1701125833\n|switch|p1a: Greninja|Greninja, M|100\/100\n|turn|10\n|\n|t:|1701125852\n|move|p2a: Gholdengo|Make It Rain|p1a: Greninja\n|-resisted|p1a: Greninja\n|-damage|p1a: Greninja|67\/100\n|-unboost|p2a: Gholdengo|spa|1\n|move|p1a: Greninja|Dark Pulse|p2a: Gholdengo\n|-supereffective|p2a: Gholdengo\n|-damage|p2a: Gholdengo|0 fnt\n|faint|p2a: Gholdengo\n|-ability|p1a: Greninja|Battle Bond|boost\n|-boost|p1a: Greninja|atk|1\n|-boost|p1a: Greninja|spa|1\n|-boost|p1a: Greninja|spe|1\n|-activate|p1a: Greninja|ability: Battle Bond\n|-damage|p1a: Greninja|57\/100|[from] item: Life Orb\n|\n|-weather|Sandstorm|[upkeep]\n|-damage|p1a: Greninja|51\/100|[from] Sandstorm\n|upkeep\n|\n|t:|1701125872\n|switch|p2a: Salamence|Salamence, M|100\/100\n|-ability|p2a: Salamence|Intimidate|boost\n|-unboost|p1a: Greninja|atk|1\n|turn|11\n|\n|t:|1701125889\n|switch|p2a: Amogus|Amoonguss, M|55\/100\n|-damage|p2a: Amogus|43\/100|[from] Stealth Rock\n|move|p1a: Greninja|Ice Beam|p2a: Amogus\n|-supereffective|p2a: Amogus\n|-damage|p2a: Amogus|0 fnt\n|faint|p2a: Amogus\n|-damage|p1a: Greninja|41\/100|[from] item: Life Orb\n|\n|-weather|none\n|upkeep\n|\n|t:|1701125900\n|switch|p2a: Lilligant|Lilligant-Hisui, F, shiny|100\/100\n|-damage|p2a: Lilligant|94\/100|[from] Stealth Rock\n|turn|12\n|\n|t:|1701125913\n|-terastallize|p2a: Lilligant|Steel\n|move|p1a: Greninja|Ice Beam|p2a: Lilligant\n|-resisted|p2a: Lilligant\n|-damage|p2a: Lilligant|54\/100\n|-status|p2a: Lilligant|frz\n|-damage|p1a: Greninja|31\/100|[from] item: Life Orb\n|cant|p2a: Lilligant|frz\n|\n|upkeep\n|turn|13\n|\n|t:|1701125923\n|move|p1a: Greninja|Dark Pulse|p2a: Lilligant\n|-damage|p2a: Lilligant|0 fnt\n|faint|p2a: Lilligant\n|-damage|p1a: Greninja|22\/100|[from] item: Life Orb\n|\n|upkeep\n|-message|Bolson619 forfeited.\n|\n|win|yamiyami17\n|raw|yamiyami17's rating: 1224 &rarr; <strong>1252<\/strong><br \/>(+28 for winning)\n|raw|Bolson619's rating: 1261 &rarr; <strong>1233<\/strong><br \/>(-28 for losing)\n|l|\u2606Bolson619\n","uploadtime":1701125944,"views":4,"p1id":"yamiyami17","p2id":"bolson619","formatid":"gen9ou","rating":1233,"private":0,"password":""}