{"id":"gen9ou-1996241991","p1":"Abner67","p2":"natiakane","format":"[Gen 9] OU","log":"|j|\u2606Abner67\n|j|\u2606natiakane\n|t:|1700663117\n|gametype|singles\n|player|p1|Abner67|shadowtriad|\n|player|p2|natiakane|dahlia|\n|teamsize|p1|6\n|teamsize|p2|6\n|gen|9\n|tier|[Gen 9] OU\n|rule|Sleep Clause Mod: Limit one foe put to sleep\n|rule|Species Clause: Limit one of each Pok\u00e9mon\n|rule|OHKO Clause: OHKO moves are banned\n|rule|Evasion Items Clause: Evasion items are banned\n|rule|Evasion Moves Clause: Evasion moves are banned\n|rule|Endless Battle Clause: Forcing endless battles is banned\n|rule|HP Percentage Mod: HP is shown in percentages\n|clearpoke\n|poke|p1|Amoonguss, M|\n|poke|p1|Iron Hands|\n|poke|p1|Goodra, M|\n|poke|p1|Azumarill, M|\n|poke|p1|Iron Treads|\n|poke|p1|Cramorant, F|\n|poke|p2|Garchomp, F|\n|poke|p2|Slither Wing|\n|poke|p2|Gyarados, M|\n|poke|p2|Moltres-Galar|\n|poke|p2|Tsareena, F|\n|poke|p2|Skeledirge, F|\n|teampreview\n|inactive|Battle timer is ON: inactive players will automatically lose when time's up. (requested by natiakane)\n|c|\u2606natiakane|Bora\n|c|\u2606Abner67|bora\n|\n|t:|1700663139\n|start\n|switch|p1a: Iron Hands|Iron Hands|100\/100\n|switch|p2a: Garchomp|Garchomp, F|100\/100\n|turn|1\n|\n|t:|1700663155\n|switch|p2a: Skeledirge|Skeledirge, F|100\/100\n|-end|p1a: Iron Hands|Quark Drive|[silent]\n|switch|p1a: Cramorant|Cramorant, F|100\/100\n|\n|upkeep\n|turn|2\n|\n|t:|1700663162\n|switch|p2a: Gyarados|Gyarados, M|100\/100\n|move|p1a: Cramorant|Surf|p2a: Gyarados\n|-formechange|p1a: Cramorant|Cramorant-Gulping|\n|-resisted|p2a: Gyarados\n|-damage|p2a: Gyarados|83\/100\n|\n|upkeep\n|turn|3\n|inactive|natiakane has 270 seconds left.\n|\n|t:|1700663198\n|switch|p2a: Moltres|Moltres-Galar|100\/100\n|move|p1a: Cramorant|Hurricane|p2a: Moltres\n|-damage|p2a: Moltres|67\/100\n|-start|p2a: Moltres|confusion\n|\n|upkeep\n|turn|4\n|inactive|natiakane has 270 seconds left.\n|\n|t:|1700663215\n|move|p1a: Cramorant|Ice Beam|p2a: Moltres\n|-supereffective|p2a: Moltres\n|-damage|p2a: Moltres|31\/100\n|-enditem|p2a: Moltres|Weakness Policy\n|-boost|p2a: Moltres|atk|2|[from] item: Weakness Policy\n|-boost|p2a: Moltres|spa|2|[from] item: Weakness Policy\n|-ability|p2a: Moltres|Berserk|boost\n|-boost|p2a: Moltres|spa|1\n|-activate|p2a: Moltres|confusion\n|move|p2a: Moltres|Nasty Plot|p2a: Moltres\n|-boost|p2a: Moltres|spa|2\n|\n|upkeep\n|turn|5\n|\n|t:|1700663230\n|move|p1a: Cramorant|Ice Beam|p2a: Moltres\n|-supereffective|p2a: Moltres\n|-damage|p2a: Moltres|0 fnt\n|faint|p2a: Moltres\n|\n|upkeep\n|\n|t:|1700663233\n|switch|p2a: Slither Wing|Slither Wing|100\/100\n|turn|6\n|j| mmeira\n|\n|t:|1700663245\n|move|p1a: Cramorant|Hurricane|p2a: Slither Wing\n|-supereffective|p2a: Slither Wing\n|-damage|p2a: Slither Wing|0 fnt\n|faint|p2a: Slither Wing\n|-end|p2a: Slither Wing|Protosynthesis|[silent]\n|\n|upkeep\n|c|\u2606natiakane|Eu esqueci\n|c| mmeira|Caralho eu entro no jogo tem uma viol\u00eancia acontecendo\n|inactive|natiakane has 270 seconds left.\n|c|\u2606natiakane|Que hurricane existe\n|c|\u2606natiakane|Por 1 segundo\n|\n|t:|1700663264\n|switch|p2a: Garchomp|Garchomp, F|100\/100\n|turn|7\n|\n|t:|1700663266\n|move|p1a: Cramorant|Ice Beam|p2a: Garchomp\n|-supereffective|p2a: Garchomp\n|-crit|p2a: Garchomp\n|-damage|p2a: Garchomp|0 fnt\n|faint|p2a: Garchomp\n|\n|upkeep\n|c|\u2606Abner67|nati?\n|c|\u2606natiakane|Ai \u00e9 foda\n|inactive|natiakane has 270 seconds left.\n|\n|t:|1700663277\n|switch|p2a: Gyarados|Gyarados, M|83\/100\n|turn|8\n|l| mmeira\n|\n|t:|1700663286\n|switch|p1a: Amoonguss|Amoonguss, M|100\/100\n|move|p2a: Gyarados|Dragon Dance|p2a: Gyarados\n|-boost|p2a: Gyarados|atk|1\n|-boost|p2a: Gyarados|spe|1\n|\n|upkeep\n|turn|9\n|inactive|natiakane has 270 seconds left.\n|\n|t:|1700663302\n|move|p2a: Gyarados|Taunt|p1a: Amoonguss\n|-start|p1a: Amoonguss|move: Taunt\n|cant|p1a: Amoonguss|move: Taunt|Spore\n|\n|upkeep\n|turn|10\n|\n|t:|1700663306\n|move|p2a: Gyarados|Dragon Dance|p2a: Gyarados\n|-boost|p2a: Gyarados|atk|1\n|-boost|p2a: Gyarados|spe|1\n|move|p1a: Amoonguss|Clear Smog|p2a: Gyarados\n|-damage|p2a: Gyarados|68\/100\n|-clearboost|p2a: Gyarados\n|\n|upkeep\n|turn|11\n|\n|t:|1700663309\n|move|p2a: Gyarados|Dragon Dance|p2a: Gyarados\n|-boost|p2a: Gyarados|atk|1\n|-boost|p2a: Gyarados|spe|1\n|move|p1a: Amoonguss|Sludge Bomb|p2a: Gyarados\n|-damage|p2a: Gyarados|39\/100\n|\n|-end|p1a: Amoonguss|move: Taunt\n|upkeep\n|turn|12\n|\n|t:|1700663314\n|move|p2a: Gyarados|Earthquake|p1a: Amoonguss\n|-damage|p1a: Amoonguss|41\/100\n|-damage|p2a: Gyarados|30\/100|[from] item: Life Orb\n|move|p1a: Amoonguss|Clear Smog|p2a: Gyarados\n|-damage|p2a: Gyarados|15\/100\n|-clearboost|p2a: Gyarados\n|\n|upkeep\n|turn|13\n|\n|t:|1700663343\n|switch|p1a: Cramorant|Cramorant, F|100\/100\n|move|p2a: Gyarados|Earthquake|p1a: Cramorant\n|-immune|p1a: Cramorant\n|\n|upkeep\n|turn|14\n|-message|natiakane forfeited.\n|\n|win|Abner67\n|l|\u2606natiakane\n","uploadtime":1700663368,"views":15,"p1id":"abner67","p2id":"natiakane","formatid":"gen9ou","rating":0,"private":0,"password":""}