{"id":"gen9ou-1988423268","p1":"Pokrammer","p2":"IC1","format":"[Gen 9] OU","log":"|j|\u2606Pokrammer\n|j|\u2606IC1\n|t:|1699721345\n|gametype|singles\n|player|p1|Pokrammer|gambler|1162\n|player|p2|IC1|firebreather|1163\n|teamsize|p1|6\n|teamsize|p2|6\n|gen|9\n|tier|[Gen 9] OU\n|rated|\n|rule|Sleep Clause Mod: Limit one foe put to sleep\n|rule|Species Clause: Limit one of each Pok\u00e9mon\n|rule|OHKO Clause: OHKO moves are banned\n|rule|Evasion Items Clause: Evasion items are banned\n|rule|Evasion Moves Clause: Evasion moves are banned\n|rule|Endless Battle Clause: Forcing endless battles is banned\n|rule|HP Percentage Mod: HP is shown in percentages\n|clearpoke\n|poke|p1|Samurott-Hisui, F|\n|poke|p1|Tinkaton, F|\n|poke|p1|Charizard, M|\n|poke|p1|Zapdos-Galar|\n|poke|p1|Ogerpon-Cornerstone, F|\n|poke|p1|Noivern, M|\n|poke|p2|Ogerpon-Wellspring, F|\n|poke|p2|Iron Valiant|\n|poke|p2|Kingambit, F|\n|poke|p2|Cinderace, F|\n|poke|p2|Great Tusk|\n|poke|p2|Dragapult, M|\n|teampreview\n|\n|t:|1699721355\n|start\n|switch|p1a: Tinkaton|Tinkaton, F|100\/100\n|switch|p2a: Ogerpon|Ogerpon-Wellspring, F|100\/100\n|-item|p1a: Tinkaton|Air Balloon\n|turn|1\n|\n|t:|1699721364\n|move|p1a: Tinkaton|Fake Out|p2a: Ogerpon\n|-damage|p2a: Ogerpon|92\/100\n|cant|p2a: Ogerpon|flinch\n|\n|upkeep\n|turn|2\n|\n|t:|1699721369\n|move|p2a: Ogerpon|Swords Dance|p2a: Ogerpon\n|-boost|p2a: Ogerpon|atk|2\n|move|p1a: Tinkaton|Reflect|p1a: Tinkaton\n|-sidestart|p1: Pokrammer|Reflect\n|\n|upkeep\n|turn|3\n|\n|t:|1699721381\n|switch|p1a: Noivern|Noivern, M|100\/100\n|move|p2a: Ogerpon|Ivy Cudgel|p1a: Noivern\n|-resisted|p1a: Noivern\n|-damage|p1a: Noivern|58\/100\n|\n|upkeep\n|turn|4\n|\n|t:|1699721394\n|switch|p2a: Iron Valiant|Iron Valiant|100\/100\n|-enditem|p2a: Iron Valiant|Booster Energy\n|-activate|p2a: Iron Valiant|ability: Quark Drive|[fromitem]\n|-start|p2a: Iron Valiant|quarkdrivespe\n|move|p1a: Noivern|Defog|p2a: Iron Valiant\n|-unboost|p2a: Iron Valiant|evasion|1\n|\n|upkeep\n|turn|5\n|\n|t:|1699721402\n|-terastallize|p2a: Iron Valiant|Steel\n|move|p2a: Iron Valiant|Moonblast|p1a: Noivern\n|-supereffective|p1a: Noivern\n|-damage|p1a: Noivern|0 fnt\n|faint|p1a: Noivern\n|\n|upkeep\n|\n|t:|1699721418\n|switch|p1a: Tinkaton|Tinkaton, F|100\/100\n|-item|p1a: Tinkaton|Air Balloon\n|turn|6\n|\n|t:|1699721435\n|move|p1a: Tinkaton|Fake Out|p2a: Iron Valiant\n|-resisted|p2a: Iron Valiant\n|-damage|p2a: Iron Valiant|96\/100\n|cant|p2a: Iron Valiant|flinch\n|\n|-sideend|p1: Pokrammer|Reflect\n|upkeep\n|turn|7\n|\n|t:|1699721442\n|move|p2a: Iron Valiant|Close Combat|p1a: Tinkaton\n|-damage|p1a: Tinkaton|44\/100\n|-unboost|p2a: Iron Valiant|def|1\n|-unboost|p2a: Iron Valiant|spd|1\n|-enditem|p1a: Tinkaton|Air Balloon\n|move|p1a: Tinkaton|Light Screen|p1a: Tinkaton\n|-sidestart|p1: Pokrammer|move: Light Screen\n|\n|upkeep\n|turn|8\n|\n|t:|1699721454\n|move|p2a: Iron Valiant|Close Combat|p1a: Tinkaton\n|-damage|p1a: Tinkaton|0 fnt\n|-unboost|p2a: Iron Valiant|def|1\n|-unboost|p2a: Iron Valiant|spd|1\n|faint|p1a: Tinkaton\n|\n|upkeep\n|\n|t:|1699721461\n|switch|p1a: Charizard|Charizard, M|100\/100\n|turn|9\n|\n|t:|1699721465\n|move|p2a: Iron Valiant|Moonblast|p1a: Charizard\n|-resisted|p1a: Charizard\n|-damage|p1a: Charizard|85\/100\n|move|p1a: Charizard|Flamethrower|p2a: Iron Valiant\n|-supereffective|p2a: Iron Valiant\n|-damage|p2a: Iron Valiant|0 fnt\n|faint|p2a: Iron Valiant\n|-end|p2a: Iron Valiant|Quark Drive|[silent]\n|\n|upkeep\n|\n|t:|1699721474\n|switch|p2a: Ogerpon|Ogerpon-Wellspring, F|92\/100\n|turn|10\n|\n|t:|1699721490\n|switch|p1a: Zapdos|Zapdos-Galar|100\/100\n|move|p2a: Ogerpon|Ivy Cudgel|p1a: Zapdos\n|-damage|p1a: Zapdos|25\/100\n|\n|upkeep\n|turn|11\n|\n|t:|1699721497\n|move|p2a: Ogerpon|Ivy Cudgel|p1a: Zapdos\n|-damage|p1a: Zapdos|0 fnt\n|faint|p1a: Zapdos\n|\n|-sideend|p1: Pokrammer|move: Light Screen\n|upkeep\n|\n|t:|1699721500\n|switch|p1a: Ogerpon|Ogerpon-Cornerstone, F|100\/100\n|turn|12\n|\n|t:|1699721531\n|move|p2a: Ogerpon|Trailblaze|p1a: Ogerpon\n|-damage|p1a: Ogerpon|53\/100\n|-boost|p2a: Ogerpon|spe|1\n|move|p1a: Ogerpon|Counter|p2a: Ogerpon\n|-damage|p2a: Ogerpon|0 fnt\n|faint|p2a: Ogerpon\n|\n|upkeep\n|\n|t:|1699721561\n|switch|p2a: Cinderace|Cinderace, F|100\/100\n|turn|13\n|\n|t:|1699721581\n|-terastallize|p1a: Ogerpon|Rock\n|detailschange|p1a: Ogerpon|Ogerpon-Cornerstone-Tera, F, tera:Rock\n|-ability|p1a: Ogerpon|Embody Aspect (Cornerstone)|boost\n|-boost|p1a: Ogerpon|def|1\n|move|p2a: Cinderace|Pyro Ball|p1a: Ogerpon\n|-resisted|p1a: Ogerpon\n|-damage|p1a: Ogerpon|29\/100\n|move|p1a: Ogerpon|Ivy Cudgel|p2a: Cinderace\n|-supereffective|p2a: Cinderace\n|-damage|p2a: Cinderace|0 fnt\n|faint|p2a: Cinderace\n|\n|upkeep\n|\n|t:|1699721608\n|switch|p2a: Kingambit|Kingambit, F|100\/100\n|-activate|p2a: Kingambit|ability: Supreme Overlord\n|-start|p2a: Kingambit|fallen3|[silent]\n|turn|14\n|\n|t:|1699721621\n|move|p1a: Ogerpon|Reversal|p2a: Kingambit\n|-supereffective|p2a: Kingambit\n|-damage|p2a: Kingambit|15\/100\n|move|p2a: Kingambit|Iron Head|p1a: Ogerpon\n|-supereffective|p1a: Ogerpon\n|-damage|p1a: Ogerpon|0 fnt\n|faint|p1a: Ogerpon\n|\n|-heal|p2a: Kingambit|22\/100|[from] item: Leftovers\n|upkeep\n|\n|t:|1699721633\n|switch|p1a: Charizard|Charizard, M|85\/100\n|turn|15\n|\n|t:|1699721656\n|move|p2a: Kingambit|Sucker Punch|p1a: Charizard\n|-damage|p1a: Charizard|0 fnt\n|faint|p1a: Charizard\n|\n|-heal|p2a: Kingambit|28\/100|[from] item: Leftovers\n|upkeep\n|\n|t:|1699721661\n|switch|p1a: Samurott|Samurott-Hisui, F|100\/100\n|turn|16\n|\n|t:|1699721688\n|move|p1a: Samurott|Aqua Cutter|p2a: Kingambit\n|-crit|p2a: Kingambit\n|-damage|p2a: Kingambit|0 fnt\n|faint|p2a: Kingambit\n|-end|p2a: Kingambit|fallen3|[silent]\n|\n|upkeep\n|\n|t:|1699721700\n|switch|p2a: Great Tusk|Great Tusk|100\/100\n|-enditem|p2a: Great Tusk|Booster Energy\n|-activate|p2a: Great Tusk|ability: Protosynthesis|[fromitem]\n|-start|p2a: Great Tusk|protosynthesisatk\n|turn|17\n|\n|t:|1699721704\n|move|p1a: Samurott|Aqua Cutter|p2a: Great Tusk\n|-supereffective|p2a: Great Tusk\n|-damage|p2a: Great Tusk|37\/100\n|move|p2a: Great Tusk|Headlong Rush|p1a: Samurott\n|-damage|p1a: Samurott|0 fnt\n|-unboost|p2a: Great Tusk|def|1\n|-unboost|p2a: Great Tusk|spd|1\n|faint|p1a: Samurott\n|\n|win|IC1\n|raw|Pokrammer's rating: 1162 &rarr; <strong>1137<\/strong><br \/>(-25 for losing)\n|raw|IC1's rating: 1163 &rarr; <strong>1188<\/strong><br \/>(+25 for winning)\n|c|\u2606IC1|gg\n|l|\u2606Pokrammer\n","uploadtime":1699721711,"views":17,"p1id":"pokrammer","p2id":"ic1","formatid":"gen9ou","rating":1137,"private":0,"password":""}