{"id":"gen9ou-1997814842","p1":"kookies&kilik","p2":"StickiestEfo","format":"[Gen 9] OU","log":"|j|\u2606kookies&kilik\n|j|\u2606StickiestEfo\n|t:|1700855633\n|gametype|singles\n|player|p1|kookies&kilik|iris-gen5bw2|1176\n|player|p2|StickiestEfo|unknown|1072\n|teamsize|p1|6\n|teamsize|p2|6\n|gen|9\n|tier|[Gen 9] OU\n|rated|\n|rule|Sleep Clause Mod: Limit one foe put to sleep\n|rule|Species Clause: Limit one of each Pok\u00e9mon\n|rule|OHKO Clause: OHKO moves are banned\n|rule|Evasion Items Clause: Evasion items are banned\n|rule|Evasion Moves Clause: Evasion moves are banned\n|rule|Endless Battle Clause: Forcing endless battles is banned\n|rule|HP Percentage Mod: HP is shown in percentages\n|clearpoke\n|poke|p1|Krookodile, M|\n|poke|p1|Tinkaton, F|\n|poke|p1|Rotom-Wash|\n|poke|p1|Arcanine-Hisui, F|\n|poke|p1|Frosmoth, F|\n|poke|p1|Lurantis, F|\n|poke|p2|Walking Wake|\n|poke|p2|Garganacl, M|\n|poke|p2|Ribombee, F|\n|poke|p2|Blissey, F|\n|poke|p2|Jirachi|\n|poke|p2|Meloetta|\n|teampreview\n|inactive|Battle timer is ON: inactive players will automatically lose when time's up. (requested by kookies&kilik)\n|\n|t:|1700855653\n|start\n|switch|p1a: Frosmoth|Frosmoth, F|100\/100\n|switch|p2a: Ribombee|Ribombee, F|100\/100\n|turn|1\n|\n|t:|1700855659\n|move|p2a: Ribombee|Sticky Web|p1a: Frosmoth\n|-sidestart|p1: kookies&kilik|move: Sticky Web\n|move|p1a: Frosmoth|Quiver Dance|p1a: Frosmoth\n|-boost|p1a: Frosmoth|spa|1\n|-boost|p1a: Frosmoth|spd|1\n|-boost|p1a: Frosmoth|spe|1\n|\n|upkeep\n|turn|2\n|\n|t:|1700855670\n|move|p2a: Ribombee|Stun Spore|p1a: Frosmoth\n|-status|p1a: Frosmoth|par\n|move|p1a: Frosmoth|Quiver Dance|p1a: Frosmoth\n|-boost|p1a: Frosmoth|spa|1\n|-boost|p1a: Frosmoth|spd|1\n|-boost|p1a: Frosmoth|spe|1\n|\n|upkeep\n|turn|3\n|\n|t:|1700855678\n|switch|p2a: Garganacl|Garganacl, M|100\/100\n|move|p1a: Frosmoth|Quiver Dance|p1a: Frosmoth\n|-boost|p1a: Frosmoth|spa|1\n|-boost|p1a: Frosmoth|spd|1\n|-boost|p1a: Frosmoth|spe|1\n|\n|upkeep\n|turn|4\n|\n|t:|1700855686\n|move|p1a: Frosmoth|Giga Drain|p2a: Garganacl\n|-supereffective|p2a: Garganacl\n|-damage|p2a: Garganacl|0 fnt\n|faint|p2a: Garganacl\n|\n|upkeep\n|c|\u2606StickiestEfo|Oop\n|\n|t:|1700855695\n|switch|p2a: Blissey|Blissey, F|100\/100\n|turn|5\n|\n|t:|1700855702\n|cant|p1a: Frosmoth|par\n|move|p2a: Blissey|Ice Beam|p1a: Frosmoth\n|-resisted|p1a: Frosmoth\n|-damage|p1a: Frosmoth|97\/100 par\n|\n|upkeep\n|turn|6\n|\n|t:|1700855710\n|cant|p1a: Frosmoth|par\n|move|p2a: Blissey|Chilling Water|p1a: Frosmoth\n|-damage|p1a: Frosmoth|94\/100 par\n|-unboost|p1a: Frosmoth|atk|1\n|\n|upkeep\n|turn|7\n|\n|t:|1700855728\n|move|p1a: Frosmoth|Quiver Dance|p1a: Frosmoth\n|-boost|p1a: Frosmoth|spa|1\n|-boost|p1a: Frosmoth|spd|1\n|-boost|p1a: Frosmoth|spe|1\n|move|p2a: Blissey|Chilling Water|p1a: Frosmoth\n|-damage|p1a: Frosmoth|91\/100 par\n|-unboost|p1a: Frosmoth|atk|1\n|\n|upkeep\n|turn|8\n|\n|t:|1700855739\n|switch|p2a: Jirachi|Jirachi|100\/100\n|move|p1a: Frosmoth|Quiver Dance|p1a: Frosmoth\n|-boost|p1a: Frosmoth|spa|1\n|-boost|p1a: Frosmoth|spd|1\n|-boost|p1a: Frosmoth|spe|1\n|\n|upkeep\n|turn|9\n|\n|t:|1700855751\n|cant|p1a: Frosmoth|par\n|move|p2a: Jirachi|Iron Head|p1a: Frosmoth\n|-supereffective|p1a: Frosmoth\n|-damage|p1a: Frosmoth|0 fnt\n|faint|p1a: Frosmoth\n|\n|upkeep\n|\n|t:|1700855754\n|switch|p1a: Lurantis|Lurantis, F|100\/100\n|-activate|p1a: Lurantis|move: Sticky Web\n|-boost|p1a: Lurantis|spe|1\n|turn|10\n|\n|t:|1700855763\n|move|p2a: Jirachi|Ice Punch|p1a: Lurantis\n|-supereffective|p1a: Lurantis\n|-damage|p1a: Lurantis|60\/100\n|move|p1a: Lurantis|Superpower|p2a: Jirachi\n|-damage|p2a: Jirachi|67\/100\n|-boost|p1a: Lurantis|atk|1\n|-boost|p1a: Lurantis|def|1\n|\n|-heal|p2a: Jirachi|73\/100|[from] item: Leftovers\n|upkeep\n|turn|11\n|\n|t:|1700855773\n|move|p2a: Jirachi|Ice Punch|p1a: Lurantis\n|-supereffective|p1a: Lurantis\n|-damage|p1a: Lurantis|36\/100\n|-status|p1a: Lurantis|frz\n|cant|p1a: Lurantis|frz\n|\n|-heal|p2a: Jirachi|79\/100|[from] item: Leftovers\n|upkeep\n|turn|12\n|\n|t:|1700855783\n|move|p2a: Jirachi|Ice Punch|p1a: Lurantis\n|-supereffective|p1a: Lurantis\n|-damage|p1a: Lurantis|10\/100 frz\n|-curestatus|p1a: Lurantis|frz|[msg]\n|move|p1a: Lurantis|Superpower|p2a: Jirachi\n|-damage|p2a: Jirachi|30\/100\n|-boost|p1a: Lurantis|atk|1\n|-boost|p1a: Lurantis|def|1\n|\n|-heal|p2a: Jirachi|36\/100|[from] item: Leftovers\n|upkeep\n|turn|13\n|\n|t:|1700855794\n|move|p2a: Jirachi|Ice Punch|p1a: Lurantis\n|-supereffective|p1a: Lurantis\n|-damage|p1a: Lurantis|0 fnt\n|faint|p1a: Lurantis\n|\n|-heal|p2a: Jirachi|42\/100|[from] item: Leftovers\n|upkeep\n|\n|t:|1700855799\n|switch|p1a: Rotom|Rotom-Wash|100\/100\n|turn|14\n|\n|t:|1700855810\n|move|p1a: Rotom|Volt Switch|p2a: Jirachi\n|-damage|p2a: Jirachi|18\/100\n|\n|t:|1700855813\n|switch|p1a: Krookodile|Krookodile, M|100\/100|[from] Volt Switch\n|-activate|p1a: Krookodile|move: Sticky Web\n|-unboost|p1a: Krookodile|spe|1\n|-ability|p1a: Krookodile|Intimidate|boost\n|-unboost|p2a: Jirachi|atk|1\n|move|p2a: Jirachi|Iron Head|p1a: Krookodile\n|-damage|p1a: Krookodile|78\/100\n|\n|-heal|p2a: Jirachi|24\/100|[from] item: Leftovers\n|upkeep\n|turn|15\n|\n|t:|1700855824\n|move|p2a: Jirachi|Ice Punch|p1a: Krookodile\n|-supereffective|p1a: Krookodile\n|-damage|p1a: Krookodile|50\/100\n|move|p1a: Krookodile|Knock Off|p2a: Jirachi\n|-supereffective|p2a: Jirachi\n|-damage|p2a: Jirachi|0 fnt\n|-enditem|p2a: Jirachi|Leftovers|[from] move: Knock Off|[of] p1a: Krookodile\n|faint|p2a: Jirachi\n|\n|upkeep\n|\n|t:|1700855836\n|switch|p2a: Blissey|Blissey, F|100\/100\n|turn|16\n|\n|t:|1700855840\n|move|p1a: Krookodile|Knock Off|p2a: Blissey\n|-damage|p2a: Blissey|0 fnt\n|-enditem|p2a: Blissey|Leftovers|[from] move: Knock Off|[of] p1a: Krookodile\n|faint|p2a: Blissey\n|\n|upkeep\n|\n|t:|1700855845\n|switch|p2a: Ribombee|Ribombee, F|100\/100\n|turn|17\n|\n|t:|1700855854\n|switch|p1a: Tinkaton|Tinkaton, F|100\/100\n|-activate|p1a: Tinkaton|move: Sticky Web\n|-unboost|p1a: Tinkaton|spe|1\n|move|p2a: Ribombee|Energy Ball|p1a: Tinkaton\n|-resisted|p1a: Tinkaton\n|-damage|p1a: Tinkaton|86\/100\n|\n|-heal|p1a: Tinkaton|92\/100|[from] item: Leftovers\n|upkeep\n|turn|18\n|\n|t:|1700855869\n|move|p1a: Tinkaton|Fake Out|p2a: Ribombee\n|-damage|p2a: Ribombee|81\/100\n|move|p2a: Ribombee|Stun Spore|p1a: Tinkaton\n|-status|p1a: Tinkaton|par\n|\n|-heal|p1a: Tinkaton|99\/100 par|[from] item: Leftovers\n|upkeep\n|turn|19\n|\n|t:|1700855891\n|move|p2a: Ribombee|Draining Kiss|p1a: Tinkaton\n|-resisted|p1a: Tinkaton\n|-damage|p1a: Tinkaton|88\/100 par\n|-heal|p2a: Ribombee|91\/100|[from] drain|[of] p1a: Tinkaton\n|cant|p1a: Tinkaton|par\n|\n|-heal|p1a: Tinkaton|94\/100 par|[from] item: Leftovers\n|upkeep\n|turn|20\n|\n|t:|1700855903\n|switch|p2a: Walking Wake|Walking Wake|100\/100\n|move|p1a: Tinkaton|Gigaton Hammer|p2a: Walking Wake\n|-resisted|p2a: Walking Wake\n|-damage|p2a: Walking Wake|70\/100\n|\n|-heal|p2a: Walking Wake|77\/100|[from] item: Leftovers\n|-heal|p1a: Tinkaton|99\/100 par|[from] item: Leftovers\n|upkeep\n|turn|21\n|\n|t:|1700855914\n|-end|p2a: Walking Wake|Protosynthesis|[silent]\n|switch|p2a: Meloetta|Meloetta|100\/100\n|move|p1a: Tinkaton|Play Rough|p2a: Meloetta|[miss]\n|-miss|p1a: Tinkaton|p2a: Meloetta\n|\n|-heal|p1a: Tinkaton|100\/100 par|[from] item: Leftovers\n|upkeep\n|turn|22\n|\n|t:|1700855924\n|switch|p1a: Krookodile|Krookodile, M|50\/100\n|-activate|p1a: Krookodile|move: Sticky Web\n|-unboost|p1a: Krookodile|spe|1\n|-ability|p1a: Krookodile|Intimidate|boost\n|-unboost|p2a: Meloetta|atk|1\n|move|p2a: Meloetta|Swords Dance|p2a: Meloetta\n|-boost|p2a: Meloetta|atk|2\n|\n|upkeep\n|turn|23\n|\n|t:|1700855933\n|move|p1a: Krookodile|Knock Off|p2a: Meloetta\n|-supereffective|p2a: Meloetta\n|-crit|p2a: Meloetta\n|-damage|p2a: Meloetta|0 fnt\n|-enditem|p2a: Meloetta|Leftovers|[from] move: Knock Off|[of] p1a: Krookodile\n|faint|p2a: Meloetta\n|\n|upkeep\n|\n|t:|1700855942\n|switch|p2a: Walking Wake|Walking Wake|77\/100\n|turn|24\n|\n|t:|1700855947\n|move|p2a: Walking Wake|Dragon Dance|p2a: Walking Wake\n|-boost|p2a: Walking Wake|atk|1\n|-boost|p2a: Walking Wake|spe|1\n|move|p1a: Krookodile|Knock Off|p2a: Walking Wake\n|-damage|p2a: Walking Wake|21\/100\n|-enditem|p2a: Walking Wake|Leftovers|[from] move: Knock Off|[of] p1a: Krookodile\n|\n|upkeep\n|turn|25\n|\n|t:|1700855955\n|move|p2a: Walking Wake|Hydro Steam|p1a: Krookodile\n|-supereffective|p1a: Krookodile\n|-damage|p1a: Krookodile|0 fnt\n|faint|p1a: Krookodile\n|\n|upkeep\n|\n|t:|1700855958\n|switch|p1a: Tinkaton|Tinkaton, F|100\/100 par\n|-activate|p1a: Tinkaton|move: Sticky Web\n|-unboost|p1a: Tinkaton|spe|1\n|turn|26\n|\n|t:|1700855964\n|move|p1a: Tinkaton|Fake Out|p2a: Walking Wake\n|-damage|p2a: Walking Wake|10\/100\n|cant|p2a: Walking Wake|flinch\n|\n|upkeep\n|turn|27\n|\n|t:|1700855970\n|switch|p1a: Rotom|Rotom-Wash|100\/100\n|move|p2a: Walking Wake|Flamethrower|p1a: Rotom\n|-resisted|p1a: Rotom\n|-damage|p1a: Rotom|79\/100\n|-status|p1a: Rotom|brn\n|\n|-damage|p1a: Rotom|73\/100 brn|[from] brn\n|upkeep\n|turn|28\n|\n|t:|1700855979\n|move|p2a: Walking Wake|Dragon Pulse|p1a: Rotom\n|-damage|p1a: Rotom|12\/100 brn\n|move|p1a: Rotom|Volt Switch|p2a: Walking Wake\n|-damage|p2a: Walking Wake|0 fnt\n|faint|p2a: Walking Wake\n|-end|p2a: Walking Wake|Protosynthesis|[silent]\n|\n|t:|1700855984\n|switch|p1a: Arcanine|Arcanine-Hisui, F|100\/100|[from] Volt Switch\n|-activate|p1a: Arcanine|move: Sticky Web\n|-unboost|p1a: Arcanine|spe|1\n|\n|upkeep\n|\n|t:|1700855991\n|switch|p2a: Ribombee|Ribombee, F|91\/100\n|turn|29\n|\n|t:|1700855994\n|move|p1a: Arcanine|Extreme Speed|p2a: Ribombee\n|-damage|p2a: Ribombee|20\/100\n|-damage|p1a: Arcanine|91\/100|[from] item: Life Orb\n|move|p2a: Ribombee|Stun Spore|p1a: Arcanine\n|-status|p1a: Arcanine|par\n|\n|upkeep\n|turn|30\n|\n|t:|1700856002\n|move|p1a: Arcanine|Extreme Speed|p2a: Ribombee\n|-damage|p2a: Ribombee|0 fnt\n|faint|p2a: Ribombee\n|-damage|p1a: Arcanine|81\/100 par|[from] item: Life Orb\n|\n|win|kookies&kilik\n|raw|kookies&amp;kilik's rating: 1176 &rarr; <strong>1194<\/strong><br \/>(+18 for winning)\n|raw|StickiestEfo's rating: 1072 &rarr; <strong>1057<\/strong><br \/>(-15 for losing)\n","uploadtime":1700856006,"views":6,"p1id":"kookieskilik","p2id":"stickiestefo","formatid":"gen9ou","rating":1057,"private":0,"password":""}