{"id":"gen9ou-1988235471","p1":"gaypride13","p2":"yyysneasel","format":"[Gen 9] OU","log":"|j|\u2606gaypride13\n|j|\u2606yyysneasel\n|t:|1699691187\n|gametype|singles\n|player|p1|gaypride13|swimmer-gen4dp|1678\n|player|p2|yyysneasel|bugcatcher-gen4dp|1722\n|teamsize|p1|6\n|teamsize|p2|6\n|gen|9\n|tier|[Gen 9] OU\n|rated|\n|rule|Sleep Clause Mod: Limit one foe put to sleep\n|rule|Species Clause: Limit one of each Pok\u00e9mon\n|rule|OHKO Clause: OHKO moves are banned\n|rule|Evasion Items Clause: Evasion items are banned\n|rule|Evasion Moves Clause: Evasion moves are banned\n|rule|Endless Battle Clause: Forcing endless battles is banned\n|rule|HP Percentage Mod: HP is shown in percentages\n|clearpoke\n|poke|p1|Garganacl, M|\n|poke|p1|Cinderace, M|\n|poke|p1|Great Tusk|\n|poke|p1|Slowking-Galar, M|\n|poke|p1|Rillaboom, M|\n|poke|p1|Samurott-Hisui, M|\n|poke|p2|Tornadus-Therian, M|\n|poke|p2|Gliscor, M|\n|poke|p2|Dondozo, M|\n|poke|p2|Slowking-Galar, M|\n|poke|p2|Blissey, F|\n|poke|p2|Clefable, F|\n|teampreview\n|inactive|Battle timer is ON: inactive players will automatically lose when time's up. (requested by gaypride13)\n|\n|t:|1699691234\n|start\n|switch|p1a: Samurott|Samurott-Hisui, M|100\/100\n|switch|p2a: stannin on bihness|Gliscor, M|100\/100\n|turn|1\n|\n|t:|1699691238\n|move|p2a: stannin on bihness|Protect|p2a: stannin on bihness\n|-singleturn|p2a: stannin on bihness|Protect\n|move|p1a: Samurott|Swords Dance|p1a: Samurott\n|-boost|p1a: Samurott|atk|2\n|\n|-status|p2a: stannin on bihness|tox|[from] item: Toxic Orb\n|upkeep\n|turn|2\n|\n|t:|1699691243\n|switch|p2a: Ripbozo \ud83d\ude02 \ud83d\ude02|Dondozo, M|100\/100\n|move|p1a: Samurott|Aqua Cutter|p2a: Ripbozo \ud83d\ude02 \ud83d\ude02\n|-resisted|p2a: Ripbozo \ud83d\ude02 \ud83d\ude02\n|-damage|p2a: Ripbozo \ud83d\ude02 \ud83d\ude02|90\/100\n|\n|-heal|p2a: Ripbozo \ud83d\ude02 \ud83d\ude02|96\/100|[from] item: Leftovers\n|upkeep\n|turn|3\n|\n|t:|1699691247\n|move|p1a: Samurott|Ceaseless Edge|p2a: Ripbozo \ud83d\ude02 \ud83d\ude02\n|-damage|p2a: Ripbozo \ud83d\ude02 \ud83d\ude02|75\/100\n|-sidestart|p2: yyysneasel|Spikes\n|move|p2a: Ripbozo \ud83d\ude02 \ud83d\ude02|Curse|p2a: Ripbozo \ud83d\ude02 \ud83d\ude02\n|-unboost|p2a: Ripbozo \ud83d\ude02 \ud83d\ude02|spe|1\n|-boost|p2a: Ripbozo \ud83d\ude02 \ud83d\ude02|atk|1\n|-boost|p2a: Ripbozo \ud83d\ude02 \ud83d\ude02|def|1\n|\n|-heal|p2a: Ripbozo \ud83d\ude02 \ud83d\ude02|82\/100|[from] item: Leftovers\n|upkeep\n|turn|4\n|\n|t:|1699691266\n|switch|p1a: Rillaboom|Rillaboom, M|100\/100\n|-fieldstart|move: Grassy Terrain|[from] ability: Grassy Surge|[of] p1a: Rillaboom\n|move|p2a: Ripbozo \ud83d\ude02 \ud83d\ude02|Curse|p2a: Ripbozo \ud83d\ude02 \ud83d\ude02\n|-unboost|p2a: Ripbozo \ud83d\ude02 \ud83d\ude02|spe|1\n|-boost|p2a: Ripbozo \ud83d\ude02 \ud83d\ude02|atk|1\n|-boost|p2a: Ripbozo \ud83d\ude02 \ud83d\ude02|def|1\n|\n|-heal|p2a: Ripbozo \ud83d\ude02 \ud83d\ude02|88\/100|[from] Grassy Terrain\n|-heal|p2a: Ripbozo \ud83d\ude02 \ud83d\ude02|94\/100|[from] item: Leftovers\n|upkeep\n|turn|5\n|\n|t:|1699691271\n|move|p1a: Rillaboom|Wood Hammer|p2a: Ripbozo \ud83d\ude02 \ud83d\ude02\n|-supereffective|p2a: Ripbozo \ud83d\ude02 \ud83d\ude02\n|-crit|p2a: Ripbozo \ud83d\ude02 \ud83d\ude02\n|-damage|p2a: Ripbozo \ud83d\ude02 \ud83d\ude02|0 fnt\n|faint|p2a: Ripbozo \ud83d\ude02 \ud83d\ude02\n|-damage|p1a: Rillaboom|55\/100|[from] Recoil\n|\n|-heal|p1a: Rillaboom|61\/100|[from] Grassy Terrain\n|upkeep\n|c|\u2606yyysneasel|thats totally fair\n|\n|t:|1699691280\n|switch|p2a: FreePalestine\ud83c\uddf5\ud83c\uddf8|Tornadus-Therian, M|100\/100\n|turn|6\n|\n|t:|1699691293\n|switch|p1a: Slowking|Slowking-Galar, M|100\/100\n|move|p2a: FreePalestine\ud83c\uddf5\ud83c\uddf8|Knock Off|p1a: Slowking\n|-supereffective|p1a: Slowking\n|-damage|p1a: Slowking|52\/100\n|-enditem|p1a: Slowking|Black Sludge|[from] move: Knock Off|[of] p2a: FreePalestine\ud83c\uddf5\ud83c\uddf8\n|\n|-heal|p1a: Slowking|58\/100|[from] Grassy Terrain\n|upkeep\n|turn|7\n|\n|t:|1699691301\n|move|p2a: FreePalestine\ud83c\uddf5\ud83c\uddf8|Knock Off|p1a: Slowking\n|-supereffective|p1a: Slowking\n|-damage|p1a: Slowking|24\/100\n|move|p1a: Slowking|Future Sight|p2a: FreePalestine\ud83c\uddf5\ud83c\uddf8\n|-start|p1a: Slowking|move: Future Sight\n|\n|-heal|p1a: Slowking|30\/100|[from] Grassy Terrain\n|upkeep\n|turn|8\n|j| Shedtailhater\n|\n|t:|1699691315\n|switch|p1a: Samurott|Samurott-Hisui, M|100\/100\n|move|p2a: FreePalestine\ud83c\uddf5\ud83c\uddf8|Knock Off|p1a: Samurott\n|-resisted|p1a: Samurott\n|-damage|p1a: Samurott|89\/100\n|-enditem|p1a: Samurott|Focus Sash|[from] move: Knock Off|[of] p2a: FreePalestine\ud83c\uddf5\ud83c\uddf8\n|\n|-heal|p1a: Samurott|95\/100|[from] Grassy Terrain\n|-fieldend|move: Grassy Terrain\n|upkeep\n|turn|9\n|\n|t:|1699691324\n|move|p2a: FreePalestine\ud83c\uddf5\ud83c\uddf8|U-turn|p1a: Samurott\n|-supereffective|p1a: Samurott\n|-crit|p1a: Samurott\n|-damage|p1a: Samurott|36\/100\n|\n|t:|1699691327\n|switch|p2a: Blissey|Blissey, F|100\/100|[from] U-turn\n|move|p1a: Samurott|Ceaseless Edge|p2a: Blissey\n|-damage|p2a: Blissey|60\/100\n|-sidestart|p2: yyysneasel|Spikes\n|\n|-end|p2a: Blissey|move: Future Sight\n|-damage|p2a: Blissey|38\/100\n|upkeep\n|turn|10\n|\n|t:|1699691339\n|move|p1a: Samurott|Aqua Cutter|p2a: Blissey\n|-damage|p2a: Blissey|0 fnt\n|faint|p2a: Blissey\n|\n|upkeep\n|\n|t:|1699691341\n|switch|p2a: FreePalestine\ud83c\uddf5\ud83c\uddf8|Tornadus-Therian, M|100\/100\n|turn|11\n|\n|t:|1699691349\n|move|p2a: FreePalestine\ud83c\uddf5\ud83c\uddf8|Bleakwind Storm|p1a: Samurott\n|-damage|p1a: Samurott|0 fnt\n|faint|p1a: Samurott\n|\n|upkeep\n|\n|t:|1699691353\n|switch|p1a: Slowking|Slowking-Galar, M|63\/100\n|turn|12\n|\n|t:|1699691361\n|move|p2a: FreePalestine\ud83c\uddf5\ud83c\uddf8|Knock Off|p1a: Slowking\n|-supereffective|p1a: Slowking\n|-damage|p1a: Slowking|30\/100\n|move|p1a: Slowking|Chilly Reception|p1a: Slowking\n|-weather|Snow\n|\n|t:|1699691366\n|switch|p1a: GOAT|Garganacl, M|100\/100|[from] Chilly Reception\n|\n|-weather|Snow|[upkeep]\n|upkeep\n|turn|13\n|\n|t:|1699691375\n|move|p2a: FreePalestine\ud83c\uddf5\ud83c\uddf8|U-turn|p1a: GOAT\n|-damage|p1a: GOAT|92\/100\n|\n|t:|1699691376\n|switch|p2a: Slowking|Slowking-Galar, M|100\/100|[from] U-turn\n|-damage|p2a: Slowking|84\/100|[from] Spikes\n|move|p1a: GOAT|Salt Cure|p2a: Slowking\n|-damage|p2a: Slowking|66\/100\n|-start|p2a: Slowking|Salt Cure\n|\n|-weather|Snow|[upkeep]\n|-heal|p1a: GOAT|98\/100|[from] item: Leftovers\n|-damage|p2a: Slowking|53\/100|[from] Salt Cure\n|upkeep\n|turn|14\n|\n|t:|1699691380\n|switch|p1a: Slowking|Slowking-Galar, M|64\/100\n|move|p2a: Slowking|Trick|p1a: Slowking\n|-activate|p2a: Slowking|move: Trick|[of] p1a: Slowking\n|-item|p1a: Slowking|Choice Scarf|[from] move: Trick\n|-enditem|p2a: Slowking|Choice Scarf|[silent]|[from] move: Trick\n|\n|-weather|Snow|[upkeep]\n|-damage|p2a: Slowking|41\/100|[from] Salt Cure\n|upkeep\n|turn|15\n|\n|t:|1699691390\n|move|p2a: Slowking|Future Sight|p1a: Slowking\n|-start|p2a: Slowking|move: Future Sight\n|move|p1a: Slowking|Future Sight|p2a: Slowking\n|-start|p1a: Slowking|move: Future Sight\n|\n|-weather|Snow|[upkeep]\n|-damage|p2a: Slowking|29\/100|[from] Salt Cure\n|upkeep\n|turn|16\n|\n|t:|1699691394\n|switch|p2a: FreePalestine\ud83c\uddf5\ud83c\uddf8|Tornadus-Therian, M|100\/100\n|switch|p1a: GOAT|Garganacl, M|98\/100\n|\n|-weather|none\n|-heal|p1a: GOAT|100\/100|[from] item: Leftovers\n|upkeep\n|turn|17\n|\n|t:|1699691401\n|switch|p1a: Slowking|Slowking-Galar, M|97\/100\n|move|p2a: FreePalestine\ud83c\uddf5\ud83c\uddf8|U-turn|p1a: Slowking\n|-damage|p1a: Slowking|79\/100\n|\n|t:|1699691406\n|switch|p2a: Clefable|Clefable, F|100\/100|[from] U-turn\n|-damage|p2a: Clefable|84\/100|[from] Spikes\n|\n|-end|p2a: Clefable|move: Future Sight\n|-damage|p2a: Clefable|41\/100\n|-end|p1a: Slowking|move: Future Sight\n|-damage|p1a: Slowking|42\/100\n|-heal|p2a: Clefable|47\/100|[from] item: Leftovers\n|upkeep\n|turn|18\n|\n|t:|1699691417\n|move|p2a: Clefable|Protect|p2a: Clefable\n|-singleturn|p2a: Clefable|Protect\n|move|p1a: Slowking|Future Sight|p2a: Clefable\n|-start|p1a: Slowking|move: Future Sight\n|\n|-heal|p2a: Clefable|53\/100|[from] item: Leftovers\n|upkeep\n|turn|19\n|\n|t:|1699691425\n|switch|p1a: Cinderace|Cinderace, M|100\/100\n|move|p2a: Clefable|Wish|p2a: Clefable\n|\n|-heal|p2a: Clefable|59\/100|[from] item: Leftovers\n|upkeep\n|turn|20\n|\n|t:|1699691431\n|move|p2a: Clefable|Protect|p2a: Clefable\n|-singleturn|p2a: Clefable|Protect\n|move|p1a: Cinderace|Pyro Ball|p2a: Clefable\n|-activate|p2a: Clefable|move: Protect\n|\n|-end|p2a: Clefable|move: Future Sight\n|-damage|p2a: Clefable|14\/100\n|-heal|p2a: Clefable|64\/100|[from] move: Wish|[wisher] Clefable\n|-heal|p2a: Clefable|71\/100|[from] item: Leftovers\n|upkeep\n|turn|21\n|\n|t:|1699691439\n|switch|p2a: stannin on bihness|Gliscor, M|100\/100 tox\n|move|p1a: Cinderace|Pyro Ball|p2a: stannin on bihness\n|-damage|p2a: stannin on bihness|67\/100 tox\n|\n|-heal|p2a: stannin on bihness|79\/100 tox|[from] ability: Poison Heal\n|upkeep\n|turn|22\n|\n|t:|1699691444\n|move|p1a: Cinderace|U-turn|p2a: stannin on bihness\n|-start|p1a: Cinderace|typechange|Bug|[from] ability: Libero\n|-resisted|p2a: stannin on bihness\n|-damage|p2a: stannin on bihness|68\/100 tox\n|\n|t:|1699691447\n|switch|p1a: GOAT|Garganacl, M|100\/100|[from] U-turn\n|move|p2a: stannin on bihness|Earthquake|p1a: GOAT\n|-supereffective|p1a: GOAT\n|-damage|p1a: GOAT|59\/100\n|\n|-heal|p1a: GOAT|66\/100|[from] item: Leftovers\n|-heal|p2a: stannin on bihness|80\/100 tox|[from] ability: Poison Heal\n|upkeep\n|turn|23\n|\n|t:|1699691454\n|move|p2a: stannin on bihness|Substitute|p2a: stannin on bihness\n|-start|p2a: stannin on bihness|Substitute\n|-damage|p2a: stannin on bihness|56\/100 tox\n|move|p1a: GOAT|Iron Defense|p1a: GOAT\n|-boost|p1a: GOAT|def|2\n|\n|-heal|p1a: GOAT|72\/100|[from] item: Leftovers\n|-heal|p2a: stannin on bihness|68\/100 tox|[from] ability: Poison Heal\n|upkeep\n|turn|24\n|\n|t:|1699691459\n|move|p2a: stannin on bihness|Earthquake|p1a: GOAT\n|-supereffective|p1a: GOAT\n|-damage|p1a: GOAT|51\/100\n|move|p1a: GOAT|Iron Defense|p1a: GOAT\n|-boost|p1a: GOAT|def|2\n|\n|-heal|p1a: GOAT|57\/100|[from] item: Leftovers\n|-heal|p2a: stannin on bihness|80\/100 tox|[from] ability: Poison Heal\n|upkeep\n|turn|25\n|\n|t:|1699691464\n|move|p2a: stannin on bihness|Earthquake|p1a: GOAT\n|-supereffective|p1a: GOAT\n|-damage|p1a: GOAT|44\/100\n|move|p1a: GOAT|Iron Defense|p1a: GOAT\n|-boost|p1a: GOAT|def|2\n|\n|-heal|p1a: GOAT|50\/100|[from] item: Leftovers\n|-heal|p2a: stannin on bihness|93\/100 tox|[from] ability: Poison Heal\n|upkeep\n|turn|26\n|\n|t:|1699691469\n|move|p2a: stannin on bihness|Earthquake|p1a: GOAT\n|-supereffective|p1a: GOAT\n|-damage|p1a: GOAT|39\/100\n|move|p1a: GOAT|Recover|p1a: GOAT\n|-heal|p1a: GOAT|89\/100\n|\n|-heal|p1a: GOAT|95\/100|[from] item: Leftovers\n|-heal|p2a: stannin on bihness|100\/100 tox|[from] ability: Poison Heal\n|upkeep\n|turn|27\n|\n|t:|1699691474\n|move|p2a: stannin on bihness|Earthquake|p1a: GOAT\n|-supereffective|p1a: GOAT\n|-damage|p1a: GOAT|83\/100\n|move|p1a: GOAT|Body Press|p2a: stannin on bihness\n|-resisted|p2a: stannin on bihness\n|-end|p2a: stannin on bihness|Substitute\n|\n|-heal|p1a: GOAT|89\/100|[from] item: Leftovers\n|upkeep\n|turn|28\n|\n|t:|1699691476\n|move|p2a: stannin on bihness|Substitute|p2a: stannin on bihness\n|-start|p2a: stannin on bihness|Substitute\n|-damage|p2a: stannin on bihness|76\/100 tox\n|move|p1a: GOAT|Body Press|p2a: stannin on bihness\n|-resisted|p2a: stannin on bihness\n|-end|p2a: stannin on bihness|Substitute\n|\n|-heal|p1a: GOAT|95\/100|[from] item: Leftovers\n|-heal|p2a: stannin on bihness|88\/100 tox|[from] ability: Poison Heal\n|upkeep\n|turn|29\n|\n|t:|1699691480\n|move|p2a: stannin on bihness|Protect|p2a: stannin on bihness\n|-singleturn|p2a: stannin on bihness|Protect\n|move|p1a: GOAT|Body Press|p2a: stannin on bihness\n|-activate|p2a: stannin on bihness|move: Protect\n|\n|-heal|p1a: GOAT|100\/100|[from] item: Leftovers\n|-heal|p2a: stannin on bihness|100\/100 tox|[from] ability: Poison Heal\n|upkeep\n|turn|30\n|\n|t:|1699691483\n|move|p2a: stannin on bihness|Substitute|p2a: stannin on bihness\n|-start|p2a: stannin on bihness|Substitute\n|-damage|p2a: stannin on bihness|76\/100 tox\n|move|p1a: GOAT|Body Press|p2a: stannin on bihness\n|-resisted|p2a: stannin on bihness\n|-end|p2a: stannin on bihness|Substitute\n|\n|-heal|p2a: stannin on bihness|88\/100 tox|[from] ability: Poison Heal\n|upkeep\n|turn|31\n|\n|t:|1699691487\n|move|p2a: stannin on bihness|Substitute|p2a: stannin on bihness\n|-start|p2a: stannin on bihness|Substitute\n|-damage|p2a: stannin on bihness|63\/100 tox\n|move|p1a: GOAT|Salt Cure|p2a: stannin on bihness\n|-activate|p2a: stannin on bihness|move: Substitute|[damage]\n|\n|-heal|p2a: stannin on bihness|76\/100 tox|[from] ability: Poison Heal\n|upkeep\n|turn|32\n|\n|t:|1699691490\n|move|p2a: stannin on bihness|Earthquake|p1a: GOAT\n|-supereffective|p1a: GOAT\n|-damage|p1a: GOAT|90\/100\n|move|p1a: GOAT|Body Press|p2a: stannin on bihness\n|-resisted|p2a: stannin on bihness\n|-end|p2a: stannin on bihness|Substitute\n|\n|-heal|p1a: GOAT|96\/100|[from] item: Leftovers\n|-heal|p2a: stannin on bihness|88\/100 tox|[from] ability: Poison Heal\n|upkeep\n|turn|33\n|\n|t:|1699691496\n|move|p2a: stannin on bihness|Substitute|p2a: stannin on bihness\n|-start|p2a: stannin on bihness|Substitute\n|-damage|p2a: stannin on bihness|63\/100 tox\n|move|p1a: GOAT|Body Press|p2a: stannin on bihness\n|-resisted|p2a: stannin on bihness\n|-end|p2a: stannin on bihness|Substitute\n|\n|-heal|p1a: GOAT|100\/100|[from] item: Leftovers\n|-heal|p2a: stannin on bihness|76\/100 tox|[from] ability: Poison Heal\n|upkeep\n|turn|34\n|\n|t:|1699691503\n|move|p2a: stannin on bihness|Protect|p2a: stannin on bihness\n|-singleturn|p2a: stannin on bihness|Protect\n|move|p1a: GOAT|Salt Cure|p2a: stannin on bihness\n|-activate|p2a: stannin on bihness|move: Protect\n|\n|-heal|p2a: stannin on bihness|88\/100 tox|[from] ability: Poison Heal\n|upkeep\n|turn|35\n|\n|t:|1699691509\n|switch|p2a: Clefable|Clefable, F|71\/100\n|-damage|p2a: Clefable|54\/100|[from] Spikes\n|move|p1a: GOAT|Body Press|p2a: Clefable\n|-resisted|p2a: Clefable\n|-damage|p2a: Clefable|37\/100\n|\n|-heal|p2a: Clefable|43\/100|[from] item: Leftovers\n|upkeep\n|turn|36\n|\n|t:|1699691514\n|move|p2a: Clefable|Wish|p2a: Clefable\n|move|p1a: GOAT|Salt Cure|p2a: Clefable\n|-damage|p2a: Clefable|28\/100\n|-start|p2a: Clefable|Salt Cure\n|\n|-heal|p2a: Clefable|34\/100|[from] item: Leftovers\n|-damage|p2a: Clefable|22\/100|[from] Salt Cure\n|upkeep\n|turn|37\n|\n|t:|1699691519\n|switch|p1a: Slowking|Slowking-Galar, M|75\/100\n|move|p2a: Clefable|Knock Off|p1a: Slowking\n|-supereffective|p1a: Slowking\n|-damage|p1a: Slowking|33\/100\n|-enditem|p1a: Slowking|Choice Scarf|[from] move: Knock Off|[of] p2a: Clefable\n|\n|-heal|p2a: Clefable|72\/100|[from] move: Wish|[wisher] Clefable\n|-heal|p2a: Clefable|78\/100|[from] item: Leftovers\n|-damage|p2a: Clefable|65\/100|[from] Salt Cure\n|upkeep\n|turn|38\n|\n|t:|1699691533\n|move|p2a: Clefable|Knock Off|p1a: Slowking\n|-supereffective|p1a: Slowking\n|-damage|p1a: Slowking|6\/100\n|move|p1a: Slowking|Future Sight|p2a: Clefable\n|-start|p1a: Slowking|move: Future Sight\n|\n|-heal|p2a: Clefable|72\/100|[from] item: Leftovers\n|-damage|p2a: Clefable|59\/100|[from] Salt Cure\n|upkeep\n|turn|39\n|\n|t:|1699691543\n|switch|p2a: FreePalestine\ud83c\uddf5\ud83c\uddf8|Tornadus-Therian, M|100\/100\n|switch|p1a: Cinderace|Cinderace, M|100\/100\n|\n|upkeep\n|turn|40\n|\n|t:|1699691548\n|move|p1a: Cinderace|Pyro Ball|p2a: FreePalestine\ud83c\uddf5\ud83c\uddf8\n|-damage|p2a: FreePalestine\ud83c\uddf5\ud83c\uddf8|18\/100\n|move|p2a: FreePalestine\ud83c\uddf5\ud83c\uddf8|U-turn|p1a: Cinderace\n|-resisted|p1a: Cinderace\n|-damage|p1a: Cinderace|90\/100\n|\n|t:|1699691555\n|switch|p2a: Slowking|Slowking-Galar, M|62\/100|[from] U-turn\n|-damage|p2a: Slowking|45\/100|[from] Spikes\n|\n|-end|p2a: Slowking|move: Future Sight\n|-damage|p2a: Slowking|0 fnt\n|faint|p2a: Slowking\n|upkeep\n|\n|t:|1699691559\n|switch|p2a: FreePalestine\ud83c\uddf5\ud83c\uddf8|Tornadus-Therian, M|51\/100\n|turn|41\n|\n|t:|1699691562\n|switch|p2a: stannin on bihness|Gliscor, M|88\/100 tox\n|move|p1a: Cinderace|Pyro Ball|p2a: stannin on bihness\n|-damage|p2a: stannin on bihness|50\/100 tox\n|\n|-heal|p2a: stannin on bihness|62\/100 tox|[from] ability: Poison Heal\n|upkeep\n|turn|42\n|\n|t:|1699691574\n|move|p1a: Cinderace|U-turn|p2a: stannin on bihness\n|-start|p1a: Cinderace|typechange|Bug|[from] ability: Libero\n|-resisted|p2a: stannin on bihness\n|-damage|p2a: stannin on bihness|51\/100 tox\n|\n|t:|1699691582\n|switch|p1a: Rillaboom|Rillaboom, M|61\/100|[from] U-turn\n|-fieldstart|move: Grassy Terrain|[from] ability: Grassy Surge|[of] p1a: Rillaboom\n|move|p2a: stannin on bihness|Substitute|p2a: stannin on bihness\n|-start|p2a: stannin on bihness|Substitute\n|-damage|p2a: stannin on bihness|26\/100 tox\n|\n|-heal|p1a: Rillaboom|67\/100|[from] Grassy Terrain\n|-heal|p2a: stannin on bihness|39\/100 tox|[from] ability: Poison Heal\n|upkeep\n|turn|43\n|\n|t:|1699691587\n|move|p1a: Rillaboom|Wood Hammer|p2a: stannin on bihness\n|-end|p2a: stannin on bihness|Substitute\n|-damage|p1a: Rillaboom|59\/100|[from] Recoil|[of] p2a: stannin on bihness\n|move|p2a: stannin on bihness|Toxic|p1a: Rillaboom\n|-status|p1a: Rillaboom|tox\n|\n|-heal|p1a: Rillaboom|65\/100 tox|[from] Grassy Terrain\n|-damage|p1a: Rillaboom|59\/100 tox|[from] psn\n|-heal|p2a: stannin on bihness|51\/100 tox|[from] ability: Poison Heal\n|upkeep\n|turn|44\n|\n|t:|1699691593\n|move|p2a: stannin on bihness|Protect|p2a: stannin on bihness\n|-singleturn|p2a: stannin on bihness|Protect\n|move|p1a: Rillaboom|Wood Hammer|p2a: stannin on bihness\n|-activate|p2a: stannin on bihness|move: Protect\n|\n|-heal|p1a: Rillaboom|65\/100 tox|[from] Grassy Terrain\n|-damage|p1a: Rillaboom|53\/100 tox|[from] psn\n|-heal|p2a: stannin on bihness|63\/100 tox|[from] ability: Poison Heal\n|upkeep\n|turn|45\n|\n|t:|1699691595\n|switch|p2a: FreePalestine\ud83c\uddf5\ud83c\uddf8|Tornadus-Therian, M|84\/100\n|move|p1a: Rillaboom|Wood Hammer|p2a: FreePalestine\ud83c\uddf5\ud83c\uddf8\n|-resisted|p2a: FreePalestine\ud83c\uddf5\ud83c\uddf8\n|-damage|p2a: FreePalestine\ud83c\uddf5\ud83c\uddf8|0 fnt\n|faint|p2a: FreePalestine\ud83c\uddf5\ud83c\uddf8\n|-damage|p1a: Rillaboom|28\/100 tox|[from] Recoil\n|\n|-heal|p1a: Rillaboom|35\/100 tox|[from] Grassy Terrain\n|-damage|p1a: Rillaboom|16\/100 tox|[from] psn\n|upkeep\n|\n|t:|1699691598\n|switch|p2a: stannin on bihness|Gliscor, M|63\/100 tox\n|turn|46\n|\n|t:|1699691603\n|switch|p1a: GOAT|Garganacl, M|100\/100\n|move|p2a: stannin on bihness|Protect||[still]\n|-fail|p2a: stannin on bihness\n|\n|-heal|p2a: stannin on bihness|76\/100 tox|[from] ability: Poison Heal\n|-fieldend|move: Grassy Terrain\n|upkeep\n|turn|47\n|\n|t:|1699691610\n|switch|p2a: Clefable|Clefable, F|59\/100\n|-damage|p2a: Clefable|43\/100|[from] Spikes\n|move|p1a: GOAT|Iron Defense|p1a: GOAT\n|-boost|p1a: GOAT|def|2\n|\n|-heal|p2a: Clefable|49\/100|[from] item: Leftovers\n|upkeep\n|turn|48\n|\n|t:|1699691613\n|move|p2a: Clefable|Wish|p2a: Clefable\n|move|p1a: GOAT|Salt Cure|p2a: Clefable\n|-damage|p2a: Clefable|33\/100\n|-start|p2a: Clefable|Salt Cure\n|\n|-heal|p2a: Clefable|40\/100|[from] item: Leftovers\n|-damage|p2a: Clefable|27\/100|[from] Salt Cure\n|upkeep\n|turn|49\n|\n|t:|1699691615\n|move|p2a: Clefable|Knock Off|p1a: GOAT\n|-damage|p1a: GOAT|91\/100\n|-enditem|p1a: GOAT|Leftovers|[from] move: Knock Off|[of] p2a: Clefable\n|move|p1a: GOAT|Iron Defense|p1a: GOAT\n|-boost|p1a: GOAT|def|2\n|\n|-heal|p2a: Clefable|77\/100|[from] move: Wish|[wisher] Clefable\n|-heal|p2a: Clefable|83\/100|[from] item: Leftovers\n|-damage|p2a: Clefable|71\/100|[from] Salt Cure\n|upkeep\n|turn|50\n|\n|t:|1699691619\n|move|p2a: Clefable|Wish|p2a: Clefable\n|move|p1a: GOAT|Salt Cure|p2a: Clefable\n|-damage|p2a: Clefable|56\/100\n|\n|-heal|p2a: Clefable|62\/100|[from] item: Leftovers\n|-damage|p2a: Clefable|49\/100|[from] Salt Cure\n|upkeep\n|turn|51\n|\n|t:|1699691622\n|move|p2a: Clefable|Moonblast|p1a: GOAT\n|-damage|p1a: GOAT|63\/100\n|move|p1a: GOAT|Salt Cure|p2a: Clefable\n|-damage|p2a: Clefable|33\/100\n|\n|-heal|p2a: Clefable|83\/100|[from] move: Wish|[wisher] Clefable\n|-heal|p2a: Clefable|89\/100|[from] item: Leftovers\n|-damage|p2a: Clefable|77\/100|[from] Salt Cure\n|upkeep\n|turn|52\n|\n|t:|1699691627\n|move|p2a: Clefable|Wish|p2a: Clefable\n|move|p1a: GOAT|Salt Cure|p2a: Clefable\n|-damage|p2a: Clefable|62\/100\n|\n|-heal|p2a: Clefable|68\/100|[from] item: Leftovers\n|-damage|p2a: Clefable|56\/100|[from] Salt Cure\n|upkeep\n|turn|53\n|\n|t:|1699691634\n|move|p2a: Clefable|Moonblast|p1a: GOAT\n|-damage|p1a: GOAT|38\/100\n|move|p1a: GOAT|Recover|p1a: GOAT\n|-heal|p1a: GOAT|88\/100\n|\n|-heal|p2a: Clefable|100\/100|[from] move: Wish|[wisher] Clefable\n|-damage|p2a: Clefable|88\/100|[from] Salt Cure\n|upkeep\n|turn|54\n|\n|t:|1699691638\n|switch|p1a: Slowking|Slowking-Galar, M|39\/100\n|move|p2a: Clefable|Wish|p2a: Clefable\n|\n|-heal|p2a: Clefable|94\/100|[from] item: Leftovers\n|-damage|p2a: Clefable|82\/100|[from] Salt Cure\n|upkeep\n|turn|55\n|\n|t:|1699691643\n|move|p2a: Clefable|Knock Off|p1a: Slowking\n|-supereffective|p1a: Slowking\n|-damage|p1a: Slowking|11\/100\n|move|p1a: Slowking|Chilly Reception|p1a: Slowking\n|-weather|Snow\n|\n|t:|1699691649\n|switch|p1a: Rillaboom|Rillaboom, M|16\/100 tox|[from] Chilly Reception\n|-fieldstart|move: Grassy Terrain|[from] ability: Grassy Surge|[of] p1a: Rillaboom\n|\n|-weather|Snow|[upkeep]\n|-heal|p2a: Clefable|100\/100|[from] move: Wish|[wisher] Clefable\n|-heal|p1a: Rillaboom|22\/100 tox|[from] Grassy Terrain\n|-damage|p1a: Rillaboom|16\/100 tox|[from] psn\n|-damage|p2a: Clefable|88\/100|[from] Salt Cure\n|upkeep\n|turn|56\n|\n|t:|1699691654\n|move|p2a: Clefable|Protect|p2a: Clefable\n|-singleturn|p2a: Clefable|Protect\n|move|p1a: Rillaboom|Wood Hammer|p2a: Clefable\n|-activate|p2a: Clefable|move: Protect\n|\n|-weather|Snow|[upkeep]\n|-heal|p1a: Rillaboom|22\/100 tox|[from] Grassy Terrain\n|-heal|p2a: Clefable|94\/100|[from] Grassy Terrain\n|-heal|p2a: Clefable|99\/100|[from] item: Leftovers\n|-damage|p1a: Rillaboom|10\/100 tox|[from] psn\n|-damage|p2a: Clefable|88\/100|[from] Salt Cure\n|upkeep\n|turn|57\n|\n|t:|1699691657\n|move|p2a: Clefable|Protect|p2a: Clefable\n|-singleturn|p2a: Clefable|Protect\n|move|p1a: Rillaboom|Wood Hammer|p2a: Clefable\n|-activate|p2a: Clefable|move: Protect\n|\n|-weather|Snow|[upkeep]\n|-heal|p1a: Rillaboom|16\/100 tox|[from] Grassy Terrain\n|-heal|p2a: Clefable|94\/100|[from] Grassy Terrain\n|-heal|p2a: Clefable|99\/100|[from] item: Leftovers\n|-damage|p1a: Rillaboom|0 fnt|[from] psn\n|faint|p1a: Rillaboom\n|-damage|p2a: Clefable|88\/100|[from] Salt Cure\n|upkeep\n|\n|t:|1699691663\n|switch|p1a: Great Tusk|Great Tusk|100\/100\n|turn|58\n|c|\u2606yyysneasel|let that sink in\n|\n|t:|1699691667\n|move|p1a: Great Tusk|Knock Off|p2a: Clefable\n|-resisted|p2a: Clefable\n|-damage|p2a: Clefable|65\/100\n|-enditem|p2a: Clefable|Leftovers|[from] move: Knock Off|[of] p1a: Great Tusk\n|move|p2a: Clefable|Wish|p2a: Clefable\n|\n|-weather|Snow|[upkeep]\n|-heal|p2a: Clefable|71\/100|[from] Grassy Terrain\n|-damage|p2a: Clefable|59\/100|[from] Salt Cure\n|upkeep\n|turn|59\n|\n|t:|1699691672\n|-end|p1a: Great Tusk|Protosynthesis|[silent]\n|switch|p1a: Slowking|Slowking-Galar, M|44\/100\n|switch|p2a: stannin on bihness|Gliscor, M|76\/100 tox\n|\n|-weather|none\n|-heal|p2a: stannin on bihness|100\/100 tox|[from] move: Wish|[wisher] Clefable\n|-heal|p1a: Slowking|50\/100|[from] Grassy Terrain\n|-fieldend|move: Grassy Terrain\n|upkeep\n|turn|60\n|\n|t:|1699691683\n|switch|p1a: GOAT|Garganacl, M|88\/100\n|move|p2a: stannin on bihness|Earthquake|p1a: GOAT\n|-supereffective|p1a: GOAT\n|-damage|p1a: GOAT|48\/100\n|\n|upkeep\n|turn|61\n|\n|t:|1699691689\n|-terastallize|p1a: GOAT|Ghost\n|move|p2a: stannin on bihness|Earthquake|p1a: GOAT\n|-damage|p1a: GOAT|27\/100\n|move|p1a: GOAT|Recover|p1a: GOAT\n|-heal|p1a: GOAT|77\/100\n|\n|upkeep\n|turn|62\n|\n|t:|1699691692\n|move|p2a: stannin on bihness|Substitute|p2a: stannin on bihness\n|-start|p2a: stannin on bihness|Substitute\n|-damage|p2a: stannin on bihness|76\/100 tox\n|move|p1a: GOAT|Salt Cure|p2a: stannin on bihness\n|-activate|p2a: stannin on bihness|move: Substitute|[damage]\n|\n|-heal|p2a: stannin on bihness|88\/100 tox|[from] ability: Poison Heal\n|upkeep\n|turn|63\n|\n|t:|1699691696\n|move|p2a: stannin on bihness|Toxic|p1a: GOAT\n|-immune|p1a: GOAT|[from] ability: Purifying Salt\n|move|p1a: GOAT|Iron Defense|p1a: GOAT\n|-boost|p1a: GOAT|def|2\n|\n|-heal|p2a: stannin on bihness|100\/100 tox|[from] ability: Poison Heal\n|upkeep\n|turn|64\n|\n|t:|1699691699\n|switch|p2a: Clefable|Clefable, F|59\/100\n|-damage|p2a: Clefable|42\/100|[from] Spikes\n|move|p1a: GOAT|Iron Defense|p1a: GOAT\n|-boost|p1a: GOAT|def|2\n|\n|upkeep\n|turn|65\n|\n|t:|1699691701\n|move|p2a: Clefable|Wish|p2a: Clefable\n|move|p1a: GOAT|Salt Cure|p2a: Clefable\n|-damage|p2a: Clefable|27\/100\n|-start|p2a: Clefable|Salt Cure\n|\n|-damage|p2a: Clefable|14\/100|[from] Salt Cure\n|upkeep\n|turn|66\n|\n|t:|1699691704\n|switch|p1a: Slowking|Slowking-Galar, M|84\/100\n|move|p2a: Clefable|Protect||[still]\n|-fail|p2a: Clefable\n|\n|-heal|p2a: Clefable|64\/100|[from] move: Wish|[wisher] Clefable\n|-damage|p2a: Clefable|52\/100|[from] Salt Cure\n|upkeep\n|turn|67\n|\n|t:|1699691710\n|switch|p2a: stannin on bihness|Gliscor, M|100\/100 tox\n|move|p1a: Slowking|Future Sight|p2a: stannin on bihness\n|-start|p1a: Slowking|move: Future Sight\n|\n|upkeep\n|turn|68\n|\n|t:|1699691721\n|switch|p2a: Clefable|Clefable, F|52\/100\n|-damage|p2a: Clefable|36\/100|[from] Spikes\n|switch|p1a: GOAT|Garganacl, M, tera:Ghost|77\/100\n|\n|upkeep\n|turn|69\n|\n|t:|1699691725\n|move|p2a: Clefable|Protect|p2a: Clefable\n|-singleturn|p2a: Clefable|Protect\n|move|p1a: GOAT|Salt Cure|p2a: Clefable\n|-activate|p2a: Clefable|move: Protect\n|\n|-end|p2a: Clefable|move: Future Sight\n|-damage|p2a: Clefable|0 fnt\n|faint|p2a: Clefable\n|upkeep\n|\n|t:|1699691728\n|switch|p2a: stannin on bihness|Gliscor, M|100\/100 tox\n|turn|70\n|\n|t:|1699691730\n|move|p2a: stannin on bihness|Substitute|p2a: stannin on bihness\n|-start|p2a: stannin on bihness|Substitute\n|-damage|p2a: stannin on bihness|76\/100 tox\n|move|p1a: GOAT|Iron Defense|p1a: GOAT\n|-boost|p1a: GOAT|def|2\n|\n|-heal|p2a: stannin on bihness|88\/100 tox|[from] ability: Poison Heal\n|upkeep\n|turn|71\n|\n|t:|1699691734\n|move|p2a: stannin on bihness|Toxic|p1a: GOAT\n|-immune|p1a: GOAT|[from] ability: Purifying Salt\n|move|p1a: GOAT|Iron Defense|p1a: GOAT\n|-boost|p1a: GOAT|def|2\n|\n|-heal|p2a: stannin on bihness|100\/100 tox|[from] ability: Poison Heal\n|upkeep\n|turn|72\n|\n|t:|1699691737\n|move|p2a: stannin on bihness|Toxic|p1a: GOAT\n|-immune|p1a: GOAT|[from] ability: Purifying Salt\n|move|p1a: GOAT|Iron Defense|p1a: GOAT\n|-boost|p1a: GOAT|def|2\n|\n|upkeep\n|turn|73\n|\n|t:|1699691742\n|move|p2a: stannin on bihness|Toxic|p1a: GOAT\n|-immune|p1a: GOAT|[from] ability: Purifying Salt\n|move|p1a: GOAT|Iron Defense|p1a: GOAT\n|-boost|p1a: GOAT|def|0\n|\n|upkeep\n|turn|74\n|\n|t:|1699691747\n|move|p2a: stannin on bihness|Toxic|p1a: GOAT\n|-immune|p1a: GOAT|[from] ability: Purifying Salt\n|move|p1a: GOAT|Iron Defense|p1a: GOAT\n|-boost|p1a: GOAT|def|0\n|\n|upkeep\n|turn|75\n|c|\u2606yyysneasel|you suck like a seldom see these days\n|c|\u2606yyysneasel|this game is really amazing\n|inactive|yyysneasel has 120 seconds left.\n|c|\u2606yyysneasel|makes the shittiest players win and stuff\n|-message|yyysneasel forfeited.\n|\n|win|gaypride13\n|raw|gaypride13's rating: 1678 &rarr; <strong>1701<\/strong><br \/>(+23 for winning)\n|raw|yyysneasel's rating: 1722 &rarr; <strong>1699<\/strong><br \/>(-23 for losing)\n|l|\u2606yyysneasel\n|l|\u2606gaypride13\n|l| Shedtailhater\n","uploadtime":1699691888,"views":29,"p1id":"gaypride13","p2id":"yyysneasel","formatid":"gen9ou","rating":1699,"private":0,"password":""}