{"id":"gen9ou-1996915503","p1":"gihoh","p2":"SpasDeUzi","format":"[Gen 9] OU","log":"|j|\u2606gihoh\n|j|\u2606SpasDeUzi\n|t:|1700744323\n|gametype|singles\n|player|p1|gihoh|266|1120\n|player|p2|SpasDeUzi|101|1189\n|teamsize|p1|6\n|teamsize|p2|6\n|gen|9\n|tier|[Gen 9] OU\n|rated|\n|rule|Sleep Clause Mod: Limit one foe put to sleep\n|rule|Species Clause: Limit one of each Pok\u00e9mon\n|rule|OHKO Clause: OHKO moves are banned\n|rule|Evasion Items Clause: Evasion items are banned\n|rule|Evasion Moves Clause: Evasion moves are banned\n|rule|Endless Battle Clause: Forcing endless battles is banned\n|rule|HP Percentage Mod: HP is shown in percentages\n|clearpoke\n|poke|p1|Slowking-Galar, M|\n|poke|p1|Cinderace, M|\n|poke|p1|Great Tusk|\n|poke|p1|Landorus-Therian, M|\n|poke|p1|Gholdengo|\n|poke|p1|Clodsire, M|\n|poke|p2|Torterra, M|\n|poke|p2|Ribombee, M|\n|poke|p2|Grimmsnarl, M|\n|poke|p2|Manaphy|\n|poke|p2|Dragonite, F|\n|poke|p2|Gholdengo|\n|teampreview\n|inactive|Battle timer is ON: inactive players will automatically lose when time's up. (requested by gihoh)\n|\n|t:|1700744348\n|start\n|switch|p1a: Slowking|Slowking-Galar, M|100\/100\n|switch|p2a: Ribombee|Ribombee, M, shiny|100\/100\n|turn|1\n|\n|t:|1700744353\n|move|p2a: Ribombee|Stun Spore|p1a: Slowking\n|-status|p1a: Slowking|par\n|move|p1a: Slowking|Future Sight|p2a: Ribombee\n|-start|p1a: Slowking|move: Future Sight\n|\n|upkeep\n|turn|2\n|\n|t:|1700744356\n|move|p2a: Ribombee|Sticky Web|p1a: Slowking\n|-sidestart|p1: gihoh|move: Sticky Web\n|move|p1a: Slowking|Sludge Bomb|p2a: Ribombee\n|-supereffective|p2a: Ribombee\n|-enditem|p2a: Ribombee|Focus Sash\n|-damage|p2a: Ribombee|1\/100\n|\n|upkeep\n|turn|3\n|\n|t:|1700744369\n|move|p2a: Ribombee|Moonblast|p1a: Slowking\n|-resisted|p1a: Slowking\n|-damage|p1a: Slowking|89\/100 par\n|move|p1a: Slowking|Ice Beam|p2a: Ribombee\n|-damage|p2a: Ribombee|0 fnt\n|faint|p2a: Ribombee\n|\n|-hint|Future Sight did not hit because the target is fainted.\n|upkeep\n|\n|t:|1700744372\n|switch|p2a: Grimmsnarl|Grimmsnarl, M, shiny|100\/100\n|turn|4\n|\n|t:|1700744380\n|move|p2a: Grimmsnarl|Light Screen|p2a: Grimmsnarl\n|-sidestart|p2: SpasDeUzi|move: Light Screen\n|cant|p1a: Slowking|par\n|\n|upkeep\n|turn|5\n|\n|t:|1700744384\n|switch|p1a: Great Tusk|Great Tusk|100\/100\n|-activate|p1a: Great Tusk|move: Sticky Web\n|-unboost|p1a: Great Tusk|spe|1\n|-enditem|p1a: Great Tusk|Booster Energy\n|-activate|p1a: Great Tusk|ability: Protosynthesis|[fromitem]\n|-start|p1a: Great Tusk|protosynthesisatk\n|move|p2a: Grimmsnarl|Reflect|p2a: Grimmsnarl\n|-sidestart|p2: SpasDeUzi|Reflect\n|\n|upkeep\n|turn|6\n|\n|t:|1700744386\n|move|p2a: Grimmsnarl|Parting Shot|p1a: Great Tusk\n|-unboost|p1a: Great Tusk|atk|1\n|-unboost|p1a: Great Tusk|spa|1\n|\n|t:|1700744393\n|switch|p2a: Torterra|Torterra, M, shiny|100\/100|[from] Parting Shot\n|move|p1a: Great Tusk|Rapid Spin|p2a: Torterra\n|-damage|p2a: Torterra|93\/100\n|-boost|p1a: Great Tusk|spe|1\n|-sideend|p1: gihoh|Sticky Web|[from] move: Rapid Spin|[of] p1a: Great Tusk\n|\n|upkeep\n|turn|7\n|\n|t:|1700744404\n|-end|p1a: Great Tusk|Protosynthesis|[silent]\n|switch|p1a: Landorus|Landorus-Therian, M|100\/100\n|-ability|p1a: Landorus|Intimidate|boost\n|-unboost|p2a: Torterra|atk|1\n|move|p2a: Torterra|Shell Smash|p2a: Torterra\n|-unboost|p2a: Torterra|def|1\n|-unboost|p2a: Torterra|spd|1\n|-boost|p2a: Torterra|atk|2\n|-boost|p2a: Torterra|spa|2\n|-boost|p2a: Torterra|spe|2\n|\n|upkeep\n|turn|8\n|\n|t:|1700744408\n|switch|p1a: Clodsire|Clodsire, M|100\/100\n|move|p2a: Torterra|Bullet Seed|p1a: Clodsire\n|-damage|p1a: Clodsire|88\/100\n|-damage|p1a: Clodsire|74\/100\n|-damage|p1a: Clodsire|59\/100\n|-damage|p1a: Clodsire|44\/100\n|-damage|p1a: Clodsire|30\/100\n|-hitcount|p1a: Clodsire|5\n|\n|-heal|p1a: Clodsire|36\/100|[from] item: Black Sludge\n|upkeep\n|turn|9\n|\n|t:|1700744413\n|switch|p1a: Landorus|Landorus-Therian, M|100\/100\n|-ability|p1a: Landorus|Intimidate|boost\n|-unboost|p2a: Torterra|atk|1\n|move|p2a: Torterra|Bullet Seed|p1a: Landorus\n|-damage|p1a: Landorus|89\/100\n|-damage|p1a: Landorus|79\/100\n|-damage|p1a: Landorus|67\/100\n|-damage|p1a: Landorus|55\/100\n|-damage|p1a: Landorus|44\/100\n|-hitcount|p1a: Landorus|5\n|\n|upkeep\n|turn|10\n|\n|t:|1700744418\n|move|p2a: Torterra|Bullet Seed|p1a: Landorus\n|-damage|p1a: Landorus|33\/100\n|-damage|p1a: Landorus|21\/100\n|-damage|p1a: Landorus|10\/100\n|-damage|p1a: Landorus|0 fnt\n|faint|p1a: Landorus\n|-hitcount|p1: Landorus|4\n|\n|upkeep\n|\n|t:|1700744424\n|switch|p1a: Slowking|Slowking-Galar, M|100\/100 par\n|turn|11\n|\n|t:|1700744432\n|move|p2a: Torterra|Headlong Rush|p1a: Slowking\n|-supereffective|p1a: Slowking\n|-damage|p1a: Slowking|0 fnt\n|-unboost|p2a: Torterra|def|1\n|-unboost|p2a: Torterra|spd|1\n|faint|p1a: Slowking\n|\n|-sideend|p2: SpasDeUzi|move: Light Screen\n|upkeep\n|\n|t:|1700744440\n|switch|p1a: Gholdengo|Gholdengo|100\/100\n|turn|12\n|\n|t:|1700744446\n|move|p2a: Torterra|Headlong Rush|p1a: Gholdengo\n|-supereffective|p1a: Gholdengo\n|-damage|p1a: Gholdengo|0 fnt\n|-unboost|p2a: Torterra|def|1\n|-unboost|p2a: Torterra|spd|1\n|faint|p1a: Gholdengo\n|\n|-sideend|p2: SpasDeUzi|Reflect\n|upkeep\n|\n|t:|1700744449\n|switch|p1a: Cinderace|Cinderace, M|100\/100\n|turn|13\n|\n|t:|1700744456\n|move|p2a: Torterra|Headlong Rush|p1a: Cinderace\n|-supereffective|p1a: Cinderace\n|-damage|p1a: Cinderace|0 fnt\n|-unboost|p2a: Torterra|def|1\n|-unboost|p2a: Torterra|spd|1\n|faint|p1a: Cinderace\n|\n|upkeep\n|-message|gihoh forfeited.\n|\n|win|SpasDeUzi\n|raw|gihoh's rating: 1120 &rarr; <strong>1100<\/strong><br \/>(-20 for losing)\n|raw|SpasDeUzi's rating: 1189 &rarr; <strong>1209<\/strong><br \/>(+20 for winning)\n|l|\u2606gihoh\n","uploadtime":1700744464,"views":11,"p1id":"gihoh","p2id":"spasdeuzi","formatid":"gen9ou","rating":1100,"private":0,"password":""}