{"id":"gen9ou-1988403280","p1":"AkiDes","p2":"Yeeeeehhboy","format":"[Gen 9] OU","log":"|j|\u2606AkiDes\n|j|\u2606Yeeeeehhboy\n|t:|1699719080\n|gametype|singles\n|player|p1|AkiDes|volkner|1142\n|player|p2|Yeeeeehhboy|265|1136\n|teamsize|p1|6\n|teamsize|p2|6\n|gen|9\n|tier|[Gen 9] OU\n|rated|\n|rule|Sleep Clause Mod: Limit one foe put to sleep\n|rule|Species Clause: Limit one of each Pok\u00e9mon\n|rule|OHKO Clause: OHKO moves are banned\n|rule|Evasion Items Clause: Evasion items are banned\n|rule|Evasion Moves Clause: Evasion moves are banned\n|rule|Endless Battle Clause: Forcing endless battles is banned\n|rule|HP Percentage Mod: HP is shown in percentages\n|clearpoke\n|poke|p1|Gliscor, F|\n|poke|p1|Greninja-*, M|\n|poke|p1|Dragonite, M|\n|poke|p1|Cinderace, M|\n|poke|p1|Mandibuzz, F|\n|poke|p1|Jolteon, F|\n|poke|p2|Ninetales-Alola, M|\n|poke|p2|Cloyster, F|\n|poke|p2|Dragapult, F|\n|poke|p2|Landorus-Therian, M|\n|poke|p2|Forretress, M|\n|poke|p2|Rillaboom, M|\n|teampreview\n|\n|t:|1699719086\n|start\n|switch|p1a: Jolteon|Jolteon, F|100\/100\n|switch|p2a: Ninetales|Ninetales-Alola, M|100\/100\n|-weather|Snow|[from] ability: Snow Warning|[of] p2a: Ninetales\n|turn|1\n|\n|t:|1699719093\n|move|p1a: Jolteon|Volt Switch|p2a: Ninetales\n|-damage|p2a: Ninetales|50\/100\n|\n|t:|1699719098\n|switch|p1a: Cinderace|Cinderace, M|100\/100|[from] Volt Switch\n|move|p2a: Ninetales|Aurora Veil|p2a: Ninetales\n|-sidestart|p2: Yeeeeehhboy|move: Aurora Veil\n|\n|-weather|Snow|[upkeep]\n|upkeep\n|turn|2\n|\n|t:|1699719111\n|switch|p2a: Landorus|Landorus-Therian, M|100\/100\n|-ability|p2a: Landorus|Intimidate|boost\n|-unboost|p1a: Cinderace|atk|1\n|move|p1a: Cinderace|Pyro Ball|p2a: Landorus\n|-damage|p2a: Landorus|78\/100\n|\n|-weather|Snow|[upkeep]\n|upkeep\n|turn|3\n|\n|t:|1699719120\n|switch|p1a: Mandibuzz|Mandibuzz, F|100\/100\n|move|p2a: Landorus|Earthquake|p1a: Mandibuzz\n|-immune|p1a: Mandibuzz\n|\n|-weather|Snow|[upkeep]\n|upkeep\n|turn|4\n|\n|t:|1699719139\n|switch|p2a: Cloyster|Cloyster, F|100\/100\n|move|p1a: Mandibuzz|Toxic|p2a: Cloyster\n|-status|p2a: Cloyster|tox\n|\n|-weather|Snow|[upkeep]\n|-damage|p2a: Cloyster|94\/100 tox|[from] psn\n|upkeep\n|turn|5\n|\n|t:|1699719148\n|move|p2a: Cloyster|Shell Smash|p2a: Cloyster\n|-unboost|p2a: Cloyster|def|1\n|-unboost|p2a: Cloyster|spd|1\n|-boost|p2a: Cloyster|atk|2\n|-boost|p2a: Cloyster|spa|2\n|-boost|p2a: Cloyster|spe|2\n|-enditem|p2a: Cloyster|White Herb\n|-clearnegativeboost|p2a: Cloyster|[silent]\n|move|p1a: Mandibuzz|Roost||[still]\n|-fail|p1a: Mandibuzz|heal\n|\n|-weather|none\n|-damage|p2a: Cloyster|82\/100 tox|[from] psn\n|upkeep\n|turn|6\n|\n|t:|1699719159\n|move|p2a: Cloyster|Icicle Spear|p1a: Mandibuzz\n|-supereffective|p1a: Mandibuzz\n|-damage|p1a: Mandibuzz|78\/100\n|-supereffective|p1a: Mandibuzz\n|-damage|p1a: Mandibuzz|53\/100\n|-supereffective|p1a: Mandibuzz\n|-damage|p1a: Mandibuzz|28\/100\n|-supereffective|p1a: Mandibuzz\n|-damage|p1a: Mandibuzz|6\/100\n|-supereffective|p1a: Mandibuzz\n|-damage|p1a: Mandibuzz|0 fnt\n|faint|p1a: Mandibuzz\n|-hitcount|p1: Mandibuzz|5\n|\n|-damage|p2a: Cloyster|63\/100 tox|[from] psn\n|upkeep\n|\n|t:|1699719173\n|switch|p1a: Gliscor|Gliscor, F|100\/100\n|turn|7\n|\n|t:|1699719176\n|move|p1a: Gliscor|Protect|p1a: Gliscor\n|-singleturn|p1a: Gliscor|Protect\n|move|p2a: Cloyster|Icicle Spear|p1a: Gliscor\n|-activate|p1a: Gliscor|move: Protect\n|\n|-damage|p2a: Cloyster|38\/100 tox|[from] psn\n|-status|p1a: Gliscor|tox|[from] item: Toxic Orb\n|upkeep\n|turn|8\n|\n|t:|1699719185\n|switch|p1a: Cinderace|Cinderace, M|100\/100\n|move|p2a: Cloyster|Icicle Spear|p1a: Cinderace\n|-resisted|p1a: Cinderace\n|-damage|p1a: Cinderace|85\/100\n|-resisted|p1a: Cinderace\n|-damage|p1a: Cinderace|71\/100\n|-resisted|p1a: Cinderace\n|-damage|p1a: Cinderace|56\/100\n|-resisted|p1a: Cinderace\n|-damage|p1a: Cinderace|41\/100\n|-resisted|p1a: Cinderace\n|-damage|p1a: Cinderace|25\/100\n|-hitcount|p1a: Cinderace|5\n|\n|-damage|p2a: Cloyster|7\/100 tox|[from] psn\n|-sideend|p2: Yeeeeehhboy|move: Aurora Veil\n|upkeep\n|turn|9\n|\n|t:|1699719200\n|move|p1a: Cinderace|Sucker Punch|p2a: Cloyster\n|-start|p1a: Cinderace|typechange|Dark|[from] ability: Libero\n|-damage|p2a: Cloyster|0 fnt\n|faint|p2a: Cloyster\n|\n|upkeep\n|\n|t:|1699719217\n|switch|p2a: Landorus|Landorus-Therian, M|78\/100\n|-ability|p2a: Landorus|Intimidate|boost\n|-unboost|p1a: Cinderace|atk|1\n|turn|10\n|\n|t:|1699719226\n|switch|p1a: Gliscor|Gliscor, F|100\/100 tox\n|move|p2a: Landorus|Stone Edge|p1a: Gliscor|[miss]\n|-miss|p2a: Landorus|p1a: Gliscor\n|\n|upkeep\n|turn|11\n|\n|t:|1699719234\n|move|p2a: Landorus|Stone Edge|p1a: Gliscor\n|-damage|p1a: Gliscor|68\/100 tox\n|move|p1a: Gliscor|Stealth Rock|p2a: Landorus\n|-sidestart|p2: Yeeeeehhboy|move: Stealth Rock\n|\n|-heal|p1a: Gliscor|80\/100 tox|[from] ability: Poison Heal\n|upkeep\n|turn|12\n|\n|t:|1699719243\n|switch|p2a: Forretress|Forretress, M|100\/100\n|-damage|p2a: Forretress|88\/100|[from] Stealth Rock\n|move|p1a: Gliscor|Ice Fang|p2a: Forretress\n|-resisted|p2a: Forretress\n|-damage|p2a: Forretress|83\/100\n|-status|p2a: Forretress|frz\n|\n|-heal|p2a: Forretress|89\/100 frz|[from] item: Leftovers\n|-heal|p1a: Gliscor|92\/100 tox|[from] ability: Poison Heal\n|upkeep\n|turn|13\n|\n|t:|1699719255\n|switch|p1a: Cinderace|Cinderace, M|25\/100\n|-curestatus|p2a: Forretress|frz|[msg]\n|move|p2a: Forretress|Stealth Rock|p1a: Cinderace\n|-sidestart|p1: AkiDes|move: Stealth Rock\n|\n|-heal|p2a: Forretress|96\/100|[from] item: Leftovers\n|upkeep\n|turn|14\n|\n|t:|1699719264\n|-terastallize|p2a: Forretress|Water\n|move|p1a: Cinderace|Pyro Ball|p2a: Forretress\n|-resisted|p2a: Forretress\n|-damage|p2a: Forretress|80\/100\n|-status|p2a: Forretress|brn\n|move|p2a: Forretress|Spikes|p1a: Cinderace\n|-sidestart|p1: AkiDes|Spikes\n|\n|-heal|p2a: Forretress|86\/100 brn|[from] item: Leftovers\n|-damage|p2a: Forretress|80\/100 brn|[from] brn\n|upkeep\n|turn|15\n|\n|t:|1699719275\n|move|p1a: Cinderace|High Jump Kick|p2a: Forretress\n|-start|p1a: Cinderace|typechange|Fighting|[from] ability: Libero\n|-damage|p2a: Forretress|47\/100 brn\n|move|p2a: Forretress|Spikes|p1a: Cinderace\n|-sidestart|p1: AkiDes|Spikes\n|\n|-heal|p2a: Forretress|53\/100 brn|[from] item: Leftovers\n|-damage|p2a: Forretress|47\/100 brn|[from] brn\n|upkeep\n|turn|16\n|\n|t:|1699719285\n|move|p1a: Cinderace|High Jump Kick|p2a: Forretress\n|-damage|p2a: Forretress|13\/100 brn\n|move|p2a: Forretress|Rapid Spin|p1a: Cinderace\n|-damage|p1a: Cinderace|16\/100\n|-boost|p2a: Forretress|spe|1\n|-sideend|p2: Yeeeeehhboy|Stealth Rock|[from] move: Rapid Spin|[of] p2a: Forretress\n|\n|-heal|p2a: Forretress|20\/100 brn|[from] item: Leftovers\n|-damage|p2a: Forretress|13\/100 brn|[from] brn\n|upkeep\n|turn|17\n|\n|t:|1699719296\n|move|p1a: Cinderace|Pyro Ball|p2a: Forretress\n|-resisted|p2a: Forretress\n|-damage|p2a: Forretress|4\/100 brn\n|move|p2a: Forretress|Rapid Spin|p1a: Cinderace\n|-damage|p1a: Cinderace|9\/100\n|-boost|p2a: Forretress|spe|1\n|\n|-heal|p2a: Forretress|10\/100 brn|[from] item: Leftovers\n|-damage|p2a: Forretress|4\/100 brn|[from] brn\n|upkeep\n|turn|18\n|\n|t:|1699719307\n|move|p1a: Cinderace|Pyro Ball|p2a: Forretress\n|-resisted|p2a: Forretress\n|-damage|p2a: Forretress|0 fnt\n|faint|p2a: Forretress\n|\n|upkeep\n|\n|t:|1699719316\n|switch|p2a: Dragapult|Dragapult, F|100\/100\n|turn|19\n|\n|t:|1699719319\n|move|p1a: Cinderace|Sucker Punch|p2a: Dragapult\n|-supereffective|p2a: Dragapult\n|-damage|p2a: Dragapult|34\/100\n|move|p2a: Dragapult|U-turn|p1a: Cinderace\n|-resisted|p1a: Cinderace\n|-damage|p1a: Cinderace|0 fnt\n|faint|p1a: Cinderace\n|\n|t:|1699719327\n|switch|p2a: Ninetales|Ninetales-Alola, M|50\/100|[from] U-turn\n|-weather|Snow|[from] ability: Snow Warning|[of] p2a: Ninetales\n|\n|-weather|Snow|[upkeep]\n|upkeep\n|\n|t:|1699719334\n|switch|p1a: Jolteon|Jolteon, F|100\/100\n|-damage|p1a: Jolteon|88\/100|[from] Stealth Rock\n|-damage|p1a: Jolteon|72\/100|[from] Spikes\n|turn|20\n|\n|t:|1699719341\n|switch|p2a: Landorus|Landorus-Therian, M|78\/100\n|-ability|p2a: Landorus|Intimidate|boost\n|-unboost|p1a: Jolteon|atk|1\n|move|p1a: Jolteon|Shadow Ball|p2a: Landorus\n|-damage|p2a: Landorus|28\/100\n|-unboost|p2a: Landorus|spd|1\n|\n|-weather|Snow|[upkeep]\n|upkeep\n|turn|21\n|\n|t:|1699719356\n|move|p2a: Landorus|Earthquake|p1a: Jolteon\n|-supereffective|p1a: Jolteon\n|-damage|p1a: Jolteon|0 fnt\n|faint|p1a: Jolteon\n|\n|-weather|Snow|[upkeep]\n|upkeep\n|\n|t:|1699719359\n|switch|p1a: Gliscor|Gliscor, F|92\/100 tox\n|-damage|p1a: Gliscor|80\/100 tox|[from] Stealth Rock\n|turn|22\n|\n|t:|1699719368\n|move|p2a: Landorus|Earthquake|p1a: Gliscor\n|-immune|p1a: Gliscor\n|move|p1a: Gliscor|Earthquake|p2a: Landorus\n|-immune|p2a: Landorus\n|\n|-weather|Snow|[upkeep]\n|-heal|p1a: Gliscor|92\/100 tox|[from] ability: Poison Heal\n|upkeep\n|turn|23\n|\n|t:|1699719379\n|move|p2a: Landorus|Earthquake|p1a: Gliscor\n|-immune|p1a: Gliscor\n|move|p1a: Gliscor|Ice Fang|p2a: Landorus|[miss]\n|-miss|p1a: Gliscor|p2a: Landorus\n|\n|-weather|none\n|-heal|p1a: Gliscor|100\/100 tox|[from] ability: Poison Heal\n|upkeep\n|turn|24\n|\n|t:|1699719388\n|move|p2a: Landorus|Earthquake|p1a: Gliscor\n|-immune|p1a: Gliscor\n|move|p1a: Gliscor|Stealth Rock|p2a: Landorus\n|-sidestart|p2: Yeeeeehhboy|move: Stealth Rock\n|\n|upkeep\n|turn|25\n|\n|t:|1699719394\n|switch|p2a: Rillaboom|Rillaboom, M|100\/100\n|-damage|p2a: Rillaboom|88\/100|[from] Stealth Rock\n|-fieldstart|move: Grassy Terrain|[from] ability: Grassy Surge|[of] p2a: Rillaboom\n|move|p1a: Gliscor|Ice Fang|p2a: Rillaboom\n|-supereffective|p2a: Rillaboom\n|-damage|p2a: Rillaboom|53\/100\n|\n|-heal|p2a: Rillaboom|59\/100|[from] Grassy Terrain\n|upkeep\n|turn|26\n|\n|t:|1699719406\n|move|p2a: Rillaboom|Grassy Glide|p1a: Gliscor\n|-damage|p1a: Gliscor|45\/100 tox\n|move|p1a: Gliscor|Ice Fang|p2a: Rillaboom\n|-supereffective|p2a: Rillaboom\n|-damage|p2a: Rillaboom|21\/100\n|\n|-heal|p2a: Rillaboom|27\/100|[from] Grassy Terrain\n|-heal|p1a: Gliscor|57\/100 tox|[from] ability: Poison Heal\n|upkeep\n|turn|27\n|\n|t:|1699719420\n|move|p1a: Gliscor|Protect|p1a: Gliscor\n|-singleturn|p1a: Gliscor|Protect\n|move|p2a: Rillaboom|Grassy Glide|p1a: Gliscor\n|-activate|p1a: Gliscor|move: Protect\n|\n|-heal|p2a: Rillaboom|33\/100|[from] Grassy Terrain\n|-heal|p1a: Gliscor|70\/100 tox|[from] ability: Poison Heal\n|upkeep\n|turn|28\n|\n|t:|1699719431\n|move|p2a: Rillaboom|Grassy Glide|p1a: Gliscor\n|-damage|p1a: Gliscor|14\/100 tox\n|move|p1a: Gliscor|Ice Fang|p2a: Rillaboom\n|-supereffective|p2a: Rillaboom\n|-damage|p2a: Rillaboom|0 fnt\n|faint|p2a: Rillaboom\n|\n|-heal|p1a: Gliscor|26\/100 tox|[from] ability: Poison Heal\n|upkeep\n|\n|t:|1699719442\n|switch|p2a: Ninetales|Ninetales-Alola, M|50\/100\n|-damage|p2a: Ninetales|26\/100|[from] Stealth Rock\n|-weather|Snow|[from] ability: Snow Warning|[of] p2a: Ninetales\n|turn|29\n|\n|t:|1699719452\n|switch|p1a: Greninja|Greninja, M, shiny|100\/100\n|-damage|p1a: Greninja|88\/100|[from] Stealth Rock\n|-damage|p1a: Greninja|72\/100|[from] Spikes\n|move|p2a: Ninetales|Aurora Veil|p2a: Ninetales\n|-sidestart|p2: Yeeeeehhboy|move: Aurora Veil\n|\n|-weather|Snow|[upkeep]\n|-heal|p1a: Greninja|78\/100|[from] Grassy Terrain\n|-heal|p2a: Ninetales|32\/100|[from] Grassy Terrain\n|-fieldend|move: Grassy Terrain\n|upkeep\n|turn|30\n|\n|t:|1699719462\n|move|p1a: Greninja|Hydro Pump|p2a: Ninetales\n|-start|p1a: Greninja|typechange|Water|[from] ability: Protean\n|-damage|p2a: Ninetales|10\/100\n|move|p2a: Ninetales|Moonblast|p1a: Greninja\n|-damage|p1a: Greninja|36\/100\n|-unboost|p1a: Greninja|spa|1\n|\n|-weather|Snow|[upkeep]\n|upkeep\n|turn|31\n|\n|t:|1699719491\n|move|p1a: Greninja|Hydro Pump|p2a: Ninetales|[miss]\n|-miss|p1a: Greninja|p2a: Ninetales\n|move|p2a: Ninetales|Moonblast|p1a: Greninja\n|-damage|p1a: Greninja|0 fnt\n|faint|p1a: Greninja\n|\n|-weather|Snow|[upkeep]\n|upkeep\n|\n|t:|1699719494\n|switch|p1a: Gliscor|Gliscor, F|26\/100 tox\n|-damage|p1a: Gliscor|14\/100 tox|[from] Stealth Rock\n|turn|32\n|\n|t:|1699719503\n|move|p1a: Gliscor|Protect|p1a: Gliscor\n|-singleturn|p1a: Gliscor|Protect\n|move|p2a: Ninetales|Blizzard|p1a: Gliscor\n|-activate|p1a: Gliscor|move: Protect\n|\n|-weather|Snow|[upkeep]\n|-heal|p1a: Gliscor|26\/100 tox|[from] ability: Poison Heal\n|upkeep\n|turn|33\n|\n|t:|1699719525\n|move|p2a: Ninetales|Blizzard|p1a: Gliscor\n|-supereffective|p1a: Gliscor\n|-damage|p1a: Gliscor|0 fnt\n|faint|p1a: Gliscor\n|\n|-weather|none\n|upkeep\n|\n|t:|1699719527\n|switch|p1a: Dragonite|Dragonite, M|100\/100\n|turn|34\n|\n|t:|1699719534\n|move|p1a: Dragonite|Extreme Speed|p2a: Ninetales\n|-damage|p2a: Ninetales|0 fnt\n|faint|p2a: Ninetales\n|\n|upkeep\n|\n|t:|1699719540\n|switch|p2a: Dragapult|Dragapult, F|34\/100\n|-damage|p2a: Dragapult|21\/100|[from] Stealth Rock\n|turn|35\n|\n|t:|1699719544\n|move|p2a: Dragapult|Draco Meteor|p1a: Dragonite|[miss]\n|-miss|p2a: Dragapult|p1a: Dragonite\n|move|p1a: Dragonite|Earthquake|p2a: Dragapult\n|-crit|p2a: Dragapult\n|-damage|p2a: Dragapult|0 fnt\n|faint|p2a: Dragapult\n|\n|upkeep\n|c|\u2606Yeeeeehhboy|WOW\n|\n|t:|1699719555\n|switch|p2a: Landorus|Landorus-Therian, M|28\/100\n|-damage|p2a: Landorus|16\/100|[from] Stealth Rock\n|-ability|p2a: Landorus|Intimidate|boost\n|-unboost|p1a: Dragonite|atk|1\n|turn|36\n|\n|t:|1699719568\n|move|p1a: Dragonite|Extreme Speed|p2a: Landorus\n|-damage|p2a: Landorus|3\/100\n|move|p2a: Landorus|Stone Edge|p1a: Dragonite|[miss]\n|-miss|p2a: Landorus|p1a: Dragonite\n|\n|-sideend|p2: Yeeeeehhboy|move: Aurora Veil\n|upkeep\n|turn|37\n|-message|Yeeeeehhboy forfeited.\n|\n|win|AkiDes\n|raw|AkiDes's rating: 1142 &rarr; <strong>1167<\/strong><br \/>(+25 for winning)\n|raw|Yeeeeehhboy's rating: 1136 &rarr; <strong>1111<\/strong><br \/>(-25 for losing)\n|l|\u2606Yeeeeehhboy\n","uploadtime":1699719579,"views":21,"p1id":"akides","p2id":"yeeeeehhboy","formatid":"gen9ou","rating":1111,"private":0,"password":""}