{"id":"gen9ou-1991962803","p1":"DragonEggies","p2":"LarsMM7","format":"[Gen 9] OU","log":"|j|\u2606DragonEggies\n|j|\u2606LarsMM7\n|t:|1700143012\n|gametype|singles\n|player|p1|DragonEggies|pokemonranger|1068\n|player|p2|LarsMM7|carmine|1121\n|teamsize|p1|6\n|teamsize|p2|6\n|gen|9\n|tier|[Gen 9] OU\n|rated|\n|rule|Sleep Clause Mod: Limit one foe put to sleep\n|rule|Species Clause: Limit one of each Pok\u00e9mon\n|rule|OHKO Clause: OHKO moves are banned\n|rule|Evasion Items Clause: Evasion items are banned\n|rule|Evasion Moves Clause: Evasion moves are banned\n|rule|Endless Battle Clause: Forcing endless battles is banned\n|rule|HP Percentage Mod: HP is shown in percentages\n|clearpoke\n|poke|p1|Cinderace, M|\n|poke|p1|Meowscarada, M|\n|poke|p1|Inteleon, F|\n|poke|p1|Talonflame, F|\n|poke|p1|Thundurus-Therian, M|\n|poke|p1|Breloom, M|\n|poke|p2|Kommo-o, M|\n|poke|p2|Kingambit, M|\n|poke|p2|Zapdos|\n|poke|p2|Ribombee, M|\n|poke|p2|Great Tusk|\n|poke|p2|Gholdengo|\n|teampreview\n|inactive|Battle timer is ON: inactive players will automatically lose when time's up. (requested by LarsMM7)\n|\n|t:|1700143025\n|start\n|switch|p1a: Thundurus|Thundurus-Therian, M|100\/100\n|switch|p2a: Ribombee|Ribombee, M|100\/100\n|turn|1\n|\n|t:|1700143028\n|move|p2a: Ribombee|Sticky Web|p1a: Thundurus\n|-sidestart|p1: DragonEggies|move: Sticky Web\n|move|p1a: Thundurus|Agility|p1a: Thundurus\n|-boost|p1a: Thundurus|spe|2\n|\n|upkeep\n|turn|2\n|\n|t:|1700143031\n|move|p1a: Thundurus|Wildbolt Storm|p2a: Ribombee\n|-enditem|p2a: Ribombee|Focus Sash\n|-damage|p2a: Ribombee|1\/100\n|move|p2a: Ribombee|Moonblast|p1a: Thundurus\n|-damage|p1a: Thundurus|46\/100\n|\n|upkeep\n|turn|3\n|\n|t:|1700143034\n|move|p1a: Thundurus|Psychic|p2a: Ribombee\n|-damage|p2a: Ribombee|0 fnt\n|faint|p2a: Ribombee\n|\n|upkeep\n|\n|t:|1700143036\n|switch|p2a: Zapdos|Zapdos|100\/100\n|turn|4\n|\n|t:|1700143039\n|move|p1a: Thundurus|Wildbolt Storm|p2a: Zapdos\n|-damage|p2a: Zapdos|39\/100\n|move|p2a: Zapdos|Discharge|p1a: Thundurus\n|-heal|p1a: Thundurus|71\/100|[from] ability: Volt Absorb|[of] p2a: Zapdos\n|\n|upkeep\n|turn|5\n|\n|t:|1700143042\n|move|p1a: Thundurus|Wildbolt Storm|p2a: Zapdos\n|-damage|p2a: Zapdos|0 fnt\n|faint|p2a: Zapdos\n|\n|upkeep\n|\n|t:|1700143047\n|switch|p2a: Great Tusk|Great Tusk|100\/100\n|turn|6\n|\n|t:|1700143049\n|move|p1a: Thundurus|Psychic|p2a: Great Tusk\n|-supereffective|p2a: Great Tusk\n|-damage|p2a: Great Tusk|0 fnt\n|faint|p2a: Great Tusk\n|-end|p2a: Great Tusk|Protosynthesis|[silent]\n|\n|upkeep\n|\n|t:|1700143052\n|switch|p2a: Kingambit|Kingambit, M, shiny|100\/100\n|-activate|p2a: Kingambit|ability: Supreme Overlord\n|-start|p2a: Kingambit|fallen3|[silent]\n|turn|7\n|\n|t:|1700143055\n|move|p2a: Kingambit|Sucker Punch|p1a: Thundurus\n|-damage|p1a: Thundurus|0 fnt\n|faint|p1a: Thundurus\n|\n|upkeep\n|\n|t:|1700143058\n|switch|p1a: Talonflame|Talonflame, F|100\/100\n|turn|8\n|\n|t:|1700143064\n|-end|p2a: Kingambit|fallen3|[silent]\n|switch|p2a: Gholdengo|Gholdengo|100\/100\n|-item|p2a: Gholdengo|Air Balloon\n|move|p1a: Talonflame|Defog|p2a: Gholdengo\n|-immune|p2a: Gholdengo|[from] ability: Good as Gold\n|\n|upkeep\n|turn|9\n|\n|t:|1700143068\n|move|p1a: Talonflame|Fire Blast|p2a: Gholdengo\n|-supereffective|p2a: Gholdengo\n|-damage|p2a: Gholdengo|16\/100\n|-enditem|p2a: Gholdengo|Air Balloon\n|move|p2a: Gholdengo|Shadow Ball|p1a: Talonflame\n|-damage|p1a: Talonflame|28\/100\n|\n|upkeep\n|turn|10\n|\n|t:|1700143071\n|move|p1a: Talonflame|Fire Blast|p2a: Gholdengo\n|-supereffective|p2a: Gholdengo\n|-damage|p2a: Gholdengo|0 fnt\n|faint|p2a: Gholdengo\n|\n|upkeep\n|\n|t:|1700143073\n|switch|p2a: Kommo-o|Kommo-o, M|100\/100\n|turn|11\n|\n|t:|1700143075\n|move|p1a: Talonflame|Defog|p2a: Kommo-o\n|-unboost|p2a: Kommo-o|evasion|1\n|-sideend|p1: DragonEggies|Sticky Web|[from] move: Defog|[of] p1a: Talonflame\n|move|p2a: Kommo-o|Clangorous Soul|p2a: Kommo-o\n|-boost|p2a: Kommo-o|atk|1\n|-boost|p2a: Kommo-o|def|1\n|-boost|p2a: Kommo-o|spa|1\n|-boost|p2a: Kommo-o|spd|1\n|-boost|p2a: Kommo-o|spe|1\n|-damage|p2a: Kommo-o|68\/100\n|-enditem|p2a: Kommo-o|Throat Spray\n|-boost|p2a: Kommo-o|spa|1|[from] item: Throat Spray\n|\n|upkeep\n|turn|12\n|\n|t:|1700143077\n|move|p2a: Kommo-o|Hyper Voice|p1a: Talonflame\n|-crit|p1a: Talonflame\n|-damage|p1a: Talonflame|0 fnt\n|faint|p1a: Talonflame\n|\n|upkeep\n|\n|t:|1700143083\n|switch|p1a: Meowscarada|Meowscarada, M|100\/100\n|turn|13\n|\n|t:|1700143086\n|move|p2a: Kommo-o|Aura Sphere|p1a: Meowscarada\n|-supereffective|p1a: Meowscarada\n|-enditem|p1a: Meowscarada|Focus Sash\n|-damage|p1a: Meowscarada|1\/100\n|move|p1a: Meowscarada|Petal Blizzard|p2a: Kommo-o\n|-resisted|p2a: Kommo-o\n|-damage|p2a: Kommo-o|49\/100\n|\n|upkeep\n|turn|14\n|\n|t:|1700143091\n|move|p1a: Meowscarada|Quick Attack|p2a: Kommo-o\n|-damage|p2a: Kommo-o|42\/100\n|move|p2a: Kommo-o|Aura Sphere|p1a: Meowscarada\n|-supereffective|p1a: Meowscarada\n|-damage|p1a: Meowscarada|0 fnt\n|faint|p1a: Meowscarada\n|\n|upkeep\n|\n|t:|1700143093\n|switch|p1a: Breloom|Breloom, M|100\/100\n|turn|15\n|\n|t:|1700143100\n|move|p2a: Kommo-o|Clanging Scales|p1a: Breloom\n|-damage|p1a: Breloom|0 fnt\n|faint|p1a: Breloom\n|-unboost|p2a: Kommo-o|def|1\n|\n|upkeep\n|\n|t:|1700143102\n|switch|p1a: Cinderace|Cinderace, M|100\/100\n|turn|16\n|\n|t:|1700143106\n|move|p2a: Kommo-o|Clanging Scales|p1a: Cinderace\n|-damage|p1a: Cinderace|0 fnt\n|faint|p1a: Cinderace\n|-unboost|p2a: Kommo-o|def|1\n|\n|upkeep\n|-message|DragonEggies forfeited.\n|\n|win|LarsMM7\n|raw|DragonEggies's rating: 1068 &rarr; <strong>1051<\/strong><br \/>(-17 for losing)\n|raw|LarsMM7's rating: 1121 &rarr; <strong>1142<\/strong><br \/>(+21 for winning)\n|l|\u2606DragonEggies\n|c|\u2606LarsMM7|corny\n","uploadtime":1700143115,"views":11,"p1id":"dragoneggies","p2id":"larsmm7","formatid":"gen9ou","rating":1051,"private":0,"password":""}