{"id":"gen9ou-1996434534","p1":"ShadowStar181","p2":"Oroginal","format":"[Gen 9] OU","log":"|j|\u2606ShadowStar181\n|j|\u2606Oroginal\n|t:|1700681670\n|gametype|singles\n|player|p1|ShadowStar181|1|\n|player|p2|Oroginal|preschooler|\n|teamsize|p1|6\n|teamsize|p2|6\n|gen|9\n|tier|[Gen 9] OU\n|rule|Sleep Clause Mod: Limit one foe put to sleep\n|rule|Species Clause: Limit one of each Pok\u00e9mon\n|rule|OHKO Clause: OHKO moves are banned\n|rule|Evasion Items Clause: Evasion items are banned\n|rule|Evasion Moves Clause: Evasion moves are banned\n|rule|Endless Battle Clause: Forcing endless battles is banned\n|rule|HP Percentage Mod: HP is shown in percentages\n|clearpoke\n|poke|p1|Munkidori, M|\n|poke|p1|Electrode-Hisui|\n|poke|p1|Great Tusk|\n|poke|p1|Heatran, M|\n|poke|p1|Salamence, M|\n|poke|p1|Vaporeon, F|\n|poke|p2|Avalugg-Hisui, M|\n|poke|p2|Noivern, F|\n|poke|p2|Slowking-Galar, M|\n|poke|p2|Hawlucha, M|\n|poke|p2|Iron Hands|\n|poke|p2|Zoroark-Hisui, F|\n|teampreview\n|c|\u2606Oroginal|glhf\n|inactive|Battle timer is ON: inactive players will automatically lose when time's up. (requested by ShadowStar181)\n|c|\u2606ShadowStar181|glhf\n|\n|t:|1700681693\n|start\n|switch|p1a: Munkidori|Munkidori, M|100\/100\n|switch|p2a: HUMERUS|Slowking-Galar, M|100\/100\n|turn|1\n|\n|t:|1700681711\n|move|p1a: Munkidori|U-turn|p2a: HUMERUS\n|-resisted|p2a: HUMERUS\n|-damage|p2a: HUMERUS|89\/100\n|replace|p2a: HEATHERS|Zoroark-Hisui, F, shiny\n|-end|p2a: HEATHERS|Illusion\n|inactive|ShadowStar181 has 270 seconds left.\n|inactive|ShadowStar181 has 240 seconds left.\n|\n|t:|1700681764\n|switch|p1a: Electrode|Electrode-Hisui|100\/100|[from] U-turn\n|move|p2a: HEATHERS|Shadow Ball|p1a: Electrode\n|-damage|p1a: Electrode|12\/100\n|\n|upkeep\n|turn|2\n|\n|t:|1700681775\n|switch|p2a: HUMERUS|Slowking-Galar, M|100\/100\n|move|p1a: Electrode|Leaf Storm|p2a: HUMERUS\n|-resisted|p2a: HUMERUS\n|-damage|p2a: HUMERUS|88\/100\n|-unboost|p1a: Electrode|spa|2\n|-enditem|p1a: Electrode|Eject Pack\n|inactive|ShadowStar181 has 240 seconds left.\n|\n|t:|1700681786\n|switch|p1a: Great Tusk|Great Tusk|100\/100\n|-enditem|p1a: Great Tusk|Booster Energy\n|-activate|p1a: Great Tusk|ability: Protosynthesis|[fromitem]\n|-start|p1a: Great Tusk|protosynthesisatk\n|\n|upkeep\n|turn|3\n|\n|t:|1700681791\n|switch|p2a: BOOMBOX|Noivern, F, shiny|100\/100\n|move|p1a: Great Tusk|Knock Off|p2a: BOOMBOX\n|-damage|p2a: BOOMBOX|50\/100\n|-damage|p1a: Great Tusk|84\/100|[from] item: Rocky Helmet|[of] p2a: BOOMBOX\n|-enditem|p2a: BOOMBOX|Rocky Helmet|[from] move: Knock Off|[of] p1a: Great Tusk\n|\n|upkeep\n|turn|4\n|inactive|ShadowStar181 has 240 seconds left.\n|inactive|ShadowStar181 has 210 seconds left.\n|\n|t:|1700681861\n|-end|p1a: Great Tusk|Protosynthesis|[silent]\n|switch|p1a: Electrode|Electrode-Hisui|12\/100\n|move|p2a: BOOMBOX|Draco Meteor|p1a: Electrode\n|-damage|p1a: Electrode|0 fnt\n|-unboost|p2a: BOOMBOX|spa|2\n|faint|p1a: Electrode\n|\n|upkeep\n|\n|t:|1700681870\n|switch|p1a: Salamence|Salamence, M|100\/100\n|-ability|p1a: Salamence|Intimidate|boost\n|-unboost|p2a: BOOMBOX|atk|1\n|turn|5\n|\n|t:|1700681882\n|move|p2a: BOOMBOX|Draco Meteor|p1a: Salamence\n|-supereffective|p1a: Salamence\n|-damage|p1a: Salamence|43\/100\n|-unboost|p2a: BOOMBOX|spa|2\n|move|p1a: Salamence|Dragon Dance|p1a: Salamence\n|-boost|p1a: Salamence|atk|1\n|-boost|p1a: Salamence|spe|1\n|\n|upkeep\n|turn|6\n|\n|t:|1700681894\n|move|p1a: Salamence|Dragon Claw|p2a: BOOMBOX\n|-supereffective|p2a: BOOMBOX\n|-damage|p2a: BOOMBOX|0 fnt\n|faint|p2a: BOOMBOX\n|-damage|p1a: Salamence|33\/100|[from] item: Life Orb\n|\n|upkeep\n|\n|t:|1700681899\n|switch|p2a: DALGONA|Avalugg-Hisui, M|100\/100\n|turn|7\n|\n|t:|1700681918\n|-terastallize|p2a: DALGONA|Fairy\n|move|p1a: Salamence|Iron Head|p2a: DALGONA\n|-supereffective|p2a: DALGONA\n|-damage|p2a: DALGONA|45\/100\n|-damage|p1a: Salamence|23\/100|[from] item: Life Orb\n|move|p2a: DALGONA|Mountain Gale|p1a: Salamence\n|-supereffective|p1a: Salamence\n|-damage|p1a: Salamence|0 fnt\n|faint|p1a: Salamence\n|\n|upkeep\n|inactive|ShadowStar181 has 210 seconds left.\n|\n|t:|1700681931\n|switch|p1a: Heatran|Heatran, M|100\/100\n|turn|8\n|\n|t:|1700681942\n|switch|p2a: HARIYAMATON|Iron Hands|100\/100\n|move|p1a: Heatran|Flash Cannon|p2a: HARIYAMATON\n|-resisted|p2a: HARIYAMATON\n|-damage|p2a: HARIYAMATON|88\/100\n|-unboost|p2a: HARIYAMATON|spd|1\n|\n|upkeep\n|turn|9\n|inactive|ShadowStar181 has 210 seconds left.\n|inactive|ShadowStar181 has 180 seconds left.\n|inactive|ShadowStar181 has 150 seconds left.\n|\n|t:|1700682038\n|switch|p1a: Great Tusk|Great Tusk|84\/100\n|move|p2a: HARIYAMATON|Earthquake|p1a: Great Tusk\n|-damage|p1a: Great Tusk|64\/100\n|\n|upkeep\n|turn|10\n|\n|t:|1700682049\n|-end|p2a: HARIYAMATON|Quark Drive|[silent]\n|switch|p2a: DALGONA|Avalugg-Hisui, M, tera:Fairy|45\/100\n|move|p1a: Great Tusk|Knock Off|p2a: DALGONA\n|-resisted|p2a: DALGONA\n|-damage|p2a: DALGONA|38\/100\n|-enditem|p2a: DALGONA|Custap Berry|[from] move: Knock Off|[of] p1a: Great Tusk\n|\n|upkeep\n|turn|11\n|\n|t:|1700682066\n|move|p1a: Great Tusk|Earthquake|p2a: DALGONA\n|-damage|p2a: DALGONA|14\/100\n|move|p2a: DALGONA|Stealth Rock|p1a: Great Tusk\n|-sidestart|p1: ShadowStar181|move: Stealth Rock\n|\n|upkeep\n|turn|12\n|\n|t:|1700682072\n|move|p1a: Great Tusk|Rapid Spin|p2a: DALGONA\n|-damage|p2a: DALGONA|5\/100\n|-boost|p1a: Great Tusk|spe|1\n|-sideend|p1: ShadowStar181|Stealth Rock|[from] move: Rapid Spin|[of] p1a: Great Tusk\n|move|p2a: DALGONA|Mountain Gale|p1a: Great Tusk\n|-supereffective|p1a: Great Tusk\n|-damage|p1a: Great Tusk|9\/100\n|\n|upkeep\n|turn|13\n|\n|t:|1700682082\n|move|p1a: Great Tusk|Earthquake|p2a: DALGONA\n|-damage|p2a: DALGONA|0 fnt\n|faint|p2a: DALGONA\n|\n|upkeep\n|\n|t:|1700682100\n|switch|p2a: HARIYAMATON|Iron Hands|88\/100\n|turn|14\n|\n|t:|1700682108\n|move|p1a: Great Tusk|Earthquake|p2a: HARIYAMATON\n|-supereffective|p2a: HARIYAMATON\n|-damage|p2a: HARIYAMATON|35\/100\n|move|p2a: HARIYAMATON|Earthquake|p1a: Great Tusk\n|-damage|p1a: Great Tusk|0 fnt\n|faint|p1a: Great Tusk\n|-end|p1a: Great Tusk|Protosynthesis|[silent]\n|\n|upkeep\n|\n|t:|1700682116\n|switch|p1a: Munkidori|Munkidori, M|100\/100\n|turn|15\n|\n|t:|1700682122\n|-end|p2a: HARIYAMATON|Quark Drive|[silent]\n|switch|p2a: HUMERUS|Slowking-Galar, M|100\/100\n|move|p1a: Munkidori|Psychic|p2a: HUMERUS\n|-damage|p2a: HUMERUS|77\/100\n|-unboost|p2a: HUMERUS|spd|1\n|\n|upkeep\n|turn|16\n|inactive|ShadowStar181 has 150 seconds left.\n|\n|t:|1700682174\n|move|p1a: Munkidori|Psychic|p2a: HUMERUS\n|-damage|p2a: HUMERUS|41\/100\n|move|p2a: HUMERUS|Future Sight|p1a: Munkidori\n|-start|p2a: HUMERUS|move: Future Sight\n|\n|upkeep\n|turn|17\n|\n|t:|1700682183\n|switch|p2a: HARIYAMATON|Iron Hands|35\/100\n|move|p1a: Munkidori|Psychic|p2a: HARIYAMATON\n|-supereffective|p2a: HARIYAMATON\n|-damage|p2a: HARIYAMATON|0 fnt\n|faint|p2a: HARIYAMATON\n|-end|p2a: HARIYAMATON|Quark Drive|[silent]\n|\n|upkeep\n|\n|t:|1700682198\n|switch|p2a: BADTZ-MARU|Hawlucha, M, shiny|89\/100\n|turn|18\n|\n|t:|1700682203\n|move|p1a: Munkidori|Psychic|p2a: BADTZ-MARU\n|-damage|p2a: BADTZ-MARU|0 fnt\n|replace|p2a: HEATHERS|Zoroark-Hisui, F, shiny\n|-end|p2a: HEATHERS|Illusion\n|faint|p2a: HEATHERS\n|\n|-end|p1a: Munkidori|move: Future Sight\n|-damage|p1a: Munkidori|52\/100\n|upkeep\n|\n|t:|1700682206\n|switch|p2a: HUMERUS|Slowking-Galar, M|74\/100\n|turn|19\n|\n|t:|1700682214\n|switch|p1a: Vaporeon|Vaporeon, F|100\/100\n|move|p2a: HUMERUS|Future Sight|p1a: Vaporeon\n|-start|p2a: HUMERUS|move: Future Sight\n|\n|upkeep\n|turn|20\n|\n|t:|1700682218\n|move|p1a: Vaporeon|Calm Mind|p1a: Vaporeon\n|-boost|p1a: Vaporeon|spa|1\n|-boost|p1a: Vaporeon|spd|1\n|move|p2a: HUMERUS|Acid Spray|p1a: Vaporeon\n|-damage|p1a: Vaporeon|94\/100\n|-unboost|p1a: Vaporeon|spd|2\n|\n|-heal|p1a: Vaporeon|100\/100|[from] item: Leftovers\n|upkeep\n|turn|21\n|\n|t:|1700682221\n|move|p1a: Vaporeon|Calm Mind|p1a: Vaporeon\n|-boost|p1a: Vaporeon|spa|1\n|-boost|p1a: Vaporeon|spd|1\n|move|p2a: HUMERUS|Acid Spray|p1a: Vaporeon\n|-damage|p1a: Vaporeon|91\/100\n|-unboost|p1a: Vaporeon|spd|2\n|\n|-end|p1a: Vaporeon|move: Future Sight\n|-damage|p1a: Vaporeon|41\/100\n|-heal|p1a: Vaporeon|48\/100|[from] item: Leftovers\n|upkeep\n|turn|22\n|inactive|ShadowStar181 has 180 seconds left.\n|\n|t:|1700682234\n|move|p1a: Vaporeon|Detect|p1a: Vaporeon\n|-singleturn|p1a: Vaporeon|Protect\n|move|p2a: HUMERUS|Acid Spray|p1a: Vaporeon\n|-activate|p1a: Vaporeon|move: Protect\n|\n|-heal|p1a: Vaporeon|54\/100|[from] item: Leftovers\n|upkeep\n|turn|23\n|inactive|ShadowStar181 has 180 seconds left.\n|inactive|ShadowStar181 has 150 seconds left.\n|\n|t:|1700682272\n|move|p1a: Vaporeon|Scald|p2a: HUMERUS\n|-damage|p2a: HUMERUS|47\/100\n|-status|p2a: HUMERUS|brn\n|move|p2a: HUMERUS|Acid Spray|p1a: Vaporeon\n|-damage|p1a: Vaporeon|37\/100\n|-unboost|p1a: Vaporeon|spd|2\n|\n|-heal|p1a: Vaporeon|43\/100|[from] item: Leftovers\n|-damage|p2a: HUMERUS|41\/100 brn|[from] brn\n|upkeep\n|turn|24\n|\n|t:|1700682286\n|switch|p2a: BADTZ-MARU|Hawlucha, M, shiny|100\/100\n|move|p1a: Vaporeon|Scald|p2a: BADTZ-MARU\n|-damage|p2a: BADTZ-MARU|2\/100\n|-status|p2a: BADTZ-MARU|brn\n|\n|-heal|p1a: Vaporeon|49\/100|[from] item: Leftovers\n|-damage|p2a: BADTZ-MARU|0 fnt|[from] brn\n|faint|p2a: BADTZ-MARU\n|upkeep\n|\n|t:|1700682287\n|switch|p2a: HUMERUS|Slowking-Galar, M|74\/100 brn\n|turn|25\n|\n|t:|1700682298\n|move|p1a: Vaporeon|Scald|p2a: HUMERUS\n|-crit|p2a: HUMERUS\n|-damage|p2a: HUMERUS|36\/100 brn\n|move|p2a: HUMERUS|Acid Spray|p1a: Vaporeon\n|-damage|p1a: Vaporeon|21\/100\n|-unboost|p1a: Vaporeon|spd|2\n|\n|-heal|p1a: Vaporeon|28\/100|[from] item: Leftovers\n|-damage|p2a: HUMERUS|29\/100 brn|[from] brn\n|upkeep\n|turn|26\n|\n|t:|1700682312\n|move|p1a: Vaporeon|Scald|p2a: HUMERUS\n|-damage|p2a: HUMERUS|2\/100 brn\n|move|p2a: HUMERUS|Sludge Bomb|p1a: Vaporeon\n|-damage|p1a: Vaporeon|0 fnt\n|faint|p1a: Vaporeon\n|\n|-damage|p2a: HUMERUS|0 fnt|[from] brn\n|faint|p2a: HUMERUS\n|\n|win|ShadowStar181\n|upkeep\n","uploadtime":1700682319,"views":6,"p1id":"shadowstar181","p2id":"oroginal","formatid":"gen9ou","rating":0,"private":0,"password":""}