{"id":"gen9ou-1989394918","p1":"KevinF_VGC","p2":"acetrainerluck","format":"[Gen 9] OU","log":"|j|\u2606KevinF_VGC\n|j|\u2606acetrainerluck\n|t:|1699844752\n|gametype|singles\n|player|p1|KevinF_VGC|marnie-masters2|\n|player|p2|acetrainerluck|steven|\n|teamsize|p1|6\n|teamsize|p2|6\n|gen|9\n|tier|[Gen 9] OU\n|rule|Sleep Clause Mod: Limit one foe put to sleep\n|rule|Species Clause: Limit one of each Pok\u00e9mon\n|rule|OHKO Clause: OHKO moves are banned\n|rule|Evasion Items Clause: Evasion items are banned\n|rule|Evasion Moves Clause: Evasion moves are banned\n|rule|Endless Battle Clause: Forcing endless battles is banned\n|rule|HP Percentage Mod: HP is shown in percentages\n|clearpoke\n|poke|p1|Thundurus, M|\n|poke|p1|Carbink|\n|poke|p1|Hatterene, F|\n|poke|p1|Great Tusk|\n|poke|p1|Muk-Alola, F|\n|poke|p1|Scyther, F|\n|poke|p2|Pelipper, M|\n|poke|p2|Garchomp, M|\n|poke|p2|Basculegion-F, F|\n|poke|p2|Tinkaton, F|\n|poke|p2|Barraskewda, M|\n|poke|p2|Pawmot, M|\n|teampreview\n|j| GymLeader Avery\n|j| TBK Renegades\n|j| muffinATEthat\n|j| CTE World\n|j| DomNeedsHelp\n|c| DomNeedsHelp|Go!\n|inactive|Battle timer is ON: inactive players will automatically lose when time's up. (requested by acetrainerluck)\n|\n|t:|1699844879\n|start\n|switch|p1a: Kakuiumono|Hatterene, F|100\/100\n|switch|p2a: Hate Crime|Tinkaton, F|100\/100\n|-ability|p2a: Hate Crime|Mold Breaker\n|turn|1\n|c| CTE World|bless you\n|\n|t:|1699844902\n|switch|p1a: Endroll|Great Tusk|100\/100\n|move|p2a: Hate Crime|Knock Off|p1a: Endroll\n|-resisted|p1a: Endroll\n|-damage|p1a: Endroll|95\/100\n|-enditem|p1a: Endroll|Leftovers|[from] move: Knock Off|[of] p2a: Hate Crime\n|\n|upkeep\n|turn|2\n|\n|t:|1699844915\n|switch|p2a: Can I Get A Bite?|Pelipper, M|100\/100\n|-weather|RainDance|[from] ability: Drizzle|[of] p2a: Can I Get A Bite?\n|move|p1a: Endroll|Knock Off|p2a: Can I Get A Bite?\n|-damage|p2a: Can I Get A Bite?|75\/100\n|-enditem|p2a: Can I Get A Bite?|Damp Rock|[from] move: Knock Off|[of] p1a: Endroll\n|\n|-weather|RainDance|[upkeep]\n|upkeep\n|turn|3\n|j| Godbody Storm\n|\n|t:|1699844928\n|-end|p1a: Endroll|Protosynthesis|[silent]\n|switch|p1a: 1960|Thundurus, M|100\/100\n|move|p2a: Can I Get A Bite?|U-turn|p1a: 1960\n|-resisted|p1a: 1960\n|-damage|p1a: 1960|93\/100\n|c| Godbody Storm|Ahhh its raining\n|inactive|acetrainerluck has 270 seconds left.\n|\n|t:|1699844953\n|switch|p2a: Chomp|Garchomp, M|100\/100|[from] U-turn\n|\n|-weather|RainDance|[upkeep]\n|upkeep\n|turn|4\n|\n|t:|1699844963\n|switch|p1a: Kakuiumono|Hatterene, F|100\/100\n|move|p2a: Chomp|Stealth Rock|p1a: Kakuiumono\n|move|p1a: Kakuiumono|Stealth Rock|p2a: Chomp|[from]ability: Magic Bounce\n|-sidestart|p2: acetrainerluck|move: Stealth Rock\n|\n|-weather|RainDance|[upkeep]\n|upkeep\n|turn|5\n|\n|t:|1699844976\n|switch|p2a: Hate Crime|Tinkaton, F|100\/100\n|-damage|p2a: Hate Crime|94\/100|[from] Stealth Rock\n|-ability|p2a: Hate Crime|Mold Breaker\n|switch|p1a: Endroll|Great Tusk|95\/100\n|\n|-weather|RainDance|[upkeep]\n|-heal|p2a: Hate Crime|100\/100|[from] item: Leftovers\n|upkeep\n|turn|6\n|j| FirstClassWill\n|inactive|acetrainerluck has 270 seconds left.\n|\n|t:|1699844993\n|switch|p2a: Can I Get A Bite?|Pelipper, M|75\/100\n|-damage|p2a: Can I Get A Bite?|50\/100|[from] Stealth Rock\n|move|p1a: Endroll|Ice Spinner|p2a: Can I Get A Bite?\n|-damage|p2a: Can I Get A Bite?|29\/100\n|\n|-weather|RainDance|[upkeep]\n|upkeep\n|turn|7\n|inactive|acetrainerluck has 270 seconds left.\n|inactive|KevinF_VGC has 270 seconds left.\n|l| FirstClassWill\n|inactive|acetrainerluck has 240 seconds left.\n|\n|t:|1699845039\n|-end|p1a: Endroll|Protosynthesis|[silent]\n|switch|p1a: 1960|Thundurus, M|93\/100\n|move|p2a: Can I Get A Bite?|Surf|p1a: 1960\n|-damage|p1a: 1960|31\/100\n|\n|-weather|RainDance|[upkeep]\n|upkeep\n|turn|8\n|inactive|acetrainerluck has 240 seconds left.\n|inactive|KevinF_VGC has 270 seconds left.\n|c| Godbody Storm|1960?\n|j| FirstClassWill\n|inactive|acetrainerluck has 210 seconds left.\n|\n|t:|1699845079\n|move|p1a: 1960|Thunderbolt|p2a: Can I Get A Bite?\n|-supereffective|p2a: Can I Get A Bite?\n|-damage|p2a: Can I Get A Bite?|0 fnt\n|faint|p2a: Can I Get A Bite?\n|\n|-weather|RainDance|[upkeep]\n|upkeep\n|l| FirstClassWill\n|inactive|acetrainerluck has 210 seconds left.\n|\n|t:|1699845093\n|switch|p2a: BarraskewdR|Barraskewda, M, shiny|100\/100\n|-damage|p2a: BarraskewdR|88\/100|[from] Stealth Rock\n|turn|9\n|inactive|acetrainerluck has 210 seconds left.\n|\n|t:|1699845103\n|move|p1a: 1960|Sunny Day|p1a: 1960\n|-weather|SunnyDay\n|move|p2a: BarraskewdR|Liquidation|p1a: 1960\n|-damage|p1a: 1960|0 fnt\n|faint|p1a: 1960\n|\n|-weather|SunnyDay|[upkeep]\n|upkeep\n|\n|t:|1699845119\n|switch|p1a: Kakuiumono|Hatterene, F|100\/100\n|turn|10\n|inactive|acetrainerluck has 210 seconds left.\n|\n|t:|1699845141\n|switch|p2a: Hate Crime|Tinkaton, F|100\/100\n|-damage|p2a: Hate Crime|94\/100|[from] Stealth Rock\n|-ability|p2a: Hate Crime|Mold Breaker\n|move|p1a: Kakuiumono|Calm Mind|p1a: Kakuiumono\n|-boost|p1a: Kakuiumono|spa|1\n|-boost|p1a: Kakuiumono|spd|1\n|\n|-weather|SunnyDay|[upkeep]\n|-heal|p2a: Hate Crime|100\/100|[from] item: Leftovers\n|upkeep\n|turn|11\n|\n|t:|1699845159\n|move|p2a: Hate Crime|Encore|p1a: Kakuiumono\n|-start|p1a: Kakuiumono|Encore\n|move|p1a: Kakuiumono|Calm Mind|p1a: Kakuiumono\n|-boost|p1a: Kakuiumono|spa|1\n|-boost|p1a: Kakuiumono|spd|1\n|\n|-weather|SunnyDay|[upkeep]\n|upkeep\n|turn|12\n|inactive|acetrainerluck has 180 seconds left.\n|\n|t:|1699845187\n|switch|p1a: Endroll|Great Tusk|95\/100\n|-activate|p1a: Endroll|ability: Protosynthesis\n|-start|p1a: Endroll|protosynthesisatk\n|move|p2a: Hate Crime|Gigaton Hammer|p1a: Endroll\n|-damage|p1a: Endroll|69\/100\n|\n|-weather|SunnyDay|[upkeep]\n|upkeep\n|turn|13\n|inactive|acetrainerluck has 180 seconds left.\n|\n|t:|1699845225\n|switch|p2a: Sharkeisha|Basculegion-F, F|100\/100\n|-damage|p2a: Sharkeisha|88\/100|[from] Stealth Rock\n|move|p1a: Endroll|Earthquake|p2a: Sharkeisha\n|-damage|p2a: Sharkeisha|0 fnt\n|faint|p2a: Sharkeisha\n|\n|-weather|none\n|-end|p1a: Endroll|Protosynthesis\n|upkeep\n|inactive|acetrainerluck has 150 seconds left.\n|c| Godbody Storm|danger\n|\n|t:|1699845257\n|switch|p2a: BarraskewdR|Barraskewda, M, shiny|88\/100\n|-damage|p2a: BarraskewdR|75\/100|[from] Stealth Rock\n|turn|14\n|inactive|KevinF_VGC has 240 seconds left.\n|\n|t:|1699845295\n|-end|p1a: Endroll|Protosynthesis|[silent]\n|switch|p1a: Kakuiumono|Hatterene, F|100\/100\n|move|p2a: BarraskewdR|Liquidation|p1a: Kakuiumono\n|-damage|p1a: Kakuiumono|46\/100\n|-unboost|p1a: Kakuiumono|def|1\n|\n|upkeep\n|turn|15\n|inactive|KevinF_VGC has 240 seconds left.\n|\n|t:|1699845308\n|move|p2a: BarraskewdR|Liquidation|p1a: Kakuiumono\n|-damage|p1a: Kakuiumono|0 fnt\n|faint|p1a: Kakuiumono\n|\n|upkeep\n|\n|t:|1699845316\n|switch|p1a: Sugar|Carbink|100\/100\n|turn|16\n|inactive|acetrainerluck has 150 seconds left.\n|inactive|acetrainerluck has 120 seconds left.\n|\n|t:|1699845361\n|move|p2a: BarraskewdR|Liquidation|p1a: Sugar\n|-supereffective|p1a: Sugar\n|-damage|p1a: Sugar|10\/100\n|move|p1a: Sugar|Trick Room|p1a: Sugar\n|-fieldstart|move: Trick Room|[of] p1a: Sugar\n|\n|upkeep\n|turn|17\n|\n|t:|1699845377\n|switch|p2a: Friend|Pawmot, M|100\/100\n|-damage|p2a: Friend|94\/100|[from] Stealth Rock\n|move|p1a: Sugar|Reflect|p1a: Sugar\n|-sidestart|p1: KevinF_VGC|Reflect\n|\n|upkeep\n|turn|18\n|\n|t:|1699845399\n|move|p1a: Sugar|Misty Explosion|p2a: Friend\n|-supereffective|p2a: Friend\n|-damage|p2a: Friend|21\/100\n|faint|p1a: Sugar\n|move|p2a: Friend|Close Combat|p1: Sugar|[notarget]\n|-fail|p2a: Friend\n|\n|upkeep\n|\n|t:|1699845418\n|switch|p1a: One Day|Scyther, F|100\/100\n|turn|19\n|c| Godbody Storm|WHAT\n|c| muffinATEthat|what\n|inactive|acetrainerluck has 90 seconds left.\n|\n|t:|1699845449\n|-terastallize|p1a: One Day|Fighting\n|move|p1a: One Day|Swords Dance|p1a: One Day\n|-boost|p1a: One Day|atk|2\n|move|p2a: Friend|Close Combat|p1a: One Day\n|-damage|p1a: One Day|57\/100\n|-unboost|p2a: Friend|def|1\n|-unboost|p2a: Friend|spd|1\n|\n|upkeep\n|turn|20\n|c| GymLeader Avery|\ud83d\uddff\u2049\n|\n|t:|1699845469\n|move|p1a: One Day|Trailblaze|p2a: Friend\n|-damage|p2a: Friend|0 fnt\n|-boost|p1a: One Day|spe|1\n|faint|p2a: Friend\n|\n|-fieldend|move: Trick Room\n|upkeep\n|inactive|acetrainerluck has 60 seconds left.\n|inactive|acetrainerluck has 30 seconds left.\n|\n|t:|1699845515\n|switch|p2a: Hate Crime|Tinkaton, F|100\/100\n|-damage|p2a: Hate Crime|94\/100|[from] Stealth Rock\n|-ability|p2a: Hate Crime|Mold Breaker\n|turn|21\n|inactive|acetrainerluck has 30 seconds left.\n|\n|t:|1699845531\n|move|p1a: One Day|Close Combat|p2a: Hate Crime\n|-damage|p2a: Hate Crime|0 fnt\n|-unboost|p1a: One Day|def|1\n|-unboost|p1a: One Day|spd|1\n|faint|p2a: Hate Crime\n|\n|-sideend|p1: KevinF_VGC|Reflect\n|upkeep\n|inactive|acetrainerluck has 30 seconds left.\n|\n|t:|1699845538\n|switch|p2a: BarraskewdR|Barraskewda, M, shiny|75\/100\n|-damage|p2a: BarraskewdR|63\/100|[from] Stealth Rock\n|turn|22\n|\n|t:|1699845545\n|move|p2a: BarraskewdR|Aqua Jet|p1a: One Day\n|-damage|p1a: One Day|0 fnt\n|faint|p1a: One Day\n|\n|upkeep\n|\n|t:|1699845550\n|switch|p1a: Highlight|Muk-Alola, F|100\/100\n|turn|23\n|\n|t:|1699845564\n|switch|p2a: Chomp|Garchomp, M|100\/100\n|-damage|p2a: Chomp|94\/100|[from] Stealth Rock\n|switch|p1a: Endroll|Great Tusk|69\/100\n|\n|upkeep\n|turn|24\n|\n|t:|1699845588\n|move|p2a: Chomp|Draco Meteor|p1a: Endroll\n|-damage|p1a: Endroll|0 fnt\n|-unboost|p2a: Chomp|spa|2\n|faint|p1a: Endroll\n|-end|p1a: Endroll|Protosynthesis|[silent]\n|-damage|p2a: Chomp|85\/100|[from] item: Life Orb\n|\n|upkeep\n|c| Godbody Storm|oh my days\n|\n|t:|1699845594\n|switch|p1a: Highlight|Muk-Alola, F|100\/100\n|turn|25\n|\n|t:|1699845604\n|move|p2a: Chomp|Earthquake|p1a: Highlight\n|-supereffective|p1a: Highlight\n|-damage|p1a: Highlight|0 fnt\n|faint|p1a: Highlight\n|-damage|p2a: Chomp|75\/100|[from] item: Life Orb\n|\n|win|acetrainerluck\n|c|\u2606acetrainerluck|ggs no switch kevin\n|l| GymLeader Avery\n|l| muffinATEthat\n|j| GymLeader Avery\n","uploadtime":1699845617,"views":41,"p1id":"kevinfvgc","p2id":"acetrainerluck","formatid":"gen9ou","rating":0,"private":0,"password":""}