{"id":"gen9ou-1989446799","p1":"IamMewtuber","p2":"Dabmast3r","format":"[Gen 9] OU","log":"|j|\u2606IamMewtuber\n|j|\u2606Dabmast3r\n|t:|1699851760\n|gametype|singles\n|player|p1|IamMewtuber|lady-gen4|1107\n|player|p2|Dabmast3r|265|1090\n|teamsize|p1|6\n|teamsize|p2|6\n|gen|9\n|tier|[Gen 9] OU\n|rated|\n|rule|Sleep Clause Mod: Limit one foe put to sleep\n|rule|Species Clause: Limit one of each Pok\u00e9mon\n|rule|OHKO Clause: OHKO moves are banned\n|rule|Evasion Items Clause: Evasion items are banned\n|rule|Evasion Moves Clause: Evasion moves are banned\n|rule|Endless Battle Clause: Forcing endless battles is banned\n|rule|HP Percentage Mod: HP is shown in percentages\n|clearpoke\n|poke|p1|Zarude|\n|poke|p1|Espeon, M|\n|poke|p1|Slowking, F|\n|poke|p1|Goodra-Hisui, F|\n|poke|p1|Crawdaunt, F|\n|poke|p1|Dragapult, F|\n|poke|p2|Ariados, M|\n|poke|p2|Glimmora, M|\n|poke|p2|Toxapex, M|\n|poke|p2|Clodsire, F|\n|poke|p2|Iron Moth|\n|poke|p2|Sneasler, M|\n|teampreview\n|\n|t:|1699851776\n|start\n|switch|p1a: Slowking|Slowking, F|100\/100\n|switch|p2a: Iron Moth|Iron Moth|100\/100\n|turn|1\n|inactive|Battle timer is ON: inactive players will automatically lose when time's up. (requested by Dabmast3r)\n|\n|t:|1699851790\n|move|p2a: Iron Moth|Discharge|p1a: Slowking\n|-supereffective|p1a: Slowking\n|-damage|p1a: Slowking|25\/100\n|move|p1a: Slowking|Psychic|p2a: Iron Moth\n|-supereffective|p2a: Iron Moth\n|-damage|p2a: Iron Moth|11\/100\n|\n|upkeep\n|turn|2\n|\n|t:|1699851810\n|switch|p1a: Zarude|Zarude|100\/100\n|move|p2a: Iron Moth|Discharge|p1a: Zarude\n|-resisted|p1a: Zarude\n|-damage|p1a: Zarude|77\/100\n|-status|p1a: Zarude|par\n|\n|upkeep\n|turn|3\n|\n|t:|1699851822\n|-end|p2a: Iron Moth|Quark Drive|[silent]\n|switch|p2a: Ariados|Ariados, M|100\/100\n|move|p1a: Zarude|U-turn|p2a: Ariados\n|-resisted|p2a: Ariados\n|-damage|p2a: Ariados|85\/100\n|\n|t:|1699851834\n|switch|p1a: Dragapult|Dragapult, F|100\/100|[from] U-turn\n|\n|upkeep\n|turn|4\n|l|\u2606IamMewtuber\n|inactive|IamMewtuber disconnected and has a minute to reconnect!\n|player|p1|\n|\n|t:|1699851841\n|move|p1a: Dragapult|Flamethrower|p2a: Ariados\n|-supereffective|p2a: Ariados\n|-damage|p2a: Ariados|0 fnt\n|faint|p2a: Ariados\n|\n|upkeep\n|j|\u2606IamMewtuber\n|inactive|IamMewtuber reconnected.\n|player|p1|IamMewtuber|lady-gen4\n|\n|t:|1699851855\n|switch|p2a: Glimmora|Glimmora, M|100\/100\n|turn|5\n|\n|t:|1699851863\n|switch|p1a: Slowking|Slowking, F|59\/100\n|-terastallize|p2a: Glimmora|Ground\n|move|p2a: Glimmora|Earth Power|p1a: Slowking\n|-damage|p1a: Slowking|24\/100\n|\n|upkeep\n|turn|6\n|\n|t:|1699851876\n|move|p2a: Glimmora|Earth Power|p1a: Slowking\n|-damage|p1a: Slowking|0 fnt\n|faint|p1a: Slowking\n|\n|upkeep\n|inactive|IamMewtuber has 120 seconds left.\n|\n|t:|1699851902\n|switch|p1a: Zarude|Zarude|77\/100 par\n|turn|7\n|\n|t:|1699851914\n|switch|p2a: Toxapex|Toxapex, M|100\/100\n|move|p1a: Zarude|Power Whip|p2a: Toxapex\n|-damage|p2a: Toxapex|62\/100\n|\n|-heal|p2a: Toxapex|68\/100|[from] item: Leftovers\n|upkeep\n|turn|8\n|\n|t:|1699851928\n|move|p1a: Zarude|Knock Off|p2a: Toxapex\n|-damage|p2a: Toxapex|31\/100\n|-enditem|p2a: Toxapex|Leftovers|[from] move: Knock Off|[of] p1a: Zarude\n|move|p2a: Toxapex|Infestation|p1a: Zarude\n|-supereffective|p1a: Zarude\n|-damage|p1a: Zarude|67\/100 par\n|-activate|p1a: Zarude|move: Infestation|[of] p2a: Toxapex\n|\n|-damage|p1a: Zarude|55\/100 par|[from] move: Infestation|[partiallytrapped]\n|upkeep\n|turn|9\n|\n|t:|1699851938\n|move|p2a: Toxapex|Baneful Bunker|p2a: Toxapex\n|-singleturn|p2a: Toxapex|move: Protect\n|move|p1a: Zarude|Crunch|p2a: Toxapex\n|-activate|p2a: Toxapex|move: Protect\n|\n|-damage|p1a: Zarude|43\/100 par|[from] move: Infestation|[partiallytrapped]\n|upkeep\n|turn|10\n|\n|t:|1699851946\n|cant|p1a: Zarude|par\n|move|p2a: Toxapex|Recover|p2a: Toxapex\n|-heal|p2a: Toxapex|81\/100\n|\n|-damage|p1a: Zarude|30\/100 par|[from] move: Infestation|[partiallytrapped]\n|upkeep\n|turn|11\n|\n|t:|1699851955\n|move|p1a: Zarude|Crunch|p2a: Toxapex\n|-damage|p2a: Toxapex|51\/100\n|move|p2a: Toxapex|Recover|p2a: Toxapex\n|-heal|p2a: Toxapex|100\/100\n|\n|-damage|p1a: Zarude|18\/100 par|[from] move: Infestation|[partiallytrapped]\n|upkeep\n|turn|12\n|inactive|Dabmast3r has 120 seconds left.\n|\n|t:|1699852002\n|move|p2a: Toxapex|Baneful Bunker|p2a: Toxapex\n|-singleturn|p2a: Toxapex|move: Protect\n|move|p1a: Zarude|Crunch|p2a: Toxapex\n|-activate|p2a: Toxapex|move: Protect\n|\n|-damage|p1a: Zarude|6\/100 par|[from] move: Infestation|[partiallytrapped]\n|upkeep\n|turn|13\n|\n|t:|1699852011\n|move|p1a: Zarude|Crunch|p2a: Toxapex\n|-damage|p2a: Toxapex|71\/100\n|move|p2a: Toxapex|Recover|p2a: Toxapex\n|-heal|p2a: Toxapex|100\/100\n|\n|-end|p1a: Zarude|Infestation|[partiallytrapped]\n|upkeep\n|turn|14\n|\n|t:|1699852020\n|move|p1a: Zarude|Crunch|p2a: Toxapex\n|-damage|p2a: Toxapex|73\/100\n|move|p2a: Toxapex|Infestation|p1a: Zarude\n|-supereffective|p1a: Zarude\n|-damage|p1a: Zarude|0 fnt\n|faint|p1a: Zarude\n|\n|upkeep\n|\n|t:|1699852030\n|switch|p1a: Dragapult|Dragapult, F|100\/100\n|turn|15\n|\n|t:|1699852035\n|move|p1a: Dragapult|Draco Meteor|p2a: Toxapex\n|-damage|p2a: Toxapex|0 fnt\n|-unboost|p1a: Dragapult|spa|2\n|faint|p2a: Toxapex\n|\n|upkeep\n|\n|t:|1699852044\n|switch|p2a: Clodsire|Clodsire, F|100\/100\n|turn|16\n|\n|t:|1699852049\n|switch|p1a: Espeon|Espeon, M|100\/100\n|move|p2a: Clodsire|Yawn|p1a: Espeon\n|move|p1a: Espeon|Yawn|p2a: Clodsire|[from]ability: Magic Bounce\n|-start|p2a: Clodsire|move: Yawn|[of] p1a: Espeon\n|\n|upkeep\n|turn|17\n|\n|t:|1699852060\n|switch|p2a: Glimmora|Glimmora, M, tera:Ground|100\/100\n|move|p1a: Espeon|Psychic|p2a: Glimmora\n|-damage|p2a: Glimmora|50\/100\n|\n|upkeep\n|turn|18\n|\n|t:|1699852067\n|move|p2a: Glimmora|Earth Power|p1a: Espeon\n|-damage|p1a: Espeon|48\/100\n|-unboost|p1a: Espeon|spd|1\n|move|p1a: Espeon|Psychic|p2a: Glimmora\n|-damage|p2a: Glimmora|0 fnt\n|faint|p2a: Glimmora\n|\n|-heal|p1a: Espeon|54\/100|[from] item: Leftovers\n|upkeep\n|\n|t:|1699852084\n|switch|p2a: Sneasler|Sneasler, M|100\/100\n|turn|19\n|inactive|IamMewtuber has 120 seconds left.\n|\n|t:|1699852130\n|move|p2a: Sneasler|U-turn|p1a: Espeon\n|-supereffective|p1a: Espeon\n|-damage|p1a: Espeon|0 fnt\n|faint|p1a: Espeon\n|\n|t:|1699852140\n|switch|p2a: Clodsire|Clodsire, F|100\/100|[from] U-turn\n|\n|upkeep\n|\n|t:|1699852149\n|switch|p1a: Crawdaunt|Crawdaunt, F|100\/100\n|turn|20\n|\n|t:|1699852158\n|move|p1a: Crawdaunt|Swords Dance|p1a: Crawdaunt\n|-boost|p1a: Crawdaunt|atk|2\n|move|p2a: Clodsire|Yawn|p1a: Crawdaunt\n|-start|p1a: Crawdaunt|move: Yawn|[of] p2a: Clodsire\n|\n|upkeep\n|turn|21\n|\n|t:|1699852164\n|move|p2a: Clodsire|Protect|p2a: Clodsire\n|-singleturn|p2a: Clodsire|Protect\n|move|p1a: Crawdaunt|Knock Off|p2a: Clodsire\n|-activate|p2a: Clodsire|move: Protect\n|\n|-end|p1a: Crawdaunt|move: Yawn|[silent]\n|-status|p1a: Crawdaunt|slp\n|upkeep\n|turn|22\n|\n|t:|1699852173\n|switch|p2a: Sneasler|Sneasler, M|100\/100\n|cant|p1a: Crawdaunt|slp\n|\n|upkeep\n|turn|23\n|\n|t:|1699852179\n|move|p2a: Sneasler|Close Combat|p1a: Crawdaunt\n|-supereffective|p1a: Crawdaunt\n|-damage|p1a: Crawdaunt|0 fnt\n|-unboost|p2a: Sneasler|def|1\n|-unboost|p2a: Sneasler|spd|1\n|faint|p1a: Crawdaunt\n|\n|upkeep\n|\n|t:|1699852183\n|switch|p1a: Dragapult|Dragapult, F|100\/100\n|turn|24\n|\n|t:|1699852192\n|switch|p2a: Iron Moth|Iron Moth|11\/100\n|move|p1a: Dragapult|Shadow Ball|p2a: Iron Moth\n|-damage|p2a: Iron Moth|0 fnt\n|faint|p2a: Iron Moth\n|-end|p2a: Iron Moth|Quark Drive|[silent]\n|\n|upkeep\n|\n|t:|1699852202\n|switch|p2a: Clodsire|Clodsire, F|100\/100\n|turn|25\n|\n|t:|1699852206\n|move|p1a: Dragapult|Shadow Ball|p2a: Clodsire\n|-damage|p2a: Clodsire|65\/100\n|move|p2a: Clodsire|Yawn|p1a: Dragapult\n|-start|p1a: Dragapult|move: Yawn|[of] p2a: Clodsire\n|\n|-heal|p2a: Clodsire|72\/100|[from] item: Leftovers\n|upkeep\n|turn|26\n|\n|t:|1699852214\n|switch|p1a: Goodra|Goodra-Hisui, F|100\/100\n|-item|p1a: Goodra|Air Balloon\n|move|p2a: Clodsire|Yawn|p1a: Goodra\n|-start|p1a: Goodra|move: Yawn|[of] p2a: Clodsire\n|\n|-heal|p2a: Clodsire|78\/100|[from] item: Leftovers\n|upkeep\n|turn|27\n|\n|t:|1699852227\n|switch|p1a: Dragapult|Dragapult, F|100\/100\n|move|p2a: Clodsire|Yawn|p1a: Dragapult\n|-start|p1a: Dragapult|move: Yawn|[of] p2a: Clodsire\n|\n|-heal|p2a: Clodsire|84\/100|[from] item: Leftovers\n|upkeep\n|turn|28\n|\n|t:|1699852239\n|move|p1a: Dragapult|Draco Meteor|p2a: Clodsire\n|-damage|p2a: Clodsire|24\/100\n|-unboost|p1a: Dragapult|spa|2\n|move|p2a: Clodsire|Yawn||[still]\n|-fail|p2a: Clodsire\n|\n|-heal|p2a: Clodsire|30\/100|[from] item: Leftovers\n|-end|p1a: Dragapult|move: Yawn|[silent]\n|-status|p1a: Dragapult|slp\n|upkeep\n|turn|29\n|\n|t:|1699852251\n|switch|p1a: Goodra|Goodra-Hisui, F|100\/100\n|-item|p1a: Goodra|Air Balloon\n|switch|p2a: Sneasler|Sneasler, M|100\/100\n|\n|upkeep\n|turn|30\n|\n|t:|1699852269\n|move|p2a: Sneasler|Poison Jab|p1a: Goodra\n|-immune|p1a: Goodra\n|move|p1a: Goodra|Chilling Water|p2a: Sneasler\n|-damage|p2a: Sneasler|83\/100\n|-unboost|p2a: Sneasler|atk|1\n|\n|upkeep\n|turn|31\n|\n|t:|1699852283\n|switch|p2a: Clodsire|Clodsire, F|30\/100\n|move|p1a: Goodra|Chilling Water|p2a: Clodsire\n|-supereffective|p2a: Clodsire\n|-damage|p2a: Clodsire|11\/100\n|-unboost|p2a: Clodsire|atk|1\n|\n|-heal|p2a: Clodsire|18\/100|[from] item: Leftovers\n|upkeep\n|turn|32\n|\n|t:|1699852294\n|switch|p1a: Dragapult|Dragapult, F|100\/100 slp\n|move|p2a: Clodsire|Protect||[still]\n|-fail|p2a: Clodsire\n|\n|-heal|p2a: Clodsire|24\/100|[from] item: Leftovers\n|upkeep\n|turn|33\n|\n|t:|1699852303\n|cant|p1a: Dragapult|slp\n|move|p2a: Clodsire|Earthquake|p1a: Dragapult\n|-damage|p1a: Dragapult|77\/100 slp\n|\n|-heal|p2a: Clodsire|30\/100|[from] item: Leftovers\n|upkeep\n|turn|34\n|\n|t:|1699852311\n|cant|p1a: Dragapult|slp\n|move|p2a: Clodsire|Recover|p2a: Clodsire\n|-heal|p2a: Clodsire|80\/100\n|\n|-heal|p2a: Clodsire|86\/100|[from] item: Leftovers\n|upkeep\n|turn|35\n|\n|t:|1699852318\n|-terastallize|p1a: Dragapult|Dragon\n|-curestatus|p1a: Dragapult|slp|[msg]\n|move|p1a: Dragapult|Draco Meteor|p2a: Clodsire\n|-damage|p2a: Clodsire|6\/100\n|-unboost|p1a: Dragapult|spa|2\n|move|p2a: Clodsire|Yawn|p1a: Dragapult\n|-start|p1a: Dragapult|move: Yawn|[of] p2a: Clodsire\n|\n|-heal|p2a: Clodsire|12\/100|[from] item: Leftovers\n|upkeep\n|turn|36\n|\n|t:|1699852331\n|move|p1a: Dragapult|Draco Meteor|p2a: Clodsire|[miss]\n|-miss|p1a: Dragapult|p2a: Clodsire\n|move|p2a: Clodsire|Recover|p2a: Clodsire\n|-heal|p2a: Clodsire|62\/100\n|\n|-heal|p2a: Clodsire|69\/100|[from] item: Leftovers\n|-end|p1a: Dragapult|move: Yawn|[silent]\n|-status|p1a: Dragapult|slp\n|upkeep\n|turn|37\n|\n|t:|1699852340\n|switch|p1a: Goodra|Goodra-Hisui, F|100\/100\n|-item|p1a: Goodra|Air Balloon\n|switch|p2a: Sneasler|Sneasler, M|83\/100\n|\n|upkeep\n|turn|38\n|\n|t:|1699852353\n|move|p2a: Sneasler|U-turn|p1a: Goodra\n|-resisted|p1a: Goodra\n|-damage|p1a: Goodra|90\/100\n|-enditem|p1a: Goodra|Air Balloon\n|\n|t:|1699852357\n|switch|p2a: Clodsire|Clodsire, F|69\/100|[from] U-turn\n|move|p1a: Goodra|Chilling Water|p2a: Clodsire\n|-supereffective|p2a: Clodsire\n|-damage|p2a: Clodsire|52\/100\n|-unboost|p2a: Clodsire|atk|1\n|\n|-heal|p2a: Clodsire|58\/100|[from] item: Leftovers\n|upkeep\n|turn|39\n|\n|t:|1699852367\n|move|p1a: Goodra|Knock Off|p2a: Clodsire\n|-damage|p2a: Clodsire|34\/100\n|-enditem|p2a: Clodsire|Leftovers|[from] move: Knock Off|[of] p1a: Goodra\n|move|p2a: Clodsire|Recover|p2a: Clodsire\n|-heal|p2a: Clodsire|84\/100\n|\n|upkeep\n|turn|40\n|\n|t:|1699852374\n|switch|p2a: Sneasler|Sneasler, M|83\/100\n|move|p1a: Goodra|Chilling Water|p2a: Sneasler\n|-damage|p2a: Sneasler|67\/100\n|-unboost|p2a: Sneasler|atk|1\n|\n|upkeep\n|turn|41\n|\n|t:|1699852393\n|move|p2a: Sneasler|Close Combat|p1a: Goodra\n|-supereffective|p1a: Goodra\n|-damage|p1a: Goodra|11\/100\n|-unboost|p2a: Sneasler|def|1\n|-unboost|p2a: Sneasler|spd|1\n|move|p1a: Goodra|Chilling Water|p2a: Sneasler\n|-damage|p2a: Sneasler|41\/100\n|-unboost|p2a: Sneasler|atk|1\n|\n|upkeep\n|turn|42\n|\n|t:|1699852403\n|switch|p2a: Clodsire|Clodsire, F|84\/100\n|move|p1a: Goodra|Chilling Water|p2a: Clodsire\n|-supereffective|p2a: Clodsire\n|-damage|p2a: Clodsire|65\/100\n|-unboost|p2a: Clodsire|atk|1\n|\n|upkeep\n|turn|43\n|\n|t:|1699852411\n|move|p1a: Goodra|Chilling Water|p2a: Clodsire\n|-supereffective|p2a: Clodsire\n|-crit|p2a: Clodsire\n|-damage|p2a: Clodsire|35\/100\n|-unboost|p2a: Clodsire|atk|1\n|move|p2a: Clodsire|Earthquake|p1a: Goodra\n|-supereffective|p1a: Goodra\n|-damage|p1a: Goodra|0 fnt\n|faint|p1a: Goodra\n|\n|upkeep\n|\n|t:|1699852415\n|switch|p1a: Dragapult|Dragapult, F, tera:Dragon|77\/100 slp\n|turn|44\n|\n|t:|1699852422\n|cant|p1a: Dragapult|slp\n|move|p2a: Clodsire|Recover|p2a: Clodsire\n|-heal|p2a: Clodsire|85\/100\n|\n|upkeep\n|turn|45\n|\n|t:|1699852436\n|switch|p2a: Sneasler|Sneasler, M|41\/100\n|cant|p1a: Dragapult|slp\n|\n|upkeep\n|turn|46\n|\n|t:|1699852444\n|move|p2a: Sneasler|Poison Jab|p1a: Dragapult\n|-damage|p1a: Dragapult|18\/100 slp\n|-curestatus|p1a: Dragapult|slp|[msg]\n|move|p1a: Dragapult|Shadow Ball|p2a: Sneasler\n|-damage|p2a: Sneasler|0 fnt\n|faint|p2a: Sneasler\n|\n|upkeep\n|\n|t:|1699852453\n|switch|p2a: Clodsire|Clodsire, F|85\/100\n|turn|47\n|\n|t:|1699852456\n|move|p1a: Dragapult|Shadow Ball|p2a: Clodsire\n|-damage|p2a: Clodsire|49\/100\n|move|p2a: Clodsire|Earthquake|p1a: Dragapult\n|-damage|p1a: Dragapult|0 fnt\n|faint|p1a: Dragapult\n|\n|win|Dabmast3r\n|raw|IamMewtuber's rating: 1107 &rarr; <strong>1081<\/strong><br \/>(-26 for losing)\n|raw|Dabmast3r's rating: 1090 &rarr; <strong>1118<\/strong><br \/>(+28 for winning)\n|l|\u2606IamMewtuber\n","uploadtime":1699852467,"views":36,"p1id":"iammewtuber","p2id":"dabmast3r","formatid":"gen9ou","rating":1081,"private":0,"password":""}