{"id":"gen9ou-1998259679","p1":"endersOverlord","p2":"MunchieBubbles","format":"[Gen 9] OU","log":"|j|\u2606endersOverlord\n|j|\u2606MunchieBubbles\n|t:|1700921223\n|gametype|singles\n|player|p1|endersOverlord|colress|\n|player|p2|MunchieBubbles|roxie|\n|teamsize|p1|6\n|teamsize|p2|6\n|gen|9\n|tier|[Gen 9] OU\n|rule|Sleep Clause Mod: Limit one foe put to sleep\n|rule|Species Clause: Limit one of each Pok\u00e9mon\n|rule|OHKO Clause: OHKO moves are banned\n|rule|Evasion Items Clause: Evasion items are banned\n|rule|Evasion Moves Clause: Evasion moves are banned\n|rule|Endless Battle Clause: Forcing endless battles is banned\n|rule|HP Percentage Mod: HP is shown in percentages\n|clearpoke\n|poke|p1|Rotom-Wash|\n|poke|p1|Tinkaton, F|\n|poke|p1|Iron Hands|\n|poke|p1|Hydreigon, F|\n|poke|p1|Iron Moth|\n|poke|p1|Ogerpon, F|\n|poke|p2|Mismagius, F|\n|poke|p2|Meowscarada, M|\n|poke|p2|Ting-Lu|\n|poke|p2|Ogerpon-Wellspring, F|\n|poke|p2|Basculegion-F, F|\n|poke|p2|Breloom, M|\n|teampreview\n|\n|t:|1700921279\n|start\n|switch|p1a: Ogerpon|Ogerpon, F|100\/100\n|switch|p2a: Hanged Man|Mismagius, F|100\/100\n|turn|1\n|\n|t:|1700921288\n|move|p1a: Ogerpon|U-turn|p2a: Hanged Man\n|-resisted|p2a: Hanged Man\n|-damage|p2a: Hanged Man|65\/100\n|\n|t:|1700921300\n|switch|p1a: Harmonia|Hydreigon, F|100\/100|[from] U-turn\n|move|p2a: Hanged Man|Rain Dance|p2a: Hanged Man\n|-weather|RainDance\n|\n|-weather|RainDance|[upkeep]\n|upkeep\n|turn|2\n|\n|t:|1700921319\n|move|p2a: Hanged Man|Nasty Plot|p2a: Hanged Man\n|-boost|p2a: Hanged Man|spa|2\n|move|p1a: Harmonia|Dark Pulse|p2a: Hanged Man\n|-supereffective|p2a: Hanged Man\n|-damage|p2a: Hanged Man|0 fnt\n|faint|p2a: Hanged Man\n|-damage|p1a: Harmonia|91\/100|[from] item: Life Orb\n|\n|-weather|RainDance|[upkeep]\n|upkeep\n|\n|t:|1700921330\n|switch|p2a: Judgement|Basculegion-F, F|100\/100\n|turn|3\n|\n|t:|1700921339\n|-terastallize|p2a: Judgement|Water\n|move|p1a: Harmonia|Dark Pulse|p2a: Judgement\n|-damage|p2a: Judgement|37\/100\n|-damage|p1a: Harmonia|81\/100|[from] item: Life Orb\n|move|p2a: Judgement|Ice Beam|p1a: Harmonia\n|-supereffective|p1a: Harmonia\n|-damage|p1a: Harmonia|11\/100\n|\n|-weather|RainDance|[upkeep]\n|upkeep\n|turn|4\n|\n|t:|1700921352\n|move|p1a: Harmonia|Dark Pulse|p2a: Judgement\n|-damage|p2a: Judgement|0 fnt\n|faint|p2a: Judgement\n|-damage|p1a: Harmonia|1\/100|[from] item: Life Orb\n|\n|-weather|RainDance|[upkeep]\n|upkeep\n|\n|t:|1700921362\n|switch|p2a: Fool|Breloom, M|100\/100\n|turn|5\n|\n|t:|1700921366\n|move|p2a: Fool|Mach Punch|p1a: Harmonia\n|-supereffective|p1a: Harmonia\n|-damage|p1a: Harmonia|0 fnt\n|faint|p1a: Harmonia\n|\n|-weather|RainDance|[upkeep]\n|upkeep\n|\n|t:|1700921375\n|switch|p1a: Mr. Electric|Iron Hands, shiny|100\/100\n|turn|6\n|\n|t:|1700921385\n|move|p2a: Fool|Bullet Seed|p1a: Mr. Electric\n|-damage|p1a: Mr. Electric|90\/100\n|-damage|p1a: Mr. Electric|79\/100\n|-damage|p1a: Mr. Electric|67\/100\n|-crit|p1a: Mr. Electric\n|-damage|p1a: Mr. Electric|51\/100\n|-hitcount|p1a: Mr. Electric|4\n|move|p1a: Mr. Electric|Ice Punch|p2a: Fool\n|-supereffective|p2a: Fool\n|-damage|p2a: Fool|29\/100\n|\n|-weather|RainDance|[upkeep]\n|-heal|p1a: Mr. Electric|57\/100|[from] item: Leftovers\n|upkeep\n|turn|7\n|\n|t:|1700921402\n|-end|p1a: Mr. Electric|Quark Drive|[silent]\n|switch|p1a: Cal-Gone|Rotom-Wash, shiny|100\/100\n|move|p2a: Fool|Bullet Seed|p1a: Cal-Gone\n|-supereffective|p1a: Cal-Gone\n|-damage|p1a: Cal-Gone|65\/100\n|-supereffective|p1a: Cal-Gone\n|-crit|p1a: Cal-Gone\n|-damage|p1a: Cal-Gone|18\/100\n|-supereffective|p1a: Cal-Gone\n|-damage|p1a: Cal-Gone|0 fnt\n|faint|p1a: Cal-Gone\n|-hitcount|p1: Cal-Gone|3\n|\n|-weather|RainDance|[upkeep]\n|upkeep\n|\n|t:|1700921415\n|switch|p1a: Doubletap|Tinkaton, F|100\/100\n|-ability|p1a: Doubletap|Mold Breaker\n|turn|8\n|\n|t:|1700921425\n|move|p2a: Fool|Spore|p1a: Doubletap\n|-status|p1a: Doubletap|slp|[from] move: Spore\n|cant|p1a: Doubletap|slp\n|\n|-weather|none\n|upkeep\n|turn|9\n|\n|t:|1700921435\n|switch|p1a: Ra-Moon|Iron Moth, shiny|100\/100\n|move|p2a: Fool|Rock Slide|p1a: Ra-Moon\n|-supereffective|p1a: Ra-Moon\n|-damage|p1a: Ra-Moon|3\/100\n|\n|upkeep\n|turn|10\n|\n|t:|1700921445\n|move|p1a: Ra-Moon|Fiery Dance|p2a: Fool\n|-supereffective|p2a: Fool\n|-damage|p2a: Fool|0 fnt\n|-boost|p1a: Ra-Moon|spa|1\n|faint|p2a: Fool\n|\n|upkeep\n|\n|t:|1700921454\n|switch|p2a: Tower|Ting-Lu|100\/100\n|-ability|p2a: Tower|Vessel of Ruin\n|turn|11\n|\n|t:|1700921462\n|-terastallize|p1a: Ra-Moon|Fire\n|move|p1a: Ra-Moon|Fiery Dance|p2a: Tower\n|-damage|p2a: Tower|41\/100\n|move|p2a: Tower|Earthquake|p1a: Ra-Moon\n|-supereffective|p1a: Ra-Moon\n|-damage|p1a: Ra-Moon|0 fnt\n|faint|p1a: Ra-Moon\n|-end|p1a: Ra-Moon|Quark Drive|[silent]\n|\n|-heal|p2a: Tower|47\/100|[from] item: Leftovers\n|upkeep\n|\n|t:|1700921472\n|switch|p1a: Ogerpon|Ogerpon, F|100\/100\n|turn|12\n|\n|t:|1700921477\n|move|p1a: Ogerpon|Ivy Cudgel|p2a: Tower\n|-supereffective|p2a: Tower\n|-damage|p2a: Tower|0 fnt\n|faint|p2a: Tower\n|\n|upkeep\n|\n|t:|1700921484\n|switch|p2a: Magician|Meowscarada, M, shiny|100\/100\n|turn|13\n|\n|t:|1700921494\n|move|p2a: Magician|U-turn|p1a: Ogerpon\n|-start|p2a: Magician|typechange|Bug|[from] ability: Protean\n|-supereffective|p1a: Ogerpon\n|-damage|p1a: Ogerpon|22\/100\n|\n|t:|1700921499\n|switch|p2a: Star|Ogerpon-Wellspring, F|100\/100|[from] U-turn\n|move|p1a: Ogerpon|Ivy Cudgel|p2a: Star\n|-damage|p2a: Star|0 fnt\n|faint|p2a: Star\n|\n|upkeep\n|\n|t:|1700921509\n|switch|p2a: Magician|Meowscarada, M, shiny|100\/100\n|turn|14\n|\n|t:|1700921521\n|move|p2a: Magician|U-turn|p1a: Ogerpon\n|-start|p2a: Magician|typechange|Bug|[from] ability: Protean\n|-supereffective|p1a: Ogerpon\n|-damage|p1a: Ogerpon|0 fnt\n|faint|p1a: Ogerpon\n|\n|upkeep\n|\n|t:|1700921530\n|switch|p1a: Doubletap|Tinkaton, F|100\/100 slp\n|-ability|p1a: Doubletap|Mold Breaker\n|turn|15\n|\n|t:|1700921535\n|move|p2a: Magician|U-turn|p1a: Doubletap\n|-resisted|p1a: Doubletap\n|-damage|p1a: Doubletap|91\/100 slp\n|cant|p1a: Doubletap|slp\n|\n|-heal|p1a: Doubletap|97\/100 slp|[from] item: Leftovers\n|upkeep\n|turn|16\n|\n|t:|1700921543\n|move|p2a: Magician|U-turn|p1a: Doubletap\n|-resisted|p1a: Doubletap\n|-damage|p1a: Doubletap|88\/100 slp\n|cant|p1a: Doubletap|slp\n|\n|-heal|p1a: Doubletap|95\/100 slp|[from] item: Leftovers\n|upkeep\n|turn|17\n|\n|t:|1700921551\n|move|p2a: Magician|U-turn|p1a: Doubletap\n|-resisted|p1a: Doubletap\n|-damage|p1a: Doubletap|86\/100 slp\n|-curestatus|p1a: Doubletap|slp|[msg]\n|move|p1a: Doubletap|Thunder Wave|p2a: Magician\n|-status|p2a: Magician|par\n|\n|-heal|p1a: Doubletap|92\/100|[from] item: Leftovers\n|upkeep\n|turn|18\n|\n|t:|1700921561\n|move|p2a: Magician|U-turn|p1a: Doubletap\n|-resisted|p1a: Doubletap\n|-damage|p1a: Doubletap|82\/100\n|move|p1a: Doubletap|Play Rough|p2a: Magician\n|-damage|p2a: Magician|62\/100 par\n|\n|-heal|p1a: Doubletap|88\/100|[from] item: Leftovers\n|upkeep\n|turn|19\n|\n|t:|1700921570\n|move|p2a: Magician|U-turn|p1a: Doubletap\n|-resisted|p1a: Doubletap\n|-damage|p1a: Doubletap|79\/100\n|move|p1a: Doubletap|Play Rough|p2a: Magician|[miss]\n|-miss|p1a: Doubletap|p2a: Magician\n|\n|-heal|p1a: Doubletap|85\/100|[from] item: Leftovers\n|upkeep\n|turn|20\n|\n|t:|1700921579\n|move|p2a: Magician|U-turn|p1a: Doubletap\n|-resisted|p1a: Doubletap\n|-damage|p1a: Doubletap|75\/100\n|move|p1a: Doubletap|Play Rough|p2a: Magician\n|-damage|p2a: Magician|25\/100 par\n|\n|-heal|p1a: Doubletap|82\/100|[from] item: Leftovers\n|upkeep\n|turn|21\n|\n|t:|1700921588\n|move|p2a: Magician|U-turn|p1a: Doubletap\n|-resisted|p1a: Doubletap\n|-damage|p1a: Doubletap|73\/100\n|move|p1a: Doubletap|Play Rough|p2a: Magician\n|-damage|p2a: Magician|0 fnt\n|faint|p2a: Magician\n|\n|win|endersOverlord\n|l|\u2606MunchieBubbles\n","uploadtime":1700921946,"views":2,"p1id":"endersoverlord","p2id":"munchiebubbles","formatid":"gen9ou","rating":0,"private":0,"password":""}