{"id":"gen9ou-1995061669","p1":"PurifyingGhost","p2":"TrishulaDaBestBoi","format":"[Gen 9] OU","log":"|j|\u2606PurifyingGhost\n|j|\u2606TrishulaDaBestBoi\n|t:|1700518387\n|gametype|singles\n|player|p1|PurifyingGhost|li|1376\n|player|p2|TrishulaDaBestBoi|benga|1333\n|teamsize|p1|6\n|teamsize|p2|6\n|gen|9\n|tier|[Gen 9] OU\n|rated|\n|rule|Sleep Clause Mod: Limit one foe put to sleep\n|rule|Species Clause: Limit one of each Pok\u00e9mon\n|rule|OHKO Clause: OHKO moves are banned\n|rule|Evasion Items Clause: Evasion items are banned\n|rule|Evasion Moves Clause: Evasion moves are banned\n|rule|Endless Battle Clause: Forcing endless battles is banned\n|rule|HP Percentage Mod: HP is shown in percentages\n|clearpoke\n|poke|p1|Zoroark-Hisui, F|\n|poke|p1|Corviknight, M|\n|poke|p1|Lokix, M|\n|poke|p1|Ogerpon-Wellspring, F|\n|poke|p1|Kleavor, F|\n|poke|p1|Great Tusk|\n|poke|p2|Torkoal, F|\n|poke|p2|Walking Wake|\n|poke|p2|Iron Moth|\n|poke|p2|Corviknight, M|\n|poke|p2|Garchomp, M|\n|poke|p2|Dragapult, F|\n|teampreview\n|inactive|Battle timer is ON: inactive players will automatically lose when time's up. (requested by TrishulaDaBestBoi)\n|\n|t:|1700518406\n|start\n|switch|p1a: Great Tusk|Great Tusk|100\/100\n|switch|p2a: Gigan|Dragapult, F|100\/100\n|-enditem|p1a: Great Tusk|Booster Energy\n|-activate|p1a: Great Tusk|ability: Protosynthesis|[fromitem]\n|-start|p1a: Great Tusk|protosynthesisspe\n|turn|1\n|\n|t:|1700518420\n|move|p1a: Great Tusk|Bulk Up|p1a: Great Tusk\n|-boost|p1a: Great Tusk|atk|1\n|-boost|p1a: Great Tusk|def|1\n|move|p2a: Gigan|Draco Meteor|p1a: Great Tusk\n|-damage|p1a: Great Tusk|0 fnt\n|-unboost|p2a: Gigan|spa|2\n|faint|p1a: Great Tusk\n|-end|p1a: Great Tusk|Protosynthesis|[silent]\n|\n|upkeep\n|\n|t:|1700518429\n|switch|p1a: Ogerpon|Ogerpon-Wellspring, F|100\/100\n|turn|2\n|\n|t:|1700518434\n|switch|p2a: Gojira|Garchomp, M|100\/100\n|move|p1a: Ogerpon|Shadow Ball|p2a: Gojira\n|-damage|p2a: Gojira|37\/100\n|\n|upkeep\n|turn|3\n|\n|t:|1700518441\n|switch|p2a: Battra|Corviknight, M|100\/100\n|-ability|p2a: Battra|Pressure\n|move|p1a: Ogerpon|Shadow Ball|p2a: Battra\n|-damage|p2a: Battra|50\/100\n|-unboost|p2a: Battra|spd|1\n|\n|upkeep\n|turn|4\n|\n|t:|1700518451\n|move|p1a: Ogerpon|Shadow Ball|p2a: Battra\n|-damage|p2a: Battra|0 fnt\n|faint|p2a: Battra\n|\n|upkeep\n|\n|t:|1700518457\n|switch|p2a: Gigan|Dragapult, F|100\/100\n|turn|5\n|\n|t:|1700518462\n|move|p2a: Gigan|Shadow Ball|p1a: Ogerpon\n|-immune|p1a: Ogerpon\n|move|p1a: Ogerpon|Shadow Ball|p2a: Gigan\n|-supereffective|p2a: Gigan\n|-damage|p2a: Gigan|0 fnt\n|faint|p2a: Gigan\n|\n|upkeep\n|c|\u2606TrishulaDaBestBoi|i'm dumb\n|\n|t:|1700518474\n|switch|p2a: Gamera|Torkoal, F|100\/100\n|-weather|SunnyDay|[from] ability: Drought|[of] p2a: Gamera\n|turn|6\n|\n|t:|1700518478\n|move|p1a: Ogerpon|Shadow Ball|p2a: Gamera\n|-damage|p2a: Gamera|37\/100\n|move|p2a: Gamera|Yawn|p1a: Ogerpon\n|-start|p1a: Ogerpon|move: Yawn|[of] p2a: Gamera\n|\n|-weather|SunnyDay|[upkeep]\n|upkeep\n|turn|7\n|\n|t:|1700518488\n|move|p1a: Ogerpon|Shadow Ball|p2a: Gamera\n|-damage|p2a: Gamera|0 fnt\n|faint|p2a: Gamera\n|\n|-weather|SunnyDay|[upkeep]\n|-end|p1a: Ogerpon|move: Yawn|[silent]\n|-status|p1a: Ogerpon|slp\n|upkeep\n|\n|t:|1700518498\n|switch|p2a: Mothra|Iron Moth|100\/100\n|-enditem|p2a: Mothra|Booster Energy\n|-activate|p2a: Mothra|ability: Quark Drive|[fromitem]\n|-start|p2a: Mothra|quarkdrivespe\n|turn|8\n|\n|t:|1700518509\n|switch|p1a: Corviknight|Corviknight, M|100\/100\n|-ability|p1a: Corviknight|Pressure\n|move|p2a: Mothra|Fiery Dance|p1a: Corviknight\n|-supereffective|p1a: Corviknight\n|-damage|p1a: Corviknight|0 fnt\n|-boost|p2a: Mothra|spa|1\n|faint|p1a: Corviknight\n|\n|-weather|SunnyDay|[upkeep]\n|upkeep\n|\n|t:|1700518521\n|switch|p1a: Ogerpon|Ogerpon-Wellspring, F|100\/100\n|turn|9\n|\n|t:|1700518525\n|-terastallize|p1a: Ogerpon|Water\n|detailschange|p1a: Ogerpon|Ogerpon-Wellspring-Tera, F, tera:Water\n|-ability|p1a: Ogerpon|Embody Aspect (Wellspring)|boost\n|-boost|p1a: Ogerpon|spd|1\n|move|p2a: Mothra|Sludge Wave|p1a: Ogerpon\n|-damage|p1a: Ogerpon|48\/100\n|move|p1a: Ogerpon|Ivy Cudgel|p2a: Mothra|[anim] Ivy Cudgel Water\n|-supereffective|p2a: Mothra\n|-damage|p2a: Mothra|0 fnt\n|faint|p2a: Mothra\n|-end|p2a: Mothra|Quark Drive|[silent]\n|\n|-weather|SunnyDay|[upkeep]\n|upkeep\n|-message|TrishulaDaBestBoi forfeited.\n|\n|win|PurifyingGhost\n|raw|PurifyingGhost's rating: 1376 &rarr; <strong>1394<\/strong><br \/>(+18 for winning)\n|raw|TrishulaDaBestBoi's rating: 1333 &rarr; <strong>1315<\/strong><br \/>(-18 for losing)\n|l|\u2606TrishulaDaBestBoi\n","uploadtime":1700518548,"views":5,"p1id":"purifyingghost","p2id":"trishuladabestboi","formatid":"gen9ou","rating":1315,"private":0,"password":""}