{"id":"gen9ou-1991606341","p1":"RedSkyAtNight","p2":"littensalt","format":"[Gen 9] OU","log":"|j|\u2606RedSkyAtNight\n|j|\u2606littensalt\n|t:|1700093477\n|gametype|singles\n|player|p1|RedSkyAtNight|colress|1336\n|player|p2|littensalt|calem|1326\n|teamsize|p1|6\n|teamsize|p2|6\n|gen|9\n|tier|[Gen 9] OU\n|rated|\n|rule|Sleep Clause Mod: Limit one foe put to sleep\n|rule|Species Clause: Limit one of each Pok\u00e9mon\n|rule|OHKO Clause: OHKO moves are banned\n|rule|Evasion Items Clause: Evasion items are banned\n|rule|Evasion Moves Clause: Evasion moves are banned\n|rule|Endless Battle Clause: Forcing endless battles is banned\n|rule|HP Percentage Mod: HP is shown in percentages\n|clearpoke\n|poke|p1|Rillaboom, M|\n|poke|p1|Ribombee, M|\n|poke|p1|Gholdengo|\n|poke|p1|Samurott-Hisui, M|\n|poke|p1|Ursaluna, M|\n|poke|p1|Iron Moth|\n|poke|p2|Thundurus-Therian, M|\n|poke|p2|Weezing-Galar, F|\n|poke|p2|Cinderace, M|\n|poke|p2|Dragapult, F|\n|poke|p2|Greninja-*, M|\n|poke|p2|Zamazenta-*|\n|teampreview\n|\n|t:|1700093487\n|start\n|switch|p1a: Ribombee|Ribombee, M, shiny|100\/100\n|switch|p2a: KIDS SEE GHOST|Dragapult, F, shiny|100\/100\n|turn|1\n|\n|t:|1700093491\n|move|p2a: KIDS SEE GHOST|U-turn|p1a: Ribombee\n|-resisted|p1a: Ribombee\n|-damage|p1a: Ribombee|84\/100\n|\n|t:|1700093494\n|switch|p2a: FRANCHISE|Cinderace, M|100\/100|[from] U-turn\n|move|p1a: Ribombee|Sticky Web|p2a: FRANCHISE\n|-sidestart|p2: littensalt|move: Sticky Web\n|\n|upkeep\n|turn|2\n|\n|t:|1700093498\n|move|p1a: Ribombee|Sticky Web||[still]\n|-fail|p1a: Ribombee\n|move|p2a: FRANCHISE|Pyro Ball|p1a: Ribombee\n|-supereffective|p1a: Ribombee\n|-damage|p1a: Ribombee|0 fnt\n|faint|p1a: Ribombee\n|\n|upkeep\n|\n|t:|1700093518\n|switch|p1a: Ursaluna|Ursaluna, M, shiny|100\/100\n|turn|3\n|\n|t:|1700093529\n|move|p2a: FRANCHISE|U-turn|p1a: Ursaluna\n|-start|p2a: FRANCHISE|typechange|Bug|[from] ability: Libero\n|-damage|p1a: Ursaluna|71\/100\n|\n|t:|1700093530\n|switch|p2a: wheezy outta here|Weezing-Galar, F, shiny|100\/100|[from] U-turn\n|-ability|p2a: wheezy outta here|Neutralizing Gas\n|-activate|p2a: wheezy outta here|move: Sticky Web\n|-unboost|p2a: wheezy outta here|spe|1\n|move|p1a: Ursaluna|Trailblaze|p2a: wheezy outta here\n|-resisted|p2a: wheezy outta here\n|-damage|p2a: wheezy outta here|94\/100\n|-boost|p1a: Ursaluna|spe|1\n|-damage|p1a: Ursaluna|55\/100|[from] item: Rocky Helmet|[of] p2a: wheezy outta here\n|\n|-status|p1a: Ursaluna|brn|[from] item: Flame Orb\n|upkeep\n|turn|4\n|\n|t:|1700093541\n|move|p1a: Ursaluna|Headlong Rush|p2a: wheezy outta here\n|-supereffective|p2a: wheezy outta here\n|-damage|p2a: wheezy outta here|52\/100\n|-unboost|p1a: Ursaluna|def|1\n|-unboost|p1a: Ursaluna|spd|1\n|-damage|p1a: Ursaluna|38\/100 brn|[from] item: Rocky Helmet|[of] p2a: wheezy outta here\n|move|p2a: wheezy outta here|Haze|p2a: wheezy outta here\n|-clearallboost\n|\n|-damage|p1a: Ursaluna|32\/100 brn|[from] brn\n|upkeep\n|turn|5\n|inactive|Battle timer is ON: inactive players will automatically lose when time's up. (requested by littensalt)\n|\n|t:|1700093564\n|switch|p1a: Samurott|Samurott-Hisui, M, shiny|100\/100\n|move|p2a: wheezy outta here|Strange Steam|p1a: Samurott\n|-supereffective|p1a: Samurott\n|-damage|p1a: Samurott|16\/100\n|\n|upkeep\n|turn|6\n|\n|t:|1700093594\n|move|p1a: Samurott|Razor Shell|p2a: wheezy outta here\n|-damage|p2a: wheezy outta here|29\/100\n|-damage|p1a: Samurott|0 fnt|[from] item: Rocky Helmet|[of] p2a: wheezy outta here\n|faint|p1a: Samurott\n|move|p2a: wheezy outta here|Strange Steam|p1: Samurott|[notarget]\n|-fail|p2a: wheezy outta here\n|\n|upkeep\n|\n|t:|1700093600\n|switch|p1a: Iron Moth|Iron Moth|100\/100\n|-enditem|p1a: Iron Moth|Booster Energy\n|-activate|p1a: Iron Moth|ability: Quark Drive|[fromitem]\n|-start|p1a: Iron Moth|quarkdrivespe\n|turn|7\n|j| OUVT spin da bloc\n|l| OUVT spin da bloc\n|\n|t:|1700093605\n|-end|p2a: wheezy outta here|ability: Neutralizing Gas\n|switch|p2a: FRANCHISE|Cinderace, M|100\/100\n|move|p1a: Iron Moth|Fiery Dance|p2a: FRANCHISE\n|-resisted|p2a: FRANCHISE\n|-damage|p2a: FRANCHISE|70\/100\n|\n|upkeep\n|turn|8\n|\n|t:|1700093611\n|move|p1a: Iron Moth|Sludge Wave|p2a: FRANCHISE\n|-crit|p2a: FRANCHISE\n|-damage|p2a: FRANCHISE|0 fnt\n|faint|p2a: FRANCHISE\n|\n|upkeep\n|\n|t:|1700093615\n|switch|p2a: N95|Greninja, M|100\/100\n|-activate|p2a: N95|move: Sticky Web\n|-unboost|p2a: N95|spe|1\n|turn|9\n|\n|t:|1700093621\n|move|p2a: N95|Water Shuriken|p1a: Iron Moth\n|-supereffective|p1a: Iron Moth\n|-damage|p1a: Iron Moth|82\/100\n|-supereffective|p1a: Iron Moth\n|-damage|p1a: Iron Moth|63\/100\n|-supereffective|p1a: Iron Moth\n|-damage|p1a: Iron Moth|45\/100\n|-hitcount|p1a: Iron Moth|3\n|-damage|p2a: N95|91\/100|[from] item: Life Orb\n|move|p1a: Iron Moth|Energy Ball|p2a: N95\n|-supereffective|p2a: N95\n|-damage|p2a: N95|0 fnt\n|faint|p2a: N95\n|\n|upkeep\n|\n|t:|1700093634\n|switch|p2a: 5g|Thundurus-Therian, M, shiny|100\/100\n|turn|10\n|\n|t:|1700093653\n|-terastallize|p1a: Iron Moth|Grass\n|move|p1a: Iron Moth|Fiery Dance|p2a: 5g\n|-damage|p2a: 5g|47\/100\n|-boost|p1a: Iron Moth|spa|1\n|move|p2a: 5g|Dark Pulse|p1a: Iron Moth\n|-damage|p1a: Iron Moth|0 fnt\n|faint|p1a: Iron Moth\n|-end|p1a: Iron Moth|Quark Drive|[silent]\n|\n|upkeep\n|\n|t:|1700093670\n|switch|p1a: Rillaboom|Rillaboom, M, shiny|100\/100\n|-fieldstart|move: Grassy Terrain|[from] ability: Grassy Surge|[of] p1a: Rillaboom\n|turn|11\n|\n|t:|1700093674\n|switch|p2a: wheezy outta here|Weezing-Galar, F, shiny|29\/100\n|-ability|p2a: wheezy outta here|Neutralizing Gas\n|-activate|p2a: wheezy outta here|move: Sticky Web\n|-unboost|p2a: wheezy outta here|spe|1\n|move|p1a: Rillaboom|Grassy Glide|p2a: wheezy outta here\n|-resisted|p2a: wheezy outta here\n|-damage|p2a: wheezy outta here|9\/100\n|-damage|p1a: Rillaboom|84\/100|[from] item: Rocky Helmet|[of] p2a: wheezy outta here\n|\n|-heal|p1a: Rillaboom|90\/100|[from] Grassy Terrain\n|-heal|p2a: wheezy outta here|15\/100|[from] Grassy Terrain\n|upkeep\n|turn|12\n|inactive|RedSkyAtNight has 120 seconds left.\n|\n|t:|1700093711\n|move|p1a: Rillaboom|Grassy Glide|p2a: wheezy outta here\n|-resisted|p2a: wheezy outta here\n|-damage|p2a: wheezy outta here|0 fnt\n|-damage|p1a: Rillaboom|74\/100|[from] item: Rocky Helmet|[of] p2a: wheezy outta here\n|faint|p2a: wheezy outta here\n|-end|p2a: wheezy outta here|ability: Neutralizing Gas\n|\n|-heal|p1a: Rillaboom|80\/100|[from] Grassy Terrain\n|upkeep\n|\n|t:|1700093740\n|switch|p2a: november|Zamazenta|100\/100\n|-activate|p2a: november|move: Sticky Web\n|-unboost|p2a: november|spe|1\n|-ability|p2a: november|Dauntless Shield|boost\n|-boost|p2a: november|def|1\n|turn|13\n|inactive|RedSkyAtNight has 120 seconds left.\n|\n|t:|1700093756\n|switch|p1a: Ursaluna|Ursaluna, M, shiny|32\/100 brn\n|move|p2a: november|Substitute|p2a: november\n|-start|p2a: november|Substitute\n|-damage|p2a: november|75\/100\n|\n|-heal|p2a: november|82\/100|[from] Grassy Terrain\n|-heal|p2a: november|88\/100|[from] item: Leftovers\n|-heal|p1a: Ursaluna|38\/100 brn|[from] Grassy Terrain\n|-damage|p1a: Ursaluna|32\/100 brn|[from] brn\n|upkeep\n|turn|14\n|\n|t:|1700093759\n|move|p2a: november|Body Press|p1a: Ursaluna\n|-supereffective|p1a: Ursaluna\n|-damage|p1a: Ursaluna|0 fnt\n|faint|p1a: Ursaluna\n|\n|-heal|p2a: november|94\/100|[from] Grassy Terrain\n|-heal|p2a: november|99\/100|[from] item: Leftovers\n|upkeep\n|\n|t:|1700093764\n|switch|p1a: Gholdengo|Gholdengo|100\/100\n|-item|p1a: Gholdengo|Air Balloon\n|turn|15\n|\n|t:|1700093770\n|move|p1a: Gholdengo|Nasty Plot|p1a: Gholdengo\n|-boost|p1a: Gholdengo|spa|2\n|move|p2a: november|Crunch|p1a: Gholdengo\n|-supereffective|p1a: Gholdengo\n|-damage|p1a: Gholdengo|54\/100\n|-enditem|p1a: Gholdengo|Air Balloon\n|\n|-heal|p1a: Gholdengo|60\/100|[from] Grassy Terrain\n|-heal|p2a: november|100\/100|[from] Grassy Terrain\n|-fieldend|move: Grassy Terrain\n|upkeep\n|turn|16\n|\n|t:|1700093772\n|move|p1a: Gholdengo|Shadow Ball|p2a: november\n|-end|p2a: november|Substitute\n|move|p2a: november|Crunch|p1a: Gholdengo\n|-supereffective|p1a: Gholdengo\n|-damage|p1a: Gholdengo|14\/100\n|\n|upkeep\n|turn|17\n|\n|t:|1700093775\n|move|p1a: Gholdengo|Make It Rain|p2a: november\n|-damage|p2a: november|6\/100\n|-unboost|p1a: Gholdengo|spa|1\n|move|p2a: november|Crunch|p1a: Gholdengo\n|-supereffective|p1a: Gholdengo\n|-damage|p1a: Gholdengo|0 fnt\n|faint|p1a: Gholdengo\n|\n|-heal|p2a: november|12\/100|[from] item: Leftovers\n|upkeep\n|\n|t:|1700093779\n|switch|p1a: Rillaboom|Rillaboom, M, shiny|80\/100\n|-fieldstart|move: Grassy Terrain|[from] ability: Grassy Surge|[of] p1a: Rillaboom\n|turn|18\n|\n|t:|1700093795\n|-terastallize|p2a: november|Steel\n|move|p1a: Rillaboom|Grassy Glide|p2a: november\n|-resisted|p2a: november\n|-damage|p2a: november|0 fnt\n|faint|p2a: november\n|\n|-heal|p1a: Rillaboom|86\/100|[from] Grassy Terrain\n|upkeep\n|\n|t:|1700093800\n|switch|p2a: KIDS SEE GHOST|Dragapult, F, shiny|100\/100\n|-activate|p2a: KIDS SEE GHOST|move: Sticky Web\n|-unboost|p2a: KIDS SEE GHOST|spe|1\n|turn|19\n|\n|t:|1700093806\n|move|p1a: Rillaboom|Grassy Glide|p2a: KIDS SEE GHOST\n|-resisted|p2a: KIDS SEE GHOST\n|-damage|p2a: KIDS SEE GHOST|61\/100\n|move|p2a: KIDS SEE GHOST|Flamethrower|p1a: Rillaboom\n|-supereffective|p1a: Rillaboom\n|-damage|p1a: Rillaboom|0 fnt\n|faint|p1a: Rillaboom\n|\n|win|littensalt\n|raw|RedSkyAtNight's rating: 1336 &rarr; <strong>1315<\/strong><br \/>(-21 for losing)\n|raw|littensalt's rating: 1326 &rarr; <strong>1347<\/strong><br \/>(+21 for winning)\n|l|\u2606RedSkyAtNight\n|c|\u2606littensalt|ggwp\n","uploadtime":1700093816,"views":7,"p1id":"redskyatnight","p2id":"littensalt","formatid":"gen9ou","rating":1315,"private":0,"password":""}