{"id":"gen9ou-1997449782","p1":"Magiquaza","p2":"Mqple","format":"[Gen 9] OU","log":"|j|\u2606Magiquaza\n|j|!Mqple\n|inactive|Battle timer is ON: inactive players will automatically lose when time's up.\n|t:|1700807274\n|gametype|singles\n|player|p1|Magiquaza|265|\n|player|p2|Mqple|266|\n|teamsize|p1|3\n|teamsize|p2|3\n|gen|9\n|tier|[Gen 9] OU\n|rated|Tournament battle\n|rule|Sleep Clause Mod: Limit one foe put to sleep\n|rule|Species Clause: Limit one of each Pok\u00e9mon\n|rule|OHKO Clause: OHKO moves are banned\n|rule|Evasion Items Clause: Evasion items are banned\n|rule|Evasion Moves Clause: Evasion moves are banned\n|rule|Endless Battle Clause: Forcing endless battles is banned\n|rule|HP Percentage Mod: HP is shown in percentages\n|clearpoke\n|poke|p1|Gholdengo|\n|poke|p1|Toxapex, M|\n|poke|p1|Hippowdon, M|\n|poke|p2|Charizard, M|\n|poke|p2|Honchkrow, M|\n|poke|p2|Sandile, M|\n|teampreview\n|j|*Lady Monita \u2746\n|inactive|Magiquaza also wants the timer to be on.\n|inactive|Mqple also wants the timer to be on.\n|c|\u2606Magiquaza|glhf\n|\n|t:|1700807290\n|start\n|switch|p1a: Toxapex|Toxapex, M|100\/100\n|switch|p2a: Honchkrow|Honchkrow, M|100\/100\n|turn|1\n|j| WrenTheBurb\n|\n|t:|1700807307\n|move|p2a: Honchkrow|Brave Bird|p1a: Toxapex\n|-damage|p1a: Toxapex|49\/100\n|-damage|p2a: Honchkrow|88\/100|[from] Recoil\n|move|p1a: Toxapex|Toxic|p2a: Honchkrow\n|-status|p2a: Honchkrow|tox\n|\n|-heal|p2a: Honchkrow|94\/100 tox|[from] item: Leftovers\n|-heal|p1a: Toxapex|55\/100|[from] item: Leftovers\n|-damage|p2a: Honchkrow|88\/100 tox|[from] psn\n|upkeep\n|turn|2\n|\n|t:|1700807311\n|move|p1a: Toxapex|Baneful Bunker|p1a: Toxapex\n|-singleturn|p1a: Toxapex|move: Protect\n|move|p2a: Honchkrow|Brave Bird|p1a: Toxapex\n|-activate|p1a: Toxapex|move: Protect\n|\n|-heal|p2a: Honchkrow|94\/100 tox|[from] item: Leftovers\n|-heal|p1a: Toxapex|61\/100|[from] item: Leftovers\n|-damage|p2a: Honchkrow|81\/100 tox|[from] psn\n|upkeep\n|turn|3\n|\n|t:|1700807321\n|switch|p1a: Hippowdon|Hippowdon, M|100\/100\n|-weather|Sandstorm|[from] ability: Sand Stream|[of] p1a: Hippowdon\n|-terastallize|p2a: Honchkrow|Dark\n|move|p2a: Honchkrow|Psychic|p1a: Hippowdon\n|-damage|p1a: Hippowdon|79\/100\n|\n|-weather|Sandstorm|[upkeep]\n|-damage|p2a: Honchkrow|75\/100 tox|[from] Sandstorm\n|-heal|p2a: Honchkrow|81\/100 tox|[from] item: Leftovers\n|-heal|p1a: Hippowdon|85\/100|[from] item: Leftovers\n|-damage|p2a: Honchkrow|63\/100 tox|[from] psn\n|upkeep\n|turn|4\n|\n|t:|1700807331\n|move|p2a: Honchkrow|Facade|p1a: Hippowdon\n|-damage|p1a: Hippowdon|58\/100\n|move|p1a: Hippowdon|Stealth Rock|p2a: Honchkrow\n|-sidestart|p2: Mqple|move: Stealth Rock\n|\n|-weather|Sandstorm|[upkeep]\n|-damage|p2a: Honchkrow|57\/100 tox|[from] Sandstorm\n|-heal|p2a: Honchkrow|63\/100 tox|[from] item: Leftovers\n|-heal|p1a: Hippowdon|64\/100|[from] item: Leftovers\n|-damage|p2a: Honchkrow|38\/100 tox|[from] psn\n|upkeep\n|turn|5\n|\n|t:|1700807337\n|move|p2a: Honchkrow|U-turn|p1a: Hippowdon\n|-damage|p1a: Hippowdon|50\/100\n|j| kaminazalil\n|\n|t:|1700807340\n|switch|p2a: Sandile|Sandile, M|100\/100|[from] U-turn\n|-damage|p2a: Sandile|95\/100|[from] Stealth Rock\n|-ability|p2a: Sandile|Intimidate|boost\n|-unboost|p1a: Hippowdon|atk|1\n|move|p1a: Hippowdon|Slack Off|p1a: Hippowdon\n|-heal|p1a: Hippowdon|100\/100\n|\n|-weather|Sandstorm|[upkeep]\n|upkeep\n|turn|6\n|\n|t:|1700807350\n|move|p2a: Sandile|Stone Edge|p1a: Hippowdon\n|-resisted|p1a: Hippowdon\n|-damage|p1a: Hippowdon|96\/100\n|move|p1a: Hippowdon|Whirlwind|p2a: Sandile\n|drag|p2a: Honchkrow|Honchkrow, M, tera:Dark|38\/100 tox\n|-damage|p2a: Honchkrow|26\/100 tox|[from] Stealth Rock\n|\n|-weather|Sandstorm|[upkeep]\n|-damage|p2a: Honchkrow|20\/100 tox|[from] Sandstorm\n|-heal|p2a: Honchkrow|26\/100 tox|[from] item: Leftovers\n|-heal|p1a: Hippowdon|100\/100|[from] item: Leftovers\n|-damage|p2a: Honchkrow|20\/100 tox|[from] psn\n|upkeep\n|turn|7\n|n|\u2606Mqple|mqple\n|\n|t:|1700807358\n|move|p2a: Honchkrow|Brave Bird|p1a: Hippowdon\n|-damage|p1a: Hippowdon|68\/100\n|-damage|p2a: Honchkrow|8\/100 tox|[from] Recoil\n|move|p1a: Hippowdon|Whirlwind|p2a: Honchkrow\n|drag|p2a: Sandile|Sandile, M|95\/100\n|-damage|p2a: Sandile|89\/100|[from] Stealth Rock\n|-ability|p2a: Sandile|Intimidate|boost\n|-unboost|p1a: Hippowdon|atk|1\n|\n|-weather|none\n|-heal|p1a: Hippowdon|74\/100|[from] item: Leftovers\n|upkeep\n|turn|8\n|\n|t:|1700807367\n|move|p2a: Sandile|Earthquake|p1a: Hippowdon\n|-damage|p1a: Hippowdon|59\/100\n|move|p1a: Hippowdon|Whirlwind|p2a: Sandile\n|drag|p2a: Charizard|Charizard, M|100\/100\n|-damage|p2a: Charizard|51\/100|[from] Stealth Rock\n|\n|-heal|p1a: Hippowdon|65\/100|[from] item: Leftovers\n|upkeep\n|turn|9\n|\n|t:|1700807373\n|-singleturn|p2a: Charizard|move: Focus Punch\n|move|p2a: Charizard|Focus Punch|p1a: Hippowdon\n|-damage|p1a: Hippowdon|44\/100\n|move|p1a: Hippowdon|Whirlwind|p2a: Charizard\n|drag|p2a: Sandile|Sandile, M|89\/100\n|-damage|p2a: Sandile|83\/100|[from] Stealth Rock\n|-ability|p2a: Sandile|Intimidate|boost\n|-unboost|p1a: Hippowdon|atk|1\n|\n|-heal|p1a: Hippowdon|50\/100|[from] item: Leftovers\n|upkeep\n|turn|10\n|\n|t:|1700807378\n|move|p2a: Sandile|Earthquake|p1a: Hippowdon\n|-damage|p1a: Hippowdon|36\/100\n|move|p1a: Hippowdon|Slack Off|p1a: Hippowdon\n|-heal|p1a: Hippowdon|86\/100\n|\n|-heal|p1a: Hippowdon|93\/100|[from] item: Leftovers\n|upkeep\n|turn|11\n|\n|t:|1700807381\n|move|p2a: Sandile|Stone Edge|p1a: Hippowdon\n|-resisted|p1a: Hippowdon\n|-damage|p1a: Hippowdon|88\/100\n|move|p1a: Hippowdon|Earthquake|p2a: Sandile\n|-damage|p2a: Sandile|37\/100\n|\n|-heal|p1a: Hippowdon|94\/100|[from] item: Leftovers\n|upkeep\n|turn|12\n|\n|t:|1700807386\n|move|p2a: Sandile|Protect|p2a: Sandile\n|-singleturn|p2a: Sandile|Protect\n|move|p1a: Hippowdon|Earthquake|p2a: Sandile\n|-activate|p2a: Sandile|move: Protect\n|\n|-heal|p1a: Hippowdon|99\/100|[from] item: Leftovers\n|upkeep\n|turn|13\n|\n|t:|1700807390\n|move|p2a: Sandile|Earthquake|p1a: Hippowdon\n|-damage|p1a: Hippowdon|86\/100\n|move|p1a: Hippowdon|Earthquake|p2a: Sandile\n|-damage|p2a: Sandile|0 fnt\n|faint|p2a: Sandile\n|\n|-heal|p1a: Hippowdon|92\/100|[from] item: Leftovers\n|upkeep\n|\n|t:|1700807392\n|switch|p2a: Honchkrow|Honchkrow, M, tera:Dark|8\/100 tox\n|-damage|p2a: Honchkrow|0 fnt|[from] Stealth Rock\n|faint|p2a: Honchkrow\n|\n|t:|1700807394\n|switch|p2a: Charizard|Charizard, M|51\/100\n|-damage|p2a: Charizard|1\/100|[from] Stealth Rock\n|turn|14\n|\n|t:|1700807415\n|move|p2a: Charizard|Flare Blitz|p1a: Hippowdon\n|-damage|p1a: Hippowdon|54\/100\n|-damage|p2a: Charizard|0 fnt|[from] Recoil\n|faint|p2a: Charizard\n|\n|win|Magiquaza\n|n|\u2606Magiquaza|magiquaza\n|n|\u2606Mqple|mqple\n|n|*Lady Monita \u2746|ladymonita\n|n| WrenTheBurb|wrentheburb\n|n| kaminazalil|kaminazalil\n","uploadtime":1700807416,"views":2,"p1id":"magiquaza","p2id":"mqple","formatid":"gen9ou","rating":0,"private":0,"password":""}