{"id":"gen9ou-1992892917","p1":"KoreanEvergreen","p2":"Imanjoneser","format":"[Gen 9] OU","log":"|j|\u2606KoreanEvergreen\n|j|\u2606Imanjoneser\n|t:|1700244520\n|gametype|singles\n|player|p1|KoreanEvergreen|266|1000\n|player|p2|Imanjoneser|bugcatcher-gen4dp|1008\n|teamsize|p1|6\n|teamsize|p2|6\n|gen|9\n|tier|[Gen 9] OU\n|rated|\n|rule|Sleep Clause Mod: Limit one foe put to sleep\n|rule|Species Clause: Limit one of each Pok\u00e9mon\n|rule|OHKO Clause: OHKO moves are banned\n|rule|Evasion Items Clause: Evasion items are banned\n|rule|Evasion Moves Clause: Evasion moves are banned\n|rule|Endless Battle Clause: Forcing endless battles is banned\n|rule|HP Percentage Mod: HP is shown in percentages\n|clearpoke\n|poke|p1|Greninja-*, F|\n|poke|p1|Heatran, M|\n|poke|p1|Zapdos|\n|poke|p1|Amoonguss, F|\n|poke|p1|Lilligant-Hisui, F|\n|poke|p1|Cresselia, F|\n|poke|p2|Shaymin|\n|poke|p2|Meowscarada, F|\n|poke|p2|Iron Leaves|\n|poke|p2|Chesnaught, F|\n|poke|p2|Amoonguss, M|\n|poke|p2|Torterra, F|\n|teampreview\n|inactive|Battle timer is ON: inactive players will automatically lose when time's up. (requested by Imanjoneser)\n|\n|t:|1700244553\n|start\n|switch|p1a: Heatran|Heatran, M, shiny|100\/100\n|switch|p2a: Meowscarada|Meowscarada, F, shiny|100\/100\n|turn|1\n|\n|t:|1700244561\n|move|p2a: Meowscarada|Taunt|p1a: Heatran\n|-start|p2a: Meowscarada|typechange|Dark|[from] ability: Protean\n|-start|p1a: Heatran|move: Taunt\n|move|p1a: Heatran|Magma Storm|p2a: Meowscarada\n|-damage|p2a: Meowscarada|39\/100\n|-activate|p2a: Meowscarada|move: Magma Storm|[of] p1a: Heatran\n|\n|-damage|p2a: Meowscarada|26\/100|[from] move: Magma Storm|[partiallytrapped]\n|upkeep\n|turn|2\n|\n|t:|1700244573\n|move|p2a: Meowscarada|Toxic Spikes|p1a: Heatran\n|-sidestart|p1: KoreanEvergreen|move: Toxic Spikes\n|move|p1a: Heatran|Magma Storm|p2a: Meowscarada|[miss]\n|-miss|p1a: Heatran|p2a: Meowscarada\n|\n|-damage|p2a: Meowscarada|14\/100|[from] move: Magma Storm|[partiallytrapped]\n|upkeep\n|turn|3\n|\n|t:|1700244601\n|move|p2a: Meowscarada|Flower Trick|p1a: Heatran\n|-resisted|p1a: Heatran\n|-crit|p1a: Heatran\n|-damage|p1a: Heatran|94\/100\n|move|p1a: Heatran|Earth Power|p2a: Meowscarada\n|-damage|p2a: Meowscarada|0 fnt\n|faint|p2a: Meowscarada\n|\n|-heal|p1a: Heatran|99\/100|[from] item: Leftovers\n|-end|p1a: Heatran|move: Taunt\n|upkeep\n|\n|t:|1700244612\n|switch|p2a: Torterra|Torterra, F, shiny|100\/100\n|turn|4\n|inactive|KoreanEvergreen has 120 seconds left.\n|\n|t:|1700244636\n|-terastallize|p2a: Torterra|Ground\n|move|p2a: Torterra|Shell Smash|p2a: Torterra\n|-unboost|p2a: Torterra|def|1\n|-unboost|p2a: Torterra|spd|1\n|-boost|p2a: Torterra|atk|2\n|-boost|p2a: Torterra|spa|2\n|-boost|p2a: Torterra|spe|2\n|-enditem|p2a: Torterra|White Herb\n|-clearnegativeboost|p2a: Torterra|[silent]\n|move|p1a: Heatran|Stealth Rock|p2a: Torterra\n|-sidestart|p2: Imanjoneser|move: Stealth Rock\n|\n|-heal|p1a: Heatran|100\/100|[from] item: Leftovers\n|upkeep\n|turn|5\n|\n|t:|1700244647\n|move|p2a: Torterra|Earthquake|p1a: Heatran\n|-supereffective|p1a: Heatran\n|-damage|p1a: Heatran|0 fnt\n|faint|p1a: Heatran\n|\n|upkeep\n|\n|t:|1700244657\n|switch|p1a: Zapdos|Zapdos, shiny|100\/100\n|turn|6\n|\n|t:|1700244663\n|move|p2a: Torterra|Seed Bomb|p1a: Zapdos\n|-resisted|p1a: Zapdos\n|-damage|p1a: Zapdos|71\/100\n|move|p1a: Zapdos|Hurricane|p2a: Torterra|[miss]\n|-miss|p1a: Zapdos|p2a: Torterra\n|\n|upkeep\n|turn|7\n|\n|t:|1700244669\n|move|p2a: Torterra|Seed Bomb|p1a: Zapdos\n|-resisted|p1a: Zapdos\n|-damage|p1a: Zapdos|40\/100\n|move|p1a: Zapdos|Hurricane|p2a: Torterra\n|-damage|p2a: Torterra|51\/100\n|\n|upkeep\n|turn|8\n|\n|t:|1700244677\n|move|p2a: Torterra|Grassy Terrain|p2a: Torterra\n|-fieldstart|move: Grassy Terrain\n|move|p1a: Zapdos|Hurricane|p2a: Torterra|[miss]\n|-miss|p1a: Zapdos|p2a: Torterra\n|\n|-heal|p2a: Torterra|57\/100|[from] Grassy Terrain\n|upkeep\n|turn|9\n|\n|t:|1700244682\n|move|p2a: Torterra|Seed Bomb|p1a: Zapdos\n|-resisted|p1a: Zapdos\n|-damage|p1a: Zapdos|1\/100\n|move|p1a: Zapdos|Hurricane|p2a: Torterra|[miss]\n|-miss|p1a: Zapdos|p2a: Torterra\n|\n|-heal|p2a: Torterra|63\/100|[from] Grassy Terrain\n|upkeep\n|turn|10\n|\n|t:|1700244690\n|move|p2a: Torterra|Seed Bomb|p1a: Zapdos\n|-resisted|p1a: Zapdos\n|-damage|p1a: Zapdos|0 fnt\n|faint|p1a: Zapdos\n|\n|-heal|p2a: Torterra|69\/100|[from] Grassy Terrain\n|upkeep\n|\n|t:|1700244696\n|switch|p1a: Cresselia|Cresselia, F, shiny|100\/100\n|turn|11\n|\n|t:|1700244701\n|move|p2a: Torterra|Seed Bomb|p1a: Cresselia\n|-damage|p1a: Cresselia|31\/100\n|move|p1a: Cresselia|Calm Mind|p1a: Cresselia\n|-boost|p1a: Cresselia|spa|1\n|-boost|p1a: Cresselia|spd|1\n|\n|-heal|p2a: Torterra|75\/100|[from] Grassy Terrain\n|upkeep\n|turn|12\n|-message|KoreanEvergreen forfeited.\n|\n|win|Imanjoneser\n|raw|KoreanEvergreen's rating: 1000 &rarr; <strong>1000<\/strong><br \/>(+0 for losing)\n|raw|Imanjoneser's rating: 1008 &rarr; <strong>1046<\/strong><br \/>(+38 for winning)\n|l|\u2606KoreanEvergreen\n","uploadtime":1700244710,"views":36,"p1id":"koreanevergreen","p2id":"imanjoneser","formatid":"gen9ou","rating":1000,"private":0,"password":""}