{"id":"gen9ou-1992608514","p1":"Flyingtaco42","p2":"jw0311","format":"[Gen 9] OU","log":"|j|\u2606Flyingtaco42\n|j|\u2606jw0311\n|t:|1700214024\n|gametype|singles\n|player|p1|Flyingtaco42|elesa|1880\n|player|p2|jw0311|ghetsis-gen5bw|1761\n|teamsize|p1|6\n|teamsize|p2|6\n|gen|9\n|tier|[Gen 9] OU\n|rated|\n|rule|Sleep Clause Mod: Limit one foe put to sleep\n|rule|Species Clause: Limit one of each Pok\u00e9mon\n|rule|OHKO Clause: OHKO moves are banned\n|rule|Evasion Items Clause: Evasion items are banned\n|rule|Evasion Moves Clause: Evasion moves are banned\n|rule|Endless Battle Clause: Forcing endless battles is banned\n|rule|HP Percentage Mod: HP is shown in percentages\n|clearpoke\n|poke|p1|Samurott-Hisui, F|\n|poke|p1|Great Tusk|\n|poke|p1|Dondozo, F|\n|poke|p1|Amoonguss, M|\n|poke|p1|Heatran, M|\n|poke|p1|Dragapult, F|\n|poke|p2|Dragapult, F|\n|poke|p2|Toxapex, M|\n|poke|p2|Hatterene, F|\n|poke|p2|Kingambit, F|\n|poke|p2|Great Tusk|\n|poke|p2|Dondozo, F|\n|teampreview\n|inactive|Battle timer is ON: inactive players will automatically lose when time's up. (requested by jw0311)\n|\n|t:|1700214053\n|start\n|switch|p1a: Amoonguss|Amoonguss, M|100\/100\n|switch|p2a: Dragapult|Dragapult, F|100\/100\n|turn|1\n|\n|t:|1700214057\n|move|p2a: Dragapult|U-turn|p1a: Amoonguss\n|-crit|p1a: Amoonguss\n|-damage|p1a: Amoonguss|46\/100\n|-damage|p2a: Dragapult|84\/100|[from] item: Rocky Helmet|[of] p1a: Amoonguss\n|\n|t:|1700214060\n|switch|p2a: Toxapex|Toxapex, M|100\/100|[from] U-turn\n|move|p1a: Amoonguss|Giga Drain|p2a: Toxapex\n|-damage|p2a: Toxapex|87\/100\n|-heal|p1a: Amoonguss|51\/100|[from] drain|[of] p2a: Toxapex\n|\n|upkeep\n|turn|2\n|\n|t:|1700214065\n|move|p2a: Toxapex|Infestation|p1a: Amoonguss\n|-damage|p1a: Amoonguss|48\/100\n|-activate|p1a: Amoonguss|move: Infestation|[of] p2a: Toxapex\n|-damage|p2a: Toxapex|70\/100|[from] item: Rocky Helmet|[of] p1a: Amoonguss\n|move|p1a: Amoonguss|Spore|p2a: Toxapex\n|-status|p2a: Toxapex|slp|[from] move: Spore\n|\n|-damage|p1a: Amoonguss|36\/100|[from] move: Infestation|[partiallytrapped]\n|upkeep\n|turn|3\n|\n|t:|1700214068\n|cant|p2a: Toxapex|slp\n|move|p1a: Amoonguss|Giga Drain|p2a: Toxapex\n|-damage|p2a: Toxapex|57\/100 slp\n|-heal|p1a: Amoonguss|40\/100|[from] drain|[of] p2a: Toxapex\n|\n|-damage|p1a: Amoonguss|28\/100|[from] move: Infestation|[partiallytrapped]\n|upkeep\n|turn|4\n|\n|t:|1700214071\n|-curestatus|p2a: Toxapex|slp|[msg]\n|move|p2a: Toxapex|Acid Spray|p1a: Amoonguss\n|-damage|p1a: Amoonguss|19\/100\n|-unboost|p1a: Amoonguss|spd|2\n|move|p1a: Amoonguss|Giga Drain|p2a: Toxapex\n|-damage|p2a: Toxapex|44\/100\n|-heal|p1a: Amoonguss|23\/100|[from] drain|[of] p2a: Toxapex\n|\n|-damage|p1a: Amoonguss|11\/100|[from] move: Infestation|[partiallytrapped]\n|upkeep\n|turn|5\n|\n|t:|1700214080\n|move|p2a: Toxapex|Sludge Bomb|p1a: Amoonguss\n|-damage|p1a: Amoonguss|0 fnt\n|faint|p1a: Amoonguss\n|\n|upkeep\n|\n|t:|1700214088\n|switch|p1a: Samurott|Samurott-Hisui, F|100\/100\n|turn|6\n|j| AntiDinkus\n|\n|t:|1700214102\n|move|p1a: Samurott|Ceaseless Edge|p2a: Toxapex\n|-damage|p2a: Toxapex|9\/100\n|-sidestart|p2: jw0311|Spikes\n|move|p2a: Toxapex|Sludge Bomb|p1a: Samurott\n|-damage|p1a: Samurott|53\/100\n|\n|upkeep\n|turn|7\n|\n|t:|1700214106\n|switch|p2a: Great Tusk|Great Tusk|100\/100\n|-damage|p2a: Great Tusk|88\/100|[from] Spikes\n|move|p1a: Samurott|Ceaseless Edge|p2a: Great Tusk\n|-resisted|p2a: Great Tusk\n|-damage|p2a: Great Tusk|77\/100\n|-sidestart|p2: jw0311|Spikes\n|\n|-heal|p2a: Great Tusk|84\/100|[from] item: Leftovers\n|upkeep\n|turn|8\n|\n|t:|1700214116\n|switch|p1a: Dragapult|Dragapult, F|100\/100\n|-terastallize|p2a: Great Tusk|Grass\n|move|p2a: Great Tusk|Rapid Spin|p1a: Dragapult\n|-immune|p1a: Dragapult\n|\n|-heal|p2a: Great Tusk|90\/100|[from] item: Leftovers\n|upkeep\n|turn|9\n|\n|t:|1700214122\n|-end|p2a: Great Tusk|Protosynthesis|[silent]\n|switch|p2a: Kingambit|Kingambit, F|100\/100\n|-damage|p2a: Kingambit|84\/100|[from] Spikes\n|move|p1a: Dragapult|U-turn|p2a: Kingambit\n|-damage|p2a: Kingambit|58\/100\n|\n|t:|1700214129\n|switch|p1a: Great Tusk|Great Tusk|100\/100|[from] U-turn\n|\n|-heal|p2a: Kingambit|64\/100|[from] item: Leftovers\n|upkeep\n|turn|10\n|\n|t:|1700214136\n|-end|p2a: Kingambit|fallenundefined|[silent]\n|switch|p2a: Great Tusk|Great Tusk, tera:Grass|90\/100\n|-damage|p2a: Great Tusk|73\/100|[from] Spikes\n|move|p1a: Great Tusk|Knock Off|p2a: Great Tusk\n|-damage|p2a: Great Tusk|59\/100\n|-enditem|p2a: Great Tusk|Leftovers|[from] move: Knock Off|[of] p1a: Great Tusk\n|\n|upkeep\n|turn|11\n|\n|t:|1700214145\n|move|p1a: Great Tusk|Ice Spinner|p2a: Great Tusk\n|-supereffective|p2a: Great Tusk\n|-damage|p2a: Great Tusk|38\/100\n|move|p2a: Great Tusk|Knock Off|p1a: Great Tusk\n|-resisted|p1a: Great Tusk\n|-damage|p1a: Great Tusk|93\/100\n|-enditem|p1a: Great Tusk|Leftovers|[from] move: Knock Off|[of] p2a: Great Tusk\n|\n|upkeep\n|turn|12\n|\n|t:|1700214149\n|-end|p1a: Great Tusk|Protosynthesis|[silent]\n|switch|p1a: Dragapult|Dragapult, F|100\/100\n|move|p2a: Great Tusk|Knock Off|p1a: Dragapult\n|-supereffective|p1a: Dragapult\n|-damage|p1a: Dragapult|27\/100\n|-enditem|p1a: Dragapult|Choice Band|[from] move: Knock Off|[of] p2a: Great Tusk\n|\n|upkeep\n|turn|13\n|\n|t:|1700214153\n|-end|p2a: Great Tusk|Protosynthesis|[silent]\n|switch|p2a: Kingambit|Kingambit, F|64\/100\n|-damage|p2a: Kingambit|48\/100|[from] Spikes\n|move|p1a: Dragapult|Dragon Darts|p2a: Kingambit\n|-resisted|p2a: Kingambit\n|-damage|p2a: Kingambit|39\/100\n|-anim|p1a: Dragapult|Dragon Darts|p2a: Kingambit\n|-resisted|p2a: Kingambit\n|-damage|p2a: Kingambit|29\/100\n|\n|-heal|p2a: Kingambit|36\/100|[from] item: Leftovers\n|upkeep\n|turn|14\n|\n|t:|1700214164\n|switch|p1a: Great Tusk|Great Tusk|93\/100\n|move|p2a: Kingambit|Iron Head|p1a: Great Tusk\n|-damage|p1a: Great Tusk|70\/100\n|\n|-heal|p2a: Kingambit|42\/100|[from] item: Leftovers\n|upkeep\n|turn|15\n|\n|t:|1700214174\n|move|p1a: Great Tusk|Knock Off|p2a: Kingambit\n|-resisted|p2a: Kingambit\n|-damage|p2a: Kingambit|32\/100\n|-enditem|p2a: Kingambit|Leftovers|[from] move: Knock Off|[of] p1a: Great Tusk\n|move|p2a: Kingambit|Iron Head|p1a: Great Tusk\n|-damage|p1a: Great Tusk|47\/100\n|\n|upkeep\n|turn|16\n|\n|t:|1700214177\n|move|p1a: Great Tusk|Earthquake|p2a: Kingambit\n|-supereffective|p2a: Kingambit\n|-damage|p2a: Kingambit|0 fnt\n|faint|p2a: Kingambit\n|-end|p2a: Kingambit|fallenundefined|[silent]\n|\n|upkeep\n|\n|t:|1700214180\n|switch|p2a: Hatterene|Hatterene, F|100\/100\n|-damage|p2a: Hatterene|84\/100|[from] Spikes\n|turn|17\n|\n|t:|1700214184\n|-end|p1a: Great Tusk|Protosynthesis|[silent]\n|switch|p1a: Heatran|Heatran, M|100\/100\n|move|p2a: Hatterene|Nuzzle|p1a: Heatran\n|-damage|p1a: Heatran|97\/100\n|-status|p1a: Heatran|par\n|\n|-heal|p1a: Heatran|100\/100 par|[from] item: Leftovers\n|-heal|p2a: Hatterene|90\/100|[from] item: Leftovers\n|upkeep\n|turn|18\n|\n|t:|1700214191\n|switch|p2a: Toxapex|Toxapex, M|42\/100\n|-damage|p2a: Toxapex|26\/100|[from] Spikes\n|move|p1a: Heatran|Magma Storm|p2a: Toxapex\n|-resisted|p2a: Toxapex\n|-damage|p2a: Toxapex|14\/100\n|-activate|p2a: Toxapex|move: Magma Storm|[of] p1a: Heatran\n|\n|-damage|p2a: Toxapex|1\/100|[from] move: Magma Storm|[partiallytrapped]\n|upkeep\n|turn|19\n|\n|t:|1700214212\n|switch|p1a: Dragapult|Dragapult, F|27\/100\n|move|p2a: Toxapex|Surf|p1a: Dragapult\n|-resisted|p1a: Dragapult\n|-damage|p1a: Dragapult|6\/100\n|\n|-end|p2a: Toxapex|Magma Storm|[partiallytrapped]|[silent]\n|upkeep\n|turn|20\n|j| Loupicha9\n|\n|t:|1700214225\n|move|p1a: Dragapult|U-turn|p2a: Toxapex\n|-resisted|p2a: Toxapex\n|-damage|p2a: Toxapex|0 fnt\n|faint|p2a: Toxapex\n|inactive|Flyingtaco42 has 120 seconds left.\n|\n|t:|1700214255\n|switch|p1a: Great Tusk|Great Tusk|47\/100|[from] U-turn\n|\n|upkeep\n|j| OUVT Zamorakism\n|\n|t:|1700214263\n|switch|p2a: Dragapult|Dragapult, F|84\/100\n|-damage|p2a: Dragapult|68\/100|[from] Spikes\n|turn|21\n|inactive|Flyingtaco42 has 120 seconds left.\n|\n|t:|1700214268\n|move|p2a: Dragapult|Dragon Darts|p1a: Great Tusk\n|-damage|p1a: Great Tusk|27\/100\n|-anim|p2a: Dragapult|Dragon Darts|p1a: Great Tusk\n|-damage|p1a: Great Tusk|6\/100\n|move|p1a: Great Tusk|Knock Off|p2a: Dragapult\n|-supereffective|p2a: Dragapult\n|-damage|p2a: Dragapult|0 fnt\n|-enditem|p2a: Dragapult|Choice Band|[from] move: Knock Off|[of] p1a: Great Tusk\n|faint|p2a: Dragapult\n|\n|upkeep\n|\n|t:|1700214275\n|switch|p2a: Great Tusk|Great Tusk, tera:Grass|38\/100\n|-damage|p2a: Great Tusk|21\/100|[from] Spikes\n|turn|22\n|j| My Occult Deck\n|\n|t:|1700214286\n|-end|p2a: Great Tusk|Protosynthesis|[silent]\n|switch|p2a: Dondozo|Dondozo, F|100\/100\n|-damage|p2a: Dondozo|84\/100|[from] Spikes\n|move|p1a: Great Tusk|Ice Spinner|p2a: Dondozo\n|-resisted|p2a: Dondozo\n|-damage|p2a: Dondozo|79\/100\n|-damage|p1a: Great Tusk|0 fnt|[from] item: Rocky Helmet|[of] p2a: Dondozo\n|faint|p1a: Great Tusk\n|-end|p1a: Great Tusk|Protosynthesis|[silent]\n|\n|upkeep\n|inactive|Flyingtaco42 has 120 seconds left.\n|\n|t:|1700214307\n|switch|p1a: Heatran|Heatran, M|100\/100 par\n|turn|23\n|\n|t:|1700214312\n|-terastallize|p1a: Heatran|Grass\n|move|p2a: Dondozo|Waterfall|p1a: Heatran\n|-resisted|p1a: Heatran\n|-damage|p1a: Heatran|88\/100 par\n|move|p1a: Heatran|Magma Storm|p2a: Dondozo|[miss]\n|-miss|p1a: Heatran|p2a: Dondozo\n|\n|-heal|p1a: Heatran|94\/100 par|[from] item: Leftovers\n|upkeep\n|turn|24\n|l| AntiDinkus\n|\n|t:|1700214321\n|switch|p2a: Hatterene|Hatterene, F|90\/100\n|-damage|p2a: Hatterene|73\/100|[from] Spikes\n|move|p1a: Heatran|Taunt|p2a: Hatterene\n|move|p2a: Hatterene|Taunt|p1a: Heatran|[from]ability: Magic Bounce\n|-start|p1a: Heatran|move: Taunt\n|\n|-heal|p1a: Heatran|100\/100 par|[from] item: Leftovers\n|-heal|p2a: Hatterene|79\/100|[from] item: Leftovers\n|upkeep\n|turn|25\n|\n|t:|1700214328\n|move|p1a: Heatran|Magma Storm|p2a: Hatterene\n|-damage|p2a: Hatterene|31\/100\n|-activate|p2a: Hatterene|move: Magma Storm|[of] p1a: Heatran\n|move|p2a: Hatterene|Draining Kiss|p1a: Heatran\n|-damage|p1a: Heatran|82\/100 par\n|-heal|p2a: Hatterene|48\/100|[from] drain|[of] p1a: Heatran\n|\n|-heal|p1a: Heatran|89\/100 par|[from] item: Leftovers\n|-heal|p2a: Hatterene|54\/100|[from] item: Leftovers\n|-damage|p2a: Hatterene|41\/100|[from] move: Magma Storm|[partiallytrapped]\n|upkeep\n|turn|26\n|-message|jw0311 forfeited.\n|\n|win|Flyingtaco42\n|raw|Flyingtaco42's rating: 1880 &rarr; <strong>1893<\/strong><br \/>(+13 for winning)\n|raw|jw0311's rating: 1761 &rarr; <strong>1748<\/strong><br \/>(-13 for losing)\n|l|\u2606jw0311\n|l|\u2606Flyingtaco42\n|l| Loupicha9\n|j| AntiDinkus\n|l| OUVT Zamorakism\n","uploadtime":1700214594,"views":17,"p1id":"flyingtaco42","p2id":"jw0311","formatid":"gen9ou","rating":1748,"private":0,"password":""}