{"id":"gen9ou-1989351140","p1":"skulljester29","p2":"genesis7","format":"[Gen 9] OU","log":"|j|\u2606skulljester29\n|j|\u2606genesis7\n|t:|1699839540\n|gametype|singles\n|player|p1|skulljester29|firebreather|1748\n|player|p2|genesis7|#ssdleviathans|1763\n|teamsize|p1|6\n|teamsize|p2|6\n|gen|9\n|tier|[Gen 9] OU\n|rated|\n|rule|Sleep Clause Mod: Limit one foe put to sleep\n|rule|Species Clause: Limit one of each Pok\u00e9mon\n|rule|OHKO Clause: OHKO moves are banned\n|rule|Evasion Items Clause: Evasion items are banned\n|rule|Evasion Moves Clause: Evasion moves are banned\n|rule|Endless Battle Clause: Forcing endless battles is banned\n|rule|HP Percentage Mod: HP is shown in percentages\n|clearpoke\n|poke|p1|Amoonguss, M|\n|poke|p1|Iron Valiant|\n|poke|p1|Sandy Shocks|\n|poke|p1|Rotom-Wash|\n|poke|p1|Hydreigon, M|\n|poke|p1|Cinderace, F|\n|poke|p2|Sneasler, M|\n|poke|p2|Landorus-Therian, M|\n|poke|p2|Ribombee, F|\n|poke|p2|Manaphy|\n|poke|p2|Gholdengo|\n|poke|p2|Greninja-*, M|\n|teampreview\n|j| FatherSuperior7\n|\n|t:|1699839545\n|start\n|switch|p1a: Amoonguss|Amoonguss, M|100\/100\n|switch|p2a: Ribombee|Ribombee, F|100\/100\n|turn|1\n|\n|t:|1699839549\n|move|p2a: Ribombee|Sticky Web|p1a: Amoonguss\n|-sidestart|p1: skulljester29|move: Sticky Web\n|move|p1a: Amoonguss|Sludge Bomb|p2a: Ribombee\n|-supereffective|p2a: Ribombee\n|-enditem|p2a: Ribombee|Focus Sash\n|-damage|p2a: Ribombee|1\/100\n|\n|upkeep\n|turn|2\n|j| FaronAan\n|\n|t:|1699839559\n|switch|p2a: Kuzko|Gholdengo|100\/100\n|-item|p2a: Kuzko|Air Balloon\n|move|p1a: Amoonguss|Giga Drain|p2a: Kuzko\n|-resisted|p2a: Kuzko\n|-damage|p2a: Kuzko|91\/100\n|-enditem|p2a: Kuzko|Air Balloon\n|\n|upkeep\n|turn|3\n|\n|t:|1699839570\n|switch|p1a: Cinderace|Cinderace, F|100\/100\n|move|p2a: Kuzko|Nasty Plot|p2a: Kuzko\n|-boost|p2a: Kuzko|spa|2\n|\n|upkeep\n|turn|4\n|\n|t:|1699839576\n|-terastallize|p2a: Kuzko|Normal\n|move|p1a: Cinderace|Pyro Ball|p2a: Kuzko\n|-damage|p2a: Kuzko|39\/100\n|move|p2a: Kuzko|Shadow Ball|p1a: Cinderace\n|-damage|p1a: Cinderace|0 fnt\n|faint|p1a: Cinderace\n|\n|upkeep\n|\n|t:|1699839584\n|switch|p1a: Hydreigon|Hydreigon, M|100\/100\n|turn|5\n|\n|t:|1699839609\n|switch|p2a: Ribombee|Ribombee, F|1\/100\n|move|p1a: Hydreigon|Earth Power|p2a: Ribombee\n|-resisted|p2a: Ribombee\n|-damage|p2a: Ribombee|0 fnt\n|faint|p2a: Ribombee\n|-damage|p1a: Hydreigon|91\/100|[from] item: Life Orb\n|\n|upkeep\n|\n|t:|1699839615\n|switch|p2a: Greninja|Greninja, M|100\/100\n|turn|6\n|\n|t:|1699839619\n|switch|p1a: Rotom|Rotom-Wash|100\/100\n|move|p2a: Greninja|Ice Beam|p1a: Rotom\n|-resisted|p1a: Rotom\n|-damage|p1a: Rotom|84\/100\n|-damage|p2a: Greninja|91\/100|[from] item: Life Orb\n|\n|-heal|p1a: Rotom|91\/100|[from] item: Leftovers\n|upkeep\n|turn|7\n|\n|t:|1699839628\n|move|p2a: Greninja|Dark Pulse|p1a: Rotom\n|-damage|p1a: Rotom|46\/100\n|-damage|p2a: Greninja|81\/100|[from] item: Life Orb\n|move|p1a: Rotom|Volt Switch|p2a: Greninja\n|-supereffective|p2a: Greninja\n|-damage|p2a: Greninja|0 fnt\n|faint|p2a: Greninja\n|\n|t:|1699839637\n|switch|p1a: Hydreigon|Hydreigon, M|91\/100|[from] Volt Switch\n|\n|upkeep\n|\n|t:|1699839641\n|switch|p2a: Sneasler|Sneasler, M|100\/100\n|turn|8\n|\n|t:|1699839648\n|-terastallize|p1a: Hydreigon|Fairy\n|move|p2a: Sneasler|Close Combat|p1a: Hydreigon\n|-resisted|p1a: Hydreigon\n|-damage|p1a: Hydreigon|56\/100\n|-unboost|p2a: Sneasler|def|1\n|-unboost|p2a: Sneasler|spd|1\n|move|p1a: Hydreigon|Earth Power|p2a: Sneasler\n|-supereffective|p2a: Sneasler\n|-damage|p2a: Sneasler|0 fnt\n|faint|p2a: Sneasler\n|-damage|p1a: Hydreigon|46\/100|[from] item: Life Orb\n|\n|upkeep\n|\n|t:|1699839660\n|switch|p2a: Manaphy|Manaphy|100\/100\n|turn|9\n|\n|t:|1699839666\n|move|p1a: Hydreigon|Draco Meteor|p2a: Manaphy\n|-damage|p2a: Manaphy|18\/100\n|-unboost|p1a: Hydreigon|spa|2\n|-damage|p1a: Hydreigon|36\/100|[from] item: Life Orb\n|move|p2a: Manaphy|Tail Glow|p2a: Manaphy\n|-boost|p2a: Manaphy|spa|3\n|\n|upkeep\n|turn|10\n|j| Zamorakism\n|-enditem|p2a: Manaphy|Custap Berry|[eat]\n|-activate|p2a: Manaphy|item: Custap Berry|[consumed]\n|\n|t:|1699839675\n|move|p2a: Manaphy|Scald|p1a: Hydreigon\n|-damage|p1a: Hydreigon|0 fnt\n|faint|p1a: Hydreigon\n|\n|upkeep\n|\n|t:|1699839685\n|switch|p1a: Amoonguss|Amoonguss, M|100\/100\n|-activate|p1a: Amoonguss|move: Sticky Web\n|-unboost|p1a: Amoonguss|spe|1\n|turn|11\n|\n|t:|1699839690\n|move|p2a: Manaphy|Psychic|p1a: Amoonguss\n|-supereffective|p1a: Amoonguss\n|-damage|p1a: Amoonguss|0 fnt\n|faint|p1a: Amoonguss\n|\n|upkeep\n|\n|t:|1699839694\n|switch|p1a: Rotom|Rotom-Wash|46\/100\n|turn|12\n|\n|t:|1699839697\n|move|p1a: Rotom|Protect|p1a: Rotom\n|-singleturn|p1a: Rotom|Protect\n|move|p2a: Manaphy|Energy Ball|p1a: Rotom\n|-activate|p1a: Rotom|move: Protect\n|\n|-heal|p1a: Rotom|52\/100|[from] item: Leftovers\n|upkeep\n|turn|13\n|c| FaronAan|ayo\n|c| FaronAan|this custap tech is funny\n|\n|t:|1699839708\n|move|p2a: Manaphy|Energy Ball|p1a: Rotom\n|-supereffective|p1a: Rotom\n|-damage|p1a: Rotom|0 fnt\n|faint|p1a: Rotom\n|\n|upkeep\n|-message|skulljester29 forfeited.\n|\n|win|genesis7\n|raw|skulljester29's rating: 1748 &rarr; <strong>1728<\/strong><br \/>(-20 for losing)\n|raw|genesis7's rating: 1741 &rarr; <strong>1761<\/strong><br \/>(+20 for winning)\n|l|\u2606skulljester29\n|l| FatherSuperior7\n|l|\u2606genesis7\n|l| FaronAan\n|l| Zamorakism\n","uploadtime":1699839878,"views":6,"p1id":"skulljester29","p2id":"genesis7","formatid":"gen9ou","rating":1728,"private":0,"password":""}