{"id":"gen9ou-1997070774","p1":"Lux2821","p2":"Pretendigotaname","format":"[Gen 9] OU","log":"|j|\u2606Lux2821\n|j|\u2606Pretendigotaname\n|t:|1700761537\n|gametype|singles\n|player|p1|Lux2821|lusamine-nihilego|\n|player|p2|Pretendigotaname|dawn-gen4pt|\n|teamsize|p1|6\n|teamsize|p2|6\n|gen|9\n|tier|[Gen 9] OU\n|rule|Sleep Clause Mod: Limit one foe put to sleep\n|rule|Species Clause: Limit one of each Pok\u00e9mon\n|rule|OHKO Clause: OHKO moves are banned\n|rule|Evasion Items Clause: Evasion items are banned\n|rule|Evasion Moves Clause: Evasion moves are banned\n|rule|Endless Battle Clause: Forcing endless battles is banned\n|rule|HP Percentage Mod: HP is shown in percentages\n|clearpoke\n|poke|p1|Iron Valiant|\n|poke|p1|Cinderace, F|\n|poke|p1|Gholdengo|\n|poke|p1|Ogerpon-Wellspring, F|\n|poke|p1|Iron Moth|\n|poke|p1|Landorus-Therian, M|\n|poke|p2|Landorus-Therian, M|\n|poke|p2|Dragapult, F|\n|poke|p2|Ogerpon-Wellspring, F|\n|poke|p2|Glimmora, F|\n|poke|p2|Heatran, F|\n|poke|p2|Iron Valiant|\n|teampreview\n|inactive|Battle timer is ON: inactive players will automatically lose when time's up. (requested by Lux2821)\n|c|\u2606Pretendigotaname|glhf\n|c|\u2606Lux2821|u2\n|\n|t:|1700761563\n|start\n|switch|p1a: Hammer Head|Landorus-Therian, M|100\/100\n|switch|p2a: Glimmora|Glimmora, F|100\/100\n|-ability|p1a: Hammer Head|Intimidate|boost\n|-unboost|p2a: Glimmora|atk|1\n|turn|1\n|\n|t:|1700761568\n|move|p1a: Hammer Head|Earthquake|p2a: Glimmora\n|-supereffective|p2a: Glimmora\n|-enditem|p2a: Glimmora|Focus Sash\n|-damage|p2a: Glimmora|1\/100\n|-activate|p2a: Glimmora|ability: Toxic Debris\n|-sidestart|p1: Lux2821|move: Toxic Spikes\n|move|p2a: Glimmora|Stealth Rock|p1a: Hammer Head\n|-sidestart|p1: Lux2821|move: Stealth Rock\n|\n|upkeep\n|turn|2\n|\n|t:|1700761572\n|move|p1a: Hammer Head|Earthquake|p2a: Glimmora\n|-supereffective|p2a: Glimmora\n|-damage|p2a: Glimmora|0 fnt\n|-activate|p2a: Glimmora|ability: Toxic Debris\n|-sidestart|p1: Lux2821|move: Toxic Spikes\n|faint|p2a: Glimmora\n|\n|upkeep\n|\n|t:|1700761574\n|switch|p2a: Iron Valiant|Iron Valiant|100\/100\n|-enditem|p2a: Iron Valiant|Booster Energy\n|-activate|p2a: Iron Valiant|ability: Quark Drive|[fromitem]\n|-start|p2a: Iron Valiant|quarkdriveatk\n|turn|3\n|\n|t:|1700761579\n|move|p1a: Hammer Head|Earthquake|p2a: Iron Valiant\n|-damage|p2a: Iron Valiant|29\/100\n|move|p2a: Iron Valiant|Spirit Break|p1a: Hammer Head\n|-damage|p1a: Hammer Head|37\/100\n|-unboost|p1a: Hammer Head|spa|1\n|\n|upkeep\n|turn|4\n|\n|t:|1700761584\n|move|p1a: Hammer Head|Earthquake|p2a: Iron Valiant\n|-damage|p2a: Iron Valiant|0 fnt\n|faint|p2a: Iron Valiant\n|-end|p2a: Iron Valiant|Quark Drive|[silent]\n|\n|upkeep\n|\n|t:|1700761586\n|switch|p2a: Ogerpon|Ogerpon-Wellspring, F|100\/100\n|turn|5\n|\n|t:|1700761591\n|-terastallize|p2a: Ogerpon|Water\n|detailschange|p2a: Ogerpon|Ogerpon-Wellspring-Tera, F, tera:Water\n|-ability|p2a: Ogerpon|Embody Aspect (Wellspring)|boost\n|-boost|p2a: Ogerpon|spd|1\n|move|p1a: Hammer Head|Earthquake|p2a: Ogerpon\n|-damage|p2a: Ogerpon|27\/100\n|move|p2a: Ogerpon|Ivy Cudgel|p1a: Hammer Head|[anim] Ivy Cudgel Water\n|-supereffective|p1a: Hammer Head\n|-crit|p1a: Hammer Head\n|-damage|p1a: Hammer Head|0 fnt\n|faint|p1a: Hammer Head\n|\n|upkeep\n|\n|t:|1700761595\n|switch|p1a: Hazard Switcheroo|Cinderace, F|100\/100\n|turn|6\n|\n|t:|1700761600\n|move|p1a: Hazard Switcheroo|Court Change|p1a: Hazard Switcheroo\n|-start|p1a: Hazard Switcheroo|typechange|Normal|[from] ability: Libero\n|-swapsideconditions\n|-activate|p1a: Hazard Switcheroo|move: Court Change\n|move|p2a: Ogerpon|Ivy Cudgel|p1a: Hazard Switcheroo|[anim] Ivy Cudgel Water\n|-damage|p1a: Hazard Switcheroo|0 fnt\n|faint|p1a: Hazard Switcheroo\n|\n|upkeep\n|\n|t:|1700761612\n|switch|p1a: FutuRa|Iron Moth|100\/100\n|-enditem|p1a: FutuRa|Booster Energy\n|-activate|p1a: FutuRa|ability: Quark Drive|[fromitem]\n|-start|p1a: FutuRa|quarkdrivespe\n|turn|7\n|\n|t:|1700761614\n|move|p1a: FutuRa|Energy Ball|p2a: Ogerpon\n|-supereffective|p2a: Ogerpon\n|-damage|p2a: Ogerpon|0 fnt\n|faint|p2a: Ogerpon\n|\n|upkeep\n|\n|t:|1700761620\n|switch|p2a: Landorus|Landorus-Therian, M|100\/100\n|-damage|p2a: Landorus|88\/100|[from] Stealth Rock\n|-ability|p2a: Landorus|Intimidate|boost\n|-unboost|p1a: FutuRa|atk|1\n|turn|8\n|\n|t:|1700761625\n|-terastallize|p1a: FutuRa|Fairy\n|move|p1a: FutuRa|Fiery Dance|p2a: Landorus\n|-damage|p2a: Landorus|55\/100\n|move|p2a: Landorus|Earthquake|p1a: FutuRa\n|-damage|p1a: FutuRa|10\/100\n|\n|upkeep\n|turn|9\n|\n|t:|1700761632\n|move|p1a: FutuRa|Dazzling Gleam|p2a: Landorus\n|-damage|p2a: Landorus|22\/100\n|move|p2a: Landorus|Earthquake|p1a: FutuRa\n|-damage|p1a: FutuRa|0 fnt\n|faint|p1a: FutuRa\n|-end|p1a: FutuRa|Quark Drive|[silent]\n|\n|upkeep\n|c|\u2606Lux2821|av lando?\n|\n|t:|1700761639\n|switch|p1a: Sad Moments|Ogerpon-Wellspring, F|100\/100\n|turn|10\n|\n|t:|1700761643\n|move|p1a: Sad Moments|Ivy Cudgel|p2a: Landorus|[anim] Ivy Cudgel Water\n|-supereffective|p2a: Landorus\n|-damage|p2a: Landorus|0 fnt\n|faint|p2a: Landorus\n|\n|upkeep\n|\n|t:|1700761647\n|switch|p2a: Dragapult|Dragapult, F|100\/100\n|-status|p2a: Dragapult|tox\n|-damage|p2a: Dragapult|88\/100 tox|[from] Stealth Rock\n|turn|11\n|\n|t:|1700761652\n|move|p1a: Sad Moments|Spiky Shield|p1a: Sad Moments\n|-singleturn|p1a: Sad Moments|move: Protect\n|move|p2a: Dragapult|Phantom Force||[still]\n|-prepare|p2a: Dragapult|Phantom Force\n|\n|-damage|p2a: Dragapult|82\/100 tox|[from] psn\n|upkeep\n|turn|12\n|\n|t:|1700761657\n|move|p2a: Dragapult|Phantom Force|p1a: Sad Moments|[from]lockedmove\n|-damage|p1a: Sad Moments|41\/100\n|move|p1a: Sad Moments|Synthesis|p1a: Sad Moments\n|-heal|p1a: Sad Moments|91\/100\n|\n|-damage|p2a: Dragapult|70\/100 tox|[from] psn\n|upkeep\n|turn|13\n|\n|t:|1700761667\n|move|p1a: Sad Moments|Spiky Shield|p1a: Sad Moments\n|-singleturn|p1a: Sad Moments|move: Protect\n|move|p2a: Dragapult|Phantom Force||[still]\n|-prepare|p2a: Dragapult|Phantom Force\n|\n|-damage|p2a: Dragapult|52\/100 tox|[from] psn\n|upkeep\n|turn|14\n|\n|t:|1700761671\n|move|p2a: Dragapult|Phantom Force|p1a: Sad Moments|[from]lockedmove\n|-damage|p1a: Sad Moments|39\/100\n|move|p1a: Sad Moments|Synthesis|p1a: Sad Moments\n|-heal|p1a: Sad Moments|89\/100\n|\n|-damage|p2a: Dragapult|28\/100 tox|[from] psn\n|upkeep\n|turn|15\n|\n|t:|1700761675\n|move|p1a: Sad Moments|Spiky Shield|p1a: Sad Moments\n|-singleturn|p1a: Sad Moments|move: Protect\n|move|p2a: Dragapult|U-turn|p1a: Sad Moments\n|-activate|p1a: Sad Moments|move: Protect\n|-damage|p2a: Dragapult|16\/100 tox|[from] Spiky Shield|[of] p1a: Sad Moments\n|\n|-damage|p2a: Dragapult|0 fnt|[from] psn\n|faint|p2a: Dragapult\n|upkeep\n|\n|t:|1700761677\n|switch|p2a: Heatran|Heatran, F|100\/100\n|-damage|p2a: Heatran|88\/100|[from] Stealth Rock\n|turn|16\n|c|\u2606Pretendigotaname|gg\n|c|\u2606Lux2821|gg\n|\n|t:|1700761690\n|move|p1a: Sad Moments|Ivy Cudgel|p2a: Heatran|[anim] Ivy Cudgel Water\n|-supereffective|p2a: Heatran\n|-damage|p2a: Heatran|0 fnt\n|faint|p2a: Heatran\n|\n|win|Lux2821\n|c|\u2606Lux2821|r2\n","uploadtime":1700761695,"views":15,"p1id":"lux2821","p2id":"pretendigotaname","formatid":"gen9ou","rating":0,"private":0,"password":""}