{"id":"gen9ou-1996893888","p1":"h-313","p2":"HEAVY-DUTY B0OTY","format":"[Gen 9] OU","log":"|j|\u2606h-313\n|j|\u2606HEAVY-DUTY B0OTY\n|inactive|Battle timer is ON: inactive players will automatically lose when time's up.\n|t:|1700741436\n|gametype|singles\n|player|p1|h-313|2|\n|player|p2|HEAVY-DUTY B0OTY|swimmerf-gen6|\n|teamsize|p1|4\n|teamsize|p2|4\n|gen|9\n|tier|[Gen 9] OU\n|rated|Tournament battle\n|rule|Sleep Clause Mod: Limit one foe put to sleep\n|rule|Species Clause: Limit one of each Pok\u00e9mon\n|rule|OHKO Clause: OHKO moves are banned\n|rule|Evasion Items Clause: Evasion items are banned\n|rule|Evasion Moves Clause: Evasion moves are banned\n|rule|Endless Battle Clause: Forcing endless battles is banned\n|rule|HP Percentage Mod: HP is shown in percentages\n|clearpoke\n|poke|p1|Breloom, F|\n|poke|p1|Corviknight, F|\n|poke|p1|Lampent, M|\n|poke|p1|Dragonite, M|\n|poke|p2|Quaquaval, M|\n|poke|p2|Polteageist|\n|poke|p2|Glimmet, F|\n|poke|p2|Hydreigon, F|\n|teampreview\n|j|*Lady Monita \u2746\n|inactive|h-313 also wants the timer to be on.\n|\n|t:|1700741444\n|start\n|switch|p1a: Breloom|Breloom, F|100\/100\n|switch|p2a: Glimmet|Glimmet, F|100\/100\n|turn|1\n|j| Da_Wibbla\n|\n|t:|1700741450\n|move|p1a: Breloom|Spore|p2a: Glimmet\n|-status|p2a: Glimmet|slp|[from] move: Spore\n|cant|p2a: Glimmet|slp\n|\n|upkeep\n|turn|2\n|\n|t:|1700741466\n|move|p1a: Breloom|Swords Dance|p1a: Breloom\n|-boost|p1a: Breloom|atk|2\n|-curestatus|p2a: Glimmet|slp|[msg]\n|move|p2a: Glimmet|Sludge Wave|p1a: Breloom\n|-supereffective|p1a: Breloom\n|-enditem|p1a: Breloom|Focus Sash\n|-damage|p1a: Breloom|1\/100\n|\n|upkeep\n|turn|3\n|\n|t:|1700741484\n|move|p1a: Breloom|Bullet Seed|p2a: Glimmet\n|-enditem|p2a: Glimmet|Focus Sash\n|-damage|p2a: Glimmet|1\/100\n|-activate|p2a: Glimmet|ability: Toxic Debris\n|-sidestart|p1: h-313|move: Toxic Spikes\n|-damage|p2a: Glimmet|0 fnt\n|-activate|p2a: Glimmet|ability: Toxic Debris\n|-sidestart|p1: h-313|move: Toxic Spikes\n|faint|p2a: Glimmet\n|-hitcount|p2: Glimmet|2\n|\n|upkeep\n|\n|t:|1700741502\n|switch|p2a: Hydreigon|Hydreigon, F|100\/100\n|turn|4\n|l| Da_Wibbla\n|inactive|HEAVY-DUTY B0OTY has 120 seconds left.\n|j| HunterBear4\n|inactive|h-313 has 120 seconds left.\n|j| mcltzml\n|inactive|h-313 has 90 seconds left.\n|\n|t:|1700741570\n|-terastallize|p2a: Hydreigon|Fire\n|move|p1a: Breloom|Mach Punch|p2a: Hydreigon\n|-damage|p2a: Hydreigon|26\/100\n|move|p2a: Hydreigon|Dark Pulse|p1a: Breloom\n|-resisted|p1a: Breloom\n|-damage|p1a: Breloom|0 fnt\n|faint|p1a: Breloom\n|\n|upkeep\n|\n|t:|1700741577\n|switch|p1a: Lampent|Lampent, M|100\/100\n|-status|p1a: Lampent|tox\n|turn|5\n|inactive|h-313 has 90 seconds left.\n|\n|t:|1700741586\n|-terastallize|p1a: Lampent|Ghost\n|move|p1a: Lampent|Shadow Ball|p2a: Hydreigon\n|-damage|p2a: Hydreigon|0 fnt\n|faint|p2a: Hydreigon\n|\n|-damage|p1a: Lampent|94\/100 tox|[from] psn\n|upkeep\n|inactive|HEAVY-DUTY B0OTY has 120 seconds left.\n|\n|t:|1700741619\n|switch|p2a: Polteageist|Polteageist|100\/100\n|turn|6\n|\n|t:|1700741622\n|move|p1a: Lampent|Shadow Ball|p2a: Polteageist\n|-supereffective|p2a: Polteageist\n|-enditem|p2a: Polteageist|Focus Sash\n|-damage|p2a: Polteageist|1\/100\n|move|p2a: Polteageist|Shell Smash|p2a: Polteageist\n|-unboost|p2a: Polteageist|def|1\n|-unboost|p2a: Polteageist|spd|1\n|-boost|p2a: Polteageist|atk|2\n|-boost|p2a: Polteageist|spa|2\n|-boost|p2a: Polteageist|spe|2\n|\n|-damage|p1a: Lampent|82\/100 tox|[from] psn\n|upkeep\n|turn|7\n|\n|t:|1700741627\n|move|p2a: Polteageist|Shadow Ball|p1a: Lampent\n|-supereffective|p1a: Lampent\n|-damage|p1a: Lampent|0 fnt\n|faint|p1a: Lampent\n|\n|upkeep\n|\n|t:|1700741629\n|switch|p1a: Corviknight|Corviknight, F|100\/100\n|-ability|p1a: Corviknight|Pressure\n|turn|8\n|\n|t:|1700741633\n|move|p2a: Polteageist|Strength Sap|p1a: Corviknight\n|-unboost|p1a: Corviknight|atk|1\n|-heal|p2a: Polteageist|82\/100\n|move|p1a: Corviknight|Iron Head|p2a: Polteageist\n|-damage|p2a: Polteageist|40\/100\n|\n|upkeep\n|turn|9\n|inactive|h-313 has 120 seconds left.\n|\n|t:|1700741673\n|move|p2a: Polteageist|Strength Sap|p1a: Corviknight\n|-unboost|p1a: Corviknight|atk|1\n|-heal|p2a: Polteageist|94\/100\n|move|p1a: Corviknight|Iron Head|p2a: Polteageist\n|-damage|p2a: Polteageist|60\/100\n|\n|upkeep\n|turn|10\n|\n|t:|1700741678\n|move|p2a: Polteageist|Shadow Ball|p1a: Corviknight\n|-damage|p1a: Corviknight|40\/100\n|move|p1a: Corviknight|Bulk Up|p1a: Corviknight\n|-boost|p1a: Corviknight|atk|1\n|-boost|p1a: Corviknight|def|1\n|\n|upkeep\n|turn|11\n|\n|t:|1700741690\n|move|p2a: Polteageist|Shadow Ball|p1a: Corviknight\n|-damage|p1a: Corviknight|0 fnt\n|faint|p1a: Corviknight\n|\n|upkeep\n|inactive|h-313 has 120 seconds left.\n|\n|t:|1700741713\n|switch|p1a: Dragonite|Dragonite, M|100\/100\n|turn|12\n|\n|t:|1700741718\n|move|p2a: Polteageist|Strength Sap|p1a: Dragonite\n|-unboost|p1a: Dragonite|atk|1\n|-heal|p2a: Polteageist|100\/100\n|move|p1a: Dragonite|Dragon Claw|p2a: Polteageist\n|-damage|p2a: Polteageist|9\/100\n|\n|upkeep\n|turn|13\n|\n|t:|1700741726\n|move|p2a: Polteageist|Shadow Ball|p1a: Dragonite\n|-damage|p1a: Dragonite|48\/100\n|-unboost|p1a: Dragonite|spd|1\n|move|p1a: Dragonite|Dragon Dance|p1a: Dragonite\n|-boost|p1a: Dragonite|atk|1\n|-boost|p1a: Dragonite|spe|1\n|\n|upkeep\n|turn|14\n|j| huraharatg\n|c|\u2606HEAVY-DUTY B0OTY|gg\n|\n|t:|1700741736\n|move|p2a: Polteageist|Shadow Ball|p1a: Dragonite\n|-damage|p1a: Dragonite|0 fnt\n|faint|p1a: Dragonite\n|\n|win|HEAVY-DUTY B0OTY\n|n|\u2606h-313|h313\n|n|\u2606HEAVY-DUTY B0OTY|heavydutyb0oty\n|n|*Lady Monita \u2746|ladymonita\n|n| HunterBear4|hunterbear4\n|n| mcltzml|mcltzml\n|n| huraharatg|huraharatg\n","uploadtime":1700741737,"views":5,"p1id":"h313","p2id":"heavydutyb0oty","formatid":"gen9ou","rating":0,"private":0,"password":""}