{"id":"gen9ou-1993193061","p1":"Teseo7","p2":"FFFFives","format":"[Gen 9] OU","log":"|j|\u2606Teseo7\n|j|\u2606FFFFives\n|t:|1700276236\n|gametype|singles\n|player|p1|Teseo7|gambler|1428\n|player|p2|FFFFives|101|1411\n|teamsize|p1|6\n|teamsize|p2|6\n|gen|9\n|tier|[Gen 9] OU\n|rated|\n|rule|Sleep Clause Mod: Limit one foe put to sleep\n|rule|Species Clause: Limit one of each Pok\u00e9mon\n|rule|OHKO Clause: OHKO moves are banned\n|rule|Evasion Items Clause: Evasion items are banned\n|rule|Evasion Moves Clause: Evasion moves are banned\n|rule|Endless Battle Clause: Forcing endless battles is banned\n|rule|HP Percentage Mod: HP is shown in percentages\n|clearpoke\n|poke|p1|Sylveon, F|\n|poke|p1|Landorus-Therian, M|\n|poke|p1|Walking Wake|\n|poke|p1|Dragapult, M|\n|poke|p1|Corviknight, M|\n|poke|p1|Kleavor, F|\n|poke|p2|Walking Wake|\n|poke|p2|Garganacl, F|\n|poke|p2|Rillaboom, F|\n|poke|p2|Landorus-Therian, M|\n|poke|p2|Heatran, F|\n|poke|p2|Torkoal, F|\n|teampreview\n|\n|t:|1700276248\n|start\n|switch|p1a: Walking Wake|Walking Wake|100\/100\n|switch|p2a: Walking Wake|Walking Wake|100\/100\n|turn|1\n|\n|t:|1700276268\n|-end|p1a: Walking Wake|Protosynthesis|[silent]\n|switch|p1a: Sylveon|Sylveon, F|100\/100\n|-end|p2a: Walking Wake|Protosynthesis|[silent]\n|switch|p2a: Rillaboom|Rillaboom, F|100\/100\n|-fieldstart|move: Grassy Terrain|[from] ability: Grassy Surge|[of] p2a: Rillaboom\n|\n|upkeep\n|turn|2\n|\n|t:|1700276277\n|switch|p1a: Corviknight|Corviknight, M|100\/100\n|move|p2a: Rillaboom|Wood Hammer|p1a: Corviknight\n|-resisted|p1a: Corviknight\n|-damage|p1a: Corviknight|80\/100\n|-damage|p2a: Rillaboom|84\/100|[from] item: Rocky Helmet|[of] p1a: Corviknight\n|-damage|p2a: Rillaboom|77\/100|[from] Recoil\n|\n|-heal|p2a: Rillaboom|83\/100|[from] Grassy Terrain\n|upkeep\n|turn|3\n|\n|t:|1700276297\n|switch|p2a: Torkoal|Torkoal, F|100\/100\n|-weather|SunnyDay|[from] ability: Drought|[of] p2a: Torkoal\n|move|p1a: Corviknight|U-turn|p2a: Torkoal\n|-resisted|p2a: Torkoal\n|-damage|p2a: Torkoal|95\/100\n|\n|t:|1700276304\n|switch|p1a: Walking Wake|Walking Wake|100\/100|[from] U-turn\n|-activate|p1a: Walking Wake|ability: Protosynthesis\n|-start|p1a: Walking Wake|protosynthesisspe\n|\n|-weather|SunnyDay|[upkeep]\n|-heal|p2a: Torkoal|100\/100|[from] Grassy Terrain\n|upkeep\n|turn|4\n|\n|t:|1700276312\n|move|p1a: Walking Wake|Hydro Steam|p2a: Torkoal\n|-supereffective|p2a: Torkoal\n|-enditem|p2a: Torkoal|Focus Sash\n|-damage|p2a: Torkoal|1\/100\n|move|p2a: Torkoal|Yawn|p1a: Walking Wake\n|-start|p1a: Walking Wake|move: Yawn|[of] p2a: Torkoal\n|\n|-weather|SunnyDay|[upkeep]\n|-heal|p2a: Torkoal|7\/100|[from] Grassy Terrain\n|upkeep\n|turn|5\n|\n|t:|1700276328\n|-end|p1a: Walking Wake|Protosynthesis|[silent]\n|switch|p1a: Landorus|Landorus-Therian, M|100\/100\n|-ability|p1a: Landorus|Intimidate|boost\n|-unboost|p2a: Torkoal|atk|1\n|move|p2a: Torkoal|Lava Plume|p1a: Landorus\n|-damage|p1a: Landorus|35\/100\n|\n|-weather|SunnyDay|[upkeep]\n|-heal|p1a: Landorus|41\/100|[from] item: Leftovers\n|-heal|p2a: Torkoal|13\/100|[from] Grassy Terrain\n|-fieldend|move: Grassy Terrain\n|upkeep\n|turn|6\n|\n|t:|1700276339\n|move|p1a: Landorus|Stone Edge|p2a: Torkoal\n|-supereffective|p2a: Torkoal\n|-damage|p2a: Torkoal|0 fnt\n|faint|p2a: Torkoal\n|\n|-weather|SunnyDay|[upkeep]\n|-heal|p1a: Landorus|47\/100|[from] item: Leftovers\n|upkeep\n|\n|t:|1700276344\n|switch|p2a: Walking Wake|Walking Wake|100\/100\n|-activate|p2a: Walking Wake|ability: Protosynthesis\n|-start|p2a: Walking Wake|protosynthesisspa\n|turn|7\n|\n|t:|1700276355\n|switch|p1a: Sylveon|Sylveon, F|100\/100\n|move|p2a: Walking Wake|Draco Meteor|p1a: Sylveon\n|-immune|p1a: Sylveon\n|\n|-weather|none\n|-end|p2a: Walking Wake|Protosynthesis\n|upkeep\n|turn|8\n|\n|t:|1700276364\n|move|p2a: Walking Wake|Flip Turn|p1a: Sylveon\n|-damage|p1a: Sylveon|80\/100\n|\n|t:|1700276368\n|-end|p2a: Walking Wake|Protosynthesis|[silent]\n|switch|p2a: Heatran|Heatran, F|100\/100|[from] Flip Turn\n|-item|p2a: Heatran|Air Balloon\n|move|p1a: Sylveon|Wish|p1a: Sylveon\n|\n|-heal|p1a: Sylveon|86\/100|[from] item: Leftovers\n|upkeep\n|turn|9\n|\n|t:|1700276380\n|switch|p2a: Walking Wake|Walking Wake|100\/100\n|switch|p1a: Walking Wake|Walking Wake|100\/100\n|\n|upkeep\n|turn|10\n|\n|t:|1700276387\n|-terastallize|p2a: Walking Wake|Water\n|move|p1a: Walking Wake|Draco Meteor|p2a: Walking Wake\n|-damage|p2a: Walking Wake|0 fnt\n|-unboost|p1a: Walking Wake|spa|2\n|faint|p2a: Walking Wake\n|-end|p2a: Walking Wake|Protosynthesis|[silent]\n|\n|upkeep\n|\n|t:|1700276401\n|switch|p2a: Rillaboom|Rillaboom, F|83\/100\n|-fieldstart|move: Grassy Terrain|[from] ability: Grassy Surge|[of] p2a: Rillaboom\n|turn|11\n|\n|t:|1700276405\n|-end|p1a: Walking Wake|Protosynthesis|[silent]\n|switch|p1a: Corviknight|Corviknight, M|80\/100\n|move|p2a: Rillaboom|Knock Off|p1a: Corviknight\n|-damage|p1a: Corviknight|50\/100\n|-damage|p2a: Rillaboom|67\/100|[from] item: Rocky Helmet|[of] p1a: Corviknight\n|-enditem|p1a: Corviknight|Rocky Helmet|[from] move: Knock Off|[of] p2a: Rillaboom\n|\n|-heal|p2a: Rillaboom|73\/100|[from] Grassy Terrain\n|upkeep\n|turn|12\n|\n|t:|1700276418\n|switch|p2a: Landorus|Landorus-Therian, M|100\/100\n|-ability|p2a: Landorus|Intimidate|boost\n|-ability|p1a: Corviknight|Mirror Armor\n|-unboost|p2a: Landorus|atk|1\n|move|p1a: Corviknight|U-turn|p2a: Landorus\n|-resisted|p2a: Landorus\n|-damage|p2a: Landorus|96\/100\n|\n|t:|1700276430\n|switch|p1a: Walking Wake|Walking Wake|100\/100|[from] U-turn\n|\n|-heal|p2a: Landorus|100\/100|[from] item: Leftovers\n|upkeep\n|turn|13\n|\n|t:|1700276442\n|switch|p2a: Heatran|Heatran, F|100\/100\n|-item|p2a: Heatran|Air Balloon\n|move|p1a: Walking Wake|Draco Meteor|p2a: Heatran\n|-resisted|p2a: Heatran\n|-damage|p2a: Heatran|72\/100\n|-unboost|p1a: Walking Wake|spa|2\n|-enditem|p2a: Heatran|Air Balloon\n|\n|-heal|p2a: Heatran|78\/100|[from] Grassy Terrain\n|upkeep\n|turn|14\n|\n|t:|1700276480\n|-end|p1a: Walking Wake|Protosynthesis|[silent]\n|switch|p1a: Corviknight|Corviknight, M|50\/100\n|move|p2a: Heatran|Stealth Rock|p1a: Corviknight\n|-sidestart|p1: Teseo7|move: Stealth Rock\n|\n|-heal|p2a: Heatran|84\/100|[from] Grassy Terrain\n|upkeep\n|turn|15\n|\n|t:|1700276494\n|move|p2a: Heatran|Magma Storm|p1a: Corviknight|[miss]\n|-miss|p2a: Heatran|p1a: Corviknight\n|move|p1a: Corviknight|Defog|p2a: Heatran\n|-unboost|p2a: Heatran|evasion|1\n|-sideend|p1: Teseo7|Stealth Rock|[from] move: Defog|[of] p1a: Corviknight\n|-fieldend|move: Grassy Terrain\n|\n|upkeep\n|turn|16\n|\n|t:|1700276508\n|move|p2a: Heatran|Stealth Rock|p1a: Corviknight\n|-sidestart|p1: Teseo7|move: Stealth Rock\n|move|p1a: Corviknight|U-turn|p2a: Heatran\n|-resisted|p2a: Heatran\n|-damage|p2a: Heatran|82\/100\n|\n|t:|1700276513\n|switch|p1a: Landorus|Landorus-Therian, M|47\/100|[from] U-turn\n|-damage|p1a: Landorus|35\/100|[from] Stealth Rock\n|-ability|p1a: Landorus|Intimidate|boost\n|-unboost|p2a: Heatran|atk|1\n|\n|-heal|p1a: Landorus|41\/100|[from] item: Leftovers\n|upkeep\n|turn|17\n|inactive|Battle timer is ON: inactive players will automatically lose when time's up. (requested by FFFFives)\n|\n|t:|1700276539\n|switch|p2a: Landorus|Landorus-Therian, M|100\/100\n|-ability|p2a: Landorus|Intimidate|boost\n|-unboost|p1a: Landorus|atk|1\n|move|p1a: Landorus|U-turn|p2a: Landorus\n|-resisted|p2a: Landorus\n|-damage|p2a: Landorus|95\/100\n|\n|t:|1700276542\n|switch|p1a: Walking Wake|Walking Wake|100\/100|[from] U-turn\n|-damage|p1a: Walking Wake|88\/100|[from] Stealth Rock\n|\n|-heal|p2a: Landorus|100\/100|[from] item: Leftovers\n|upkeep\n|turn|18\n|\n|t:|1700276560\n|switch|p2a: Heatran|Heatran, F|82\/100\n|move|p1a: Walking Wake|Hydro Pump|p2a: Heatran|[miss]\n|-miss|p1a: Walking Wake|p2a: Heatran\n|\n|upkeep\n|turn|19\n|\n|t:|1700276566\n|move|p1a: Walking Wake|Hydro Pump|p2a: Heatran|[miss]\n|-miss|p1a: Walking Wake|p2a: Heatran\n|move|p2a: Heatran|Earth Power|p1a: Walking Wake\n|-damage|p1a: Walking Wake|56\/100\n|\n|upkeep\n|turn|20\n|\n|t:|1700276581\n|switch|p2a: Rillaboom|Rillaboom, F|73\/100\n|-fieldstart|move: Grassy Terrain|[from] ability: Grassy Surge|[of] p2a: Rillaboom\n|move|p1a: Walking Wake|Hydro Pump|p2a: Rillaboom|[miss]\n|-miss|p1a: Walking Wake|p2a: Rillaboom\n|\n|-heal|p1a: Walking Wake|62\/100|[from] Grassy Terrain\n|-heal|p2a: Rillaboom|79\/100|[from] Grassy Terrain\n|upkeep\n|turn|21\n|\n|t:|1700276589\n|-end|p1a: Walking Wake|Protosynthesis|[silent]\n|switch|p1a: Corviknight|Corviknight, M|50\/100\n|-damage|p1a: Corviknight|38\/100|[from] Stealth Rock\n|move|p2a: Rillaboom|Wood Hammer|p1a: Corviknight\n|-resisted|p1a: Corviknight\n|-damage|p1a: Corviknight|17\/100\n|-damage|p2a: Rillaboom|73\/100|[from] Recoil\n|\n|-heal|p2a: Rillaboom|79\/100|[from] Grassy Terrain\n|upkeep\n|turn|22\n|c|\u2606Teseo7|0_0\n|\n|t:|1700276599\n|move|p2a: Rillaboom|Wood Hammer|p1a: Corviknight\n|-resisted|p1a: Corviknight\n|-damage|p1a: Corviknight|0 fnt\n|faint|p1a: Corviknight\n|-damage|p2a: Rillaboom|73\/100|[from] Recoil\n|\n|-heal|p2a: Rillaboom|79\/100|[from] Grassy Terrain\n|upkeep\n|\n|t:|1700276607\n|switch|p1a: Kleavor|Kleavor, F|100\/100\n|-damage|p1a: Kleavor|76\/100|[from] Stealth Rock\n|turn|23\n|\n|t:|1700276610\n|switch|p2a: Landorus|Landorus-Therian, M|100\/100\n|-ability|p2a: Landorus|Intimidate|boost\n|-unboost|p1a: Kleavor|atk|1\n|move|p1a: Kleavor|U-turn|p2a: Landorus\n|-resisted|p2a: Landorus\n|-crit|p2a: Landorus\n|-damage|p2a: Landorus|79\/100\n|\n|t:|1700276614\n|switch|p1a: Walking Wake|Walking Wake|62\/100|[from] U-turn\n|-damage|p1a: Walking Wake|50\/100|[from] Stealth Rock\n|\n|-heal|p1a: Walking Wake|56\/100|[from] Grassy Terrain\n|-heal|p2a: Landorus|85\/100|[from] item: Leftovers\n|upkeep\n|turn|24\n|\n|t:|1700276638\n|move|p1a: Walking Wake|Hydro Steam|p2a: Landorus\n|-supereffective|p2a: Landorus\n|-damage|p2a: Landorus|0 fnt\n|faint|p2a: Landorus\n|\n|-heal|p1a: Walking Wake|62\/100|[from] Grassy Terrain\n|-fieldend|move: Grassy Terrain\n|upkeep\n|\n|t:|1700276642\n|switch|p2a: Rillaboom|Rillaboom, F|79\/100\n|-fieldstart|move: Grassy Terrain|[from] ability: Grassy Surge|[of] p2a: Rillaboom\n|turn|25\n|\n|t:|1700276664\n|-end|p1a: Walking Wake|Protosynthesis|[silent]\n|switch|p1a: Sylveon|Sylveon, F|86\/100\n|-damage|p1a: Sylveon|74\/100|[from] Stealth Rock\n|move|p2a: Rillaboom|Wood Hammer|p1a: Sylveon\n|-damage|p1a: Sylveon|0 fnt\n|faint|p1a: Sylveon\n|-damage|p2a: Rillaboom|56\/100|[from] Recoil\n|\n|-heal|p2a: Rillaboom|62\/100|[from] Grassy Terrain\n|upkeep\n|\n|t:|1700276675\n|switch|p1a: Kleavor|Kleavor, F|76\/100\n|-damage|p1a: Kleavor|51\/100|[from] Stealth Rock\n|turn|26\n|\n|t:|1700276682\n|switch|p2a: Garganacl|Garganacl, F|100\/100\n|move|p1a: Kleavor|U-turn|p2a: Garganacl\n|-damage|p2a: Garganacl|75\/100\n|inactive|Teseo7 has 120 seconds left.\n|\n|t:|1700276707\n|switch|p1a: Walking Wake|Walking Wake|62\/100|[from] U-turn\n|-damage|p1a: Walking Wake|50\/100|[from] Stealth Rock\n|\n|-heal|p1a: Walking Wake|56\/100|[from] Grassy Terrain\n|-heal|p2a: Garganacl|81\/100|[from] Grassy Terrain\n|upkeep\n|turn|27\n|inactive|Teseo7 has 120 seconds left.\n|\n|t:|1700276714\n|switch|p2a: Heatran|Heatran, F|82\/100\n|move|p1a: Walking Wake|Hydro Steam|p2a: Heatran\n|-supereffective|p2a: Heatran\n|-damage|p2a: Heatran|2\/100\n|\n|-heal|p1a: Walking Wake|62\/100|[from] Grassy Terrain\n|-heal|p2a: Heatran|9\/100|[from] Grassy Terrain\n|upkeep\n|turn|28\n|\n|t:|1700276723\n|switch|p2a: Rillaboom|Rillaboom, F|62\/100\n|move|p1a: Walking Wake|Hydro Steam|p2a: Rillaboom\n|-resisted|p2a: Rillaboom\n|-crit|p2a: Rillaboom\n|-damage|p2a: Rillaboom|12\/100\n|\n|-heal|p1a: Walking Wake|68\/100|[from] Grassy Terrain\n|-heal|p2a: Rillaboom|18\/100|[from] Grassy Terrain\n|upkeep\n|turn|29\n|\n|t:|1700276733\n|move|p2a: Rillaboom|Grassy Glide|p1a: Walking Wake\n|-crit|p1a: Walking Wake\n|-damage|p1a: Walking Wake|0 fnt\n|faint|p1a: Walking Wake\n|-end|p1a: Walking Wake|Protosynthesis|[silent]\n|\n|-heal|p2a: Rillaboom|24\/100|[from] Grassy Terrain\n|-fieldend|move: Grassy Terrain\n|upkeep\n|\n|t:|1700276740\n|switch|p1a: Kleavor|Kleavor, F|51\/100\n|-damage|p1a: Kleavor|26\/100|[from] Stealth Rock\n|turn|30\n|\n|t:|1700276755\n|switch|p2a: Heatran|Heatran, F|9\/100\n|move|p1a: Kleavor|U-turn|p2a: Heatran\n|-resisted|p2a: Heatran\n|-damage|p2a: Heatran|0 fnt\n|faint|p2a: Heatran\n|\n|t:|1700276762\n|switch|p1a: Dragapult|Dragapult, M|100\/100|[from] U-turn\n|-damage|p1a: Dragapult|88\/100|[from] Stealth Rock\n|\n|upkeep\n|\n|t:|1700276765\n|switch|p2a: Garganacl|Garganacl, F|81\/100\n|turn|31\n|\n|t:|1700276773\n|move|p1a: Dragapult|Dragon Dance|p1a: Dragapult\n|-boost|p1a: Dragapult|atk|1\n|-boost|p1a: Dragapult|spe|1\n|move|p2a: Garganacl|Iron Defense|p2a: Garganacl\n|-boost|p2a: Garganacl|def|2\n|\n|upkeep\n|turn|32\n|\n|t:|1700276779\n|move|p1a: Dragapult|Dragon Darts|p2a: Garganacl\n|-damage|p2a: Garganacl|64\/100\n|-anim|p1a: Dragapult|Dragon Darts|p2a: Garganacl\n|-damage|p2a: Garganacl|44\/100\n|-damage|p1a: Dragapult|78\/100|[from] item: Life Orb\n|move|p2a: Garganacl|Salt Cure|p1a: Dragapult\n|-damage|p1a: Dragapult|59\/100\n|-start|p1a: Dragapult|Salt Cure\n|\n|-damage|p1a: Dragapult|47\/100|[from] Salt Cure\n|upkeep\n|turn|33\n|\n|t:|1700276790\n|switch|p1a: Kleavor|Kleavor, F|26\/100\n|-damage|p1a: Kleavor|1\/100|[from] Stealth Rock\n|move|p2a: Garganacl|Recover|p2a: Garganacl\n|-heal|p2a: Garganacl|94\/100\n|\n|upkeep\n|turn|34\n|\n|t:|1700276795\n|move|p1a: Kleavor|Close Combat|p2a: Garganacl\n|-supereffective|p2a: Garganacl\n|-damage|p2a: Garganacl|60\/100\n|-unboost|p1a: Kleavor|def|1\n|-unboost|p1a: Kleavor|spd|1\n|move|p2a: Garganacl|Iron Defense|p2a: Garganacl\n|-boost|p2a: Garganacl|def|2\n|\n|upkeep\n|turn|35\n|\n|t:|1700276801\n|move|p1a: Kleavor|Close Combat|p2a: Garganacl\n|-supereffective|p2a: Garganacl\n|-damage|p2a: Garganacl|40\/100\n|-unboost|p1a: Kleavor|def|1\n|-unboost|p1a: Kleavor|spd|1\n|move|p2a: Garganacl|Recover|p2a: Garganacl\n|-heal|p2a: Garganacl|90\/100\n|\n|upkeep\n|turn|36\n|\n|t:|1700276805\n|move|p1a: Kleavor|Close Combat|p2a: Garganacl\n|-supereffective|p2a: Garganacl\n|-damage|p2a: Garganacl|68\/100\n|-unboost|p1a: Kleavor|def|1\n|-unboost|p1a: Kleavor|spd|1\n|move|p2a: Garganacl|Body Press|p1a: Kleavor\n|-damage|p1a: Kleavor|0 fnt\n|faint|p1a: Kleavor\n|\n|upkeep\n|\n|t:|1700276809\n|switch|p1a: Landorus|Landorus-Therian, M|41\/100\n|-damage|p1a: Landorus|29\/100|[from] Stealth Rock\n|-ability|p1a: Landorus|Intimidate|boost\n|-unboost|p2a: Garganacl|atk|1\n|turn|37\n|\n|t:|1700276813\n|move|p1a: Landorus|Swords Dance|p1a: Landorus\n|-boost|p1a: Landorus|atk|2\n|move|p2a: Garganacl|Body Press|p1a: Landorus\n|-resisted|p1a: Landorus\n|-damage|p1a: Landorus|0 fnt\n|faint|p1a: Landorus\n|\n|upkeep\n|\n|t:|1700276816\n|switch|p1a: Dragapult|Dragapult, M|47\/100\n|-damage|p1a: Dragapult|35\/100|[from] Stealth Rock\n|turn|38\n|c|\u2606FFFFives|gg\n|\n|t:|1700276820\n|move|p1a: Dragapult|Dragon Darts|p2a: Garganacl\n|-damage|p2a: Garganacl|60\/100\n|-anim|p1a: Dragapult|Dragon Darts|p2a: Garganacl\n|-damage|p2a: Garganacl|52\/100\n|-damage|p1a: Dragapult|25\/100|[from] item: Life Orb\n|move|p2a: Garganacl|Salt Cure|p1a: Dragapult\n|-damage|p1a: Dragapult|13\/100\n|-start|p1a: Dragapult|Salt Cure\n|\n|-damage|p1a: Dragapult|1\/100|[from] Salt Cure\n|upkeep\n|turn|39\n|\n|t:|1700276823\n|move|p1a: Dragapult|Dragon Darts|p2a: Garganacl\n|-damage|p2a: Garganacl|45\/100\n|-anim|p1a: Dragapult|Dragon Darts|p2a: Garganacl\n|-damage|p2a: Garganacl|37\/100\n|-damage|p1a: Dragapult|0 fnt|[from] item: Life Orb\n|faint|p1a: Dragapult\n|\n|win|FFFFives\n|raw|Teseo7's rating: 1428 &rarr; <strong>1407<\/strong><br \/>(-21 for losing)\n|raw|FFFFives's rating: 1411 &rarr; <strong>1432<\/strong><br \/>(+21 for winning)\n|l|\u2606Teseo7\n","uploadtime":1700276845,"views":24,"p1id":"teseo7","p2id":"ffffives","formatid":"gen9ou","rating":1407,"private":0,"password":""}