{"id":"gen9ou-1989507341","p1":"Cra3k","p2":"didit$done","format":"[Gen 9] OU","log":"|j|\u2606Cra3k\n|j|\u2606didit$done\n|t:|1699862516\n|gametype|singles\n|player|p1|Cra3k|depotagent|1280\n|player|p2|didit$done|will-gen2|1275\n|teamsize|p1|6\n|teamsize|p2|6\n|gen|9\n|tier|[Gen 9] OU\n|rated|\n|rule|Sleep Clause Mod: Limit one foe put to sleep\n|rule|Species Clause: Limit one of each Pok\u00e9mon\n|rule|OHKO Clause: OHKO moves are banned\n|rule|Evasion Items Clause: Evasion items are banned\n|rule|Evasion Moves Clause: Evasion moves are banned\n|rule|Endless Battle Clause: Forcing endless battles is banned\n|rule|HP Percentage Mod: HP is shown in percentages\n|clearpoke\n|poke|p1|Dragapult, F|\n|poke|p1|Jolteon, M|\n|poke|p1|Zapdos-Galar|\n|poke|p1|Volcanion|\n|poke|p1|Glimmora, F|\n|poke|p1|Dondozo, F|\n|poke|p2|Samurott-Hisui, F|\n|poke|p2|Ceruledge, F|\n|poke|p2|Thundurus-Therian, M|\n|poke|p2|Amoonguss, M|\n|poke|p2|Great Tusk|\n|poke|p2|Gholdengo|\n|teampreview\n|inactive|Battle timer is ON: inactive players will automatically lose when time's up. (requested by Cra3k)\n|\n|t:|1699862551\n|start\n|switch|p1a: Zapdos|Zapdos-Galar|100\/100\n|switch|p2a: Samurott|Samurott-Hisui, F, shiny|100\/100\n|turn|1\n|\n|t:|1699862581\n|move|p2a: Samurott|Flip Turn|p1a: Zapdos\n|-damage|p1a: Zapdos|70\/100\n|\n|t:|1699862588\n|switch|p2a: Great Tusk|Great Tusk, shiny|100\/100|[from] Flip Turn\n|move|p1a: Zapdos|U-turn|p2a: Great Tusk\n|-resisted|p2a: Great Tusk\n|-damage|p2a: Great Tusk|91\/100\n|\n|t:|1699862595\n|switch|p1a: Glimmora|Glimmora, F|100\/100|[from] U-turn\n|\n|-heal|p2a: Great Tusk|98\/100|[from] item: Leftovers\n|upkeep\n|turn|2\n|\n|t:|1699862612\n|move|p1a: Glimmora|Mortal Spin|p2a: Great Tusk\n|-resisted|p2a: Great Tusk\n|-damage|p2a: Great Tusk|96\/100\n|-status|p2a: Great Tusk|psn\n|move|p2a: Great Tusk|Earthquake|p1a: Glimmora\n|-supereffective|p1a: Glimmora\n|-enditem|p1a: Glimmora|Focus Sash\n|-damage|p1a: Glimmora|1\/100\n|-activate|p1a: Glimmora|ability: Toxic Debris\n|-sidestart|p2: didit$done|move: Toxic Spikes\n|\n|-heal|p2a: Great Tusk|100\/100 psn|[from] item: Leftovers\n|-damage|p2a: Great Tusk|88\/100 psn|[from] psn\n|upkeep\n|turn|3\n|\n|t:|1699862631\n|switch|p1a: Dragapult|Dragapult, F|100\/100\n|move|p2a: Great Tusk|Rapid Spin|p1a: Dragapult\n|-immune|p1a: Dragapult\n|\n|-heal|p2a: Great Tusk|94\/100 psn|[from] item: Leftovers\n|-damage|p2a: Great Tusk|82\/100 psn|[from] psn\n|upkeep\n|turn|4\n|inactive|didit$done has 120 seconds left.\n|\n|t:|1699862676\n|-end|p2a: Great Tusk|Protosynthesis|[silent]\n|switch|p2a: Gholdengo|Gholdengo, shiny|100\/100\n|move|p1a: Dragapult|Hex|p2a: Gholdengo\n|-supereffective|p2a: Gholdengo\n|-damage|p2a: Gholdengo|46\/100\n|\n|-heal|p2a: Gholdengo|52\/100|[from] item: Leftovers\n|upkeep\n|turn|5\n|\n|t:|1699862685\n|switch|p2a: Samurott|Samurott-Hisui, F, shiny|100\/100\n|-status|p2a: Samurott|psn\n|move|p1a: Dragapult|Hex|p2a: Samurott\n|-resisted|p2a: Samurott\n|-damage|p2a: Samurott|58\/100 psn\n|\n|-damage|p2a: Samurott|45\/100 psn|[from] psn\n|upkeep\n|turn|6\n|\n|t:|1699862693\n|switch|p1a: Glimmora|Glimmora, F|1\/100\n|move|p2a: Samurott|Ceaseless Edge|p1a: Glimmora\n|-damage|p1a: Glimmora|0 fnt\n|-activate|p1a: Glimmora|ability: Toxic Debris\n|-sidestart|p2: didit$done|move: Toxic Spikes\n|-sidestart|p1: Cra3k|Spikes\n|faint|p1a: Glimmora\n|\n|-damage|p2a: Samurott|33\/100 psn|[from] psn\n|upkeep\n|\n|t:|1699862696\n|switch|p1a: Zapdos|Zapdos-Galar|70\/100\n|turn|7\n|\n|t:|1699862701\n|switch|p2a: Great Tusk|Great Tusk, shiny|82\/100 psn\n|move|p1a: Zapdos|Knock Off|p2a: Great Tusk\n|-resisted|p2a: Great Tusk\n|-damage|p2a: Great Tusk|69\/100 psn\n|-enditem|p2a: Great Tusk|Leftovers|[from] move: Knock Off|[of] p1a: Zapdos\n|\n|-damage|p2a: Great Tusk|56\/100 psn|[from] psn\n|upkeep\n|turn|8\n|inactive|didit$done has 120 seconds left.\n|\n|t:|1699862736\n|switch|p1a: Dondozo|Dondozo, F|100\/100\n|-damage|p1a: Dondozo|88\/100|[from] Spikes\n|move|p2a: Great Tusk|Stealth Rock|p1a: Dondozo\n|-sidestart|p1: Cra3k|move: Stealth Rock\n|\n|-damage|p2a: Great Tusk|44\/100 psn|[from] psn\n|upkeep\n|turn|9\n|\n|t:|1699862748\n|move|p2a: Great Tusk|Rapid Spin|p1a: Dondozo\n|-damage|p1a: Dondozo|82\/100\n|-boost|p2a: Great Tusk|spe|1\n|-sideend|p2: didit$done|Toxic Spikes|[from] move: Rapid Spin|[of] p2a: Great Tusk\n|move|p1a: Dondozo|Curse|p1a: Dondozo\n|-unboost|p1a: Dondozo|spe|1\n|-boost|p1a: Dondozo|atk|1\n|-boost|p1a: Dondozo|def|1\n|\n|-damage|p2a: Great Tusk|31\/100 psn|[from] psn\n|upkeep\n|turn|10\n|\n|t:|1699862760\n|-end|p2a: Great Tusk|Protosynthesis|[silent]\n|switch|p2a: Amoonguss|Amoonguss, M, shiny|100\/100\n|move|p1a: Dondozo|Liquidation|p2a: Amoonguss\n|-resisted|p2a: Amoonguss\n|-damage|p2a: Amoonguss|80\/100\n|-enditem|p2a: Amoonguss|Red Card|[of] p1a: Dondozo\n|drag|p1a: Jolteon|Jolteon, M|100\/100\n|-damage|p1a: Jolteon|88\/100|[from] Spikes\n|-damage|p1a: Jolteon|75\/100|[from] Stealth Rock\n|\n|-status|p1a: Jolteon|brn|[from] item: Flame Orb\n|upkeep\n|turn|11\n|inactive|didit$done has 90 seconds left.\n|c|\u2606didit$done|cool\n|\n|t:|1699862809\n|switch|p2a: Thundurus|Thundurus-Therian, M, shiny|100\/100\n|move|p1a: Jolteon|Calm Mind|p1a: Jolteon\n|-boost|p1a: Jolteon|spa|1\n|-boost|p1a: Jolteon|spd|1\n|\n|-damage|p1a: Jolteon|69\/100 brn|[from] brn\n|upkeep\n|turn|12\n|\n|t:|1699862821\n|-terastallize|p1a: Jolteon|Ice\n|move|p1a: Jolteon|Tera Blast|p2a: Thundurus|[anim] Tera Blast Ice\n|-supereffective|p2a: Thundurus\n|-damage|p2a: Thundurus|0 fnt\n|faint|p2a: Thundurus\n|\n|-damage|p1a: Jolteon|63\/100 brn|[from] brn\n|upkeep\n|inactive|didit$done has 60 seconds left.\n|\n|t:|1699862836\n|switch|p2a: Ceruledge|Ceruledge, F, shiny|100\/100\n|turn|13\n|inactive|didit$done has 60 seconds left.\n|\n|t:|1699862855\n|move|p1a: Jolteon|Thunderbolt|p2a: Ceruledge\n|-damage|p2a: Ceruledge|22\/100\n|move|p2a: Ceruledge|Bitter Blade|p1a: Jolteon\n|-supereffective|p1a: Jolteon\n|-damage|p1a: Jolteon|0 fnt\n|-heal|p2a: Ceruledge|51\/100|[from] drain|[of] p1a: Jolteon\n|faint|p1a: Jolteon\n|\n|upkeep\n|\n|t:|1699862871\n|switch|p1a: Volcanion|Volcanion|100\/100\n|turn|14\n|inactive|didit$done has 60 seconds left.\n|\n|t:|1699862904\n|move|p2a: Ceruledge|Poltergeist|p1a: Volcanion\n|-activate|p1a: Volcanion|move: Poltergeist|Heavy-Duty Boots\n|-damage|p1a: Volcanion|48\/100\n|move|p1a: Volcanion|Steam Eruption|p2a: Ceruledge\n|-supereffective|p2a: Ceruledge\n|-damage|p2a: Ceruledge|0 fnt\n|faint|p2a: Ceruledge\n|\n|upkeep\n|inactive|didit$done has 30 seconds left.\n|inactive|didit$done has 20 seconds left.\n|inactive|didit$done has 15 seconds left.\n|inactive|didit$done has 10 seconds left.\n|\n|t:|1699862940\n|switch|p2a: Great Tusk|Great Tusk, shiny|31\/100 psn\n|turn|15\n|inactive|didit$done has 20 seconds left this turn.\n|\n|t:|1699862946\n|move|p1a: Volcanion|Steam Eruption|p2a: Great Tusk\n|-supereffective|p2a: Great Tusk\n|-damage|p2a: Great Tusk|0 fnt\n|faint|p2a: Great Tusk\n|-end|p2a: Great Tusk|Protosynthesis|[silent]\n|\n|upkeep\n|inactive|didit$done has 25 seconds left this turn.\n|inactive|didit$done has 20 seconds left.\n|\n|t:|1699862951\n|switch|p2a: Samurott|Samurott-Hisui, F, shiny|33\/100 psn\n|turn|16\n|inactive|didit$done has 30 seconds left this turn.\n|\n|t:|1699862964\n|switch|p1a: Zapdos|Zapdos-Galar|70\/100\n|-damage|p1a: Zapdos|58\/100|[from] Stealth Rock\n|move|p2a: Samurott|Ceaseless Edge|p1a: Zapdos\n|-resisted|p1a: Zapdos\n|-damage|p1a: Zapdos|34\/100\n|-sidestart|p1: Cra3k|Spikes\n|\n|-damage|p2a: Samurott|20\/100 psn|[from] psn\n|upkeep\n|turn|17\n|\n|t:|1699862972\n|switch|p2a: Amoonguss|Amoonguss, M, shiny|100\/100\n|move|p1a: Zapdos|Knock Off|p2a: Amoonguss\n|-crit|p2a: Amoonguss\n|-damage|p2a: Amoonguss|58\/100\n|\n|upkeep\n|turn|18\n|\n|t:|1699862991\n|switch|p1a: Dondozo|Dondozo, F|82\/100\n|-damage|p1a: Dondozo|65\/100|[from] Spikes\n|-damage|p1a: Dondozo|53\/100|[from] Stealth Rock\n|move|p2a: Amoonguss|Spore|p1a: Dondozo\n|-status|p1a: Dondozo|slp|[from] move: Spore\n|-enditem|p1a: Dondozo|Chesto Berry|[eat]\n|-curestatus|p1a: Dondozo|slp|[msg]\n|\n|upkeep\n|turn|19\n|inactive|didit$done has 30 seconds left.\n|\n|t:|1699863011\n|move|p1a: Dondozo|Earthquake|p2a: Amoonguss\n|-damage|p2a: Amoonguss|35\/100\n|move|p2a: Amoonguss|Giga Drain|p1a: Dondozo\n|-supereffective|p1a: Dondozo\n|-damage|p1a: Dondozo|11\/100\n|-heal|p2a: Amoonguss|59\/100|[from] drain|[of] p1a: Dondozo\n|\n|upkeep\n|turn|20\n|\n|t:|1699863018\n|move|p1a: Dondozo|Earthquake|p2a: Amoonguss\n|-damage|p2a: Amoonguss|39\/100\n|move|p2a: Amoonguss|Giga Drain|p1a: Dondozo\n|-supereffective|p1a: Dondozo\n|-damage|p1a: Dondozo|0 fnt\n|-heal|p2a: Amoonguss|45\/100|[from] drain|[of] p1a: Dondozo\n|faint|p1a: Dondozo\n|\n|upkeep\n|\n|t:|1699863032\n|switch|p1a: Dragapult|Dragapult, F|100\/100\n|-damage|p1a: Dragapult|84\/100|[from] Spikes\n|-damage|p1a: Dragapult|72\/100|[from] Stealth Rock\n|turn|21\n|inactive|didit$done has 30 seconds left.\n|inactive|didit$done has 20 seconds left.\n|inactive|didit$done has 15 seconds left.\n|inactive|didit$done has 10 seconds left.\n|inactive|didit$done has 5 seconds left.\n|-message|didit$done lost due to inactivity.\n|\n|win|Cra3k\n|raw|Cra3k's rating: 1280 &rarr; <strong>1305<\/strong><br \/>(+25 for winning)\n|raw|didit$done's rating: 1275 &rarr; <strong>1250<\/strong><br \/>(-25 for losing)\n|l|\u2606Cra3k\n|c|\u2606didit$done|self note\n|c|\u2606didit$done|when i dont see a way to win\n|c|\u2606didit$done|i freeze up\n|c|\u2606didit$done|the odds of winning are not confirmed 0\n|c|\u2606didit$done|but i can not see how to win\n|c|\u2606didit$done|What can I do to\n|c|\u2606didit$done|get a win out my ass\n|c|\u2606didit$done|What can I do to get myself into a position to win?\n|c|\u2606didit$done|what can i do to get myself into a checkmate\n|c|\u2606didit$done|pokemon is kinda like chess\n|c|\u2606didit$done|setting up the check mate\n|c|\u2606didit$done|hmm\n|c|\u2606didit$done|other tiers are different metas\n|c|\u2606didit$done|chess is a different game but same style\n|c|\u2606didit$done|i hope no one sees this lol\n","uploadtime":1699863807,"views":8,"p1id":"cra3k","p2id":"diditdone","formatid":"gen9ou","rating":1250,"private":0,"password":""}