{"id":"gen9ou-1995302900","p1":"crotes69","p2":"Samiaou","format":"[Gen 9] OU","log":"|j|\u2606crotes69\n|j|\u2606Samiaou\n|t:|1700550032\n|gametype|singles\n|player|p1|crotes69|101|1562\n|player|p2|Samiaou|volo|1569\n|teamsize|p1|6\n|teamsize|p2|6\n|gen|9\n|tier|[Gen 9] OU\n|rated|\n|rule|Sleep Clause Mod: Limit one foe put to sleep\n|rule|Species Clause: Limit one of each Pok\u00e9mon\n|rule|OHKO Clause: OHKO moves are banned\n|rule|Evasion Items Clause: Evasion items are banned\n|rule|Evasion Moves Clause: Evasion moves are banned\n|rule|Endless Battle Clause: Forcing endless battles is banned\n|rule|HP Percentage Mod: HP is shown in percentages\n|clearpoke\n|poke|p1|Enamorus, F|\n|poke|p1|Cinderace, F|\n|poke|p1|Rillaboom, M|\n|poke|p1|Clodsire, F|\n|poke|p1|Zapdos|\n|poke|p1|Kingambit, M|\n|poke|p2|Kingambit, M|\n|poke|p2|Great Tusk|\n|poke|p2|Dragapult, M|\n|poke|p2|Ogerpon-Wellspring, F|\n|poke|p2|Blissey, F|\n|poke|p2|Zapdos|\n|teampreview\n|inactive|Battle timer is ON: inactive players will automatically lose when time's up. (requested by crotes69)\n|\n|t:|1700550064\n|start\n|switch|p1a: Clodsire|Clodsire, F|100\/100\n|switch|p2a: Lanssorien|Ogerpon-Wellspring, F|100\/100\n|turn|1\n|\n|t:|1700550077\n|move|p2a: Lanssorien|U-turn|p1a: Clodsire\n|-resisted|p1a: Clodsire\n|-damage|p1a: Clodsire|85\/100\n|\n|t:|1700550082\n|switch|p2a: Fort-Ivoire|Blissey, F|100\/100|[from] U-turn\n|move|p1a: Clodsire|Toxic|p2a: Fort-Ivoire\n|-status|p2a: Fort-Ivoire|tox\n|\n|-heal|p1a: Clodsire|91\/100|[from] item: Leftovers\n|-damage|p2a: Fort-Ivoire|94\/100 tox|[from] psn\n|upkeep\n|turn|2\n|\n|t:|1700550091\n|move|p2a: Fort-Ivoire|Stealth Rock|p1a: Clodsire\n|-sidestart|p1: crotes69|move: Stealth Rock\n|move|p1a: Clodsire|Stealth Rock|p2a: Fort-Ivoire\n|-sidestart|p2: Samiaou|move: Stealth Rock\n|\n|-heal|p1a: Clodsire|97\/100|[from] item: Leftovers\n|-damage|p2a: Fort-Ivoire|82\/100 tox|[from] psn\n|upkeep\n|turn|3\n|inactive|Samiaou has 120 seconds left.\n|\n|t:|1700550137\n|-curestatus|p2a: Fort-Ivoire|tox|[from] ability: Natural Cure\n|switch|p2a: Leuphorie|Great Tusk|100\/100\n|-damage|p2a: Leuphorie|98\/100|[from] Stealth Rock\n|move|p1a: Clodsire|Toxic|p2a: Leuphorie\n|-status|p2a: Leuphorie|tox\n|\n|-heal|p2a: Leuphorie|100\/100 tox|[from] item: Leftovers\n|-heal|p1a: Clodsire|100\/100|[from] item: Leftovers\n|-damage|p2a: Leuphorie|94\/100 tox|[from] psn\n|upkeep\n|turn|4\n|\n|t:|1700550152\n|switch|p1a: Zapdos|Zapdos|100\/100\n|move|p2a: Leuphorie|Rapid Spin|p1a: Zapdos\n|-damage|p1a: Zapdos|89\/100\n|-boost|p2a: Leuphorie|spe|1\n|-sideend|p2: Samiaou|Stealth Rock|[from] move: Rapid Spin|[of] p2a: Leuphorie\n|\n|-heal|p2a: Leuphorie|100\/100 tox|[from] item: Leftovers\n|-damage|p2a: Leuphorie|88\/100 tox|[from] psn\n|upkeep\n|turn|5\n|\n|t:|1700550160\n|-end|p2a: Leuphorie|Protosynthesis|[silent]\n|switch|p2a: Fort-Ivoire|Blissey, F|82\/100\n|move|p1a: Zapdos|Hurricane|p2a: Fort-Ivoire\n|-damage|p2a: Fort-Ivoire|65\/100\n|\n|upkeep\n|turn|6\n|inactive|Samiaou has 120 seconds left.\n|\n|t:|1700550172\n|switch|p2a: Lanssorien|Ogerpon-Wellspring, F|100\/100\n|move|p1a: Zapdos|Volt Switch|p2a: Lanssorien\n|-damage|p2a: Lanssorien|69\/100\n|\n|t:|1700550183\n|switch|p1a: Rillaboom|Rillaboom, M|100\/100|[from] Volt Switch\n|-damage|p1a: Rillaboom|88\/100|[from] Stealth Rock\n|-fieldstart|move: Grassy Terrain|[from] ability: Grassy Surge|[of] p1a: Rillaboom\n|\n|-heal|p2a: Lanssorien|75\/100|[from] Grassy Terrain\n|-heal|p1a: Rillaboom|94\/100|[from] Grassy Terrain\n|upkeep\n|turn|7\n|\n|t:|1700550191\n|move|p2a: Lanssorien|U-turn|p1a: Rillaboom\n|-supereffective|p1a: Rillaboom\n|-damage|p1a: Rillaboom|31\/100\n|\n|t:|1700550194\n|switch|p2a: Scalpereur|Zapdos|100\/100|[from] U-turn\n|move|p1a: Rillaboom|U-turn|p2a: Scalpereur\n|-resisted|p2a: Scalpereur\n|-damage|p2a: Scalpereur|84\/100\n|-status|p1a: Rillaboom|par|[from] ability: Static|[of] p2a: Scalpereur\n|inactive|crotes69 has 120 seconds left.\n|\n|t:|1700550226\n|switch|p1a: Enamorus|Enamorus, F|100\/100|[from] U-turn\n|-damage|p1a: Enamorus|76\/100|[from] Stealth Rock\n|\n|upkeep\n|turn|8\n|inactive|Samiaou has 120 seconds left.\n|\n|t:|1700550251\n|move|p1a: Enamorus|Moonblast|p2a: Scalpereur\n|-damage|p2a: Scalpereur|15\/100\n|move|p2a: Scalpereur|Volt Switch|p1a: Enamorus\n|-supereffective|p1a: Enamorus\n|-damage|p1a: Enamorus|0 fnt\n|faint|p1a: Enamorus\n|inactive|Samiaou has 120 seconds left.\n|\n|t:|1700550263\n|switch|p2a: Lanssorien|Ogerpon-Wellspring, F|75\/100|[from] Volt Switch\n|\n|-heal|p2a: Lanssorien|81\/100|[from] Grassy Terrain\n|upkeep\n|inactive|crotes69 has 120 seconds left.\n|\n|t:|1700550290\n|switch|p1a: Cinderace|Cinderace, F|100\/100\n|turn|9\n|inactive|crotes69 has 120 seconds left.\n|\n|t:|1700550297\n|move|p1a: Cinderace|U-turn|p2a: Lanssorien\n|-start|p1a: Cinderace|typechange|Bug|[from] ability: Libero\n|-supereffective|p2a: Lanssorien\n|-damage|p2a: Lanssorien|0 fnt\n|faint|p2a: Lanssorien\n|inactive|crotes69 has 120 seconds left.\n|\n|t:|1700550311\n|switch|p1a: Zapdos|Zapdos|89\/100|[from] U-turn\n|\n|upkeep\n|\n|t:|1700550318\n|switch|p2a: Ogerpon du Puits|Dragapult, M|100\/100\n|turn|10\n|\n|t:|1700550322\n|move|p2a: Ogerpon du Puits|Draco Meteor|p1a: Zapdos\n|-damage|p1a: Zapdos|13\/100\n|-unboost|p2a: Ogerpon du Puits|spa|2\n|move|p1a: Zapdos|Hurricane|p2a: Ogerpon du Puits\n|-damage|p2a: Ogerpon du Puits|36\/100\n|\n|-heal|p2a: Ogerpon du Puits|42\/100|[from] Grassy Terrain\n|-fieldend|move: Grassy Terrain\n|upkeep\n|turn|11\n|\n|t:|1700550332\n|switch|p1a: Kingambit|Kingambit, M|100\/100\n|-damage|p1a: Kingambit|94\/100|[from] Stealth Rock\n|-activate|p1a: Kingambit|ability: Supreme Overlord\n|-start|p1a: Kingambit|fallen1|[silent]\n|move|p2a: Ogerpon du Puits|Draco Meteor|p1a: Kingambit\n|-resisted|p1a: Kingambit\n|-damage|p1a: Kingambit|72\/100\n|-unboost|p2a: Ogerpon du Puits|spa|2\n|\n|-heal|p1a: Kingambit|78\/100|[from] item: Leftovers\n|upkeep\n|turn|12\n|\n|t:|1700550346\n|switch|p2a: Scalpereur|Zapdos|15\/100\n|move|p1a: Kingambit|Kowtow Cleave|p2a: Scalpereur\n|-damage|p2a: Scalpereur|0 fnt\n|faint|p2a: Scalpereur\n|\n|-heal|p1a: Kingambit|85\/100|[from] item: Leftovers\n|upkeep\n|\n|t:|1700550355\n|switch|p2a: Leuphorie|Great Tusk|88\/100 tox\n|turn|13\n|\n|t:|1700550365\n|-end|p1a: Kingambit|fallen1|[silent]\n|switch|p1a: Rillaboom|Rillaboom, M|31\/100 par\n|-damage|p1a: Rillaboom|19\/100 par|[from] Stealth Rock\n|-fieldstart|move: Grassy Terrain|[from] ability: Grassy Surge|[of] p1a: Rillaboom\n|move|p2a: Leuphorie|Rapid Spin|p1a: Rillaboom\n|-damage|p1a: Rillaboom|1\/100 par\n|-boost|p2a: Leuphorie|spe|1\n|\n|-heal|p2a: Leuphorie|94\/100 tox|[from] Grassy Terrain\n|-heal|p2a: Leuphorie|100\/100 tox|[from] item: Leftovers\n|-heal|p1a: Rillaboom|8\/100 par|[from] Grassy Terrain\n|-damage|p2a: Leuphorie|94\/100 tox|[from] psn\n|upkeep\n|turn|14\n|\n|t:|1700550377\n|move|p1a: Rillaboom|Grassy Glide|p2a: Leuphorie\n|-supereffective|p2a: Leuphorie\n|-damage|p2a: Leuphorie|13\/100 tox\n|move|p2a: Leuphorie|Rapid Spin|p1a: Rillaboom\n|-damage|p1a: Rillaboom|0 fnt\n|-boost|p2a: Leuphorie|spe|1\n|faint|p1a: Rillaboom\n|\n|-heal|p2a: Leuphorie|19\/100 tox|[from] Grassy Terrain\n|-heal|p2a: Leuphorie|25\/100 tox|[from] item: Leftovers\n|-damage|p2a: Leuphorie|13\/100 tox|[from] psn\n|upkeep\n|\n|t:|1700550394\n|switch|p1a: Kingambit|Kingambit, M|85\/100\n|-damage|p1a: Kingambit|78\/100|[from] Stealth Rock\n|-activate|p1a: Kingambit|ability: Supreme Overlord\n|-start|p1a: Kingambit|fallen2|[silent]\n|turn|15\n|\n|t:|1700550400\n|move|p1a: Kingambit|Sucker Punch|p2a: Leuphorie\n|-resisted|p2a: Leuphorie\n|-damage|p2a: Leuphorie|0 fnt\n|faint|p2a: Leuphorie\n|-end|p2a: Leuphorie|Protosynthesis|[silent]\n|\n|-heal|p1a: Kingambit|85\/100|[from] Grassy Terrain\n|-heal|p1a: Kingambit|91\/100|[from] item: Leftovers\n|upkeep\n|\n|t:|1700550405\n|switch|p2a: Electhor|Kingambit, M|100\/100\n|-activate|p2a: Electhor|ability: Supreme Overlord\n|-start|p2a: Electhor|fallen3|[silent]\n|turn|16\n|\n|t:|1700550412\n|-end|p1a: Kingambit|fallen2|[silent]\n|switch|p1a: Clodsire|Clodsire, F|100\/100\n|-damage|p1a: Clodsire|94\/100|[from] Stealth Rock\n|move|p2a: Electhor|Swords Dance|p2a: Electhor\n|-boost|p2a: Electhor|atk|2\n|\n|-heal|p1a: Clodsire|100\/100|[from] Grassy Terrain\n|upkeep\n|turn|17\n|\n|t:|1700550419\n|move|p2a: Electhor|Kowtow Cleave|p1a: Clodsire\n|-damage|p1a: Clodsire|33\/100\n|move|p1a: Clodsire|High Horsepower|p2a: Electhor\n|-supereffective|p2a: Electhor\n|-damage|p2a: Electhor|58\/100\n|\n|-heal|p2a: Electhor|64\/100|[from] Grassy Terrain\n|-heal|p1a: Clodsire|39\/100|[from] Grassy Terrain\n|-heal|p1a: Clodsire|45\/100|[from] item: Leftovers\n|-fieldend|move: Grassy Terrain\n|upkeep\n|turn|18\n|\n|t:|1700550433\n|move|p2a: Electhor|Kowtow Cleave|p1a: Clodsire\n|-crit|p1a: Clodsire\n|-damage|p1a: Clodsire|0 fnt\n|faint|p1a: Clodsire\n|\n|upkeep\n|\n|t:|1700550437\n|switch|p1a: Zapdos|Zapdos|13\/100\n|turn|19\n|\n|t:|1700550443\n|move|p2a: Electhor|Sucker Punch|p1a: Zapdos\n|-damage|p1a: Zapdos|0 fnt\n|-status|p2a: Electhor|par|[from] ability: Static|[of] p1a: Zapdos\n|faint|p1a: Zapdos\n|\n|upkeep\n|\n|t:|1700550469\n|switch|p1a: Cinderace|Cinderace, F|100\/100\n|turn|20\n|\n|t:|1700550474\n|move|p1a: Cinderace|Court Change|p1a: Cinderace\n|-start|p1a: Cinderace|typechange|Normal|[from] ability: Libero\n|-swapsideconditions\n|-activate|p1a: Cinderace|move: Court Change\n|cant|p2a: Electhor|par\n|\n|upkeep\n|turn|21\n|\n|t:|1700550482\n|move|p2a: Electhor|Sucker Punch|p1a: Cinderace\n|-damage|p1a: Cinderace|0 fnt\n|faint|p1a: Cinderace\n|\n|upkeep\n|\n|t:|1700550484\n|switch|p1a: Kingambit|Kingambit, M|91\/100\n|-activate|p1a: Kingambit|ability: Supreme Overlord\n|-start|p1a: Kingambit|fallen5|[silent]\n|turn|22\n|\n|t:|1700550492\n|move|p1a: Kingambit|Swords Dance|p1a: Kingambit\n|-boost|p1a: Kingambit|atk|2\n|move|p2a: Electhor|Iron Head|p1a: Kingambit\n|-resisted|p1a: Kingambit\n|-damage|p1a: Kingambit|50\/100\n|\n|-heal|p1a: Kingambit|56\/100|[from] item: Leftovers\n|upkeep\n|turn|23\n|\n|t:|1700550498\n|move|p1a: Kingambit|Sucker Punch||[still]\n|-fail|p1a: Kingambit\n|cant|p2a: Electhor|par\n|\n|-heal|p1a: Kingambit|63\/100|[from] item: Leftovers\n|upkeep\n|turn|24\n|\n|t:|1700550502\n|move|p2a: Electhor|Sucker Punch|p1a: Kingambit\n|-resisted|p1a: Kingambit\n|-damage|p1a: Kingambit|27\/100\n|move|p1a: Kingambit|Kowtow Cleave|p2a: Electhor\n|-resisted|p2a: Electhor\n|-damage|p2a: Electhor|4\/100 par\n|\n|-heal|p1a: Kingambit|33\/100|[from] item: Leftovers\n|upkeep\n|turn|25\n|\n|t:|1700550508\n|move|p1a: Kingambit|Sucker Punch|p2a: Electhor\n|-resisted|p2a: Electhor\n|-damage|p2a: Electhor|0 fnt\n|faint|p2a: Electhor\n|-end|p2a: Electhor|fallen3|[silent]\n|\n|-heal|p1a: Kingambit|39\/100|[from] item: Leftovers\n|upkeep\n|\n|t:|1700550512\n|switch|p2a: Fort-Ivoire|Blissey, F|65\/100\n|turn|26\n|\n|t:|1700550519\n|move|p1a: Kingambit|Sucker Punch||[still]\n|-fail|p1a: Kingambit\n|move|p2a: Fort-Ivoire|Soft-Boiled|p2a: Fort-Ivoire\n|-heal|p2a: Fort-Ivoire|100\/100\n|\n|-heal|p1a: Kingambit|45\/100|[from] item: Leftovers\n|upkeep\n|turn|27\n|\n|t:|1700550522\n|move|p1a: Kingambit|Sucker Punch|p2a: Fort-Ivoire\n|-damage|p2a: Fort-Ivoire|1\/100\n|move|p2a: Fort-Ivoire|Seismic Toss|p1a: Kingambit\n|-damage|p1a: Kingambit|21\/100\n|\n|-heal|p1a: Kingambit|27\/100|[from] item: Leftovers\n|upkeep\n|turn|28\n|j| Thericshash\n|\n|t:|1700550530\n|move|p2a: Fort-Ivoire|Soft-Boiled|p2a: Fort-Ivoire\n|-heal|p2a: Fort-Ivoire|51\/100\n|move|p1a: Kingambit|Kowtow Cleave|p2a: Fort-Ivoire\n|-damage|p2a: Fort-Ivoire|0 fnt\n|faint|p2a: Fort-Ivoire\n|\n|-heal|p1a: Kingambit|33\/100|[from] item: Leftovers\n|upkeep\n|\n|t:|1700550534\n|switch|p2a: Ogerpon du Puits|Dragapult, M|42\/100\n|-damage|p2a: Ogerpon du Puits|30\/100|[from] Stealth Rock\n|turn|29\n|c|\u2606Samiaou|gg\n|\n|t:|1700550538\n|move|p1a: Kingambit|Sucker Punch|p2a: Ogerpon du Puits\n|-supereffective|p2a: Ogerpon du Puits\n|-damage|p2a: Ogerpon du Puits|0 fnt\n|faint|p2a: Ogerpon du Puits\n|\n|win|crotes69\n|raw|crotes69's rating: 1562 &rarr; <strong>1582<\/strong><br \/>(+20 for winning)\n|raw|Samiaou's rating: 1569 &rarr; <strong>1549<\/strong><br \/>(-20 for losing)\n|c|\u2606crotes69|gg\n","uploadtime":1700550545,"views":13,"p1id":"crotes69","p2id":"samiaou","formatid":"gen9ou","rating":1549,"private":0,"password":""}