{"id":"gen9ou-1991515865","p1":"Truthwight","p2":"Bi11 Russell","format":"[Gen 9] OU","log":"|j|\u2606Truthwight\n|j|\u2606Bi11 Russell\n|t:|1700084074\n|gametype|singles\n|player|p1|Truthwight|1|1210\n|player|p2|Bi11 Russell|hoopster|1163\n|teamsize|p1|6\n|teamsize|p2|6\n|gen|9\n|tier|[Gen 9] OU\n|rated|\n|rule|Sleep Clause Mod: Limit one foe put to sleep\n|rule|Species Clause: Limit one of each Pok\u00e9mon\n|rule|OHKO Clause: OHKO moves are banned\n|rule|Evasion Items Clause: Evasion items are banned\n|rule|Evasion Moves Clause: Evasion moves are banned\n|rule|Endless Battle Clause: Forcing endless battles is banned\n|rule|HP Percentage Mod: HP is shown in percentages\n|clearpoke\n|poke|p1|Milotic, M|\n|poke|p1|Typhlosion-Hisui, M|\n|poke|p1|Glimmora, M|\n|poke|p1|Klefki, M|\n|poke|p1|Garchomp, F|\n|poke|p1|Corviknight, F|\n|poke|p2|Gholdengo|\n|poke|p2|Sneasler, M|\n|poke|p2|Ribombee, M|\n|poke|p2|Rillaboom, F|\n|poke|p2|Heatran, F|\n|poke|p2|Walking Wake|\n|teampreview\n|inactive|Battle timer is ON: inactive players will automatically lose when time's up. (requested by Truthwight)\n|j| nevik54321\n|\n|t:|1700084093\n|start\n|switch|p1a: Klefki|Klefki, M|100\/100\n|switch|p2a: Heatran|Heatran, F|100\/100\n|turn|1\n|\n|t:|1700084098\n|move|p1a: Klefki|Thunder Wave|p2a: Heatran\n|-status|p2a: Heatran|par\n|cant|p2a: Heatran|par\n|\n|upkeep\n|turn|2\n|\n|t:|1700084105\n|switch|p1a: Milotic|Milotic, M|100\/100\n|move|p2a: Heatran|Magma Storm|p1a: Milotic\n|-resisted|p1a: Milotic\n|-damage|p1a: Milotic|90\/100\n|-activate|p1a: Milotic|move: Magma Storm|[of] p2a: Heatran\n|\n|-heal|p1a: Milotic|96\/100|[from] item: Leftovers\n|-damage|p1a: Milotic|83\/100|[from] move: Magma Storm|[partiallytrapped]\n|upkeep\n|turn|3\n|\n|t:|1700084112\n|switch|p2a: Ribombee|Ribombee, M|100\/100\n|move|p1a: Milotic|Scald|p2a: Ribombee\n|-damage|p2a: Ribombee|52\/100\n|\n|-heal|p1a: Milotic|90\/100|[from] item: Leftovers\n|-end|p1a: Milotic|Magma Storm|[partiallytrapped]|[silent]\n|upkeep\n|turn|4\n|\n|t:|1700084118\n|move|p2a: Ribombee|Sticky Web|p1a: Milotic\n|-sidestart|p1: Truthwight|move: Sticky Web\n|move|p1a: Milotic|Scald|p2a: Ribombee\n|-damage|p2a: Ribombee|5\/100\n|\n|-heal|p1a: Milotic|96\/100|[from] item: Leftovers\n|upkeep\n|turn|5\n|\n|t:|1700084122\n|move|p2a: Ribombee|Moonblast|p1a: Milotic\n|-damage|p1a: Milotic|75\/100\n|-unboost|p1a: Milotic|spa|1\n|-ability|p1a: Milotic|Competitive|boost\n|-boost|p1a: Milotic|spa|2\n|move|p1a: Milotic|Scald|p2a: Ribombee\n|-damage|p2a: Ribombee|0 fnt\n|faint|p2a: Ribombee\n|\n|-heal|p1a: Milotic|81\/100|[from] item: Leftovers\n|upkeep\n|\n|t:|1700084127\n|switch|p2a: Gholdengo|Gholdengo|100\/100\n|turn|6\n|\n|t:|1700084133\n|move|p2a: Gholdengo|Nasty Plot|p2a: Gholdengo\n|-boost|p2a: Gholdengo|spa|2\n|move|p1a: Milotic|Scald|p2a: Gholdengo\n|-damage|p2a: Gholdengo|52\/100\n|-status|p2a: Gholdengo|brn\n|\n|-heal|p1a: Milotic|87\/100|[from] item: Leftovers\n|-damage|p2a: Gholdengo|46\/100 brn|[from] brn\n|upkeep\n|turn|7\n|\n|t:|1700084136\n|move|p2a: Gholdengo|Thunderbolt|p1a: Milotic\n|-supereffective|p1a: Milotic\n|-damage|p1a: Milotic|13\/100\n|move|p1a: Milotic|Haze|p1a: Milotic\n|-clearallboost\n|\n|-heal|p1a: Milotic|19\/100|[from] item: Leftovers\n|-damage|p2a: Gholdengo|40\/100 brn|[from] brn\n|upkeep\n|turn|8\n|\n|t:|1700084144\n|-terastallize|p1a: Milotic|Dragon\n|move|p2a: Gholdengo|Shadow Ball|p1a: Milotic\n|-damage|p1a: Milotic|0 fnt\n|faint|p1a: Milotic\n|\n|-damage|p2a: Gholdengo|34\/100 brn|[from] brn\n|upkeep\n|\n|t:|1700084151\n|switch|p1a: Klefki|Klefki, M|100\/100\n|-activate|p1a: Klefki|move: Sticky Web\n|-unboost|p1a: Klefki|spe|1\n|turn|9\n|\n|t:|1700084157\n|move|p1a: Klefki|Spikes|p2a: Gholdengo\n|-sidestart|p2: Bi11 Russell|Spikes\n|move|p2a: Gholdengo|Nasty Plot|p2a: Gholdengo\n|-boost|p2a: Gholdengo|spa|2\n|\n|-damage|p2a: Gholdengo|27\/100 brn|[from] brn\n|upkeep\n|turn|10\n|\n|t:|1700084164\n|move|p1a: Klefki|Spikes|p2a: Gholdengo\n|-sidestart|p2: Bi11 Russell|Spikes\n|move|p2a: Gholdengo|Shadow Ball|p1a: Klefki\n|-damage|p1a: Klefki|2\/100\n|\n|-damage|p2a: Gholdengo|21\/100 brn|[from] brn\n|upkeep\n|turn|11\n|l| nevik54321\n|\n|t:|1700084169\n|move|p1a: Klefki|Spikes|p2a: Gholdengo\n|-sidestart|p2: Bi11 Russell|Spikes\n|move|p2a: Gholdengo|Shadow Ball|p1a: Klefki\n|-damage|p1a: Klefki|0 fnt\n|faint|p1a: Klefki\n|\n|-damage|p2a: Gholdengo|15\/100 brn|[from] brn\n|upkeep\n|\n|t:|1700084180\n|switch|p1a: Typhlosion|Typhlosion-Hisui, M|100\/100\n|-activate|p1a: Typhlosion|move: Sticky Web\n|-unboost|p1a: Typhlosion|spe|1\n|-item|p2a: Gholdengo|Heavy-Duty Boots|[from] ability: Frisk|[of] p1a: Typhlosion|[identify]\n|turn|12\n|\n|t:|1700084183\n|move|p1a: Typhlosion|Shadow Ball|p2a: Gholdengo\n|-supereffective|p2a: Gholdengo\n|-damage|p2a: Gholdengo|0 fnt\n|faint|p2a: Gholdengo\n|\n|upkeep\n|\n|t:|1700084192\n|switch|p2a: Walking Wake|Walking Wake|100\/100\n|-damage|p2a: Walking Wake|76\/100|[from] Spikes\n|turn|13\n|\n|t:|1700084197\n|switch|p1a: Corviknight|Corviknight, F|100\/100\n|-ability|p1a: Corviknight|Pressure\n|move|p2a: Walking Wake|Scald|p1a: Corviknight\n|-damage|p1a: Corviknight|56\/100\n|\n|upkeep\n|turn|14\n|\n|t:|1700084204\n|move|p2a: Walking Wake|Flamethrower|p1a: Corviknight\n|-supereffective|p1a: Corviknight\n|-damage|p1a: Corviknight|0 fnt\n|faint|p1a: Corviknight\n|\n|upkeep\n|\n|t:|1700084208\n|switch|p1a: Glimmora|Glimmora, M|100\/100\n|-activate|p1a: Glimmora|move: Sticky Web\n|-unboost|p1a: Glimmora|spe|1\n|turn|15\n|\n|t:|1700084213\n|move|p2a: Walking Wake|Mud Shot|p1a: Glimmora\n|-supereffective|p1a: Glimmora\n|-damage|p1a: Glimmora|5\/100\n|-unboost|p1a: Glimmora|spe|1\n|move|p1a: Glimmora|Mortal Spin|p2a: Walking Wake\n|-damage|p2a: Walking Wake|69\/100\n|-status|p2a: Walking Wake|psn\n|-sideend|p1: Truthwight|Sticky Web|[from] move: Mortal Spin|[of] p1a: Glimmora\n|\n|-heal|p1a: Glimmora|12\/100|[from] item: Black Sludge\n|-damage|p2a: Walking Wake|57\/100 psn|[from] psn\n|upkeep\n|turn|16\n|\n|t:|1700084220\n|move|p2a: Walking Wake|Scald|p1a: Glimmora\n|-supereffective|p1a: Glimmora\n|-damage|p1a: Glimmora|0 fnt\n|faint|p1a: Glimmora\n|\n|-damage|p2a: Walking Wake|44\/100 psn|[from] psn\n|upkeep\n|\n|t:|1700084222\n|switch|p1a: Garchomp|Garchomp, F|100\/100\n|turn|17\n|\n|t:|1700084226\n|-terastallize|p2a: Walking Wake|Water\n|move|p2a: Walking Wake|Dragon Pulse|p1a: Garchomp\n|-supereffective|p1a: Garchomp\n|-damage|p1a: Garchomp|2\/100\n|move|p1a: Garchomp|Scale Shot|p2a: Walking Wake\n|-damage|p2a: Walking Wake|29\/100 psn\n|-damage|p2a: Walking Wake|13\/100 psn\n|-damage|p2a: Walking Wake|0 fnt\n|faint|p2a: Walking Wake\n|-end|p2a: Walking Wake|Protosynthesis|[silent]\n|-hitcount|p2: Walking Wake|3\n|-unboost|p1a: Garchomp|def|1\n|-boost|p1a: Garchomp|spe|1\n|\n|upkeep\n|\n|t:|1700084233\n|switch|p2a: Rillaboom|Rillaboom, F|100\/100\n|-damage|p2a: Rillaboom|76\/100|[from] Spikes\n|-fieldstart|move: Grassy Terrain|[from] ability: Grassy Surge|[of] p2a: Rillaboom\n|turn|18\n|\n|t:|1700084244\n|switch|p1a: Typhlosion|Typhlosion-Hisui, M|100\/100\n|-item|p2a: Rillaboom|Terrain Extender|[from] ability: Frisk|[of] p1a: Typhlosion|[identify]\n|move|p2a: Rillaboom|Grassy Glide|p1a: Typhlosion\n|-resisted|p1a: Typhlosion\n|-damage|p1a: Typhlosion|76\/100\n|\n|-heal|p1a: Typhlosion|82\/100|[from] Grassy Terrain\n|-heal|p2a: Rillaboom|82\/100|[from] Grassy Terrain\n|upkeep\n|turn|19\n|\n|t:|1700084251\n|move|p2a: Rillaboom|Grassy Glide|p1a: Typhlosion\n|-resisted|p1a: Typhlosion\n|-damage|p1a: Typhlosion|57\/100\n|move|p1a: Typhlosion|Shadow Ball|p2a: Rillaboom\n|-damage|p2a: Rillaboom|31\/100\n|\n|-heal|p1a: Typhlosion|63\/100|[from] Grassy Terrain\n|-heal|p2a: Rillaboom|37\/100|[from] Grassy Terrain\n|upkeep\n|turn|20\n|\n|t:|1700084255\n|move|p2a: Rillaboom|Grassy Glide|p1a: Typhlosion\n|-resisted|p1a: Typhlosion\n|-damage|p1a: Typhlosion|35\/100\n|move|p1a: Typhlosion|Shadow Ball|p2a: Rillaboom\n|-damage|p2a: Rillaboom|0 fnt\n|faint|p2a: Rillaboom\n|\n|-heal|p1a: Typhlosion|41\/100|[from] Grassy Terrain\n|upkeep\n|\n|t:|1700084261\n|switch|p2a: Sneasler|Sneasler, M|100\/100\n|-damage|p2a: Sneasler|76\/100|[from] Spikes\n|-enditem|p2a: Sneasler|Grassy Seed\n|-boost|p2a: Sneasler|def|1|[from] item: Grassy Seed\n|turn|21\n|\n|t:|1700084271\n|move|p2a: Sneasler|Acrobatics|p1a: Typhlosion\n|-damage|p1a: Typhlosion|0 fnt\n|faint|p1a: Typhlosion\n|\n|-heal|p2a: Sneasler|82\/100|[from] Grassy Terrain\n|upkeep\n|\n|t:|1700084272\n|switch|p1a: Garchomp|Garchomp, F|2\/100\n|turn|22\n|c|\u2606Bi11 Russell|gg\n|\n|t:|1700084278\n|move|p2a: Sneasler|Acrobatics|p1a: Garchomp\n|-damage|p1a: Garchomp|0 fnt\n|-damage|p2a: Sneasler|69\/100|[from] ability: Rough Skin|[of] p1a: Garchomp\n|faint|p1a: Garchomp\n|\n|win|Bi11 Russell\n|raw|Truthwight's rating: 1210 &rarr; <strong>1182<\/strong><br \/>(-28 for losing)\n|raw|Bi11 Russell's rating: 1163 &rarr; <strong>1191<\/strong><br \/>(+28 for winning)\n|l|\u2606Truthwight\n","uploadtime":1700084282,"views":23,"p1id":"truthwight","p2id":"bi11russell","formatid":"gen9ou","rating":1182,"private":0,"password":""}