{"id":"gen9ou-1990465275","p1":"Vegallomas","p2":"SylverOmega","format":"[Gen 9] OU","log":"|j|\u2606Vegallomas\n|j|\u2606SylverOmega\n|t:|1699973491\n|gametype|singles\n|player|p1|Vegallomas|266|1314\n|player|p2|SylverOmega|palmer|1254\n|teamsize|p1|6\n|teamsize|p2|6\n|gen|9\n|tier|[Gen 9] OU\n|rated|\n|rule|Sleep Clause Mod: Limit one foe put to sleep\n|rule|Species Clause: Limit one of each Pok\u00e9mon\n|rule|OHKO Clause: OHKO moves are banned\n|rule|Evasion Items Clause: Evasion items are banned\n|rule|Evasion Moves Clause: Evasion moves are banned\n|rule|Endless Battle Clause: Forcing endless battles is banned\n|rule|HP Percentage Mod: HP is shown in percentages\n|clearpoke\n|poke|p1|Cinderace, F|\n|poke|p1|Skeledirge, F|\n|poke|p1|Kommo-o, M|\n|poke|p1|Zapdos|\n|poke|p1|Dragapult, M|\n|poke|p1|Clefable, F|\n|poke|p2|Ribombee, M|\n|poke|p2|Ceruledge, M|\n|poke|p2|Enamorus, F|\n|poke|p2|Iron Treads|\n|poke|p2|Kingambit, M|\n|poke|p2|Ogerpon-Wellspring, F|\n|teampreview\n|inactive|Battle timer is ON: inactive players will automatically lose when time's up. (requested by SylverOmega)\n|c|\u2606SylverOmega|Hf\n|inactive|SylverOmega has 120 seconds left.\n|\n|t:|1699973522\n|start\n|switch|p1a: Skeledirge|Skeledirge, F|100\/100\n|switch|p2a: Ceruledge|Ceruledge, M|100\/100\n|turn|1\n|\n|t:|1699973536\n|-terastallize|p1a: Skeledirge|Water\n|move|p2a: Ceruledge|Poltergeist|p1a: Skeledirge\n|-activate|p1a: Skeledirge|move: Poltergeist|Leftovers\n|-damage|p1a: Skeledirge|40\/100\n|move|p1a: Skeledirge|Torch Song|p2a: Ceruledge\n|-start|p2a: Ceruledge|ability: Flash Fire\n|\n|-heal|p1a: Skeledirge|46\/100|[from] item: Leftovers\n|upkeep\n|turn|2\n|\n|t:|1699973549\n|move|p2a: Ceruledge|Poltergeist|p1a: Skeledirge\n|-activate|p1a: Skeledirge|move: Poltergeist|Leftovers\n|-damage|p1a: Skeledirge|0 fnt\n|faint|p1a: Skeledirge\n|\n|upkeep\n|\n|t:|1699973562\n|switch|p1a: Cinderace|Cinderace, F|100\/100\n|turn|3\n|\n|t:|1699973569\n|move|p1a: Cinderace|U-turn|p2a: Ceruledge\n|-start|p1a: Cinderace|typechange|Bug|[from] ability: Libero\n|-resisted|p2a: Ceruledge\n|-damage|p2a: Ceruledge|88\/100\n|\n|t:|1699973572\n|switch|p1a: Zapdos|Zapdos|100\/100|[from] U-turn\n|move|p2a: Ceruledge|Swords Dance|p2a: Ceruledge\n|-boost|p2a: Ceruledge|atk|2\n|\n|upkeep\n|turn|4\n|\n|t:|1699973581\n|move|p2a: Ceruledge|Poltergeist|p1a: Zapdos|[miss]\n|-miss|p2a: Ceruledge|p1a: Zapdos\n|move|p1a: Zapdos|Thunderbolt|p2a: Ceruledge\n|-damage|p2a: Ceruledge|25\/100\n|\n|upkeep\n|turn|5\n|\n|t:|1699973590\n|move|p2a: Ceruledge|Poltergeist|p1a: Zapdos\n|-activate|p1a: Zapdos|move: Poltergeist|Weakness Policy\n|-damage|p1a: Zapdos|0 fnt\n|faint|p1a: Zapdos\n|\n|upkeep\n|\n|t:|1699973597\n|switch|p1a: Dragapult|Dragapult, M|100\/100\n|turn|6\n|\n|t:|1699973601\n|move|p2a: Ceruledge|Shadow Sneak|p1a: Dragapult\n|-supereffective|p1a: Dragapult\n|-damage|p1a: Dragapult|0 fnt\n|faint|p1a: Dragapult\n|\n|upkeep\n|\n|t:|1699973616\n|switch|p1a: Clefable|Clefable, F|100\/100\n|turn|7\n|\n|t:|1699973621\n|move|p2a: Ceruledge|Bitter Blade|p1a: Clefable\n|-damage|p1a: Clefable|12\/100\n|-heal|p2a: Ceruledge|84\/100|[from] drain|[of] p1a: Clefable\n|move|p1a: Clefable|Reflect|p1a: Clefable\n|-sidestart|p1: Vegallomas|Reflect\n|\n|upkeep\n|turn|8\n|\n|t:|1699973628\n|move|p2a: Ceruledge|Bitter Blade|p1a: Clefable\n|-damage|p1a: Clefable|0 fnt\n|-heal|p2a: Ceruledge|92\/100|[from] drain|[of] p1a: Clefable\n|faint|p1a: Clefable\n|\n|upkeep\n|\n|t:|1699973634\n|switch|p1a: Kommo-o|Kommo-o, M|100\/100\n|turn|9\n|\n|t:|1699973643\n|move|p2a: Ceruledge|Bitter Blade|p1a: Kommo-o\n|-resisted|p1a: Kommo-o\n|-damage|p1a: Kommo-o|71\/100\n|-heal|p2a: Ceruledge|100\/100|[from] drain|[of] p1a: Kommo-o\n|move|p1a: Kommo-o|Substitute|p1a: Kommo-o\n|-start|p1a: Kommo-o|Substitute\n|-damage|p1a: Kommo-o|47\/100\n|\n|-heal|p1a: Kommo-o|53\/100|[from] item: Leftovers\n|upkeep\n|turn|10\n|\n|t:|1699973654\n|move|p2a: Ceruledge|Bitter Blade|p1a: Kommo-o\n|-resisted|p1a: Kommo-o\n|-end|p1a: Kommo-o|Substitute\n|move|p1a: Kommo-o|Iron Defense|p1a: Kommo-o\n|-boost|p1a: Kommo-o|def|2\n|\n|-heal|p1a: Kommo-o|59\/100|[from] item: Leftovers\n|upkeep\n|turn|11\n|-message|Vegallomas forfeited.\n|\n|win|SylverOmega\n|raw|Vegallomas's rating: 1314 &rarr; <strong>1291<\/strong><br \/>(-23 for losing)\n|raw|SylverOmega's rating: 1254 &rarr; <strong>1283<\/strong><br \/>(+29 for winning)\n|l|\u2606Vegallomas\n","uploadtime":1699973668,"views":16,"p1id":"vegallomas","p2id":"sylveromega","formatid":"gen9ou","rating":1283,"private":0,"password":""}