{"id":"gen9ou-1990900176","p1":"synergies","p2":"BUGG1N","format":"[Gen 9] OU","log":"|j|\u2606synergies\n|j|\u2606BUGG1N\n|t:|1700012972\n|gametype|singles\n|player|p1|synergies|dancer|1588\n|player|p2|BUGG1N|bugmaniac-gen3|1567\n|teamsize|p1|6\n|teamsize|p2|6\n|gen|9\n|tier|[Gen 9] OU\n|rated|\n|rule|Sleep Clause Mod: Limit one foe put to sleep\n|rule|Species Clause: Limit one of each Pok\u00e9mon\n|rule|OHKO Clause: OHKO moves are banned\n|rule|Evasion Items Clause: Evasion items are banned\n|rule|Evasion Moves Clause: Evasion moves are banned\n|rule|Endless Battle Clause: Forcing endless battles is banned\n|rule|HP Percentage Mod: HP is shown in percentages\n|clearpoke\n|poke|p1|Rillaboom, F|\n|poke|p1|Sneasler, F|\n|poke|p1|Zamazenta-*|\n|poke|p1|Heatran, F|\n|poke|p1|Hatterene, F|\n|poke|p1|Manaphy|\n|poke|p2|Kommo-o, M|\n|poke|p2|Ogerpon, F|\n|poke|p2|Iron Valiant|\n|poke|p2|Enamorus, F|\n|poke|p2|Iron Treads|\n|poke|p2|Dragonite, M|\n|teampreview\n|\n|t:|1700012992\n|start\n|switch|p1a: Heatran|Heatran, F|100\/100\n|switch|p2a: Iron Treads|Iron Treads|100\/100\n|-item|p1a: Heatran|Air Balloon\n|-enditem|p2a: Iron Treads|Booster Energy\n|-activate|p2a: Iron Treads|ability: Quark Drive|[fromitem]\n|-start|p2a: Iron Treads|quarkdrivespe\n|turn|1\n|\n|t:|1700013001\n|move|p2a: Iron Treads|Rapid Spin|p1a: Heatran\n|-resisted|p1a: Heatran\n|-damage|p1a: Heatran|93\/100\n|-boost|p2a: Iron Treads|spe|1\n|-enditem|p1a: Heatran|Air Balloon\n|move|p1a: Heatran|Magma Storm|p2a: Iron Treads\n|-supereffective|p2a: Iron Treads\n|-damage|p2a: Iron Treads|0 fnt\n|faint|p2a: Iron Treads\n|-end|p2a: Iron Treads|Quark Drive|[silent]\n|\n|upkeep\n|\n|t:|1700013011\n|switch|p2a: Kommo-o|Kommo-o, M|100\/100\n|turn|2\n|inactive|Battle timer is ON: inactive players will automatically lose when time's up. (requested by BUGG1N)\n|\n|t:|1700013025\n|switch|p1a: Hatterene|Hatterene, F|100\/100\n|move|p2a: Kommo-o|Clangorous Soul|p2a: Kommo-o\n|-boost|p2a: Kommo-o|atk|1\n|-boost|p2a: Kommo-o|def|1\n|-boost|p2a: Kommo-o|spa|1\n|-boost|p2a: Kommo-o|spd|1\n|-boost|p2a: Kommo-o|spe|1\n|-damage|p2a: Kommo-o|68\/100\n|\n|-heal|p2a: Kommo-o|74\/100|[from] item: Leftovers\n|upkeep\n|turn|3\n|\n|t:|1700013030\n|-terastallize|p2a: Kommo-o|Fire\n|move|p2a: Kommo-o|Flamethrower|p1a: Hatterene\n|-damage|p1a: Hatterene|42\/100\n|move|p1a: Hatterene|Draining Kiss|p2a: Kommo-o\n|-resisted|p2a: Kommo-o\n|-damage|p2a: Kommo-o|64\/100\n|-heal|p1a: Hatterene|48\/100|[from] drain|[of] p2a: Kommo-o\n|\n|-heal|p2a: Kommo-o|71\/100|[from] item: Leftovers\n|upkeep\n|turn|4\n|\n|t:|1700013044\n|-terastallize|p1a: Hatterene|Water\n|move|p2a: Kommo-o|Flamethrower|p1a: Hatterene\n|-resisted|p1a: Hatterene\n|-damage|p1a: Hatterene|17\/100\n|move|p1a: Hatterene|Nuzzle|p2a: Kommo-o\n|-damage|p2a: Kommo-o|68\/100\n|-status|p2a: Kommo-o|par\n|\n|-heal|p2a: Kommo-o|74\/100 par|[from] item: Leftovers\n|upkeep\n|turn|5\n|\n|t:|1700013057\n|move|p2a: Kommo-o|Flamethrower|p1a: Hatterene\n|-resisted|p1a: Hatterene\n|-damage|p1a: Hatterene|0 fnt\n|faint|p1a: Hatterene\n|\n|-heal|p2a: Kommo-o|81\/100 par|[from] item: Leftovers\n|upkeep\n|\n|t:|1700013063\n|switch|p1a: Heatran|Heatran, F|93\/100\n|turn|6\n|\n|t:|1700013066\n|move|p2a: Kommo-o|Drain Punch|p1a: Heatran\n|-supereffective|p1a: Heatran\n|-damage|p1a: Heatran|28\/100\n|-heal|p2a: Kommo-o|100\/100 par|[from] drain|[of] p1a: Heatran\n|move|p1a: Heatran|Earth Power|p2a: Kommo-o\n|-supereffective|p2a: Kommo-o\n|-damage|p2a: Kommo-o|57\/100 par\n|\n|-heal|p2a: Kommo-o|63\/100 par|[from] item: Leftovers\n|upkeep\n|turn|7\n|\n|t:|1700013074\n|move|p2a: Kommo-o|Drain Punch|p1a: Heatran\n|-supereffective|p1a: Heatran\n|-damage|p1a: Heatran|0 fnt\n|-heal|p2a: Kommo-o|82\/100 par|[from] drain|[of] p1a: Heatran\n|faint|p1a: Heatran\n|\n|-heal|p2a: Kommo-o|88\/100 par|[from] item: Leftovers\n|upkeep\n|\n|t:|1700013077\n|switch|p1a: Manaphy|Manaphy|100\/100\n|turn|8\n|\n|t:|1700013085\n|move|p1a: Manaphy|Acid Armor|p1a: Manaphy\n|-boost|p1a: Manaphy|def|2\n|cant|p2a: Kommo-o|par\n|\n|-heal|p2a: Kommo-o|94\/100 par|[from] item: Leftovers\n|upkeep\n|turn|9\n|\n|t:|1700013090\n|move|p1a: Manaphy|Take Heart|p1a: Manaphy\n|-boost|p1a: Manaphy|spa|1\n|-boost|p1a: Manaphy|spd|1\n|move|p2a: Kommo-o|Clanging Scales|p1a: Manaphy\n|-damage|p1a: Manaphy|59\/100\n|-unboost|p2a: Kommo-o|def|1\n|\n|-heal|p1a: Manaphy|66\/100|[from] item: Leftovers\n|-heal|p2a: Kommo-o|99\/100 par|[from] item: Leftovers\n|upkeep\n|turn|10\n|\n|t:|1700013099\n|switch|p2a: Ogerpon|Ogerpon, F|100\/100\n|move|p1a: Manaphy|Take Heart|p1a: Manaphy\n|-boost|p1a: Manaphy|spa|1\n|-boost|p1a: Manaphy|spd|1\n|\n|-heal|p1a: Manaphy|72\/100|[from] item: Leftovers\n|upkeep\n|turn|11\n|\n|t:|1700013106\n|move|p2a: Ogerpon|Ivy Cudgel|p1a: Manaphy\n|-supereffective|p1a: Manaphy\n|-damage|p1a: Manaphy|11\/100\n|move|p1a: Manaphy|Stored Power|p2a: Ogerpon\n|-damage|p2a: Ogerpon|28\/100\n|\n|-heal|p1a: Manaphy|18\/100|[from] item: Leftovers\n|upkeep\n|turn|12\n|\n|t:|1700013112\n|switch|p1a: Rillaboom|Rillaboom, F|100\/100\n|-fieldstart|move: Grassy Terrain|[from] ability: Grassy Surge|[of] p1a: Rillaboom\n|move|p2a: Ogerpon|Ivy Cudgel|p1a: Rillaboom\n|-resisted|p1a: Rillaboom\n|-damage|p1a: Rillaboom|54\/100\n|\n|-heal|p2a: Ogerpon|34\/100|[from] Grassy Terrain\n|-heal|p1a: Rillaboom|61\/100|[from] Grassy Terrain\n|upkeep\n|turn|13\n|\n|t:|1700013126\n|move|p2a: Ogerpon|Ivy Cudgel|p1a: Rillaboom\n|-resisted|p1a: Rillaboom\n|-damage|p1a: Rillaboom|14\/100\n|move|p1a: Rillaboom|U-turn|p2a: Ogerpon\n|-supereffective|p2a: Ogerpon\n|-damage|p2a: Ogerpon|0 fnt\n|faint|p2a: Ogerpon\n|\n|t:|1700013134\n|switch|p1a: Manaphy|Manaphy|18\/100|[from] U-turn\n|\n|-heal|p1a: Manaphy|24\/100|[from] Grassy Terrain\n|-heal|p1a: Manaphy|30\/100|[from] item: Leftovers\n|upkeep\n|\n|t:|1700013154\n|switch|p2a: Enamorus|Enamorus, F|100\/100\n|turn|14\n|\n|t:|1700013159\n|move|p2a: Enamorus|Moonblast|p1a: Manaphy\n|-damage|p1a: Manaphy|0 fnt\n|faint|p1a: Manaphy\n|-damage|p2a: Enamorus|91\/100|[from] item: Life Orb\n|\n|upkeep\n|\n|t:|1700013165\n|switch|p1a: Sneasler|Sneasler, F|100\/100\n|-enditem|p1a: Sneasler|Grassy Seed\n|-boost|p1a: Sneasler|def|1|[from] item: Grassy Seed\n|turn|15\n|\n|t:|1700013177\n|move|p1a: Sneasler|Swords Dance|p1a: Sneasler\n|-boost|p1a: Sneasler|atk|2\n|move|p2a: Enamorus|Moonblast|p1a: Sneasler\n|-damage|p1a: Sneasler|21\/100\n|-damage|p2a: Enamorus|81\/100|[from] item: Life Orb\n|\n|-heal|p1a: Sneasler|27\/100|[from] Grassy Terrain\n|upkeep\n|turn|16\n|\n|t:|1700013191\n|switch|p2a: Kommo-o|Kommo-o, M, tera:Fire|99\/100 par\n|move|p1a: Sneasler|Dire Claw|p2a: Kommo-o\n|-damage|p2a: Kommo-o|8\/100 par\n|\n|-heal|p1a: Sneasler|33\/100|[from] Grassy Terrain\n|-heal|p2a: Kommo-o|14\/100 par|[from] Grassy Terrain\n|-heal|p2a: Kommo-o|20\/100 par|[from] item: Leftovers\n|-fieldend|move: Grassy Terrain\n|upkeep\n|turn|17\n|\n|t:|1700013197\n|move|p1a: Sneasler|Dire Claw|p2a: Kommo-o\n|-damage|p2a: Kommo-o|0 fnt\n|faint|p2a: Kommo-o\n|\n|upkeep\n|\n|t:|1700013204\n|switch|p2a: Dragonite|Dragonite, M|100\/100\n|turn|18\n|\n|t:|1700013207\n|move|p2a: Dragonite|Extreme Speed|p1a: Sneasler\n|-damage|p1a: Sneasler|0 fnt\n|faint|p1a: Sneasler\n|\n|upkeep\n|\n|t:|1700013213\n|switch|p1a: Rillaboom|Rillaboom, F|14\/100\n|-fieldstart|move: Grassy Terrain|[from] ability: Grassy Surge|[of] p1a: Rillaboom\n|turn|19\n|\n|t:|1700013219\n|move|p1a: Rillaboom|Grassy Glide|p2a: Dragonite\n|-resisted|p2a: Dragonite\n|-damage|p2a: Dragonite|93\/100\n|move|p2a: Dragonite|Dragon Dance|p2a: Dragonite\n|-boost|p2a: Dragonite|atk|1\n|-boost|p2a: Dragonite|spe|1\n|\n|-heal|p1a: Rillaboom|20\/100|[from] Grassy Terrain\n|upkeep\n|turn|20\n|\n|t:|1700013224\n|switch|p1a: Zamazenta|Zamazenta|100\/100\n|-ability|p1a: Zamazenta|Dauntless Shield|boost\n|-boost|p1a: Zamazenta|def|1\n|move|p2a: Dragonite|Dragon Dance|p2a: Dragonite\n|-boost|p2a: Dragonite|atk|1\n|-boost|p2a: Dragonite|spe|1\n|\n|upkeep\n|turn|21\n|\n|t:|1700013235\n|move|p2a: Dragonite|Fire Punch|p1a: Zamazenta\n|-damage|p1a: Zamazenta|72\/100\n|move|p1a: Zamazenta|Iron Defense|p1a: Zamazenta\n|-boost|p1a: Zamazenta|def|2\n|\n|-heal|p1a: Zamazenta|78\/100|[from] Grassy Terrain\n|-heal|p1a: Zamazenta|84\/100|[from] item: Leftovers\n|upkeep\n|turn|22\n|\n|t:|1700013239\n|move|p2a: Dragonite|Fire Punch|p1a: Zamazenta\n|-damage|p1a: Zamazenta|65\/100\n|move|p1a: Zamazenta|Iron Defense|p1a: Zamazenta\n|-boost|p1a: Zamazenta|def|2\n|\n|-heal|p1a: Zamazenta|72\/100|[from] Grassy Terrain\n|-heal|p1a: Zamazenta|78\/100|[from] item: Leftovers\n|upkeep\n|turn|23\n|\n|t:|1700013243\n|move|p2a: Dragonite|Fire Punch|p1a: Zamazenta\n|-damage|p1a: Zamazenta|65\/100\n|move|p1a: Zamazenta|Body Press|p2a: Dragonite\n|-resisted|p2a: Dragonite\n|-damage|p2a: Dragonite|16\/100\n|\n|-heal|p1a: Zamazenta|72\/100|[from] Grassy Terrain\n|-heal|p1a: Zamazenta|78\/100|[from] item: Leftovers\n|-fieldend|move: Grassy Terrain\n|upkeep\n|turn|24\n|\n|t:|1700013250\n|move|p2a: Dragonite|Earthquake|p1a: Zamazenta\n|-damage|p1a: Zamazenta|62\/100\n|move|p1a: Zamazenta|Body Press|p2a: Dragonite\n|-resisted|p2a: Dragonite\n|-damage|p2a: Dragonite|0 fnt\n|faint|p2a: Dragonite\n|\n|-heal|p1a: Zamazenta|68\/100|[from] item: Leftovers\n|upkeep\n|\n|t:|1700013257\n|switch|p2a: Iron Valiant|Iron Valiant|100\/100\n|-enditem|p2a: Iron Valiant|Booster Energy\n|-activate|p2a: Iron Valiant|ability: Quark Drive|[fromitem]\n|-start|p2a: Iron Valiant|quarkdrivespa\n|turn|25\n|\n|t:|1700013263\n|move|p1a: Zamazenta|Heavy Slam|p2a: Iron Valiant\n|-supereffective|p2a: Iron Valiant\n|-damage|p2a: Iron Valiant|19\/100\n|move|p2a: Iron Valiant|Moonblast|p1a: Zamazenta\n|-supereffective|p1a: Zamazenta\n|-damage|p1a: Zamazenta|0 fnt\n|faint|p1a: Zamazenta\n|\n|upkeep\n|\n|t:|1700013268\n|switch|p1a: Rillaboom|Rillaboom, F|20\/100\n|-fieldstart|move: Grassy Terrain|[from] ability: Grassy Surge|[of] p1a: Rillaboom\n|turn|26\n|\n|t:|1700013274\n|move|p2a: Iron Valiant|Vacuum Wave|p1a: Rillaboom\n|-damage|p1a: Rillaboom|0 fnt\n|faint|p1a: Rillaboom\n|\n|win|BUGG1N\n|raw|synergies's rating: 1588 &rarr; <strong>1567<\/strong><br \/>(-21 for losing)\n|raw|BUGG1N's rating: 1567 &rarr; <strong>1588<\/strong><br \/>(+21 for winning)\n|l|\u2606synergies\n","uploadtime":1700013412,"views":13,"p1id":"synergies","p2id":"bugg1n","formatid":"gen9ou","rating":1567,"private":0,"password":""}