{"id":"gen9ou-1992874677","p1":"Niknak841","p2":"aketsuki","format":"[Gen 9] OU","log":"|j|\u2606Niknak841\n|j|\u2606aketsuki\n|t:|1700242946\n|gametype|singles\n|player|p1|Niknak841|elesa|1833\n|player|p2|aketsuki|chili|1789\n|teamsize|p1|6\n|teamsize|p2|6\n|gen|9\n|tier|[Gen 9] OU\n|rated|\n|rule|Sleep Clause Mod: Limit one foe put to sleep\n|rule|Species Clause: Limit one of each Pok\u00e9mon\n|rule|OHKO Clause: OHKO moves are banned\n|rule|Evasion Items Clause: Evasion items are banned\n|rule|Evasion Moves Clause: Evasion moves are banned\n|rule|Endless Battle Clause: Forcing endless battles is banned\n|rule|HP Percentage Mod: HP is shown in percentages\n|clearpoke\n|poke|p1|Ninetales-Alola, M|\n|poke|p1|Manaphy|\n|poke|p1|Rillaboom, M|\n|poke|p1|Sneasler, F|\n|poke|p1|Great Tusk|\n|poke|p1|Ceruledge, F|\n|poke|p2|Great Tusk|\n|poke|p2|Milotic, M|\n|poke|p2|Dragapult, M|\n|poke|p2|Kingambit, M|\n|poke|p2|Enamorus, F|\n|poke|p2|Ogerpon-Wellspring, F|\n|teampreview\n|inactive|Battle timer is ON: inactive players will automatically lose when time's up. (requested by Niknak841)\n|j| they call me idk\n|l| they call me idk\n|j| Light Dlc1 Train\n|\n|t:|1700242974\n|start\n|switch|p1a: Rillaboom|Rillaboom, M|100\/100\n|switch|p2a: Milotic|Milotic, M|100\/100\n|-fieldstart|move: Grassy Terrain|[from] ability: Grassy Surge|[of] p1a: Rillaboom\n|turn|1\n|\n|t:|1700242985\n|move|p1a: Rillaboom|U-turn|p2a: Milotic\n|-damage|p2a: Milotic|77\/100\n|j| GAARDEVOIR\n|\n|t:|1700242990\n|switch|p1a: Manaphy|Manaphy|100\/100|[from] U-turn\n|move|p2a: Milotic|Scald|p1a: Manaphy\n|-resisted|p1a: Manaphy\n|-damage|p1a: Manaphy|88\/100\n|\n|-heal|p1a: Manaphy|94\/100|[from] Grassy Terrain\n|-heal|p1a: Manaphy|100\/100|[from] item: Leftovers\n|-heal|p2a: Milotic|83\/100|[from] Grassy Terrain\n|-heal|p2a: Milotic|89\/100|[from] item: Leftovers\n|upkeep\n|turn|2\n|\n|t:|1700242997\n|switch|p1a: Ninetales|Ninetales-Alola, M|100\/100\n|-weather|Snow|[from] ability: Snow Warning|[of] p1a: Ninetales\n|move|p2a: Milotic|Scald|p1a: Ninetales\n|-damage|p1a: Ninetales|68\/100\n|-status|p1a: Ninetales|brn\n|\n|-weather|Snow|[upkeep]\n|-heal|p1a: Ninetales|74\/100 brn|[from] Grassy Terrain\n|-heal|p2a: Milotic|95\/100|[from] Grassy Terrain\n|-heal|p2a: Milotic|100\/100|[from] item: Leftovers\n|-damage|p1a: Ninetales|68\/100 brn|[from] brn\n|upkeep\n|turn|3\n|\n|t:|1700243001\n|move|p1a: Ninetales|Aurora Veil|p1a: Ninetales\n|-sidestart|p1: Niknak841|move: Aurora Veil\n|move|p2a: Milotic|Scald|p1a: Ninetales\n|-damage|p1a: Ninetales|50\/100 brn\n|\n|-weather|Snow|[upkeep]\n|-heal|p1a: Ninetales|56\/100 brn|[from] Grassy Terrain\n|-damage|p1a: Ninetales|50\/100 brn|[from] brn\n|upkeep\n|turn|4\n|\n|t:|1700243004\n|switch|p1a: Manaphy|Manaphy|100\/100\n|move|p2a: Milotic|Scald|p1a: Manaphy\n|-resisted|p1a: Manaphy\n|-damage|p1a: Manaphy|95\/100\n|-status|p1a: Manaphy|brn\n|\n|-weather|Snow|[upkeep]\n|-heal|p1a: Manaphy|100\/100 brn|[from] Grassy Terrain\n|-damage|p1a: Manaphy|94\/100 brn|[from] brn\n|upkeep\n|turn|5\n|\n|t:|1700243008\n|move|p1a: Manaphy|Take Heart|p1a: Manaphy\n|-boost|p1a: Manaphy|spa|1\n|-boost|p1a: Manaphy|spd|1\n|-curestatus|p1a: Manaphy|brn|[msg]\n|move|p2a: Milotic|Haze|p2a: Milotic\n|-clearallboost\n|\n|-weather|Snow|[upkeep]\n|-heal|p1a: Manaphy|100\/100|[from] Grassy Terrain\n|upkeep\n|turn|6\n|\n|t:|1700243014\n|switch|p1a: Rillaboom|Rillaboom, M|100\/100\n|move|p2a: Milotic|Haze|p2a: Milotic\n|-clearallboost\n|\n|-weather|none\n|upkeep\n|turn|7\n|\n|t:|1700243024\n|move|p1a: Rillaboom|Wood Hammer|p2a: Milotic\n|-supereffective|p2a: Milotic\n|-damage|p2a: Milotic|0 fnt\n|faint|p2a: Milotic\n|-damage|p1a: Rillaboom|62\/100|[from] Recoil\n|\n|-heal|p1a: Rillaboom|69\/100|[from] Grassy Terrain\n|upkeep\n|\n|t:|1700243031\n|switch|p2a: Enamorus|Enamorus, F|100\/100\n|turn|8\n|\n|t:|1700243033\n|move|p2a: Enamorus|Moonblast|p1a: Rillaboom\n|-damage|p1a: Rillaboom|35\/100\n|move|p1a: Rillaboom|U-turn|p2a: Enamorus\n|-resisted|p2a: Enamorus\n|-damage|p2a: Enamorus|92\/100\n|\n|t:|1700243038\n|switch|p1a: Ceruledge|Ceruledge, F|100\/100|[from] U-turn\n|\n|-fieldend|move: Grassy Terrain\n|upkeep\n|turn|9\n|\n|t:|1700243043\n|move|p2a: Enamorus|Earth Power|p1a: Ceruledge\n|-supereffective|p1a: Ceruledge\n|-damage|p1a: Ceruledge|68\/100\n|move|p1a: Ceruledge|Bitter Blade|p2a: Enamorus\n|-damage|p2a: Enamorus|16\/100\n|-heal|p1a: Ceruledge|99\/100|[from] drain|[of] p2a: Enamorus\n|\n|upkeep\n|turn|10\n|\n|t:|1700243050\n|switch|p2a: Great Tusk|Great Tusk|100\/100\n|move|p1a: Ceruledge|Shadow Sneak|p2a: Great Tusk\n|-damage|p2a: Great Tusk|90\/100\n|-damage|p1a: Ceruledge|83\/100|[from] item: Rocky Helmet|[of] p2a: Great Tusk\n|\n|-sideend|p1: Niknak841|move: Aurora Veil\n|upkeep\n|turn|11\n|\n|t:|1700243064\n|switch|p1a: Rillaboom|Rillaboom, M|35\/100\n|-fieldstart|move: Grassy Terrain|[from] ability: Grassy Surge|[of] p1a: Rillaboom\n|move|p2a: Great Tusk|Earthquake|p1a: Rillaboom\n|-resisted|p1a: Rillaboom\n|-damage|p1a: Rillaboom|24\/100\n|\n|-heal|p1a: Rillaboom|30\/100|[from] Grassy Terrain\n|-heal|p2a: Great Tusk|96\/100|[from] Grassy Terrain\n|upkeep\n|turn|12\n|\n|t:|1700243070\n|move|p1a: Rillaboom|U-turn|p2a: Great Tusk\n|-resisted|p2a: Great Tusk\n|-damage|p2a: Great Tusk|90\/100\n|-damage|p1a: Rillaboom|14\/100|[from] item: Rocky Helmet|[of] p2a: Great Tusk\n|j| 666666666gege\n|\n|t:|1700243071\n|switch|p1a: Great Tusk|Great Tusk|100\/100|[from] U-turn\n|-enditem|p1a: Great Tusk|Booster Energy\n|-activate|p1a: Great Tusk|ability: Protosynthesis|[fromitem]\n|-start|p1a: Great Tusk|protosynthesisspe\n|move|p2a: Great Tusk|Stealth Rock|p1a: Great Tusk\n|-sidestart|p1: Niknak841|move: Stealth Rock\n|\n|-heal|p2a: Great Tusk|97\/100|[from] Grassy Terrain\n|upkeep\n|turn|13\n|\n|t:|1700243081\n|move|p1a: Great Tusk|Bulk Up|p1a: Great Tusk\n|-boost|p1a: Great Tusk|atk|1\n|-boost|p1a: Great Tusk|def|1\n|move|p2a: Great Tusk|Rapid Spin|p1a: Great Tusk\n|-crit|p1a: Great Tusk\n|-damage|p1a: Great Tusk|86\/100\n|-boost|p2a: Great Tusk|spe|1\n|\n|-heal|p1a: Great Tusk|93\/100|[from] Grassy Terrain\n|-heal|p2a: Great Tusk|100\/100|[from] Grassy Terrain\n|upkeep\n|turn|14\n|\n|t:|1700243091\n|-end|p2a: Great Tusk|Protosynthesis|[silent]\n|switch|p2a: Ogerpon|Ogerpon-Wellspring, F|100\/100\n|move|p1a: Great Tusk|Bulk Up|p1a: Great Tusk\n|-boost|p1a: Great Tusk|atk|1\n|-boost|p1a: Great Tusk|def|1\n|\n|-heal|p1a: Great Tusk|99\/100|[from] Grassy Terrain\n|upkeep\n|turn|15\n|\n|t:|1700243095\n|move|p1a: Great Tusk|Bulk Up|p1a: Great Tusk\n|-boost|p1a: Great Tusk|atk|1\n|-boost|p1a: Great Tusk|def|1\n|move|p2a: Ogerpon|Encore|p1a: Great Tusk\n|-start|p1a: Great Tusk|Encore\n|\n|-heal|p1a: Great Tusk|100\/100|[from] Grassy Terrain\n|upkeep\n|turn|16\n|\n|t:|1700243102\n|-end|p1a: Great Tusk|Protosynthesis|[silent]\n|switch|p1a: Sneasler|Sneasler, F|100\/100\n|-damage|p1a: Sneasler|95\/100|[from] Stealth Rock\n|-enditem|p1a: Sneasler|Grassy Seed\n|-boost|p1a: Sneasler|def|1|[from] item: Grassy Seed\n|switch|p2a: Enamorus|Enamorus, F|16\/100\n|\n|-heal|p1a: Sneasler|100\/100|[from] Grassy Terrain\n|upkeep\n|turn|17\n|\n|t:|1700243113\n|switch|p2a: Great Tusk|Great Tusk|100\/100\n|move|p1a: Sneasler|Acrobatics|p2a: Great Tusk\n|-supereffective|p2a: Great Tusk\n|-damage|p2a: Great Tusk|62\/100\n|-damage|p1a: Sneasler|84\/100|[from] item: Rocky Helmet|[of] p2a: Great Tusk\n|\n|-heal|p1a: Sneasler|90\/100|[from] Grassy Terrain\n|-heal|p2a: Great Tusk|68\/100|[from] Grassy Terrain\n|upkeep\n|turn|18\n|\n|t:|1700243122\n|-terastallize|p1a: Sneasler|Flying\n|move|p1a: Sneasler|Acrobatics|p2a: Great Tusk\n|-supereffective|p2a: Great Tusk\n|-damage|p2a: Great Tusk|11\/100\n|-damage|p1a: Sneasler|73\/100|[from] item: Rocky Helmet|[of] p2a: Great Tusk\n|move|p2a: Great Tusk|Earthquake|p1a: Sneasler\n|-immune|p1a: Sneasler\n|\n|-heal|p2a: Great Tusk|18\/100|[from] Grassy Terrain\n|-fieldend|move: Grassy Terrain\n|upkeep\n|turn|19\n|\n|t:|1700243132\n|move|p1a: Sneasler|Acrobatics|p2a: Great Tusk\n|-supereffective|p2a: Great Tusk\n|-damage|p2a: Great Tusk|0 fnt\n|-damage|p1a: Sneasler|57\/100|[from] item: Rocky Helmet|[of] p2a: Great Tusk\n|faint|p2a: Great Tusk\n|-end|p2a: Great Tusk|Protosynthesis|[silent]\n|\n|upkeep\n|j| Ivaannn\n|j| Jontrendline\n|inactive|aketsuki has 120 seconds left.\n|\n|t:|1700243179\n|switch|p2a: Dragapult|Dragapult, M|100\/100\n|turn|20\n|\n|t:|1700243184\n|move|p1a: Sneasler|Acrobatics|p2a: Dragapult\n|-damage|p2a: Dragapult|11\/100\n|move|p2a: Dragapult|Will-O-Wisp|p1a: Sneasler\n|-status|p1a: Sneasler|brn\n|\n|-heal|p2a: Dragapult|17\/100|[from] item: Leftovers\n|-damage|p1a: Sneasler|51\/100 brn|[from] brn\n|upkeep\n|turn|21\n|j| Kingston9629\n|\n|t:|1700243201\n|switch|p2a: Kingambit|Kingambit, M|100\/100\n|-activate|p2a: Kingambit|ability: Supreme Overlord\n|-start|p2a: Kingambit|fallen2|[silent]\n|move|p1a: Sneasler|Close Combat|p2a: Kingambit\n|-supereffective|p2a: Kingambit\n|-damage|p2a: Kingambit|0 fnt\n|-unboost|p1a: Sneasler|def|1\n|-unboost|p1a: Sneasler|spd|1\n|faint|p2a: Kingambit\n|-end|p2a: Kingambit|fallen2|[silent]\n|\n|-damage|p1a: Sneasler|45\/100 brn|[from] brn\n|upkeep\n|\n|t:|1700243209\n|switch|p2a: Dragapult|Dragapult, M|17\/100\n|turn|22\n|\n|t:|1700243212\n|move|p1a: Sneasler|Acrobatics|p2a: Dragapult\n|-damage|p2a: Dragapult|0 fnt\n|faint|p2a: Dragapult\n|\n|-damage|p1a: Sneasler|39\/100 brn|[from] brn\n|upkeep\n|inactive|aketsuki has 120 seconds left.\n|\n|t:|1700243224\n|switch|p2a: Enamorus|Enamorus, F|16\/100\n|turn|23\n|\n|t:|1700243227\n|move|p1a: Sneasler|Acrobatics|p2a: Enamorus\n|-damage|p2a: Enamorus|0 fnt\n|faint|p2a: Enamorus\n|\n|-damage|p1a: Sneasler|33\/100 brn|[from] brn\n|upkeep\n|\n|t:|1700243229\n|switch|p2a: Ogerpon|Ogerpon-Wellspring, F|100\/100\n|turn|24\n|\n|t:|1700243242\n|move|p1a: Sneasler|Acrobatics|p2a: Ogerpon\n|-supereffective|p2a: Ogerpon\n|-damage|p2a: Ogerpon|21\/100\n|move|p2a: Ogerpon|Ivy Cudgel|p1a: Sneasler|[anim] Ivy Cudgel Water\n|-damage|p1a: Sneasler|0 fnt\n|faint|p1a: Sneasler\n|\n|upkeep\n|\n|t:|1700243245\n|switch|p1a: Rillaboom|Rillaboom, M|14\/100\n|-damage|p1a: Rillaboom|1\/100|[from] Stealth Rock\n|-fieldstart|move: Grassy Terrain|[from] ability: Grassy Surge|[of] p1a: Rillaboom\n|turn|25\n|\n|t:|1700243248\n|move|p1a: Rillaboom|Grassy Glide|p2a: Ogerpon\n|-damage|p2a: Ogerpon|0 fnt\n|faint|p2a: Ogerpon\n|\n|win|Niknak841\n|raw|Niknak841's rating: 1833 &rarr; <strong>1850<\/strong><br \/>(+17 for winning)\n|raw|aketsuki's rating: 1789 &rarr; <strong>1772<\/strong><br \/>(-17 for losing)\n|l|\u2606aketsuki\n|l|\u2606Niknak841\n|l| GAARDEVOIR\n|l| Ivaannn\n|l| Light Dlc1 Train\n|j| swag boi booz 2.0\n|l| Kingston9629\n","uploadtime":1700243679,"views":14,"p1id":"niknak841","p2id":"aketsuki","formatid":"gen9ou","rating":1772,"private":0,"password":""}