{"id":"gen9ou-1994533177","p1":"superiax","p2":"tyuiuytre","format":"[Gen 9] OU","log":"|j|\u2606superiax\n|j|\u2606tyuiuytre\n|t:|1700455675\n|gametype|singles\n|player|p1|superiax|whitney|1293\n|player|p2|tyuiuytre|102|1249\n|teamsize|p1|6\n|teamsize|p2|6\n|gen|9\n|tier|[Gen 9] OU\n|rated|\n|rule|Sleep Clause Mod: Limit one foe put to sleep\n|rule|Species Clause: Limit one of each Pok\u00e9mon\n|rule|OHKO Clause: OHKO moves are banned\n|rule|Evasion Items Clause: Evasion items are banned\n|rule|Evasion Moves Clause: Evasion moves are banned\n|rule|Endless Battle Clause: Forcing endless battles is banned\n|rule|HP Percentage Mod: HP is shown in percentages\n|clearpoke\n|poke|p1|Ribombee, F|\n|poke|p1|Ninetales-Alola, F|\n|poke|p1|Kingambit, M|\n|poke|p1|Cinderace, M|\n|poke|p1|Gholdengo|\n|poke|p1|Ogerpon-Wellspring, F|\n|poke|p2|Rillaboom, F|\n|poke|p2|Ogerpon-Wellspring, F|\n|poke|p2|Sneasler, M|\n|poke|p2|Cinderace, M|\n|poke|p2|Garganacl, M|\n|poke|p2|Landorus-Therian, M|\n|teampreview\n|inactive|Battle timer is ON: inactive players will automatically lose when time's up. (requested by superiax)\n|inactive|tyuiuytre has 120 seconds left.\n|inactive|tyuiuytre has 90 seconds left.\n|inactive|tyuiuytre has 60 seconds left.\n|\n|t:|1700455774\n|start\n|switch|p1a: Mirror Master|Ribombee, F, shiny|100\/100\n|switch|p2a: Rillaboom|Rillaboom, F|100\/100\n|-fieldstart|move: Grassy Terrain|[from] ability: Grassy Surge|[of] p2a: Rillaboom\n|turn|1\n|inactive|superiax has 120 seconds left.\n|\n|t:|1700455817\n|move|p1a: Mirror Master|Sticky Web|p2a: Rillaboom\n|-sidestart|p2: tyuiuytre|move: Sticky Web\n|move|p2a: Rillaboom|U-turn|p1a: Mirror Master\n|-resisted|p1a: Mirror Master\n|-damage|p1a: Mirror Master|76\/100\n|inactive|tyuiuytre has 120 seconds left.\n|\n|t:|1700455839\n|switch|p2a: Cinderace|Cinderace, M|100\/100|[from] U-turn\n|\n|-heal|p1a: Mirror Master|82\/100|[from] Grassy Terrain\n|upkeep\n|turn|2\n|inactive|superiax has 120 seconds left.\n|\n|t:|1700455850\n|move|p1a: Mirror Master|Stun Spore|p2a: Cinderace\n|-status|p2a: Cinderace|par\n|cant|p2a: Cinderace|par\n|\n|-heal|p1a: Mirror Master|88\/100|[from] Grassy Terrain\n|upkeep\n|turn|3\n|inactive|superiax has 120 seconds left.\n|inactive|tyuiuytre has 120 seconds left.\n|\n|t:|1700455882\n|switch|p1a: Weather Wizard|Ogerpon-Wellspring, F|100\/100\n|move|p2a: Cinderace|Pyro Ball|p1a: Weather Wizard|[miss]\n|-miss|p2a: Cinderace|p1a: Weather Wizard\n|\n|upkeep\n|turn|4\n|\n|t:|1700455888\n|move|p1a: Weather Wizard|Substitute|p1a: Weather Wizard\n|-start|p1a: Weather Wizard|Substitute\n|-damage|p1a: Weather Wizard|76\/100\n|move|p2a: Cinderace|Will-O-Wisp|p1a: Weather Wizard|[miss]\n|-miss|p2a: Cinderace|p1a: Weather Wizard\n|\n|-heal|p1a: Weather Wizard|82\/100|[from] Grassy Terrain\n|upkeep\n|turn|5\n|\n|t:|1700455895\n|switch|p2a: Ogerpon|Ogerpon-Wellspring, F|100\/100\n|-activate|p2a: Ogerpon|move: Sticky Web\n|-unboost|p2a: Ogerpon|spe|1\n|move|p1a: Weather Wizard|Swords Dance|p1a: Weather Wizard\n|-boost|p1a: Weather Wizard|atk|2\n|\n|-heal|p1a: Weather Wizard|88\/100|[from] Grassy Terrain\n|upkeep\n|turn|6\n|inactive|tyuiuytre has 120 seconds left.\n|\n|t:|1700455915\n|move|p1a: Weather Wizard|Horn Leech|p2a: Ogerpon\n|-damage|p2a: Ogerpon|0 fnt\n|-heal|p1a: Weather Wizard|100\/100|[from] drain|[of] p2a: Ogerpon\n|faint|p2a: Ogerpon\n|\n|upkeep\n|\n|t:|1700455920\n|switch|p2a: Landorus|Landorus-Therian, M|100\/100\n|-ability|p2a: Landorus|Intimidate|boost\n|-immune|p1a: Weather Wizard\n|turn|7\n|\n|t:|1700455932\n|move|p1a: Weather Wizard|Ivy Cudgel|p2a: Landorus|[anim] Ivy Cudgel Water\n|-supereffective|p2a: Landorus\n|-damage|p2a: Landorus|0 fnt\n|faint|p2a: Landorus\n|\n|upkeep\n|\n|t:|1700455937\n|switch|p2a: Rillaboom|Rillaboom, F|100\/100\n|-activate|p2a: Rillaboom|move: Sticky Web\n|-unboost|p2a: Rillaboom|spe|1\n|turn|8\n|inactive|tyuiuytre has 120 seconds left.\n|\n|t:|1700455947\n|move|p2a: Rillaboom|Grassy Glide|p1a: Weather Wizard\n|-end|p1a: Weather Wizard|Substitute\n|move|p1a: Weather Wizard|Ivy Cudgel|p2a: Rillaboom|[anim] Ivy Cudgel Water\n|-resisted|p2a: Rillaboom\n|-damage|p2a: Rillaboom|36\/100\n|\n|-heal|p2a: Rillaboom|42\/100|[from] Grassy Terrain\n|-fieldend|move: Grassy Terrain\n|upkeep\n|turn|9\n|\n|t:|1700455958\n|move|p1a: Weather Wizard|Ivy Cudgel|p2a: Rillaboom|[anim] Ivy Cudgel Water\n|-resisted|p2a: Rillaboom\n|-damage|p2a: Rillaboom|0 fnt\n|faint|p2a: Rillaboom\n|\n|upkeep\n|inactive|tyuiuytre has 120 seconds left.\n|\n|t:|1700455977\n|switch|p2a: Sneasler|Sneasler, M|100\/100\n|-activate|p2a: Sneasler|move: Sticky Web\n|-unboost|p2a: Sneasler|spe|1\n|turn|10\n|\n|t:|1700455984\n|move|p1a: Weather Wizard|Ivy Cudgel|p2a: Sneasler|[anim] Ivy Cudgel Water\n|-crit|p2a: Sneasler\n|-damage|p2a: Sneasler|0 fnt\n|faint|p2a: Sneasler\n|\n|upkeep\n|-message|tyuiuytre forfeited.\n|\n|win|superiax\n|raw|superiax's rating: 1293 &rarr; <strong>1315<\/strong><br \/>(+22 for winning)\n|raw|tyuiuytre's rating: 1249 &rarr; <strong>1227<\/strong><br \/>(-22 for losing)\n|l|\u2606tyuiuytre\n","uploadtime":1700455998,"views":10,"p1id":"superiax","p2id":"tyuiuytre","formatid":"gen9ou","rating":1227,"private":0,"password":""}