{"id":"gen9ou-1991418755","p1":"newbeegs","p2":"xoko1","format":"[Gen 9] OU","log":"|j|\u2606newbeegs\n|j|\u2606xoko1\n|t:|1700075484\n|gametype|singles\n|player|p1|newbeegs|2|1296\n|player|p2|xoko1|266|1231\n|teamsize|p1|6\n|teamsize|p2|6\n|gen|9\n|tier|[Gen 9] OU\n|rated|\n|rule|Sleep Clause Mod: Limit one foe put to sleep\n|rule|Species Clause: Limit one of each Pok\u00e9mon\n|rule|OHKO Clause: OHKO moves are banned\n|rule|Evasion Items Clause: Evasion items are banned\n|rule|Evasion Moves Clause: Evasion moves are banned\n|rule|Endless Battle Clause: Forcing endless battles is banned\n|rule|HP Percentage Mod: HP is shown in percentages\n|clearpoke\n|poke|p1|Dondozo, M|\n|poke|p1|Cinderace, F|\n|poke|p1|Clefable, M|\n|poke|p1|Iron Moth|\n|poke|p1|Iron Valiant|\n|poke|p1|Landorus-Therian, M|\n|poke|p2|Poliwrath, F|\n|poke|p2|Pelipper, F|\n|poke|p2|Overqwil, M|\n|poke|p2|Rillaboom, M|\n|poke|p2|Iron Treads|\n|poke|p2|Zapdos|\n|teampreview\n|inactive|Battle timer is ON: inactive players will automatically lose when time's up. (requested by xoko1)\n|n|!xoko1|xoko1\n|\n|t:|1700075516\n|start\n|switch|p1a: Clefable|Clefable, M|100\/100\n|switch|p2a: Pelipper|Pelipper, F|100\/100\n|-weather|RainDance|[from] ability: Drizzle|[of] p2a: Pelipper\n|turn|1\n|\n|t:|1700075526\n|move|p2a: Pelipper|U-turn|p1a: Clefable\n|-resisted|p1a: Clefable\n|-damage|p1a: Clefable|96\/100\n|\n|t:|1700075527\n|switch|p2a: Poliwrath|Poliwrath, F|100\/100|[from] U-turn\n|move|p1a: Clefable|Cosmic Power|p1a: Clefable\n|-boost|p1a: Clefable|def|1\n|-boost|p1a: Clefable|spd|1\n|\n|-weather|RainDance|[upkeep]\n|upkeep\n|turn|2\n|\n|t:|1700075534\n|-terastallize|p2a: Poliwrath|Poison\n|move|p2a: Poliwrath|Tera Blast|p1a: Clefable|[anim] Tera Blast Poison\n|-supereffective|p1a: Clefable\n|-damage|p1a: Clefable|42\/100\n|move|p1a: Clefable|Draining Kiss|p2a: Poliwrath\n|-resisted|p2a: Poliwrath\n|-damage|p2a: Poliwrath|84\/100\n|-heal|p1a: Clefable|52\/100|[from] drain|[of] p2a: Poliwrath\n|\n|-weather|RainDance|[upkeep]\n|upkeep\n|turn|3\n|\n|t:|1700075549\n|-terastallize|p1a: Clefable|Steel\n|move|p2a: Poliwrath|Tera Blast|p1a: Clefable|[anim] Tera Blast Poison\n|-immune|p1a: Clefable\n|move|p1a: Clefable|Calm Mind|p1a: Clefable\n|-boost|p1a: Clefable|spa|1\n|-boost|p1a: Clefable|spd|1\n|\n|-weather|RainDance|[upkeep]\n|upkeep\n|turn|4\n|\n|t:|1700075556\n|move|p2a: Poliwrath|Belly Drum|p2a: Poliwrath\n|-damage|p2a: Poliwrath|34\/100\n|-setboost|p2a: Poliwrath|atk|6|[from] move: Belly Drum\n|-enditem|p2a: Poliwrath|Sitrus Berry|[eat]\n|-heal|p2a: Poliwrath|59\/100|[from] item: Sitrus Berry\n|move|p1a: Clefable|Cosmic Power|p1a: Clefable\n|-boost|p1a: Clefable|def|1\n|-boost|p1a: Clefable|spd|1\n|\n|-weather|RainDance|[upkeep]\n|upkeep\n|turn|5\n|\n|t:|1700075566\n|move|p2a: Poliwrath|Drain Punch|p1a: Clefable\n|-supereffective|p1a: Clefable\n|-crit|p1a: Clefable\n|-damage|p1a: Clefable|0 fnt\n|-heal|p2a: Poliwrath|91\/100|[from] drain|[of] p1a: Clefable\n|faint|p1a: Clefable\n|\n|-weather|RainDance|[upkeep]\n|upkeep\n|c|\u2606newbeegs|fml lol\n|\n|t:|1700075576\n|switch|p1a: Dondozo|Dondozo, M|100\/100\n|turn|6\n|\n|t:|1700075580\n|move|p2a: Poliwrath|Tera Blast|p1a: Dondozo|[anim] Tera Blast Poison\n|-damage|p1a: Dondozo|85\/100\n|move|p1a: Dondozo|Wave Crash|p2a: Poliwrath\n|-damage|p2a: Poliwrath|17\/100\n|-damage|p1a: Dondozo|69\/100|[from] Recoil\n|\n|-weather|RainDance|[upkeep]\n|-heal|p1a: Dondozo|75\/100|[from] item: Leftovers\n|upkeep\n|turn|7\n|\n|t:|1700075590\n|switch|p2a: Zapdos|Zapdos|100\/100\n|move|p1a: Dondozo|Wave Crash|p2a: Zapdos\n|-damage|p2a: Zapdos|26\/100\n|-damage|p1a: Dondozo|60\/100|[from] Recoil\n|\n|-weather|RainDance|[upkeep]\n|-heal|p1a: Dondozo|66\/100|[from] item: Leftovers\n|upkeep\n|turn|8\n|\n|t:|1700075602\n|switch|p1a: Landorus|Landorus-Therian, M|100\/100\n|-ability|p1a: Landorus|Intimidate|boost\n|-unboost|p2a: Zapdos|atk|1\n|move|p2a: Zapdos|Thunder|p1a: Landorus\n|-immune|p1a: Landorus\n|\n|-weather|none\n|upkeep\n|turn|9\n|\n|t:|1700075613\n|move|p2a: Zapdos|Roost|p2a: Zapdos\n|-heal|p2a: Zapdos|77\/100\n|-singleturn|p2a: Zapdos|move: Roost\n|move|p1a: Landorus|Swords Dance|p1a: Landorus\n|-boost|p1a: Landorus|atk|2\n|\n|upkeep\n|turn|10\n|\n|t:|1700075626\n|switch|p2a: Rillaboom|Rillaboom, M|100\/100\n|-fieldstart|move: Grassy Terrain|[from] ability: Grassy Surge|[of] p2a: Rillaboom\n|move|p1a: Landorus|Smack Down|p2a: Rillaboom\n|-damage|p2a: Rillaboom|56\/100\n|\n|-heal|p2a: Rillaboom|62\/100|[from] Grassy Terrain\n|upkeep\n|turn|11\n|\n|t:|1700075641\n|switch|p1a: Cinderace|Cinderace, F|100\/100\n|move|p2a: Rillaboom|Grassy Glide|p1a: Cinderace\n|-resisted|p1a: Cinderace\n|-damage|p1a: Cinderace|54\/100\n|\n|-heal|p1a: Cinderace|60\/100|[from] Grassy Terrain\n|-heal|p2a: Rillaboom|68\/100|[from] Grassy Terrain\n|upkeep\n|turn|12\n|\n|t:|1700075652\n|switch|p2a: Pelipper|Pelipper, F|100\/100\n|-weather|RainDance|[from] ability: Drizzle|[of] p2a: Pelipper\n|move|p1a: Cinderace|Will-O-Wisp|p2a: Pelipper|[miss]\n|-miss|p1a: Cinderace|p2a: Pelipper\n|\n|-weather|RainDance|[upkeep]\n|-heal|p1a: Cinderace|66\/100|[from] Grassy Terrain\n|upkeep\n|turn|13\n|\n|t:|1700075667\n|move|p1a: Cinderace|U-turn|p2a: Pelipper\n|-start|p1a: Cinderace|typechange|Bug|[from] ability: Libero\n|-resisted|p2a: Pelipper\n|-damage|p2a: Pelipper|84\/100\n|\n|t:|1700075673\n|switch|p1a: Dondozo|Dondozo, M|66\/100|[from] U-turn\n|move|p2a: Pelipper|Surf|p1a: Dondozo\n|-resisted|p1a: Dondozo\n|-damage|p1a: Dondozo|44\/100\n|\n|-weather|RainDance|[upkeep]\n|-heal|p1a: Dondozo|50\/100|[from] Grassy Terrain\n|-heal|p1a: Dondozo|56\/100|[from] item: Leftovers\n|upkeep\n|turn|14\n|\n|t:|1700075683\n|move|p2a: Pelipper|Hurricane|p1a: Dondozo\n|-damage|p1a: Dondozo|19\/100\n|move|p1a: Dondozo|Curse|p1a: Dondozo\n|-unboost|p1a: Dondozo|spe|1\n|-boost|p1a: Dondozo|atk|1\n|-boost|p1a: Dondozo|def|1\n|\n|-weather|RainDance|[upkeep]\n|-heal|p1a: Dondozo|25\/100|[from] Grassy Terrain\n|-heal|p1a: Dondozo|31\/100|[from] item: Leftovers\n|-fieldend|move: Grassy Terrain\n|upkeep\n|turn|15\n|\n|t:|1700075696\n|move|p2a: Pelipper|Hurricane|p1a: Dondozo\n|-crit|p1a: Dondozo\n|-damage|p1a: Dondozo|0 fnt\n|faint|p1a: Dondozo\n|\n|-weather|RainDance|[upkeep]\n|upkeep\n|c|\u2606newbeegs|damn\n|\n|t:|1700075705\n|switch|p1a: Cinderace|Cinderace, F|66\/100\n|turn|16\n|\n|t:|1700075709\n|move|p1a: Cinderace|Pyro Ball|p2a: Pelipper\n|-resisted|p2a: Pelipper\n|-damage|p2a: Pelipper|70\/100\n|-status|p2a: Pelipper|brn\n|move|p2a: Pelipper|Surf|p1a: Cinderace\n|-supereffective|p1a: Cinderace\n|-damage|p1a: Cinderace|0 fnt\n|faint|p1a: Cinderace\n|\n|-weather|RainDance|[upkeep]\n|-damage|p2a: Pelipper|64\/100 brn|[from] brn\n|upkeep\n|\n|t:|1700075723\n|switch|p1a: Landorus|Landorus-Therian, M|100\/100\n|-ability|p1a: Landorus|Intimidate|boost\n|-unboost|p2a: Pelipper|atk|1\n|turn|17\n|\n|t:|1700075728\n|move|p1a: Landorus|Smack Down|p2a: Pelipper\n|-supereffective|p2a: Pelipper\n|-damage|p2a: Pelipper|25\/100 brn\n|-start|p2a: Pelipper|Smack Down\n|move|p2a: Pelipper|Surf|p1a: Landorus\n|-supereffective|p1a: Landorus\n|-damage|p1a: Landorus|0 fnt\n|faint|p1a: Landorus\n|\n|-weather|RainDance|[upkeep]\n|-damage|p2a: Pelipper|19\/100 brn|[from] brn\n|upkeep\n|\n|t:|1700075743\n|switch|p1a: Iron Valiant|Iron Valiant|100\/100\n|-enditem|p1a: Iron Valiant|Booster Energy\n|-activate|p1a: Iron Valiant|ability: Quark Drive|[fromitem]\n|-start|p1a: Iron Valiant|quarkdrivespe\n|turn|18\n|\n|t:|1700075751\n|move|p1a: Iron Valiant|Thunderbolt|p2a: Pelipper\n|-supereffective|p2a: Pelipper\n|-damage|p2a: Pelipper|0 fnt\n|faint|p2a: Pelipper\n|\n|-weather|RainDance|[upkeep]\n|upkeep\n|\n|t:|1700075765\n|switch|p2a: Overqwil|Overqwil, M|100\/100\n|turn|19\n|\n|t:|1700075770\n|move|p2a: Overqwil|Gunk Shot|p1a: Iron Valiant\n|-supereffective|p1a: Iron Valiant\n|-damage|p1a: Iron Valiant|0 fnt\n|faint|p1a: Iron Valiant\n|-end|p1a: Iron Valiant|Quark Drive|[silent]\n|-damage|p2a: Overqwil|91\/100|[from] item: Life Orb\n|\n|-weather|none\n|upkeep\n|\n|t:|1700075776\n|switch|p1a: Iron Moth|Iron Moth|100\/100\n|-enditem|p1a: Iron Moth|Booster Energy\n|-activate|p1a: Iron Moth|ability: Quark Drive|[fromitem]\n|-start|p1a: Iron Moth|quarkdrivespe\n|turn|20\n|\n|t:|1700075781\n|move|p1a: Iron Moth|Fiery Dance|p2a: Overqwil\n|-damage|p2a: Overqwil|27\/100\n|-boost|p1a: Iron Moth|spa|1\n|move|p2a: Overqwil|Liquidation|p1a: Iron Moth\n|-supereffective|p1a: Iron Moth\n|-damage|p1a: Iron Moth|0 fnt\n|faint|p1a: Iron Moth\n|-end|p1a: Iron Moth|Quark Drive|[silent]\n|-damage|p2a: Overqwil|17\/100|[from] item: Life Orb\n|\n|win|xoko1\n|raw|newbeegs's rating: 1296 &rarr; <strong>1266<\/strong><br \/>(-30 for losing)\n|raw|xoko1's rating: 1231 &rarr; <strong>1261<\/strong><br \/>(+30 for winning)\n","uploadtime":1700075491,"views":7,"p1id":"newbeegs","p2id":"xoko1","formatid":"gen9ou","rating":1261,"private":0,"password":""}