{"id":"gen9ou-1996479434","p1":"PeterGriffinOnline","p2":"SchoolBoySmeagle","format":"[Gen 9] OU","log":"|j|\u2606PeterGriffinOnline\n|j|\u2606SchoolBoySmeagle\n|t:|1700686023\n|gametype|singles\n|player|p1|PeterGriffinOnline|crasherwake|1269\n|player|p2|SchoolBoySmeagle|petrel|1339\n|teamsize|p1|6\n|teamsize|p2|6\n|gen|9\n|tier|[Gen 9] OU\n|rated|\n|rule|Sleep Clause Mod: Limit one foe put to sleep\n|rule|Species Clause: Limit one of each Pok\u00e9mon\n|rule|OHKO Clause: OHKO moves are banned\n|rule|Evasion Items Clause: Evasion items are banned\n|rule|Evasion Moves Clause: Evasion moves are banned\n|rule|Endless Battle Clause: Forcing endless battles is banned\n|rule|HP Percentage Mod: HP is shown in percentages\n|clearpoke\n|poke|p1|Kingambit, M|\n|poke|p1|Cinderace, F|\n|poke|p1|Slowking-Galar, F|\n|poke|p1|Ogerpon-Wellspring, F|\n|poke|p1|Zapdos|\n|poke|p1|Garchomp, M|\n|poke|p2|Corviknight, F|\n|poke|p2|Cinderace, M|\n|poke|p2|Dragapult, F|\n|poke|p2|Iron Valiant|\n|poke|p2|Inteleon, F|\n|poke|p2|Sinistcha-Masterpiece|\n|teampreview\n|\n|t:|1700686029\n|start\n|switch|p1a: Slowking|Slowking-Galar, F|100\/100\n|switch|p2a: Inteleon|Inteleon, F|100\/100\n|turn|1\n|\n|t:|1700686035\n|move|p2a: Inteleon|Dark Pulse|p1a: Slowking\n|-supereffective|p1a: Slowking\n|-damage|p1a: Slowking|60\/100\n|move|p1a: Slowking|Thunder Wave|p2a: Inteleon\n|-status|p2a: Inteleon|par\n|\n|upkeep\n|turn|2\n|\n|t:|1700686041\n|move|p2a: Inteleon|Dark Pulse|p1a: Slowking\n|-supereffective|p1a: Slowking\n|-damage|p1a: Slowking|17\/100\n|cant|p1a: Slowking|flinch\n|\n|upkeep\n|turn|3\n|\n|t:|1700686048\n|switch|p1a: Kingambit|Kingambit, M|100\/100\n|cant|p2a: Inteleon|par\n|\n|upkeep\n|turn|4\n|\n|t:|1700686052\n|move|p1a: Kingambit|Swords Dance|p1a: Kingambit\n|-boost|p1a: Kingambit|atk|2\n|move|p2a: Inteleon|Snipe Shot|p1a: Kingambit\n|-crit|p1a: Kingambit\n|-damage|p1a: Kingambit|0 fnt\n|faint|p1a: Kingambit\n|-end|p1a: Kingambit|fallenundefined|[silent]\n|\n|upkeep\n|\n|t:|1700686058\n|switch|p1a: Ogerpon|Ogerpon-Wellspring, F|100\/100\n|turn|5\n|\n|t:|1700686061\n|move|p1a: Ogerpon|Swords Dance|p1a: Ogerpon\n|-boost|p1a: Ogerpon|atk|2\n|cant|p2a: Inteleon|par\n|\n|upkeep\n|turn|6\n|\n|t:|1700686066\n|move|p1a: Ogerpon|Ivy Cudgel|p2a: Inteleon|[anim] Ivy Cudgel Water\n|-resisted|p2a: Inteleon\n|-damage|p2a: Inteleon|0 fnt\n|faint|p2a: Inteleon\n|\n|upkeep\n|\n|t:|1700686070\n|switch|p2a: Sinistcha|Sinistcha-Masterpiece|100\/100\n|turn|7\n|\n|t:|1700686081\n|-terastallize|p1a: Ogerpon|Water\n|detailschange|p1a: Ogerpon|Ogerpon-Wellspring-Tera, F, tera:Water\n|-ability|p1a: Ogerpon|Embody Aspect (Wellspring)|boost\n|-boost|p1a: Ogerpon|spd|1\n|move|p1a: Ogerpon|Knock Off|p2a: Sinistcha\n|-supereffective|p2a: Sinistcha\n|-damage|p2a: Sinistcha|0 fnt\n|-enditem|p2a: Sinistcha|Leftovers|[from] move: Knock Off|[of] p1a: Ogerpon\n|faint|p2a: Sinistcha\n|\n|upkeep\n|\n|t:|1700686097\n|switch|p2a: Iron Valiant|Iron Valiant|100\/100\n|-enditem|p2a: Iron Valiant|Booster Energy\n|-activate|p2a: Iron Valiant|ability: Quark Drive|[fromitem]\n|-start|p2a: Iron Valiant|quarkdrivespe\n|turn|8\n|\n|t:|1700686102\n|move|p2a: Iron Valiant|Destiny Bond|p2a: Iron Valiant\n|-singlemove|p2a: Iron Valiant|Destiny Bond\n|move|p1a: Ogerpon|Play Rough|p2a: Iron Valiant\n|-supereffective|p2a: Iron Valiant\n|-damage|p2a: Iron Valiant|0 fnt\n|faint|p2a: Iron Valiant\n|-activate|p2a: Iron Valiant|move: Destiny Bond\n|-end|p2a: Iron Valiant|Quark Drive|[silent]\n|faint|p1a: Ogerpon\n|\n|upkeep\n|\n|t:|1700686113\n|switch|p2a: Dragapult|Dragapult, F|100\/100\n|switch|p1a: Slowking|Slowking-Galar, F|50\/100\n|turn|9\n|\n|t:|1700686116\n|move|p2a: Dragapult|Shadow Ball|p1a: Slowking\n|-supereffective|p1a: Slowking\n|-damage|p1a: Slowking|0 fnt\n|faint|p1a: Slowking\n|\n|upkeep\n|\n|t:|1700686124\n|switch|p1a: Zapdos|Zapdos|100\/100\n|turn|10\n|\n|t:|1700686131\n|switch|p2a: Corviknight|Corviknight, F|100\/100\n|-ability|p2a: Corviknight|Pressure\n|move|p1a: Zapdos|Thunderbolt|p2a: Corviknight\n|-supereffective|p2a: Corviknight\n|-crit|p2a: Corviknight\n|-damage|p2a: Corviknight|0 fnt\n|faint|p2a: Corviknight\n|\n|upkeep\n|\n|t:|1700686141\n|switch|p2a: Cinderace|Cinderace, M|100\/100\n|turn|11\n|\n|t:|1700686144\n|move|p2a: Cinderace|Pyro Ball|p1a: Zapdos|[miss]\n|-miss|p2a: Cinderace|p1a: Zapdos\n|move|p1a: Zapdos|Thunderbolt|p2a: Cinderace\n|-crit|p2a: Cinderace\n|-damage|p2a: Cinderace|20\/100\n|\n|upkeep\n|turn|12\n|\n|t:|1700686150\n|move|p2a: Cinderace|Pyro Ball|p1a: Zapdos|[miss]\n|-miss|p2a: Cinderace|p1a: Zapdos\n|move|p1a: Zapdos|Thunderbolt|p2a: Cinderace\n|-crit|p2a: Cinderace\n|-damage|p2a: Cinderace|0 fnt\n|faint|p2a: Cinderace\n|\n|upkeep\n|c|\u2606SchoolBoySmeagle|lol\n|\n|t:|1700686158\n|switch|p2a: Dragapult|Dragapult, F|100\/100\n|turn|13\n|\n|t:|1700686168\n|-terastallize|p2a: Dragapult|Dragon\n|move|p2a: Dragapult|Draco Meteor|p1a: Zapdos\n|-damage|p1a: Zapdos|0 fnt\n|-unboost|p2a: Dragapult|spa|2\n|faint|p1a: Zapdos\n|\n|upkeep\n|\n|t:|1700686171\n|switch|p1a: Cinderace|Cinderace, F|100\/100\n|turn|14\n|\n|t:|1700686176\n|move|p2a: Dragapult|Draco Meteor|p1a: Cinderace\n|-damage|p1a: Cinderace|27\/100\n|-unboost|p2a: Dragapult|spa|2\n|move|p1a: Cinderace|Will-O-Wisp|p2a: Dragapult\n|-status|p2a: Dragapult|brn\n|\n|-damage|p2a: Dragapult|95\/100 brn|[from] brn\n|upkeep\n|turn|15\n|\n|t:|1700686184\n|move|p2a: Dragapult|Draco Meteor|p1a: Cinderace\n|-damage|p1a: Cinderace|0 fnt\n|-unboost|p2a: Dragapult|spa|2\n|faint|p1a: Cinderace\n|\n|-damage|p2a: Dragapult|89\/100 brn|[from] brn\n|upkeep\n|\n|t:|1700686186\n|switch|p1a: Garchomp|Garchomp, M|100\/100\n|turn|16\n|\n|t:|1700686191\n|move|p2a: Dragapult|Draco Meteor|p1a: Garchomp\n|-supereffective|p1a: Garchomp\n|-damage|p1a: Garchomp|33\/100\n|move|p1a: Garchomp|Draco Meteor|p2a: Dragapult\n|-supereffective|p2a: Dragapult\n|-damage|p2a: Dragapult|0 fnt\n|-unboost|p1a: Garchomp|spa|2\n|faint|p2a: Dragapult\n|-damage|p1a: Garchomp|23\/100|[from] item: Life Orb\n|\n|win|PeterGriffinOnline\n|raw|PeterGriffinOnline's rating: 1269 &rarr; <strong>1299<\/strong><br \/>(+30 for winning)\n|raw|SchoolBoySmeagle's rating: 1339 &rarr; <strong>1315<\/strong><br \/>(-24 for losing)\n|c|\u2606PeterGriffinOnline|gg\n","uploadtime":1700686207,"views":2,"p1id":"petergriffinonline","p2id":"schoolboysmeagle","formatid":"gen9ou","rating":1299,"private":0,"password":""}