{"id":"gen9ou-1996098881","p1":"SlowCat","p2":"ChillLanturnYT","format":"[Gen 9] OU","log":"|j|\u2606SlowCat\n|j|\u2606ChillLanturnYT\n|t:|1700643882\n|gametype|singles\n|player|p1|SlowCat|skier|1266\n|player|p2|ChillLanturnYT|palmer|1278\n|teamsize|p1|6\n|teamsize|p2|6\n|gen|9\n|tier|[Gen 9] OU\n|rated|\n|rule|Sleep Clause Mod: Limit one foe put to sleep\n|rule|Species Clause: Limit one of each Pok\u00e9mon\n|rule|OHKO Clause: OHKO moves are banned\n|rule|Evasion Items Clause: Evasion items are banned\n|rule|Evasion Moves Clause: Evasion moves are banned\n|rule|Endless Battle Clause: Forcing endless battles is banned\n|rule|HP Percentage Mod: HP is shown in percentages\n|clearpoke\n|poke|p1|Iron Valiant|\n|poke|p1|Greninja-*, F|\n|poke|p1|Maushold|\n|poke|p1|Ceruledge, M|\n|poke|p1|Scizor, M|\n|poke|p1|Walking Wake|\n|poke|p2|Empoleon, M|\n|poke|p2|Milotic, M|\n|poke|p2|Primeape, M|\n|poke|p2|Great Tusk|\n|poke|p2|Lurantis, F|\n|poke|p2|Goodra-Hisui, F|\n|teampreview\n|inactive|Battle timer is ON: inactive players will automatically lose when time's up. (requested by SlowCat)\n|\n|t:|1700643900\n|start\n|switch|p1a: Mother\u2019s Milk|Greninja, F|100\/100\n|switch|p2a: Primeape|Primeape, M|100\/100\n|turn|1\n|\n|t:|1700643907\n|move|p1a: Mother\u2019s Milk|Water Shuriken|p2a: Primeape\n|-start|p1a: Mother\u2019s Milk|typechange|Water|[from] ability: Protean\n|-damage|p2a: Primeape|83\/100\n|-damage|p2a: Primeape|65\/100\n|-damage|p2a: Primeape|49\/100\n|-damage|p2a: Primeape|34\/100\n|-damage|p2a: Primeape|18\/100\n|-hitcount|p2a: Primeape|5\n|move|p2a: Primeape|Close Combat|p1a: Mother\u2019s Milk\n|-damage|p1a: Mother\u2019s Milk|5\/100\n|-unboost|p2a: Primeape|def|1\n|-unboost|p2a: Primeape|spd|1\n|\n|upkeep\n|turn|2\n|\n|t:|1700643916\n|switch|p2a: Empoleon|Empoleon, M|100\/100\n|move|p1a: Mother\u2019s Milk|Water Shuriken|p2a: Empoleon\n|-resisted|p2a: Empoleon\n|-damage|p2a: Empoleon|96\/100\n|-resisted|p2a: Empoleon\n|-crit|p2a: Empoleon\n|-damage|p2a: Empoleon|89\/100\n|-hitcount|p2a: Empoleon|2\n|\n|-heal|p2a: Empoleon|95\/100|[from] item: Leftovers\n|upkeep\n|turn|3\n|\n|t:|1700643923\n|switch|p1a: Scizor|Scizor, M|100\/100\n|move|p2a: Empoleon|Surf|p1a: Scizor\n|-damage|p1a: Scizor|48\/100\n|\n|-heal|p2a: Empoleon|100\/100|[from] item: Leftovers\n|upkeep\n|turn|4\n|\n|t:|1700643928\n|move|p1a: Scizor|U-turn|p2a: Empoleon\n|-resisted|p2a: Empoleon\n|-damage|p2a: Empoleon|82\/100\n|\n|t:|1700643931\n|switch|p1a: Butcher|Walking Wake|100\/100|[from] U-turn\n|move|p2a: Empoleon|Surf|p1a: Butcher\n|-resisted|p1a: Butcher\n|-crit|p1a: Butcher\n|-damage|p1a: Butcher|79\/100\n|\n|-heal|p2a: Empoleon|88\/100|[from] item: Leftovers\n|upkeep\n|turn|5\n|\n|t:|1700643945\n|move|p1a: Butcher|Scald|p2a: Empoleon\n|-resisted|p2a: Empoleon\n|-damage|p2a: Empoleon|62\/100\n|move|p2a: Empoleon|Roost|p2a: Empoleon\n|-heal|p2a: Empoleon|100\/100\n|-singleturn|p2a: Empoleon|move: Roost\n|\n|upkeep\n|turn|6\n|\n|t:|1700643956\n|move|p1a: Butcher|Scald|p2a: Empoleon\n|-resisted|p2a: Empoleon\n|-damage|p2a: Empoleon|75\/100\n|move|p2a: Empoleon|Ice Beam|p1a: Butcher\n|-crit|p1a: Butcher\n|-damage|p1a: Butcher|27\/100\n|\n|-heal|p2a: Empoleon|81\/100|[from] item: Leftovers\n|upkeep\n|turn|7\n|\n|t:|1700643964\n|-end|p1a: Butcher|Protosynthesis|[silent]\n|switch|p1a: Scizor|Scizor, M|48\/100\n|move|p2a: Empoleon|Ice Beam|p1a: Scizor\n|-resisted|p1a: Scizor\n|-damage|p1a: Scizor|31\/100\n|\n|-heal|p2a: Empoleon|87\/100|[from] item: Leftovers\n|upkeep\n|turn|8\n|\n|t:|1700643971\n|move|p1a: Scizor|U-turn|p2a: Empoleon\n|-resisted|p2a: Empoleon\n|-damage|p2a: Empoleon|67\/100\n|\n|t:|1700643979\n|switch|p1a: Butcher|Walking Wake|27\/100|[from] U-turn\n|move|p2a: Empoleon|Surf|p1a: Butcher\n|-resisted|p1a: Butcher\n|-damage|p1a: Butcher|13\/100\n|\n|-heal|p2a: Empoleon|73\/100|[from] item: Leftovers\n|upkeep\n|turn|9\n|\n|t:|1700643988\n|move|p1a: Butcher|Flamethrower|p2a: Empoleon\n|-damage|p2a: Empoleon|32\/100\n|move|p2a: Empoleon|Roost|p2a: Empoleon\n|-heal|p2a: Empoleon|82\/100\n|-singleturn|p2a: Empoleon|move: Roost\n|\n|-heal|p2a: Empoleon|88\/100|[from] item: Leftovers\n|upkeep\n|turn|10\n|\n|t:|1700643993\n|move|p1a: Butcher|Flamethrower|p2a: Empoleon\n|-damage|p2a: Empoleon|49\/100\n|move|p2a: Empoleon|Surf|p1a: Butcher\n|-resisted|p1a: Butcher\n|-damage|p1a: Butcher|0 fnt\n|faint|p1a: Butcher\n|-end|p1a: Butcher|Protosynthesis|[silent]\n|\n|-heal|p2a: Empoleon|56\/100|[from] item: Leftovers\n|upkeep\n|\n|t:|1700644001\n|switch|p1a: Kimiko|Iron Valiant|100\/100\n|-enditem|p1a: Kimiko|Booster Energy\n|-activate|p1a: Kimiko|ability: Quark Drive|[fromitem]\n|-start|p1a: Kimiko|quarkdrivespe\n|turn|11\n|\n|t:|1700644007\n|move|p1a: Kimiko|Aura Sphere|p2a: Empoleon\n|-supereffective|p2a: Empoleon\n|-damage|p2a: Empoleon|0 fnt\n|faint|p2a: Empoleon\n|\n|upkeep\n|\n|t:|1700644012\n|switch|p2a: Milotic|Milotic, M|100\/100\n|turn|12\n|\n|t:|1700644024\n|-end|p1a: Kimiko|Quark Drive|[silent]\n|switch|p1a: Jordan Li \ud83e\udd75\ud83e\udd75|Maushold|100\/100\n|move|p2a: Milotic|Coil|p2a: Milotic\n|-boost|p2a: Milotic|atk|1\n|-boost|p2a: Milotic|def|1\n|-boost|p2a: Milotic|accuracy|1\n|\n|upkeep\n|turn|13\n|\n|t:|1700644029\n|move|p1a: Jordan Li \ud83e\udd75\ud83e\udd75|Encore|p2a: Milotic\n|-start|p2a: Milotic|Encore\n|move|p2a: Milotic|Coil|p2a: Milotic\n|-boost|p2a: Milotic|atk|1\n|-boost|p2a: Milotic|def|1\n|-boost|p2a: Milotic|accuracy|1\n|\n|upkeep\n|turn|14\n|\n|t:|1700644036\n|switch|p1a: Mother\u2019s Milk|Greninja, F|5\/100\n|switch|p2a: Primeape|Primeape, M|18\/100\n|\n|upkeep\n|turn|15\n|\n|t:|1700644041\n|move|p1a: Mother\u2019s Milk|Water Shuriken|p2a: Primeape\n|-start|p1a: Mother\u2019s Milk|typechange|Water|[from] ability: Protean\n|-damage|p2a: Primeape|2\/100\n|-damage|p2a: Primeape|0 fnt\n|faint|p2a: Primeape\n|-hitcount|p2: Primeape|2\n|\n|upkeep\n|\n|t:|1700644048\n|switch|p2a: Lurantis|Lurantis, F|100\/100\n|turn|16\n|\n|t:|1700644053\n|switch|p1a: Scizor|Scizor, M|31\/100\n|move|p2a: Lurantis|Superpower|p1a: Scizor\n|-damage|p1a: Scizor|0 fnt\n|-boost|p2a: Lurantis|atk|1\n|-boost|p2a: Lurantis|def|1\n|faint|p1a: Scizor\n|\n|upkeep\n|\n|t:|1700644058\n|switch|p1a: Hughie|Ceruledge, M|100\/100\n|turn|17\n|\n|t:|1700644064\n|-terastallize|p2a: Lurantis|Rock\n|move|p1a: Hughie|Bitter Blade|p2a: Lurantis\n|-resisted|p2a: Lurantis\n|-damage|p2a: Lurantis|79\/100\n|-damage|p1a: Hughie|91\/100|[from] item: Life Orb\n|move|p2a: Lurantis|Tera Blast|p1a: Hughie|[anim] Tera Blast Rock\n|-supereffective|p1a: Hughie\n|-damage|p1a: Hughie|0 fnt\n|faint|p1a: Hughie\n|\n|upkeep\n|\n|t:|1700644074\n|switch|p1a: Mother\u2019s Milk|Greninja, F|5\/100\n|turn|18\n|\n|t:|1700644079\n|switch|p2a: Goodra|Goodra-Hisui, F|100\/100\n|move|p1a: Mother\u2019s Milk|Water Shuriken|p2a: Goodra\n|-start|p1a: Mother\u2019s Milk|typechange|Water|[from] ability: Protean\n|-resisted|p2a: Goodra\n|-damage|p2a: Goodra|97\/100\n|-resisted|p2a: Goodra\n|-damage|p2a: Goodra|94\/100\n|-resisted|p2a: Goodra\n|-damage|p2a: Goodra|90\/100\n|-hitcount|p2a: Goodra|3\n|\n|-heal|p2a: Goodra|96\/100|[from] item: Leftovers\n|upkeep\n|turn|19\n|\n|t:|1700644085\n|switch|p1a: Jordan Li \ud83e\udd75\ud83e\udd75|Maushold|100\/100\n|move|p2a: Goodra|Heavy Slam|p1a: Jordan Li \ud83e\udd75\ud83e\udd75\n|-damage|p1a: Jordan Li \ud83e\udd75\ud83e\udd75|8\/100\n|\n|-heal|p2a: Goodra|100\/100|[from] item: Leftovers\n|upkeep\n|turn|20\n|\n|t:|1700644091\n|-terastallize|p1a: Jordan Li \ud83e\udd75\ud83e\udd75|Ghost\n|move|p1a: Jordan Li \ud83e\udd75\ud83e\udd75|Encore|p2a: Goodra\n|-start|p2a: Goodra|Encore\n|move|p2a: Goodra|Heavy Slam|p1a: Jordan Li \ud83e\udd75\ud83e\udd75\n|-damage|p1a: Jordan Li \ud83e\udd75\ud83e\udd75|0 fnt\n|faint|p1a: Jordan Li \ud83e\udd75\ud83e\udd75\n|\n|upkeep\n|c|\u2606SlowCat|I skipped animation I thought you used body press >.<\n|inactive|SlowCat has 120 seconds left.\n|\n|t:|1700644131\n|switch|p1a: Kimiko|Iron Valiant|100\/100\n|turn|21\n|c|\u2606ChillLanturnYT|Oh! I was gonna say encode heavy slam by all means! xD\n|\n|t:|1700644146\n|move|p1a: Kimiko|Aura Sphere|p2a: Goodra\n|-supereffective|p2a: Goodra\n|-damage|p2a: Goodra|46\/100\n|move|p2a: Goodra|Heavy Slam|p1a: Kimiko\n|-supereffective|p1a: Kimiko\n|-damage|p1a: Kimiko|0 fnt\n|faint|p1a: Kimiko\n|-end|p1a: Kimiko|Quark Drive|[silent]\n|\n|-heal|p2a: Goodra|52\/100|[from] item: Leftovers\n|upkeep\n|\n|t:|1700644150\n|switch|p1a: Mother\u2019s Milk|Greninja, F|5\/100\n|turn|22\n|\n|t:|1700644154\n|move|p1a: Mother\u2019s Milk|Ice Beam|p2a: Goodra\n|-start|p1a: Mother\u2019s Milk|typechange|Ice|[from] ability: Protean\n|-damage|p2a: Goodra|11\/100\n|-status|p2a: Goodra|frz\n|cant|p2a: Goodra|frz\n|\n|-heal|p2a: Goodra|17\/100 frz|[from] item: Leftovers\n|-end|p2a: Goodra|Encore\n|upkeep\n|turn|23\n|\n|t:|1700644162\n|switch|p2a: Milotic|Milotic, M|100\/100\n|move|p1a: Mother\u2019s Milk|Ice Beam|p2a: Milotic\n|-resisted|p2a: Milotic\n|-damage|p2a: Milotic|81\/100\n|\n|-heal|p2a: Milotic|87\/100|[from] item: Leftovers\n|upkeep\n|turn|24\n|c|\u2606ChillLanturnYT|gg :)\n|c|\u2606ChillLanturnYT|wp\n|\n|t:|1700644180\n|move|p1a: Mother\u2019s Milk|Ice Beam|p2a: Milotic\n|-resisted|p2a: Milotic\n|-damage|p2a: Milotic|70\/100\n|move|p2a: Milotic|Coil|p2a: Milotic\n|-boost|p2a: Milotic|atk|1\n|-boost|p2a: Milotic|def|1\n|-boost|p2a: Milotic|accuracy|1\n|\n|-heal|p2a: Milotic|76\/100|[from] item: Leftovers\n|upkeep\n|turn|25\n|\n|t:|1700644183\n|move|p1a: Mother\u2019s Milk|Ice Beam|p2a: Milotic\n|-resisted|p2a: Milotic\n|-damage|p2a: Milotic|59\/100\n|move|p2a: Milotic|Hydro Pump|p1a: Mother\u2019s Milk\n|-damage|p1a: Mother\u2019s Milk|0 fnt\n|faint|p1a: Mother\u2019s Milk\n|\n|win|ChillLanturnYT\n|raw|SlowCat's rating: 1266 &rarr; <strong>1242<\/strong><br \/>(-24 for losing)\n|raw|ChillLanturnYT's rating: 1278 &rarr; <strong>1302<\/strong><br \/>(+24 for winning)\n|c|\u2606SlowCat|Ggs\n|l|\u2606SlowCat\n","uploadtime":1700644197,"views":0,"p1id":"slowcat","p2id":"chilllanturnyt","formatid":"gen9ou","rating":1242,"private":0,"password":""}