{"id":"gen9ou-1994070730","p1":"shardstrike","p2":"rezzerpl4","format":"[Gen 9] OU","log":"|j|\u2606shardstrike\n|j|\u2606rezzerpl4\n|t:|1700402999\n|gametype|singles\n|player|p1|shardstrike|102|1246\n|player|p2|rezzerpl4|giovanni|1208\n|teamsize|p1|6\n|teamsize|p2|6\n|gen|9\n|tier|[Gen 9] OU\n|rated|\n|rule|Sleep Clause Mod: Limit one foe put to sleep\n|rule|Species Clause: Limit one of each Pok\u00e9mon\n|rule|OHKO Clause: OHKO moves are banned\n|rule|Evasion Items Clause: Evasion items are banned\n|rule|Evasion Moves Clause: Evasion moves are banned\n|rule|Endless Battle Clause: Forcing endless battles is banned\n|rule|HP Percentage Mod: HP is shown in percentages\n|clearpoke\n|poke|p1|Clodsire, F|\n|poke|p1|Alomomola, F|\n|poke|p1|Talonflame, M|\n|poke|p1|Dondozo, M|\n|poke|p1|Toxapex, F|\n|poke|p1|Blissey, F|\n|poke|p2|Clodsire, M|\n|poke|p2|Gholdengo|\n|poke|p2|Volcanion|\n|poke|p2|Cinderace, F|\n|poke|p2|Ogerpon, F|\n|poke|p2|Enamorus, F|\n|teampreview\n|inactive|Battle timer is ON: inactive players will automatically lose when time's up. (requested by rezzerpl4)\n|\n|t:|1700403014\n|start\n|switch|p1a: Clodsire|Clodsire, F|100\/100\n|switch|p2a: Jerry|Cinderace, F|100\/100\n|turn|1\n|\n|t:|1700403021\n|move|p2a: Jerry|U-turn|p1a: Clodsire\n|-start|p2a: Jerry|typechange|Bug|[from] ability: Libero\n|-resisted|p1a: Clodsire\n|-damage|p1a: Clodsire|82\/100\n|\n|t:|1700403031\n|switch|p2a: Parry|Volcanion|100\/100|[from] U-turn\n|move|p1a: Clodsire|Toxic|p2a: Parry\n|-status|p2a: Parry|tox\n|\n|-heal|p1a: Clodsire|88\/100|[from] item: Leftovers\n|-damage|p2a: Parry|94\/100 tox|[from] psn\n|upkeep\n|turn|2\n|\n|t:|1700403041\n|switch|p1a: Blissey|Blissey, F|100\/100\n|move|p2a: Parry|Steam Eruption|p1a: Blissey\n|-damage|p1a: Blissey|86\/100\n|\n|-heal|p1a: Blissey|92\/100|[from] item: Leftovers\n|-damage|p2a: Parry|82\/100 tox|[from] psn\n|upkeep\n|turn|3\n|\n|t:|1700403050\n|switch|p2a: Jerry|Cinderace, F|100\/100\n|move|p1a: Blissey|Stealth Rock|p2a: Jerry\n|-sidestart|p2: rezzerpl4|move: Stealth Rock\n|\n|-heal|p1a: Blissey|98\/100|[from] item: Leftovers\n|upkeep\n|turn|4\n|\n|t:|1700403058\n|switch|p1a: Toxapex|Toxapex, F|100\/100\n|move|p2a: Jerry|Court Change|p2a: Jerry\n|-start|p2a: Jerry|typechange|Normal|[from] ability: Libero\n|-swapsideconditions\n|-activate|p2a: Jerry|move: Court Change\n|\n|upkeep\n|turn|5\n|\n|t:|1700403067\n|move|p2a: Jerry|U-turn|p1a: Toxapex\n|-resisted|p1a: Toxapex\n|-damage|p1a: Toxapex|94\/100\n|-damage|p2a: Jerry|84\/100|[from] item: Rocky Helmet|[of] p1a: Toxapex\n|\n|t:|1700403076\n|switch|p2a: Barry|Enamorus, F|100\/100|[from] U-turn\n|move|p1a: Toxapex|Infestation|p2a: Barry\n|-resisted|p2a: Barry\n|-damage|p2a: Barry|99\/100\n|-activate|p2a: Barry|move: Infestation|[of] p1a: Toxapex\n|\n|-heal|p2a: Barry|100\/100|[from] item: Leftovers\n|-damage|p2a: Barry|88\/100|[from] move: Infestation|[partiallytrapped]\n|upkeep\n|turn|6\n|\n|t:|1700403087\n|switch|p1a: Clodsire|Clodsire, F|88\/100\n|-damage|p1a: Clodsire|82\/100|[from] Stealth Rock\n|move|p2a: Barry|Substitute|p2a: Barry\n|-start|p2a: Barry|Substitute\n|-end|p2a: Barry|Infestation|[partiallytrapped]|[silent]\n|-damage|p2a: Barry|63\/100\n|\n|-heal|p2a: Barry|69\/100|[from] item: Leftovers\n|-heal|p1a: Clodsire|88\/100|[from] item: Leftovers\n|upkeep\n|turn|7\n|\n|t:|1700403098\n|move|p2a: Barry|Grass Knot|p1a: Clodsire\n|-damage|p1a: Clodsire|70\/100\n|move|p1a: Clodsire|Haze|p1a: Clodsire\n|-clearallboost\n|\n|-heal|p2a: Barry|75\/100|[from] item: Leftovers\n|-heal|p1a: Clodsire|76\/100|[from] item: Leftovers\n|upkeep\n|turn|8\n|\n|t:|1700403108\n|move|p2a: Barry|Grass Knot|p1a: Clodsire\n|-damage|p1a: Clodsire|56\/100\n|move|p1a: Clodsire|Recover|p1a: Clodsire\n|-heal|p1a: Clodsire|100\/100\n|\n|-heal|p2a: Barry|82\/100|[from] item: Leftovers\n|upkeep\n|turn|9\n|\n|t:|1700403117\n|switch|p1a: Blissey|Blissey, F|98\/100\n|-damage|p1a: Blissey|86\/100|[from] Stealth Rock\n|move|p2a: Barry|Calm Mind|p2a: Barry\n|-boost|p2a: Barry|spa|1\n|-boost|p2a: Barry|spd|1\n|\n|-heal|p2a: Barry|88\/100|[from] item: Leftovers\n|-heal|p1a: Blissey|92\/100|[from] item: Leftovers\n|upkeep\n|turn|10\n|\n|t:|1700403128\n|move|p2a: Barry|Calm Mind|p2a: Barry\n|-boost|p2a: Barry|spa|1\n|-boost|p2a: Barry|spd|1\n|move|p1a: Blissey|Seismic Toss|p2a: Barry\n|-end|p2a: Barry|Substitute\n|\n|-heal|p2a: Barry|94\/100|[from] item: Leftovers\n|-heal|p1a: Blissey|98\/100|[from] item: Leftovers\n|upkeep\n|turn|11\n|\n|t:|1700403139\n|move|p2a: Barry|Substitute|p2a: Barry\n|-start|p2a: Barry|Substitute\n|-damage|p2a: Barry|69\/100\n|move|p1a: Blissey|Seismic Toss|p2a: Barry\n|-end|p2a: Barry|Substitute\n|\n|-heal|p2a: Barry|75\/100|[from] item: Leftovers\n|-heal|p1a: Blissey|100\/100|[from] item: Leftovers\n|upkeep\n|turn|12\n|\n|t:|1700403148\n|move|p2a: Barry|Draining Kiss|p1a: Blissey\n|-damage|p1a: Blissey|89\/100\n|-heal|p2a: Barry|93\/100|[from] drain|[of] p1a: Blissey\n|move|p1a: Blissey|Seismic Toss|p2a: Barry\n|-damage|p2a: Barry|65\/100\n|\n|-heal|p2a: Barry|71\/100|[from] item: Leftovers\n|-heal|p1a: Blissey|95\/100|[from] item: Leftovers\n|upkeep\n|turn|13\n|\n|t:|1700403166\n|switch|p1a: Clodsire|Clodsire, F|100\/100\n|-damage|p1a: Clodsire|94\/100|[from] Stealth Rock\n|move|p2a: Barry|Draining Kiss|p1a: Clodsire\n|-resisted|p1a: Clodsire\n|-damage|p1a: Clodsire|89\/100\n|-heal|p2a: Barry|76\/100|[from] drain|[of] p1a: Clodsire\n|\n|-heal|p2a: Barry|83\/100|[from] item: Leftovers\n|-heal|p1a: Clodsire|95\/100|[from] item: Leftovers\n|upkeep\n|turn|14\n|\n|t:|1700403178\n|switch|p2a: Larry|Gholdengo|100\/100\n|move|p1a: Clodsire|Haze|p1a: Clodsire\n|-clearallboost\n|\n|-heal|p1a: Clodsire|100\/100|[from] item: Leftovers\n|upkeep\n|turn|15\n|\n|t:|1700403193\n|switch|p2a: Barry|Enamorus, F|83\/100\n|switch|p1a: Blissey|Blissey, F|95\/100\n|-damage|p1a: Blissey|83\/100|[from] Stealth Rock\n|\n|-heal|p2a: Barry|89\/100|[from] item: Leftovers\n|-heal|p1a: Blissey|89\/100|[from] item: Leftovers\n|upkeep\n|turn|16\n|\n|t:|1700403205\n|switch|p2a: Jerry|Cinderace, F|84\/100\n|move|p1a: Blissey|Seismic Toss|p2a: Jerry\n|-damage|p2a: Jerry|51\/100\n|\n|-heal|p1a: Blissey|95\/100|[from] item: Leftovers\n|upkeep\n|turn|17\n|\n|t:|1700403214\n|switch|p1a: Talonflame|Talonflame, M|100\/100\n|move|p2a: Jerry|High Jump Kick|p1a: Talonflame\n|-start|p2a: Jerry|typechange|Fighting|[from] ability: Libero\n|-resisted|p1a: Talonflame\n|-damage|p1a: Talonflame|70\/100\n|-status|p2a: Jerry|brn|[from] ability: Flame Body|[of] p1a: Talonflame\n|\n|-damage|p2a: Jerry|45\/100 brn|[from] brn\n|upkeep\n|turn|18\n|\n|t:|1700403224\n|move|p2a: Jerry|U-turn|p1a: Talonflame\n|-resisted|p1a: Talonflame\n|-damage|p1a: Talonflame|67\/100\n|\n|t:|1700403228\n|switch|p2a: Parry|Volcanion|82\/100 tox|[from] U-turn\n|move|p1a: Talonflame|Defog|p2a: Parry\n|-unboost|p2a: Parry|evasion|1\n|-sideend|p1: shardstrike|Stealth Rock|[from] move: Defog|[of] p1a: Talonflame\n|\n|-damage|p2a: Parry|76\/100 tox|[from] psn\n|upkeep\n|turn|19\n|\n|t:|1700403242\n|switch|p1a: Alomomola|Alomomola, F|100\/100\n|switch|p2a: Larry|Gholdengo|100\/100\n|\n|upkeep\n|turn|20\n|\n|t:|1700403249\n|switch|p1a: Blissey|Blissey, F|95\/100\n|move|p2a: Larry|Nasty Plot|p2a: Larry\n|-boost|p2a: Larry|spa|2\n|\n|-heal|p1a: Blissey|100\/100|[from] item: Leftovers\n|upkeep\n|turn|21\n|\n|t:|1700403257\n|switch|p1a: Clodsire|Clodsire, F|100\/100\n|move|p2a: Larry|Nasty Plot|p2a: Larry\n|-boost|p2a: Larry|spa|2\n|\n|upkeep\n|turn|22\n|\n|t:|1700403264\n|move|p2a: Larry|Make It Rain|p1a: Clodsire\n|-damage|p1a: Clodsire|66\/100\n|-unboost|p2a: Larry|spa|1\n|move|p1a: Clodsire|Spikes|p2a: Larry\n|-sidestart|p2: rezzerpl4|Spikes\n|\n|-heal|p1a: Clodsire|72\/100|[from] item: Leftovers\n|upkeep\n|turn|23\n|\n|t:|1700403276\n|move|p2a: Larry|Make It Rain|p1a: Clodsire\n|-damage|p1a: Clodsire|33\/100\n|-unboost|p2a: Larry|spa|1\n|move|p1a: Clodsire|Spikes|p2a: Larry\n|-sidestart|p2: rezzerpl4|Spikes\n|\n|-heal|p1a: Clodsire|40\/100|[from] item: Leftovers\n|upkeep\n|turn|24\n|\n|t:|1700403287\n|switch|p1a: Blissey|Blissey, F|100\/100\n|move|p2a: Larry|Make It Rain|p1a: Blissey\n|-damage|p1a: Blissey|63\/100\n|-unboost|p2a: Larry|spa|1\n|\n|-heal|p1a: Blissey|69\/100|[from] item: Leftovers\n|upkeep\n|turn|25\n|\n|t:|1700403298\n|move|p2a: Larry|Nasty Plot|p2a: Larry\n|-boost|p2a: Larry|spa|2\n|move|p1a: Blissey|Shadow Ball|p2a: Larry\n|-supereffective|p2a: Larry\n|-damage|p2a: Larry|74\/100\n|\n|-heal|p2a: Larry|80\/100|[from] item: Leftovers\n|-heal|p1a: Blissey|75\/100|[from] item: Leftovers\n|upkeep\n|turn|26\n|\n|t:|1700403318\n|move|p2a: Larry|Nasty Plot|p2a: Larry\n|-boost|p2a: Larry|spa|2\n|move|p1a: Blissey|Soft-Boiled|p1a: Blissey\n|-heal|p1a: Blissey|100\/100\n|\n|-heal|p2a: Larry|86\/100|[from] item: Leftovers\n|upkeep\n|turn|27\n|\n|t:|1700403328\n|switch|p1a: Dondozo|Dondozo, M|100\/100\n|move|p2a: Larry|Make It Rain|p1a: Dondozo\n|-resisted|p1a: Dondozo\n|-damage|p1a: Dondozo|70\/100\n|-unboost|p2a: Larry|spa|1\n|\n|-heal|p2a: Larry|92\/100|[from] item: Leftovers\n|-heal|p1a: Dondozo|76\/100|[from] item: Leftovers\n|upkeep\n|turn|28\n|\n|t:|1700403340\n|move|p2a: Larry|Shadow Ball|p1a: Dondozo\n|-damage|p1a: Dondozo|30\/100\n|move|p1a: Dondozo|Rest|p1a: Dondozo\n|-status|p1a: Dondozo|slp|[from] move: Rest\n|-heal|p1a: Dondozo|100\/100 slp|[silent]\n|\n|-heal|p2a: Larry|98\/100|[from] item: Leftovers\n|upkeep\n|turn|29\n|\n|t:|1700403350\n|switch|p1a: Blissey|Blissey, F|100\/100\n|move|p2a: Larry|Shadow Ball|p1a: Blissey\n|-immune|p1a: Blissey\n|\n|-heal|p2a: Larry|100\/100|[from] item: Leftovers\n|upkeep\n|turn|30\n|\n|t:|1700403360\n|switch|p1a: Dondozo|Dondozo, M|100\/100 slp\n|move|p2a: Larry|Make It Rain|p1a: Dondozo\n|-resisted|p1a: Dondozo\n|-damage|p1a: Dondozo|67\/100 slp\n|-unboost|p2a: Larry|spa|1\n|\n|-heal|p1a: Dondozo|73\/100 slp|[from] item: Leftovers\n|upkeep\n|turn|31\n|\n|t:|1700403372\n|move|p2a: Larry|Nasty Plot|p2a: Larry\n|-boost|p2a: Larry|spa|2\n|cant|p1a: Dondozo|slp\n|move|p1a: Dondozo|Sleep Talk|p1a: Dondozo\n|move|p1a: Dondozo|Rest||[from]move: Sleep Talk|[still]\n|-fail|p1a: Dondozo\n|\n|-heal|p1a: Dondozo|79\/100 slp|[from] item: Leftovers\n|upkeep\n|turn|32\n|\n|t:|1700403383\n|move|p2a: Larry|Nasty Plot|p2a: Larry\n|-boost|p2a: Larry|spa|1\n|cant|p1a: Dondozo|slp\n|move|p1a: Dondozo|Sleep Talk|p1a: Dondozo\n|move|p1a: Dondozo|Rest||[from]move: Sleep Talk|[still]\n|-fail|p1a: Dondozo\n|\n|-heal|p1a: Dondozo|85\/100 slp|[from] item: Leftovers\n|upkeep\n|turn|33\n|\n|t:|1700403395\n|move|p2a: Larry|Shadow Ball|p1a: Dondozo\n|-damage|p1a: Dondozo|38\/100 slp\n|-curestatus|p1a: Dondozo|slp|[msg]\n|move|p1a: Dondozo|Rest|p1a: Dondozo\n|-status|p1a: Dondozo|slp|[from] move: Rest\n|-heal|p1a: Dondozo|100\/100 slp|[silent]\n|\n|upkeep\n|turn|34\n|\n|t:|1700403404\n|switch|p1a: Blissey|Blissey, F|100\/100\n|move|p2a: Larry|Nasty Plot|p2a: Larry\n|-boost|p2a: Larry|spa|0\n|\n|upkeep\n|turn|35\n|\n|t:|1700403412\n|switch|p1a: Dondozo|Dondozo, M|100\/100 slp\n|move|p2a: Larry|Shadow Ball|p1a: Dondozo\n|-damage|p1a: Dondozo|59\/100 slp\n|\n|-heal|p1a: Dondozo|65\/100 slp|[from] item: Leftovers\n|upkeep\n|turn|36\n|\n|t:|1700403420\n|switch|p1a: Blissey|Blissey, F|100\/100\n|move|p2a: Larry|Make It Rain|p1a: Blissey\n|-damage|p1a: Blissey|20\/100\n|-unboost|p2a: Larry|spa|1\n|\n|-heal|p1a: Blissey|26\/100|[from] item: Leftovers\n|upkeep\n|turn|37\n|\n|t:|1700403431\n|move|p2a: Larry|Make It Rain|p1a: Blissey\n|-damage|p1a: Blissey|0 fnt\n|-unboost|p2a: Larry|spa|1\n|faint|p1a: Blissey\n|\n|upkeep\n|\n|t:|1700403439\n|switch|p1a: Clodsire|Clodsire, F|40\/100\n|turn|38\n|\n|t:|1700403443\n|move|p2a: Larry|Shadow Ball|p1a: Clodsire\n|-damage|p1a: Clodsire|15\/100\n|move|p1a: Clodsire|Recover|p1a: Clodsire\n|-heal|p1a: Clodsire|65\/100\n|\n|-heal|p1a: Clodsire|72\/100|[from] item: Leftovers\n|upkeep\n|turn|39\n|\n|t:|1700403457\n|switch|p2a: Jerry|Cinderace, F|45\/100 brn\n|move|p1a: Clodsire|Spikes|p2a: Jerry\n|-sidestart|p2: rezzerpl4|Spikes\n|\n|-heal|p1a: Clodsire|78\/100|[from] item: Leftovers\n|-damage|p2a: Jerry|39\/100 brn|[from] brn\n|upkeep\n|turn|40\n|\n|t:|1700403466\n|switch|p1a: Talonflame|Talonflame, M|67\/100\n|move|p2a: Jerry|Court Change|p2a: Jerry\n|-start|p2a: Jerry|typechange|Normal|[from] ability: Libero\n|-swapsideconditions\n|-activate|p2a: Jerry|move: Court Change\n|\n|-damage|p2a: Jerry|33\/100 brn|[from] brn\n|upkeep\n|turn|41\n|\n|t:|1700403474\n|move|p2a: Jerry|U-turn|p1a: Talonflame\n|-resisted|p1a: Talonflame\n|-damage|p1a: Talonflame|64\/100\n|\n|t:|1700403479\n|switch|p2a: Parry|Volcanion|76\/100 tox|[from] U-turn\n|move|p1a: Talonflame|Defog|p2a: Parry\n|-unboost|p2a: Parry|evasion|1\n|-sideend|p1: shardstrike|Spikes|[from] move: Defog|[of] p1a: Talonflame\n|\n|-damage|p2a: Parry|69\/100 tox|[from] psn\n|upkeep\n|turn|42\n|c|\u2606rezzerpl4|I never seen a human being so dedicated to stall holy\n|inactive|rezzerpl4 has 120 seconds left.\n|\n|t:|1700403511\n|switch|p1a: Toxapex|Toxapex, F|100\/100\n|move|p2a: Parry|Steam Eruption|p1a: Toxapex\n|-resisted|p1a: Toxapex\n|-damage|p1a: Toxapex|78\/100\n|\n|-damage|p2a: Parry|57\/100 tox|[from] psn\n|upkeep\n|turn|43\n|\n|t:|1700403520\n|switch|p2a: Larry|Gholdengo|100\/100\n|move|p1a: Toxapex|Infestation|p2a: Larry\n|-resisted|p2a: Larry\n|-damage|p2a: Larry|99\/100\n|-activate|p2a: Larry|move: Infestation|[of] p1a: Toxapex\n|\n|-heal|p2a: Larry|100\/100|[from] item: Leftovers\n|-damage|p2a: Larry|88\/100|[from] move: Infestation|[partiallytrapped]\n|upkeep\n|turn|44\n|\n|t:|1700403532\n|move|p2a: Larry|Shadow Ball|p1a: Toxapex\n|-damage|p1a: Toxapex|40\/100\n|move|p1a: Toxapex|Toxic Spikes|p2a: Larry\n|-sidestart|p2: rezzerpl4|move: Toxic Spikes\n|\n|-heal|p2a: Larry|94\/100|[from] item: Leftovers\n|-damage|p2a: Larry|82\/100|[from] move: Infestation|[partiallytrapped]\n|upkeep\n|turn|45\n|\n|t:|1700403545\n|switch|p1a: Clodsire|Clodsire, F|78\/100\n|move|p2a: Larry|Shadow Ball|p1a: Clodsire\n|-damage|p1a: Clodsire|53\/100\n|\n|-heal|p2a: Larry|88\/100|[from] item: Leftovers\n|-heal|p1a: Clodsire|60\/100|[from] item: Leftovers\n|-end|p2a: Larry|Infestation|[partiallytrapped]|[silent]\n|upkeep\n|turn|46\n|\n|t:|1700403555\n|switch|p2a: Gary|Clodsire, M|100\/100\n|-sideend|p2: rezzerpl4|move: Toxic Spikes|[of] p2a: Gary\n|move|p1a: Clodsire|Spikes|p2a: Gary\n|-sidestart|p2: rezzerpl4|Spikes\n|\n|-heal|p1a: Clodsire|66\/100|[from] item: Leftovers\n|upkeep\n|turn|47\n|\n|t:|1700403567\n|switch|p1a: Dondozo|Dondozo, M|65\/100 slp\n|move|p2a: Gary|Stealth Rock|p1a: Dondozo\n|-sidestart|p1: shardstrike|move: Stealth Rock\n|\n|-heal|p1a: Dondozo|71\/100 slp|[from] item: Leftovers\n|upkeep\n|turn|48\n|\n|t:|1700403575\n|switch|p2a: Harry|Ogerpon, F|100\/100\n|-damage|p2a: Harry|88\/100|[from] Spikes\n|cant|p1a: Dondozo|slp\n|move|p1a: Dondozo|Sleep Talk|p1a: Dondozo\n|move|p1a: Dondozo|Body Press|p2a: Harry|[from]move: Sleep Talk\n|-damage|p2a: Harry|49\/100\n|\n|-heal|p2a: Harry|55\/100|[from] item: Leftovers\n|-heal|p1a: Dondozo|77\/100 slp|[from] item: Leftovers\n|upkeep\n|turn|49\n|\n|t:|1700403588\n|switch|p1a: Toxapex|Toxapex, F|73\/100\n|-damage|p1a: Toxapex|60\/100|[from] Stealth Rock\n|move|p2a: Harry|Ivy Cudgel|p1a: Toxapex\n|-damage|p1a: Toxapex|30\/100\n|\n|-heal|p2a: Harry|61\/100|[from] item: Leftovers\n|upkeep\n|turn|50\n|\n|t:|1700403598\n|switch|p1a: Talonflame|Talonflame, M|64\/100\n|move|p2a: Harry|Ivy Cudgel|p1a: Talonflame\n|-resisted|p1a: Talonflame\n|-crit|p1a: Talonflame\n|-damage|p1a: Talonflame|47\/100\n|\n|-heal|p2a: Harry|67\/100|[from] item: Leftovers\n|upkeep\n|turn|51\n|\n|t:|1700403607\n|move|p2a: Harry|Knock Off|p1a: Talonflame\n|-damage|p1a: Talonflame|16\/100\n|-enditem|p1a: Talonflame|Heavy-Duty Boots|[from] move: Knock Off|[of] p2a: Harry\n|move|p1a: Talonflame|Roost|p1a: Talonflame\n|-heal|p1a: Talonflame|66\/100\n|-singleturn|p1a: Talonflame|move: Roost\n|\n|-heal|p2a: Harry|73\/100|[from] item: Leftovers\n|upkeep\n|turn|52\n|\n|t:|1700403617\n|move|p2a: Harry|Encore|p1a: Talonflame\n|-start|p1a: Talonflame|Encore\n|move|p1a: Talonflame|Roost|p1a: Talonflame\n|-heal|p1a: Talonflame|100\/100\n|-singleturn|p1a: Talonflame|move: Roost\n|\n|-heal|p2a: Harry|79\/100|[from] item: Leftovers\n|upkeep\n|turn|53\n|\n|t:|1700403629\n|switch|p2a: Gary|Clodsire, M|100\/100\n|-damage|p2a: Gary|88\/100|[from] Spikes\n|move|p1a: Talonflame|Roost||[still]\n|-fail|p1a: Talonflame|heal\n|\n|-heal|p2a: Gary|94\/100|[from] item: Black Sludge\n|upkeep\n|turn|54\n|-message|shardstrike forfeited.\n|\n|win|rezzerpl4\n|raw|shardstrike's rating: 1246 &rarr; <strong>1218<\/strong><br \/>(-28 for losing)\n|raw|rezzerpl4's rating: 1208 &rarr; <strong>1236<\/strong><br \/>(+28 for winning)\n|l|\u2606shardstrike\n","uploadtime":1700403659,"views":6,"p1id":"shardstrike","p2id":"rezzerpl4","formatid":"gen9ou","rating":1218,"private":0,"password":""}