{"id":"gen9ou-1990213673","p1":"dozomasuda","p2":"Corbinc","format":"[Gen 9] OU","log":"|j|\u2606dozomasuda\n|j|\u2606Corbinc\n|t:|1699938383\n|gametype|singles\n|player|p1|dozomasuda|doubleteam|1064\n|player|p2|Corbinc|ghetsis-gen5bw|1063\n|teamsize|p1|6\n|teamsize|p2|6\n|gen|9\n|tier|[Gen 9] OU\n|rated|\n|rule|Sleep Clause Mod: Limit one foe put to sleep\n|rule|Species Clause: Limit one of each Pok\u00e9mon\n|rule|OHKO Clause: OHKO moves are banned\n|rule|Evasion Items Clause: Evasion items are banned\n|rule|Evasion Moves Clause: Evasion moves are banned\n|rule|Endless Battle Clause: Forcing endless battles is banned\n|rule|HP Percentage Mod: HP is shown in percentages\n|clearpoke\n|poke|p1|Zangoose, F|\n|poke|p1|Zamazenta-*|\n|poke|p1|Ninetales-Alola, M|\n|poke|p1|Zapdos|\n|poke|p1|Mew|\n|poke|p1|Garchomp, F|\n|poke|p2|Kommo-o, F|\n|poke|p2|Grimmsnarl, M|\n|poke|p2|Thundurus-Therian, M|\n|poke|p2|Zoroark-Hisui, F|\n|poke|p2|Wo-Chien|\n|poke|p2|Tauros-Paldea-Blaze, M|\n|teampreview\n|inactive|Battle timer is ON: inactive players will automatically lose when time's up. (requested by Corbinc)\n|\n|t:|1699938397\n|start\n|switch|p1a: Jriracha|Mew|100\/100\n|switch|p2a: Grimmsnarl|Grimmsnarl, M|100\/100\n|turn|1\n|\n|t:|1699938412\n|move|p2a: Grimmsnarl|Parting Shot|p1a: Jriracha\n|-unboost|p1a: Jriracha|atk|1\n|-unboost|p1a: Jriracha|spa|1\n|\n|t:|1699938417\n|switch|p2a: Wo-Chien|Wo-Chien|100\/100|[from] Parting Shot\n|-ability|p2a: Wo-Chien|Tablets of Ruin\n|move|p1a: Jriracha|Tailwind|p1a: Jriracha\n|-sidestart|p1: dozomasuda|move: Tailwind\n|\n|upkeep\n|turn|2\n|\n|t:|1699938432\n|-terastallize|p1a: Jriracha|Fire\n|move|p1a: Jriracha|Overheat|p2a: Wo-Chien\n|-supereffective|p2a: Wo-Chien\n|-damage|p2a: Wo-Chien|50\/100\n|-unboost|p1a: Jriracha|spa|2\n|move|p2a: Wo-Chien|Mean Look|p1a: Jriracha\n|-activate|p1a: Jriracha|trapped\n|\n|upkeep\n|turn|3\n|\n|t:|1699938441\n|move|p1a: Jriracha|Trick|p2a: Wo-Chien\n|-activate|p1a: Jriracha|move: Trick|[of] p2a: Wo-Chien\n|-item|p2a: Wo-Chien|Iron Ball|[from] move: Trick\n|-item|p1a: Jriracha|Big Root|[from] move: Trick\n|move|p2a: Wo-Chien|Leech Seed|p1a: Jriracha\n|-start|p1a: Jriracha|move: Leech Seed\n|\n|-damage|p1a: Jriracha|88\/100|[from] Leech Seed|[of] p2a: Wo-Chien\n|-heal|p2a: Wo-Chien|62\/100|[silent]\n|upkeep\n|turn|4\n|\n|t:|1699938455\n|move|p1a: Jriracha|Overheat|p2a: Wo-Chien\n|-supereffective|p2a: Wo-Chien\n|-damage|p2a: Wo-Chien|31\/100\n|-unboost|p1a: Jriracha|spa|2\n|move|p2a: Wo-Chien|Giga Drain|p1a: Jriracha\n|-resisted|p1a: Jriracha\n|-damage|p1a: Jriracha|78\/100\n|-heal|p2a: Wo-Chien|36\/100|[from] drain|[of] p1a: Jriracha\n|\n|-damage|p1a: Jriracha|66\/100|[from] Leech Seed|[of] p2a: Wo-Chien\n|-heal|p2a: Wo-Chien|48\/100|[silent]\n|-sideend|p1: dozomasuda|move: Tailwind\n|upkeep\n|turn|5\n|\n|t:|1699938467\n|move|p1a: Jriracha|Overheat|p2a: Wo-Chien\n|-supereffective|p2a: Wo-Chien\n|-damage|p2a: Wo-Chien|24\/100\n|-unboost|p1a: Jriracha|spa|1\n|move|p2a: Wo-Chien|Giga Drain|p1a: Jriracha\n|-resisted|p1a: Jriracha\n|-damage|p1a: Jriracha|55\/100\n|-heal|p2a: Wo-Chien|29\/100|[from] drain|[of] p1a: Jriracha\n|\n|-damage|p1a: Jriracha|43\/100|[from] Leech Seed|[of] p2a: Wo-Chien\n|-heal|p2a: Wo-Chien|41\/100|[silent]\n|upkeep\n|turn|6\n|\n|t:|1699938478\n|move|p1a: Jriracha|Overheat|p2a: Wo-Chien|[miss]\n|-miss|p1a: Jriracha|p2a: Wo-Chien\n|move|p2a: Wo-Chien|Rest|p2a: Wo-Chien\n|-status|p2a: Wo-Chien|slp|[from] move: Rest\n|-heal|p2a: Wo-Chien|100\/100 slp|[silent]\n|\n|-damage|p1a: Jriracha|30\/100|[from] Leech Seed|[of] p2a: Wo-Chien\n|upkeep\n|turn|7\n|\n|t:|1699938486\n|move|p1a: Jriracha|Tailwind|p1a: Jriracha\n|-sidestart|p1: dozomasuda|move: Tailwind\n|cant|p2a: Wo-Chien|slp\n|\n|-damage|p1a: Jriracha|18\/100|[from] Leech Seed|[of] p2a: Wo-Chien\n|upkeep\n|turn|8\n|\n|t:|1699938493\n|move|p1a: Jriracha|Trick|p2a: Wo-Chien\n|-activate|p1a: Jriracha|move: Trick|[of] p2a: Wo-Chien\n|-item|p2a: Wo-Chien|Big Root|[from] move: Trick\n|-item|p1a: Jriracha|Iron Ball|[from] move: Trick\n|cant|p2a: Wo-Chien|slp\n|\n|-damage|p1a: Jriracha|5\/100|[from] Leech Seed|[of] p2a: Wo-Chien\n|upkeep\n|turn|9\n|\n|t:|1699938499\n|move|p1a: Jriracha|Trick|p2a: Wo-Chien\n|-activate|p1a: Jriracha|move: Trick|[of] p2a: Wo-Chien\n|-item|p2a: Wo-Chien|Iron Ball|[from] move: Trick\n|-item|p1a: Jriracha|Big Root|[from] move: Trick\n|-curestatus|p2a: Wo-Chien|slp|[msg]\n|move|p2a: Wo-Chien|Giga Drain|p1a: Jriracha\n|-resisted|p1a: Jriracha\n|-damage|p1a: Jriracha|0 fnt\n|faint|p1a: Jriracha\n|\n|upkeep\n|\n|t:|1699938507\n|switch|p1a: Zanghost|Zangoose, F|100\/100\n|turn|10\n|\n|t:|1699938526\n|switch|p2a: Tauros|Tauros-Paldea-Blaze, M|100\/100\n|-ability|p2a: Tauros|Intimidate|boost\n|-unboost|p1a: Zanghost|atk|1\n|move|p1a: Zanghost|Swords Dance|p1a: Zanghost\n|-boost|p1a: Zanghost|atk|2\n|\n|-sideend|p1: dozomasuda|move: Tailwind\n|-status|p1a: Zanghost|tox|[from] item: Toxic Orb\n|upkeep\n|turn|11\n|\n|t:|1699938537\n|move|p1a: Zanghost|Facade|p2a: Tauros\n|-damage|p2a: Tauros|4\/100\n|move|p2a: Tauros|Body Press|p1a: Zanghost\n|-supereffective|p1a: Zanghost\n|-damage|p1a: Zanghost|0 fnt\n|faint|p1a: Zanghost\n|\n|-heal|p2a: Tauros|10\/100|[from] item: Leftovers\n|upkeep\n|\n|t:|1699938548\n|switch|p1a: Bird Type|Zapdos, shiny|100\/100\n|turn|12\n|\n|t:|1699938554\n|move|p1a: Bird Type|Air Cutter|p2a: Tauros\n|-supereffective|p2a: Tauros\n|-crit|p2a: Tauros\n|-damage|p2a: Tauros|0 fnt\n|faint|p2a: Tauros\n|\n|upkeep\n|\n|t:|1699938560\n|switch|p2a: Thundurus|Thundurus-Therian, M|100\/100\n|turn|13\n|\n|t:|1699938564\n|move|p2a: Thundurus|Agility|p2a: Thundurus\n|-boost|p2a: Thundurus|spe|2\n|move|p1a: Bird Type|Ancient Power|p2a: Thundurus\n|-supereffective|p2a: Thundurus\n|-damage|p2a: Thundurus|36\/100\n|\n|upkeep\n|turn|14\n|\n|t:|1699938572\n|move|p2a: Thundurus|Dark Pulse|p1a: Bird Type\n|-damage|p1a: Bird Type|72\/100\n|move|p1a: Bird Type|Ancient Power|p2a: Thundurus\n|-supereffective|p2a: Thundurus\n|-damage|p2a: Thundurus|0 fnt\n|faint|p2a: Thundurus\n|\n|upkeep\n|\n|t:|1699938587\n|switch|p2a: Grimmsnarl|Grimmsnarl, M|100\/100\n|turn|15\n|\n|t:|1699938591\n|move|p2a: Grimmsnarl|Light Screen|p2a: Grimmsnarl\n|-sidestart|p2: Corbinc|move: Light Screen\n|move|p1a: Bird Type|Thunderbolt|p2a: Grimmsnarl\n|-damage|p2a: Grimmsnarl|75\/100\n|\n|upkeep\n|turn|16\n|\n|t:|1699938601\n|move|p2a: Grimmsnarl|Sucker Punch|p1a: Bird Type\n|-damage|p1a: Bird Type|22\/100\n|move|p1a: Bird Type|Thunderbolt|p2a: Grimmsnarl\n|-damage|p2a: Grimmsnarl|52\/100\n|\n|upkeep\n|turn|17\n|\n|t:|1699938606\n|switch|p1a: Ninetales|Ninetales-Alola, M|100\/100\n|-weather|Snow|[from] ability: Snow Warning|[of] p1a: Ninetales\n|move|p2a: Grimmsnarl|Parting Shot|p1a: Ninetales\n|-unboost|p1a: Ninetales|atk|1\n|-unboost|p1a: Ninetales|spa|1\n|\n|t:|1699938619\n|switch|p2a: Kommo-o|Kommo-o, F|100\/100|[from] Parting Shot\n|\n|-weather|Snow|[upkeep]\n|upkeep\n|turn|18\n|\n|t:|1699938628\n|move|p2a: Kommo-o|Flamethrower|p1a: Ninetales\n|-supereffective|p1a: Ninetales\n|-damage|p1a: Ninetales|9\/100\n|move|p1a: Ninetales|Fake Tears|p2a: Kommo-o\n|-unboost|p2a: Kommo-o|spd|2\n|\n|-weather|Snow|[upkeep]\n|-heal|p1a: Ninetales|15\/100|[from] item: Leftovers\n|upkeep\n|turn|19\n|\n|t:|1699938635\n|move|p2a: Kommo-o|Flamethrower|p1a: Ninetales\n|-supereffective|p1a: Ninetales\n|-damage|p1a: Ninetales|0 fnt\n|faint|p1a: Ninetales\n|\n|-weather|Snow|[upkeep]\n|upkeep\n|\n|t:|1699938645\n|switch|p1a: Bird Type|Zapdos, shiny|22\/100\n|turn|20\n|\n|t:|1699938650\n|move|p2a: Kommo-o|Flamethrower|p1a: Bird Type\n|-damage|p1a: Bird Type|0 fnt\n|faint|p1a: Bird Type\n|\n|-weather|Snow|[upkeep]\n|upkeep\n|\n|t:|1699938655\n|switch|p1a: (Uses Outrage)|Garchomp, F, shiny|100\/100\n|turn|21\n|\n|t:|1699938661\n|switch|p2a: Grimmsnarl|Grimmsnarl, M|52\/100\n|move|p1a: (Uses Outrage)|Outrage|p2a: Grimmsnarl\n|-immune|p2a: Grimmsnarl\n|\n|-weather|none\n|upkeep\n|turn|22\n|\n|t:|1699938667\n|switch|p1a: Zamazenta|Zamazenta|100\/100\n|-ability|p1a: Zamazenta|Dauntless Shield|boost\n|-boost|p1a: Zamazenta|def|1\n|move|p2a: Grimmsnarl|Reflect|p2a: Grimmsnarl\n|-sidestart|p2: Corbinc|Reflect\n|\n|-sideend|p2: Corbinc|move: Light Screen\n|upkeep\n|turn|23\n|\n|t:|1699938674\n|move|p2a: Grimmsnarl|Parting Shot|p1a: Zamazenta\n|-unboost|p1a: Zamazenta|atk|1\n|-unboost|p1a: Zamazenta|spa|1\n|\n|t:|1699938680\n|switch|p2a: Kommo-o|Kommo-o, F|100\/100|[from] Parting Shot\n|move|p1a: Zamazenta|Iron Defense|p1a: Zamazenta\n|-boost|p1a: Zamazenta|def|2\n|\n|upkeep\n|turn|24\n|\n|t:|1699938689\n|move|p1a: Zamazenta|Body Press|p2a: Kommo-o\n|-immune|p2a: Kommo-o\n|move|p2a: Kommo-o|Bitter Malice|p1a: Zamazenta\n|-damage|p1a: Zamazenta|44\/100\n|-unboost|p1a: Zamazenta|atk|1\n|\n|-heal|p1a: Zamazenta|50\/100|[from] item: Leftovers\n|upkeep\n|turn|25\n|\n|t:|1699938701\n|switch|p1a: (Uses Outrage)|Garchomp, F, shiny|100\/100\n|move|p2a: Kommo-o|Bitter Malice|p1a: (Uses Outrage)\n|-damage|p1a: (Uses Outrage)|40\/100\n|-unboost|p1a: (Uses Outrage)|atk|1\n|\n|upkeep\n|turn|26\n|\n|t:|1699938714\n|move|p1a: (Uses Outrage)|Earthquake|p2a: Kommo-o\n|-damage|p2a: Kommo-o|62\/100\n|replace|p2a: Zoroark|Zoroark-Hisui, F\n|-end|p2a: Zoroark|Illusion\n|move|p2a: Zoroark|Bitter Malice|p1a: (Uses Outrage)\n|-damage|p1a: (Uses Outrage)|0 fnt\n|faint|p1a: (Uses Outrage)\n|\n|upkeep\n|-message|dozomasuda forfeited.\n|\n|win|Corbinc\n|raw|dozomasuda's rating: 1064 &rarr; <strong>1044<\/strong><br \/>(-20 for losing)\n|raw|Corbinc's rating: 1063 &rarr; <strong>1094<\/strong><br \/>(+31 for winning)\n|l|\u2606dozomasuda\n","uploadtime":1699938728,"views":8,"p1id":"dozomasuda","p2id":"corbinc","formatid":"gen9ou","rating":1044,"private":0,"password":""}