{"id":"gen9ou-1995980983","p1":"knexhawk2","p2":"SDK04","format":"[Gen 9] OU","log":"|j|\u2606knexhawk2\n|j|\u2606SDK04\n|inactive|Battle timer is ON: inactive players will automatically lose when time's up.\n|t:|1700624884\n|gametype|singles\n|player|p1|knexhawk2|red-masters|\n|player|p2|SDK04|unknown|\n|teamsize|p1|6\n|teamsize|p2|6\n|gen|9\n|tier|[Gen 9] OU\n|rated|Tournament battle\n|rule|Sleep Clause Mod: Limit one foe put to sleep\n|rule|Species Clause: Limit one of each Pok\u00e9mon\n|rule|OHKO Clause: OHKO moves are banned\n|rule|Evasion Items Clause: Evasion items are banned\n|rule|Evasion Moves Clause: Evasion moves are banned\n|rule|Endless Battle Clause: Forcing endless battles is banned\n|rule|HP Percentage Mod: HP is shown in percentages\n|clearpoke\n|poke|p1|Wo-Chien|\n|poke|p1|Talonflame, M|\n|poke|p1|Alomomola, F|\n|poke|p1|Blissey, F|\n|poke|p1|Cyclizar, M|\n|poke|p1|Clodsire, M|\n|poke|p2|Munkidori, M|\n|poke|p2|Enamorus, F|\n|poke|p2|Rillaboom, F|\n|poke|p2|Dragonite, F|\n|poke|p2|Great Tusk|\n|poke|p2|Muk-Alola, F|\n|teampreview\n|j| ERGB\n|j|@mcp3\n|j| yomaalt\n|\n|t:|1700624891\n|start\n|switch|p1a: Your father.|Talonflame, M|100\/100\n|switch|p2a: Mojo Jojo|Munkidori, M|100\/100\n|turn|1\n|\n|t:|1700624894\n|switch|p1a: I own you.|Wo-Chien|100\/100\n|-ability|p1a: I own you.|Tablets of Ruin\n|move|p2a: Mojo Jojo|Psychic|p1a: I own you.\n|-immune|p1a: I own you.\n|\n|upkeep\n|turn|2\n|c| yomaalt|Where's the gambling\n|\n|t:|1700624901\n|switch|p2a: Certified Eater|Muk-Alola, F|100\/100\n|-terastallize|p1a: I own you.|Ghost\n|move|p1a: I own you.|Knock Off|p2a: Certified Eater\n|-resisted|p2a: Certified Eater\n|-damage|p2a: Certified Eater|86\/100\n|-enditem|p2a: Certified Eater|Black Sludge|[from] move: Knock Off|[of] p1a: I own you.\n|\n|upkeep\n|turn|3\n|j| gebthyland\n|\n|t:|1700624907\n|switch|p1a: You are my son|Alomomola, F|100\/100\n|move|p2a: Certified Eater|Knock Off|p1a: You are my son\n|-damage|p1a: You are my son|81\/100\n|-damage|p2a: Certified Eater|70\/100|[from] item: Rocky Helmet|[of] p1a: You are my son\n|-enditem|p1a: You are my son|Rocky Helmet|[from] move: Knock Off|[of] p2a: Certified Eater\n|\n|upkeep\n|turn|4\n|l| gebthyland\n|j| StormJet1613\n|\n|t:|1700624911\n|switch|p2a: Nature\u2019s Nuke|Rillaboom, F, shiny|100\/100\n|-fieldstart|move: Grassy Terrain|[from] ability: Grassy Surge|[of] p2a: Nature\u2019s Nuke\n|move|p1a: You are my son|Scald|p2a: Nature\u2019s Nuke\n|-resisted|p2a: Nature\u2019s Nuke\n|-damage|p2a: Nature\u2019s Nuke|92\/100\n|-status|p2a: Nature\u2019s Nuke|brn\n|\n|-heal|p2a: Nature\u2019s Nuke|98\/100 brn|[from] Grassy Terrain\n|-heal|p1a: You are my son|87\/100|[from] Grassy Terrain\n|-damage|p2a: Nature\u2019s Nuke|92\/100 brn|[from] brn\n|upkeep\n|turn|5\n|\n|t:|1700624915\n|move|p1a: You are my son|Protect|p1a: You are my son\n|-singleturn|p1a: You are my son|Protect\n|move|p2a: Nature\u2019s Nuke|Knock Off|p1a: You are my son\n|-activate|p1a: You are my son|move: Protect\n|\n|-heal|p2a: Nature\u2019s Nuke|98\/100 brn|[from] Grassy Terrain\n|-heal|p1a: You are my son|94\/100|[from] Grassy Terrain\n|-damage|p2a: Nature\u2019s Nuke|92\/100 brn|[from] brn\n|upkeep\n|turn|6\n|c|\u2606knexhawk2|theres the gambling\n|\n|t:|1700624919\n|move|p2a: Nature\u2019s Nuke|Knock Off|p1a: You are my son\n|-damage|p1a: You are my son|87\/100\n|move|p1a: You are my son|Whirlpool|p2a: Nature\u2019s Nuke\n|-resisted|p2a: Nature\u2019s Nuke\n|-damage|p2a: Nature\u2019s Nuke|89\/100 brn\n|-activate|p2a: Nature\u2019s Nuke|move: Whirlpool|[of] p1a: You are my son\n|\n|-heal|p2a: Nature\u2019s Nuke|95\/100 brn|[from] Grassy Terrain\n|-heal|p1a: You are my son|94\/100|[from] Grassy Terrain\n|-damage|p2a: Nature\u2019s Nuke|89\/100 brn|[from] brn\n|-damage|p2a: Nature\u2019s Nuke|76\/100 brn|[from] move: Whirlpool|[partiallytrapped]\n|upkeep\n|turn|7\n|c|\u2606SDK04|I absolutely hate Scald\n|c| ERGB|oooh burn\n|\n|t:|1700624928\n|move|p2a: Nature\u2019s Nuke|Swords Dance|p2a: Nature\u2019s Nuke\n|-boost|p2a: Nature\u2019s Nuke|atk|2\n|move|p1a: You are my son|Scald|p2a: Nature\u2019s Nuke\n|-resisted|p2a: Nature\u2019s Nuke\n|-damage|p2a: Nature\u2019s Nuke|67\/100 brn\n|\n|-heal|p2a: Nature\u2019s Nuke|73\/100 brn|[from] Grassy Terrain\n|-heal|p1a: You are my son|99\/100|[from] Grassy Terrain\n|-damage|p2a: Nature\u2019s Nuke|67\/100 brn|[from] brn\n|-damage|p2a: Nature\u2019s Nuke|55\/100 brn|[from] move: Whirlpool|[partiallytrapped]\n|upkeep\n|turn|8\n|\n|t:|1700624933\n|move|p2a: Nature\u2019s Nuke|Wood Hammer|p1a: You are my son\n|-supereffective|p1a: You are my son\n|-damage|p1a: You are my son|7\/100\n|-damage|p2a: Nature\u2019s Nuke|9\/100 brn|[from] Recoil\n|move|p1a: You are my son|Wish|p1a: You are my son\n|\n|-heal|p2a: Nature\u2019s Nuke|15\/100 brn|[from] Grassy Terrain\n|-heal|p1a: You are my son|14\/100|[from] Grassy Terrain\n|-damage|p2a: Nature\u2019s Nuke|9\/100 brn|[from] brn\n|-damage|p2a: Nature\u2019s Nuke|0 fnt|[from] move: Whirlpool|[partiallytrapped]\n|faint|p2a: Nature\u2019s Nuke\n|-fieldend|move: Grassy Terrain\n|upkeep\n|c|\u2606knexhawk2|yum\n|c| yomaalt|nvm we gambiling\n|\n|t:|1700624940\n|switch|p2a: HIM|Enamorus, F|100\/100\n|turn|9\n|j|+goldtodd1\n|\n|t:|1700624948\n|switch|p2a: Navigator|Dragonite, F|100\/100\n|switch|p1a: Your father.|Talonflame, M|100\/100\n|\n|upkeep\n|turn|10\n|\n|t:|1700624953\n|switch|p2a: Mojo Jojo|Munkidori, M|100\/100\n|move|p1a: Your father.|Will-O-Wisp|p2a: Mojo Jojo\n|-status|p2a: Mojo Jojo|brn\n|\n|-damage|p2a: Mojo Jojo|95\/100 brn|[from] brn\n|upkeep\n|turn|11\n|\n|t:|1700624956\n|switch|p1a: I own you.|Wo-Chien, tera:Ghost|100\/100\n|-ability|p1a: I own you.|Tablets of Ruin\n|move|p2a: Mojo Jojo|U-turn|p1a: I own you.\n|-resisted|p1a: I own you.\n|-damage|p1a: I own you.|99\/100\n|\n|t:|1700624960\n|switch|p2a: Certified Eater|Muk-Alola, F|70\/100|[from] U-turn\n|\n|-heal|p1a: I own you.|100\/100|[from] item: Leftovers\n|upkeep\n|turn|12\n|\n|t:|1700624963\n|switch|p1a: Your father.|Talonflame, M|100\/100\n|move|p2a: Certified Eater|Knock Off|p1a: Your father.\n|-damage|p1a: Your father.|67\/100\n|-status|p1a: Your father.|psn|[from] ability: Poison Touch|[of] p2a: Certified Eater\n|-enditem|p1a: Your father.|Heavy-Duty Boots|[from] move: Knock Off|[of] p2a: Certified Eater\n|\n|-damage|p1a: Your father.|54\/100 psn|[from] psn\n|upkeep\n|turn|13\n|\n|t:|1700624967\n|move|p2a: Certified Eater|Protect|p2a: Certified Eater\n|-singleturn|p2a: Certified Eater|Protect\n|move|p1a: Your father.|Roost|p1a: Your father.\n|-heal|p1a: Your father.|100\/100 psn\n|-singleturn|p1a: Your father.|move: Roost\n|\n|-damage|p1a: Your father.|88\/100 psn|[from] psn\n|upkeep\n|turn|14\n|c| StormJet1613|is this a switch fest?\n|\n|t:|1700624971\n|move|p1a: Your father.|Will-O-Wisp|p2a: Certified Eater\n|-status|p2a: Certified Eater|brn\n|move|p2a: Certified Eater|Poison Jab|p1a: Your father.\n|-damage|p1a: Your father.|75\/100 psn\n|\n|-damage|p1a: Your father.|62\/100 psn|[from] psn\n|-damage|p2a: Certified Eater|63\/100 brn|[from] brn\n|upkeep\n|turn|15\n|\n|t:|1700624973\n|move|p1a: Your father.|Will-O-Wisp|p2a: Certified Eater|[miss]\n|-miss|p1a: Your father.|p2a: Certified Eater\n|move|p2a: Certified Eater|Poison Jab|p1a: Your father.\n|-damage|p1a: Your father.|48\/100 psn\n|\n|-damage|p1a: Your father.|36\/100 psn|[from] psn\n|-damage|p2a: Certified Eater|57\/100 brn|[from] brn\n|upkeep\n|turn|16\n|\n|t:|1700624975\n|move|p1a: Your father.|Roost|p1a: Your father.\n|-heal|p1a: Your father.|86\/100 psn\n|-singleturn|p1a: Your father.|move: Roost\n|move|p2a: Certified Eater|Knock Off|p1a: Your father.\n|-damage|p1a: Your father.|75\/100 psn\n|\n|-damage|p1a: Your father.|62\/100 psn|[from] psn\n|-damage|p2a: Certified Eater|51\/100 brn|[from] brn\n|upkeep\n|turn|17\n|\n|t:|1700624978\n|move|p2a: Certified Eater|Protect|p2a: Certified Eater\n|-singleturn|p2a: Certified Eater|Protect\n|move|p1a: Your father.|Roost|p1a: Your father.\n|-heal|p1a: Your father.|100\/100 psn\n|-singleturn|p1a: Your father.|move: Roost\n|\n|-damage|p1a: Your father.|88\/100 psn|[from] psn\n|-damage|p2a: Certified Eater|45\/100 brn|[from] brn\n|upkeep\n|turn|18\n|\n|t:|1700624979\n|switch|p1a: You are my son|Alomomola, F|47\/100\n|move|p2a: Certified Eater|Poison Jab|p1a: You are my son\n|-damage|p1a: You are my son|39\/100\n|\n|-damage|p2a: Certified Eater|39\/100 brn|[from] brn\n|upkeep\n|turn|19\n|\n|t:|1700624984\n|switch|p1a: Your father.|Talonflame, M|88\/100 psn\n|move|p2a: Certified Eater|Drain Punch|p1a: Your father.\n|-resisted|p1a: Your father.\n|-damage|p1a: Your father.|84\/100 psn\n|-heal|p2a: Certified Eater|41\/100 brn|[from] drain|[of] p1a: Your father.\n|\n|-damage|p1a: Your father.|72\/100 psn|[from] psn\n|-damage|p2a: Certified Eater|35\/100 brn|[from] brn\n|upkeep\n|turn|20\n|\n|t:|1700624988\n|move|p1a: Your father.|Roost|p1a: Your father.\n|-heal|p1a: Your father.|100\/100 psn\n|-singleturn|p1a: Your father.|move: Roost\n|move|p2a: Certified Eater|Poison Jab|p1a: Your father.\n|-damage|p1a: Your father.|86\/100 psn\n|\n|-damage|p1a: Your father.|74\/100 psn|[from] psn\n|-damage|p2a: Certified Eater|29\/100 brn|[from] brn\n|upkeep\n|turn|21\n|\n|t:|1700624990\n|move|p1a: Your father.|Flamethrower|p2a: Certified Eater\n|-damage|p2a: Certified Eater|14\/100 brn\n|move|p2a: Certified Eater|Knock Off|p1a: Your father.\n|-damage|p1a: Your father.|63\/100 psn\n|\n|-damage|p1a: Your father.|51\/100 psn|[from] psn\n|-damage|p2a: Certified Eater|8\/100 brn|[from] brn\n|upkeep\n|turn|22\n|\n|t:|1700624992\n|move|p1a: Your father.|Roost|p1a: Your father.\n|-heal|p1a: Your father.|100\/100 psn\n|-singleturn|p1a: Your father.|move: Roost\n|move|p2a: Certified Eater|Poison Jab|p1a: Your father.\n|-damage|p1a: Your father.|87\/100 psn\n|\n|-damage|p1a: Your father.|75\/100 psn|[from] psn\n|-damage|p2a: Certified Eater|1\/100 brn|[from] brn\n|upkeep\n|turn|23\n|c| ERGB|muk may be bulky, but i don't see recovery lol\n|\n|t:|1700624996\n|move|p1a: Your father.|Roost|p1a: Your father.\n|-heal|p1a: Your father.|100\/100 psn\n|-singleturn|p1a: Your father.|move: Roost\n|move|p2a: Certified Eater|Knock Off|p1a: Your father.\n|-damage|p1a: Your father.|90\/100 psn\n|\n|-damage|p1a: Your father.|77\/100 psn|[from] psn\n|-damage|p2a: Certified Eater|0 fnt|[from] brn\n|faint|p2a: Certified Eater\n|upkeep\n|\n|t:|1700625002\n|switch|p2a: Mojo Jojo|Munkidori, M|95\/100 brn\n|turn|24\n|\n|t:|1700625004\n|switch|p1a: I'm your mom.|Blissey, F|100\/100\n|move|p2a: Mojo Jojo|Psychic|p1a: I'm your mom.\n|-damage|p1a: I'm your mom.|86\/100\n|-status|p1a: I'm your mom.|tox|[from] ability: Toxic Chain|[of] p2a: Mojo Jojo\n|\n|-damage|p1a: I'm your mom.|79\/100 tox|[from] psn\n|-damage|p2a: Mojo Jojo|89\/100 brn|[from] brn\n|upkeep\n|turn|25\n|\n|t:|1700625009\n|switch|p2a: Donphan-Therian|Great Tusk|100\/100\n|move|p1a: I'm your mom.|Stealth Rock|p2a: Donphan-Therian\n|-sidestart|p2: SDK04|move: Stealth Rock\n|\n|-damage|p1a: I'm your mom.|67\/100 tox|[from] psn\n|upkeep\n|turn|26\n|c| StormJet1613|no recover?...\n|c| yomaalt|see\n|c|\u2606knexhawk2|!learn muk-alola, recover\n|c| knexhawk2|\/raw <div class=\"infobox\">In [Gen 9] OU, Muk-Alola <span class=\"message-learn-cannotlearn\">can't<\/span> learn Recover<\/div>\n|\n|t:|1700625019\n|-end|p2a: Donphan-Therian|Protosynthesis|[silent]\n|switch|p2a: Mojo Jojo|Munkidori, M|89\/100 brn\n|-damage|p2a: Mojo Jojo|76\/100 brn|[from] Stealth Rock\n|-curestatus|p1a: I'm your mom.|tox|[from] ability: Natural Cure\n|switch|p1a: Your father.|Talonflame, M|77\/100 psn\n|\n|-damage|p1a: Your father.|65\/100 psn|[from] psn\n|-damage|p2a: Mojo Jojo|70\/100 brn|[from] brn\n|upkeep\n|turn|27\n|\n|t:|1700625024\n|switch|p1a: I'm your mom.|Blissey, F|67\/100\n|move|p2a: Mojo Jojo|Psychic|p1a: I'm your mom.\n|-damage|p1a: I'm your mom.|53\/100\n|-status|p1a: I'm your mom.|tox|[from] ability: Toxic Chain|[of] p2a: Mojo Jojo\n|\n|-damage|p1a: I'm your mom.|47\/100 tox|[from] psn\n|-damage|p2a: Mojo Jojo|64\/100 brn|[from] brn\n|upkeep\n|turn|28\n|\n|t:|1700625026\n|move|p2a: Mojo Jojo|Psychic|p1a: I'm your mom.\n|-damage|p1a: I'm your mom.|32\/100 tox\n|move|p1a: I'm your mom.|Soft-Boiled|p1a: I'm your mom.\n|-heal|p1a: I'm your mom.|82\/100 tox\n|\n|-damage|p1a: I'm your mom.|70\/100 tox|[from] psn\n|-damage|p2a: Mojo Jojo|58\/100 brn|[from] brn\n|upkeep\n|turn|29\n|\n|t:|1700625030\n|move|p2a: Mojo Jojo|Psychic|p1a: I'm your mom.\n|-damage|p1a: I'm your mom.|55\/100 tox\n|move|p1a: I'm your mom.|Soft-Boiled|p1a: I'm your mom.\n|-heal|p1a: I'm your mom.|100\/100 tox\n|\n|-damage|p1a: I'm your mom.|82\/100 tox|[from] psn\n|-damage|p2a: Mojo Jojo|52\/100 brn|[from] brn\n|upkeep\n|turn|30\n|\n|t:|1700625034\n|switch|p2a: Donphan-Therian|Great Tusk|100\/100\n|-damage|p2a: Donphan-Therian|97\/100|[from] Stealth Rock\n|move|p1a: I'm your mom.|Seismic Toss|p2a: Donphan-Therian\n|-damage|p2a: Donphan-Therian|74\/100\n|-damage|p1a: I'm your mom.|66\/100 tox|[from] item: Rocky Helmet|[of] p2a: Donphan-Therian\n|\n|-damage|p1a: I'm your mom.|41\/100 tox|[from] psn\n|upkeep\n|turn|31\n|\n|t:|1700625038\n|-curestatus|p1a: I'm your mom.|tox|[from] ability: Natural Cure\n|switch|p1a: Your father.|Talonflame, M|65\/100 psn\n|move|p2a: Donphan-Therian|High Horsepower|p1a: Your father.\n|-immune|p1a: Your father.\n|\n|-damage|p1a: Your father.|52\/100 psn|[from] psn\n|upkeep\n|turn|32\n|c| StormJet1613|ik\n|\n|t:|1700625042\n|move|p1a: Your father.|Flamethrower|p2a: Donphan-Therian\n|-damage|p2a: Donphan-Therian|41\/100\n|move|p2a: Donphan-Therian|Rapid Spin|p1a: Your father.\n|-damage|p1a: Your father.|40\/100 psn\n|-boost|p2a: Donphan-Therian|spe|1\n|-sideend|p2: SDK04|Stealth Rock|[from] move: Rapid Spin|[of] p2a: Donphan-Therian\n|\n|-damage|p1a: Your father.|28\/100 psn|[from] psn\n|upkeep\n|turn|33\n|c| yomaalt|Ok gang\n|c| StormJet1613|just joking around\n|\n|t:|1700625049\n|move|p2a: Donphan-Therian|Ice Spinner|p1a: Your father.\n|-damage|p1a: Your father.|6\/100 psn\n|-status|p2a: Donphan-Therian|brn|[from] ability: Flame Body|[of] p1a: Your father.\n|move|p1a: Your father.|Roost|p1a: Your father.\n|-heal|p1a: Your father.|56\/100 psn\n|-singleturn|p1a: Your father.|move: Roost\n|\n|-damage|p1a: Your father.|44\/100 psn|[from] psn\n|-damage|p2a: Donphan-Therian|35\/100 brn|[from] brn\n|upkeep\n|turn|34\n|c| yomaalt|reason 1 why we run lilligant hisu\n|c|\u2606knexhawk2|i love gambling\n|\n|t:|1700625056\n|move|p2a: Donphan-Therian|Stealth Rock|p1a: Your father.\n|-sidestart|p1: knexhawk2|move: Stealth Rock\n|move|p1a: Your father.|Roost|p1a: Your father.\n|-heal|p1a: Your father.|94\/100 psn\n|-singleturn|p1a: Your father.|move: Roost\n|\n|-damage|p1a: Your father.|81\/100 psn|[from] psn\n|-damage|p2a: Donphan-Therian|28\/100 brn|[from] brn\n|upkeep\n|turn|35\n|\n|t:|1700625061\n|switch|p1a: ur my lizard|Cyclizar, M|100\/100\n|move|p2a: Donphan-Therian|Ice Spinner|p1a: ur my lizard\n|-supereffective|p1a: ur my lizard\n|-damage|p1a: ur my lizard|71\/100\n|\n|-damage|p2a: Donphan-Therian|22\/100 brn|[from] brn\n|upkeep\n|turn|36\n|c| yomaalt|it beats 90% of knex's stalls ASSUMING you land\n|\n|t:|1700625065\n|move|p2a: Donphan-Therian|Ice Spinner|p1a: ur my lizard\n|-supereffective|p1a: ur my lizard\n|-damage|p1a: ur my lizard|37\/100\n|move|p1a: ur my lizard|Rapid Spin|p2a: Donphan-Therian\n|-damage|p2a: Donphan-Therian|15\/100 brn\n|-boost|p1a: ur my lizard|spe|1\n|-damage|p1a: ur my lizard|21\/100|[from] item: Rocky Helmet|[of] p2a: Donphan-Therian\n|-sideend|p1: knexhawk2|Stealth Rock|[from] move: Rapid Spin|[of] p1a: ur my lizard\n|\n|-damage|p2a: Donphan-Therian|8\/100 brn|[from] brn\n|upkeep\n|turn|37\n|c| StormJet1613|rng fest\n|c| yomaalt|the 10% is counter clodsire\n|c|\u2606knexhawk2|tflame is big\n|c|\u2606knexhawk2|or molt\n|c|\u2606knexhawk2|forces tera\n|\n|t:|1700625091\n|move|p1a: ur my lizard|Rapid Spin|p2a: Donphan-Therian\n|-damage|p2a: Donphan-Therian|1\/100 brn\n|-boost|p1a: ur my lizard|spe|1\n|-damage|p1a: ur my lizard|4\/100|[from] item: Rocky Helmet|[of] p2a: Donphan-Therian\n|move|p2a: Donphan-Therian|Stealth Rock|p1a: ur my lizard\n|-sidestart|p1: knexhawk2|move: Stealth Rock\n|\n|-damage|p2a: Donphan-Therian|0 fnt|[from] brn\n|faint|p2a: Donphan-Therian\n|-end|p2a: Donphan-Therian|Protosynthesis|[silent]\n|upkeep\n|c| yomaalt|forces tera but we take those\n|\n|t:|1700625100\n|switch|p2a: Navigator|Dragonite, F|100\/100\n|turn|38\n|l|+goldtodd1\n|\n|t:|1700625103\n|switch|p1a: I own you.|Wo-Chien, tera:Ghost|100\/100\n|-damage|p1a: I own you.|88\/100|[from] Stealth Rock\n|-ability|p1a: I own you.|Tablets of Ruin\n|move|p2a: Navigator|Ice Spinner|p1a: I own you.\n|-damage|p1a: I own you.|67\/100\n|\n|-heal|p1a: I own you.|73\/100|[from] item: Leftovers\n|upkeep\n|turn|39\n|\n|t:|1700625106\n|switch|p2a: Mojo Jojo|Munkidori, M|52\/100 brn\n|move|p1a: I own you.|Leech Seed|p2a: Mojo Jojo\n|-start|p2a: Mojo Jojo|move: Leech Seed\n|\n|-heal|p1a: I own you.|79\/100|[from] item: Leftovers\n|-damage|p2a: Mojo Jojo|40\/100 brn|[from] Leech Seed|[of] p1a: I own you.\n|-heal|p1a: I own you.|89\/100|[silent]\n|-damage|p2a: Mojo Jojo|34\/100 brn|[from] brn\n|upkeep\n|turn|40\n|c| yomaalt|trust\n|\n|t:|1700625111\n|switch|p1a: I'm your mom.|Blissey, F|41\/100\n|move|p2a: Mojo Jojo|U-turn|p1a: I'm your mom.\n|-damage|p1a: I'm your mom.|35\/100\n|-status|p1a: I'm your mom.|tox|[from] ability: Toxic Chain|[of] p2a: Mojo Jojo\n|\n|t:|1700625114\n|switch|p2a: HIM|Enamorus, F|100\/100|[from] U-turn\n|\n|-damage|p1a: I'm your mom.|29\/100 tox|[from] psn\n|upkeep\n|turn|41\n|\n|t:|1700625117\n|move|p2a: HIM|Moonblast|p1a: I'm your mom.\n|-damage|p1a: I'm your mom.|8\/100 tox\n|move|p1a: I'm your mom.|Soft-Boiled|p1a: I'm your mom.\n|-heal|p1a: I'm your mom.|58\/100 tox\n|\n|-damage|p1a: I'm your mom.|45\/100 tox|[from] psn\n|upkeep\n|turn|42\n|c| yomaalt|or you run the forbidden\n|\n|t:|1700625121\n|switch|p2a: Mojo Jojo|Munkidori, M|34\/100 brn\n|-curestatus|p1a: I'm your mom.|tox|[from] ability: Natural Cure\n|switch|p1a: you are my pet|Clodsire, M|100\/100\n|-damage|p1a: you are my pet|94\/100|[from] Stealth Rock\n|\n|-heal|p1a: you are my pet|100\/100|[from] item: Leftovers\n|-damage|p2a: Mojo Jojo|28\/100 brn|[from] brn\n|upkeep\n|turn|43\n|c| yomaalt|tera water lilligant\n|c| yomaalt|wait is tblast contact\n|\n|t:|1700625129\n|switch|p1a: ur my lizard|Cyclizar, M|37\/100\n|move|p2a: Mojo Jojo|Psychic|p1a: ur my lizard\n|-damage|p1a: ur my lizard|0 fnt\n|faint|p1a: ur my lizard\n|\n|-damage|p2a: Mojo Jojo|22\/100 brn|[from] brn\n|upkeep\n|\n|t:|1700625132\n|switch|p1a: I'm your mom.|Blissey, F|45\/100\n|turn|44\n|\n|t:|1700625137\n|move|p2a: Mojo Jojo|Psychic|p1a: I'm your mom.\n|-damage|p1a: I'm your mom.|31\/100\n|-unboost|p1a: I'm your mom.|spd|1\n|move|p1a: I'm your mom.|Soft-Boiled|p1a: I'm your mom.\n|-heal|p1a: I'm your mom.|81\/100\n|\n|-damage|p2a: Mojo Jojo|16\/100 brn|[from] brn\n|upkeep\n|turn|45\n|c|\u2606knexhawk2|no\n|c|\u2606knexhawk2|just run tera rock at that poimt\n|\n|t:|1700625144\n|move|p2a: Mojo Jojo|Psychic|p1a: I'm your mom.\n|-damage|p1a: I'm your mom.|59\/100\n|move|p1a: I'm your mom.|Soft-Boiled|p1a: I'm your mom.\n|-heal|p1a: I'm your mom.|100\/100\n|\n|-damage|p2a: Mojo Jojo|10\/100 brn|[from] brn\n|upkeep\n|turn|46\n|\n|t:|1700625147\n|move|p2a: Mojo Jojo|Psychic|p1a: I'm your mom.\n|-damage|p1a: I'm your mom.|80\/100\n|move|p1a: I'm your mom.|Stealth Rock|p2a: Mojo Jojo\n|-sidestart|p2: SDK04|move: Stealth Rock\n|\n|-damage|p2a: Mojo Jojo|4\/100 brn|[from] brn\n|upkeep\n|turn|47\n|\n|t:|1700625149\n|move|p2a: Mojo Jojo|Psychic|p1a: I'm your mom.\n|-damage|p1a: I'm your mom.|58\/100\n|move|p1a: I'm your mom.|Soft-Boiled|p1a: I'm your mom.\n|-heal|p1a: I'm your mom.|100\/100\n|\n|-damage|p2a: Mojo Jojo|0 fnt|[from] brn\n|faint|p2a: Mojo Jojo\n|upkeep\n|c| yomaalt|ok you best not let me catch you\n|\n|t:|1700625152\n|switch|p2a: Navigator|Dragonite, F|100\/100\n|-damage|p2a: Navigator|76\/100|[from] Stealth Rock\n|turn|48\n|j|+goldtodd1\n|\n|t:|1700625159\n|switch|p1a: Your father.|Talonflame, M|81\/100 psn\n|-damage|p1a: Your father.|31\/100 psn|[from] Stealth Rock\n|move|p2a: Navigator|Outrage|p1a: Your father.\n|-damage|p1a: Your father.|0 fnt\n|-status|p2a: Navigator|brn|[from] ability: Flame Body|[of] p1a: Your father.\n|faint|p1a: Your father.\n|\n|-damage|p2a: Navigator|69\/100 brn|[from] brn\n|upkeep\n|\n|t:|1700625161\n|switch|p1a: I own you.|Wo-Chien, tera:Ghost|89\/100\n|-damage|p1a: I own you.|77\/100|[from] Stealth Rock\n|-ability|p1a: I own you.|Tablets of Ruin\n|turn|49\n|\n|t:|1700625163\n|move|p2a: Navigator|Outrage|p1a: I own you.|[from]lockedmove\n|-damage|p1a: I own you.|52\/100\n|-start|p2a: Navigator|confusion|[fatigue]\n|move|p1a: I own you.|Leech Seed|p2a: Navigator\n|-start|p2a: Navigator|move: Leech Seed\n|\n|-heal|p1a: I own you.|58\/100|[from] item: Leftovers\n|-damage|p2a: Navigator|57\/100 brn|[from] Leech Seed|[of] p1a: I own you.\n|-heal|p1a: I own you.|69\/100|[silent]\n|-damage|p2a: Navigator|51\/100 brn|[from] brn\n|upkeep\n|turn|50\n|\n|t:|1700625167\n|switch|p2a: HIM|Enamorus, F|100\/100\n|-damage|p2a: HIM|76\/100|[from] Stealth Rock\n|move|p1a: I own you.|Knock Off|p2a: HIM\n|-resisted|p2a: HIM\n|-damage|p2a: HIM|53\/100\n|-enditem|p2a: HIM|Choice Specs|[from] move: Knock Off|[of] p1a: I own you.\n|\n|-heal|p1a: I own you.|76\/100|[from] item: Leftovers\n|upkeep\n|turn|51\n|\n|t:|1700625171\n|switch|p1a: I'm your mom.|Blissey, F|100\/100\n|move|p2a: HIM|Moonblast|p1a: I'm your mom.\n|-damage|p1a: I'm your mom.|86\/100\n|\n|upkeep\n|turn|52\n|\n|t:|1700625174\n|switch|p2a: Navigator|Dragonite, F|51\/100 brn\n|-damage|p2a: Navigator|26\/100 brn|[from] Stealth Rock\n|move|p1a: I'm your mom.|Seismic Toss|p2a: Navigator\n|-damage|p2a: Navigator|0 fnt\n|faint|p2a: Navigator\n|\n|upkeep\n|\n|t:|1700625175\n|switch|p2a: HIM|Enamorus, F|53\/100\n|-damage|p2a: HIM|28\/100|[from] Stealth Rock\n|turn|53\n|c|\u2606knexhawk2|i thought you would win\n|\n|t:|1700625180\n|move|p2a: HIM|Moonblast|p1a: I'm your mom.\n|-damage|p1a: I'm your mom.|70\/100\n|move|p1a: I'm your mom.|Seismic Toss|p2a: HIM\n|-damage|p2a: HIM|0 fnt\n|faint|p2a: HIM\n|\n|win|knexhawk2\n|n|\u2606knexhawk2|knexhawk2\n|n|\u2606SDK04|sdk04\n|n| ERGB|ergb\n|n| mcp3|mcp3\n|n| yomaalt|yomaalt\n|n| StormJet1613|stormjet1613\n|n|+goldtodd1|goldtodd1\n|c| StormJet1613|hmmmm, it's a 5v2\n|c| ERGB|\"i'd win\" lol gg stall\n|c|\u2606knexhawk2|ggs\n|c| StormJet1613|I wonder who will win\n|l| ERGB\n|c|\u2606knexhawk2|(me) (im him)\n|c|\u2606SDK04|I h\u00e2te stall\n|c|\u2606SDK04|gg\n|l| mcp3\n|c|\u2606SDK04|wp\n|c|\u2606knexhawk2|ty ty\n","uploadtime":1700625202,"views":0,"p1id":"knexhawk2","p2id":"sdk04","formatid":"gen9ou","rating":0,"private":0,"password":""}