{"id":"gen9ou-1996039263","p1":"mtails142","p2":"Gyan99","format":"[Gen 9] OU","log":"|j|\u2606mtails142\n|j|\u2606Gyan99\n|t:|1700633603\n|gametype|singles\n|player|p1|mtails142|170|1196\n|player|p2|Gyan99|265|1251\n|teamsize|p1|6\n|teamsize|p2|6\n|gen|9\n|tier|[Gen 9] OU\n|rated|\n|rule|Sleep Clause Mod: Limit one foe put to sleep\n|rule|Species Clause: Limit one of each Pok\u00e9mon\n|rule|OHKO Clause: OHKO moves are banned\n|rule|Evasion Items Clause: Evasion items are banned\n|rule|Evasion Moves Clause: Evasion moves are banned\n|rule|Endless Battle Clause: Forcing endless battles is banned\n|rule|HP Percentage Mod: HP is shown in percentages\n|clearpoke\n|poke|p1|Gholdengo|\n|poke|p1|Kingambit, F|\n|poke|p1|Samurott-Hisui, M|\n|poke|p1|Ninetales-Alola, M|\n|poke|p1|Ogerpon-Wellspring, F|\n|poke|p1|Ribombee, F|\n|poke|p2|Gallade, M|\n|poke|p2|Umbreon, F|\n|poke|p2|Toxapex, M|\n|poke|p2|Landorus-Therian, M|\n|poke|p2|Empoleon, F|\n|poke|p2|Weezing-Galar, M|\n|teampreview\n|\n|t:|1700633614\n|start\n|switch|p1a: Ribombee|Ribombee, F|100\/100\n|switch|p2a: Landorus|Landorus-Therian, M|100\/100\n|-ability|p2a: Landorus|Intimidate|boost\n|-unboost|p1a: Ribombee|atk|1\n|turn|1\n|\n|t:|1700633620\n|move|p1a: Ribombee|Sticky Web|p2a: Landorus\n|-sidestart|p2: Gyan99|move: Sticky Web\n|move|p2a: Landorus|Stealth Rock|p1a: Ribombee\n|-sidestart|p1: mtails142|move: Stealth Rock\n|\n|upkeep\n|turn|2\n|\n|t:|1700633626\n|move|p1a: Ribombee|Reflect|p1a: Ribombee\n|-sidestart|p1: mtails142|Reflect\n|move|p2a: Landorus|Smack Down|p1a: Ribombee\n|-supereffective|p1a: Ribombee\n|-damage|p1a: Ribombee|70\/100\n|\n|upkeep\n|turn|3\n|\n|t:|1700633632\n|move|p1a: Ribombee|Light Screen|p1a: Ribombee\n|-sidestart|p1: mtails142|move: Light Screen\n|move|p2a: Landorus|U-turn|p1a: Ribombee\n|-resisted|p1a: Ribombee\n|-crit|p1a: Ribombee\n|-damage|p1a: Ribombee|38\/100\n|\n|t:|1700633639\n|switch|p2a: Weezing|Weezing-Galar, M|100\/100|[from] U-turn\n|\n|upkeep\n|turn|4\n|\n|t:|1700633655\n|switch|p1a: Gholdengo|Gholdengo|100\/100\n|-damage|p1a: Gholdengo|94\/100|[from] Stealth Rock\n|move|p2a: Weezing|Defog|p1a: Gholdengo\n|-immune|p1a: Gholdengo|[from] ability: Good as Gold\n|\n|upkeep\n|turn|5\n|\n|t:|1700633668\n|switch|p2a: Empoleon|Empoleon, F|100\/100\n|-activate|p2a: Empoleon|move: Sticky Web\n|-unboost|p2a: Empoleon|spe|1\n|-ability|p2a: Empoleon|Competitive|boost\n|-boost|p2a: Empoleon|spa|2\n|move|p1a: Gholdengo|Make It Rain|p2a: Empoleon\n|-resisted|p2a: Empoleon\n|-crit|p2a: Empoleon\n|-damage|p2a: Empoleon|78\/100\n|-unboost|p1a: Gholdengo|spa|1\n|\n|-heal|p2a: Empoleon|84\/100|[from] item: Leftovers\n|upkeep\n|turn|6\n|\n|t:|1700633684\n|switch|p1a: Ogerpon|Ogerpon-Wellspring, F|100\/100\n|-damage|p1a: Ogerpon|88\/100|[from] Stealth Rock\n|move|p2a: Empoleon|Agility|p2a: Empoleon\n|-boost|p2a: Empoleon|spe|2\n|\n|-heal|p2a: Empoleon|91\/100|[from] item: Leftovers\n|-sideend|p1: mtails142|Reflect\n|upkeep\n|turn|7\n|\n|t:|1700633699\n|move|p1a: Ogerpon|Swords Dance|p1a: Ogerpon\n|-boost|p1a: Ogerpon|atk|2\n|move|p2a: Empoleon|Agility|p2a: Empoleon\n|-boost|p2a: Empoleon|spe|2\n|\n|-heal|p2a: Empoleon|97\/100|[from] item: Leftovers\n|-sideend|p1: mtails142|move: Light Screen\n|upkeep\n|turn|8\n|\n|t:|1700633709\n|move|p2a: Empoleon|Ice Beam|p1a: Ogerpon\n|-damage|p1a: Ogerpon|19\/100\n|move|p1a: Ogerpon|Trailblaze|p2a: Empoleon\n|-damage|p2a: Empoleon|37\/100\n|-boost|p1a: Ogerpon|spe|1\n|\n|-heal|p2a: Empoleon|43\/100|[from] item: Leftovers\n|upkeep\n|turn|9\n|\n|t:|1700633729\n|switch|p2a: Toxapex|Toxapex, M|100\/100\n|-activate|p2a: Toxapex|move: Sticky Web\n|-unboost|p2a: Toxapex|spe|1\n|move|p1a: Ogerpon|Horn Leech|p2a: Toxapex\n|-damage|p2a: Toxapex|51\/100\n|-heal|p1a: Ogerpon|44\/100|[from] drain|[of] p2a: Toxapex\n|\n|-heal|p2a: Toxapex|57\/100|[from] item: Leftovers\n|upkeep\n|turn|10\n|\n|t:|1700633741\n|move|p1a: Ogerpon|Swords Dance|p1a: Ogerpon\n|-boost|p1a: Ogerpon|atk|2\n|move|p2a: Toxapex|Haze|p2a: Toxapex\n|-clearallboost\n|\n|-heal|p2a: Toxapex|63\/100|[from] item: Leftovers\n|upkeep\n|turn|11\n|\n|t:|1700633754\n|switch|p1a: Gholdengo|Gholdengo|94\/100\n|-damage|p1a: Gholdengo|88\/100|[from] Stealth Rock\n|move|p2a: Toxapex|Toxic|p1a: Gholdengo\n|-immune|p1a: Gholdengo|[from] ability: Good as Gold\n|\n|-heal|p2a: Toxapex|70\/100|[from] item: Leftovers\n|upkeep\n|turn|12\n|\n|t:|1700633768\n|switch|p2a: Umbreon|Umbreon, F|100\/100\n|-activate|p2a: Umbreon|move: Sticky Web\n|-unboost|p2a: Umbreon|spe|1\n|move|p1a: Gholdengo|Nasty Plot|p1a: Gholdengo\n|-boost|p1a: Gholdengo|spa|2\n|\n|upkeep\n|turn|13\n|\n|t:|1700633775\n|move|p1a: Gholdengo|Focus Blast|p2a: Umbreon\n|-supereffective|p2a: Umbreon\n|-damage|p2a: Umbreon|15\/100\n|move|p2a: Umbreon|Foul Play|p1a: Gholdengo\n|-supereffective|p1a: Gholdengo\n|-damage|p1a: Gholdengo|56\/100\n|\n|-heal|p2a: Umbreon|21\/100|[from] item: Leftovers\n|upkeep\n|turn|14\n|\n|t:|1700633783\n|move|p2a: Umbreon|Protect|p2a: Umbreon\n|-singleturn|p2a: Umbreon|Protect\n|move|p1a: Gholdengo|Make It Rain|p2a: Umbreon\n|-activate|p2a: Umbreon|move: Protect\n|\n|-heal|p2a: Umbreon|27\/100|[from] item: Leftovers\n|upkeep\n|turn|15\n|\n|t:|1700633802\n|move|p1a: Gholdengo|Focus Blast|p2a: Umbreon|[miss]\n|-miss|p1a: Gholdengo|p2a: Umbreon\n|move|p2a: Umbreon|Wish|p2a: Umbreon\n|\n|-heal|p2a: Umbreon|33\/100|[from] item: Leftovers\n|upkeep\n|turn|16\n|\n|t:|1700633809\n|move|p2a: Umbreon|Protect|p2a: Umbreon\n|-singleturn|p2a: Umbreon|Protect\n|move|p1a: Gholdengo|Nasty Plot|p1a: Gholdengo\n|-boost|p1a: Gholdengo|spa|2\n|\n|-heal|p2a: Umbreon|83\/100|[from] move: Wish|[wisher] Umbreon\n|-heal|p2a: Umbreon|89\/100|[from] item: Leftovers\n|upkeep\n|turn|17\n|\n|t:|1700633820\n|switch|p2a: Weezing|Weezing-Galar, M|100\/100\n|move|p1a: Gholdengo|Make It Rain|p2a: Weezing\n|-supereffective|p2a: Weezing\n|-damage|p2a: Weezing|0 fnt\n|-unboost|p1a: Gholdengo|spa|1\n|faint|p2a: Weezing\n|\n|upkeep\n|\n|t:|1700633824\n|switch|p2a: Landorus|Landorus-Therian, M|100\/100\n|-ability|p2a: Landorus|Intimidate|boost\n|-unboost|p1a: Gholdengo|atk|1\n|turn|18\n|\n|t:|1700633835\n|switch|p1a: Ogerpon|Ogerpon-Wellspring, F|44\/100\n|-damage|p1a: Ogerpon|32\/100|[from] Stealth Rock\n|move|p2a: Landorus|Earthquake|p1a: Ogerpon\n|-resisted|p1a: Ogerpon\n|-damage|p1a: Ogerpon|0 fnt\n|faint|p1a: Ogerpon\n|\n|upkeep\n|\n|t:|1700633844\n|switch|p1a: Ninetales|Ninetales-Alola, M|100\/100\n|-damage|p1a: Ninetales|76\/100|[from] Stealth Rock\n|-weather|Snow|[from] ability: Snow Warning|[of] p1a: Ninetales\n|turn|19\n|\n|t:|1700633854\n|switch|p2a: Umbreon|Umbreon, F|89\/100\n|-activate|p2a: Umbreon|move: Sticky Web\n|-unboost|p2a: Umbreon|spe|1\n|move|p1a: Ninetales|Freeze-Dry|p2a: Umbreon\n|-damage|p2a: Umbreon|76\/100\n|\n|-weather|Snow|[upkeep]\n|-heal|p2a: Umbreon|82\/100|[from] item: Leftovers\n|upkeep\n|turn|20\n|\n|t:|1700633871\n|move|p1a: Ninetales|Aurora Veil|p1a: Ninetales\n|-sidestart|p1: mtails142|move: Aurora Veil\n|move|p2a: Umbreon|Wish|p2a: Umbreon\n|\n|-weather|Snow|[upkeep]\n|-heal|p2a: Umbreon|88\/100|[from] item: Leftovers\n|upkeep\n|turn|21\n|\n|t:|1700633884\n|switch|p1a: Samurott|Samurott-Hisui, M|100\/100\n|-damage|p1a: Samurott|88\/100|[from] Stealth Rock\n|switch|p2a: Empoleon|Empoleon, F|43\/100\n|-activate|p2a: Empoleon|move: Sticky Web\n|-unboost|p2a: Empoleon|spe|1\n|-ability|p2a: Empoleon|Competitive|boost\n|-boost|p2a: Empoleon|spa|2\n|\n|-weather|Snow|[upkeep]\n|-heal|p2a: Empoleon|96\/100|[from] move: Wish|[wisher] Umbreon\n|-heal|p2a: Empoleon|100\/100|[from] item: Leftovers\n|upkeep\n|turn|22\n|\n|t:|1700633898\n|switch|p2a: Toxapex|Toxapex, M|100\/100\n|-activate|p2a: Toxapex|move: Sticky Web\n|-unboost|p2a: Toxapex|spe|1\n|move|p1a: Samurott|Ceaseless Edge|p2a: Toxapex\n|-damage|p2a: Toxapex|75\/100\n|-sidestart|p2: Gyan99|Spikes\n|\n|-weather|Snow|[upkeep]\n|-heal|p2a: Toxapex|82\/100|[from] item: Leftovers\n|upkeep\n|turn|23\n|\n|t:|1700633917\n|switch|p1a: Gholdengo|Gholdengo|56\/100\n|-damage|p1a: Gholdengo|50\/100|[from] Stealth Rock\n|move|p2a: Toxapex|Toxic|p1a: Gholdengo\n|-immune|p1a: Gholdengo|[from] ability: Good as Gold\n|\n|-weather|none\n|-heal|p2a: Toxapex|88\/100|[from] item: Leftovers\n|upkeep\n|turn|24\n|\n|t:|1700633923\n|move|p1a: Gholdengo|Nasty Plot|p1a: Gholdengo\n|-boost|p1a: Gholdengo|spa|2\n|move|p2a: Toxapex|Infestation|p1a: Gholdengo\n|-resisted|p1a: Gholdengo\n|-damage|p1a: Gholdengo|50\/100\n|-activate|p1a: Gholdengo|move: Infestation|[of] p2a: Toxapex\n|\n|-heal|p2a: Toxapex|94\/100|[from] item: Leftovers\n|-damage|p1a: Gholdengo|37\/100|[from] move: Infestation|[partiallytrapped]\n|upkeep\n|turn|25\n|\n|t:|1700633929\n|move|p1a: Gholdengo|Shadow Ball|p2a: Toxapex\n|-damage|p2a: Toxapex|20\/100\n|move|p2a: Toxapex|Haze|p2a: Toxapex\n|-clearallboost\n|\n|-heal|p2a: Toxapex|26\/100|[from] item: Leftovers\n|-damage|p1a: Gholdengo|25\/100|[from] move: Infestation|[partiallytrapped]\n|upkeep\n|turn|26\n|\n|t:|1700633940\n|switch|p2a: Umbreon|Umbreon, F|88\/100\n|-activate|p2a: Umbreon|move: Sticky Web\n|-unboost|p2a: Umbreon|spe|1\n|-damage|p2a: Umbreon|76\/100|[from] Spikes\n|move|p1a: Gholdengo|Shadow Ball|p2a: Umbreon\n|-resisted|p2a: Umbreon\n|-damage|p2a: Umbreon|65\/100\n|\n|-heal|p2a: Umbreon|71\/100|[from] item: Leftovers\n|-end|p1a: Gholdengo|Infestation|[partiallytrapped]|[silent]\n|upkeep\n|turn|27\n|\n|t:|1700633951\n|switch|p1a: Samurott|Samurott-Hisui, M|88\/100\n|-damage|p1a: Samurott|76\/100|[from] Stealth Rock\n|move|p2a: Umbreon|Foul Play|p1a: Samurott\n|-resisted|p1a: Samurott\n|-damage|p1a: Samurott|63\/100\n|\n|-heal|p2a: Umbreon|77\/100|[from] item: Leftovers\n|-sideend|p1: mtails142|move: Aurora Veil\n|upkeep\n|turn|28\n|\n|t:|1700633957\n|move|p2a: Umbreon|Protect|p2a: Umbreon\n|-singleturn|p2a: Umbreon|Protect\n|move|p1a: Samurott|Ceaseless Edge|p2a: Umbreon\n|-activate|p2a: Umbreon|move: Protect\n|\n|-heal|p2a: Umbreon|83\/100|[from] item: Leftovers\n|upkeep\n|turn|29\n|\n|t:|1700633963\n|move|p1a: Samurott|Ceaseless Edge|p2a: Umbreon\n|-resisted|p2a: Umbreon\n|-damage|p2a: Umbreon|66\/100\n|-sidestart|p2: Gyan99|Spikes\n|move|p2a: Umbreon|Thunder Wave|p1a: Samurott\n|-status|p1a: Samurott|par\n|\n|-heal|p2a: Umbreon|72\/100|[from] item: Leftovers\n|upkeep\n|turn|30\n|\n|t:|1700633968\n|move|p2a: Umbreon|Protect|p2a: Umbreon\n|-singleturn|p2a: Umbreon|Protect\n|move|p1a: Samurott|Sacred Sword|p2a: Umbreon\n|-activate|p2a: Umbreon|move: Protect\n|\n|-heal|p2a: Umbreon|78\/100|[from] item: Leftovers\n|upkeep\n|turn|31\n|\n|t:|1700633971\n|cant|p1a: Samurott|par\n|move|p2a: Umbreon|Wish|p2a: Umbreon\n|\n|-heal|p2a: Umbreon|85\/100|[from] item: Leftovers\n|upkeep\n|turn|32\n|\n|t:|1700633975\n|switch|p2a: Gallade|Gallade, M, shiny|100\/100\n|-activate|p2a: Gallade|move: Sticky Web\n|-unboost|p2a: Gallade|spe|1\n|-damage|p2a: Gallade|84\/100|[from] Spikes\n|move|p1a: Samurott|Sacred Sword|p2a: Gallade\n|-resisted|p2a: Gallade\n|-damage|p2a: Gallade|46\/100\n|\n|-heal|p2a: Gallade|100\/100|[from] move: Wish|[wisher] Umbreon\n|upkeep\n|turn|33\n|\n|t:|1700633997\n|switch|p1a: Gholdengo|Gholdengo|25\/100\n|-damage|p1a: Gholdengo|19\/100|[from] Stealth Rock\n|move|p2a: Gallade|Leaf Blade|p1a: Gholdengo\n|-resisted|p1a: Gholdengo\n|-damage|p1a: Gholdengo|0 fnt\n|faint|p1a: Gholdengo\n|\n|upkeep\n|\n|t:|1700634009\n|switch|p1a: Ninetales|Ninetales-Alola, M|76\/100\n|-damage|p1a: Ninetales|51\/100|[from] Stealth Rock\n|-weather|Snow|[from] ability: Snow Warning|[of] p1a: Ninetales\n|turn|34\n|\n|t:|1700634018\n|switch|p2a: Empoleon|Empoleon, F|100\/100\n|-activate|p2a: Empoleon|move: Sticky Web\n|-unboost|p2a: Empoleon|spe|1\n|-ability|p2a: Empoleon|Competitive|boost\n|-boost|p2a: Empoleon|spa|2\n|-damage|p2a: Empoleon|84\/100|[from] Spikes\n|move|p1a: Ninetales|Aurora Veil|p1a: Ninetales\n|-sidestart|p1: mtails142|move: Aurora Veil\n|\n|-weather|Snow|[upkeep]\n|-heal|p2a: Empoleon|90\/100|[from] item: Leftovers\n|upkeep\n|turn|35\n|\n|t:|1700634036\n|switch|p1a: Ribombee|Ribombee, F|38\/100\n|-damage|p1a: Ribombee|14\/100|[from] Stealth Rock\n|move|p2a: Empoleon|Agility|p2a: Empoleon\n|-boost|p2a: Empoleon|spe|2\n|\n|-weather|Snow|[upkeep]\n|-heal|p2a: Empoleon|96\/100|[from] item: Leftovers\n|upkeep\n|turn|36\n|\n|t:|1700634045\n|move|p1a: Ribombee|Stun Spore|p2a: Empoleon\n|-status|p2a: Empoleon|par\n|move|p2a: Empoleon|Substitute|p2a: Empoleon\n|-start|p2a: Empoleon|Substitute\n|-damage|p2a: Empoleon|71\/100 par\n|\n|-weather|Snow|[upkeep]\n|-heal|p2a: Empoleon|77\/100 par|[from] item: Leftovers\n|upkeep\n|turn|37\n|\n|t:|1700634056\n|move|p1a: Ribombee|Reflect|p1a: Ribombee\n|-sidestart|p1: mtails142|Reflect\n|cant|p2a: Empoleon|par\n|\n|-weather|Snow|[upkeep]\n|-heal|p2a: Empoleon|84\/100 par|[from] item: Leftovers\n|upkeep\n|turn|38\n|\n|t:|1700634062\n|move|p1a: Ribombee|Light Screen|p1a: Ribombee\n|-sidestart|p1: mtails142|move: Light Screen\n|cant|p2a: Empoleon|par\n|\n|-weather|none\n|-heal|p2a: Empoleon|90\/100 par|[from] item: Leftovers\n|upkeep\n|turn|39\n|\n|t:|1700634068\n|switch|p1a: Samurott|Samurott-Hisui, M|63\/100 par\n|-damage|p1a: Samurott|50\/100 par|[from] Stealth Rock\n|cant|p2a: Empoleon|par\n|\n|-heal|p2a: Empoleon|96\/100 par|[from] item: Leftovers\n|upkeep\n|turn|40\n|\n|t:|1700634072\n|move|p1a: Samurott|Sacred Sword|p2a: Empoleon\n|-supereffective|p2a: Empoleon\n|-end|p2a: Empoleon|Substitute\n|cant|p2a: Empoleon|par\n|\n|-heal|p2a: Empoleon|100\/100 par|[from] item: Leftovers\n|upkeep\n|turn|41\n|\n|t:|1700634078\n|switch|p2a: Toxapex|Toxapex, M|59\/100\n|-activate|p2a: Toxapex|move: Sticky Web\n|-unboost|p2a: Toxapex|spe|1\n|-damage|p2a: Toxapex|43\/100|[from] Spikes\n|cant|p1a: Samurott|par\n|\n|-heal|p2a: Toxapex|49\/100|[from] item: Leftovers\n|-sideend|p1: mtails142|Reflect\n|-sideend|p1: mtails142|move: Aurora Veil\n|upkeep\n|turn|42\n|\n|t:|1700634087\n|move|p1a: Samurott|Ceaseless Edge|p2a: Toxapex|[miss]\n|-miss|p1a: Samurott|p2a: Toxapex\n|move|p2a: Toxapex|Toxic||[still]\n|-fail|p2a: Toxapex\n|\n|-heal|p2a: Toxapex|55\/100|[from] item: Leftovers\n|-sideend|p1: mtails142|move: Light Screen\n|upkeep\n|turn|43\n|\n|t:|1700634092\n|move|p1a: Samurott|Ceaseless Edge|p2a: Toxapex\n|-damage|p2a: Toxapex|31\/100\n|-sidestart|p2: Gyan99|Spikes\n|move|p2a: Toxapex|Infestation|p1a: Samurott\n|-supereffective|p1a: Samurott\n|-damage|p1a: Samurott|42\/100 par\n|-activate|p1a: Samurott|move: Infestation|[of] p2a: Toxapex\n|\n|-heal|p2a: Toxapex|37\/100|[from] item: Leftovers\n|-damage|p1a: Samurott|29\/100 par|[from] move: Infestation|[partiallytrapped]\n|upkeep\n|turn|44\n|\n|t:|1700634097\n|move|p1a: Samurott|Ceaseless Edge|p2a: Toxapex\n|-damage|p2a: Toxapex|12\/100\n|move|p2a: Toxapex|Recover|p2a: Toxapex\n|-heal|p2a: Toxapex|62\/100\n|\n|-heal|p2a: Toxapex|68\/100|[from] item: Leftovers\n|-damage|p1a: Samurott|17\/100 par|[from] move: Infestation|[partiallytrapped]\n|upkeep\n|turn|45\n|\n|t:|1700634103\n|move|p1a: Samurott|Ceaseless Edge|p2a: Toxapex\n|-damage|p2a: Toxapex|40\/100\n|move|p2a: Toxapex|Recover|p2a: Toxapex\n|-heal|p2a: Toxapex|90\/100\n|\n|-heal|p2a: Toxapex|97\/100|[from] item: Leftovers\n|-damage|p1a: Samurott|4\/100 par|[from] move: Infestation|[partiallytrapped]\n|upkeep\n|turn|46\n|\n|t:|1700634108\n|move|p1a: Samurott|Flip Turn|p2a: Toxapex\n|-resisted|p2a: Toxapex\n|-damage|p2a: Toxapex|88\/100\n|\n|t:|1700634112\n|switch|p1a: Ribombee|Ribombee, F|14\/100|[from] Flip Turn\n|-damage|p1a: Ribombee|0 fnt|[from] Stealth Rock\n|faint|p1a: Ribombee\n|move|p2a: Toxapex|Infestation|p1: Ribombee|[notarget]\n|-fail|p2a: Toxapex\n|\n|-heal|p2a: Toxapex|94\/100|[from] item: Leftovers\n|upkeep\n|\n|t:|1700634120\n|switch|p1a: Kingambit|Kingambit, F|100\/100\n|-damage|p1a: Kingambit|94\/100|[from] Stealth Rock\n|-activate|p1a: Kingambit|ability: Supreme Overlord\n|-start|p1a: Kingambit|fallen3|[silent]\n|turn|47\n|\n|t:|1700634155\n|move|p1a: Kingambit|Substitute|p1a: Kingambit\n|-start|p1a: Kingambit|Substitute\n|-damage|p1a: Kingambit|69\/100\n|move|p2a: Toxapex|Infestation|p1a: Kingambit\n|-activate|p1a: Kingambit|move: Substitute|[damage]\n|\n|-heal|p2a: Toxapex|99\/100|[from] item: Leftovers\n|upkeep\n|turn|48\n|\n|t:|1700634161\n|switch|p2a: Landorus|Landorus-Therian, M|100\/100\n|-ability|p2a: Landorus|Intimidate|boost\n|-immune|p1a: Kingambit\n|move|p1a: Kingambit|Swords Dance|p1a: Kingambit\n|-boost|p1a: Kingambit|atk|2\n|\n|upkeep\n|turn|49\n|\n|t:|1700634168\n|-terastallize|p1a: Kingambit|Flying\n|move|p2a: Landorus|Earthquake|p1a: Kingambit\n|-immune|p1a: Kingambit\n|move|p1a: Kingambit|Tera Blast|p2a: Landorus|[anim] Tera Blast Flying\n|-damage|p2a: Landorus|0 fnt\n|faint|p2a: Landorus\n|\n|upkeep\n|\n|t:|1700634186\n|switch|p2a: Empoleon|Empoleon, F|100\/100 par\n|-activate|p2a: Empoleon|move: Sticky Web\n|-unboost|p2a: Empoleon|spe|1\n|-ability|p2a: Empoleon|Competitive|boost\n|-boost|p2a: Empoleon|spa|2\n|-damage|p2a: Empoleon|75\/100 par|[from] Spikes\n|turn|50\n|\n|t:|1700634194\n|move|p1a: Kingambit|Tera Blast|p2a: Empoleon|[anim] Tera Blast Flying\n|-resisted|p2a: Empoleon\n|-damage|p2a: Empoleon|25\/100 par\n|cant|p2a: Empoleon|par\n|\n|-heal|p2a: Empoleon|31\/100 par|[from] item: Leftovers\n|upkeep\n|turn|51\n|-message|Gyan99 forfeited.\n|\n|win|mtails142\n|raw|mtails142's rating: 1196 &rarr; <strong>1225<\/strong><br \/>(+29 for winning)\n|raw|Gyan99's rating: 1251 &rarr; <strong>1222<\/strong><br \/>(-29 for losing)\n|l|\u2606Gyan99\n","uploadtime":1700634207,"views":1,"p1id":"mtails142","p2id":"gyan99","formatid":"gen9ou","rating":1222,"private":0,"password":""}