{"id":"gen9ou-1996065350","p1":"DogShed","p2":"Jamal129847","format":"[Gen 9] OU","log":"|j|\u2606DogShed\n|j|\u2606Jamal129847\n|t:|1700638265\n|gametype|singles\n|player|p1|DogShed|benga|1285\n|player|p2|Jamal129847|265|1188\n|teamsize|p1|6\n|teamsize|p2|6\n|gen|9\n|tier|[Gen 9] OU\n|rated|\n|rule|Sleep Clause Mod: Limit one foe put to sleep\n|rule|Species Clause: Limit one of each Pok\u00e9mon\n|rule|OHKO Clause: OHKO moves are banned\n|rule|Evasion Items Clause: Evasion items are banned\n|rule|Evasion Moves Clause: Evasion moves are banned\n|rule|Endless Battle Clause: Forcing endless battles is banned\n|rule|HP Percentage Mod: HP is shown in percentages\n|clearpoke\n|poke|p1|Magnezone|\n|poke|p1|Alomomola, M|\n|poke|p1|Iron Valiant|\n|poke|p1|Maushold|\n|poke|p1|Dragonite, F|\n|poke|p1|Gholdengo|\n|poke|p2|Ogerpon-Cornerstone, F|\n|poke|p2|Iron Moth|\n|poke|p2|Iron Valiant|\n|poke|p2|Dragonite, M|\n|poke|p2|Greninja-*, M|\n|poke|p2|Great Tusk|\n|teampreview\n|inactive|Battle timer is ON: inactive players will automatically lose when time's up. (requested by Jamal129847)\n|\n|t:|1700638280\n|start\n|switch|p1a: Magnezone|Magnezone|100\/100\n|switch|p2a: Great Tusk|Great Tusk|100\/100\n|turn|1\n|\n|t:|1700638289\n|switch|p1a: Dragonite|Dragonite, F|100\/100\n|move|p2a: Great Tusk|Stealth Rock|p1a: Dragonite\n|-sidestart|p1: DogShed|move: Stealth Rock\n|\n|upkeep\n|turn|2\n|\n|t:|1700638305\n|move|p2a: Great Tusk|Knock Off|p1a: Dragonite\n|-damage|p1a: Dragonite|88\/100\n|-enditem|p1a: Dragonite|Heavy-Duty Boots|[from] move: Knock Off|[of] p2a: Great Tusk\n|move|p1a: Dragonite|Dragon Dance|p1a: Dragonite\n|-boost|p1a: Dragonite|atk|1\n|-boost|p1a: Dragonite|spe|1\n|\n|upkeep\n|turn|3\n|\n|t:|1700638315\n|-end|p2a: Great Tusk|Protosynthesis|[silent]\n|switch|p2a: Iron Valiant|Iron Valiant|100\/100\n|move|p1a: Dragonite|Roost|p1a: Dragonite\n|-heal|p1a: Dragonite|100\/100\n|-singleturn|p1a: Dragonite|move: Roost\n|\n|upkeep\n|turn|4\n|\n|t:|1700638322\n|move|p1a: Dragonite|Extreme Speed|p2a: Iron Valiant\n|-damage|p2a: Iron Valiant|48\/100\n|move|p2a: Iron Valiant|Moonblast|p1a: Dragonite\n|-supereffective|p1a: Dragonite\n|-crit|p1a: Dragonite\n|-damage|p1a: Dragonite|1\/100\n|\n|upkeep\n|turn|5\n|\n|t:|1700638335\n|move|p1a: Dragonite|Extreme Speed|p2a: Iron Valiant\n|-damage|p2a: Iron Valiant|0 fnt\n|faint|p2a: Iron Valiant\n|-end|p2a: Iron Valiant|Quark Drive|[silent]\n|\n|upkeep\n|\n|t:|1700638339\n|switch|p2a: Greninja|Greninja, M|100\/100\n|turn|6\n|\n|t:|1700638348\n|switch|p1a: Alomomola|Alomomola, M|100\/100\n|-damage|p1a: Alomomola|88\/100|[from] Stealth Rock\n|move|p2a: Greninja|Water Shuriken|p1a: Alomomola\n|-resisted|p1a: Alomomola\n|-damage|p1a: Alomomola|84\/100\n|-resisted|p1a: Alomomola\n|-damage|p1a: Alomomola|80\/100\n|-hitcount|p1a: Alomomola|2\n|-enditem|p1a: Alomomola|Red Card|[of] p2a: Greninja\n|drag|p2a: Great Tusk|Great Tusk|100\/100\n|\n|upkeep\n|turn|7\n|\n|t:|1700638372\n|move|p2a: Great Tusk|Knock Off|p1a: Alomomola\n|-damage|p1a: Alomomola|67\/100\n|move|p1a: Alomomola|Scald|p2a: Great Tusk\n|-supereffective|p2a: Great Tusk\n|-damage|p2a: Great Tusk|68\/100\n|\n|-heal|p2a: Great Tusk|74\/100|[from] item: Leftovers\n|upkeep\n|turn|8\n|\n|t:|1700638386\n|-end|p2a: Great Tusk|Protosynthesis|[silent]\n|switch|p2a: Greninja|Greninja, M|100\/100\n|move|p1a: Alomomola|Scald|p2a: Greninja\n|-resisted|p2a: Greninja\n|-damage|p2a: Greninja|90\/100\n|\n|upkeep\n|turn|9\n|\n|t:|1700638394\n|move|p2a: Greninja|Dark Pulse|p1a: Alomomola\n|-damage|p1a: Alomomola|24\/100\n|-damage|p2a: Greninja|80\/100|[from] item: Life Orb\n|move|p1a: Alomomola|Flip Turn|p2a: Greninja\n|-resisted|p2a: Greninja\n|-damage|p2a: Greninja|66\/100\n|\n|t:|1700638403\n|switch|p1a: Magnezone|Magnezone|100\/100|[from] Flip Turn\n|-damage|p1a: Magnezone|94\/100|[from] Stealth Rock\n|\n|upkeep\n|turn|10\n|\n|t:|1700638421\n|switch|p2a: Great Tusk|Great Tusk|74\/100\n|move|p1a: Magnezone|Flash Cannon|p2a: Great Tusk\n|-damage|p2a: Great Tusk|14\/100\n|\n|-heal|p2a: Great Tusk|21\/100|[from] item: Leftovers\n|upkeep\n|turn|11\n|\n|t:|1700638431\n|move|p2a: Great Tusk|Knock Off|p1a: Magnezone\n|-damage|p1a: Magnezone|71\/100\n|-enditem|p1a: Magnezone|Assault Vest|[from] move: Knock Off|[of] p2a: Great Tusk\n|move|p1a: Magnezone|Flash Cannon|p2a: Great Tusk\n|-damage|p2a: Great Tusk|0 fnt\n|faint|p2a: Great Tusk\n|-end|p2a: Great Tusk|Protosynthesis|[silent]\n|\n|upkeep\n|\n|t:|1700638435\n|switch|p2a: Iron Moth|Iron Moth|100\/100\n|turn|12\n|\n|t:|1700638443\n|-terastallize|p1a: Magnezone|Ground\n|move|p2a: Iron Moth|Fiery Dance|p1a: Magnezone\n|-damage|p1a: Magnezone|25\/100\n|-boost|p2a: Iron Moth|spa|1\n|move|p1a: Magnezone|Tera Blast|p2a: Iron Moth|[anim] Tera Blast Ground\n|-supereffective|p2a: Iron Moth\n|-damage|p2a: Iron Moth|0 fnt\n|faint|p2a: Iron Moth\n|-end|p2a: Iron Moth|Quark Drive|[silent]\n|\n|upkeep\n|\n|t:|1700638455\n|switch|p2a: Dragonite|Dragonite, M|100\/100\n|turn|13\n|\n|t:|1700638468\n|move|p2a: Dragonite|Extreme Speed|p1a: Magnezone\n|-damage|p1a: Magnezone|4\/100\n|move|p1a: Magnezone|Volt Switch|p2a: Dragonite\n|-damage|p2a: Dragonite|86\/100\n|\n|t:|1700638474\n|switch|p1a: Iron Valiant|Iron Valiant|100\/100|[from] Volt Switch\n|-damage|p1a: Iron Valiant|94\/100|[from] Stealth Rock\n|-enditem|p1a: Iron Valiant|Booster Energy\n|-activate|p1a: Iron Valiant|ability: Quark Drive|[fromitem]\n|-start|p1a: Iron Valiant|quarkdrivespe\n|\n|-heal|p2a: Dragonite|92\/100|[from] item: Leftovers\n|upkeep\n|turn|14\n|\n|t:|1700638485\n|move|p2a: Dragonite|Extreme Speed|p1a: Iron Valiant\n|-damage|p1a: Iron Valiant|62\/100\n|move|p1a: Iron Valiant|Moonblast|p2a: Dragonite\n|-supereffective|p2a: Dragonite\n|-damage|p2a: Dragonite|28\/100\n|\n|-heal|p2a: Dragonite|34\/100|[from] item: Leftovers\n|upkeep\n|turn|15\n|\n|t:|1700638500\n|move|p2a: Dragonite|Extreme Speed|p1a: Iron Valiant\n|-damage|p1a: Iron Valiant|34\/100\n|move|p1a: Iron Valiant|Moonblast|p2a: Dragonite\n|-supereffective|p2a: Dragonite\n|-damage|p2a: Dragonite|0 fnt\n|faint|p2a: Dragonite\n|\n|upkeep\n|\n|t:|1700638513\n|switch|p2a: Greninja|Greninja, M|66\/100\n|turn|16\n|\n|t:|1700638519\n|-terastallize|p2a: Greninja|Water\n|move|p2a: Greninja|Water Shuriken|p1a: Iron Valiant\n|-damage|p1a: Iron Valiant|12\/100\n|-damage|p1a: Iron Valiant|0 fnt\n|faint|p1a: Iron Valiant\n|-end|p1a: Iron Valiant|Quark Drive|[silent]\n|-ability|p2a: Greninja|Battle Bond|boost\n|-boost|p2a: Greninja|atk|1\n|-boost|p2a: Greninja|spa|1\n|-boost|p2a: Greninja|spe|1\n|-activate|p2a: Greninja|ability: Battle Bond\n|-hitcount|p1: Iron Valiant|2\n|-damage|p2a: Greninja|56\/100|[from] item: Life Orb\n|\n|upkeep\n|\n|t:|1700638538\n|switch|p1a: Maushold|Maushold|100\/100\n|-damage|p1a: Maushold|88\/100|[from] Stealth Rock\n|turn|17\n|\n|t:|1700638544\n|move|p2a: Greninja|Water Shuriken|p1a: Maushold\n|-damage|p1a: Maushold|62\/100\n|-damage|p1a: Maushold|34\/100\n|-hitcount|p1a: Maushold|2\n|-damage|p2a: Greninja|46\/100|[from] item: Life Orb\n|move|p1a: Maushold|Population Bomb|p2a: Greninja\n|-damage|p2a: Greninja|29\/100\n|-damage|p2a: Greninja|12\/100\n|-damage|p2a: Greninja|0 fnt\n|faint|p2a: Greninja\n|-hitcount|p2: Greninja|3\n|\n|upkeep\n|\n|t:|1700638553\n|switch|p2a: Ogerpon|Ogerpon-Cornerstone, F|100\/100\n|turn|18\n|\n|t:|1700638561\n|move|p1a: Maushold|Tidy Up|p1a: Maushold\n|-sideend|p1: DogShed|Stealth Rock\n|-activate|p1a: Maushold|move: Tidy Up\n|-boost|p1a: Maushold|atk|1\n|-boost|p1a: Maushold|spe|1\n|move|p2a: Ogerpon|Swords Dance|p2a: Ogerpon\n|-boost|p2a: Ogerpon|atk|2\n|\n|upkeep\n|turn|19\n|\n|t:|1700638573\n|move|p1a: Maushold|Population Bomb|p2a: Ogerpon\n|-resisted|p2a: Ogerpon\n|-damage|p2a: Ogerpon|90\/100\n|-resisted|p2a: Ogerpon\n|-damage|p2a: Ogerpon|80\/100\n|-resisted|p2a: Ogerpon\n|-damage|p2a: Ogerpon|70\/100\n|-resisted|p2a: Ogerpon\n|-damage|p2a: Ogerpon|59\/100\n|-resisted|p2a: Ogerpon\n|-damage|p2a: Ogerpon|48\/100\n|-resisted|p2a: Ogerpon\n|-damage|p2a: Ogerpon|37\/100\n|-resisted|p2a: Ogerpon\n|-damage|p2a: Ogerpon|27\/100\n|-resisted|p2a: Ogerpon\n|-damage|p2a: Ogerpon|17\/100\n|-resisted|p2a: Ogerpon\n|-damage|p2a: Ogerpon|8\/100\n|-resisted|p2a: Ogerpon\n|-damage|p2a: Ogerpon|0 fnt\n|faint|p2a: Ogerpon\n|-hitcount|p2: Ogerpon|10\n|\n|win|DogShed\n|raw|DogShed's rating: 1285 &rarr; <strong>1303<\/strong><br \/>(+18 for winning)\n|raw|Jamal129847's rating: 1188 &rarr; <strong>1170<\/strong><br \/>(-18 for losing)\n|l|\u2606Jamal129847\n","uploadtime":1700638597,"views":5,"p1id":"dogshed","p2id":"jamal129847","formatid":"gen9ou","rating":1170,"private":0,"password":""}