{"id":"gen9ou-1989107607","p1":"Aggron","p2":"OUFC Zam","format":"[Gen 9] OU","log":"|j|\u2606Aggron\n|j|\u2606OUFC Zam\n|t:|1699813006\n|gametype|singles\n|player|p1|Aggron|pokefan-gen4|1737\n|player|p2|OUFC Zam|palmer|1953\n|teamsize|p1|6\n|teamsize|p2|6\n|gen|9\n|tier|[Gen 9] OU\n|rated|\n|rule|Sleep Clause Mod: Limit one foe put to sleep\n|rule|Species Clause: Limit one of each Pok\u00e9mon\n|rule|OHKO Clause: OHKO moves are banned\n|rule|Evasion Items Clause: Evasion items are banned\n|rule|Evasion Moves Clause: Evasion moves are banned\n|rule|Endless Battle Clause: Forcing endless battles is banned\n|rule|HP Percentage Mod: HP is shown in percentages\n|clearpoke\n|poke|p1|Sinistcha-Masterpiece|\n|poke|p1|Tyranitar, F|\n|poke|p1|Heatran, F|\n|poke|p1|Rillaboom, F|\n|poke|p1|Sneasler, F|\n|poke|p1|Samurott-Hisui, F|\n|poke|p2|Zamazenta-*|\n|poke|p2|Ting-Lu|\n|poke|p2|Moltres|\n|poke|p2|Gholdengo|\n|poke|p2|Clefable, F|\n|poke|p2|Ogerpon-Wellspring, F|\n|teampreview\n|inactive|Battle timer is ON: inactive players will automatically lose when time's up. (requested by OUFC Zam)\n|inactive|Aggron also wants the timer to be on.\n|\n|t:|1699813026\n|start\n|switch|p1a: Sneasler|Sneasler, F|100\/100\n|switch|p2a: Ogerpon|Ogerpon-Wellspring, F|100\/100\n|turn|1\n|j| CutePokesOnly\n|\n|t:|1699813039\n|switch|p2a: Moltres|Moltres|100\/100\n|move|p1a: Sneasler|U-turn|p2a: Moltres\n|-resisted|p2a: Moltres\n|-damage|p2a: Moltres|97\/100\n|-status|p2a: Moltres|psn|[from] ability: Poison Touch|[of] p1a: Sneasler\n|\n|t:|1699813045\n|switch|p1a: Tyranitar|Tyranitar, F|100\/100|[from] U-turn\n|-weather|Sandstorm|[from] ability: Sand Stream|[of] p1a: Tyranitar\n|\n|-weather|Sandstorm|[upkeep]\n|-damage|p2a: Moltres|91\/100 psn|[from] Sandstorm\n|-damage|p2a: Moltres|78\/100 psn|[from] psn\n|upkeep\n|turn|2\n|\n|t:|1699813052\n|switch|p2a: Ting-Lu|Ting-Lu|100\/100\n|-ability|p2a: Ting-Lu|Vessel of Ruin\n|move|p1a: Tyranitar|Knock Off|p2a: Ting-Lu\n|-resisted|p2a: Ting-Lu\n|-damage|p2a: Ting-Lu|87\/100\n|-enditem|p2a: Ting-Lu|Leftovers|[from] move: Knock Off|[of] p1a: Tyranitar\n|\n|-weather|Sandstorm|[upkeep]\n|upkeep\n|turn|3\n|\n|t:|1699813065\n|switch|p1a: Rillaboom|Rillaboom, F|100\/100\n|-fieldstart|move: Grassy Terrain|[from] ability: Grassy Surge|[of] p1a: Rillaboom\n|move|p2a: Ting-Lu|Spikes|p1a: Rillaboom\n|-sidestart|p1: Aggron|Spikes\n|\n|-weather|Sandstorm|[upkeep]\n|-damage|p1a: Rillaboom|94\/100|[from] Sandstorm\n|-heal|p1a: Rillaboom|100\/100|[from] Grassy Terrain\n|-heal|p2a: Ting-Lu|93\/100|[from] Grassy Terrain\n|upkeep\n|turn|4\n|\n|t:|1699813073\n|switch|p2a: Moltres|Moltres|78\/100 psn\n|move|p1a: Rillaboom|Knock Off|p2a: Moltres\n|-damage|p2a: Moltres|43\/100 psn\n|-enditem|p2a: Moltres|Heavy-Duty Boots|[from] move: Knock Off|[of] p1a: Rillaboom\n|\n|-weather|Sandstorm|[upkeep]\n|-damage|p1a: Rillaboom|94\/100|[from] Sandstorm\n|-damage|p2a: Moltres|37\/100 psn|[from] Sandstorm\n|-heal|p1a: Rillaboom|100\/100|[from] Grassy Terrain\n|-damage|p2a: Moltres|25\/100 psn|[from] psn\n|upkeep\n|turn|5\n|\n|t:|1699813082\n|switch|p1a: Heatran|Heatran, F|100\/100\n|-item|p1a: Heatran|Air Balloon\n|move|p2a: Moltres|U-turn|p1a: Heatran\n|-resisted|p1a: Heatran\n|-damage|p1a: Heatran|97\/100\n|-enditem|p1a: Heatran|Air Balloon\n|\n|t:|1699813091\n|switch|p2a: Ogerpon|Ogerpon-Wellspring, F|100\/100|[from] U-turn\n|\n|-weather|none\n|-heal|p1a: Heatran|100\/100|[from] Grassy Terrain\n|upkeep\n|turn|6\n|\n|t:|1699813101\n|-terastallize|p1a: Heatran|Grass\n|move|p2a: Ogerpon|Ivy Cudgel|p1a: Heatran\n|-resisted|p1a: Heatran\n|-damage|p1a: Heatran|70\/100\n|move|p1a: Heatran|Stealth Rock|p2a: Ogerpon\n|-sidestart|p2: OUFC Zam|move: Stealth Rock\n|\n|-heal|p1a: Heatran|77\/100|[from] Grassy Terrain\n|upkeep\n|turn|7\n|\n|t:|1699813117\n|switch|p1a: Sneasler|Sneasler, F|100\/100\n|-damage|p1a: Sneasler|88\/100|[from] Spikes\n|move|p2a: Ogerpon|Encore||[still]\n|-fail|p2a: Ogerpon\n|\n|-heal|p1a: Sneasler|94\/100|[from] Grassy Terrain\n|-fieldend|move: Grassy Terrain\n|upkeep\n|turn|8\n|\n|t:|1699813128\n|switch|p2a: Gholdengo|Gholdengo|100\/100\n|-damage|p2a: Gholdengo|94\/100|[from] Stealth Rock\n|move|p1a: Sneasler|U-turn|p2a: Gholdengo\n|-resisted|p2a: Gholdengo\n|-damage|p2a: Gholdengo|88\/100\n|\n|t:|1699813135\n|switch|p1a: Samurott|Samurott-Hisui, F|100\/100|[from] U-turn\n|\n|upkeep\n|turn|9\n|\n|t:|1699813139\n|switch|p2a: Moltres|Moltres|25\/100 psn\n|-damage|p2a: Moltres|0 fnt|[from] Stealth Rock\n|faint|p2a: Moltres\n|move|p1a: Samurott|Ceaseless Edge|p2: Moltres|[notarget]\n|-fail|p1a: Samurott\n|\n|upkeep\n|\n|t:|1699813163\n|switch|p2a: Ogerpon|Ogerpon-Wellspring, F|100\/100\n|-damage|p2a: Ogerpon|88\/100|[from] Stealth Rock\n|turn|10\n|\n|t:|1699813170\n|switch|p1a: Sinistcha|Sinistcha-Masterpiece|100\/100\n|move|p2a: Ogerpon|Horn Leech|p1a: Sinistcha\n|-resisted|p1a: Sinistcha\n|-damage|p1a: Sinistcha|85\/100\n|-heal|p2a: Ogerpon|97\/100|[from] drain|[of] p1a: Sinistcha\n|\n|upkeep\n|turn|11\n|\n|t:|1699813190\n|switch|p2a: Clefable|Clefable, F|100\/100\n|move|p1a: Sinistcha|Matcha Gotcha|p2a: Clefable\n|-crit|p2a: Clefable\n|-damage|p2a: Clefable|56\/100\n|-heal|p1a: Sinistcha|100\/100|[from] drain|[of] p2a: Clefable\n|\n|-heal|p2a: Clefable|62\/100|[from] item: Leftovers\n|upkeep\n|turn|12\n|\n|t:|1699813210\n|move|p1a: Sinistcha|Nasty Plot|p1a: Sinistcha\n|-boost|p1a: Sinistcha|spa|2\n|move|p2a: Clefable|Stealth Rock|p1a: Sinistcha\n|-sidestart|p1: Aggron|move: Stealth Rock\n|\n|-heal|p2a: Clefable|68\/100|[from] item: Leftovers\n|upkeep\n|turn|13\n|\n|t:|1699813224\n|move|p1a: Sinistcha|Matcha Gotcha|p2a: Clefable\n|-damage|p2a: Clefable|6\/100\n|move|p2a: Clefable|Knock Off|p1a: Sinistcha\n|-supereffective|p1a: Sinistcha\n|-damage|p1a: Sinistcha|79\/100\n|-enditem|p1a: Sinistcha|Heavy-Duty Boots|[from] move: Knock Off|[of] p2a: Clefable\n|\n|-heal|p2a: Clefable|12\/100|[from] item: Leftovers\n|upkeep\n|turn|14\n|\n|t:|1699813230\n|move|p1a: Sinistcha|Hex|p2a: Clefable\n|-damage|p2a: Clefable|0 fnt\n|faint|p2a: Clefable\n|\n|upkeep\n|\n|t:|1699813233\n|switch|p2a: Gholdengo|Gholdengo|88\/100\n|-damage|p2a: Gholdengo|82\/100|[from] Stealth Rock\n|turn|15\n|\n|t:|1699813242\n|switch|p1a: Tyranitar|Tyranitar, F|100\/100\n|-weather|Sandstorm|[from] ability: Sand Stream|[of] p1a: Tyranitar\n|move|p2a: Gholdengo|Make It Rain|p1a: Tyranitar\n|-supereffective|p1a: Tyranitar\n|-damage|p1a: Tyranitar|0 fnt\n|-unboost|p2a: Gholdengo|spa|1\n|faint|p1a: Tyranitar\n|\n|-weather|Sandstorm|[upkeep]\n|upkeep\n|\n|t:|1699813246\n|switch|p1a: Samurott|Samurott-Hisui, F|100\/100\n|turn|16\n|\n|t:|1699813254\n|switch|p2a: Zamazenta|Zamazenta|100\/100\n|-ability|p2a: Zamazenta|Dauntless Shield|boost\n|-boost|p2a: Zamazenta|def|1\n|move|p1a: Samurott|Ceaseless Edge|p2a: Zamazenta\n|-resisted|p2a: Zamazenta\n|-damage|p2a: Zamazenta|86\/100\n|-sidestart|p2: OUFC Zam|Spikes\n|\n|-weather|Sandstorm|[upkeep]\n|-damage|p2a: Zamazenta|80\/100|[from] Sandstorm\n|-damage|p1a: Samurott|94\/100|[from] Sandstorm\n|upkeep\n|turn|17\n|\n|t:|1699813265\n|move|p2a: Zamazenta|Crunch|p1a: Samurott\n|-resisted|p1a: Samurott\n|-damage|p1a: Samurott|77\/100\n|move|p1a: Samurott|Encore|p2a: Zamazenta\n|-start|p2a: Zamazenta|Encore\n|\n|-weather|Sandstorm|[upkeep]\n|-damage|p2a: Zamazenta|74\/100|[from] Sandstorm\n|-damage|p1a: Samurott|71\/100|[from] Sandstorm\n|upkeep\n|turn|18\n|\n|t:|1699813276\n|switch|p2a: Ting-Lu|Ting-Lu|93\/100\n|-damage|p2a: Ting-Lu|87\/100|[from] Stealth Rock\n|-damage|p2a: Ting-Lu|75\/100|[from] Spikes\n|-ability|p2a: Ting-Lu|Vessel of Ruin\n|switch|p1a: Sneasler|Sneasler, F|94\/100\n|-damage|p1a: Sneasler|82\/100|[from] Spikes\n|-damage|p1a: Sneasler|76\/100|[from] Stealth Rock\n|\n|-weather|Sandstorm|[upkeep]\n|-damage|p1a: Sneasler|70\/100|[from] Sandstorm\n|upkeep\n|turn|19\n|\n|t:|1699813301\n|-terastallize|p2a: Ting-Lu|Poison\n|move|p1a: Sneasler|U-turn|p2a: Ting-Lu\n|-resisted|p2a: Ting-Lu\n|-damage|p2a: Ting-Lu|68\/100\n|j| Rextestear\n|\n|t:|1699813305\n|switch|p1a: Heatran|Heatran, F, tera:Grass|77\/100|[from] U-turn\n|-damage|p1a: Heatran|64\/100|[from] Spikes\n|-damage|p1a: Heatran|52\/100|[from] Stealth Rock\n|move|p2a: Ting-Lu|Earthquake|p1a: Heatran\n|-resisted|p1a: Heatran\n|-damage|p1a: Heatran|32\/100\n|\n|-weather|none\n|upkeep\n|turn|20\n|\n|t:|1699813322\n|move|p1a: Heatran|Taunt|p2a: Ting-Lu\n|-start|p2a: Ting-Lu|move: Taunt\n|cant|p2a: Ting-Lu|move: Taunt|Whirlwind\n|\n|upkeep\n|turn|21\n|\n|t:|1699813326\n|switch|p2a: Ogerpon|Ogerpon-Wellspring, F|97\/100\n|-damage|p2a: Ogerpon|85\/100|[from] Stealth Rock\n|-damage|p2a: Ogerpon|72\/100|[from] Spikes\n|move|p1a: Heatran|Earth Power|p2a: Ogerpon\n|-resisted|p2a: Ogerpon\n|-damage|p2a: Ogerpon|55\/100\n|\n|upkeep\n|turn|22\n|\n|t:|1699813337\n|move|p2a: Ogerpon|U-turn|p1a: Heatran\n|-supereffective|p1a: Heatran\n|-damage|p1a: Heatran|0 fnt\n|faint|p1a: Heatran\n|\n|t:|1699813344\n|switch|p2a: Zamazenta|Zamazenta|74\/100|[from] U-turn\n|\n|upkeep\n|\n|t:|1699813358\n|switch|p1a: Sinistcha|Sinistcha-Masterpiece|79\/100\n|-damage|p1a: Sinistcha|67\/100|[from] Spikes\n|-damage|p1a: Sinistcha|54\/100|[from] Stealth Rock\n|turn|23\n|j| rykera\n|\n|t:|1699813384\n|switch|p2a: Gholdengo|Gholdengo|82\/100\n|-damage|p2a: Gholdengo|76\/100|[from] Stealth Rock\n|-damage|p2a: Gholdengo|63\/100|[from] Spikes\n|move|p1a: Sinistcha|Matcha Gotcha|p2a: Gholdengo\n|-resisted|p2a: Gholdengo\n|-damage|p2a: Gholdengo|43\/100\n|-heal|p1a: Sinistcha|64\/100|[from] drain|[of] p2a: Gholdengo\n|-status|p2a: Gholdengo|brn\n|\n|-damage|p2a: Gholdengo|37\/100 brn|[from] brn\n|upkeep\n|turn|24\n|\n|t:|1699813396\n|switch|p1a: Samurott|Samurott-Hisui, F|71\/100\n|move|p2a: Gholdengo|Make It Rain|p1a: Samurott\n|-resisted|p1a: Samurott\n|-damage|p1a: Samurott|0 fnt\n|-unboost|p2a: Gholdengo|spa|1\n|faint|p1a: Samurott\n|\n|-damage|p2a: Gholdengo|31\/100 brn|[from] brn\n|upkeep\n|\n|t:|1699813401\n|switch|p1a: Rillaboom|Rillaboom, F|100\/100\n|-damage|p1a: Rillaboom|88\/100|[from] Spikes\n|-damage|p1a: Rillaboom|76\/100|[from] Stealth Rock\n|-fieldstart|move: Grassy Terrain|[from] ability: Grassy Surge|[of] p1a: Rillaboom\n|turn|25\n|\n|t:|1699813414\n|switch|p2a: Ting-Lu|Ting-Lu, tera:Poison|68\/100\n|-damage|p2a: Ting-Lu|55\/100|[from] Stealth Rock\n|-damage|p2a: Ting-Lu|43\/100|[from] Spikes\n|-ability|p2a: Ting-Lu|Vessel of Ruin\n|move|p1a: Rillaboom|Wood Hammer|p2a: Ting-Lu\n|-resisted|p2a: Ting-Lu\n|-damage|p2a: Ting-Lu|5\/100\n|-damage|p1a: Rillaboom|57\/100|[from] Recoil\n|\n|-heal|p1a: Rillaboom|63\/100|[from] Grassy Terrain\n|-heal|p2a: Ting-Lu|12\/100|[from] Grassy Terrain\n|upkeep\n|turn|26\n|\n|t:|1699813429\n|move|p1a: Rillaboom|Wood Hammer|p2a: Ting-Lu\n|-resisted|p2a: Ting-Lu\n|-damage|p2a: Ting-Lu|0 fnt\n|faint|p2a: Ting-Lu\n|-damage|p1a: Rillaboom|58\/100|[from] Recoil\n|\n|-heal|p1a: Rillaboom|64\/100|[from] Grassy Terrain\n|upkeep\n|inactive|OUFC Zam has 120 seconds left.\n|l|\u2606Aggron\n|inactive|Aggron disconnected and has a minute to reconnect!\n|player|p1|\n|inactive|OUFC Zam has 90 seconds left.\n|j|\u2606Aggron\n|inactive|Aggron reconnected.\n|player|p1|Aggron|pokefan-gen4\n|l| Rextestear\n|j| Rextestear\n|l| Rextestear\n|l|\u2606Aggron\n|inactive|Aggron disconnected and has a minute to reconnect!\n|player|p1|\n|j|\u2606Aggron\n|inactive|Aggron reconnected.\n|player|p1|Aggron|pokefan-gen4\n|j| TheQueerTherapist\n|inactive|OUFC Zam has 60 seconds left.\n|\n|t:|1699813524\n|switch|p2a: Ogerpon|Ogerpon-Wellspring, F|55\/100\n|-damage|p2a: Ogerpon|43\/100|[from] Stealth Rock\n|-damage|p2a: Ogerpon|30\/100|[from] Spikes\n|turn|27\n|\n|t:|1699813539\n|switch|p1a: Sneasler|Sneasler, F|70\/100\n|-damage|p1a: Sneasler|58\/100|[from] Spikes\n|-damage|p1a: Sneasler|52\/100|[from] Stealth Rock\n|move|p2a: Ogerpon|Horn Leech|p1a: Sneasler\n|-resisted|p1a: Sneasler\n|-damage|p1a: Sneasler|0 fnt\n|-heal|p2a: Ogerpon|56\/100|[from] drain|[of] p1a: Sneasler\n|faint|p1a: Sneasler\n|\n|-heal|p2a: Ogerpon|62\/100|[from] Grassy Terrain\n|upkeep\n|inactive|Aggron has 120 seconds left.\n|\n|t:|1699813561\n|switch|p1a: Rillaboom|Rillaboom, F|64\/100\n|-damage|p1a: Rillaboom|52\/100|[from] Spikes\n|-damage|p1a: Rillaboom|39\/100|[from] Stealth Rock\n|turn|28\n|inactive|OUFC Zam has 30 seconds left.\n|l| TheQueerTherapist\n|\n|t:|1699813599\n|move|p1a: Rillaboom|Grassy Glide|p2a: Ogerpon\n|-damage|p2a: Ogerpon|0 fnt\n|faint|p2a: Ogerpon\n|\n|-heal|p1a: Rillaboom|45\/100|[from] Grassy Terrain\n|upkeep\n|inactive|OUFC Zam has 30 seconds left this turn.\n|j| SM4SHB21RN\n|inactive|OUFC Zam has 20 seconds left.\n|inactive|OUFC Zam has 15 seconds left.\n|\n|t:|1699813619\n|switch|p2a: Zamazenta|Zamazenta|74\/100\n|turn|29\n|inactive|OUFC Zam has 25 seconds left this turn.\n|inactive|OUFC Zam has 20 seconds left.\n|j| bruhmemelol\n|inactive|OUFC Zam has 15 seconds left.\n|\n|t:|1699813633\n|switch|p1a: Sinistcha|Sinistcha-Masterpiece|64\/100\n|-damage|p1a: Sinistcha|51\/100|[from] Spikes\n|-damage|p1a: Sinistcha|39\/100|[from] Stealth Rock\n|move|p2a: Zamazenta|Close Combat|p1a: Sinistcha\n|-immune|p1a: Sinistcha\n|\n|-heal|p2a: Zamazenta|80\/100|[from] Grassy Terrain\n|-heal|p1a: Sinistcha|45\/100|[from] Grassy Terrain\n|-fieldend|move: Grassy Terrain\n|upkeep\n|turn|30\n|inactive|OUFC Zam has 25 seconds left this turn.\n|inactive|OUFC Zam has 20 seconds left.\n|\n|t:|1699813642\n|move|p2a: Zamazenta|Crunch|p1a: Sinistcha\n|-supereffective|p1a: Sinistcha\n|-damage|p1a: Sinistcha|8\/100\n|-unboost|p1a: Sinistcha|def|1\n|move|p1a: Sinistcha|Matcha Gotcha|p2a: Zamazenta\n|-damage|p2a: Zamazenta|51\/100\n|-heal|p1a: Sinistcha|21\/100|[from] drain|[of] p2a: Zamazenta\n|\n|upkeep\n|turn|31\n|inactive|OUFC Zam has 30 seconds left this turn.\n|\n|t:|1699813650\n|move|p2a: Zamazenta|Crunch|p1a: Sinistcha\n|-supereffective|p1a: Sinistcha\n|-damage|p1a: Sinistcha|0 fnt\n|faint|p1a: Sinistcha\n|\n|upkeep\n|inactive|OUFC Zam has 30 seconds left this turn.\n|\n|t:|1699813651\n|switch|p1a: Rillaboom|Rillaboom, F|45\/100\n|-damage|p1a: Rillaboom|33\/100|[from] Spikes\n|-damage|p1a: Rillaboom|21\/100|[from] Stealth Rock\n|-fieldstart|move: Grassy Terrain|[from] ability: Grassy Surge|[of] p1a: Rillaboom\n|turn|32\n|\n|t:|1699813657\n|move|p1a: Rillaboom|Grassy Glide|p2a: Zamazenta\n|-damage|p2a: Zamazenta|0 fnt\n|faint|p2a: Zamazenta\n|\n|-heal|p1a: Rillaboom|27\/100|[from] Grassy Terrain\n|upkeep\n|\n|t:|1699813660\n|switch|p2a: Gholdengo|Gholdengo|31\/100 brn\n|-damage|p2a: Gholdengo|25\/100 brn|[from] Stealth Rock\n|-damage|p2a: Gholdengo|13\/100 brn|[from] Spikes\n|turn|33\n|\n|t:|1699813662\n|move|p1a: Rillaboom|Grassy Glide|p2a: Gholdengo\n|-resisted|p2a: Gholdengo\n|-damage|p2a: Gholdengo|0 fnt\n|faint|p2a: Gholdengo\n|\n|win|Aggron\n|raw|Aggron's rating: 1737 &rarr; <strong>1768<\/strong><br \/>(+31 for winning)\n|raw|OUFC Zam's rating: 1953 &rarr; <strong>1922<\/strong><br \/>(-31 for losing)\n|l|\u2606OUFC Zam\n","uploadtime":1699813670,"views":30,"p1id":"aggron","p2id":"oufczam","formatid":"gen9ou","rating":1768,"private":0,"password":""}