{"id":"gen9ou-1993144391","p1":"diosleon","p2":"namielito","format":"[Gen 9] OU","log":"|j|\u2606diosleon\n|j|\u2606namielito\n|t:|1700270092\n|gametype|singles\n|player|p1|diosleon|crasherwake|1315\n|player|p2|namielito|101|1460\n|teamsize|p1|6\n|teamsize|p2|6\n|gen|9\n|tier|[Gen 9] OU\n|rated|\n|rule|Sleep Clause Mod: Limit one foe put to sleep\n|rule|Species Clause: Limit one of each Pok\u00e9mon\n|rule|OHKO Clause: OHKO moves are banned\n|rule|Evasion Items Clause: Evasion items are banned\n|rule|Evasion Moves Clause: Evasion moves are banned\n|rule|Endless Battle Clause: Forcing endless battles is banned\n|rule|HP Percentage Mod: HP is shown in percentages\n|clearpoke\n|poke|p1|Kingambit, M|\n|poke|p1|Goodra-Hisui, F|\n|poke|p1|Ting-Lu|\n|poke|p1|Iron Moth|\n|poke|p1|Landorus-Therian, M|\n|poke|p1|Corviknight, M|\n|poke|p2|Ceruledge, M|\n|poke|p2|Maushold|\n|poke|p2|Ninetales-Alola, M|\n|poke|p2|Rillaboom, F|\n|poke|p2|Sneasler, F|\n|poke|p2|Ogerpon-Wellspring, F|\n|teampreview\n|j| lukadeska\n|\n|t:|1700270102\n|start\n|switch|p1a: ETERNO|Landorus-Therian, M|100\/100\n|switch|p2a: Rillaboom|Rillaboom, F|100\/100\n|-ability|p1a: ETERNO|Intimidate|boost\n|-unboost|p2a: Rillaboom|atk|1\n|-fieldstart|move: Grassy Terrain|[from] ability: Grassy Surge|[of] p2a: Rillaboom\n|turn|1\n|\n|t:|1700270105\n|move|p1a: ETERNO|U-turn|p2a: Rillaboom\n|-supereffective|p2a: Rillaboom\n|-damage|p2a: Rillaboom|38\/100\n|\n|t:|1700270107\n|switch|p1a: Mantenimiento|Corviknight, M|100\/100|[from] U-turn\n|-ability|p1a: Mantenimiento|Pressure\n|move|p2a: Rillaboom|U-turn|p1a: Mantenimiento\n|-resisted|p1a: Mantenimiento\n|-damage|p1a: Mantenimiento|97\/100\n|-damage|p2a: Rillaboom|21\/100|[from] item: Rocky Helmet|[of] p1a: Mantenimiento\n|\n|t:|1700270112\n|switch|p2a: Ceruledge|Ceruledge, M|100\/100|[from] U-turn\n|\n|upkeep\n|turn|2\n|\n|t:|1700270115\n|move|p2a: Ceruledge|Bulk Up|p2a: Ceruledge\n|-boost|p2a: Ceruledge|atk|1\n|-boost|p2a: Ceruledge|def|1\n|move|p1a: Mantenimiento|Defog|p2a: Ceruledge\n|-unboost|p2a: Ceruledge|evasion|1\n|-fieldend|move: Grassy Terrain\n|\n|upkeep\n|turn|3\n|\n|t:|1700270124\n|switch|p1a: ETERNO|Landorus-Therian, M|100\/100\n|-ability|p1a: ETERNO|Intimidate|boost\n|-unboost|p2a: Ceruledge|atk|1\n|move|p2a: Ceruledge|Bulk Up|p2a: Ceruledge\n|-boost|p2a: Ceruledge|atk|1\n|-boost|p2a: Ceruledge|def|1\n|\n|upkeep\n|turn|4\n|\n|t:|1700270130\n|-terastallize|p2a: Ceruledge|Bug\n|move|p1a: ETERNO|Earthquake|p2a: Ceruledge\n|-resisted|p2a: Ceruledge\n|-damage|p2a: Ceruledge|83\/100\n|move|p2a: Ceruledge|Bulk Up|p2a: Ceruledge\n|-boost|p2a: Ceruledge|atk|1\n|-boost|p2a: Ceruledge|def|1\n|\n|-heal|p2a: Ceruledge|89\/100|[from] item: Leftovers\n|upkeep\n|turn|5\n|\n|t:|1700270152\n|switch|p1a: El que vive botao|Ting-Lu|100\/100\n|-ability|p1a: El que vive botao|Vessel of Ruin\n|move|p2a: Ceruledge|Bulk Up|p2a: Ceruledge\n|-boost|p2a: Ceruledge|atk|1\n|-boost|p2a: Ceruledge|def|1\n|\n|-heal|p2a: Ceruledge|95\/100|[from] item: Leftovers\n|upkeep\n|turn|6\n|inactive|Battle timer is ON: inactive players will automatically lose when time's up. (requested by namielito)\n|\n|t:|1700270153\n|move|p2a: Ceruledge|Taunt|p1a: El que vive botao\n|-start|p1a: El que vive botao|move: Taunt\n|cant|p1a: El que vive botao|move: Taunt|Whirlwind\n|\n|-heal|p2a: Ceruledge|100\/100|[from] item: Leftovers\n|upkeep\n|turn|7\n|\n|t:|1700270160\n|switch|p1a: ETERNO|Landorus-Therian, M|100\/100\n|-ability|p1a: ETERNO|Intimidate|boost\n|-unboost|p2a: Ceruledge|atk|1\n|move|p2a: Ceruledge|Bulk Up|p2a: Ceruledge\n|-boost|p2a: Ceruledge|atk|1\n|-boost|p2a: Ceruledge|def|1\n|\n|upkeep\n|turn|8\n|\n|t:|1700270166\n|move|p1a: ETERNO|Stone Edge|p2a: Ceruledge\n|-supereffective|p2a: Ceruledge\n|-crit|p2a: Ceruledge\n|-damage|p2a: Ceruledge|0 fnt\n|faint|p2a: Ceruledge\n|\n|upkeep\n|-message|namielito forfeited.\n|\n|win|diosleon\n|raw|diosleon's rating: 1330 &rarr; <strong>1357<\/strong><br \/>(+27 for winning)\n|raw|namielito's rating: 1460 &rarr; <strong>1433<\/strong><br \/>(-27 for losing)\n|l|\u2606namielito\n","uploadtime":1700270178,"views":29,"p1id":"diosleon","p2id":"namielito","formatid":"gen9ou","rating":1357,"private":0,"password":""}