{"id":"gen9ou-1991657961","p1":"DMVortex38","p2":"spookyaudrey","format":"[Gen 9] OU","log":"|j|\u2606DMVortex38\n|j|\u2606spookyaudrey\n|t:|1700099326\n|gametype|singles\n|player|p1|DMVortex38|1|1017\n|player|p2|spookyaudrey|flannery|1000\n|teamsize|p1|6\n|teamsize|p2|6\n|gen|9\n|tier|[Gen 9] OU\n|rated|\n|rule|Sleep Clause Mod: Limit one foe put to sleep\n|rule|Species Clause: Limit one of each Pok\u00e9mon\n|rule|OHKO Clause: OHKO moves are banned\n|rule|Evasion Items Clause: Evasion items are banned\n|rule|Evasion Moves Clause: Evasion moves are banned\n|rule|Endless Battle Clause: Forcing endless battles is banned\n|rule|HP Percentage Mod: HP is shown in percentages\n|clearpoke\n|poke|p1|Slowking-Galar, M|\n|poke|p1|Alomomola, F|\n|poke|p1|Garchomp, F|\n|poke|p1|Weavile, M|\n|poke|p1|Corviknight, M|\n|poke|p1|Toxapex, M|\n|poke|p2|Kleavor, F|\n|poke|p2|Gyarados, F|\n|poke|p2|Garchomp, F|\n|poke|p2|Sylveon, F|\n|poke|p2|Slowking-Galar, F|\n|poke|p2|Goodra-Hisui, F|\n|teampreview\n|\n|t:|1700099338\n|start\n|switch|p1a: Toxapex|Toxapex, M, shiny|100\/100\n|switch|p2a: gina|Gyarados, F, shiny|100\/100\n|-ability|p2a: gina|Intimidate|boost\n|-unboost|p1a: Toxapex|atk|1\n|turn|1\n|\n|t:|1700099348\n|move|p2a: gina|Dragon Dance|p2a: gina\n|-boost|p2a: gina|atk|1\n|-boost|p2a: gina|spe|1\n|move|p1a: Toxapex|Infestation|p2a: gina\n|-resisted|p2a: gina\n|-damage|p2a: gina|98\/100\n|-activate|p2a: gina|move: Infestation|[of] p1a: Toxapex\n|\n|-damage|p2a: gina|86\/100|[from] move: Infestation|[partiallytrapped]\n|upkeep\n|turn|2\n|\n|t:|1700099357\n|move|p2a: gina|Earthquake|p1a: Toxapex\n|-supereffective|p1a: Toxapex\n|-damage|p1a: Toxapex|27\/100\n|move|p1a: Toxapex|Chilling Water|p2a: gina\n|-resisted|p2a: gina\n|-damage|p2a: gina|78\/100\n|-unboost|p2a: gina|atk|1\n|\n|-damage|p2a: gina|65\/100|[from] move: Infestation|[partiallytrapped]\n|upkeep\n|turn|3\n|\n|t:|1700099372\n|switch|p1a: Corviknight|Corviknight, M, shiny|100\/100\n|-ability|p1a: Corviknight|Pressure\n|move|p2a: gina|Dragon Dance|p2a: gina\n|-boost|p2a: gina|atk|1\n|-boost|p2a: gina|spe|1\n|\n|-end|p2a: gina|Infestation|[partiallytrapped]|[silent]\n|upkeep\n|turn|4\n|\n|t:|1700099383\n|move|p2a: gina|Substitute|p2a: gina\n|-start|p2a: gina|Substitute\n|-damage|p2a: gina|40\/100\n|move|p1a: Corviknight|Brave Bird|p2a: gina\n|-end|p2a: gina|Substitute\n|-damage|p1a: Corviknight|94\/100|[from] Recoil|[of] p2a: gina\n|\n|upkeep\n|turn|5\n|\n|t:|1700099391\n|move|p2a: gina|Waterfall|p1a: Corviknight\n|-damage|p1a: Corviknight|55\/100\n|-damage|p2a: gina|24\/100|[from] item: Rocky Helmet|[of] p1a: Corviknight\n|cant|p1a: Corviknight|flinch\n|\n|upkeep\n|turn|6\n|\n|t:|1700099398\n|move|p2a: gina|Waterfall|p1a: Corviknight\n|-damage|p1a: Corviknight|17\/100\n|-damage|p2a: gina|7\/100|[from] item: Rocky Helmet|[of] p1a: Corviknight\n|move|p1a: Corviknight|Roost|p1a: Corviknight\n|-heal|p1a: Corviknight|67\/100\n|-singleturn|p1a: Corviknight|move: Roost\n|\n|upkeep\n|turn|7\n|\n|t:|1700099411\n|switch|p2a: punk|Goodra-Hisui, F, shiny|100\/100\n|move|p1a: Corviknight|Roost|p1a: Corviknight\n|-heal|p1a: Corviknight|100\/100\n|-singleturn|p1a: Corviknight|move: Roost\n|\n|upkeep\n|turn|8\n|\n|t:|1700099422\n|move|p1a: Corviknight|U-turn|p2a: punk\n|-resisted|p2a: punk\n|-damage|p2a: punk|93\/100\n|\n|t:|1700099428\n|switch|p1a: Toxapex|Toxapex, M, shiny|60\/100|[from] U-turn\n|move|p2a: punk|Curse|p2a: punk\n|-unboost|p2a: punk|spe|1\n|-boost|p2a: punk|atk|1\n|-boost|p2a: punk|def|1\n|\n|upkeep\n|turn|9\n|\n|t:|1700099440\n|move|p1a: Toxapex|Infestation|p2a: punk\n|-resisted|p2a: punk\n|-crit|p2a: punk\n|-damage|p2a: punk|91\/100\n|-activate|p2a: punk|move: Infestation|[of] p1a: Toxapex\n|move|p2a: punk|Earthquake|p1a: Toxapex\n|-supereffective|p1a: Toxapex\n|-damage|p1a: Toxapex|0 fnt\n|faint|p1a: Toxapex\n|\n|-end|p2a: punk|Infestation|[partiallytrapped]|[silent]\n|upkeep\n|\n|t:|1700099473\n|switch|p1a: Garchomp|Garchomp, F, shiny|100\/100\n|turn|10\n|inactive|Battle timer is ON: inactive players will automatically lose when time's up. (requested by spookyaudrey)\n|\n|t:|1700099483\n|-terastallize|p2a: punk|Ground\n|move|p1a: Garchomp|Earthquake|p2a: punk\n|-damage|p2a: punk|58\/100\n|move|p2a: punk|Gyro Ball|p1a: Garchomp\n|-damage|p1a: Garchomp|0 fnt\n|-damage|p2a: punk|46\/100|[from] ability: Rough Skin|[of] p1a: Garchomp\n|faint|p1a: Garchomp\n|\n|upkeep\n|\n|t:|1700099506\n|switch|p1a: Alomomola|Alomomola, F, shiny|100\/100\n|turn|11\n|\n|t:|1700099516\n|switch|p2a: conehead|Slowking-Galar, F, shiny|100\/100\n|move|p1a: Alomomola|Wish|p1a: Alomomola\n|\n|upkeep\n|turn|12\n|\n|t:|1700099525\n|move|p1a: Alomomola|Scald|p2a: conehead\n|-damage|p2a: conehead|93\/100\n|-status|p2a: conehead|brn\n|move|p2a: conehead|Future Sight|p1a: Alomomola\n|-start|p2a: conehead|move: Future Sight\n|\n|-damage|p2a: conehead|87\/100 brn|[from] brn\n|upkeep\n|turn|13\n|\n|t:|1700099534\n|switch|p2a: bleach|Sylveon, F, shiny|100\/100\n|move|p1a: Alomomola|Flip Turn|p2a: bleach\n|-damage|p2a: bleach|79\/100\n|\n|t:|1700099545\n|switch|p1a: Slowking|Slowking-Galar, M, shiny|100\/100|[from] Flip Turn\n|\n|upkeep\n|turn|14\n|\n|t:|1700099552\n|switch|p2a: gina|Gyarados, F, shiny|7\/100\n|-ability|p2a: gina|Intimidate|boost\n|-unboost|p1a: Slowking|atk|1\n|move|p1a: Slowking|Toxic|p2a: gina\n|-status|p2a: gina|tox\n|-enditem|p2a: gina|Lum Berry|[eat]\n|-curestatus|p2a: gina|tox|[msg]\n|\n|-end|p1a: Slowking|move: Future Sight\n|-damage|p1a: Slowking|59\/100\n|-heal|p1a: Slowking|65\/100|[from] item: Leftovers\n|upkeep\n|turn|15\n|\n|t:|1700099570\n|switch|p1a: Corviknight|Corviknight, M, shiny|100\/100\n|-ability|p1a: Corviknight|Pressure\n|move|p2a: gina|Earthquake|p1a: Corviknight\n|-immune|p1a: Corviknight\n|\n|upkeep\n|turn|16\n|\n|t:|1700099580\n|switch|p2a: bleach|Sylveon, F, shiny|79\/100\n|move|p1a: Corviknight|U-turn|p2a: bleach\n|-resisted|p2a: bleach\n|-damage|p2a: bleach|71\/100\n|\n|t:|1700099585\n|switch|p1a: Slowking|Slowking-Galar, M, shiny|98\/100|[from] U-turn\n|\n|-heal|p1a: Slowking|100\/100|[from] item: Leftovers\n|upkeep\n|turn|17\n|\n|t:|1700099595\n|switch|p2a: punk|Goodra-Hisui, F, shiny, tera:Ground|46\/100\n|move|p1a: Slowking|Toxic|p2a: punk\n|-status|p2a: punk|tox\n|\n|-damage|p2a: punk|40\/100 tox|[from] psn\n|upkeep\n|turn|18\n|\n|t:|1700099612\n|switch|p1a: Alomomola|Alomomola, F, shiny|100\/100\n|move|p2a: punk|Curse|p2a: punk\n|-unboost|p2a: punk|spe|1\n|-boost|p2a: punk|atk|1\n|-boost|p2a: punk|def|1\n|\n|-damage|p2a: punk|27\/100 tox|[from] psn\n|upkeep\n|turn|19\n|\n|t:|1700099624\n|move|p1a: Alomomola|Flip Turn|p2a: punk\n|-supereffective|p2a: punk\n|-damage|p2a: punk|7\/100 tox\n|\n|t:|1700099628\n|switch|p1a: Corviknight|Corviknight, M, shiny|100\/100|[from] Flip Turn\n|-ability|p1a: Corviknight|Pressure\n|move|p2a: punk|Gyro Ball|p1a: Corviknight\n|-resisted|p1a: Corviknight\n|-damage|p1a: Corviknight|88\/100\n|-damage|p2a: punk|0 fnt|[from] item: Rocky Helmet|[of] p1a: Corviknight\n|faint|p2a: punk\n|\n|upkeep\n|\n|t:|1700099639\n|switch|p2a: oscar|Kleavor, F, shiny|100\/100\n|turn|20\n|\n|t:|1700099668\n|move|p2a: oscar|Stone Axe|p1a: Corviknight\n|-damage|p1a: Corviknight|59\/100\n|-damage|p2a: oscar|84\/100|[from] item: Rocky Helmet|[of] p1a: Corviknight\n|-sidestart|p1: DMVortex38|move: Stealth Rock\n|move|p1a: Corviknight|Defog|p2a: oscar\n|-unboost|p2a: oscar|evasion|1\n|-sideend|p1: DMVortex38|Stealth Rock|[from] move: Defog|[of] p1a: Corviknight\n|\n|upkeep\n|turn|21\n|inactive|DMVortex38 has 120 seconds left.\n|\n|t:|1700099688\n|switch|p1a: Alomomola|Alomomola, F, shiny|100\/100\n|move|p2a: oscar|Lunge|p1a: Alomomola\n|-damage|p1a: Alomomola|72\/100\n|-unboost|p1a: Alomomola|atk|1\n|-enditem|p1a: Alomomola|Red Card|[of] p2a: oscar\n|drag|p2a: gina|Gyarados, F, shiny|7\/100\n|-ability|p2a: gina|Intimidate|boost\n|-unboost|p1a: Alomomola|atk|1\n|\n|upkeep\n|turn|22\n|inactive|DMVortex38 has 120 seconds left.\n|\n|t:|1700099702\n|switch|p2a: conehead|Slowking-Galar, F, shiny|100\/100 brn\n|move|p1a: Alomomola|Wish|p1a: Alomomola\n|\n|-damage|p2a: conehead|94\/100 brn|[from] brn\n|upkeep\n|turn|23\n|\n|t:|1700099710\n|switch|p1a: Corviknight|Corviknight, M, shiny|59\/100\n|-ability|p1a: Corviknight|Pressure\n|move|p2a: conehead|Future Sight|p1a: Corviknight\n|-start|p2a: conehead|move: Future Sight\n|\n|-heal|p1a: Corviknight|100\/100|[from] move: Wish|[wisher] Alomomola\n|-damage|p2a: conehead|88\/100 brn|[from] brn\n|upkeep\n|turn|24\n|\n|t:|1700099720\n|move|p1a: Corviknight|Brave Bird|p2a: conehead\n|-damage|p2a: conehead|51\/100 brn\n|-damage|p1a: Corviknight|89\/100|[from] Recoil\n|move|p2a: conehead|Flamethrower|p1a: Corviknight\n|-supereffective|p1a: Corviknight\n|-damage|p1a: Corviknight|32\/100\n|\n|-damage|p2a: conehead|45\/100 brn|[from] brn\n|upkeep\n|turn|25\n|\n|t:|1700099731\n|move|p1a: Corviknight|U-turn|p2a: conehead\n|-damage|p2a: conehead|29\/100 brn\n|\n|t:|1700099738\n|switch|p1a: Alomomola|Alomomola, F, shiny|100\/100|[from] U-turn\n|move|p2a: conehead|Flamethrower|p1a: Alomomola\n|-resisted|p1a: Alomomola\n|-damage|p1a: Alomomola|87\/100\n|\n|-end|p1a: Alomomola|move: Future Sight\n|-damage|p1a: Alomomola|35\/100\n|-damage|p2a: conehead|23\/100 brn|[from] brn\n|upkeep\n|turn|26\n|\n|t:|1700099748\n|switch|p2a: bleach|Sylveon, F, shiny|71\/100\n|move|p1a: Alomomola|Acrobatics|p2a: bleach\n|-damage|p2a: bleach|46\/100\n|\n|upkeep\n|turn|27\n|\n|t:|1700099767\n|move|p2a: bleach|Magical Leaf|p1a: Alomomola\n|-supereffective|p1a: Alomomola\n|-damage|p1a: Alomomola|0 fnt\n|faint|p1a: Alomomola\n|\n|upkeep\n|\n|t:|1700099776\n|switch|p1a: Corviknight|Corviknight, M, shiny|32\/100\n|-ability|p1a: Corviknight|Pressure\n|turn|28\n|\n|t:|1700099782\n|switch|p2a: Garchomp|Garchomp, F, shiny|100\/100\n|move|p1a: Corviknight|Roost|p1a: Corviknight\n|-heal|p1a: Corviknight|82\/100\n|-singleturn|p1a: Corviknight|move: Roost\n|\n|upkeep\n|turn|29\n|\n|t:|1700099810\n|move|p2a: Garchomp|Swords Dance|p2a: Garchomp\n|-boost|p2a: Garchomp|atk|2\n|move|p1a: Corviknight|U-turn|p2a: Garchomp\n|-damage|p2a: Garchomp|87\/100\n|-damage|p1a: Corviknight|70\/100|[from] ability: Rough Skin|[of] p2a: Garchomp\n|-damage|p1a: Corviknight|53\/100|[from] item: Rocky Helmet|[of] p2a: Garchomp\n|\n|t:|1700099817\n|switch|p1a: Weavile|Weavile, M, shiny|100\/100|[from] U-turn\n|-ability|p1a: Weavile|Pressure\n|\n|upkeep\n|turn|30\n|\n|t:|1700099826\n|move|p1a: Weavile|Icicle Crash|p2a: Garchomp\n|-supereffective|p2a: Garchomp\n|-damage|p2a: Garchomp|0 fnt\n|faint|p2a: Garchomp\n|\n|upkeep\n|\n|t:|1700099837\n|switch|p2a: oscar|Kleavor, F, shiny|84\/100\n|turn|31\n|\n|t:|1700099849\n|switch|p1a: Slowking|Slowking-Galar, M, shiny|100\/100\n|move|p2a: oscar|Night Slash|p1a: Slowking\n|-supereffective|p1a: Slowking\n|-damage|p1a: Slowking|33\/100\n|\n|-heal|p1a: Slowking|39\/100|[from] item: Leftovers\n|upkeep\n|turn|32\n|\n|t:|1700099860\n|move|p2a: oscar|Night Slash|p1a: Slowking\n|-supereffective|p1a: Slowking\n|-damage|p1a: Slowking|0 fnt\n|faint|p1a: Slowking\n|\n|upkeep\n|\n|t:|1700099874\n|switch|p1a: Corviknight|Corviknight, M, shiny|53\/100\n|-ability|p1a: Corviknight|Pressure\n|turn|33\n|\n|t:|1700099879\n|move|p2a: oscar|Stone Axe|p1a: Corviknight\n|-damage|p1a: Corviknight|22\/100\n|-damage|p2a: oscar|68\/100|[from] item: Rocky Helmet|[of] p1a: Corviknight\n|-sidestart|p1: DMVortex38|move: Stealth Rock\n|move|p1a: Corviknight|Roost|p1a: Corviknight\n|-heal|p1a: Corviknight|72\/100\n|-singleturn|p1a: Corviknight|move: Roost\n|\n|upkeep\n|turn|34\n|\n|t:|1700099887\n|move|p2a: oscar|Stone Axe|p1a: Corviknight\n|-damage|p1a: Corviknight|39\/100\n|-damage|p2a: oscar|51\/100|[from] item: Rocky Helmet|[of] p1a: Corviknight\n|move|p1a: Corviknight|Roost|p1a: Corviknight\n|-heal|p1a: Corviknight|89\/100\n|-singleturn|p1a: Corviknight|move: Roost\n|\n|upkeep\n|turn|35\n|\n|t:|1700099891\n|move|p2a: oscar|Stone Axe|p1a: Corviknight\n|-damage|p1a: Corviknight|56\/100\n|-damage|p2a: oscar|35\/100|[from] item: Rocky Helmet|[of] p1a: Corviknight\n|move|p1a: Corviknight|Roost|p1a: Corviknight\n|-heal|p1a: Corviknight|100\/100\n|-singleturn|p1a: Corviknight|move: Roost\n|\n|upkeep\n|turn|36\n|\n|t:|1700099897\n|switch|p2a: bleach|Sylveon, F, shiny|46\/100\n|move|p1a: Corviknight|Defog|p2a: bleach\n|-unboost|p2a: bleach|evasion|1\n|-sideend|p1: DMVortex38|Stealth Rock|[from] move: Defog|[of] p1a: Corviknight\n|\n|upkeep\n|turn|37\n|\n|t:|1700099906\n|switch|p2a: conehead|Slowking-Galar, F, shiny|56\/100 brn\n|move|p1a: Corviknight|Brave Bird|p2a: conehead\n|-damage|p2a: conehead|19\/100 brn\n|-damage|p1a: Corviknight|89\/100|[from] Recoil\n|\n|-damage|p2a: conehead|13\/100 brn|[from] brn\n|upkeep\n|turn|38\n|\n|t:|1700099916\n|move|p1a: Corviknight|Brave Bird|p2a: conehead\n|-damage|p2a: conehead|0 fnt\n|faint|p2a: conehead\n|-damage|p1a: Corviknight|85\/100|[from] Recoil\n|\n|upkeep\n|\n|t:|1700099924\n|switch|p2a: oscar|Kleavor, F, shiny|35\/100\n|turn|39\n|\n|t:|1700099927\n|move|p2a: oscar|Stone Axe|p1a: Corviknight\n|-damage|p1a: Corviknight|54\/100\n|-damage|p2a: oscar|19\/100|[from] item: Rocky Helmet|[of] p1a: Corviknight\n|-sidestart|p1: DMVortex38|move: Stealth Rock\n|move|p1a: Corviknight|Defog|p2a: oscar\n|-unboost|p2a: oscar|evasion|1\n|-sideend|p1: DMVortex38|Stealth Rock|[from] move: Defog|[of] p1a: Corviknight\n|\n|upkeep\n|turn|40\n|\n|t:|1700099935\n|move|p2a: oscar|Night Slash|p1a: Corviknight\n|-damage|p1a: Corviknight|31\/100\n|-damage|p2a: oscar|2\/100|[from] item: Rocky Helmet|[of] p1a: Corviknight\n|move|p1a: Corviknight|Roost|p1a: Corviknight\n|-heal|p1a: Corviknight|81\/100\n|-singleturn|p1a: Corviknight|move: Roost\n|\n|upkeep\n|turn|41\n|c|\u2606spookyaudrey|i hate u\n|-message|spookyaudrey forfeited.\n|\n|win|DMVortex38\n|raw|DMVortex38's rating: 1017 &rarr; <strong>1053<\/strong><br \/>(+36 for winning)\n|raw|spookyaudrey's rating: 1000 &rarr; <strong>1000<\/strong><br \/>(+0 for losing)\n|l|\u2606spookyaudrey\n","uploadtime":1700099979,"views":13,"p1id":"dmvortex38","p2id":"spookyaudrey","formatid":"gen9ou","rating":1000,"private":0,"password":""}