{"id":"gen9ou-1993908077","p1":"Fantasy64","p2":"econ4game","format":"[Gen 9] OU","log":"|j|\u2606Fantasy64\n|j|\u2606econ4game\n|t:|1700373542\n|gametype|singles\n|player|p1|Fantasy64|101|1073\n|player|p2|econ4game|grimsley-gen7|1052\n|teamsize|p1|6\n|teamsize|p2|6\n|gen|9\n|tier|[Gen 9] OU\n|rated|\n|rule|Sleep Clause Mod: Limit one foe put to sleep\n|rule|Species Clause: Limit one of each Pok\u00e9mon\n|rule|OHKO Clause: OHKO moves are banned\n|rule|Evasion Items Clause: Evasion items are banned\n|rule|Evasion Moves Clause: Evasion moves are banned\n|rule|Endless Battle Clause: Forcing endless battles is banned\n|rule|HP Percentage Mod: HP is shown in percentages\n|clearpoke\n|poke|p1|Toxapex, M|\n|poke|p1|Garganacl, M|\n|poke|p1|Amoonguss, M|\n|poke|p1|Clodsire, F|\n|poke|p1|Chansey, F|\n|poke|p1|Avalugg, M|\n|poke|p2|Conkeldurr, F|\n|poke|p2|Tsareena, F|\n|poke|p2|Kingambit, F|\n|poke|p2|Chandelure, M|\n|poke|p2|Slowbro, F|\n|poke|p2|Fezandipiti, M|\n|teampreview\n|\n|t:|1700373553\n|start\n|switch|p1a: Toxapex|Toxapex, M|100\/100\n|switch|p2a: Fezandipiti|Fezandipiti, M|100\/100\n|turn|1\n|\n|t:|1700373559\n|move|p2a: Fezandipiti|Taunt|p1a: Toxapex\n|-start|p1a: Toxapex|move: Taunt\n|-enditem|p1a: Toxapex|Mental Herb\n|-end|p1a: Toxapex|move: Taunt\n|move|p1a: Toxapex|Toxic Spikes|p2a: Fezandipiti\n|-sidestart|p2: econ4game|move: Toxic Spikes\n|\n|upkeep\n|turn|2\n|\n|t:|1700373567\n|move|p2a: Fezandipiti|U-turn|p1a: Toxapex\n|-resisted|p1a: Toxapex\n|-damage|p1a: Toxapex|96\/100\n|\n|t:|1700373570\n|switch|p2a: Kingambit|Kingambit, F|100\/100|[from] U-turn\n|-item|p2a: Kingambit|Air Balloon\n|move|p1a: Toxapex|Toxic Spikes|p2a: Kingambit\n|-sidestart|p2: econ4game|move: Toxic Spikes\n|\n|upkeep\n|turn|3\n|\n|t:|1700373575\n|switch|p1a: Garganacl|Garganacl, M|100\/100\n|move|p2a: Kingambit|Swords Dance|p2a: Kingambit\n|-boost|p2a: Kingambit|atk|2\n|\n|upkeep\n|turn|4\n|\n|t:|1700373581\n|-terastallize|p1a: Garganacl|Flying\n|move|p2a: Kingambit|Kowtow Cleave|p1a: Garganacl\n|-crit|p1a: Garganacl\n|-damage|p1a: Garganacl|27\/100\n|move|p1a: Garganacl|Iron Defense|p1a: Garganacl\n|-boost|p1a: Garganacl|def|2\n|\n|-heal|p1a: Garganacl|34\/100|[from] item: Leftovers\n|upkeep\n|turn|5\n|\n|t:|1700373608\n|switch|p1a: Clodsire|Clodsire, F|100\/100\n|move|p2a: Kingambit|Stealth Rock|p1a: Clodsire\n|-sidestart|p1: Fantasy64|move: Stealth Rock\n|\n|upkeep\n|turn|6\n|\n|t:|1700373614\n|move|p2a: Kingambit|Kowtow Cleave|p1a: Clodsire\n|-damage|p1a: Clodsire|46\/100\n|move|p1a: Clodsire|Toxic Spikes||[still]\n|-fail|p1a: Clodsire\n|\n|upkeep\n|turn|7\n|\n|t:|1700373619\n|move|p2a: Kingambit|Kowtow Cleave|p1a: Clodsire\n|-damage|p1a: Clodsire|0 fnt\n|faint|p1a: Clodsire\n|\n|upkeep\n|-message|Fantasy64 forfeited.\n|\n|win|econ4game\n|raw|Fantasy64's rating: 1073 &rarr; <strong>1051<\/strong><br \/>(-22 for losing)\n|raw|econ4game's rating: 1052 &rarr; <strong>1086<\/strong><br \/>(+34 for winning)\n|l|\u2606Fantasy64\n","uploadtime":1700373624,"views":12,"p1id":"fantasy64","p2id":"econ4game","formatid":"gen9ou","rating":1051,"private":0,"password":""}