{"id":"gen9ou-1994081919","p1":"The_Matouflamme","p2":"gesggsg","format":"[Gen 9] OU","log":"|j|\u2606The_Matouflamme\n|j|\u2606gesggsg\n|t:|1700404509\n|gametype|singles\n|player|p1|The_Matouflamme|ryuki|\n|player|p2|gesggsg|102|\n|teamsize|p1|6\n|teamsize|p2|6\n|gen|9\n|tier|[Gen 9] OU\n|rule|Sleep Clause Mod: Limit one foe put to sleep\n|rule|Species Clause: Limit one of each Pok\u00e9mon\n|rule|OHKO Clause: OHKO moves are banned\n|rule|Evasion Items Clause: Evasion items are banned\n|rule|Evasion Moves Clause: Evasion moves are banned\n|rule|Endless Battle Clause: Forcing endless battles is banned\n|rule|HP Percentage Mod: HP is shown in percentages\n|clearpoke\n|poke|p1|Glimmora, M|\n|poke|p1|Gholdengo|\n|poke|p1|Ogerpon-Wellspring, F|\n|poke|p1|Kingambit, M|\n|poke|p1|Iron Moth|\n|poke|p1|Enamorus, F|\n|poke|p2|Weezing-Galar, F|\n|poke|p2|Ceruledge, F|\n|poke|p2|Maushold|\n|poke|p2|Ogerpon-Wellspring, F|\n|poke|p2|Thundurus, M|\n|poke|p2|Kingambit, F|\n|teampreview\n|inactive|Battle timer is ON: inactive players will automatically lose when time's up. (requested by The_Matouflamme)\n|j| Drascore666\n|c| Drascore666|ALLEZ ALLEZ ALLEZ\n|c| Drascore666|ALLEZ\n|\n|t:|1700404529\n|start\n|switch|p1a: Glimmora|Glimmora, M|100\/100\n|switch|p2a: Thundurus|Thundurus, M|100\/100\n|turn|1\n|\n|t:|1700404537\n|move|p2a: Thundurus|Taunt|p1a: Glimmora\n|-start|p1a: Glimmora|move: Taunt\n|cant|p1a: Glimmora|move: Taunt|Stealth Rock\n|\n|upkeep\n|turn|2\n|inactive|The_Matouflamme has 270 seconds left.\n|\n|t:|1700404575\n|move|p2a: Thundurus|Thunderbolt|p1a: Glimmora\n|-damage|p1a: Glimmora|40\/100\n|-status|p1a: Glimmora|par\n|move|p1a: Glimmora|Mortal Spin|p2a: Thundurus\n|-damage|p2a: Thundurus|93\/100\n|-status|p2a: Thundurus|psn\n|\n|-heal|p2a: Thundurus|99\/100 psn|[from] item: Leftovers\n|-damage|p2a: Thundurus|86\/100 psn|[from] psn\n|upkeep\n|turn|3\n|inactive|The_Matouflamme has 270 seconds left.\n|\n|t:|1700404588\n|switch|p1a: Gholdengo|Gholdengo|100\/100\n|-item|p1a: Gholdengo|Air Balloon\n|move|p2a: Thundurus|Thunderbolt|p1a: Gholdengo\n|-damage|p1a: Gholdengo|52\/100\n|-enditem|p1a: Gholdengo|Air Balloon\n|\n|-heal|p2a: Thundurus|92\/100 psn|[from] item: Leftovers\n|-damage|p2a: Thundurus|80\/100 psn|[from] psn\n|upkeep\n|turn|4\n|inactive|The_Matouflamme has 270 seconds left.\n|\n|t:|1700404605\n|switch|p2a: Kingambit|Kingambit, F|100\/100\n|move|p1a: Gholdengo|Make It Rain|p2a: Kingambit\n|-resisted|p2a: Kingambit\n|-damage|p2a: Kingambit|70\/100\n|-unboost|p1a: Gholdengo|spa|1\n|\n|-heal|p2a: Kingambit|76\/100|[from] item: Leftovers\n|upkeep\n|turn|5\n|\n|t:|1700404618\n|switch|p1a: Glimmora|Glimmora, M|40\/100 par\n|move|p2a: Kingambit|Iron Head|p1a: Glimmora\n|-supereffective|p1a: Glimmora\n|-damage|p1a: Glimmora|0 fnt\n|-activate|p1a: Glimmora|ability: Toxic Debris\n|-sidestart|p2: gesggsg|move: Toxic Spikes\n|faint|p1a: Glimmora\n|\n|-heal|p2a: Kingambit|82\/100|[from] item: Leftovers\n|upkeep\n|\n|t:|1700404627\n|switch|p1a: Iron Moth|Iron Moth|100\/100\n|-enditem|p1a: Iron Moth|Booster Energy\n|-activate|p1a: Iron Moth|ability: Quark Drive|[fromitem]\n|-start|p1a: Iron Moth|quarkdrivespe\n|turn|6\n|inactive|gesggsg has 270 seconds left.\n|inactive|gesggsg has 240 seconds left.\n|\n|t:|1700404700\n|-end|p2a: Kingambit|fallenundefined|[silent]\n|switch|p2a: Ogerpon|Ogerpon-Wellspring, F|100\/100\n|-status|p2a: Ogerpon|psn\n|move|p1a: Iron Moth|Substitute|p1a: Iron Moth\n|-start|p1a: Iron Moth|Substitute\n|-damage|p1a: Iron Moth|76\/100\n|\n|-damage|p2a: Ogerpon|88\/100 psn|[from] psn\n|upkeep\n|turn|7\n|inactive|The_Matouflamme has 270 seconds left.\n|\n|t:|1700404712\n|move|p1a: Iron Moth|Fiery Dance|p2a: Ogerpon\n|-damage|p2a: Ogerpon|40\/100 psn\n|-boost|p1a: Iron Moth|spa|1\n|move|p2a: Ogerpon|Ivy Cudgel|p1a: Iron Moth|[anim] Ivy Cudgel Water\n|-supereffective|p1a: Iron Moth\n|-end|p1a: Iron Moth|Substitute\n|\n|-damage|p2a: Ogerpon|28\/100 psn|[from] psn\n|upkeep\n|turn|8\n|inactive|The_Matouflamme has 270 seconds left.\n|inactive|gesggsg has 240 seconds left.\n|\n|t:|1700404729\n|move|p1a: Iron Moth|Sludge Wave|p2a: Ogerpon\n|-supereffective|p2a: Ogerpon\n|-damage|p2a: Ogerpon|0 fnt\n|faint|p2a: Ogerpon\n|\n|upkeep\n|\n|t:|1700404733\n|switch|p2a: Maushold|Maushold|100\/100\n|-status|p2a: Maushold|psn\n|turn|9\n|inactive|The_Matouflamme has 270 seconds left.\n|\n|t:|1700404747\n|move|p1a: Iron Moth|Fiery Dance|p2a: Maushold\n|-damage|p2a: Maushold|17\/100 psn\n|move|p2a: Maushold|Tidy Up|p2a: Maushold\n|-sideend|p2: gesggsg|Toxic Spikes\n|-activate|p2a: Maushold|move: Tidy Up\n|-boost|p2a: Maushold|atk|1\n|-boost|p2a: Maushold|spe|1\n|\n|-damage|p2a: Maushold|5\/100 psn|[from] psn\n|upkeep\n|turn|10\n|\n|t:|1700404756\n|move|p2a: Maushold|Population Bomb|p1a: Iron Moth\n|-damage|p1a: Iron Moth|52\/100\n|-damage|p1a: Iron Moth|30\/100\n|-damage|p1a: Iron Moth|7\/100\n|-damage|p1a: Iron Moth|0 fnt\n|faint|p1a: Iron Moth\n|-end|p1a: Iron Moth|Quark Drive|[silent]\n|-hitcount|p1: Iron Moth|4\n|\n|-damage|p2a: Maushold|0 fnt|[from] psn\n|faint|p2a: Maushold\n|upkeep\n|inactive|The_Matouflamme has 270 seconds left.\n|\n|t:|1700404778\n|switch|p2a: Weezing|Weezing-Galar, F|100\/100\n|switch|p1a: Ogerpon|Ogerpon-Wellspring, F|100\/100\n|-fieldstart|move: Misty Terrain|[from] ability: Misty Surge|[of] p2a: Weezing\n|turn|11\n|inactive|The_Matouflamme has 270 seconds left.\n|inactive|gesggsg has 240 seconds left.\n|\n|t:|1700404817\n|switch|p2a: Thundurus|Thundurus, M|80\/100 psn\n|move|p1a: Ogerpon|Encore||[still]\n|-fail|p1a: Ogerpon\n|\n|-heal|p2a: Thundurus|86\/100 psn|[from] item: Leftovers\n|-damage|p2a: Thundurus|74\/100 psn|[from] psn\n|upkeep\n|turn|12\n|inactive|The_Matouflamme has 270 seconds left.\n|\n|t:|1700404834\n|switch|p1a: Gholdengo|Gholdengo|52\/100\n|move|p2a: Thundurus|Thunderbolt|p1a: Gholdengo\n|-damage|p1a: Gholdengo|0 fnt\n|faint|p1a: Gholdengo\n|\n|-heal|p2a: Thundurus|80\/100 psn|[from] item: Leftovers\n|-damage|p2a: Thundurus|68\/100 psn|[from] psn\n|upkeep\n|\n|t:|1700404854\n|switch|p1a: Enamorus|Enamorus, F|100\/100\n|turn|13\n|\n|t:|1700404872\n|-terastallize|p1a: Enamorus|Fairy\n|move|p1a: Enamorus|Moonblast|p2a: Thundurus\n|-damage|p2a: Thundurus|0 fnt\n|faint|p2a: Thundurus\n|\n|upkeep\n|inactive|gesggsg has 210 seconds left.\n|\n|t:|1700404892\n|switch|p2a: Kingambit|Kingambit, F|82\/100\n|-activate|p2a: Kingambit|ability: Supreme Overlord\n|-start|p2a: Kingambit|fallen3|[silent]\n|turn|14\n|\n|t:|1700404908\n|switch|p1a: Kingambit|Kingambit, M|100\/100\n|-activate|p1a: Kingambit|ability: Supreme Overlord\n|-start|p1a: Kingambit|fallen3|[silent]\n|move|p2a: Kingambit|Iron Head|p1a: Kingambit\n|-resisted|p1a: Kingambit\n|-damage|p1a: Kingambit|78\/100\n|\n|-heal|p2a: Kingambit|89\/100|[from] item: Leftovers\n|upkeep\n|turn|15\n|inactive|gesggsg has 210 seconds left.\n|\n|t:|1700404939\n|-end|p2a: Kingambit|fallen3|[silent]\n|switch|p2a: Weezing|Weezing-Galar, F|100\/100\n|move|p1a: Kingambit|Swords Dance|p1a: Kingambit\n|-boost|p1a: Kingambit|atk|2\n|\n|upkeep\n|turn|16\n|\n|t:|1700404947\n|move|p1a: Kingambit|Iron Head|p2a: Weezing\n|-supereffective|p2a: Weezing\n|-damage|p2a: Weezing|0 fnt\n|faint|p2a: Weezing\n|\n|upkeep\n|\n|t:|1700404951\n|switch|p2a: Ceruledge|Ceruledge, F|100\/100\n|turn|17\n|\n|t:|1700404956\n|-terastallize|p2a: Ceruledge|Fire\n|move|p2a: Ceruledge|Bitter Blade|p1a: Kingambit\n|-supereffective|p1a: Kingambit\n|-damage|p1a: Kingambit|0 fnt\n|faint|p1a: Kingambit\n|-end|p1a: Kingambit|fallen3|[silent]\n|\n|upkeep\n|\n|t:|1700404965\n|switch|p1a: Enamorus|Enamorus, F, tera:Fairy|100\/100\n|turn|18\n|\n|t:|1700404972\n|move|p1a: Enamorus|Earth Power|p2a: Ceruledge\n|-supereffective|p2a: Ceruledge\n|-damage|p2a: Ceruledge|28\/100\n|move|p2a: Ceruledge|Poltergeist|p1a: Enamorus\n|-activate|p1a: Enamorus|move: Poltergeist|Choice Scarf\n|-damage|p1a: Enamorus|11\/100\n|\n|-fieldend|Misty Terrain\n|upkeep\n|turn|19\n|\n|t:|1700404982\n|move|p1a: Enamorus|Earth Power|p2a: Ceruledge\n|-supereffective|p2a: Ceruledge\n|-damage|p2a: Ceruledge|0 fnt\n|faint|p2a: Ceruledge\n|\n|upkeep\n|\n|t:|1700404987\n|switch|p2a: Kingambit|Kingambit, F|89\/100\n|-activate|p2a: Kingambit|ability: Supreme Overlord\n|-start|p2a: Kingambit|fallen5|[silent]\n|turn|20\n|inactive|gesggsg has 240 seconds left.\n|\n|t:|1700404997\n|switch|p1a: Ogerpon|Ogerpon-Wellspring, F|100\/100\n|move|p2a: Kingambit|Iron Head|p1a: Ogerpon\n|-resisted|p1a: Ogerpon\n|-damage|p1a: Ogerpon|57\/100\n|\n|-heal|p2a: Kingambit|95\/100|[from] item: Leftovers\n|upkeep\n|turn|21\n|inactive|gesggsg has 240 seconds left.\n|\n|t:|1700405008\n|move|p1a: Ogerpon|Encore|p2a: Kingambit\n|-start|p2a: Kingambit|Encore\n|move|p2a: Kingambit|Iron Head|p1a: Ogerpon\n|-resisted|p1a: Ogerpon\n|-damage|p1a: Ogerpon|13\/100\n|\n|-heal|p2a: Kingambit|100\/100|[from] item: Leftovers\n|upkeep\n|turn|22\n|\n|t:|1700405017\n|move|p1a: Ogerpon|Ivy Cudgel|p2a: Kingambit|[anim] Ivy Cudgel Water\n|-damage|p2a: Kingambit|57\/100\n|move|p2a: Kingambit|Iron Head|p1a: Ogerpon\n|-resisted|p1a: Ogerpon\n|-crit|p1a: Ogerpon\n|-damage|p1a: Ogerpon|0 fnt\n|faint|p1a: Ogerpon\n|\n|-heal|p2a: Kingambit|63\/100|[from] item: Leftovers\n|upkeep\n|\n|t:|1700405026\n|switch|p1a: Enamorus|Enamorus, F, tera:Fairy|11\/100\n|turn|23\n|\n|t:|1700405034\n|move|p1a: Enamorus|Earth Power|p2a: Kingambit\n|-supereffective|p2a: Kingambit\n|-damage|p2a: Kingambit|2\/100\n|move|p2a: Kingambit|Iron Head|p1a: Enamorus\n|-supereffective|p1a: Enamorus\n|-damage|p1a: Enamorus|0 fnt\n|faint|p1a: Enamorus\n|\n|win|gesggsg\n","uploadtime":1700405042,"views":6,"p1id":"thematouflamme","p2id":"gesggsg","formatid":"gen9ou","rating":0,"private":0,"password":""}