{"id":"gen9ou-1991646133","p1":"punkmag","p2":"Swizzlle","format":"[Gen 9] OU","log":"|j|\u2606punkmag\n|j|\u2606Swizzlle\n|t:|1700097983\n|gametype|singles\n|player|p1|punkmag|waitress-gen4|1291\n|player|p2|Swizzlle|ingo|1340\n|teamsize|p1|6\n|teamsize|p2|6\n|gen|9\n|tier|[Gen 9] OU\n|rated|\n|rule|Sleep Clause Mod: Limit one foe put to sleep\n|rule|Species Clause: Limit one of each Pok\u00e9mon\n|rule|OHKO Clause: OHKO moves are banned\n|rule|Evasion Items Clause: Evasion items are banned\n|rule|Evasion Moves Clause: Evasion moves are banned\n|rule|Endless Battle Clause: Forcing endless battles is banned\n|rule|HP Percentage Mod: HP is shown in percentages\n|clearpoke\n|poke|p1|Dragapult, F|\n|poke|p1|Garchomp, M|\n|poke|p1|Regidrago|\n|poke|p1|Alomomola, M|\n|poke|p1|Corviknight, M|\n|poke|p1|Hoopa|\n|poke|p2|Mudsdale, M|\n|poke|p2|Bellibolt, M|\n|poke|p2|Brambleghast, M|\n|poke|p2|Conkeldurr, M|\n|poke|p2|Umbreon, F|\n|poke|p2|Ursaring, F|\n|teampreview\n|inactive|Battle timer is ON: inactive players will automatically lose when time's up. (requested by punkmag)\n|\n|t:|1700097996\n|start\n|switch|p1a: Regidrago|Regidrago|100\/100\n|switch|p2a: Mudsdale|Mudsdale, M|100\/100\n|turn|1\n|\n|t:|1700098011\n|move|p1a: Regidrago|Draco Meteor|p2a: Mudsdale\n|-crit|p2a: Mudsdale\n|-damage|p2a: Mudsdale|0 fnt\n|-unboost|p1a: Regidrago|spa|2\n|faint|p2a: Mudsdale\n|\n|upkeep\n|\n|t:|1700098019\n|switch|p2a: Ursaring|Ursaring, F|100\/100\n|turn|2\n|\n|t:|1700098033\n|switch|p1a: Hoopa|Hoopa|100\/100\n|move|p2a: Ursaring|Bulk Up|p2a: Ursaring\n|-boost|p2a: Ursaring|atk|1\n|-boost|p2a: Ursaring|def|1\n|\n|upkeep\n|turn|3\n|\n|t:|1700098041\n|move|p1a: Hoopa|Trick|p2a: Ursaring\n|-activate|p1a: Hoopa|move: Trick|[of] p2a: Ursaring\n|-item|p2a: Ursaring|Choice Scarf|[from] move: Trick\n|-item|p1a: Hoopa|Eviolite|[from] move: Trick\n|move|p2a: Ursaring|Play Rough|p1a: Hoopa\n|-damage|p1a: Hoopa|33\/100\n|\n|upkeep\n|turn|4\n|c|\u2606Swizzlle|oh tf\n|\n|t:|1700098057\n|switch|p1a: Corviknight|Corviknight, M|100\/100\n|-ability|p1a: Corviknight|Pressure\n|move|p2a: Ursaring|Play Rough|p1a: Corviknight\n|-resisted|p1a: Corviknight\n|-damage|p1a: Corviknight|88\/100\n|-unboost|p1a: Corviknight|atk|1\n|-damage|p2a: Ursaring|84\/100|[from] item: Rocky Helmet|[of] p1a: Corviknight\n|\n|upkeep\n|turn|5\n|c|\u2606Swizzlle|i thot u were dark\n|\n|t:|1700098073\n|switch|p2a: Conkeldurr|Conkeldurr, M|100\/100\n|move|p1a: Corviknight|Brave Bird|p2a: Conkeldurr\n|-supereffective|p2a: Conkeldurr\n|-crit|p2a: Conkeldurr\n|-damage|p2a: Conkeldurr|0 fnt\n|faint|p2a: Conkeldurr\n|-damage|p1a: Corviknight|54\/100|[from] Recoil\n|\n|upkeep\n|\n|t:|1700098088\n|switch|p2a: Bellibolt|Bellibolt, M|100\/100\n|turn|6\n|c|\u2606Swizzlle|crit god...\n|\n|t:|1700098099\n|move|p1a: Corviknight|Roost|p1a: Corviknight\n|-heal|p1a: Corviknight|100\/100\n|-singleturn|p1a: Corviknight|move: Roost\n|move|p2a: Bellibolt|Toxic|p1a: Corviknight\n|-immune|p1a: Corviknight\n|\n|upkeep\n|turn|7\n|inactive|Swizzlle has 120 seconds left.\n|\n|t:|1700098130\n|move|p1a: Corviknight|U-turn|p2a: Bellibolt\n|-damage|p2a: Bellibolt|91\/100\n|-start|p2a: Bellibolt|Charge|U-turn|[from] ability: Electromorphosis\n|\n|t:|1700098143\n|switch|p1a: Garchomp|Garchomp, M|100\/100|[from] U-turn\n|move|p2a: Bellibolt|Thunderbolt|p1a: Garchomp\n|-immune|p1a: Garchomp\n|-end|p2a: Bellibolt|Charge|[silent]\n|\n|-heal|p2a: Bellibolt|97\/100|[from] item: Leftovers\n|upkeep\n|turn|8\n|inactive|Swizzlle has 120 seconds left.\n|\n|t:|1700098155\n|switch|p2a: Umbreon|Umbreon, F|100\/100\n|move|p1a: Garchomp|Stealth Rock|p2a: Umbreon\n|-sidestart|p2: Swizzlle|move: Stealth Rock\n|\n|upkeep\n|turn|9\n|\n|t:|1700098168\n|move|p1a: Garchomp|Earthquake|p2a: Umbreon\n|-damage|p2a: Umbreon|74\/100\n|move|p2a: Umbreon|Foul Play|p1a: Garchomp\n|-damage|p1a: Garchomp|55\/100\n|-damage|p2a: Umbreon|61\/100|[from] ability: Rough Skin|[of] p1a: Garchomp\n|-damage|p2a: Umbreon|45\/100|[from] item: Rocky Helmet|[of] p1a: Garchomp\n|\n|-heal|p2a: Umbreon|51\/100|[from] item: Leftovers\n|upkeep\n|turn|10\n|\n|t:|1700098180\n|switch|p1a: Alomomola|Alomomola, M|100\/100\n|move|p2a: Umbreon|Wish|p2a: Umbreon\n|\n|-heal|p2a: Umbreon|57\/100|[from] item: Leftovers\n|upkeep\n|turn|11\n|\n|t:|1700098189\n|move|p2a: Umbreon|Toxic|p1a: Alomomola\n|-status|p1a: Alomomola|tox\n|move|p1a: Alomomola|Flip Turn|p2a: Umbreon\n|-damage|p2a: Umbreon|47\/100\n|\n|t:|1700098210\n|switch|p1a: Regidrago|Regidrago|100\/100|[from] Flip Turn\n|\n|-heal|p2a: Umbreon|97\/100|[from] move: Wish|[wisher] Umbreon\n|-heal|p2a: Umbreon|100\/100|[from] item: Leftovers\n|upkeep\n|turn|12\n|\n|t:|1700098222\n|-terastallize|p2a: Umbreon|Fairy\n|move|p1a: Regidrago|Draco Meteor|p2a: Umbreon\n|-immune|p2a: Umbreon\n|move|p2a: Umbreon|Foul Play|p1a: Regidrago\n|-damage|p1a: Regidrago|73\/100\n|\n|upkeep\n|turn|13\n|\n|t:|1700098232\n|switch|p1a: Corviknight|Corviknight, M|100\/100\n|-ability|p1a: Corviknight|Pressure\n|move|p2a: Umbreon|Toxic|p1a: Corviknight|[miss]\n|-miss|p2a: Umbreon|p1a: Corviknight\n|\n|upkeep\n|turn|14\n|\n|t:|1700098243\n|move|p1a: Corviknight|U-turn|p2a: Umbreon\n|-resisted|p2a: Umbreon\n|-damage|p2a: Umbreon|96\/100\n|\n|t:|1700098246\n|switch|p1a: Alomomola|Alomomola, M|100\/100 tox|[from] U-turn\n|move|p2a: Umbreon|Foul Play|p1a: Alomomola\n|-damage|p1a: Alomomola|88\/100 tox\n|\n|-heal|p2a: Umbreon|100\/100|[from] item: Leftovers\n|-damage|p1a: Alomomola|81\/100 tox|[from] psn\n|upkeep\n|turn|15\n|\n|t:|1700098269\n|move|p1a: Alomomola|Wish|p1a: Alomomola\n|move|p2a: Umbreon|Wish|p2a: Umbreon\n|\n|-damage|p1a: Alomomola|69\/100 tox|[from] psn\n|upkeep\n|turn|16\n|\n|t:|1700098282\n|switch|p2a: Ursaring|Ursaring, F|84\/100\n|-damage|p2a: Ursaring|71\/100|[from] Stealth Rock\n|move|p1a: Alomomola|Flip Turn|p2a: Ursaring\n|-damage|p2a: Ursaring|54\/100\n|\n|t:|1700098288\n|switch|p1a: Hoopa|Hoopa|33\/100|[from] Flip Turn\n|\n|-heal|p1a: Hoopa|100\/100|[from] move: Wish|[wisher] Alomomola\n|-heal|p2a: Ursaring|100\/100|[from] move: Wish|[wisher] Umbreon\n|upkeep\n|turn|17\n|\n|t:|1700098302\n|move|p1a: Hoopa|Psychic|p2a: Ursaring\n|-crit|p2a: Ursaring\n|-damage|p2a: Ursaring|31\/100\n|move|p2a: Ursaring|Body Slam|p1a: Hoopa\n|-immune|p1a: Hoopa\n|\n|upkeep\n|turn|18\n|\n|t:|1700098314\n|move|p1a: Hoopa|Psychic|p2a: Ursaring\n|-damage|p2a: Ursaring|0 fnt\n|faint|p2a: Ursaring\n|\n|upkeep\n|\n|t:|1700098323\n|switch|p2a: Umbreon|Umbreon, F, tera:Fairy|100\/100\n|-damage|p2a: Umbreon|88\/100|[from] Stealth Rock\n|turn|19\n|\n|t:|1700098330\n|move|p1a: Hoopa|Trick|p2a: Umbreon\n|-activate|p1a: Hoopa|move: Trick|[of] p2a: Umbreon\n|-item|p2a: Umbreon|Eviolite|[from] move: Trick\n|-item|p1a: Hoopa|Leftovers|[from] move: Trick\n|move|p2a: Umbreon|Foul Play|p1a: Hoopa\n|-supereffective|p1a: Hoopa\n|-damage|p1a: Hoopa|0 fnt\n|faint|p1a: Hoopa\n|\n|upkeep\n|\n|t:|1700098343\n|switch|p1a: Garchomp|Garchomp, M|55\/100\n|turn|20\n|\n|t:|1700098358\n|move|p1a: Garchomp|Iron Head|p2a: Umbreon\n|-supereffective|p2a: Umbreon\n|-damage|p2a: Umbreon|58\/100\n|move|p2a: Umbreon|Toxic|p1a: Garchomp\n|-status|p1a: Garchomp|tox\n|\n|-damage|p1a: Garchomp|49\/100 tox|[from] psn\n|upkeep\n|turn|21\n|\n|t:|1700098372\n|move|p1a: Garchomp|Iron Head|p2a: Umbreon\n|-supereffective|p2a: Umbreon\n|-damage|p2a: Umbreon|27\/100\n|cant|p2a: Umbreon|flinch\n|\n|-damage|p1a: Garchomp|36\/100 tox|[from] psn\n|upkeep\n|turn|22\n|\n|t:|1700098384\n|move|p2a: Umbreon|Protect|p2a: Umbreon\n|-singleturn|p2a: Umbreon|Protect\n|move|p1a: Garchomp|Iron Head|p2a: Umbreon\n|-activate|p2a: Umbreon|move: Protect\n|\n|-damage|p1a: Garchomp|18\/100 tox|[from] psn\n|upkeep\n|turn|23\n|c|\u2606Swizzlle|ur good but ur luck is crzy holy moly\n|\n|t:|1700098398\n|switch|p1a: Alomomola|Alomomola, M|100\/100 tox\n|switch|p2a: Brambleghast|Brambleghast, M|100\/100\n|\n|-damage|p1a: Alomomola|94\/100 tox|[from] psn\n|upkeep\n|turn|24\n|\n|t:|1700098408\n|move|p1a: Alomomola|Protect|p1a: Alomomola\n|-singleturn|p1a: Alomomola|Protect\n|move|p2a: Brambleghast|Power Whip|p1a: Alomomola\n|-activate|p1a: Alomomola|move: Protect\n|\n|-damage|p1a: Alomomola|82\/100 tox|[from] psn\n|upkeep\n|turn|25\n|\n|t:|1700098417\n|switch|p1a: Corviknight|Corviknight, M|100\/100\n|-ability|p1a: Corviknight|Pressure\n|move|p2a: Brambleghast|Rapid Spin|p1a: Corviknight\n|-resisted|p1a: Corviknight\n|-damage|p1a: Corviknight|95\/100\n|-boost|p2a: Brambleghast|spe|1\n|-damage|p2a: Brambleghast|84\/100|[from] item: Rocky Helmet|[of] p1a: Corviknight\n|-sideend|p2: Swizzlle|Stealth Rock|[from] move: Rapid Spin|[of] p2a: Brambleghast\n|\n|upkeep\n|turn|26\n|\n|t:|1700098432\n|switch|p2a: Bellibolt|Bellibolt, M|97\/100\n|move|p1a: Corviknight|Brave Bird|p2a: Bellibolt\n|-resisted|p2a: Bellibolt\n|-damage|p2a: Bellibolt|82\/100\n|-start|p2a: Bellibolt|Charge|Brave Bird|[from] ability: Electromorphosis\n|-damage|p1a: Corviknight|90\/100|[from] Recoil\n|\n|-heal|p2a: Bellibolt|88\/100|[from] item: Leftovers\n|upkeep\n|turn|27\n|\n|t:|1700098446\n|move|p1a: Corviknight|U-turn|p2a: Bellibolt\n|-crit|p2a: Bellibolt\n|-damage|p2a: Bellibolt|68\/100\n|-start|p2a: Bellibolt|Charge|U-turn|[from] ability: Electromorphosis\n|\n|t:|1700098462\n|switch|p1a: Regidrago|Regidrago|73\/100|[from] U-turn\n|move|p2a: Bellibolt|Tera Blast|p1a: Regidrago\n|-damage|p1a: Regidrago|58\/100\n|\n|-heal|p2a: Bellibolt|74\/100|[from] item: Leftovers\n|upkeep\n|turn|28\n|\n|t:|1700098471\n|switch|p2a: Umbreon|Umbreon, F, tera:Fairy|27\/100\n|move|p1a: Regidrago|Earth Power|p2a: Umbreon\n|-damage|p2a: Umbreon|0 fnt\n|faint|p2a: Umbreon\n|\n|upkeep\n|\n|t:|1700098480\n|switch|p2a: Brambleghast|Brambleghast, M|84\/100\n|turn|29\n|\n|t:|1700098485\n|switch|p1a: Dragapult|Dragapult, F|100\/100\n|move|p2a: Brambleghast|Poltergeist|p1a: Dragapult\n|-activate|p1a: Dragapult|move: Poltergeist|Choice Specs\n|-supereffective|p1a: Dragapult\n|-damage|p1a: Dragapult|0 fnt\n|faint|p1a: Dragapult\n|\n|upkeep\n|\n|t:|1700098496\n|switch|p1a: Corviknight|Corviknight, M|90\/100\n|-ability|p1a: Corviknight|Pressure\n|turn|30\n|\n|t:|1700098501\n|switch|p2a: Bellibolt|Bellibolt, M|74\/100\n|move|p1a: Corviknight|U-turn|p2a: Bellibolt\n|-crit|p2a: Bellibolt\n|-damage|p2a: Bellibolt|56\/100\n|-start|p2a: Bellibolt|Charge|U-turn|[from] ability: Electromorphosis\n|\n|t:|1700098510\n|switch|p1a: Regidrago|Regidrago|58\/100|[from] U-turn\n|\n|-heal|p2a: Bellibolt|62\/100|[from] item: Leftovers\n|upkeep\n|turn|31\n|\n|t:|1700098517\n|switch|p2a: Brambleghast|Brambleghast, M|84\/100\n|move|p1a: Regidrago|Draco Meteor|p2a: Brambleghast\n|-damage|p2a: Brambleghast|0 fnt\n|-unboost|p1a: Regidrago|spa|2\n|faint|p2a: Brambleghast\n|\n|upkeep\n|\n|t:|1700098525\n|switch|p2a: Bellibolt|Bellibolt, M|62\/100\n|turn|32\n|\n|t:|1700098535\n|switch|p1a: Alomomola|Alomomola, M|100\/100 tox\n|move|p2a: Bellibolt|Slack Off|p2a: Bellibolt\n|-heal|p2a: Bellibolt|100\/100\n|\n|-damage|p1a: Alomomola|94\/100 tox|[from] psn\n|upkeep\n|turn|33\n|inactive|Swizzlle has 120 seconds left.\n|\n|t:|1700098585\n|move|p1a: Alomomola|Wish|p1a: Alomomola\n|move|p2a: Bellibolt|Thunderbolt|p1a: Alomomola\n|-supereffective|p1a: Alomomola\n|-damage|p1a: Alomomola|13\/100 tox\n|\n|-damage|p1a: Alomomola|1\/100 tox|[from] psn\n|upkeep\n|turn|34\n|\n|t:|1700098592\n|switch|p1a: Regidrago|Regidrago|58\/100\n|move|p2a: Bellibolt|Toxic|p1a: Regidrago\n|-status|p1a: Regidrago|tox\n|\n|-heal|p1a: Regidrago|100\/100 tox|[from] move: Wish|[wisher] Alomomola\n|-damage|p1a: Regidrago|94\/100 tox|[from] psn\n|upkeep\n|turn|35\n|\n|t:|1700098613\n|move|p1a: Regidrago|Earth Power|p2a: Bellibolt\n|-supereffective|p2a: Bellibolt\n|-damage|p2a: Bellibolt|47\/100\n|-start|p2a: Bellibolt|Charge|Earth Power|[from] ability: Electromorphosis\n|move|p2a: Bellibolt|Slack Off|p2a: Bellibolt\n|-heal|p2a: Bellibolt|97\/100\n|\n|-heal|p2a: Bellibolt|100\/100|[from] item: Leftovers\n|-damage|p1a: Regidrago|82\/100 tox|[from] psn\n|upkeep\n|turn|36\n|\n|t:|1700098632\n|move|p1a: Regidrago|Earth Power|p2a: Bellibolt\n|-supereffective|p2a: Bellibolt\n|-damage|p2a: Bellibolt|45\/100\n|-start|p2a: Bellibolt|Charge|Earth Power|[from] ability: Electromorphosis\n|move|p2a: Bellibolt|Slack Off|p2a: Bellibolt\n|-heal|p2a: Bellibolt|95\/100\n|\n|-heal|p2a: Bellibolt|100\/100|[from] item: Leftovers\n|-damage|p1a: Regidrago|64\/100 tox|[from] psn\n|upkeep\n|turn|37\n|inactive|Swizzlle has 90 seconds left.\n|\n|t:|1700098658\n|move|p1a: Regidrago|Earth Power|p2a: Bellibolt\n|-supereffective|p2a: Bellibolt\n|-damage|p2a: Bellibolt|42\/100\n|-start|p2a: Bellibolt|Charge|Earth Power|[from] ability: Electromorphosis\n|move|p2a: Bellibolt|Slack Off|p2a: Bellibolt\n|-heal|p2a: Bellibolt|92\/100\n|\n|-heal|p2a: Bellibolt|98\/100|[from] item: Leftovers\n|-damage|p1a: Regidrago|39\/100 tox|[from] psn\n|upkeep\n|turn|38\n|inactive|Swizzlle has 60 seconds left.\n|inactive|Swizzlle has 30 seconds left.\n|inactive|Swizzlle has 20 seconds left.\n|\n|t:|1700098733\n|switch|p1a: Alomomola|Alomomola, M|34\/100 tox\n|move|p2a: Bellibolt|Slack Off|p2a: Bellibolt\n|-heal|p2a: Bellibolt|100\/100\n|\n|-damage|p1a: Alomomola|28\/100 tox|[from] psn\n|upkeep\n|turn|39\n|inactive|Swizzlle has 30 seconds left this turn.\n|inactive|punkmag has 120 seconds left.\n|\n|t:|1700098764\n|move|p1a: Alomomola|Wish|p1a: Alomomola\n|move|p2a: Bellibolt|Thunderbolt|p1a: Alomomola\n|-supereffective|p1a: Alomomola\n|-damage|p1a: Alomomola|0 fnt\n|faint|p1a: Alomomola\n|-end|p2a: Bellibolt|Charge|[silent]\n|\n|upkeep\n|inactive|Swizzlle has 30 seconds left this turn.\n|\n|t:|1700098773\n|switch|p1a: Garchomp|Garchomp, M|18\/100 tox\n|turn|40\n|\n|t:|1700098780\n|move|p1a: Garchomp|Earthquake|p2a: Bellibolt\n|-supereffective|p2a: Bellibolt\n|-damage|p2a: Bellibolt|22\/100\n|-start|p2a: Bellibolt|Charge|Earthquake|[from] ability: Electromorphosis\n|move|p2a: Bellibolt|Tera Blast|p1a: Garchomp\n|-damage|p1a: Garchomp|1\/100 tox\n|\n|-heal|p1a: Garchomp|76\/100 tox|[from] move: Wish|[wisher] Alomomola\n|-heal|p2a: Bellibolt|28\/100|[from] item: Leftovers\n|-damage|p1a: Garchomp|70\/100 tox|[from] psn\n|upkeep\n|turn|41\n|j| TreekyBoy\n|c|\u2606Swizzlle|gg\n|inactive|Swizzlle has 30 seconds left.\n|c|\u2606Swizzlle|at least say that\n|inactive|Swizzlle has 20 seconds left.\n|\n|t:|1700098809\n|move|p1a: Garchomp|Earthquake|p2a: Bellibolt\n|-supereffective|p2a: Bellibolt\n|-damage|p2a: Bellibolt|0 fnt\n|faint|p2a: Bellibolt\n|\n|win|punkmag\n|inactive|Swizzlle has 25 seconds left this turn.\n|raw|punkmag's rating: 1291 &rarr; <strong>1320<\/strong><br \/>(+29 for winning)\n|raw|Swizzlle's rating: 1340 &rarr; <strong>1317<\/strong><br \/>(-23 for losing)\n|l|\u2606Swizzlle\n|n|\u2606punkmag|punkmag\n|l| TreekyBoy\n|c|\u2606punkmag|gg\n|c|\u2606punkmag|didnt have an account\n","uploadtime":1700098856,"views":12,"p1id":"punkmag","p2id":"swizzlle","formatid":"gen9ou","rating":1317,"private":0,"password":""}