{"id":"gen9ou-1994313663","p1":"Audio Peel","p2":"darkman64","format":"[Gen 9] OU","log":"|j|\u2606Audio Peel\n|j|\u2606darkman64\n|t:|1700430042\n|gametype|singles\n|player|p1|Audio Peel|170|1751\n|player|p2|darkman64|juan|1728\n|teamsize|p1|6\n|teamsize|p2|6\n|gen|9\n|tier|[Gen 9] OU\n|rated|\n|rule|Sleep Clause Mod: Limit one foe put to sleep\n|rule|Species Clause: Limit one of each Pok\u00e9mon\n|rule|OHKO Clause: OHKO moves are banned\n|rule|Evasion Items Clause: Evasion items are banned\n|rule|Evasion Moves Clause: Evasion moves are banned\n|rule|Endless Battle Clause: Forcing endless battles is banned\n|rule|HP Percentage Mod: HP is shown in percentages\n|clearpoke\n|poke|p1|Garganacl, M|\n|poke|p1|Corviknight, F|\n|poke|p1|Tornadus-Therian, M|\n|poke|p1|Zamazenta-*|\n|poke|p1|Ting-Lu|\n|poke|p1|Dragapult, M|\n|poke|p2|Zoroark-Hisui, M|\n|poke|p2|Kingambit, M|\n|poke|p2|Toxapex, F|\n|poke|p2|Dondozo, M|\n|poke|p2|Meowscarada, F|\n|poke|p2|Great Tusk|\n|teampreview\n|j| DigitalSama\n|\n|t:|1700430058\n|start\n|switch|p1a: Tornadus|Tornadus-Therian, M|100\/100\n|switch|p2a: Meowscarada|Meowscarada, F|100\/100\n|turn|1\n|\n|t:|1700430102\n|move|p1a: Tornadus|U-turn|p2a: Meowscarada\n|-resisted|p2a: Meowscarada\n|-damage|p2a: Meowscarada|87\/100\n|replace|p2a: Zoroark|Zoroark-Hisui, M\n|-end|p2a: Zoroark|Illusion\n|\n|t:|1700430107\n|switch|p1a: Garganacl|Garganacl, M|100\/100|[from] U-turn\n|move|p2a: Zoroark|Hyper Voice|p1a: Garganacl\n|-resisted|p1a: Garganacl\n|-damage|p1a: Garganacl|79\/100\n|\n|-heal|p1a: Garganacl|85\/100|[from] item: Leftovers\n|upkeep\n|turn|2\n|j| Ashfak\n|\n|t:|1700430160\n|switch|p2a: Great Tusk|Great Tusk, shiny|100\/100\n|move|p1a: Garganacl|Salt Cure|p2a: Great Tusk\n|-resisted|p2a: Great Tusk\n|-damage|p2a: Great Tusk|99\/100\n|-start|p2a: Great Tusk|Salt Cure\n|\n|-heal|p2a: Great Tusk|100\/100|[from] item: Leftovers\n|-heal|p1a: Garganacl|91\/100|[from] item: Leftovers\n|-damage|p2a: Great Tusk|88\/100|[from] Salt Cure\n|upkeep\n|turn|3\n|\n|t:|1700430169\n|move|p2a: Great Tusk|Stealth Rock|p1a: Garganacl\n|-sidestart|p1: Audio Peel|move: Stealth Rock\n|move|p1a: Garganacl|Iron Defense|p1a: Garganacl\n|-boost|p1a: Garganacl|def|2\n|\n|-heal|p2a: Great Tusk|94\/100|[from] item: Leftovers\n|-heal|p1a: Garganacl|98\/100|[from] item: Leftovers\n|-damage|p2a: Great Tusk|82\/100|[from] Salt Cure\n|upkeep\n|turn|4\n|\n|t:|1700430173\n|move|p2a: Great Tusk|Knock Off|p1a: Garganacl\n|-damage|p1a: Garganacl|89\/100\n|-enditem|p1a: Garganacl|Leftovers|[from] move: Knock Off|[of] p2a: Great Tusk\n|move|p1a: Garganacl|Salt Cure|p2a: Great Tusk\n|-resisted|p2a: Great Tusk\n|-damage|p2a: Great Tusk|80\/100\n|\n|-heal|p2a: Great Tusk|86\/100|[from] item: Leftovers\n|-damage|p2a: Great Tusk|74\/100|[from] Salt Cure\n|upkeep\n|turn|5\n|\n|t:|1700430176\n|move|p2a: Great Tusk|Earthquake|p1a: Garganacl\n|-supereffective|p1a: Garganacl\n|-damage|p1a: Garganacl|60\/100\n|move|p1a: Garganacl|Iron Defense|p1a: Garganacl\n|-boost|p1a: Garganacl|def|2\n|\n|-heal|p2a: Great Tusk|80\/100|[from] item: Leftovers\n|-damage|p2a: Great Tusk|68\/100|[from] Salt Cure\n|upkeep\n|turn|6\n|\n|t:|1700430178\n|move|p2a: Great Tusk|Earthquake|p1a: Garganacl\n|-supereffective|p1a: Garganacl\n|-damage|p1a: Garganacl|41\/100\n|move|p1a: Garganacl|Recover|p1a: Garganacl\n|-heal|p1a: Garganacl|91\/100\n|\n|-heal|p2a: Great Tusk|74\/100|[from] item: Leftovers\n|-damage|p2a: Great Tusk|61\/100|[from] Salt Cure\n|upkeep\n|turn|7\n|\n|t:|1700430182\n|move|p2a: Great Tusk|Earthquake|p1a: Garganacl\n|-supereffective|p1a: Garganacl\n|-damage|p1a: Garganacl|70\/100\n|move|p1a: Garganacl|Body Press|p2a: Great Tusk\n|-damage|p2a: Great Tusk|30\/100\n|\n|-heal|p2a: Great Tusk|37\/100|[from] item: Leftovers\n|-damage|p2a: Great Tusk|24\/100|[from] Salt Cure\n|upkeep\n|turn|8\n|\n|t:|1700430185\n|move|p2a: Great Tusk|Earthquake|p1a: Garganacl\n|-supereffective|p1a: Garganacl\n|-damage|p1a: Garganacl|49\/100\n|move|p1a: Garganacl|Salt Cure|p2a: Great Tusk\n|-resisted|p2a: Great Tusk\n|-damage|p2a: Great Tusk|23\/100\n|\n|-heal|p2a: Great Tusk|29\/100|[from] item: Leftovers\n|-damage|p2a: Great Tusk|16\/100|[from] Salt Cure\n|upkeep\n|turn|9\n|\n|t:|1700430189\n|-end|p2a: Great Tusk|Protosynthesis|[silent]\n|switch|p2a: Meowscarada|Meowscarada, F|100\/100\n|move|p1a: Garganacl|Recover|p1a: Garganacl\n|-heal|p1a: Garganacl|99\/100\n|\n|upkeep\n|turn|10\n|\n|t:|1700430192\n|switch|p1a: Corviknight|Corviknight, F|100\/100\n|-damage|p1a: Corviknight|88\/100|[from] Stealth Rock\n|-ability|p1a: Corviknight|Pressure\n|-terastallize|p2a: Meowscarada|Grass\n|move|p2a: Meowscarada|Flower Trick|p1a: Corviknight\n|-resisted|p1a: Corviknight\n|-crit|p1a: Corviknight\n|-damage|p1a: Corviknight|74\/100\n|\n|upkeep\n|turn|11\n|\n|t:|1700430202\n|switch|p2a: Great Tusk|Great Tusk, shiny|87\/100\n|move|p1a: Corviknight|Defog|p2a: Great Tusk\n|-unboost|p2a: Great Tusk|evasion|1\n|-sideend|p1: Audio Peel|Stealth Rock|[from] move: Defog|[of] p1a: Corviknight\n|\n|upkeep\n|turn|12\n|\n|t:|1700430214\n|switch|p1a: Tornadus|Tornadus-Therian, M|100\/100\n|move|p2a: Great Tusk|Flamethrower|p1a: Tornadus\n|-damage|p1a: Tornadus|41\/100\n|\n|upkeep\n|turn|13\n|\n|t:|1700430219\n|switch|p2a: Great Tusk|Great Tusk, shiny|16\/100\n|move|p1a: Tornadus|Knock Off|p2a: Great Tusk\n|-resisted|p2a: Great Tusk\n|-damage|p2a: Great Tusk|12\/100\n|-enditem|p2a: Great Tusk|Leftovers|[from] move: Knock Off|[of] p1a: Tornadus\n|\n|upkeep\n|turn|14\n|\n|t:|1700430224\n|move|p1a: Tornadus|Heat Wave|p2a: Great Tusk\n|-damage|p2a: Great Tusk|0 fnt\n|faint|p2a: Great Tusk\n|-end|p2a: Great Tusk|Protosynthesis|[silent]\n|\n|upkeep\n|\n|t:|1700430228\n|switch|p2a: Meowscarada|Meowscarada, F, tera:Grass|100\/100\n|turn|15\n|\n|t:|1700430235\n|switch|p1a: Corviknight|Corviknight, F|74\/100\n|-ability|p1a: Corviknight|Pressure\n|move|p2a: Meowscarada|Flower Trick|p1a: Corviknight\n|-resisted|p1a: Corviknight\n|-crit|p1a: Corviknight\n|-damage|p1a: Corviknight|60\/100\n|\n|upkeep\n|turn|16\n|\n|t:|1700430242\n|switch|p2a: Meowscarada|Meowscarada, F|87\/100\n|move|p1a: Corviknight|Roost|p1a: Corviknight\n|-heal|p1a: Corviknight|100\/100\n|-singleturn|p1a: Corviknight|move: Roost\n|\n|upkeep\n|-start|p2a: Meowscarada|typechange|Grass|[silent]\n|turn|17\n|\n|t:|1700430250\n|switch|p1a: Ting-Lu|Ting-Lu|100\/100\n|-ability|p1a: Ting-Lu|Vessel of Ruin\n|move|p2a: Meowscarada|Flamethrower|p1a: Ting-Lu\n|-damage|p1a: Ting-Lu|81\/100\n|\n|-heal|p1a: Ting-Lu|88\/100|[from] item: Leftovers\n|upkeep\n|turn|18\n|\n|t:|1700430258\n|switch|p2a: Meowscarada|Meowscarada, F, tera:Grass|100\/100\n|move|p1a: Ting-Lu|Spikes|p2a: Meowscarada\n|-sidestart|p2: darkman64|Spikes\n|\n|-heal|p1a: Ting-Lu|94\/100|[from] item: Leftovers\n|upkeep\n|turn|19\n|\n|t:|1700430270\n|-terastallize|p1a: Ting-Lu|Poison\n|move|p2a: Meowscarada|Knock Off|p1a: Ting-Lu\n|-damage|p1a: Ting-Lu|58\/100\n|-enditem|p1a: Ting-Lu|Leftovers|[from] move: Knock Off|[of] p2a: Meowscarada\n|move|p1a: Ting-Lu|Stealth Rock|p2a: Meowscarada\n|-sidestart|p2: darkman64|move: Stealth Rock\n|\n|upkeep\n|turn|20\n|j| Ctannn\n|\n|t:|1700430274\n|move|p2a: Meowscarada|Knock Off|p1a: Ting-Lu\n|-crit|p1a: Ting-Lu\n|-damage|p1a: Ting-Lu|24\/100\n|move|p1a: Ting-Lu|Spikes|p2a: Meowscarada\n|-sidestart|p2: darkman64|Spikes\n|\n|upkeep\n|turn|21\n|\n|t:|1700430277\n|move|p2a: Meowscarada|Knock Off|p1a: Ting-Lu\n|-damage|p1a: Ting-Lu|2\/100\n|move|p1a: Ting-Lu|Spikes|p2a: Meowscarada\n|-sidestart|p2: darkman64|Spikes\n|\n|upkeep\n|turn|22\n|\n|t:|1700430284\n|move|p2a: Meowscarada|Knock Off|p1a: Ting-Lu\n|-damage|p1a: Ting-Lu|0 fnt\n|faint|p1a: Ting-Lu\n|\n|upkeep\n|\n|t:|1700430291\n|switch|p1a: Zamazenta|Zamazenta|100\/100\n|-ability|p1a: Zamazenta|Dauntless Shield|boost\n|-boost|p1a: Zamazenta|def|1\n|turn|23\n|\n|t:|1700430295\n|switch|p2a: Meowscarada|Meowscarada, F|87\/100\n|-damage|p2a: Meowscarada|62\/100|[from] Spikes\n|-damage|p2a: Meowscarada|50\/100|[from] Stealth Rock\n|move|p1a: Zamazenta|Substitute|p1a: Zamazenta\n|-start|p1a: Zamazenta|Substitute\n|-damage|p1a: Zamazenta|76\/100\n|\n|-heal|p1a: Zamazenta|82\/100|[from] item: Leftovers\n|upkeep\n|-start|p2a: Meowscarada|typechange|Grass|[silent]\n|turn|24\n|\n|t:|1700430298\n|move|p1a: Zamazenta|Crunch|p2a: Meowscarada\n|-supereffective|p2a: Meowscarada\n|-damage|p2a: Meowscarada|0 fnt\n|replace|p2a: Zoroark|Zoroark-Hisui, M\n|-end|p2a: Zoroark|Illusion\n|faint|p2a: Zoroark\n|\n|-heal|p1a: Zamazenta|88\/100|[from] item: Leftovers\n|upkeep\n|\n|t:|1700430300\n|switch|p2a: Dondozo|Dondozo, M|100\/100\n|-damage|p2a: Dondozo|75\/100|[from] Spikes\n|-damage|p2a: Dondozo|63\/100|[from] Stealth Rock\n|turn|25\n|\n|t:|1700430304\n|switch|p1a: Tornadus|Tornadus-Therian, M|74\/100\n|move|p2a: Dondozo|Curse|p2a: Dondozo\n|-unboost|p2a: Dondozo|spe|1\n|-boost|p2a: Dondozo|atk|1\n|-boost|p2a: Dondozo|def|1\n|\n|-heal|p2a: Dondozo|69\/100|[from] item: Leftovers\n|upkeep\n|turn|26\n|\n|t:|1700430310\n|move|p1a: Tornadus|Knock Off|p2a: Dondozo\n|-damage|p2a: Dondozo|61\/100\n|-enditem|p2a: Dondozo|Leftovers|[from] move: Knock Off|[of] p1a: Tornadus\n|move|p2a: Dondozo|Avalanche|p1a: Tornadus\n|-supereffective|p1a: Tornadus\n|-damage|p1a: Tornadus|0 fnt\n|faint|p1a: Tornadus\n|\n|upkeep\n|\n|t:|1700430318\n|switch|p1a: Dragapult|Dragapult, M|100\/100\n|turn|27\n|\n|t:|1700430330\n|move|p1a: Dragapult|U-turn|p2a: Dondozo\n|-crit|p2a: Dondozo\n|-damage|p2a: Dondozo|44\/100\n|\n|t:|1700430336\n|switch|p1a: Garganacl|Garganacl, M|99\/100|[from] U-turn\n|move|p2a: Dondozo|Avalanche|p1a: Garganacl\n|-damage|p1a: Garganacl|85\/100\n|\n|upkeep\n|turn|28\n|\n|t:|1700430345\n|move|p1a: Garganacl|Iron Defense|p1a: Garganacl\n|-boost|p1a: Garganacl|def|2\n|move|p2a: Dondozo|Wave Crash|p1a: Garganacl\n|-supereffective|p1a: Garganacl\n|-damage|p1a: Garganacl|4\/100\n|-damage|p2a: Dondozo|23\/100|[from] Recoil\n|\n|upkeep\n|turn|29\n|\n|t:|1700430351\n|switch|p1a: Corviknight|Corviknight, F|100\/100\n|-ability|p1a: Corviknight|Pressure\n|move|p2a: Dondozo|Wave Crash|p1a: Corviknight\n|-damage|p1a: Corviknight|64\/100\n|-damage|p2a: Dondozo|6\/100|[from] item: Rocky Helmet|[of] p1a: Corviknight\n|-damage|p2a: Dondozo|0 fnt|[from] Recoil\n|faint|p2a: Dondozo\n|\n|upkeep\n|\n|t:|1700430359\n|switch|p2a: Meowscarada|Meowscarada, F, tera:Grass|100\/100\n|-damage|p2a: Meowscarada|76\/100|[from] Spikes\n|-damage|p2a: Meowscarada|63\/100|[from] Stealth Rock\n|turn|30\n|\n|t:|1700430363\n|move|p2a: Meowscarada|Knock Off|p1a: Corviknight\n|-damage|p1a: Corviknight|21\/100\n|-damage|p2a: Meowscarada|47\/100|[from] item: Rocky Helmet|[of] p1a: Corviknight\n|-enditem|p1a: Corviknight|Rocky Helmet|[from] move: Knock Off|[of] p2a: Meowscarada\n|move|p1a: Corviknight|Roost|p1a: Corviknight\n|-heal|p1a: Corviknight|71\/100\n|-singleturn|p1a: Corviknight|move: Roost\n|\n|upkeep\n|turn|31\n|\n|t:|1700430386\n|move|p2a: Meowscarada|Knock Off|p1a: Corviknight\n|-damage|p1a: Corviknight|46\/100\n|move|p1a: Corviknight|Roost|p1a: Corviknight\n|-heal|p1a: Corviknight|96\/100\n|-singleturn|p1a: Corviknight|move: Roost\n|\n|upkeep\n|turn|32\n|\n|t:|1700430389\n|move|p2a: Meowscarada|Knock Off|p1a: Corviknight\n|-damage|p1a: Corviknight|69\/100\n|move|p1a: Corviknight|U-turn|p2a: Meowscarada\n|-supereffective|p2a: Meowscarada\n|-damage|p2a: Meowscarada|5\/100\n|\n|t:|1700430398\n|switch|p1a: Dragapult|Dragapult, M|100\/100|[from] U-turn\n|\n|upkeep\n|turn|33\n|inactive|Battle timer is ON: inactive players will automatically lose when time's up. (requested by Audio Peel)\n|inactive|darkman64 has 120 seconds left.\n|\n|t:|1700430467\n|move|p1a: Dragapult|U-turn|p2a: Meowscarada\n|-supereffective|p2a: Meowscarada\n|-damage|p2a: Meowscarada|0 fnt\n|faint|p2a: Meowscarada\n|\n|t:|1700430474\n|switch|p1a: Zamazenta|Zamazenta|88\/100|[from] U-turn\n|\n|-heal|p1a: Zamazenta|94\/100|[from] item: Leftovers\n|upkeep\n|inactive|darkman64 has 120 seconds left.\n|\n|t:|1700430515\n|switch|p2a: Toxapex|Toxapex, F|100\/100\n|-damage|p2a: Toxapex|76\/100|[from] Spikes\n|-damage|p2a: Toxapex|64\/100|[from] Stealth Rock\n|turn|34\n|c|\u2606darkman64|gg\n|\n|t:|1700430519\n|switch|p1a: Garganacl|Garganacl, M|4\/100\n|move|p2a: Toxapex|Infestation|p1a: Garganacl\n|-damage|p1a: Garganacl|1\/100\n|-activate|p1a: Garganacl|move: Infestation|[of] p2a: Toxapex\n|\n|-damage|p1a: Garganacl|0 fnt|[from] move: Infestation|[partiallytrapped]\n|faint|p1a: Garganacl\n|upkeep\n|\n|t:|1700430524\n|switch|p1a: Zamazenta|Zamazenta|94\/100\n|turn|35\n|c|\u2606Audio Peel|gg\n|j| isoptera\n|\n|t:|1700430535\n|move|p1a: Zamazenta|Substitute|p1a: Zamazenta\n|-start|p1a: Zamazenta|Substitute\n|-damage|p1a: Zamazenta|69\/100\n|move|p2a: Toxapex|Sludge Bomb|p1a: Zamazenta\n|-activate|p1a: Zamazenta|move: Substitute|[damage]\n|\n|-heal|p1a: Zamazenta|76\/100|[from] item: Leftovers\n|upkeep\n|turn|36\n|\n|t:|1700430540\n|move|p1a: Zamazenta|Iron Defense|p1a: Zamazenta\n|-boost|p1a: Zamazenta|def|2\n|move|p2a: Toxapex|Sludge Bomb|p1a: Zamazenta\n|-end|p1a: Zamazenta|Substitute\n|\n|-heal|p1a: Zamazenta|82\/100|[from] item: Leftovers\n|upkeep\n|turn|37\n|\n|t:|1700430546\n|move|p1a: Zamazenta|Substitute|p1a: Zamazenta\n|-start|p1a: Zamazenta|Substitute\n|-damage|p1a: Zamazenta|57\/100\n|move|p2a: Toxapex|Sludge Bomb|p1a: Zamazenta\n|-activate|p1a: Zamazenta|move: Substitute|[damage]\n|\n|-heal|p1a: Zamazenta|63\/100|[from] item: Leftovers\n|upkeep\n|turn|38\n|\n|t:|1700430551\n|move|p1a: Zamazenta|Iron Defense|p1a: Zamazenta\n|-boost|p1a: Zamazenta|def|2\n|move|p2a: Toxapex|Sludge Bomb|p1a: Zamazenta\n|-end|p1a: Zamazenta|Substitute\n|\n|-heal|p1a: Zamazenta|69\/100|[from] item: Leftovers\n|upkeep\n|turn|39\n|\n|t:|1700430558\n|move|p1a: Zamazenta|Substitute|p1a: Zamazenta\n|-start|p1a: Zamazenta|Substitute\n|-damage|p1a: Zamazenta|45\/100\n|move|p2a: Toxapex|Sludge Bomb|p1a: Zamazenta\n|-activate|p1a: Zamazenta|move: Substitute|[damage]\n|\n|-heal|p1a: Zamazenta|51\/100|[from] item: Leftovers\n|upkeep\n|turn|40\n|\n|t:|1700430561\n|move|p1a: Zamazenta|Iron Defense|p1a: Zamazenta\n|-boost|p1a: Zamazenta|def|2\n|move|p2a: Toxapex|Sludge Bomb|p1a: Zamazenta\n|-end|p1a: Zamazenta|Substitute\n|\n|-heal|p1a: Zamazenta|57\/100|[from] item: Leftovers\n|upkeep\n|turn|41\n|\n|t:|1700430563\n|move|p1a: Zamazenta|Substitute|p1a: Zamazenta\n|-start|p1a: Zamazenta|Substitute\n|-damage|p1a: Zamazenta|32\/100\n|move|p2a: Toxapex|Sludge Bomb|p1a: Zamazenta\n|-activate|p1a: Zamazenta|move: Substitute|[damage]\n|\n|-heal|p1a: Zamazenta|38\/100|[from] item: Leftovers\n|upkeep\n|turn|42\n|\n|t:|1700430566\n|move|p1a: Zamazenta|Body Press|p2a: Toxapex\n|-resisted|p2a: Toxapex\n|-damage|p2a: Toxapex|23\/100\n|move|p2a: Toxapex|Sludge Bomb|p1a: Zamazenta\n|-end|p1a: Zamazenta|Substitute\n|\n|-heal|p1a: Zamazenta|45\/100|[from] item: Leftovers\n|upkeep\n|turn|43\n|\n|t:|1700430570\n|move|p1a: Zamazenta|Body Press|p2a: Toxapex\n|-resisted|p2a: Toxapex\n|-damage|p2a: Toxapex|0 fnt\n|faint|p2a: Toxapex\n|\n|-heal|p1a: Zamazenta|51\/100|[from] item: Leftovers\n|upkeep\n|-message|darkman64 forfeited.\n|\n|win|Audio Peel\n|raw|Audio Peel's rating: 1751 &rarr; <strong>1768<\/strong><br \/>(+17 for winning)\n|raw|darkman64's rating: 1704 &rarr; <strong>1687<\/strong><br \/>(-17 for losing)\n|l|\u2606darkman64\n|l| Ctannn\n","uploadtime":1700430590,"views":23,"p1id":"audiopeel","p2id":"darkman64","formatid":"gen9ou","rating":1687,"private":0,"password":""}