{"id":"gen9ou-1995709062","p1":"OSOGOF","p2":"satanicdoggo999","format":"[Gen 9] OU","log":"|j|\u2606OSOGOF\n|j|\u2606satanicdoggo999\n|t:|1700595886\n|gametype|singles\n|player|p1|OSOGOF|ballguy|1100\n|player|p2|satanicdoggo999|1|1045\n|teamsize|p1|6\n|teamsize|p2|6\n|gen|9\n|tier|[Gen 9] OU\n|rated|\n|rule|Sleep Clause Mod: Limit one foe put to sleep\n|rule|Species Clause: Limit one of each Pok\u00e9mon\n|rule|OHKO Clause: OHKO moves are banned\n|rule|Evasion Items Clause: Evasion items are banned\n|rule|Evasion Moves Clause: Evasion moves are banned\n|rule|Endless Battle Clause: Forcing endless battles is banned\n|rule|HP Percentage Mod: HP is shown in percentages\n|clearpoke\n|poke|p1|Clodsire, M|\n|poke|p1|Dondozo, M|\n|poke|p1|Alomomola, F|\n|poke|p1|Talonflame, F|\n|poke|p1|Toxapex, F|\n|poke|p1|Blissey, F|\n|poke|p2|Alomomola, M|\n|poke|p2|Clodsire, F|\n|poke|p2|Toxapex, F|\n|poke|p2|Landorus-Therian, M|\n|poke|p2|Dondozo, F|\n|poke|p2|Blissey, F|\n|teampreview\n|c|\u2606OSOGOF|holy shit\n|c|\u2606satanicdoggo999|?\n|c|\u2606OSOGOF|this is so real\n|c|\u2606satanicdoggo999|talon flame instead of landorous\n|c|\u2606satanicdoggo999|interesting\n|inactive|Battle timer is ON: inactive players will automatically lose when time's up. (requested by satanicdoggo999)\n|\n|t:|1700595934\n|start\n|switch|p1a: Alomomola|Alomomola, F|100\/100\n|switch|p2a: Landorus|Landorus-Therian, M|100\/100\n|-ability|p2a: Landorus|Intimidate|boost\n|-unboost|p1a: Alomomola|atk|1\n|turn|1\n|\n|t:|1700595949\n|move|p2a: Landorus|Stealth Rock|p1a: Alomomola\n|-sidestart|p1: OSOGOF|move: Stealth Rock\n|move|p1a: Alomomola|Whirlpool|p2a: Landorus\n|-supereffective|p2a: Landorus\n|-damage|p2a: Landorus|88\/100\n|-activate|p2a: Landorus|move: Whirlpool|[of] p1a: Alomomola\n|\n|-damage|p2a: Landorus|76\/100|[from] move: Whirlpool|[partiallytrapped]\n|upkeep\n|turn|2\n|\n|t:|1700595956\n|move|p2a: Landorus|U-turn|p1a: Alomomola\n|-damage|p1a: Alomomola|89\/100\n|\n|t:|1700595963\n|switch|p2a: Dondozo|Dondozo, F|100\/100|[from] U-turn\n|move|p1a: Alomomola|Chilling Water|p2a: Dondozo\n|-resisted|p2a: Dondozo\n|-damage|p2a: Dondozo|97\/100\n|-unboost|p2a: Dondozo|atk|1\n|\n|-heal|p2a: Dondozo|100\/100|[from] item: Leftovers\n|upkeep\n|turn|3\n|\n|t:|1700595974\n|switch|p1a: Toxapex|Toxapex, F|100\/100\n|switch|p2a: Blissey|Blissey, F|100\/100\n|\n|upkeep\n|turn|4\n|\n|t:|1700595979\n|move|p2a: Blissey|Thunder Wave|p1a: Toxapex|[miss]\n|-miss|p2a: Blissey|p1a: Toxapex\n|move|p1a: Toxapex|Infestation|p2a: Blissey\n|-damage|p2a: Blissey|99\/100\n|-activate|p2a: Blissey|move: Infestation|[of] p1a: Toxapex\n|\n|-damage|p2a: Blissey|87\/100|[from] move: Infestation|[partiallytrapped]\n|upkeep\n|turn|5\n|\n|t:|1700595991\n|switch|p1a: Clodsire|Clodsire, M|100\/100\n|move|p2a: Blissey|Thunder Wave|p1a: Clodsire\n|-immune|p1a: Clodsire\n|\n|-end|p2a: Blissey|Infestation|[partiallytrapped]|[silent]\n|upkeep\n|turn|6\n|inactive|satanicdoggo999 has 120 seconds left.\n|\n|t:|1700596042\n|move|p2a: Blissey|Seismic Toss|p1a: Clodsire\n|-damage|p1a: Clodsire|79\/100\n|move|p1a: Clodsire|Toxic|p2a: Blissey\n|-status|p2a: Blissey|tox\n|\n|-damage|p2a: Blissey|81\/100 tox|[from] psn\n|upkeep\n|turn|7\n|\n|t:|1700596056\n|-curestatus|p2a: Blissey|tox|[from] ability: Natural Cure\n|switch|p2a: Toxapex|Toxapex, F|100\/100\n|move|p1a: Clodsire|Earthquake|p2a: Toxapex\n|-supereffective|p2a: Toxapex\n|-damage|p2a: Toxapex|66\/100\n|\n|upkeep\n|turn|8\n|\n|t:|1700596068\n|move|p2a: Toxapex|Toxic Spikes|p1a: Clodsire\n|-sidestart|p1: OSOGOF|move: Toxic Spikes\n|move|p1a: Clodsire|Earthquake|p2a: Toxapex\n|-supereffective|p2a: Toxapex\n|-damage|p2a: Toxapex|36\/100\n|\n|upkeep\n|turn|9\n|\n|t:|1700596073\n|move|p2a: Toxapex|Recover|p2a: Toxapex\n|-heal|p2a: Toxapex|86\/100\n|move|p1a: Clodsire|Earthquake|p2a: Toxapex\n|-supereffective|p2a: Toxapex\n|-damage|p2a: Toxapex|50\/100\n|\n|upkeep\n|turn|10\n|inactive|satanicdoggo999 has 120 seconds left.\n|\n|t:|1700596094\n|switch|p1a: Toxapex|Toxapex, F|100\/100\n|-sideend|p1: OSOGOF|move: Toxic Spikes|[of] p1a: Toxapex\n|move|p2a: Toxapex|Recover|p2a: Toxapex\n|-heal|p2a: Toxapex|100\/100\n|\n|upkeep\n|turn|11\n|\n|t:|1700596100\n|switch|p2a: Landorus|Landorus-Therian, M|76\/100\n|-ability|p2a: Landorus|Intimidate|boost\n|-unboost|p1a: Toxapex|atk|1\n|move|p1a: Toxapex|Infestation|p2a: Landorus\n|-resisted|p2a: Landorus\n|-damage|p2a: Landorus|74\/100\n|-activate|p2a: Landorus|move: Infestation|[of] p1a: Toxapex\n|-damage|p1a: Toxapex|84\/100|[from] item: Rocky Helmet|[of] p2a: Landorus\n|\n|-damage|p2a: Landorus|62\/100|[from] move: Infestation|[partiallytrapped]\n|upkeep\n|turn|12\n|\n|t:|1700596113\n|switch|p1a: Dondozo|Dondozo, M|100\/100\n|move|p2a: Landorus|Earthquake|p1a: Dondozo\n|-crit|p1a: Dondozo\n|-damage|p1a: Dondozo|68\/100\n|\n|-end|p2a: Landorus|Infestation|[partiallytrapped]|[silent]\n|upkeep\n|turn|13\n|\n|t:|1700596125\n|switch|p2a: Clodsire|Clodsire, F|100\/100\n|move|p1a: Dondozo|Heavy Slam|p2a: Clodsire\n|-damage|p2a: Clodsire|90\/100\n|\n|-heal|p2a: Clodsire|97\/100|[from] item: Leftovers\n|upkeep\n|turn|14\n|\n|t:|1700596146\n|switch|p1a: Talonflame|Talonflame, F|100\/100\n|move|p2a: Clodsire|Toxic|p1a: Talonflame\n|-status|p1a: Talonflame|tox\n|\n|-heal|p2a: Clodsire|100\/100|[from] item: Leftovers\n|-damage|p1a: Talonflame|94\/100 tox|[from] psn\n|upkeep\n|turn|15\n|\n|t:|1700596154\n|switch|p2a: Alomomola|Alomomola, M|100\/100\n|move|p1a: Talonflame|Will-O-Wisp|p2a: Alomomola|[miss]\n|-miss|p1a: Talonflame|p2a: Alomomola\n|\n|-damage|p1a: Talonflame|82\/100 tox|[from] psn\n|upkeep\n|turn|16\n|\n|t:|1700596162\n|switch|p1a: Toxapex|Toxapex, F|100\/100\n|move|p2a: Alomomola|Whirlpool|p1a: Toxapex\n|-resisted|p1a: Toxapex\n|-damage|p1a: Toxapex|98\/100\n|-activate|p1a: Toxapex|move: Whirlpool|[of] p2a: Alomomola\n|\n|-damage|p1a: Toxapex|86\/100|[from] move: Whirlpool|[partiallytrapped]\n|upkeep\n|turn|17\n|\n|t:|1700596170\n|switch|p2a: Landorus|Landorus-Therian, M|62\/100\n|-ability|p2a: Landorus|Intimidate|boost\n|-unboost|p1a: Toxapex|atk|1\n|move|p1a: Toxapex|Toxic|p2a: Landorus\n|-status|p2a: Landorus|tox\n|\n|-damage|p2a: Landorus|56\/100 tox|[from] psn\n|-end|p1a: Toxapex|Whirlpool|[partiallytrapped]|[silent]\n|upkeep\n|turn|18\n|\n|t:|1700596180\n|switch|p1a: Dondozo|Dondozo, M|68\/100\n|move|p2a: Landorus|Earthquake|p1a: Dondozo\n|-damage|p1a: Dondozo|47\/100\n|\n|-damage|p2a: Landorus|44\/100 tox|[from] psn\n|upkeep\n|turn|19\n|\n|t:|1700596188\n|switch|p2a: Clodsire|Clodsire, F|100\/100\n|move|p1a: Dondozo|Rest|p1a: Dondozo\n|-status|p1a: Dondozo|slp|[from] move: Rest\n|-heal|p1a: Dondozo|100\/100 slp|[silent]\n|\n|upkeep\n|turn|20\n|\n|t:|1700596196\n|cant|p1a: Dondozo|slp\n|move|p1a: Dondozo|Sleep Talk|p1a: Dondozo\n|move|p1a: Dondozo|Rest||[from]move: Sleep Talk|[still]\n|-fail|p1a: Dondozo\n|move|p2a: Clodsire|Spikes|p1a: Dondozo\n|-sidestart|p1: OSOGOF|Spikes\n|\n|upkeep\n|turn|21\n|\n|t:|1700596202\n|cant|p1a: Dondozo|slp\n|move|p1a: Dondozo|Sleep Talk|p1a: Dondozo\n|move|p1a: Dondozo|Rest||[from]move: Sleep Talk|[still]\n|-fail|p1a: Dondozo\n|move|p2a: Clodsire|Spikes|p1a: Dondozo\n|-sidestart|p1: OSOGOF|Spikes\n|\n|upkeep\n|turn|22\n|\n|t:|1700596222\n|switch|p1a: Talonflame|Talonflame, F|82\/100 tox\n|move|p2a: Clodsire|Spikes|p1a: Talonflame\n|-sidestart|p1: OSOGOF|Spikes\n|\n|-damage|p1a: Talonflame|76\/100 tox|[from] psn\n|upkeep\n|turn|23\n|\n|t:|1700596239\n|switch|p2a: Dondozo|Dondozo, F|100\/100\n|move|p1a: Talonflame|Defog|p2a: Dondozo\n|-unboost|p2a: Dondozo|evasion|1\n|-sideend|p1: OSOGOF|Spikes|[from] move: Defog|[of] p1a: Talonflame\n|-sideend|p1: OSOGOF|Stealth Rock|[from] move: Defog|[of] p1a: Talonflame\n|\n|-damage|p1a: Talonflame|64\/100 tox|[from] psn\n|upkeep\n|turn|24\n|\n|t:|1700596250\n|switch|p1a: Toxapex|Toxapex, F|100\/100\n|move|p2a: Dondozo|Avalanche|p1a: Toxapex\n|-resisted|p1a: Toxapex\n|-damage|p1a: Toxapex|97\/100\n|\n|upkeep\n|turn|25\n|\n|t:|1700596258\n|switch|p2a: Blissey|Blissey, F|81\/100\n|move|p1a: Toxapex|Infestation|p2a: Blissey\n|-damage|p2a: Blissey|80\/100\n|-activate|p2a: Blissey|move: Infestation|[of] p1a: Toxapex\n|\n|-damage|p2a: Blissey|68\/100|[from] move: Infestation|[partiallytrapped]\n|upkeep\n|turn|26\n|\n|t:|1700596277\n|move|p2a: Blissey|Thunder Wave|p1a: Toxapex\n|-status|p1a: Toxapex|par\n|move|p1a: Toxapex|Toxic|p2a: Blissey\n|-status|p2a: Blissey|tox\n|\n|-damage|p2a: Blissey|62\/100 tox|[from] psn\n|-damage|p2a: Blissey|49\/100 tox|[from] move: Infestation|[partiallytrapped]\n|upkeep\n|turn|27\n|\n|t:|1700596288\n|move|p2a: Blissey|Soft-Boiled|p2a: Blissey\n|-heal|p2a: Blissey|99\/100 tox\n|cant|p1a: Toxapex|par\n|\n|-damage|p2a: Blissey|87\/100 tox|[from] psn\n|-damage|p2a: Blissey|74\/100 tox|[from] move: Infestation|[partiallytrapped]\n|upkeep\n|turn|28\n|\n|t:|1700596298\n|move|p2a: Blissey|Seismic Toss|p1a: Toxapex\n|-damage|p1a: Toxapex|64\/100 par\n|move|p1a: Toxapex|Haze|p1a: Toxapex\n|-clearallboost\n|\n|-damage|p2a: Blissey|56\/100 tox|[from] psn\n|-damage|p2a: Blissey|44\/100 tox|[from] move: Infestation|[partiallytrapped]\n|upkeep\n|turn|29\n|\n|t:|1700596310\n|move|p2a: Blissey|Soft-Boiled|p2a: Blissey\n|-heal|p2a: Blissey|94\/100 tox\n|move|p1a: Toxapex|Haze|p1a: Toxapex\n|-clearallboost\n|\n|-damage|p2a: Blissey|69\/100 tox|[from] psn\n|-end|p2a: Blissey|Infestation|[partiallytrapped]\n|upkeep\n|turn|30\n|\n|t:|1700596319\n|-curestatus|p2a: Blissey|tox|[from] ability: Natural Cure\n|switch|p2a: Alomomola|Alomomola, M|100\/100\n|move|p1a: Toxapex|Recover|p1a: Toxapex\n|-heal|p1a: Toxapex|100\/100 par\n|\n|upkeep\n|turn|31\n|\n|t:|1700596329\n|move|p2a: Alomomola|Wish|p2a: Alomomola\n|move|p1a: Toxapex|Toxic|p2a: Alomomola\n|-status|p2a: Alomomola|tox\n|\n|-damage|p2a: Alomomola|94\/100 tox|[from] psn\n|upkeep\n|turn|32\n|\n|t:|1700596335\n|switch|p2a: Landorus|Landorus-Therian, M|44\/100 tox\n|-ability|p2a: Landorus|Intimidate|boost\n|-unboost|p1a: Toxapex|atk|1\n|move|p1a: Toxapex|Infestation|p2a: Landorus\n|-resisted|p2a: Landorus\n|-damage|p2a: Landorus|42\/100 tox\n|-activate|p2a: Landorus|move: Infestation|[of] p1a: Toxapex\n|-damage|p1a: Toxapex|84\/100 par|[from] item: Rocky Helmet|[of] p2a: Landorus\n|\n|-heal|p2a: Landorus|100\/100 tox|[from] move: Wish|[wisher] Alomomola\n|-damage|p2a: Landorus|94\/100 tox|[from] psn\n|-damage|p2a: Landorus|82\/100 tox|[from] move: Infestation|[partiallytrapped]\n|upkeep\n|turn|33\n|\n|t:|1700596359\n|switch|p1a: Talonflame|Talonflame, F|64\/100 tox\n|move|p2a: Landorus|Earthquake|p1a: Talonflame\n|-immune|p1a: Talonflame\n|\n|-damage|p1a: Talonflame|58\/100 tox|[from] psn\n|-damage|p2a: Landorus|70\/100 tox|[from] psn\n|-end|p2a: Landorus|Infestation|[partiallytrapped]|[silent]\n|upkeep\n|turn|34\n|\n|t:|1700596385\n|switch|p2a: Dondozo|Dondozo, F|100\/100\n|move|p1a: Talonflame|Roost|p1a: Talonflame\n|-heal|p1a: Talonflame|100\/100 tox\n|-singleturn|p1a: Talonflame|move: Roost\n|\n|-damage|p1a: Talonflame|88\/100 tox|[from] psn\n|upkeep\n|turn|35\n|inactive|satanicdoggo999 has 120 seconds left.\n|\n|t:|1700596406\n|switch|p1a: Alomomola|Alomomola, F|100\/100\n|move|p2a: Dondozo|Avalanche|p1a: Alomomola\n|-resisted|p1a: Alomomola\n|-damage|p1a: Alomomola|97\/100\n|\n|upkeep\n|turn|36\n|inactive|satanicdoggo999 has 120 seconds left.\n|\n|t:|1700596415\n|move|p1a: Alomomola|Whirlpool|p2a: Dondozo\n|-resisted|p2a: Dondozo\n|-damage|p2a: Dondozo|98\/100\n|-activate|p2a: Dondozo|move: Whirlpool|[of] p1a: Alomomola\n|move|p2a: Dondozo|Curse|p2a: Dondozo\n|-unboost|p2a: Dondozo|spe|1\n|-boost|p2a: Dondozo|atk|1\n|-boost|p2a: Dondozo|def|1\n|\n|-heal|p2a: Dondozo|100\/100|[from] item: Leftovers\n|-damage|p2a: Dondozo|88\/100|[from] move: Whirlpool|[partiallytrapped]\n|upkeep\n|turn|37\n|\n|t:|1700596425\n|move|p1a: Alomomola|Chilling Water|p2a: Dondozo\n|-resisted|p2a: Dondozo\n|-crit|p2a: Dondozo\n|-damage|p2a: Dondozo|82\/100\n|-unboost|p2a: Dondozo|atk|1\n|move|p2a: Dondozo|Curse|p2a: Dondozo\n|-unboost|p2a: Dondozo|spe|1\n|-boost|p2a: Dondozo|atk|1\n|-boost|p2a: Dondozo|def|1\n|\n|-heal|p2a: Dondozo|88\/100|[from] item: Leftovers\n|-damage|p2a: Dondozo|76\/100|[from] move: Whirlpool|[partiallytrapped]\n|upkeep\n|turn|38\n|\n|t:|1700596436\n|move|p1a: Alomomola|Chilling Water|p2a: Dondozo\n|-resisted|p2a: Dondozo\n|-damage|p2a: Dondozo|72\/100\n|-unboost|p2a: Dondozo|atk|1\n|move|p2a: Dondozo|Earthquake|p1a: Alomomola\n|-damage|p1a: Alomomola|84\/100\n|\n|-heal|p2a: Dondozo|78\/100|[from] item: Leftovers\n|-damage|p2a: Dondozo|65\/100|[from] move: Whirlpool|[partiallytrapped]\n|upkeep\n|turn|39\n|\n|t:|1700596447\n|move|p1a: Alomomola|Chilling Water|p2a: Dondozo\n|-resisted|p2a: Dondozo\n|-damage|p2a: Dondozo|61\/100\n|-unboost|p2a: Dondozo|atk|1\n|move|p2a: Dondozo|Earthquake|p1a: Alomomola\n|-damage|p1a: Alomomola|75\/100\n|\n|-heal|p2a: Dondozo|68\/100|[from] item: Leftovers\n|-damage|p2a: Dondozo|55\/100|[from] move: Whirlpool|[partiallytrapped]\n|upkeep\n|turn|40\n|\n|t:|1700596465\n|move|p1a: Alomomola|Chilling Water|p2a: Dondozo\n|-resisted|p2a: Dondozo\n|-damage|p2a: Dondozo|51\/100\n|-unboost|p2a: Dondozo|atk|1\n|move|p2a: Dondozo|Rest|p2a: Dondozo\n|-status|p2a: Dondozo|slp|[from] move: Rest\n|-heal|p2a: Dondozo|100\/100 slp|[silent]\n|\n|-end|p2a: Dondozo|Whirlpool|[partiallytrapped]\n|upkeep\n|turn|41\n|inactive|satanicdoggo999 has 120 seconds left.\n|\n|t:|1700596496\n|switch|p2a: Alomomola|Alomomola, M|100\/100 tox\n|move|p1a: Alomomola|Whirlpool|p2a: Alomomola\n|-resisted|p2a: Alomomola\n|-damage|p2a: Alomomola|97\/100 tox\n|-activate|p2a: Alomomola|move: Whirlpool|[of] p1a: Alomomola\n|\n|-damage|p2a: Alomomola|91\/100 tox|[from] psn\n|-damage|p2a: Alomomola|79\/100 tox|[from] move: Whirlpool|[partiallytrapped]\n|upkeep\n|turn|42\n|inactive|satanicdoggo999 has 90 seconds left.\n|inactive|satanicdoggo999 has 60 seconds left.\n|\n|t:|1700596558\n|move|p2a: Alomomola|Wish|p2a: Alomomola\n|move|p1a: Alomomola|Wish|p1a: Alomomola\n|\n|-damage|p2a: Alomomola|66\/100 tox|[from] psn\n|-damage|p2a: Alomomola|54\/100 tox|[from] move: Whirlpool|[partiallytrapped]\n|upkeep\n|turn|43\n|inactive|satanicdoggo999 has 60 seconds left.\n|\n|t:|1700596569\n|move|p1a: Alomomola|Protect|p1a: Alomomola\n|-singleturn|p1a: Alomomola|Protect\n|move|p2a: Alomomola|Whirlpool|p1a: Alomomola\n|-activate|p1a: Alomomola|move: Protect\n|\n|-heal|p1a: Alomomola|100\/100|[from] move: Wish|[wisher] Alomomola\n|-heal|p2a: Alomomola|100\/100 tox|[from] move: Wish|[wisher] Alomomola\n|-damage|p2a: Alomomola|82\/100 tox|[from] psn\n|-damage|p2a: Alomomola|70\/100 tox|[from] move: Whirlpool|[partiallytrapped]\n|upkeep\n|turn|44\n|inactive|satanicdoggo999 has 60 seconds left.\n|\n|t:|1700596583\n|move|p1a: Alomomola|Chilling Water|p2a: Alomomola\n|-resisted|p2a: Alomomola\n|-damage|p2a: Alomomola|65\/100 tox\n|-unboost|p2a: Alomomola|atk|1\n|move|p2a: Alomomola|Play Rough|p1a: Alomomola\n|-crit|p1a: Alomomola\n|-damage|p1a: Alomomola|88\/100\n|\n|-damage|p2a: Alomomola|40\/100 tox|[from] psn\n|-damage|p2a: Alomomola|28\/100 tox|[from] move: Whirlpool|[partiallytrapped]\n|upkeep\n|turn|45\n|inactive|satanicdoggo999 has 60 seconds left.\n|\n|t:|1700596593\n|move|p2a: Alomomola|Wish|p2a: Alomomola\n|move|p1a: Alomomola|Chilling Water|p2a: Alomomola\n|-resisted|p2a: Alomomola\n|-damage|p2a: Alomomola|23\/100 tox\n|-unboost|p2a: Alomomola|atk|1\n|\n|-damage|p2a: Alomomola|0 fnt|[from] psn\n|faint|p2a: Alomomola\n|upkeep\n|inactive|satanicdoggo999 has 60 seconds left.\n|\n|t:|1700596604\n|switch|p2a: Clodsire|Clodsire, F|100\/100\n|turn|46\n|\n|t:|1700596612\n|switch|p1a: Dondozo|Dondozo, M|100\/100 slp\n|move|p2a: Clodsire|Toxic||[still]\n|-fail|p2a: Clodsire\n|\n|upkeep\n|turn|47\n|\n|t:|1700596624\n|-curestatus|p1a: Dondozo|slp|[msg]\n|move|p1a: Dondozo|Heavy Slam|p2a: Clodsire\n|-damage|p2a: Clodsire|90\/100\n|move|p2a: Clodsire|Toxic|p1a: Dondozo\n|-status|p1a: Dondozo|tox\n|\n|-heal|p2a: Clodsire|96\/100|[from] item: Leftovers\n|-damage|p1a: Dondozo|94\/100 tox|[from] psn\n|upkeep\n|turn|48\n|\n|t:|1700596642\n|switch|p1a: Talonflame|Talonflame, F|88\/100 tox\n|switch|p2a: Landorus|Landorus-Therian, M|70\/100 tox\n|-ability|p2a: Landorus|Intimidate|boost\n|-unboost|p1a: Talonflame|atk|1\n|\n|-damage|p1a: Talonflame|82\/100 tox|[from] psn\n|-damage|p2a: Landorus|64\/100 tox|[from] psn\n|upkeep\n|turn|49\n|\n|t:|1700596652\n|move|p1a: Talonflame|Flamethrower|p2a: Landorus\n|-damage|p2a: Landorus|39\/100 tox\n|move|p2a: Landorus|Taunt|p1a: Talonflame\n|-start|p1a: Talonflame|move: Taunt\n|\n|-damage|p1a: Talonflame|70\/100 tox|[from] psn\n|-damage|p2a: Landorus|27\/100 tox|[from] psn\n|upkeep\n|turn|50\n|\n|t:|1700596662\n|switch|p2a: Dondozo|Dondozo, F|100\/100 slp\n|move|p1a: Talonflame|Flamethrower|p2a: Dondozo\n|-resisted|p2a: Dondozo\n|-damage|p2a: Dondozo|89\/100 slp\n|\n|-heal|p2a: Dondozo|95\/100 slp|[from] item: Leftovers\n|-damage|p1a: Talonflame|52\/100 tox|[from] psn\n|upkeep\n|turn|51\n|\n|t:|1700596672\n|switch|p1a: Alomomola|Alomomola, F|100\/100\n|cant|p2a: Dondozo|slp\n|\n|-heal|p2a: Dondozo|100\/100 slp|[from] item: Leftovers\n|upkeep\n|turn|52\n|inactive|satanicdoggo999 has 90 seconds left.\n|\n|t:|1700596682\n|move|p1a: Alomomola|Chilling Water|p2a: Dondozo\n|-resisted|p2a: Dondozo\n|-damage|p2a: Dondozo|96\/100 slp\n|-unboost|p2a: Dondozo|atk|1\n|cant|p2a: Dondozo|slp\n|\n|-heal|p2a: Dondozo|100\/100 slp|[from] item: Leftovers\n|upkeep\n|turn|53\n|inactive|satanicdoggo999 has 90 seconds left.\n|inactive|satanicdoggo999 has 60 seconds left.\n|inactive|satanicdoggo999 has 30 seconds left.\n|inactive|satanicdoggo999 has 20 seconds left.\n|inactive|satanicdoggo999 has 15 seconds left.\n|inactive|satanicdoggo999 has 10 seconds left.\n|inactive|satanicdoggo999 has 5 seconds left.\n|-message|satanicdoggo999 lost due to inactivity.\n|\n|win|OSOGOF\n|raw|OSOGOF's rating: 1100 &rarr; <strong>1121<\/strong><br \/>(+21 for winning)\n|raw|satanicdoggo999's rating: 1045 &rarr; <strong>1031<\/strong><br \/>(-14 for losing)\n|c|\u2606OSOGOF|gg\n|c|\u2606OSOGOF|big stall sends his regards\n","uploadtime":1700596798,"views":0,"p1id":"osogof","p2id":"satanicdoggo999","formatid":"gen9ou","rating":1031,"private":0,"password":""}