{"id":"gen9ou-1991211556","p1":"Allanubs","p2":"Xeaa2136","format":"[Gen 9] OU","log":"|j|\u2606Allanubs\n|j|\u2606Xeaa2136\n|t:|1700057616\n|gametype|singles\n|player|p1|Allanubs|102|1000\n|player|p2|Xeaa2136|102|1077\n|teamsize|p1|6\n|teamsize|p2|6\n|gen|9\n|tier|[Gen 9] OU\n|rated|\n|rule|Sleep Clause Mod: Limit one foe put to sleep\n|rule|Species Clause: Limit one of each Pok\u00e9mon\n|rule|OHKO Clause: OHKO moves are banned\n|rule|Evasion Items Clause: Evasion items are banned\n|rule|Evasion Moves Clause: Evasion moves are banned\n|rule|Endless Battle Clause: Forcing endless battles is banned\n|rule|HP Percentage Mod: HP is shown in percentages\n|clearpoke\n|poke|p1|Gholdengo|\n|poke|p1|Dragonite, F|\n|poke|p1|Great Tusk|\n|poke|p1|Slowking-Galar, F|\n|poke|p1|Ninetales-Alola, F|\n|poke|p1|Ribombee, F|\n|poke|p2|Dondozo, F|\n|poke|p2|Zapdos|\n|poke|p2|Rillaboom, M|\n|poke|p2|Torkoal, M|\n|poke|p2|Glimmora, M|\n|poke|p2|Zamazenta-*|\n|teampreview\n|inactive|Battle timer is ON: inactive players will automatically lose when time's up. (requested by Xeaa2136)\n|\n|t:|1700057628\n|start\n|switch|p1a: Ribombee|Ribombee, F|100\/100\n|switch|p2a: Zapdos|Zapdos|100\/100\n|turn|1\n|\n|t:|1700057638\n|switch|p1a: Gholdengo|Gholdengo|100\/100\n|-item|p1a: Gholdengo|Air Balloon\n|move|p2a: Zapdos|Heat Wave|p1a: Gholdengo|[miss]\n|-miss|p2a: Zapdos|p1a: Gholdengo\n|\n|upkeep\n|turn|2\n|\n|t:|1700057647\n|switch|p1a: Great Tusk|Great Tusk|100\/100\n|move|p2a: Zapdos|Volt Switch|p1a: Great Tusk\n|-immune|p1a: Great Tusk\n|\n|upkeep\n|turn|3\n|\n|t:|1700057654\n|move|p1a: Great Tusk|Stone Edge|p2a: Zapdos\n|-supereffective|p2a: Zapdos\n|-damage|p2a: Zapdos|11\/100\n|move|p2a: Zapdos|Hurricane|p1a: Great Tusk\n|-supereffective|p1a: Great Tusk\n|-damage|p1a: Great Tusk|0 fnt\n|faint|p1a: Great Tusk\n|-end|p1a: Great Tusk|Protosynthesis|[silent]\n|-damage|p2a: Zapdos|1\/100|[from] item: Life Orb\n|\n|upkeep\n|\n|t:|1700057660\n|switch|p1a: Ninetales|Ninetales-Alola, F|100\/100\n|-weather|Snow|[from] ability: Snow Warning|[of] p1a: Ninetales\n|turn|4\n|\n|t:|1700057664\n|move|p1a: Ninetales|Protect|p1a: Ninetales\n|-singleturn|p1a: Ninetales|Protect\n|move|p2a: Zapdos|Heat Wave|p1a: Ninetales\n|-activate|p1a: Ninetales|move: Protect\n|\n|-weather|Snow|[upkeep]\n|upkeep\n|turn|5\n|\n|t:|1700057669\n|switch|p1a: Dragonite|Dragonite, F|100\/100\n|move|p2a: Zapdos|Heat Wave|p1a: Dragonite\n|-resisted|p1a: Dragonite\n|-damage|p1a: Dragonite|90\/100\n|-damage|p2a: Zapdos|0 fnt|[from] item: Life Orb\n|faint|p2a: Zapdos\n|\n|-weather|Snow|[upkeep]\n|upkeep\n|\n|t:|1700057674\n|switch|p2a: Torkoal|Torkoal, M|100\/100\n|-weather|SunnyDay|[from] ability: Drought|[of] p2a: Torkoal\n|turn|6\n|\n|t:|1700057678\n|move|p1a: Dragonite|Dragon Dance|p1a: Dragonite\n|-boost|p1a: Dragonite|atk|1\n|-boost|p1a: Dragonite|spe|1\n|move|p2a: Torkoal|Stealth Rock|p1a: Dragonite\n|-sidestart|p1: Allanubs|move: Stealth Rock\n|\n|-weather|SunnyDay|[upkeep]\n|upkeep\n|turn|7\n|\n|t:|1700057684\n|move|p1a: Dragonite|Dragon Dance|p1a: Dragonite\n|-boost|p1a: Dragonite|atk|1\n|-boost|p1a: Dragonite|spe|1\n|move|p2a: Torkoal|Will-O-Wisp|p1a: Dragonite|[miss]\n|-miss|p2a: Torkoal|p1a: Dragonite\n|\n|-weather|SunnyDay|[upkeep]\n|upkeep\n|turn|8\n|\n|t:|1700057690\n|move|p1a: Dragonite|Scale Shot|p2a: Torkoal\n|-damage|p2a: Torkoal|74\/100\n|-damage|p2a: Torkoal|49\/100\n|-damage|p2a: Torkoal|24\/100\n|-damage|p2a: Torkoal|0 fnt\n|faint|p2a: Torkoal\n|-hitcount|p2: Torkoal|4\n|-unboost|p1a: Dragonite|def|1\n|-boost|p1a: Dragonite|spe|1\n|\n|-weather|SunnyDay|[upkeep]\n|upkeep\n|\n|t:|1700057699\n|switch|p2a: Dondozo|Dondozo, F|100\/100\n|turn|9\n|\n|t:|1700057704\n|move|p1a: Dragonite|Scale Shot|p2a: Dondozo\n|-damage|p2a: Dondozo|93\/100\n|-damage|p2a: Dondozo|85\/100\n|-damage|p2a: Dondozo|78\/100\n|-damage|p2a: Dondozo|70\/100\n|-crit|p2a: Dondozo\n|-damage|p2a: Dondozo|59\/100\n|-hitcount|p2a: Dondozo|5\n|-unboost|p1a: Dragonite|def|1\n|-boost|p1a: Dragonite|spe|1\n|move|p2a: Dondozo|Avalanche|p1a: Dragonite\n|-supereffective|p1a: Dragonite\n|-damage|p1a: Dragonite|0 fnt\n|faint|p1a: Dragonite\n|\n|-weather|SunnyDay|[upkeep]\n|-heal|p2a: Dondozo|65\/100|[from] item: Leftovers\n|upkeep\n|\n|t:|1700057717\n|switch|p1a: Ninetales|Ninetales-Alola, F|100\/100\n|-weather|Snow|[from] ability: Snow Warning|[of] p1a: Ninetales\n|turn|10\n|\n|t:|1700057719\n|move|p1a: Ninetales|Aurora Veil|p1a: Ninetales\n|-sidestart|p1: Allanubs|move: Aurora Veil\n|move|p2a: Dondozo|Yawn|p1a: Ninetales\n|-start|p1a: Ninetales|move: Yawn|[of] p2a: Dondozo\n|\n|-weather|Snow|[upkeep]\n|-heal|p2a: Dondozo|71\/100|[from] item: Leftovers\n|upkeep\n|turn|11\n|\n|t:|1700057726\n|switch|p1a: Ribombee|Ribombee, F|100\/100\n|-damage|p1a: Ribombee|76\/100|[from] Stealth Rock\n|switch|p2a: Rillaboom|Rillaboom, M|100\/100\n|-fieldstart|move: Grassy Terrain|[from] ability: Grassy Surge|[of] p2a: Rillaboom\n|\n|-weather|Snow|[upkeep]\n|-heal|p1a: Ribombee|82\/100|[from] Grassy Terrain\n|upkeep\n|turn|12\n|\n|t:|1700057731\n|move|p1a: Ribombee|Sticky Web|p2a: Rillaboom\n|-sidestart|p2: Xeaa2136|move: Sticky Web\n|move|p2a: Rillaboom|Leech Seed|p1a: Ribombee\n|-start|p1a: Ribombee|move: Leech Seed\n|\n|-weather|Snow|[upkeep]\n|-heal|p1a: Ribombee|88\/100|[from] Grassy Terrain\n|-damage|p1a: Ribombee|76\/100|[from] Leech Seed|[of] p2a: Rillaboom\n|upkeep\n|turn|13\n|\n|t:|1700057740\n|switch|p1a: Ninetales|Ninetales-Alola, F|100\/100\n|move|p2a: Rillaboom|Solar Blade||[still]\n|-prepare|p2a: Rillaboom|Solar Blade\n|\n|-weather|Snow|[upkeep]\n|upkeep\n|turn|14\n|\n|t:|1700057745\n|move|p1a: Ninetales|Protect|p1a: Ninetales\n|-singleturn|p1a: Ninetales|Protect\n|move|p2a: Rillaboom|Solar Blade|p1a: Ninetales|[from]lockedmove\n|-activate|p1a: Ninetales|move: Protect\n|\n|-weather|none\n|-sideend|p1: Allanubs|move: Aurora Veil\n|upkeep\n|turn|15\n|\n|t:|1700057750\n|switch|p2a: Dondozo|Dondozo, F|71\/100\n|-activate|p2a: Dondozo|move: Sticky Web\n|-unboost|p2a: Dondozo|spe|1\n|move|p1a: Ninetales|Blizzard|p2a: Dondozo\n|-resisted|p2a: Dondozo\n|-damage|p2a: Dondozo|54\/100\n|\n|-heal|p2a: Dondozo|61\/100|[from] Grassy Terrain\n|-heal|p2a: Dondozo|67\/100|[from] item: Leftovers\n|-fieldend|move: Grassy Terrain\n|upkeep\n|turn|16\n|\n|t:|1700057760\n|switch|p1a: Ribombee|Ribombee, F|76\/100\n|-damage|p1a: Ribombee|51\/100|[from] Stealth Rock\n|move|p2a: Dondozo|Wave Crash|p1a: Ribombee\n|-crit|p1a: Ribombee\n|-damage|p1a: Ribombee|0 fnt\n|faint|p1a: Ribombee\n|-damage|p2a: Dondozo|58\/100|[from] Recoil\n|\n|-heal|p2a: Dondozo|64\/100|[from] item: Leftovers\n|upkeep\n|\n|t:|1700057766\n|switch|p1a: Slowking|Slowking-Galar, F|100\/100\n|-damage|p1a: Slowking|88\/100|[from] Stealth Rock\n|turn|17\n|\n|t:|1700057776\n|switch|p2a: Glimmora|Glimmora, M|100\/100\n|-activate|p2a: Glimmora|move: Sticky Web\n|-unboost|p2a: Glimmora|spe|1\n|move|p1a: Slowking|Future Sight|p2a: Glimmora\n|-start|p1a: Slowking|move: Future Sight\n|\n|-heal|p1a: Slowking|94\/100|[from] item: Leftovers\n|upkeep\n|turn|18\n|\n|t:|1700057784\n|move|p2a: Glimmora|Mortal Spin|p1a: Slowking\n|-resisted|p1a: Slowking\n|-damage|p1a: Slowking|91\/100\n|-status|p1a: Slowking|psn\n|-sideend|p2: Xeaa2136|Sticky Web|[from] move: Mortal Spin|[of] p2a: Glimmora\n|move|p1a: Slowking|Calm Mind|p1a: Slowking\n|-boost|p1a: Slowking|spa|1\n|-boost|p1a: Slowking|spd|1\n|\n|-heal|p1a: Slowking|97\/100 psn|[from] item: Leftovers\n|-damage|p1a: Slowking|85\/100 psn|[from] psn\n|upkeep\n|turn|19\n|\n|t:|1700057790\n|switch|p2a: Rillaboom|Rillaboom, M|100\/100\n|-fieldstart|move: Grassy Terrain|[from] ability: Grassy Surge|[of] p2a: Rillaboom\n|move|p1a: Slowking|Calm Mind|p1a: Slowking\n|-boost|p1a: Slowking|spa|1\n|-boost|p1a: Slowking|spd|1\n|\n|-end|p2a: Rillaboom|move: Future Sight\n|-damage|p2a: Rillaboom|0 fnt\n|faint|p2a: Rillaboom\n|-heal|p1a: Slowking|91\/100 psn|[from] Grassy Terrain\n|-heal|p1a: Slowking|97\/100 psn|[from] item: Leftovers\n|-damage|p1a: Slowking|84\/100 psn|[from] psn\n|upkeep\n|\n|t:|1700057799\n|switch|p2a: Zamazenta|Zamazenta|100\/100\n|-ability|p2a: Zamazenta|Dauntless Shield|boost\n|-boost|p2a: Zamazenta|def|1\n|turn|20\n|\n|t:|1700057809\n|move|p2a: Zamazenta|Crunch|p1a: Slowking\n|-supereffective|p1a: Slowking\n|-damage|p1a: Slowking|29\/100 psn\n|move|p1a: Slowking|Future Sight|p2a: Zamazenta\n|-start|p1a: Slowking|move: Future Sight\n|\n|-heal|p1a: Slowking|36\/100 psn|[from] Grassy Terrain\n|-heal|p1a: Slowking|42\/100 psn|[from] item: Leftovers\n|-damage|p1a: Slowking|29\/100 psn|[from] psn\n|upkeep\n|turn|21\n|\n|t:|1700057822\n|switch|p2a: Dondozo|Dondozo, F|64\/100\n|move|p1a: Slowking|Chilly Reception|p1a: Slowking\n|-weather|Snow\n|\n|t:|1700057826\n|switch|p1a: Ninetales|Ninetales-Alola, F|100\/100|[from] Chilly Reception\n|\n|-weather|Snow|[upkeep]\n|-heal|p2a: Dondozo|70\/100|[from] Grassy Terrain\n|-heal|p2a: Dondozo|77\/100|[from] item: Leftovers\n|upkeep\n|turn|22\n|\n|t:|1700057837\n|move|p1a: Ninetales|Aurora Veil|p1a: Ninetales\n|-sidestart|p1: Allanubs|move: Aurora Veil\n|move|p2a: Dondozo|Wave Crash|p1a: Ninetales\n|-damage|p1a: Ninetales|81\/100\n|-damage|p2a: Dondozo|72\/100|[from] Recoil\n|\n|-weather|Snow|[upkeep]\n|-end|p2a: Dondozo|move: Future Sight\n|-damage|p2a: Dondozo|13\/100\n|-heal|p1a: Ninetales|87\/100|[from] Grassy Terrain\n|-heal|p2a: Dondozo|19\/100|[from] Grassy Terrain\n|-heal|p2a: Dondozo|25\/100|[from] item: Leftovers\n|upkeep\n|turn|23\n|\n|t:|1700057854\n|switch|p2a: Glimmora|Glimmora, M|100\/100\n|move|p1a: Ninetales|Encore||[still]\n|-fail|p1a: Ninetales\n|\n|-weather|Snow|[upkeep]\n|-heal|p1a: Ninetales|93\/100|[from] Grassy Terrain\n|-fieldend|move: Grassy Terrain\n|upkeep\n|turn|24\n|\n|t:|1700057863\n|move|p1a: Ninetales|Protect|p1a: Ninetales\n|-singleturn|p1a: Ninetales|Protect\n|move|p2a: Glimmora|Rock Slide|p1a: Ninetales\n|-activate|p1a: Ninetales|move: Protect\n|\n|-weather|Snow|[upkeep]\n|upkeep\n|turn|25\n|\n|t:|1700057869\n|move|p1a: Ninetales|Encore|p2a: Glimmora\n|-start|p2a: Glimmora|Encore\n|move|p2a: Glimmora|Rock Slide|p1a: Ninetales|[miss]\n|-miss|p2a: Glimmora|p1a: Ninetales\n|\n|-weather|none\n|upkeep\n|turn|26\n|\n|t:|1700057874\n|switch|p1a: Gholdengo|Gholdengo|100\/100\n|-damage|p1a: Gholdengo|94\/100|[from] Stealth Rock\n|-item|p1a: Gholdengo|Air Balloon\n|move|p2a: Glimmora|Rock Slide|p1a: Gholdengo|[miss]\n|-miss|p2a: Glimmora|p1a: Gholdengo\n|\n|-sideend|p1: Allanubs|move: Aurora Veil\n|upkeep\n|turn|27\n|\n|t:|1700057893\n|move|p2a: Glimmora|Rock Slide|p1a: Gholdengo\n|-resisted|p1a: Gholdengo\n|-damage|p1a: Gholdengo|87\/100\n|-enditem|p1a: Gholdengo|Air Balloon\n|move|p1a: Gholdengo|Make It Rain|p2a: Glimmora\n|-supereffective|p2a: Glimmora\n|-crit|p2a: Glimmora\n|-enditem|p2a: Glimmora|Focus Sash\n|-damage|p2a: Glimmora|1\/100\n|-unboost|p1a: Gholdengo|spa|1\n|\n|-end|p2a: Glimmora|Encore\n|upkeep\n|turn|28\n|\n|t:|1700057906\n|move|p2a: Glimmora|Rock Slide|p1a: Gholdengo\n|-resisted|p1a: Gholdengo\n|-crit|p1a: Gholdengo\n|-damage|p1a: Gholdengo|76\/100\n|cant|p1a: Gholdengo|flinch\n|\n|upkeep\n|turn|29\n|\n|t:|1700057912\n|move|p2a: Glimmora|Rock Slide|p1a: Gholdengo\n|-resisted|p1a: Gholdengo\n|-damage|p1a: Gholdengo|69\/100\n|move|p1a: Gholdengo|Recover|p1a: Gholdengo\n|-heal|p1a: Gholdengo|100\/100\n|\n|upkeep\n|turn|30\n|\n|t:|1700057921\n|move|p2a: Glimmora|Rock Slide|p1a: Gholdengo\n|-resisted|p1a: Gholdengo\n|-damage|p1a: Gholdengo|93\/100\n|cant|p1a: Gholdengo|flinch\n|\n|upkeep\n|turn|31\n|\n|t:|1700057928\n|move|p2a: Glimmora|Rock Slide|p1a: Gholdengo\n|-resisted|p1a: Gholdengo\n|-damage|p1a: Gholdengo|86\/100\n|move|p1a: Gholdengo|Shadow Ball|p2a: Glimmora\n|-damage|p2a: Glimmora|0 fnt\n|faint|p2a: Glimmora\n|\n|upkeep\n|\n|t:|1700057934\n|switch|p2a: Dondozo|Dondozo, F|25\/100\n|turn|32\n|\n|t:|1700057939\n|move|p1a: Gholdengo|Shadow Ball|p2a: Dondozo\n|-damage|p2a: Dondozo|0 fnt\n|faint|p2a: Dondozo\n|\n|upkeep\n|\n|t:|1700057942\n|switch|p2a: Zamazenta|Zamazenta|100\/100\n|turn|33\n|\n|t:|1700057948\n|switch|p1a: Ninetales|Ninetales-Alola, F|93\/100\n|-weather|Snow|[from] ability: Snow Warning|[of] p1a: Ninetales\n|move|p2a: Zamazenta|Crunch|p1a: Ninetales\n|-resisted|p1a: Ninetales\n|-damage|p1a: Ninetales|83\/100\n|\n|-weather|Snow|[upkeep]\n|upkeep\n|turn|34\n|\n|t:|1700057962\n|move|p2a: Zamazenta|Close Combat|p1a: Ninetales\n|-damage|p1a: Ninetales|36\/100\n|-unboost|p2a: Zamazenta|def|1\n|-unboost|p2a: Zamazenta|spd|1\n|move|p1a: Ninetales|Aurora Veil|p1a: Ninetales\n|-sidestart|p1: Allanubs|move: Aurora Veil\n|\n|-weather|Snow|[upkeep]\n|upkeep\n|turn|35\n|\n|t:|1700057969\n|move|p2a: Zamazenta|Crunch|p1a: Ninetales\n|-resisted|p1a: Ninetales\n|-damage|p1a: Ninetales|30\/100\n|move|p1a: Ninetales|Encore|p2a: Zamazenta\n|-start|p2a: Zamazenta|Encore\n|\n|-weather|Snow|[upkeep]\n|upkeep\n|turn|36\n|\n|t:|1700057975\n|switch|p1a: Slowking|Slowking-Galar, F|62\/100 psn\n|-damage|p1a: Slowking|50\/100 psn|[from] Stealth Rock\n|move|p2a: Zamazenta|Crunch|p1a: Slowking\n|-supereffective|p1a: Slowking\n|-damage|p1a: Slowking|22\/100 psn\n|-unboost|p1a: Slowking|def|1\n|\n|-weather|Snow|[upkeep]\n|-heal|p1a: Slowking|28\/100 psn|[from] item: Leftovers\n|-damage|p1a: Slowking|16\/100 psn|[from] psn\n|upkeep\n|turn|37\n|\n|t:|1700057990\n|move|p2a: Zamazenta|Crunch|p1a: Slowking\n|-supereffective|p1a: Slowking\n|-damage|p1a: Slowking|0 fnt\n|faint|p1a: Slowking\n|\n|-weather|none\n|upkeep\n|\n|t:|1700057993\n|switch|p1a: Gholdengo|Gholdengo|86\/100\n|-damage|p1a: Gholdengo|80\/100|[from] Stealth Rock\n|turn|38\n|\n|t:|1700057999\n|-terastallize|p1a: Gholdengo|Steel\n|move|p2a: Zamazenta|Crunch|p1a: Gholdengo\n|-damage|p1a: Gholdengo|67\/100\n|move|p1a: Gholdengo|Make It Rain|p2a: Zamazenta\n|-damage|p2a: Zamazenta|0 fnt\n|-unboost|p1a: Gholdengo|spa|1\n|faint|p2a: Zamazenta\n|\n|win|Allanubs\n|raw|Allanubs's rating: 1000 &rarr; <strong>1049<\/strong><br \/>(+49 for winning)\n|raw|Xeaa2136's rating: 1077 &rarr; <strong>1051<\/strong><br \/>(-26 for losing)\n|l|\u2606Xeaa2136\n","uploadtime":1700058017,"views":5,"p1id":"allanubs","p2id":"xeaa2136","formatid":"gen9ou","rating":1049,"private":0,"password":""}