{"id":"gen9ou-1989693688","p1":"TrepYT","p2":"Aggron","format":"[Gen 9] OU","log":"|j|\u203dTrepYT\n|j|\u2606Aggron\n|t:|1699887504\n|gametype|singles\n|player|p1|TrepYT|swimmerf|1742\n|player|p2|Aggron|pokefan-gen4|1791\n|teamsize|p1|6\n|teamsize|p2|6\n|gen|9\n|tier|[Gen 9] OU\n|rated|\n|rule|Sleep Clause Mod: Limit one foe put to sleep\n|rule|Species Clause: Limit one of each Pok\u00e9mon\n|rule|OHKO Clause: OHKO moves are banned\n|rule|Evasion Items Clause: Evasion items are banned\n|rule|Evasion Moves Clause: Evasion moves are banned\n|rule|Endless Battle Clause: Forcing endless battles is banned\n|rule|HP Percentage Mod: HP is shown in percentages\n|clearpoke\n|poke|p1|Samurott-Hisui, F|\n|poke|p1|Cresselia, F|\n|poke|p1|Kingambit, M|\n|poke|p1|Scizor, F|\n|poke|p1|Garchomp, M|\n|poke|p1|Heatran, F|\n|poke|p2|Sinistcha-Masterpiece|\n|poke|p2|Tyranitar, F|\n|poke|p2|Heatran, F|\n|poke|p2|Rillaboom, F|\n|poke|p2|Sneasler, F|\n|poke|p2|Samurott-Hisui, M|\n|teampreview\n|inactive|Battle timer is ON: inactive players will automatically lose when time's up. (requested by Aggron)\n|inactive|Aggron has 120 seconds left.\n|\n|t:|1699887541\n|start\n|switch|p1a: Scizor|Scizor, F|100\/100\n|switch|p2a: Sneasler|Sneasler, F|100\/100\n|turn|1\n|\n|t:|1699887549\n|switch|p2a: Heatran|Heatran, F|100\/100\n|-item|p2a: Heatran|Air Balloon\n|switch|p1a: Garchomp|Garchomp, M|100\/100\n|\n|upkeep\n|turn|2\n|\n|t:|1699887579\n|move|p2a: Heatran|Stealth Rock|p1a: Garchomp\n|-sidestart|p1: TrepYT|move: Stealth Rock\n|move|p1a: Garchomp|Stealth Rock|p2a: Heatran\n|-sidestart|p2: Aggron|move: Stealth Rock\n|\n|upkeep\n|turn|3\n|\n|t:|1699887584\n|move|p2a: Heatran|Taunt|p1a: Garchomp\n|-start|p1a: Garchomp|move: Taunt\n|move|p1a: Garchomp|Dragon Tail|p2a: Heatran\n|-resisted|p2a: Heatran\n|-damage|p2a: Heatran|87\/100\n|-enditem|p2a: Heatran|Air Balloon\n|drag|p2a: Samurott|Samurott-Hisui, M|100\/100\n|\n|upkeep\n|turn|4\n|\n|t:|1699887594\n|switch|p2a: Sinistcha|Sinistcha-Masterpiece|100\/100\n|move|p1a: Garchomp|Dragon Tail|p2a: Sinistcha\n|-damage|p2a: Sinistcha|82\/100\n|drag|p2a: Samurott|Samurott-Hisui, M|100\/100\n|\n|upkeep\n|turn|5\n|\n|t:|1699887604\n|switch|p2a: Heatran|Heatran, F|87\/100\n|-damage|p2a: Heatran|74\/100|[from] Stealth Rock\n|move|p1a: Garchomp|Dragon Tail|p2a: Heatran\n|-resisted|p2a: Heatran\n|-damage|p2a: Heatran|61\/100\n|-status|p1a: Garchomp|brn|[from] ability: Flame Body|[of] p2a: Heatran\n|drag|p2a: Sinistcha|Sinistcha-Masterpiece|82\/100\n|\n|-damage|p1a: Garchomp|94\/100 brn|[from] brn\n|-end|p1a: Garchomp|move: Taunt\n|upkeep\n|turn|6\n|\n|t:|1699887612\n|switch|p1a: Heatran|Heatran, F|100\/100\n|-damage|p1a: Heatran|88\/100|[from] Stealth Rock\n|move|p2a: Sinistcha|Matcha Gotcha|p1a: Heatran\n|-resisted|p1a: Heatran\n|-damage|p1a: Heatran|81\/100\n|-heal|p2a: Sinistcha|86\/100|[from] drain|[of] p1a: Heatran\n|\n|-heal|p1a: Heatran|87\/100|[from] item: Leftovers\n|upkeep\n|turn|7\n|\n|t:|1699887627\n|switch|p2a: Tyranitar|Tyranitar, F|100\/100\n|-weather|Sandstorm|[from] ability: Sand Stream|[of] p2a: Tyranitar\n|move|p1a: Heatran|Substitute|p1a: Heatran\n|-start|p1a: Heatran|Substitute\n|-damage|p1a: Heatran|63\/100\n|\n|-weather|Sandstorm|[upkeep]\n|-heal|p1a: Heatran|69\/100|[from] item: Leftovers\n|upkeep\n|turn|8\n|\n|t:|1699887632\n|move|p1a: Heatran|Earth Power|p2a: Tyranitar\n|-supereffective|p2a: Tyranitar\n|-damage|p2a: Tyranitar|64\/100\n|move|p2a: Tyranitar|Rock Blast|p1a: Heatran\n|-activate|p1a: Heatran|move: Substitute|[damage]\n|-activate|p1a: Heatran|move: Substitute|[damage]\n|-end|p1a: Heatran|Substitute\n|-damage|p1a: Heatran|57\/100\n|-hitcount|p1a: Heatran|4\n|\n|-weather|Sandstorm|[upkeep]\n|-heal|p1a: Heatran|63\/100|[from] item: Leftovers\n|upkeep\n|turn|9\n|\n|t:|1699887647\n|move|p1a: Heatran|Substitute|p1a: Heatran\n|-start|p1a: Heatran|Substitute\n|-damage|p1a: Heatran|38\/100\n|move|p2a: Tyranitar|Knock Off|p1a: Heatran\n|-end|p1a: Heatran|Substitute\n|\n|-weather|Sandstorm|[upkeep]\n|-heal|p1a: Heatran|44\/100|[from] item: Leftovers\n|upkeep\n|turn|10\n|\n|t:|1699887652\n|switch|p1a: Garchomp|Garchomp, M|94\/100 brn\n|-damage|p1a: Garchomp|88\/100 brn|[from] Stealth Rock\n|move|p2a: Tyranitar|Rock Blast|p1a: Garchomp\n|-resisted|p1a: Garchomp\n|-damage|p1a: Garchomp|84\/100 brn\n|-resisted|p1a: Garchomp\n|-damage|p1a: Garchomp|79\/100 brn\n|-resisted|p1a: Garchomp\n|-damage|p1a: Garchomp|75\/100 brn\n|-hitcount|p1a: Garchomp|3\n|\n|-weather|Sandstorm|[upkeep]\n|-damage|p1a: Garchomp|69\/100 brn|[from] brn\n|upkeep\n|turn|11\n|\n|t:|1699887663\n|switch|p2a: Sinistcha|Sinistcha-Masterpiece|86\/100\n|move|p1a: Garchomp|Dragon Tail|p2a: Sinistcha\n|-damage|p2a: Sinistcha|77\/100\n|drag|p2a: Sneasler|Sneasler, F|100\/100\n|-damage|p2a: Sneasler|95\/100|[from] Stealth Rock\n|\n|-weather|none\n|-damage|p1a: Garchomp|63\/100 brn|[from] brn\n|upkeep\n|turn|12\n|\n|t:|1699887671\n|move|p2a: Sneasler|Fake Out|p1a: Garchomp\n|-damage|p1a: Garchomp|54\/100 brn\n|-activate|p1a: Garchomp|ability: Rough Skin\n|-activate|p2a: Sneasler|item: Protective Pads\n|cant|p1a: Garchomp|flinch\n|\n|-damage|p1a: Garchomp|48\/100 brn|[from] brn\n|upkeep\n|turn|13\n|\n|t:|1699887687\n|-terastallize|p2a: Sneasler|Fighting\n|move|p2a: Sneasler|Close Combat|p1a: Garchomp\n|-damage|p1a: Garchomp|0 fnt\n|-unboost|p2a: Sneasler|def|1\n|-unboost|p2a: Sneasler|spd|1\n|-activate|p1a: Garchomp|ability: Rough Skin\n|-activate|p2a: Sneasler|item: Protective Pads\n|faint|p1a: Garchomp\n|\n|upkeep\n|\n|t:|1699887695\n|switch|p1a: Scizor|Scizor, F|100\/100\n|-damage|p1a: Scizor|88\/100|[from] Stealth Rock\n|turn|14\n|\n|t:|1699887700\n|switch|p2a: Heatran|Heatran, F|61\/100\n|-damage|p2a: Heatran|49\/100|[from] Stealth Rock\n|move|p1a: Scizor|Close Combat|p2a: Heatran\n|-supereffective|p2a: Heatran\n|-damage|p2a: Heatran|0 fnt\n|-unboost|p1a: Scizor|def|1\n|-unboost|p1a: Scizor|spd|1\n|faint|p2a: Heatran\n|\n|upkeep\n|\n|t:|1699887713\n|switch|p2a: Sneasler|Sneasler, F, tera:Fighting|95\/100\n|-damage|p2a: Sneasler|89\/100|[from] Stealth Rock\n|turn|15\n|\n|t:|1699887724\n|switch|p1a: Cresselia|Cresselia, F|100\/100\n|-damage|p1a: Cresselia|88\/100|[from] Stealth Rock\n|move|p2a: Sneasler|Dire Claw|p1a: Cresselia\n|-damage|p1a: Cresselia|65\/100\n|-status|p1a: Cresselia|psn|[from] ability: Poison Touch|[of] p2a: Sneasler\n|-enditem|p1a: Cresselia|Kee Berry|[eat]\n|-boost|p1a: Cresselia|def|1|[from] item: Kee Berry\n|\n|-damage|p1a: Cresselia|52\/100 psn|[from] psn\n|upkeep\n|turn|16\n|j| Sviqma\n|\n|t:|1699887736\n|move|p2a: Sneasler|U-turn|p1a: Cresselia\n|-supereffective|p1a: Cresselia\n|-damage|p1a: Cresselia|36\/100 psn\n|\n|t:|1699887742\n|switch|p2a: Samurott|Samurott-Hisui, M|100\/100|[from] U-turn\n|move|p1a: Cresselia|Moonlight|p1a: Cresselia\n|-heal|p1a: Cresselia|86\/100 psn\n|\n|-damage|p1a: Cresselia|74\/100 psn|[from] psn\n|upkeep\n|turn|17\n|\n|t:|1699887751\n|-terastallize|p1a: Cresselia|Poison\n|move|p2a: Samurott|Ceaseless Edge|p1a: Cresselia\n|-damage|p1a: Cresselia|58\/100 psn\n|-sidestart|p1: TrepYT|Spikes\n|move|p1a: Cresselia|Calm Mind|p1a: Cresselia\n|-boost|p1a: Cresselia|spa|1\n|-boost|p1a: Cresselia|spd|1\n|\n|-damage|p1a: Cresselia|46\/100 psn|[from] psn\n|upkeep\n|turn|18\n|j| enrage warrior hs\n|\n|t:|1699887761\n|move|p2a: Samurott|Encore|p1a: Cresselia\n|-start|p1a: Cresselia|Encore\n|move|p1a: Cresselia|Calm Mind|p1a: Cresselia\n|-boost|p1a: Cresselia|spa|1\n|-boost|p1a: Cresselia|spd|1\n|\n|-damage|p1a: Cresselia|33\/100 psn|[from] psn\n|upkeep\n|turn|19\n|\n|t:|1699887766\n|switch|p1a: Heatran|Heatran, F|44\/100\n|-damage|p1a: Heatran|32\/100|[from] Stealth Rock\n|-damage|p1a: Heatran|19\/100|[from] Spikes\n|move|p2a: Samurott|Ceaseless Edge|p1a: Heatran\n|-crit|p1a: Heatran\n|-damage|p1a: Heatran|0 fnt\n|-sidestart|p1: TrepYT|Spikes\n|faint|p1a: Heatran\n|\n|upkeep\n|\n|t:|1699887772\n|switch|p1a: Scizor|Scizor, F|88\/100\n|-damage|p1a: Scizor|76\/100|[from] Stealth Rock\n|-damage|p1a: Scizor|59\/100|[from] Spikes\n|turn|20\n|\n|t:|1699887778\n|switch|p2a: Sinistcha|Sinistcha-Masterpiece|77\/100\n|move|p1a: Scizor|U-turn|p2a: Sinistcha\n|-damage|p2a: Sinistcha|35\/100\n|\n|t:|1699887781\n|switch|p1a: Samurott|Samurott-Hisui, F|100\/100|[from] U-turn\n|-damage|p1a: Samurott|88\/100|[from] Stealth Rock\n|-damage|p1a: Samurott|72\/100|[from] Spikes\n|\n|upkeep\n|turn|21\n|\n|t:|1699887787\n|move|p1a: Samurott|Ceaseless Edge|p2a: Sinistcha\n|-supereffective|p2a: Sinistcha\n|-damage|p2a: Sinistcha|0 fnt\n|-sidestart|p2: Aggron|Spikes\n|faint|p2a: Sinistcha\n|\n|upkeep\n|\n|t:|1699887797\n|switch|p2a: Rillaboom|Rillaboom, F|100\/100\n|-damage|p2a: Rillaboom|88\/100|[from] Stealth Rock\n|-damage|p2a: Rillaboom|76\/100|[from] Spikes\n|-fieldstart|move: Grassy Terrain|[from] ability: Grassy Surge|[of] p2a: Rillaboom\n|turn|22\n|\n|t:|1699887800\n|switch|p1a: Cresselia|Cresselia, F, tera:Poison|33\/100 psn\n|-damage|p1a: Cresselia|21\/100 psn|[from] Stealth Rock\n|move|p2a: Rillaboom|Grassy Glide|p1a: Cresselia\n|-resisted|p1a: Cresselia\n|-damage|p1a: Cresselia|6\/100 psn\n|\n|-heal|p2a: Rillaboom|82\/100|[from] Grassy Terrain\n|-damage|p1a: Cresselia|0 fnt|[from] psn\n|faint|p1a: Cresselia\n|upkeep\n|\n|t:|1699887807\n|switch|p1a: Scizor|Scizor, F|59\/100\n|-damage|p1a: Scizor|47\/100|[from] Stealth Rock\n|-damage|p1a: Scizor|31\/100|[from] Spikes\n|turn|23\n|\n|t:|1699887830\n|switch|p2a: Tyranitar|Tyranitar, F|64\/100\n|-weather|Sandstorm|[from] ability: Sand Stream|[of] p2a: Tyranitar\n|move|p1a: Scizor|Bullet Punch|p2a: Tyranitar\n|-supereffective|p2a: Tyranitar\n|-damage|p2a: Tyranitar|0 fnt\n|faint|p2a: Tyranitar\n|\n|-weather|Sandstorm|[upkeep]\n|-heal|p1a: Scizor|37\/100|[from] Grassy Terrain\n|upkeep\n|\n|t:|1699887842\n|switch|p2a: Samurott|Samurott-Hisui, M|100\/100\n|turn|24\n|\n|t:|1699887849\n|move|p1a: Scizor|Bullet Punch|p2a: Samurott\n|-resisted|p2a: Samurott\n|-damage|p2a: Samurott|69\/100\n|move|p2a: Samurott|Ceaseless Edge|p1a: Scizor\n|-damage|p1a: Scizor|0 fnt\n|-sidestart|p1: TrepYT|Spikes\n|faint|p1a: Scizor\n|\n|-weather|Sandstorm|[upkeep]\n|-damage|p2a: Samurott|62\/100|[from] Sandstorm\n|-heal|p2a: Samurott|69\/100|[from] Grassy Terrain\n|upkeep\n|\n|t:|1699887858\n|switch|p1a: Samurott|Samurott-Hisui, F|72\/100\n|-damage|p1a: Samurott|60\/100|[from] Stealth Rock\n|-damage|p1a: Samurott|35\/100|[from] Spikes\n|turn|25\n|\n|t:|1699887863\n|switch|p2a: Rillaboom|Rillaboom, F|82\/100\n|-damage|p2a: Rillaboom|70\/100|[from] Stealth Rock\n|-damage|p2a: Rillaboom|57\/100|[from] Spikes\n|move|p1a: Samurott|Aqua Cutter|p2a: Rillaboom\n|-resisted|p2a: Rillaboom\n|-damage|p2a: Rillaboom|27\/100\n|\n|-weather|Sandstorm|[upkeep]\n|-damage|p2a: Rillaboom|20\/100|[from] Sandstorm\n|-damage|p1a: Samurott|29\/100|[from] Sandstorm\n|-heal|p2a: Rillaboom|27\/100|[from] Grassy Terrain\n|-heal|p1a: Samurott|35\/100|[from] Grassy Terrain\n|upkeep\n|turn|26\n|\n|t:|1699887865\n|move|p2a: Rillaboom|Grassy Glide|p1a: Samurott\n|-supereffective|p1a: Samurott\n|-damage|p1a: Samurott|0 fnt\n|faint|p1a: Samurott\n|\n|-weather|Sandstorm|[upkeep]\n|-damage|p2a: Rillaboom|20\/100|[from] Sandstorm\n|-heal|p2a: Rillaboom|27\/100|[from] Grassy Terrain\n|-fieldend|move: Grassy Terrain\n|upkeep\n|\n|t:|1699887867\n|switch|p1a: Kingambit|Kingambit, M|100\/100\n|-damage|p1a: Kingambit|94\/100|[from] Stealth Rock\n|-damage|p1a: Kingambit|69\/100|[from] Spikes\n|-activate|p1a: Kingambit|ability: Supreme Overlord\n|-start|p1a: Kingambit|fallen5|[silent]\n|turn|27\n|\n|t:|1699887872\n|switch|p2a: Samurott|Samurott-Hisui, M|69\/100\n|move|p1a: Kingambit|Swords Dance|p1a: Kingambit\n|-boost|p1a: Kingambit|atk|2\n|\n|-weather|none\n|-heal|p1a: Kingambit|76\/100|[from] item: Leftovers\n|upkeep\n|turn|28\n|\n|t:|1699887875\n|move|p1a: Kingambit|Sucker Punch||[still]\n|-fail|p1a: Kingambit\n|move|p2a: Samurott|Encore|p1a: Kingambit\n|-start|p1a: Kingambit|Encore\n|\n|-heal|p1a: Kingambit|82\/100|[from] item: Leftovers\n|upkeep\n|turn|29\n|\n|t:|1699887878\n|move|p2a: Samurott|Sucker Punch|p1a: Kingambit\n|-resisted|p1a: Kingambit\n|-damage|p1a: Kingambit|70\/100\n|move|p1a: Kingambit|Sucker Punch||[still]\n|-fail|p1a: Kingambit\n|\n|-heal|p1a: Kingambit|76\/100|[from] item: Leftovers\n|upkeep\n|turn|30\n|\n|t:|1699887881\n|move|p2a: Samurott|Sucker Punch|p1a: Kingambit\n|-resisted|p1a: Kingambit\n|-damage|p1a: Kingambit|64\/100\n|move|p1a: Kingambit|Sucker Punch||[still]\n|-fail|p1a: Kingambit\n|\n|-heal|p1a: Kingambit|70\/100|[from] item: Leftovers\n|upkeep\n|turn|31\n|\n|t:|1699887884\n|move|p2a: Samurott|Sucker Punch|p1a: Kingambit\n|-resisted|p1a: Kingambit\n|-damage|p1a: Kingambit|59\/100\n|move|p1a: Kingambit|Sucker Punch||[still]\n|-fail|p1a: Kingambit\n|\n|-heal|p1a: Kingambit|65\/100|[from] item: Leftovers\n|-end|p1a: Kingambit|Encore\n|upkeep\n|turn|32\n|\n|t:|1699887887\n|move|p2a: Samurott|Encore|p1a: Kingambit\n|-start|p1a: Kingambit|Encore\n|move|p1a: Kingambit|Sucker Punch||[still]\n|-fail|p1a: Kingambit\n|\n|-heal|p1a: Kingambit|71\/100|[from] item: Leftovers\n|upkeep\n|turn|33\n|\n|t:|1699887889\n|move|p2a: Samurott|Sucker Punch|p1a: Kingambit\n|-resisted|p1a: Kingambit\n|-damage|p1a: Kingambit|60\/100\n|move|p1a: Kingambit|Sucker Punch||[still]\n|-fail|p1a: Kingambit\n|\n|-heal|p1a: Kingambit|67\/100|[from] item: Leftovers\n|upkeep\n|turn|34\n|\n|t:|1699887892\n|move|p2a: Samurott|Sucker Punch|p1a: Kingambit\n|-resisted|p1a: Kingambit\n|-damage|p1a: Kingambit|54\/100\n|move|p1a: Kingambit|Sucker Punch||[still]\n|-fail|p1a: Kingambit\n|\n|-heal|p1a: Kingambit|61\/100|[from] item: Leftovers\n|-end|p1a: Kingambit|Encore\n|upkeep\n|turn|35\n|\n|t:|1699887895\n|move|p2a: Samurott|Encore|p1a: Kingambit\n|-start|p1a: Kingambit|Encore\n|move|p1a: Kingambit|Sucker Punch||[still]\n|-fail|p1a: Kingambit\n|\n|-heal|p1a: Kingambit|67\/100|[from] item: Leftovers\n|-end|p1a: Kingambit|Encore\n|upkeep\n|turn|36\n|\n|t:|1699887899\n|move|p2a: Samurott|Razor Shell|p1a: Kingambit\n|-damage|p1a: Kingambit|30\/100\n|move|p1a: Kingambit|Low Kick|p2a: Samurott\n|-supereffective|p2a: Samurott\n|-damage|p2a: Samurott|0 fnt\n|faint|p2a: Samurott\n|\n|-heal|p1a: Kingambit|36\/100|[from] item: Leftovers\n|upkeep\n|\n|t:|1699887902\n|switch|p2a: Sneasler|Sneasler, F, tera:Fighting|89\/100\n|-damage|p2a: Sneasler|83\/100|[from] Stealth Rock\n|-damage|p2a: Sneasler|70\/100|[from] Spikes\n|turn|37\n|\n|t:|1699887903\n|move|p2a: Sneasler|Close Combat|p1a: Kingambit\n|-supereffective|p1a: Kingambit\n|-damage|p1a: Kingambit|0 fnt\n|-unboost|p2a: Sneasler|def|1\n|-unboost|p2a: Sneasler|spd|1\n|faint|p1a: Kingambit\n|-end|p1a: Kingambit|fallen5|[silent]\n|\n|win|Aggron\n|raw|TrepYT's rating: 1742 &rarr; <strong>1725<\/strong><br \/>(-17 for losing)\n|raw|Aggron's rating: 1791 &rarr; <strong>1808<\/strong><br \/>(+17 for winning)\n|l|\u203dTrepYT\n|l|\u2606Aggron\n|j|\u2606Aggron\n|player|p2|Aggron|pokefan-gen4\n","uploadtime":1699887911,"views":18,"p1id":"trepyt","p2id":"aggron","formatid":"gen9ou","rating":1725,"private":0,"password":""}