{"id":"gen9ou-1992740779","p1":"ilivettl","p2":"red114514","format":"[Gen 9] OU","log":"|j|\u2606ilivettl\n|j|\u2606red114514\n|t:|1700231072\n|gametype|singles\n|player|p1|ilivettl|101|1010\n|player|p2|red114514|266|1088\n|teamsize|p1|6\n|teamsize|p2|6\n|gen|9\n|tier|[Gen 9] OU\n|rated|\n|rule|Sleep Clause Mod: Limit one foe put to sleep\n|rule|Species Clause: Limit one of each Pok\u00e9mon\n|rule|OHKO Clause: OHKO moves are banned\n|rule|Evasion Items Clause: Evasion items are banned\n|rule|Evasion Moves Clause: Evasion moves are banned\n|rule|Endless Battle Clause: Forcing endless battles is banned\n|rule|HP Percentage Mod: HP is shown in percentages\n|clearpoke\n|poke|p1|Vaporeon, M|\n|poke|p1|Great Tusk|\n|poke|p1|Grimmsnarl, M|\n|poke|p1|Iron Valiant|\n|poke|p1|Dragonite, M|\n|poke|p1|Staraptor, M|\n|poke|p2|Krookodile, M|\n|poke|p2|Glimmora, F|\n|poke|p2|Garchomp, M|\n|poke|p2|Salamence, F|\n|poke|p2|Kingambit, M|\n|poke|p2|Great Tusk|\n|teampreview\n|\n|t:|1700231082\n|start\n|switch|p1a: Great Tusk|Great Tusk|100\/100\n|switch|p2a: Glimmora|Glimmora, F|100\/100\n|turn|1\n|inactive|Battle timer is ON: inactive players will automatically lose when time's up. (requested by ilivettl)\n|\n|t:|1700231104\n|switch|p2a: Garchomp|Garchomp, M|100\/100\n|move|p1a: Great Tusk|Rapid Spin|p2a: Garchomp\n|-damage|p2a: Garchomp|87\/100\n|-boost|p1a: Great Tusk|spe|1\n|-damage|p1a: Great Tusk|88\/100|[from] ability: Rough Skin|[of] p2a: Garchomp\n|-damage|p1a: Great Tusk|71\/100|[from] item: Rocky Helmet|[of] p2a: Garchomp\n|\n|-heal|p1a: Great Tusk|78\/100|[from] item: Leftovers\n|upkeep\n|turn|2\n|\n|t:|1700231124\n|move|p1a: Great Tusk|Ice Spinner|p2a: Garchomp\n|-supereffective|p2a: Garchomp\n|-damage|p2a: Garchomp|0 fnt\n|-damage|p1a: Great Tusk|65\/100|[from] ability: Rough Skin|[of] p2a: Garchomp\n|-damage|p1a: Great Tusk|49\/100|[from] item: Rocky Helmet|[of] p2a: Garchomp\n|faint|p2a: Garchomp\n|\n|-heal|p1a: Great Tusk|55\/100|[from] item: Leftovers\n|upkeep\n|\n|t:|1700231136\n|switch|p2a: \u6d41\u6c13\u9cc4|Krookodile, M|100\/100\n|turn|3\n|\n|t:|1700231142\n|-terastallize|p2a: \u6d41\u6c13\u9cc4|Dragon\n|move|p1a: Great Tusk|Stealth Rock|p2a: \u6d41\u6c13\u9cc4\n|-sidestart|p2: red114514|move: Stealth Rock\n|move|p2a: \u6d41\u6c13\u9cc4|Scale Shot|p1a: Great Tusk\n|-damage|p1a: Great Tusk|48\/100\n|-damage|p1a: Great Tusk|42\/100\n|-damage|p1a: Great Tusk|35\/100\n|-damage|p1a: Great Tusk|30\/100\n|-damage|p1a: Great Tusk|23\/100\n|-hitcount|p1a: Great Tusk|5\n|-unboost|p2a: \u6d41\u6c13\u9cc4|def|1\n|-boost|p2a: \u6d41\u6c13\u9cc4|spe|1\n|\n|-heal|p1a: Great Tusk|30\/100|[from] item: Leftovers\n|upkeep\n|turn|4\n|\n|t:|1700231160\n|-end|p1a: Great Tusk|Protosynthesis|[silent]\n|switch|p1a: Vaporeon|Vaporeon, M|100\/100\n|move|p2a: \u6d41\u6c13\u9cc4|Scale Shot|p1a: Vaporeon\n|-damage|p1a: Vaporeon|88\/100\n|-crit|p1a: Vaporeon\n|-damage|p1a: Vaporeon|70\/100\n|-damage|p1a: Vaporeon|57\/100\n|-damage|p1a: Vaporeon|45\/100\n|-hitcount|p1a: Vaporeon|4\n|-unboost|p2a: \u6d41\u6c13\u9cc4|def|1\n|-boost|p2a: \u6d41\u6c13\u9cc4|spe|1\n|\n|-heal|p1a: Vaporeon|52\/100|[from] item: Leftovers\n|upkeep\n|turn|5\n|inactive|red114514 has 120 seconds left.\n|\n|t:|1700231176\n|move|p1a: Vaporeon|Protect|p1a: Vaporeon\n|-singleturn|p1a: Vaporeon|Protect\n|move|p2a: \u6d41\u6c13\u9cc4|Scale Shot|p1a: Vaporeon\n|-activate|p1a: Vaporeon|move: Protect\n|\n|-heal|p1a: Vaporeon|58\/100|[from] item: Leftovers\n|upkeep\n|turn|6\n|\n|t:|1700231184\n|switch|p1a: Grimmsnarl|Grimmsnarl, M|100\/100\n|move|p2a: \u6d41\u6c13\u9cc4|Scale Shot|p1a: Grimmsnarl\n|-immune|p1a: Grimmsnarl\n|\n|upkeep\n|turn|7\n|\n|t:|1700231198\n|switch|p2a: Glimmora|Glimmora, F|100\/100\n|-damage|p2a: Glimmora|88\/100|[from] Stealth Rock\n|move|p1a: Grimmsnarl|Reflect|p1a: Grimmsnarl\n|-sidestart|p1: ilivettl|Reflect\n|\n|upkeep\n|turn|8\n|\n|t:|1700231209\n|move|p1a: Grimmsnarl|Light Screen|p1a: Grimmsnarl\n|-sidestart|p1: ilivettl|move: Light Screen\n|move|p2a: Glimmora|Light Screen|p2a: Glimmora\n|-sidestart|p2: red114514|move: Light Screen\n|\n|upkeep\n|turn|9\n|\n|t:|1700231217\n|move|p1a: Grimmsnarl|Thunder Wave|p2a: Glimmora\n|-status|p2a: Glimmora|par\n|move|p2a: Glimmora|Stealth Rock|p1a: Grimmsnarl\n|-sidestart|p1: ilivettl|move: Stealth Rock\n|\n|upkeep\n|turn|10\n|\n|t:|1700231227\n|switch|p1a: Great Tusk|Great Tusk|30\/100\n|-damage|p1a: Great Tusk|27\/100|[from] Stealth Rock\n|move|p2a: Glimmora|Toxic|p1a: Great Tusk\n|-status|p1a: Great Tusk|tox\n|\n|-heal|p1a: Great Tusk|33\/100 tox|[from] item: Leftovers\n|-damage|p1a: Great Tusk|27\/100 tox|[from] psn\n|upkeep\n|turn|11\n|inactive|red114514 has 120 seconds left.\n|\n|t:|1700231250\n|switch|p2a: Great Tusk|Great Tusk, shiny|100\/100\n|-damage|p2a: Great Tusk|98\/100|[from] Stealth Rock\n|move|p1a: Great Tusk|Rapid Spin|p2a: Great Tusk\n|-damage|p2a: Great Tusk|86\/100\n|-boost|p1a: Great Tusk|spe|1\n|-sideend|p1: ilivettl|Stealth Rock|[from] move: Rapid Spin|[of] p1a: Great Tusk\n|\n|-heal|p1a: Great Tusk|33\/100 tox|[from] item: Leftovers\n|-damage|p1a: Great Tusk|20\/100 tox|[from] psn\n|upkeep\n|turn|12\n|inactive|red114514 has 120 seconds left.\n|\n|t:|1700231265\n|move|p1a: Great Tusk|Ice Spinner|p2a: Great Tusk\n|-supereffective|p2a: Great Tusk\n|-damage|p2a: Great Tusk|53\/100\n|move|p2a: Great Tusk|Rapid Spin|p1a: Great Tusk\n|-damage|p1a: Great Tusk|16\/100 tox\n|-boost|p2a: Great Tusk|spe|1\n|-sideend|p2: red114514|Stealth Rock|[from] move: Rapid Spin|[of] p2a: Great Tusk\n|\n|-heal|p1a: Great Tusk|22\/100 tox|[from] item: Leftovers\n|-damage|p1a: Great Tusk|3\/100 tox|[from] psn\n|-sideend|p2: red114514|move: Light Screen\n|upkeep\n|turn|13\n|inactive|red114514 has 120 seconds left.\n|\n|t:|1700231281\n|-end|p2a: Great Tusk|Protosynthesis|[silent]\n|switch|p2a: Glimmora|Glimmora, F|88\/100 par\n|move|p1a: Great Tusk|Stealth Rock|p2a: Glimmora\n|-sidestart|p2: red114514|move: Stealth Rock\n|\n|-heal|p1a: Great Tusk|10\/100 tox|[from] item: Leftovers\n|-damage|p1a: Great Tusk|0 fnt|[from] psn\n|faint|p1a: Great Tusk\n|-end|p1a: Great Tusk|Protosynthesis|[silent]\n|upkeep\n|\n|t:|1700231289\n|switch|p1a: Dragonite|Dragonite, M|100\/100\n|turn|14\n|inactive|red114514 has 120 seconds left.\n|\n|t:|1700231299\n|move|p1a: Dragonite|Dragon Dance|p1a: Dragonite\n|-boost|p1a: Dragonite|atk|1\n|-boost|p1a: Dragonite|spe|1\n|move|p2a: Glimmora|Stealth Rock|p1a: Dragonite\n|-sidestart|p1: ilivettl|move: Stealth Rock\n|\n|-sideend|p1: ilivettl|Reflect\n|upkeep\n|turn|15\n|\n|t:|1700231308\n|move|p1a: Dragonite|Scale Shot|p2a: Glimmora\n|-damage|p2a: Glimmora|66\/100 par\n|-activate|p2a: Glimmora|ability: Toxic Debris\n|-sidestart|p1: ilivettl|move: Toxic Spikes\n|-damage|p2a: Glimmora|43\/100 par\n|-activate|p2a: Glimmora|ability: Toxic Debris\n|-sidestart|p1: ilivettl|move: Toxic Spikes\n|-damage|p2a: Glimmora|23\/100 par\n|-damage|p2a: Glimmora|1\/100 par\n|-hitcount|p2a: Glimmora|4\n|-unboost|p1a: Dragonite|def|1\n|-boost|p1a: Dragonite|spe|1\n|move|p2a: Glimmora|Toxic|p1a: Dragonite\n|-status|p1a: Dragonite|tox\n|\n|-damage|p1a: Dragonite|94\/100 tox|[from] psn\n|-sideend|p1: ilivettl|move: Light Screen\n|upkeep\n|turn|16\n|inactive|red114514 has 120 seconds left.\n|\n|t:|1700231328\n|move|p1a: Dragonite|Extreme Speed|p2a: Glimmora\n|-resisted|p2a: Glimmora\n|-damage|p2a: Glimmora|0 fnt\n|faint|p2a: Glimmora\n|\n|-damage|p1a: Dragonite|82\/100 tox|[from] psn\n|upkeep\n|inactive|red114514 has 120 seconds left.\n|\n|t:|1700231344\n|switch|p2a: Great Tusk|Great Tusk, shiny|53\/100\n|-damage|p2a: Great Tusk|50\/100|[from] Stealth Rock\n|turn|17\n|\n|t:|1700231350\n|move|p1a: Dragonite|Scale Shot|p2a: Great Tusk\n|-damage|p2a: Great Tusk|32\/100\n|-damage|p2a: Great Tusk|15\/100\n|-damage|p2a: Great Tusk|0 fnt\n|faint|p2a: Great Tusk\n|-end|p2a: Great Tusk|Protosynthesis|[silent]\n|-hitcount|p2: Great Tusk|3\n|-unboost|p1a: Dragonite|def|1\n|-boost|p1a: Dragonite|spe|1\n|\n|-damage|p1a: Dragonite|63\/100 tox|[from] psn\n|upkeep\n|\n|t:|1700231364\n|switch|p2a: Salamence|Salamence, F, shiny|100\/100\n|-damage|p2a: Salamence|76\/100|[from] Stealth Rock\n|turn|18\n|\n|t:|1700231372\n|move|p1a: Dragonite|Extreme Speed|p2a: Salamence\n|-damage|p2a: Salamence|11\/100\n|move|p2a: Salamence|Dragon Tail|p1a: Dragonite\n|-supereffective|p1a: Dragonite\n|-damage|p1a: Dragonite|0 fnt\n|faint|p1a: Dragonite\n|-ability|p2a: Salamence|Moxie|boost\n|-boost|p2a: Salamence|atk|1\n|\n|upkeep\n|\n|t:|1700231385\n|switch|p1a: Staraptor|Staraptor, M|100\/100\n|-damage|p1a: Staraptor|76\/100|[from] Stealth Rock\n|turn|19\n|\n|t:|1700231394\n|move|p1a: Staraptor|Brave Bird|p2a: Salamence\n|-damage|p2a: Salamence|0 fnt\n|faint|p2a: Salamence\n|-damage|p1a: Staraptor|72\/100|[from] Recoil\n|\n|upkeep\n|\n|t:|1700231402\n|switch|p2a: \u6d41\u6c13\u9cc4|Krookodile, M, tera:Dragon|100\/100\n|-damage|p2a: \u6d41\u6c13\u9cc4|88\/100|[from] Stealth Rock\n|turn|20\n|\n|t:|1700231409\n|move|p1a: Staraptor|Brave Bird|p2a: \u6d41\u6c13\u9cc4\n|-damage|p2a: \u6d41\u6c13\u9cc4|0 fnt\n|faint|p2a: \u6d41\u6c13\u9cc4\n|-damage|p1a: Staraptor|41\/100|[from] Recoil\n|\n|upkeep\n|\n|t:|1700231415\n|switch|p2a: Kingambit|Kingambit, M|100\/100\n|-damage|p2a: Kingambit|94\/100|[from] Stealth Rock\n|-activate|p2a: Kingambit|ability: Supreme Overlord\n|-start|p2a: Kingambit|fallen5|[silent]\n|turn|21\n|\n|t:|1700231423\n|move|p1a: Staraptor|Brave Bird|p2a: Kingambit\n|-resisted|p2a: Kingambit\n|-damage|p2a: Kingambit|68\/100\n|-damage|p1a: Staraptor|32\/100|[from] Recoil\n|move|p2a: Kingambit|Swords Dance|p2a: Kingambit\n|-boost|p2a: Kingambit|atk|2\n|\n|upkeep\n|turn|22\n|\n|t:|1700231433\n|move|p2a: Kingambit|Sucker Punch|p1a: Staraptor\n|-crit|p1a: Staraptor\n|-damage|p1a: Staraptor|0 fnt\n|faint|p1a: Staraptor\n|\n|upkeep\n|\n|t:|1700231437\n|switch|p1a: Iron Valiant|Iron Valiant|100\/100\n|-damage|p1a: Iron Valiant|94\/100|[from] Stealth Rock\n|-status|p1a: Iron Valiant|tox\n|turn|23\n|\n|t:|1700231448\n|move|p1a: Iron Valiant|Aura Sphere|p2a: Kingambit\n|-supereffective|p2a: Kingambit\n|-enditem|p2a: Kingambit|Chople Berry|[eat]\n|-enditem|p2a: Kingambit|Chople Berry|[weaken]\n|-damage|p2a: Kingambit|0 fnt\n|faint|p2a: Kingambit\n|-end|p2a: Kingambit|fallen5|[silent]\n|\n|win|ilivettl\n|raw|ilivettl's rating: 1010 &rarr; <strong>1057<\/strong><br \/>(+47 for winning)\n|raw|red114514's rating: 1088 &rarr; <strong>1060<\/strong><br \/>(-28 for losing)\n|l|\u2606red114514\n|l|\u2606ilivettl\n","uploadtime":1700231626,"views":24,"p1id":"ilivettl","p2id":"red114514","formatid":"gen9ou","rating":1057,"private":0,"password":""}