{"id":"gen9ou-1994293883","p1":"yaboiAshK.","p2":"th3bub14","format":"[Gen 9] OU","log":"|j|\u2606yaboiAshK.\n|j|\u2606th3bub14\n|t:|1700427958\n|gametype|singles\n|player|p1|yaboiAshK.|ash-johto|1438\n|player|p2|th3bub14|caitlin|1542\n|teamsize|p1|6\n|teamsize|p2|6\n|gen|9\n|tier|[Gen 9] OU\n|rated|\n|rule|Sleep Clause Mod: Limit one foe put to sleep\n|rule|Species Clause: Limit one of each Pok\u00e9mon\n|rule|OHKO Clause: OHKO moves are banned\n|rule|Evasion Items Clause: Evasion items are banned\n|rule|Evasion Moves Clause: Evasion moves are banned\n|rule|Endless Battle Clause: Forcing endless battles is banned\n|rule|HP Percentage Mod: HP is shown in percentages\n|clearpoke\n|poke|p1|Pikachu, F|\n|poke|p1|Great Tusk|\n|poke|p1|Ceruledge, M|\n|poke|p1|Dragonite, F|\n|poke|p1|Greninja-*, M|\n|poke|p1|Gengar, F|\n|poke|p2|Thundurus-Therian, M|\n|poke|p2|Dragapult, M|\n|poke|p2|Kingambit, M|\n|poke|p2|Great Tusk|\n|poke|p2|Alomomola, M|\n|poke|p2|Slowking-Galar, M|\n|teampreview\n|inactive|Battle timer is ON: inactive players will automatically lose when time's up. (requested by yaboiAshK.)\n|\n|t:|1700427987\n|start\n|switch|p1a: Gengar|Gengar, F|100\/100\n|switch|p2a: Dragapult|Dragapult, M|100\/100\n|turn|1\n|\n|t:|1700427993\n|move|p1a: Gengar|Shadow Ball|p2a: Dragapult\n|-supereffective|p2a: Dragapult\n|-damage|p2a: Dragapult|0 fnt\n|faint|p2a: Dragapult\n|\n|upkeep\n|\n|t:|1700427995\n|switch|p2a: Kingambit|Kingambit, M|100\/100\n|-activate|p2a: Kingambit|ability: Supreme Overlord\n|-start|p2a: Kingambit|fallen1|[silent]\n|turn|2\n|\n|t:|1700427998\n|switch|p1a: Great Tusk|Great Tusk|100\/100\n|move|p2a: Kingambit|Kowtow Cleave|p1a: Great Tusk\n|-resisted|p1a: Great Tusk\n|-damage|p1a: Great Tusk|85\/100\n|\n|-heal|p1a: Great Tusk|91\/100|[from] item: Leftovers\n|upkeep\n|turn|3\n|\n|t:|1700428004\n|-end|p2a: Kingambit|fallen1|[silent]\n|switch|p2a: Alomomola|Alomomola, M|100\/100\n|move|p1a: Great Tusk|Knock Off|p2a: Alomomola\n|-damage|p2a: Alomomola|86\/100\n|-enditem|p2a: Alomomola|Red Card|[from] move: Knock Off|[of] p1a: Great Tusk\n|\n|-heal|p1a: Great Tusk|97\/100|[from] item: Leftovers\n|upkeep\n|turn|4\n|\n|t:|1700428009\n|move|p1a: Great Tusk|Stealth Rock|p2a: Alomomola\n|-sidestart|p2: th3bub14|move: Stealth Rock\n|move|p2a: Alomomola|Acrobatics|p1a: Great Tusk\n|-supereffective|p1a: Great Tusk\n|-damage|p1a: Great Tusk|76\/100\n|\n|-heal|p1a: Great Tusk|82\/100|[from] item: Leftovers\n|upkeep\n|turn|5\n|\n|t:|1700428014\n|-end|p1a: Great Tusk|Protosynthesis|[silent]\n|switch|p1a: Pikachu|Pikachu, F|100\/100\n|move|p2a: Alomomola|Flip Turn|p1a: Pikachu\n|-damage|p1a: Pikachu|46\/100\n|\n|t:|1700428021\n|switch|p2a: Thundurus|Thundurus-Therian, M|100\/100|[from] Flip Turn\n|\n|upkeep\n|turn|6\n|\n|t:|1700428025\n|move|p1a: Pikachu|Fake Out|p2a: Thundurus\n|-damage|p2a: Thundurus|82\/100\n|cant|p2a: Thundurus|flinch\n|\n|upkeep\n|turn|7\n|\n|t:|1700428040\n|switch|p1a: Greninja|Greninja, M|100\/100\n|move|p2a: Thundurus|Knock Off|p1a: Greninja\n|-resisted|p1a: Greninja\n|-damage|p1a: Greninja|83\/100\n|-enditem|p1a: Greninja|Life Orb|[from] move: Knock Off|[of] p2a: Thundurus\n|\n|upkeep\n|turn|8\n|inactive|th3bub14 has 120 seconds left.\n|\n|t:|1700428081\n|move|p1a: Greninja|Hydro Pump|p2a: Thundurus\n|-damage|p2a: Thundurus|16\/100\n|move|p2a: Thundurus|Volt Switch|p1a: Greninja\n|-supereffective|p1a: Greninja\n|-damage|p1a: Greninja|0 fnt\n|faint|p1a: Greninja\n|inactive|th3bub14 has 90 seconds left.\n|\n|t:|1700428122\n|switch|p2a: Great Tusk|Great Tusk|100\/100|[from] Volt Switch\n|-damage|p2a: Great Tusk|98\/100|[from] Stealth Rock\n|\n|-heal|p2a: Great Tusk|100\/100|[from] item: Leftovers\n|upkeep\n|\n|t:|1700428138\n|switch|p1a: Pikachu|Pikachu, F|46\/100\n|turn|9\n|\n|t:|1700428141\n|-end|p2a: Great Tusk|Protosynthesis|[silent]\n|switch|p2a: Slowking|Slowking-Galar, M|100\/100\n|-damage|p2a: Slowking|88\/100|[from] Stealth Rock\n|move|p1a: Pikachu|Fake Out|p2a: Slowking\n|-damage|p2a: Slowking|76\/100\n|\n|-heal|p2a: Slowking|82\/100|[from] item: Leftovers\n|upkeep\n|turn|10\n|\n|t:|1700428143\n|move|p1a: Pikachu|Volt Switch|p2a: Slowking\n|-damage|p2a: Slowking|57\/100\n|\n|t:|1700428150\n|switch|p1a: Gengar|Gengar, F|100\/100|[from] Volt Switch\n|move|p2a: Slowking|Chilly Reception|p2a: Slowking\n|-weather|Snow\n|\n|t:|1700428154\n|switch|p2a: Kingambit|Kingambit, M|100\/100|[from] Chilly Reception\n|-damage|p2a: Kingambit|94\/100|[from] Stealth Rock\n|-activate|p2a: Kingambit|ability: Supreme Overlord\n|-start|p2a: Kingambit|fallen1|[silent]\n|\n|-weather|Snow|[upkeep]\n|upkeep\n|turn|11\n|\n|t:|1700428157\n|-terastallize|p1a: Gengar|Fighting\n|move|p2a: Kingambit|Sucker Punch||[still]\n|-fail|p2a: Kingambit\n|move|p1a: Gengar|Trick|p2a: Kingambit\n|-activate|p1a: Gengar|move: Trick|[of] p2a: Kingambit\n|-item|p2a: Kingambit|Choice Scarf|[from] move: Trick\n|-item|p1a: Gengar|Black Glasses|[from] move: Trick\n|\n|-weather|Snow|[upkeep]\n|upkeep\n|turn|12\n|\n|t:|1700428166\n|-end|p2a: Kingambit|fallen1|[silent]\n|switch|p2a: Slowking|Slowking-Galar, M|90\/100\n|-damage|p2a: Slowking|78\/100|[from] Stealth Rock\n|move|p1a: Gengar|Shadow Ball|p2a: Slowking\n|-supereffective|p2a: Slowking\n|-damage|p2a: Slowking|27\/100\n|\n|-weather|Snow|[upkeep]\n|-heal|p2a: Slowking|33\/100|[from] item: Leftovers\n|upkeep\n|turn|13\n|inactive|th3bub14 has 120 seconds left.\n|\n|t:|1700428181\n|-terastallize|p2a: Slowking|Water\n|move|p1a: Gengar|Shadow Ball|p2a: Slowking\n|-damage|p2a: Slowking|9\/100\n|move|p2a: Slowking|Thunder Wave|p1a: Gengar\n|-status|p1a: Gengar|par\n|\n|-weather|Snow|[upkeep]\n|-heal|p2a: Slowking|15\/100|[from] item: Leftovers\n|upkeep\n|turn|14\n|\n|t:|1700428190\n|switch|p2a: Kingambit|Kingambit, M|94\/100\n|-damage|p2a: Kingambit|88\/100|[from] Stealth Rock\n|-activate|p2a: Kingambit|ability: Supreme Overlord\n|-start|p2a: Kingambit|fallen1|[silent]\n|move|p1a: Gengar|Focus Blast|p2a: Kingambit\n|-supereffective|p2a: Kingambit\n|-damage|p2a: Kingambit|0 fnt\n|faint|p2a: Kingambit\n|-end|p2a: Kingambit|fallen1|[silent]\n|\n|-weather|none\n|upkeep\n|inactive|th3bub14 has 120 seconds left.\n|\n|t:|1700428204\n|switch|p2a: Great Tusk|Great Tusk|100\/100\n|-damage|p2a: Great Tusk|98\/100|[from] Stealth Rock\n|turn|15\n|\n|t:|1700428215\n|switch|p1a: Ceruledge|Ceruledge, M|100\/100\n|move|p2a: Great Tusk|Headlong Rush|p1a: Ceruledge\n|-supereffective|p1a: Ceruledge\n|-enditem|p1a: Ceruledge|Focus Sash\n|-damage|p1a: Ceruledge|1\/100\n|-unboost|p2a: Great Tusk|def|1\n|-unboost|p2a: Great Tusk|spd|1\n|-ability|p1a: Ceruledge|Weak Armor|boost\n|-unboost|p1a: Ceruledge|def|1\n|-boost|p1a: Ceruledge|spe|2\n|\n|-heal|p2a: Great Tusk|100\/100|[from] item: Leftovers\n|upkeep\n|turn|16\n|\n|t:|1700428220\n|move|p1a: Ceruledge|Destiny Bond|p1a: Ceruledge\n|-singlemove|p1a: Ceruledge|Destiny Bond\n|move|p2a: Great Tusk|Headlong Rush|p1a: Ceruledge\n|-supereffective|p1a: Ceruledge\n|-damage|p1a: Ceruledge|0 fnt\n|-unboost|p2a: Great Tusk|def|1\n|-unboost|p2a: Great Tusk|spd|1\n|faint|p1a: Ceruledge\n|-activate|p1a: Ceruledge|move: Destiny Bond\n|faint|p2a: Great Tusk\n|-end|p2a: Great Tusk|Protosynthesis|[silent]\n|\n|upkeep\n|\n|t:|1700428225\n|switch|p2a: Alomomola|Alomomola, M|100\/100\n|switch|p1a: Pikachu|Pikachu, F|46\/100\n|-damage|p2a: Alomomola|88\/100|[from] Stealth Rock\n|turn|17\n|\n|t:|1700428228\n|move|p2a: Alomomola|Protect|p2a: Alomomola\n|-singleturn|p2a: Alomomola|Protect\n|move|p1a: Pikachu|Fake Out|p2a: Alomomola\n|-activate|p2a: Alomomola|move: Protect\n|\n|upkeep\n|turn|18\n|\n|t:|1700428232\n|switch|p1a: Gengar|Gengar, F, tera:Fighting|100\/100 par\n|switch|p2a: Thundurus|Thundurus-Therian, M|16\/100\n|\n|upkeep\n|turn|19\n|\n|t:|1700428236\n|move|p2a: Thundurus|Volt Switch|p1a: Gengar\n|-damage|p1a: Gengar|32\/100 par\n|\n|t:|1700428239\n|switch|p2a: Slowking|Slowking-Galar, M, tera:Water|48\/100|[from] Volt Switch\n|-damage|p2a: Slowking|36\/100|[from] Stealth Rock\n|move|p1a: Gengar|Shadow Ball|p2a: Slowking\n|-damage|p2a: Slowking|10\/100\n|\n|-heal|p2a: Slowking|16\/100|[from] item: Leftovers\n|upkeep\n|turn|20\n|\n|t:|1700428245\n|switch|p2a: Alomomola|Alomomola, M|100\/100\n|-damage|p2a: Alomomola|88\/100|[from] Stealth Rock\n|move|p1a: Gengar|Sludge Bomb|p2a: Alomomola\n|-damage|p2a: Alomomola|31\/100\n|-status|p2a: Alomomola|psn\n|\n|-damage|p2a: Alomomola|18\/100 psn|[from] psn\n|upkeep\n|turn|21\n|-message|th3bub14 forfeited.\n|\n|win|yaboiAshK.\n|raw|yaboiAshK.'s rating: 1438 &rarr; <strong>1464<\/strong><br \/>(+26 for winning)\n|raw|th3bub14's rating: 1542 &rarr; <strong>1516<\/strong><br \/>(-26 for losing)\n|l|\u2606th3bub14\n","uploadtime":1700428254,"views":6,"p1id":"yaboiashk","p2id":"th3bub14","formatid":"gen9ou","rating":1464,"private":0,"password":""}