{"id":"gen9ou-1997237385","p1":"AshKetchup1503","p2":"shanks green","format":"[Gen 9] OU","log":"|j|\u2606AshKetchup1503\n|j|\u2606shanks green\n|t:|1700778931\n|gametype|singles\n|player|p1|AshKetchup1503|hooligans|1272\n|player|p2|shanks green|camper|1249\n|teamsize|p1|6\n|teamsize|p2|6\n|gen|9\n|tier|[Gen 9] OU\n|rated|\n|rule|Sleep Clause Mod: Limit one foe put to sleep\n|rule|Species Clause: Limit one of each Pok\u00e9mon\n|rule|OHKO Clause: OHKO moves are banned\n|rule|Evasion Items Clause: Evasion items are banned\n|rule|Evasion Moves Clause: Evasion moves are banned\n|rule|Endless Battle Clause: Forcing endless battles is banned\n|rule|HP Percentage Mod: HP is shown in percentages\n|clearpoke\n|poke|p1|Ribombee, F|\n|poke|p1|Ogerpon-Wellspring, F|\n|poke|p1|Iron Moth|\n|poke|p1|Kingambit, M|\n|poke|p1|Gholdengo|\n|poke|p1|Iron Valiant|\n|poke|p2|Ogerpon, F|\n|poke|p2|Slowking-Galar, F|\n|poke|p2|Great Tusk|\n|poke|p2|Garganacl, F|\n|poke|p2|Kommo-o, M|\n|poke|p2|Talonflame, M|\n|teampreview\n|\n|t:|1700778963\n|start\n|switch|p1a: Ribombee|Ribombee, F|100\/100\n|switch|p2a: Talonflame|Talonflame, M|100\/100\n|turn|1\n|\n|t:|1700778972\n|move|p2a: Talonflame|Flamethrower|p1a: Ribombee\n|-supereffective|p1a: Ribombee\n|-damage|p1a: Ribombee|22\/100\n|move|p1a: Ribombee|Sticky Web|p2a: Talonflame\n|-sidestart|p2: shanks green|move: Sticky Web\n|\n|upkeep\n|turn|2\n|l|\u2606AshKetchup1503\n|player|p1|\n|j|\u2606AshKetchup1503\n|player|p1|AshKetchup1503|hooligans\n|\n|t:|1700779014\n|move|p2a: Talonflame|Air Slash|p1a: Ribombee\n|-supereffective|p1a: Ribombee\n|-damage|p1a: Ribombee|0 fnt\n|faint|p1a: Ribombee\n|\n|upkeep\n|\n|t:|1700779024\n|switch|p1a: Iron Moth|Iron Moth|100\/100\n|-enditem|p1a: Iron Moth|Booster Energy\n|-activate|p1a: Iron Moth|ability: Quark Drive|[fromitem]\n|-start|p1a: Iron Moth|quarkdrivespa\n|turn|3\n|\n|t:|1700779039\n|switch|p2a: Slowking|Slowking-Galar, F|100\/100\n|move|p1a: Iron Moth|Substitute|p1a: Iron Moth\n|-start|p1a: Iron Moth|Substitute\n|-damage|p1a: Iron Moth|76\/100\n|\n|upkeep\n|turn|4\n|\n|t:|1700779047\n|move|p1a: Iron Moth|Psychic|p2a: Slowking\n|-damage|p2a: Slowking|73\/100\n|move|p2a: Slowking|Future Sight|p1a: Iron Moth\n|-start|p2a: Slowking|move: Future Sight\n|\n|upkeep\n|turn|5\n|\n|t:|1700779050\n|move|p1a: Iron Moth|Fiery Dance|p2a: Slowking\n|-damage|p2a: Slowking|42\/100\n|-boost|p1a: Iron Moth|spa|1\n|move|p2a: Slowking|Sludge Bomb|p1a: Iron Moth\n|-resisted|p1a: Iron Moth\n|-activate|p1a: Iron Moth|move: Substitute|[damage]\n|\n|upkeep\n|turn|6\n|\n|t:|1700779054\n|move|p1a: Iron Moth|Fiery Dance|p2a: Slowking\n|-damage|p2a: Slowking|0 fnt\n|-boost|p1a: Iron Moth|spa|1\n|faint|p2a: Slowking\n|\n|-end|p1a: Iron Moth|move: Future Sight\n|-supereffective|p1a: Iron Moth\n|-end|p1a: Iron Moth|Substitute\n|upkeep\n|\n|t:|1700779091\n|switch|p2a: Kommo-o|Kommo-o, M|100\/100\n|-activate|p2a: Kommo-o|move: Sticky Web\n|-unboost|p2a: Kommo-o|spe|1\n|turn|7\n|\n|t:|1700779102\n|move|p1a: Iron Moth|Psychic|p2a: Kommo-o\n|-supereffective|p2a: Kommo-o\n|-damage|p2a: Kommo-o|0 fnt\n|faint|p2a: Kommo-o\n|\n|upkeep\n|-message|shanks green forfeited.\n|\n|win|AshKetchup1503\n|raw|AshKetchup1503's rating: 1272 &rarr; <strong>1295<\/strong><br \/>(+23 for winning)\n|raw|shanks green's rating: 1249 &rarr; <strong>1226<\/strong><br \/>(-23 for losing)\n|l|\u2606shanks green\n|j|\u2606shanks green\n|player|p2|shanks green|camper\n","uploadtime":1700779245,"views":6,"p1id":"ashketchup1503","p2id":"shanksgreen","formatid":"gen9ou","rating":1226,"private":0,"password":""}