{"id":"gen9ou-1991965778","p1":"Route0neTrainerFR","p2":"Imanjoneser","format":"[Gen 9] OU","log":"|j|\u2606Route0neTrainerFR\n|j|\u2606Imanjoneser\n|t:|1700143306\n|gametype|singles\n|player|p1|Route0neTrainerFR|bugcatcher-gen4dp|1031\n|player|p2|Imanjoneser|bugcatcher-gen4dp|1089\n|teamsize|p1|6\n|teamsize|p2|6\n|gen|9\n|tier|[Gen 9] OU\n|rated|\n|rule|Sleep Clause Mod: Limit one foe put to sleep\n|rule|Species Clause: Limit one of each Pok\u00e9mon\n|rule|OHKO Clause: OHKO moves are banned\n|rule|Evasion Items Clause: Evasion items are banned\n|rule|Evasion Moves Clause: Evasion moves are banned\n|rule|Endless Battle Clause: Forcing endless battles is banned\n|rule|HP Percentage Mod: HP is shown in percentages\n|clearpoke\n|poke|p1|Iron Moth|\n|poke|p1|Hatterene, F|\n|poke|p1|Gholdengo|\n|poke|p1|Kingambit, F|\n|poke|p1|Ogerpon-Wellspring, F|\n|poke|p1|Landorus-Therian, M|\n|poke|p2|Maushold-Four|\n|poke|p2|Ambipom, M|\n|poke|p2|Snorlax, M|\n|poke|p2|Staraptor, M|\n|poke|p2|Ditto|\n|poke|p2|Farigiraf, F|\n|teampreview\n|inactive|Battle timer is ON: inactive players will automatically lose when time's up. (requested by Route0neTrainerFR)\n|\n|t:|1700143326\n|start\n|switch|p1a: Iron Moth|Iron Moth|100\/100\n|switch|p2a: Ditto|Ditto, shiny|100\/100\n|-transform|p2a: Ditto|p1a: Iron Moth|[from] ability: Imposter\n|-enditem|p1a: Iron Moth|Booster Energy\n|-activate|p1a: Iron Moth|ability: Quark Drive|[fromitem]\n|-start|p1a: Iron Moth|quarkdrivespe\n|turn|1\n|inactive|Imanjoneser has 120 seconds left.\n|\n|t:|1700143362\n|-terastallize|p1a: Iron Moth|Water\n|move|p1a: Iron Moth|Substitute|p1a: Iron Moth\n|-start|p1a: Iron Moth|Substitute\n|-damage|p1a: Iron Moth|75\/100\n|move|p2a: Ditto|Substitute|p2a: Ditto\n|-start|p2a: Ditto|Substitute\n|-damage|p2a: Ditto|75\/100\n|\n|-heal|p2a: Ditto|81\/100|[from] item: Leftovers\n|upkeep\n|turn|2\n|inactive|Imanjoneser has 120 seconds left.\n|\n|t:|1700143373\n|move|p1a: Iron Moth|Fiery Dance|p2a: Ditto\n|-resisted|p2a: Ditto\n|-activate|p2a: Ditto|move: Substitute|[damage]\n|-boost|p1a: Iron Moth|spa|1\n|move|p2a: Ditto|Fiery Dance|p1a: Iron Moth\n|-resisted|p1a: Iron Moth\n|-activate|p1a: Iron Moth|move: Substitute|[damage]\n|\n|-heal|p2a: Ditto|87\/100|[from] item: Leftovers\n|upkeep\n|turn|3\n|inactive|Imanjoneser has 120 seconds left.\n|\n|t:|1700143384\n|move|p1a: Iron Moth|Fiery Dance|p2a: Ditto\n|-resisted|p2a: Ditto\n|-end|p2a: Ditto|Substitute\n|move|p2a: Ditto|Fiery Dance|p1a: Iron Moth\n|-resisted|p1a: Iron Moth\n|-end|p1a: Iron Moth|Substitute\n|\n|-heal|p2a: Ditto|93\/100|[from] item: Leftovers\n|upkeep\n|turn|4\n|inactive|Imanjoneser has 120 seconds left.\n|c|\u2606Imanjoneser|NO boost for me!?!?\n|c|\u2606Imanjoneser|darnlol\n|\n|t:|1700143407\n|move|p1a: Iron Moth|Tera Blast|p2a: Ditto|[anim] Tera Blast Water\n|-supereffective|p2a: Ditto\n|-crit|p2a: Ditto\n|-damage|p2a: Ditto|0 fnt\n|faint|p2a: Ditto\n|-end|p2a: Ditto|Quark Drive|[silent]\n|\n|upkeep\n|\n|t:|1700143412\n|switch|p2a: Ambipom|Ambipom, M, shiny|100\/100\n|turn|5\n|\n|t:|1700143421\n|move|p2a: Ambipom|Fake Out|p1a: Iron Moth\n|-enditem|p2a: Ambipom|Normal Gem|[from] gem\n|-damage|p1a: Iron Moth|24\/100\n|cant|p1a: Iron Moth|flinch\n|\n|upkeep\n|turn|6\n|inactive|Imanjoneser has 120 seconds left.\n|\n|t:|1700143442\n|switch|p2a: Farigiraf|Farigiraf, F, shiny|100\/100\n|move|p1a: Iron Moth|Morning Sun|p1a: Iron Moth\n|-heal|p1a: Iron Moth|74\/100\n|\n|upkeep\n|turn|7\n|\n|t:|1700143451\n|move|p1a: Iron Moth|Fiery Dance|p2a: Farigiraf\n|-damage|p2a: Farigiraf|40\/100\n|move|p2a: Farigiraf|Power Swap|p1a: Iron Moth\n|-swapboost|p2a: Farigiraf|p1a: Iron Moth|atk, spa|[from] move: Power Swap\n|\n|-heal|p2a: Farigiraf|46\/100|[from] item: Leftovers\n|upkeep\n|turn|8\n|\n|t:|1700143464\n|move|p1a: Iron Moth|Fiery Dance|p2a: Farigiraf\n|-damage|p2a: Farigiraf|9\/100\n|move|p2a: Farigiraf|Twin Beam|p1a: Iron Moth\n|-damage|p1a: Iron Moth|49\/100\n|-damage|p1a: Iron Moth|25\/100\n|-hitcount|p1a: Iron Moth|2\n|\n|-heal|p2a: Farigiraf|15\/100|[from] item: Leftovers\n|upkeep\n|turn|9\n|\n|t:|1700143478\n|move|p1a: Iron Moth|Fiery Dance|p2a: Farigiraf\n|-damage|p2a: Farigiraf|0 fnt\n|faint|p2a: Farigiraf\n|\n|upkeep\n|\n|t:|1700143484\n|switch|p2a: Ambipom|Ambipom, M, shiny|100\/100\n|turn|10\n|\n|t:|1700143488\n|-end|p1a: Iron Moth|Quark Drive|[silent]\n|switch|p1a: Gholdengo|Gholdengo|100\/100\n|move|p2a: Ambipom|Fake Out|p1a: Gholdengo\n|-immune|p1a: Gholdengo\n|\n|upkeep\n|turn|11\n|\n|t:|1700143495\n|move|p2a: Ambipom|Taunt|p1a: Gholdengo\n|-immune|p1a: Gholdengo|[from] ability: Good as Gold\n|move|p1a: Gholdengo|Nasty Plot|p1a: Gholdengo\n|-boost|p1a: Gholdengo|spa|2\n|\n|upkeep\n|turn|12\n|\n|t:|1700143501\n|move|p2a: Ambipom|Thief|p1a: Gholdengo\n|-supereffective|p1a: Gholdengo\n|-damage|p1a: Gholdengo|45\/100\n|-enditem|p1a: Gholdengo|Leftovers|[silent]|[from] move: Thief|[of] p2a: Ambipom\n|-item|p2a: Ambipom|Leftovers|[from] move: Thief|[of] p1a: Gholdengo\n|move|p1a: Gholdengo|Nasty Plot|p1a: Gholdengo\n|-boost|p1a: Gholdengo|spa|2\n|\n|upkeep\n|turn|13\n|\n|t:|1700143510\n|move|p2a: Ambipom|Thief|p1a: Gholdengo\n|-supereffective|p1a: Gholdengo\n|-damage|p1a: Gholdengo|0 fnt\n|faint|p1a: Gholdengo\n|\n|upkeep\n|c|\u2606Imanjoneser|That worked out thankfully lol\n|\n|t:|1700143516\n|switch|p1a: Landorus|Landorus-Therian, M|100\/100\n|-ability|p1a: Landorus|Intimidate|boost\n|-unboost|p2a: Ambipom|atk|1\n|turn|14\n|\n|t:|1700143522\n|move|p1a: Landorus|Rock Slide|p2a: Ambipom\n|-damage|p2a: Ambipom|59\/100\n|cant|p2a: Ambipom|flinch\n|\n|-heal|p2a: Ambipom|65\/100|[from] item: Leftovers\n|upkeep\n|turn|15\n|\n|t:|1700143535\n|move|p1a: Landorus|Rock Slide|p2a: Ambipom\n|-damage|p2a: Ambipom|25\/100\n|move|p2a: Ambipom|Taunt|p1a: Landorus\n|-start|p1a: Landorus|move: Taunt\n|\n|-heal|p2a: Ambipom|31\/100|[from] item: Leftovers\n|upkeep\n|turn|16\n|\n|t:|1700143554\n|switch|p2a: Staraptor|Staraptor, M, shiny|100\/100\n|-ability|p2a: Staraptor|Intimidate|boost\n|-unboost|p1a: Landorus|atk|1\n|move|p1a: Landorus|Rock Slide|p2a: Staraptor\n|-supereffective|p2a: Staraptor\n|-damage|p2a: Staraptor|50\/100\n|\n|upkeep\n|turn|17\n|\n|t:|1700143569\n|move|p1a: Landorus|Rock Slide|p2a: Staraptor\n|-supereffective|p2a: Staraptor\n|-damage|p2a: Staraptor|4\/100\n|cant|p2a: Staraptor|flinch\n|\n|upkeep\n|turn|18\n|c|\u2606Imanjoneser|:0\n|\n|t:|1700143578\n|move|p1a: Landorus|Rock Slide|p2a: Staraptor\n|-supereffective|p2a: Staraptor\n|-damage|p2a: Staraptor|0 fnt\n|faint|p2a: Staraptor\n|\n|-end|p1a: Landorus|move: Taunt\n|upkeep\n|\n|t:|1700143589\n|switch|p2a: Ambipom|Ambipom, M, shiny|31\/100\n|turn|19\n|\n|t:|1700143592\n|move|p2a: Ambipom|Fake Out|p1a: Landorus\n|-damage|p1a: Landorus|70\/100\n|cant|p1a: Landorus|flinch\n|\n|-heal|p2a: Ambipom|37\/100|[from] item: Leftovers\n|upkeep\n|turn|20\n|\n|t:|1700143600\n|move|p1a: Landorus|Rock Slide|p2a: Ambipom|[miss]\n|-miss|p1a: Landorus|p2a: Ambipom\n|move|p2a: Ambipom|Thief|p1a: Landorus\n|-damage|p1a: Landorus|42\/100\n|\n|-heal|p2a: Ambipom|43\/100|[from] item: Leftovers\n|upkeep\n|turn|21\n|\n|t:|1700143617\n|move|p1a: Landorus|Rock Slide|p2a: Ambipom\n|-damage|p2a: Ambipom|18\/100\n|move|p2a: Ambipom|Knock Off|p1a: Landorus\n|-damage|p1a: Landorus|10\/100\n|-enditem|p1a: Landorus|Choice Scarf|[from] move: Knock Off|[of] p2a: Ambipom\n|\n|-heal|p2a: Ambipom|25\/100|[from] item: Leftovers\n|upkeep\n|turn|22\n|c|\u2606Imanjoneser|That's better lol\n|\n|t:|1700143630\n|move|p2a: Ambipom|Knock Off|p1a: Landorus\n|-damage|p1a: Landorus|0 fnt\n|faint|p1a: Landorus\n|\n|-heal|p2a: Ambipom|31\/100|[from] item: Leftovers\n|upkeep\n|\n|t:|1700143634\n|switch|p1a: Iron Moth|Iron Moth, tera:Water|25\/100\n|turn|23\n|c|\u2606Imanjoneser|You're too fast ser\n|\n|t:|1700143643\n|move|p2a: Ambipom|Thief|p1a: Iron Moth\n|-damage|p1a: Iron Moth|0 fnt\n|faint|p1a: Iron Moth\n|-end|p1a: Iron Moth|Quark Drive|[silent]\n|\n|-heal|p2a: Ambipom|37\/100|[from] item: Leftovers\n|upkeep\n|c|\u2606Route0neTrainerFR|I hate you\n|c|\u2606Route0neTrainerFR|i mean it\n|\n|t:|1700143655\n|switch|p1a: Ogerpon|Ogerpon-Wellspring, F|100\/100\n|turn|24\n|c|\u2606Imanjoneser|:0\n|c|\u2606Imanjoneser|No you don't!\n|\n|t:|1700143669\n|move|p2a: Ambipom|Taunt|p1a: Ogerpon\n|-start|p1a: Ogerpon|move: Taunt\n|cant|p1a: Ogerpon|move: Taunt|Swords Dance\n|\n|-heal|p2a: Ambipom|43\/100|[from] item: Leftovers\n|upkeep\n|turn|25\n|\n|t:|1700143677\n|move|p2a: Ambipom|Thief|p1a: Ogerpon\n|-damage|p1a: Ogerpon|67\/100\n|move|p1a: Ogerpon|Ivy Cudgel|p2a: Ambipom|[anim] Ivy Cudgel Water\n|-damage|p2a: Ambipom|0 fnt\n|faint|p2a: Ambipom\n|\n|upkeep\n|\n|t:|1700143687\n|switch|p2a: Snorlax|Snorlax, M, shiny|100\/100\n|turn|26\n|\n|t:|1700143695\n|move|p1a: Ogerpon|Ivy Cudgel|p2a: Snorlax|[anim] Ivy Cudgel Water\n|-crit|p2a: Snorlax\n|-damage|p2a: Snorlax|0 fnt\n|faint|p2a: Snorlax\n|\n|-end|p1a: Ogerpon|move: Taunt\n|upkeep\n|\n|t:|1700143701\n|switch|p2a: Maushold|Maushold-Four, shiny|100\/100\n|turn|27\n|\n|t:|1700143713\n|move|p2a: Maushold|Tidy Up|p2a: Maushold\n|-boost|p2a: Maushold|atk|1\n|-boost|p2a: Maushold|spe|1\n|move|p1a: Ogerpon|Ivy Cudgel|p2a: Maushold|[anim] Ivy Cudgel Water\n|-damage|p2a: Maushold|12\/100\n|\n|upkeep\n|turn|28\n|\n|t:|1700143721\n|move|p1a: Ogerpon|Spiky Shield|p1a: Ogerpon\n|-singleturn|p1a: Ogerpon|move: Protect\n|move|p2a: Maushold|Population Bomb|p1a: Ogerpon\n|-activate|p1a: Ogerpon|move: Protect\n|-damage|p2a: Maushold|0 fnt|[from] Spiky Shield|[of] p1a: Ogerpon\n|faint|p2a: Maushold\n|\n|win|Route0neTrainerFR\n|raw|Route0neTrainerFR's rating: 1031 &rarr; <strong>1072<\/strong><br \/>(+41 for winning)\n|raw|Imanjoneser's rating: 1089 &rarr; <strong>1062<\/strong><br \/>(-27 for losing)\n|c|\u2606Imanjoneser|MY MICE\n|c|\u2606Route0neTrainerFR|Gg\n|c|\u2606Imanjoneser|gg\n|l|\u2606Route0neTrainerFR\n","uploadtime":1700143744,"views":14,"p1id":"route0netrainerfr","p2id":"imanjoneser","formatid":"gen9ou","rating":1062,"private":0,"password":""}