{"id":"gen9ou-1994473181","p1":"knexhawk2","p2":"Yankiken","format":"[Gen 9] OU","log":"|j|\u2606knexhawk2\n|j|\u2606Yankiken\n|t:|1700447978\n|gametype|singles\n|player|p1|knexhawk2|red-masters|1772\n|player|p2|Yankiken|lady-gen4|1793\n|teamsize|p1|6\n|teamsize|p2|6\n|gen|9\n|tier|[Gen 9] OU\n|rated|\n|rule|Sleep Clause Mod: Limit one foe put to sleep\n|rule|Species Clause: Limit one of each Pok\u00e9mon\n|rule|OHKO Clause: OHKO moves are banned\n|rule|Evasion Items Clause: Evasion items are banned\n|rule|Evasion Moves Clause: Evasion moves are banned\n|rule|Endless Battle Clause: Forcing endless battles is banned\n|rule|HP Percentage Mod: HP is shown in percentages\n|clearpoke\n|poke|p1|Tyranitar, F|\n|poke|p1|Iron Thorns|\n|poke|p1|Enamorus-Therian, F|\n|poke|p1|Moltres|\n|poke|p1|Samurott-Hisui, F|\n|poke|p1|Great Tusk|\n|poke|p2|Amoonguss, M|\n|poke|p2|Gholdengo|\n|poke|p2|Zamazenta-*|\n|poke|p2|Ting-Lu|\n|poke|p2|Zapdos|\n|poke|p2|Slowking, F|\n|teampreview\n|\n|t:|1700448005\n|start\n|switch|p1a: Moltres|Moltres|100\/100\n|switch|p2a: Zapdos|Zapdos|100\/100\n|turn|1\n|\n|t:|1700448008\n|switch|p1a: Great Tusk|Great Tusk|100\/100\n|move|p2a: Zapdos|Volt Switch|p1a: Great Tusk\n|-immune|p1a: Great Tusk\n|\n|upkeep\n|turn|2\n|\n|t:|1700448011\n|-end|p1a: Great Tusk|Protosynthesis|[silent]\n|switch|p1a: Tyranitar|Tyranitar, F|100\/100\n|-weather|Sandstorm|[from] ability: Sand Stream|[of] p1a: Tyranitar\n|move|p2a: Zapdos|Hurricane|p1a: Tyranitar\n|-resisted|p1a: Tyranitar\n|-damage|p1a: Tyranitar|84\/100\n|\n|-weather|Sandstorm|[upkeep]\n|-damage|p2a: Zapdos|94\/100|[from] Sandstorm\n|upkeep\n|turn|3\n|\n|t:|1700448014\n|move|p2a: Zapdos|Volt Switch|p1a: Tyranitar\n|-damage|p1a: Tyranitar|62\/100\n|\n|t:|1700448021\n|switch|p2a: Ting-Lu|Ting-Lu|100\/100|[from] Volt Switch\n|-ability|p2a: Ting-Lu|Vessel of Ruin\n|move|p1a: Tyranitar|Low Kick|p2a: Ting-Lu\n|-supereffective|p2a: Ting-Lu\n|-damage|p2a: Ting-Lu|19\/100\n|\n|-weather|Sandstorm|[upkeep]\n|upkeep\n|turn|4\n|\n|t:|1700448025\n|switch|p1a: Samurott|Samurott-Hisui, F|100\/100\n|switch|p2a: Slowking|Slowking, F|100\/100\n|\n|-weather|Sandstorm|[upkeep]\n|-damage|p1a: Samurott|94\/100|[from] Sandstorm\n|-damage|p2a: Slowking|94\/100|[from] Sandstorm\n|upkeep\n|turn|5\n|\n|t:|1700448029\n|switch|p2a: Amoonguss|Amoonguss, M|100\/100\n|move|p1a: Samurott|Ceaseless Edge|p2a: Amoonguss\n|-damage|p2a: Amoonguss|66\/100\n|-sidestart|p2: Yankiken|Spikes\n|\n|-weather|Sandstorm|[upkeep]\n|-damage|p1a: Samurott|88\/100|[from] Sandstorm\n|-damage|p2a: Amoonguss|60\/100|[from] Sandstorm\n|upkeep\n|turn|6\n|\n|t:|1700448036\n|switch|p1a: Enamorus|Enamorus-Therian, F|100\/100\n|move|p2a: Amoonguss|Giga Drain|p1a: Enamorus\n|-resisted|p1a: Enamorus\n|-damage|p1a: Enamorus|90\/100\n|-heal|p2a: Amoonguss|64\/100|[from] drain|[of] p1a: Enamorus\n|\n|-weather|none\n|upkeep\n|turn|7\n|\n|t:|1700448041\n|switch|p2a: Slowking|Slowking, F|100\/100\n|move|p1a: Enamorus|Calm Mind|p1a: Enamorus\n|-boost|p1a: Enamorus|spa|1\n|-boost|p1a: Enamorus|spd|1\n|\n|upkeep\n|turn|8\n|\n|t:|1700448049\n|move|p1a: Enamorus|Calm Mind|p1a: Enamorus\n|-boost|p1a: Enamorus|spa|1\n|-boost|p1a: Enamorus|spd|1\n|move|p2a: Slowking|Chilly Reception|p2a: Slowking\n|-weather|Snow\n|\n|t:|1700448051\n|switch|p2a: Gholdengo|Gholdengo|100\/100|[from] Chilly Reception\n|-damage|p2a: Gholdengo|88\/100|[from] Spikes\n|\n|-weather|Snow|[upkeep]\n|upkeep\n|turn|9\n|\n|t:|1700448063\n|switch|p2a: Zapdos|Zapdos|94\/100\n|move|p1a: Enamorus|Earth Power|p2a: Zapdos\n|-immune|p2a: Zapdos\n|\n|-weather|Snow|[upkeep]\n|upkeep\n|turn|10\n|\n|t:|1700448069\n|move|p2a: Zapdos|Volt Switch|p1a: Enamorus\n|-supereffective|p1a: Enamorus\n|-damage|p1a: Enamorus|55\/100\n|\n|t:|1700448074\n|switch|p2a: Ting-Lu|Ting-Lu|19\/100|[from] Volt Switch\n|-ability|p2a: Ting-Lu|Vessel of Ruin\n|move|p1a: Enamorus|Moonblast|p2a: Ting-Lu\n|-supereffective|p2a: Ting-Lu\n|-damage|p2a: Ting-Lu|0 fnt\n|faint|p2a: Ting-Lu\n|\n|-weather|Snow|[upkeep]\n|upkeep\n|\n|t:|1700448076\n|switch|p2a: Gholdengo|Gholdengo|88\/100\n|-damage|p2a: Gholdengo|76\/100|[from] Spikes\n|turn|11\n|\n|t:|1700448082\n|switch|p1a: Moltres|Moltres|100\/100\n|move|p2a: Gholdengo|Make It Rain|p1a: Moltres\n|-resisted|p1a: Moltres\n|-damage|p1a: Moltres|53\/100\n|-unboost|p2a: Gholdengo|spa|1\n|\n|-weather|Snow|[upkeep]\n|upkeep\n|turn|12\n|\n|t:|1700448090\n|switch|p2a: Slowking|Slowking, F|100\/100\n|switch|p1a: Tyranitar|Tyranitar, F|62\/100\n|-weather|Sandstorm|[from] ability: Sand Stream|[of] p1a: Tyranitar\n|\n|-weather|Sandstorm|[upkeep]\n|-damage|p2a: Slowking|94\/100|[from] Sandstorm\n|upkeep\n|turn|13\n|\n|t:|1700448095\n|switch|p2a: Amoonguss|Amoonguss, M|98\/100\n|move|p1a: Tyranitar|Knock Off|p2a: Amoonguss\n|-damage|p2a: Amoonguss|34\/100\n|-enditem|p2a: Amoonguss|Heavy-Duty Boots|[from] move: Knock Off|[of] p1a: Tyranitar\n|\n|-weather|Sandstorm|[upkeep]\n|-damage|p2a: Amoonguss|28\/100|[from] Sandstorm\n|upkeep\n|turn|14\n|\n|t:|1700448110\n|switch|p2a: Zamazenta|Zamazenta|100\/100\n|-ability|p2a: Zamazenta|Dauntless Shield|boost\n|-boost|p2a: Zamazenta|def|1\n|move|p1a: Tyranitar|Knock Off|p2a: Zamazenta\n|-resisted|p2a: Zamazenta\n|-damage|p2a: Zamazenta|75\/100\n|-enditem|p2a: Zamazenta|Heavy-Duty Boots|[from] move: Knock Off|[of] p1a: Tyranitar\n|\n|-weather|Sandstorm|[upkeep]\n|-damage|p2a: Zamazenta|69\/100|[from] Sandstorm\n|upkeep\n|turn|15\n|\n|t:|1700448118\n|switch|p1a: Moltres|Moltres|53\/100\n|move|p2a: Zamazenta|Stone Edge|p1a: Moltres|[miss]\n|-miss|p2a: Zamazenta|p1a: Moltres\n|\n|-weather|Sandstorm|[upkeep]\n|-damage|p2a: Zamazenta|63\/100|[from] Sandstorm\n|-damage|p1a: Moltres|47\/100|[from] Sandstorm\n|upkeep\n|turn|16\n|j| Dngkskgmf\n|l| Dngkskgmf\n|\n|t:|1700448126\n|switch|p2a: Zapdos|Zapdos|94\/100\n|switch|p1a: Great Tusk|Great Tusk|100\/100\n|\n|-weather|none\n|upkeep\n|turn|17\n|c|\u2606knexhawk2|mb\n|\n|t:|1700448131\n|-end|p1a: Great Tusk|Protosynthesis|[silent]\n|switch|p1a: Tyranitar|Tyranitar, F|62\/100\n|-weather|Sandstorm|[from] ability: Sand Stream|[of] p1a: Tyranitar\n|move|p2a: Zapdos|Hurricane|p1a: Tyranitar|[miss]\n|-miss|p2a: Zapdos|p1a: Tyranitar\n|\n|-weather|Sandstorm|[upkeep]\n|-damage|p2a: Zapdos|88\/100|[from] Sandstorm\n|upkeep\n|turn|18\n|j| all hips no lies\n|\n|t:|1700448138\n|move|p2a: Zapdos|Volt Switch|p1a: Tyranitar\n|-damage|p1a: Tyranitar|43\/100\n|j| Dngkskgmf\n|l| Dngkskgmf\n|\n|t:|1700448146\n|switch|p2a: Slowking|Slowking, F|100\/100|[from] Volt Switch\n|move|p1a: Tyranitar|Stone Edge|p2a: Slowking\n|-damage|p2a: Slowking|11\/100\n|\n|-weather|Sandstorm|[upkeep]\n|-damage|p2a: Slowking|5\/100|[from] Sandstorm\n|upkeep\n|turn|19\n|\n|t:|1700448153\n|switch|p2a: Gholdengo|Gholdengo|76\/100\n|-damage|p2a: Gholdengo|63\/100|[from] Spikes\n|move|p1a: Tyranitar|Stone Edge|p2a: Gholdengo\n|-resisted|p2a: Gholdengo\n|-damage|p2a: Gholdengo|17\/100\n|\n|-weather|Sandstorm|[upkeep]\n|upkeep\n|turn|20\n|j| juancalcetin\n|\n|t:|1700448166\n|switch|p1a: Samurott|Samurott-Hisui, F|88\/100\n|move|p2a: Gholdengo|Trick|p1a: Samurott\n|-activate|p2a: Gholdengo|move: Trick|[of] p1a: Samurott\n|-item|p1a: Samurott|Choice Specs|[from] move: Trick\n|-item|p2a: Gholdengo|Choice Scarf|[from] move: Trick\n|\n|-weather|Sandstorm|[upkeep]\n|-damage|p1a: Samurott|82\/100|[from] Sandstorm\n|upkeep\n|turn|21\n|\n|t:|1700448174\n|move|p2a: Gholdengo|Recover|p2a: Gholdengo\n|-heal|p2a: Gholdengo|67\/100\n|move|p1a: Samurott|Flip Turn|p2a: Gholdengo\n|-damage|p2a: Gholdengo|34\/100\n|\n|t:|1700448177\n|switch|p1a: Tyranitar|Tyranitar, F|43\/100|[from] Flip Turn\n|\n|-weather|none\n|upkeep\n|turn|22\n|\n|t:|1700448186\n|move|p2a: Gholdengo|Recover|p2a: Gholdengo\n|-heal|p2a: Gholdengo|84\/100\n|move|p1a: Tyranitar|Knock Off|p2a: Gholdengo\n|-supereffective|p2a: Gholdengo\n|-damage|p2a: Gholdengo|0 fnt\n|-enditem|p2a: Gholdengo|Choice Scarf|[from] move: Knock Off|[of] p1a: Tyranitar\n|faint|p2a: Gholdengo\n|\n|upkeep\n|\n|t:|1700448198\n|switch|p2a: Zapdos|Zapdos|88\/100\n|turn|23\n|\n|t:|1700448204\n|switch|p1a: Great Tusk|Great Tusk|100\/100\n|move|p2a: Zapdos|Hurricane|p1a: Great Tusk\n|-supereffective|p1a: Great Tusk\n|-damage|p1a: Great Tusk|0 fnt\n|faint|p1a: Great Tusk\n|-end|p1a: Great Tusk|Protosynthesis|[silent]\n|\n|upkeep\n|\n|t:|1700448206\n|switch|p1a: Tyranitar|Tyranitar, F|43\/100\n|-weather|Sandstorm|[from] ability: Sand Stream|[of] p1a: Tyranitar\n|turn|24\n|\n|t:|1700448213\n|move|p2a: Zapdos|Volt Switch|p1a: Tyranitar\n|-damage|p1a: Tyranitar|24\/100\n|\n|t:|1700448217\n|switch|p2a: Slowking|Slowking, F|38\/100|[from] Volt Switch\n|move|p1a: Tyranitar|Knock Off|p2a: Slowking\n|-supereffective|p2a: Slowking\n|-damage|p2a: Slowking|0 fnt\n|-enditem|p2a: Slowking|Heavy-Duty Boots|[from] move: Knock Off|[of] p1a: Tyranitar\n|faint|p2a: Slowking\n|\n|-weather|Sandstorm|[upkeep]\n|upkeep\n|\n|t:|1700448225\n|switch|p2a: Zamazenta|Zamazenta|63\/100\n|-damage|p2a: Zamazenta|50\/100|[from] Spikes\n|turn|25\n|\n|t:|1700448230\n|move|p2a: Zamazenta|Heavy Slam|p1a: Tyranitar\n|-supereffective|p1a: Tyranitar\n|-damage|p1a: Tyranitar|3\/100\n|move|p1a: Tyranitar|Knock Off|p2a: Zamazenta\n|-resisted|p2a: Zamazenta\n|-damage|p2a: Zamazenta|27\/100\n|\n|-weather|Sandstorm|[upkeep]\n|-damage|p2a: Zamazenta|21\/100|[from] Sandstorm\n|upkeep\n|turn|26\n|\n|t:|1700448233\n|move|p2a: Zamazenta|Crunch|p1a: Tyranitar\n|-resisted|p1a: Tyranitar\n|-damage|p1a: Tyranitar|0 fnt\n|faint|p1a: Tyranitar\n|\n|-weather|Sandstorm|[upkeep]\n|-damage|p2a: Zamazenta|15\/100|[from] Sandstorm\n|upkeep\n|\n|t:|1700448240\n|switch|p1a: Iron Thorns|Iron Thorns|100\/100\n|-enditem|p1a: Iron Thorns|Booster Energy\n|-activate|p1a: Iron Thorns|ability: Quark Drive|[fromitem]\n|-start|p1a: Iron Thorns|quarkdriveatk\n|turn|27\n|\n|t:|1700448244\n|-terastallize|p1a: Iron Thorns|Flying\n|move|p2a: Zamazenta|Close Combat|p1a: Iron Thorns\n|-resisted|p1a: Iron Thorns\n|-damage|p1a: Iron Thorns|74\/100\n|-unboost|p2a: Zamazenta|def|1\n|-unboost|p2a: Zamazenta|spd|1\n|move|p1a: Iron Thorns|Dragon Dance|p1a: Iron Thorns\n|-boost|p1a: Iron Thorns|atk|1\n|-boost|p1a: Iron Thorns|spe|1\n|\n|-weather|Sandstorm|[upkeep]\n|-damage|p1a: Iron Thorns|68\/100|[from] Sandstorm\n|-damage|p2a: Zamazenta|9\/100|[from] Sandstorm\n|upkeep\n|turn|28\n|\n|t:|1700448249\n|move|p1a: Iron Thorns|Wild Charge|p2a: Zamazenta\n|-damage|p2a: Zamazenta|0 fnt\n|faint|p2a: Zamazenta\n|-damage|p1a: Iron Thorns|66\/100|[from] Recoil\n|\n|-weather|none\n|upkeep\n|j| Dngkskgmf\n|\n|t:|1700448257\n|switch|p2a: Zapdos|Zapdos|88\/100\n|turn|29\n|l| Dngkskgmf\n|j| yarcii\n|\n|t:|1700448266\n|-terastallize|p2a: Zapdos|Fairy\n|move|p1a: Iron Thorns|Stone Edge|p2a: Zapdos|[miss]\n|-miss|p1a: Iron Thorns|p2a: Zapdos\n|move|p2a: Zapdos|Volt Switch|p1a: Iron Thorns\n|-supereffective|p1a: Iron Thorns\n|-damage|p1a: Iron Thorns|0 fnt\n|faint|p1a: Iron Thorns\n|-end|p1a: Iron Thorns|Quark Drive|[silent]\n|c|\u2606knexhawk2|you sack of shit\n|j| Dngkskgmf\n|\n|t:|1700448270\n|switch|p2a: Amoonguss|Amoonguss, M|61\/100|[from] Volt Switch\n|-damage|p2a: Amoonguss|48\/100|[from] Spikes\n|\n|upkeep\n|l| Dngkskgmf\n|c|\u2606knexhawk2|hit the move\n|j| Light Tbuild\n|inactive|Battle timer is ON: inactive players will automatically lose when time's up. (requested by Yankiken)\n|\n|t:|1700448280\n|switch|p1a: Moltres|Moltres|47\/100\n|turn|30\n|\n|t:|1700448288\n|move|p1a: Moltres|Flamethrower|p2a: Amoonguss\n|-supereffective|p2a: Amoonguss\n|-damage|p2a: Amoonguss|0 fnt\n|faint|p2a: Amoonguss\n|\n|upkeep\n|\n|t:|1700448290\n|switch|p2a: Zapdos|Zapdos, tera:Fairy|88\/100\n|turn|31\n|\n|t:|1700448292\n|move|p2a: Zapdos|Volt Switch|p1a: Moltres\n|-supereffective|p1a: Moltres\n|-damage|p1a: Moltres|0 fnt\n|faint|p1a: Moltres\n|\n|upkeep\n|\n|t:|1700448295\n|switch|p1a: Samurott|Samurott-Hisui, F|82\/100\n|turn|32\n|\n|t:|1700448300\n|move|p2a: Zapdos|Volt Switch|p1a: Samurott\n|-supereffective|p1a: Samurott\n|-damage|p1a: Samurott|0 fnt\n|faint|p1a: Samurott\n|\n|upkeep\n|\n|t:|1700448304\n|switch|p1a: Enamorus|Enamorus-Therian, F|55\/100\n|turn|33\n|\n|t:|1700448306\n|move|p2a: Zapdos|Volt Switch|p1a: Enamorus\n|-supereffective|p1a: Enamorus\n|-damage|p1a: Enamorus|0 fnt\n|faint|p1a: Enamorus\n|\n|win|Yankiken\n|raw|knexhawk2's rating: 1772 &rarr; <strong>1753<\/strong><br \/>(-19 for losing)\n|raw|Yankiken's rating: 1793 &rarr; <strong>1812<\/strong><br \/>(+19 for winning)\n","uploadtime":1700448271,"views":11,"p1id":"knexhawk2","p2id":"yankiken","formatid":"gen9ou","rating":1753,"private":0,"password":""}