{"id":"gen9ou-1991157828","p1":"vocabird","p2":"aldoloFR","format":"[Gen 9] OU","log":"|j|\u2606vocabird\n|j|\u2606aldoloFR\n|t:|1700051485\n|gametype|singles\n|player|p1|vocabird|170|1097\n|player|p2|aldoloFR|101|1000\n|teamsize|p1|6\n|teamsize|p2|6\n|gen|9\n|tier|[Gen 9] OU\n|rated|\n|rule|Sleep Clause Mod: Limit one foe put to sleep\n|rule|Species Clause: Limit one of each Pok\u00e9mon\n|rule|OHKO Clause: OHKO moves are banned\n|rule|Evasion Items Clause: Evasion items are banned\n|rule|Evasion Moves Clause: Evasion moves are banned\n|rule|Endless Battle Clause: Forcing endless battles is banned\n|rule|HP Percentage Mod: HP is shown in percentages\n|clearpoke\n|poke|p1|Ribombee, F|\n|poke|p1|Gholdengo|\n|poke|p1|Landorus-Therian, M|\n|poke|p1|Zapdos|\n|poke|p1|Great Tusk|\n|poke|p1|Arcanine-Hisui, F|\n|poke|p2|Glimmora, M|\n|poke|p2|Grafaiai, M|\n|poke|p2|Enamorus, F|\n|poke|p2|Noivern, F|\n|poke|p2|Gholdengo|\n|poke|p2|Rillaboom, F|\n|teampreview\n|\n|t:|1700051496\n|start\n|switch|p1a: Ribombee|Ribombee, F|100\/100\n|switch|p2a: Glimmora|Glimmora, M|100\/100\n|turn|1\n|\n|t:|1700051503\n|move|p1a: Ribombee|Psychic|p2a: Glimmora\n|-supereffective|p2a: Glimmora\n|-damage|p2a: Glimmora|49\/100\n|move|p2a: Glimmora|Stealth Rock|p1a: Ribombee\n|-sidestart|p1: vocabird|move: Stealth Rock\n|\n|upkeep\n|turn|2\n|\n|t:|1700051526\n|move|p1a: Ribombee|Psychic|p2a: Glimmora\n|-supereffective|p2a: Glimmora\n|-damage|p2a: Glimmora|0 fnt\n|faint|p2a: Glimmora\n|\n|upkeep\n|inactive|Battle timer is ON: inactive players will automatically lose when time's up. (requested by vocabird)\n|\n|t:|1700051558\n|switch|p2a: ficello dor\u00e9|Gholdengo|100\/100\n|turn|3\n|\n|t:|1700051580\n|switch|p1a: Great Tusk|Great Tusk|100\/100\n|move|p2a: ficello dor\u00e9|Make It Rain|p1a: Great Tusk\n|-damage|p1a: Great Tusk|10\/100\n|-unboost|p2a: ficello dor\u00e9|spa|1\n|\n|upkeep\n|turn|4\n|inactive|vocabird has 120 seconds left.\n|\n|t:|1700051607\n|switch|p2a: nunu|Enamorus, F|100\/100\n|move|p1a: Great Tusk|Rapid Spin|p2a: nunu\n|-damage|p2a: nunu|73\/100\n|-boost|p1a: Great Tusk|spe|1\n|-sideend|p1: vocabird|Stealth Rock|[from] move: Rapid Spin|[of] p1a: Great Tusk\n|\n|upkeep\n|turn|5\n|inactive|vocabird has 120 seconds left.\n|inactive|vocabird has 90 seconds left.\n|\n|t:|1700051657\n|-end|p1a: Great Tusk|Protosynthesis|[silent]\n|switch|p1a: Arcanine|Arcanine-Hisui, F|100\/100\n|move|p2a: nunu|Psychic|p1a: Arcanine\n|-crit|p1a: Arcanine\n|-damage|p1a: Arcanine|57\/100\n|-unboost|p1a: Arcanine|spd|1\n|\n|upkeep\n|turn|6\n|\n|t:|1700051671\n|move|p2a: nunu|Superpower|p1a: Arcanine\n|-supereffective|p1a: Arcanine\n|-damage|p1a: Arcanine|0 fnt\n|-boost|p2a: nunu|atk|1\n|-boost|p2a: nunu|def|1\n|faint|p1a: Arcanine\n|\n|upkeep\n|\n|t:|1700051687\n|switch|p1a: Gholdengo|Gholdengo|100\/100\n|-item|p1a: Gholdengo|Air Balloon\n|turn|7\n|\n|t:|1700051703\n|switch|p2a: ficello dor\u00e9|Gholdengo|100\/100\n|move|p1a: Gholdengo|Make It Rain|p2a: ficello dor\u00e9\n|-resisted|p2a: ficello dor\u00e9\n|-damage|p2a: ficello dor\u00e9|60\/100\n|-unboost|p1a: Gholdengo|spa|1\n|\n|-heal|p2a: ficello dor\u00e9|66\/100|[from] item: Leftovers\n|upkeep\n|turn|8\n|inactive|vocabird has 60 seconds left.\n|\n|t:|1700051720\n|move|p2a: ficello dor\u00e9|Shadow Ball|p1a: Gholdengo\n|-supereffective|p1a: Gholdengo\n|-damage|p1a: Gholdengo|0 fnt\n|-enditem|p1a: Gholdengo|Air Balloon\n|faint|p1a: Gholdengo\n|\n|-heal|p2a: ficello dor\u00e9|72\/100|[from] item: Leftovers\n|upkeep\n|inactive|vocabird has 60 seconds left.\n|\n|t:|1700051736\n|switch|p1a: Landorus|Landorus-Therian, M|100\/100\n|-ability|p1a: Landorus|Intimidate|boost\n|-unboost|p2a: ficello dor\u00e9|atk|1\n|turn|9\n|\n|t:|1700051755\n|-terastallize|p2a: ficello dor\u00e9|Ghost\n|move|p1a: Landorus|Earthquake|p2a: ficello dor\u00e9\n|-damage|p2a: ficello dor\u00e9|9\/100\n|move|p2a: ficello dor\u00e9|Shadow Ball|p1a: Landorus\n|-damage|p1a: Landorus|48\/100\n|\n|-heal|p2a: ficello dor\u00e9|15\/100|[from] item: Leftovers\n|upkeep\n|turn|10\n|inactive|vocabird has 60 seconds left.\n|\n|t:|1700051772\n|switch|p2a: nunu|Enamorus, F|73\/100\n|move|p1a: Landorus|Crunch|p2a: nunu\n|-resisted|p2a: nunu\n|-damage|p2a: nunu|50\/100\n|\n|upkeep\n|turn|11\n|inactive|vocabird has 60 seconds left.\n|inactive|aldoloFR has 120 seconds left.\n|\n|t:|1700051788\n|move|p2a: nunu|Moonblast|p1a: Landorus\n|-damage|p1a: Landorus|12\/100\n|move|p1a: Landorus|U-turn|p2a: nunu\n|-resisted|p2a: nunu\n|-damage|p2a: nunu|40\/100\n|\n|t:|1700051793\n|switch|p1a: Ribombee|Ribombee, F|100\/100|[from] U-turn\n|\n|upkeep\n|turn|12\n|inactive|vocabird has 60 seconds left.\n|inactive|aldoloFR has 120 seconds left.\n|\n|t:|1700051824\n|move|p1a: Ribombee|Moonblast|p2a: nunu\n|-damage|p2a: nunu|0 fnt\n|faint|p2a: nunu\n|\n|upkeep\n|\n|t:|1700051834\n|switch|p2a: momo|Rillaboom, F, shiny|100\/100\n|-fieldstart|move: Grassy Terrain|[from] ability: Grassy Surge|[of] p2a: momo\n|turn|13\n|inactive|vocabird has 60 seconds left.\n|inactive|aldoloFR has 90 seconds left.\n|\n|t:|1700051881\n|switch|p1a: Zapdos|Zapdos|100\/100\n|move|p2a: momo|Wood Hammer|p1a: Zapdos\n|-resisted|p1a: Zapdos\n|-damage|p1a: Zapdos|48\/100\n|-status|p2a: momo|par|[from] ability: Static|[of] p1a: Zapdos\n|-damage|p2a: momo|84\/100 par|[from] Recoil\n|\n|-heal|p2a: momo|90\/100 par|[from] Grassy Terrain\n|upkeep\n|turn|14\n|inactive|vocabird has 60 seconds left.\n|inactive|aldoloFR has 60 seconds left.\n|\n|t:|1700051915\n|move|p1a: Zapdos|Hurricane|p2a: momo\n|-supereffective|p2a: momo\n|-damage|p2a: momo|0 fnt\n|faint|p2a: momo\n|\n|upkeep\n|\n|t:|1700051921\n|switch|p2a: brrrr|Noivern, F|100\/100\n|turn|15\n|inactive|vocabird has 60 seconds left.\n|\n|t:|1700051933\n|switch|p1a: Great Tusk|Great Tusk|10\/100\n|move|p2a: brrrr|Draco Meteor|p1a: Great Tusk\n|-damage|p1a: Great Tusk|0 fnt\n|-unboost|p2a: brrrr|spa|2\n|faint|p1a: Great Tusk\n|-end|p1a: Great Tusk|Protosynthesis|[silent]\n|-damage|p2a: brrrr|91\/100|[from] item: Life Orb\n|\n|upkeep\n|inactive|vocabird has 60 seconds left.\n|\n|t:|1700051941\n|switch|p1a: Ribombee|Ribombee, F|100\/100\n|turn|16\n|inactive|aldoloFR has 60 seconds left.\n|\n|t:|1700051949\n|switch|p2a: popo|Grafaiai, M|100\/100\n|move|p1a: Ribombee|Moonblast|p2a: popo\n|-resisted|p2a: popo\n|-damage|p2a: popo|75\/100\n|\n|-heal|p2a: popo|81\/100|[from] Grassy Terrain\n|upkeep\n|turn|17\n|inactive|aldoloFR has 60 seconds left.\n|\n|t:|1700051959\n|move|p1a: Ribombee|Psychic|p2a: popo\n|-supereffective|p2a: popo\n|-damage|p2a: popo|15\/100\n|move|p2a: popo|U-turn|p1a: Ribombee\n|-resisted|p1a: Ribombee\n|-damage|p1a: Ribombee|81\/100\n|inactive|aldoloFR has 60 seconds left.\n|\n|t:|1700051965\n|switch|p2a: ficello dor\u00e9|Gholdengo, tera:Ghost|15\/100|[from] U-turn\n|\n|-heal|p1a: Ribombee|87\/100|[from] Grassy Terrain\n|-heal|p2a: ficello dor\u00e9|21\/100|[from] Grassy Terrain\n|-heal|p2a: ficello dor\u00e9|27\/100|[from] item: Leftovers\n|-fieldend|move: Grassy Terrain\n|upkeep\n|turn|18\n|\n|t:|1700051974\n|move|p1a: Ribombee|Moonblast|p2a: ficello dor\u00e9\n|-damage|p2a: ficello dor\u00e9|0 fnt\n|faint|p2a: ficello dor\u00e9\n|\n|upkeep\n|\n|t:|1700051982\n|switch|p2a: brrrr|Noivern, F|91\/100\n|turn|19\n|inactive|aldoloFR has 60 seconds left.\n|\n|t:|1700052002\n|move|p1a: Ribombee|Moonblast|p2a: brrrr\n|-supereffective|p2a: brrrr\n|-damage|p2a: brrrr|0 fnt\n|faint|p2a: brrrr\n|\n|upkeep\n|\n|t:|1700052007\n|switch|p2a: popo|Grafaiai, M|15\/100\n|turn|20\n|-message|aldoloFR forfeited.\n|\n|win|vocabird\n|raw|vocabird's rating: 1097 &rarr; <strong>1116<\/strong><br \/>(+19 for winning)\n|raw|aldoloFR's rating: 1000 &rarr; <strong>1000<\/strong><br \/>(+0 for losing)\n|l|\u2606aldoloFR\n","uploadtime":1700052017,"views":7,"p1id":"vocabird","p2id":"aldolofr","formatid":"gen9ou","rating":1000,"private":0,"password":""}