{"id":"gen9ou-1994122796","p1":"pokcey.","p2":"Bacon_Snow","format":"[Gen 9] OU","log":"|j|\u2606pokcey.\n|j|\u2606Bacon_Snow\n|t:|1700409570\n|gametype|singles\n|player|p1|pokcey.|lady-gen4|1030\n|player|p2|Bacon_Snow|101|1090\n|teamsize|p1|6\n|teamsize|p2|6\n|gen|9\n|tier|[Gen 9] OU\n|rated|\n|rule|Sleep Clause Mod: Limit one foe put to sleep\n|rule|Species Clause: Limit one of each Pok\u00e9mon\n|rule|OHKO Clause: OHKO moves are banned\n|rule|Evasion Items Clause: Evasion items are banned\n|rule|Evasion Moves Clause: Evasion moves are banned\n|rule|Endless Battle Clause: Forcing endless battles is banned\n|rule|HP Percentage Mod: HP is shown in percentages\n|clearpoke\n|poke|p1|Cramorant, F|\n|poke|p1|Typhlosion, F|\n|poke|p1|Maushold-Four|\n|poke|p1|Zarude-Dada|\n|poke|p1|Zamazenta-*|\n|poke|p1|Iron Hands|\n|poke|p2|Typhlosion-Hisui, F|\n|poke|p2|Great Tusk|\n|poke|p2|Samurott-Hisui, M|\n|poke|p2|Clefable, M|\n|poke|p2|Mamoswine, F|\n|poke|p2|Corviknight, F|\n|teampreview\n|\n|t:|1700409581\n|start\n|switch|p1a: Typhlosion|Typhlosion, F|100\/100\n|switch|p2a: Mr beast \ud83d\ude31|Samurott-Hisui, M|100\/100\n|turn|1\n|\n|t:|1700409587\n|switch|p1a: Zarude|Zarude-Dada|100\/100\n|move|p2a: Mr beast \ud83d\ude31|Ceaseless Edge|p1a: Zarude\n|-resisted|p1a: Zarude\n|-damage|p1a: Zarude|79\/100\n|-sidestart|p1: pokcey.|Spikes\n|\n|upkeep\n|turn|2\n|\n|t:|1700409593\n|move|p2a: Mr beast \ud83d\ude31|Sucker Punch|p1a: Zarude\n|-resisted|p1a: Zarude\n|-damage|p1a: Zarude|65\/100\n|move|p1a: Zarude|Power Whip|p2a: Mr beast \ud83d\ude31\n|-supereffective|p2a: Mr beast \ud83d\ude31\n|-damage|p2a: Mr beast \ud83d\ude31|0 fnt\n|faint|p2a: Mr beast \ud83d\ude31\n|\n|upkeep\n|\n|t:|1700409602\n|switch|p2a: Lobo|Typhlosion-Hisui, F|100\/100\n|turn|3\n|\n|t:|1700409615\n|switch|p1a: Cramorant|Cramorant, F|100\/100\n|move|p2a: Lobo|Calm Mind|p2a: Lobo\n|-boost|p2a: Lobo|spa|1\n|-boost|p2a: Lobo|spd|1\n|\n|upkeep\n|turn|4\n|\n|t:|1700409620\n|-terastallize|p2a: Lobo|Fire\n|move|p2a: Lobo|Eruption|p1a: Cramorant\n|-resisted|p1a: Cramorant\n|-damage|p1a: Cramorant|25\/100\n|move|p1a: Cramorant|Surf|p2a: Lobo\n|-formechange|p1a: Cramorant|Cramorant-Gorging|\n|-supereffective|p2a: Lobo\n|-damage|p2a: Lobo|55\/100\n|\n|upkeep\n|turn|5\n|\n|t:|1700409628\n|move|p1a: Cramorant|Endure|p1a: Cramorant\n|-singleturn|p1a: Cramorant|move: Endure\n|move|p2a: Lobo|Focus Blast|p1a: Cramorant|[miss]\n|-miss|p2a: Lobo|p1a: Cramorant\n|\n|upkeep\n|turn|6\n|\n|t:|1700409635\n|move|p2a: Lobo|Infernal Parade|p1a: Cramorant\n|-damage|p1a: Cramorant|0 fnt\n|-damage|p2a: Lobo|30\/100|[from] ability: Gulp Missile|[of] p1a: Cramorant\n|-status|p2a: Lobo|par\n|-formechange|p1a: Cramorant|Cramorant|\n|faint|p1a: Cramorant\n|\n|upkeep\n|\n|t:|1700409648\n|switch|p1a: Zarude|Zarude-Dada|65\/100\n|-damage|p1a: Zarude|52\/100|[from] Spikes\n|turn|7\n|\n|t:|1700409652\n|move|p1a: Zarude|Knock Off|p2a: Lobo\n|-damage|p2a: Lobo|0 fnt\n|-enditem|p2a: Lobo|Heavy-Duty Boots|[from] move: Knock Off|[of] p1a: Zarude\n|faint|p2a: Lobo\n|\n|upkeep\n|\n|t:|1700409657\n|switch|p2a: \u201cskarmory\u201d?? \ud83d\ude28|Corviknight, F|100\/100\n|turn|8\n|\n|t:|1700409665\n|switch|p1a: Iron Hands|Iron Hands|100\/100\n|-damage|p1a: Iron Hands|88\/100|[from] Spikes\n|move|p2a: \u201cskarmory\u201d?? \ud83d\ude28|U-turn|p1a: Iron Hands\n|-resisted|p1a: Iron Hands\n|-damage|p1a: Iron Hands|83\/100\n|\n|t:|1700409670\n|switch|p2a: ratio|Mamoswine, F|100\/100|[from] U-turn\n|\n|upkeep\n|turn|9\n|\n|t:|1700409687\n|move|p1a: Iron Hands|Fake Out|p2a: ratio\n|-damage|p2a: ratio|85\/100\n|cant|p2a: ratio|flinch\n|\n|upkeep\n|turn|10\n|\n|t:|1700409692\n|-terastallize|p1a: Iron Hands|Fairy\n|move|p2a: ratio|Trailblaze|p1a: Iron Hands\n|-damage|p1a: Iron Hands|71\/100\n|-boost|p2a: ratio|spe|1\n|move|p1a: Iron Hands|Drain Punch|p2a: ratio\n|-supereffective|p2a: ratio\n|-damage|p2a: ratio|0 fnt\n|-heal|p1a: Iron Hands|100\/100|[from] drain|[of] p2a: ratio\n|faint|p2a: ratio\n|\n|upkeep\n|\n|t:|1700409700\n|switch|p2a: Heheheh|Great Tusk|100\/100\n|-enditem|p2a: Heheheh|Booster Energy\n|-activate|p2a: Heheheh|ability: Protosynthesis|[fromitem]\n|-start|p2a: Heheheh|protosynthesisatk\n|turn|11\n|\n|t:|1700409704\n|move|p2a: Heheheh|Headlong Rush|p1a: Iron Hands\n|-damage|p1a: Iron Hands|55\/100\n|-unboost|p2a: Heheheh|def|1\n|-unboost|p2a: Heheheh|spd|1\n|move|p1a: Iron Hands|Drain Punch|p2a: Heheheh\n|-damage|p2a: Heheheh|59\/100\n|-heal|p1a: Iron Hands|71\/100|[from] drain|[of] p2a: Heheheh\n|\n|upkeep\n|turn|12\n|\n|t:|1700409715\n|-end|p1a: Iron Hands|Quark Drive|[silent]\n|switch|p1a: Zarude|Zarude-Dada|52\/100\n|-damage|p1a: Zarude|40\/100|[from] Spikes\n|move|p2a: Heheheh|Bulk Up|p2a: Heheheh\n|-boost|p2a: Heheheh|atk|1\n|-boost|p2a: Heheheh|def|1\n|\n|upkeep\n|turn|13\n|\n|t:|1700409721\n|move|p1a: Zarude|Power Whip|p2a: Heheheh\n|-supereffective|p2a: Heheheh\n|-damage|p2a: Heheheh|0 fnt\n|faint|p2a: Heheheh\n|-end|p2a: Heheheh|Protosynthesis|[silent]\n|\n|upkeep\n|\n|t:|1700409724\n|switch|p2a: \u201cskarmory\u201d?? \ud83d\ude28|Corviknight, F|100\/100\n|turn|14\n|\n|t:|1700409728\n|move|p1a: Zarude|Fling|p2a: \u201cskarmory\u201d?? \ud83d\ude28\n|-damage|p2a: \u201cskarmory\u201d?? \ud83d\ude28|66\/100\n|-enditem|p1a: Zarude|Big Nugget|[from] move: Fling\n|move|p2a: \u201cskarmory\u201d?? \ud83d\ude28|Brave Bird|p1a: Zarude\n|-supereffective|p1a: Zarude\n|-damage|p1a: Zarude|0 fnt\n|faint|p1a: Zarude\n|-damage|p2a: \u201cskarmory\u201d?? \ud83d\ude28|54\/100|[from] Recoil\n|\n|upkeep\n|\n|t:|1700409734\n|switch|p1a: Typhlosion|Typhlosion, F|100\/100\n|-damage|p1a: Typhlosion|88\/100|[from] Spikes\n|turn|15\n|\n|t:|1700409738\n|switch|p2a: fungi|Clefable, M, shiny|100\/100\n|move|p1a: Typhlosion|Eruption|p2a: fungi\n|-damage|p2a: fungi|46\/100\n|\n|-heal|p2a: fungi|52\/100|[from] item: Leftovers\n|upkeep\n|turn|16\n|\n|t:|1700409743\n|move|p1a: Typhlosion|Eruption|p2a: fungi\n|-damage|p2a: fungi|0 fnt\n|faint|p2a: fungi\n|\n|upkeep\n|inactive|Battle timer is ON: inactive players will automatically lose when time's up. (requested by pokcey.)\n|\n|t:|1700409745\n|switch|p2a: \u201cskarmory\u201d?? \ud83d\ude28|Corviknight, F|54\/100\n|turn|17\n|\n|t:|1700409748\n|move|p1a: Typhlosion|Eruption|p2a: \u201cskarmory\u201d?? \ud83d\ude28\n|-supereffective|p2a: \u201cskarmory\u201d?? \ud83d\ude28\n|-damage|p2a: \u201cskarmory\u201d?? \ud83d\ude28|0 fnt\n|faint|p2a: \u201cskarmory\u201d?? \ud83d\ude28\n|\n|win|pokcey.\n|raw|pokcey.'s rating: 1030 &rarr; <strong>1072<\/strong><br \/>(+42 for winning)\n|raw|Bacon_Snow's rating: 1090 &rarr; <strong>1062<\/strong><br \/>(-28 for losing)\n|l|\u2606Bacon_Snow\n","uploadtime":1700409752,"views":6,"p1id":"pokcey","p2id":"baconsnow","formatid":"gen9ou","rating":1062,"private":0,"password":""}