{"id":"gen9ou-1989256971","p1":"luckypants54","p2":"cheerio chewer","format":"[Gen 9] OU","log":"|j|\u2606luckypants54\n|j|\u2606cheerio chewer\n|t:|1699828743\n|gametype|singles\n|player|p1|luckypants54|scott|1324\n|player|p2|cheerio chewer|zinzolin|1347\n|teamsize|p1|6\n|teamsize|p2|6\n|gen|9\n|tier|[Gen 9] OU\n|rated|\n|rule|Sleep Clause Mod: Limit one foe put to sleep\n|rule|Species Clause: Limit one of each Pok\u00e9mon\n|rule|OHKO Clause: OHKO moves are banned\n|rule|Evasion Items Clause: Evasion items are banned\n|rule|Evasion Moves Clause: Evasion moves are banned\n|rule|Endless Battle Clause: Forcing endless battles is banned\n|rule|HP Percentage Mod: HP is shown in percentages\n|clearpoke\n|poke|p1|Dragapult, M|\n|poke|p1|Munkidori, M|\n|poke|p1|Great Tusk|\n|poke|p1|Gholdengo|\n|poke|p1|Samurott-Hisui, F|\n|poke|p1|Zapdos|\n|poke|p2|Ambipom, F|\n|poke|p2|Slowking-Galar, M|\n|poke|p2|Meowscarada, M|\n|poke|p2|Zamazenta-*|\n|poke|p2|Cinderace, F|\n|poke|p2|Alomomola, M|\n|teampreview\n|inactive|Battle timer is ON: inactive players will automatically lose when time's up. (requested by cheerio chewer)\n|inactive|luckypants54 also wants the timer to be on.\n|\n|t:|1699828759\n|start\n|switch|p1a: Dragapult|Dragapult, M, shiny|100\/100\n|switch|p2a: Cinderace|Cinderace, F|100\/100\n|turn|1\n|\n|t:|1699828764\n|move|p2a: Cinderace|Sucker Punch|p1a: Dragapult\n|-start|p2a: Cinderace|typechange|Dark|[from] ability: Libero\n|-supereffective|p1a: Dragapult\n|-damage|p1a: Dragapult|2\/100\n|move|p1a: Dragapult|Dragon Darts|p2a: Cinderace\n|-damage|p2a: Cinderace|45\/100\n|-anim|p1a: Dragapult|Dragon Darts|p2a: Cinderace\n|-damage|p2a: Cinderace|0 fnt\n|faint|p2a: Cinderace\n|\n|upkeep\n|\n|t:|1699828773\n|switch|p2a: Meowscarada|Meowscarada, M|100\/100\n|turn|2\n|\n|t:|1699828776\n|switch|p1a: Zapdos|Zapdos, shiny|100\/100\n|move|p2a: Meowscarada|Sucker Punch||[still]\n|-fail|p2a: Meowscarada\n|\n|upkeep\n|turn|3\n|c|\u2606luckypants54|your gay already\n|\n|t:|1699828790\n|switch|p2a: Slowking|Slowking-Galar, M|100\/100\n|move|p1a: Zapdos|Discharge|p2a: Slowking\n|-damage|p2a: Slowking|78\/100\n|\n|upkeep\n|turn|4\n|n|!cheerio chewer|cheeriochewer\n|\n|t:|1699828803\n|move|p1a: Zapdos|Substitute|p1a: Zapdos\n|-start|p1a: Zapdos|Substitute\n|-damage|p1a: Zapdos|76\/100\n|move|p2a: Slowking|Chilly Reception|p2a: Slowking\n|-weather|Snow\n|\n|t:|1699828810\n|switch|p2a: Meowscarada|Meowscarada, M|100\/100|[from] Chilly Reception\n|\n|-weather|Snow|[upkeep]\n|upkeep\n|turn|5\n|\n|t:|1699828813\n|move|p2a: Meowscarada|U-turn|p1a: Zapdos\n|-start|p2a: Meowscarada|typechange|Bug|[from] ability: Protean\n|-resisted|p1a: Zapdos\n|-activate|p1a: Zapdos|move: Substitute|[damage]\n|\n|t:|1699828815\n|switch|p2a: Slowking|Slowking-Galar, M|100\/100|[from] U-turn\n|move|p1a: Zapdos|Hurricane|p2a: Slowking\n|-damage|p2a: Slowking|66\/100\n|\n|-weather|Snow|[upkeep]\n|upkeep\n|turn|6\n|\n|t:|1699828823\n|move|p1a: Zapdos|Discharge|p2a: Slowking\n|-damage|p2a: Slowking|42\/100\n|move|p2a: Slowking|Psychic|p1a: Zapdos\n|-end|p1a: Zapdos|Substitute\n|\n|-weather|Snow|[upkeep]\n|upkeep\n|turn|7\n|\n|t:|1699828828\n|move|p1a: Zapdos|Substitute|p1a: Zapdos\n|-start|p1a: Zapdos|Substitute\n|-damage|p1a: Zapdos|51\/100\n|move|p2a: Slowking|Sludge Bomb|p1a: Zapdos\n|-end|p1a: Zapdos|Substitute\n|\n|-weather|Snow|[upkeep]\n|upkeep\n|turn|8\n|\n|t:|1699828833\n|-terastallize|p1a: Zapdos|Steel\n|move|p1a: Zapdos|Substitute|p1a: Zapdos\n|-start|p1a: Zapdos|Substitute\n|-damage|p1a: Zapdos|26\/100\n|move|p2a: Slowking|Psychic|p1a: Zapdos\n|-resisted|p1a: Zapdos\n|-activate|p1a: Zapdos|move: Substitute|[damage]\n|\n|-weather|none\n|upkeep\n|turn|9\n|\n|t:|1699828837\n|move|p1a: Zapdos|Roost|p1a: Zapdos\n|-heal|p1a: Zapdos|76\/100\n|move|p2a: Slowking|Psychic|p1a: Zapdos\n|-resisted|p1a: Zapdos\n|-end|p1a: Zapdos|Substitute\n|\n|upkeep\n|turn|10\n|\n|t:|1699828839\n|move|p1a: Zapdos|Substitute|p1a: Zapdos\n|-start|p1a: Zapdos|Substitute\n|-damage|p1a: Zapdos|51\/100\n|move|p2a: Slowking|Chilly Reception|p2a: Slowking\n|-weather|Snow\n|\n|t:|1699828845\n|switch|p2a: Meowscarada|Meowscarada, M|100\/100|[from] Chilly Reception\n|\n|-weather|Snow|[upkeep]\n|upkeep\n|turn|11\n|\n|t:|1699828848\n|move|p2a: Meowscarada|U-turn|p1a: Zapdos\n|-start|p2a: Meowscarada|typechange|Bug|[from] ability: Protean\n|-resisted|p1a: Zapdos\n|-activate|p1a: Zapdos|move: Substitute|[damage]\n|\n|t:|1699828850\n|switch|p2a: Slowking|Slowking-Galar, M|76\/100|[from] U-turn\n|move|p1a: Zapdos|Roost|p1a: Zapdos\n|-heal|p1a: Zapdos|100\/100\n|\n|-weather|Snow|[upkeep]\n|upkeep\n|turn|12\n|\n|t:|1699828853\n|move|p1a: Zapdos|Discharge|p2a: Slowking\n|-damage|p2a: Slowking|53\/100\n|move|p2a: Slowking|Chilly Reception|p2a: Slowking\n|\n|t:|1699828855\n|switch|p2a: Meowscarada|Meowscarada, M|100\/100|[from] Chilly Reception\n|\n|-weather|Snow|[upkeep]\n|upkeep\n|turn|13\n|\n|t:|1699828859\n|move|p2a: Meowscarada|U-turn|p1a: Zapdos\n|-start|p2a: Meowscarada|typechange|Bug|[from] ability: Protean\n|-resisted|p1a: Zapdos\n|-end|p1a: Zapdos|Substitute\n|\n|t:|1699828866\n|switch|p2a: Slowking|Slowking-Galar, M|86\/100|[from] U-turn\n|move|p1a: Zapdos|Hurricane|p2a: Slowking\n|-damage|p2a: Slowking|55\/100\n|\n|-weather|Snow|[upkeep]\n|upkeep\n|turn|14\n|\n|t:|1699828872\n|switch|p2a: Meowscarada|Meowscarada, M|100\/100\n|move|p1a: Zapdos|Substitute|p1a: Zapdos\n|-start|p1a: Zapdos|Substitute\n|-damage|p1a: Zapdos|76\/100\n|\n|-weather|none\n|upkeep\n|turn|15\n|\n|t:|1699828875\n|move|p2a: Meowscarada|U-turn|p1a: Zapdos\n|-start|p2a: Meowscarada|typechange|Bug|[from] ability: Protean\n|-resisted|p1a: Zapdos\n|-activate|p1a: Zapdos|move: Substitute|[damage]\n|\n|t:|1699828879\n|switch|p2a: Slowking|Slowking-Galar, M|88\/100|[from] U-turn\n|move|p1a: Zapdos|Discharge|p2a: Slowking\n|-damage|p2a: Slowking|67\/100\n|-status|p2a: Slowking|par\n|\n|upkeep\n|turn|16\n|\n|t:|1699828886\n|move|p1a: Zapdos|Discharge|p2a: Slowking\n|-damage|p2a: Slowking|44\/100 par\n|move|p2a: Slowking|Chilly Reception|p2a: Slowking\n|-weather|Snow\n|\n|t:|1699828894\n|switch|p2a: Meowscarada|Meowscarada, M|100\/100|[from] Chilly Reception\n|\n|-weather|Snow|[upkeep]\n|upkeep\n|turn|17\n|\n|t:|1699828896\n|move|p2a: Meowscarada|U-turn|p1a: Zapdos\n|-start|p2a: Meowscarada|typechange|Bug|[from] ability: Protean\n|-resisted|p1a: Zapdos\n|-end|p1a: Zapdos|Substitute\n|\n|t:|1699828900\n|switch|p2a: Slowking|Slowking-Galar, M|78\/100 par|[from] U-turn\n|move|p1a: Zapdos|Discharge|p2a: Slowking\n|-damage|p2a: Slowking|55\/100 par\n|\n|-weather|Snow|[upkeep]\n|upkeep\n|turn|18\n|\n|t:|1699828903\n|move|p1a: Zapdos|Substitute|p1a: Zapdos\n|-start|p1a: Zapdos|Substitute\n|-damage|p1a: Zapdos|51\/100\n|move|p2a: Slowking|Chilly Reception|p2a: Slowking\n|\n|t:|1699828905\n|switch|p2a: Meowscarada|Meowscarada, M|100\/100|[from] Chilly Reception\n|\n|-weather|Snow|[upkeep]\n|upkeep\n|turn|19\n|\n|t:|1699828908\n|move|p2a: Meowscarada|U-turn|p1a: Zapdos\n|-start|p2a: Meowscarada|typechange|Bug|[from] ability: Protean\n|-resisted|p1a: Zapdos\n|-activate|p1a: Zapdos|move: Substitute|[damage]\n|\n|t:|1699828911\n|switch|p2a: Slowking|Slowking-Galar, M|89\/100 par|[from] U-turn\n|move|p1a: Zapdos|Roost|p1a: Zapdos\n|-heal|p1a: Zapdos|100\/100\n|\n|-weather|Snow|[upkeep]\n|upkeep\n|turn|20\n|\n|t:|1699828914\n|move|p1a: Zapdos|Hurricane|p2a: Slowking\n|-damage|p2a: Slowking|57\/100 par\n|move|p2a: Slowking|Chilly Reception|p2a: Slowking\n|\n|t:|1699828917\n|switch|p2a: Meowscarada|Meowscarada, M|100\/100|[from] Chilly Reception\n|\n|-weather|none\n|upkeep\n|turn|21\n|\n|t:|1699828923\n|move|p2a: Meowscarada|U-turn|p1a: Zapdos\n|-start|p2a: Meowscarada|typechange|Bug|[from] ability: Protean\n|-resisted|p1a: Zapdos\n|-end|p1a: Zapdos|Substitute\n|\n|t:|1699828926\n|switch|p2a: Slowking|Slowking-Galar, M|90\/100 par|[from] U-turn\n|move|p1a: Zapdos|Discharge|p2a: Slowking\n|-damage|p2a: Slowking|66\/100 par\n|\n|upkeep\n|turn|22\n|\n|t:|1699828937\n|switch|p1a: Dragapult|Dragapult, M, shiny|2\/100\n|switch|p2a: Meowscarada|Meowscarada, M|100\/100\n|\n|upkeep\n|turn|23\n|\n|t:|1699828943\n|switch|p1a: Zapdos|Zapdos, shiny, tera:Steel|100\/100\n|move|p2a: Meowscarada|Sucker Punch||[still]\n|-fail|p2a: Meowscarada\n|\n|upkeep\n|turn|24\n|\n|t:|1699828951\n|move|p2a: Meowscarada|U-turn|p1a: Zapdos\n|-start|p2a: Meowscarada|typechange|Bug|[from] ability: Protean\n|-resisted|p1a: Zapdos\n|-damage|p1a: Zapdos|81\/100\n|\n|t:|1699828953\n|switch|p2a: Slowking|Slowking-Galar, M|99\/100 par|[from] U-turn\n|move|p1a: Zapdos|Hurricane|p2a: Slowking\n|-damage|p2a: Slowking|65\/100 par\n|\n|upkeep\n|turn|25\n|\n|t:|1699828957\n|move|p1a: Zapdos|Roost|p1a: Zapdos\n|-heal|p1a: Zapdos|100\/100\n|move|p2a: Slowking|Chilly Reception|p2a: Slowking\n|-weather|Snow\n|\n|t:|1699828959\n|switch|p2a: Meowscarada|Meowscarada, M|100\/100|[from] Chilly Reception\n|\n|-weather|Snow|[upkeep]\n|upkeep\n|turn|26\n|\n|t:|1699828962\n|move|p2a: Meowscarada|U-turn|p1a: Zapdos\n|-start|p2a: Meowscarada|typechange|Bug|[from] ability: Protean\n|-resisted|p1a: Zapdos\n|-damage|p1a: Zapdos|82\/100\n|-status|p2a: Meowscarada|par|[from] ability: Static|[of] p1a: Zapdos\n|\n|t:|1699828964\n|switch|p2a: Slowking|Slowking-Galar, M|98\/100 par|[from] U-turn\n|move|p1a: Zapdos|Discharge|p2a: Slowking\n|-damage|p2a: Slowking|73\/100 par\n|\n|-weather|Snow|[upkeep]\n|upkeep\n|turn|27\n|\n|t:|1699828968\n|move|p1a: Zapdos|Hurricane|p2a: Slowking\n|-damage|p2a: Slowking|40\/100 par\n|-start|p2a: Slowking|confusion\n|-activate|p2a: Slowking|confusion\n|cant|p2a: Slowking|par\n|\n|-weather|Snow|[upkeep]\n|upkeep\n|turn|28\n|\n|t:|1699828971\n|move|p1a: Zapdos|Substitute|p1a: Zapdos\n|-start|p1a: Zapdos|Substitute\n|-damage|p1a: Zapdos|57\/100\n|-activate|p2a: Slowking|confusion\n|move|p2a: Slowking|Chilly Reception|p2a: Slowking\n|\n|t:|1699828973\n|switch|p2a: Meowscarada|Meowscarada, M|100\/100 par|[from] Chilly Reception\n|\n|-weather|Snow|[upkeep]\n|upkeep\n|turn|29\n|c|\u2606luckypants54|so deserved\n|\n|t:|1699828980\n|move|p1a: Zapdos|Hurricane|p2a: Meowscarada\n|-supereffective|p2a: Meowscarada\n|-damage|p2a: Meowscarada|0 fnt\n|faint|p2a: Meowscarada\n|\n|-weather|none\n|upkeep\n|\n|t:|1699828983\n|switch|p2a: Alomomola|Alomomola, M|100\/100\n|turn|30\n|\n|t:|1699828986\n|move|p2a: Alomomola|Protect|p2a: Alomomola\n|-singleturn|p2a: Alomomola|Protect\n|move|p1a: Zapdos|Discharge|p2a: Alomomola\n|-activate|p2a: Alomomola|move: Protect\n|\n|upkeep\n|turn|31\n|\n|t:|1699828989\n|switch|p2a: Slowking|Slowking-Galar, M|73\/100 par\n|move|p1a: Zapdos|Discharge|p2a: Slowking\n|-damage|p2a: Slowking|48\/100 par\n|\n|upkeep\n|turn|32\n|\n|t:|1699828991\n|move|p1a: Zapdos|Roost|p1a: Zapdos\n|-heal|p1a: Zapdos|100\/100\n|move|p2a: Slowking|Chilly Reception|p2a: Slowking\n|-weather|Snow\n|\n|t:|1699828993\n|switch|p2a: Alomomola|Alomomola, M|100\/100|[from] Chilly Reception\n|\n|-weather|Snow|[upkeep]\n|upkeep\n|turn|33\n|\n|t:|1699828996\n|move|p2a: Alomomola|Protect|p2a: Alomomola\n|-singleturn|p2a: Alomomola|Protect\n|move|p1a: Zapdos|Discharge|p2a: Alomomola\n|-activate|p2a: Alomomola|move: Protect\n|\n|-weather|Snow|[upkeep]\n|upkeep\n|turn|34\n|\n|t:|1699829001\n|move|p1a: Zapdos|Hurricane|p2a: Alomomola\n|-damage|p2a: Alomomola|36\/100\n|move|p2a: Alomomola|Flip Turn|p1a: Zapdos\n|-activate|p1a: Zapdos|move: Substitute|[damage]\n|\n|t:|1699829004\n|switch|p2a: Slowking|Slowking-Galar, M|81\/100 par|[from] Flip Turn\n|\n|-weather|Snow|[upkeep]\n|upkeep\n|turn|35\n|\n|t:|1699829006\n|move|p1a: Zapdos|Hurricane|p2a: Slowking\n|-damage|p2a: Slowking|50\/100 par\n|-start|p2a: Slowking|confusion\n|-activate|p2a: Slowking|confusion\n|move|p2a: Slowking|Chilly Reception|p2a: Slowking\n|\n|t:|1699829008\n|switch|p2a: Alomomola|Alomomola, M|70\/100|[from] Chilly Reception\n|\n|-weather|Snow|[upkeep]\n|upkeep\n|turn|36\n|\n|t:|1699829013\n|move|p2a: Alomomola|Protect|p2a: Alomomola\n|-singleturn|p2a: Alomomola|Protect\n|move|p1a: Zapdos|Discharge|p2a: Alomomola\n|-activate|p2a: Alomomola|move: Protect\n|\n|-weather|none\n|upkeep\n|turn|37\n|\n|t:|1699829015\n|switch|p2a: Slowking|Slowking-Galar, M|83\/100 par\n|move|p1a: Zapdos|Discharge|p2a: Slowking\n|-damage|p2a: Slowking|60\/100 par\n|\n|upkeep\n|turn|38\n|\n|t:|1699829017\n|move|p1a: Zapdos|Discharge|p2a: Slowking\n|-damage|p2a: Slowking|36\/100 par\n|move|p2a: Slowking|Chilly Reception|p2a: Slowking\n|-weather|Snow\n|\n|t:|1699829019\n|switch|p2a: Alomomola|Alomomola, M|100\/100|[from] Chilly Reception\n|\n|-weather|Snow|[upkeep]\n|upkeep\n|turn|39\n|\n|t:|1699829028\n|switch|p1a: Gholdengo|Gholdengo, shiny|100\/100\n|move|p2a: Alomomola|Protect||[still]\n|-fail|p2a: Alomomola\n|\n|-weather|Snow|[upkeep]\n|upkeep\n|turn|40\n|\n|t:|1699829031\n|move|p1a: Gholdengo|Nasty Plot|p1a: Gholdengo\n|-boost|p1a: Gholdengo|spa|2\n|move|p2a: Alomomola|Flip Turn|p1a: Gholdengo\n|-damage|p1a: Gholdengo|86\/100\n|c|\u2606luckypants54|gg puss\n|-message|cheerio chewer forfeited.\n|\n|win|luckypants54\n|raw|luckypants54's rating: 1324 &rarr; <strong>1345<\/strong><br \/>(+21 for winning)\n|raw|cheerio chewer's rating: 1347 &rarr; <strong>1326<\/strong><br \/>(-21 for losing)\n","uploadtime":1699828800,"views":9,"p1id":"luckypants54","p2id":"cheeriochewer","formatid":"gen9ou","rating":1326,"private":0,"password":""}