{"id":"gen9ou-1993413224","p1":"Caden38","p2":"drag0ntamer10","format":"[Gen 9] OU","log":"|j|\u2606Caden38\n|j|\u2606drag0ntamer10\n|t:|1700314540\n|gametype|singles\n|player|p1|Caden38|1|1114\n|player|p2|drag0ntamer10|1|1169\n|teamsize|p1|6\n|teamsize|p2|6\n|gen|9\n|tier|[Gen 9] OU\n|rated|\n|rule|Sleep Clause Mod: Limit one foe put to sleep\n|rule|Species Clause: Limit one of each Pok\u00e9mon\n|rule|OHKO Clause: OHKO moves are banned\n|rule|Evasion Items Clause: Evasion items are banned\n|rule|Evasion Moves Clause: Evasion moves are banned\n|rule|Endless Battle Clause: Forcing endless battles is banned\n|rule|HP Percentage Mod: HP is shown in percentages\n|clearpoke\n|poke|p1|Clodsire, F|\n|poke|p1|Garganacl, F|\n|poke|p1|Cinderace, F|\n|poke|p1|Greninja-*, M|\n|poke|p1|Clefable, F|\n|poke|p1|Garchomp, F|\n|poke|p2|Great Tusk|\n|poke|p2|Walking Wake|\n|poke|p2|Torkoal, M|\n|poke|p2|Gholdengo|\n|poke|p2|Hatterene, F|\n|poke|p2|Shiftry, M|\n|teampreview\n|\n|t:|1700314552\n|start\n|switch|p1a: Cinderace|Cinderace, F, shiny|100\/100\n|switch|p2a: Torkoal|Torkoal, M|100\/100\n|-weather|SunnyDay|[from] ability: Drought|[of] p2a: Torkoal\n|turn|1\n|\n|t:|1700314563\n|move|p1a: Cinderace|High Jump Kick|p2a: Torkoal\n|-start|p1a: Cinderace|typechange|Fighting|[from] ability: Libero\n|-damage|p2a: Torkoal|53\/100\n|move|p2a: Torkoal|Stealth Rock|p1a: Cinderace\n|-sidestart|p1: Caden38|move: Stealth Rock\n|\n|-weather|SunnyDay|[upkeep]\n|upkeep\n|turn|2\n|\n|t:|1700314572\n|move|p1a: Cinderace|Court Change|p1a: Cinderace\n|-swapsideconditions\n|-activate|p1a: Cinderace|move: Court Change\n|move|p2a: Torkoal|Lava Plume|p1a: Cinderace\n|-damage|p1a: Cinderace|53\/100\n|-status|p1a: Cinderace|brn\n|\n|-weather|SunnyDay|[upkeep]\n|-damage|p1a: Cinderace|47\/100 brn|[from] brn\n|upkeep\n|turn|3\n|\n|t:|1700314581\n|move|p1a: Cinderace|U-turn|p2a: Torkoal\n|-resisted|p2a: Torkoal\n|-damage|p2a: Torkoal|49\/100\n|\n|t:|1700314585\n|switch|p1a: Garchomp|Garchomp, F|100\/100|[from] U-turn\n|move|p2a: Torkoal|Rapid Spin|p1a: Garchomp\n|-damage|p1a: Garchomp|93\/100\n|-boost|p2a: Torkoal|spe|1\n|-damage|p2a: Torkoal|36\/100|[from] ability: Rough Skin|[of] p1a: Garchomp\n|-sideend|p2: drag0ntamer10|Stealth Rock|[from] move: Rapid Spin|[of] p2a: Torkoal\n|\n|-weather|SunnyDay|[upkeep]\n|upkeep\n|turn|4\n|\n|t:|1700314596\n|move|p1a: Garchomp|Scale Shot|p2a: Torkoal|[miss]\n|-miss|p1a: Garchomp|p2a: Torkoal\n|move|p2a: Torkoal|Stealth Rock|p1a: Garchomp\n|-sidestart|p1: Caden38|move: Stealth Rock\n|\n|-weather|SunnyDay|[upkeep]\n|upkeep\n|turn|5\n|\n|t:|1700314604\n|switch|p2a: Hatterene|Hatterene, F|100\/100\n|move|p1a: Garchomp|Swords Dance|p1a: Garchomp\n|-boost|p1a: Garchomp|atk|2\n|\n|-weather|SunnyDay|[upkeep]\n|upkeep\n|turn|6\n|\n|t:|1700314613\n|move|p1a: Garchomp|Earthquake|p2a: Hatterene\n|-damage|p2a: Hatterene|6\/100\n|-enditem|p2a: Hatterene|Eject Button\n|\n|t:|1700314628\n|switch|p2a: Great Tusk|Great Tusk|100\/100\n|-activate|p2a: Great Tusk|ability: Protosynthesis\n|-start|p2a: Great Tusk|protosynthesisatk\n|\n|-weather|SunnyDay|[upkeep]\n|upkeep\n|turn|7\n|\n|t:|1700314637\n|move|p2a: Great Tusk|Headlong Rush|p1a: Garchomp\n|-crit|p1a: Garchomp\n|-damage|p1a: Garchomp|0 fnt\n|-unboost|p2a: Great Tusk|def|1\n|-unboost|p2a: Great Tusk|spd|1\n|-damage|p2a: Great Tusk|88\/100|[from] ability: Rough Skin|[of] p1a: Garchomp\n|faint|p1a: Garchomp\n|\n|-weather|SunnyDay|[upkeep]\n|upkeep\n|\n|t:|1700314647\n|switch|p1a: Greninja|Greninja, M|100\/100\n|-damage|p1a: Greninja|88\/100|[from] Stealth Rock\n|turn|8\n|\n|t:|1700314655\n|-end|p2a: Great Tusk|Protosynthesis|[silent]\n|switch|p2a: Walking Wake|Walking Wake|100\/100\n|-activate|p2a: Walking Wake|ability: Protosynthesis\n|-start|p2a: Walking Wake|protosynthesisspa\n|move|p1a: Greninja|Ice Beam|p2a: Walking Wake\n|-damage|p2a: Walking Wake|53\/100\n|-damage|p1a: Greninja|78\/100|[from] item: Life Orb\n|\n|-weather|none\n|-end|p2a: Walking Wake|Protosynthesis\n|upkeep\n|turn|9\n|\n|t:|1700314666\n|move|p1a: Greninja|Dark Pulse|p2a: Walking Wake\n|-damage|p2a: Walking Wake|0 fnt\n|faint|p2a: Walking Wake\n|-end|p2a: Walking Wake|Protosynthesis|[silent]\n|-ability|p1a: Greninja|Battle Bond|boost\n|-boost|p1a: Greninja|atk|1\n|-boost|p1a: Greninja|spa|1\n|-boost|p1a: Greninja|spe|1\n|-activate|p1a: Greninja|ability: Battle Bond\n|-damage|p1a: Greninja|69\/100|[from] item: Life Orb\n|\n|upkeep\n|\n|t:|1700314676\n|switch|p2a: Torkoal|Torkoal, M|36\/100\n|-weather|SunnyDay|[from] ability: Drought|[of] p2a: Torkoal\n|turn|10\n|\n|t:|1700314682\n|move|p1a: Greninja|Dark Pulse|p2a: Torkoal\n|-damage|p2a: Torkoal|0 fnt\n|faint|p2a: Torkoal\n|-damage|p1a: Greninja|59\/100|[from] item: Life Orb\n|\n|-weather|SunnyDay|[upkeep]\n|upkeep\n|\n|t:|1700314685\n|switch|p2a: Shiftry|Shiftry, M|100\/100\n|turn|11\n|\n|t:|1700314692\n|move|p2a: Shiftry|Solar Blade||[still]\n|-prepare|p2a: Shiftry|Solar Blade\n|-anim|p2a: Shiftry|Solar Blade|p1a: Greninja\n|-supereffective|p1a: Greninja\n|-damage|p1a: Greninja|0 fnt\n|faint|p1a: Greninja\n|-damage|p2a: Shiftry|91\/100|[from] item: Life Orb\n|\n|-weather|SunnyDay|[upkeep]\n|upkeep\n|\n|t:|1700314701\n|switch|p1a: Cinderace|Cinderace, F, shiny|47\/100 brn\n|turn|12\n|\n|t:|1700314713\n|move|p2a: Shiftry|Knock Off|p1a: Cinderace\n|-crit|p1a: Cinderace\n|-damage|p1a: Cinderace|0 fnt\n|-enditem|p1a: Cinderace|Heavy-Duty Boots|[from] move: Knock Off|[of] p2a: Shiftry\n|faint|p1a: Cinderace\n|-damage|p2a: Shiftry|81\/100|[from] item: Life Orb\n|\n|-weather|SunnyDay|[upkeep]\n|upkeep\n|\n|t:|1700314721\n|switch|p1a: Clefable|Clefable, F|100\/100\n|turn|13\n|\n|t:|1700314727\n|-terastallize|p2a: Shiftry|Rock\n|move|p2a: Shiftry|Solar Blade||[still]\n|-prepare|p2a: Shiftry|Solar Blade\n|-anim|p2a: Shiftry|Solar Blade|p1a: Clefable\n|-damage|p1a: Clefable|8\/100\n|-enditem|p1a: Clefable|Sitrus Berry|[eat]\n|-heal|p1a: Clefable|33\/100|[from] item: Sitrus Berry\n|-damage|p2a: Shiftry|71\/100|[from] item: Life Orb\n|move|p1a: Clefable|Draining Kiss|p2a: Shiftry\n|-damage|p2a: Shiftry|35\/100\n|-heal|p1a: Clefable|55\/100|[from] drain|[of] p2a: Shiftry\n|\n|-weather|SunnyDay|[upkeep]\n|upkeep\n|turn|14\n|\n|t:|1700314743\n|move|p2a: Shiftry|Solar Blade||[still]\n|-prepare|p2a: Shiftry|Solar Blade\n|-anim|p2a: Shiftry|Solar Blade|p1a: Clefable\n|-damage|p1a: Clefable|0 fnt\n|faint|p1a: Clefable\n|-damage|p2a: Shiftry|25\/100|[from] item: Life Orb\n|\n|-weather|SunnyDay|[upkeep]\n|upkeep\n|\n|t:|1700314752\n|switch|p1a: Clodsire|Clodsire, F|100\/100\n|-damage|p1a: Clodsire|94\/100|[from] Stealth Rock\n|turn|15\n|\n|t:|1700314759\n|move|p2a: Shiftry|Solar Blade||[still]\n|-prepare|p2a: Shiftry|Solar Blade\n|-anim|p2a: Shiftry|Solar Blade|p1a: Clodsire\n|-damage|p1a: Clodsire|8\/100\n|-damage|p2a: Shiftry|15\/100|[from] item: Life Orb\n|move|p1a: Clodsire|Curse|p1a: Clodsire\n|-unboost|p1a: Clodsire|spe|1\n|-boost|p1a: Clodsire|atk|1\n|-boost|p1a: Clodsire|def|1\n|\n|-weather|SunnyDay|[upkeep]\n|-heal|p1a: Clodsire|15\/100|[from] item: Leftovers\n|upkeep\n|turn|16\n|\n|t:|1700314772\n|move|p2a: Shiftry|Knock Off|p1a: Clodsire\n|-damage|p1a: Clodsire|0 fnt\n|-enditem|p1a: Clodsire|Leftovers|[from] move: Knock Off|[of] p2a: Shiftry\n|faint|p1a: Clodsire\n|-damage|p2a: Shiftry|5\/100|[from] item: Life Orb\n|\n|-weather|SunnyDay|[upkeep]\n|upkeep\n|\n|t:|1700314779\n|switch|p1a: Garganacl|Garganacl, F|100\/100\n|-damage|p1a: Garganacl|88\/100|[from] Stealth Rock\n|turn|17\n|\n|t:|1700314786\n|move|p2a: Shiftry|Solar Blade||[still]\n|-prepare|p2a: Shiftry|Solar Blade\n|-anim|p2a: Shiftry|Solar Blade|p1a: Garganacl\n|-supereffective|p1a: Garganacl\n|-damage|p1a: Garganacl|0 fnt\n|faint|p1a: Garganacl\n|-damage|p2a: Shiftry|0 fnt|[from] item: Life Orb\n|faint|p2a: Shiftry\n|\n|win|drag0ntamer10\n|raw|Caden38's rating: 1114 &rarr; <strong>1093<\/strong><br \/>(-21 for losing)\n|raw|drag0ntamer10's rating: 1169 &rarr; <strong>1190<\/strong><br \/>(+21 for winning)\n|l|\u2606Caden38\n","uploadtime":1700314803,"views":14,"p1id":"caden38","p2id":"drag0ntamer10","formatid":"gen9ou","rating":1093,"private":0,"password":""}