{"id":"gen9ou-1990141870","p1":"yomaalt","p2":"Future king of ou","format":"[Gen 9] OU","log":"|j|\u2606yomaalt\n|j|\u2606Future king of ou\n|inactive|Battle timer is ON: inactive players will automatically lose when time's up.\n|t:|1699929105\n|gametype|singles\n|player|p1|yomaalt|266|\n|player|p2|Future king of ou|alec-anime|\n|teamsize|p1|6\n|teamsize|p2|6\n|gen|9\n|tier|[Gen 9] OU\n|rated|Tournament battle\n|rule|Sleep Clause Mod: Limit one foe put to sleep\n|rule|Species Clause: Limit one of each Pok\u00e9mon\n|rule|OHKO Clause: OHKO moves are banned\n|rule|Evasion Items Clause: Evasion items are banned\n|rule|Evasion Moves Clause: Evasion moves are banned\n|rule|Endless Battle Clause: Forcing endless battles is banned\n|rule|HP Percentage Mod: HP is shown in percentages\n|clearpoke\n|poke|p1|Ting-Lu|\n|poke|p1|Zekrom|\n|poke|p1|Dondozo, M|\n|poke|p1|Gholdengo|\n|poke|p1|Kingambit, F|\n|poke|p1|Iron Moth|\n|poke|p2|Kingambit, F|\n|poke|p2|Glimmora, F|\n|poke|p2|Iron Valiant|\n|poke|p2|Kyurem-White|\n|poke|p2|Hatterene, F|\n|poke|p2|Dragonite, M|\n|teampreview\n|j| zaydapoketrainer\n|j| alfonsogutie\n|j|@Disorient\n|j| spiderkitty410\n|j| ENV inspector\n|j| Rekless_Zombie\n|j| ShiftGearKingambit\n|j| Sharkhaos\n|j| Teegrizzled\n|j| IConsumeChairs\n|c|\u2606yomaalt|why would I use shift gear gambit\/\n|l| Sharkhaos\n|c| zaydapoketrainer|someone give me an adjective\n|c| spiderkitty410|pls tell me you cooked\n|c|\u2606yomaalt|I have a sense of decency\n|c| zaydapoketrainer|school-freindly\n|j| kdsakdksa\n|j| DreadWarrior\n|j| Bad Players\n|c| kdsakdksa|future king of ou\n|c| spiderkitty410|heat\n|c| ENV inspector|future of ou king that better be obliv wing  dragonite or sum\n|c| kdsakdksa|you are actually smart\n|c|\u2606yomaalt|i forgot to cook\n|inactive|yomaalt has 120 seconds left.\n|c| ShiftGearKingambit|Cosmic power dondozo is broken\n|c| kdsakdksa|choice specs kyurem white\n|j|+cromagnet\n|c| zaydapoketrainer|bro\n|\n|t:|1699929146\n|start\n|switch|p1a: Ting-Lu|Ting-Lu|100\/100\n|switch|p2a: Glimmora|Glimmora, F|100\/100\n|-ability|p1a: Ting-Lu|Vessel of Ruin\n|turn|1\n|c|+cromagnet|go Future king of ou!\n|c| zaydapoketrainer|this guy can just\n|c| zaydapoketrainer|lead dengo and win\n|c|\u2606yomaalt|wait\n|c| zaydapoketrainer|lmao\n|c| DreadWarrior|watch this bellydrum rq\n|c|\u2606yomaalt|it's future king of OU\n|c|\u2606yomaalt|damn\n|c| alfonsogutie|go yomaalt\n|\n|t:|1699929165\n|move|p2a: Glimmora|Stealth Rock|p1a: Ting-Lu\n|-sidestart|p1: yomaalt|move: Stealth Rock\n|move|p1a: Ting-Lu|Ceaseless Edge|p2a: Glimmora\n|-damage|p2a: Glimmora|72\/100\n|-activate|p2a: Glimmora|ability: Toxic Debris\n|-sidestart|p1: yomaalt|move: Toxic Spikes\n|-sidestart|p2: Future king of ou|Spikes\n|\n|upkeep\n|turn|2\n|c|\u2606yomaalt|nah bro the ting isn't BD or nun\n|c| zaydapoketrainer|should be\n|c|\u2606yomaalt|just your average ting set\n|\n|t:|1699929175\n|move|p2a: Glimmora|Shell Smash|p2a: Glimmora\n|-unboost|p2a: Glimmora|def|1\n|-unboost|p2a: Glimmora|spd|1\n|-boost|p2a: Glimmora|atk|2\n|-boost|p2a: Glimmora|spa|2\n|-boost|p2a: Glimmora|spe|2\n|move|p1a: Ting-Lu|Rapid Spin|p2a: Glimmora\n|-resisted|p2a: Glimmora\n|-damage|p2a: Glimmora|61\/100\n|-boost|p1a: Ting-Lu|spe|1\n|-activate|p2a: Glimmora|ability: Toxic Debris\n|-sidestart|p1: yomaalt|move: Toxic Spikes\n|-sideend|p1: yomaalt|Toxic Spikes|[from] move: Rapid Spin|[of] p1a: Ting-Lu\n|-sideend|p1: yomaalt|Stealth Rock|[from] move: Rapid Spin|[of] p1a: Ting-Lu\n|\n|upkeep\n|turn|3\n|c| zaydapoketrainer|KBOKBOBOP\n|c| spiderkitty410|HE COOKED\n|c| zaydapoketrainer|OH\n|c| ENV inspector|based glim\n|c|\u2606yomaalt|oh he knows the glimm tech\n|c| zaydapoketrainer|OH SHIT IT HAPPENED\n|\n|t:|1699929186\n|move|p2a: Glimmora|Energy Ball|p1a: Ting-Lu\n|-supereffective|p1a: Ting-Lu\n|-damage|p1a: Ting-Lu|49\/100\n|move|p1a: Ting-Lu|Ceaseless Edge|p2a: Glimmora\n|-damage|p2a: Glimmora|20\/100\n|-activate|p2a: Glimmora|ability: Toxic Debris\n|-sidestart|p1: yomaalt|move: Toxic Spikes\n|-sidestart|p2: Future king of ou|Spikes\n|\n|-heal|p1a: Ting-Lu|55\/100|[from] item: Leftovers\n|upkeep\n|turn|4\n|c| kdsakdksa|who is hoopa-unbound against the almighty power of the truth collapsing inside the original dragon's body\n|c|\u2606yomaalt|nvm ting fucking devoured that\n|\n|t:|1699929198\n|move|p2a: Glimmora|Energy Ball|p1a: Ting-Lu\n|-supereffective|p1a: Ting-Lu\n|-damage|p1a: Ting-Lu|0 fnt\n|faint|p1a: Ting-Lu\n|\n|upkeep\n|c|\u2606yomaalt|nvm\n|c|+cromagnet|o snap\n|c| zaydapoketrainer|eater\n|c| spiderkitty410|ROLLS\n|\n|t:|1699929206\n|switch|p1a: The Honoured One.|Iron Moth|100\/100\n|-sideend|p1: yomaalt|move: Toxic Spikes|[of] p1a: The Honoured One.\n|-enditem|p1a: The Honoured One.|Booster Energy\n|-activate|p1a: The Honoured One.|ability: Quark Drive|[fromitem]\n|-start|p1a: The Honoured One.|quarkdrivespe\n|turn|5\n|c| kdsakdksa|kyurem white is the almighty spa attacker\n|\n|t:|1699929211\n|move|p2a: Glimmora|Power Gem|p1a: The Honoured One.\n|-supereffective|p1a: The Honoured One.\n|-damage|p1a: The Honoured One.|0 fnt\n|faint|p1a: The Honoured One.\n|-end|p1a: The Honoured One.|Quark Drive|[silent]\n|\n|upkeep\n|c| ShiftGearKingambit|Victory dance kingambit\n|c| Bad Players|Shell smash Glimm is broken\n|c| zaydapoketrainer|gambit no sucker\n|c| zaydapoketrainer|?\n|\n|t:|1699929219\n|switch|p1a: Kingambit|Kingambit, F|100\/100\n|-activate|p1a: Kingambit|ability: Supreme Overlord\n|-start|p1a: Kingambit|fallen2|[silent]\n|turn|6\n|c| kdsakdksa|nah nothing scary\n|\n|t:|1699929227\n|move|p2a: Glimmora|Power Gem|p1a: Kingambit\n|-resisted|p1a: Kingambit\n|-damage|p1a: Kingambit|62\/100\n|move|p1a: Kingambit|Victory Dance|p1a: Kingambit\n|-boost|p1a: Kingambit|atk|1\n|-boost|p1a: Kingambit|def|1\n|-boost|p1a: Kingambit|spe|1\n|\n|-heal|p1a: Kingambit|68\/100|[from] item: Leftovers\n|upkeep\n|turn|7\n|c| alfonsogutie|gg\n|c| zaydapoketrainer|o\n|c|\u2606yomaalt|wait it LITERALLY can't hit gambit for-\n|c|+cromagnet|o no\n|c|\u2606yomaalt|wtf\n|c| ENV inspector|WILD\n|c| zaydapoketrainer|uh\n|c| zaydapoketrainer|yeah\n|c| DreadWarrior|its over\n|\n|t:|1699929245\n|move|p2a: Glimmora|Power Gem|p1a: Kingambit\n|-resisted|p1a: Kingambit\n|-damage|p1a: Kingambit|30\/100\n|move|p1a: Kingambit|Knock Off|p2a: Glimmora\n|-damage|p2a: Glimmora|0 fnt\n|-activate|p2a: Glimmora|ability: Toxic Debris\n|-sidestart|p1: yomaalt|move: Toxic Spikes\n|-enditem|p2a: Glimmora|Focus Sash|[from] move: Knock Off|[of] p1a: Kingambit\n|faint|p2a: Glimmora\n|\n|-heal|p1a: Kingambit|37\/100|[from] item: Leftovers\n|upkeep\n|c|@Disorient|!dt Victory Dance\n|raw|<ul class=\"utilichart\"><li class=\"result\"><span class=\"col movenamecol\"><a href=\"https:\/\/dex.pokemonshowdown.com\/moves\/victorydance\">Victory Dance<\/a><\/span> <span class=\"col typecol\"><img src=\"\/\/play.pokemonshowdown.com\/sprites\/types\/Fighting.png\" alt=\"Fighting\" width=\"32\" height=\"14\"><img src=\"\/\/play.pokemonshowdown.com\/sprites\/categories\/Status.png\" alt=\"Status\" width=\"32\" height=\"14\"><\/span> <span class=\"col widelabelcol\"><em>Accuracy<\/em><br>\u2014<\/span> <span class=\"col pplabelcol\"><em>PP<\/em><br>16<\/span> <span class=\"col movedesccol\">Raises the user's Attack, Defense, Speed by 1.<\/span> <\/li><li style=\"clear:both\"><\/li><\/ul>\n|raw|<font size=\"1\"><font color=\"#686868\">Priority:<\/font> 0&nbsp;|&ThickSpace;<font color=\"#686868\">Gen:<\/font> 9&nbsp;|&ThickSpace;&#10003; Dance move&nbsp;|&ThickSpace;<font color=\"#686868\">Z-Effect:<\/font> None&nbsp;|&ThickSpace;<font color=\"#686868\">Target:<\/font> User<\/font>\n\n|c|\u2606yomaalt|me when\n|c| ShiftGearKingambit|Should've used shift gear kingambit\n|c|\u2606yomaalt|glimm hits for 38\n|\n|t:|1699929265\n|switch|p2a: Dragonite|Dragonite, M|100\/100\n|turn|8\n|c| zaydapoketrainer|its +2\n|c|\u2606yomaalt|i'm getting cooked up in here damn....\n|c| zaydapoketrainer|tbf\n|\n|t:|1699929271\n|move|p2a: Dragonite|Shell Smash|p2a: Dragonite\n|-unboost|p2a: Dragonite|def|1\n|-unboost|p2a: Dragonite|spd|1\n|-boost|p2a: Dragonite|atk|2\n|-boost|p2a: Dragonite|spa|2\n|-boost|p2a: Dragonite|spe|2\n|-enditem|p2a: Dragonite|White Herb\n|-clearnegativeboost|p2a: Dragonite|[silent]\n|move|p1a: Kingambit|Knock Off|p2a: Dragonite\n|-damage|p2a: Dragonite|65\/100\n|\n|-heal|p1a: Kingambit|43\/100|[from] item: Leftovers\n|upkeep\n|turn|9\n|c| Bad Players|He decided against shift gear Gambit because he wants to hold back\n|c| zaydapoketrainer|YO\n|c| zaydapoketrainer|YO\n|c| zaydapoketrainer|YO\n|c| zaydapoketrainer|YO\n|c| zaydapoketrainer|YO\n|c| Rekless_Zombie|cooked\n|c|\u2606yomaalt|bro stop running shell smash pls\n|c| kdsakdksa|guys ig that the amazing power of zekrom won't stand a chance against kyurem white's supreme spa attack, stats, ability, moveset and choice specs\n|c| zaydapoketrainer|oh\n|c| zaydapoketrainer|ok\n|c| ENV inspector|simple?\n|\n|t:|1699929287\n|-terastallize|p2a: Dragonite|Normal\n|move|p2a: Dragonite|Extreme Speed|p1a: Kingambit\n|-resisted|p1a: Kingambit\n|-damage|p1a: Kingambit|18\/100\n|move|p1a: Kingambit|Iron Head|p2a: Dragonite\n|-damage|p2a: Dragonite|0 fnt\n|faint|p2a: Dragonite\n|\n|-heal|p1a: Kingambit|25\/100|[from] item: Leftovers\n|upkeep\n|c| zaydapoketrainer|lol\n|c|+cromagnet|o damn\n|c| Rekless_Zombie|.....\n|\n|t:|1699929294\n|switch|p2a: Iron Valiant|Iron Valiant|100\/100\n|-damage|p2a: Iron Valiant|84\/100|[from] Spikes\n|turn|10\n|c| DreadWarrior|it did nothing\n|c| kdsakdksa|too sad for our godzilla dragon\n|\n|t:|1699929298\n|move|p2a: Iron Valiant|Moonblast|p1a: Kingambit\n|-damage|p1a: Kingambit|0 fnt\n|faint|p1a: Kingambit\n|-end|p1a: Kingambit|fallen2|[silent]\n|\n|upkeep\n|\n|t:|1699929300\n|switch|p1a: Gholdengo|Gholdengo|100\/100\n|turn|11\n|c| zaydapoketrainer|wasted\n|\n|t:|1699929304\n|move|p2a: Iron Valiant|Thunderbolt|p1a: Gholdengo\n|-damage|p1a: Gholdengo|66\/100\n|move|p1a: Gholdengo|Quiver Dance|p1a: Gholdengo\n|-boost|p1a: Gholdengo|spa|1\n|-boost|p1a: Gholdengo|spd|1\n|-boost|p1a: Gholdengo|spe|1\n|\n|-heal|p1a: Gholdengo|72\/100|[from] item: Leftovers\n|upkeep\n|turn|12\n|c|\u2606yomaalt|gambit munching on these attacks???\n|\n|t:|1699929309\n|move|p1a: Gholdengo|Quiver Dance|p1a: Gholdengo\n|-boost|p1a: Gholdengo|spa|1\n|-boost|p1a: Gholdengo|spd|1\n|-boost|p1a: Gholdengo|spe|1\n|move|p2a: Iron Valiant|Thunderbolt|p1a: Gholdengo\n|-damage|p1a: Gholdengo|56\/100\n|\n|-heal|p1a: Gholdengo|62\/100|[from] item: Leftovers\n|upkeep\n|turn|13\n|c| zaydapoketrainer|ooh?\n|\n|t:|1699929311\n|move|p1a: Gholdengo|Quiver Dance|p1a: Gholdengo\n|-boost|p1a: Gholdengo|spa|1\n|-boost|p1a: Gholdengo|spd|1\n|-boost|p1a: Gholdengo|spe|1\n|move|p2a: Iron Valiant|Thunderbolt|p1a: Gholdengo\n|-damage|p1a: Gholdengo|50\/100\n|\n|-heal|p1a: Gholdengo|57\/100|[from] item: Leftovers\n|upkeep\n|turn|14\n|c| Bad Players|That wasn't Simple Dragonite?\n|\n|t:|1699929313\n|move|p1a: Gholdengo|Quiver Dance|p1a: Gholdengo\n|-boost|p1a: Gholdengo|spa|1\n|-boost|p1a: Gholdengo|spd|1\n|-boost|p1a: Gholdengo|spe|1\n|move|p2a: Iron Valiant|Thunderbolt|p1a: Gholdengo\n|-damage|p1a: Gholdengo|46\/100\n|\n|-heal|p1a: Gholdengo|52\/100|[from] item: Leftovers\n|upkeep\n|turn|15\n|\n|t:|1699929315\n|move|p1a: Gholdengo|Quiver Dance|p1a: Gholdengo\n|-boost|p1a: Gholdengo|spa|1\n|-boost|p1a: Gholdengo|spd|1\n|-boost|p1a: Gholdengo|spe|1\n|move|p2a: Iron Valiant|Thunderbolt|p1a: Gholdengo\n|-damage|p1a: Gholdengo|42\/100\n|\n|-heal|p1a: Gholdengo|48\/100|[from] item: Leftovers\n|upkeep\n|turn|16\n|\n|t:|1699929316\n|move|p1a: Gholdengo|Quiver Dance|p1a: Gholdengo\n|-boost|p1a: Gholdengo|spa|1\n|-boost|p1a: Gholdengo|spd|1\n|-boost|p1a: Gholdengo|spe|1\n|move|p2a: Iron Valiant|Thunderbolt|p1a: Gholdengo\n|-damage|p1a: Gholdengo|40\/100\n|\n|-heal|p1a: Gholdengo|46\/100|[from] item: Leftovers\n|upkeep\n|turn|17\n|c| spiderkitty410|we dont have ability abuse\n|\n|t:|1699929322\n|move|p1a: Gholdengo|Astral Barrage|p2a: Iron Valiant\n|-damage|p2a: Iron Valiant|0 fnt\n|faint|p2a: Iron Valiant\n|-end|p2a: Iron Valiant|Quark Drive|[silent]\n|\n|-heal|p1a: Gholdengo|53\/100|[from] item: Leftovers\n|upkeep\n|c| zaydapoketrainer|recovery?\n|c|+cromagnet|risking the para\n|\n|t:|1699929326\n|switch|p2a: Kingambit|Kingambit, F|100\/100\n|-damage|p2a: Kingambit|84\/100|[from] Spikes\n|-activate|p2a: Kingambit|ability: Supreme Overlord\n|-start|p2a: Kingambit|fallen3|[silent]\n|turn|18\n|c| zaydapoketrainer|no?\n|c|\u2606yomaalt|there's ability clause\n|c| Bad Players|Oh\n|c|\u2606yomaalt|UNFORTUNATELY\n|\n|t:|1699929338\n|move|p2a: Kingambit|Sucker Punch|p1a: Gholdengo\n|-supereffective|p1a: Gholdengo\n|-damage|p1a: Gholdengo|0 fnt\n|faint|p1a: Gholdengo\n|\n|upkeep\n|c|\u2606yomaalt|i fucking forgot to run recovery\n|c| spiderkitty410|about to be ph\n|c| ENV inspector|the greed is crazy\n|\n|t:|1699929342\n|switch|p1a: Dondozo|Dondozo, M|100\/100\n|-status|p1a: Dondozo|psn\n|turn|19\n|c| zaydapoketrainer|boo\n|c| ENV inspector|para where\n|c| zaydapoketrainer|dozo bozos all over\n|c|\u2606yomaalt|this\n|c| ENV inspector|its joeover\n|c|\u2606yomaalt|this is TRUE mons bro\n|\n|t:|1699929363\n|-end|p2a: Kingambit|fallen3|[silent]\n|switch|p2a: Hatterene|Hatterene, F|100\/100\n|-damage|p2a: Hatterene|84\/100|[from] Spikes\n|move|p1a: Dondozo|Cosmic Power|p1a: Dondozo\n|-boost|p1a: Dondozo|def|1\n|-boost|p1a: Dondozo|spd|1\n|\n|-damage|p1a: Dondozo|88\/100 psn|[from] psn\n|upkeep\n|turn|20\n|c| ShiftGearKingambit|Cosmic power\n|\n|t:|1699929368\n|move|p1a: Dondozo|Cosmic Power|p1a: Dondozo\n|-boost|p1a: Dondozo|def|1\n|-boost|p1a: Dondozo|spd|1\n|move|p2a: Hatterene|Shell Smash|p2a: Hatterene\n|-unboost|p2a: Hatterene|def|1\n|-unboost|p2a: Hatterene|spd|1\n|-boost|p2a: Hatterene|atk|2\n|-boost|p2a: Hatterene|spa|2\n|-boost|p2a: Hatterene|spe|2\n|-enditem|p2a: Hatterene|White Herb\n|-clearnegativeboost|p2a: Hatterene|[silent]\n|\n|-heal|p1a: Dondozo|94\/100 psn|[from] item: Leftovers\n|-damage|p1a: Dondozo|82\/100 psn|[from] psn\n|upkeep\n|turn|21\n|\n|t:|1699929371\n|move|p2a: Hatterene|Cosmic Power|p2a: Hatterene\n|-boost|p2a: Hatterene|def|1\n|-boost|p2a: Hatterene|spd|1\n|move|p1a: Dondozo|Cosmic Power|p1a: Dondozo\n|-boost|p1a: Dondozo|def|1\n|-boost|p1a: Dondozo|spd|1\n|\n|-heal|p1a: Dondozo|88\/100 psn|[from] item: Leftovers\n|-damage|p1a: Dondozo|75\/100 psn|[from] psn\n|upkeep\n|turn|22\n|\n|t:|1699929374\n|move|p2a: Hatterene|Stored Power|p1a: Dondozo\n|-damage|p1a: Dondozo|34\/100 psn\n|move|p1a: Dondozo|Cosmic Power|p1a: Dondozo\n|-boost|p1a: Dondozo|def|1\n|-boost|p1a: Dondozo|spd|1\n|\n|-heal|p1a: Dondozo|40\/100 psn|[from] item: Leftovers\n|-damage|p1a: Dondozo|28\/100 psn|[from] psn\n|upkeep\n|turn|23\n|c| zaydapoketrainer|LOL\n|c| zaydapoketrainer|its cosmis too\n|c|+cromagnet|o damn\n|c| spiderkitty410|:\/\n|c|\u2606yomaalt|ih  shoot it's stored\n|\n|t:|1699929382\n|move|p2a: Hatterene|Stored Power|p1a: Dondozo\n|-damage|p1a: Dondozo|0 fnt\n|faint|p1a: Dondozo\n|\n|upkeep\n|\n|t:|1699929383\n|switch|p1a: Zekrom|Zekrom|100\/100\n|-ability|p1a: Zekrom|Teravolt\n|turn|24\n|c| Rekless_Zombie|stored baby\n|c|+cromagnet|full of surprises\n|c| zaydapoketrainer|bro better be\n|c| Rekless_Zombie|lfg\n|c| ENV inspector|oh damn\n|c| zaydapoketrainer|tera dark encore\n|c| zaydapoketrainer|nr\n|c| zaydapoketrainer|rn\n|c|+cromagnet|everytime you think it's over\n|c| kdsakdksa|Dudes vote: zekrom vs kyurem white\n|c| ENV inspector|ggs\n|c| kdsakdksa|who win?\n|c|+cromagnet|fkou comes back\n|c| ENV inspector|he chocked\n|c| kdsakdksa|vote\n|\n|t:|1699929398\n|-terastallize|p1a: Zekrom|Water\n|move|p1a: Zekrom|Shift Gear|p1a: Zekrom\n|-boost|p1a: Zekrom|spe|2\n|-boost|p1a: Zekrom|atk|1\n|move|p2a: Hatterene|Stored Power|p1a: Zekrom\n|-damage|p1a: Zekrom|0 fnt\n|faint|p1a: Zekrom\n|\n|win|Future king of ou\n|n|\u2606yomaalt|yomaalt\n|n|\u2606Future king of ou|futurekingofou\n|n| zaydapoketrainer|zaydapoketrainer\n|n| alfonsogutie|alfonsogutie\n|n|+Disorient|disorient\n|n| spiderkitty410|spiderkitty410\n|n| ENV inspector|envinspector\n|n| Rekless_Zombie|reklesszombie\n|n| ShiftGearKingambit|shiftgearkingambit\n|n| Teegrizzled|teegrizzled\n|n| IConsumeChairs|iconsumechairs\n|n| kdsakdksa|kdsakdksa\n|n| DreadWarrior|dreadwarrior\n|n| Bad Players|badplayers\n|n|+cromagnet|cromagnet\n|c|\u2606yomaalt|gz\n|l| spiderkitty410\n|l| Rekless_Zombie\n|l|\u2606Future king of ou\n|c| kdsakdksa|zkerom will ohko this fodder\n|c| zaydapoketrainer|gg\n|c| kdsakdksa|cmon\n|l| IConsumeChairs\n|c| kdsakdksa|NOOO\n|l|+cromagnet\n|c| kdsakdksa|WHAT\n|l| ENV inspector\n|l| zaydapoketrainer\n|c| kdsakdksa|AAA\n|l| DreadWarrior\n|c| kdsakdksa|HOW\n","uploadtime":1699929399,"views":18,"p1id":"yomaalt","p2id":"futurekingofou","formatid":"gen9ou","rating":0,"private":0,"password":""}