{"id":"gen9ou-2000447477","p1":"Ilanxxx","p2":"hotdogwil","format":"[Gen 9] OU","log":"|j|\u2606Ilanxxx\n|j|\u2606hotdogwil\n|t:|1701195613\n|gametype|singles\n|player|p1|Ilanxxx|266|1000\n|player|p2|hotdogwil|2|1000\n|teamsize|p1|6\n|teamsize|p2|6\n|gen|9\n|tier|[Gen 9] OU\n|rated|\n|rule|Sleep Clause Mod: Limit one foe put to sleep\n|rule|Species Clause: Limit one of each Pok\u00e9mon\n|rule|OHKO Clause: OHKO moves are banned\n|rule|Evasion Items Clause: Evasion items are banned\n|rule|Evasion Moves Clause: Evasion moves are banned\n|rule|Endless Battle Clause: Forcing endless battles is banned\n|rule|HP Percentage Mod: HP is shown in percentages\n|clearpoke\n|poke|p1|Cloyster, F|\n|poke|p1|Conkeldurr, M|\n|poke|p1|Vikavolt, M|\n|poke|p1|Dragonite, M|\n|poke|p1|Blissey, F|\n|poke|p1|Cinderace, M|\n|poke|p2|Kingambit, M|\n|poke|p2|Cinderace, F|\n|poke|p2|Great Tusk|\n|poke|p2|Raichu-Alola, F|\n|poke|p2|Gengar, M|\n|poke|p2|Dragonite, M|\n|teampreview\n|\n|t:|1701195630\n|start\n|switch|p1a: Blissey|Blissey, F|100\/100\n|switch|p2a: Gengar|Gengar, M|100\/100\n|turn|1\n|\n|t:|1701195640\n|move|p2a: Gengar|Shadow Ball|p1a: Blissey\n|-immune|p1a: Blissey\n|move|p1a: Blissey|Stealth Rock|p2a: Gengar\n|-sidestart|p2: hotdogwil|move: Stealth Rock\n|\n|upkeep\n|turn|2\n|\n|t:|1701195648\n|move|p2a: Gengar|Sludge Bomb|p1a: Blissey\n|-damage|p1a: Blissey|85\/100\n|move|p1a: Blissey|Substitute|p1a: Blissey\n|-start|p1a: Blissey|Substitute\n|-damage|p1a: Blissey|60\/100\n|\n|upkeep\n|turn|3\n|\n|t:|1701195660\n|switch|p2a: Cinderace|Cinderace, F|100\/100\n|-damage|p2a: Cinderace|76\/100|[from] Stealth Rock\n|move|p1a: Blissey|Calm Mind|p1a: Blissey\n|-boost|p1a: Blissey|spa|1\n|-boost|p1a: Blissey|spd|1\n|\n|upkeep\n|turn|4\n|\n|t:|1701195670\n|move|p2a: Cinderace|Pyro Ball|p1a: Blissey\n|-end|p1a: Blissey|Substitute\n|move|p1a: Blissey|Calm Mind|p1a: Blissey\n|-boost|p1a: Blissey|spa|1\n|-boost|p1a: Blissey|spd|1\n|\n|upkeep\n|turn|5\n|\n|t:|1701195679\n|move|p2a: Cinderace|High Jump Kick|p1a: Blissey\n|-start|p2a: Cinderace|typechange|Fighting|[from] ability: Libero\n|-supereffective|p1a: Blissey\n|-damage|p1a: Blissey|0 fnt\n|faint|p1a: Blissey\n|\n|upkeep\n|\n|t:|1701195687\n|switch|p1a: Dragonite|Dragonite, M|100\/100\n|turn|6\n|\n|t:|1701195696\n|move|p2a: Cinderace|Bulk Up|p2a: Cinderace\n|-boost|p2a: Cinderace|atk|1\n|-boost|p2a: Cinderace|def|1\n|move|p1a: Dragonite|Fly||[still]\n|-prepare|p1a: Dragonite|Fly\n|\n|upkeep\n|turn|7\n|\n|t:|1701195706\n|switch|p2a: Gengar|Gengar, M|100\/100\n|-damage|p2a: Gengar|88\/100|[from] Stealth Rock\n|move|p1a: Dragonite|Fly|p2a: Gengar|[from]lockedmove\n|-damage|p2a: Gengar|0 fnt\n|-start|p1a: Dragonite|Disable|Fly|[from] ability: Cursed Body|[of] p2a: Gengar\n|faint|p2a: Gengar\n|\n|upkeep\n|\n|t:|1701195715\n|switch|p2a: Cinderace|Cinderace, F|76\/100\n|-damage|p2a: Cinderace|51\/100|[from] Stealth Rock\n|turn|8\n|\n|t:|1701195723\n|move|p2a: Cinderace|Pyro Ball|p1a: Dragonite\n|-resisted|p1a: Dragonite\n|-damage|p1a: Dragonite|82\/100\n|move|p1a: Dragonite|Earthquake|p2a: Cinderace\n|-supereffective|p2a: Cinderace\n|-damage|p2a: Cinderace|0 fnt\n|faint|p2a: Cinderace\n|\n|-heal|p1a: Dragonite|88\/100|[from] item: Leftovers\n|upkeep\n|\n|t:|1701195734\n|switch|p2a: Raichu|Raichu-Alola, F|100\/100\n|-damage|p2a: Raichu|88\/100|[from] Stealth Rock\n|turn|9\n|\n|t:|1701195743\n|move|p2a: Raichu|Thunderbolt|p1a: Dragonite\n|-damage|p1a: Dragonite|47\/100\n|move|p1a: Dragonite|Earthquake|p2a: Raichu\n|-supereffective|p2a: Raichu\n|-damage|p2a: Raichu|0 fnt\n|faint|p2a: Raichu\n|\n|-heal|p1a: Dragonite|53\/100|[from] item: Leftovers\n|upkeep\n|\n|t:|1701195753\n|switch|p2a: Great Tusk|Great Tusk|100\/100\n|-damage|p2a: Great Tusk|98\/100|[from] Stealth Rock\n|-enditem|p2a: Great Tusk|Booster Energy\n|-activate|p2a: Great Tusk|ability: Protosynthesis|[fromitem]\n|-start|p2a: Great Tusk|protosynthesisatk\n|turn|10\n|\n|t:|1701195768\n|switch|p1a: Conkeldurr|Conkeldurr, M|100\/100\n|move|p2a: Great Tusk|Ice Spinner|p1a: Conkeldurr\n|-damage|p1a: Conkeldurr|64\/100\n|\n|-status|p1a: Conkeldurr|brn|[from] item: Flame Orb\n|upkeep\n|turn|11\n|\n|t:|1701195778\n|-end|p2a: Great Tusk|Protosynthesis|[silent]\n|switch|p2a: Dragonite|Dragonite, M|100\/100\n|-damage|p2a: Dragonite|76\/100|[from] Stealth Rock\n|move|p1a: Conkeldurr|Drain Punch|p2a: Dragonite\n|-resisted|p2a: Dragonite\n|-damage|p2a: Dragonite|46\/100\n|-heal|p1a: Conkeldurr|80\/100 brn|[from] drain|[of] p2a: Dragonite\n|\n|-damage|p1a: Conkeldurr|74\/100 brn|[from] brn\n|upkeep\n|turn|12\n|\n|t:|1701195791\n|move|p2a: Dragonite|Extreme Speed|p1a: Conkeldurr\n|-damage|p1a: Conkeldurr|47\/100 brn\n|move|p1a: Conkeldurr|Knock Off|p2a: Dragonite\n|-damage|p2a: Dragonite|0 fnt\n|-enditem|p2a: Dragonite|Expert Belt|[from] move: Knock Off|[of] p1a: Conkeldurr\n|faint|p2a: Dragonite\n|\n|-damage|p1a: Conkeldurr|41\/100 brn|[from] brn\n|upkeep\n|\n|t:|1701195800\n|switch|p2a: Great Tusk|Great Tusk|98\/100\n|-damage|p2a: Great Tusk|95\/100|[from] Stealth Rock\n|turn|13\n|\n|t:|1701195807\n|move|p2a: Great Tusk|Ice Spinner|p1a: Conkeldurr\n|-damage|p1a: Conkeldurr|10\/100 brn\n|move|p1a: Conkeldurr|Drain Punch|p2a: Great Tusk\n|-damage|p2a: Great Tusk|56\/100\n|-heal|p1a: Conkeldurr|28\/100 brn|[from] drain|[of] p2a: Great Tusk\n|\n|-damage|p1a: Conkeldurr|22\/100 brn|[from] brn\n|upkeep\n|turn|14\n|\n|t:|1701195818\n|move|p2a: Great Tusk|Ice Spinner|p1a: Conkeldurr\n|-damage|p1a: Conkeldurr|0 fnt\n|faint|p1a: Conkeldurr\n|\n|upkeep\n|\n|t:|1701195823\n|switch|p1a: Cloyster|Cloyster, F|100\/100\n|turn|15\n|\n|t:|1701195828\n|move|p1a: Cloyster|Ice Shard|p2a: Great Tusk\n|-supereffective|p2a: Great Tusk\n|-damage|p2a: Great Tusk|35\/100\n|move|p2a: Great Tusk|Stomping Tantrum|p1a: Cloyster\n|-damage|p1a: Cloyster|62\/100\n|\n|upkeep\n|turn|16\n|\n|t:|1701195837\n|move|p1a: Cloyster|Icicle Spear|p2a: Great Tusk\n|-supereffective|p2a: Great Tusk\n|-damage|p2a: Great Tusk|20\/100\n|-supereffective|p2a: Great Tusk\n|-damage|p2a: Great Tusk|7\/100\n|-supereffective|p2a: Great Tusk\n|-damage|p2a: Great Tusk|0 fnt\n|faint|p2a: Great Tusk\n|-end|p2a: Great Tusk|Protosynthesis|[silent]\n|-hitcount|p2: Great Tusk|3\n|\n|upkeep\n|\n|t:|1701195845\n|switch|p2a: Kingambit|Kingambit, M|100\/100\n|-damage|p2a: Kingambit|94\/100|[from] Stealth Rock\n|turn|17\n|\n|t:|1701195853\n|-terastallize|p1a: Cloyster|Rock\n|move|p1a: Cloyster|Shell Smash|p1a: Cloyster\n|-unboost|p1a: Cloyster|def|1\n|-unboost|p1a: Cloyster|spd|1\n|-boost|p1a: Cloyster|atk|2\n|-boost|p1a: Cloyster|spa|2\n|-boost|p1a: Cloyster|spe|2\n|move|p2a: Kingambit|Iron Head|p1a: Cloyster\n|-supereffective|p1a: Cloyster\n|-damage|p1a: Cloyster|0 fnt\n|faint|p1a: Cloyster\n|\n|upkeep\n|\n|t:|1701195867\n|switch|p1a: Cinderace|Cinderace, M|100\/100\n|turn|18\n|\n|t:|1701195873\n|move|p1a: Cinderace|Pyro Ball|p2a: Kingambit\n|-supereffective|p2a: Kingambit\n|-damage|p2a: Kingambit|0 fnt\n|faint|p2a: Kingambit\n|\n|win|Ilanxxx\n|raw|Ilanxxx's rating: 1000 &rarr; <strong>1040<\/strong><br \/>(+40 for winning)\n|raw|hotdogwil's rating: 1000 &rarr; <strong>1000<\/strong><br \/>(+0 for losing)\n|l|\u2606hotdogwil\n","uploadtime":1701195888,"views":7,"p1id":"ilanxxx","p2id":"hotdogwil","formatid":"gen9ou","rating":1000,"private":0,"password":""}