{"id":"gen9ou-1997571122","p1":"Not_ryuk","p2":"JogadorCaro","format":"[Gen 9] OU","log":"|j|\u2606Not_ryuk\n|j|\u2606JogadorCaro\n|t:|1700827189\n|gametype|singles\n|player|p1|Not_ryuk|volkner|1145\n|player|p2|JogadorCaro|tate|1246\n|teamsize|p1|6\n|teamsize|p2|6\n|gen|9\n|tier|[Gen 9] OU\n|rated|\n|rule|Sleep Clause Mod: Limit one foe put to sleep\n|rule|Species Clause: Limit one of each Pok\u00e9mon\n|rule|OHKO Clause: OHKO moves are banned\n|rule|Evasion Items Clause: Evasion items are banned\n|rule|Evasion Moves Clause: Evasion moves are banned\n|rule|Endless Battle Clause: Forcing endless battles is banned\n|rule|HP Percentage Mod: HP is shown in percentages\n|clearpoke\n|poke|p1|Pawmot, F|\n|poke|p1|Dragonite, M|\n|poke|p1|Amoonguss, F|\n|poke|p1|Quagsire, F|\n|poke|p1|Umbreon, M|\n|poke|p1|Iron Valiant|\n|poke|p2|Great Tusk|\n|poke|p2|Ting-Lu|\n|poke|p2|Toxapex, M|\n|poke|p2|Dragapult, M|\n|poke|p2|Iron Valiant|\n|poke|p2|Heatran, M|\n|teampreview\n|inactive|Battle timer is ON: inactive players will automatically lose when time's up. (requested by Not_ryuk)\n|\n|t:|1700827197\n|start\n|switch|p1a: Excuse me sir.|Quagsire, F, shiny|100\/100\n|switch|p2a: Cumbuca|Ting-Lu|100\/100\n|-ability|p2a: Cumbuca|Vessel of Ruin\n|turn|1\n|\n|t:|1700827203\n|move|p2a: Cumbuca|Stealth Rock|p1a: Excuse me sir.\n|-sidestart|p1: Not_ryuk|move: Stealth Rock\n|move|p1a: Excuse me sir.|Waterfall|p2a: Cumbuca\n|-supereffective|p2a: Cumbuca\n|-damage|p2a: Cumbuca|76\/100\n|\n|-heal|p2a: Cumbuca|82\/100|[from] item: Leftovers\n|upkeep\n|turn|2\n|c|\u2606JogadorCaro|SWAG\n|c|\u2606JogadorCaro|sire\n|\n|t:|1700827214\n|move|p2a: Cumbuca|Spikes|p1a: Excuse me sir.\n|-sidestart|p1: Not_ryuk|Spikes\n|move|p1a: Excuse me sir.|Yawn|p2a: Cumbuca\n|-start|p2a: Cumbuca|move: Yawn|[of] p1a: Excuse me sir.\n|\n|-heal|p2a: Cumbuca|88\/100|[from] item: Leftovers\n|upkeep\n|turn|3\n|c|\u2606Not_ryuk|lol\n|\n|t:|1700827223\n|move|p2a: Cumbuca|Spikes|p1a: Excuse me sir.\n|-sidestart|p1: Not_ryuk|Spikes\n|move|p1a: Excuse me sir.|Earthquake|p2a: Cumbuca\n|-damage|p2a: Cumbuca|70\/100\n|\n|-heal|p2a: Cumbuca|77\/100|[from] item: Leftovers\n|-end|p2a: Cumbuca|move: Yawn|[silent]\n|-status|p2a: Cumbuca|slp\n|upkeep\n|turn|4\n|\n|t:|1700827231\n|switch|p1a: Umbreon|Umbreon, M, shiny|100\/100\n|-damage|p1a: Umbreon|88\/100|[from] Stealth Rock\n|-damage|p1a: Umbreon|71\/100|[from] Spikes\n|cant|p2a: Cumbuca|slp\n|\n|-heal|p1a: Umbreon|78\/100|[from] item: Leftovers\n|-heal|p2a: Cumbuca|83\/100 slp|[from] item: Leftovers\n|upkeep\n|turn|5\n|\n|t:|1700827239\n|move|p1a: Umbreon|Dark Pulse|p2a: Cumbuca\n|-resisted|p2a: Cumbuca\n|-damage|p2a: Cumbuca|77\/100 slp\n|-curestatus|p2a: Cumbuca|slp|[msg]\n|cant|p2a: Cumbuca|flinch\n|\n|-heal|p1a: Umbreon|84\/100|[from] item: Leftovers\n|-heal|p2a: Cumbuca|83\/100|[from] item: Leftovers\n|upkeep\n|turn|6\n|\n|t:|1700827243\n|move|p1a: Umbreon|Toxic|p2a: Cumbuca\n|-status|p2a: Cumbuca|tox\n|move|p2a: Cumbuca|Spikes|p1a: Umbreon\n|-sidestart|p1: Not_ryuk|Spikes\n|\n|-heal|p1a: Umbreon|90\/100|[from] item: Leftovers\n|-heal|p2a: Cumbuca|90\/100 tox|[from] item: Leftovers\n|-damage|p2a: Cumbuca|83\/100 tox|[from] psn\n|upkeep\n|turn|7\n|c|\u2606Not_ryuk|nice setup\n|c|\u2606JogadorCaro|Thanks\n|\n|t:|1700827262\n|switch|p2a: Geladeira|Iron Valiant, shiny|100\/100\n|move|p1a: Umbreon|Wish|p1a: Umbreon\n|\n|-heal|p1a: Umbreon|96\/100|[from] item: Leftovers\n|upkeep\n|turn|8\n|\n|t:|1700827270\n|-terastallize|p1a: Umbreon|Water\n|move|p2a: Geladeira|Moonblast|p1a: Umbreon\n|-damage|p1a: Umbreon|43\/100\n|move|p1a: Umbreon|Toxic|p2a: Geladeira\n|-status|p2a: Geladeira|tox\n|\n|-heal|p1a: Umbreon|93\/100|[from] move: Wish|[wisher] Umbreon\n|-heal|p1a: Umbreon|99\/100|[from] item: Leftovers\n|-damage|p2a: Geladeira|94\/100 tox|[from] psn\n|upkeep\n|turn|9\n|\n|t:|1700827281\n|-end|p2a: Geladeira|Quark Drive|[silent]\n|switch|p2a: Muralhasakibara|Toxapex, M|100\/100\n|move|p1a: Umbreon|Dark Pulse|p2a: Muralhasakibara\n|-damage|p2a: Muralhasakibara|80\/100\n|\n|-heal|p1a: Umbreon|100\/100|[from] item: Leftovers\n|-heal|p2a: Muralhasakibara|86\/100|[from] item: Leftovers\n|upkeep\n|turn|10\n|c|\u2606JogadorCaro|lets play toxic game\n|\n|t:|1700827296\n|switch|p1a: S U S|Amoonguss, F, shiny|100\/100\n|-damage|p1a: S U S|88\/100|[from] Stealth Rock\n|-damage|p1a: S U S|63\/100|[from] Spikes\n|switch|p2a: Geladeira|Iron Valiant, shiny|94\/100 tox\n|\n|-damage|p2a: Geladeira|88\/100 tox|[from] psn\n|upkeep\n|turn|11\n|\n|t:|1700827303\n|move|p2a: Geladeira|Psyshock|p1a: S U S\n|-supereffective|p1a: S U S\n|-damage|p1a: S U S|0 fnt\n|faint|p1a: S U S\n|\n|-damage|p2a: Geladeira|76\/100 tox|[from] psn\n|upkeep\n|\n|t:|1700827326\n|switch|p1a: Excuse me sir.|Quagsire, F, shiny|100\/100\n|-damage|p1a: Excuse me sir.|94\/100|[from] Stealth Rock\n|-damage|p1a: Excuse me sir.|70\/100|[from] Spikes\n|turn|12\n|c|\u2606Not_ryuk|sire\n|\n|t:|1700827339\n|move|p2a: Geladeira|Psyshock|p1a: Excuse me sir.\n|-damage|p1a: Excuse me sir.|44\/100\n|move|p1a: Excuse me sir.|Recover|p1a: Excuse me sir.\n|-heal|p1a: Excuse me sir.|94\/100\n|\n|-heal|p1a: Excuse me sir.|100\/100|[from] item: Leftovers\n|-damage|p2a: Geladeira|57\/100 tox|[from] psn\n|upkeep\n|turn|13\n|\n|t:|1700827348\n|-end|p2a: Geladeira|Quark Drive|[silent]\n|switch|p2a: Dragaputo|Dragapult, M|100\/100\n|move|p1a: Excuse me sir.|Earthquake|p2a: Dragaputo\n|-damage|p2a: Dragaputo|58\/100\n|\n|upkeep\n|turn|14\n|\n|t:|1700827354\n|move|p2a: Dragaputo|Phantom Force||[still]\n|-prepare|p2a: Dragaputo|Phantom Force\n|move|p1a: Excuse me sir.|Yawn|p2a: Dragaputo|[miss]\n|-miss|p1a: Excuse me sir.|p2a: Dragaputo\n|\n|upkeep\n|turn|15\n|\n|t:|1700827359\n|move|p2a: Dragaputo|Phantom Force|p1a: Excuse me sir.|[from]lockedmove\n|-damage|p1a: Excuse me sir.|56\/100\n|move|p1a: Excuse me sir.|Earthquake|p2a: Dragaputo\n|-damage|p2a: Dragaputo|15\/100\n|\n|-heal|p1a: Excuse me sir.|62\/100|[from] item: Leftovers\n|upkeep\n|turn|16\n|c|\u2606JogadorCaro|missclick\n|c|\u2606Not_ryuk|i see\n|c|\u2606JogadorCaro|but ou have Swag\n|\n|t:|1700827375\n|move|p2a: Dragaputo|Phantom Force||[still]\n|-prepare|p2a: Dragaputo|Phantom Force\n|move|p1a: Excuse me sir.|Recover|p1a: Excuse me sir.\n|-heal|p1a: Excuse me sir.|100\/100\n|\n|upkeep\n|turn|17\n|\n|t:|1700827380\n|move|p2a: Dragaputo|Phantom Force|p1a: Excuse me sir.|[from]lockedmove\n|-damage|p1a: Excuse me sir.|56\/100\n|move|p1a: Excuse me sir.|Earthquake|p2a: Dragaputo\n|-damage|p2a: Dragaputo|0 fnt\n|faint|p2a: Dragaputo\n|\n|-heal|p1a: Excuse me sir.|62\/100|[from] item: Leftovers\n|upkeep\n|\n|t:|1700827387\n|switch|p2a: Geladeira|Iron Valiant, shiny|57\/100 tox\n|turn|18\n|\n|t:|1700827391\n|move|p2a: Geladeira|Moonblast|p1a: Excuse me sir.\n|-damage|p1a: Excuse me sir.|0 fnt\n|faint|p1a: Excuse me sir.\n|\n|-damage|p2a: Geladeira|51\/100 tox|[from] psn\n|upkeep\n|\n|t:|1700827402\n|switch|p1a: Umbreon|Umbreon, M, shiny, tera:Water|100\/100\n|-damage|p1a: Umbreon|88\/100|[from] Stealth Rock\n|-damage|p1a: Umbreon|63\/100|[from] Spikes\n|turn|19\n|\n|t:|1700827408\n|-end|p2a: Geladeira|Quark Drive|[silent]\n|switch|p2a: Cumbuca|Ting-Lu|83\/100 tox\n|-ability|p2a: Cumbuca|Vessel of Ruin\n|move|p1a: Umbreon|Protect||[still]\n|-fail|p1a: Umbreon\n|\n|-heal|p1a: Umbreon|69\/100|[from] item: Leftovers\n|-heal|p2a: Cumbuca|90\/100 tox|[from] item: Leftovers\n|-damage|p2a: Cumbuca|83\/100 tox|[from] psn\n|upkeep\n|turn|20\n|\n|t:|1700827414\n|move|p1a: Umbreon|Wish|p1a: Umbreon\n|move|p2a: Cumbuca|Whirlwind|p1a: Umbreon\n|drag|p1a: Electivire 2.0|Pawmot, F, shiny|100\/100\n|-damage|p1a: Electivire 2.0|94\/100|[from] Stealth Rock\n|-damage|p1a: Electivire 2.0|70\/100|[from] Spikes\n|\n|-heal|p2a: Cumbuca|90\/100 tox|[from] item: Leftovers\n|-damage|p2a: Cumbuca|77\/100 tox|[from] psn\n|upkeep\n|turn|21\n|\n|t:|1700827426\n|move|p1a: Electivire 2.0|Close Combat|p2a: Cumbuca\n|-supereffective|p2a: Cumbuca\n|-damage|p2a: Cumbuca|8\/100 tox\n|-unboost|p1a: Electivire 2.0|def|1\n|-unboost|p1a: Electivire 2.0|spd|1\n|move|p2a: Cumbuca|Earthquake|p1a: Electivire 2.0\n|-supereffective|p1a: Electivire 2.0\n|-damage|p1a: Electivire 2.0|0 fnt\n|faint|p1a: Electivire 2.0\n|\n|-heal|p2a: Cumbuca|14\/100 tox|[from] item: Leftovers\n|-damage|p2a: Cumbuca|0 fnt|[from] psn\n|faint|p2a: Cumbuca\n|upkeep\n|\n|t:|1700827443\n|switch|p1a: Umbreon|Umbreon, M, shiny, tera:Water|69\/100\n|switch|p2a: Geladeira|Iron Valiant, shiny|51\/100 tox\n|-damage|p1a: Umbreon|57\/100|[from] Stealth Rock\n|-damage|p1a: Umbreon|32\/100|[from] Spikes\n|turn|22\n|\n|t:|1700827449\n|move|p1a: Umbreon|Protect|p1a: Umbreon\n|-singleturn|p1a: Umbreon|Protect\n|move|p2a: Geladeira|Moonblast|p1a: Umbreon\n|-activate|p1a: Umbreon|move: Protect\n|\n|-heal|p1a: Umbreon|38\/100|[from] item: Leftovers\n|-damage|p2a: Geladeira|44\/100 tox|[from] psn\n|upkeep\n|turn|23\n|\n|t:|1700827455\n|move|p2a: Geladeira|Moonblast|p1a: Umbreon\n|-damage|p1a: Umbreon|0 fnt\n|faint|p1a: Umbreon\n|\n|-damage|p2a: Geladeira|32\/100 tox|[from] psn\n|upkeep\n|\n|t:|1700827459\n|switch|p1a: BUFF|Dragonite, M, shiny|100\/100\n|-damage|p1a: BUFF|75\/100|[from] Stealth Rock\n|turn|24\n|\n|t:|1700827463\n|-terastallize|p2a: Geladeira|Ghost\n|move|p1a: BUFF|Extreme Speed|p2a: Geladeira\n|-immune|p2a: Geladeira\n|move|p2a: Geladeira|Moonblast|p1a: BUFF\n|-supereffective|p1a: BUFF\n|-damage|p1a: BUFF|0 fnt\n|faint|p1a: BUFF\n|\n|-damage|p2a: Geladeira|13\/100 tox|[from] psn\n|upkeep\n|c|\u2606Not_ryuk|noooooo\n|\n|t:|1700827471\n|switch|p1a: Iron Valiant|Iron Valiant, shiny|100\/100\n|-damage|p1a: Iron Valiant|94\/100|[from] Stealth Rock\n|-damage|p1a: Iron Valiant|70\/100|[from] Spikes\n|turn|25\n|c|\u2606Not_ryuk|nice\n|\n|t:|1700827477\n|move|p2a: Geladeira|Moonblast|p1a: Iron Valiant\n|-supereffective|p1a: Iron Valiant\n|-crit|p1a: Iron Valiant\n|-damage|p1a: Iron Valiant|0 fnt\n|faint|p1a: Iron Valiant\n|-end|p1a: Iron Valiant|Quark Drive|[silent]\n|\n|win|JogadorCaro\n|raw|Not_ryuk's rating: 1145 &rarr; <strong>1127<\/strong><br \/>(-18 for losing)\n|raw|JogadorCaro's rating: 1246 &rarr; <strong>1264<\/strong><br \/>(+18 for winning)\n|c|\u2606JogadorCaro|gotcha\n|c|\u2606JogadorCaro|gg dude\n|c|\u2606Not_ryuk|ggs'\n|l|\u2606Not_ryuk\n","uploadtime":1700827615,"views":4,"p1id":"notryuk","p2id":"jogadorcaro","formatid":"gen9ou","rating":1127,"private":0,"password":""}