{"id":"gen9ou-1991678168","p1":"SirBoogerBrain","p2":"kadomatsu","format":"[Gen 9] OU","log":"|j|\u2606SirBoogerBrain\n|j|\u2606kadomatsu\n|t:|1700101645\n|gametype|singles\n|player|p1|SirBoogerBrain|burglar-gen2|\n|player|p2|kadomatsu|leaf-masters|\n|teamsize|p1|6\n|teamsize|p2|6\n|gen|9\n|tier|[Gen 9] OU\n|rule|Sleep Clause Mod: Limit one foe put to sleep\n|rule|Species Clause: Limit one of each Pok\u00e9mon\n|rule|OHKO Clause: OHKO moves are banned\n|rule|Evasion Items Clause: Evasion items are banned\n|rule|Evasion Moves Clause: Evasion moves are banned\n|rule|Endless Battle Clause: Forcing endless battles is banned\n|rule|HP Percentage Mod: HP is shown in percentages\n|clearpoke\n|poke|p1|Garganacl, F|\n|poke|p1|Mandibuzz, F|\n|poke|p1|Slowking-Galar, M|\n|poke|p1|Dragapult, M|\n|poke|p1|Cloyster, M|\n|poke|p1|Manaphy|\n|poke|p2|Walking Wake|\n|poke|p2|Torkoal, F|\n|poke|p2|Victreebel, M|\n|poke|p2|Espeon, F|\n|poke|p2|Samurott-Hisui, F|\n|poke|p2|Zapdos|\n|teampreview\n|inactive|Battle timer is ON: inactive players will automatically lose when time's up. (requested by SirBoogerBrain)\n|j| Dr. Wu Tomoki\n|j| TheKingoftheCucks\n|inactive|kadomatsu has 270 seconds left.\n|inactive|SirBoogerBrain has 270 seconds left.\n|\n|t:|1700101696\n|start\n|switch|p1a: Granular|Manaphy|100\/100\n|switch|p2a: Samurott|Samurott-Hisui, F|100\/100\n|turn|1\n|\n|t:|1700101713\n|move|p1a: Granular|Acid Armor|p1a: Granular\n|-boost|p1a: Granular|def|2\n|move|p2a: Samurott|Ceaseless Edge|p1a: Granular\n|-damage|p1a: Granular|81\/100\n|-sidestart|p1: SirBoogerBrain|Spikes\n|\n|-heal|p1a: Granular|87\/100|[from] item: Leftovers\n|upkeep\n|turn|2\n|j| Seath511\n|inactive|kadomatsu has 270 seconds left.\n|\n|t:|1700101740\n|move|p1a: Granular|Take Heart|p1a: Granular\n|-boost|p1a: Granular|spa|1\n|-boost|p1a: Granular|spd|1\n|move|p2a: Samurott|Taunt|p1a: Granular\n|-start|p1a: Granular|move: Taunt\n|\n|-heal|p1a: Granular|93\/100|[from] item: Leftovers\n|upkeep\n|turn|3\n|inactive|kadomatsu has 270 seconds left.\n|inactive|kadomatsu has 240 seconds left.\n|\n|t:|1700101785\n|switch|p2a: Zapdos|Zapdos|100\/100\n|move|p1a: Granular|Scald|p2a: Zapdos\n|-damage|p2a: Zapdos|52\/100\n|-status|p2a: Zapdos|brn\n|\n|-heal|p1a: Granular|99\/100|[from] item: Leftovers\n|-damage|p2a: Zapdos|46\/100 brn|[from] brn\n|upkeep\n|turn|4\n|inactive|kadomatsu has 240 seconds left.\n|c| Seath511|its fuckin over\n|\n|t:|1700101803\n|move|p2a: Zapdos|Discharge|p1a: Granular\n|-supereffective|p1a: Granular\n|-crit|p1a: Granular\n|-damage|p1a: Granular|0 fnt\n|faint|p1a: Granular\n|\n|-damage|p2a: Zapdos|39\/100 brn|[from] brn\n|upkeep\n|\n|t:|1700101828\n|switch|p1a: Krakatoa|Garganacl, F|100\/100\n|-damage|p1a: Krakatoa|88\/100|[from] Spikes\n|turn|5\n|inactive|kadomatsu has 240 seconds left.\n|j| Apezilla\n|\n|t:|1700101846\n|move|p2a: Zapdos|Volt Switch|p1a: Krakatoa\n|-damage|p1a: Krakatoa|65\/100\n|\n|t:|1700101856\n|switch|p2a: Samurott|Samurott-Hisui, F|100\/100|[from] Volt Switch\n|move|p1a: Krakatoa|Salt Cure|p2a: Samurott\n|-damage|p2a: Samurott|83\/100\n|-start|p2a: Samurott|Salt Cure\n|\n|-heal|p1a: Krakatoa|71\/100|[from] item: Leftovers\n|-damage|p2a: Samurott|58\/100|[from] Salt Cure\n|upkeep\n|turn|6\n|\n|t:|1700101885\n|move|p1a: Krakatoa|Protect|p1a: Krakatoa\n|-singleturn|p1a: Krakatoa|Protect\n|move|p2a: Samurott|Taunt|p1a: Krakatoa\n|-activate|p1a: Krakatoa|move: Protect\n|\n|-heal|p1a: Krakatoa|77\/100|[from] item: Leftovers\n|-damage|p2a: Samurott|33\/100|[from] Salt Cure\n|upkeep\n|turn|7\n|inactive|kadomatsu has 210 seconds left.\n|\n|t:|1700101911\n|switch|p2a: Torkoal|Torkoal, F|100\/100\n|-weather|SunnyDay|[from] ability: Drought|[of] p2a: Torkoal\n|move|p1a: Krakatoa|Salt Cure|p2a: Torkoal\n|-supereffective|p2a: Torkoal\n|-damage|p2a: Torkoal|84\/100\n|-start|p2a: Torkoal|Salt Cure\n|\n|-weather|SunnyDay|[upkeep]\n|-heal|p1a: Krakatoa|83\/100|[from] item: Leftovers\n|-damage|p2a: Torkoal|72\/100|[from] Salt Cure\n|upkeep\n|turn|8\n|inactive|kadomatsu has 210 seconds left.\n|inactive|kadomatsu has 180 seconds left.\n|\n|t:|1700101957\n|move|p1a: Krakatoa|Salt Cure|p2a: Torkoal\n|-supereffective|p2a: Torkoal\n|-damage|p2a: Torkoal|56\/100\n|move|p2a: Torkoal|Stealth Rock|p1a: Krakatoa\n|-sidestart|p1: SirBoogerBrain|move: Stealth Rock\n|\n|-weather|SunnyDay|[upkeep]\n|-heal|p1a: Krakatoa|90\/100|[from] item: Leftovers\n|-damage|p2a: Torkoal|43\/100|[from] Salt Cure\n|upkeep\n|turn|9\n|inactive|kadomatsu has 150 seconds left.\n|\n|t:|1700101995\n|switch|p2a: Espeon|Espeon, F|100\/100\n|move|p1a: Krakatoa|Salt Cure|p2a: Espeon\n|-damage|p2a: Espeon|81\/100\n|-start|p2a: Espeon|Salt Cure\n|\n|-weather|SunnyDay|[upkeep]\n|-heal|p2a: Espeon|87\/100|[from] item: Leftovers\n|-heal|p1a: Krakatoa|96\/100|[from] item: Leftovers\n|-damage|p2a: Espeon|75\/100|[from] Salt Cure\n|upkeep\n|turn|10\n|inactive|kadomatsu has 150 seconds left.\n|\n|t:|1700102007\n|move|p2a: Espeon|Wish|p2a: Espeon\n|move|p1a: Krakatoa|Salt Cure|p2a: Espeon\n|-damage|p2a: Espeon|53\/100\n|\n|-weather|SunnyDay|[upkeep]\n|-heal|p2a: Espeon|60\/100|[from] item: Leftovers\n|-heal|p1a: Krakatoa|100\/100|[from] item: Leftovers\n|-damage|p2a: Espeon|47\/100|[from] Salt Cure\n|upkeep\n|turn|11\n|inactive|kadomatsu has 150 seconds left.\n|\n|t:|1700102016\n|move|p2a: Espeon|Calm Mind|p2a: Espeon\n|-boost|p2a: Espeon|spa|1\n|-boost|p2a: Espeon|spd|1\n|move|p1a: Krakatoa|Salt Cure|p2a: Espeon\n|-damage|p2a: Espeon|25\/100\n|\n|-weather|SunnyDay|[upkeep]\n|-heal|p2a: Espeon|75\/100|[from] move: Wish|[wisher] Espeon\n|-heal|p2a: Espeon|81\/100|[from] item: Leftovers\n|-damage|p2a: Espeon|69\/100|[from] Salt Cure\n|upkeep\n|turn|12\n|inactive|kadomatsu has 150 seconds left.\n|\n|t:|1700102030\n|switch|p1a: Krackadolt|Dragapult, M|100\/100\n|-damage|p1a: Krackadolt|88\/100|[from] Spikes\n|-damage|p1a: Krackadolt|76\/100|[from] Stealth Rock\n|move|p2a: Espeon|Wish|p2a: Espeon\n|\n|-weather|SunnyDay|[upkeep]\n|-heal|p2a: Espeon|75\/100|[from] item: Leftovers\n|-damage|p2a: Espeon|63\/100|[from] Salt Cure\n|upkeep\n|turn|13\n|inactive|kadomatsu has 150 seconds left.\n|\n|t:|1700102058\n|-terastallize|p2a: Espeon|Fairy\n|move|p1a: Krackadolt|Dragon Darts|p2a: Espeon\n|-immune|p2a: Espeon\n|move|p2a: Espeon|Draining Kiss|p1a: Krackadolt\n|-supereffective|p1a: Krackadolt\n|-damage|p1a: Krackadolt|0 fnt\n|-heal|p2a: Espeon|100\/100|[from] drain|[of] p1a: Krackadolt\n|faint|p1a: Krackadolt\n|\n|-weather|SunnyDay|[upkeep]\n|-damage|p2a: Espeon|88\/100|[from] Salt Cure\n|upkeep\n|\n|t:|1700102076\n|switch|p1a: Smart Dog|Slowking-Galar, M|100\/100\n|-damage|p1a: Smart Dog|88\/100|[from] Spikes\n|-damage|p1a: Smart Dog|76\/100|[from] Stealth Rock\n|turn|14\n|\n|t:|1700102085\n|move|p2a: Espeon|Wish|p2a: Espeon\n|move|p1a: Smart Dog|Sludge Bomb|p2a: Espeon\n|-supereffective|p2a: Espeon\n|-crit|p2a: Espeon\n|-damage|p2a: Espeon|0 fnt\n|faint|p2a: Espeon\n|\n|-weather|none\n|upkeep\n|\n|t:|1700102109\n|switch|p2a: Samurott|Samurott-Hisui, F|33\/100\n|turn|15\n|\n|t:|1700102118\n|switch|p1a: The Mandalorian|Mandibuzz, F|100\/100\n|move|p2a: Samurott|Ceaseless Edge|p1a: The Mandalorian\n|-resisted|p1a: The Mandalorian\n|-damage|p1a: The Mandalorian|76\/100\n|-sidestart|p1: SirBoogerBrain|Spikes\n|\n|-heal|p2a: Samurott|78\/100|[from] move: Wish|[wisher] Espeon\n|upkeep\n|turn|16\n|inactive|kadomatsu has 120 seconds left.\n|\n|t:|1700102154\n|move|p2a: Samurott|Taunt|p1a: The Mandalorian\n|-start|p1a: The Mandalorian|move: Taunt\n|cant|p1a: The Mandalorian|move: Taunt|Defog\n|\n|upkeep\n|turn|17\n|\n|t:|1700102162\n|move|p2a: Samurott|Aqua Cutter|p1a: The Mandalorian\n|-damage|p1a: The Mandalorian|30\/100\n|move|p1a: The Mandalorian|U-turn|p2a: Samurott\n|-supereffective|p2a: Samurott\n|-damage|p2a: Samurott|50\/100\n|\n|t:|1700102181\n|switch|p1a: Clamussy|Cloyster, M|100\/100|[from] U-turn\n|-damage|p1a: Clamussy|84\/100|[from] Spikes\n|-damage|p1a: Clamussy|59\/100|[from] Stealth Rock\n|\n|upkeep\n|turn|18\n|inactive|kadomatsu has 120 seconds left.\n|\n|t:|1700102221\n|move|p2a: Samurott|Taunt|p1a: Clamussy\n|-start|p1a: Clamussy|move: Taunt\n|cant|p1a: Clamussy|move: Taunt|Shell Smash\n|\n|upkeep\n|turn|19\n|\n|t:|1700102233\n|move|p2a: Samurott|Ceaseless Edge|p1a: Clamussy\n|-damage|p1a: Clamussy|8\/100\n|-sidestart|p1: SirBoogerBrain|Spikes\n|move|p1a: Clamussy|Icicle Spear|p2a: Samurott\n|-resisted|p2a: Samurott\n|-damage|p2a: Samurott|42\/100\n|-resisted|p2a: Samurott\n|-damage|p2a: Samurott|34\/100\n|-resisted|p2a: Samurott\n|-damage|p2a: Samurott|28\/100\n|-resisted|p2a: Samurott\n|-damage|p2a: Samurott|20\/100\n|-resisted|p2a: Samurott\n|-damage|p2a: Samurott|13\/100\n|-hitcount|p2a: Samurott|5\n|\n|upkeep\n|turn|20\n|\n|t:|1700102245\n|move|p2a: Samurott|Sucker Punch|p1a: Clamussy\n|-damage|p1a: Clamussy|0 fnt\n|faint|p1a: Clamussy\n|\n|upkeep\n|\n|t:|1700102256\n|switch|p1a: The Mandalorian|Mandibuzz, F|30\/100\n|turn|21\n|\n|t:|1700102271\n|move|p2a: Samurott|Aqua Cutter|p1a: The Mandalorian\n|-crit|p1a: The Mandalorian\n|-damage|p1a: The Mandalorian|0 fnt\n|faint|p1a: The Mandalorian\n|\n|upkeep\n|\n|t:|1700102275\n|switch|p1a: Krakatoa|Garganacl, F|100\/100\n|-damage|p1a: Krakatoa|76\/100|[from] Spikes\n|-damage|p1a: Krakatoa|63\/100|[from] Stealth Rock\n|turn|22\n|inactive|kadomatsu has 120 seconds left.\n|\n|t:|1700102289\n|move|p2a: Samurott|Aqua Cutter|p1a: Krakatoa\n|-supereffective|p1a: Krakatoa\n|-damage|p1a: Krakatoa|0 fnt\n|faint|p1a: Krakatoa\n|\n|upkeep\n|\n|t:|1700102290\n|switch|p1a: Smart Dog|Slowking-Galar, M|100\/100\n|-damage|p1a: Smart Dog|76\/100|[from] Spikes\n|-damage|p1a: Smart Dog|63\/100|[from] Stealth Rock\n|turn|23\n|\n|t:|1700102294\n|move|p2a: Samurott|Ceaseless Edge|p1a: Smart Dog\n|-supereffective|p1a: Smart Dog\n|-damage|p1a: Smart Dog|0 fnt\n|faint|p1a: Smart Dog\n|\n|win|kadomatsu\n|c|\u2606SirBoogerBrain|gg\n|l| TheKingoftheCucks\n","uploadtime":1700102308,"views":11,"p1id":"sirboogerbrain","p2id":"kadomatsu","formatid":"gen9ou","rating":0,"private":0,"password":""}