{"id":"gen9ou-1995727186","p1":"CafeLeBlegh","p2":"bizarman","format":"[Gen 9] OU","log":"|j|\u2606CafeLeBlegh\n|j|\u2606bizarman\n|t:|1700597530\n|gametype|singles\n|player|p1|CafeLeBlegh|waitress-gen4|1542\n|player|p2|bizarman|scientist-gen4|1609\n|teamsize|p1|6\n|teamsize|p2|6\n|gen|9\n|tier|[Gen 9] OU\n|rated|\n|rule|Sleep Clause Mod: Limit one foe put to sleep\n|rule|Species Clause: Limit one of each Pok\u00e9mon\n|rule|OHKO Clause: OHKO moves are banned\n|rule|Evasion Items Clause: Evasion items are banned\n|rule|Evasion Moves Clause: Evasion moves are banned\n|rule|Endless Battle Clause: Forcing endless battles is banned\n|rule|HP Percentage Mod: HP is shown in percentages\n|clearpoke\n|poke|p1|Hydreigon, M|\n|poke|p1|Ting-Lu|\n|poke|p1|Hatterene, F|\n|poke|p1|Greninja-*, M|\n|poke|p1|Meowscarada, F|\n|poke|p1|Gholdengo|\n|poke|p2|Ogerpon-Wellspring, F|\n|poke|p2|Tornadus-Therian, M|\n|poke|p2|Great Tusk|\n|poke|p2|Slowking-Galar, M|\n|poke|p2|Kingambit, F|\n|poke|p2|Dragapult, M|\n|teampreview\n|\n|t:|1700597552\n|start\n|switch|p1a: Gholdengo|Gholdengo|100\/100\n|switch|p2a: Tornadus|Tornadus-Therian, M|100\/100\n|turn|1\n|inactive|Battle timer is ON: inactive players will automatically lose when time's up. (requested by bizarman)\n|\n|t:|1700597557\n|move|p1a: Gholdengo|Trick|p2a: Tornadus\n|-activate|p1a: Gholdengo|move: Trick|[of] p2a: Tornadus\n|-item|p2a: Tornadus|Choice Scarf|[from] move: Trick\n|-item|p1a: Gholdengo|Heavy-Duty Boots|[from] move: Trick\n|move|p2a: Tornadus|Knock Off|p1a: Gholdengo\n|-supereffective|p1a: Gholdengo\n|-damage|p1a: Gholdengo|54\/100\n|-enditem|p1a: Gholdengo|Heavy-Duty Boots|[from] move: Knock Off|[of] p2a: Tornadus\n|\n|upkeep\n|turn|2\n|\n|t:|1700597569\n|move|p2a: Tornadus|Knock Off|p1a: Gholdengo\n|-supereffective|p1a: Gholdengo\n|-damage|p1a: Gholdengo|18\/100\n|move|p1a: Gholdengo|Recover|p1a: Gholdengo\n|-heal|p1a: Gholdengo|68\/100\n|\n|upkeep\n|turn|3\n|\n|t:|1700597580\n|switch|p2a: Kingambit|Kingambit, F|100\/100\n|move|p1a: Gholdengo|Trick|p2a: Kingambit\n|-activate|p1a: Gholdengo|move: Trick|[of] p2a: Kingambit\n|-enditem|p2a: Kingambit|Leftovers|[silent]|[from] move: Trick\n|-item|p1a: Gholdengo|Leftovers|[from] move: Trick\n|\n|-heal|p1a: Gholdengo|74\/100|[from] item: Leftovers\n|upkeep\n|turn|4\n|\n|t:|1700597593\n|switch|p1a: Ting-Lu|Ting-Lu|100\/100\n|-ability|p1a: Ting-Lu|Vessel of Ruin\n|move|p2a: Kingambit|Iron Head|p1a: Ting-Lu\n|-damage|p1a: Ting-Lu|76\/100\n|\n|upkeep\n|turn|5\n|\n|t:|1700597605\n|-end|p2a: Kingambit|fallenundefined|[silent]\n|switch|p2a: Great Tusk|Great Tusk|100\/100\n|move|p1a: Ting-Lu|Stone Edge|p2a: Great Tusk\n|-resisted|p2a: Great Tusk\n|-crit|p2a: Great Tusk\n|-damage|p2a: Great Tusk|92\/100\n|\n|-heal|p2a: Great Tusk|98\/100|[from] item: Leftovers\n|upkeep\n|turn|6\n|inactive|bizarman has 120 seconds left.\n|\n|t:|1700597637\n|switch|p1a: Hatterene|Hatterene, F|100\/100\n|move|p2a: Great Tusk|Stealth Rock|p1a: Hatterene\n|move|p1a: Hatterene|Stealth Rock|p2a: Great Tusk|[from]ability: Magic Bounce\n|-sidestart|p2: bizarman|move: Stealth Rock\n|\n|-heal|p2a: Great Tusk|100\/100|[from] item: Leftovers\n|upkeep\n|turn|7\n|\n|t:|1700597646\n|-end|p2a: Great Tusk|Protosynthesis|[silent]\n|switch|p2a: Slowking|Slowking-Galar, M|100\/100\n|move|p1a: Hatterene|Trick Room|p1a: Hatterene\n|-fieldstart|move: Trick Room|[of] p1a: Hatterene\n|\n|upkeep\n|turn|8\n|\n|t:|1700597653\n|switch|p1a: Ting-Lu|Ting-Lu|76\/100\n|-ability|p1a: Ting-Lu|Vessel of Ruin\n|move|p2a: Slowking|Sludge Bomb|p1a: Ting-Lu\n|-resisted|p1a: Ting-Lu\n|-damage|p1a: Ting-Lu|66\/100\n|\n|upkeep\n|turn|9\n|\n|t:|1700597661\n|switch|p2a: Great Tusk|Great Tusk|100\/100\n|-damage|p2a: Great Tusk|98\/100|[from] Stealth Rock\n|move|p1a: Ting-Lu|Earthquake|p2a: Great Tusk\n|-damage|p2a: Great Tusk|57\/100\n|\n|-heal|p2a: Great Tusk|63\/100|[from] item: Leftovers\n|upkeep\n|turn|10\n|\n|t:|1700597668\n|move|p1a: Ting-Lu|Earthquake|p2a: Great Tusk\n|-damage|p2a: Great Tusk|27\/100\n|move|p2a: Great Tusk|Rapid Spin|p1a: Ting-Lu\n|-damage|p1a: Ting-Lu|58\/100\n|-boost|p2a: Great Tusk|spe|1\n|-sideend|p2: bizarman|Stealth Rock|[from] move: Rapid Spin|[of] p2a: Great Tusk\n|\n|-heal|p2a: Great Tusk|33\/100|[from] item: Leftovers\n|upkeep\n|turn|11\n|\n|t:|1700597693\n|switch|p1a: Hydreigon|Hydreigon, M|100\/100\n|-end|p2a: Great Tusk|Protosynthesis|[silent]\n|switch|p2a: Tornadus|Tornadus-Therian, M|100\/100\n|\n|-fieldend|move: Trick Room\n|upkeep\n|turn|12\n|\n|t:|1700597701\n|move|p2a: Tornadus|U-turn|p1a: Hydreigon\n|-supereffective|p1a: Hydreigon\n|-damage|p1a: Hydreigon|61\/100\n|\n|t:|1700597710\n|switch|p2a: Kingambit|Kingambit, F|100\/100|[from] U-turn\n|move|p1a: Hydreigon|Nasty Plot|p1a: Hydreigon\n|-boost|p1a: Hydreigon|spa|2\n|\n|-heal|p1a: Hydreigon|67\/100|[from] item: Leftovers\n|upkeep\n|turn|13\n|\n|t:|1700597719\n|-end|p2a: Kingambit|fallenundefined|[silent]\n|switch|p2a: Tornadus|Tornadus-Therian, M|100\/100\n|move|p1a: Hydreigon|Fire Blast|p2a: Tornadus|[miss]\n|-miss|p1a: Hydreigon|p2a: Tornadus\n|\n|-heal|p1a: Hydreigon|73\/100|[from] item: Leftovers\n|upkeep\n|turn|14\n|\n|t:|1700597735\n|move|p2a: Tornadus|Bleakwind Storm|p1a: Hydreigon\n|-damage|p1a: Hydreigon|24\/100\n|move|p1a: Hydreigon|Fire Blast|p2a: Tornadus\n|-damage|p2a: Tornadus|26\/100\n|\n|-heal|p1a: Hydreigon|31\/100|[from] item: Leftovers\n|upkeep\n|turn|15\n|\n|t:|1700597744\n|switch|p1a: Gholdengo|Gholdengo|74\/100\n|move|p2a: Tornadus|Bleakwind Storm|p1a: Gholdengo\n|-resisted|p1a: Gholdengo\n|-damage|p1a: Gholdengo|52\/100\n|\n|-heal|p1a: Gholdengo|58\/100|[from] item: Leftovers\n|upkeep\n|turn|16\n|\n|t:|1700597752\n|switch|p2a: Kingambit|Kingambit, F|100\/100\n|switch|p1a: Ting-Lu|Ting-Lu|58\/100\n|-ability|p1a: Ting-Lu|Vessel of Ruin\n|\n|upkeep\n|turn|17\n|\n|t:|1700597759\n|-end|p2a: Kingambit|fallenundefined|[silent]\n|switch|p2a: Great Tusk|Great Tusk|33\/100\n|move|p1a: Ting-Lu|Earthquake|p2a: Great Tusk\n|-damage|p2a: Great Tusk|0 fnt\n|faint|p2a: Great Tusk\n|-end|p2a: Great Tusk|Protosynthesis|[silent]\n|\n|upkeep\n|\n|t:|1700597768\n|switch|p2a: Kingambit|Kingambit, F|100\/100\n|-activate|p2a: Kingambit|ability: Supreme Overlord\n|-start|p2a: Kingambit|fallen1|[silent]\n|turn|18\n|\n|t:|1700597773\n|-terastallize|p2a: Kingambit|Flying\n|move|p2a: Kingambit|Swords Dance|p2a: Kingambit\n|-boost|p2a: Kingambit|atk|2\n|move|p1a: Ting-Lu|Earthquake|p2a: Kingambit\n|-immune|p2a: Kingambit\n|\n|upkeep\n|turn|19\n|\n|t:|1700597781\n|switch|p1a: Hydreigon|Hydreigon, M|31\/100\n|move|p2a: Kingambit|Iron Head|p1a: Hydreigon\n|-damage|p1a: Hydreigon|0 fnt\n|faint|p1a: Hydreigon\n|\n|upkeep\n|\n|t:|1700597784\n|switch|p1a: Greninja|Greninja, M|100\/100\n|turn|20\n|\n|t:|1700597793\n|-end|p2a: Kingambit|fallen1|[silent]\n|switch|p2a: Slowking|Slowking-Galar, M|100\/100\n|move|p1a: Greninja|Ice Beam|p2a: Slowking\n|-start|p1a: Greninja|typechange|Ice|[from] ability: Protean\n|-damage|p2a: Slowking|69\/100\n|-damage|p1a: Greninja|91\/100|[from] item: Life Orb\n|\n|upkeep\n|turn|21\n|\n|t:|1700597804\n|switch|p1a: Meowscarada|Meowscarada, F|100\/100\n|move|p2a: Slowking|Sludge Bomb|p1a: Meowscarada\n|-supereffective|p1a: Meowscarada\n|-damage|p1a: Meowscarada|0 fnt\n|faint|p1a: Meowscarada\n|\n|upkeep\n|\n|t:|1700597808\n|switch|p1a: Ting-Lu|Ting-Lu|58\/100\n|-ability|p1a: Ting-Lu|Vessel of Ruin\n|turn|22\n|\n|t:|1700597824\n|switch|p2a: Ogerpon|Ogerpon-Wellspring, F|100\/100\n|move|p1a: Ting-Lu|Throat Chop|p2a: Ogerpon\n|-damage|p2a: Ogerpon|18\/100\n|-start|p2a: Ogerpon|Throat Chop|[silent]\n|\n|upkeep\n|turn|23\n|\n|t:|1700597836\n|switch|p1a: Gholdengo|Gholdengo|58\/100\n|move|p2a: Ogerpon|Ivy Cudgel|p1a: Gholdengo|[anim] Ivy Cudgel Water\n|-damage|p1a: Gholdengo|0 fnt\n|faint|p1a: Gholdengo\n|\n|-end|p2a: Ogerpon|Throat Chop|[silent]\n|upkeep\n|\n|t:|1700597842\n|switch|p1a: Greninja|Greninja, M|91\/100\n|turn|24\n|\n|t:|1700597848\n|switch|p2a: Slowking|Slowking-Galar, M|100\/100\n|move|p1a: Greninja|Dark Pulse|p2a: Slowking\n|-start|p1a: Greninja|typechange|Dark|[from] ability: Protean\n|-supereffective|p2a: Slowking\n|-damage|p2a: Slowking|43\/100\n|-damage|p1a: Greninja|81\/100|[from] item: Life Orb\n|\n|upkeep\n|turn|25\n|\n|t:|1700597867\n|move|p1a: Greninja|Dark Pulse|p2a: Slowking\n|-supereffective|p2a: Slowking\n|-damage|p2a: Slowking|0 fnt\n|faint|p2a: Slowking\n|-damage|p1a: Greninja|71\/100|[from] item: Life Orb\n|\n|upkeep\n|\n|t:|1700597873\n|switch|p2a: Dragapult|Dragapult, M|100\/100\n|turn|26\n|\n|t:|1700597878\n|switch|p1a: Ting-Lu|Ting-Lu|58\/100\n|-ability|p1a: Ting-Lu|Vessel of Ruin\n|move|p2a: Dragapult|U-turn|p1a: Ting-Lu\n|-supereffective|p1a: Ting-Lu\n|-damage|p1a: Ting-Lu|40\/100\n|\n|t:|1700597884\n|switch|p2a: Ogerpon|Ogerpon-Wellspring, F|18\/100|[from] U-turn\n|\n|upkeep\n|turn|27\n|\n|t:|1700597894\n|move|p2a: Ogerpon|Ivy Cudgel|p1a: Ting-Lu|[anim] Ivy Cudgel Water\n|-supereffective|p1a: Ting-Lu\n|-damage|p1a: Ting-Lu|0 fnt\n|faint|p1a: Ting-Lu\n|\n|upkeep\n|\n|t:|1700597896\n|switch|p1a: Hatterene|Hatterene, F|100\/100\n|turn|28\n|\n|t:|1700597909\n|move|p2a: Ogerpon|Ivy Cudgel|p1a: Hatterene|[anim] Ivy Cudgel Water\n|-damage|p1a: Hatterene|34\/100\n|move|p1a: Hatterene|Trick Room|p1a: Hatterene\n|-fieldstart|move: Trick Room|[of] p1a: Hatterene\n|\n|upkeep\n|turn|29\n|\n|t:|1700597919\n|move|p1a: Hatterene|Draining Kiss|p2a: Ogerpon\n|-damage|p2a: Ogerpon|0 fnt\n|-heal|p1a: Hatterene|47\/100|[from] drain|[of] p2a: Ogerpon\n|faint|p2a: Ogerpon\n|\n|upkeep\n|\n|t:|1700597926\n|switch|p2a: Kingambit|Kingambit, F, tera:Flying|100\/100\n|-activate|p2a: Kingambit|ability: Supreme Overlord\n|-start|p2a: Kingambit|fallen3|[silent]\n|turn|30\n|\n|t:|1700597932\n|move|p1a: Hatterene|Calm Mind|p1a: Hatterene\n|-boost|p1a: Hatterene|spa|1\n|-boost|p1a: Hatterene|spd|1\n|move|p2a: Kingambit|Kowtow Cleave|p1a: Hatterene\n|-damage|p1a: Hatterene|0 fnt\n|faint|p1a: Hatterene\n|\n|upkeep\n|\n|t:|1700597934\n|switch|p1a: Greninja|Greninja, M|71\/100\n|turn|31\n|\n|t:|1700597942\n|move|p2a: Kingambit|Sucker Punch|p1a: Greninja\n|-resisted|p1a: Greninja\n|-damage|p1a: Greninja|30\/100\n|move|p1a: Greninja|Ice Beam|p2a: Kingambit\n|-start|p1a: Greninja|typechange|Ice|[from] ability: Protean\n|-supereffective|p2a: Kingambit\n|-damage|p2a: Kingambit|0 fnt\n|faint|p2a: Kingambit\n|-end|p2a: Kingambit|fallen3|[silent]\n|-damage|p1a: Greninja|20\/100|[from] item: Life Orb\n|\n|upkeep\n|\n|t:|1700597954\n|switch|p2a: Tornadus|Tornadus-Therian, M|59\/100\n|turn|32\n|\n|t:|1700597957\n|move|p1a: Greninja|Ice Beam|p2a: Tornadus\n|-supereffective|p2a: Tornadus\n|-damage|p2a: Tornadus|0 fnt\n|faint|p2a: Tornadus\n|-damage|p1a: Greninja|10\/100|[from] item: Life Orb\n|\n|-fieldend|move: Trick Room\n|upkeep\n|c|\u2606bizarman|trick room greninja almost winning\n|c|\u2606bizarman|thats quite epic XD\n|\n|t:|1700597977\n|switch|p2a: Dragapult|Dragapult, M|100\/100\n|turn|33\n|\n|t:|1700597980\n|move|p2a: Dragapult|Shadow Ball|p1a: Greninja\n|-damage|p1a: Greninja|0 fnt\n|faint|p1a: Greninja\n|\n|win|bizarman\n|raw|CafeLeBlegh's rating: 1542 &rarr; <strong>1526<\/strong><br \/>(-16 for losing)\n|raw|bizarman's rating: 1609 &rarr; <strong>1625<\/strong><br \/>(+16 for winning)\n|l|\u2606CafeLeBlegh\n|c|\u2606bizarman|gg\n","uploadtime":1700597994,"views":23,"p1id":"cafeleblegh","p2id":"bizarman","formatid":"gen9ou","rating":1526,"private":0,"password":""}