{"id":"gen9ou-1989127935","p1":"Optimus Optimize","p2":"hwihaljfdbadf","format":"[Gen 9] OU","log":"|j|\u2606Optimus Optimize\n|j|\u2606hwihaljfdbadf\n|t:|1699815221\n|gametype|singles\n|player|p1|Optimus Optimize|cameraman|1037\n|player|p2|hwihaljfdbadf|265|1000\n|teamsize|p1|6\n|teamsize|p2|6\n|gen|9\n|tier|[Gen 9] OU\n|rated|\n|rule|Sleep Clause Mod: Limit one foe put to sleep\n|rule|Species Clause: Limit one of each Pok\u00e9mon\n|rule|OHKO Clause: OHKO moves are banned\n|rule|Evasion Items Clause: Evasion items are banned\n|rule|Evasion Moves Clause: Evasion moves are banned\n|rule|Endless Battle Clause: Forcing endless battles is banned\n|rule|HP Percentage Mod: HP is shown in percentages\n|clearpoke\n|poke|p1|Glimmora, F|\n|poke|p1|Ogerpon-Wellspring, F|\n|poke|p1|Moltres|\n|poke|p1|Iron Valiant|\n|poke|p1|Zamazenta-*|\n|poke|p1|Kingambit, M|\n|poke|p2|Mandibuzz, F|\n|poke|p2|Jirachi|\n|poke|p2|Garchomp, F|\n|poke|p2|Slowking-Galar, M|\n|poke|p2|Ogerpon, F|\n|poke|p2|Tauros-Paldea-Aqua, M|\n|teampreview\n|inactive|Battle timer is ON: inactive players will automatically lose when time's up. (requested by Optimus Optimize)\n|\n|t:|1699815262\n|start\n|switch|p1a: Glimmora|Glimmora, F|100\/100\n|switch|p2a: Garchomp|Garchomp, F|100\/100\n|turn|1\n|\n|t:|1699815270\n|move|p1a: Glimmora|Stealth Rock|p2a: Garchomp\n|-sidestart|p2: hwihaljfdbadf|move: Stealth Rock\n|move|p2a: Garchomp|Earthquake|p1a: Glimmora\n|-supereffective|p1a: Glimmora\n|-damage|p1a: Glimmora|0 fnt\n|-activate|p1a: Glimmora|ability: Toxic Debris\n|-sidestart|p2: hwihaljfdbadf|move: Toxic Spikes\n|faint|p1a: Glimmora\n|\n|upkeep\n|\n|t:|1699815275\n|switch|p1a: Iron Valiant|Iron Valiant|100\/100\n|-enditem|p1a: Iron Valiant|Booster Energy\n|-activate|p1a: Iron Valiant|ability: Quark Drive|[fromitem]\n|-start|p1a: Iron Valiant|quarkdrivespe\n|turn|2\n|\n|t:|1699815286\n|switch|p2a: Slowking|Slowking-Galar, M|100\/100\n|-damage|p2a: Slowking|88\/100|[from] Stealth Rock\n|-sideend|p2: hwihaljfdbadf|move: Toxic Spikes|[of] p2a: Slowking\n|move|p1a: Iron Valiant|Moonblast|p2a: Slowking\n|-resisted|p2a: Slowking\n|-damage|p2a: Slowking|70\/100\n|\n|-heal|p2a: Slowking|76\/100|[from] item: Black Sludge\n|upkeep\n|turn|3\n|\n|t:|1699815296\n|move|p1a: Iron Valiant|Psyshock|p2a: Slowking\n|-crit|p2a: Slowking\n|-damage|p2a: Slowking|44\/100\n|move|p2a: Slowking|Future Sight|p1a: Iron Valiant\n|-start|p2a: Slowking|move: Future Sight\n|\n|-heal|p2a: Slowking|50\/100|[from] item: Black Sludge\n|upkeep\n|turn|4\n|\n|t:|1699815304\n|move|p1a: Iron Valiant|Encore|p2a: Slowking\n|-start|p2a: Slowking|Encore\n|move|p2a: Slowking|Future Sight||[still]\n|-fail|p2a: Slowking\n|\n|-heal|p2a: Slowking|56\/100|[from] item: Black Sludge\n|upkeep\n|turn|5\n|\n|t:|1699815320\n|-end|p1a: Iron Valiant|Quark Drive|[silent]\n|switch|p1a: Himgambit|Kingambit, M|100\/100\n|-activate|p1a: Himgambit|ability: Supreme Overlord\n|-start|p1a: Himgambit|fallen1|[silent]\n|switch|p2a: Garchomp|Garchomp, F|100\/100\n|-damage|p2a: Garchomp|94\/100|[from] Stealth Rock\n|\n|-end|p1a: Himgambit|move: Future Sight\n|-immune|p1a: Himgambit\n|-heal|p2a: Garchomp|100\/100|[from] item: Leftovers\n|upkeep\n|turn|6\n|\n|t:|1699815329\n|-end|p1a: Himgambit|fallen1|[silent]\n|switch|p1a: Moltres|Moltres|100\/100\n|move|p2a: Garchomp|Dragon Tail|p1a: Moltres|[miss]\n|-miss|p2a: Garchomp|p1a: Moltres\n|\n|upkeep\n|turn|7\n|\n|t:|1699815337\n|switch|p2a: Slowking|Slowking-Galar, M|90\/100\n|-damage|p2a: Slowking|77\/100|[from] Stealth Rock\n|move|p1a: Moltres|Will-O-Wisp|p2a: Slowking\n|-status|p2a: Slowking|brn\n|\n|-heal|p2a: Slowking|83\/100 brn|[from] item: Black Sludge\n|-damage|p2a: Slowking|77\/100 brn|[from] brn\n|upkeep\n|turn|8\n|\n|t:|1699815344\n|move|p1a: Moltres|U-turn|p2a: Slowking\n|-damage|p2a: Slowking|66\/100 brn\n|\n|t:|1699815351\n|switch|p1a: Himgambit|Kingambit, M|100\/100|[from] U-turn\n|-activate|p1a: Himgambit|ability: Supreme Overlord\n|-start|p1a: Himgambit|fallen1|[silent]\n|move|p2a: Slowking|Trick|p1a: Himgambit\n|-activate|p2a: Slowking|move: Trick|[of] p1a: Himgambit\n|-item|p1a: Himgambit|Black Sludge|[from] move: Trick\n|-item|p2a: Slowking|Black Glasses|[from] move: Trick\n|\n|-damage|p1a: Himgambit|88\/100|[from] item: Black Sludge\n|-damage|p2a: Slowking|60\/100 brn|[from] brn\n|upkeep\n|turn|9\n|\n|t:|1699815371\n|switch|p2a: Tauros|Tauros-Paldea-Aqua, M|100\/100\n|-damage|p2a: Tauros|94\/100|[from] Stealth Rock\n|-ability|p2a: Tauros|Intimidate|boost\n|-unboost|p1a: Himgambit|atk|1\n|move|p1a: Himgambit|Swords Dance|p1a: Himgambit\n|-boost|p1a: Himgambit|atk|2\n|\n|-heal|p2a: Tauros|100\/100|[from] item: Leftovers\n|-damage|p1a: Himgambit|75\/100|[from] item: Black Sludge\n|upkeep\n|turn|10\n|\n|t:|1699815396\n|move|p2a: Tauros|Raging Bull|p1a: Himgambit\n|-damage|p1a: Himgambit|51\/100\n|move|p1a: Himgambit|Kowtow Cleave|p2a: Tauros\n|-resisted|p2a: Tauros\n|-crit|p2a: Tauros\n|-damage|p2a: Tauros|60\/100\n|\n|-heal|p2a: Tauros|66\/100|[from] item: Leftovers\n|-damage|p1a: Himgambit|38\/100|[from] item: Black Sludge\n|upkeep\n|turn|11\n|\n|t:|1699815402\n|move|p1a: Himgambit|Sucker Punch|p2a: Tauros\n|-resisted|p2a: Tauros\n|-damage|p2a: Tauros|42\/100\n|move|p2a: Tauros|Body Press|p1a: Himgambit\n|-supereffective|p1a: Himgambit\n|-damage|p1a: Himgambit|0 fnt\n|faint|p1a: Himgambit\n|-end|p1a: Himgambit|fallen1|[silent]\n|\n|-heal|p2a: Tauros|49\/100|[from] item: Leftovers\n|upkeep\n|\n|t:|1699815406\n|switch|p1a: Ogerpon|Ogerpon-Wellspring, F|100\/100\n|turn|12\n|\n|t:|1699815427\n|move|p1a: Ogerpon|Power Whip|p2a: Tauros\n|-supereffective|p2a: Tauros\n|-damage|p2a: Tauros|0 fnt\n|faint|p2a: Tauros\n|\n|upkeep\n|\n|t:|1699815439\n|switch|p2a: Ogerpon|Ogerpon, F|100\/100\n|turn|13\n|\n|t:|1699815448\n|switch|p1a: Moltres|Moltres|100\/100\n|-terastallize|p2a: Ogerpon|Grass\n|detailschange|p2a: Ogerpon|Ogerpon-Teal-Tera, F, tera:Grass\n|-ability|p2a: Ogerpon|Embody Aspect (Teal)|boost\n|-boost|p2a: Ogerpon|spe|1\n|move|p2a: Ogerpon|Ivy Cudgel|p1a: Moltres\n|-resisted|p1a: Moltres\n|-damage|p1a: Moltres|86\/100\n|\n|upkeep\n|turn|14\n|\n|t:|1699815459\n|switch|p2a: Slowking|Slowking-Galar, M|94\/100 brn\n|-damage|p2a: Slowking|81\/100 brn|[from] Stealth Rock\n|move|p1a: Moltres|Flamethrower|p2a: Slowking\n|-damage|p2a: Slowking|54\/100 brn\n|\n|-damage|p2a: Slowking|48\/100 brn|[from] brn\n|upkeep\n|turn|15\n|\n|t:|1699815469\n|move|p1a: Moltres|Flamethrower|p2a: Slowking\n|-damage|p2a: Slowking|21\/100 brn\n|move|p2a: Slowking|Future Sight|p1a: Moltres\n|-start|p2a: Slowking|move: Future Sight\n|\n|-damage|p2a: Slowking|15\/100 brn|[from] brn\n|upkeep\n|turn|16\n|\n|t:|1699815475\n|switch|p2a: Garchomp|Garchomp, F|100\/100\n|-damage|p2a: Garchomp|94\/100|[from] Stealth Rock\n|move|p1a: Moltres|Flamethrower|p2a: Garchomp\n|-resisted|p2a: Garchomp\n|-damage|p2a: Garchomp|83\/100\n|\n|-heal|p2a: Garchomp|89\/100|[from] item: Leftovers\n|upkeep\n|turn|17\n|\n|t:|1699815479\n|-terastallize|p1a: Moltres|Fairy\n|move|p1a: Moltres|Will-O-Wisp|p2a: Garchomp\n|-status|p2a: Garchomp|brn\n|move|p2a: Garchomp|Dragon Tail|p1a: Moltres\n|-immune|p1a: Moltres\n|\n|-end|p1a: Moltres|move: Future Sight\n|-damage|p1a: Moltres|51\/100\n|-heal|p2a: Garchomp|95\/100 brn|[from] item: Leftovers\n|-damage|p2a: Garchomp|89\/100 brn|[from] brn\n|upkeep\n|turn|18\n|\n|t:|1699815493\n|switch|p2a: Mandibuzz|Mandibuzz, F|100\/100\n|move|p1a: Moltres|Roost|p1a: Moltres\n|-heal|p1a: Moltres|100\/100\n|\n|upkeep\n|turn|19\n|\n|t:|1699815496\n|move|p1a: Moltres|Will-O-Wisp|p2a: Mandibuzz\n|-status|p2a: Mandibuzz|brn\n|move|p2a: Mandibuzz|Defog|p1a: Moltres\n|-unboost|p1a: Moltres|evasion|1\n|-sideend|p2: hwihaljfdbadf|Stealth Rock|[from] move: Defog|[of] p2a: Mandibuzz\n|\n|-damage|p2a: Mandibuzz|94\/100 brn|[from] brn\n|upkeep\n|turn|20\n|\n|t:|1699815509\n|switch|p2a: Slowking|Slowking-Galar, M|48\/100 brn\n|move|p1a: Moltres|Flamethrower|p2a: Slowking\n|-damage|p2a: Slowking|21\/100 brn\n|\n|-damage|p2a: Slowking|15\/100 brn|[from] brn\n|upkeep\n|turn|21\n|\n|t:|1699815524\n|switch|p2a: Garchomp|Garchomp, F|89\/100 brn\n|move|p1a: Moltres|Flamethrower|p2a: Garchomp\n|-resisted|p2a: Garchomp\n|-damage|p2a: Garchomp|76\/100 brn\n|\n|-heal|p2a: Garchomp|83\/100 brn|[from] item: Leftovers\n|-damage|p2a: Garchomp|76\/100 brn|[from] brn\n|upkeep\n|turn|22\n|\n|t:|1699815529\n|move|p2a: Garchomp|Rest|p2a: Garchomp\n|-status|p2a: Garchomp|slp|[from] move: Rest\n|-heal|p2a: Garchomp|100\/100 slp|[silent]\n|move|p1a: Moltres|Flamethrower|p2a: Garchomp\n|-resisted|p2a: Garchomp\n|-damage|p2a: Garchomp|89\/100 slp\n|\n|-heal|p2a: Garchomp|95\/100 slp|[from] item: Leftovers\n|upkeep\n|turn|23\n|\n|t:|1699815535\n|switch|p1a: Ogerpon|Ogerpon-Wellspring, F|100\/100\n|cant|p2a: Garchomp|slp\n|move|p2a: Garchomp|Sleep Talk|p2a: Garchomp\n|move|p2a: Garchomp|Dragon Tail|p1a: Ogerpon|[from]move: Sleep Talk\n|-damage|p1a: Ogerpon|68\/100\n|drag|p1a: Iron Valiant|Iron Valiant|100\/100\n|\n|-heal|p2a: Garchomp|100\/100 slp|[from] item: Leftovers\n|upkeep\n|turn|24\n|\n|t:|1699815546\n|switch|p2a: Slowking|Slowking-Galar, M|48\/100 brn\n|move|p1a: Iron Valiant|Moonblast|p2a: Slowking\n|-resisted|p2a: Slowking\n|-damage|p2a: Slowking|32\/100 brn\n|\n|-damage|p2a: Slowking|26\/100 brn|[from] brn\n|upkeep\n|turn|25\n|\n|t:|1699815553\n|switch|p2a: Happy|Jirachi|100\/100\n|move|p1a: Iron Valiant|Psyshock|p2a: Happy\n|-resisted|p2a: Happy\n|-damage|p2a: Happy|94\/100\n|\n|-heal|p2a: Happy|99\/100|[from] item: Leftovers\n|upkeep\n|turn|26\n|\n|t:|1699815558\n|-end|p1a: Iron Valiant|Quark Drive|[silent]\n|switch|p1a: Moltres|Moltres, tera:Fairy|100\/100\n|move|p2a: Happy|Doom Desire|p1a: Moltres\n|-start|p2a: Happy|Doom Desire\n|\n|-heal|p2a: Happy|100\/100|[from] item: Leftovers\n|upkeep\n|turn|27\n|\n|t:|1699815569\n|move|p2a: Happy|U-turn|p1a: Moltres\n|-resisted|p1a: Moltres\n|-damage|p1a: Moltres|94\/100\n|\n|t:|1699815572\n|switch|p2a: Slowking|Slowking-Galar, M|59\/100 brn|[from] U-turn\n|move|p1a: Moltres|U-turn|p2a: Slowking\n|-damage|p2a: Slowking|48\/100 brn\n|\n|t:|1699815577\n|switch|p1a: Iron Valiant|Iron Valiant|100\/100|[from] U-turn\n|\n|-damage|p2a: Slowking|42\/100 brn|[from] brn\n|upkeep\n|turn|28\n|\n|t:|1699815582\n|move|p1a: Iron Valiant|Psyshock|p2a: Slowking\n|-damage|p2a: Slowking|23\/100 brn\n|move|p2a: Slowking|Chilly Reception|p2a: Slowking\n|-weather|Snow\n|\n|t:|1699815591\n|switch|p2a: Ogerpon|Ogerpon-Teal-Tera, F, tera:Grass|100\/100|[from] Chilly Reception\n|-ability|p2a: Ogerpon|Embody Aspect (Teal)|boost\n|-boost|p2a: Ogerpon|spe|1\n|\n|-weather|Snow|[upkeep]\n|-end|p1a: Iron Valiant|move: Doom Desire\n|-supereffective|p1a: Iron Valiant\n|-damage|p1a: Iron Valiant|0 fnt\n|faint|p1a: Iron Valiant\n|-end|p1a: Iron Valiant|Quark Drive|[silent]\n|upkeep\n|\n|t:|1699815599\n|switch|p1a: Ogerpon|Ogerpon-Wellspring, F|68\/100\n|turn|29\n|\n|t:|1699815602\n|move|p2a: Ogerpon|Ivy Cudgel|p1a: Ogerpon\n|-damage|p1a: Ogerpon|0 fnt\n|faint|p1a: Ogerpon\n|\n|-weather|Snow|[upkeep]\n|upkeep\n|-message|Optimus Optimize forfeited.\n|\n|win|hwihaljfdbadf\n|raw|Optimus Optimize's rating: 1037 &rarr; <strong>1020<\/strong><br \/>(-17 for losing)\n|raw|hwihaljfdbadf's rating: 1000 &rarr; <strong>1044<\/strong><br \/>(+44 for winning)\n|l|\u2606Optimus Optimize\n","uploadtime":1699815613,"views":27,"p1id":"optimusoptimize","p2id":"hwihaljfdbadf","formatid":"gen9ou","rating":1020,"private":0,"password":""}