{"id":"gen9ou-1989950179","p1":"Azokberserk6","p2":"yayou","format":"[Gen 9] OU","log":"|j|\u2606Azokberserk6\n|j|\u2606yayou\n|t:|1699909451\n|gametype|singles\n|player|p1|Azokberserk6|bruno|\n|player|p2|yayou|volkner|\n|teamsize|p1|6\n|teamsize|p2|6\n|gen|9\n|tier|[Gen 9] OU\n|rule|Sleep Clause Mod: Limit one foe put to sleep\n|rule|Species Clause: Limit one of each Pok\u00e9mon\n|rule|OHKO Clause: OHKO moves are banned\n|rule|Evasion Items Clause: Evasion items are banned\n|rule|Evasion Moves Clause: Evasion moves are banned\n|rule|Endless Battle Clause: Forcing endless battles is banned\n|rule|HP Percentage Mod: HP is shown in percentages\n|clearpoke\n|poke|p1|Heatran, F|\n|poke|p1|Corviknight, M|\n|poke|p1|Goodra-Hisui, M|\n|poke|p1|Kingambit, M|\n|poke|p1|Jirachi|\n|poke|p1|Gholdengo|\n|poke|p2|Kingambit, M|\n|poke|p2|Heatran, M|\n|poke|p2|Goodra-Hisui, M|\n|poke|p2|Bronzong|\n|poke|p2|Lucario, F|\n|poke|p2|Iron Treads|\n|teampreview\n|\n|t:|1699909472\n|start\n|switch|p1a: Heatran|Heatran, F, shiny|100\/100\n|switch|p2a: Lucario|Lucario, F|100\/100\n|turn|1\n|\n|t:|1699909492\n|switch|p2a: Goodra|Goodra-Hisui, M|100\/100\n|move|p1a: Heatran|Magma Storm|p2a: Goodra|[miss]\n|-miss|p1a: Heatran|p2a: Goodra\n|\n|upkeep\n|turn|2\n|\n|t:|1699909501\n|switch|p1a: Corviknight|Corviknight, M|100\/100\n|move|p2a: Goodra|Acid Armor|p2a: Goodra\n|-boost|p2a: Goodra|def|2\n|\n|upkeep\n|turn|3\n|\n|t:|1699909527\n|move|p1a: Corviknight|Body Press|p2a: Goodra\n|-supereffective|p2a: Goodra\n|-damage|p2a: Goodra|77\/100\n|-ability|p2a: Goodra|Gooey\n|-ability|p1a: Corviknight|Mirror Armor\n|-unboost|p2a: Goodra|spe|1\n|move|p2a: Goodra|Flamethrower|p1a: Corviknight\n|-supereffective|p1a: Corviknight\n|-damage|p1a: Corviknight|56\/100\n|\n|-heal|p2a: Goodra|83\/100|[from] item: Leftovers\n|upkeep\n|turn|4\n|\n|t:|1699909555\n|-terastallize|p1a: Corviknight|Water\n|move|p1a: Corviknight|Roost|p1a: Corviknight\n|-heal|p1a: Corviknight|100\/100\n|move|p2a: Goodra|Acid Armor|p2a: Goodra\n|-boost|p2a: Goodra|def|2\n|\n|-heal|p2a: Goodra|89\/100|[from] item: Leftovers\n|upkeep\n|turn|5\n|\n|t:|1699909578\n|move|p1a: Corviknight|Bulk Up|p1a: Corviknight\n|-boost|p1a: Corviknight|atk|1\n|-boost|p1a: Corviknight|def|1\n|move|p2a: Goodra|Acid Armor|p2a: Goodra\n|-boost|p2a: Goodra|def|2\n|\n|-heal|p2a: Goodra|95\/100|[from] item: Leftovers\n|upkeep\n|turn|6\n|\n|t:|1699909605\n|move|p1a: Corviknight|Bulk Up|p1a: Corviknight\n|-boost|p1a: Corviknight|atk|1\n|-boost|p1a: Corviknight|def|1\n|move|p2a: Goodra|Body Press|p1a: Corviknight\n|-damage|p1a: Corviknight|73\/100\n|-damage|p2a: Goodra|78\/100|[from] item: Rocky Helmet|[of] p1a: Corviknight\n|\n|-heal|p2a: Goodra|84\/100|[from] item: Leftovers\n|upkeep\n|turn|7\n|\n|t:|1699909617\n|move|p1a: Corviknight|Body Press|p2a: Goodra\n|-supereffective|p2a: Goodra\n|-crit|p2a: Goodra\n|-damage|p2a: Goodra|0 fnt\n|-ability|p2a: Goodra|Gooey\n|faint|p2a: Goodra\n|\n|upkeep\n|\n|t:|1699909624\n|switch|p2a: Iron Treads|Iron Treads|100\/100\n|turn|8\n|\n|t:|1699909632\n|-terastallize|p2a: Iron Treads|Electric\n|move|p2a: Iron Treads|Wild Charge|p1a: Corviknight\n|-supereffective|p1a: Corviknight\n|-crit|p1a: Corviknight\n|-damage|p1a: Corviknight|0 fnt\n|-damage|p2a: Iron Treads|84\/100|[from] item: Rocky Helmet|[of] p1a: Corviknight\n|faint|p1a: Corviknight\n|-damage|p2a: Iron Treads|62\/100|[from] Recoil\n|\n|upkeep\n|\n|t:|1699909658\n|switch|p1a: Gholdengo|Gholdengo|100\/100\n|turn|9\n|\n|t:|1699909666\n|-end|p2a: Iron Treads|Quark Drive|[silent]\n|switch|p2a: Kingambit|Kingambit, M|100\/100\n|-activate|p2a: Kingambit|ability: Supreme Overlord\n|-start|p2a: Kingambit|fallen1|[silent]\n|move|p1a: Gholdengo|Shadow Ball|p2a: Kingambit\n|-resisted|p2a: Kingambit\n|-damage|p2a: Kingambit|77\/100\n|\n|-heal|p2a: Kingambit|83\/100|[from] item: Leftovers\n|upkeep\n|turn|10\n|\n|t:|1699909685\n|switch|p1a: Goodra|Goodra-Hisui, M, shiny|100\/100\n|move|p2a: Kingambit|Kowtow Cleave|p1a: Goodra\n|-damage|p1a: Goodra|72\/100\n|-ability|p1a: Goodra|Gooey\n|-unboost|p2a: Kingambit|spe|1\n|\n|-heal|p2a: Kingambit|89\/100|[from] item: Leftovers\n|upkeep\n|turn|11\n|\n|t:|1699909702\n|-end|p2a: Kingambit|fallen1|[silent]\n|switch|p2a: Bronzong|Bronzong|100\/100\n|move|p1a: Goodra|Counter||[still]\n|-fail|p1a: Goodra\n|\n|upkeep\n|turn|12\n|\n|t:|1699909709\n|move|p1a: Goodra|Knock Off|p2a: Bronzong\n|-supereffective|p2a: Bronzong\n|-damage|p2a: Bronzong|63\/100\n|-enditem|p2a: Bronzong|Leftovers|[from] move: Knock Off|[of] p1a: Goodra\n|move|p2a: Bronzong|Stealth Rock|p1a: Goodra\n|-sidestart|p1: Azokberserk6|move: Stealth Rock\n|\n|upkeep\n|turn|13\n|\n|t:|1699909719\n|switch|p1a: Jirachi|Jirachi|100\/100\n|-damage|p1a: Jirachi|94\/100|[from] Stealth Rock\n|move|p2a: Bronzong|Iron Defense|p2a: Bronzong\n|-boost|p2a: Bronzong|def|2\n|\n|-heal|p1a: Jirachi|100\/100|[from] item: Leftovers\n|upkeep\n|turn|14\n|\n|t:|1699909730\n|move|p2a: Bronzong|Protect|p2a: Bronzong\n|-singleturn|p2a: Bronzong|Protect\n|move|p1a: Jirachi|Iron Head|p2a: Bronzong\n|-activate|p2a: Bronzong|move: Protect\n|\n|upkeep\n|turn|15\n|\n|t:|1699909737\n|move|p1a: Jirachi|U-turn|p2a: Bronzong\n|-damage|p2a: Bronzong|54\/100\n|\n|t:|1699909740\n|switch|p1a: Heatran|Heatran, F, shiny|100\/100|[from] U-turn\n|-damage|p1a: Heatran|88\/100|[from] Stealth Rock\n|move|p2a: Bronzong|Iron Defense|p2a: Bronzong\n|-boost|p2a: Bronzong|def|2\n|\n|-heal|p1a: Heatran|94\/100|[from] item: Leftovers\n|upkeep\n|turn|16\n|\n|t:|1699909750\n|switch|p2a: Heatran|Heatran, M|100\/100\n|move|p1a: Heatran|Magma Storm|p2a: Heatran\n|-start|p2a: Heatran|ability: Flash Fire\n|\n|-heal|p1a: Heatran|100\/100|[from] item: Leftovers\n|upkeep\n|turn|17\n|\n|t:|1699909759\n|move|p2a: Heatran|Earth Power|p1a: Heatran\n|-supereffective|p1a: Heatran\n|-damage|p1a: Heatran|0 fnt\n|faint|p1a: Heatran\n|\n|upkeep\n|\n|t:|1699909767\n|switch|p1a: Goodra|Goodra-Hisui, M, shiny|72\/100\n|-damage|p1a: Goodra|66\/100|[from] Stealth Rock\n|turn|18\n|\n|t:|1699909779\n|-end|p2a: Heatran|ability: Flash Fire|[silent]\n|switch|p2a: Bronzong|Bronzong|54\/100\n|move|p1a: Goodra|Knock Off|p2a: Bronzong\n|-supereffective|p2a: Bronzong\n|-damage|p2a: Bronzong|29\/100\n|\n|upkeep\n|turn|19\n|\n|t:|1699909786\n|move|p1a: Goodra|Knock Off|p2a: Bronzong\n|-supereffective|p2a: Bronzong\n|-damage|p2a: Bronzong|4\/100\n|move|p2a: Bronzong|Body Press|p1a: Goodra\n|-supereffective|p1a: Goodra\n|-damage|p1a: Goodra|38\/100\n|-ability|p1a: Goodra|Gooey\n|-unboost|p2a: Bronzong|spe|1\n|\n|upkeep\n|turn|20\n|\n|t:|1699909796\n|move|p1a: Goodra|Knock Off|p2a: Bronzong\n|-supereffective|p2a: Bronzong\n|-damage|p2a: Bronzong|0 fnt\n|faint|p2a: Bronzong\n|\n|upkeep\n|\n|t:|1699909800\n|switch|p2a: Lucario|Lucario, F|100\/100\n|turn|21\n|\n|t:|1699909812\n|switch|p1a: Gholdengo|Gholdengo|100\/100\n|-damage|p1a: Gholdengo|94\/100|[from] Stealth Rock\n|move|p2a: Lucario|Focus Blast|p1a: Gholdengo\n|-immune|p1a: Gholdengo\n|\n|upkeep\n|turn|22\n|\n|t:|1699909823\n|move|p1a: Gholdengo|Make It Rain|p2a: Lucario\n|-resisted|p2a: Lucario\n|-damage|p2a: Lucario|48\/100\n|-unboost|p1a: Gholdengo|spa|1\n|move|p2a: Lucario|Dark Pulse|p1a: Gholdengo\n|-supereffective|p1a: Gholdengo\n|-damage|p1a: Gholdengo|34\/100\n|\n|upkeep\n|turn|23\n|inactive|Battle timer is ON: inactive players will automatically lose when time's up. (requested by Azokberserk6)\n|\n|t:|1699909853\n|switch|p2a: Heatran|Heatran, M|100\/100\n|move|p1a: Gholdengo|Make It Rain|p2a: Heatran\n|-resisted|p2a: Heatran\n|-damage|p2a: Heatran|88\/100\n|-unboost|p1a: Gholdengo|spa|1\n|\n|upkeep\n|turn|24\n|\n|t:|1699909864\n|switch|p1a: Goodra|Goodra-Hisui, M, shiny|38\/100\n|-damage|p1a: Goodra|32\/100|[from] Stealth Rock\n|move|p2a: Heatran|Flamethrower|p1a: Goodra\n|-damage|p1a: Goodra|11\/100\n|\n|upkeep\n|turn|25\n|\n|t:|1699909875\n|move|p2a: Heatran|Flamethrower|p1a: Goodra\n|-damage|p1a: Goodra|0 fnt\n|faint|p1a: Goodra\n|\n|upkeep\n|\n|t:|1699909885\n|switch|p1a: Kingambit|Kingambit, M|100\/100\n|-damage|p1a: Kingambit|94\/100|[from] Stealth Rock\n|-activate|p1a: Kingambit|ability: Supreme Overlord\n|-start|p1a: Kingambit|fallen3|[silent]\n|turn|26\n|\n|t:|1699909892\n|move|p2a: Heatran|Flamethrower|p1a: Kingambit\n|-supereffective|p1a: Kingambit\n|-damage|p1a: Kingambit|19\/100\n|move|p1a: Kingambit|Kowtow Cleave|p2a: Heatran\n|-damage|p2a: Heatran|12\/100\n|-damage|p1a: Kingambit|9\/100|[from] item: Life Orb\n|\n|upkeep\n|turn|27\n|\n|t:|1699909917\n|switch|p2a: Lucario|Lucario, F|48\/100\n|move|p1a: Kingambit|Sucker Punch||[still]\n|-fail|p1a: Kingambit\n|\n|upkeep\n|turn|28\n|\n|t:|1699909924\n|move|p1a: Kingambit|Sucker Punch|p2a: Lucario\n|-resisted|p2a: Lucario\n|-damage|p2a: Lucario|0 fnt\n|faint|p2a: Lucario\n|-damage|p1a: Kingambit|0 fnt|[from] item: Life Orb\n|faint|p1a: Kingambit\n|-end|p1a: Kingambit|fallen3|[silent]\n|\n|upkeep\n|\n|t:|1699909934\n|switch|p2a: Heatran|Heatran, M|12\/100\n|switch|p1a: Jirachi|Jirachi|100\/100\n|-damage|p1a: Jirachi|94\/100|[from] Stealth Rock\n|turn|29\n|\n|t:|1699909942\n|move|p2a: Heatran|Flamethrower|p1a: Jirachi\n|-supereffective|p1a: Jirachi\n|-damage|p1a: Jirachi|6\/100\n|move|p1a: Jirachi|Iron Head|p2a: Heatran\n|-resisted|p2a: Heatran\n|-damage|p2a: Heatran|4\/100\n|\n|-heal|p1a: Jirachi|12\/100|[from] item: Leftovers\n|upkeep\n|turn|30\n|\n|t:|1699909951\n|move|p2a: Heatran|Flamethrower|p1a: Jirachi\n|-supereffective|p1a: Jirachi\n|-damage|p1a: Jirachi|0 fnt\n|faint|p1a: Jirachi\n|\n|upkeep\n|\n|t:|1699909957\n|switch|p1a: Gholdengo|Gholdengo|34\/100\n|-damage|p1a: Gholdengo|27\/100|[from] Stealth Rock\n|turn|31\n|\n|t:|1699909962\n|move|p2a: Heatran|Flamethrower|p1a: Gholdengo\n|-supereffective|p1a: Gholdengo\n|-damage|p1a: Gholdengo|0 fnt\n|faint|p1a: Gholdengo\n|\n|win|yayou\n|l|\u2606Azokberserk6\n","uploadtime":1699909972,"views":28,"p1id":"azokberserk6","p2id":"yayou","formatid":"gen9ou","rating":0,"private":0,"password":""}