{"id":"gen9ou-1989243467","p1":"Violet Mask","p2":"CalciumDW94","format":"[Gen 9] OU","log":"|j|\u2606Violet Mask\n|j|\u2606CalciumDW94\n|t:|1699827289\n|gametype|singles\n|player|p1|Violet Mask|lucian|1487\n|player|p2|CalciumDW94|silver|1478\n|teamsize|p1|6\n|teamsize|p2|6\n|gen|9\n|tier|[Gen 9] OU\n|rated|\n|rule|Sleep Clause Mod: Limit one foe put to sleep\n|rule|Species Clause: Limit one of each Pok\u00e9mon\n|rule|OHKO Clause: OHKO moves are banned\n|rule|Evasion Items Clause: Evasion items are banned\n|rule|Evasion Moves Clause: Evasion moves are banned\n|rule|Endless Battle Clause: Forcing endless battles is banned\n|rule|HP Percentage Mod: HP is shown in percentages\n|clearpoke\n|poke|p1|Toxapex, M|\n|poke|p1|Garchomp, F|\n|poke|p1|Heatran, F|\n|poke|p1|Mandibuzz, F|\n|poke|p1|Zamazenta-*|\n|poke|p1|Hoopa-Unbound|\n|poke|p2|Kingambit, F|\n|poke|p2|Iron Valiant|\n|poke|p2|Hydreigon, F|\n|poke|p2|Garganacl, F|\n|poke|p2|Rillaboom, F|\n|poke|p2|Cinderace, F|\n|teampreview\n|inactive|Battle timer is ON: inactive players will automatically lose when time's up. (requested by Violet Mask)\n|\n|t:|1699827316\n|start\n|switch|p1a: Heatran|Heatran, F|100\/100\n|switch|p2a: Cinderace|Cinderace, F|100\/100\n|turn|1\n|\n|t:|1699827321\n|move|p1a: Heatran|Protect|p1a: Heatran\n|-singleturn|p1a: Heatran|Protect\n|move|p2a: Cinderace|U-turn|p1a: Heatran\n|-start|p2a: Cinderace|typechange|Bug|[from] ability: Libero\n|-activate|p1a: Heatran|move: Protect\n|\n|upkeep\n|turn|2\n|\n|t:|1699827330\n|move|p2a: Cinderace|U-turn|p1a: Heatran\n|-resisted|p1a: Heatran\n|-damage|p1a: Heatran|93\/100\n|\n|t:|1699827337\n|switch|p2a: Hydreigon|Hydreigon, F|100\/100|[from] U-turn\n|move|p1a: Heatran|Magma Storm|p2a: Hydreigon|[miss]\n|-miss|p1a: Heatran|p2a: Hydreigon\n|\n|-heal|p1a: Heatran|99\/100|[from] item: Leftovers\n|upkeep\n|turn|3\n|\n|t:|1699827346\n|switch|p1a: Mandibuzz|Mandibuzz, F|100\/100\n|move|p2a: Hydreigon|Substitute|p2a: Hydreigon\n|-start|p2a: Hydreigon|Substitute\n|-damage|p2a: Hydreigon|76\/100\n|\n|-heal|p2a: Hydreigon|82\/100|[from] item: Leftovers\n|upkeep\n|turn|4\n|\n|t:|1699827350\n|move|p2a: Hydreigon|Nasty Plot|p2a: Hydreigon\n|-boost|p2a: Hydreigon|spa|2\n|move|p1a: Mandibuzz|Foul Play|p2a: Hydreigon\n|-resisted|p2a: Hydreigon\n|-activate|p2a: Hydreigon|move: Substitute|[damage]\n|\n|-heal|p2a: Hydreigon|88\/100|[from] item: Leftovers\n|upkeep\n|turn|5\n|\n|t:|1699827355\n|move|p2a: Hydreigon|Nasty Plot|p2a: Hydreigon\n|-boost|p2a: Hydreigon|spa|2\n|move|p1a: Mandibuzz|Foul Play|p2a: Hydreigon\n|-resisted|p2a: Hydreigon\n|-end|p2a: Hydreigon|Substitute\n|\n|-heal|p2a: Hydreigon|94\/100|[from] item: Leftovers\n|upkeep\n|turn|6\n|\n|t:|1699827361\n|switch|p1a: Zamazenta|Zamazenta|100\/100\n|-ability|p1a: Zamazenta|Dauntless Shield|boost\n|-boost|p1a: Zamazenta|def|1\n|move|p2a: Hydreigon|Substitute|p2a: Hydreigon\n|-start|p2a: Hydreigon|Substitute\n|-damage|p2a: Hydreigon|69\/100\n|\n|-heal|p2a: Hydreigon|75\/100|[from] item: Leftovers\n|upkeep\n|turn|7\n|\n|t:|1699827366\n|-terastallize|p2a: Hydreigon|Poison\n|move|p1a: Zamazenta|Body Press|p2a: Hydreigon\n|-resisted|p2a: Hydreigon\n|-end|p2a: Hydreigon|Substitute\n|move|p2a: Hydreigon|Earth Power|p1a: Zamazenta\n|-damage|p1a: Zamazenta|35\/100\n|-unboost|p1a: Zamazenta|spd|1\n|\n|-heal|p1a: Zamazenta|41\/100|[from] item: Leftovers\n|-heal|p2a: Hydreigon|81\/100|[from] item: Leftovers\n|upkeep\n|turn|8\n|\n|t:|1699827373\n|move|p1a: Zamazenta|Body Press|p2a: Hydreigon\n|-resisted|p2a: Hydreigon\n|-damage|p2a: Hydreigon|50\/100\n|move|p2a: Hydreigon|Earth Power|p1a: Zamazenta\n|-damage|p1a: Zamazenta|0 fnt\n|faint|p1a: Zamazenta\n|\n|-heal|p2a: Hydreigon|57\/100|[from] item: Leftovers\n|upkeep\n|\n|t:|1699827379\n|switch|p1a: Quacker|Garchomp, F|100\/100\n|turn|9\n|\n|t:|1699827387\n|move|p1a: Quacker|Scale Shot|p2a: Hydreigon\n|-damage|p2a: Hydreigon|42\/100\n|-damage|p2a: Hydreigon|26\/100\n|-damage|p2a: Hydreigon|11\/100\n|-damage|p2a: Hydreigon|0 fnt\n|faint|p2a: Hydreigon\n|-hitcount|p2: Hydreigon|4\n|-unboost|p1a: Quacker|def|1\n|-boost|p1a: Quacker|spe|1\n|\n|upkeep\n|\n|t:|1699827395\n|switch|p2a: Rillaboom|Rillaboom, F|100\/100\n|-fieldstart|move: Grassy Terrain|[from] ability: Grassy Surge|[of] p2a: Rillaboom\n|turn|10\n|\n|t:|1699827400\n|switch|p1a: Heatran|Heatran, F|99\/100\n|move|p2a: Rillaboom|Wood Hammer|p1a: Heatran\n|-resisted|p1a: Heatran\n|-damage|p1a: Heatran|75\/100\n|-status|p2a: Rillaboom|brn|[from] ability: Flame Body|[of] p1a: Heatran\n|-damage|p2a: Rillaboom|91\/100 brn|[from] Recoil\n|\n|-heal|p2a: Rillaboom|98\/100 brn|[from] Grassy Terrain\n|-heal|p1a: Heatran|82\/100|[from] Grassy Terrain\n|-heal|p1a: Heatran|88\/100|[from] item: Leftovers\n|-damage|p2a: Rillaboom|91\/100 brn|[from] brn\n|upkeep\n|turn|11\n|\n|t:|1699827406\n|switch|p2a: Garganacl|Garganacl, F|100\/100\n|move|p1a: Heatran|Magma Storm|p2a: Garganacl\n|-resisted|p2a: Garganacl\n|-damage|p2a: Garganacl|82\/100\n|-activate|p2a: Garganacl|move: Magma Storm|[of] p1a: Heatran\n|\n|-heal|p1a: Heatran|94\/100|[from] Grassy Terrain\n|-heal|p1a: Heatran|99\/100|[from] item: Leftovers\n|-heal|p2a: Garganacl|88\/100|[from] Grassy Terrain\n|-heal|p2a: Garganacl|94\/100|[from] item: Leftovers\n|-damage|p2a: Garganacl|82\/100|[from] move: Magma Storm|[partiallytrapped]\n|upkeep\n|turn|12\n|\n|t:|1699827411\n|move|p1a: Heatran|Taunt|p2a: Garganacl\n|-start|p2a: Garganacl|move: Taunt\n|cant|p2a: Garganacl|move: Taunt|Curse\n|\n|-heal|p1a: Heatran|100\/100|[from] Grassy Terrain\n|-heal|p2a: Garganacl|88\/100|[from] Grassy Terrain\n|-heal|p2a: Garganacl|94\/100|[from] item: Leftovers\n|-damage|p2a: Garganacl|82\/100|[from] move: Magma Storm|[partiallytrapped]\n|upkeep\n|turn|13\n|\n|t:|1699827414\n|move|p1a: Heatran|Earth Power|p2a: Garganacl\n|-supereffective|p2a: Garganacl\n|-damage|p2a: Garganacl|42\/100\n|move|p2a: Garganacl|Salt Cure|p1a: Heatran\n|-damage|p1a: Heatran|89\/100\n|-start|p1a: Heatran|Salt Cure\n|\n|-heal|p1a: Heatran|96\/100|[from] Grassy Terrain\n|-heal|p1a: Heatran|100\/100|[from] item: Leftovers\n|-heal|p2a: Garganacl|49\/100|[from] Grassy Terrain\n|-heal|p2a: Garganacl|55\/100|[from] item: Leftovers\n|-damage|p1a: Heatran|76\/100|[from] Salt Cure\n|-damage|p2a: Garganacl|42\/100|[from] move: Magma Storm|[partiallytrapped]\n|upkeep\n|turn|14\n|\n|t:|1699827426\n|move|p1a: Heatran|Earth Power|p2a: Garganacl\n|-supereffective|p2a: Garganacl\n|-damage|p2a: Garganacl|0 fnt\n|faint|p2a: Garganacl\n|\n|-heal|p1a: Heatran|82\/100|[from] Grassy Terrain\n|-heal|p1a: Heatran|88\/100|[from] item: Leftovers\n|-damage|p1a: Heatran|63\/100|[from] Salt Cure\n|-fieldend|move: Grassy Terrain\n|upkeep\n|\n|t:|1699827435\n|switch|p2a: Iron Valiant|Iron Valiant|100\/100\n|-enditem|p2a: Iron Valiant|Booster Energy\n|-activate|p2a: Iron Valiant|ability: Quark Drive|[fromitem]\n|-start|p2a: Iron Valiant|quarkdrivespe\n|turn|15\n|\n|t:|1699827441\n|switch|p1a: Toxapex|Toxapex, M|100\/100\n|move|p2a: Iron Valiant|Close Combat|p1a: Toxapex\n|-resisted|p1a: Toxapex\n|-damage|p1a: Toxapex|85\/100\n|-unboost|p2a: Iron Valiant|def|1\n|-unboost|p2a: Iron Valiant|spd|1\n|\n|upkeep\n|turn|16\n|\n|t:|1699827444\n|move|p2a: Iron Valiant|Psyshock|p1a: Toxapex\n|-supereffective|p1a: Toxapex\n|-damage|p1a: Toxapex|54\/100\n|move|p1a: Toxapex|Toxic|p2a: Iron Valiant\n|-status|p2a: Iron Valiant|tox\n|\n|-damage|p2a: Iron Valiant|94\/100 tox|[from] psn\n|upkeep\n|turn|17\n|\n|t:|1699827452\n|move|p2a: Iron Valiant|Thunderbolt|p1a: Toxapex\n|-supereffective|p1a: Toxapex\n|-damage|p1a: Toxapex|8\/100\n|move|p1a: Toxapex|Recover|p1a: Toxapex\n|-heal|p1a: Toxapex|58\/100\n|\n|-damage|p2a: Iron Valiant|82\/100 tox|[from] psn\n|upkeep\n|turn|18\n|\n|t:|1699827459\n|-end|p2a: Iron Valiant|Quark Drive|[silent]\n|switch|p2a: Rillaboom|Rillaboom, F|91\/100 brn\n|-fieldstart|move: Grassy Terrain|[from] ability: Grassy Surge|[of] p2a: Rillaboom\n|switch|p1a: Quacker|Garchomp, F|100\/100\n|\n|-heal|p2a: Rillaboom|98\/100 brn|[from] Grassy Terrain\n|-damage|p2a: Rillaboom|91\/100 brn|[from] brn\n|upkeep\n|turn|19\n|\n|t:|1699827462\n|switch|p1a: Heatran|Heatran, F|63\/100\n|move|p2a: Rillaboom|Knock Off|p1a: Heatran\n|-damage|p1a: Heatran|44\/100\n|-enditem|p1a: Heatran|Leftovers|[from] move: Knock Off|[of] p2a: Rillaboom\n|\n|-heal|p2a: Rillaboom|98\/100 brn|[from] Grassy Terrain\n|-heal|p1a: Heatran|50\/100|[from] Grassy Terrain\n|-damage|p2a: Rillaboom|91\/100 brn|[from] brn\n|upkeep\n|turn|20\n|\n|t:|1699827467\n|switch|p2a: Iron Valiant|Iron Valiant|82\/100 tox\n|move|p1a: Heatran|Magma Storm|p2a: Iron Valiant|[miss]\n|-miss|p1a: Heatran|p2a: Iron Valiant\n|\n|-heal|p2a: Iron Valiant|88\/100 tox|[from] Grassy Terrain\n|-heal|p1a: Heatran|56\/100|[from] Grassy Terrain\n|-damage|p2a: Iron Valiant|82\/100 tox|[from] psn\n|upkeep\n|turn|21\n|c|\u2606Violet Mask|can i hit a move\n|c|\u2606Violet Mask|pls\n|\n|t:|1699827476\n|move|p1a: Heatran|Protect|p1a: Heatran\n|-singleturn|p1a: Heatran|Protect\n|move|p2a: Iron Valiant|Thunderbolt|p1a: Heatran\n|-activate|p1a: Heatran|move: Protect\n|\n|-heal|p2a: Iron Valiant|88\/100 tox|[from] Grassy Terrain\n|-heal|p1a: Heatran|62\/100|[from] Grassy Terrain\n|-damage|p2a: Iron Valiant|76\/100 tox|[from] psn\n|upkeep\n|turn|22\n|\n|t:|1699827481\n|switch|p1a: Toxapex|Toxapex, M|92\/100\n|move|p2a: Iron Valiant|Close Combat|p1a: Toxapex\n|-resisted|p1a: Toxapex\n|-damage|p1a: Toxapex|77\/100\n|-unboost|p2a: Iron Valiant|def|1\n|-unboost|p2a: Iron Valiant|spd|1\n|\n|-heal|p2a: Iron Valiant|82\/100 tox|[from] Grassy Terrain\n|-heal|p1a: Toxapex|83\/100|[from] Grassy Terrain\n|-damage|p2a: Iron Valiant|63\/100 tox|[from] psn\n|-fieldend|move: Grassy Terrain\n|upkeep\n|turn|23\n|\n|t:|1699827486\n|move|p2a: Iron Valiant|Thunderbolt|p1a: Toxapex\n|-supereffective|p1a: Toxapex\n|-damage|p1a: Toxapex|38\/100\n|move|p1a: Toxapex|Surf|p2a: Iron Valiant\n|-damage|p2a: Iron Valiant|10\/100 tox\n|\n|-damage|p2a: Iron Valiant|0 fnt|[from] psn\n|faint|p2a: Iron Valiant\n|-end|p2a: Iron Valiant|Quark Drive|[silent]\n|upkeep\n|\n|t:|1699827488\n|switch|p2a: Kingambit|Kingambit, F|100\/100\n|-activate|p2a: Kingambit|ability: Supreme Overlord\n|-start|p2a: Kingambit|fallen3|[silent]\n|turn|24\n|\n|t:|1699827490\n|switch|p1a: Quacker|Garchomp, F|100\/100\n|move|p2a: Kingambit|Swords Dance|p2a: Kingambit\n|-boost|p2a: Kingambit|atk|2\n|\n|upkeep\n|turn|25\n|inactive|Violet Mask has 120 seconds left.\n|\n|t:|1699827538\n|move|p1a: Quacker|Swords Dance|p1a: Quacker\n|-boost|p1a: Quacker|atk|2\n|move|p2a: Kingambit|Kowtow Cleave|p1a: Quacker\n|-damage|p1a: Quacker|0 fnt\n|-damage|p2a: Kingambit|88\/100|[from] ability: Rough Skin|[of] p1a: Quacker\n|faint|p1a: Quacker\n|\n|-heal|p2a: Kingambit|94\/100|[from] item: Leftovers\n|upkeep\n|\n|t:|1699827547\n|switch|p1a: Mandibuzz|Mandibuzz, F|100\/100\n|turn|26\n|\n|t:|1699827555\n|move|p1a: Mandibuzz|Foul Play|p2a: Kingambit\n|-resisted|p2a: Kingambit\n|-damage|p2a: Kingambit|54\/100\n|move|p2a: Kingambit|Swords Dance|p2a: Kingambit\n|-boost|p2a: Kingambit|atk|2\n|\n|-heal|p2a: Kingambit|61\/100|[from] item: Leftovers\n|upkeep\n|turn|27\n|\n|t:|1699827559\n|move|p1a: Mandibuzz|Foul Play|p2a: Kingambit\n|-resisted|p2a: Kingambit\n|-damage|p2a: Kingambit|0 fnt\n|faint|p2a: Kingambit\n|-end|p2a: Kingambit|fallen3|[silent]\n|\n|upkeep\n|\n|t:|1699827563\n|switch|p2a: Cinderace|Cinderace, F|100\/100\n|turn|28\n|-message|CalciumDW94 forfeited.\n|\n|win|Violet Mask\n|raw|Violet Mask's rating: 1487 &rarr; <strong>1506<\/strong><br \/>(+19 for winning)\n|raw|CalciumDW94's rating: 1478 &rarr; <strong>1459<\/strong><br \/>(-19 for losing)\n|l|\u2606CalciumDW94\n","uploadtime":1699827569,"views":10,"p1id":"violetmask","p2id":"calciumdw94","formatid":"gen9ou","rating":1459,"private":0,"password":""}