{"id":"gen9ou-1989863822","p1":"Bad JOEKS","p2":"tkgunu","format":"[Gen 9] OU","log":"|j|\u2606Bad JOEKS\n|j|\u2606tkgunu\n|t:|1699902065\n|gametype|singles\n|player|p1|Bad JOEKS|pokefanf-gen4|1000\n|player|p2|tkgunu|evelyn|1020\n|teamsize|p1|6\n|teamsize|p2|6\n|gen|9\n|tier|[Gen 9] OU\n|rated|\n|rule|Sleep Clause Mod: Limit one foe put to sleep\n|rule|Species Clause: Limit one of each Pok\u00e9mon\n|rule|OHKO Clause: OHKO moves are banned\n|rule|Evasion Items Clause: Evasion items are banned\n|rule|Evasion Moves Clause: Evasion moves are banned\n|rule|Endless Battle Clause: Forcing endless battles is banned\n|rule|HP Percentage Mod: HP is shown in percentages\n|clearpoke\n|poke|p1|Walking Wake|\n|poke|p1|Cinderace, F|\n|poke|p1|Ninetales, F|\n|poke|p1|Brute Bonnet|\n|poke|p1|Hatterene, F|\n|poke|p1|Great Tusk|\n|poke|p2|Ninetales, M|\n|poke|p2|Scovillain, F|\n|poke|p2|Walking Wake|\n|poke|p2|Great Tusk|\n|poke|p2|Blissey, F|\n|poke|p2|Dragapult, M|\n|teampreview\n|\n|t:|1699902072\n|start\n|switch|p1a: Walking Wake|Walking Wake|100\/100\n|switch|p2a: Scovillain|Scovillain, F|100\/100\n|turn|1\n|\n|t:|1699902083\n|-end|p1a: Walking Wake|Protosynthesis|[silent]\n|switch|p1a: Cinderace|Cinderace, F|100\/100\n|switch|p2a: Dragapult|Dragapult, M, shiny|100\/100\n|\n|upkeep\n|turn|2\n|\n|t:|1699902091\n|switch|p1a: Brute Bonnet|Brute Bonnet|100\/100\n|move|p2a: Dragapult|Draco Meteor|p1a: Brute Bonnet\n|-damage|p1a: Brute Bonnet|44\/100\n|-unboost|p2a: Dragapult|spa|2\n|\n|upkeep\n|turn|3\n|\n|t:|1699902100\n|switch|p2a: Ninetales|Ninetales, M, shiny|100\/100\n|-weather|SunnyDay|[from] ability: Drought|[of] p2a: Ninetales\n|-activate|p1a: Brute Bonnet|ability: Protosynthesis\n|-start|p1a: Brute Bonnet|protosynthesisatk\n|move|p1a: Brute Bonnet|Spore|p2a: Ninetales\n|-status|p2a: Ninetales|slp|[from] move: Spore\n|\n|-weather|SunnyDay|[upkeep]\n|upkeep\n|turn|4\n|\n|t:|1699902111\n|switch|p2a: Walking Wake|Walking Wake|100\/100\n|-activate|p2a: Walking Wake|ability: Protosynthesis\n|-start|p2a: Walking Wake|protosynthesisspa\n|move|p1a: Brute Bonnet|Growth|p1a: Brute Bonnet\n|-boost|p1a: Brute Bonnet|atk|2\n|-boost|p1a: Brute Bonnet|spa|2\n|-enditem|p2a: Walking Wake|Mirror Herb\n|-boost|p2a: Walking Wake|atk|2|[from] item: Mirror Herb\n|-boost|p2a: Walking Wake|spa|2|[from] item: Mirror Herb\n|\n|-weather|SunnyDay|[upkeep]\n|upkeep\n|turn|5\n|\n|t:|1699902123\n|move|p1a: Brute Bonnet|Sucker Punch|p2a: Walking Wake\n|-damage|p2a: Walking Wake|0 fnt\n|faint|p2a: Walking Wake\n|-end|p2a: Walking Wake|Protosynthesis|[silent]\n|\n|-weather|SunnyDay|[upkeep]\n|upkeep\n|\n|t:|1699902131\n|switch|p2a: Great Tusk|Great Tusk, shiny|100\/100\n|-activate|p2a: Great Tusk|ability: Protosynthesis\n|-start|p2a: Great Tusk|protosynthesisdef\n|turn|6\n|\n|t:|1699902139\n|move|p2a: Great Tusk|Stealth Rock|p1a: Brute Bonnet\n|-sidestart|p1: Bad JOEKS|move: Stealth Rock\n|move|p1a: Brute Bonnet|Bullet Seed|p2a: Great Tusk\n|-supereffective|p2a: Great Tusk\n|-damage|p2a: Great Tusk|74\/100\n|-supereffective|p2a: Great Tusk\n|-damage|p2a: Great Tusk|48\/100\n|-supereffective|p2a: Great Tusk\n|-damage|p2a: Great Tusk|19\/100\n|-supereffective|p2a: Great Tusk\n|-damage|p2a: Great Tusk|0 fnt\n|faint|p2a: Great Tusk\n|-end|p2a: Great Tusk|Protosynthesis|[silent]\n|-hitcount|p2: Great Tusk|4\n|\n|-weather|SunnyDay|[upkeep]\n|upkeep\n|-message|tkgunu forfeited.\n|\n|win|Bad JOEKS\n|raw|Bad JOEKS's rating: 1000 &rarr; <strong>1042<\/strong><br \/>(+42 for winning)\n|raw|tkgunu's rating: 1020 &rarr; <strong>1006<\/strong><br \/>(-14 for losing)\n|l|\u2606tkgunu\n|l|\u2606Bad JOEKS\n","uploadtime":1699902333,"views":13,"p1id":"badjoeks","p2id":"tkgunu","formatid":"gen9ou","rating":1006,"private":0,"password":""}