{"id":"gen9ou-1990895962","p1":"enterzync","p2":"ratatta17","format":"[Gen 9] OU","log":"|j|\u2606enterzync\n|j|\u2606ratatta17\n|t:|1700012505\n|gametype|singles\n|player|p1|enterzync|101|1327\n|player|p2|ratatta17|1|1398\n|teamsize|p1|6\n|teamsize|p2|6\n|gen|9\n|tier|[Gen 9] OU\n|rated|\n|rule|Sleep Clause Mod: Limit one foe put to sleep\n|rule|Species Clause: Limit one of each Pok\u00e9mon\n|rule|OHKO Clause: OHKO moves are banned\n|rule|Evasion Items Clause: Evasion items are banned\n|rule|Evasion Moves Clause: Evasion moves are banned\n|rule|Endless Battle Clause: Forcing endless battles is banned\n|rule|HP Percentage Mod: HP is shown in percentages\n|clearpoke\n|poke|p1|Vikavolt, M|\n|poke|p1|Enamorus, F|\n|poke|p1|Great Tusk|\n|poke|p1|Gholdengo|\n|poke|p1|Kommo-o, F|\n|poke|p1|Iron Moth|\n|poke|p2|Azumarill, F|\n|poke|p2|Staraptor, F|\n|poke|p2|Toedscruel, F|\n|poke|p2|Skeledirge, F|\n|poke|p2|Ninetales-Alola, M|\n|poke|p2|Iron Valiant|\n|teampreview\n|inactive|Battle timer is ON: inactive players will automatically lose when time's up. (requested by ratatta17)\n|\n|t:|1700012513\n|start\n|switch|p1a: Vikavolt|Vikavolt, M|100\/100\n|switch|p2a: Toedscruel|Toedscruel, F|100\/100\n|turn|1\n|\n|t:|1700012520\n|move|p1a: Vikavolt|Sticky Web|p2a: Toedscruel\n|-sidestart|p2: ratatta17|move: Sticky Web\n|move|p2a: Toedscruel|Spore|p1a: Vikavolt\n|-status|p1a: Vikavolt|slp|[from] move: Spore\n|\n|upkeep\n|turn|2\n|\n|t:|1700012536\n|move|p2a: Toedscruel|Rapid Spin|p1a: Vikavolt\n|-damage|p1a: Vikavolt|91\/100 slp\n|-boost|p2a: Toedscruel|spe|1\n|-sideend|p2: ratatta17|Sticky Web|[from] move: Rapid Spin|[of] p2a: Toedscruel\n|cant|p1a: Vikavolt|slp\n|\n|upkeep\n|turn|3\n|\n|t:|1700012546\n|switch|p2a: Staraptor|Staraptor, F|100\/100\n|-ability|p2a: Staraptor|Intimidate|boost\n|-unboost|p1a: Vikavolt|atk|1\n|cant|p1a: Vikavolt|slp\n|\n|upkeep\n|turn|4\n|\n|t:|1700012551\n|move|p2a: Staraptor|Final Gambit|p1a: Vikavolt\n|-damage|p1a: Vikavolt|0 fnt\n|faint|p2a: Staraptor\n|faint|p1a: Vikavolt\n|\n|upkeep\n|\n|t:|1700012561\n|switch|p2a: Iron Valiant|Iron Valiant|100\/100\n|switch|p1a: Great Tusk|Great Tusk|100\/100\n|-enditem|p1a: Great Tusk|Booster Energy\n|-activate|p1a: Great Tusk|ability: Protosynthesis|[fromitem]\n|-start|p1a: Great Tusk|protosynthesisatk\n|turn|5\n|\n|t:|1700012575\n|move|p2a: Iron Valiant|Moonblast|p1a: Great Tusk\n|-supereffective|p1a: Great Tusk\n|-damage|p1a: Great Tusk|0 fnt\n|faint|p1a: Great Tusk\n|-end|p1a: Great Tusk|Protosynthesis|[silent]\n|-damage|p2a: Iron Valiant|91\/100|[from] item: Life Orb\n|\n|upkeep\n|\n|t:|1700012578\n|switch|p1a: Gholdengo|Gholdengo|100\/100\n|-item|p1a: Gholdengo|Air Balloon\n|turn|6\n|\n|t:|1700012582\n|move|p2a: Iron Valiant|Knock Off|p1a: Gholdengo\n|-supereffective|p1a: Gholdengo\n|-damage|p1a: Gholdengo|21\/100\n|-enditem|p1a: Gholdengo|Air Balloon\n|-damage|p2a: Iron Valiant|81\/100|[from] item: Life Orb\n|move|p1a: Gholdengo|Nasty Plot|p1a: Gholdengo\n|-boost|p1a: Gholdengo|spa|2\n|\n|upkeep\n|turn|7\n|\n|t:|1700012589\n|move|p2a: Iron Valiant|Knock Off|p1a: Gholdengo\n|-supereffective|p1a: Gholdengo\n|-damage|p1a: Gholdengo|0 fnt\n|faint|p1a: Gholdengo\n|-damage|p2a: Iron Valiant|71\/100|[from] item: Life Orb\n|\n|upkeep\n|\n|t:|1700012596\n|switch|p1a: Kommo-o|Kommo-o, F|100\/100\n|turn|8\n|\n|t:|1700012602\n|-terastallize|p1a: Kommo-o|Fire\n|move|p2a: Iron Valiant|Knock Off|p1a: Kommo-o\n|-damage|p1a: Kommo-o|68\/100\n|-enditem|p1a: Kommo-o|Leftovers|[from] move: Knock Off|[of] p2a: Iron Valiant\n|-damage|p2a: Iron Valiant|62\/100|[from] item: Life Orb\n|move|p1a: Kommo-o|Clangorous Soul|p1a: Kommo-o\n|-boost|p1a: Kommo-o|atk|1\n|-boost|p1a: Kommo-o|def|1\n|-boost|p1a: Kommo-o|spa|1\n|-boost|p1a: Kommo-o|spd|1\n|-boost|p1a: Kommo-o|spe|1\n|-damage|p1a: Kommo-o|35\/100\n|\n|upkeep\n|turn|9\n|\n|t:|1700012613\n|move|p1a: Kommo-o|Flamethrower|p2a: Iron Valiant\n|-damage|p2a: Iron Valiant|0 fnt\n|faint|p2a: Iron Valiant\n|-end|p2a: Iron Valiant|Quark Drive|[silent]\n|\n|upkeep\n|\n|t:|1700012619\n|switch|p2a: Skeledirge|Skeledirge, F|100\/100\n|turn|10\n|\n|t:|1700012621\n|move|p1a: Kommo-o|Clanging Scales|p2a: Skeledirge\n|-damage|p2a: Skeledirge|67\/100\n|-unboost|p1a: Kommo-o|def|1\n|move|p2a: Skeledirge|Torch Song|p1a: Kommo-o\n|-resisted|p1a: Kommo-o\n|-damage|p1a: Kommo-o|17\/100\n|-boost|p2a: Skeledirge|spa|1\n|\n|-heal|p2a: Skeledirge|73\/100|[from] item: Leftovers\n|upkeep\n|turn|11\n|\n|t:|1700012626\n|move|p1a: Kommo-o|Clanging Scales|p2a: Skeledirge\n|-damage|p2a: Skeledirge|38\/100\n|-unboost|p1a: Kommo-o|def|1\n|move|p2a: Skeledirge|Slack Off|p2a: Skeledirge\n|-heal|p2a: Skeledirge|88\/100\n|\n|-heal|p2a: Skeledirge|94\/100|[from] item: Leftovers\n|upkeep\n|turn|12\n|\n|t:|1700012630\n|move|p1a: Kommo-o|Clanging Scales|p2a: Skeledirge\n|-damage|p2a: Skeledirge|61\/100\n|-unboost|p1a: Kommo-o|def|1\n|move|p2a: Skeledirge|Torch Song|p1a: Kommo-o\n|-resisted|p1a: Kommo-o\n|-damage|p1a: Kommo-o|0 fnt\n|-boost|p2a: Skeledirge|spa|1\n|faint|p1a: Kommo-o\n|\n|-heal|p2a: Skeledirge|67\/100|[from] item: Leftovers\n|upkeep\n|\n|t:|1700012635\n|switch|p1a: Iron Moth|Iron Moth|100\/100\n|-enditem|p1a: Iron Moth|Booster Energy\n|-activate|p1a: Iron Moth|ability: Quark Drive|[fromitem]\n|-start|p1a: Iron Moth|quarkdrivespe\n|turn|13\n|\n|t:|1700012642\n|move|p1a: Iron Moth|Sludge Wave|p2a: Skeledirge\n|-resisted|p2a: Skeledirge\n|-damage|p2a: Skeledirge|50\/100\n|move|p2a: Skeledirge|Torch Song|p1a: Iron Moth\n|-resisted|p1a: Iron Moth\n|-damage|p1a: Iron Moth|70\/100\n|-boost|p2a: Skeledirge|spa|1\n|\n|-heal|p2a: Skeledirge|57\/100|[from] item: Leftovers\n|upkeep\n|turn|14\n|\n|t:|1700012648\n|move|p1a: Iron Moth|Sludge Wave|p2a: Skeledirge\n|-resisted|p2a: Skeledirge\n|-damage|p2a: Skeledirge|39\/100\n|move|p2a: Skeledirge|Slack Off|p2a: Skeledirge\n|-heal|p2a: Skeledirge|89\/100\n|\n|-heal|p2a: Skeledirge|95\/100|[from] item: Leftovers\n|upkeep\n|turn|15\n|\n|t:|1700012652\n|move|p1a: Iron Moth|Sludge Wave|p2a: Skeledirge\n|-resisted|p2a: Skeledirge\n|-damage|p2a: Skeledirge|79\/100\n|move|p2a: Skeledirge|Torch Song|p1a: Iron Moth\n|-resisted|p1a: Iron Moth\n|-damage|p1a: Iron Moth|35\/100\n|-boost|p2a: Skeledirge|spa|1\n|\n|-heal|p2a: Skeledirge|85\/100|[from] item: Leftovers\n|upkeep\n|turn|16\n|\n|t:|1700012655\n|move|p1a: Iron Moth|Sludge Wave|p2a: Skeledirge\n|-resisted|p2a: Skeledirge\n|-damage|p2a: Skeledirge|69\/100\n|move|p2a: Skeledirge|Torch Song|p1a: Iron Moth\n|-resisted|p1a: Iron Moth\n|-damage|p1a: Iron Moth|0 fnt\n|-boost|p2a: Skeledirge|spa|1\n|faint|p1a: Iron Moth\n|-end|p1a: Iron Moth|Quark Drive|[silent]\n|\n|-heal|p2a: Skeledirge|75\/100|[from] item: Leftovers\n|upkeep\n|\n|t:|1700012657\n|switch|p1a: Enamorus|Enamorus, F, shiny|100\/100\n|turn|17\n|\n|t:|1700012661\n|-terastallize|p2a: Skeledirge|Dragon\n|move|p1a: Enamorus|Earth Power|p2a: Skeledirge\n|-damage|p2a: Skeledirge|44\/100\n|-damage|p1a: Enamorus|91\/100|[from] item: Life Orb\n|move|p2a: Skeledirge|Torch Song|p1a: Enamorus\n|-damage|p1a: Enamorus|0 fnt\n|-boost|p2a: Skeledirge|spa|1\n|faint|p1a: Enamorus\n|\n|win|ratatta17\n|raw|enterzync's rating: 1327 &rarr; <strong>1311<\/strong><br \/>(-16 for losing)\n|raw|ratatta17's rating: 1398 &rarr; <strong>1414<\/strong><br \/>(+16 for winning)\n|l|\u2606enterzync\n","uploadtime":1700012674,"views":21,"p1id":"enterzync","p2id":"ratatta17","formatid":"gen9ou","rating":1311,"private":0,"password":""}