{"id":"gen9ou-2000523430","p1":"hightopfade69","p2":"vvvresezbb","format":"[Gen 9] OU","log":"|j|\u2606hightopfade69\n|j|\u2606vvvresezbb\n|t:|1701202028\n|gametype|singles\n|player|p1|hightopfade69|169|1016\n|player|p2|vvvresezbb|265|1000\n|teamsize|p1|6\n|teamsize|p2|6\n|gen|9\n|tier|[Gen 9] OU\n|rated|\n|rule|Sleep Clause Mod: Limit one foe put to sleep\n|rule|Species Clause: Limit one of each Pok\u00e9mon\n|rule|OHKO Clause: OHKO moves are banned\n|rule|Evasion Items Clause: Evasion items are banned\n|rule|Evasion Moves Clause: Evasion moves are banned\n|rule|Endless Battle Clause: Forcing endless battles is banned\n|rule|HP Percentage Mod: HP is shown in percentages\n|clearpoke\n|poke|p1|Dragapult, F|\n|poke|p1|Ceruledge, M|\n|poke|p1|Chandelure, F|\n|poke|p1|Gholdengo|\n|poke|p1|Zoroark-Hisui, F|\n|poke|p1|Sinistcha|\n|poke|p2|Corviknight, M|\n|poke|p2|Ceruledge, F|\n|poke|p2|Enamorus, F|\n|poke|p2|Samurott-Hisui, F|\n|poke|p2|Great Tusk|\n|poke|p2|Iron Moth|\n|teampreview\n|inactive|Battle timer is ON: inactive players will automatically lose when time's up. (requested by vvvresezbb)\n|\n|t:|1701202048\n|start\n|switch|p1a: Chandelure|Chandelure, F|100\/100\n|switch|p2a: Enamorus|Enamorus, F|100\/100\n|turn|1\n|\n|t:|1701202076\n|switch|p2a: Samurott|Samurott-Hisui, F|100\/100\n|move|p1a: Chandelure|Shadow Ball|p2a: Samurott\n|-resisted|p2a: Samurott\n|-damage|p2a: Samurott|82\/100\n|\n|upkeep\n|turn|2\n|\n|t:|1701202082\n|switch|p1a: Sinistcha|Sinistcha|100\/100\n|move|p2a: Samurott|Ceaseless Edge|p1a: Sinistcha\n|-supereffective|p1a: Sinistcha\n|-damage|p1a: Sinistcha|16\/100\n|-sidestart|p1: hightopfade69|Spikes\n|\n|-heal|p1a: Sinistcha|22\/100|[from] item: Leftovers\n|upkeep\n|turn|3\n|\n|t:|1701202093\n|switch|p2a: Corviknight|Corviknight, M|100\/100\n|-ability|p2a: Corviknight|Pressure\n|move|p1a: Sinistcha|Matcha Gotcha|p2a: Corviknight\n|-resisted|p2a: Corviknight\n|-damage|p2a: Corviknight|93\/100\n|-heal|p1a: Sinistcha|26\/100|[from] drain|[of] p2a: Corviknight\n|\n|-heal|p1a: Sinistcha|32\/100|[from] item: Leftovers\n|-heal|p2a: Corviknight|99\/100|[from] item: Leftovers\n|upkeep\n|turn|4\n|\n|t:|1701202106\n|move|p1a: Sinistcha|Strength Sap|p2a: Corviknight\n|-unboost|p2a: Corviknight|atk|1\n|-heal|p1a: Sinistcha|92\/100\n|move|p2a: Corviknight|Iron Head|p1a: Sinistcha\n|-damage|p1a: Sinistcha|78\/100\n|\n|-heal|p1a: Sinistcha|84\/100|[from] item: Leftovers\n|-heal|p2a: Corviknight|100\/100|[from] item: Leftovers\n|upkeep\n|turn|5\n|\n|t:|1701202117\n|move|p1a: Sinistcha|Nasty Plot|p1a: Sinistcha\n|-boost|p1a: Sinistcha|spa|2\n|move|p2a: Corviknight|U-turn|p1a: Sinistcha\n|-damage|p1a: Sinistcha|75\/100\n|\n|t:|1701202121\n|switch|p2a: Iron Moth|Iron Moth|100\/100|[from] U-turn\n|\n|-heal|p1a: Sinistcha|81\/100|[from] item: Leftovers\n|upkeep\n|turn|6\n|\n|t:|1701202128\n|move|p2a: Iron Moth|Fire Blast|p1a: Sinistcha|[miss]\n|-miss|p2a: Iron Moth|p1a: Sinistcha\n|move|p1a: Sinistcha|Scald|p2a: Iron Moth\n|-supereffective|p2a: Iron Moth\n|-crit|p2a: Iron Moth\n|-damage|p2a: Iron Moth|0 fnt\n|faint|p2a: Iron Moth\n|-end|p2a: Iron Moth|Quark Drive|[silent]\n|\n|-heal|p1a: Sinistcha|87\/100|[from] item: Leftovers\n|upkeep\n|\n|t:|1701202135\n|switch|p2a: Enamorus|Enamorus, F|100\/100\n|turn|7\n|\n|t:|1701202151\n|-terastallize|p1a: Sinistcha|Steel\n|move|p2a: Enamorus|Moonblast|p1a: Sinistcha\n|-resisted|p1a: Sinistcha\n|-damage|p1a: Sinistcha|59\/100\n|-unboost|p1a: Sinistcha|spa|1\n|move|p1a: Sinistcha|Scald|p2a: Enamorus\n|-damage|p2a: Enamorus|49\/100\n|\n|-heal|p1a: Sinistcha|66\/100|[from] item: Leftovers\n|upkeep\n|turn|8\n|\n|t:|1701202164\n|switch|p2a: Samurott|Samurott-Hisui, F|82\/100\n|move|p1a: Sinistcha|Scald|p2a: Samurott\n|-resisted|p2a: Samurott\n|-damage|p2a: Samurott|67\/100\n|-status|p2a: Samurott|brn\n|\n|-heal|p1a: Sinistcha|72\/100|[from] item: Leftovers\n|-damage|p2a: Samurott|61\/100 brn|[from] brn\n|upkeep\n|turn|9\n|\n|t:|1701202179\n|move|p2a: Samurott|Ceaseless Edge|p1a: Sinistcha|[miss]\n|-miss|p2a: Samurott|p1a: Sinistcha\n|move|p1a: Sinistcha|Matcha Gotcha|p2a: Samurott|[miss]\n|-miss|p1a: Sinistcha|p2a: Samurott\n|\n|-heal|p1a: Sinistcha|78\/100|[from] item: Leftovers\n|-damage|p2a: Samurott|54\/100 brn|[from] brn\n|upkeep\n|turn|10\n|\n|t:|1701202187\n|move|p2a: Samurott|Knock Off|p1a: Sinistcha\n|-damage|p1a: Sinistcha|56\/100\n|-enditem|p1a: Sinistcha|Leftovers|[from] move: Knock Off|[of] p2a: Samurott\n|move|p1a: Sinistcha|Matcha Gotcha|p2a: Samurott\n|-supereffective|p2a: Samurott\n|-damage|p2a: Samurott|0 fnt\n|-heal|p1a: Sinistcha|85\/100|[from] drain|[of] p2a: Samurott\n|faint|p2a: Samurott\n|\n|upkeep\n|\n|t:|1701202192\n|switch|p2a: Great Tusk|Great Tusk|100\/100\n|turn|11\n|\n|t:|1701202202\n|move|p2a: Great Tusk|Headlong Rush|p1a: Sinistcha\n|-supereffective|p1a: Sinistcha\n|-damage|p1a: Sinistcha|0 fnt\n|-unboost|p2a: Great Tusk|def|1\n|-unboost|p2a: Great Tusk|spd|1\n|faint|p1a: Sinistcha\n|\n|upkeep\n|\n|t:|1701202216\n|switch|p1a: Chandelure|Chandelure, F|100\/100\n|-damage|p1a: Chandelure|88\/100|[from] Spikes\n|turn|12\n|\n|t:|1701202226\n|move|p1a: Chandelure|Shadow Ball|p2a: Great Tusk\n|-damage|p2a: Great Tusk|5\/100\n|move|p2a: Great Tusk|Headlong Rush|p1a: Chandelure\n|-supereffective|p1a: Chandelure\n|-damage|p1a: Chandelure|0 fnt\n|-unboost|p2a: Great Tusk|def|1\n|-unboost|p2a: Great Tusk|spd|1\n|faint|p1a: Chandelure\n|\n|-heal|p2a: Great Tusk|11\/100|[from] item: Leftovers\n|upkeep\n|\n|t:|1701202233\n|switch|p1a: Ceruledge|Ceruledge, M|100\/100\n|-damage|p1a: Ceruledge|88\/100|[from] Spikes\n|turn|13\n|\n|t:|1701202239\n|move|p1a: Ceruledge|Shadow Sneak|p2a: Great Tusk\n|-damage|p2a: Great Tusk|0 fnt\n|faint|p2a: Great Tusk\n|-end|p2a: Great Tusk|Protosynthesis|[silent]\n|\n|upkeep\n|\n|t:|1701202248\n|switch|p2a: Ceruledge|Ceruledge, F|100\/100\n|turn|14\n|\n|t:|1701202251\n|-terastallize|p2a: Ceruledge|Grass\n|move|p1a: Ceruledge|Swords Dance|p1a: Ceruledge\n|-boost|p1a: Ceruledge|atk|2\n|move|p2a: Ceruledge|Swords Dance|p2a: Ceruledge\n|-boost|p2a: Ceruledge|atk|2\n|\n|upkeep\n|turn|15\n|\n|t:|1701202258\n|move|p2a: Ceruledge|Shadow Sneak|p1a: Ceruledge\n|-supereffective|p1a: Ceruledge\n|-damage|p1a: Ceruledge|0 fnt\n|faint|p1a: Ceruledge\n|\n|upkeep\n|\n|t:|1701202264\n|switch|p1a: Gholdengo|Gholdengo|100\/100\n|-damage|p1a: Gholdengo|88\/100|[from] Spikes\n|turn|16\n|\n|t:|1701202273\n|move|p1a: Gholdengo|Bitter Malice|p2a: Ceruledge\n|-crit|p2a: Ceruledge\n|-damage|p2a: Ceruledge|0 fnt\n|faint|p2a: Ceruledge\n|\n|upkeep\n|\n|t:|1701202280\n|switch|p2a: Enamorus|Enamorus, F|49\/100\n|turn|17\n|\n|t:|1701202285\n|move|p2a: Enamorus|Moonblast|p1a: Gholdengo\n|-damage|p1a: Gholdengo|0 fnt\n|replace|p1a: Zoroark|Zoroark-Hisui, F\n|-end|p1a: Zoroark|Illusion\n|faint|p1a: Zoroark\n|\n|upkeep\n|\n|t:|1701202288\n|switch|p1a: Gholdengo|Gholdengo|100\/100\n|-damage|p1a: Gholdengo|88\/100|[from] Spikes\n|turn|18\n|\n|t:|1701202293\n|switch|p2a: Corviknight|Corviknight, M|100\/100\n|-ability|p2a: Corviknight|Pressure\n|move|p1a: Gholdengo|Nasty Plot|p1a: Gholdengo\n|-boost|p1a: Gholdengo|spa|2\n|\n|upkeep\n|turn|19\n|\n|t:|1701202299\n|move|p1a: Gholdengo|Thunderbolt|p2a: Corviknight\n|-supereffective|p2a: Corviknight\n|-damage|p2a: Corviknight|5\/100\n|move|p2a: Corviknight|Iron Head|p1a: Gholdengo\n|-resisted|p1a: Gholdengo\n|-damage|p1a: Gholdengo|76\/100\n|\n|-heal|p2a: Corviknight|11\/100|[from] item: Leftovers\n|upkeep\n|turn|20\n|\n|t:|1701202304\n|move|p1a: Gholdengo|Thunderbolt|p2a: Corviknight\n|-supereffective|p2a: Corviknight\n|-damage|p2a: Corviknight|0 fnt\n|faint|p2a: Corviknight\n|\n|upkeep\n|\n|t:|1701202306\n|switch|p2a: Enamorus|Enamorus, F|49\/100\n|turn|21\n|\n|t:|1701202313\n|move|p2a: Enamorus|Moonblast|p1a: Gholdengo\n|-resisted|p1a: Gholdengo\n|-crit|p1a: Gholdengo\n|-damage|p1a: Gholdengo|43\/100\n|move|p1a: Gholdengo|Make It Rain|p2a: Enamorus\n|-supereffective|p2a: Enamorus\n|-damage|p2a: Enamorus|0 fnt\n|-unboost|p1a: Gholdengo|spa|1\n|faint|p2a: Enamorus\n|\n|win|hightopfade69\n|raw|hightopfade69's rating: 1016 &rarr; <strong>1052<\/strong><br \/>(+36 for winning)\n|raw|vvvresezbb's rating: 1000 &rarr; <strong>1000<\/strong><br \/>(+0 for losing)\n|l|\u2606vvvresezbb\n","uploadtime":1701202321,"views":0,"p1id":"hightopfade69","p2id":"vvvresezbb","formatid":"gen9ou","rating":1000,"private":0,"password":""}