{"id":"gen9ou-1988692063","p1":"kouseki","p2":"mcp3","format":"[Gen 9] OU","log":"|j|\u2606kouseki\n|j|\u2606mcp3\n|t:|1699751288\n|gametype|singles\n|player|p1|kouseki|alec-anime|1733\n|player|p2|mcp3|sage|1775\n|teamsize|p1|6\n|teamsize|p2|6\n|gen|9\n|tier|[Gen 9] OU\n|rated|\n|rule|Sleep Clause Mod: Limit one foe put to sleep\n|rule|Species Clause: Limit one of each Pok\u00e9mon\n|rule|OHKO Clause: OHKO moves are banned\n|rule|Evasion Items Clause: Evasion items are banned\n|rule|Evasion Moves Clause: Evasion moves are banned\n|rule|Endless Battle Clause: Forcing endless battles is banned\n|rule|HP Percentage Mod: HP is shown in percentages\n|clearpoke\n|poke|p1|Gliscor, F|\n|poke|p1|Iron Moth|\n|poke|p1|Slowking, M|\n|poke|p1|Clefable, F|\n|poke|p1|Iron Valiant|\n|poke|p1|Dragonite, M|\n|poke|p2|Moltres|\n|poke|p2|Great Tusk|\n|poke|p2|Rillaboom, F|\n|poke|p2|Ting-Lu|\n|poke|p2|Gholdengo|\n|poke|p2|Sneasler, M|\n|teampreview\n|inactive|Battle timer is ON: inactive players will automatically lose when time's up. (requested by kouseki)\n|c|\u2606mcp3|hf\n|c|\u2606kouseki|hf\n|inactive|kouseki has 120 seconds left.\n|\n|t:|1699751321\n|start\n|switch|p1a: Slowking|Slowking, M|100\/100\n|switch|p2a: Great Tusk|Great Tusk|100\/100\n|turn|1\n|\n|t:|1699751331\n|move|p2a: Great Tusk|Knock Off|p1a: Slowking\n|-supereffective|p1a: Slowking\n|-damage|p1a: Slowking|25\/100\n|-enditem|p1a: Slowking|Heavy-Duty Boots|[from] move: Knock Off|[of] p2a: Great Tusk\n|move|p1a: Slowking|Scald|p2a: Great Tusk\n|-supereffective|p2a: Great Tusk\n|-damage|p2a: Great Tusk|8\/100\n|\n|upkeep\n|turn|2\n|\n|t:|1699751341\n|switch|p1a: Clefable|Clefable, F|100\/100\n|move|p2a: Great Tusk|Headlong Rush|p1a: Clefable\n|-damage|p1a: Clefable|42\/100\n|-unboost|p2a: Great Tusk|def|1\n|-unboost|p2a: Great Tusk|spd|1\n|\n|upkeep\n|turn|3\n|\n|t:|1699751349\n|switch|p1a: Dragonite|Dragonite, M|100\/100\n|move|p2a: Great Tusk|Headlong Rush|p1a: Dragonite\n|-immune|p1a: Dragonite\n|\n|upkeep\n|turn|4\n|\n|t:|1699751357\n|-end|p2a: Great Tusk|Protosynthesis|[silent]\n|switch|p2a: Moltres|Moltres|100\/100\n|switch|p1a: Gliscor|Gliscor, F|100\/100\n|\n|-status|p1a: Gliscor|tox|[from] item: Toxic Orb\n|upkeep\n|turn|5\n|\n|t:|1699751365\n|switch|p2a: Ting-Lu|Ting-Lu|100\/100\n|-ability|p2a: Ting-Lu|Vessel of Ruin\n|move|p1a: Gliscor|Swords Dance|p1a: Gliscor\n|-boost|p1a: Gliscor|atk|2\n|\n|upkeep\n|turn|6\n|\n|t:|1699751371\n|move|p1a: Gliscor|Knock Off|p2a: Ting-Lu\n|-resisted|p2a: Ting-Lu\n|-damage|p2a: Ting-Lu|89\/100\n|-enditem|p2a: Ting-Lu|Red Card|[from] move: Knock Off|[of] p1a: Gliscor\n|move|p2a: Ting-Lu|Stealth Rock|p1a: Gliscor\n|-sidestart|p1: kouseki|move: Stealth Rock\n|\n|upkeep\n|turn|7\n|\n|t:|1699751379\n|move|p1a: Gliscor|Facade|p2a: Ting-Lu\n|-damage|p2a: Ting-Lu|53\/100\n|move|p2a: Ting-Lu|Ruination|p1a: Gliscor\n|-damage|p1a: Gliscor|50\/100 tox\n|\n|-heal|p1a: Gliscor|63\/100 tox|[from] ability: Poison Heal\n|upkeep\n|turn|8\n|\n|t:|1699751388\n|move|p1a: Gliscor|Knock Off|p2a: Ting-Lu\n|-resisted|p2a: Ting-Lu\n|-damage|p2a: Ting-Lu|45\/100\n|move|p2a: Ting-Lu|Spikes|p1a: Gliscor\n|-sidestart|p1: kouseki|Spikes\n|\n|-heal|p1a: Gliscor|75\/100 tox|[from] ability: Poison Heal\n|upkeep\n|turn|9\n|\n|t:|1699751392\n|move|p1a: Gliscor|Facade|p2a: Ting-Lu\n|-damage|p2a: Ting-Lu|8\/100\n|move|p2a: Ting-Lu|Ruination|p1a: Gliscor\n|-damage|p1a: Gliscor|38\/100 tox\n|\n|-heal|p1a: Gliscor|50\/100 tox|[from] ability: Poison Heal\n|upkeep\n|turn|10\n|\n|t:|1699751397\n|move|p1a: Gliscor|Facade|p2a: Ting-Lu\n|-damage|p2a: Ting-Lu|0 fnt\n|faint|p2a: Ting-Lu\n|\n|-heal|p1a: Gliscor|63\/100 tox|[from] ability: Poison Heal\n|upkeep\n|\n|t:|1699751398\n|switch|p2a: Rillaboom|Rillaboom, F|100\/100\n|-fieldstart|move: Grassy Terrain|[from] ability: Grassy Surge|[of] p2a: Rillaboom\n|turn|11\n|\n|t:|1699751407\n|move|p1a: Gliscor|Protect|p1a: Gliscor\n|-singleturn|p1a: Gliscor|Protect\n|move|p2a: Rillaboom|U-turn|p1a: Gliscor\n|-activate|p1a: Gliscor|move: Protect\n|\n|-heal|p1a: Gliscor|75\/100 tox|[from] ability: Poison Heal\n|upkeep\n|turn|12\n|j| Tabata Tandemaus\n|\n|t:|1699751417\n|switch|p2a: Gholdengo|Gholdengo|100\/100\n|-item|p2a: Gholdengo|Air Balloon\n|switch|p1a: Iron Moth|Iron Moth|100\/100\n|\n|upkeep\n|turn|13\n|\n|t:|1699751425\n|switch|p2a: Moltres|Moltres|100\/100\n|move|p1a: Iron Moth|Flamethrower|p2a: Moltres\n|-resisted|p2a: Moltres\n|-damage|p2a: Moltres|82\/100\n|\n|upkeep\n|turn|14\n|\n|t:|1699751431\n|switch|p2a: Sneasler|Sneasler, M|100\/100\n|-enditem|p2a: Sneasler|Grassy Seed\n|-boost|p2a: Sneasler|def|1|[from] item: Grassy Seed\n|move|p1a: Iron Moth|Toxic|p2a: Sneasler\n|-immune|p2a: Sneasler\n|\n|upkeep\n|turn|15\n|\n|t:|1699751439\n|move|p2a: Sneasler|Swords Dance|p2a: Sneasler\n|-boost|p2a: Sneasler|atk|2\n|move|p1a: Iron Moth|Flamethrower|p2a: Sneasler\n|-damage|p2a: Sneasler|55\/100\n|\n|-heal|p2a: Sneasler|62\/100|[from] Grassy Terrain\n|-fieldend|move: Grassy Terrain\n|upkeep\n|turn|16\n|\n|t:|1699751447\n|-end|p1a: Iron Moth|Quark Drive|[silent]\n|switch|p1a: Clefable|Clefable, F|42\/100\n|move|p2a: Sneasler|Acrobatics|p1a: Clefable\n|-damage|p1a: Clefable|0 fnt\n|faint|p1a: Clefable\n|\n|-damage|p2a: Sneasler|49\/100|[from] item: Sticky Barb\n|upkeep\n|\n|t:|1699751461\n|switch|p1a: Dragonite|Dragonite, M|100\/100\n|turn|17\n|j| cvvyyuyu656ererw\n|\n|t:|1699751471\n|move|p2a: Sneasler|Dire Claw|p1a: Dragonite\n|-damage|p1a: Dragonite|61\/100\n|move|p1a: Dragonite|Roost|p1a: Dragonite\n|-heal|p1a: Dragonite|100\/100\n|-singleturn|p1a: Dragonite|move: Roost\n|\n|-damage|p2a: Sneasler|37\/100|[from] item: Sticky Barb\n|upkeep\n|turn|18\n|\n|t:|1699751477\n|move|p2a: Sneasler|Dire Claw|p1a: Dragonite\n|-damage|p1a: Dragonite|60\/100\n|-status|p1a: Dragonite|psn\n|move|p1a: Dragonite|Dragon Dance|p1a: Dragonite\n|-boost|p1a: Dragonite|atk|1\n|-boost|p1a: Dragonite|spe|1\n|\n|-damage|p1a: Dragonite|48\/100 psn|[from] psn\n|-damage|p2a: Sneasler|24\/100|[from] item: Sticky Barb\n|upkeep\n|turn|19\n|\n|t:|1699751487\n|switch|p2a: Gholdengo|Gholdengo|100\/100\n|-item|p2a: Gholdengo|Air Balloon\n|move|p1a: Dragonite|Extreme Speed|p2a: Gholdengo\n|-immune|p2a: Gholdengo\n|\n|-damage|p1a: Dragonite|35\/100 psn|[from] psn\n|upkeep\n|turn|20\n|\n|t:|1699751513\n|switch|p1a: Iron Moth|Iron Moth|100\/100\n|switch|p2a: Great Tusk|Great Tusk|8\/100\n|\n|upkeep\n|turn|21\n|\n|t:|1699751521\n|-end|p2a: Great Tusk|Protosynthesis|[silent]\n|switch|p2a: Moltres|Moltres|82\/100\n|move|p1a: Iron Moth|Flamethrower|p2a: Moltres\n|-resisted|p2a: Moltres\n|-damage|p2a: Moltres|63\/100\n|\n|upkeep\n|turn|22\n|\n|t:|1699751527\n|switch|p2a: Sneasler|Sneasler, M|24\/100\n|move|p1a: Iron Moth|Flamethrower|p2a: Sneasler\n|-damage|p2a: Sneasler|0 fnt\n|faint|p2a: Sneasler\n|\n|upkeep\n|\n|t:|1699751534\n|switch|p2a: Moltres|Moltres|63\/100\n|turn|23\n|\n|t:|1699751538\n|move|p1a: Iron Moth|Toxic|p2a: Moltres\n|-status|p2a: Moltres|tox\n|move|p2a: Moltres|Hurricane|p1a: Iron Moth\n|-damage|p1a: Iron Moth|64\/100\n|\n|-damage|p2a: Moltres|57\/100 tox|[from] psn\n|upkeep\n|turn|24\n|\n|t:|1699751543\n|move|p1a: Iron Moth|Morning Sun|p1a: Iron Moth\n|-heal|p1a: Iron Moth|100\/100\n|move|p2a: Moltres|Roost|p2a: Moltres\n|-heal|p2a: Moltres|100\/100 tox\n|-singleturn|p2a: Moltres|move: Roost\n|\n|-damage|p2a: Moltres|88\/100 tox|[from] psn\n|upkeep\n|turn|25\n|\n|t:|1699751551\n|move|p1a: Iron Moth|Flamethrower|p2a: Moltres\n|-resisted|p2a: Moltres\n|-crit|p2a: Moltres\n|-damage|p2a: Moltres|58\/100 tox\n|move|p2a: Moltres|Hurricane|p1a: Iron Moth\n|-damage|p1a: Iron Moth|63\/100\n|\n|-damage|p2a: Moltres|40\/100 tox|[from] psn\n|upkeep\n|turn|26\n|\n|t:|1699751567\n|move|p1a: Iron Moth|Morning Sun|p1a: Iron Moth\n|-heal|p1a: Iron Moth|100\/100\n|move|p2a: Moltres|Hurricane|p1a: Iron Moth\n|-damage|p1a: Iron Moth|57\/100\n|\n|-damage|p2a: Moltres|16\/100 tox|[from] psn\n|upkeep\n|turn|27\n|j| lgang007\n|\n|t:|1699751578\n|move|p1a: Iron Moth|Flamethrower|p2a: Moltres\n|-resisted|p2a: Moltres\n|-damage|p2a: Moltres|0 fnt\n|faint|p2a: Moltres\n|\n|upkeep\n|\n|t:|1699751581\n|switch|p2a: Gholdengo|Gholdengo|100\/100\n|-item|p2a: Gholdengo|Air Balloon\n|turn|28\n|j| CutePokesOnly\n|inactive|mcp3 has 120 seconds left.\n|l| lgang007\n|inactive|mcp3 has 90 seconds left.\n|j| HotheadIsTheGoat\n|\n|t:|1699751669\n|move|p1a: Iron Moth|U-turn|p2a: Gholdengo\n|-resisted|p2a: Gholdengo\n|-damage|p2a: Gholdengo|98\/100\n|-enditem|p2a: Gholdengo|Air Balloon\n|\n|t:|1699751673\n|-end|p1a: Iron Moth|Quark Drive|[silent]\n|switch|p1a: Slowking|Slowking, M|59\/100|[from] U-turn\n|-damage|p1a: Slowking|46\/100|[from] Stealth Rock\n|-damage|p1a: Slowking|34\/100|[from] Spikes\n|move|p2a: Gholdengo|Psyshock|p1a: Slowking\n|-resisted|p1a: Slowking\n|-damage|p1a: Slowking|21\/100\n|\n|upkeep\n|turn|29\n|\n|t:|1699751680\n|move|p2a: Gholdengo|Shadow Ball|p1a: Slowking\n|-supereffective|p1a: Slowking\n|-crit|p1a: Slowking\n|-damage|p1a: Slowking|0 fnt\n|faint|p1a: Slowking\n|\n|upkeep\n|\n|t:|1699751685\n|switch|p1a: Gliscor|Gliscor, F|75\/100 tox\n|-damage|p1a: Gliscor|63\/100 tox|[from] Stealth Rock\n|turn|30\n|\n|t:|1699751689\n|switch|p2a: Rillaboom|Rillaboom, F|100\/100\n|-fieldstart|move: Grassy Terrain|[from] ability: Grassy Surge|[of] p2a: Rillaboom\n|move|p1a: Gliscor|Knock Off|p2a: Rillaboom\n|-damage|p2a: Rillaboom|76\/100\n|-enditem|p2a: Rillaboom|Choice Band|[from] move: Knock Off|[of] p1a: Gliscor\n|\n|-heal|p2a: Rillaboom|82\/100|[from] Grassy Terrain\n|-heal|p1a: Gliscor|75\/100 tox|[from] ability: Poison Heal\n|upkeep\n|turn|31\n|\n|t:|1699751694\n|move|p1a: Gliscor|Protect|p1a: Gliscor\n|-singleturn|p1a: Gliscor|Protect\n|move|p2a: Rillaboom|Wood Hammer|p1a: Gliscor\n|-activate|p1a: Gliscor|move: Protect\n|\n|-heal|p2a: Rillaboom|88\/100|[from] Grassy Terrain\n|-heal|p1a: Gliscor|88\/100 tox|[from] ability: Poison Heal\n|upkeep\n|turn|32\n|\n|t:|1699751706\n|move|p2a: Rillaboom|Knock Off|p1a: Gliscor\n|-damage|p1a: Gliscor|61\/100 tox\n|-enditem|p1a: Gliscor|Toxic Orb|[from] move: Knock Off|[of] p2a: Rillaboom\n|move|p1a: Gliscor|Swords Dance|p1a: Gliscor\n|-boost|p1a: Gliscor|atk|2\n|\n|-heal|p2a: Rillaboom|95\/100|[from] Grassy Terrain\n|-heal|p1a: Gliscor|73\/100 tox|[from] ability: Poison Heal\n|upkeep\n|turn|33\n|\n|t:|1699751713\n|switch|p2a: Great Tusk|Great Tusk|8\/100\n|move|p1a: Gliscor|Protect||[still]\n|-fail|p1a: Gliscor\n|\n|-heal|p2a: Great Tusk|15\/100|[from] Grassy Terrain\n|-heal|p1a: Gliscor|86\/100 tox|[from] ability: Poison Heal\n|upkeep\n|turn|34\n|\n|t:|1699751717\n|move|p1a: Gliscor|Protect|p1a: Gliscor\n|-singleturn|p1a: Gliscor|Protect\n|move|p2a: Great Tusk|Ice Spinner|p1a: Gliscor\n|-activate|p1a: Gliscor|move: Protect\n|\n|-heal|p2a: Great Tusk|21\/100|[from] Grassy Terrain\n|-heal|p1a: Gliscor|98\/100 tox|[from] ability: Poison Heal\n|-fieldend|move: Grassy Terrain\n|upkeep\n|turn|35\n|inactive|mcp3 has 120 seconds left.\n|\n|t:|1699751723\n|-terastallize|p1a: Gliscor|Normal\n|move|p2a: Great Tusk|Ice Spinner|p1a: Gliscor\n|-damage|p1a: Gliscor|75\/100 tox\n|move|p1a: Gliscor|Facade|p2a: Great Tusk\n|-damage|p2a: Great Tusk|0 fnt\n|faint|p2a: Great Tusk\n|-end|p2a: Great Tusk|Protosynthesis|[silent]\n|\n|-heal|p1a: Gliscor|88\/100 tox|[from] ability: Poison Heal\n|upkeep\n|inactive|mcp3 has 120 seconds left.\n|\n|t:|1699751733\n|switch|p2a: Rillaboom|Rillaboom, F|95\/100\n|-fieldstart|move: Grassy Terrain|[from] ability: Grassy Surge|[of] p2a: Rillaboom\n|turn|36\n|\n|t:|1699751737\n|-terastallize|p2a: Rillaboom|Grass\n|move|p1a: Gliscor|Protect|p1a: Gliscor\n|-singleturn|p1a: Gliscor|Protect\n|move|p2a: Rillaboom|Wood Hammer|p1a: Gliscor\n|-activate|p1a: Gliscor|move: Protect\n|\n|-heal|p2a: Rillaboom|100\/100|[from] Grassy Terrain\n|-heal|p1a: Gliscor|94\/100 tox|[from] Grassy Terrain\n|-heal|p1a: Gliscor|100\/100 tox|[from] ability: Poison Heal\n|upkeep\n|turn|37\n|\n|t:|1699751745\n|move|p2a: Rillaboom|Wood Hammer|p1a: Gliscor\n|-damage|p1a: Gliscor|11\/100 tox\n|-damage|p2a: Rillaboom|71\/100|[from] Recoil\n|move|p1a: Gliscor|Facade|p2a: Rillaboom\n|-damage|p2a: Rillaboom|0 fnt\n|faint|p2a: Rillaboom\n|\n|-heal|p1a: Gliscor|17\/100 tox|[from] Grassy Terrain\n|-heal|p1a: Gliscor|29\/100 tox|[from] ability: Poison Heal\n|upkeep\n|\n|t:|1699751747\n|switch|p2a: Gholdengo|Gholdengo|98\/100\n|turn|38\n|\n|t:|1699751758\n|move|p2a: Gholdengo|Nasty Plot|p2a: Gholdengo\n|-boost|p2a: Gholdengo|spa|2\n|move|p1a: Gliscor|Knock Off|p2a: Gholdengo\n|-supereffective|p2a: Gholdengo\n|-damage|p2a: Gholdengo|43\/100\n|\n|-heal|p2a: Gholdengo|49\/100|[from] Grassy Terrain\n|-heal|p1a: Gliscor|36\/100 tox|[from] Grassy Terrain\n|-heal|p1a: Gliscor|48\/100 tox|[from] ability: Poison Heal\n|upkeep\n|turn|39\n|\n|t:|1699751762\n|move|p2a: Gholdengo|Dazzling Gleam|p1a: Gliscor\n|-damage|p1a: Gliscor|0 fnt\n|faint|p1a: Gliscor\n|\n|-heal|p2a: Gholdengo|55\/100|[from] Grassy Terrain\n|upkeep\n|\n|t:|1699751764\n|switch|p1a: Iron Moth|Iron Moth|57\/100\n|turn|40\n|\n|t:|1699751765\n|move|p1a: Iron Moth|Flamethrower|p2a: Gholdengo\n|-supereffective|p2a: Gholdengo\n|-damage|p2a: Gholdengo|0 fnt\n|faint|p2a: Gholdengo\n|\n|win|kouseki\n|raw|kouseki's rating: 1733 &rarr; <strong>1755<\/strong><br \/>(+22 for winning)\n|raw|mcp3's rating: 1775 &rarr; <strong>1753<\/strong><br \/>(-22 for losing)\n|c|\u2606mcp3|gg\n|l|\u2606mcp3\n|c|\u2606kouseki|gg\n|l| HotheadIsTheGoat\n|l|\u2606kouseki\n|l| CutePokesOnly\n","uploadtime":1699752154,"views":10,"p1id":"kouseki","p2id":"mcp3","formatid":"gen9ou","rating":1753,"private":0,"password":""}