{"id":"gen9ou-1992537948","p1":"CrushMeGoodra","p2":"S3PP1","format":"[Gen 9] OU","log":"|j|\u2606CrushMeGoodra\n|j|\u2606S3PP1\n|t:|1700201772\n|gametype|singles\n|player|p1|CrushMeGoodra|poppy|\n|player|p2|S3PP1|chuck|\n|teamsize|p1|6\n|teamsize|p2|6\n|gen|9\n|tier|[Gen 9] OU\n|rule|Sleep Clause Mod: Limit one foe put to sleep\n|rule|Species Clause: Limit one of each Pok\u00e9mon\n|rule|OHKO Clause: OHKO moves are banned\n|rule|Evasion Items Clause: Evasion items are banned\n|rule|Evasion Moves Clause: Evasion moves are banned\n|rule|Endless Battle Clause: Forcing endless battles is banned\n|rule|HP Percentage Mod: HP is shown in percentages\n|clearpoke\n|poke|p1|Ceruledge, F|\n|poke|p1|Kommo-o, M|\n|poke|p1|Grimmsnarl, M|\n|poke|p1|Gyarados, F|\n|poke|p1|Bisharp, M|\n|poke|p1|Torterra, F|\n|poke|p2|Manaphy|\n|poke|p2|Gholdengo|\n|poke|p2|Mamoswine, M|\n|poke|p2|Polteageist|\n|poke|p2|Golem, F|\n|poke|p2|Yanmega, F|\n|teampreview\n|inactive|Battle timer is ON: inactive players will automatically lose when time's up. (requested by S3PP1)\n|\n|t:|1700201778\n|start\n|switch|p1a: Rar|Grimmsnarl, M|100\/100\n|switch|p2a: One piece 5|Golem, F|100\/100\n|turn|1\n|\n|t:|1700201784\n|move|p1a: Rar|Taunt|p2a: One piece 5\n|-start|p2a: One piece 5|move: Taunt\n|cant|p2a: One piece 5|move: Taunt|Stealth Rock\n|\n|upkeep\n|turn|2\n|\n|t:|1700201788\n|move|p1a: Rar|Reflect|p1a: Rar\n|-sidestart|p1: CrushMeGoodra|Reflect\n|move|p2a: One piece 5|Explosion|p1a: Rar\n|-damage|p1a: Rar|50\/100\n|faint|p2a: One piece 5\n|\n|upkeep\n|\n|t:|1700201795\n|switch|p2a: One piece 1|Manaphy|100\/100\n|turn|3\n|\n|t:|1700201803\n|move|p1a: Rar|Taunt|p2a: One piece 1\n|-start|p2a: One piece 1|move: Taunt\n|cant|p2a: One piece 1|move: Taunt|Tail Glow\n|\n|upkeep\n|turn|4\n|\n|t:|1700201807\n|move|p1a: Rar|Light Screen|p1a: Rar\n|-sidestart|p1: CrushMeGoodra|move: Light Screen\n|move|p2a: One piece 1|Dazzling Gleam|p1a: Rar\n|-supereffective|p1a: Rar\n|-damage|p1a: Rar|30\/100\n|\n|upkeep\n|turn|5\n|\n|t:|1700201823\n|switch|p2a: One piece 6|Yanmega, F|100\/100\n|move|p1a: Rar|Parting Shot|p2a: One piece 6\n|-unboost|p2a: One piece 6|atk|1\n|-unboost|p2a: One piece 6|spa|1\n|j| BeardoftheRed\n|\n|t:|1700201837\n|switch|p1a: Tree|Torterra, F|100\/100|[from] Parting Shot\n|\n|upkeep\n|turn|6\n|\n|t:|1700201844\n|switch|p2a: One piece 3|Mamoswine, M|100\/100\n|move|p1a: Tree|Shell Smash|p1a: Tree\n|-unboost|p1a: Tree|def|1\n|-unboost|p1a: Tree|spd|1\n|-boost|p1a: Tree|atk|2\n|-boost|p1a: Tree|spa|2\n|-boost|p1a: Tree|spe|2\n|\n|upkeep\n|turn|7\n|\n|t:|1700201854\n|move|p1a: Tree|Bullet Seed|p2a: One piece 3\n|-supereffective|p2a: One piece 3\n|-damage|p2a: One piece 3|44\/100\n|-supereffective|p2a: One piece 3\n|-damage|p2a: One piece 3|0 fnt\n|faint|p2a: One piece 3\n|-hitcount|p2: One piece 3|2\n|\n|upkeep\n|\n|t:|1700201867\n|switch|p2a: One piece 2|Gholdengo|100\/100\n|turn|8\n|\n|t:|1700201871\n|move|p1a: Tree|Headlong Rush|p2a: One piece 2\n|-supereffective|p2a: One piece 2\n|-damage|p2a: One piece 2|0 fnt\n|-unboost|p1a: Tree|def|1\n|-unboost|p1a: Tree|spd|1\n|faint|p2a: One piece 2\n|\n|upkeep\n|\n|t:|1700201874\n|switch|p2a: One piece 4|Polteageist|100\/100\n|turn|9\n|\n|t:|1700201879\n|move|p1a: Tree|Bullet Seed|p2a: One piece 4\n|-damage|p2a: One piece 4|55\/100\n|-ability|p2a: One piece 4|Weak Armor|boost\n|-unboost|p2a: One piece 4|def|1\n|-boost|p2a: One piece 4|spe|2\n|-damage|p2a: One piece 4|0 fnt\n|faint|p2a: One piece 4\n|-hitcount|p2: One piece 4|2\n|\n|-sideend|p1: CrushMeGoodra|Reflect\n|upkeep\n|\n|t:|1700201882\n|switch|p2a: One piece 1|Manaphy|100\/100\n|turn|10\n|\n|t:|1700201886\n|move|p1a: Tree|Bullet Seed|p2a: One piece 1\n|-supereffective|p2a: One piece 1\n|-damage|p2a: One piece 1|57\/100\n|-supereffective|p2a: One piece 1\n|-damage|p2a: One piece 1|15\/100\n|-supereffective|p2a: One piece 1\n|-damage|p2a: One piece 1|0 fnt\n|faint|p2a: One piece 1\n|-hitcount|p2: One piece 1|3\n|\n|upkeep\n|\n|t:|1700201889\n|switch|p2a: One piece 6|Yanmega, F|100\/100\n|turn|11\n|\n|t:|1700201891\n|move|p1a: Tree|Rock Blast|p2a: One piece 6\n|-supereffective|p2a: One piece 6\n|-damage|p2a: One piece 6|12\/100\n|-supereffective|p2a: One piece 6\n|-damage|p2a: One piece 6|0 fnt\n|faint|p2a: One piece 6\n|-hitcount|p2: One piece 6|2\n|\n|win|CrushMeGoodra\n","uploadtime":1700201904,"views":21,"p1id":"crushmegoodra","p2id":"s3pp1","formatid":"gen9ou","rating":0,"private":0,"password":""}