{"id":"gen9ou-1991433686","p1":"RSDPM","p2":"Winter_Redstone","format":"[Gen 9] OU","log":"|j|\u2606RSDPM\n|j|\u2606Winter_Redstone\n|t:|1700076732\n|gametype|singles\n|player|p1|RSDPM|riley|1304\n|player|p2|Winter_Redstone|265|1195\n|teamsize|p1|6\n|teamsize|p2|6\n|gen|9\n|tier|[Gen 9] OU\n|rated|\n|rule|Sleep Clause Mod: Limit one foe put to sleep\n|rule|Species Clause: Limit one of each Pok\u00e9mon\n|rule|OHKO Clause: OHKO moves are banned\n|rule|Evasion Items Clause: Evasion items are banned\n|rule|Evasion Moves Clause: Evasion moves are banned\n|rule|Endless Battle Clause: Forcing endless battles is banned\n|rule|HP Percentage Mod: HP is shown in percentages\n|clearpoke\n|poke|p1|Wyrdeer, F|\n|poke|p1|Kleavor, M|\n|poke|p1|Ursaluna, M|\n|poke|p1|Basculegion-F, F|\n|poke|p1|Sneasler, F|\n|poke|p1|Overqwil, M|\n|poke|p2|Thundurus, M|\n|poke|p2|Zamazenta-*|\n|poke|p2|Iron Moth|\n|poke|p2|Landorus-Therian, M|\n|poke|p2|Iron Valiant|\n|poke|p2|Ogerpon-Wellspring, F|\n|teampreview\n|\n|t:|1700076747\n|start\n|switch|p1a: Overqwil|Overqwil, M|100\/100\n|switch|p2a: Thundurus|Thundurus, M|100\/100\n|-ability|p1a: Overqwil|Intimidate|boost\n|-unboost|p2a: Thundurus|atk|1\n|turn|1\n|\n|t:|1700076755\n|move|p2a: Thundurus|Taunt|p1a: Overqwil\n|-hint|Since gen 7, Dark is immune to Prankster moves.\n|-immune|p1a: Overqwil\n|move|p1a: Overqwil|Toxic|p2a: Thundurus\n|-status|p2a: Thundurus|tox\n|\n|-damage|p2a: Thundurus|94\/100 tox|[from] psn\n|upkeep\n|turn|2\n|\n|t:|1700076764\n|move|p2a: Thundurus|Wildbolt Storm|p1a: Overqwil\n|-damage|p1a: Overqwil|39\/100\n|move|p1a: Overqwil|Spikes|p2a: Thundurus\n|-sidestart|p2: Winter_Redstone|Spikes\n|\n|-heal|p1a: Overqwil|45\/100|[from] item: Black Sludge\n|-damage|p2a: Thundurus|82\/100 tox|[from] psn\n|upkeep\n|turn|3\n|\n|t:|1700076773\n|move|p1a: Overqwil|Protect|p1a: Overqwil\n|-singleturn|p1a: Overqwil|Protect\n|move|p2a: Thundurus|Wildbolt Storm|p1a: Overqwil\n|-activate|p1a: Overqwil|move: Protect\n|\n|-heal|p1a: Overqwil|52\/100|[from] item: Black Sludge\n|-damage|p2a: Thundurus|64\/100 tox|[from] psn\n|upkeep\n|turn|4\n|\n|t:|1700076782\n|move|p2a: Thundurus|Wildbolt Storm|p1a: Overqwil\n|-damage|p1a: Overqwil|0 fnt\n|faint|p1a: Overqwil\n|\n|-damage|p2a: Thundurus|40\/100 tox|[from] psn\n|upkeep\n|\n|t:|1700076792\n|switch|p1a: Kleavor|Kleavor, M|100\/100\n|turn|5\n|\n|t:|1700076800\n|switch|p2a: Zamazenta|Zamazenta|100\/100\n|-ability|p2a: Zamazenta|Dauntless Shield|boost\n|-boost|p2a: Zamazenta|def|1\n|move|p1a: Kleavor|Stone Axe|p2a: Zamazenta\n|-resisted|p2a: Zamazenta\n|-damage|p2a: Zamazenta|83\/100\n|-sidestart|p2: Winter_Redstone|move: Stealth Rock\n|\n|upkeep\n|turn|6\n|\n|t:|1700076809\n|switch|p1a: Ursaluna|Ursaluna, M|100\/100\n|move|p2a: Zamazenta|Stone Edge|p1a: Ursaluna|[miss]\n|-miss|p2a: Zamazenta|p1a: Ursaluna\n|\n|-status|p1a: Ursaluna|brn|[from] item: Flame Orb\n|upkeep\n|turn|7\n|\n|t:|1700076817\n|-terastallize|p1a: Ursaluna|Ghost\n|move|p2a: Zamazenta|Close Combat|p1a: Ursaluna\n|-immune|p1a: Ursaluna\n|move|p1a: Ursaluna|Facade|p2a: Zamazenta\n|-damage|p2a: Zamazenta|4\/100\n|\n|-damage|p1a: Ursaluna|94\/100 brn|[from] brn\n|upkeep\n|turn|8\n|\n|t:|1700076828\n|move|p2a: Zamazenta|Stone Edge|p1a: Ursaluna\n|-damage|p1a: Ursaluna|71\/100 brn\n|move|p1a: Ursaluna|Facade|p2a: Zamazenta\n|-damage|p2a: Zamazenta|0 fnt\n|faint|p2a: Zamazenta\n|\n|-damage|p1a: Ursaluna|65\/100 brn|[from] brn\n|upkeep\n|\n|t:|1700076841\n|switch|p2a: Landorus|Landorus-Therian, M|100\/100\n|-damage|p2a: Landorus|88\/100|[from] Stealth Rock\n|-ability|p2a: Landorus|Intimidate|boost\n|-unboost|p1a: Ursaluna|atk|1\n|turn|9\n|\n|t:|1700076847\n|move|p2a: Landorus|Crunch|p1a: Ursaluna\n|-supereffective|p1a: Ursaluna\n|-damage|p1a: Ursaluna|3\/100 brn\n|move|p1a: Ursaluna|Avalanche|p2a: Landorus\n|-supereffective|p2a: Landorus\n|-damage|p2a: Landorus|0 fnt\n|faint|p2a: Landorus\n|\n|-damage|p1a: Ursaluna|0 fnt|[from] brn\n|faint|p1a: Ursaluna\n|upkeep\n|\n|t:|1700076877\n|switch|p2a: Iron Valiant|Iron Valiant|100\/100\n|switch|p1a: Basculegion|Basculegion-F, F|100\/100\n|-damage|p2a: Iron Valiant|88\/100|[from] Spikes\n|-damage|p2a: Iron Valiant|82\/100|[from] Stealth Rock\n|turn|10\n|\n|t:|1700076886\n|move|p2a: Iron Valiant|Thunderbolt|p1a: Basculegion\n|-supereffective|p1a: Basculegion\n|-damage|p1a: Basculegion|38\/100\n|move|p1a: Basculegion|Shadow Ball|p2a: Iron Valiant\n|-damage|p2a: Iron Valiant|0 fnt\n|faint|p2a: Iron Valiant\n|-end|p2a: Iron Valiant|Quark Drive|[silent]\n|-damage|p1a: Basculegion|28\/100|[from] item: Life Orb\n|\n|upkeep\n|\n|t:|1700076893\n|switch|p2a: Ogerpon|Ogerpon-Wellspring, F|100\/100\n|-damage|p2a: Ogerpon|88\/100|[from] Spikes\n|-damage|p2a: Ogerpon|76\/100|[from] Stealth Rock\n|turn|11\n|\n|t:|1700076899\n|move|p2a: Ogerpon|Horn Leech|p1a: Basculegion\n|-supereffective|p1a: Basculegion\n|-damage|p1a: Basculegion|0 fnt\n|-heal|p2a: Ogerpon|93\/100|[from] drain|[of] p1a: Basculegion\n|faint|p1a: Basculegion\n|\n|upkeep\n|\n|t:|1700076910\n|switch|p1a: Sneasler|Sneasler, F|100\/100\n|turn|12\n|\n|t:|1700076924\n|switch|p2a: Iron Moth|Iron Moth|100\/100\n|-damage|p2a: Iron Moth|88\/100|[from] Spikes\n|-damage|p2a: Iron Moth|63\/100|[from] Stealth Rock\n|move|p1a: Sneasler|Dire Claw|p2a: Iron Moth\n|-resisted|p2a: Iron Moth\n|-damage|p2a: Iron Moth|25\/100\n|\n|upkeep\n|turn|13\n|\n|t:|1700076937\n|move|p1a: Sneasler|Bulk Up|p1a: Sneasler\n|-boost|p1a: Sneasler|atk|1\n|-boost|p1a: Sneasler|def|1\n|move|p2a: Iron Moth|Overheat|p1a: Sneasler\n|-damage|p1a: Sneasler|0 fnt\n|-unboost|p2a: Iron Moth|spa|2\n|faint|p1a: Sneasler\n|\n|upkeep\n|\n|t:|1700076942\n|switch|p1a: Kleavor|Kleavor, M|100\/100\n|turn|14\n|\n|t:|1700076946\n|move|p1a: Kleavor|X-Scissor|p2a: Iron Moth\n|-resisted|p2a: Iron Moth\n|-damage|p2a: Iron Moth|0 fnt\n|faint|p2a: Iron Moth\n|-end|p2a: Iron Moth|Quark Drive|[silent]\n|\n|upkeep\n|\n|t:|1700076953\n|switch|p2a: Thundurus|Thundurus, M|40\/100 tox\n|turn|15\n|\n|t:|1700076960\n|move|p1a: Kleavor|X-Scissor|p2a: Thundurus\n|-resisted|p2a: Thundurus\n|-damage|p2a: Thundurus|0 fnt\n|faint|p2a: Thundurus\n|\n|upkeep\n|\n|t:|1700076963\n|switch|p2a: Ogerpon|Ogerpon-Wellspring, F|93\/100\n|-damage|p2a: Ogerpon|81\/100|[from] Spikes\n|-damage|p2a: Ogerpon|69\/100|[from] Stealth Rock\n|turn|16\n|\n|t:|1700076970\n|-terastallize|p2a: Ogerpon|Water\n|detailschange|p2a: Ogerpon|Ogerpon-Wellspring-Tera, F, tera:Water\n|-ability|p2a: Ogerpon|Embody Aspect (Wellspring)|boost\n|-boost|p2a: Ogerpon|spd|1\n|move|p1a: Kleavor|X-Scissor|p2a: Ogerpon\n|-damage|p2a: Ogerpon|0 fnt\n|faint|p2a: Ogerpon\n|\n|win|RSDPM\n|raw|RSDPM's rating: 1304 &rarr; <strong>1318<\/strong><br \/>(+14 for winning)\n|raw|Winter_Redstone's rating: 1195 &rarr; <strong>1178<\/strong><br \/>(-17 for losing)\n|l|\u2606Winter_Redstone\n","uploadtime":1700076989,"views":8,"p1id":"rsdpm","p2id":"winterredstone","formatid":"gen9ou","rating":1178,"private":0,"password":""}