{"id":"gen9ou-1994072539","p1":"Shinka teste","p2":"GARF DID","format":"[Gen 9] OU","log":"|j|\u2606Shinka teste\n|j|\u2606GARF DID\n|t:|1700403245\n|gametype|singles\n|player|p1|Shinka teste|266|1441\n|player|p2|GARF DID|tuber|1573\n|teamsize|p1|6\n|teamsize|p2|6\n|gen|9\n|tier|[Gen 9] OU\n|rated|\n|rule|Sleep Clause Mod: Limit one foe put to sleep\n|rule|Species Clause: Limit one of each Pok\u00e9mon\n|rule|OHKO Clause: OHKO moves are banned\n|rule|Evasion Items Clause: Evasion items are banned\n|rule|Evasion Moves Clause: Evasion moves are banned\n|rule|Endless Battle Clause: Forcing endless battles is banned\n|rule|HP Percentage Mod: HP is shown in percentages\n|clearpoke\n|poke|p1|Dondozo, F|\n|poke|p1|Blissey, F|\n|poke|p1|Clefable, M|\n|poke|p1|Toxapex, M|\n|poke|p1|Ting-Lu|\n|poke|p1|Talonflame, F|\n|poke|p2|Dragapult, F|\n|poke|p2|Rillaboom, F|\n|poke|p2|Slowking-Galar, F|\n|poke|p2|Moltres|\n|poke|p2|Great Tusk|\n|poke|p2|Kingambit, F|\n|teampreview\n|inactive|Battle timer is ON: inactive players will automatically lose when time's up. (requested by Shinka teste)\n|\n|t:|1700403289\n|start\n|switch|p1a: Talonflame|Talonflame, F|100\/100\n|switch|p2a: Rillaboom|Rillaboom, F|100\/100\n|-fieldstart|move: Grassy Terrain|[from] ability: Grassy Surge|[of] p2a: Rillaboom\n|turn|1\n|\n|t:|1700403300\n|switch|p2a: Slowking|Slowking-Galar, F|100\/100\n|move|p1a: Talonflame|U-turn|p2a: Slowking\n|-damage|p2a: Slowking|87\/100\n|\n|t:|1700403305\n|switch|p1a: Ting-Lu|Ting-Lu|100\/100|[from] U-turn\n|-ability|p1a: Ting-Lu|Vessel of Ruin\n|\n|-heal|p2a: Slowking|93\/100|[from] Grassy Terrain\n|upkeep\n|turn|2\n|\n|t:|1700403315\n|switch|p2a: Great Tusk|Great Tusk|100\/100\n|move|p1a: Ting-Lu|Stealth Rock|p2a: Great Tusk\n|-sidestart|p2: GARF DID|move: Stealth Rock\n|\n|upkeep\n|turn|3\n|\n|t:|1700403320\n|switch|p1a: Talonflame|Talonflame, F|100\/100\n|move|p2a: Great Tusk|Stealth Rock|p1a: Talonflame\n|-sidestart|p1: Shinka teste|move: Stealth Rock\n|\n|upkeep\n|turn|4\n|\n|t:|1700403326\n|-end|p2a: Great Tusk|Protosynthesis|[silent]\n|switch|p2a: Slowking|Slowking-Galar, F|100\/100\n|move|p1a: Talonflame|Will-O-Wisp|p2a: Slowking\n|-status|p2a: Slowking|brn\n|\n|-damage|p2a: Slowking|94\/100 brn|[from] brn\n|upkeep\n|turn|5\n|\n|t:|1700403331\n|move|p1a: Talonflame|U-turn|p2a: Slowking\n|-damage|p2a: Slowking|82\/100 brn\n|\n|t:|1700403333\n|switch|p1a: Ting-Lu|Ting-Lu|100\/100|[from] U-turn\n|-ability|p1a: Ting-Lu|Vessel of Ruin\n|move|p2a: Slowking|Surf|p1a: Ting-Lu\n|-supereffective|p1a: Ting-Lu\n|-damage|p1a: Ting-Lu|80\/100\n|\n|-heal|p1a: Ting-Lu|86\/100|[from] Grassy Terrain\n|-heal|p2a: Slowking|88\/100 brn|[from] Grassy Terrain\n|-damage|p2a: Slowking|82\/100 brn|[from] brn\n|-fieldend|move: Grassy Terrain\n|upkeep\n|turn|6\n|\n|t:|1700403338\n|move|p1a: Ting-Lu|Earthquake|p2a: Slowking\n|-supereffective|p2a: Slowking\n|-damage|p2a: Slowking|13\/100 brn\n|move|p2a: Slowking|Sludge Bomb|p1a: Ting-Lu\n|-resisted|p1a: Ting-Lu\n|-damage|p1a: Ting-Lu|79\/100\n|-status|p1a: Ting-Lu|psn\n|\n|-damage|p1a: Ting-Lu|67\/100 psn|[from] psn\n|-damage|p2a: Slowking|7\/100 brn|[from] brn\n|upkeep\n|turn|7\n|\n|t:|1700403346\n|switch|p2a: Moltres|Moltres|100\/100\n|move|p1a: Ting-Lu|Spikes|p2a: Moltres\n|-sidestart|p2: GARF DID|Spikes\n|\n|-damage|p1a: Ting-Lu|54\/100 psn|[from] psn\n|upkeep\n|turn|8\n|\n|t:|1700403355\n|switch|p1a: Clefable|Clefable, M|100\/100\n|move|p2a: Moltres|Flamethrower|p1a: Clefable\n|-damage|p1a: Clefable|74\/100\n|\n|upkeep\n|turn|9\n|\n|t:|1700403364\n|move|p2a: Moltres|Flamethrower|p1a: Clefable\n|-damage|p1a: Clefable|50\/100\n|move|p1a: Clefable|Knock Off|p2a: Moltres\n|-damage|p2a: Moltres|90\/100\n|-enditem|p2a: Moltres|Heavy-Duty Boots|[from] move: Knock Off|[of] p1a: Clefable\n|\n|upkeep\n|turn|10\n|\n|t:|1700403369\n|move|p2a: Moltres|U-turn|p1a: Clefable\n|-resisted|p1a: Clefable\n|-damage|p1a: Clefable|42\/100\n|\n|t:|1700403379\n|switch|p2a: Slowking|Slowking-Galar, F|40\/100 brn|[from] U-turn\n|move|p1a: Clefable|Wish|p1a: Clefable\n|\n|-damage|p2a: Slowking|34\/100 brn|[from] brn\n|upkeep\n|turn|11\n|\n|t:|1700403394\n|move|p1a: Clefable|Protect|p1a: Clefable\n|-singleturn|p1a: Clefable|Protect\n|move|p2a: Slowking|Chilly Reception|p2a: Slowking\n|-weather|Snow\n|\n|t:|1700403405\n|switch|p2a: Rillaboom|Rillaboom, F|100\/100|[from] Chilly Reception\n|-damage|p2a: Rillaboom|88\/100|[from] Stealth Rock\n|-damage|p2a: Rillaboom|76\/100|[from] Spikes\n|-fieldstart|move: Grassy Terrain|[from] ability: Grassy Surge|[of] p2a: Rillaboom\n|\n|-weather|Snow|[upkeep]\n|-heal|p1a: Clefable|92\/100|[from] move: Wish|[wisher] Clefable\n|-heal|p2a: Rillaboom|82\/100|[from] Grassy Terrain\n|-heal|p1a: Clefable|98\/100|[from] Grassy Terrain\n|upkeep\n|turn|12\n|\n|t:|1700403411\n|switch|p1a: Talonflame|Talonflame, F|100\/100\n|move|p2a: Rillaboom|Knock Off|p1a: Talonflame\n|-damage|p1a: Talonflame|55\/100\n|-enditem|p1a: Talonflame|Heavy-Duty Boots|[from] move: Knock Off|[of] p2a: Rillaboom\n|\n|-weather|Snow|[upkeep]\n|-heal|p2a: Rillaboom|88\/100|[from] Grassy Terrain\n|upkeep\n|turn|13\n|\n|t:|1700403423\n|switch|p2a: Slowking|Slowking-Galar, F|67\/100 brn\n|move|p1a: Talonflame|Roost|p1a: Talonflame\n|-heal|p1a: Talonflame|100\/100\n|-singleturn|p1a: Talonflame|move: Roost\n|\n|-weather|Snow|[upkeep]\n|-heal|p2a: Slowking|74\/100 brn|[from] Grassy Terrain\n|-damage|p2a: Slowking|67\/100 brn|[from] brn\n|upkeep\n|turn|14\n|\n|t:|1700403429\n|move|p1a: Talonflame|U-turn|p2a: Slowking\n|-damage|p2a: Slowking|55\/100 brn\n|\n|t:|1700403435\n|switch|p1a: Ting-Lu|Ting-Lu|54\/100 psn|[from] U-turn\n|-ability|p1a: Ting-Lu|Vessel of Ruin\n|move|p2a: Slowking|Chilly Reception|p2a: Slowking\n|\n|t:|1700403443\n|switch|p2a: Great Tusk|Great Tusk|100\/100|[from] Chilly Reception\n|\n|-weather|Snow|[upkeep]\n|-heal|p1a: Ting-Lu|60\/100 psn|[from] Grassy Terrain\n|-damage|p1a: Ting-Lu|48\/100 psn|[from] psn\n|upkeep\n|turn|15\n|\n|t:|1700403450\n|switch|p1a: Talonflame|Talonflame, F|100\/100\n|-damage|p1a: Talonflame|50\/100|[from] Stealth Rock\n|move|p2a: Great Tusk|Rapid Spin|p1a: Talonflame\n|-crit|p1a: Talonflame\n|-damage|p1a: Talonflame|28\/100\n|-boost|p2a: Great Tusk|spe|1\n|-sideend|p2: GARF DID|Spikes|[from] move: Rapid Spin|[of] p2a: Great Tusk\n|-sideend|p2: GARF DID|Stealth Rock|[from] move: Rapid Spin|[of] p2a: Great Tusk\n|\n|-weather|none\n|-fieldend|move: Grassy Terrain\n|upkeep\n|turn|16\n|\n|t:|1700403455\n|move|p2a: Great Tusk|Ice Spinner|p1a: Talonflame\n|-damage|p1a: Talonflame|5\/100\n|-status|p2a: Great Tusk|brn|[from] ability: Flame Body|[of] p1a: Talonflame\n|move|p1a: Talonflame|Roost|p1a: Talonflame\n|-heal|p1a: Talonflame|55\/100\n|-singleturn|p1a: Talonflame|move: Roost\n|\n|-damage|p2a: Great Tusk|94\/100 brn|[from] brn\n|upkeep\n|turn|17\n|\n|t:|1700403463\n|-end|p2a: Great Tusk|Protosynthesis|[silent]\n|switch|p2a: Slowking|Slowking-Galar, F|88\/100 brn\n|move|p1a: Talonflame|Defog|p2a: Slowking\n|-unboost|p2a: Slowking|evasion|1\n|-sideend|p1: Shinka teste|Stealth Rock|[from] move: Defog|[of] p1a: Talonflame\n|\n|-damage|p2a: Slowking|82\/100 brn|[from] brn\n|upkeep\n|turn|18\n|\n|t:|1700403467\n|move|p1a: Talonflame|U-turn|p2a: Slowking\n|-damage|p2a: Slowking|70\/100 brn\n|\n|t:|1700403477\n|switch|p1a: Ting-Lu|Ting-Lu|48\/100 psn|[from] U-turn\n|-ability|p1a: Ting-Lu|Vessel of Ruin\n|move|p2a: Slowking|Future Sight|p1a: Ting-Lu\n|-start|p2a: Slowking|move: Future Sight\n|\n|-damage|p1a: Ting-Lu|36\/100 psn|[from] psn\n|-damage|p2a: Slowking|64\/100 brn|[from] brn\n|upkeep\n|turn|19\n|\n|t:|1700403487\n|switch|p2a: Great Tusk|Great Tusk|94\/100 brn\n|move|p1a: Ting-Lu|Rest|p1a: Ting-Lu\n|-status|p1a: Ting-Lu|slp|[from] move: Rest\n|-heal|p1a: Ting-Lu|100\/100 slp|[silent]\n|\n|-damage|p2a: Great Tusk|88\/100 brn|[from] brn\n|upkeep\n|turn|20\n|\n|t:|1700403492\n|move|p2a: Great Tusk|Stealth Rock|p1a: Ting-Lu\n|-sidestart|p1: Shinka teste|move: Stealth Rock\n|cant|p1a: Ting-Lu|slp\n|\n|-end|p1a: Ting-Lu|move: Future Sight\n|-immune|p1a: Ting-Lu\n|-damage|p2a: Great Tusk|82\/100 brn|[from] brn\n|upkeep\n|turn|21\n|\n|t:|1700403504\n|-end|p2a: Great Tusk|Protosynthesis|[silent]\n|switch|p2a: Rillaboom|Rillaboom, F|88\/100\n|-fieldstart|move: Grassy Terrain|[from] ability: Grassy Surge|[of] p2a: Rillaboom\n|cant|p1a: Ting-Lu|slp\n|\n|-heal|p2a: Rillaboom|94\/100|[from] Grassy Terrain\n|upkeep\n|turn|22\n|\n|t:|1700403511\n|switch|p2a: Dragapult|Dragapult, F|100\/100\n|switch|p1a: Talonflame|Talonflame, F|55\/100\n|-damage|p1a: Talonflame|5\/100|[from] Stealth Rock\n|\n|upkeep\n|turn|23\n|\n|t:|1700403524\n|move|p2a: Dragapult|Surf|p1a: Talonflame\n|-supereffective|p1a: Talonflame\n|-damage|p1a: Talonflame|0 fnt\n|faint|p1a: Talonflame\n|\n|upkeep\n|\n|t:|1700403530\n|switch|p1a: Ting-Lu|Ting-Lu|100\/100 slp\n|-ability|p1a: Ting-Lu|Vessel of Ruin\n|turn|24\n|\n|t:|1700403539\n|switch|p2a: Great Tusk|Great Tusk|82\/100 brn\n|-curestatus|p1a: Ting-Lu|slp|[msg]\n|move|p1a: Ting-Lu|Stealth Rock|p2a: Great Tusk\n|-sidestart|p2: GARF DID|move: Stealth Rock\n|\n|-heal|p2a: Great Tusk|88\/100 brn|[from] Grassy Terrain\n|-damage|p2a: Great Tusk|82\/100 brn|[from] brn\n|upkeep\n|turn|25\n|\n|t:|1700403545\n|move|p2a: Great Tusk|Rapid Spin|p1a: Ting-Lu\n|-damage|p1a: Ting-Lu|95\/100\n|-boost|p2a: Great Tusk|spe|1\n|-sideend|p2: GARF DID|Stealth Rock|[from] move: Rapid Spin|[of] p2a: Great Tusk\n|move|p1a: Ting-Lu|Earthquake|p2a: Great Tusk\n|-damage|p2a: Great Tusk|68\/100 brn\n|\n|-heal|p2a: Great Tusk|74\/100 brn|[from] Grassy Terrain\n|-heal|p1a: Ting-Lu|100\/100|[from] Grassy Terrain\n|-damage|p2a: Great Tusk|68\/100 brn|[from] brn\n|-fieldend|move: Grassy Terrain\n|upkeep\n|turn|26\n|\n|t:|1700403549\n|-end|p2a: Great Tusk|Protosynthesis|[silent]\n|switch|p2a: Rillaboom|Rillaboom, F|94\/100\n|-fieldstart|move: Grassy Terrain|[from] ability: Grassy Surge|[of] p2a: Rillaboom\n|move|p1a: Ting-Lu|Stealth Rock|p2a: Rillaboom\n|-sidestart|p2: GARF DID|move: Stealth Rock\n|\n|-heal|p2a: Rillaboom|100\/100|[from] Grassy Terrain\n|upkeep\n|turn|27\n|\n|t:|1700403555\n|switch|p1a: Toxapex|Toxapex, M|100\/100\n|move|p2a: Rillaboom|Wood Hammer|p1a: Toxapex\n|-crit|p1a: Toxapex\n|-damage|p1a: Toxapex|0 fnt\n|faint|p1a: Toxapex\n|-damage|p2a: Rillaboom|71\/100|[from] Recoil\n|\n|-heal|p2a: Rillaboom|77\/100|[from] Grassy Terrain\n|upkeep\n|\n|t:|1700403559\n|switch|p1a: Dondozo|Dondozo, F|100\/100\n|turn|28\n|\n|t:|1700403565\n|switch|p2a: Slowking|Slowking-Galar, F|97\/100 brn\n|-terastallize|p1a: Dondozo|Fighting\n|move|p1a: Dondozo|Avalanche|p2a: Slowking\n|-damage|p2a: Slowking|84\/100 brn\n|\n|-heal|p2a: Slowking|90\/100 brn|[from] Grassy Terrain\n|-damage|p2a: Slowking|84\/100 brn|[from] brn\n|upkeep\n|turn|29\n|\n|t:|1700403571\n|switch|p1a: Ting-Lu|Ting-Lu|100\/100\n|-ability|p1a: Ting-Lu|Vessel of Ruin\n|move|p2a: Slowking|Chilly Reception|p2a: Slowking\n|-weather|Snow\n|\n|t:|1700403573\n|switch|p2a: Rillaboom|Rillaboom, F|77\/100|[from] Chilly Reception\n|-damage|p2a: Rillaboom|65\/100|[from] Stealth Rock\n|\n|-weather|Snow|[upkeep]\n|-heal|p2a: Rillaboom|71\/100|[from] Grassy Terrain\n|upkeep\n|turn|30\n|\n|t:|1700403580\n|switch|p1a: Dondozo|Dondozo, F, tera:Fighting|100\/100\n|move|p2a: Rillaboom|Wood Hammer|p1a: Dondozo\n|-crit|p1a: Dondozo\n|-damage|p1a: Dondozo|18\/100\n|-damage|p2a: Rillaboom|31\/100|[from] Recoil\n|\n|-weather|Snow|[upkeep]\n|-heal|p2a: Rillaboom|37\/100|[from] Grassy Terrain\n|-heal|p1a: Dondozo|24\/100|[from] Grassy Terrain\n|-fieldend|move: Grassy Terrain\n|upkeep\n|turn|31\n|\n|t:|1700403588\n|move|p2a: Rillaboom|Wood Hammer|p1a: Dondozo\n|-damage|p1a: Dondozo|0 fnt\n|faint|p1a: Dondozo\n|-damage|p2a: Rillaboom|26\/100|[from] Recoil\n|\n|-weather|Snow|[upkeep]\n|upkeep\n|\n|t:|1700403591\n|switch|p1a: Ting-Lu|Ting-Lu|100\/100\n|-ability|p1a: Ting-Lu|Vessel of Ruin\n|turn|32\n|\n|t:|1700403599\n|switch|p2a: Moltres|Moltres|90\/100\n|-damage|p2a: Moltres|40\/100|[from] Stealth Rock\n|move|p1a: Ting-Lu|Spikes|p2a: Moltres\n|-sidestart|p2: GARF DID|Spikes\n|\n|-weather|Snow|[upkeep]\n|upkeep\n|turn|33\n|\n|t:|1700403604\n|move|p2a: Moltres|Will-O-Wisp|p1a: Ting-Lu\n|-status|p1a: Ting-Lu|brn\n|move|p1a: Ting-Lu|Earthquake|p2a: Moltres\n|-immune|p2a: Moltres\n|\n|-weather|none\n|-damage|p1a: Ting-Lu|94\/100 brn|[from] brn\n|upkeep\n|turn|34\n|\n|t:|1700403606\n|move|p2a: Moltres|Roost|p2a: Moltres\n|-heal|p2a: Moltres|90\/100\n|-singleturn|p2a: Moltres|move: Roost\n|move|p1a: Ting-Lu|Earthquake|p2a: Moltres\n|-supereffective|p2a: Moltres\n|-damage|p2a: Moltres|66\/100\n|\n|-damage|p1a: Ting-Lu|88\/100 brn|[from] brn\n|upkeep\n|turn|35\n|\n|t:|1700403612\n|move|p2a: Moltres|U-turn|p1a: Ting-Lu\n|-supereffective|p1a: Ting-Lu\n|-damage|p1a: Ting-Lu|72\/100 brn\n|\n|t:|1700403621\n|switch|p2a: Kingambit|Kingambit, F|100\/100|[from] U-turn\n|-damage|p2a: Kingambit|94\/100|[from] Stealth Rock\n|-item|p2a: Kingambit|Air Balloon\n|move|p1a: Ting-Lu|Spikes|p2a: Kingambit\n|-sidestart|p2: GARF DID|Spikes\n|\n|-damage|p1a: Ting-Lu|66\/100 brn|[from] brn\n|upkeep\n|turn|36\n|-message|Shinka teste forfeited.\n|\n|win|GARF DID\n|raw|Shinka teste's rating: 1441 &rarr; <strong>1428<\/strong><br \/>(-13 for losing)\n|raw|GARF DID's rating: 1573 &rarr; <strong>1586<\/strong><br \/>(+13 for winning)\n|l|\u2606Shinka teste\n","uploadtime":1700403631,"views":8,"p1id":"shinkateste","p2id":"garfdid","formatid":"gen9ou","rating":1428,"private":0,"password":""}