{"id":"gen9ou-1995214654","p1":"Songfossil","p2":"AG10000","format":"[Gen 9] OU","log":"|j|\u2606Songfossil\n|j|\u2606AG10000\n|t:|1700535519\n|gametype|singles\n|player|p1|Songfossil|169|1151\n|player|p2|AG10000|dancer|1104\n|teamsize|p1|6\n|teamsize|p2|6\n|gen|9\n|tier|[Gen 9] OU\n|rated|\n|rule|Sleep Clause Mod: Limit one foe put to sleep\n|rule|Species Clause: Limit one of each Pok\u00e9mon\n|rule|OHKO Clause: OHKO moves are banned\n|rule|Evasion Items Clause: Evasion items are banned\n|rule|Evasion Moves Clause: Evasion moves are banned\n|rule|Endless Battle Clause: Forcing endless battles is banned\n|rule|HP Percentage Mod: HP is shown in percentages\n|clearpoke\n|poke|p1|Iron Moth|\n|poke|p1|Torkoal, F|\n|poke|p1|Lilligant-Hisui, F|\n|poke|p1|Samurott-Hisui, F|\n|poke|p1|Great Tusk|\n|poke|p1|Glimmora, M|\n|poke|p2|Charmeleon, M|\n|poke|p2|Corviknight, M|\n|poke|p2|Ogerpon-Wellspring, F|\n|poke|p2|Meowscarada, M|\n|poke|p2|Iron Thorns|\n|poke|p2|Slowbro, M|\n|teampreview\n|\n|t:|1700535556\n|start\n|switch|p1a: Glimmora|Glimmora, M|100\/100\n|switch|p2a: Iron Thorns|Iron Thorns, shiny|100\/100\n|-enditem|p2a: Iron Thorns|Booster Energy\n|-activate|p2a: Iron Thorns|ability: Quark Drive|[fromitem]\n|-start|p2a: Iron Thorns|quarkdriveatk\n|turn|1\n|inactive|Battle timer is ON: inactive players will automatically lose when time's up. (requested by AG10000)\n|inactive|Songfossil has 120 seconds left.\n|inactive|Songfossil has 90 seconds left.\n|\n|t:|1700535624\n|move|p1a: Glimmora|Rock Polish|p1a: Glimmora\n|-boost|p1a: Glimmora|spe|2\n|move|p2a: Iron Thorns|Dragon Dance|p2a: Iron Thorns\n|-boost|p2a: Iron Thorns|atk|1\n|-boost|p2a: Iron Thorns|spe|1\n|\n|upkeep\n|turn|2\n|\n|t:|1700535629\n|move|p1a: Glimmora|Earth Power|p2a: Iron Thorns\n|-supereffective|p2a: Iron Thorns\n|-damage|p2a: Iron Thorns|0 fnt\n|faint|p2a: Iron Thorns\n|-end|p2a: Iron Thorns|Quark Drive|[silent]\n|\n|upkeep\n|\n|t:|1700535634\n|switch|p2a: Ogerpon|Ogerpon-Wellspring, F|100\/100\n|turn|3\n|\n|t:|1700535642\n|-terastallize|p2a: Ogerpon|Water\n|detailschange|p2a: Ogerpon|Ogerpon-Wellspring-Tera, F, tera:Water\n|-ability|p2a: Ogerpon|Embody Aspect (Wellspring)|boost\n|-boost|p2a: Ogerpon|spd|1\n|move|p1a: Glimmora|Sludge Bomb|p2a: Ogerpon\n|-damage|p2a: Ogerpon|59\/100\n|move|p2a: Ogerpon|Trailblaze|p1a: Glimmora\n|-damage|p1a: Glimmora|62\/100\n|-boost|p2a: Ogerpon|spe|1\n|-activate|p1a: Glimmora|ability: Toxic Debris\n|-sidestart|p2: AG10000|move: Toxic Spikes\n|\n|upkeep\n|turn|4\n|\n|t:|1700535647\n|move|p1a: Glimmora|Energy Ball|p2a: Ogerpon\n|-supereffective|p2a: Ogerpon\n|-damage|p2a: Ogerpon|1\/100\n|move|p2a: Ogerpon|Ivy Cudgel|p1a: Glimmora|[anim] Ivy Cudgel Water\n|-supereffective|p1a: Glimmora\n|-damage|p1a: Glimmora|0 fnt\n|-activate|p1a: Glimmora|ability: Toxic Debris\n|-sidestart|p2: AG10000|move: Toxic Spikes\n|faint|p1a: Glimmora\n|\n|upkeep\n|\n|t:|1700535657\n|switch|p1a: Torkoal|Torkoal, F|100\/100\n|-weather|SunnyDay|[from] ability: Drought|[of] p1a: Torkoal\n|turn|5\n|\n|t:|1700535664\n|move|p2a: Ogerpon|Ivy Cudgel|p1a: Torkoal|[anim] Ivy Cudgel Water\n|-supereffective|p1a: Torkoal\n|-damage|p1a: Torkoal|36\/100\n|move|p1a: Torkoal|Lava Plume|p2a: Ogerpon\n|-resisted|p2a: Ogerpon\n|-damage|p2a: Ogerpon|0 fnt\n|faint|p2a: Ogerpon\n|\n|-weather|SunnyDay|[upkeep]\n|upkeep\n|\n|t:|1700535667\n|switch|p2a: Corviknight|Corviknight, M, shiny|100\/100\n|turn|6\n|\n|t:|1700535673\n|move|p2a: Corviknight|Defog|p1a: Torkoal\n|-unboost|p1a: Torkoal|evasion|1\n|-sideend|p2: AG10000|Toxic Spikes|[from] move: Defog|[of] p2a: Corviknight\n|move|p1a: Torkoal|Lava Plume|p2a: Corviknight\n|-supereffective|p2a: Corviknight\n|-damage|p2a: Corviknight|15\/100\n|-status|p2a: Corviknight|brn\n|\n|-weather|SunnyDay|[upkeep]\n|-heal|p2a: Corviknight|22\/100 brn|[from] item: Leftovers\n|-damage|p2a: Corviknight|15\/100 brn|[from] brn\n|upkeep\n|turn|7\n|\n|t:|1700535679\n|move|p2a: Corviknight|Brave Bird|p1a: Torkoal\n|-damage|p1a: Torkoal|22\/100\n|-damage|p2a: Corviknight|10\/100 brn|[from] Recoil\n|move|p1a: Torkoal|Stealth Rock|p2a: Corviknight\n|-sidestart|p2: AG10000|move: Stealth Rock\n|\n|-weather|SunnyDay|[upkeep]\n|-heal|p2a: Corviknight|16\/100 brn|[from] item: Leftovers\n|-damage|p2a: Corviknight|10\/100 brn|[from] brn\n|upkeep\n|turn|8\n|\n|t:|1700535685\n|move|p2a: Corviknight|Taunt|p1a: Torkoal\n|-start|p1a: Torkoal|move: Taunt\n|cant|p1a: Torkoal|move: Taunt|Stealth Rock\n|\n|-weather|SunnyDay|[upkeep]\n|-heal|p2a: Corviknight|16\/100 brn|[from] item: Leftovers\n|-damage|p2a: Corviknight|10\/100 brn|[from] brn\n|upkeep\n|turn|9\n|\n|t:|1700535691\n|move|p2a: Corviknight|Defog|p1a: Torkoal\n|-unboost|p1a: Torkoal|evasion|1\n|-sideend|p2: AG10000|Stealth Rock|[from] move: Defog|[of] p2a: Corviknight\n|move|p1a: Torkoal|Rapid Spin|p2a: Corviknight\n|-resisted|p2a: Corviknight\n|-damage|p2a: Corviknight|7\/100 brn\n|-boost|p1a: Torkoal|spe|1\n|\n|-weather|SunnyDay|[upkeep]\n|-heal|p2a: Corviknight|14\/100 brn|[from] item: Leftovers\n|-damage|p2a: Corviknight|7\/100 brn|[from] brn\n|upkeep\n|turn|10\n|\n|t:|1700535698\n|move|p2a: Corviknight|Brave Bird|p1a: Torkoal\n|-damage|p1a: Torkoal|7\/100\n|-damage|p2a: Corviknight|3\/100 brn|[from] Recoil\n|move|p1a: Torkoal|Rapid Spin|p2a: Corviknight\n|-resisted|p2a: Corviknight\n|-damage|p2a: Corviknight|0 fnt\n|-boost|p1a: Torkoal|spe|1\n|faint|p2a: Corviknight\n|\n|-weather|SunnyDay|[upkeep]\n|-end|p1a: Torkoal|move: Taunt\n|upkeep\n|\n|t:|1700535702\n|switch|p2a: Meowscarada|Meowscarada, M, shiny|100\/100\n|turn|11\n|\n|t:|1700535710\n|switch|p1a: Lilligant|Lilligant-Hisui, F|100\/100\n|move|p2a: Meowscarada|Flower Trick|p1a: Lilligant\n|-start|p2a: Meowscarada|typechange|Grass|[from] ability: Protean\n|-resisted|p1a: Lilligant\n|-crit|p1a: Lilligant\n|-damage|p1a: Lilligant|49\/100\n|\n|-weather|SunnyDay|[upkeep]\n|upkeep\n|turn|12\n|\n|t:|1700535718\n|move|p1a: Lilligant|Healing Wish|p1a: Lilligant\n|faint|p1a: Lilligant\n|move|p2a: Meowscarada|Flower Trick|p1: Lilligant|[notarget]\n|-fail|p2a: Meowscarada\n|\n|-weather|none\n|upkeep\n|\n|t:|1700535721\n|switch|p1a: Torkoal|Torkoal, F|7\/100\n|-heal|p1a: Torkoal|100\/100|[from] move: Healing Wish\n|-weather|SunnyDay|[from] ability: Drought|[of] p1a: Torkoal\n|turn|13\n|\n|t:|1700535725\n|switch|p2a: Slowbro|Slowbro, M, shiny|100\/100\n|move|p1a: Torkoal|Lava Plume|p2a: Slowbro\n|-resisted|p2a: Slowbro\n|-damage|p2a: Slowbro|78\/100\n|-status|p2a: Slowbro|brn\n|\n|-weather|SunnyDay|[upkeep]\n|-heal|p2a: Slowbro|84\/100 brn|[from] item: Leftovers\n|-damage|p2a: Slowbro|78\/100 brn|[from] brn\n|upkeep\n|turn|14\n|\n|t:|1700535729\n|switch|p1a: Samurott|Samurott-Hisui, F|100\/100\n|move|p2a: Slowbro|Future Sight|p1a: Samurott\n|-start|p2a: Slowbro|move: Future Sight\n|\n|-weather|SunnyDay|[upkeep]\n|-heal|p2a: Slowbro|84\/100 brn|[from] item: Leftovers\n|-damage|p2a: Slowbro|78\/100 brn|[from] brn\n|upkeep\n|turn|15\n|\n|t:|1700535732\n|move|p1a: Samurott|Ceaseless Edge|p2a: Slowbro\n|-supereffective|p2a: Slowbro\n|-damage|p2a: Slowbro|10\/100 brn\n|-sidestart|p2: AG10000|Spikes\n|move|p2a: Slowbro|Thunder Wave|p1a: Samurott\n|-status|p1a: Samurott|par\n|\n|-weather|SunnyDay|[upkeep]\n|-heal|p2a: Slowbro|16\/100 brn|[from] item: Leftovers\n|-damage|p2a: Slowbro|10\/100 brn|[from] brn\n|upkeep\n|turn|16\n|\n|t:|1700535739\n|move|p2a: Slowbro|Protect|p2a: Slowbro\n|-singleturn|p2a: Slowbro|Protect\n|move|p1a: Samurott|Ceaseless Edge|p2a: Slowbro\n|-activate|p2a: Slowbro|move: Protect\n|\n|-weather|SunnyDay|[upkeep]\n|-end|p1a: Samurott|move: Future Sight\n|-immune|p1a: Samurott\n|-heal|p2a: Slowbro|16\/100 brn|[from] item: Leftovers\n|-damage|p2a: Slowbro|10\/100 brn|[from] brn\n|upkeep\n|turn|17\n|\n|t:|1700535744\n|move|p1a: Samurott|Ceaseless Edge|p2a: Slowbro\n|-supereffective|p2a: Slowbro\n|-damage|p2a: Slowbro|0 fnt\n|-sidestart|p2: AG10000|Spikes\n|faint|p2a: Slowbro\n|\n|-weather|SunnyDay|[upkeep]\n|upkeep\n|\n|t:|1700535747\n|switch|p2a: Meowscarada|Meowscarada, M, shiny|100\/100\n|-damage|p2a: Meowscarada|84\/100|[from] Spikes\n|turn|18\n|\n|t:|1700535765\n|move|p2a: Meowscarada|Flower Trick|p1a: Samurott\n|-start|p2a: Meowscarada|typechange|Grass|[from] ability: Protean\n|-supereffective|p1a: Samurott\n|-crit|p1a: Samurott\n|-damage|p1a: Samurott|0 fnt\n|faint|p1a: Samurott\n|\n|-weather|SunnyDay|[upkeep]\n|upkeep\n|\n|t:|1700535769\n|switch|p1a: Iron Moth|Iron Moth|100\/100\n|-enditem|p1a: Iron Moth|Booster Energy\n|-activate|p1a: Iron Moth|ability: Quark Drive|[fromitem]\n|-start|p1a: Iron Moth|quarkdrivespa\n|turn|19\n|\n|t:|1700535775\n|switch|p2a: Charmeleon|Charmeleon, M, shiny|100\/100\n|-damage|p2a: Charmeleon|84\/100|[from] Spikes\n|move|p1a: Iron Moth|Substitute|p1a: Iron Moth\n|-start|p1a: Iron Moth|Substitute\n|-damage|p1a: Iron Moth|76\/100\n|\n|-weather|SunnyDay|[upkeep]\n|upkeep\n|turn|20\n|\n|t:|1700535779\n|move|p1a: Iron Moth|Sludge Wave|p2a: Charmeleon\n|-damage|p2a: Charmeleon|23\/100\n|move|p2a: Charmeleon|Dragon Dance|p2a: Charmeleon\n|-boost|p2a: Charmeleon|atk|1\n|-boost|p2a: Charmeleon|spe|1\n|\n|-weather|none\n|upkeep\n|turn|21\n|\n|t:|1700535782\n|move|p1a: Iron Moth|Sludge Wave|p2a: Charmeleon\n|-damage|p2a: Charmeleon|0 fnt\n|faint|p2a: Charmeleon\n|\n|upkeep\n|\n|t:|1700535784\n|switch|p2a: Meowscarada|Meowscarada, M, shiny|84\/100\n|-damage|p2a: Meowscarada|67\/100|[from] Spikes\n|turn|22\n|inactive|Songfossil has 120 seconds left.\n|\n|t:|1700535817\n|move|p2a: Meowscarada|Acrobatics|p1a: Iron Moth\n|-start|p2a: Meowscarada|typechange|Flying|[from] ability: Protean\n|-end|p1a: Iron Moth|Substitute\n|move|p1a: Iron Moth|Fiery Dance|p2a: Meowscarada\n|-damage|p2a: Meowscarada|0 fnt\n|-boost|p1a: Iron Moth|spa|1\n|faint|p2a: Meowscarada\n|\n|win|Songfossil\n|raw|Songfossil's rating: 1151 &rarr; <strong>1170<\/strong><br \/>(+19 for winning)\n|raw|AG10000's rating: 1072 &rarr; <strong>1056<\/strong><br \/>(-16 for losing)\n|l|\u2606AG10000\n","uploadtime":1700535822,"views":11,"p1id":"songfossil","p2id":"ag10000","formatid":"gen9ou","rating":1056,"private":0,"password":""}