{"id":"gen9ou-1990182545","p1":"vampire jay !","p2":"taran46644","format":"[Gen 9] OU","log":"|j|\u2606vampire jay !\n|j|\u2606taran46644\n|t:|1699933990\n|gametype|singles\n|player|p1|vampire jay !|karen-gen2|1256\n|player|p2|taran46644|265|1252\n|teamsize|p1|6\n|teamsize|p2|6\n|gen|9\n|tier|[Gen 9] OU\n|rated|\n|rule|Sleep Clause Mod: Limit one foe put to sleep\n|rule|Species Clause: Limit one of each Pok\u00e9mon\n|rule|OHKO Clause: OHKO moves are banned\n|rule|Evasion Items Clause: Evasion items are banned\n|rule|Evasion Moves Clause: Evasion moves are banned\n|rule|Endless Battle Clause: Forcing endless battles is banned\n|rule|HP Percentage Mod: HP is shown in percentages\n|clearpoke\n|poke|p1|Ribombee, F|\n|poke|p1|Rillaboom, F|\n|poke|p1|Ogerpon-Wellspring, F|\n|poke|p1|Dragapult, M|\n|poke|p1|Sneasler, M|\n|poke|p1|Iron Treads|\n|poke|p2|Ribombee, M|\n|poke|p2|Grimmsnarl, M|\n|poke|p2|Great Tusk|\n|poke|p2|Dragonite, F|\n|poke|p2|Gholdengo|\n|poke|p2|Rillaboom, F|\n|teampreview\n|inactive|Battle timer is ON: inactive players will automatically lose when time's up. (requested by vampire jay !)\n|\n|t:|1699934024\n|start\n|switch|p1a: Ribombee|Ribombee, F|100\/100\n|switch|p2a: GreenUVLight|Ribombee, M|100\/100\n|turn|1\n|\n|t:|1699934032\n|move|p1a: Ribombee|Sticky Web|p2a: GreenUVLight\n|-sidestart|p2: taran46644|move: Sticky Web\n|move|p2a: GreenUVLight|Quiver Dance|p2a: GreenUVLight\n|-boost|p2a: GreenUVLight|spa|1\n|-boost|p2a: GreenUVLight|spd|1\n|-boost|p2a: GreenUVLight|spe|1\n|\n|upkeep\n|turn|2\n|\n|t:|1699934050\n|move|p2a: GreenUVLight|Quiver Dance|p2a: GreenUVLight\n|-boost|p2a: GreenUVLight|spa|1\n|-boost|p2a: GreenUVLight|spd|1\n|-boost|p2a: GreenUVLight|spe|1\n|move|p1a: Ribombee|Stun Spore|p2a: GreenUVLight|[miss]\n|-miss|p1a: Ribombee|p2a: GreenUVLight\n|\n|upkeep\n|turn|3\n|\n|t:|1699934058\n|-terastallize|p2a: GreenUVLight|Fire\n|move|p2a: GreenUVLight|Tera Blast|p1a: Ribombee|[anim] Tera Blast Fire\n|-supereffective|p1a: Ribombee\n|-enditem|p1a: Ribombee|Focus Sash\n|-damage|p1a: Ribombee|1\/100\n|-damage|p2a: GreenUVLight|91\/100|[from] item: Life Orb\n|move|p1a: Ribombee|Moonblast|p2a: GreenUVLight\n|-resisted|p2a: GreenUVLight\n|-damage|p2a: GreenUVLight|75\/100\n|\n|upkeep\n|turn|4\n|\n|t:|1699934067\n|move|p2a: GreenUVLight|Tera Blast|p1a: Ribombee|[anim] Tera Blast Fire\n|-supereffective|p1a: Ribombee\n|-damage|p1a: Ribombee|0 fnt\n|faint|p1a: Ribombee\n|-damage|p2a: GreenUVLight|65\/100|[from] item: Life Orb\n|\n|upkeep\n|\n|t:|1699934093\n|switch|p1a: Ogerpon|Ogerpon-Wellspring, F|100\/100\n|turn|5\n|\n|t:|1699934100\n|-terastallize|p1a: Ogerpon|Water\n|detailschange|p1a: Ogerpon|Ogerpon-Wellspring-Tera, F, tera:Water\n|-ability|p1a: Ogerpon|Embody Aspect (Wellspring)|boost\n|-boost|p1a: Ogerpon|spd|1\n|move|p2a: GreenUVLight|Stored Power|p1a: Ogerpon\n|-damage|p1a: Ogerpon|40\/100\n|-damage|p2a: GreenUVLight|55\/100|[from] item: Life Orb\n|move|p1a: Ogerpon|Ivy Cudgel|p2a: GreenUVLight\n|-supereffective|p2a: GreenUVLight\n|-damage|p2a: GreenUVLight|0 fnt\n|faint|p2a: GreenUVLight\n|\n|upkeep\n|\n|t:|1699934107\n|switch|p2a: Rillaboom|Rillaboom, F|100\/100\n|-activate|p2a: Rillaboom|move: Sticky Web\n|-unboost|p2a: Rillaboom|spe|1\n|-fieldstart|move: Grassy Terrain|[from] ability: Grassy Surge|[of] p2a: Rillaboom\n|turn|6\n|\n|t:|1699934122\n|switch|p1a: Sneasler|Sneasler, M|100\/100\n|-enditem|p1a: Sneasler|Grassy Seed\n|-boost|p1a: Sneasler|def|1|[from] item: Grassy Seed\n|move|p2a: Rillaboom|Swords Dance|p2a: Rillaboom\n|-boost|p2a: Rillaboom|atk|2\n|\n|upkeep\n|turn|7\n|\n|t:|1699934148\n|switch|p2a: Dragonite|Dragonite, F|100\/100\n|move|p1a: Sneasler|Dire Claw|p2a: Dragonite\n|-damage|p2a: Dragonite|74\/100\n|\n|upkeep\n|turn|8\n|\n|t:|1699934155\n|move|p1a: Sneasler|Dire Claw|p2a: Dragonite\n|-damage|p2a: Dragonite|21\/100\n|-status|p2a: Dragonite|slp\n|cant|p2a: Dragonite|slp\n|\n|upkeep\n|turn|9\n|\n|t:|1699934158\n|move|p1a: Sneasler|Dire Claw|p2a: Dragonite\n|-damage|p2a: Dragonite|0 fnt\n|faint|p2a: Dragonite\n|\n|upkeep\n|c|\u2606taran46644|fucker\n|\n|t:|1699934165\n|switch|p2a: Gholdengo|Gholdengo|100\/100\n|-activate|p2a: Gholdengo|move: Sticky Web\n|-unboost|p2a: Gholdengo|spe|1\n|turn|10\n|\n|t:|1699934182\n|move|p1a: Sneasler|Shadow Claw|p2a: Gholdengo\n|-supereffective|p2a: Gholdengo\n|-damage|p2a: Gholdengo|38\/100\n|move|p2a: Gholdengo|Shadow Ball|p1a: Sneasler\n|-damage|p1a: Sneasler|44\/100\n|\n|-heal|p1a: Sneasler|50\/100|[from] Grassy Terrain\n|-heal|p2a: Gholdengo|44\/100|[from] Grassy Terrain\n|-fieldend|move: Grassy Terrain\n|upkeep\n|turn|11\n|c|\u2606vampire jay !|\ud83d\ude02\ud83d\ude02\ud83d\ude02\ud83d\ude02\n|\n|t:|1699934191\n|move|p1a: Sneasler|Shadow Claw|p2a: Gholdengo\n|-supereffective|p2a: Gholdengo\n|-damage|p2a: Gholdengo|0 fnt\n|faint|p2a: Gholdengo\n|\n|upkeep\n|\n|t:|1699934205\n|switch|p2a: Great Tusk|Great Tusk|100\/100\n|-activate|p2a: Great Tusk|move: Sticky Web\n|-unboost|p2a: Great Tusk|spe|1\n|-enditem|p2a: Great Tusk|Booster Energy\n|-activate|p2a: Great Tusk|ability: Protosynthesis|[fromitem]\n|-start|p2a: Great Tusk|protosynthesisatk\n|turn|12\n|\n|t:|1699934211\n|move|p1a: Sneasler|Dire Claw|p2a: Great Tusk\n|-resisted|p2a: Great Tusk\n|-damage|p2a: Great Tusk|86\/100\n|-status|p2a: Great Tusk|slp\n|cant|p2a: Great Tusk|slp\n|\n|upkeep\n|turn|13\n|\n|t:|1699934214\n|move|p1a: Sneasler|Swords Dance|p1a: Sneasler\n|-boost|p1a: Sneasler|atk|2\n|cant|p2a: Great Tusk|slp\n|\n|upkeep\n|turn|14\n|\n|t:|1699934219\n|move|p1a: Sneasler|Close Combat|p2a: Great Tusk\n|-damage|p2a: Great Tusk|4\/100 slp\n|-unboost|p1a: Sneasler|def|1\n|-unboost|p1a: Sneasler|spd|1\n|cant|p2a: Great Tusk|slp\n|\n|upkeep\n|turn|15\n|n|!taran46644|taran46644\n|-message|taran46644 forfeited.\n|\n|win|vampire jay !\n|raw|vampire jay !'s rating: 1256 &rarr; <strong>1281<\/strong><br \/>(+25 for winning)\n|raw|taran46644's rating: 1252 &rarr; <strong>1227<\/strong><br \/>(-25 for losing)\n|l|!taran46644\n","uploadtime":1699934222,"views":12,"p1id":"vampirejay","p2id":"taran46644","formatid":"gen9ou","rating":1227,"private":0,"password":""}