{"id":"gen9ou-1991595063","p1":"Isaayzin","p2":"McWeeb","format":"[Gen 9] OU","log":"|j|\u2606Isaayzin\n|j|\u2606McWeeb\n|t:|1700092204\n|gametype|singles\n|player|p1|Isaayzin|gambler|1130\n|player|p2|McWeeb|101|1088\n|teamsize|p1|6\n|teamsize|p2|6\n|gen|9\n|tier|[Gen 9] OU\n|rated|\n|rule|Sleep Clause Mod: Limit one foe put to sleep\n|rule|Species Clause: Limit one of each Pok\u00e9mon\n|rule|OHKO Clause: OHKO moves are banned\n|rule|Evasion Items Clause: Evasion items are banned\n|rule|Evasion Moves Clause: Evasion moves are banned\n|rule|Endless Battle Clause: Forcing endless battles is banned\n|rule|HP Percentage Mod: HP is shown in percentages\n|clearpoke\n|poke|p1|Ting-Lu|\n|poke|p1|Gholdengo|\n|poke|p1|Iron Moth|\n|poke|p1|Dragonite, F|\n|poke|p1|Dragapult, F|\n|poke|p1|Kingambit, M|\n|poke|p2|Greninja-*, M|\n|poke|p2|Sneasler, F|\n|poke|p2|Mandibuzz, F|\n|poke|p2|Zapdos|\n|poke|p2|Thundurus-Therian, M|\n|poke|p2|Corviknight, M|\n|teampreview\n|inactive|Battle timer is ON: inactive players will automatically lose when time's up. (requested by Isaayzin)\n|inactive|McWeeb also wants the timer to be on.\n|\n|t:|1700092214\n|start\n|switch|p1a: Ting-Lu|Ting-Lu|100\/100\n|switch|p2a: Sneasler|Sneasler, F|100\/100\n|-ability|p1a: Ting-Lu|Vessel of Ruin\n|turn|1\n|\n|t:|1700092220\n|move|p2a: Sneasler|U-turn|p1a: Ting-Lu\n|-supereffective|p1a: Ting-Lu\n|-damage|p1a: Ting-Lu|78\/100\n|\n|t:|1700092224\n|switch|p2a: Mandibuzz|Mandibuzz, F|100\/100|[from] U-turn\n|move|p1a: Ting-Lu|Stealth Rock|p2a: Mandibuzz\n|-sidestart|p2: McWeeb|move: Stealth Rock\n|\n|upkeep\n|turn|2\n|\n|t:|1700092240\n|move|p2a: Mandibuzz|U-turn|p1a: Ting-Lu\n|-supereffective|p1a: Ting-Lu\n|-damage|p1a: Ting-Lu|68\/100\n|\n|t:|1700092249\n|switch|p2a: Greninja|Greninja, M|100\/100|[from] U-turn\n|-damage|p2a: Greninja|88\/100|[from] Stealth Rock\n|move|p1a: Ting-Lu|Whirlwind|p2a: Greninja\n|drag|p2a: Corviknight|Corviknight, M|100\/100\n|-damage|p2a: Corviknight|88\/100|[from] Stealth Rock\n|\n|-heal|p2a: Corviknight|94\/100|[from] item: Leftovers\n|upkeep\n|turn|3\n|\n|t:|1700092259\n|switch|p1a: Iron Moth|Iron Moth|100\/100\n|move|p2a: Corviknight|Defog|p1a: Iron Moth\n|-unboost|p1a: Iron Moth|evasion|1\n|-sideend|p2: McWeeb|Stealth Rock|[from] move: Defog|[of] p2a: Corviknight\n|\n|-heal|p2a: Corviknight|100\/100|[from] item: Leftovers\n|upkeep\n|turn|4\n|\n|t:|1700092275\n|-terastallize|p2a: Corviknight|Flying\n|move|p1a: Iron Moth|Sludge Wave|p2a: Corviknight\n|-damage|p2a: Corviknight|59\/100\n|move|p2a: Corviknight|Brave Bird|p1a: Iron Moth\n|-damage|p1a: Iron Moth|11\/100\n|-damage|p2a: Corviknight|37\/100|[from] Recoil\n|\n|-heal|p2a: Corviknight|43\/100|[from] item: Leftovers\n|upkeep\n|turn|5\n|inactive|Isaayzin has 120 seconds left.\n|\n|t:|1700092302\n|switch|p2a: Mandibuzz|Mandibuzz, F|100\/100\n|move|p1a: Iron Moth|Sludge Wave|p2a: Mandibuzz\n|-damage|p2a: Mandibuzz|63\/100\n|-status|p2a: Mandibuzz|psn\n|\n|-heal|p2a: Mandibuzz|70\/100 psn|[from] item: Leftovers\n|-damage|p2a: Mandibuzz|57\/100 psn|[from] psn\n|upkeep\n|turn|6\n|inactive|Isaayzin has 120 seconds left.\n|\n|t:|1700092315\n|-end|p1a: Iron Moth|Quark Drive|[silent]\n|switch|p1a: Gholdengo|Gholdengo|100\/100\n|move|p2a: Mandibuzz|Air Slash|p1a: Gholdengo\n|-resisted|p1a: Gholdengo\n|-damage|p1a: Gholdengo|94\/100\n|\n|-heal|p2a: Mandibuzz|63\/100 psn|[from] item: Leftovers\n|-damage|p2a: Mandibuzz|51\/100 psn|[from] psn\n|upkeep\n|turn|7\n|inactive|Isaayzin has 120 seconds left.\n|\n|t:|1700092325\n|switch|p1a: Kingambit|Kingambit, M|100\/100\n|move|p2a: Mandibuzz|Knock Off|p1a: Kingambit\n|-resisted|p1a: Kingambit\n|-damage|p1a: Kingambit|91\/100\n|-enditem|p1a: Kingambit|Heavy-Duty Boots|[from] move: Knock Off|[of] p2a: Mandibuzz\n|\n|-heal|p2a: Mandibuzz|57\/100 psn|[from] item: Leftovers\n|-damage|p2a: Mandibuzz|44\/100 psn|[from] psn\n|upkeep\n|turn|8\n|inactive|Isaayzin has 120 seconds left.\n|\n|t:|1700092340\n|move|p1a: Kingambit|Iron Head|p2a: Mandibuzz\n|-damage|p2a: Mandibuzz|15\/100 psn\n|cant|p2a: Mandibuzz|flinch\n|\n|-heal|p2a: Mandibuzz|21\/100 psn|[from] item: Leftovers\n|-damage|p2a: Mandibuzz|9\/100 psn|[from] psn\n|upkeep\n|turn|9\n|\n|t:|1700092349\n|move|p1a: Kingambit|Sucker Punch||[still]\n|-fail|p1a: Kingambit\n|move|p2a: Mandibuzz|Roost|p2a: Mandibuzz\n|-heal|p2a: Mandibuzz|59\/100 psn\n|-singleturn|p2a: Mandibuzz|move: Roost\n|\n|-heal|p2a: Mandibuzz|65\/100 psn|[from] item: Leftovers\n|-damage|p2a: Mandibuzz|53\/100 psn|[from] psn\n|upkeep\n|turn|10\n|\n|t:|1700092355\n|move|p1a: Kingambit|Swords Dance|p1a: Kingambit\n|-boost|p1a: Kingambit|atk|2\n|move|p2a: Mandibuzz|Roost|p2a: Mandibuzz\n|-heal|p2a: Mandibuzz|100\/100 psn\n|-singleturn|p2a: Mandibuzz|move: Roost\n|\n|-damage|p2a: Mandibuzz|88\/100 psn|[from] psn\n|upkeep\n|turn|11\n|\n|t:|1700092362\n|move|p1a: Kingambit|Iron Head|p2a: Mandibuzz\n|-damage|p2a: Mandibuzz|30\/100 psn\n|cant|p2a: Mandibuzz|flinch\n|\n|-heal|p2a: Mandibuzz|37\/100 psn|[from] item: Leftovers\n|-damage|p2a: Mandibuzz|24\/100 psn|[from] psn\n|upkeep\n|turn|12\n|c|\u2606Isaayzin|lol\n|c|\u2606Isaayzin|im sorry\n|\n|t:|1700092378\n|move|p1a: Kingambit|Iron Head|p2a: Mandibuzz\n|-crit|p2a: Mandibuzz\n|-damage|p2a: Mandibuzz|0 fnt\n|faint|p2a: Mandibuzz\n|\n|upkeep\n|\n|t:|1700092381\n|switch|p2a: Sneasler|Sneasler, F|100\/100\n|turn|13\n|\n|t:|1700092395\n|-end|p1a: Kingambit|fallenundefined|[silent]\n|switch|p1a: Gholdengo|Gholdengo|94\/100\n|move|p2a: Sneasler|Close Combat|p1a: Gholdengo\n|-immune|p1a: Gholdengo\n|\n|upkeep\n|turn|14\n|\n|t:|1700092402\n|switch|p2a: Thundurus|Thundurus-Therian, M|100\/100\n|move|p1a: Gholdengo|Shadow Ball|p2a: Thundurus\n|-damage|p2a: Thundurus|53\/100\n|\n|upkeep\n|turn|15\n|\n|t:|1700092409\n|switch|p1a: Ting-Lu|Ting-Lu|68\/100\n|-ability|p1a: Ting-Lu|Vessel of Ruin\n|move|p2a: Thundurus|Dark Pulse|p1a: Ting-Lu\n|-resisted|p1a: Ting-Lu\n|-crit|p1a: Ting-Lu\n|-damage|p1a: Ting-Lu|48\/100\n|\n|upkeep\n|turn|16\n|\n|t:|1700092420\n|switch|p2a: Greninja|Greninja, M|88\/100\n|move|p1a: Ting-Lu|Stealth Rock|p2a: Greninja\n|-sidestart|p2: McWeeb|move: Stealth Rock\n|\n|-heal|p2a: Greninja|94\/100|[from] item: Leftovers\n|upkeep\n|turn|17\n|\n|t:|1700092430\n|switch|p1a: Dragonite|Dragonite, F|100\/100\n|move|p2a: Greninja|U-turn|p1a: Dragonite\n|-start|p2a: Greninja|typechange|Bug|[from] ability: Protean\n|-resisted|p1a: Dragonite\n|-damage|p1a: Dragonite|94\/100\n|\n|t:|1700092440\n|switch|p2a: Thundurus|Thundurus-Therian, M|53\/100|[from] U-turn\n|-damage|p2a: Thundurus|29\/100|[from] Stealth Rock\n|\n|upkeep\n|turn|18\n|\n|t:|1700092446\n|move|p1a: Dragonite|Extreme Speed|p2a: Thundurus\n|-damage|p2a: Thundurus|0 fnt\n|faint|p2a: Thundurus\n|\n|upkeep\n|\n|t:|1700092449\n|switch|p2a: Sneasler|Sneasler, F|100\/100\n|-damage|p2a: Sneasler|95\/100|[from] Stealth Rock\n|turn|19\n|\n|t:|1700092456\n|switch|p1a: Gholdengo|Gholdengo|94\/100\n|move|p2a: Sneasler|Night Slash|p1a: Gholdengo\n|-supereffective|p1a: Gholdengo\n|-damage|p1a: Gholdengo|51\/100\n|\n|upkeep\n|turn|20\n|\n|t:|1700092469\n|switch|p2a: Greninja|Greninja, M|94\/100\n|-damage|p2a: Greninja|82\/100|[from] Stealth Rock\n|move|p1a: Gholdengo|Recover|p1a: Gholdengo\n|-heal|p1a: Gholdengo|100\/100\n|\n|-heal|p2a: Greninja|88\/100|[from] item: Leftovers\n|upkeep\n|turn|21\n|\n|t:|1700092478\n|switch|p1a: Dragonite|Dragonite, F|94\/100\n|move|p2a: Greninja|Dark Pulse|p1a: Dragonite\n|-start|p2a: Greninja|typechange|Dark|[from] ability: Protean\n|-damage|p1a: Dragonite|51\/100\n|\n|-heal|p2a: Greninja|94\/100|[from] item: Leftovers\n|upkeep\n|turn|22\n|\n|t:|1700092488\n|switch|p2a: Zapdos|Zapdos|100\/100\n|-damage|p2a: Zapdos|75\/100|[from] Stealth Rock\n|move|p1a: Dragonite|Roost|p1a: Dragonite\n|-heal|p1a: Dragonite|100\/100\n|-singleturn|p1a: Dragonite|move: Roost\n|\n|-heal|p2a: Zapdos|82\/100|[from] item: Leftovers\n|upkeep\n|turn|23\n|\n|t:|1700092496\n|switch|p1a: Ting-Lu|Ting-Lu|48\/100\n|-ability|p1a: Ting-Lu|Vessel of Ruin\n|move|p2a: Zapdos|Drill Peck|p1a: Ting-Lu\n|-damage|p1a: Ting-Lu|38\/100\n|\n|-heal|p2a: Zapdos|88\/100|[from] item: Leftovers\n|upkeep\n|turn|24\n|\n|t:|1700092509\n|move|p2a: Zapdos|Heat Wave|p1a: Ting-Lu\n|-damage|p1a: Ting-Lu|21\/100\n|move|p1a: Ting-Lu|Spikes|p2a: Zapdos\n|-sidestart|p2: McWeeb|Spikes\n|\n|-heal|p2a: Zapdos|94\/100|[from] item: Leftovers\n|upkeep\n|turn|25\n|\n|t:|1700092518\n|move|p2a: Zapdos|Heat Wave|p1a: Ting-Lu\n|-damage|p1a: Ting-Lu|4\/100\n|move|p1a: Ting-Lu|Whirlwind|p2a: Zapdos\n|drag|p2a: Sneasler|Sneasler, F|95\/100\n|-damage|p2a: Sneasler|89\/100|[from] Stealth Rock\n|-damage|p2a: Sneasler|76\/100|[from] Spikes\n|\n|upkeep\n|turn|26\n|\n|t:|1700092525\n|move|p2a: Sneasler|U-turn|p1a: Ting-Lu\n|-supereffective|p1a: Ting-Lu\n|-damage|p1a: Ting-Lu|0 fnt\n|faint|p1a: Ting-Lu\n|\n|t:|1700092527\n|switch|p2a: Corviknight|Corviknight, M, tera:Flying|43\/100|[from] U-turn\n|-damage|p2a: Corviknight|18\/100|[from] Stealth Rock\n|\n|-heal|p2a: Corviknight|24\/100|[from] item: Leftovers\n|upkeep\n|\n|t:|1700092531\n|switch|p1a: Iron Moth|Iron Moth|11\/100\n|turn|27\n|\n|t:|1700092536\n|move|p1a: Iron Moth|Fiery Dance|p2a: Corviknight\n|-damage|p2a: Corviknight|0 fnt\n|-boost|p1a: Iron Moth|spa|1\n|faint|p2a: Corviknight\n|\n|upkeep\n|\n|t:|1700092540\n|switch|p2a: Sneasler|Sneasler, F|76\/100\n|-damage|p2a: Sneasler|70\/100|[from] Stealth Rock\n|-damage|p2a: Sneasler|58\/100|[from] Spikes\n|turn|28\n|\n|t:|1700092548\n|move|p2a: Sneasler|Night Slash|p1a: Iron Moth\n|-damage|p1a: Iron Moth|0 fnt\n|faint|p1a: Iron Moth\n|-end|p1a: Iron Moth|Quark Drive|[silent]\n|\n|upkeep\n|\n|t:|1700092555\n|switch|p1a: Dragapult|Dragapult, F|100\/100\n|turn|29\n|\n|t:|1700092560\n|move|p2a: Sneasler|Night Slash|p1a: Dragapult\n|-supereffective|p1a: Dragapult\n|-damage|p1a: Dragapult|27\/100\n|move|p1a: Dragapult|Psychic Fangs|p2a: Sneasler\n|-supereffective|p2a: Sneasler\n|-damage|p2a: Sneasler|0 fnt\n|faint|p2a: Sneasler\n|-damage|p1a: Dragapult|17\/100|[from] item: Life Orb\n|\n|upkeep\n|\n|t:|1700092563\n|switch|p2a: Greninja|Greninja, M|94\/100\n|-damage|p2a: Greninja|82\/100|[from] Stealth Rock\n|-damage|p2a: Greninja|69\/100|[from] Spikes\n|turn|30\n|\n|t:|1700092578\n|move|p1a: Dragapult|Dragon Darts|p2a: Greninja\n|-damage|p2a: Greninja|10\/100\n|-anim|p1a: Dragapult|Dragon Darts|p2a: Greninja\n|-damage|p2a: Greninja|0 fnt\n|faint|p2a: Greninja\n|-damage|p1a: Dragapult|7\/100|[from] item: Life Orb\n|\n|upkeep\n|\n|t:|1700092580\n|switch|p2a: Zapdos|Zapdos|94\/100\n|-damage|p2a: Zapdos|69\/100|[from] Stealth Rock\n|turn|31\n|-message|McWeeb forfeited.\n|\n|win|Isaayzin\n|raw|Isaayzin's rating: 1130 &rarr; <strong>1152<\/strong><br \/>(+22 for winning)\n|raw|McWeeb's rating: 1088 &rarr; <strong>1068<\/strong><br \/>(-20 for losing)\n|l|\u2606McWeeb\n","uploadtime":1700092592,"views":19,"p1id":"isaayzin","p2id":"mcweeb","formatid":"gen9ou","rating":1068,"private":0,"password":""}