{"id":"gen9ou-1989939952","p1":"Edatercringe","p2":"DynaTheCryo","format":"[Gen 9] OU","log":"|j|\u2606Edatercringe\n|j|\u2606DynaTheCryo\n|t:|1699908526\n|gametype|singles\n|player|p1|Edatercringe|265|1243\n|player|p2|DynaTheCryo|unknown|1195\n|teamsize|p1|6\n|teamsize|p2|6\n|gen|9\n|tier|[Gen 9] OU\n|rated|\n|rule|Sleep Clause Mod: Limit one foe put to sleep\n|rule|Species Clause: Limit one of each Pok\u00e9mon\n|rule|OHKO Clause: OHKO moves are banned\n|rule|Evasion Items Clause: Evasion items are banned\n|rule|Evasion Moves Clause: Evasion moves are banned\n|rule|Endless Battle Clause: Forcing endless battles is banned\n|rule|HP Percentage Mod: HP is shown in percentages\n|clearpoke\n|poke|p1|Gholdengo|\n|poke|p1|Greninja-*, M|\n|poke|p1|Sneasler, M|\n|poke|p1|Rillaboom, M|\n|poke|p1|Ribombee, M|\n|poke|p1|Heatran, M|\n|poke|p2|Samurott-Hisui, M|\n|poke|p2|Heatran, F|\n|poke|p2|Dragonite, F|\n|poke|p2|Ogerpon-Wellspring, F|\n|poke|p2|Corviknight, F|\n|poke|p2|Grimmsnarl, M|\n|teampreview\n|\n|t:|1699908536\n|start\n|switch|p1a: Ribombee|Ribombee, M|100\/100\n|switch|p2a: Heatran|Heatran, F|100\/100\n|turn|1\n|inactive|Battle timer is ON: inactive players will automatically lose when time's up. (requested by DynaTheCryo)\n|\n|t:|1699908545\n|move|p2a: Heatran|Flash Cannon|p1a: Ribombee\n|-supereffective|p1a: Ribombee\n|-enditem|p1a: Ribombee|Focus Sash\n|-damage|p1a: Ribombee|1\/100\n|move|p1a: Ribombee|Sticky Web|p2a: Heatran\n|-sidestart|p2: DynaTheCryo|move: Sticky Web\n|\n|upkeep\n|turn|2\n|\n|t:|1699908572\n|switch|p1a: Heatran|Heatran, M|100\/100\n|move|p2a: Heatran|Flash Cannon|p1a: Heatran\n|-resisted|p1a: Heatran\n|-damage|p1a: Heatran|92\/100\n|\n|-heal|p1a: Heatran|98\/100|[from] item: Leftovers\n|upkeep\n|turn|3\n|\n|t:|1699908583\n|switch|p2a: Grimmsnarl|Grimmsnarl, M|100\/100\n|-activate|p2a: Grimmsnarl|move: Sticky Web\n|-unboost|p2a: Grimmsnarl|spe|1\n|move|p1a: Heatran|Magma Storm|p2a: Grimmsnarl\n|-damage|p2a: Grimmsnarl|53\/100\n|-activate|p2a: Grimmsnarl|move: Magma Storm|[of] p1a: Heatran\n|\n|-heal|p1a: Heatran|100\/100|[from] item: Leftovers\n|-damage|p2a: Grimmsnarl|41\/100|[from] move: Magma Storm|[partiallytrapped]\n|upkeep\n|turn|4\n|\n|t:|1699908587\n|move|p2a: Grimmsnarl|Light Screen|p2a: Grimmsnarl\n|-sidestart|p2: DynaTheCryo|move: Light Screen\n|move|p1a: Heatran|Taunt|p2a: Grimmsnarl\n|-start|p2a: Grimmsnarl|move: Taunt\n|\n|-damage|p2a: Grimmsnarl|29\/100|[from] move: Magma Storm|[partiallytrapped]\n|upkeep\n|turn|5\n|\n|t:|1699908592\n|move|p2a: Grimmsnarl|Sucker Punch|p1a: Heatran\n|-damage|p1a: Heatran|71\/100\n|move|p1a: Heatran|Earth Power|p2a: Grimmsnarl\n|-crit|p2a: Grimmsnarl\n|-damage|p2a: Grimmsnarl|0 fnt\n|faint|p2a: Grimmsnarl\n|\n|-heal|p1a: Heatran|78\/100|[from] item: Leftovers\n|upkeep\n|\n|t:|1699908602\n|switch|p2a: Samurott-Unova|Samurott-Hisui, M, shiny|100\/100\n|-activate|p2a: Samurott-Unova|move: Sticky Web\n|-unboost|p2a: Samurott-Unova|spe|1\n|turn|6\n|\n|t:|1699908620\n|-terastallize|p1a: Heatran|Grass\n|move|p2a: Samurott-Unova|Liquidation|p1a: Heatran\n|-resisted|p1a: Heatran\n|-damage|p1a: Heatran|60\/100\n|move|p1a: Heatran|Tera Blast|p2a: Samurott-Unova|[anim] Tera Blast Grass\n|-supereffective|p2a: Samurott-Unova\n|-damage|p2a: Samurott-Unova|51\/100\n|\n|-heal|p1a: Heatran|66\/100|[from] item: Leftovers\n|upkeep\n|turn|7\n|\n|t:|1699908627\n|move|p2a: Samurott-Unova|Sacred Sword|p1a: Heatran\n|-damage|p1a: Heatran|34\/100\n|move|p1a: Heatran|Tera Blast|p2a: Samurott-Unova|[anim] Tera Blast Grass\n|-supereffective|p2a: Samurott-Unova\n|-damage|p2a: Samurott-Unova|3\/100\n|\n|-heal|p1a: Heatran|40\/100|[from] item: Leftovers\n|upkeep\n|turn|8\n|\n|t:|1699908633\n|switch|p1a: Gholdengo|Gholdengo|100\/100\n|move|p2a: Samurott-Unova|Sacred Sword|p1a: Gholdengo\n|-immune|p1a: Gholdengo\n|\n|-sideend|p2: DynaTheCryo|move: Light Screen\n|upkeep\n|turn|9\n|\n|t:|1699908636\n|move|p1a: Gholdengo|Shadow Ball|p2a: Samurott-Unova\n|-resisted|p2a: Samurott-Unova\n|-damage|p2a: Samurott-Unova|0 fnt\n|faint|p2a: Samurott-Unova\n|\n|upkeep\n|\n|t:|1699908639\n|switch|p2a: Corviknight|Corviknight, F, shiny|100\/100\n|turn|10\n|\n|t:|1699908646\n|switch|p1a: Rillaboom|Rillaboom, M|100\/100\n|-fieldstart|move: Grassy Terrain|[from] ability: Grassy Surge|[of] p1a: Rillaboom\n|move|p2a: Corviknight|Defog|p1a: Rillaboom\n|-unboost|p1a: Rillaboom|evasion|1\n|-sideend|p2: DynaTheCryo|Sticky Web|[from] move: Defog|[of] p2a: Corviknight\n|-fieldend|move: Grassy Terrain\n|\n|upkeep\n|turn|11\n|\n|t:|1699908650\n|move|p1a: Rillaboom|U-turn|p2a: Corviknight\n|-resisted|p2a: Corviknight\n|-damage|p2a: Corviknight|97\/100\n|\n|t:|1699908660\n|switch|p1a: Gholdengo|Gholdengo|100\/100|[from] U-turn\n|move|p2a: Corviknight|U-turn|p1a: Gholdengo\n|-resisted|p1a: Gholdengo\n|-damage|p1a: Gholdengo|97\/100\n|\n|t:|1699908670\n|switch|p2a: Dragonite|Dragonite, F|100\/100|[from] U-turn\n|\n|upkeep\n|turn|12\n|\n|t:|1699908677\n|move|p1a: Gholdengo|Trick|p2a: Dragonite\n|-activate|p1a: Gholdengo|move: Trick|[of] p2a: Dragonite\n|-item|p2a: Dragonite|Choice Scarf|[from] move: Trick\n|-item|p1a: Gholdengo|Weakness Policy|[from] move: Trick\n|move|p2a: Dragonite|Dragon Dance|p2a: Dragonite\n|-boost|p2a: Dragonite|atk|1\n|-boost|p2a: Dragonite|spe|1\n|\n|upkeep\n|turn|13\n|\n|t:|1699908690\n|switch|p2a: Corviknight|Corviknight, F, shiny|97\/100\n|move|p1a: Gholdengo|Thunderbolt|p2a: Corviknight\n|-supereffective|p2a: Corviknight\n|-damage|p2a: Corviknight|41\/100\n|\n|upkeep\n|turn|14\n|\n|t:|1699908695\n|switch|p2a: Ogerpon|Ogerpon-Wellspring, F|100\/100\n|move|p1a: Gholdengo|Thunderbolt|p2a: Ogerpon\n|-damage|p2a: Ogerpon|61\/100\n|-status|p2a: Ogerpon|par\n|\n|upkeep\n|turn|15\n|\n|t:|1699908700\n|move|p1a: Gholdengo|Thunderbolt|p2a: Ogerpon\n|-crit|p2a: Ogerpon\n|-damage|p2a: Ogerpon|7\/100 par\n|move|p2a: Ogerpon|Ivy Cudgel|p1a: Gholdengo\n|-damage|p1a: Gholdengo|32\/100\n|\n|upkeep\n|turn|16\n|\n|t:|1699908705\n|move|p1a: Gholdengo|Thunderbolt|p2a: Ogerpon\n|-damage|p2a: Ogerpon|0 fnt\n|faint|p2a: Ogerpon\n|\n|upkeep\n|\n|t:|1699908706\n|switch|p2a: Heatran|Heatran, F|100\/100\n|turn|17\n|\n|t:|1699908717\n|move|p2a: Heatran|Earth Power|p1a: Gholdengo\n|-supereffective|p1a: Gholdengo\n|-damage|p1a: Gholdengo|0 fnt\n|faint|p1a: Gholdengo\n|\n|upkeep\n|\n|t:|1699908722\n|switch|p1a: Rillaboom|Rillaboom, M|100\/100\n|-fieldstart|move: Grassy Terrain|[from] ability: Grassy Surge|[of] p1a: Rillaboom\n|turn|18\n|\n|t:|1699908730\n|switch|p2a: Corviknight|Corviknight, F, shiny|41\/100\n|move|p1a: Rillaboom|U-turn|p2a: Corviknight\n|-resisted|p2a: Corviknight\n|-damage|p2a: Corviknight|38\/100\n|\n|t:|1699908736\n|switch|p1a: Heatran|Heatran, M, tera:Grass|40\/100|[from] U-turn\n|\n|-heal|p1a: Heatran|46\/100|[from] Grassy Terrain\n|-heal|p1a: Heatran|52\/100|[from] item: Leftovers\n|upkeep\n|turn|19\n|\n|t:|1699908739\n|move|p1a: Heatran|Magma Storm|p2a: Corviknight|[miss]\n|-miss|p1a: Heatran|p2a: Corviknight\n|move|p2a: Corviknight|U-turn|p1a: Heatran\n|-supereffective|p1a: Heatran\n|-damage|p1a: Heatran|25\/100\n|\n|t:|1699908743\n|switch|p2a: Heatran|Heatran, F|100\/100|[from] U-turn\n|\n|-heal|p1a: Heatran|32\/100|[from] Grassy Terrain\n|-heal|p1a: Heatran|38\/100|[from] item: Leftovers\n|upkeep\n|turn|20\n|\n|t:|1699908749\n|-terastallize|p2a: Heatran|Grass\n|move|p2a: Heatran|Flash Cannon|p1a: Heatran\n|-damage|p1a: Heatran|4\/100\n|move|p1a: Heatran|Earth Power|p2a: Heatran\n|-resisted|p2a: Heatran\n|-damage|p2a: Heatran|83\/100\n|\n|-heal|p2a: Heatran|89\/100|[from] Grassy Terrain\n|-heal|p1a: Heatran|10\/100|[from] Grassy Terrain\n|-heal|p1a: Heatran|16\/100|[from] item: Leftovers\n|upkeep\n|turn|21\n|\n|t:|1699908755\n|move|p2a: Heatran|Flash Cannon|p1a: Heatran\n|-damage|p1a: Heatran|0 fnt\n|faint|p1a: Heatran\n|\n|-heal|p2a: Heatran|95\/100|[from] Grassy Terrain\n|upkeep\n|\n|t:|1699908758\n|switch|p1a: Sneasler|Sneasler, M|100\/100\n|-enditem|p1a: Sneasler|Grassy Seed\n|-boost|p1a: Sneasler|def|1|[from] item: Grassy Seed\n|turn|22\n|\n|t:|1699908767\n|move|p1a: Sneasler|Swords Dance|p1a: Sneasler\n|-boost|p1a: Sneasler|atk|2\n|move|p2a: Heatran|Flash Cannon|p1a: Sneasler\n|-damage|p1a: Sneasler|40\/100\n|-unboost|p1a: Sneasler|spd|1\n|\n|-heal|p1a: Sneasler|46\/100|[from] Grassy Terrain\n|-heal|p2a: Heatran|100\/100|[from] Grassy Terrain\n|upkeep\n|turn|23\n|\n|t:|1699908769\n|switch|p2a: Corviknight|Corviknight, F, shiny|38\/100\n|move|p1a: Sneasler|Acrobatics|p2a: Corviknight\n|-resisted|p2a: Corviknight\n|-damage|p2a: Corviknight|10\/100\n|\n|-heal|p1a: Sneasler|52\/100|[from] Grassy Terrain\n|upkeep\n|turn|24\n|\n|t:|1699908777\n|move|p1a: Sneasler|Acrobatics|p2a: Corviknight\n|-resisted|p2a: Corviknight\n|-damage|p2a: Corviknight|0 fnt\n|faint|p2a: Corviknight\n|\n|-heal|p1a: Sneasler|58\/100|[from] Grassy Terrain\n|upkeep\n|\n|t:|1699908779\n|switch|p2a: Dragonite|Dragonite, F|100\/100\n|turn|25\n|\n|t:|1699908787\n|move|p2a: Dragonite|Extreme Speed|p1a: Sneasler\n|-damage|p1a: Sneasler|23\/100\n|move|p1a: Sneasler|Dire Claw|p2a: Dragonite\n|-damage|p2a: Dragonite|56\/100\n|-status|p2a: Dragonite|psn\n|\n|-heal|p1a: Sneasler|29\/100|[from] Grassy Terrain\n|-damage|p2a: Dragonite|44\/100 psn|[from] psn\n|-fieldend|move: Grassy Terrain\n|upkeep\n|turn|26\n|\n|t:|1699908792\n|move|p2a: Dragonite|Extreme Speed|p1a: Sneasler\n|-damage|p1a: Sneasler|0 fnt\n|faint|p1a: Sneasler\n|\n|-damage|p2a: Dragonite|31\/100 psn|[from] psn\n|upkeep\n|\n|t:|1699908795\n|switch|p1a: Greninja|Greninja, M|100\/100\n|turn|27\n|\n|t:|1699908797\n|move|p2a: Dragonite|Extreme Speed|p1a: Greninja\n|-damage|p1a: Greninja|53\/100\n|move|p1a: Greninja|Water Shuriken|p2a: Dragonite\n|-resisted|p2a: Dragonite\n|-damage|p2a: Dragonite|28\/100 psn\n|-resisted|p2a: Dragonite\n|-damage|p2a: Dragonite|24\/100 psn\n|-resisted|p2a: Dragonite\n|-damage|p2a: Dragonite|20\/100 psn\n|-resisted|p2a: Dragonite\n|-damage|p2a: Dragonite|17\/100 psn\n|-resisted|p2a: Dragonite\n|-damage|p2a: Dragonite|13\/100 psn\n|-hitcount|p2a: Dragonite|5\n|\n|-damage|p2a: Dragonite|1\/100 psn|[from] psn\n|upkeep\n|turn|28\n|\n|t:|1699908803\n|move|p2a: Dragonite|Extreme Speed|p1a: Greninja\n|-damage|p1a: Greninja|0 fnt\n|faint|p1a: Greninja\n|\n|-damage|p2a: Dragonite|0 fnt|[from] psn\n|faint|p2a: Dragonite\n|upkeep\n|\n|t:|1699908812\n|switch|p1a: Rillaboom|Rillaboom, M|100\/100\n|switch|p2a: Heatran|Heatran, F, tera:Grass|100\/100\n|-fieldstart|move: Grassy Terrain|[from] ability: Grassy Surge|[of] p1a: Rillaboom\n|turn|29\n|\n|t:|1699908815\n|move|p2a: Heatran|Flamethrower|p1a: Rillaboom\n|-supereffective|p1a: Rillaboom\n|-damage|p1a: Rillaboom|0 fnt\n|faint|p1a: Rillaboom\n|\n|upkeep\n|\n|t:|1699908818\n|switch|p1a: Ribombee|Ribombee, M|1\/100\n|turn|30\n|\n|t:|1699908821\n|move|p2a: Heatran|Flamethrower|p1a: Ribombee\n|-supereffective|p1a: Ribombee\n|-damage|p1a: Ribombee|0 fnt\n|faint|p1a: Ribombee\n|\n|win|DynaTheCryo\n|raw|Edatercringe's rating: 1243 &rarr; <strong>1215<\/strong><br \/>(-28 for losing)\n|raw|DynaTheCryo's rating: 1195 &rarr; <strong>1223<\/strong><br \/>(+28 for winning)\n|c|\u2606DynaTheCryo|gg\n|l|\u2606Edatercringe\n|l|\u2606DynaTheCryo\n|j|\u2606DynaTheCryo\n|player|p2|DynaTheCryo|unknown\n","uploadtime":1699908853,"views":32,"p1id":"edatercringe","p2id":"dynathecryo","formatid":"gen9ou","rating":1215,"private":0,"password":""}