{"id":"gen9ou-1999614771","p1":"IMN_Fauler","p2":"Diatere","format":"[Gen 9] OU","log":"|j|\u2606IMN_Fauler\n|j|\u2606Diatere\n|t:|1701101374\n|gametype|singles\n|player|p1|IMN_Fauler|hilbert|1384\n|player|p2|Diatere|mina|1415\n|teamsize|p1|6\n|teamsize|p2|6\n|gen|9\n|tier|[Gen 9] OU\n|rated|\n|rule|Sleep Clause Mod: Limit one foe put to sleep\n|rule|Species Clause: Limit one of each Pok\u00e9mon\n|rule|OHKO Clause: OHKO moves are banned\n|rule|Evasion Items Clause: Evasion items are banned\n|rule|Evasion Moves Clause: Evasion moves are banned\n|rule|Endless Battle Clause: Forcing endless battles is banned\n|rule|HP Percentage Mod: HP is shown in percentages\n|clearpoke\n|poke|p1|Ribombee, F|\n|poke|p1|Enamorus, F|\n|poke|p1|Kingambit, M|\n|poke|p1|Arcanine-Hisui, F|\n|poke|p1|Gholdengo|\n|poke|p1|Kommo-o, F|\n|poke|p2|Ninetales-Alola, M|\n|poke|p2|Hatterene, F|\n|poke|p2|Manaphy|\n|poke|p2|Ogerpon-Cornerstone, F|\n|poke|p2|Rillaboom, M|\n|poke|p2|Iron Valiant|\n|teampreview\n|inactive|Battle timer is ON: inactive players will automatically lose when time's up. (requested by IMN_Fauler)\n|\n|t:|1701101392\n|start\n|switch|p1a: Enamorus|Enamorus, F|100\/100\n|switch|p2a: Tavros|Ninetales-Alola, M|100\/100\n|-weather|Snow|[from] ability: Snow Warning|[of] p2a: Tavros\n|turn|1\n|\n|t:|1701101411\n|switch|p1a: Gholdengo|Gholdengo|100\/100\n|-item|p1a: Gholdengo|Air Balloon\n|move|p2a: Tavros|Aurora Veil|p2a: Tavros\n|-sidestart|p2: Diatere|move: Aurora Veil\n|\n|-weather|Snow|[upkeep]\n|upkeep\n|turn|2\n|\n|t:|1701101419\n|switch|p2a: Gamzee|Rillaboom, M|100\/100\n|-fieldstart|move: Grassy Terrain|[from] ability: Grassy Surge|[of] p2a: Gamzee\n|move|p1a: Gholdengo|Shadow Ball|p2a: Gamzee\n|-damage|p2a: Gamzee|73\/100\n|\n|-weather|Snow|[upkeep]\n|-heal|p2a: Gamzee|79\/100|[from] Grassy Terrain\n|upkeep\n|turn|3\n|\n|t:|1701101440\n|switch|p1a: Kommo-o|Kommo-o, F|100\/100\n|move|p2a: Gamzee|Knock Off|p1a: Kommo-o\n|-resisted|p1a: Kommo-o\n|-damage|p1a: Kommo-o|78\/100\n|-enditem|p1a: Kommo-o|Leftovers|[from] move: Knock Off|[of] p2a: Gamzee\n|\n|-weather|Snow|[upkeep]\n|-heal|p2a: Gamzee|85\/100|[from] Grassy Terrain\n|-heal|p1a: Kommo-o|84\/100|[from] Grassy Terrain\n|upkeep\n|turn|4\n|\n|t:|1701101448\n|switch|p2a: Kanaya|Hatterene, F|100\/100\n|-enditem|p2a: Kanaya|Grassy Seed\n|-boost|p2a: Kanaya|def|1|[from] item: Grassy Seed\n|move|p1a: Kommo-o|Clangorous Soul|p1a: Kommo-o\n|-boost|p1a: Kommo-o|atk|1\n|-boost|p1a: Kommo-o|def|1\n|-boost|p1a: Kommo-o|spa|1\n|-boost|p1a: Kommo-o|spd|1\n|-boost|p1a: Kommo-o|spe|1\n|-damage|p1a: Kommo-o|51\/100\n|\n|-weather|Snow|[upkeep]\n|-heal|p1a: Kommo-o|58\/100|[from] Grassy Terrain\n|upkeep\n|turn|5\n|\n|t:|1701101465\n|-terastallize|p1a: Kommo-o|Steel\n|move|p1a: Kommo-o|Iron Head|p2a: Kanaya\n|-supereffective|p2a: Kanaya\n|-damage|p2a: Kanaya|72\/100\n|move|p2a: Kanaya|Calm Mind|p2a: Kanaya\n|-boost|p2a: Kanaya|spa|1\n|-boost|p2a: Kanaya|spd|1\n|\n|-weather|none\n|-heal|p1a: Kommo-o|64\/100|[from] Grassy Terrain\n|-heal|p2a: Kanaya|78\/100|[from] Grassy Terrain\n|upkeep\n|turn|6\n|\n|t:|1701101473\n|move|p1a: Kommo-o|Clangorous Soul|p1a: Kommo-o\n|-boost|p1a: Kommo-o|atk|1\n|-boost|p1a: Kommo-o|def|1\n|-boost|p1a: Kommo-o|spa|1\n|-boost|p1a: Kommo-o|spd|1\n|-boost|p1a: Kommo-o|spe|1\n|-damage|p1a: Kommo-o|31\/100\n|move|p2a: Kanaya|Mystical Fire|p1a: Kommo-o\n|-supereffective|p1a: Kommo-o\n|-crit|p1a: Kommo-o\n|-damage|p1a: Kommo-o|0 fnt\n|faint|p1a: Kommo-o\n|\n|-heal|p2a: Kanaya|84\/100|[from] Grassy Terrain\n|-fieldend|move: Grassy Terrain\n|upkeep\n|\n|t:|1701101488\n|switch|p1a: Arcanine|Arcanine-Hisui, F|100\/100\n|turn|7\n|\n|t:|1701101507\n|move|p1a: Arcanine|Flare Blitz|p2a: Kanaya\n|-damage|p2a: Kanaya|61\/100\n|move|p2a: Kanaya|Psyshock|p1a: Arcanine\n|-damage|p1a: Arcanine|28\/100\n|\n|upkeep\n|turn|8\n|\n|t:|1701101513\n|move|p1a: Arcanine|Flare Blitz|p2a: Kanaya\n|-damage|p2a: Kanaya|39\/100\n|-status|p2a: Kanaya|brn\n|move|p2a: Kanaya|Psyshock|p1a: Arcanine\n|-damage|p1a: Arcanine|0 fnt\n|faint|p1a: Arcanine\n|\n|-damage|p2a: Kanaya|33\/100 brn|[from] brn\n|-sideend|p2: Diatere|move: Aurora Veil\n|upkeep\n|\n|t:|1701101518\n|switch|p1a: Enamorus|Enamorus, F|100\/100\n|turn|9\n|\n|t:|1701101520\n|move|p1a: Enamorus|Mystical Fire|p2a: Kanaya\n|-damage|p2a: Kanaya|14\/100 brn\n|-unboost|p2a: Kanaya|spa|1\n|move|p2a: Kanaya|Draining Kiss|p1a: Enamorus\n|-damage|p1a: Enamorus|70\/100\n|-heal|p2a: Kanaya|35\/100 brn|[from] drain|[of] p1a: Enamorus\n|\n|-damage|p2a: Kanaya|29\/100 brn|[from] brn\n|upkeep\n|turn|10\n|\n|t:|1701101530\n|move|p1a: Enamorus|Moonblast|p2a: Kanaya\n|-damage|p2a: Kanaya|0 fnt\n|faint|p2a: Kanaya\n|\n|upkeep\n|\n|t:|1701101535\n|switch|p2a: Tavros|Ninetales-Alola, M|100\/100\n|-weather|Snow|[from] ability: Snow Warning|[of] p2a: Tavros\n|turn|11\n|\n|t:|1701101538\n|move|p2a: Tavros|Aurora Veil|p2a: Tavros\n|-sidestart|p2: Diatere|move: Aurora Veil\n|move|p1a: Enamorus|Superpower|p2a: Tavros\n|-damage|p2a: Tavros|87\/100\n|-boost|p1a: Enamorus|atk|1\n|-boost|p1a: Enamorus|def|1\n|\n|-weather|Snow|[upkeep]\n|upkeep\n|turn|12\n|\n|t:|1701101544\n|move|p2a: Tavros|Freeze-Dry|p1a: Enamorus\n|-supereffective|p1a: Enamorus\n|-damage|p1a: Enamorus|18\/100\n|move|p1a: Enamorus|Mystical Fire|p2a: Tavros\n|-supereffective|p2a: Tavros\n|-damage|p2a: Tavros|62\/100\n|-unboost|p2a: Tavros|spa|1\n|\n|-weather|Snow|[upkeep]\n|upkeep\n|turn|13\n|\n|t:|1701101550\n|move|p2a: Tavros|Freeze-Dry|p1a: Enamorus\n|-supereffective|p1a: Enamorus\n|-damage|p1a: Enamorus|0 fnt\n|faint|p1a: Enamorus\n|\n|-weather|Snow|[upkeep]\n|upkeep\n|\n|t:|1701101552\n|switch|p1a: Ribombee|Ribombee, F, shiny|100\/100\n|turn|14\n|\n|t:|1701101555\n|move|p1a: Ribombee|Sticky Web|p2a: Tavros\n|-sidestart|p2: Diatere|move: Sticky Web\n|move|p2a: Tavros|Freeze-Dry|p1a: Ribombee\n|-damage|p1a: Ribombee|78\/100\n|\n|-weather|Snow|[upkeep]\n|upkeep\n|turn|15\n|\n|t:|1701101563\n|switch|p2a: Gamzee|Rillaboom, M|85\/100\n|-activate|p2a: Gamzee|move: Sticky Web\n|-unboost|p2a: Gamzee|spe|1\n|-fieldstart|move: Grassy Terrain|[from] ability: Grassy Surge|[of] p2a: Gamzee\n|move|p1a: Ribombee|Switcheroo|p2a: Gamzee\n|-activate|p1a: Ribombee|move: Trick|[of] p2a: Gamzee\n|-item|p2a: Gamzee|Focus Sash|[from] move: Switcheroo\n|-item|p1a: Ribombee|Choice Band|[from] move: Switcheroo\n|\n|-weather|none\n|-heal|p1a: Ribombee|84\/100|[from] Grassy Terrain\n|-heal|p2a: Gamzee|91\/100|[from] Grassy Terrain\n|upkeep\n|turn|16\n|\n|t:|1701101572\n|move|p1a: Ribombee|Moonblast|p2a: Gamzee\n|-damage|p2a: Gamzee|67\/100\n|move|p2a: Gamzee|U-turn|p1a: Ribombee\n|-resisted|p1a: Ribombee\n|-crit|p1a: Ribombee\n|-damage|p1a: Ribombee|50\/100\n|\n|t:|1701101578\n|switch|p2a: Karkat|Manaphy|100\/100|[from] U-turn\n|-activate|p2a: Karkat|move: Sticky Web\n|-unboost|p2a: Karkat|spe|1\n|\n|-heal|p1a: Ribombee|56\/100|[from] Grassy Terrain\n|upkeep\n|turn|17\n|\n|t:|1701101583\n|switch|p1a: Gholdengo|Gholdengo|100\/100\n|-item|p1a: Gholdengo|Air Balloon\n|move|p2a: Karkat|Take Heart|p2a: Karkat\n|-boost|p2a: Karkat|spa|1\n|-boost|p2a: Karkat|spd|1\n|\n|upkeep\n|turn|18\n|\n|t:|1701101589\n|move|p1a: Gholdengo|Nasty Plot|p1a: Gholdengo\n|-boost|p1a: Gholdengo|spa|2\n|move|p2a: Karkat|Take Heart|p2a: Karkat\n|-boost|p2a: Karkat|spa|1\n|-boost|p2a: Karkat|spd|1\n|\n|-sideend|p2: Diatere|move: Aurora Veil\n|upkeep\n|turn|19\n|\n|t:|1701101595\n|move|p1a: Gholdengo|Nasty Plot|p1a: Gholdengo\n|-boost|p1a: Gholdengo|spa|2\n|move|p2a: Karkat|Scald|p1a: Gholdengo\n|-damage|p1a: Gholdengo|16\/100\n|-enditem|p1a: Gholdengo|Air Balloon\n|\n|-heal|p1a: Gholdengo|22\/100|[from] Grassy Terrain\n|-fieldend|move: Grassy Terrain\n|upkeep\n|turn|20\n|\n|t:|1701101603\n|move|p1a: Gholdengo|Thunderbolt|p2a: Karkat\n|-supereffective|p2a: Karkat\n|-damage|p2a: Karkat|14\/100\n|move|p2a: Karkat|Scald|p1a: Gholdengo\n|-damage|p1a: Gholdengo|0 fnt\n|faint|p1a: Gholdengo\n|\n|-heal|p2a: Karkat|20\/100|[from] item: Leftovers\n|upkeep\n|\n|t:|1701101607\n|switch|p1a: Kingambit|Kingambit, M|100\/100\n|-activate|p1a: Kingambit|ability: Supreme Overlord\n|-start|p1a: Kingambit|fallen4|[silent]\n|turn|21\n|\n|t:|1701101612\n|move|p1a: Kingambit|Kowtow Cleave|p2a: Karkat\n|-damage|p2a: Karkat|0 fnt\n|faint|p2a: Karkat\n|\n|upkeep\n|\n|t:|1701101616\n|switch|p2a: Tavros|Ninetales-Alola, M|62\/100\n|-activate|p2a: Tavros|move: Sticky Web\n|-unboost|p2a: Tavros|spe|1\n|-weather|Snow|[from] ability: Snow Warning|[of] p2a: Tavros\n|turn|22\n|\n|t:|1701101623\n|-terastallize|p2a: Tavros|Water\n|move|p2a: Tavros|Aurora Veil|p2a: Tavros\n|-sidestart|p2: Diatere|move: Aurora Veil\n|move|p1a: Kingambit|Swords Dance|p1a: Kingambit\n|-boost|p1a: Kingambit|atk|2\n|\n|-weather|Snow|[upkeep]\n|upkeep\n|turn|23\n|\n|t:|1701101628\n|move|p2a: Tavros|Moonblast|p1a: Kingambit\n|-damage|p1a: Kingambit|67\/100\n|move|p1a: Kingambit|Swords Dance|p1a: Kingambit\n|-boost|p1a: Kingambit|atk|2\n|\n|-weather|Snow|[upkeep]\n|upkeep\n|turn|24\n|\n|t:|1701101635\n|move|p2a: Tavros|Encore|p1a: Kingambit\n|-start|p1a: Kingambit|Encore\n|move|p1a: Kingambit|Swords Dance|p1a: Kingambit\n|-boost|p1a: Kingambit|atk|2\n|\n|-weather|Snow|[upkeep]\n|upkeep\n|turn|25\n|\n|t:|1701101639\n|move|p2a: Tavros|Moonblast|p1a: Kingambit\n|-damage|p1a: Kingambit|33\/100\n|move|p1a: Kingambit|Swords Dance|p1a: Kingambit\n|-boost|p1a: Kingambit|atk|0\n|\n|-weather|Snow|[upkeep]\n|upkeep\n|turn|26\n|\n|t:|1701101643\n|-end|p1a: Kingambit|fallen4|[silent]\n|switch|p1a: Ribombee|Ribombee, F, shiny|56\/100\n|move|p2a: Tavros|Moonblast|p1a: Ribombee\n|-damage|p1a: Ribombee|4\/100\n|\n|-weather|none\n|upkeep\n|turn|27\n|\n|t:|1701101650\n|move|p1a: Ribombee|Moonblast|p2a: Tavros\n|-damage|p2a: Tavros|41\/100\n|-unboost|p2a: Tavros|spa|1\n|move|p2a: Tavros|Moonblast|p1a: Ribombee\n|-damage|p1a: Ribombee|0 fnt\n|faint|p1a: Ribombee\n|\n|upkeep\n|\n|t:|1701101652\n|switch|p1a: Kingambit|Kingambit, M|33\/100\n|-activate|p1a: Kingambit|ability: Supreme Overlord\n|-start|p1a: Kingambit|fallen5|[silent]\n|turn|28\n|\n|t:|1701101657\n|move|p2a: Tavros|Moonblast|p1a: Kingambit\n|-damage|p1a: Kingambit|12\/100\n|-unboost|p1a: Kingambit|spa|1\n|move|p1a: Kingambit|Kowtow Cleave|p2a: Tavros\n|-damage|p2a: Tavros|0 fnt\n|faint|p2a: Tavros\n|\n|upkeep\n|\n|t:|1701101663\n|switch|p2a: Gamzee|Rillaboom, M|67\/100\n|-activate|p2a: Gamzee|move: Sticky Web\n|-unboost|p2a: Gamzee|spe|1\n|-fieldstart|move: Grassy Terrain|[from] ability: Grassy Surge|[of] p2a: Gamzee\n|turn|29\n|\n|t:|1701101666\n|move|p2a: Gamzee|Grassy Glide|p1a: Kingambit\n|-resisted|p1a: Kingambit\n|-damage|p1a: Kingambit|0 fnt\n|faint|p1a: Kingambit\n|-end|p1a: Kingambit|fallen5|[silent]\n|\n|win|Diatere\n|raw|IMN_Fauler's rating: 1384 &rarr; <strong>1366<\/strong><br \/>(-18 for losing)\n|raw|Diatere's rating: 1415 &rarr; <strong>1433<\/strong><br \/>(+18 for winning)\n","uploadtime":1701101677,"views":2,"p1id":"imnfauler","p2id":"diatere","formatid":"gen9ou","rating":1366,"private":0,"password":""}