{"id":"gen9ou-1995214672","p1":"synagoth","p2":"Aggron","format":"[Gen 9] OU","log":"|j|\u2606synagoth\n|j|\u2606Aggron\n|t:|1700535522\n|gametype|singles\n|player|p1|synagoth|1|1665\n|player|p2|Aggron|pokefan-gen4|1777\n|teamsize|p1|6\n|teamsize|p2|6\n|gen|9\n|tier|[Gen 9] OU\n|rated|\n|rule|Sleep Clause Mod: Limit one foe put to sleep\n|rule|Species Clause: Limit one of each Pok\u00e9mon\n|rule|OHKO Clause: OHKO moves are banned\n|rule|Evasion Items Clause: Evasion items are banned\n|rule|Evasion Moves Clause: Evasion moves are banned\n|rule|Endless Battle Clause: Forcing endless battles is banned\n|rule|HP Percentage Mod: HP is shown in percentages\n|clearpoke\n|poke|p1|Zamazenta-*|\n|poke|p1|Maushold-Four|\n|poke|p1|Heatran, M|\n|poke|p1|Dragonite, F|\n|poke|p1|Dondozo, M|\n|poke|p1|Muk-Alola, M|\n|poke|p2|Sinistcha-Masterpiece|\n|poke|p2|Heatran, M|\n|poke|p2|Rillaboom, F|\n|poke|p2|Samurott-Hisui, F|\n|poke|p2|Tyranitar, F|\n|poke|p2|Meowscarada, F|\n|teampreview\n|inactive|Battle timer is ON: inactive players will automatically lose when time's up. (requested by Aggron)\n|\n|t:|1700535542\n|start\n|switch|p1a: Maushold|Maushold-Four|100\/100\n|switch|p2a: Meowscarada|Meowscarada, F|100\/100\n|turn|1\n|\n|t:|1700535547\n|move|p2a: Meowscarada|U-turn|p1a: Maushold\n|-start|p2a: Meowscarada|typechange|Bug|[from] ability: Protean\n|-damage|p1a: Maushold|47\/100\n|\n|t:|1700535555\n|switch|p2a: Sinistcha|Sinistcha-Masterpiece|100\/100|[from] U-turn\n|move|p1a: Maushold|Tidy Up|p1a: Maushold\n|-boost|p1a: Maushold|atk|1\n|-boost|p1a: Maushold|spe|1\n|\n|upkeep\n|turn|2\n|\n|t:|1700535558\n|move|p1a: Maushold|Bite|p2a: Sinistcha\n|-supereffective|p2a: Sinistcha\n|-damage|p2a: Sinistcha|53\/100\n|cant|p2a: Sinistcha|flinch\n|\n|upkeep\n|turn|3\n|\n|t:|1700535563\n|move|p1a: Maushold|Bite|p2a: Sinistcha\n|-supereffective|p2a: Sinistcha\n|-damage|p2a: Sinistcha|12\/100\n|move|p2a: Sinistcha|Strength Sap|p1a: Maushold\n|-unboost|p1a: Maushold|atk|1\n|-heal|p2a: Sinistcha|100\/100\n|\n|upkeep\n|turn|4\n|\n|t:|1700535568\n|move|p1a: Maushold|Bite|p2a: Sinistcha\n|-supereffective|p2a: Sinistcha\n|-damage|p2a: Sinistcha|70\/100\n|move|p2a: Sinistcha|Matcha Gotcha|p1a: Maushold|[miss]\n|-miss|p2a: Sinistcha|p1a: Maushold\n|\n|upkeep\n|turn|5\n|\n|t:|1700535572\n|move|p1a: Maushold|Tidy Up|p1a: Maushold\n|-boost|p1a: Maushold|atk|1\n|-boost|p1a: Maushold|spe|1\n|move|p2a: Sinistcha|Matcha Gotcha|p1a: Maushold\n|-damage|p1a: Maushold|0 fnt\n|-heal|p2a: Sinistcha|89\/100|[from] drain|[of] p1a: Maushold\n|faint|p1a: Maushold\n|\n|upkeep\n|\n|t:|1700535579\n|switch|p1a: Heatran|Heatran, M|100\/100\n|turn|6\n|\n|t:|1700535583\n|switch|p1a: Dragonite|Dragonite, F|100\/100\n|switch|p2a: Tyranitar|Tyranitar, F|100\/100\n|-weather|Sandstorm|[from] ability: Sand Stream|[of] p2a: Tyranitar\n|\n|-weather|Sandstorm|[upkeep]\n|-damage|p1a: Dragonite|94\/100|[from] Sandstorm\n|upkeep\n|turn|7\n|\n|t:|1700535587\n|move|p1a: Dragonite|Dragon Dance|p1a: Dragonite\n|-boost|p1a: Dragonite|atk|1\n|-boost|p1a: Dragonite|spe|1\n|move|p2a: Tyranitar|Ice Beam|p1a: Dragonite\n|-supereffective|p1a: Dragonite\n|-damage|p1a: Dragonite|0 fnt\n|faint|p1a: Dragonite\n|\n|-weather|Sandstorm|[upkeep]\n|upkeep\n|\n|t:|1700535591\n|switch|p1a: Muk|Muk-Alola, M|100\/100\n|turn|8\n|\n|t:|1700535597\n|switch|p2a: Heatran|Heatran, M|100\/100\n|-item|p2a: Heatran|Air Balloon\n|move|p1a: Muk|Drain Punch|p2a: Heatran\n|-supereffective|p2a: Heatran\n|-damage|p2a: Heatran|66\/100\n|-enditem|p2a: Heatran|Air Balloon\n|\n|-weather|Sandstorm|[upkeep]\n|-damage|p1a: Muk|94\/100|[from] Sandstorm\n|-heal|p1a: Muk|100\/100|[from] item: Leftovers\n|upkeep\n|turn|9\n|\n|t:|1700535605\n|switch|p1a: Dondozo|Dondozo, M|100\/100\n|move|p2a: Heatran|Earth Power|p1a: Dondozo\n|-damage|p1a: Dondozo|81\/100\n|\n|-weather|Sandstorm|[upkeep]\n|-damage|p1a: Dondozo|75\/100|[from] Sandstorm\n|-heal|p1a: Dondozo|81\/100|[from] item: Leftovers\n|upkeep\n|turn|10\n|\n|t:|1700535610\n|switch|p2a: Sinistcha|Sinistcha-Masterpiece|89\/100\n|move|p1a: Dondozo|Curse|p1a: Dondozo\n|-unboost|p1a: Dondozo|spe|1\n|-boost|p1a: Dondozo|atk|1\n|-boost|p1a: Dondozo|def|1\n|\n|-weather|none\n|-heal|p1a: Dondozo|87\/100|[from] item: Leftovers\n|upkeep\n|turn|11\n|j| Dad hoarder\n|\n|t:|1700535614\n|move|p2a: Sinistcha|Matcha Gotcha|p1a: Dondozo\n|-supereffective|p1a: Dondozo\n|-damage|p1a: Dondozo|44\/100\n|-heal|p2a: Sinistcha|100\/100|[from] drain|[of] p1a: Dondozo\n|move|p1a: Dondozo|Liquidation|p2a: Sinistcha\n|-resisted|p2a: Sinistcha\n|-damage|p2a: Sinistcha|86\/100\n|\n|-heal|p1a: Dondozo|50\/100|[from] item: Leftovers\n|upkeep\n|turn|12\n|-message|synagoth forfeited.\n|\n|win|Aggron\n|raw|synagoth's rating: 1665 &rarr; <strong>1651<\/strong><br \/>(-14 for losing)\n|raw|Aggron's rating: 1777 &rarr; <strong>1791<\/strong><br \/>(+14 for winning)\n|l|\u2606synagoth\n","uploadtime":1700535628,"views":32,"p1id":"synagoth","p2id":"aggron","formatid":"gen9ou","rating":1651,"private":0,"password":""}