{"id":"gen9ou-1995899373","p1":"ButterLettuce_404","p2":"TheZalmancer","format":"[Gen 9] OU","log":"|j|\u2606ButterLettuce_404\n|j|\u2606TheZalmancer\n|t:|1700615139\n|gametype|singles\n|player|p1|ButterLettuce_404|az|1491\n|player|p2|TheZalmancer|skyla|1408\n|teamsize|p1|6\n|teamsize|p2|6\n|gen|9\n|tier|[Gen 9] OU\n|rated|\n|rule|Sleep Clause Mod: Limit one foe put to sleep\n|rule|Species Clause: Limit one of each Pok\u00e9mon\n|rule|OHKO Clause: OHKO moves are banned\n|rule|Evasion Items Clause: Evasion items are banned\n|rule|Evasion Moves Clause: Evasion moves are banned\n|rule|Endless Battle Clause: Forcing endless battles is banned\n|rule|HP Percentage Mod: HP is shown in percentages\n|clearpoke\n|poke|p1|Zamazenta-*|\n|poke|p1|Slowking-Galar, M|\n|poke|p1|Clefable, F|\n|poke|p1|Greninja-*, F|\n|poke|p1|Cinderace, F|\n|poke|p1|Great Tusk|\n|poke|p2|Ogerpon-Wellspring, F|\n|poke|p2|Ninetales-Alola, F|\n|poke|p2|Corviknight, F|\n|poke|p2|Slowking-Galar, M|\n|poke|p2|Dragapult, F|\n|poke|p2|Zamazenta-*|\n|teampreview\n|inactive|Battle timer is ON: inactive players will automatically lose when time's up. (requested by ButterLettuce_404)\n|\n|t:|1700615147\n|start\n|switch|p1a: Yatsuha|Greninja, F, shiny|100\/100\n|switch|p2a: Dragapult|Dragapult, F|100\/100\n|turn|1\n|\n|t:|1700615159\n|switch|p2a: Corviknight|Corviknight, F, shiny|100\/100\n|-ability|p2a: Corviknight|Pressure\n|move|p1a: Yatsuha|Ice Beam|p2a: Corviknight\n|-start|p1a: Yatsuha|typechange|Ice|[from] ability: Protean\n|-damage|p2a: Corviknight|61\/100\n|\n|-heal|p2a: Corviknight|67\/100|[from] item: Leftovers\n|upkeep\n|turn|2\n|inactive|ButterLettuce_404 has 120 seconds left.\n|\n|t:|1700615206\n|switch|p1a: Ariala|Clefable, F, shiny|100\/100\n|move|p2a: Corviknight|U-turn|p1a: Ariala\n|-resisted|p1a: Ariala\n|-damage|p1a: Ariala|95\/100\n|\n|t:|1700615212\n|switch|p2a: Ninetales|Ninetales-Alola, F, shiny|100\/100|[from] U-turn\n|-weather|Snow|[from] ability: Snow Warning|[of] p2a: Ninetales\n|\n|-weather|Snow|[upkeep]\n|-heal|p1a: Ariala|100\/100|[from] item: Leftovers\n|upkeep\n|turn|3\n|\n|t:|1700615229\n|move|p2a: Ninetales|Aurora Veil|p2a: Ninetales\n|-sidestart|p2: TheZalmancer|move: Aurora Veil\n|move|p1a: Ariala|Encore|p2a: Ninetales\n|-start|p2a: Ninetales|Encore\n|\n|-weather|Snow|[upkeep]\n|upkeep\n|turn|4\n|inactive|TheZalmancer has 120 seconds left.\n|\n|t:|1700615255\n|switch|p2a: Ogerpon|Ogerpon-Wellspring, F|100\/100\n|move|p1a: Ariala|Wish|p1a: Ariala\n|\n|-weather|Snow|[upkeep]\n|upkeep\n|turn|5\n|\n|t:|1700615261\n|move|p2a: Ogerpon|Swords Dance|p2a: Ogerpon\n|-boost|p2a: Ogerpon|atk|2\n|move|p1a: Ariala|Encore|p2a: Ogerpon\n|-start|p2a: Ogerpon|Encore\n|\n|-weather|Snow|[upkeep]\n|upkeep\n|turn|6\n|\n|t:|1700615272\n|switch|p2a: Zamazenta|Zamazenta|100\/100\n|-ability|p2a: Zamazenta|Dauntless Shield|boost\n|-boost|p2a: Zamazenta|def|1\n|switch|p1a: Yatsuha|Greninja, F, shiny|100\/100\n|\n|-weather|none\n|upkeep\n|turn|7\n|\n|t:|1700615289\n|switch|p1a: Ochain|Zamazenta, shiny|100\/100\n|-ability|p1a: Ochain|Dauntless Shield|boost\n|-boost|p1a: Ochain|def|1\n|move|p2a: Zamazenta|Close Combat|p1a: Ochain\n|-damage|p1a: Ochain|58\/100\n|-unboost|p2a: Zamazenta|def|1\n|-unboost|p2a: Zamazenta|spd|1\n|\n|-heal|p1a: Ochain|65\/100|[from] item: Leftovers\n|upkeep\n|turn|8\n|\n|t:|1700615298\n|move|p2a: Zamazenta|Close Combat|p1a: Ochain\n|-damage|p1a: Ochain|21\/100\n|-unboost|p2a: Zamazenta|def|1\n|-unboost|p2a: Zamazenta|spd|1\n|move|p1a: Ochain|Iron Defense|p1a: Ochain\n|-boost|p1a: Ochain|def|2\n|\n|-heal|p1a: Ochain|27\/100|[from] item: Leftovers\n|upkeep\n|turn|9\n|\n|t:|1700615307\n|move|p2a: Zamazenta|Close Combat|p1a: Ochain\n|-damage|p1a: Ochain|0 fnt\n|-unboost|p2a: Zamazenta|def|1\n|-unboost|p2a: Zamazenta|spd|1\n|faint|p1a: Ochain\n|\n|upkeep\n|\n|t:|1700615337\n|switch|p1a: Arnold|Great Tusk|100\/100\n|turn|10\n|\n|t:|1700615348\n|switch|p2a: Corviknight|Corviknight, F, shiny|67\/100\n|-ability|p2a: Corviknight|Pressure\n|move|p1a: Arnold|Rapid Spin|p2a: Corviknight\n|-resisted|p2a: Corviknight\n|-damage|p2a: Corviknight|65\/100\n|-boost|p1a: Arnold|spe|1\n|\n|-heal|p2a: Corviknight|71\/100|[from] item: Leftovers\n|-sideend|p2: TheZalmancer|move: Aurora Veil\n|upkeep\n|turn|11\n|\n|t:|1700615365\n|move|p1a: Arnold|Bulk Up|p1a: Arnold\n|-boost|p1a: Arnold|atk|1\n|-boost|p1a: Arnold|def|1\n|move|p2a: Corviknight|U-turn|p1a: Arnold\n|-resisted|p1a: Arnold\n|-damage|p1a: Arnold|98\/100\n|\n|t:|1700615371\n|switch|p2a: Ninetales|Ninetales-Alola, F, shiny|100\/100|[from] U-turn\n|-weather|Snow|[from] ability: Snow Warning|[of] p2a: Ninetales\n|\n|-weather|Snow|[upkeep]\n|-heal|p1a: Arnold|100\/100|[from] item: Leftovers\n|upkeep\n|turn|12\n|\n|t:|1700615385\n|-terastallize|p1a: Arnold|Steel\n|move|p2a: Ninetales|Aurora Veil|p2a: Ninetales\n|-sidestart|p2: TheZalmancer|move: Aurora Veil\n|move|p1a: Arnold|Bulk Up|p1a: Arnold\n|-boost|p1a: Arnold|atk|1\n|-boost|p1a: Arnold|def|1\n|\n|-weather|Snow|[upkeep]\n|upkeep\n|turn|13\n|\n|t:|1700615392\n|switch|p2a: Slowking|Slowking-Galar, M|100\/100\n|move|p1a: Arnold|Rapid Spin|p2a: Slowking\n|-damage|p2a: Slowking|85\/100\n|-boost|p1a: Arnold|spe|1\n|\n|-weather|Snow|[upkeep]\n|-heal|p2a: Slowking|91\/100|[from] item: Leftovers\n|upkeep\n|turn|14\n|\n|t:|1700615404\n|move|p1a: Arnold|Earthquake|p2a: Slowking\n|-supereffective|p2a: Slowking\n|-damage|p2a: Slowking|8\/100\n|move|p2a: Slowking|Trick Room|p2a: Slowking\n|-fieldstart|move: Trick Room|[of] p2a: Slowking\n|\n|-weather|Snow|[upkeep]\n|-heal|p2a: Slowking|14\/100|[from] item: Leftovers\n|upkeep\n|turn|15\n|\n|t:|1700615420\n|-terastallize|p2a: Slowking|Ground\n|move|p2a: Slowking|Tera Blast|p1a: Arnold|[anim] Tera Blast Ground\n|-supereffective|p1a: Arnold\n|-damage|p1a: Arnold|0 fnt\n|faint|p1a: Arnold\n|-end|p1a: Arnold|Protosynthesis|[silent]\n|\n|-weather|none\n|-heal|p2a: Slowking|20\/100|[from] item: Leftovers\n|upkeep\n|inactive|ButterLettuce_404 has 120 seconds left.\n|\n|t:|1700615443\n|switch|p1a: Yatsuha|Greninja, F, shiny|100\/100\n|turn|16\n|\n|t:|1700615450\n|switch|p2a: Corviknight|Corviknight, F, shiny|71\/100\n|-ability|p2a: Corviknight|Pressure\n|move|p1a: Yatsuha|Ice Beam|p2a: Corviknight\n|-start|p1a: Yatsuha|typechange|Ice|[from] ability: Protean\n|-damage|p2a: Corviknight|54\/100\n|\n|-heal|p2a: Corviknight|60\/100|[from] item: Leftovers\n|upkeep\n|turn|17\n|\n|t:|1700615461\n|move|p2a: Corviknight|U-turn|p1a: Yatsuha\n|-damage|p1a: Yatsuha|77\/100\n|\n|t:|1700615466\n|switch|p2a: Zamazenta|Zamazenta|100\/100|[from] U-turn\n|move|p1a: Yatsuha|Ice Beam|p2a: Zamazenta\n|-damage|p2a: Zamazenta|81\/100\n|\n|upkeep\n|turn|18\n|\n|t:|1700615475\n|switch|p1a: Ariala|Clefable, F, shiny|100\/100\n|move|p2a: Zamazenta|Iron Head|p1a: Ariala\n|-supereffective|p1a: Ariala\n|-damage|p1a: Ariala|37\/100\n|\n|-heal|p1a: Ariala|43\/100|[from] item: Leftovers\n|-fieldend|move: Trick Room\n|upkeep\n|turn|19\n|\n|t:|1700615483\n|switch|p1a: Murdoc|Slowking-Galar, M, shiny|100\/100\n|move|p2a: Zamazenta|Iron Head|p1a: Murdoc\n|-damage|p1a: Murdoc|60\/100\n|\n|-sideend|p2: TheZalmancer|move: Aurora Veil\n|upkeep\n|turn|20\n|\n|t:|1700615491\n|switch|p2a: Corviknight|Corviknight, F, shiny|60\/100\n|-ability|p2a: Corviknight|Pressure\n|move|p1a: Murdoc|Sludge Bomb|p2a: Corviknight\n|-immune|p2a: Corviknight\n|\n|-heal|p2a: Corviknight|67\/100|[from] item: Leftovers\n|upkeep\n|turn|21\n|-message|ButterLettuce_404 forfeited.\n|\n|win|TheZalmancer\n|raw|ButterLettuce_404's rating: 1491 &rarr; <strong>1466<\/strong><br \/>(-25 for losing)\n|raw|TheZalmancer's rating: 1408 &rarr; <strong>1433<\/strong><br \/>(+25 for winning)\n|l|\u2606ButterLettuce_404\n|c|\u2606TheZalmancer|ggs\n","uploadtime":1700615523,"views":7,"p1id":"butterlettuce404","p2id":"thezalmancer","formatid":"gen9ou","rating":1433,"private":0,"password":""}