{"id":"gen9ou-1988444276","p1":"TestingFE","p2":"ChimeBliss","format":"[Gen 9] OU","log":"|j|\u2606TestingFE\n|j|\u2606ChimeBliss\n|t:|1699723597\n|gametype|singles\n|player|p1|TestingFE|bianca|\n|player|p2|ChimeBliss|bianca-pwt|\n|teamsize|p1|2\n|teamsize|p2|1\n|gen|9\n|tier|[Gen 9] OU\n|rule|Sleep Clause Mod: Limit one foe put to sleep\n|rule|Species Clause: Limit one of each Pok\u00e9mon\n|rule|OHKO Clause: OHKO moves are banned\n|rule|Evasion Items Clause: Evasion items are banned\n|rule|Evasion Moves Clause: Evasion moves are banned\n|rule|Endless Battle Clause: Forcing endless battles is banned\n|rule|HP Percentage Mod: HP is shown in percentages\n|clearpoke\n|poke|p1|Dipplin, F|\n|poke|p1|Blissey, F|\n|poke|p2|Zapdos|\n|teampreview\n|inactive|Battle timer is ON: inactive players will automatically lose when time's up. (requested by TestingFE)\n|inactive|ChimeBliss also wants the timer to be on.\n|\n|t:|1699723600\n|start\n|switch|p1a: Dipplin|Dipplin, F|100\/100\n|switch|p2a: Zapdos|Zapdos|100\/100\n|-ability|p2a: Zapdos|Pressure\n|-ability|p1a: Dipplin|Supersweet Syrup\n|-ability|p1a: Dipplin|Supersweet Syrup|boost\n|-unboost|p2a: Zapdos|evasion|1\n|turn|1\n|\n|t:|1699723604\n|move|p2a: Zapdos|Roost||[still]\n|-fail|p2a: Zapdos|heal\n|move|p1a: Dipplin|Syrup Bomb|p2a: Zapdos\n|-resisted|p2a: Zapdos\n|-damage|p2a: Zapdos|92\/100\n|-start|p2a: Zapdos|Syrup Bomb\n|\n|-unboost|p2a: Zapdos|spe|1\n|upkeep\n|turn|2\n|\n|t:|1699723614\n|switch|p1a: Blissey|Blissey, F|100\/100\n|move|p2a: Zapdos|Roost|p2a: Zapdos\n|-heal|p2a: Zapdos|100\/100\n|-singleturn|p2a: Zapdos|move: Roost\n|\n|-unboost|p2a: Zapdos|spe|1\n|upkeep\n|turn|3\n|\n|t:|1699723624\n|move|p1a: Blissey|Soft-Boiled||[still]\n|-fail|p1a: Blissey|heal\n|move|p2a: Zapdos|Roost||[still]\n|-fail|p2a: Zapdos|heal\n|\n|-unboost|p2a: Zapdos|spe|1\n|upkeep\n|turn|4\n|\n|t:|1699723630\n|switch|p1a: Dipplin|Dipplin, F|100\/100\n|move|p2a: Zapdos|Roost||[still]\n|-fail|p2a: Zapdos|heal\n|\n|-end|p2a: Zapdos|Syrup Bomb|[silent]\n|upkeep\n|turn|5\n|\n|t:|1699723648\n|move|p1a: Dipplin|Syrup Bomb|p2a: Zapdos\n|-resisted|p2a: Zapdos\n|-damage|p2a: Zapdos|92\/100\n|-start|p2a: Zapdos|Syrup Bomb\n|move|p2a: Zapdos|Swift|p1a: Dipplin\n|-damage|p1a: Dipplin|82\/100\n|\n|-unboost|p2a: Zapdos|spe|1\n|upkeep\n|turn|6\n|-message|ChimeBliss forfeited.\n|\n|win|TestingFE\n","uploadtime":1699723662,"views":15,"p1id":"testingfe","p2id":"chimebliss","formatid":"gen9ou","rating":0,"private":0,"password":""}