{"id":"gen9ou-1992336888","p1":"CharninjaGamingYT","p2":"CthunsChosen","format":"[Gen 9] OU","log":"|j|\u2606CharninjaGamingYT\n|j|\u2606CthunsChosen\n|t:|1700176074\n|gametype|singles\n|player|p1|CharninjaGamingYT|turo-ai|1172\n|player|p2|CthunsChosen|lusamine-nihilego|1171\n|teamsize|p1|6\n|teamsize|p2|6\n|gen|9\n|tier|[Gen 9] OU\n|rated|\n|rule|Sleep Clause Mod: Limit one foe put to sleep\n|rule|Species Clause: Limit one of each Pok\u00e9mon\n|rule|OHKO Clause: OHKO moves are banned\n|rule|Evasion Items Clause: Evasion items are banned\n|rule|Evasion Moves Clause: Evasion moves are banned\n|rule|Endless Battle Clause: Forcing endless battles is banned\n|rule|HP Percentage Mod: HP is shown in percentages\n|clearpoke\n|poke|p1|Meowscarada, F|\n|poke|p1|Slowking-Galar, F|\n|poke|p1|Iron Valiant|\n|poke|p1|Landorus-Therian, M|\n|poke|p1|Dragapult, F|\n|poke|p1|Samurott-Hisui, F|\n|poke|p2|Clefable, F|\n|poke|p2|Alomomola, M|\n|poke|p2|Blissey, F|\n|poke|p2|Clodsire, M|\n|poke|p2|Dondozo, F|\n|poke|p2|Amoonguss, F|\n|teampreview\n|inactive|Battle timer is ON: inactive players will automatically lose when time's up. (requested by CharninjaGamingYT)\n|\n|t:|1700176098\n|start\n|switch|p1a: I hate Corviknight|Meowscarada, F|100\/100\n|switch|p2a: Amoonguss|Amoonguss, F|100\/100\n|turn|1\n|\n|t:|1700176103\n|move|p1a: I hate Corviknight|Knock Off|p2a: Amoonguss\n|-start|p1a: I hate Corviknight|typechange|Dark|[from] ability: Protean\n|-damage|p2a: Amoonguss|54\/100\n|-enditem|p2a: Amoonguss|Heavy-Duty Boots|[from] move: Knock Off|[of] p1a: I hate Corviknight\n|move|p2a: Amoonguss|Toxic|p1a: I hate Corviknight\n|-status|p1a: I hate Corviknight|tox\n|\n|-damage|p1a: I hate Corviknight|94\/100 tox|[from] psn\n|upkeep\n|turn|2\n|\n|t:|1700176117\n|switch|p1a: I hate Gholdengo|Slowking-Galar, F|100\/100\n|move|p2a: Amoonguss|Synthesis|p2a: Amoonguss\n|-heal|p2a: Amoonguss|100\/100\n|\n|upkeep\n|turn|3\n|\n|t:|1700176131\n|switch|p2a: Blissey|Blissey, F|100\/100\n|move|p1a: I hate Gholdengo|Future Sight|p2a: Blissey\n|-start|p1a: I hate Gholdengo|move: Future Sight\n|\n|upkeep\n|turn|4\n|\n|t:|1700176141\n|switch|p1a: I hate Gliscor|Landorus-Therian, M|100\/100\n|-ability|p1a: I hate Gliscor|Intimidate|boost\n|-unboost|p2a: Blissey|atk|1\n|move|p2a: Blissey|Stealth Rock|p1a: I hate Gliscor\n|-sidestart|p1: CharninjaGamingYT|move: Stealth Rock\n|\n|upkeep\n|turn|5\n|\n|t:|1700176148\n|move|p2a: Blissey|Protect|p2a: Blissey\n|-singleturn|p2a: Blissey|Protect\n|move|p1a: I hate Gliscor|Stealth Rock|p2a: Blissey\n|-sidestart|p2: CthunsChosen|move: Stealth Rock\n|\n|-end|p2a: Blissey|move: Future Sight\n|-damage|p2a: Blissey|85\/100\n|upkeep\n|turn|6\n|inactive|CthunsChosen has 120 seconds left.\n|\n|t:|1700176184\n|switch|p2a: Dondozo|Dondozo, F|100\/100\n|move|p1a: I hate Gliscor|U-turn|p2a: Dondozo\n|-damage|p2a: Dondozo|88\/100\n|\n|t:|1700176196\n|switch|p1a: I hate Corviknight|Meowscarada, F|94\/100 tox|[from] U-turn\n|-damage|p1a: I hate Corviknight|82\/100 tox|[from] Stealth Rock\n|\n|-damage|p1a: I hate Corviknight|76\/100 tox|[from] psn\n|upkeep\n|turn|7\n|inactive|CthunsChosen has 120 seconds left.\n|\n|t:|1700176213\n|switch|p2a: Amoonguss|Amoonguss, F|100\/100\n|-damage|p2a: Amoonguss|88\/100|[from] Stealth Rock\n|move|p1a: I hate Corviknight|Knock Off|p2a: Amoonguss\n|-start|p1a: I hate Corviknight|typechange|Dark|[from] ability: Protean\n|-damage|p2a: Amoonguss|57\/100\n|\n|-damage|p1a: I hate Corviknight|64\/100 tox|[from] psn\n|upkeep\n|turn|8\n|inactive|CthunsChosen has 120 seconds left.\n|\n|t:|1700176232\n|switch|p1a: I hate RoaringMoon|Samurott-Hisui, F|100\/100\n|-damage|p1a: I hate RoaringMoon|88\/100|[from] Stealth Rock\n|move|p2a: Amoonguss|Synthesis|p2a: Amoonguss\n|-heal|p2a: Amoonguss|100\/100\n|\n|upkeep\n|turn|9\n|inactive|CthunsChosen has 120 seconds left.\n|\n|t:|1700176246\n|move|p1a: I hate RoaringMoon|Ceaseless Edge|p2a: Amoonguss\n|-damage|p2a: Amoonguss|66\/100\n|-sidestart|p2: CthunsChosen|Spikes\n|move|p2a: Amoonguss|Toxic|p1a: I hate RoaringMoon\n|-status|p1a: I hate RoaringMoon|tox\n|\n|-damage|p1a: I hate RoaringMoon|82\/100 tox|[from] psn\n|upkeep\n|turn|10\n|inactive|CthunsChosen has 120 seconds left.\n|\n|t:|1700176256\n|move|p1a: I hate RoaringMoon|Ceaseless Edge|p2a: Amoonguss\n|-crit|p2a: Amoonguss\n|-damage|p2a: Amoonguss|22\/100\n|-sidestart|p2: CthunsChosen|Spikes\n|move|p2a: Amoonguss|Foul Play|p1a: I hate RoaringMoon\n|-resisted|p1a: I hate RoaringMoon\n|-damage|p1a: I hate RoaringMoon|63\/100 tox\n|\n|-damage|p1a: I hate RoaringMoon|51\/100 tox|[from] psn\n|upkeep\n|turn|11\n|inactive|CthunsChosen has 120 seconds left.\n|\n|t:|1700176268\n|switch|p2a: Alomomola|Alomomola, M|100\/100\n|move|p1a: I hate RoaringMoon|Ceaseless Edge|p2a: Alomomola\n|-damage|p2a: Alomomola|76\/100\n|-sidestart|p2: CthunsChosen|Spikes\n|\n|-damage|p1a: I hate RoaringMoon|32\/100 tox|[from] psn\n|upkeep\n|turn|12\n|inactive|CthunsChosen has 120 seconds left.\n|\n|t:|1700176276\n|move|p1a: I hate RoaringMoon|Flip Turn|p2a: Alomomola\n|-resisted|p2a: Alomomola\n|-damage|p2a: Alomomola|69\/100\n|\n|t:|1700176282\n|switch|p1a: I hate Gholdengo|Slowking-Galar, F|100\/100|[from] Flip Turn\n|-damage|p1a: I hate Gholdengo|88\/100|[from] Stealth Rock\n|move|p2a: Alomomola|Wish|p2a: Alomomola\n|\n|upkeep\n|turn|13\n|\n|t:|1700176294\n|switch|p2a: Amoonguss|Amoonguss, F|55\/100\n|-damage|p2a: Amoonguss|42\/100|[from] Stealth Rock\n|-damage|p2a: Amoonguss|18\/100|[from] Spikes\n|move|p1a: I hate Gholdengo|Future Sight|p2a: Amoonguss\n|-start|p1a: I hate Gholdengo|move: Future Sight\n|\n|-heal|p2a: Amoonguss|79\/100|[from] move: Wish|[wisher] Alomomola\n|upkeep\n|turn|14\n|\n|t:|1700176305\n|switch|p2a: Blissey|Blissey, F|85\/100\n|move|p1a: I hate Gholdengo|Flamethrower|p2a: Blissey\n|-damage|p2a: Blissey|76\/100\n|\n|upkeep\n|turn|15\n|inactive|CthunsChosen has 120 seconds left.\n|\n|t:|1700176325\n|switch|p1a: I hate Gliscor|Landorus-Therian, M|100\/100\n|-damage|p1a: I hate Gliscor|88\/100|[from] Stealth Rock\n|-ability|p1a: I hate Gliscor|Intimidate|boost\n|-unboost|p2a: Blissey|atk|1\n|move|p2a: Blissey|Protect||[still]\n|-fail|p2a: Blissey\n|\n|-end|p2a: Blissey|move: Future Sight\n|-crit|p2a: Blissey\n|-damage|p2a: Blissey|51\/100\n|-heal|p1a: I hate Gliscor|94\/100|[from] item: Leftovers\n|upkeep\n|turn|16\n|inactive|CthunsChosen has 120 seconds left.\n|\n|t:|1700176343\n|switch|p2a: Dondozo|Dondozo, F|88\/100\n|move|p1a: I hate Gliscor|Earthquake|p2a: Dondozo\n|-damage|p2a: Dondozo|61\/100\n|\n|-heal|p1a: I hate Gliscor|99\/100|[from] item: Leftovers\n|upkeep\n|turn|17\n|inactive|CthunsChosen has 120 seconds left.\n|\n|t:|1700176357\n|switch|p1a: I hate Dondozo|Dragapult, F|100\/100\n|-damage|p1a: I hate Dondozo|88\/100|[from] Stealth Rock\n|move|p2a: Dondozo|Waterfall|p1a: I hate Dondozo\n|-resisted|p1a: I hate Dondozo\n|-damage|p1a: I hate Dondozo|69\/100\n|\n|upkeep\n|turn|18\n|\n|t:|1700176367\n|switch|p2a: Clodsire|Clodsire, M|100\/100\n|move|p1a: I hate Dondozo|U-turn|p2a: Clodsire\n|-resisted|p2a: Clodsire\n|-damage|p2a: Clodsire|91\/100\n|\n|t:|1700176378\n|switch|p1a: I hate Gholdengo|Slowking-Galar, F|100\/100|[from] U-turn\n|-damage|p1a: I hate Gholdengo|88\/100|[from] Stealth Rock\n|\n|upkeep\n|turn|19\n|\n|t:|1700176384\n|move|p1a: I hate Gholdengo|Future Sight|p2a: Clodsire\n|-start|p1a: I hate Gholdengo|move: Future Sight\n|move|p2a: Clodsire|Amnesia|p2a: Clodsire\n|-boost|p2a: Clodsire|spd|2\n|\n|upkeep\n|turn|20\n|\n|t:|1700176411\n|switch|p1a: I hate Gliscor|Landorus-Therian, M|99\/100\n|-damage|p1a: I hate Gliscor|88\/100|[from] Stealth Rock\n|-ability|p1a: I hate Gliscor|Intimidate|boost\n|-unboost|p2a: Clodsire|atk|1\n|-terastallize|p2a: Clodsire|Steel\n|move|p2a: Clodsire|Spikes|p1a: I hate Gliscor\n|-sidestart|p1: CharninjaGamingYT|Spikes\n|\n|-heal|p1a: I hate Gliscor|94\/100|[from] item: Leftovers\n|upkeep\n|turn|21\n|\n|t:|1700176426\n|switch|p2a: Alomomola|Alomomola, M|100\/100\n|move|p1a: I hate Gliscor|Earthquake|p2a: Alomomola\n|-crit|p2a: Alomomola\n|-damage|p2a: Alomomola|53\/100\n|\n|-end|p2a: Alomomola|move: Future Sight\n|-damage|p2a: Alomomola|0 fnt\n|faint|p2a: Alomomola\n|-heal|p1a: I hate Gliscor|99\/100|[from] item: Leftovers\n|upkeep\n|\n|t:|1700176440\n|switch|p2a: Clefable|Clefable, F|100\/100\n|turn|22\n|\n|t:|1700176444\n|move|p1a: I hate Gliscor|U-turn|p2a: Clefable\n|-resisted|p2a: Clefable\n|-damage|p2a: Clefable|91\/100\n|\n|t:|1700176453\n|switch|p1a: I hate RoaringMoon|Samurott-Hisui, F|32\/100 tox|[from] U-turn\n|-damage|p1a: I hate RoaringMoon|20\/100 tox|[from] Stealth Rock\n|-damage|p1a: I hate RoaringMoon|7\/100 tox|[from] Spikes\n|move|p2a: Clefable|Knock Off|p1a: I hate RoaringMoon\n|-resisted|p1a: I hate RoaringMoon\n|-damage|p1a: I hate RoaringMoon|0 fnt\n|-enditem|p1a: I hate RoaringMoon|Assault Vest|[from] move: Knock Off|[of] p2a: Clefable\n|faint|p1a: I hate RoaringMoon\n|\n|-heal|p2a: Clefable|97\/100|[from] item: Leftovers\n|upkeep\n|\n|t:|1700176464\n|switch|p1a: I hate Gholdengo|Slowking-Galar, F|100\/100\n|-damage|p1a: I hate Gholdengo|88\/100|[from] Stealth Rock\n|-damage|p1a: I hate Gholdengo|76\/100|[from] Spikes\n|turn|23\n|\n|t:|1700176473\n|move|p2a: Clefable|Knock Off|p1a: I hate Gholdengo\n|-supereffective|p1a: I hate Gholdengo\n|-damage|p1a: I hate Gholdengo|45\/100\n|-enditem|p1a: I hate Gholdengo|Assault Vest|[from] move: Knock Off|[of] p2a: Clefable\n|move|p1a: I hate Gholdengo|Future Sight|p2a: Clefable\n|-start|p1a: I hate Gholdengo|move: Future Sight\n|\n|-heal|p2a: Clefable|100\/100|[from] item: Leftovers\n|upkeep\n|turn|24\n|\n|t:|1700176482\n|move|p2a: Clefable|Wish|p2a: Clefable\n|move|p1a: I hate Gholdengo|Sludge Bomb|p2a: Clefable\n|-supereffective|p2a: Clefable\n|-damage|p2a: Clefable|17\/100\n|\n|-heal|p2a: Clefable|23\/100|[from] item: Leftovers\n|upkeep\n|turn|25\n|\n|t:|1700176491\n|switch|p2a: Blissey|Blissey, F|51\/100\n|switch|p1a: I hate Gliscor|Landorus-Therian, M|99\/100\n|-damage|p1a: I hate Gliscor|88\/100|[from] Stealth Rock\n|-ability|p1a: I hate Gliscor|Intimidate|boost\n|-unboost|p2a: Blissey|atk|1\n|\n|-end|p2a: Blissey|move: Future Sight\n|-damage|p2a: Blissey|34\/100\n|-heal|p2a: Blissey|62\/100|[from] move: Wish|[wisher] Clefable\n|-heal|p1a: I hate Gliscor|94\/100|[from] item: Leftovers\n|upkeep\n|turn|26\n|\n|t:|1700176505\n|switch|p2a: Dondozo|Dondozo, F|61\/100\n|move|p1a: I hate Gliscor|Earthquake|p2a: Dondozo\n|-damage|p2a: Dondozo|37\/100\n|\n|-heal|p1a: I hate Gliscor|99\/100|[from] item: Leftovers\n|upkeep\n|turn|27\n|\n|t:|1700176511\n|move|p1a: I hate Gliscor|Earthquake|p2a: Dondozo\n|-damage|p2a: Dondozo|13\/100\n|move|p2a: Dondozo|Rest|p2a: Dondozo\n|-status|p2a: Dondozo|slp|[from] move: Rest\n|-heal|p2a: Dondozo|100\/100 slp|[silent]\n|\n|-heal|p1a: I hate Gliscor|100\/100|[from] item: Leftovers\n|upkeep\n|turn|28\n|\n|t:|1700176521\n|switch|p2a: Amoonguss|Amoonguss, F|100\/100\n|-damage|p2a: Amoonguss|88\/100|[from] Stealth Rock\n|-damage|p2a: Amoonguss|63\/100|[from] Spikes\n|move|p1a: I hate Gliscor|U-turn|p2a: Amoonguss\n|-damage|p2a: Amoonguss|46\/100\n|\n|t:|1700176533\n|switch|p1a: I hate Clodsire|Iron Valiant|100\/100|[from] U-turn\n|-damage|p1a: I hate Clodsire|94\/100|[from] Stealth Rock\n|-damage|p1a: I hate Clodsire|82\/100|[from] Spikes\n|\n|upkeep\n|turn|29\n|\n|t:|1700176540\n|move|p1a: I hate Clodsire|Psyshock|p2a: Amoonguss\n|-supereffective|p2a: Amoonguss\n|-damage|p2a: Amoonguss|0 fnt\n|faint|p2a: Amoonguss\n|-damage|p1a: I hate Clodsire|72\/100|[from] item: Life Orb\n|\n|upkeep\n|\n|t:|1700176546\n|switch|p2a: Clodsire|Clodsire, M, tera:Steel|91\/100\n|turn|30\n|\n|t:|1700176549\n|move|p1a: I hate Clodsire|Aura Sphere|p2a: Clodsire\n|-supereffective|p2a: Clodsire\n|-damage|p2a: Clodsire|34\/100\n|-damage|p1a: I hate Clodsire|62\/100|[from] item: Life Orb\n|move|p2a: Clodsire|Amnesia|p2a: Clodsire\n|-boost|p2a: Clodsire|spd|2\n|\n|upkeep\n|turn|31\n|\n|t:|1700176558\n|-end|p1a: I hate Clodsire|Quark Drive|[silent]\n|switch|p1a: I hate Gliscor|Landorus-Therian, M|100\/100\n|-damage|p1a: I hate Gliscor|88\/100|[from] Stealth Rock\n|-ability|p1a: I hate Gliscor|Intimidate|boost\n|-unboost|p2a: Clodsire|atk|1\n|move|p2a: Clodsire|Recover|p2a: Clodsire\n|-heal|p2a: Clodsire|84\/100\n|\n|-heal|p1a: I hate Gliscor|94\/100|[from] item: Leftovers\n|upkeep\n|turn|32\n|\n|t:|1700176569\n|switch|p2a: Dondozo|Dondozo, F|100\/100 slp\n|move|p1a: I hate Gliscor|Earthquake|p2a: Dondozo\n|-damage|p2a: Dondozo|77\/100 slp\n|\n|-heal|p1a: I hate Gliscor|99\/100|[from] item: Leftovers\n|upkeep\n|turn|33\n|\n|t:|1700176578\n|switch|p1a: I hate Corviknight|Meowscarada, F|64\/100 tox\n|-damage|p1a: I hate Corviknight|51\/100 tox|[from] Stealth Rock\n|-damage|p1a: I hate Corviknight|39\/100 tox|[from] Spikes\n|cant|p2a: Dondozo|slp\n|move|p2a: Dondozo|Sleep Talk|p2a: Dondozo\n|move|p2a: Dondozo|Waterfall|p1a: I hate Corviknight|[from]move: Sleep Talk\n|-resisted|p1a: I hate Corviknight\n|-damage|p1a: I hate Corviknight|18\/100 tox\n|\n|-damage|p1a: I hate Corviknight|12\/100 tox|[from] psn\n|upkeep\n|turn|34\n|\n|t:|1700176596\n|switch|p2a: Clodsire|Clodsire, M, tera:Steel|84\/100\n|move|p1a: I hate Corviknight|Knock Off|p2a: Clodsire\n|-start|p1a: I hate Corviknight|typechange|Dark|[from] ability: Protean\n|-crit|p2a: Clodsire\n|-damage|p2a: Clodsire|0 fnt\n|-enditem|p2a: Clodsire|Heavy-Duty Boots|[from] move: Knock Off|[of] p1a: I hate Corviknight\n|faint|p2a: Clodsire\n|\n|-damage|p1a: I hate Corviknight|0 fnt|[from] psn\n|faint|p1a: I hate Corviknight\n|upkeep\n|\n|t:|1700176607\n|switch|p1a: I hate Gholdengo|Slowking-Galar, F|78\/100\n|switch|p2a: Clefable|Clefable, F|23\/100\n|-damage|p1a: I hate Gholdengo|66\/100|[from] Stealth Rock\n|-damage|p1a: I hate Gholdengo|54\/100|[from] Spikes\n|turn|35\n|\n|t:|1700176614\n|move|p2a: Clefable|Wish|p2a: Clefable\n|move|p1a: I hate Gholdengo|Sludge Bomb|p2a: Clefable\n|-supereffective|p2a: Clefable\n|-damage|p2a: Clefable|0 fnt\n|faint|p2a: Clefable\n|\n|upkeep\n|\n|t:|1700176625\n|switch|p2a: Blissey|Blissey, F|62\/100\n|turn|36\n|\n|t:|1700176630\n|switch|p1a: I hate Gliscor|Landorus-Therian, M|99\/100\n|-damage|p1a: I hate Gliscor|88\/100|[from] Stealth Rock\n|-ability|p1a: I hate Gliscor|Intimidate|boost\n|-unboost|p2a: Blissey|atk|1\n|move|p2a: Blissey|Seismic Toss|p1a: I hate Gliscor\n|-damage|p1a: I hate Gliscor|57\/100\n|\n|-heal|p2a: Blissey|89\/100|[from] move: Wish|[wisher] Clefable\n|-heal|p1a: I hate Gliscor|63\/100|[from] item: Leftovers\n|upkeep\n|turn|37\n|\n|t:|1700176643\n|switch|p2a: Dondozo|Dondozo, F|77\/100 slp\n|move|p1a: I hate Gliscor|U-turn|p2a: Dondozo\n|-damage|p2a: Dondozo|65\/100 slp\n|\n|t:|1700176648\n|switch|p1a: I hate Dondozo|Dragapult, F|69\/100|[from] U-turn\n|-damage|p1a: I hate Dondozo|57\/100|[from] Stealth Rock\n|-damage|p1a: I hate Dondozo|45\/100|[from] Spikes\n|\n|upkeep\n|turn|38\n|\n|t:|1700176654\n|move|p1a: I hate Dondozo|U-turn|p2a: Dondozo\n|-damage|p2a: Dondozo|57\/100 slp\n|\n|t:|1700176658\n|switch|p1a: I hate Clodsire|Iron Valiant|62\/100|[from] U-turn\n|-damage|p1a: I hate Clodsire|56\/100|[from] Stealth Rock\n|-damage|p1a: I hate Clodsire|44\/100|[from] Spikes\n|cant|p2a: Dondozo|slp\n|move|p2a: Dondozo|Sleep Talk|p2a: Dondozo\n|move|p2a: Dondozo|Body Press|p1a: I hate Clodsire|[from]move: Sleep Talk\n|-resisted|p1a: I hate Clodsire\n|-damage|p1a: I hate Clodsire|26\/100\n|\n|upkeep\n|turn|39\n|\n|t:|1700176670\n|switch|p2a: Blissey|Blissey, F|89\/100\n|-terastallize|p1a: I hate Clodsire|Fairy\n|move|p1a: I hate Clodsire|Moonblast|p2a: Blissey\n|-damage|p2a: Blissey|68\/100\n|-damage|p1a: I hate Clodsire|16\/100|[from] item: Life Orb\n|\n|upkeep\n|turn|40\n|\n|t:|1700176681\n|move|p1a: I hate Clodsire|Psyshock|p2a: Blissey\n|-damage|p2a: Blissey|3\/100\n|-damage|p1a: I hate Clodsire|7\/100|[from] item: Life Orb\n|move|p2a: Blissey|Soft-Boiled|p2a: Blissey\n|-heal|p2a: Blissey|53\/100\n|\n|upkeep\n|turn|41\n|\n|t:|1700176689\n|switch|p2a: Dondozo|Dondozo, F|57\/100 slp\n|move|p1a: I hate Clodsire|Moonblast|p2a: Dondozo\n|-damage|p2a: Dondozo|0 fnt\n|faint|p2a: Dondozo\n|-damage|p1a: I hate Clodsire|0 fnt|[from] item: Life Orb\n|faint|p1a: I hate Clodsire\n|-end|p1a: I hate Clodsire|Quark Drive|[silent]\n|\n|upkeep\n|\n|t:|1700176698\n|switch|p1a: I hate Gliscor|Landorus-Therian, M|63\/100\n|switch|p2a: Blissey|Blissey, F|53\/100\n|-damage|p1a: I hate Gliscor|50\/100|[from] Stealth Rock\n|-ability|p1a: I hate Gliscor|Intimidate|boost\n|-unboost|p2a: Blissey|atk|1\n|turn|42\n|\n|t:|1700176705\n|move|p1a: I hate Gliscor|Earthquake|p2a: Blissey\n|-damage|p2a: Blissey|0 fnt\n|faint|p2a: Blissey\n|\n|win|CharninjaGamingYT\n|raw|CharninjaGamingYT's rating: 1172 &rarr; <strong>1197<\/strong><br \/>(+25 for winning)\n|raw|CthunsChosen's rating: 1171 &rarr; <strong>1146<\/strong><br \/>(-25 for losing)\n","uploadtime":1700176711,"views":7,"p1id":"charninjagamingyt","p2id":"cthunschosen","formatid":"gen9ou","rating":1146,"private":0,"password":""}