{"id":"gen9ou-1996458654","p1":"Alfredo quinto","p2":"Sushiman810","format":"[Gen 9] OU","log":"|j|\u2606Alfredo quinto\n|j|\u2606Sushiman810\n|t:|1700683994\n|gametype|singles\n|player|p1|Alfredo quinto|proton|1187\n|player|p2|Sushiman810|hugh|1270\n|teamsize|p1|6\n|teamsize|p2|6\n|gen|9\n|tier|[Gen 9] OU\n|rated|\n|rule|Sleep Clause Mod: Limit one foe put to sleep\n|rule|Species Clause: Limit one of each Pok\u00e9mon\n|rule|OHKO Clause: OHKO moves are banned\n|rule|Evasion Items Clause: Evasion items are banned\n|rule|Evasion Moves Clause: Evasion moves are banned\n|rule|Endless Battle Clause: Forcing endless battles is banned\n|rule|HP Percentage Mod: HP is shown in percentages\n|clearpoke\n|poke|p1|Yanmega, M|\n|poke|p1|Ninetales-Alola, F|\n|poke|p1|Iron Treads|\n|poke|p1|Ogerpon-Wellspring, F|\n|poke|p1|Slowking-Galar, F|\n|poke|p1|Kommo-o, M|\n|poke|p2|Ogerpon-Wellspring, F|\n|poke|p2|Kingambit, M|\n|poke|p2|Iron Moth|\n|poke|p2|Ninetales-Alola, M|\n|poke|p2|Iron Valiant|\n|poke|p2|Landorus-Therian, M|\n|teampreview\n|\n|t:|1700684019\n|start\n|switch|p1a: Elon Tusk|Iron Treads|100\/100\n|switch|p2a: Ninetales|Ninetales-Alola, M|100\/100\n|-item|p1a: Elon Tusk|Air Balloon\n|-weather|Snow|[from] ability: Snow Warning|[of] p2a: Ninetales\n|turn|1\n|\n|t:|1700684041\n|switch|p2a: Landorus|Landorus-Therian, M|100\/100\n|-ability|p2a: Landorus|Intimidate|boost\n|-unboost|p1a: Elon Tusk|atk|1\n|move|p1a: Elon Tusk|Stealth Rock|p2a: Landorus\n|-sidestart|p2: Sushiman810|move: Stealth Rock\n|\n|-weather|Snow|[upkeep]\n|upkeep\n|turn|2\n|\n|t:|1700684047\n|move|p1a: Elon Tusk|Ice Spinner|p2a: Landorus\n|-supereffective|p2a: Landorus\n|-damage|p2a: Landorus|32\/100\n|move|p2a: Landorus|Swords Dance|p2a: Landorus\n|-boost|p2a: Landorus|atk|2\n|\n|-weather|Snow|[upkeep]\n|upkeep\n|turn|3\n|\n|t:|1700684055\n|move|p1a: Elon Tusk|Rapid Spin|p2a: Landorus\n|-damage|p2a: Landorus|23\/100\n|-boost|p1a: Elon Tusk|spe|1\n|-enditem|p2a: Landorus|Aguav Berry|[eat]\n|-heal|p2a: Landorus|56\/100|[from] item: Aguav Berry\n|move|p2a: Landorus|Earthquake|p1a: Elon Tusk\n|-immune|p1a: Elon Tusk\n|\n|-weather|Snow|[upkeep]\n|upkeep\n|turn|4\n|\n|t:|1700684060\n|move|p1a: Elon Tusk|Ice Spinner|p2a: Landorus\n|-supereffective|p2a: Landorus\n|-damage|p2a: Landorus|0 fnt\n|faint|p2a: Landorus\n|\n|-weather|Snow|[upkeep]\n|upkeep\n|c|\u2606Alfredo quinto|??\n|\n|t:|1700684071\n|switch|p2a: Kenshin|Ogerpon-Wellspring, F|100\/100\n|-damage|p2a: Kenshin|88\/100|[from] Stealth Rock\n|turn|5\n|\n|t:|1700684078\n|-end|p1a: Elon Tusk|Quark Drive|[silent]\n|switch|p1a: Majora|Ogerpon-Wellspring, F|100\/100\n|move|p2a: Kenshin|Ivy Cudgel|p1a: Majora|[anim] Ivy Cudgel Water\n|-immune|p1a: Majora|[from] ability: Water Absorb\n|\n|-weather|none\n|upkeep\n|turn|6\n|c|\u2606Sushiman810|Im so dumb i didnt even see the balloon\n|\n|t:|1700684095\n|move|p2a: Kenshin|Play Rough|p1a: Majora\n|-damage|p1a: Majora|54\/100\n|move|p1a: Majora|Swords Dance|p1a: Majora\n|-boost|p1a: Majora|atk|2\n|\n|upkeep\n|turn|7\n|\n|t:|1700684102\n|move|p1a: Majora|Horn Leech|p2a: Kenshin\n|-damage|p2a: Kenshin|0 fnt\n|-heal|p1a: Majora|98\/100|[from] drain|[of] p2a: Kenshin\n|faint|p2a: Kenshin\n|\n|upkeep\n|\n|t:|1700684107\n|switch|p2a: Tokugawa Ieyasu|Iron Moth|100\/100\n|-damage|p2a: Tokugawa Ieyasu|76\/100|[from] Stealth Rock\n|-enditem|p2a: Tokugawa Ieyasu|Booster Energy\n|-activate|p2a: Tokugawa Ieyasu|ability: Quark Drive|[fromitem]\n|-start|p2a: Tokugawa Ieyasu|quarkdrivespe\n|turn|8\n|\n|t:|1700684117\n|-terastallize|p1a: Majora|Water\n|detailschange|p1a: Majora|Ogerpon-Wellspring-Tera, F, tera:Water\n|-ability|p1a: Majora|Embody Aspect (Wellspring)|boost\n|-boost|p1a: Majora|spd|1\n|move|p2a: Tokugawa Ieyasu|Sludge Wave|p1a: Majora\n|-damage|p1a: Majora|58\/100\n|-status|p1a: Majora|psn\n|move|p1a: Majora|Ivy Cudgel|p2a: Tokugawa Ieyasu|[anim] Ivy Cudgel Water\n|-supereffective|p2a: Tokugawa Ieyasu\n|-damage|p2a: Tokugawa Ieyasu|0 fnt\n|faint|p2a: Tokugawa Ieyasu\n|-end|p2a: Tokugawa Ieyasu|Quark Drive|[silent]\n|\n|-damage|p1a: Majora|46\/100 psn|[from] psn\n|upkeep\n|-message|Sushiman810 forfeited.\n|\n|win|Alfredo quinto\n|raw|Alfredo quinto's rating: 1187 &rarr; <strong>1218<\/strong><br \/>(+31 for winning)\n|raw|Sushiman810's rating: 1270 &rarr; <strong>1239<\/strong><br \/>(-31 for losing)\n|l|\u2606Sushiman810\n","uploadtime":1700684140,"views":0,"p1id":"alfredoquinto","p2id":"sushiman810","formatid":"gen9ou","rating":1218,"private":0,"password":""}