{"id":"gen9ou-1995137043","p1":"Gabry06","p2":"bruc3wi11is","format":"[Gen 9] OU","log":"|j|\u2606Gabry06\n|j|\u2606bruc3wi11is\n|t:|1700526685\n|gametype|singles\n|player|p1|Gabry06|acetrainer-gen4dp|1303\n|player|p2|bruc3wi11is|169|1285\n|teamsize|p1|6\n|teamsize|p2|6\n|gen|9\n|tier|[Gen 9] OU\n|rated|\n|rule|Sleep Clause Mod: Limit one foe put to sleep\n|rule|Species Clause: Limit one of each Pok\u00e9mon\n|rule|OHKO Clause: OHKO moves are banned\n|rule|Evasion Items Clause: Evasion items are banned\n|rule|Evasion Moves Clause: Evasion moves are banned\n|rule|Endless Battle Clause: Forcing endless battles is banned\n|rule|HP Percentage Mod: HP is shown in percentages\n|clearpoke\n|poke|p1|Walking Wake|\n|poke|p1|Torkoal, F|\n|poke|p1|Moltres|\n|poke|p1|Meowscarada, M|\n|poke|p1|Great Tusk|\n|poke|p1|Ribombee, F|\n|poke|p2|Kingambit, F|\n|poke|p2|Thundurus-Therian, M|\n|poke|p2|Goodra-Hisui, F|\n|poke|p2|Great Tusk|\n|poke|p2|Ursaluna, M|\n|poke|p2|Iron Moth|\n|teampreview\n|inactive|Battle timer is ON: inactive players will automatically lose when time's up. (requested by bruc3wi11is)\n|\n|t:|1700526712\n|start\n|switch|p1a: Moltres|Moltres|100\/100\n|switch|p2a: Thundurus|Thundurus-Therian, M|100\/100\n|turn|1\n|\n|t:|1700526734\n|switch|p1a: Torkoal|Torkoal, F|100\/100\n|-weather|SunnyDay|[from] ability: Drought|[of] p1a: Torkoal\n|move|p2a: Thundurus|Nasty Plot|p2a: Thundurus\n|-boost|p2a: Thundurus|spa|2\n|\n|-weather|SunnyDay|[upkeep]\n|upkeep\n|turn|2\n|\n|t:|1700526744\n|move|p2a: Thundurus|Thunderbolt|p1a: Torkoal\n|-damage|p1a: Torkoal|2\/100\n|move|p1a: Torkoal|Overheat|p2a: Thundurus\n|-damage|p2a: Thundurus|0 fnt\n|-unboost|p1a: Torkoal|spa|2\n|faint|p2a: Thundurus\n|\n|-weather|SunnyDay|[upkeep]\n|upkeep\n|\n|t:|1700526756\n|switch|p2a: Iron Moth|Iron Moth|100\/100\n|-enditem|p2a: Iron Moth|Booster Energy\n|-activate|p2a: Iron Moth|ability: Quark Drive|[fromitem]\n|-start|p2a: Iron Moth|quarkdrivespe\n|turn|3\n|\n|t:|1700526775\n|switch|p1a: Moltres|Moltres|100\/100\n|move|p2a: Iron Moth|Fiery Dance|p1a: Moltres\n|-resisted|p1a: Moltres\n|-damage|p1a: Moltres|73\/100\n|\n|-weather|SunnyDay|[upkeep]\n|-heal|p1a: Moltres|79\/100|[from] item: Leftovers\n|upkeep\n|turn|4\n|\n|t:|1700526786\n|move|p2a: Iron Moth|Fiery Dance|p1a: Moltres\n|-resisted|p1a: Moltres\n|-damage|p1a: Moltres|50\/100\n|move|p1a: Moltres|Air Slash|p2a: Iron Moth\n|-damage|p2a: Iron Moth|67\/100\n|\n|-weather|SunnyDay|[upkeep]\n|-heal|p1a: Moltres|57\/100|[from] item: Leftovers\n|upkeep\n|turn|5\n|\n|t:|1700526802\n|move|p2a: Iron Moth|Fiery Dance|p1a: Moltres\n|-resisted|p1a: Moltres\n|-damage|p1a: Moltres|28\/100\n|move|p1a: Moltres|Air Slash|p2a: Iron Moth|[miss]\n|-miss|p1a: Moltres|p2a: Iron Moth\n|\n|-weather|SunnyDay|[upkeep]\n|-heal|p1a: Moltres|34\/100|[from] item: Leftovers\n|upkeep\n|turn|6\n|\n|t:|1700526812\n|move|p2a: Iron Moth|Fiery Dance|p1a: Moltres\n|-resisted|p1a: Moltres\n|-damage|p1a: Moltres|8\/100\n|move|p1a: Moltres|Air Slash|p2a: Iron Moth\n|-damage|p2a: Iron Moth|31\/100\n|\n|-weather|SunnyDay|[upkeep]\n|-heal|p1a: Moltres|14\/100|[from] item: Leftovers\n|upkeep\n|turn|7\n|\n|t:|1700526822\n|move|p2a: Iron Moth|Fiery Dance|p1a: Moltres\n|-resisted|p1a: Moltres\n|-damage|p1a: Moltres|0 fnt\n|faint|p1a: Moltres\n|\n|-weather|SunnyDay|[upkeep]\n|upkeep\n|\n|t:|1700526832\n|switch|p1a: Meowscarada|Meowscarada, M|100\/100\n|turn|8\n|\n|t:|1700526836\n|move|p1a: Meowscarada|Sucker Punch|p2a: Iron Moth\n|-start|p1a: Meowscarada|typechange|Dark|[from] ability: Protean\n|-damage|p2a: Iron Moth|0 fnt\n|faint|p2a: Iron Moth\n|-end|p2a: Iron Moth|Quark Drive|[silent]\n|\n|-weather|none\n|upkeep\n|\n|t:|1700526841\n|switch|p2a: Kingambit|Kingambit, F|100\/100\n|-activate|p2a: Kingambit|ability: Supreme Overlord\n|-start|p2a: Kingambit|fallen2|[silent]\n|turn|9\n|\n|t:|1700526858\n|switch|p1a: Ribombee|Ribombee, F|100\/100\n|move|p2a: Kingambit|Iron Head|p1a: Ribombee\n|-supereffective|p1a: Ribombee\n|-enditem|p1a: Ribombee|Focus Sash\n|-damage|p1a: Ribombee|1\/100\n|\n|upkeep\n|turn|10\n|\n|t:|1700526866\n|move|p1a: Ribombee|Stun Spore|p2a: Kingambit\n|-status|p2a: Kingambit|par\n|move|p2a: Kingambit|Iron Head|p1a: Ribombee\n|-supereffective|p1a: Ribombee\n|-damage|p1a: Ribombee|0 fnt\n|faint|p1a: Ribombee\n|\n|upkeep\n|\n|t:|1700526879\n|switch|p1a: Great Tusk|Great Tusk|100\/100\n|turn|11\n|\n|t:|1700526901\n|-end|p2a: Kingambit|fallen2|[silent]\n|switch|p2a: Great Tusk|Great Tusk|100\/100\n|move|p1a: Great Tusk|Rapid Spin|p2a: Great Tusk\n|-damage|p2a: Great Tusk|90\/100\n|-boost|p1a: Great Tusk|spe|1\n|-damage|p1a: Great Tusk|84\/100|[from] item: Rocky Helmet|[of] p2a: Great Tusk\n|\n|upkeep\n|turn|12\n|\n|t:|1700526911\n|move|p1a: Great Tusk|Ice Spinner|p2a: Great Tusk\n|-supereffective|p2a: Great Tusk\n|-damage|p2a: Great Tusk|59\/100\n|-damage|p1a: Great Tusk|67\/100|[from] item: Rocky Helmet|[of] p2a: Great Tusk\n|move|p2a: Great Tusk|Knock Off|p1a: Great Tusk\n|-resisted|p1a: Great Tusk\n|-damage|p1a: Great Tusk|59\/100\n|-enditem|p1a: Great Tusk|Assault Vest|[from] move: Knock Off|[of] p2a: Great Tusk\n|\n|upkeep\n|turn|13\n|\n|t:|1700526929\n|move|p1a: Great Tusk|Close Combat|p2a: Great Tusk\n|-damage|p2a: Great Tusk|24\/100\n|-unboost|p1a: Great Tusk|def|1\n|-unboost|p1a: Great Tusk|spd|1\n|-damage|p1a: Great Tusk|43\/100|[from] item: Rocky Helmet|[of] p2a: Great Tusk\n|move|p2a: Great Tusk|Rapid Spin|p1a: Great Tusk\n|-damage|p1a: Great Tusk|29\/100\n|-boost|p2a: Great Tusk|spe|1\n|\n|upkeep\n|turn|14\n|\n|t:|1700526940\n|move|p1a: Great Tusk|Close Combat|p2a: Great Tusk\n|-damage|p2a: Great Tusk|0 fnt\n|-unboost|p1a: Great Tusk|def|1\n|-unboost|p1a: Great Tusk|spd|1\n|-damage|p1a: Great Tusk|13\/100|[from] item: Rocky Helmet|[of] p2a: Great Tusk\n|faint|p2a: Great Tusk\n|-end|p2a: Great Tusk|Protosynthesis|[silent]\n|\n|upkeep\n|\n|t:|1700526946\n|switch|p2a: Kingambit|Kingambit, F|100\/100 par\n|-activate|p2a: Kingambit|ability: Supreme Overlord\n|-start|p2a: Kingambit|fallen3|[silent]\n|turn|15\n|\n|t:|1700526956\n|-end|p1a: Great Tusk|Protosynthesis|[silent]\n|switch|p1a: Torkoal|Torkoal, F|2\/100\n|-weather|SunnyDay|[from] ability: Drought|[of] p1a: Torkoal\n|move|p2a: Kingambit|Sucker Punch||[still]\n|-fail|p2a: Kingambit\n|\n|-weather|SunnyDay|[upkeep]\n|upkeep\n|turn|16\n|\n|t:|1700526969\n|-end|p2a: Kingambit|fallen3|[silent]\n|switch|p2a: Ursaluna|Ursaluna, M|100\/100\n|move|p1a: Torkoal|Overheat|p2a: Ursaluna\n|-damage|p2a: Ursaluna|38\/100\n|-unboost|p1a: Torkoal|spa|2\n|\n|-weather|SunnyDay|[upkeep]\n|-status|p2a: Ursaluna|brn|[from] item: Flame Orb\n|upkeep\n|turn|17\n|\n|t:|1700526981\n|move|p2a: Ursaluna|Facade|p1a: Torkoal\n|-damage|p1a: Torkoal|0 fnt\n|faint|p1a: Torkoal\n|\n|-weather|SunnyDay|[upkeep]\n|-damage|p2a: Ursaluna|32\/100 brn|[from] brn\n|upkeep\n|\n|t:|1700526989\n|switch|p1a: Walking Wake|Walking Wake|100\/100\n|-activate|p1a: Walking Wake|ability: Protosynthesis\n|-start|p1a: Walking Wake|protosynthesisspe\n|turn|18\n|\n|t:|1700526995\n|switch|p2a: Goodra|Goodra-Hisui, F|100\/100\n|move|p1a: Walking Wake|Hydro Steam|p2a: Goodra\n|-resisted|p2a: Goodra\n|-damage|p2a: Goodra|79\/100\n|\n|-weather|SunnyDay|[upkeep]\n|-heal|p2a: Goodra|85\/100|[from] item: Leftovers\n|upkeep\n|turn|19\n|\n|t:|1700527007\n|move|p1a: Walking Wake|Flamethrower|p2a: Goodra\n|-damage|p2a: Goodra|58\/100\n|move|p2a: Goodra|Acid Spray|p1a: Walking Wake\n|-damage|p1a: Walking Wake|89\/100\n|-unboost|p1a: Walking Wake|spd|2\n|\n|-weather|SunnyDay|[upkeep]\n|-heal|p2a: Goodra|64\/100|[from] item: Leftovers\n|upkeep\n|turn|20\n|\n|t:|1700527018\n|move|p1a: Walking Wake|Substitute|p1a: Walking Wake\n|-start|p1a: Walking Wake|Substitute\n|-damage|p1a: Walking Wake|64\/100\n|move|p2a: Goodra|Draco Meteor|p1a: Walking Wake\n|-supereffective|p1a: Walking Wake\n|-end|p1a: Walking Wake|Substitute\n|-unboost|p2a: Goodra|spa|2\n|\n|-weather|SunnyDay|[upkeep]\n|-heal|p2a: Goodra|70\/100|[from] item: Leftovers\n|upkeep\n|turn|21\n|\n|t:|1700527033\n|-end|p1a: Walking Wake|Protosynthesis|[silent]\n|switch|p1a: Great Tusk|Great Tusk|13\/100\n|-activate|p1a: Great Tusk|ability: Protosynthesis\n|-start|p1a: Great Tusk|protosynthesisatk\n|move|p2a: Goodra|Flash Cannon|p1a: Great Tusk\n|-damage|p1a: Great Tusk|0 fnt\n|faint|p1a: Great Tusk\n|-end|p1a: Great Tusk|Protosynthesis|[silent]\n|\n|-weather|SunnyDay|[upkeep]\n|-heal|p2a: Goodra|76\/100|[from] item: Leftovers\n|upkeep\n|\n|t:|1700527047\n|switch|p1a: Walking Wake|Walking Wake|64\/100\n|-activate|p1a: Walking Wake|ability: Protosynthesis\n|-start|p1a: Walking Wake|protosynthesisspe\n|turn|22\n|\n|t:|1700527062\n|switch|p2a: Ursaluna|Ursaluna, M|32\/100 brn\n|-terastallize|p1a: Walking Wake|Fire\n|move|p1a: Walking Wake|Flamethrower|p2a: Ursaluna\n|-damage|p2a: Ursaluna|0 fnt\n|faint|p2a: Ursaluna\n|\n|-weather|none\n|-end|p1a: Walking Wake|Protosynthesis\n|upkeep\n|\n|t:|1700527066\n|switch|p2a: Goodra|Goodra-Hisui, F|76\/100\n|turn|23\n|\n|t:|1700527079\n|move|p1a: Walking Wake|Substitute|p1a: Walking Wake\n|-start|p1a: Walking Wake|Substitute\n|-damage|p1a: Walking Wake|39\/100\n|move|p2a: Goodra|Acid Spray|p1a: Walking Wake\n|-activate|p1a: Walking Wake|move: Substitute|[damage]\n|\n|-heal|p2a: Goodra|82\/100|[from] item: Leftovers\n|upkeep\n|turn|24\n|\n|t:|1700527089\n|move|p1a: Walking Wake|Flamethrower|p2a: Goodra\n|-damage|p2a: Goodra|57\/100\n|move|p2a: Goodra|Flash Cannon|p1a: Walking Wake\n|-resisted|p1a: Walking Wake\n|-end|p1a: Walking Wake|Substitute\n|\n|-heal|p2a: Goodra|63\/100|[from] item: Leftovers\n|upkeep\n|turn|25\n|\n|t:|1700527097\n|move|p1a: Walking Wake|Flamethrower|p2a: Goodra\n|-damage|p2a: Goodra|36\/100\n|move|p2a: Goodra|Flash Cannon|p1a: Walking Wake\n|-resisted|p1a: Walking Wake\n|-damage|p1a: Walking Wake|21\/100\n|\n|-heal|p2a: Goodra|42\/100|[from] item: Leftovers\n|upkeep\n|turn|26\n|\n|t:|1700527113\n|move|p1a: Walking Wake|Flamethrower|p2a: Goodra\n|-damage|p2a: Goodra|18\/100\n|move|p2a: Goodra|Draco Meteor|p1a: Walking Wake\n|-damage|p1a: Walking Wake|0 fnt\n|-unboost|p2a: Goodra|spa|2\n|faint|p1a: Walking Wake\n|-end|p1a: Walking Wake|Protosynthesis|[silent]\n|\n|-heal|p2a: Goodra|24\/100|[from] item: Leftovers\n|upkeep\n|\n|t:|1700527125\n|switch|p1a: Meowscarada|Meowscarada, M|100\/100\n|turn|27\n|\n|t:|1700527138\n|move|p1a: Meowscarada|Play Rough|p2a: Goodra\n|-start|p1a: Meowscarada|typechange|Fairy|[from] ability: Protean\n|-damage|p2a: Goodra|0 fnt\n|faint|p2a: Goodra\n|\n|upkeep\n|\n|t:|1700527143\n|switch|p2a: Kingambit|Kingambit, F|100\/100 par\n|-activate|p2a: Kingambit|ability: Supreme Overlord\n|-start|p2a: Kingambit|fallen5|[silent]\n|turn|28\n|\n|t:|1700527150\n|move|p1a: Meowscarada|Play Rough|p2a: Kingambit\n|-damage|p2a: Kingambit|44\/100 par\n|move|p2a: Kingambit|Iron Head|p1a: Meowscarada\n|-supereffective|p1a: Meowscarada\n|-damage|p1a: Meowscarada|0 fnt\n|faint|p1a: Meowscarada\n|\n|win|bruc3wi11is\n|raw|Gabry06's rating: 1303 &rarr; <strong>1282<\/strong><br \/>(-21 for losing)\n|raw|bruc3wi11is's rating: 1285 &rarr; <strong>1311<\/strong><br \/>(+26 for winning)\n|l|\u2606Gabry06\n","uploadtime":1700527165,"views":12,"p1id":"gabry06","p2id":"bruc3wi11is","formatid":"gen9ou","rating":1282,"private":0,"password":""}