{"id":"gen9ou-1995461019","p1":"Spring8Pro","p2":"Kasmir7","format":"[Gen 9] OU","log":"|j|\u2606Spring8Pro\n|j|\u2606Kasmir7\n|t:|1700573411\n|gametype|singles\n|player|p1|Spring8Pro|doctor|1382\n|player|p2|Kasmir7|depotagent|1512\n|teamsize|p1|6\n|teamsize|p2|6\n|gen|9\n|tier|[Gen 9] OU\n|rated|\n|rule|Sleep Clause Mod: Limit one foe put to sleep\n|rule|Species Clause: Limit one of each Pok\u00e9mon\n|rule|OHKO Clause: OHKO moves are banned\n|rule|Evasion Items Clause: Evasion items are banned\n|rule|Evasion Moves Clause: Evasion moves are banned\n|rule|Endless Battle Clause: Forcing endless battles is banned\n|rule|HP Percentage Mod: HP is shown in percentages\n|clearpoke\n|poke|p1|Meowscarada, M|\n|poke|p1|Great Tusk|\n|poke|p1|Skeledirge, M|\n|poke|p1|Corviknight, F|\n|poke|p1|Garganacl, F|\n|poke|p1|Toxapex, M|\n|poke|p2|Maushold|\n|poke|p2|Gholdengo|\n|poke|p2|Ting-Lu|\n|poke|p2|Kingambit, M|\n|poke|p2|Iron Moth|\n|poke|p2|Great Tusk|\n|teampreview\n|inactive|Battle timer is ON: inactive players will automatically lose when time's up. (requested by Spring8Pro)\n|j| BobbyTheFool\n|l| BobbyTheFool\n|\n|t:|1700573430\n|start\n|switch|p1a: Meowscarada|Meowscarada, M|100\/100\n|switch|p2a: Ting-Lu|Ting-Lu|100\/100\n|-ability|p2a: Ting-Lu|Vessel of Ruin\n|turn|1\n|\n|t:|1700573439\n|move|p1a: Meowscarada|Trick|p2a: Ting-Lu\n|-start|p1a: Meowscarada|typechange|Psychic|[from] ability: Protean\n|-activate|p1a: Meowscarada|move: Trick|[of] p2a: Ting-Lu\n|-item|p2a: Ting-Lu|Choice Scarf|[from] move: Trick\n|-item|p1a: Meowscarada|Leftovers|[from] move: Trick\n|move|p2a: Ting-Lu|Spikes|p1a: Meowscarada\n|-sidestart|p1: Spring8Pro|Spikes\n|\n|upkeep\n|turn|2\n|\n|t:|1700573450\n|move|p1a: Meowscarada|U-turn|p2a: Ting-Lu\n|-supereffective|p2a: Ting-Lu\n|-damage|p2a: Ting-Lu|83\/100\n|\n|t:|1700573455\n|switch|p1a: Great Tusk|Great Tusk|100\/100|[from] U-turn\n|-damage|p1a: Great Tusk|88\/100|[from] Spikes\n|move|p2a: Ting-Lu|Spikes|p1a: Great Tusk\n|-sidestart|p1: Spring8Pro|Spikes\n|\n|upkeep\n|turn|3\n|\n|t:|1700573465\n|move|p1a: Great Tusk|Earthquake|p2a: Ting-Lu\n|-damage|p2a: Ting-Lu|62\/100\n|move|p2a: Ting-Lu|Spikes|p1a: Great Tusk\n|-sidestart|p1: Spring8Pro|Spikes\n|\n|upkeep\n|turn|4\n|\n|t:|1700573471\n|switch|p2a: Gholdengo|Gholdengo|100\/100\n|move|p1a: Great Tusk|Earthquake|p2a: Gholdengo\n|-supereffective|p2a: Gholdengo\n|-damage|p2a: Gholdengo|33\/100\n|\n|-heal|p2a: Gholdengo|39\/100|[from] item: Leftovers\n|upkeep\n|turn|5\n|\n|t:|1700573483\n|-end|p1a: Great Tusk|Protosynthesis|[silent]\n|switch|p1a: Toxapex|Toxapex, M|100\/100\n|-damage|p1a: Toxapex|76\/100|[from] Spikes\n|move|p2a: Gholdengo|Make It Rain|p1a: Toxapex\n|-resisted|p1a: Toxapex\n|-damage|p1a: Toxapex|59\/100\n|-unboost|p2a: Gholdengo|spa|1\n|\n|-heal|p2a: Gholdengo|45\/100|[from] item: Leftovers\n|-heal|p1a: Toxapex|65\/100|[from] item: Black Sludge\n|upkeep\n|turn|6\n|\n|t:|1700573492\n|move|p2a: Gholdengo|Recover|p2a: Gholdengo\n|-heal|p2a: Gholdengo|95\/100\n|move|p1a: Toxapex|Infestation|p2a: Gholdengo\n|-resisted|p2a: Gholdengo\n|-damage|p2a: Gholdengo|95\/100\n|-activate|p2a: Gholdengo|move: Infestation|[of] p1a: Toxapex\n|\n|-heal|p2a: Gholdengo|100\/100|[from] item: Leftovers\n|-heal|p1a: Toxapex|71\/100|[from] item: Black Sludge\n|-damage|p2a: Gholdengo|88\/100|[from] move: Infestation|[partiallytrapped]\n|upkeep\n|turn|7\n|\n|t:|1700573504\n|switch|p2a: Maushold|Maushold|100\/100\n|move|p1a: Toxapex|Toxic Spikes|p2a: Maushold\n|-sidestart|p2: Kasmir7|move: Toxic Spikes\n|\n|-heal|p1a: Toxapex|77\/100|[from] item: Black Sludge\n|upkeep\n|turn|8\n|\n|t:|1700573513\n|switch|p1a: Great Tusk|Great Tusk|88\/100\n|-damage|p1a: Great Tusk|63\/100|[from] Spikes\n|move|p2a: Maushold|Bite|p1a: Great Tusk\n|-resisted|p1a: Great Tusk\n|-damage|p1a: Great Tusk|58\/100\n|-damage|p2a: Maushold|84\/100|[from] item: Rocky Helmet|[of] p1a: Great Tusk\n|\n|upkeep\n|turn|9\n|\n|t:|1700573532\n|switch|p2a: Gholdengo|Gholdengo|88\/100\n|move|p1a: Great Tusk|Knock Off|p2a: Gholdengo\n|-supereffective|p2a: Gholdengo\n|-damage|p2a: Gholdengo|41\/100\n|-enditem|p2a: Gholdengo|Leftovers|[from] move: Knock Off|[of] p1a: Great Tusk\n|\n|upkeep\n|turn|10\n|\n|t:|1700573540\n|-end|p1a: Great Tusk|Protosynthesis|[silent]\n|switch|p1a: Toxapex|Toxapex, M|100\/100\n|-damage|p1a: Toxapex|76\/100|[from] Spikes\n|move|p2a: Gholdengo|Recover|p2a: Gholdengo\n|-heal|p2a: Gholdengo|91\/100\n|\n|-heal|p1a: Toxapex|82\/100|[from] item: Black Sludge\n|upkeep\n|turn|11\n|\n|t:|1700573546\n|move|p2a: Gholdengo|Nasty Plot|p2a: Gholdengo\n|-boost|p2a: Gholdengo|spa|2\n|move|p1a: Toxapex|Infestation|p2a: Gholdengo\n|-resisted|p2a: Gholdengo\n|-damage|p2a: Gholdengo|90\/100\n|-activate|p2a: Gholdengo|move: Infestation|[of] p1a: Toxapex\n|\n|-heal|p1a: Toxapex|88\/100|[from] item: Black Sludge\n|-damage|p2a: Gholdengo|78\/100|[from] move: Infestation|[partiallytrapped]\n|upkeep\n|turn|12\n|\n|t:|1700573555\n|move|p2a: Gholdengo|Shadow Ball|p1a: Toxapex\n|-damage|p1a: Toxapex|47\/100\n|move|p1a: Toxapex|Haze|p1a: Toxapex\n|-clearallboost\n|\n|-heal|p1a: Toxapex|53\/100|[from] item: Black Sludge\n|-damage|p2a: Gholdengo|66\/100|[from] move: Infestation|[partiallytrapped]\n|upkeep\n|turn|13\n|\n|t:|1700573563\n|move|p2a: Gholdengo|Nasty Plot|p2a: Gholdengo\n|-boost|p2a: Gholdengo|spa|2\n|move|p1a: Toxapex|Toxic Spikes|p2a: Gholdengo\n|-sidestart|p2: Kasmir7|move: Toxic Spikes\n|\n|-heal|p1a: Toxapex|59\/100|[from] item: Black Sludge\n|-damage|p2a: Gholdengo|53\/100|[from] move: Infestation|[partiallytrapped]\n|upkeep\n|turn|14\n|\n|t:|1700573568\n|move|p2a: Gholdengo|Nasty Plot|p2a: Gholdengo\n|-boost|p2a: Gholdengo|spa|2\n|move|p1a: Toxapex|Haze|p1a: Toxapex\n|-clearallboost\n|\n|-heal|p1a: Toxapex|65\/100|[from] item: Black Sludge\n|-damage|p2a: Gholdengo|41\/100|[from] move: Infestation|[partiallytrapped]\n|upkeep\n|turn|15\n|\n|t:|1700573576\n|move|p2a: Gholdengo|Nasty Plot|p2a: Gholdengo\n|-boost|p2a: Gholdengo|spa|2\n|move|p1a: Toxapex|Haze|p1a: Toxapex\n|-clearallboost\n|\n|-heal|p1a: Toxapex|70\/100|[from] item: Black Sludge\n|-end|p2a: Gholdengo|Infestation|[partiallytrapped]\n|upkeep\n|turn|16\n|\n|t:|1700573582\n|move|p2a: Gholdengo|Recover|p2a: Gholdengo\n|-heal|p2a: Gholdengo|91\/100\n|move|p1a: Toxapex|Infestation|p2a: Gholdengo\n|-resisted|p2a: Gholdengo\n|-damage|p2a: Gholdengo|90\/100\n|-activate|p2a: Gholdengo|move: Infestation|[of] p1a: Toxapex\n|\n|-heal|p1a: Toxapex|76\/100|[from] item: Black Sludge\n|-damage|p2a: Gholdengo|78\/100|[from] move: Infestation|[partiallytrapped]\n|upkeep\n|turn|17\n|\n|t:|1700573593\n|move|p2a: Gholdengo|Nasty Plot|p2a: Gholdengo\n|-boost|p2a: Gholdengo|spa|2\n|move|p1a: Toxapex|Haze|p1a: Toxapex\n|-clearallboost\n|\n|-heal|p1a: Toxapex|82\/100|[from] item: Black Sludge\n|-damage|p2a: Gholdengo|65\/100|[from] move: Infestation|[partiallytrapped]\n|upkeep\n|turn|18\n|\n|t:|1700573600\n|move|p1a: Toxapex|Baneful Bunker|p1a: Toxapex\n|-singleturn|p1a: Toxapex|move: Protect\n|move|p2a: Gholdengo|Shadow Ball|p1a: Toxapex\n|-activate|p1a: Toxapex|move: Protect\n|\n|-heal|p1a: Toxapex|88\/100|[from] item: Black Sludge\n|-damage|p2a: Gholdengo|53\/100|[from] move: Infestation|[partiallytrapped]\n|upkeep\n|turn|19\n|\n|t:|1700573605\n|move|p2a: Gholdengo|Nasty Plot|p2a: Gholdengo\n|-boost|p2a: Gholdengo|spa|2\n|move|p1a: Toxapex|Haze|p1a: Toxapex\n|-clearallboost\n|\n|-heal|p1a: Toxapex|94\/100|[from] item: Black Sludge\n|-damage|p2a: Gholdengo|40\/100|[from] move: Infestation|[partiallytrapped]\n|upkeep\n|turn|20\n|\n|t:|1700573611\n|move|p2a: Gholdengo|Recover|p2a: Gholdengo\n|-heal|p2a: Gholdengo|90\/100\n|move|p1a: Toxapex|Haze|p1a: Toxapex\n|-clearallboost\n|\n|-heal|p1a: Toxapex|99\/100|[from] item: Black Sludge\n|-end|p2a: Gholdengo|Infestation|[partiallytrapped]\n|upkeep\n|turn|21\n|\n|t:|1700573617\n|move|p2a: Gholdengo|Nasty Plot|p2a: Gholdengo\n|-boost|p2a: Gholdengo|spa|2\n|move|p1a: Toxapex|Infestation|p2a: Gholdengo\n|-resisted|p2a: Gholdengo\n|-damage|p2a: Gholdengo|90\/100\n|-activate|p2a: Gholdengo|move: Infestation|[of] p1a: Toxapex\n|\n|-heal|p1a: Toxapex|100\/100|[from] item: Black Sludge\n|-damage|p2a: Gholdengo|77\/100|[from] move: Infestation|[partiallytrapped]\n|upkeep\n|turn|22\n|\n|t:|1700573623\n|move|p2a: Gholdengo|Shadow Ball|p1a: Toxapex\n|-damage|p1a: Toxapex|54\/100\n|-unboost|p1a: Toxapex|spd|1\n|move|p1a: Toxapex|Haze|p1a: Toxapex\n|-clearallboost\n|\n|-heal|p1a: Toxapex|60\/100|[from] item: Black Sludge\n|-damage|p2a: Gholdengo|65\/100|[from] move: Infestation|[partiallytrapped]\n|upkeep\n|turn|23\n|\n|t:|1700573630\n|switch|p2a: Iron Moth|Iron Moth|100\/100\n|-sideend|p2: Kasmir7|move: Toxic Spikes|[of] p2a: Iron Moth\n|-enditem|p2a: Iron Moth|Booster Energy\n|-activate|p2a: Iron Moth|ability: Quark Drive|[fromitem]\n|-start|p2a: Iron Moth|quarkdrivespe\n|move|p1a: Toxapex|Haze|p1a: Toxapex\n|-clearallboost\n|\n|-heal|p1a: Toxapex|66\/100|[from] item: Black Sludge\n|upkeep\n|turn|24\n|\n|t:|1700573638\n|move|p2a: Iron Moth|Psychic|p1a: Toxapex\n|-supereffective|p1a: Toxapex\n|-damage|p1a: Toxapex|25\/100\n|move|p1a: Toxapex|Infestation|p2a: Iron Moth\n|-resisted|p2a: Iron Moth\n|-damage|p2a: Iron Moth|99\/100\n|-activate|p2a: Iron Moth|move: Infestation|[of] p1a: Toxapex\n|\n|-heal|p1a: Toxapex|31\/100|[from] item: Black Sludge\n|-damage|p2a: Iron Moth|88\/100|[from] move: Infestation|[partiallytrapped]\n|upkeep\n|turn|25\n|\n|t:|1700573648\n|move|p1a: Toxapex|Baneful Bunker|p1a: Toxapex\n|-singleturn|p1a: Toxapex|move: Protect\n|move|p2a: Iron Moth|Fiery Dance|p1a: Toxapex\n|-activate|p1a: Toxapex|move: Protect\n|\n|-heal|p1a: Toxapex|36\/100|[from] item: Black Sludge\n|-damage|p2a: Iron Moth|75\/100|[from] move: Infestation|[partiallytrapped]\n|upkeep\n|turn|26\n|\n|t:|1700573671\n|switch|p1a: Garganacl|Garganacl, F|100\/100\n|-damage|p1a: Garganacl|76\/100|[from] Spikes\n|move|p2a: Iron Moth|Psychic|p1a: Garganacl\n|-damage|p1a: Garganacl|55\/100\n|\n|-heal|p1a: Garganacl|61\/100|[from] item: Leftovers\n|-end|p2a: Iron Moth|Infestation|[partiallytrapped]|[silent]\n|upkeep\n|turn|27\n|\n|t:|1700573696\n|-end|p2a: Iron Moth|Quark Drive|[silent]\n|switch|p2a: Great Tusk|Great Tusk|100\/100\n|move|p1a: Garganacl|Salt Cure|p2a: Great Tusk\n|-resisted|p2a: Great Tusk\n|-damage|p2a: Great Tusk|98\/100\n|-start|p2a: Great Tusk|Salt Cure\n|\n|-heal|p1a: Garganacl|67\/100|[from] item: Leftovers\n|-damage|p2a: Great Tusk|86\/100|[from] Salt Cure\n|upkeep\n|turn|28\n|\n|t:|1700573709\n|switch|p1a: Corviknight|Corviknight, F|100\/100\n|-ability|p1a: Corviknight|Pressure\n|move|p2a: Great Tusk|Knock Off|p1a: Corviknight\n|-crit|p1a: Corviknight\n|-damage|p1a: Corviknight|60\/100\n|-enditem|p1a: Corviknight|Leftovers|[from] move: Knock Off|[of] p2a: Great Tusk\n|\n|-damage|p2a: Great Tusk|73\/100|[from] Salt Cure\n|upkeep\n|turn|29\n|\n|t:|1700573719\n|-end|p2a: Great Tusk|Protosynthesis|[silent]\n|switch|p2a: Gholdengo|Gholdengo|65\/100\n|move|p1a: Corviknight|Roost|p1a: Corviknight\n|-heal|p1a: Corviknight|100\/100\n|-singleturn|p1a: Corviknight|move: Roost\n|\n|upkeep\n|turn|30\n|\n|t:|1700573726\n|switch|p1a: Toxapex|Toxapex, M|70\/100\n|-damage|p1a: Toxapex|45\/100|[from] Spikes\n|move|p2a: Gholdengo|Shadow Ball|p1a: Toxapex\n|-damage|p1a: Toxapex|20\/100\n|\n|-heal|p1a: Toxapex|26\/100|[from] item: Black Sludge\n|upkeep\n|turn|31\n|\n|t:|1700573737\n|move|p2a: Gholdengo|Nasty Plot|p2a: Gholdengo\n|-boost|p2a: Gholdengo|spa|2\n|move|p1a: Toxapex|Infestation|p2a: Gholdengo\n|-resisted|p2a: Gholdengo\n|-damage|p2a: Gholdengo|65\/100\n|-activate|p2a: Gholdengo|move: Infestation|[of] p1a: Toxapex\n|\n|-heal|p1a: Toxapex|32\/100|[from] item: Black Sludge\n|-damage|p2a: Gholdengo|52\/100|[from] move: Infestation|[partiallytrapped]\n|upkeep\n|turn|32\n|\n|t:|1700573748\n|switch|p1a: Corviknight|Corviknight, F|100\/100\n|-ability|p1a: Corviknight|Pressure\n|move|p2a: Gholdengo|Shadow Ball|p1a: Corviknight\n|-damage|p1a: Corviknight|49\/100\n|\n|-end|p2a: Gholdengo|Infestation|[partiallytrapped]|[silent]\n|upkeep\n|turn|33\n|\n|t:|1700573761\n|move|p2a: Gholdengo|Shadow Ball|p1a: Corviknight\n|-damage|p1a: Corviknight|3\/100\n|-unboost|p1a: Corviknight|spd|1\n|move|p1a: Corviknight|Roost|p1a: Corviknight\n|-heal|p1a: Corviknight|53\/100\n|-singleturn|p1a: Corviknight|move: Roost\n|\n|upkeep\n|turn|34\n|\n|t:|1700573773\n|switch|p1a: Meowscarada|Meowscarada, M|100\/100\n|-damage|p1a: Meowscarada|76\/100|[from] Spikes\n|move|p2a: Gholdengo|Shadow Ball|p1a: Meowscarada\n|-resisted|p1a: Meowscarada\n|-damage|p1a: Meowscarada|20\/100\n|\n|-heal|p1a: Meowscarada|26\/100|[from] item: Leftovers\n|upkeep\n|turn|35\n|\n|t:|1700573785\n|switch|p2a: Ting-Lu|Ting-Lu|62\/100\n|-ability|p2a: Ting-Lu|Vessel of Ruin\n|move|p1a: Meowscarada|Flower Trick|p2a: Ting-Lu\n|-start|p1a: Meowscarada|typechange|Grass|[from] ability: Protean\n|-supereffective|p2a: Ting-Lu\n|-crit|p2a: Ting-Lu\n|-damage|p2a: Ting-Lu|25\/100\n|\n|-heal|p1a: Meowscarada|32\/100|[from] item: Leftovers\n|upkeep\n|turn|36\n|\n|t:|1700573799\n|switch|p2a: Iron Moth|Iron Moth|75\/100\n|move|p1a: Meowscarada|U-turn|p2a: Iron Moth\n|-resisted|p2a: Iron Moth\n|-damage|p2a: Iron Moth|67\/100\n|\n|t:|1700573814\n|switch|p1a: Garganacl|Garganacl, F|67\/100|[from] U-turn\n|-damage|p1a: Garganacl|43\/100|[from] Spikes\n|\n|-heal|p1a: Garganacl|49\/100|[from] item: Leftovers\n|upkeep\n|turn|37\n|\n|t:|1700573820\n|move|p2a: Iron Moth|Psychic|p1a: Garganacl\n|-damage|p1a: Garganacl|29\/100\n|-unboost|p1a: Garganacl|spd|1\n|move|p1a: Garganacl|Salt Cure|p2a: Iron Moth\n|-supereffective|p2a: Iron Moth\n|-damage|p2a: Iron Moth|22\/100\n|-start|p2a: Iron Moth|Salt Cure\n|\n|-heal|p1a: Garganacl|35\/100|[from] item: Leftovers\n|-damage|p2a: Iron Moth|9\/100|[from] Salt Cure\n|upkeep\n|turn|38\n|\n|t:|1700573831\n|move|p1a: Garganacl|Protect|p1a: Garganacl\n|-singleturn|p1a: Garganacl|Protect\n|move|p2a: Iron Moth|Psychic|p1a: Garganacl\n|-activate|p1a: Garganacl|move: Protect\n|\n|-heal|p1a: Garganacl|41\/100|[from] item: Leftovers\n|-damage|p2a: Iron Moth|0 fnt|[from] Salt Cure\n|faint|p2a: Iron Moth\n|-end|p2a: Iron Moth|Quark Drive|[silent]\n|upkeep\n|\n|t:|1700573834\n|switch|p2a: Great Tusk|Great Tusk|73\/100\n|turn|39\n|inactive|Spring8Pro has 120 seconds left.\n|\n|t:|1700573866\n|switch|p1a: Corviknight|Corviknight, F|53\/100\n|-ability|p1a: Corviknight|Pressure\n|move|p2a: Great Tusk|Headlong Rush|p1a: Corviknight\n|-immune|p1a: Corviknight\n|\n|upkeep\n|turn|40\n|\n|t:|1700573876\n|move|p2a: Great Tusk|Close Combat|p1a: Corviknight\n|-damage|p1a: Corviknight|0 fnt\n|-unboost|p2a: Great Tusk|def|1\n|-unboost|p2a: Great Tusk|spd|1\n|faint|p1a: Corviknight\n|\n|upkeep\n|inactive|Spring8Pro has 120 seconds left.\n|\n|t:|1700573890\n|switch|p1a: Great Tusk|Great Tusk|58\/100\n|-damage|p1a: Great Tusk|33\/100|[from] Spikes\n|turn|41\n|\n|t:|1700573896\n|move|p2a: Great Tusk|Close Combat|p1a: Great Tusk\n|-damage|p1a: Great Tusk|0 fnt\n|-unboost|p2a: Great Tusk|def|1\n|-unboost|p2a: Great Tusk|spd|1\n|-damage|p2a: Great Tusk|57\/100|[from] item: Rocky Helmet|[of] p1a: Great Tusk\n|faint|p1a: Great Tusk\n|-end|p1a: Great Tusk|Protosynthesis|[silent]\n|\n|upkeep\n|inactive|Spring8Pro has 120 seconds left.\n|\n|t:|1700573908\n|switch|p1a: Skeledirge|Skeledirge, M|100\/100\n|-damage|p1a: Skeledirge|75\/100|[from] Spikes\n|turn|42\n|inactive|Spring8Pro has 120 seconds left.\n|\n|t:|1700573928\n|-end|p2a: Great Tusk|Protosynthesis|[silent]\n|switch|p2a: Ting-Lu|Ting-Lu|25\/100\n|-ability|p2a: Ting-Lu|Vessel of Ruin\n|-terastallize|p1a: Skeledirge|Fairy\n|move|p1a: Skeledirge|Will-O-Wisp|p2a: Ting-Lu\n|-status|p2a: Ting-Lu|brn\n|\n|-heal|p1a: Skeledirge|82\/100|[from] item: Leftovers\n|-damage|p2a: Ting-Lu|19\/100 brn|[from] brn\n|upkeep\n|turn|43\n|inactive|Spring8Pro has 120 seconds left.\n|\n|t:|1700573939\n|move|p2a: Ting-Lu|Stealth Rock|p1a: Skeledirge\n|-sidestart|p1: Spring8Pro|move: Stealth Rock\n|move|p1a: Skeledirge|Torch Song|p2a: Ting-Lu\n|-damage|p2a: Ting-Lu|0 fnt\n|-boost|p1a: Skeledirge|spa|1\n|faint|p2a: Ting-Lu\n|\n|-heal|p1a: Skeledirge|88\/100|[from] item: Leftovers\n|upkeep\n|\n|t:|1700573944\n|switch|p2a: Gholdengo|Gholdengo|52\/100\n|turn|44\n|\n|t:|1700573954\n|switch|p1a: Toxapex|Toxapex, M|66\/100\n|-damage|p1a: Toxapex|41\/100|[from] Spikes\n|-damage|p1a: Toxapex|29\/100|[from] Stealth Rock\n|move|p2a: Gholdengo|Make It Rain|p1a: Toxapex\n|-resisted|p1a: Toxapex\n|-damage|p1a: Toxapex|13\/100\n|-unboost|p2a: Gholdengo|spa|1\n|\n|-heal|p1a: Toxapex|19\/100|[from] item: Black Sludge\n|upkeep\n|turn|45\n|\n|t:|1700573968\n|move|p2a: Gholdengo|Nasty Plot|p2a: Gholdengo\n|-boost|p2a: Gholdengo|spa|2\n|move|p1a: Toxapex|Infestation|p2a: Gholdengo\n|-resisted|p2a: Gholdengo\n|-damage|p2a: Gholdengo|52\/100\n|-activate|p2a: Gholdengo|move: Infestation|[of] p1a: Toxapex\n|\n|-heal|p1a: Toxapex|25\/100|[from] item: Black Sludge\n|-damage|p2a: Gholdengo|39\/100|[from] move: Infestation|[partiallytrapped]\n|upkeep\n|turn|46\n|\n|t:|1700573978\n|move|p1a: Toxapex|Baneful Bunker|p1a: Toxapex\n|-singleturn|p1a: Toxapex|move: Protect\n|move|p2a: Gholdengo|Recover|p2a: Gholdengo\n|-heal|p2a: Gholdengo|89\/100\n|\n|-heal|p1a: Toxapex|31\/100|[from] item: Black Sludge\n|-damage|p2a: Gholdengo|77\/100|[from] move: Infestation|[partiallytrapped]\n|upkeep\n|turn|47\n|\n|t:|1700573990\n|move|p2a: Gholdengo|Shadow Ball|p1a: Toxapex\n|-damage|p1a: Toxapex|0 fnt\n|faint|p1a: Toxapex\n|\n|-end|p2a: Gholdengo|Infestation|[partiallytrapped]|[silent]\n|upkeep\n|\n|t:|1700573994\n|switch|p1a: Meowscarada|Meowscarada, M|32\/100\n|-damage|p1a: Meowscarada|7\/100|[from] Spikes\n|-damage|p1a: Meowscarada|0 fnt|[from] Stealth Rock\n|faint|p1a: Meowscarada\n|-message|Spring8Pro forfeited.\n|\n|win|Kasmir7\n|raw|Spring8Pro's rating: 1382 &rarr; <strong>1369<\/strong><br \/>(-13 for losing)\n|raw|Kasmir7's rating: 1512 &rarr; <strong>1525<\/strong><br \/>(+13 for winning)\n|l|\u2606Spring8Pro\n","uploadtime":1700574004,"views":12,"p1id":"spring8pro","p2id":"kasmir7","formatid":"gen9ou","rating":1369,"private":0,"password":""}