{"id":"gen9ou-1995533747","p1":"ChronoShadowGx","p2":"bellofigogucciboy","format":"[Gen 9] OU","log":"|j|\u2606ChronoShadowGx\n|j|\u2606bellofigogucciboy\n|t:|1700580572\n|gametype|singles\n|player|p1|ChronoShadowGx|burglar|1156\n|player|p2|bellofigogucciboy|buck|1215\n|teamsize|p1|6\n|teamsize|p2|6\n|gen|9\n|tier|[Gen 9] OU\n|rated|\n|rule|Sleep Clause Mod: Limit one foe put to sleep\n|rule|Species Clause: Limit one of each Pok\u00e9mon\n|rule|OHKO Clause: OHKO moves are banned\n|rule|Evasion Items Clause: Evasion items are banned\n|rule|Evasion Moves Clause: Evasion moves are banned\n|rule|Endless Battle Clause: Forcing endless battles is banned\n|rule|HP Percentage Mod: HP is shown in percentages\n|clearpoke\n|poke|p1|Clefable, M|\n|poke|p1|Great Tusk|\n|poke|p1|Heatran, F|\n|poke|p1|Ribombee, F|\n|poke|p1|Clodsire, F|\n|poke|p1|Kingambit, M|\n|poke|p2|Iron Valiant|\n|poke|p2|Empoleon, M|\n|poke|p2|Thundurus-Therian, M|\n|poke|p2|Dragapult, M|\n|poke|p2|Cinderace, M|\n|poke|p2|Kommo-o, F|\n|teampreview\n|inactive|Battle timer is ON: inactive players will automatically lose when time's up. (requested by ChronoShadowGx)\n|\n|t:|1700580598\n|start\n|switch|p1a: Heatran|Heatran, F|100\/100\n|switch|p2a: Thundurus|Thundurus-Therian, M|100\/100\n|-item|p1a: Heatran|Air Balloon\n|turn|1\n|\n|t:|1700580607\n|switch|p1a: Clodsire|Clodsire, F|100\/100\n|move|p2a: Thundurus|Volt Switch|p1a: Clodsire\n|-immune|p1a: Clodsire\n|\n|upkeep\n|turn|2\n|\n|t:|1700580612\n|switch|p2a: Empoleon|Empoleon, M|100\/100\n|move|p1a: Clodsire|Stealth Rock|p2a: Empoleon\n|-sidestart|p2: bellofigogucciboy|move: Stealth Rock\n|\n|upkeep\n|turn|3\n|\n|t:|1700580618\n|move|p2a: Empoleon|Yawn|p1a: Clodsire\n|-start|p1a: Clodsire|move: Yawn|[of] p2a: Empoleon\n|move|p1a: Clodsire|Stone Edge|p2a: Empoleon\n|-resisted|p2a: Empoleon\n|-damage|p2a: Empoleon|90\/100\n|\n|-heal|p2a: Empoleon|96\/100|[from] item: Leftovers\n|upkeep\n|turn|4\n|\n|t:|1700580631\n|switch|p2a: Cinderace|Cinderace, M|100\/100\n|move|p1a: Clodsire|Stone Edge|p2a: Cinderace\n|-supereffective|p2a: Cinderace\n|-damage|p2a: Cinderace|44\/100\n|\n|-end|p1a: Clodsire|move: Yawn|[silent]\n|-status|p1a: Clodsire|slp\n|upkeep\n|turn|5\n|\n|t:|1700580639\n|switch|p1a: Great Tusk|Great Tusk|100\/100\n|move|p2a: Cinderace|Court Change|p2a: Cinderace\n|-start|p2a: Cinderace|typechange|Normal|[from] ability: Libero\n|-swapsideconditions\n|-activate|p2a: Cinderace|move: Court Change\n|\n|upkeep\n|turn|6\n|\n|t:|1700580650\n|switch|p2a: Dragapult|Dragapult, M|100\/100\n|move|p1a: Great Tusk|Knock Off|p2a: Dragapult\n|-supereffective|p2a: Dragapult\n|-damage|p2a: Dragapult|14\/100\n|-enditem|p2a: Dragapult|Choice Specs|[from] move: Knock Off|[of] p1a: Great Tusk\n|\n|upkeep\n|turn|7\n|\n|t:|1700580659\n|-terastallize|p1a: Great Tusk|Ice\n|move|p2a: Dragapult|Draco Meteor|p1a: Great Tusk|[miss]\n|-miss|p2a: Dragapult|p1a: Great Tusk\n|move|p1a: Great Tusk|Ice Spinner|p2a: Dragapult\n|-supereffective|p2a: Dragapult\n|-damage|p2a: Dragapult|0 fnt\n|faint|p2a: Dragapult\n|\n|upkeep\n|\n|t:|1700580674\n|switch|p2a: Cinderace|Cinderace, M|44\/100\n|turn|8\n|\n|t:|1700580679\n|move|p2a: Cinderace|Pyro Ball|p1a: Great Tusk\n|-supereffective|p1a: Great Tusk\n|-damage|p1a: Great Tusk|13\/100\n|move|p1a: Great Tusk|Rapid Spin|p2a: Cinderace\n|-damage|p2a: Cinderace|17\/100\n|-boost|p1a: Great Tusk|spe|1\n|-sideend|p1: ChronoShadowGx|Stealth Rock|[from] move: Rapid Spin|[of] p1a: Great Tusk\n|\n|upkeep\n|turn|9\n|\n|t:|1700580686\n|move|p2a: Cinderace|Sucker Punch|p1a: Great Tusk\n|-start|p2a: Cinderace|typechange|Dark|[from] ability: Libero\n|-damage|p1a: Great Tusk|0 fnt\n|faint|p1a: Great Tusk\n|-end|p1a: Great Tusk|Protosynthesis|[silent]\n|\n|upkeep\n|\n|t:|1700580697\n|switch|p1a: Ribombee|Ribombee, F, shiny|100\/100\n|turn|10\n|\n|t:|1700580704\n|switch|p2a: Empoleon|Empoleon, M|96\/100\n|switch|p1a: Heatran|Heatran, F|100\/100\n|-item|p1a: Heatran|Air Balloon\n|\n|-heal|p2a: Empoleon|100\/100|[from] item: Leftovers\n|upkeep\n|turn|11\n|\n|t:|1700580712\n|move|p1a: Heatran|Magma Storm|p2a: Empoleon\n|-damage|p2a: Empoleon|59\/100\n|-activate|p2a: Empoleon|move: Magma Storm|[of] p1a: Heatran\n|move|p2a: Empoleon|Surf|p1a: Heatran\n|-supereffective|p1a: Heatran\n|-damage|p1a: Heatran|33\/100\n|-enditem|p1a: Heatran|Air Balloon\n|\n|-heal|p2a: Empoleon|65\/100|[from] item: Leftovers\n|-damage|p2a: Empoleon|52\/100|[from] move: Magma Storm|[partiallytrapped]\n|upkeep\n|turn|12\n|\n|t:|1700580723\n|move|p1a: Heatran|Magma Storm|p2a: Empoleon\n|-damage|p2a: Empoleon|13\/100\n|move|p2a: Empoleon|Roost|p2a: Empoleon\n|-heal|p2a: Empoleon|63\/100\n|-singleturn|p2a: Empoleon|move: Roost\n|\n|-heal|p2a: Empoleon|69\/100|[from] item: Leftovers\n|-damage|p2a: Empoleon|57\/100|[from] move: Magma Storm|[partiallytrapped]\n|upkeep\n|turn|13\n|\n|t:|1700580737\n|move|p1a: Heatran|Earth Power|p2a: Empoleon\n|-supereffective|p2a: Empoleon\n|-damage|p2a: Empoleon|12\/100\n|move|p2a: Empoleon|Surf|p1a: Heatran\n|-supereffective|p1a: Heatran\n|-damage|p1a: Heatran|0 fnt\n|faint|p1a: Heatran\n|\n|-heal|p2a: Empoleon|18\/100|[from] item: Leftovers\n|-end|p2a: Empoleon|Magma Storm|[partiallytrapped]|[silent]\n|upkeep\n|\n|t:|1700580755\n|switch|p1a: Clefable|Clefable, M|100\/100\n|turn|14\n|\n|t:|1700580761\n|move|p1a: Clefable|Flamethrower|p2a: Empoleon\n|-damage|p2a: Empoleon|0 fnt\n|faint|p2a: Empoleon\n|\n|upkeep\n|\n|t:|1700580766\n|switch|p2a: Thundurus|Thundurus-Therian, M|100\/100\n|turn|15\n|\n|t:|1700580770\n|move|p2a: Thundurus|Thunderbolt|p1a: Clefable\n|-damage|p1a: Clefable|27\/100\n|move|p1a: Clefable|Calm Mind|p1a: Clefable\n|-boost|p1a: Clefable|spa|1\n|-boost|p1a: Clefable|spd|1\n|\n|-heal|p1a: Clefable|33\/100|[from] item: Leftovers\n|upkeep\n|turn|16\n|\n|t:|1700580779\n|switch|p2a: Cinderace|Cinderace, M|17\/100\n|switch|p1a: Clodsire|Clodsire, F|100\/100 slp\n|\n|upkeep\n|turn|17\n|\n|t:|1700580786\n|move|p2a: Cinderace|Pyro Ball|p1a: Clodsire|[miss]\n|-miss|p2a: Cinderace|p1a: Clodsire\n|cant|p1a: Clodsire|slp\n|\n|upkeep\n|turn|18\n|\n|t:|1700580791\n|move|p2a: Cinderace|Pyro Ball|p1a: Clodsire\n|-damage|p1a: Clodsire|44\/100 slp\n|cant|p1a: Clodsire|slp\n|\n|-heal|p1a: Clodsire|50\/100 slp|[from] item: Black Sludge\n|upkeep\n|turn|19\n|\n|t:|1700580797\n|move|p2a: Cinderace|Pyro Ball|p1a: Clodsire|[miss]\n|-miss|p2a: Cinderace|p1a: Clodsire\n|cant|p1a: Clodsire|slp\n|\n|-heal|p1a: Clodsire|56\/100 slp|[from] item: Black Sludge\n|upkeep\n|turn|20\n|\n|t:|1700580803\n|move|p2a: Cinderace|Pyro Ball|p1a: Clodsire\n|-damage|p1a: Clodsire|2\/100 slp\n|-curestatus|p1a: Clodsire|slp|[msg]\n|move|p1a: Clodsire|Stone Edge|p2a: Cinderace\n|-supereffective|p2a: Cinderace\n|-damage|p2a: Cinderace|0 fnt\n|faint|p2a: Cinderace\n|\n|-heal|p1a: Clodsire|9\/100|[from] item: Black Sludge\n|upkeep\n|\n|t:|1700580812\n|switch|p2a: Thundurus|Thundurus-Therian, M|100\/100\n|turn|21\n|\n|t:|1700580816\n|move|p2a: Thundurus|Tera Blast|p1a: Clodsire\n|-damage|p1a: Clodsire|0 fnt\n|faint|p1a: Clodsire\n|\n|upkeep\n|\n|t:|1700580821\n|switch|p1a: Ribombee|Ribombee, F, shiny|100\/100\n|turn|22\n|\n|t:|1700580828\n|switch|p2a: Iron Valiant|Iron Valiant|100\/100\n|-enditem|p2a: Iron Valiant|Booster Energy\n|-activate|p2a: Iron Valiant|ability: Quark Drive|[fromitem]\n|-start|p2a: Iron Valiant|quarkdrivespe\n|move|p1a: Ribombee|Quiver Dance|p1a: Ribombee\n|-boost|p1a: Ribombee|spa|1\n|-boost|p1a: Ribombee|spd|1\n|-boost|p1a: Ribombee|spe|1\n|\n|upkeep\n|turn|23\n|\n|t:|1700580836\n|-terastallize|p2a: Iron Valiant|Fire\n|move|p2a: Iron Valiant|Swords Dance|p2a: Iron Valiant\n|-boost|p2a: Iron Valiant|atk|2\n|move|p1a: Ribombee|Quiver Dance|p1a: Ribombee\n|-boost|p1a: Ribombee|spa|1\n|-boost|p1a: Ribombee|spd|1\n|-boost|p1a: Ribombee|spe|1\n|\n|upkeep\n|turn|24\n|\n|t:|1700580845\n|move|p1a: Ribombee|Quiver Dance|p1a: Ribombee\n|-boost|p1a: Ribombee|spa|1\n|-boost|p1a: Ribombee|spd|1\n|-boost|p1a: Ribombee|spe|1\n|move|p2a: Iron Valiant|Tera Blast|p1a: Ribombee|[anim] Tera Blast Fire\n|-supereffective|p1a: Ribombee\n|-enditem|p1a: Ribombee|Focus Sash\n|-damage|p1a: Ribombee|1\/100\n|\n|upkeep\n|turn|25\n|\n|t:|1700580854\n|move|p1a: Ribombee|Draining Kiss|p2a: Iron Valiant\n|-resisted|p2a: Iron Valiant\n|-damage|p2a: Iron Valiant|39\/100\n|-heal|p1a: Ribombee|52\/100|[from] drain|[of] p2a: Iron Valiant\n|move|p2a: Iron Valiant|Tera Blast|p1a: Ribombee|[anim] Tera Blast Fire\n|-supereffective|p1a: Ribombee\n|-damage|p1a: Ribombee|0 fnt\n|faint|p1a: Ribombee\n|\n|upkeep\n|\n|t:|1700580861\n|switch|p1a: Kingambit|Kingambit, M|100\/100\n|-activate|p1a: Kingambit|ability: Supreme Overlord\n|-start|p1a: Kingambit|fallen4|[silent]\n|turn|26\n|\n|t:|1700580873\n|move|p1a: Kingambit|Sucker Punch|p2a: Iron Valiant\n|-crit|p2a: Iron Valiant\n|-damage|p2a: Iron Valiant|0 fnt\n|faint|p2a: Iron Valiant\n|-end|p2a: Iron Valiant|Quark Drive|[silent]\n|-damage|p1a: Kingambit|91\/100|[from] item: Life Orb\n|\n|upkeep\n|\n|t:|1700580877\n|switch|p2a: Kommo-o|Kommo-o, F|100\/100\n|turn|27\n|\n|t:|1700580887\n|move|p2a: Kommo-o|Clangorous Soul|p2a: Kommo-o\n|-boost|p2a: Kommo-o|atk|1\n|-boost|p2a: Kommo-o|def|1\n|-boost|p2a: Kommo-o|spa|1\n|-boost|p2a: Kommo-o|spd|1\n|-boost|p2a: Kommo-o|spe|1\n|-damage|p2a: Kommo-o|68\/100\n|-enditem|p2a: Kommo-o|Throat Spray\n|-boost|p2a: Kommo-o|spa|1|[from] item: Throat Spray\n|move|p1a: Kingambit|Poison Jab|p2a: Kommo-o\n|-damage|p2a: Kommo-o|27\/100\n|-status|p2a: Kommo-o|psn\n|-damage|p1a: Kingambit|81\/100|[from] item: Life Orb\n|\n|-damage|p2a: Kommo-o|15\/100 psn|[from] psn\n|upkeep\n|turn|28\n|\n|t:|1700580900\n|move|p1a: Kingambit|Sucker Punch|p2a: Kommo-o\n|-resisted|p2a: Kommo-o\n|-damage|p2a: Kommo-o|0 fnt\n|faint|p2a: Kommo-o\n|-damage|p1a: Kingambit|71\/100|[from] item: Life Orb\n|\n|upkeep\n|\n|t:|1700580902\n|switch|p2a: Thundurus|Thundurus-Therian, M|100\/100\n|turn|29\n|\n|t:|1700580907\n|move|p1a: Kingambit|Sucker Punch|p2a: Thundurus\n|-damage|p2a: Thundurus|0 fnt\n|faint|p2a: Thundurus\n|-damage|p1a: Kingambit|61\/100|[from] item: Life Orb\n|\n|win|ChronoShadowGx\n|raw|ChronoShadowGx's rating: 1156 &rarr; <strong>1185<\/strong><br \/>(+29 for winning)\n|raw|bellofigogucciboy's rating: 1215 &rarr; <strong>1186<\/strong><br \/>(-29 for losing)\n|l|\u2606bellofigogucciboy\n|c|\u2606ChronoShadowGx|gg\n","uploadtime":1700580937,"views":1,"p1id":"chronoshadowgx","p2id":"bellofigogucciboy","formatid":"gen9ou","rating":1185,"private":0,"password":""}