{"id":"gen9ou-1988627787","p1":"MrGus03","p2":"Championship Team","format":"[Gen 9] OU","log":"|j|\u2606MrGus03\n|j|\u2606Championship Team\n|t:|1699743653\n|gametype|singles\n|player|p1|MrGus03|red|1065\n|player|p2|Championship Team|265|1029\n|teamsize|p1|6\n|teamsize|p2|6\n|gen|9\n|tier|[Gen 9] OU\n|rated|\n|rule|Sleep Clause Mod: Limit one foe put to sleep\n|rule|Species Clause: Limit one of each Pok\u00e9mon\n|rule|OHKO Clause: OHKO moves are banned\n|rule|Evasion Items Clause: Evasion items are banned\n|rule|Evasion Moves Clause: Evasion moves are banned\n|rule|Endless Battle Clause: Forcing endless battles is banned\n|rule|HP Percentage Mod: HP is shown in percentages\n|clearpoke\n|poke|p1|Farigiraf, M|\n|poke|p1|Ditto|\n|poke|p1|Altaria, F|\n|poke|p1|Primeape, M|\n|poke|p1|Hatterene, F|\n|poke|p1|Toedscruel, M|\n|poke|p2|Infernape, F|\n|poke|p2|Gliscor, M|\n|poke|p2|Magnezone|\n|poke|p2|Garchomp, F|\n|poke|p2|Weavile, F|\n|poke|p2|Spiritomb, F|\n|teampreview\n|\n|t:|1699743659\n|start\n|switch|p1a: Toedscruel|Toedscruel, M|100\/100\n|switch|p2a: Garchomp|Garchomp, F|100\/100\n|turn|1\n|\n|t:|1699743671\n|move|p2a: Garchomp|Liquidation|p1a: Toedscruel\n|-damage|p1a: Toedscruel|54\/100\n|move|p1a: Toedscruel|Toxic|p2a: Garchomp\n|-status|p2a: Garchomp|tox\n|\n|-heal|p1a: Toedscruel|60\/100|[from] item: Leftovers\n|-damage|p2a: Garchomp|94\/100 tox|[from] psn\n|upkeep\n|turn|2\n|\n|t:|1699743683\n|move|p2a: Garchomp|Liquidation|p1a: Toedscruel\n|-damage|p1a: Toedscruel|15\/100\n|move|p1a: Toedscruel|Energy Ball|p2a: Garchomp\n|-damage|p2a: Garchomp|59\/100 tox\n|-unboost|p2a: Garchomp|spd|1\n|\n|-heal|p1a: Toedscruel|21\/100|[from] item: Leftovers\n|-damage|p2a: Garchomp|46\/100 tox|[from] psn\n|upkeep\n|turn|3\n|\n|t:|1699743711\n|move|p2a: Garchomp|Liquidation|p1a: Toedscruel\n|-damage|p1a: Toedscruel|0 fnt\n|faint|p1a: Toedscruel\n|\n|-damage|p2a: Garchomp|28\/100 tox|[from] psn\n|upkeep\n|\n|t:|1699743730\n|switch|p1a: Ditto|Ditto|100\/100\n|-transform|p1a: Ditto|p2a: Garchomp|[from] ability: Imposter\n|turn|4\n|\n|t:|1699743743\n|switch|p1a: Hatterene|Hatterene, F|100\/100\n|move|p2a: Garchomp|Dragon Claw|p1a: Hatterene\n|-immune|p1a: Hatterene\n|\n|-damage|p2a: Garchomp|3\/100 tox|[from] psn\n|upkeep\n|turn|5\n|\n|t:|1699743756\n|-terastallize|p2a: Garchomp|Steel\n|move|p2a: Garchomp|Tera Blast|p1a: Hatterene|[anim] Tera Blast Steel\n|-supereffective|p1a: Hatterene\n|-damage|p1a: Hatterene|15\/100\n|move|p1a: Hatterene|Calm Mind|p1a: Hatterene\n|-boost|p1a: Hatterene|spa|1\n|-boost|p1a: Hatterene|spd|1\n|\n|-heal|p1a: Hatterene|21\/100|[from] item: Leftovers\n|-damage|p2a: Garchomp|0 fnt|[from] psn\n|faint|p2a: Garchomp\n|upkeep\n|\n|t:|1699743770\n|switch|p2a: Infernape|Infernape, F|100\/100\n|turn|6\n|\n|t:|1699743774\n|move|p2a: Infernape|Poison Jab|p1a: Hatterene\n|-supereffective|p1a: Hatterene\n|-damage|p1a: Hatterene|0 fnt\n|faint|p1a: Hatterene\n|\n|upkeep\n|\n|t:|1699743779\n|switch|p1a: Farigiraf|Farigiraf, M|100\/100\n|turn|7\n|\n|t:|1699743787\n|switch|p2a: Spiritomb|Spiritomb, F|100\/100\n|move|p1a: Farigiraf|Dazzling Gleam|p2a: Spiritomb\n|-supereffective|p2a: Spiritomb\n|-damage|p2a: Spiritomb|39\/100\n|\n|-heal|p2a: Spiritomb|45\/100|[from] item: Leftovers\n|upkeep\n|turn|8\n|\n|t:|1699743795\n|move|p2a: Spiritomb|Protect|p2a: Spiritomb\n|-singleturn|p2a: Spiritomb|Protect\n|move|p1a: Farigiraf|Dazzling Gleam|p2a: Spiritomb\n|-activate|p2a: Spiritomb|move: Protect\n|\n|-heal|p2a: Spiritomb|51\/100|[from] item: Leftovers\n|upkeep\n|turn|9\n|\n|t:|1699743802\n|switch|p2a: Magnezone|Magnezone|100\/100\n|move|p1a: Farigiraf|Dazzling Gleam|p2a: Magnezone\n|-resisted|p2a: Magnezone\n|-damage|p2a: Magnezone|87\/100\n|\n|upkeep\n|turn|10\n|\n|t:|1699743808\n|move|p1a: Farigiraf|Future Sight|p2a: Magnezone\n|-start|p1a: Farigiraf|move: Future Sight\n|move|p2a: Magnezone|Light Screen|p2a: Magnezone\n|-sidestart|p2: Championship Team|move: Light Screen\n|\n|upkeep\n|turn|11\n|\n|t:|1699743821\n|switch|p1a: Altaria|Altaria, F|100\/100\n|move|p2a: Magnezone|Thunder Wave|p1a: Altaria\n|-status|p1a: Altaria|par\n|\n|upkeep\n|turn|12\n|\n|t:|1699743826\n|move|p2a: Magnezone|Volt Switch|p1a: Altaria\n|-damage|p1a: Altaria|68\/100 par\n|\n|t:|1699743829\n|switch|p2a: Weavile|Weavile, F|100\/100|[from] Volt Switch\n|-ability|p2a: Weavile|Pressure\n|cant|p1a: Altaria|par\n|\n|-end|p2a: Weavile|move: Future Sight\n|-immune|p2a: Weavile\n|upkeep\n|turn|13\n|\n|t:|1699743844\n|-curestatus|p1a: Altaria|par|[from] ability: Natural Cure\n|switch|p1a: Primeape|Primeape, M, shiny|100\/100\n|move|p2a: Weavile|Ice Spinner|p1a: Primeape\n|-damage|p1a: Primeape|34\/100\n|-damage|p2a: Weavile|91\/100|[from] item: Life Orb\n|\n|upkeep\n|turn|14\n|\n|t:|1699743854\n|move|p2a: Weavile|Ice Spinner|p1a: Primeape\n|-damage|p1a: Primeape|0 fnt\n|faint|p1a: Primeape\n|-damage|p2a: Weavile|81\/100|[from] item: Life Orb\n|\n|-sideend|p2: Championship Team|move: Light Screen\n|upkeep\n|\n|t:|1699743863\n|switch|p1a: Farigiraf|Farigiraf, M|100\/100\n|turn|15\n|\n|t:|1699743868\n|move|p2a: Weavile|X-Scissor|p1a: Farigiraf\n|-supereffective|p1a: Farigiraf\n|-damage|p1a: Farigiraf|40\/100\n|-damage|p2a: Weavile|71\/100|[from] item: Life Orb\n|move|p1a: Farigiraf|Dazzling Gleam|p2a: Weavile\n|-supereffective|p2a: Weavile\n|-damage|p2a: Weavile|0 fnt\n|faint|p2a: Weavile\n|\n|upkeep\n|\n|t:|1699743877\n|switch|p2a: Magnezone|Magnezone|87\/100\n|turn|16\n|\n|t:|1699743883\n|move|p2a: Magnezone|Thunder Wave|p1a: Farigiraf\n|-status|p1a: Farigiraf|par\n|move|p1a: Farigiraf|Charge Beam|p2a: Magnezone\n|-resisted|p2a: Magnezone\n|-damage|p2a: Magnezone|78\/100\n|-boost|p1a: Farigiraf|spa|1\n|\n|upkeep\n|turn|17\n|\n|t:|1699743893\n|move|p2a: Magnezone|Light Screen|p2a: Magnezone\n|-sidestart|p2: Championship Team|move: Light Screen\n|move|p1a: Farigiraf|Twin Beam|p2a: Magnezone\n|-resisted|p2a: Magnezone\n|-damage|p2a: Magnezone|70\/100\n|-resisted|p2a: Magnezone\n|-damage|p2a: Magnezone|62\/100\n|-hitcount|p2a: Magnezone|2\n|\n|upkeep\n|turn|18\n|\n|t:|1699743901\n|move|p2a: Magnezone|Volt Switch|p1a: Farigiraf\n|-damage|p1a: Farigiraf|18\/100 par\n|\n|t:|1699743905\n|switch|p2a: Spiritomb|Spiritomb, F|51\/100|[from] Volt Switch\n|move|p1a: Farigiraf|Charge Beam|p2a: Spiritomb\n|-crit|p2a: Spiritomb\n|-damage|p2a: Spiritomb|11\/100\n|\n|-heal|p2a: Spiritomb|17\/100|[from] item: Leftovers\n|upkeep\n|turn|19\n|\n|t:|1699743914\n|move|p2a: Spiritomb|Protect|p2a: Spiritomb\n|-singleturn|p2a: Spiritomb|Protect\n|cant|p1a: Farigiraf|par\n|\n|-heal|p2a: Spiritomb|23\/100|[from] item: Leftovers\n|upkeep\n|turn|20\n|\n|t:|1699743926\n|move|p2a: Spiritomb|Protect||[still]\n|-fail|p2a: Spiritomb\n|cant|p1a: Farigiraf|par\n|\n|-heal|p2a: Spiritomb|29\/100|[from] item: Leftovers\n|upkeep\n|turn|21\n|\n|t:|1699743939\n|move|p2a: Spiritomb|Protect|p2a: Spiritomb\n|-singleturn|p2a: Spiritomb|Protect\n|move|p1a: Farigiraf|Dazzling Gleam|p2a: Spiritomb\n|-activate|p2a: Spiritomb|move: Protect\n|\n|-heal|p2a: Spiritomb|36\/100|[from] item: Leftovers\n|-sideend|p2: Championship Team|move: Light Screen\n|upkeep\n|turn|22\n|\n|t:|1699743944\n|move|p2a: Spiritomb|Substitute|p2a: Spiritomb\n|-start|p2a: Spiritomb|Substitute\n|-damage|p2a: Spiritomb|11\/100\n|move|p1a: Farigiraf|Dazzling Gleam|p2a: Spiritomb\n|-supereffective|p2a: Spiritomb\n|-end|p2a: Spiritomb|Substitute\n|\n|-heal|p2a: Spiritomb|17\/100|[from] item: Leftovers\n|upkeep\n|turn|23\n|\n|t:|1699743955\n|move|p2a: Spiritomb|Destiny Bond|p2a: Spiritomb\n|-singlemove|p2a: Spiritomb|Destiny Bond\n|cant|p1a: Farigiraf|par\n|\n|-heal|p2a: Spiritomb|23\/100|[from] item: Leftovers\n|upkeep\n|turn|24\n|\n|t:|1699743965\n|move|p2a: Spiritomb|Toxic||[still]\n|-fail|p2a: Spiritomb\n|cant|p1a: Farigiraf|par\n|\n|-heal|p2a: Spiritomb|29\/100|[from] item: Leftovers\n|upkeep\n|turn|25\n|\n|t:|1699743968\n|move|p2a: Spiritomb|Destiny Bond|p2a: Spiritomb\n|-singlemove|p2a: Spiritomb|Destiny Bond\n|cant|p1a: Farigiraf|par\n|\n|-heal|p2a: Spiritomb|36\/100|[from] item: Leftovers\n|upkeep\n|turn|26\n|\n|t:|1699743973\n|move|p2a: Spiritomb|Protect|p2a: Spiritomb\n|-singleturn|p2a: Spiritomb|Protect\n|move|p1a: Farigiraf|Dazzling Gleam|p2a: Spiritomb\n|-activate|p2a: Spiritomb|move: Protect\n|\n|-heal|p2a: Spiritomb|42\/100|[from] item: Leftovers\n|upkeep\n|turn|27\n|\n|t:|1699743976\n|move|p2a: Spiritomb|Destiny Bond|p2a: Spiritomb\n|-singlemove|p2a: Spiritomb|Destiny Bond\n|cant|p1a: Farigiraf|par\n|\n|-heal|p2a: Spiritomb|48\/100|[from] item: Leftovers\n|upkeep\n|turn|28\n|c|\u2606MrGus03|Ahhh\n|\n|t:|1699743993\n|switch|p2a: Magnezone|Magnezone|62\/100\n|move|p1a: Farigiraf|Dazzling Gleam|p2a: Magnezone\n|-resisted|p2a: Magnezone\n|-damage|p2a: Magnezone|42\/100\n|\n|upkeep\n|turn|29\n|\n|t:|1699743999\n|move|p2a: Magnezone|Light Screen|p2a: Magnezone\n|-sidestart|p2: Championship Team|move: Light Screen\n|cant|p1a: Farigiraf|par\n|\n|upkeep\n|turn|30\n|\n|t:|1699744003\n|move|p2a: Magnezone|Volt Switch|p1a: Farigiraf\n|-crit|p1a: Farigiraf\n|-damage|p1a: Farigiraf|0 fnt\n|faint|p1a: Farigiraf\n|\n|t:|1699744007\n|switch|p2a: Spiritomb|Spiritomb, F|48\/100|[from] Volt Switch\n|\n|-heal|p2a: Spiritomb|54\/100|[from] item: Leftovers\n|upkeep\n|\n|t:|1699744010\n|switch|p1a: Altaria|Altaria, F|68\/100\n|turn|31\n|\n|t:|1699744016\n|move|p2a: Spiritomb|Protect|p2a: Spiritomb\n|-singleturn|p2a: Spiritomb|Protect\n|move|p1a: Altaria|Dragon Claw|p2a: Spiritomb\n|-activate|p2a: Spiritomb|move: Protect\n|\n|-heal|p2a: Spiritomb|60\/100|[from] item: Leftovers\n|upkeep\n|turn|32\n|\n|t:|1699744027\n|switch|p2a: Infernape|Infernape, F|100\/100\n|move|p1a: Altaria|Dragon Claw|p2a: Infernape\n|-damage|p2a: Infernape|53\/100\n|\n|upkeep\n|turn|33\n|\n|t:|1699744031\n|move|p2a: Infernape|Thunder Punch|p1a: Altaria\n|-damage|p1a: Altaria|27\/100\n|move|p1a: Altaria|Acrobatics|p2a: Infernape\n|-supereffective|p2a: Infernape\n|-damage|p2a: Infernape|0 fnt\n|faint|p2a: Infernape\n|\n|-sideend|p2: Championship Team|move: Light Screen\n|upkeep\n|\n|t:|1699744036\n|switch|p2a: Magnezone|Magnezone|42\/100\n|turn|34\n|\n|t:|1699744039\n|move|p1a: Altaria|Earthquake|p2a: Magnezone\n|-supereffective|p2a: Magnezone\n|-damage|p2a: Magnezone|0 fnt\n|faint|p2a: Magnezone\n|\n|upkeep\n|\n|t:|1699744043\n|switch|p2a: Spiritomb|Spiritomb, F|60\/100\n|turn|35\n|\n|t:|1699744047\n|move|p1a: Altaria|Dragon Dance|p1a: Altaria\n|-boost|p1a: Altaria|atk|1\n|-boost|p1a: Altaria|spe|1\n|move|p2a: Spiritomb|Toxic|p1a: Altaria\n|-status|p1a: Altaria|tox\n|\n|-heal|p2a: Spiritomb|67\/100|[from] item: Leftovers\n|-damage|p1a: Altaria|20\/100 tox|[from] psn\n|upkeep\n|turn|36\n|\n|t:|1699744054\n|move|p2a: Spiritomb|Protect|p2a: Spiritomb\n|-singleturn|p2a: Spiritomb|Protect\n|move|p1a: Altaria|Dragon Dance|p1a: Altaria\n|-boost|p1a: Altaria|atk|1\n|-boost|p1a: Altaria|spe|1\n|\n|-heal|p2a: Spiritomb|73\/100|[from] item: Leftovers\n|-damage|p1a: Altaria|8\/100 tox|[from] psn\n|upkeep\n|turn|37\n|\n|t:|1699744060\n|move|p2a: Spiritomb|Protect||[still]\n|-fail|p2a: Spiritomb\n|move|p1a: Altaria|Acrobatics|p2a: Spiritomb\n|-damage|p2a: Spiritomb|0 fnt\n|faint|p2a: Spiritomb\n|\n|-damage|p1a: Altaria|0 fnt|[from] psn\n|faint|p1a: Altaria\n|upkeep\n|\n|t:|1699744066\n|switch|p1a: Ditto|Ditto|100\/100\n|switch|p2a: Gliscor|Gliscor, M|100\/100\n|-transform|p1a: Ditto|p2a: Gliscor|[from] ability: Imposter\n|turn|38\n|\n|t:|1699744075\n|move|p1a: Ditto|Crabhammer|p2a: Gliscor\n|-supereffective|p2a: Gliscor\n|-damage|p2a: Gliscor|55\/100\n|move|p2a: Gliscor|Crabhammer|p1a: Ditto\n|-supereffective|p1a: Ditto\n|-damage|p1a: Ditto|60\/100\n|\n|-status|p2a: Gliscor|tox|[from] item: Toxic Orb\n|upkeep\n|turn|39\n|\n|t:|1699744081\n|move|p2a: Gliscor|Facade|p1a: Ditto\n|-damage|p1a: Ditto|28\/100\n|move|p1a: Ditto|Crabhammer|p2a: Gliscor\n|-supereffective|p2a: Gliscor\n|-crit|p2a: Gliscor\n|-damage|p2a: Gliscor|0 fnt\n|faint|p2a: Gliscor\n|\n|win|MrGus03\n|raw|MrGus03's rating: 1065 &rarr; <strong>1092<\/strong><br \/>(+27 for winning)\n|raw|Championship Team's rating: 1029 &rarr; <strong>1016<\/strong><br \/>(-13 for losing)\n|l|\u2606Championship Team\n","uploadtime":1699744117,"views":10,"p1id":"mrgus03","p2id":"championshipteam","formatid":"gen9ou","rating":1016,"private":0,"password":""}