{"id":"gen9ou-1995969446","p1":"Onte bad","p2":"SirPops","format":"[Gen 9] OU","log":"|j|\u2606Onte bad\n|j|\u2606SirPops\n|t:|1700623427\n|gametype|singles\n|player|p1|Onte bad|169|1161\n|player|p2|SirPops|red|1085\n|teamsize|p1|6\n|teamsize|p2|6\n|gen|9\n|tier|[Gen 9] OU\n|rated|\n|rule|Sleep Clause Mod: Limit one foe put to sleep\n|rule|Species Clause: Limit one of each Pok\u00e9mon\n|rule|OHKO Clause: OHKO moves are banned\n|rule|Evasion Items Clause: Evasion items are banned\n|rule|Evasion Moves Clause: Evasion moves are banned\n|rule|Endless Battle Clause: Forcing endless battles is banned\n|rule|HP Percentage Mod: HP is shown in percentages\n|clearpoke\n|poke|p1|Regidrago|\n|poke|p1|Ribombee, F|\n|poke|p1|Scizor, M|\n|poke|p1|Slowking-Galar, M|\n|poke|p1|Breloom, F|\n|poke|p1|Quaquaval, F|\n|poke|p2|Infernape, M|\n|poke|p2|Oranguru, F|\n|poke|p2|Noivern, M|\n|poke|p2|Empoleon, M|\n|poke|p2|Torterra, F|\n|poke|p2|Electrode|\n|teampreview\n|\n|t:|1700623436\n|start\n|switch|p1a: Scizor|Scizor, M|100\/100\n|switch|p2a: the fingerer|Oranguru, F|100\/100\n|turn|1\n|\n|t:|1700623500\n|move|p1a: Scizor|U-turn|p2a: the fingerer\n|-supereffective|p2a: the fingerer\n|-damage|p2a: the fingerer|0 fnt\n|faint|p2a: the fingerer\n|\n|t:|1700623521\n|switch|p1a: Ribombee|Ribombee, F|100\/100|[from] U-turn\n|\n|upkeep\n|\n|t:|1700623542\n|switch|p2a: death|Empoleon, M|100\/100\n|turn|2\n|\n|t:|1700623545\n|move|p1a: Ribombee|Sticky Web|p2a: death\n|-sidestart|p2: SirPops|move: Sticky Web\n|move|p2a: death|Steel Beam|p1a: Ribombee\n|-supereffective|p1a: Ribombee\n|-enditem|p1a: Ribombee|Focus Sash\n|-damage|p1a: Ribombee|1\/100\n|-damage|p2a: death|50\/100|[from] steelbeam\n|\n|upkeep\n|turn|3\n|\n|t:|1700623562\n|switch|p1a: Quaquaval|Quaquaval, F|100\/100\n|move|p2a: death|Steel Beam|p1a: Quaquaval\n|-resisted|p1a: Quaquaval\n|-damage|p1a: Quaquaval|63\/100\n|-damage|p2a: death|0 fnt|[from] steelbeam\n|faint|p2a: death\n|\n|upkeep\n|\n|t:|1700623565\n|switch|p2a: boioioioioing|Noivern, M|100\/100\n|turn|4\n|\n|t:|1700623571\n|switch|p1a: Ribombee|Ribombee, F|1\/100\n|move|p2a: boioioioioing|Hurricane|p1a: Ribombee|[miss]\n|-miss|p2a: boioioioioing|p1a: Ribombee\n|\n|upkeep\n|turn|5\n|\n|t:|1700623590\n|move|p1a: Ribombee|Moonblast|p2a: boioioioioing\n|-supereffective|p2a: boioioioioing\n|-enditem|p2a: boioioioioing|Focus Sash\n|-damage|p2a: boioioioioing|1\/100\n|move|p2a: boioioioioing|Boomburst|p1a: Ribombee\n|-damage|p1a: Ribombee|0 fnt\n|faint|p1a: Ribombee\n|\n|upkeep\n|\n|t:|1700623594\n|switch|p1a: Slowking|Slowking-Galar, M|100\/100\n|turn|6\n|\n|t:|1700623625\n|move|p2a: boioioioioing|Hurricane|p1a: Slowking\n|-damage|p1a: Slowking|74\/100\n|move|p1a: Slowking|Ice Beam|p2a: boioioioioing\n|-supereffective|p2a: boioioioioing\n|-damage|p2a: boioioioioing|0 fnt\n|faint|p2a: boioioioioing\n|\n|upkeep\n|\n|t:|1700623631\n|switch|p2a: ifartedmypants|Torterra, F|100\/100\n|-activate|p2a: ifartedmypants|move: Sticky Web\n|-unboost|p2a: ifartedmypants|spe|1\n|turn|7\n|-activate|p2a: ifartedmypants|item: Quick Claw\n|\n|t:|1700623657\n|move|p2a: ifartedmypants|Earthquake|p1a: Slowking\n|-supereffective|p1a: Slowking\n|-damage|p1a: Slowking|0 fnt\n|faint|p1a: Slowking\n|\n|upkeep\n|\n|t:|1700623666\n|switch|p1a: Scizor|Scizor, M|100\/100\n|turn|8\n|\n|t:|1700623686\n|switch|p2a: ihateeverything|Infernape, M|100\/100\n|-activate|p2a: ihateeverything|move: Sticky Web\n|-unboost|p2a: ihateeverything|spe|1\n|move|p1a: Scizor|U-turn|p2a: ihateeverything\n|-resisted|p2a: ihateeverything\n|-crit|p2a: ihateeverything\n|-damage|p2a: ihateeverything|66\/100\n|\n|t:|1700623692\n|switch|p1a: Quaquaval|Quaquaval, F|63\/100|[from] U-turn\n|\n|upkeep\n|turn|9\n|\n|t:|1700623727\n|-terastallize|p2a: ihateeverything|Grass\n|move|p1a: Quaquaval|Aqua Step|p2a: ihateeverything\n|-resisted|p2a: ihateeverything\n|-damage|p2a: ihateeverything|34\/100\n|-boost|p1a: Quaquaval|spe|1\n|move|p2a: ihateeverything|Thunder Punch|p1a: Quaquaval\n|-supereffective|p1a: Quaquaval\n|-damage|p1a: Quaquaval|0 fnt\n|faint|p1a: Quaquaval\n|\n|upkeep\n|\n|t:|1700623742\n|switch|p1a: Regidrago|Regidrago|100\/100\n|turn|10\n|inactive|Battle timer is ON: inactive players will automatically lose when time's up. (requested by Onte bad)\n|\n|t:|1700623772\n|-terastallize|p1a: Regidrago|Dragon\n|move|p1a: Regidrago|Dragon Energy|p2a: ihateeverything\n|-damage|p2a: ihateeverything|0 fnt\n|faint|p2a: ihateeverything\n|\n|upkeep\n|\n|t:|1700623776\n|switch|p2a: mr roofies|Electrode|100\/100\n|-activate|p2a: mr roofies|move: Sticky Web\n|-unboost|p2a: mr roofies|spe|1\n|turn|11\n|\n|t:|1700623798\n|move|p1a: Regidrago|Dragon Energy|p2a: mr roofies\n|-damage|p2a: mr roofies|0 fnt\n|faint|p2a: mr roofies\n|\n|upkeep\n|\n|t:|1700623804\n|switch|p2a: ifartedmypants|Torterra, F|100\/100\n|-activate|p2a: ifartedmypants|move: Sticky Web\n|-unboost|p2a: ifartedmypants|spe|1\n|turn|12\n|\n|t:|1700623809\n|move|p1a: Regidrago|Dragon Energy|p2a: ifartedmypants\n|-damage|p2a: ifartedmypants|0 fnt\n|faint|p2a: ifartedmypants\n|\n|win|Onte bad\n|raw|Onte bad's rating: 1161 &rarr; <strong>1182<\/strong><br \/>(+21 for winning)\n|raw|SirPops's rating: 1107 &rarr; <strong>1086<\/strong><br \/>(-21 for losing)\n|c|\u2606Onte bad|ggs\n","uploadtime":1700623814,"views":0,"p1id":"ontebad","p2id":"sirpops","formatid":"gen9ou","rating":1086,"private":0,"password":""}