{"id":"gen9ou-1995281377","p1":"abber4ti0n","p2":"Fantasy64","format":"[Gen 9] OU","log":"|j|\u2606abber4ti0n\n|j|\u2606Fantasy64\n|t:|1700546194\n|gametype|singles\n|player|p1|abber4ti0n|burglar|1070\n|player|p2|Fantasy64|170|1028\n|teamsize|p1|6\n|teamsize|p2|6\n|gen|9\n|tier|[Gen 9] OU\n|rated|\n|rule|Sleep Clause Mod: Limit one foe put to sleep\n|rule|Species Clause: Limit one of each Pok\u00e9mon\n|rule|OHKO Clause: OHKO moves are banned\n|rule|Evasion Items Clause: Evasion items are banned\n|rule|Evasion Moves Clause: Evasion moves are banned\n|rule|Endless Battle Clause: Forcing endless battles is banned\n|rule|HP Percentage Mod: HP is shown in percentages\n|clearpoke\n|poke|p1|Torkoal, M|\n|poke|p1|Walking Wake|\n|poke|p1|Great Tusk|\n|poke|p1|Typhlosion-Hisui, M|\n|poke|p1|Hatterene, F|\n|poke|p1|Dragonite, M|\n|poke|p2|Ceruledge, M|\n|poke|p2|Great Tusk|\n|poke|p2|Dragapult, F|\n|poke|p2|Umbreon, F|\n|poke|p2|Glimmora, M|\n|poke|p2|Heatran, M|\n|teampreview\n|\n|t:|1700546209\n|start\n|switch|p1a: Walking Wake|Walking Wake|100\/100\n|switch|p2a: Glimmora|Glimmora, M|100\/100\n|turn|1\n|\n|t:|1700546227\n|move|p1a: Walking Wake|Hydro Steam|p2a: Glimmora\n|-supereffective|p2a: Glimmora\n|-enditem|p2a: Glimmora|Focus Sash\n|-damage|p2a: Glimmora|1\/100\n|move|p2a: Glimmora|Toxic Spikes|p1a: Walking Wake\n|-sidestart|p1: abber4ti0n|move: Toxic Spikes\n|\n|upkeep\n|turn|2\n|\n|t:|1700546254\n|-end|p1a: Walking Wake|Protosynthesis|[silent]\n|switch|p1a: Dragonite|Dragonite, M|100\/100\n|move|p2a: Glimmora|Toxic Spikes|p1a: Dragonite\n|-sidestart|p1: abber4ti0n|move: Toxic Spikes\n|\n|upkeep\n|turn|3\n|\n|t:|1700546263\n|move|p2a: Glimmora|Toxic|p1a: Dragonite\n|-status|p1a: Dragonite|tox\n|move|p1a: Dragonite|Dragon Dance|p1a: Dragonite\n|-boost|p1a: Dragonite|atk|1\n|-boost|p1a: Dragonite|spe|1\n|\n|-damage|p1a: Dragonite|94\/100 tox|[from] psn\n|upkeep\n|turn|4\n|\n|t:|1700546272\n|move|p1a: Dragonite|Earthquake|p2a: Glimmora\n|-supereffective|p2a: Glimmora\n|-damage|p2a: Glimmora|0 fnt\n|faint|p2a: Glimmora\n|\n|-damage|p1a: Dragonite|82\/100 tox|[from] psn\n|upkeep\n|\n|t:|1700546286\n|switch|p2a: Umbreon|Umbreon, F|100\/100\n|turn|5\n|\n|t:|1700546294\n|switch|p1a: Torkoal|Torkoal, M|100\/100\n|-status|p1a: Torkoal|tox\n|-weather|SunnyDay|[from] ability: Drought|[of] p1a: Torkoal\n|move|p2a: Umbreon|Foul Play|p1a: Torkoal\n|-damage|p1a: Torkoal|85\/100 tox\n|\n|-weather|SunnyDay|[upkeep]\n|-damage|p1a: Torkoal|79\/100 tox|[from] psn\n|upkeep\n|turn|6\n|\n|t:|1700546316\n|move|p2a: Umbreon|Protect|p2a: Umbreon\n|-singleturn|p2a: Umbreon|Protect\n|move|p1a: Torkoal|Yawn|p2a: Umbreon\n|-activate|p2a: Umbreon|move: Protect\n|\n|-weather|SunnyDay|[upkeep]\n|-damage|p1a: Torkoal|67\/100 tox|[from] psn\n|upkeep\n|turn|7\n|\n|t:|1700546327\n|move|p2a: Umbreon|Foul Play|p1a: Torkoal\n|-damage|p1a: Torkoal|52\/100 tox\n|move|p1a: Torkoal|Rapid Spin|p2a: Umbreon\n|-damage|p2a: Umbreon|93\/100\n|-boost|p1a: Torkoal|spe|1\n|-sideend|p1: abber4ti0n|Toxic Spikes|[from] move: Rapid Spin|[of] p1a: Torkoal\n|\n|-weather|SunnyDay|[upkeep]\n|-heal|p2a: Umbreon|99\/100|[from] item: Leftovers\n|-damage|p1a: Torkoal|34\/100 tox|[from] psn\n|upkeep\n|turn|8\n|\n|t:|1700546346\n|switch|p2a: Great Tusk|Great Tusk|100\/100\n|-activate|p2a: Great Tusk|ability: Protosynthesis\n|-start|p2a: Great Tusk|protosynthesisspe\n|switch|p1a: Great Tusk|Great Tusk|100\/100\n|-activate|p1a: Great Tusk|ability: Protosynthesis\n|-start|p1a: Great Tusk|protosynthesisatk\n|\n|-weather|SunnyDay|[upkeep]\n|upkeep\n|turn|9\n|\n|t:|1700546361\n|move|p2a: Great Tusk|Stealth Rock|p1a: Great Tusk\n|-sidestart|p1: abber4ti0n|move: Stealth Rock\n|move|p1a: Great Tusk|Ice Spinner|p2a: Great Tusk\n|-supereffective|p2a: Great Tusk\n|-damage|p2a: Great Tusk|53\/100\n|\n|-weather|SunnyDay|[upkeep]\n|upkeep\n|turn|10\n|\n|t:|1700546392\n|move|p1a: Great Tusk|Close Combat|p2a: Great Tusk\n|-damage|p2a: Great Tusk|3\/100\n|-unboost|p1a: Great Tusk|def|1\n|-unboost|p1a: Great Tusk|spd|1\n|-enditem|p1a: Great Tusk|Eject Pack\n|\n|t:|1700546414\n|-end|p1a: Great Tusk|Protosynthesis|[silent]\n|switch|p1a: Walking Wake|Walking Wake|100\/100\n|-damage|p1a: Walking Wake|88\/100|[from] Stealth Rock\n|-activate|p1a: Walking Wake|ability: Protosynthesis\n|-start|p1a: Walking Wake|protosynthesisspe\n|move|p2a: Great Tusk|Roar|p1a: Walking Wake\n|-end|p1a: Walking Wake|Protosynthesis|[silent]\n|drag|p1a: Dragonite|Dragonite, M|82\/100 tox\n|\n|-weather|SunnyDay|[upkeep]\n|-damage|p1a: Dragonite|76\/100 tox|[from] psn\n|upkeep\n|turn|11\n|\n|t:|1700546431\n|move|p1a: Dragonite|Dragon Dance|p1a: Dragonite\n|-boost|p1a: Dragonite|atk|1\n|-boost|p1a: Dragonite|spe|1\n|move|p2a: Great Tusk|Roar|p1a: Dragonite\n|drag|p1a: Walking Wake|Walking Wake|88\/100\n|-damage|p1a: Walking Wake|76\/100|[from] Stealth Rock\n|-activate|p1a: Walking Wake|ability: Protosynthesis\n|-start|p1a: Walking Wake|protosynthesisspe\n|\n|-weather|SunnyDay|[upkeep]\n|upkeep\n|turn|12\n|\n|t:|1700546440\n|move|p1a: Walking Wake|Hydro Steam|p2a: Great Tusk\n|-supereffective|p2a: Great Tusk\n|-damage|p2a: Great Tusk|0 fnt\n|faint|p2a: Great Tusk\n|-end|p2a: Great Tusk|Protosynthesis|[silent]\n|\n|-weather|none\n|-end|p1a: Walking Wake|Protosynthesis\n|upkeep\n|\n|t:|1700546445\n|switch|p2a: Umbreon|Umbreon, F|99\/100\n|turn|13\n|\n|t:|1700546454\n|-end|p1a: Walking Wake|Protosynthesis|[silent]\n|switch|p1a: Great Tusk|Great Tusk|100\/100\n|-damage|p1a: Great Tusk|98\/100|[from] Stealth Rock\n|move|p2a: Umbreon|Toxic|p1a: Great Tusk\n|-status|p1a: Great Tusk|tox\n|\n|-heal|p2a: Umbreon|100\/100|[from] item: Leftovers\n|-damage|p1a: Great Tusk|91\/100 tox|[from] psn\n|upkeep\n|turn|14\n|\n|t:|1700546470\n|move|p1a: Great Tusk|Knock Off|p2a: Umbreon\n|-resisted|p2a: Umbreon\n|-damage|p2a: Umbreon|86\/100\n|-enditem|p2a: Umbreon|Leftovers|[from] move: Knock Off|[of] p1a: Great Tusk\n|move|p2a: Umbreon|Wish|p2a: Umbreon\n|\n|-damage|p1a: Great Tusk|79\/100 tox|[from] psn\n|upkeep\n|turn|15\n|\n|t:|1700546503\n|-end|p1a: Great Tusk|Protosynthesis|[silent]\n|switch|p1a: Dragonite|Dragonite, M|76\/100 tox\n|move|p2a: Umbreon|Protect||[still]\n|-fail|p2a: Umbreon\n|\n|-heal|p2a: Umbreon|100\/100|[from] move: Wish|[wisher] Umbreon\n|-damage|p1a: Dragonite|70\/100 tox|[from] psn\n|upkeep\n|turn|16\n|\n|t:|1700546511\n|move|p1a: Dragonite|Roost|p1a: Dragonite\n|-heal|p1a: Dragonite|100\/100 tox\n|-singleturn|p1a: Dragonite|move: Roost\n|move|p2a: Umbreon|Foul Play|p1a: Dragonite\n|-crit|p1a: Dragonite\n|-damage|p1a: Dragonite|60\/100 tox\n|\n|-damage|p1a: Dragonite|47\/100 tox|[from] psn\n|upkeep\n|turn|17\n|\n|t:|1700546526\n|switch|p1a: Great Tusk|Great Tusk|79\/100 tox\n|-damage|p1a: Great Tusk|76\/100 tox|[from] Stealth Rock\n|move|p2a: Umbreon|Foul Play|p1a: Great Tusk\n|-resisted|p1a: Great Tusk\n|-damage|p1a: Great Tusk|57\/100 tox\n|\n|-damage|p1a: Great Tusk|51\/100 tox|[from] psn\n|upkeep\n|turn|18\n|\n|t:|1700546539\n|move|p2a: Umbreon|Protect|p2a: Umbreon\n|-singleturn|p2a: Umbreon|Protect\n|move|p1a: Great Tusk|Headlong Rush|p2a: Umbreon\n|-activate|p2a: Umbreon|move: Protect\n|\n|-damage|p1a: Great Tusk|39\/100 tox|[from] psn\n|upkeep\n|turn|19\n|\n|t:|1700546547\n|move|p1a: Great Tusk|Close Combat|p2a: Umbreon\n|-supereffective|p2a: Umbreon\n|-damage|p2a: Umbreon|0 fnt\n|-unboost|p1a: Great Tusk|def|1\n|-unboost|p1a: Great Tusk|spd|1\n|faint|p2a: Umbreon\n|\n|-damage|p1a: Great Tusk|20\/100 tox|[from] psn\n|upkeep\n|\n|t:|1700546555\n|switch|p2a: Dragapult|Dragapult, F|100\/100\n|turn|20\n|\n|t:|1700546565\n|-end|p1a: Great Tusk|Protosynthesis|[silent]\n|switch|p1a: Torkoal|Torkoal, M|34\/100 tox\n|-damage|p1a: Torkoal|9\/100 tox|[from] Stealth Rock\n|-weather|SunnyDay|[from] ability: Drought|[of] p1a: Torkoal\n|move|p2a: Dragapult|Hex|p1a: Torkoal\n|-damage|p1a: Torkoal|0 fnt\n|faint|p1a: Torkoal\n|-damage|p2a: Dragapult|91\/100|[from] item: Life Orb\n|\n|-weather|SunnyDay|[upkeep]\n|upkeep\n|\n|t:|1700546582\n|switch|p1a: Typhlosion|Typhlosion-Hisui, M|100\/100\n|-damage|p1a: Typhlosion|76\/100|[from] Stealth Rock\n|-item|p2a: Dragapult|Life Orb|[from] ability: Frisk|[of] p1a: Typhlosion|[identify]\n|turn|21\n|\n|t:|1700546591\n|move|p1a: Typhlosion|Shadow Ball|p2a: Dragapult\n|-supereffective|p2a: Dragapult\n|-damage|p2a: Dragapult|0 fnt\n|faint|p2a: Dragapult\n|\n|-weather|SunnyDay|[upkeep]\n|upkeep\n|-message|Fantasy64 forfeited.\n|\n|win|abber4ti0n\n|raw|abber4ti0n's rating: 1070 &rarr; <strong>1096<\/strong><br \/>(+26 for winning)\n|raw|Fantasy64's rating: 1028 &rarr; <strong>1016<\/strong><br \/>(-12 for losing)\n|l|\u2606Fantasy64\n","uploadtime":1700546607,"views":3,"p1id":"abber4ti0n","p2id":"fantasy64","formatid":"gen9ou","rating":1016,"private":0,"password":""}