{"id":"gen9ou-1990014012","p1":"PyxlFie","p2":"Sylwalker","format":"[Gen 9] OU","log":"|j|\u2606PyxlFie\n|j|\u2606Sylwalker\n|t:|1699915444\n|gametype|singles\n|player|p1|PyxlFie|pokemonranger-gen4|1135\n|player|p2|Sylwalker|102|1036\n|teamsize|p1|6\n|teamsize|p2|6\n|gen|9\n|tier|[Gen 9] OU\n|rated|\n|rule|Sleep Clause Mod: Limit one foe put to sleep\n|rule|Species Clause: Limit one of each Pok\u00e9mon\n|rule|OHKO Clause: OHKO moves are banned\n|rule|Evasion Items Clause: Evasion items are banned\n|rule|Evasion Moves Clause: Evasion moves are banned\n|rule|Endless Battle Clause: Forcing endless battles is banned\n|rule|HP Percentage Mod: HP is shown in percentages\n|clearpoke\n|poke|p1|Shaymin|\n|poke|p1|Jirachi|\n|poke|p1|Hoopa-Unbound|\n|poke|p1|Mesprit|\n|poke|p1|Uxie|\n|poke|p1|Azelf|\n|poke|p2|Arcanine-Hisui, M|\n|poke|p2|Ogerpon-Wellspring, F|\n|poke|p2|Kingambit, M|\n|poke|p2|Great Tusk|\n|poke|p2|Hatterene, F|\n|poke|p2|Goodra, M|\n|teampreview\n|inactive|Battle timer is ON: inactive players will automatically lose when time's up. (requested by PyxlFie)\n|inactive|Sylwalker has 120 seconds left.\n|\n|t:|1699915482\n|start\n|switch|p1a: Uxie|Uxie|100\/100\n|switch|p2a: Great Tusk|Great Tusk|100\/100\n|turn|1\n|\n|t:|1699915508\n|move|p1a: Uxie|U-turn|p2a: Great Tusk\n|-resisted|p2a: Great Tusk\n|-damage|p2a: Great Tusk|97\/100\n|\n|t:|1699915513\n|switch|p1a: Mesprit|Mesprit|100\/100|[from] U-turn\n|move|p2a: Great Tusk|Rapid Spin|p1a: Mesprit\n|-damage|p1a: Mesprit|81\/100\n|-boost|p2a: Great Tusk|spe|1\n|\n|-heal|p2a: Great Tusk|100\/100|[from] item: Leftovers\n|upkeep\n|turn|2\n|\n|t:|1699915527\n|move|p2a: Great Tusk|Stealth Rock|p1a: Mesprit\n|-sidestart|p1: PyxlFie|move: Stealth Rock\n|move|p1a: Mesprit|Mystical Power|p2a: Great Tusk\n|-supereffective|p2a: Great Tusk\n|-damage|p2a: Great Tusk|13\/100\n|-boost|p1a: Mesprit|spa|1\n|\n|-heal|p2a: Great Tusk|19\/100|[from] item: Leftovers\n|upkeep\n|turn|3\n|\n|t:|1699915536\n|move|p2a: Great Tusk|Knock Off|p1a: Mesprit\n|-supereffective|p1a: Mesprit\n|-damage|p1a: Mesprit|9\/100\n|-enditem|p1a: Mesprit|Choice Scarf|[from] move: Knock Off|[of] p2a: Great Tusk\n|move|p1a: Mesprit|Mystical Power|p2a: Great Tusk|[miss]\n|-miss|p1a: Mesprit|p2a: Great Tusk\n|\n|-heal|p2a: Great Tusk|25\/100|[from] item: Leftovers\n|upkeep\n|turn|4\n|\n|t:|1699915553\n|move|p2a: Great Tusk|Rapid Spin|p1a: Mesprit\n|-damage|p1a: Mesprit|0 fnt\n|-boost|p2a: Great Tusk|spe|1\n|faint|p1a: Mesprit\n|\n|-heal|p2a: Great Tusk|31\/100|[from] item: Leftovers\n|upkeep\n|\n|t:|1699915570\n|switch|p1a: Uxie|Uxie|100\/100\n|-damage|p1a: Uxie|88\/100|[from] Stealth Rock\n|turn|5\n|\n|t:|1699915581\n|move|p2a: Great Tusk|Knock Off|p1a: Uxie\n|-supereffective|p1a: Uxie\n|-damage|p1a: Uxie|32\/100\n|-enditem|p1a: Uxie|Choice Scarf|[from] move: Knock Off|[of] p2a: Great Tusk\n|move|p1a: Uxie|Draining Kiss|p2a: Great Tusk\n|-supereffective|p2a: Great Tusk\n|-damage|p2a: Great Tusk|0 fnt\n|-heal|p1a: Uxie|63\/100|[from] drain|[of] p2a: Great Tusk\n|faint|p2a: Great Tusk\n|-end|p2a: Great Tusk|Protosynthesis|[silent]\n|\n|upkeep\n|\n|t:|1699915598\n|switch|p2a: Ogerpon|Ogerpon-Wellspring, F|100\/100\n|turn|6\n|\n|t:|1699915606\n|-terastallize|p2a: Ogerpon|Water\n|detailschange|p2a: Ogerpon|Ogerpon-Wellspring-Tera, F, tera:Water\n|-ability|p2a: Ogerpon|Embody Aspect (Wellspring)|boost\n|-boost|p2a: Ogerpon|spd|1\n|move|p2a: Ogerpon|Trailblaze|p1a: Uxie\n|-crit|p1a: Uxie\n|-damage|p1a: Uxie|13\/100\n|-boost|p2a: Ogerpon|spe|1\n|move|p1a: Uxie|Draining Kiss|p2a: Ogerpon\n|-damage|p2a: Ogerpon|91\/100\n|-heal|p1a: Uxie|21\/100|[from] drain|[of] p2a: Ogerpon\n|\n|upkeep\n|turn|7\n|\n|t:|1699915616\n|move|p2a: Ogerpon|Swords Dance|p2a: Ogerpon\n|-boost|p2a: Ogerpon|atk|2\n|move|p1a: Uxie|Extrasensory|p2a: Ogerpon\n|-damage|p2a: Ogerpon|68\/100\n|\n|upkeep\n|turn|8\n|\n|t:|1699915624\n|move|p2a: Ogerpon|Trailblaze|p1a: Uxie\n|-damage|p1a: Uxie|0 fnt\n|-boost|p2a: Ogerpon|spe|1\n|faint|p1a: Uxie\n|\n|upkeep\n|\n|t:|1699915638\n|switch|p1a: Shaymin|Shaymin|100\/100\n|-damage|p1a: Shaymin|88\/100|[from] Stealth Rock\n|turn|9\n|\n|t:|1699915664\n|move|p2a: Ogerpon|Swords Dance|p2a: Ogerpon\n|-boost|p2a: Ogerpon|atk|2\n|move|p1a: Shaymin|Seed Flare|p2a: Ogerpon|[miss]\n|-miss|p1a: Shaymin|p2a: Ogerpon\n|\n|-heal|p1a: Shaymin|94\/100|[from] item: Leftovers\n|upkeep\n|turn|10\n|c|\u2606PyxlFie|4536oirwoijrwhiunwrhinjuwreniupwrhnipuwrhniuphwrn\n|\n|t:|1699915676\n|move|p2a: Ogerpon|Knock Off|p1a: Shaymin\n|-crit|p1a: Shaymin\n|-damage|p1a: Shaymin|0 fnt\n|-enditem|p1a: Shaymin|Leftovers|[from] move: Knock Off|[of] p2a: Ogerpon\n|faint|p1a: Shaymin\n|\n|upkeep\n|c|\u2606PyxlFie|FUN\n|\n|t:|1699915682\n|switch|p1a: Hoopa|Hoopa-Unbound|100\/100\n|-damage|p1a: Hoopa|88\/100|[from] Stealth Rock\n|turn|11\n|\n|t:|1699915691\n|move|p2a: Ogerpon|Ivy Cudgel|p1a: Hoopa\n|-damage|p1a: Hoopa|0 fnt\n|faint|p1a: Hoopa\n|\n|upkeep\n|\n|t:|1699915694\n|switch|p1a: Azelf|Azelf|100\/100\n|-damage|p1a: Azelf|88\/100|[from] Stealth Rock\n|turn|12\n|\n|t:|1699915701\n|move|p2a: Ogerpon|Knock Off|p1a: Azelf\n|-supereffective|p1a: Azelf\n|-damage|p1a: Azelf|0 fnt\n|-enditem|p1a: Azelf|Choice Scarf|[from] move: Knock Off|[of] p2a: Ogerpon\n|faint|p1a: Azelf\n|\n|upkeep\n|\n|t:|1699915702\n|switch|p1a: Jirachi|Jirachi|100\/100\n|-damage|p1a: Jirachi|94\/100|[from] Stealth Rock\n|turn|13\n|\n|t:|1699915709\n|move|p2a: Ogerpon|Knock Off|p1a: Jirachi\n|-supereffective|p1a: Jirachi\n|-damage|p1a: Jirachi|0 fnt\n|-enditem|p1a: Jirachi|Choice Band|[from] move: Knock Off|[of] p2a: Ogerpon\n|faint|p1a: Jirachi\n|\n|win|Sylwalker\n|raw|PyxlFie's rating: 1135 &rarr; <strong>1103<\/strong><br \/>(-32 for losing)\n|raw|Sylwalker's rating: 1036 &rarr; <strong>1080<\/strong><br \/>(+44 for winning)\n|c|\u2606PyxlFie|SO MUCH FUN\n","uploadtime":1699915715,"views":15,"p1id":"pyxlfie","p2id":"sylwalker","formatid":"gen9ou","rating":1080,"private":0,"password":""}