{"id":"gen9ou-1996420614","p1":"Flufferide","p2":"RobotTester101","format":"[Gen 9] OU","log":"|j|\u2606Flufferide\n|j|\u2606RobotTester101\n|t:|1700680332\n|gametype|singles\n|player|p1|Flufferide|bede-masters|1238\n|player|p2|RobotTester101|265|1157\n|teamsize|p1|6\n|teamsize|p2|6\n|gen|9\n|tier|[Gen 9] OU\n|rated|\n|rule|Sleep Clause Mod: Limit one foe put to sleep\n|rule|Species Clause: Limit one of each Pok\u00e9mon\n|rule|OHKO Clause: OHKO moves are banned\n|rule|Evasion Items Clause: Evasion items are banned\n|rule|Evasion Moves Clause: Evasion moves are banned\n|rule|Endless Battle Clause: Forcing endless battles is banned\n|rule|HP Percentage Mod: HP is shown in percentages\n|clearpoke\n|poke|p1|Zapdos|\n|poke|p1|Walking Wake|\n|poke|p1|Ogerpon-Cornerstone, F|\n|poke|p1|Gholdengo|\n|poke|p1|Kingambit, F|\n|poke|p1|Great Tusk|\n|poke|p2|Pelipper, M|\n|poke|p2|Barraskewda, M|\n|poke|p2|Great Tusk|\n|poke|p2|Clefable, F|\n|poke|p2|Dragapult, F|\n|poke|p2|Gholdengo|\n|teampreview\n|inactive|Battle timer is ON: inactive players will automatically lose when time's up. (requested by RobotTester101)\n|\n|t:|1700680342\n|start\n|switch|p1a: Zapdos|Zapdos|100\/100\n|switch|p2a: Pelipper|Pelipper, M|100\/100\n|-weather|RainDance|[from] ability: Drizzle|[of] p2a: Pelipper\n|turn|1\n|\n|t:|1700680354\n|switch|p2a: Great Tusk|Great Tusk|100\/100\n|move|p1a: Zapdos|Hurricane|p2a: Great Tusk\n|-supereffective|p2a: Great Tusk\n|-damage|p2a: Great Tusk|0 fnt\n|faint|p2a: Great Tusk\n|-end|p2a: Great Tusk|Protosynthesis|[silent]\n|\n|-weather|RainDance|[upkeep]\n|upkeep\n|\n|t:|1700680373\n|switch|p2a: Gholdengo|Gholdengo|100\/100\n|turn|2\n|\n|t:|1700680385\n|switch|p1a: Gholdengo|Gholdengo|100\/100\n|move|p2a: Gholdengo|Nasty Plot|p2a: Gholdengo\n|-boost|p2a: Gholdengo|spa|2\n|\n|-weather|RainDance|[upkeep]\n|upkeep\n|turn|3\n|\n|t:|1700680390\n|-terastallize|p1a: Gholdengo|Fighting\n|move|p1a: Gholdengo|Shadow Ball|p2a: Gholdengo\n|-supereffective|p2a: Gholdengo\n|-damage|p2a: Gholdengo|0 fnt\n|faint|p2a: Gholdengo\n|\n|-weather|RainDance|[upkeep]\n|upkeep\n|\n|t:|1700680400\n|switch|p2a: Barraskewda|Barraskewda, M, shiny|100\/100\n|turn|4\n|\n|t:|1700680407\n|move|p2a: Barraskewda|Liquidation|p1a: Gholdengo\n|-damage|p1a: Gholdengo|0 fnt\n|faint|p1a: Gholdengo\n|\n|-weather|RainDance|[upkeep]\n|upkeep\n|\n|t:|1700680414\n|switch|p1a: Ogerpon|Ogerpon-Cornerstone, F|100\/100\n|turn|5\n|\n|t:|1700680419\n|move|p2a: Barraskewda|Liquidation|p1a: Ogerpon\n|-ability|p1a: Ogerpon|Sturdy\n|-damage|p1a: Ogerpon|1\/100\n|-unboost|p1a: Ogerpon|def|1\n|move|p1a: Ogerpon|Horn Leech|p2a: Barraskewda\n|-supereffective|p2a: Barraskewda\n|-damage|p2a: Barraskewda|0 fnt\n|-heal|p1a: Ogerpon|45\/100|[from] drain|[of] p2a: Barraskewda\n|faint|p2a: Barraskewda\n|\n|-weather|RainDance|[upkeep]\n|upkeep\n|\n|t:|1700680424\n|switch|p2a: Dragapult|Dragapult, F|100\/100\n|turn|6\n|\n|t:|1700680429\n|move|p2a: Dragapult|Shadow Ball|p1a: Ogerpon\n|-damage|p1a: Ogerpon|1\/100\n|move|p1a: Ogerpon|Knock Off|p2a: Dragapult\n|-supereffective|p2a: Dragapult\n|-damage|p2a: Dragapult|0 fnt\n|-enditem|p2a: Dragapult|Choice Scarf|[from] move: Knock Off|[of] p1a: Ogerpon\n|faint|p2a: Dragapult\n|\n|-weather|RainDance|[upkeep]\n|upkeep\n|-message|RobotTester101 forfeited.\n|\n|win|Flufferide\n|raw|Flufferide's rating: 1238 &rarr; <strong>1257<\/strong><br \/>(+19 for winning)\n|raw|RobotTester101's rating: 1157 &rarr; <strong>1138<\/strong><br \/>(-19 for losing)\n|l|\u2606RobotTester101\n","uploadtime":1700680444,"views":0,"p1id":"flufferide","p2id":"robottester101","formatid":"gen9ou","rating":1138,"private":0,"password":""}