{"id":"gen9ou-1993955675","p1":"jzhuc1841","p2":"Boyer Enjoyer","format":"[Gen 9] OU","log":"|j|\u2606jzhuc1841\n|j|\u2606Boyer Enjoyer\n|t:|1700382296\n|gametype|singles\n|player|p1|jzhuc1841|hilbert-wonderlauncher|1634\n|player|p2|Boyer Enjoyer|swimmerf-gen4|1500\n|teamsize|p1|6\n|teamsize|p2|6\n|gen|9\n|tier|[Gen 9] OU\n|rated|\n|rule|Sleep Clause Mod: Limit one foe put to sleep\n|rule|Species Clause: Limit one of each Pok\u00e9mon\n|rule|OHKO Clause: OHKO moves are banned\n|rule|Evasion Items Clause: Evasion items are banned\n|rule|Evasion Moves Clause: Evasion moves are banned\n|rule|Endless Battle Clause: Forcing endless battles is banned\n|rule|HP Percentage Mod: HP is shown in percentages\n|clearpoke\n|poke|p1|Ogerpon-Wellspring, F|\n|poke|p1|Kingambit, F|\n|poke|p1|Iron Moth|\n|poke|p1|Iron Valiant|\n|poke|p1|Zamazenta-*|\n|poke|p1|Glimmora, M|\n|poke|p2|Alomomola, F|\n|poke|p2|Slowking-Galar, F|\n|poke|p2|Kingambit, F|\n|poke|p2|Great Tusk|\n|poke|p2|Cinderace, F|\n|poke|p2|Thundurus-Therian, M|\n|teampreview\n|\n|t:|1700382305\n|start\n|switch|p1a: Iron Moth|Iron Moth|100\/100\n|switch|p2a: Thundurus|Thundurus-Therian, M|100\/100\n|-enditem|p1a: Iron Moth|Booster Energy\n|-activate|p1a: Iron Moth|ability: Quark Drive|[fromitem]\n|-start|p1a: Iron Moth|quarkdrivespe\n|turn|1\n|\n|t:|1700382310\n|move|p1a: Iron Moth|Fiery Dance|p2a: Thundurus\n|-damage|p2a: Thundurus|49\/100\n|move|p2a: Thundurus|Volt Switch|p1a: Iron Moth\n|-damage|p1a: Iron Moth|37\/100\n|\n|t:|1700382319\n|switch|p2a: Slowking|Slowking-Galar, F|100\/100|[from] Volt Switch\n|\n|upkeep\n|turn|2\n|\n|t:|1700382323\n|move|p1a: Iron Moth|Fiery Dance|p2a: Slowking\n|-damage|p2a: Slowking|76\/100\n|-boost|p1a: Iron Moth|spa|1\n|move|p2a: Slowking|Future Sight|p1a: Iron Moth\n|-start|p2a: Slowking|move: Future Sight\n|\n|upkeep\n|turn|3\n|\n|t:|1700382334\n|switch|p2a: Alomomola|Alomomola, F|100\/100\n|move|p1a: Iron Moth|Substitute|p1a: Iron Moth\n|-start|p1a: Iron Moth|Substitute\n|-damage|p1a: Iron Moth|12\/100\n|\n|upkeep\n|turn|4\n|\n|t:|1700382339\n|move|p1a: Iron Moth|Energy Ball|p2a: Alomomola\n|-supereffective|p2a: Alomomola\n|-damage|p2a: Alomomola|23\/100\n|-enditem|p2a: Alomomola|Red Card|[of] p1a: Iron Moth\n|-end|p1a: Iron Moth|Quark Drive|[silent]\n|drag|p1a: Iron Valiant|Iron Valiant|100\/100\n|-enditem|p1a: Iron Valiant|Booster Energy\n|-activate|p1a: Iron Valiant|ability: Quark Drive|[fromitem]\n|-start|p1a: Iron Valiant|quarkdrivespe\n|move|p2a: Alomomola|Flip Turn|p1a: Iron Valiant\n|-damage|p1a: Iron Valiant|78\/100\n|\n|t:|1700382357\n|switch|p2a: Cinderace|Cinderace, F|100\/100|[from] Flip Turn\n|\n|-end|p1a: Iron Valiant|move: Future Sight\n|-supereffective|p1a: Iron Valiant\n|-damage|p1a: Iron Valiant|0 fnt\n|faint|p1a: Iron Valiant\n|-end|p1a: Iron Valiant|Quark Drive|[silent]\n|upkeep\n|\n|t:|1700382366\n|switch|p1a: Ogerpon|Ogerpon-Wellspring, F|100\/100\n|turn|5\n|\n|t:|1700382369\n|move|p2a: Cinderace|U-turn|p1a: Ogerpon\n|-start|p2a: Cinderace|typechange|Bug|[from] ability: Libero\n|-supereffective|p1a: Ogerpon\n|-damage|p1a: Ogerpon|14\/100\n|\n|t:|1700382373\n|switch|p2a: Great Tusk|Great Tusk|100\/100|[from] U-turn\n|move|p1a: Ogerpon|Trailblaze|p2a: Great Tusk\n|-supereffective|p2a: Great Tusk\n|-damage|p2a: Great Tusk|60\/100\n|-boost|p1a: Ogerpon|spe|1\n|-damage|p1a: Ogerpon|0 fnt|[from] item: Rocky Helmet|[of] p2a: Great Tusk\n|faint|p1a: Ogerpon\n|\n|upkeep\n|\n|t:|1700382381\n|switch|p1a: Iron Moth|Iron Moth|12\/100\n|turn|6\n|\n|t:|1700382386\n|-end|p2a: Great Tusk|Protosynthesis|[silent]\n|switch|p2a: Slowking|Slowking-Galar, F|100\/100\n|move|p1a: Iron Moth|Fiery Dance|p2a: Slowking\n|-damage|p2a: Slowking|77\/100\n|\n|upkeep\n|turn|7\n|\n|t:|1700382392\n|move|p1a: Iron Moth|Fiery Dance|p2a: Slowking\n|-damage|p2a: Slowking|54\/100\n|-boost|p1a: Iron Moth|spa|1\n|move|p2a: Slowking|Sludge Bomb|p1a: Iron Moth\n|-resisted|p1a: Iron Moth\n|-damage|p1a: Iron Moth|0 fnt\n|faint|p1a: Iron Moth\n|-end|p1a: Iron Moth|Quark Drive|[silent]\n|\n|upkeep\n|\n|t:|1700382404\n|switch|p1a: Zamazenta|Zamazenta|100\/100\n|-ability|p1a: Zamazenta|Dauntless Shield|boost\n|-boost|p1a: Zamazenta|def|1\n|turn|8\n|\n|t:|1700382413\n|switch|p2a: Great Tusk|Great Tusk|60\/100\n|move|p1a: Zamazenta|Substitute|p1a: Zamazenta\n|-start|p1a: Zamazenta|Substitute\n|-damage|p1a: Zamazenta|76\/100\n|\n|-heal|p1a: Zamazenta|82\/100|[from] item: Leftovers\n|upkeep\n|turn|9\n|\n|t:|1700382428\n|move|p1a: Zamazenta|Iron Defense|p1a: Zamazenta\n|-boost|p1a: Zamazenta|def|2\n|move|p2a: Great Tusk|Stealth Rock|p1a: Zamazenta\n|-sidestart|p1: jzhuc1841|move: Stealth Rock\n|\n|-heal|p1a: Zamazenta|88\/100|[from] item: Leftovers\n|upkeep\n|turn|10\n|\n|t:|1700382433\n|move|p1a: Zamazenta|Body Press|p2a: Great Tusk\n|-damage|p2a: Great Tusk|0 fnt\n|-damage|p1a: Zamazenta|71\/100|[from] item: Rocky Helmet|[of] p2a: Great Tusk\n|faint|p2a: Great Tusk\n|-end|p2a: Great Tusk|Protosynthesis|[silent]\n|\n|-heal|p1a: Zamazenta|77\/100|[from] item: Leftovers\n|upkeep\n|\n|t:|1700382443\n|switch|p2a: Alomomola|Alomomola, F|56\/100\n|turn|11\n|\n|t:|1700382454\n|move|p1a: Zamazenta|Body Press|p2a: Alomomola\n|-damage|p2a: Alomomola|0 fnt\n|faint|p2a: Alomomola\n|\n|-heal|p1a: Zamazenta|84\/100|[from] item: Leftovers\n|upkeep\n|\n|t:|1700382458\n|switch|p2a: Slowking|Slowking-Galar, F|88\/100\n|turn|12\n|\n|t:|1700382464\n|move|p1a: Zamazenta|Crunch|p2a: Slowking\n|-supereffective|p2a: Slowking\n|-damage|p2a: Slowking|42\/100\n|move|p2a: Slowking|Future Sight|p1a: Zamazenta\n|-start|p2a: Slowking|move: Future Sight\n|\n|-heal|p1a: Zamazenta|90\/100|[from] item: Leftovers\n|upkeep\n|turn|13\n|j| dfghhhg\n|\n|t:|1700382473\n|switch|p2a: Thundurus|Thundurus-Therian, M|49\/100\n|move|p1a: Zamazenta|Crunch|p2a: Thundurus\n|-crit|p2a: Thundurus\n|-damage|p2a: Thundurus|0 fnt\n|faint|p2a: Thundurus\n|\n|-heal|p1a: Zamazenta|96\/100|[from] item: Leftovers\n|upkeep\n|\n|t:|1700382478\n|switch|p2a: Slowking|Slowking-Galar, F|75\/100\n|turn|14\n|\n|t:|1700382488\n|-terastallize|p1a: Zamazenta|Steel\n|move|p1a: Zamazenta|Crunch|p2a: Slowking\n|-supereffective|p2a: Slowking\n|-damage|p2a: Slowking|29\/100\n|move|p2a: Slowking|Sludge Bomb|p1a: Zamazenta\n|-immune|p1a: Zamazenta\n|\n|-end|p1a: Zamazenta|move: Future Sight\n|-resisted|p1a: Zamazenta\n|-activate|p1a: Zamazenta|move: Substitute|[damage]\n|-heal|p1a: Zamazenta|100\/100|[from] item: Leftovers\n|upkeep\n|turn|15\n|\n|t:|1700382495\n|move|p1a: Zamazenta|Crunch|p2a: Slowking\n|-supereffective|p2a: Slowking\n|-damage|p2a: Slowking|0 fnt\n|faint|p2a: Slowking\n|\n|upkeep\n|\n|t:|1700382498\n|switch|p2a: Cinderace|Cinderace, F|100\/100\n|turn|16\n|\n|t:|1700382501\n|move|p2a: Cinderace|Pyro Ball|p1a: Zamazenta\n|-supereffective|p1a: Zamazenta\n|-crit|p1a: Zamazenta\n|-end|p1a: Zamazenta|Substitute\n|move|p1a: Zamazenta|Body Press|p2a: Cinderace\n|-damage|p2a: Cinderace|0 fnt\n|faint|p2a: Cinderace\n|\n|upkeep\n|\n|t:|1700382503\n|switch|p2a: Kingambit|Kingambit, F|100\/100\n|-activate|p2a: Kingambit|ability: Supreme Overlord\n|-start|p2a: Kingambit|fallen5|[silent]\n|turn|17\n|\n|t:|1700382509\n|-terastallize|p2a: Kingambit|Flying\n|move|p1a: Zamazenta|Body Press|p2a: Kingambit\n|-resisted|p2a: Kingambit\n|-damage|p2a: Kingambit|63\/100\n|move|p2a: Kingambit|Kowtow Cleave|p1a: Zamazenta\n|-damage|p1a: Zamazenta|79\/100\n|\n|-heal|p1a: Zamazenta|85\/100|[from] item: Leftovers\n|-heal|p2a: Kingambit|69\/100|[from] item: Leftovers\n|upkeep\n|turn|18\n|\n|t:|1700382517\n|move|p1a: Zamazenta|Iron Defense|p1a: Zamazenta\n|-boost|p1a: Zamazenta|def|2\n|move|p2a: Kingambit|Swords Dance|p2a: Kingambit\n|-boost|p2a: Kingambit|atk|2\n|\n|-heal|p1a: Zamazenta|92\/100|[from] item: Leftovers\n|-heal|p2a: Kingambit|75\/100|[from] item: Leftovers\n|upkeep\n|turn|19\n|\n|t:|1700382521\n|move|p1a: Zamazenta|Body Press|p2a: Kingambit\n|-resisted|p2a: Kingambit\n|-damage|p2a: Kingambit|25\/100\n|move|p2a: Kingambit|Swords Dance|p2a: Kingambit\n|-boost|p2a: Kingambit|atk|2\n|\n|-heal|p1a: Zamazenta|98\/100|[from] item: Leftovers\n|-heal|p2a: Kingambit|31\/100|[from] item: Leftovers\n|upkeep\n|turn|20\n|\n|t:|1700382526\n|move|p2a: Kingambit|Sucker Punch|p1a: Zamazenta\n|-damage|p1a: Zamazenta|59\/100\n|move|p1a: Zamazenta|Body Press|p2a: Kingambit\n|-resisted|p2a: Kingambit\n|-damage|p2a: Kingambit|0 fnt\n|faint|p2a: Kingambit\n|-end|p2a: Kingambit|fallen5|[silent]\n|\n|win|jzhuc1841\n|raw|jzhuc1841's rating: 1634 &rarr; <strong>1647<\/strong><br \/>(+13 for winning)\n|raw|Boyer Enjoyer's rating: 1500 &rarr; <strong>1487<\/strong><br \/>(-13 for losing)\n|c|\u2606Boyer Enjoyer|gg\n|l|\u2606Boyer Enjoyer\n|c|\u2606jzhuc1841|gg\n","uploadtime":1700382542,"views":10,"p1id":"jzhuc1841","p2id":"boyerenjoyer","formatid":"gen9ou","rating":1487,"private":0,"password":""}