{"id":"gen9ou-1989193615","p1":"Squi101","p2":"Mavolis","format":"[Gen 9] OU","log":"|j|\u2606Squi101\n|j|\u2606Mavolis\n|t:|1699822036\n|gametype|singles\n|player|p1|Squi101|169|1254\n|player|p2|Mavolis|266|1214\n|teamsize|p1|6\n|teamsize|p2|6\n|gen|9\n|tier|[Gen 9] OU\n|rated|\n|rule|Sleep Clause Mod: Limit one foe put to sleep\n|rule|Species Clause: Limit one of each Pok\u00e9mon\n|rule|OHKO Clause: OHKO moves are banned\n|rule|Evasion Items Clause: Evasion items are banned\n|rule|Evasion Moves Clause: Evasion moves are banned\n|rule|Endless Battle Clause: Forcing endless battles is banned\n|rule|HP Percentage Mod: HP is shown in percentages\n|clearpoke\n|poke|p1|Greninja-*, F|\n|poke|p1|Abomasnow, F|\n|poke|p1|Hoopa-Unbound|\n|poke|p1|Sinistcha|\n|poke|p1|Tinkaton, F|\n|poke|p1|Iron Treads|\n|poke|p2|Rotom-Wash|\n|poke|p2|Tyranitar, F|\n|poke|p2|Kommo-o, M|\n|poke|p2|Ogerpon-Cornerstone, F|\n|poke|p2|Krookodile, F|\n|poke|p2|Skeledirge, F|\n|teampreview\n|\n|t:|1699822058\n|start\n|switch|p1a: Abomasnow|Abomasnow, F|100\/100\n|switch|p2a: Krookodile|Krookodile, F|100\/100\n|-weather|Snow|[from] ability: Snow Warning|[of] p1a: Abomasnow\n|turn|1\n|\n|t:|1699822075\n|move|p2a: Krookodile|Close Combat|p1a: Abomasnow\n|-supereffective|p1a: Abomasnow\n|-damage|p1a: Abomasnow|36\/100\n|-unboost|p2a: Krookodile|def|1\n|-unboost|p2a: Krookodile|spd|1\n|move|p1a: Abomasnow|Aurora Veil|p1a: Abomasnow\n|-sidestart|p1: Squi101|move: Aurora Veil\n|\n|-weather|Snow|[upkeep]\n|upkeep\n|turn|2\n|\n|t:|1699822096\n|switch|p2a: Tyranitar|Tyranitar, F|100\/100\n|-weather|Sandstorm|[from] ability: Sand Stream|[of] p2a: Tyranitar\n|move|p1a: Abomasnow|Blizzard|p2a: Tyranitar\n|-damage|p2a: Tyranitar|70\/100\n|\n|-weather|Sandstorm|[upkeep]\n|-damage|p1a: Abomasnow|30\/100|[from] Sandstorm\n|upkeep\n|turn|3\n|\n|t:|1699822105\n|move|p2a: Tyranitar|Stealth Rock|p1a: Abomasnow\n|-sidestart|p1: Squi101|move: Stealth Rock\n|move|p1a: Abomasnow|Energy Ball|p2a: Tyranitar\n|-supereffective|p2a: Tyranitar\n|-damage|p2a: Tyranitar|19\/100\n|\n|-weather|Sandstorm|[upkeep]\n|-damage|p1a: Abomasnow|24\/100|[from] Sandstorm\n|upkeep\n|turn|4\n|inactive|Battle timer is ON: inactive players will automatically lose when time's up. (requested by Squi101)\n|\n|t:|1699822129\n|move|p2a: Tyranitar|Knock Off|p1a: Abomasnow\n|-damage|p1a: Abomasnow|0 fnt\n|-enditem|p1a: Abomasnow|Light Clay|[from] move: Knock Off|[of] p2a: Tyranitar\n|faint|p1a: Abomasnow\n|\n|-weather|Sandstorm|[upkeep]\n|upkeep\n|\n|t:|1699822140\n|switch|p1a: Greninja|Greninja, F, shiny|100\/100\n|-damage|p1a: Greninja|88\/100|[from] Stealth Rock\n|turn|5\n|inactive|Mavolis has 120 seconds left.\n|\n|t:|1699822176\n|switch|p2a: Skeledirge|Skeledirge, F|100\/100\n|move|p1a: Greninja|U-turn|p2a: Skeledirge\n|-start|p1a: Greninja|typechange|Bug|[from] ability: Protean\n|-resisted|p2a: Skeledirge\n|-damage|p2a: Skeledirge|96\/100\n|\n|t:|1699822190\n|switch|p1a: Hoopa|Hoopa-Unbound|100\/100|[from] U-turn\n|-damage|p1a: Hoopa|88\/100|[from] Stealth Rock\n|\n|-weather|Sandstorm|[upkeep]\n|-damage|p1a: Hoopa|82\/100|[from] Sandstorm\n|-damage|p2a: Skeledirge|90\/100|[from] Sandstorm\n|upkeep\n|turn|6\n|inactive|Mavolis has 120 seconds left.\n|\n|t:|1699822222\n|move|p1a: Hoopa|Knock Off|p2a: Skeledirge\n|-supereffective|p2a: Skeledirge\n|-damage|p2a: Skeledirge|0 fnt\n|-enditem|p2a: Skeledirge|Assault Vest|[from] move: Knock Off|[of] p1a: Hoopa\n|faint|p2a: Skeledirge\n|\n|-weather|Sandstorm|[upkeep]\n|-damage|p1a: Hoopa|76\/100|[from] Sandstorm\n|upkeep\n|\n|t:|1699822232\n|switch|p2a: Kommo-o|Kommo-o, M|100\/100\n|turn|7\n|\n|t:|1699822249\n|switch|p1a: Iron Treads|Iron Treads|100\/100\n|-damage|p1a: Iron Treads|98\/100|[from] Stealth Rock\n|-enditem|p1a: Iron Treads|Booster Energy\n|-activate|p1a: Iron Treads|ability: Quark Drive|[fromitem]\n|-start|p1a: Iron Treads|quarkdrivespe\n|move|p2a: Kommo-o|Clangorous Soul|p2a: Kommo-o\n|-boost|p2a: Kommo-o|atk|1\n|-boost|p2a: Kommo-o|def|1\n|-boost|p2a: Kommo-o|spa|1\n|-boost|p2a: Kommo-o|spd|1\n|-boost|p2a: Kommo-o|spe|1\n|-damage|p2a: Kommo-o|68\/100\n|\n|-weather|Sandstorm|[upkeep]\n|upkeep\n|turn|8\n|\n|t:|1699822263\n|move|p1a: Iron Treads|Rapid Spin|p2a: Kommo-o\n|-damage|p2a: Kommo-o|57\/100\n|-boost|p1a: Iron Treads|spe|1\n|-sideend|p1: Squi101|Stealth Rock|[from] move: Rapid Spin|[of] p1a: Iron Treads\n|move|p2a: Kommo-o|Clangorous Soul|p2a: Kommo-o\n|-boost|p2a: Kommo-o|atk|1\n|-boost|p2a: Kommo-o|def|1\n|-boost|p2a: Kommo-o|spa|1\n|-boost|p2a: Kommo-o|spd|1\n|-boost|p2a: Kommo-o|spe|1\n|-damage|p2a: Kommo-o|24\/100\n|\n|-weather|Sandstorm|[upkeep]\n|-sideend|p1: Squi101|move: Aurora Veil\n|upkeep\n|turn|9\n|\n|t:|1699822278\n|move|p1a: Iron Treads|Ice Spinner|p2a: Kommo-o\n|-supereffective|p2a: Kommo-o\n|-damage|p2a: Kommo-o|0 fnt\n|faint|p2a: Kommo-o\n|\n|-weather|none\n|upkeep\n|inactive|Mavolis has 120 seconds left.\n|\n|t:|1699822285\n|switch|p2a: Ogerpon|Ogerpon-Cornerstone, F|100\/100\n|turn|10\n|\n|t:|1699822308\n|move|p1a: Iron Treads|Earthquake|p2a: Ogerpon\n|-damage|p2a: Ogerpon|42\/100\n|move|p2a: Ogerpon|Superpower|p1a: Iron Treads\n|-supereffective|p1a: Iron Treads\n|-damage|p1a: Iron Treads|16\/100\n|-unboost|p2a: Ogerpon|atk|1\n|-unboost|p2a: Ogerpon|def|1\n|\n|upkeep\n|turn|11\n|\n|t:|1699822320\n|switch|p2a: Rotom|Rotom-Wash|100\/100\n|move|p1a: Iron Treads|Earthquake|p2a: Rotom\n|-immune|p2a: Rotom|[from] ability: Levitate\n|\n|upkeep\n|turn|12\n|\n|t:|1699822327\n|move|p1a: Iron Treads|Knock Off|p2a: Rotom\n|-damage|p2a: Rotom|71\/100\n|-enditem|p2a: Rotom|Leftovers|[from] move: Knock Off|[of] p1a: Iron Treads\n|move|p2a: Rotom|Hydro Pump|p1a: Iron Treads\n|-supereffective|p1a: Iron Treads\n|-damage|p1a: Iron Treads|0 fnt\n|faint|p1a: Iron Treads\n|-end|p1a: Iron Treads|Quark Drive|[silent]\n|\n|upkeep\n|\n|t:|1699822344\n|switch|p1a: Sinistcha|Sinistcha|100\/100\n|turn|13\n|\n|t:|1699822350\n|move|p2a: Rotom|Thunder Wave|p1a: Sinistcha\n|-status|p1a: Sinistcha|par\n|move|p1a: Sinistcha|Calm Mind|p1a: Sinistcha\n|-boost|p1a: Sinistcha|spa|1\n|-boost|p1a: Sinistcha|spd|1\n|\n|upkeep\n|turn|14\n|\n|t:|1699822356\n|move|p2a: Rotom|Volt Switch|p1a: Sinistcha\n|-resisted|p1a: Sinistcha\n|-damage|p1a: Sinistcha|88\/100 par\n|\n|t:|1699822361\n|switch|p2a: Tyranitar|Tyranitar, F|19\/100|[from] Volt Switch\n|-weather|Sandstorm|[from] ability: Sand Stream|[of] p2a: Tyranitar\n|move|p1a: Sinistcha|Matcha Gotcha|p2a: Tyranitar\n|-supereffective|p2a: Tyranitar\n|-damage|p2a: Tyranitar|0 fnt\n|-heal|p1a: Sinistcha|98\/100 par|[from] drain|[of] p2a: Tyranitar\n|faint|p2a: Tyranitar\n|\n|-weather|Sandstorm|[upkeep]\n|-damage|p1a: Sinistcha|92\/100 par|[from] Sandstorm\n|-heal|p1a: Sinistcha|98\/100 par|[from] item: Leftovers\n|upkeep\n|\n|t:|1699822363\n|switch|p2a: Krookodile|Krookodile, F|100\/100\n|turn|15\n|\n|t:|1699822376\n|move|p2a: Krookodile|Knock Off|p1a: Sinistcha\n|-supereffective|p1a: Sinistcha\n|-damage|p1a: Sinistcha|19\/100 par\n|-enditem|p1a: Sinistcha|Leftovers|[from] move: Knock Off|[of] p2a: Krookodile\n|move|p1a: Sinistcha|Strength Sap|p2a: Krookodile\n|-unboost|p2a: Krookodile|atk|1\n|-heal|p1a: Sinistcha|100\/100 par\n|\n|-weather|Sandstorm|[upkeep]\n|-damage|p1a: Sinistcha|94\/100 par|[from] Sandstorm\n|upkeep\n|turn|16\n|\n|t:|1699822399\n|-terastallize|p1a: Sinistcha|Steel\n|move|p2a: Krookodile|Knock Off|p1a: Sinistcha\n|-damage|p1a: Sinistcha|77\/100 par\n|move|p1a: Sinistcha|Strength Sap|p2a: Krookodile\n|-unboost|p2a: Krookodile|atk|1\n|-heal|p1a: Sinistcha|100\/100 par\n|\n|-weather|Sandstorm|[upkeep]\n|upkeep\n|turn|17\n|\n|t:|1699822410\n|switch|p2a: Rotom|Rotom-Wash|71\/100\n|move|p1a: Sinistcha|Matcha Gotcha|p2a: Rotom\n|-supereffective|p2a: Rotom\n|-damage|p2a: Rotom|0 fnt\n|faint|p2a: Rotom\n|\n|-weather|Sandstorm|[upkeep]\n|upkeep\n|\n|t:|1699822416\n|switch|p2a: Krookodile|Krookodile, F|100\/100\n|turn|18\n|\n|t:|1699822424\n|move|p2a: Krookodile|Earthquake|p1a: Sinistcha\n|-supereffective|p1a: Sinistcha\n|-damage|p1a: Sinistcha|22\/100 par\n|cant|p1a: Sinistcha|par\n|\n|-weather|Sandstorm|[upkeep]\n|upkeep\n|turn|19\n|\n|t:|1699822430\n|move|p2a: Krookodile|Earthquake|p1a: Sinistcha\n|-supereffective|p1a: Sinistcha\n|-damage|p1a: Sinistcha|0 fnt\n|faint|p1a: Sinistcha\n|-ability|p2a: Krookodile|Moxie|boost\n|-boost|p2a: Krookodile|atk|1\n|\n|-weather|Sandstorm|[upkeep]\n|upkeep\n|\n|t:|1699822445\n|switch|p1a: Tinkaton|Tinkaton, F|100\/100\n|-ability|p1a: Tinkaton|Mold Breaker\n|-item|p1a: Tinkaton|Air Balloon\n|turn|20\n|\n|t:|1699822456\n|move|p2a: Krookodile|Earthquake|p1a: Tinkaton\n|-immune|p1a: Tinkaton\n|move|p1a: Tinkaton|Gigaton Hammer|p2a: Krookodile\n|-damage|p2a: Krookodile|27\/100\n|\n|-weather|Sandstorm|[upkeep]\n|upkeep\n|turn|21\n|\n|t:|1699822471\n|switch|p2a: Ogerpon|Ogerpon-Cornerstone, F|42\/100\n|switch|p1a: Greninja|Greninja, F, shiny|88\/100\n|\n|-weather|none\n|upkeep\n|turn|22\n|\n|t:|1699822487\n|move|p1a: Greninja|Surf|p2a: Ogerpon\n|-start|p1a: Greninja|typechange|Water|[from] ability: Protean\n|-damage|p2a: Ogerpon|0 fnt\n|faint|p2a: Ogerpon\n|\n|upkeep\n|\n|t:|1699822490\n|switch|p2a: Krookodile|Krookodile, F|27\/100\n|turn|23\n|\n|t:|1699822498\n|-terastallize|p2a: Krookodile|Normal\n|move|p2a: Krookodile|Close Combat|p1a: Greninja\n|-damage|p1a: Greninja|21\/100\n|-unboost|p2a: Krookodile|def|1\n|-unboost|p2a: Krookodile|spd|1\n|move|p1a: Greninja|Surf|p2a: Krookodile\n|-damage|p2a: Krookodile|0 fnt\n|faint|p2a: Krookodile\n|\n|win|Squi101\n|raw|Squi101's rating: 1254 &rarr; <strong>1276<\/strong><br \/>(+22 for winning)\n|raw|Mavolis's rating: 1214 &rarr; <strong>1192<\/strong><br \/>(-22 for losing)\n|l|\u2606Mavolis\n","uploadtime":1699822506,"views":8,"p1id":"squi101","p2id":"mavolis","formatid":"gen9ou","rating":1192,"private":0,"password":""}