{"id":"gen9ou-1994457486","p1":"burberry bax","p2":"muffinATEthat","format":"[Gen 9] OU","log":"|j|\u2606burberry bax\n|j|\u2606muffinATEthat\n|t:|1700446124\n|gametype|singles\n|player|p1|burberry bax|lucas|\n|player|p2|muffinATEthat|iris-masters|\n|teamsize|p1|6\n|teamsize|p2|6\n|gen|9\n|tier|[Gen 9] OU\n|rule|Sleep Clause Mod: Limit one foe put to sleep\n|rule|Species Clause: Limit one of each Pok\u00e9mon\n|rule|OHKO Clause: OHKO moves are banned\n|rule|Evasion Items Clause: Evasion items are banned\n|rule|Evasion Moves Clause: Evasion moves are banned\n|rule|Endless Battle Clause: Forcing endless battles is banned\n|rule|HP Percentage Mod: HP is shown in percentages\n|clearpoke\n|poke|p1|Quaquaval, F|\n|poke|p1|Mudsdale, M|\n|poke|p1|Umbreon, M|\n|poke|p1|Eelektross, M|\n|poke|p1|Salamence, M|\n|poke|p1|Amoonguss, M|\n|poke|p2|Slowbro, M|\n|poke|p2|Breloom, F|\n|poke|p2|Sandy Shocks|\n|poke|p2|Sneasel-Hisui, F|\n|poke|p2|Rotom-Heat|\n|poke|p2|Kingambit, F|\n|teampreview\n|j| CTE World\n|j| GymLeader Avery\n|j| SenketsuThreads\n|j| DomNeedsHelp\n|c| DomNeedsHelp|Go!\n|\n|t:|1700446169\n|start\n|switch|p1a: rika|Eelektross, M, shiny|100\/100\n|switch|p2a: FREE SUDAN|Rotom-Heat, shiny|100\/100\n|turn|1\n|j| TBK Renegades\n|\n|t:|1700446197\n|move|p2a: FREE SUDAN|Reflect|p2a: FREE SUDAN\n|-sidestart|p2: muffinATEthat|Reflect\n|move|p1a: rika|Knock Off|p2a: FREE SUDAN\n|-damage|p2a: FREE SUDAN|84\/100\n|-enditem|p2a: FREE SUDAN|Heavy-Duty Boots|[from] move: Knock Off|[of] p1a: rika\n|\n|upkeep\n|turn|2\n|\n|t:|1700446206\n|move|p2a: FREE SUDAN|Nasty Plot|p2a: FREE SUDAN\n|-boost|p2a: FREE SUDAN|spa|2\n|move|p1a: rika|Volt Switch|p2a: FREE SUDAN\n|-resisted|p2a: FREE SUDAN\n|-damage|p2a: FREE SUDAN|64\/100\n|\n|t:|1700446208\n|switch|p1a: shit trash lmao|Salamence, M, shiny|100\/100|[from] Volt Switch\n|-ability|p1a: shit trash lmao|Intimidate|boost\n|-unboost|p2a: FREE SUDAN|atk|1\n|\n|upkeep\n|turn|3\n|j| FirstClassWill\n|\n|t:|1700446241\n|move|p2a: FREE SUDAN|Volt Switch|p1a: shit trash lmao\n|-damage|p1a: shit trash lmao|21\/100\n|\n|t:|1700446257\n|switch|p2a: FREE PALESTINE|Slowbro, M, shiny|100\/100|[from] Volt Switch\n|move|p1a: shit trash lmao|Roost|p1a: shit trash lmao\n|-heal|p1a: shit trash lmao|71\/100\n|-singleturn|p1a: shit trash lmao|move: Roost\n|\n|upkeep\n|turn|4\n|\n|t:|1700446275\n|switch|p1a: rika|Eelektross, M, shiny|100\/100\n|move|p2a: FREE PALESTINE|Ice Beam|p1a: rika\n|-crit|p1a: rika\n|-damage|p1a: rika|79\/100\n|\n|upkeep\n|turn|5\n|\n|t:|1700446285\n|switch|p2a: FREE SUDAN|Rotom-Heat, shiny|64\/100\n|move|p1a: rika|Volt Switch|p2a: FREE SUDAN\n|-resisted|p2a: FREE SUDAN\n|-crit|p2a: FREE SUDAN\n|-damage|p2a: FREE SUDAN|35\/100\n|c|\u2606muffinATEthat|crit for crit love to see it\n|\n|t:|1700446331\n|switch|p1a: zest lord|Quaquaval, F, shiny|100\/100|[from] Volt Switch\n|\n|-sideend|p2: muffinATEthat|Reflect\n|upkeep\n|turn|6\n|\n|t:|1700446356\n|move|p1a: zest lord|Aqua Jet|p2a: FREE SUDAN\n|-supereffective|p2a: FREE SUDAN\n|-damage|p2a: FREE SUDAN|0 fnt\n|faint|p2a: FREE SUDAN\n|-ability|p1a: zest lord|Moxie|boost\n|-boost|p1a: zest lord|atk|1\n|\n|upkeep\n|\n|t:|1700446370\n|switch|p2a: FREE TIGRAY|Breloom, F, shiny|100\/100\n|turn|7\n|\n|t:|1700446381\n|switch|p1a: ultra headtop|Amoonguss, M, shiny|100\/100\n|move|p2a: FREE TIGRAY|Rock Tomb|p1a: ultra headtop\n|-crit|p1a: ultra headtop\n|-damage|p1a: ultra headtop|65\/100\n|-unboost|p1a: ultra headtop|spe|1\n|\n|upkeep\n|turn|8\n|\n|t:|1700446415\n|move|p2a: FREE TIGRAY|Rock Tomb|p1a: ultra headtop\n|-damage|p1a: ultra headtop|39\/100\n|-unboost|p1a: ultra headtop|spe|1\n|move|p1a: ultra headtop|Sludge Bomb|p2a: FREE TIGRAY\n|-supereffective|p2a: FREE TIGRAY\n|-damage|p2a: FREE TIGRAY|0 fnt\n|faint|p2a: FREE TIGRAY\n|\n|upkeep\n|\n|t:|1700446427\n|switch|p2a: FIRE FIST FOREVER|Kingambit, F, shiny|100\/100\n|-activate|p2a: FIRE FIST FOREVER|ability: Supreme Overlord\n|-start|p2a: FIRE FIST FOREVER|fallen2|[silent]\n|turn|9\n|\n|t:|1700446478\n|switch|p1a: montenegro|Mudsdale, M, shiny|100\/100\n|move|p2a: FIRE FIST FOREVER|Kowtow Cleave|p1a: montenegro\n|-damage|p1a: montenegro|63\/100\n|-ability|p1a: montenegro|Stamina|boost\n|-boost|p1a: montenegro|def|1\n|\n|-heal|p1a: montenegro|69\/100|[from] item: Leftovers\n|upkeep\n|turn|10\n|\n|t:|1700446507\n|-end|p2a: FIRE FIST FOREVER|fallen2|[silent]\n|switch|p2a: FREE PALESTINE|Slowbro, M, shiny|100\/100\n|move|p1a: montenegro|Body Press|p2a: FREE PALESTINE\n|-resisted|p2a: FREE PALESTINE\n|-damage|p2a: FREE PALESTINE|90\/100\n|\n|-heal|p1a: montenegro|75\/100|[from] item: Leftovers\n|-heal|p2a: FREE PALESTINE|96\/100|[from] item: Leftovers\n|upkeep\n|turn|11\n|\n|t:|1700446524\n|switch|p1a: rika|Eelektross, M, shiny|79\/100\n|switch|p2a: FIRE FIST FOREVER|Kingambit, F, shiny|100\/100\n|-activate|p2a: FIRE FIST FOREVER|ability: Supreme Overlord\n|-start|p2a: FIRE FIST FOREVER|fallen2|[silent]\n|\n|upkeep\n|turn|12\n|\n|t:|1700446535\n|move|p2a: FIRE FIST FOREVER|Kowtow Cleave|p1a: rika\n|-damage|p1a: rika|22\/100\n|move|p1a: rika|Volt Switch|p2a: FIRE FIST FOREVER\n|-damage|p2a: FIRE FIST FOREVER|70\/100\n|\n|t:|1700446554\n|switch|p1a: zest lord|Quaquaval, F, shiny|100\/100|[from] Volt Switch\n|\n|upkeep\n|turn|13\n|\n|t:|1700446575\n|-end|p2a: FIRE FIST FOREVER|fallen2|[silent]\n|switch|p2a: FREE PALESTINE|Slowbro, M, shiny|100\/100\n|move|p1a: zest lord|U-turn|p2a: FREE PALESTINE\n|-supereffective|p2a: FREE PALESTINE\n|-damage|p2a: FREE PALESTINE|61\/100\n|\n|t:|1700446584\n|switch|p1a: rika|Eelektross, M, shiny|22\/100|[from] U-turn\n|\n|-heal|p2a: FREE PALESTINE|67\/100|[from] item: Leftovers\n|upkeep\n|turn|14\n|\n|t:|1700446595\n|switch|p2a: FREE HAITI|Sneasel-Hisui, F|100\/100\n|move|p1a: rika|Giga Drain|p2a: FREE HAITI\n|-resisted|p2a: FREE HAITI\n|-damage|p2a: FREE HAITI|87\/100\n|-heal|p1a: rika|27\/100|[from] drain|[of] p2a: FREE HAITI\n|\n|upkeep\n|turn|15\n|\n|t:|1700446606\n|switch|p1a: ultra headtop|Amoonguss, M, shiny|72\/100\n|move|p2a: FREE HAITI|Poison Jab|p1a: ultra headtop\n|-damage|p1a: ultra headtop|47\/100\n|\n|upkeep\n|turn|16\n|\n|t:|1700446622\n|move|p2a: FREE HAITI|Poison Jab|p1a: ultra headtop\n|-damage|p1a: ultra headtop|20\/100\n|move|p1a: ultra headtop|Spore|p2a: FREE HAITI\n|-status|p2a: FREE HAITI|slp|[from] move: Spore\n|\n|upkeep\n|turn|17\n|\n|t:|1700446639\n|switch|p2a: FIRE FIST FOREVER|Kingambit, F, shiny|70\/100\n|-activate|p2a: FIRE FIST FOREVER|ability: Supreme Overlord\n|-start|p2a: FIRE FIST FOREVER|fallen2|[silent]\n|switch|p1a: zest lord|Quaquaval, F, shiny|100\/100\n|\n|upkeep\n|turn|18\n|\n|t:|1700446664\n|-end|p2a: FIRE FIST FOREVER|fallen2|[silent]\n|switch|p2a: FREE HAITI|Sneasel-Hisui, F|87\/100 slp\n|move|p1a: zest lord|U-turn|p2a: FREE HAITI\n|-resisted|p2a: FREE HAITI\n|-damage|p2a: FREE HAITI|75\/100 slp\n|\n|t:|1700446667\n|switch|p1a: shit trash lmao|Salamence, M, shiny|71\/100|[from] U-turn\n|-ability|p1a: shit trash lmao|Intimidate|boost\n|-fail|p2a: FREE HAITI|unboost|Attack|[from] ability: Inner Focus|[of] p2a: FREE HAITI\n|\n|upkeep\n|turn|19\n|\n|t:|1700446691\n|cant|p2a: FREE HAITI|slp\n|move|p1a: shit trash lmao|Draco Meteor|p2a: FREE HAITI\n|-damage|p2a: FREE HAITI|1\/100 slp\n|-unboost|p1a: shit trash lmao|spa|2\n|\n|upkeep\n|turn|20\n|\n|t:|1700446707\n|switch|p1a: montenegro|Mudsdale, M, shiny|75\/100\n|-curestatus|p2a: FREE HAITI|slp|[msg]\n|move|p2a: FREE HAITI|Poison Jab|p1a: montenegro\n|-resisted|p1a: montenegro\n|-damage|p1a: montenegro|63\/100\n|-ability|p1a: montenegro|Stamina|boost\n|-boost|p1a: montenegro|def|1\n|\n|-heal|p1a: montenegro|69\/100|[from] item: Leftovers\n|upkeep\n|turn|21\n|\n|t:|1700446717\n|move|p2a: FREE HAITI|Toxic|p1a: montenegro\n|-status|p1a: montenegro|tox\n|move|p1a: montenegro|Stealth Rock|p2a: FREE HAITI\n|-sidestart|p2: muffinATEthat|move: Stealth Rock\n|\n|-heal|p1a: montenegro|75\/100 tox|[from] item: Leftovers\n|-damage|p1a: montenegro|69\/100 tox|[from] psn\n|upkeep\n|turn|22\n|\n|t:|1700446730\n|move|p2a: FREE HAITI|Switcheroo|p1a: montenegro\n|-activate|p2a: FREE HAITI|move: Trick|[of] p1a: montenegro\n|-item|p1a: montenegro|Eviolite|[from] move: Switcheroo\n|-item|p2a: FREE HAITI|Leftovers|[from] move: Switcheroo\n|move|p1a: montenegro|Earthquake|p2a: FREE HAITI\n|-supereffective|p2a: FREE HAITI\n|-damage|p2a: FREE HAITI|0 fnt\n|faint|p2a: FREE HAITI\n|\n|-damage|p1a: montenegro|56\/100 tox|[from] psn\n|upkeep\n|\n|t:|1700446756\n|switch|p2a: FREE PALESTINE|Slowbro, M, shiny|99\/100\n|-damage|p2a: FREE PALESTINE|88\/100|[from] Stealth Rock\n|turn|23\n|\n|t:|1700446784\n|switch|p1a: celty|Umbreon, M, shiny|100\/100\n|move|p2a: FREE PALESTINE|Psychic|p1a: celty\n|-immune|p1a: celty\n|\n|-heal|p2a: FREE PALESTINE|94\/100|[from] item: Leftovers\n|upkeep\n|turn|24\n|l| FirstClassWill\n|\n|t:|1700446820\n|switch|p2a: FREE CONGO|Sandy Shocks|100\/100\n|-damage|p2a: FREE CONGO|94\/100|[from] Stealth Rock\n|move|p1a: celty|Wish|p1a: celty\n|\n|upkeep\n|turn|25\n|\n|t:|1700446854\n|switch|p1a: rika|Eelektross, M, shiny|27\/100\n|move|p2a: FREE CONGO|Thunderbolt|p1a: rika\n|-resisted|p1a: rika\n|-damage|p1a: rika|6\/100\n|\n|-heal|p1a: rika|59\/100|[from] move: Wish|[wisher] celty\n|upkeep\n|turn|26\n|\n|t:|1700446874\n|-end|p2a: FREE CONGO|Protosynthesis|[silent]\n|switch|p2a: FIRE FIST FOREVER|Kingambit, F, shiny|70\/100\n|-damage|p2a: FIRE FIST FOREVER|64\/100|[from] Stealth Rock\n|-activate|p2a: FIRE FIST FOREVER|ability: Supreme Overlord\n|-start|p2a: FIRE FIST FOREVER|fallen3|[silent]\n|move|p1a: rika|Volt Switch|p2a: FIRE FIST FOREVER\n|-damage|p2a: FIRE FIST FOREVER|36\/100\n|\n|t:|1700446886\n|switch|p1a: shit trash lmao|Salamence, M, shiny|71\/100|[from] Volt Switch\n|-ability|p1a: shit trash lmao|Intimidate|boost\n|-unboost|p2a: FIRE FIST FOREVER|atk|1\n|\n|upkeep\n|turn|27\n|\n|t:|1700446903\n|-end|p2a: FIRE FIST FOREVER|fallen3|[silent]\n|switch|p2a: FREE CONGO|Sandy Shocks|94\/100\n|-damage|p2a: FREE CONGO|88\/100|[from] Stealth Rock\n|move|p1a: shit trash lmao|Flamethrower|p2a: FREE CONGO\n|-damage|p2a: FREE CONGO|49\/100\n|\n|upkeep\n|turn|28\n|\n|t:|1700446915\n|switch|p1a: rika|Eelektross, M, shiny|59\/100\n|move|p2a: FREE CONGO|Volt Switch|p1a: rika\n|-resisted|p1a: rika\n|-damage|p1a: rika|42\/100\n|\n|t:|1700446921\n|-end|p2a: FREE CONGO|Protosynthesis|[silent]\n|switch|p2a: FIRE FIST FOREVER|Kingambit, F, shiny|36\/100|[from] Volt Switch\n|-damage|p2a: FIRE FIST FOREVER|29\/100|[from] Stealth Rock\n|-activate|p2a: FIRE FIST FOREVER|ability: Supreme Overlord\n|-start|p2a: FIRE FIST FOREVER|fallen3|[silent]\n|\n|upkeep\n|turn|29\n|\n|t:|1700446938\n|move|p2a: FIRE FIST FOREVER|Kowtow Cleave|p1a: rika\n|-damage|p1a: rika|0 fnt\n|faint|p1a: rika\n|\n|upkeep\n|\n|t:|1700446946\n|switch|p1a: shit trash lmao|Salamence, M, shiny|71\/100\n|-ability|p1a: shit trash lmao|Intimidate|boost\n|-unboost|p2a: FIRE FIST FOREVER|atk|1\n|turn|30\n|\n|t:|1700446951\n|-end|p2a: FIRE FIST FOREVER|fallen3|[silent]\n|switch|p2a: FREE PALESTINE|Slowbro, M, shiny|100\/100\n|-damage|p2a: FREE PALESTINE|88\/100|[from] Stealth Rock\n|move|p1a: shit trash lmao|Flamethrower|p2a: FREE PALESTINE\n|-resisted|p2a: FREE PALESTINE\n|-damage|p2a: FREE PALESTINE|72\/100\n|\n|-heal|p2a: FREE PALESTINE|78\/100|[from] item: Leftovers\n|upkeep\n|turn|31\n|\n|t:|1700446979\n|switch|p2a: FIRE FIST FOREVER|Kingambit, F, shiny|29\/100\n|-damage|p2a: FIRE FIST FOREVER|23\/100|[from] Stealth Rock\n|-activate|p2a: FIRE FIST FOREVER|ability: Supreme Overlord\n|-start|p2a: FIRE FIST FOREVER|fallen3|[silent]\n|move|p1a: shit trash lmao|Draco Meteor|p2a: FIRE FIST FOREVER\n|-resisted|p2a: FIRE FIST FOREVER\n|-damage|p2a: FIRE FIST FOREVER|0 fnt\n|-unboost|p1a: shit trash lmao|spa|2\n|faint|p2a: FIRE FIST FOREVER\n|-end|p2a: FIRE FIST FOREVER|fallen3|[silent]\n|\n|upkeep\n|\n|t:|1700447007\n|switch|p2a: FREE CONGO|Sandy Shocks|49\/100\n|-damage|p2a: FREE CONGO|43\/100|[from] Stealth Rock\n|turn|32\n|j| FirstClassWill\n|\n|t:|1700447041\n|switch|p1a: montenegro|Mudsdale, M, shiny|56\/100 tox\n|move|p2a: FREE CONGO|Earth Power|p1a: montenegro\n|-damage|p1a: montenegro|0 fnt\n|faint|p1a: montenegro\n|\n|upkeep\n|\n|t:|1700447044\n|switch|p1a: shit trash lmao|Salamence, M, shiny|71\/100\n|-ability|p1a: shit trash lmao|Intimidate|boost\n|-unboost|p2a: FREE CONGO|atk|1\n|turn|33\n|\n|t:|1700447084\n|-end|p2a: FREE CONGO|Protosynthesis|[silent]\n|switch|p2a: FREE PALESTINE|Slowbro, M, shiny|100\/100\n|-damage|p2a: FREE PALESTINE|88\/100|[from] Stealth Rock\n|move|p1a: shit trash lmao|Draco Meteor|p2a: FREE PALESTINE\n|-damage|p2a: FREE PALESTINE|21\/100\n|-unboost|p1a: shit trash lmao|spa|2\n|\n|-heal|p2a: FREE PALESTINE|27\/100|[from] item: Leftovers\n|upkeep\n|turn|34\n|\n|t:|1700447093\n|switch|p2a: FREE CONGO|Sandy Shocks|43\/100\n|-damage|p2a: FREE CONGO|37\/100|[from] Stealth Rock\n|move|p1a: shit trash lmao|Draco Meteor|p2a: FREE CONGO\n|-damage|p2a: FREE CONGO|0 fnt\n|-unboost|p1a: shit trash lmao|spa|2\n|faint|p2a: FREE CONGO\n|-end|p2a: FREE CONGO|Protosynthesis|[silent]\n|\n|upkeep\n|\n|t:|1700447102\n|switch|p2a: FREE PALESTINE|Slowbro, M, shiny|60\/100\n|-damage|p2a: FREE PALESTINE|48\/100|[from] Stealth Rock\n|turn|35\n|\n|t:|1700447111\n|switch|p1a: celty|Umbreon, M, shiny|100\/100\n|move|p2a: FREE PALESTINE|Slack Off|p2a: FREE PALESTINE\n|-heal|p2a: FREE PALESTINE|98\/100\n|\n|-heal|p2a: FREE PALESTINE|100\/100|[from] item: Leftovers\n|upkeep\n|turn|36\n|c|\u2606muffinATEthat|ah gg\n|\n|t:|1700447124\n|move|p1a: celty|Toxic|p2a: FREE PALESTINE\n|-status|p2a: FREE PALESTINE|tox\n|move|p2a: FREE PALESTINE|Ice Beam|p1a: celty\n|-damage|p1a: celty|89\/100\n|\n|-damage|p2a: FREE PALESTINE|94\/100 tox|[from] psn\n|upkeep\n|turn|37\n|-message|muffinATEthat forfeited.\n|\n|win|burberry bax\n","uploadtime":1700447137,"views":12,"p1id":"burberrybax","p2id":"muffinatethat","formatid":"gen9ou","rating":0,"private":0,"password":""}