{"id":"gen9ou-2000073654","p1":"TheGr8est2EverDoIt","p2":"Prav33n","format":"[Gen 9] OU","log":"|j|\u2606TheGr8est2EverDoIt\n|j|\u2606Prav33n\n|t:|1701149890\n|gametype|singles\n|player|p1|TheGr8est2EverDoIt|lucas|1747\n|player|p2|Prav33n|swimmer-gen4|1625\n|teamsize|p1|6\n|teamsize|p2|6\n|gen|9\n|tier|[Gen 9] OU\n|rated|\n|rule|Sleep Clause Mod: Limit one foe put to sleep\n|rule|Species Clause: Limit one of each Pok\u00e9mon\n|rule|OHKO Clause: OHKO moves are banned\n|rule|Evasion Items Clause: Evasion items are banned\n|rule|Evasion Moves Clause: Evasion moves are banned\n|rule|Endless Battle Clause: Forcing endless battles is banned\n|rule|HP Percentage Mod: HP is shown in percentages\n|clearpoke\n|poke|p1|Falinks|\n|poke|p1|Ribombee, M|\n|poke|p1|Gholdengo|\n|poke|p1|Iron Jugulis|\n|poke|p1|Ogerpon-Wellspring, F|\n|poke|p1|Munkidori, M|\n|poke|p2|Cinderace, F|\n|poke|p2|Landorus-Therian, M|\n|poke|p2|Weavile, F|\n|poke|p2|Great Tusk|\n|poke|p2|Gholdengo|\n|poke|p2|Walking Wake|\n|teampreview\n|inactive|Battle timer is ON: inactive players will automatically lose when time's up. (requested by Prav33n)\n|\n|t:|1701149903\n|start\n|switch|p1a: Ribombee|Ribombee, M|100\/100\n|switch|p2a: Weavile|Weavile, F|100\/100\n|turn|1\n|\n|t:|1701149906\n|move|p2a: Weavile|Icicle Crash|p1a: Ribombee\n|-enditem|p1a: Ribombee|Focus Sash\n|-damage|p1a: Ribombee|1\/100\n|move|p1a: Ribombee|Moonblast|p2a: Weavile\n|-supereffective|p2a: Weavile\n|-damage|p2a: Weavile|0 fnt\n|faint|p2a: Weavile\n|\n|upkeep\n|\n|t:|1701149922\n|switch|p2a: Cinderace|Cinderace, F|100\/100\n|turn|2\n|\n|t:|1701149929\n|move|p1a: Ribombee|Stun Spore|p2a: Cinderace|[miss]\n|-miss|p1a: Ribombee|p2a: Cinderace\n|move|p2a: Cinderace|Pyro Ball|p1a: Ribombee\n|-supereffective|p1a: Ribombee\n|-crit|p1a: Ribombee\n|-damage|p1a: Ribombee|0 fnt\n|faint|p1a: Ribombee\n|\n|upkeep\n|\n|t:|1701149936\n|switch|p1a: Iron Jugulis|Iron Jugulis|100\/100\n|-enditem|p1a: Iron Jugulis|Booster Energy\n|-activate|p1a: Iron Jugulis|ability: Quark Drive|[fromitem]\n|-start|p1a: Iron Jugulis|quarkdrivespe\n|turn|3\n|\n|t:|1701149951\n|switch|p2a: Gholdengo|Gholdengo|100\/100\n|-item|p2a: Gholdengo|Air Balloon\n|move|p1a: Iron Jugulis|Dark Pulse|p2a: Gholdengo\n|-supereffective|p2a: Gholdengo\n|-damage|p2a: Gholdengo|1\/100\n|-enditem|p2a: Gholdengo|Air Balloon\n|\n|upkeep\n|turn|4\n|\n|t:|1701149957\n|move|p1a: Iron Jugulis|Dark Pulse|p2a: Gholdengo\n|-supereffective|p2a: Gholdengo\n|-damage|p2a: Gholdengo|0 fnt\n|faint|p2a: Gholdengo\n|\n|upkeep\n|\n|t:|1701149959\n|switch|p2a: Landorus|Landorus-Therian, M|100\/100\n|-ability|p2a: Landorus|Intimidate|boost\n|-unboost|p1a: Iron Jugulis|atk|1\n|turn|5\n|\n|t:|1701149962\n|move|p1a: Iron Jugulis|Dark Pulse|p2a: Landorus\n|-damage|p2a: Landorus|57\/100\n|move|p2a: Landorus|U-turn|p1a: Iron Jugulis\n|-damage|p1a: Iron Jugulis|75\/100\n|\n|t:|1701149969\n|switch|p2a: Walking Wake|Walking Wake|100\/100|[from] U-turn\n|-enditem|p2a: Walking Wake|Booster Energy\n|-activate|p2a: Walking Wake|ability: Protosynthesis|[fromitem]\n|-start|p2a: Walking Wake|protosynthesisspa\n|\n|upkeep\n|turn|6\n|\n|t:|1701149973\n|move|p1a: Iron Jugulis|Taunt|p2a: Walking Wake\n|-start|p2a: Walking Wake|move: Taunt\n|cant|p2a: Walking Wake|move: Taunt|Agility\n|\n|upkeep\n|turn|7\n|\n|t:|1701149978\n|-end|p1a: Iron Jugulis|Quark Drive|[silent]\n|switch|p1a: Ogerpon|Ogerpon-Wellspring, F|100\/100\n|move|p2a: Walking Wake|Surf|p1a: Ogerpon\n|-immune|p1a: Ogerpon|[from] ability: Water Absorb\n|\n|upkeep\n|turn|8\n|\n|t:|1701149982\n|move|p1a: Ogerpon|Ivy Cudgel|p2a: Walking Wake|[anim] Ivy Cudgel Water\n|-resisted|p2a: Walking Wake\n|-damage|p2a: Walking Wake|85\/100\n|move|p2a: Walking Wake|Dragon Pulse|p1a: Ogerpon\n|-damage|p1a: Ogerpon|24\/100\n|\n|-end|p2a: Walking Wake|move: Taunt\n|upkeep\n|turn|9\n|\n|t:|1701149990\n|move|p1a: Ogerpon|Horn Leech|p2a: Walking Wake\n|-damage|p2a: Walking Wake|33\/100\n|-heal|p1a: Ogerpon|53\/100|[from] drain|[of] p2a: Walking Wake\n|move|p2a: Walking Wake|Agility|p2a: Walking Wake\n|-boost|p2a: Walking Wake|spe|2\n|\n|upkeep\n|turn|10\n|\n|t:|1701149998\n|-terastallize|p1a: Ogerpon|Water\n|detailschange|p1a: Ogerpon|Ogerpon-Wellspring-Tera, F, tera:Water\n|-ability|p1a: Ogerpon|Embody Aspect (Wellspring)|boost\n|-boost|p1a: Ogerpon|spd|1\n|move|p2a: Walking Wake|Dragon Pulse|p1a: Ogerpon\n|-damage|p1a: Ogerpon|5\/100\n|move|p1a: Ogerpon|Horn Leech|p2a: Walking Wake\n|-damage|p2a: Walking Wake|0 fnt\n|-heal|p1a: Ogerpon|24\/100|[from] drain|[of] p2a: Walking Wake\n|faint|p2a: Walking Wake\n|-end|p2a: Walking Wake|Protosynthesis|[silent]\n|\n|upkeep\n|\n|t:|1701150002\n|switch|p2a: Cinderace|Cinderace, F|100\/100\n|turn|11\n|\n|t:|1701150018\n|switch|p1a: Iron Jugulis|Iron Jugulis|75\/100\n|-terastallize|p2a: Cinderace|Fire\n|move|p2a: Cinderace|Pyro Ball|p1a: Iron Jugulis\n|-damage|p1a: Iron Jugulis|0 fnt\n|faint|p1a: Iron Jugulis\n|-end|p1a: Iron Jugulis|Quark Drive|[silent]\n|\n|upkeep\n|\n|t:|1701150025\n|switch|p1a: Falinks|Falinks|100\/100\n|turn|12\n|\n|t:|1701150027\n|move|p2a: Cinderace|Pyro Ball|p1a: Falinks\n|-damage|p1a: Falinks|0 fnt\n|faint|p1a: Falinks\n|\n|upkeep\n|-message|TheGr8est2EverDoIt forfeited.\n|\n|win|Prav33n\n|raw|TheGr8est2EverDoIt's rating: 1747 &rarr; <strong>1720<\/strong><br \/>(-27 for losing)\n|raw|Prav33n's rating: 1625 &rarr; <strong>1652<\/strong><br \/>(+27 for winning)\n|l|\u2606TheGr8est2EverDoIt\n","uploadtime":1701150039,"views":10,"p1id":"thegr8est2everdoit","p2id":"prav33n","formatid":"gen9ou","rating":1652,"private":0,"password":""}