{"id":"gen9ou-1999506812","p1":"PLLV52 Notes","p2":"ddddddddddddqwea","format":"[Gen 9] OU","log":"|j|\u2606PLLV52 Notes\n|j|\u2606ddddddddddddqwea\n|t:|1701090349\n|gametype|singles\n|player|p1|PLLV52 Notes|2|1000\n|player|p2|ddddddddddddqwea|gentleman|1098\n|teamsize|p1|6\n|teamsize|p2|6\n|gen|9\n|tier|[Gen 9] OU\n|rated|\n|rule|Sleep Clause Mod: Limit one foe put to sleep\n|rule|Species Clause: Limit one of each Pok\u00e9mon\n|rule|OHKO Clause: OHKO moves are banned\n|rule|Evasion Items Clause: Evasion items are banned\n|rule|Evasion Moves Clause: Evasion moves are banned\n|rule|Endless Battle Clause: Forcing endless battles is banned\n|rule|HP Percentage Mod: HP is shown in percentages\n|clearpoke\n|poke|p1|Ninetales-Alola, F|\n|poke|p1|Dragonite, F|\n|poke|p1|Gholdengo|\n|poke|p1|Manaphy|\n|poke|p1|Kommo-o, F|\n|poke|p1|Ogerpon-Wellspring, F|\n|poke|p2|Zapdos|\n|poke|p2|Slowking-Galar, F|\n|poke|p2|Perrserker, M|\n|poke|p2|Great Tusk|\n|poke|p2|Crawdaunt, F|\n|poke|p2|Mandibuzz, F|\n|teampreview\n|\n|t:|1701090368\n|start\n|switch|p1a: Ninetales|Ninetales-Alola, F|100\/100\n|switch|p2a: Perrserker|Perrserker, M|100\/100\n|-weather|Snow|[from] ability: Snow Warning|[of] p1a: Ninetales\n|turn|1\n|\n|t:|1701090377\n|move|p1a: Ninetales|Aurora Veil|p1a: Ninetales\n|-sidestart|p1: PLLV52 Notes|move: Aurora Veil\n|move|p2a: Perrserker|Gyro Ball|p1a: Ninetales\n|-supereffective|p1a: Ninetales\n|-damage|p1a: Ninetales|0 fnt\n|faint|p1a: Ninetales\n|\n|-weather|Snow|[upkeep]\n|upkeep\n|\n|t:|1701090385\n|switch|p1a: Kommo-o|Kommo-o, F|100\/100\n|turn|2\n|\n|t:|1701090403\n|move|p1a: Kommo-o|Clangorous Soul|p1a: Kommo-o\n|-boost|p1a: Kommo-o|atk|1\n|-boost|p1a: Kommo-o|def|1\n|-boost|p1a: Kommo-o|spa|1\n|-boost|p1a: Kommo-o|spd|1\n|-boost|p1a: Kommo-o|spe|1\n|-damage|p1a: Kommo-o|68\/100\n|-enditem|p1a: Kommo-o|Throat Spray\n|-boost|p1a: Kommo-o|spa|1|[from] item: Throat Spray\n|move|p2a: Perrserker|Gyro Ball|p1a: Kommo-o\n|-immune|p1a: Kommo-o|[from] ability: Bulletproof\n|\n|-weather|Snow|[upkeep]\n|upkeep\n|turn|3\n|\n|t:|1701090415\n|move|p1a: Kommo-o|Close Combat|p2a: Perrserker\n|-supereffective|p2a: Perrserker\n|-damage|p2a: Perrserker|0 fnt\n|-unboost|p1a: Kommo-o|def|1\n|-unboost|p1a: Kommo-o|spd|1\n|faint|p2a: Perrserker\n|\n|-weather|Snow|[upkeep]\n|upkeep\n|\n|t:|1701090423\n|switch|p2a: Great Tusk|Great Tusk, shiny|100\/100\n|turn|4\n|\n|t:|1701090434\n|-terastallize|p1a: Kommo-o|Normal\n|move|p1a: Kommo-o|Boomburst|p2a: Great Tusk\n|-damage|p2a: Great Tusk|0 fnt\n|faint|p2a: Great Tusk\n|-end|p2a: Great Tusk|Protosynthesis|[silent]\n|\n|-weather|Snow|[upkeep]\n|upkeep\n|\n|t:|1701090444\n|switch|p2a: Slowking|Slowking-Galar, F|100\/100\n|turn|5\n|\n|t:|1701090453\n|move|p1a: Kommo-o|Boomburst|p2a: Slowking\n|-damage|p2a: Slowking|13\/100\n|move|p2a: Slowking|Trick Room|p2a: Slowking\n|-fieldstart|move: Trick Room|[of] p2a: Slowking\n|\n|-weather|none\n|upkeep\n|turn|6\n|\n|t:|1701090486\n|move|p2a: Slowking|Future Sight|p1a: Kommo-o\n|-start|p2a: Slowking|move: Future Sight\n|move|p1a: Kommo-o|Boomburst|p2a: Slowking\n|-damage|p2a: Slowking|0 fnt\n|faint|p2a: Slowking\n|\n|upkeep\n|\n|t:|1701090496\n|switch|p2a: Crawdaunt|Crawdaunt, F|100\/100\n|turn|7\n|\n|t:|1701090504\n|-terastallize|p2a: Crawdaunt|Water\n|move|p2a: Crawdaunt|Crabhammer|p1a: Kommo-o\n|-damage|p1a: Kommo-o|5\/100\n|move|p1a: Kommo-o|Boomburst|p2a: Crawdaunt\n|-damage|p2a: Crawdaunt|0 fnt\n|faint|p2a: Crawdaunt\n|\n|upkeep\n|\n|t:|1701090523\n|switch|p2a: Zapdos|Zapdos|100\/100\n|turn|8\n|\n|t:|1701090528\n|move|p2a: Zapdos|Hurricane|p1a: Kommo-o\n|-damage|p1a: Kommo-o|0 fnt\n|faint|p1a: Kommo-o\n|\n|-hint|Future Sight did not hit because the target is fainted.\n|-sideend|p1: PLLV52 Notes|move: Aurora Veil\n|upkeep\n|\n|t:|1701090549\n|switch|p1a: Manaphy|Manaphy|100\/100\n|turn|9\n|\n|t:|1701090569\n|move|p2a: Zapdos|Hurricane|p1a: Manaphy\n|-damage|p1a: Manaphy|54\/100\n|-start|p1a: Manaphy|confusion\n|-activate|p1a: Manaphy|confusion\n|move|p1a: Manaphy|Tail Glow|p1a: Manaphy\n|-boost|p1a: Manaphy|spa|3\n|\n|-fieldend|move: Trick Room\n|upkeep\n|turn|10\n|\n|t:|1701090579\n|-activate|p1a: Manaphy|confusion\n|-damage|p1a: Manaphy|47\/100|[from] confusion\n|move|p2a: Zapdos|Volt Switch|p1a: Manaphy\n|-supereffective|p1a: Manaphy\n|-damage|p1a: Manaphy|0 fnt\n|faint|p1a: Manaphy\n|\n|t:|1701090583\n|switch|p2a: Mandibuzz|Mandibuzz, F|100\/100|[from] Volt Switch\n|\n|upkeep\n|\n|t:|1701090602\n|switch|p1a: Ogerpon|Ogerpon-Wellspring, F|100\/100\n|turn|11\n|\n|t:|1701090605\n|move|p1a: Ogerpon|Swords Dance|p1a: Ogerpon\n|-boost|p1a: Ogerpon|atk|2\n|move|p2a: Mandibuzz|Foul Play|p1a: Ogerpon\n|-damage|p1a: Ogerpon|0 fnt\n|faint|p1a: Ogerpon\n|\n|upkeep\n|\n|t:|1701090609\n|switch|p1a: Gholdengo|Gholdengo|100\/100\n|-item|p1a: Gholdengo|Air Balloon\n|turn|12\n|\n|t:|1701090629\n|move|p1a: Gholdengo|Nasty Plot|p1a: Gholdengo\n|-boost|p1a: Gholdengo|spa|2\n|move|p2a: Mandibuzz|U-turn|p1a: Gholdengo\n|-resisted|p1a: Gholdengo\n|-damage|p1a: Gholdengo|97\/100\n|-enditem|p1a: Gholdengo|Air Balloon\n|\n|t:|1701090631\n|switch|p2a: Zapdos|Zapdos|100\/100|[from] U-turn\n|\n|upkeep\n|turn|13\n|\n|t:|1701090650\n|move|p1a: Gholdengo|Shadow Ball|p2a: Zapdos\n|-damage|p2a: Zapdos|46\/100\n|move|p2a: Zapdos|Volt Switch|p1a: Gholdengo\n|-damage|p1a: Gholdengo|63\/100\n|\n|t:|1701090655\n|switch|p2a: Mandibuzz|Mandibuzz, F|100\/100|[from] Volt Switch\n|\n|upkeep\n|turn|14\n|\n|t:|1701090677\n|switch|p2a: Zapdos|Zapdos|46\/100\n|move|p1a: Gholdengo|Focus Blast|p2a: Zapdos\n|-resisted|p2a: Zapdos\n|-damage|p2a: Zapdos|14\/100\n|\n|upkeep\n|turn|15\n|\n|t:|1701090694\n|move|p1a: Gholdengo|Shadow Ball|p2a: Zapdos\n|-damage|p2a: Zapdos|0 fnt\n|faint|p2a: Zapdos\n|\n|upkeep\n|\n|t:|1701090695\n|switch|p2a: Mandibuzz|Mandibuzz, F|100\/100\n|turn|16\n|\n|t:|1701090710\n|move|p1a: Gholdengo|Focus Blast|p2a: Mandibuzz\n|-damage|p2a: Mandibuzz|33\/100\n|move|p2a: Mandibuzz|Foul Play|p1a: Gholdengo\n|-supereffective|p1a: Gholdengo\n|-damage|p1a: Gholdengo|26\/100\n|\n|upkeep\n|turn|17\n|\n|t:|1701090715\n|move|p1a: Gholdengo|Focus Blast|p2a: Mandibuzz|[miss]\n|-miss|p1a: Gholdengo|p2a: Mandibuzz\n|move|p2a: Mandibuzz|Roost|p2a: Mandibuzz\n|-heal|p2a: Mandibuzz|83\/100\n|-singleturn|p2a: Mandibuzz|move: Roost\n|\n|upkeep\n|turn|18\n|\n|t:|1701090719\n|move|p1a: Gholdengo|Focus Blast|p2a: Mandibuzz|[miss]\n|-miss|p1a: Gholdengo|p2a: Mandibuzz\n|move|p2a: Mandibuzz|Foul Play|p1a: Gholdengo\n|-supereffective|p1a: Gholdengo\n|-damage|p1a: Gholdengo|0 fnt\n|faint|p1a: Gholdengo\n|\n|upkeep\n|\n|t:|1701090728\n|switch|p1a: Dragonite|Dragonite, F|100\/100\n|turn|19\n|\n|t:|1701090734\n|move|p1a: Dragonite|Dragon Dance|p1a: Dragonite\n|-boost|p1a: Dragonite|atk|1\n|-boost|p1a: Dragonite|spe|1\n|move|p2a: Mandibuzz|Foul Play|p1a: Dragonite\n|-damage|p1a: Dragonite|60\/100\n|\n|upkeep\n|turn|20\n|\n|t:|1701090738\n|move|p1a: Dragonite|Dragon Claw|p2a: Mandibuzz\n|-crit|p2a: Mandibuzz\n|-damage|p2a: Mandibuzz|30\/100\n|move|p2a: Mandibuzz|Foul Play|p1a: Dragonite\n|-damage|p1a: Dragonite|0 fnt\n|faint|p1a: Dragonite\n|\n|win|ddddddddddddqwea\n|raw|PLLV52 Notes's rating: 1000 &rarr; <strong>1000<\/strong><br \/>(+0 for losing)\n|raw|ddddddddddddqwea's rating: 1098 &rarr; <strong>1116<\/strong><br \/>(+18 for winning)\n","uploadtime":1701090741,"views":2,"p1id":"pllv52notes","p2id":"ddddddddddddqwea","formatid":"gen9ou","rating":1000,"private":0,"password":""}