{"id":"gen9ou-1989118406","p1":"Skaraptor2.1","p2":"delphoxluvr71","format":"[Gen 9] OU","log":"|j|\u2606Skaraptor2.1\n|j|\u2606delphoxluvr71\n|t:|1699814207\n|gametype|singles\n|player|p1|Skaraptor2.1|emma|1202\n|player|p2|delphoxluvr71|2|1134\n|teamsize|p1|6\n|teamsize|p2|6\n|gen|9\n|tier|[Gen 9] OU\n|rated|\n|rule|Sleep Clause Mod: Limit one foe put to sleep\n|rule|Species Clause: Limit one of each Pok\u00e9mon\n|rule|OHKO Clause: OHKO moves are banned\n|rule|Evasion Items Clause: Evasion items are banned\n|rule|Evasion Moves Clause: Evasion moves are banned\n|rule|Endless Battle Clause: Forcing endless battles is banned\n|rule|HP Percentage Mod: HP is shown in percentages\n|clearpoke\n|poke|p1|Ribombee, M|\n|poke|p1|Ogerpon-Wellspring, F|\n|poke|p1|Iron Moth|\n|poke|p1|Zamazenta-*|\n|poke|p1|Iron Valiant|\n|poke|p1|Kingambit, F|\n|poke|p2|Heatran, F|\n|poke|p2|Rillaboom, M|\n|poke|p2|Greninja-*, F|\n|poke|p2|Enamorus, F|\n|poke|p2|Iron Valiant|\n|poke|p2|Great Tusk|\n|teampreview\n|inactive|Battle timer is ON: inactive players will automatically lose when time's up. (requested by Skaraptor2.1)\n|\n|t:|1699814218\n|start\n|switch|p1a: Twink|Ribombee, M|100\/100\n|switch|p2a: Rillaboom|Rillaboom, M|100\/100\n|-fieldstart|move: Grassy Terrain|[from] ability: Grassy Surge|[of] p2a: Rillaboom\n|turn|1\n|\n|t:|1699814235\n|switch|p2a: Heatran|Heatran, F|100\/100\n|move|p1a: Twink|Sticky Web|p2a: Heatran\n|-sidestart|p2: delphoxluvr71|move: Sticky Web\n|\n|upkeep\n|turn|2\n|\n|t:|1699814241\n|move|p1a: Twink|Skill Swap|p2a: Heatran\n|-activate|p1a: Twink|move: Skill Swap|Flash Fire|Shield Dust|[of] p2a: Heatran\n|move|p2a: Heatran|Fire Blast|p1a: Twink\n|-start|p1a: Twink|ability: Flash Fire\n|\n|upkeep\n|turn|3\n|j| quadguh\n|l| quadguh\n|\n|t:|1699814248\n|move|p1a: Twink|Stun Spore|p2a: Heatran\n|-status|p2a: Heatran|par\n|move|p2a: Heatran|Flash Cannon|p1a: Twink\n|-supereffective|p1a: Twink\n|-enditem|p1a: Twink|Focus Sash\n|-damage|p1a: Twink|1\/100\n|\n|-heal|p1a: Twink|7\/100|[from] Grassy Terrain\n|upkeep\n|turn|4\n|\n|t:|1699814261\n|move|p1a: Twink|Moonblast|p2a: Heatran\n|-resisted|p2a: Heatran\n|-damage|p2a: Heatran|96\/100 par\n|move|p2a: Heatran|Flash Cannon|p1a: Twink\n|-supereffective|p1a: Twink\n|-damage|p1a: Twink|0 fnt\n|faint|p1a: Twink\n|\n|-heal|p2a: Heatran|100\/100 par|[from] Grassy Terrain\n|upkeep\n|\n|t:|1699814265\n|switch|p1a: Defender of Trans|Zamazenta, shiny|100\/100\n|-ability|p1a: Defender of Trans|Dauntless Shield|boost\n|-boost|p1a: Defender of Trans|def|1\n|turn|5\n|\n|t:|1699814280\n|-terastallize|p1a: Defender of Trans|Fire\n|-terastallize|p2a: Heatran|Psychic\n|move|p1a: Defender of Trans|Iron Defense|p1a: Defender of Trans\n|-boost|p1a: Defender of Trans|def|2\n|move|p2a: Heatran|Tera Blast|p1a: Defender of Trans|[anim] Tera Blast Psychic\n|-damage|p1a: Defender of Trans|62\/100\n|\n|-heal|p1a: Defender of Trans|68\/100|[from] Grassy Terrain\n|-heal|p1a: Defender of Trans|74\/100|[from] item: Leftovers\n|-fieldend|move: Grassy Terrain\n|upkeep\n|turn|6\n|\n|t:|1699814293\n|move|p1a: Defender of Trans|Iron Defense|p1a: Defender of Trans\n|-boost|p1a: Defender of Trans|def|2\n|cant|p2a: Heatran|par\n|\n|-heal|p1a: Defender of Trans|80\/100|[from] item: Leftovers\n|upkeep\n|turn|7\n|\n|t:|1699814295\n|move|p1a: Defender of Trans|Crunch|p2a: Heatran\n|-supereffective|p2a: Heatran\n|-crit|p2a: Heatran\n|-damage|p2a: Heatran|40\/100 par\n|cant|p2a: Heatran|par\n|\n|-heal|p1a: Defender of Trans|86\/100|[from] item: Leftovers\n|upkeep\n|turn|8\n|\n|t:|1699814301\n|move|p1a: Defender of Trans|Crunch|p2a: Heatran\n|-supereffective|p2a: Heatran\n|-damage|p2a: Heatran|4\/100 par\n|cant|p2a: Heatran|par\n|\n|-heal|p1a: Defender of Trans|93\/100|[from] item: Leftovers\n|upkeep\n|turn|9\n|\n|t:|1699814304\n|move|p1a: Defender of Trans|Crunch|p2a: Heatran\n|-supereffective|p2a: Heatran\n|-damage|p2a: Heatran|0 fnt\n|faint|p2a: Heatran\n|\n|-heal|p1a: Defender of Trans|99\/100|[from] item: Leftovers\n|upkeep\n|\n|t:|1699814313\n|switch|p2a: Great Tusk|Great Tusk|100\/100\n|-activate|p2a: Great Tusk|move: Sticky Web\n|-unboost|p2a: Great Tusk|spe|1\n|-enditem|p2a: Great Tusk|Booster Energy\n|-activate|p2a: Great Tusk|ability: Protosynthesis|[fromitem]\n|-start|p2a: Great Tusk|protosynthesisatk\n|turn|10\n|\n|t:|1699814325\n|move|p1a: Defender of Trans|Body Press|p2a: Great Tusk\n|-damage|p2a: Great Tusk|1\/100\n|move|p2a: Great Tusk|Rapid Spin|p1a: Defender of Trans\n|-damage|p1a: Defender of Trans|94\/100\n|-boost|p2a: Great Tusk|spe|1\n|-sideend|p2: delphoxluvr71|Sticky Web|[from] move: Rapid Spin|[of] p2a: Great Tusk\n|\n|-heal|p1a: Defender of Trans|99\/100|[from] item: Leftovers\n|upkeep\n|turn|11\n|\n|t:|1699814346\n|move|p1a: Defender of Trans|Body Press|p2a: Great Tusk\n|-damage|p2a: Great Tusk|0 fnt\n|faint|p2a: Great Tusk\n|-end|p2a: Great Tusk|Protosynthesis|[silent]\n|\n|-heal|p1a: Defender of Trans|100\/100|[from] item: Leftovers\n|upkeep\n|\n|t:|1699814352\n|switch|p2a: Greninja|Greninja, F, shiny|100\/100\n|turn|12\n|\n|t:|1699814365\n|move|p2a: Greninja|Haze|p2a: Greninja\n|-start|p2a: Greninja|typechange|Ice|[from] ability: Protean\n|-clearallboost\n|move|p1a: Defender of Trans|Body Press|p2a: Greninja\n|-supereffective|p2a: Greninja\n|-damage|p2a: Greninja|0 fnt\n|faint|p2a: Greninja\n|\n|upkeep\n|\n|t:|1699814372\n|switch|p2a: Iron Valiant|Iron Valiant|100\/100\n|-enditem|p2a: Iron Valiant|Booster Energy\n|-activate|p2a: Iron Valiant|ability: Quark Drive|[fromitem]\n|-start|p2a: Iron Valiant|quarkdrivespe\n|turn|13\n|\n|t:|1699814381\n|move|p2a: Iron Valiant|Knock Off|p1a: Defender of Trans\n|-damage|p1a: Defender of Trans|79\/100\n|-enditem|p1a: Defender of Trans|Leftovers|[from] move: Knock Off|[of] p2a: Iron Valiant\n|move|p1a: Defender of Trans|Heavy Slam|p2a: Iron Valiant\n|-supereffective|p2a: Iron Valiant\n|-damage|p2a: Iron Valiant|22\/100\n|\n|upkeep\n|turn|14\n|\n|t:|1699814384\n|move|p2a: Iron Valiant|Close Combat|p1a: Defender of Trans\n|-damage|p1a: Defender of Trans|39\/100\n|-unboost|p2a: Iron Valiant|def|1\n|-unboost|p2a: Iron Valiant|spd|1\n|move|p1a: Defender of Trans|Heavy Slam|p2a: Iron Valiant\n|-supereffective|p2a: Iron Valiant\n|-crit|p2a: Iron Valiant\n|-damage|p2a: Iron Valiant|0 fnt\n|faint|p2a: Iron Valiant\n|-end|p2a: Iron Valiant|Quark Drive|[silent]\n|\n|upkeep\n|\n|t:|1699814387\n|switch|p2a: Enamorus|Enamorus, F, shiny|100\/100\n|turn|15\n|\n|t:|1699814390\n|move|p1a: Defender of Trans|Heavy Slam|p2a: Enamorus\n|-supereffective|p2a: Enamorus\n|-damage|p2a: Enamorus|22\/100\n|move|p2a: Enamorus|Earth Power|p1a: Defender of Trans\n|-supereffective|p1a: Defender of Trans\n|-damage|p1a: Defender of Trans|0 fnt\n|faint|p1a: Defender of Trans\n|\n|upkeep\n|\n|t:|1699814395\n|switch|p1a: Transfem|Ogerpon-Wellspring, F|100\/100\n|turn|16\n|\n|t:|1699814402\n|switch|p2a: Rillaboom|Rillaboom, M|100\/100\n|-fieldstart|move: Grassy Terrain|[from] ability: Grassy Surge|[of] p2a: Rillaboom\n|move|p1a: Transfem|Swords Dance|p1a: Transfem\n|-boost|p1a: Transfem|atk|2\n|\n|upkeep\n|turn|17\n|\n|t:|1699814405\n|move|p1a: Transfem|Horn Leech|p2a: Rillaboom\n|-resisted|p2a: Rillaboom\n|-damage|p2a: Rillaboom|49\/100\n|move|p2a: Rillaboom|Wood Hammer|p1a: Transfem\n|-damage|p1a: Transfem|0 fnt\n|faint|p1a: Transfem\n|-damage|p2a: Rillaboom|20\/100|[from] Recoil\n|\n|-heal|p2a: Rillaboom|26\/100|[from] Grassy Terrain\n|-heal|p2a: Rillaboom|32\/100|[from] item: Leftovers\n|upkeep\n|\n|t:|1699814411\n|switch|p1a: Solar Panels|Iron Moth|100\/100\n|-enditem|p1a: Solar Panels|Booster Energy\n|-activate|p1a: Solar Panels|ability: Quark Drive|[fromitem]\n|-start|p1a: Solar Panels|quarkdrivespe\n|turn|18\n|\n|t:|1699814415\n|move|p1a: Solar Panels|Substitute|p1a: Solar Panels\n|-start|p1a: Solar Panels|Substitute\n|-damage|p1a: Solar Panels|76\/100\n|move|p2a: Rillaboom|Earthquake|p1a: Solar Panels\n|-supereffective|p1a: Solar Panels\n|-end|p1a: Solar Panels|Substitute\n|\n|-heal|p1a: Solar Panels|82\/100|[from] Grassy Terrain\n|-heal|p2a: Rillaboom|39\/100|[from] Grassy Terrain\n|-heal|p2a: Rillaboom|45\/100|[from] item: Leftovers\n|upkeep\n|turn|19\n|\n|t:|1699814418\n|move|p1a: Solar Panels|Fiery Dance|p2a: Rillaboom\n|-supereffective|p2a: Rillaboom\n|-damage|p2a: Rillaboom|0 fnt\n|faint|p2a: Rillaboom\n|\n|-heal|p1a: Solar Panels|88\/100|[from] Grassy Terrain\n|upkeep\n|\n|t:|1699814421\n|switch|p2a: Enamorus|Enamorus, F, shiny|22\/100\n|turn|20\n|\n|t:|1699814423\n|move|p1a: Solar Panels|Sludge Wave|p2a: Enamorus\n|-supereffective|p2a: Enamorus\n|-damage|p2a: Enamorus|0 fnt\n|faint|p2a: Enamorus\n|\n|win|Skaraptor2.1\n|raw|Skaraptor2.1's rating: 1202 &rarr; <strong>1222<\/strong><br \/>(+20 for winning)\n|raw|delphoxluvr71's rating: 1134 &rarr; <strong>1114<\/strong><br \/>(-20 for losing)\n","uploadtime":1699814426,"views":9,"p1id":"skaraptor21","p2id":"delphoxluvr71","formatid":"gen9ou","rating":1114,"private":0,"password":""}