{"id":"gen9ou-1997021573","p1":"KatKittyKat","p2":"SwiftTrim","format":"[Gen 9] OU","log":"|j|\u2606KatKittyKat\n|j|\u2606SwiftTrim\n|t:|1700756549\n|gametype|singles\n|player|p1|KatKittyKat|jupiter|1249\n|player|p2|SwiftTrim|infielder|1310\n|teamsize|p1|6\n|teamsize|p2|6\n|gen|9\n|tier|[Gen 9] OU\n|rated|\n|rule|Sleep Clause Mod: Limit one foe put to sleep\n|rule|Species Clause: Limit one of each Pok\u00e9mon\n|rule|OHKO Clause: OHKO moves are banned\n|rule|Evasion Items Clause: Evasion items are banned\n|rule|Evasion Moves Clause: Evasion moves are banned\n|rule|Endless Battle Clause: Forcing endless battles is banned\n|rule|HP Percentage Mod: HP is shown in percentages\n|clearpoke\n|poke|p1|Iron Leaves|\n|poke|p1|Scizor, M|\n|poke|p1|Thundurus-Therian, M|\n|poke|p1|Ninetales-Alola, M|\n|poke|p1|Dondozo, M|\n|poke|p1|Skeledirge, F|\n|poke|p2|Gholdengo|\n|poke|p2|Ting-Lu|\n|poke|p2|Manaphy|\n|poke|p2|Iron Moth|\n|poke|p2|Ogerpon-Cornerstone, F|\n|poke|p2|Dragonite, M|\n|teampreview\n|\n|t:|1700756559\n|start\n|switch|p1a: Scizor|Scizor, M|100\/100\n|switch|p2a: Ogerpon|Ogerpon-Cornerstone, F|100\/100\n|turn|1\n|\n|t:|1700756570\n|move|p2a: Ogerpon|Knock Off|p1a: Scizor\n|-damage|p1a: Scizor|62\/100\n|-enditem|p1a: Scizor|Leftovers|[from] move: Knock Off|[of] p2a: Ogerpon\n|move|p1a: Scizor|Dual Wingbeat|p2a: Ogerpon|[miss]\n|-miss|p1a: Scizor|p2a: Ogerpon\n|\n|upkeep\n|turn|2\n|\n|t:|1700756580\n|move|p1a: Scizor|Bullet Punch|p2a: Ogerpon\n|-supereffective|p2a: Ogerpon\n|-crit|p2a: Ogerpon\n|-ability|p2a: Ogerpon|Sturdy\n|-damage|p2a: Ogerpon|1\/100\n|move|p2a: Ogerpon|Ivy Cudgel|p1a: Scizor|[anim] Ivy Cudgel Rock\n|-damage|p1a: Scizor|5\/100\n|\n|upkeep\n|turn|3\n|\n|t:|1700756588\n|move|p1a: Scizor|Bullet Punch|p2a: Ogerpon\n|-supereffective|p2a: Ogerpon\n|-damage|p2a: Ogerpon|0 fnt\n|faint|p2a: Ogerpon\n|\n|upkeep\n|\n|t:|1700756591\n|switch|p2a: Ting-Lu|Ting-Lu|100\/100\n|-ability|p2a: Ting-Lu|Vessel of Ruin\n|turn|4\n|\n|t:|1700756598\n|move|p1a: Scizor|Knock Off|p2a: Ting-Lu\n|-resisted|p2a: Ting-Lu\n|-damage|p2a: Ting-Lu|93\/100\n|-enditem|p2a: Ting-Lu|Leftovers|[from] move: Knock Off|[of] p1a: Scizor\n|move|p2a: Ting-Lu|Stealth Rock|p1a: Scizor\n|-sidestart|p1: KatKittyKat|move: Stealth Rock\n|\n|upkeep\n|turn|5\n|\n|t:|1700756606\n|move|p1a: Scizor|Defog|p2a: Ting-Lu\n|-unboost|p2a: Ting-Lu|evasion|1\n|-sideend|p1: KatKittyKat|Stealth Rock|[from] move: Defog|[of] p1a: Scizor\n|move|p2a: Ting-Lu|Spikes|p1a: Scizor\n|-sidestart|p1: KatKittyKat|Spikes\n|\n|upkeep\n|turn|6\n|\n|t:|1700756615\n|move|p1a: Scizor|Knock Off|p2a: Ting-Lu\n|-resisted|p2a: Ting-Lu\n|-damage|p2a: Ting-Lu|88\/100\n|move|p2a: Ting-Lu|Whirlwind|p1a: Scizor\n|drag|p1a: Ninetales|Ninetales-Alola, M|100\/100\n|-damage|p1a: Ninetales|88\/100|[from] Spikes\n|-weather|Snow|[from] ability: Snow Warning|[of] p1a: Ninetales\n|\n|-weather|Snow|[upkeep]\n|upkeep\n|turn|7\n|\n|t:|1700756625\n|move|p1a: Ninetales|Moonblast|p2a: Ting-Lu\n|-supereffective|p2a: Ting-Lu\n|-damage|p2a: Ting-Lu|54\/100\n|move|p2a: Ting-Lu|Stealth Rock|p1a: Ninetales\n|-sidestart|p1: KatKittyKat|move: Stealth Rock\n|\n|-weather|Snow|[upkeep]\n|upkeep\n|turn|8\n|\n|t:|1700756631\n|move|p1a: Ninetales|Encore|p2a: Ting-Lu\n|-start|p2a: Ting-Lu|Encore\n|move|p2a: Ting-Lu|Stealth Rock||[still]\n|-fail|p2a: Ting-Lu\n|\n|-weather|Snow|[upkeep]\n|upkeep\n|turn|9\n|\n|t:|1700756635\n|switch|p2a: Gholdengo|Gholdengo|100\/100\n|move|p1a: Ninetales|Aurora Veil|p1a: Ninetales\n|-sidestart|p1: KatKittyKat|move: Aurora Veil\n|\n|-weather|Snow|[upkeep]\n|upkeep\n|turn|10\n|\n|t:|1700756640\n|switch|p1a: Scizor|Scizor, M|5\/100\n|-damage|p1a: Scizor|0 fnt|[from] Spikes\n|faint|p1a: Scizor\n|move|p2a: Gholdengo|Thunder Wave|p1: Scizor|[notarget]\n|-fail|p2a: Gholdengo\n|\n|-weather|none\n|upkeep\n|\n|t:|1700756654\n|switch|p1a: Skeledirge|Skeledirge, F|100\/100\n|-damage|p1a: Skeledirge|88\/100|[from] Spikes\n|-damage|p1a: Skeledirge|63\/100|[from] Stealth Rock\n|turn|11\n|\n|t:|1700756662\n|move|p2a: Gholdengo|Hex|p1a: Skeledirge\n|-supereffective|p1a: Skeledirge\n|-damage|p1a: Skeledirge|22\/100\n|move|p1a: Skeledirge|Earth Power|p2a: Gholdengo\n|-supereffective|p2a: Gholdengo\n|-damage|p2a: Gholdengo|36\/100\n|-enditem|p2a: Gholdengo|Sitrus Berry|[eat]\n|-heal|p2a: Gholdengo|61\/100|[from] item: Sitrus Berry\n|\n|-heal|p1a: Skeledirge|28\/100|[from] item: Leftovers\n|upkeep\n|turn|12\n|\n|t:|1700756669\n|-terastallize|p1a: Skeledirge|Ground\n|move|p2a: Gholdengo|Hex|p1a: Skeledirge\n|-damage|p1a: Skeledirge|7\/100\n|move|p1a: Skeledirge|Slack Off|p1a: Skeledirge\n|-heal|p1a: Skeledirge|57\/100\n|\n|-heal|p1a: Skeledirge|63\/100|[from] item: Leftovers\n|upkeep\n|turn|13\n|\n|t:|1700756675\n|switch|p2a: Manaphy|Manaphy, shiny|100\/100\n|move|p1a: Skeledirge|Slack Off|p1a: Skeledirge\n|-heal|p1a: Skeledirge|100\/100\n|\n|upkeep\n|turn|14\n|\n|t:|1700756681\n|switch|p1a: Ninetales|Ninetales-Alola, M|88\/100\n|-damage|p1a: Ninetales|76\/100|[from] Spikes\n|-damage|p1a: Ninetales|51\/100|[from] Stealth Rock\n|-weather|Snow|[from] ability: Snow Warning|[of] p1a: Ninetales\n|move|p2a: Manaphy|Tail Glow|p2a: Manaphy\n|-boost|p2a: Manaphy|spa|3\n|\n|-weather|Snow|[upkeep]\n|upkeep\n|turn|15\n|\n|t:|1700756690\n|switch|p2a: Gholdengo|Gholdengo|61\/100\n|move|p1a: Ninetales|Encore|p2a: Gholdengo\n|-immune|p2a: Gholdengo|[from] ability: Good as Gold\n|\n|-weather|Snow|[upkeep]\n|upkeep\n|turn|16\n|\n|t:|1700756696\n|move|p1a: Ninetales|Moonblast|p2a: Gholdengo\n|-resisted|p2a: Gholdengo\n|-damage|p2a: Gholdengo|47\/100\n|move|p2a: Gholdengo|Recover|p2a: Gholdengo\n|-heal|p2a: Gholdengo|97\/100\n|\n|-weather|Snow|[upkeep]\n|-sideend|p1: KatKittyKat|move: Aurora Veil\n|upkeep\n|turn|17\n|\n|t:|1700756703\n|move|p1a: Ninetales|Aurora Veil|p1a: Ninetales\n|-sidestart|p1: KatKittyKat|move: Aurora Veil\n|move|p2a: Gholdengo|Make It Rain|p1a: Ninetales\n|-supereffective|p1a: Ninetales\n|-damage|p1a: Ninetales|0 fnt\n|-unboost|p2a: Gholdengo|spa|1\n|faint|p1a: Ninetales\n|\n|-weather|Snow|[upkeep]\n|upkeep\n|\n|t:|1700756707\n|switch|p1a: Skeledirge|Skeledirge, F, tera:Ground|100\/100\n|-damage|p1a: Skeledirge|88\/100|[from] Spikes\n|-damage|p1a: Skeledirge|82\/100|[from] Stealth Rock\n|turn|18\n|\n|t:|1700756714\n|switch|p2a: Manaphy|Manaphy, shiny|100\/100\n|move|p1a: Skeledirge|Torch Song|p2a: Manaphy\n|-resisted|p2a: Manaphy\n|-damage|p2a: Manaphy|81\/100\n|-boost|p1a: Skeledirge|spa|1\n|\n|-weather|none\n|-heal|p1a: Skeledirge|88\/100|[from] item: Leftovers\n|upkeep\n|turn|19\n|\n|t:|1700756734\n|move|p2a: Manaphy|Scald|p1a: Skeledirge\n|-supereffective|p1a: Skeledirge\n|-damage|p1a: Skeledirge|50\/100\n|move|p1a: Skeledirge|Earth Power|p2a: Manaphy\n|-damage|p2a: Manaphy|9\/100\n|\n|-heal|p1a: Skeledirge|56\/100|[from] item: Leftovers\n|upkeep\n|turn|20\n|\n|t:|1700756742\n|move|p2a: Manaphy|Scald|p1a: Skeledirge\n|-supereffective|p1a: Skeledirge\n|-damage|p1a: Skeledirge|15\/100\n|move|p1a: Skeledirge|Earth Power|p2a: Manaphy\n|-damage|p2a: Manaphy|0 fnt\n|faint|p2a: Manaphy\n|\n|-heal|p1a: Skeledirge|21\/100|[from] item: Leftovers\n|upkeep\n|\n|t:|1700756752\n|switch|p2a: Iron Moth|Iron Moth|100\/100\n|-enditem|p2a: Iron Moth|Booster Energy\n|-activate|p2a: Iron Moth|ability: Quark Drive|[fromitem]\n|-start|p2a: Iron Moth|quarkdrivespe\n|turn|21\n|\n|t:|1700756757\n|-terastallize|p2a: Iron Moth|Bug\n|move|p2a: Iron Moth|Substitute|p2a: Iron Moth\n|-start|p2a: Iron Moth|Substitute\n|-damage|p2a: Iron Moth|76\/100\n|move|p1a: Skeledirge|Slack Off|p1a: Skeledirge\n|-heal|p1a: Skeledirge|71\/100\n|\n|-heal|p1a: Skeledirge|77\/100|[from] item: Leftovers\n|upkeep\n|turn|22\n|\n|t:|1700756766\n|move|p2a: Iron Moth|Energy Ball|p1a: Skeledirge\n|-supereffective|p1a: Skeledirge\n|-damage|p1a: Skeledirge|47\/100\n|move|p1a: Skeledirge|Torch Song|p2a: Iron Moth\n|-supereffective|p2a: Iron Moth\n|-damage|p2a: Iron Moth|0 fnt\n|-boost|p1a: Skeledirge|spa|1\n|faint|p2a: Iron Moth\n|-end|p2a: Iron Moth|Quark Drive|[silent]\n|\n|-heal|p1a: Skeledirge|53\/100|[from] item: Leftovers\n|upkeep\n|\n|t:|1700756774\n|switch|p2a: Ting-Lu|Ting-Lu|54\/100\n|-ability|p2a: Ting-Lu|Vessel of Ruin\n|turn|23\n|\n|t:|1700756784\n|move|p1a: Skeledirge|Torch Song|p2a: Ting-Lu\n|-damage|p2a: Ting-Lu|1\/100\n|-boost|p1a: Skeledirge|spa|1\n|move|p2a: Ting-Lu|Spikes|p1a: Skeledirge\n|-sidestart|p1: KatKittyKat|Spikes\n|\n|-heal|p1a: Skeledirge|59\/100|[from] item: Leftovers\n|upkeep\n|turn|24\n|\n|t:|1700756795\n|move|p1a: Skeledirge|Slack Off|p1a: Skeledirge\n|-heal|p1a: Skeledirge|100\/100\n|move|p2a: Ting-Lu|Spikes|p1a: Skeledirge\n|-sidestart|p1: KatKittyKat|Spikes\n|\n|-sideend|p1: KatKittyKat|move: Aurora Veil\n|upkeep\n|turn|25\n|\n|t:|1700756799\n|move|p1a: Skeledirge|Torch Song|p2a: Ting-Lu\n|-damage|p2a: Ting-Lu|0 fnt\n|-boost|p1a: Skeledirge|spa|1\n|faint|p2a: Ting-Lu\n|\n|upkeep\n|\n|t:|1700756805\n|switch|p2a: Gholdengo|Gholdengo|97\/100\n|turn|26\n|\n|t:|1700756809\n|move|p2a: Gholdengo|Make It Rain|p1a: Skeledirge\n|-damage|p1a: Skeledirge|25\/100\n|-unboost|p2a: Gholdengo|spa|1\n|move|p1a: Skeledirge|Torch Song|p2a: Gholdengo\n|-supereffective|p2a: Gholdengo\n|-damage|p2a: Gholdengo|0 fnt\n|-boost|p1a: Skeledirge|spa|1\n|faint|p2a: Gholdengo\n|\n|-heal|p1a: Skeledirge|31\/100|[from] item: Leftovers\n|upkeep\n|\n|t:|1700756816\n|switch|p2a: Dragonite|Dragonite, M, shiny|100\/100\n|turn|27\n|\n|t:|1700756827\n|move|p2a: Dragonite|Dragon Dance|p2a: Dragonite\n|-boost|p2a: Dragonite|atk|1\n|-boost|p2a: Dragonite|spe|1\n|move|p1a: Skeledirge|Shadow Ball|p2a: Dragonite\n|-damage|p2a: Dragonite|24\/100\n|\n|-heal|p1a: Skeledirge|37\/100|[from] item: Leftovers\n|upkeep\n|turn|28\n|\n|t:|1700756837\n|move|p2a: Dragonite|Dragon Claw|p1a: Skeledirge\n|-damage|p1a: Skeledirge|0 fnt\n|faint|p1a: Skeledirge\n|\n|upkeep\n|\n|t:|1700756841\n|switch|p1a: Dondozo|Dondozo, M|100\/100\n|-damage|p1a: Dondozo|75\/100|[from] Spikes\n|-damage|p1a: Dondozo|63\/100|[from] Stealth Rock\n|turn|29\n|\n|t:|1700756849\n|move|p2a: Dragonite|Dragon Claw|p1a: Dondozo\n|-damage|p1a: Dondozo|43\/100\n|move|p1a: Dondozo|Rest|p1a: Dondozo\n|-status|p1a: Dondozo|slp|[from] move: Rest\n|-heal|p1a: Dondozo|100\/100 slp|[silent]\n|\n|upkeep\n|turn|30\n|\n|t:|1700756856\n|move|p2a: Dragonite|Dragon Claw|p1a: Dondozo\n|-damage|p1a: Dondozo|81\/100 slp\n|cant|p1a: Dondozo|slp\n|move|p1a: Dondozo|Sleep Talk|p1a: Dondozo\n|move|p1a: Dondozo|Body Slam|p2a: Dragonite|[from]move: Sleep Talk\n|-damage|p2a: Dragonite|3\/100\n|\n|-heal|p1a: Dondozo|87\/100 slp|[from] item: Leftovers\n|upkeep\n|turn|31\n|\n|t:|1700756865\n|move|p2a: Dragonite|Dragon Claw|p1a: Dondozo\n|-damage|p1a: Dondozo|67\/100 slp\n|cant|p1a: Dondozo|slp\n|move|p1a: Dondozo|Sleep Talk|p1a: Dondozo\n|move|p1a: Dondozo|Body Slam|p2a: Dragonite|[from]move: Sleep Talk\n|-damage|p2a: Dragonite|0 fnt\n|faint|p2a: Dragonite\n|\n|win|KatKittyKat\n|raw|KatKittyKat's rating: 1249 &rarr; <strong>1280<\/strong><br \/>(+31 for winning)\n|raw|SwiftTrim's rating: 1332 &rarr; <strong>1307<\/strong><br \/>(-25 for losing)\n|l|\u2606SwiftTrim\n","uploadtime":1700756906,"views":0,"p1id":"katkittykat","p2id":"swifttrim","formatid":"gen9ou","rating":1280,"private":0,"password":""}