{"id":"gen9ou-1993659999","p1":"hamburgerking","p2":"Gamewolf378","format":"[Gen 9] OU","log":"|j|\u2606hamburgerking\n|j|\u2606Gamewolf378\n|t:|1700342629\n|gametype|singles\n|player|p1|hamburgerking|hiker-gen4|1185\n|player|p2|Gamewolf378|102|1258\n|teamsize|p1|6\n|teamsize|p2|6\n|gen|9\n|tier|[Gen 9] OU\n|rated|\n|rule|Sleep Clause Mod: Limit one foe put to sleep\n|rule|Species Clause: Limit one of each Pok\u00e9mon\n|rule|OHKO Clause: OHKO moves are banned\n|rule|Evasion Items Clause: Evasion items are banned\n|rule|Evasion Moves Clause: Evasion moves are banned\n|rule|Endless Battle Clause: Forcing endless battles is banned\n|rule|HP Percentage Mod: HP is shown in percentages\n|clearpoke\n|poke|p1|Great Tusk|\n|poke|p1|Skeledirge, M|\n|poke|p1|Dragonite, F|\n|poke|p1|Ogerpon-Wellspring, F|\n|poke|p1|Dragapult, M|\n|poke|p1|Sandy Shocks|\n|poke|p2|Ribombee, F|\n|poke|p2|Samurott-Hisui, F|\n|poke|p2|Garchomp, M|\n|poke|p2|Corviknight, M|\n|poke|p2|Grimmsnarl, M|\n|poke|p2|Hydreigon, M|\n|teampreview\n|\n|t:|1700342635\n|start\n|switch|p1a: Sandy Shocks|Sandy Shocks|100\/100\n|switch|p2a: Heiress|Ribombee, F|100\/100\n|-enditem|p1a: Sandy Shocks|Booster Energy\n|-activate|p1a: Sandy Shocks|ability: Protosynthesis|[fromitem]\n|-start|p1a: Sandy Shocks|protosynthesisspe\n|turn|1\n|inactive|Battle timer is ON: inactive players will automatically lose when time's up. (requested by Gamewolf378)\n|\n|t:|1700342643\n|move|p1a: Sandy Shocks|Earth Power|p2a: Heiress\n|-resisted|p2a: Heiress\n|-damage|p2a: Heiress|65\/100\n|move|p2a: Heiress|Sticky Web|p1a: Sandy Shocks\n|-sidestart|p1: hamburgerking|move: Sticky Web\n|\n|upkeep\n|turn|2\n|\n|t:|1700342649\n|move|p1a: Sandy Shocks|Thunderbolt|p2a: Heiress\n|-damage|p2a: Heiress|0 fnt\n|faint|p2a: Heiress\n|\n|upkeep\n|\n|t:|1700342657\n|switch|p2a: Raiden|Garchomp, M|100\/100\n|turn|3\n|\n|t:|1700342666\n|-terastallize|p1a: Sandy Shocks|Ice\n|move|p1a: Sandy Shocks|Tera Blast|p2a: Raiden|[anim] Tera Blast Ice\n|-supereffective|p2a: Raiden\n|-enditem|p2a: Raiden|Focus Sash\n|-damage|p2a: Raiden|1\/100\n|move|p2a: Raiden|Swords Dance|p2a: Raiden\n|-boost|p2a: Raiden|atk|2\n|\n|upkeep\n|turn|4\n|\n|t:|1700342674\n|move|p1a: Sandy Shocks|Tera Blast|p2a: Raiden|[anim] Tera Blast Ice\n|-supereffective|p2a: Raiden\n|-damage|p2a: Raiden|0 fnt\n|faint|p2a: Raiden\n|\n|upkeep\n|\n|t:|1700342700\n|switch|p2a: Dylan|Grimmsnarl, M|100\/100\n|turn|5\n|\n|t:|1700342705\n|move|p2a: Dylan|Light Screen|p2a: Dylan\n|-sidestart|p2: Gamewolf378|move: Light Screen\n|move|p1a: Sandy Shocks|Stealth Rock|p2a: Dylan\n|-sidestart|p2: Gamewolf378|move: Stealth Rock\n|\n|upkeep\n|turn|6\n|\n|t:|1700342710\n|move|p2a: Dylan|Reflect|p2a: Dylan\n|-sidestart|p2: Gamewolf378|Reflect\n|move|p1a: Sandy Shocks|Tera Blast|p2a: Dylan|[anim] Tera Blast Ice\n|-damage|p2a: Dylan|87\/100\n|\n|upkeep\n|turn|7\n|\n|t:|1700342717\n|move|p2a: Dylan|Parting Shot|p1a: Sandy Shocks\n|-unboost|p1a: Sandy Shocks|atk|1\n|-unboost|p1a: Sandy Shocks|spa|1\n|\n|t:|1700342726\n|switch|p2a: Cord Beak|Corviknight, M|100\/100|[from] Parting Shot\n|-damage|p2a: Cord Beak|88\/100|[from] Stealth Rock\n|-ability|p2a: Cord Beak|Pressure\n|move|p1a: Sandy Shocks|Tera Blast|p2a: Cord Beak|[anim] Tera Blast Ice\n|-crit|p2a: Cord Beak\n|-damage|p2a: Cord Beak|34\/100\n|\n|upkeep\n|turn|8\n|\n|t:|1700342735\n|-end|p1a: Sandy Shocks|Protosynthesis|[silent]\n|switch|p1a: Skeledirge|Skeledirge, M|100\/100\n|-activate|p1a: Skeledirge|move: Sticky Web\n|-unboost|p1a: Skeledirge|spe|1\n|move|p2a: Cord Beak|Roost|p2a: Cord Beak\n|-heal|p2a: Cord Beak|84\/100\n|-singleturn|p2a: Cord Beak|move: Roost\n|\n|upkeep\n|turn|9\n|\n|t:|1700342745\n|move|p2a: Cord Beak|U-turn|p1a: Skeledirge\n|-resisted|p1a: Skeledirge\n|-damage|p1a: Skeledirge|98\/100\n|\n|t:|1700342747\n|switch|p2a: Theae|Samurott-Hisui, F|100\/100|[from] U-turn\n|-damage|p2a: Theae|88\/100|[from] Stealth Rock\n|move|p1a: Skeledirge|Will-O-Wisp|p2a: Theae\n|-status|p2a: Theae|brn\n|\n|-heal|p1a: Skeledirge|100\/100|[from] item: Leftovers\n|-damage|p2a: Theae|82\/100 brn|[from] brn\n|upkeep\n|turn|10\n|inactive|hamburgerking has 120 seconds left.\n|\n|t:|1700342791\n|switch|p1a: Ogerpon|Ogerpon-Wellspring, F|100\/100\n|-activate|p1a: Ogerpon|move: Sticky Web\n|-unboost|p1a: Ogerpon|spe|1\n|move|p2a: Theae|Ceaseless Edge|p1a: Ogerpon\n|-damage|p1a: Ogerpon|71\/100\n|-sidestart|p1: hamburgerking|Spikes\n|\n|-damage|p2a: Theae|76\/100 brn|[from] brn\n|upkeep\n|turn|11\n|\n|t:|1700342804\n|move|p2a: Theae|Detect|p2a: Theae\n|-singleturn|p2a: Theae|Protect\n|move|p1a: Ogerpon|Swords Dance|p1a: Ogerpon\n|-boost|p1a: Ogerpon|atk|2\n|\n|-damage|p2a: Theae|69\/100 brn|[from] brn\n|upkeep\n|turn|12\n|\n|t:|1700342811\n|-terastallize|p2a: Theae|Poison\n|move|p2a: Theae|Ceaseless Edge|p1a: Ogerpon\n|-damage|p1a: Ogerpon|43\/100\n|-sidestart|p1: hamburgerking|Spikes\n|move|p1a: Ogerpon|Trailblaze|p2a: Theae\n|-resisted|p2a: Theae\n|-damage|p2a: Theae|50\/100 brn\n|-boost|p1a: Ogerpon|spe|1\n|\n|-damage|p2a: Theae|43\/100 brn|[from] brn\n|-sideend|p2: Gamewolf378|move: Light Screen\n|upkeep\n|turn|13\n|inactive|hamburgerking has 120 seconds left.\n|\n|t:|1700342822\n|move|p2a: Theae|Sucker Punch|p1a: Ogerpon\n|-crit|p1a: Ogerpon\n|-damage|p1a: Ogerpon|13\/100\n|move|p1a: Ogerpon|Ivy Cudgel|p2a: Theae|[anim] Ivy Cudgel Water\n|-damage|p2a: Theae|0 fnt\n|faint|p2a: Theae\n|\n|-sideend|p2: Gamewolf378|Reflect\n|upkeep\n|\n|t:|1700342831\n|switch|p2a: Duck|Hydreigon, M|100\/100\n|-damage|p2a: Duck|88\/100|[from] Stealth Rock\n|turn|14\n|\n|t:|1700342834\n|move|p2a: Duck|Dark Pulse|p1a: Ogerpon\n|-damage|p1a: Ogerpon|0 fnt\n|faint|p1a: Ogerpon\n|\n|upkeep\n|inactive|hamburgerking has 120 seconds left.\n|\n|t:|1700342863\n|switch|p1a: Dragapult|Dragapult, M|100\/100\n|-activate|p1a: Dragapult|move: Sticky Web\n|-unboost|p1a: Dragapult|spe|1\n|-damage|p1a: Dragapult|84\/100|[from] Spikes\n|turn|15\n|\n|t:|1700342870\n|move|p2a: Duck|Dark Pulse|p1a: Dragapult\n|-supereffective|p1a: Dragapult\n|-damage|p1a: Dragapult|0 fnt\n|faint|p1a: Dragapult\n|\n|upkeep\n|\n|t:|1700342879\n|switch|p1a: Dragonite|Dragonite, F|100\/100\n|turn|16\n|\n|t:|1700342884\n|switch|p2a: Cord Beak|Corviknight, M|84\/100\n|-damage|p2a: Cord Beak|72\/100|[from] Stealth Rock\n|-ability|p2a: Cord Beak|Pressure\n|move|p1a: Dragonite|Ice Spinner|p2a: Cord Beak\n|-damage|p2a: Cord Beak|52\/100\n|-damage|p1a: Dragonite|84\/100|[from] item: Rocky Helmet|[of] p2a: Cord Beak\n|\n|upkeep\n|turn|17\n|\n|t:|1700342892\n|switch|p1a: Great Tusk|Great Tusk|100\/100\n|move|p2a: Cord Beak|Roost|p2a: Cord Beak\n|-heal|p2a: Cord Beak|100\/100\n|-singleturn|p2a: Cord Beak|move: Roost\n|\n|upkeep\n|turn|18\n|\n|t:|1700342899\n|move|p1a: Great Tusk|Rapid Spin|p2a: Cord Beak\n|-resisted|p2a: Cord Beak\n|-damage|p2a: Cord Beak|95\/100\n|-boost|p1a: Great Tusk|spe|1\n|-damage|p1a: Great Tusk|84\/100|[from] item: Rocky Helmet|[of] p2a: Cord Beak\n|-sideend|p1: hamburgerking|Spikes|[from] move: Rapid Spin|[of] p1a: Great Tusk\n|-sideend|p1: hamburgerking|Sticky Web|[from] move: Rapid Spin|[of] p1a: Great Tusk\n|move|p2a: Cord Beak|Brave Bird|p1a: Great Tusk\n|-supereffective|p1a: Great Tusk\n|-damage|p1a: Great Tusk|32\/100\n|-damage|p2a: Cord Beak|79\/100|[from] Recoil\n|\n|upkeep\n|turn|19\n|\n|t:|1700342912\n|move|p1a: Great Tusk|Bulk Up|p1a: Great Tusk\n|-boost|p1a: Great Tusk|atk|1\n|-boost|p1a: Great Tusk|def|1\n|move|p2a: Cord Beak|Defog|p1a: Great Tusk\n|-unboost|p1a: Great Tusk|evasion|1\n|-sideend|p2: Gamewolf378|Stealth Rock|[from] move: Defog|[of] p2a: Cord Beak\n|\n|upkeep\n|turn|20\n|\n|t:|1700342918\n|move|p1a: Great Tusk|Bulk Up|p1a: Great Tusk\n|-boost|p1a: Great Tusk|atk|1\n|-boost|p1a: Great Tusk|def|1\n|move|p2a: Cord Beak|Brave Bird|p1a: Great Tusk\n|-supereffective|p1a: Great Tusk\n|-damage|p1a: Great Tusk|4\/100\n|-damage|p2a: Cord Beak|71\/100|[from] Recoil\n|\n|upkeep\n|turn|21\n|\n|t:|1700342926\n|move|p1a: Great Tusk|Ice Spinner|p2a: Cord Beak\n|-damage|p2a: Cord Beak|40\/100\n|-damage|p1a: Great Tusk|0 fnt|[from] item: Rocky Helmet|[of] p2a: Cord Beak\n|faint|p1a: Great Tusk\n|-end|p1a: Great Tusk|Protosynthesis|[silent]\n|move|p2a: Cord Beak|Roost|p2a: Cord Beak\n|-heal|p2a: Cord Beak|90\/100\n|-singleturn|p2a: Cord Beak|move: Roost\n|\n|upkeep\n|\n|t:|1700342935\n|switch|p1a: Sandy Shocks|Sandy Shocks, tera:Ice|100\/100\n|turn|22\n|\n|t:|1700342943\n|switch|p2a: Dylan|Grimmsnarl, M|87\/100\n|move|p1a: Sandy Shocks|Thunderbolt|p2a: Dylan\n|-damage|p2a: Dylan|56\/100\n|\n|upkeep\n|turn|23\n|\n|t:|1700342949\n|move|p2a: Dylan|Light Screen|p2a: Dylan\n|-sidestart|p2: Gamewolf378|move: Light Screen\n|move|p1a: Sandy Shocks|Tera Blast|p2a: Dylan|[anim] Tera Blast Ice\n|-damage|p2a: Dylan|42\/100\n|\n|upkeep\n|turn|24\n|\n|t:|1700342955\n|move|p2a: Dylan|Parting Shot|p1a: Sandy Shocks\n|-unboost|p1a: Sandy Shocks|atk|1\n|-unboost|p1a: Sandy Shocks|spa|1\n|\n|t:|1700342956\n|switch|p2a: Cord Beak|Corviknight, M|90\/100|[from] Parting Shot\n|-ability|p2a: Cord Beak|Pressure\n|move|p1a: Sandy Shocks|Stealth Rock|p2a: Cord Beak\n|-sidestart|p2: Gamewolf378|move: Stealth Rock\n|\n|upkeep\n|turn|25\n|\n|t:|1700342966\n|-end|p1a: Sandy Shocks|Protosynthesis|[silent]\n|switch|p1a: Skeledirge|Skeledirge, M|100\/100\n|move|p2a: Cord Beak|Brave Bird|p1a: Skeledirge\n|-damage|p1a: Skeledirge|68\/100\n|-damage|p2a: Cord Beak|79\/100|[from] Recoil\n|\n|-heal|p1a: Skeledirge|74\/100|[from] item: Leftovers\n|upkeep\n|turn|26\n|\n|t:|1700342975\n|move|p2a: Cord Beak|Defog|p1a: Skeledirge\n|-unboost|p1a: Skeledirge|evasion|1\n|-sideend|p2: Gamewolf378|Stealth Rock|[from] move: Defog|[of] p2a: Cord Beak\n|move|p1a: Skeledirge|Will-O-Wisp|p2a: Cord Beak\n|-status|p2a: Cord Beak|brn\n|\n|-heal|p1a: Skeledirge|80\/100|[from] item: Leftovers\n|-damage|p2a: Cord Beak|73\/100 brn|[from] brn\n|upkeep\n|turn|27\n|\n|t:|1700342984\n|switch|p2a: Duck|Hydreigon, M|88\/100\n|move|p1a: Skeledirge|Will-O-Wisp|p2a: Duck|[miss]\n|-miss|p1a: Skeledirge|p2a: Duck\n|\n|-heal|p1a: Skeledirge|86\/100|[from] item: Leftovers\n|upkeep\n|turn|28\n|\n|t:|1700342994\n|switch|p1a: Sandy Shocks|Sandy Shocks, tera:Ice|100\/100\n|move|p2a: Duck|Dark Pulse|p1a: Sandy Shocks\n|-damage|p1a: Sandy Shocks|43\/100\n|\n|upkeep\n|turn|29\n|\n|t:|1700343000\n|move|p2a: Duck|Dark Pulse|p1a: Sandy Shocks\n|-damage|p1a: Sandy Shocks|0 fnt\n|faint|p1a: Sandy Shocks\n|-end|p1a: Sandy Shocks|Protosynthesis|[silent]\n|\n|upkeep\n|\n|t:|1700343004\n|switch|p1a: Dragonite|Dragonite, F|84\/100\n|turn|30\n|\n|t:|1700343008\n|switch|p2a: Cord Beak|Corviknight, M|73\/100 brn\n|-ability|p2a: Cord Beak|Pressure\n|move|p1a: Dragonite|Dragon Dance|p1a: Dragonite\n|-boost|p1a: Dragonite|atk|1\n|-boost|p1a: Dragonite|spe|1\n|\n|-damage|p2a: Cord Beak|67\/100 brn|[from] brn\n|-sideend|p2: Gamewolf378|move: Light Screen\n|upkeep\n|turn|31\n|\n|t:|1700343018\n|switch|p1a: Skeledirge|Skeledirge, M|86\/100\n|move|p2a: Cord Beak|Roost|p2a: Cord Beak\n|-heal|p2a: Cord Beak|100\/100 brn\n|-singleturn|p2a: Cord Beak|move: Roost\n|\n|-heal|p1a: Skeledirge|92\/100|[from] item: Leftovers\n|-damage|p2a: Cord Beak|94\/100 brn|[from] brn\n|upkeep\n|turn|32\n|\n|t:|1700343027\n|switch|p2a: Dylan|Grimmsnarl, M|42\/100\n|move|p1a: Skeledirge|Will-O-Wisp|p2a: Dylan\n|-status|p2a: Dylan|brn\n|\n|-heal|p1a: Skeledirge|99\/100|[from] item: Leftovers\n|-damage|p2a: Dylan|36\/100 brn|[from] brn\n|upkeep\n|turn|33\n|\n|t:|1700343035\n|move|p2a: Dylan|Light Screen|p2a: Dylan\n|-sidestart|p2: Gamewolf378|move: Light Screen\n|move|p1a: Skeledirge|Torch Song|p2a: Dylan\n|-damage|p2a: Dylan|24\/100 brn\n|-boost|p1a: Skeledirge|spa|1\n|\n|-heal|p1a: Skeledirge|100\/100|[from] item: Leftovers\n|-damage|p2a: Dylan|18\/100 brn|[from] brn\n|upkeep\n|turn|34\n|\n|t:|1700343043\n|move|p2a: Dylan|Reflect|p2a: Dylan\n|-sidestart|p2: Gamewolf378|Reflect\n|move|p1a: Skeledirge|Will-O-Wisp|p2a: Dylan\n|-fail|p2a: Dylan|brn\n|\n|-damage|p2a: Dylan|12\/100 brn|[from] brn\n|upkeep\n|turn|35\n|\n|t:|1700343050\n|move|p1a: Skeledirge|Will-O-Wisp|p2a: Dylan\n|-fail|p2a: Dylan|brn\n|move|p2a: Dylan|Foul Play|p1a: Skeledirge\n|-supereffective|p1a: Skeledirge\n|-damage|p1a: Skeledirge|84\/100\n|\n|-heal|p1a: Skeledirge|91\/100|[from] item: Leftovers\n|-damage|p2a: Dylan|6\/100 brn|[from] brn\n|upkeep\n|turn|36\n|\n|t:|1700343059\n|move|p2a: Dylan|Parting Shot|p1a: Skeledirge\n|-unboost|p1a: Skeledirge|atk|1\n|-unboost|p1a: Skeledirge|spa|1\n|\n|t:|1700343061\n|switch|p2a: Duck|Hydreigon, M|88\/100|[from] Parting Shot\n|move|p1a: Skeledirge|Will-O-Wisp|p2a: Duck\n|-status|p2a: Duck|brn\n|\n|-heal|p1a: Skeledirge|97\/100|[from] item: Leftovers\n|-damage|p2a: Duck|82\/100 brn|[from] brn\n|upkeep\n|turn|37\n|\n|t:|1700343070\n|move|p2a: Duck|Dark Pulse|p1a: Skeledirge\n|-supereffective|p1a: Skeledirge\n|-damage|p1a: Skeledirge|36\/100\n|cant|p1a: Skeledirge|flinch\n|\n|-heal|p1a: Skeledirge|42\/100|[from] item: Leftovers\n|-damage|p2a: Duck|76\/100 brn|[from] brn\n|upkeep\n|turn|38\n|-message|hamburgerking forfeited.\n|\n|win|Gamewolf378\n|raw|hamburgerking's rating: 1185 &rarr; <strong>1165<\/strong><br \/>(-20 for losing)\n|raw|Gamewolf378's rating: 1258 &rarr; <strong>1278<\/strong><br \/>(+20 for winning)\n|l|\u2606hamburgerking\n","uploadtime":1700343081,"views":8,"p1id":"hamburgerking","p2id":"gamewolf378","formatid":"gen9ou","rating":1165,"private":0,"password":""}