{"id":"gen9ou-1996922311","p1":"fartinhalerr27","p2":"Mr.Boss57","format":"[Gen 9] OU","log":"|j|\u2606fartinhalerr27\n|j|\u2606Mr.Boss57\n|t:|1700745222\n|gametype|singles\n|player|p1|fartinhalerr27|erika|1017\n|player|p2|Mr.Boss57|2|1095\n|teamsize|p1|6\n|teamsize|p2|6\n|gen|9\n|tier|[Gen 9] OU\n|rated|\n|rule|Sleep Clause Mod: Limit one foe put to sleep\n|rule|Species Clause: Limit one of each Pok\u00e9mon\n|rule|OHKO Clause: OHKO moves are banned\n|rule|Evasion Items Clause: Evasion items are banned\n|rule|Evasion Moves Clause: Evasion moves are banned\n|rule|Endless Battle Clause: Forcing endless battles is banned\n|rule|HP Percentage Mod: HP is shown in percentages\n|clearpoke\n|poke|p1|Typhlosion, F|\n|poke|p1|Torkoal, M|\n|poke|p1|Poliwrath, M|\n|poke|p1|Mew|\n|poke|p1|Raichu, M|\n|poke|p1|Salamence, F|\n|poke|p2|Great Tusk|\n|poke|p2|Enamorus, F|\n|poke|p2|Skeledirge, F|\n|poke|p2|Rillaboom, M|\n|poke|p2|Greninja-*, M|\n|poke|p2|Gallade, M|\n|teampreview\n|\n|t:|1700745239\n|start\n|switch|p1a: Torkoal|Torkoal, M|100\/100\n|switch|p2a: Enamorus|Enamorus, F|100\/100\n|-weather|SunnyDay|[from] ability: Drought|[of] p1a: Torkoal\n|turn|1\n|\n|t:|1700745244\n|move|p2a: Enamorus|Earth Power|p1a: Torkoal\n|-supereffective|p1a: Torkoal\n|-damage|p1a: Torkoal|0 fnt\n|faint|p1a: Torkoal\n|\n|-weather|SunnyDay|[upkeep]\n|upkeep\n|\n|t:|1700745254\n|switch|p1a: Typhlosion|Typhlosion, F|100\/100\n|turn|2\n|\n|t:|1700745275\n|move|p1a: Typhlosion|Eruption|p2a: Enamorus\n|-damage|p2a: Enamorus|0 fnt\n|faint|p2a: Enamorus\n|\n|-weather|SunnyDay|[upkeep]\n|upkeep\n|\n|t:|1700745282\n|switch|p2a: Rillaboom|Rillaboom, M|100\/100\n|-fieldstart|move: Grassy Terrain|[from] ability: Grassy Surge|[of] p2a: Rillaboom\n|turn|3\n|\n|t:|1700745291\n|move|p2a: Rillaboom|Grassy Glide|p1a: Typhlosion\n|-resisted|p1a: Typhlosion\n|-damage|p1a: Typhlosion|57\/100\n|move|p1a: Typhlosion|Eruption|p2a: Rillaboom\n|-supereffective|p2a: Rillaboom\n|-damage|p2a: Rillaboom|0 fnt\n|faint|p2a: Rillaboom\n|\n|-weather|SunnyDay|[upkeep]\n|-heal|p1a: Typhlosion|63\/100|[from] Grassy Terrain\n|upkeep\n|\n|t:|1700745295\n|switch|p2a: Great Tusk|Great Tusk|100\/100\n|-activate|p2a: Great Tusk|ability: Protosynthesis\n|-start|p2a: Great Tusk|protosynthesisatk\n|turn|4\n|c|\u2606fartinhalerr27|??\n|\n|t:|1700745308\n|switch|p1a: Salamence|Salamence, F|100\/100\n|move|p2a: Great Tusk|Headlong Rush|p1a: Salamence\n|-immune|p1a: Salamence\n|\n|-weather|SunnyDay|[upkeep]\n|upkeep\n|turn|5\n|\n|t:|1700745315\n|move|p1a: Salamence|Dragon Dance|p1a: Salamence\n|-boost|p1a: Salamence|atk|1\n|-boost|p1a: Salamence|spe|1\n|move|p2a: Great Tusk|Knock Off|p1a: Salamence\n|-crit|p1a: Salamence\n|-damage|p1a: Salamence|14\/100\n|-enditem|p1a: Salamence|Aguav Berry|[from] move: Knock Off|[of] p2a: Great Tusk\n|\n|-weather|none\n|-end|p2a: Great Tusk|Protosynthesis\n|upkeep\n|turn|6\n|\n|t:|1700745326\n|move|p1a: Salamence|Dual Wingbeat|p2a: Great Tusk\n|-supereffective|p2a: Great Tusk\n|-damage|p2a: Great Tusk|52\/100\n|-supereffective|p2a: Great Tusk\n|-crit|p2a: Great Tusk\n|-damage|p2a: Great Tusk|0 fnt\n|faint|p2a: Great Tusk\n|-end|p2a: Great Tusk|Protosynthesis|[silent]\n|-ability|p1a: Salamence|Moxie|boost\n|-boost|p1a: Salamence|atk|1\n|-hitcount|p2: Great Tusk|2\n|\n|upkeep\n|\n|t:|1700745331\n|switch|p2a: Skeledirge|Skeledirge, F|100\/100\n|turn|7\n|c|\u2606fartinhalerr27|lucky\n|c|\u2606Mr.Boss57|How?\n|c|\u2606Mr.Boss57|the crit?\n|c|\u2606fartinhalerr27|ye\n|c|\u2606Mr.Boss57|Ok I agree there\n|\n|t:|1700745373\n|move|p1a: Salamence|Earthquake|p2a: Skeledirge\n|-supereffective|p2a: Skeledirge\n|-damage|p2a: Skeledirge|69\/100\n|move|p2a: Skeledirge|Torch Song|p1a: Salamence\n|-resisted|p1a: Salamence\n|-damage|p1a: Salamence|0 fnt\n|-boost|p2a: Skeledirge|spa|1\n|faint|p1a: Salamence\n|\n|-heal|p2a: Skeledirge|76\/100|[from] Grassy Terrain\n|-heal|p2a: Skeledirge|82\/100|[from] item: Leftovers\n|-fieldend|move: Grassy Terrain\n|upkeep\n|\n|t:|1700745377\n|switch|p1a: Poliwrath|Poliwrath, M|100\/100\n|turn|8\n|\n|t:|1700745387\n|move|p2a: Skeledirge|Will-O-Wisp|p1a: Poliwrath\n|-status|p1a: Poliwrath|brn\n|move|p1a: Poliwrath|Substitute|p1a: Poliwrath\n|-start|p1a: Poliwrath|Substitute\n|-damage|p1a: Poliwrath|76\/100 brn\n|\n|-heal|p2a: Skeledirge|88\/100|[from] item: Leftovers\n|-damage|p1a: Poliwrath|70\/100 brn|[from] brn\n|upkeep\n|turn|9\n|\n|t:|1700745396\n|move|p2a: Skeledirge|Torch Song|p1a: Poliwrath\n|-resisted|p1a: Poliwrath\n|-damage|p1a: Poliwrath|44\/100 brn\n|-boost|p2a: Skeledirge|spa|1\n|move|p1a: Poliwrath|Bulk Up|p1a: Poliwrath\n|-boost|p1a: Poliwrath|atk|1\n|-boost|p1a: Poliwrath|def|1\n|\n|-heal|p2a: Skeledirge|94\/100|[from] item: Leftovers\n|-damage|p1a: Poliwrath|38\/100 brn|[from] brn\n|upkeep\n|turn|10\n|\n|t:|1700745413\n|move|p2a: Skeledirge|Torch Song|p1a: Poliwrath\n|-resisted|p1a: Poliwrath\n|-damage|p1a: Poliwrath|7\/100 brn\n|-boost|p2a: Skeledirge|spa|1\n|move|p1a: Poliwrath|Liquidation|p2a: Skeledirge\n|-supereffective|p2a: Skeledirge\n|-damage|p2a: Skeledirge|52\/100\n|-damage|p1a: Poliwrath|0 fnt|[from] item: Life Orb\n|faint|p1a: Poliwrath\n|\n|-heal|p2a: Skeledirge|58\/100|[from] item: Leftovers\n|upkeep\n|\n|t:|1700745426\n|switch|p1a: Typhlosion|Typhlosion, F|63\/100\n|turn|11\n|c|\u2606Mr.Boss57|Let me see some scarf action\n|\n|t:|1700745471\n|move|p1a: Typhlosion|Shadow Ball|p2a: Skeledirge\n|-supereffective|p2a: Skeledirge\n|-damage|p2a: Skeledirge|6\/100\n|move|p2a: Skeledirge|Slack Off|p2a: Skeledirge\n|-heal|p2a: Skeledirge|56\/100\n|\n|-heal|p2a: Skeledirge|62\/100|[from] item: Leftovers\n|upkeep\n|turn|12\n|\n|t:|1700745483\n|switch|p2a: Greninja|Greninja, M|100\/100\n|move|p1a: Typhlosion|Shadow Ball|p2a: Greninja\n|-resisted|p2a: Greninja\n|-damage|p2a: Greninja|80\/100\n|-unboost|p2a: Greninja|spd|1\n|\n|upkeep\n|turn|13\n|\n|t:|1700745496\n|switch|p1a: Mew|Mew|100\/100\n|move|p2a: Greninja|Surf|p1a: Mew\n|-damage|p1a: Mew|51\/100\n|-damage|p2a: Greninja|70\/100|[from] item: Life Orb\n|\n|-heal|p1a: Mew|57\/100|[from] item: Leftovers\n|upkeep\n|turn|14\n|\n|t:|1700745506\n|move|p2a: Greninja|Dark Pulse|p1a: Mew\n|-supereffective|p1a: Mew\n|-damage|p1a: Mew|0 fnt\n|faint|p1a: Mew\n|-ability|p2a: Greninja|Battle Bond|boost\n|-boost|p2a: Greninja|atk|1\n|-boost|p2a: Greninja|spa|1\n|-boost|p2a: Greninja|spe|1\n|-activate|p2a: Greninja|ability: Battle Bond\n|-damage|p2a: Greninja|60\/100|[from] item: Life Orb\n|\n|upkeep\n|\n|t:|1700745509\n|switch|p1a: rat|Raichu, M|100\/100\n|-item|p1a: rat|Air Balloon\n|turn|15\n|\n|t:|1700745513\n|move|p2a: Greninja|Surf|p1a: rat\n|-damage|p1a: rat|9\/100\n|-enditem|p1a: rat|Air Balloon\n|-damage|p2a: Greninja|50\/100|[from] item: Life Orb\n|move|p1a: rat|Volt Tackle|p2a: Greninja\n|-supereffective|p2a: Greninja\n|-damage|p2a: Greninja|0 fnt\n|faint|p2a: Greninja\n|-damage|p1a: rat|0 fnt|[from] Recoil\n|faint|p1a: rat\n|\n|upkeep\n|\n|t:|1700745534\n|switch|p2a: Gallade|Gallade, M|100\/100\n|switch|p1a: Typhlosion|Typhlosion, F|63\/100\n|turn|16\n|\n|t:|1700745547\n|-terastallize|p2a: Gallade|Dark\n|move|p1a: Typhlosion|Eruption|p2a: Gallade\n|-crit|p2a: Gallade\n|-damage|p2a: Gallade|31\/100\n|move|p2a: Gallade|Sacred Sword|p1a: Typhlosion\n|-damage|p1a: Typhlosion|0 fnt\n|faint|p1a: Typhlosion\n|-damage|p2a: Gallade|21\/100|[from] item: Life Orb\n|\n|win|Mr.Boss57\n|raw|fartinhalerr27's rating: 1017 &rarr; <strong>1007<\/strong><br \/>(-10 for losing)\n|raw|Mr.Boss57's rating: 1095 &rarr; <strong>1115<\/strong><br \/>(+20 for winning)\n|c|\u2606Mr.Boss57|Gg\n|l|\u2606fartinhalerr27\n","uploadtime":1700745572,"views":8,"p1id":"fartinhalerr27","p2id":"mrboss57","formatid":"gen9ou","rating":1007,"private":0,"password":""}