{"id":"gen9ou-1994306972","p1":"MrBearmanchild","p2":"Atomix2","format":"[Gen 9] OU","log":"|j|\u2606MrBearmanchild\n|j|\u2606Atomix2\n|t:|1700429334\n|gametype|singles\n|player|p1|MrBearmanchild|170|\n|player|p2|Atomix2|hiker-gen4|\n|teamsize|p1|6\n|teamsize|p2|6\n|gen|9\n|tier|[Gen 9] OU\n|rule|Sleep Clause Mod: Limit one foe put to sleep\n|rule|Species Clause: Limit one of each Pok\u00e9mon\n|rule|OHKO Clause: OHKO moves are banned\n|rule|Evasion Items Clause: Evasion items are banned\n|rule|Evasion Moves Clause: Evasion moves are banned\n|rule|Endless Battle Clause: Forcing endless battles is banned\n|rule|HP Percentage Mod: HP is shown in percentages\n|clearpoke\n|poke|p1|Meowscarada, M|\n|poke|p1|Zapdos|\n|poke|p1|Mimikyu, M|\n|poke|p1|Iron Hands|\n|poke|p1|Ting-Lu|\n|poke|p1|Crawdaunt, M|\n|poke|p2|Moltres|\n|poke|p2|Landorus-Therian, M|\n|poke|p2|Gastrodon, F|\n|poke|p2|Zapdos-Galar|\n|poke|p2|Dragonite, F|\n|poke|p2|Ogerpon-Wellspring, F|\n|teampreview\n|c|\u2606MrBearmanchild|Glhf\n|l|\u2606MrBearmanchild\n|player|p1|\n|j|\u2606MrBearmanchild\n|player|p1|MrBearmanchild|170\n|c|\u2606Atomix2|you too\n|c|\u2606Atomix2|lets have fun\n|c|\u2606MrBearmanchild|I\u2019m ok with timer if you are\n|c|\u2606Atomix2|nah, its fine\n|c|\u2606Atomix2|do we need to send a link\n|j| Horse95\n|c|\u2606Atomix2|welp, that answers that question XD\n|l| Horse95\n|\n|t:|1700429409\n|start\n|switch|p1a: Crawdaunt|Crawdaunt, M|100\/100\n|switch|p2a: Landorus|Landorus-Therian, M|100\/100\n|-ability|p2a: Landorus|Intimidate|boost\n|-unboost|p1a: Crawdaunt|atk|1\n|turn|1\n|\n|t:|1700429424\n|move|p2a: Landorus|U-turn|p1a: Crawdaunt\n|-supereffective|p1a: Crawdaunt\n|-damage|p1a: Crawdaunt|42\/100\n|j| Horse95\n|j| Notgeeta101\n|l| Horse95\n|\n|t:|1700429452\n|switch|p2a: Zapdos|Zapdos-Galar|100\/100|[from] U-turn\n|move|p1a: Crawdaunt|Knock Off|p2a: Zapdos\n|-resisted|p2a: Zapdos\n|-damage|p2a: Zapdos|60\/100\n|-enditem|p2a: Zapdos|Choice Scarf|[from] move: Knock Off|[of] p1a: Crawdaunt\n|\n|upkeep\n|turn|2\n|\n|t:|1700429468\n|switch|p1a: Mimikyu|Mimikyu, M|100\/100\n|move|p2a: Zapdos|Knock Off|p1a: Mimikyu\n|-activate|p1a: Mimikyu|ability: Disguise\n|-damage|p1a: Mimikyu|100\/100\n|-enditem|p1a: Mimikyu|Leftovers|[from] move: Knock Off|[of] p2a: Zapdos\n|detailschange|p1a: Mimikyu|Mimikyu-Busted, M\n|-damage|p1a: Mimikyu|88\/100|[from] pokemon: Mimikyu-Busted\n|\n|upkeep\n|turn|3\n|\n|t:|1700429485\n|move|p2a: Zapdos|U-turn|p1a: Mimikyu\n|-resisted|p1a: Mimikyu\n|-damage|p1a: Mimikyu|80\/100\n|\n|t:|1700429488\n|switch|p2a: Moltres|Moltres|100\/100|[from] U-turn\n|move|p1a: Mimikyu|Play Rough|p2a: Moltres\n|-resisted|p2a: Moltres\n|-damage|p2a: Moltres|88\/100\n|\n|-heal|p2a: Moltres|95\/100|[from] item: Leftovers\n|upkeep\n|turn|4\n|\n|t:|1700429502\n|switch|p1a: Ting-Lu|Ting-Lu|100\/100\n|-ability|p1a: Ting-Lu|Vessel of Ruin\n|move|p2a: Moltres|Will-O-Wisp|p1a: Ting-Lu|[miss]\n|-miss|p2a: Moltres|p1a: Ting-Lu\n|\n|-heal|p2a: Moltres|100\/100|[from] item: Leftovers\n|upkeep\n|turn|5\n|\n|t:|1700429519\n|switch|p2a: Landorus|Landorus-Therian, M|100\/100\n|-ability|p2a: Landorus|Intimidate|boost\n|-unboost|p1a: Ting-Lu|atk|1\n|move|p1a: Ting-Lu|Stealth Rock|p2a: Landorus\n|-sidestart|p2: Atomix2|move: Stealth Rock\n|\n|upkeep\n|turn|6\n|\n|t:|1700429528\n|move|p2a: Landorus|U-turn|p1a: Ting-Lu\n|-supereffective|p1a: Ting-Lu\n|-damage|p1a: Ting-Lu|80\/100\n|j| LogIce\n|\n|t:|1700429543\n|switch|p2a: Zapdos|Zapdos-Galar|60\/100|[from] U-turn\n|-damage|p2a: Zapdos|48\/100|[from] Stealth Rock\n|move|p1a: Ting-Lu|Whirlwind|p2a: Zapdos\n|drag|p2a: Phil|Gastrodon, F|100\/100\n|-damage|p2a: Phil|94\/100|[from] Stealth Rock\n|\n|-heal|p2a: Phil|100\/100|[from] item: Leftovers\n|-heal|p1a: Ting-Lu|86\/100|[from] item: Leftovers\n|upkeep\n|turn|7\n|j| Tubaguia_Ofc\n|\n|t:|1700429561\n|move|p2a: Phil|Stealth Rock|p1a: Ting-Lu\n|-sidestart|p1: MrBearmanchild|move: Stealth Rock\n|move|p1a: Ting-Lu|Whirlwind|p2a: Phil\n|drag|p2a: Moltres|Moltres|100\/100\n|-damage|p2a: Moltres|50\/100|[from] Stealth Rock\n|\n|-heal|p2a: Moltres|57\/100|[from] item: Leftovers\n|-heal|p1a: Ting-Lu|92\/100|[from] item: Leftovers\n|upkeep\n|turn|8\n|\n|t:|1700429572\n|move|p2a: Moltres|Will-O-Wisp|p1a: Ting-Lu\n|-status|p1a: Ting-Lu|brn\n|move|p1a: Ting-Lu|Whirlwind|p2a: Moltres\n|drag|p2a: Zapdos|Zapdos-Galar|48\/100\n|-damage|p2a: Zapdos|35\/100|[from] Stealth Rock\n|\n|-heal|p1a: Ting-Lu|99\/100 brn|[from] item: Leftovers\n|-damage|p1a: Ting-Lu|92\/100 brn|[from] brn\n|upkeep\n|turn|9\n|\n|t:|1700429584\n|move|p2a: Zapdos|Thunderous Kick|p1a: Ting-Lu\n|-supereffective|p1a: Ting-Lu\n|-damage|p1a: Ting-Lu|61\/100 brn\n|-unboost|p1a: Ting-Lu|def|1\n|move|p1a: Ting-Lu|Whirlwind|p2a: Zapdos\n|drag|p2a: Moltres|Moltres|57\/100\n|-damage|p2a: Moltres|7\/100|[from] Stealth Rock\n|\n|-heal|p2a: Moltres|13\/100|[from] item: Leftovers\n|-heal|p1a: Ting-Lu|67\/100 brn|[from] item: Leftovers\n|-damage|p1a: Ting-Lu|61\/100 brn|[from] brn\n|upkeep\n|turn|10\n|\n|t:|1700429597\n|move|p2a: Moltres|Roost|p2a: Moltres\n|-heal|p2a: Moltres|63\/100\n|-singleturn|p2a: Moltres|move: Roost\n|move|p1a: Ting-Lu|Whirlwind|p2a: Moltres\n|drag|p2a: Ogerpon|Ogerpon-Wellspring, F|100\/100\n|-damage|p2a: Ogerpon|88\/100|[from] Stealth Rock\n|\n|-heal|p1a: Ting-Lu|67\/100 brn|[from] item: Leftovers\n|-damage|p1a: Ting-Lu|61\/100 brn|[from] brn\n|upkeep\n|turn|11\n|\n|t:|1700429623\n|switch|p1a: Zapdos|Zapdos|100\/100\n|move|p2a: Ogerpon|Ivy Cudgel|p1a: Zapdos|[anim] Ivy Cudgel Water\n|-damage|p1a: Zapdos|23\/100\n|\n|upkeep\n|turn|12\n|\n|t:|1700429632\n|move|p2a: Ogerpon|Ivy Cudgel|p1a: Zapdos|[anim] Ivy Cudgel Water\n|-damage|p1a: Zapdos|0 fnt\n|faint|p1a: Zapdos\n|\n|upkeep\n|\n|t:|1700429640\n|switch|p1a: Meowscarada|Meowscarada, M|100\/100\n|-damage|p1a: Meowscarada|88\/100|[from] Stealth Rock\n|turn|13\n|\n|t:|1700429648\n|switch|p2a: Zapdos|Zapdos-Galar|35\/100\n|-damage|p2a: Zapdos|23\/100|[from] Stealth Rock\n|move|p1a: Meowscarada|Flower Trick|p2a: Zapdos\n|-start|p1a: Meowscarada|typechange|Grass|[from] ability: Protean\n|-resisted|p2a: Zapdos\n|-crit|p2a: Zapdos\n|-damage|p2a: Zapdos|0 fnt\n|faint|p2a: Zapdos\n|\n|upkeep\n|\n|t:|1700429665\n|switch|p2a: Landorus|Landorus-Therian, M|100\/100\n|-damage|p2a: Landorus|88\/100|[from] Stealth Rock\n|-ability|p2a: Landorus|Intimidate|boost\n|-unboost|p1a: Meowscarada|atk|1\n|turn|14\n|\n|t:|1700429672\n|move|p2a: Landorus|U-turn|p1a: Meowscarada\n|-supereffective|p1a: Meowscarada\n|-damage|p1a: Meowscarada|4\/100\n|\n|t:|1700429685\n|switch|p2a: Moltres|Moltres|63\/100|[from] U-turn\n|-damage|p2a: Moltres|13\/100|[from] Stealth Rock\n|move|p1a: Meowscarada|Flower Trick|p2a: Moltres\n|-resisted|p2a: Moltres\n|-crit|p2a: Moltres\n|-damage|p2a: Moltres|1\/100\n|\n|-heal|p2a: Moltres|8\/100|[from] item: Leftovers\n|upkeep\n|turn|15\n|\n|t:|1700429704\n|switch|p1a: Crawdaunt|Crawdaunt, M|42\/100\n|-damage|p1a: Crawdaunt|30\/100|[from] Stealth Rock\n|move|p2a: Moltres|Roost|p2a: Moltres\n|-heal|p2a: Moltres|58\/100\n|-singleturn|p2a: Moltres|move: Roost\n|\n|-heal|p2a: Moltres|64\/100|[from] item: Leftovers\n|upkeep\n|turn|16\n|\n|t:|1700429732\n|-terastallize|p2a: Moltres|Water\n|move|p2a: Moltres|Roost|p2a: Moltres\n|-heal|p2a: Moltres|100\/100\n|move|p1a: Crawdaunt|Knock Off|p2a: Moltres\n|-damage|p2a: Moltres|29\/100\n|-enditem|p2a: Moltres|Leftovers|[from] move: Knock Off|[of] p1a: Crawdaunt\n|\n|upkeep\n|turn|17\n|\n|t:|1700429743\n|switch|p1a: Meowscarada|Meowscarada, M|4\/100\n|-damage|p1a: Meowscarada|0 fnt|[from] Stealth Rock\n|faint|p1a: Meowscarada\n|move|p2a: Moltres|Roost|p2a: Moltres\n|-heal|p2a: Moltres|79\/100\n|\n|upkeep\n|\n|t:|1700429753\n|switch|p1a: Iron Hands|Iron Hands|100\/100\n|-damage|p1a: Iron Hands|94\/100|[from] Stealth Rock\n|turn|18\n|\n|t:|1700429765\n|switch|p2a: Phil|Gastrodon, F|100\/100\n|-damage|p2a: Phil|94\/100|[from] Stealth Rock\n|move|p1a: Iron Hands|Swords Dance|p1a: Iron Hands\n|-boost|p1a: Iron Hands|atk|2\n|\n|-heal|p1a: Iron Hands|100\/100|[from] item: Leftovers\n|-heal|p2a: Phil|100\/100|[from] item: Leftovers\n|upkeep\n|turn|19\n|\n|t:|1700429778\n|move|p1a: Iron Hands|Drain Punch|p2a: Phil\n|-damage|p2a: Phil|15\/100\n|move|p2a: Phil|Earth Power|p1a: Iron Hands\n|-supereffective|p1a: Iron Hands\n|-damage|p1a: Iron Hands|52\/100\n|\n|-heal|p1a: Iron Hands|58\/100|[from] item: Leftovers\n|-heal|p2a: Phil|21\/100|[from] item: Leftovers\n|upkeep\n|turn|20\n|\n|t:|1700429797\n|switch|p2a: Landorus|Landorus-Therian, M|88\/100\n|-damage|p2a: Landorus|75\/100|[from] Stealth Rock\n|-ability|p2a: Landorus|Intimidate|boost\n|-unboost|p1a: Iron Hands|atk|1\n|move|p1a: Iron Hands|Drain Punch|p2a: Landorus\n|-resisted|p2a: Landorus\n|-damage|p2a: Landorus|37\/100\n|-heal|p1a: Iron Hands|70\/100|[from] drain|[of] p2a: Landorus\n|\n|-heal|p1a: Iron Hands|76\/100|[from] item: Leftovers\n|upkeep\n|turn|21\n|\n|t:|1700429822\n|move|p2a: Landorus|Earthquake|p1a: Iron Hands\n|-supereffective|p1a: Iron Hands\n|-damage|p1a: Iron Hands|3\/100\n|move|p1a: Iron Hands|Drain Punch|p2a: Landorus\n|-resisted|p2a: Landorus\n|-damage|p2a: Landorus|0 fnt\n|-heal|p1a: Iron Hands|15\/100|[from] drain|[of] p2a: Landorus\n|faint|p2a: Landorus\n|\n|-heal|p1a: Iron Hands|21\/100|[from] item: Leftovers\n|upkeep\n|j| Ryan&Ditto\n|\n|t:|1700429854\n|switch|p2a: Dragonite|Dragonite, F|100\/100\n|-damage|p2a: Dragonite|75\/100|[from] Stealth Rock\n|turn|22\n|\n|t:|1700429862\n|move|p2a: Dragonite|Earthquake|p1a: Iron Hands\n|-supereffective|p1a: Iron Hands\n|-damage|p1a: Iron Hands|0 fnt\n|faint|p1a: Iron Hands\n|-end|p1a: Iron Hands|Quark Drive|[silent]\n|\n|upkeep\n|\n|t:|1700429867\n|switch|p1a: Mimikyu|Mimikyu-Busted, M|80\/100\n|-damage|p1a: Mimikyu|67\/100|[from] Stealth Rock\n|turn|23\n|c| Ryan&Ditto|brian hands is down\n|c| Ryan&Ditto|lessgooo\n|l| Tubaguia_Ofc\n|\n|t:|1700429885\n|switch|p2a: Moltres|Moltres, tera:Water|79\/100\n|-damage|p2a: Moltres|66\/100|[from] Stealth Rock\n|move|p1a: Mimikyu|Play Rough|p2a: Moltres\n|-damage|p2a: Moltres|42\/100\n|-status|p1a: Mimikyu|brn|[from] ability: Flame Body|[of] p2a: Moltres\n|\n|-damage|p1a: Mimikyu|61\/100 brn|[from] brn\n|upkeep\n|turn|24\n|j| Tubaguia_Ofc\n|c| Ryan&Ditto|huge\n|l|\u2606MrBearmanchild\n|player|p1|\n|l| Notgeeta101\n|j|\u2606MrBearmanchild\n|player|p1|MrBearmanchild|170\n|\n|t:|1700429965\n|move|p1a: Mimikyu|Swords Dance|p1a: Mimikyu\n|-boost|p1a: Mimikyu|atk|2\n|move|p2a: Moltres|Roost|p2a: Moltres\n|-heal|p2a: Moltres|92\/100\n|\n|-damage|p1a: Mimikyu|55\/100 brn|[from] brn\n|upkeep\n|turn|25\n|j| Notgeeta101\n|\n|t:|1700429977\n|move|p1a: Mimikyu|Drain Punch|p2a: Moltres\n|-damage|p2a: Moltres|78\/100\n|-heal|p1a: Mimikyu|67\/100 brn|[from] drain|[of] p2a: Moltres\n|move|p2a: Moltres|Flamethrower|p1a: Mimikyu\n|-damage|p1a: Mimikyu|21\/100 brn\n|\n|-damage|p1a: Mimikyu|15\/100 brn|[from] brn\n|upkeep\n|turn|26\n|\n|t:|1700429990\n|move|p1a: Mimikyu|Drain Punch|p2a: Moltres\n|-damage|p2a: Moltres|63\/100\n|-heal|p1a: Mimikyu|26\/100 brn|[from] drain|[of] p2a: Moltres\n|move|p2a: Moltres|Roost|p2a: Moltres\n|-heal|p2a: Moltres|100\/100\n|\n|-damage|p1a: Mimikyu|20\/100 brn|[from] brn\n|upkeep\n|turn|27\n|\n|t:|1700430003\n|move|p1a: Mimikyu|Drain Punch|p2a: Moltres\n|-damage|p2a: Moltres|86\/100\n|-heal|p1a: Mimikyu|32\/100 brn|[from] drain|[of] p2a: Moltres\n|move|p2a: Moltres|Flamethrower|p1a: Mimikyu\n|-damage|p1a: Mimikyu|0 fnt\n|faint|p1a: Mimikyu\n|\n|upkeep\n|\n|t:|1700430012\n|switch|p1a: Ting-Lu|Ting-Lu|61\/100 brn\n|-damage|p1a: Ting-Lu|55\/100 brn|[from] Stealth Rock\n|-ability|p1a: Ting-Lu|Vessel of Ruin\n|turn|28\n|\n|t:|1700430020\n|move|p2a: Moltres|Air Slash|p1a: Ting-Lu\n|-damage|p1a: Ting-Lu|36\/100 brn\n|move|p1a: Ting-Lu|Whirlwind|p2a: Moltres\n|drag|p2a: Phil|Gastrodon, F|21\/100\n|-damage|p2a: Phil|15\/100|[from] Stealth Rock\n|\n|-heal|p2a: Phil|21\/100|[from] item: Leftovers\n|-heal|p1a: Ting-Lu|42\/100 brn|[from] item: Leftovers\n|-damage|p1a: Ting-Lu|36\/100 brn|[from] brn\n|upkeep\n|turn|29\n|\n|t:|1700430031\n|move|p2a: Phil|Recover|p2a: Phil\n|-heal|p2a: Phil|71\/100\n|move|p1a: Ting-Lu|Earthquake|p2a: Phil\n|-damage|p2a: Phil|54\/100\n|\n|-heal|p2a: Phil|60\/100|[from] item: Leftovers\n|-heal|p1a: Ting-Lu|42\/100 brn|[from] item: Leftovers\n|-damage|p1a: Ting-Lu|36\/100 brn|[from] brn\n|upkeep\n|turn|30\n|l| Notgeeta101\n|\n|t:|1700430041\n|move|p2a: Phil|Earth Power|p1a: Ting-Lu\n|-damage|p1a: Ting-Lu|18\/100 brn\n|move|p1a: Ting-Lu|Earthquake|p2a: Phil\n|-damage|p2a: Phil|42\/100\n|\n|-heal|p2a: Phil|48\/100|[from] item: Leftovers\n|-heal|p1a: Ting-Lu|24\/100 brn|[from] item: Leftovers\n|-damage|p1a: Ting-Lu|18\/100 brn|[from] brn\n|upkeep\n|turn|31\n|\n|t:|1700430052\n|move|p2a: Phil|Recover|p2a: Phil\n|-heal|p2a: Phil|98\/100\n|move|p1a: Ting-Lu|Earthquake|p2a: Phil\n|-damage|p2a: Phil|80\/100\n|\n|-heal|p2a: Phil|86\/100|[from] item: Leftovers\n|-heal|p1a: Ting-Lu|24\/100 brn|[from] item: Leftovers\n|-damage|p1a: Ting-Lu|18\/100 brn|[from] brn\n|upkeep\n|turn|32\n|\n|t:|1700430062\n|move|p2a: Phil|Earth Power|p1a: Ting-Lu\n|-damage|p1a: Ting-Lu|0 fnt\n|faint|p1a: Ting-Lu\n|\n|-heal|p2a: Phil|93\/100|[from] item: Leftovers\n|upkeep\n|\n|t:|1700430069\n|switch|p1a: Crawdaunt|Crawdaunt, M|30\/100\n|-damage|p1a: Crawdaunt|17\/100|[from] Stealth Rock\n|turn|33\n|\n|t:|1700430073\n|move|p1a: Crawdaunt|Knock Off|p2a: Phil\n|-damage|p2a: Phil|0 fnt\n|-enditem|p2a: Phil|Leftovers|[from] move: Knock Off|[of] p1a: Crawdaunt\n|faint|p2a: Phil\n|\n|upkeep\n|l| Tubaguia_Ofc\n|\n|t:|1700430081\n|switch|p2a: Dragonite|Dragonite, F|75\/100\n|-damage|p2a: Dragonite|50\/100|[from] Stealth Rock\n|turn|34\n|\n|t:|1700430087\n|move|p2a: Dragonite|Outrage|p1a: Crawdaunt\n|-damage|p1a: Crawdaunt|0 fnt\n|faint|p1a: Crawdaunt\n|\n|win|Atomix2\n|c|\u2606Atomix2|gg\n|c|\u2606Atomix2|that was fun\n|c| Ryan&Ditto|ggs\n","uploadtime":1700430095,"views":59,"p1id":"mrbearmanchild","p2id":"atomix2","formatid":"gen9ou","rating":0,"private":0,"password":""}