{"id":"gen9ou-1992093281","p1":"Yobeto","p2":"FleetFoxxx","format":"[Gen 9] OU","log":"|j|\u2606Yobeto\n|j|\u2606FleetFoxxx\n|t:|1700154511\n|gametype|singles\n|player|p1|Yobeto|1|1664\n|player|p2|FleetFoxxx|265|1716\n|teamsize|p1|6\n|teamsize|p2|6\n|gen|9\n|tier|[Gen 9] OU\n|rated|\n|rule|Sleep Clause Mod: Limit one foe put to sleep\n|rule|Species Clause: Limit one of each Pok\u00e9mon\n|rule|OHKO Clause: OHKO moves are banned\n|rule|Evasion Items Clause: Evasion items are banned\n|rule|Evasion Moves Clause: Evasion moves are banned\n|rule|Endless Battle Clause: Forcing endless battles is banned\n|rule|HP Percentage Mod: HP is shown in percentages\n|clearpoke\n|poke|p1|Garchomp, F|\n|poke|p1|Kingambit, M|\n|poke|p1|Dragapult, F|\n|poke|p1|Gholdengo|\n|poke|p1|Iron Valiant|\n|poke|p1|Dragonite, F|\n|poke|p2|Landorus-Therian, M|\n|poke|p2|Dragonite, F|\n|poke|p2|Corviknight, M|\n|poke|p2|Ogerpon-Wellspring, F|\n|poke|p2|Thundurus-Therian, M|\n|poke|p2|Dragapult, F|\n|teampreview\n|inactive|Battle timer is ON: inactive players will automatically lose when time's up. (requested by Yobeto)\n|inactive|FleetFoxxx has 120 seconds left.\n|inactive|FleetFoxxx has 90 seconds left.\n|\n|t:|1700154581\n|start\n|switch|p1a: Garchomp|Garchomp, F|100\/100\n|switch|p2a: Ogerpon|Ogerpon-Wellspring, F|100\/100\n|turn|1\n|\n|t:|1700154589\n|move|p2a: Ogerpon|Swords Dance|p2a: Ogerpon\n|-boost|p2a: Ogerpon|atk|2\n|move|p1a: Garchomp|Stealth Rock|p2a: Ogerpon\n|-sidestart|p2: FleetFoxxx|move: Stealth Rock\n|\n|upkeep\n|turn|2\n|\n|t:|1700154603\n|switch|p1a: Dragonite|Dragonite, F|100\/100\n|move|p2a: Ogerpon|Ivy Cudgel|p1a: Dragonite|[anim] Ivy Cudgel Water\n|-resisted|p1a: Dragonite\n|-damage|p1a: Dragonite|71\/100\n|\n|upkeep\n|turn|3\n|\n|t:|1700154614\n|move|p1a: Dragonite|Extreme Speed|p2a: Ogerpon\n|-damage|p2a: Ogerpon|61\/100\n|move|p2a: Ogerpon|Ivy Cudgel|p1a: Dragonite|[anim] Ivy Cudgel Water\n|-resisted|p1a: Dragonite\n|-damage|p1a: Dragonite|13\/100\n|\n|upkeep\n|turn|4\n|inactive|FleetFoxxx has 120 seconds left.\n|\n|t:|1700154651\n|move|p1a: Dragonite|Extreme Speed|p2a: Ogerpon\n|-crit|p2a: Ogerpon\n|-damage|p2a: Ogerpon|3\/100\n|move|p2a: Ogerpon|Trailblaze|p1a: Dragonite\n|-resisted|p1a: Dragonite\n|-damage|p1a: Dragonite|0 fnt\n|-boost|p2a: Ogerpon|spe|1\n|faint|p1a: Dragonite\n|\n|upkeep\n|\n|t:|1700154660\n|switch|p1a: Iron Valiant|Iron Valiant|100\/100\n|-enditem|p1a: Iron Valiant|Booster Energy\n|-activate|p1a: Iron Valiant|ability: Quark Drive|[fromitem]\n|-start|p1a: Iron Valiant|quarkdrivespe\n|turn|5\n|inactive|FleetFoxxx has 120 seconds left.\n|\n|t:|1700154675\n|move|p1a: Iron Valiant|Shadow Sneak|p2a: Ogerpon\n|-damage|p2a: Ogerpon|0 fnt\n|faint|p2a: Ogerpon\n|\n|upkeep\n|\n|t:|1700154677\n|switch|p2a: Corviknight|Corviknight, M|100\/100\n|-damage|p2a: Corviknight|88\/100|[from] Stealth Rock\n|-ability|p2a: Corviknight|Pressure\n|turn|6\n|\n|t:|1700154679\n|-end|p1a: Iron Valiant|Quark Drive|[silent]\n|switch|p1a: Gholdengo|Gholdengo|100\/100\n|move|p2a: Corviknight|Brave Bird|p1a: Gholdengo\n|-resisted|p1a: Gholdengo\n|-damage|p1a: Gholdengo|81\/100\n|-damage|p2a: Corviknight|83\/100|[from] Recoil\n|\n|upkeep\n|turn|7\n|\n|t:|1700154687\n|switch|p2a: Landorus|Landorus-Therian, M|100\/100\n|-damage|p2a: Landorus|88\/100|[from] Stealth Rock\n|-ability|p2a: Landorus|Intimidate|boost\n|-unboost|p1a: Gholdengo|atk|1\n|move|p1a: Gholdengo|Shadow Ball|p2a: Landorus\n|-damage|p2a: Landorus|55\/100\n|\n|-heal|p2a: Landorus|61\/100|[from] item: Leftovers\n|upkeep\n|turn|8\n|\n|t:|1700154714\n|switch|p1a: Dragapult|Dragapult, F|100\/100\n|move|p2a: Landorus|Earthquake|p1a: Dragapult\n|-damage|p1a: Dragapult|34\/100\n|\n|-heal|p2a: Landorus|67\/100|[from] item: Leftovers\n|upkeep\n|turn|9\n|\n|t:|1700154721\n|move|p1a: Dragapult|Draco Meteor|p2a: Landorus\n|-damage|p2a: Landorus|3\/100\n|-unboost|p1a: Dragapult|spa|2\n|move|p2a: Landorus|Earthquake|p1a: Dragapult\n|-crit|p1a: Dragapult\n|-damage|p1a: Dragapult|0 fnt\n|faint|p1a: Dragapult\n|\n|-heal|p2a: Landorus|9\/100|[from] item: Leftovers\n|upkeep\n|\n|t:|1700154726\n|switch|p1a: Garchomp|Garchomp, F|100\/100\n|turn|10\n|\n|t:|1700154750\n|move|p1a: Garchomp|Dragon Claw|p2a: Landorus\n|-damage|p2a: Landorus|0 fnt\n|faint|p2a: Landorus\n|\n|upkeep\n|\n|t:|1700154754\n|switch|p2a: Dragapult|Dragapult, F|100\/100\n|-damage|p2a: Dragapult|88\/100|[from] Stealth Rock\n|turn|11\n|\n|t:|1700154759\n|-terastallize|p1a: Garchomp|Fairy\n|move|p2a: Dragapult|Draco Meteor|p1a: Garchomp\n|-immune|p1a: Garchomp\n|move|p1a: Garchomp|Dragon Claw|p2a: Dragapult\n|-supereffective|p2a: Dragapult\n|-damage|p2a: Dragapult|0 fnt\n|faint|p2a: Dragapult\n|\n|upkeep\n|\n|t:|1700154775\n|switch|p2a: Thundurus|Thundurus-Therian, M|100\/100\n|turn|12\n|\n|t:|1700154786\n|move|p1a: Garchomp|Dragon Claw|p2a: Thundurus\n|-damage|p2a: Thundurus|41\/100\n|move|p2a: Thundurus|Nasty Plot|p2a: Thundurus\n|-boost|p2a: Thundurus|spa|2\n|\n|upkeep\n|turn|13\n|\n|t:|1700154810\n|move|p1a: Garchomp|Dragon Claw|p2a: Thundurus\n|-damage|p2a: Thundurus|0 fnt\n|faint|p2a: Thundurus\n|\n|upkeep\n|\n|t:|1700154812\n|switch|p2a: Corviknight|Corviknight, M|83\/100\n|-damage|p2a: Corviknight|71\/100|[from] Stealth Rock\n|-ability|p2a: Corviknight|Pressure\n|turn|14\n|\n|t:|1700154820\n|switch|p1a: Gholdengo|Gholdengo|81\/100\n|move|p2a: Corviknight|U-turn|p1a: Gholdengo\n|-resisted|p1a: Gholdengo\n|-damage|p1a: Gholdengo|77\/100\n|\n|t:|1700154829\n|switch|p2a: Dragonite|Dragonite, F|100\/100|[from] U-turn\n|-damage|p2a: Dragonite|76\/100|[from] Stealth Rock\n|\n|upkeep\n|turn|15\n|-message|FleetFoxxx forfeited.\n|\n|win|Yobeto\n|raw|Yobeto's rating: 1664 &rarr; <strong>1686<\/strong><br \/>(+22 for winning)\n|raw|FleetFoxxx's rating: 1697 &rarr; <strong>1675<\/strong><br \/>(-22 for losing)\n|l|\u2606FleetFoxxx\n","uploadtime":1700154843,"views":8,"p1id":"yobeto","p2id":"fleetfoxxx","formatid":"gen9ou","rating":1675,"private":0,"password":""}