{"id":"gen9ou-1990742699","p1":"pastagirl !","p2":"SDK04","format":"[Gen 9] OU","log":"|j|\u2606pastagirl !\n|j|\u2606SDK04\n|t:|1699996628\n|gametype|singles\n|player|p1|pastagirl !|elesa|1616\n|player|p2|SDK04|unknown|1682\n|teamsize|p1|6\n|teamsize|p2|6\n|gen|9\n|tier|[Gen 9] OU\n|rated|\n|rule|Sleep Clause Mod: Limit one foe put to sleep\n|rule|Species Clause: Limit one of each Pok\u00e9mon\n|rule|OHKO Clause: OHKO moves are banned\n|rule|Evasion Items Clause: Evasion items are banned\n|rule|Evasion Moves Clause: Evasion moves are banned\n|rule|Endless Battle Clause: Forcing endless battles is banned\n|rule|HP Percentage Mod: HP is shown in percentages\n|clearpoke\n|poke|p1|Pelipper, M|\n|poke|p1|Barraskewda, F|\n|poke|p1|Quaquaval, M|\n|poke|p1|Ogerpon-Wellspring, F|\n|poke|p1|Thundurus-Therian, M|\n|poke|p1|Amoonguss, F|\n|poke|p2|Ninetales-Alola, M|\n|poke|p2|Ogerpon-Wellspring, F|\n|poke|p2|Mew|\n|poke|p2|Kingambit, F|\n|poke|p2|Gholdengo|\n|poke|p2|Salamence, M|\n|teampreview\n|inactive|Battle timer is ON: inactive players will automatically lose when time's up. (requested by SDK04)\n|\n|t:|1699996634\n|start\n|switch|p1a: EL PELIGRO|Pelipper, M, shiny|100\/100\n|switch|p2a: cool window|Ninetales-Alola, M|100\/100\n|-weather|Snow|[from] ability: Snow Warning|[of] p2a: cool window\n|-weather|RainDance|[from] ability: Drizzle|[of] p1a: EL PELIGRO\n|turn|1\n|\n|t:|1699996638\n|-terastallize|p1a: EL PELIGRO|Steel\n|move|p2a: cool window|Freeze-Dry|p1a: EL PELIGRO\n|-resisted|p1a: EL PELIGRO\n|-damage|p1a: EL PELIGRO|86\/100\n|move|p1a: EL PELIGRO|Knock Off|p2a: cool window\n|-resisted|p2a: cool window\n|-damage|p2a: cool window|92\/100\n|-enditem|p2a: cool window|Light Clay|[from] move: Knock Off|[of] p1a: EL PELIGRO\n|\n|-weather|RainDance|[upkeep]\n|upkeep\n|turn|2\n|\n|t:|1699996646\n|move|p2a: cool window|Snowscape|p2a: cool window\n|-weather|Snow\n|move|p1a: EL PELIGRO|U-turn|p2a: cool window\n|-resisted|p2a: cool window\n|-damage|p2a: cool window|88\/100\n|\n|t:|1699996652\n|switch|p1a: Barraskewda|Barraskewda, F|100\/100|[from] U-turn\n|\n|-weather|Snow|[upkeep]\n|upkeep\n|turn|3\n|inactive|SDK04 has 120 seconds left.\n|\n|t:|1699996709\n|switch|p1a: EL PELIGRO|Pelipper, M, shiny, tera:Steel|86\/100\n|-weather|RainDance|[from] ability: Drizzle|[of] p1a: EL PELIGRO\n|move|p2a: cool window|Freeze-Dry|p1a: EL PELIGRO\n|-resisted|p1a: EL PELIGRO\n|-damage|p1a: EL PELIGRO|70\/100\n|\n|-weather|RainDance|[upkeep]\n|upkeep\n|turn|4\n|\n|t:|1699996719\n|move|p2a: cool window|Snowscape|p2a: cool window\n|-weather|Snow\n|move|p1a: EL PELIGRO|Hurricane|p2a: cool window\n|-crit|p2a: cool window\n|-damage|p2a: cool window|34\/100\n|-start|p2a: cool window|confusion\n|\n|-weather|Snow|[upkeep]\n|upkeep\n|turn|5\n|\n|t:|1699996725\n|-activate|p2a: cool window|confusion\n|-damage|p2a: cool window|28\/100|[from] confusion\n|move|p1a: EL PELIGRO|U-turn|p2a: cool window\n|-resisted|p2a: cool window\n|-damage|p2a: cool window|24\/100\n|\n|t:|1699996729\n|switch|p1a: Barraskewda|Barraskewda, F|100\/100|[from] U-turn\n|\n|-weather|Snow|[upkeep]\n|upkeep\n|turn|6\n|\n|t:|1699996732\n|switch|p1a: EL PELIGRO|Pelipper, M, shiny, tera:Steel|70\/100\n|-weather|RainDance|[from] ability: Drizzle|[of] p1a: EL PELIGRO\n|-activate|p2a: cool window|confusion\n|move|p2a: cool window|Snowscape|p2a: cool window\n|-weather|Snow\n|\n|-weather|Snow|[upkeep]\n|upkeep\n|turn|7\n|\n|t:|1699996737\n|-activate|p2a: cool window|confusion\n|-damage|p2a: cool window|17\/100|[from] confusion\n|move|p1a: EL PELIGRO|U-turn|p2a: cool window\n|-resisted|p2a: cool window\n|-damage|p2a: cool window|13\/100\n|\n|t:|1699996739\n|switch|p1a: Barraskewda|Barraskewda, F|100\/100|[from] U-turn\n|\n|-weather|Snow|[upkeep]\n|upkeep\n|turn|8\n|\n|t:|1699996744\n|move|p1a: Barraskewda|Flip Turn|p2a: cool window\n|-damage|p2a: cool window|0 fnt\n|faint|p2a: cool window\n|\n|t:|1699996746\n|switch|p1a: EL PELIGRO|Pelipper, M, shiny, tera:Steel|70\/100|[from] Flip Turn\n|-weather|RainDance|[from] ability: Drizzle|[of] p1a: EL PELIGRO\n|\n|-weather|RainDance|[upkeep]\n|upkeep\n|\n|t:|1699996759\n|switch|p2a: I miss Himiko\u2026|Salamence, M|100\/100\n|turn|9\n|\n|t:|1699996769\n|move|p2a: I miss Himiko\u2026|Dragon Dance|p2a: I miss Himiko\u2026\n|-boost|p2a: I miss Himiko\u2026|atk|1\n|-boost|p2a: I miss Himiko\u2026|spe|1\n|move|p1a: EL PELIGRO|U-turn|p2a: I miss Himiko\u2026\n|-resisted|p2a: I miss Himiko\u2026\n|-damage|p2a: I miss Himiko\u2026|95\/100\n|inactive|pastagirl ! has 120 seconds left.\n|\n|t:|1699996799\n|switch|p1a: Barraskewda|Barraskewda, F|100\/100|[from] U-turn\n|\n|-weather|RainDance|[upkeep]\n|upkeep\n|turn|10\n|\n|t:|1699996803\n|move|p1a: Barraskewda|Ice Fang|p2a: I miss Himiko\u2026\n|-supereffective|p2a: I miss Himiko\u2026\n|-damage|p2a: I miss Himiko\u2026|0 fnt\n|faint|p2a: I miss Himiko\u2026\n|\n|-weather|RainDance|[upkeep]\n|upkeep\n|\n|t:|1699996807\n|switch|p2a: \u201cI win\u201d button|Ogerpon-Wellspring, F|100\/100\n|turn|11\n|\n|t:|1699996810\n|switch|p1a: Amoonguss|Amoonguss, F|100\/100\n|move|p2a: \u201cI win\u201d button|Power Whip|p1a: Amoonguss\n|-resisted|p1a: Amoonguss\n|-damage|p1a: Amoonguss|87\/100\n|-enditem|p1a: Amoonguss|Eject Button\n|\n|t:|1699996816\n|switch|p1a: Ogerpon|Ogerpon-Wellspring, F|100\/100\n|\n|-weather|RainDance|[upkeep]\n|upkeep\n|turn|12\n|\n|t:|1699996822\n|switch|p1a: Amoonguss|Amoonguss, F|100\/100\n|move|p2a: \u201cI win\u201d button|Power Whip|p1a: Amoonguss\n|-resisted|p1a: Amoonguss\n|-damage|p1a: Amoonguss|88\/100\n|\n|-weather|RainDance|[upkeep]\n|upkeep\n|turn|13\n|\n|t:|1699996825\n|switch|p2a: Malicious Charity|Gholdengo|100\/100\n|-item|p2a: Malicious Charity|Air Balloon\n|move|p1a: Amoonguss|Sludge Bomb|p2a: Malicious Charity\n|-immune|p2a: Malicious Charity\n|\n|-weather|RainDance|[upkeep]\n|upkeep\n|turn|14\n|\n|t:|1699996848\n|switch|p1a: quacker oats|Quaquaval, M|100\/100\n|move|p2a: Malicious Charity|Shadow Ball|p1a: quacker oats\n|-damage|p1a: quacker oats|52\/100\n|\n|-weather|RainDance|[upkeep]\n|upkeep\n|turn|15\n|\n|t:|1699996854\n|switch|p2a: \u201cI win\u201d button|Ogerpon-Wellspring, F|100\/100\n|move|p1a: quacker oats|Roost|p1a: quacker oats\n|-heal|p1a: quacker oats|100\/100\n|-singleturn|p1a: quacker oats|move: Roost\n|\n|-weather|none\n|upkeep\n|turn|16\n|\n|t:|1699996861\n|switch|p1a: Amoonguss|Amoonguss, F|100\/100\n|move|p2a: \u201cI win\u201d button|Swords Dance|p2a: \u201cI win\u201d button\n|-boost|p2a: \u201cI win\u201d button|atk|2\n|\n|upkeep\n|turn|17\n|\n|t:|1699996866\n|move|p2a: \u201cI win\u201d button|Ivy Cudgel|p1a: Amoonguss|[anim] Ivy Cudgel Water\n|-resisted|p1a: Amoonguss\n|-crit|p1a: Amoonguss\n|-damage|p1a: Amoonguss|32\/100\n|move|p1a: Amoonguss|Sludge Bomb|p2a: \u201cI win\u201d button\n|-supereffective|p2a: \u201cI win\u201d button\n|-damage|p2a: \u201cI win\u201d button|41\/100\n|\n|upkeep\n|turn|18\n|inactive|pastagirl ! has 120 seconds left.\n|\n|t:|1699996906\n|switch|p1a: Thundurus|Thundurus-Therian, M|100\/100\n|move|p2a: \u201cI win\u201d button|Ivy Cudgel|p1a: Thundurus|[anim] Ivy Cudgel Water\n|-damage|p1a: Thundurus|0 fnt\n|faint|p1a: Thundurus\n|\n|upkeep\n|\n|t:|1699996911\n|switch|p1a: Barraskewda|Barraskewda, F|100\/100\n|turn|19\n|\n|t:|1699996920\n|switch|p2a: Malicious Charity|Gholdengo|100\/100\n|-item|p2a: Malicious Charity|Air Balloon\n|move|p1a: Barraskewda|Close Combat|p2a: Malicious Charity\n|-immune|p2a: Malicious Charity\n|\n|upkeep\n|turn|20\n|\n|t:|1699996924\n|switch|p1a: Amoonguss|Amoonguss, F|65\/100\n|move|p2a: Malicious Charity|Nasty Plot|p2a: Malicious Charity\n|-boost|p2a: Malicious Charity|spa|2\n|\n|upkeep\n|turn|21\n|\n|t:|1699996928\n|move|p2a: Malicious Charity|Psyshock|p1a: Amoonguss\n|-supereffective|p1a: Amoonguss\n|-damage|p1a: Amoonguss|0 fnt\n|faint|p1a: Amoonguss\n|\n|upkeep\n|\n|t:|1699996933\n|switch|p1a: EL PELIGRO|Pelipper, M, shiny, tera:Steel|70\/100\n|-weather|RainDance|[from] ability: Drizzle|[of] p1a: EL PELIGRO\n|turn|22\n|c|\u2606SDK04|Yo wait\n|\n|t:|1699996945\n|move|p2a: Malicious Charity|Shadow Ball|p1a: EL PELIGRO\n|-damage|p1a: EL PELIGRO|0 fnt\n|faint|p1a: EL PELIGRO\n|\n|-weather|RainDance|[upkeep]\n|upkeep\n|c|\u2606SDK04|I just realized I was playing against you lol\n|c|\u2606pastagirl !|lol\n|\n|t:|1699996962\n|switch|p1a: Ogerpon|Ogerpon-Wellspring, F|100\/100\n|turn|23\n|c|\u2606pastagirl !|imma lose this prolly\n|j| mcdogface\n|j| unlimiteddrre\n|j| sandveil10\n|\n|t:|1699996986\n|switch|p2a: \u201cI win\u201d button|Ogerpon-Wellspring, F|41\/100\n|move|p1a: Ogerpon|Power Whip|p2a: \u201cI win\u201d button\n|-damage|p2a: \u201cI win\u201d button|0 fnt\n|faint|p2a: \u201cI win\u201d button\n|\n|-weather|RainDance|[upkeep]\n|upkeep\n|j| Lacksatives\n|\n|t:|1699996990\n|switch|p2a: Bannable Offense|Kingambit, F|100\/100\n|-activate|p2a: Bannable Offense|ability: Supreme Overlord\n|-start|p2a: Bannable Offense|fallen3|[silent]\n|turn|24\n|c|\u2606pastagirl !|nvm im the goat\n|l| unlimiteddrre\n|\n|t:|1699997001\n|switch|p1a: quacker oats|Quaquaval, M|100\/100\n|move|p2a: Bannable Offense|Sucker Punch||[still]\n|-fail|p2a: Bannable Offense\n|\n|-weather|RainDance|[upkeep]\n|upkeep\n|turn|25\n|\n|t:|1699997008\n|-terastallize|p2a: Bannable Offense|Fairy\n|move|p1a: quacker oats|Aqua Step|p2a: Bannable Offense\n|-damage|p2a: Bannable Offense|48\/100\n|-boost|p1a: quacker oats|spe|1\n|move|p2a: Bannable Offense|Tera Blast|p1a: quacker oats|[anim] Tera Blast Fairy\n|-supereffective|p1a: quacker oats\n|-crit|p1a: quacker oats\n|-damage|p1a: quacker oats|0 fnt\n|faint|p1a: quacker oats\n|\n|-weather|RainDance|[upkeep]\n|-heal|p2a: Bannable Offense|54\/100|[from] item: Leftovers\n|upkeep\n|c| mcdogface|quacker oats a fire nickname\n|c| sandveil10|quacker oats lol\n|\n|t:|1699997022\n|switch|p1a: Ogerpon|Ogerpon-Wellspring, F|100\/100\n|turn|26\n|inactive|SDK04 has 120 seconds left.\n|inactive|SDK04 has 90 seconds left.\n|\n|t:|1699997083\n|-end|p2a: Bannable Offense|fallen3|[silent]\n|switch|p2a: Cheese Demon|Mew|100\/100\n|move|p1a: Ogerpon|Ivy Cudgel|p2a: Cheese Demon|[anim] Ivy Cudgel Water\n|-damage|p2a: Cheese Demon|29\/100\n|\n|-weather|RainDance|[upkeep]\n|-heal|p2a: Cheese Demon|35\/100|[from] item: Leftovers\n|upkeep\n|turn|27\n|\n|t:|1699997086\n|move|p1a: Ogerpon|Ivy Cudgel|p2a: Cheese Demon|[anim] Ivy Cudgel Water\n|-damage|p2a: Cheese Demon|0 fnt\n|faint|p2a: Cheese Demon\n|\n|-weather|RainDance|[upkeep]\n|upkeep\n|j| BABYGRONK88\n|inactive|SDK04 has 90 seconds left.\n|\n|t:|1699997104\n|switch|p2a: Bannable Offense|Kingambit, F, tera:Fairy|54\/100\n|-activate|p2a: Bannable Offense|ability: Supreme Overlord\n|-start|p2a: Bannable Offense|fallen4|[silent]\n|turn|28\n|\n|t:|1699997108\n|move|p2a: Bannable Offense|Sucker Punch|p1a: Ogerpon\n|-damage|p1a: Ogerpon|25\/100\n|move|p1a: Ogerpon|Ivy Cudgel|p2a: Bannable Offense|[anim] Ivy Cudgel Water\n|-crit|p2a: Bannable Offense\n|-damage|p2a: Bannable Offense|0 fnt\n|faint|p2a: Bannable Offense\n|-end|p2a: Bannable Offense|fallen4|[silent]\n|\n|-weather|RainDance|[upkeep]\n|upkeep\n|\n|t:|1699997110\n|switch|p2a: Malicious Charity|Gholdengo|100\/100\n|-item|p2a: Malicious Charity|Air Balloon\n|turn|29\n|c|\u2606SDK04|gg\n|c|\u2606SDK04|wp\n|c|\u2606pastagirl !|gg\n|\n|t:|1699997116\n|move|p1a: Ogerpon|Ivy Cudgel|p2a: Malicious Charity|[anim] Ivy Cudgel Water\n|-damage|p2a: Malicious Charity|4\/100\n|-enditem|p2a: Malicious Charity|Air Balloon\n|move|p2a: Malicious Charity|Shadow Ball|p1a: Ogerpon\n|-crit|p1a: Ogerpon\n|-damage|p1a: Ogerpon|0 fnt\n|faint|p1a: Ogerpon\n|\n|-weather|none\n|upkeep\n|\n|t:|1699997120\n|switch|p1a: Barraskewda|Barraskewda, F|100\/100\n|turn|30\n|c|\u2606SDK04|Yo wait I ate that\n|\n|t:|1699997125\n|move|p1a: Barraskewda|Liquidation|p2a: Malicious Charity\n|-damage|p2a: Malicious Charity|0 fnt\n|faint|p2a: Malicious Charity\n|\n|win|pastagirl !\n|raw|pastagirl !'s rating: 1616 &rarr; <strong>1640<\/strong><br \/>(+24 for winning)\n|raw|SDK04's rating: 1682 &rarr; <strong>1658<\/strong><br \/>(-24 for losing)\n|c| sandveil10|oh\n|l| BABYGRONK88\n|c|\u2606pastagirl !|yea it's a roll\n|l| mcdogface\n|c|\u2606pastagirl !|i can go skewda tho\n|c|\u2606SDK04|Why is Gholdengo so bulky to even survive that in Rain\n|c|\u2606pastagirl !|i eat sball w\/ skewda\n|c| sandveil10|sdk04 for game freak reasons\n|c|\u2606pastagirl !|and then i win from there i think\n|c| sandveil10|wp you two\n|c|\u2606SDK04|Pretty nice rain team btw\n","uploadtime":1699997147,"views":15,"p1id":"pastagirl","p2id":"sdk04","formatid":"gen9ou","rating":1640,"private":0,"password":""}