{"id":"gen9ou-1994134848","p1":"LOve4RussIA","p2":"Xilkix","format":"[Gen 9] OU","log":"|j|\u2606LOve4RussIA\n|j|\u2606Xilkix\n|t:|1700410986\n|gametype|singles\n|player|p1|LOve4RussIA|1|1507\n|player|p2|Xilkix|ethan|1560\n|teamsize|p1|6\n|teamsize|p2|6\n|gen|9\n|tier|[Gen 9] OU\n|rated|\n|rule|Sleep Clause Mod: Limit one foe put to sleep\n|rule|Species Clause: Limit one of each Pok\u00e9mon\n|rule|OHKO Clause: OHKO moves are banned\n|rule|Evasion Items Clause: Evasion items are banned\n|rule|Evasion Moves Clause: Evasion moves are banned\n|rule|Endless Battle Clause: Forcing endless battles is banned\n|rule|HP Percentage Mod: HP is shown in percentages\n|clearpoke\n|poke|p1|Amoonguss, M|\n|poke|p1|Blissey, F|\n|poke|p1|Corviknight, M|\n|poke|p1|Milotic, F|\n|poke|p1|Landorus-Therian, M|\n|poke|p1|Kingambit, M|\n|poke|p2|Infernape, F|\n|poke|p2|Clefable, F|\n|poke|p2|Dragonite, F|\n|poke|p2|Gholdengo|\n|poke|p2|Great Tusk|\n|poke|p2|Iron Valiant|\n|teampreview\n|\n|t:|1700410996\n|start\n|switch|p1a: Landorus|Landorus-Therian, M|100\/100\n|switch|p2a: Iron Valiant|Iron Valiant|100\/100\n|-ability|p1a: Landorus|Intimidate|boost\n|-unboost|p2a: Iron Valiant|atk|1\n|turn|1\n|\n|t:|1700411008\n|move|p2a: Iron Valiant|Moonblast|p1a: Landorus\n|-damage|p1a: Landorus|23\/100\n|-unboost|p1a: Landorus|spa|1\n|move|p1a: Landorus|Stealth Rock|p2a: Iron Valiant\n|-sidestart|p2: Xilkix|move: Stealth Rock\n|\n|-heal|p1a: Landorus|29\/100|[from] item: Leftovers\n|upkeep\n|turn|2\n|\n|t:|1700411017\n|-end|p2a: Iron Valiant|Quark Drive|[silent]\n|switch|p2a: Great Tusk|Great Tusk|100\/100\n|-damage|p2a: Great Tusk|98\/100|[from] Stealth Rock\n|switch|p1a: Blissey|Blissey, F|100\/100\n|\n|-heal|p2a: Great Tusk|100\/100|[from] item: Leftovers\n|upkeep\n|turn|3\n|\n|t:|1700411028\n|move|p2a: Great Tusk|Rapid Spin|p1a: Blissey\n|-damage|p1a: Blissey|85\/100\n|-boost|p2a: Great Tusk|spe|1\n|-sideend|p2: Xilkix|Stealth Rock|[from] move: Rapid Spin|[of] p2a: Great Tusk\n|move|p1a: Blissey|Ice Beam|p2a: Great Tusk\n|-supereffective|p2a: Great Tusk\n|-damage|p2a: Great Tusk|40\/100\n|\n|-heal|p2a: Great Tusk|46\/100|[from] item: Leftovers\n|-heal|p1a: Blissey|91\/100|[from] item: Leftovers\n|upkeep\n|turn|4\n|\n|t:|1700411039\n|-end|p2a: Great Tusk|Protosynthesis|[silent]\n|switch|p2a: Clefable|Clefable, F|100\/100\n|switch|p1a: Corviknight|Corviknight, M|100\/100\n|\n|upkeep\n|turn|5\n|\n|t:|1700411047\n|move|p1a: Corviknight|Brave Bird|p2a: Clefable\n|-damage|p2a: Clefable|57\/100\n|-damage|p1a: Corviknight|86\/100|[from] Recoil\n|move|p2a: Clefable|Stealth Rock|p1a: Corviknight\n|-sidestart|p1: LOve4RussIA|move: Stealth Rock\n|\n|-heal|p2a: Clefable|63\/100|[from] item: Leftovers\n|upkeep\n|turn|6\n|\n|t:|1700411056\n|move|p1a: Corviknight|Brave Bird|p2a: Clefable\n|-damage|p2a: Clefable|19\/100\n|-damage|p1a: Corviknight|72\/100|[from] Recoil\n|move|p2a: Clefable|Wish|p2a: Clefable\n|\n|-heal|p2a: Clefable|25\/100|[from] item: Leftovers\n|upkeep\n|turn|7\n|\n|t:|1700411066\n|move|p2a: Clefable|Protect|p2a: Clefable\n|-singleturn|p2a: Clefable|Protect\n|move|p1a: Corviknight|Defog|p2a: Clefable\n|-activate|p2a: Clefable|move: Protect\n|\n|-heal|p2a: Clefable|75\/100|[from] move: Wish|[wisher] Clefable\n|-heal|p2a: Clefable|81\/100|[from] item: Leftovers\n|upkeep\n|turn|8\n|\n|t:|1700411078\n|switch|p2a: Gholdengo|Gholdengo|100\/100\n|move|p1a: Corviknight|Defog|p2a: Gholdengo\n|-immune|p2a: Gholdengo|[from] ability: Good as Gold\n|\n|upkeep\n|turn|9\n|\n|t:|1700411087\n|switch|p1a: Blissey|Blissey, F|91\/100\n|-damage|p1a: Blissey|79\/100|[from] Stealth Rock\n|move|p2a: Gholdengo|Trick|p1a: Blissey\n|-activate|p2a: Gholdengo|move: Trick|[of] p1a: Blissey\n|-item|p1a: Blissey|Choice Scarf|[from] move: Trick\n|-item|p2a: Gholdengo|Leftovers|[from] move: Trick\n|\n|upkeep\n|turn|10\n|\n|t:|1700411096\n|switch|p2a: Clefable|Clefable, F|81\/100\n|move|p1a: Blissey|Flamethrower|p2a: Clefable\n|-damage|p2a: Clefable|66\/100\n|\n|-heal|p2a: Clefable|72\/100|[from] item: Leftovers\n|upkeep\n|turn|11\n|\n|t:|1700411113\n|move|p1a: Blissey|Flamethrower|p2a: Clefable\n|-damage|p2a: Clefable|57\/100\n|move|p2a: Clefable|Wish|p2a: Clefable\n|\n|-heal|p2a: Clefable|63\/100|[from] item: Leftovers\n|upkeep\n|turn|12\n|\n|t:|1700411122\n|switch|p1a: Landorus|Landorus-Therian, M|29\/100\n|-damage|p1a: Landorus|17\/100|[from] Stealth Rock\n|-ability|p1a: Landorus|Intimidate|boost\n|-unboost|p2a: Clefable|atk|1\n|switch|p2a: Great Tusk|Great Tusk|46\/100\n|\n|-heal|p2a: Great Tusk|92\/100|[from] move: Wish|[wisher] Clefable\n|-heal|p1a: Landorus|23\/100|[from] item: Leftovers\n|-heal|p2a: Great Tusk|98\/100|[from] item: Leftovers\n|upkeep\n|turn|13\n|\n|t:|1700411140\n|move|p1a: Landorus|Stealth Rock|p2a: Great Tusk\n|-sidestart|p2: Xilkix|move: Stealth Rock\n|move|p2a: Great Tusk|Knock Off|p1a: Landorus\n|-damage|p1a: Landorus|0 fnt\n|-enditem|p1a: Landorus|Leftovers|[from] move: Knock Off|[of] p2a: Great Tusk\n|faint|p1a: Landorus\n|\n|-heal|p2a: Great Tusk|100\/100|[from] item: Leftovers\n|upkeep\n|\n|t:|1700411156\n|switch|p1a: Corviknight|Corviknight, M|72\/100\n|-damage|p1a: Corviknight|60\/100|[from] Stealth Rock\n|turn|14\n|\n|t:|1700411163\n|-end|p2a: Great Tusk|Protosynthesis|[silent]\n|switch|p2a: Gholdengo|Gholdengo|100\/100\n|-damage|p2a: Gholdengo|94\/100|[from] Stealth Rock\n|-terastallize|p1a: Corviknight|Flying\n|move|p1a: Corviknight|Brave Bird|p2a: Gholdengo\n|-resisted|p2a: Gholdengo\n|-damage|p2a: Gholdengo|67\/100\n|-damage|p1a: Corviknight|53\/100|[from] Recoil\n|\n|-heal|p2a: Gholdengo|74\/100|[from] item: Leftovers\n|upkeep\n|turn|15\n|\n|t:|1700411178\n|move|p2a: Gholdengo|Make It Rain|p1a: Corviknight\n|-damage|p1a: Corviknight|0 fnt\n|-unboost|p2a: Gholdengo|spa|1\n|faint|p1a: Corviknight\n|\n|-heal|p2a: Gholdengo|80\/100|[from] item: Leftovers\n|upkeep\n|c|\u2606LOve4RussIA|God ur annoying\n|c|\u2606Xilkix|how\n|\n|t:|1700411207\n|switch|p1a: Kingambit|Kingambit, M|100\/100\n|-damage|p1a: Kingambit|94\/100|[from] Stealth Rock\n|-activate|p1a: Kingambit|ability: Supreme Overlord\n|-start|p1a: Kingambit|fallen2|[silent]\n|turn|16\n|c|\u2606LOve4RussIA|Well switching to counter me\n|\n|t:|1700411230\n|switch|p2a: Great Tusk|Great Tusk|100\/100\n|-damage|p2a: Great Tusk|98\/100|[from] Stealth Rock\n|move|p1a: Kingambit|Swords Dance|p1a: Kingambit\n|-boost|p1a: Kingambit|atk|2\n|\n|-heal|p2a: Great Tusk|100\/100|[from] item: Leftovers\n|upkeep\n|turn|17\n|c|\u2606LOve4RussIA|See like this\n|c|\u2606Xilkix|I'm trying to win!\n|c|\u2606LOve4RussIA|Yeah trying too hard\n|c|\u2606LOve4RussIA|Ur not suppose to make yhe obvious plays\n|c|\u2606Xilkix|gotta do what i gotta do\n|c|\u2606LOve4RussIA|I gotta stal then\n|c|\u2606Xilkix|Huh?\n|inactive|Battle timer is ON: inactive players will automatically lose when time's up. (requested by Xilkix)\n|inactive|LOve4RussIA has 120 seconds left.\n|c|\u2606Xilkix|U time stallin?\n|c|\u2606LOve4RussIA|Well yeah duh\n|c|\u2606Xilkix|Alright\n|c|\u2606LOve4RussIA|Thats how i wana win it\n|inactive|LOve4RussIA has 90 seconds left.\n|c|\u2606Xilkix|Wanna like\n|c|\u2606Xilkix|talk while the timer goes down?\n|c|\u2606LOve4RussIA|Anyway ignored, u did me a favour.\n|inactive|LOve4RussIA has 60 seconds left.\n|c|\u2606Xilkix|Ok so I wont talk then\n|inactive|LOve4RussIA has 30 seconds left.\n|inactive|LOve4RussIA has 20 seconds left.\n|inactive|LOve4RussIA has 15 seconds left.\n|inactive|LOve4RussIA has 10 seconds left.\n|c|\u2606Xilkix|u not gonna at least try?\n|inactive|LOve4RussIA has 5 seconds left.\n|-message|LOve4RussIA lost due to inactivity.\n|\n|win|Xilkix\n|raw|LOve4RussIA's rating: 1507 &rarr; <strong>1490<\/strong><br \/>(-17 for losing)\n|raw|Xilkix's rating: 1560 &rarr; <strong>1577<\/strong><br \/>(+17 for winning)\n|c|\u2606Xilkix|gg wp\n|l|\u2606LOve4RussIA\n","uploadtime":1700411540,"views":6,"p1id":"love4russia","p2id":"xilkix","formatid":"gen9ou","rating":1490,"private":0,"password":""}