{"id":"gen9ou-1990073025","p1":"ScribbleScribble","p2":"Pitroskiwitz","format":"[Gen 9] OU","log":"|j|\u2606ScribbleScribble\n|j|\u2606Pitroskiwitz\n|t:|1699921625\n|gametype|singles\n|player|p1|ScribbleScribble|lillie-masters2|1493\n|player|p2|Pitroskiwitz|ethan|1431\n|teamsize|p1|6\n|teamsize|p2|6\n|gen|9\n|tier|[Gen 9] OU\n|rated|\n|rule|Sleep Clause Mod: Limit one foe put to sleep\n|rule|Species Clause: Limit one of each Pok\u00e9mon\n|rule|OHKO Clause: OHKO moves are banned\n|rule|Evasion Items Clause: Evasion items are banned\n|rule|Evasion Moves Clause: Evasion moves are banned\n|rule|Endless Battle Clause: Forcing endless battles is banned\n|rule|HP Percentage Mod: HP is shown in percentages\n|clearpoke\n|poke|p1|Azelf|\n|poke|p1|Great Tusk|\n|poke|p1|Corviknight, F|\n|poke|p1|Empoleon, M|\n|poke|p1|Dragapult, M|\n|poke|p1|Pawmot, M|\n|poke|p2|Cinderace, M|\n|poke|p2|Iron Valiant|\n|poke|p2|Kingambit, F|\n|poke|p2|Greninja-*, M|\n|poke|p2|Blissey, F|\n|poke|p2|Zapdos|\n|teampreview\n|\n|t:|1699921640\n|start\n|switch|p1a: Punchies For It|Pawmot, M|100\/100\n|switch|p2a: Greninja|Greninja, M|100\/100\n|turn|1\n|\n|t:|1699921647\n|move|p1a: Punchies For It|Mach Punch|p2a: Greninja\n|-supereffective|p2a: Greninja\n|-damage|p2a: Greninja|4\/100\n|-damage|p1a: Punchies For It|91\/100|[from] item: Life Orb\n|move|p2a: Greninja|U-turn|p1a: Punchies For It\n|-start|p2a: Greninja|typechange|Bug|[from] ability: Protean\n|-resisted|p1a: Punchies For It\n|-damage|p1a: Punchies For It|72\/100\n|\n|t:|1699921651\n|switch|p2a: Zapdos|Zapdos|100\/100|[from] U-turn\n|\n|upkeep\n|turn|2\n|\n|t:|1699921656\n|move|p1a: Punchies For It|Double Shock|p2a: Zapdos\n|-crit|p2a: Zapdos\n|-damage|p2a: Zapdos|0 fnt\n|-start|p1a: Punchies For It|typechange|???\/Fighting|[from] move: Double Shock\n|faint|p2a: Zapdos\n|-damage|p1a: Punchies For It|62\/100|[from] item: Life Orb\n|\n|upkeep\n|\n|t:|1699921672\n|switch|p2a: Iron Valiant|Iron Valiant|100\/100\n|-enditem|p2a: Iron Valiant|Booster Energy\n|-activate|p2a: Iron Valiant|ability: Quark Drive|[fromitem]\n|-start|p2a: Iron Valiant|quarkdrivespe\n|turn|3\n|\n|t:|1699921677\n|-terastallize|p1a: Punchies For It|Electric\n|move|p2a: Iron Valiant|Moonblast|p1a: Punchies For It\n|-damage|p1a: Punchies For It|0 fnt\n|faint|p1a: Punchies For It\n|\n|upkeep\n|\n|t:|1699921685\n|switch|p1a: fork|Empoleon, M|100\/100\n|turn|4\n|\n|t:|1699921688\n|move|p2a: Iron Valiant|Close Combat|p1a: fork\n|-supereffective|p1a: fork\n|-damage|p1a: fork|0 fnt\n|-unboost|p2a: Iron Valiant|def|1\n|-unboost|p2a: Iron Valiant|spd|1\n|faint|p1a: fork\n|\n|upkeep\n|\n|t:|1699921689\n|switch|p1a: Spamalot|Corviknight, F, shiny|100\/100\n|-ability|p1a: Spamalot|Pressure\n|turn|5\n|\n|t:|1699921692\n|-terastallize|p2a: Iron Valiant|Electric\n|move|p2a: Iron Valiant|Thunderbolt|p1a: Spamalot\n|-supereffective|p1a: Spamalot\n|-crit|p1a: Spamalot\n|-damage|p1a: Spamalot|0 fnt\n|faint|p1a: Spamalot\n|\n|upkeep\n|\n|t:|1699921696\n|switch|p1a: Red Dot Sight|Azelf, shiny|100\/100\n|turn|6\n|\n|t:|1699921702\n|move|p2a: Iron Valiant|Moonblast|p1a: Red Dot Sight\n|-damage|p1a: Red Dot Sight|32\/100\n|-unboost|p1a: Red Dot Sight|spa|1\n|move|p1a: Red Dot Sight|Psychic|p2a: Iron Valiant\n|-damage|p2a: Iron Valiant|2\/100\n|-unboost|p2a: Iron Valiant|spd|1\n|\n|upkeep\n|turn|7\n|\n|t:|1699921706\n|move|p2a: Iron Valiant|Moonblast|p1a: Red Dot Sight\n|-damage|p1a: Red Dot Sight|0 fnt\n|faint|p1a: Red Dot Sight\n|\n|upkeep\n|\n|t:|1699921711\n|switch|p1a: Rolly Polly Olly|Great Tusk|100\/100\n|turn|8\n|\n|t:|1699921712\n|move|p2a: Iron Valiant|Moonblast|p1a: Rolly Polly Olly\n|-supereffective|p1a: Rolly Polly Olly\n|-damage|p1a: Rolly Polly Olly|0 fnt\n|faint|p1a: Rolly Polly Olly\n|-end|p1a: Rolly Polly Olly|Protosynthesis|[silent]\n|\n|upkeep\n|\n|t:|1699921713\n|switch|p1a: Pinhead|Dragapult, M|100\/100\n|turn|9\n|\n|t:|1699921714\n|move|p2a: Iron Valiant|Moonblast|p1a: Pinhead\n|-supereffective|p1a: Pinhead\n|-damage|p1a: Pinhead|0 fnt\n|faint|p1a: Pinhead\n|\n|win|Pitroskiwitz\n|raw|ScribbleScribble's rating: 1493 &rarr; <strong>1469<\/strong><br \/>(-24 for losing)\n|raw|Pitroskiwitz's rating: 1431 &rarr; <strong>1455<\/strong><br \/>(+24 for winning)\n|l|\u2606ScribbleScribble\n|c|\u2606Pitroskiwitz|iron val moment\n","uploadtime":1699921727,"views":9,"p1id":"scribblescribble","p2id":"pitroskiwitz","formatid":"gen9ou","rating":1455,"private":0,"password":""}