{"id":"gen9ou-1993601317","p1":"Yasho1999","p2":"gaznapiront","format":"[Gen 9] OU","log":"|j|\u2606Yasho1999\n|j|\u2606gaznapiront\n|t:|1700336250\n|gametype|singles\n|player|p1|Yasho1999|lucas|1292\n|player|p2|gaznapiront|li|1262\n|teamsize|p1|6\n|teamsize|p2|6\n|gen|9\n|tier|[Gen 9] OU\n|rated|\n|rule|Sleep Clause Mod: Limit one foe put to sleep\n|rule|Species Clause: Limit one of each Pok\u00e9mon\n|rule|OHKO Clause: OHKO moves are banned\n|rule|Evasion Items Clause: Evasion items are banned\n|rule|Evasion Moves Clause: Evasion moves are banned\n|rule|Endless Battle Clause: Forcing endless battles is banned\n|rule|HP Percentage Mod: HP is shown in percentages\n|clearpoke\n|poke|p1|Salamence, M|\n|poke|p1|Arboliva, M|\n|poke|p1|Gengar, F|\n|poke|p1|Slowbro, F|\n|poke|p1|Weavile, F|\n|poke|p1|Corviknight, M|\n|poke|p2|Rillaboom, M|\n|poke|p2|Zapdos|\n|poke|p2|Garganacl, F|\n|poke|p2|Zamazenta-*|\n|poke|p2|Iron Moth|\n|poke|p2|Samurott-Hisui, F|\n|teampreview\n|inactive|Battle timer is ON: inactive players will automatically lose when time's up. (requested by gaznapiront)\n|\n|t:|1700336266\n|start\n|switch|p1a: Gengar|Gengar, F|100\/100\n|switch|p2a: Zapdos|Zapdos|100\/100\n|turn|1\n|\n|t:|1700336276\n|switch|p1a: Arboliva|Arboliva, M|100\/100\n|move|p2a: Zapdos|Volt Switch|p1a: Arboliva\n|-resisted|p1a: Arboliva\n|-crit|p1a: Arboliva\n|-damage|p1a: Arboliva|83\/100\n|\n|t:|1700336288\n|switch|p2a: Zamazenta|Zamazenta|100\/100|[from] Volt Switch\n|-ability|p2a: Zamazenta|Dauntless Shield|boost\n|-boost|p2a: Zamazenta|def|1\n|\n|upkeep\n|turn|2\n|\n|t:|1700336301\n|-terastallize|p1a: Arboliva|Ghost\n|move|p2a: Zamazenta|Close Combat|p1a: Arboliva\n|-immune|p1a: Arboliva\n|move|p1a: Arboliva|Leech Seed|p2a: Zamazenta\n|-start|p2a: Zamazenta|move: Leech Seed\n|\n|-damage|p2a: Zamazenta|88\/100|[from] Leech Seed|[of] p1a: Arboliva\n|-heal|p1a: Arboliva|96\/100|[silent]\n|upkeep\n|turn|3\n|\n|t:|1700336312\n|switch|p2a: Garganacl|Garganacl, F|100\/100\n|move|p1a: Arboliva|Substitute|p1a: Arboliva\n|-start|p1a: Arboliva|Substitute\n|-damage|p1a: Arboliva|71\/100\n|\n|upkeep\n|turn|4\n|\n|t:|1700336325\n|switch|p2a: Zapdos|Zapdos|100\/100\n|move|p1a: Arboliva|Giga Drain|p2a: Zapdos\n|-resisted|p2a: Zapdos\n|-damage|p2a: Zapdos|87\/100\n|-heal|p1a: Arboliva|80\/100|[from] drain|[of] p2a: Zapdos\n|\n|upkeep\n|turn|5\n|\n|t:|1700336333\n|move|p2a: Zapdos|Air Cutter|p1a: Arboliva\n|-activate|p1a: Arboliva|move: Substitute|[damage]\n|move|p1a: Arboliva|Leech Seed|p2a: Zapdos\n|-start|p2a: Zapdos|move: Leech Seed\n|\n|-damage|p2a: Zapdos|74\/100|[from] Leech Seed|[of] p1a: Arboliva\n|-heal|p1a: Arboliva|96\/100|[silent]\n|upkeep\n|turn|6\n|\n|t:|1700336340\n|move|p1a: Arboliva|Protect|p1a: Arboliva\n|-singleturn|p1a: Arboliva|Protect\n|move|p2a: Zapdos|Volt Switch|p1a: Arboliva\n|-activate|p1a: Arboliva|move: Protect\n|\n|-damage|p2a: Zapdos|62\/100|[from] Leech Seed|[of] p1a: Arboliva\n|-heal|p1a: Arboliva|100\/100|[silent]\n|upkeep\n|turn|7\n|\n|t:|1700336354\n|move|p2a: Zapdos|Volt Switch|p1a: Arboliva\n|-end|p1a: Arboliva|Substitute\n|\n|t:|1700336368\n|switch|p2a: Rillaboom|Rillaboom, M|100\/100|[from] Volt Switch\n|-fieldstart|move: Grassy Terrain|[from] ability: Grassy Surge|[of] p2a: Rillaboom\n|move|p1a: Arboliva|Leech Seed|p2a: Rillaboom\n|-immune|p2a: Rillaboom\n|\n|upkeep\n|turn|8\n|\n|t:|1700336377\n|move|p2a: Rillaboom|Knock Off|p1a: Arboliva\n|-supereffective|p1a: Arboliva\n|-damage|p1a: Arboliva|0 fnt\n|-enditem|p1a: Arboliva|Sitrus Berry|[from] move: Knock Off|[of] p2a: Rillaboom\n|faint|p1a: Arboliva\n|-damage|p2a: Rillaboom|91\/100|[from] item: Life Orb\n|\n|-heal|p2a: Rillaboom|97\/100|[from] Grassy Terrain\n|upkeep\n|\n|t:|1700336385\n|switch|p1a: Corviknight|Corviknight, M|100\/100\n|-ability|p1a: Corviknight|Unnerve\n|turn|9\n|\n|t:|1700336391\n|switch|p2a: Garganacl|Garganacl, F|100\/100\n|move|p1a: Corviknight|Brave Bird|p2a: Garganacl\n|-resisted|p2a: Garganacl\n|-damage|p2a: Garganacl|87\/100\n|-damage|p1a: Corviknight|84\/100|[from] item: Rocky Helmet|[of] p2a: Garganacl\n|-damage|p1a: Corviknight|79\/100|[from] Recoil\n|\n|-heal|p1a: Corviknight|85\/100|[from] item: Leftovers\n|-heal|p2a: Garganacl|93\/100|[from] Grassy Terrain\n|upkeep\n|turn|10\n|\n|t:|1700336402\n|move|p1a: Corviknight|Bulk Up|p1a: Corviknight\n|-boost|p1a: Corviknight|atk|1\n|-boost|p1a: Corviknight|def|1\n|move|p2a: Garganacl|Salt Cure|p1a: Corviknight\n|-damage|p1a: Corviknight|78\/100\n|-start|p1a: Corviknight|Salt Cure\n|\n|-heal|p1a: Corviknight|84\/100|[from] item: Leftovers\n|-heal|p2a: Garganacl|99\/100|[from] Grassy Terrain\n|-damage|p1a: Corviknight|60\/100|[from] Salt Cure\n|upkeep\n|turn|11\n|\n|t:|1700336412\n|move|p1a: Corviknight|Body Press|p2a: Garganacl\n|-supereffective|p2a: Garganacl\n|-damage|p2a: Garganacl|52\/100\n|-damage|p1a: Corviknight|43\/100|[from] item: Rocky Helmet|[of] p2a: Garganacl\n|move|p2a: Garganacl|Iron Defense|p2a: Garganacl\n|-boost|p2a: Garganacl|def|2\n|\n|-heal|p1a: Corviknight|49\/100|[from] item: Leftovers\n|-heal|p2a: Garganacl|59\/100|[from] Grassy Terrain\n|-damage|p1a: Corviknight|24\/100|[from] Salt Cure\n|-fieldend|move: Grassy Terrain\n|upkeep\n|turn|12\n|\n|t:|1700336423\n|move|p1a: Corviknight|Body Press|p2a: Garganacl\n|-supereffective|p2a: Garganacl\n|-damage|p2a: Garganacl|35\/100\n|-damage|p1a: Corviknight|8\/100|[from] item: Rocky Helmet|[of] p2a: Garganacl\n|move|p2a: Garganacl|Recover|p2a: Garganacl\n|-heal|p2a: Garganacl|85\/100\n|\n|-heal|p1a: Corviknight|14\/100|[from] item: Leftovers\n|-damage|p1a: Corviknight|0 fnt|[from] Salt Cure\n|faint|p1a: Corviknight\n|upkeep\n|\n|t:|1700336433\n|switch|p1a: Salamence|Salamence, M|100\/100\n|turn|13\n|\n|t:|1700336438\n|move|p1a: Salamence|Dragon Dance|p1a: Salamence\n|-boost|p1a: Salamence|atk|1\n|-boost|p1a: Salamence|spe|1\n|move|p2a: Garganacl|Salt Cure|p1a: Salamence\n|-supereffective|p1a: Salamence\n|-damage|p1a: Salamence|70\/100\n|-start|p1a: Salamence|Salt Cure\n|\n|-damage|p1a: Salamence|57\/100|[from] Salt Cure\n|upkeep\n|turn|14\n|\n|t:|1700336446\n|move|p1a: Salamence|Earthquake|p2a: Garganacl\n|-supereffective|p2a: Garganacl\n|-damage|p2a: Garganacl|55\/100\n|move|p2a: Garganacl|Iron Defense|p2a: Garganacl\n|-boost|p2a: Garganacl|def|2\n|\n|-damage|p1a: Salamence|45\/100|[from] Salt Cure\n|upkeep\n|turn|15\n|\n|t:|1700336454\n|move|p1a: Salamence|Earthquake|p2a: Garganacl\n|-supereffective|p2a: Garganacl\n|-damage|p2a: Garganacl|34\/100\n|move|p2a: Garganacl|Recover|p2a: Garganacl\n|-heal|p2a: Garganacl|84\/100\n|\n|-damage|p1a: Salamence|33\/100|[from] Salt Cure\n|upkeep\n|turn|16\n|\n|t:|1700336461\n|move|p1a: Salamence|Earthquake|p2a: Garganacl\n|-supereffective|p2a: Garganacl\n|-damage|p2a: Garganacl|62\/100\n|move|p2a: Garganacl|Recover|p2a: Garganacl\n|-heal|p2a: Garganacl|100\/100\n|\n|-damage|p1a: Salamence|20\/100|[from] Salt Cure\n|upkeep\n|turn|17\n|\n|t:|1700336469\n|move|p1a: Salamence|Earthquake|p2a: Garganacl\n|-supereffective|p2a: Garganacl\n|-damage|p2a: Garganacl|80\/100\n|move|p2a: Garganacl|Body Press|p1a: Salamence\n|-resisted|p1a: Salamence\n|-damage|p1a: Salamence|0 fnt\n|faint|p1a: Salamence\n|\n|upkeep\n|\n|t:|1700336473\n|switch|p1a: Slowbro|Slowbro, F|100\/100\n|turn|18\n|\n|t:|1700336479\n|move|p2a: Garganacl|Salt Cure|p1a: Slowbro\n|-damage|p1a: Slowbro|90\/100\n|-start|p1a: Slowbro|Salt Cure\n|move|p1a: Slowbro|Scald|p2a: Garganacl\n|-supereffective|p2a: Garganacl\n|-damage|p2a: Garganacl|41\/100\n|\n|-heal|p1a: Slowbro|96\/100|[from] item: Leftovers\n|-damage|p1a: Slowbro|72\/100|[from] Salt Cure\n|upkeep\n|turn|19\n|\n|t:|1700336489\n|switch|p2a: Zapdos|Zapdos|62\/100\n|move|p1a: Slowbro|Scald|p2a: Zapdos\n|-damage|p2a: Zapdos|41\/100\n|\n|-heal|p1a: Slowbro|78\/100|[from] item: Leftovers\n|-damage|p1a: Slowbro|53\/100|[from] Salt Cure\n|upkeep\n|turn|20\n|\n|t:|1700336497\n|move|p2a: Zapdos|Roost|p2a: Zapdos\n|-heal|p2a: Zapdos|91\/100\n|-singleturn|p2a: Zapdos|move: Roost\n|move|p1a: Slowbro|Ice Beam|p2a: Zapdos\n|-damage|p2a: Zapdos|77\/100\n|\n|-heal|p1a: Slowbro|59\/100|[from] item: Leftovers\n|-damage|p1a: Slowbro|34\/100|[from] Salt Cure\n|upkeep\n|turn|21\n|\n|t:|1700336507\n|switch|p1a: Weavile|Weavile, F|100\/100\n|-ability|p1a: Weavile|Pressure\n|move|p2a: Zapdos|Volt Switch|p1a: Weavile\n|-damage|p1a: Weavile|63\/100\n|\n|t:|1700336516\n|switch|p2a: Garganacl|Garganacl, F|41\/100|[from] Volt Switch\n|\n|upkeep\n|turn|22\n|\n|t:|1700336521\n|move|p1a: Weavile|Ice Spinner|p2a: Garganacl\n|-damage|p2a: Garganacl|9\/100\n|-damage|p1a: Weavile|47\/100|[from] item: Rocky Helmet|[of] p2a: Garganacl\n|-damage|p1a: Weavile|37\/100|[from] item: Life Orb\n|move|p2a: Garganacl|Recover|p2a: Garganacl\n|-heal|p2a: Garganacl|59\/100\n|\n|upkeep\n|turn|23\n|\n|t:|1700336529\n|move|p1a: Weavile|Knock Off|p2a: Garganacl\n|-damage|p2a: Garganacl|24\/100\n|-damage|p1a: Weavile|20\/100|[from] item: Rocky Helmet|[of] p2a: Garganacl\n|-enditem|p2a: Garganacl|Rocky Helmet|[from] move: Knock Off|[of] p1a: Weavile\n|-damage|p1a: Weavile|10\/100|[from] item: Life Orb\n|move|p2a: Garganacl|Recover|p2a: Garganacl\n|-heal|p2a: Garganacl|74\/100\n|\n|upkeep\n|turn|24\n|\n|t:|1700336540\n|switch|p1a: Gengar|Gengar, F|100\/100\n|move|p2a: Garganacl|Recover|p2a: Garganacl\n|-heal|p2a: Garganacl|100\/100\n|\n|upkeep\n|turn|25\n|\n|t:|1700336549\n|switch|p2a: Zapdos|Zapdos|77\/100\n|move|p1a: Gengar|Focus Blast|p2a: Zapdos\n|-resisted|p2a: Zapdos\n|-damage|p2a: Zapdos|59\/100\n|-damage|p1a: Gengar|91\/100|[from] item: Life Orb\n|\n|upkeep\n|turn|26\n|\n|t:|1700336557\n|move|p1a: Gengar|Sludge Bomb|p2a: Zapdos\n|-damage|p2a: Zapdos|15\/100\n|-enditem|p2a: Zapdos|Figy Berry|[eat]\n|-heal|p2a: Zapdos|48\/100|[from] item: Figy Berry\n|-start|p2a: Zapdos|confusion\n|-damage|p1a: Gengar|81\/100|[from] item: Life Orb\n|-activate|p2a: Zapdos|confusion\n|-damage|p2a: Zapdos|42\/100|[from] confusion\n|\n|upkeep\n|turn|27\n|\n|t:|1700336575\n|move|p1a: Gengar|Sludge Bomb|p2a: Zapdos\n|-damage|p2a: Zapdos|0 fnt\n|faint|p2a: Zapdos\n|-damage|p1a: Gengar|71\/100|[from] item: Life Orb\n|\n|upkeep\n|\n|t:|1700336583\n|switch|p2a: Zamazenta|Zamazenta|88\/100\n|turn|28\n|\n|t:|1700336589\n|move|p2a: Zamazenta|Crunch|p1a: Gengar\n|-supereffective|p1a: Gengar\n|-damage|p1a: Gengar|0 fnt\n|-start|p2a: Zamazenta|Disable|Crunch|[from] ability: Cursed Body|[of] p1a: Gengar\n|faint|p1a: Gengar\n|\n|upkeep\n|\n|t:|1700336594\n|switch|p1a: Slowbro|Slowbro, F|67\/100\n|turn|29\n|\n|t:|1700336604\n|switch|p2a: Rillaboom|Rillaboom, M|97\/100\n|-fieldstart|move: Grassy Terrain|[from] ability: Grassy Surge|[of] p2a: Rillaboom\n|move|p1a: Slowbro|Psychic|p2a: Rillaboom\n|-damage|p2a: Rillaboom|54\/100\n|\n|-heal|p2a: Rillaboom|60\/100|[from] Grassy Terrain\n|-heal|p1a: Slowbro|73\/100|[from] Grassy Terrain\n|-heal|p1a: Slowbro|79\/100|[from] item: Leftovers\n|upkeep\n|turn|30\n|\n|t:|1700336627\n|move|p2a: Rillaboom|Grassy Glide|p1a: Slowbro\n|-supereffective|p1a: Slowbro\n|-damage|p1a: Slowbro|0 fnt\n|faint|p1a: Slowbro\n|-damage|p2a: Rillaboom|50\/100|[from] item: Life Orb\n|\n|-heal|p2a: Rillaboom|56\/100|[from] Grassy Terrain\n|upkeep\n|\n|t:|1700336631\n|switch|p1a: Weavile|Weavile, F|10\/100\n|-ability|p1a: Weavile|Pressure\n|turn|31\n|\n|t:|1700336637\n|move|p2a: Rillaboom|Grassy Glide|p1a: Weavile\n|-damage|p1a: Weavile|0 fnt\n|faint|p1a: Weavile\n|-damage|p2a: Rillaboom|46\/100|[from] item: Life Orb\n|\n|win|gaznapiront\n|raw|Yasho1999's rating: 1292 &rarr; <strong>1265<\/strong><br \/>(-27 for losing)\n|raw|gaznapiront's rating: 1262 &rarr; <strong>1289<\/strong><br \/>(+27 for winning)\n|l|\u2606Yasho1999\n","uploadtime":1700336664,"views":18,"p1id":"yasho1999","p2id":"gaznapiront","formatid":"gen9ou","rating":1265,"private":0,"password":""}