{"id":"gen9ou-2000239257","p1":"jzhuc1841","p2":"coolaidt","format":"[Gen 9] OU","log":"|j|\u2606jzhuc1841\n|j|\u2606coolaidt\n|t:|1701176247\n|gametype|singles\n|player|p1|jzhuc1841|hilbert-wonderlauncher|1627\n|player|p2|coolaidt|2|1682\n|teamsize|p1|6\n|teamsize|p2|6\n|gen|9\n|tier|[Gen 9] OU\n|rated|\n|rule|Sleep Clause Mod: Limit one foe put to sleep\n|rule|Species Clause: Limit one of each Pok\u00e9mon\n|rule|OHKO Clause: OHKO moves are banned\n|rule|Evasion Items Clause: Evasion items are banned\n|rule|Evasion Moves Clause: Evasion moves are banned\n|rule|Endless Battle Clause: Forcing endless battles is banned\n|rule|HP Percentage Mod: HP is shown in percentages\n|clearpoke\n|poke|p1|Ogerpon-Wellspring, F|\n|poke|p1|Kingambit, F|\n|poke|p1|Iron Moth|\n|poke|p1|Iron Valiant|\n|poke|p1|Zamazenta-*|\n|poke|p1|Glimmora, F|\n|poke|p2|Gholdengo|\n|poke|p2|Garganacl, M|\n|poke|p2|Landorus-Therian, M|\n|poke|p2|Hatterene, F|\n|poke|p2|Cinderace, F|\n|poke|p2|Okidogi, M|\n|teampreview\n|\n|t:|1701176258\n|start\n|switch|p1a: Glimmora|Glimmora, F|100\/100\n|switch|p2a: Landorus|Landorus-Therian, M|100\/100\n|-ability|p2a: Landorus|Intimidate|boost\n|-unboost|p1a: Glimmora|atk|1\n|-item|p1a: Glimmora|Air Balloon\n|turn|1\n|\n|t:|1701176268\n|move|p2a: Landorus|Stone Edge|p1a: Glimmora|[miss]\n|-miss|p2a: Landorus|p1a: Glimmora\n|move|p1a: Glimmora|Mortal Spin|p2a: Landorus\n|-resisted|p2a: Landorus\n|-damage|p2a: Landorus|98\/100\n|-status|p2a: Landorus|psn\n|\n|-heal|p2a: Landorus|100\/100 psn|[from] item: Leftovers\n|-damage|p2a: Landorus|88\/100 psn|[from] psn\n|upkeep\n|turn|2\n|inactive|Battle timer is ON: inactive players will automatically lose when time's up. (requested by coolaidt)\n|\n|t:|1701176277\n|move|p2a: Landorus|Stone Edge|p1a: Glimmora\n|-crit|p1a: Glimmora\n|-damage|p1a: Glimmora|37\/100\n|-activate|p1a: Glimmora|ability: Toxic Debris\n|-sidestart|p2: coolaidt|move: Toxic Spikes\n|-enditem|p1a: Glimmora|Air Balloon\n|move|p1a: Glimmora|Sludge Wave|p2a: Landorus\n|-resisted|p2a: Landorus\n|-damage|p2a: Landorus|58\/100 psn\n|\n|-heal|p2a: Landorus|64\/100 psn|[from] item: Leftovers\n|-damage|p2a: Landorus|52\/100 psn|[from] psn\n|upkeep\n|turn|3\n|\n|t:|1701176288\n|move|p2a: Landorus|Earthquake|p1a: Glimmora\n|-supereffective|p1a: Glimmora\n|-damage|p1a: Glimmora|0 fnt\n|-activate|p1a: Glimmora|ability: Toxic Debris\n|-sidestart|p2: coolaidt|move: Toxic Spikes\n|faint|p1a: Glimmora\n|\n|-heal|p2a: Landorus|58\/100 psn|[from] item: Leftovers\n|-damage|p2a: Landorus|45\/100 psn|[from] psn\n|upkeep\n|\n|t:|1701176292\n|switch|p1a: Iron Moth|Iron Moth|100\/100\n|-enditem|p1a: Iron Moth|Booster Energy\n|-activate|p1a: Iron Moth|ability: Quark Drive|[fromitem]\n|-start|p1a: Iron Moth|quarkdrivespe\n|turn|4\n|\n|t:|1701176296\n|move|p1a: Iron Moth|Fiery Dance|p2a: Landorus\n|-damage|p2a: Landorus|0 fnt\n|faint|p2a: Landorus\n|\n|upkeep\n|\n|t:|1701176301\n|switch|p2a: Okidogi|Okidogi, M|100\/100\n|-sideend|p2: coolaidt|move: Toxic Spikes|[of] p2a: Okidogi\n|turn|5\n|\n|t:|1701176314\n|switch|p2a: Garganacl|Garganacl, M|100\/100\n|move|p1a: Iron Moth|Fiery Dance|p2a: Garganacl\n|-resisted|p2a: Garganacl\n|-damage|p2a: Garganacl|87\/100\n|\n|-heal|p2a: Garganacl|93\/100|[from] item: Leftovers\n|upkeep\n|turn|6\n|\n|t:|1701176322\n|move|p1a: Iron Moth|Energy Ball|p2a: Garganacl\n|-supereffective|p2a: Garganacl\n|-damage|p2a: Garganacl|48\/100\n|move|p2a: Garganacl|Salt Cure|p1a: Iron Moth\n|-supereffective|p1a: Iron Moth\n|-damage|p1a: Iron Moth|62\/100\n|-start|p1a: Iron Moth|Salt Cure\n|\n|-heal|p2a: Garganacl|54\/100|[from] item: Leftovers\n|-damage|p1a: Iron Moth|50\/100|[from] Salt Cure\n|upkeep\n|turn|7\n|\n|t:|1701176332\n|move|p1a: Iron Moth|Energy Ball|p2a: Garganacl\n|-supereffective|p2a: Garganacl\n|-damage|p2a: Garganacl|12\/100\n|-unboost|p2a: Garganacl|spd|1\n|move|p2a: Garganacl|Recover|p2a: Garganacl\n|-heal|p2a: Garganacl|62\/100\n|\n|-heal|p2a: Garganacl|68\/100|[from] item: Leftovers\n|-damage|p1a: Iron Moth|38\/100|[from] Salt Cure\n|upkeep\n|turn|8\n|\n|t:|1701176349\n|switch|p2a: Okidogi|Okidogi, M|100\/100\n|move|p1a: Iron Moth|Energy Ball|p2a: Okidogi\n|-resisted|p2a: Okidogi\n|-damage|p2a: Okidogi|90\/100\n|-unboost|p2a: Okidogi|spd|1\n|\n|-heal|p2a: Okidogi|96\/100|[from] item: Leftovers\n|-damage|p1a: Iron Moth|25\/100|[from] Salt Cure\n|upkeep\n|turn|9\n|\n|t:|1701176362\n|switch|p2a: Garganacl|Garganacl, M|68\/100\n|move|p1a: Iron Moth|Fiery Dance|p2a: Garganacl\n|-resisted|p2a: Garganacl\n|-damage|p2a: Garganacl|53\/100\n|-boost|p1a: Iron Moth|spa|1\n|\n|-heal|p2a: Garganacl|59\/100|[from] item: Leftovers\n|-damage|p1a: Iron Moth|13\/100|[from] Salt Cure\n|upkeep\n|turn|10\n|\n|t:|1701176384\n|switch|p2a: Okidogi|Okidogi, M|96\/100\n|move|p1a: Iron Moth|Energy Ball|p2a: Okidogi\n|-resisted|p2a: Okidogi\n|-damage|p2a: Okidogi|79\/100\n|\n|-heal|p2a: Okidogi|85\/100|[from] item: Leftovers\n|-damage|p1a: Iron Moth|1\/100|[from] Salt Cure\n|upkeep\n|turn|11\n|\n|t:|1701176390\n|switch|p2a: Garganacl|Garganacl, M|59\/100\n|move|p1a: Iron Moth|Energy Ball|p2a: Garganacl\n|-supereffective|p2a: Garganacl\n|-damage|p2a: Garganacl|0 fnt\n|faint|p2a: Garganacl\n|\n|-damage|p1a: Iron Moth|0 fnt|[from] Salt Cure\n|faint|p1a: Iron Moth\n|-end|p1a: Iron Moth|Quark Drive|[silent]\n|upkeep\n|\n|t:|1701176400\n|switch|p1a: Ogerpon|Ogerpon-Wellspring, F|100\/100\n|switch|p2a: Cinderace|Cinderace, F|100\/100\n|turn|12\n|\n|t:|1701176407\n|-terastallize|p1a: Ogerpon|Water\n|detailschange|p1a: Ogerpon|Ogerpon-Wellspring-Tera, F, tera:Water\n|-ability|p1a: Ogerpon|Embody Aspect (Wellspring)|boost\n|-boost|p1a: Ogerpon|spd|1\n|move|p2a: Cinderace|U-turn|p1a: Ogerpon\n|-start|p2a: Cinderace|typechange|Bug|[from] ability: Libero\n|-damage|p1a: Ogerpon|35\/100\n|\n|t:|1701176418\n|switch|p2a: Hatterene|Hatterene, F, shiny|100\/100|[from] U-turn\n|move|p1a: Ogerpon|Trailblaze|p2a: Hatterene\n|-damage|p2a: Hatterene|70\/100\n|-boost|p1a: Ogerpon|spe|1\n|\n|upkeep\n|turn|13\n|\n|t:|1701176439\n|move|p1a: Ogerpon|Ivy Cudgel|p2a: Hatterene|[anim] Ivy Cudgel Water\n|-damage|p2a: Hatterene|0 fnt\n|faint|p2a: Hatterene\n|\n|upkeep\n|\n|t:|1701176451\n|switch|p2a: Gholdengo|Gholdengo|100\/100\n|turn|14\n|\n|t:|1701176459\n|move|p1a: Ogerpon|Ivy Cudgel|p2a: Gholdengo|[anim] Ivy Cudgel Water\n|-damage|p2a: Gholdengo|46\/100\n|move|p2a: Gholdengo|Shadow Ball|p1a: Ogerpon\n|-damage|p1a: Ogerpon|7\/100\n|\n|-heal|p2a: Gholdengo|52\/100|[from] item: Leftovers\n|upkeep\n|turn|15\n|\n|t:|1701176468\n|move|p1a: Ogerpon|Ivy Cudgel|p2a: Gholdengo|[anim] Ivy Cudgel Water\n|-damage|p2a: Gholdengo|1\/100\n|move|p2a: Gholdengo|Shadow Ball|p1a: Ogerpon\n|-damage|p1a: Ogerpon|0 fnt\n|faint|p1a: Ogerpon\n|\n|-heal|p2a: Gholdengo|7\/100|[from] item: Leftovers\n|upkeep\n|\n|t:|1701176473\n|switch|p1a: Zamazenta|Zamazenta|100\/100\n|-ability|p1a: Zamazenta|Dauntless Shield|boost\n|-boost|p1a: Zamazenta|def|1\n|turn|16\n|\n|t:|1701176485\n|switch|p2a: Okidogi|Okidogi, M|85\/100\n|move|p1a: Zamazenta|Crunch|p2a: Okidogi\n|-resisted|p2a: Okidogi\n|-damage|p2a: Okidogi|77\/100\n|\n|-heal|p2a: Okidogi|83\/100|[from] item: Leftovers\n|upkeep\n|turn|17\n|\n|t:|1701176492\n|switch|p1a: Iron Valiant|Iron Valiant|100\/100\n|-enditem|p1a: Iron Valiant|Booster Energy\n|-activate|p1a: Iron Valiant|ability: Quark Drive|[fromitem]\n|-start|p1a: Iron Valiant|quarkdrivespe\n|move|p2a: Okidogi|Poison Jab|p1a: Iron Valiant\n|-supereffective|p1a: Iron Valiant\n|-damage|p1a: Iron Valiant|14\/100\n|\n|-heal|p2a: Okidogi|89\/100|[from] item: Leftovers\n|upkeep\n|turn|18\n|\n|t:|1701176514\n|move|p1a: Iron Valiant|Psyshock|p2a: Okidogi\n|-supereffective|p2a: Okidogi\n|-damage|p2a: Okidogi|0 fnt\n|faint|p2a: Okidogi\n|\n|upkeep\n|c|\u2606coolaidt|ah gg\n|-message|coolaidt forfeited.\n|\n|win|jzhuc1841\n|raw|jzhuc1841's rating: 1627 &rarr; <strong>1650<\/strong><br \/>(+23 for winning)\n|raw|coolaidt's rating: 1682 &rarr; <strong>1659<\/strong><br \/>(-23 for losing)\n|l|\u2606coolaidt\n|c|\u2606jzhuc1841|gg\n","uploadtime":1701176657,"views":2,"p1id":"jzhuc1841","p2id":"coolaidt","formatid":"gen9ou","rating":1650,"private":0,"password":""}