{"id":"gen9ou-1991243199","p1":"gamebooadvanced","p2":"HHB John","format":"[Gen 9] OU","log":"|j|\u2606gamebooadvanced\n|j|\u2606HHB John\n|t:|1700060624\n|gametype|singles\n|player|p1|gamebooadvanced|clay|1571\n|player|p2|HHB John|swimmer-gen4dp|1674\n|teamsize|p1|6\n|teamsize|p2|6\n|gen|9\n|tier|[Gen 9] OU\n|rated|\n|rule|Sleep Clause Mod: Limit one foe put to sleep\n|rule|Species Clause: Limit one of each Pok\u00e9mon\n|rule|OHKO Clause: OHKO moves are banned\n|rule|Evasion Items Clause: Evasion items are banned\n|rule|Evasion Moves Clause: Evasion moves are banned\n|rule|Endless Battle Clause: Forcing endless battles is banned\n|rule|HP Percentage Mod: HP is shown in percentages\n|clearpoke\n|poke|p1|Rillaboom, F|\n|poke|p1|Heatran, F|\n|poke|p1|Hatterene, F|\n|poke|p1|Ogerpon-Cornerstone, F|\n|poke|p1|Great Tusk|\n|poke|p1|Slowking-Galar, F|\n|poke|p2|Kingambit, F|\n|poke|p2|Great Tusk|\n|poke|p2|Dragapult, F|\n|poke|p2|Ogerpon-Wellspring, F|\n|poke|p2|Blissey, F|\n|poke|p2|Zapdos|\n|teampreview\n|\n|t:|1700060648\n|start\n|switch|p1a: Heatran|Heatran, F|100\/100\n|switch|p2a: Ogerpon|Ogerpon-Wellspring, F|100\/100\n|turn|1\n|\n|t:|1700060657\n|move|p2a: Ogerpon|Ivy Cudgel|p1a: Heatran|[anim] Ivy Cudgel Water\n|-supereffective|p1a: Heatran\n|-crit|p1a: Heatran\n|-damage|p1a: Heatran|0 fnt\n|faint|p1a: Heatran\n|\n|upkeep\n|\n|t:|1700060664\n|switch|p1a: Rillaboom|Rillaboom, F|100\/100\n|-fieldstart|move: Grassy Terrain|[from] ability: Grassy Surge|[of] p1a: Rillaboom\n|turn|2\n|\n|t:|1700060677\n|switch|p1a: Slowking|Slowking-Galar, F|100\/100\n|move|p2a: Ogerpon|U-turn|p1a: Slowking\n|-crit|p1a: Slowking\n|-damage|p1a: Slowking|54\/100\n|\n|t:|1700060688\n|switch|p2a: Dragapult|Dragapult, F|100\/100|[from] U-turn\n|\n|-heal|p1a: Slowking|60\/100|[from] Grassy Terrain\n|-heal|p1a: Slowking|66\/100|[from] item: Black Sludge\n|upkeep\n|turn|3\n|inactive|Battle timer is ON: inactive players will automatically lose when time's up. (requested by HHB John)\n|\n|t:|1700060702\n|move|p2a: Dragapult|Shadow Ball|p1a: Slowking\n|-supereffective|p1a: Slowking\n|-damage|p1a: Slowking|6\/100\n|move|p1a: Slowking|Chilly Reception|p1a: Slowking\n|-weather|Snow\n|\n|t:|1700060714\n|switch|p1a: Rillaboom|Rillaboom, F|100\/100|[from] Chilly Reception\n|\n|-weather|Snow|[upkeep]\n|upkeep\n|turn|4\n|\n|t:|1700060739\n|switch|p2a: Zapdos|Zapdos|100\/100\n|move|p1a: Rillaboom|Knock Off|p2a: Zapdos\n|-damage|p2a: Zapdos|60\/100\n|-enditem|p2a: Zapdos|Heavy-Duty Boots|[from] move: Knock Off|[of] p1a: Rillaboom\n|\n|-weather|Snow|[upkeep]\n|upkeep\n|turn|5\n|\n|t:|1700060751\n|switch|p1a: Slowking|Slowking-Galar, F|39\/100\n|move|p2a: Zapdos|Roost|p2a: Zapdos\n|-heal|p2a: Zapdos|100\/100\n|-singleturn|p2a: Zapdos|move: Roost\n|\n|-weather|Snow|[upkeep]\n|-heal|p1a: Slowking|45\/100|[from] Grassy Terrain\n|-heal|p1a: Slowking|52\/100|[from] item: Black Sludge\n|upkeep\n|turn|6\n|\n|t:|1700060759\n|move|p2a: Zapdos|Volt Switch|p1a: Slowking\n|-damage|p1a: Slowking|35\/100\n|\n|t:|1700060769\n|switch|p2a: Dragapult|Dragapult, F|100\/100|[from] Volt Switch\n|move|p1a: Slowking|Trick|p2a: Dragapult\n|-activate|p1a: Slowking|move: Trick|[of] p2a: Dragapult\n|-item|p2a: Dragapult|Black Sludge|[from] move: Trick\n|-item|p1a: Slowking|Choice Specs|[from] move: Trick\n|\n|-weather|Snow|[upkeep]\n|-damage|p2a: Dragapult|88\/100|[from] item: Black Sludge\n|-heal|p1a: Slowking|41\/100|[from] Grassy Terrain\n|-fieldend|move: Grassy Terrain\n|upkeep\n|turn|7\n|\n|t:|1700060792\n|switch|p1a: Rillaboom|Rillaboom, F|100\/100\n|-fieldstart|move: Grassy Terrain|[from] ability: Grassy Surge|[of] p1a: Rillaboom\n|move|p2a: Dragapult|Shadow Ball|p1a: Rillaboom\n|-damage|p1a: Rillaboom|51\/100\n|\n|-weather|none\n|-heal|p2a: Dragapult|94\/100|[from] Grassy Terrain\n|-damage|p2a: Dragapult|82\/100|[from] item: Black Sludge\n|-heal|p1a: Rillaboom|57\/100|[from] Grassy Terrain\n|upkeep\n|turn|8\n|\n|t:|1700060804\n|switch|p1a: Hatterene|Hatterene, F|100\/100\n|-enditem|p1a: Hatterene|Grassy Seed\n|-boost|p1a: Hatterene|def|1|[from] item: Grassy Seed\n|move|p2a: Dragapult|U-turn|p1a: Hatterene\n|-damage|p1a: Hatterene|92\/100\n|\n|t:|1700060816\n|switch|p2a: Kingambit|Kingambit, F|100\/100|[from] U-turn\n|\n|-heal|p1a: Hatterene|98\/100|[from] Grassy Terrain\n|upkeep\n|turn|9\n|\n|t:|1700060837\n|-terastallize|p1a: Hatterene|Steel\n|move|p2a: Kingambit|Iron Head|p1a: Hatterene\n|-resisted|p1a: Hatterene\n|-damage|p1a: Hatterene|84\/100\n|move|p1a: Hatterene|Calm Mind|p1a: Hatterene\n|-boost|p1a: Hatterene|spa|1\n|-boost|p1a: Hatterene|spd|1\n|\n|-heal|p1a: Hatterene|90\/100|[from] Grassy Terrain\n|upkeep\n|turn|10\n|\n|t:|1700060847\n|move|p2a: Kingambit|Swords Dance|p2a: Kingambit\n|-boost|p2a: Kingambit|atk|2\n|move|p1a: Hatterene|Draining Kiss|p2a: Kingambit\n|-damage|p2a: Kingambit|64\/100\n|-heal|p1a: Hatterene|100\/100|[from] drain|[of] p2a: Kingambit\n|\n|-heal|p2a: Kingambit|71\/100|[from] Grassy Terrain\n|upkeep\n|turn|11\n|\n|t:|1700060855\n|move|p2a: Kingambit|Swords Dance|p2a: Kingambit\n|-boost|p2a: Kingambit|atk|2\n|move|p1a: Hatterene|Mystical Fire|p2a: Kingambit\n|-supereffective|p2a: Kingambit\n|-damage|p2a: Kingambit|0 fnt\n|faint|p2a: Kingambit\n|-end|p2a: Kingambit|fallenundefined|[silent]\n|\n|-fieldend|move: Grassy Terrain\n|upkeep\n|inactive|HHB John has 120 seconds left.\n|\n|t:|1700060903\n|switch|p2a: Blissey|Blissey, F|100\/100\n|turn|12\n|\n|t:|1700060908\n|move|p2a: Blissey|Seismic Toss|p1a: Hatterene\n|-damage|p1a: Hatterene|69\/100\n|move|p1a: Hatterene|Calm Mind|p1a: Hatterene\n|-boost|p1a: Hatterene|spa|1\n|-boost|p1a: Hatterene|spd|1\n|\n|upkeep\n|turn|13\n|\n|t:|1700060914\n|move|p2a: Blissey|Seismic Toss|p1a: Hatterene\n|-damage|p1a: Hatterene|38\/100\n|move|p1a: Hatterene|Calm Mind|p1a: Hatterene\n|-boost|p1a: Hatterene|spa|1\n|-boost|p1a: Hatterene|spd|1\n|\n|upkeep\n|turn|14\n|\n|t:|1700060922\n|move|p2a: Blissey|Seismic Toss|p1a: Hatterene\n|-damage|p1a: Hatterene|6\/100\n|move|p1a: Hatterene|Draining Kiss|p2a: Blissey\n|-damage|p2a: Blissey|82\/100\n|-heal|p1a: Hatterene|38\/100|[from] drain|[of] p2a: Blissey\n|\n|upkeep\n|turn|15\n|\n|t:|1700060935\n|move|p2a: Blissey|Seismic Toss|p1a: Hatterene\n|-damage|p1a: Hatterene|6\/100\n|move|p1a: Hatterene|Draining Kiss|p2a: Blissey\n|-damage|p2a: Blissey|63\/100\n|-heal|p1a: Hatterene|38\/100|[from] drain|[of] p2a: Blissey\n|\n|upkeep\n|turn|16\n|\n|t:|1700060942\n|move|p2a: Blissey|Seismic Toss|p1a: Hatterene\n|-damage|p1a: Hatterene|7\/100\n|move|p1a: Hatterene|Draining Kiss|p2a: Blissey\n|-damage|p2a: Blissey|41\/100\n|-heal|p1a: Hatterene|44\/100|[from] drain|[of] p2a: Blissey\n|\n|upkeep\n|turn|17\n|\n|t:|1700060948\n|move|p2a: Blissey|Seismic Toss|p1a: Hatterene\n|-damage|p1a: Hatterene|12\/100\n|move|p1a: Hatterene|Draining Kiss|p2a: Blissey\n|-damage|p2a: Blissey|21\/100\n|-heal|p1a: Hatterene|46\/100|[from] drain|[of] p2a: Blissey\n|\n|upkeep\n|turn|18\n|\n|t:|1700060953\n|move|p2a: Blissey|Seismic Toss|p1a: Hatterene\n|-damage|p1a: Hatterene|15\/100\n|move|p1a: Hatterene|Draining Kiss|p2a: Blissey\n|-damage|p2a: Blissey|0 fnt\n|-heal|p1a: Hatterene|49\/100|[from] drain|[of] p2a: Blissey\n|faint|p2a: Blissey\n|\n|upkeep\n|\n|t:|1700060963\n|switch|p2a: Great Tusk|Great Tusk|100\/100\n|turn|19\n|\n|t:|1700060981\n|move|p2a: Great Tusk|Earthquake|p1a: Hatterene\n|-supereffective|p1a: Hatterene\n|-damage|p1a: Hatterene|2\/100\n|move|p1a: Hatterene|Draining Kiss|p2a: Great Tusk\n|-supereffective|p2a: Great Tusk\n|-damage|p2a: Great Tusk|0 fnt\n|-heal|p1a: Hatterene|100\/100|[from] drain|[of] p2a: Great Tusk\n|faint|p2a: Great Tusk\n|-end|p2a: Great Tusk|Protosynthesis|[silent]\n|\n|upkeep\n|\n|t:|1700060994\n|switch|p2a: Ogerpon|Ogerpon-Wellspring, F|100\/100\n|turn|20\n|j| Neutralist\n|\n|t:|1700061003\n|-terastallize|p2a: Ogerpon|Water\n|detailschange|p2a: Ogerpon|Ogerpon-Wellspring-Tera, F, tera:Water\n|-ability|p2a: Ogerpon|Embody Aspect (Wellspring)|boost\n|-boost|p2a: Ogerpon|spd|1\n|move|p2a: Ogerpon|Ivy Cudgel|p1a: Hatterene|[anim] Ivy Cudgel Water\n|-damage|p1a: Hatterene|57\/100\n|move|p1a: Hatterene|Draining Kiss|p2a: Ogerpon\n|-damage|p2a: Ogerpon|55\/100\n|-heal|p1a: Hatterene|89\/100|[from] drain|[of] p2a: Ogerpon\n|\n|upkeep\n|turn|21\n|\n|t:|1700061012\n|move|p2a: Ogerpon|Ivy Cudgel|p1a: Hatterene|[anim] Ivy Cudgel Water\n|-damage|p1a: Hatterene|48\/100\n|move|p1a: Hatterene|Draining Kiss|p2a: Ogerpon\n|-damage|p2a: Ogerpon|12\/100\n|-heal|p1a: Hatterene|79\/100|[from] drain|[of] p2a: Ogerpon\n|\n|upkeep\n|turn|22\n|\n|t:|1700061017\n|move|p2a: Ogerpon|Ivy Cudgel|p1a: Hatterene|[anim] Ivy Cudgel Water\n|-damage|p1a: Hatterene|36\/100\n|move|p1a: Hatterene|Draining Kiss|p2a: Ogerpon\n|-damage|p2a: Ogerpon|0 fnt\n|-heal|p1a: Hatterene|44\/100|[from] drain|[of] p2a: Ogerpon\n|faint|p2a: Ogerpon\n|\n|upkeep\n|\n|t:|1700061021\n|switch|p2a: Dragapult|Dragapult, F|82\/100\n|turn|23\n|\n|t:|1700061025\n|move|p2a: Dragapult|Flamethrower|p1a: Hatterene\n|-supereffective|p1a: Hatterene\n|-damage|p1a: Hatterene|23\/100\n|move|p1a: Hatterene|Draining Kiss|p2a: Dragapult\n|-supereffective|p2a: Dragapult\n|-damage|p2a: Dragapult|0 fnt\n|-heal|p1a: Hatterene|84\/100|[from] drain|[of] p2a: Dragapult\n|faint|p2a: Dragapult\n|\n|upkeep\n|-message|HHB John forfeited.\n|\n|win|gamebooadvanced\n|raw|gamebooadvanced's rating: 1571 &rarr; <strong>1597<\/strong><br \/>(+26 for winning)\n|raw|HHB John's rating: 1674 &rarr; <strong>1648<\/strong><br \/>(-26 for losing)\n|l|\u2606HHB John\n|l|\u2606gamebooadvanced\n","uploadtime":1700061409,"views":9,"p1id":"gamebooadvanced","p2id":"hhbjohn","formatid":"gen9ou","rating":1597,"private":0,"password":""}