{"id":"gen9ou-1993405612","p1":"Mario Flare","p2":"Horuskoria","format":"[Gen 9] OU","log":"|j|\u2606Mario Flare\n|j|\u2606Horuskoria\n|t:|1700313421\n|gametype|singles\n|player|p1|Mario Flare|169|\n|player|p2|Horuskoria|266|\n|teamsize|p1|6\n|teamsize|p2|6\n|gen|9\n|tier|[Gen 9] OU\n|rule|Sleep Clause Mod: Limit one foe put to sleep\n|rule|Species Clause: Limit one of each Pok\u00e9mon\n|rule|OHKO Clause: OHKO moves are banned\n|rule|Evasion Items Clause: Evasion items are banned\n|rule|Evasion Moves Clause: Evasion moves are banned\n|rule|Endless Battle Clause: Forcing endless battles is banned\n|rule|HP Percentage Mod: HP is shown in percentages\n|clearpoke\n|poke|p1|Munkidori, M|\n|poke|p1|Okidogi, M|\n|poke|p1|Great Tusk|\n|poke|p1|Kingambit, F|\n|poke|p1|Landorus-Therian, M|\n|poke|p1|Empoleon, F|\n|poke|p2|Azelf|\n|poke|p2|Heatran, F|\n|poke|p2|Azumarill, F|\n|poke|p2|Ogerpon-Cornerstone, F|\n|poke|p2|Great Tusk|\n|poke|p2|Dragapult, F|\n|teampreview\n|inactive|Battle timer is ON: inactive players will automatically lose when time's up. (requested by Mario Flare)\n|\n|t:|1700313427\n|start\n|switch|p1a: Landorus|Landorus-Therian, M|100\/100\n|switch|p2a: Azelf|Azelf|100\/100\n|-ability|p1a: Landorus|Intimidate|boost\n|-unboost|p2a: Azelf|atk|1\n|turn|1\n|\n|t:|1700313438\n|move|p2a: Azelf|Knock Off|p1a: Landorus\n|-damage|p1a: Landorus|84\/100\n|-damage|p2a: Azelf|84\/100|[from] item: Rocky Helmet|[of] p1a: Landorus\n|-enditem|p1a: Landorus|Rocky Helmet|[from] move: Knock Off|[of] p2a: Azelf\n|move|p1a: Landorus|Stealth Rock|p2a: Azelf\n|-sidestart|p2: Horuskoria|move: Stealth Rock\n|\n|upkeep\n|turn|2\n|\n|t:|1700313449\n|move|p2a: Azelf|Stealth Rock|p1a: Landorus\n|-sidestart|p1: Mario Flare|move: Stealth Rock\n|move|p1a: Landorus|U-turn|p2a: Azelf\n|-supereffective|p2a: Azelf\n|-damage|p2a: Azelf|10\/100\n|\n|t:|1700313452\n|switch|p1a: Great Tusk|Great Tusk|100\/100|[from] U-turn\n|\n|upkeep\n|turn|3\n|\n|t:|1700313458\n|move|p2a: Azelf|Explosion|p1a: Great Tusk\n|-damage|p1a: Great Tusk|62\/100\n|faint|p2a: Azelf\n|move|p1a: Great Tusk|Knock Off|p2: Azelf|[notarget]\n|-fail|p1a: Great Tusk\n|\n|upkeep\n|\n|t:|1700313465\n|switch|p2a: Azumarill|Azumarill, F|100\/100\n|-damage|p2a: Azumarill|88\/100|[from] Stealth Rock\n|turn|4\n|\n|t:|1700313483\n|-end|p1a: Great Tusk|Protosynthesis|[silent]\n|switch|p1a: Okidogi|Okidogi, M|100\/100\n|-damage|p1a: Okidogi|95\/100|[from] Stealth Rock\n|-terastallize|p2a: Azumarill|Water\n|move|p2a: Azumarill|Aqua Jet|p1a: Okidogi\n|-damage|p1a: Okidogi|46\/100\n|\n|upkeep\n|turn|5\n|\n|t:|1700313492\n|switch|p1a: Empoleon|Empoleon, F|100\/100\n|-damage|p1a: Empoleon|94\/100|[from] Stealth Rock\n|move|p2a: Azumarill|Aqua Jet|p1a: Empoleon\n|-resisted|p1a: Empoleon\n|-crit|p1a: Empoleon\n|-damage|p1a: Empoleon|57\/100\n|\n|-heal|p1a: Empoleon|63\/100|[from] item: Leftovers\n|upkeep\n|turn|6\n|\n|t:|1700313504\n|switch|p2a: Dragapult|Dragapult, F|100\/100\n|-damage|p2a: Dragapult|88\/100|[from] Stealth Rock\n|move|p1a: Empoleon|Yawn|p2a: Dragapult\n|-start|p2a: Dragapult|move: Yawn|[of] p1a: Empoleon\n|\n|-heal|p1a: Empoleon|70\/100|[from] item: Leftovers\n|upkeep\n|turn|7\n|\n|t:|1700313514\n|switch|p1a: Kingambit|Kingambit, F|100\/100\n|-damage|p1a: Kingambit|94\/100|[from] Stealth Rock\n|move|p2a: Dragapult|U-turn|p1a: Kingambit\n|-damage|p1a: Kingambit|81\/100\n|\n|t:|1700313521\n|switch|p2a: Heatran|Heatran, F|100\/100|[from] U-turn\n|-damage|p2a: Heatran|88\/100|[from] Stealth Rock\n|\n|-heal|p2a: Heatran|94\/100|[from] item: Leftovers\n|-heal|p1a: Kingambit|88\/100|[from] item: Leftovers\n|upkeep\n|turn|8\n|\n|t:|1700313528\n|-end|p1a: Kingambit|fallenundefined|[silent]\n|switch|p1a: Landorus|Landorus-Therian, M|84\/100\n|-damage|p1a: Landorus|72\/100|[from] Stealth Rock\n|-ability|p1a: Landorus|Intimidate|boost\n|-unboost|p2a: Heatran|atk|1\n|move|p2a: Heatran|Magma Storm|p1a: Landorus\n|-damage|p1a: Landorus|27\/100\n|-activate|p1a: Landorus|move: Magma Storm|[of] p2a: Heatran\n|\n|-heal|p2a: Heatran|100\/100|[from] item: Leftovers\n|-damage|p1a: Landorus|15\/100|[from] move: Magma Storm|[partiallytrapped]\n|upkeep\n|turn|9\n|\n|t:|1700313540\n|move|p2a: Heatran|Protect|p2a: Heatran\n|-singleturn|p2a: Heatran|Protect\n|move|p1a: Landorus|U-turn|p2a: Heatran\n|-activate|p2a: Heatran|move: Protect\n|\n|-damage|p1a: Landorus|3\/100|[from] move: Magma Storm|[partiallytrapped]\n|upkeep\n|turn|10\n|\n|t:|1700313552\n|switch|p2a: Dragapult|Dragapult, F|88\/100\n|-damage|p2a: Dragapult|76\/100|[from] Stealth Rock\n|move|p1a: Landorus|U-turn|p2a: Dragapult\n|-resisted|p2a: Dragapult\n|-damage|p2a: Dragapult|61\/100\n|\n|t:|1700313561\n|switch|p1a: Munkidori|Munkidori, M|100\/100|[from] U-turn\n|-damage|p1a: Munkidori|88\/100|[from] Stealth Rock\n|\n|upkeep\n|turn|11\n|\n|t:|1700313580\n|switch|p2a: Heatran|Heatran, F|100\/100\n|-damage|p2a: Heatran|88\/100|[from] Stealth Rock\n|move|p1a: Munkidori|Shadow Ball|p2a: Heatran\n|-damage|p2a: Heatran|63\/100\n|\n|-heal|p2a: Heatran|69\/100|[from] item: Leftovers\n|upkeep\n|turn|12\n|\n|t:|1700313590\n|switch|p1a: Landorus|Landorus-Therian, M|3\/100\n|-damage|p1a: Landorus|0 fnt|[from] Stealth Rock\n|faint|p1a: Landorus\n|move|p2a: Heatran|Magma Storm|p1: Landorus|[notarget]\n|-fail|p2a: Heatran\n|\n|-heal|p2a: Heatran|75\/100|[from] item: Leftovers\n|upkeep\n|\n|t:|1700313594\n|switch|p1a: Great Tusk|Great Tusk|62\/100\n|turn|13\n|\n|t:|1700313606\n|switch|p2a: Great Tusk|Great Tusk|100\/100\n|-damage|p2a: Great Tusk|98\/100|[from] Stealth Rock\n|move|p1a: Great Tusk|Rapid Spin|p2a: Great Tusk\n|-damage|p2a: Great Tusk|89\/100\n|-boost|p1a: Great Tusk|spe|1\n|-damage|p1a: Great Tusk|46\/100|[from] item: Rocky Helmet|[of] p2a: Great Tusk\n|-sideend|p1: Mario Flare|Stealth Rock|[from] move: Rapid Spin|[of] p1a: Great Tusk\n|\n|upkeep\n|turn|14\n|\n|t:|1700313635\n|move|p1a: Great Tusk|Knock Off|p2a: Great Tusk\n|-resisted|p2a: Great Tusk\n|-damage|p2a: Great Tusk|80\/100\n|-damage|p1a: Great Tusk|30\/100|[from] item: Rocky Helmet|[of] p2a: Great Tusk\n|-enditem|p2a: Great Tusk|Rocky Helmet|[from] move: Knock Off|[of] p1a: Great Tusk\n|move|p2a: Great Tusk|Earthquake|p1a: Great Tusk\n|-damage|p1a: Great Tusk|0 fnt\n|faint|p1a: Great Tusk\n|-end|p1a: Great Tusk|Protosynthesis|[silent]\n|\n|upkeep\n|inactive|Mario Flare has 270 seconds left.\n|\n|t:|1700313651\n|switch|p1a: Munkidori|Munkidori, M|88\/100\n|turn|15\n|inactive|Mario Flare has 270 seconds left.\n|inactiveoff|Battle timer is now OFF.\n|\n|t:|1700313717\n|move|p1a: Munkidori|Psychic|p2a: Great Tusk\n|-supereffective|p2a: Great Tusk\n|-damage|p2a: Great Tusk|0 fnt\n|faint|p2a: Great Tusk\n|-end|p2a: Great Tusk|Protosynthesis|[silent]\n|\n|upkeep\n|\n|t:|1700313725\n|switch|p2a: Heatran|Heatran, F|75\/100\n|-damage|p2a: Heatran|63\/100|[from] Stealth Rock\n|turn|16\n|\n|t:|1700313750\n|switch|p1a: Empoleon|Empoleon, F|70\/100\n|move|p2a: Heatran|Magma Storm|p1a: Empoleon\n|-damage|p1a: Empoleon|40\/100\n|-activate|p1a: Empoleon|move: Magma Storm|[of] p2a: Heatran\n|\n|-heal|p2a: Heatran|69\/100|[from] item: Leftovers\n|-heal|p1a: Empoleon|46\/100|[from] item: Leftovers\n|-damage|p1a: Empoleon|34\/100|[from] move: Magma Storm|[partiallytrapped]\n|upkeep\n|turn|17\n|\n|t:|1700313762\n|move|p2a: Heatran|Magma Storm|p1a: Empoleon\n|-damage|p1a: Empoleon|6\/100\n|move|p1a: Empoleon|Roost|p1a: Empoleon\n|-heal|p1a: Empoleon|56\/100\n|-singleturn|p1a: Empoleon|move: Roost\n|\n|-heal|p2a: Heatran|75\/100|[from] item: Leftovers\n|-heal|p1a: Empoleon|63\/100|[from] item: Leftovers\n|-damage|p1a: Empoleon|50\/100|[from] move: Magma Storm|[partiallytrapped]\n|upkeep\n|turn|18\n|\n|t:|1700313773\n|switch|p2a: Dragapult|Dragapult, F|61\/100\n|-damage|p2a: Dragapult|48\/100|[from] Stealth Rock\n|move|p1a: Empoleon|Flip Turn|p2a: Dragapult\n|-resisted|p2a: Dragapult\n|-damage|p2a: Dragapult|36\/100\n|\n|t:|1700313777\n|switch|p1a: Kingambit|Kingambit, F|88\/100|[from] Flip Turn\n|-activate|p1a: Kingambit|ability: Supreme Overlord\n|-start|p1a: Kingambit|fallen2|[silent]\n|\n|-heal|p1a: Kingambit|94\/100|[from] item: Leftovers\n|upkeep\n|turn|19\n|\n|t:|1700313794\n|-terastallize|p1a: Kingambit|Fairy\n|move|p2a: Dragapult|Thunder|p1a: Kingambit\n|-damage|p1a: Kingambit|46\/100\n|move|p1a: Kingambit|Kowtow Cleave|p2a: Dragapult\n|-supereffective|p2a: Dragapult\n|-damage|p2a: Dragapult|0 fnt\n|faint|p2a: Dragapult\n|\n|-heal|p1a: Kingambit|52\/100|[from] item: Leftovers\n|upkeep\n|\n|t:|1700313812\n|switch|p2a: Azumarill|Azumarill, F, tera:Water|88\/100\n|-damage|p2a: Azumarill|76\/100|[from] Stealth Rock\n|turn|20\n|\n|t:|1700313819\n|-end|p1a: Kingambit|fallen2|[silent]\n|switch|p1a: Empoleon|Empoleon, F|50\/100\n|move|p2a: Azumarill|Liquidation|p1a: Empoleon\n|-resisted|p1a: Empoleon\n|-damage|p1a: Empoleon|0 fnt\n|faint|p1a: Empoleon\n|\n|upkeep\n|\n|t:|1700313829\n|switch|p1a: Munkidori|Munkidori, M|88\/100\n|turn|21\n|\n|t:|1700313837\n|move|p1a: Munkidori|Focus Blast|p2a: Azumarill\n|-damage|p2a: Azumarill|14\/100\n|move|p2a: Azumarill|Liquidation|p1a: Munkidori\n|-damage|p1a: Munkidori|0 fnt\n|faint|p1a: Munkidori\n|\n|upkeep\n|\n|t:|1700313842\n|switch|p1a: Kingambit|Kingambit, F, tera:Fairy|52\/100\n|-activate|p1a: Kingambit|ability: Supreme Overlord\n|-start|p1a: Kingambit|fallen4|[silent]\n|turn|22\n|\n|t:|1700313852\n|switch|p2a: Heatran|Heatran, F|75\/100\n|-damage|p2a: Heatran|63\/100|[from] Stealth Rock\n|move|p1a: Kingambit|Sucker Punch||[still]\n|-fail|p1a: Kingambit\n|\n|-heal|p2a: Heatran|69\/100|[from] item: Leftovers\n|-heal|p1a: Kingambit|58\/100|[from] item: Leftovers\n|upkeep\n|turn|23\n|\n|t:|1700313862\n|move|p2a: Heatran|Magma Storm|p1a: Kingambit\n|-damage|p1a: Kingambit|18\/100\n|-activate|p1a: Kingambit|move: Magma Storm|[of] p2a: Heatran\n|move|p1a: Kingambit|Kowtow Cleave|p2a: Heatran\n|-damage|p2a: Heatran|14\/100\n|\n|-heal|p2a: Heatran|21\/100|[from] item: Leftovers\n|-heal|p1a: Kingambit|24\/100|[from] item: Leftovers\n|-damage|p1a: Kingambit|12\/100|[from] move: Magma Storm|[partiallytrapped]\n|upkeep\n|turn|24\n|\n|t:|1700313873\n|move|p2a: Heatran|Protect|p2a: Heatran\n|-singleturn|p2a: Heatran|Protect\n|move|p1a: Kingambit|Swords Dance|p1a: Kingambit\n|-boost|p1a: Kingambit|atk|2\n|\n|-heal|p2a: Heatran|27\/100|[from] item: Leftovers\n|-heal|p1a: Kingambit|18\/100|[from] item: Leftovers\n|-damage|p1a: Kingambit|6\/100|[from] move: Magma Storm|[partiallytrapped]\n|upkeep\n|turn|25\n|\n|t:|1700313883\n|switch|p2a: Ogerpon|Ogerpon-Cornerstone, F|100\/100\n|-damage|p2a: Ogerpon|88\/100|[from] Stealth Rock\n|move|p1a: Kingambit|Sucker Punch||[still]\n|-fail|p1a: Kingambit\n|\n|-heal|p1a: Kingambit|12\/100|[from] item: Leftovers\n|-end|p1a: Kingambit|Magma Storm|[partiallytrapped]|[silent]\n|upkeep\n|turn|26\n|\n|t:|1700313898\n|move|p1a: Kingambit|Sucker Punch|p2a: Ogerpon\n|-damage|p2a: Ogerpon|0 fnt\n|faint|p2a: Ogerpon\n|\n|-heal|p1a: Kingambit|18\/100|[from] item: Leftovers\n|upkeep\n|\n|t:|1700313904\n|switch|p2a: Azumarill|Azumarill, F, tera:Water|14\/100\n|-damage|p2a: Azumarill|2\/100|[from] Stealth Rock\n|turn|27\n|\n|t:|1700313912\n|move|p1a: Kingambit|Sucker Punch|p2a: Azumarill\n|-damage|p2a: Azumarill|0 fnt\n|faint|p2a: Azumarill\n|\n|-heal|p1a: Kingambit|24\/100|[from] item: Leftovers\n|upkeep\n|c|\u2606Horuskoria|gg\n|\n|t:|1700313919\n|switch|p2a: Heatran|Heatran, F|27\/100\n|-damage|p2a: Heatran|14\/100|[from] Stealth Rock\n|turn|28\n|c|\u2606Mario Flare|Das Ding ist so dumm.. GG\n|\n|t:|1700313925\n|move|p2a: Heatran|Protect|p2a: Heatran\n|-singleturn|p2a: Heatran|Protect\n|move|p1a: Kingambit|Sucker Punch||[still]\n|-fail|p1a: Kingambit\n|\n|-heal|p2a: Heatran|21\/100|[from] item: Leftovers\n|-heal|p1a: Kingambit|31\/100|[from] item: Leftovers\n|upkeep\n|turn|29\n|\n|t:|1700313932\n|move|p1a: Kingambit|Sucker Punch||[still]\n|-fail|p1a: Kingambit\n|move|p2a: Heatran|Taunt|p1a: Kingambit\n|-start|p1a: Kingambit|move: Taunt\n|\n|-heal|p2a: Heatran|27\/100|[from] item: Leftovers\n|-heal|p1a: Kingambit|37\/100|[from] item: Leftovers\n|upkeep\n|turn|30\n|\n|t:|1700313948\n|move|p2a: Heatran|Magma Storm|p1a: Kingambit|[miss]\n|-miss|p2a: Heatran|p1a: Kingambit\n|move|p1a: Kingambit|Kowtow Cleave|p2a: Heatran\n|-damage|p2a: Heatran|0 fnt\n|faint|p2a: Heatran\n|\n|win|Mario Flare\n","uploadtime":1700313956,"views":8,"p1id":"marioflare","p2id":"horuskoria","formatid":"gen9ou","rating":0,"private":0,"password":""}