{"id":"gen9ou-1989018806","p1":"MaknussiYksi","p2":"yellow motorola","format":"[Gen 9] OU","log":"|j|\u2606MaknussiYksi\n|j|\u2606yellow motorola\n|t:|1699802858\n|gametype|singles\n|player|p1|MaknussiYksi|karen|1475\n|player|p2|yellow motorola|will-gen2|1553\n|teamsize|p1|6\n|teamsize|p2|6\n|gen|9\n|tier|[Gen 9] OU\n|rated|\n|rule|Sleep Clause Mod: Limit one foe put to sleep\n|rule|Species Clause: Limit one of each Pok\u00e9mon\n|rule|OHKO Clause: OHKO moves are banned\n|rule|Evasion Items Clause: Evasion items are banned\n|rule|Evasion Moves Clause: Evasion moves are banned\n|rule|Endless Battle Clause: Forcing endless battles is banned\n|rule|HP Percentage Mod: HP is shown in percentages\n|clearpoke\n|poke|p1|Kingambit, M|\n|poke|p1|Iron Moth|\n|poke|p1|Rillaboom, M|\n|poke|p1|Ogerpon-Cornerstone, F|\n|poke|p1|Ceruledge, F|\n|poke|p1|Iron Hands|\n|poke|p2|Sinistcha|\n|poke|p2|Rillaboom, F|\n|poke|p2|Ursaluna, M|\n|poke|p2|Cinderace, F|\n|poke|p2|Sneasler, M|\n|poke|p2|Manaphy|\n|teampreview\n|inactive|Battle timer is ON: inactive players will automatically lose when time's up. (requested by yellow motorola)\n|inactive|yellow motorola has 120 seconds left.\n|\n|t:|1699802898\n|start\n|switch|p1a: Ogerpon|Ogerpon-Cornerstone, F|100\/100\n|switch|p2a: Portgas D. Ace \ud83d\udd25|Cinderace, F, shiny|100\/100\n|turn|1\n|\n|t:|1699802905\n|move|p2a: Portgas D. Ace \ud83d\udd25|U-turn|p1a: Ogerpon\n|-supereffective|p1a: Ogerpon\n|-damage|p1a: Ogerpon|50\/100\n|inactive|yellow motorola has 120 seconds left.\n|inactive|yellow motorola has 90 seconds left.\n|\n|t:|1699802981\n|switch|p2a: Winston \ud83e\udd8d|Rillaboom, F|100\/100|[from] U-turn\n|-fieldstart|move: Grassy Terrain|[from] ability: Grassy Surge|[of] p2a: Winston \ud83e\udd8d\n|move|p1a: Ogerpon|Ivy Cudgel|p2a: Winston \ud83e\udd8d\n|-damage|p2a: Winston \ud83e\udd8d|31\/100\n|\n|-heal|p1a: Ogerpon|56\/100|[from] Grassy Terrain\n|-heal|p2a: Winston \ud83e\udd8d|37\/100|[from] Grassy Terrain\n|upkeep\n|turn|2\n|\n|t:|1699802989\n|move|p2a: Winston \ud83e\udd8d|Grassy Glide|p1a: Ogerpon\n|-crit|p1a: Ogerpon\n|-damage|p1a: Ogerpon|0 fnt\n|faint|p1a: Ogerpon\n|\n|-heal|p2a: Winston \ud83e\udd8d|43\/100|[from] Grassy Terrain\n|upkeep\n|inactive|MaknussiYksi has 120 seconds left.\n|\n|t:|1699803021\n|switch|p1a: Iron Hands|Iron Hands|100\/100\n|turn|3\n|inactive|yellow motorola has 90 seconds left.\n|\n|t:|1699803047\n|switch|p2a: Dimple \ud83c\udf75|Sinistcha|100\/100\n|-enditem|p2a: Dimple \ud83c\udf75|Grassy Seed\n|-boost|p2a: Dimple \ud83c\udf75|def|1|[from] item: Grassy Seed\n|move|p1a: Iron Hands|Swords Dance|p1a: Iron Hands\n|-boost|p1a: Iron Hands|atk|2\n|\n|upkeep\n|turn|4\n|inactive|yellow motorola has 60 seconds left.\n|\n|t:|1699803087\n|move|p2a: Dimple \ud83c\udf75|Strength Sap|p1a: Iron Hands\n|-unboost|p1a: Iron Hands|atk|1\n|move|p1a: Iron Hands|Swords Dance|p1a: Iron Hands\n|-boost|p1a: Iron Hands|atk|2\n|\n|upkeep\n|turn|5\n|\n|t:|1699803091\n|move|p2a: Dimple \ud83c\udf75|Matcha Gotcha|p1a: Iron Hands\n|-damage|p1a: Iron Hands|54\/100\n|move|p1a: Iron Hands|Swords Dance|p1a: Iron Hands\n|-boost|p1a: Iron Hands|atk|2\n|\n|-heal|p1a: Iron Hands|60\/100|[from] Grassy Terrain\n|-heal|p1a: Iron Hands|66\/100|[from] item: Leftovers\n|-fieldend|move: Grassy Terrain\n|upkeep\n|turn|6\n|\n|t:|1699803096\n|move|p2a: Dimple \ud83c\udf75|Matcha Gotcha|p1a: Iron Hands\n|-damage|p1a: Iron Hands|31\/100\n|-status|p1a: Iron Hands|brn\n|move|p1a: Iron Hands|Ice Punch|p2a: Dimple \ud83c\udf75\n|-supereffective|p2a: Dimple \ud83c\udf75\n|-damage|p2a: Dimple \ud83c\udf75|52\/100\n|-status|p2a: Dimple \ud83c\udf75|frz\n|\n|-heal|p1a: Iron Hands|37\/100 brn|[from] item: Leftovers\n|-damage|p1a: Iron Hands|31\/100 brn|[from] brn\n|upkeep\n|turn|7\n|\n|t:|1699803105\n|-curestatus|p2a: Dimple \ud83c\udf75|frz|[from] move: Matcha Gotcha\n|move|p2a: Dimple \ud83c\udf75|Matcha Gotcha|p1a: Iron Hands\n|-damage|p1a: Iron Hands|0 fnt\n|-heal|p2a: Dimple \ud83c\udf75|72\/100|[from] drain|[of] p1a: Iron Hands\n|faint|p1a: Iron Hands\n|-end|p1a: Iron Hands|Quark Drive|[silent]\n|\n|upkeep\n|\n|t:|1699803112\n|switch|p1a: Ceruledge|Ceruledge, F|100\/100\n|turn|8\n|\n|t:|1699803126\n|move|p1a: Ceruledge|Poltergeist||[still]\n|-fail|p1a: Ceruledge\n|move|p2a: Dimple \ud83c\udf75|Hex|p1a: Ceruledge\n|-supereffective|p1a: Ceruledge\n|-damage|p1a: Ceruledge|38\/100\n|\n|upkeep\n|turn|9\n|\n|t:|1699803130\n|switch|p2a: Freddy Fazbear|Ursaluna, M, shiny|100\/100\n|move|p1a: Ceruledge|Bitter Blade|p2a: Freddy Fazbear\n|-damage|p2a: Freddy Fazbear|66\/100\n|-heal|p1a: Ceruledge|62\/100|[from] drain|[of] p2a: Freddy Fazbear\n|\n|-status|p2a: Freddy Fazbear|brn|[from] item: Flame Orb\n|upkeep\n|turn|10\n|\n|t:|1699803136\n|move|p1a: Ceruledge|Bitter Blade|p2a: Freddy Fazbear\n|-damage|p2a: Freddy Fazbear|28\/100 brn\n|-heal|p1a: Ceruledge|88\/100|[from] drain|[of] p2a: Freddy Fazbear\n|move|p2a: Freddy Fazbear|Headlong Rush|p1a: Ceruledge\n|-supereffective|p1a: Ceruledge\n|-damage|p1a: Ceruledge|0 fnt\n|-unboost|p2a: Freddy Fazbear|def|1\n|-unboost|p2a: Freddy Fazbear|spd|1\n|faint|p1a: Ceruledge\n|\n|-damage|p2a: Freddy Fazbear|22\/100 brn|[from] brn\n|upkeep\n|\n|t:|1699803150\n|switch|p1a: Iron Moth|Iron Moth|100\/100\n|-enditem|p1a: Iron Moth|Booster Energy\n|-activate|p1a: Iron Moth|ability: Quark Drive|[fromitem]\n|-start|p1a: Iron Moth|quarkdrivespe\n|turn|11\n|inactive|yellow motorola has 90 seconds left.\n|\n|t:|1699803183\n|move|p1a: Iron Moth|Fiery Dance|p2a: Freddy Fazbear\n|-damage|p2a: Freddy Fazbear|0 fnt\n|faint|p2a: Freddy Fazbear\n|\n|upkeep\n|\n|t:|1699803191\n|switch|p2a: Leo|Manaphy|100\/100\n|turn|12\n|\n|t:|1699803213\n|-terastallize|p1a: Iron Moth|Fairy\n|move|p1a: Iron Moth|Fiery Dance|p2a: Leo\n|-resisted|p2a: Leo\n|-damage|p2a: Leo|84\/100\n|-boost|p1a: Iron Moth|spa|1\n|move|p2a: Leo|Scald|p1a: Iron Moth\n|-damage|p1a: Iron Moth|74\/100\n|\n|-heal|p2a: Leo|90\/100|[from] item: Leftovers\n|upkeep\n|turn|13\n|\n|t:|1699803219\n|move|p1a: Iron Moth|Fiery Dance|p2a: Leo\n|-resisted|p2a: Leo\n|-damage|p2a: Leo|64\/100\n|-boost|p1a: Iron Moth|spa|1\n|move|p2a: Leo|Scald|p1a: Iron Moth\n|-damage|p1a: Iron Moth|43\/100\n|-status|p1a: Iron Moth|brn\n|\n|-heal|p2a: Leo|70\/100|[from] item: Leftovers\n|-damage|p1a: Iron Moth|37\/100 brn|[from] brn\n|upkeep\n|turn|14\n|\n|t:|1699803224\n|move|p1a: Iron Moth|Sludge Wave|p2a: Leo\n|-damage|p2a: Leo|0 fnt\n|faint|p2a: Leo\n|\n|-damage|p1a: Iron Moth|31\/100 brn|[from] brn\n|upkeep\n|inactive|yellow motorola has 90 seconds left.\n|\n|t:|1699803250\n|switch|p2a: Winston \ud83e\udd8d|Rillaboom, F|43\/100\n|-fieldstart|move: Grassy Terrain|[from] ability: Grassy Surge|[of] p2a: Winston \ud83e\udd8d\n|turn|15\n|\n|t:|1699803255\n|move|p2a: Winston \ud83e\udd8d|Grassy Glide|p1a: Iron Moth\n|-damage|p1a: Iron Moth|0 fnt\n|faint|p1a: Iron Moth\n|-end|p1a: Iron Moth|Quark Drive|[silent]\n|\n|-heal|p2a: Winston \ud83e\udd8d|49\/100|[from] Grassy Terrain\n|upkeep\n|\n|t:|1699803264\n|switch|p1a: Rillaboom|Rillaboom, M|100\/100\n|turn|16\n|\n|t:|1699803281\n|switch|p2a: Dimple \ud83c\udf75|Sinistcha|72\/100\n|move|p1a: Rillaboom|Swords Dance|p1a: Rillaboom\n|-boost|p1a: Rillaboom|atk|2\n|\n|-heal|p2a: Dimple \ud83c\udf75|78\/100|[from] Grassy Terrain\n|upkeep\n|turn|17\n|\n|t:|1699803283\n|move|p1a: Rillaboom|Knock Off|p2a: Dimple \ud83c\udf75\n|-supereffective|p2a: Dimple \ud83c\udf75\n|-damage|p2a: Dimple \ud83c\udf75|0 fnt\n|faint|p2a: Dimple \ud83c\udf75\n|-damage|p1a: Rillaboom|91\/100|[from] item: Life Orb\n|\n|-heal|p1a: Rillaboom|97\/100|[from] Grassy Terrain\n|upkeep\n|\n|t:|1699803287\n|switch|p2a: Portgas D. Ace \ud83d\udd25|Cinderace, F, shiny|100\/100\n|turn|18\n|\n|t:|1699803301\n|-terastallize|p2a: Portgas D. Ace \ud83d\udd25|Fire\n|move|p1a: Rillaboom|Grassy Glide|p2a: Portgas D. Ace \ud83d\udd25\n|-resisted|p2a: Portgas D. Ace \ud83d\udd25\n|-damage|p2a: Portgas D. Ace \ud83d\udd25|41\/100\n|-damage|p1a: Rillaboom|87\/100|[from] item: Life Orb\n|move|p2a: Portgas D. Ace \ud83d\udd25|Pyro Ball|p1a: Rillaboom\n|-supereffective|p1a: Rillaboom\n|-crit|p1a: Rillaboom\n|-damage|p1a: Rillaboom|0 fnt\n|faint|p1a: Rillaboom\n|\n|-heal|p2a: Portgas D. Ace \ud83d\udd25|47\/100|[from] Grassy Terrain\n|upkeep\n|\n|t:|1699803303\n|switch|p1a: Kingambit|Kingambit, M|100\/100\n|-activate|p1a: Kingambit|ability: Supreme Overlord\n|-start|p1a: Kingambit|fallen5|[silent]\n|turn|19\n|inactive|yellow motorola has 120 seconds left.\n|\n|t:|1699803327\n|move|p1a: Kingambit|Sucker Punch||[still]\n|-fail|p1a: Kingambit\n|move|p2a: Portgas D. Ace \ud83d\udd25|Will-O-Wisp|p1a: Kingambit\n|-status|p1a: Kingambit|brn\n|-enditem|p1a: Kingambit|Lum Berry|[eat]\n|-curestatus|p1a: Kingambit|brn|[msg]\n|\n|-heal|p2a: Portgas D. Ace \ud83d\udd25|53\/100|[from] Grassy Terrain\n|-fieldend|move: Grassy Terrain\n|upkeep\n|turn|20\n|\n|t:|1699803335\n|move|p2a: Portgas D. Ace \ud83d\udd25|Will-O-Wisp|p1a: Kingambit\n|-status|p1a: Kingambit|brn\n|move|p1a: Kingambit|Kowtow Cleave|p2a: Portgas D. Ace \ud83d\udd25\n|-damage|p2a: Portgas D. Ace \ud83d\udd25|5\/100\n|\n|-damage|p1a: Kingambit|94\/100 brn|[from] brn\n|upkeep\n|turn|21\n|-message|MaknussiYksi forfeited.\n|\n|win|yellow motorola\n|raw|MaknussiYksi's rating: 1475 &rarr; <strong>1458<\/strong><br \/>(-17 for losing)\n|raw|yellow motorola's rating: 1525 &rarr; <strong>1542<\/strong><br \/>(+17 for winning)\n|l|\u2606MaknussiYksi\n","uploadtime":1699803373,"views":16,"p1id":"maknussiyksi","p2id":"yellowmotorola","formatid":"gen9ou","rating":1458,"private":0,"password":""}