{"id":"gen9ou-1994208065","p1":"Redfafnir128","p2":"PLAYB0I R0BBIE B","format":"[Gen 9] OU","log":"|j|\u2606Redfafnir128\n|j|\u2606PLAYB0I R0BBIE B\n|t:|1700419026\n|gametype|singles\n|player|p1|Redfafnir128|lucas-gen4pt|1216\n|player|p2|PLAYB0I R0BBIE B|eusine|1204\n|teamsize|p1|6\n|teamsize|p2|6\n|gen|9\n|tier|[Gen 9] OU\n|rated|\n|rule|Sleep Clause Mod: Limit one foe put to sleep\n|rule|Species Clause: Limit one of each Pok\u00e9mon\n|rule|OHKO Clause: OHKO moves are banned\n|rule|Evasion Items Clause: Evasion items are banned\n|rule|Evasion Moves Clause: Evasion moves are banned\n|rule|Endless Battle Clause: Forcing endless battles is banned\n|rule|HP Percentage Mod: HP is shown in percentages\n|clearpoke\n|poke|p1|Samurott-Hisui, M|\n|poke|p1|Walking Wake|\n|poke|p1|Manaphy|\n|poke|p1|Pelipper, M|\n|poke|p1|Ogerpon-Wellspring, F|\n|poke|p1|Azumarill, M|\n|poke|p2|Meowscarada, F|\n|poke|p2|Heatran, F|\n|poke|p2|Thundurus-Therian, M|\n|poke|p2|Dragapult, F|\n|poke|p2|Great Tusk|\n|poke|p2|Azumarill, F|\n|teampreview\n|inactive|Battle timer is ON: inactive players will automatically lose when time's up. (requested by PLAYB0I R0BBIE B)\n|\n|t:|1700419043\n|start\n|switch|p1a: Samurott|Samurott-Hisui, M, shiny|100\/100\n|switch|p2a: ASTROTHUNDER|Thundurus-Therian, M|100\/100\n|turn|1\n|\n|t:|1700419050\n|move|p1a: Samurott|Ceaseless Edge|p2a: ASTROTHUNDER\n|-damage|p2a: ASTROTHUNDER|34\/100\n|-sidestart|p2: PLAYB0I R0BBIE B|Spikes\n|move|p2a: ASTROTHUNDER|Volt Switch|p1a: Samurott\n|-supereffective|p1a: Samurott\n|-damage|p1a: Samurott|0 fnt\n|faint|p1a: Samurott\n|\n|t:|1700419058\n|switch|p2a: SICKO MODE|Meowscarada, F|100\/100|[from] Volt Switch\n|-damage|p2a: SICKO MODE|88\/100|[from] Spikes\n|\n|upkeep\n|\n|t:|1700419065\n|switch|p1a: Ogerpon|Ogerpon-Wellspring, F|100\/100\n|turn|2\n|\n|t:|1700419073\n|move|p2a: SICKO MODE|U-turn|p1a: Ogerpon\n|-start|p2a: SICKO MODE|typechange|Bug|[from] ability: Protean\n|-supereffective|p1a: Ogerpon\n|-damage|p1a: Ogerpon|0 fnt\n|faint|p1a: Ogerpon\n|\n|t:|1700419076\n|switch|p2a: ASTROTHUNDER|Thundurus-Therian, M|34\/100|[from] U-turn\n|\n|upkeep\n|\n|t:|1700419085\n|switch|p1a: Pelipper|Pelipper, M, shiny|100\/100\n|-weather|RainDance|[from] ability: Drizzle|[of] p1a: Pelipper\n|turn|3\n|\n|t:|1700419091\n|move|p2a: ASTROTHUNDER|Volt Switch|p1a: Pelipper\n|-supereffective|p1a: Pelipper\n|-damage|p1a: Pelipper|0 fnt\n|faint|p1a: Pelipper\n|\n|t:|1700419095\n|switch|p2a: SICKO MODE|Meowscarada, F|88\/100|[from] Volt Switch\n|-damage|p2a: SICKO MODE|76\/100|[from] Spikes\n|\n|-weather|RainDance|[upkeep]\n|upkeep\n|\n|t:|1700419102\n|switch|p1a: Azumarill|Azumarill, M|100\/100\n|turn|4\n|\n|t:|1700419106\n|switch|p2a: CAN'T SAY|Azumarill, F|100\/100\n|-damage|p2a: CAN'T SAY|88\/100|[from] Spikes\n|-terastallize|p1a: Azumarill|Grass\n|move|p1a: Azumarill|Belly Drum|p1a: Azumarill\n|-damage|p1a: Azumarill|50\/100\n|-setboost|p1a: Azumarill|atk|6|[from] move: Belly Drum\n|-enditem|p1a: Azumarill|Sitrus Berry|[eat]\n|-heal|p1a: Azumarill|75\/100|[from] item: Sitrus Berry\n|\n|-weather|RainDance|[upkeep]\n|upkeep\n|turn|5\n|\n|t:|1700419121\n|move|p1a: Azumarill|Aqua Jet|p2a: CAN'T SAY\n|-resisted|p2a: CAN'T SAY\n|-damage|p2a: CAN'T SAY|12\/100\n|move|p2a: CAN'T SAY|Ice Spinner|p1a: Azumarill\n|-supereffective|p1a: Azumarill\n|-damage|p1a: Azumarill|9\/100\n|\n|-weather|RainDance|[upkeep]\n|upkeep\n|turn|6\n|\n|t:|1700419129\n|move|p2a: CAN'T SAY|Aqua Jet|p1a: Azumarill\n|-resisted|p1a: Azumarill\n|-damage|p1a: Azumarill|0 fnt\n|faint|p1a: Azumarill\n|\n|-weather|RainDance|[upkeep]\n|upkeep\n|\n|t:|1700419136\n|switch|p1a: Manaphy|Manaphy|100\/100\n|turn|7\n|\n|t:|1700419143\n|move|p1a: Manaphy|Tail Glow|p1a: Manaphy\n|-boost|p1a: Manaphy|spa|3\n|move|p2a: CAN'T SAY|Play Rough|p1a: Manaphy\n|-damage|p1a: Manaphy|44\/100\n|\n|-weather|RainDance|[upkeep]\n|upkeep\n|turn|8\n|\n|t:|1700419149\n|move|p1a: Manaphy|Surf|p2a: CAN'T SAY\n|-resisted|p2a: CAN'T SAY\n|-damage|p2a: CAN'T SAY|0 fnt\n|faint|p2a: CAN'T SAY\n|\n|-weather|RainDance|[upkeep]\n|upkeep\n|\n|t:|1700419152\n|switch|p2a: ASTROTHUNDER|Thundurus-Therian, M|34\/100\n|turn|9\n|\n|t:|1700419154\n|move|p2a: ASTROTHUNDER|Volt Switch|p1a: Manaphy\n|-supereffective|p1a: Manaphy\n|-damage|p1a: Manaphy|0 fnt\n|faint|p1a: Manaphy\n|-message|Redfafnir128 forfeited.\n|\n|win|PLAYB0I R0BBIE B\n|raw|Redfafnir128's rating: 1216 &rarr; <strong>1190<\/strong><br \/>(-26 for losing)\n|raw|PLAYB0I R0BBIE B's rating: 1204 &rarr; <strong>1230<\/strong><br \/>(+26 for winning)\n|l|\u2606Redfafnir128\n","uploadtime":1700419162,"views":8,"p1id":"redfafnir128","p2id":"playb0ir0bbieb","formatid":"gen9ou","rating":1190,"private":0,"password":""}