{"id":"gen9ou-1993215671","p1":"llooganium","p2":"Kuzwa","format":"[Gen 9] OU","log":"|j|\u2606llooganium\n|j|\u2606Kuzwa\n|t:|1700279209\n|gametype|singles\n|player|p1|llooganium|169|1151\n|player|p2|Kuzwa|kieran-festival|1198\n|teamsize|p1|6\n|teamsize|p2|6\n|gen|9\n|tier|[Gen 9] OU\n|rated|\n|rule|Sleep Clause Mod: Limit one foe put to sleep\n|rule|Species Clause: Limit one of each Pok\u00e9mon\n|rule|OHKO Clause: OHKO moves are banned\n|rule|Evasion Items Clause: Evasion items are banned\n|rule|Evasion Moves Clause: Evasion moves are banned\n|rule|Endless Battle Clause: Forcing endless battles is banned\n|rule|HP Percentage Mod: HP is shown in percentages\n|clearpoke\n|poke|p1|Blissey, F|\n|poke|p1|Ceruledge, F|\n|poke|p1|Iron Treads|\n|poke|p1|Dondozo, M|\n|poke|p1|Enamorus, F|\n|poke|p1|Sneasler, F|\n|poke|p2|Greninja-*, M|\n|poke|p2|Sinistcha-Masterpiece|\n|poke|p2|Gallade, M|\n|poke|p2|Weavile, F|\n|poke|p2|Hydreigon, M|\n|poke|p2|Glimmora, M|\n|teampreview\n|\n|t:|1700279214\n|start\n|switch|p1a: Iron Treads|Iron Treads|100\/100\n|switch|p2a: thing|Glimmora, M, shiny|100\/100\n|-item|p2a: thing|Air Balloon\n|-enditem|p1a: Iron Treads|Booster Energy\n|-activate|p1a: Iron Treads|ability: Quark Drive|[fromitem]\n|-start|p1a: Iron Treads|quarkdrivespe\n|turn|1\n|inactive|Battle timer is ON: inactive players will automatically lose when time's up. (requested by llooganium)\n|\n|t:|1700279218\n|move|p1a: Iron Treads|Knock Off|p2a: thing\n|-damage|p2a: thing|70\/100\n|-activate|p2a: thing|ability: Toxic Debris\n|-sidestart|p1: llooganium|move: Toxic Spikes\n|-enditem|p2a: thing|Air Balloon\n|move|p2a: thing|Earth Power|p1a: Iron Treads\n|-supereffective|p1a: Iron Treads\n|-damage|p1a: Iron Treads|13\/100\n|\n|upkeep\n|turn|2\n|\n|t:|1700279222\n|switch|p2a: Thanatos|Hydreigon, M|100\/100\n|move|p1a: Iron Treads|Earthquake|p2a: Thanatos\n|-immune|p2a: Thanatos|[from] ability: Levitate\n|\n|upkeep\n|turn|3\n|\n|t:|1700279229\n|switch|p2a: thing|Glimmora, M, shiny|70\/100\n|move|p1a: Iron Treads|Knock Off|p2a: thing\n|-damage|p2a: thing|50\/100\n|-activate|p2a: thing|ability: Toxic Debris\n|-sidestart|p1: llooganium|move: Toxic Spikes\n|\n|upkeep\n|turn|4\n|\n|t:|1700279234\n|move|p1a: Iron Treads|Earthquake|p2a: thing\n|-supereffective|p2a: thing\n|-damage|p2a: thing|0 fnt\n|faint|p2a: thing\n|\n|upkeep\n|\n|t:|1700279237\n|switch|p2a: Hidetoshi Odagiri|Greninja, M|100\/100\n|turn|5\n|\n|t:|1700279240\n|move|p2a: Hidetoshi Odagiri|Water Shuriken|p1a: Iron Treads\n|-supereffective|p1a: Iron Treads\n|-damage|p1a: Iron Treads|0 fnt\n|faint|p1a: Iron Treads\n|-end|p1a: Iron Treads|Quark Drive|[silent]\n|-ability|p2a: Hidetoshi Odagiri|Battle Bond|boost\n|-boost|p2a: Hidetoshi Odagiri|atk|1\n|-boost|p2a: Hidetoshi Odagiri|spa|1\n|-boost|p2a: Hidetoshi Odagiri|spe|1\n|-activate|p2a: Hidetoshi Odagiri|ability: Battle Bond\n|-hitcount|p1: Iron Treads|1\n|\n|upkeep\n|\n|t:|1700279243\n|switch|p1a: Sneasler|Sneasler, F|100\/100\n|-sideend|p1: llooganium|move: Toxic Spikes|[of] p1a: Sneasler\n|turn|6\n|\n|t:|1700279248\n|move|p1a: Sneasler|Fake Out|p2a: Hidetoshi Odagiri\n|-damage|p2a: Hidetoshi Odagiri|78\/100\n|cant|p2a: Hidetoshi Odagiri|flinch\n|\n|upkeep\n|turn|7\n|\n|t:|1700279251\n|move|p2a: Hidetoshi Odagiri|Ice Beam|p1a: Sneasler\n|-damage|p1a: Sneasler|48\/100\n|move|p1a: Sneasler|Close Combat|p2a: Hidetoshi Odagiri\n|-supereffective|p2a: Hidetoshi Odagiri\n|-damage|p2a: Hidetoshi Odagiri|0 fnt\n|-unboost|p1a: Sneasler|def|1\n|-unboost|p1a: Sneasler|spd|1\n|faint|p2a: Hidetoshi Odagiri\n|\n|upkeep\n|\n|t:|1700279258\n|switch|p2a: Nyx|Weavile, F|100\/100\n|turn|8\n|\n|t:|1700279261\n|move|p2a: Nyx|Fake Out|p1a: Sneasler\n|-damage|p1a: Sneasler|12\/100\n|cant|p1a: Sneasler|flinch\n|\n|upkeep\n|turn|9\n|\n|t:|1700279268\n|switch|p1a: Ceruledge|Ceruledge, F|100\/100\n|move|p2a: Nyx|Knock Off|p1a: Ceruledge\n|-supereffective|p1a: Ceruledge\n|-enditem|p1a: Ceruledge|Focus Sash\n|-damage|p1a: Ceruledge|1\/100\n|-ability|p1a: Ceruledge|Weak Armor|boost\n|-unboost|p1a: Ceruledge|def|1\n|-boost|p1a: Ceruledge|spe|2\n|\n|upkeep\n|turn|10\n|\n|t:|1700279274\n|switch|p2a: Thanatos|Hydreigon, M|100\/100\n|move|p1a: Ceruledge|Bitter Blade|p2a: Thanatos\n|-resisted|p2a: Thanatos\n|-damage|p2a: Thanatos|76\/100\n|-heal|p1a: Ceruledge|15\/100|[from] drain|[of] p2a: Thanatos\n|\n|upkeep\n|turn|11\n|\n|t:|1700279280\n|move|p1a: Ceruledge|Poltergeist|p2a: Thanatos\n|-activate|p2a: Thanatos|move: Poltergeist|Focus Sash\n|-resisted|p2a: Thanatos\n|-damage|p2a: Thanatos|43\/100\n|move|p2a: Thanatos|Dark Pulse|p1a: Ceruledge\n|-supereffective|p1a: Ceruledge\n|-damage|p1a: Ceruledge|0 fnt\n|faint|p1a: Ceruledge\n|\n|upkeep\n|\n|t:|1700279285\n|switch|p1a: Enamorus|Enamorus, F|100\/100\n|turn|12\n|\n|t:|1700279288\n|move|p1a: Enamorus|Substitute|p1a: Enamorus\n|-start|p1a: Enamorus|Substitute\n|-damage|p1a: Enamorus|76\/100\n|move|p2a: Thanatos|Flash Cannon|p1a: Enamorus\n|-supereffective|p1a: Enamorus\n|-end|p1a: Enamorus|Substitute\n|\n|upkeep\n|turn|13\n|\n|t:|1700279291\n|-terastallize|p2a: Thanatos|Poison\n|move|p1a: Enamorus|Draining Kiss|p2a: Thanatos\n|-resisted|p2a: Thanatos\n|-damage|p2a: Thanatos|27\/100\n|-heal|p1a: Enamorus|90\/100|[from] drain|[of] p2a: Thanatos\n|move|p2a: Thanatos|Flash Cannon|p1a: Enamorus\n|-supereffective|p1a: Enamorus\n|-crit|p1a: Enamorus\n|-damage|p1a: Enamorus|0 fnt\n|faint|p1a: Enamorus\n|\n|upkeep\n|\n|t:|1700279296\n|switch|p1a: Sneasler|Sneasler, F|12\/100\n|turn|14\n|\n|t:|1700279299\n|switch|p2a: Ken Amada|Sinistcha-Masterpiece|100\/100\n|move|p1a: Sneasler|Fake Out|p2a: Ken Amada\n|-immune|p2a: Ken Amada\n|\n|upkeep\n|turn|15\n|\n|t:|1700279303\n|move|p1a: Sneasler|Dire Claw|p2a: Ken Amada\n|-damage|p2a: Ken Amada|62\/100\n|move|p2a: Ken Amada|Scald|p1a: Sneasler\n|-damage|p1a: Sneasler|0 fnt\n|faint|p1a: Sneasler\n|\n|upkeep\n|-message|llooganium forfeited.\n|\n|win|Kuzwa\n|raw|llooganium's rating: 1151 &rarr; <strong>1129<\/strong><br \/>(-22 for losing)\n|raw|Kuzwa's rating: 1198 &rarr; <strong>1220<\/strong><br \/>(+22 for winning)\n|l|\u2606llooganium\n","uploadtime":1700279313,"views":12,"p1id":"llooganium","p2id":"kuzwa","formatid":"gen9ou","rating":1129,"private":0,"password":""}