{"id":"gen9ou-1988244173","p1":"MopisEdibles","p2":"pogchimp970314","format":"[Gen 9] OU","log":"|j|\u2606MopisEdibles\n|j|\u2606pogchimp970314\n|inactive|Battle timer is ON: inactive players will automatically lose when time's up.\n|t:|1699693110\n|gametype|singles\n|player|p1|MopisEdibles|flannery|\n|player|p2|pogchimp970314|mai|\n|teamsize|p1|3\n|teamsize|p2|3\n|gen|9\n|tier|[Gen 9] OU\n|rated|Tournament battle\n|rule|Sleep Clause Mod: Limit one foe put to sleep\n|rule|Species Clause: Limit one of each Pok\u00e9mon\n|rule|OHKO Clause: OHKO moves are banned\n|rule|Evasion Items Clause: Evasion items are banned\n|rule|Evasion Moves Clause: Evasion moves are banned\n|rule|Endless Battle Clause: Forcing endless battles is banned\n|rule|HP Percentage Mod: HP is shown in percentages\n|clearpoke\n|poke|p1|Farigiraf, F|\n|poke|p1|Dragapult, M|\n|poke|p1|Vulpix-Alola, M|\n|poke|p2|Lilligant-Hisui, F|\n|poke|p2|Bellibolt, M|\n|poke|p2|Impidimp, M|\n|teampreview\n|j|*Lady Monita \u263d\n|inactive|pogchimp970314 also wants the timer to be on.\n|\n|t:|1699693115\n|start\n|switch|p1a: Vulpix|Vulpix-Alola, M, shiny|100\/100\n|switch|p2a: Impidimp|Impidimp, M|100\/100\n|-weather|Snow|[from] ability: Snow Warning|[of] p1a: Vulpix\n|turn|1\n|\n|t:|1699693119\n|move|p2a: Impidimp|Light Screen|p2a: Impidimp\n|-sidestart|p2: pogchimp970314|move: Light Screen\n|move|p1a: Vulpix|Aurora Veil|p1a: Vulpix\n|-sidestart|p1: MopisEdibles|move: Aurora Veil\n|\n|-weather|Snow|[upkeep]\n|upkeep\n|turn|2\n|\n|t:|1699693123\n|move|p2a: Impidimp|Reflect|p2a: Impidimp\n|-sidestart|p2: pogchimp970314|Reflect\n|move|p1a: Vulpix|Moonblast|p2a: Impidimp\n|-supereffective|p2a: Impidimp\n|-damage|p2a: Impidimp|80\/100\n|\n|-weather|Snow|[upkeep]\n|upkeep\n|turn|3\n|\n|t:|1699693133\n|switch|p1a: Dragapult|Dragapult, M, shiny|100\/100\n|move|p2a: Impidimp|Parting Shot|p1a: Dragapult\n|-unboost|p1a: Dragapult|atk|1\n|-unboost|p1a: Dragapult|spa|1\n|\n|t:|1699693138\n|switch|p2a: Bellibolt|Bellibolt, M|100\/100|[from] Parting Shot\n|\n|-weather|Snow|[upkeep]\n|upkeep\n|turn|4\n|\n|t:|1699693143\n|move|p1a: Dragapult|Dragon Dance|p1a: Dragapult\n|-boost|p1a: Dragapult|atk|1\n|-boost|p1a: Dragapult|spe|1\n|move|p2a: Bellibolt|Thunder Wave|p1a: Dragapult\n|-status|p1a: Dragapult|par\n|\n|-weather|Snow|[upkeep]\n|upkeep\n|turn|5\n|\n|t:|1699693148\n|move|p1a: Dragapult|Dragon Dance|p1a: Dragapult\n|-boost|p1a: Dragapult|atk|1\n|-boost|p1a: Dragapult|spe|1\n|move|p2a: Bellibolt|Soak|p1a: Dragapult\n|-start|p1a: Dragapult|typechange|Water\n|\n|-weather|none\n|-sideend|p1: MopisEdibles|move: Aurora Veil\n|upkeep\n|turn|6\n|\n|t:|1699693153\n|-terastallize|p1a: Dragapult|Psychic\n|move|p1a: Dragapult|Psychic Fangs|p2a: Bellibolt\n|-sideend|p2: pogchimp970314|Reflect\n|-sideend|p2: pogchimp970314|move: Light Screen\n|-damage|p2a: Bellibolt|62\/100\n|-start|p2a: Bellibolt|Charge|Psychic Fangs|[from] ability: Electromorphosis\n|move|p2a: Bellibolt|Parabolic Charge|p1a: Dragapult\n|-damage|p1a: Dragapult|40\/100 par\n|-heal|p2a: Bellibolt|85\/100|[from] drain|[of] p1a: Dragapult\n|-end|p2a: Bellibolt|Charge|[silent]\n|\n|-heal|p1a: Dragapult|46\/100 par|[from] item: Leftovers\n|-heal|p2a: Bellibolt|91\/100|[from] item: Leftovers\n|upkeep\n|turn|7\n|\n|t:|1699693165\n|move|p1a: Dragapult|Dragon Darts|p2a: Bellibolt\n|-damage|p2a: Bellibolt|76\/100\n|-start|p2a: Bellibolt|Charge|Dragon Darts|[from] ability: Electromorphosis\n|-anim|p1a: Dragapult|Dragon Darts|p2a: Bellibolt\n|-damage|p2a: Bellibolt|60\/100\n|-start|p2a: Bellibolt|Charge|Dragon Darts|[from] ability: Electromorphosis\n|move|p2a: Bellibolt|Parabolic Charge|p1a: Dragapult\n|-damage|p1a: Dragapult|0 fnt\n|-heal|p2a: Bellibolt|77\/100|[from] drain|[of] p1a: Dragapult\n|faint|p1a: Dragapult\n|-end|p2a: Bellibolt|Charge|[silent]\n|\n|-heal|p2a: Bellibolt|83\/100|[from] item: Leftovers\n|upkeep\n|\n|t:|1699693169\n|switch|p1a: Vulpix|Vulpix-Alola, M, shiny|100\/100\n|-weather|Snow|[from] ability: Snow Warning|[of] p1a: Vulpix\n|turn|8\n|\n|t:|1699693173\n|move|p1a: Vulpix|Aurora Veil|p1a: Vulpix\n|-sidestart|p1: MopisEdibles|move: Aurora Veil\n|move|p2a: Bellibolt|Thunder Wave|p1a: Vulpix\n|-status|p1a: Vulpix|par\n|\n|-weather|Snow|[upkeep]\n|-heal|p2a: Bellibolt|90\/100|[from] item: Leftovers\n|upkeep\n|turn|9\n|\n|t:|1699693182\n|move|p2a: Bellibolt|Thunder Wave|p1a: Vulpix\n|-fail|p1a: Vulpix|par\n|move|p1a: Vulpix|Moonblast|p2a: Bellibolt\n|-damage|p2a: Bellibolt|76\/100\n|-unboost|p2a: Bellibolt|spa|1\n|-start|p2a: Bellibolt|Charge|Moonblast|[from] ability: Electromorphosis\n|\n|-weather|Snow|[upkeep]\n|-heal|p2a: Bellibolt|82\/100|[from] item: Leftovers\n|upkeep\n|turn|10\n|\n|t:|1699693195\n|switch|p2a: Impidimp|Impidimp, M|80\/100\n|move|p1a: Vulpix|Moonblast|p2a: Impidimp\n|-supereffective|p2a: Impidimp\n|-damage|p2a: Impidimp|35\/100\n|\n|-weather|Snow|[upkeep]\n|upkeep\n|turn|11\n|\n|t:|1699693199\n|move|p2a: Impidimp|Light Screen|p2a: Impidimp\n|-sidestart|p2: pogchimp970314|move: Light Screen\n|move|p1a: Vulpix|Moonblast|p2a: Impidimp\n|-supereffective|p2a: Impidimp\n|-damage|p2a: Impidimp|12\/100\n|\n|-weather|Snow|[upkeep]\n|upkeep\n|turn|12\n|\n|t:|1699693203\n|move|p2a: Impidimp|Reflect|p2a: Impidimp\n|-sidestart|p2: pogchimp970314|Reflect\n|move|p1a: Vulpix|Moonblast|p2a: Impidimp\n|-supereffective|p2a: Impidimp\n|-damage|p2a: Impidimp|0 fnt\n|faint|p2a: Impidimp\n|\n|-weather|none\n|-sideend|p1: MopisEdibles|move: Aurora Veil\n|upkeep\n|\n|t:|1699693207\n|switch|p2a: Lilligant|Lilligant-Hisui, F|100\/100\n|turn|13\n|\n|t:|1699693211\n|-terastallize|p2a: Lilligant|Ghost\n|move|p2a: Lilligant|Victory Dance|p2a: Lilligant\n|-boost|p2a: Lilligant|atk|1\n|-boost|p2a: Lilligant|def|1\n|-boost|p2a: Lilligant|spe|1\n|move|p1a: Vulpix|Aurora Veil||[still]\n|-fail|p1a: Vulpix\n|\n|upkeep\n|turn|14\n|\n|t:|1699693215\n|move|p2a: Lilligant|Victory Dance|p2a: Lilligant\n|-boost|p2a: Lilligant|atk|1\n|-boost|p2a: Lilligant|def|1\n|-boost|p2a: Lilligant|spe|1\n|move|p1a: Vulpix|Blizzard|p2a: Lilligant|[miss]\n|-miss|p1a: Vulpix|p2a: Lilligant\n|\n|upkeep\n|turn|15\n|\n|t:|1699693219\n|switch|p1a: Farigiraf|Farigiraf, F, shiny|100\/100\n|move|p2a: Lilligant|Close Combat|p1a: Farigiraf\n|-damage|p1a: Farigiraf|7\/100\n|-unboost|p2a: Lilligant|def|1\n|-unboost|p2a: Lilligant|spd|1\n|\n|upkeep\n|turn|16\n|\n|t:|1699693225\n|move|p2a: Lilligant|Leaf Blade|p1a: Farigiraf\n|-ability|p1a: Farigiraf|Sap Sipper|boost\n|-boost|p1a: Farigiraf|atk|1\n|move|p1a: Farigiraf|Hyper Beam|p2a: Lilligant\n|-immune|p2a: Lilligant\n|\n|upkeep\n|turn|17\n|-message|MopisEdibles forfeited.\n|\n|win|pogchimp970314\n|n|\u2606MopisEdibles|mopisedibles\n|n|\u2606pogchimp970314|pogchimp970314\n|n|*Lady Monita \u263d|ladymonita\n","uploadtime":1699693231,"views":20,"p1id":"mopisedibles","p2id":"pogchimp970314","formatid":"gen9ou","rating":0,"private":0,"password":""}