{"id":"gen9ou-1989350028","p1":"CyrusD","p2":"Violet Mask","format":"[Gen 9] OU","log":"|j|\u2606CyrusD\n|j|\u2606Violet Mask\n|t:|1699839413\n|gametype|singles\n|player|p1|CyrusD|265|1387\n|player|p2|Violet Mask|lucian|1505\n|teamsize|p1|6\n|teamsize|p2|6\n|gen|9\n|tier|[Gen 9] OU\n|rated|\n|rule|Sleep Clause Mod: Limit one foe put to sleep\n|rule|Species Clause: Limit one of each Pok\u00e9mon\n|rule|OHKO Clause: OHKO moves are banned\n|rule|Evasion Items Clause: Evasion items are banned\n|rule|Evasion Moves Clause: Evasion moves are banned\n|rule|Endless Battle Clause: Forcing endless battles is banned\n|rule|HP Percentage Mod: HP is shown in percentages\n|clearpoke\n|poke|p1|Great Tusk|\n|poke|p1|Conkeldurr, F|\n|poke|p1|Samurott-Hisui, F|\n|poke|p1|Rillaboom, F|\n|poke|p1|Tyranitar, M|\n|poke|p1|Jirachi|\n|poke|p2|Pelipper, M|\n|poke|p2|Greninja-*, M|\n|poke|p2|Kilowattrel, M|\n|poke|p2|Basculegion, M|\n|poke|p2|Hoopa-Unbound|\n|poke|p2|Iron Treads|\n|teampreview\n|inactive|Battle timer is ON: inactive players will automatically lose when time's up. (requested by Violet Mask)\n|c|\u2606CyrusD|cool team\n|c|\u2606Violet Mask|ty\n|c|\u2606Violet Mask|u2\n|inactive|Violet Mask has 120 seconds left.\n|\n|t:|1699839450\n|start\n|switch|p1a: Jirachi|Jirachi|100\/100\n|switch|p2a: Hoopa|Hoopa-Unbound|100\/100\n|turn|1\n|\n|t:|1699839471\n|switch|p1a: Samurott|Samurott-Hisui, F|100\/100\n|switch|p2a: Iron Treads|Iron Treads|100\/100\n|-enditem|p2a: Iron Treads|Booster Energy\n|-activate|p2a: Iron Treads|ability: Quark Drive|[fromitem]\n|-start|p2a: Iron Treads|quarkdrivespe\n|\n|upkeep\n|turn|2\n|\n|t:|1699839499\n|move|p2a: Iron Treads|Earthquake|p1a: Samurott\n|-damage|p1a: Samurott|57\/100\n|move|p1a: Samurott|Ceaseless Edge|p2a: Iron Treads\n|-crit|p2a: Iron Treads\n|-damage|p2a: Iron Treads|18\/100\n|-sidestart|p2: Violet Mask|Spikes\n|\n|upkeep\n|turn|3\n|\n|t:|1699839506\n|move|p2a: Iron Treads|Rapid Spin|p1a: Samurott\n|-damage|p1a: Samurott|41\/100\n|-boost|p2a: Iron Treads|spe|1\n|-sideend|p2: Violet Mask|Spikes|[from] move: Rapid Spin|[of] p2a: Iron Treads\n|move|p1a: Samurott|Ceaseless Edge|p2a: Iron Treads\n|-damage|p2a: Iron Treads|0 fnt\n|-sidestart|p2: Violet Mask|Spikes\n|faint|p2a: Iron Treads\n|-end|p2a: Iron Treads|Quark Drive|[silent]\n|\n|upkeep\n|\n|t:|1699839510\n|switch|p2a: Kilowattrel|Kilowattrel, M|100\/100\n|turn|4\n|\n|t:|1699839520\n|switch|p1a: Jirachi|Jirachi|100\/100\n|move|p2a: Kilowattrel|Volt Switch|p1a: Jirachi\n|-damage|p1a: Jirachi|58\/100\n|\n|t:|1699839525\n|switch|p2a: Greninja|Greninja, M|100\/100|[from] Volt Switch\n|-damage|p2a: Greninja|88\/100|[from] Spikes\n|\n|upkeep\n|turn|5\n|\n|t:|1699839532\n|-terastallize|p1a: Jirachi|Bug\n|move|p2a: Greninja|Dark Pulse|p1a: Jirachi\n|-damage|p1a: Jirachi|17\/100\n|-damage|p2a: Greninja|78\/100|[from] item: Life Orb\n|move|p1a: Jirachi|Thunderbolt|p2a: Greninja\n|-supereffective|p2a: Greninja\n|-damage|p2a: Greninja|0 fnt\n|faint|p2a: Greninja\n|-damage|p1a: Jirachi|7\/100|[from] item: Life Orb\n|\n|upkeep\n|\n|t:|1699839538\n|switch|p2a: Kilowattrel|Kilowattrel, M|100\/100\n|turn|6\n|\n|t:|1699839544\n|move|p2a: Kilowattrel|Volt Switch|p1a: Jirachi\n|-damage|p1a: Jirachi|0 fnt\n|faint|p1a: Jirachi\n|\n|t:|1699839547\n|switch|p2a: Hoopa|Hoopa-Unbound|100\/100|[from] Volt Switch\n|-damage|p2a: Hoopa|88\/100|[from] Spikes\n|\n|upkeep\n|\n|t:|1699839567\n|switch|p1a: Samurott|Samurott-Hisui, F|41\/100\n|turn|7\n|\n|t:|1699839571\n|move|p1a: Samurott|Sucker Punch|p2a: Hoopa\n|-damage|p2a: Hoopa|17\/100\n|move|p2a: Hoopa|Drain Punch|p1a: Samurott\n|-supereffective|p1a: Samurott\n|-damage|p1a: Samurott|0 fnt\n|-heal|p2a: Hoopa|42\/100|[from] drain|[of] p1a: Samurott\n|faint|p1a: Samurott\n|\n|upkeep\n|\n|t:|1699839578\n|switch|p1a: Rillaboom|Rillaboom, F|100\/100\n|-fieldstart|move: Grassy Terrain|[from] ability: Grassy Surge|[of] p1a: Rillaboom\n|turn|8\n|c|\u2606Violet Mask|rilla cooks my whole team\n|\n|t:|1699839588\n|move|p1a: Rillaboom|Grassy Glide|p2a: Hoopa\n|-damage|p2a: Hoopa|0 fnt\n|faint|p2a: Hoopa\n|\n|upkeep\n|\n|t:|1699839592\n|switch|p2a: Pelipper|Pelipper, M, shiny|100\/100\n|-weather|RainDance|[from] ability: Drizzle|[of] p2a: Pelipper\n|turn|9\n|c|\u2606CyrusD|its rain so\n|\n|t:|1699839602\n|switch|p1a: Tyranitar|Tyranitar, M|100\/100\n|-weather|Sandstorm|[from] ability: Sand Stream|[of] p1a: Tyranitar\n|move|p2a: Pelipper|U-turn|p1a: Tyranitar\n|-supereffective|p1a: Tyranitar\n|-crit|p1a: Tyranitar\n|-damage|p1a: Tyranitar|83\/100\n|\n|t:|1699839606\n|switch|p2a: Basculegion|Basculegion, M|100\/100|[from] U-turn\n|-damage|p2a: Basculegion|88\/100|[from] Spikes\n|\n|-weather|Sandstorm|[upkeep]\n|-damage|p2a: Basculegion|82\/100|[from] Sandstorm\n|-heal|p2a: Basculegion|88\/100|[from] Grassy Terrain\n|-heal|p1a: Tyranitar|89\/100|[from] Grassy Terrain\n|-heal|p1a: Tyranitar|95\/100|[from] item: Leftovers\n|upkeep\n|turn|10\n|\n|t:|1699839610\n|switch|p1a: Conkeldurr|Conkeldurr, F|100\/100\n|move|p2a: Basculegion|Wave Crash|p1a: Conkeldurr\n|-damage|p1a: Conkeldurr|44\/100\n|-damage|p2a: Basculegion|72\/100|[from] item: Rocky Helmet|[of] p1a: Conkeldurr\n|-damage|p2a: Basculegion|52\/100|[from] Recoil\n|\n|-weather|Sandstorm|[upkeep]\n|-damage|p2a: Basculegion|46\/100|[from] Sandstorm\n|-damage|p1a: Conkeldurr|38\/100|[from] Sandstorm\n|-heal|p2a: Basculegion|52\/100|[from] Grassy Terrain\n|-heal|p1a: Conkeldurr|44\/100|[from] Grassy Terrain\n|upkeep\n|turn|11\n|\n|t:|1699839618\n|switch|p1a: Great Tusk|Great Tusk|100\/100\n|move|p2a: Basculegion|Wave Crash|p1a: Great Tusk\n|-supereffective|p1a: Great Tusk\n|-damage|p1a: Great Tusk|0 fnt\n|-damage|p2a: Basculegion|35\/100|[from] item: Rocky Helmet|[of] p1a: Great Tusk\n|faint|p1a: Great Tusk\n|-end|p1a: Great Tusk|Protosynthesis|[silent]\n|-damage|p2a: Basculegion|2\/100|[from] Recoil\n|\n|-weather|Sandstorm|[upkeep]\n|-damage|p2a: Basculegion|0 fnt|[from] Sandstorm\n|faint|p2a: Basculegion\n|upkeep\n|c|\u2606Violet Mask|rocky again?\n|c|\u2606Violet Mask|lol\n|\n|t:|1699839628\n|switch|p2a: Kilowattrel|Kilowattrel, M|100\/100\n|switch|p1a: Conkeldurr|Conkeldurr, F|44\/100\n|turn|12\n|\n|t:|1699839633\n|move|p2a: Kilowattrel|Hurricane|p1a: Conkeldurr\n|-supereffective|p1a: Conkeldurr\n|-damage|p1a: Conkeldurr|0 fnt\n|faint|p1a: Conkeldurr\n|\n|-weather|Sandstorm|[upkeep]\n|-damage|p2a: Kilowattrel|94\/100|[from] Sandstorm\n|-fieldend|move: Grassy Terrain\n|upkeep\n|\n|t:|1699839639\n|switch|p1a: Tyranitar|Tyranitar, M|95\/100\n|turn|13\n|\n|t:|1699839643\n|switch|p2a: Pelipper|Pelipper, M, shiny|100\/100\n|-weather|RainDance|[from] ability: Drizzle|[of] p2a: Pelipper\n|move|p1a: Tyranitar|Thunder Wave|p2a: Pelipper\n|-status|p2a: Pelipper|par\n|\n|-weather|RainDance|[upkeep]\n|-heal|p1a: Tyranitar|100\/100|[from] item: Leftovers\n|upkeep\n|turn|14\n|\n|t:|1699839650\n|switch|p2a: Kilowattrel|Kilowattrel, M|94\/100\n|move|p1a: Tyranitar|Ice Punch|p2a: Kilowattrel\n|-supereffective|p2a: Kilowattrel\n|-damage|p2a: Kilowattrel|11\/100\n|\n|-weather|RainDance|[upkeep]\n|upkeep\n|turn|15\n|\n|t:|1699839653\n|move|p2a: Kilowattrel|Weather Ball|p1a: Tyranitar\n|-supereffective|p1a: Tyranitar\n|-crit|p1a: Tyranitar\n|-damage|p1a: Tyranitar|0 fnt\n|faint|p1a: Tyranitar\n|\n|-weather|RainDance|[upkeep]\n|upkeep\n|\n|t:|1699839656\n|switch|p1a: Rillaboom|Rillaboom, F|100\/100\n|-fieldstart|move: Grassy Terrain|[from] ability: Grassy Surge|[of] p1a: Rillaboom\n|turn|16\n|\n|t:|1699839659\n|move|p1a: Rillaboom|Grassy Glide|p2a: Kilowattrel\n|-resisted|p2a: Kilowattrel\n|-damage|p2a: Kilowattrel|0 fnt\n|faint|p2a: Kilowattrel\n|\n|-weather|RainDance|[upkeep]\n|upkeep\n|\n|t:|1699839662\n|switch|p2a: Pelipper|Pelipper, M, shiny|100\/100 par\n|turn|17\n|c|\u2606CyrusD|showdown gods\n|c|\u2606CyrusD|bless me\n|\n|t:|1699839670\n|-terastallize|p2a: Pelipper|Grass\n|move|p1a: Rillaboom|Grassy Glide|p2a: Pelipper\n|-resisted|p2a: Pelipper\n|-damage|p2a: Pelipper|78\/100 par\n|move|p2a: Pelipper|Hurricane|p1a: Rillaboom\n|-supereffective|p1a: Rillaboom\n|-damage|p1a: Rillaboom|15\/100\n|\n|-weather|RainDance|[upkeep]\n|-heal|p1a: Rillaboom|21\/100|[from] Grassy Terrain\n|-heal|p2a: Pelipper|84\/100 par|[from] Grassy Terrain\n|upkeep\n|turn|18\n|c|\u2606CyrusD|bro wtf\n|\n|t:|1699839678\n|move|p1a: Rillaboom|Grassy Glide|p2a: Pelipper\n|-resisted|p2a: Pelipper\n|-damage|p2a: Pelipper|61\/100 par\n|cant|p2a: Pelipper|par\n|\n|-weather|RainDance|[upkeep]\n|-heal|p1a: Rillaboom|27\/100|[from] Grassy Terrain\n|-heal|p2a: Pelipper|67\/100 par|[from] Grassy Terrain\n|upkeep\n|turn|19\n|\n|t:|1699839682\n|move|p1a: Rillaboom|Grassy Glide|p2a: Pelipper\n|-resisted|p2a: Pelipper\n|-damage|p2a: Pelipper|46\/100 par\n|move|p2a: Pelipper|Hurricane|p1a: Rillaboom\n|-supereffective|p1a: Rillaboom\n|-damage|p1a: Rillaboom|0 fnt\n|faint|p1a: Rillaboom\n|\n|win|Violet Mask\n|raw|CyrusD's rating: 1387 &rarr; <strong>1374<\/strong><br \/>(-13 for losing)\n|raw|Violet Mask's rating: 1505 &rarr; <strong>1518<\/strong><br \/>(+13 for winning)\n|l|\u2606CyrusD\n|c|\u2606Violet Mask|gg\n","uploadtime":1699839692,"views":7,"p1id":"cyrusd","p2id":"violetmask","formatid":"gen9ou","rating":1374,"private":0,"password":""}