{"id":"gen9ou-1996302276","p1":"ginnettte","p2":"asceofspades","format":"[Gen 9] OU","log":"|j|\u2606ginnettte\n|j|\u2606asceofspades\n|t:|1700669147\n|gametype|singles\n|player|p1|ginnettte|2|1448\n|player|p2|asceofspades|170|1535\n|teamsize|p1|6\n|teamsize|p2|6\n|gen|9\n|tier|[Gen 9] OU\n|rated|\n|rule|Sleep Clause Mod: Limit one foe put to sleep\n|rule|Species Clause: Limit one of each Pok\u00e9mon\n|rule|OHKO Clause: OHKO moves are banned\n|rule|Evasion Items Clause: Evasion items are banned\n|rule|Evasion Moves Clause: Evasion moves are banned\n|rule|Endless Battle Clause: Forcing endless battles is banned\n|rule|HP Percentage Mod: HP is shown in percentages\n|clearpoke\n|poke|p1|Iron Treads|\n|poke|p1|Dragonite, M|\n|poke|p1|Dragapult, M|\n|poke|p1|Enamorus, F|\n|poke|p1|Cinderace, M|\n|poke|p1|Iron Valiant|\n|poke|p2|Grimmsnarl, M|\n|poke|p2|Dragapult, F|\n|poke|p2|Iron Valiant|\n|poke|p2|Kingambit, F|\n|poke|p2|Iron Moth|\n|poke|p2|Rillaboom, M|\n|teampreview\n|inactive|Battle timer is ON: inactive players will automatically lose when time's up. (requested by ginnettte)\n|\n|t:|1700669175\n|start\n|switch|p1a: Iron Treads|Iron Treads|100\/100\n|switch|p2a: Grimmsnarl|Grimmsnarl, M|100\/100\n|-enditem|p1a: Iron Treads|Booster Energy\n|-activate|p1a: Iron Treads|ability: Quark Drive|[fromitem]\n|-start|p1a: Iron Treads|quarkdrivespe\n|turn|1\n|\n|t:|1700669190\n|move|p2a: Grimmsnarl|Parting Shot|p1a: Iron Treads\n|-unboost|p1a: Iron Treads|atk|1\n|-unboost|p1a: Iron Treads|spa|1\n|\n|t:|1700669194\n|switch|p2a: Rillaboom|Rillaboom, M|100\/100|[from] Parting Shot\n|-fieldstart|move: Grassy Terrain|[from] ability: Grassy Surge|[of] p2a: Rillaboom\n|move|p1a: Iron Treads|Steel Beam|p2a: Rillaboom\n|-damage|p2a: Rillaboom|69\/100\n|-damage|p1a: Iron Treads|50\/100|[from] steelbeam\n|\n|-heal|p1a: Iron Treads|57\/100|[from] Grassy Terrain\n|-heal|p2a: Rillaboom|76\/100|[from] Grassy Terrain\n|upkeep\n|turn|2\n|\n|t:|1700669214\n|move|p1a: Iron Treads|Stealth Rock|p2a: Rillaboom\n|-sidestart|p2: asceofspades|move: Stealth Rock\n|move|p2a: Rillaboom|U-turn|p1a: Iron Treads\n|-resisted|p1a: Iron Treads\n|-damage|p1a: Iron Treads|40\/100\n|inactive|asceofspades has 120 seconds left.\n|\n|t:|1700669242\n|switch|p2a: Iron Valiant|Iron Valiant|100\/100|[from] U-turn\n|-damage|p2a: Iron Valiant|94\/100|[from] Stealth Rock\n|-enditem|p2a: Iron Valiant|Booster Energy\n|-activate|p2a: Iron Valiant|ability: Quark Drive|[fromitem]\n|-start|p2a: Iron Valiant|quarkdrivespe\n|\n|-heal|p2a: Iron Valiant|100\/100|[from] Grassy Terrain\n|-heal|p1a: Iron Treads|46\/100|[from] Grassy Terrain\n|upkeep\n|turn|3\n|inactive|asceofspades has 120 seconds left.\n|\n|t:|1700669252\n|move|p2a: Iron Valiant|Encore|p1a: Iron Treads\n|-start|p1a: Iron Treads|Encore\n|move|p1a: Iron Treads|Stealth Rock||[still]\n|-fail|p1a: Iron Treads\n|\n|-heal|p1a: Iron Treads|53\/100|[from] Grassy Terrain\n|upkeep\n|turn|4\n|inactive|asceofspades has 120 seconds left.\n|\n|t:|1700669260\n|-end|p1a: Iron Treads|Quark Drive|[silent]\n|switch|p1a: Cinderace|Cinderace, M|100\/100\n|move|p2a: Iron Valiant|Thunderbolt|p1a: Cinderace\n|-damage|p1a: Cinderace|61\/100\n|\n|-heal|p1a: Cinderace|67\/100|[from] Grassy Terrain\n|upkeep\n|turn|5\n|inactive|asceofspades has 120 seconds left.\n|\n|t:|1700669286\n|move|p2a: Iron Valiant|Close Combat|p1a: Cinderace\n|-damage|p1a: Cinderace|0 fnt\n|-unboost|p2a: Iron Valiant|def|1\n|-unboost|p2a: Iron Valiant|spd|1\n|faint|p1a: Cinderace\n|\n|-fieldend|move: Grassy Terrain\n|upkeep\n|\n|t:|1700669293\n|switch|p1a: Dragonite|Dragonite, M|100\/100\n|turn|6\n|\n|t:|1700669302\n|-terastallize|p1a: Dragonite|Normal\n|move|p1a: Dragonite|Extreme Speed|p2a: Iron Valiant\n|-damage|p2a: Iron Valiant|10\/100\n|move|p2a: Iron Valiant|Moonblast|p1a: Dragonite\n|-damage|p1a: Dragonite|74\/100\n|\n|upkeep\n|turn|7\n|inactive|asceofspades has 120 seconds left.\n|\n|t:|1700669322\n|move|p1a: Dragonite|Extreme Speed|p2a: Iron Valiant\n|-damage|p2a: Iron Valiant|0 fnt\n|faint|p2a: Iron Valiant\n|-end|p2a: Iron Valiant|Quark Drive|[silent]\n|\n|upkeep\n|\n|t:|1700669342\n|switch|p2a: Grimmsnarl|Grimmsnarl, M|100\/100\n|-damage|p2a: Grimmsnarl|88\/100|[from] Stealth Rock\n|turn|8\n|\n|t:|1700669354\n|switch|p1a: Iron Valiant|Iron Valiant|100\/100\n|-enditem|p1a: Iron Valiant|Booster Energy\n|-activate|p1a: Iron Valiant|ability: Quark Drive|[fromitem]\n|-start|p1a: Iron Valiant|quarkdrivespe\n|move|p2a: Grimmsnarl|Reflect|p2a: Grimmsnarl\n|-sidestart|p2: asceofspades|Reflect\n|\n|upkeep\n|turn|9\n|\n|t:|1700669363\n|move|p2a: Grimmsnarl|Light Screen|p2a: Grimmsnarl\n|-sidestart|p2: asceofspades|move: Light Screen\n|move|p1a: Iron Valiant|Moonblast|p2a: Grimmsnarl\n|-supereffective|p2a: Grimmsnarl\n|-damage|p2a: Grimmsnarl|56\/100\n|\n|upkeep\n|turn|10\n|\n|t:|1700669369\n|move|p2a: Grimmsnarl|Parting Shot|p1a: Iron Valiant\n|-unboost|p1a: Iron Valiant|atk|1\n|-unboost|p1a: Iron Valiant|spa|1\n|\n|t:|1700669376\n|switch|p2a: Iron Moth|Iron Moth|100\/100|[from] Parting Shot\n|-damage|p2a: Iron Moth|76\/100|[from] Stealth Rock\n|-enditem|p2a: Iron Moth|Booster Energy\n|-activate|p2a: Iron Moth|ability: Quark Drive|[fromitem]\n|-start|p2a: Iron Moth|quarkdrivespe\n|move|p1a: Iron Valiant|Moonblast|p2a: Iron Moth\n|-resisted|p2a: Iron Moth\n|-damage|p2a: Iron Moth|72\/100\n|\n|upkeep\n|turn|11\n|inactive|asceofspades has 120 seconds left.\n|\n|t:|1700669397\n|move|p1a: Iron Valiant|Destiny Bond|p1a: Iron Valiant\n|-singlemove|p1a: Iron Valiant|Destiny Bond\n|move|p2a: Iron Moth|Fiery Dance|p1a: Iron Valiant\n|-damage|p1a: Iron Valiant|13\/100\n|-boost|p2a: Iron Moth|spa|1\n|\n|upkeep\n|turn|12\n|\n|t:|1700669410\n|-end|p1a: Iron Valiant|Quark Drive|[silent]\n|switch|p1a: Iron Treads|Iron Treads|53\/100\n|move|p2a: Iron Moth|Fiery Dance|p1a: Iron Treads\n|-supereffective|p1a: Iron Treads\n|-damage|p1a: Iron Treads|0 fnt\n|-boost|p2a: Iron Moth|spa|1\n|faint|p1a: Iron Treads\n|-end|p1a: Iron Treads|Quark Drive|[silent]\n|\n|upkeep\n|\n|t:|1700669426\n|switch|p1a: Dragapult|Dragapult, M|100\/100\n|turn|13\n|\n|t:|1700669433\n|move|p2a: Iron Moth|Dazzling Gleam|p1a: Dragapult\n|-supereffective|p1a: Dragapult\n|-enditem|p1a: Dragapult|Focus Sash\n|-damage|p1a: Dragapult|1\/100\n|move|p1a: Dragapult|Dragon Dance|p1a: Dragapult\n|-boost|p1a: Dragapult|atk|1\n|-boost|p1a: Dragapult|spe|1\n|\n|upkeep\n|turn|14\n|inactive|asceofspades has 120 seconds left.\n|\n|t:|1700669471\n|-end|p2a: Iron Moth|Quark Drive|[silent]\n|switch|p2a: Grimmsnarl|Grimmsnarl, M|56\/100\n|-damage|p2a: Grimmsnarl|43\/100|[from] Stealth Rock\n|move|p1a: Dragapult|Dragon Darts|p2a: Grimmsnarl\n|-immune|p2a: Grimmsnarl\n|\n|upkeep\n|turn|15\n|inactive|ginnettte has 120 seconds left.\n|inactive|asceofspades has 90 seconds left.\n|\n|t:|1700669494\n|move|p2a: Grimmsnarl|Parting Shot|p1a: Dragapult\n|-fail|p1a: Dragapult|unboost|[from] ability: Clear Body|[of] p1a: Dragapult\n|move|p1a: Dragapult|Phantom Force||[still]\n|-prepare|p1a: Dragapult|Phantom Force\n|\n|-sideend|p2: asceofspades|Reflect\n|upkeep\n|turn|16\n|inactive|ginnettte has 120 seconds left.\n|\n|t:|1700669519\n|move|p2a: Grimmsnarl|Reflect|p2a: Grimmsnarl\n|-sidestart|p2: asceofspades|Reflect\n|move|p1a: Dragapult|Phantom Force|p2a: Grimmsnarl|[from]lockedmove\n|-resisted|p2a: Grimmsnarl\n|-damage|p2a: Grimmsnarl|22\/100\n|\n|-sideend|p2: asceofspades|move: Light Screen\n|upkeep\n|turn|17\n|\n|t:|1700669530\n|move|p2a: Grimmsnarl|Light Screen|p2a: Grimmsnarl\n|-sidestart|p2: asceofspades|move: Light Screen\n|move|p1a: Dragapult|Phantom Force||[still]\n|-prepare|p1a: Dragapult|Phantom Force\n|\n|upkeep\n|turn|18\n|inactive|ginnettte has 120 seconds left.\n|\n|t:|1700669540\n|move|p1a: Dragapult|Phantom Force|p2a: Grimmsnarl|[from]lockedmove\n|-resisted|p2a: Grimmsnarl\n|-damage|p2a: Grimmsnarl|0 fnt\n|faint|p2a: Grimmsnarl\n|\n|upkeep\n|\n|t:|1700669547\n|switch|p2a: Rillaboom|Rillaboom, M|76\/100\n|-damage|p2a: Rillaboom|63\/100|[from] Stealth Rock\n|-fieldstart|move: Grassy Terrain|[from] ability: Grassy Surge|[of] p2a: Rillaboom\n|turn|19\n|\n|t:|1700669552\n|switch|p1a: Enamorus|Enamorus, F|100\/100\n|move|p2a: Rillaboom|Grassy Glide|p1a: Enamorus\n|-resisted|p1a: Enamorus\n|-damage|p1a: Enamorus|55\/100\n|\n|-heal|p2a: Rillaboom|69\/100|[from] Grassy Terrain\n|upkeep\n|turn|20\n|\n|t:|1700669560\n|-terastallize|p2a: Rillaboom|Grass\n|move|p2a: Rillaboom|Grassy Glide|p1a: Enamorus\n|-resisted|p1a: Enamorus\n|-damage|p1a: Enamorus|0 fnt\n|-start|p2a: Rillaboom|Attract|[from] ability: Cute Charm|[of] p1a: Enamorus\n|faint|p1a: Enamorus\n|-end|p2a: Rillaboom|Attract|[silent]\n|\n|-heal|p2a: Rillaboom|76\/100|[from] Grassy Terrain\n|upkeep\n|-message|ginnettte forfeited.\n|\n|win|asceofspades\n|raw|ginnettte's rating: 1468 &rarr; <strong>1452<\/strong><br \/>(-16 for losing)\n|raw|asceofspades's rating: 1535 &rarr; <strong>1551<\/strong><br \/>(+16 for winning)\n|l|\u2606ginnettte\n","uploadtime":1700669574,"views":2,"p1id":"ginnettte","p2id":"asceofspades","formatid":"gen9ou","rating":1452,"private":0,"password":""}