{"id":"gen9ou-1997445057","p1":"Kc-major","p2":"Cinny69","format":"[Gen 9] OU","log":"|j|\u2606Kc-major\n|j|\u2606Cinny69\n|t:|1700806406\n|gametype|singles\n|player|p1|Kc-major|265|1314\n|player|p2|Cinny69|rika|1333\n|teamsize|p1|6\n|teamsize|p2|6\n|gen|9\n|tier|[Gen 9] OU\n|rated|\n|rule|Sleep Clause Mod: Limit one foe put to sleep\n|rule|Species Clause: Limit one of each Pok\u00e9mon\n|rule|OHKO Clause: OHKO moves are banned\n|rule|Evasion Items Clause: Evasion items are banned\n|rule|Evasion Moves Clause: Evasion moves are banned\n|rule|Endless Battle Clause: Forcing endless battles is banned\n|rule|HP Percentage Mod: HP is shown in percentages\n|clearpoke\n|poke|p1|Garganacl, M|\n|poke|p1|Gholdengo|\n|poke|p1|Ogerpon-Wellspring, F|\n|poke|p1|Zapdos|\n|poke|p1|Great Tusk|\n|poke|p1|Iron Valiant|\n|poke|p2|Torkoal, F|\n|poke|p2|Walking Wake|\n|poke|p2|Lilligant-Hisui, F|\n|poke|p2|Slither Wing|\n|poke|p2|Ninetales, F|\n|poke|p2|Sandy Shocks|\n|teampreview\n|inactive|Battle timer is ON: inactive players will automatically lose when time's up. (requested by Cinny69)\n|\n|t:|1700806436\n|start\n|switch|p1a: Great Tusk|Great Tusk|100\/100\n|switch|p2a: Playtest|Ninetales, F, shiny|100\/100\n|-weather|SunnyDay|[from] ability: Drought|[of] p2a: Playtest\n|-activate|p1a: Great Tusk|ability: Protosynthesis\n|-start|p1a: Great Tusk|protosynthesisatk\n|turn|1\n|\n|t:|1700806456\n|-end|p1a: Great Tusk|Protosynthesis|[silent]\n|switch|p1a: Zapdos|Zapdos|100\/100\n|move|p2a: Playtest|Will-O-Wisp|p1a: Zapdos\n|-status|p1a: Zapdos|brn\n|\n|-weather|SunnyDay|[upkeep]\n|-damage|p1a: Zapdos|94\/100 brn|[from] brn\n|upkeep\n|turn|2\n|\n|t:|1700806466\n|move|p2a: Playtest|Weather Ball|p1a: Zapdos\n|-damage|p1a: Zapdos|40\/100 brn\n|move|p1a: Zapdos|Volt Switch|p2a: Playtest\n|-crit|p2a: Playtest\n|-damage|p2a: Playtest|26\/100\n|\n|t:|1700806476\n|switch|p1a: Ogerpon|Ogerpon-Wellspring, F|100\/100|[from] Volt Switch\n|\n|-weather|SunnyDay|[upkeep]\n|upkeep\n|turn|3\n|\n|t:|1700806481\n|move|p1a: Ogerpon|Ivy Cudgel|p2a: Playtest|[anim] Ivy Cudgel Water\n|-supereffective|p2a: Playtest\n|-damage|p2a: Playtest|0 fnt\n|faint|p2a: Playtest\n|\n|-weather|SunnyDay|[upkeep]\n|upkeep\n|\n|t:|1700806489\n|switch|p2a: Slither Wing|Slither Wing|100\/100\n|-activate|p2a: Slither Wing|ability: Protosynthesis\n|-start|p2a: Slither Wing|protosynthesisatk\n|turn|4\n|\n|t:|1700806495\n|switch|p1a: Zapdos|Zapdos|40\/100 brn\n|move|p2a: Slither Wing|Bulk Up|p2a: Slither Wing\n|-boost|p2a: Slither Wing|atk|1\n|-boost|p2a: Slither Wing|def|1\n|\n|-weather|SunnyDay|[upkeep]\n|-damage|p1a: Zapdos|34\/100 brn|[from] brn\n|upkeep\n|turn|5\n|\n|t:|1700806505\n|-terastallize|p2a: Slither Wing|Fire\n|move|p2a: Slither Wing|Flame Charge|p1a: Zapdos\n|-damage|p1a: Zapdos|0 fnt\n|-boost|p2a: Slither Wing|spe|1\n|faint|p1a: Zapdos\n|\n|-weather|SunnyDay|[upkeep]\n|upkeep\n|\n|t:|1700806512\n|switch|p1a: Great Tusk|Great Tusk|100\/100\n|-activate|p1a: Great Tusk|ability: Protosynthesis\n|-start|p1a: Great Tusk|protosynthesisatk\n|turn|6\n|\n|t:|1700806518\n|move|p2a: Slither Wing|Bulk Up|p2a: Slither Wing\n|-boost|p2a: Slither Wing|atk|1\n|-boost|p2a: Slither Wing|def|1\n|move|p1a: Great Tusk|Knock Off|p2a: Slither Wing\n|-damage|p2a: Slither Wing|54\/100\n|-enditem|p2a: Slither Wing|Charcoal|[from] move: Knock Off|[of] p1a: Great Tusk\n|\n|-weather|SunnyDay|[upkeep]\n|upkeep\n|turn|7\n|\n|t:|1700806528\n|move|p2a: Slither Wing|Close Combat|p1a: Great Tusk\n|-damage|p1a: Great Tusk|0 fnt\n|-unboost|p2a: Slither Wing|def|1\n|-unboost|p2a: Slither Wing|spd|1\n|faint|p1a: Great Tusk\n|-end|p1a: Great Tusk|Protosynthesis|[silent]\n|\n|-weather|SunnyDay|[upkeep]\n|upkeep\n|\n|t:|1700806532\n|switch|p1a: Garganacl|Garganacl, M|100\/100\n|turn|8\n|\n|t:|1700806539\n|-terastallize|p1a: Garganacl|Fairy\n|move|p2a: Slither Wing|Flame Charge|p1a: Garganacl\n|-damage|p1a: Garganacl|42\/100\n|-boost|p2a: Slither Wing|spe|1\n|move|p1a: Garganacl|Salt Cure|p2a: Slither Wing\n|-supereffective|p2a: Slither Wing\n|-damage|p2a: Slither Wing|30\/100\n|-start|p2a: Slither Wing|Salt Cure\n|\n|-weather|none\n|-end|p2a: Slither Wing|Protosynthesis\n|-heal|p1a: Garganacl|48\/100|[from] item: Leftovers\n|-damage|p2a: Slither Wing|18\/100|[from] Salt Cure\n|upkeep\n|turn|9\n|\n|t:|1700806554\n|move|p2a: Slither Wing|Close Combat|p1a: Garganacl\n|-resisted|p1a: Garganacl\n|-damage|p1a: Garganacl|18\/100\n|-unboost|p2a: Slither Wing|def|1\n|-unboost|p2a: Slither Wing|spd|1\n|move|p1a: Garganacl|Recover|p1a: Garganacl\n|-heal|p1a: Garganacl|68\/100\n|\n|-heal|p1a: Garganacl|74\/100|[from] item: Leftovers\n|-damage|p2a: Slither Wing|5\/100|[from] Salt Cure\n|upkeep\n|turn|10\n|\n|t:|1700806565\n|move|p2a: Slither Wing|Flame Charge|p1a: Garganacl\n|-crit|p1a: Garganacl\n|-damage|p1a: Garganacl|20\/100\n|-boost|p2a: Slither Wing|spe|1\n|move|p1a: Garganacl|Recover|p1a: Garganacl\n|-heal|p1a: Garganacl|70\/100\n|\n|-heal|p1a: Garganacl|76\/100|[from] item: Leftovers\n|-damage|p2a: Slither Wing|0 fnt|[from] Salt Cure\n|faint|p2a: Slither Wing\n|-end|p2a: Slither Wing|Protosynthesis|[silent]\n|upkeep\n|\n|t:|1700806583\n|switch|p2a: Torkoal|Torkoal, F|100\/100\n|-weather|SunnyDay|[from] ability: Drought|[of] p2a: Torkoal\n|turn|11\n|\n|t:|1700806589\n|move|p1a: Garganacl|Salt Cure|p2a: Torkoal\n|-supereffective|p2a: Torkoal\n|-damage|p2a: Torkoal|84\/100\n|-start|p2a: Torkoal|Salt Cure\n|move|p2a: Torkoal|Lava Plume|p1a: Garganacl\n|-damage|p1a: Garganacl|44\/100\n|\n|-weather|SunnyDay|[upkeep]\n|-heal|p1a: Garganacl|50\/100|[from] item: Leftovers\n|-damage|p2a: Torkoal|72\/100|[from] Salt Cure\n|upkeep\n|turn|12\n|\n|t:|1700806599\n|move|p1a: Garganacl|Recover|p1a: Garganacl\n|-heal|p1a: Garganacl|99\/100\n|move|p2a: Torkoal|Lava Plume|p1a: Garganacl\n|-damage|p1a: Garganacl|68\/100\n|\n|-weather|SunnyDay|[upkeep]\n|-heal|p1a: Garganacl|74\/100|[from] item: Leftovers\n|-damage|p2a: Torkoal|59\/100|[from] Salt Cure\n|upkeep\n|turn|13\n|\n|t:|1700806609\n|switch|p2a: Lilligant|Lilligant-Hisui, F, shiny|100\/100\n|move|p1a: Garganacl|Salt Cure|p2a: Lilligant\n|-resisted|p2a: Lilligant\n|-damage|p2a: Lilligant|88\/100\n|-start|p2a: Lilligant|Salt Cure\n|\n|-weather|SunnyDay|[upkeep]\n|-heal|p1a: Garganacl|80\/100|[from] item: Leftovers\n|-damage|p2a: Lilligant|76\/100|[from] Salt Cure\n|upkeep\n|turn|14\n|\n|t:|1700806621\n|switch|p1a: Gholdengo|Gholdengo|100\/100\n|-item|p1a: Gholdengo|Air Balloon\n|move|p2a: Lilligant|Swords Dance|p2a: Lilligant\n|-boost|p2a: Lilligant|atk|2\n|\n|-weather|SunnyDay|[upkeep]\n|-damage|p2a: Lilligant|63\/100|[from] Salt Cure\n|upkeep\n|turn|15\n|\n|t:|1700806630\n|move|p2a: Lilligant|Solar Blade||[still]\n|-prepare|p2a: Lilligant|Solar Blade\n|-anim|p2a: Lilligant|Solar Blade|p1a: Gholdengo\n|-resisted|p1a: Gholdengo\n|-damage|p1a: Gholdengo|40\/100\n|-enditem|p1a: Gholdengo|Air Balloon\n|move|p1a: Gholdengo|Make It Rain|p2a: Lilligant\n|-damage|p2a: Lilligant|0 fnt\n|-unboost|p1a: Gholdengo|spa|1\n|faint|p2a: Lilligant\n|\n|-weather|SunnyDay|[upkeep]\n|upkeep\n|\n|t:|1700806646\n|switch|p2a: Sandy Shocks|Sandy Shocks|100\/100\n|-activate|p2a: Sandy Shocks|ability: Protosynthesis\n|-start|p2a: Sandy Shocks|protosynthesisspe\n|turn|16\n|\n|t:|1700806652\n|move|p2a: Sandy Shocks|Thunderbolt|p1a: Gholdengo\n|-damage|p1a: Gholdengo|0 fnt\n|faint|p1a: Gholdengo\n|\n|-weather|SunnyDay|[upkeep]\n|upkeep\n|\n|t:|1700806661\n|switch|p1a: Iron Valiant|Iron Valiant|100\/100\n|-enditem|p1a: Iron Valiant|Booster Energy\n|-activate|p1a: Iron Valiant|ability: Quark Drive|[fromitem]\n|-start|p1a: Iron Valiant|quarkdrivespe\n|turn|17\n|\n|t:|1700806667\n|move|p1a: Iron Valiant|Moonblast|p2a: Sandy Shocks\n|-damage|p2a: Sandy Shocks|40\/100\n|move|p2a: Sandy Shocks|Thunderbolt|p1a: Iron Valiant\n|-damage|p1a: Iron Valiant|0 fnt\n|faint|p1a: Iron Valiant\n|-end|p1a: Iron Valiant|Quark Drive|[silent]\n|\n|-weather|SunnyDay|[upkeep]\n|upkeep\n|\n|t:|1700806675\n|switch|p1a: Garganacl|Garganacl, M, tera:Fairy|80\/100\n|turn|18\n|\n|t:|1700806678\n|move|p2a: Sandy Shocks|Thunderbolt|p1a: Garganacl\n|-damage|p1a: Garganacl|17\/100\n|move|p1a: Garganacl|Recover|p1a: Garganacl\n|-heal|p1a: Garganacl|67\/100\n|\n|-weather|none\n|-end|p2a: Sandy Shocks|Protosynthesis\n|-heal|p1a: Garganacl|73\/100|[from] item: Leftovers\n|upkeep\n|turn|19\n|\n|t:|1700806688\n|switch|p1a: Ogerpon|Ogerpon-Wellspring, F|100\/100\n|move|p2a: Sandy Shocks|Thunderbolt|p1a: Ogerpon\n|-crit|p1a: Ogerpon\n|-damage|p1a: Ogerpon|0 fnt\n|faint|p1a: Ogerpon\n|\n|upkeep\n|-message|Kc-major forfeited.\n|\n|win|Cinny69\n|raw|Kc-major's rating: 1314 &rarr; <strong>1295<\/strong><br \/>(-19 for losing)\n|raw|Cinny69's rating: 1333 &rarr; <strong>1352<\/strong><br \/>(+19 for winning)\n|l|\u2606Kc-major\n","uploadtime":1700806701,"views":2,"p1id":"kcmajor","p2id":"cinny69","formatid":"gen9ou","rating":1295,"private":0,"password":""}