{"id":"gen9ou-1991782664","p1":"shwath","p2":"Wiseblood2707","format":"[Gen 9] OU","log":"|j|\u2606shwath\n|j|\u2606Wiseblood2707\n|t:|1700116402\n|gametype|singles\n|player|p1|shwath|170|1318\n|player|p2|Wiseblood2707|giovanni|1284\n|teamsize|p1|6\n|teamsize|p2|6\n|gen|9\n|tier|[Gen 9] OU\n|rated|\n|rule|Sleep Clause Mod: Limit one foe put to sleep\n|rule|Species Clause: Limit one of each Pok\u00e9mon\n|rule|OHKO Clause: OHKO moves are banned\n|rule|Evasion Items Clause: Evasion items are banned\n|rule|Evasion Moves Clause: Evasion moves are banned\n|rule|Endless Battle Clause: Forcing endless battles is banned\n|rule|HP Percentage Mod: HP is shown in percentages\n|clearpoke\n|poke|p1|Manaphy|\n|poke|p1|Ninetales-Alola, F|\n|poke|p1|Moltres|\n|poke|p1|Great Tusk|\n|poke|p1|Ribombee, F|\n|poke|p1|Ogerpon-Wellspring, F|\n|poke|p2|Kommo-o, F|\n|poke|p2|Ninetales-Alola, F|\n|poke|p2|Great Tusk|\n|poke|p2|Samurott-Hisui, F|\n|poke|p2|Iron Moth|\n|poke|p2|Enamorus, F|\n|teampreview\n|\n|t:|1700116424\n|start\n|switch|p1a: Ribombee|Ribombee, F|100\/100\n|switch|p2a: KillerMoth|Iron Moth|100\/100\n|-enditem|p2a: KillerMoth|Booster Energy\n|-activate|p2a: KillerMoth|ability: Quark Drive|[fromitem]\n|-start|p2a: KillerMoth|quarkdrivespe\n|turn|1\n|\n|t:|1700116432\n|move|p2a: KillerMoth|Substitute|p2a: KillerMoth\n|-start|p2a: KillerMoth|Substitute\n|-damage|p2a: KillerMoth|76\/100\n|move|p1a: Ribombee|Sticky Web|p2a: KillerMoth\n|-sidestart|p2: Wiseblood2707|move: Sticky Web\n|\n|upkeep\n|turn|2\n|\n|t:|1700116453\n|move|p2a: KillerMoth|Fiery Dance|p1a: Ribombee\n|-supereffective|p1a: Ribombee\n|-enditem|p1a: Ribombee|Focus Sash\n|-damage|p1a: Ribombee|1\/100\n|-boost|p2a: KillerMoth|spa|1\n|move|p1a: Ribombee|Moonblast|p2a: KillerMoth\n|-resisted|p2a: KillerMoth\n|-activate|p2a: KillerMoth|move: Substitute|[damage]\n|\n|upkeep\n|turn|3\n|\n|t:|1700116462\n|switch|p1a: Moltres|Moltres, shiny|100\/100\n|move|p2a: KillerMoth|Fiery Dance|p1a: Moltres\n|-resisted|p1a: Moltres\n|-damage|p1a: Moltres|70\/100\n|\n|upkeep\n|turn|4\n|\n|t:|1700116468\n|move|p2a: KillerMoth|Sludge Wave|p1a: Moltres\n|-damage|p1a: Moltres|0 fnt\n|faint|p1a: Moltres\n|\n|upkeep\n|\n|t:|1700116472\n|switch|p1a: Great Tusk|Great Tusk|100\/100\n|-enditem|p1a: Great Tusk|Booster Energy\n|-activate|p1a: Great Tusk|ability: Protosynthesis|[fromitem]\n|-start|p1a: Great Tusk|protosynthesisatk\n|turn|5\n|\n|t:|1700116488\n|-terastallize|p2a: KillerMoth|Fairy\n|move|p2a: KillerMoth|Dazzling Gleam|p1a: Great Tusk\n|-supereffective|p1a: Great Tusk\n|-damage|p1a: Great Tusk|0 fnt\n|faint|p1a: Great Tusk\n|-end|p1a: Great Tusk|Protosynthesis|[silent]\n|\n|upkeep\n|\n|t:|1700116495\n|switch|p1a: Ninetales|Ninetales-Alola, F, shiny|100\/100\n|-weather|Snow|[from] ability: Snow Warning|[of] p1a: Ninetales\n|turn|6\n|\n|t:|1700116499\n|move|p2a: KillerMoth|Sludge Wave|p1a: Ninetales\n|-supereffective|p1a: Ninetales\n|-damage|p1a: Ninetales|0 fnt\n|faint|p1a: Ninetales\n|\n|-weather|Snow|[upkeep]\n|upkeep\n|\n|t:|1700116502\n|switch|p1a: Ogerpon|Ogerpon-Wellspring, F|100\/100\n|turn|7\n|\n|t:|1700116506\n|move|p2a: KillerMoth|Sludge Wave|p1a: Ogerpon\n|-supereffective|p1a: Ogerpon\n|-damage|p1a: Ogerpon|0 fnt\n|faint|p1a: Ogerpon\n|\n|-weather|Snow|[upkeep]\n|upkeep\n|-message|shwath forfeited.\n|\n|win|Wiseblood2707\n|raw|shwath's rating: 1318 &rarr; <strong>1296<\/strong><br \/>(-22 for losing)\n|raw|Wiseblood2707's rating: 1284 &rarr; <strong>1311<\/strong><br \/>(+27 for winning)\n|l|\u2606shwath\n","uploadtime":1700116516,"views":11,"p1id":"shwath","p2id":"wiseblood2707","formatid":"gen9ou","rating":1296,"private":0,"password":""}