{"id":"gen9ou-1992120263","p1":"Ryuuguu","p2":"Vixen 4 Life","format":"[Gen 9] OU","log":"|j|\u2606Ryuuguu\n|j|\u2606Vixen 4 Life\n|t:|1700156740\n|gametype|singles\n|player|p1|Ryuuguu|102|1270\n|player|p2|Vixen 4 Life|penny|1207\n|teamsize|p1|6\n|teamsize|p2|6\n|gen|9\n|tier|[Gen 9] OU\n|rated|\n|rule|Sleep Clause Mod: Limit one foe put to sleep\n|rule|Species Clause: Limit one of each Pok\u00e9mon\n|rule|OHKO Clause: OHKO moves are banned\n|rule|Evasion Items Clause: Evasion items are banned\n|rule|Evasion Moves Clause: Evasion moves are banned\n|rule|Endless Battle Clause: Forcing endless battles is banned\n|rule|HP Percentage Mod: HP is shown in percentages\n|clearpoke\n|poke|p1|Blissey, F|\n|poke|p1|Corviknight, F|\n|poke|p1|Clodsire, M|\n|poke|p1|Slowking, F|\n|poke|p1|Toxapex, M|\n|poke|p1|Ogerpon-Wellspring, F|\n|poke|p2|Overqwil, F|\n|poke|p2|Sinistcha-Masterpiece|\n|poke|p2|Volcanion|\n|poke|p2|Eelektross, F|\n|poke|p2|Dragalge, M|\n|poke|p2|Krookodile, M|\n|teampreview\n|inactive|Battle timer is ON: inactive players will automatically lose when time's up. (requested by Ryuuguu)\n|\n|t:|1700156752\n|start\n|switch|p1a: Ogerpon|Ogerpon-Wellspring, F|100\/100\n|switch|p2a: Krookodile|Krookodile, M|100\/100\n|-ability|p2a: Krookodile|Intimidate|boost\n|-unboost|p1a: Ogerpon|atk|1\n|turn|1\n|\n|t:|1700156760\n|switch|p1a: Corviknight|Corviknight, F, shiny|100\/100\n|-ability|p1a: Corviknight|Pressure\n|switch|p2a: Overqwil|Overqwil, F|100\/100\n|-ability|p2a: Overqwil|Intimidate|boost\n|-unboost|p1a: Corviknight|atk|1\n|\n|upkeep\n|turn|2\n|\n|t:|1700156771\n|move|p1a: Corviknight|Iron Defense|p1a: Corviknight\n|-boost|p1a: Corviknight|def|2\n|move|p2a: Overqwil|Toxic Spikes|p1a: Corviknight\n|-sidestart|p1: Ryuuguu|move: Toxic Spikes\n|\n|upkeep\n|turn|3\n|\n|t:|1700156779\n|switch|p2a: Sinistcha|Sinistcha-Masterpiece|100\/100\n|move|p1a: Corviknight|Iron Defense|p1a: Corviknight\n|-boost|p1a: Corviknight|def|2\n|\n|upkeep\n|turn|4\n|\n|t:|1700156785\n|move|p2a: Sinistcha|Matcha Gotcha|p1a: Corviknight\n|-resisted|p1a: Corviknight\n|-damage|p1a: Corviknight|91\/100\n|move|p1a: Corviknight|Defog|p2a: Sinistcha\n|-unboost|p2a: Sinistcha|evasion|1\n|-sideend|p1: Ryuuguu|Toxic Spikes|[from] move: Defog|[of] p1a: Corviknight\n|\n|upkeep\n|turn|5\n|\n|t:|1700156794\n|move|p2a: Sinistcha|Matcha Gotcha|p1a: Corviknight\n|-resisted|p1a: Corviknight\n|-damage|p1a: Corviknight|81\/100\n|move|p1a: Corviknight|Iron Defense|p1a: Corviknight\n|-boost|p1a: Corviknight|def|2\n|\n|upkeep\n|turn|6\n|\n|t:|1700156799\n|move|p2a: Sinistcha|Matcha Gotcha|p1a: Corviknight\n|-resisted|p1a: Corviknight\n|-damage|p1a: Corviknight|73\/100\n|-status|p1a: Corviknight|brn\n|move|p1a: Corviknight|Iron Defense|p1a: Corviknight\n|-boost|p1a: Corviknight|def|0\n|\n|-damage|p1a: Corviknight|67\/100 brn|[from] brn\n|upkeep\n|turn|7\n|\n|t:|1700156806\n|move|p2a: Sinistcha|Calm Mind|p2a: Sinistcha\n|-boost|p2a: Sinistcha|spa|1\n|-boost|p2a: Sinistcha|spd|1\n|move|p1a: Corviknight|Iron Defense|p1a: Corviknight\n|-boost|p1a: Corviknight|def|0\n|\n|-damage|p1a: Corviknight|60\/100 brn|[from] brn\n|upkeep\n|turn|8\n|\n|t:|1700156818\n|switch|p1a: Toxapex|Toxapex, M, shiny|100\/100\n|move|p2a: Sinistcha|Shadow Ball|p1a: Toxapex\n|-damage|p1a: Toxapex|59\/100\n|\n|-heal|p1a: Toxapex|65\/100|[from] item: Leftovers\n|upkeep\n|turn|9\n|\n|t:|1700156821\n|switch|p2a: Dragalge|Dragalge, M|100\/100\n|move|p1a: Toxapex|Haze|p1a: Toxapex\n|-clearallboost\n|\n|-heal|p1a: Toxapex|71\/100|[from] item: Leftovers\n|upkeep\n|turn|10\n|\n|t:|1700156828\n|switch|p1a: Corviknight|Corviknight, F, shiny|60\/100 brn\n|-ability|p1a: Corviknight|Pressure\n|move|p2a: Dragalge|Flip Turn|p1a: Corviknight\n|-damage|p1a: Corviknight|54\/100 brn\n|-damage|p2a: Dragalge|84\/100|[from] item: Rocky Helmet|[of] p1a: Corviknight\n|\n|t:|1700156834\n|switch|p2a: Eelektross|Eelektross, F|100\/100|[from] Flip Turn\n|\n|-damage|p1a: Corviknight|48\/100 brn|[from] brn\n|upkeep\n|turn|11\n|\n|t:|1700156841\n|switch|p1a: Clodsire|Clodsire, M, shiny|100\/100\n|move|p2a: Eelektross|Knock Off|p1a: Clodsire\n|-damage|p1a: Clodsire|78\/100\n|-enditem|p1a: Clodsire|Leftovers|[from] move: Knock Off|[of] p2a: Eelektross\n|\n|upkeep\n|turn|12\n|\n|t:|1700156870\n|switch|p2a: Krookodile|Krookodile, M|100\/100\n|-ability|p2a: Krookodile|Intimidate|boost\n|-unboost|p1a: Clodsire|atk|1\n|move|p1a: Clodsire|Stealth Rock|p2a: Krookodile\n|-sidestart|p2: Vixen 4 Life|move: Stealth Rock\n|\n|upkeep\n|turn|13\n|inactive|Vixen 4 Life has 120 seconds left.\n|inactive|Vixen 4 Life has 90 seconds left.\n|inactive|Vixen 4 Life has 60 seconds left.\n|\n|t:|1700156975\n|switch|p1a: Corviknight|Corviknight, F, shiny|48\/100 brn\n|-ability|p1a: Corviknight|Pressure\n|move|p2a: Krookodile|Roar|p1a: Corviknight\n|drag|p1a: Slowking|Slowking, F|100\/100\n|\n|upkeep\n|turn|14\n|\n|t:|1700156988\n|move|p2a: Krookodile|Knock Off|p1a: Slowking\n|-supereffective|p1a: Slowking\n|-damage|p1a: Slowking|21\/100\n|-enditem|p1a: Slowking|Assault Vest|[from] move: Knock Off|[of] p2a: Krookodile\n|move|p1a: Slowking|Surf|p2a: Krookodile\n|-supereffective|p2a: Krookodile\n|-damage|p2a: Krookodile|27\/100\n|\n|upkeep\n|turn|15\n|c|\u2606Vixen 4 Life|Sorry, can we please not do timer? Im kinda working while playing lmao\n|\n|t:|1700157001\n|switch|p1a: Corviknight|Corviknight, F, shiny|48\/100 brn\n|-ability|p1a: Corviknight|Pressure\n|move|p2a: Krookodile|Roar|p1a: Corviknight\n|drag|p1a: Toxapex|Toxapex, M, shiny|100\/100\n|\n|upkeep\n|turn|16\n|\n|t:|1700157004\n|move|p2a: Krookodile|Earthquake|p1a: Toxapex\n|-supereffective|p1a: Toxapex\n|-damage|p1a: Toxapex|47\/100\n|move|p1a: Toxapex|Surf|p2a: Krookodile\n|-supereffective|p2a: Krookodile\n|-damage|p2a: Krookodile|0 fnt\n|faint|p2a: Krookodile\n|\n|-heal|p1a: Toxapex|53\/100|[from] item: Leftovers\n|upkeep\n|\n|t:|1700157010\n|switch|p2a: Volcanion|Volcanion|100\/100\n|turn|17\n|\n|t:|1700157018\n|move|p2a: Volcanion|Earth Power|p1a: Toxapex\n|-supereffective|p1a: Toxapex\n|-damage|p1a: Toxapex|12\/100\n|-unboost|p1a: Toxapex|spd|1\n|move|p1a: Toxapex|Toxic|p2a: Volcanion\n|-status|p2a: Volcanion|tox\n|\n|-heal|p1a: Toxapex|18\/100|[from] item: Leftovers\n|-damage|p2a: Volcanion|94\/100 tox|[from] psn\n|upkeep\n|turn|18\n|inactive|Vixen 4 Life has 60 seconds left.\n|\n|t:|1700157033\n|switch|p1a: Slowking|Slowking, F|54\/100\n|move|p2a: Volcanion|Steam Eruption|p1a: Slowking\n|-resisted|p1a: Slowking\n|-damage|p1a: Slowking|39\/100\n|\n|-damage|p2a: Volcanion|82\/100 tox|[from] psn\n|upkeep\n|turn|19\n|inactive|Vixen 4 Life has 60 seconds left.\n|\n|t:|1700157047\n|switch|p1a: Toxapex|Toxapex, M, shiny|51\/100\n|move|p2a: Volcanion|Sludge Bomb|p1a: Toxapex\n|-resisted|p1a: Toxapex\n|-damage|p1a: Toxapex|41\/100\n|\n|-heal|p1a: Toxapex|48\/100|[from] item: Leftovers\n|-damage|p2a: Volcanion|64\/100 tox|[from] psn\n|upkeep\n|turn|20\n|\n|t:|1700157050\n|switch|p1a: Slowking|Slowking, F|73\/100\n|move|p2a: Volcanion|Earth Power|p1a: Slowking\n|-damage|p1a: Slowking|56\/100\n|\n|-damage|p2a: Volcanion|40\/100 tox|[from] psn\n|upkeep\n|turn|21\n|\n|t:|1700157053\n|switch|p2a: Sinistcha|Sinistcha-Masterpiece|100\/100\n|-damage|p2a: Sinistcha|88\/100|[from] Stealth Rock\n|move|p1a: Slowking|Future Sight|p2a: Sinistcha\n|-start|p1a: Slowking|move: Future Sight\n|\n|-heal|p2a: Sinistcha|94\/100|[from] item: Leftovers\n|upkeep\n|turn|22\n|inactive|Ryuuguu has 120 seconds left.\n|inactive|Vixen 4 Life has 60 seconds left.\n|\n|t:|1700157109\n|switch|p1a: Toxapex|Toxapex, M, shiny|81\/100\n|move|p2a: Sinistcha|Matcha Gotcha|p1a: Toxapex\n|-damage|p1a: Toxapex|55\/100\n|-heal|p2a: Sinistcha|100\/100|[from] drain|[of] p1a: Toxapex\n|\n|-heal|p1a: Toxapex|61\/100|[from] item: Leftovers\n|upkeep\n|turn|23\n|\n|t:|1700157116\n|switch|p2a: Overqwil|Overqwil, F|100\/100\n|-damage|p2a: Overqwil|88\/100|[from] Stealth Rock\n|-ability|p2a: Overqwil|Intimidate|boost\n|-unboost|p1a: Toxapex|atk|1\n|move|p1a: Toxapex|Toxic|p2a: Overqwil\n|-immune|p2a: Overqwil\n|\n|-end|p2a: Overqwil|move: Future Sight\n|-immune|p2a: Overqwil\n|-heal|p2a: Overqwil|94\/100|[from] item: Leftovers\n|-heal|p1a: Toxapex|67\/100|[from] item: Leftovers\n|upkeep\n|turn|24\n|\n|t:|1700157124\n|switch|p1a: Corviknight|Corviknight, F, shiny|48\/100 brn\n|-ability|p1a: Corviknight|Pressure\n|move|p2a: Overqwil|Crunch|p1a: Corviknight\n|-damage|p1a: Corviknight|28\/100 brn\n|-damage|p2a: Overqwil|78\/100|[from] item: Rocky Helmet|[of] p1a: Corviknight\n|\n|-heal|p2a: Overqwil|84\/100|[from] item: Leftovers\n|-damage|p1a: Corviknight|22\/100 brn|[from] brn\n|upkeep\n|turn|25\n|inactive|Vixen 4 Life has 60 seconds left.\n|\n|t:|1700157132\n|move|p1a: Corviknight|Roost|p1a: Corviknight\n|-heal|p1a: Corviknight|72\/100 brn\n|-singleturn|p1a: Corviknight|move: Roost\n|move|p2a: Overqwil|Crunch|p1a: Corviknight\n|-damage|p1a: Corviknight|51\/100 brn\n|-damage|p2a: Overqwil|67\/100|[from] item: Rocky Helmet|[of] p1a: Corviknight\n|\n|-heal|p2a: Overqwil|73\/100|[from] item: Leftovers\n|-damage|p1a: Corviknight|45\/100 brn|[from] brn\n|upkeep\n|turn|26\n|\n|t:|1700157137\n|switch|p2a: Eelektross|Eelektross, F|100\/100\n|-damage|p2a: Eelektross|88\/100|[from] Stealth Rock\n|move|p1a: Corviknight|Roost|p1a: Corviknight\n|-heal|p1a: Corviknight|95\/100 brn\n|-singleturn|p1a: Corviknight|move: Roost\n|\n|-damage|p1a: Corviknight|89\/100 brn|[from] brn\n|upkeep\n|turn|27\n|\n|t:|1700157144\n|switch|p1a: Clodsire|Clodsire, M, shiny|78\/100\n|move|p2a: Eelektross|Giga Drain|p1a: Clodsire\n|-damage|p1a: Clodsire|64\/100\n|-heal|p2a: Eelektross|95\/100|[from] drain|[of] p1a: Clodsire\n|\n|upkeep\n|turn|28\n|\n|t:|1700157149\n|-terastallize|p2a: Eelektross|Poison\n|move|p2a: Eelektross|Knock Off|p1a: Clodsire\n|-damage|p1a: Clodsire|50\/100\n|move|p1a: Clodsire|Recover|p1a: Clodsire\n|-heal|p1a: Clodsire|99\/100\n|\n|upkeep\n|turn|29\n|\n|t:|1700157155\n|move|p2a: Eelektross|Giga Drain|p1a: Clodsire\n|-damage|p1a: Clodsire|86\/100\n|-heal|p2a: Eelektross|100\/100|[from] drain|[of] p1a: Clodsire\n|move|p1a: Clodsire|Poison Jab|p2a: Eelektross\n|-resisted|p2a: Eelektross\n|-damage|p2a: Eelektross|90\/100\n|\n|upkeep\n|turn|30\n|\n|t:|1700157162\n|move|p2a: Eelektross|Giga Drain|p1a: Clodsire\n|-damage|p1a: Clodsire|73\/100\n|-heal|p2a: Eelektross|96\/100|[from] drain|[of] p1a: Clodsire\n|move|p1a: Clodsire|Poison Jab|p2a: Eelektross\n|-resisted|p2a: Eelektross\n|-damage|p2a: Eelektross|84\/100\n|\n|upkeep\n|turn|31\n|\n|t:|1700157165\n|move|p2a: Eelektross|Giga Drain|p1a: Clodsire\n|-damage|p1a: Clodsire|60\/100\n|-heal|p2a: Eelektross|91\/100|[from] drain|[of] p1a: Clodsire\n|move|p1a: Clodsire|Poison Jab|p2a: Eelektross\n|-resisted|p2a: Eelektross\n|-damage|p2a: Eelektross|79\/100\n|\n|upkeep\n|turn|32\n|\n|t:|1700157170\n|move|p2a: Eelektross|Giga Drain|p1a: Clodsire\n|-damage|p1a: Clodsire|47\/100\n|-heal|p2a: Eelektross|86\/100|[from] drain|[of] p1a: Clodsire\n|move|p1a: Clodsire|Recover|p1a: Clodsire\n|-heal|p1a: Clodsire|98\/100\n|\n|upkeep\n|turn|33\n|\n|t:|1700157175\n|move|p2a: Eelektross|Flamethrower|p1a: Clodsire\n|-damage|p1a: Clodsire|83\/100\n|move|p1a: Clodsire|Poison Jab|p2a: Eelektross\n|-resisted|p2a: Eelektross\n|-crit|p2a: Eelektross\n|-damage|p2a: Eelektross|68\/100\n|\n|upkeep\n|turn|34\n|\n|t:|1700157178\n|move|p2a: Eelektross|Giga Drain|p1a: Clodsire\n|-damage|p1a: Clodsire|70\/100\n|-heal|p2a: Eelektross|75\/100|[from] drain|[of] p1a: Clodsire\n|move|p1a: Clodsire|Poison Jab|p2a: Eelektross\n|-resisted|p2a: Eelektross\n|-damage|p2a: Eelektross|64\/100\n|\n|upkeep\n|turn|35\n|\n|t:|1700157182\n|move|p2a: Eelektross|Flamethrower|p1a: Clodsire\n|-damage|p1a: Clodsire|52\/100\n|-status|p1a: Clodsire|brn\n|move|p1a: Clodsire|Poison Jab|p2a: Eelektross\n|-resisted|p2a: Eelektross\n|-crit|p2a: Eelektross\n|-damage|p2a: Eelektross|56\/100\n|\n|-damage|p1a: Clodsire|46\/100 brn|[from] brn\n|upkeep\n|turn|36\n|\n|t:|1700157185\n|move|p2a: Eelektross|Giga Drain|p1a: Clodsire\n|-damage|p1a: Clodsire|33\/100 brn\n|-heal|p2a: Eelektross|63\/100|[from] drain|[of] p1a: Clodsire\n|move|p1a: Clodsire|Recover|p1a: Clodsire\n|-heal|p1a: Clodsire|83\/100 brn\n|\n|-damage|p1a: Clodsire|77\/100 brn|[from] brn\n|upkeep\n|turn|37\n|\n|t:|1700157191\n|move|p2a: Eelektross|Giga Drain|p1a: Clodsire\n|-damage|p1a: Clodsire|64\/100 brn\n|-heal|p2a: Eelektross|69\/100|[from] drain|[of] p1a: Clodsire\n|move|p1a: Clodsire|Poison Jab|p2a: Eelektross\n|-resisted|p2a: Eelektross\n|-damage|p2a: Eelektross|64\/100\n|\n|-damage|p1a: Clodsire|58\/100 brn|[from] brn\n|upkeep\n|turn|38\n|\n|t:|1700157194\n|move|p2a: Eelektross|Giga Drain|p1a: Clodsire\n|-damage|p1a: Clodsire|44\/100 brn\n|-heal|p2a: Eelektross|71\/100|[from] drain|[of] p1a: Clodsire\n|move|p1a: Clodsire|Poison Jab|p2a: Eelektross\n|-resisted|p2a: Eelektross\n|-damage|p2a: Eelektross|65\/100\n|\n|-damage|p1a: Clodsire|38\/100 brn|[from] brn\n|upkeep\n|turn|39\n|\n|t:|1700157197\n|move|p2a: Eelektross|Giga Drain|p1a: Clodsire\n|-damage|p1a: Clodsire|25\/100 brn\n|-heal|p2a: Eelektross|72\/100|[from] drain|[of] p1a: Clodsire\n|move|p1a: Clodsire|Recover|p1a: Clodsire\n|-heal|p1a: Clodsire|75\/100 brn\n|\n|-damage|p1a: Clodsire|69\/100 brn|[from] brn\n|upkeep\n|turn|40\n|\n|t:|1700157200\n|move|p2a: Eelektross|Giga Drain|p1a: Clodsire\n|-damage|p1a: Clodsire|55\/100 brn\n|-heal|p2a: Eelektross|79\/100|[from] drain|[of] p1a: Clodsire\n|move|p1a: Clodsire|Poison Jab|p2a: Eelektross\n|-resisted|p2a: Eelektross\n|-damage|p2a: Eelektross|73\/100\n|\n|-damage|p1a: Clodsire|49\/100 brn|[from] brn\n|upkeep\n|turn|41\n|\n|t:|1700157202\n|move|p2a: Eelektross|Giga Drain|p1a: Clodsire\n|-damage|p1a: Clodsire|36\/100 brn\n|-heal|p2a: Eelektross|80\/100|[from] drain|[of] p1a: Clodsire\n|move|p1a: Clodsire|Recover|p1a: Clodsire\n|-heal|p1a: Clodsire|87\/100 brn\n|\n|-damage|p1a: Clodsire|80\/100 brn|[from] brn\n|upkeep\n|turn|42\n|\n|t:|1700157206\n|move|p2a: Eelektross|Giga Drain|p1a: Clodsire\n|-damage|p1a: Clodsire|68\/100 brn\n|-heal|p2a: Eelektross|87\/100|[from] drain|[of] p1a: Clodsire\n|move|p1a: Clodsire|Poison Jab|p2a: Eelektross\n|-resisted|p2a: Eelektross\n|-damage|p2a: Eelektross|82\/100\n|\n|-damage|p1a: Clodsire|61\/100 brn|[from] brn\n|upkeep\n|turn|43\n|\n|t:|1700157209\n|move|p2a: Eelektross|Giga Drain|p1a: Clodsire\n|-damage|p1a: Clodsire|47\/100 brn\n|-heal|p2a: Eelektross|89\/100|[from] drain|[of] p1a: Clodsire\n|move|p1a: Clodsire|Poison Jab|p2a: Eelektross\n|-resisted|p2a: Eelektross\n|-damage|p2a: Eelektross|84\/100\n|\n|-damage|p1a: Clodsire|41\/100 brn|[from] brn\n|upkeep\n|turn|44\n|\n|t:|1700157213\n|move|p2a: Eelektross|Giga Drain|p1a: Clodsire\n|-damage|p1a: Clodsire|29\/100 brn\n|-heal|p2a: Eelektross|90\/100|[from] drain|[of] p1a: Clodsire\n|move|p1a: Clodsire|Recover|p1a: Clodsire\n|-heal|p1a: Clodsire|79\/100 brn\n|\n|-damage|p1a: Clodsire|73\/100 brn|[from] brn\n|upkeep\n|turn|45\n|\n|t:|1700157218\n|move|p2a: Eelektross|Giga Drain|p1a: Clodsire\n|-damage|p1a: Clodsire|60\/100 brn\n|-heal|p2a: Eelektross|97\/100|[from] drain|[of] p1a: Clodsire\n|move|p1a: Clodsire|Poison Jab|p2a: Eelektross\n|-resisted|p2a: Eelektross\n|-damage|p2a: Eelektross|91\/100\n|\n|-damage|p1a: Clodsire|54\/100 brn|[from] brn\n|upkeep\n|turn|46\n|\n|t:|1700157221\n|move|p2a: Eelektross|Flamethrower|p1a: Clodsire\n|-damage|p1a: Clodsire|37\/100 brn\n|move|p1a: Clodsire|Poison Jab|p2a: Eelektross\n|-resisted|p2a: Eelektross\n|-damage|p2a: Eelektross|86\/100\n|\n|-damage|p1a: Clodsire|31\/100 brn|[from] brn\n|upkeep\n|turn|47\n|\n|t:|1700157226\n|move|p2a: Eelektross|Flamethrower|p1a: Clodsire\n|-damage|p1a: Clodsire|14\/100 brn\n|move|p1a: Clodsire|Recover|p1a: Clodsire\n|-heal|p1a: Clodsire|64\/100 brn\n|\n|-damage|p1a: Clodsire|58\/100 brn|[from] brn\n|upkeep\n|turn|48\n|\n|t:|1700157230\n|move|p2a: Eelektross|Flamethrower|p1a: Clodsire\n|-damage|p1a: Clodsire|41\/100 brn\n|move|p1a: Clodsire|Recover|p1a: Clodsire\n|-heal|p1a: Clodsire|91\/100 brn\n|\n|-damage|p1a: Clodsire|85\/100 brn|[from] brn\n|upkeep\n|turn|49\n|\n|t:|1700157234\n|switch|p1a: Slowking|Slowking, F|89\/100\n|move|p2a: Eelektross|Flamethrower|p1a: Slowking\n|-resisted|p1a: Slowking\n|-damage|p1a: Slowking|82\/100\n|\n|upkeep\n|turn|50\n|\n|t:|1700157235\n|move|p2a: Eelektross|Volt Switch|p1a: Slowking\n|-supereffective|p1a: Slowking\n|-damage|p1a: Slowking|51\/100\n|\n|t:|1700157239\n|switch|p2a: Overqwil|Overqwil, F|73\/100|[from] Volt Switch\n|-damage|p2a: Overqwil|61\/100|[from] Stealth Rock\n|-ability|p2a: Overqwil|Intimidate|boost\n|-unboost|p1a: Slowking|atk|1\n|move|p1a: Slowking|Future Sight|p2a: Overqwil\n|-start|p1a: Slowking|move: Future Sight\n|\n|-heal|p2a: Overqwil|67\/100|[from] item: Leftovers\n|upkeep\n|turn|51\n|\n|t:|1700157247\n|switch|p2a: Eelektross|Eelektross, F, tera:Poison|86\/100\n|-damage|p2a: Eelektross|73\/100|[from] Stealth Rock\n|switch|p1a: Corviknight|Corviknight, F, shiny|89\/100 brn\n|-ability|p1a: Corviknight|Pressure\n|\n|-damage|p1a: Corviknight|83\/100 brn|[from] brn\n|upkeep\n|turn|52\n|\n|t:|1700157263\n|switch|p1a: Clodsire|Clodsire, M, shiny|85\/100 brn\n|switch|p2a: Sinistcha|Sinistcha-Masterpiece|100\/100\n|-damage|p2a: Sinistcha|88\/100|[from] Stealth Rock\n|\n|-end|p2a: Sinistcha|move: Future Sight\n|-damage|p2a: Sinistcha|38\/100\n|-heal|p2a: Sinistcha|44\/100|[from] item: Leftovers\n|-damage|p1a: Clodsire|79\/100 brn|[from] brn\n|upkeep\n|turn|53\n|\n|t:|1700157273\n|move|p2a: Sinistcha|Strength Sap|p1a: Clodsire\n|-unboost|p1a: Clodsire|atk|1\n|-heal|p2a: Sinistcha|98\/100\n|move|p1a: Clodsire|Poison Jab|p2a: Sinistcha\n|-damage|p2a: Sinistcha|92\/100\n|\n|-heal|p2a: Sinistcha|98\/100|[from] item: Leftovers\n|-damage|p1a: Clodsire|72\/100 brn|[from] brn\n|upkeep\n|turn|54\n|\n|t:|1700157284\n|switch|p1a: Blissey|Blissey, F|100\/100\n|move|p2a: Sinistcha|Calm Mind|p2a: Sinistcha\n|-boost|p2a: Sinistcha|spa|1\n|-boost|p2a: Sinistcha|spd|1\n|\n|-heal|p2a: Sinistcha|100\/100|[from] item: Leftovers\n|upkeep\n|turn|55\n|\n|t:|1700157290\n|move|p2a: Sinistcha|Matcha Gotcha|p1a: Blissey\n|-damage|p1a: Blissey|84\/100\n|move|p1a: Blissey|Shadow Ball|p2a: Sinistcha\n|-supereffective|p2a: Sinistcha\n|-damage|p2a: Sinistcha|77\/100\n|\n|-heal|p2a: Sinistcha|83\/100|[from] item: Leftovers\n|upkeep\n|turn|56\n|\n|t:|1700157306\n|switch|p1a: Toxapex|Toxapex, M, shiny|100\/100\n|move|p2a: Sinistcha|Calm Mind|p2a: Sinistcha\n|-boost|p2a: Sinistcha|spa|1\n|-boost|p2a: Sinistcha|spd|1\n|\n|-heal|p2a: Sinistcha|89\/100|[from] item: Leftovers\n|upkeep\n|turn|57\n|\n|t:|1700157308\n|move|p2a: Sinistcha|Matcha Gotcha|p1a: Toxapex|[miss]\n|-miss|p2a: Sinistcha|p1a: Toxapex\n|move|p1a: Toxapex|Haze|p1a: Toxapex\n|-clearallboost\n|\n|-heal|p2a: Sinistcha|95\/100|[from] item: Leftovers\n|upkeep\n|turn|58\n|\n|t:|1700157316\n|switch|p2a: Overqwil|Overqwil, F|67\/100\n|-damage|p2a: Overqwil|55\/100|[from] Stealth Rock\n|-ability|p2a: Overqwil|Intimidate|boost\n|-unboost|p1a: Toxapex|atk|1\n|move|p1a: Toxapex|Toxic|p2a: Overqwil\n|-immune|p2a: Overqwil\n|\n|-heal|p2a: Overqwil|61\/100|[from] item: Leftovers\n|upkeep\n|turn|59\n|inactive|Vixen 4 Life has 120 seconds left.\n|\n|t:|1700157371\n|move|p2a: Overqwil|Toxic Spikes|p1a: Toxapex\n|-sidestart|p1: Ryuuguu|move: Toxic Spikes\n|move|p1a: Toxapex|Surf|p2a: Overqwil\n|-damage|p2a: Overqwil|43\/100\n|\n|-heal|p2a: Overqwil|49\/100|[from] item: Leftovers\n|upkeep\n|turn|60\n|\n|t:|1700157377\n|switch|p2a: Dragalge|Dragalge, M|84\/100\n|-damage|p2a: Dragalge|72\/100|[from] Stealth Rock\n|move|p1a: Toxapex|Surf|p2a: Dragalge\n|-resisted|p2a: Dragalge\n|-damage|p2a: Dragalge|66\/100\n|\n|upkeep\n|turn|61\n|\n|t:|1700157385\n|switch|p1a: Clodsire|Clodsire, M, shiny|72\/100 brn\n|-sideend|p1: Ryuuguu|move: Toxic Spikes|[of] p1a: Clodsire\n|move|p2a: Dragalge|Flip Turn|p1a: Clodsire\n|-heal|p1a: Clodsire|97\/100 brn|[from] ability: Water Absorb|[of] p2a: Dragalge\n|\n|-damage|p1a: Clodsire|91\/100 brn|[from] brn\n|upkeep\n|turn|62\n|\n|t:|1700157392\n|switch|p2a: Eelektross|Eelektross, F, tera:Poison|73\/100\n|-damage|p2a: Eelektross|61\/100|[from] Stealth Rock\n|switch|p1a: Toxapex|Toxapex, M, shiny|100\/100\n|\n|upkeep\n|turn|63\n|\n|t:|1700157403\n|switch|p1a: Slowking|Slowking, F|85\/100\n|move|p2a: Eelektross|Volt Switch|p1a: Slowking\n|-supereffective|p1a: Slowking\n|-damage|p1a: Slowking|54\/100\n|\n|t:|1700157409\n|switch|p2a: Dragalge|Dragalge, M|66\/100|[from] Volt Switch\n|-damage|p2a: Dragalge|54\/100|[from] Stealth Rock\n|\n|upkeep\n|turn|64\n|\n|t:|1700157422\n|switch|p1a: Clodsire|Clodsire, M, shiny|91\/100 brn\n|move|p2a: Dragalge|Dragon Pulse|p1a: Clodsire\n|-damage|p1a: Clodsire|62\/100 brn\n|\n|-damage|p1a: Clodsire|56\/100 brn|[from] brn\n|upkeep\n|turn|65\n|\n|t:|1700157428\n|switch|p2a: Eelektross|Eelektross, F, tera:Poison|61\/100\n|-damage|p2a: Eelektross|49\/100|[from] Stealth Rock\n|switch|p1a: Toxapex|Toxapex, M, shiny|100\/100\n|\n|upkeep\n|turn|66\n|\n|t:|1700157434\n|move|p2a: Eelektross|Knock Off|p1a: Toxapex\n|-damage|p1a: Toxapex|83\/100\n|-enditem|p1a: Toxapex|Leftovers|[from] move: Knock Off|[of] p2a: Eelektross\n|move|p1a: Toxapex|Surf|p2a: Eelektross\n|-damage|p2a: Eelektross|38\/100\n|\n|upkeep\n|turn|67\n|\n|t:|1700157439\n|move|p2a: Eelektross|Flamethrower|p1a: Toxapex\n|-resisted|p1a: Toxapex\n|-damage|p1a: Toxapex|74\/100\n|move|p1a: Toxapex|Surf|p2a: Eelektross\n|-damage|p2a: Eelektross|28\/100\n|\n|upkeep\n|turn|68\n|\n|t:|1700157444\n|move|p2a: Eelektross|Flamethrower|p1a: Toxapex\n|-resisted|p1a: Toxapex\n|-damage|p1a: Toxapex|64\/100\n|move|p1a: Toxapex|Surf|p2a: Eelektross\n|-damage|p2a: Eelektross|17\/100\n|\n|upkeep\n|turn|69\n|\n|t:|1700157447\n|move|p2a: Eelektross|Volt Switch|p1a: Toxapex\n|-supereffective|p1a: Toxapex\n|-damage|p1a: Toxapex|21\/100\n|\n|t:|1700157451\n|switch|p2a: Dragalge|Dragalge, M|54\/100|[from] Volt Switch\n|-damage|p2a: Dragalge|42\/100|[from] Stealth Rock\n|move|p1a: Toxapex|Surf|p2a: Dragalge\n|-resisted|p2a: Dragalge\n|-damage|p2a: Dragalge|37\/100\n|\n|upkeep\n|turn|70\n|\n|t:|1700157457\n|switch|p1a: Slowking|Slowking, F|87\/100\n|move|p2a: Dragalge|Focus Blast|p1a: Slowking|[miss]\n|-miss|p2a: Dragalge|p1a: Slowking\n|\n|upkeep\n|turn|71\n|\n|t:|1700157462\n|move|p2a: Dragalge|Flip Turn|p1a: Slowking\n|-resisted|p1a: Slowking\n|-crit|p1a: Slowking\n|-damage|p1a: Slowking|80\/100\n|\n|t:|1700157464\n|switch|p2a: Overqwil|Overqwil, F|49\/100|[from] Flip Turn\n|-damage|p2a: Overqwil|37\/100|[from] Stealth Rock\n|-ability|p2a: Overqwil|Intimidate|boost\n|-unboost|p1a: Slowking|atk|1\n|move|p1a: Slowking|Ice Beam|p2a: Overqwil\n|-damage|p2a: Overqwil|15\/100\n|\n|-heal|p2a: Overqwil|22\/100|[from] item: Leftovers\n|upkeep\n|turn|72\n|inactive|Vixen 4 Life has 120 seconds left.\n|\n|t:|1700157501\n|switch|p1a: Toxapex|Toxapex, M, shiny|54\/100\n|move|p2a: Overqwil|Toxic Spikes|p1a: Toxapex\n|-sidestart|p1: Ryuuguu|move: Toxic Spikes\n|\n|-heal|p2a: Overqwil|28\/100|[from] item: Leftovers\n|upkeep\n|turn|73\n|inactive|Ryuuguu has 120 seconds left.\n|inactive|Ryuuguu has 90 seconds left.\n|\n|t:|1700157566\n|switch|p1a: Corviknight|Corviknight, F, shiny|83\/100 brn\n|-ability|p1a: Corviknight|Pressure\n|move|p2a: Overqwil|Crunch|p1a: Corviknight\n|-damage|p1a: Corviknight|63\/100 brn\n|-damage|p2a: Overqwil|11\/100|[from] item: Rocky Helmet|[of] p1a: Corviknight\n|\n|-heal|p2a: Overqwil|17\/100|[from] item: Leftovers\n|-damage|p1a: Corviknight|57\/100 brn|[from] brn\n|upkeep\n|turn|74\n|inactive|Vixen 4 Life has 120 seconds left.\n|inactive|Vixen 4 Life has 90 seconds left.\n|\n|t:|1700157621\n|move|p1a: Corviknight|Roost|p1a: Corviknight\n|-heal|p1a: Corviknight|100\/100 brn\n|-singleturn|p1a: Corviknight|move: Roost\n|move|p2a: Overqwil|Crunch|p1a: Corviknight\n|-crit|p1a: Corviknight\n|-damage|p1a: Corviknight|73\/100 brn\n|-damage|p2a: Overqwil|1\/100|[from] item: Rocky Helmet|[of] p1a: Corviknight\n|\n|-heal|p2a: Overqwil|7\/100|[from] item: Leftovers\n|-damage|p1a: Corviknight|67\/100 brn|[from] brn\n|upkeep\n|turn|75\n|\n|t:|1700157630\n|move|p1a: Corviknight|Roost|p1a: Corviknight\n|-heal|p1a: Corviknight|100\/100 brn\n|-singleturn|p1a: Corviknight|move: Roost\n|move|p2a: Overqwil|Crunch|p1a: Corviknight\n|-damage|p1a: Corviknight|80\/100 brn\n|-damage|p2a: Overqwil|0 fnt|[from] item: Rocky Helmet|[of] p1a: Corviknight\n|faint|p2a: Overqwil\n|\n|-damage|p1a: Corviknight|74\/100 brn|[from] brn\n|upkeep\n|inactive|Vixen 4 Life has 90 seconds left.\n|inactive|Vixen 4 Life has 60 seconds left.\n|\n|t:|1700157679\n|switch|p2a: Eelektross|Eelektross, F, tera:Poison|17\/100\n|-damage|p2a: Eelektross|5\/100|[from] Stealth Rock\n|turn|76\n|\n|t:|1700157692\n|switch|p1a: Toxapex|Toxapex, M, shiny|87\/100\n|-sideend|p1: Ryuuguu|move: Toxic Spikes|[of] p1a: Toxapex\n|move|p2a: Eelektross|Flamethrower|p1a: Toxapex\n|-resisted|p1a: Toxapex\n|-damage|p1a: Toxapex|78\/100\n|\n|upkeep\n|turn|77\n|\n|t:|1700157697\n|move|p2a: Eelektross|Volt Switch|p1a: Toxapex\n|-supereffective|p1a: Toxapex\n|-damage|p1a: Toxapex|37\/100\n|\n|t:|1700157701\n|switch|p2a: Sinistcha|Sinistcha-Masterpiece|95\/100|[from] Volt Switch\n|-damage|p2a: Sinistcha|83\/100|[from] Stealth Rock\n|move|p1a: Toxapex|Surf|p2a: Sinistcha\n|-resisted|p2a: Sinistcha\n|-damage|p2a: Sinistcha|72\/100\n|\n|-heal|p2a: Sinistcha|78\/100|[from] item: Leftovers\n|upkeep\n|turn|78\n|\n|t:|1700157706\n|move|p2a: Sinistcha|Matcha Gotcha|p1a: Toxapex\n|-crit|p1a: Toxapex\n|-damage|p1a: Toxapex|0 fnt\n|-heal|p2a: Sinistcha|94\/100|[from] drain|[of] p1a: Toxapex\n|faint|p1a: Toxapex\n|\n|-heal|p2a: Sinistcha|99\/100|[from] item: Leftovers\n|upkeep\n|\n|t:|1700157716\n|switch|p1a: Ogerpon|Ogerpon-Wellspring, F|100\/100\n|turn|79\n|\n|t:|1700157722\n|move|p1a: Ogerpon|U-turn|p2a: Sinistcha\n|-damage|p2a: Sinistcha|77\/100\n|\n|t:|1700157725\n|switch|p1a: Blissey|Blissey, F|84\/100|[from] U-turn\n|move|p2a: Sinistcha|Strength Sap|p1a: Blissey\n|-unboost|p1a: Blissey|atk|1\n|-heal|p2a: Sinistcha|83\/100\n|\n|-heal|p2a: Sinistcha|89\/100|[from] item: Leftovers\n|upkeep\n|turn|80\n|\n|t:|1700157732\n|move|p2a: Sinistcha|Calm Mind|p2a: Sinistcha\n|-boost|p2a: Sinistcha|spa|1\n|-boost|p2a: Sinistcha|spd|1\n|move|p1a: Blissey|Shadow Ball|p2a: Sinistcha\n|-supereffective|p2a: Sinistcha\n|-damage|p2a: Sinistcha|67\/100\n|\n|-heal|p2a: Sinistcha|73\/100|[from] item: Leftovers\n|upkeep\n|turn|81\n|\n|t:|1700157736\n|move|p2a: Sinistcha|Calm Mind|p2a: Sinistcha\n|-boost|p2a: Sinistcha|spa|1\n|-boost|p2a: Sinistcha|spd|1\n|move|p1a: Blissey|Shadow Ball|p2a: Sinistcha\n|-supereffective|p2a: Sinistcha\n|-damage|p2a: Sinistcha|57\/100\n|\n|-heal|p2a: Sinistcha|63\/100|[from] item: Leftovers\n|upkeep\n|turn|82\n|\n|t:|1700157743\n|move|p2a: Sinistcha|Matcha Gotcha|p1a: Blissey\n|-damage|p1a: Blissey|60\/100\n|-heal|p2a: Sinistcha|85\/100|[from] drain|[of] p1a: Blissey\n|move|p1a: Blissey|Shadow Ball|p2a: Sinistcha\n|-supereffective|p2a: Sinistcha\n|-damage|p2a: Sinistcha|68\/100\n|\n|-heal|p2a: Sinistcha|74\/100|[from] item: Leftovers\n|upkeep\n|turn|83\n|\n|t:|1700157748\n|move|p2a: Sinistcha|Calm Mind|p2a: Sinistcha\n|-boost|p2a: Sinistcha|spa|1\n|-boost|p2a: Sinistcha|spd|1\n|move|p1a: Blissey|Shadow Ball|p2a: Sinistcha\n|-supereffective|p2a: Sinistcha\n|-damage|p2a: Sinistcha|61\/100\n|\n|-heal|p2a: Sinistcha|67\/100|[from] item: Leftovers\n|upkeep\n|turn|84\n|\n|t:|1700157751\n|move|p2a: Sinistcha|Calm Mind|p2a: Sinistcha\n|-boost|p2a: Sinistcha|spa|1\n|-boost|p2a: Sinistcha|spd|1\n|move|p1a: Blissey|Shadow Ball|p2a: Sinistcha\n|-supereffective|p2a: Sinistcha\n|-damage|p2a: Sinistcha|55\/100\n|\n|-heal|p2a: Sinistcha|61\/100|[from] item: Leftovers\n|upkeep\n|turn|85\n|\n|t:|1700157755\n|move|p2a: Sinistcha|Matcha Gotcha|p1a: Blissey\n|-damage|p1a: Blissey|24\/100\n|-heal|p2a: Sinistcha|95\/100|[from] drain|[of] p1a: Blissey\n|move|p1a: Blissey|Soft-Boiled|p1a: Blissey\n|-heal|p1a: Blissey|74\/100\n|\n|-heal|p2a: Sinistcha|100\/100|[from] item: Leftovers\n|upkeep\n|turn|86\n|\n|t:|1700157760\n|move|p2a: Sinistcha|Calm Mind|p2a: Sinistcha\n|-boost|p2a: Sinistcha|spa|1\n|-boost|p2a: Sinistcha|spd|1\n|move|p1a: Blissey|Shadow Ball|p2a: Sinistcha\n|-supereffective|p2a: Sinistcha\n|-damage|p2a: Sinistcha|91\/100\n|\n|-heal|p2a: Sinistcha|97\/100|[from] item: Leftovers\n|upkeep\n|turn|87\n|\n|t:|1700157762\n|move|p2a: Sinistcha|Matcha Gotcha|p1a: Blissey\n|-damage|p1a: Blissey|36\/100\n|-heal|p2a: Sinistcha|100\/100|[from] drain|[of] p1a: Blissey\n|move|p1a: Blissey|Shadow Ball|p2a: Sinistcha\n|-supereffective|p2a: Sinistcha\n|-damage|p2a: Sinistcha|90\/100\n|-unboost|p2a: Sinistcha|spd|1\n|\n|-heal|p2a: Sinistcha|96\/100|[from] item: Leftovers\n|upkeep\n|turn|88\n|\n|t:|1700157765\n|move|p2a: Sinistcha|Matcha Gotcha|p1a: Blissey\n|-damage|p1a: Blissey|0 fnt\n|-heal|p2a: Sinistcha|100\/100|[from] drain|[of] p1a: Blissey\n|faint|p1a: Blissey\n|\n|upkeep\n|c|\u2606Vixen 4 Life|Its joever\n|\n|t:|1700157773\n|switch|p1a: Ogerpon|Ogerpon-Wellspring, F|100\/100\n|turn|89\n|\n|t:|1700157782\n|-terastallize|p1a: Ogerpon|Water\n|detailschange|p1a: Ogerpon|Ogerpon-Wellspring-Tera, F, tera:Water\n|-ability|p1a: Ogerpon|Embody Aspect (Wellspring)|boost\n|-boost|p1a: Ogerpon|spd|1\n|move|p1a: Ogerpon|Ivy Cudgel|p2a: Sinistcha|[anim] Ivy Cudgel Water\n|-resisted|p2a: Sinistcha\n|-damage|p2a: Sinistcha|69\/100\n|move|p2a: Sinistcha|Shadow Ball|p1a: Ogerpon\n|-damage|p1a: Ogerpon|3\/100\n|-unboost|p1a: Ogerpon|spd|1\n|\n|-heal|p2a: Sinistcha|75\/100|[from] item: Leftovers\n|upkeep\n|turn|90\n|\n|t:|1700157788\n|move|p1a: Ogerpon|Ivy Cudgel|p2a: Sinistcha|[anim] Ivy Cudgel Water\n|-resisted|p2a: Sinistcha\n|-damage|p2a: Sinistcha|44\/100\n|move|p2a: Sinistcha|Strength Sap|p1a: Ogerpon\n|-unboost|p1a: Ogerpon|atk|1\n|-heal|p2a: Sinistcha|100\/100\n|\n|upkeep\n|turn|91\n|\n|t:|1700157792\n|move|p1a: Ogerpon|Ivy Cudgel|p2a: Sinistcha|[anim] Ivy Cudgel Water\n|-resisted|p2a: Sinistcha\n|-damage|p2a: Sinistcha|79\/100\n|move|p2a: Sinistcha|Shadow Ball|p1a: Ogerpon\n|-damage|p1a: Ogerpon|0 fnt\n|faint|p1a: Ogerpon\n|\n|-heal|p2a: Sinistcha|85\/100|[from] item: Leftovers\n|upkeep\n|c|\u2606Vixen 4 Life|GGS\n|\n|t:|1700157798\n|switch|p1a: Corviknight|Corviknight, F, shiny|74\/100 brn\n|-ability|p1a: Corviknight|Pressure\n|turn|92\n|-message|Ryuuguu forfeited.\n|\n|win|Vixen 4 Life\n|raw|Ryuuguu's rating: 1270 &rarr; <strong>1241<\/strong><br \/>(-29 for losing)\n|raw|Vixen 4 Life's rating: 1207 &rarr; <strong>1236<\/strong><br \/>(+29 for winning)\n|l|\u2606Ryuuguu\n","uploadtime":1700157807,"views":9,"p1id":"ryuuguu","p2id":"vixen4life","formatid":"gen9ou","rating":1236,"private":0,"password":""}