{"id":"gen9ou-1996970095","p1":"RSstar","p2":"Silly Croco","format":"[Gen 9] OU","log":"|j|\u2606RSstar\n|j|\u2606Silly Croco\n|t:|1700750978\n|gametype|singles\n|player|p1|RSstar|drayden|\n|player|p2|Silly Croco|alec-anime|\n|teamsize|p1|6\n|teamsize|p2|6\n|gen|9\n|tier|[Gen 9] OU\n|rule|Sleep Clause Mod: Limit one foe put to sleep\n|rule|Species Clause: Limit one of each Pok\u00e9mon\n|rule|OHKO Clause: OHKO moves are banned\n|rule|Evasion Items Clause: Evasion items are banned\n|rule|Evasion Moves Clause: Evasion moves are banned\n|rule|Endless Battle Clause: Forcing endless battles is banned\n|rule|HP Percentage Mod: HP is shown in percentages\n|clearpoke\n|poke|p1|Ogerpon-Cornerstone, F|\n|poke|p1|Corviknight, M|\n|poke|p1|Enamorus, F|\n|poke|p1|Walking Wake|\n|poke|p1|Skeledirge, M|\n|poke|p1|Lokix, F|\n|poke|p2|Zapdos|\n|poke|p2|Heatran, F|\n|poke|p2|Great Tusk|\n|poke|p2|Rillaboom, F|\n|poke|p2|Weavile, M|\n|poke|p2|Manaphy|\n|teampreview\n|c|\u2606Silly Croco|sorry I was looking at discord\n|c|\u2606RSstar|The blue devil has returned...\n|c|\u2606Silly Croco|true\n|\n|t:|1700751045\n|start\n|switch|p1a: Ogerpon|Ogerpon-Cornerstone, F|100\/100\n|switch|p2a: Weavile|Weavile, M|100\/100\n|-ability|p2a: Weavile|Pressure\n|turn|1\n|\n|t:|1700751058\n|-terastallize|p2a: Weavile|Ice\n|move|p2a: Weavile|Icicle Spear|p1a: Ogerpon\n|-supereffective|p1a: Ogerpon\n|-damage|p1a: Ogerpon|57\/100\n|-supereffective|p1a: Ogerpon\n|-crit|p1a: Ogerpon\n|-damage|p1a: Ogerpon|0 fnt\n|faint|p1a: Ogerpon\n|-hitcount|p1: Ogerpon|2\n|\n|upkeep\n|c|\u2606Silly Croco|ok\n|c|\u2606Silly Croco|that was\n|c|\u2606Silly Croco|overkill\n|c|\u2606Silly Croco|lol\n|c|\u2606Silly Croco|I forgor rock does not resist ice\n|inactive|Battle timer is ON: inactive players will automatically lose when time's up. (requested by Silly Croco)\n|c|\u2606RSstar|Bro im lagging so hard\n|c|\u2606Silly Croco|POV: school wifi\n|c|\u2606RSstar|For no reason straight as soon as you used ice spear my screen froze wtf\n|\n|t:|1700751127\n|switch|p1a: The Knight|Corviknight, M, shiny|100\/100\n|-ability|p1a: The Knight|Pressure\n|turn|2\n|\n|t:|1700751136\n|switch|p2a: Zapdos|Zapdos|100\/100\n|move|p1a: The Knight|Brave Bird|p2a: Zapdos\n|-resisted|p2a: Zapdos\n|-damage|p2a: Zapdos|83\/100\n|-damage|p1a: The Knight|95\/100|[from] Recoil\n|\n|upkeep\n|turn|3\n|\n|t:|1700751150\n|move|p2a: Zapdos|Volt Switch|p1a: The Knight\n|-supereffective|p1a: The Knight\n|-damage|p1a: The Knight|42\/100\n|\n|t:|1700751165\n|switch|p2a: Heatran|Heatran, F|100\/100|[from] Volt Switch\n|move|p1a: The Knight|U-turn|p2a: Heatran\n|-resisted|p2a: Heatran\n|-damage|p2a: Heatran|98\/100\n|\n|t:|1700751175\n|switch|p1a: Enamorus|Enamorus, F|100\/100|[from] U-turn\n|\n|-heal|p2a: Heatran|100\/100|[from] item: Leftovers\n|upkeep\n|turn|4\n|inactive|Silly Croco has 270 seconds left.\n|\n|t:|1700751207\n|switch|p2a: Zapdos|Zapdos|83\/100\n|move|p1a: Enamorus|Earth Power|p2a: Zapdos\n|-immune|p2a: Zapdos\n|\n|upkeep\n|turn|5\n|inactive|RSstar has 270 seconds left.\n|\n|t:|1700751254\n|switch|p1a: Walking Wake|Walking Wake|100\/100\n|move|p2a: Zapdos|Volt Switch|p1a: Walking Wake\n|-damage|p1a: Walking Wake|68\/100\n|inactive|Silly Croco has 270 seconds left.\n|inactive|Silly Croco has 240 seconds left.\n|\n|t:|1700751321\n|switch|p2a: Weavile|Weavile, M, tera:Ice|100\/100|[from] Volt Switch\n|-ability|p2a: Weavile|Pressure\n|\n|upkeep\n|turn|6\n|\n|t:|1700751327\n|-end|p1a: Walking Wake|Protosynthesis|[silent]\n|switch|p1a: The Knight|Corviknight, M, shiny|42\/100\n|-ability|p1a: The Knight|Pressure\n|move|p2a: Weavile|Icicle Spear|p1a: The Knight\n|-damage|p1a: The Knight|32\/100\n|-damage|p1a: The Knight|21\/100\n|-damage|p1a: The Knight|11\/100\n|-damage|p1a: The Knight|0 fnt\n|faint|p1a: The Knight\n|-hitcount|p1: The Knight|4\n|\n|upkeep\n|c|\u2606Silly Croco|weavile is so strong\n|\n|t:|1700751342\n|switch|p1a: Lokix|Lokix, F|100\/100\n|turn|7\n|c|\u2606Silly Croco|I know its adaptability boosted\n|c|\u2606Silly Croco|but still\n|\n|t:|1700751363\n|switch|p2a: Zapdos|Zapdos|83\/100\n|move|p1a: Lokix|Knock Off|p2a: Zapdos\n|-damage|p2a: Zapdos|24\/100\n|-enditem|p2a: Zapdos|Heavy-Duty Boots|[from] move: Knock Off|[of] p1a: Lokix\n|-damage|p1a: Lokix|91\/100|[from] item: Life Orb\n|\n|upkeep\n|turn|8\n|\n|t:|1700751381\n|move|p2a: Zapdos|Roost|p2a: Zapdos\n|-heal|p2a: Zapdos|74\/100\n|-singleturn|p2a: Zapdos|move: Roost\n|move|p1a: Lokix|Knock Off|p2a: Zapdos\n|-damage|p2a: Zapdos|39\/100\n|-damage|p1a: Lokix|81\/100|[from] item: Life Orb\n|\n|upkeep\n|turn|9\n|\n|t:|1700751394\n|move|p1a: Lokix|Sucker Punch||[still]\n|-fail|p1a: Lokix\n|move|p2a: Zapdos|Roost|p2a: Zapdos\n|-heal|p2a: Zapdos|89\/100\n|-singleturn|p2a: Zapdos|move: Roost\n|\n|upkeep\n|turn|10\n|c|\u2606Silly Croco|you're taking a big risk here\n|\n|t:|1700751408\n|switch|p1a: Walking Wake|Walking Wake|68\/100\n|move|p2a: Zapdos|Heat Wave|p1a: Walking Wake\n|-resisted|p1a: Walking Wake\n|-damage|p1a: Walking Wake|61\/100\n|\n|upkeep\n|turn|11\n|inactive|Silly Croco has 210 seconds left.\n|\n|t:|1700751449\n|switch|p2a: Heatran|Heatran, F|100\/100\n|move|p1a: Walking Wake|Draco Meteor|p2a: Heatran\n|-resisted|p2a: Heatran\n|-damage|p2a: Heatran|72\/100\n|-unboost|p1a: Walking Wake|spa|2\n|\n|-heal|p2a: Heatran|78\/100|[from] item: Leftovers\n|upkeep\n|turn|12\n|inactive|Silly Croco has 180 seconds left.\n|\n|t:|1700751477\n|-end|p1a: Walking Wake|Protosynthesis|[silent]\n|switch|p1a: Enamorus|Enamorus, F|100\/100\n|move|p2a: Heatran|Magma Storm|p1a: Enamorus\n|-damage|p1a: Enamorus|35\/100\n|-activate|p1a: Enamorus|move: Magma Storm|[of] p2a: Heatran\n|\n|-heal|p2a: Heatran|84\/100|[from] item: Leftovers\n|-damage|p1a: Enamorus|23\/100|[from] move: Magma Storm|[partiallytrapped]\n|upkeep\n|turn|13\n|inactive|Silly Croco has 180 seconds left.\n|\n|t:|1700751488\n|move|p2a: Heatran|Protect|p2a: Heatran\n|-singleturn|p2a: Heatran|Protect\n|move|p1a: Enamorus|Earth Power|p2a: Heatran\n|-activate|p2a: Heatran|move: Protect\n|\n|-heal|p2a: Heatran|91\/100|[from] item: Leftovers\n|-damage|p1a: Enamorus|10\/100|[from] move: Magma Storm|[partiallytrapped]\n|upkeep\n|turn|14\n|inactive|Silly Croco has 180 seconds left.\n|\n|t:|1700751502\n|move|p2a: Heatran|Protect||[still]\n|-fail|p2a: Heatran\n|move|p1a: Enamorus|Earth Power|p2a: Heatran\n|-supereffective|p2a: Heatran\n|-damage|p2a: Heatran|0 fnt\n|faint|p2a: Heatran\n|-damage|p1a: Enamorus|0 fnt|[from] item: Life Orb\n|faint|p1a: Enamorus\n|\n|upkeep\n|\n|t:|1700751518\n|switch|p1a: Lokix|Lokix, F|81\/100\n|switch|p2a: Weavile|Weavile, M, tera:Ice|100\/100\n|-ability|p2a: Weavile|Pressure\n|turn|15\n|inactive|Silly Croco has 180 seconds left.\n|\n|t:|1700751547\n|move|p1a: Lokix|First Impression|p2a: Weavile\n|-damage|p2a: Weavile|10\/100\n|-damage|p1a: Lokix|71\/100|[from] item: Life Orb\n|move|p2a: Weavile|Icicle Spear|p1a: Lokix\n|-damage|p1a: Lokix|47\/100\n|-damage|p1a: Lokix|24\/100\n|-damage|p1a: Lokix|0 fnt\n|faint|p1a: Lokix\n|-hitcount|p1: Lokix|3\n|\n|upkeep\n|l|\u2606RSstar\n|inactive|RSstar disconnected and has 300 seconds to reconnect!\n|player|p1|\n|inactiveoff|Battle timer is now OFF.\n|j|\u2606RSstar\n|player|p1|RSstar|drayden\n|\n|t:|1700751666\n|switch|p1a: Skeledirge|Skeledirge, M|100\/100\n|turn|16\n|c|\u2606Silly Croco|wb\n|\n|t:|1700751708\n|move|p2a: Weavile|Knock Off|p1a: Skeledirge\n|-supereffective|p1a: Skeledirge\n|-damage|p1a: Skeledirge|26\/100\n|-enditem|p1a: Skeledirge|Leftovers|[from] move: Knock Off|[of] p2a: Weavile\n|move|p1a: Skeledirge|Torch Song|p2a: Weavile\n|-supereffective|p2a: Weavile\n|-damage|p2a: Weavile|0 fnt\n|-boost|p1a: Skeledirge|spa|1\n|faint|p2a: Weavile\n|\n|upkeep\n|\n|t:|1700751727\n|switch|p2a: Manaphy|Manaphy|100\/100\n|turn|17\n|\n|t:|1700751746\n|move|p2a: Manaphy|Scald|p1a: Skeledirge\n|-supereffective|p1a: Skeledirge\n|-damage|p1a: Skeledirge|0 fnt\n|faint|p1a: Skeledirge\n|\n|upkeep\n|\n|t:|1700751752\n|switch|p1a: Walking Wake|Walking Wake|61\/100\n|turn|18\n|\n|t:|1700751769\n|move|p1a: Walking Wake|Hydro Pump|p2a: Manaphy\n|-resisted|p2a: Manaphy\n|-damage|p2a: Manaphy|56\/100\n|move|p2a: Manaphy|Grass Knot|p1a: Walking Wake\n|-damage|p1a: Walking Wake|19\/100\n|\n|upkeep\n|turn|19\n|c|\u2606Silly Croco|ggs\n|c|\u2606RSstar|Gg\n|\n|t:|1700751788\n|move|p1a: Walking Wake|Hydro Pump|p2a: Manaphy\n|-resisted|p2a: Manaphy\n|-damage|p2a: Manaphy|11\/100\n|move|p2a: Manaphy|Grass Knot|p1a: Walking Wake\n|-damage|p1a: Walking Wake|0 fnt\n|faint|p1a: Walking Wake\n|-end|p1a: Walking Wake|Protosynthesis|[silent]\n|\n|win|Silly Croco\n|c|\u2606Silly Croco|took me almost an entire week to build this team\n|c|\u2606Silly Croco|lol\n","uploadtime":1700751811,"views":1,"p1id":"rsstar","p2id":"sillycroco","formatid":"gen9ou","rating":0,"private":0,"password":""}