{"id":"gen9ou-1996262409","p1":"Outdated Ahh Team","p2":"leojardim","format":"[Gen 9] OU","log":"|j|\u2606Outdated Ahh Team\n|j|\u2606leojardim\n|t:|1700665213\n|gametype|singles\n|player|p1|Outdated Ahh Team|will-gen2|1571\n|player|p2|leojardim|wallace|1660\n|teamsize|p1|6\n|teamsize|p2|6\n|gen|9\n|tier|[Gen 9] OU\n|rated|\n|rule|Sleep Clause Mod: Limit one foe put to sleep\n|rule|Species Clause: Limit one of each Pok\u00e9mon\n|rule|OHKO Clause: OHKO moves are banned\n|rule|Evasion Items Clause: Evasion items are banned\n|rule|Evasion Moves Clause: Evasion moves are banned\n|rule|Endless Battle Clause: Forcing endless battles is banned\n|rule|HP Percentage Mod: HP is shown in percentages\n|clearpoke\n|poke|p1|Dragonite, M|\n|poke|p1|Gholdengo|\n|poke|p1|Samurott-Hisui, M|\n|poke|p1|Enamorus, F|\n|poke|p1|Slowking-Galar, M|\n|poke|p1|Great Tusk|\n|poke|p2|Heatran, M|\n|poke|p2|Salamence, M|\n|poke|p2|Iron Valiant|\n|poke|p2|Samurott-Hisui, M|\n|poke|p2|Gholdengo|\n|poke|p2|Kingambit, M|\n|teampreview\n|inactive|Battle timer is ON: inactive players will automatically lose when time's up. (requested by leojardim)\n|inactive|Outdated Ahh Team also wants the timer to be on.\n|inactive|Outdated Ahh Team has 120 seconds left.\n|\n|t:|1700665267\n|start\n|switch|p1a: Champloo|Samurott-Hisui, M|100\/100\n|switch|p2a: Kingambit|Kingambit, M|100\/100\n|turn|1\n|\n|t:|1700665284\n|-end|p2a: Kingambit|fallenundefined|[silent]\n|switch|p2a: Gholdengo|Gholdengo|100\/100\n|-item|p2a: Gholdengo|Air Balloon\n|move|p1a: Champloo|Ceaseless Edge|p2a: Gholdengo\n|-supereffective|p2a: Gholdengo\n|-damage|p2a: Gholdengo|0 fnt\n|-enditem|p2a: Gholdengo|Air Balloon\n|-sidestart|p2: leojardim|Spikes\n|faint|p2a: Gholdengo\n|\n|upkeep\n|\n|t:|1700665297\n|switch|p2a: Iron Valiant|Iron Valiant|100\/100\n|-damage|p2a: Iron Valiant|88\/100|[from] Spikes\n|-enditem|p2a: Iron Valiant|Booster Energy\n|-activate|p2a: Iron Valiant|ability: Quark Drive|[fromitem]\n|-start|p2a: Iron Valiant|quarkdrivespe\n|turn|2\n|\n|t:|1700665302\n|move|p2a: Iron Valiant|Aura Sphere|p1a: Champloo\n|-supereffective|p1a: Champloo\n|-enditem|p1a: Champloo|Focus Sash\n|-damage|p1a: Champloo|1\/100\n|move|p1a: Champloo|Razor Shell|p2a: Iron Valiant\n|-damage|p2a: Iron Valiant|27\/100\n|\n|upkeep\n|turn|3\n|inactive|Outdated Ahh Team has 120 seconds left.\n|\n|t:|1700665334\n|switch|p1a: Slowking-Crowned|Slowking-Galar, M|100\/100\n|move|p2a: Iron Valiant|Moonblast|p1a: Slowking-Crowned\n|-resisted|p1a: Slowking-Crowned\n|-damage|p1a: Slowking-Crowned|88\/100\n|\n|upkeep\n|turn|4\n|\n|t:|1700665350\n|-end|p2a: Iron Valiant|Quark Drive|[silent]\n|switch|p2a: Samurott|Samurott-Hisui, M, shiny|100\/100\n|-damage|p2a: Samurott|88\/100|[from] Spikes\n|move|p1a: Slowking-Crowned|Chilly Reception|p1a: Slowking-Crowned\n|-weather|Snow\n|\n|t:|1700665355\n|switch|p1a: Boa Hancock \ud83d\udc8b|Enamorus, F|100\/100|[from] Chilly Reception\n|\n|-weather|Snow|[upkeep]\n|upkeep\n|turn|5\n|j| Lario\n|\n|t:|1700665372\n|move|p1a: Boa Hancock \ud83d\udc8b|Earth Power|p2a: Samurott\n|-damage|p2a: Samurott|55\/100\n|move|p2a: Samurott|Ceaseless Edge|p1a: Boa Hancock \ud83d\udc8b\n|-resisted|p1a: Boa Hancock \ud83d\udc8b\n|-damage|p1a: Boa Hancock \ud83d\udc8b|62\/100\n|-sidestart|p1: Outdated Ahh Team|Spikes\n|\n|-weather|Snow|[upkeep]\n|upkeep\n|turn|6\n|\n|t:|1700665390\n|switch|p1a: Champloo|Samurott-Hisui, M|1\/100\n|-damage|p1a: Champloo|0 fnt|[from] Spikes\n|faint|p1a: Champloo\n|move|p2a: Samurott|Aqua Cutter|p1: Champloo|[notarget]\n|-fail|p2a: Samurott\n|\n|-weather|Snow|[upkeep]\n|upkeep\n|\n|t:|1700665399\n|switch|p1a: Tuskuthy the Great|Great Tusk|100\/100\n|-damage|p1a: Tuskuthy the Great|88\/100|[from] Spikes\n|turn|7\n|\n|t:|1700665403\n|move|p2a: Samurott|Aqua Cutter|p1a: Tuskuthy the Great\n|-supereffective|p1a: Tuskuthy the Great\n|-damage|p1a: Tuskuthy the Great|39\/100\n|move|p1a: Tuskuthy the Great|Earthquake|p2a: Samurott\n|-crit|p2a: Samurott\n|-damage|p2a: Samurott|0 fnt\n|faint|p2a: Samurott\n|\n|-weather|Snow|[upkeep]\n|-heal|p1a: Tuskuthy the Great|46\/100|[from] item: Leftovers\n|upkeep\n|\n|t:|1700665413\n|switch|p2a: Salamence|Salamence, M|100\/100\n|turn|8\n|\n|t:|1700665441\n|-end|p1a: Tuskuthy the Great|Protosynthesis|[silent]\n|switch|p1a: Trippie Redd|Gholdengo|100\/100\n|-item|p1a: Trippie Redd|Air Balloon\n|move|p2a: Salamence|Dual Wingbeat|p1a: Trippie Redd\n|-resisted|p1a: Trippie Redd\n|-crit|p1a: Trippie Redd\n|-damage|p1a: Trippie Redd|89\/100\n|-enditem|p1a: Trippie Redd|Air Balloon\n|-resisted|p1a: Trippie Redd\n|-damage|p1a: Trippie Redd|81\/100\n|-hitcount|p1a: Trippie Redd|2\n|\n|-weather|none\n|upkeep\n|turn|9\n|inactive|Outdated Ahh Team has 120 seconds left.\n|\n|t:|1700665456\n|move|p2a: Salamence|Dragon Dance|p2a: Salamence\n|-boost|p2a: Salamence|atk|1\n|-boost|p2a: Salamence|spe|1\n|move|p1a: Trippie Redd|Dazzling Gleam|p2a: Salamence\n|-supereffective|p2a: Salamence\n|-damage|p2a: Salamence|42\/100\n|\n|upkeep\n|turn|10\n|l| Lario\n|\n|t:|1700665462\n|move|p2a: Salamence|Earthquake|p1a: Trippie Redd\n|-supereffective|p1a: Trippie Redd\n|-damage|p1a: Trippie Redd|14\/100\n|move|p1a: Trippie Redd|Dazzling Gleam|p2a: Salamence\n|-supereffective|p2a: Salamence\n|-damage|p2a: Salamence|0 fnt\n|faint|p2a: Salamence\n|\n|upkeep\n|\n|t:|1700665477\n|switch|p2a: Kingambit|Kingambit, M|100\/100\n|-damage|p2a: Kingambit|88\/100|[from] Spikes\n|-activate|p2a: Kingambit|ability: Supreme Overlord\n|-start|p2a: Kingambit|fallen3|[silent]\n|turn|11\n|\n|t:|1700665485\n|move|p1a: Trippie Redd|Dazzling Gleam|p2a: Kingambit\n|-damage|p2a: Kingambit|64\/100\n|move|p2a: Kingambit|Iron Head|p1a: Trippie Redd\n|-resisted|p1a: Trippie Redd\n|-damage|p1a: Trippie Redd|0 fnt\n|faint|p1a: Trippie Redd\n|\n|-heal|p2a: Kingambit|70\/100|[from] item: Leftovers\n|upkeep\n|\n|t:|1700665499\n|switch|p1a: Boa Hancock \ud83d\udc8b|Enamorus, F|62\/100\n|turn|12\n|\n|t:|1700665508\n|-terastallize|p2a: Kingambit|Fairy\n|move|p1a: Boa Hancock \ud83d\udc8b|Earth Power|p2a: Kingambit\n|-damage|p2a: Kingambit|41\/100\n|move|p2a: Kingambit|Iron Head|p1a: Boa Hancock \ud83d\udc8b\n|-supereffective|p1a: Boa Hancock \ud83d\udc8b\n|-damage|p1a: Boa Hancock \ud83d\udc8b|0 fnt\n|faint|p1a: Boa Hancock \ud83d\udc8b\n|\n|-heal|p2a: Kingambit|48\/100|[from] item: Leftovers\n|upkeep\n|\n|t:|1700665523\n|switch|p1a: Tuskuthy the Great|Great Tusk|46\/100\n|-damage|p1a: Tuskuthy the Great|33\/100|[from] Spikes\n|turn|13\n|\n|t:|1700665529\n|move|p1a: Tuskuthy the Great|Earthquake|p2a: Kingambit\n|-damage|p2a: Kingambit|16\/100\n|move|p2a: Kingambit|Iron Head|p1a: Tuskuthy the Great\n|-damage|p1a: Tuskuthy the Great|4\/100\n|\n|-heal|p1a: Tuskuthy the Great|11\/100|[from] item: Leftovers\n|-heal|p2a: Kingambit|22\/100|[from] item: Leftovers\n|upkeep\n|turn|14\n|\n|t:|1700665541\n|move|p2a: Kingambit|Sucker Punch||[still]\n|-fail|p2a: Kingambit\n|move|p1a: Tuskuthy the Great|Stealth Rock|p2a: Kingambit\n|-sidestart|p2: leojardim|move: Stealth Rock\n|\n|-heal|p1a: Tuskuthy the Great|17\/100|[from] item: Leftovers\n|-heal|p2a: Kingambit|28\/100|[from] item: Leftovers\n|upkeep\n|turn|15\n|\n|t:|1700665549\n|move|p2a: Kingambit|Sucker Punch|p1a: Tuskuthy the Great\n|-resisted|p1a: Tuskuthy the Great\n|-damage|p1a: Tuskuthy the Great|4\/100\n|move|p1a: Tuskuthy the Great|Earthquake|p2a: Kingambit\n|-damage|p2a: Kingambit|0 fnt\n|faint|p2a: Kingambit\n|-end|p2a: Kingambit|fallen3|[silent]\n|\n|-heal|p1a: Tuskuthy the Great|11\/100|[from] item: Leftovers\n|upkeep\n|\n|t:|1700665558\n|switch|p2a: Iron Valiant|Iron Valiant|27\/100\n|-damage|p2a: Iron Valiant|14\/100|[from] Spikes\n|-damage|p2a: Iron Valiant|8\/100|[from] Stealth Rock\n|turn|16\n|\n|t:|1700665564\n|move|p2a: Iron Valiant|Moonblast|p1a: Tuskuthy the Great\n|-supereffective|p1a: Tuskuthy the Great\n|-damage|p1a: Tuskuthy the Great|0 fnt\n|faint|p1a: Tuskuthy the Great\n|-end|p1a: Tuskuthy the Great|Protosynthesis|[silent]\n|\n|upkeep\n|\n|t:|1700665568\n|switch|p1a: Kaido|Dragonite, M|100\/100\n|turn|17\n|\n|t:|1700665581\n|move|p2a: Iron Valiant|Moonblast|p1a: Kaido\n|-supereffective|p1a: Kaido\n|-damage|p1a: Kaido|49\/100\n|move|p1a: Kaido|Dragon Dance|p1a: Kaido\n|-boost|p1a: Kaido|atk|1\n|-boost|p1a: Kaido|spe|1\n|\n|-heal|p1a: Kaido|55\/100|[from] item: Leftovers\n|upkeep\n|turn|18\n|\n|t:|1700665589\n|-terastallize|p1a: Kaido|Flying\n|move|p1a: Kaido|Tera Blast|p2a: Iron Valiant|[anim] Tera Blast Flying\n|-supereffective|p2a: Iron Valiant\n|-damage|p2a: Iron Valiant|0 fnt\n|faint|p2a: Iron Valiant\n|-end|p2a: Iron Valiant|Quark Drive|[silent]\n|\n|-heal|p1a: Kaido|61\/100|[from] item: Leftovers\n|upkeep\n|\n|t:|1700665596\n|switch|p2a: Heatran|Heatran, M, shiny|100\/100\n|-damage|p2a: Heatran|88\/100|[from] Spikes\n|-damage|p2a: Heatran|76\/100|[from] Stealth Rock\n|turn|19\n|\n|t:|1700665601\n|move|p1a: Kaido|Brick Break|p2a: Heatran\n|-supereffective|p2a: Heatran\n|-damage|p2a: Heatran|3\/100\n|move|p2a: Heatran|Flash Cannon|p1a: Kaido\n|-damage|p1a: Kaido|16\/100\n|-unboost|p1a: Kaido|spd|1\n|\n|-heal|p1a: Kaido|22\/100|[from] item: Leftovers\n|-heal|p2a: Heatran|9\/100|[from] item: Leftovers\n|upkeep\n|turn|20\n|-message|leojardim forfeited.\n|\n|win|Outdated Ahh Team\n|raw|Outdated Ahh Team's rating: 1571 &rarr; <strong>1596<\/strong><br \/>(+25 for winning)\n|raw|leojardim's rating: 1660 &rarr; <strong>1635<\/strong><br \/>(-25 for losing)\n|c|\u2606Outdated Ahh Team|gg\n","uploadtime":1700665613,"views":1,"p1id":"outdatedahhteam","p2id":"leojardim","formatid":"gen9ou","rating":1596,"private":0,"password":""}