{"id":"gen9ou-1990583963","p1":"temporarylight","p2":"gible is very cool","format":"[Gen 9] OU","log":"|j|\u2606temporarylight\n|j|\u2606gible is very cool\n|t:|1699983400\n|gametype|singles\n|player|p1|temporarylight|265|\n|player|p2|gible is very cool|ghetsis|\n|teamsize|p1|6\n|teamsize|p2|6\n|gen|9\n|tier|[Gen 9] OU\n|rule|Sleep Clause Mod: Limit one foe put to sleep\n|rule|Species Clause: Limit one of each Pok\u00e9mon\n|rule|OHKO Clause: OHKO moves are banned\n|rule|Evasion Items Clause: Evasion items are banned\n|rule|Evasion Moves Clause: Evasion moves are banned\n|rule|Endless Battle Clause: Forcing endless battles is banned\n|rule|HP Percentage Mod: HP is shown in percentages\n|clearpoke\n|poke|p1|Ninetales-Alola, F|\n|poke|p1|Maushold|\n|poke|p1|Mamoswine, M|\n|poke|p1|Ceruledge, F|\n|poke|p1|Gholdengo|\n|poke|p1|Manaphy|\n|poke|p2|Alomomola, F|\n|poke|p2|Dragapult, F|\n|poke|p2|Heatran, M|\n|poke|p2|Zapdos|\n|poke|p2|Ting-Lu|\n|poke|p2|Kingambit, M|\n|teampreview\n|inactive|Battle timer is ON: inactive players will automatically lose when time's up. (requested by gible is very cool)\n|\n|t:|1699983422\n|start\n|switch|p1a: Ninetales|Ninetales-Alola, F|100\/100\n|switch|p2a: Fudge Frog|Heatran, M|100\/100\n|-weather|Snow|[from] ability: Snow Warning|[of] p1a: Ninetales\n|turn|1\n|\n|t:|1699983427\n|move|p1a: Ninetales|Aurora Veil|p1a: Ninetales\n|-sidestart|p1: temporarylight|move: Aurora Veil\n|move|p2a: Fudge Frog|Stealth Rock|p1a: Ninetales\n|-sidestart|p1: temporarylight|move: Stealth Rock\n|\n|-weather|Snow|[upkeep]\n|upkeep\n|turn|2\n|\n|t:|1699983430\n|switch|p1a: Manaphy|Manaphy|100\/100\n|-damage|p1a: Manaphy|88\/100|[from] Stealth Rock\n|move|p2a: Fudge Frog|Magma Storm|p1a: Manaphy|[miss]\n|-miss|p2a: Fudge Frog|p1a: Manaphy\n|\n|-weather|Snow|[upkeep]\n|-heal|p1a: Manaphy|94\/100|[from] item: Leftovers\n|upkeep\n|turn|3\n|\n|t:|1699983440\n|move|p2a: Fudge Frog|Magma Storm|p1a: Manaphy\n|-resisted|p1a: Manaphy\n|-damage|p1a: Manaphy|83\/100\n|-activate|p1a: Manaphy|move: Magma Storm|[of] p2a: Fudge Frog\n|move|p1a: Manaphy|Take Heart|p1a: Manaphy\n|-boost|p1a: Manaphy|spa|1\n|-boost|p1a: Manaphy|spd|1\n|\n|-weather|Snow|[upkeep]\n|-heal|p1a: Manaphy|90\/100|[from] item: Leftovers\n|-damage|p1a: Manaphy|77\/100|[from] move: Magma Storm|[partiallytrapped]\n|upkeep\n|turn|4\n|\n|t:|1699983445\n|switch|p2a: Ling Too|Ting-Lu|100\/100\n|-ability|p2a: Ling Too|Vessel of Ruin\n|move|p1a: Manaphy|Take Heart|p1a: Manaphy\n|-boost|p1a: Manaphy|spa|1\n|-boost|p1a: Manaphy|spd|1\n|\n|-weather|Snow|[upkeep]\n|-heal|p1a: Manaphy|83\/100|[from] item: Leftovers\n|-end|p1a: Manaphy|Magma Storm|[partiallytrapped]|[silent]\n|upkeep\n|turn|5\n|\n|t:|1699983452\n|move|p1a: Manaphy|Scald|p2a: Ling Too\n|-supereffective|p2a: Ling Too\n|-damage|p2a: Ling Too|55\/100\n|-status|p2a: Ling Too|brn\n|move|p2a: Ling Too|Whirlwind|p1a: Manaphy\n|drag|p1a: Mamoswine|Mamoswine, M|100\/100\n|-damage|p1a: Mamoswine|88\/100|[from] Stealth Rock\n|\n|-weather|none\n|-damage|p2a: Ling Too|48\/100 brn|[from] brn\n|upkeep\n|turn|6\n|\n|t:|1699983462\n|switch|p2a: Wish Fish|Alomomola, F|100\/100\n|move|p1a: Mamoswine|Icicle Crash|p2a: Wish Fish\n|-resisted|p2a: Wish Fish\n|-damage|p2a: Wish Fish|89\/100\n|\n|upkeep\n|turn|7\n|\n|t:|1699983466\n|move|p1a: Mamoswine|Earthquake|p2a: Wish Fish\n|-damage|p2a: Wish Fish|63\/100\n|move|p2a: Wish Fish|Wish|p2a: Wish Fish\n|\n|upkeep\n|turn|8\n|\n|t:|1699983470\n|move|p1a: Mamoswine|Earthquake|p2a: Wish Fish\n|-damage|p2a: Wish Fish|33\/100\n|move|p2a: Wish Fish|Flip Turn|p1a: Mamoswine\n|-supereffective|p1a: Mamoswine\n|-damage|p1a: Mamoswine|69\/100\n|\n|t:|1699983476\n|switch|p2a: Ling Too|Ting-Lu|48\/100 brn|[from] Flip Turn\n|-ability|p2a: Ling Too|Vessel of Ruin\n|\n|-heal|p2a: Ling Too|99\/100 brn|[from] move: Wish|[wisher] Wish Fish\n|-damage|p2a: Ling Too|94\/100 brn|[from] brn\n|-sideend|p1: temporarylight|move: Aurora Veil\n|upkeep\n|turn|9\n|\n|t:|1699983489\n|switch|p2a: Fudge Frog|Heatran, M|100\/100\n|move|p1a: Mamoswine|Icicle Crash|p2a: Fudge Frog\n|-resisted|p2a: Fudge Frog\n|-damage|p2a: Fudge Frog|90\/100\n|\n|upkeep\n|turn|10\n|\n|t:|1699983498\n|move|p1a: Mamoswine|Earthquake|p2a: Fudge Frog\n|-supereffective|p2a: Fudge Frog\n|-damage|p2a: Fudge Frog|0 fnt\n|faint|p2a: Fudge Frog\n|\n|upkeep\n|\n|t:|1699983508\n|switch|p2a: Death.|Kingambit, M|100\/100\n|-activate|p2a: Death.|ability: Supreme Overlord\n|-start|p2a: Death.|fallen1|[silent]\n|turn|11\n|\n|t:|1699983513\n|move|p1a: Mamoswine|Earthquake|p2a: Death.\n|-supereffective|p2a: Death.\n|-damage|p2a: Death.|27\/100\n|move|p2a: Death.|Iron Head|p1a: Mamoswine\n|-supereffective|p1a: Mamoswine\n|-damage|p1a: Mamoswine|0 fnt\n|faint|p1a: Mamoswine\n|-damage|p2a: Death.|17\/100|[from] item: Life Orb\n|\n|upkeep\n|\n|t:|1699983522\n|switch|p1a: Ninetales|Ninetales-Alola, F|100\/100\n|-damage|p1a: Ninetales|76\/100|[from] Stealth Rock\n|-weather|Snow|[from] ability: Snow Warning|[of] p1a: Ninetales\n|turn|12\n|\n|t:|1699983526\n|-end|p2a: Death.|fallen1|[silent]\n|switch|p2a: Wish Fish|Alomomola, F|67\/100\n|move|p1a: Ninetales|Moonblast|p2a: Wish Fish\n|-damage|p2a: Wish Fish|36\/100\n|\n|-weather|Snow|[upkeep]\n|upkeep\n|turn|13\n|\n|t:|1699983533\n|move|p1a: Ninetales|Freeze-Dry|p2a: Wish Fish\n|-supereffective|p2a: Wish Fish\n|-damage|p2a: Wish Fish|0 fnt\n|faint|p2a: Wish Fish\n|\n|-weather|Snow|[upkeep]\n|upkeep\n|\n|t:|1699983538\n|switch|p2a: Kay. O|Dragapult, F|100\/100\n|turn|14\n|\n|t:|1699983548\n|switch|p1a: Maushold|Maushold|100\/100\n|-damage|p1a: Maushold|88\/100|[from] Stealth Rock\n|move|p2a: Kay. O|Shadow Ball|p1a: Maushold\n|-immune|p1a: Maushold\n|\n|-weather|Snow|[upkeep]\n|upkeep\n|turn|15\n|\n|t:|1699983564\n|switch|p2a: Ultra Instinct|Zapdos|100\/100\n|move|p1a: Maushold|Tidy Up|p1a: Maushold\n|-sideend|p1: temporarylight|Stealth Rock\n|-activate|p1a: Maushold|move: Tidy Up\n|-boost|p1a: Maushold|atk|1\n|-boost|p1a: Maushold|spe|1\n|\n|-weather|Snow|[upkeep]\n|upkeep\n|turn|16\n|-message|gible is very cool forfeited.\n|\n|win|temporarylight\n|l|\u2606gible is very cool\n","uploadtime":1699983675,"views":5,"p1id":"temporarylight","p2id":"gibleisverycool","formatid":"gen9ou","rating":0,"private":0,"password":""}