{"id":"gen9ou-1993691042","p1":"CyberH3","p2":"yessurskit","format":"[Gen 9] OU","log":"|j|\u2606CyberH3\n|j|\u2606yessurskit\n|t:|1700346026\n|gametype|singles\n|player|p1|CyberH3|mars|1470\n|player|p2|yessurskit|265|1498\n|teamsize|p1|6\n|teamsize|p2|6\n|gen|9\n|tier|[Gen 9] OU\n|rated|\n|rule|Sleep Clause Mod: Limit one foe put to sleep\n|rule|Species Clause: Limit one of each Pok\u00e9mon\n|rule|OHKO Clause: OHKO moves are banned\n|rule|Evasion Items Clause: Evasion items are banned\n|rule|Evasion Moves Clause: Evasion moves are banned\n|rule|Endless Battle Clause: Forcing endless battles is banned\n|rule|HP Percentage Mod: HP is shown in percentages\n|clearpoke\n|poke|p1|Goodra-Hisui, M|\n|poke|p1|Scizor, F|\n|poke|p1|Mimikyu, F|\n|poke|p1|Iron Valiant|\n|poke|p1|Talonflame, F|\n|poke|p1|Lokix, M|\n|poke|p2|Iron Treads|\n|poke|p2|Rotom-Wash|\n|poke|p2|Ogerpon, F|\n|poke|p2|Kommo-o, F|\n|poke|p2|Slowking-Galar, M|\n|poke|p2|Ceruledge, F|\n|teampreview\n|\n|t:|1700346037\n|start\n|switch|p1a: Morf LeRosh|Lokix, M|100\/100\n|switch|p2a: Kommo-o|Kommo-o, F|100\/100\n|turn|1\n|\n|t:|1700346046\n|move|p1a: Morf LeRosh|U-turn|p2a: Kommo-o\n|-resisted|p2a: Kommo-o\n|-damage|p2a: Kommo-o|59\/100\n|-damage|p1a: Morf LeRosh|91\/100|[from] item: Life Orb\n|\n|t:|1700346050\n|switch|p1a: R-TRUS|Iron Valiant|100\/100|[from] U-turn\n|-enditem|p1a: R-TRUS|Booster Energy\n|-activate|p1a: R-TRUS|ability: Quark Drive|[fromitem]\n|-start|p1a: R-TRUS|quarkdrivespe\n|move|p2a: Kommo-o|Clanging Scales|p1a: R-TRUS\n|-immune|p1a: R-TRUS\n|\n|-heal|p2a: Kommo-o|65\/100|[from] item: Leftovers\n|upkeep\n|turn|2\n|\n|t:|1700346063\n|switch|p2a: Ceruledge|Ceruledge, F|100\/100\n|move|p1a: R-TRUS|Moonblast|p2a: Ceruledge\n|-resisted|p2a: Ceruledge\n|-damage|p2a: Ceruledge|84\/100\n|\n|upkeep\n|turn|3\n|\n|t:|1700346074\n|move|p1a: R-TRUS|Thunderbolt|p2a: Ceruledge\n|-damage|p2a: Ceruledge|60\/100\n|move|p2a: Ceruledge|Bitter Blade|p1a: R-TRUS\n|-damage|p1a: R-TRUS|43\/100\n|-heal|p2a: Ceruledge|88\/100|[from] drain|[of] p1a: R-TRUS\n|\n|upkeep\n|turn|4\n|\n|t:|1700346090\n|move|p1a: R-TRUS|Thunderbolt|p2a: Ceruledge\n|-damage|p2a: Ceruledge|63\/100\n|move|p2a: Ceruledge|Bitter Blade|p1a: R-TRUS\n|-damage|p1a: R-TRUS|0 fnt\n|-heal|p2a: Ceruledge|85\/100|[from] drain|[of] p1a: R-TRUS\n|faint|p1a: R-TRUS\n|-end|p1a: R-TRUS|Quark Drive|[silent]\n|\n|upkeep\n|\n|t:|1700346095\n|switch|p1a: OHAYOLLIE|Mimikyu, F|100\/100\n|turn|5\n|\n|t:|1700346101\n|move|p1a: OHAYOLLIE|Swords Dance|p1a: OHAYOLLIE\n|-boost|p1a: OHAYOLLIE|atk|2\n|move|p2a: Ceruledge|Bitter Blade|p1a: OHAYOLLIE\n|-activate|p1a: OHAYOLLIE|ability: Disguise\n|-damage|p1a: OHAYOLLIE|100\/100\n|detailschange|p1a: OHAYOLLIE|Mimikyu-Busted, F\n|-damage|p1a: OHAYOLLIE|88\/100|[from] pokemon: Mimikyu-Busted\n|\n|upkeep\n|turn|6\n|\n|t:|1700346134\n|move|p1a: OHAYOLLIE|Shadow Sneak|p2a: Ceruledge\n|-supereffective|p2a: Ceruledge\n|-damage|p2a: Ceruledge|0 fnt\n|faint|p2a: Ceruledge\n|-damage|p1a: OHAYOLLIE|78\/100|[from] item: Life Orb\n|\n|upkeep\n|\n|t:|1700346143\n|switch|p2a: Iron Treads|Iron Treads|100\/100\n|turn|7\n|\n|t:|1700346149\n|-terastallize|p1a: OHAYOLLIE|Ghost\n|move|p2a: Iron Treads|Stealth Rock|p1a: OHAYOLLIE\n|-sidestart|p1: CyberH3|move: Stealth Rock\n|move|p1a: OHAYOLLIE|Drain Punch|p2a: Iron Treads\n|-supereffective|p2a: Iron Treads\n|-damage|p2a: Iron Treads|5\/100\n|-heal|p1a: OHAYOLLIE|100\/100|[from] drain|[of] p2a: Iron Treads\n|-damage|p1a: OHAYOLLIE|91\/100|[from] item: Life Orb\n|\n|upkeep\n|turn|8\n|\n|t:|1700346159\n|move|p1a: OHAYOLLIE|Shadow Sneak|p2a: Iron Treads\n|-damage|p2a: Iron Treads|0 fnt\n|faint|p2a: Iron Treads\n|-end|p2a: Iron Treads|Quark Drive|[silent]\n|-damage|p1a: OHAYOLLIE|81\/100|[from] item: Life Orb\n|\n|upkeep\n|\n|t:|1700346169\n|switch|p2a: Kommo-o|Kommo-o, F|65\/100\n|turn|9\n|\n|t:|1700346173\n|move|p1a: OHAYOLLIE|Play Rough|p2a: Kommo-o\n|-supereffective|p2a: Kommo-o\n|-damage|p2a: Kommo-o|0 fnt\n|faint|p2a: Kommo-o\n|-damage|p1a: OHAYOLLIE|71\/100|[from] item: Life Orb\n|\n|upkeep\n|-message|yessurskit forfeited.\n|\n|win|CyberH3\n|raw|CyberH3's rating: 1470 &rarr; <strong>1492<\/strong><br \/>(+22 for winning)\n|raw|yessurskit's rating: 1498 &rarr; <strong>1476<\/strong><br \/>(-22 for losing)\n|l|\u2606yessurskit\n","uploadtime":1700346181,"views":8,"p1id":"cyberh3","p2id":"yessurskit","formatid":"gen9ou","rating":1476,"private":0,"password":""}