{"id":"gen9ou-1995863949","p1":"BichoBichano","p2":"Sr.Haruno","format":"[Gen 9] OU","log":"|j|\u2606BichoBichano\n|j|\u2606Sr.Haruno\n|t:|1700611047\n|gametype|singles\n|player|p1|BichoBichano|skierf|1512\n|player|p2|Sr.Haruno|hilbert|1456\n|teamsize|p1|6\n|teamsize|p2|6\n|gen|9\n|tier|[Gen 9] OU\n|rated|\n|rule|Sleep Clause Mod: Limit one foe put to sleep\n|rule|Species Clause: Limit one of each Pok\u00e9mon\n|rule|OHKO Clause: OHKO moves are banned\n|rule|Evasion Items Clause: Evasion items are banned\n|rule|Evasion Moves Clause: Evasion moves are banned\n|rule|Endless Battle Clause: Forcing endless battles is banned\n|rule|HP Percentage Mod: HP is shown in percentages\n|clearpoke\n|poke|p1|Dondozo, F|\n|poke|p1|Zapdos|\n|poke|p1|Dragonite, F|\n|poke|p1|Amoonguss, F|\n|poke|p1|Garganacl, M|\n|poke|p1|Cinderace, F|\n|poke|p2|Ribombee, F|\n|poke|p2|Great Tusk|\n|poke|p2|Dragapult, F|\n|poke|p2|Gholdengo|\n|poke|p2|Iron Valiant|\n|poke|p2|Kingambit, M|\n|teampreview\n|inactive|Battle timer is ON: inactive players will automatically lose when time's up. (requested by BichoBichano)\n|inactive|Sr.Haruno also wants the timer to be on.\n|\n|t:|1700611056\n|start\n|switch|p1a: Zapdos|Zapdos|100\/100\n|switch|p2a: Ribombee|Ribombee, F, shiny|100\/100\n|turn|1\n|\n|t:|1700611062\n|move|p2a: Ribombee|Sticky Web|p1a: Zapdos\n|-sidestart|p1: BichoBichano|move: Sticky Web\n|move|p1a: Zapdos|Heat Wave|p2a: Ribombee\n|-supereffective|p2a: Ribombee\n|-damage|p2a: Ribombee|6\/100\n|\n|upkeep\n|turn|2\n|\n|t:|1700611067\n|move|p2a: Ribombee|Moonblast|p1a: Zapdos\n|-damage|p1a: Zapdos|61\/100\n|move|p1a: Zapdos|Heat Wave|p2a: Ribombee\n|-supereffective|p2a: Ribombee\n|-damage|p2a: Ribombee|0 fnt\n|faint|p2a: Ribombee\n|\n|upkeep\n|\n|t:|1700611072\n|switch|p2a: Dragapult|Dragapult, F|100\/100\n|turn|3\n|\n|t:|1700611078\n|switch|p1a: Amoonguss|Amoonguss, F|100\/100\n|-activate|p1a: Amoonguss|move: Sticky Web\n|-unboost|p1a: Amoonguss|spe|1\n|move|p2a: Dragapult|U-turn|p1a: Amoonguss\n|-damage|p1a: Amoonguss|82\/100\n|\n|t:|1700611080\n|switch|p2a: Great Tusk|Great Tusk|100\/100|[from] U-turn\n|\n|-heal|p1a: Amoonguss|88\/100|[from] item: Black Sludge\n|upkeep\n|turn|4\n|\n|t:|1700611092\n|switch|p1a: Zapdos|Zapdos|61\/100\n|move|p2a: Great Tusk|Knock Off|p1a: Zapdos\n|-damage|p1a: Zapdos|37\/100\n|-damage|p2a: Great Tusk|84\/100|[from] item: Rocky Helmet|[of] p1a: Zapdos\n|-enditem|p1a: Zapdos|Rocky Helmet|[from] move: Knock Off|[of] p2a: Great Tusk\n|\n|upkeep\n|turn|5\n|\n|t:|1700611101\n|-end|p2a: Great Tusk|Protosynthesis|[silent]\n|switch|p2a: Dragapult|Dragapult, F|100\/100\n|move|p1a: Zapdos|Roost|p1a: Zapdos\n|-heal|p1a: Zapdos|87\/100\n|-singleturn|p1a: Zapdos|move: Roost\n|\n|upkeep\n|turn|6\n|\n|t:|1700611110\n|switch|p1a: Amoonguss|Amoonguss, F|100\/100\n|-activate|p1a: Amoonguss|move: Sticky Web\n|-unboost|p1a: Amoonguss|spe|1\n|move|p2a: Dragapult|Flamethrower|p1a: Amoonguss\n|-supereffective|p1a: Amoonguss\n|-damage|p1a: Amoonguss|49\/100\n|\n|-heal|p1a: Amoonguss|55\/100|[from] item: Black Sludge\n|upkeep\n|turn|7\n|\n|t:|1700611120\n|move|p2a: Dragapult|Flamethrower|p1a: Amoonguss\n|-supereffective|p1a: Amoonguss\n|-damage|p1a: Amoonguss|1\/100\n|move|p1a: Amoonguss|Spore|p2a: Dragapult\n|-status|p2a: Dragapult|slp|[from] move: Spore\n|\n|-heal|p1a: Amoonguss|7\/100|[from] item: Black Sludge\n|upkeep\n|turn|8\n|\n|t:|1700611130\n|switch|p1a: Cinderace|Cinderace, F|100\/100\n|cant|p2a: Dragapult|slp\n|\n|upkeep\n|turn|9\n|\n|t:|1700611136\n|switch|p2a: Great Tusk|Great Tusk|84\/100\n|move|p1a: Cinderace|Pyro Ball|p2a: Great Tusk|[miss]\n|-miss|p1a: Cinderace|p2a: Great Tusk\n|\n|upkeep\n|turn|10\n|\n|t:|1700611143\n|switch|p1a: Zapdos|Zapdos|87\/100\n|move|p2a: Great Tusk|Headlong Rush|p1a: Zapdos\n|-immune|p1a: Zapdos\n|\n|upkeep\n|turn|11\n|\n|t:|1700611149\n|-end|p2a: Great Tusk|Protosynthesis|[silent]\n|switch|p2a: Dragapult|Dragapult, F|100\/100 slp\n|move|p1a: Zapdos|Hurricane|p2a: Dragapult|[miss]\n|-miss|p1a: Zapdos|p2a: Dragapult\n|\n|upkeep\n|turn|12\n|c|\u2606BichoBichano|Lol\n|\n|t:|1700611157\n|cant|p2a: Dragapult|slp\n|move|p1a: Zapdos|Hurricane|p2a: Dragapult\n|-damage|p2a: Dragapult|34\/100 slp\n|\n|upkeep\n|turn|13\n|\n|t:|1700611163\n|cant|p2a: Dragapult|slp\n|move|p1a: Zapdos|Hurricane|p2a: Dragapult|[miss]\n|-miss|p1a: Zapdos|p2a: Dragapult\n|\n|upkeep\n|turn|14\n|\n|t:|1700611169\n|-curestatus|p2a: Dragapult|slp|[msg]\n|move|p2a: Dragapult|Draco Meteor|p1a: Zapdos\n|-damage|p1a: Zapdos|0 fnt\n|-unboost|p2a: Dragapult|spa|2\n|faint|p1a: Zapdos\n|\n|upkeep\n|\n|t:|1700611178\n|switch|p1a: Cinderace|Cinderace, F|100\/100\n|turn|15\n|\n|t:|1700611188\n|move|p2a: Dragapult|Draco Meteor|p1a: Cinderace\n|-damage|p1a: Cinderace|40\/100\n|-unboost|p2a: Dragapult|spa|2\n|move|p1a: Cinderace|Pyro Ball|p2a: Dragapult\n|-resisted|p2a: Dragapult\n|-damage|p2a: Dragapult|0 fnt\n|faint|p2a: Dragapult\n|\n|upkeep\n|\n|t:|1700611198\n|switch|p2a: Great Tusk|Great Tusk|84\/100\n|turn|16\n|\n|t:|1700611203\n|switch|p1a: Dondozo|Dondozo, F|100\/100\n|-activate|p1a: Dondozo|move: Sticky Web\n|-unboost|p1a: Dondozo|spe|1\n|move|p2a: Great Tusk|Headlong Rush|p1a: Dondozo\n|-damage|p1a: Dondozo|73\/100\n|-unboost|p2a: Great Tusk|def|1\n|-unboost|p2a: Great Tusk|spd|1\n|\n|-heal|p1a: Dondozo|79\/100|[from] item: Leftovers\n|upkeep\n|turn|17\n|\n|t:|1700611215\n|-end|p2a: Great Tusk|Protosynthesis|[silent]\n|switch|p2a: Gholdengo|Gholdengo|100\/100\n|move|p1a: Dondozo|Liquidation|p2a: Gholdengo\n|-damage|p2a: Gholdengo|70\/100\n|\n|-heal|p1a: Dondozo|85\/100|[from] item: Leftovers\n|upkeep\n|turn|18\n|\n|t:|1700611224\n|switch|p1a: Dragonite|Dragonite, F|100\/100\n|move|p2a: Gholdengo|Shadow Ball|p1a: Dragonite\n|-damage|p1a: Dragonite|79\/100\n|\n|upkeep\n|turn|19\n|\n|t:|1700611237\n|switch|p2a: Great Tusk|Great Tusk|84\/100\n|move|p1a: Dragonite|Earthquake|p2a: Great Tusk\n|-crit|p2a: Great Tusk\n|-damage|p2a: Great Tusk|44\/100\n|\n|upkeep\n|turn|20\n|\n|t:|1700611244\n|move|p2a: Great Tusk|Knock Off|p1a: Dragonite\n|-damage|p1a: Dragonite|42\/100\n|-enditem|p1a: Dragonite|Heavy-Duty Boots|[from] move: Knock Off|[of] p2a: Great Tusk\n|move|p1a: Dragonite|Ice Spinner|p2a: Great Tusk\n|-supereffective|p2a: Great Tusk\n|-damage|p2a: Great Tusk|6\/100\n|\n|upkeep\n|turn|21\n|\n|t:|1700611251\n|move|p1a: Dragonite|Extreme Speed|p2a: Great Tusk\n|-damage|p2a: Great Tusk|0 fnt\n|faint|p2a: Great Tusk\n|-end|p2a: Great Tusk|Protosynthesis|[silent]\n|\n|upkeep\n|\n|t:|1700611254\n|switch|p2a: Iron Valiant|Iron Valiant|100\/100\n|-enditem|p2a: Iron Valiant|Booster Energy\n|-activate|p2a: Iron Valiant|ability: Quark Drive|[fromitem]\n|-start|p2a: Iron Valiant|quarkdrivespe\n|turn|22\n|\n|t:|1700611264\n|switch|p1a: Amoonguss|Amoonguss, F|41\/100\n|-activate|p1a: Amoonguss|move: Sticky Web\n|-unboost|p1a: Amoonguss|spe|1\n|move|p2a: Iron Valiant|Swords Dance|p2a: Iron Valiant\n|-boost|p2a: Iron Valiant|atk|2\n|\n|-heal|p1a: Amoonguss|47\/100|[from] item: Black Sludge\n|upkeep\n|turn|23\n|\n|t:|1700611274\n|move|p2a: Iron Valiant|Knock Off|p1a: Amoonguss\n|-damage|p1a: Amoonguss|0 fnt\n|-enditem|p1a: Amoonguss|Black Sludge|[from] move: Knock Off|[of] p2a: Iron Valiant\n|faint|p1a: Amoonguss\n|\n|upkeep\n|\n|t:|1700611280\n|switch|p1a: Garganacl|Garganacl, M|100\/100\n|-activate|p1a: Garganacl|move: Sticky Web\n|-unboost|p1a: Garganacl|spe|1\n|turn|24\n|\n|t:|1700611287\n|-terastallize|p1a: Garganacl|Ghost\n|move|p2a: Iron Valiant|Close Combat|p1a: Garganacl\n|-immune|p1a: Garganacl\n|move|p1a: Garganacl|Salt Cure|p2a: Iron Valiant\n|-resisted|p2a: Iron Valiant\n|-damage|p2a: Iron Valiant|92\/100\n|-start|p2a: Iron Valiant|Salt Cure\n|\n|-damage|p2a: Iron Valiant|79\/100|[from] Salt Cure\n|upkeep\n|turn|25\n|\n|t:|1700611299\n|switch|p1a: Dondozo|Dondozo, F|85\/100\n|-activate|p1a: Dondozo|move: Sticky Web\n|-unboost|p1a: Dondozo|spe|1\n|move|p2a: Iron Valiant|Encore||[still]\n|-fail|p2a: Iron Valiant\n|\n|-heal|p1a: Dondozo|92\/100|[from] item: Leftovers\n|-damage|p2a: Iron Valiant|67\/100|[from] Salt Cure\n|upkeep\n|turn|26\n|\n|t:|1700611310\n|move|p2a: Iron Valiant|Knock Off|p1a: Dondozo\n|-damage|p1a: Dondozo|77\/100\n|-enditem|p1a: Dondozo|Leftovers|[from] move: Knock Off|[of] p2a: Iron Valiant\n|move|p1a: Dondozo|Rest|p1a: Dondozo\n|-status|p1a: Dondozo|slp|[from] move: Rest\n|-heal|p1a: Dondozo|100\/100 slp|[silent]\n|\n|-damage|p2a: Iron Valiant|54\/100|[from] Salt Cure\n|upkeep\n|turn|27\n|\n|t:|1700611320\n|move|p2a: Iron Valiant|Encore|p1a: Dondozo\n|-start|p1a: Dondozo|Encore\n|cant|p1a: Dondozo|slp\n|\n|-damage|p2a: Iron Valiant|42\/100|[from] Salt Cure\n|upkeep\n|turn|28\n|\n|t:|1700611328\n|move|p2a: Iron Valiant|Close Combat|p1a: Dondozo\n|-damage|p1a: Dondozo|74\/100 slp\n|-unboost|p2a: Iron Valiant|def|1\n|-unboost|p2a: Iron Valiant|spd|1\n|cant|p1a: Dondozo|slp\n|\n|-damage|p2a: Iron Valiant|30\/100|[from] Salt Cure\n|upkeep\n|turn|29\n|\n|t:|1700611337\n|-end|p2a: Iron Valiant|Quark Drive|[silent]\n|switch|p2a: Gholdengo|Gholdengo|70\/100\n|-curestatus|p1a: Dondozo|slp|[msg]\n|move|p1a: Dondozo|Rest|p1a: Dondozo\n|-status|p1a: Dondozo|slp|[from] move: Rest\n|-heal|p1a: Dondozo|100\/100 slp|[silent]\n|\n|-end|p1a: Dondozo|Encore\n|upkeep\n|turn|30\n|\n|t:|1700611349\n|switch|p1a: Dragonite|Dragonite, F|42\/100\n|move|p2a: Gholdengo|Recover|p2a: Gholdengo\n|-heal|p2a: Gholdengo|100\/100\n|\n|upkeep\n|turn|31\n|\n|t:|1700611366\n|move|p2a: Gholdengo|Shadow Ball|p1a: Dragonite\n|-damage|p1a: Dragonite|0 fnt\n|faint|p1a: Dragonite\n|\n|upkeep\n|\n|t:|1700611372\n|switch|p1a: Cinderace|Cinderace, F|40\/100\n|turn|32\n|\n|t:|1700611386\n|switch|p2a: Iron Valiant|Iron Valiant|30\/100\n|move|p1a: Cinderace|Pyro Ball|p2a: Iron Valiant\n|-damage|p2a: Iron Valiant|0 fnt\n|faint|p2a: Iron Valiant\n|-end|p2a: Iron Valiant|Quark Drive|[silent]\n|\n|upkeep\n|\n|t:|1700611390\n|switch|p2a: Gholdengo|Gholdengo|100\/100\n|turn|33\n|\n|t:|1700611397\n|-terastallize|p2a: Gholdengo|Fighting\n|move|p1a: Cinderace|Pyro Ball|p2a: Gholdengo\n|-damage|p2a: Gholdengo|39\/100\n|move|p2a: Gholdengo|Nasty Plot|p2a: Gholdengo\n|-boost|p2a: Gholdengo|spa|2\n|\n|upkeep\n|turn|34\n|\n|t:|1700611405\n|move|p1a: Cinderace|Pyro Ball|p2a: Gholdengo\n|-damage|p2a: Gholdengo|0 fnt\n|faint|p2a: Gholdengo\n|\n|upkeep\n|\n|t:|1700611408\n|switch|p2a: Kingambit|Kingambit, M|100\/100\n|-activate|p2a: Kingambit|ability: Supreme Overlord\n|-start|p2a: Kingambit|fallen5|[silent]\n|turn|35\n|\n|t:|1700611413\n|move|p2a: Kingambit|Sucker Punch|p1a: Cinderace\n|-damage|p1a: Cinderace|0 fnt\n|faint|p1a: Cinderace\n|\n|upkeep\n|\n|t:|1700611418\n|switch|p1a: Garganacl|Garganacl, M, tera:Ghost|100\/100\n|-activate|p1a: Garganacl|move: Sticky Web\n|-unboost|p1a: Garganacl|spe|1\n|turn|36\n|\n|t:|1700611423\n|move|p2a: Kingambit|Kowtow Cleave|p1a: Garganacl\n|-supereffective|p1a: Garganacl\n|-damage|p1a: Garganacl|4\/100\n|move|p1a: Garganacl|Body Press|p2a: Kingambit\n|-supereffective|p2a: Kingambit\n|-damage|p2a: Kingambit|23\/100\n|\n|-heal|p1a: Garganacl|10\/100|[from] item: Leftovers\n|upkeep\n|turn|37\n|\n|t:|1700611432\n|move|p2a: Kingambit|Kowtow Cleave|p1a: Garganacl\n|-supereffective|p1a: Garganacl\n|-damage|p1a: Garganacl|0 fnt\n|faint|p1a: Garganacl\n|\n|upkeep\n|\n|t:|1700611438\n|switch|p1a: Dondozo|Dondozo, F|100\/100 slp\n|-activate|p1a: Dondozo|move: Sticky Web\n|-unboost|p1a: Dondozo|spe|1\n|turn|38\n|\n|t:|1700611443\n|move|p2a: Kingambit|Kowtow Cleave|p1a: Dondozo\n|-damage|p1a: Dondozo|67\/100 slp\n|cant|p1a: Dondozo|slp\n|\n|upkeep\n|turn|39\n|\n|t:|1700611450\n|move|p2a: Kingambit|Kowtow Cleave|p1a: Dondozo\n|-damage|p1a: Dondozo|33\/100 slp\n|cant|p1a: Dondozo|slp\n|\n|upkeep\n|turn|40\n|\n|t:|1700611456\n|move|p2a: Kingambit|Kowtow Cleave|p1a: Dondozo\n|-damage|p1a: Dondozo|0 fnt\n|faint|p1a: Dondozo\n|\n|win|Sr.Haruno\n|raw|BichoBichano's rating: 1512 &rarr; <strong>1489<\/strong><br \/>(-23 for losing)\n|raw|Sr.Haruno's rating: 1456 &rarr; <strong>1479<\/strong><br \/>(+23 for winning)\n","uploadtime":1700611461,"views":8,"p1id":"bichobichano","p2id":"srharuno","formatid":"gen9ou","rating":1479,"private":0,"password":""}