{"id":"gen9ou-2000436238","p1":"RSDPM","p2":"MrexGamer","format":"[Gen 9] OU","log":"|j|\u2606RSDPM\n|j|\u2606MrexGamer\n|t:|1701194653\n|gametype|singles\n|player|p1|RSDPM|riley|1337\n|player|p2|MrexGamer|workerice|1290\n|teamsize|p1|6\n|teamsize|p2|6\n|gen|9\n|tier|[Gen 9] OU\n|rated|\n|rule|Sleep Clause Mod: Limit one foe put to sleep\n|rule|Species Clause: Limit one of each Pok\u00e9mon\n|rule|OHKO Clause: OHKO moves are banned\n|rule|Evasion Items Clause: Evasion items are banned\n|rule|Evasion Moves Clause: Evasion moves are banned\n|rule|Endless Battle Clause: Forcing endless battles is banned\n|rule|HP Percentage Mod: HP is shown in percentages\n|clearpoke\n|poke|p1|Arcanine-Hisui, F|\n|poke|p1|Electrode-Hisui|\n|poke|p1|Lilligant-Hisui, F|\n|poke|p1|Zoroark-Hisui, F|\n|poke|p1|Braviary-Hisui, M|\n|poke|p1|Avalugg-Hisui, F|\n|poke|p2|Heatran, M|\n|poke|p2|Scizor, F|\n|poke|p2|Iron Valiant|\n|poke|p2|Weezing-Galar, F|\n|poke|p2|Toedscruel, F|\n|poke|p2|Ogerpon-Wellspring, F|\n|teampreview\n|inactive|Battle timer is ON: inactive players will automatically lose when time's up. (requested by MrexGamer)\n|j| Pure Power Pichu\n|\n|t:|1701194669\n|start\n|switch|p1a: Avalugg|Avalugg-Hisui, F|100\/100\n|switch|p2a: Heatran|Heatran, M|100\/100\n|turn|1\n|\n|t:|1701194675\n|move|p1a: Avalugg|Trick|p2a: Heatran\n|-activate|p1a: Avalugg|move: Trick|[of] p2a: Heatran\n|-item|p2a: Heatran|Choice Scarf|[from] move: Trick\n|-item|p1a: Avalugg|Leftovers|[from] move: Trick\n|move|p2a: Heatran|Stealth Rock|p1a: Avalugg\n|-sidestart|p1: RSDPM|move: Stealth Rock\n|\n|upkeep\n|turn|2\n|\n|t:|1701194687\n|switch|p2a: Scizor|Scizor, F, shiny|100\/100\n|move|p1a: Avalugg|Bitter Malice|p2a: Scizor\n|-damage|p2a: Scizor|51\/100\n|-unboost|p2a: Scizor|atk|1\n|\n|upkeep\n|turn|3\n|\n|t:|1701194696\n|switch|p2a: Weezing|Weezing-Galar, F|100\/100\n|-ability|p2a: Weezing|Neutralizing Gas\n|replace|p1a: Zoroark|Zoroark-Hisui, F\n|-end|p1a: Zoroark|Illusion\n|move|p1a: Zoroark|Flamethrower|p2a: Weezing\n|-damage|p2a: Weezing|58\/100\n|\n|-heal|p2a: Weezing|64\/100|[from] item: Black Sludge\n|upkeep\n|turn|4\n|\n|t:|1701194708\n|move|p1a: Zoroark|Bitter Malice|p2a: Weezing\n|-damage|p2a: Weezing|10\/100\n|-unboost|p2a: Weezing|atk|1\n|move|p2a: Weezing|Toxic|p1a: Zoroark\n|-status|p1a: Zoroark|tox\n|\n|-heal|p2a: Weezing|16\/100|[from] item: Black Sludge\n|-damage|p1a: Zoroark|95\/100 tox|[from] psn\n|upkeep\n|turn|5\n|\n|t:|1701194723\n|move|p1a: Zoroark|Bitter Malice|p2a: Weezing\n|-damage|p2a: Weezing|0 fnt\n|faint|p2a: Weezing\n|-end|p2a: Weezing|ability: Neutralizing Gas\n|\n|-heal|p1a: Zoroark|100\/100 tox|[from] item: Leftovers\n|-damage|p1a: Zoroark|89\/100 tox|[from] psn\n|upkeep\n|\n|t:|1701194729\n|switch|p2a: Scizor|Scizor, F, shiny|51\/100\n|turn|6\n|\n|t:|1701194736\n|move|p2a: Scizor|Bullet Punch|p1a: Zoroark\n|-damage|p1a: Zoroark|0 fnt\n|faint|p1a: Zoroark\n|\n|upkeep\n|\n|t:|1701194749\n|switch|p1a: Avalugg|Avalugg-Hisui, F|100\/100\n|-damage|p1a: Avalugg|76\/100|[from] Stealth Rock\n|turn|7\n|\n|t:|1701194755\n|-terastallize|p1a: Avalugg|Steel\n|move|p2a: Scizor|Bullet Punch|p1a: Avalugg\n|-resisted|p1a: Avalugg\n|-crit|p1a: Avalugg\n|-damage|p1a: Avalugg|55\/100\n|-damage|p2a: Scizor|35\/100|[from] item: Rocky Helmet|[of] p1a: Avalugg\n|move|p1a: Avalugg|Rapid Spin|p2a: Scizor\n|-resisted|p2a: Scizor\n|-damage|p2a: Scizor|25\/100\n|-boost|p1a: Avalugg|spe|1\n|-sideend|p1: RSDPM|Stealth Rock|[from] move: Rapid Spin|[of] p1a: Avalugg\n|\n|upkeep\n|turn|8\n|\n|t:|1701194771\n|switch|p2a: Heatran|Heatran, M|100\/100\n|move|p1a: Avalugg|Stealth Rock|p2a: Heatran\n|-sidestart|p2: MrexGamer|move: Stealth Rock\n|\n|upkeep\n|turn|9\n|\n|t:|1701194777\n|move|p2a: Heatran|Earth Power|p1a: Avalugg\n|-supereffective|p1a: Avalugg\n|-damage|p1a: Avalugg|0 fnt\n|faint|p1a: Avalugg\n|\n|upkeep\n|\n|t:|1701194784\n|switch|p1a: Braviary|Braviary-Hisui, M|100\/100\n|turn|10\n|\n|t:|1701194788\n|switch|p2a: Toedscruel|Toedscruel, F|100\/100\n|-damage|p2a: Toedscruel|94\/100|[from] Stealth Rock\n|move|p1a: Braviary|Calm Mind|p1a: Braviary\n|-boost|p1a: Braviary|spa|1\n|-boost|p1a: Braviary|spd|1\n|\n|-heal|p2a: Toedscruel|100\/100|[from] item: Leftovers\n|upkeep\n|turn|11\n|\n|t:|1701194800\n|move|p1a: Braviary|Air Slash|p2a: Toedscruel\n|-supereffective|p2a: Toedscruel\n|-damage|p2a: Toedscruel|35\/100\n|move|p2a: Toedscruel|Leech Seed|p1a: Braviary\n|-start|p1a: Braviary|move: Leech Seed\n|\n|-heal|p2a: Toedscruel|41\/100|[from] item: Leftovers\n|-damage|p1a: Braviary|88\/100|[from] Leech Seed|[of] p2a: Toedscruel\n|-heal|p2a: Toedscruel|55\/100|[silent]\n|upkeep\n|turn|12\n|\n|t:|1701194809\n|move|p1a: Braviary|Air Slash|p2a: Toedscruel\n|-supereffective|p2a: Toedscruel\n|-damage|p2a: Toedscruel|0 fnt\n|faint|p2a: Toedscruel\n|\n|upkeep\n|\n|t:|1701194816\n|switch|p2a: Iron Valiant|Iron Valiant|100\/100\n|-damage|p2a: Iron Valiant|94\/100|[from] Stealth Rock\n|-enditem|p2a: Iron Valiant|Booster Energy\n|-activate|p2a: Iron Valiant|ability: Quark Drive|[fromitem]\n|-start|p2a: Iron Valiant|quarkdrivespe\n|turn|13\n|\n|t:|1701194822\n|move|p2a: Iron Valiant|Thunderbolt|p1a: Braviary\n|-supereffective|p1a: Braviary\n|-damage|p1a: Braviary|45\/100\n|move|p1a: Braviary|Air Slash|p2a: Iron Valiant\n|-supereffective|p2a: Iron Valiant\n|-damage|p2a: Iron Valiant|0 fnt\n|faint|p2a: Iron Valiant\n|-end|p2a: Iron Valiant|Quark Drive|[silent]\n|\n|upkeep\n|\n|t:|1701194830\n|switch|p2a: Ogerpon|Ogerpon-Wellspring, F|100\/100\n|-damage|p2a: Ogerpon|88\/100|[from] Stealth Rock\n|turn|14\n|\n|t:|1701194838\n|switch|p1a: Electrode|Electrode-Hisui|100\/100\n|move|p2a: Ogerpon|Spiky Shield||[still]\n|-fail|p2a: Ogerpon\n|\n|upkeep\n|turn|15\n|\n|t:|1701194850\n|move|p1a: Electrode|Thunderbolt|p2a: Ogerpon\n|-damage|p2a: Ogerpon|29\/100\n|move|p2a: Ogerpon|Ivy Cudgel|p1a: Electrode|[anim] Ivy Cudgel Water\n|-resisted|p1a: Electrode\n|-damage|p1a: Electrode|47\/100\n|\n|upkeep\n|turn|16\n|\n|t:|1701194856\n|move|p2a: Ogerpon|Spiky Shield|p2a: Ogerpon\n|-singleturn|p2a: Ogerpon|move: Protect\n|move|p1a: Electrode|Thunderbolt|p2a: Ogerpon\n|-activate|p2a: Ogerpon|move: Protect\n|\n|upkeep\n|turn|17\n|\n|t:|1701194861\n|switch|p2a: Heatran|Heatran, M|100\/100\n|-damage|p2a: Heatran|88\/100|[from] Stealth Rock\n|move|p1a: Electrode|Thunderbolt|p2a: Heatran\n|-damage|p2a: Heatran|43\/100\n|\n|upkeep\n|turn|18\n|\n|t:|1701194869\n|move|p1a: Electrode|Thunderbolt|p2a: Heatran\n|-damage|p2a: Heatran|0 fnt\n|faint|p2a: Heatran\n|\n|upkeep\n|\n|t:|1701194872\n|switch|p2a: Scizor|Scizor, F, shiny|25\/100\n|-damage|p2a: Scizor|13\/100|[from] Stealth Rock\n|turn|19\n|\n|t:|1701194884\n|-terastallize|p2a: Scizor|Steel\n|move|p2a: Scizor|Bullet Punch|p1a: Electrode\n|-resisted|p1a: Electrode\n|-damage|p1a: Electrode|0 fnt\n|faint|p1a: Electrode\n|\n|upkeep\n|\n|t:|1701194891\n|switch|p1a: Braviary|Braviary-Hisui, M|45\/100\n|turn|20\n|\n|t:|1701194895\n|move|p1a: Braviary|Vacuum Wave|p2a: Scizor\n|-supereffective|p2a: Scizor\n|-damage|p2a: Scizor|0 fnt\n|faint|p2a: Scizor\n|\n|upkeep\n|\n|t:|1701194897\n|switch|p2a: Ogerpon|Ogerpon-Wellspring, F|29\/100\n|-damage|p2a: Ogerpon|17\/100|[from] Stealth Rock\n|turn|21\n|-message|MrexGamer forfeited.\n|\n|win|RSDPM\n|raw|RSDPM's rating: 1337 &rarr; <strong>1354<\/strong><br \/>(+17 for winning)\n|raw|MrexGamer's rating: 1290 &rarr; <strong>1268<\/strong><br \/>(-22 for losing)\n|l|\u2606MrexGamer\n|l| Pure Power Pichu\n","uploadtime":1701194916,"views":1,"p1id":"rsdpm","p2id":"mrexgamer","formatid":"gen9ou","rating":1268,"private":0,"password":""}