{"id":"gen9ou-1995663872","p1":"Dark-J-K_78","p2":"thedebatablereaper","format":"[Gen 9] OU","log":"|j|\u2606Dark-J-K_78\n|j|\u2606thedebatablereaper\n|t:|1700591953\n|gametype|singles\n|player|p1|Dark-J-K_78|hilda|1671\n|player|p2|thedebatablereaper|101|1750\n|teamsize|p1|6\n|teamsize|p2|6\n|gen|9\n|tier|[Gen 9] OU\n|rated|\n|rule|Sleep Clause Mod: Limit one foe put to sleep\n|rule|Species Clause: Limit one of each Pok\u00e9mon\n|rule|OHKO Clause: OHKO moves are banned\n|rule|Evasion Items Clause: Evasion items are banned\n|rule|Evasion Moves Clause: Evasion moves are banned\n|rule|Endless Battle Clause: Forcing endless battles is banned\n|rule|HP Percentage Mod: HP is shown in percentages\n|clearpoke\n|poke|p1|Greninja-*, M|\n|poke|p1|Heatran, F|\n|poke|p1|Toxapex, M|\n|poke|p1|Zapdos|\n|poke|p1|Kingambit, M|\n|poke|p1|Clefable, M|\n|poke|p2|Ninetales-Alola, F|\n|poke|p2|Haxorus, M|\n|poke|p2|Great Tusk|\n|poke|p2|Ceruledge, M|\n|poke|p2|Samurott-Hisui, F|\n|poke|p2|Manaphy|\n|teampreview\n|\n|t:|1700591984\n|start\n|switch|p1a: Heatran|Heatran, F|100\/100\n|switch|p2a: Ninetales|Ninetales-Alola, F|100\/100\n|-weather|Snow|[from] ability: Snow Warning|[of] p2a: Ninetales\n|turn|1\n|\n|t:|1700592010\n|switch|p2a: Samurott|Samurott-Hisui, F|100\/100\n|move|p1a: Heatran|Magma Storm|p2a: Samurott\n|-resisted|p2a: Samurott\n|-damage|p2a: Samurott|69\/100\n|-activate|p2a: Samurott|move: Magma Storm|[of] p1a: Heatran\n|\n|-weather|Snow|[upkeep]\n|-damage|p2a: Samurott|57\/100|[from] move: Magma Storm|[partiallytrapped]\n|upkeep\n|turn|2\n|\n|t:|1700592025\n|switch|p1a: Clefable|Clefable, M|100\/100\n|move|p2a: Samurott|Ceaseless Edge|p1a: Clefable\n|-resisted|p1a: Clefable\n|-damage|p1a: Clefable|82\/100\n|-sidestart|p1: Dark-J-K_78|Spikes\n|\n|-weather|Snow|[upkeep]\n|-end|p2a: Samurott|Magma Storm|[partiallytrapped]|[silent]\n|upkeep\n|turn|3\n|j| FaronAan\n|\n|t:|1700592044\n|move|p2a: Samurott|Swords Dance|p2a: Samurott\n|-boost|p2a: Samurott|atk|2\n|move|p1a: Clefable|Moonblast|p2a: Samurott\n|-supereffective|p2a: Samurott\n|-damage|p2a: Samurott|0 fnt\n|faint|p2a: Samurott\n|\n|-weather|Snow|[upkeep]\n|upkeep\n|\n|t:|1700592052\n|switch|p2a: Ninetales|Ninetales-Alola, F|100\/100\n|turn|4\n|\n|t:|1700592057\n|switch|p1a: Heatran|Heatran, F|100\/100\n|-damage|p1a: Heatran|88\/100|[from] Spikes\n|move|p2a: Ninetales|Aurora Veil|p2a: Ninetales\n|-sidestart|p2: thedebatablereaper|move: Aurora Veil\n|\n|-weather|Snow|[upkeep]\n|-heal|p1a: Heatran|94\/100|[from] item: Leftovers\n|upkeep\n|turn|5\n|\n|t:|1700592072\n|switch|p2a: Great Tusk|Great Tusk|100\/100\n|-enditem|p2a: Great Tusk|Booster Energy\n|-activate|p2a: Great Tusk|ability: Protosynthesis|[fromitem]\n|-start|p2a: Great Tusk|protosynthesisspe\n|move|p1a: Heatran|Stealth Rock|p2a: Great Tusk\n|-sidestart|p2: thedebatablereaper|move: Stealth Rock\n|\n|-weather|none\n|-heal|p1a: Heatran|100\/100|[from] item: Leftovers\n|upkeep\n|turn|6\n|\n|t:|1700592084\n|switch|p1a: Clefable|Clefable, M|82\/100\n|move|p2a: Great Tusk|Bulk Up|p2a: Great Tusk\n|-boost|p2a: Great Tusk|atk|1\n|-boost|p2a: Great Tusk|def|1\n|\n|upkeep\n|turn|7\n|\n|t:|1700592092\n|move|p2a: Great Tusk|Rapid Spin|p1a: Clefable\n|-damage|p1a: Clefable|72\/100\n|-boost|p2a: Great Tusk|spe|1\n|-sideend|p2: thedebatablereaper|Stealth Rock|[from] move: Rapid Spin|[of] p2a: Great Tusk\n|move|p1a: Clefable|Moonblast|p2a: Great Tusk\n|-supereffective|p2a: Great Tusk\n|-damage|p2a: Great Tusk|62\/100\n|\n|upkeep\n|turn|8\n|\n|t:|1700592102\n|move|p2a: Great Tusk|Bulk Up|p2a: Great Tusk\n|-boost|p2a: Great Tusk|atk|1\n|-boost|p2a: Great Tusk|def|1\n|move|p1a: Clefable|Moonlight|p1a: Clefable\n|-heal|p1a: Clefable|100\/100\n|\n|upkeep\n|turn|9\n|\n|t:|1700592109\n|move|p2a: Great Tusk|Headlong Rush|p1a: Clefable\n|-crit|p1a: Clefable\n|-damage|p1a: Clefable|45\/100\n|-unboost|p2a: Great Tusk|def|1\n|-unboost|p2a: Great Tusk|spd|1\n|move|p1a: Clefable|Moonblast|p2a: Great Tusk\n|-supereffective|p2a: Great Tusk\n|-damage|p2a: Great Tusk|23\/100\n|\n|upkeep\n|turn|10\n|\n|t:|1700592118\n|move|p2a: Great Tusk|Headlong Rush|p1a: Clefable\n|-damage|p1a: Clefable|3\/100\n|-unboost|p2a: Great Tusk|def|1\n|-unboost|p2a: Great Tusk|spd|1\n|move|p1a: Clefable|Moonlight|p1a: Clefable\n|-heal|p1a: Clefable|53\/100\n|\n|upkeep\n|turn|11\n|\n|t:|1700592126\n|move|p2a: Great Tusk|Headlong Rush|p1a: Clefable\n|-damage|p1a: Clefable|13\/100\n|-unboost|p2a: Great Tusk|def|1\n|-unboost|p2a: Great Tusk|spd|1\n|move|p1a: Clefable|Moonlight|p1a: Clefable\n|-heal|p1a: Clefable|63\/100\n|\n|-sideend|p2: thedebatablereaper|move: Aurora Veil\n|upkeep\n|turn|12\n|\n|t:|1700592134\n|-end|p2a: Great Tusk|Protosynthesis|[silent]\n|switch|p2a: Ninetales|Ninetales-Alola, F|100\/100\n|-weather|Snow|[from] ability: Snow Warning|[of] p2a: Ninetales\n|move|p1a: Clefable|Moonblast|p2a: Ninetales\n|-damage|p2a: Ninetales|67\/100\n|\n|-weather|Snow|[upkeep]\n|upkeep\n|turn|13\n|\n|t:|1700592144\n|move|p2a: Ninetales|Aurora Veil|p2a: Ninetales\n|-sidestart|p2: thedebatablereaper|move: Aurora Veil\n|move|p1a: Clefable|Moonlight|p1a: Clefable\n|-heal|p1a: Clefable|88\/100\n|\n|-weather|Snow|[upkeep]\n|upkeep\n|turn|14\n|\n|t:|1700592150\n|move|p2a: Ninetales|Encore|p1a: Clefable\n|-start|p1a: Clefable|Encore\n|move|p1a: Clefable|Moonlight|p1a: Clefable\n|-heal|p1a: Clefable|100\/100\n|\n|-weather|Snow|[upkeep]\n|upkeep\n|turn|15\n|\n|t:|1700592161\n|switch|p2a: Haxorus|Haxorus, M|100\/100\n|-ability|p2a: Haxorus|Mold Breaker\n|switch|p1a: Zapdos|Zapdos|100\/100\n|\n|-weather|Snow|[upkeep]\n|upkeep\n|turn|16\n|\n|t:|1700592173\n|move|p1a: Zapdos|Volt Switch|p2a: Haxorus\n|-resisted|p2a: Haxorus\n|-damage|p2a: Haxorus|89\/100\n|\n|t:|1700592181\n|switch|p1a: Clefable|Clefable, M|100\/100|[from] Volt Switch\n|move|p2a: Haxorus|Swords Dance|p2a: Haxorus\n|-boost|p2a: Haxorus|atk|2\n|\n|-weather|none\n|upkeep\n|turn|17\n|\n|t:|1700592187\n|move|p2a: Haxorus|Iron Head|p1a: Clefable\n|-supereffective|p1a: Clefable\n|-damage|p1a: Clefable|0 fnt\n|faint|p1a: Clefable\n|\n|upkeep\n|\n|t:|1700592219\n|switch|p1a: Toxapex|Toxapex, M|100\/100\n|turn|18\n|\n|t:|1700592227\n|switch|p1a: Zapdos|Zapdos|100\/100\n|move|p2a: Haxorus|Scale Shot|p1a: Zapdos\n|-damage|p1a: Zapdos|69\/100\n|-damage|p1a: Zapdos|38\/100\n|-damage|p1a: Zapdos|8\/100\n|-hitcount|p1a: Zapdos|3\n|-unboost|p2a: Haxorus|def|1\n|-boost|p2a: Haxorus|spe|1\n|\n|upkeep\n|turn|19\n|\n|t:|1700592240\n|move|p2a: Haxorus|Tera Blast|p1a: Zapdos\n|-damage|p1a: Zapdos|0 fnt\n|faint|p1a: Zapdos\n|\n|upkeep\n|\n|t:|1700592250\n|switch|p1a: Toxapex|Toxapex, M|100\/100\n|turn|20\n|\n|t:|1700592258\n|-terastallize|p2a: Haxorus|Electric\n|move|p2a: Haxorus|Tera Blast|p1a: Toxapex|[anim] Tera Blast Electric\n|-supereffective|p1a: Toxapex\n|-damage|p1a: Toxapex|0 fnt\n|faint|p1a: Toxapex\n|\n|-sideend|p2: thedebatablereaper|move: Aurora Veil\n|upkeep\n|\n|t:|1700592265\n|switch|p1a: Kingambit|Kingambit, M|100\/100\n|-activate|p1a: Kingambit|ability: Supreme Overlord\n|-start|p1a: Kingambit|fallen3|[silent]\n|turn|21\n|\n|t:|1700592275\n|move|p1a: Kingambit|Sucker Punch|p2a: Haxorus\n|-damage|p2a: Haxorus|0 fnt\n|faint|p2a: Haxorus\n|\n|upkeep\n|\n|t:|1700592279\n|switch|p2a: Ninetales|Ninetales-Alola, F|67\/100\n|-weather|Snow|[from] ability: Snow Warning|[of] p2a: Ninetales\n|turn|22\n|\n|t:|1700592285\n|-end|p1a: Kingambit|fallen3|[silent]\n|switch|p1a: Heatran|Heatran, F|100\/100\n|-damage|p1a: Heatran|88\/100|[from] Spikes\n|move|p2a: Ninetales|Aurora Veil|p2a: Ninetales\n|-sidestart|p2: thedebatablereaper|move: Aurora Veil\n|\n|-weather|Snow|[upkeep]\n|-heal|p1a: Heatran|94\/100|[from] item: Leftovers\n|upkeep\n|turn|23\n|\n|t:|1700592302\n|switch|p2a: Ceruledge|Ceruledge, M|100\/100\n|move|p1a: Heatran|Taunt|p2a: Ceruledge\n|-start|p2a: Ceruledge|move: Taunt\n|\n|-weather|Snow|[upkeep]\n|-heal|p1a: Heatran|100\/100|[from] item: Leftovers\n|upkeep\n|turn|24\n|\n|t:|1700592310\n|move|p2a: Ceruledge|Poltergeist|p1a: Heatran\n|-activate|p1a: Heatran|move: Poltergeist|Leftovers\n|-damage|p1a: Heatran|57\/100\n|move|p1a: Heatran|Earth Power|p2a: Ceruledge\n|-supereffective|p2a: Ceruledge\n|-damage|p2a: Ceruledge|71\/100\n|-enditem|p2a: Ceruledge|Weakness Policy\n|-boost|p2a: Ceruledge|atk|2|[from] item: Weakness Policy\n|-boost|p2a: Ceruledge|spa|2|[from] item: Weakness Policy\n|\n|-weather|Snow|[upkeep]\n|-heal|p1a: Heatran|63\/100|[from] item: Leftovers\n|upkeep\n|turn|25\n|\n|t:|1700592336\n|move|p2a: Ceruledge|Poltergeist|p1a: Heatran\n|-activate|p1a: Heatran|move: Poltergeist|Leftovers\n|-damage|p1a: Heatran|0 fnt\n|faint|p1a: Heatran\n|\n|-weather|Snow|[upkeep]\n|-end|p2a: Ceruledge|move: Taunt\n|upkeep\n|\n|t:|1700592347\n|switch|p1a: Greninja|Greninja, M|100\/100\n|-damage|p1a: Greninja|88\/100|[from] Spikes\n|turn|26\n|\n|t:|1700592353\n|move|p1a: Greninja|Dark Pulse|p2a: Ceruledge\n|-start|p1a: Greninja|typechange|Dark|[from] ability: Protean\n|-supereffective|p2a: Ceruledge\n|-damage|p2a: Ceruledge|6\/100\n|move|p2a: Ceruledge|Bitter Blade|p1a: Greninja\n|-damage|p1a: Greninja|0 fnt\n|-heal|p2a: Ceruledge|49\/100|[from] drain|[of] p1a: Greninja\n|faint|p1a: Greninja\n|\n|-weather|none\n|upkeep\n|\n|t:|1700592362\n|switch|p1a: Kingambit|Kingambit, M|100\/100\n|-activate|p1a: Kingambit|ability: Supreme Overlord\n|-start|p1a: Kingambit|fallen5|[silent]\n|turn|27\n|\n|t:|1700592369\n|move|p2a: Ceruledge|Shadow Sneak|p1a: Kingambit\n|-resisted|p1a: Kingambit\n|-damage|p1a: Kingambit|86\/100\n|move|p1a: Kingambit|Sucker Punch||[still]\n|-fail|p1a: Kingambit\n|\n|upkeep\n|turn|28\n|\n|t:|1700592374\n|move|p1a: Kingambit|Sucker Punch|p2a: Ceruledge\n|-supereffective|p2a: Ceruledge\n|-damage|p2a: Ceruledge|0 fnt\n|faint|p2a: Ceruledge\n|\n|upkeep\n|\n|t:|1700592381\n|switch|p2a: Ninetales|Ninetales-Alola, F|67\/100\n|-weather|Snow|[from] ability: Snow Warning|[of] p2a: Ninetales\n|turn|29\n|\n|t:|1700592401\n|move|p2a: Ninetales|Encore|p1a: Kingambit\n|-start|p1a: Kingambit|Encore\n|move|p1a: Kingambit|Sucker Punch||[still]\n|-fail|p1a: Kingambit\n|\n|-weather|Snow|[upkeep]\n|-sideend|p2: thedebatablereaper|move: Aurora Veil\n|upkeep\n|turn|30\n|\n|t:|1700592406\n|move|p1a: Kingambit|Sucker Punch||[still]\n|-fail|p1a: Kingambit\n|move|p2a: Ninetales|Aurora Veil|p2a: Ninetales\n|-sidestart|p2: thedebatablereaper|move: Aurora Veil\n|\n|-weather|Snow|[upkeep]\n|upkeep\n|turn|31\n|\n|t:|1700592411\n|move|p1a: Kingambit|Sucker Punch|p2a: Ninetales\n|-resisted|p2a: Ninetales\n|-damage|p2a: Ninetales|54\/100\n|move|p2a: Ninetales|Moonblast|p1a: Kingambit\n|-damage|p1a: Kingambit|58\/100\n|\n|-weather|Snow|[upkeep]\n|-end|p1a: Kingambit|Encore\n|upkeep\n|turn|32\n|\n|t:|1700592418\n|move|p2a: Ninetales|Encore|p1a: Kingambit\n|-start|p1a: Kingambit|Encore\n|move|p1a: Kingambit|Sucker Punch||[still]\n|-fail|p1a: Kingambit\n|\n|-weather|Snow|[upkeep]\n|upkeep\n|turn|33\n|-message|Dark-J-K_78 forfeited.\n|\n|win|thedebatablereaper\n|raw|Dark-J-K_78's rating: 1671 &rarr; <strong>1655<\/strong><br \/>(-16 for losing)\n|raw|thedebatablereaper's rating: 1750 &rarr; <strong>1766<\/strong><br \/>(+16 for winning)\n|l|\u2606Dark-J-K_78\n|c|\u2606thedebatablereaper|gg\n","uploadtime":1700592427,"views":9,"p1id":"darkjk78","p2id":"thedebatablereaper","formatid":"gen9ou","rating":1655,"private":0,"password":""}