{"id":"gen9ou-2000439662","p1":"whitepikmin","p2":"dsjdsh","format":"[Gen 9] OU","log":"|j|\u2606whitepikmin\n|j|\u2606dsjdsh\n|inactive|Battle timer is ON: inactive players will automatically lose when time's up.\n|t:|1701194942\n|gametype|singles\n|player|p1|whitepikmin|wallace|\n|player|p2|dsjdsh|170|\n|teamsize|p1|6\n|teamsize|p2|6\n|gen|9\n|tier|[Gen 9] OU\n|rated|Tournament battle\n|rule|Sleep Clause Mod: Limit one foe put to sleep\n|rule|Species Clause: Limit one of each Pok\u00e9mon\n|rule|OHKO Clause: OHKO moves are banned\n|rule|Evasion Items Clause: Evasion items are banned\n|rule|Evasion Moves Clause: Evasion moves are banned\n|rule|Endless Battle Clause: Forcing endless battles is banned\n|rule|HP Percentage Mod: HP is shown in percentages\n|clearpoke\n|poke|p1|Weezing-Galar, M|\n|poke|p1|Samurott-Hisui, F|\n|poke|p1|Scream Tail|\n|poke|p1|Armarouge, M|\n|poke|p1|Slowking-Galar, M|\n|poke|p1|Iron Valiant|\n|poke|p2|Corviknight, M|\n|poke|p2|Golem, F|\n|poke|p2|Ceruledge, F|\n|poke|p2|Ribombee, M|\n|poke|p2|Walking Wake|\n|poke|p2|Alomomola, F|\n|teampreview\n|inactive|dsjdsh also wants the timer to be on.\n|\n|t:|1701194951\n|start\n|switch|p1a: Shirohige|Samurott-Hisui, F, shiny|100\/100\n|switch|p2a: Golem|Golem, F|100\/100\n|turn|1\n|j| Antarcthyx\n|\n|t:|1701194963\n|move|p1a: Shirohige|Ceaseless Edge|p2a: Golem\n|-damage|p2a: Golem|66\/100\n|-sidestart|p2: dsjdsh|Spikes\n|move|p2a: Golem|Stealth Rock|p1a: Shirohige\n|-sidestart|p1: whitepikmin|move: Stealth Rock\n|\n|upkeep\n|turn|2\n|l| Antarcthyx\n|\n|t:|1701194969\n|move|p1a: Shirohige|Ceaseless Edge|p2a: Golem\n|-damage|p2a: Golem|33\/100\n|-sidestart|p2: dsjdsh|Spikes\n|move|p2a: Golem|Earthquake|p1a: Shirohige\n|-damage|p1a: Shirohige|35\/100\n|\n|upkeep\n|turn|3\n|\n|t:|1701194977\n|move|p1a: Shirohige|Ceaseless Edge|p2a: Golem\n|-damage|p2a: Golem|3\/100\n|-sidestart|p2: dsjdsh|Spikes\n|move|p2a: Golem|Explosion|p1a: Shirohige\n|-damage|p1a: Shirohige|0 fnt\n|faint|p2a: Golem\n|faint|p1a: Shirohige\n|\n|upkeep\n|\n|t:|1701195001\n|switch|p1a: Jogo|Armarouge, M|100\/100\n|switch|p2a: Alomomola|Alomomola, F|100\/100\n|-damage|p1a: Jogo|76\/100|[from] Stealth Rock\n|-damage|p2a: Alomomola|76\/100|[from] Spikes\n|turn|4\n|\n|t:|1701195007\n|switch|p1a: Gent|Weezing-Galar, M, shiny|100\/100\n|-damage|p1a: Gent|88\/100|[from] Stealth Rock\n|move|p2a: Alomomola|Protect||[still]\n|-fail|p2a: Alomomola\n|\n|-heal|p2a: Alomomola|82\/100|[from] item: Leftovers\n|-heal|p1a: Gent|94\/100|[from] item: Black Sludge\n|upkeep\n|turn|5\n|\n|t:|1701195012\n|move|p2a: Alomomola|Flip Turn|p1a: Gent\n|-damage|p1a: Gent|82\/100\n|\n|t:|1701195016\n|switch|p2a: Ceruledge|Ceruledge, F|100\/100|[from] Flip Turn\n|move|p1a: Gent|Defog|p2a: Ceruledge\n|-unboost|p2a: Ceruledge|evasion|1\n|-sideend|p2: dsjdsh|Spikes|[from] move: Defog|[of] p1a: Gent\n|-sideend|p1: whitepikmin|Stealth Rock|[from] move: Defog|[of] p1a: Gent\n|\n|-heal|p1a: Gent|88\/100|[from] item: Black Sludge\n|upkeep\n|turn|6\n|\n|t:|1701195028\n|switch|p1a: AngrySquare|Scream Tail|100\/100\n|move|p2a: Ceruledge|Swords Dance|p2a: Ceruledge\n|-boost|p2a: Ceruledge|atk|2\n|\n|upkeep\n|turn|7\n|\n|t:|1701195035\n|-terastallize|p2a: Ceruledge|Ghost\n|move|p2a: Ceruledge|Shadow Sneak|p1a: AngrySquare\n|-supereffective|p1a: AngrySquare\n|-damage|p1a: AngrySquare|20\/100\n|move|p1a: AngrySquare|Encore|p2a: Ceruledge\n|-start|p2a: Ceruledge|Encore\n|\n|upkeep\n|turn|8\n|\n|t:|1701195058\n|-end|p1a: AngrySquare|Protosynthesis|[silent]\n|switch|p1a: Gent|Weezing-Galar, M, shiny|88\/100\n|move|p2a: Ceruledge|Shadow Sneak|p1a: Gent\n|-damage|p1a: Gent|53\/100\n|\n|-heal|p1a: Gent|59\/100|[from] item: Black Sludge\n|upkeep\n|turn|9\n|\n|t:|1701195069\n|switch|p2a: Corviknight|Corviknight, M|100\/100\n|move|p1a: Gent|Pain Split|p2a: Corviknight\n|-sethp|p2a: Corviknight|79\/100|[from] move: Pain Split|[silent]\n|-sethp|p1a: Gent|82\/100|[from] move: Pain Split\n|\n|-heal|p1a: Gent|88\/100|[from] item: Black Sludge\n|upkeep\n|turn|10\n|c|\u2606dsjdsh|OH SHIT\n|c|\u2606dsjdsh|I FORGOT TO GIVE CORV A HELD ITEM\n|\n|t:|1701195096\n|move|p1a: Gent|Protect|p1a: Gent\n|-singleturn|p1a: Gent|Protect\n|move|p2a: Corviknight|Brave Bird|p1a: Gent\n|-activate|p1a: Gent|move: Protect\n|\n|-heal|p1a: Gent|94\/100|[from] item: Black Sludge\n|upkeep\n|turn|11\n|inactive|whitepikmin has 120 seconds left.\n|\n|t:|1701195122\n|switch|p2a: Ceruledge|Ceruledge, F, tera:Ghost|100\/100\n|switch|p1a: Jogo|Armarouge, M|76\/100\n|\n|upkeep\n|turn|12\n|inactive|whitepikmin has 120 seconds left.\n|\n|t:|1701195135\n|-terastallize|p1a: Jogo|Fire\n|move|p2a: Ceruledge|Swords Dance|p2a: Ceruledge\n|-boost|p2a: Ceruledge|atk|2\n|move|p1a: Jogo|Armor Cannon|p2a: Ceruledge\n|-damage|p2a: Ceruledge|0 fnt\n|-unboost|p1a: Jogo|def|1\n|-unboost|p1a: Jogo|spd|1\n|faint|p2a: Ceruledge\n|\n|upkeep\n|\n|t:|1701195139\n|switch|p2a: Walking Wake|Walking Wake|100\/100\n|turn|13\n|\n|t:|1701195154\n|switch|p1a: Claude|Slowking-Galar, M, shiny|100\/100\n|move|p2a: Walking Wake|Sunny Day|p2a: Walking Wake\n|-weather|SunnyDay\n|-activate|p2a: Walking Wake|ability: Protosynthesis\n|-start|p2a: Walking Wake|protosynthesisspa\n|\n|-weather|SunnyDay|[upkeep]\n|upkeep\n|turn|14\n|\n|t:|1701195160\n|move|p2a: Walking Wake|Hydro Steam|p1a: Claude\n|-damage|p1a: Claude|37\/100\n|-damage|p2a: Walking Wake|91\/100|[from] item: Life Orb\n|move|p1a: Claude|Thunder Wave|p2a: Walking Wake\n|-status|p2a: Walking Wake|par\n|\n|-weather|SunnyDay|[upkeep]\n|upkeep\n|turn|15\n|\n|t:|1701195171\n|switch|p1a: AngrySquare|Scream Tail|20\/100\n|-activate|p1a: AngrySquare|ability: Protosynthesis\n|-start|p1a: AngrySquare|protosynthesisspe\n|move|p2a: Walking Wake|Hydro Steam|p1a: AngrySquare\n|-damage|p1a: AngrySquare|0 fnt\n|faint|p1a: AngrySquare\n|-end|p1a: AngrySquare|Protosynthesis|[silent]\n|-damage|p2a: Walking Wake|81\/100 par|[from] item: Life Orb\n|\n|-weather|SunnyDay|[upkeep]\n|upkeep\n|\n|t:|1701195179\n|switch|p1a: Iron Valiant|Iron Valiant|100\/100\n|-enditem|p1a: Iron Valiant|Booster Energy\n|-activate|p1a: Iron Valiant|ability: Quark Drive|[fromitem]\n|-start|p1a: Iron Valiant|quarkdrivespe\n|turn|16\n|\n|t:|1701195190\n|-end|p2a: Walking Wake|Protosynthesis|[silent]\n|switch|p2a: Corviknight|Corviknight, M|79\/100\n|move|p1a: Iron Valiant|Substitute|p1a: Iron Valiant\n|-start|p1a: Iron Valiant|Substitute\n|-damage|p1a: Iron Valiant|76\/100\n|\n|-weather|SunnyDay|[upkeep]\n|upkeep\n|turn|17\n|\n|t:|1701195195\n|move|p1a: Iron Valiant|Swords Dance|p1a: Iron Valiant\n|-boost|p1a: Iron Valiant|atk|2\n|move|p2a: Corviknight|Brave Bird|p1a: Iron Valiant\n|-supereffective|p1a: Iron Valiant\n|-end|p1a: Iron Valiant|Substitute\n|-damage|p2a: Corviknight|72\/100|[from] Recoil|[of] p1a: Iron Valiant\n|\n|-weather|none\n|upkeep\n|turn|18\n|\n|t:|1701195221\n|-end|p1a: Iron Valiant|Quark Drive|[silent]\n|switch|p1a: Gent|Weezing-Galar, M, shiny|94\/100\n|move|p2a: Corviknight|Brave Bird|p1a: Gent\n|-damage|p1a: Gent|71\/100\n|-damage|p2a: Corviknight|64\/100|[from] Recoil\n|\n|-heal|p1a: Gent|77\/100|[from] item: Black Sludge\n|upkeep\n|turn|19\n|\n|t:|1701195232\n|switch|p1a: Claude|Slowking-Galar, M, shiny|70\/100\n|move|p2a: Corviknight|Roost|p2a: Corviknight\n|-heal|p2a: Corviknight|100\/100\n|-singleturn|p2a: Corviknight|move: Roost\n|\n|upkeep\n|turn|20\n|\n|t:|1701195241\n|move|p2a: Corviknight|U-turn|p1a: Claude\n|-damage|p1a: Claude|56\/100\n|\n|t:|1701195248\n|switch|p2a: Walking Wake|Walking Wake|81\/100 par|[from] U-turn\n|move|p1a: Claude|Thunder Wave|p2a: Walking Wake\n|-fail|p2a: Walking Wake|par\n|\n|upkeep\n|turn|21\n|\n|t:|1701195255\n|move|p2a: Walking Wake|Hydro Steam|p1a: Claude\n|-damage|p1a: Claude|25\/100\n|-damage|p2a: Walking Wake|71\/100 par|[from] item: Life Orb\n|move|p1a: Claude|Slack Off|p1a: Claude\n|-heal|p1a: Claude|75\/100\n|\n|upkeep\n|turn|22\n|\n|t:|1701195268\n|move|p2a: Walking Wake|Hydro Steam|p1a: Claude\n|-damage|p1a: Claude|43\/100\n|-damage|p2a: Walking Wake|62\/100 par|[from] item: Life Orb\n|move|p1a: Claude|Future Sight|p2a: Walking Wake\n|-start|p1a: Claude|move: Future Sight\n|\n|upkeep\n|turn|23\n|\n|t:|1701195272\n|cant|p2a: Walking Wake|par\n|move|p1a: Claude|Slack Off|p1a: Claude\n|-heal|p1a: Claude|93\/100\n|\n|upkeep\n|turn|24\n|\n|t:|1701195277\n|-end|p2a: Walking Wake|Protosynthesis|[silent]\n|switch|p2a: Corviknight|Corviknight, M|100\/100\n|move|p1a: Claude|Sludge Bomb|p2a: Corviknight\n|-immune|p2a: Corviknight\n|\n|-end|p2a: Corviknight|move: Future Sight\n|-resisted|p2a: Corviknight\n|-crit|p2a: Corviknight\n|-damage|p2a: Corviknight|72\/100\n|upkeep\n|turn|25\n|\n|t:|1701195283\n|move|p2a: Corviknight|U-turn|p1a: Claude\n|-damage|p1a: Claude|78\/100\n|\n|t:|1701195284\n|switch|p2a: Walking Wake|Walking Wake|62\/100 par|[from] U-turn\n|move|p1a: Claude|Thunder Wave|p2a: Walking Wake\n|-fail|p2a: Walking Wake|par\n|\n|upkeep\n|turn|26\n|\n|t:|1701195286\n|move|p2a: Walking Wake|Hydro Steam|p1a: Claude\n|-damage|p1a: Claude|46\/100\n|-damage|p2a: Walking Wake|52\/100 par|[from] item: Life Orb\n|move|p1a: Claude|Future Sight|p2a: Walking Wake\n|-start|p1a: Claude|move: Future Sight\n|\n|upkeep\n|turn|27\n|\n|t:|1701195288\n|move|p2a: Walking Wake|Draco Meteor|p1a: Claude\n|-damage|p1a: Claude|0 fnt\n|-unboost|p2a: Walking Wake|spa|2\n|faint|p1a: Claude\n|-damage|p2a: Walking Wake|42\/100 par|[from] item: Life Orb\n|\n|upkeep\n|\n|t:|1701195306\n|switch|p1a: Jogo|Armarouge, M, tera:Fire|76\/100\n|turn|28\n|\n|t:|1701195314\n|-end|p2a: Walking Wake|Protosynthesis|[silent]\n|switch|p2a: Alomomola|Alomomola, F|100\/100\n|move|p1a: Jogo|Calm Mind|p1a: Jogo\n|-boost|p1a: Jogo|spa|1\n|-boost|p1a: Jogo|spd|1\n|\n|-end|p2a: Alomomola|move: Future Sight\n|-damage|p2a: Alomomola|60\/100\n|-heal|p2a: Alomomola|66\/100|[from] item: Leftovers\n|upkeep\n|turn|29\n|\n|t:|1701195338\n|move|p1a: Jogo|Psychic|p2a: Alomomola\n|-damage|p2a: Alomomola|0 fnt\n|faint|p2a: Alomomola\n|\n|upkeep\n|\n|t:|1701195346\n|switch|p2a: Ribombee|Ribombee, M|100\/100\n|turn|30\n|-message|dsjdsh forfeited.\n|\n|win|whitepikmin\n|n|\u2606whitepikmin|whitepikmin\n|n|\u2606dsjdsh|dsjdsh\n|l|\u2606dsjdsh\n|c|\u2606whitepikmin|gg\n","uploadtime":1701195360,"views":2,"p1id":"whitepikmin","p2id":"dsjdsh","formatid":"gen9ou","rating":0,"private":0,"password":""}