{"id":"gen9ou-1994187831","p1":"AdaptiveAssault","p2":"Poison Ivy Thorns","format":"[Gen 9] OU","log":"|j|\u2606AdaptiveAssault\n|j|\u2606Poison Ivy Thorns\n|t:|1700416828\n|gametype|singles\n|player|p1|AdaptiveAssault|170|1237\n|player|p2|Poison Ivy Thorns|mela|1345\n|teamsize|p1|6\n|teamsize|p2|6\n|gen|9\n|tier|[Gen 9] OU\n|rated|\n|rule|Sleep Clause Mod: Limit one foe put to sleep\n|rule|Species Clause: Limit one of each Pok\u00e9mon\n|rule|OHKO Clause: OHKO moves are banned\n|rule|Evasion Items Clause: Evasion items are banned\n|rule|Evasion Moves Clause: Evasion moves are banned\n|rule|Endless Battle Clause: Forcing endless battles is banned\n|rule|HP Percentage Mod: HP is shown in percentages\n|clearpoke\n|poke|p1|Goodra-Hisui, M|\n|poke|p1|Cinderace, F|\n|poke|p1|Zamazenta-*|\n|poke|p1|Tornadus-Therian, M|\n|poke|p1|Rillaboom, F|\n|poke|p1|Grafaiai, F|\n|poke|p2|Torkoal, F|\n|poke|p2|Hatterene, F|\n|poke|p2|Iron Hands|\n|poke|p2|Mimikyu, M|\n|poke|p2|Garganacl, M|\n|poke|p2|Kingambit, M|\n|teampreview\n|inactive|Battle timer is ON: inactive players will automatically lose when time's up. (requested by Poison Ivy Thorns)\n|inactive|Poison Ivy Thorns has 120 seconds left.\n|inactive|Poison Ivy Thorns has 90 seconds left.\n|\n|t:|1700416901\n|start\n|switch|p1a: BELLIGOL BELLIGOL|Cinderace, F|100\/100\n|switch|p2a: Garganacl|Garganacl, M|100\/100\n|turn|1\n|\n|t:|1700416906\n|move|p1a: BELLIGOL BELLIGOL|U-turn|p2a: Garganacl\n|-start|p1a: BELLIGOL BELLIGOL|typechange|Bug|[from] ability: Libero\n|-damage|p2a: Garganacl|86\/100\n|\n|t:|1700416912\n|switch|p1a: GAMBIT SWITCHIN|Zamazenta|100\/100|[from] U-turn\n|-ability|p1a: GAMBIT SWITCHIN|Dauntless Shield|boost\n|-boost|p1a: GAMBIT SWITCHIN|def|1\n|move|p2a: Garganacl|Salt Cure|p1a: GAMBIT SWITCHIN\n|-resisted|p1a: GAMBIT SWITCHIN\n|-damage|p1a: GAMBIT SWITCHIN|97\/100\n|-start|p1a: GAMBIT SWITCHIN|Salt Cure\n|\n|-heal|p1a: GAMBIT SWITCHIN|100\/100|[from] item: Leftovers\n|-heal|p2a: Garganacl|92\/100|[from] item: Leftovers\n|-damage|p1a: GAMBIT SWITCHIN|88\/100|[from] Salt Cure\n|upkeep\n|turn|2\n|\n|t:|1700416916\n|switch|p2a: Mimikyu|Mimikyu, M|100\/100\n|move|p1a: GAMBIT SWITCHIN|Iron Defense|p1a: GAMBIT SWITCHIN\n|-boost|p1a: GAMBIT SWITCHIN|def|2\n|\n|-heal|p1a: GAMBIT SWITCHIN|94\/100|[from] item: Leftovers\n|-damage|p1a: GAMBIT SWITCHIN|82\/100|[from] Salt Cure\n|upkeep\n|turn|3\n|\n|t:|1700416926\n|move|p1a: GAMBIT SWITCHIN|Iron Defense|p1a: GAMBIT SWITCHIN\n|-boost|p1a: GAMBIT SWITCHIN|def|2\n|move|p2a: Mimikyu|Trick Room|p2a: Mimikyu\n|-fieldstart|move: Trick Room|[of] p2a: Mimikyu\n|\n|-heal|p1a: GAMBIT SWITCHIN|88\/100|[from] item: Leftovers\n|-damage|p1a: GAMBIT SWITCHIN|76\/100|[from] Salt Cure\n|upkeep\n|turn|4\n|\n|t:|1700416930\n|move|p2a: Mimikyu|Play Rough|p1a: GAMBIT SWITCHIN|[miss]\n|-miss|p2a: Mimikyu|p1a: GAMBIT SWITCHIN\n|move|p1a: GAMBIT SWITCHIN|Iron Defense|p1a: GAMBIT SWITCHIN\n|-boost|p1a: GAMBIT SWITCHIN|def|1\n|\n|-heal|p1a: GAMBIT SWITCHIN|82\/100|[from] item: Leftovers\n|-damage|p1a: GAMBIT SWITCHIN|69\/100|[from] Salt Cure\n|upkeep\n|turn|5\n|inactive|AdaptiveAssault has 120 seconds left.\n|\n|t:|1700416964\n|move|p2a: Mimikyu|Play Rough|p1a: GAMBIT SWITCHIN\n|-supereffective|p1a: GAMBIT SWITCHIN\n|-damage|p1a: GAMBIT SWITCHIN|55\/100\n|move|p1a: GAMBIT SWITCHIN|Substitute|p1a: GAMBIT SWITCHIN\n|-start|p1a: GAMBIT SWITCHIN|Substitute\n|-damage|p1a: GAMBIT SWITCHIN|30\/100\n|\n|-heal|p1a: GAMBIT SWITCHIN|36\/100|[from] item: Leftovers\n|-damage|p1a: GAMBIT SWITCHIN|23\/100|[from] Salt Cure\n|upkeep\n|turn|6\n|\n|t:|1700416970\n|move|p2a: Mimikyu|Play Rough|p1a: GAMBIT SWITCHIN\n|-supereffective|p1a: GAMBIT SWITCHIN\n|-activate|p1a: GAMBIT SWITCHIN|move: Substitute|[damage]\n|move|p1a: GAMBIT SWITCHIN|Crunch|p2a: Mimikyu\n|-activate|p2a: Mimikyu|ability: Disguise\n|-damage|p2a: Mimikyu|100\/100\n|detailschange|p2a: Mimikyu|Mimikyu-Busted, M\n|-damage|p2a: Mimikyu|88\/100|[from] pokemon: Mimikyu-Busted\n|-enditem|p2a: Mimikyu|Red Card|[of] p1a: GAMBIT SWITCHIN\n|drag|p1a: defogger|Tornadus-Therian, M|100\/100\n|\n|upkeep\n|turn|7\n|\n|t:|1700416981\n|switch|p2a: Garganacl|Garganacl, M|92\/100\n|move|p1a: defogger|Bleakwind Storm|p2a: Garganacl\n|-resisted|p2a: Garganacl\n|-damage|p2a: Garganacl|74\/100\n|\n|-heal|p2a: Garganacl|80\/100|[from] item: Leftovers\n|-fieldend|move: Trick Room\n|upkeep\n|turn|8\n|\n|t:|1700416987\n|move|p1a: defogger|U-turn|p2a: Garganacl\n|-damage|p2a: Garganacl|72\/100\n|\n|t:|1700416989\n|switch|p1a: badumcha|Rillaboom, F|100\/100|[from] U-turn\n|-fieldstart|move: Grassy Terrain|[from] ability: Grassy Surge|[of] p1a: badumcha\n|move|p2a: Garganacl|Salt Cure|p1a: badumcha\n|-damage|p1a: badumcha|86\/100\n|-start|p1a: badumcha|Salt Cure\n|\n|-heal|p1a: badumcha|92\/100|[from] Grassy Terrain\n|-heal|p2a: Garganacl|78\/100|[from] Grassy Terrain\n|-heal|p2a: Garganacl|84\/100|[from] item: Leftovers\n|-damage|p1a: badumcha|80\/100|[from] Salt Cure\n|upkeep\n|turn|9\n|\n|t:|1700416995\n|switch|p2a: Torkoal|Torkoal, F|100\/100\n|-weather|SunnyDay|[from] ability: Drought|[of] p2a: Torkoal\n|move|p1a: badumcha|Grassy Glide|p2a: Torkoal\n|-resisted|p2a: Torkoal\n|-damage|p2a: Torkoal|80\/100\n|\n|-weather|SunnyDay|[upkeep]\n|-heal|p1a: badumcha|86\/100|[from] Grassy Terrain\n|-heal|p2a: Torkoal|86\/100|[from] Grassy Terrain\n|-damage|p1a: badumcha|74\/100|[from] Salt Cure\n|upkeep\n|turn|10\n|\n|t:|1700417008\n|switch|p1a: defogger|Tornadus-Therian, M|100\/100\n|move|p2a: Torkoal|Eruption|p1a: defogger\n|-damage|p1a: defogger|0 fnt\n|faint|p1a: defogger\n|\n|-weather|SunnyDay|[upkeep]\n|-heal|p2a: Torkoal|92\/100|[from] Grassy Terrain\n|upkeep\n|\n|t:|1700417022\n|switch|p1a: BELLIGOL BELLIGOL|Cinderace, F|100\/100\n|turn|11\n|\n|t:|1700417027\n|move|p1a: BELLIGOL BELLIGOL|U-turn|p2a: Torkoal\n|-start|p1a: BELLIGOL BELLIGOL|typechange|Bug|[from] ability: Libero\n|-resisted|p2a: Torkoal\n|-damage|p2a: Torkoal|81\/100\n|\n|t:|1700417033\n|switch|p1a: GAMBIT SWITCHIN|Zamazenta|23\/100|[from] U-turn\n|move|p2a: Torkoal|Eruption|p1a: GAMBIT SWITCHIN\n|-damage|p1a: GAMBIT SWITCHIN|0 fnt\n|faint|p1a: GAMBIT SWITCHIN\n|\n|-weather|SunnyDay|[upkeep]\n|-heal|p2a: Torkoal|87\/100|[from] Grassy Terrain\n|upkeep\n|\n|t:|1700417037\n|switch|p1a: BELLIGOL BELLIGOL|Cinderace, F|100\/100\n|turn|12\n|\n|t:|1700417043\n|move|p1a: BELLIGOL BELLIGOL|Pyro Ball|p2a: Torkoal\n|-resisted|p2a: Torkoal\n|-damage|p2a: Torkoal|58\/100\n|move|p2a: Torkoal|Eruption|p1a: BELLIGOL BELLIGOL\n|-resisted|p1a: BELLIGOL BELLIGOL\n|-damage|p1a: BELLIGOL BELLIGOL|49\/100\n|\n|-weather|SunnyDay|[upkeep]\n|-heal|p1a: BELLIGOL BELLIGOL|55\/100|[from] Grassy Terrain\n|-heal|p2a: Torkoal|64\/100|[from] Grassy Terrain\n|-fieldend|move: Grassy Terrain\n|upkeep\n|turn|13\n|\n|t:|1700417050\n|move|p1a: BELLIGOL BELLIGOL|U-turn|p2a: Torkoal\n|-start|p1a: BELLIGOL BELLIGOL|typechange|Bug|[from] ability: Libero\n|-resisted|p2a: Torkoal\n|-damage|p2a: Torkoal|53\/100\n|\n|t:|1700417053\n|switch|p1a: badumcha|Rillaboom, F|74\/100|[from] U-turn\n|-fieldstart|move: Grassy Terrain|[from] ability: Grassy Surge|[of] p1a: badumcha\n|move|p2a: Torkoal|Eruption|p1a: badumcha\n|-supereffective|p1a: badumcha\n|-damage|p1a: badumcha|0 fnt\n|faint|p1a: badumcha\n|\n|-weather|none\n|-heal|p2a: Torkoal|60\/100|[from] Grassy Terrain\n|upkeep\n|\n|t:|1700417055\n|switch|p1a: SneasIer|Grafaiai, F|100\/100\n|-enditem|p1a: SneasIer|Grassy Seed\n|-boost|p1a: SneasIer|def|1|[from] item: Grassy Seed\n|turn|14\n|\n|t:|1700417062\n|move|p1a: SneasIer|Swords Dance|p1a: SneasIer\n|-boost|p1a: SneasIer|atk|2\n|move|p2a: Torkoal|Eruption|p1a: SneasIer\n|-damage|p1a: SneasIer|7\/100\n|\n|-heal|p1a: SneasIer|13\/100|[from] Grassy Terrain\n|-heal|p2a: Torkoal|66\/100|[from] Grassy Terrain\n|upkeep\n|turn|15\n|\n|t:|1700417075\n|switch|p2a: Mimikyu|Mimikyu-Busted, M|88\/100\n|-terastallize|p1a: SneasIer|Poison\n|move|p1a: SneasIer|Poison Jab|p2a: Mimikyu\n|-damage|p2a: Mimikyu|0 fnt\n|faint|p2a: Mimikyu\n|\n|-heal|p1a: SneasIer|19\/100|[from] Grassy Terrain\n|upkeep\n|\n|t:|1700417080\n|switch|p2a: Kingambit|Kingambit, M|100\/100\n|-activate|p2a: Kingambit|ability: Supreme Overlord\n|-start|p2a: Kingambit|fallen1|[silent]\n|turn|16\n|\n|t:|1700417094\n|move|p2a: Kingambit|Sucker Punch|p1a: SneasIer\n|-damage|p1a: SneasIer|0 fnt\n|faint|p1a: SneasIer\n|\n|upkeep\n|\n|t:|1700417097\n|switch|p1a: BELLIGOL BELLIGOL|Cinderace, F|55\/100\n|turn|17\n|\n|t:|1700417103\n|-end|p2a: Kingambit|fallen1|[silent]\n|switch|p2a: Torkoal|Torkoal, F|66\/100\n|-weather|SunnyDay|[from] ability: Drought|[of] p2a: Torkoal\n|move|p1a: BELLIGOL BELLIGOL|Pyro Ball|p2a: Torkoal\n|-resisted|p2a: Torkoal\n|-damage|p2a: Torkoal|39\/100\n|\n|-weather|SunnyDay|[upkeep]\n|-heal|p1a: BELLIGOL BELLIGOL|61\/100|[from] Grassy Terrain\n|-heal|p2a: Torkoal|45\/100|[from] Grassy Terrain\n|-fieldend|move: Grassy Terrain\n|upkeep\n|turn|18\n|\n|t:|1700417110\n|move|p1a: BELLIGOL BELLIGOL|Pyro Ball|p2a: Torkoal\n|-resisted|p2a: Torkoal\n|-damage|p2a: Torkoal|16\/100\n|move|p2a: Torkoal|Flamethrower|p1a: BELLIGOL BELLIGOL\n|-resisted|p1a: BELLIGOL BELLIGOL\n|-damage|p1a: BELLIGOL BELLIGOL|6\/100\n|\n|-weather|SunnyDay|[upkeep]\n|upkeep\n|turn|19\n|\n|t:|1700417112\n|move|p1a: BELLIGOL BELLIGOL|Pyro Ball|p2a: Torkoal\n|-resisted|p2a: Torkoal\n|-damage|p2a: Torkoal|0 fnt\n|faint|p2a: Torkoal\n|\n|-weather|SunnyDay|[upkeep]\n|upkeep\n|\n|t:|1700417120\n|switch|p2a: Garganacl|Garganacl, M|84\/100\n|turn|20\n|\n|t:|1700417124\n|-terastallize|p2a: Garganacl|Water\n|move|p1a: BELLIGOL BELLIGOL|Will-O-Wisp|p2a: Garganacl\n|-immune|p2a: Garganacl|[from] ability: Purifying Salt\n|move|p2a: Garganacl|Salt Cure|p1a: BELLIGOL BELLIGOL\n|-supereffective|p1a: BELLIGOL BELLIGOL\n|-damage|p1a: BELLIGOL BELLIGOL|0 fnt\n|faint|p1a: BELLIGOL BELLIGOL\n|\n|-weather|SunnyDay|[upkeep]\n|-heal|p2a: Garganacl|90\/100|[from] item: Leftovers\n|upkeep\n|\n|t:|1700417129\n|switch|p1a: goo|Goodra-Hisui, M|100\/100\n|turn|21\n|-message|AdaptiveAssault forfeited.\n|\n|win|Poison Ivy Thorns\n|raw|AdaptiveAssault's rating: 1237 &rarr; <strong>1220<\/strong><br \/>(-17 for losing)\n|raw|Poison Ivy Thorns's rating: 1345 &rarr; <strong>1359<\/strong><br \/>(+14 for winning)\n|l|\u2606AdaptiveAssault\n","uploadtime":1700417137,"views":8,"p1id":"adaptiveassault","p2id":"poisonivythorns","formatid":"gen9ou","rating":1220,"private":0,"password":""}