{"id":"gen9ou-1992623779","p1":"Syvxia","p2":"SovietSlav","format":"[Gen 9] OU","log":"|j|\u2606Syvxia\n|j|\u2606SovietSlav\n|t:|1700216466\n|gametype|singles\n|player|p1|Syvxia|n|1191\n|player|p2|SovietSlav|teamrocket|1198\n|teamsize|p1|6\n|teamsize|p2|6\n|gen|9\n|tier|[Gen 9] OU\n|rated|\n|rule|Sleep Clause Mod: Limit one foe put to sleep\n|rule|Species Clause: Limit one of each Pok\u00e9mon\n|rule|OHKO Clause: OHKO moves are banned\n|rule|Evasion Items Clause: Evasion items are banned\n|rule|Evasion Moves Clause: Evasion moves are banned\n|rule|Endless Battle Clause: Forcing endless battles is banned\n|rule|HP Percentage Mod: HP is shown in percentages\n|clearpoke\n|poke|p1|Ogerpon-Wellspring, F|\n|poke|p1|Rillaboom, M|\n|poke|p1|Sneasler, F|\n|poke|p1|Kingambit, F|\n|poke|p1|Iron Valiant|\n|poke|p1|Glimmora, F|\n|poke|p2|Alomomola, F|\n|poke|p2|Slowking-Galar, F|\n|poke|p2|Kingambit, F|\n|poke|p2|Great Tusk|\n|poke|p2|Cinderace, F|\n|poke|p2|Thundurus-Therian, M|\n|teampreview\n|\n|t:|1700216475\n|start\n|switch|p1a: Glimmora|Glimmora, F|100\/100\n|switch|p2a: Great Tusk|Great Tusk|100\/100\n|turn|1\n|\n|t:|1700216483\n|-terastallize|p1a: Glimmora|Grass\n|move|p2a: Great Tusk|Stealth Rock|p1a: Glimmora\n|-sidestart|p1: Syvxia|move: Stealth Rock\n|move|p1a: Glimmora|Energy Ball|p2a: Great Tusk\n|-supereffective|p2a: Great Tusk\n|-damage|p2a: Great Tusk|0 fnt\n|faint|p2a: Great Tusk\n|-end|p2a: Great Tusk|Protosynthesis|[silent]\n|\n|upkeep\n|\n|t:|1700216493\n|switch|p2a: Cinderace|Cinderace, F|100\/100\n|turn|2\n|inactive|Battle timer is ON: inactive players will automatically lose when time's up. (requested by Syvxia)\n|\n|t:|1700216499\n|move|p2a: Cinderace|Pyro Ball|p1a: Glimmora\n|-supereffective|p1a: Glimmora\n|-enditem|p1a: Glimmora|Focus Sash\n|-damage|p1a: Glimmora|1\/100\n|-activate|p1a: Glimmora|ability: Toxic Debris\n|-sidestart|p2: SovietSlav|move: Toxic Spikes\n|move|p1a: Glimmora|Mortal Spin|p2a: Cinderace\n|-damage|p2a: Cinderace|92\/100\n|-status|p2a: Cinderace|psn\n|-sideend|p1: Syvxia|Stealth Rock|[from] move: Mortal Spin|[of] p1a: Glimmora\n|\n|-damage|p2a: Cinderace|79\/100 psn|[from] psn\n|upkeep\n|turn|3\n|\n|t:|1700216522\n|move|p2a: Cinderace|U-turn|p1a: Glimmora\n|-start|p2a: Cinderace|typechange|Bug|[from] ability: Libero\n|-supereffective|p1a: Glimmora\n|-damage|p1a: Glimmora|0 fnt\n|-activate|p1a: Glimmora|ability: Toxic Debris\n|-sidestart|p2: SovietSlav|move: Toxic Spikes\n|faint|p1a: Glimmora\n|inactive|SovietSlav has 120 seconds left.\n|\n|t:|1700216544\n|switch|p2a: Thundurus|Thundurus-Therian, M|100\/100|[from] U-turn\n|\n|upkeep\n|inactive|Syvxia has 120 seconds left.\n|\n|t:|1700216571\n|switch|p1a: Kingambit|Kingambit, F|100\/100\n|-activate|p1a: Kingambit|ability: Supreme Overlord\n|-start|p1a: Kingambit|fallen1|[silent]\n|turn|4\n|inactive|SovietSlav has 120 seconds left.\n|\n|t:|1700216592\n|-end|p1a: Kingambit|fallen1|[silent]\n|switch|p1a: Rillaboom|Rillaboom, M|100\/100\n|-fieldstart|move: Grassy Terrain|[from] ability: Grassy Surge|[of] p1a: Rillaboom\n|move|p2a: Thundurus|Volt Switch|p1a: Rillaboom\n|-resisted|p1a: Rillaboom\n|-damage|p1a: Rillaboom|69\/100\n|\n|t:|1700216606\n|switch|p2a: Cinderace|Cinderace, F|79\/100 psn|[from] Volt Switch\n|\n|-heal|p2a: Cinderace|85\/100 psn|[from] Grassy Terrain\n|-heal|p1a: Rillaboom|75\/100|[from] Grassy Terrain\n|-damage|p2a: Cinderace|73\/100 psn|[from] psn\n|upkeep\n|turn|5\n|inactive|Syvxia has 120 seconds left.\n|\n|t:|1700216628\n|switch|p1a: Ogerpon|Ogerpon-Wellspring, F|100\/100\n|move|p2a: Cinderace|Pyro Ball|p1a: Ogerpon\n|-damage|p1a: Ogerpon|31\/100\n|\n|-heal|p2a: Cinderace|79\/100 psn|[from] Grassy Terrain\n|-heal|p1a: Ogerpon|37\/100|[from] Grassy Terrain\n|-damage|p2a: Cinderace|67\/100 psn|[from] psn\n|upkeep\n|turn|6\n|inactive|Syvxia has 120 seconds left.\n|inactive|SovietSlav has 90 seconds left.\n|c|\u2606SovietSlav|!dt grassy terrain\n|raw|<ul class=\"utilichart\"><li class=\"result\"><span class=\"col movenamecol\"><a href=\"https:\/\/dex.pokemonshowdown.com\/moves\/grassyterrain\">Grassy Terrain<\/a><\/span> <span class=\"col typecol\"><img src=\"\/\/play.pokemonshowdown.com\/sprites\/types\/Grass.png\" alt=\"Grass\" width=\"32\" height=\"14\"><img src=\"\/\/play.pokemonshowdown.com\/sprites\/categories\/Status.png\" alt=\"Status\" width=\"32\" height=\"14\"><\/span> <span class=\"col widelabelcol\"><em>Accuracy<\/em><br>\u2014<\/span> <span class=\"col pplabelcol\"><em>PP<\/em><br>16<\/span> <span class=\"col movedesccol\">5 turns. Grounded: +Grass power, +1\/16 max HP.<\/span> <\/li><li style=\"clear:both\"><\/li><\/ul>\n|raw|<font size=\"1\"><font color=\"#686868\">Priority:<\/font> 0&nbsp;|&ThickSpace;<font color=\"#686868\">Gen:<\/font> 6&nbsp;|&ThickSpace;&#10003; Bypasses Protect&nbsp;|&ThickSpace;<font color=\"#686868\">Z-Effect:<\/font>  Defense +1&nbsp;|&ThickSpace;<font color=\"#686868\">Target:<\/font> All Pok\u00e9mon<\/font>\n\n|\n|t:|1700216670\n|move|p2a: Cinderace|Pyro Ball|p1a: Ogerpon\n|-damage|p1a: Ogerpon|0 fnt\n|faint|p1a: Ogerpon\n|\n|-heal|p2a: Cinderace|73\/100 psn|[from] Grassy Terrain\n|-damage|p2a: Cinderace|60\/100 psn|[from] psn\n|upkeep\n|\n|t:|1700216679\n|switch|p1a: Sneasler|Sneasler, F|100\/100\n|-enditem|p1a: Sneasler|Grassy Seed\n|-boost|p1a: Sneasler|def|1|[from] item: Grassy Seed\n|turn|7\n|inactive|Syvxia has 120 seconds left.\n|\n|t:|1700216698\n|switch|p2a: Slowking|Slowking-Galar, F|100\/100\n|-sideend|p2: SovietSlav|move: Toxic Spikes|[of] p2a: Slowking\n|move|p1a: Sneasler|Dire Claw|p2a: Slowking\n|-resisted|p2a: Slowking\n|-damage|p2a: Slowking|75\/100\n|\n|-heal|p2a: Slowking|81\/100|[from] Grassy Terrain\n|upkeep\n|turn|8\n|\n|t:|1700216708\n|move|p1a: Sneasler|Swords Dance|p1a: Sneasler\n|-boost|p1a: Sneasler|atk|2\n|move|p2a: Slowking|Future Sight|p1a: Sneasler\n|-start|p2a: Slowking|move: Future Sight\n|\n|-heal|p2a: Slowking|88\/100|[from] Grassy Terrain\n|upkeep\n|turn|9\n|inactive|Syvxia has 120 seconds left.\n|inactive|SovietSlav has 60 seconds left.\n|c|\u2606SovietSlav|!dt dire claw\n|raw|<ul class=\"utilichart\"><li class=\"result\"><span class=\"col movenamecol\"><a href=\"https:\/\/dex.pokemonshowdown.com\/moves\/direclaw\">Dire Claw<\/a><\/span> <span class=\"col typecol\"><img src=\"\/\/play.pokemonshowdown.com\/sprites\/types\/Poison.png\" alt=\"Poison\" width=\"32\" height=\"14\"><img src=\"\/\/play.pokemonshowdown.com\/sprites\/categories\/Physical.png\" alt=\"Physical\" width=\"32\" height=\"14\"><\/span> <span class=\"col labelcol\"><em>Power<\/em><br>80<\/span> <span class=\"col widelabelcol\"><em>Accuracy<\/em><br>100%<\/span> <span class=\"col pplabelcol\"><em>PP<\/em><br>24<\/span> <span class=\"col movedesccol\">50% chance to sleep, poison, or paralyze target.<\/span> <\/li><li style=\"clear:both\"><\/li><\/ul>\n|raw|<font size=\"1\"><font color=\"#686868\">Priority:<\/font> 0&nbsp;|&ThickSpace;<font color=\"#686868\">Gen:<\/font> 9&nbsp;|&ThickSpace;&#10003; Boosted by Sheer Force&nbsp;|&ThickSpace;&#10003; Contact&nbsp;|&ThickSpace;<font color=\"#686868\">Z-Power:<\/font> 160&nbsp;|&ThickSpace;<font color=\"#686868\">Dynamax Power:<\/font> 90&nbsp;|&ThickSpace;<font color=\"#686868\">Target:<\/font> One Adjacent Pok\u00e9mon<\/font>\n\n|\n|t:|1700216749\n|move|p1a: Sneasler|Acrobatics|p2a: Slowking\n|-damage|p2a: Slowking|0 fnt\n|faint|p2a: Slowking\n|\n|upkeep\n|\n|t:|1700216755\n|switch|p2a: Thundurus|Thundurus-Therian, M|100\/100\n|turn|10\n|\n|t:|1700216763\n|-terastallize|p2a: Thundurus|Flying\n|move|p1a: Sneasler|Dire Claw|p2a: Thundurus\n|-damage|p2a: Thundurus|0 fnt\n|faint|p2a: Thundurus\n|\n|-end|p1a: Sneasler|move: Future Sight\n|-supereffective|p1a: Sneasler\n|-damage|p1a: Sneasler|0 fnt\n|faint|p1a: Sneasler\n|upkeep\n|inactive|Syvxia has 120 seconds left.\n|\n|t:|1700216781\n|switch|p1a: Iron Valiant|Iron Valiant|100\/100\n|switch|p2a: Cinderace|Cinderace, F|60\/100 psn\n|-enditem|p1a: Iron Valiant|Booster Energy\n|-activate|p1a: Iron Valiant|ability: Quark Drive|[fromitem]\n|-start|p1a: Iron Valiant|quarkdrivespe\n|turn|11\n|inactive|Syvxia has 120 seconds left.\n|\n|t:|1700216793\n|move|p1a: Iron Valiant|Aura Sphere|p2a: Cinderace\n|-damage|p2a: Cinderace|8\/100 psn\n|move|p2a: Cinderace|Pyro Ball|p1a: Iron Valiant\n|-damage|p1a: Iron Valiant|31\/100\n|\n|-heal|p1a: Iron Valiant|37\/100|[from] Grassy Terrain\n|-heal|p2a: Cinderace|14\/100 psn|[from] Grassy Terrain\n|-damage|p2a: Cinderace|2\/100 psn|[from] psn\n|-fieldend|move: Grassy Terrain\n|upkeep\n|turn|12\n|inactive|Syvxia has 120 seconds left.\n|\n|t:|1700216805\n|switch|p2a: Alomomola|Alomomola, F|100\/100\n|move|p1a: Iron Valiant|Aura Sphere|p2a: Alomomola\n|-damage|p2a: Alomomola|67\/100\n|-enditem|p2a: Alomomola|Red Card|[of] p1a: Iron Valiant\n|-end|p1a: Iron Valiant|Quark Drive|[silent]\n|drag|p1a: Rillaboom|Rillaboom, M|75\/100\n|-fieldstart|move: Grassy Terrain|[from] ability: Grassy Surge|[of] p1a: Rillaboom\n|\n|-heal|p1a: Rillaboom|81\/100|[from] Grassy Terrain\n|-heal|p2a: Alomomola|73\/100|[from] Grassy Terrain\n|upkeep\n|turn|13\n|inactive|Syvxia has 120 seconds left.\n|\n|t:|1700216821\n|move|p1a: Rillaboom|Knock Off|p2a: Alomomola\n|-damage|p2a: Alomomola|58\/100\n|move|p2a: Alomomola|Wish|p2a: Alomomola\n|\n|-heal|p1a: Rillaboom|87\/100|[from] Grassy Terrain\n|-heal|p2a: Alomomola|64\/100|[from] Grassy Terrain\n|upkeep\n|turn|14\n|\n|t:|1700216837\n|move|p1a: Rillaboom|Grassy Glide|p2a: Alomomola\n|-supereffective|p2a: Alomomola\n|-damage|p2a: Alomomola|12\/100\n|move|p2a: Alomomola|Flip Turn|p1a: Rillaboom\n|-resisted|p1a: Rillaboom\n|-damage|p1a: Rillaboom|80\/100\n|\n|t:|1700216844\n|switch|p2a: Cinderace|Cinderace, F|2\/100 psn|[from] Flip Turn\n|\n|-heal|p2a: Cinderace|80\/100 psn|[from] move: Wish|[wisher] Alomomola\n|-heal|p2a: Cinderace|86\/100 psn|[from] Grassy Terrain\n|-heal|p1a: Rillaboom|86\/100|[from] Grassy Terrain\n|-damage|p2a: Cinderace|74\/100 psn|[from] psn\n|upkeep\n|turn|15\n|inactive|Syvxia has 120 seconds left.\n|\n|t:|1700216879\n|switch|p1a: Iron Valiant|Iron Valiant|37\/100\n|move|p2a: Cinderace|Pyro Ball|p1a: Iron Valiant\n|-damage|p1a: Iron Valiant|0 fnt\n|faint|p1a: Iron Valiant\n|-end|p1a: Iron Valiant|Quark Drive|[silent]\n|\n|-heal|p2a: Cinderace|80\/100 psn|[from] Grassy Terrain\n|-damage|p2a: Cinderace|67\/100 psn|[from] psn\n|upkeep\n|\n|t:|1700216888\n|switch|p1a: Kingambit|Kingambit, F|100\/100\n|-activate|p1a: Kingambit|ability: Supreme Overlord\n|-start|p1a: Kingambit|fallen4|[silent]\n|turn|16\n|\n|t:|1700216895\n|move|p1a: Kingambit|Sucker Punch||[still]\n|-fail|p1a: Kingambit\n|move|p2a: Cinderace|Will-O-Wisp|p1a: Kingambit\n|-status|p1a: Kingambit|brn\n|\n|-heal|p2a: Cinderace|73\/100 psn|[from] Grassy Terrain\n|-damage|p2a: Cinderace|61\/100 psn|[from] psn\n|-damage|p1a: Kingambit|94\/100 brn|[from] brn\n|upkeep\n|turn|17\n|inactive|SovietSlav has 60 seconds left.\n|\n|t:|1700216922\n|move|p1a: Kingambit|Sucker Punch|p2a: Cinderace\n|-damage|p2a: Cinderace|18\/100 psn\n|move|p2a: Cinderace|Pyro Ball|p1a: Kingambit\n|-supereffective|p1a: Kingambit\n|-damage|p1a: Kingambit|0 fnt\n|faint|p1a: Kingambit\n|-end|p1a: Kingambit|fallen4|[silent]\n|\n|-heal|p2a: Cinderace|24\/100 psn|[from] Grassy Terrain\n|-damage|p2a: Cinderace|12\/100 psn|[from] psn\n|upkeep\n|\n|t:|1700216931\n|switch|p1a: Rillaboom|Rillaboom, M|86\/100\n|turn|18\n|\n|t:|1700216934\n|move|p1a: Rillaboom|Grassy Glide|p2a: Cinderace\n|-resisted|p2a: Cinderace\n|-damage|p2a: Cinderace|0 fnt\n|faint|p2a: Cinderace\n|\n|-heal|p1a: Rillaboom|92\/100|[from] Grassy Terrain\n|upkeep\n|\n|t:|1700216941\n|switch|p2a: Kingambit|Kingambit, F|100\/100\n|-activate|p2a: Kingambit|ability: Supreme Overlord\n|-start|p2a: Kingambit|fallen4|[silent]\n|turn|19\n|inactive|SovietSlav has 60 seconds left.\n|\n|t:|1700216946\n|move|p1a: Rillaboom|Drain Punch|p2a: Kingambit\n|-supereffective|p2a: Kingambit\n|-damage|p2a: Kingambit|23\/100\n|-heal|p1a: Rillaboom|100\/100|[from] drain|[of] p2a: Kingambit\n|move|p2a: Kingambit|Swords Dance|p2a: Kingambit\n|-boost|p2a: Kingambit|atk|2\n|\n|-heal|p2a: Kingambit|29\/100|[from] Grassy Terrain\n|-heal|p2a: Kingambit|35\/100|[from] item: Leftovers\n|-fieldend|move: Grassy Terrain\n|upkeep\n|turn|20\n|inactive|SovietSlav has 60 seconds left.\n|\n|t:|1700216959\n|move|p2a: Kingambit|Sucker Punch|p1a: Rillaboom\n|-damage|p1a: Rillaboom|0 fnt\n|faint|p1a: Rillaboom\n|\n|win|SovietSlav\n|raw|Syvxia's rating: 1191 &rarr; <strong>1167<\/strong><br \/>(-24 for losing)\n|raw|SovietSlav's rating: 1198 &rarr; <strong>1222<\/strong><br \/>(+24 for winning)\n|l|\u2606Syvxia\n","uploadtime":1700216971,"views":10,"p1id":"syvxia","p2id":"sovietslav","formatid":"gen9ou","rating":1167,"private":0,"password":""}