{"id":"gen9ou-1990237707","p1":"2021MarkelleFultz","p2":"xX_CoreEnforcer_Xx","format":"[Gen 9] OU","log":"|j|\u26062021MarkelleFultz\n|j|\u2606xX_CoreEnforcer_Xx\n|t:|1699942320\n|gametype|singles\n|player|p1|2021MarkelleFultz|caitlin|1327\n|player|p2|xX_CoreEnforcer_Xx|flannery|1320\n|teamsize|p1|6\n|teamsize|p2|6\n|gen|9\n|tier|[Gen 9] OU\n|rated|\n|rule|Sleep Clause Mod: Limit one foe put to sleep\n|rule|Species Clause: Limit one of each Pok\u00e9mon\n|rule|OHKO Clause: OHKO moves are banned\n|rule|Evasion Items Clause: Evasion items are banned\n|rule|Evasion Moves Clause: Evasion moves are banned\n|rule|Endless Battle Clause: Forcing endless battles is banned\n|rule|HP Percentage Mod: HP is shown in percentages\n|clearpoke\n|poke|p1|Pelipper, M|\n|poke|p1|Barraskewda, M|\n|poke|p1|Great Tusk|\n|poke|p1|Zapdos|\n|poke|p1|Kingambit, F|\n|poke|p1|Overqwil, M|\n|poke|p2|Garchomp, F|\n|poke|p2|Gholdengo|\n|poke|p2|Glimmora, F|\n|poke|p2|Cryogonal|\n|poke|p2|Iron Valiant|\n|poke|p2|Samurott-Hisui, F|\n|teampreview\n|inactive|Battle timer is ON: inactive players will automatically lose when time's up. (requested by 2021MarkelleFultz)\n|\n|t:|1699942325\n|start\n|switch|p1a: Quandale Wingull|Pelipper, M|100\/100\n|switch|p2a: Cryogonal|Cryogonal|100\/100\n|-weather|RainDance|[from] ability: Drizzle|[of] p1a: Quandale Wingull\n|turn|1\n|\n|t:|1699942328\n|switch|p1a: Draymond Green|Kingambit, F|100\/100\n|move|p2a: Cryogonal|Freeze-Dry|p1a: Draymond Green\n|-resisted|p1a: Draymond Green\n|-damage|p1a: Draymond Green|85\/100\n|\n|-weather|RainDance|[upkeep]\n|-heal|p1a: Draymond Green|91\/100|[from] item: Leftovers\n|upkeep\n|turn|2\n|\n|t:|1699942336\n|switch|p2a: Samurott|Samurott-Hisui, F|100\/100\n|move|p1a: Draymond Green|Swords Dance|p1a: Draymond Green\n|-boost|p1a: Draymond Green|atk|2\n|\n|-weather|RainDance|[upkeep]\n|-heal|p1a: Draymond Green|98\/100|[from] item: Leftovers\n|upkeep\n|turn|3\n|\n|t:|1699942339\n|move|p2a: Samurott|Sacred Sword|p1a: Draymond Green\n|-supereffective|p1a: Draymond Green\n|-damage|p1a: Draymond Green|0 fnt\n|faint|p1a: Draymond Green\n|-end|p1a: Draymond Green|fallenundefined|[silent]\n|\n|-weather|RainDance|[upkeep]\n|upkeep\n|\n|t:|1699942342\n|switch|p1a: Chirp Holmgren|Zapdos|100\/100\n|turn|4\n|\n|t:|1699942348\n|switch|p2a: Garchomp|Garchomp, F|100\/100\n|move|p1a: Chirp Holmgren|Weather Ball|p2a: Garchomp\n|-damage|p2a: Garchomp|68\/100\n|\n|-weather|RainDance|[upkeep]\n|upkeep\n|turn|5\n|\n|t:|1699942353\n|move|p1a: Chirp Holmgren|Weather Ball|p2a: Garchomp\n|-damage|p2a: Garchomp|34\/100\n|move|p2a: Garchomp|Dragon Tail|p1a: Chirp Holmgren|[miss]\n|-miss|p2a: Garchomp|p1a: Chirp Holmgren\n|\n|-weather|RainDance|[upkeep]\n|upkeep\n|turn|6\n|\n|t:|1699942359\n|move|p1a: Chirp Holmgren|Weather Ball|p2a: Garchomp\n|-damage|p2a: Garchomp|5\/100\n|move|p2a: Garchomp|Dragon Tail|p1a: Chirp Holmgren\n|-damage|p1a: Chirp Holmgren|56\/100\n|drag|p1a: Tusky Depot|Great Tusk|100\/100\n|-enditem|p1a: Tusky Depot|Booster Energy\n|-activate|p1a: Tusky Depot|ability: Protosynthesis|[fromitem]\n|-start|p1a: Tusky Depot|protosynthesisatk\n|\n|-weather|RainDance|[upkeep]\n|upkeep\n|turn|7\n|\n|t:|1699942363\n|move|p1a: Tusky Depot|Rapid Spin|p2a: Garchomp\n|-damage|p2a: Garchomp|0 fnt\n|-boost|p1a: Tusky Depot|spe|1\n|-damage|p1a: Tusky Depot|88\/100|[from] ability: Rough Skin|[of] p2a: Garchomp\n|faint|p2a: Garchomp\n|\n|-weather|RainDance|[upkeep]\n|upkeep\n|\n|t:|1699942368\n|switch|p2a: Glimmora|Glimmora, F|100\/100\n|turn|8\n|\n|t:|1699942376\n|move|p1a: Tusky Depot|Headlong Rush|p2a: Glimmora\n|-supereffective|p2a: Glimmora\n|-enditem|p2a: Glimmora|Focus Sash\n|-damage|p2a: Glimmora|1\/100\n|-unboost|p1a: Tusky Depot|def|1\n|-unboost|p1a: Tusky Depot|spd|1\n|-activate|p2a: Glimmora|ability: Toxic Debris\n|-sidestart|p1: 2021MarkelleFultz|move: Toxic Spikes\n|move|p2a: Glimmora|Energy Ball|p1a: Tusky Depot\n|-supereffective|p1a: Tusky Depot\n|-damage|p1a: Tusky Depot|0 fnt\n|faint|p1a: Tusky Depot\n|-end|p1a: Tusky Depot|Protosynthesis|[silent]\n|\n|-weather|none\n|upkeep\n|\n|t:|1699942379\n|switch|p1a: Quandale Wingull|Pelipper, M|100\/100\n|-weather|RainDance|[from] ability: Drizzle|[of] p1a: Quandale Wingull\n|turn|9\n|\n|t:|1699942385\n|switch|p1a: Qwil Smith|Overqwil, M|100\/100\n|-sideend|p1: 2021MarkelleFultz|move: Toxic Spikes|[of] p1a: Qwil Smith\n|move|p2a: Glimmora|Stealth Rock|p1a: Qwil Smith\n|-sidestart|p1: 2021MarkelleFultz|move: Stealth Rock\n|\n|-weather|RainDance|[upkeep]\n|upkeep\n|turn|10\n|\n|t:|1699942389\n|move|p1a: Qwil Smith|Fell Stinger|p2a: Glimmora\n|-resisted|p2a: Glimmora\n|-damage|p2a: Glimmora|0 fnt\n|-activate|p2a: Glimmora|ability: Toxic Debris\n|-sidestart|p1: 2021MarkelleFultz|move: Toxic Spikes\n|faint|p2a: Glimmora\n|-boost|p1a: Qwil Smith|atk|3\n|\n|-weather|RainDance|[upkeep]\n|upkeep\n|\n|t:|1699942400\n|switch|p2a: Samurott|Samurott-Hisui, F|100\/100\n|turn|11\n|\n|t:|1699942411\n|-terastallize|p1a: Qwil Smith|Water\n|move|p1a: Qwil Smith|Liquidation|p2a: Samurott\n|-resisted|p2a: Samurott\n|-damage|p2a: Samurott|0 fnt\n|faint|p2a: Samurott\n|\n|-weather|RainDance|[upkeep]\n|upkeep\n|\n|t:|1699942422\n|switch|p2a: Gholdengo|Gholdengo|100\/100\n|-item|p2a: Gholdengo|Air Balloon\n|turn|12\n|\n|t:|1699942427\n|move|p1a: Qwil Smith|Liquidation|p2a: Gholdengo\n|-damage|p2a: Gholdengo|0 fnt\n|-enditem|p2a: Gholdengo|Air Balloon\n|faint|p2a: Gholdengo\n|\n|-weather|RainDance|[upkeep]\n|upkeep\n|\n|t:|1699942434\n|switch|p2a: Iron Valiant|Iron Valiant|100\/100\n|-enditem|p2a: Iron Valiant|Booster Energy\n|-activate|p2a: Iron Valiant|ability: Quark Drive|[fromitem]\n|-start|p2a: Iron Valiant|quarkdrivespe\n|turn|13\n|\n|t:|1699942438\n|move|p2a: Iron Valiant|Thunderbolt|p1a: Qwil Smith\n|-supereffective|p1a: Qwil Smith\n|-damage|p1a: Qwil Smith|16\/100\n|move|p1a: Qwil Smith|Barb Barrage|p2a: Iron Valiant\n|-supereffective|p2a: Iron Valiant\n|-damage|p2a: Iron Valiant|0 fnt\n|faint|p2a: Iron Valiant\n|-end|p2a: Iron Valiant|Quark Drive|[silent]\n|\n|-weather|RainDance|[upkeep]\n|upkeep\n|\n|t:|1699942445\n|switch|p2a: Cryogonal|Cryogonal|100\/100\n|turn|14\n|\n|t:|1699942447\n|move|p1a: Qwil Smith|Liquidation|p2a: Cryogonal\n|-damage|p2a: Cryogonal|0 fnt\n|faint|p2a: Cryogonal\n|\n|win|2021MarkelleFultz\n|raw|2021MarkelleFultz's rating: 1327 &rarr; <strong>1347<\/strong><br \/>(+20 for winning)\n|raw|xX_CoreEnforcer_Xx's rating: 1320 &rarr; <strong>1300<\/strong><br \/>(-20 for losing)\n|l|\u2606xX_CoreEnforcer_Xx\n","uploadtime":1699942485,"views":11,"p1id":"2021markellefultz","p2id":"xxcoreenforcerxx","formatid":"gen9ou","rating":1300,"private":0,"password":""}