{"id":"gen9ou-1992231618","p1":"SDK04","p2":"kelo_pario","format":"[Gen 9] OU","log":"|j|\u2606SDK04\n|j|\u2606kelo_pario\n|t:|1700166017\n|gametype|singles\n|player|p1|SDK04|unknown|1617\n|player|p2|kelo_pario|hilda|1543\n|teamsize|p1|6\n|teamsize|p2|6\n|gen|9\n|tier|[Gen 9] OU\n|rated|\n|rule|Sleep Clause Mod: Limit one foe put to sleep\n|rule|Species Clause: Limit one of each Pok\u00e9mon\n|rule|OHKO Clause: OHKO moves are banned\n|rule|Evasion Items Clause: Evasion items are banned\n|rule|Evasion Moves Clause: Evasion moves are banned\n|rule|Endless Battle Clause: Forcing endless battles is banned\n|rule|HP Percentage Mod: HP is shown in percentages\n|clearpoke\n|poke|p1|Ninetales-Alola, M|\n|poke|p1|Ogerpon-Wellspring, F|\n|poke|p1|Mew|\n|poke|p1|Kingambit, F|\n|poke|p1|Gholdengo|\n|poke|p1|Salamence, M|\n|poke|p2|Garchomp, M|\n|poke|p2|Greninja-*, M|\n|poke|p2|Clefable, F|\n|poke|p2|Heatran, F|\n|poke|p2|Empoleon, M|\n|poke|p2|Great Tusk|\n|teampreview\n|inactive|Battle timer is ON: inactive players will automatically lose when time's up. (requested by kelo_pario)\n|j| eeferrrerere\n|\n|t:|1700166028\n|start\n|switch|p1a: cool window|Ninetales-Alola, M|100\/100\n|switch|p2a: Great Tusk|Great Tusk|100\/100\n|-weather|Snow|[from] ability: Snow Warning|[of] p1a: cool window\n|turn|1\n|\n|t:|1700166037\n|-end|p2a: Great Tusk|Protosynthesis|[silent]\n|switch|p2a: Empoleon|Empoleon, M|100\/100\n|move|p1a: cool window|Aurora Veil|p1a: cool window\n|-sidestart|p1: SDK04|move: Aurora Veil\n|\n|-weather|Snow|[upkeep]\n|upkeep\n|turn|2\n|j| MrMimikry\n|\n|t:|1700166057\n|move|p1a: cool window|Aurora Veil||[still]\n|-fail|p1a: cool window\n|move|p2a: Empoleon|Stealth Rock|p1a: cool window\n|-sidestart|p1: SDK04|move: Stealth Rock\n|\n|-weather|Snow|[upkeep]\n|upkeep\n|turn|3\n|\n|t:|1700166085\n|move|p1a: cool window|Encore|p2a: Empoleon\n|-start|p2a: Empoleon|Encore\n|move|p2a: Empoleon|Stealth Rock||[still]\n|-fail|p2a: Empoleon\n|\n|-weather|Snow|[upkeep]\n|upkeep\n|turn|4\n|\n|t:|1700166092\n|switch|p1a: I miss Himiko\u2026|Salamence, M|100\/100\n|switch|p2a: Heatran|Heatran, F, shiny|100\/100\n|-item|p2a: Heatran|Air Balloon\n|\n|-weather|Snow|[upkeep]\n|upkeep\n|turn|5\n|l| MrMimikry\n|inactive|SDK04 has 120 seconds left.\n|\n|t:|1700166127\n|move|p1a: I miss Himiko\u2026|Dragon Dance|p1a: I miss Himiko\u2026\n|-boost|p1a: I miss Himiko\u2026|atk|1\n|-boost|p1a: I miss Himiko\u2026|spe|1\n|move|p2a: Heatran|Will-O-Wisp|p1a: I miss Himiko\u2026\n|-status|p1a: I miss Himiko\u2026|brn\n|\n|-weather|none\n|-damage|p1a: I miss Himiko\u2026|94\/100 brn|[from] brn\n|upkeep\n|turn|6\n|\n|t:|1700166138\n|switch|p2a: Great Tusk|Great Tusk|100\/100\n|move|p1a: I miss Himiko\u2026|Dragon Dance|p1a: I miss Himiko\u2026\n|-boost|p1a: I miss Himiko\u2026|atk|1\n|-boost|p1a: I miss Himiko\u2026|spe|1\n|\n|-damage|p1a: I miss Himiko\u2026|88\/100 brn|[from] brn\n|upkeep\n|turn|7\n|\n|t:|1700166145\n|-terastallize|p1a: I miss Himiko\u2026|Flying\n|move|p1a: I miss Himiko\u2026|Dragon Dance|p1a: I miss Himiko\u2026\n|-boost|p1a: I miss Himiko\u2026|atk|1\n|-boost|p1a: I miss Himiko\u2026|spe|1\n|move|p2a: Great Tusk|Ice Spinner|p1a: I miss Himiko\u2026\n|-supereffective|p1a: I miss Himiko\u2026\n|-damage|p1a: I miss Himiko\u2026|64\/100 brn\n|\n|-damage|p1a: I miss Himiko\u2026|58\/100 brn|[from] brn\n|upkeep\n|turn|8\n|\n|t:|1700166160\n|-end|p2a: Great Tusk|Protosynthesis|[silent]\n|switch|p2a: Clefable|Clefable, F|100\/100\n|move|p1a: I miss Himiko\u2026|Dual Wingbeat|p2a: Clefable\n|-damage|p2a: Clefable|89\/100\n|-damage|p2a: Clefable|77\/100\n|-hitcount|p2a: Clefable|2\n|\n|-damage|p1a: I miss Himiko\u2026|52\/100 brn|[from] brn\n|-sideend|p1: SDK04|move: Aurora Veil\n|upkeep\n|turn|9\n|n| habibi blocksberg|eeferrrerere\n|\n|t:|1700166169\n|switch|p1a: \u201cI win\u201d button|Ogerpon-Wellspring, F|100\/100\n|-damage|p1a: \u201cI win\u201d button|88\/100|[from] Stealth Rock\n|move|p2a: Clefable|Moonlight|p2a: Clefable\n|-heal|p2a: Clefable|100\/100\n|\n|upkeep\n|turn|10\n|\n|t:|1700166193\n|move|p1a: \u201cI win\u201d button|Encore|p2a: Clefable\n|-start|p2a: Clefable|Encore\n|move|p2a: Clefable|Moonlight|p2a: Clefable\n|-fail|p2a: Clefable|heal\n|\n|upkeep\n|turn|11\n|\n|t:|1700166200\n|switch|p2a: Empoleon|Empoleon, M|100\/100\n|move|p1a: \u201cI win\u201d button|Swords Dance|p1a: \u201cI win\u201d button\n|-boost|p1a: \u201cI win\u201d button|atk|2\n|\n|upkeep\n|turn|12\n|\n|t:|1700166206\n|move|p1a: \u201cI win\u201d button|Power Whip|p2a: Empoleon\n|-damage|p2a: Empoleon|0 fnt\n|faint|p2a: Empoleon\n|\n|upkeep\n|\n|t:|1700166217\n|switch|p2a: Clefable|Clefable, F|100\/100\n|turn|13\n|\n|t:|1700166242\n|move|p1a: \u201cI win\u201d button|Ivy Cudgel|p2a: Clefable|[anim] Ivy Cudgel Water\n|-damage|p2a: Clefable|54\/100\n|move|p2a: Clefable|Thunder Wave|p1a: \u201cI win\u201d button\n|-status|p1a: \u201cI win\u201d button|par\n|\n|upkeep\n|turn|14\n|\n|t:|1700166249\n|move|p1a: \u201cI win\u201d button|Ivy Cudgel|p2a: Clefable|[anim] Ivy Cudgel Water\n|-damage|p2a: Clefable|6\/100\n|move|p2a: Clefable|Moonlight|p2a: Clefable\n|-heal|p2a: Clefable|56\/100\n|\n|upkeep\n|turn|15\n|\n|t:|1700166256\n|move|p1a: \u201cI win\u201d button|Encore|p2a: Clefable\n|-start|p2a: Clefable|Encore\n|move|p2a: Clefable|Moonlight|p2a: Clefable\n|-heal|p2a: Clefable|100\/100\n|\n|upkeep\n|turn|16\n|\n|t:|1700166264\n|move|p1a: \u201cI win\u201d button|Ivy Cudgel|p2a: Clefable|[anim] Ivy Cudgel Water\n|-damage|p2a: Clefable|52\/100\n|move|p2a: Clefable|Moonlight|p2a: Clefable\n|-heal|p2a: Clefable|100\/100\n|\n|upkeep\n|turn|17\n|n| Sandra aus Wedding|habibiblocksberg\n|\n|t:|1700166289\n|move|p1a: \u201cI win\u201d button|Swords Dance|p1a: \u201cI win\u201d button\n|-boost|p1a: \u201cI win\u201d button|atk|2\n|move|p2a: Clefable|Moonlight|p2a: Clefable\n|-fail|p2a: Clefable|heal\n|\n|-end|p2a: Clefable|Encore\n|upkeep\n|turn|18\n|\n|t:|1700166302\n|move|p1a: \u201cI win\u201d button|Encore|p2a: Clefable\n|-start|p2a: Clefable|Encore\n|move|p2a: Clefable|Moonlight|p2a: Clefable\n|-fail|p2a: Clefable|heal\n|\n|upkeep\n|turn|19\n|\n|t:|1700166307\n|move|p1a: \u201cI win\u201d button|Swords Dance|p1a: \u201cI win\u201d button\n|-boost|p1a: \u201cI win\u201d button|atk|2\n|move|p2a: Clefable|Moonlight|p2a: Clefable\n|-fail|p2a: Clefable|heal\n|\n|-end|p2a: Clefable|Encore\n|upkeep\n|turn|20\n|\n|t:|1700166314\n|cant|p1a: \u201cI win\u201d button|par\n|move|p2a: Clefable|Moonblast|p1a: \u201cI win\u201d button\n|-damage|p1a: \u201cI win\u201d button|48\/100 par\n|\n|upkeep\n|turn|21\n|\n|t:|1700166319\n|move|p1a: \u201cI win\u201d button|Power Whip|p2a: Clefable|[miss]\n|-miss|p1a: \u201cI win\u201d button|p2a: Clefable\n|move|p2a: Clefable|Moonblast|p1a: \u201cI win\u201d button\n|-damage|p1a: \u201cI win\u201d button|10\/100 par\n|-unboost|p1a: \u201cI win\u201d button|spa|1\n|\n|upkeep\n|turn|22\n|\n|t:|1700166327\n|move|p1a: \u201cI win\u201d button|Ivy Cudgel|p2a: Clefable|[anim] Ivy Cudgel Water\n|-damage|p2a: Clefable|55\/100\n|move|p2a: Clefable|Moonblast|p1a: \u201cI win\u201d button\n|-damage|p1a: \u201cI win\u201d button|0 fnt\n|faint|p1a: \u201cI win\u201d button\n|\n|upkeep\n|\n|t:|1700166334\n|switch|p1a: Cheese Demon|Mew|100\/100\n|-damage|p1a: Cheese Demon|88\/100|[from] Stealth Rock\n|turn|23\n|\n|t:|1700166339\n|move|p1a: Cheese Demon|Agility|p1a: Cheese Demon\n|-boost|p1a: Cheese Demon|spe|2\n|move|p2a: Clefable|Thunder Wave|p1a: Cheese Demon\n|-status|p1a: Cheese Demon|par\n|-activate|p1a: Cheese Demon|ability: Synchronize\n|-status|p2a: Clefable|par\n|\n|-heal|p1a: Cheese Demon|94\/100 par|[from] item: Leftovers\n|upkeep\n|turn|24\n|\n|t:|1700166349\n|move|p1a: Cheese Demon|Agility|p1a: Cheese Demon\n|-boost|p1a: Cheese Demon|spe|2\n|move|p2a: Clefable|Moonblast|p1a: Cheese Demon\n|-damage|p1a: Cheese Demon|60\/100 par\n|\n|-heal|p1a: Cheese Demon|66\/100 par|[from] item: Leftovers\n|upkeep\n|turn|25\n|\n|t:|1700166357\n|cant|p1a: Cheese Demon|par\n|cant|p2a: Clefable|par\n|\n|-heal|p1a: Cheese Demon|72\/100 par|[from] item: Leftovers\n|upkeep\n|turn|26\n|\n|t:|1700166362\n|move|p1a: Cheese Demon|Calm Mind|p1a: Cheese Demon\n|-boost|p1a: Cheese Demon|spa|1\n|-boost|p1a: Cheese Demon|spd|1\n|move|p2a: Clefable|Moonblast|p1a: Cheese Demon\n|-damage|p1a: Cheese Demon|41\/100 par\n|\n|-heal|p1a: Cheese Demon|47\/100 par|[from] item: Leftovers\n|upkeep\n|turn|27\n|\n|t:|1700166369\n|move|p1a: Cheese Demon|Calm Mind|p1a: Cheese Demon\n|-boost|p1a: Cheese Demon|spa|1\n|-boost|p1a: Cheese Demon|spd|1\n|cant|p2a: Clefable|par\n|\n|-heal|p1a: Cheese Demon|54\/100 par|[from] item: Leftovers\n|upkeep\n|turn|28\n|\n|t:|1700166375\n|move|p1a: Cheese Demon|Calm Mind|p1a: Cheese Demon\n|-boost|p1a: Cheese Demon|spa|1\n|-boost|p1a: Cheese Demon|spd|1\n|cant|p2a: Clefable|par\n|\n|-heal|p1a: Cheese Demon|60\/100 par|[from] item: Leftovers\n|upkeep\n|turn|29\n|\n|t:|1700166382\n|move|p1a: Cheese Demon|Stored Power|p2a: Clefable\n|-crit|p2a: Clefable\n|-damage|p2a: Clefable|0 fnt\n|faint|p2a: Clefable\n|\n|-heal|p1a: Cheese Demon|66\/100 par|[from] item: Leftovers\n|upkeep\n|\n|t:|1700166403\n|switch|p2a: Heatran|Heatran, F, shiny|100\/100\n|-item|p2a: Heatran|Air Balloon\n|turn|30\n|\n|t:|1700166409\n|move|p1a: Cheese Demon|Calm Mind|p1a: Cheese Demon\n|-boost|p1a: Cheese Demon|spa|1\n|-boost|p1a: Cheese Demon|spd|1\n|move|p2a: Heatran|Magma Storm|p1a: Cheese Demon\n|-damage|p1a: Cheese Demon|50\/100 par\n|-activate|p1a: Cheese Demon|move: Magma Storm|[of] p2a: Heatran\n|\n|-heal|p1a: Cheese Demon|56\/100 par|[from] item: Leftovers\n|-damage|p1a: Cheese Demon|44\/100 par|[from] move: Magma Storm|[partiallytrapped]\n|upkeep\n|turn|31\n|\n|t:|1700166419\n|cant|p1a: Cheese Demon|par\n|move|p2a: Heatran|Earth Power|p1a: Cheese Demon\n|-damage|p1a: Cheese Demon|35\/100 par\n|\n|-heal|p1a: Cheese Demon|41\/100 par|[from] item: Leftovers\n|-damage|p1a: Cheese Demon|29\/100 par|[from] move: Magma Storm|[partiallytrapped]\n|upkeep\n|turn|32\n|\n|t:|1700166426\n|move|p1a: Cheese Demon|Stored Power|p2a: Heatran\n|-resisted|p2a: Heatran\n|-damage|p2a: Heatran|0 fnt\n|-enditem|p2a: Heatran|Air Balloon\n|faint|p2a: Heatran\n|\n|-heal|p1a: Cheese Demon|35\/100 par|[from] item: Leftovers\n|-end|p1a: Cheese Demon|Magma Storm|[partiallytrapped]|[silent]\n|upkeep\n|\n|t:|1700166434\n|switch|p2a: Greninja|Greninja, M|100\/100\n|turn|33\n|inactive|kelo_pario has 120 seconds left.\n|\n|t:|1700166471\n|move|p1a: Cheese Demon|Draining Kiss|p2a: Greninja\n|-supereffective|p2a: Greninja\n|-damage|p2a: Greninja|0 fnt\n|-heal|p1a: Cheese Demon|98\/100 par|[from] drain|[of] p2a: Greninja\n|faint|p2a: Greninja\n|\n|-heal|p1a: Cheese Demon|100\/100 par|[from] item: Leftovers\n|upkeep\n|n| hhhjh9|sandraauswedding\n|\n|t:|1700166478\n|switch|p2a: Garchomp|Garchomp, M|100\/100\n|turn|34\n|\n|t:|1700166484\n|move|p1a: Cheese Demon|Stored Power|p2a: Garchomp\n|-damage|p2a: Garchomp|0 fnt\n|faint|p2a: Garchomp\n|\n|upkeep\n|c|\u2606SDK04|gg\n|-message|kelo_pario forfeited.\n|\n|win|SDK04\n|raw|SDK04's rating: 1617 &rarr; <strong>1633<\/strong><br \/>(+16 for winning)\n|raw|kelo_pario's rating: 1543 &rarr; <strong>1527<\/strong><br \/>(-16 for losing)\n|c|\u2606SDK04|wp\n|l|\u2606kelo_pario\n","uploadtime":1700166493,"views":8,"p1id":"sdk04","p2id":"kelopario","formatid":"gen9ou","rating":1527,"private":0,"password":""}