{"id":"gen9ou-1994806353","p1":"alt no. 598","p2":"yaya46","format":"[Gen 9] OU","log":"|j|\u2606alt no. 598\n|j|\u2606yaya46\n|t:|1700494559\n|gametype|singles\n|player|p1|alt no. 598|acetrainersnowf|1592\n|player|p2|yaya46|169|1508\n|teamsize|p1|6\n|teamsize|p2|6\n|gen|9\n|tier|[Gen 9] OU\n|rated|\n|rule|Sleep Clause Mod: Limit one foe put to sleep\n|rule|Species Clause: Limit one of each Pok\u00e9mon\n|rule|OHKO Clause: OHKO moves are banned\n|rule|Evasion Items Clause: Evasion items are banned\n|rule|Evasion Moves Clause: Evasion moves are banned\n|rule|Endless Battle Clause: Forcing endless battles is banned\n|rule|HP Percentage Mod: HP is shown in percentages\n|clearpoke\n|poke|p1|Landorus-Therian, M|\n|poke|p1|Moltres|\n|poke|p1|Slowking-Galar, M|\n|poke|p1|Weavile, F|\n|poke|p1|Gholdengo|\n|poke|p1|Zamazenta-*|\n|poke|p2|Greninja-*, M|\n|poke|p2|Iron Treads|\n|poke|p2|Zapdos|\n|poke|p2|Cinderace, M|\n|poke|p2|Dragonite, M|\n|poke|p2|Gholdengo|\n|teampreview\n|\n|t:|1700494599\n|start\n|switch|p1a: Gholdengo|Gholdengo|100\/100\n|switch|p2a: Iron Treads|Iron Treads|100\/100\n|-enditem|p2a: Iron Treads|Booster Energy\n|-activate|p2a: Iron Treads|ability: Quark Drive|[fromitem]\n|-start|p2a: Iron Treads|quarkdrivespe\n|turn|1\n|\n|t:|1700494609\n|move|p2a: Iron Treads|Stealth Rock|p1a: Gholdengo\n|-sidestart|p1: alt no. 598|move: Stealth Rock\n|move|p1a: Gholdengo|Shadow Ball|p2a: Iron Treads\n|-damage|p2a: Iron Treads|0 fnt\n|faint|p2a: Iron Treads\n|-end|p2a: Iron Treads|Quark Drive|[silent]\n|\n|upkeep\n|\n|t:|1700494628\n|switch|p2a: Greninja|Greninja, M|100\/100\n|turn|2\n|\n|t:|1700494671\n|switch|p1a: Weavile|Weavile, F|100\/100\n|-ability|p1a: Weavile|Pressure\n|move|p2a: Greninja|Dark Pulse|p1a: Weavile\n|-resisted|p1a: Weavile\n|-damage|p1a: Weavile|68\/100\n|-damage|p2a: Greninja|91\/100|[from] item: Life Orb\n|\n|upkeep\n|turn|3\n|\n|t:|1700494702\n|switch|p2a: Cinderace|Cinderace, M|100\/100\n|move|p1a: Weavile|Knock Off|p2a: Cinderace\n|-damage|p2a: Cinderace|32\/100\n|-enditem|p2a: Cinderace|Heavy-Duty Boots|[from] move: Knock Off|[of] p1a: Weavile\n|\n|upkeep\n|turn|4\n|\n|t:|1700494714\n|move|p2a: Cinderace|Sucker Punch|p1a: Weavile\n|-resisted|p1a: Weavile\n|-damage|p1a: Weavile|49\/100\n|move|p1a: Weavile|Knock Off|p2a: Cinderace\n|-damage|p2a: Cinderace|0 fnt\n|faint|p2a: Cinderace\n|\n|upkeep\n|\n|t:|1700494764\n|switch|p2a: Dragonite|Dragonite, M|100\/100\n|turn|5\n|\n|t:|1700494775\n|switch|p1a: Moltres|Moltres|100\/100\n|-terastallize|p2a: Dragonite|Normal\n|move|p2a: Dragonite|Extreme Speed|p1a: Moltres\n|-damage|p1a: Moltres|69\/100\n|-status|p2a: Dragonite|brn|[from] ability: Flame Body|[of] p1a: Moltres\n|\n|-damage|p2a: Dragonite|94\/100 brn|[from] brn\n|upkeep\n|turn|6\n|\n|t:|1700494785\n|switch|p2a: Zapdos|Zapdos|100\/100\n|move|p1a: Moltres|U-turn|p2a: Zapdos\n|-resisted|p2a: Zapdos\n|-damage|p2a: Zapdos|94\/100\n|\n|t:|1700494804\n|switch|p1a: Gholdengo|Gholdengo|100\/100|[from] U-turn\n|-damage|p1a: Gholdengo|94\/100|[from] Stealth Rock\n|\n|upkeep\n|turn|7\n|\n|t:|1700494809\n|move|p1a: Gholdengo|Shadow Ball|p2a: Zapdos\n|-damage|p2a: Zapdos|22\/100\n|-unboost|p2a: Zapdos|spd|1\n|move|p2a: Zapdos|Volt Switch|p1a: Gholdengo\n|-crit|p1a: Gholdengo\n|-damage|p1a: Gholdengo|30\/100\n|\n|t:|1700494818\n|switch|p2a: Greninja|Greninja, M|91\/100|[from] Volt Switch\n|\n|upkeep\n|turn|8\n|\n|t:|1700494823\n|switch|p1a: Weavile|Weavile, F|49\/100\n|-ability|p1a: Weavile|Pressure\n|move|p2a: Greninja|Dark Pulse|p1a: Weavile\n|-resisted|p1a: Weavile\n|-damage|p1a: Weavile|19\/100\n|-damage|p2a: Greninja|81\/100|[from] item: Life Orb\n|\n|upkeep\n|turn|9\n|\n|t:|1700494832\n|switch|p1a: Slowking|Slowking-Galar, M|100\/100\n|move|p2a: Greninja|Water Shuriken|p1a: Slowking\n|-damage|p1a: Slowking|96\/100\n|-damage|p1a: Slowking|90\/100\n|-crit|p1a: Slowking\n|-damage|p1a: Slowking|82\/100\n|-hitcount|p1a: Slowking|3\n|-damage|p2a: Greninja|71\/100|[from] item: Life Orb\n|\n|upkeep\n|turn|10\n|\n|t:|1700494848\n|switch|p2a: Gholdengo|Gholdengo|100\/100\n|-item|p2a: Gholdengo|Air Balloon\n|-terastallize|p1a: Slowking|Water\n|move|p1a: Slowking|Sludge Bomb|p2a: Gholdengo\n|-immune|p2a: Gholdengo\n|\n|upkeep\n|turn|11\n|\n|t:|1700494856\n|move|p2a: Gholdengo|Shadow Ball|p1a: Slowking\n|-damage|p1a: Slowking|57\/100\n|move|p1a: Slowking|Chilly Reception|p1a: Slowking\n|-weather|Snow\n|\n|t:|1700494862\n|switch|p1a: Weavile|Weavile, F|19\/100|[from] Chilly Reception\n|-ability|p1a: Weavile|Pressure\n|\n|-weather|Snow|[upkeep]\n|upkeep\n|turn|12\n|\n|t:|1700494870\n|switch|p2a: Dragonite|Dragonite, M, tera:Normal|94\/100 brn\n|move|p1a: Weavile|Knock Off|p2a: Dragonite\n|-damage|p2a: Dragonite|40\/100 brn\n|-enditem|p2a: Dragonite|Heavy-Duty Boots|[from] move: Knock Off|[of] p1a: Weavile\n|\n|-weather|Snow|[upkeep]\n|-damage|p2a: Dragonite|34\/100 brn|[from] brn\n|upkeep\n|turn|13\n|\n|t:|1700494892\n|switch|p1a: Moltres|Moltres|69\/100\n|switch|p2a: Zapdos|Zapdos|22\/100\n|\n|-weather|Snow|[upkeep]\n|upkeep\n|turn|14\n|\n|t:|1700494903\n|move|p2a: Zapdos|Volt Switch|p1a: Moltres\n|-supereffective|p1a: Moltres\n|-damage|p1a: Moltres|0 fnt\n|faint|p1a: Moltres\n|\n|t:|1700494910\n|switch|p2a: Dragonite|Dragonite, M, tera:Normal|34\/100 brn|[from] Volt Switch\n|\n|-weather|Snow|[upkeep]\n|-damage|p2a: Dragonite|28\/100 brn|[from] brn\n|upkeep\n|\n|t:|1700494944\n|switch|p1a: Zamazenta|Zamazenta|100\/100\n|-ability|p1a: Zamazenta|Dauntless Shield|boost\n|-boost|p1a: Zamazenta|def|1\n|turn|15\n|\n|t:|1700494960\n|switch|p2a: Gholdengo|Gholdengo|100\/100\n|-item|p2a: Gholdengo|Air Balloon\n|move|p1a: Zamazenta|Stone Edge|p2a: Gholdengo\n|-resisted|p2a: Gholdengo\n|-damage|p2a: Gholdengo|80\/100\n|-enditem|p2a: Gholdengo|Air Balloon\n|\n|-weather|none\n|upkeep\n|turn|16\n|\n|t:|1700494969\n|move|p1a: Zamazenta|Crunch|p2a: Gholdengo\n|-supereffective|p2a: Gholdengo\n|-damage|p2a: Gholdengo|15\/100\n|move|p2a: Gholdengo|Shadow Ball|p1a: Zamazenta\n|-damage|p1a: Zamazenta|61\/100\n|\n|upkeep\n|turn|17\n|\n|t:|1700494986\n|move|p1a: Zamazenta|Crunch|p2a: Gholdengo\n|-supereffective|p2a: Gholdengo\n|-damage|p2a: Gholdengo|0 fnt\n|faint|p2a: Gholdengo\n|\n|upkeep\n|\n|t:|1700494991\n|switch|p2a: Dragonite|Dragonite, M, tera:Normal|28\/100 brn\n|turn|18\n|\n|t:|1700494996\n|move|p2a: Dragonite|Extreme Speed|p1a: Zamazenta\n|-damage|p1a: Zamazenta|47\/100\n|move|p1a: Zamazenta|Stone Edge|p2a: Dragonite\n|-damage|p2a: Dragonite|0 fnt\n|faint|p2a: Dragonite\n|\n|upkeep\n|\n|t:|1700495003\n|switch|p2a: Zapdos|Zapdos|22\/100\n|turn|19\n|\n|t:|1700495011\n|move|p1a: Zamazenta|Stone Edge|p2a: Zapdos|[miss]\n|-miss|p1a: Zamazenta|p2a: Zapdos\n|move|p2a: Zapdos|Volt Switch|p1a: Zamazenta\n|-damage|p1a: Zamazenta|8\/100\n|\n|t:|1700495016\n|switch|p2a: Greninja|Greninja, M|71\/100|[from] Volt Switch\n|\n|upkeep\n|turn|20\n|\n|t:|1700495023\n|switch|p1a: Slowking|Slowking-Galar, M, tera:Water|90\/100\n|move|p2a: Greninja|Water Shuriken|p1a: Slowking\n|-resisted|p1a: Slowking\n|-damage|p1a: Slowking|88\/100\n|-resisted|p1a: Slowking\n|-damage|p1a: Slowking|85\/100\n|-resisted|p1a: Slowking\n|-damage|p1a: Slowking|82\/100\n|-hitcount|p1a: Slowking|3\n|-damage|p2a: Greninja|61\/100|[from] item: Life Orb\n|\n|upkeep\n|turn|21\n|-message|yaya46 forfeited.\n|\n|win|alt no. 598\n|raw|alt no. 598's rating: 1592 &rarr; <strong>1607<\/strong><br \/>(+15 for winning)\n|raw|yaya46's rating: 1508 &rarr; <strong>1493<\/strong><br \/>(-15 for losing)\n|l|\u2606yaya46\n","uploadtime":1700495038,"views":4,"p1id":"altno598","p2id":"yaya46","formatid":"gen9ou","rating":1493,"private":0,"password":""}