{"id":"gen9ou-1988764249","p1":"pochaccokun","p2":"imMacDaddy","format":"[Gen 9] OU","log":"|j|\u2606pochaccokun\n|j|\u2606imMacDaddy\n|t:|1699760119\n|gametype|singles\n|player|p1|pochaccokun|caitlin|1070\n|player|p2|imMacDaddy|1|1036\n|teamsize|p1|6\n|teamsize|p2|6\n|gen|9\n|tier|[Gen 9] OU\n|rated|\n|rule|Sleep Clause Mod: Limit one foe put to sleep\n|rule|Species Clause: Limit one of each Pok\u00e9mon\n|rule|OHKO Clause: OHKO moves are banned\n|rule|Evasion Items Clause: Evasion items are banned\n|rule|Evasion Moves Clause: Evasion moves are banned\n|rule|Endless Battle Clause: Forcing endless battles is banned\n|rule|HP Percentage Mod: HP is shown in percentages\n|clearpoke\n|poke|p1|Ribombee, F|\n|poke|p1|Gliscor, M|\n|poke|p1|Gholdengo|\n|poke|p1|Garganacl, M|\n|poke|p1|Weavile, F|\n|poke|p1|Kingambit, M|\n|poke|p2|Mightyena, M|\n|poke|p2|Tauros, M|\n|poke|p2|Iron Moth|\n|poke|p2|Heatran, F|\n|poke|p2|Crawdaunt, F|\n|poke|p2|Clefable, F|\n|teampreview\n|\n|t:|1699760127\n|start\n|switch|p1a: Ribombee|Ribombee, F, shiny|100\/100\n|switch|p2a: Clefable|Clefable, F, shiny|100\/100\n|turn|1\n|\n|t:|1699760140\n|move|p1a: Ribombee|Sticky Web|p2a: Clefable\n|-sidestart|p2: imMacDaddy|move: Sticky Web\n|move|p2a: Clefable|Drain Punch|p1a: Ribombee\n|-resisted|p1a: Ribombee\n|-damage|p1a: Ribombee|94\/100\n|\n|upkeep\n|turn|2\n|\n|t:|1699760146\n|move|p1a: Ribombee|Stun Spore|p2a: Clefable\n|-status|p2a: Clefable|par\n|move|p2a: Clefable|Stealth Rock|p1a: Ribombee\n|-sidestart|p1: pochaccokun|move: Stealth Rock\n|\n|upkeep\n|turn|3\n|\n|t:|1699760166\n|switch|p1a: Garganacl|Garganacl, M|100\/100\n|-damage|p1a: Garganacl|88\/100|[from] Stealth Rock\n|move|p2a: Clefable|Thunderbolt|p1a: Garganacl\n|-damage|p1a: Garganacl|61\/100\n|\n|-heal|p1a: Garganacl|67\/100|[from] item: Leftovers\n|upkeep\n|turn|4\n|\n|t:|1699760175\n|move|p1a: Garganacl|Stealth Rock|p2a: Clefable\n|-sidestart|p2: imMacDaddy|move: Stealth Rock\n|move|p2a: Clefable|Moonblast|p1a: Garganacl\n|-damage|p1a: Garganacl|22\/100\n|-unboost|p1a: Garganacl|spa|1\n|\n|-heal|p1a: Garganacl|28\/100|[from] item: Leftovers\n|upkeep\n|turn|5\n|\n|t:|1699760186\n|move|p1a: Garganacl|Recover|p1a: Garganacl\n|-heal|p1a: Garganacl|78\/100\n|move|p2a: Clefable|Drain Punch|p1a: Garganacl\n|-supereffective|p1a: Garganacl\n|-damage|p1a: Garganacl|61\/100\n|\n|-heal|p1a: Garganacl|67\/100|[from] item: Leftovers\n|upkeep\n|turn|6\n|\n|t:|1699760194\n|move|p1a: Garganacl|Salt Cure|p2a: Clefable\n|-damage|p2a: Clefable|83\/100 par\n|-start|p2a: Clefable|Salt Cure\n|move|p2a: Clefable|Moonblast|p1a: Garganacl\n|-damage|p1a: Garganacl|19\/100\n|\n|-heal|p1a: Garganacl|25\/100|[from] item: Leftovers\n|upkeep\n|turn|7\n|\n|t:|1699760202\n|move|p1a: Garganacl|Recover|p1a: Garganacl\n|-heal|p1a: Garganacl|75\/100\n|move|p2a: Clefable|Moonblast|p1a: Garganacl\n|-crit|p1a: Garganacl\n|-damage|p1a: Garganacl|10\/100\n|\n|-heal|p1a: Garganacl|16\/100|[from] item: Leftovers\n|upkeep\n|turn|8\n|\n|t:|1699760224\n|move|p1a: Garganacl|Recover|p1a: Garganacl\n|-heal|p1a: Garganacl|66\/100\n|move|p2a: Clefable|Moonblast|p1a: Garganacl\n|-damage|p1a: Garganacl|18\/100\n|\n|-heal|p1a: Garganacl|24\/100|[from] item: Leftovers\n|upkeep\n|turn|9\n|\n|t:|1699760234\n|switch|p1a: Gholdengo|Gholdengo|100\/100\n|-damage|p1a: Gholdengo|94\/100|[from] Stealth Rock\n|move|p2a: Clefable|Drain Punch|p1a: Gholdengo\n|-immune|p1a: Gholdengo\n|\n|upkeep\n|turn|10\n|\n|t:|1699760245\n|move|p1a: Gholdengo|Nasty Plot|p1a: Gholdengo\n|-boost|p1a: Gholdengo|spa|2\n|move|p2a: Clefable|Moonblast|p1a: Gholdengo\n|-resisted|p1a: Gholdengo\n|-damage|p1a: Gholdengo|62\/100\n|\n|upkeep\n|turn|11\n|\n|t:|1699760252\n|move|p1a: Gholdengo|Make It Rain|p2a: Clefable\n|-supereffective|p2a: Clefable\n|-crit|p2a: Clefable\n|-damage|p2a: Clefable|0 fnt\n|-unboost|p1a: Gholdengo|spa|1\n|faint|p2a: Clefable\n|\n|upkeep\n|\n|t:|1699760259\n|switch|p2a: Iron Moth|Iron Moth|100\/100\n|turn|12\n|\n|t:|1699760278\n|move|p2a: Iron Moth|Flamethrower|p1a: Gholdengo\n|-supereffective|p1a: Gholdengo\n|-damage|p1a: Gholdengo|0 fnt\n|faint|p1a: Gholdengo\n|\n|upkeep\n|\n|t:|1699760293\n|switch|p1a: Ribombee|Ribombee, F, shiny|94\/100\n|turn|13\n|\n|t:|1699760312\n|move|p2a: Iron Moth|Flamethrower|p1a: Ribombee\n|-supereffective|p1a: Ribombee\n|-damage|p1a: Ribombee|0 fnt\n|faint|p1a: Ribombee\n|\n|upkeep\n|\n|t:|1699760317\n|switch|p1a: Gliscor|Gliscor, M|100\/100\n|-damage|p1a: Gliscor|88\/100|[from] Stealth Rock\n|turn|14\n|\n|t:|1699760325\n|move|p2a: Iron Moth|Sludge Wave|p1a: Gliscor\n|-resisted|p1a: Gliscor\n|-damage|p1a: Gliscor|58\/100\n|move|p1a: Gliscor|Earthquake|p2a: Iron Moth\n|-supereffective|p2a: Iron Moth\n|-damage|p2a: Iron Moth|0 fnt\n|faint|p2a: Iron Moth\n|-end|p2a: Iron Moth|Quark Drive|[silent]\n|\n|-status|p1a: Gliscor|tox|[from] item: Toxic Orb\n|upkeep\n|\n|t:|1699760342\n|switch|p2a: Crawdaunt|Crawdaunt, F|100\/100\n|-activate|p2a: Crawdaunt|move: Sticky Web\n|-unboost|p2a: Crawdaunt|spe|1\n|-damage|p2a: Crawdaunt|88\/100|[from] Stealth Rock\n|turn|15\n|\n|t:|1699760359\n|-terastallize|p1a: Gliscor|Water\n|-terastallize|p2a: Crawdaunt|Water\n|move|p1a: Gliscor|Toxic|p2a: Crawdaunt\n|-status|p2a: Crawdaunt|tox\n|move|p2a: Crawdaunt|Crabhammer|p1a: Gliscor\n|-resisted|p1a: Gliscor\n|-damage|p1a: Gliscor|35\/100 tox\n|\n|-heal|p1a: Gliscor|48\/100 tox|[from] ability: Poison Heal\n|-damage|p2a: Crawdaunt|82\/100 tox|[from] psn\n|upkeep\n|turn|16\n|\n|t:|1699760373\n|move|p1a: Gliscor|Protect|p1a: Gliscor\n|-singleturn|p1a: Gliscor|Protect\n|move|p2a: Crawdaunt|Ice Beam|p1a: Gliscor\n|-activate|p1a: Gliscor|move: Protect\n|\n|-heal|p1a: Gliscor|60\/100 tox|[from] ability: Poison Heal\n|-damage|p2a: Crawdaunt|70\/100 tox|[from] psn\n|upkeep\n|turn|17\n|\n|t:|1699760385\n|move|p1a: Gliscor|Spikes|p2a: Crawdaunt\n|-sidestart|p2: imMacDaddy|Spikes\n|move|p2a: Crawdaunt|Knock Off|p1a: Gliscor\n|-damage|p1a: Gliscor|27\/100 tox\n|-enditem|p1a: Gliscor|Toxic Orb|[from] move: Knock Off|[of] p2a: Crawdaunt\n|\n|-heal|p1a: Gliscor|39\/100 tox|[from] ability: Poison Heal\n|-damage|p2a: Crawdaunt|52\/100 tox|[from] psn\n|upkeep\n|turn|18\n|\n|t:|1699760395\n|move|p1a: Gliscor|Protect|p1a: Gliscor\n|-singleturn|p1a: Gliscor|Protect\n|move|p2a: Crawdaunt|Ice Beam|p1a: Gliscor\n|-activate|p1a: Gliscor|move: Protect\n|\n|-heal|p1a: Gliscor|52\/100 tox|[from] ability: Poison Heal\n|-damage|p2a: Crawdaunt|28\/100 tox|[from] psn\n|upkeep\n|turn|19\n|\n|t:|1699760405\n|move|p1a: Gliscor|Spikes|p2a: Crawdaunt\n|-sidestart|p2: imMacDaddy|Spikes\n|move|p2a: Crawdaunt|Ice Beam|p1a: Gliscor\n|-resisted|p1a: Gliscor\n|-damage|p1a: Gliscor|42\/100 tox\n|\n|-heal|p1a: Gliscor|54\/100 tox|[from] ability: Poison Heal\n|-damage|p2a: Crawdaunt|0 fnt|[from] psn\n|faint|p2a: Crawdaunt\n|upkeep\n|\n|t:|1699760418\n|switch|p2a: Tauros|Tauros, M|100\/100\n|-activate|p2a: Tauros|move: Sticky Web\n|-unboost|p2a: Tauros|spe|1\n|-damage|p2a: Tauros|88\/100|[from] Stealth Rock\n|-damage|p2a: Tauros|72\/100|[from] Spikes\n|turn|20\n|\n|t:|1699760430\n|move|p2a: Tauros|Work Up|p2a: Tauros\n|-boost|p2a: Tauros|atk|1\n|-boost|p2a: Tauros|spa|1\n|move|p1a: Gliscor|Earthquake|p2a: Tauros\n|-damage|p2a: Tauros|27\/100\n|\n|-heal|p1a: Gliscor|67\/100 tox|[from] ability: Poison Heal\n|upkeep\n|turn|21\n|\n|t:|1699760439\n|move|p2a: Tauros|Work Up|p2a: Tauros\n|-boost|p2a: Tauros|atk|1\n|-boost|p2a: Tauros|spa|1\n|move|p1a: Gliscor|Earthquake|p2a: Tauros\n|-damage|p2a: Tauros|0 fnt\n|faint|p2a: Tauros\n|\n|-heal|p1a: Gliscor|79\/100 tox|[from] ability: Poison Heal\n|upkeep\n|\n|t:|1699760448\n|switch|p2a: Mightyena|Mightyena, M, shiny|100\/100\n|-activate|p2a: Mightyena|move: Sticky Web\n|-unboost|p2a: Mightyena|spe|1\n|-damage|p2a: Mightyena|88\/100|[from] Stealth Rock\n|-damage|p2a: Mightyena|72\/100|[from] Spikes\n|turn|22\n|\n|t:|1699760459\n|move|p1a: Gliscor|Earthquake|p2a: Mightyena\n|-damage|p2a: Mightyena|15\/100\n|move|p2a: Mightyena|Crunch|p1a: Gliscor\n|-damage|p1a: Gliscor|54\/100 tox\n|-unboost|p1a: Gliscor|def|1\n|\n|-heal|p1a: Gliscor|66\/100 tox|[from] ability: Poison Heal\n|upkeep\n|turn|23\n|\n|t:|1699760468\n|move|p2a: Mightyena|Sucker Punch|p1a: Gliscor\n|-damage|p1a: Gliscor|35\/100 tox\n|move|p1a: Gliscor|Earthquake|p2a: Mightyena\n|-damage|p2a: Mightyena|0 fnt\n|faint|p2a: Mightyena\n|\n|-heal|p1a: Gliscor|48\/100 tox|[from] ability: Poison Heal\n|upkeep\n|\n|t:|1699760475\n|switch|p2a: Heatran|Heatran, F|100\/100\n|-activate|p2a: Heatran|move: Sticky Web\n|-unboost|p2a: Heatran|spe|1\n|-damage|p2a: Heatran|88\/100|[from] Stealth Rock\n|-damage|p2a: Heatran|72\/100|[from] Spikes\n|turn|24\n|\n|t:|1699760483\n|move|p1a: Gliscor|Earthquake|p2a: Heatran\n|-supereffective|p2a: Heatran\n|-damage|p2a: Heatran|0 fnt\n|faint|p2a: Heatran\n|\n|win|pochaccokun\n|raw|pochaccokun's rating: 1070 &rarr; <strong>1097<\/strong><br \/>(+27 for winning)\n|raw|imMacDaddy's rating: 1036 &rarr; <strong>1022<\/strong><br \/>(-14 for losing)\n|l|\u2606imMacDaddy\n","uploadtime":1699760495,"views":8,"p1id":"pochaccokun","p2id":"immacdaddy","formatid":"gen9ou","rating":1022,"private":0,"password":""}