{"id":"gen9ou-2000087384","p1":"quagyquag","p2":"Caubetuky","format":"[Gen 9] OU","log":"|j|\u2606quagyquag\n|j|\u2606Caubetuky\n|t:|1701152380\n|gametype|singles\n|player|p1|quagyquag|flannery|1153\n|player|p2|Caubetuky|170|1145\n|teamsize|p1|6\n|teamsize|p2|6\n|gen|9\n|tier|[Gen 9] OU\n|rated|\n|rule|Sleep Clause Mod: Limit one foe put to sleep\n|rule|Species Clause: Limit one of each Pok\u00e9mon\n|rule|OHKO Clause: OHKO moves are banned\n|rule|Evasion Items Clause: Evasion items are banned\n|rule|Evasion Moves Clause: Evasion moves are banned\n|rule|Endless Battle Clause: Forcing endless battles is banned\n|rule|HP Percentage Mod: HP is shown in percentages\n|clearpoke\n|poke|p1|Milotic, F|\n|poke|p1|Kingambit, F|\n|poke|p1|Ribombee, F|\n|poke|p1|Gholdengo|\n|poke|p1|Rotom-Wash|\n|poke|p1|Mamoswine, M|\n|poke|p2|Masquerain, M|\n|poke|p2|Dragapult, F|\n|poke|p2|Gholdengo|\n|poke|p2|Kingambit, F|\n|poke|p2|Breloom, M|\n|poke|p2|Azumarill, M|\n|teampreview\n|j| Justice4bug\n|inactive|Battle timer is ON: inactive players will automatically lose when time's up. (requested by quagyquag)\n|\n|t:|1701152395\n|start\n|switch|p1a: Ribombee|Ribombee, F, shiny|100\/100\n|switch|p2a: Azumarill|Azumarill, M, shiny|100\/100\n|turn|1\n|\n|t:|1701152406\n|move|p1a: Ribombee|Sticky Web|p2a: Azumarill\n|-sidestart|p2: Caubetuky|move: Sticky Web\n|move|p2a: Azumarill|Liquidation|p1a: Ribombee\n|-enditem|p1a: Ribombee|Focus Sash\n|-damage|p1a: Ribombee|1\/100\n|\n|upkeep\n|turn|2\n|\n|t:|1701152425\n|switch|p2a: Masquerain|Masquerain, M, shiny|100\/100\n|-ability|p2a: Masquerain|Intimidate|boost\n|-unboost|p1a: Ribombee|atk|1\n|move|p1a: Ribombee|Stun Spore|p2a: Masquerain\n|-status|p2a: Masquerain|par\n|\n|upkeep\n|turn|3\n|\n|t:|1701152435\n|switch|p1a: Gholdengo|Gholdengo|100\/100\n|-item|p1a: Gholdengo|Air Balloon\n|move|p2a: Masquerain|Sticky Web|p1a: Gholdengo\n|-sidestart|p1: quagyquag|move: Sticky Web\n|\n|upkeep\n|turn|4\n|\n|t:|1701152444\n|move|p1a: Gholdengo|Nasty Plot|p1a: Gholdengo\n|-boost|p1a: Gholdengo|spa|2\n|move|p2a: Masquerain|U-turn|p1a: Gholdengo\n|-resisted|p1a: Gholdengo\n|-damage|p1a: Gholdengo|96\/100\n|-enditem|p1a: Gholdengo|Air Balloon\n|\n|t:|1701152462\n|switch|p2a: Azumarill|Azumarill, M, shiny|100\/100|[from] U-turn\n|-activate|p2a: Azumarill|move: Sticky Web\n|-unboost|p2a: Azumarill|spe|1\n|\n|upkeep\n|turn|5\n|\n|t:|1701152479\n|-terastallize|p1a: Gholdengo|Ghost\n|move|p1a: Gholdengo|Shadow Ball|p2a: Azumarill\n|-damage|p2a: Azumarill|0 fnt\n|faint|p2a: Azumarill\n|\n|upkeep\n|\n|t:|1701152489\n|switch|p2a: Kingambit|Kingambit, F, shiny|100\/100\n|-activate|p2a: Kingambit|move: Sticky Web\n|-unboost|p2a: Kingambit|spe|1\n|-activate|p2a: Kingambit|ability: Supreme Overlord\n|-start|p2a: Kingambit|fallen1|[silent]\n|turn|6\n|\n|t:|1701152499\n|-terastallize|p2a: Kingambit|Dark\n|move|p2a: Kingambit|Sucker Punch||[still]\n|-fail|p2a: Kingambit\n|move|p1a: Gholdengo|Nasty Plot|p1a: Gholdengo\n|-boost|p1a: Gholdengo|spa|2\n|\n|upkeep\n|turn|7\n|\n|t:|1701152506\n|move|p2a: Kingambit|Sucker Punch||[still]\n|-fail|p2a: Kingambit\n|move|p1a: Gholdengo|Nasty Plot|p1a: Gholdengo\n|-boost|p1a: Gholdengo|spa|2\n|\n|upkeep\n|turn|8\n|\n|t:|1701152512\n|move|p2a: Kingambit|Sucker Punch||[still]\n|-fail|p2a: Kingambit\n|move|p1a: Gholdengo|Recover|p1a: Gholdengo\n|-heal|p1a: Gholdengo|100\/100\n|\n|upkeep\n|turn|9\n|\n|t:|1701152517\n|move|p2a: Kingambit|Sucker Punch||[still]\n|-fail|p2a: Kingambit\n|move|p1a: Gholdengo|Nasty Plot|p1a: Gholdengo\n|-boost|p1a: Gholdengo|spa|0\n|\n|upkeep\n|turn|10\n|\n|t:|1701152524\n|move|p1a: Gholdengo|Dazzling Gleam|p2a: Kingambit\n|-supereffective|p2a: Kingambit\n|-damage|p2a: Kingambit|0 fnt\n|faint|p2a: Kingambit\n|-end|p2a: Kingambit|fallen1|[silent]\n|\n|upkeep\n|-message|Caubetuky forfeited.\n|\n|win|quagyquag\n|raw|quagyquag's rating: 1153 &rarr; <strong>1177<\/strong><br \/>(+24 for winning)\n|raw|Caubetuky's rating: 1145 &rarr; <strong>1121<\/strong><br \/>(-24 for losing)\n|l|\u2606Caubetuky\n|l| Justice4bug\n","uploadtime":1701152551,"views":30,"p1id":"quagyquag","p2id":"caubetuky","formatid":"gen9ou","rating":1121,"private":0,"password":""}