{"id":"gen9ou-1990771948","p1":"Shanubiki","p2":"Lahly","format":"[Gen 9] OU","log":"|j|\u2606Shanubiki\n|j|\u2606Lahly\n|t:|1699999336\n|gametype|singles\n|player|p1|Shanubiki|aaron|1472\n|player|p2|Lahly|parasollady|1441\n|teamsize|p1|6\n|teamsize|p2|6\n|gen|9\n|tier|[Gen 9] OU\n|rated|\n|rule|Sleep Clause Mod: Limit one foe put to sleep\n|rule|Species Clause: Limit one of each Pok\u00e9mon\n|rule|OHKO Clause: OHKO moves are banned\n|rule|Evasion Items Clause: Evasion items are banned\n|rule|Evasion Moves Clause: Evasion moves are banned\n|rule|Endless Battle Clause: Forcing endless battles is banned\n|rule|HP Percentage Mod: HP is shown in percentages\n|clearpoke\n|poke|p1|Walking Wake|\n|poke|p1|Rillaboom, M|\n|poke|p1|Heatran, M|\n|poke|p1|Mandibuzz, F|\n|poke|p1|Greninja-*, M|\n|poke|p1|Great Tusk|\n|poke|p2|Ninetales-Alola, M|\n|poke|p2|Manaphy|\n|poke|p2|Kingambit, M|\n|poke|p2|Zapdos|\n|poke|p2|Dragonite, F|\n|poke|p2|Great Tusk|\n|teampreview\n|\n|t:|1699999352\n|start\n|switch|p1a: Heatran|Heatran, M|100\/100\n|switch|p2a: Ninetales|Ninetales-Alola, M|100\/100\n|-weather|Snow|[from] ability: Snow Warning|[of] p2a: Ninetales\n|turn|1\n|\n|t:|1699999363\n|move|p2a: Ninetales|Aurora Veil|p2a: Ninetales\n|-sidestart|p2: Lahly|move: Aurora Veil\n|move|p1a: Heatran|Stealth Rock|p2a: Ninetales\n|-sidestart|p2: Lahly|move: Stealth Rock\n|\n|-weather|Snow|[upkeep]\n|upkeep\n|turn|2\n|\n|t:|1699999381\n|switch|p2a: Manaphy|Manaphy|100\/100\n|-damage|p2a: Manaphy|88\/100|[from] Stealth Rock\n|move|p1a: Heatran|Magma Storm|p2a: Manaphy\n|-resisted|p2a: Manaphy\n|-damage|p2a: Manaphy|79\/100\n|-activate|p2a: Manaphy|move: Magma Storm|[of] p1a: Heatran\n|\n|-weather|Snow|[upkeep]\n|-heal|p2a: Manaphy|85\/100|[from] item: Leftovers\n|-damage|p2a: Manaphy|73\/100|[from] move: Magma Storm|[partiallytrapped]\n|upkeep\n|turn|3\n|inactive|Battle timer is ON: inactive players will automatically lose when time's up. (requested by Shanubiki)\n|\n|t:|1699999392\n|move|p2a: Manaphy|Acid Armor|p2a: Manaphy\n|-boost|p2a: Manaphy|def|2\n|move|p1a: Heatran|Taunt|p2a: Manaphy\n|-start|p2a: Manaphy|move: Taunt\n|\n|-weather|Snow|[upkeep]\n|-heal|p2a: Manaphy|79\/100|[from] item: Leftovers\n|-damage|p2a: Manaphy|67\/100|[from] move: Magma Storm|[partiallytrapped]\n|upkeep\n|turn|4\n|\n|t:|1699999409\n|move|p2a: Manaphy|Scald|p1a: Heatran\n|-supereffective|p1a: Heatran\n|-damage|p1a: Heatran|49\/100\n|move|p1a: Heatran|Earth Power|p2a: Manaphy\n|-damage|p2a: Manaphy|56\/100\n|\n|-weather|Snow|[upkeep]\n|-heal|p2a: Manaphy|62\/100|[from] item: Leftovers\n|-heal|p1a: Heatran|55\/100|[from] item: Leftovers\n|-damage|p2a: Manaphy|50\/100|[from] move: Magma Storm|[partiallytrapped]\n|upkeep\n|turn|5\n|\n|t:|1699999429\n|move|p2a: Manaphy|Scald|p1a: Heatran\n|-supereffective|p1a: Heatran\n|-damage|p1a: Heatran|2\/100\n|move|p1a: Heatran|Earth Power|p2a: Manaphy\n|-damage|p2a: Manaphy|40\/100\n|\n|-weather|none\n|-heal|p2a: Manaphy|46\/100|[from] item: Leftovers\n|-heal|p1a: Heatran|8\/100|[from] item: Leftovers\n|-damage|p2a: Manaphy|34\/100|[from] move: Magma Storm|[partiallytrapped]\n|upkeep\n|turn|6\n|\n|t:|1699999442\n|move|p2a: Manaphy|Scald|p1a: Heatran\n|-supereffective|p1a: Heatran\n|-damage|p1a: Heatran|0 fnt\n|faint|p1a: Heatran\n|\n|-heal|p2a: Manaphy|40\/100|[from] item: Leftovers\n|-end|p2a: Manaphy|Magma Storm|[partiallytrapped]|[silent]\n|-end|p2a: Manaphy|move: Taunt\n|upkeep\n|\n|t:|1699999456\n|switch|p1a: Rillaboom|Rillaboom, M|100\/100\n|-fieldstart|move: Grassy Terrain|[from] ability: Grassy Surge|[of] p1a: Rillaboom\n|turn|7\n|\n|t:|1699999476\n|-terastallize|p1a: Rillaboom|Grass\n|-terastallize|p2a: Manaphy|Fairy\n|move|p1a: Rillaboom|Grassy Glide|p2a: Manaphy\n|-damage|p2a: Manaphy|24\/100\n|move|p2a: Manaphy|Acid Armor|p2a: Manaphy\n|-boost|p2a: Manaphy|def|2\n|\n|-heal|p2a: Manaphy|30\/100|[from] Grassy Terrain\n|-heal|p2a: Manaphy|37\/100|[from] item: Leftovers\n|upkeep\n|turn|8\n|\n|t:|1699999490\n|switch|p1a: Walking Wake|Walking Wake|100\/100\n|-enditem|p1a: Walking Wake|Booster Energy\n|-activate|p1a: Walking Wake|ability: Protosynthesis|[fromitem]\n|-start|p1a: Walking Wake|protosynthesisspa\n|move|p2a: Manaphy|Acid Armor|p2a: Manaphy\n|-boost|p2a: Manaphy|def|2\n|\n|-heal|p2a: Manaphy|43\/100|[from] Grassy Terrain\n|-heal|p2a: Manaphy|49\/100|[from] item: Leftovers\n|-sideend|p2: Lahly|move: Aurora Veil\n|upkeep\n|turn|9\n|\n|t:|1699999501\n|move|p1a: Walking Wake|Hydro Pump|p2a: Manaphy|[miss]\n|-miss|p1a: Walking Wake|p2a: Manaphy\n|move|p2a: Manaphy|Stored Power|p1a: Walking Wake\n|-damage|p1a: Walking Wake|52\/100\n|\n|-heal|p1a: Walking Wake|59\/100|[from] Grassy Terrain\n|-heal|p2a: Manaphy|55\/100|[from] Grassy Terrain\n|-heal|p2a: Manaphy|61\/100|[from] item: Leftovers\n|upkeep\n|turn|10\n|\n|t:|1699999510\n|move|p1a: Walking Wake|Hydro Pump|p2a: Manaphy|[miss]\n|-miss|p1a: Walking Wake|p2a: Manaphy\n|move|p2a: Manaphy|Take Heart|p2a: Manaphy\n|-boost|p2a: Manaphy|spa|1\n|-boost|p2a: Manaphy|spd|1\n|\n|-heal|p1a: Walking Wake|65\/100|[from] Grassy Terrain\n|-heal|p2a: Manaphy|68\/100|[from] Grassy Terrain\n|-heal|p2a: Manaphy|74\/100|[from] item: Leftovers\n|upkeep\n|turn|11\n|\n|t:|1699999519\n|move|p1a: Walking Wake|Hydro Pump|p2a: Manaphy\n|-damage|p2a: Manaphy|31\/100\n|move|p2a: Manaphy|Take Heart|p2a: Manaphy\n|-boost|p2a: Manaphy|spa|1\n|-boost|p2a: Manaphy|spd|1\n|\n|-heal|p1a: Walking Wake|71\/100|[from] Grassy Terrain\n|-heal|p2a: Manaphy|38\/100|[from] Grassy Terrain\n|-heal|p2a: Manaphy|44\/100|[from] item: Leftovers\n|-fieldend|move: Grassy Terrain\n|upkeep\n|turn|12\n|c|\u2606Shanubiki|nique toi\n|\n|t:|1699999530\n|move|p1a: Walking Wake|Hydro Pump|p2a: Manaphy\n|-crit|p2a: Manaphy\n|-damage|p2a: Manaphy|0 fnt\n|faint|p2a: Manaphy\n|\n|upkeep\n|\n|t:|1699999540\n|switch|p2a: Ninetales|Ninetales-Alola, M|100\/100\n|-damage|p2a: Ninetales|76\/100|[from] Stealth Rock\n|-weather|Snow|[from] ability: Snow Warning|[of] p2a: Ninetales\n|turn|13\n|\n|t:|1699999546\n|move|p2a: Ninetales|Aurora Veil|p2a: Ninetales\n|-sidestart|p2: Lahly|move: Aurora Veil\n|move|p1a: Walking Wake|Hydro Pump|p2a: Ninetales\n|-crit|p2a: Ninetales\n|-damage|p2a: Ninetales|0 fnt\n|faint|p2a: Ninetales\n|\n|-weather|Snow|[upkeep]\n|upkeep\n|\n|t:|1699999561\n|switch|p2a: Zapdos|Zapdos|100\/100\n|turn|14\n|\n|t:|1699999569\n|move|p1a: Walking Wake|Substitute|p1a: Walking Wake\n|-start|p1a: Walking Wake|Substitute\n|-damage|p1a: Walking Wake|46\/100\n|move|p2a: Zapdos|Discharge|p1a: Walking Wake\n|-end|p1a: Walking Wake|Substitute\n|\n|-weather|Snow|[upkeep]\n|upkeep\n|turn|15\n|\n|t:|1699999576\n|move|p1a: Walking Wake|Substitute|p1a: Walking Wake\n|-start|p1a: Walking Wake|Substitute\n|-damage|p1a: Walking Wake|21\/100\n|move|p2a: Zapdos|Discharge|p1a: Walking Wake\n|-end|p1a: Walking Wake|Substitute\n|\n|-weather|Snow|[upkeep]\n|upkeep\n|turn|16\n|\n|t:|1699999582\n|move|p1a: Walking Wake|Hydro Pump|p2a: Zapdos|[miss]\n|-miss|p1a: Walking Wake|p2a: Zapdos\n|move|p2a: Zapdos|Discharge|p1a: Walking Wake\n|-crit|p1a: Walking Wake\n|-damage|p1a: Walking Wake|0 fnt\n|faint|p1a: Walking Wake\n|-end|p1a: Walking Wake|Protosynthesis|[silent]\n|\n|-weather|Snow|[upkeep]\n|upkeep\n|\n|t:|1699999588\n|switch|p1a: Mandibuzz|Mandibuzz, F|100\/100\n|turn|17\n|\n|t:|1699999593\n|move|p2a: Zapdos|Discharge|p1a: Mandibuzz\n|-supereffective|p1a: Mandibuzz\n|-damage|p1a: Mandibuzz|31\/100\n|move|p1a: Mandibuzz|Toxic|p2a: Zapdos\n|-status|p2a: Zapdos|tox\n|\n|-weather|none\n|-damage|p2a: Zapdos|94\/100 tox|[from] psn\n|upkeep\n|turn|18\n|\n|t:|1699999615\n|move|p2a: Zapdos|Discharge|p1a: Mandibuzz\n|-supereffective|p1a: Mandibuzz\n|-damage|p1a: Mandibuzz|0 fnt\n|faint|p1a: Mandibuzz\n|\n|-damage|p2a: Zapdos|82\/100 tox|[from] psn\n|upkeep\n|\n|t:|1699999621\n|switch|p1a: Greninja|Greninja, M|100\/100\n|turn|19\n|\n|t:|1699999630\n|move|p1a: Greninja|Ice Beam|p2a: Zapdos\n|-start|p1a: Greninja|typechange|Ice|[from] ability: Protean\n|-supereffective|p2a: Zapdos\n|-damage|p2a: Zapdos|45\/100 tox\n|move|p2a: Zapdos|Discharge|p1a: Greninja\n|-damage|p1a: Greninja|18\/100\n|\n|-damage|p2a: Zapdos|27\/100 tox|[from] psn\n|upkeep\n|turn|20\n|\n|t:|1699999644\n|switch|p2a: Kingambit|Kingambit, M|100\/100\n|-damage|p2a: Kingambit|94\/100|[from] Stealth Rock\n|-activate|p2a: Kingambit|ability: Supreme Overlord\n|-start|p2a: Kingambit|fallen2|[silent]\n|move|p1a: Greninja|Ice Beam|p2a: Kingambit\n|-resisted|p2a: Kingambit\n|-damage|p2a: Kingambit|86\/100\n|\n|-heal|p2a: Kingambit|92\/100|[from] item: Leftovers\n|-sideend|p2: Lahly|move: Aurora Veil\n|upkeep\n|turn|21\n|\n|t:|1699999670\n|switch|p1a: Great Tusk|Great Tusk|100\/100\n|move|p2a: Kingambit|Sucker Punch||[still]\n|-fail|p2a: Kingambit\n|\n|-heal|p2a: Kingambit|99\/100|[from] item: Leftovers\n|upkeep\n|turn|22\n|\n|t:|1699999684\n|-end|p2a: Kingambit|fallen2|[silent]\n|switch|p2a: Dragonite|Dragonite, F|100\/100\n|move|p1a: Great Tusk|Knock Off|p2a: Dragonite\n|-damage|p2a: Dragonite|85\/100\n|-enditem|p2a: Dragonite|Heavy-Duty Boots|[from] move: Knock Off|[of] p1a: Great Tusk\n|\n|upkeep\n|turn|23\n|\n|t:|1699999702\n|move|p2a: Dragonite|Earthquake|p1a: Great Tusk\n|-damage|p1a: Great Tusk|82\/100\n|move|p1a: Great Tusk|Rapid Spin|p2a: Dragonite\n|-damage|p2a: Dragonite|70\/100\n|-boost|p1a: Great Tusk|spe|1\n|\n|-heal|p1a: Great Tusk|88\/100|[from] item: Leftovers\n|upkeep\n|turn|24\n|\n|t:|1699999712\n|move|p1a: Great Tusk|Bulk Up|p1a: Great Tusk\n|-boost|p1a: Great Tusk|atk|1\n|-boost|p1a: Great Tusk|def|1\n|move|p2a: Dragonite|Fire Punch|p1a: Great Tusk\n|-damage|p1a: Great Tusk|78\/100\n|\n|-heal|p1a: Great Tusk|84\/100|[from] item: Leftovers\n|upkeep\n|turn|25\n|\n|t:|1699999720\n|switch|p2a: Great Tusk|Great Tusk|100\/100\n|-damage|p2a: Great Tusk|98\/100|[from] Stealth Rock\n|move|p1a: Great Tusk|Bulk Up|p1a: Great Tusk\n|-boost|p1a: Great Tusk|atk|1\n|-boost|p1a: Great Tusk|def|1\n|\n|-heal|p1a: Great Tusk|91\/100|[from] item: Leftovers\n|-heal|p2a: Great Tusk|100\/100|[from] item: Leftovers\n|upkeep\n|turn|26\n|\n|t:|1699999731\n|move|p1a: Great Tusk|Body Press|p2a: Great Tusk\n|-damage|p2a: Great Tusk|42\/100\n|move|p2a: Great Tusk|Bulk Up|p2a: Great Tusk\n|-boost|p2a: Great Tusk|atk|1\n|-boost|p2a: Great Tusk|def|1\n|\n|-heal|p1a: Great Tusk|97\/100|[from] item: Leftovers\n|-heal|p2a: Great Tusk|48\/100|[from] item: Leftovers\n|upkeep\n|turn|27\n|\n|t:|1699999745\n|move|p1a: Great Tusk|Body Press|p2a: Great Tusk\n|-damage|p2a: Great Tusk|13\/100\n|move|p2a: Great Tusk|Rapid Spin|p1a: Great Tusk\n|-damage|p1a: Great Tusk|89\/100\n|-boost|p2a: Great Tusk|spe|1\n|-sideend|p2: Lahly|Stealth Rock|[from] move: Rapid Spin|[of] p2a: Great Tusk\n|\n|-heal|p1a: Great Tusk|96\/100|[from] item: Leftovers\n|-heal|p2a: Great Tusk|19\/100|[from] item: Leftovers\n|upkeep\n|turn|28\n|\n|t:|1699999755\n|move|p1a: Great Tusk|Body Press|p2a: Great Tusk\n|-damage|p2a: Great Tusk|0 fnt\n|faint|p2a: Great Tusk\n|-end|p2a: Great Tusk|Protosynthesis|[silent]\n|\n|-heal|p1a: Great Tusk|100\/100|[from] item: Leftovers\n|upkeep\n|-message|Lahly forfeited.\n|\n|win|Shanubiki\n|raw|Shanubiki's rating: 1457 &rarr; <strong>1476<\/strong><br \/>(+19 for winning)\n|raw|Lahly's rating: 1441 &rarr; <strong>1422<\/strong><br \/>(-19 for losing)\n","uploadtime":1699999531,"views":12,"p1id":"shanubiki","p2id":"lahly","formatid":"gen9ou","rating":1422,"private":0,"password":""}