{"id":"gen9ou-1988308642","p1":"TheDoggoDS","p2":"Poukislava","format":"[Gen 9] OU","log":"|j|\u2606TheDoggoDS\n|j|\u2606Poukislava\n|t:|1699706005\n|gametype|singles\n|player|p1|TheDoggoDS|hugh|1152\n|player|p2|Poukislava|ingo|1122\n|teamsize|p1|6\n|teamsize|p2|6\n|gen|9\n|tier|[Gen 9] OU\n|rated|\n|rule|Sleep Clause Mod: Limit one foe put to sleep\n|rule|Species Clause: Limit one of each Pok\u00e9mon\n|rule|OHKO Clause: OHKO moves are banned\n|rule|Evasion Items Clause: Evasion items are banned\n|rule|Evasion Moves Clause: Evasion moves are banned\n|rule|Endless Battle Clause: Forcing endless battles is banned\n|rule|HP Percentage Mod: HP is shown in percentages\n|clearpoke\n|poke|p1|Clodsire, M|\n|poke|p1|Breloom, M|\n|poke|p1|Delphox, F|\n|poke|p1|Murkrow, F|\n|poke|p1|Toxapex, M|\n|poke|p1|Magnezone|\n|poke|p2|Kingambit, F|\n|poke|p2|Empoleon, F|\n|poke|p2|Gliscor, F|\n|poke|p2|Dragapult, F|\n|poke|p2|Talonflame, F|\n|poke|p2|Tauros-Paldea-Blaze, M|\n|teampreview\n|\n|t:|1699706019\n|start\n|switch|p1a: Murkrow|Murkrow, F|100\/100\n|switch|p2a: Francis|Gliscor, F|100\/100\n|turn|1\n|inactive|Battle timer is ON: inactive players will automatically lose when time's up. (requested by Poukislava)\n|\n|t:|1699706034\n|switch|p1a: Delphox|Delphox, F, shiny|100\/100\n|move|p2a: Francis|Protect||[still]\n|-fail|p2a: Francis\n|\n|-status|p2a: Francis|tox|[from] item: Toxic Orb\n|upkeep\n|turn|2\n|\n|t:|1699706056\n|switch|p2a: Bonnet|Empoleon, F|100\/100\n|-terastallize|p1a: Delphox|Fire\n|move|p1a: Delphox|Fire Blast|p2a: Bonnet\n|-damage|p2a: Bonnet|50\/100\n|-status|p2a: Bonnet|brn\n|\n|-heal|p2a: Bonnet|57\/100 brn|[from] item: Leftovers\n|-damage|p2a: Bonnet|50\/100 brn|[from] brn\n|upkeep\n|turn|3\n|inactive|Poukislava has 120 seconds left.\n|\n|t:|1699706112\n|switch|p2a: Tauros|Tauros-Paldea-Blaze, M|100\/100\n|-ability|p2a: Tauros|Intimidate|boost\n|-unboost|p1a: Delphox|atk|1\n|move|p1a: Delphox|Fire Blast|p2a: Tauros\n|-resisted|p2a: Tauros\n|-damage|p2a: Tauros|46\/100\n|\n|upkeep\n|turn|4\n|\n|t:|1699706128\n|move|p1a: Delphox|Fire Blast|p2a: Tauros\n|-resisted|p2a: Tauros\n|-damage|p2a: Tauros|0 fnt\n|faint|p2a: Tauros\n|\n|upkeep\n|\n|t:|1699706140\n|switch|p2a: Francis|Gliscor, F|100\/100 tox\n|turn|5\n|\n|t:|1699706148\n|move|p1a: Delphox|Fire Blast|p2a: Francis\n|-damage|p2a: Francis|20\/100 tox\n|move|p2a: Francis|Earthquake|p1a: Delphox\n|-supereffective|p1a: Delphox\n|-damage|p1a: Delphox|7\/100\n|\n|-heal|p2a: Francis|33\/100 tox|[from] ability: Poison Heal\n|upkeep\n|turn|6\n|\n|t:|1699706158\n|move|p2a: Francis|Protect|p2a: Francis\n|-singleturn|p2a: Francis|Protect\n|move|p1a: Delphox|Fire Blast|p2a: Francis\n|-activate|p2a: Francis|move: Protect\n|\n|-heal|p2a: Francis|45\/100 tox|[from] ability: Poison Heal\n|upkeep\n|turn|7\n|\n|t:|1699706167\n|switch|p2a: Bully|Talonflame, F|100\/100\n|move|p1a: Delphox|Fire Blast|p2a: Bully\n|-resisted|p2a: Bully\n|-damage|p2a: Bully|33\/100\n|\n|upkeep\n|turn|8\n|inactive|Poukislava has 120 seconds left.\n|\n|t:|1699706179\n|move|p1a: Delphox|Fire Blast|p2a: Bully\n|-resisted|p2a: Bully\n|-damage|p2a: Bully|0 fnt\n|faint|p2a: Bully\n|\n|upkeep\n|\n|t:|1699706194\n|switch|p2a: Dan dimma dome|Dragapult, F|100\/100\n|turn|9\n|inactive|Poukislava has 120 seconds left.\n|\n|t:|1699706218\n|move|p1a: Delphox|Fire Blast|p2a: Dan dimma dome\n|-resisted|p2a: Dan dimma dome\n|-crit|p2a: Dan dimma dome\n|-damage|p2a: Dan dimma dome|2\/100\n|move|p2a: Dan dimma dome|Shadow Ball|p1a: Delphox\n|-damage|p1a: Delphox|0 fnt\n|faint|p1a: Delphox\n|\n|upkeep\n|\n|t:|1699706238\n|switch|p1a: Murkrow|Murkrow, F|100\/100\n|turn|10\n|\n|t:|1699706247\n|switch|p2a: Francis|Gliscor, F|45\/100 tox\n|move|p1a: Murkrow|Thunder Wave|p2a: Francis\n|-immune|p2a: Francis\n|\n|-heal|p2a: Francis|57\/100 tox|[from] ability: Poison Heal\n|upkeep\n|turn|11\n|\n|t:|1699706264\n|move|p2a: Francis|Spikes|p1a: Murkrow\n|-sidestart|p1: TheDoggoDS|Spikes\n|move|p1a: Murkrow|Air Slash|p2a: Francis\n|-damage|p2a: Francis|20\/100 tox\n|\n|-heal|p2a: Francis|32\/100 tox|[from] ability: Poison Heal\n|upkeep\n|turn|12\n|\n|t:|1699706272\n|move|p2a: Francis|Protect|p2a: Francis\n|-singleturn|p2a: Francis|Protect\n|move|p1a: Murkrow|Dark Pulse|p2a: Francis\n|-activate|p2a: Francis|move: Protect\n|\n|-heal|p2a: Francis|45\/100 tox|[from] ability: Poison Heal\n|upkeep\n|turn|13\n|\n|t:|1699706285\n|move|p2a: Francis|Toxic|p1a: Murkrow\n|-status|p1a: Murkrow|tox\n|move|p1a: Murkrow|Dark Pulse|p2a: Francis\n|-damage|p2a: Francis|0 fnt\n|faint|p2a: Francis\n|\n|-damage|p1a: Murkrow|94\/100 tox|[from] psn\n|upkeep\n|\n|t:|1699706296\n|switch|p2a: Bonnet|Empoleon, F|50\/100 brn\n|turn|14\n|\n|t:|1699706301\n|move|p1a: Murkrow|Dark Pulse|p2a: Bonnet\n|-damage|p2a: Bonnet|28\/100 brn\n|move|p2a: Bonnet|Roost|p2a: Bonnet\n|-heal|p2a: Bonnet|78\/100 brn\n|-singleturn|p2a: Bonnet|move: Roost\n|\n|-heal|p2a: Bonnet|84\/100 brn|[from] item: Leftovers\n|-damage|p1a: Murkrow|82\/100 tox|[from] psn\n|-damage|p2a: Bonnet|78\/100 brn|[from] brn\n|upkeep\n|turn|15\n|\n|t:|1699706315\n|switch|p1a: Clodsire|Clodsire, M|100\/100\n|-damage|p1a: Clodsire|88\/100|[from] Spikes\n|move|p2a: Bonnet|Roost|p2a: Bonnet\n|-heal|p2a: Bonnet|100\/100 brn\n|-singleturn|p2a: Bonnet|move: Roost\n|\n|-damage|p2a: Bonnet|94\/100 brn|[from] brn\n|upkeep\n|turn|16\n|\n|t:|1699706332\n|move|p2a: Bonnet|Flash Cannon|p1a: Clodsire\n|-damage|p1a: Clodsire|71\/100\n|move|p1a: Clodsire|Earthquake|p2a: Bonnet\n|-supereffective|p2a: Bonnet\n|-damage|p2a: Bonnet|11\/100 brn\n|\n|-heal|p2a: Bonnet|17\/100 brn|[from] item: Leftovers\n|-damage|p2a: Bonnet|11\/100 brn|[from] brn\n|upkeep\n|turn|17\n|inactive|Poukislava has 120 seconds left.\n|\n|t:|1699706353\n|move|p2a: Bonnet|Flash Cannon|p1a: Clodsire\n|-damage|p1a: Clodsire|53\/100\n|move|p1a: Clodsire|Earthquake|p2a: Bonnet\n|-supereffective|p2a: Bonnet\n|-damage|p2a: Bonnet|0 fnt\n|faint|p2a: Bonnet\n|\n|upkeep\n|inactive|Poukislava has 120 seconds left.\n|\n|t:|1699706388\n|switch|p2a: Dan dimma dome|Dragapult, F|2\/100\n|turn|18\n|inactive|Poukislava has 90 seconds left.\n|\n|t:|1699706419\n|-terastallize|p2a: Dan dimma dome|Ghost\n|move|p2a: Dan dimma dome|Shadow Ball|p1a: Clodsire\n|-damage|p1a: Clodsire|16\/100\n|move|p1a: Clodsire|Earthquake|p2a: Dan dimma dome\n|-crit|p2a: Dan dimma dome\n|-damage|p2a: Dan dimma dome|0 fnt\n|faint|p2a: Dan dimma dome\n|\n|upkeep\n|\n|t:|1699706428\n|switch|p2a: Kenpachi|Kingambit, F|100\/100\n|-activate|p2a: Kenpachi|ability: Supreme Overlord\n|-start|p2a: Kenpachi|fallen5|[silent]\n|turn|19\n|\n|t:|1699706458\n|move|p2a: Kenpachi|Swords Dance|p2a: Kenpachi\n|-boost|p2a: Kenpachi|atk|2\n|move|p1a: Clodsire|Earthquake|p2a: Kenpachi\n|-supereffective|p2a: Kenpachi\n|-damage|p2a: Kenpachi|34\/100\n|\n|upkeep\n|turn|20\n|\n|t:|1699706465\n|move|p2a: Kenpachi|Sucker Punch|p1a: Clodsire\n|-damage|p1a: Clodsire|0 fnt\n|faint|p1a: Clodsire\n|\n|upkeep\n|\n|t:|1699706471\n|switch|p1a: Toxapex|Toxapex, M|100\/100\n|-damage|p1a: Toxapex|88\/100|[from] Spikes\n|turn|21\n|\n|t:|1699706484\n|move|p2a: Kenpachi|Kowtow Cleave|p1a: Toxapex\n|-damage|p1a: Toxapex|0 fnt\n|-damage|p2a: Kenpachi|17\/100|[from] item: Rocky Helmet|[of] p1a: Toxapex\n|faint|p1a: Toxapex\n|\n|upkeep\n|\n|t:|1699706490\n|switch|p1a: Murkrow|Murkrow, F|82\/100 tox\n|turn|22\n|\n|t:|1699706494\n|move|p1a: Murkrow|Tailwind|p1a: Murkrow\n|-sidestart|p1: TheDoggoDS|move: Tailwind\n|move|p2a: Kenpachi|Sucker Punch||[still]\n|-fail|p2a: Kenpachi\n|\n|-damage|p1a: Murkrow|76\/100 tox|[from] psn\n|upkeep\n|turn|23\n|inactive|Poukislava has 90 seconds left.\n|\n|t:|1699706516\n|move|p2a: Kenpachi|Sucker Punch|p1a: Murkrow\n|-resisted|p1a: Murkrow\n|-damage|p1a: Murkrow|0 fnt\n|faint|p1a: Murkrow\n|\n|upkeep\n|\n|t:|1699706523\n|switch|p1a: Breloom|Breloom, M, shiny|100\/100\n|-damage|p1a: Breloom|88\/100|[from] Spikes\n|turn|24\n|inactive|Poukislava has 90 seconds left.\n|\n|t:|1699706531\n|move|p2a: Kenpachi|Sucker Punch||[still]\n|-fail|p2a: Kenpachi\n|move|p1a: Breloom|Substitute|p1a: Breloom\n|-start|p1a: Breloom|Substitute\n|-damage|p1a: Breloom|63\/100\n|\n|-status|p1a: Breloom|tox|[from] item: Toxic Orb\n|upkeep\n|turn|25\n|inactive|Poukislava has 90 seconds left.\n|\n|t:|1699706548\n|-singleturn|p1a: Breloom|move: Focus Punch\n|move|p2a: Kenpachi|Iron Head|p1a: Breloom\n|-end|p1a: Breloom|Substitute\n|move|p1a: Breloom|Focus Punch|p2a: Kenpachi\n|-supereffective|p2a: Kenpachi\n|-damage|p2a: Kenpachi|0 fnt\n|faint|p2a: Kenpachi\n|-end|p2a: Kenpachi|fallen5|[silent]\n|\n|win|TheDoggoDS\n|raw|TheDoggoDS's rating: 1152 &rarr; <strong>1175<\/strong><br \/>(+23 for winning)\n|raw|Poukislava's rating: 1122 &rarr; <strong>1099<\/strong><br \/>(-23 for losing)\n","uploadtime":1699706564,"views":31,"p1id":"thedoggods","p2id":"poukislava","formatid":"gen9ou","rating":1099,"private":0,"password":""}