{"id":"gen9ou-1991270775","p1":"OUZD SUCKER PUNCH","p2":"dilkem","format":"[Gen 9] OU","log":"|j|\u2606OUZD SUCKER PUNCH\n|j|\u203ddilkem\n|t:|1700063053\n|gametype|singles\n|player|p1|OUZD SUCKER PUNCH|swimmerf-gen4|1380\n|player|p2|dilkem|worker|1365\n|teamsize|p1|6\n|teamsize|p2|6\n|gen|9\n|tier|[Gen 9] OU\n|rated|\n|rule|Sleep Clause Mod: Limit one foe put to sleep\n|rule|Species Clause: Limit one of each Pok\u00e9mon\n|rule|OHKO Clause: OHKO moves are banned\n|rule|Evasion Items Clause: Evasion items are banned\n|rule|Evasion Moves Clause: Evasion moves are banned\n|rule|Endless Battle Clause: Forcing endless battles is banned\n|rule|HP Percentage Mod: HP is shown in percentages\n|clearpoke\n|poke|p1|Samurott-Hisui, F|\n|poke|p1|Gholdengo|\n|poke|p1|Ogerpon-Wellspring, F|\n|poke|p1|Cinderace, M|\n|poke|p1|Dragapult, M|\n|poke|p1|Great Tusk|\n|poke|p2|Slowbro, M|\n|poke|p2|Diancie|\n|poke|p2|Slither Wing|\n|poke|p2|Donphan, M|\n|poke|p2|Arcanine-Hisui, F|\n|poke|p2|Revavroom, M|\n|teampreview\n|inactive|Battle timer is ON: inactive players will automatically lose when time's up. (requested by OUZD SUCKER PUNCH)\n|\n|t:|1700063068\n|start\n|switch|p1a: Dragapult|Dragapult, M|100\/100\n|switch|p2a: Slither Wing|Slither Wing|100\/100\n|turn|1\n|\n|t:|1700063079\n|-end|p2a: Slither Wing|Protosynthesis|[silent]\n|switch|p2a: Revavroom|Revavroom, M|100\/100\n|move|p1a: Dragapult|Draco Meteor|p2a: Revavroom\n|-resisted|p2a: Revavroom\n|-damage|p2a: Revavroom|65\/100\n|-unboost|p1a: Dragapult|spa|2\n|\n|-heal|p2a: Revavroom|71\/100|[from] item: Black Sludge\n|upkeep\n|turn|2\n|\n|t:|1700063088\n|switch|p1a: Great Tusk|Great Tusk|100\/100\n|move|p2a: Revavroom|Parting Shot|p1a: Great Tusk\n|-unboost|p1a: Great Tusk|atk|1\n|-unboost|p1a: Great Tusk|spa|1\n|\n|t:|1700063098\n|switch|p2a: Slowbro|Slowbro, M, shiny|100\/100|[from] Parting Shot\n|\n|upkeep\n|turn|3\n|\n|t:|1700063102\n|-end|p1a: Great Tusk|Protosynthesis|[silent]\n|switch|p1a: Samurott|Samurott-Hisui, F|100\/100\n|move|p2a: Slowbro|Trick Room|p2a: Slowbro\n|-fieldstart|move: Trick Room|[of] p2a: Slowbro\n|\n|upkeep\n|turn|4\n|\n|t:|1700063110\n|switch|p2a: Slither Wing|Slither Wing|100\/100\n|move|p1a: Samurott|Knock Off|p2a: Slither Wing\n|-resisted|p2a: Slither Wing\n|-damage|p2a: Slither Wing|76\/100\n|-enditem|p2a: Slither Wing|Insect Plate|[from] move: Knock Off|[of] p1a: Samurott\n|\n|upkeep\n|turn|5\n|\n|t:|1700063117\n|switch|p1a: Gholdengo|Gholdengo|100\/100\n|move|p2a: Slither Wing|U-turn|p1a: Gholdengo\n|-resisted|p1a: Gholdengo\n|-damage|p1a: Gholdengo|93\/100\n|\n|t:|1700063139\n|-end|p2a: Slither Wing|Protosynthesis|[silent]\n|switch|p2a: Donphan|Donphan, M|100\/100|[from] U-turn\n|\n|-heal|p1a: Gholdengo|99\/100|[from] item: Leftovers\n|upkeep\n|turn|6\n|\n|t:|1700063148\n|switch|p1a: Great Tusk|Great Tusk|100\/100\n|move|p2a: Donphan|Earthquake|p1a: Great Tusk\n|-damage|p1a: Great Tusk|72\/100\n|\n|-heal|p1a: Great Tusk|78\/100|[from] item: Leftovers\n|upkeep\n|turn|7\n|\n|t:|1700063164\n|switch|p2a: Slowbro|Slowbro, M, shiny|100\/100\n|move|p1a: Great Tusk|Knock Off|p2a: Slowbro\n|-supereffective|p2a: Slowbro\n|-damage|p2a: Slowbro|59\/100\n|-enditem|p2a: Slowbro|Weakness Policy\n|-boost|p2a: Slowbro|atk|2|[from] item: Weakness Policy\n|-boost|p2a: Slowbro|spa|2|[from] item: Weakness Policy\n|\n|-heal|p1a: Great Tusk|84\/100|[from] item: Leftovers\n|-fieldend|move: Trick Room\n|upkeep\n|turn|8\n|\n|t:|1700063184\n|-end|p1a: Great Tusk|Protosynthesis|[silent]\n|switch|p1a: Samurott|Samurott-Hisui, F|100\/100\n|move|p2a: Slowbro|Trick Room|p2a: Slowbro\n|-fieldstart|move: Trick Room|[of] p2a: Slowbro\n|\n|upkeep\n|turn|9\n|\n|t:|1700063189\n|move|p2a: Slowbro|Focus Blast|p1a: Samurott|[miss]\n|-miss|p2a: Slowbro|p1a: Samurott\n|move|p1a: Samurott|Ceaseless Edge|p2a: Slowbro\n|-supereffective|p2a: Slowbro\n|-damage|p2a: Slowbro|0 fnt\n|-sidestart|p2: dilkem|Spikes\n|faint|p2a: Slowbro\n|\n|upkeep\n|\n|t:|1700063198\n|switch|p2a: Slither Wing|Slither Wing|76\/100\n|-damage|p2a: Slither Wing|63\/100|[from] Spikes\n|turn|10\n|\n|t:|1700063205\n|switch|p1a: Great Tusk|Great Tusk|84\/100\n|move|p2a: Slither Wing|U-turn|p1a: Great Tusk\n|-resisted|p1a: Great Tusk\n|-damage|p1a: Great Tusk|75\/100\n|\n|t:|1700063213\n|-end|p2a: Slither Wing|Protosynthesis|[silent]\n|switch|p2a: Diancie|Diancie|100\/100|[from] U-turn\n|-damage|p2a: Diancie|88\/100|[from] Spikes\n|\n|-heal|p2a: Diancie|94\/100|[from] item: Leftovers\n|-heal|p1a: Great Tusk|81\/100|[from] item: Leftovers\n|upkeep\n|turn|11\n|\n|t:|1700063224\n|-end|p1a: Great Tusk|Protosynthesis|[silent]\n|switch|p1a: Gholdengo|Gholdengo|99\/100\n|move|p2a: Diancie|Earth Power|p1a: Gholdengo\n|-supereffective|p1a: Gholdengo\n|-crit|p1a: Gholdengo\n|-damage|p1a: Gholdengo|17\/100\n|\n|-heal|p2a: Diancie|100\/100|[from] item: Leftovers\n|-heal|p1a: Gholdengo|23\/100|[from] item: Leftovers\n|upkeep\n|turn|12\n|\n|t:|1700063235\n|switch|p1a: Ogerpon|Ogerpon-Wellspring, F|100\/100\n|move|p2a: Diancie|Moonblast|p1a: Ogerpon\n|-damage|p1a: Ogerpon|46\/100\n|\n|-fieldend|move: Trick Room\n|upkeep\n|turn|13\n|\n|t:|1700063248\n|-terastallize|p2a: Diancie|Grass\n|move|p1a: Ogerpon|Ivy Cudgel|p2a: Diancie|[anim] Ivy Cudgel Water\n|-resisted|p2a: Diancie\n|-damage|p2a: Diancie|79\/100\n|move|p2a: Diancie|Trick Room|p2a: Diancie\n|-fieldstart|move: Trick Room|[of] p2a: Diancie\n|\n|-heal|p2a: Diancie|85\/100|[from] item: Leftovers\n|upkeep\n|turn|14\n|\n|t:|1700063277\n|switch|p1a: Great Tusk|Great Tusk|81\/100\n|move|p2a: Diancie|Moonblast|p1a: Great Tusk\n|-supereffective|p1a: Great Tusk\n|-damage|p1a: Great Tusk|0 fnt\n|faint|p1a: Great Tusk\n|-end|p1a: Great Tusk|Protosynthesis|[silent]\n|\n|-heal|p2a: Diancie|92\/100|[from] item: Leftovers\n|upkeep\n|\n|t:|1700063286\n|switch|p1a: Cinderace|Cinderace, M|100\/100\n|turn|15\n|\n|t:|1700063290\n|move|p2a: Diancie|Power Gem|p1a: Cinderace\n|-supereffective|p1a: Cinderace\n|-damage|p1a: Cinderace|0 fnt\n|faint|p1a: Cinderace\n|\n|-heal|p2a: Diancie|98\/100|[from] item: Leftovers\n|upkeep\n|\n|t:|1700063293\n|switch|p1a: Gholdengo|Gholdengo|23\/100\n|turn|16\n|\n|t:|1700063302\n|move|p2a: Diancie|Moonblast|p1a: Gholdengo\n|-resisted|p1a: Gholdengo\n|-damage|p1a: Gholdengo|2\/100\n|-unboost|p1a: Gholdengo|spa|1\n|move|p1a: Gholdengo|Recover|p1a: Gholdengo\n|-heal|p1a: Gholdengo|52\/100\n|\n|-heal|p2a: Diancie|100\/100|[from] item: Leftovers\n|-heal|p1a: Gholdengo|58\/100|[from] item: Leftovers\n|upkeep\n|turn|17\n|\n|t:|1700063313\n|-terastallize|p1a: Gholdengo|Fighting\n|move|p2a: Diancie|Earth Power|p1a: Gholdengo\n|-damage|p1a: Gholdengo|29\/100\n|-unboost|p1a: Gholdengo|spd|1\n|move|p1a: Gholdengo|Recover|p1a: Gholdengo\n|-heal|p1a: Gholdengo|79\/100\n|\n|-heal|p1a: Gholdengo|85\/100|[from] item: Leftovers\n|-fieldend|move: Trick Room\n|upkeep\n|turn|18\n|\n|t:|1700063323\n|move|p1a: Gholdengo|Make It Rain|p2a: Diancie\n|-damage|p2a: Diancie|71\/100\n|-unboost|p1a: Gholdengo|spa|1\n|move|p2a: Diancie|Trick Room|p2a: Diancie\n|-fieldstart|move: Trick Room|[of] p2a: Diancie\n|\n|-heal|p2a: Diancie|77\/100|[from] item: Leftovers\n|-heal|p1a: Gholdengo|91\/100|[from] item: Leftovers\n|upkeep\n|turn|19\n|\n|t:|1700063335\n|move|p2a: Diancie|Moonblast|p1a: Gholdengo\n|-supereffective|p1a: Gholdengo\n|-damage|p1a: Gholdengo|0 fnt\n|faint|p1a: Gholdengo\n|\n|-heal|p2a: Diancie|83\/100|[from] item: Leftovers\n|upkeep\n|\n|t:|1700063341\n|switch|p1a: Dragapult|Dragapult, M|100\/100\n|turn|20\n|\n|t:|1700063344\n|move|p2a: Diancie|Moonblast|p1a: Dragapult\n|-supereffective|p1a: Dragapult\n|-damage|p1a: Dragapult|0 fnt\n|faint|p1a: Dragapult\n|\n|-heal|p2a: Diancie|90\/100|[from] item: Leftovers\n|upkeep\n|-message|OUZD SUCKER PUNCH forfeited.\n|\n|win|dilkem\n|raw|OUZD SUCKER PUNCH's rating: 1380 &rarr; <strong>1359<\/strong><br \/>(-21 for losing)\n|raw|dilkem's rating: 1365 &rarr; <strong>1386<\/strong><br \/>(+21 for winning)\n|l|\u2606OUZD SUCKER PUNCH\n","uploadtime":1700063357,"views":6,"p1id":"ouzdsuckerpunch","p2id":"dilkem","formatid":"gen9ou","rating":1359,"private":0,"password":""}