{"id":"gen9ou-1996657443","p1":"trevobo","p2":"hoverinope","format":"[Gen 9] OU","log":"|j|\u2606trevobo\n|j|\u2606hoverinope\n|t:|1700706059\n|gametype|singles\n|player|p1|trevobo|swimmer|1256\n|player|p2|hoverinope|1|1252\n|teamsize|p1|6\n|teamsize|p2|6\n|gen|9\n|tier|[Gen 9] OU\n|rated|\n|rule|Sleep Clause Mod: Limit one foe put to sleep\n|rule|Species Clause: Limit one of each Pok\u00e9mon\n|rule|OHKO Clause: OHKO moves are banned\n|rule|Evasion Items Clause: Evasion items are banned\n|rule|Evasion Moves Clause: Evasion moves are banned\n|rule|Endless Battle Clause: Forcing endless battles is banned\n|rule|HP Percentage Mod: HP is shown in percentages\n|clearpoke\n|poke|p1|Dondozo, M|\n|poke|p1|Pelipper, M|\n|poke|p1|Iron Jugulis|\n|poke|p1|Iron Valiant|\n|poke|p1|Weavile, F|\n|poke|p1|Walking Wake|\n|poke|p2|Poliwrath, F|\n|poke|p2|Pelipper, M|\n|poke|p2|Overqwil, M|\n|poke|p2|Rillaboom, M|\n|poke|p2|Iron Treads|\n|poke|p2|Zapdos|\n|teampreview\n|inactive|Battle timer is ON: inactive players will automatically lose when time's up. (requested by hoverinope)\n|\n|t:|1700706063\n|start\n|switch|p1a: Weavile|Weavile, F|100\/100\n|switch|p2a: Pelipper|Pelipper, M|100\/100\n|-ability|p1a: Weavile|Pressure\n|-weather|RainDance|[from] ability: Drizzle|[of] p2a: Pelipper\n|turn|1\n|\n|t:|1700706071\n|move|p1a: Weavile|Swords Dance|p1a: Weavile\n|-boost|p1a: Weavile|atk|2\n|move|p2a: Pelipper|Surf|p1a: Weavile\n|-damage|p1a: Weavile|35\/100\n|\n|-weather|RainDance|[upkeep]\n|upkeep\n|turn|2\n|\n|t:|1700706081\n|switch|p2a: Iron Treads|Iron Treads|100\/100\n|move|p1a: Weavile|Poison Jab|p2a: Iron Treads\n|-immune|p2a: Iron Treads\n|\n|-weather|RainDance|[upkeep]\n|upkeep\n|turn|3\n|\n|t:|1700706095\n|move|p1a: Weavile|Ice Shard|p2a: Iron Treads\n|-damage|p2a: Iron Treads|60\/100\n|move|p2a: Iron Treads|Thunder|p1a: Weavile\n|-damage|p1a: Weavile|0 fnt\n|faint|p1a: Weavile\n|\n|-weather|RainDance|[upkeep]\n|upkeep\n|\n|t:|1700706098\n|switch|p1a: Iron Jugulis|Iron Jugulis|100\/100\n|-enditem|p1a: Iron Jugulis|Booster Energy\n|-activate|p1a: Iron Jugulis|ability: Quark Drive|[fromitem]\n|-start|p1a: Iron Jugulis|quarkdrivespe\n|turn|4\n|\n|t:|1700706103\n|move|p1a: Iron Jugulis|Hydro Pump|p2a: Iron Treads\n|-supereffective|p2a: Iron Treads\n|-damage|p2a: Iron Treads|0 fnt\n|faint|p2a: Iron Treads\n|-end|p2a: Iron Treads|Quark Drive|[silent]\n|\n|-weather|RainDance|[upkeep]\n|upkeep\n|\n|t:|1700706116\n|switch|p2a: Zapdos|Zapdos|100\/100\n|turn|5\n|\n|t:|1700706122\n|-terastallize|p1a: Iron Jugulis|Ground\n|move|p1a: Iron Jugulis|Dark Pulse|p2a: Zapdos\n|-damage|p2a: Zapdos|55\/100\n|move|p2a: Zapdos|Thunder|p1a: Iron Jugulis\n|-immune|p1a: Iron Jugulis\n|\n|-weather|RainDance|[upkeep]\n|upkeep\n|turn|6\n|\n|t:|1700706132\n|move|p1a: Iron Jugulis|Dark Pulse|p2a: Zapdos\n|-damage|p2a: Zapdos|5\/100\n|move|p2a: Zapdos|Weather Ball|p1a: Iron Jugulis\n|-supereffective|p1a: Iron Jugulis\n|-damage|p1a: Iron Jugulis|0 fnt\n|faint|p1a: Iron Jugulis\n|-end|p1a: Iron Jugulis|Quark Drive|[silent]\n|\n|-weather|RainDance|[upkeep]\n|upkeep\n|\n|t:|1700706143\n|switch|p1a: Iron Valiant|Iron Valiant|100\/100\n|-enditem|p1a: Iron Valiant|Booster Energy\n|-activate|p1a: Iron Valiant|ability: Quark Drive|[fromitem]\n|-start|p1a: Iron Valiant|quarkdrivespe\n|turn|7\n|\n|t:|1700706152\n|move|p1a: Iron Valiant|Shadow Claw|p2a: Zapdos\n|-damage|p2a: Zapdos|0 fnt\n|-status|p1a: Iron Valiant|par|[from] ability: Static|[of] p2a: Zapdos\n|faint|p2a: Zapdos\n|\n|-weather|RainDance|[upkeep]\n|upkeep\n|\n|t:|1700706158\n|switch|p2a: Overqwil|Overqwil, M|100\/100\n|turn|8\n|\n|t:|1700706166\n|move|p2a: Overqwil|Gunk Shot|p1a: Iron Valiant|[miss]\n|-miss|p2a: Overqwil|p1a: Iron Valiant\n|move|p1a: Iron Valiant|Swords Dance|p1a: Iron Valiant\n|-boost|p1a: Iron Valiant|atk|2\n|\n|-weather|none\n|upkeep\n|turn|9\n|\n|t:|1700706171\n|move|p2a: Overqwil|Gunk Shot|p1a: Iron Valiant|[miss]\n|-miss|p2a: Overqwil|p1a: Iron Valiant\n|move|p1a: Iron Valiant|Close Combat|p2a: Overqwil\n|-damage|p2a: Overqwil|0 fnt\n|-unboost|p1a: Iron Valiant|def|1\n|-unboost|p1a: Iron Valiant|spd|1\n|faint|p2a: Overqwil\n|\n|upkeep\n|c|\u2606hoverinope|fuck this game\n|c|\u2606hoverinope|fuck it\n|\n|t:|1700706181\n|switch|p2a: Pelipper|Pelipper, M|100\/100\n|-weather|RainDance|[from] ability: Drizzle|[of] p2a: Pelipper\n|turn|10\n|n|!trevobo|trevobo\n|inactive|hoverinope has 120 seconds left.\n|\n|t:|1700706215\n|move|p1a: Iron Valiant|Shadow Claw|p2a: Pelipper\n|-crit|p2a: Pelipper\n|-damage|p2a: Pelipper|37\/100\n|move|p2a: Pelipper|Hurricane|p1a: Iron Valiant\n|-supereffective|p1a: Iron Valiant\n|-damage|p1a: Iron Valiant|0 fnt\n|faint|p1a: Iron Valiant\n|-end|p1a: Iron Valiant|Quark Drive|[silent]\n|\n|-weather|RainDance|[upkeep]\n|upkeep\n|\n|t:|1700706234\n|switch|p1a: Walking Wake|Walking Wake|100\/100\n|-enditem|p1a: Walking Wake|Booster Energy\n|-activate|p1a: Walking Wake|ability: Protosynthesis|[fromitem]\n|-start|p1a: Walking Wake|protosynthesisspa\n|turn|11\n|\n|t:|1700706240\n|move|p1a: Walking Wake|Agility|p1a: Walking Wake\n|-boost|p1a: Walking Wake|spe|2\n|move|p2a: Pelipper|Roost|p2a: Pelipper\n|-heal|p2a: Pelipper|87\/100\n|-singleturn|p2a: Pelipper|move: Roost\n|\n|-weather|RainDance|[upkeep]\n|upkeep\n|turn|12\n|\n|t:|1700706251\n|move|p1a: Walking Wake|Weather Ball|p2a: Pelipper\n|-resisted|p2a: Pelipper\n|-damage|p2a: Pelipper|26\/100\n|move|p2a: Pelipper|Hurricane|p1a: Walking Wake\n|-damage|p1a: Walking Wake|56\/100\n|\n|-weather|RainDance|[upkeep]\n|upkeep\n|turn|13\n|\n|t:|1700706260\n|move|p1a: Walking Wake|Weather Ball|p2a: Pelipper\n|-resisted|p2a: Pelipper\n|-damage|p2a: Pelipper|0 fnt\n|faint|p2a: Pelipper\n|\n|-weather|RainDance|[upkeep]\n|upkeep\n|\n|t:|1700706263\n|switch|p2a: Poliwrath|Poliwrath, F|100\/100\n|turn|14\n|\n|t:|1700706269\n|switch|p2a: Rillaboom|Rillaboom, M|100\/100\n|-fieldstart|move: Grassy Terrain|[from] ability: Grassy Surge|[of] p2a: Rillaboom\n|move|p1a: Walking Wake|Hurricane|p2a: Rillaboom\n|-supereffective|p2a: Rillaboom\n|-damage|p2a: Rillaboom|0 fnt\n|faint|p2a: Rillaboom\n|\n|-weather|RainDance|[upkeep]\n|-heal|p1a: Walking Wake|62\/100|[from] Grassy Terrain\n|upkeep\n|\n|t:|1700706275\n|switch|p2a: Poliwrath|Poliwrath, F|100\/100\n|turn|15\n|\n|t:|1700706286\n|-terastallize|p2a: Poliwrath|Poison\n|move|p1a: Walking Wake|Hurricane|p2a: Poliwrath\n|-damage|p2a: Poliwrath|41\/100\n|-enditem|p2a: Poliwrath|Sitrus Berry|[eat]\n|-heal|p2a: Poliwrath|65\/100|[from] item: Sitrus Berry\n|move|p2a: Poliwrath|Belly Drum|p2a: Poliwrath\n|-damage|p2a: Poliwrath|15\/100\n|-setboost|p2a: Poliwrath|atk|6|[from] move: Belly Drum\n|\n|-weather|RainDance|[upkeep]\n|-heal|p1a: Walking Wake|68\/100|[from] Grassy Terrain\n|-heal|p2a: Poliwrath|22\/100|[from] Grassy Terrain\n|upkeep\n|turn|16\n|\n|t:|1700706294\n|move|p1a: Walking Wake|Weather Ball|p2a: Poliwrath\n|-damage|p2a: Poliwrath|0 fnt\n|faint|p2a: Poliwrath\n|\n|win|trevobo\n|raw|trevobo's rating: 1256 &rarr; <strong>1281<\/strong><br \/>(+25 for winning)\n|raw|hoverinope's rating: 1252 &rarr; <strong>1227<\/strong><br \/>(-25 for losing)\n","uploadtime":1700706184,"views":4,"p1id":"trevobo","p2id":"hoverinope","formatid":"gen9ou","rating":1227,"private":0,"password":""}