{"id":"gen9ou-1994358428","p1":"Mymomsaidyourmom","p2":"lushna","format":"[Gen 9] OU","log":"|j|\u2606Mymomsaidyourmom\n|j|\u2606lushna\n|t:|1700434849\n|gametype|singles\n|player|p1|Mymomsaidyourmom|ltsurge|1434\n|player|p2|lushna|aromalady|1426\n|teamsize|p1|6\n|teamsize|p2|6\n|gen|9\n|tier|[Gen 9] OU\n|rated|\n|rule|Sleep Clause Mod: Limit one foe put to sleep\n|rule|Species Clause: Limit one of each Pok\u00e9mon\n|rule|OHKO Clause: OHKO moves are banned\n|rule|Evasion Items Clause: Evasion items are banned\n|rule|Evasion Moves Clause: Evasion moves are banned\n|rule|Endless Battle Clause: Forcing endless battles is banned\n|rule|HP Percentage Mod: HP is shown in percentages\n|clearpoke\n|poke|p1|Amoonguss, F|\n|poke|p1|Zapdos|\n|poke|p1|Gholdengo|\n|poke|p1|Walking Wake|\n|poke|p1|Great Tusk|\n|poke|p1|Garchomp, M|\n|poke|p2|Weavile, F|\n|poke|p2|Amoonguss, M|\n|poke|p2|Garganacl, M|\n|poke|p2|Maushold|\n|poke|p2|Kingambit, F|\n|poke|p2|Samurott-Hisui, M|\n|teampreview\n|\n|t:|1700434874\n|start\n|switch|p1a: Talking Fake|Walking Wake|100\/100\n|switch|p2a: Amoonguss|Amoonguss, M|100\/100\n|-enditem|p1a: Talking Fake|Booster Energy\n|-activate|p1a: Talking Fake|ability: Protosynthesis|[fromitem]\n|-start|p1a: Talking Fake|protosynthesisspa\n|turn|1\n|inactive|Battle timer is ON: inactive players will automatically lose when time's up. (requested by lushna)\n|\n|t:|1700434886\n|move|p1a: Talking Fake|Flamethrower|p2a: Amoonguss\n|-supereffective|p2a: Amoonguss\n|-damage|p2a: Amoonguss|11\/100\n|-enditem|p2a: Amoonguss|Red Card|[of] p1a: Talking Fake\n|-end|p1a: Talking Fake|Protosynthesis|[silent]\n|drag|p1a: Doritos|Zapdos|100\/100\n|move|p2a: Amoonguss|Spore|p1a: Doritos\n|-status|p1a: Doritos|slp|[from] move: Spore\n|\n|upkeep\n|turn|2\n|\n|t:|1700434902\n|switch|p1a: Cheese Head|Gholdengo|100\/100\n|switch|p2a: Samurott|Samurott-Hisui, M, shiny|100\/100\n|\n|upkeep\n|turn|3\n|\n|t:|1700434909\n|switch|p1a: Imposter|Amoonguss, F|100\/100\n|move|p2a: Samurott|Ceaseless Edge|p1a: Imposter\n|-damage|p1a: Imposter|64\/100\n|-sidestart|p1: Mymomsaidyourmom|Spikes\n|\n|-heal|p1a: Imposter|71\/100|[from] item: Black Sludge\n|upkeep\n|turn|4\n|\n|t:|1700434922\n|switch|p2a: Amoonguss|Amoonguss, M|44\/100\n|move|p1a: Imposter|Sludge Bomb|p2a: Amoonguss\n|-damage|p2a: Amoonguss|20\/100\n|\n|-heal|p1a: Imposter|77\/100|[from] item: Black Sludge\n|upkeep\n|turn|5\n|\n|t:|1700434932\n|switch|p2a: Garganacl|Garganacl, M|100\/100\n|move|p1a: Imposter|Spore|p2a: Garganacl\n|-immune|p2a: Garganacl|[from] ability: Purifying Salt\n|\n|-heal|p1a: Imposter|83\/100|[from] item: Black Sludge\n|upkeep\n|turn|6\n|\n|t:|1700434948\n|switch|p1a: Cheese Head|Gholdengo|100\/100\n|-damage|p1a: Cheese Head|88\/100|[from] Spikes\n|move|p2a: Garganacl|Salt Cure|p1a: Cheese Head\n|-resisted|p1a: Cheese Head\n|-damage|p1a: Cheese Head|81\/100\n|-start|p1a: Cheese Head|Salt Cure\n|\n|-damage|p1a: Cheese Head|56\/100|[from] Salt Cure\n|upkeep\n|turn|7\n|\n|t:|1700434954\n|switch|p2a: Samurott|Samurott-Hisui, M, shiny|100\/100\n|move|p1a: Cheese Head|Trick|p2a: Samurott\n|-activate|p1a: Cheese Head|move: Trick|[of] p2a: Samurott\n|-item|p2a: Samurott|Choice Scarf|[from] move: Trick\n|-item|p1a: Cheese Head|Mystic Water|[from] move: Trick\n|\n|-damage|p1a: Cheese Head|31\/100|[from] Salt Cure\n|upkeep\n|turn|8\n|c|\u2606lushna|thanks\n|\n|t:|1700434962\n|switch|p1a: Imposter|Amoonguss, F|100\/100\n|-damage|p1a: Imposter|88\/100|[from] Spikes\n|move|p2a: Samurott|Ceaseless Edge|p1a: Imposter\n|-damage|p1a: Imposter|51\/100\n|-sidestart|p1: Mymomsaidyourmom|Spikes\n|\n|-heal|p1a: Imposter|57\/100|[from] item: Black Sludge\n|upkeep\n|turn|9\n|\n|t:|1700434967\n|move|p2a: Samurott|Ceaseless Edge|p1a: Imposter\n|-damage|p1a: Imposter|20\/100\n|-sidestart|p1: Mymomsaidyourmom|Spikes\n|move|p1a: Imposter|Sludge Bomb|p2a: Samurott\n|-damage|p2a: Samurott|65\/100\n|\n|-heal|p1a: Imposter|26\/100|[from] item: Black Sludge\n|upkeep\n|turn|10\n|\n|t:|1700434971\n|move|p2a: Samurott|Ceaseless Edge|p1a: Imposter|[miss]\n|-miss|p2a: Samurott|p1a: Imposter\n|move|p1a: Imposter|Giga Drain|p2a: Samurott\n|-supereffective|p2a: Samurott\n|-damage|p2a: Samurott|7\/100\n|-heal|p1a: Imposter|50\/100|[from] drain|[of] p2a: Samurott\n|\n|-heal|p1a: Imposter|56\/100|[from] item: Black Sludge\n|upkeep\n|turn|11\n|\n|t:|1700434973\n|move|p2a: Samurott|Ceaseless Edge|p1a: Imposter\n|-damage|p1a: Imposter|20\/100\n|move|p1a: Imposter|Giga Drain|p2a: Samurott\n|-supereffective|p2a: Samurott\n|-damage|p2a: Samurott|0 fnt\n|-heal|p1a: Imposter|23\/100|[from] drain|[of] p2a: Samurott\n|faint|p2a: Samurott\n|\n|-heal|p1a: Imposter|29\/100|[from] item: Black Sludge\n|upkeep\n|\n|t:|1700434978\n|switch|p2a: Weavile|Weavile, F|100\/100\n|-ability|p2a: Weavile|Pressure\n|turn|12\n|\n|t:|1700434983\n|switch|p1a: Doritos|Zapdos|100\/100 slp\n|move|p2a: Weavile|Ice Spinner|p1a: Doritos\n|-supereffective|p1a: Doritos\n|-damage|p1a: Doritos|0 fnt\n|-status|p2a: Weavile|par|[from] ability: Static|[of] p1a: Doritos\n|faint|p1a: Doritos\n|\n|upkeep\n|\n|t:|1700434987\n|switch|p1a: Donald Trunk|Great Tusk|100\/100\n|turn|13\n|\n|t:|1700435004\n|-terastallize|p1a: Donald Trunk|Steel\n|move|p2a: Weavile|Ice Shard|p1a: Donald Trunk\n|-resisted|p1a: Donald Trunk\n|-damage|p1a: Donald Trunk|93\/100\n|move|p1a: Donald Trunk|Rapid Spin|p2a: Weavile\n|-damage|p2a: Weavile|71\/100 par\n|-boost|p1a: Donald Trunk|spe|1\n|-sideend|p1: Mymomsaidyourmom|Spikes|[from] move: Rapid Spin|[of] p1a: Donald Trunk\n|\n|upkeep\n|turn|14\n|\n|t:|1700435016\n|move|p1a: Donald Trunk|Headlong Rush|p2a: Weavile\n|-damage|p2a: Weavile|0 fnt\n|-unboost|p1a: Donald Trunk|def|1\n|-unboost|p1a: Donald Trunk|spd|1\n|faint|p2a: Weavile\n|\n|upkeep\n|\n|t:|1700435020\n|switch|p2a: Kingambit|Kingambit, F|100\/100\n|-activate|p2a: Kingambit|ability: Supreme Overlord\n|-start|p2a: Kingambit|fallen2|[silent]\n|turn|15\n|inactive|lushna has 120 seconds left.\n|inactive|Mymomsaidyourmom has 120 seconds left.\n|\n|t:|1700435059\n|-end|p1a: Donald Trunk|Protosynthesis|[silent]\n|switch|p1a: Imposter|Amoonguss, F|62\/100\n|-end|p2a: Kingambit|fallen2|[silent]\n|switch|p2a: Amoonguss|Amoonguss, M|53\/100\n|\n|-heal|p1a: Imposter|69\/100|[from] item: Black Sludge\n|upkeep\n|turn|16\n|inactive|lushna has 120 seconds left.\n|\n|t:|1700435068\n|switch|p2a: Garganacl|Garganacl, M|100\/100\n|move|p1a: Imposter|Sludge Bomb|p2a: Garganacl\n|-resisted|p2a: Garganacl\n|-damage|p2a: Garganacl|91\/100\n|\n|-heal|p2a: Garganacl|98\/100|[from] item: Leftovers\n|-heal|p1a: Imposter|75\/100|[from] item: Black Sludge\n|upkeep\n|turn|17\n|inactive|Mymomsaidyourmom has 120 seconds left.\n|\n|t:|1700435088\n|switch|p1a: Talking Fake|Walking Wake|100\/100\n|move|p2a: Garganacl|Salt Cure|p1a: Talking Fake\n|-damage|p1a: Talking Fake|86\/100\n|-start|p1a: Talking Fake|Salt Cure\n|\n|-heal|p2a: Garganacl|100\/100|[from] item: Leftovers\n|-damage|p1a: Talking Fake|61\/100|[from] Salt Cure\n|upkeep\n|turn|18\n|inactive|Mymomsaidyourmom has 120 seconds left.\n|\n|t:|1700435097\n|-terastallize|p2a: Garganacl|Fairy\n|move|p1a: Talking Fake|Surf|p2a: Garganacl\n|-damage|p2a: Garganacl|70\/100\n|move|p2a: Garganacl|Iron Defense|p2a: Garganacl\n|-boost|p2a: Garganacl|def|2\n|\n|-heal|p2a: Garganacl|76\/100|[from] item: Leftovers\n|-damage|p1a: Talking Fake|36\/100|[from] Salt Cure\n|upkeep\n|turn|19\n|\n|t:|1700435105\n|-end|p1a: Talking Fake|Protosynthesis|[silent]\n|switch|p1a: Imposter|Amoonguss, F|100\/100\n|move|p2a: Garganacl|Recover|p2a: Garganacl\n|-heal|p2a: Garganacl|100\/100\n|\n|upkeep\n|turn|20\n|\n|t:|1700435111\n|switch|p2a: Kingambit|Kingambit, F|100\/100\n|-activate|p2a: Kingambit|ability: Supreme Overlord\n|-start|p2a: Kingambit|fallen2|[silent]\n|move|p1a: Imposter|Sludge Bomb|p2a: Kingambit\n|-immune|p2a: Kingambit\n|\n|upkeep\n|turn|21\n|\n|t:|1700435115\n|move|p2a: Kingambit|Kowtow Cleave|p1a: Imposter\n|-damage|p1a: Imposter|56\/100\n|move|p1a: Imposter|Spore|p2a: Kingambit\n|-status|p2a: Kingambit|slp|[from] move: Spore\n|\n|-heal|p1a: Imposter|62\/100|[from] item: Black Sludge\n|upkeep\n|turn|22\n|\n|t:|1700435121\n|switch|p1a: Your Left Cousin|Garchomp, M|100\/100\n|cant|p2a: Kingambit|slp\n|\n|upkeep\n|turn|23\n|\n|t:|1700435128\n|-end|p2a: Kingambit|fallen2|[silent]\n|switch|p2a: Amoonguss|Amoonguss, M|86\/100\n|move|p1a: Your Left Cousin|Swords Dance|p1a: Your Left Cousin\n|-boost|p1a: Your Left Cousin|atk|2\n|\n|upkeep\n|turn|24\n|\n|t:|1700435136\n|switch|p1a: Imposter|Amoonguss, F|96\/100\n|move|p2a: Amoonguss|Spore|p1a: Imposter\n|-immune|p1a: Imposter\n|\n|-heal|p1a: Imposter|100\/100|[from] item: Black Sludge\n|upkeep\n|turn|25\n|\n|t:|1700435140\n|switch|p1a: Your Left Cousin|Garchomp, M|100\/100\n|move|p2a: Amoonguss|Foul Play|p1a: Your Left Cousin\n|-damage|p1a: Your Left Cousin|65\/100\n|-damage|p2a: Amoonguss|74\/100|[from] ability: Rough Skin|[of] p1a: Your Left Cousin\n|\n|upkeep\n|turn|26\n|\n|t:|1700435146\n|switch|p1a: Imposter|Amoonguss, F|100\/100\n|move|p2a: Amoonguss|Spore|p1a: Imposter\n|-immune|p1a: Imposter\n|\n|upkeep\n|turn|27\n|\n|t:|1700435149\n|move|p2a: Amoonguss|Spore|p1a: Imposter\n|-immune|p1a: Imposter\n|move|p1a: Imposter|Sludge Bomb|p2a: Amoonguss\n|-damage|p2a: Amoonguss|49\/100\n|\n|upkeep\n|turn|28\n|\n|t:|1700435153\n|switch|p2a: Kingambit|Kingambit, F|100\/100 slp\n|-activate|p2a: Kingambit|ability: Supreme Overlord\n|-start|p2a: Kingambit|fallen2|[silent]\n|move|p1a: Imposter|Sludge Bomb|p2a: Kingambit\n|-immune|p2a: Kingambit\n|\n|upkeep\n|turn|29\n|\n|t:|1700435158\n|switch|p1a: Your Left Cousin|Garchomp, M|65\/100\n|-curestatus|p2a: Kingambit|slp|[msg]\n|move|p2a: Kingambit|Swords Dance|p2a: Kingambit\n|-boost|p2a: Kingambit|atk|2\n|\n|upkeep\n|turn|30\n|\n|t:|1700435163\n|move|p2a: Kingambit|Sucker Punch||[still]\n|-fail|p2a: Kingambit\n|move|p1a: Your Left Cousin|Swords Dance|p1a: Your Left Cousin\n|-boost|p1a: Your Left Cousin|atk|2\n|\n|upkeep\n|turn|31\n|\n|t:|1700435169\n|move|p2a: Kingambit|Sucker Punch||[still]\n|-fail|p2a: Kingambit\n|move|p1a: Your Left Cousin|Swords Dance|p1a: Your Left Cousin\n|-boost|p1a: Your Left Cousin|atk|2\n|\n|upkeep\n|turn|32\n|\n|t:|1700435180\n|move|p2a: Kingambit|Sucker Punch||[still]\n|-fail|p2a: Kingambit\n|move|p1a: Your Left Cousin|Swords Dance|p1a: Your Left Cousin\n|-boost|p1a: Your Left Cousin|atk|2\n|\n|upkeep\n|turn|33\n|\n|t:|1700435183\n|move|p2a: Kingambit|Sucker Punch|p1a: Your Left Cousin\n|-damage|p1a: Your Left Cousin|0 fnt\n|-damage|p2a: Kingambit|88\/100|[from] ability: Rough Skin|[of] p1a: Your Left Cousin\n|faint|p1a: Your Left Cousin\n|\n|-heal|p2a: Kingambit|94\/100|[from] item: Leftovers\n|upkeep\n|\n|t:|1700435188\n|switch|p1a: Donald Trunk|Great Tusk, tera:Steel|93\/100\n|turn|34\n|\n|t:|1700435195\n|-end|p2a: Kingambit|fallen2|[silent]\n|switch|p2a: Amoonguss|Amoonguss, M|82\/100\n|move|p1a: Donald Trunk|Headlong Rush|p2a: Amoonguss\n|-damage|p2a: Amoonguss|35\/100\n|-unboost|p1a: Donald Trunk|def|1\n|-unboost|p1a: Donald Trunk|spd|1\n|\n|upkeep\n|turn|35\n|\n|t:|1700435205\n|switch|p2a: Maushold|Maushold|100\/100\n|move|p1a: Donald Trunk|Headlong Rush|p2a: Maushold\n|-damage|p2a: Maushold|0 fnt\n|-unboost|p1a: Donald Trunk|def|1\n|-unboost|p1a: Donald Trunk|spd|1\n|faint|p2a: Maushold\n|\n|upkeep\n|\n|t:|1700435211\n|switch|p2a: Amoonguss|Amoonguss, M|68\/100\n|turn|36\n|\n|t:|1700435217\n|-end|p1a: Donald Trunk|Protosynthesis|[silent]\n|switch|p1a: Imposter|Amoonguss, F|100\/100\n|move|p2a: Amoonguss|Foul Play|p1a: Imposter\n|-damage|p1a: Imposter|90\/100\n|\n|-heal|p1a: Imposter|96\/100|[from] item: Black Sludge\n|upkeep\n|turn|37\n|\n|t:|1700435225\n|switch|p2a: Garganacl|Garganacl, M, tera:Fairy|100\/100\n|move|p1a: Imposter|Foul Play|p2a: Garganacl\n|-resisted|p2a: Garganacl\n|-damage|p2a: Garganacl|93\/100\n|\n|-heal|p2a: Garganacl|99\/100|[from] item: Leftovers\n|-heal|p1a: Imposter|100\/100|[from] item: Black Sludge\n|upkeep\n|turn|38\n|\n|t:|1700435228\n|move|p2a: Garganacl|Salt Cure|p1a: Imposter\n|-damage|p1a: Imposter|89\/100\n|-start|p1a: Imposter|Salt Cure\n|move|p1a: Imposter|Sludge Bomb|p2a: Garganacl\n|-supereffective|p2a: Garganacl\n|-damage|p2a: Garganacl|67\/100\n|\n|-heal|p2a: Garganacl|73\/100|[from] item: Leftovers\n|-heal|p1a: Imposter|96\/100|[from] item: Black Sludge\n|-damage|p1a: Imposter|83\/100|[from] Salt Cure\n|upkeep\n|turn|39\n|\n|t:|1700435234\n|move|p2a: Garganacl|Iron Defense|p2a: Garganacl\n|-boost|p2a: Garganacl|def|2\n|move|p1a: Imposter|Sludge Bomb|p2a: Garganacl\n|-supereffective|p2a: Garganacl\n|-crit|p2a: Garganacl\n|-damage|p2a: Garganacl|24\/100\n|\n|-heal|p2a: Garganacl|30\/100|[from] item: Leftovers\n|-heal|p1a: Imposter|89\/100|[from] item: Black Sludge\n|-damage|p1a: Imposter|77\/100|[from] Salt Cure\n|upkeep\n|turn|40\n|\n|t:|1700435240\n|move|p2a: Garganacl|Recover|p2a: Garganacl\n|-heal|p2a: Garganacl|80\/100\n|move|p1a: Imposter|Sludge Bomb|p2a: Garganacl\n|-supereffective|p2a: Garganacl\n|-damage|p2a: Garganacl|47\/100\n|\n|-heal|p2a: Garganacl|53\/100|[from] item: Leftovers\n|-heal|p1a: Imposter|83\/100|[from] item: Black Sludge\n|-damage|p1a: Imposter|71\/100|[from] Salt Cure\n|upkeep\n|turn|41\n|\n|t:|1700435245\n|move|p2a: Garganacl|Recover|p2a: Garganacl\n|-heal|p2a: Garganacl|100\/100\n|move|p1a: Imposter|Sludge Bomb|p2a: Garganacl\n|-supereffective|p2a: Garganacl\n|-damage|p2a: Garganacl|63\/100\n|\n|-heal|p2a: Garganacl|70\/100|[from] item: Leftovers\n|-heal|p1a: Imposter|77\/100|[from] item: Black Sludge\n|-damage|p1a: Imposter|64\/100|[from] Salt Cure\n|upkeep\n|turn|42\n|\n|t:|1700435248\n|move|p2a: Garganacl|Salt Cure|p1a: Imposter\n|-damage|p1a: Imposter|53\/100\n|move|p1a: Imposter|Sludge Bomb|p2a: Garganacl\n|-supereffective|p2a: Garganacl\n|-damage|p2a: Garganacl|37\/100\n|\n|-heal|p2a: Garganacl|43\/100|[from] item: Leftovers\n|-heal|p1a: Imposter|59\/100|[from] item: Black Sludge\n|-damage|p1a: Imposter|47\/100|[from] Salt Cure\n|upkeep\n|turn|43\n|\n|t:|1700435256\n|switch|p1a: Cheese Head|Gholdengo|31\/100\n|move|p2a: Garganacl|Recover|p2a: Garganacl\n|-heal|p2a: Garganacl|93\/100\n|\n|-heal|p2a: Garganacl|99\/100|[from] item: Leftovers\n|upkeep\n|turn|44\n|\n|t:|1700435267\n|switch|p2a: Amoonguss|Amoonguss, M|100\/100\n|move|p1a: Cheese Head|Make It Rain|p2a: Amoonguss\n|-damage|p2a: Amoonguss|40\/100\n|-unboost|p1a: Cheese Head|spa|1\n|\n|upkeep\n|turn|45\n|\n|t:|1700435286\n|switch|p1a: Imposter|Amoonguss, F|80\/100\n|switch|p2a: Kingambit|Kingambit, F|94\/100\n|-activate|p2a: Kingambit|ability: Supreme Overlord\n|-start|p2a: Kingambit|fallen3|[silent]\n|\n|-heal|p2a: Kingambit|100\/100|[from] item: Leftovers\n|-heal|p1a: Imposter|86\/100|[from] item: Black Sludge\n|upkeep\n|turn|46\n|\n|t:|1700435294\n|-end|p2a: Kingambit|fallen3|[silent]\n|switch|p2a: Garganacl|Garganacl, M, tera:Fairy|99\/100\n|move|p1a: Imposter|Spore|p2a: Garganacl\n|-immune|p2a: Garganacl|[from] ability: Purifying Salt\n|\n|-heal|p2a: Garganacl|100\/100|[from] item: Leftovers\n|-heal|p1a: Imposter|93\/100|[from] item: Black Sludge\n|upkeep\n|turn|47\n|\n|t:|1700435302\n|move|p2a: Garganacl|Salt Cure|p1a: Imposter\n|-damage|p1a: Imposter|82\/100\n|-start|p1a: Imposter|Salt Cure\n|move|p1a: Imposter|Sludge Bomb|p2a: Garganacl\n|-supereffective|p2a: Garganacl\n|-damage|p2a: Garganacl|67\/100\n|\n|-heal|p2a: Garganacl|74\/100|[from] item: Leftovers\n|-heal|p1a: Imposter|88\/100|[from] item: Black Sludge\n|-damage|p1a: Imposter|75\/100|[from] Salt Cure\n|upkeep\n|turn|48\n|\n|t:|1700435307\n|switch|p2a: Amoonguss|Amoonguss, M|73\/100\n|move|p1a: Imposter|Sludge Bomb|p2a: Amoonguss\n|-damage|p2a: Amoonguss|46\/100\n|\n|-heal|p1a: Imposter|82\/100|[from] item: Black Sludge\n|-damage|p1a: Imposter|69\/100|[from] Salt Cure\n|upkeep\n|turn|49\n|\n|t:|1700435314\n|switch|p1a: Talking Fake|Walking Wake|36\/100\n|move|p2a: Amoonguss|Sludge Bomb|p1a: Talking Fake\n|-damage|p1a: Talking Fake|5\/100\n|\n|upkeep\n|turn|50\n|\n|t:|1700435319\n|move|p1a: Talking Fake|Flamethrower|p2a: Amoonguss\n|-supereffective|p2a: Amoonguss\n|-damage|p2a: Amoonguss|0 fnt\n|faint|p2a: Amoonguss\n|\n|upkeep\n|\n|t:|1700435323\n|switch|p2a: Garganacl|Garganacl, M, tera:Fairy|74\/100\n|turn|51\n|\n|t:|1700435333\n|-end|p1a: Talking Fake|Protosynthesis|[silent]\n|switch|p1a: Cheese Head|Gholdengo|31\/100\n|move|p2a: Garganacl|Recover|p2a: Garganacl\n|-heal|p2a: Garganacl|100\/100\n|\n|upkeep\n|turn|52\n|\n|t:|1700435341\n|switch|p2a: Kingambit|Kingambit, F|100\/100\n|-activate|p2a: Kingambit|ability: Supreme Overlord\n|-start|p2a: Kingambit|fallen4|[silent]\n|move|p1a: Cheese Head|Make It Rain|p2a: Kingambit\n|-resisted|p2a: Kingambit\n|-damage|p2a: Kingambit|64\/100\n|-unboost|p1a: Cheese Head|spa|1\n|\n|-heal|p2a: Kingambit|70\/100|[from] item: Leftovers\n|upkeep\n|turn|53\n|\n|t:|1700435348\n|switch|p1a: Imposter|Amoonguss, F|100\/100\n|move|p2a: Kingambit|Kowtow Cleave|p1a: Imposter\n|-damage|p1a: Imposter|42\/100\n|\n|-heal|p2a: Kingambit|76\/100|[from] item: Leftovers\n|-heal|p1a: Imposter|48\/100|[from] item: Black Sludge\n|upkeep\n|turn|54\n|\n|t:|1700435369\n|switch|p1a: Talking Fake|Walking Wake|5\/100\n|move|p2a: Kingambit|Kowtow Cleave|p1a: Talking Fake\n|-damage|p1a: Talking Fake|0 fnt\n|faint|p1a: Talking Fake\n|-end|p1a: Talking Fake|Protosynthesis|[silent]\n|\n|-heal|p2a: Kingambit|82\/100|[from] item: Leftovers\n|upkeep\n|\n|t:|1700435374\n|switch|p1a: Donald Trunk|Great Tusk, tera:Steel|93\/100\n|turn|55\n|\n|t:|1700435395\n|-end|p2a: Kingambit|fallen4|[silent]\n|switch|p2a: Garganacl|Garganacl, M, tera:Fairy|100\/100\n|move|p1a: Donald Trunk|Knock Off|p2a: Garganacl\n|-resisted|p2a: Garganacl\n|-damage|p2a: Garganacl|90\/100\n|-enditem|p2a: Garganacl|Leftovers|[from] move: Knock Off|[of] p1a: Donald Trunk\n|\n|upkeep\n|turn|56\n|\n|t:|1700435402\n|-end|p1a: Donald Trunk|Protosynthesis|[silent]\n|switch|p1a: Imposter|Amoonguss, F|82\/100\n|move|p2a: Garganacl|Salt Cure|p1a: Imposter\n|-damage|p1a: Imposter|70\/100\n|-start|p1a: Imposter|Salt Cure\n|\n|-heal|p1a: Imposter|76\/100|[from] item: Black Sludge\n|-damage|p1a: Imposter|64\/100|[from] Salt Cure\n|upkeep\n|turn|57\n|\n|t:|1700435409\n|switch|p1a: Cheese Head|Gholdengo|31\/100\n|move|p2a: Garganacl|Recover|p2a: Garganacl\n|-heal|p2a: Garganacl|100\/100\n|\n|upkeep\n|turn|58\n|\n|t:|1700435418\n|move|p1a: Cheese Head|Focus Blast|p2a: Garganacl\n|-resisted|p2a: Garganacl\n|-damage|p2a: Garganacl|87\/100\n|move|p2a: Garganacl|Iron Defense|p2a: Garganacl\n|-boost|p2a: Garganacl|def|2\n|\n|upkeep\n|turn|59\n|\n|t:|1700435425\n|move|p1a: Cheese Head|Make It Rain|p2a: Garganacl\n|-supereffective|p2a: Garganacl\n|-damage|p2a: Garganacl|1\/100\n|-unboost|p1a: Cheese Head|spa|1\n|move|p2a: Garganacl|Salt Cure|p1a: Cheese Head\n|-resisted|p1a: Cheese Head\n|-damage|p1a: Cheese Head|23\/100\n|-start|p1a: Cheese Head|Salt Cure\n|\n|-damage|p1a: Cheese Head|0 fnt|[from] Salt Cure\n|faint|p1a: Cheese Head\n|upkeep\n|\n|t:|1700435432\n|switch|p1a: Donald Trunk|Great Tusk, tera:Steel|93\/100\n|turn|60\n|\n|t:|1700435438\n|move|p1a: Donald Trunk|Rapid Spin|p2a: Garganacl\n|-damage|p2a: Garganacl|0 fnt\n|-boost|p1a: Donald Trunk|spe|1\n|faint|p2a: Garganacl\n|\n|upkeep\n|\n|t:|1700435440\n|switch|p2a: Kingambit|Kingambit, F|82\/100\n|-activate|p2a: Kingambit|ability: Supreme Overlord\n|-start|p2a: Kingambit|fallen5|[silent]\n|turn|61\n|\n|t:|1700435444\n|move|p2a: Kingambit|Sucker Punch|p1a: Donald Trunk\n|-damage|p1a: Donald Trunk|46\/100\n|move|p1a: Donald Trunk|Close Combat|p2a: Kingambit\n|-supereffective|p2a: Kingambit\n|-damage|p2a: Kingambit|0 fnt\n|-unboost|p1a: Donald Trunk|def|1\n|-unboost|p1a: Donald Trunk|spd|1\n|faint|p2a: Kingambit\n|-end|p2a: Kingambit|fallen5|[silent]\n|\n|win|Mymomsaidyourmom\n|raw|Mymomsaidyourmom's rating: 1434 &rarr; <strong>1454<\/strong><br \/>(+20 for winning)\n|raw|lushna's rating: 1426 &rarr; <strong>1406<\/strong><br \/>(-20 for losing)\n|l|\u2606lushna\n","uploadtime":1700435459,"views":7,"p1id":"mymomsaidyourmom","p2id":"lushna","formatid":"gen9ou","rating":1406,"private":0,"password":""}