{"id":"gen9ou-1990886774","p1":"Pokeman208115","p2":"WishedWash","format":"[Gen 9] OU","log":"|j|\u2606Pokeman208115\n|j|\u2606WishedWash\n|t:|1700011484\n|gametype|singles\n|player|p1|Pokeman208115|red|1227\n|player|p2|WishedWash|veteranf|1178\n|teamsize|p1|6\n|teamsize|p2|6\n|gen|9\n|tier|[Gen 9] OU\n|rated|\n|rule|Sleep Clause Mod: Limit one foe put to sleep\n|rule|Species Clause: Limit one of each Pok\u00e9mon\n|rule|OHKO Clause: OHKO moves are banned\n|rule|Evasion Items Clause: Evasion items are banned\n|rule|Evasion Moves Clause: Evasion moves are banned\n|rule|Endless Battle Clause: Forcing endless battles is banned\n|rule|HP Percentage Mod: HP is shown in percentages\n|clearpoke\n|poke|p1|Ribombee, F|\n|poke|p1|Gholdengo|\n|poke|p1|Great Tusk|\n|poke|p1|Mienshao, M|\n|poke|p1|Sandaconda, M|\n|poke|p1|Goodra-Hisui, F|\n|poke|p2|Alomomola, F|\n|poke|p2|Slowking-Galar, F|\n|poke|p2|Kingambit, F|\n|poke|p2|Great Tusk|\n|poke|p2|Cinderace, F|\n|poke|p2|Thundurus-Therian, M|\n|teampreview\n|inactive|Battle timer is ON: inactive players will automatically lose when time's up. (requested by WishedWash)\n|\n|t:|1700011491\n|start\n|switch|p1a: Ribombee|Ribombee, F|100\/100\n|switch|p2a: Officer Nose|Great Tusk|100\/100\n|turn|1\n|c|\u2606WishedWash|i meant to click cinderace ahhh\n|\n|t:|1700011513\n|move|p1a: Ribombee|Moonblast|p2a: Officer Nose\n|-supereffective|p2a: Officer Nose\n|-damage|p2a: Officer Nose|0 fnt\n|faint|p2a: Officer Nose\n|-end|p2a: Officer Nose|Protosynthesis|[silent]\n|\n|upkeep\n|\n|t:|1700011517\n|switch|p2a: Cinderizz|Cinderace, F|100\/100\n|turn|2\n|\n|t:|1700011520\n|move|p2a: Cinderizz|U-turn|p1a: Ribombee\n|-start|p2a: Cinderizz|typechange|Bug|[from] ability: Libero\n|-resisted|p1a: Ribombee\n|-damage|p1a: Ribombee|68\/100\n|\n|t:|1700011525\n|switch|p2a: SLAY KIIIING|Slowking-Galar, F|100\/100|[from] U-turn\n|move|p1a: Ribombee|Stun Spore|p2a: SLAY KIIIING\n|-status|p2a: SLAY KIIIING|par\n|\n|upkeep\n|turn|3\n|\n|t:|1700011530\n|move|p1a: Ribombee|Sticky Web|p2a: SLAY KIIIING\n|-sidestart|p2: WishedWash|move: Sticky Web\n|move|p2a: SLAY KIIIING|Chilly Reception|p2a: SLAY KIIIING\n|-weather|Snow\n|\n|t:|1700011534\n|switch|p2a: Cinderizz|Cinderace, F|100\/100|[from] Chilly Reception\n|\n|-weather|Snow|[upkeep]\n|upkeep\n|turn|4\n|\n|t:|1700011537\n|move|p2a: Cinderizz|Court Change|p2a: Cinderizz\n|-start|p2a: Cinderizz|typechange|Normal|[from] ability: Libero\n|-swapsideconditions\n|-activate|p2a: Cinderizz|move: Court Change\n|move|p1a: Ribombee|Stun Spore|p2a: Cinderizz|[miss]\n|-miss|p1a: Ribombee|p2a: Cinderizz\n|\n|-weather|Snow|[upkeep]\n|upkeep\n|turn|5\n|\n|t:|1700011555\n|switch|p1a: Great Tusk|Great Tusk|100\/100\n|-activate|p1a: Great Tusk|move: Sticky Web\n|-unboost|p1a: Great Tusk|spe|1\n|-terastallize|p2a: Cinderizz|Grass\n|move|p2a: Cinderizz|Pyro Ball|p1a: Great Tusk\n|-damage|p1a: Great Tusk|83\/100\n|\n|-weather|Snow|[upkeep]\n|-heal|p1a: Great Tusk|89\/100|[from] item: Leftovers\n|upkeep\n|turn|6\n|\n|t:|1700011566\n|move|p2a: Cinderizz|Will-O-Wisp|p1a: Great Tusk\n|-status|p1a: Great Tusk|brn\n|move|p1a: Great Tusk|Rapid Spin|p2a: Cinderizz\n|-damage|p2a: Cinderizz|91\/100\n|-boost|p1a: Great Tusk|spe|1\n|-sideend|p1: Pokeman208115|Sticky Web|[from] move: Rapid Spin|[of] p1a: Great Tusk\n|\n|-weather|Snow|[upkeep]\n|-heal|p1a: Great Tusk|96\/100 brn|[from] item: Leftovers\n|-damage|p1a: Great Tusk|89\/100 brn|[from] brn\n|upkeep\n|turn|7\n|\n|t:|1700011578\n|move|p2a: Cinderizz|U-turn|p1a: Great Tusk\n|-resisted|p1a: Great Tusk\n|-damage|p1a: Great Tusk|84\/100 brn\n|\n|t:|1700011583\n|switch|p2a: Pummel Rumble|Thundurus-Therian, M|100\/100|[from] U-turn\n|move|p1a: Great Tusk|Knock Off|p2a: Pummel Rumble\n|-damage|p2a: Pummel Rumble|79\/100\n|-enditem|p2a: Pummel Rumble|Choice Specs|[from] move: Knock Off|[of] p1a: Great Tusk\n|\n|-weather|none\n|-heal|p1a: Great Tusk|90\/100 brn|[from] item: Leftovers\n|-damage|p1a: Great Tusk|84\/100 brn|[from] brn\n|upkeep\n|turn|8\n|\n|t:|1700011593\n|-end|p1a: Great Tusk|Protosynthesis|[silent]\n|switch|p1a: Goodra|Goodra-Hisui, F|100\/100\n|move|p2a: Pummel Rumble|Grass Knot|p1a: Goodra\n|-ability|p1a: Goodra|Sap Sipper|boost\n|-boost|p1a: Goodra|atk|1\n|\n|upkeep\n|turn|9\n|\n|t:|1700011602\n|move|p2a: Pummel Rumble|Volt Switch|p1a: Goodra\n|-resisted|p1a: Goodra\n|-damage|p1a: Goodra|92\/100\n|\n|t:|1700011605\n|switch|p2a: Ser. Stache|Kingambit, F|100\/100|[from] Volt Switch\n|-activate|p2a: Ser. Stache|ability: Supreme Overlord\n|-start|p2a: Ser. Stache|fallen1|[silent]\n|move|p1a: Goodra|Flash Cannon|p2a: Ser. Stache\n|-resisted|p2a: Ser. Stache\n|-damage|p2a: Ser. Stache|81\/100\n|\n|-heal|p2a: Ser. Stache|87\/100|[from] item: Leftovers\n|upkeep\n|turn|10\n|\n|t:|1700011609\n|move|p1a: Goodra|Flamethrower|p2a: Ser. Stache\n|-supereffective|p2a: Ser. Stache\n|-damage|p2a: Ser. Stache|31\/100\n|move|p2a: Ser. Stache|Kowtow Cleave|p1a: Goodra\n|-damage|p1a: Goodra|39\/100\n|\n|-heal|p2a: Ser. Stache|37\/100|[from] item: Leftovers\n|upkeep\n|turn|11\n|\n|t:|1700011612\n|move|p2a: Ser. Stache|Sucker Punch|p1a: Goodra\n|-damage|p1a: Goodra|0 fnt\n|faint|p1a: Goodra\n|\n|-heal|p2a: Ser. Stache|43\/100|[from] item: Leftovers\n|upkeep\n|\n|t:|1700011614\n|switch|p1a: Ribombee|Ribombee, F|68\/100\n|turn|12\n|\n|t:|1700011620\n|-end|p2a: Ser. Stache|fallen1|[silent]\n|switch|p2a: Cinderizz|Cinderace, F, tera:Grass|91\/100\n|move|p1a: Ribombee|Sticky Web|p2a: Cinderizz\n|-sidestart|p2: WishedWash|move: Sticky Web\n|\n|upkeep\n|turn|13\n|\n|t:|1700011626\n|move|p2a: Cinderizz|Pyro Ball|p1a: Ribombee\n|-supereffective|p1a: Ribombee\n|-damage|p1a: Ribombee|0 fnt\n|faint|p1a: Ribombee\n|\n|upkeep\n|\n|t:|1700011633\n|switch|p1a: Sandaconda|Sandaconda, M|100\/100\n|turn|14\n|\n|t:|1700011636\n|move|p2a: Cinderizz|Court Change|p2a: Cinderizz\n|-swapsideconditions\n|-activate|p2a: Cinderizz|move: Court Change\n|move|p1a: Sandaconda|Scale Shot|p2a: Cinderizz\n|-crit|p2a: Cinderizz\n|-damage|p2a: Cinderizz|71\/100\n|-damage|p2a: Cinderizz|60\/100\n|-damage|p2a: Cinderizz|47\/100\n|-damage|p2a: Cinderizz|35\/100\n|-hitcount|p2a: Cinderizz|4\n|-unboost|p1a: Sandaconda|def|1\n|-boost|p1a: Sandaconda|spe|1\n|\n|upkeep\n|turn|15\n|\n|t:|1700011646\n|move|p2a: Cinderizz|Pyro Ball|p1a: Sandaconda|[miss]\n|-miss|p2a: Cinderizz|p1a: Sandaconda\n|move|p1a: Sandaconda|Scale Shot|p2a: Cinderizz\n|-damage|p2a: Cinderizz|23\/100\n|-damage|p2a: Cinderizz|11\/100\n|-damage|p2a: Cinderizz|0 fnt\n|faint|p2a: Cinderizz\n|-hitcount|p2: Cinderizz|3\n|-unboost|p1a: Sandaconda|def|1\n|-boost|p1a: Sandaconda|spe|1\n|\n|upkeep\n|c|\u2606WishedWash|well damn\n|\n|t:|1700011666\n|switch|p2a: Pummel Rumble|Thundurus-Therian, M|79\/100\n|turn|16\n|\n|t:|1700011671\n|-terastallize|p1a: Sandaconda|Dragon\n|move|p1a: Sandaconda|Coil|p1a: Sandaconda\n|-boost|p1a: Sandaconda|atk|1\n|-boost|p1a: Sandaconda|def|1\n|-boost|p1a: Sandaconda|accuracy|1\n|move|p2a: Pummel Rumble|Grass Knot|p1a: Sandaconda\n|-resisted|p1a: Sandaconda\n|-damage|p1a: Sandaconda|77\/100\n|\n|upkeep\n|turn|17\n|\n|t:|1700011675\n|move|p1a: Sandaconda|Rock Blast|p2a: Pummel Rumble\n|-supereffective|p2a: Pummel Rumble\n|-damage|p2a: Pummel Rumble|43\/100\n|-supereffective|p2a: Pummel Rumble\n|-damage|p2a: Pummel Rumble|3\/100\n|-supereffective|p2a: Pummel Rumble\n|-damage|p2a: Pummel Rumble|0 fnt\n|faint|p2a: Pummel Rumble\n|-hitcount|p2: Pummel Rumble|3\n|\n|upkeep\n|\n|t:|1700011677\n|switch|p2a: Pola Lola|Alomomola, F|100\/100\n|turn|18\n|\n|t:|1700011680\n|move|p1a: Sandaconda|Scale Shot|p2a: Pola Lola\n|-damage|p2a: Pola Lola|89\/100\n|-damage|p2a: Pola Lola|76\/100\n|-damage|p2a: Pola Lola|65\/100\n|-damage|p2a: Pola Lola|52\/100\n|-damage|p2a: Pola Lola|41\/100\n|-hitcount|p2a: Pola Lola|5\n|-enditem|p2a: Pola Lola|Red Card|[of] p1a: Sandaconda\n|-unboost|p1a: Sandaconda|def|1\n|-boost|p1a: Sandaconda|spe|1\n|drag|p1a: Great Tusk|Great Tusk|84\/100 brn\n|-activate|p1a: Great Tusk|move: Sticky Web\n|-unboost|p1a: Great Tusk|spe|1\n|move|p2a: Pola Lola|Acrobatics|p1a: Great Tusk\n|-supereffective|p1a: Great Tusk\n|-damage|p1a: Great Tusk|65\/100 brn\n|\n|-heal|p1a: Great Tusk|71\/100 brn|[from] item: Leftovers\n|-damage|p1a: Great Tusk|65\/100 brn|[from] brn\n|upkeep\n|turn|19\n|\n|t:|1700011700\n|move|p1a: Great Tusk|Knock Off|p2a: Pola Lola\n|-damage|p2a: Pola Lola|36\/100\n|move|p2a: Pola Lola|Scald|p1a: Great Tusk\n|-supereffective|p1a: Great Tusk\n|-damage|p1a: Great Tusk|29\/100 brn\n|\n|-heal|p1a: Great Tusk|35\/100 brn|[from] item: Leftovers\n|-damage|p1a: Great Tusk|29\/100 brn|[from] brn\n|upkeep\n|turn|20\n|\n|t:|1700011709\n|move|p1a: Great Tusk|Rapid Spin|p2a: Pola Lola\n|-damage|p2a: Pola Lola|31\/100\n|-boost|p1a: Great Tusk|spe|1\n|-sideend|p1: Pokeman208115|Sticky Web|[from] move: Rapid Spin|[of] p1a: Great Tusk\n|move|p2a: Pola Lola|Wish|p2a: Pola Lola\n|\n|-heal|p1a: Great Tusk|35\/100 brn|[from] item: Leftovers\n|-damage|p1a: Great Tusk|29\/100 brn|[from] brn\n|upkeep\n|turn|21\n|\n|t:|1700011713\n|move|p1a: Great Tusk|Rapid Spin|p2a: Pola Lola\n|-damage|p2a: Pola Lola|27\/100\n|-boost|p1a: Great Tusk|spe|1\n|move|p2a: Pola Lola|Scald|p1a: Great Tusk\n|-supereffective|p1a: Great Tusk\n|-damage|p1a: Great Tusk|0 fnt\n|faint|p1a: Great Tusk\n|-end|p1a: Great Tusk|Protosynthesis|[silent]\n|\n|-heal|p2a: Pola Lola|77\/100|[from] move: Wish|[wisher] Pola Lola\n|upkeep\n|\n|t:|1700011719\n|switch|p1a: Mienshao|Mienshao, M|100\/100\n|turn|22\n|\n|t:|1700011722\n|move|p1a: Mienshao|High Jump Kick|p2a: Pola Lola\n|-damage|p2a: Pola Lola|13\/100\n|-damage|p1a: Mienshao|91\/100|[from] item: Life Orb\n|move|p2a: Pola Lola|Acrobatics|p1a: Mienshao\n|-supereffective|p1a: Mienshao\n|-damage|p1a: Mienshao|19\/100\n|\n|upkeep\n|turn|23\n|\n|t:|1700011734\n|switch|p2a: SLAY KIIIING|Slowking-Galar, F|100\/100 par\n|move|p1a: Mienshao|Knock Off|p2a: SLAY KIIIING\n|-supereffective|p2a: SLAY KIIIING\n|-damage|p2a: SLAY KIIIING|8\/100 par\n|-enditem|p2a: SLAY KIIIING|Heavy-Duty Boots|[from] move: Knock Off|[of] p1a: Mienshao\n|-damage|p1a: Mienshao|9\/100|[from] item: Life Orb\n|\n|upkeep\n|turn|24\n|\n|t:|1700011739\n|move|p1a: Mienshao|High Jump Kick|p2a: SLAY KIIIING\n|-resisted|p2a: SLAY KIIIING\n|-damage|p2a: SLAY KIIIING|0 fnt\n|faint|p2a: SLAY KIIIING\n|-damage|p1a: Mienshao|0 fnt|[from] item: Life Orb\n|faint|p1a: Mienshao\n|\n|upkeep\n|\n|t:|1700011747\n|switch|p1a: Sandaconda|Sandaconda, M, tera:Dragon|77\/100\n|switch|p2a: Pola Lola|Alomomola, F|47\/100\n|turn|25\n|\n|t:|1700011752\n|move|p1a: Sandaconda|Coil|p1a: Sandaconda\n|-boost|p1a: Sandaconda|atk|1\n|-boost|p1a: Sandaconda|def|1\n|-boost|p1a: Sandaconda|accuracy|1\n|move|p2a: Pola Lola|Wish|p2a: Pola Lola\n|\n|upkeep\n|turn|26\n|\n|t:|1700011759\n|move|p1a: Sandaconda|Coil|p1a: Sandaconda\n|-boost|p1a: Sandaconda|atk|1\n|-boost|p1a: Sandaconda|def|1\n|-boost|p1a: Sandaconda|accuracy|1\n|move|p2a: Pola Lola|Acrobatics|p1a: Sandaconda\n|-damage|p1a: Sandaconda|68\/100\n|\n|-heal|p2a: Pola Lola|97\/100|[from] move: Wish|[wisher] Pola Lola\n|upkeep\n|turn|27\n|\n|t:|1700011762\n|move|p1a: Sandaconda|Coil|p1a: Sandaconda\n|-boost|p1a: Sandaconda|atk|1\n|-boost|p1a: Sandaconda|def|1\n|-boost|p1a: Sandaconda|accuracy|1\n|move|p2a: Pola Lola|Scald|p1a: Sandaconda\n|-resisted|p1a: Sandaconda\n|-damage|p1a: Sandaconda|56\/100\n|\n|upkeep\n|turn|28\n|\n|t:|1700011770\n|move|p1a: Sandaconda|Scale Shot|p2a: Pola Lola\n|-damage|p2a: Pola Lola|78\/100\n|-damage|p2a: Pola Lola|58\/100\n|-damage|p2a: Pola Lola|39\/100\n|-damage|p2a: Pola Lola|19\/100\n|-hitcount|p2a: Pola Lola|4\n|-unboost|p1a: Sandaconda|def|1\n|-boost|p1a: Sandaconda|spe|1\n|move|p2a: Pola Lola|Scald|p1a: Sandaconda\n|-resisted|p1a: Sandaconda\n|-damage|p1a: Sandaconda|45\/100\n|-status|p1a: Sandaconda|brn\n|\n|-damage|p1a: Sandaconda|39\/100 brn|[from] brn\n|upkeep\n|turn|29\n|\n|t:|1700011778\n|move|p1a: Sandaconda|Earthquake|p2a: Pola Lola\n|-damage|p2a: Pola Lola|0 fnt\n|faint|p2a: Pola Lola\n|\n|-damage|p1a: Sandaconda|33\/100 brn|[from] brn\n|upkeep\n|\n|t:|1700011781\n|switch|p2a: Ser. Stache|Kingambit, F|43\/100\n|-activate|p2a: Ser. Stache|ability: Supreme Overlord\n|-start|p2a: Ser. Stache|fallen5|[silent]\n|turn|30\n|\n|t:|1700011788\n|move|p2a: Ser. Stache|Sucker Punch|p1a: Sandaconda\n|-damage|p1a: Sandaconda|1\/100 brn\n|move|p1a: Sandaconda|Earthquake|p2a: Ser. Stache\n|-supereffective|p2a: Ser. Stache\n|-damage|p2a: Ser. Stache|0 fnt\n|faint|p2a: Ser. Stache\n|-end|p2a: Ser. Stache|fallen5|[silent]\n|\n|win|Pokeman208115\n|raw|Pokeman208115's rating: 1227 &rarr; <strong>1248<\/strong><br \/>(+21 for winning)\n|raw|WishedWash's rating: 1178 &rarr; <strong>1157<\/strong><br \/>(-21 for losing)\n|c|\u2606WishedWash|gg\n|c|\u2606Pokeman208115|Gg\n","uploadtime":1700011800,"views":16,"p1id":"pokeman208115","p2id":"wishedwash","formatid":"gen9ou","rating":1157,"private":0,"password":""}