{"id":"gen9ou-1997344615","p1":"One True Koga","p2":"TY SM MY GUY","format":"[Gen 9] OU","log":"|j|\u2606One True Koga\n|j|\u2606TY SM MY GUY\n|t:|1700792053\n|gametype|singles\n|player|p1|One True Koga|koga|1177\n|player|p2|TY SM MY GUY|hoopster|1185\n|teamsize|p1|6\n|teamsize|p2|6\n|gen|9\n|tier|[Gen 9] OU\n|rated|\n|rule|Sleep Clause Mod: Limit one foe put to sleep\n|rule|Species Clause: Limit one of each Pok\u00e9mon\n|rule|OHKO Clause: OHKO moves are banned\n|rule|Evasion Items Clause: Evasion items are banned\n|rule|Evasion Moves Clause: Evasion moves are banned\n|rule|Endless Battle Clause: Forcing endless battles is banned\n|rule|HP Percentage Mod: HP is shown in percentages\n|clearpoke\n|poke|p1|Clodsire, F|\n|poke|p1|Toxapex, F|\n|poke|p1|Okidogi, M|\n|poke|p1|Iron Moth|\n|poke|p1|Weezing-Galar, F|\n|poke|p1|Overqwil, F|\n|poke|p2|Glimmora, F|\n|poke|p2|Great Tusk|\n|poke|p2|Hatterene, F|\n|poke|p2|Greninja-*, M|\n|poke|p2|Brambleghast, M|\n|poke|p2|Zoroark-Hisui, M|\n|teampreview\n|\n|t:|1700792083\n|start\n|switch|p1a: Why?|Clodsire, F|100\/100\n|switch|p2a: Hatterene|Hatterene, F, shiny|100\/100\n|turn|1\n|\n|t:|1700792099\n|move|p2a: Hatterene|Trick|p1a: Why?\n|-activate|p2a: Hatterene|move: Trick|[of] p1a: Why?\n|-item|p1a: Why?|Choice Scarf|[from] move: Trick\n|-item|p2a: Hatterene|Heavy-Duty Boots|[from] move: Trick\n|move|p1a: Why?|Toxic|p2a: Hatterene\n|-status|p2a: Hatterene|tox\n|\n|-damage|p2a: Hatterene|95\/100 tox|[from] psn\n|upkeep\n|turn|2\n|\n|t:|1700792116\n|switch|p1a: Bruh...|Weezing-Galar, F|100\/100\n|move|p2a: Hatterene|Bitter Malice|p1a: Bruh...\n|-damage|p1a: Bruh...|41\/100\n|-unboost|p1a: Bruh...|atk|1\n|\n|-damage|p2a: Hatterene|83\/100 tox|[from] psn\n|upkeep\n|turn|3\n|\n|t:|1700792128\n|move|p2a: Hatterene|Hyper Voice|p1a: Bruh...\n|-damage|p1a: Bruh...|0 fnt\n|faint|p1a: Bruh...\n|\n|-damage|p2a: Hatterene|65\/100 tox|[from] psn\n|upkeep\n|\n|t:|1700792148\n|switch|p1a: Why?|Clodsire, F|100\/100\n|turn|4\n|\n|t:|1700792155\n|switch|p2a: Glimmora|Glimmora, F, shiny|100\/100\n|-item|p2a: Glimmora|Air Balloon\n|move|p1a: Why?|Stealth Rock|p2a: Glimmora\n|-sidestart|p2: TY SM MY GUY|move: Stealth Rock\n|\n|upkeep\n|turn|5\n|\n|t:|1700792187\n|switch|p1a: Oof!|Okidogi, M|100\/100\n|move|p2a: Glimmora|Stealth Rock|p1a: Oof!\n|-sidestart|p1: One True Koga|move: Stealth Rock\n|\n|upkeep\n|turn|6\n|\n|t:|1700792197\n|move|p2a: Glimmora|Earth Power|p1a: Oof!\n|-supereffective|p1a: Oof!\n|-damage|p1a: Oof!|57\/100\n|move|p1a: Oof!|Bulk Up|p1a: Oof!\n|-boost|p1a: Oof!|atk|1\n|-boost|p1a: Oof!|def|1\n|\n|-heal|p1a: Oof!|63\/100|[from] item: Leftovers\n|upkeep\n|turn|7\n|\n|t:|1700792205\n|move|p2a: Glimmora|Earth Power|p1a: Oof!\n|-supereffective|p1a: Oof!\n|-damage|p1a: Oof!|15\/100\n|move|p1a: Oof!|Drain Punch|p2a: Glimmora\n|-damage|p2a: Glimmora|39\/100\n|-heal|p1a: Oof!|45\/100|[from] drain|[of] p2a: Glimmora\n|-activate|p2a: Glimmora|ability: Toxic Debris\n|-sidestart|p1: One True Koga|move: Toxic Spikes\n|-enditem|p2a: Glimmora|Air Balloon\n|\n|-heal|p1a: Oof!|51\/100|[from] item: Leftovers\n|upkeep\n|turn|8\n|\n|t:|1700792223\n|-terastallize|p2a: Glimmora|Ghost\n|move|p2a: Glimmora|Earth Power|p1a: Oof!\n|-supereffective|p1a: Oof!\n|-damage|p1a: Oof!|3\/100\n|move|p1a: Oof!|Drain Punch|p2a: Glimmora\n|-immune|p2a: Glimmora\n|\n|-heal|p1a: Oof!|9\/100|[from] item: Leftovers\n|upkeep\n|turn|9\n|\n|t:|1700792242\n|move|p2a: Glimmora|Earth Power|p1a: Oof!\n|-supereffective|p1a: Oof!\n|-damage|p1a: Oof!|0 fnt\n|faint|p1a: Oof!\n|\n|upkeep\n|\n|t:|1700792250\n|switch|p1a: Huh!?|Overqwil, F|100\/100\n|-sideend|p1: One True Koga|move: Toxic Spikes|[of] p1a: Huh!?\n|-ability|p1a: Huh!?|Intimidate|boost\n|-unboost|p2a: Glimmora|atk|1\n|turn|10\n|c|\u2606TY SM MY GUY|Just realized you are mono poison\n|\n|t:|1700792255\n|move|p2a: Glimmora|Earth Power|p1a: Huh!?\n|-supereffective|p1a: Huh!?\n|-damage|p1a: Huh!?|35\/100\n|move|p1a: Huh!?|Crunch|p2a: Glimmora\n|-supereffective|p2a: Glimmora\n|-damage|p2a: Glimmora|0 fnt\n|-activate|p2a: Glimmora|ability: Toxic Debris\n|-sidestart|p1: One True Koga|move: Toxic Spikes\n|faint|p2a: Glimmora\n|\n|upkeep\n|\n|t:|1700792272\n|switch|p2a: Brambleghast|Brambleghast, M, shiny|100\/100\n|-damage|p2a: Brambleghast|88\/100|[from] Stealth Rock\n|turn|11\n|\n|t:|1700792292\n|move|p2a: Brambleghast|Rapid Spin|p1a: Huh!?\n|-damage|p1a: Huh!?|19\/100\n|-boost|p2a: Brambleghast|spe|1\n|-sideend|p2: TY SM MY GUY|Stealth Rock|[from] move: Rapid Spin|[of] p2a: Brambleghast\n|move|p1a: Huh!?|Crunch|p2a: Brambleghast\n|-supereffective|p2a: Brambleghast\n|-damage|p2a: Brambleghast|0 fnt\n|faint|p2a: Brambleghast\n|\n|upkeep\n|\n|t:|1700792303\n|switch|p2a: Greninja|Greninja, M|100\/100\n|turn|12\n|\n|t:|1700792321\n|move|p2a: Greninja|Ice Beam|p1a: Huh!?\n|-damage|p1a: Huh!?|0 fnt\n|faint|p1a: Huh!?\n|-ability|p2a: Greninja|Battle Bond|boost\n|-boost|p2a: Greninja|atk|1\n|-boost|p2a: Greninja|spa|1\n|-boost|p2a: Greninja|spe|1\n|-activate|p2a: Greninja|ability: Battle Bond\n|-damage|p2a: Greninja|91\/100|[from] item: Life Orb\n|\n|upkeep\n|\n|t:|1700792348\n|switch|p1a: Why?|Clodsire, F|100\/100\n|-damage|p1a: Why?|94\/100|[from] Stealth Rock\n|-sideend|p1: One True Koga|move: Toxic Spikes|[of] p1a: Why?\n|turn|13\n|\n|t:|1700792356\n|move|p2a: Greninja|Extrasensory|p1a: Why?\n|-supereffective|p1a: Why?\n|-damage|p1a: Why?|64\/100\n|-damage|p2a: Greninja|81\/100|[from] item: Life Orb\n|move|p1a: Why?|Toxic|p2a: Greninja\n|-status|p2a: Greninja|tox\n|\n|-damage|p2a: Greninja|75\/100 tox|[from] psn\n|upkeep\n|turn|14\n|\n|t:|1700792364\n|switch|p1a: Really?|Toxapex, F|100\/100\n|-damage|p1a: Really?|88\/100|[from] Stealth Rock\n|move|p2a: Greninja|Ice Beam|p1a: Really?\n|-resisted|p1a: Really?\n|-damage|p1a: Really?|75\/100\n|-damage|p2a: Greninja|65\/100 tox|[from] item: Life Orb\n|\n|-damage|p2a: Greninja|53\/100 tox|[from] psn\n|upkeep\n|turn|15\n|\n|t:|1700792374\n|switch|p1a: Why?|Clodsire, F|64\/100\n|-damage|p1a: Why?|58\/100|[from] Stealth Rock\n|move|p2a: Greninja|Extrasensory|p1a: Why?\n|-supereffective|p1a: Why?\n|-damage|p1a: Why?|24\/100\n|-damage|p2a: Greninja|43\/100 tox|[from] item: Life Orb\n|\n|-damage|p2a: Greninja|25\/100 tox|[from] psn\n|upkeep\n|turn|16\n|\n|t:|1700792384\n|move|p2a: Greninja|Extrasensory|p1a: Why?\n|-supereffective|p1a: Why?\n|-damage|p1a: Why?|0 fnt\n|faint|p1a: Why?\n|-damage|p2a: Greninja|16\/100 tox|[from] item: Life Orb\n|\n|-damage|p2a: Greninja|0 fnt|[from] psn\n|faint|p2a: Greninja\n|upkeep\n|\n|t:|1700792438\n|switch|p2a: Hatterene|Hatterene, F, shiny|65\/100 tox\n|switch|p1a: Really?|Toxapex, F|100\/100\n|-damage|p1a: Really?|88\/100|[from] Stealth Rock\n|turn|17\n|\n|t:|1700792459\n|move|p2a: Hatterene|Bitter Malice|p1a: Really?\n|-damage|p1a: Really?|65\/100\n|-unboost|p1a: Really?|atk|1\n|move|p1a: Really?|Sludge Bomb|p2a: Hatterene\n|-resisted|p2a: Hatterene\n|-damage|p2a: Hatterene|32\/100 tox\n|replace|p2a: Zoroark|Zoroark-Hisui, M, shiny\n|-end|p2a: Zoroark|Illusion\n|\n|-damage|p2a: Zoroark|26\/100 tox|[from] psn\n|upkeep\n|turn|18\n|\n|t:|1700792471\n|move|p2a: Zoroark|Bitter Malice|p1a: Really?\n|-damage|p1a: Really?|43\/100\n|-unboost|p1a: Really?|atk|1\n|move|p1a: Really?|Surf|p2a: Zoroark\n|-damage|p2a: Zoroark|0 fnt\n|faint|p2a: Zoroark\n|\n|upkeep\n|\n|t:|1700792483\n|switch|p2a: Hatterene|Hatterene, F, shiny|100\/100\n|turn|19\n|\n|t:|1700792490\n|switch|p1a: Ugh Oh...|Iron Moth|100\/100\n|-damage|p1a: Ugh Oh...|76\/100|[from] Stealth Rock\n|-enditem|p1a: Ugh Oh...|Booster Energy\n|-activate|p1a: Ugh Oh...|ability: Quark Drive|[fromitem]\n|-start|p1a: Ugh Oh...|quarkdrivespe\n|move|p2a: Hatterene|Nuzzle|p1a: Ugh Oh...\n|-damage|p1a: Ugh Oh...|70\/100\n|-status|p1a: Ugh Oh...|par\n|\n|upkeep\n|turn|20\n|c|\u2606TY SM MY GUY|Gg\n|\n|t:|1700792507\n|cant|p1a: Ugh Oh...|par\n|move|p2a: Hatterene|Psyshock|p1a: Ugh Oh...\n|-supereffective|p1a: Ugh Oh...\n|-damage|p1a: Ugh Oh...|0 fnt\n|faint|p1a: Ugh Oh...\n|-end|p1a: Ugh Oh...|Quark Drive|[silent]\n|\n|upkeep\n|\n|t:|1700792513\n|switch|p1a: Really?|Toxapex, F|77\/100\n|-damage|p1a: Really?|65\/100|[from] Stealth Rock\n|turn|21\n|\n|t:|1700792517\n|move|p1a: Really?|Sludge Bomb|p2a: Hatterene\n|-supereffective|p2a: Hatterene\n|-damage|p2a: Hatterene|57\/100\n|-status|p2a: Hatterene|psn\n|-enditem|p2a: Hatterene|Eject Button\n|\n|t:|1700792519\n|switch|p2a: Great Tusk|Great Tusk|100\/100\n|-enditem|p2a: Great Tusk|Booster Energy\n|-activate|p2a: Great Tusk|ability: Protosynthesis|[fromitem]\n|-start|p2a: Great Tusk|protosynthesisspe\n|\n|upkeep\n|turn|22\n|\n|t:|1700792527\n|move|p2a: Great Tusk|Earthquake|p1a: Really?\n|-supereffective|p1a: Really?\n|-damage|p1a: Really?|2\/100\n|move|p1a: Really?|Surf|p2a: Great Tusk\n|-supereffective|p2a: Great Tusk\n|-damage|p2a: Great Tusk|29\/100\n|\n|upkeep\n|turn|23\n|\n|t:|1700792538\n|move|p2a: Great Tusk|Ice Spinner|p1a: Really?\n|-resisted|p1a: Really?\n|-damage|p1a: Really?|0 fnt\n|faint|p1a: Really?\n|\n|win|TY SM MY GUY\n|raw|One True Koga's rating: 1177 &rarr; <strong>1153<\/strong><br \/>(-24 for losing)\n|raw|TY SM MY GUY's rating: 1185 &rarr; <strong>1209<\/strong><br \/>(+24 for winning)\n","uploadtime":1700792543,"views":5,"p1id":"onetruekoga","p2id":"tysmmyguy","formatid":"gen9ou","rating":1153,"private":0,"password":""}