{"id":"gen9ou-1995545334","p1":"Mono_Hermano","p2":"Senad","format":"[Gen 9] OU","log":"|j|\u2606Mono_Hermano\n|j|\u2606Senad\n|t:|1700581605\n|gametype|singles\n|player|p1|Mono_Hermano|wallace|1077\n|player|p2|Senad|265|1154\n|teamsize|p1|6\n|teamsize|p2|6\n|gen|9\n|tier|[Gen 9] OU\n|rated|\n|rule|Sleep Clause Mod: Limit one foe put to sleep\n|rule|Species Clause: Limit one of each Pok\u00e9mon\n|rule|OHKO Clause: OHKO moves are banned\n|rule|Evasion Items Clause: Evasion items are banned\n|rule|Evasion Moves Clause: Evasion moves are banned\n|rule|Endless Battle Clause: Forcing endless battles is banned\n|rule|HP Percentage Mod: HP is shown in percentages\n|clearpoke\n|poke|p1|Tsareena, F|\n|poke|p1|Torterra, F|\n|poke|p1|Rillaboom, F|\n|poke|p1|Arboliva, F|\n|poke|p1|Mimikyu, F|\n|poke|p1|Meowscarada, F|\n|poke|p2|Lokix, M|\n|poke|p2|Braviary-Hisui, M|\n|poke|p2|Ursaluna, M|\n|poke|p2|Samurott-Hisui, F|\n|poke|p2|Glimmora, F|\n|poke|p2|Typhlosion-Hisui, F|\n|teampreview\n|inactive|Battle timer is ON: inactive players will automatically lose when time's up. (requested by Senad)\n|\n|t:|1700581621\n|start\n|switch|p1a: Torterra|Torterra, F|100\/100\n|switch|p2a: Glimmora|Glimmora, F|100\/100\n|turn|1\n|\n|t:|1700581636\n|-terastallize|p1a: Torterra|Rock\n|move|p2a: Glimmora|Stealth Rock|p1a: Torterra\n|-sidestart|p1: Mono_Hermano|move: Stealth Rock\n|move|p1a: Torterra|Shell Smash|p1a: Torterra\n|-unboost|p1a: Torterra|def|1\n|-unboost|p1a: Torterra|spd|1\n|-boost|p1a: Torterra|atk|2\n|-boost|p1a: Torterra|spa|2\n|-boost|p1a: Torterra|spe|2\n|\n|upkeep\n|turn|2\n|\n|t:|1700581642\n|move|p1a: Torterra|Bullet Seed|p2a: Glimmora\n|-damage|p2a: Glimmora|67\/100\n|-activate|p2a: Glimmora|ability: Toxic Debris\n|-sidestart|p1: Mono_Hermano|move: Toxic Spikes\n|-damage|p2a: Glimmora|36\/100\n|-activate|p2a: Glimmora|ability: Toxic Debris\n|-sidestart|p1: Mono_Hermano|move: Toxic Spikes\n|-damage|p2a: Glimmora|3\/100\n|-damage|p2a: Glimmora|0 fnt\n|faint|p2a: Glimmora\n|-hitcount|p2: Glimmora|4\n|\n|upkeep\n|\n|t:|1700581651\n|switch|p2a: Ursaluna|Ursaluna, M|100\/100\n|turn|3\n|\n|t:|1700581654\n|move|p1a: Torterra|Bullet Seed|p2a: Ursaluna\n|-immune|p2a: Ursaluna|[from] ability: Bulletproof\n|move|p2a: Ursaluna|Earthquake|p1a: Torterra\n|-supereffective|p1a: Torterra\n|-damage|p1a: Torterra|0 fnt\n|faint|p1a: Torterra\n|\n|upkeep\n|\n|t:|1700581660\n|switch|p1a: Tsareena|Tsareena, F|100\/100\n|-damage|p1a: Tsareena|88\/100|[from] Stealth Rock\n|-status|p1a: Tsareena|tox\n|turn|4\n|\n|t:|1700581665\n|move|p1a: Tsareena|Rapid Spin|p2a: Ursaluna\n|-damage|p2a: Ursaluna|86\/100\n|-boost|p1a: Tsareena|spe|1\n|-sideend|p1: Mono_Hermano|Toxic Spikes|[from] move: Rapid Spin|[of] p1a: Tsareena\n|-sideend|p1: Mono_Hermano|Stealth Rock|[from] move: Rapid Spin|[of] p1a: Tsareena\n|move|p2a: Ursaluna|Avalanche|p1a: Tsareena\n|-supereffective|p1a: Tsareena\n|-damage|p1a: Tsareena|0 fnt\n|faint|p1a: Tsareena\n|\n|upkeep\n|\n|t:|1700581670\n|switch|p1a: Arboliva|Arboliva, F|100\/100\n|turn|5\n|\n|t:|1700581678\n|switch|p2a: Lokix|Lokix, M|100\/100\n|move|p1a: Arboliva|Giga Drain|p2a: Lokix\n|-resisted|p2a: Lokix\n|-damage|p2a: Lokix|60\/100\n|\n|upkeep\n|turn|6\n|\n|t:|1700581691\n|move|p2a: Lokix|U-turn|p1a: Arboliva\n|-supereffective|p1a: Arboliva\n|-crit|p1a: Arboliva\n|-damage|p1a: Arboliva|0 fnt\n|-fieldstart|move: Grassy Terrain|[from] ability: Seed Sower|[of] p1a: Arboliva\n|faint|p1a: Arboliva\n|c|\u2606Mono_Hermano|damn you fucked my entire strat\n|inactive|Senad has 120 seconds left.\n|c|\u2606Mono_Hermano|wp\n|c|\u2606Mono_Hermano|im so sad\n|\n|t:|1700581732\n|switch|p2a: Samurott|Samurott-Hisui, F|100\/100|[from] U-turn\n|\n|upkeep\n|c|\u2606Mono_Hermano|im gonna cry now\n|\n|t:|1700581740\n|switch|p1a: Rillaboom|Rillaboom, F|100\/100\n|turn|7\n|inactive|Senad has 120 seconds left.\n|\n|t:|1700581748\n|move|p1a: Rillaboom|Grassy Glide|p2a: Samurott\n|-supereffective|p2a: Samurott\n|-enditem|p2a: Samurott|Focus Sash\n|-damage|p2a: Samurott|1\/100\n|move|p2a: Samurott|Ceaseless Edge|p1a: Rillaboom\n|-damage|p1a: Rillaboom|54\/100\n|-sidestart|p1: Mono_Hermano|Spikes\n|\n|-heal|p2a: Samurott|7\/100|[from] Grassy Terrain\n|-heal|p1a: Rillaboom|60\/100|[from] Grassy Terrain\n|upkeep\n|turn|8\n|\n|t:|1700581754\n|move|p1a: Rillaboom|Grassy Glide|p2a: Samurott\n|-supereffective|p2a: Samurott\n|-damage|p2a: Samurott|0 fnt\n|faint|p2a: Samurott\n|\n|-heal|p1a: Rillaboom|66\/100|[from] Grassy Terrain\n|upkeep\n|\n|t:|1700581761\n|switch|p2a: Braviary|Braviary-Hisui, M|100\/100\n|turn|9\n|\n|t:|1700581766\n|move|p1a: Rillaboom|Grassy Glide|p2a: Braviary\n|-resisted|p2a: Braviary\n|-damage|p2a: Braviary|66\/100\n|move|p2a: Braviary|Esper Wing|p1a: Rillaboom\n|-damage|p1a: Rillaboom|10\/100\n|-boost|p2a: Braviary|spe|1\n|\n|-heal|p1a: Rillaboom|17\/100|[from] Grassy Terrain\n|upkeep\n|turn|10\n|\n|t:|1700581770\n|move|p1a: Rillaboom|Grassy Glide|p2a: Braviary\n|-resisted|p2a: Braviary\n|-damage|p2a: Braviary|29\/100\n|move|p2a: Braviary|Calm Mind|p2a: Braviary\n|-boost|p2a: Braviary|spa|1\n|-boost|p2a: Braviary|spd|1\n|\n|-heal|p1a: Rillaboom|23\/100|[from] Grassy Terrain\n|-fieldend|move: Grassy Terrain\n|upkeep\n|turn|11\n|\n|t:|1700581776\n|move|p2a: Braviary|Esper Wing|p1a: Rillaboom\n|-damage|p1a: Rillaboom|0 fnt\n|-boost|p2a: Braviary|spe|1\n|faint|p1a: Rillaboom\n|\n|upkeep\n|\n|t:|1700581780\n|switch|p1a: Mimikyu|Mimikyu, F|100\/100\n|-damage|p1a: Mimikyu|88\/100|[from] Spikes\n|turn|12\n|\n|t:|1700581784\n|move|p1a: Mimikyu|Shadow Sneak|p2a: Braviary\n|-supereffective|p2a: Braviary\n|-damage|p2a: Braviary|0 fnt\n|faint|p2a: Braviary\n|\n|-heal|p1a: Mimikyu|94\/100|[from] item: Leftovers\n|upkeep\n|\n|t:|1700581791\n|switch|p2a: Lokix|Lokix, M|60\/100\n|turn|13\n|\n|t:|1700581796\n|move|p1a: Mimikyu|Drain Punch|p2a: Lokix\n|-damage|p2a: Lokix|30\/100\n|-heal|p1a: Mimikyu|100\/100|[from] drain|[of] p2a: Lokix\n|move|p2a: Lokix|U-turn|p1a: Mimikyu\n|-activate|p1a: Mimikyu|ability: Disguise\n|-damage|p1a: Mimikyu|100\/100\n|detailschange|p1a: Mimikyu|Mimikyu-Busted, F\n|-damage|p1a: Mimikyu|88\/100|[from] pokemon: Mimikyu-Busted\n|\n|t:|1700581804\n|switch|p2a: Typhlosion|Typhlosion-Hisui, F|100\/100|[from] U-turn\n|-item|p1a: Mimikyu|Leftovers|[from] ability: Frisk|[of] p2a: Typhlosion|[identify]\n|\n|-heal|p1a: Mimikyu|94\/100|[from] item: Leftovers\n|upkeep\n|turn|14\n|\n|t:|1700581807\n|-terastallize|p2a: Typhlosion|Fire\n|move|p1a: Mimikyu|Shadow Sneak|p2a: Typhlosion\n|-damage|p2a: Typhlosion|75\/100\n|move|p2a: Typhlosion|Will-O-Wisp|p1a: Mimikyu\n|-status|p1a: Mimikyu|brn\n|\n|-heal|p1a: Mimikyu|99\/100 brn|[from] item: Leftovers\n|-damage|p1a: Mimikyu|94\/100 brn|[from] brn\n|upkeep\n|turn|15\n|\n|t:|1700581813\n|move|p1a: Mimikyu|Swords Dance|p1a: Mimikyu\n|-boost|p1a: Mimikyu|atk|2\n|move|p2a: Typhlosion|Infernal Parade|p1a: Mimikyu\n|-supereffective|p1a: Mimikyu\n|-damage|p1a: Mimikyu|0 fnt\n|faint|p1a: Mimikyu\n|\n|upkeep\n|\n|t:|1700581818\n|switch|p1a: Meowscarada|Meowscarada, F|100\/100\n|-damage|p1a: Meowscarada|88\/100|[from] Spikes\n|turn|16\n|\n|t:|1700581829\n|move|p1a: Meowscarada|Knock Off|p2a: Typhlosion\n|-start|p1a: Meowscarada|typechange|Dark|[from] ability: Protean\n|-damage|p2a: Typhlosion|0 fnt\n|-enditem|p2a: Typhlosion|Heavy-Duty Boots|[from] move: Knock Off|[of] p1a: Meowscarada\n|faint|p2a: Typhlosion\n|\n|upkeep\n|\n|t:|1700581833\n|switch|p2a: Lokix|Lokix, M|30\/100\n|turn|17\n|\n|t:|1700581836\n|move|p2a: Lokix|First Impression|p1a: Meowscarada\n|-supereffective|p1a: Meowscarada\n|-damage|p1a: Meowscarada|0 fnt\n|faint|p1a: Meowscarada\n|\n|win|Senad\n|raw|Mono_Hermano's rating: 1077 &rarr; <strong>1060<\/strong><br \/>(-17 for losing)\n|raw|Senad's rating: 1154 &rarr; <strong>1174<\/strong><br \/>(+20 for winning)\n","uploadtime":1700581719,"views":1,"p1id":"monohermano","p2id":"senad","formatid":"gen9ou","rating":1060,"private":0,"password":""}