{"id":"gen9ou-1998380397","p1":"Mouspi le goat","p2":"Aeglitos","format":"[Gen 9] OU","log":"|j|\u2606Mouspi le goat\n|j|\u2606Aeglitos\n|t:|1700935866\n|gametype|singles\n|player|p1|Mouspi le goat|red|1154\n|player|p2|Aeglitos|265|1093\n|teamsize|p1|6\n|teamsize|p2|6\n|gen|9\n|tier|[Gen 9] OU\n|rated|\n|rule|Sleep Clause Mod: Limit one foe put to sleep\n|rule|Species Clause: Limit one of each Pok\u00e9mon\n|rule|OHKO Clause: OHKO moves are banned\n|rule|Evasion Items Clause: Evasion items are banned\n|rule|Evasion Moves Clause: Evasion moves are banned\n|rule|Endless Battle Clause: Forcing endless battles is banned\n|rule|HP Percentage Mod: HP is shown in percentages\n|clearpoke\n|poke|p1|Ribombee, F|\n|poke|p1|Gholdengo|\n|poke|p1|Samurott-Hisui, M|\n|poke|p1|Ceruledge, M|\n|poke|p1|Great Tusk|\n|poke|p1|Hatterene, F|\n|poke|p2|Amoonguss, F|\n|poke|p2|Gholdengo|\n|poke|p2|Zamazenta-*|\n|poke|p2|Ting-Lu|\n|poke|p2|Zapdos|\n|poke|p2|Slowking, M|\n|teampreview\n|\n|t:|1700935869\n|start\n|switch|p1a: Ribombee|Ribombee, F, shiny|100\/100\n|switch|p2a: Zapdos|Zapdos|100\/100\n|turn|1\n|\n|t:|1700935877\n|move|p1a: Ribombee|Sticky Web|p2a: Zapdos\n|-sidestart|p2: Aeglitos|move: Sticky Web\n|move|p2a: Zapdos|Heat Wave|p1a: Ribombee\n|-supereffective|p1a: Ribombee\n|-enditem|p1a: Ribombee|Focus Sash\n|-damage|p1a: Ribombee|1\/100\n|\n|upkeep\n|turn|2\n|\n|t:|1700935888\n|move|p1a: Ribombee|Moonblast|p2a: Zapdos\n|-damage|p2a: Zapdos|57\/100\n|move|p2a: Zapdos|Volt Switch|p1a: Ribombee\n|-damage|p1a: Ribombee|0 fnt\n|faint|p1a: Ribombee\n|\n|t:|1700935895\n|switch|p2a: Ting-Lu|Ting-Lu|100\/100|[from] Volt Switch\n|-ability|p2a: Ting-Lu|Vessel of Ruin\n|\n|upkeep\n|\n|t:|1700935899\n|switch|p1a: Hatterene|Hatterene, F, shiny|100\/100\n|turn|3\n|\n|t:|1700935905\n|move|p2a: Ting-Lu|Stealth Rock|p1a: Hatterene\n|move|p1a: Hatterene|Stealth Rock|p2a: Ting-Lu|[from]ability: Magic Bounce\n|-sidestart|p2: Aeglitos|move: Stealth Rock\n|move|p1a: Hatterene|Calm Mind|p1a: Hatterene\n|-boost|p1a: Hatterene|spa|1\n|-boost|p1a: Hatterene|spd|1\n|\n|upkeep\n|turn|4\n|\n|t:|1700935912\n|move|p1a: Hatterene|Calm Mind|p1a: Hatterene\n|-boost|p1a: Hatterene|spa|1\n|-boost|p1a: Hatterene|spd|1\n|move|p2a: Ting-Lu|Whirlwind|p1a: Hatterene\n|move|p1a: Hatterene|Whirlwind|p2a: Ting-Lu|[from]ability: Magic Bounce\n|drag|p2a: Zapdos|Zapdos|57\/100\n|\n|upkeep\n|turn|5\n|c|\u2606Aeglitos|nice lol\n|\n|t:|1700935941\n|switch|p2a: Gholdengo|Gholdengo|100\/100\n|-activate|p2a: Gholdengo|move: Sticky Web\n|-unboost|p2a: Gholdengo|spe|1\n|-damage|p2a: Gholdengo|94\/100|[from] Stealth Rock\n|move|p1a: Hatterene|Draining Kiss|p2a: Gholdengo\n|-resisted|p2a: Gholdengo\n|-damage|p2a: Gholdengo|57\/100\n|\n|upkeep\n|turn|6\n|\n|t:|1700935952\n|move|p2a: Gholdengo|Make It Rain|p1a: Hatterene\n|-supereffective|p1a: Hatterene\n|-damage|p1a: Hatterene|0 fnt\n|-unboost|p2a: Gholdengo|spa|1\n|faint|p1a: Hatterene\n|\n|upkeep\n|\n|t:|1700935965\n|switch|p1a: Samurott|Samurott-Hisui, M, shiny|100\/100\n|turn|7\n|\n|t:|1700935993\n|switch|p2a: Zamazenta|Zamazenta|100\/100\n|-ability|p2a: Zamazenta|Dauntless Shield|boost\n|-boost|p2a: Zamazenta|def|1\n|move|p1a: Samurott|Swords Dance|p1a: Samurott\n|-boost|p1a: Samurott|atk|2\n|\n|upkeep\n|turn|8\n|\n|t:|1700936021\n|-terastallize|p1a: Samurott|Water\n|move|p2a: Zamazenta|Close Combat|p1a: Samurott\n|-damage|p1a: Samurott|25\/100\n|-unboost|p2a: Zamazenta|def|1\n|-unboost|p2a: Zamazenta|spd|1\n|move|p1a: Samurott|Razor Shell|p2a: Zamazenta\n|-damage|p2a: Zamazenta|0 fnt\n|faint|p2a: Zamazenta\n|\n|upkeep\n|\n|t:|1700936034\n|switch|p2a: Zapdos|Zapdos|57\/100\n|turn|9\n|\n|t:|1700936038\n|move|p1a: Samurott|Sucker Punch|p2a: Zapdos\n|-damage|p2a: Zapdos|0 fnt\n|faint|p2a: Zapdos\n|\n|upkeep\n|\n|t:|1700936042\n|switch|p2a: Amoonguss|Amoonguss, F|100\/100\n|turn|10\n|\n|t:|1700936048\n|move|p1a: Samurott|Ceaseless Edge|p2a: Amoonguss\n|-damage|p2a: Amoonguss|36\/100\n|-sidestart|p2: Aeglitos|Spikes\n|move|p2a: Amoonguss|Giga Drain|p1a: Samurott\n|-supereffective|p1a: Samurott\n|-damage|p1a: Samurott|0 fnt\n|-heal|p2a: Amoonguss|45\/100|[from] drain|[of] p1a: Samurott\n|faint|p1a: Samurott\n|\n|upkeep\n|\n|t:|1700936056\n|switch|p1a: Ceruledge|Ceruledge, M, shiny|100\/100\n|turn|11\n|\n|t:|1700936064\n|switch|p2a: Ting-Lu|Ting-Lu|100\/100\n|-ability|p2a: Ting-Lu|Vessel of Ruin\n|move|p1a: Ceruledge|Bitter Blade|p2a: Ting-Lu\n|-damage|p2a: Ting-Lu|75\/100\n|\n|upkeep\n|turn|12\n|inactive|Battle timer is ON: inactive players will automatically lose when time's up. (requested by Mouspi le goat)\n|\n|t:|1700936082\n|switch|p1a: Great Tusk|Great Tusk, shiny|100\/100\n|move|p2a: Ting-Lu|Earthquake|p1a: Great Tusk\n|-damage|p1a: Great Tusk|79\/100\n|\n|upkeep\n|turn|13\n|\n|t:|1700936095\n|move|p1a: Great Tusk|Body Press|p2a: Ting-Lu\n|-supereffective|p2a: Ting-Lu\n|-damage|p2a: Ting-Lu|35\/100\n|move|p2a: Ting-Lu|Ruination|p1a: Great Tusk\n|-damage|p1a: Great Tusk|40\/100\n|\n|upkeep\n|turn|14\n|inactive|Aeglitos has 120 seconds left.\n|\n|t:|1700936142\n|switch|p2a: Amoonguss|Amoonguss, F|78\/100\n|move|p1a: Great Tusk|Body Press|p2a: Amoonguss\n|-resisted|p2a: Amoonguss\n|-damage|p2a: Amoonguss|63\/100\n|\n|upkeep\n|turn|15\n|\n|t:|1700936171\n|-end|p1a: Great Tusk|Protosynthesis|[silent]\n|switch|p1a: Gholdengo|Gholdengo, shiny|100\/100\n|move|p2a: Amoonguss|Giga Drain|p1a: Gholdengo\n|-resisted|p1a: Gholdengo\n|-damage|p1a: Gholdengo|88\/100\n|-heal|p2a: Amoonguss|68\/100|[from] drain|[of] p1a: Gholdengo\n|\n|upkeep\n|turn|16\n|\n|t:|1700936179\n|switch|p2a: Ting-Lu|Ting-Lu|35\/100\n|-ability|p2a: Ting-Lu|Vessel of Ruin\n|move|p1a: Gholdengo|Shadow Ball|p2a: Ting-Lu\n|-resisted|p2a: Ting-Lu\n|-damage|p2a: Ting-Lu|20\/100\n|\n|upkeep\n|turn|17\n|\n|t:|1700936195\n|switch|p1a: Ceruledge|Ceruledge, M, shiny|100\/100\n|move|p2a: Ting-Lu|Earthquake|p1a: Ceruledge\n|-supereffective|p1a: Ceruledge\n|-enditem|p1a: Ceruledge|Focus Sash\n|-damage|p1a: Ceruledge|1\/100\n|-ability|p1a: Ceruledge|Weak Armor|boost\n|-unboost|p1a: Ceruledge|def|1\n|-boost|p1a: Ceruledge|spe|2\n|\n|upkeep\n|turn|18\n|inactive|Aeglitos has 90 seconds left.\n|\n|t:|1700936218\n|move|p1a: Ceruledge|Bitter Blade|p2a: Ting-Lu\n|-damage|p2a: Ting-Lu|0 fnt\n|-heal|p1a: Ceruledge|18\/100|[from] drain|[of] p2a: Ting-Lu\n|faint|p2a: Ting-Lu\n|\n|upkeep\n|\n|t:|1700936226\n|switch|p2a: Slowking|Slowking, M|100\/100\n|turn|19\n|inactive|Aeglitos has 90 seconds left.\n|\n|t:|1700936234\n|move|p1a: Ceruledge|Poltergeist|p2a: Slowking\n|-activate|p2a: Slowking|move: Poltergeist|Heavy-Duty Boots\n|-supereffective|p2a: Slowking\n|-damage|p2a: Slowking|0 fnt\n|faint|p2a: Slowking\n|\n|upkeep\n|inactive|Aeglitos has 90 seconds left.\n|\n|t:|1700936241\n|switch|p2a: Amoonguss|Amoonguss, F|100\/100\n|turn|20\n|inactive|Aeglitos has 90 seconds left.\n|\n|t:|1700936251\n|move|p1a: Ceruledge|Bitter Blade|p2a: Amoonguss\n|-supereffective|p2a: Amoonguss\n|-damage|p2a: Amoonguss|33\/100\n|-heal|p1a: Ceruledge|68\/100|[from] drain|[of] p2a: Amoonguss\n|move|p2a: Amoonguss|Sludge Bomb|p1a: Ceruledge\n|-resisted|p1a: Ceruledge\n|-damage|p1a: Ceruledge|53\/100\n|\n|upkeep\n|turn|21\n|inactive|Aeglitos has 90 seconds left.\n|-message|Aeglitos forfeited.\n|\n|win|Mouspi le goat\n|raw|Mouspi le goat's rating: 1154 &rarr; <strong>1175<\/strong><br \/>(+21 for winning)\n|raw|Aeglitos's rating: 1093 &rarr; <strong>1073<\/strong><br \/>(-20 for losing)\n|l|\u2606Aeglitos\n","uploadtime":1700936272,"views":1,"p1id":"mouspilegoat","p2id":"aeglitos","formatid":"gen9ou","rating":1073,"private":0,"password":""}