{"id":"gen9ou-1994887821","p1":"mj9964","p2":"Dadben","format":"[Gen 9] OU","log":"|j|\u2606mj9964\n|j|\u2606Dadben\n|t:|1700501857\n|gametype|singles\n|player|p1|mj9964|102|1262\n|player|p2|Dadben|fisherman-gen4|1246\n|teamsize|p1|6\n|teamsize|p2|6\n|gen|9\n|tier|[Gen 9] OU\n|rated|\n|rule|Sleep Clause Mod: Limit one foe put to sleep\n|rule|Species Clause: Limit one of each Pok\u00e9mon\n|rule|OHKO Clause: OHKO moves are banned\n|rule|Evasion Items Clause: Evasion items are banned\n|rule|Evasion Moves Clause: Evasion moves are banned\n|rule|Endless Battle Clause: Forcing endless battles is banned\n|rule|HP Percentage Mod: HP is shown in percentages\n|clearpoke\n|poke|p1|Dragonite, M|\n|poke|p1|Ogerpon-Cornerstone, F|\n|poke|p1|Cinderace, F|\n|poke|p1|Gholdengo|\n|poke|p1|Alomomola, F|\n|poke|p1|Cramorant, F|\n|poke|p2|Pelipper, F|\n|poke|p2|Tyranitar, F|\n|poke|p2|Corviknight, F|\n|poke|p2|Clodsire, M|\n|poke|p2|Barraskewda, F|\n|poke|p2|Basculegion-F, F|\n|teampreview\n|inactive|Battle timer is ON: inactive players will automatically lose when time's up. (requested by Dadben)\n|\n|t:|1700501871\n|start\n|switch|p1a: Gholdengo|Gholdengo, shiny|100\/100\n|switch|p2a: Corviknight|Corviknight, F|100\/100\n|-ability|p2a: Corviknight|Pressure\n|turn|1\n|\n|t:|1700501878\n|switch|p2a: Clodsire|Clodsire, M|100\/100\n|move|p1a: Gholdengo|Nasty Plot|p1a: Gholdengo\n|-boost|p1a: Gholdengo|spa|2\n|\n|upkeep\n|turn|2\n|\n|t:|1700501881\n|move|p1a: Gholdengo|Shadow Ball|p2a: Clodsire\n|-damage|p2a: Clodsire|51\/100\n|-unboost|p2a: Clodsire|spd|1\n|move|p2a: Clodsire|Earthquake|p1a: Gholdengo\n|-supereffective|p1a: Gholdengo\n|-damage|p1a: Gholdengo|60\/100\n|\n|-heal|p2a: Clodsire|57\/100|[from] item: Black Sludge\n|upkeep\n|turn|3\n|\n|t:|1700501889\n|switch|p2a: Corviknight|Corviknight, F|100\/100\n|-ability|p2a: Corviknight|Pressure\n|move|p1a: Gholdengo|Shadow Ball|p2a: Corviknight\n|-crit|p2a: Corviknight\n|-damage|p2a: Corviknight|24\/100\n|\n|upkeep\n|turn|4\n|\n|t:|1700501900\n|move|p1a: Gholdengo|Shadow Ball|p2a: Corviknight\n|-damage|p2a: Corviknight|0 fnt\n|faint|p2a: Corviknight\n|\n|upkeep\n|\n|t:|1700501904\n|switch|p2a: Basculegion|Basculegion-F, F|100\/100\n|turn|5\n|\n|t:|1700501919\n|move|p2a: Basculegion|Shadow Ball|p1a: Gholdengo\n|-supereffective|p1a: Gholdengo\n|-damage|p1a: Gholdengo|0 fnt\n|faint|p1a: Gholdengo\n|\n|upkeep\n|\n|t:|1700501928\n|switch|p1a: Cramorant|Cramorant, F|100\/100\n|turn|6\n|\n|t:|1700501934\n|switch|p2a: Tyranitar|Tyranitar, F|100\/100\n|-weather|Sandstorm|[from] ability: Sand Stream|[of] p2a: Tyranitar\n|move|p1a: Cramorant|Air Slash|p2a: Tyranitar\n|-resisted|p2a: Tyranitar\n|-damage|p2a: Tyranitar|93\/100\n|\n|-weather|Sandstorm|[upkeep]\n|-damage|p1a: Cramorant|94\/100|[from] Sandstorm\n|-heal|p2a: Tyranitar|99\/100|[from] item: Leftovers\n|upkeep\n|turn|7\n|\n|t:|1700501944\n|move|p1a: Cramorant|Surf|p2a: Tyranitar\n|-formechange|p1a: Cramorant|Cramorant-Gulping|\n|-supereffective|p2a: Tyranitar\n|-damage|p2a: Tyranitar|65\/100\n|move|p2a: Tyranitar|Rock Blast|p1a: Cramorant\n|-supereffective|p1a: Cramorant\n|-damage|p1a: Cramorant|38\/100\n|-damage|p2a: Tyranitar|40\/100|[from] ability: Gulp Missile|[of] p1a: Cramorant\n|-unboost|p2a: Tyranitar|def|1\n|-formechange|p1a: Cramorant|Cramorant|\n|-supereffective|p1a: Cramorant\n|-damage|p1a: Cramorant|0 fnt\n|faint|p1a: Cramorant\n|-hitcount|p1: Cramorant|2\n|\n|-weather|Sandstorm|[upkeep]\n|-heal|p2a: Tyranitar|46\/100|[from] item: Leftovers\n|upkeep\n|\n|t:|1700501957\n|switch|p1a: Dragonite|Dragonite, M, shiny|100\/100\n|turn|8\n|\n|t:|1700501961\n|move|p1a: Dragonite|Dragon Dance|p1a: Dragonite\n|-boost|p1a: Dragonite|atk|1\n|-boost|p1a: Dragonite|spe|1\n|move|p2a: Tyranitar|Ice Beam|p1a: Dragonite\n|-supereffective|p1a: Dragonite\n|-damage|p1a: Dragonite|61\/100\n|\n|-weather|Sandstorm|[upkeep]\n|-damage|p1a: Dragonite|55\/100|[from] Sandstorm\n|-heal|p2a: Tyranitar|52\/100|[from] item: Leftovers\n|upkeep\n|turn|9\n|\n|t:|1700501967\n|switch|p2a: Pelipper|Pelipper, F|100\/100\n|-weather|RainDance|[from] ability: Drizzle|[of] p2a: Pelipper\n|move|p1a: Dragonite|Earthquake|p2a: Pelipper\n|-immune|p2a: Pelipper\n|\n|-weather|RainDance|[upkeep]\n|upkeep\n|turn|10\n|\n|t:|1700501971\n|-terastallize|p1a: Dragonite|Flying\n|move|p2a: Pelipper|Hurricane|p1a: Dragonite\n|-damage|p1a: Dragonite|15\/100\n|move|p1a: Dragonite|Tera Blast|p2a: Pelipper|[anim] Tera Blast Flying\n|-damage|p2a: Pelipper|0 fnt\n|faint|p2a: Pelipper\n|\n|-weather|RainDance|[upkeep]\n|upkeep\n|\n|t:|1700501982\n|switch|p2a: Barraskewda|Barraskewda, F|100\/100\n|turn|11\n|\n|t:|1700501992\n|switch|p2a: Basculegion|Basculegion-F, F|100\/100\n|switch|p1a: Alomomola|Alomomola, F, shiny|100\/100\n|\n|-weather|RainDance|[upkeep]\n|upkeep\n|turn|12\n|\n|t:|1700501996\n|move|p2a: Basculegion|Substitute|p2a: Basculegion\n|-start|p2a: Basculegion|Substitute\n|-damage|p2a: Basculegion|76\/100\n|move|p1a: Alomomola|Scald|p2a: Basculegion\n|-resisted|p2a: Basculegion\n|-activate|p2a: Basculegion|move: Substitute|[damage]\n|\n|-weather|RainDance|[upkeep]\n|-heal|p2a: Basculegion|82\/100|[from] item: Leftovers\n|upkeep\n|turn|13\n|\n|t:|1700502001\n|move|p2a: Basculegion|Agility|p2a: Basculegion\n|-boost|p2a: Basculegion|spe|2\n|move|p1a: Alomomola|Flip Turn|p2a: Basculegion\n|-resisted|p2a: Basculegion\n|-end|p2a: Basculegion|Substitute\n|\n|t:|1700502005\n|switch|p1a: Ogerpon|Ogerpon-Cornerstone, F|100\/100|[from] Flip Turn\n|\n|-weather|none\n|-heal|p2a: Basculegion|88\/100|[from] item: Leftovers\n|upkeep\n|turn|14\n|\n|t:|1700502017\n|-terastallize|p2a: Basculegion|Ghost\n|move|p2a: Basculegion|Shadow Ball|p1a: Ogerpon\n|-damage|p1a: Ogerpon|27\/100\n|-unboost|p1a: Ogerpon|spd|1\n|move|p1a: Ogerpon|Horn Leech|p2a: Basculegion\n|-damage|p2a: Basculegion|32\/100\n|-heal|p1a: Ogerpon|63\/100|[from] drain|[of] p2a: Basculegion\n|\n|-heal|p2a: Basculegion|38\/100|[from] item: Leftovers\n|upkeep\n|turn|15\n|\n|t:|1700502027\n|move|p2a: Basculegion|Surf|p1a: Ogerpon\n|-damage|p1a: Ogerpon|0 fnt\n|faint|p1a: Ogerpon\n|\n|-heal|p2a: Basculegion|44\/100|[from] item: Leftovers\n|upkeep\n|\n|t:|1700502033\n|switch|p1a: Cinderace|Cinderace, F, shiny|100\/100\n|turn|16\n|\n|t:|1700502036\n|move|p2a: Basculegion|Substitute|p2a: Basculegion\n|-start|p2a: Basculegion|Substitute\n|-damage|p2a: Basculegion|19\/100\n|move|p1a: Cinderace|Flare Blitz|p2a: Basculegion\n|-end|p2a: Basculegion|Substitute\n|-damage|p1a: Cinderace|90\/100|[from] Recoil|[of] p2a: Basculegion\n|\n|-heal|p2a: Basculegion|25\/100|[from] item: Leftovers\n|upkeep\n|turn|17\n|\n|t:|1700502053\n|move|p2a: Basculegion|Surf|p1a: Cinderace\n|-supereffective|p1a: Cinderace\n|-damage|p1a: Cinderace|0 fnt\n|faint|p1a: Cinderace\n|\n|-heal|p2a: Basculegion|31\/100|[from] item: Leftovers\n|upkeep\n|inactive|mj9964 has 120 seconds left.\n|-message|mj9964 forfeited.\n|\n|win|Dadben\n|raw|mj9964's rating: 1262 &rarr; <strong>1236<\/strong><br \/>(-26 for losing)\n|raw|Dadben's rating: 1246 &rarr; <strong>1272<\/strong><br \/>(+26 for winning)\n|l|\u2606mj9964\n","uploadtime":1700502082,"views":7,"p1id":"mj9964","p2id":"dadben","formatid":"gen9ou","rating":1236,"private":0,"password":""}