{"id":"gen9ou-1991562583","p1":"than0304","p2":"sidtherockjohnson","format":"[Gen 9] OU","log":"|j|\u2606than0304\n|j|\u2606sidtherockjohnson\n|t:|1700088663\n|gametype|singles\n|player|p1|than0304|n|1490\n|player|p2|sidtherockjohnson|169|1483\n|teamsize|p1|6\n|teamsize|p2|6\n|gen|9\n|tier|[Gen 9] OU\n|rated|\n|rule|Sleep Clause Mod: Limit one foe put to sleep\n|rule|Species Clause: Limit one of each Pok\u00e9mon\n|rule|OHKO Clause: OHKO moves are banned\n|rule|Evasion Items Clause: Evasion items are banned\n|rule|Evasion Moves Clause: Evasion moves are banned\n|rule|Endless Battle Clause: Forcing endless battles is banned\n|rule|HP Percentage Mod: HP is shown in percentages\n|clearpoke\n|poke|p1|Empoleon, M|\n|poke|p1|Cinderace, F|\n|poke|p1|Iron Moth|\n|poke|p1|Zapdos|\n|poke|p1|Alomomola, M|\n|poke|p1|Kingambit, M|\n|poke|p2|Samurott-Hisui, M|\n|poke|p2|Great Tusk|\n|poke|p2|Clefable, F|\n|poke|p2|Arcanine-Hisui, M|\n|poke|p2|Gholdengo|\n|poke|p2|Zapdos|\n|teampreview\n|inactive|Battle timer is ON: inactive players will automatically lose when time's up. (requested by than0304)\n|\n|t:|1700088674\n|start\n|switch|p1a: Alomomola|Alomomola, M|100\/100\n|switch|p2a: Zapdos|Zapdos|100\/100\n|turn|1\n|\n|t:|1700088690\n|switch|p1a: Zapdos|Zapdos, shiny|100\/100\n|move|p2a: Zapdos|Volt Switch|p1a: Zapdos\n|-damage|p1a: Zapdos|63\/100\n|\n|t:|1700088700\n|switch|p2a: Clefable|Clefable, F|100\/100|[from] Volt Switch\n|\n|upkeep\n|turn|2\n|\n|t:|1700088705\n|move|p1a: Zapdos|U-turn|p2a: Clefable\n|-resisted|p2a: Clefable\n|-damage|p2a: Clefable|93\/100\n|\n|t:|1700088707\n|switch|p1a: Empoleon|Empoleon, M, shiny|100\/100|[from] U-turn\n|move|p2a: Clefable|Stealth Rock|p1a: Empoleon\n|-sidestart|p1: than0304|move: Stealth Rock\n|\n|-heal|p2a: Clefable|99\/100|[from] item: Leftovers\n|upkeep\n|turn|3\n|\n|t:|1700088715\n|move|p1a: Empoleon|Stealth Rock|p2a: Clefable\n|-sidestart|p2: sidtherockjohnson|move: Stealth Rock\n|move|p2a: Clefable|Thunder Wave|p1a: Empoleon\n|-status|p1a: Empoleon|par\n|\n|-heal|p2a: Clefable|100\/100|[from] item: Leftovers\n|upkeep\n|turn|4\n|\n|t:|1700088721\n|move|p2a: Clefable|Wish|p2a: Clefable\n|move|p1a: Empoleon|Hydro Pump|p2a: Clefable\n|-damage|p2a: Clefable|72\/100\n|\n|-heal|p2a: Clefable|78\/100|[from] item: Leftovers\n|upkeep\n|turn|5\n|\n|t:|1700088729\n|switch|p2a: Great Tusk|Great Tusk|100\/100\n|-damage|p2a: Great Tusk|98\/100|[from] Stealth Rock\n|move|p1a: Empoleon|Hydro Pump|p2a: Great Tusk|[miss]\n|-miss|p1a: Empoleon|p2a: Great Tusk\n|\n|-heal|p2a: Great Tusk|100\/100|[from] move: Wish|[wisher] Clefable\n|upkeep\n|turn|6\n|\n|t:|1700088738\n|switch|p1a: Zapdos|Zapdos, shiny|63\/100\n|move|p2a: Great Tusk|Close Combat|p1a: Zapdos\n|-resisted|p1a: Zapdos\n|-damage|p1a: Zapdos|39\/100\n|-unboost|p2a: Great Tusk|def|1\n|-unboost|p2a: Great Tusk|spd|1\n|-status|p2a: Great Tusk|par|[from] ability: Static|[of] p1a: Zapdos\n|\n|upkeep\n|turn|7\n|\n|t:|1700088747\n|move|p1a: Zapdos|Roost|p1a: Zapdos\n|-heal|p1a: Zapdos|89\/100\n|-singleturn|p1a: Zapdos|move: Roost\n|move|p2a: Great Tusk|Rapid Spin|p1a: Zapdos\n|-damage|p1a: Zapdos|75\/100\n|-boost|p2a: Great Tusk|spe|1\n|-sideend|p2: sidtherockjohnson|Stealth Rock|[from] move: Rapid Spin|[of] p2a: Great Tusk\n|\n|upkeep\n|turn|8\n|\n|t:|1700088765\n|move|p1a: Zapdos|Hurricane|p2a: Great Tusk\n|-supereffective|p2a: Great Tusk\n|-damage|p2a: Great Tusk|0 fnt\n|faint|p2a: Great Tusk\n|-end|p2a: Great Tusk|Protosynthesis|[silent]\n|\n|upkeep\n|\n|t:|1700088773\n|switch|p2a: Zapdos|Zapdos|100\/100\n|turn|9\n|\n|t:|1700088782\n|move|p2a: Zapdos|Heat Wave|p1a: Zapdos\n|-damage|p1a: Zapdos|42\/100\n|move|p1a: Zapdos|U-turn|p2a: Zapdos\n|-resisted|p2a: Zapdos\n|-damage|p2a: Zapdos|92\/100\n|-damage|p1a: Zapdos|25\/100|[from] item: Rocky Helmet|[of] p2a: Zapdos\n|\n|t:|1700088792\n|switch|p1a: Cinderace|Cinderace, F, shiny|100\/100|[from] U-turn\n|\n|upkeep\n|turn|10\n|\n|t:|1700088801\n|move|p1a: Cinderace|Pyro Ball|p2a: Zapdos\n|-damage|p2a: Zapdos|26\/100\n|move|p2a: Zapdos|Hurricane|p1a: Cinderace\n|-damage|p1a: Cinderace|26\/100\n|\n|upkeep\n|turn|11\n|\n|t:|1700088807\n|switch|p2a: Arcanine|Arcanine-Hisui, M|100\/100\n|move|p1a: Cinderace|Pyro Ball|p2a: Arcanine\n|-resisted|p2a: Arcanine\n|-damage|p2a: Arcanine|82\/100\n|\n|upkeep\n|turn|12\n|\n|t:|1700088816\n|move|p1a: Cinderace|High Jump Kick|p2a: Arcanine\n|-start|p1a: Cinderace|typechange|Fighting|[from] ability: Libero\n|-supereffective|p2a: Arcanine\n|-damage|p2a: Arcanine|0 fnt\n|faint|p2a: Arcanine\n|\n|upkeep\n|\n|t:|1700088831\n|switch|p2a: Clefable|Clefable, F|78\/100\n|turn|13\n|\n|t:|1700088834\n|move|p1a: Cinderace|U-turn|p2a: Clefable\n|-resisted|p2a: Clefable\n|-damage|p2a: Clefable|65\/100\n|\n|t:|1700088836\n|switch|p1a: Empoleon|Empoleon, M, shiny|100\/100 par|[from] U-turn\n|-damage|p1a: Empoleon|94\/100 par|[from] Stealth Rock\n|move|p2a: Clefable|Moonblast|p1a: Empoleon\n|-resisted|p1a: Empoleon\n|-damage|p1a: Empoleon|84\/100 par\n|\n|-heal|p2a: Clefable|71\/100|[from] item: Leftovers\n|-heal|p1a: Empoleon|90\/100 par|[from] item: Leftovers\n|upkeep\n|turn|14\n|\n|t:|1700088851\n|switch|p1a: Cinderace|Cinderace, F, shiny|26\/100\n|move|p2a: Clefable|Wish|p2a: Clefable\n|\n|-heal|p2a: Clefable|77\/100|[from] item: Leftovers\n|upkeep\n|turn|15\n|\n|t:|1700088857\n|move|p1a: Cinderace|Court Change|p1a: Cinderace\n|-start|p1a: Cinderace|typechange|Normal|[from] ability: Libero\n|-swapsideconditions\n|-activate|p1a: Cinderace|move: Court Change\n|move|p2a: Clefable|Moonblast|p1a: Cinderace\n|-damage|p1a: Cinderace|0 fnt\n|faint|p1a: Cinderace\n|\n|-heal|p2a: Clefable|100\/100|[from] move: Wish|[wisher] Clefable\n|upkeep\n|\n|t:|1700088860\n|switch|p1a: Iron Moth|Iron Moth|100\/100\n|-enditem|p1a: Iron Moth|Booster Energy\n|-activate|p1a: Iron Moth|ability: Quark Drive|[fromitem]\n|-start|p1a: Iron Moth|quarkdrivespe\n|turn|16\n|\n|t:|1700088874\n|switch|p2a: Samurott|Samurott-Hisui, M|100\/100\n|-damage|p2a: Samurott|88\/100|[from] Stealth Rock\n|move|p1a: Iron Moth|Sludge Wave|p2a: Samurott\n|-damage|p2a: Samurott|42\/100\n|\n|upkeep\n|turn|17\n|\n|t:|1700088885\n|-terastallize|p2a: Samurott|Ghost\n|move|p1a: Iron Moth|Energy Ball|p2a: Samurott\n|-damage|p2a: Samurott|12\/100\n|move|p2a: Samurott|Razor Shell|p1a: Iron Moth\n|-supereffective|p1a: Iron Moth\n|-damage|p1a: Iron Moth|0 fnt\n|faint|p1a: Iron Moth\n|-end|p1a: Iron Moth|Quark Drive|[silent]\n|\n|upkeep\n|\n|t:|1700088897\n|switch|p1a: Alomomola|Alomomola, M|100\/100\n|turn|18\n|\n|t:|1700088902\n|switch|p2a: Clefable|Clefable, F|100\/100\n|-damage|p2a: Clefable|88\/100|[from] Stealth Rock\n|move|p1a: Alomomola|Flip Turn|p2a: Clefable\n|-damage|p2a: Clefable|71\/100\n|\n|t:|1700088907\n|switch|p1a: Kingambit|Kingambit, M|100\/100|[from] Flip Turn\n|-activate|p1a: Kingambit|ability: Supreme Overlord\n|-start|p1a: Kingambit|fallen2|[silent]\n|\n|-heal|p2a: Clefable|77\/100|[from] item: Leftovers\n|upkeep\n|turn|19\n|\n|t:|1700088916\n|switch|p2a: Gholdengo|Gholdengo|100\/100\n|-damage|p2a: Gholdengo|94\/100|[from] Stealth Rock\n|move|p1a: Kingambit|Swords Dance|p1a: Kingambit\n|-boost|p1a: Kingambit|atk|2\n|\n|upkeep\n|turn|20\n|\n|t:|1700088923\n|move|p1a: Kingambit|Sucker Punch||[still]\n|-fail|p1a: Kingambit\n|move|p2a: Gholdengo|Trick|p1a: Kingambit\n|-activate|p2a: Gholdengo|move: Trick|[of] p1a: Kingambit\n|-item|p1a: Kingambit|Choice Scarf|[from] move: Trick\n|-item|p2a: Gholdengo|Leftovers|[from] move: Trick\n|\n|-heal|p2a: Gholdengo|100\/100|[from] item: Leftovers\n|upkeep\n|turn|21\n|\n|t:|1700088932\n|switch|p2a: Clefable|Clefable, F|77\/100\n|-damage|p2a: Clefable|65\/100|[from] Stealth Rock\n|move|p1a: Kingambit|Kowtow Cleave|p2a: Clefable\n|-resisted|p2a: Clefable\n|-crit|p2a: Clefable\n|-damage|p2a: Clefable|12\/100\n|\n|-heal|p2a: Clefable|18\/100|[from] item: Leftovers\n|upkeep\n|turn|22\n|c|\u2606than0304|Lol\n|inactive|sidtherockjohnson has 120 seconds left.\n|\n|t:|1700088982\n|move|p1a: Kingambit|Kowtow Cleave|p2a: Clefable\n|-resisted|p2a: Clefable\n|-damage|p2a: Clefable|0 fnt\n|faint|p2a: Clefable\n|\n|upkeep\n|\n|t:|1700089001\n|switch|p2a: Samurott|Samurott-Hisui, M, tera:Ghost|12\/100\n|-damage|p2a: Samurott|0 fnt|[from] Stealth Rock\n|faint|p2a: Samurott\n|\n|t:|1700089005\n|switch|p2a: Gholdengo|Gholdengo|100\/100\n|-damage|p2a: Gholdengo|94\/100|[from] Stealth Rock\n|turn|23\n|\n|t:|1700089010\n|move|p2a: Gholdengo|Focus Blast|p1a: Kingambit\n|-supereffective|p1a: Kingambit\n|-damage|p1a: Kingambit|0 fnt\n|faint|p1a: Kingambit\n|-end|p1a: Kingambit|fallen2|[silent]\n|\n|-heal|p2a: Gholdengo|100\/100|[from] item: Leftovers\n|upkeep\n|\n|t:|1700089018\n|switch|p1a: Empoleon|Empoleon, M, shiny|90\/100 par\n|turn|24\n|\n|t:|1700089027\n|-terastallize|p1a: Empoleon|Water\n|move|p2a: Gholdengo|Focus Blast|p1a: Empoleon\n|-damage|p1a: Empoleon|61\/100 par\n|move|p1a: Empoleon|Hydro Pump|p2a: Gholdengo\n|-damage|p2a: Gholdengo|36\/100\n|\n|-heal|p2a: Gholdengo|42\/100|[from] item: Leftovers\n|-heal|p1a: Empoleon|67\/100 par|[from] item: Leftovers\n|upkeep\n|turn|25\n|inactive|sidtherockjohnson has 120 seconds left.\n|\n|t:|1700089037\n|move|p2a: Gholdengo|Shadow Ball|p1a: Empoleon\n|-damage|p1a: Empoleon|39\/100 par\n|-unboost|p1a: Empoleon|spd|1\n|-ability|p1a: Empoleon|Competitive|boost\n|-boost|p1a: Empoleon|spa|2\n|move|p1a: Empoleon|Hydro Pump|p2a: Gholdengo\n|-damage|p2a: Gholdengo|0 fnt\n|faint|p2a: Gholdengo\n|\n|-heal|p1a: Empoleon|46\/100 par|[from] item: Leftovers\n|upkeep\n|\n|t:|1700089048\n|switch|p2a: Zapdos|Zapdos|26\/100\n|-damage|p2a: Zapdos|1\/100|[from] Stealth Rock\n|turn|26\n|\n|t:|1700089054\n|switch|p1a: Alomomola|Alomomola, M|100\/100\n|move|p2a: Zapdos|Volt Switch|p1a: Alomomola\n|-supereffective|p1a: Alomomola\n|-damage|p1a: Alomomola|13\/100\n|\n|upkeep\n|turn|27\n|inactive|sidtherockjohnson has 120 seconds left.\n|\n|t:|1700089060\n|move|p1a: Alomomola|Protect|p1a: Alomomola\n|-singleturn|p1a: Alomomola|Protect\n|move|p2a: Zapdos|Roost|p2a: Zapdos\n|-heal|p2a: Zapdos|51\/100\n|-singleturn|p2a: Zapdos|move: Roost\n|\n|upkeep\n|turn|28\n|\n|t:|1700089067\n|move|p2a: Zapdos|Roost|p2a: Zapdos\n|-heal|p2a: Zapdos|100\/100\n|-singleturn|p2a: Zapdos|move: Roost\n|move|p1a: Alomomola|Wish|p1a: Alomomola\n|\n|upkeep\n|turn|29\n|\n|t:|1700089074\n|move|p2a: Zapdos|Volt Switch|p1a: Alomomola\n|-supereffective|p1a: Alomomola\n|-damage|p1a: Alomomola|0 fnt\n|faint|p1a: Alomomola\n|\n|upkeep\n|\n|t:|1700089078\n|switch|p1a: Zapdos|Zapdos, shiny|25\/100\n|turn|30\n|\n|t:|1700089080\n|move|p2a: Zapdos|Volt Switch|p1a: Zapdos\n|-damage|p1a: Zapdos|0 fnt\n|faint|p1a: Zapdos\n|\n|upkeep\n|\n|t:|1700089083\n|switch|p1a: Empoleon|Empoleon, M, shiny, tera:Water|46\/100 par\n|turn|31\n|c|\u2606sidtherockjohnson|big fat L\n|\n|t:|1700089088\n|move|p2a: Zapdos|Volt Switch|p1a: Empoleon\n|-supereffective|p1a: Empoleon\n|-damage|p1a: Empoleon|0 fnt\n|faint|p1a: Empoleon\n|\n|win|sidtherockjohnson\n|raw|than0304's rating: 1490 &rarr; <strong>1470<\/strong><br \/>(-20 for losing)\n|raw|sidtherockjohnson's rating: 1483 &rarr; <strong>1503<\/strong><br \/>(+20 for winning)\n|c|\u2606than0304|Fr\n|l|\u2606than0304\n","uploadtime":1700089098,"views":7,"p1id":"than0304","p2id":"sidtherockjohnson","formatid":"gen9ou","rating":1470,"private":0,"password":""}