{"id":"gen9ou-1998339419","p1":"natcentre","p2":"gfrostmoths","format":"[Gen 9] OU","log":"|j|\u2606natcentre\n|j|\u2606gfrostmoths\n|t:|1700931260\n|gametype|singles\n|player|p1|natcentre|101|\n|player|p2|gfrostmoths|adaman|\n|teamsize|p1|6\n|teamsize|p2|6\n|gen|9\n|tier|[Gen 9] OU\n|rule|Sleep Clause Mod: Limit one foe put to sleep\n|rule|Species Clause: Limit one of each Pok\u00e9mon\n|rule|OHKO Clause: OHKO moves are banned\n|rule|Evasion Items Clause: Evasion items are banned\n|rule|Evasion Moves Clause: Evasion moves are banned\n|rule|Endless Battle Clause: Forcing endless battles is banned\n|rule|HP Percentage Mod: HP is shown in percentages\n|clearpoke\n|poke|p1|Orthworm, M|\n|poke|p1|Dragapult, M|\n|poke|p1|Wo-Chien|\n|poke|p1|Glimmora, F|\n|poke|p1|Kingambit, M|\n|poke|p1|Volcanion|\n|poke|p2|Dragapult, F|\n|poke|p2|Iron Moth|\n|poke|p2|Ogerpon-Cornerstone, F|\n|poke|p2|Empoleon, F|\n|poke|p2|Zapdos|\n|poke|p2|Great Tusk|\n|teampreview\n|\n|t:|1700931318\n|start\n|switch|p1a: Dragapult|Dragapult, M|100\/100\n|switch|p2a: Empoleon|Empoleon, F|100\/100\n|turn|1\n|\n|t:|1700931327\n|move|p1a: Dragapult|Substitute|p1a: Dragapult\n|-start|p1a: Dragapult|Substitute\n|-damage|p1a: Dragapult|76\/100\n|move|p2a: Empoleon|Flip Turn|p1a: Dragapult\n|-resisted|p1a: Dragapult\n|-crit|p1a: Dragapult\n|-activate|p1a: Dragapult|move: Substitute|[damage]\n|\n|t:|1700931335\n|switch|p2a: Dragapult|Dragapult, F|100\/100|[from] Flip Turn\n|\n|upkeep\n|turn|2\n|\n|t:|1700931344\n|-terastallize|p2a: Dragapult|Fairy\n|move|p2a: Dragapult|Thunder Wave|p1a: Dragapult\n|-status|p1a: Dragapult|par\n|move|p1a: Dragapult|Dragon Dance|p1a: Dragapult\n|-boost|p1a: Dragapult|atk|1\n|-boost|p1a: Dragapult|spe|1\n|\n|upkeep\n|turn|3\n|\n|t:|1700931358\n|-terastallize|p1a: Dragapult|Steel\n|move|p2a: Dragapult|Hex|p1a: Dragapult\n|-damage|p1a: Dragapult|0 fnt\n|faint|p1a: Dragapult\n|\n|upkeep\n|\n|t:|1700931380\n|switch|p1a: Glimmora|Glimmora, F|100\/100\n|turn|4\n|\n|t:|1700931389\n|switch|p2a: Empoleon|Empoleon, F|100\/100\n|move|p1a: Glimmora|Gunk Shot|p2a: Empoleon\n|-immune|p2a: Empoleon\n|\n|upkeep\n|turn|5\n|\n|t:|1700931397\n|switch|p1a: Volcanion|Volcanion|100\/100\n|move|p2a: Empoleon|Stealth Rock|p1a: Volcanion\n|-sidestart|p1: natcentre|move: Stealth Rock\n|\n|upkeep\n|turn|6\n|\n|t:|1700931412\n|switch|p2a: Zapdos|Zapdos|100\/100\n|move|p1a: Volcanion|Flamethrower|p2a: Zapdos\n|-damage|p2a: Zapdos|51\/100\n|\n|upkeep\n|turn|7\n|\n|t:|1700931429\n|switch|p1a: Wo-Chien|Wo-Chien|100\/100\n|-damage|p1a: Wo-Chien|88\/100|[from] Stealth Rock\n|-ability|p1a: Wo-Chien|Tablets of Ruin\n|move|p2a: Zapdos|U-turn|p1a: Wo-Chien\n|-supereffective|p1a: Wo-Chien\n|-damage|p1a: Wo-Chien|49\/100\n|\n|t:|1700931441\n|switch|p2a: Iron Moth|Iron Moth|100\/100|[from] U-turn\n|\n|upkeep\n|turn|8\n|\n|t:|1700931462\n|move|p2a: Iron Moth|Sludge Wave|p1a: Wo-Chien\n|-supereffective|p1a: Wo-Chien\n|-damage|p1a: Wo-Chien|0 fnt\n|faint|p1a: Wo-Chien\n|\n|upkeep\n|\n|t:|1700931469\n|switch|p1a: Volcanion|Volcanion|100\/100\n|turn|9\n|\n|t:|1700931480\n|move|p2a: Iron Moth|Sludge Wave|p1a: Volcanion\n|-damage|p1a: Volcanion|17\/100\n|move|p1a: Volcanion|Steam Eruption|p2a: Iron Moth\n|-supereffective|p2a: Iron Moth\n|-damage|p2a: Iron Moth|0 fnt\n|faint|p2a: Iron Moth\n|-end|p2a: Iron Moth|Quark Drive|[silent]\n|\n|upkeep\n|\n|t:|1700931488\n|switch|p2a: Ogerpon|Ogerpon-Cornerstone, F|100\/100\n|turn|10\n|j| Hallowed_Hazel\n|\n|t:|1700931503\n|move|p2a: Ogerpon|Trailblaze|p1a: Volcanion\n|-damage|p1a: Volcanion|0 fnt\n|-boost|p2a: Ogerpon|spe|1\n|faint|p1a: Volcanion\n|\n|upkeep\n|\n|t:|1700931510\n|switch|p1a: Kingambit|Kingambit, M|100\/100\n|-damage|p1a: Kingambit|94\/100|[from] Stealth Rock\n|turn|11\n|\n|t:|1700931517\n|move|p2a: Ogerpon|Ivy Cudgel|p1a: Kingambit|[anim] Ivy Cudgel Rock\n|-resisted|p1a: Kingambit\n|-damage|p1a: Kingambit|73\/100\n|move|p1a: Kingambit|Kowtow Cleave|p2a: Ogerpon\n|-damage|p2a: Ogerpon|35\/100\n|\n|upkeep\n|turn|12\n|\n|t:|1700931527\n|switch|p2a: Great Tusk|Great Tusk|100\/100\n|move|p1a: Kingambit|Kowtow Cleave|p2a: Great Tusk\n|-resisted|p2a: Great Tusk\n|-damage|p2a: Great Tusk|84\/100\n|\n|-heal|p2a: Great Tusk|90\/100|[from] item: Leftovers\n|upkeep\n|turn|13\n|\n|t:|1700931546\n|move|p2a: Great Tusk|Close Combat|p1a: Kingambit\n|-supereffective|p1a: Kingambit\n|-damage|p1a: Kingambit|0 fnt\n|-unboost|p2a: Great Tusk|def|1\n|-unboost|p2a: Great Tusk|spd|1\n|faint|p1a: Kingambit\n|\n|-heal|p2a: Great Tusk|96\/100|[from] item: Leftovers\n|upkeep\n|\n|t:|1700931553\n|switch|p1a: Glimmora|Glimmora, F|100\/100\n|-damage|p1a: Glimmora|88\/100|[from] Stealth Rock\n|turn|14\n|\n|t:|1700931576\n|-end|p2a: Great Tusk|Protosynthesis|[silent]\n|switch|p2a: Empoleon|Empoleon, F|100\/100\n|move|p1a: Glimmora|Explosion|p2a: Empoleon\n|-resisted|p2a: Empoleon\n|-damage|p2a: Empoleon|58\/100\n|faint|p1a: Glimmora\n|\n|-heal|p2a: Empoleon|64\/100|[from] item: Leftovers\n|upkeep\n|\n|t:|1700931581\n|switch|p1a: Orthworm|Orthworm, M|100\/100\n|-damage|p1a: Orthworm|94\/100|[from] Stealth Rock\n|turn|15\n|c|\u2606natcentre|gg\\\n|\n|t:|1700931590\n|move|p1a: Orthworm|Iron Defense|p1a: Orthworm\n|-boost|p1a: Orthworm|def|2\n|move|p2a: Empoleon|Flip Turn|p1a: Orthworm\n|-damage|p1a: Orthworm|87\/100\n|l| Hallowed_Hazel\n|\n|t:|1700931603\n|switch|p2a: Zapdos|Zapdos|51\/100|[from] Flip Turn\n|\n|upkeep\n|turn|16\n|\n|t:|1700931618\n|move|p2a: Zapdos|Roost|p2a: Zapdos\n|-heal|p2a: Zapdos|100\/100\n|-singleturn|p2a: Zapdos|move: Roost\n|move|p1a: Orthworm|Body Press|p2a: Zapdos\n|-damage|p2a: Zapdos|64\/100\n|-status|p1a: Orthworm|par|[from] ability: Static|[of] p2a: Zapdos\n|\n|upkeep\n|turn|17\n|\n|t:|1700931626\n|move|p2a: Zapdos|Discharge|p1a: Orthworm\n|-damage|p1a: Orthworm|54\/100 par\n|move|p1a: Orthworm|Iron Defense|p1a: Orthworm\n|-boost|p1a: Orthworm|def|2\n|\n|upkeep\n|turn|18\n|\n|t:|1700931640\n|move|p2a: Zapdos|Discharge|p1a: Orthworm\n|-damage|p1a: Orthworm|23\/100 par\n|-enditem|p1a: Orthworm|Sitrus Berry|[eat]\n|-heal|p1a: Orthworm|48\/100 par|[from] item: Sitrus Berry\n|move|p1a: Orthworm|Iron Defense|p1a: Orthworm\n|-boost|p1a: Orthworm|def|2\n|\n|upkeep\n|turn|19\n|\n|t:|1700931648\n|move|p2a: Zapdos|Discharge|p1a: Orthworm\n|-damage|p1a: Orthworm|16\/100 par\n|move|p1a: Orthworm|Body Press|p2a: Zapdos\n|-resisted|p2a: Zapdos\n|-damage|p2a: Zapdos|28\/100\n|\n|upkeep\n|turn|20\n|c|\u2606natcentre|gg\n|\n|t:|1700931659\n|move|p2a: Zapdos|Discharge|p1a: Orthworm\n|-damage|p1a: Orthworm|0 fnt\n|faint|p1a: Orthworm\n|\n|win|gfrostmoths\n|c|\u2606gfrostmoths|gg\n|l|\u2606natcentre\n","uploadtime":1700931759,"views":9,"p1id":"natcentre","p2id":"gfrostmoths","formatid":"gen9ou","rating":0,"private":0,"password":""}