{"id":"gen9ou-1988292820","p1":"Bar2D2","p2":"twowhispers","format":"[Gen 9] OU","log":"|j|\u2606Bar2D2\n|j|\u2606twowhispers\n|t:|1699703127\n|gametype|singles\n|player|p1|Bar2D2|caitlin|\n|player|p2|twowhispers|sabrina|\n|teamsize|p1|6\n|teamsize|p2|6\n|gen|9\n|tier|[Gen 9] OU\n|rule|Sleep Clause Mod: Limit one foe put to sleep\n|rule|Species Clause: Limit one of each Pok\u00e9mon\n|rule|OHKO Clause: OHKO moves are banned\n|rule|Evasion Items Clause: Evasion items are banned\n|rule|Evasion Moves Clause: Evasion moves are banned\n|rule|Endless Battle Clause: Forcing endless battles is banned\n|rule|HP Percentage Mod: HP is shown in percentages\n|clearpoke\n|poke|p1|Torterra, M|\n|poke|p1|Dragapult, F|\n|poke|p1|Corviknight, F|\n|poke|p1|Samurott-Hisui, M|\n|poke|p1|Chandelure, M|\n|poke|p1|Iron Valiant|\n|poke|p2|Kingambit, M|\n|poke|p2|Hatterene, F|\n|poke|p2|Torkoal, M|\n|poke|p2|Enamorus-Therian, F|\n|poke|p2|Cresselia, F|\n|poke|p2|Diancie|\n|teampreview\n|c|\u2606twowhispers|hey :)\n|\n|t:|1699703147\n|start\n|switch|p1a: Chandelure|Chandelure, M|100\/100\n|switch|p2a: my hat is my shell|Hatterene, F|100\/100\n|turn|1\n|\n|t:|1699703155\n|move|p1a: Chandelure|Shadow Ball|p2a: my hat is my shell\n|-supereffective|p2a: my hat is my shell\n|-damage|p2a: my hat is my shell|7\/100\n|move|p2a: my hat is my shell|Trick Room|p2a: my hat is my shell\n|-fieldstart|move: Trick Room|[of] p2a: my hat is my shell\n|\n|upkeep\n|turn|2\n|\n|t:|1699703169\n|move|p2a: my hat is my shell|Healing Wish|p2a: my hat is my shell\n|faint|p2a: my hat is my shell\n|move|p1a: Chandelure|Shadow Ball|p2: my hat is my shell|[notarget]\n|-fail|p1a: Chandelure\n|\n|upkeep\n|\n|t:|1699703176\n|switch|p2a: pink shelly|Enamorus-Therian, F|100\/100\n|turn|3\n|\n|t:|1699703181\n|switch|p1a: Corviknight|Corviknight, F, shiny|100\/100\n|move|p2a: pink shelly|Earth Power|p1a: Corviknight\n|-immune|p1a: Corviknight\n|\n|upkeep\n|turn|4\n|\n|t:|1699703189\n|move|p2a: pink shelly|Mystical Fire|p1a: Corviknight\n|-supereffective|p1a: Corviknight\n|-damage|p1a: Corviknight|52\/100\n|-ability|p1a: Corviknight|Mirror Armor\n|-unboost|p2a: pink shelly|spa|1\n|-damage|p2a: pink shelly|91\/100|[from] item: Life Orb\n|move|p1a: Corviknight|Roost|p1a: Corviknight\n|-heal|p1a: Corviknight|100\/100\n|-singleturn|p1a: Corviknight|move: Roost\n|\n|upkeep\n|turn|5\n|\n|t:|1699703208\n|switch|p2a: lunatic shelly|Cresselia, F|100\/100\n|move|p1a: Corviknight|Bulk Up|p1a: Corviknight\n|-boost|p1a: Corviknight|atk|1\n|-boost|p1a: Corviknight|def|1\n|\n|-fieldend|move: Trick Room\n|upkeep\n|turn|6\n|\n|t:|1699703225\n|move|p1a: Corviknight|Bulk Up|p1a: Corviknight\n|-boost|p1a: Corviknight|atk|1\n|-boost|p1a: Corviknight|def|1\n|move|p2a: lunatic shelly|Trick Room|p2a: lunatic shelly\n|-fieldstart|move: Trick Room|[of] p2a: lunatic shelly\n|\n|upkeep\n|turn|7\n|\n|t:|1699703231\n|switch|p2a: Shelly boy|Torkoal, M, shiny|100\/100\n|-weather|SunnyDay|[from] ability: Drought|[of] p2a: Shelly boy\n|move|p1a: Corviknight|Brave Bird|p2a: Shelly boy\n|-damage|p2a: Shelly boy|50\/100\n|-damage|p1a: Corviknight|86\/100|[from] Recoil\n|\n|-weather|SunnyDay|[upkeep]\n|-heal|p1a: Corviknight|92\/100|[from] item: Leftovers\n|upkeep\n|turn|8\n|\n|t:|1699703245\n|switch|p1a: Chandelure|Chandelure, M|100\/100\n|move|p2a: Shelly boy|Flamethrower|p1a: Chandelure\n|-start|p1a: Chandelure|ability: Flash Fire\n|\n|-weather|SunnyDay|[upkeep]\n|upkeep\n|turn|9\n|\n|t:|1699703253\n|switch|p2a: rocky shell|Diancie, shiny|100\/100\n|move|p1a: Chandelure|Overheat|p2a: rocky shell\n|-resisted|p2a: rocky shell\n|-damage|p2a: rocky shell|32\/100\n|-unboost|p1a: Chandelure|spa|2\n|\n|-weather|SunnyDay|[upkeep]\n|-heal|p2a: rocky shell|39\/100|[from] item: Leftovers\n|upkeep\n|turn|10\n|\n|t:|1699703268\n|-end|p1a: Chandelure|ability: Flash Fire|[silent]\n|switch|p1a: Corviknight|Corviknight, F, shiny|92\/100\n|move|p2a: rocky shell|Diamond Storm|p1a: Corviknight\n|-damage|p1a: Corviknight|63\/100\n|\n|-weather|SunnyDay|[upkeep]\n|-heal|p2a: rocky shell|45\/100|[from] item: Leftovers\n|-heal|p1a: Corviknight|69\/100|[from] item: Leftovers\n|-fieldend|move: Trick Room\n|upkeep\n|turn|11\n|\n|t:|1699703283\n|switch|p1a: Torterra|Torterra, M|100\/100\n|move|p2a: rocky shell|Trick Room|p2a: rocky shell\n|-fieldstart|move: Trick Room|[of] p2a: rocky shell\n|\n|-weather|none\n|-heal|p2a: rocky shell|51\/100|[from] item: Leftovers\n|upkeep\n|turn|12\n|\n|t:|1699703297\n|switch|p2a: pink shelly|Enamorus-Therian, F|91\/100\n|-heal|p2a: pink shelly|100\/100|[from] move: Healing Wish\n|move|p1a: Torterra|Headlong Rush|p2a: pink shelly\n|-immune|p2a: pink shelly\n|\n|upkeep\n|turn|13\n|\n|t:|1699703308\n|switch|p1a: Corviknight|Corviknight, F, shiny|69\/100\n|move|p2a: pink shelly|Sludge Bomb|p1a: Corviknight\n|-immune|p1a: Corviknight\n|\n|-heal|p1a: Corviknight|75\/100|[from] item: Leftovers\n|upkeep\n|turn|14\n|\n|t:|1699703323\n|move|p2a: pink shelly|Mystical Fire|p1a: Corviknight\n|-supereffective|p1a: Corviknight\n|-damage|p1a: Corviknight|21\/100\n|-ability|p1a: Corviknight|Mirror Armor\n|-unboost|p2a: pink shelly|spa|1\n|-damage|p2a: pink shelly|91\/100|[from] item: Life Orb\n|move|p1a: Corviknight|Roost|p1a: Corviknight\n|-heal|p1a: Corviknight|71\/100\n|-singleturn|p1a: Corviknight|move: Roost\n|\n|-heal|p1a: Corviknight|77\/100|[from] item: Leftovers\n|upkeep\n|turn|15\n|\n|t:|1699703341\n|move|p2a: pink shelly|Mystical Fire|p1a: Corviknight\n|-supereffective|p1a: Corviknight\n|-damage|p1a: Corviknight|41\/100\n|-ability|p1a: Corviknight|Mirror Armor\n|-unboost|p2a: pink shelly|spa|1\n|-damage|p2a: pink shelly|81\/100|[from] item: Life Orb\n|move|p1a: Corviknight|Roost|p1a: Corviknight\n|-heal|p1a: Corviknight|91\/100\n|-singleturn|p1a: Corviknight|move: Roost\n|\n|-heal|p1a: Corviknight|97\/100|[from] item: Leftovers\n|-fieldend|move: Trick Room\n|upkeep\n|turn|16\n|c|\u2606twowhispers|chandelure corviknight is a good core to destroy my own core\n|\n|t:|1699703354\n|switch|p2a: lunatic shelly|Cresselia, F|100\/100\n|move|p1a: Corviknight|Bulk Up|p1a: Corviknight\n|-boost|p1a: Corviknight|atk|1\n|-boost|p1a: Corviknight|def|1\n|\n|-heal|p1a: Corviknight|100\/100|[from] item: Leftovers\n|upkeep\n|turn|17\n|c|\u2606Bar2D2|yh\n|\n|t:|1699703363\n|move|p1a: Corviknight|Brave Bird|p2a: lunatic shelly\n|-damage|p2a: lunatic shelly|63\/100\n|-damage|p1a: Corviknight|87\/100|[from] Recoil\n|move|p2a: lunatic shelly|Trick Room|p2a: lunatic shelly\n|-fieldstart|move: Trick Room|[of] p2a: lunatic shelly\n|\n|-heal|p1a: Corviknight|93\/100|[from] item: Leftovers\n|upkeep\n|turn|18\n|\n|t:|1699703373\n|switch|p2a: Shelly boy|Torkoal, M, shiny|50\/100\n|-weather|SunnyDay|[from] ability: Drought|[of] p2a: Shelly boy\n|move|p1a: Corviknight|Brave Bird|p2a: Shelly boy\n|-damage|p2a: Shelly boy|7\/100\n|-damage|p1a: Corviknight|80\/100|[from] Recoil\n|\n|-weather|SunnyDay|[upkeep]\n|-heal|p1a: Corviknight|86\/100|[from] item: Leftovers\n|upkeep\n|turn|19\n|c|\u2606Bar2D2|i dont usually like trick room teams in ou\n|\n|t:|1699703395\n|move|p2a: Shelly boy|Earth Power|p1a: Corviknight\n|-immune|p1a: Corviknight\n|move|p1a: Corviknight|Brave Bird|p2a: Shelly boy\n|-damage|p2a: Shelly boy|0 fnt\n|faint|p2a: Shelly boy\n|-damage|p1a: Corviknight|84\/100|[from] Recoil\n|\n|-weather|SunnyDay|[upkeep]\n|-heal|p1a: Corviknight|90\/100|[from] item: Leftovers\n|upkeep\n|\n|t:|1699703398\n|switch|p2a: pink shelly|Enamorus-Therian, F|81\/100\n|turn|20\n|\n|t:|1699703409\n|move|p2a: pink shelly|Mystical Fire|p1a: Corviknight\n|-supereffective|p1a: Corviknight\n|-damage|p1a: Corviknight|7\/100\n|-ability|p1a: Corviknight|Mirror Armor\n|-unboost|p2a: pink shelly|spa|1\n|-damage|p2a: pink shelly|71\/100|[from] item: Life Orb\n|move|p1a: Corviknight|Brave Bird|p2a: pink shelly\n|-damage|p2a: pink shelly|23\/100\n|-damage|p1a: Corviknight|0 fnt|[from] Recoil\n|faint|p1a: Corviknight\n|\n|-weather|SunnyDay|[upkeep]\n|upkeep\n|c|\u2606twowhispers|well, they allowed me to go really high tho\n|\n|t:|1699703423\n|switch|p1a: Samurott|Samurott-Hisui, M|100\/100\n|turn|21\n|\n|t:|1699703428\n|switch|p2a: rocky shell|Diancie, shiny|51\/100\n|move|p1a: Samurott|Aqua Jet|p2a: rocky shell\n|-supereffective|p2a: rocky shell\n|-damage|p2a: rocky shell|35\/100\n|\n|-weather|SunnyDay|[upkeep]\n|-heal|p2a: rocky shell|41\/100|[from] item: Leftovers\n|-fieldend|move: Trick Room\n|upkeep\n|turn|22\n|c|\u2606Bar2D2|no this is a good team\n|c|\u2606Bar2D2|i just cant use them\n|\n|t:|1699703443\n|switch|p1a: Torterra|Torterra, M|100\/100\n|move|p2a: rocky shell|Trick Room|p2a: rocky shell\n|-fieldstart|move: Trick Room|[of] p2a: rocky shell\n|\n|-weather|none\n|-heal|p2a: rocky shell|47\/100|[from] item: Leftovers\n|upkeep\n|turn|23\n|c|\u2606twowhispers|oh, I see :)\n|\n|t:|1699703455\n|-terastallize|p2a: rocky shell|Grass\n|move|p2a: rocky shell|Diamond Storm|p1a: Torterra\n|-resisted|p1a: Torterra\n|-damage|p1a: Torterra|82\/100\n|-boost|p2a: rocky shell|def|2\n|move|p1a: Torterra|Rock Blast|p2a: rocky shell\n|-damage|p2a: rocky shell|45\/100\n|-damage|p2a: rocky shell|42\/100\n|-damage|p2a: rocky shell|39\/100\n|-damage|p2a: rocky shell|36\/100\n|-hitcount|p2a: rocky shell|4\n|\n|-heal|p2a: rocky shell|42\/100|[from] item: Leftovers\n|upkeep\n|turn|24\n|c|\u2606Bar2D2|i feel annoyed every time i need to set up trcik room\n|c|\u2606twowhispers|annoyed? Why? :o\n|c|\u2606Bar2D2|u need to set it up too many times\n|c|\u2606twowhispers|hm, I see\n|\n|t:|1699703509\n|switch|p1a: Dragapult|Dragapult, F|100\/100\n|move|p2a: rocky shell|Diamond Storm|p1a: Dragapult|[miss]\n|-miss|p2a: rocky shell|p1a: Dragapult\n|\n|-heal|p2a: rocky shell|49\/100|[from] item: Leftovers\n|upkeep\n|turn|25\n|c|\u2606twowhispers|Well, if the opponent doesn't have flash fire, torkoal can just tera fire\/Eruption\n|\n|t:|1699703520\n|move|p2a: rocky shell|Diamond Storm|p1a: Dragapult\n|-damage|p1a: Dragapult|51\/100\n|move|p1a: Dragapult|Will-O-Wisp|p2a: rocky shell|[miss]\n|-miss|p1a: Dragapult|p2a: rocky shell\n|\n|-heal|p2a: rocky shell|55\/100|[from] item: Leftovers\n|upkeep\n|turn|26\n|c|\u2606twowhispers|oh, I missed\n|c|\u2606Bar2D2|same lmao\n|\n|t:|1699703537\n|switch|p1a: Torterra|Torterra, M|82\/100\n|move|p2a: rocky shell|Encore||[still]\n|-fail|p2a: rocky shell\n|\n|-heal|p2a: rocky shell|61\/100|[from] item: Leftovers\n|-fieldend|move: Trick Room\n|upkeep\n|turn|27\n|\n|t:|1699703544\n|move|p1a: Torterra|Shell Smash|p1a: Torterra\n|-unboost|p1a: Torterra|def|1\n|-unboost|p1a: Torterra|spd|1\n|-boost|p1a: Torterra|atk|2\n|-boost|p1a: Torterra|spa|2\n|-boost|p1a: Torterra|spe|2\n|move|p2a: rocky shell|Trick Room|p2a: rocky shell\n|-fieldstart|move: Trick Room|[of] p2a: rocky shell\n|\n|-heal|p2a: rocky shell|67\/100|[from] item: Leftovers\n|upkeep\n|turn|28\n|c|\u2606twowhispers|uh\n|\n|t:|1699703554\n|move|p2a: rocky shell|Encore|p1a: Torterra\n|-start|p1a: Torterra|Encore\n|move|p1a: Torterra|Shell Smash|p1a: Torterra\n|-unboost|p1a: Torterra|def|1\n|-unboost|p1a: Torterra|spd|1\n|-boost|p1a: Torterra|atk|2\n|-boost|p1a: Torterra|spa|2\n|-boost|p1a: Torterra|spe|2\n|\n|-heal|p2a: rocky shell|74\/100|[from] item: Leftovers\n|upkeep\n|turn|29\n|c|\u2606Bar2D2|idk why i did that\n|c|\u2606twowhispers|same lmao\n|\n|t:|1699703570\n|switch|p1a: Iron Valiant|Iron Valiant|100\/100\n|-enditem|p1a: Iron Valiant|Booster Energy\n|-activate|p1a: Iron Valiant|ability: Quark Drive|[fromitem]\n|-start|p1a: Iron Valiant|quarkdrivespe\n|move|p2a: rocky shell|Diamond Storm|p1a: Iron Valiant\n|-resisted|p1a: Iron Valiant\n|-damage|p1a: Iron Valiant|79\/100\n|-boost|p2a: rocky shell|def|2\n|\n|-heal|p2a: rocky shell|80\/100|[from] item: Leftovers\n|upkeep\n|turn|30\n|\n|t:|1699703585\n|move|p2a: rocky shell|Body Press|p1a: Iron Valiant\n|-resisted|p1a: Iron Valiant\n|-damage|p1a: Iron Valiant|16\/100\n|move|p1a: Iron Valiant|Knock Off|p2a: rocky shell\n|-damage|p2a: rocky shell|73\/100\n|-enditem|p2a: rocky shell|Leftovers|[from] move: Knock Off|[of] p1a: Iron Valiant\n|\n|upkeep\n|turn|31\n|\n|t:|1699703595\n|-end|p1a: Iron Valiant|Quark Drive|[silent]\n|switch|p1a: Chandelure|Chandelure, M|100\/100\n|move|p2a: rocky shell|Encore||[still]\n|-fail|p2a: rocky shell\n|\n|-fieldend|move: Trick Room\n|upkeep\n|turn|32\n|\n|t:|1699703605\n|switch|p2a: pink shelly|Enamorus-Therian, F|23\/100\n|move|p1a: Chandelure|Flamethrower|p2a: pink shelly\n|-damage|p2a: pink shelly|0 fnt\n|faint|p2a: pink shelly\n|\n|upkeep\n|\n|t:|1699703607\n|switch|p2a: lunatic shelly|Cresselia, F|63\/100\n|turn|33\n|\n|t:|1699703613\n|move|p1a: Chandelure|Flamethrower|p2a: lunatic shelly\n|-damage|p2a: lunatic shelly|37\/100\n|move|p2a: lunatic shelly|Trick Room|p2a: lunatic shelly\n|-fieldstart|move: Trick Room|[of] p2a: lunatic shelly\n|\n|upkeep\n|turn|34\n|\n|t:|1699703620\n|switch|p1a: Samurott|Samurott-Hisui, M|100\/100\n|move|p2a: lunatic shelly|Lunar Dance|p2a: lunatic shelly\n|faint|p2a: lunatic shelly\n|\n|upkeep\n|c|\u2606Bar2D2|this is really hard to break through\n|\n|t:|1699703632\n|switch|p2a: dark sasuk-shelly|Kingambit, M|100\/100\n|-activate|p2a: dark sasuk-shelly|ability: Supreme Overlord\n|-start|p2a: dark sasuk-shelly|fallen4|[silent]\n|turn|35\n|\n|t:|1699703637\n|-terastallize|p1a: Samurott|Fighting\n|move|p2a: dark sasuk-shelly|Low Kick|p1a: Samurott\n|-damage|p1a: Samurott|33\/100\n|-damage|p2a: dark sasuk-shelly|91\/100|[from] item: Life Orb\n|move|p1a: Samurott|Sacred Sword|p2a: dark sasuk-shelly\n|-supereffective|p2a: dark sasuk-shelly\n|-damage|p2a: dark sasuk-shelly|0 fnt\n|faint|p2a: dark sasuk-shelly\n|-end|p2a: dark sasuk-shelly|fallen4|[silent]\n|\n|upkeep\n|\n|t:|1699703641\n|switch|p2a: rocky shell|Diancie, shiny, tera:Grass|73\/100\n|-heal|p2a: rocky shell|100\/100|[from] move: Lunar Dance\n|turn|36\n|\n|t:|1699703654\n|move|p2a: rocky shell|Diamond Storm|p1a: Samurott\n|-resisted|p1a: Samurott\n|-damage|p1a: Samurott|9\/100\n|-boost|p2a: rocky shell|def|2\n|move|p1a: Samurott|Sacred Sword|p2a: rocky shell\n|-damage|p2a: rocky shell|43\/100\n|\n|upkeep\n|turn|37\n|c|\u2606twowhispers|it's gg :)\n|\n|t:|1699703661\n|move|p2a: rocky shell|Body Press|p1a: Samurott\n|-damage|p1a: Samurott|0 fnt\n|faint|p1a: Samurott\n|\n|-fieldend|move: Trick Room\n|upkeep\n|c|\u2606twowhispers|well played.\n|\n|t:|1699703666\n|switch|p1a: Chandelure|Chandelure, M|100\/100\n|turn|38\n|\n|t:|1699703668\n|move|p1a: Chandelure|Flamethrower|p2a: rocky shell\n|-supereffective|p2a: rocky shell\n|-damage|p2a: rocky shell|0 fnt\n|faint|p2a: rocky shell\n|\n|win|Bar2D2\n|c|\u2606Bar2D2|gg\n|c|\u2606Bar2D2|that was a good match\n|c|\u2606twowhispers|my big issue was this chandelure\n|c|\u2606Bar2D2|yh for me it was the diancie\n","uploadtime":1699703696,"views":17,"p1id":"bar2d2","p2id":"twowhispers","formatid":"gen9ou","rating":0,"private":0,"password":""}