{"id":"gen9ou-1995874655","p1":"moope","p2":"BigDaddy28","format":"[Gen 9] OU","log":"|j|\u2606moope\n|j|\u2606BigDaddy28\n|t:|1700612285\n|gametype|singles\n|player|p1|moope|iono|1557\n|player|p2|BigDaddy28|policeman-gen4|1494\n|teamsize|p1|6\n|teamsize|p2|6\n|gen|9\n|tier|[Gen 9] OU\n|rated|\n|rule|Sleep Clause Mod: Limit one foe put to sleep\n|rule|Species Clause: Limit one of each Pok\u00e9mon\n|rule|OHKO Clause: OHKO moves are banned\n|rule|Evasion Items Clause: Evasion items are banned\n|rule|Evasion Moves Clause: Evasion moves are banned\n|rule|Endless Battle Clause: Forcing endless battles is banned\n|rule|HP Percentage Mod: HP is shown in percentages\n|clearpoke\n|poke|p1|Polteageist|\n|poke|p1|Maushold|\n|poke|p1|Indeedee-F, F|\n|poke|p1|Hawlucha, M|\n|poke|p1|Heatran, M|\n|poke|p1|Weavile, M|\n|poke|p2|Quaquaval, F|\n|poke|p2|Sandy Shocks|\n|poke|p2|Ceruledge, F|\n|poke|p2|Amoonguss, M|\n|poke|p2|Glimmora, F|\n|poke|p2|Scizor, M|\n|teampreview\n|\n|t:|1700612294\n|start\n|switch|p1a: Maushold|Maushold|100\/100\n|switch|p2a: Glimmora|Glimmora, F|100\/100\n|-item|p2a: Glimmora|Air Balloon\n|turn|1\n|\n|t:|1700612311\n|switch|p2a: Scizor|Scizor, M|100\/100\n|move|p1a: Maushold|Tidy Up|p1a: Maushold\n|-boost|p1a: Maushold|atk|1\n|-boost|p1a: Maushold|spe|1\n|\n|upkeep\n|turn|2\n|\n|t:|1700612321\n|move|p1a: Maushold|Population Bomb|p2a: Scizor\n|-resisted|p2a: Scizor\n|-damage|p2a: Scizor|92\/100\n|-resisted|p2a: Scizor\n|-damage|p2a: Scizor|84\/100\n|-resisted|p2a: Scizor\n|-damage|p2a: Scizor|76\/100\n|-resisted|p2a: Scizor\n|-damage|p2a: Scizor|68\/100\n|-resisted|p2a: Scizor\n|-damage|p2a: Scizor|60\/100\n|-resisted|p2a: Scizor\n|-damage|p2a: Scizor|52\/100\n|-resisted|p2a: Scizor\n|-damage|p2a: Scizor|44\/100\n|-resisted|p2a: Scizor\n|-damage|p2a: Scizor|35\/100\n|-resisted|p2a: Scizor\n|-damage|p2a: Scizor|28\/100\n|-resisted|p2a: Scizor\n|-damage|p2a: Scizor|20\/100\n|-hitcount|p2a: Scizor|10\n|move|p2a: Scizor|Brick Break|p1a: Maushold\n|-supereffective|p1a: Maushold\n|-damage|p1a: Maushold|7\/100\n|\n|upkeep\n|turn|3\n|inactive|Battle timer is ON: inactive players will automatically lose when time's up. (requested by moope)\n|\n|t:|1700612342\n|switch|p1a: Indeedee|Indeedee-F, F|100\/100\n|-fieldstart|move: Psychic Terrain|[from] ability: Psychic Surge|[of] p1a: Indeedee\n|move|p2a: Scizor|Bullet Punch|p1a: Indeedee\n|-activate|p1a: Indeedee|move: Psychic Terrain\n|\n|upkeep\n|turn|4\n|\n|t:|1700612351\n|switch|p1a: Hawlucha|Hawlucha, M|100\/100\n|-enditem|p1a: Hawlucha|Psychic Seed\n|-boost|p1a: Hawlucha|spd|1|[from] item: Psychic Seed\n|move|p2a: Scizor|Knock Off|p1a: Hawlucha\n|-resisted|p1a: Hawlucha\n|-damage|p1a: Hawlucha|83\/100\n|\n|upkeep\n|turn|5\n|\n|t:|1700612361\n|move|p1a: Hawlucha|Close Combat|p2a: Scizor\n|-damage|p2a: Scizor|0 fnt\n|-unboost|p1a: Hawlucha|def|1\n|-unboost|p1a: Hawlucha|spd|1\n|faint|p2a: Scizor\n|\n|upkeep\n|\n|t:|1700612384\n|switch|p2a: Sandy Shocks|Sandy Shocks|100\/100\n|turn|6\n|\n|t:|1700612394\n|move|p1a: Hawlucha|Close Combat|p2a: Sandy Shocks\n|-damage|p2a: Sandy Shocks|41\/100\n|-unboost|p1a: Hawlucha|def|1\n|-unboost|p1a: Hawlucha|spd|1\n|move|p2a: Sandy Shocks|Volt Switch|p1a: Hawlucha\n|-supereffective|p1a: Hawlucha\n|-damage|p1a: Hawlucha|0 fnt\n|faint|p1a: Hawlucha\n|\n|t:|1700612407\n|-end|p2a: Sandy Shocks|Protosynthesis|[silent]\n|switch|p2a: Glimmora|Glimmora, F|100\/100|[from] Volt Switch\n|-item|p2a: Glimmora|Air Balloon\n|\n|upkeep\n|\n|t:|1700612429\n|switch|p1a: Maushold|Maushold|7\/100\n|turn|7\n|inactive|BigDaddy28 has 120 seconds left.\n|\n|t:|1700612474\n|move|p1a: Maushold|Population Bomb|p2a: Glimmora\n|-resisted|p2a: Glimmora\n|-damage|p2a: Glimmora|95\/100\n|-enditem|p2a: Glimmora|Air Balloon\n|-resisted|p2a: Glimmora\n|-damage|p2a: Glimmora|89\/100\n|-resisted|p2a: Glimmora\n|-damage|p2a: Glimmora|83\/100\n|-resisted|p2a: Glimmora\n|-damage|p2a: Glimmora|78\/100\n|-resisted|p2a: Glimmora\n|-damage|p2a: Glimmora|72\/100\n|-resisted|p2a: Glimmora\n|-damage|p2a: Glimmora|67\/100\n|-resisted|p2a: Glimmora\n|-damage|p2a: Glimmora|62\/100\n|-resisted|p2a: Glimmora\n|-damage|p2a: Glimmora|56\/100\n|-resisted|p2a: Glimmora\n|-damage|p2a: Glimmora|51\/100\n|-resisted|p2a: Glimmora\n|-damage|p2a: Glimmora|45\/100\n|-hitcount|p2a: Glimmora|10\n|move|p2a: Glimmora|Stealth Rock|p1a: Maushold\n|-sidestart|p1: moope|move: Stealth Rock\n|\n|upkeep\n|turn|8\n|\n|t:|1700612495\n|switch|p2a: Ceruledge|Ceruledge, F|100\/100\n|move|p1a: Maushold|Encore||[still]\n|-fail|p1a: Maushold\n|\n|upkeep\n|turn|9\n|\n|t:|1700612506\n|move|p1a: Maushold|Tidy Up|p1a: Maushold\n|-sideend|p1: moope|Stealth Rock\n|-activate|p1a: Maushold|move: Tidy Up\n|-boost|p1a: Maushold|atk|1\n|-boost|p1a: Maushold|spe|1\n|move|p2a: Ceruledge|Bitter Blade|p1a: Maushold\n|-damage|p1a: Maushold|0 fnt\n|faint|p1a: Maushold\n|\n|upkeep\n|\n|t:|1700612513\n|switch|p1a: Weavile|Weavile, M|100\/100\n|-enditem|p1a: Weavile|Psychic Seed\n|-boost|p1a: Weavile|spd|1|[from] item: Psychic Seed\n|turn|10\n|inactive|BigDaddy28 has 90 seconds left.\n|\n|t:|1700612558\n|move|p1a: Weavile|Knock Off|p2a: Ceruledge\n|-supereffective|p2a: Ceruledge\n|-damage|p2a: Ceruledge|0 fnt\n|-enditem|p2a: Ceruledge|Heavy-Duty Boots|[from] move: Knock Off|[of] p1a: Weavile\n|faint|p2a: Ceruledge\n|\n|-fieldend|move: Psychic Terrain\n|upkeep\n|\n|t:|1700612568\n|switch|p2a: Quaquaval|Quaquaval, F|100\/100\n|turn|11\n|\n|t:|1700612574\n|move|p1a: Weavile|Swords Dance|p1a: Weavile\n|-boost|p1a: Weavile|atk|2\n|move|p2a: Quaquaval|Aqua Step|p1a: Weavile\n|-damage|p1a: Weavile|36\/100\n|-boost|p2a: Quaquaval|spe|1\n|-enditem|p2a: Quaquaval|Focus Sash|[silent]|[from] ability: Pickpocket|[of] p2a: Quaquaval\n|-item|p1a: Weavile|Focus Sash|[from] ability: Pickpocket|[of] p2a: Quaquaval\n|\n|upkeep\n|turn|12\n|\n|t:|1700612588\n|-terastallize|p2a: Quaquaval|Water\n|move|p2a: Quaquaval|Aqua Jet|p1a: Weavile\n|-damage|p1a: Weavile|0 fnt\n|faint|p1a: Weavile\n|-ability|p2a: Quaquaval|Moxie|boost\n|-boost|p2a: Quaquaval|atk|1\n|\n|upkeep\n|\n|t:|1700612595\n|switch|p1a: Indeedee|Indeedee-F, F|100\/100\n|-fieldstart|move: Psychic Terrain|[from] ability: Psychic Surge|[of] p1a: Indeedee\n|turn|13\n|\n|t:|1700612600\n|move|p2a: Quaquaval|Close Combat|p1a: Indeedee\n|-damage|p1a: Indeedee|0 fnt\n|-unboost|p2a: Quaquaval|def|1\n|-unboost|p2a: Quaquaval|spd|1\n|faint|p1a: Indeedee\n|-ability|p2a: Quaquaval|Moxie|boost\n|-boost|p2a: Quaquaval|atk|1\n|\n|upkeep\n|\n|t:|1700612602\n|switch|p1a: Polteageist|Polteageist|100\/100\n|turn|14\n|\n|t:|1700612610\n|move|p2a: Quaquaval|Aqua Step|p1a: Polteageist\n|-enditem|p1a: Polteageist|Focus Sash\n|-damage|p1a: Polteageist|1\/100\n|-boost|p2a: Quaquaval|spe|1\n|-ability|p1a: Polteageist|Weak Armor|boost\n|-unboost|p1a: Polteageist|def|1\n|-boost|p1a: Polteageist|spe|2\n|move|p1a: Polteageist|Shell Smash|p1a: Polteageist\n|-unboost|p1a: Polteageist|def|1\n|-unboost|p1a: Polteageist|spd|1\n|-boost|p1a: Polteageist|atk|2\n|-boost|p1a: Polteageist|spa|2\n|-boost|p1a: Polteageist|spe|2\n|\n|upkeep\n|turn|15\n|\n|t:|1700612623\n|move|p1a: Polteageist|Stored Power|p2a: Quaquaval\n|-damage|p2a: Quaquaval|0 fnt\n|faint|p2a: Quaquaval\n|\n|upkeep\n|inactive|BigDaddy28 has 90 seconds left.\n|inactive|BigDaddy28 has 60 seconds left.\n|\n|t:|1700612678\n|switch|p2a: Amoonguss|Amoonguss, M|100\/100\n|turn|16\n|\n|t:|1700612684\n|move|p1a: Polteageist|Stored Power|p2a: Amoonguss\n|-supereffective|p2a: Amoonguss\n|-damage|p2a: Amoonguss|0 fnt\n|faint|p2a: Amoonguss\n|\n|upkeep\n|c|\u2606moope|gg\n|c|\u2606BigDaddy28|My focus sash?\n|inactive|BigDaddy28 has 30 seconds left.\n|c|\u2606BigDaddy28|In quaquabal\n|\n|t:|1700612717\n|switch|p2a: Glimmora|Glimmora, F|45\/100\n|turn|17\n|inactive|BigDaddy28 has 30 seconds left.\n|c|\u2606moope|pickpocket\n|c|\u2606moope|lol\n|\n|t:|1700612729\n|move|p1a: Polteageist|Stored Power|p2a: Glimmora\n|-supereffective|p2a: Glimmora\n|-damage|p2a: Glimmora|0 fnt\n|faint|p2a: Glimmora\n|\n|upkeep\n|inactive|BigDaddy28 has 30 seconds left.\n|c|\u2606BigDaddy28|How\n|c|\u2606BigDaddy28|Wtd\n|c|\u2606BigDaddy28|Qtf\n|inactive|BigDaddy28 has 20 seconds left.\n|c|\u2606moope|pickpocket\n|c|\u2606BigDaddy28|Wtf\n|inactive|BigDaddy28 has 15 seconds left.\n|c|\u2606BigDaddy28|How\n|\n|t:|1700612752\n|switch|p2a: Sandy Shocks|Sandy Shocks|41\/100\n|turn|18\n|inactive|BigDaddy28 has 25 seconds left this turn.\n|inactive|BigDaddy28 has 20 seconds left.\n|c|\u2606moope|weavile\n|inactive|BigDaddy28 has 15 seconds left.\n|inactive|BigDaddy28 has 10 seconds left.\n|c|\u2606moope|she took it\n|inactive|BigDaddy28 has 5 seconds left.\n|\n|t:|1700612775\n|move|p1a: Polteageist|Stored Power|p2a: Sandy Shocks\n|-damage|p2a: Sandy Shocks|0 fnt\n|faint|p2a: Sandy Shocks\n|-end|p2a: Sandy Shocks|Protosynthesis|[silent]\n|\n|win|moope\n|inactive|BigDaddy28 has 10 seconds left this turn.\n|raw|moope's rating: 1557 &rarr; <strong>1573<\/strong><br \/>(+16 for winning)\n|raw|BigDaddy28's rating: 1494 &rarr; <strong>1478<\/strong><br \/>(-16 for losing)\n|c|\u2606BigDaddy28|Omg\n|c|\u2606moope|LOL I DIDNT EVEN REALIZE\n","uploadtime":1700612781,"views":22,"p1id":"moope","p2id":"bigdaddy28","formatid":"gen9ou","rating":1478,"private":0,"password":""}