{"id":"gen9ou-1997474652","p1":"Skaraptor2.1","p2":"Xstarwars70","format":"[Gen 9] OU","log":"|j|\u2606Skaraptor2.1\n|j|\u2606Xstarwars70\n|t:|1700811766\n|gametype|singles\n|player|p1|Skaraptor2.1|bodybuilderf-gen9|1395\n|player|p2|Xstarwars70|hugh|1435\n|teamsize|p1|6\n|teamsize|p2|6\n|gen|9\n|tier|[Gen 9] OU\n|rated|\n|rule|Sleep Clause Mod: Limit one foe put to sleep\n|rule|Species Clause: Limit one of each Pok\u00e9mon\n|rule|OHKO Clause: OHKO moves are banned\n|rule|Evasion Items Clause: Evasion items are banned\n|rule|Evasion Moves Clause: Evasion moves are banned\n|rule|Endless Battle Clause: Forcing endless battles is banned\n|rule|HP Percentage Mod: HP is shown in percentages\n|clearpoke\n|poke|p1|Ribombee, M|\n|poke|p1|Ogerpon-Wellspring, F|\n|poke|p1|Great Tusk|\n|poke|p1|Zamazenta-*|\n|poke|p1|Iron Valiant|\n|poke|p1|Kingambit, F|\n|poke|p2|Dragonite, M|\n|poke|p2|Great Tusk|\n|poke|p2|Gholdengo|\n|poke|p2|Iron Valiant|\n|poke|p2|Kingambit, F|\n|poke|p2|Samurott-Hisui, F|\n|teampreview\n|inactive|Battle timer is ON: inactive players will automatically lose when time's up. (requested by Xstarwars70)\n|inactive|Skaraptor2.1 also wants the timer to be on.\n|\n|t:|1700811771\n|start\n|switch|p1a: Transfem|Ogerpon-Wellspring, F|100\/100\n|switch|p2a: Samurott|Samurott-Hisui, F|100\/100\n|turn|1\n|\n|t:|1700811778\n|move|p1a: Transfem|Horn Leech|p2a: Samurott\n|-supereffective|p2a: Samurott\n|-enditem|p2a: Samurott|Focus Sash\n|-damage|p2a: Samurott|1\/100\n|move|p2a: Samurott|Ceaseless Edge|p1a: Transfem\n|-damage|p1a: Transfem|43\/100\n|-sidestart|p1: Skaraptor2.1|Spikes\n|\n|upkeep\n|turn|2\n|\n|t:|1700811790\n|move|p1a: Transfem|Horn Leech|p2a: Samurott\n|-supereffective|p2a: Samurott\n|-damage|p2a: Samurott|0 fnt\n|-heal|p1a: Transfem|43\/100|[from] drain|[of] p2a: Samurott\n|faint|p2a: Samurott\n|\n|upkeep\n|\n|t:|1700811800\n|switch|p2a: Dragonite|Dragonite, M|100\/100\n|turn|3\n|\n|t:|1700811809\n|move|p1a: Transfem|Knock Off|p2a: Dragonite\n|-crit|p2a: Dragonite\n|-damage|p2a: Dragonite|67\/100\n|-enditem|p2a: Dragonite|Heavy-Duty Boots|[from] move: Knock Off|[of] p1a: Transfem\n|move|p2a: Dragonite|Dragon Dance|p2a: Dragonite\n|-boost|p2a: Dragonite|atk|1\n|-boost|p2a: Dragonite|spe|1\n|\n|upkeep\n|turn|4\n|\n|t:|1700811818\n|move|p2a: Dragonite|Roost|p2a: Dragonite\n|-heal|p2a: Dragonite|100\/100\n|-singleturn|p2a: Dragonite|move: Roost\n|move|p1a: Transfem|Ivy Cudgel|p2a: Dragonite|[anim] Ivy Cudgel Water\n|-resisted|p2a: Dragonite\n|-damage|p2a: Dragonite|85\/100\n|\n|upkeep\n|turn|5\n|\n|t:|1700811827\n|move|p2a: Dragonite|Dragon Dance|p2a: Dragonite\n|-boost|p2a: Dragonite|atk|1\n|-boost|p2a: Dragonite|spe|1\n|move|p1a: Transfem|Knock Off|p2a: Dragonite\n|-damage|p2a: Dragonite|58\/100\n|\n|upkeep\n|turn|6\n|\n|t:|1700811834\n|switch|p1a: Defender of Trans|Zamazenta, shiny|100\/100\n|-damage|p1a: Defender of Trans|88\/100|[from] Spikes\n|-ability|p1a: Defender of Trans|Dauntless Shield|boost\n|-boost|p1a: Defender of Trans|def|1\n|move|p2a: Dragonite|Roost|p2a: Dragonite\n|-heal|p2a: Dragonite|100\/100\n|-singleturn|p2a: Dragonite|move: Roost\n|\n|-heal|p1a: Defender of Trans|94\/100|[from] item: Leftovers\n|upkeep\n|turn|7\n|\n|t:|1700811845\n|move|p2a: Dragonite|Earthquake|p1a: Defender of Trans\n|-damage|p1a: Defender of Trans|58\/100\n|move|p1a: Defender of Trans|Iron Defense|p1a: Defender of Trans\n|-boost|p1a: Defender of Trans|def|2\n|\n|-heal|p1a: Defender of Trans|64\/100|[from] item: Leftovers\n|upkeep\n|turn|8\n|\n|t:|1700811854\n|move|p2a: Dragonite|Dragon Dance|p2a: Dragonite\n|-boost|p2a: Dragonite|atk|1\n|-boost|p2a: Dragonite|spe|1\n|move|p1a: Defender of Trans|Iron Defense|p1a: Defender of Trans\n|-boost|p1a: Defender of Trans|def|2\n|\n|-heal|p1a: Defender of Trans|71\/100|[from] item: Leftovers\n|upkeep\n|turn|9\n|\n|t:|1700811868\n|switch|p2a: Iron Valiant|Iron Valiant|100\/100\n|-enditem|p2a: Iron Valiant|Booster Energy\n|-activate|p2a: Iron Valiant|ability: Quark Drive|[fromitem]\n|-start|p2a: Iron Valiant|quarkdrivespe\n|move|p1a: Defender of Trans|Body Press|p2a: Iron Valiant\n|-resisted|p2a: Iron Valiant\n|-damage|p2a: Iron Valiant|13\/100\n|\n|-heal|p1a: Defender of Trans|77\/100|[from] item: Leftovers\n|upkeep\n|turn|10\n|\n|t:|1700811889\n|-terastallize|p1a: Defender of Trans|Fire\n|move|p2a: Iron Valiant|Moonblast|p1a: Defender of Trans\n|-resisted|p1a: Defender of Trans\n|-damage|p1a: Defender of Trans|58\/100\n|move|p1a: Defender of Trans|Heavy Slam|p2a: Iron Valiant\n|-supereffective|p2a: Iron Valiant\n|-damage|p2a: Iron Valiant|0 fnt\n|faint|p2a: Iron Valiant\n|-end|p2a: Iron Valiant|Quark Drive|[silent]\n|\n|-heal|p1a: Defender of Trans|64\/100|[from] item: Leftovers\n|upkeep\n|\n|t:|1700811902\n|switch|p2a: Gholdengo|Gholdengo|100\/100\n|turn|11\n|c|\u2606Skaraptor2.1|Fun fact\n|c|\u2606Skaraptor2.1|that tera type was chosen to fuck over Skeledirge and Cinderace\n|c|\u2606Skaraptor2.1|not even going for the fairies but its just convenient\n|\n|t:|1700811921\n|move|p1a: Defender of Trans|Crunch|p2a: Gholdengo\n|-supereffective|p2a: Gholdengo\n|-damage|p2a: Gholdengo|53\/100\n|move|p2a: Gholdengo|Nasty Plot|p2a: Gholdengo\n|-boost|p2a: Gholdengo|spa|2\n|\n|-heal|p1a: Defender of Trans|70\/100|[from] item: Leftovers\n|upkeep\n|turn|12\n|\n|t:|1700811936\n|switch|p1a: Transfem|Ogerpon-Wellspring, F|43\/100\n|-damage|p1a: Transfem|31\/100|[from] Spikes\n|move|p2a: Gholdengo|Shadow Ball|p1a: Transfem\n|-damage|p1a: Transfem|0 fnt\n|faint|p1a: Transfem\n|\n|upkeep\n|\n|t:|1700811941\n|switch|p1a: Raging Queer|Great Tusk|100\/100\n|turn|13\n|\n|t:|1700811969\n|switch|p2a: Dragonite|Dragonite, M|100\/100\n|move|p1a: Raging Queer|Knock Off|p2a: Dragonite\n|-damage|p2a: Dragonite|88\/100\n|\n|upkeep\n|turn|14\n|\n|t:|1700811980\n|move|p1a: Raging Queer|Rapid Spin|p2a: Dragonite\n|-damage|p2a: Dragonite|68\/100\n|-boost|p1a: Raging Queer|spe|1\n|-sideend|p1: Skaraptor2.1|Spikes|[from] move: Rapid Spin|[of] p1a: Raging Queer\n|move|p2a: Dragonite|Dragon Dance|p2a: Dragonite\n|-boost|p2a: Dragonite|atk|1\n|-boost|p2a: Dragonite|spe|1\n|\n|upkeep\n|turn|15\n|\n|t:|1700811987\n|move|p1a: Raging Queer|Taunt|p2a: Dragonite\n|-start|p2a: Dragonite|move: Taunt\n|cant|p2a: Dragonite|move: Taunt|Roost\n|\n|upkeep\n|turn|16\n|\n|t:|1700811997\n|move|p1a: Raging Queer|Rapid Spin|p2a: Dragonite\n|-damage|p2a: Dragonite|49\/100\n|-boost|p1a: Raging Queer|spe|1\n|move|p2a: Dragonite|Earthquake|p1a: Raging Queer\n|-damage|p1a: Raging Queer|57\/100\n|\n|upkeep\n|turn|17\n|\n|t:|1700812005\n|move|p1a: Raging Queer|Rapid Spin|p2a: Dragonite\n|-damage|p2a: Dragonite|32\/100\n|-boost|p1a: Raging Queer|spe|1\n|move|p2a: Dragonite|Earthquake|p1a: Raging Queer\n|-damage|p1a: Raging Queer|18\/100\n|\n|-end|p2a: Dragonite|move: Taunt\n|upkeep\n|turn|18\n|\n|t:|1700812014\n|move|p2a: Dragonite|Extreme Speed|p1a: Raging Queer\n|-damage|p1a: Raging Queer|0 fnt\n|faint|p1a: Raging Queer\n|-end|p1a: Raging Queer|Protosynthesis|[silent]\n|\n|upkeep\n|\n|t:|1700812021\n|switch|p1a: Bigender|Iron Valiant|100\/100\n|-enditem|p1a: Bigender|Booster Energy\n|-activate|p1a: Bigender|ability: Quark Drive|[fromitem]\n|-start|p1a: Bigender|quarkdrivespe\n|turn|19\n|\n|t:|1700812026\n|-terastallize|p2a: Dragonite|Normal\n|move|p2a: Dragonite|Extreme Speed|p1a: Bigender\n|-damage|p1a: Bigender|5\/100\n|move|p1a: Bigender|Moonblast|p2a: Dragonite\n|-damage|p2a: Dragonite|0 fnt\n|faint|p2a: Dragonite\n|\n|upkeep\n|\n|t:|1700812043\n|switch|p2a: Gholdengo|Gholdengo|53\/100\n|turn|20\n|\n|t:|1700812049\n|move|p1a: Bigender|Moonblast|p2a: Gholdengo\n|-resisted|p2a: Gholdengo\n|-damage|p2a: Gholdengo|26\/100\n|move|p2a: Gholdengo|Recover|p2a: Gholdengo\n|-heal|p2a: Gholdengo|76\/100\n|\n|upkeep\n|turn|21\n|\n|t:|1700812056\n|move|p1a: Bigender|Moonblast|p2a: Gholdengo\n|-resisted|p2a: Gholdengo\n|-damage|p2a: Gholdengo|49\/100\n|move|p2a: Gholdengo|Recover|p2a: Gholdengo\n|-heal|p2a: Gholdengo|99\/100\n|\n|upkeep\n|turn|22\n|\n|t:|1700812063\n|move|p1a: Bigender|Moonblast|p2a: Gholdengo\n|-resisted|p2a: Gholdengo\n|-crit|p2a: Gholdengo\n|-damage|p2a: Gholdengo|61\/100\n|move|p2a: Gholdengo|Shadow Ball|p1a: Bigender\n|-damage|p1a: Bigender|0 fnt\n|faint|p1a: Bigender\n|-end|p1a: Bigender|Quark Drive|[silent]\n|\n|upkeep\n|\n|t:|1700812068\n|switch|p1a: Queengambit|Kingambit, F|100\/100\n|-activate|p1a: Queengambit|ability: Supreme Overlord\n|-start|p1a: Queengambit|fallen3|[silent]\n|turn|23\n|\n|t:|1700812076\n|switch|p2a: Great Tusk|Great Tusk|100\/100\n|move|p1a: Queengambit|Iron Head|p2a: Great Tusk\n|-damage|p2a: Great Tusk|59\/100\n|\n|upkeep\n|turn|24\n|\n|t:|1700812086\n|-end|p1a: Queengambit|fallen3|[silent]\n|switch|p1a: Twink|Ribombee, M|100\/100\n|move|p2a: Great Tusk|Headlong Rush|p1a: Twink\n|-resisted|p1a: Twink\n|-damage|p1a: Twink|54\/100\n|-unboost|p2a: Great Tusk|def|1\n|-unboost|p2a: Great Tusk|spd|1\n|\n|upkeep\n|turn|25\n|\n|t:|1700812110\n|-end|p2a: Great Tusk|Protosynthesis|[silent]\n|switch|p2a: Gholdengo|Gholdengo|61\/100\n|move|p1a: Twink|Moonblast|p2a: Gholdengo\n|-resisted|p2a: Gholdengo\n|-damage|p2a: Gholdengo|43\/100\n|\n|upkeep\n|turn|26\n|j| OuterDreams\n|\n|t:|1700812117\n|move|p1a: Twink|Sticky Web|p2a: Gholdengo\n|-sidestart|p2: Xstarwars70|move: Sticky Web\n|move|p2a: Gholdengo|Recover|p2a: Gholdengo\n|-heal|p2a: Gholdengo|94\/100\n|\n|upkeep\n|turn|27\n|inactive|Skaraptor2.1 has 120 seconds left.\n|\n|t:|1700812158\n|move|p1a: Twink|Moonblast|p2a: Gholdengo\n|-resisted|p2a: Gholdengo\n|-damage|p2a: Gholdengo|74\/100\n|move|p2a: Gholdengo|Make It Rain|p1a: Twink\n|-supereffective|p1a: Twink\n|-damage|p1a: Twink|0 fnt\n|-unboost|p2a: Gholdengo|spa|1\n|faint|p1a: Twink\n|\n|upkeep\n|\n|t:|1700812163\n|switch|p1a: Queengambit|Kingambit, F|100\/100\n|-activate|p1a: Queengambit|ability: Supreme Overlord\n|-start|p1a: Queengambit|fallen4|[silent]\n|turn|28\n|\n|t:|1700812173\n|move|p2a: Gholdengo|Shadow Ball|p1a: Queengambit\n|-resisted|p1a: Queengambit\n|-damage|p1a: Queengambit|87\/100\n|move|p1a: Queengambit|Iron Head|p2a: Gholdengo\n|-resisted|p2a: Gholdengo\n|-damage|p2a: Gholdengo|39\/100\n|\n|-heal|p1a: Queengambit|93\/100|[from] item: Leftovers\n|upkeep\n|turn|29\n|\n|t:|1700812184\n|move|p2a: Gholdengo|Recover|p2a: Gholdengo\n|-heal|p2a: Gholdengo|89\/100\n|move|p1a: Queengambit|Iron Head|p2a: Gholdengo\n|-resisted|p2a: Gholdengo\n|-damage|p2a: Gholdengo|53\/100\n|\n|-heal|p1a: Queengambit|99\/100|[from] item: Leftovers\n|upkeep\n|turn|30\n|\n|t:|1700812194\n|move|p2a: Gholdengo|Shadow Ball|p1a: Queengambit\n|-resisted|p1a: Queengambit\n|-damage|p1a: Queengambit|86\/100\n|move|p1a: Queengambit|Swords Dance|p1a: Queengambit\n|-boost|p1a: Queengambit|atk|2\n|\n|-heal|p1a: Queengambit|93\/100|[from] item: Leftovers\n|upkeep\n|turn|31\n|\n|t:|1700812205\n|move|p2a: Gholdengo|Shadow Ball|p1a: Queengambit\n|-resisted|p1a: Queengambit\n|-damage|p1a: Queengambit|79\/100\n|move|p1a: Queengambit|Iron Head|p2a: Gholdengo\n|-resisted|p2a: Gholdengo\n|-damage|p2a: Gholdengo|0 fnt\n|faint|p2a: Gholdengo\n|\n|-heal|p1a: Queengambit|85\/100|[from] item: Leftovers\n|upkeep\n|\n|t:|1700812215\n|switch|p2a: Great Tusk|Great Tusk|59\/100\n|turn|32\n|\n|t:|1700812223\n|move|p1a: Queengambit|Sucker Punch|p2a: Great Tusk\n|-resisted|p2a: Great Tusk\n|-damage|p2a: Great Tusk|19\/100\n|move|p2a: Great Tusk|Close Combat|p1a: Queengambit\n|-supereffective|p1a: Queengambit\n|-damage|p1a: Queengambit|0 fnt\n|-unboost|p2a: Great Tusk|def|1\n|-unboost|p2a: Great Tusk|spd|1\n|faint|p1a: Queengambit\n|-end|p1a: Queengambit|fallen4|[silent]\n|\n|upkeep\n|\n|t:|1700812226\n|switch|p1a: Defender of Trans|Zamazenta, shiny, tera:Fire|70\/100\n|turn|33\n|\n|t:|1700812237\n|-end|p2a: Great Tusk|Protosynthesis|[silent]\n|switch|p2a: Kingambit|Kingambit, F|100\/100\n|-activate|p2a: Kingambit|ability: Supreme Overlord\n|-start|p2a: Kingambit|fallen4|[silent]\n|move|p1a: Defender of Trans|Iron Defense|p1a: Defender of Trans\n|-boost|p1a: Defender of Trans|def|2\n|\n|-heal|p1a: Defender of Trans|77\/100|[from] item: Leftovers\n|upkeep\n|turn|34\n|\n|t:|1700812247\n|move|p1a: Defender of Trans|Iron Defense|p1a: Defender of Trans\n|-boost|p1a: Defender of Trans|def|2\n|move|p2a: Kingambit|Kowtow Cleave|p1a: Defender of Trans\n|-damage|p1a: Defender of Trans|60\/100\n|\n|-heal|p1a: Defender of Trans|66\/100|[from] item: Leftovers\n|upkeep\n|turn|35\n|\n|t:|1700812259\n|move|p1a: Defender of Trans|Body Press|p2a: Kingambit\n|-supereffective|p2a: Kingambit\n|-damage|p2a: Kingambit|0 fnt\n|faint|p2a: Kingambit\n|-end|p2a: Kingambit|fallen4|[silent]\n|\n|-heal|p1a: Defender of Trans|72\/100|[from] item: Leftovers\n|upkeep\n|\n|t:|1700812266\n|switch|p2a: Great Tusk|Great Tusk|19\/100\n|turn|36\n|inactive|Skaraptor2.1 has 120 seconds left.\n|\n|t:|1700812322\n|move|p1a: Defender of Trans|Body Press|p2a: Great Tusk\n|-damage|p2a: Great Tusk|0 fnt\n|faint|p2a: Great Tusk\n|-end|p2a: Great Tusk|Protosynthesis|[silent]\n|\n|win|Skaraptor2.1\n|raw|Skaraptor2.1's rating: 1395 &rarr; <strong>1417<\/strong><br \/>(+22 for winning)\n|raw|Xstarwars70's rating: 1435 &rarr; <strong>1413<\/strong><br \/>(-22 for losing)\n","uploadtime":1700812324,"views":2,"p1id":"skaraptor21","p2id":"xstarwars70","formatid":"gen9ou","rating":1413,"private":0,"password":""}