{"id":"gen9ou-1995603166","p1":"gregoisback_","p2":"Chaitanya15","format":"[Gen 9] OU","log":"|j|\u2606gregoisback_\n|j|\u2606Chaitanya15\n|t:|1700586659\n|gametype|singles\n|player|p1|gregoisback_|shauntal|1347\n|player|p2|Chaitanya15|169|1304\n|teamsize|p1|6\n|teamsize|p2|6\n|gen|9\n|tier|[Gen 9] OU\n|rated|\n|rule|Sleep Clause Mod: Limit one foe put to sleep\n|rule|Species Clause: Limit one of each Pok\u00e9mon\n|rule|OHKO Clause: OHKO moves are banned\n|rule|Evasion Items Clause: Evasion items are banned\n|rule|Evasion Moves Clause: Evasion moves are banned\n|rule|Endless Battle Clause: Forcing endless battles is banned\n|rule|HP Percentage Mod: HP is shown in percentages\n|clearpoke\n|poke|p1|Ribombee, F|\n|poke|p1|Great Tusk|\n|poke|p1|Gholdengo|\n|poke|p1|Manaphy|\n|poke|p1|Kingambit, F|\n|poke|p1|Iron Moth|\n|poke|p2|Dragonite, M|\n|poke|p2|Hatterene, F|\n|poke|p2|Greninja-*, M|\n|poke|p2|Rillaboom, F|\n|poke|p2|Iron Moth|\n|poke|p2|Iron Valiant|\n|teampreview\n|inactive|Battle timer is ON: inactive players will automatically lose when time's up. (requested by Chaitanya15)\n|\n|t:|1700586673\n|start\n|switch|p1a: Gholdengo|Gholdengo|100\/100\n|switch|p2a: Rillaboom|Rillaboom, F|100\/100\n|-fieldstart|move: Grassy Terrain|[from] ability: Grassy Surge|[of] p2a: Rillaboom\n|-enditem|p2a: Rillaboom|Grassy Seed\n|-boost|p2a: Rillaboom|def|1|[from] item: Grassy Seed\n|-item|p1a: Gholdengo|Air Balloon\n|turn|1\n|\n|t:|1700586681\n|switch|p1a: Iron Moth|Iron Moth|100\/100\n|-enditem|p1a: Iron Moth|Booster Energy\n|-activate|p1a: Iron Moth|ability: Quark Drive|[fromitem]\n|-start|p1a: Iron Moth|quarkdrivespe\n|move|p2a: Rillaboom|Knock Off|p1a: Iron Moth\n|-damage|p1a: Iron Moth|67\/100\n|\n|-heal|p1a: Iron Moth|73\/100|[from] Grassy Terrain\n|upkeep\n|turn|2\n|\n|t:|1700586697\n|move|p1a: Iron Moth|Substitute|p1a: Iron Moth\n|-start|p1a: Iron Moth|Substitute\n|-damage|p1a: Iron Moth|48\/100\n|move|p2a: Rillaboom|Acrobatics|p1a: Iron Moth\n|-end|p1a: Iron Moth|Substitute\n|\n|-heal|p1a: Iron Moth|54\/100|[from] Grassy Terrain\n|upkeep\n|turn|3\n|\n|t:|1700586706\n|move|p1a: Iron Moth|Fiery Dance|p2a: Rillaboom\n|-supereffective|p2a: Rillaboom\n|-damage|p2a: Rillaboom|0 fnt\n|-boost|p1a: Iron Moth|spa|1\n|faint|p2a: Rillaboom\n|\n|-heal|p1a: Iron Moth|60\/100|[from] Grassy Terrain\n|upkeep\n|\n|t:|1700586715\n|switch|p2a: Hatterene|Hatterene, F|100\/100\n|turn|4\n|\n|t:|1700586727\n|-terastallize|p2a: Hatterene|Steel\n|move|p1a: Iron Moth|Sludge Wave|p2a: Hatterene\n|-immune|p2a: Hatterene\n|move|p2a: Hatterene|Psychic|p1a: Iron Moth\n|-supereffective|p1a: Iron Moth\n|-damage|p1a: Iron Moth|0 fnt\n|faint|p1a: Iron Moth\n|-end|p1a: Iron Moth|Quark Drive|[silent]\n|\n|upkeep\n|\n|t:|1700586737\n|switch|p1a: Ribombee|Ribombee, F|100\/100\n|turn|5\n|\n|t:|1700586741\n|move|p1a: Ribombee|Sticky Web|p2a: Hatterene\n|move|p2a: Hatterene|Sticky Web|p1a: Ribombee|[from]ability: Magic Bounce\n|-sidestart|p1: gregoisback_|move: Sticky Web\n|move|p2a: Hatterene|Mystical Fire|p1a: Ribombee\n|-supereffective|p1a: Ribombee\n|-enditem|p1a: Ribombee|Focus Sash\n|-damage|p1a: Ribombee|1\/100\n|\n|-heal|p1a: Ribombee|7\/100|[from] Grassy Terrain\n|-fieldend|move: Grassy Terrain\n|upkeep\n|turn|6\n|\n|t:|1700586751\n|move|p1a: Ribombee|Moonblast|p2a: Hatterene\n|-resisted|p2a: Hatterene\n|-damage|p2a: Hatterene|79\/100\n|move|p2a: Hatterene|Mystical Fire|p1a: Ribombee\n|-supereffective|p1a: Ribombee\n|-damage|p1a: Ribombee|0 fnt\n|faint|p1a: Ribombee\n|\n|-heal|p2a: Hatterene|85\/100|[from] item: Leftovers\n|upkeep\n|\n|t:|1700586768\n|switch|p1a: Great Tusk|Great Tusk|100\/100\n|-activate|p1a: Great Tusk|move: Sticky Web\n|-unboost|p1a: Great Tusk|spe|1\n|turn|7\n|\n|t:|1700586773\n|move|p1a: Great Tusk|Earthquake|p2a: Hatterene\n|-supereffective|p2a: Hatterene\n|-damage|p2a: Hatterene|0 fnt\n|faint|p2a: Hatterene\n|\n|upkeep\n|\n|t:|1700586783\n|switch|p2a: Greninja|Greninja, M|100\/100\n|turn|8\n|\n|t:|1700586805\n|-end|p1a: Great Tusk|Protosynthesis|[silent]\n|switch|p1a: Gholdengo|Gholdengo|100\/100\n|-item|p1a: Gholdengo|Air Balloon\n|move|p2a: Greninja|Surf|p1a: Gholdengo\n|-damage|p1a: Gholdengo|27\/100\n|-enditem|p1a: Gholdengo|Air Balloon\n|\n|upkeep\n|turn|9\n|\n|t:|1700586814\n|move|p2a: Greninja|Surf|p1a: Gholdengo\n|-damage|p1a: Gholdengo|0 fnt\n|faint|p1a: Gholdengo\n|-ability|p2a: Greninja|Battle Bond|boost\n|-boost|p2a: Greninja|atk|1\n|-boost|p2a: Greninja|spa|1\n|-boost|p2a: Greninja|spe|1\n|-activate|p2a: Greninja|ability: Battle Bond\n|\n|upkeep\n|\n|t:|1700586826\n|switch|p1a: Manaphy|Manaphy|100\/100\n|-activate|p1a: Manaphy|move: Sticky Web\n|-unboost|p1a: Manaphy|spe|1\n|turn|10\n|\n|t:|1700586831\n|-terastallize|p1a: Manaphy|Dragon\n|move|p2a: Greninja|Surf|p1a: Manaphy\n|-resisted|p1a: Manaphy\n|-damage|p1a: Manaphy|60\/100\n|move|p1a: Manaphy|Take Heart|p1a: Manaphy\n|-boost|p1a: Manaphy|spa|1\n|-boost|p1a: Manaphy|spd|1\n|\n|-heal|p1a: Manaphy|66\/100|[from] item: Leftovers\n|upkeep\n|turn|11\n|\n|t:|1700586839\n|move|p2a: Greninja|Surf|p1a: Manaphy\n|-resisted|p1a: Manaphy\n|-damage|p1a: Manaphy|42\/100\n|move|p1a: Manaphy|Scald|p2a: Greninja\n|-resisted|p2a: Greninja\n|-damage|p2a: Greninja|69\/100\n|\n|-heal|p1a: Manaphy|48\/100|[from] item: Leftovers\n|upkeep\n|turn|12\n|\n|t:|1700586847\n|move|p2a: Greninja|Surf|p1a: Manaphy\n|-resisted|p1a: Manaphy\n|-damage|p1a: Manaphy|25\/100\n|move|p1a: Manaphy|Take Heart|p1a: Manaphy\n|-boost|p1a: Manaphy|spa|1\n|-boost|p1a: Manaphy|spd|1\n|\n|-heal|p1a: Manaphy|32\/100|[from] item: Leftovers\n|upkeep\n|turn|13\n|\n|t:|1700586855\n|move|p2a: Greninja|Surf|p1a: Manaphy\n|-resisted|p1a: Manaphy\n|-damage|p1a: Manaphy|12\/100\n|move|p1a: Manaphy|Take Heart|p1a: Manaphy\n|-boost|p1a: Manaphy|spa|1\n|-boost|p1a: Manaphy|spd|1\n|\n|-heal|p1a: Manaphy|18\/100|[from] item: Leftovers\n|upkeep\n|turn|14\n|\n|t:|1700586863\n|move|p2a: Greninja|Surf|p1a: Manaphy\n|-resisted|p1a: Manaphy\n|-damage|p1a: Manaphy|3\/100\n|move|p1a: Manaphy|Take Heart|p1a: Manaphy\n|-boost|p1a: Manaphy|spa|1\n|-boost|p1a: Manaphy|spd|1\n|\n|-heal|p1a: Manaphy|9\/100|[from] item: Leftovers\n|upkeep\n|turn|15\n|\n|t:|1700586870\n|move|p2a: Greninja|Surf|p1a: Manaphy\n|-resisted|p1a: Manaphy\n|-damage|p1a: Manaphy|0 fnt\n|faint|p1a: Manaphy\n|\n|upkeep\n|\n|t:|1700586874\n|switch|p1a: Kingambit|Kingambit, F|100\/100\n|-activate|p1a: Kingambit|move: Sticky Web\n|-unboost|p1a: Kingambit|spe|1\n|-activate|p1a: Kingambit|ability: Supreme Overlord\n|-start|p1a: Kingambit|fallen4|[silent]\n|turn|16\n|\n|t:|1700586880\n|move|p1a: Kingambit|Sucker Punch|p2a: Greninja\n|-resisted|p2a: Greninja\n|-damage|p2a: Greninja|17\/100\n|move|p2a: Greninja|Surf|p1a: Kingambit\n|-damage|p1a: Kingambit|1\/100\n|\n|-heal|p1a: Kingambit|7\/100|[from] item: Leftovers\n|upkeep\n|turn|17\n|\n|t:|1700586887\n|move|p1a: Kingambit|Sucker Punch|p2a: Greninja\n|-resisted|p2a: Greninja\n|-damage|p2a: Greninja|0 fnt\n|faint|p2a: Greninja\n|\n|-heal|p1a: Kingambit|13\/100|[from] item: Leftovers\n|upkeep\n|\n|t:|1700586893\n|switch|p2a: Iron Valiant|Iron Valiant|100\/100\n|turn|18\n|\n|t:|1700586898\n|move|p2a: Iron Valiant|Moonblast|p1a: Kingambit\n|-damage|p1a: Kingambit|0 fnt\n|faint|p1a: Kingambit\n|-end|p1a: Kingambit|fallen4|[silent]\n|-damage|p2a: Iron Valiant|91\/100|[from] item: Life Orb\n|\n|upkeep\n|\n|t:|1700586901\n|switch|p1a: Great Tusk|Great Tusk|100\/100\n|-activate|p1a: Great Tusk|move: Sticky Web\n|-unboost|p1a: Great Tusk|spe|1\n|turn|19\n|-message|gregoisback_ forfeited.\n|\n|win|Chaitanya15\n|raw|gregoisback_'s rating: 1347 &rarr; <strong>1325<\/strong><br \/>(-22 for losing)\n|raw|Chaitanya15's rating: 1304 &rarr; <strong>1326<\/strong><br \/>(+22 for winning)\n|l|\u2606gregoisback_\n","uploadtime":1700586910,"views":3,"p1id":"gregoisback","p2id":"chaitanya15","formatid":"gen9ou","rating":1325,"private":0,"password":""}