{"id":"gen9ou-1996562489","p1":"Betinho","p2":"Sick Fiesta","format":"[Gen 9] OU","log":"|j|\u2606Betinho\n|j|\u2606Sick Fiesta\n|t:|1700694611\n|gametype|singles\n|player|p1|Betinho|veteran|1480\n|player|p2|Sick Fiesta|waiter-gen4dp|1598\n|teamsize|p1|6\n|teamsize|p2|6\n|gen|9\n|tier|[Gen 9] OU\n|rated|\n|rule|Sleep Clause Mod: Limit one foe put to sleep\n|rule|Species Clause: Limit one of each Pok\u00e9mon\n|rule|OHKO Clause: OHKO moves are banned\n|rule|Evasion Items Clause: Evasion items are banned\n|rule|Evasion Moves Clause: Evasion moves are banned\n|rule|Endless Battle Clause: Forcing endless battles is banned\n|rule|HP Percentage Mod: HP is shown in percentages\n|clearpoke\n|poke|p1|Pelipper, F|\n|poke|p1|Barraskewda, F|\n|poke|p1|Dragonite, F|\n|poke|p1|Vaporeon, F|\n|poke|p1|Great Tusk|\n|poke|p1|Brute Bonnet|\n|poke|p2|Meowscarada, F|\n|poke|p2|Slowking-Galar, M|\n|poke|p2|Iron Valiant|\n|poke|p2|Garganacl, F|\n|poke|p2|Dragonite, F|\n|poke|p2|Great Tusk|\n|teampreview\n|\n|t:|1700694620\n|start\n|switch|p1a: Pelipper|Pelipper, F|100\/100\n|switch|p2a: Slowking|Slowking-Galar, M|100\/100\n|-weather|RainDance|[from] ability: Drizzle|[of] p1a: Pelipper\n|turn|1\n|\n|t:|1700694633\n|move|p1a: Pelipper|U-turn|p2a: Slowking\n|-damage|p2a: Slowking|91\/100\n|\n|t:|1700694636\n|switch|p1a: Dragonite|Dragonite, F|100\/100|[from] U-turn\n|move|p2a: Slowking|Trick|p1a: Dragonite\n|-activate|p2a: Slowking|move: Trick|[of] p1a: Dragonite\n|-item|p1a: Dragonite|Black Sludge|[from] move: Trick\n|-item|p2a: Slowking|Weakness Policy|[from] move: Trick\n|\n|-weather|RainDance|[upkeep]\n|-damage|p1a: Dragonite|88\/100|[from] item: Black Sludge\n|upkeep\n|turn|2\n|\n|t:|1700694653\n|switch|p2a: Great Tusk|Great Tusk|100\/100\n|move|p1a: Dragonite|Hurricane|p2a: Great Tusk\n|-supereffective|p2a: Great Tusk\n|-damage|p2a: Great Tusk|0 fnt\n|faint|p2a: Great Tusk\n|-end|p2a: Great Tusk|Protosynthesis|[silent]\n|\n|-weather|RainDance|[upkeep]\n|-damage|p1a: Dragonite|76\/100|[from] item: Black Sludge\n|upkeep\n|\n|t:|1700694660\n|switch|p2a: Garganacl|Garganacl, F|100\/100\n|turn|3\n|\n|t:|1700694665\n|move|p1a: Dragonite|Thunder|p2a: Garganacl\n|-damage|p2a: Garganacl|79\/100\n|move|p2a: Garganacl|Iron Defense|p2a: Garganacl\n|-boost|p2a: Garganacl|def|2\n|\n|-weather|RainDance|[upkeep]\n|-damage|p1a: Dragonite|64\/100|[from] item: Black Sludge\n|-heal|p2a: Garganacl|85\/100|[from] item: Leftovers\n|upkeep\n|turn|4\n|\n|t:|1700694673\n|move|p1a: Dragonite|Hurricane|p2a: Garganacl\n|-resisted|p2a: Garganacl\n|-damage|p2a: Garganacl|68\/100\n|move|p2a: Garganacl|Iron Defense|p2a: Garganacl\n|-boost|p2a: Garganacl|def|2\n|\n|-weather|RainDance|[upkeep]\n|-damage|p1a: Dragonite|51\/100|[from] item: Black Sludge\n|-heal|p2a: Garganacl|75\/100|[from] item: Leftovers\n|upkeep\n|turn|5\n|inactive|Battle timer is ON: inactive players will automatically lose when time's up. (requested by Sick Fiesta)\n|\n|t:|1700694687\n|move|p1a: Dragonite|Hurricane|p2a: Garganacl\n|-resisted|p2a: Garganacl\n|-damage|p2a: Garganacl|57\/100\n|move|p2a: Garganacl|Iron Defense|p2a: Garganacl\n|-boost|p2a: Garganacl|def|2\n|\n|-weather|RainDance|[upkeep]\n|-damage|p1a: Dragonite|39\/100|[from] item: Black Sludge\n|-heal|p2a: Garganacl|63\/100|[from] item: Leftovers\n|upkeep\n|turn|6\n|\n|t:|1700694696\n|move|p1a: Dragonite|Thunder|p2a: Garganacl\n|-damage|p2a: Garganacl|41\/100\n|move|p2a: Garganacl|Recover|p2a: Garganacl\n|-heal|p2a: Garganacl|91\/100\n|\n|-weather|RainDance|[upkeep]\n|-damage|p1a: Dragonite|27\/100|[from] item: Black Sludge\n|-heal|p2a: Garganacl|97\/100|[from] item: Leftovers\n|upkeep\n|turn|7\n|\n|t:|1700694707\n|move|p1a: Dragonite|Roost|p1a: Dragonite\n|-heal|p1a: Dragonite|77\/100\n|-singleturn|p1a: Dragonite|move: Roost\n|move|p2a: Garganacl|Salt Cure|p1a: Dragonite\n|-damage|p1a: Dragonite|63\/100\n|-start|p1a: Dragonite|Salt Cure\n|\n|-weather|RainDance|[upkeep]\n|-damage|p1a: Dragonite|51\/100|[from] item: Black Sludge\n|-heal|p2a: Garganacl|100\/100|[from] item: Leftovers\n|-damage|p1a: Dragonite|39\/100|[from] Salt Cure\n|upkeep\n|turn|8\n|\n|t:|1700694719\n|move|p1a: Dragonite|Roost|p1a: Dragonite\n|-heal|p1a: Dragonite|89\/100\n|-singleturn|p1a: Dragonite|move: Roost\n|move|p2a: Garganacl|Body Press|p1a: Dragonite\n|-damage|p1a: Dragonite|2\/100\n|\n|-weather|none\n|-damage|p1a: Dragonite|0 fnt|[from] item: Black Sludge\n|faint|p1a: Dragonite\n|upkeep\n|\n|t:|1700694728\n|switch|p1a: Pelipper|Pelipper, F|100\/100\n|-weather|RainDance|[from] ability: Drizzle|[of] p1a: Pelipper\n|turn|9\n|\n|t:|1700694741\n|-terastallize|p2a: Garganacl|Poison\n|move|p1a: Pelipper|Surf|p2a: Garganacl\n|-damage|p2a: Garganacl|69\/100\n|move|p2a: Garganacl|Salt Cure|p1a: Pelipper\n|-supereffective|p1a: Pelipper\n|-damage|p1a: Pelipper|78\/100\n|-start|p1a: Pelipper|Salt Cure\n|\n|-weather|RainDance|[upkeep]\n|-heal|p2a: Garganacl|75\/100|[from] item: Leftovers\n|-damage|p1a: Pelipper|53\/100|[from] Salt Cure\n|upkeep\n|turn|10\n|\n|t:|1700694755\n|move|p1a: Pelipper|U-turn|p2a: Garganacl\n|-resisted|p2a: Garganacl\n|-damage|p2a: Garganacl|74\/100\n|\n|t:|1700694761\n|switch|p1a: Vaporeon|Vaporeon, F|100\/100|[from] U-turn\n|move|p2a: Garganacl|Recover|p2a: Garganacl\n|-heal|p2a: Garganacl|100\/100\n|\n|-weather|RainDance|[upkeep]\n|upkeep\n|turn|11\n|\n|t:|1700694767\n|move|p1a: Vaporeon|Haze|p1a: Vaporeon\n|-clearallboost\n|move|p2a: Garganacl|Salt Cure|p1a: Vaporeon\n|-damage|p1a: Vaporeon|85\/100\n|-start|p1a: Vaporeon|Salt Cure\n|\n|-weather|RainDance|[upkeep]\n|-heal|p1a: Vaporeon|92\/100|[from] item: Leftovers\n|-damage|p1a: Vaporeon|67\/100|[from] Salt Cure\n|upkeep\n|turn|12\n|\n|t:|1700694776\n|move|p1a: Vaporeon|Wish|p1a: Vaporeon\n|move|p2a: Garganacl|Iron Defense|p2a: Garganacl\n|-boost|p2a: Garganacl|def|2\n|\n|-weather|RainDance|[upkeep]\n|-heal|p1a: Vaporeon|73\/100|[from] item: Leftovers\n|-damage|p1a: Vaporeon|48\/100|[from] Salt Cure\n|upkeep\n|turn|13\n|\n|t:|1700694785\n|move|p1a: Vaporeon|Haze|p1a: Vaporeon\n|-clearallboost\n|move|p2a: Garganacl|Iron Defense|p2a: Garganacl\n|-boost|p2a: Garganacl|def|2\n|\n|-weather|RainDance|[upkeep]\n|-heal|p1a: Vaporeon|98\/100|[from] move: Wish|[wisher] Vaporeon\n|-heal|p1a: Vaporeon|100\/100|[from] item: Leftovers\n|-damage|p1a: Vaporeon|75\/100|[from] Salt Cure\n|upkeep\n|turn|14\n|\n|t:|1700694794\n|move|p1a: Vaporeon|Scald|p2a: Garganacl\n|-damage|p2a: Garganacl|72\/100\n|move|p2a: Garganacl|Body Press|p1a: Vaporeon\n|-damage|p1a: Vaporeon|25\/100\n|\n|-weather|RainDance|[upkeep]\n|-heal|p1a: Vaporeon|32\/100|[from] item: Leftovers\n|-heal|p2a: Garganacl|78\/100|[from] item: Leftovers\n|-damage|p1a: Vaporeon|7\/100|[from] Salt Cure\n|upkeep\n|turn|15\n|\n|t:|1700694807\n|move|p1a: Vaporeon|Scald|p2a: Garganacl\n|-damage|p2a: Garganacl|49\/100\n|move|p2a: Garganacl|Iron Defense|p2a: Garganacl\n|-boost|p2a: Garganacl|def|2\n|\n|-weather|RainDance|[upkeep]\n|-heal|p1a: Vaporeon|13\/100|[from] item: Leftovers\n|-heal|p2a: Garganacl|55\/100|[from] item: Leftovers\n|-damage|p1a: Vaporeon|0 fnt|[from] Salt Cure\n|faint|p1a: Vaporeon\n|upkeep\n|\n|t:|1700694823\n|switch|p1a: Brute Bonnet|Brute Bonnet|100\/100\n|turn|16\n|\n|t:|1700694829\n|move|p1a: Brute Bonnet|Spore|p2a: Garganacl\n|-immune|p2a: Garganacl|[from] ability: Purifying Salt\n|move|p2a: Garganacl|Recover|p2a: Garganacl\n|-heal|p2a: Garganacl|100\/100\n|\n|-weather|none\n|upkeep\n|turn|17\n|\n|t:|1700694837\n|move|p1a: Brute Bonnet|Bullet Seed|p2a: Garganacl\n|-resisted|p2a: Garganacl\n|-damage|p2a: Garganacl|99\/100\n|-resisted|p2a: Garganacl\n|-damage|p2a: Garganacl|97\/100\n|-resisted|p2a: Garganacl\n|-damage|p2a: Garganacl|95\/100\n|-resisted|p2a: Garganacl\n|-damage|p2a: Garganacl|94\/100\n|-resisted|p2a: Garganacl\n|-damage|p2a: Garganacl|92\/100\n|-hitcount|p2a: Garganacl|5\n|move|p2a: Garganacl|Body Press|p1a: Brute Bonnet\n|-supereffective|p1a: Brute Bonnet\n|-damage|p1a: Brute Bonnet|0 fnt\n|faint|p1a: Brute Bonnet\n|-end|p1a: Brute Bonnet|Protosynthesis|[silent]\n|\n|-heal|p2a: Garganacl|98\/100|[from] item: Leftovers\n|upkeep\n|-message|Betinho forfeited.\n|\n|win|Sick Fiesta\n|raw|Betinho's rating: 1480 &rarr; <strong>1467<\/strong><br \/>(-13 for losing)\n|raw|Sick Fiesta's rating: 1598 &rarr; <strong>1611<\/strong><br \/>(+13 for winning)\n|l|\u2606Betinho\n","uploadtime":1700694858,"views":2,"p1id":"betinho","p2id":"sickfiesta","formatid":"gen9ou","rating":1467,"private":0,"password":""}