{"id":"gen9ou-1995670632","p1":"little man skwovet","p2":"Agent Killua","format":"[Gen 9] OU","log":"|j|\u2606little man skwovet\n|j|\u2606Agent Killua\n|t:|1700592530\n|gametype|singles\n|player|p1|little man skwovet|265|1678\n|player|p2|Agent Killua|sada-ai|1718\n|teamsize|p1|6\n|teamsize|p2|6\n|gen|9\n|tier|[Gen 9] OU\n|rated|\n|rule|Sleep Clause Mod: Limit one foe put to sleep\n|rule|Species Clause: Limit one of each Pok\u00e9mon\n|rule|OHKO Clause: OHKO moves are banned\n|rule|Evasion Items Clause: Evasion items are banned\n|rule|Evasion Moves Clause: Evasion moves are banned\n|rule|Endless Battle Clause: Forcing endless battles is banned\n|rule|HP Percentage Mod: HP is shown in percentages\n|clearpoke\n|poke|p1|Weavile, F|\n|poke|p1|Weezing-Galar, F|\n|poke|p1|Alomomola, M|\n|poke|p1|Ting-Lu|\n|poke|p1|Corviknight, M|\n|poke|p1|Dondozo, F|\n|poke|p2|Zamazenta-*|\n|poke|p2|Kingambit, M|\n|poke|p2|Gholdengo|\n|poke|p2|Great Tusk|\n|poke|p2|Samurott-Hisui, F|\n|poke|p2|Corviknight, M|\n|teampreview\n|inactive|Battle timer is ON: inactive players will automatically lose when time's up. (requested by little man skwovet)\n|inactive|Agent Killua has 120 seconds left.\n|inactive|Agent Killua has 90 seconds left.\n|\n|t:|1700592645\n|start\n|switch|p1a: Weavile|Weavile, F|100\/100\n|switch|p2a: Samurott|Samurott-Hisui, F|100\/100\n|-ability|p1a: Weavile|Pressure\n|turn|1\n|j| Jan7498\n|inactive|Agent Killua has 120 seconds left.\n|inactive|Agent Killua has 90 seconds left.\n|j| ThatJebshuckle\n|\n|t:|1700592718\n|move|p1a: Weavile|Protect|p1a: Weavile\n|-singleturn|p1a: Weavile|Protect\n|move|p2a: Samurott|Razor Shell|p1a: Weavile\n|-activate|p1a: Weavile|move: Protect\n|\n|upkeep\n|turn|2\n|\n|t:|1700592724\n|move|p1a: Weavile|Knock Off|p2a: Samurott\n|-resisted|p2a: Samurott\n|-damage|p2a: Samurott|77\/100\n|-enditem|p2a: Samurott|Focus Sash|[from] move: Knock Off|[of] p1a: Weavile\n|move|p2a: Samurott|Ceaseless Edge|p1a: Weavile\n|-resisted|p1a: Weavile\n|-damage|p1a: Weavile|69\/100\n|-sidestart|p1: little man skwovet|Spikes\n|\n|-heal|p1a: Weavile|75\/100|[from] item: Leftovers\n|upkeep\n|turn|3\n|inactive|Agent Killua has 90 seconds left.\n|\n|t:|1700592755\n|move|p1a: Weavile|Poison Jab|p2a: Samurott\n|-damage|p2a: Samurott|48\/100\n|move|p2a: Samurott|Ceaseless Edge|p1a: Weavile\n|-resisted|p1a: Weavile\n|-damage|p1a: Weavile|45\/100\n|-sidestart|p1: little man skwovet|Spikes\n|\n|-heal|p1a: Weavile|51\/100|[from] item: Leftovers\n|upkeep\n|turn|4\n|\n|t:|1700592759\n|switch|p1a: Weezing|Weezing-Galar, F|100\/100\n|-ability|p1a: Weezing|Neutralizing Gas\n|move|p2a: Samurott|Razor Shell|p1a: Weezing\n|-damage|p1a: Weezing|77\/100\n|-unboost|p1a: Weezing|def|1\n|\n|upkeep\n|turn|5\n|\n|t:|1700592774\n|move|p2a: Samurott|Knock Off|p1a: Weezing\n|-resisted|p1a: Weezing\n|-damage|p1a: Weezing|57\/100\n|-enditem|p1a: Weezing|Heavy-Duty Boots|[from] move: Knock Off|[of] p2a: Samurott\n|move|p1a: Weezing|Will-O-Wisp|p2a: Samurott\n|-status|p2a: Samurott|brn\n|\n|-damage|p2a: Samurott|42\/100 brn|[from] brn\n|upkeep\n|turn|6\n|\n|t:|1700592778\n|move|p2a: Samurott|Razor Shell|p1a: Weezing\n|-damage|p1a: Weezing|40\/100\n|-unboost|p1a: Weezing|def|1\n|move|p1a: Weezing|Defog|p2a: Samurott\n|-unboost|p2a: Samurott|evasion|1\n|-sideend|p1: little man skwovet|Spikes|[from] move: Defog|[of] p1a: Weezing\n|\n|-damage|p2a: Samurott|36\/100 brn|[from] brn\n|upkeep\n|turn|7\n|\n|t:|1700592781\n|-end|p1a: Weezing|ability: Neutralizing Gas\n|switch|p1a: Alomomola|Alomomola, M|100\/100\n|move|p2a: Samurott|Ceaseless Edge|p1a: Alomomola|[miss]\n|-miss|p2a: Samurott|p1a: Alomomola\n|\n|-damage|p2a: Samurott|30\/100 brn|[from] brn\n|upkeep\n|turn|8\n|\n|t:|1700592784\n|move|p2a: Samurott|Ceaseless Edge|p1a: Alomomola\n|-damage|p1a: Alomomola|88\/100\n|-sidestart|p1: little man skwovet|Spikes\n|move|p1a: Alomomola|Wish|p1a: Alomomola\n|\n|-heal|p1a: Alomomola|94\/100|[from] item: Leftovers\n|-damage|p2a: Samurott|24\/100 brn|[from] brn\n|upkeep\n|turn|9\n|\n|t:|1700592803\n|move|p2a: Samurott|Ceaseless Edge|p1a: Alomomola\n|-damage|p1a: Alomomola|82\/100\n|-sidestart|p1: little man skwovet|Spikes\n|move|p1a: Alomomola|Flip Turn|p2a: Samurott\n|-resisted|p2a: Samurott\n|-damage|p2a: Samurott|13\/100 brn\n|\n|t:|1700592808\n|switch|p1a: Weezing|Weezing-Galar, F|40\/100|[from] Flip Turn\n|-ability|p1a: Weezing|Neutralizing Gas\n|-damage|p1a: Weezing|24\/100|[from] Spikes\n|\n|-heal|p1a: Weezing|95\/100|[from] move: Wish|[wisher] Alomomola\n|-damage|p2a: Samurott|7\/100 brn|[from] brn\n|upkeep\n|turn|10\n|\n|t:|1700592814\n|switch|p2a: Gholdengo|Gholdengo|100\/100\n|-item|p2a: Gholdengo|Air Balloon\n|move|p1a: Weezing|Defog|p2a: Gholdengo\n|-unboost|p2a: Gholdengo|evasion|1\n|-sideend|p1: little man skwovet|Spikes|[from] move: Defog|[of] p1a: Weezing\n|\n|upkeep\n|turn|11\n|inactive|Agent Killua has 120 seconds left.\n|\n|t:|1700592820\n|-end|p1a: Weezing|ability: Neutralizing Gas\n|switch|p1a: Ting-Lu|Ting-Lu|100\/100\n|-ability|p1a: Ting-Lu|Vessel of Ruin\n|move|p2a: Gholdengo|Nasty Plot|p2a: Gholdengo\n|-boost|p2a: Gholdengo|spa|2\n|\n|upkeep\n|turn|12\n|\n|t:|1700592824\n|switch|p1a: Dondozo|Dondozo, F|100\/100\n|-terastallize|p2a: Gholdengo|Fighting\n|move|p2a: Gholdengo|Make It Rain|p1a: Dondozo\n|-resisted|p1a: Dondozo\n|-damage|p1a: Dondozo|80\/100\n|-unboost|p2a: Gholdengo|spa|1\n|\n|upkeep\n|turn|13\n|\n|t:|1700592829\n|move|p2a: Gholdengo|Shadow Ball|p1a: Dondozo\n|-damage|p1a: Dondozo|52\/100\n|move|p1a: Dondozo|Avalanche|p2a: Gholdengo\n|-damage|p2a: Gholdengo|71\/100\n|-enditem|p2a: Gholdengo|Air Balloon\n|\n|upkeep\n|turn|14\n|\n|t:|1700592834\n|move|p2a: Gholdengo|Shadow Ball|p1a: Dondozo\n|-damage|p1a: Dondozo|25\/100\n|move|p1a: Dondozo|Rest|p1a: Dondozo\n|-status|p1a: Dondozo|slp|[from] move: Rest\n|-heal|p1a: Dondozo|100\/100 slp|[silent]\n|\n|upkeep\n|turn|15\n|\n|t:|1700592838\n|move|p2a: Gholdengo|Nasty Plot|p2a: Gholdengo\n|-boost|p2a: Gholdengo|spa|2\n|cant|p1a: Dondozo|slp\n|\n|upkeep\n|turn|16\n|\n|t:|1700592839\n|move|p2a: Gholdengo|Shadow Ball|p1a: Dondozo\n|-damage|p1a: Dondozo|74\/100 slp\n|cant|p1a: Dondozo|slp\n|\n|upkeep\n|turn|17\n|\n|t:|1700592846\n|move|p2a: Gholdengo|Shadow Ball|p1a: Dondozo\n|-damage|p1a: Dondozo|47\/100 slp\n|-curestatus|p1a: Dondozo|slp|[msg]\n|move|p1a: Dondozo|Avalanche|p2a: Gholdengo\n|-damage|p2a: Gholdengo|40\/100\n|\n|upkeep\n|turn|18\n|\n|t:|1700592853\n|move|p2a: Gholdengo|Nasty Plot|p2a: Gholdengo\n|-boost|p2a: Gholdengo|spa|2\n|move|p1a: Dondozo|Rest|p1a: Dondozo\n|-status|p1a: Dondozo|slp|[from] move: Rest\n|-heal|p1a: Dondozo|100\/100 slp|[silent]\n|\n|upkeep\n|turn|19\n|\n|t:|1700592855\n|move|p2a: Gholdengo|Recover|p2a: Gholdengo\n|-heal|p2a: Gholdengo|90\/100\n|cant|p1a: Dondozo|slp\n|\n|upkeep\n|turn|20\n|\n|t:|1700592857\n|move|p2a: Gholdengo|Shadow Ball|p1a: Dondozo\n|-damage|p1a: Dondozo|74\/100 slp\n|cant|p1a: Dondozo|slp\n|\n|upkeep\n|turn|21\n|\n|t:|1700592859\n|move|p2a: Gholdengo|Shadow Ball|p1a: Dondozo\n|-damage|p1a: Dondozo|44\/100 slp\n|-curestatus|p1a: Dondozo|slp|[msg]\n|move|p1a: Dondozo|Curse|p1a: Dondozo\n|-unboost|p1a: Dondozo|spe|1\n|-boost|p1a: Dondozo|atk|1\n|-boost|p1a: Dondozo|def|1\n|\n|upkeep\n|turn|22\n|\n|t:|1700592862\n|move|p2a: Gholdengo|Shadow Ball|p1a: Dondozo\n|-damage|p1a: Dondozo|15\/100\n|move|p1a: Dondozo|Rest|p1a: Dondozo\n|-status|p1a: Dondozo|slp|[from] move: Rest\n|-heal|p1a: Dondozo|100\/100 slp|[silent]\n|\n|upkeep\n|turn|23\n|\n|t:|1700592865\n|move|p2a: Gholdengo|Shadow Ball|p1a: Dondozo\n|-damage|p1a: Dondozo|75\/100 slp\n|cant|p1a: Dondozo|slp\n|\n|upkeep\n|turn|24\n|\n|t:|1700592867\n|move|p2a: Gholdengo|Shadow Ball|p1a: Dondozo\n|-damage|p1a: Dondozo|50\/100 slp\n|cant|p1a: Dondozo|slp\n|\n|upkeep\n|turn|25\n|inactive|little man skwovet has 120 seconds left.\n|\n|t:|1700592899\n|move|p2a: Gholdengo|Shadow Ball|p1a: Dondozo\n|-damage|p1a: Dondozo|22\/100 slp\n|-curestatus|p1a: Dondozo|slp|[msg]\n|move|p1a: Dondozo|Rest|p1a: Dondozo\n|-status|p1a: Dondozo|slp|[from] move: Rest\n|-heal|p1a: Dondozo|100\/100 slp|[silent]\n|\n|upkeep\n|turn|26\n|\n|t:|1700592905\n|move|p2a: Gholdengo|Shadow Ball|p1a: Dondozo\n|-damage|p1a: Dondozo|74\/100 slp\n|cant|p1a: Dondozo|slp\n|\n|upkeep\n|turn|27\n|\n|t:|1700592908\n|move|p2a: Gholdengo|Shadow Ball|p1a: Dondozo\n|-damage|p1a: Dondozo|48\/100 slp\n|cant|p1a: Dondozo|slp\n|\n|upkeep\n|turn|28\n|\n|t:|1700592911\n|move|p2a: Gholdengo|Shadow Ball|p1a: Dondozo\n|-damage|p1a: Dondozo|19\/100 slp\n|-curestatus|p1a: Dondozo|slp|[msg]\n|move|p1a: Dondozo|Rest|p1a: Dondozo\n|-status|p1a: Dondozo|slp|[from] move: Rest\n|-heal|p1a: Dondozo|100\/100 slp|[silent]\n|\n|upkeep\n|turn|29\n|\n|t:|1700592920\n|move|p2a: Gholdengo|Shadow Ball|p1a: Dondozo\n|-damage|p1a: Dondozo|73\/100 slp\n|cant|p1a: Dondozo|slp\n|\n|upkeep\n|turn|30\n|\n|t:|1700592925\n|move|p2a: Gholdengo|Shadow Ball|p1a: Dondozo\n|-damage|p1a: Dondozo|45\/100 slp\n|cant|p1a: Dondozo|slp\n|\n|upkeep\n|turn|31\n|\n|t:|1700592927\n|move|p2a: Gholdengo|Make It Rain|p1a: Dondozo\n|-resisted|p1a: Dondozo\n|-damage|p1a: Dondozo|24\/100 slp\n|-unboost|p2a: Gholdengo|spa|1\n|-curestatus|p1a: Dondozo|slp|[msg]\n|move|p1a: Dondozo|Rest|p1a: Dondozo\n|-status|p1a: Dondozo|slp|[from] move: Rest\n|-heal|p1a: Dondozo|100\/100 slp|[silent]\n|\n|upkeep\n|turn|32\n|\n|t:|1700592935\n|move|p2a: Gholdengo|Shadow Ball|p1a: Dondozo\n|-damage|p1a: Dondozo|71\/100 slp\n|cant|p1a: Dondozo|slp\n|\n|upkeep\n|turn|33\n|\n|t:|1700592937\n|move|p2a: Gholdengo|Shadow Ball|p1a: Dondozo\n|-damage|p1a: Dondozo|45\/100 slp\n|cant|p1a: Dondozo|slp\n|\n|upkeep\n|turn|34\n|\n|t:|1700592944\n|move|p2a: Gholdengo|Make It Rain|p1a: Dondozo\n|-resisted|p1a: Dondozo\n|-damage|p1a: Dondozo|23\/100 slp\n|-unboost|p2a: Gholdengo|spa|1\n|-curestatus|p1a: Dondozo|slp|[msg]\n|move|p1a: Dondozo|Rest|p1a: Dondozo\n|-status|p1a: Dondozo|slp|[from] move: Rest\n|-heal|p1a: Dondozo|100\/100 slp|[silent]\n|\n|upkeep\n|turn|35\n|\n|t:|1700592949\n|switch|p1a: Ting-Lu|Ting-Lu|100\/100\n|-ability|p1a: Ting-Lu|Vessel of Ruin\n|move|p2a: Gholdengo|Shadow Ball|p1a: Ting-Lu\n|-resisted|p1a: Ting-Lu\n|-damage|p1a: Ting-Lu|77\/100\n|\n|-heal|p1a: Ting-Lu|83\/100|[from] item: Leftovers\n|upkeep\n|turn|36\n|\n|t:|1700592952\n|move|p1a: Ting-Lu|Protect|p1a: Ting-Lu\n|-singleturn|p1a: Ting-Lu|Protect\n|move|p2a: Gholdengo|Make It Rain|p1a: Ting-Lu\n|-activate|p1a: Ting-Lu|move: Protect\n|\n|-heal|p1a: Ting-Lu|89\/100|[from] item: Leftovers\n|upkeep\n|turn|37\n|\n|t:|1700592957\n|switch|p1a: Alomomola|Alomomola, M|100\/100\n|move|p2a: Gholdengo|Make It Rain|p1a: Alomomola\n|-resisted|p1a: Alomomola\n|-damage|p1a: Alomomola|28\/100\n|-unboost|p2a: Gholdengo|spa|1\n|\n|-heal|p1a: Alomomola|34\/100|[from] item: Leftovers\n|upkeep\n|turn|38\n|\n|t:|1700592964\n|switch|p1a: Weavile|Weavile, F|51\/100\n|-ability|p1a: Weavile|Pressure\n|move|p2a: Gholdengo|Nasty Plot|p2a: Gholdengo\n|-boost|p2a: Gholdengo|spa|2\n|\n|-heal|p1a: Weavile|57\/100|[from] item: Leftovers\n|upkeep\n|turn|39\n|\n|t:|1700592969\n|move|p1a: Weavile|Substitute|p1a: Weavile\n|-start|p1a: Weavile|Substitute\n|-damage|p1a: Weavile|32\/100\n|move|p2a: Gholdengo|Make It Rain|p1a: Weavile\n|-supereffective|p1a: Weavile\n|-crit|p1a: Weavile\n|-end|p1a: Weavile|Substitute\n|-unboost|p2a: Gholdengo|spa|1\n|\n|-heal|p1a: Weavile|38\/100|[from] item: Leftovers\n|upkeep\n|turn|40\n|\n|t:|1700592975\n|move|p1a: Weavile|Protect|p1a: Weavile\n|-singleturn|p1a: Weavile|Protect\n|move|p2a: Gholdengo|Shadow Ball|p1a: Weavile\n|-activate|p1a: Weavile|move: Protect\n|\n|-heal|p1a: Weavile|45\/100|[from] item: Leftovers\n|upkeep\n|turn|41\n|\n|t:|1700592978\n|move|p1a: Weavile|Substitute|p1a: Weavile\n|-start|p1a: Weavile|Substitute\n|-damage|p1a: Weavile|20\/100\n|move|p2a: Gholdengo|Shadow Ball|p1a: Weavile\n|-resisted|p1a: Weavile\n|-end|p1a: Weavile|Substitute\n|\n|-heal|p1a: Weavile|26\/100|[from] item: Leftovers\n|upkeep\n|turn|42\n|\n|t:|1700592982\n|move|p1a: Weavile|Protect|p1a: Weavile\n|-singleturn|p1a: Weavile|Protect\n|move|p2a: Gholdengo|Nasty Plot|p2a: Gholdengo\n|-boost|p2a: Gholdengo|spa|2\n|\n|-heal|p1a: Weavile|32\/100|[from] item: Leftovers\n|upkeep\n|turn|43\n|\n|t:|1700592985\n|move|p1a: Weavile|Substitute|p1a: Weavile\n|-start|p1a: Weavile|Substitute\n|-damage|p1a: Weavile|7\/100\n|move|p2a: Gholdengo|Shadow Ball|p1a: Weavile\n|-resisted|p1a: Weavile\n|-end|p1a: Weavile|Substitute\n|\n|-heal|p1a: Weavile|13\/100|[from] item: Leftovers\n|upkeep\n|turn|44\n|\n|t:|1700592996\n|switch|p1a: Dondozo|Dondozo, F|100\/100 slp\n|move|p2a: Gholdengo|Nasty Plot|p2a: Gholdengo\n|-boost|p2a: Gholdengo|spa|1\n|\n|upkeep\n|turn|45\n|\n|t:|1700593008\n|switch|p2a: Samurott|Samurott-Hisui, F|7\/100 brn\n|cant|p1a: Dondozo|slp\n|\n|-damage|p2a: Samurott|0 fnt|[from] brn\n|faint|p2a: Samurott\n|upkeep\n|\n|t:|1700593016\n|switch|p2a: Zamazenta|Zamazenta|100\/100\n|-ability|p2a: Zamazenta|Dauntless Shield|boost\n|-boost|p2a: Zamazenta|def|1\n|turn|46\n|\n|t:|1700593019\n|switch|p1a: Weezing|Weezing-Galar, F|95\/100\n|-ability|p1a: Weezing|Neutralizing Gas\n|move|p2a: Zamazenta|Substitute|p2a: Zamazenta\n|-start|p2a: Zamazenta|Substitute\n|-damage|p2a: Zamazenta|75\/100\n|\n|-heal|p2a: Zamazenta|82\/100|[from] item: Leftovers\n|upkeep\n|turn|47\n|\n|t:|1700593025\n|move|p2a: Zamazenta|Iron Defense|p2a: Zamazenta\n|-boost|p2a: Zamazenta|def|2\n|move|p1a: Weezing|Sludge Bomb|p2a: Zamazenta\n|-activate|p2a: Zamazenta|move: Substitute|[damage]\n|\n|-heal|p2a: Zamazenta|88\/100|[from] item: Leftovers\n|upkeep\n|turn|48\n|\n|t:|1700593030\n|move|p2a: Zamazenta|Iron Defense|p2a: Zamazenta\n|-boost|p2a: Zamazenta|def|2\n|move|p1a: Weezing|Sludge Bomb|p2a: Zamazenta\n|-end|p2a: Zamazenta|Substitute\n|\n|-heal|p2a: Zamazenta|94\/100|[from] item: Leftovers\n|upkeep\n|turn|49\n|\n|t:|1700593034\n|-end|p1a: Weezing|ability: Neutralizing Gas\n|switch|p1a: Corviknight|Corviknight, M|100\/100\n|-ability|p1a: Corviknight|Pressure\n|move|p2a: Zamazenta|Substitute|p2a: Zamazenta\n|-start|p2a: Zamazenta|Substitute\n|-damage|p2a: Zamazenta|69\/100\n|\n|-heal|p2a: Zamazenta|75\/100|[from] item: Leftovers\n|upkeep\n|turn|50\n|\n|t:|1700593043\n|move|p2a: Zamazenta|Body Press|p1a: Corviknight\n|-damage|p1a: Corviknight|30\/100\n|-damage|p2a: Zamazenta|59\/100|[from] item: Rocky Helmet|[of] p1a: Corviknight\n|move|p1a: Corviknight|Iron Defense|p1a: Corviknight\n|-boost|p1a: Corviknight|def|2\n|\n|-heal|p2a: Zamazenta|65\/100|[from] item: Leftovers\n|upkeep\n|turn|51\n|\n|t:|1700593052\n|move|p2a: Zamazenta|Body Press|p1a: Corviknight\n|-damage|p1a: Corviknight|0 fnt\n|-damage|p2a: Zamazenta|48\/100|[from] item: Rocky Helmet|[of] p1a: Corviknight\n|faint|p1a: Corviknight\n|\n|-heal|p2a: Zamazenta|55\/100|[from] item: Leftovers\n|upkeep\n|\n|t:|1700593061\n|switch|p1a: Weezing|Weezing-Galar, F|95\/100\n|-ability|p1a: Weezing|Neutralizing Gas\n|turn|52\n|\n|t:|1700593070\n|move|p2a: Zamazenta|Iron Defense|p2a: Zamazenta\n|-boost|p2a: Zamazenta|def|1\n|move|p1a: Weezing|Sludge Bomb|p2a: Zamazenta\n|-activate|p2a: Zamazenta|move: Substitute|[damage]\n|\n|-heal|p2a: Zamazenta|61\/100|[from] item: Leftovers\n|upkeep\n|turn|53\n|\n|t:|1700593079\n|move|p2a: Zamazenta|Crunch|p1a: Weezing\n|-resisted|p1a: Weezing\n|-damage|p1a: Weezing|87\/100\n|move|p1a: Weezing|Sludge Bomb|p2a: Zamazenta\n|-end|p2a: Zamazenta|Substitute\n|\n|-heal|p2a: Zamazenta|67\/100|[from] item: Leftovers\n|upkeep\n|turn|54\n|\n|t:|1700593084\n|move|p2a: Zamazenta|Substitute|p2a: Zamazenta\n|-start|p2a: Zamazenta|Substitute\n|-damage|p2a: Zamazenta|42\/100\n|move|p1a: Weezing|Sludge Bomb|p2a: Zamazenta\n|-activate|p2a: Zamazenta|move: Substitute|[damage]\n|\n|-heal|p2a: Zamazenta|48\/100|[from] item: Leftovers\n|upkeep\n|turn|55\n|\n|t:|1700593086\n|move|p2a: Zamazenta|Body Press|p1a: Weezing\n|-resisted|p1a: Weezing\n|-damage|p1a: Weezing|66\/100\n|move|p1a: Weezing|Sludge Bomb|p2a: Zamazenta\n|-end|p2a: Zamazenta|Substitute\n|\n|-heal|p2a: Zamazenta|54\/100|[from] item: Leftovers\n|upkeep\n|turn|56\n|\n|t:|1700593090\n|move|p2a: Zamazenta|Substitute|p2a: Zamazenta\n|-start|p2a: Zamazenta|Substitute\n|-damage|p2a: Zamazenta|29\/100\n|move|p1a: Weezing|Sludge Bomb|p2a: Zamazenta\n|-activate|p2a: Zamazenta|move: Substitute|[damage]\n|\n|-heal|p2a: Zamazenta|36\/100|[from] item: Leftovers\n|upkeep\n|turn|57\n|\n|t:|1700593092\n|move|p2a: Zamazenta|Crunch|p1a: Weezing\n|-resisted|p1a: Weezing\n|-damage|p1a: Weezing|59\/100\n|move|p1a: Weezing|Sludge Bomb|p2a: Zamazenta\n|-end|p2a: Zamazenta|Substitute\n|\n|-heal|p2a: Zamazenta|42\/100|[from] item: Leftovers\n|upkeep\n|turn|58\n|\n|t:|1700593100\n|switch|p2a: Gholdengo|Gholdengo, tera:Fighting|90\/100\n|move|p1a: Weezing|Sludge Bomb|p2a: Gholdengo\n|-damage|p2a: Gholdengo|56\/100\n|-status|p2a: Gholdengo|psn\n|\n|-damage|p2a: Gholdengo|43\/100 psn|[from] psn\n|upkeep\n|turn|59\n|\n|t:|1700593105\n|switch|p2a: Great Tusk|Great Tusk|100\/100\n|-end|p1a: Weezing|ability: Neutralizing Gas\n|switch|p1a: Ting-Lu|Ting-Lu|89\/100\n|-ability|p1a: Ting-Lu|Vessel of Ruin\n|\n|-heal|p1a: Ting-Lu|95\/100|[from] item: Leftovers\n|upkeep\n|turn|60\n|\n|t:|1700593110\n|switch|p1a: Alomomola|Alomomola, M|68\/100\n|move|p2a: Great Tusk|Knock Off|p1a: Alomomola\n|-damage|p1a: Alomomola|49\/100\n|-enditem|p1a: Alomomola|Leftovers|[from] move: Knock Off|[of] p2a: Great Tusk\n|\n|upkeep\n|turn|61\n|\n|t:|1700593113\n|move|p2a: Great Tusk|Headlong Rush|p1a: Alomomola\n|-damage|p1a: Alomomola|13\/100\n|-unboost|p2a: Great Tusk|def|1\n|-unboost|p2a: Great Tusk|spd|1\n|move|p1a: Alomomola|Wish|p1a: Alomomola\n|\n|upkeep\n|turn|62\n|\n|t:|1700593117\n|move|p1a: Alomomola|Protect|p1a: Alomomola\n|-singleturn|p1a: Alomomola|Protect\n|move|p2a: Great Tusk|Headlong Rush|p1a: Alomomola\n|-activate|p1a: Alomomola|move: Protect\n|\n|-heal|p1a: Alomomola|63\/100|[from] move: Wish|[wisher] Alomomola\n|upkeep\n|turn|63\n|\n|t:|1700593126\n|-end|p2a: Great Tusk|Protosynthesis|[silent]\n|switch|p2a: Corviknight|Corviknight, M|100\/100\n|-ability|p2a: Corviknight|Pressure\n|move|p1a: Alomomola|Wish|p1a: Alomomola\n|\n|upkeep\n|turn|64\n|\n|t:|1700593131\n|switch|p1a: Weezing|Weezing-Galar, F|59\/100\n|-ability|p1a: Weezing|Neutralizing Gas\n|move|p2a: Corviknight|Body Press|p1a: Weezing\n|-resisted|p1a: Weezing\n|-damage|p1a: Weezing|55\/100\n|\n|-heal|p1a: Weezing|100\/100|[from] move: Wish|[wisher] Alomomola\n|upkeep\n|turn|65\n|\n|t:|1700593136\n|move|p2a: Corviknight|U-turn|p1a: Weezing\n|-resisted|p1a: Weezing\n|-crit|p1a: Weezing\n|-damage|p1a: Weezing|97\/100\n|\n|t:|1700593153\n|switch|p2a: Gholdengo|Gholdengo, tera:Fighting|43\/100 psn|[from] U-turn\n|move|p1a: Weezing|Will-O-Wisp||[still]\n|-fail|p1a: Weezing\n|\n|-damage|p2a: Gholdengo|31\/100 psn|[from] psn\n|upkeep\n|turn|66\n|\n|t:|1700593175\n|-end|p1a: Weezing|ability: Neutralizing Gas\n|switch|p1a: Alomomola|Alomomola, M|96\/100\n|move|p2a: Gholdengo|Make It Rain|p1a: Alomomola\n|-resisted|p1a: Alomomola\n|-damage|p1a: Alomomola|68\/100\n|-unboost|p2a: Gholdengo|spa|1\n|\n|-damage|p2a: Gholdengo|19\/100 psn|[from] psn\n|upkeep\n|turn|67\n|\n|t:|1700593179\n|switch|p2a: Kingambit|Kingambit, M|100\/100\n|-activate|p2a: Kingambit|ability: Supreme Overlord\n|-start|p2a: Kingambit|fallen1|[silent]\n|move|p1a: Alomomola|Wish|p1a: Alomomola\n|\n|upkeep\n|turn|68\n|\n|t:|1700593184\n|move|p2a: Kingambit|Swords Dance|p2a: Kingambit\n|-boost|p2a: Kingambit|atk|2\n|move|p1a: Alomomola|Flip Turn|p2a: Kingambit\n|-damage|p2a: Kingambit|87\/100\n|\n|t:|1700593189\n|switch|p1a: Weezing|Weezing-Galar, F|97\/100|[from] Flip Turn\n|-ability|p1a: Weezing|Neutralizing Gas\n|\n|-heal|p1a: Weezing|100\/100|[from] move: Wish|[wisher] Alomomola\n|upkeep\n|turn|69\n|\n|t:|1700593193\n|move|p2a: Kingambit|Iron Head|p1a: Weezing\n|-supereffective|p1a: Weezing\n|-damage|p1a: Weezing|0 fnt\n|faint|p1a: Weezing\n|-end|p1a: Weezing|ability: Neutralizing Gas\n|-activate|p2a: Kingambit|ability: Supreme Overlord\n|-start|p2a: Kingambit|fallen1|[silent]\n|\n|upkeep\n|j| Flanagan7\n|\n|t:|1700593202\n|switch|p1a: Dondozo|Dondozo, F|100\/100 slp\n|turn|70\n|\n|t:|1700593207\n|move|p2a: Kingambit|Kowtow Cleave|p1a: Dondozo\n|-damage|p1a: Dondozo|65\/100 slp\n|cant|p1a: Dondozo|slp\n|\n|upkeep\n|turn|71\n|\n|t:|1700593211\n|-end|p2a: Kingambit|fallen1|[silent]\n|switch|p2a: Gholdengo|Gholdengo, tera:Fighting|19\/100 psn\n|-curestatus|p1a: Dondozo|slp|[msg]\n|move|p1a: Dondozo|Curse|p1a: Dondozo\n|-unboost|p1a: Dondozo|spe|1\n|-boost|p1a: Dondozo|atk|1\n|-boost|p1a: Dondozo|def|1\n|\n|-damage|p2a: Gholdengo|6\/100 psn|[from] psn\n|upkeep\n|turn|72\n|\n|t:|1700593221\n|switch|p2a: Zamazenta|Zamazenta|42\/100\n|move|p1a: Dondozo|Curse|p1a: Dondozo\n|-unboost|p1a: Dondozo|spe|1\n|-boost|p1a: Dondozo|atk|1\n|-boost|p1a: Dondozo|def|1\n|\n|-heal|p2a: Zamazenta|48\/100|[from] item: Leftovers\n|upkeep\n|turn|73\n|\n|t:|1700593229\n|move|p2a: Zamazenta|Iron Defense|p2a: Zamazenta\n|-boost|p2a: Zamazenta|def|2\n|move|p1a: Dondozo|Earthquake|p2a: Zamazenta\n|-damage|p2a: Zamazenta|15\/100\n|\n|-heal|p2a: Zamazenta|21\/100|[from] item: Leftovers\n|upkeep\n|turn|74\n|\n|t:|1700593231\n|move|p2a: Zamazenta|Body Press|p1a: Dondozo\n|-damage|p1a: Dondozo|55\/100\n|move|p1a: Dondozo|Earthquake|p2a: Zamazenta\n|-crit|p2a: Zamazenta\n|-damage|p2a: Zamazenta|0 fnt\n|faint|p2a: Zamazenta\n|\n|upkeep\n|\n|t:|1700593239\n|switch|p2a: Corviknight|Corviknight, M|100\/100\n|-ability|p2a: Corviknight|Pressure\n|turn|75\n|\n|t:|1700593242\n|move|p2a: Corviknight|Brave Bird|p1a: Dondozo\n|-damage|p1a: Dondozo|45\/100\n|-damage|p2a: Corviknight|96\/100|[from] Recoil\n|move|p1a: Dondozo|Curse|p1a: Dondozo\n|-unboost|p1a: Dondozo|spe|1\n|-boost|p1a: Dondozo|atk|1\n|-boost|p1a: Dondozo|def|1\n|\n|-heal|p2a: Corviknight|100\/100|[from] item: Leftovers\n|upkeep\n|turn|76\n|\n|t:|1700593245\n|move|p2a: Corviknight|Brave Bird|p1a: Dondozo\n|-damage|p1a: Dondozo|36\/100\n|-damage|p2a: Corviknight|97\/100|[from] Recoil\n|move|p1a: Dondozo|Curse|p1a: Dondozo\n|-unboost|p1a: Dondozo|spe|1\n|-boost|p1a: Dondozo|atk|1\n|-boost|p1a: Dondozo|def|1\n|\n|-heal|p2a: Corviknight|100\/100|[from] item: Leftovers\n|upkeep\n|turn|77\n|\n|t:|1700593248\n|move|p2a: Corviknight|Brave Bird|p1a: Dondozo\n|-damage|p1a: Dondozo|29\/100\n|-damage|p2a: Corviknight|98\/100|[from] Recoil\n|move|p1a: Dondozo|Curse|p1a: Dondozo\n|-unboost|p1a: Dondozo|spe|1\n|-boost|p1a: Dondozo|atk|1\n|-boost|p1a: Dondozo|def|1\n|\n|-heal|p2a: Corviknight|100\/100|[from] item: Leftovers\n|upkeep\n|turn|78\n|\n|t:|1700593250\n|move|p2a: Corviknight|Brave Bird|p1a: Dondozo\n|-damage|p1a: Dondozo|23\/100\n|-damage|p2a: Corviknight|98\/100|[from] Recoil\n|move|p1a: Dondozo|Curse|p1a: Dondozo\n|-unboost|p1a: Dondozo|spe|1\n|-boost|p1a: Dondozo|atk|1\n|-boost|p1a: Dondozo|def|1\n|\n|-heal|p2a: Corviknight|100\/100|[from] item: Leftovers\n|upkeep\n|turn|79\n|\n|t:|1700593252\n|move|p2a: Corviknight|U-turn|p1a: Dondozo\n|-damage|p1a: Dondozo|21\/100\n|\n|t:|1700593254\n|switch|p2a: Gholdengo|Gholdengo, tera:Fighting|6\/100 psn|[from] U-turn\n|move|p1a: Dondozo|Rest|p1a: Dondozo\n|-status|p1a: Dondozo|slp|[from] move: Rest\n|-heal|p1a: Dondozo|100\/100 slp|[silent]\n|\n|-damage|p2a: Gholdengo|0 fnt|[from] psn\n|faint|p2a: Gholdengo\n|upkeep\n|\n|t:|1700593260\n|switch|p2a: Great Tusk|Great Tusk|100\/100\n|turn|80\n|\n|t:|1700593267\n|move|p2a: Great Tusk|Close Combat|p1a: Dondozo\n|-damage|p1a: Dondozo|90\/100 slp\n|-unboost|p2a: Great Tusk|def|1\n|-unboost|p2a: Great Tusk|spd|1\n|cant|p1a: Dondozo|slp\n|\n|upkeep\n|turn|81\n|\n|t:|1700593270\n|move|p2a: Great Tusk|Close Combat|p1a: Dondozo\n|-damage|p1a: Dondozo|81\/100 slp\n|-unboost|p2a: Great Tusk|def|1\n|-unboost|p2a: Great Tusk|spd|1\n|cant|p1a: Dondozo|slp\n|\n|upkeep\n|turn|82\n|\n|t:|1700593271\n|move|p2a: Great Tusk|Close Combat|p1a: Dondozo\n|-damage|p1a: Dondozo|71\/100 slp\n|-unboost|p2a: Great Tusk|def|1\n|-unboost|p2a: Great Tusk|spd|1\n|-curestatus|p1a: Dondozo|slp|[msg]\n|move|p1a: Dondozo|Avalanche|p2a: Great Tusk\n|-supereffective|p2a: Great Tusk\n|-damage|p2a: Great Tusk|0 fnt\n|faint|p2a: Great Tusk\n|-end|p2a: Great Tusk|Protosynthesis|[silent]\n|\n|upkeep\n|\n|t:|1700593273\n|switch|p2a: Corviknight|Corviknight, M|100\/100\n|-ability|p2a: Corviknight|Pressure\n|turn|83\n|\n|t:|1700593275\n|move|p2a: Corviknight|Brave Bird|p1a: Dondozo\n|-damage|p1a: Dondozo|66\/100\n|-damage|p2a: Corviknight|98\/100|[from] Recoil\n|move|p1a: Dondozo|Avalanche|p2a: Corviknight\n|-damage|p2a: Corviknight|34\/100\n|\n|-heal|p2a: Corviknight|40\/100|[from] item: Leftovers\n|upkeep\n|turn|84\n|\n|t:|1700593281\n|move|p2a: Corviknight|Roost|p2a: Corviknight\n|-heal|p2a: Corviknight|90\/100\n|-singleturn|p2a: Corviknight|move: Roost\n|move|p1a: Dondozo|Avalanche|p2a: Corviknight\n|-resisted|p2a: Corviknight\n|-damage|p2a: Corviknight|73\/100\n|\n|-heal|p2a: Corviknight|79\/100|[from] item: Leftovers\n|upkeep\n|turn|85\n|\n|t:|1700593287\n|move|p2a: Corviknight|Body Press|p1a: Dondozo\n|-damage|p1a: Dondozo|62\/100\n|move|p1a: Dondozo|Earthquake|p2a: Corviknight\n|-immune|p2a: Corviknight\n|\n|-heal|p2a: Corviknight|85\/100|[from] item: Leftovers\n|upkeep\n|turn|86\n|\n|t:|1700593290\n|move|p2a: Corviknight|Brave Bird|p1a: Dondozo\n|-damage|p1a: Dondozo|56\/100\n|-damage|p2a: Corviknight|83\/100|[from] Recoil\n|move|p1a: Dondozo|Avalanche|p2a: Corviknight\n|-damage|p2a: Corviknight|14\/100\n|\n|-heal|p2a: Corviknight|20\/100|[from] item: Leftovers\n|upkeep\n|turn|87\n|\n|t:|1700593292\n|move|p2a: Corviknight|Roost|p2a: Corviknight\n|-heal|p2a: Corviknight|70\/100\n|-singleturn|p2a: Corviknight|move: Roost\n|move|p1a: Dondozo|Earthquake|p2a: Corviknight\n|-supereffective|p2a: Corviknight\n|-damage|p2a: Corviknight|0 fnt\n|faint|p2a: Corviknight\n|\n|upkeep\n|\n|t:|1700593294\n|switch|p2a: Kingambit|Kingambit, M|87\/100\n|-activate|p2a: Kingambit|ability: Supreme Overlord\n|-start|p2a: Kingambit|fallen5|[silent]\n|turn|88\n|c|\u2606little man skwovet|gg\n|\n|t:|1700593298\n|move|p2a: Kingambit|Kowtow Cleave|p1a: Dondozo\n|-damage|p1a: Dondozo|44\/100\n|move|p1a: Dondozo|Earthquake|p2a: Kingambit\n|-supereffective|p2a: Kingambit\n|-damage|p2a: Kingambit|0 fnt\n|faint|p2a: Kingambit\n|-end|p2a: Kingambit|fallen5|[silent]\n|\n|win|little man skwovet\n|raw|little man skwovet's rating: 1678 &rarr; <strong>1700<\/strong><br \/>(+22 for winning)\n|raw|Agent Killua's rating: 1718 &rarr; <strong>1696<\/strong><br \/>(-22 for losing)\n|c|\u2606Agent Killua|gg\n","uploadtime":1700593302,"views":36,"p1id":"littlemanskwovet","p2id":"agentkillua","formatid":"gen9ou","rating":1696,"private":0,"password":""}