{"id":"gen9ou-1997197996","p1":"mathismathin","p2":"FULKU","format":"[Gen 9] OU","log":"|j|\u2606mathismathin\n|j|\u2606FULKU\n|t:|1700774620\n|gametype|singles\n|player|p1|mathismathin|nate|1739\n|player|p2|FULKU|teamrocket|1698\n|teamsize|p1|6\n|teamsize|p2|6\n|gen|9\n|tier|[Gen 9] OU\n|rated|\n|rule|Sleep Clause Mod: Limit one foe put to sleep\n|rule|Species Clause: Limit one of each Pok\u00e9mon\n|rule|OHKO Clause: OHKO moves are banned\n|rule|Evasion Items Clause: Evasion items are banned\n|rule|Evasion Moves Clause: Evasion moves are banned\n|rule|Endless Battle Clause: Forcing endless battles is banned\n|rule|HP Percentage Mod: HP is shown in percentages\n|clearpoke\n|poke|p1|Brambleghast, F|\n|poke|p1|Tornadus, M|\n|poke|p1|Great Tusk|\n|poke|p1|Corviknight, F|\n|poke|p1|Hoopa-Unbound|\n|poke|p1|Azumarill, M|\n|poke|p2|Alomomola, F|\n|poke|p2|Cinderace, F|\n|poke|p2|Kingambit, F|\n|poke|p2|Iron Valiant|\n|poke|p2|Clodsire, F|\n|poke|p2|Dragapult, F|\n|teampreview\n|j| andres3173\n|j| Heihachi Mishima\n|inactive|Battle timer is ON: inactive players will automatically lose when time's up. (requested by FULKU)\n|c|\u2606FULKU|gl hf\n|inactive|mathismathin has 120 seconds left.\n|c| andres3173|GL HF\n|c|\u2606FULKU|heat team u have\n|inactive|mathismathin has 90 seconds left.\n|\n|t:|1700774693\n|start\n|switch|p1a: frozen nuggies|Tornadus, M|100\/100\n|switch|p2a: \ud83e\udd41SAMBA\ud83e\udd41|Dragapult, F, shiny|100\/100\n|turn|1\n|c|\u2606mathismathin|lol ty\n|c|\u2606mathismathin|hf\n|\n|t:|1700774712\n|switch|p2a: \ud83e\udd5eBOLLO KADUKAO\ud83e\udd5e|Clodsire, F|100\/100\n|move|p1a: frozen nuggies|Tailwind|p1a: frozen nuggies\n|-sidestart|p1: mathismathin|move: Tailwind\n|\n|upkeep\n|turn|2\n|\n|t:|1700774718\n|move|p1a: frozen nuggies|Taunt|p2a: \ud83e\udd5eBOLLO KADUKAO\ud83e\udd5e\n|-start|p2a: \ud83e\udd5eBOLLO KADUKAO\ud83e\udd5e|move: Taunt\n|cant|p2a: \ud83e\udd5eBOLLO KADUKAO\ud83e\udd5e|move: Taunt|Toxic\n|\n|upkeep\n|turn|3\n|\n|t:|1700774732\n|switch|p1a: air fryer|Brambleghast, F|100\/100\n|-ability|p1a: air fryer|Wind Rider|boost\n|-boost|p1a: air fryer|atk|1\n|switch|p2a: \ud83d\udc1bSIUUUUUUUU\ud83d\udc1b|Cinderace, F|100\/100\n|\n|upkeep\n|turn|4\n|\n|t:|1700774741\n|-terastallize|p1a: air fryer|Ghost\n|move|p1a: air fryer|Tera Blast|p2a: \ud83d\udc1bSIUUUUUUUU\ud83d\udc1b|[anim] Tera Blast Ghost\n|-damage|p2a: \ud83d\udc1bSIUUUUUUUU\ud83d\udc1b|0 fnt\n|faint|p2a: \ud83d\udc1bSIUUUUUUUU\ud83d\udc1b\n|-damage|p1a: air fryer|91\/100|[from] item: Life Orb\n|\n|-sideend|p1: mathismathin|move: Tailwind\n|upkeep\n|c| andres3173|what xd\n|\n|t:|1700774750\n|switch|p2a: \ud83e\udd41SAMBA\ud83e\udd41|Dragapult, F, shiny|100\/100\n|turn|5\n|\n|t:|1700774773\n|move|p1a: air fryer|Shadow Sneak|p2a: \ud83e\udd41SAMBA\ud83e\udd41\n|-supereffective|p2a: \ud83e\udd41SAMBA\ud83e\udd41\n|-damage|p2a: \ud83e\udd41SAMBA\ud83e\udd41|0 fnt\n|faint|p2a: \ud83e\udd41SAMBA\ud83e\udd41\n|-damage|p1a: air fryer|81\/100|[from] item: Life Orb\n|\n|upkeep\n|c|\u2606FULKU|bro i have to say it i love ur team\n|\n|t:|1700774779\n|switch|p2a: \ud83d\udc7eP\u00daRPURA\ud83d\udc7e|Alomomola, F, shiny|100\/100\n|turn|6\n|c| andres3173|x25\n|c|\u2606mathismathin|this is supposed to be poltergeist but the team is from pre dlc and i forgot to change it lmfao\n|\n|t:|1700774792\n|move|p1a: air fryer|Power Whip|p2a: \ud83d\udc7eP\u00daRPURA\ud83d\udc7e|[miss]\n|-miss|p1a: air fryer|p2a: \ud83d\udc7eP\u00daRPURA\ud83d\udc7e\n|move|p2a: \ud83d\udc7eP\u00daRPURA\ud83d\udc7e|Scald|p1a: air fryer\n|-damage|p1a: air fryer|56\/100\n|\n|upkeep\n|turn|7\n|\n|t:|1700774801\n|move|p1a: air fryer|Power Whip|p2a: \ud83d\udc7eP\u00daRPURA\ud83d\udc7e\n|-supereffective|p2a: \ud83d\udc7eP\u00daRPURA\ud83d\udc7e\n|-crit|p2a: \ud83d\udc7eP\u00daRPURA\ud83d\udc7e\n|-damage|p2a: \ud83d\udc7eP\u00daRPURA\ud83d\udc7e|0 fnt\n|-damage|p1a: air fryer|40\/100|[from] item: Rocky Helmet|[of] p2a: \ud83d\udc7eP\u00daRPURA\ud83d\udc7e\n|faint|p2a: \ud83d\udc7eP\u00daRPURA\ud83d\udc7e\n|-damage|p1a: air fryer|30\/100|[from] item: Life Orb\n|\n|upkeep\n|\n|t:|1700774810\n|switch|p2a: \ud83e\udd90EL SIGALA\ud83e\udd90|Kingambit, F|100\/100\n|-activate|p2a: \ud83e\udd90EL SIGALA\ud83e\udd90|ability: Supreme Overlord\n|-start|p2a: \ud83e\udd90EL SIGALA\ud83e\udd90|fallen3|[silent]\n|turn|8\n|\n|t:|1700774814\n|move|p1a: air fryer|Spikes|p2a: \ud83e\udd90EL SIGALA\ud83e\udd90\n|-sidestart|p2: FULKU|Spikes\n|move|p2a: \ud83e\udd90EL SIGALA\ud83e\udd90|Kowtow Cleave|p1a: air fryer\n|-supereffective|p1a: air fryer\n|-damage|p1a: air fryer|0 fnt\n|faint|p1a: air fryer\n|\n|upkeep\n|c| andres3173|broo why you play so rarely?\n|\n|t:|1700774820\n|switch|p1a: pop corn button|Great Tusk|100\/100\n|-enditem|p1a: pop corn button|Booster Energy\n|-activate|p1a: pop corn button|ability: Protosynthesis|[fromitem]\n|-start|p1a: pop corn button|protosynthesisatk\n|turn|9\n|c|\u2606mathismathin|wdym\n|\n|t:|1700774827\n|-end|p2a: \ud83e\udd90EL SIGALA\ud83e\udd90|fallen3|[silent]\n|switch|p2a: \ud83e\udd5eBOLLO KADUKAO\ud83e\udd5e|Clodsire, F|100\/100\n|-damage|p2a: \ud83e\udd5eBOLLO KADUKAO\ud83e\udd5e|88\/100|[from] Spikes\n|move|p1a: pop corn button|Headlong Rush|p2a: \ud83e\udd5eBOLLO KADUKAO\ud83e\udd5e\n|-supereffective|p2a: \ud83e\udd5eBOLLO KADUKAO\ud83e\udd5e\n|-damage|p2a: \ud83e\udd5eBOLLO KADUKAO\ud83e\udd5e|0 fnt\n|-unboost|p1a: pop corn button|def|1\n|-unboost|p1a: pop corn button|spd|1\n|faint|p2a: \ud83e\udd5eBOLLO KADUKAO\ud83e\udd5e\n|\n|upkeep\n|\n|t:|1700774837\n|switch|p2a: \ud83d\udc51EL PRINSIPE\ud83d\udc51|Iron Valiant, shiny|100\/100\n|-damage|p2a: \ud83d\udc51EL PRINSIPE\ud83d\udc51|88\/100|[from] Spikes\n|-enditem|p2a: \ud83d\udc51EL PRINSIPE\ud83d\udc51|Booster Energy\n|-activate|p2a: \ud83d\udc51EL PRINSIPE\ud83d\udc51|ability: Quark Drive|[fromitem]\n|-start|p2a: \ud83d\udc51EL PRINSIPE\ud83d\udc51|quarkdrivespe\n|turn|10\n|\n|t:|1700774843\n|-end|p1a: pop corn button|Protosynthesis|[silent]\n|switch|p1a: i love cheerios|Corviknight, F|100\/100\n|move|p2a: \ud83d\udc51EL PRINSIPE\ud83d\udc51|Moonblast|p1a: i love cheerios\n|-resisted|p1a: i love cheerios\n|-damage|p1a: i love cheerios|82\/100\n|\n|upkeep\n|turn|11\n|j| dfghhhg\n|\n|t:|1700774851\n|move|p2a: \ud83d\udc51EL PRINSIPE\ud83d\udc51|Calm Mind|p2a: \ud83d\udc51EL PRINSIPE\ud83d\udc51\n|-boost|p2a: \ud83d\udc51EL PRINSIPE\ud83d\udc51|spa|1\n|-boost|p2a: \ud83d\udc51EL PRINSIPE\ud83d\udc51|spd|1\n|move|p1a: i love cheerios|Brave Bird|p2a: \ud83d\udc51EL PRINSIPE\ud83d\udc51\n|-supereffective|p2a: \ud83d\udc51EL PRINSIPE\ud83d\udc51\n|-damage|p2a: \ud83d\udc51EL PRINSIPE\ud83d\udc51|0 fnt\n|faint|p2a: \ud83d\udc51EL PRINSIPE\ud83d\udc51\n|-end|p2a: \ud83d\udc51EL PRINSIPE\ud83d\udc51|Quark Drive|[silent]\n|-damage|p1a: i love cheerios|61\/100|[from] Recoil\n|\n|upkeep\n|\n|t:|1700774859\n|switch|p2a: \ud83e\udd90EL SIGALA\ud83e\udd90|Kingambit, F|100\/100\n|-damage|p2a: \ud83e\udd90EL SIGALA\ud83e\udd90|88\/100|[from] Spikes\n|-activate|p2a: \ud83e\udd90EL SIGALA\ud83e\udd90|ability: Supreme Overlord\n|-start|p2a: \ud83e\udd90EL SIGALA\ud83e\udd90|fallen5|[silent]\n|turn|12\n|j| JoeyIreland11\n|\n|t:|1700774864\n|move|p2a: \ud83e\udd90EL SIGALA\ud83e\udd90|Swords Dance|p2a: \ud83e\udd90EL SIGALA\ud83e\udd90\n|-boost|p2a: \ud83e\udd90EL SIGALA\ud83e\udd90|atk|2\n|move|p1a: i love cheerios|U-turn|p2a: \ud83e\udd90EL SIGALA\ud83e\udd90\n|-damage|p2a: \ud83e\udd90EL SIGALA\ud83e\udd90|77\/100\n|\n|t:|1700774867\n|switch|p1a: pop corn button|Great Tusk|100\/100|[from] U-turn\n|\n|-heal|p2a: \ud83e\udd90EL SIGALA\ud83e\udd90|84\/100|[from] item: Leftovers\n|upkeep\n|turn|13\n|\n|t:|1700774873\n|-terastallize|p2a: \ud83e\udd90EL SIGALA\ud83e\udd90|Flying\n|move|p1a: pop corn button|Bulk Up|p1a: pop corn button\n|-boost|p1a: pop corn button|atk|1\n|-boost|p1a: pop corn button|def|1\n|move|p2a: \ud83e\udd90EL SIGALA\ud83e\udd90|Iron Head|p1a: pop corn button\n|-damage|p1a: pop corn button|32\/100\n|\n|-heal|p2a: \ud83e\udd90EL SIGALA\ud83e\udd90|90\/100|[from] item: Leftovers\n|upkeep\n|turn|14\n|\n|t:|1700774882\n|move|p2a: \ud83e\udd90EL SIGALA\ud83e\udd90|Sucker Punch|p1a: pop corn button\n|-resisted|p1a: pop corn button\n|-damage|p1a: pop corn button|0 fnt\n|faint|p1a: pop corn button\n|-end|p1a: pop corn button|Protosynthesis|[silent]\n|\n|-heal|p2a: \ud83e\udd90EL SIGALA\ud83e\udd90|96\/100|[from] item: Leftovers\n|upkeep\n|\n|t:|1700774885\n|switch|p1a: addicted to beans|Azumarill, M|100\/100\n|turn|15\n|\n|t:|1700774891\n|move|p1a: addicted to beans|Encore|p2a: \ud83e\udd90EL SIGALA\ud83e\udd90\n|-start|p2a: \ud83e\udd90EL SIGALA\ud83e\udd90|Encore\n|move|p2a: \ud83e\udd90EL SIGALA\ud83e\udd90|Sucker Punch||[still]\n|-fail|p2a: \ud83e\udd90EL SIGALA\ud83e\udd90\n|\n|-heal|p2a: \ud83e\udd90EL SIGALA\ud83e\udd90|100\/100|[from] item: Leftovers\n|upkeep\n|turn|16\n|\n|t:|1700774898\n|move|p2a: \ud83e\udd90EL SIGALA\ud83e\udd90|Sucker Punch||[still]\n|-fail|p2a: \ud83e\udd90EL SIGALA\ud83e\udd90\n|move|p1a: addicted to beans|Belly Drum|p1a: addicted to beans\n|-damage|p1a: addicted to beans|50\/100\n|-setboost|p1a: addicted to beans|atk|6|[from] move: Belly Drum\n|-enditem|p1a: addicted to beans|Sitrus Berry|[eat]\n|-heal|p1a: addicted to beans|75\/100|[from] item: Sitrus Berry\n|\n|upkeep\n|turn|17\n|c| andres3173|what xd\n|\n|t:|1700774905\n|move|p1a: addicted to beans|Aqua Jet|p2a: \ud83e\udd90EL SIGALA\ud83e\udd90\n|-crit|p2a: \ud83e\udd90EL SIGALA\ud83e\udd90\n|-damage|p2a: \ud83e\udd90EL SIGALA\ud83e\udd90|5\/100\n|move|p2a: \ud83e\udd90EL SIGALA\ud83e\udd90|Sucker Punch||[still]\n|-fail|p2a: \ud83e\udd90EL SIGALA\ud83e\udd90\n|\n|-heal|p2a: \ud83e\udd90EL SIGALA\ud83e\udd90|11\/100|[from] item: Leftovers\n|-end|p2a: \ud83e\udd90EL SIGALA\ud83e\udd90|Encore\n|upkeep\n|turn|18\n|c| andres3173|max spe azu encore\n|c|\u2606mathismathin|gg\n|c|\u2606FULKU|gg\n|c|\u2606FULKU|got turbo goobed\n|c|\u2606FULKU|<3\n|c|\u2606FULKU|deserved win\n|\n|t:|1700774929\n|move|p1a: addicted to beans|Aqua Jet|p2a: \ud83e\udd90EL SIGALA\ud83e\udd90\n|-damage|p2a: \ud83e\udd90EL SIGALA\ud83e\udd90|0 fnt\n|faint|p2a: \ud83e\udd90EL SIGALA\ud83e\udd90\n|-end|p2a: \ud83e\udd90EL SIGALA\ud83e\udd90|fallen5|[silent]\n|\n|win|mathismathin\n|raw|mathismathin's rating: 1739 &rarr; <strong>1757<\/strong><br \/>(+18 for winning)\n|raw|FULKU's rating: 1698 &rarr; <strong>1680<\/strong><br \/>(-18 for losing)\n","uploadtime":1700774933,"views":4,"p1id":"mathismathin","p2id":"fulku","formatid":"gen9ou","rating":1680,"private":0,"password":""}