{"id":"gen9ou-1991653847","p1":"Kantonian Ash","p2":"Dededorn2","format":"[Gen 9] OU","log":"|j|\u2606Kantonian Ash\n|j|\u2606Dededorn2\n|t:|1700098867\n|gametype|singles\n|player|p1|Kantonian Ash|misty|1167\n|player|p2|Dededorn2|guitarist|1108\n|teamsize|p1|6\n|teamsize|p2|6\n|gen|9\n|tier|[Gen 9] OU\n|rated|\n|rule|Sleep Clause Mod: Limit one foe put to sleep\n|rule|Species Clause: Limit one of each Pok\u00e9mon\n|rule|OHKO Clause: OHKO moves are banned\n|rule|Evasion Items Clause: Evasion items are banned\n|rule|Evasion Moves Clause: Evasion moves are banned\n|rule|Endless Battle Clause: Forcing endless battles is banned\n|rule|HP Percentage Mod: HP is shown in percentages\n|clearpoke\n|poke|p1|Sneasler, M|\n|poke|p1|Zapdos|\n|poke|p1|Decidueye-Hisui, M|\n|poke|p1|Ceruledge, M|\n|poke|p1|Walking Wake|\n|poke|p1|Great Tusk|\n|poke|p2|Slowking, F|\n|poke|p2|Thundurus-Therian, M|\n|poke|p2|Great Tusk|\n|poke|p2|Grimmsnarl, M|\n|poke|p2|Scizor, F|\n|poke|p2|Rillaboom, F|\n|teampreview\n|\n|t:|1700098882\n|start\n|switch|p1a: Great Tusk|Great Tusk|100\/100\n|switch|p2a: Thundurus|Thundurus-Therian, M|100\/100\n|turn|1\n|\n|t:|1700098887\n|move|p2a: Thundurus|Grass Knot|p1a: Great Tusk\n|-supereffective|p1a: Great Tusk\n|-damage|p1a: Great Tusk|0 fnt\n|faint|p1a: Great Tusk\n|-end|p1a: Great Tusk|Protosynthesis|[silent]\n|\n|upkeep\n|c|\u2606Kantonian Ash|whoah\n|c|\u2606Kantonian Ash|obvious hacking\n|c|\u2606Dededorn2|mb mb\n|c|\u2606Kantonian Ash|xD\n|\n|t:|1700098908\n|switch|p1a: Ceruledge|Ceruledge, M|100\/100\n|turn|2\n|\n|t:|1700098914\n|switch|p2a: Grimmsnarl|Grimmsnarl, M|100\/100\n|move|p1a: Ceruledge|Flame Charge|p2a: Grimmsnarl\n|-damage|p2a: Grimmsnarl|68\/100\n|-boost|p1a: Ceruledge|spe|1\n|\n|upkeep\n|turn|3\n|\n|t:|1700098921\n|move|p2a: Grimmsnarl|Trick|p1a: Ceruledge\n|-activate|p2a: Grimmsnarl|move: Trick|[of] p1a: Ceruledge\n|-item|p1a: Ceruledge|Choice Band|[from] move: Trick\n|-item|p2a: Grimmsnarl|Leftovers|[from] move: Trick\n|move|p1a: Ceruledge|Swords Dance|p1a: Ceruledge\n|-boost|p1a: Ceruledge|atk|2\n|\n|-heal|p2a: Grimmsnarl|74\/100|[from] item: Leftovers\n|upkeep\n|turn|4\n|c|\u2606Kantonian Ash|wrekt\n|\n|t:|1700098941\n|switch|p1a: Zapdos|Zapdos|100\/100\n|-ability|p1a: Zapdos|Pressure\n|move|p2a: Grimmsnarl|Crunch|p1a: Zapdos\n|-damage|p1a: Zapdos|55\/100\n|\n|-heal|p2a: Grimmsnarl|80\/100|[from] item: Leftovers\n|upkeep\n|turn|5\n|\n|t:|1700098949\n|move|p2a: Grimmsnarl|Parting Shot|p1a: Zapdos\n|-unboost|p1a: Zapdos|atk|1\n|-unboost|p1a: Zapdos|spa|1\n|\n|t:|1700098954\n|switch|p2a: Thundurus|Thundurus-Therian, M|100\/100|[from] Parting Shot\n|move|p1a: Zapdos|Hurricane|p2a: Thundurus|[miss]\n|-miss|p1a: Zapdos|p2a: Thundurus\n|\n|upkeep\n|turn|6\n|\n|t:|1700098961\n|move|p2a: Thundurus|Volt Switch|p1a: Zapdos\n|-damage|p1a: Zapdos|2\/100\n|\n|t:|1700098967\n|switch|p2a: Grimmsnarl|Grimmsnarl, M|80\/100|[from] Volt Switch\n|move|p1a: Zapdos|Light Screen|p1a: Zapdos\n|-sidestart|p1: Kantonian Ash|move: Light Screen\n|\n|-heal|p2a: Grimmsnarl|86\/100|[from] item: Leftovers\n|upkeep\n|turn|7\n|\n|t:|1700098977\n|move|p2a: Grimmsnarl|Trick|p1a: Zapdos\n|-activate|p2a: Grimmsnarl|move: Trick|[of] p1a: Zapdos\n|-item|p1a: Zapdos|Leftovers|[from] move: Trick\n|-item|p2a: Grimmsnarl|Light Clay|[from] move: Trick\n|move|p1a: Zapdos|Discharge|p2a: Grimmsnarl\n|-damage|p2a: Grimmsnarl|51\/100\n|\n|-heal|p1a: Zapdos|8\/100|[from] item: Leftovers\n|upkeep\n|turn|8\n|\n|t:|1700098988\n|move|p1a: Zapdos|Discharge|p2a: Grimmsnarl\n|-damage|p2a: Grimmsnarl|20\/100\n|move|p2a: Grimmsnarl|Spirit Break|p1a: Zapdos\n|-damage|p1a: Zapdos|0 fnt\n|faint|p1a: Zapdos\n|\n|upkeep\n|\n|t:|1700099008\n|switch|p1a: Decidueye|Decidueye-Hisui, M, shiny|100\/100\n|turn|9\n|\n|t:|1700099014\n|move|p2a: Grimmsnarl|Parting Shot|p1a: Decidueye\n|-unboost|p1a: Decidueye|atk|1\n|-unboost|p1a: Decidueye|spa|1\n|\n|t:|1700099022\n|switch|p2a: Scizor|Scizor, F|100\/100|[from] Parting Shot\n|move|p1a: Decidueye|Trailblaze|p2a: Scizor\n|-resisted|p2a: Scizor\n|-damage|p2a: Scizor|98\/100\n|-boost|p1a: Decidueye|spe|1\n|\n|upkeep\n|turn|10\n|\n|t:|1700099030\n|-terastallize|p1a: Decidueye|Steel\n|move|p1a: Decidueye|Bulk Up|p1a: Decidueye\n|-boost|p1a: Decidueye|atk|1\n|-boost|p1a: Decidueye|def|1\n|move|p2a: Scizor|U-turn|p1a: Decidueye\n|-resisted|p1a: Decidueye\n|-damage|p1a: Decidueye|86\/100\n|\n|t:|1700099038\n|switch|p2a: Rillaboom|Rillaboom, F|100\/100|[from] U-turn\n|-fieldstart|move: Grassy Terrain|[from] ability: Grassy Surge|[of] p2a: Rillaboom\n|\n|-heal|p1a: Decidueye|92\/100|[from] Grassy Terrain\n|upkeep\n|turn|11\n|\n|t:|1700099045\n|move|p1a: Decidueye|Bulk Up|p1a: Decidueye\n|-boost|p1a: Decidueye|atk|1\n|-boost|p1a: Decidueye|def|1\n|move|p2a: Rillaboom|Drain Punch|p1a: Decidueye\n|-supereffective|p1a: Decidueye\n|-damage|p1a: Decidueye|59\/100\n|-enditem|p1a: Decidueye|Weakness Policy\n|-boost|p1a: Decidueye|atk|2|[from] item: Weakness Policy\n|-boost|p1a: Decidueye|spa|2|[from] item: Weakness Policy\n|\n|-heal|p1a: Decidueye|65\/100|[from] Grassy Terrain\n|upkeep\n|turn|12\n|\n|t:|1700099055\n|move|p1a: Decidueye|Trailblaze|p2a: Rillaboom\n|-resisted|p2a: Rillaboom\n|-crit|p2a: Rillaboom\n|-damage|p2a: Rillaboom|55\/100\n|-boost|p1a: Decidueye|spe|1\n|move|p2a: Rillaboom|Drain Punch|p1a: Decidueye\n|-supereffective|p1a: Decidueye\n|-damage|p1a: Decidueye|37\/100\n|-heal|p2a: Rillaboom|69\/100|[from] drain|[of] p1a: Decidueye\n|\n|-heal|p1a: Decidueye|43\/100|[from] Grassy Terrain\n|-heal|p2a: Rillaboom|75\/100|[from] Grassy Terrain\n|-heal|p2a: Rillaboom|81\/100|[from] item: Leftovers\n|upkeep\n|turn|13\n|\n|t:|1700099068\n|move|p1a: Decidueye|Bulk Up|p1a: Decidueye\n|-boost|p1a: Decidueye|atk|1\n|-boost|p1a: Decidueye|def|1\n|move|p2a: Rillaboom|Drain Punch|p1a: Decidueye\n|-supereffective|p1a: Decidueye\n|-damage|p1a: Decidueye|17\/100\n|-heal|p2a: Rillaboom|93\/100|[from] drain|[of] p1a: Decidueye\n|\n|-heal|p1a: Decidueye|24\/100|[from] Grassy Terrain\n|-heal|p2a: Rillaboom|99\/100|[from] Grassy Terrain\n|-heal|p2a: Rillaboom|100\/100|[from] item: Leftovers\n|-sideend|p1: Kantonian Ash|move: Light Screen\n|upkeep\n|turn|14\n|\n|t:|1700099082\n|move|p1a: Decidueye|Roost|p1a: Decidueye\n|-heal|p1a: Decidueye|74\/100\n|move|p2a: Rillaboom|Drain Punch|p1a: Decidueye\n|-supereffective|p1a: Decidueye\n|-damage|p1a: Decidueye|51\/100\n|\n|-heal|p1a: Decidueye|57\/100|[from] Grassy Terrain\n|-fieldend|move: Grassy Terrain\n|upkeep\n|turn|15\n|\n|t:|1700099092\n|move|p1a: Decidueye|Trailblaze|p2a: Rillaboom\n|-resisted|p2a: Rillaboom\n|-damage|p2a: Rillaboom|72\/100\n|-boost|p1a: Decidueye|spe|1\n|move|p2a: Rillaboom|Drain Punch|p1a: Decidueye\n|-supereffective|p1a: Decidueye\n|-damage|p1a: Decidueye|31\/100\n|-heal|p2a: Rillaboom|85\/100|[from] drain|[of] p1a: Decidueye\n|\n|-heal|p2a: Rillaboom|91\/100|[from] item: Leftovers\n|upkeep\n|turn|16\n|\n|t:|1700099107\n|move|p1a: Decidueye|Roost|p1a: Decidueye\n|-heal|p1a: Decidueye|81\/100\n|move|p2a: Rillaboom|Drain Punch|p1a: Decidueye\n|-supereffective|p1a: Decidueye\n|-damage|p1a: Decidueye|54\/100\n|-heal|p2a: Rillaboom|100\/100|[from] drain|[of] p1a: Decidueye\n|\n|upkeep\n|turn|17\n|\n|t:|1700099120\n|move|p1a: Decidueye|Triple Arrows|p2a: Rillaboom\n|-damage|p2a: Rillaboom|8\/100\n|-unboost|p2a: Rillaboom|def|1\n|move|p2a: Rillaboom|U-turn|p1a: Decidueye\n|-resisted|p1a: Decidueye\n|-damage|p1a: Decidueye|49\/100\n|\n|t:|1700099130\n|switch|p2a: Thundurus|Thundurus-Therian, M|100\/100|[from] U-turn\n|\n|upkeep\n|turn|18\n|\n|t:|1700099138\n|move|p1a: Decidueye|Roost|p1a: Decidueye\n|-heal|p1a: Decidueye|99\/100\n|move|p2a: Thundurus|Volt Switch|p1a: Decidueye\n|-damage|p1a: Decidueye|56\/100\n|\n|t:|1700099148\n|switch|p2a: Grimmsnarl|Grimmsnarl, M|20\/100|[from] Volt Switch\n|\n|upkeep\n|turn|19\n|\n|t:|1700099163\n|move|p2a: Grimmsnarl|Parting Shot|p1a: Decidueye\n|-unboost|p1a: Decidueye|atk|1\n|-unboost|p1a: Decidueye|spa|1\n|\n|t:|1700099171\n|switch|p2a: Scizor|Scizor, F|98\/100|[from] Parting Shot\n|move|p1a: Decidueye|Bulk Up|p1a: Decidueye\n|-boost|p1a: Decidueye|atk|1\n|-boost|p1a: Decidueye|def|1\n|\n|upkeep\n|turn|20\n|\n|t:|1700099179\n|move|p1a: Decidueye|Roost|p1a: Decidueye\n|-heal|p1a: Decidueye|100\/100\n|move|p2a: Scizor|Close Combat|p1a: Decidueye\n|-supereffective|p1a: Decidueye\n|-damage|p1a: Decidueye|67\/100\n|-unboost|p2a: Scizor|def|1\n|-unboost|p2a: Scizor|spd|1\n|\n|upkeep\n|turn|21\n|\n|t:|1700099187\n|switch|p2a: Grimmsnarl|Grimmsnarl, M|20\/100\n|move|p1a: Decidueye|Bulk Up|p1a: Decidueye\n|-boost|p1a: Decidueye|atk|1\n|-boost|p1a: Decidueye|def|1\n|\n|upkeep\n|turn|22\n|\n|t:|1700099206\n|move|p2a: Grimmsnarl|Parting Shot|p1a: Decidueye\n|-unboost|p1a: Decidueye|atk|1\n|-unboost|p1a: Decidueye|spa|1\n|\n|t:|1700099209\n|switch|p2a: Scizor|Scizor, F|98\/100|[from] Parting Shot\n|move|p1a: Decidueye|Trailblaze|p2a: Scizor\n|-resisted|p2a: Scizor\n|-crit|p2a: Scizor\n|-damage|p2a: Scizor|75\/100\n|-boost|p1a: Decidueye|spe|1\n|\n|upkeep\n|turn|23\n|\n|t:|1700099248\n|move|p1a: Decidueye|Triple Arrows|p2a: Scizor\n|-damage|p2a: Scizor|0 fnt\n|faint|p2a: Scizor\n|\n|upkeep\n|inactive|Battle timer is ON: inactive players will automatically lose when time's up. (requested by Kantonian Ash)\n|\n|t:|1700099258\n|switch|p2a: Thundurus|Thundurus-Therian, M|100\/100\n|turn|24\n|\n|t:|1700099274\n|-terastallize|p2a: Thundurus|Electric\n|move|p1a: Decidueye|Roost|p1a: Decidueye\n|-heal|p1a: Decidueye|100\/100\n|move|p2a: Thundurus|Volt Switch|p1a: Decidueye\n|-damage|p1a: Decidueye|46\/100\n|\n|t:|1700099287\n|switch|p2a: Grimmsnarl|Grimmsnarl, M|20\/100|[from] Volt Switch\n|\n|upkeep\n|turn|25\n|\n|t:|1700099292\n|move|p2a: Grimmsnarl|Parting Shot|p1a: Decidueye\n|-unboost|p1a: Decidueye|atk|1\n|-unboost|p1a: Decidueye|spa|1\n|\n|t:|1700099305\n|switch|p2a: Slowking|Slowking, F|100\/100|[from] Parting Shot\n|move|p1a: Decidueye|Roost|p1a: Decidueye\n|-heal|p1a: Decidueye|97\/100\n|\n|upkeep\n|turn|26\n|\n|t:|1700099312\n|move|p1a: Decidueye|Trailblaze|p2a: Slowking\n|-supereffective|p2a: Slowking\n|-damage|p2a: Slowking|6\/100\n|-boost|p1a: Decidueye|spe|1\n|move|p2a: Slowking|Scald|p1a: Decidueye\n|-damage|p1a: Decidueye|77\/100\n|\n|upkeep\n|turn|27\n|\n|t:|1700099323\n|move|p1a: Decidueye|Trailblaze|p2a: Slowking\n|-supereffective|p2a: Slowking\n|-damage|p2a: Slowking|0 fnt\n|-boost|p1a: Decidueye|spe|1\n|faint|p2a: Slowking\n|\n|upkeep\n|\n|t:|1700099326\n|switch|p2a: Great Tusk|Great Tusk|100\/100\n|turn|28\n|\n|t:|1700099332\n|move|p1a: Decidueye|Triple Arrows|p2a: Great Tusk\n|-damage|p2a: Great Tusk|53\/100\n|-unboost|p2a: Great Tusk|def|1\n|cant|p2a: Great Tusk|flinch\n|\n|upkeep\n|turn|29\n|\n|t:|1700099338\n|-end|p2a: Great Tusk|Protosynthesis|[silent]\n|switch|p2a: Grimmsnarl|Grimmsnarl, M|20\/100\n|move|p1a: Decidueye|Trailblaze|p2a: Grimmsnarl\n|-damage|p2a: Grimmsnarl|0 fnt\n|faint|p2a: Grimmsnarl\n|\n|upkeep\n|\n|t:|1700099342\n|switch|p2a: Great Tusk|Great Tusk|53\/100\n|turn|30\n|\n|t:|1700099346\n|move|p1a: Decidueye|Trailblaze|p2a: Great Tusk\n|-supereffective|p2a: Great Tusk\n|-damage|p2a: Great Tusk|0 fnt\n|faint|p2a: Great Tusk\n|-end|p2a: Great Tusk|Protosynthesis|[silent]\n|\n|upkeep\n|\n|t:|1700099352\n|switch|p2a: Thundurus|Thundurus-Therian, M, tera:Electric|100\/100\n|turn|31\n|\n|t:|1700099356\n|move|p1a: Decidueye|Triple Arrows|p2a: Thundurus\n|-damage|p2a: Thundurus|0 fnt\n|faint|p2a: Thundurus\n|\n|upkeep\n|\n|t:|1700099361\n|switch|p2a: Rillaboom|Rillaboom, F|8\/100\n|-fieldstart|move: Grassy Terrain|[from] ability: Grassy Surge|[of] p2a: Rillaboom\n|turn|32\n|\n|t:|1700099365\n|move|p1a: Decidueye|Trailblaze|p2a: Rillaboom\n|-resisted|p2a: Rillaboom\n|-damage|p2a: Rillaboom|0 fnt\n|faint|p2a: Rillaboom\n|\n|win|Kantonian Ash\n|raw|Kantonian Ash's rating: 1167 &rarr; <strong>1188<\/strong><br \/>(+21 for winning)\n|raw|Dededorn2's rating: 1108 &rarr; <strong>1087<\/strong><br \/>(-21 for losing)\n|l|\u2606Dededorn2\n|c|\u2606Kantonian Ash|gg\n","uploadtime":1700099374,"views":15,"p1id":"kantonianash","p2id":"dededorn2","formatid":"gen9ou","rating":1087,"private":0,"password":""}