{"id":"gen9ou-1995485965","p1":"illbegoodthistime","p2":"BidoofBlaznThatIsh","format":"[Gen 9] OU","log":"|j|\u203dillbegoodthistime\n|j|\u2606BidoofBlaznThatIsh\n|t:|1700576062\n|gametype|singles\n|player|p1|illbegoodthistime|rood|1509\n|player|p2|BidoofBlaznThatIsh|fantina|1488\n|teamsize|p1|6\n|teamsize|p2|6\n|gen|9\n|tier|[Gen 9] OU\n|rated|\n|rule|Sleep Clause Mod: Limit one foe put to sleep\n|rule|Species Clause: Limit one of each Pok\u00e9mon\n|rule|OHKO Clause: OHKO moves are banned\n|rule|Evasion Items Clause: Evasion items are banned\n|rule|Evasion Moves Clause: Evasion moves are banned\n|rule|Endless Battle Clause: Forcing endless battles is banned\n|rule|HP Percentage Mod: HP is shown in percentages\n|clearpoke\n|poke|p1|Ribombee, M|\n|poke|p1|Manaphy|\n|poke|p1|Kingambit, M|\n|poke|p1|Gholdengo|\n|poke|p1|Iron Moth|\n|poke|p1|Ogerpon-Wellspring, F|\n|poke|p2|Torkoal, M|\n|poke|p2|Lilligant-Hisui, F|\n|poke|p2|Walking Wake|\n|poke|p2|Iron Moth|\n|poke|p2|Gholdengo|\n|poke|p2|Great Tusk|\n|teampreview\n|inactive|Battle timer is ON: inactive players will automatically lose when time's up. (requested by BidoofBlaznThatIsh)\n|inactive|illbegoodthistime also wants the timer to be on.\n|c|\u2606BidoofBlaznThatIsh|glhf\n|inactive|BidoofBlaznThatIsh has 120 seconds left.\n|\n|t:|1700576096\n|start\n|switch|p1a: Ribombee|Ribombee, M, shiny|100\/100\n|switch|p2a: Twerkoal|Torkoal, M|100\/100\n|-weather|SunnyDay|[from] ability: Drought|[of] p2a: Twerkoal\n|turn|1\n|\n|t:|1700576102\n|move|p1a: Ribombee|Sticky Web|p2a: Twerkoal\n|-sidestart|p2: BidoofBlaznThatIsh|move: Sticky Web\n|move|p2a: Twerkoal|Stealth Rock|p1a: Ribombee\n|-sidestart|p1: illbegoodthistime|move: Stealth Rock\n|\n|-weather|SunnyDay|[upkeep]\n|upkeep\n|turn|2\n|\n|t:|1700576116\n|switch|p1a: Ogerpon|Ogerpon-Wellspring, F|100\/100\n|-damage|p1a: Ogerpon|88\/100|[from] Stealth Rock\n|move|p2a: Twerkoal|Rapid Spin|p1a: Ogerpon\n|-damage|p1a: Ogerpon|76\/100\n|-boost|p2a: Twerkoal|spe|1\n|-sideend|p2: BidoofBlaznThatIsh|Sticky Web|[from] move: Rapid Spin|[of] p2a: Twerkoal\n|\n|-weather|SunnyDay|[upkeep]\n|upkeep\n|turn|3\n|\n|t:|1700576130\n|switch|p2a: Lilligant|Lilligant-Hisui, F|100\/100\n|move|p1a: Ogerpon|Ivy Cudgel|p2a: Lilligant|[anim] Ivy Cudgel Water\n|-resisted|p2a: Lilligant\n|-damage|p2a: Lilligant|77\/100\n|\n|-weather|SunnyDay|[upkeep]\n|-heal|p2a: Lilligant|83\/100|[from] item: Leftovers\n|upkeep\n|turn|4\n|\n|t:|1700576152\n|switch|p2a: Iron Moth|Iron Moth|100\/100\n|-enditem|p2a: Iron Moth|Booster Energy\n|-activate|p2a: Iron Moth|ability: Quark Drive|[fromitem]\n|-start|p2a: Iron Moth|quarkdrivespe\n|switch|p1a: Iron Moth|Iron Moth, shiny|100\/100\n|-damage|p1a: Iron Moth|76\/100|[from] Stealth Rock\n|-enditem|p1a: Iron Moth|Booster Energy\n|-activate|p1a: Iron Moth|ability: Quark Drive|[fromitem]\n|-start|p1a: Iron Moth|quarkdrivespe\n|\n|-weather|SunnyDay|[upkeep]\n|upkeep\n|turn|5\n|\n|t:|1700576160\n|move|p1a: Iron Moth|Psychic|p2a: Iron Moth\n|-supereffective|p2a: Iron Moth\n|-damage|p2a: Iron Moth|31\/100\n|move|p2a: Iron Moth|Fiery Dance|p1a: Iron Moth\n|-resisted|p1a: Iron Moth\n|-damage|p1a: Iron Moth|42\/100\n|-boost|p2a: Iron Moth|spa|1\n|\n|-weather|SunnyDay|[upkeep]\n|upkeep\n|turn|6\n|\n|t:|1700576179\n|-end|p2a: Iron Moth|Quark Drive|[silent]\n|switch|p2a: Walking Wake|Walking Wake|100\/100\n|-activate|p2a: Walking Wake|ability: Protosynthesis\n|-start|p2a: Walking Wake|protosynthesisspa\n|move|p1a: Iron Moth|Psychic|p2a: Walking Wake\n|-damage|p2a: Walking Wake|62\/100\n|\n|-weather|SunnyDay|[upkeep]\n|upkeep\n|turn|7\n|\n|t:|1700576192\n|move|p1a: Iron Moth|Dazzling Gleam|p2a: Walking Wake\n|-supereffective|p2a: Walking Wake\n|-damage|p2a: Walking Wake|2\/100\n|move|p2a: Walking Wake|Hydro Steam|p1a: Iron Moth\n|-supereffective|p1a: Iron Moth\n|-crit|p1a: Iron Moth\n|-damage|p1a: Iron Moth|0 fnt\n|faint|p1a: Iron Moth\n|-end|p1a: Iron Moth|Quark Drive|[silent]\n|\n|-weather|SunnyDay|[upkeep]\n|upkeep\n|\n|t:|1700576197\n|switch|p1a: Ogerpon|Ogerpon-Wellspring, F|76\/100\n|-damage|p1a: Ogerpon|64\/100|[from] Stealth Rock\n|turn|8\n|\n|t:|1700576207\n|-end|p2a: Walking Wake|Protosynthesis|[silent]\n|switch|p2a: Lilligant|Lilligant-Hisui, F|83\/100\n|move|p1a: Ogerpon|Ivy Cudgel|p2a: Lilligant|[anim] Ivy Cudgel Water\n|-resisted|p2a: Lilligant\n|-crit|p2a: Lilligant\n|-damage|p2a: Lilligant|49\/100\n|\n|-weather|none\n|-heal|p2a: Lilligant|55\/100|[from] item: Leftovers\n|upkeep\n|turn|9\n|\n|t:|1700576220\n|move|p1a: Ogerpon|Ivy Cudgel|p2a: Lilligant|[anim] Ivy Cudgel Water\n|-resisted|p2a: Lilligant\n|-damage|p2a: Lilligant|9\/100\n|move|p2a: Lilligant|Close Combat|p1a: Ogerpon\n|-damage|p1a: Ogerpon|0 fnt\n|-unboost|p2a: Lilligant|def|1\n|-unboost|p2a: Lilligant|spd|1\n|faint|p1a: Ogerpon\n|\n|-heal|p2a: Lilligant|15\/100|[from] item: Leftovers\n|upkeep\n|\n|t:|1700576229\n|switch|p1a: Ribombee|Ribombee, M, shiny|100\/100\n|-damage|p1a: Ribombee|76\/100|[from] Stealth Rock\n|turn|10\n|\n|t:|1700576235\n|switch|p2a: Twerkoal|Torkoal, M|100\/100\n|-weather|SunnyDay|[from] ability: Drought|[of] p2a: Twerkoal\n|move|p1a: Ribombee|Psychic|p2a: Twerkoal\n|-damage|p2a: Twerkoal|77\/100\n|\n|-weather|SunnyDay|[upkeep]\n|upkeep\n|turn|11\n|\n|t:|1700576263\n|switch|p1a: Gholdengo|Gholdengo, shiny|100\/100\n|-damage|p1a: Gholdengo|94\/100|[from] Stealth Rock\n|-item|p1a: Gholdengo|Air Balloon\n|move|p2a: Twerkoal|Lava Plume|p1a: Gholdengo\n|-supereffective|p1a: Gholdengo\n|-damage|p1a: Gholdengo|19\/100\n|-status|p1a: Gholdengo|brn\n|-enditem|p1a: Gholdengo|Air Balloon\n|\n|-weather|SunnyDay|[upkeep]\n|-damage|p1a: Gholdengo|13\/100 brn|[from] brn\n|upkeep\n|turn|12\n|\n|t:|1700576276\n|move|p1a: Gholdengo|Shadow Ball|p2a: Twerkoal\n|-damage|p2a: Twerkoal|36\/100\n|move|p2a: Twerkoal|Lava Plume|p1a: Gholdengo\n|-supereffective|p1a: Gholdengo\n|-damage|p1a: Gholdengo|0 fnt\n|faint|p1a: Gholdengo\n|\n|-weather|SunnyDay|[upkeep]\n|upkeep\n|\n|t:|1700576280\n|switch|p1a: Manaphy|Manaphy, shiny|100\/100\n|-damage|p1a: Manaphy|88\/100|[from] Stealth Rock\n|turn|13\n|\n|t:|1700576291\n|switch|p2a: Iron Moth|Iron Moth|31\/100\n|-terastallize|p1a: Manaphy|Grass\n|move|p1a: Manaphy|Tail Glow|p1a: Manaphy\n|-boost|p1a: Manaphy|spa|3\n|\n|-weather|SunnyDay|[upkeep]\n|-heal|p1a: Manaphy|94\/100|[from] item: Leftovers\n|upkeep\n|turn|14\n|\n|t:|1700576296\n|move|p2a: Iron Moth|Fiery Dance|p1a: Manaphy\n|-supereffective|p1a: Manaphy\n|-damage|p1a: Manaphy|0 fnt\n|-boost|p2a: Iron Moth|spa|1\n|faint|p1a: Manaphy\n|\n|-weather|SunnyDay|[upkeep]\n|upkeep\n|\n|t:|1700576301\n|switch|p1a: Ribombee|Ribombee, M, shiny|76\/100\n|-damage|p1a: Ribombee|51\/100|[from] Stealth Rock\n|turn|15\n|\n|t:|1700576306\n|move|p1a: Ribombee|Psychic|p2a: Iron Moth\n|-supereffective|p2a: Iron Moth\n|-damage|p2a: Iron Moth|0 fnt\n|faint|p2a: Iron Moth\n|-end|p2a: Iron Moth|Quark Drive|[silent]\n|\n|-weather|SunnyDay|[upkeep]\n|upkeep\n|\n|t:|1700576332\n|switch|p2a: Gholdengo|Gholdengo|100\/100\n|-item|p2a: Gholdengo|Air Balloon\n|turn|16\n|\n|t:|1700576339\n|move|p1a: Ribombee|Sticky Web|p2a: Gholdengo\n|-sidestart|p2: BidoofBlaznThatIsh|move: Sticky Web\n|move|p2a: Gholdengo|Shadow Ball|p1a: Ribombee\n|-damage|p1a: Ribombee|0 fnt\n|faint|p1a: Ribombee\n|\n|-weather|SunnyDay|[upkeep]\n|upkeep\n|\n|t:|1700576341\n|switch|p1a: Kingambit|Kingambit, M, shiny|100\/100\n|-damage|p1a: Kingambit|94\/100|[from] Stealth Rock\n|-activate|p1a: Kingambit|ability: Supreme Overlord\n|-start|p1a: Kingambit|fallen5|[silent]\n|turn|17\n|\n|t:|1700576348\n|switch|p2a: Great Tusk|Great Tusk|100\/100\n|-activate|p2a: Great Tusk|ability: Protosynthesis\n|-start|p2a: Great Tusk|protosynthesisatk\n|move|p1a: Kingambit|Swords Dance|p1a: Kingambit\n|-boost|p1a: Kingambit|atk|2\n|\n|-weather|none\n|-end|p2a: Great Tusk|Protosynthesis\n|upkeep\n|turn|18\n|\n|t:|1700576359\n|move|p1a: Kingambit|Sucker Punch|p2a: Great Tusk\n|-resisted|p2a: Great Tusk\n|-damage|p2a: Great Tusk|46\/100\n|move|p2a: Great Tusk|Close Combat|p1a: Kingambit\n|-supereffective|p1a: Kingambit\n|-crit|p1a: Kingambit\n|-damage|p1a: Kingambit|0 fnt\n|-unboost|p2a: Great Tusk|def|1\n|-unboost|p2a: Great Tusk|spd|1\n|faint|p1a: Kingambit\n|-end|p1a: Kingambit|fallen5|[silent]\n|\n|win|BidoofBlaznThatIsh\n|raw|illbegoodthistime's rating: 1509 &rarr; <strong>1488<\/strong><br \/>(-21 for losing)\n|raw|BidoofBlaznThatIsh's rating: 1488 &rarr; <strong>1509<\/strong><br \/>(+21 for winning)\n|l|\u203dillbegoodthistime\n|c|\u2606BidoofBlaznThatIsh|gg\n","uploadtime":1700576370,"views":2,"p1id":"illbegoodthistime","p2id":"bidoofblaznthatish","formatid":"gen9ou","rating":1488,"private":0,"password":""}