{"id":"gen9ou-1989096674","p1":"Pingu3591","p2":"Beanleth","format":"[Gen 9] OU","log":"|j|\u2606Pingu3591\n|j|\u2606Beanleth\n|t:|1699811776\n|gametype|singles\n|player|p1|Pingu3591|waiter|1073\n|player|p2|Beanleth|harlequin|1097\n|teamsize|p1|6\n|teamsize|p2|6\n|gen|9\n|tier|[Gen 9] OU\n|rated|\n|rule|Sleep Clause Mod: Limit one foe put to sleep\n|rule|Species Clause: Limit one of each Pok\u00e9mon\n|rule|OHKO Clause: OHKO moves are banned\n|rule|Evasion Items Clause: Evasion items are banned\n|rule|Evasion Moves Clause: Evasion moves are banned\n|rule|Endless Battle Clause: Forcing endless battles is banned\n|rule|HP Percentage Mod: HP is shown in percentages\n|clearpoke\n|poke|p1|Sinistcha-Masterpiece|\n|poke|p1|Great Tusk|\n|poke|p1|Kingambit, M|\n|poke|p1|Cinderace, F|\n|poke|p1|Ogerpon-Wellspring, F|\n|poke|p1|Iron Valiant|\n|poke|p2|Torterra, M|\n|poke|p2|Empoleon, F|\n|poke|p2|Conkeldurr, F|\n|poke|p2|Cinderace, M|\n|poke|p2|Meowscarada, M|\n|poke|p2|Grimmsnarl, M|\n|teampreview\n|\n|t:|1699811791\n|start\n|switch|p1a: Anbu|Ogerpon-Wellspring, F|100\/100\n|switch|p2a: William|Grimmsnarl, M|100\/100\n|turn|1\n|\n|t:|1699811801\n|move|p2a: William|Taunt|p1a: Anbu\n|-start|p1a: Anbu|move: Taunt\n|cant|p1a: Anbu|move: Taunt|Taunt\n|\n|upkeep\n|turn|2\n|\n|t:|1699811816\n|move|p2a: William|Light Screen|p2a: William\n|-sidestart|p2: Beanleth|move: Light Screen\n|move|p1a: Anbu|U-turn|p2a: William\n|-damage|p2a: William|68\/100\n|\n|t:|1699811821\n|switch|p1a: For the NB|Iron Valiant|100\/100|[from] U-turn\n|-enditem|p1a: For the NB|Booster Energy\n|-activate|p1a: For the NB|ability: Quark Drive|[fromitem]\n|-start|p1a: For the NB|quarkdrivespe\n|\n|upkeep\n|turn|3\n|\n|t:|1699811828\n|move|p2a: William|Parting Shot|p1a: For the NB\n|-unboost|p1a: For the NB|atk|1\n|-unboost|p1a: For the NB|spa|1\n|\n|t:|1699811831\n|switch|p2a: Kingo|Empoleon, F|100\/100|[from] Parting Shot\n|move|p1a: For the NB|Moonblast|p2a: Kingo\n|-resisted|p2a: Kingo\n|-damage|p2a: Kingo|93\/100\n|\n|upkeep\n|turn|4\n|\n|t:|1699811841\n|-terastallize|p2a: Kingo|Fairy\n|move|p1a: For the NB|Focus Blast|p2a: Kingo|[miss]\n|-miss|p1a: For the NB|p2a: Kingo\n|move|p2a: Kingo|Hydro Pump|p1a: For the NB|[miss]\n|-miss|p2a: Kingo|p1a: For the NB\n|\n|upkeep\n|turn|5\n|\n|t:|1699811850\n|-end|p1a: For the NB|Quark Drive|[silent]\n|switch|p1a: Whitebeard|Kingambit, M|100\/100\n|move|p2a: Kingo|Hydro Pump|p1a: Whitebeard\n|-damage|p1a: Whitebeard|10\/100\n|-damage|p2a: Kingo|83\/100|[from] item: Life Orb\n|\n|upkeep\n|turn|6\n|\n|t:|1699811859\n|move|p2a: Kingo|Agility|p2a: Kingo\n|-boost|p2a: Kingo|spe|2\n|move|p1a: Whitebeard|Iron Head|p2a: Kingo\n|-supereffective|p2a: Kingo\n|-damage|p2a: Kingo|0 fnt\n|faint|p2a: Kingo\n|\n|upkeep\n|\n|t:|1699811866\n|switch|p2a: Buggy D Goat|Conkeldurr, F|100\/100\n|turn|7\n|\n|t:|1699811880\n|-end|p1a: Whitebeard|fallenundefined|[silent]\n|switch|p1a: For the NB|Iron Valiant|100\/100\n|move|p2a: Buggy D Goat|Mach Punch|p1a: For the NB\n|-resisted|p1a: For the NB\n|-damage|p1a: For the NB|86\/100\n|\n|-status|p2a: Buggy D Goat|brn|[from] item: Flame Orb\n|upkeep\n|turn|8\n|\n|t:|1699811887\n|move|p1a: For the NB|Psyshock|p2a: Buggy D Goat\n|-supereffective|p2a: Buggy D Goat\n|-crit|p2a: Buggy D Goat\n|-damage|p2a: Buggy D Goat|23\/100 brn\n|move|p2a: Buggy D Goat|Facade|p1a: For the NB\n|-damage|p1a: For the NB|0 fnt\n|faint|p1a: For the NB\n|-end|p1a: For the NB|Quark Drive|[silent]\n|\n|-damage|p2a: Buggy D Goat|17\/100 brn|[from] brn\n|upkeep\n|\n|t:|1699811894\n|switch|p1a: Whitebeard|Kingambit, M|10\/100\n|-activate|p1a: Whitebeard|ability: Supreme Overlord\n|-start|p1a: Whitebeard|fallen1|[silent]\n|turn|9\n|\n|t:|1699811899\n|move|p1a: Whitebeard|Sucker Punch|p2a: Buggy D Goat\n|-resisted|p2a: Buggy D Goat\n|-damage|p2a: Buggy D Goat|0 fnt\n|faint|p2a: Buggy D Goat\n|\n|-sideend|p2: Beanleth|move: Light Screen\n|upkeep\n|\n|t:|1699811903\n|switch|p2a: Abbler|Torterra, M|100\/100\n|turn|10\n|\n|t:|1699811919\n|move|p1a: Whitebeard|Sucker Punch|p2a: Abbler\n|-damage|p2a: Abbler|53\/100\n|move|p2a: Abbler|Bullet Seed|p1a: Whitebeard\n|-resisted|p1a: Whitebeard\n|-damage|p1a: Whitebeard|4\/100\n|-resisted|p1a: Whitebeard\n|-damage|p1a: Whitebeard|0 fnt\n|faint|p1a: Whitebeard\n|-end|p1a: Whitebeard|fallen1|[silent]\n|-hitcount|p1: Whitebeard|2\n|\n|upkeep\n|\n|t:|1699811925\n|switch|p1a: Blood Bunny|Cinderace, F|100\/100\n|turn|11\n|\n|t:|1699811932\n|switch|p2a: The Theth|Cinderace, M|100\/100\n|move|p1a: Blood Bunny|Pyro Ball|p2a: The Theth|[miss]\n|-miss|p1a: Blood Bunny|p2a: The Theth\n|\n|upkeep\n|turn|12\n|\n|t:|1699811946\n|switch|p1a: Anbu|Ogerpon-Wellspring, F|100\/100\n|move|p2a: The Theth|U-turn|p1a: Anbu\n|-start|p2a: The Theth|typechange|Bug|[from] ability: Libero\n|-supereffective|p1a: Anbu\n|-damage|p1a: Anbu|5\/100\n|\n|t:|1699811953\n|switch|p2a: William|Grimmsnarl, M|68\/100|[from] U-turn\n|\n|upkeep\n|turn|13\n|\n|t:|1699811958\n|move|p2a: William|Taunt|p1a: Anbu\n|-start|p1a: Anbu|move: Taunt\n|move|p1a: Anbu|Ivy Cudgel|p2a: William\n|-damage|p2a: William|0 fnt\n|faint|p2a: William\n|\n|upkeep\n|\n|t:|1699811964\n|switch|p2a: The Theth|Cinderace, M|100\/100\n|turn|14\n|\n|t:|1699811968\n|move|p2a: The Theth|U-turn|p1a: Anbu\n|-start|p2a: The Theth|typechange|Bug|[from] ability: Libero\n|-supereffective|p1a: Anbu\n|-damage|p1a: Anbu|0 fnt\n|faint|p1a: Anbu\n|\n|t:|1699811973\n|switch|p2a: Spriggangster|Meowscarada, M, shiny|100\/100|[from] U-turn\n|\n|upkeep\n|\n|t:|1699811986\n|switch|p1a: Blood Bunny|Cinderace, F|100\/100\n|turn|15\n|\n|t:|1699812020\n|move|p2a: Spriggangster|Play Rough|p1a: Blood Bunny\n|-start|p2a: Spriggangster|typechange|Fairy|[from] ability: Protean\n|-resisted|p1a: Blood Bunny\n|-crit|p1a: Blood Bunny\n|-damage|p1a: Blood Bunny|52\/100\n|move|p1a: Blood Bunny|U-turn|p2a: Spriggangster\n|-start|p1a: Blood Bunny|typechange|Bug|[from] ability: Libero\n|-resisted|p2a: Spriggangster\n|-damage|p2a: Spriggangster|73\/100\n|\n|t:|1699812038\n|switch|p1a: The Juice|Sinistcha-Masterpiece, shiny|100\/100|[from] U-turn\n|\n|upkeep\n|turn|16\n|\n|t:|1699812044\n|move|p2a: Spriggangster|Play Rough|p1a: The Juice\n|-damage|p1a: The Juice|63\/100\n|move|p1a: The Juice|Strength Sap|p2a: Spriggangster\n|-unboost|p2a: Spriggangster|atk|1\n|-heal|p1a: The Juice|100\/100\n|\n|upkeep\n|turn|17\n|c|\u2606Pingu3591|!dt play rough\n|raw|<ul class=\"utilichart\"><li class=\"result\"><span class=\"col movenamecol\"><a href=\"https:\/\/dex.pokemonshowdown.com\/moves\/playrough\">Play Rough<\/a><\/span> <span class=\"col typecol\"><img src=\"\/\/play.pokemonshowdown.com\/sprites\/types\/Fairy.png\" alt=\"Fairy\" width=\"32\" height=\"14\"><img src=\"\/\/play.pokemonshowdown.com\/sprites\/categories\/Physical.png\" alt=\"Physical\" width=\"32\" height=\"14\"><\/span> <span class=\"col labelcol\"><em>Power<\/em><br>90<\/span> <span class=\"col widelabelcol\"><em>Accuracy<\/em><br>90%<\/span> <span class=\"col pplabelcol\"><em>PP<\/em><br>16<\/span> <span class=\"col movedesccol\">10% chance to lower the target's Attack by 1.<\/span> <\/li><li style=\"clear:both\"><\/li><\/ul>\n|raw|<font size=\"1\"><font color=\"#686868\">Priority:<\/font> 0&nbsp;|&ThickSpace;<font color=\"#686868\">Gen:<\/font> 6&nbsp;|&ThickSpace;&#10003; Boosted by Sheer Force&nbsp;|&ThickSpace;&#10003; Contact&nbsp;|&ThickSpace;<font color=\"#686868\">Z-Power:<\/font> 175&nbsp;|&ThickSpace;<font color=\"#686868\">Dynamax Power:<\/font> 130&nbsp;|&ThickSpace;<font color=\"#686868\">Target:<\/font> One Adjacent Pok\u00e9mon<\/font>\n\n|c|\u2606Pingu3591|nais\n|\n|t:|1699812059\n|switch|p2a: The Theth|Cinderace, M|100\/100\n|move|p1a: The Juice|Strength Sap|p2a: The Theth\n|-unboost|p2a: The Theth|atk|1\n|\n|upkeep\n|turn|18\n|\n|t:|1699812068\n|move|p2a: The Theth|Pyro Ball|p1a: The Juice\n|-supereffective|p1a: The Juice\n|-damage|p1a: The Juice|66\/100\n|move|p1a: The Juice|Strength Sap|p2a: The Theth\n|-unboost|p2a: The Theth|atk|1\n|-heal|p1a: The Juice|100\/100\n|\n|upkeep\n|turn|19\n|\n|t:|1699812077\n|move|p2a: The Theth|U-turn|p1a: The Juice\n|-start|p2a: The Theth|typechange|Bug|[from] ability: Libero\n|-damage|p1a: The Juice|85\/100\n|\n|t:|1699812080\n|switch|p2a: Abbler|Torterra, M|53\/100|[from] U-turn\n|move|p1a: The Juice|Strength Sap|p2a: Abbler\n|-unboost|p2a: Abbler|atk|1\n|-heal|p1a: The Juice|100\/100\n|\n|upkeep\n|turn|20\n|\n|t:|1699812087\n|move|p2a: Abbler|Shell Smash|p2a: Abbler\n|-unboost|p2a: Abbler|def|1\n|-unboost|p2a: Abbler|spd|1\n|-boost|p2a: Abbler|atk|2\n|-boost|p2a: Abbler|spa|2\n|-boost|p2a: Abbler|spe|2\n|move|p1a: The Juice|Shadow Ball|p2a: Abbler\n|-damage|p2a: Abbler|0 fnt\n|faint|p2a: Abbler\n|\n|upkeep\n|\n|t:|1699812096\n|switch|p2a: Spriggangster|Meowscarada, M, shiny|73\/100\n|turn|21\n|c|\u2606Pingu3591|lmao\n|\n|t:|1699812102\n|move|p2a: Spriggangster|Knock Off|p1a: The Juice\n|-start|p2a: Spriggangster|typechange|Dark|[from] ability: Protean\n|-supereffective|p1a: The Juice\n|-damage|p1a: The Juice|10\/100\n|-enditem|p1a: The Juice|Big Root|[from] move: Knock Off|[of] p2a: Spriggangster\n|move|p1a: The Juice|Strength Sap|p2a: Spriggangster\n|-unboost|p2a: Spriggangster|atk|1\n|-heal|p1a: The Juice|100\/100\n|\n|upkeep\n|turn|22\n|\n|t:|1699812111\n|move|p2a: Spriggangster|Knock Off|p1a: The Juice\n|-supereffective|p1a: The Juice\n|-damage|p1a: The Juice|61\/100\n|move|p1a: The Juice|Strength Sap|p2a: Spriggangster\n|-unboost|p2a: Spriggangster|atk|1\n|-heal|p1a: The Juice|100\/100\n|\n|upkeep\n|turn|23\n|\n|t:|1699812127\n|move|p2a: Spriggangster|Knock Off|p1a: The Juice\n|-supereffective|p1a: The Juice\n|-damage|p1a: The Juice|74\/100\n|move|p1a: The Juice|Matcha Gotcha|p2a: Spriggangster\n|-damage|p2a: Spriggangster|5\/100\n|-heal|p1a: The Juice|100\/100|[from] drain|[of] p2a: Spriggangster\n|-status|p2a: Spriggangster|brn\n|\n|-damage|p2a: Spriggangster|0 fnt|[from] brn\n|faint|p2a: Spriggangster\n|upkeep\n|\n|t:|1699812138\n|switch|p2a: The Theth|Cinderace, M|100\/100\n|turn|24\n|\n|t:|1699812144\n|move|p2a: The Theth|Pyro Ball|p1a: The Juice\n|-supereffective|p1a: The Juice\n|-damage|p1a: The Juice|45\/100\n|move|p1a: The Juice|Strength Sap|p2a: The Theth\n|-unboost|p2a: The Theth|atk|1\n|-heal|p1a: The Juice|100\/100\n|\n|upkeep\n|turn|25\n|-message|Beanleth forfeited.\n|\n|win|Pingu3591\n|raw|Pingu3591's rating: 1073 &rarr; <strong>1104<\/strong><br \/>(+31 for winning)\n|raw|Beanleth's rating: 1097 &rarr; <strong>1071<\/strong><br \/>(-26 for losing)\n|l|\u2606Beanleth\n","uploadtime":1699812165,"views":15,"p1id":"pingu3591","p2id":"beanleth","formatid":"gen9ou","rating":1071,"private":0,"password":""}