{"id":"gen9ou-1998017967","p1":"Cardo Pixelado","p2":"Imanjoneser","format":"[Gen 9] OU","log":"|j|\u2606Cardo Pixelado\n|j|\u2606Imanjoneser\n|t:|1700879557\n|gametype|singles\n|player|p1|Cardo Pixelado|veteran|1012\n|player|p2|Imanjoneser|bugcatcher-gen4dp|1047\n|teamsize|p1|6\n|teamsize|p2|6\n|gen|9\n|tier|[Gen 9] OU\n|rated|\n|rule|Sleep Clause Mod: Limit one foe put to sleep\n|rule|Species Clause: Limit one of each Pok\u00e9mon\n|rule|OHKO Clause: OHKO moves are banned\n|rule|Evasion Items Clause: Evasion items are banned\n|rule|Evasion Moves Clause: Evasion moves are banned\n|rule|Endless Battle Clause: Forcing endless battles is banned\n|rule|HP Percentage Mod: HP is shown in percentages\n|clearpoke\n|poke|p1|Iron Treads|\n|poke|p1|Empoleon, M|\n|poke|p1|Corviknight, M|\n|poke|p1|Gholdengo|\n|poke|p1|Heatran, F|\n|poke|p1|Kingambit, M|\n|poke|p2|Abomasnow, M|\n|poke|p2|Cryogonal|\n|poke|p2|Weavile, F|\n|poke|p2|Cloyster, F|\n|poke|p2|Articuno|\n|poke|p2|Avalugg, F|\n|teampreview\n|c|\u2606Cardo Pixelado|Hi :D\n|\n|t:|1700879573\n|start\n|switch|p1a: Iron Treads|Iron Treads|100\/100\n|switch|p2a: Abomasnow|Abomasnow, M, shiny|100\/100\n|-weather|Snow|[from] ability: Snow Warning|[of] p2a: Abomasnow\n|-enditem|p1a: Iron Treads|Booster Energy\n|-activate|p1a: Iron Treads|ability: Quark Drive|[fromitem]\n|-start|p1a: Iron Treads|quarkdrivespe\n|turn|1\n|\n|t:|1700879581\n|move|p1a: Iron Treads|Stealth Rock|p2a: Abomasnow\n|-sidestart|p2: Imanjoneser|move: Stealth Rock\n|move|p2a: Abomasnow|Aurora Veil|p2a: Abomasnow\n|-sidestart|p2: Imanjoneser|move: Aurora Veil\n|\n|-weather|Snow|[upkeep]\n|upkeep\n|turn|2\n|\n|t:|1700879590\n|move|p1a: Iron Treads|Earth Power|p2a: Abomasnow\n|-resisted|p2a: Abomasnow\n|-damage|p2a: Abomasnow|92\/100\n|move|p2a: Abomasnow|Leech Seed|p1a: Iron Treads|[miss]\n|-miss|p2a: Abomasnow|p1a: Iron Treads\n|\n|-weather|Snow|[upkeep]\n|-heal|p2a: Abomasnow|98\/100|[from] item: Leftovers\n|upkeep\n|turn|3\n|c|\u2606Imanjoneser|Hey\n|\n|t:|1700879599\n|move|p1a: Iron Treads|Steel Beam|p2a: Abomasnow\n|-supereffective|p2a: Abomasnow\n|-damage|p2a: Abomasnow|46\/100\n|-damage|p1a: Iron Treads|50\/100|[from] steelbeam\n|move|p2a: Abomasnow|Leech Seed|p1a: Iron Treads\n|-start|p1a: Iron Treads|move: Leech Seed\n|\n|-weather|Snow|[upkeep]\n|-heal|p2a: Abomasnow|52\/100|[from] item: Leftovers\n|-damage|p1a: Iron Treads|38\/100|[from] Leech Seed|[of] p2a: Abomasnow\n|-heal|p2a: Abomasnow|62\/100|[silent]\n|upkeep\n|turn|4\n|c|\u2606Imanjoneser|Careful with those rocks ok?\n|\n|t:|1700879612\n|move|p1a: Iron Treads|Rapid Spin|p2a: Abomasnow\n|-crit|p2a: Abomasnow\n|-damage|p2a: Abomasnow|49\/100\n|-boost|p1a: Iron Treads|spe|1\n|-end|p1a: Iron Treads|Leech Seed|[from] move: Rapid Spin|[of] p1a: Iron Treads\n|move|p2a: Abomasnow|Giga Drain|p1a: Iron Treads\n|-damage|p1a: Iron Treads|0 fnt\n|-heal|p2a: Abomasnow|65\/100|[from] drain|[of] p1a: Iron Treads\n|faint|p1a: Iron Treads\n|-end|p1a: Iron Treads|Quark Drive|[silent]\n|\n|-weather|Snow|[upkeep]\n|-heal|p2a: Abomasnow|71\/100|[from] item: Leftovers\n|upkeep\n|\n|t:|1700879625\n|switch|p1a: Heatran|Heatran, F, shiny|100\/100\n|turn|5\n|\n|t:|1700879632\n|switch|p2a: Cryogonal|Cryogonal, shiny|100\/100\n|-damage|p2a: Cryogonal|76\/100|[from] Stealth Rock\n|move|p1a: Heatran|Magma Storm|p2a: Cryogonal|[miss]\n|-miss|p1a: Heatran|p2a: Cryogonal\n|\n|-weather|none\n|-sideend|p2: Imanjoneser|move: Aurora Veil\n|upkeep\n|turn|6\n|\n|t:|1700879641\n|move|p2a: Cryogonal|Rapid Spin|p1a: Heatran\n|-resisted|p1a: Heatran\n|-damage|p1a: Heatran|98\/100\n|-boost|p2a: Cryogonal|spe|1\n|-sideend|p2: Imanjoneser|Stealth Rock|[from] move: Rapid Spin|[of] p2a: Cryogonal\n|move|p1a: Heatran|Magma Storm|p2a: Cryogonal\n|-supereffective|p2a: Cryogonal\n|-damage|p2a: Cryogonal|0 fnt\n|faint|p2a: Cryogonal\n|\n|-heal|p1a: Heatran|100\/100|[from] item: Leftovers\n|upkeep\n|\n|t:|1700879657\n|switch|p2a: Weavile|Weavile, F, shiny|100\/100\n|turn|7\n|\n|t:|1700879664\n|-terastallize|p2a: Weavile|Dark\n|move|p2a: Weavile|Knock Off|p1a: Heatran\n|-damage|p1a: Heatran|45\/100\n|-enditem|p1a: Heatran|Leftovers|[from] move: Knock Off|[of] p2a: Weavile\n|move|p1a: Heatran|Magma Storm|p2a: Weavile\n|-damage|p2a: Weavile|18\/100\n|-activate|p2a: Weavile|move: Magma Storm|[of] p1a: Heatran\n|\n|-damage|p2a: Weavile|5\/100|[from] move: Magma Storm|[partiallytrapped]\n|upkeep\n|turn|8\n|\n|t:|1700879680\n|move|p2a: Weavile|Knock Off|p1a: Heatran\n|-damage|p1a: Heatran|10\/100\n|move|p1a: Heatran|Taunt|p2a: Weavile\n|-start|p2a: Weavile|move: Taunt\n|\n|-damage|p2a: Weavile|0 fnt|[from] move: Magma Storm|[partiallytrapped]\n|faint|p2a: Weavile\n|upkeep\n|\n|t:|1700879701\n|switch|p2a: Cloyster|Cloyster, F, shiny|100\/100\n|turn|9\n|\n|t:|1700879708\n|-terastallize|p1a: Heatran|Grass\n|move|p2a: Cloyster|Shell Smash|p2a: Cloyster\n|-unboost|p2a: Cloyster|def|1\n|-unboost|p2a: Cloyster|spd|1\n|-boost|p2a: Cloyster|atk|2\n|-boost|p2a: Cloyster|spa|2\n|-boost|p2a: Cloyster|spe|2\n|move|p1a: Heatran|Tera Blast|p2a: Cloyster|[anim] Tera Blast Grass\n|-supereffective|p2a: Cloyster\n|-enditem|p2a: Cloyster|Focus Sash\n|-damage|p2a: Cloyster|1\/100\n|\n|upkeep\n|turn|10\n|\n|t:|1700879722\n|move|p2a: Cloyster|Icicle Spear|p1a: Heatran\n|-supereffective|p1a: Heatran\n|-damage|p1a: Heatran|0 fnt\n|faint|p1a: Heatran\n|-hitcount|p1: Heatran|1\n|\n|upkeep\n|\n|t:|1700879730\n|switch|p1a: Kingambit|Kingambit, M|100\/100\n|-activate|p1a: Kingambit|ability: Supreme Overlord\n|-start|p1a: Kingambit|fallen2|[silent]\n|-item|p1a: Kingambit|Air Balloon\n|turn|11\n|\n|t:|1700879736\n|move|p2a: Cloyster|Snowscape|p2a: Cloyster\n|-weather|Snow\n|move|p1a: Kingambit|Kowtow Cleave|p2a: Cloyster\n|-damage|p2a: Cloyster|0 fnt\n|faint|p2a: Cloyster\n|\n|-weather|Snow|[upkeep]\n|upkeep\n|\n|t:|1700879748\n|switch|p2a: Avalugg|Avalugg, F, shiny|100\/100\n|turn|12\n|\n|t:|1700879752\n|move|p1a: Kingambit|Kowtow Cleave|p2a: Avalugg\n|-damage|p2a: Avalugg|81\/100\n|move|p2a: Avalugg|Earthquake|p1a: Kingambit\n|-immune|p1a: Kingambit\n|\n|-weather|Snow|[upkeep]\n|-heal|p2a: Avalugg|87\/100|[from] item: Leftovers\n|upkeep\n|turn|13\n|\n|t:|1700879762\n|move|p1a: Kingambit|Swords Dance|p1a: Kingambit\n|-boost|p1a: Kingambit|atk|2\n|move|p2a: Avalugg|Crunch|p1a: Kingambit\n|-resisted|p1a: Kingambit\n|-damage|p1a: Kingambit|93\/100\n|-enditem|p1a: Kingambit|Air Balloon\n|\n|-weather|Snow|[upkeep]\n|-heal|p2a: Avalugg|93\/100|[from] item: Leftovers\n|upkeep\n|turn|14\n|c|\u2606Imanjoneser|oh lol\n|c|\u2606Imanjoneser|I was not paying attention as you csn tell Xd\n|\n|t:|1700879785\n|move|p1a: Kingambit|Kowtow Cleave|p2a: Avalugg\n|-damage|p2a: Avalugg|56\/100\n|move|p2a: Avalugg|Earthquake|p1a: Kingambit\n|-supereffective|p1a: Kingambit\n|-crit|p1a: Kingambit\n|-damage|p1a: Kingambit|26\/100\n|\n|-weather|Snow|[upkeep]\n|-heal|p2a: Avalugg|62\/100|[from] item: Leftovers\n|upkeep\n|turn|15\n|c|\u2606Cardo Pixelado|>:D\n|\n|t:|1700879802\n|-end|p1a: Kingambit|fallen2|[silent]\n|switch|p1a: Empoleon|Empoleon, M|100\/100\n|move|p2a: Avalugg|Earthquake|p1a: Empoleon\n|-supereffective|p1a: Empoleon\n|-damage|p1a: Empoleon|38\/100\n|\n|-weather|none\n|-heal|p1a: Empoleon|44\/100|[from] item: Leftovers\n|-heal|p2a: Avalugg|68\/100|[from] item: Leftovers\n|upkeep\n|turn|16\n|\n|t:|1700879818\n|move|p1a: Empoleon|Flip Turn|p2a: Avalugg\n|-damage|p2a: Avalugg|60\/100\n|\n|t:|1700879824\n|switch|p1a: Gholdengo|Gholdengo, shiny|100\/100|[from] Flip Turn\n|move|p2a: Avalugg|Earthquake|p1a: Gholdengo\n|-supereffective|p1a: Gholdengo\n|-damage|p1a: Gholdengo|50\/100\n|\n|-heal|p2a: Avalugg|66\/100|[from] item: Leftovers\n|upkeep\n|turn|17\n|\n|t:|1700879834\n|move|p1a: Gholdengo|Shadow Ball|p2a: Avalugg\n|-damage|p2a: Avalugg|18\/100\n|move|p2a: Avalugg|Earthquake|p1a: Gholdengo\n|-supereffective|p1a: Gholdengo\n|-damage|p1a: Gholdengo|0 fnt\n|faint|p1a: Gholdengo\n|\n|-heal|p2a: Avalugg|24\/100|[from] item: Leftovers\n|upkeep\n|\n|t:|1700879845\n|switch|p1a: Kingambit|Kingambit, M|26\/100\n|-activate|p1a: Kingambit|ability: Supreme Overlord\n|-start|p1a: Kingambit|fallen3|[silent]\n|turn|18\n|\n|t:|1700879851\n|move|p1a: Kingambit|Kowtow Cleave|p2a: Avalugg\n|-damage|p2a: Avalugg|0 fnt\n|faint|p2a: Avalugg\n|\n|upkeep\n|\n|t:|1700879857\n|switch|p2a: Abomasnow|Abomasnow, M, shiny|71\/100\n|-weather|Snow|[from] ability: Snow Warning|[of] p2a: Abomasnow\n|turn|19\n|\n|t:|1700879863\n|move|p2a: Abomasnow|Aurora Veil|p2a: Abomasnow\n|-sidestart|p2: Imanjoneser|move: Aurora Veil\n|move|p1a: Kingambit|Kowtow Cleave|p2a: Abomasnow\n|-damage|p2a: Abomasnow|47\/100\n|\n|-weather|Snow|[upkeep]\n|-heal|p2a: Abomasnow|53\/100|[from] item: Leftovers\n|upkeep\n|turn|20\n|\n|t:|1700879872\n|move|p2a: Abomasnow|Chilling Water|p1a: Kingambit\n|-damage|p1a: Kingambit|11\/100\n|-unboost|p1a: Kingambit|atk|1\n|move|p1a: Kingambit|Kowtow Cleave|p2a: Abomasnow\n|-damage|p2a: Abomasnow|38\/100\n|\n|-weather|Snow|[upkeep]\n|-heal|p2a: Abomasnow|44\/100|[from] item: Leftovers\n|upkeep\n|turn|21\n|\n|t:|1700879885\n|move|p2a: Abomasnow|Leech Seed|p1a: Kingambit\n|-start|p1a: Kingambit|move: Leech Seed\n|move|p1a: Kingambit|Kowtow Cleave|p2a: Abomasnow\n|-damage|p2a: Abomasnow|28\/100\n|\n|-weather|Snow|[upkeep]\n|-heal|p2a: Abomasnow|34\/100|[from] item: Leftovers\n|-damage|p1a: Kingambit|0 fnt|[from] Leech Seed|[of] p2a: Abomasnow\n|-heal|p2a: Abomasnow|45\/100|[silent]\n|faint|p1a: Kingambit\n|-end|p1a: Kingambit|fallen3|[silent]\n|upkeep\n|\n|t:|1700879894\n|switch|p1a: Corviknight|Corviknight, M, shiny|100\/100\n|-ability|p1a: Corviknight|Pressure\n|turn|22\n|\n|t:|1700879903\n|move|p1a: Corviknight|Brave Bird|p2a: Abomasnow\n|-supereffective|p2a: Abomasnow\n|-damage|p2a: Abomasnow|15\/100\n|-damage|p1a: Corviknight|91\/100|[from] Recoil\n|move|p2a: Abomasnow|Leech Seed|p1a: Corviknight\n|-start|p1a: Corviknight|move: Leech Seed\n|\n|-weather|Snow|[upkeep]\n|-heal|p2a: Abomasnow|21\/100|[from] item: Leftovers\n|-damage|p1a: Corviknight|78\/100|[from] Leech Seed|[of] p2a: Abomasnow\n|-heal|p2a: Abomasnow|34\/100|[silent]\n|upkeep\n|turn|23\n|\n|t:|1700879919\n|switch|p2a: Articuno|Articuno, shiny|100\/100\n|-ability|p2a: Articuno|Pressure\n|move|p1a: Corviknight|Brave Bird|p2a: Articuno\n|-damage|p2a: Articuno|86\/100\n|-damage|p1a: Corviknight|75\/100|[from] Recoil\n|\n|-weather|none\n|-damage|p1a: Corviknight|62\/100|[from] Leech Seed|[of] p2a: Articuno\n|-heal|p2a: Articuno|100\/100|[silent]\n|-sideend|p2: Imanjoneser|move: Aurora Veil\n|upkeep\n|turn|24\n|\n|t:|1700879931\n|move|p2a: Articuno|Snowscape|p2a: Articuno\n|-weather|Snow\n|move|p1a: Corviknight|U-turn|p2a: Articuno\n|-resisted|p2a: Articuno\n|-damage|p2a: Articuno|95\/100\n|\n|t:|1700879935\n|switch|p1a: Empoleon|Empoleon, M|44\/100|[from] U-turn\n|\n|-weather|Snow|[upkeep]\n|-heal|p1a: Empoleon|50\/100|[from] item: Leftovers\n|upkeep\n|turn|25\n|\n|t:|1700879945\n|move|p2a: Articuno|Light Screen|p2a: Articuno\n|-sidestart|p2: Imanjoneser|move: Light Screen\n|move|p1a: Empoleon|Knock Off|p2a: Articuno\n|-damage|p2a: Articuno|81\/100\n|-enditem|p2a: Articuno|Never-Melt Ice|[from] move: Knock Off|[of] p1a: Empoleon\n|\n|-weather|Snow|[upkeep]\n|-heal|p1a: Empoleon|56\/100|[from] item: Leftovers\n|upkeep\n|turn|26\n|\n|t:|1700879952\n|move|p2a: Articuno|Blizzard|p1a: Empoleon\n|-resisted|p1a: Empoleon\n|-damage|p1a: Empoleon|48\/100\n|move|p1a: Empoleon|Roost|p1a: Empoleon\n|-heal|p1a: Empoleon|98\/100\n|-singleturn|p1a: Empoleon|move: Roost\n|\n|-weather|Snow|[upkeep]\n|-heal|p1a: Empoleon|100\/100|[from] item: Leftovers\n|upkeep\n|turn|27\n|\n|t:|1700879964\n|switch|p2a: Abomasnow|Abomasnow, M, shiny|34\/100\n|move|p1a: Empoleon|Surf|p2a: Abomasnow\n|-resisted|p2a: Abomasnow\n|-damage|p2a: Abomasnow|25\/100\n|\n|-weather|Snow|[upkeep]\n|-heal|p2a: Abomasnow|32\/100|[from] item: Leftovers\n|upkeep\n|turn|28\n|\n|t:|1700879972\n|move|p2a: Abomasnow|Leech Seed|p1a: Empoleon\n|-start|p1a: Empoleon|move: Leech Seed\n|move|p1a: Empoleon|Flip Turn|p2a: Abomasnow\n|-resisted|p2a: Abomasnow\n|-damage|p2a: Abomasnow|24\/100\n|\n|t:|1700879977\n|switch|p1a: Corviknight|Corviknight, M, shiny|62\/100|[from] Flip Turn\n|-ability|p1a: Corviknight|Pressure\n|\n|-weather|none\n|-heal|p2a: Abomasnow|31\/100|[from] item: Leftovers\n|upkeep\n|turn|29\n|\n|t:|1700879984\n|switch|p2a: Articuno|Articuno, shiny|81\/100\n|-ability|p2a: Articuno|Pressure\n|move|p1a: Corviknight|Brave Bird|p2a: Articuno\n|-damage|p2a: Articuno|39\/100\n|-damage|p1a: Corviknight|51\/100|[from] Recoil\n|\n|-sideend|p2: Imanjoneser|move: Light Screen\n|upkeep\n|turn|30\n|\n|t:|1700879994\n|move|p2a: Articuno|Blizzard|p1a: Corviknight\n|-damage|p1a: Corviknight|0 fnt\n|faint|p1a: Corviknight\n|\n|upkeep\n|\n|t:|1700879998\n|switch|p1a: Empoleon|Empoleon, M|100\/100\n|turn|31\n|\n|t:|1700880002\n|move|p2a: Articuno|Snowscape|p2a: Articuno\n|-weather|Snow\n|move|p1a: Empoleon|Surf|p2a: Articuno\n|-damage|p2a: Articuno|11\/100\n|\n|-weather|Snow|[upkeep]\n|upkeep\n|turn|32\n|\n|t:|1700880007\n|move|p2a: Articuno|Light Screen|p2a: Articuno\n|-sidestart|p2: Imanjoneser|move: Light Screen\n|move|p1a: Empoleon|Surf|p2a: Articuno\n|-damage|p2a: Articuno|0 fnt\n|faint|p2a: Articuno\n|\n|-weather|Snow|[upkeep]\n|upkeep\n|\n|t:|1700880013\n|switch|p2a: Abomasnow|Abomasnow, M, shiny|31\/100\n|turn|33\n|c|\u2606Cardo Pixelado|c'mon!\n|\n|t:|1700880023\n|move|p2a: Abomasnow|Leech Seed|p1a: Empoleon\n|-start|p1a: Empoleon|move: Leech Seed\n|move|p1a: Empoleon|Knock Off|p2a: Abomasnow\n|-damage|p2a: Abomasnow|15\/100\n|-enditem|p2a: Abomasnow|Leftovers|[from] move: Knock Off|[of] p1a: Empoleon\n|\n|-weather|Snow|[upkeep]\n|-damage|p1a: Empoleon|88\/100|[from] Leech Seed|[of] p2a: Abomasnow\n|-heal|p2a: Abomasnow|27\/100|[silent]\n|upkeep\n|turn|34\n|\n|t:|1700880031\n|move|p2a: Abomasnow|Aurora Veil|p2a: Abomasnow\n|-sidestart|p2: Imanjoneser|move: Aurora Veil\n|move|p1a: Empoleon|Knock Off|p2a: Abomasnow\n|-damage|p2a: Abomasnow|22\/100\n|\n|-weather|Snow|[upkeep]\n|-heal|p1a: Empoleon|94\/100|[from] item: Leftovers\n|-damage|p1a: Empoleon|82\/100|[from] Leech Seed|[of] p2a: Abomasnow\n|-heal|p2a: Abomasnow|34\/100|[silent]\n|upkeep\n|turn|35\n|\n|t:|1700880040\n|move|p2a: Abomasnow|Giga Drain|p1a: Empoleon\n|-damage|p1a: Empoleon|61\/100\n|-heal|p2a: Abomasnow|44\/100|[from] drain|[of] p1a: Empoleon\n|move|p1a: Empoleon|Surf|p2a: Abomasnow\n|-resisted|p2a: Abomasnow\n|-damage|p2a: Abomasnow|35\/100\n|\n|-weather|none\n|-heal|p1a: Empoleon|67\/100|[from] item: Leftovers\n|-damage|p1a: Empoleon|55\/100|[from] Leech Seed|[of] p2a: Abomasnow\n|-heal|p2a: Abomasnow|47\/100|[silent]\n|upkeep\n|turn|36\n|\n|t:|1700880050\n|move|p2a: Abomasnow|Chilling Water|p1a: Empoleon\n|-resisted|p1a: Empoleon\n|-damage|p1a: Empoleon|50\/100\n|-unboost|p1a: Empoleon|atk|1\n|-ability|p1a: Empoleon|Competitive|boost\n|-boost|p1a: Empoleon|spa|2\n|move|p1a: Empoleon|Roost|p1a: Empoleon\n|-heal|p1a: Empoleon|99\/100\n|-singleturn|p1a: Empoleon|move: Roost\n|\n|-heal|p1a: Empoleon|100\/100|[from] item: Leftovers\n|-damage|p1a: Empoleon|88\/100|[from] Leech Seed|[of] p2a: Abomasnow\n|-heal|p2a: Abomasnow|59\/100|[silent]\n|-sideend|p2: Imanjoneser|move: Light Screen\n|upkeep\n|turn|37\n|c|\u2606Imanjoneser|:0\n|\n|t:|1700880062\n|move|p2a: Abomasnow|Giga Drain|p1a: Empoleon\n|-damage|p1a: Empoleon|67\/100\n|-heal|p2a: Abomasnow|70\/100|[from] drain|[of] p1a: Empoleon\n|move|p1a: Empoleon|Knock Off|p2a: Abomasnow\n|-damage|p2a: Abomasnow|65\/100\n|\n|-heal|p1a: Empoleon|73\/100|[from] item: Leftovers\n|-damage|p1a: Empoleon|61\/100|[from] Leech Seed|[of] p2a: Abomasnow\n|-heal|p2a: Abomasnow|77\/100|[silent]\n|upkeep\n|turn|38\n|c|\u2606Imanjoneser|Very smart ability!\n|\n|t:|1700880072\n|move|p2a: Abomasnow|Giga Drain|p1a: Empoleon\n|-damage|p1a: Empoleon|37\/100\n|-heal|p2a: Abomasnow|88\/100|[from] drain|[of] p1a: Empoleon\n|move|p1a: Empoleon|Knock Off|p2a: Abomasnow\n|-damage|p2a: Abomasnow|84\/100\n|\n|-heal|p1a: Empoleon|43\/100|[from] item: Leftovers\n|-damage|p1a: Empoleon|31\/100|[from] Leech Seed|[of] p2a: Abomasnow\n|-heal|p2a: Abomasnow|96\/100|[silent]\n|-sideend|p2: Imanjoneser|move: Aurora Veil\n|upkeep\n|turn|39\n|\n|t:|1700880084\n|move|p2a: Abomasnow|Giga Drain|p1a: Empoleon\n|-damage|p1a: Empoleon|9\/100\n|-heal|p2a: Abomasnow|100\/100|[from] drain|[of] p1a: Empoleon\n|move|p1a: Empoleon|Roost|p1a: Empoleon\n|-heal|p1a: Empoleon|59\/100\n|-singleturn|p1a: Empoleon|move: Roost\n|\n|-heal|p1a: Empoleon|65\/100|[from] item: Leftovers\n|-damage|p1a: Empoleon|53\/100|[from] Leech Seed|[of] p2a: Abomasnow\n|upkeep\n|turn|40\n|\n|t:|1700880094\n|move|p2a: Abomasnow|Aurora Veil||[still]\n|-fail|p2a: Abomasnow\n|move|p1a: Empoleon|Knock Off|p2a: Abomasnow\n|-damage|p2a: Abomasnow|90\/100\n|\n|-heal|p1a: Empoleon|59\/100|[from] item: Leftovers\n|-damage|p1a: Empoleon|46\/100|[from] Leech Seed|[of] p2a: Abomasnow\n|-heal|p2a: Abomasnow|100\/100|[silent]\n|upkeep\n|turn|41\n|\n|t:|1700880105\n|move|p2a: Abomasnow|Aurora Veil||[still]\n|-fail|p2a: Abomasnow\n|move|p1a: Empoleon|Roost|p1a: Empoleon\n|-heal|p1a: Empoleon|96\/100\n|-singleturn|p1a: Empoleon|move: Roost\n|\n|-heal|p1a: Empoleon|100\/100|[from] item: Leftovers\n|-damage|p1a: Empoleon|88\/100|[from] Leech Seed|[of] p2a: Abomasnow\n|upkeep\n|turn|42\n|\n|t:|1700880113\n|move|p2a: Abomasnow|Aurora Veil||[still]\n|-fail|p2a: Abomasnow\n|move|p1a: Empoleon|Surf|p2a: Abomasnow\n|-resisted|p2a: Abomasnow\n|-damage|p2a: Abomasnow|65\/100\n|\n|-heal|p1a: Empoleon|94\/100|[from] item: Leftovers\n|-damage|p1a: Empoleon|82\/100|[from] Leech Seed|[of] p2a: Abomasnow\n|-heal|p2a: Abomasnow|77\/100|[silent]\n|upkeep\n|turn|43\n|\n|t:|1700880122\n|move|p2a: Abomasnow|Giga Drain|p1a: Empoleon\n|-damage|p1a: Empoleon|61\/100\n|-heal|p2a: Abomasnow|88\/100|[from] drain|[of] p1a: Empoleon\n|move|p1a: Empoleon|Surf|p2a: Abomasnow\n|-resisted|p2a: Abomasnow\n|-damage|p2a: Abomasnow|50\/100\n|\n|-heal|p1a: Empoleon|67\/100|[from] item: Leftovers\n|-damage|p1a: Empoleon|55\/100|[from] Leech Seed|[of] p2a: Abomasnow\n|-heal|p2a: Abomasnow|62\/100|[silent]\n|upkeep\n|turn|44\n|\n|t:|1700880131\n|move|p2a: Abomasnow|Giga Drain|p1a: Empoleon\n|-damage|p1a: Empoleon|33\/100\n|-heal|p2a: Abomasnow|73\/100|[from] drain|[of] p1a: Empoleon\n|move|p1a: Empoleon|Surf|p2a: Abomasnow\n|-resisted|p2a: Abomasnow\n|-damage|p2a: Abomasnow|36\/100\n|\n|-heal|p1a: Empoleon|39\/100|[from] item: Leftovers\n|-damage|p1a: Empoleon|27\/100|[from] Leech Seed|[of] p2a: Abomasnow\n|-heal|p2a: Abomasnow|48\/100|[silent]\n|upkeep\n|turn|45\n|\n|t:|1700880142\n|move|p2a: Abomasnow|Giga Drain|p1a: Empoleon\n|-damage|p1a: Empoleon|4\/100\n|-heal|p2a: Abomasnow|59\/100|[from] drain|[of] p1a: Empoleon\n|move|p1a: Empoleon|Roost|p1a: Empoleon\n|-heal|p1a: Empoleon|54\/100\n|-singleturn|p1a: Empoleon|move: Roost\n|\n|-heal|p1a: Empoleon|60\/100|[from] item: Leftovers\n|-damage|p1a: Empoleon|48\/100|[from] Leech Seed|[of] p2a: Abomasnow\n|-heal|p2a: Abomasnow|71\/100|[silent]\n|upkeep\n|turn|46\n|\n|t:|1700880152\n|move|p2a: Abomasnow|Giga Drain|p1a: Empoleon\n|-damage|p1a: Empoleon|24\/100\n|-heal|p2a: Abomasnow|83\/100|[from] drain|[of] p1a: Empoleon\n|move|p1a: Empoleon|Roost|p1a: Empoleon\n|-heal|p1a: Empoleon|74\/100\n|-singleturn|p1a: Empoleon|move: Roost\n|\n|-heal|p1a: Empoleon|80\/100|[from] item: Leftovers\n|-damage|p1a: Empoleon|68\/100|[from] Leech Seed|[of] p2a: Abomasnow\n|-heal|p2a: Abomasnow|95\/100|[silent]\n|upkeep\n|turn|47\n|\n|t:|1700880162\n|move|p2a: Abomasnow|Aurora Veil||[still]\n|-fail|p2a: Abomasnow\n|move|p1a: Empoleon|Surf|p2a: Abomasnow\n|-resisted|p2a: Abomasnow\n|-damage|p2a: Abomasnow|62\/100\n|\n|-heal|p1a: Empoleon|74\/100|[from] item: Leftovers\n|-damage|p1a: Empoleon|62\/100|[from] Leech Seed|[of] p2a: Abomasnow\n|-heal|p2a: Abomasnow|74\/100|[silent]\n|upkeep\n|turn|48\n|\n|t:|1700880171\n|move|p2a: Abomasnow|Giga Drain|p1a: Empoleon\n|-damage|p1a: Empoleon|39\/100\n|-heal|p2a: Abomasnow|85\/100|[from] drain|[of] p1a: Empoleon\n|move|p1a: Empoleon|Surf|p2a: Abomasnow\n|-resisted|p2a: Abomasnow\n|-damage|p2a: Abomasnow|51\/100\n|\n|-heal|p1a: Empoleon|46\/100|[from] item: Leftovers\n|-damage|p1a: Empoleon|33\/100|[from] Leech Seed|[of] p2a: Abomasnow\n|-heal|p2a: Abomasnow|63\/100|[silent]\n|upkeep\n|turn|49\n|\n|t:|1700880180\n|move|p2a: Abomasnow|Aurora Veil||[still]\n|-fail|p2a: Abomasnow\n|move|p1a: Empoleon|Surf|p2a: Abomasnow\n|-resisted|p2a: Abomasnow\n|-damage|p2a: Abomasnow|29\/100\n|\n|-heal|p1a: Empoleon|39\/100|[from] item: Leftovers\n|-damage|p1a: Empoleon|27\/100|[from] Leech Seed|[of] p2a: Abomasnow\n|-heal|p2a: Abomasnow|41\/100|[silent]\n|upkeep\n|turn|50\n|\n|t:|1700880189\n|move|p2a: Abomasnow|Giga Drain|p1a: Empoleon\n|-damage|p1a: Empoleon|5\/100\n|-heal|p2a: Abomasnow|52\/100|[from] drain|[of] p1a: Empoleon\n|move|p1a: Empoleon|Surf|p2a: Abomasnow\n|-resisted|p2a: Abomasnow\n|-damage|p2a: Abomasnow|20\/100\n|\n|-heal|p1a: Empoleon|11\/100|[from] item: Leftovers\n|-damage|p1a: Empoleon|0 fnt|[from] Leech Seed|[of] p2a: Abomasnow\n|-heal|p2a: Abomasnow|30\/100|[silent]\n|faint|p1a: Empoleon\n|\n|win|Imanjoneser\n|upkeep\n|raw|Cardo Pixelado's rating: 1012 &rarr; <strong>1001<\/strong><br \/>(-11 for losing)\n|raw|Imanjoneser's rating: 1047 &rarr; <strong>1077<\/strong><br \/>(+30 for winning)\n|c|\u2606Imanjoneser|YES GG!\n|c|\u2606Cardo Pixelado|gg\n|c|\u2606Cardo Pixelado|good match\n|c|\u2606Imanjoneser|YEAH!\n|c|\u2606Cardo Pixelado|duel of titans XD\n|c|\u2606Cardo Pixelado|rematch?\n|c|\u2606Imanjoneser|SO hard to get a W with a pure ice team\n|c|\u2606Imanjoneser|Maybe with different teams lol\n|c|\u2606Cardo Pixelado|same with steel type XD\n|c|\u2606Imanjoneser|I think steel is way easier to be fair lol\n|c|\u2606Imanjoneser|Gholdengo itself is cracked\n|c|\u2606Cardo Pixelado|in this meta? u sure? XD\n|c|\u2606Cardo Pixelado|c'mon a rematch\n|l|\u2606Cardo Pixelado\n|c|\u2606Imanjoneser|Yeah I'm down for a rematch but not with this ice team lol that was 50 turnsXD\n","uploadtime":1700880332,"views":4,"p1id":"cardopixelado","p2id":"imanjoneser","formatid":"gen9ou","rating":1001,"private":0,"password":""}