{"id":"gen9ou-1997551113","p1":"Marineti","p2":"RiciB","format":"[Gen 9] OU","log":"|j|\u2606Marineti\n|j|\u2606RiciB\n|t:|1700824169\n|gametype|singles\n|player|p1|Marineti|cynthia|1151\n|player|p2|RiciB|ethan|1165\n|teamsize|p1|6\n|teamsize|p2|6\n|gen|9\n|tier|[Gen 9] OU\n|rated|\n|rule|Sleep Clause Mod: Limit one foe put to sleep\n|rule|Species Clause: Limit one of each Pok\u00e9mon\n|rule|OHKO Clause: OHKO moves are banned\n|rule|Evasion Items Clause: Evasion items are banned\n|rule|Evasion Moves Clause: Evasion moves are banned\n|rule|Endless Battle Clause: Forcing endless battles is banned\n|rule|HP Percentage Mod: HP is shown in percentages\n|clearpoke\n|poke|p1|Ting-Lu|\n|poke|p1|Amoonguss, F|\n|poke|p1|Ursaluna, F|\n|poke|p1|Rotom-Wash|\n|poke|p1|Gholdengo|\n|poke|p1|Corviknight, M|\n|poke|p2|Kommo-o, F|\n|poke|p2|Corviknight, F|\n|poke|p2|Rillaboom, M|\n|poke|p2|Ting-Lu|\n|poke|p2|Ribombee, F|\n|poke|p2|Iron Moth|\n|teampreview\n|\n|t:|1700824177\n|start\n|switch|p1a: Corviknight|Corviknight, M, shiny|100\/100\n|switch|p2a: Ribombee|Ribombee, F, shiny|100\/100\n|turn|1\n|inactive|Battle timer is ON: inactive players will automatically lose when time's up. (requested by RiciB)\n|\n|t:|1700824198\n|move|p2a: Ribombee|Stun Spore|p1a: Corviknight\n|-status|p1a: Corviknight|par\n|move|p1a: Corviknight|Iron Head|p2a: Ribombee\n|-supereffective|p2a: Ribombee\n|-damage|p2a: Ribombee|5\/100\n|\n|upkeep\n|turn|2\n|\n|t:|1700824215\n|move|p2a: Ribombee|Sticky Web|p1a: Corviknight\n|-sidestart|p1: Marineti|move: Sticky Web\n|move|p1a: Corviknight|U-turn|p2a: Ribombee\n|-resisted|p2a: Ribombee\n|-damage|p2a: Ribombee|0 fnt\n|faint|p2a: Ribombee\n|\n|t:|1700824225\n|switch|p1a: Rotom|Rotom-Wash, shiny|100\/100|[from] U-turn\n|\n|upkeep\n|\n|t:|1700824232\n|switch|p2a: Kommo-o|Kommo-o, F|100\/100\n|turn|3\n|\n|t:|1700824240\n|move|p2a: Kommo-o|Clangorous Soul|p2a: Kommo-o\n|-boost|p2a: Kommo-o|atk|1\n|-boost|p2a: Kommo-o|def|1\n|-boost|p2a: Kommo-o|spa|1\n|-boost|p2a: Kommo-o|spd|1\n|-boost|p2a: Kommo-o|spe|1\n|-damage|p2a: Kommo-o|68\/100\n|-enditem|p2a: Kommo-o|Throat Spray\n|-boost|p2a: Kommo-o|spa|1|[from] item: Throat Spray\n|move|p1a: Rotom|Will-O-Wisp|p2a: Kommo-o\n|-status|p2a: Kommo-o|brn\n|\n|-damage|p2a: Kommo-o|61\/100 brn|[from] brn\n|upkeep\n|turn|4\n|\n|t:|1700824253\n|-terastallize|p2a: Kommo-o|Normal\n|move|p2a: Kommo-o|Boomburst|p1a: Rotom\n|-damage|p1a: Rotom|0 fnt\n|faint|p1a: Rotom\n|\n|-damage|p2a: Kommo-o|55\/100 brn|[from] brn\n|upkeep\n|\n|t:|1700824261\n|switch|p1a: Ting-Lu|Ting-Lu|100\/100\n|-activate|p1a: Ting-Lu|move: Sticky Web\n|-unboost|p1a: Ting-Lu|spe|1\n|-ability|p1a: Ting-Lu|Vessel of Ruin\n|turn|5\n|\n|t:|1700824270\n|move|p2a: Kommo-o|Boomburst|p1a: Ting-Lu\n|-damage|p1a: Ting-Lu|44\/100\n|move|p1a: Ting-Lu|Earthquake|p2a: Kommo-o\n|-damage|p2a: Kommo-o|30\/100 brn\n|\n|-heal|p1a: Ting-Lu|50\/100|[from] item: Leftovers\n|-damage|p2a: Kommo-o|24\/100 brn|[from] brn\n|upkeep\n|turn|6\n|\n|t:|1700824281\n|move|p2a: Kommo-o|Boomburst|p1a: Ting-Lu\n|-damage|p1a: Ting-Lu|0 fnt\n|faint|p1a: Ting-Lu\n|\n|-damage|p2a: Kommo-o|18\/100 brn|[from] brn\n|upkeep\n|\n|t:|1700824287\n|switch|p1a: Corviknight|Corviknight, M, shiny|100\/100 par\n|turn|7\n|\n|t:|1700824292\n|move|p2a: Kommo-o|Flamethrower|p1a: Corviknight\n|-supereffective|p1a: Corviknight\n|-damage|p1a: Corviknight|4\/100 par\n|move|p1a: Corviknight|Defog|p2a: Kommo-o\n|-unboost|p2a: Kommo-o|evasion|1\n|-sideend|p1: Marineti|Sticky Web|[from] move: Defog|[of] p1a: Corviknight\n|\n|-damage|p2a: Kommo-o|11\/100 brn|[from] brn\n|upkeep\n|turn|8\n|inactive|Marineti has 120 seconds left.\n|\n|t:|1700824324\n|move|p2a: Kommo-o|Flamethrower|p1a: Corviknight\n|-supereffective|p1a: Corviknight\n|-damage|p1a: Corviknight|0 fnt\n|faint|p1a: Corviknight\n|\n|-damage|p2a: Kommo-o|5\/100 brn|[from] brn\n|upkeep\n|inactive|Marineti has 120 seconds left.\n|\n|t:|1700824330\n|switch|p1a: Ursaluna|Ursaluna, F, shiny|100\/100\n|turn|9\n|\n|t:|1700824334\n|-terastallize|p1a: Ursaluna|Ghost\n|move|p2a: Kommo-o|Boomburst|p1a: Ursaluna\n|-immune|p1a: Ursaluna\n|move|p1a: Ursaluna|Crunch|p2a: Kommo-o\n|-damage|p2a: Kommo-o|0 fnt\n|faint|p2a: Kommo-o\n|\n|-status|p1a: Ursaluna|brn|[from] item: Flame Orb\n|upkeep\n|\n|t:|1700824343\n|switch|p2a: Corviknight|Corviknight, F, shiny|100\/100\n|-ability|p2a: Corviknight|Pressure\n|turn|10\n|\n|t:|1700824349\n|move|p1a: Ursaluna|Fire Punch|p2a: Corviknight\n|-supereffective|p2a: Corviknight\n|-damage|p2a: Corviknight|46\/100\n|-damage|p1a: Ursaluna|84\/100 brn|[from] item: Rocky Helmet|[of] p2a: Corviknight\n|move|p2a: Corviknight|Brave Bird|p1a: Ursaluna\n|-damage|p1a: Ursaluna|56\/100 brn\n|-damage|p2a: Corviknight|36\/100|[from] Recoil\n|\n|-damage|p1a: Ursaluna|50\/100 brn|[from] brn\n|upkeep\n|turn|11\n|\n|t:|1700824359\n|move|p1a: Ursaluna|Fire Punch|p2a: Corviknight\n|-supereffective|p2a: Corviknight\n|-damage|p2a: Corviknight|0 fnt\n|-damage|p1a: Ursaluna|34\/100 brn|[from] item: Rocky Helmet|[of] p2a: Corviknight\n|faint|p2a: Corviknight\n|\n|-damage|p1a: Ursaluna|27\/100 brn|[from] brn\n|upkeep\n|\n|t:|1700824365\n|switch|p2a: Iron Moth|Iron Moth|100\/100\n|-enditem|p2a: Iron Moth|Booster Energy\n|-activate|p2a: Iron Moth|ability: Quark Drive|[fromitem]\n|-start|p2a: Iron Moth|quarkdrivespe\n|turn|12\n|\n|t:|1700824373\n|move|p2a: Iron Moth|Fiery Dance|p1a: Ursaluna\n|-damage|p1a: Ursaluna|0 fnt\n|faint|p1a: Ursaluna\n|\n|upkeep\n|\n|t:|1700824379\n|switch|p1a: Gholdengo|Gholdengo, shiny|100\/100\n|-item|p1a: Gholdengo|Air Balloon\n|turn|13\n|\n|t:|1700824385\n|move|p2a: Iron Moth|Fiery Dance|p1a: Gholdengo\n|-supereffective|p1a: Gholdengo\n|-damage|p1a: Gholdengo|10\/100\n|-enditem|p1a: Gholdengo|Air Balloon\n|move|p1a: Gholdengo|Shadow Ball|p2a: Iron Moth\n|-damage|p2a: Iron Moth|52\/100\n|\n|upkeep\n|turn|14\n|\n|t:|1700824393\n|move|p2a: Iron Moth|Fiery Dance|p1a: Gholdengo\n|-supereffective|p1a: Gholdengo\n|-damage|p1a: Gholdengo|0 fnt\n|faint|p1a: Gholdengo\n|\n|upkeep\n|\n|t:|1700824397\n|switch|p1a: Amoonguss|Amoonguss, F, shiny|100\/100\n|turn|15\n|\n|t:|1700824400\n|move|p2a: Iron Moth|Fiery Dance|p1a: Amoonguss\n|-supereffective|p1a: Amoonguss\n|-damage|p1a: Amoonguss|27\/100\n|-boost|p2a: Iron Moth|spa|1\n|move|p1a: Amoonguss|Spore|p2a: Iron Moth\n|-status|p2a: Iron Moth|slp|[from] move: Spore\n|\n|-heal|p1a: Amoonguss|33\/100|[from] item: Black Sludge\n|upkeep\n|turn|16\n|\n|t:|1700824411\n|-end|p2a: Iron Moth|Quark Drive|[silent]\n|switch|p2a: Rillaboom|Rillaboom, M|100\/100\n|-fieldstart|move: Grassy Terrain|[from] ability: Grassy Surge|[of] p2a: Rillaboom\n|move|p1a: Amoonguss|Foul Play|p2a: Rillaboom\n|-damage|p2a: Rillaboom|61\/100\n|\n|-heal|p2a: Rillaboom|67\/100|[from] Grassy Terrain\n|-heal|p1a: Amoonguss|39\/100|[from] Grassy Terrain\n|-heal|p1a: Amoonguss|46\/100|[from] item: Black Sludge\n|upkeep\n|turn|17\n|\n|t:|1700824425\n|move|p2a: Rillaboom|Knock Off|p1a: Amoonguss\n|-damage|p1a: Amoonguss|4\/100\n|-enditem|p1a: Amoonguss|Black Sludge|[from] move: Knock Off|[of] p2a: Rillaboom\n|move|p1a: Amoonguss|Sludge Bomb|p2a: Rillaboom\n|-supereffective|p2a: Rillaboom\n|-damage|p2a: Rillaboom|0 fnt\n|faint|p2a: Rillaboom\n|\n|-heal|p1a: Amoonguss|10\/100|[from] Grassy Terrain\n|upkeep\n|\n|t:|1700824432\n|switch|p2a: Ting-Lu|Ting-Lu|100\/100\n|-ability|p2a: Ting-Lu|Vessel of Ruin\n|turn|18\n|\n|t:|1700824445\n|move|p2a: Ting-Lu|Earthquake|p1a: Amoonguss\n|-damage|p1a: Amoonguss|0 fnt\n|faint|p1a: Amoonguss\n|\n|win|RiciB\n|raw|Marineti's rating: 1151 &rarr; <strong>1127<\/strong><br \/>(-24 for losing)\n|raw|RiciB's rating: 1165 &rarr; <strong>1189<\/strong><br \/>(+24 for winning)\n","uploadtime":1700824448,"views":3,"p1id":"marineti","p2id":"ricib","formatid":"gen9ou","rating":1127,"private":0,"password":""}