{"id":"gen9ou-1994907858","p1":"RedemptionDeath","p2":"shansvid36","format":"[Gen 9] OU","log":"|j|\u2606RedemptionDeath\n|j|\u2606shansvid36\n|t:|1700503655\n|gametype|singles\n|player|p1|RedemptionDeath|266|1137\n|player|p2|shansvid36|cheren|1036\n|teamsize|p1|6\n|teamsize|p2|6\n|gen|9\n|tier|[Gen 9] OU\n|rated|\n|rule|Sleep Clause Mod: Limit one foe put to sleep\n|rule|Species Clause: Limit one of each Pok\u00e9mon\n|rule|OHKO Clause: OHKO moves are banned\n|rule|Evasion Items Clause: Evasion items are banned\n|rule|Evasion Moves Clause: Evasion moves are banned\n|rule|Endless Battle Clause: Forcing endless battles is banned\n|rule|HP Percentage Mod: HP is shown in percentages\n|clearpoke\n|poke|p1|Zapdos|\n|poke|p1|Dondozo, M|\n|poke|p1|Alomomola, F|\n|poke|p1|Clodsire, F|\n|poke|p1|Toxapex, M|\n|poke|p1|Blissey, F|\n|poke|p2|Zweilous, F|\n|poke|p2|Electrode-Hisui|\n|poke|p2|Noctowl, F|\n|poke|p2|Muk, M|\n|poke|p2|Lokix, F|\n|poke|p2|Zangoose, F|\n|teampreview\n|inactive|Battle timer is ON: inactive players will automatically lose when time's up. (requested by RedemptionDeath)\n|c|\u2606shansvid36|3 stals\n|c|\u2606RedemptionDeath|I don't use stall...\n|\n|t:|1700503684\n|start\n|switch|p1a: Alomomola|Alomomola, F|100\/100\n|switch|p2a: Noctowl|Noctowl, F|100\/100\n|turn|1\n|\n|t:|1700503699\n|move|p2a: Noctowl|Tailwind|p2a: Noctowl\n|-sidestart|p2: shansvid36|move: Tailwind\n|move|p1a: Alomomola|Whirlpool|p2a: Noctowl\n|-damage|p2a: Noctowl|97\/100\n|-activate|p2a: Noctowl|move: Whirlpool|[of] p1a: Alomomola\n|\n|-damage|p2a: Noctowl|84\/100|[from] move: Whirlpool|[partiallytrapped]\n|upkeep\n|turn|2\n|\n|t:|1700503711\n|move|p2a: Noctowl|Reflect|p2a: Noctowl\n|-sidestart|p2: shansvid36|Reflect\n|move|p1a: Alomomola|Chilling Water|p2a: Noctowl\n|-damage|p2a: Noctowl|79\/100\n|-unboost|p2a: Noctowl|atk|1\n|\n|-damage|p2a: Noctowl|67\/100|[from] move: Whirlpool|[partiallytrapped]\n|upkeep\n|turn|3\n|\n|t:|1700503717\n|move|p2a: Noctowl|Defog|p1a: Alomomola\n|-unboost|p1a: Alomomola|evasion|1\n|move|p1a: Alomomola|Chilling Water|p2a: Noctowl\n|-damage|p2a: Noctowl|61\/100\n|-unboost|p2a: Noctowl|atk|1\n|\n|-damage|p2a: Noctowl|48\/100|[from] move: Whirlpool|[partiallytrapped]\n|upkeep\n|turn|4\n|\n|t:|1700503727\n|move|p2a: Noctowl|Hyper Voice|p1a: Alomomola\n|-damage|p1a: Alomomola|65\/100\n|move|p1a: Alomomola|Chilling Water|p2a: Noctowl\n|-damage|p2a: Noctowl|43\/100\n|-unboost|p2a: Noctowl|atk|1\n|\n|-damage|p2a: Noctowl|31\/100|[from] move: Whirlpool|[partiallytrapped]\n|-sideend|p2: shansvid36|move: Tailwind\n|upkeep\n|turn|5\n|\n|t:|1700503732\n|move|p2a: Noctowl|Hyper Voice|p1a: Alomomola\n|-damage|p1a: Alomomola|34\/100\n|move|p1a: Alomomola|Wish|p1a: Alomomola\n|\n|-end|p2a: Noctowl|Whirlpool|[partiallytrapped]\n|upkeep\n|turn|6\n|\n|t:|1700503736\n|move|p2a: Noctowl|Hyper Voice|p1a: Alomomola\n|-damage|p1a: Alomomola|0 fnt\n|faint|p1a: Alomomola\n|\n|-sideend|p2: shansvid36|Reflect\n|upkeep\n|c|\u2606RedemptionDeath|F\n|c|\u2606RedemptionDeath|I risked it, for le biscuit\n|c|\u2606RedemptionDeath|and I failed\n|c|\u2606RedemptionDeath|!\n|\n|t:|1700503748\n|switch|p1a: Zapdos|Zapdos|100\/100\n|-ability|p1a: Zapdos|Pressure\n|turn|7\n|\n|t:|1700503765\n|switch|p2a: Zweilous|Zweilous, F|100\/100\n|move|p1a: Zapdos|Volt Switch|p2a: Zweilous\n|-resisted|p2a: Zweilous\n|-damage|p2a: Zweilous|85\/100\n|\n|t:|1700503786\n|switch|p1a: Blissey|Blissey, F|100\/100|[from] Volt Switch\n|\n|upkeep\n|turn|8\n|\n|t:|1700503799\n|move|p1a: Blissey|Seismic Toss|p2a: Zweilous\n|-damage|p2a: Zweilous|50\/100\n|move|p2a: Zweilous|Thunder Wave|p1a: Blissey\n|-status|p1a: Blissey|par\n|\n|upkeep\n|turn|9\n|c|\u2606RedemptionDeath|Scary!\n|c|\u2606shansvid36|AAAA\n|\n|t:|1700503816\n|move|p2a: Zweilous|Crunch|p1a: Blissey|[miss]\n|-miss|p2a: Zweilous|p1a: Blissey\n|cant|p1a: Blissey|par\n|\n|upkeep\n|turn|10\n|c|\u2606RedemptionDeath|Owy\n|\n|t:|1700503842\n|switch|p1a: Toxapex|Toxapex, M|100\/100\n|move|p2a: Zweilous|Crunch|p1a: Toxapex|[miss]\n|-miss|p2a: Zweilous|p1a: Toxapex\n|\n|upkeep\n|turn|11\n|\n|t:|1700503851\n|move|p2a: Zweilous|Stomping Tantrum|p1a: Toxapex\n|-supereffective|p1a: Toxapex\n|-damage|p1a: Toxapex|48\/100\n|move|p1a: Toxapex|Infestation|p2a: Zweilous\n|-supereffective|p2a: Zweilous\n|-damage|p2a: Zweilous|46\/100\n|-activate|p2a: Zweilous|move: Infestation|[of] p1a: Toxapex\n|\n|-damage|p2a: Zweilous|33\/100|[from] move: Infestation|[partiallytrapped]\n|upkeep\n|turn|12\n|c|\u2606RedemptionDeath|Accident!\n|\n|t:|1700503859\n|-terastallize|p1a: Toxapex|Fairy\n|move|p2a: Zweilous|Stomping Tantrum|p1a: Toxapex\n|-damage|p1a: Toxapex|35\/100\n|move|p1a: Toxapex|Recover|p1a: Toxapex\n|-heal|p1a: Toxapex|85\/100\n|\n|-damage|p2a: Zweilous|21\/100|[from] move: Infestation|[partiallytrapped]\n|upkeep\n|turn|13\n|\n|t:|1700503866\n|move|p2a: Zweilous|Thunder Wave|p1a: Toxapex|[miss]\n|-miss|p2a: Zweilous|p1a: Toxapex\n|move|p1a: Toxapex|Toxic|p2a: Zweilous\n|-status|p2a: Zweilous|tox\n|\n|-damage|p2a: Zweilous|15\/100 tox|[from] psn\n|-damage|p2a: Zweilous|3\/100 tox|[from] move: Infestation|[partiallytrapped]\n|upkeep\n|turn|14\n|\n|t:|1700503875\n|switch|p1a: Blissey|Blissey, F|100\/100 par\n|move|p2a: Zweilous|Thunder Wave|p1a: Blissey\n|-fail|p1a: Blissey|par\n|\n|-damage|p2a: Zweilous|0 fnt|[from] psn\n|faint|p2a: Zweilous\n|upkeep\n|\n|t:|1700503880\n|switch|p2a: Lokix|Lokix, F, shiny|100\/100\n|turn|15\n|\n|t:|1700503902\n|switch|p1a: Dondozo|Dondozo, M|100\/100\n|-terastallize|p2a: Lokix|Fighting\n|move|p2a: Lokix|Axe Kick|p1a: Dondozo\n|-damage|p1a: Dondozo|75\/100\n|\n|upkeep\n|turn|16\n|\n|t:|1700503918\n|switch|p2a: Muk|Muk, M|100\/100\n|move|p1a: Dondozo|Body Press|p2a: Muk\n|-resisted|p2a: Muk\n|-damage|p2a: Muk|88\/100\n|\n|-heal|p2a: Muk|94\/100|[from] item: Black Sludge\n|upkeep\n|turn|17\n|\n|t:|1700503937\n|switch|p1a: Toxapex|Toxapex, M, tera:Fairy|100\/100\n|move|p2a: Muk|Gunk Shot|p1a: Toxapex|[miss]\n|-miss|p2a: Muk|p1a: Toxapex\n|\n|-heal|p2a: Muk|99\/100|[from] item: Black Sludge\n|upkeep\n|turn|18\n|c|\u2606shansvid36|NAAAA\n|c|\u2606shansvid36|so close\n|\n|t:|1700503951\n|move|p2a: Muk|Drain Punch|p1a: Toxapex\n|-resisted|p1a: Toxapex\n|-damage|p1a: Toxapex|95\/100\n|-heal|p2a: Muk|100\/100|[from] drain|[of] p1a: Toxapex\n|-status|p1a: Toxapex|psn|[from] ability: Poison Touch|[of] p2a: Muk\n|move|p1a: Toxapex|Toxic|p2a: Muk\n|-immune|p2a: Muk\n|\n|-damage|p1a: Toxapex|82\/100 psn|[from] psn\n|upkeep\n|turn|19\n|\n|t:|1700503956\n|move|p2a: Muk|Gunk Shot|p1a: Toxapex\n|-supereffective|p1a: Toxapex\n|-damage|p1a: Toxapex|33\/100 psn\n|move|p1a: Toxapex|Infestation|p2a: Muk\n|-resisted|p2a: Muk\n|-damage|p2a: Muk|99\/100\n|-activate|p2a: Muk|move: Infestation|[of] p1a: Toxapex\n|\n|-heal|p2a: Muk|100\/100|[from] item: Black Sludge\n|-damage|p1a: Toxapex|21\/100 psn|[from] psn\n|-damage|p2a: Muk|88\/100|[from] move: Infestation|[partiallytrapped]\n|upkeep\n|turn|20\n|c|\u2606RedemptionDeath|Owwy\n|c|\u2606RedemptionDeath|Oh yeah, I'm this type now\n|\n|t:|1700503972\n|switch|p1a: Clodsire|Clodsire, F|100\/100\n|move|p2a: Muk|Gunk Shot|p1a: Clodsire\n|-resisted|p1a: Clodsire\n|-damage|p1a: Clodsire|90\/100\n|\n|-heal|p2a: Muk|94\/100|[from] item: Black Sludge\n|-end|p2a: Muk|Infestation|[partiallytrapped]|[silent]\n|upkeep\n|turn|21\n|inactive|RedemptionDeath has 120 seconds left.\n|\n|t:|1700504027\n|switch|p2a: Noctowl|Noctowl, F|31\/100\n|switch|p1a: Toxapex|Toxapex, M, tera:Fairy|54\/100 psn\n|\n|-damage|p1a: Toxapex|41\/100 psn|[from] psn\n|upkeep\n|turn|22\n|c|\u2606shansvid36|i have one question if you are band, unaware will activated?\n|inactive|shansvid36 has 120 seconds left.\n|\n|t:|1700504060\n|switch|p1a: Blissey|Blissey, F|100\/100 par\n|move|p2a: Noctowl|Tailwind|p2a: Noctowl\n|-sidestart|p2: shansvid36|move: Tailwind\n|\n|upkeep\n|turn|23\n|\n|t:|1700504067\n|move|p2a: Noctowl|Reflect|p2a: Noctowl\n|-sidestart|p2: shansvid36|Reflect\n|cant|p1a: Blissey|par\n|\n|upkeep\n|turn|24\n|\n|t:|1700504075\n|switch|p2a: Lokix|Lokix, F, shiny, tera:Fighting|100\/100\n|cant|p1a: Blissey|par\n|\n|upkeep\n|turn|25\n|inactive|RedemptionDeath has 120 seconds left.\n|c|\u2606RedemptionDeath|F\n|\n|t:|1700504090\n|switch|p2a: Zangoose|Zangoose, F|100\/100\n|switch|p1a: Dondozo|Dondozo, M|75\/100\n|\n|-sideend|p2: shansvid36|move: Tailwind\n|-status|p2a: Zangoose|tox|[from] item: Toxic Orb\n|upkeep\n|turn|26\n|inactive|RedemptionDeath has 120 seconds left.\n|\n|t:|1700504119\n|switch|p1a: Toxapex|Toxapex, M, tera:Fairy|75\/100 psn\n|move|p2a: Zangoose|Knock Off|p1a: Toxapex\n|-resisted|p1a: Toxapex\n|-damage|p1a: Toxapex|60\/100 psn\n|-enditem|p1a: Toxapex|Heavy-Duty Boots|[from] move: Knock Off|[of] p2a: Zangoose\n|\n|-damage|p2a: Zangoose|94\/100 tox|[from] psn\n|-damage|p1a: Toxapex|48\/100 psn|[from] psn\n|upkeep\n|turn|27\n|\n|t:|1700504125\n|move|p2a: Zangoose|Facade|p1a: Toxapex\n|-damage|p1a: Toxapex|0 fnt\n|faint|p1a: Toxapex\n|\n|-damage|p2a: Zangoose|82\/100 tox|[from] psn\n|-sideend|p2: shansvid36|Reflect\n|upkeep\n|c|\u2606RedemptionDeath|FEWAOK-AWEFU8AFW\n|n|!RedemptionDeath|redemptiondeath\n|\n|t:|1700504146\n|switch|p1a: Clodsire|Clodsire, F|90\/100\n|turn|28\n|c|\u2606shansvid36|are you okey?\n|inactive|RedemptionDeath has 90 seconds left.\n|\n|t:|1700504185\n|move|p2a: Zangoose|Facade|p1a: Clodsire\n|-damage|p1a: Clodsire|0 fnt\n|faint|p1a: Clodsire\n|\n|-damage|p2a: Zangoose|63\/100 tox|[from] psn\n|upkeep\n|inactive|RedemptionDeath has 60 seconds left.\n|\n|t:|1700504210\n|switch|p1a: Blissey|Blissey, F|100\/100 par\n|turn|29\n|\n|t:|1700504226\n|move|p2a: Zangoose|Facade|p1a: Blissey\n|-damage|p1a: Blissey|0 fnt\n|faint|p1a: Blissey\n|\n|-damage|p2a: Zangoose|38\/100 tox|[from] psn\n|upkeep\n|\n|t:|1700504233\n|switch|p1a: Dondozo|Dondozo, M|75\/100\n|turn|30\n|\n|t:|1700504240\n|move|p2a: Zangoose|Facade|p1a: Dondozo\n|-damage|p1a: Dondozo|29\/100\n|move|p1a: Dondozo|Rest|p1a: Dondozo\n|-status|p1a: Dondozo|slp|[from] move: Rest\n|-heal|p1a: Dondozo|100\/100 slp|[silent]\n|\n|-damage|p2a: Zangoose|7\/100 tox|[from] psn\n|upkeep\n|turn|31\n|\n|t:|1700504245\n|move|p2a: Zangoose|Facade|p1a: Dondozo\n|-damage|p1a: Dondozo|55\/100 slp\n|cant|p1a: Dondozo|slp\n|move|p1a: Dondozo|Sleep Talk|p1a: Dondozo\n|move|p1a: Dondozo|Body Press|p2a: Zangoose|[from]move: Sleep Talk\n|-supereffective|p2a: Zangoose\n|-damage|p2a: Zangoose|0 fnt\n|faint|p2a: Zangoose\n|\n|upkeep\n|\n|t:|1700504248\n|switch|p2a: Electrode|Electrode-Hisui|100\/100\n|turn|32\n|inactive|RedemptionDeath has 90 seconds left.\n|\n|t:|1700504274\n|switch|p1a: Zapdos|Zapdos|100\/100\n|-ability|p1a: Zapdos|Pressure\n|move|p2a: Electrode|Thunderbolt|p1a: Zapdos\n|-damage|p1a: Zapdos|57\/100\n|\n|-heal|p1a: Zapdos|63\/100|[from] item: Leftovers\n|upkeep\n|turn|33\n|\n|t:|1700504286\n|move|p2a: Electrode|Thunderbolt|p1a: Zapdos\n|-damage|p1a: Zapdos|18\/100\n|move|p1a: Zapdos|Heat Wave|p2a: Electrode\n|-supereffective|p2a: Electrode\n|-damage|p2a: Electrode|0 fnt\n|faint|p2a: Electrode\n|\n|-heal|p1a: Zapdos|24\/100|[from] item: Leftovers\n|upkeep\n|\n|t:|1700504291\n|switch|p2a: Lokix|Lokix, F, shiny, tera:Fighting|100\/100\n|turn|34\n|inactive|RedemptionDeath has 90 seconds left.\n|\n|t:|1700504299\n|move|p2a: Lokix|Axe Kick|p1a: Zapdos\n|-resisted|p1a: Zapdos\n|-damage|p1a: Zapdos|0 fnt\n|faint|p1a: Zapdos\n|\n|upkeep\n|\n|t:|1700504302\n|switch|p1a: Dondozo|Dondozo, M|55\/100 slp\n|turn|35\n|\n|t:|1700504306\n|move|p2a: Lokix|Axe Kick|p1a: Dondozo\n|-damage|p1a: Dondozo|32\/100 slp\n|-start|p1a: Dondozo|confusion\n|cant|p1a: Dondozo|slp\n|-activate|p1a: Dondozo|confusion\n|move|p1a: Dondozo|Sleep Talk|p1a: Dondozo\n|move|p1a: Dondozo|Rest||[from]move: Sleep Talk|[still]\n|-fail|p1a: Dondozo\n|\n|upkeep\n|turn|36\n|\n|t:|1700504314\n|move|p2a: Lokix|Axe Kick|p1a: Dondozo\n|-damage|p1a: Dondozo|9\/100 slp\n|-curestatus|p1a: Dondozo|slp|[msg]\n|-activate|p1a: Dondozo|confusion\n|move|p1a: Dondozo|Rest|p1a: Dondozo\n|-status|p1a: Dondozo|slp|[from] move: Rest\n|-heal|p1a: Dondozo|100\/100 slp|[silent]\n|\n|upkeep\n|turn|37\n|\n|t:|1700504323\n|switch|p2a: Muk|Muk, M|94\/100\n|cant|p1a: Dondozo|slp\n|-activate|p1a: Dondozo|confusion\n|move|p1a: Dondozo|Sleep Talk|p1a: Dondozo\n|move|p1a: Dondozo|Rest||[from]move: Sleep Talk|[still]\n|-fail|p1a: Dondozo\n|\n|-heal|p2a: Muk|99\/100|[from] item: Black Sludge\n|upkeep\n|turn|38\n|inactive|RedemptionDeath has 120 seconds left.\n|\n|t:|1700504329\n|move|p2a: Muk|Gunk Shot|p1a: Dondozo\n|-damage|p1a: Dondozo|81\/100 slp\n|cant|p1a: Dondozo|slp\n|-activate|p1a: Dondozo|confusion\n|move|p1a: Dondozo|Sleep Talk|p1a: Dondozo\n|move|p1a: Dondozo|Rest||[from]move: Sleep Talk|[still]\n|-fail|p1a: Dondozo\n|\n|-heal|p2a: Muk|100\/100|[from] item: Black Sludge\n|upkeep\n|turn|39\n|\n|t:|1700504336\n|move|p2a: Muk|Gunk Shot|p1a: Dondozo\n|-damage|p1a: Dondozo|63\/100 slp\n|-curestatus|p1a: Dondozo|slp|[msg]\n|-end|p1a: Dondozo|confusion\n|move|p1a: Dondozo|Body Press|p2a: Muk\n|-resisted|p2a: Muk\n|-damage|p2a: Muk|88\/100\n|\n|-heal|p2a: Muk|94\/100|[from] item: Black Sludge\n|upkeep\n|turn|40\n|\n|t:|1700504345\n|move|p2a: Muk|Toxic|p1a: Dondozo\n|-status|p1a: Dondozo|tox\n|move|p1a: Dondozo|Heavy Slam|p2a: Muk\n|-damage|p2a: Muk|70\/100\n|\n|-heal|p2a: Muk|76\/100|[from] item: Black Sludge\n|-damage|p1a: Dondozo|56\/100 tox|[from] psn\n|upkeep\n|turn|41\n|-message|RedemptionDeath forfeited.\n|\n|win|shansvid36\n|raw|RedemptionDeath's rating: 1137 &rarr; <strong>1105<\/strong><br \/>(-32 for losing)\n|raw|shansvid36's rating: 1036 &rarr; <strong>1080<\/strong><br \/>(+44 for winning)\n","uploadtime":1700504133,"views":5,"p1id":"redemptiondeath","p2id":"shansvid36","formatid":"gen9ou","rating":1080,"private":0,"password":""}