{"id":"gen9ou-1993122449","p1":"jijbig","p2":"deetznutzzzz","format":"[Gen 9] OU","log":"|j|\u2606jijbig\n|j|\u203ddeetznutzzzz\n|t:|1700267400\n|gametype|singles\n|player|p1|jijbig|linebacker|1341\n|player|p2|deetznutzzzz|265|1225\n|teamsize|p1|6\n|teamsize|p2|6\n|gen|9\n|tier|[Gen 9] OU\n|rated|\n|rule|Sleep Clause Mod: Limit one foe put to sleep\n|rule|Species Clause: Limit one of each Pok\u00e9mon\n|rule|OHKO Clause: OHKO moves are banned\n|rule|Evasion Items Clause: Evasion items are banned\n|rule|Evasion Moves Clause: Evasion moves are banned\n|rule|Endless Battle Clause: Forcing endless battles is banned\n|rule|HP Percentage Mod: HP is shown in percentages\n|clearpoke\n|poke|p1|Rillaboom, F|\n|poke|p1|Garganacl, F|\n|poke|p1|Great Tusk|\n|poke|p1|Heatran, M|\n|poke|p1|Zapdos|\n|poke|p1|Walking Wake|\n|poke|p2|Fezandipiti, M|\n|poke|p2|Walking Wake|\n|poke|p2|Cinderace, M|\n|poke|p2|Empoleon, F|\n|poke|p2|Landorus-Therian, M|\n|poke|p2|Great Tusk|\n|teampreview\n|inactive|Battle timer is ON: inactive players will automatically lose when time's up. (requested by jijbig)\n|\n|t:|1700267425\n|start\n|switch|p1a: Walking Wake|Walking Wake|100\/100\n|switch|p2a: Landorus|Landorus-Therian, M|100\/100\n|-ability|p2a: Landorus|Intimidate|boost\n|-unboost|p1a: Walking Wake|atk|1\n|turn|1\n|\n|t:|1700267448\n|-terastallize|p2a: Landorus|Water\n|move|p1a: Walking Wake|Flip Turn|p2a: Landorus\n|-resisted|p2a: Landorus\n|-damage|p2a: Landorus|95\/100\n|\n|t:|1700267453\n|-end|p1a: Walking Wake|Protosynthesis|[silent]\n|switch|p1a: Zapdos|Zapdos|100\/100|[from] Flip Turn\n|move|p2a: Landorus|Bulk Up|p2a: Landorus\n|-boost|p2a: Landorus|atk|1\n|-boost|p2a: Landorus|def|1\n|\n|-heal|p2a: Landorus|100\/100|[from] item: Leftovers\n|upkeep\n|turn|2\n|\n|t:|1700267468\n|move|p1a: Zapdos|Volt Switch|p2a: Landorus\n|-supereffective|p2a: Landorus\n|-damage|p2a: Landorus|54\/100\n|\n|t:|1700267473\n|switch|p1a: Garganacl|Garganacl, F|100\/100|[from] Volt Switch\n|move|p2a: Landorus|Smack Down|p1a: Garganacl\n|-damage|p1a: Garganacl|84\/100\n|\n|-heal|p2a: Landorus|60\/100|[from] item: Leftovers\n|-heal|p1a: Garganacl|90\/100|[from] item: Leftovers\n|upkeep\n|turn|3\n|\n|t:|1700267481\n|-terastallize|p1a: Garganacl|Fairy\n|move|p2a: Landorus|Earthquake|p1a: Garganacl\n|-crit|p1a: Garganacl\n|-damage|p1a: Garganacl|15\/100\n|move|p1a: Garganacl|Iron Defense|p1a: Garganacl\n|-boost|p1a: Garganacl|def|2\n|\n|-heal|p2a: Landorus|66\/100|[from] item: Leftovers\n|-heal|p1a: Garganacl|21\/100|[from] item: Leftovers\n|upkeep\n|turn|4\n|\n|t:|1700267490\n|move|p2a: Landorus|Bulk Up|p2a: Landorus\n|-boost|p2a: Landorus|atk|1\n|-boost|p2a: Landorus|def|1\n|move|p1a: Garganacl|Recover|p1a: Garganacl\n|-heal|p1a: Garganacl|71\/100\n|\n|-heal|p2a: Landorus|72\/100|[from] item: Leftovers\n|-heal|p1a: Garganacl|77\/100|[from] item: Leftovers\n|upkeep\n|turn|5\n|\n|t:|1700267499\n|move|p2a: Landorus|Earthquake|p1a: Garganacl\n|-damage|p1a: Garganacl|48\/100\n|move|p1a: Garganacl|Iron Defense|p1a: Garganacl\n|-boost|p1a: Garganacl|def|2\n|\n|-heal|p2a: Landorus|79\/100|[from] item: Leftovers\n|-heal|p1a: Garganacl|54\/100|[from] item: Leftovers\n|upkeep\n|turn|6\n|\n|t:|1700267507\n|move|p2a: Landorus|U-turn|p1a: Garganacl\n|-resisted|p1a: Garganacl\n|-damage|p1a: Garganacl|49\/100\n|\n|t:|1700267511\n|switch|p2a: Fezandipiti|Fezandipiti, M|100\/100|[from] U-turn\n|move|p1a: Garganacl|Recover|p1a: Garganacl\n|-heal|p1a: Garganacl|99\/100\n|\n|-heal|p1a: Garganacl|100\/100|[from] item: Leftovers\n|upkeep\n|turn|7\n|\n|t:|1700267518\n|move|p2a: Fezandipiti|Moonblast|p1a: Garganacl\n|-damage|p1a: Garganacl|78\/100\n|move|p1a: Garganacl|Salt Cure|p2a: Fezandipiti\n|-damage|p2a: Fezandipiti|87\/100\n|-start|p2a: Fezandipiti|Salt Cure\n|\n|-heal|p2a: Fezandipiti|93\/100|[from] item: Black Sludge\n|-heal|p1a: Garganacl|85\/100|[from] item: Leftovers\n|-damage|p2a: Fezandipiti|81\/100|[from] Salt Cure\n|upkeep\n|turn|8\n|\n|t:|1700267527\n|move|p2a: Fezandipiti|Sludge Bomb|p1a: Garganacl\n|-supereffective|p1a: Garganacl\n|-damage|p1a: Garganacl|43\/100\n|move|p1a: Garganacl|Iron Defense|p1a: Garganacl\n|-boost|p1a: Garganacl|def|2\n|\n|-heal|p2a: Fezandipiti|87\/100|[from] item: Black Sludge\n|-heal|p1a: Garganacl|49\/100|[from] item: Leftovers\n|-damage|p2a: Fezandipiti|74\/100|[from] Salt Cure\n|upkeep\n|turn|9\n|\n|t:|1700267537\n|move|p2a: Fezandipiti|Sludge Bomb|p1a: Garganacl\n|-supereffective|p1a: Garganacl\n|-damage|p1a: Garganacl|3\/100\n|move|p1a: Garganacl|Recover|p1a: Garganacl\n|-heal|p1a: Garganacl|53\/100\n|\n|-heal|p2a: Fezandipiti|80\/100|[from] item: Black Sludge\n|-heal|p1a: Garganacl|60\/100|[from] item: Leftovers\n|-damage|p2a: Fezandipiti|68\/100|[from] Salt Cure\n|upkeep\n|turn|10\n|\n|t:|1700267546\n|move|p2a: Fezandipiti|Nasty Plot|p2a: Fezandipiti\n|-boost|p2a: Fezandipiti|spa|2\n|move|p1a: Garganacl|Recover|p1a: Garganacl\n|-heal|p1a: Garganacl|100\/100\n|\n|-heal|p2a: Fezandipiti|74\/100|[from] item: Black Sludge\n|-damage|p2a: Fezandipiti|62\/100|[from] Salt Cure\n|upkeep\n|turn|11\n|\n|t:|1700267553\n|move|p2a: Fezandipiti|Moonblast|p1a: Garganacl\n|-damage|p1a: Garganacl|54\/100\n|move|p1a: Garganacl|Body Press|p2a: Fezandipiti\n|-resisted|p2a: Fezandipiti\n|-damage|p2a: Fezandipiti|37\/100\n|\n|-heal|p2a: Fezandipiti|43\/100|[from] item: Black Sludge\n|-heal|p1a: Garganacl|60\/100|[from] item: Leftovers\n|-damage|p2a: Fezandipiti|31\/100|[from] Salt Cure\n|upkeep\n|turn|12\n|\n|t:|1700267563\n|switch|p1a: Heatran|Heatran, M|100\/100\n|move|p2a: Fezandipiti|Roost|p2a: Fezandipiti\n|-heal|p2a: Fezandipiti|81\/100\n|-singleturn|p2a: Fezandipiti|move: Roost\n|\n|-heal|p2a: Fezandipiti|87\/100|[from] item: Black Sludge\n|-damage|p2a: Fezandipiti|75\/100|[from] Salt Cure\n|upkeep\n|turn|13\n|\n|t:|1700267572\n|switch|p2a: Empoleon|Empoleon, F|100\/100\n|move|p1a: Heatran|Magma Storm|p2a: Empoleon\n|-crit|p2a: Empoleon\n|-damage|p2a: Empoleon|60\/100\n|-activate|p2a: Empoleon|move: Magma Storm|[of] p1a: Heatran\n|\n|-heal|p2a: Empoleon|66\/100|[from] item: Leftovers\n|-damage|p2a: Empoleon|54\/100|[from] move: Magma Storm|[partiallytrapped]\n|upkeep\n|turn|14\n|\n|t:|1700267582\n|switch|p1a: Zapdos|Zapdos|100\/100\n|move|p2a: Empoleon|Roost|p2a: Empoleon\n|-heal|p2a: Empoleon|100\/100\n|-singleturn|p2a: Empoleon|move: Roost\n|\n|-end|p2a: Empoleon|Magma Storm|[partiallytrapped]|[silent]\n|upkeep\n|turn|15\n|\n|t:|1700267591\n|move|p1a: Zapdos|Thunder Wave|p2a: Empoleon\n|-status|p2a: Empoleon|par\n|move|p2a: Empoleon|Ice Beam|p1a: Zapdos\n|-supereffective|p1a: Zapdos\n|-damage|p1a: Zapdos|59\/100\n|\n|upkeep\n|turn|16\n|\n|t:|1700267598\n|move|p1a: Zapdos|Volt Switch|p2a: Empoleon\n|-supereffective|p2a: Empoleon\n|-damage|p2a: Empoleon|63\/100 par\n|\n|t:|1700267607\n|switch|p1a: Rillaboom|Rillaboom, F|100\/100|[from] Volt Switch\n|-fieldstart|move: Grassy Terrain|[from] ability: Grassy Surge|[of] p1a: Rillaboom\n|move|p2a: Empoleon|Flip Turn|p1a: Rillaboom\n|-resisted|p1a: Rillaboom\n|-damage|p1a: Rillaboom|92\/100\n|\n|t:|1700267615\n|switch|p2a: Landorus|Landorus-Therian, M, tera:Water|79\/100|[from] Flip Turn\n|-ability|p2a: Landorus|Intimidate|boost\n|-unboost|p1a: Rillaboom|atk|1\n|\n|-heal|p1a: Rillaboom|98\/100|[from] Grassy Terrain\n|-heal|p2a: Landorus|85\/100|[from] Grassy Terrain\n|-heal|p2a: Landorus|91\/100|[from] item: Leftovers\n|upkeep\n|turn|17\n|\n|t:|1700267623\n|switch|p2a: Fezandipiti|Fezandipiti, M|75\/100\n|move|p1a: Rillaboom|Wood Hammer|p2a: Fezandipiti\n|-resisted|p2a: Fezandipiti\n|-damage|p2a: Fezandipiti|33\/100\n|-damage|p1a: Rillaboom|82\/100|[from] Recoil\n|\n|-heal|p1a: Rillaboom|89\/100|[from] Grassy Terrain\n|-heal|p2a: Fezandipiti|39\/100|[from] Grassy Terrain\n|-heal|p2a: Fezandipiti|45\/100|[from] item: Black Sludge\n|upkeep\n|turn|18\n|\n|t:|1700267634\n|switch|p1a: Heatran|Heatran, M|100\/100\n|move|p2a: Fezandipiti|Roost|p2a: Fezandipiti\n|-heal|p2a: Fezandipiti|95\/100\n|-singleturn|p2a: Fezandipiti|move: Roost\n|\n|-heal|p2a: Fezandipiti|100\/100|[from] Grassy Terrain\n|upkeep\n|turn|19\n|\n|t:|1700267643\n|switch|p2a: Walking Wake|Walking Wake|100\/100\n|move|p1a: Heatran|Stealth Rock|p2a: Walking Wake\n|-sidestart|p2: deetznutzzzz|move: Stealth Rock\n|\n|upkeep\n|turn|20\n|\n|t:|1700267650\n|switch|p1a: Zapdos|Zapdos|59\/100\n|move|p2a: Walking Wake|Hydro Steam|p1a: Zapdos\n|-damage|p1a: Zapdos|21\/100\n|\n|-fieldend|move: Grassy Terrain\n|upkeep\n|turn|21\n|\n|t:|1700267657\n|move|p2a: Walking Wake|Draco Meteor|p1a: Zapdos\n|-damage|p1a: Zapdos|0 fnt\n|-unboost|p2a: Walking Wake|spa|2\n|faint|p1a: Zapdos\n|\n|upkeep\n|\n|t:|1700267672\n|switch|p1a: Garganacl|Garganacl, F, tera:Fairy|60\/100\n|turn|22\n|\n|t:|1700267675\n|move|p2a: Walking Wake|Flip Turn|p1a: Garganacl\n|-damage|p1a: Garganacl|49\/100\n|\n|t:|1700267678\n|-end|p2a: Walking Wake|Protosynthesis|[silent]\n|switch|p2a: Great Tusk|Great Tusk|100\/100|[from] Flip Turn\n|-damage|p2a: Great Tusk|97\/100|[from] Stealth Rock\n|move|p1a: Garganacl|Recover|p1a: Garganacl\n|-heal|p1a: Garganacl|99\/100\n|\n|-heal|p2a: Great Tusk|100\/100|[from] item: Leftovers\n|-heal|p1a: Garganacl|100\/100|[from] item: Leftovers\n|upkeep\n|turn|23\n|\n|t:|1700267688\n|move|p2a: Great Tusk|Rapid Spin|p1a: Garganacl\n|-damage|p1a: Garganacl|90\/100\n|-boost|p2a: Great Tusk|spe|1\n|-sideend|p2: deetznutzzzz|Stealth Rock|[from] move: Rapid Spin|[of] p2a: Great Tusk\n|move|p1a: Garganacl|Iron Defense|p1a: Garganacl\n|-boost|p1a: Garganacl|def|2\n|\n|-heal|p1a: Garganacl|96\/100|[from] item: Leftovers\n|upkeep\n|turn|24\n|\n|t:|1700267696\n|move|p2a: Great Tusk|Knock Off|p1a: Garganacl\n|-resisted|p1a: Garganacl\n|-damage|p1a: Garganacl|91\/100\n|-enditem|p1a: Garganacl|Leftovers|[from] move: Knock Off|[of] p2a: Great Tusk\n|move|p1a: Garganacl|Salt Cure|p2a: Great Tusk\n|-resisted|p2a: Great Tusk\n|-damage|p2a: Great Tusk|98\/100\n|-start|p2a: Great Tusk|Salt Cure\n|\n|-heal|p2a: Great Tusk|100\/100|[from] item: Leftovers\n|-damage|p2a: Great Tusk|88\/100|[from] Salt Cure\n|upkeep\n|turn|25\n|\n|t:|1700267706\n|move|p2a: Great Tusk|Stealth Rock|p1a: Garganacl\n|-sidestart|p1: jijbig|move: Stealth Rock\n|move|p1a: Garganacl|Salt Cure|p2a: Great Tusk\n|-resisted|p2a: Great Tusk\n|-damage|p2a: Great Tusk|86\/100\n|\n|-heal|p2a: Great Tusk|92\/100|[from] item: Leftovers\n|-damage|p2a: Great Tusk|80\/100|[from] Salt Cure\n|upkeep\n|turn|26\n|\n|t:|1700267715\n|-end|p2a: Great Tusk|Protosynthesis|[silent]\n|switch|p2a: Fezandipiti|Fezandipiti, M|100\/100\n|move|p1a: Garganacl|Salt Cure|p2a: Fezandipiti\n|-damage|p2a: Fezandipiti|85\/100\n|-start|p2a: Fezandipiti|Salt Cure\n|\n|-heal|p2a: Fezandipiti|92\/100|[from] item: Black Sludge\n|-damage|p2a: Fezandipiti|79\/100|[from] Salt Cure\n|upkeep\n|turn|27\n|\n|t:|1700267723\n|switch|p1a: Heatran|Heatran, M|100\/100\n|-damage|p1a: Heatran|88\/100|[from] Stealth Rock\n|move|p2a: Fezandipiti|Nasty Plot|p2a: Fezandipiti\n|-boost|p2a: Fezandipiti|spa|2\n|\n|-heal|p2a: Fezandipiti|85\/100|[from] item: Black Sludge\n|-heal|p1a: Heatran|94\/100|[from] item: Leftovers\n|-damage|p2a: Fezandipiti|73\/100|[from] Salt Cure\n|upkeep\n|turn|28\n|\n|t:|1700267733\n|switch|p2a: Empoleon|Empoleon, F|63\/100 par\n|move|p1a: Heatran|Magma Storm|p2a: Empoleon|[miss]\n|-miss|p1a: Heatran|p2a: Empoleon\n|\n|-heal|p1a: Heatran|100\/100|[from] item: Leftovers\n|-heal|p2a: Empoleon|69\/100 par|[from] item: Leftovers\n|upkeep\n|turn|29\n|\n|t:|1700267743\n|switch|p1a: Great Tusk|Great Tusk|100\/100\n|-damage|p1a: Great Tusk|97\/100|[from] Stealth Rock\n|move|p2a: Empoleon|Surf|p1a: Great Tusk\n|-supereffective|p1a: Great Tusk\n|-damage|p1a: Great Tusk|13\/100\n|\n|-heal|p1a: Great Tusk|19\/100|[from] item: Leftovers\n|-heal|p2a: Empoleon|75\/100 par|[from] item: Leftovers\n|upkeep\n|turn|30\n|\n|t:|1700267753\n|switch|p2a: Landorus|Landorus-Therian, M, tera:Water|91\/100\n|-ability|p2a: Landorus|Intimidate|boost\n|-unboost|p1a: Great Tusk|atk|1\n|move|p1a: Great Tusk|Headlong Rush|p2a: Landorus\n|-damage|p2a: Landorus|59\/100\n|-unboost|p1a: Great Tusk|def|1\n|-unboost|p1a: Great Tusk|spd|1\n|\n|-heal|p1a: Great Tusk|25\/100|[from] item: Leftovers\n|-heal|p2a: Landorus|65\/100|[from] item: Leftovers\n|upkeep\n|turn|31\n|\n|t:|1700267766\n|-end|p1a: Great Tusk|Protosynthesis|[silent]\n|switch|p1a: Rillaboom|Rillaboom, F|89\/100\n|-damage|p1a: Rillaboom|76\/100|[from] Stealth Rock\n|-fieldstart|move: Grassy Terrain|[from] ability: Grassy Surge|[of] p1a: Rillaboom\n|move|p2a: Landorus|Earthquake|p1a: Rillaboom\n|-resisted|p1a: Rillaboom\n|-damage|p1a: Rillaboom|63\/100\n|\n|-heal|p1a: Rillaboom|69\/100|[from] Grassy Terrain\n|-heal|p2a: Landorus|71\/100|[from] Grassy Terrain\n|-heal|p2a: Landorus|77\/100|[from] item: Leftovers\n|upkeep\n|turn|32\n|\n|t:|1700267783\n|switch|p2a: Empoleon|Empoleon, F|75\/100 par\n|move|p1a: Rillaboom|U-turn|p2a: Empoleon\n|-resisted|p2a: Empoleon\n|-damage|p2a: Empoleon|57\/100 par\n|\n|t:|1700267793\n|switch|p1a: Great Tusk|Great Tusk|25\/100|[from] U-turn\n|-damage|p1a: Great Tusk|22\/100|[from] Stealth Rock\n|\n|-heal|p1a: Great Tusk|29\/100|[from] Grassy Terrain\n|-heal|p1a: Great Tusk|35\/100|[from] item: Leftovers\n|-heal|p2a: Empoleon|63\/100 par|[from] Grassy Terrain\n|-heal|p2a: Empoleon|69\/100 par|[from] item: Leftovers\n|upkeep\n|turn|33\n|\n|t:|1700267803\n|move|p1a: Great Tusk|Rapid Spin|p2a: Empoleon\n|-resisted|p2a: Empoleon\n|-damage|p2a: Empoleon|62\/100 par\n|-boost|p1a: Great Tusk|spe|1\n|-sideend|p1: jijbig|Stealth Rock|[from] move: Rapid Spin|[of] p1a: Great Tusk\n|move|p2a: Empoleon|Surf|p1a: Great Tusk\n|-supereffective|p1a: Great Tusk\n|-damage|p1a: Great Tusk|0 fnt\n|faint|p1a: Great Tusk\n|-end|p1a: Great Tusk|Protosynthesis|[silent]\n|\n|-heal|p2a: Empoleon|68\/100 par|[from] Grassy Terrain\n|-heal|p2a: Empoleon|74\/100 par|[from] item: Leftovers\n|upkeep\n|\n|t:|1700267811\n|switch|p1a: Rillaboom|Rillaboom, F|69\/100\n|turn|34\n|\n|t:|1700267817\n|move|p1a: Rillaboom|Wood Hammer|p2a: Empoleon\n|-damage|p2a: Empoleon|0 fnt\n|faint|p2a: Empoleon\n|-damage|p1a: Rillaboom|43\/100|[from] Recoil\n|\n|-heal|p1a: Rillaboom|49\/100|[from] Grassy Terrain\n|upkeep\n|\n|t:|1700267825\n|switch|p2a: Fezandipiti|Fezandipiti, M|73\/100\n|turn|35\n|\n|t:|1700267829\n|switch|p1a: Heatran|Heatran, M|100\/100\n|switch|p2a: Landorus|Landorus-Therian, M, tera:Water|77\/100\n|-ability|p2a: Landorus|Intimidate|boost\n|-unboost|p1a: Heatran|atk|1\n|\n|-heal|p2a: Landorus|83\/100|[from] Grassy Terrain\n|-heal|p2a: Landorus|89\/100|[from] item: Leftovers\n|-fieldend|move: Grassy Terrain\n|upkeep\n|turn|36\n|\n|t:|1700267839\n|switch|p1a: Garganacl|Garganacl, F, tera:Fairy|91\/100\n|move|p2a: Landorus|Bulk Up|p2a: Landorus\n|-boost|p2a: Landorus|atk|1\n|-boost|p2a: Landorus|def|1\n|\n|-heal|p2a: Landorus|95\/100|[from] item: Leftovers\n|upkeep\n|turn|37\n|\n|t:|1700267846\n|move|p2a: Landorus|U-turn|p1a: Garganacl\n|-resisted|p1a: Garganacl\n|-damage|p1a: Garganacl|80\/100\n|\n|t:|1700267850\n|switch|p2a: Fezandipiti|Fezandipiti, M|73\/100|[from] U-turn\n|move|p1a: Garganacl|Iron Defense|p1a: Garganacl\n|-boost|p1a: Garganacl|def|2\n|\n|-heal|p2a: Fezandipiti|79\/100|[from] item: Black Sludge\n|upkeep\n|turn|38\n|\n|t:|1700267857\n|switch|p1a: Heatran|Heatran, M|100\/100\n|move|p2a: Fezandipiti|Sludge Bomb|p1a: Heatran\n|-immune|p1a: Heatran\n|\n|-heal|p2a: Fezandipiti|85\/100|[from] item: Black Sludge\n|upkeep\n|turn|39\n|\n|t:|1700267866\n|switch|p2a: Landorus|Landorus-Therian, M, tera:Water|95\/100\n|-ability|p2a: Landorus|Intimidate|boost\n|-unboost|p1a: Heatran|atk|1\n|move|p1a: Heatran|Magma Storm|p2a: Landorus\n|-resisted|p2a: Landorus\n|-damage|p2a: Landorus|80\/100\n|-activate|p2a: Landorus|move: Magma Storm|[of] p1a: Heatran\n|\n|-heal|p2a: Landorus|86\/100|[from] item: Leftovers\n|-damage|p2a: Landorus|73\/100|[from] move: Magma Storm|[partiallytrapped]\n|upkeep\n|turn|40\n|\n|t:|1700267877\n|switch|p1a: Garganacl|Garganacl, F, tera:Fairy|80\/100\n|move|p2a: Landorus|U-turn|p1a: Garganacl\n|-resisted|p1a: Garganacl\n|-damage|p1a: Garganacl|72\/100\n|\n|t:|1700267882\n|switch|p2a: Walking Wake|Walking Wake|100\/100|[from] U-turn\n|\n|upkeep\n|turn|41\n|\n|t:|1700267895\n|switch|p1a: Walking Wake|Walking Wake|100\/100\n|move|p2a: Walking Wake|Hydro Steam|p1a: Walking Wake\n|-resisted|p1a: Walking Wake\n|-damage|p1a: Walking Wake|88\/100\n|\n|upkeep\n|turn|42\n|\n|t:|1700267901\n|move|p1a: Walking Wake|Draco Meteor|p2a: Walking Wake\n|-supereffective|p2a: Walking Wake\n|-damage|p2a: Walking Wake|3\/100\n|-unboost|p1a: Walking Wake|spa|2\n|move|p2a: Walking Wake|Draco Meteor|p1a: Walking Wake\n|-supereffective|p1a: Walking Wake\n|-damage|p1a: Walking Wake|0 fnt\n|-unboost|p2a: Walking Wake|spa|2\n|faint|p1a: Walking Wake\n|-end|p1a: Walking Wake|Protosynthesis|[silent]\n|\n|upkeep\n|\n|t:|1700267914\n|switch|p1a: Rillaboom|Rillaboom, F|49\/100\n|-fieldstart|move: Grassy Terrain|[from] ability: Grassy Surge|[of] p1a: Rillaboom\n|turn|43\n|\n|t:|1700267927\n|-end|p2a: Walking Wake|Protosynthesis|[silent]\n|switch|p2a: Fezandipiti|Fezandipiti, M|85\/100\n|move|p1a: Rillaboom|Grassy Glide|p2a: Fezandipiti\n|-resisted|p2a: Fezandipiti\n|-damage|p2a: Fezandipiti|51\/100\n|\n|-heal|p1a: Rillaboom|55\/100|[from] Grassy Terrain\n|-heal|p2a: Fezandipiti|57\/100|[from] Grassy Terrain\n|-heal|p2a: Fezandipiti|63\/100|[from] item: Black Sludge\n|upkeep\n|turn|44\n|\n|t:|1700267937\n|switch|p1a: Heatran|Heatran, M|100\/100\n|move|p2a: Fezandipiti|Roost|p2a: Fezandipiti\n|-heal|p2a: Fezandipiti|100\/100\n|-singleturn|p2a: Fezandipiti|move: Roost\n|\n|upkeep\n|turn|45\n|\n|t:|1700267947\n|switch|p2a: Landorus|Landorus-Therian, M, tera:Water|73\/100\n|-ability|p2a: Landorus|Intimidate|boost\n|-unboost|p1a: Heatran|atk|1\n|move|p1a: Heatran|Stealth Rock|p2a: Landorus\n|-sidestart|p2: deetznutzzzz|move: Stealth Rock\n|\n|-heal|p2a: Landorus|79\/100|[from] Grassy Terrain\n|-heal|p2a: Landorus|85\/100|[from] item: Leftovers\n|upkeep\n|turn|46\n|\n|t:|1700267958\n|switch|p1a: Rillaboom|Rillaboom, F|55\/100\n|move|p2a: Landorus|Bulk Up|p2a: Landorus\n|-boost|p2a: Landorus|atk|1\n|-boost|p2a: Landorus|def|1\n|\n|-heal|p1a: Rillaboom|61\/100|[from] Grassy Terrain\n|-heal|p2a: Landorus|91\/100|[from] Grassy Terrain\n|-heal|p2a: Landorus|97\/100|[from] item: Leftovers\n|upkeep\n|turn|47\n|\n|t:|1700267968\n|switch|p2a: Great Tusk|Great Tusk|80\/100\n|-damage|p2a: Great Tusk|77\/100|[from] Stealth Rock\n|move|p1a: Rillaboom|Wood Hammer|p2a: Great Tusk\n|-supereffective|p2a: Great Tusk\n|-damage|p2a: Great Tusk|0 fnt\n|faint|p2a: Great Tusk\n|-end|p2a: Great Tusk|Protosynthesis|[silent]\n|-damage|p1a: Rillaboom|32\/100|[from] Recoil\n|\n|-heal|p1a: Rillaboom|38\/100|[from] Grassy Terrain\n|-fieldend|move: Grassy Terrain\n|upkeep\n|\n|t:|1700267980\n|switch|p2a: Cinderace|Cinderace, M|100\/100\n|turn|48\n|\n|t:|1700267983\n|switch|p1a: Heatran|Heatran, M|100\/100\n|move|p2a: Cinderace|Court Change|p2a: Cinderace\n|-start|p2a: Cinderace|typechange|Normal|[from] ability: Libero\n|-swapsideconditions\n|-activate|p2a: Cinderace|move: Court Change\n|\n|upkeep\n|turn|49\n|\n|t:|1700267991\n|switch|p2a: Landorus|Landorus-Therian, M, tera:Water|97\/100\n|-ability|p2a: Landorus|Intimidate|boost\n|-unboost|p1a: Heatran|atk|1\n|move|p1a: Heatran|Stealth Rock|p2a: Landorus\n|-sidestart|p2: deetznutzzzz|move: Stealth Rock\n|\n|-heal|p2a: Landorus|100\/100|[from] item: Leftovers\n|upkeep\n|turn|50\n|\n|t:|1700268000\n|switch|p1a: Garganacl|Garganacl, F, tera:Fairy|72\/100\n|-damage|p1a: Garganacl|59\/100|[from] Stealth Rock\n|move|p2a: Landorus|U-turn|p1a: Garganacl\n|-resisted|p1a: Garganacl\n|-damage|p1a: Garganacl|52\/100\n|\n|t:|1700268007\n|switch|p2a: Fezandipiti|Fezandipiti, M|100\/100|[from] U-turn\n|-damage|p2a: Fezandipiti|88\/100|[from] Stealth Rock\n|\n|-heal|p2a: Fezandipiti|94\/100|[from] item: Black Sludge\n|upkeep\n|turn|51\n|\n|t:|1700268013\n|switch|p1a: Heatran|Heatran, M|100\/100\n|-damage|p1a: Heatran|88\/100|[from] Stealth Rock\n|move|p2a: Fezandipiti|Nasty Plot|p2a: Fezandipiti\n|-boost|p2a: Fezandipiti|spa|2\n|\n|-heal|p2a: Fezandipiti|99\/100|[from] item: Black Sludge\n|-heal|p1a: Heatran|94\/100|[from] item: Leftovers\n|upkeep\n|turn|52\n|\n|t:|1700268022\n|move|p2a: Fezandipiti|Moonblast|p1a: Heatran\n|-resisted|p1a: Heatran\n|-damage|p1a: Heatran|83\/100\n|-unboost|p1a: Heatran|spa|1\n|move|p1a: Heatran|Magma Storm|p2a: Fezandipiti|[miss]\n|-miss|p1a: Heatran|p2a: Fezandipiti\n|\n|-heal|p2a: Fezandipiti|100\/100|[from] item: Black Sludge\n|-heal|p1a: Heatran|90\/100|[from] item: Leftovers\n|upkeep\n|turn|53\n|\n|t:|1700268033\n|switch|p2a: Landorus|Landorus-Therian, M, tera:Water|100\/100\n|-damage|p2a: Landorus|88\/100|[from] Stealth Rock\n|-ability|p2a: Landorus|Intimidate|boost\n|-unboost|p1a: Heatran|atk|1\n|move|p1a: Heatran|Magma Storm|p2a: Landorus\n|-resisted|p2a: Landorus\n|-damage|p2a: Landorus|76\/100\n|-activate|p2a: Landorus|move: Magma Storm|[of] p1a: Heatran\n|\n|-heal|p2a: Landorus|82\/100|[from] item: Leftovers\n|-heal|p1a: Heatran|96\/100|[from] item: Leftovers\n|-damage|p2a: Landorus|70\/100|[from] move: Magma Storm|[partiallytrapped]\n|upkeep\n|turn|54\n|\n|t:|1700268055\n|switch|p1a: Garganacl|Garganacl, F, tera:Fairy|52\/100\n|-damage|p1a: Garganacl|39\/100|[from] Stealth Rock\n|move|p2a: Landorus|Earthquake|p1a: Garganacl\n|-damage|p1a: Garganacl|9\/100\n|\n|-heal|p2a: Landorus|76\/100|[from] item: Leftovers\n|-end|p2a: Landorus|Magma Storm|[partiallytrapped]|[silent]\n|upkeep\n|turn|55\n|-message|jijbig forfeited.\n|\n|win|deetznutzzzz\n|raw|jijbig's rating: 1341 &rarr; <strong>1315<\/strong><br \/>(-26 for losing)\n|raw|deetznutzzzz's rating: 1225 &rarr; <strong>1258<\/strong><br \/>(+33 for winning)\n|l|\u2606jijbig\n","uploadtime":1700268083,"views":15,"p1id":"jijbig","p2id":"deetznutzzzz","formatid":"gen9ou","rating":1258,"private":0,"password":""}