{"id":"gen9ou-1990480813","p1":"APerson5","p2":"sunchips8","format":"[Gen 9] OU","log":"|j|\u2606APerson5\n|j|\u2606sunchips8\n|t:|1699974884\n|gametype|singles\n|player|p1|APerson5|doubleteam|1319\n|player|p2|sunchips8|brock|1234\n|teamsize|p1|6\n|teamsize|p2|6\n|gen|9\n|tier|[Gen 9] OU\n|rated|\n|rule|Sleep Clause Mod: Limit one foe put to sleep\n|rule|Species Clause: Limit one of each Pok\u00e9mon\n|rule|OHKO Clause: OHKO moves are banned\n|rule|Evasion Items Clause: Evasion items are banned\n|rule|Evasion Moves Clause: Evasion moves are banned\n|rule|Endless Battle Clause: Forcing endless battles is banned\n|rule|HP Percentage Mod: HP is shown in percentages\n|clearpoke\n|poke|p1|Mismagius, F|\n|poke|p1|Kommo-o, M|\n|poke|p1|Ting-Lu|\n|poke|p1|Rillaboom, M|\n|poke|p1|Polteageist|\n|poke|p1|Kingambit, M|\n|poke|p2|Breloom, M|\n|poke|p2|Zapdos|\n|poke|p2|Landorus-Therian, M|\n|poke|p2|Pelipper, M|\n|poke|p2|Alomomola, M|\n|poke|p2|Overqwil, M|\n|teampreview\n|inactive|Battle timer is ON: inactive players will automatically lose when time's up. (requested by APerson5)\n|c|\u2606APerson5|glhf\n|\n|t:|1699974901\n|start\n|switch|p1a: Ling-Tu|Ting-Lu|100\/100\n|switch|p2a: zoro|Pelipper, M, shiny|100\/100\n|-ability|p1a: Ling-Tu|Vessel of Ruin\n|-weather|RainDance|[from] ability: Drizzle|[of] p2a: zoro\n|turn|1\n|\n|t:|1699974909\n|move|p1a: Ling-Tu|Stealth Rock|p2a: zoro\n|-sidestart|p2: sunchips8|move: Stealth Rock\n|move|p2a: zoro|Weather Ball|p1a: Ling-Tu\n|-supereffective|p1a: Ling-Tu\n|-damage|p1a: Ling-Tu|37\/100\n|\n|-weather|RainDance|[upkeep]\n|-heal|p1a: Ling-Tu|44\/100|[from] item: Leftovers\n|upkeep\n|turn|2\n|\n|t:|1699974918\n|switch|p1a: Riblaloom|Rillaboom, M|100\/100\n|-fieldstart|move: Grassy Terrain|[from] ability: Grassy Surge|[of] p1a: Riblaloom\n|move|p2a: zoro|U-turn|p1a: Riblaloom\n|-supereffective|p1a: Riblaloom\n|-damage|p1a: Riblaloom|80\/100\n|\n|t:|1699974923\n|switch|p2a: jinbe|Overqwil, M, shiny|100\/100|[from] U-turn\n|\n|-weather|RainDance|[upkeep]\n|-heal|p1a: Riblaloom|86\/100|[from] Grassy Terrain\n|upkeep\n|turn|3\n|\n|t:|1699974932\n|switch|p1a: Ling-Tu|Ting-Lu|44\/100\n|-ability|p1a: Ling-Tu|Vessel of Ruin\n|move|p2a: jinbe|Gunk Shot|p1a: Ling-Tu|[miss]\n|-miss|p2a: jinbe|p1a: Ling-Tu\n|\n|-weather|RainDance|[upkeep]\n|-heal|p1a: Ling-Tu|50\/100|[from] Grassy Terrain\n|-heal|p1a: Ling-Tu|56\/100|[from] item: Leftovers\n|upkeep\n|turn|4\n|\n|t:|1699974941\n|move|p2a: jinbe|Liquidation|p1a: Ling-Tu\n|-supereffective|p1a: Ling-Tu\n|-damage|p1a: Ling-Tu|19\/100\n|move|p1a: Ling-Tu|Whirlwind|p2a: jinbe\n|drag|p2a: zoro|Pelipper, M, shiny|100\/100\n|-damage|p2a: zoro|76\/100|[from] Stealth Rock\n|\n|-weather|RainDance|[upkeep]\n|-heal|p1a: Ling-Tu|25\/100|[from] Grassy Terrain\n|-heal|p1a: Ling-Tu|31\/100|[from] item: Leftovers\n|upkeep\n|turn|5\n|\n|t:|1699974952\n|move|p2a: zoro|Ice Beam|p1a: Ling-Tu\n|-supereffective|p1a: Ling-Tu\n|-damage|p1a: Ling-Tu|7\/100\n|move|p1a: Ling-Tu|Whirlwind|p2a: zoro\n|drag|p2a: edward newgate|Landorus-Therian, M|100\/100\n|-damage|p2a: edward newgate|88\/100|[from] Stealth Rock\n|-ability|p2a: edward newgate|Intimidate|boost\n|-unboost|p1a: Ling-Tu|atk|1\n|\n|-weather|RainDance|[upkeep]\n|-heal|p1a: Ling-Tu|13\/100|[from] Grassy Terrain\n|-heal|p1a: Ling-Tu|20\/100|[from] item: Leftovers\n|upkeep\n|turn|6\n|\n|t:|1699974963\n|move|p2a: edward newgate|Brick Break|p1a: Ling-Tu\n|-supereffective|p1a: Ling-Tu\n|-damage|p1a: Ling-Tu|0 fnt\n|faint|p1a: Ling-Tu\n|\n|-weather|RainDance|[upkeep]\n|-fieldend|move: Grassy Terrain\n|upkeep\n|\n|t:|1699974985\n|switch|p1a: Magmisus|Mismagius, F|100\/100\n|turn|7\n|\n|t:|1699974991\n|switch|p2a: shirahoshi|Alomomola, M|100\/100\n|move|p1a: Magmisus|Memento|p2a: shirahoshi\n|-unboost|p2a: shirahoshi|atk|2\n|-unboost|p2a: shirahoshi|spa|2\n|faint|p1a: Magmisus\n|\n|-weather|RainDance|[upkeep]\n|upkeep\n|\n|t:|1699974999\n|switch|p1a: Poltgeistea|Polteageist|100\/100\n|turn|8\n|\n|t:|1699975008\n|move|p1a: Poltgeistea|Shell Smash|p1a: Poltgeistea\n|-unboost|p1a: Poltgeistea|def|1\n|-unboost|p1a: Poltgeistea|spd|1\n|-boost|p1a: Poltgeistea|atk|2\n|-boost|p1a: Poltgeistea|spa|2\n|-boost|p1a: Poltgeistea|spe|2\n|-enditem|p1a: Poltgeistea|White Herb\n|-clearnegativeboost|p1a: Poltgeistea|[silent]\n|move|p2a: shirahoshi|Wish|p2a: shirahoshi\n|\n|-weather|none\n|upkeep\n|turn|9\n|\n|t:|1699975016\n|move|p1a: Poltgeistea|Shell Smash|p1a: Poltgeistea\n|-unboost|p1a: Poltgeistea|def|1\n|-unboost|p1a: Poltgeistea|spd|1\n|-boost|p1a: Poltgeistea|atk|2\n|-boost|p1a: Poltgeistea|spa|2\n|-boost|p1a: Poltgeistea|spe|2\n|move|p2a: shirahoshi|Flip Turn|p1a: Poltgeistea\n|-damage|p1a: Poltgeistea|75\/100\n|-ability|p1a: Poltgeistea|Weak Armor|boost\n|-unboost|p1a: Poltgeistea|def|1\n|-boost|p1a: Poltgeistea|spe|2\n|\n|t:|1699975043\n|switch|p2a: zoro|Pelipper, M, shiny|76\/100|[from] Flip Turn\n|-damage|p2a: zoro|51\/100|[from] Stealth Rock\n|-weather|RainDance|[from] ability: Drizzle|[of] p2a: zoro\n|\n|-weather|RainDance|[upkeep]\n|-heal|p2a: zoro|100\/100|[from] move: Wish|[wisher] shirahoshi\n|upkeep\n|turn|10\n|inactive|APerson5 has 120 seconds left.\n|\n|t:|1699975077\n|move|p1a: Poltgeistea|Giga Drain|p2a: zoro\n|-damage|p2a: zoro|0 fnt\n|-heal|p1a: Poltgeistea|100\/100|[from] drain|[of] p2a: zoro\n|faint|p2a: zoro\n|\n|-weather|RainDance|[upkeep]\n|upkeep\n|\n|t:|1699975086\n|switch|p2a: LUFFY|Breloom, M, shiny|100\/100\n|-damage|p2a: LUFFY|94\/100|[from] Stealth Rock\n|turn|11\n|\n|t:|1699975099\n|switch|p2a: shirahoshi|Alomomola, M|100\/100\n|move|p1a: Poltgeistea|Stored Power|p2a: shirahoshi\n|-damage|p2a: shirahoshi|0 fnt\n|faint|p2a: shirahoshi\n|\n|-weather|RainDance|[upkeep]\n|upkeep\n|-message|sunchips8 forfeited.\n|\n|win|APerson5\n|raw|APerson5's rating: 1319 &rarr; <strong>1334<\/strong><br \/>(+15 for winning)\n|raw|sunchips8's rating: 1234 &rarr; <strong>1215<\/strong><br \/>(-19 for losing)\n|l|\u2606sunchips8\n","uploadtime":1699975107,"views":14,"p1id":"aperson5","p2id":"sunchips8","formatid":"gen9ou","rating":1215,"private":0,"password":""}