{"id":"gen9ou-1994292505","p1":"Zenyx97215","p2":"Tripledeluxer","format":"[Gen 9] OU","log":"|j|\u2606Zenyx97215\n|j|\u2606Tripledeluxer\n|t:|1700427813\n|gametype|singles\n|player|p1|Zenyx97215|266|1316\n|player|p2|Tripledeluxer|riley|1328\n|teamsize|p1|6\n|teamsize|p2|6\n|gen|9\n|tier|[Gen 9] OU\n|rated|\n|rule|Sleep Clause Mod: Limit one foe put to sleep\n|rule|Species Clause: Limit one of each Pok\u00e9mon\n|rule|OHKO Clause: OHKO moves are banned\n|rule|Evasion Items Clause: Evasion items are banned\n|rule|Evasion Moves Clause: Evasion moves are banned\n|rule|Endless Battle Clause: Forcing endless battles is banned\n|rule|HP Percentage Mod: HP is shown in percentages\n|clearpoke\n|poke|p1|Ting-Lu|\n|poke|p1|Alomomola, M|\n|poke|p1|Pelipper, F|\n|poke|p1|Landorus-Therian, M|\n|poke|p1|Gholdengo|\n|poke|p1|Great Tusk|\n|poke|p2|Grimmsnarl, M|\n|poke|p2|Armarouge, F|\n|poke|p2|Great Tusk|\n|poke|p2|Ninetales-Alola, M|\n|poke|p2|Ogerpon-Wellspring, F|\n|poke|p2|Kommo-o, F|\n|teampreview\n|\n|t:|1700427829\n|start\n|switch|p1a: Ting-Lu|Ting-Lu|100\/100\n|switch|p2a: Great Tusk|Great Tusk|100\/100\n|-ability|p1a: Ting-Lu|Vessel of Ruin\n|turn|1\n|\n|t:|1700427844\n|move|p2a: Great Tusk|Close Combat|p1a: Ting-Lu\n|-supereffective|p1a: Ting-Lu\n|-crit|p1a: Ting-Lu\n|-damage|p1a: Ting-Lu|0 fnt\n|-unboost|p2a: Great Tusk|def|1\n|-unboost|p2a: Great Tusk|spd|1\n|faint|p1a: Ting-Lu\n|\n|upkeep\n|\n|t:|1700427852\n|switch|p1a: Pelipper|Pelipper, F|100\/100\n|-weather|RainDance|[from] ability: Drizzle|[of] p1a: Pelipper\n|turn|2\n|\n|t:|1700427857\n|-end|p2a: Great Tusk|Protosynthesis|[silent]\n|switch|p2a: Ninetales|Ninetales-Alola, M|100\/100\n|-weather|Snow|[from] ability: Snow Warning|[of] p2a: Ninetales\n|move|p1a: Pelipper|U-turn|p2a: Ninetales\n|-resisted|p2a: Ninetales\n|-damage|p2a: Ninetales|97\/100\n|\n|t:|1700427866\n|switch|p1a: Gholdengo|Gholdengo|100\/100|[from] U-turn\n|\n|-weather|Snow|[upkeep]\n|upkeep\n|turn|3\n|\n|t:|1700427872\n|switch|p2a: Great Tusk|Great Tusk|100\/100\n|move|p1a: Gholdengo|Make It Rain|p2a: Great Tusk\n|-damage|p2a: Great Tusk|15\/100\n|-unboost|p1a: Gholdengo|spa|1\n|\n|-weather|Snow|[upkeep]\n|upkeep\n|turn|4\n|\n|t:|1700427884\n|switch|p1a: Pelipper|Pelipper, F|100\/100\n|-weather|RainDance|[from] ability: Drizzle|[of] p1a: Pelipper\n|move|p2a: Great Tusk|Ice Spinner|p1a: Pelipper\n|-damage|p1a: Pelipper|75\/100\n|\n|-weather|RainDance|[upkeep]\n|upkeep\n|turn|5\n|\n|t:|1700427897\n|move|p2a: Great Tusk|Headlong Rush|p1a: Pelipper\n|-immune|p1a: Pelipper\n|move|p1a: Pelipper|U-turn|p2a: Great Tusk\n|-resisted|p2a: Great Tusk\n|-damage|p2a: Great Tusk|13\/100\n|\n|t:|1700427903\n|switch|p1a: Landorus|Landorus-Therian, M|100\/100|[from] U-turn\n|-ability|p1a: Landorus|Intimidate|boost\n|-unboost|p2a: Great Tusk|atk|1\n|\n|-weather|RainDance|[upkeep]\n|upkeep\n|turn|6\n|\n|t:|1700427912\n|move|p1a: Landorus|Sludge Bomb|p2a: Great Tusk\n|-resisted|p2a: Great Tusk\n|-damage|p2a: Great Tusk|1\/100\n|move|p2a: Great Tusk|Ice Spinner|p1a: Landorus\n|-supereffective|p1a: Landorus\n|-damage|p1a: Landorus|11\/100\n|\n|-weather|RainDance|[upkeep]\n|upkeep\n|turn|7\n|c|\u2606Tripledeluxer|sandsear?\n|\n|t:|1700427927\n|move|p1a: Landorus|Sludge Bomb|p2a: Great Tusk\n|-resisted|p2a: Great Tusk\n|-damage|p2a: Great Tusk|0 fnt\n|faint|p2a: Great Tusk\n|-end|p2a: Great Tusk|Protosynthesis|[silent]\n|\n|-weather|RainDance|[upkeep]\n|upkeep\n|c|\u2606Zenyx97215|yup\n|\n|t:|1700427930\n|switch|p2a: Kommo-o|Kommo-o, F|100\/100\n|turn|8\n|c|\u2606Tripledeluxer|fire\n|\n|t:|1700427937\n|switch|p1a: Gholdengo|Gholdengo|100\/100\n|move|p2a: Kommo-o|Clangorous Soul|p2a: Kommo-o\n|-boost|p2a: Kommo-o|atk|1\n|-boost|p2a: Kommo-o|def|1\n|-boost|p2a: Kommo-o|spa|1\n|-boost|p2a: Kommo-o|spd|1\n|-boost|p2a: Kommo-o|spe|1\n|-damage|p2a: Kommo-o|68\/100\n|-enditem|p2a: Kommo-o|Throat Spray\n|-boost|p2a: Kommo-o|spa|1|[from] item: Throat Spray\n|\n|-weather|RainDance|[upkeep]\n|upkeep\n|turn|9\n|c|\u2606Zenyx97215|thx\n|\n|t:|1700427953\n|move|p2a: Kommo-o|Clanging Scales|p1a: Gholdengo\n|-resisted|p1a: Gholdengo\n|-damage|p1a: Gholdengo|46\/100\n|-unboost|p2a: Kommo-o|def|1\n|move|p1a: Gholdengo|Make It Rain|p2a: Kommo-o\n|-damage|p2a: Kommo-o|0 fnt\n|-unboost|p1a: Gholdengo|spa|1\n|faint|p2a: Kommo-o\n|\n|-weather|RainDance|[upkeep]\n|upkeep\n|\n|t:|1700427959\n|switch|p2a: Armarouge|Armarouge, F|100\/100\n|turn|10\n|\n|t:|1700427977\n|switch|p1a: Pelipper|Pelipper, F|75\/100\n|move|p2a: Armarouge|Calm Mind|p2a: Armarouge\n|-boost|p2a: Armarouge|spa|1\n|-boost|p2a: Armarouge|spd|1\n|\n|-weather|RainDance|[upkeep]\n|upkeep\n|turn|11\n|\n|t:|1700427990\n|move|p2a: Armarouge|Psyshock|p1a: Pelipper\n|-damage|p1a: Pelipper|29\/100\n|move|p1a: Pelipper|Hydro Pump|p2a: Armarouge\n|-supereffective|p2a: Armarouge\n|-damage|p2a: Armarouge|11\/100\n|\n|-weather|none\n|upkeep\n|turn|12\n|\n|t:|1700428005\n|switch|p1a: Alomomola|Alomomola, M|100\/100\n|move|p2a: Armarouge|Psyshock|p1a: Alomomola\n|-damage|p1a: Alomomola|66\/100\n|-enditem|p1a: Alomomola|Red Card|[of] p2a: Armarouge\n|drag|p2a: Ogerpon|Ogerpon-Wellspring, F|100\/100\n|\n|upkeep\n|turn|13\n|\n|t:|1700428018\n|move|p2a: Ogerpon|Horn Leech|p1a: Alomomola\n|-supereffective|p1a: Alomomola\n|-damage|p1a: Alomomola|21\/100\n|move|p1a: Alomomola|Acrobatics|p2a: Ogerpon\n|-supereffective|p2a: Ogerpon\n|-crit|p2a: Ogerpon\n|-damage|p2a: Ogerpon|22\/100\n|\n|upkeep\n|turn|14\n|c|\u2606Tripledeluxer|ayo wtf\n|\n|t:|1700428039\n|move|p2a: Ogerpon|Horn Leech|p1a: Alomomola\n|-supereffective|p1a: Alomomola\n|-damage|p1a: Alomomola|0 fnt\n|-heal|p2a: Ogerpon|40\/100|[from] drain|[of] p1a: Alomomola\n|faint|p1a: Alomomola\n|\n|upkeep\n|c|\u2606Zenyx97215|the crit helped lmao\n|\n|t:|1700428050\n|switch|p1a: Landorus|Landorus-Therian, M|11\/100\n|-ability|p1a: Landorus|Intimidate|boost\n|-unboost|p2a: Ogerpon|atk|1\n|turn|15\n|\n|t:|1700428054\n|switch|p2a: Armarouge|Armarouge, F|11\/100\n|move|p1a: Landorus|Sludge Bomb|p2a: Armarouge\n|-damage|p2a: Armarouge|0 fnt\n|faint|p2a: Armarouge\n|\n|upkeep\n|\n|t:|1700428059\n|switch|p2a: Ninetales|Ninetales-Alola, M|97\/100\n|-weather|Snow|[from] ability: Snow Warning|[of] p2a: Ninetales\n|turn|16\n|\n|t:|1700428064\n|switch|p1a: Pelipper|Pelipper, F|29\/100\n|-weather|RainDance|[from] ability: Drizzle|[of] p1a: Pelipper\n|move|p2a: Ninetales|Aurora Veil||[still]\n|-fail|p2a: Ninetales\n|\n|-weather|RainDance|[upkeep]\n|upkeep\n|turn|17\n|c|\u2606Tripledeluxer|no me\n|\n|t:|1700428074\n|move|p2a: Ninetales|Snowscape|p2a: Ninetales\n|-weather|Snow\n|move|p1a: Pelipper|Roost|p1a: Pelipper\n|-heal|p1a: Pelipper|79\/100\n|-singleturn|p1a: Pelipper|move: Roost\n|\n|-weather|Snow|[upkeep]\n|upkeep\n|turn|18\n|\n|t:|1700428088\n|move|p2a: Ninetales|Aurora Veil|p2a: Ninetales\n|-sidestart|p2: Tripledeluxer|move: Aurora Veil\n|move|p1a: Pelipper|U-turn|p2a: Ninetales\n|-resisted|p2a: Ninetales\n|-damage|p2a: Ninetales|95\/100\n|\n|t:|1700428095\n|switch|p1a: Gholdengo|Gholdengo|46\/100|[from] U-turn\n|\n|-weather|Snow|[upkeep]\n|upkeep\n|turn|19\n|\n|t:|1700428102\n|move|p2a: Ninetales|Blizzard|p1a: Gholdengo\n|-resisted|p1a: Gholdengo\n|-damage|p1a: Gholdengo|28\/100\n|move|p1a: Gholdengo|Make It Rain|p2a: Ninetales\n|-supereffective|p2a: Ninetales\n|-damage|p2a: Ninetales|0 fnt\n|-unboost|p1a: Gholdengo|spa|1\n|faint|p2a: Ninetales\n|\n|-weather|Snow|[upkeep]\n|upkeep\n|\n|t:|1700428105\n|switch|p2a: Grimmsnarl|Grimmsnarl, M|100\/100\n|turn|20\n|\n|t:|1700428119\n|switch|p1a: Pelipper|Pelipper, F|79\/100\n|-weather|RainDance|[from] ability: Drizzle|[of] p1a: Pelipper\n|move|p2a: Grimmsnarl|Sucker Punch||[still]\n|-fail|p2a: Grimmsnarl\n|\n|-weather|RainDance|[upkeep]\n|upkeep\n|turn|21\n|\n|t:|1700428131\n|move|p2a: Grimmsnarl|Bulk Up|p2a: Grimmsnarl\n|-boost|p2a: Grimmsnarl|atk|1\n|-boost|p2a: Grimmsnarl|def|1\n|move|p1a: Pelipper|U-turn|p2a: Grimmsnarl\n|-damage|p2a: Grimmsnarl|97\/100\n|\n|t:|1700428138\n|switch|p1a: Landorus|Landorus-Therian, M|11\/100|[from] U-turn\n|-ability|p1a: Landorus|Intimidate|boost\n|-unboost|p2a: Grimmsnarl|atk|1\n|\n|-weather|RainDance|[upkeep]\n|upkeep\n|turn|22\n|\n|t:|1700428145\n|-terastallize|p2a: Grimmsnarl|Poison\n|move|p2a: Grimmsnarl|Bulk Up|p2a: Grimmsnarl\n|-boost|p2a: Grimmsnarl|atk|1\n|-boost|p2a: Grimmsnarl|def|1\n|move|p1a: Landorus|Sandsear Storm|p2a: Grimmsnarl\n|-supereffective|p2a: Grimmsnarl\n|-damage|p2a: Grimmsnarl|49\/100\n|\n|-weather|RainDance|[upkeep]\n|upkeep\n|turn|23\n|\n|t:|1700428155\n|switch|p1a: Gholdengo|Gholdengo|28\/100\n|move|p2a: Grimmsnarl|Sucker Punch||[still]\n|-fail|p2a: Grimmsnarl\n|\n|-weather|RainDance|[upkeep]\n|upkeep\n|turn|24\n|\n|t:|1700428161\n|move|p2a: Grimmsnarl|Sucker Punch||[still]\n|-fail|p2a: Grimmsnarl\n|move|p1a: Gholdengo|Trick|p2a: Grimmsnarl\n|-activate|p1a: Gholdengo|move: Trick|[of] p2a: Grimmsnarl\n|-item|p2a: Grimmsnarl|Choice Specs|[from] move: Trick\n|-item|p1a: Gholdengo|Covert Cloak|[from] move: Trick\n|\n|-weather|RainDance|[upkeep]\n|upkeep\n|turn|25\n|\n|t:|1700428176\n|switch|p1a: Pelipper|Pelipper, F|79\/100\n|move|p2a: Grimmsnarl|Spirit Break|p1a: Pelipper\n|-damage|p1a: Pelipper|35\/100\n|-unboost|p1a: Pelipper|spa|1\n|\n|-weather|RainDance|[upkeep]\n|-sideend|p2: Tripledeluxer|move: Aurora Veil\n|upkeep\n|turn|26\n|\n|t:|1700428186\n|move|p1a: Pelipper|Hurricane|p2a: Grimmsnarl\n|-damage|p2a: Grimmsnarl|24\/100\n|-start|p2a: Grimmsnarl|confusion\n|-activate|p2a: Grimmsnarl|confusion\n|move|p2a: Grimmsnarl|Spirit Break|p1a: Pelipper\n|-damage|p1a: Pelipper|0 fnt\n|faint|p1a: Pelipper\n|\n|-weather|RainDance|[upkeep]\n|upkeep\n|\n|t:|1700428195\n|switch|p1a: Landorus|Landorus-Therian, M|11\/100\n|-ability|p1a: Landorus|Intimidate|boost\n|-unboost|p2a: Grimmsnarl|atk|1\n|turn|27\n|\n|t:|1700428199\n|move|p1a: Landorus|Sandsear Storm|p2a: Grimmsnarl\n|-supereffective|p2a: Grimmsnarl\n|-damage|p2a: Grimmsnarl|0 fnt\n|faint|p2a: Grimmsnarl\n|\n|-weather|none\n|upkeep\n|\n|t:|1700428201\n|switch|p2a: Ogerpon|Ogerpon-Wellspring, F|40\/100\n|turn|28\n|\n|t:|1700428209\n|move|p1a: Landorus|Sandsear Storm|p2a: Ogerpon\n|-resisted|p2a: Ogerpon\n|-damage|p2a: Ogerpon|13\/100\n|-status|p2a: Ogerpon|brn\n|move|p2a: Ogerpon|Trailblaze|p1a: Landorus\n|-damage|p1a: Landorus|0 fnt\n|-boost|p2a: Ogerpon|spe|1\n|faint|p1a: Landorus\n|\n|-damage|p2a: Ogerpon|7\/100 brn|[from] brn\n|upkeep\n|c|\u2606Tripledeluxer|ah gg\n|c|\u2606Zenyx97215|gg\n|\n|t:|1700428222\n|switch|p1a: Gholdengo|Gholdengo|28\/100\n|turn|29\n|\n|t:|1700428226\n|move|p2a: Ogerpon|Ivy Cudgel|p1a: Gholdengo|[anim] Ivy Cudgel Water\n|-damage|p1a: Gholdengo|0 fnt\n|faint|p1a: Gholdengo\n|\n|-damage|p2a: Ogerpon|1\/100 brn|[from] brn\n|upkeep\n|\n|t:|1700428232\n|switch|p1a: Great Tusk|Great Tusk|100\/100\n|turn|30\n|\n|t:|1700428235\n|-terastallize|p1a: Great Tusk|Fighting\n|move|p2a: Ogerpon|Ivy Cudgel|p1a: Great Tusk|[anim] Ivy Cudgel Water\n|-damage|p1a: Great Tusk|81\/100\n|move|p1a: Great Tusk|Rapid Spin|p2a: Ogerpon\n|-damage|p2a: Ogerpon|0 fnt\n|-boost|p1a: Great Tusk|spe|1\n|faint|p2a: Ogerpon\n|\n|win|Zenyx97215\n|raw|Zenyx97215's rating: 1316 &rarr; <strong>1337<\/strong><br \/>(+21 for winning)\n|raw|Tripledeluxer's rating: 1328 &rarr; <strong>1307<\/strong><br \/>(-21 for losing)\n|l|\u2606Tripledeluxer\n","uploadtime":1700428247,"views":14,"p1id":"zenyx97215","p2id":"tripledeluxer","formatid":"gen9ou","rating":1307,"private":0,"password":""}