{"id":"gen9ou-1991771883","p1":"ReDemonic","p2":"SDK04","format":"[Gen 9] OU","log":"|j|\u2606ReDemonic\n|j|\u2606SDK04\n|inactive|Battle timer is ON: inactive players will automatically lose when time's up.\n|t:|1700114455\n|gametype|singles\n|player|p1|ReDemonic|tucker-gen3|\n|player|p2|SDK04|unknown|\n|teamsize|p1|6\n|teamsize|p2|6\n|gen|9\n|tier|[Gen 9] OU\n|rated|Tournament battle\n|rule|Sleep Clause Mod: Limit one foe put to sleep\n|rule|Species Clause: Limit one of each Pok\u00e9mon\n|rule|OHKO Clause: OHKO moves are banned\n|rule|Evasion Items Clause: Evasion items are banned\n|rule|Evasion Moves Clause: Evasion moves are banned\n|rule|Endless Battle Clause: Forcing endless battles is banned\n|rule|HP Percentage Mod: HP is shown in percentages\n|clearpoke\n|poke|p1|Quaquaval, M|\n|poke|p1|Iron Valiant|\n|poke|p1|Regidrago|\n|poke|p1|Iron Moth|\n|poke|p1|Maushold|\n|poke|p1|Ribombee, M|\n|poke|p2|Munkidori, M|\n|poke|p2|Rillaboom, M|\n|poke|p2|Dragonite, F|\n|poke|p2|Wo-Chien|\n|poke|p2|Great Tusk|\n|poke|p2|Muk-Alola, F|\n|teampreview\n|\n|t:|1700114478\n|start\n|switch|p1a: mothar|Iron Moth|100\/100\n|switch|p2a: Mojo Jojo|Munkidori, M|100\/100\n|-enditem|p1a: mothar|Booster Energy\n|-activate|p1a: mothar|ability: Quark Drive|[fromitem]\n|-start|p1a: mothar|quarkdrivespe\n|turn|1\n|\n|t:|1700114494\n|-terastallize|p1a: mothar|Fairy\n|move|p1a: mothar|Discharge|p2a: Mojo Jojo\n|-crit|p2a: Mojo Jojo\n|-damage|p2a: Mojo Jojo|56\/100\n|move|p2a: Mojo Jojo|Psychic|p1a: mothar\n|-crit|p1a: mothar\n|-damage|p1a: mothar|30\/100\n|\n|upkeep\n|turn|2\n|\n|t:|1700114505\n|switch|p2a: Certified Eater|Muk-Alola, F|100\/100\n|move|p1a: mothar|Fiery Dance|p2a: Certified Eater\n|-damage|p2a: Certified Eater|76\/100\n|-boost|p1a: mothar|spa|1\n|\n|-heal|p2a: Certified Eater|82\/100|[from] item: Black Sludge\n|upkeep\n|turn|3\n|\n|t:|1700114508\n|move|p1a: mothar|Dazzling Gleam|p2a: Certified Eater\n|-damage|p2a: Certified Eater|46\/100\n|move|p2a: Certified Eater|Poison Jab|p1a: mothar\n|-supereffective|p1a: mothar\n|-damage|p1a: mothar|0 fnt\n|faint|p1a: mothar\n|-end|p1a: mothar|Quark Drive|[silent]\n|\n|-heal|p2a: Certified Eater|52\/100|[from] item: Black Sludge\n|upkeep\n|\n|t:|1700114520\n|switch|p1a: Maushold|Maushold|100\/100\n|turn|4\n|\n|t:|1700114523\n|move|p2a: Certified Eater|Protect|p2a: Certified Eater\n|-singleturn|p2a: Certified Eater|Protect\n|move|p1a: Maushold|Tidy Up|p1a: Maushold\n|-boost|p1a: Maushold|atk|1\n|-boost|p1a: Maushold|spe|1\n|\n|-heal|p2a: Certified Eater|58\/100|[from] item: Black Sludge\n|upkeep\n|turn|5\n|\n|t:|1700114525\n|switch|p2a: Donphan-Therian|Great Tusk|100\/100\n|move|p1a: Maushold|Population Bomb|p2a: Donphan-Therian\n|-damage|p2a: Donphan-Therian|92\/100\n|-damage|p1a: Maushold|84\/100|[from] item: Rocky Helmet|[of] p2a: Donphan-Therian\n|-damage|p2a: Donphan-Therian|84\/100\n|-damage|p1a: Maushold|67\/100|[from] item: Rocky Helmet|[of] p2a: Donphan-Therian\n|-damage|p2a: Donphan-Therian|76\/100\n|-damage|p1a: Maushold|51\/100|[from] item: Rocky Helmet|[of] p2a: Donphan-Therian\n|-damage|p2a: Donphan-Therian|68\/100\n|-damage|p1a: Maushold|34\/100|[from] item: Rocky Helmet|[of] p2a: Donphan-Therian\n|-damage|p2a: Donphan-Therian|61\/100\n|-damage|p1a: Maushold|17\/100|[from] item: Rocky Helmet|[of] p2a: Donphan-Therian\n|-damage|p2a: Donphan-Therian|53\/100\n|-damage|p1a: Maushold|1\/100|[from] item: Rocky Helmet|[of] p2a: Donphan-Therian\n|-damage|p2a: Donphan-Therian|45\/100\n|-damage|p1a: Maushold|0 fnt|[from] item: Rocky Helmet|[of] p2a: Donphan-Therian\n|faint|p1a: Maushold\n|-hitcount|p2a: Donphan-Therian|7\n|\n|upkeep\n|\n|t:|1700114529\n|switch|p1a: standonbusiness|Quaquaval, M|100\/100\n|turn|6\n|c|\u2606SDK04|Tragic, I know\n|\n|t:|1700114536\n|-end|p2a: Donphan-Therian|Protosynthesis|[silent]\n|switch|p2a: Nature\u2019s Nuke|Rillaboom, M, shiny|100\/100\n|-fieldstart|move: Grassy Terrain|[from] ability: Grassy Surge|[of] p2a: Nature\u2019s Nuke\n|move|p1a: standonbusiness|Aqua Step|p2a: Nature\u2019s Nuke\n|-resisted|p2a: Nature\u2019s Nuke\n|-damage|p2a: Nature\u2019s Nuke|80\/100\n|-boost|p1a: standonbusiness|spe|1\n|\n|-heal|p2a: Nature\u2019s Nuke|86\/100|[from] Grassy Terrain\n|upkeep\n|turn|7\n|\n|t:|1700114543\n|switch|p1a: Ribombee|Ribombee, M|100\/100\n|move|p2a: Nature\u2019s Nuke|Grassy Glide|p1a: Ribombee\n|-resisted|p1a: Ribombee\n|-damage|p1a: Ribombee|65\/100\n|\n|-heal|p1a: Ribombee|71\/100|[from] Grassy Terrain\n|-heal|p2a: Nature\u2019s Nuke|92\/100|[from] Grassy Terrain\n|upkeep\n|turn|8\n|\n|t:|1700114550\n|switch|p2a: Mojo Jojo|Munkidori, M|56\/100\n|move|p1a: Ribombee|Trick|p2a: Mojo Jojo\n|-activate|p1a: Ribombee|move: Trick|[of] p2a: Mojo Jojo\n|-item|p2a: Mojo Jojo|Choice Specs|[from] move: Trick\n|-item|p1a: Ribombee|Choice Scarf|[from] move: Trick\n|\n|-heal|p1a: Ribombee|78\/100|[from] Grassy Terrain\n|-heal|p2a: Mojo Jojo|62\/100|[from] Grassy Terrain\n|upkeep\n|turn|9\n|c|\u2606SDK04|That\n|c|\u2606SDK04|That just benefits me\n|\n|t:|1700114564\n|move|p1a: Ribombee|Sticky Web|p2a: Mojo Jojo\n|-sidestart|p2: SDK04|move: Sticky Web\n|move|p2a: Mojo Jojo|Psychic|p1a: Ribombee\n|-damage|p1a: Ribombee|0 fnt\n|faint|p1a: Ribombee\n|\n|-heal|p2a: Mojo Jojo|68\/100|[from] Grassy Terrain\n|upkeep\n|j| Prinplup forever\n|c| Prinplup forever|Himiko?\n|\n|t:|1700114581\n|switch|p1a: Valiant|Iron Valiant|100\/100\n|-enditem|p1a: Valiant|Booster Energy\n|-activate|p1a: Valiant|ability: Quark Drive|[fromitem]\n|-start|p1a: Valiant|quarkdrivespe\n|turn|10\n|c|\u2606SDK04|Prinplup forever not this time unfortunately\n|c|\u2606SDK04|Gliscor\u2019s in Ubers rn,\n|\n|t:|1700114610\n|move|p1a: Valiant|Destiny Bond|p1a: Valiant\n|-singlemove|p1a: Valiant|Destiny Bond\n|move|p2a: Mojo Jojo|Psychic|p1a: Valiant\n|-supereffective|p1a: Valiant\n|-damage|p1a: Valiant|0 fnt\n|faint|p1a: Valiant\n|-activate|p1a: Valiant|move: Destiny Bond\n|-end|p1a: Valiant|Quark Drive|[silent]\n|faint|p2a: Mojo Jojo\n|\n|-fieldend|move: Grassy Terrain\n|upkeep\n|\n|t:|1700114621\n|switch|p1a: dropadrago|Regidrago|100\/100\n|switch|p2a: Navigator|Dragonite, F|100\/100\n|turn|11\n|c| Prinplup forever|Use double dance Empoleon\n|\n|t:|1700114625\n|move|p2a: Navigator|Extreme Speed|p1a: dropadrago\n|-damage|p1a: dropadrago|47\/100\n|move|p1a: dropadrago|Dragon Energy|p2a: Navigator\n|-supereffective|p2a: Navigator\n|-damage|p2a: Navigator|57\/100\n|\n|upkeep\n|turn|12\n|\n|t:|1700114628\n|switch|p1a: standonbusiness|Quaquaval, M|100\/100\n|move|p2a: Navigator|Extreme Speed|p1a: standonbusiness\n|-damage|p1a: standonbusiness|33\/100\n|\n|upkeep\n|turn|13\n|c| Prinplup forever|Sd, agility empoleon\n|-message|ReDemonic forfeited.\n|\n|win|SDK04\n|n|\u2606ReDemonic|redemonic\n|n|\u2606SDK04|sdk04\n|n| Prinplup forever|prinplupforever\n|l|\u2606ReDemonic\n|c|\u2606SDK04|Tbh I\u2019m not doing that\n|c|\u2606SDK04|Too slow\n","uploadtime":1700114653,"views":7,"p1id":"redemonic","p2id":"sdk04","formatid":"gen9ou","rating":0,"private":0,"password":""}