{"id":"gen9ou-1997456121","p1":"supa fye kye","p2":"Chabbott918","format":"[Gen 9] OU","log":"|j|\u2606supa fye kye\n|j|\u2606Chabbott918\n|t:|1700808437\n|gametype|singles\n|player|p1|supa fye kye|swimmerfjp-gen2|1547\n|player|p2|Chabbott918|raifort|1538\n|teamsize|p1|6\n|teamsize|p2|6\n|gen|9\n|tier|[Gen 9] OU\n|rated|\n|rule|Sleep Clause Mod: Limit one foe put to sleep\n|rule|Species Clause: Limit one of each Pok\u00e9mon\n|rule|OHKO Clause: OHKO moves are banned\n|rule|Evasion Items Clause: Evasion items are banned\n|rule|Evasion Moves Clause: Evasion moves are banned\n|rule|Endless Battle Clause: Forcing endless battles is banned\n|rule|HP Percentage Mod: HP is shown in percentages\n|clearpoke\n|poke|p1|Great Tusk|\n|poke|p1|Glimmora, M|\n|poke|p1|Kingambit, F|\n|poke|p1|Cinderace, M|\n|poke|p1|Tornadus-Therian, M|\n|poke|p1|Gholdengo|\n|poke|p2|Cresselia, F|\n|poke|p2|Iron Valiant|\n|poke|p2|Garganacl, M|\n|poke|p2|Landorus-Therian, M|\n|poke|p2|Greninja-*, M|\n|poke|p2|Maushold-Four|\n|teampreview\n|inactive|Battle timer is ON: inactive players will automatically lose when time's up. (requested by supa fye kye)\n|\n|t:|1700808462\n|start\n|switch|p1a: Great Tusk|Great Tusk|100\/100\n|switch|p2a: Landorus|Landorus-Therian, M, shiny|100\/100\n|-ability|p2a: Landorus|Intimidate|boost\n|-unboost|p1a: Great Tusk|atk|1\n|turn|1\n|\n|t:|1700808472\n|move|p1a: Great Tusk|Ice Spinner|p2a: Landorus\n|-supereffective|p2a: Landorus\n|-damage|p2a: Landorus|23\/100\n|-damage|p1a: Great Tusk|84\/100|[from] item: Rocky Helmet|[of] p2a: Landorus\n|move|p2a: Landorus|Stealth Rock|p1a: Great Tusk\n|-sidestart|p1: supa fye kye|move: Stealth Rock\n|\n|upkeep\n|turn|2\n|\n|t:|1700808482\n|-end|p1a: Great Tusk|Protosynthesis|[silent]\n|switch|p1a: Glimmora|Glimmora, M|100\/100\n|-damage|p1a: Glimmora|88\/100|[from] Stealth Rock\n|switch|p2a: Garganacl|Garganacl, M|100\/100\n|\n|upkeep\n|turn|3\n|\n|t:|1700808487\n|switch|p2a: Landorus|Landorus-Therian, M, shiny|23\/100\n|-ability|p2a: Landorus|Intimidate|boost\n|-unboost|p1a: Glimmora|atk|1\n|move|p1a: Glimmora|Mortal Spin|p2a: Landorus\n|-resisted|p2a: Landorus\n|-damage|p2a: Landorus|21\/100\n|-status|p2a: Landorus|psn\n|-damage|p1a: Glimmora|72\/100|[from] item: Rocky Helmet|[of] p2a: Landorus\n|-sideend|p1: supa fye kye|Stealth Rock|[from] move: Mortal Spin|[of] p1a: Glimmora\n|\n|-damage|p2a: Landorus|9\/100 psn|[from] psn\n|upkeep\n|turn|4\n|\n|t:|1700808494\n|switch|p1a: Cinderace|Cinderace, M|100\/100\n|move|p2a: Landorus|Earthquake|p1a: Cinderace\n|-supereffective|p1a: Cinderace\n|-damage|p1a: Cinderace|0 fnt\n|faint|p1a: Cinderace\n|\n|-damage|p2a: Landorus|0 fnt|[from] psn\n|faint|p2a: Landorus\n|upkeep\n|\n|t:|1700808500\n|switch|p1a: Glimmora|Glimmora, M|72\/100\n|switch|p2a: Greninja|Greninja, M|100\/100\n|turn|5\n|\n|t:|1700808506\n|switch|p1a: Tornadus|Tornadus-Therian, M|100\/100\n|move|p2a: Greninja|Water Shuriken|p1a: Tornadus\n|-damage|p1a: Tornadus|93\/100\n|-damage|p1a: Tornadus|87\/100\n|-damage|p1a: Tornadus|80\/100\n|-damage|p1a: Tornadus|74\/100\n|-damage|p1a: Tornadus|67\/100\n|-hitcount|p1a: Tornadus|5\n|-damage|p2a: Greninja|91\/100|[from] item: Life Orb\n|\n|upkeep\n|turn|6\n|\n|t:|1700808512\n|move|p2a: Greninja|Ice Beam|p1a: Tornadus\n|-supereffective|p1a: Tornadus\n|-damage|p1a: Tornadus|19\/100\n|-damage|p2a: Greninja|81\/100|[from] item: Life Orb\n|move|p1a: Tornadus|U-turn|p2a: Greninja\n|-supereffective|p2a: Greninja\n|-damage|p2a: Greninja|35\/100\n|\n|t:|1700808522\n|switch|p1a: Gholdengo|Gholdengo|100\/100|[from] U-turn\n|\n|upkeep\n|turn|7\n|\n|t:|1700808523\n|move|p1a: Gholdengo|Make It Rain|p2a: Greninja\n|-resisted|p2a: Greninja\n|-damage|p2a: Greninja|0 fnt\n|-unboost|p1a: Gholdengo|spa|1\n|faint|p2a: Greninja\n|\n|upkeep\n|\n|t:|1700808533\n|switch|p2a: Cresselia|Cresselia, F, shiny|100\/100\n|turn|8\n|\n|t:|1700808538\n|switch|p1a: Great Tusk|Great Tusk|84\/100\n|move|p2a: Cresselia|Calm Mind|p2a: Cresselia\n|-boost|p2a: Cresselia|spa|1\n|-boost|p2a: Cresselia|spd|1\n|\n|upkeep\n|turn|9\n|\n|t:|1700808545\n|move|p1a: Great Tusk|Knock Off|p2a: Cresselia\n|-supereffective|p2a: Cresselia\n|-damage|p2a: Cresselia|46\/100\n|-enditem|p2a: Cresselia|Covert Cloak|[from] move: Knock Off|[of] p1a: Great Tusk\n|move|p2a: Cresselia|Calm Mind|p2a: Cresselia\n|-boost|p2a: Cresselia|spa|1\n|-boost|p2a: Cresselia|spd|1\n|\n|upkeep\n|turn|10\n|\n|t:|1700808552\n|-end|p1a: Great Tusk|Protosynthesis|[silent]\n|switch|p1a: Gholdengo|Gholdengo|100\/100\n|-terastallize|p2a: Cresselia|Poison\n|move|p2a: Cresselia|Moonlight|p2a: Cresselia\n|-heal|p2a: Cresselia|96\/100\n|\n|upkeep\n|turn|11\n|\n|t:|1700808554\n|move|p1a: Gholdengo|Trick|p2a: Cresselia\n|-activate|p1a: Gholdengo|move: Trick|[of] p2a: Cresselia\n|-item|p2a: Cresselia|Choice Scarf|[from] move: Trick\n|-enditem|p1a: Gholdengo|Choice Scarf|[silent]|[from] move: Trick\n|move|p2a: Cresselia|Calm Mind|p2a: Cresselia\n|-boost|p2a: Cresselia|spa|1\n|-boost|p2a: Cresselia|spd|1\n|\n|upkeep\n|turn|12\n|\n|t:|1700808561\n|switch|p2a: Garganacl|Garganacl, M|100\/100\n|move|p1a: Gholdengo|Make It Rain|p2a: Garganacl\n|-supereffective|p2a: Garganacl\n|-damage|p2a: Garganacl|21\/100\n|-unboost|p1a: Gholdengo|spa|1\n|\n|-heal|p2a: Garganacl|27\/100|[from] item: Leftovers\n|upkeep\n|turn|13\n|\n|t:|1700808566\n|move|p1a: Gholdengo|Make It Rain|p2a: Garganacl\n|-supereffective|p2a: Garganacl\n|-damage|p2a: Garganacl|0 fnt\n|-unboost|p1a: Gholdengo|spa|1\n|faint|p2a: Garganacl\n|\n|upkeep\n|\n|t:|1700808571\n|switch|p2a: Iron Valiant|Iron Valiant|100\/100\n|-enditem|p2a: Iron Valiant|Booster Energy\n|-activate|p2a: Iron Valiant|ability: Quark Drive|[fromitem]\n|-start|p2a: Iron Valiant|quarkdrivespe\n|turn|14\n|\n|t:|1700808579\n|switch|p1a: Tornadus|Tornadus-Therian, M|52\/100\n|move|p2a: Iron Valiant|Calm Mind|p2a: Iron Valiant\n|-boost|p2a: Iron Valiant|spa|1\n|-boost|p2a: Iron Valiant|spd|1\n|\n|upkeep\n|turn|15\n|\n|t:|1700808582\n|move|p2a: Iron Valiant|Moonblast|p1a: Tornadus\n|-damage|p1a: Tornadus|4\/100\n|move|p1a: Tornadus|Hurricane|p2a: Iron Valiant|[miss]\n|-miss|p1a: Tornadus|p2a: Iron Valiant\n|\n|upkeep\n|turn|16\n|\n|t:|1700808586\n|move|p2a: Iron Valiant|Moonblast|p1a: Tornadus\n|-damage|p1a: Tornadus|0 fnt\n|faint|p1a: Tornadus\n|\n|upkeep\n|\n|t:|1700808590\n|switch|p1a: Gholdengo|Gholdengo|100\/100\n|turn|17\n|\n|t:|1700808592\n|move|p2a: Iron Valiant|Moonblast|p1a: Gholdengo\n|-resisted|p1a: Gholdengo\n|-damage|p1a: Gholdengo|57\/100\n|move|p1a: Gholdengo|Make It Rain|p2a: Iron Valiant\n|-supereffective|p2a: Iron Valiant\n|-damage|p2a: Iron Valiant|0 fnt\n|-unboost|p1a: Gholdengo|spa|1\n|faint|p2a: Iron Valiant\n|-end|p2a: Iron Valiant|Quark Drive|[silent]\n|\n|upkeep\n|\n|t:|1700808600\n|switch|p2a: Maushold|Maushold-Four|100\/100\n|turn|18\n|\n|t:|1700808602\n|move|p2a: Maushold|Bite|p1a: Gholdengo\n|-supereffective|p1a: Gholdengo\n|-damage|p1a: Gholdengo|12\/100\n|move|p1a: Gholdengo|Make It Rain|p2a: Maushold\n|-damage|p2a: Maushold|32\/100\n|-unboost|p1a: Gholdengo|spa|1\n|\n|upkeep\n|turn|19\n|\n|t:|1700808608\n|move|p2a: Maushold|Bite|p1a: Gholdengo\n|-supereffective|p1a: Gholdengo\n|-damage|p1a: Gholdengo|0 fnt\n|faint|p1a: Gholdengo\n|\n|upkeep\n|\n|t:|1700808611\n|switch|p1a: Glimmora|Glimmora, M|72\/100\n|turn|20\n|\n|t:|1700808613\n|move|p1a: Glimmora|Power Gem|p2a: Maushold\n|-damage|p2a: Maushold|0 fnt\n|faint|p2a: Maushold\n|\n|upkeep\n|\n|t:|1700808617\n|switch|p2a: Cresselia|Cresselia, F, shiny, tera:Poison|96\/100\n|turn|21\n|\n|t:|1700808618\n|move|p1a: Glimmora|Power Gem|p2a: Cresselia\n|-damage|p2a: Cresselia|67\/100\n|move|p2a: Cresselia|Moonblast|p1a: Glimmora\n|-resisted|p1a: Glimmora\n|-damage|p1a: Glimmora|60\/100\n|\n|upkeep\n|turn|22\n|\n|t:|1700808621\n|move|p1a: Glimmora|Power Gem|p2a: Cresselia\n|-damage|p2a: Cresselia|42\/100\n|move|p2a: Cresselia|Moonblast|p1a: Glimmora\n|-resisted|p1a: Glimmora\n|-damage|p1a: Glimmora|48\/100\n|\n|upkeep\n|turn|23\n|\n|t:|1700808622\n|move|p1a: Glimmora|Power Gem|p2a: Cresselia\n|-damage|p2a: Cresselia|17\/100\n|move|p2a: Cresselia|Moonblast|p1a: Glimmora\n|-resisted|p1a: Glimmora\n|-damage|p1a: Glimmora|36\/100\n|\n|upkeep\n|turn|24\n|\n|t:|1700808623\n|move|p1a: Glimmora|Power Gem|p2a: Cresselia\n|-crit|p2a: Cresselia\n|-damage|p2a: Cresselia|0 fnt\n|faint|p2a: Cresselia\n|\n|win|supa fye kye\n|raw|supa fye kye's rating: 1547 &rarr; <strong>1566<\/strong><br \/>(+19 for winning)\n|raw|Chabbott918's rating: 1538 &rarr; <strong>1519<\/strong><br \/>(-19 for losing)\n|c|\u2606supa fye kye|gg\n","uploadtime":1700808630,"views":2,"p1id":"supafyekye","p2id":"chabbott918","formatid":"gen9ou","rating":1519,"private":0,"password":""}