{"id":"gen9ou-1993648743","p1":"stewartminion","p2":"Nova_Crusher","format":"[Gen 9] OU","log":"|j|\u2606stewartminion\n|j|\u2606Nova_Crusher\n|t:|1700341393\n|gametype|singles\n|player|p1|stewartminion|argenta|1144\n|player|p2|Nova_Crusher|preschooler|1157\n|teamsize|p1|6\n|teamsize|p2|6\n|gen|9\n|tier|[Gen 9] OU\n|rated|\n|rule|Sleep Clause Mod: Limit one foe put to sleep\n|rule|Species Clause: Limit one of each Pok\u00e9mon\n|rule|OHKO Clause: OHKO moves are banned\n|rule|Evasion Items Clause: Evasion items are banned\n|rule|Evasion Moves Clause: Evasion moves are banned\n|rule|Endless Battle Clause: Forcing endless battles is banned\n|rule|HP Percentage Mod: HP is shown in percentages\n|clearpoke\n|poke|p1|Clefable, M|\n|poke|p1|Greninja-*, M|\n|poke|p1|Sneasler, M|\n|poke|p1|Dragonite, M|\n|poke|p1|Cinderace, M|\n|poke|p1|Corviknight, M|\n|poke|p2|Glimmora, F|\n|poke|p2|Dragonite, F|\n|poke|p2|Rillaboom, M|\n|poke|p2|Ninetales-Alola, M|\n|poke|p2|Sneasler, M|\n|poke|p2|Dondozo, M|\n|teampreview\n|inactive|Battle timer is ON: inactive players will automatically lose when time's up. (requested by Nova_Crusher)\n|\n|t:|1700341398\n|start\n|switch|p1a: demon|Dragonite, M, shiny|100\/100\n|switch|p2a: Glimmora|Glimmora, F|100\/100\n|turn|1\n|\n|t:|1700341406\n|move|p1a: demon|Dragon Dance|p1a: demon\n|-boost|p1a: demon|atk|1\n|-boost|p1a: demon|spe|1\n|move|p2a: Glimmora|Mortal Spin|p1a: demon\n|-damage|p1a: demon|94\/100\n|-status|p1a: demon|psn\n|\n|-damage|p1a: demon|81\/100 psn|[from] psn\n|upkeep\n|turn|2\n|\n|t:|1700341419\n|move|p1a: demon|Earthquake|p2a: Glimmora\n|-supereffective|p2a: Glimmora\n|-enditem|p2a: Glimmora|Focus Sash\n|-damage|p2a: Glimmora|1\/100\n|-activate|p2a: Glimmora|ability: Toxic Debris\n|-sidestart|p1: stewartminion|move: Toxic Spikes\n|move|p2a: Glimmora|Dazzling Gleam|p1a: demon\n|-supereffective|p1a: demon\n|-damage|p1a: demon|35\/100 psn\n|\n|-damage|p1a: demon|22\/100 psn|[from] psn\n|upkeep\n|turn|3\n|\n|t:|1700341440\n|move|p1a: demon|Earthquake|p2a: Glimmora\n|-supereffective|p2a: Glimmora\n|-damage|p2a: Glimmora|0 fnt\n|-activate|p2a: Glimmora|ability: Toxic Debris\n|-sidestart|p1: stewartminion|move: Toxic Spikes\n|faint|p2a: Glimmora\n|\n|-damage|p1a: demon|10\/100 psn|[from] psn\n|upkeep\n|\n|t:|1700341454\n|switch|p2a: Rillaboom|Rillaboom, M, shiny|100\/100\n|-fieldstart|move: Grassy Terrain|[from] ability: Grassy Surge|[of] p2a: Rillaboom\n|turn|4\n|\n|t:|1700341465\n|switch|p2a: Dondozo|Dondozo, M|100\/100\n|move|p1a: demon|Extreme Speed|p2a: Dondozo\n|-damage|p2a: Dondozo|82\/100\n|\n|-heal|p2a: Dondozo|88\/100|[from] Grassy Terrain\n|-heal|p2a: Dondozo|94\/100|[from] item: Leftovers\n|-damage|p1a: demon|0 fnt|[from] psn\n|faint|p1a: demon\n|upkeep\n|inactive|stewartminion has 120 seconds left.\n|\n|t:|1700341495\n|switch|p1a: Sneasler|Sneasler, M, shiny|100\/100\n|-item|p1a: Sneasler|Air Balloon\n|turn|5\n|\n|t:|1700341503\n|move|p1a: Sneasler|Dire Claw|p2a: Dondozo\n|-damage|p2a: Dondozo|68\/100\n|-status|p2a: Dondozo|par\n|move|p2a: Dondozo|Yawn|p1a: Sneasler\n|-start|p1a: Sneasler|move: Yawn|[of] p2a: Dondozo\n|\n|-heal|p2a: Dondozo|75\/100 par|[from] Grassy Terrain\n|-heal|p2a: Dondozo|81\/100 par|[from] item: Leftovers\n|upkeep\n|turn|6\n|inactive|stewartminion has 120 seconds left.\n|\n|t:|1700341544\n|switch|p1a: Clefable|Clefable, M, shiny|100\/100\n|-status|p1a: Clefable|tox\n|move|p2a: Dondozo|Rest|p2a: Dondozo\n|-status|p2a: Dondozo|slp|[from] move: Rest\n|-heal|p2a: Dondozo|100\/100 slp|[silent]\n|\n|upkeep\n|turn|7\n|\n|t:|1700341553\n|move|p1a: Clefable|Stealth Rock|p2a: Dondozo\n|-sidestart|p2: Nova_Crusher|move: Stealth Rock\n|cant|p2a: Dondozo|slp\n|move|p2a: Dondozo|Sleep Talk|p2a: Dondozo\n|move|p2a: Dondozo|Yawn||[from]move: Sleep Talk|[still]\n|-fail|p2a: Dondozo\n|\n|upkeep\n|turn|8\n|\n|t:|1700341566\n|move|p1a: Clefable|Moonblast|p2a: Dondozo\n|-damage|p2a: Dondozo|72\/100 slp\n|cant|p2a: Dondozo|slp\n|move|p2a: Dondozo|Sleep Talk|p2a: Dondozo\n|move|p2a: Dondozo|Rest||[from]move: Sleep Talk|[still]\n|-fail|p2a: Dondozo\n|\n|-heal|p2a: Dondozo|78\/100 slp|[from] Grassy Terrain\n|-heal|p2a: Dondozo|84\/100 slp|[from] item: Leftovers\n|-fieldend|move: Grassy Terrain\n|upkeep\n|turn|9\n|\n|t:|1700341587\n|move|p1a: Clefable|Moonblast|p2a: Dondozo\n|-damage|p2a: Dondozo|55\/100 slp\n|-curestatus|p2a: Dondozo|slp|[msg]\n|move|p2a: Dondozo|Sleep Talk||[still]\n|-fail|p2a: Dondozo\n|\n|-heal|p2a: Dondozo|62\/100|[from] item: Leftovers\n|upkeep\n|turn|10\n|\n|t:|1700341601\n|move|p1a: Clefable|Moonblast|p2a: Dondozo\n|-damage|p2a: Dondozo|31\/100\n|move|p2a: Dondozo|Rest|p2a: Dondozo\n|-status|p2a: Dondozo|slp|[from] move: Rest\n|-heal|p2a: Dondozo|100\/100 slp|[silent]\n|\n|upkeep\n|turn|11\n|\n|t:|1700341610\n|switch|p1a: Corviknight|Corviknight, M, shiny|100\/100\n|-ability|p1a: Corviknight|Pressure\n|switch|p2a: Ninetales|Ninetales-Alola, M|100\/100\n|-damage|p2a: Ninetales|76\/100|[from] Stealth Rock\n|-weather|Snow|[from] ability: Snow Warning|[of] p2a: Ninetales\n|\n|-weather|Snow|[upkeep]\n|upkeep\n|turn|12\n|inactive|stewartminion has 120 seconds left.\n|\n|t:|1700341623\n|move|p2a: Ninetales|Aurora Veil|p2a: Ninetales\n|-sidestart|p2: Nova_Crusher|move: Aurora Veil\n|move|p1a: Corviknight|Defog|p2a: Ninetales\n|-unboost|p2a: Ninetales|evasion|1\n|-sideend|p2: Nova_Crusher|move: Aurora Veil\n|-sideend|p2: Nova_Crusher|Stealth Rock|[from] move: Defog|[of] p1a: Corviknight\n|-sideend|p1: stewartminion|Toxic Spikes|[from] move: Defog|[of] p1a: Corviknight\n|\n|-weather|Snow|[upkeep]\n|upkeep\n|turn|13\n|inactive|stewartminion has 120 seconds left.\n|\n|t:|1700341638\n|switch|p2a: Rillaboom|Rillaboom, M, shiny|100\/100\n|-fieldstart|move: Grassy Terrain|[from] ability: Grassy Surge|[of] p2a: Rillaboom\n|move|p1a: Corviknight|Body Press|p2a: Rillaboom\n|-damage|p2a: Rillaboom|76\/100\n|\n|-weather|Snow|[upkeep]\n|-heal|p2a: Rillaboom|83\/100|[from] Grassy Terrain\n|upkeep\n|turn|14\n|\n|t:|1700341649\n|move|p2a: Rillaboom|U-turn|p1a: Corviknight\n|-resisted|p1a: Corviknight\n|-damage|p1a: Corviknight|94\/100\n|-damage|p2a: Rillaboom|66\/100|[from] item: Rocky Helmet|[of] p1a: Corviknight\n|\n|t:|1700341654\n|switch|p2a: Sneasler|Sneasler, M, shiny|100\/100|[from] U-turn\n|-enditem|p2a: Sneasler|Grassy Seed\n|-boost|p2a: Sneasler|def|1|[from] item: Grassy Seed\n|move|p1a: Corviknight|U-turn|p2a: Sneasler\n|-resisted|p2a: Sneasler\n|-damage|p2a: Sneasler|96\/100\n|inactive|stewartminion has 120 seconds left.\n|\n|t:|1700341672\n|switch|p1a: nignja|Greninja, M|100\/100|[from] U-turn\n|\n|-weather|Snow|[upkeep]\n|-heal|p2a: Sneasler|100\/100|[from] Grassy Terrain\n|upkeep\n|turn|15\n|\n|t:|1700341682\n|move|p2a: Sneasler|Swords Dance|p2a: Sneasler\n|-boost|p2a: Sneasler|atk|2\n|move|p1a: nignja|Surf|p2a: Sneasler\n|-damage|p2a: Sneasler|20\/100\n|\n|-weather|none\n|-heal|p2a: Sneasler|26\/100|[from] Grassy Terrain\n|upkeep\n|turn|16\n|\n|t:|1700341693\n|move|p2a: Sneasler|Close Combat|p1a: nignja\n|-supereffective|p1a: nignja\n|-damage|p1a: nignja|0 fnt\n|-unboost|p2a: Sneasler|def|1\n|-unboost|p2a: Sneasler|spd|1\n|faint|p1a: nignja\n|\n|-heal|p2a: Sneasler|32\/100|[from] Grassy Terrain\n|upkeep\n|\n|t:|1700341697\n|switch|p1a: Corviknight|Corviknight, M, shiny|94\/100\n|-ability|p1a: Corviknight|Pressure\n|turn|17\n|\n|t:|1700341707\n|move|p2a: Sneasler|Close Combat|p1a: Corviknight\n|-damage|p1a: Corviknight|18\/100\n|-unboost|p2a: Sneasler|def|1\n|-unboost|p2a: Sneasler|spd|1\n|-damage|p2a: Sneasler|15\/100|[from] item: Rocky Helmet|[of] p1a: Corviknight\n|move|p1a: Corviknight|Body Press|p2a: Sneasler\n|-resisted|p2a: Sneasler\n|-damage|p2a: Sneasler|0 fnt\n|faint|p2a: Sneasler\n|\n|-fieldend|move: Grassy Terrain\n|upkeep\n|\n|t:|1700341713\n|switch|p2a: Dondozo|Dondozo, M|100\/100 slp\n|turn|18\n|\n|t:|1700341729\n|move|p1a: Corviknight|Roost|p1a: Corviknight\n|-heal|p1a: Corviknight|68\/100\n|-singleturn|p1a: Corviknight|move: Roost\n|cant|p2a: Dondozo|slp\n|move|p2a: Dondozo|Sleep Talk|p2a: Dondozo\n|move|p2a: Dondozo|Yawn|p1a: Corviknight|[from]move: Sleep Talk\n|-start|p1a: Corviknight|move: Yawn|[of] p2a: Dondozo\n|\n|upkeep\n|turn|19\n|inactive|stewartminion has 120 seconds left.\n|\n|t:|1700341766\n|move|p1a: Corviknight|Body Press|p2a: Dondozo\n|-damage|p2a: Dondozo|84\/100 slp\n|cant|p2a: Dondozo|slp\n|move|p2a: Dondozo|Sleep Talk|p2a: Dondozo\n|move|p2a: Dondozo|Wave Crash|p1a: Corviknight|[from]move: Sleep Talk\n|-damage|p1a: Corviknight|36\/100\n|-damage|p2a: Dondozo|67\/100 slp|[from] item: Rocky Helmet|[of] p1a: Corviknight\n|-damage|p2a: Dondozo|59\/100 slp|[from] Recoil\n|\n|-heal|p2a: Dondozo|65\/100 slp|[from] item: Leftovers\n|-end|p1a: Corviknight|move: Yawn|[silent]\n|-status|p1a: Corviknight|slp\n|upkeep\n|turn|20\n|inactive|stewartminion has 120 seconds left.\n|inactive|Nova_Crusher has 120 seconds left.\n|\n|t:|1700341801\n|switch|p2a: Dragonite|Dragonite, F|100\/100\n|cant|p1a: Corviknight|slp\n|\n|upkeep\n|turn|21\n|inactive|Nova_Crusher has 120 seconds left.\n|\n|t:|1700341810\n|switch|p1a: Clefable|Clefable, M, shiny|100\/100 tox\n|move|p2a: Dragonite|Dragon Dance|p2a: Dragonite\n|-boost|p2a: Dragonite|atk|1\n|-boost|p2a: Dragonite|spe|1\n|\n|upkeep\n|turn|22\n|inactive|Nova_Crusher has 120 seconds left.\n|\n|t:|1700341821\n|move|p2a: Dragonite|Extreme Speed|p1a: Clefable\n|-damage|p1a: Clefable|47\/100 tox\n|move|p1a: Clefable|Moonblast|p2a: Dragonite\n|-supereffective|p2a: Dragonite\n|-damage|p2a: Dragonite|66\/100\n|-unboost|p2a: Dragonite|spa|1\n|-enditem|p2a: Dragonite|Weakness Policy\n|-boost|p2a: Dragonite|atk|2|[from] item: Weakness Policy\n|-boost|p2a: Dragonite|spa|2|[from] item: Weakness Policy\n|\n|-heal|p1a: Clefable|53\/100 tox|[from] item: Leftovers\n|upkeep\n|turn|23\n|inactive|Nova_Crusher has 120 seconds left.\n|\n|t:|1700341836\n|-terastallize|p2a: Dragonite|Normal\n|move|p2a: Dragonite|Extreme Speed|p1a: Clefable\n|-damage|p1a: Clefable|0 fnt\n|faint|p1a: Clefable\n|\n|upkeep\n|\n|t:|1700341850\n|switch|p1a: Sneasler|Sneasler, M, shiny|100\/100\n|-item|p1a: Sneasler|Air Balloon\n|turn|24\n|inactive|stewartminion has 120 seconds left.\n|\n|t:|1700341880\n|-terastallize|p1a: Sneasler|Flying\n|move|p2a: Dragonite|Extreme Speed|p1a: Sneasler\n|-damage|p1a: Sneasler|0 fnt\n|-enditem|p1a: Sneasler|Air Balloon\n|faint|p1a: Sneasler\n|\n|upkeep\n|\n|t:|1700341884\n|switch|p1a: Cinderace|Cinderace, M, shiny|100\/100\n|turn|25\n|inactive|Nova_Crusher has 120 seconds left.\n|\n|t:|1700341910\n|move|p2a: Dragonite|Extreme Speed|p1a: Cinderace\n|-damage|p1a: Cinderace|0 fnt\n|faint|p1a: Cinderace\n|\n|upkeep\n|inactive|stewartminion has 120 seconds left.\n|n|\u203dstewartminion|stewartminion\n|\n|t:|1700341954\n|switch|p1a: Corviknight|Corviknight, M, shiny|36\/100 slp\n|-ability|p1a: Corviknight|Pressure\n|turn|26\n|inactive|stewartminion has 90 seconds left.\n|inactive|stewartminion has 60 seconds left.\n|inactive|stewartminion has 30 seconds left.\n|inactive|stewartminion has 20 seconds left.\n|inactive|stewartminion has 15 seconds left.\n|inactive|stewartminion has 10 seconds left.\n|inactive|stewartminion has 5 seconds left.\n|-message|stewartminion lost due to inactivity.\n|\n|win|Nova_Crusher\n|raw|stewartminion's rating: 1144 &rarr; <strong>1120<\/strong><br \/>(-24 for losing)\n|raw|Nova_Crusher's rating: 1157 &rarr; <strong>1181<\/strong><br \/>(+24 for winning)\n","uploadtime":1700341940,"views":19,"p1id":"stewartminion","p2id":"novacrusher","formatid":"gen9ou","rating":1120,"private":0,"password":""}