{"id":"gen9ou-1995197432","p1":"you have homework","p2":"Aggron","format":"[Gen 9] OU","log":"|j|\u2606you have homework\n|j|\u2606Aggron\n|t:|1700533523\n|gametype|singles\n|player|p1|you have homework|169|1676\n|player|p2|Aggron|pokefan-gen4|1770\n|teamsize|p1|6\n|teamsize|p2|6\n|gen|9\n|tier|[Gen 9] OU\n|rated|\n|rule|Sleep Clause Mod: Limit one foe put to sleep\n|rule|Species Clause: Limit one of each Pok\u00e9mon\n|rule|OHKO Clause: OHKO moves are banned\n|rule|Evasion Items Clause: Evasion items are banned\n|rule|Evasion Moves Clause: Evasion moves are banned\n|rule|Endless Battle Clause: Forcing endless battles is banned\n|rule|HP Percentage Mod: HP is shown in percentages\n|clearpoke\n|poke|p1|Great Tusk|\n|poke|p1|Slowking-Galar, F|\n|poke|p1|Ting-Lu|\n|poke|p1|Heatran, F|\n|poke|p1|Okidogi, M|\n|poke|p1|Mandibuzz, F|\n|poke|p2|Sinistcha-Masterpiece|\n|poke|p2|Heatran, M|\n|poke|p2|Rillaboom, F|\n|poke|p2|Samurott-Hisui, F|\n|poke|p2|Tyranitar, M|\n|poke|p2|Meowscarada, F|\n|teampreview\n|inactive|Battle timer is ON: inactive players will automatically lose when time's up. (requested by Aggron)\n|j| FaronAan\n|inactive|you have homework has 120 seconds left.\n|\n|t:|1700533559\n|start\n|switch|p1a: Okidogi|Okidogi, M|100\/100\n|switch|p2a: Meowscarada|Meowscarada, F|100\/100\n|turn|1\n|\n|t:|1700533566\n|move|p2a: Meowscarada|Trick|p1a: Okidogi\n|-start|p2a: Meowscarada|typechange|Psychic|[from] ability: Protean\n|-activate|p2a: Meowscarada|move: Trick|[of] p1a: Okidogi\n|-item|p1a: Okidogi|Choice Scarf|[from] move: Trick\n|-item|p2a: Meowscarada|Leftovers|[from] move: Trick\n|move|p1a: Okidogi|Bulk Up|p1a: Okidogi\n|-boost|p1a: Okidogi|atk|1\n|-boost|p1a: Okidogi|def|1\n|\n|upkeep\n|turn|2\n|\n|t:|1700533576\n|switch|p1a: Mandibuzz|Mandibuzz, F|100\/100\n|move|p2a: Meowscarada|U-turn|p1a: Mandibuzz\n|-damage|p1a: Mandibuzz|88\/100\n|\n|t:|1700533597\n|switch|p2a: Tyranitar|Tyranitar, M|100\/100|[from] U-turn\n|-weather|Sandstorm|[from] ability: Sand Stream|[of] p2a: Tyranitar\n|\n|-weather|Sandstorm|[upkeep]\n|upkeep\n|turn|3\n|\n|t:|1700533614\n|move|p1a: Mandibuzz|Knock Off|p2a: Tyranitar\n|-resisted|p2a: Tyranitar\n|-damage|p2a: Tyranitar|92\/100\n|-enditem|p2a: Tyranitar|Heavy-Duty Boots|[from] move: Knock Off|[of] p1a: Mandibuzz\n|move|p2a: Tyranitar|Rock Blast|p1a: Mandibuzz\n|-supereffective|p1a: Mandibuzz\n|-damage|p1a: Mandibuzz|72\/100\n|-supereffective|p1a: Mandibuzz\n|-damage|p1a: Mandibuzz|58\/100\n|-hitcount|p1a: Mandibuzz|2\n|\n|-weather|Sandstorm|[upkeep]\n|upkeep\n|turn|4\n|\n|t:|1700533625\n|switch|p1a: Okidogi|Okidogi, M|100\/100\n|move|p2a: Tyranitar|Knock Off|p1a: Okidogi\n|-resisted|p1a: Okidogi\n|-damage|p1a: Okidogi|82\/100\n|-enditem|p1a: Okidogi|Choice Scarf|[from] move: Knock Off|[of] p2a: Tyranitar\n|\n|-weather|Sandstorm|[upkeep]\n|-damage|p1a: Okidogi|75\/100|[from] Sandstorm\n|upkeep\n|turn|5\n|\n|t:|1700533635\n|switch|p2a: Heatran|Heatran, M|100\/100\n|-item|p2a: Heatran|Air Balloon\n|move|p1a: Okidogi|Bulk Up|p1a: Okidogi\n|-boost|p1a: Okidogi|atk|1\n|-boost|p1a: Okidogi|def|1\n|\n|-weather|Sandstorm|[upkeep]\n|-damage|p1a: Okidogi|69\/100|[from] Sandstorm\n|upkeep\n|turn|6\n|\n|t:|1700533643\n|move|p2a: Heatran|Earth Power|p1a: Okidogi\n|-supereffective|p1a: Okidogi\n|-damage|p1a: Okidogi|4\/100\n|-unboost|p1a: Okidogi|spd|1\n|move|p1a: Okidogi|Drain Punch|p2a: Heatran\n|-supereffective|p2a: Heatran\n|-damage|p2a: Heatran|0 fnt\n|-heal|p1a: Okidogi|47\/100|[from] drain|[of] p2a: Heatran\n|-status|p1a: Okidogi|brn|[from] ability: Flame Body|[of] p2a: Heatran\n|-enditem|p2a: Heatran|Air Balloon\n|faint|p2a: Heatran\n|\n|-weather|none\n|-damage|p1a: Okidogi|41\/100 brn|[from] brn\n|upkeep\n|j| 108130958085102a\n|\n|t:|1700533653\n|switch|p2a: Sinistcha|Sinistcha-Masterpiece|100\/100\n|turn|7\n|j| LT_Alt1\n|\n|t:|1700533670\n|move|p1a: Okidogi|Poison Fang|p2a: Sinistcha\n|-damage|p2a: Sinistcha|87\/100\n|move|p2a: Sinistcha|Shadow Ball|p1a: Okidogi\n|-damage|p1a: Okidogi|0 fnt\n|faint|p1a: Okidogi\n|\n|upkeep\n|\n|t:|1700533678\n|switch|p1a: Heatran|Heatran, F|100\/100\n|turn|8\n|\n|t:|1700533685\n|switch|p2a: Tyranitar|Tyranitar, M|92\/100\n|-weather|Sandstorm|[from] ability: Sand Stream|[of] p2a: Tyranitar\n|move|p1a: Heatran|Stealth Rock|p2a: Tyranitar\n|-sidestart|p2: Aggron|move: Stealth Rock\n|\n|-weather|Sandstorm|[upkeep]\n|upkeep\n|turn|9\n|\n|t:|1700533694\n|switch|p1a: Great Tusk|Great Tusk|100\/100\n|move|p2a: Tyranitar|Ice Beam|p1a: Great Tusk\n|-supereffective|p1a: Great Tusk\n|-damage|p1a: Great Tusk|42\/100\n|\n|-weather|Sandstorm|[upkeep]\n|-heal|p1a: Great Tusk|49\/100|[from] item: Leftovers\n|upkeep\n|turn|10\n|\n|t:|1700533701\n|switch|p2a: Sinistcha|Sinistcha-Masterpiece|87\/100\n|move|p1a: Great Tusk|Body Press|p2a: Sinistcha\n|-immune|p2a: Sinistcha\n|\n|-weather|Sandstorm|[upkeep]\n|-damage|p2a: Sinistcha|81\/100|[from] Sandstorm\n|-heal|p1a: Great Tusk|55\/100|[from] item: Leftovers\n|upkeep\n|turn|11\n|\n|t:|1700533710\n|-end|p1a: Great Tusk|Protosynthesis|[silent]\n|switch|p1a: Heatran|Heatran, F|100\/100\n|switch|p2a: Samurott|Samurott-Hisui, F|100\/100\n|\n|-weather|Sandstorm|[upkeep]\n|-damage|p2a: Samurott|94\/100|[from] Sandstorm\n|upkeep\n|turn|12\n|\n|t:|1700533718\n|-terastallize|p1a: Heatran|Grass\n|move|p2a: Samurott|Ceaseless Edge|p1a: Heatran\n|-damage|p1a: Heatran|62\/100\n|-sidestart|p1: you have homework|Spikes\n|move|p1a: Heatran|Magma Storm|p2a: Samurott\n|-resisted|p2a: Samurott\n|-damage|p2a: Samurott|48\/100\n|-activate|p2a: Samurott|move: Magma Storm|[of] p1a: Heatran\n|\n|-weather|none\n|-heal|p1a: Heatran|69\/100|[from] item: Leftovers\n|-damage|p2a: Samurott|36\/100|[from] move: Magma Storm|[partiallytrapped]\n|upkeep\n|turn|13\n|\n|t:|1700533729\n|move|p2a: Samurott|Ceaseless Edge|p1a: Heatran\n|-damage|p1a: Heatran|30\/100\n|-sidestart|p1: you have homework|Spikes\n|move|p1a: Heatran|Earth Power|p2a: Samurott\n|-damage|p2a: Samurott|0 fnt\n|faint|p2a: Samurott\n|\n|-heal|p1a: Heatran|37\/100|[from] item: Leftovers\n|upkeep\n|\n|t:|1700533736\n|switch|p2a: Meowscarada|Meowscarada, F|100\/100\n|-damage|p2a: Meowscarada|88\/100|[from] Stealth Rock\n|turn|14\n|\n|t:|1700533746\n|move|p2a: Meowscarada|U-turn|p1a: Heatran\n|-start|p2a: Meowscarada|typechange|Bug|[from] ability: Protean\n|-supereffective|p1a: Heatran\n|-damage|p1a: Heatran|0 fnt\n|faint|p1a: Heatran\n|\n|t:|1700533765\n|switch|p2a: Rillaboom|Rillaboom, F, shiny|100\/100|[from] U-turn\n|-damage|p2a: Rillaboom|88\/100|[from] Stealth Rock\n|-fieldstart|move: Grassy Terrain|[from] ability: Grassy Surge|[of] p2a: Rillaboom\n|\n|-heal|p2a: Rillaboom|94\/100|[from] Grassy Terrain\n|upkeep\n|\n|t:|1700533772\n|switch|p1a: Mandibuzz|Mandibuzz, F|58\/100\n|turn|15\n|\n|t:|1700533775\n|move|p2a: Rillaboom|U-turn|p1a: Mandibuzz\n|-crit|p1a: Mandibuzz\n|-damage|p1a: Mandibuzz|23\/100\n|\n|t:|1700533781\n|switch|p2a: Tyranitar|Tyranitar, M|92\/100|[from] U-turn\n|-damage|p2a: Tyranitar|80\/100|[from] Stealth Rock\n|-weather|Sandstorm|[from] ability: Sand Stream|[of] p2a: Tyranitar\n|move|p1a: Mandibuzz|Roost|p1a: Mandibuzz\n|-heal|p1a: Mandibuzz|73\/100\n|-singleturn|p1a: Mandibuzz|move: Roost\n|\n|-weather|Sandstorm|[upkeep]\n|-heal|p1a: Mandibuzz|80\/100|[from] Grassy Terrain\n|-heal|p2a: Tyranitar|86\/100|[from] Grassy Terrain\n|upkeep\n|turn|16\n|\n|t:|1700533794\n|move|p1a: Mandibuzz|Defog|p2a: Tyranitar\n|-unboost|p2a: Tyranitar|evasion|1\n|-sideend|p2: Aggron|Stealth Rock|[from] move: Defog|[of] p1a: Mandibuzz\n|-sideend|p1: you have homework|Spikes|[from] move: Defog|[of] p1a: Mandibuzz\n|-fieldend|move: Grassy Terrain\n|move|p2a: Tyranitar|Knock Off|p1a: Mandibuzz\n|-resisted|p1a: Mandibuzz\n|-damage|p1a: Mandibuzz|65\/100\n|-enditem|p1a: Mandibuzz|Heavy-Duty Boots|[from] move: Knock Off|[of] p2a: Tyranitar\n|\n|-weather|Sandstorm|[upkeep]\n|upkeep\n|turn|17\n|l| 108130958085102a\n|\n|t:|1700533804\n|move|p1a: Mandibuzz|Roost|p1a: Mandibuzz\n|-heal|p1a: Mandibuzz|100\/100\n|-singleturn|p1a: Mandibuzz|move: Roost\n|move|p2a: Tyranitar|Ice Beam|p1a: Mandibuzz\n|-damage|p1a: Mandibuzz|82\/100\n|\n|-weather|Sandstorm|[upkeep]\n|upkeep\n|turn|18\n|\n|t:|1700533812\n|move|p1a: Mandibuzz|Foul Play|p2a: Tyranitar\n|-resisted|p2a: Tyranitar\n|-damage|p2a: Tyranitar|68\/100\n|move|p2a: Tyranitar|Ice Beam|p1a: Mandibuzz\n|-supereffective|p1a: Mandibuzz\n|-damage|p1a: Mandibuzz|41\/100\n|\n|-weather|Sandstorm|[upkeep]\n|upkeep\n|turn|19\n|\n|t:|1700533819\n|move|p1a: Mandibuzz|Roost|p1a: Mandibuzz\n|-heal|p1a: Mandibuzz|91\/100\n|-singleturn|p1a: Mandibuzz|move: Roost\n|move|p2a: Tyranitar|Rock Blast|p1a: Mandibuzz\n|-damage|p1a: Mandibuzz|83\/100\n|-damage|p1a: Mandibuzz|75\/100\n|-damage|p1a: Mandibuzz|68\/100\n|-hitcount|p1a: Mandibuzz|3\n|\n|-weather|none\n|upkeep\n|turn|20\n|\n|t:|1700533831\n|switch|p1a: Ting-Lu|Ting-Lu|100\/100\n|-ability|p1a: Ting-Lu|Vessel of Ruin\n|move|p2a: Tyranitar|Ice Beam|p1a: Ting-Lu\n|-supereffective|p1a: Ting-Lu\n|-damage|p1a: Ting-Lu|83\/100\n|\n|-heal|p1a: Ting-Lu|89\/100|[from] item: Leftovers\n|upkeep\n|turn|21\n|\n|t:|1700533841\n|switch|p2a: Rillaboom|Rillaboom, F, shiny|94\/100\n|-fieldstart|move: Grassy Terrain|[from] ability: Grassy Surge|[of] p2a: Rillaboom\n|move|p1a: Ting-Lu|Earthquake|p2a: Rillaboom\n|-resisted|p2a: Rillaboom\n|-damage|p2a: Rillaboom|86\/100\n|\n|-heal|p2a: Rillaboom|92\/100|[from] Grassy Terrain\n|-heal|p1a: Ting-Lu|95\/100|[from] Grassy Terrain\n|-heal|p1a: Ting-Lu|100\/100|[from] item: Leftovers\n|upkeep\n|turn|22\n|\n|t:|1700533852\n|switch|p1a: Mandibuzz|Mandibuzz, F|68\/100\n|-terastallize|p2a: Rillaboom|Grass\n|move|p2a: Rillaboom|Wood Hammer|p1a: Mandibuzz\n|-resisted|p1a: Mandibuzz\n|-damage|p1a: Mandibuzz|18\/100\n|-damage|p2a: Rillaboom|74\/100|[from] Recoil\n|\n|-heal|p2a: Rillaboom|80\/100|[from] Grassy Terrain\n|upkeep\n|turn|23\n|-message|you have homework forfeited.\n|\n|win|Aggron\n|raw|you have homework's rating: 1676 &rarr; <strong>1661<\/strong><br \/>(-15 for losing)\n|raw|Aggron's rating: 1770 &rarr; <strong>1785<\/strong><br \/>(+15 for winning)\n|l|\u2606you have homework\n","uploadtime":1700533876,"views":25,"p1id":"youhavehomework","p2id":"aggron","formatid":"gen9ou","rating":1661,"private":0,"password":""}