{"id":"gen9ou-1988249760","p1":"TismWarrior1","p2":"310YM4N74N3R0","format":"[Gen 9] OU","log":"|j|\u2606TismWarrior1\n|j|\u2606310YM4N74N3R0\n|t:|1699694340\n|gametype|singles\n|player|p1|TismWarrior1|medium|1750\n|player|p2|310YM4N74N3R0|pokemonrangerf|1705\n|teamsize|p1|6\n|teamsize|p2|6\n|gen|9\n|tier|[Gen 9] OU\n|rated|\n|rule|Sleep Clause Mod: Limit one foe put to sleep\n|rule|Species Clause: Limit one of each Pok\u00e9mon\n|rule|OHKO Clause: OHKO moves are banned\n|rule|Evasion Items Clause: Evasion items are banned\n|rule|Evasion Moves Clause: Evasion moves are banned\n|rule|Endless Battle Clause: Forcing endless battles is banned\n|rule|HP Percentage Mod: HP is shown in percentages\n|clearpoke\n|poke|p1|Gliscor, M|\n|poke|p1|Gholdengo|\n|poke|p1|Ogerpon-Wellspring, F|\n|poke|p1|Kingambit, F|\n|poke|p1|Great Tusk|\n|poke|p1|Walking Wake|\n|poke|p2|Clodsire, M|\n|poke|p2|Thundurus-Therian, M|\n|poke|p2|Breloom, F|\n|poke|p2|Ceruledge, F|\n|poke|p2|Slowking, F|\n|poke|p2|Corviknight, M|\n|teampreview\n|inactive|Battle timer is ON: inactive players will automatically lose when time's up. (requested by TismWarrior1)\n|c|\u2606TismWarrior1|hf\n|\n|t:|1699694363\n|start\n|switch|p1a: Gliscor|Gliscor, M|100\/100\n|switch|p2a: Ceruledge|Ceruledge, F|100\/100\n|turn|1\n|\n|t:|1699694369\n|move|p1a: Gliscor|Protect|p1a: Gliscor\n|-singleturn|p1a: Gliscor|Protect\n|move|p2a: Ceruledge|Swords Dance|p2a: Ceruledge\n|-boost|p2a: Ceruledge|atk|2\n|\n|-status|p1a: Gliscor|tox|[from] item: Toxic Orb\n|upkeep\n|turn|2\n|\n|t:|1699694374\n|move|p2a: Ceruledge|Bitter Blade|p1a: Gliscor\n|-damage|p1a: Gliscor|27\/100 tox\n|move|p1a: Gliscor|Toxic|p2a: Ceruledge\n|-status|p2a: Ceruledge|tox\n|\n|-damage|p2a: Ceruledge|94\/100 tox|[from] psn\n|-heal|p1a: Gliscor|39\/100 tox|[from] ability: Poison Heal\n|upkeep\n|turn|3\n|\n|t:|1699694380\n|switch|p1a: Great Tusk|Great Tusk|100\/100\n|move|p2a: Ceruledge|Swords Dance|p2a: Ceruledge\n|-boost|p2a: Ceruledge|atk|2\n|\n|-damage|p2a: Ceruledge|82\/100 tox|[from] psn\n|upkeep\n|turn|4\n|\n|t:|1699694385\n|move|p1a: Great Tusk|Stealth Rock|p2a: Ceruledge\n|-sidestart|p2: 310YM4N74N3R0|move: Stealth Rock\n|move|p2a: Ceruledge|Bitter Blade|p1a: Great Tusk\n|-damage|p1a: Great Tusk|10\/100\n|-heal|p2a: Ceruledge|100\/100 tox|[from] drain|[of] p1a: Great Tusk\n|\n|-heal|p1a: Great Tusk|17\/100|[from] item: Leftovers\n|-damage|p2a: Ceruledge|82\/100 tox|[from] psn\n|upkeep\n|turn|5\n|\n|t:|1699694390\n|-end|p1a: Great Tusk|Protosynthesis|[silent]\n|switch|p1a: Kingambit|Kingambit, F|100\/100\n|move|p2a: Ceruledge|Shadow Sneak|p1a: Kingambit\n|-resisted|p1a: Kingambit\n|-damage|p1a: Kingambit|77\/100\n|\n|-heal|p1a: Kingambit|83\/100|[from] item: Leftovers\n|-damage|p2a: Ceruledge|57\/100 tox|[from] psn\n|upkeep\n|turn|6\n|\n|t:|1699694393\n|move|p1a: Kingambit|Sucker Punch||[still]\n|-fail|p1a: Kingambit\n|move|p2a: Ceruledge|Destiny Bond|p2a: Ceruledge\n|-singlemove|p2a: Ceruledge|Destiny Bond\n|\n|-heal|p1a: Kingambit|89\/100|[from] item: Leftovers\n|-damage|p2a: Ceruledge|26\/100 tox|[from] psn\n|upkeep\n|turn|7\n|\n|t:|1699694406\n|-end|p1a: Kingambit|fallenundefined|[silent]\n|switch|p1a: Walking Wake|Walking Wake|100\/100\n|move|p2a: Ceruledge|Bitter Blade|p1a: Walking Wake\n|-resisted|p1a: Walking Wake\n|-damage|p1a: Walking Wake|59\/100\n|-heal|p2a: Ceruledge|50\/100 tox|[from] drain|[of] p1a: Walking Wake\n|\n|-damage|p2a: Ceruledge|13\/100 tox|[from] psn\n|upkeep\n|turn|8\n|\n|t:|1699694425\n|move|p1a: Walking Wake|Flip Turn|p2a: Ceruledge\n|-supereffective|p2a: Ceruledge\n|-damage|p2a: Ceruledge|0 fnt\n|faint|p2a: Ceruledge\n|\n|t:|1699694431\n|-end|p1a: Walking Wake|Protosynthesis|[silent]\n|switch|p1a: Gliscor|Gliscor, M|39\/100 tox|[from] Flip Turn\n|\n|-heal|p1a: Gliscor|52\/100 tox|[from] ability: Poison Heal\n|upkeep\n|\n|t:|1699694439\n|switch|p2a: Breloom|Breloom, F|100\/100\n|-damage|p2a: Breloom|94\/100|[from] Stealth Rock\n|turn|9\n|\n|t:|1699694447\n|switch|p1a: Gholdengo|Gholdengo|100\/100\n|move|p2a: Breloom|Bullet Seed|p1a: Gholdengo\n|-resisted|p1a: Gholdengo\n|-damage|p1a: Gholdengo|90\/100\n|-resisted|p1a: Gholdengo\n|-damage|p1a: Gholdengo|78\/100\n|-resisted|p1a: Gholdengo\n|-damage|p1a: Gholdengo|67\/100\n|-resisted|p1a: Gholdengo\n|-damage|p1a: Gholdengo|57\/100\n|-resisted|p1a: Gholdengo\n|-damage|p1a: Gholdengo|46\/100\n|-hitcount|p1a: Gholdengo|5\n|\n|upkeep\n|turn|10\n|\n|t:|1699694458\n|switch|p2a: Clodsire|Clodsire, M|100\/100\n|-damage|p2a: Clodsire|94\/100|[from] Stealth Rock\n|move|p1a: Gholdengo|Shadow Ball|p2a: Clodsire\n|-damage|p2a: Clodsire|68\/100\n|\n|-heal|p2a: Clodsire|74\/100|[from] item: Black Sludge\n|upkeep\n|turn|11\n|\n|t:|1699694470\n|move|p1a: Gholdengo|Recover|p1a: Gholdengo\n|-heal|p1a: Gholdengo|96\/100\n|move|p2a: Clodsire|Toxic Spikes|p1a: Gholdengo\n|-sidestart|p1: TismWarrior1|move: Toxic Spikes\n|\n|-heal|p2a: Clodsire|80\/100|[from] item: Black Sludge\n|upkeep\n|turn|12\n|\n|t:|1699694493\n|switch|p1a: Gliscor|Gliscor, M|52\/100 tox\n|move|p2a: Clodsire|Earthquake|p1a: Gliscor\n|-immune|p1a: Gliscor\n|\n|-heal|p2a: Clodsire|86\/100|[from] item: Black Sludge\n|-heal|p1a: Gliscor|64\/100 tox|[from] ability: Poison Heal\n|upkeep\n|turn|13\n|\n|t:|1699694500\n|switch|p2a: Corviknight|Corviknight, M, shiny|100\/100\n|-damage|p2a: Corviknight|88\/100|[from] Stealth Rock\n|move|p1a: Gliscor|Spikes|p2a: Corviknight\n|-sidestart|p2: 310YM4N74N3R0|Spikes\n|\n|-heal|p2a: Corviknight|94\/100|[from] item: Leftovers\n|-heal|p1a: Gliscor|77\/100 tox|[from] ability: Poison Heal\n|upkeep\n|turn|14\n|\n|t:|1699694504\n|switch|p1a: Gholdengo|Gholdengo|96\/100\n|move|p2a: Corviknight|Bulk Up|p2a: Corviknight\n|-boost|p2a: Corviknight|atk|1\n|-boost|p2a: Corviknight|def|1\n|\n|-heal|p2a: Corviknight|99\/100|[from] item: Leftovers\n|upkeep\n|turn|15\n|\n|t:|1699694512\n|move|p1a: Gholdengo|Shadow Ball|p2a: Corviknight\n|-damage|p2a: Corviknight|63\/100\n|move|p2a: Corviknight|Bulk Up|p2a: Corviknight\n|-boost|p2a: Corviknight|atk|1\n|-boost|p2a: Corviknight|def|1\n|\n|-heal|p2a: Corviknight|69\/100|[from] item: Leftovers\n|upkeep\n|turn|16\n|\n|t:|1699694518\n|move|p1a: Gholdengo|Nasty Plot|p1a: Gholdengo\n|-boost|p1a: Gholdengo|spa|2\n|move|p2a: Corviknight|Roost|p2a: Corviknight\n|-heal|p2a: Corviknight|100\/100\n|-singleturn|p2a: Corviknight|move: Roost\n|\n|upkeep\n|turn|17\n|\n|t:|1699694526\n|switch|p2a: Clodsire|Clodsire, M|86\/100\n|-damage|p2a: Clodsire|80\/100|[from] Stealth Rock\n|-damage|p2a: Clodsire|67\/100|[from] Spikes\n|move|p1a: Gholdengo|Shadow Ball|p2a: Clodsire\n|-crit|p2a: Clodsire\n|-damage|p2a: Clodsire|29\/100\n|\n|-heal|p2a: Clodsire|35\/100|[from] item: Black Sludge\n|upkeep\n|turn|18\n|\n|t:|1699694535\n|switch|p1a: Great Tusk|Great Tusk|17\/100\n|-status|p1a: Great Tusk|psn\n|move|p2a: Clodsire|Toxic Spikes|p1a: Great Tusk\n|-sidestart|p1: TismWarrior1|move: Toxic Spikes\n|\n|-heal|p1a: Great Tusk|23\/100 psn|[from] item: Leftovers\n|-heal|p2a: Clodsire|41\/100|[from] item: Black Sludge\n|-damage|p1a: Great Tusk|10\/100 psn|[from] psn\n|upkeep\n|turn|19\n|\n|t:|1699694542\n|move|p1a: Great Tusk|Rapid Spin|p2a: Clodsire\n|-damage|p2a: Clodsire|25\/100\n|-boost|p1a: Great Tusk|spe|1\n|-sideend|p1: TismWarrior1|Toxic Spikes|[from] move: Rapid Spin|[of] p1a: Great Tusk\n|move|p2a: Clodsire|Earthquake|p1a: Great Tusk\n|-damage|p1a: Great Tusk|0 fnt\n|faint|p1a: Great Tusk\n|-end|p1a: Great Tusk|Protosynthesis|[silent]\n|\n|-heal|p2a: Clodsire|31\/100|[from] item: Black Sludge\n|upkeep\n|\n|t:|1699694546\n|switch|p1a: Ogerpon|Ogerpon-Wellspring, F|100\/100\n|turn|20\n|\n|t:|1699694550\n|move|p1a: Ogerpon|Swords Dance|p1a: Ogerpon\n|-boost|p1a: Ogerpon|atk|2\n|move|p2a: Clodsire|Toxic Spikes|p1a: Ogerpon\n|-sidestart|p1: TismWarrior1|move: Toxic Spikes\n|\n|-heal|p2a: Clodsire|37\/100|[from] item: Black Sludge\n|upkeep\n|turn|21\n|\n|t:|1699694554\n|move|p1a: Ogerpon|Ivy Cudgel|p2a: Clodsire\n|-supereffective|p2a: Clodsire\n|-damage|p2a: Clodsire|0 fnt\n|faint|p2a: Clodsire\n|\n|upkeep\n|\n|t:|1699694561\n|switch|p2a: Thundurus|Thundurus-Therian, M|100\/100\n|-damage|p2a: Thundurus|76\/100|[from] Stealth Rock\n|turn|22\n|\n|t:|1699694570\n|move|p2a: Thundurus|Volt Switch|p1a: Ogerpon\n|-damage|p1a: Ogerpon|51\/100\n|\n|t:|1699694583\n|switch|p2a: Slowking|Slowking, F|100\/100|[from] Volt Switch\n|-damage|p2a: Slowking|88\/100|[from] Stealth Rock\n|-damage|p2a: Slowking|76\/100|[from] Spikes\n|move|p1a: Ogerpon|Ivy Cudgel|p2a: Slowking\n|-resisted|p2a: Slowking\n|-damage|p2a: Slowking|10\/100\n|\n|upkeep\n|turn|23\n|\n|t:|1699694590\n|move|p1a: Ogerpon|Horn Leech|p2a: Slowking\n|-supereffective|p2a: Slowking\n|-crit|p2a: Slowking\n|-damage|p2a: Slowking|0 fnt\n|-heal|p1a: Ogerpon|56\/100|[from] drain|[of] p2a: Slowking\n|faint|p2a: Slowking\n|\n|upkeep\n|\n|t:|1699694594\n|switch|p2a: Thundurus|Thundurus-Therian, M|76\/100\n|-damage|p2a: Thundurus|51\/100|[from] Stealth Rock\n|turn|24\n|\n|t:|1699694603\n|-terastallize|p2a: Thundurus|Flying\n|move|p2a: Thundurus|Tera Blast|p1a: Ogerpon|[anim] Tera Blast Flying\n|-supereffective|p1a: Ogerpon\n|-damage|p1a: Ogerpon|0 fnt\n|faint|p1a: Ogerpon\n|\n|upkeep\n|inactive|TismWarrior1 has 120 seconds left.\n|\n|t:|1699694640\n|switch|p1a: Kingambit|Kingambit, F|89\/100\n|-activate|p1a: Kingambit|ability: Supreme Overlord\n|-start|p1a: Kingambit|fallen2|[silent]\n|turn|25\n|inactive|TismWarrior1 has 120 seconds left.\n|\n|t:|1699694646\n|switch|p2a: Corviknight|Corviknight, M, shiny|100\/100\n|-damage|p2a: Corviknight|88\/100|[from] Stealth Rock\n|move|p1a: Kingambit|Iron Head|p2a: Corviknight\n|-resisted|p2a: Corviknight\n|-damage|p2a: Corviknight|68\/100\n|\n|-heal|p2a: Corviknight|74\/100|[from] item: Leftovers\n|-heal|p1a: Kingambit|95\/100|[from] item: Leftovers\n|upkeep\n|turn|26\n|\n|t:|1699694651\n|-end|p1a: Kingambit|fallen2|[silent]\n|switch|p1a: Gholdengo|Gholdengo|96\/100\n|move|p2a: Corviknight|Bulk Up|p2a: Corviknight\n|-boost|p2a: Corviknight|atk|1\n|-boost|p2a: Corviknight|def|1\n|\n|-heal|p2a: Corviknight|80\/100|[from] item: Leftovers\n|upkeep\n|turn|27\n|\n|t:|1699694654\n|move|p1a: Gholdengo|Shadow Ball|p2a: Corviknight\n|-damage|p2a: Corviknight|41\/100\n|move|p2a: Corviknight|Bulk Up|p2a: Corviknight\n|-boost|p2a: Corviknight|atk|1\n|-boost|p2a: Corviknight|def|1\n|\n|-heal|p2a: Corviknight|47\/100|[from] item: Leftovers\n|upkeep\n|turn|28\n|\n|t:|1699694662\n|move|p1a: Gholdengo|Shadow Ball|p2a: Corviknight\n|-damage|p2a: Corviknight|9\/100\n|move|p2a: Corviknight|Power Trip|p1a: Gholdengo\n|-supereffective|p1a: Gholdengo\n|-crit|p1a: Gholdengo\n|-damage|p1a: Gholdengo|0 fnt\n|faint|p1a: Gholdengo\n|\n|-heal|p2a: Corviknight|15\/100|[from] item: Leftovers\n|upkeep\n|j| lgang007\n|\n|t:|1699694673\n|switch|p1a: Walking Wake|Walking Wake|59\/100\n|-status|p1a: Walking Wake|psn\n|turn|29\n|\n|t:|1699694681\n|move|p1a: Walking Wake|Draco Meteor|p2a: Corviknight\n|-resisted|p2a: Corviknight\n|-crit|p2a: Corviknight\n|-damage|p2a: Corviknight|0 fnt\n|-unboost|p1a: Walking Wake|spa|2\n|faint|p2a: Corviknight\n|\n|-damage|p1a: Walking Wake|47\/100 psn|[from] psn\n|upkeep\n|\n|t:|1699694697\n|switch|p2a: Thundurus|Thundurus-Therian, M, tera:Flying|51\/100\n|-damage|p2a: Thundurus|26\/100|[from] Stealth Rock\n|turn|30\n|\n|t:|1699694704\n|move|p2a: Thundurus|Tera Blast|p1a: Walking Wake|[anim] Tera Blast Flying\n|-damage|p1a: Walking Wake|0 fnt\n|faint|p1a: Walking Wake\n|-end|p1a: Walking Wake|Protosynthesis|[silent]\n|\n|upkeep\n|\n|t:|1699694705\n|switch|p1a: Kingambit|Kingambit, F|95\/100\n|-activate|p1a: Kingambit|ability: Supreme Overlord\n|-start|p1a: Kingambit|fallen4|[silent]\n|turn|31\n|\n|t:|1699694712\n|move|p1a: Kingambit|Sucker Punch|p2a: Thundurus\n|-damage|p2a: Thundurus|0 fnt\n|faint|p2a: Thundurus\n|\n|-heal|p1a: Kingambit|100\/100|[from] item: Leftovers\n|upkeep\n|\n|t:|1699694715\n|switch|p2a: Breloom|Breloom, F|94\/100\n|-damage|p2a: Breloom|88\/100|[from] Stealth Rock\n|-damage|p2a: Breloom|76\/100|[from] Spikes\n|turn|32\n|\n|t:|1699694719\n|-terastallize|p1a: Kingambit|Flying\n|move|p2a: Breloom|Spore|p1a: Kingambit\n|-status|p1a: Kingambit|slp|[from] move: Spore\n|cant|p1a: Kingambit|slp\n|\n|upkeep\n|turn|33\n|\n|t:|1699694724\n|move|p2a: Breloom|Rock Tomb|p1a: Kingambit\n|-supereffective|p1a: Kingambit\n|-damage|p1a: Kingambit|47\/100 slp\n|-unboost|p1a: Kingambit|spe|1\n|-curestatus|p1a: Kingambit|slp|[msg]\n|move|p1a: Kingambit|Iron Head|p2a: Breloom\n|-damage|p2a: Breloom|0 fnt\n|faint|p2a: Breloom\n|\n|win|TismWarrior1\n|raw|TismWarrior1's rating: 1750 &rarr; <strong>1767<\/strong><br \/>(+17 for winning)\n|raw|310YM4N74N3R0's rating: 1705 &rarr; <strong>1688<\/strong><br \/>(-17 for losing)\n|c|\u2606TismWarrior1|gg\n|l|\u2606310YM4N74N3R0\n","uploadtime":1699694736,"views":16,"p1id":"tismwarrior1","p2id":"310ym4n74n3r0","formatid":"gen9ou","rating":1688,"private":0,"password":""}