{"id":"gen9ou-1992433062","p1":"aWildTito","p2":"Aceman2798","format":"[Gen 9] OU","log":"|j|\u2606aWildTito\n|j|\u2606Aceman2798\n|t:|1700186988\n|gametype|singles\n|player|p1|aWildTito|benga|\n|player|p2|Aceman2798|acetrainer-gen4dp|\n|teamsize|p1|4\n|teamsize|p2|4\n|gen|9\n|tier|[Gen 9] OU\n|rule|Sleep Clause Mod: Limit one foe put to sleep\n|rule|Species Clause: Limit one of each Pok\u00e9mon\n|rule|OHKO Clause: OHKO moves are banned\n|rule|Evasion Items Clause: Evasion items are banned\n|rule|Evasion Moves Clause: Evasion moves are banned\n|rule|Endless Battle Clause: Forcing endless battles is banned\n|rule|HP Percentage Mod: HP is shown in percentages\n|clearpoke\n|poke|p1|Staraptor, M|\n|poke|p1|Zoroark-Hisui, F|\n|poke|p1|Snorlax, M|\n|poke|p1|Wyrdeer, M|\n|poke|p2|Meowscarada, M|\n|poke|p2|Rillaboom, F|\n|poke|p2|Breloom, M|\n|poke|p2|Abomasnow, M|\n|teampreview\n|inactive|Battle timer is ON: inactive players will automatically lose when time's up. (requested by aWildTito)\n|c|\u2606aWildTito|Sorry fell asleep a little\n|inactive|aWildTito has 270 seconds left.\n|\n|t:|1700187023\n|start\n|switch|p1a: Snorlax|Snorlax, M|100\/100\n|switch|p2a: Meowscarada|Meowscarada, M|100\/100\n|turn|1\n|\n|t:|1700187034\n|move|p2a: Meowscarada|U-turn|p1a: Snorlax\n|-start|p2a: Meowscarada|typechange|Bug|[from] ability: Protean\n|-damage|p1a: Snorlax|72\/100\n|\n|t:|1700187046\n|switch|p2a: Abomasnow|Abomasnow, M|100\/100|[from] U-turn\n|-weather|Snow|[from] ability: Snow Warning|[of] p2a: Abomasnow\n|move|p1a: Snorlax|Body Slam|p2a: Abomasnow\n|-damage|p2a: Abomasnow|85\/100\n|-status|p2a: Abomasnow|par\n|\n|-weather|Snow|[upkeep]\n|-heal|p1a: Snorlax|78\/100|[from] item: Leftovers\n|upkeep\n|turn|2\n|\n|t:|1700187060\n|move|p1a: Snorlax|Curse|p1a: Snorlax\n|-unboost|p1a: Snorlax|spe|1\n|-boost|p1a: Snorlax|atk|1\n|-boost|p1a: Snorlax|def|1\n|move|p2a: Abomasnow|Aurora Veil|p2a: Abomasnow\n|-sidestart|p2: Aceman2798|move: Aurora Veil\n|\n|-weather|Snow|[upkeep]\n|-heal|p1a: Snorlax|84\/100|[from] item: Leftovers\n|upkeep\n|turn|3\n|\n|t:|1700187070\n|move|p2a: Abomasnow|Leech Seed|p1a: Snorlax\n|-start|p1a: Snorlax|move: Leech Seed\n|move|p1a: Snorlax|Curse|p1a: Snorlax\n|-unboost|p1a: Snorlax|spe|1\n|-boost|p1a: Snorlax|atk|1\n|-boost|p1a: Snorlax|def|1\n|\n|-weather|Snow|[upkeep]\n|-heal|p1a: Snorlax|90\/100|[from] item: Leftovers\n|-damage|p1a: Snorlax|78\/100|[from] Leech Seed|[of] p2a: Abomasnow\n|-heal|p2a: Abomasnow|99\/100 par|[silent]\n|upkeep\n|turn|4\n|\n|t:|1700187089\n|switch|p2a: Breloom|Breloom, M|100\/100\n|move|p1a: Snorlax|Curse|p1a: Snorlax\n|-unboost|p1a: Snorlax|spe|1\n|-boost|p1a: Snorlax|atk|1\n|-boost|p1a: Snorlax|def|1\n|\n|-weather|Snow|[upkeep]\n|-heal|p1a: Snorlax|84\/100|[from] item: Leftovers\n|-damage|p1a: Snorlax|71\/100|[from] Leech Seed|[of] p2a: Breloom\n|upkeep\n|turn|5\n|\n|t:|1700187101\n|move|p2a: Breloom|Spore|p1a: Snorlax\n|-status|p1a: Snorlax|slp|[from] move: Spore\n|cant|p1a: Snorlax|slp\n|\n|-weather|none\n|-heal|p1a: Snorlax|77\/100 slp|[from] item: Leftovers\n|-damage|p1a: Snorlax|65\/100 slp|[from] Leech Seed|[of] p2a: Breloom\n|upkeep\n|turn|6\n|\n|t:|1700187111\n|move|p2a: Breloom|Swords Dance|p2a: Breloom\n|-boost|p2a: Breloom|atk|2\n|-curestatus|p1a: Snorlax|slp|[msg]\n|move|p1a: Snorlax|Sleep Talk||[still]\n|-fail|p1a: Snorlax\n|\n|-heal|p1a: Snorlax|71\/100|[from] item: Leftovers\n|-damage|p1a: Snorlax|59\/100|[from] Leech Seed|[of] p2a: Breloom\n|-sideend|p2: Aceman2798|move: Aurora Veil\n|upkeep\n|turn|7\n|c|\u2606aWildTito|Thats bull lmao\n|\n|t:|1700187135\n|move|p2a: Breloom|Spore|p1a: Snorlax\n|-status|p1a: Snorlax|slp|[from] move: Spore\n|cant|p1a: Snorlax|slp\n|move|p1a: Snorlax|Sleep Talk|p1a: Snorlax\n|move|p1a: Snorlax|Curse|p1a: Snorlax|[from]move: Sleep Talk\n|-unboost|p1a: Snorlax|spe|1\n|-boost|p1a: Snorlax|atk|1\n|-boost|p1a: Snorlax|def|1\n|\n|-heal|p1a: Snorlax|65\/100 slp|[from] item: Leftovers\n|-damage|p1a: Snorlax|52\/100 slp|[from] Leech Seed|[of] p2a: Breloom\n|upkeep\n|turn|8\n|\n|t:|1700187154\n|move|p2a: Breloom|Bullet Seed|p1a: Snorlax\n|-damage|p1a: Snorlax|41\/100 slp\n|-damage|p1a: Snorlax|32\/100 slp\n|-damage|p1a: Snorlax|21\/100 slp\n|-damage|p1a: Snorlax|11\/100 slp\n|-damage|p1a: Snorlax|1\/100 slp\n|-hitcount|p1a: Snorlax|5\n|cant|p1a: Snorlax|slp\n|move|p1a: Snorlax|Sleep Talk|p1a: Snorlax\n|move|p1a: Snorlax|Curse|p1a: Snorlax|[from]move: Sleep Talk\n|-unboost|p1a: Snorlax|spe|1\n|-boost|p1a: Snorlax|atk|1\n|-boost|p1a: Snorlax|def|1\n|\n|-heal|p1a: Snorlax|7\/100 slp|[from] item: Leftovers\n|-damage|p1a: Snorlax|0 fnt|[from] Leech Seed|[of] p2a: Breloom\n|faint|p1a: Snorlax\n|upkeep\n|inactive|aWildTito has 270 seconds left.\n|\n|t:|1700187173\n|switch|p1a: Wyrdeer|Wyrdeer, M|100\/100\n|turn|9\n|inactive|aWildTito has 270 seconds left.\n|\n|t:|1700187180\n|move|p2a: Breloom|Mach Punch|p1a: Wyrdeer\n|-immune|p1a: Wyrdeer\n|move|p1a: Wyrdeer|Substitute|p1a: Wyrdeer\n|-start|p1a: Wyrdeer|Substitute\n|-damage|p1a: Wyrdeer|76\/100\n|\n|-heal|p1a: Wyrdeer|82\/100|[from] item: Leftovers\n|upkeep\n|turn|10\n|c|\u2606Aceman2798|oof\n|inactive|aWildTito has 270 seconds left.\n|\n|t:|1700187193\n|move|p1a: Wyrdeer|Flamethrower|p2a: Breloom\n|-supereffective|p2a: Breloom\n|-enditem|p2a: Breloom|Focus Sash\n|-damage|p2a: Breloom|1\/100\n|move|p2a: Breloom|Bullet Seed|p1a: Wyrdeer\n|-end|p1a: Wyrdeer|Substitute\n|-damage|p1a: Wyrdeer|0 fnt\n|replace|p1a: Zoroark|Zoroark-Hisui, F\n|-end|p1a: Zoroark|Illusion\n|faint|p1a: Zoroark\n|-hitcount|p1: Zoroark|2\n|\n|upkeep\n|inactive|aWildTito has 270 seconds left.\n|\n|t:|1700187204\n|switch|p1a: Staraptor|Staraptor, M|100\/100\n|turn|11\n|\n|t:|1700187217\n|move|p1a: Staraptor|Quick Attack|p2a: Breloom\n|-damage|p2a: Breloom|0 fnt\n|faint|p2a: Breloom\n|\n|upkeep\n|\n|t:|1700187223\n|switch|p2a: Meowscarada|Meowscarada, M|100\/100\n|turn|12\n|inactive|aWildTito has 270 seconds left.\n|\n|t:|1700187252\n|switch|p1a: Wyrdeer|Wyrdeer, M|100\/100\n|move|p2a: Meowscarada|Dark Pulse|p1a: Wyrdeer\n|-start|p2a: Meowscarada|typechange|Dark|[from] ability: Protean\n|-supereffective|p1a: Wyrdeer\n|-damage|p1a: Wyrdeer|60\/100\n|\n|-heal|p1a: Wyrdeer|66\/100|[from] item: Leftovers\n|upkeep\n|turn|13\n|inactive|aWildTito has 270 seconds left.\n|\n|t:|1700187267\n|move|p1a: Wyrdeer|Protect|p1a: Wyrdeer\n|-singleturn|p1a: Wyrdeer|Protect\n|move|p2a: Meowscarada|Dark Pulse|p1a: Wyrdeer\n|-activate|p1a: Wyrdeer|move: Protect\n|\n|-heal|p1a: Wyrdeer|72\/100|[from] item: Leftovers\n|upkeep\n|turn|14\n|\n|t:|1700187278\n|move|p2a: Meowscarada|Dark Pulse|p1a: Wyrdeer\n|-supereffective|p1a: Wyrdeer\n|-damage|p1a: Wyrdeer|23\/100\n|move|p1a: Wyrdeer|Lunge|p2a: Meowscarada\n|-supereffective|p2a: Meowscarada\n|-damage|p2a: Meowscarada|39\/100\n|-unboost|p2a: Meowscarada|atk|1\n|\n|-heal|p1a: Wyrdeer|30\/100|[from] item: Leftovers\n|upkeep\n|turn|15\n|\n|t:|1700187293\n|move|p1a: Wyrdeer|Protect|p1a: Wyrdeer\n|-singleturn|p1a: Wyrdeer|Protect\n|move|p2a: Meowscarada|Dark Pulse|p1a: Wyrdeer\n|-activate|p1a: Wyrdeer|move: Protect\n|\n|-heal|p1a: Wyrdeer|36\/100|[from] item: Leftovers\n|upkeep\n|turn|16\n|\n|t:|1700187313\n|move|p2a: Meowscarada|Dark Pulse|p1a: Wyrdeer\n|-supereffective|p1a: Wyrdeer\n|-damage|p1a: Wyrdeer|0 fnt\n|faint|p1a: Wyrdeer\n|\n|upkeep\n|\n|t:|1700187319\n|switch|p1a: Staraptor|Staraptor, M|100\/100\n|turn|17\n|\n|t:|1700187322\n|move|p2a: Meowscarada|Dark Pulse|p1a: Staraptor\n|-damage|p1a: Staraptor|67\/100\n|move|p1a: Staraptor|Brave Bird|p2a: Meowscarada\n|-damage|p2a: Meowscarada|0 fnt\n|faint|p2a: Meowscarada\n|-damage|p1a: Staraptor|55\/100|[from] Recoil\n|\n|upkeep\n|\n|t:|1700187332\n|switch|p2a: Abomasnow|Abomasnow, M|99\/100 par\n|-weather|Snow|[from] ability: Snow Warning|[of] p2a: Abomasnow\n|turn|18\n|\n|t:|1700187339\n|move|p1a: Staraptor|Brave Bird|p2a: Abomasnow\n|-supereffective|p2a: Abomasnow\n|-damage|p2a: Abomasnow|32\/100 par\n|-damage|p1a: Staraptor|28\/100|[from] Recoil\n|move|p2a: Abomasnow|Avalanche|p1a: Staraptor\n|-supereffective|p1a: Staraptor\n|-damage|p1a: Staraptor|0 fnt\n|faint|p1a: Staraptor\n|\n|win|Aceman2798\n","uploadtime":1700187353,"views":19,"p1id":"awildtito","p2id":"aceman2798","formatid":"gen9ou","rating":0,"private":0,"password":""}