{"id":"gen9ou-1993225175","p1":"Macattacka","p2":"derevocsidi","format":"[Gen 9] OU","log":"|j|\u2606Macattacka\n|j|\u2606derevocsidi\n|t:|1700280506\n|gametype|singles\n|player|p1|Macattacka|1|1268\n|player|p2|derevocsidi|n|1302\n|teamsize|p1|6\n|teamsize|p2|6\n|gen|9\n|tier|[Gen 9] OU\n|rated|\n|rule|Sleep Clause Mod: Limit one foe put to sleep\n|rule|Species Clause: Limit one of each Pok\u00e9mon\n|rule|OHKO Clause: OHKO moves are banned\n|rule|Evasion Items Clause: Evasion items are banned\n|rule|Evasion Moves Clause: Evasion moves are banned\n|rule|Endless Battle Clause: Forcing endless battles is banned\n|rule|HP Percentage Mod: HP is shown in percentages\n|clearpoke\n|poke|p1|Ceruledge, M|\n|poke|p1|Ribombee, M|\n|poke|p1|Meowscarada, M|\n|poke|p1|Toedscruel, F|\n|poke|p1|Alomomola, F|\n|poke|p1|Iron Valiant|\n|poke|p2|Gholdengo|\n|poke|p2|Great Tusk|\n|poke|p2|Azumarill, M|\n|poke|p2|Zapdos|\n|poke|p2|Samurott, F|\n|poke|p2|Arcanine-Hisui, F|\n|teampreview\n|inactive|Battle timer is ON: inactive players will automatically lose when time's up. (requested by derevocsidi)\n|inactive|Macattacka has 120 seconds left.\n|\n|t:|1700280541\n|start\n|switch|p1a: Ribombee|Ribombee, M|100\/100\n|switch|p2a: UU.|Arcanine-Hisui, F|100\/100\n|-ability|p2a: UU.|Intimidate|boost\n|-unboost|p1a: Ribombee|atk|1\n|-item|p2a: UU.|Air Balloon\n|turn|1\n|\n|t:|1700280554\n|move|p1a: Ribombee|Sticky Web|p2a: UU.\n|-sidestart|p2: derevocsidi|move: Sticky Web\n|move|p2a: UU.|Flare Blitz|p1a: Ribombee\n|-supereffective|p1a: Ribombee\n|-enditem|p1a: Ribombee|Focus Sash\n|-damage|p1a: Ribombee|1\/100\n|-damage|p2a: UU.|75\/100|[from] Recoil\n|\n|upkeep\n|turn|2\n|\n|t:|1700280562\n|switch|p1a: Alomomola|Alomomola, F|100\/100\n|move|p2a: UU.|Stealth Rock|p1a: Alomomola\n|-sidestart|p1: Macattacka|move: Stealth Rock\n|\n|upkeep\n|turn|3\n|\n|t:|1700280571\n|switch|p2a: Zapdos|Zapdos|100\/100\n|-ability|p2a: Zapdos|Pressure\n|move|p1a: Alomomola|Scald|p2a: Zapdos\n|-damage|p2a: Zapdos|84\/100\n|\n|upkeep\n|turn|4\n|\n|t:|1700280580\n|switch|p1a: Toedscruel|Toedscruel, F|100\/100\n|-damage|p1a: Toedscruel|94\/100|[from] Stealth Rock\n|move|p2a: Zapdos|Discharge|p1a: Toedscruel\n|-immune|p1a: Toedscruel\n|\n|-heal|p1a: Toedscruel|100\/100|[from] item: Leftovers\n|upkeep\n|turn|5\n|\n|t:|1700280598\n|move|p2a: Zapdos|Hurricane|p1a: Toedscruel\n|-supereffective|p1a: Toedscruel\n|-damage|p1a: Toedscruel|30\/100\n|move|p1a: Toedscruel|Toxic Spikes|p2a: Zapdos\n|-sidestart|p2: derevocsidi|move: Toxic Spikes\n|\n|-heal|p1a: Toedscruel|36\/100|[from] item: Leftovers\n|upkeep\n|turn|6\n|\n|t:|1700280607\n|move|p2a: Zapdos|Hurricane|p1a: Toedscruel\n|-supereffective|p1a: Toedscruel\n|-damage|p1a: Toedscruel|0 fnt\n|faint|p1a: Toedscruel\n|\n|upkeep\n|\n|t:|1700280627\n|switch|p1a: Meowscarada|Meowscarada, M|100\/100\n|-damage|p1a: Meowscarada|88\/100|[from] Stealth Rock\n|turn|7\n|\n|t:|1700280636\n|move|p1a: Meowscarada|Knock Off|p2a: Zapdos\n|-start|p1a: Meowscarada|typechange|Dark|[from] ability: Protean\n|-damage|p2a: Zapdos|17\/100\n|-enditem|p2a: Zapdos|Heavy-Duty Boots|[from] move: Knock Off|[of] p1a: Meowscarada\n|-damage|p1a: Meowscarada|78\/100|[from] item: Life Orb\n|move|p2a: Zapdos|Roost|p2a: Zapdos\n|-heal|p2a: Zapdos|67\/100\n|-singleturn|p2a: Zapdos|move: Roost\n|\n|upkeep\n|turn|8\n|\n|t:|1700280650\n|move|p1a: Meowscarada|Play Rough|p2a: Zapdos\n|-damage|p2a: Zapdos|23\/100\n|-damage|p1a: Meowscarada|68\/100|[from] item: Life Orb\n|move|p2a: Zapdos|Roost|p2a: Zapdos\n|-heal|p2a: Zapdos|73\/100\n|-singleturn|p2a: Zapdos|move: Roost\n|\n|upkeep\n|turn|9\n|\n|t:|1700280658\n|move|p1a: Meowscarada|Flower Trick|p2a: Zapdos\n|-resisted|p2a: Zapdos\n|-crit|p2a: Zapdos\n|-damage|p2a: Zapdos|49\/100\n|-damage|p1a: Meowscarada|59\/100|[from] item: Life Orb\n|move|p2a: Zapdos|Discharge|p1a: Meowscarada\n|-damage|p1a: Meowscarada|0 fnt\n|faint|p1a: Meowscarada\n|\n|upkeep\n|\n|t:|1700280668\n|switch|p1a: Iron Valiant|Iron Valiant|100\/100\n|-damage|p1a: Iron Valiant|94\/100|[from] Stealth Rock\n|-enditem|p1a: Iron Valiant|Booster Energy\n|-activate|p1a: Iron Valiant|ability: Quark Drive|[fromitem]\n|-start|p1a: Iron Valiant|quarkdrivespe\n|turn|10\n|\n|t:|1700280678\n|move|p1a: Iron Valiant|Moonblast|p2a: Zapdos\n|-crit|p2a: Zapdos\n|-damage|p2a: Zapdos|0 fnt\n|faint|p2a: Zapdos\n|\n|upkeep\n|\n|t:|1700280685\n|switch|p2a: Gholdengo|Gholdengo|100\/100\n|-activate|p2a: Gholdengo|move: Sticky Web\n|-unboost|p2a: Gholdengo|spe|1\n|turn|11\n|\n|t:|1700280692\n|move|p1a: Iron Valiant|Shadow Ball|p2a: Gholdengo\n|-supereffective|p2a: Gholdengo\n|-damage|p2a: Gholdengo|44\/100\n|move|p2a: Gholdengo|Make It Rain|p1a: Iron Valiant\n|-supereffective|p1a: Iron Valiant\n|-damage|p1a: Iron Valiant|0 fnt\n|-unboost|p2a: Gholdengo|spa|1\n|faint|p1a: Iron Valiant\n|-end|p1a: Iron Valiant|Quark Drive|[silent]\n|\n|upkeep\n|\n|t:|1700280701\n|switch|p1a: Ceruledge|Ceruledge, M|100\/100\n|-damage|p1a: Ceruledge|76\/100|[from] Stealth Rock\n|turn|12\n|\n|t:|1700280710\n|switch|p2a: UU.|Arcanine-Hisui, F|75\/100\n|-ability|p2a: UU.|Intimidate|boost\n|-unboost|p1a: Ceruledge|atk|1\n|-item|p2a: UU.|Air Balloon\n|-terastallize|p1a: Ceruledge|Flying\n|move|p1a: Ceruledge|Swords Dance|p1a: Ceruledge\n|-boost|p1a: Ceruledge|atk|2\n|\n|upkeep\n|turn|13\n|\n|t:|1700280724\n|move|p2a: UU.|Flare Blitz|p1a: Ceruledge\n|-damage|p1a: Ceruledge|0 fnt\n|faint|p1a: Ceruledge\n|-damage|p2a: UU.|53\/100|[from] Recoil\n|\n|upkeep\n|-message|Macattacka forfeited.\n|\n|win|derevocsidi\n|raw|Macattacka's rating: 1268 &rarr; <strong>1245<\/strong><br \/>(-23 for losing)\n|raw|derevocsidi's rating: 1302 &rarr; <strong>1320<\/strong><br \/>(+18 for winning)\n|l|\u2606Macattacka\n","uploadtime":1700280739,"views":12,"p1id":"macattacka","p2id":"derevocsidi","formatid":"gen9ou","rating":1245,"private":0,"password":""}