{"id":"gen9ou-1989316969","p1":"BenBekigu","p2":"kingsolarblade","format":"[Gen 9] OU","log":"|j|\u2606BenBekigu\n|j|\u2606kingsolarblade\n|t:|1699835601\n|gametype|singles\n|player|p1|BenBekigu|shauntal|1150\n|player|p2|kingsolarblade|wattson|1124\n|teamsize|p1|6\n|teamsize|p2|6\n|gen|9\n|tier|[Gen 9] OU\n|rated|\n|rule|Sleep Clause Mod: Limit one foe put to sleep\n|rule|Species Clause: Limit one of each Pok\u00e9mon\n|rule|OHKO Clause: OHKO moves are banned\n|rule|Evasion Items Clause: Evasion items are banned\n|rule|Evasion Moves Clause: Evasion moves are banned\n|rule|Endless Battle Clause: Forcing endless battles is banned\n|rule|HP Percentage Mod: HP is shown in percentages\n|clearpoke\n|poke|p1|Ting-Lu|\n|poke|p1|Ogerpon-Wellspring, F|\n|poke|p1|Great Tusk|\n|poke|p1|Sneasler, F|\n|poke|p1|Alomomola, F|\n|poke|p1|Cinderace, M|\n|poke|p2|Greninja-*, M|\n|poke|p2|Ninetales-Alola, F|\n|poke|p2|Corviknight, M|\n|poke|p2|Iron Moth|\n|poke|p2|Gholdengo|\n|poke|p2|Ribombee, F|\n|teampreview\n|\n|t:|1699835614\n|start\n|switch|p1a: Great Tusk|Great Tusk|100\/100\n|switch|p2a: Ribombee|Ribombee, F|100\/100\n|turn|1\n|\n|t:|1699835630\n|move|p2a: Ribombee|Sticky Web|p1a: Great Tusk\n|-sidestart|p1: BenBekigu|move: Sticky Web\n|move|p1a: Great Tusk|Rapid Spin|p2a: Ribombee\n|-damage|p2a: Ribombee|63\/100\n|-boost|p1a: Great Tusk|spe|1\n|-sideend|p1: BenBekigu|Sticky Web|[from] move: Rapid Spin|[of] p1a: Great Tusk\n|\n|upkeep\n|turn|2\n|\n|t:|1699835646\n|move|p1a: Great Tusk|Headlong Rush|p2a: Ribombee\n|-resisted|p2a: Ribombee\n|-damage|p2a: Ribombee|6\/100\n|-unboost|p1a: Great Tusk|def|1\n|-unboost|p1a: Great Tusk|spd|1\n|move|p2a: Ribombee|Stun Spore|p1a: Great Tusk\n|-status|p1a: Great Tusk|par\n|\n|upkeep\n|turn|3\n|\n|t:|1699835656\n|switch|p2a: Ninetales|Ninetales-Alola, F|100\/100\n|-weather|Snow|[from] ability: Snow Warning|[of] p2a: Ninetales\n|move|p1a: Great Tusk|Rapid Spin|p2a: Ninetales\n|-damage|p2a: Ninetales|87\/100\n|-boost|p1a: Great Tusk|spe|1\n|\n|-weather|Snow|[upkeep]\n|upkeep\n|turn|4\n|\n|t:|1699835676\n|-end|p1a: Great Tusk|Protosynthesis|[silent]\n|switch|p1a: Cinderace|Cinderace, M|100\/100\n|move|p2a: Ninetales|Aurora Veil|p2a: Ninetales\n|-sidestart|p2: kingsolarblade|move: Aurora Veil\n|\n|-weather|Snow|[upkeep]\n|upkeep\n|turn|5\n|\n|t:|1699835682\n|switch|p2a: Greninja|Greninja, M|100\/100\n|move|p1a: Cinderace|Court Change|p1a: Cinderace\n|-start|p1a: Cinderace|typechange|Normal|[from] ability: Libero\n|-swapsideconditions\n|-activate|p1a: Cinderace|move: Court Change\n|\n|-weather|Snow|[upkeep]\n|upkeep\n|turn|6\n|\n|t:|1699835692\n|move|p2a: Greninja|Swords Dance|p2a: Greninja\n|-boost|p2a: Greninja|atk|2\n|move|p1a: Cinderace|U-turn|p2a: Greninja\n|-supereffective|p2a: Greninja\n|-damage|p2a: Greninja|23\/100\n|-enditem|p2a: Greninja|Aguav Berry|[eat]\n|-heal|p2a: Greninja|57\/100|[from] item: Aguav Berry\n|\n|t:|1699835703\n|switch|p1a: Ogerpon|Ogerpon-Wellspring, F|100\/100|[from] U-turn\n|\n|-weather|Snow|[upkeep]\n|upkeep\n|turn|7\n|\n|t:|1699835725\n|switch|p2a: Ninetales|Ninetales-Alola, F|87\/100\n|move|p1a: Ogerpon|Trailblaze|p2a: Ninetales\n|-damage|p2a: Ninetales|64\/100\n|-boost|p1a: Ogerpon|spe|1\n|\n|-weather|none\n|upkeep\n|turn|8\n|\n|t:|1699835740\n|move|p1a: Ogerpon|Swords Dance|p1a: Ogerpon\n|-boost|p1a: Ogerpon|atk|2\n|move|p2a: Ninetales|Freeze-Dry|p1a: Ogerpon\n|-supereffective|p1a: Ogerpon\n|-damage|p1a: Ogerpon|56\/100\n|\n|upkeep\n|turn|9\n|\n|t:|1699835769\n|switch|p2a: Corviknight|Corviknight, M|100\/100\n|move|p1a: Ogerpon|Horn Leech|p2a: Corviknight\n|-resisted|p2a: Corviknight\n|-damage|p2a: Corviknight|83\/100\n|-heal|p1a: Ogerpon|68\/100|[from] drain|[of] p2a: Corviknight\n|\n|-heal|p2a: Corviknight|89\/100|[from] item: Leftovers\n|upkeep\n|turn|10\n|\n|t:|1699835777\n|-terastallize|p1a: Ogerpon|Water\n|detailschange|p1a: Ogerpon|Ogerpon-Wellspring-Tera, F, tera:Water\n|-ability|p1a: Ogerpon|Embody Aspect (Wellspring)|boost\n|-boost|p1a: Ogerpon|spd|1\n|move|p1a: Ogerpon|Ivy Cudgel|p2a: Corviknight\n|-damage|p2a: Corviknight|0 fnt\n|faint|p2a: Corviknight\n|\n|upkeep\n|\n|t:|1699835785\n|switch|p2a: Ninetales|Ninetales-Alola, F|64\/100\n|-weather|Snow|[from] ability: Snow Warning|[of] p2a: Ninetales\n|turn|11\n|\n|t:|1699835792\n|move|p1a: Ogerpon|Horn Leech|p2a: Ninetales\n|-damage|p2a: Ninetales|0 fnt\n|-heal|p1a: Ogerpon|100\/100|[from] drain|[of] p2a: Ninetales\n|faint|p2a: Ninetales\n|\n|-weather|Snow|[upkeep]\n|-sideend|p1: BenBekigu|move: Aurora Veil\n|upkeep\n|\n|t:|1699835805\n|switch|p2a: Ribombee|Ribombee, F|6\/100\n|turn|12\n|\n|t:|1699835809\n|move|p1a: Ogerpon|Trailblaze|p2a: Ribombee\n|-resisted|p2a: Ribombee\n|-damage|p2a: Ribombee|0 fnt\n|-boost|p1a: Ogerpon|spe|1\n|faint|p2a: Ribombee\n|\n|-weather|Snow|[upkeep]\n|upkeep\n|\n|t:|1699835816\n|switch|p2a: Gholdengo|Gholdengo|100\/100\n|turn|13\n|\n|t:|1699835823\n|move|p1a: Ogerpon|Ivy Cudgel|p2a: Gholdengo\n|-damage|p2a: Gholdengo|0 fnt\n|faint|p2a: Gholdengo\n|\n|-weather|Snow|[upkeep]\n|upkeep\n|\n|t:|1699835827\n|switch|p2a: Greninja|Greninja, M|57\/100\n|turn|14\n|\n|t:|1699835832\n|move|p1a: Ogerpon|Trailblaze|p2a: Greninja\n|-supereffective|p2a: Greninja\n|-damage|p2a: Greninja|0 fnt\n|-boost|p1a: Ogerpon|spe|1\n|faint|p2a: Greninja\n|\n|-weather|Snow|[upkeep]\n|upkeep\n|-message|kingsolarblade forfeited.\n|\n|win|BenBekigu\n|raw|BenBekigu's rating: 1150 &rarr; <strong>1173<\/strong><br \/>(+23 for winning)\n|raw|kingsolarblade's rating: 1124 &rarr; <strong>1101<\/strong><br \/>(-23 for losing)\n|l|\u2606kingsolarblade\n","uploadtime":1699835845,"views":18,"p1id":"benbekigu","p2id":"kingsolarblade","formatid":"gen9ou","rating":1101,"private":0,"password":""}