{"id":"gen9ou-1996470478","p1":"Docter_Peng99","p2":"bruhfam68","format":"[Gen 9] OU","log":"|j|\u2606Docter_Peng99\n|j|\u2606bruhfam68\n|t:|1700685153\n|gametype|singles\n|player|p1|Docter_Peng99|larry|1348\n|player|p2|bruhfam68|266|1329\n|teamsize|p1|6\n|teamsize|p2|6\n|gen|9\n|tier|[Gen 9] OU\n|rated|\n|rule|Sleep Clause Mod: Limit one foe put to sleep\n|rule|Species Clause: Limit one of each Pok\u00e9mon\n|rule|OHKO Clause: OHKO moves are banned\n|rule|Evasion Items Clause: Evasion items are banned\n|rule|Evasion Moves Clause: Evasion moves are banned\n|rule|Endless Battle Clause: Forcing endless battles is banned\n|rule|HP Percentage Mod: HP is shown in percentages\n|clearpoke\n|poke|p1|Garganacl, M|\n|poke|p1|Great Tusk|\n|poke|p1|Iron Moth|\n|poke|p1|Iron Valiant|\n|poke|p1|Dragapult, M|\n|poke|p1|Kingambit, M|\n|poke|p2|Dragapult, M|\n|poke|p2|Great Tusk|\n|poke|p2|Toxapex, M|\n|poke|p2|Cinderace, M|\n|poke|p2|Kingambit, F|\n|poke|p2|Sinistcha|\n|teampreview\n|\n|t:|1700685166\n|start\n|switch|p1a: Ancient Elephant|Great Tusk|100\/100\n|switch|p2a: Cinderace|Cinderace, M|100\/100\n|turn|1\n|\n|t:|1700685176\n|switch|p2a: Toxapex|Toxapex, M|100\/100\n|move|p1a: Ancient Elephant|Earthquake|p2a: Toxapex\n|-supereffective|p2a: Toxapex\n|-damage|p2a: Toxapex|23\/100\n|\n|-heal|p2a: Toxapex|29\/100|[from] item: Leftovers\n|upkeep\n|turn|2\n|\n|t:|1700685180\n|switch|p2a: Sinistcha|Sinistcha|100\/100\n|move|p1a: Ancient Elephant|Rapid Spin|p2a: Sinistcha\n|-immune|p2a: Sinistcha\n|\n|upkeep\n|turn|3\n|\n|t:|1700685186\n|move|p1a: Ancient Elephant|Knock Off|p2a: Sinistcha\n|-supereffective|p2a: Sinistcha\n|-crit|p2a: Sinistcha\n|-damage|p2a: Sinistcha|22\/100\n|-enditem|p2a: Sinistcha|Leftovers|[from] move: Knock Off|[of] p1a: Ancient Elephant\n|move|p2a: Sinistcha|Matcha Gotcha|p1a: Ancient Elephant\n|-supereffective|p1a: Ancient Elephant\n|-damage|p1a: Ancient Elephant|48\/100\n|-heal|p2a: Sinistcha|56\/100|[from] drain|[of] p1a: Ancient Elephant\n|\n|upkeep\n|turn|4\n|\n|t:|1700685195\n|move|p1a: Ancient Elephant|Ice Spinner|p2a: Sinistcha\n|-supereffective|p2a: Sinistcha\n|-damage|p2a: Sinistcha|9\/100\n|move|p2a: Sinistcha|Strength Sap|p1a: Ancient Elephant\n|-unboost|p1a: Ancient Elephant|atk|1\n|-heal|p2a: Sinistcha|100\/100\n|\n|upkeep\n|turn|5\n|\n|t:|1700685202\n|move|p1a: Ancient Elephant|Ice Spinner|p2a: Sinistcha\n|-supereffective|p2a: Sinistcha\n|-damage|p2a: Sinistcha|70\/100\n|move|p2a: Sinistcha|Matcha Gotcha|p1a: Ancient Elephant\n|-supereffective|p1a: Ancient Elephant\n|-damage|p1a: Ancient Elephant|0 fnt\n|-heal|p2a: Sinistcha|99\/100|[from] drain|[of] p1a: Ancient Elephant\n|faint|p1a: Ancient Elephant\n|-end|p1a: Ancient Elephant|Protosynthesis|[silent]\n|\n|upkeep\n|\n|t:|1700685205\n|switch|p1a: Solarflare|Iron Moth|100\/100\n|-enditem|p1a: Solarflare|Booster Energy\n|-activate|p1a: Solarflare|ability: Quark Drive|[fromitem]\n|-start|p1a: Solarflare|quarkdrivespe\n|turn|6\n|\n|t:|1700685214\n|switch|p2a: Toxapex|Toxapex, M|62\/100\n|move|p1a: Solarflare|Fiery Dance|p2a: Toxapex\n|-resisted|p2a: Toxapex\n|-damage|p2a: Toxapex|46\/100\n|-boost|p1a: Solarflare|spa|1\n|\n|-heal|p2a: Toxapex|52\/100|[from] item: Leftovers\n|upkeep\n|turn|7\n|\n|t:|1700685221\n|move|p1a: Solarflare|Sludge Wave|p2a: Toxapex\n|-resisted|p2a: Toxapex\n|-damage|p2a: Toxapex|25\/100\n|move|p2a: Toxapex|Surf|p1a: Solarflare\n|-supereffective|p1a: Solarflare\n|-damage|p1a: Solarflare|63\/100\n|\n|-heal|p2a: Toxapex|32\/100|[from] item: Leftovers\n|upkeep\n|turn|8\n|\n|t:|1700685227\n|switch|p2a: Kingambit|Kingambit, F|100\/100\n|move|p1a: Solarflare|Sludge Wave|p2a: Kingambit\n|-immune|p2a: Kingambit\n|\n|upkeep\n|turn|9\n|\n|t:|1700685232\n|-end|p2a: Kingambit|fallenundefined|[silent]\n|switch|p2a: Toxapex|Toxapex, M|65\/100\n|move|p1a: Solarflare|Fiery Dance|p2a: Toxapex\n|-resisted|p2a: Toxapex\n|-damage|p2a: Toxapex|39\/100\n|-boost|p1a: Solarflare|spa|1\n|\n|-heal|p2a: Toxapex|45\/100|[from] item: Leftovers\n|upkeep\n|turn|10\n|\n|t:|1700685237\n|move|p1a: Solarflare|Sludge Wave|p2a: Toxapex\n|-resisted|p2a: Toxapex\n|-damage|p2a: Toxapex|7\/100\n|move|p2a: Toxapex|Haze|p2a: Toxapex\n|-clearallboost\n|\n|-heal|p2a: Toxapex|13\/100|[from] item: Leftovers\n|upkeep\n|turn|11\n|\n|t:|1700685248\n|switch|p2a: Kingambit|Kingambit, F|100\/100\n|move|p1a: Solarflare|Fiery Dance|p2a: Kingambit\n|-supereffective|p2a: Kingambit\n|-crit|p2a: Kingambit\n|-damage|p2a: Kingambit|0 fnt\n|-boost|p1a: Solarflare|spa|1\n|faint|p2a: Kingambit\n|-end|p2a: Kingambit|fallenundefined|[silent]\n|\n|upkeep\n|\n|t:|1700685256\n|switch|p2a: Dragapult|Dragapult, M|100\/100\n|turn|12\n|\n|t:|1700685259\n|move|p1a: Solarflare|Sludge Wave|p2a: Dragapult\n|-resisted|p2a: Dragapult\n|-damage|p2a: Dragapult|51\/100\n|-status|p2a: Dragapult|psn\n|move|p2a: Dragapult|Draco Meteor|p1a: Solarflare\n|-damage|p1a: Solarflare|0 fnt\n|-unboost|p2a: Dragapult|spa|2\n|faint|p1a: Solarflare\n|-end|p1a: Solarflare|Quark Drive|[silent]\n|\n|-damage|p2a: Dragapult|39\/100 psn|[from] psn\n|upkeep\n|\n|t:|1700685261\n|switch|p1a: Wall|Garganacl, M|100\/100\n|turn|13\n|\n|t:|1700685268\n|switch|p2a: Sinistcha|Sinistcha|99\/100\n|move|p1a: Wall|Stealth Rock|p2a: Sinistcha\n|-sidestart|p2: bruhfam68|move: Stealth Rock\n|\n|upkeep\n|turn|14\n|\n|t:|1700685277\n|move|p1a: Wall|Protect|p1a: Wall\n|-singleturn|p1a: Wall|Protect\n|move|p2a: Sinistcha|Matcha Gotcha|p1a: Wall\n|-activate|p1a: Wall|move: Protect\n|\n|upkeep\n|turn|15\n|\n|t:|1700685284\n|switch|p1a: Gotta Sweep|Dragapult, M, shiny|100\/100\n|move|p2a: Sinistcha|Shadow Ball|p1a: Gotta Sweep\n|-supereffective|p1a: Gotta Sweep\n|-damage|p1a: Gotta Sweep|18\/100\n|\n|upkeep\n|turn|16\n|\n|t:|1700685294\n|-terastallize|p2a: Sinistcha|Poison\n|move|p1a: Gotta Sweep|Shadow Ball|p2a: Sinistcha\n|-crit|p2a: Sinistcha\n|-damage|p2a: Sinistcha|5\/100\n|move|p2a: Sinistcha|Shadow Ball|p1a: Gotta Sweep\n|-supereffective|p1a: Gotta Sweep\n|-damage|p1a: Gotta Sweep|0 fnt\n|faint|p1a: Gotta Sweep\n|\n|upkeep\n|\n|t:|1700685300\n|switch|p1a: Metaslayer|Iron Valiant|100\/100\n|-enditem|p1a: Metaslayer|Booster Energy\n|-activate|p1a: Metaslayer|ability: Quark Drive|[fromitem]\n|-start|p1a: Metaslayer|quarkdrivespe\n|turn|17\n|c|\u2606bruhfam68|stop critting bro\n|\n|t:|1700685307\n|move|p1a: Metaslayer|Thunderbolt|p2a: Sinistcha\n|-crit|p2a: Sinistcha\n|-damage|p2a: Sinistcha|0 fnt\n|faint|p2a: Sinistcha\n|\n|upkeep\n|\n|t:|1700685311\n|switch|p2a: Great Tusk|Great Tusk|100\/100\n|turn|18\n|\n|t:|1700685317\n|move|p1a: Metaslayer|Moonblast|p2a: Great Tusk\n|-supereffective|p2a: Great Tusk\n|-damage|p2a: Great Tusk|0 fnt\n|faint|p2a: Great Tusk\n|-end|p2a: Great Tusk|Protosynthesis|[silent]\n|\n|upkeep\n|\n|t:|1700685320\n|switch|p2a: Cinderace|Cinderace, M|100\/100\n|turn|19\n|\n|t:|1700685326\n|move|p1a: Metaslayer|Moonblast|p2a: Cinderace\n|-resisted|p2a: Cinderace\n|-crit|p2a: Cinderace\n|-damage|p2a: Cinderace|47\/100\n|move|p2a: Cinderace|Pyro Ball|p1a: Metaslayer\n|-damage|p1a: Metaslayer|24\/100\n|\n|upkeep\n|turn|20\n|\n|t:|1700685334\n|move|p1a: Metaslayer|Moonblast|p2a: Cinderace\n|-resisted|p2a: Cinderace\n|-damage|p2a: Cinderace|11\/100\n|move|p2a: Cinderace|Pyro Ball|p1a: Metaslayer\n|-damage|p1a: Metaslayer|0 fnt\n|faint|p1a: Metaslayer\n|-end|p1a: Metaslayer|Quark Drive|[silent]\n|\n|upkeep\n|\n|t:|1700685336\n|switch|p1a: Wall|Garganacl, M|100\/100\n|turn|21\n|\n|t:|1700685342\n|move|p2a: Cinderace|U-turn|p1a: Wall\n|-start|p2a: Cinderace|typechange|Bug|[from] ability: Libero\n|-damage|p1a: Wall|85\/100\n|\n|t:|1700685345\n|switch|p2a: Toxapex|Toxapex, M|46\/100|[from] U-turn\n|-damage|p2a: Toxapex|34\/100|[from] Stealth Rock\n|move|p1a: Wall|Salt Cure|p2a: Toxapex\n|-damage|p2a: Toxapex|25\/100\n|-start|p2a: Toxapex|Salt Cure\n|\n|-heal|p1a: Wall|91\/100|[from] item: Leftovers\n|-heal|p2a: Toxapex|31\/100|[from] item: Leftovers\n|-damage|p2a: Toxapex|6\/100|[from] Salt Cure\n|upkeep\n|turn|22\n|-message|bruhfam68 forfeited.\n|\n|win|Docter_Peng99\n|raw|Docter_Peng99's rating: 1348 &rarr; <strong>1367<\/strong><br \/>(+19 for winning)\n|raw|bruhfam68's rating: 1329 &rarr; <strong>1310<\/strong><br \/>(-19 for losing)\n|l|\u2606bruhfam68\n|c|\u2606Docter_Peng99|Someonea salty get it because garganicle is a salt\n|c|\u2606Docter_Peng99|Gg\n","uploadtime":1700685386,"views":22,"p1id":"docterpeng99","p2id":"bruhfam68","formatid":"gen9ou","rating":1310,"private":0,"password":""}