{"id":"gen9ou-1991218034","p1":"ddddqweasd","p2":"P4cM4x","format":"[Gen 9] OU","log":"|j|\u2606ddddqweasd\n|j|\u2606P4cM4x\n|t:|1700058250\n|gametype|singles\n|player|p1|ddddqweasd|gentleman|1081\n|player|p2|P4cM4x|skier|1179\n|teamsize|p1|6\n|teamsize|p2|6\n|gen|9\n|tier|[Gen 9] OU\n|rated|\n|rule|Sleep Clause Mod: Limit one foe put to sleep\n|rule|Species Clause: Limit one of each Pok\u00e9mon\n|rule|OHKO Clause: OHKO moves are banned\n|rule|Evasion Items Clause: Evasion items are banned\n|rule|Evasion Moves Clause: Evasion moves are banned\n|rule|Endless Battle Clause: Forcing endless battles is banned\n|rule|HP Percentage Mod: HP is shown in percentages\n|clearpoke\n|poke|p1|Zapdos|\n|poke|p1|Slowking-Galar, F|\n|poke|p1|Perrserker, M|\n|poke|p1|Great Tusk|\n|poke|p1|Crawdaunt, M|\n|poke|p1|Mandibuzz, F|\n|poke|p2|Gallade, M|\n|poke|p2|Mienshao, M|\n|poke|p2|Iron Hands|\n|poke|p2|Zamazenta-*|\n|poke|p2|Great Tusk|\n|poke|p2|Infernape, M|\n|teampreview\n|inactive|Battle timer is ON: inactive players will automatically lose when time's up. (requested by P4cM4x)\n|\n|t:|1700058274\n|start\n|switch|p1a: Slowking|Slowking-Galar, F|100\/100\n|switch|p2a: Mienshao|Mienshao, M|100\/100\n|turn|1\n|inactive|P4cM4x has 120 seconds left.\n|\n|t:|1700058307\n|move|p2a: Mienshao|Fake Out|p1a: Slowking\n|-damage|p1a: Slowking|92\/100\n|cant|p1a: Slowking|flinch\n|\n|upkeep\n|turn|2\n|\n|t:|1700058312\n|move|p2a: Mienshao|Taunt|p1a: Slowking\n|-start|p1a: Slowking|move: Taunt\n|cant|p1a: Slowking|move: Taunt|Trick Room\n|\n|upkeep\n|turn|3\n|\n|t:|1700058317\n|move|p2a: Mienshao|U-turn|p1a: Slowking\n|-damage|p1a: Slowking|78\/100\n|\n|t:|1700058325\n|switch|p2a: Gallade|Gallade, M|100\/100|[from] U-turn\n|move|p1a: Slowking|Future Sight|p2a: Gallade\n|-start|p1a: Slowking|move: Future Sight\n|\n|upkeep\n|turn|4\n|\n|t:|1700058330\n|switch|p1a: Mandibuzz|Mandibuzz, F|100\/100\n|move|p2a: Gallade|Knock Off|p1a: Mandibuzz\n|-resisted|p1a: Mandibuzz\n|-damage|p1a: Mandibuzz|92\/100\n|-enditem|p1a: Mandibuzz|Heavy-Duty Boots|[from] move: Knock Off|[of] p2a: Gallade\n|\n|upkeep\n|turn|5\n|\n|t:|1700058339\n|switch|p2a: Great Tusk|Great Tusk|100\/100\n|move|p1a: Mandibuzz|Foul Play|p2a: Great Tusk\n|-resisted|p2a: Great Tusk\n|-damage|p2a: Great Tusk|91\/100\n|-damage|p1a: Mandibuzz|76\/100|[from] item: Rocky Helmet|[of] p2a: Great Tusk\n|\n|-end|p2a: Great Tusk|move: Future Sight\n|-supereffective|p2a: Great Tusk\n|-damage|p2a: Great Tusk|0 fnt\n|faint|p2a: Great Tusk\n|-end|p2a: Great Tusk|Protosynthesis|[silent]\n|upkeep\n|\n|t:|1700058353\n|switch|p2a: Iron Hands|Iron Hands|100\/100\n|turn|6\n|\n|t:|1700058368\n|switch|p1a: Great Tusk|Great Tusk, shiny|100\/100\n|move|p2a: Iron Hands|Fake Out|p1a: Great Tusk\n|-damage|p1a: Great Tusk|93\/100\n|\n|-heal|p1a: Great Tusk|99\/100|[from] item: Leftovers\n|upkeep\n|turn|7\n|\n|t:|1700058374\n|move|p1a: Great Tusk|Earthquake|p2a: Iron Hands\n|-supereffective|p2a: Iron Hands\n|-damage|p2a: Iron Hands|42\/100\n|move|p2a: Iron Hands|Ice Punch|p1a: Great Tusk\n|-supereffective|p1a: Great Tusk\n|-damage|p1a: Great Tusk|69\/100\n|\n|-heal|p1a: Great Tusk|76\/100|[from] item: Leftovers\n|-heal|p2a: Iron Hands|48\/100|[from] item: Leftovers\n|upkeep\n|turn|8\n|\n|t:|1700058380\n|-end|p2a: Iron Hands|Quark Drive|[silent]\n|switch|p2a: Mienshao|Mienshao, M|100\/100\n|move|p1a: Great Tusk|Earthquake|p2a: Mienshao\n|-damage|p2a: Mienshao|35\/100\n|\n|-heal|p2a: Mienshao|41\/100|[from] item: Leftovers\n|-heal|p1a: Great Tusk|82\/100|[from] item: Leftovers\n|upkeep\n|turn|9\n|\n|t:|1700058385\n|-end|p1a: Great Tusk|Protosynthesis|[silent]\n|switch|p1a: Slowking|Slowking-Galar, F|100\/100\n|move|p2a: Mienshao|Fake Out|p1a: Slowking\n|-damage|p1a: Slowking|92\/100\n|\n|-heal|p2a: Mienshao|47\/100|[from] item: Leftovers\n|upkeep\n|turn|10\n|\n|t:|1700058389\n|move|p2a: Mienshao|Taunt|p1a: Slowking\n|-start|p1a: Slowking|move: Taunt\n|move|p1a: Slowking|Future Sight|p2a: Mienshao\n|-start|p1a: Slowking|move: Future Sight\n|\n|-heal|p2a: Mienshao|53\/100|[from] item: Leftovers\n|upkeep\n|turn|11\n|\n|t:|1700058394\n|move|p2a: Mienshao|U-turn|p1a: Slowking\n|-damage|p1a: Slowking|77\/100\n|\n|t:|1700058397\n|switch|p2a: Gallade|Gallade, M|100\/100|[from] U-turn\n|move|p1a: Slowking|Ice Beam|p2a: Gallade\n|-damage|p2a: Gallade|90\/100\n|\n|upkeep\n|turn|12\n|\n|t:|1700058404\n|switch|p1a: Mandibuzz|Mandibuzz, F|76\/100\n|move|p2a: Gallade|Knock Off|p1a: Mandibuzz\n|-resisted|p1a: Mandibuzz\n|-damage|p1a: Mandibuzz|71\/100\n|\n|-end|p2a: Gallade|move: Future Sight\n|-damage|p2a: Gallade|69\/100\n|upkeep\n|turn|13\n|\n|t:|1700058410\n|move|p1a: Mandibuzz|Roost|p1a: Mandibuzz\n|-heal|p1a: Mandibuzz|100\/100\n|-singleturn|p1a: Mandibuzz|move: Roost\n|move|p2a: Gallade|Sacred Sword|p1a: Mandibuzz\n|-supereffective|p1a: Mandibuzz\n|-damage|p1a: Mandibuzz|34\/100\n|\n|upkeep\n|turn|14\n|\n|t:|1700058420\n|move|p1a: Mandibuzz|Foul Play|p2a: Gallade\n|-damage|p2a: Gallade|17\/100\n|move|p2a: Gallade|Sacred Sword|p1a: Mandibuzz\n|-damage|p1a: Mandibuzz|4\/100\n|\n|upkeep\n|turn|15\n|\n|t:|1700058428\n|switch|p2a: Iron Hands|Iron Hands|48\/100\n|move|p1a: Mandibuzz|Foul Play|p2a: Iron Hands\n|-resisted|p2a: Iron Hands\n|-damage|p2a: Iron Hands|30\/100\n|\n|-heal|p2a: Iron Hands|36\/100|[from] item: Leftovers\n|upkeep\n|turn|16\n|\n|t:|1700058432\n|move|p2a: Iron Hands|Fake Out|p1a: Mandibuzz\n|-damage|p1a: Mandibuzz|0 fnt\n|faint|p1a: Mandibuzz\n|\n|-heal|p2a: Iron Hands|42\/100|[from] item: Leftovers\n|upkeep\n|\n|t:|1700058436\n|switch|p1a: Great Tusk|Great Tusk, shiny|82\/100\n|turn|17\n|\n|t:|1700058450\n|-end|p2a: Iron Hands|Quark Drive|[silent]\n|switch|p2a: Gallade|Gallade, M|17\/100\n|move|p1a: Great Tusk|Earthquake|p2a: Gallade\n|-damage|p2a: Gallade|0 fnt\n|faint|p2a: Gallade\n|\n|-heal|p1a: Great Tusk|88\/100|[from] item: Leftovers\n|upkeep\n|\n|t:|1700058454\n|switch|p2a: Infernape|Infernape, M|100\/100\n|turn|18\n|inactive|ddddqweasd has 120 seconds left.\n|\n|t:|1700058508\n|move|p2a: Infernape|Nasty Plot|p2a: Infernape\n|-boost|p2a: Infernape|spa|2\n|move|p1a: Great Tusk|Earthquake|p2a: Infernape\n|-supereffective|p2a: Infernape\n|-enditem|p2a: Infernape|Focus Sash\n|-damage|p2a: Infernape|1\/100\n|\n|-heal|p1a: Great Tusk|94\/100|[from] item: Leftovers\n|upkeep\n|turn|19\n|\n|t:|1700058514\n|-end|p1a: Great Tusk|Protosynthesis|[silent]\n|switch|p1a: Perrserker|Perrserker, M|100\/100\n|move|p2a: Infernape|Flamethrower|p1a: Perrserker\n|-supereffective|p1a: Perrserker\n|-damage|p1a: Perrserker|0 fnt\n|faint|p1a: Perrserker\n|\n|upkeep\n|\n|t:|1700058519\n|switch|p1a: Crawdaunt|Crawdaunt, M|100\/100\n|turn|20\n|\n|t:|1700058524\n|switch|p2a: Mienshao|Mienshao, M|86\/100\n|move|p1a: Crawdaunt|Aqua Jet|p2a: Mienshao\n|-damage|p2a: Mienshao|22\/100\n|\n|-heal|p2a: Mienshao|28\/100|[from] item: Leftovers\n|upkeep\n|turn|21\n|inactive|ddddqweasd has 120 seconds left.\n|\n|t:|1700058530\n|move|p2a: Mienshao|Fake Out|p1a: Crawdaunt\n|-damage|p1a: Crawdaunt|87\/100\n|cant|p1a: Crawdaunt|flinch\n|\n|-heal|p2a: Mienshao|34\/100|[from] item: Leftovers\n|upkeep\n|turn|22\n|\n|t:|1700058533\n|move|p1a: Crawdaunt|Aqua Jet|p2a: Mienshao\n|-damage|p2a: Mienshao|0 fnt\n|faint|p2a: Mienshao\n|\n|upkeep\n|\n|t:|1700058535\n|switch|p2a: Zamazenta|Zamazenta|100\/100\n|-ability|p2a: Zamazenta|Dauntless Shield|boost\n|-boost|p2a: Zamazenta|def|1\n|turn|23\n|\n|t:|1700058541\n|switch|p1a: Slowking|Slowking-Galar, F|100\/100\n|move|p2a: Zamazenta|Wild Charge|p1a: Slowking\n|-damage|p1a: Slowking|82\/100\n|-damage|p2a: Zamazenta|95\/100|[from] Recoil\n|\n|upkeep\n|turn|24\n|\n|t:|1700058545\n|move|p2a: Zamazenta|Crunch|p1a: Slowking\n|-supereffective|p1a: Slowking\n|-damage|p1a: Slowking|46\/100\n|-unboost|p1a: Slowking|def|1\n|move|p1a: Slowking|Future Sight|p2a: Zamazenta\n|-start|p1a: Slowking|move: Future Sight\n|\n|upkeep\n|turn|25\n|\n|t:|1700058549\n|switch|p1a: Great Tusk|Great Tusk, shiny|94\/100\n|move|p2a: Zamazenta|Crunch|p1a: Great Tusk\n|-resisted|p1a: Great Tusk\n|-damage|p1a: Great Tusk|89\/100\n|\n|-heal|p1a: Great Tusk|95\/100|[from] item: Leftovers\n|upkeep\n|turn|26\n|\n|t:|1700058557\n|move|p2a: Zamazenta|Psychic Fangs|p1a: Great Tusk\n|-supereffective|p1a: Great Tusk\n|-damage|p1a: Great Tusk|74\/100\n|move|p1a: Great Tusk|Earthquake|p2a: Zamazenta\n|-crit|p2a: Zamazenta\n|-damage|p2a: Zamazenta|31\/100\n|\n|-end|p2a: Zamazenta|move: Future Sight\n|-supereffective|p2a: Zamazenta\n|-damage|p2a: Zamazenta|0 fnt\n|faint|p2a: Zamazenta\n|-heal|p1a: Great Tusk|80\/100|[from] item: Leftovers\n|upkeep\n|\n|t:|1700058564\n|switch|p2a: Iron Hands|Iron Hands|42\/100\n|turn|27\n|\n|t:|1700058567\n|move|p1a: Great Tusk|Earthquake|p2a: Iron Hands\n|-supereffective|p2a: Iron Hands\n|-damage|p2a: Iron Hands|0 fnt\n|faint|p2a: Iron Hands\n|-end|p2a: Iron Hands|Quark Drive|[silent]\n|\n|-heal|p1a: Great Tusk|86\/100|[from] item: Leftovers\n|upkeep\n|\n|t:|1700058571\n|switch|p2a: Infernape|Infernape, M|1\/100\n|turn|28\n|\n|t:|1700058574\n|-terastallize|p2a: Infernape|Fire\n|move|p2a: Infernape|Flamethrower|p1a: Great Tusk\n|-damage|p1a: Great Tusk|0 fnt\n|faint|p1a: Great Tusk\n|-end|p1a: Great Tusk|Protosynthesis|[silent]\n|\n|upkeep\n|-message|P4cM4x forfeited.\n|\n|win|ddddqweasd\n|raw|ddddqweasd's rating: 1081 &rarr; <strong>1117<\/strong><br \/>(+36 for winning)\n|raw|P4cM4x's rating: 1179 &rarr; <strong>1147<\/strong><br \/>(-32 for losing)\n|l|\u2606P4cM4x\n","uploadtime":1700058581,"views":4,"p1id":"ddddqweasd","p2id":"p4cm4x","formatid":"gen9ou","rating":1117,"private":0,"password":""}