{"id":"gen9ou-1996545931","p1":"Mr.Shadowdusk","p2":"CalistoYew21","format":"[Gen 9] OU","log":"|j|\u2606Mr.Shadowdusk\n|j|\u2606CalistoYew21\n|t:|1700692775\n|gametype|singles\n|player|p1|Mr.Shadowdusk|ghetsis|1419\n|player|p2|CalistoYew21|mars|1424\n|teamsize|p1|6\n|teamsize|p2|6\n|gen|9\n|tier|[Gen 9] OU\n|rated|\n|rule|Sleep Clause Mod: Limit one foe put to sleep\n|rule|Species Clause: Limit one of each Pok\u00e9mon\n|rule|OHKO Clause: OHKO moves are banned\n|rule|Evasion Items Clause: Evasion items are banned\n|rule|Evasion Moves Clause: Evasion moves are banned\n|rule|Endless Battle Clause: Forcing endless battles is banned\n|rule|HP Percentage Mod: HP is shown in percentages\n|clearpoke\n|poke|p1|Hatterene, F|\n|poke|p1|Kingambit, M|\n|poke|p1|Thundurus-Therian, M|\n|poke|p1|Dondozo, M|\n|poke|p1|Goodra-Hisui, M|\n|poke|p1|Cinderace, M|\n|poke|p2|Alomomola, F|\n|poke|p2|Slowking-Galar, F|\n|poke|p2|Kingambit, F|\n|poke|p2|Great Tusk|\n|poke|p2|Cinderace, F|\n|poke|p2|Thundurus-Therian, M|\n|teampreview\n|\n|t:|1700692803\n|start\n|switch|p1a: Thundurus|Thundurus-Therian, M, shiny|100\/100\n|switch|p2a: Great Tusk|Great Tusk|100\/100\n|turn|1\n|inactive|Battle timer is ON: inactive players will automatically lose when time's up. (requested by CalistoYew21)\n|\n|t:|1700692817\n|-end|p2a: Great Tusk|Protosynthesis|[silent]\n|switch|p2a: Kingambit|Kingambit, F|100\/100\n|move|p1a: Thundurus|Grass Knot|p2a: Kingambit\n|-resisted|p2a: Kingambit\n|-damage|p2a: Kingambit|79\/100\n|\n|-heal|p2a: Kingambit|85\/100|[from] item: Leftovers\n|upkeep\n|turn|2\n|\n|t:|1700692828\n|switch|p1a: Dondozo|Dondozo, M, shiny|100\/100\n|-end|p2a: Kingambit|fallenundefined|[silent]\n|switch|p2a: Thundurus|Thundurus-Therian, M|100\/100\n|\n|upkeep\n|turn|3\n|\n|t:|1700692836\n|switch|p1a: Goodra|Goodra-Hisui, M, shiny|100\/100\n|move|p2a: Thundurus|Knock Off|p1a: Goodra\n|-damage|p1a: Goodra|81\/100\n|-enditem|p1a: Goodra|Assault Vest|[from] move: Knock Off|[of] p2a: Thundurus\n|\n|upkeep\n|turn|4\n|\n|t:|1700692848\n|switch|p2a: Slowking|Slowking-Galar, F|100\/100\n|move|p1a: Goodra|Dragon Pulse|p2a: Slowking\n|-damage|p2a: Slowking|80\/100\n|\n|upkeep\n|turn|5\n|\n|t:|1700692856\n|move|p1a: Goodra|Heavy Slam|p2a: Slowking\n|-damage|p2a: Slowking|43\/100\n|move|p2a: Slowking|Chilly Reception|p2a: Slowking\n|-weather|Snow\n|\n|t:|1700692866\n|switch|p2a: Great Tusk|Great Tusk|100\/100|[from] Chilly Reception\n|\n|-weather|Snow|[upkeep]\n|upkeep\n|turn|6\n|\n|t:|1700692876\n|switch|p1a: Hatterene|Hatterene, F, shiny|100\/100\n|move|p2a: Great Tusk|Stealth Rock|p1a: Hatterene\n|move|p1a: Hatterene|Stealth Rock|p2a: Great Tusk|[from]ability: Magic Bounce\n|-sidestart|p2: CalistoYew21|move: Stealth Rock\n|\n|-weather|Snow|[upkeep]\n|upkeep\n|turn|7\n|\n|t:|1700692883\n|-end|p2a: Great Tusk|Protosynthesis|[silent]\n|switch|p2a: Slowking|Slowking-Galar, F|76\/100\n|move|p1a: Hatterene|Draining Kiss|p2a: Slowking\n|-resisted|p2a: Slowking\n|-damage|p2a: Slowking|70\/100\n|\n|-weather|Snow|[upkeep]\n|upkeep\n|turn|8\n|\n|t:|1700692895\n|switch|p1a: Goodra|Goodra-Hisui, M, shiny|81\/100\n|move|p2a: Slowking|Chilly Reception|p2a: Slowking\n|\n|t:|1700692899\n|switch|p2a: Great Tusk|Great Tusk|100\/100|[from] Chilly Reception\n|-damage|p2a: Great Tusk|98\/100|[from] Stealth Rock\n|\n|-weather|Snow|[upkeep]\n|upkeep\n|turn|9\n|\n|t:|1700692905\n|switch|p1a: Thundurus|Thundurus-Therian, M, shiny|100\/100\n|move|p2a: Great Tusk|Headlong Rush|p1a: Thundurus\n|-immune|p1a: Thundurus\n|\n|-weather|none\n|upkeep\n|turn|10\n|\n|t:|1700692913\n|-end|p2a: Great Tusk|Protosynthesis|[silent]\n|switch|p2a: Slowking|Slowking-Galar, F|100\/100\n|move|p1a: Thundurus|Grass Knot|p2a: Slowking\n|-resisted|p2a: Slowking\n|-damage|p2a: Slowking|91\/100\n|\n|upkeep\n|turn|11\n|\n|t:|1700692922\n|switch|p1a: Goodra|Goodra-Hisui, M, shiny|81\/100\n|move|p2a: Slowking|Chilly Reception|p2a: Slowking\n|-weather|Snow\n|\n|t:|1700692924\n|switch|p2a: Great Tusk|Great Tusk|98\/100|[from] Chilly Reception\n|-damage|p2a: Great Tusk|95\/100|[from] Stealth Rock\n|\n|-weather|Snow|[upkeep]\n|upkeep\n|turn|12\n|\n|t:|1700692929\n|switch|p1a: Hatterene|Hatterene, F, shiny|100\/100\n|move|p2a: Great Tusk|Rapid Spin|p1a: Hatterene\n|-damage|p1a: Hatterene|86\/100\n|-boost|p2a: Great Tusk|spe|1\n|-sideend|p2: CalistoYew21|Stealth Rock|[from] move: Rapid Spin|[of] p2a: Great Tusk\n|\n|-weather|Snow|[upkeep]\n|-heal|p1a: Hatterene|92\/100|[from] item: Leftovers\n|upkeep\n|turn|13\n|\n|t:|1700692941\n|-end|p2a: Great Tusk|Protosynthesis|[silent]\n|switch|p2a: Slowking|Slowking-Galar, F|100\/100\n|move|p1a: Hatterene|Calm Mind|p1a: Hatterene\n|-boost|p1a: Hatterene|spa|1\n|-boost|p1a: Hatterene|spd|1\n|\n|-weather|Snow|[upkeep]\n|-heal|p1a: Hatterene|98\/100|[from] item: Leftovers\n|upkeep\n|turn|14\n|\n|t:|1700692949\n|move|p1a: Hatterene|Psyshock|p2a: Slowking\n|-crit|p2a: Slowking\n|-damage|p2a: Slowking|17\/100\n|move|p2a: Slowking|Sludge Bomb|p1a: Hatterene\n|-supereffective|p1a: Hatterene\n|-damage|p1a: Hatterene|48\/100\n|-status|p1a: Hatterene|psn\n|\n|-weather|Snow|[upkeep]\n|-heal|p1a: Hatterene|54\/100 psn|[from] item: Leftovers\n|-damage|p1a: Hatterene|42\/100 psn|[from] psn\n|upkeep\n|turn|15\n|\n|t:|1700692958\n|switch|p2a: Kingambit|Kingambit, F|85\/100\n|move|p1a: Hatterene|Draining Kiss|p2a: Kingambit\n|-damage|p2a: Kingambit|52\/100\n|-heal|p1a: Hatterene|73\/100 psn|[from] drain|[of] p2a: Kingambit\n|\n|-weather|none\n|-heal|p2a: Kingambit|58\/100|[from] item: Leftovers\n|-heal|p1a: Hatterene|78\/100 psn|[from] item: Leftovers\n|-damage|p1a: Hatterene|66\/100 psn|[from] psn\n|upkeep\n|turn|16\n|\n|t:|1700692980\n|-terastallize|p1a: Hatterene|Fire\n|move|p2a: Kingambit|Iron Head|p1a: Hatterene\n|-resisted|p1a: Hatterene\n|-damage|p1a: Hatterene|46\/100 psn\n|move|p1a: Hatterene|Mystical Fire|p2a: Kingambit\n|-supereffective|p2a: Kingambit\n|-damage|p2a: Kingambit|0 fnt\n|faint|p2a: Kingambit\n|-end|p2a: Kingambit|fallenundefined|[silent]\n|\n|-heal|p1a: Hatterene|52\/100 psn|[from] item: Leftovers\n|-damage|p1a: Hatterene|40\/100 psn|[from] psn\n|upkeep\n|\n|t:|1700692991\n|switch|p2a: Great Tusk|Great Tusk|95\/100\n|turn|17\n|\n|t:|1700693004\n|move|p2a: Great Tusk|Stealth Rock|p1a: Hatterene\n|move|p1a: Hatterene|Stealth Rock|p2a: Great Tusk|[from]ability: Magic Bounce\n|-sidestart|p2: CalistoYew21|move: Stealth Rock\n|move|p1a: Hatterene|Draining Kiss|p2a: Great Tusk\n|-supereffective|p2a: Great Tusk\n|-damage|p2a: Great Tusk|0 fnt\n|-heal|p1a: Hatterene|100\/100 psn|[from] drain|[of] p2a: Great Tusk\n|-damage|p1a: Hatterene|84\/100 psn|[from] item: Rocky Helmet|[of] p2a: Great Tusk\n|faint|p2a: Great Tusk\n|-end|p2a: Great Tusk|Protosynthesis|[silent]\n|\n|-heal|p1a: Hatterene|90\/100 psn|[from] item: Leftovers\n|-damage|p1a: Hatterene|78\/100 psn|[from] psn\n|upkeep\n|-message|CalistoYew21 forfeited.\n|\n|win|Mr.Shadowdusk\n|raw|Mr.Shadowdusk's rating: 1419 &rarr; <strong>1439<\/strong><br \/>(+20 for winning)\n|raw|CalistoYew21's rating: 1424 &rarr; <strong>1404<\/strong><br \/>(-20 for losing)\n|l|\u2606CalistoYew21\n|c|\u2606Mr.Shadowdusk|Predict\n","uploadtime":1700693028,"views":11,"p1id":"mrshadowdusk","p2id":"calistoyew21","formatid":"gen9ou","rating":1404,"private":0,"password":""}