{"id":"gen9ou-1992281102","p1":"mcp3","p2":"OUVT TOSHI","format":"[Gen 9] OU","log":"|j|\u2606mcp3\n|j|\u2606OUVT TOSHI\n|t:|1700170530\n|gametype|singles\n|player|p1|mcp3|sage|1746\n|player|p2|OUVT TOSHI|palmer|1786\n|teamsize|p1|6\n|teamsize|p2|6\n|gen|9\n|tier|[Gen 9] OU\n|rated|\n|rule|Sleep Clause Mod: Limit one foe put to sleep\n|rule|Species Clause: Limit one of each Pok\u00e9mon\n|rule|OHKO Clause: OHKO moves are banned\n|rule|Evasion Items Clause: Evasion items are banned\n|rule|Evasion Moves Clause: Evasion moves are banned\n|rule|Endless Battle Clause: Forcing endless battles is banned\n|rule|HP Percentage Mod: HP is shown in percentages\n|clearpoke\n|poke|p1|Dragapult, M|\n|poke|p1|Great Tusk|\n|poke|p1|Enamorus, F|\n|poke|p1|Kingambit, M|\n|poke|p1|Heatran, M|\n|poke|p1|Toxapex, M|\n|poke|p2|Ogerpon-Wellspring, F|\n|poke|p2|Zamazenta-*|\n|poke|p2|Ting-Lu|\n|poke|p2|Iron Moth|\n|poke|p2|Zapdos|\n|poke|p2|Ursaluna, F|\n|teampreview\n|c|\u2606mcp3|hf\n|\n|t:|1700170546\n|start\n|switch|p1a: Serpentine|Toxapex, M, shiny|100\/100\n|switch|p2a: Zapdos|Zapdos|100\/100\n|turn|1\n|\n|t:|1700170552\n|switch|p2a: Ursaluna|Ursaluna, F|100\/100\n|move|p1a: Serpentine|Toxic|p2a: Ursaluna\n|-status|p2a: Ursaluna|tox\n|\n|-damage|p2a: Ursaluna|94\/100 tox|[from] psn\n|upkeep\n|turn|2\n|j| FatherSuperior7\n|\n|t:|1700170561\n|switch|p1a: Chaos|Heatran, M, shiny|100\/100\n|-item|p1a: Chaos|Air Balloon\n|move|p2a: Ursaluna|Facade|p1a: Chaos\n|-resisted|p1a: Chaos\n|-damage|p1a: Chaos|60\/100\n|-enditem|p1a: Chaos|Air Balloon\n|\n|-damage|p2a: Ursaluna|82\/100 tox|[from] psn\n|upkeep\n|turn|3\n|j| Christian Dior III\n|j| yosoyunbe\n|\n|t:|1700170585\n|switch|p2a: Ting-Lu|Ting-Lu|100\/100\n|-ability|p2a: Ting-Lu|Vessel of Ruin\n|move|p1a: Chaos|Protect||[still]\n|-fail|p1a: Chaos\n|\n|upkeep\n|turn|4\n|\n|t:|1700170590\n|move|p1a: Chaos|Stealth Rock|p2a: Ting-Lu\n|-sidestart|p2: OUVT TOSHI|move: Stealth Rock\n|move|p2a: Ting-Lu|Earthquake|p1a: Chaos\n|-supereffective|p1a: Chaos\n|-damage|p1a: Chaos|0 fnt\n|faint|p1a: Chaos\n|\n|upkeep\n|\n|t:|1700170603\n|switch|p1a: Behemoth|Great Tusk, shiny|100\/100\n|turn|5\n|\n|t:|1700170608\n|switch|p2a: Zapdos|Zapdos|100\/100\n|move|p1a: Behemoth|Close Combat|p2a: Zapdos\n|-resisted|p2a: Zapdos\n|-damage|p2a: Zapdos|58\/100\n|-unboost|p1a: Behemoth|def|1\n|-unboost|p1a: Behemoth|spd|1\n|\n|upkeep\n|turn|6\n|\n|t:|1700170611\n|-end|p1a: Behemoth|Protosynthesis|[silent]\n|switch|p1a: Leviathan|Dragapult, M, shiny|100\/100\n|move|p2a: Zapdos|Hurricane|p1a: Leviathan\n|-damage|p1a: Leviathan|34\/100\n|\n|upkeep\n|turn|7\n|\n|t:|1700170617\n|switch|p2a: Ting-Lu|Ting-Lu|100\/100\n|-damage|p2a: Ting-Lu|94\/100|[from] Stealth Rock\n|-ability|p2a: Ting-Lu|Vessel of Ruin\n|move|p1a: Leviathan|U-turn|p2a: Ting-Lu\n|-supereffective|p2a: Ting-Lu\n|-damage|p2a: Ting-Lu|77\/100\n|\n|t:|1700170619\n|switch|p1a: Behemoth|Great Tusk, shiny|100\/100|[from] U-turn\n|\n|-heal|p2a: Ting-Lu|83\/100|[from] item: Leftovers\n|upkeep\n|turn|8\n|\n|t:|1700170625\n|switch|p2a: Zamazenta|Zamazenta|100\/100\n|-ability|p2a: Zamazenta|Dauntless Shield|boost\n|-boost|p2a: Zamazenta|def|1\n|move|p1a: Behemoth|Ice Spinner|p2a: Zamazenta\n|-damage|p2a: Zamazenta|75\/100\n|\n|upkeep\n|turn|9\n|\n|t:|1700170631\n|switch|p2a: Ursaluna|Ursaluna, F|82\/100 tox\n|-damage|p2a: Ursaluna|76\/100 tox|[from] Stealth Rock\n|move|p1a: Behemoth|Ice Spinner|p2a: Ursaluna\n|-supereffective|p2a: Ursaluna\n|-damage|p2a: Ursaluna|15\/100 tox\n|\n|-damage|p2a: Ursaluna|9\/100 tox|[from] psn\n|upkeep\n|turn|10\n|\n|t:|1700170637\n|move|p1a: Behemoth|Ice Spinner|p2a: Ursaluna\n|-supereffective|p2a: Ursaluna\n|-damage|p2a: Ursaluna|0 fnt\n|faint|p2a: Ursaluna\n|\n|upkeep\n|\n|t:|1700170643\n|switch|p2a: Ogerpon|Ogerpon-Wellspring, F|100\/100\n|-damage|p2a: Ogerpon|88\/100|[from] Stealth Rock\n|turn|11\n|\n|t:|1700170647\n|move|p2a: Ogerpon|Swords Dance|p2a: Ogerpon\n|-boost|p2a: Ogerpon|atk|2\n|move|p1a: Behemoth|Ice Spinner|p2a: Ogerpon\n|-damage|p2a: Ogerpon|36\/100\n|\n|upkeep\n|turn|12\n|\n|t:|1700170652\n|-end|p1a: Behemoth|Protosynthesis|[silent]\n|switch|p1a: Serpentine|Toxapex, M, shiny|100\/100\n|move|p2a: Ogerpon|Horn Leech|p1a: Serpentine\n|-damage|p1a: Serpentine|31\/100\n|-heal|p2a: Ogerpon|72\/100|[from] drain|[of] p1a: Serpentine\n|\n|-heal|p1a: Serpentine|37\/100|[from] item: Leftovers\n|upkeep\n|turn|13\n|j| Magmarpanzer\n|\n|t:|1700170661\n|move|p2a: Ogerpon|Horn Leech|p1a: Serpentine\n|-damage|p1a: Serpentine|0 fnt\n|-heal|p2a: Ogerpon|90\/100|[from] drain|[of] p1a: Serpentine\n|faint|p1a: Serpentine\n|\n|upkeep\n|\n|t:|1700170666\n|switch|p1a: Leviathan|Dragapult, M, shiny|34\/100\n|turn|14\n|j| justsomeguy756\n|\n|t:|1700170677\n|switch|p2a: Zapdos|Zapdos|58\/100\n|move|p1a: Leviathan|U-turn|p2a: Zapdos\n|-resisted|p2a: Zapdos\n|-damage|p2a: Zapdos|51\/100\n|-status|p1a: Leviathan|par|[from] ability: Static|[of] p2a: Zapdos\n|\n|t:|1700170680\n|switch|p1a: Gin|Enamorus, F, shiny|100\/100|[from] U-turn\n|\n|upkeep\n|turn|15\n|l| justsomeguy756\n|\n|t:|1700170690\n|move|p1a: Gin|Moonblast|p2a: Zapdos\n|-damage|p2a: Zapdos|0 fnt\n|faint|p2a: Zapdos\n|\n|upkeep\n|\n|t:|1700170695\n|switch|p2a: Iron Moth|Iron Moth|100\/100\n|-damage|p2a: Iron Moth|76\/100|[from] Stealth Rock\n|-enditem|p2a: Iron Moth|Booster Energy\n|-activate|p2a: Iron Moth|ability: Quark Drive|[fromitem]\n|-start|p2a: Iron Moth|quarkdrivespe\n|turn|16\n|\n|t:|1700170701\n|switch|p1a: Behemoth|Great Tusk, shiny|100\/100\n|move|p2a: Iron Moth|Sludge Wave|p1a: Behemoth\n|-resisted|p1a: Behemoth\n|-damage|p1a: Behemoth|62\/100\n|\n|upkeep\n|turn|17\n|\n|t:|1700170706\n|move|p2a: Iron Moth|Psychic|p1a: Behemoth\n|-supereffective|p1a: Behemoth\n|-damage|p1a: Behemoth|0 fnt\n|faint|p1a: Behemoth\n|-end|p1a: Behemoth|Protosynthesis|[silent]\n|\n|upkeep\n|\n|t:|1700170710\n|switch|p1a: Gin|Enamorus, F, shiny|100\/100\n|turn|18\n|\n|t:|1700170713\n|move|p2a: Iron Moth|Sludge Wave|p1a: Gin\n|-supereffective|p1a: Gin\n|-damage|p1a: Gin|0 fnt\n|faint|p1a: Gin\n|\n|upkeep\n|\n|t:|1700170719\n|switch|p1a: Overgod|Kingambit, M, shiny|100\/100\n|-activate|p1a: Overgod|ability: Supreme Overlord\n|-start|p1a: Overgod|fallen4|[silent]\n|turn|19\n|\n|t:|1700170728\n|-terastallize|p1a: Overgod|Ghost\n|move|p2a: Iron Moth|Fiery Dance|p1a: Overgod\n|-damage|p1a: Overgod|58\/100\n|-boost|p2a: Iron Moth|spa|1\n|move|p1a: Overgod|Swords Dance|p1a: Overgod\n|-boost|p1a: Overgod|atk|2\n|\n|upkeep\n|turn|20\n|\n|t:|1700170739\n|-terastallize|p2a: Iron Moth|Fairy\n|move|p2a: Iron Moth|Fiery Dance|p1a: Overgod\n|-damage|p1a: Overgod|0 fnt\n|-boost|p2a: Iron Moth|spa|1\n|faint|p1a: Overgod\n|-end|p1a: Overgod|fallen4|[silent]\n|\n|upkeep\n|c|\u2606mcp3|gg\n|-message|mcp3 forfeited.\n|\n|win|OUVT TOSHI\n|raw|mcp3's rating: 1746 &rarr; <strong>1728<\/strong><br \/>(-18 for losing)\n|raw|OUVT TOSHI's rating: 1786 &rarr; <strong>1804<\/strong><br \/>(+18 for winning)\n|l|\u2606mcp3\n","uploadtime":1700170752,"views":10,"p1id":"mcp3","p2id":"ouvttoshi","formatid":"gen9ou","rating":1728,"private":0,"password":""}