{"id":"gen9ou-1990509757","p1":"SickestPlaya","p2":"Phthia04","format":"[Gen 9] OU","log":"|j|\u2606SickestPlaya\n|j|\u2606Phthia04\n|t:|1699977340\n|gametype|singles\n|player|p1|SickestPlaya|benga|1534\n|player|p2|Phthia04|shadowtriad|1507\n|teamsize|p1|6\n|teamsize|p2|6\n|gen|9\n|tier|[Gen 9] OU\n|rated|\n|rule|Sleep Clause Mod: Limit one foe put to sleep\n|rule|Species Clause: Limit one of each Pok\u00e9mon\n|rule|OHKO Clause: OHKO moves are banned\n|rule|Evasion Items Clause: Evasion items are banned\n|rule|Evasion Moves Clause: Evasion moves are banned\n|rule|Endless Battle Clause: Forcing endless battles is banned\n|rule|HP Percentage Mod: HP is shown in percentages\n|clearpoke\n|poke|p1|Manaphy|\n|poke|p1|Kingambit, M|\n|poke|p1|Ribombee, F|\n|poke|p1|Gholdengo|\n|poke|p1|Iron Moth|\n|poke|p1|Ogerpon-Wellspring, F|\n|poke|p2|Torkoal, M|\n|poke|p2|Ceruledge, M|\n|poke|p2|Walking Wake|\n|poke|p2|Great Tusk|\n|poke|p2|Toxapex, M|\n|poke|p2|Corviknight, F|\n|teampreview\n|inactive|Battle timer is ON: inactive players will automatically lose when time's up. (requested by SickestPlaya)\n|inactive|SickestPlaya has 120 seconds left.\n|inactive|SickestPlaya has 90 seconds left.\n|\n|t:|1699977410\n|start\n|switch|p1a: Manaphy|Manaphy|100\/100\n|switch|p2a: Torkoal|Torkoal, M|100\/100\n|-weather|SunnyDay|[from] ability: Drought|[of] p2a: Torkoal\n|turn|1\n|\n|t:|1699977431\n|switch|p2a: Toxapex|Toxapex, M|100\/100\n|move|p1a: Manaphy|Take Heart|p1a: Manaphy\n|-boost|p1a: Manaphy|spa|1\n|-boost|p1a: Manaphy|spd|1\n|\n|-weather|SunnyDay|[upkeep]\n|upkeep\n|turn|2\n|\n|t:|1699977435\n|move|p1a: Manaphy|Stored Power|p2a: Toxapex\n|-supereffective|p2a: Toxapex\n|-damage|p2a: Toxapex|57\/100\n|move|p2a: Toxapex|Haze|p2a: Toxapex\n|-clearallboost\n|\n|-weather|SunnyDay|[upkeep]\n|-heal|p2a: Toxapex|63\/100|[from] item: Leftovers\n|upkeep\n|turn|3\n|\n|t:|1699977445\n|move|p1a: Manaphy|Scald|p2a: Toxapex\n|-resisted|p2a: Toxapex\n|-damage|p2a: Toxapex|55\/100\n|-status|p2a: Toxapex|brn\n|move|p2a: Toxapex|Toxic|p1a: Manaphy\n|-status|p1a: Manaphy|tox\n|\n|-weather|SunnyDay|[upkeep]\n|-heal|p2a: Toxapex|62\/100 brn|[from] item: Leftovers\n|-damage|p1a: Manaphy|94\/100 tox|[from] psn\n|-damage|p2a: Toxapex|55\/100 brn|[from] brn\n|upkeep\n|turn|4\n|\n|t:|1699977452\n|move|p1a: Manaphy|Take Heart|p1a: Manaphy\n|-boost|p1a: Manaphy|spa|1\n|-boost|p1a: Manaphy|spd|1\n|-curestatus|p1a: Manaphy|tox|[msg]\n|move|p2a: Toxapex|Haze|p2a: Toxapex\n|-clearallboost\n|\n|-weather|SunnyDay|[upkeep]\n|-heal|p1a: Manaphy|100\/100|[from] item: Leftovers\n|-heal|p2a: Toxapex|62\/100 brn|[from] item: Leftovers\n|-damage|p2a: Toxapex|55\/100 brn|[from] brn\n|upkeep\n|turn|5\n|\n|t:|1699977462\n|switch|p1a: Gholdengo|Gholdengo|100\/100\n|-item|p1a: Gholdengo|Air Balloon\n|switch|p2a: Walking Wake|Walking Wake|100\/100\n|-activate|p2a: Walking Wake|ability: Protosynthesis\n|-start|p2a: Walking Wake|protosynthesisspe\n|\n|-weather|SunnyDay|[upkeep]\n|upkeep\n|turn|6\n|\n|t:|1699977468\n|switch|p1a: Ogerpon|Ogerpon-Wellspring, F|100\/100\n|move|p2a: Walking Wake|Flamethrower|p1a: Ogerpon\n|-damage|p1a: Ogerpon|24\/100\n|\n|-weather|SunnyDay|[upkeep]\n|upkeep\n|turn|7\n|\n|t:|1699977475\n|switch|p1a: Iron Moth|Iron Moth|100\/100\n|-enditem|p1a: Iron Moth|Booster Energy\n|-activate|p1a: Iron Moth|ability: Quark Drive|[fromitem]\n|-start|p1a: Iron Moth|quarkdrivespe\n|move|p2a: Walking Wake|Flamethrower|p1a: Iron Moth\n|-resisted|p1a: Iron Moth\n|-crit|p1a: Iron Moth\n|-damage|p1a: Iron Moth|51\/100\n|\n|-weather|SunnyDay|[upkeep]\n|upkeep\n|turn|8\n|\n|t:|1699977488\n|-end|p2a: Walking Wake|Protosynthesis|[silent]\n|switch|p2a: Toxapex|Toxapex, M|89\/100 brn\n|move|p1a: Iron Moth|Fiery Dance|p2a: Toxapex\n|-resisted|p2a: Toxapex\n|-damage|p2a: Toxapex|66\/100 brn\n|-boost|p1a: Iron Moth|spa|1\n|\n|-weather|none\n|-heal|p2a: Toxapex|73\/100 brn|[from] item: Leftovers\n|-damage|p2a: Toxapex|66\/100 brn|[from] brn\n|upkeep\n|turn|9\n|\n|t:|1699977492\n|move|p1a: Iron Moth|Psychic|p2a: Toxapex\n|-supereffective|p2a: Toxapex\n|-damage|p2a: Toxapex|0 fnt\n|faint|p2a: Toxapex\n|\n|upkeep\n|\n|t:|1699977498\n|switch|p2a: Ceruledge|Ceruledge, M|100\/100\n|-item|p2a: Ceruledge|Air Balloon\n|turn|10\n|\n|t:|1699977504\n|move|p1a: Iron Moth|Psychic|p2a: Ceruledge\n|-damage|p2a: Ceruledge|50\/100\n|-enditem|p2a: Ceruledge|Air Balloon\n|move|p2a: Ceruledge|Poltergeist||[still]\n|-fail|p2a: Ceruledge\n|\n|upkeep\n|turn|11\n|c|\u2606SickestPlaya|I forget about that all the time too\n|\n|t:|1699977516\n|move|p2a: Ceruledge|Shadow Sneak|p1a: Iron Moth\n|-damage|p1a: Iron Moth|21\/100\n|move|p1a: Iron Moth|Psychic|p2a: Ceruledge\n|-damage|p2a: Ceruledge|0 fnt\n|faint|p2a: Ceruledge\n|\n|upkeep\n|c|\u2606Phthia04|i hate it here lmao\n|\n|t:|1699977527\n|switch|p2a: Torkoal|Torkoal, M|100\/100\n|-weather|SunnyDay|[from] ability: Drought|[of] p2a: Torkoal\n|turn|12\n|c|\u2606SickestPlaya|it's why I stopped using ceruledge even tho it is so strong\n|c|\u2606SickestPlaya|pissed me off a ton lol\n|\n|t:|1699977543\n|move|p1a: Iron Moth|Psychic|p2a: Torkoal\n|-crit|p2a: Torkoal\n|-damage|p2a: Torkoal|9\/100\n|move|p2a: Torkoal|Yawn|p1a: Iron Moth\n|-start|p1a: Iron Moth|move: Yawn|[of] p2a: Torkoal\n|\n|-weather|SunnyDay|[upkeep]\n|upkeep\n|turn|13\n|c|\u2606Phthia04|LMAO nah this boy boutta go crazy im telling you\n|\n|t:|1699977552\n|move|p1a: Iron Moth|Psychic|p2a: Torkoal\n|-crit|p2a: Torkoal\n|-damage|p2a: Torkoal|0 fnt\n|faint|p2a: Torkoal\n|\n|-weather|SunnyDay|[upkeep]\n|-end|p1a: Iron Moth|move: Yawn|[silent]\n|-status|p1a: Iron Moth|slp\n|upkeep\n|\n|t:|1699977562\n|switch|p2a: Great Tusk|Great Tusk|100\/100\n|-activate|p2a: Great Tusk|ability: Protosynthesis\n|-start|p2a: Great Tusk|protosynthesisspe\n|turn|14\n|\n|t:|1699977586\n|-end|p1a: Iron Moth|Quark Drive|[silent]\n|switch|p1a: Ogerpon|Ogerpon-Wellspring, F|24\/100\n|move|p2a: Great Tusk|Ice Spinner|p1a: Ogerpon\n|-damage|p1a: Ogerpon|0 fnt\n|faint|p1a: Ogerpon\n|\n|-weather|SunnyDay|[upkeep]\n|upkeep\n|inactive|SickestPlaya has 120 seconds left.\n|\n|t:|1699977613\n|switch|p1a: Ribombee|Ribombee, F, shiny|100\/100\n|turn|15\n|inactive|Phthia04 has 120 seconds left.\n|\n|t:|1699977664\n|switch|p1a: Iron Moth|Iron Moth|21\/100 slp\n|-terastallize|p2a: Great Tusk|Ground\n|move|p2a: Great Tusk|Ice Spinner|p1a: Iron Moth\n|-resisted|p1a: Iron Moth\n|-damage|p1a: Iron Moth|6\/100 slp\n|\n|-weather|SunnyDay|[upkeep]\n|upkeep\n|turn|16\n|\n|t:|1699977675\n|move|p2a: Great Tusk|Bulk Up|p2a: Great Tusk\n|-boost|p2a: Great Tusk|atk|1\n|-boost|p2a: Great Tusk|def|1\n|cant|p1a: Iron Moth|slp\n|\n|-weather|SunnyDay|[upkeep]\n|upkeep\n|turn|17\n|\n|t:|1699977678\n|move|p2a: Great Tusk|Ice Spinner|p1a: Iron Moth\n|-resisted|p1a: Iron Moth\n|-damage|p1a: Iron Moth|0 fnt\n|faint|p1a: Iron Moth\n|-end|p1a: Iron Moth|Quark Drive|[silent]\n|\n|-weather|SunnyDay|[upkeep]\n|upkeep\n|inactive|SickestPlaya has 90 seconds left.\n|\n|t:|1699977711\n|switch|p1a: Gholdengo|Gholdengo|100\/100\n|-item|p1a: Gholdengo|Air Balloon\n|turn|18\n|\n|t:|1699977716\n|move|p2a: Great Tusk|Ice Spinner|p1a: Gholdengo\n|-resisted|p1a: Gholdengo\n|-damage|p1a: Gholdengo|83\/100\n|-enditem|p1a: Gholdengo|Air Balloon\n|move|p1a: Gholdengo|Make It Rain|p2a: Great Tusk\n|-damage|p2a: Great Tusk|15\/100\n|-unboost|p1a: Gholdengo|spa|1\n|\n|-weather|SunnyDay|[upkeep]\n|upkeep\n|turn|19\n|\n|t:|1699977726\n|move|p2a: Great Tusk|Headlong Rush|p1a: Gholdengo\n|-supereffective|p1a: Gholdengo\n|-damage|p1a: Gholdengo|0 fnt\n|-unboost|p2a: Great Tusk|def|1\n|-unboost|p2a: Great Tusk|spd|1\n|faint|p1a: Gholdengo\n|\n|-weather|none\n|-end|p2a: Great Tusk|Protosynthesis\n|upkeep\n|\n|t:|1699977728\n|switch|p1a: Ribombee|Ribombee, F, shiny|100\/100\n|turn|20\n|\n|t:|1699977733\n|move|p1a: Ribombee|Moonblast|p2a: Great Tusk\n|-damage|p2a: Great Tusk|0 fnt\n|faint|p2a: Great Tusk\n|-end|p2a: Great Tusk|Protosynthesis|[silent]\n|\n|upkeep\n|\n|t:|1699977738\n|switch|p2a: Corviknight|Corviknight, F|100\/100\n|-ability|p2a: Corviknight|Pressure\n|turn|21\n|\n|t:|1699977749\n|move|p1a: Ribombee|Sticky Web|p2a: Corviknight\n|-sidestart|p2: Phthia04|move: Sticky Web\n|move|p2a: Corviknight|Body Press|p1a: Ribombee\n|-resisted|p1a: Ribombee\n|-damage|p1a: Ribombee|88\/100\n|\n|upkeep\n|turn|22\n|\n|t:|1699977771\n|move|p1a: Ribombee|Stun Spore|p2a: Corviknight\n|-status|p2a: Corviknight|par\n|move|p2a: Corviknight|Defog|p1a: Ribombee\n|-unboost|p1a: Ribombee|evasion|1\n|-sideend|p2: Phthia04|Sticky Web|[from] move: Defog|[of] p2a: Corviknight\n|\n|upkeep\n|turn|23\n|\n|t:|1699977779\n|switch|p2a: Walking Wake|Walking Wake|100\/100\n|move|p1a: Ribombee|Sticky Web|p2a: Walking Wake\n|-sidestart|p2: Phthia04|move: Sticky Web\n|\n|upkeep\n|turn|24\n|\n|t:|1699977785\n|move|p1a: Ribombee|Moonblast|p2a: Walking Wake\n|-supereffective|p2a: Walking Wake\n|-damage|p2a: Walking Wake|15\/100\n|move|p2a: Walking Wake|Flamethrower|p1a: Ribombee\n|-supereffective|p1a: Ribombee\n|-damage|p1a: Ribombee|0 fnt\n|faint|p1a: Ribombee\n|\n|upkeep\n|\n|t:|1699977809\n|switch|p1a: Kingambit|Kingambit, M|100\/100\n|-activate|p1a: Kingambit|ability: Supreme Overlord\n|-start|p1a: Kingambit|fallen4|[silent]\n|turn|25\n|\n|t:|1699977813\n|-end|p2a: Walking Wake|Protosynthesis|[silent]\n|switch|p2a: Corviknight|Corviknight, F|100\/100 par\n|-ability|p2a: Corviknight|Pressure\n|move|p1a: Kingambit|Sucker Punch||[still]\n|-fail|p1a: Kingambit\n|\n|upkeep\n|turn|26\n|\n|t:|1699977817\n|-end|p1a: Kingambit|fallen4|[silent]\n|switch|p1a: Manaphy|Manaphy|100\/100\n|move|p2a: Corviknight|Defog|p1a: Manaphy\n|-unboost|p1a: Manaphy|evasion|1\n|-sideend|p2: Phthia04|Sticky Web|[from] move: Defog|[of] p2a: Corviknight\n|\n|upkeep\n|turn|27\n|\n|t:|1699977823\n|switch|p2a: Walking Wake|Walking Wake|15\/100\n|move|p1a: Manaphy|Take Heart|p1a: Manaphy\n|-boost|p1a: Manaphy|spa|1\n|-boost|p1a: Manaphy|spd|1\n|\n|upkeep\n|turn|28\n|c|\u2606Phthia04|he crits here\n|c|\u2606Phthia04|bcs he my goat\n|\n|t:|1699977840\n|move|p2a: Walking Wake|Draco Meteor|p1a: Manaphy\n|-damage|p1a: Manaphy|37\/100\n|-unboost|p2a: Walking Wake|spa|2\n|move|p1a: Manaphy|Stored Power|p2a: Walking Wake\n|-damage|p2a: Walking Wake|0 fnt\n|faint|p2a: Walking Wake\n|-end|p2a: Walking Wake|Protosynthesis|[silent]\n|\n|-heal|p1a: Manaphy|43\/100|[from] item: Leftovers\n|upkeep\n|c|\u2606Phthia04|watch this\n|\n|t:|1699977846\n|switch|p2a: Corviknight|Corviknight, F|100\/100 par\n|-ability|p2a: Corviknight|Pressure\n|turn|29\n|c|\u2606SickestPlaya|lol Thank God it didn't\n|c|\u2606Phthia04|Ong\n|c|\u2606Phthia04|its ok\n|\n|t:|1699977860\n|-terastallize|p1a: Manaphy|Poison\n|move|p1a: Manaphy|Acid Armor|p1a: Manaphy\n|-boost|p1a: Manaphy|def|2\n|cant|p2a: Corviknight|par\n|\n|-heal|p1a: Manaphy|49\/100|[from] item: Leftovers\n|upkeep\n|turn|30\n|c|\u2606Phthia04|this guy will do two crits\n|c|\u2606Phthia04|ah hell nah\n|c|\u2606Phthia04|gg bro\n|c|\u2606SickestPlaya|lolol\n|c|\u2606SickestPlaya|gg homie\n|c|\u2606SickestPlaya|this mon\n|-message|Phthia04 forfeited.\n|\n|win|SickestPlaya\n|raw|SickestPlaya's rating: 1534 &rarr; <strong>1552<\/strong><br \/>(+18 for winning)\n|raw|Phthia04's rating: 1507 &rarr; <strong>1489<\/strong><br \/>(-18 for losing)\n|l|\u2606Phthia04\n|c|\u2606SickestPlaya|is so cheap\n","uploadtime":1699977986,"views":5,"p1id":"sickestplaya","p2id":"phthia04","formatid":"gen9ou","rating":1489,"private":0,"password":""}