{"id":"gen9ou-1993542153","p1":"mikiolaf","p2":"smoodayx","format":"[Gen 9] OU","log":"|j|\u2606mikiolaf\n|j|\u2606smoodayx\n|t:|1700329836\n|gametype|singles\n|player|p1|mikiolaf|101|1258\n|player|p2|smoodayx|falkner|1210\n|teamsize|p1|6\n|teamsize|p2|6\n|gen|9\n|tier|[Gen 9] OU\n|rated|\n|rule|Sleep Clause Mod: Limit one foe put to sleep\n|rule|Species Clause: Limit one of each Pok\u00e9mon\n|rule|OHKO Clause: OHKO moves are banned\n|rule|Evasion Items Clause: Evasion items are banned\n|rule|Evasion Moves Clause: Evasion moves are banned\n|rule|Endless Battle Clause: Forcing endless battles is banned\n|rule|HP Percentage Mod: HP is shown in percentages\n|clearpoke\n|poke|p1|Corviknight, F|\n|poke|p1|Zamazenta-*|\n|poke|p1|Dragapult, F|\n|poke|p1|Azelf|\n|poke|p1|Iron Moth|\n|poke|p1|Glimmora, M|\n|poke|p2|Corviknight, M|\n|poke|p2|Breloom, M|\n|poke|p2|Rotom-Wash|\n|poke|p2|Gholdengo|\n|poke|p2|Walking Wake|\n|poke|p2|Clodsire, F|\n|teampreview\n|\n|t:|1700329844\n|start\n|switch|p1a: Glimmora|Glimmora, M|100\/100\n|switch|p2a: Bonaparte|Breloom, M|100\/100\n|turn|1\n|\n|t:|1700329852\n|switch|p1a: Corviknight|Corviknight, F|100\/100\n|move|p2a: Bonaparte|Bulldoze|p1a: Corviknight\n|-immune|p1a: Corviknight\n|\n|upkeep\n|turn|2\n|\n|t:|1700329862\n|switch|p2a: Step-sis|Rotom-Wash|100\/100\n|move|p1a: Corviknight|Iron Head|p2a: Step-sis\n|-resisted|p2a: Step-sis\n|-damage|p2a: Step-sis|96\/100\n|\n|upkeep\n|turn|3\n|\n|t:|1700329875\n|switch|p1a: Dragapult|Dragapult, F|100\/100\n|move|p2a: Step-sis|Trick|p1a: Dragapult\n|-activate|p2a: Step-sis|move: Trick|[of] p1a: Dragapult\n|-item|p1a: Dragapult|Choice Scarf|[from] move: Trick\n|-item|p2a: Step-sis|Choice Band|[from] move: Trick\n|\n|upkeep\n|turn|4\n|\n|t:|1700329887\n|move|p1a: Dragapult|Dragon Darts|p2a: Step-sis\n|-damage|p2a: Step-sis|75\/100\n|-anim|p1a: Dragapult|Dragon Darts|p2a: Step-sis\n|-damage|p2a: Step-sis|55\/100\n|move|p2a: Step-sis|Will-O-Wisp|p1a: Dragapult\n|-status|p1a: Dragapult|brn\n|\n|-damage|p1a: Dragapult|95\/100 brn|[from] brn\n|upkeep\n|turn|5\n|\n|t:|1700329900\n|switch|p2a: Bird|Corviknight, M|100\/100\n|-ability|p2a: Bird|Pressure\n|move|p1a: Dragapult|Dragon Darts|p2a: Bird\n|-resisted|p2a: Bird\n|-damage|p2a: Bird|96\/100\n|-anim|p1a: Dragapult|Dragon Darts|p2a: Bird\n|-resisted|p2a: Bird\n|-damage|p2a: Bird|93\/100\n|\n|-damage|p1a: Dragapult|89\/100 brn|[from] brn\n|upkeep\n|turn|6\n|\n|t:|1700329916\n|switch|p1a: Corviknight|Corviknight, F|100\/100\n|move|p2a: Bird|U-turn|p1a: Corviknight\n|-resisted|p1a: Corviknight\n|-crit|p1a: Corviknight\n|-damage|p1a: Corviknight|97\/100\n|-damage|p2a: Bird|76\/100|[from] item: Rocky Helmet|[of] p1a: Corviknight\n|\n|t:|1700329924\n|switch|p2a: Step-sis|Rotom-Wash|55\/100|[from] U-turn\n|\n|upkeep\n|turn|7\n|\n|t:|1700329929\n|switch|p1a: Glimmora|Glimmora, M|100\/100\n|move|p2a: Step-sis|Trick|p1a: Glimmora\n|-activate|p2a: Step-sis|move: Trick|[of] p1a: Glimmora\n|-item|p1a: Glimmora|Choice Band|[from] move: Trick\n|-item|p2a: Step-sis|Focus Sash|[from] move: Trick\n|\n|upkeep\n|turn|8\n|\n|t:|1700329939\n|move|p1a: Glimmora|Sludge Bomb|p2a: Step-sis\n|-damage|p2a: Step-sis|3\/100\n|-status|p2a: Step-sis|psn\n|move|p2a: Step-sis|Hydro Pump|p1a: Glimmora|[miss]\n|-miss|p2a: Step-sis|p1a: Glimmora\n|\n|-damage|p2a: Step-sis|0 fnt|[from] psn\n|faint|p2a: Step-sis\n|upkeep\n|c|\u2606smoodayx|lol\n|\n|t:|1700329951\n|switch|p2a: Unstopable|Walking Wake|100\/100\n|turn|9\n|\n|t:|1700329956\n|move|p2a: Unstopable|Draco Meteor|p1a: Glimmora\n|-damage|p1a: Glimmora|0 fnt\n|-unboost|p2a: Unstopable|spa|2\n|faint|p1a: Glimmora\n|\n|upkeep\n|\n|t:|1700329970\n|switch|p1a: Zamazenta|Zamazenta|100\/100\n|-ability|p1a: Zamazenta|Dauntless Shield|boost\n|-boost|p1a: Zamazenta|def|1\n|turn|10\n|\n|t:|1700329984\n|-end|p2a: Unstopable|Protosynthesis|[silent]\n|switch|p2a: Bird|Corviknight, M|76\/100\n|-ability|p2a: Bird|Pressure\n|move|p1a: Zamazenta|Iron Defense|p1a: Zamazenta\n|-boost|p1a: Zamazenta|def|2\n|\n|upkeep\n|turn|11\n|\n|t:|1700329993\n|move|p1a: Zamazenta|Body Press|p2a: Bird\n|-damage|p2a: Bird|10\/100\n|-damage|p1a: Zamazenta|84\/100|[from] item: Rocky Helmet|[of] p2a: Bird\n|move|p2a: Bird|Brave Bird|p1a: Zamazenta\n|-supereffective|p1a: Zamazenta\n|-damage|p1a: Zamazenta|64\/100\n|-damage|p2a: Bird|5\/100|[from] Recoil\n|\n|-heal|p1a: Zamazenta|70\/100|[from] item: Leftovers\n|upkeep\n|turn|12\n|\n|t:|1700330006\n|move|p1a: Zamazenta|Iron Defense|p1a: Zamazenta\n|-boost|p1a: Zamazenta|def|2\n|move|p2a: Bird|Brave Bird|p1a: Zamazenta\n|-supereffective|p1a: Zamazenta\n|-damage|p1a: Zamazenta|57\/100\n|-damage|p2a: Bird|1\/100|[from] Recoil\n|\n|-heal|p1a: Zamazenta|63\/100|[from] item: Leftovers\n|upkeep\n|turn|13\n|\n|t:|1700330016\n|move|p1a: Zamazenta|Body Press|p2a: Bird\n|-damage|p2a: Bird|0 fnt\n|-damage|p1a: Zamazenta|47\/100|[from] item: Rocky Helmet|[of] p2a: Bird\n|faint|p2a: Bird\n|\n|-heal|p1a: Zamazenta|53\/100|[from] item: Leftovers\n|upkeep\n|\n|t:|1700330024\n|switch|p2a: It's over 1000|Gholdengo|100\/100\n|turn|14\n|\n|t:|1700330028\n|move|p2a: It's over 1000|Make It Rain|p1a: Zamazenta\n|-damage|p1a: Zamazenta|2\/100\n|-unboost|p2a: It's over 1000|spa|1\n|move|p1a: Zamazenta|Iron Head|p2a: It's over 1000\n|-resisted|p2a: It's over 1000\n|-damage|p2a: It's over 1000|87\/100\n|\n|-heal|p1a: Zamazenta|8\/100|[from] item: Leftovers\n|upkeep\n|turn|15\n|\n|t:|1700330041\n|move|p2a: It's over 1000|Make It Rain|p1a: Zamazenta\n|-damage|p1a: Zamazenta|0 fnt\n|-unboost|p2a: It's over 1000|spa|1\n|faint|p1a: Zamazenta\n|\n|upkeep\n|\n|t:|1700330061\n|switch|p1a: Iron Moth|Iron Moth|100\/100\n|turn|16\n|\n|t:|1700330067\n|switch|p2a: Clodsire|Clodsire, F|100\/100\n|move|p1a: Iron Moth|Fiery Dance|p2a: Clodsire\n|-damage|p2a: Clodsire|78\/100\n|\n|-heal|p2a: Clodsire|84\/100|[from] item: Black Sludge\n|upkeep\n|turn|17\n|\n|t:|1700330076\n|-end|p1a: Iron Moth|Quark Drive|[silent]\n|switch|p1a: Azelf|Azelf|100\/100\n|move|p2a: Clodsire|Earthquake|p1a: Azelf\n|-immune|p1a: Azelf|[from] ability: Levitate\n|\n|-heal|p2a: Clodsire|90\/100|[from] item: Black Sludge\n|upkeep\n|turn|18\n|\n|t:|1700330084\n|move|p1a: Azelf|Encore|p2a: Clodsire\n|-start|p2a: Clodsire|Encore\n|move|p2a: Clodsire|Earthquake|p1a: Azelf\n|-immune|p1a: Azelf|[from] ability: Levitate\n|\n|-heal|p2a: Clodsire|97\/100|[from] item: Black Sludge\n|upkeep\n|turn|19\n|\n|t:|1700330093\n|switch|p2a: It's over 1000|Gholdengo|87\/100\n|move|p1a: Azelf|Mystical Power|p2a: It's over 1000\n|-resisted|p2a: It's over 1000\n|-damage|p2a: It's over 1000|69\/100\n|-boost|p1a: Azelf|spa|1\n|\n|upkeep\n|turn|20\n|\n|t:|1700330103\n|move|p2a: It's over 1000|Shadow Ball|p1a: Azelf\n|-supereffective|p1a: Azelf\n|-enditem|p1a: Azelf|Focus Sash\n|-damage|p1a: Azelf|1\/100\n|move|p1a: Azelf|U-turn|p2a: It's over 1000\n|-resisted|p2a: It's over 1000\n|-damage|p2a: It's over 1000|63\/100\n|\n|t:|1700330111\n|switch|p1a: Dragapult|Dragapult, F|89\/100 brn|[from] U-turn\n|\n|-damage|p1a: Dragapult|83\/100 brn|[from] brn\n|upkeep\n|turn|21\n|\n|t:|1700330119\n|switch|p2a: Clodsire|Clodsire, F|97\/100\n|move|p1a: Dragapult|Sucker Punch||[still]\n|-fail|p1a: Dragapult\n|\n|-heal|p2a: Clodsire|100\/100|[from] item: Black Sludge\n|-damage|p1a: Dragapult|77\/100 brn|[from] brn\n|upkeep\n|turn|22\n|\n|t:|1700330129\n|switch|p1a: Corviknight|Corviknight, F|97\/100\n|move|p2a: Clodsire|Stealth Rock|p1a: Corviknight\n|-sidestart|p1: mikiolaf|move: Stealth Rock\n|\n|upkeep\n|turn|23\n|\n|t:|1700330136\n|move|p1a: Corviknight|Iron Head|p2a: Clodsire\n|-damage|p2a: Clodsire|74\/100\n|move|p2a: Clodsire|Yawn|p1a: Corviknight\n|-start|p1a: Corviknight|move: Yawn|[of] p2a: Clodsire\n|\n|-heal|p2a: Clodsire|81\/100|[from] item: Black Sludge\n|upkeep\n|turn|24\n|\n|t:|1700330146\n|switch|p2a: It's over 1000|Gholdengo|63\/100\n|move|p1a: Corviknight|Defog|p2a: It's over 1000\n|-immune|p2a: It's over 1000|[from] ability: Good as Gold\n|\n|-end|p1a: Corviknight|move: Yawn|[silent]\n|-status|p1a: Corviknight|slp\n|upkeep\n|turn|25\n|\n|t:|1700330158\n|move|p2a: It's over 1000|Shadow Ball|p1a: Corviknight\n|-damage|p1a: Corviknight|53\/100 slp\n|cant|p1a: Corviknight|slp\n|\n|upkeep\n|turn|26\n|\n|t:|1700330165\n|move|p2a: It's over 1000|Shadow Ball|p1a: Corviknight\n|-crit|p1a: Corviknight\n|-damage|p1a: Corviknight|0 fnt\n|faint|p1a: Corviknight\n|\n|upkeep\n|\n|t:|1700330173\n|switch|p1a: Dragapult|Dragapult, F|77\/100 brn\n|-damage|p1a: Dragapult|64\/100 brn|[from] Stealth Rock\n|turn|27\n|\n|t:|1700330184\n|switch|p2a: Clodsire|Clodsire, F|81\/100\n|move|p1a: Dragapult|U-turn|p2a: Clodsire\n|-resisted|p2a: Clodsire\n|-damage|p2a: Clodsire|74\/100\n|\n|t:|1700330192\n|switch|p1a: Iron Moth|Iron Moth|100\/100|[from] U-turn\n|\n|-heal|p2a: Clodsire|80\/100|[from] item: Black Sludge\n|upkeep\n|turn|28\n|\n|t:|1700330203\n|-terastallize|p1a: Iron Moth|Flying\n|move|p1a: Iron Moth|Fiery Dance|p2a: Clodsire\n|-damage|p2a: Clodsire|59\/100\n|move|p2a: Clodsire|Earthquake|p1a: Iron Moth\n|-immune|p1a: Iron Moth\n|\n|-heal|p2a: Clodsire|65\/100|[from] item: Black Sludge\n|upkeep\n|turn|29\n|\n|t:|1700330216\n|move|p1a: Iron Moth|Fiery Dance|p2a: Clodsire\n|-damage|p2a: Clodsire|44\/100\n|-boost|p1a: Iron Moth|spa|1\n|move|p2a: Clodsire|Yawn|p1a: Iron Moth\n|-start|p1a: Iron Moth|move: Yawn|[of] p2a: Clodsire\n|\n|-heal|p2a: Clodsire|51\/100|[from] item: Black Sludge\n|upkeep\n|turn|30\n|\n|t:|1700330227\n|-end|p1a: Iron Moth|Quark Drive|[silent]\n|switch|p1a: Dragapult|Dragapult, F|64\/100 brn\n|-damage|p1a: Dragapult|52\/100 brn|[from] Stealth Rock\n|move|p2a: Clodsire|Recover|p2a: Clodsire\n|-heal|p2a: Clodsire|100\/100\n|\n|-damage|p1a: Dragapult|46\/100 brn|[from] brn\n|upkeep\n|turn|31\n|\n|t:|1700330238\n|move|p1a: Dragapult|Psychic Fangs|p2a: Clodsire\n|-supereffective|p2a: Clodsire\n|-damage|p2a: Clodsire|67\/100\n|move|p2a: Clodsire|Yawn||[still]\n|-fail|p2a: Clodsire\n|\n|-heal|p2a: Clodsire|73\/100|[from] item: Black Sludge\n|-damage|p1a: Dragapult|40\/100 brn|[from] brn\n|upkeep\n|turn|32\n|\n|t:|1700330250\n|move|p1a: Dragapult|Psychic Fangs|p2a: Clodsire\n|-supereffective|p2a: Clodsire\n|-damage|p2a: Clodsire|44\/100\n|move|p2a: Clodsire|Recover|p2a: Clodsire\n|-heal|p2a: Clodsire|94\/100\n|\n|-heal|p2a: Clodsire|99\/100|[from] item: Black Sludge\n|-damage|p1a: Dragapult|34\/100 brn|[from] brn\n|upkeep\n|turn|33\n|\n|t:|1700330260\n|move|p1a: Dragapult|Psychic Fangs|p2a: Clodsire\n|-supereffective|p2a: Clodsire\n|-damage|p2a: Clodsire|70\/100\n|move|p2a: Clodsire|Yawn||[still]\n|-fail|p2a: Clodsire\n|\n|-heal|p2a: Clodsire|76\/100|[from] item: Black Sludge\n|-damage|p1a: Dragapult|28\/100 brn|[from] brn\n|upkeep\n|turn|34\n|\n|t:|1700330269\n|move|p1a: Dragapult|Psychic Fangs|p2a: Clodsire\n|-supereffective|p2a: Clodsire\n|-damage|p2a: Clodsire|46\/100\n|move|p2a: Clodsire|Yawn||[still]\n|-fail|p2a: Clodsire\n|\n|-heal|p2a: Clodsire|52\/100|[from] item: Black Sludge\n|-damage|p1a: Dragapult|22\/100 brn|[from] brn\n|upkeep\n|turn|35\n|\n|t:|1700330279\n|move|p1a: Dragapult|Psychic Fangs|p2a: Clodsire\n|-supereffective|p2a: Clodsire\n|-damage|p2a: Clodsire|19\/100\n|move|p2a: Clodsire|Recover|p2a: Clodsire\n|-heal|p2a: Clodsire|69\/100\n|\n|-heal|p2a: Clodsire|75\/100|[from] item: Black Sludge\n|-damage|p1a: Dragapult|16\/100 brn|[from] brn\n|upkeep\n|turn|36\n|\n|t:|1700330288\n|move|p1a: Dragapult|Psychic Fangs|p2a: Clodsire\n|-supereffective|p2a: Clodsire\n|-damage|p2a: Clodsire|43\/100\n|move|p2a: Clodsire|Yawn||[still]\n|-fail|p2a: Clodsire\n|\n|-heal|p2a: Clodsire|49\/100|[from] item: Black Sludge\n|-damage|p1a: Dragapult|10\/100 brn|[from] brn\n|upkeep\n|turn|37\n|\n|t:|1700330298\n|move|p1a: Dragapult|Psychic Fangs|p2a: Clodsire\n|-supereffective|p2a: Clodsire\n|-damage|p2a: Clodsire|21\/100\n|move|p2a: Clodsire|Recover|p2a: Clodsire\n|-heal|p2a: Clodsire|71\/100\n|\n|-heal|p2a: Clodsire|77\/100|[from] item: Black Sludge\n|-damage|p1a: Dragapult|4\/100 brn|[from] brn\n|upkeep\n|turn|38\n|\n|t:|1700330307\n|move|p1a: Dragapult|Psychic Fangs|p2a: Clodsire\n|-supereffective|p2a: Clodsire\n|-damage|p2a: Clodsire|43\/100\n|move|p2a: Clodsire|Recover|p2a: Clodsire\n|-heal|p2a: Clodsire|93\/100\n|\n|-heal|p2a: Clodsire|99\/100|[from] item: Black Sludge\n|-damage|p1a: Dragapult|0 fnt|[from] brn\n|faint|p1a: Dragapult\n|upkeep\n|\n|t:|1700330319\n|switch|p1a: Iron Moth|Iron Moth, tera:Flying|100\/100\n|turn|39\n|\n|t:|1700330324\n|move|p1a: Iron Moth|Fiery Dance|p2a: Clodsire\n|-damage|p2a: Clodsire|79\/100\n|-boost|p1a: Iron Moth|spa|1\n|move|p2a: Clodsire|Yawn|p1a: Iron Moth\n|-start|p1a: Iron Moth|move: Yawn|[of] p2a: Clodsire\n|\n|-heal|p2a: Clodsire|85\/100|[from] item: Black Sludge\n|upkeep\n|turn|40\n|\n|t:|1700330335\n|move|p1a: Iron Moth|Fiery Dance|p2a: Clodsire\n|-damage|p2a: Clodsire|52\/100\n|-boost|p1a: Iron Moth|spa|1\n|move|p2a: Clodsire|Recover|p2a: Clodsire\n|-heal|p2a: Clodsire|100\/100\n|\n|-end|p1a: Iron Moth|move: Yawn|[silent]\n|-status|p1a: Iron Moth|slp\n|upkeep\n|turn|41\n|\n|t:|1700330345\n|switch|p2a: Unstopable|Walking Wake|100\/100\n|cant|p1a: Iron Moth|slp\n|\n|upkeep\n|turn|42\n|\n|t:|1700330354\n|-curestatus|p1a: Iron Moth|slp|[msg]\n|move|p1a: Iron Moth|Sludge Wave|p2a: Unstopable\n|-damage|p2a: Unstopable|0 fnt\n|faint|p2a: Unstopable\n|-end|p2a: Unstopable|Protosynthesis|[silent]\n|\n|upkeep\n|\n|t:|1700330366\n|switch|p2a: Bonaparte|Breloom, M|100\/100\n|turn|43\n|\n|t:|1700330372\n|move|p1a: Iron Moth|Fiery Dance|p2a: Bonaparte\n|-supereffective|p2a: Bonaparte\n|-crit|p2a: Bonaparte\n|-enditem|p2a: Bonaparte|Focus Sash\n|-damage|p2a: Bonaparte|1\/100\n|move|p2a: Bonaparte|Spore|p1a: Iron Moth\n|-status|p1a: Iron Moth|slp|[from] move: Spore\n|\n|upkeep\n|turn|44\n|\n|t:|1700330393\n|switch|p2a: It's over 1000|Gholdengo|63\/100\n|cant|p1a: Iron Moth|slp\n|\n|upkeep\n|turn|45\n|\n|t:|1700330403\n|-terastallize|p2a: It's over 1000|Steel\n|move|p2a: It's over 1000|Make It Rain|p1a: Iron Moth\n|-damage|p1a: Iron Moth|20\/100 slp\n|-unboost|p2a: It's over 1000|spa|1\n|-curestatus|p1a: Iron Moth|slp|[msg]\n|move|p1a: Iron Moth|Fiery Dance|p2a: It's over 1000\n|-supereffective|p2a: It's over 1000\n|-damage|p2a: It's over 1000|0 fnt\n|faint|p2a: It's over 1000\n|\n|upkeep\n|c|\u2606smoodayx|WHAT ?\n|\n|t:|1700330424\n|switch|p2a: Bonaparte|Breloom, M|1\/100\n|turn|46\n|c|\u2606mikiolaf|What what\n|c|\u2606mikiolaf|It currently has 734 sp attack\n|c|\u2606smoodayx|he sleep only one time\n|c|\u2606smoodayx|Two time\n|c|\u2606mikiolaf|Pokemon can sleep beetwen 2 to 5\n|c|\u2606mikiolaf|Nothing weird\n|\n|t:|1700330486\n|move|p2a: Bonaparte|Mach Punch|p1a: Iron Moth\n|-resisted|p1a: Iron Moth\n|-damage|p1a: Iron Moth|0 fnt\n|faint|p1a: Iron Moth\n|-end|p1a: Iron Moth|Quark Drive|[silent]\n|\n|upkeep\n|\n|t:|1700330491\n|switch|p1a: Azelf|Azelf|1\/100\n|-damage|p1a: Azelf|0 fnt|[from] Stealth Rock\n|faint|p1a: Azelf\n|\n|win|smoodayx\n|raw|mikiolaf's rating: 1258 &rarr; <strong>1230<\/strong><br \/>(-28 for losing)\n|raw|smoodayx's rating: 1210 &rarr; <strong>1238<\/strong><br \/>(+28 for winning)\n|c|\u2606smoodayx|that's called haxx\n|c|\u2606mikiolaf|Ok Gg\n|c|\u2606smoodayx|gg\n|l|\u2606mikiolaf\n","uploadtime":1700330513,"views":7,"p1id":"mikiolaf","p2id":"smoodayx","formatid":"gen9ou","rating":1230,"private":0,"password":""}