{"id":"gen9ou-1996097057","p1":"KewlTheo","p2":"Maloux","format":"[Gen 9] OU","log":"|j|\u2606KewlTheo\n|j|\u2606Maloux\n|t:|1700643589\n|gametype|singles\n|player|p1|KewlTheo|morty|1360\n|player|p2|Maloux|brawly|1277\n|teamsize|p1|6\n|teamsize|p2|6\n|gen|9\n|tier|[Gen 9] OU\n|rated|\n|rule|Sleep Clause Mod: Limit one foe put to sleep\n|rule|Species Clause: Limit one of each Pok\u00e9mon\n|rule|OHKO Clause: OHKO moves are banned\n|rule|Evasion Items Clause: Evasion items are banned\n|rule|Evasion Moves Clause: Evasion moves are banned\n|rule|Endless Battle Clause: Forcing endless battles is banned\n|rule|HP Percentage Mod: HP is shown in percentages\n|clearpoke\n|poke|p1|Meowscarada, F|\n|poke|p1|Chandelure, M|\n|poke|p1|Lokix, M|\n|poke|p1|Great Tusk|\n|poke|p1|Empoleon, F|\n|poke|p1|Hatterene, F|\n|poke|p2|Kingambit, F|\n|poke|p2|Great Tusk|\n|poke|p2|Dragapult, F|\n|poke|p2|Ogerpon-Wellspring, F|\n|poke|p2|Blissey, F|\n|poke|p2|Zapdos|\n|teampreview\n|inactive|Battle timer is ON: inactive players will automatically lose when time's up. (requested by Maloux)\n|\n|t:|1700643603\n|start\n|switch|p1a: Chandelure|Chandelure, M|100\/100\n|switch|p2a: Zapdos|Zapdos|100\/100\n|turn|1\n|\n|t:|1700643612\n|move|p1a: Chandelure|Overheat|p2a: Zapdos\n|-damage|p2a: Zapdos|0 fnt\n|-unboost|p1a: Chandelure|spa|2\n|faint|p2a: Zapdos\n|\n|upkeep\n|\n|t:|1700643618\n|switch|p2a: Ogerpon|Ogerpon-Wellspring, F|100\/100\n|turn|2\n|\n|t:|1700643624\n|move|p2a: Ogerpon|U-turn|p1a: Chandelure\n|-resisted|p1a: Chandelure\n|-damage|p1a: Chandelure|91\/100\n|\n|t:|1700643635\n|switch|p2a: Blissey|Blissey, F|100\/100|[from] U-turn\n|move|p1a: Chandelure|Overheat|p2a: Blissey\n|-damage|p2a: Blissey|81\/100\n|-unboost|p1a: Chandelure|spa|2\n|\n|upkeep\n|turn|3\n|\n|t:|1700643642\n|switch|p1a: Great Tusk|Great Tusk|100\/100\n|move|p2a: Blissey|Seismic Toss|p1a: Great Tusk\n|-damage|p1a: Great Tusk|74\/100\n|\n|upkeep\n|turn|4\n|\n|t:|1700643652\n|switch|p2a: Ogerpon|Ogerpon-Wellspring, F|100\/100\n|move|p1a: Great Tusk|Ice Spinner|p2a: Ogerpon\n|-damage|p2a: Ogerpon|67\/100\n|\n|upkeep\n|turn|5\n|inactive|KewlTheo has 120 seconds left.\n|\n|t:|1700643684\n|-end|p1a: Great Tusk|Protosynthesis|[silent]\n|switch|p1a: Hatterene|Hatterene, F|100\/100\n|move|p2a: Ogerpon|U-turn|p1a: Hatterene\n|-damage|p1a: Hatterene|78\/100\n|inactive|Maloux has 120 seconds left.\n|\n|t:|1700643720\n|switch|p2a: Dragapult|Dragapult, F|100\/100|[from] U-turn\n|\n|-heal|p1a: Hatterene|84\/100|[from] item: Leftovers\n|upkeep\n|turn|6\n|inactive|Maloux has 120 seconds left.\n|\n|t:|1700643734\n|switch|p1a: Meowscarada|Meowscarada, F|100\/100\n|move|p2a: Dragapult|Shadow Ball|p1a: Meowscarada\n|-resisted|p1a: Meowscarada\n|-damage|p1a: Meowscarada|61\/100\n|\n|upkeep\n|turn|7\n|inactive|Maloux has 120 seconds left.\n|\n|t:|1700643748\n|switch|p2a: Ogerpon|Ogerpon-Wellspring, F|67\/100\n|move|p1a: Meowscarada|Knock Off|p2a: Ogerpon\n|-start|p1a: Meowscarada|typechange|Dark|[from] ability: Protean\n|-crit|p2a: Ogerpon\n|-damage|p2a: Ogerpon|10\/100\n|\n|upkeep\n|turn|8\n|inactive|Maloux has 120 seconds left.\n|\n|t:|1700643760\n|move|p1a: Meowscarada|Knock Off|p2a: Ogerpon\n|-damage|p2a: Ogerpon|0 fnt\n|faint|p2a: Ogerpon\n|\n|upkeep\n|inactive|Maloux has 120 seconds left.\n|\n|t:|1700643777\n|switch|p2a: Dragapult|Dragapult, F|100\/100\n|turn|9\n|\n|t:|1700643795\n|move|p1a: Meowscarada|Knock Off|p2a: Dragapult\n|-supereffective|p2a: Dragapult\n|-damage|p2a: Dragapult|0 fnt\n|-enditem|p2a: Dragapult|Choice Specs|[from] move: Knock Off|[of] p1a: Meowscarada\n|faint|p2a: Dragapult\n|\n|upkeep\n|\n|t:|1700643801\n|switch|p2a: Great Tusk|Great Tusk|100\/100\n|turn|10\n|\n|t:|1700643820\n|switch|p1a: Hatterene|Hatterene, F|84\/100\n|move|p2a: Great Tusk|Earthquake|p1a: Hatterene\n|-damage|p1a: Hatterene|51\/100\n|\n|-heal|p1a: Hatterene|57\/100|[from] item: Leftovers\n|upkeep\n|turn|11\n|\n|t:|1700643837\n|-end|p2a: Great Tusk|Protosynthesis|[silent]\n|switch|p2a: Blissey|Blissey, F|81\/100\n|move|p1a: Hatterene|Draining Kiss|p2a: Blissey\n|-damage|p2a: Blissey|73\/100\n|-heal|p1a: Hatterene|71\/100|[from] drain|[of] p2a: Blissey\n|\n|-heal|p1a: Hatterene|77\/100|[from] item: Leftovers\n|upkeep\n|turn|12\n|\n|t:|1700643850\n|switch|p1a: Lokix|Lokix, M|100\/100\n|move|p2a: Blissey|Seismic Toss|p1a: Lokix\n|-damage|p1a: Lokix|65\/100\n|\n|upkeep\n|turn|13\n|\n|t:|1700643856\n|switch|p2a: Great Tusk|Great Tusk|100\/100\n|move|p1a: Lokix|U-turn|p2a: Great Tusk\n|-resisted|p2a: Great Tusk\n|-damage|p2a: Great Tusk|67\/100\n|\n|t:|1700643886\n|switch|p1a: Meowscarada|Meowscarada, F|61\/100|[from] U-turn\n|\n|-heal|p2a: Great Tusk|74\/100|[from] item: Leftovers\n|upkeep\n|turn|14\n|inactive|Maloux has 120 seconds left.\n|\n|t:|1700643911\n|move|p1a: Meowscarada|U-turn|p2a: Great Tusk\n|-start|p1a: Meowscarada|typechange|Bug|[from] ability: Protean\n|-resisted|p2a: Great Tusk\n|-damage|p2a: Great Tusk|63\/100\n|\n|t:|1700643921\n|switch|p1a: Hatterene|Hatterene, F|77\/100|[from] U-turn\n|move|p2a: Great Tusk|Knock Off|p1a: Hatterene\n|-damage|p1a: Hatterene|54\/100\n|-enditem|p1a: Hatterene|Leftovers|[from] move: Knock Off|[of] p2a: Great Tusk\n|\n|-heal|p2a: Great Tusk|69\/100|[from] item: Leftovers\n|upkeep\n|turn|15\n|\n|t:|1700643933\n|-end|p2a: Great Tusk|Protosynthesis|[silent]\n|switch|p2a: Blissey|Blissey, F|73\/100\n|move|p1a: Hatterene|Calm Mind|p1a: Hatterene\n|-boost|p1a: Hatterene|spa|1\n|-boost|p1a: Hatterene|spd|1\n|\n|upkeep\n|turn|16\n|\n|t:|1700643939\n|move|p2a: Blissey|Seismic Toss|p1a: Hatterene\n|-damage|p1a: Hatterene|23\/100\n|move|p1a: Hatterene|Calm Mind|p1a: Hatterene\n|-boost|p1a: Hatterene|spa|1\n|-boost|p1a: Hatterene|spd|1\n|\n|upkeep\n|turn|17\n|\n|t:|1700643950\n|switch|p1a: Great Tusk|Great Tusk|74\/100\n|move|p2a: Blissey|Seismic Toss|p1a: Great Tusk\n|-damage|p1a: Great Tusk|47\/100\n|\n|upkeep\n|turn|18\n|inactive|Maloux has 120 seconds left.\n|\n|t:|1700643958\n|switch|p2a: Great Tusk|Great Tusk|69\/100\n|move|p1a: Great Tusk|Close Combat|p2a: Great Tusk\n|-damage|p2a: Great Tusk|30\/100\n|-unboost|p1a: Great Tusk|def|1\n|-unboost|p1a: Great Tusk|spd|1\n|\n|-heal|p2a: Great Tusk|36\/100|[from] item: Leftovers\n|upkeep\n|turn|19\n|inactive|Maloux has 120 seconds left.\n|\n|t:|1700643974\n|move|p2a: Great Tusk|Earthquake|p1a: Great Tusk\n|-damage|p1a: Great Tusk|0 fnt\n|faint|p1a: Great Tusk\n|-end|p1a: Great Tusk|Protosynthesis|[silent]\n|\n|-heal|p2a: Great Tusk|42\/100|[from] item: Leftovers\n|upkeep\n|\n|t:|1700643980\n|switch|p1a: Meowscarada|Meowscarada, F|61\/100\n|turn|20\n|\n|t:|1700643987\n|move|p1a: Meowscarada|Flower Trick|p2a: Great Tusk\n|-start|p1a: Meowscarada|typechange|Grass|[from] ability: Protean\n|-supereffective|p2a: Great Tusk\n|-crit|p2a: Great Tusk\n|-damage|p2a: Great Tusk|0 fnt\n|faint|p2a: Great Tusk\n|-end|p2a: Great Tusk|Protosynthesis|[silent]\n|\n|upkeep\n|\n|t:|1700643994\n|switch|p2a: Kingambit|Kingambit, F|100\/100\n|-activate|p2a: Kingambit|ability: Supreme Overlord\n|-start|p2a: Kingambit|fallen4|[silent]\n|turn|21\n|\n|t:|1700644015\n|switch|p1a: Lokix|Lokix, M|65\/100\n|-terastallize|p2a: Kingambit|Dark\n|move|p2a: Kingambit|Kowtow Cleave|p1a: Lokix\n|-resisted|p1a: Lokix\n|-damage|p1a: Lokix|1\/100\n|\n|upkeep\n|turn|22\n|\n|t:|1700644031\n|move|p1a: Lokix|First Impression|p2a: Kingambit\n|-supereffective|p2a: Kingambit\n|-damage|p2a: Kingambit|0 fnt\n|faint|p2a: Kingambit\n|-end|p2a: Kingambit|fallen4|[silent]\n|\n|upkeep\n|\n|t:|1700644036\n|switch|p2a: Blissey|Blissey, F|73\/100\n|turn|23\n|\n|t:|1700644040\n|switch|p1a: Chandelure|Chandelure, M|91\/100\n|move|p2a: Blissey|Seismic Toss|p1a: Chandelure\n|-immune|p1a: Chandelure\n|\n|upkeep\n|turn|24\n|-message|Maloux forfeited.\n|\n|win|KewlTheo\n|raw|KewlTheo's rating: 1360 &rarr; <strong>1375<\/strong><br \/>(+15 for winning)\n|raw|Maloux's rating: 1277 &rarr; <strong>1258<\/strong><br \/>(-19 for losing)\n|l|\u2606Maloux\n","uploadtime":1700644060,"views":11,"p1id":"kewltheo","p2id":"maloux","formatid":"gen9ou","rating":1258,"private":0,"password":""}