{"id":"gen9ou-1989207480","p1":"Skoomabangbang","p2":"Yumick2","format":"[Gen 9] OU","log":"|j|\u2606Skoomabangbang\n|j|\u2606Yumick2\n|t:|1699823472\n|gametype|singles\n|player|p1|Skoomabangbang|shadowtriad|\n|player|p2|Yumick2|lucas|\n|teamsize|p1|6\n|teamsize|p2|6\n|gen|9\n|tier|[Gen 9] OU\n|rule|Sleep Clause Mod: Limit one foe put to sleep\n|rule|Species Clause: Limit one of each Pok\u00e9mon\n|rule|OHKO Clause: OHKO moves are banned\n|rule|Evasion Items Clause: Evasion items are banned\n|rule|Evasion Moves Clause: Evasion moves are banned\n|rule|Endless Battle Clause: Forcing endless battles is banned\n|rule|HP Percentage Mod: HP is shown in percentages\n|clearpoke\n|poke|p1|Torkoal, M|\n|poke|p1|Ceruledge, M|\n|poke|p1|Tauros-Paldea-Blaze, M|\n|poke|p1|Volcanion|\n|poke|p1|Charizard, M|\n|poke|p1|Cinderace, M|\n|poke|p2|Tauros-Paldea-Blaze, M|\n|poke|p2|Rotom-Heat|\n|poke|p2|Ceruledge, M|\n|poke|p2|Volcanion|\n|poke|p2|Infernape, M|\n|poke|p2|Charizard, M|\n|teampreview\n|\n|t:|1699823501\n|start\n|switch|p1a: Tortue G\u00e9nial|Torkoal, M|100\/100\n|switch|p2a: Rotom|Rotom-Heat|100\/100\n|-weather|SunnyDay|[from] ability: Drought|[of] p1a: Tortue G\u00e9nial\n|turn|1\n|\n|t:|1699823516\n|move|p2a: Rotom|Nasty Plot|p2a: Rotom\n|-boost|p2a: Rotom|spa|2\n|move|p1a: Tortue G\u00e9nial|Stealth Rock|p2a: Rotom\n|-sidestart|p2: Yumick2|move: Stealth Rock\n|\n|-weather|SunnyDay|[upkeep]\n|upkeep\n|turn|2\n|\n|t:|1699823542\n|move|p2a: Rotom|Discharge|p1a: Tortue G\u00e9nial\n|-damage|p1a: Tortue G\u00e9nial|9\/100\n|move|p1a: Tortue G\u00e9nial|Lava Plume|p2a: Rotom\n|-resisted|p2a: Rotom\n|-damage|p2a: Rotom|80\/100\n|\n|-weather|SunnyDay|[upkeep]\n|-heal|p2a: Rotom|86\/100|[from] item: Leftovers\n|upkeep\n|turn|3\n|\n|t:|1699823562\n|move|p2a: Rotom|Discharge|p1a: Tortue G\u00e9nial\n|-damage|p1a: Tortue G\u00e9nial|0 fnt\n|faint|p1a: Tortue G\u00e9nial\n|\n|-weather|SunnyDay|[upkeep]\n|-heal|p2a: Rotom|92\/100|[from] item: Leftovers\n|upkeep\n|\n|t:|1699823592\n|switch|p1a: Ace|Cinderace, M, shiny|100\/100\n|turn|4\n|\n|t:|1699823602\n|move|p1a: Ace|Sucker Punch||[still]\n|-fail|p1a: Ace\n|move|p2a: Rotom|Nasty Plot|p2a: Rotom\n|-boost|p2a: Rotom|spa|2\n|\n|-weather|SunnyDay|[upkeep]\n|-heal|p2a: Rotom|98\/100|[from] item: Leftovers\n|upkeep\n|turn|5\n|\n|t:|1699823617\n|move|p1a: Ace|Pyro Ball|p2a: Rotom\n|-resisted|p2a: Rotom\n|-damage|p2a: Rotom|50\/100\n|move|p2a: Rotom|Nasty Plot|p2a: Rotom\n|-boost|p2a: Rotom|spa|2\n|\n|-weather|SunnyDay|[upkeep]\n|-heal|p2a: Rotom|56\/100|[from] item: Leftovers\n|upkeep\n|turn|6\n|\n|t:|1699823627\n|move|p1a: Ace|Sucker Punch|p2a: Rotom\n|-start|p1a: Ace|typechange|Dark|[from] ability: Libero\n|-damage|p2a: Rotom|19\/100\n|move|p2a: Rotom|Discharge|p1a: Ace\n|-damage|p1a: Ace|0 fnt\n|faint|p1a: Ace\n|\n|-weather|SunnyDay|[upkeep]\n|-heal|p2a: Rotom|26\/100|[from] item: Leftovers\n|upkeep\n|\n|t:|1699823655\n|switch|p1a: Ryuma|Ceruledge, M, shiny|100\/100\n|turn|7\n|\n|t:|1699823668\n|move|p1a: Ryuma|Shadow Sneak|p2a: Rotom\n|-damage|p2a: Rotom|0 fnt\n|faint|p2a: Rotom\n|\n|-weather|SunnyDay|[upkeep]\n|upkeep\n|\n|t:|1699823675\n|switch|p2a: Tauros|Tauros-Paldea-Blaze, M|100\/100\n|-ability|p2a: Tauros|Intimidate|boost\n|-unboost|p1a: Ryuma|atk|1\n|turn|8\n|\n|t:|1699823689\n|switch|p1a: Tanjiro|Volcanion|100\/100\n|move|p2a: Tauros|Rock Tomb|p1a: Tanjiro\n|-supereffective|p1a: Tanjiro\n|-damage|p1a: Tanjiro|73\/100\n|-unboost|p1a: Tanjiro|spe|1\n|\n|-weather|none\n|upkeep\n|turn|9\n|\n|t:|1699823706\n|move|p2a: Tauros|Earthquake|p1a: Tanjiro\n|-supereffective|p1a: Tanjiro\n|-damage|p1a: Tanjiro|28\/100\n|move|p1a: Tanjiro|Earth Power|p2a: Tauros\n|-supereffective|p2a: Tauros\n|-damage|p2a: Tauros|26\/100\n|\n|upkeep\n|turn|10\n|\n|t:|1699823722\n|switch|p1a: Dragnir|Charizard, M, shiny|100\/100\n|move|p2a: Tauros|Rock Tomb|p1a: Dragnir\n|-supereffective|p1a: Dragnir\n|-damage|p1a: Dragnir|0 fnt\n|faint|p1a: Dragnir\n|\n|upkeep\n|\n|t:|1699823732\n|switch|p1a: Ryuma|Ceruledge, M, shiny|100\/100\n|turn|11\n|\n|t:|1699823738\n|switch|p2a: Volcanion|Volcanion|100\/100\n|-damage|p2a: Volcanion|76\/100|[from] Stealth Rock\n|move|p1a: Ryuma|Shadow Sneak|p2a: Volcanion\n|-damage|p2a: Volcanion|58\/100\n|\n|upkeep\n|turn|12\n|\n|t:|1699823755\n|switch|p1a: Tanjiro|Volcanion|28\/100\n|move|p2a: Volcanion|Earth Power|p1a: Tanjiro\n|-supereffective|p1a: Tanjiro\n|-damage|p1a: Tanjiro|0 fnt\n|faint|p1a: Tanjiro\n|\n|upkeep\n|\n|t:|1699823779\n|switch|p1a: Aldebaran|Tauros-Paldea-Blaze, M|100\/100\n|-ability|p1a: Aldebaran|Intimidate|boost\n|-unboost|p2a: Volcanion|atk|1\n|turn|13\n|\n|t:|1699823795\n|move|p1a: Aldebaran|Close Combat|p2a: Volcanion\n|-damage|p2a: Volcanion|0 fnt\n|-unboost|p1a: Aldebaran|def|1\n|-unboost|p1a: Aldebaran|spd|1\n|faint|p2a: Volcanion\n|\n|upkeep\n|\n|t:|1699823804\n|switch|p2a: Infernape|Infernape, M|100\/100\n|-damage|p2a: Infernape|88\/100|[from] Stealth Rock\n|turn|14\n|\n|t:|1699823811\n|switch|p1a: Ryuma|Ceruledge, M, shiny|100\/100\n|move|p2a: Infernape|Earthquake|p1a: Ryuma\n|-supereffective|p1a: Ryuma\n|-damage|p1a: Ryuma|7\/100\n|-ability|p1a: Ryuma|Weak Armor|boost\n|-unboost|p1a: Ryuma|def|1\n|-boost|p1a: Ryuma|spe|2\n|\n|-heal|p1a: Ryuma|13\/100|[from] item: Leftovers\n|upkeep\n|turn|15\n|\n|t:|1699823827\n|move|p1a: Ryuma|Bitter Blade|p2a: Infernape\n|-resisted|p2a: Infernape\n|-damage|p2a: Infernape|50\/100\n|-heal|p1a: Ryuma|31\/100|[from] drain|[of] p2a: Infernape\n|move|p2a: Infernape|Earthquake|p1a: Ryuma\n|-supereffective|p1a: Ryuma\n|-damage|p1a: Ryuma|0 fnt\n|faint|p1a: Ryuma\n|\n|upkeep\n|\n|t:|1699823837\n|switch|p1a: Aldebaran|Tauros-Paldea-Blaze, M|100\/100\n|-ability|p1a: Aldebaran|Intimidate|boost\n|-unboost|p2a: Infernape|atk|1\n|turn|16\n|\n|t:|1699823852\n|-terastallize|p1a: Aldebaran|Rock\n|move|p2a: Infernape|Earthquake|p1a: Aldebaran\n|-supereffective|p1a: Aldebaran\n|-damage|p1a: Aldebaran|31\/100\n|move|p1a: Aldebaran|Tera Blast|p2a: Infernape|[anim] Tera Blast Rock\n|-damage|p2a: Infernape|0 fnt\n|faint|p2a: Infernape\n|\n|upkeep\n|\n|t:|1699823865\n|switch|p2a: Tauros|Tauros-Paldea-Blaze, M|26\/100\n|-ability|p2a: Tauros|Intimidate|boost\n|-unboost|p1a: Aldebaran|atk|1\n|turn|17\n|\n|t:|1699823872\n|move|p1a: Aldebaran|Tera Blast|p2a: Tauros|[anim] Tera Blast Rock\n|-damage|p2a: Tauros|0 fnt\n|faint|p2a: Tauros\n|\n|upkeep\n|\n|t:|1699823878\n|switch|p2a: Ceruledge|Ceruledge, M|100\/100\n|-damage|p2a: Ceruledge|76\/100|[from] Stealth Rock\n|turn|18\n|\n|t:|1699823887\n|move|p1a: Aldebaran|Tera Blast|p2a: Ceruledge|[anim] Tera Blast Rock\n|-supereffective|p2a: Ceruledge\n|-damage|p2a: Ceruledge|0 fnt\n|faint|p2a: Ceruledge\n|\n|upkeep\n|\n|t:|1699823892\n|switch|p2a: Charizard|Charizard, M|100\/100\n|-damage|p2a: Charizard|50\/100|[from] Stealth Rock\n|turn|19\n|\n|t:|1699823899\n|move|p1a: Aldebaran|Tera Blast|p2a: Charizard|[anim] Tera Blast Rock\n|-supereffective|p2a: Charizard\n|-damage|p2a: Charizard|0 fnt\n|faint|p2a: Charizard\n|\n|win|Skoomabangbang\n|l|\u2606Skoomabangbang\n|l|\u2606Yumick2\n|j|\u2606Skoomabangbang\n|player|p1|Skoomabangbang|shadowtriad\n","uploadtime":1699823907,"views":28,"p1id":"skoomabangbang","p2id":"yumick2","formatid":"gen9ou","rating":0,"private":0,"password":""}