{"id":"gen9ou-1991876753","p1":"Diatere","p2":"Surfall","format":"[Gen 9] OU","log":"|j|\u2606Diatere\n|j|\u2606Surfall\n|t:|1700132300\n|gametype|singles\n|player|p1|Diatere|mina|1350\n|player|p2|Surfall|li|1452\n|teamsize|p1|6\n|teamsize|p2|6\n|gen|9\n|tier|[Gen 9] OU\n|rated|\n|rule|Sleep Clause Mod: Limit one foe put to sleep\n|rule|Species Clause: Limit one of each Pok\u00e9mon\n|rule|OHKO Clause: OHKO moves are banned\n|rule|Evasion Items Clause: Evasion items are banned\n|rule|Evasion Moves Clause: Evasion moves are banned\n|rule|Endless Battle Clause: Forcing endless battles is banned\n|rule|HP Percentage Mod: HP is shown in percentages\n|clearpoke\n|poke|p1|Ninetales-Alola, M|\n|poke|p1|Sneasler, M|\n|poke|p1|Hatterene, F|\n|poke|p1|Manaphy|\n|poke|p1|Ogerpon-Cornerstone, F|\n|poke|p1|Rillaboom, M|\n|poke|p2|Great Tusk|\n|poke|p2|Ting-Lu|\n|poke|p2|Zapdos|\n|poke|p2|Gholdengo|\n|poke|p2|Iron Valiant|\n|poke|p2|Ogerpon-Wellspring, F|\n|teampreview\n|\n|t:|1700132316\n|start\n|switch|p1a: Tavros|Ninetales-Alola, M|100\/100\n|switch|p2a: Gholdengoat|Gholdengo|100\/100\n|-weather|Snow|[from] ability: Snow Warning|[of] p1a: Tavros\n|-item|p2a: Gholdengoat|Air Balloon\n|turn|1\n|\n|t:|1700132323\n|move|p1a: Tavros|Aurora Veil|p1a: Tavros\n|-sidestart|p1: Diatere|move: Aurora Veil\n|move|p2a: Gholdengoat|Make It Rain|p1a: Tavros\n|-supereffective|p1a: Tavros\n|-damage|p1a: Tavros|0 fnt\n|-unboost|p2a: Gholdengoat|spa|1\n|faint|p1a: Tavros\n|\n|-weather|Snow|[upkeep]\n|upkeep\n|\n|t:|1700132329\n|switch|p1a: Gamzee|Rillaboom, M|100\/100\n|-fieldstart|move: Grassy Terrain|[from] ability: Grassy Surge|[of] p1a: Gamzee\n|turn|2\n|\n|t:|1700132336\n|switch|p2a: Zapdos|Zapdos|100\/100\n|move|p1a: Gamzee|Knock Off|p2a: Zapdos\n|-damage|p2a: Zapdos|58\/100\n|-status|p1a: Gamzee|par|[from] ability: Static|[of] p2a: Zapdos\n|-enditem|p2a: Zapdos|Heavy-Duty Boots|[from] move: Knock Off|[of] p1a: Gamzee\n|\n|-weather|Snow|[upkeep]\n|upkeep\n|turn|3\n|\n|t:|1700132344\n|switch|p1a: Karkat|Sneasler, M|100\/100\n|-enditem|p1a: Karkat|Grassy Seed\n|-boost|p1a: Karkat|def|1|[from] item: Grassy Seed\n|move|p2a: Zapdos|Roost|p2a: Zapdos\n|-heal|p2a: Zapdos|100\/100\n|-singleturn|p2a: Zapdos|move: Roost\n|\n|-weather|Snow|[upkeep]\n|upkeep\n|turn|4\n|\n|t:|1700132361\n|switch|p2a: Iron Valiant|Iron Valiant|100\/100\n|-enditem|p2a: Iron Valiant|Booster Energy\n|-activate|p2a: Iron Valiant|ability: Quark Drive|[fromitem]\n|-start|p2a: Iron Valiant|quarkdrivespe\n|move|p1a: Karkat|Swords Dance|p1a: Karkat\n|-boost|p1a: Karkat|atk|2\n|\n|-weather|Snow|[upkeep]\n|upkeep\n|turn|5\n|\n|t:|1700132370\n|move|p1a: Karkat|Acrobatics|p2a: Iron Valiant\n|-supereffective|p2a: Iron Valiant\n|-damage|p2a: Iron Valiant|0 fnt\n|faint|p2a: Iron Valiant\n|-end|p2a: Iron Valiant|Quark Drive|[silent]\n|\n|-weather|none\n|upkeep\n|\n|t:|1700132378\n|switch|p2a: Zapdos|Zapdos|100\/100\n|turn|6\n|\n|t:|1700132387\n|move|p1a: Karkat|Dire Claw|p2a: Zapdos\n|-damage|p2a: Zapdos|17\/100\n|-status|p2a: Zapdos|psn\n|move|p2a: Zapdos|Hurricane|p1a: Karkat|[miss]\n|-miss|p2a: Zapdos|p1a: Karkat\n|\n|-damage|p2a: Zapdos|5\/100 psn|[from] psn\n|-fieldend|move: Grassy Terrain\n|upkeep\n|turn|7\n|\n|t:|1700132399\n|move|p1a: Karkat|Swords Dance|p1a: Karkat\n|-boost|p1a: Karkat|atk|2\n|move|p2a: Zapdos|Hurricane|p1a: Karkat|[miss]\n|-miss|p2a: Zapdos|p1a: Karkat\n|\n|-damage|p2a: Zapdos|0 fnt|[from] psn\n|faint|p2a: Zapdos\n|upkeep\n|\n|t:|1700132413\n|switch|p2a: Ting-Lu|Ting-Lu|100\/100\n|-ability|p2a: Ting-Lu|Vessel of Ruin\n|turn|8\n|\n|t:|1700132430\n|-terastallize|p2a: Ting-Lu|Poison\n|move|p1a: Karkat|Close Combat|p2a: Ting-Lu\n|-resisted|p2a: Ting-Lu\n|-damage|p2a: Ting-Lu|40\/100\n|-unboost|p1a: Karkat|def|1\n|-unboost|p1a: Karkat|spd|1\n|move|p2a: Ting-Lu|Whirlwind|p1a: Karkat\n|drag|p1a: Terezi|Manaphy|100\/100\n|\n|-heal|p2a: Ting-Lu|47\/100|[from] item: Leftovers\n|-sideend|p1: Diatere|move: Aurora Veil\n|upkeep\n|turn|9\n|\n|t:|1700132446\n|move|p1a: Terezi|Take Heart|p1a: Terezi\n|-boost|p1a: Terezi|spa|1\n|-boost|p1a: Terezi|spd|1\n|move|p2a: Ting-Lu|Stealth Rock|p1a: Terezi\n|-sidestart|p1: Diatere|move: Stealth Rock\n|\n|-heal|p2a: Ting-Lu|53\/100|[from] item: Leftovers\n|upkeep\n|turn|10\n|\n|t:|1700132451\n|move|p1a: Terezi|Stored Power|p2a: Ting-Lu\n|-supereffective|p2a: Ting-Lu\n|-damage|p2a: Ting-Lu|31\/100\n|move|p2a: Ting-Lu|Whirlwind|p1a: Terezi\n|drag|p1a: Kanaya|Hatterene, F|100\/100\n|-damage|p1a: Kanaya|88\/100|[from] Stealth Rock\n|\n|-heal|p2a: Ting-Lu|37\/100|[from] item: Leftovers\n|upkeep\n|turn|11\n|\n|t:|1700132465\n|switch|p2a: Gholdengoat|Gholdengo|100\/100\n|-item|p2a: Gholdengoat|Air Balloon\n|move|p1a: Kanaya|Psyshock|p2a: Gholdengoat\n|-resisted|p2a: Gholdengoat\n|-damage|p2a: Gholdengoat|79\/100\n|-enditem|p2a: Gholdengoat|Air Balloon\n|\n|upkeep\n|turn|12\n|\n|t:|1700132472\n|switch|p1a: Gamzee|Rillaboom, M|100\/100 par\n|-damage|p1a: Gamzee|88\/100 par|[from] Stealth Rock\n|-fieldstart|move: Grassy Terrain|[from] ability: Grassy Surge|[of] p1a: Gamzee\n|move|p2a: Gholdengoat|Nasty Plot|p2a: Gholdengoat\n|-boost|p2a: Gholdengoat|spa|2\n|\n|-heal|p2a: Gholdengoat|85\/100|[from] Grassy Terrain\n|-heal|p1a: Gamzee|94\/100 par|[from] Grassy Terrain\n|upkeep\n|turn|13\n|\n|t:|1700132482\n|move|p2a: Gholdengoat|Shadow Ball|p1a: Gamzee\n|-damage|p1a: Gamzee|0 fnt\n|faint|p1a: Gamzee\n|\n|-heal|p2a: Gholdengoat|91\/100|[from] Grassy Terrain\n|upkeep\n|\n|t:|1700132488\n|switch|p1a: Kanaya|Hatterene, F|88\/100\n|-damage|p1a: Kanaya|76\/100|[from] Stealth Rock\n|-enditem|p1a: Kanaya|Grassy Seed\n|-boost|p1a: Kanaya|def|1|[from] item: Grassy Seed\n|turn|14\n|\n|t:|1700132492\n|-terastallize|p1a: Kanaya|Water\n|move|p2a: Gholdengoat|Make It Rain|p1a: Kanaya\n|-resisted|p1a: Kanaya\n|-damage|p1a: Kanaya|6\/100\n|-unboost|p2a: Gholdengoat|spa|1\n|move|p1a: Kanaya|Mystical Fire|p2a: Gholdengoat\n|-supereffective|p2a: Gholdengoat\n|-damage|p2a: Gholdengoat|35\/100\n|-unboost|p2a: Gholdengoat|spa|1\n|\n|-heal|p2a: Gholdengoat|41\/100|[from] Grassy Terrain\n|-heal|p1a: Kanaya|12\/100|[from] Grassy Terrain\n|upkeep\n|turn|15\n|\n|t:|1700132512\n|move|p2a: Gholdengoat|Shadow Ball|p1a: Kanaya\n|-damage|p1a: Kanaya|0 fnt\n|faint|p1a: Kanaya\n|\n|-heal|p2a: Gholdengoat|47\/100|[from] Grassy Terrain\n|upkeep\n|\n|t:|1700132519\n|switch|p1a: Terezi|Manaphy|100\/100\n|-damage|p1a: Terezi|88\/100|[from] Stealth Rock\n|turn|16\n|\n|t:|1700132531\n|switch|p2a: Ogerpon|Ogerpon-Wellspring, F|100\/100\n|move|p1a: Terezi|Take Heart|p1a: Terezi\n|-boost|p1a: Terezi|spa|1\n|-boost|p1a: Terezi|spd|1\n|\n|-heal|p1a: Terezi|94\/100|[from] Grassy Terrain\n|-heal|p1a: Terezi|99\/100|[from] item: Leftovers\n|-fieldend|move: Grassy Terrain\n|upkeep\n|turn|17\n|\n|t:|1700132540\n|switch|p1a: Karkat|Sneasler, M|100\/100\n|-damage|p1a: Karkat|95\/100|[from] Stealth Rock\n|move|p2a: Ogerpon|Taunt|p1a: Karkat\n|-start|p1a: Karkat|move: Taunt\n|\n|upkeep\n|turn|18\n|\n|t:|1700132558\n|move|p2a: Ogerpon|Ivy Cudgel|p1a: Karkat|[anim] Ivy Cudgel Water\n|-damage|p1a: Karkat|0 fnt\n|faint|p1a: Karkat\n|\n|upkeep\n|\n|t:|1700132586\n|switch|p1a: Vriska|Ogerpon-Cornerstone, F|100\/100\n|-damage|p1a: Vriska|88\/100|[from] Stealth Rock\n|turn|19\n|\n|t:|1700132601\n|move|p2a: Ogerpon|Ivy Cudgel|p1a: Vriska|[anim] Ivy Cudgel Water\n|-damage|p1a: Vriska|4\/100\n|move|p1a: Vriska|Swords Dance|p1a: Vriska\n|-boost|p1a: Vriska|atk|2\n|\n|upkeep\n|turn|20\n|\n|t:|1700132609\n|move|p1a: Vriska|Power Whip|p2a: Ogerpon\n|-damage|p2a: Ogerpon|0 fnt\n|faint|p2a: Ogerpon\n|\n|upkeep\n|\n|t:|1700132616\n|switch|p2a: Great Tusk|Great Tusk|100\/100\n|turn|21\n|\n|t:|1700132620\n|move|p1a: Vriska|Power Whip|p2a: Great Tusk\n|-supereffective|p2a: Great Tusk\n|-damage|p2a: Great Tusk|0 fnt\n|faint|p2a: Great Tusk\n|-end|p2a: Great Tusk|Protosynthesis|[silent]\n|\n|upkeep\n|\n|t:|1700132623\n|switch|p2a: Gholdengoat|Gholdengo|47\/100\n|turn|22\n|\n|t:|1700132626\n|move|p1a: Vriska|Ivy Cudgel|p2a: Gholdengoat|[anim] Ivy Cudgel Rock\n|-resisted|p2a: Gholdengoat\n|-damage|p2a: Gholdengoat|0 fnt\n|faint|p2a: Gholdengoat\n|\n|upkeep\n|\n|t:|1700132629\n|switch|p2a: Ting-Lu|Ting-Lu, tera:Poison|37\/100\n|-ability|p2a: Ting-Lu|Vessel of Ruin\n|turn|23\n|\n|t:|1700132631\n|move|p1a: Vriska|Ivy Cudgel|p2a: Ting-Lu|[anim] Ivy Cudgel Rock\n|-damage|p2a: Ting-Lu|0 fnt\n|faint|p2a: Ting-Lu\n|\n|win|Diatere\n|raw|Diatere's rating: 1350 &rarr; <strong>1376<\/strong><br \/>(+26 for winning)\n|raw|Surfall's rating: 1452 &rarr; <strong>1426<\/strong><br \/>(-26 for losing)\n|l|\u2606Surfall\n|c|\u2606Diatere|speed ties suck\n|c|\u2606Diatere|until i win off of one B)\n","uploadtime":1700132647,"views":23,"p1id":"diatere","p2id":"surfall","formatid":"gen9ou","rating":1376,"private":0,"password":""}