{"id":"gen9ou-1997722983","p1":"Firer","p2":"dia-sre","format":"[Gen 9] OU","log":"|j|\u2606Firer\n|j|\u2606dia-sre\n|t:|1700845769\n|gametype|singles\n|player|p1|Firer|palmer|1913\n|player|p2|dia-sre|265|1842\n|teamsize|p1|6\n|teamsize|p2|6\n|gen|9\n|tier|[Gen 9] OU\n|rated|\n|rule|Sleep Clause Mod: Limit one foe put to sleep\n|rule|Species Clause: Limit one of each Pok\u00e9mon\n|rule|OHKO Clause: OHKO moves are banned\n|rule|Evasion Items Clause: Evasion items are banned\n|rule|Evasion Moves Clause: Evasion moves are banned\n|rule|Endless Battle Clause: Forcing endless battles is banned\n|rule|HP Percentage Mod: HP is shown in percentages\n|clearpoke\n|poke|p1|Grimmsnarl, M|\n|poke|p1|Slowking-Galar, M|\n|poke|p1|Great Tusk|\n|poke|p1|Ogerpon-Cornerstone, F|\n|poke|p1|Tauros-Paldea-Blaze, M|\n|poke|p1|Dragonite, M|\n|poke|p2|Garchomp, F|\n|poke|p2|Gholdengo|\n|poke|p2|Goodra-Hisui, F|\n|poke|p2|Hoopa-Unbound|\n|poke|p2|Weezing-Galar, F|\n|poke|p2|Zapdos-Galar|\n|teampreview\n|inactive|Battle timer is ON: inactive players will automatically lose when time's up. (requested by dia-sre)\n|inactive|Firer also wants the timer to be on.\n|\n|t:|1700845785\n|start\n|switch|p1a: Grimmsnarl|Grimmsnarl, M, shiny|100\/100\n|switch|p2a: Gholdengo|Gholdengo|100\/100\n|-item|p1a: Grimmsnarl|Air Balloon\n|turn|1\n|\n|t:|1700845798\n|switch|p1a: Slowking|Slowking-Galar, M|100\/100\n|move|p2a: Gholdengo|Make It Rain|p1a: Slowking\n|-damage|p1a: Slowking|65\/100\n|-unboost|p2a: Gholdengo|spa|1\n|\n|upkeep\n|turn|2\n|inactive|Firer has 120 seconds left.\n|\n|t:|1700845830\n|switch|p2a: Hoopa|Hoopa-Unbound|100\/100\n|move|p1a: Slowking|Chilly Reception|p1a: Slowking\n|-weather|Snow\n|inactive|Firer has 120 seconds left.\n|\n|t:|1700845840\n|switch|p1a: Ogerpon|Ogerpon-Cornerstone, F|100\/100|[from] Chilly Reception\n|\n|-weather|Snow|[upkeep]\n|upkeep\n|turn|3\n|inactive|Firer has 120 seconds left.\n|\n|t:|1700845850\n|switch|p2a: Garchomp|Garchomp, F|100\/100\n|move|p1a: Ogerpon|Power Whip|p2a: Garchomp\n|-damage|p2a: Garchomp|58\/100\n|-damage|p1a: Ogerpon|88\/100|[from] ability: Rough Skin|[of] p2a: Garchomp\n|-damage|p1a: Ogerpon|72\/100|[from] item: Rocky Helmet|[of] p2a: Garchomp\n|\n|-weather|Snow|[upkeep]\n|upkeep\n|turn|4\n|inactive|Firer has 120 seconds left.\n|\n|t:|1700845884\n|switch|p1a: Great Tusk|Great Tusk|100\/100\n|move|p2a: Garchomp|Earthquake|p1a: Great Tusk\n|-damage|p1a: Great Tusk|81\/100\n|\n|-weather|Snow|[upkeep]\n|-heal|p1a: Great Tusk|87\/100|[from] item: Leftovers\n|upkeep\n|turn|5\n|\n|t:|1700845888\n|switch|p2a: Weezing|Weezing-Galar, F|100\/100\n|move|p1a: Great Tusk|Stealth Rock|p2a: Weezing\n|-sidestart|p2: dia-sre|move: Stealth Rock\n|\n|-weather|Snow|[upkeep]\n|-heal|p1a: Great Tusk|94\/100|[from] item: Leftovers\n|upkeep\n|turn|6\n|\n|t:|1700845898\n|-end|p1a: Great Tusk|Protosynthesis|[silent]\n|switch|p1a: Slowking|Slowking-Galar, M|98\/100\n|move|p2a: Weezing|Defog|p1a: Slowking\n|-unboost|p1a: Slowking|evasion|1\n|-sideend|p2: dia-sre|Stealth Rock|[from] move: Defog|[of] p2a: Weezing\n|\n|-weather|none\n|upkeep\n|turn|7\n|\n|t:|1700845903\n|move|p2a: Weezing|Will-O-Wisp|p1a: Slowking\n|-status|p1a: Slowking|brn\n|move|p1a: Slowking|Chilly Reception|p1a: Slowking\n|-weather|Snow\n|inactive|Firer has 120 seconds left.\n|\n|t:|1700845909\n|switch|p1a: Grimmsnarl|Grimmsnarl, M, shiny|100\/100|[from] Chilly Reception\n|-item|p1a: Grimmsnarl|Air Balloon\n|\n|-weather|Snow|[upkeep]\n|upkeep\n|turn|8\n|\n|t:|1700845915\n|move|p1a: Grimmsnarl|Parting Shot|p2a: Weezing\n|-unboost|p2a: Weezing|atk|1\n|-unboost|p2a: Weezing|spa|1\n|\n|t:|1700845918\n|switch|p1a: Slowking|Slowking-Galar, M|100\/100 brn|[from] Parting Shot\n|move|p2a: Weezing|Strange Steam|p1a: Slowking\n|-resisted|p1a: Slowking\n|-damage|p1a: Slowking|95\/100 brn\n|\n|-weather|Snow|[upkeep]\n|-damage|p1a: Slowking|89\/100 brn|[from] brn\n|upkeep\n|turn|9\n|j| Kingston9629\n|\n|t:|1700845921\n|switch|p2a: Goodra|Goodra-Hisui, F|100\/100\n|move|p1a: Slowking|Chilly Reception|p1a: Slowking\n|c|\u2606dia-sre|lol\n|\n|t:|1700845934\n|switch|p1a: Tauros|Tauros-Paldea-Blaze, M|100\/100|[from] Chilly Reception\n|-ability|p1a: Tauros|Intimidate|boost\n|-unboost|p2a: Goodra|atk|1\n|\n|-weather|Snow|[upkeep]\n|upkeep\n|turn|10\n|\n|t:|1700845938\n|switch|p2a: Garchomp|Garchomp, F|58\/100\n|move|p1a: Tauros|Body Press|p2a: Garchomp\n|-damage|p2a: Garchomp|36\/100\n|-damage|p1a: Tauros|88\/100|[from] ability: Rough Skin|[of] p2a: Garchomp\n|-damage|p1a: Tauros|71\/100|[from] item: Rocky Helmet|[of] p2a: Garchomp\n|\n|-weather|Snow|[upkeep]\n|-heal|p1a: Tauros|78\/100|[from] item: Leftovers\n|upkeep\n|turn|11\n|\n|t:|1700845946\n|switch|p1a: Great Tusk|Great Tusk|94\/100\n|move|p2a: Garchomp|Stealth Rock|p1a: Great Tusk\n|-sidestart|p1: Firer|move: Stealth Rock\n|\n|-weather|none\n|-heal|p1a: Great Tusk|99\/100|[from] item: Leftovers\n|upkeep\n|turn|12\n|\n|t:|1700845956\n|move|p1a: Great Tusk|Stealth Rock|p2a: Garchomp\n|-sidestart|p2: dia-sre|move: Stealth Rock\n|move|p2a: Garchomp|Dragon Tail|p1a: Great Tusk|[miss]\n|-miss|p2a: Garchomp|p1a: Great Tusk\n|\n|-heal|p1a: Great Tusk|100\/100|[from] item: Leftovers\n|upkeep\n|turn|13\n|\n|t:|1700845968\n|switch|p2a: Weezing|Weezing-Galar, F|100\/100\n|-damage|p2a: Weezing|88\/100|[from] Stealth Rock\n|move|p1a: Great Tusk|Earthquake|p2a: Weezing\n|-immune|p2a: Weezing|[from] ability: Levitate\n|\n|upkeep\n|turn|14\n|\n|t:|1700845973\n|-end|p1a: Great Tusk|Protosynthesis|[silent]\n|switch|p1a: Slowking|Slowking-Galar, M|100\/100 brn\n|move|p2a: Weezing|Strange Steam|p1a: Slowking\n|-resisted|p1a: Slowking\n|-damage|p1a: Slowking|92\/100 brn\n|\n|-damage|p1a: Slowking|86\/100 brn|[from] brn\n|upkeep\n|turn|15\n|\n|t:|1700845978\n|switch|p2a: Goodra|Goodra-Hisui, F|100\/100\n|-damage|p2a: Goodra|95\/100|[from] Stealth Rock\n|move|p1a: Slowking|Future Sight|p2a: Goodra\n|-start|p1a: Slowking|move: Future Sight\n|\n|-damage|p1a: Slowking|80\/100 brn|[from] brn\n|upkeep\n|turn|16\n|\n|t:|1700845983\n|move|p2a: Goodra|Knock Off|p1a: Slowking\n|-supereffective|p1a: Slowking\n|-damage|p1a: Slowking|39\/100 brn\n|-enditem|p1a: Slowking|Heavy-Duty Boots|[from] move: Knock Off|[of] p2a: Goodra\n|move|p1a: Slowking|Chilly Reception|p1a: Slowking\n|-weather|Snow\n|inactive|Firer has 120 seconds left.\n|\n|t:|1700846020\n|switch|p1a: Tauros|Tauros-Paldea-Blaze, M|78\/100|[from] Chilly Reception\n|-damage|p1a: Tauros|65\/100|[from] Stealth Rock\n|-ability|p1a: Tauros|Intimidate|boost\n|-unboost|p2a: Goodra|atk|1\n|\n|-weather|Snow|[upkeep]\n|-heal|p1a: Tauros|71\/100|[from] item: Leftovers\n|upkeep\n|turn|17\n|inactive|Firer has 120 seconds left.\n|j| qb69x\n|\n|t:|1700846040\n|switch|p2a: Garchomp|Garchomp, F|36\/100\n|-damage|p2a: Garchomp|30\/100|[from] Stealth Rock\n|move|p1a: Tauros|Body Press|p2a: Garchomp\n|-damage|p2a: Garchomp|5\/100\n|-damage|p1a: Tauros|59\/100|[from] ability: Rough Skin|[of] p2a: Garchomp\n|-damage|p1a: Tauros|42\/100|[from] item: Rocky Helmet|[of] p2a: Garchomp\n|\n|-weather|Snow|[upkeep]\n|-end|p2a: Garchomp|move: Future Sight\n|-damage|p2a: Garchomp|0 fnt\n|faint|p2a: Garchomp\n|-heal|p1a: Tauros|49\/100|[from] item: Leftovers\n|upkeep\n|\n|t:|1700846042\n|switch|p2a: Zapdos|Zapdos-Galar|100\/100\n|-damage|p2a: Zapdos|88\/100|[from] Stealth Rock\n|turn|18\n|\n|t:|1700846046\n|move|p1a: Tauros|Protect|p1a: Tauros\n|-singleturn|p1a: Tauros|Protect\n|move|p2a: Zapdos|Brave Bird|p1a: Tauros\n|-activate|p1a: Tauros|move: Protect\n|\n|-weather|Snow|[upkeep]\n|-heal|p1a: Tauros|55\/100|[from] item: Leftovers\n|upkeep\n|turn|19\n|inactive|Firer has 120 seconds left.\n|j| EloStatusDead\n|\n|t:|1700846071\n|switch|p1a: Dragonite|Dragonite, M|100\/100\n|move|p2a: Zapdos|Brave Bird|p1a: Dragonite\n|-damage|p1a: Dragonite|82\/100\n|-damage|p2a: Zapdos|81\/100|[from] Recoil\n|\n|-weather|Snow|[upkeep]\n|upkeep\n|turn|20\n|inactive|Firer has 120 seconds left.\n|\n|t:|1700846085\n|switch|p2a: Weezing|Weezing-Galar, F|88\/100\n|-damage|p2a: Weezing|76\/100|[from] Stealth Rock\n|move|p1a: Dragonite|Hurricane|p2a: Weezing\n|-damage|p2a: Weezing|24\/100\n|\n|-weather|none\n|upkeep\n|turn|21\n|inactive|Firer has 120 seconds left.\n|-enditem|p2a: Weezing|Custap Berry|[eat]\n|-activate|p2a: Weezing|item: Custap Berry|[consumed]\n|\n|t:|1700846103\n|move|p2a: Weezing|Destiny Bond|p2a: Weezing\n|-singlemove|p2a: Weezing|Destiny Bond\n|move|p1a: Dragonite|Hurricane|p2a: Weezing\n|-damage|p2a: Weezing|0 fnt\n|faint|p2a: Weezing\n|-activate|p2a: Weezing|move: Destiny Bond\n|faint|p1a: Dragonite\n|\n|upkeep\n|c| EloStatusDead|gotteeeeem\n|c|\u2606Firer|nice tech\n|c|\u2606Firer|almost switched slowking even\n|c|\u2606dia-sre|i wouldve punched my monitor\n|inactive|Firer has 90 seconds left.\n|\n|t:|1700846135\n|switch|p1a: Tauros|Tauros-Paldea-Blaze, M|55\/100\n|switch|p2a: Zapdos|Zapdos-Galar|81\/100\n|-damage|p2a: Zapdos|68\/100|[from] Stealth Rock\n|-damage|p1a: Tauros|42\/100|[from] Stealth Rock\n|-ability|p1a: Tauros|Intimidate|boost\n|-unboost|p2a: Zapdos|atk|1\n|-ability|p2a: Zapdos|Defiant|boost\n|-boost|p2a: Zapdos|atk|2\n|turn|22\n|c| EloStatusDead|yo how are u guys so good\n|c| EloStatusDead|im so trash\n|\n|t:|1700846147\n|move|p2a: Zapdos|Dual Wingbeat|p1a: Tauros\n|-supereffective|p1a: Tauros\n|-damage|p1a: Tauros|1\/100\n|-supereffective|p1a: Tauros\n|-damage|p1a: Tauros|0 fnt\n|faint|p1a: Tauros\n|-hitcount|p1: Tauros|2\n|\n|upkeep\n|inactive|Firer has 90 seconds left.\n|c|\u2606dia-sre|we are ass too\n|j| lwkug\n|\n|t:|1700846172\n|switch|p1a: Ogerpon|Ogerpon-Cornerstone, F|72\/100\n|-damage|p1a: Ogerpon|59\/100|[from] Stealth Rock\n|turn|23\n|c|\u2606dia-sre|this battles just to see whose slightly less ass\n|\n|t:|1700846181\n|switch|p2a: Goodra|Goodra-Hisui, F|95\/100\n|-damage|p2a: Goodra|89\/100|[from] Stealth Rock\n|-terastallize|p1a: Ogerpon|Rock\n|detailschange|p1a: Ogerpon|Ogerpon-Cornerstone-Tera, F, tera:Rock\n|-ability|p1a: Ogerpon|Embody Aspect (Cornerstone)|boost\n|-boost|p1a: Ogerpon|def|1\n|move|p1a: Ogerpon|Ivy Cudgel|p2a: Goodra|[anim] Ivy Cudgel Rock\n|-resisted|p2a: Goodra\n|-damage|p2a: Goodra|41\/100\n|\n|upkeep\n|turn|24\n|inactive|Firer has 90 seconds left.\n|\n|t:|1700846199\n|move|p1a: Ogerpon|Ivy Cudgel|p2a: Goodra|[anim] Ivy Cudgel Rock\n|-resisted|p2a: Goodra\n|-damage|p2a: Goodra|0 fnt\n|faint|p2a: Goodra\n|\n|upkeep\n|\n|t:|1700846202\n|switch|p2a: Gholdengo|Gholdengo|100\/100\n|-damage|p2a: Gholdengo|94\/100|[from] Stealth Rock\n|turn|25\n|c| EloStatusDead|i ate some good ass yesterdat\n|inactive|Firer has 90 seconds left.\n|\n|t:|1700846215\n|switch|p1a: Slowking|Slowking-Galar, M|73\/100 brn\n|-damage|p1a: Slowking|60\/100 brn|[from] Stealth Rock\n|move|p2a: Gholdengo|Make It Rain|p1a: Slowking\n|-damage|p1a: Slowking|21\/100 brn\n|-unboost|p2a: Gholdengo|spa|1\n|\n|-damage|p1a: Slowking|15\/100 brn|[from] brn\n|upkeep\n|turn|26\n|inactive|Firer has 90 seconds left.\n|j| tkingofh\n|inactive|Firer has 60 seconds left.\n|c| EloStatusDead|like thanksgiving ham ass\n|j| Majic PokeTester\n|c| EloStatusDead|was really tasty\n|inactive|Firer has 30 seconds left.\n|\n|t:|1700846283\n|move|p2a: Gholdengo|Make It Rain|p1a: Slowking\n|-damage|p1a: Slowking|0 fnt\n|-unboost|p2a: Gholdengo|spa|1\n|faint|p1a: Slowking\n|\n|upkeep\n|inactive|Firer has 30 seconds left.\n|c| Majic PokeTester|pineapple and all\n|inactive|Firer has 20 seconds left.\n|inactive|Firer has 15 seconds left.\n|\n|t:|1700846306\n|switch|p1a: Grimmsnarl|Grimmsnarl, M, shiny|100\/100\n|-damage|p1a: Grimmsnarl|88\/100|[from] Stealth Rock\n|-item|p1a: Grimmsnarl|Air Balloon\n|turn|27\n|inactive|Firer has 25 seconds left this turn.\n|inactive|Firer has 20 seconds left.\n|c| EloStatusDead|bet these mfs were thinking something devious\n|inactive|Firer has 15 seconds left.\n|inactive|Firer has 10 seconds left.\n|\n|t:|1700846324\n|move|p2a: Gholdengo|Make It Rain|p1a: Grimmsnarl\n|-supereffective|p1a: Grimmsnarl\n|-damage|p1a: Grimmsnarl|6\/100\n|-unboost|p2a: Gholdengo|spa|1\n|-enditem|p1a: Grimmsnarl|Air Balloon\n|move|p1a: Grimmsnarl|Crunch|p2a: Gholdengo\n|-supereffective|p2a: Gholdengo\n|-damage|p2a: Gholdengo|0 fnt\n|faint|p2a: Gholdengo\n|\n|upkeep\n|inactive|Firer has 15 seconds left this turn.\n|c| Majic PokeTester|lol\n|c| Majic PokeTester|damn crunch?\n|inactive|dia-sre has 120 seconds left.\n|j| GalaxyVenon360\n|c|\u2606Firer|damn right\n|c| EloStatusDead|tbh the reason im so trash is because i havent played any of the games since gen 6\n|c| EloStatusDead|dont know any of the mons\n|\n|t:|1700846367\n|switch|p2a: Zapdos|Zapdos-Galar|68\/100\n|-damage|p2a: Zapdos|56\/100|[from] Stealth Rock\n|turn|28\n|inactive|Firer has 25 seconds left this turn.\n|inactive|Firer has 20 seconds left.\n|\n|t:|1700846374\n|move|p2a: Zapdos|Brave Bird|p1a: Grimmsnarl\n|-damage|p1a: Grimmsnarl|0 fnt\n|faint|p1a: Grimmsnarl\n|-damage|p2a: Zapdos|54\/100|[from] Recoil\n|\n|upkeep\n|inactive|Firer has 25 seconds left this turn.\n|\n|t:|1700846376\n|switch|p1a: Ogerpon|Ogerpon-Cornerstone-Tera, F, tera:Rock|59\/100\n|-damage|p1a: Ogerpon|47\/100|[from] Stealth Rock\n|-ability|p1a: Ogerpon|Embody Aspect (Cornerstone)|boost\n|-boost|p1a: Ogerpon|def|1\n|turn|29\n|\n|t:|1700846385\n|-terastallize|p2a: Zapdos|Flying\n|move|p2a: Zapdos|Brave Bird|p1a: Ogerpon\n|-resisted|p1a: Ogerpon\n|-damage|p1a: Ogerpon|10\/100\n|-damage|p2a: Zapdos|43\/100|[from] Recoil\n|move|p1a: Ogerpon|Ivy Cudgel|p2a: Zapdos|[anim] Ivy Cudgel Rock\n|-supereffective|p2a: Zapdos\n|-damage|p2a: Zapdos|0 fnt\n|faint|p2a: Zapdos\n|\n|upkeep\n|\n|t:|1700846388\n|switch|p2a: Hoopa|Hoopa-Unbound|100\/100\n|-damage|p2a: Hoopa|88\/100|[from] Stealth Rock\n|turn|30\n|c|\u2606dia-sre|gg\n|\n|t:|1700846403\n|move|p1a: Ogerpon|Ivy Cudgel|p2a: Hoopa|[anim] Ivy Cudgel Rock\n|-damage|p2a: Hoopa|0 fnt\n|faint|p2a: Hoopa\n|\n|win|Firer\n|raw|Firer's rating: 1913 &rarr; <strong>1929<\/strong><br \/>(+16 for winning)\n|raw|dia-sre's rating: 1842 &rarr; <strong>1826<\/strong><br \/>(-16 for losing)\n|c|\u2606Firer|ggs\n|l|\u2606dia-sre\n|l| Majic PokeTester\n|c| EloStatusDead|gg\n|l| EloStatusDead\n|l| lwkug\n|l| tkingofh\n|j| tkingofh\n|l| tkingofh\n","uploadtime":1700846504,"views":2,"p1id":"firer","p2id":"diasre","formatid":"gen9ou","rating":1826,"private":0,"password":""}