{"id":"gen9ou-1997802002","p1":"SDK04","p2":"PeterRaptor1","format":"[Gen 9] OU","log":"|j|\u2606SDK04\n|j|\u2606PeterRaptor1\n|inactive|Battle timer is ON: inactive players will automatically lose when time's up.\n|t:|1700854243\n|gametype|singles\n|player|p1|SDK04|unknown|\n|player|p2|PeterRaptor1|pokemaniac|\n|teamsize|p1|6\n|teamsize|p2|6\n|gen|9\n|tier|[Gen 9] OU\n|rated|Tournament battle\n|rule|Sleep Clause Mod: Limit one foe put to sleep\n|rule|Species Clause: Limit one of each Pok\u00e9mon\n|rule|OHKO Clause: OHKO moves are banned\n|rule|Evasion Items Clause: Evasion items are banned\n|rule|Evasion Moves Clause: Evasion moves are banned\n|rule|Endless Battle Clause: Forcing endless battles is banned\n|rule|HP Percentage Mod: HP is shown in percentages\n|clearpoke\n|poke|p1|Munkidori, M|\n|poke|p1|Enamorus, F|\n|poke|p1|Rillaboom, M|\n|poke|p1|Dragonite, M|\n|poke|p1|Great Tusk|\n|poke|p1|Muk-Alola, M|\n|poke|p2|Iron Valiant|\n|poke|p2|Hydreigon, M|\n|poke|p2|Scizor, F|\n|poke|p2|Walking Wake|\n|poke|p2|Kingambit, M|\n|poke|p2|Zoroark-Hisui, F|\n|teampreview\n|\n|t:|1700854255\n|start\n|switch|p1a: Mojo Jojo|Munkidori, M|100\/100\n|switch|p2a: Checkmate|Kingambit, M, shiny|100\/100\n|turn|1\n|j| AKAKingACE\n|\n|t:|1700854261\n|move|p1a: Mojo Jojo|Focus Blast|p2a: Checkmate\n|-immune|p2a: Checkmate\n|move|p2a: Checkmate|Nasty Plot|p2a: Checkmate\n|-boost|p2a: Checkmate|spa|2\n|\n|upkeep\n|turn|2\n|c|\u2606SDK04|Damn\n|\n|t:|1700854270\n|switch|p1a: Sludge Villain|Muk-Alola, M|100\/100\n|move|p2a: Checkmate|Nasty Plot|p2a: Checkmate\n|-boost|p2a: Checkmate|spa|2\n|\n|upkeep\n|turn|3\n|\n|t:|1700854274\n|move|p2a: Checkmate|Hyper Voice|p1a: Sludge Villain\n|-damage|p1a: Sludge Villain|26\/100\n|move|p1a: Sludge Villain|Knock Off|p2a: Checkmate\n|-supereffective|p2a: Checkmate\n|-enditem|p2a: Checkmate|Focus Sash\n|-damage|p2a: Checkmate|1\/100\n|replace|p2a: Zoroark|Zoroark-Hisui, F, shiny\n|-end|p2a: Zoroark|Illusion\n|\n|-heal|p1a: Sludge Villain|32\/100|[from] item: Black Sludge\n|upkeep\n|turn|4\n|\n|t:|1700854283\n|move|p1a: Sludge Villain|Protect|p1a: Sludge Villain\n|-singleturn|p1a: Sludge Villain|Protect\n|move|p2a: Zoroark|Hyper Voice|p1a: Sludge Villain\n|-activate|p1a: Sludge Villain|move: Protect\n|\n|-heal|p1a: Sludge Villain|38\/100|[from] item: Black Sludge\n|upkeep\n|turn|5\n|c|\u2606PeterRaptor1|scarfed in with monkedori?\n|j|+cromagnet\n|inactive|SDK04 has 120 seconds left.\n|\n|t:|1700854315\n|switch|p1a: Mojo Jojo|Munkidori, M|100\/100\n|move|p2a: Zoroark|Hyper Voice|p1a: Mojo Jojo\n|-damage|p1a: Mojo Jojo|0 fnt\n|faint|p1a: Mojo Jojo\n|\n|upkeep\n|\n|t:|1700854317\n|switch|p1a: Gorilla Grodd|Rillaboom, M, shiny|100\/100\n|-fieldstart|move: Grassy Terrain|[from] ability: Grassy Surge|[of] p1a: Gorilla Grodd\n|turn|6\n|c| AKAKingACE|Doesn\u2019t sound very munkidori to me\n|\n|t:|1700854328\n|move|p1a: Gorilla Grodd|Grassy Glide|p2a: Zoroark\n|-crit|p2a: Zoroark\n|-damage|p2a: Zoroark|0 fnt\n|faint|p2a: Zoroark\n|\n|upkeep\n|c|\u2606SDK04|crit mattered\n|c|\u2606PeterRaptor1|yep\n|\n|t:|1700854343\n|switch|p2a: Scizor|Scizor, F, shiny|100\/100\n|turn|7\n|\n|t:|1700854351\n|switch|p1a: Mammoth|Great Tusk|100\/100\n|move|p2a: Scizor|X-Scissor|p1a: Mammoth\n|-resisted|p1a: Mammoth\n|-damage|p1a: Mammoth|87\/100\n|-damage|p2a: Scizor|84\/100|[from] item: Rocky Helmet|[of] p1a: Mammoth\n|-damage|p2a: Scizor|74\/100|[from] item: Life Orb\n|\n|-heal|p2a: Scizor|80\/100|[from] Grassy Terrain\n|-heal|p1a: Mammoth|93\/100|[from] Grassy Terrain\n|upkeep\n|turn|8\n|c|\u2606SDK04|X-Scissor Scizor\n|c|\u2606SDK04|Something malicious is brewing\u2026\n|\n|t:|1700854372\n|move|p2a: Scizor|Swords Dance|p2a: Scizor\n|-boost|p2a: Scizor|atk|2\n|move|p1a: Mammoth|Stealth Rock|p2a: Scizor\n|-sidestart|p2: PeterRaptor1|move: Stealth Rock\n|\n|-heal|p2a: Scizor|86\/100|[from] Grassy Terrain\n|-heal|p1a: Mammoth|99\/100|[from] Grassy Terrain\n|upkeep\n|turn|9\n|c|\u2606PeterRaptor1|...\n|\n|t:|1700854386\n|move|p2a: Scizor|Bullet Punch|p1a: Mammoth\n|-damage|p1a: Mammoth|55\/100\n|-damage|p2a: Scizor|70\/100|[from] item: Rocky Helmet|[of] p1a: Mammoth\n|-damage|p2a: Scizor|60\/100|[from] item: Life Orb\n|move|p1a: Mammoth|High Horsepower|p2a: Scizor\n|-damage|p2a: Scizor|13\/100\n|\n|-heal|p2a: Scizor|19\/100|[from] Grassy Terrain\n|-heal|p1a: Mammoth|61\/100|[from] Grassy Terrain\n|upkeep\n|turn|10\n|\n|t:|1700854390\n|move|p2a: Scizor|Close Combat|p1a: Mammoth\n|-damage|p1a: Mammoth|9\/100\n|-unboost|p2a: Scizor|def|1\n|-unboost|p2a: Scizor|spd|1\n|-damage|p2a: Scizor|3\/100|[from] item: Rocky Helmet|[of] p1a: Mammoth\n|-damage|p2a: Scizor|0 fnt|[from] item: Life Orb\n|faint|p2a: Scizor\n|move|p1a: Mammoth|High Horsepower|p2: Scizor|[notarget]\n|-fail|p1a: Mammoth\n|\n|-heal|p1a: Mammoth|15\/100|[from] Grassy Terrain\n|-fieldend|move: Grassy Terrain\n|upkeep\n|c|\u2606PeterRaptor1|i din't screw up its moveset or anything lol\n|\n|t:|1700854406\n|switch|p2a: Iron Valiant|Iron Valiant, shiny|100\/100\n|-damage|p2a: Iron Valiant|94\/100|[from] Stealth Rock\n|-enditem|p2a: Iron Valiant|Booster Energy\n|-activate|p2a: Iron Valiant|ability: Quark Drive|[fromitem]\n|-start|p2a: Iron Valiant|quarkdrivespe\n|turn|11\n|\n|t:|1700854416\n|move|p2a: Iron Valiant|Spirit Break|p1a: Mammoth\n|-supereffective|p1a: Mammoth\n|-damage|p1a: Mammoth|0 fnt\n|-damage|p2a: Iron Valiant|78\/100|[from] item: Rocky Helmet|[of] p1a: Mammoth\n|faint|p1a: Mammoth\n|-end|p1a: Mammoth|Protosynthesis|[silent]\n|\n|upkeep\n|\n|t:|1700854418\n|switch|p1a: Sludge Villain|Muk-Alola, M|38\/100\n|turn|12\n|c| AKAKingACE|High horsepower\u2026\n|\n|t:|1700854428\n|move|p2a: Iron Valiant|Spirit Break|p1a: Sludge Villain\n|-damage|p1a: Sludge Villain|0 fnt\n|faint|p1a: Sludge Villain\n|\n|upkeep\n|c| AKAKingACE|I mean grassy terrain but still\n|\n|t:|1700854438\n|switch|p1a: Gorilla Grodd|Rillaboom, M, shiny|100\/100\n|-fieldstart|move: Grassy Terrain|[from] ability: Grassy Surge|[of] p1a: Gorilla Grodd\n|turn|13\n|c|\u2606PeterRaptor1|there is headlong rush\n|\n|t:|1700854444\n|move|p2a: Iron Valiant|Close Combat|p1a: Gorilla Grodd\n|-damage|p1a: Gorilla Grodd|40\/100\n|-unboost|p2a: Iron Valiant|def|1\n|-unboost|p2a: Iron Valiant|spd|1\n|move|p1a: Gorilla Grodd|Swords Dance|p1a: Gorilla Grodd\n|-boost|p1a: Gorilla Grodd|atk|2\n|\n|-heal|p2a: Iron Valiant|84\/100|[from] Grassy Terrain\n|-heal|p1a: Gorilla Grodd|46\/100|[from] Grassy Terrain\n|upkeep\n|turn|14\n|c|\u2606SDK04|Didn\u2019t wanna drop the defenses though\n|\n|t:|1700854457\n|move|p1a: Gorilla Grodd|Grassy Glide|p2a: Iron Valiant\n|-damage|p2a: Iron Valiant|0 fnt\n|faint|p2a: Iron Valiant\n|-end|p2a: Iron Valiant|Quark Drive|[silent]\n|\n|-heal|p1a: Gorilla Grodd|52\/100|[from] Grassy Terrain\n|upkeep\n|c|\u2606PeterRaptor1|great tusk is already bulky as heck tho\n|\n|t:|1700854476\n|switch|p2a: Walking Wake|Walking Wake|100\/100\n|-damage|p2a: Walking Wake|88\/100|[from] Stealth Rock\n|-enditem|p2a: Walking Wake|Booster Energy\n|-activate|p2a: Walking Wake|ability: Protosynthesis|[fromitem]\n|-start|p2a: Walking Wake|protosynthesisspa\n|turn|15\n|c|\u2606SDK04|That\u2019s the point\n|\n|t:|1700854483\n|-terastallize|p1a: Gorilla Grodd|Grass\n|move|p1a: Gorilla Grodd|Grassy Glide|p2a: Walking Wake\n|-damage|p2a: Walking Wake|0 fnt\n|faint|p2a: Walking Wake\n|-end|p2a: Walking Wake|Protosynthesis|[silent]\n|\n|-heal|p1a: Gorilla Grodd|58\/100|[from] Grassy Terrain\n|upkeep\n|c|+cromagnet|there's a pretty big power drop tho\n|c|\u2606PeterRaptor1|and has stupid high attack\n|\n|t:|1700854489\n|switch|p2a: Checkmate|Kingambit, M, shiny|100\/100\n|-damage|p2a: Checkmate|94\/100|[from] Stealth Rock\n|-activate|p2a: Checkmate|ability: Supreme Overlord\n|-start|p2a: Checkmate|fallen4|[silent]\n|turn|16\n|j| Leocain\n|\n|t:|1700854495\n|switch|p1a: HIM|Enamorus, F|100\/100\n|-terastallize|p2a: Checkmate|Flying\n|move|p2a: Checkmate|Swords Dance|p2a: Checkmate\n|-boost|p2a: Checkmate|atk|2\n|\n|-heal|p2a: Checkmate|100\/100|[from] item: Leftovers\n|upkeep\n|turn|17\n|\n|t:|1700854500\n|move|p1a: HIM|Moonblast|p2a: Checkmate\n|-damage|p2a: Checkmate|24\/100\n|-unboost|p2a: Checkmate|spa|1\n|move|p2a: Checkmate|Iron Head|p1a: HIM\n|-supereffective|p1a: HIM\n|-damage|p1a: HIM|0 fnt\n|faint|p1a: HIM\n|\n|-heal|p2a: Checkmate|30\/100|[from] item: Leftovers\n|-fieldend|move: Grassy Terrain\n|upkeep\n|\n|t:|1700854507\n|switch|p1a: Kaido|Dragonite, M|100\/100\n|turn|18\n|c|\u2606PeterRaptor1|theres no drawback if theres no opponent\n|\n|t:|1700854518\n|move|p1a: Kaido|Extreme Speed|p2a: Checkmate\n|-damage|p2a: Checkmate|0 fnt\n|faint|p2a: Checkmate\n|-end|p2a: Checkmate|fallen4|[silent]\n|\n|upkeep\n|\n|t:|1700854521\n|switch|p2a: Hydreigon|Hydreigon, M, shiny|100\/100\n|-damage|p2a: Hydreigon|88\/100|[from] Stealth Rock\n|turn|19\n|\n|t:|1700854525\n|switch|p1a: Gorilla Grodd|Rillaboom, M, shiny, tera:Grass|58\/100\n|-fieldstart|move: Grassy Terrain|[from] ability: Grassy Surge|[of] p1a: Gorilla Grodd\n|move|p2a: Hydreigon|Draco Meteor|p1a: Gorilla Grodd\n|-damage|p1a: Gorilla Grodd|0 fnt\n|-unboost|p2a: Hydreigon|spa|2\n|faint|p1a: Gorilla Grodd\n|\n|upkeep\n|c|\u2606SDK04|gg\n|c|\u2606SDK04|wp\n|\n|t:|1700854531\n|switch|p1a: Kaido|Dragonite, M|100\/100\n|turn|20\n|\n|t:|1700854533\n|move|p2a: Hydreigon|Draco Meteor|p1a: Kaido\n|-supereffective|p1a: Kaido\n|-crit|p1a: Kaido\n|-damage|p1a: Kaido|7\/100\n|-unboost|p2a: Hydreigon|spa|2\n|move|p1a: Kaido|Outrage|p2a: Hydreigon\n|-supereffective|p2a: Hydreigon\n|-damage|p2a: Hydreigon|0 fnt\n|faint|p2a: Hydreigon\n|\n|win|SDK04\n|n|\u2606SDK04|sdk04\n|n|\u2606PeterRaptor1|peterraptor1\n|n| AKAKingACE|akakingace\n|n|+cromagnet|cromagnet\n|n| Leocain|leocain\n|c|\u2606SDK04|Oh holy shit it ATE\n|l|+cromagnet\n|c|\u2606PeterRaptor1|damn multiscale gg\n","uploadtime":1700854549,"views":2,"p1id":"sdk04","p2id":"peterraptor1","formatid":"gen9ou","rating":0,"private":0,"password":""}