{"id":"gen9ou-1992924160","p1":"RoseWolf8","p2":"Nightxy","format":"[Gen 9] OU","log":"|j|\u2606RoseWolf8\n|j|\u2606Nightxy\n|t:|1700247257\n|gametype|singles\n|player|p1|RoseWolf8|n|1092\n|player|p2|Nightxy|giovanni|1012\n|teamsize|p1|6\n|teamsize|p2|6\n|gen|9\n|tier|[Gen 9] OU\n|rated|\n|rule|Sleep Clause Mod: Limit one foe put to sleep\n|rule|Species Clause: Limit one of each Pok\u00e9mon\n|rule|OHKO Clause: OHKO moves are banned\n|rule|Evasion Items Clause: Evasion items are banned\n|rule|Evasion Moves Clause: Evasion moves are banned\n|rule|Endless Battle Clause: Forcing endless battles is banned\n|rule|HP Percentage Mod: HP is shown in percentages\n|clearpoke\n|poke|p1|Meowscarada, F|\n|poke|p1|Ceruledge, F|\n|poke|p1|Samurott-Hisui, M|\n|poke|p1|Lucario, F|\n|poke|p1|Lycanroc-Dusk, F|\n|poke|p1|Clodsire, F|\n|poke|p2|Regidrago|\n|poke|p2|Dragapult, F|\n|poke|p2|Kingambit, F|\n|poke|p2|Umbreon, F|\n|poke|p2|Charizard, F|\n|poke|p2|Rillaboom, F|\n|teampreview\n|\n|t:|1700247266\n|start\n|switch|p1a: Lycanroc|Lycanroc-Dusk, F|100\/100\n|switch|p2a: Dragapult|Dragapult, F|100\/100\n|turn|1\n|c|\u2606Nightxy|Hello there\n|\n|t:|1700247274\n|move|p2a: Dragapult|Dragon Dance|p2a: Dragapult\n|-boost|p2a: Dragapult|atk|1\n|-boost|p2a: Dragapult|spe|1\n|move|p1a: Lycanroc|Play Rough|p2a: Dragapult\n|-supereffective|p2a: Dragapult\n|-damage|p2a: Dragapult|0 fnt\n|faint|p2a: Dragapult\n|\n|upkeep\n|inactive|Battle timer is ON: inactive players will automatically lose when time's up. (requested by RoseWolf8)\n|\n|t:|1700247283\n|switch|p2a: Rillaboom|Rillaboom, F|100\/100\n|-fieldstart|move: Grassy Terrain|[from] ability: Grassy Surge|[of] p2a: Rillaboom\n|turn|2\n|\n|t:|1700247290\n|move|p1a: Lycanroc|Play Rough|p2a: Rillaboom\n|-damage|p2a: Rillaboom|64\/100\n|move|p2a: Rillaboom|Drum Beating|p1a: Lycanroc\n|-supereffective|p1a: Lycanroc\n|-enditem|p1a: Lycanroc|Focus Sash\n|-damage|p1a: Lycanroc|1\/100\n|-unboost|p1a: Lycanroc|spe|1\n|\n|-heal|p2a: Rillaboom|70\/100|[from] Grassy Terrain\n|-heal|p1a: Lycanroc|7\/100|[from] Grassy Terrain\n|upkeep\n|turn|3\n|\n|t:|1700247303\n|switch|p1a: Ceruledge|Ceruledge, F|100\/100\n|move|p2a: Rillaboom|Drum Beating|p1a: Ceruledge\n|-resisted|p1a: Ceruledge\n|-damage|p1a: Ceruledge|63\/100\n|-unboost|p1a: Ceruledge|spe|1\n|\n|-heal|p2a: Rillaboom|76\/100|[from] Grassy Terrain\n|-heal|p1a: Ceruledge|69\/100|[from] Grassy Terrain\n|upkeep\n|turn|4\n|\n|t:|1700247316\n|switch|p2a: Charizard|Charizard, F|100\/100\n|move|p1a: Ceruledge|Bitter Blade|p2a: Charizard\n|-resisted|p2a: Charizard\n|-damage|p2a: Charizard|67\/100\n|-heal|p1a: Ceruledge|86\/100|[from] drain|[of] p2a: Charizard\n|\n|-heal|p1a: Ceruledge|92\/100|[from] Grassy Terrain\n|upkeep\n|turn|5\n|\n|t:|1700247326\n|switch|p1a: Lucario|Lucario, F|100\/100\n|move|p2a: Charizard|Ancient Power|p1a: Lucario\n|-resisted|p1a: Lucario\n|-damage|p1a: Lucario|93\/100\n|\n|-heal|p1a: Lucario|99\/100|[from] Grassy Terrain\n|upkeep\n|turn|6\n|\n|t:|1700247336\n|move|p1a: Lucario|Thunder Punch|p2a: Charizard\n|-supereffective|p2a: Charizard\n|-damage|p2a: Charizard|0 fnt\n|faint|p2a: Charizard\n|\n|-heal|p1a: Lucario|100\/100|[from] Grassy Terrain\n|-fieldend|move: Grassy Terrain\n|upkeep\n|\n|t:|1700247345\n|switch|p2a: Regidrago|Regidrago|100\/100\n|turn|7\n|-activate|p1a: Lucario|item: Quick Claw\n|\n|t:|1700247360\n|move|p1a: Lucario|Meteor Mash|p2a: Regidrago\n|-damage|p2a: Regidrago|62\/100\n|-damage|p1a: Lucario|84\/100|[from] item: Rocky Helmet|[of] p2a: Regidrago\n|move|p2a: Regidrago|Dragon Energy|p1a: Lucario\n|-resisted|p1a: Lucario\n|-damage|p1a: Lucario|42\/100\n|\n|upkeep\n|turn|8\n|c|\u2606Nightxy|Wats it going to be\n|\n|t:|1700247376\n|move|p1a: Lucario|Close Combat|p2a: Regidrago\n|-damage|p2a: Regidrago|11\/100\n|-unboost|p1a: Lucario|def|1\n|-unboost|p1a: Lucario|spd|1\n|-damage|p1a: Lucario|26\/100|[from] item: Rocky Helmet|[of] p2a: Regidrago\n|move|p2a: Regidrago|Earthquake|p1a: Lucario\n|-supereffective|p1a: Lucario\n|-damage|p1a: Lucario|0 fnt\n|faint|p1a: Lucario\n|\n|upkeep\n|c|\u2606Nightxy|Sad :(\n|\n|t:|1700247387\n|switch|p1a: Lycanroc|Lycanroc-Dusk, F|7\/100\n|turn|9\n|\n|t:|1700247391\n|move|p1a: Lycanroc|Play Rough|p2a: Regidrago\n|-supereffective|p2a: Regidrago\n|-damage|p2a: Regidrago|0 fnt\n|-damage|p1a: Lycanroc|0 fnt|[from] item: Rocky Helmet|[of] p2a: Regidrago\n|faint|p2a: Regidrago\n|faint|p1a: Lycanroc\n|\n|upkeep\n|c|\u2606Nightxy|Tis time\n|\n|t:|1700247403\n|switch|p1a: Meowscarada|Meowscarada, F|100\/100\n|switch|p2a: Kingambit|Kingambit, F|100\/100\n|-activate|p2a: Kingambit|ability: Supreme Overlord\n|-start|p2a: Kingambit|fallen3|[silent]\n|turn|10\n|\n|t:|1700247418\n|switch|p1a: Clodsire|Clodsire, F|100\/100\n|move|p2a: Kingambit|Poison Jab|p1a: Clodsire\n|-resisted|p1a: Clodsire\n|-damage|p1a: Clodsire|87\/100\n|-damage|p2a: Kingambit|91\/100|[from] item: Life Orb\n|\n|-heal|p1a: Clodsire|93\/100|[from] item: Leftovers\n|upkeep\n|turn|11\n|\n|t:|1700247429\n|move|p2a: Kingambit|Iron Head|p1a: Clodsire\n|-damage|p1a: Clodsire|5\/100\n|-damage|p2a: Kingambit|81\/100|[from] item: Life Orb\n|cant|p1a: Clodsire|flinch\n|\n|-heal|p1a: Clodsire|11\/100|[from] item: Leftovers\n|upkeep\n|turn|12\n|\n|t:|1700247442\n|switch|p1a: Samurott|Samurott-Hisui, M|100\/100\n|move|p2a: Kingambit|Kowtow Cleave|p1a: Samurott\n|-resisted|p1a: Samurott\n|-damage|p1a: Samurott|45\/100\n|-damage|p2a: Kingambit|71\/100|[from] item: Life Orb\n|\n|upkeep\n|turn|13\n|c|\u2606Nightxy|You must be educated\n|inactive|Nightxy has 120 seconds left.\n|\n|t:|1700247476\n|-terastallize|p2a: Kingambit|Poison\n|move|p1a: Samurott|Sacred Sword|p2a: Kingambit\n|-resisted|p2a: Kingambit\n|-damage|p2a: Kingambit|56\/100\n|move|p2a: Kingambit|Poison Jab|p1a: Samurott\n|-damage|p1a: Samurott|0 fnt\n|faint|p1a: Samurott\n|-damage|p2a: Kingambit|46\/100|[from] item: Life Orb\n|\n|upkeep\n|\n|t:|1700247492\n|switch|p1a: Ceruledge|Ceruledge, F|92\/100\n|turn|14\n|\n|t:|1700247499\n|-end|p2a: Kingambit|fallen3|[silent]\n|switch|p2a: Umbreon|Umbreon, F|100\/100\n|move|p1a: Ceruledge|Poltergeist|p2a: Umbreon\n|-activate|p2a: Umbreon|move: Poltergeist|Leftovers\n|-resisted|p2a: Umbreon\n|-damage|p2a: Umbreon|79\/100\n|\n|-heal|p2a: Umbreon|85\/100|[from] item: Leftovers\n|upkeep\n|turn|15\n|\n|t:|1700247511\n|move|p1a: Ceruledge|Close Combat|p2a: Umbreon\n|-supereffective|p2a: Umbreon\n|-damage|p2a: Umbreon|18\/100\n|-unboost|p1a: Ceruledge|def|1\n|-unboost|p1a: Ceruledge|spd|1\n|move|p2a: Umbreon|Foul Play|p1a: Ceruledge\n|-supereffective|p1a: Ceruledge\n|-damage|p1a: Ceruledge|0 fnt\n|faint|p1a: Ceruledge\n|\n|-heal|p2a: Umbreon|24\/100|[from] item: Leftovers\n|upkeep\n|c|\u2606Nightxy|Not  much of an atack\n|\n|t:|1700247523\n|switch|p1a: Meowscarada|Meowscarada, F|100\/100\n|turn|16\n|\n|t:|1700247526\n|move|p1a: Meowscarada|Play Rough|p2a: Umbreon\n|-start|p1a: Meowscarada|typechange|Fairy|[from] ability: Protean\n|-supereffective|p2a: Umbreon\n|-damage|p2a: Umbreon|0 fnt\n|faint|p2a: Umbreon\n|-damage|p1a: Meowscarada|91\/100|[from] item: Life Orb\n|\n|upkeep\n|\n|t:|1700247535\n|switch|p2a: Kingambit|Kingambit, F, tera:Poison|46\/100\n|-activate|p2a: Kingambit|ability: Supreme Overlord\n|-start|p2a: Kingambit|fallen4|[silent]\n|turn|17\n|\n|t:|1700247544\n|switch|p1a: Clodsire|Clodsire, F|11\/100\n|move|p2a: Kingambit|Poison Jab|p1a: Clodsire\n|-resisted|p1a: Clodsire\n|-damage|p1a: Clodsire|0 fnt\n|faint|p1a: Clodsire\n|-damage|p2a: Kingambit|36\/100|[from] item: Life Orb\n|\n|upkeep\n|\n|t:|1700247553\n|switch|p1a: Meowscarada|Meowscarada, F|91\/100\n|turn|18\n|\n|t:|1700247574\n|-end|p2a: Kingambit|fallen4|[silent]\n|switch|p2a: Rillaboom|Rillaboom, F|76\/100\n|-fieldstart|move: Grassy Terrain|[from] ability: Grassy Surge|[of] p2a: Rillaboom\n|move|p1a: Meowscarada|Knock Off|p2a: Rillaboom\n|-start|p1a: Meowscarada|typechange|Dark|[from] ability: Protean\n|-damage|p2a: Rillaboom|20\/100\n|-enditem|p2a: Rillaboom|Choice Scarf|[from] move: Knock Off|[of] p1a: Meowscarada\n|-damage|p1a: Meowscarada|81\/100|[from] item: Life Orb\n|\n|-heal|p1a: Meowscarada|87\/100|[from] Grassy Terrain\n|-heal|p2a: Rillaboom|26\/100|[from] Grassy Terrain\n|upkeep\n|turn|19\n|inactive|RoseWolf8 has 120 seconds left.\n|\n|t:|1700247594\n|move|p2a: Rillaboom|Grassy Glide|p1a: Meowscarada\n|-damage|p1a: Meowscarada|23\/100\n|move|p1a: Meowscarada|Play Rough|p2a: Rillaboom\n|-damage|p2a: Rillaboom|0 fnt\n|faint|p2a: Rillaboom\n|-damage|p1a: Meowscarada|13\/100|[from] item: Life Orb\n|\n|-heal|p1a: Meowscarada|20\/100|[from] Grassy Terrain\n|upkeep\n|\n|t:|1700247603\n|switch|p2a: Kingambit|Kingambit, F, tera:Poison|36\/100\n|-activate|p2a: Kingambit|ability: Supreme Overlord\n|-start|p2a: Kingambit|fallen5|[silent]\n|turn|20\n|\n|t:|1700247610\n|move|p1a: Meowscarada|Knock Off|p2a: Kingambit\n|-damage|p2a: Kingambit|0 fnt\n|-enditem|p2a: Kingambit|Life Orb|[from] move: Knock Off|[of] p1a: Meowscarada\n|faint|p2a: Kingambit\n|-end|p2a: Kingambit|fallen5|[silent]\n|-damage|p1a: Meowscarada|10\/100|[from] item: Life Orb\n|\n|win|RoseWolf8\n|raw|RoseWolf8's rating: 1092 &rarr; <strong>1112<\/strong><br \/>(+20 for winning)\n|raw|Nightxy's rating: 1012 &rarr; <strong>1003<\/strong><br \/>(-9 for losing)\n|c|\u2606Nightxy|gg\n","uploadtime":1700247620,"views":14,"p1id":"rosewolf8","p2id":"nightxy","formatid":"gen9ou","rating":1003,"private":0,"password":""}