{"id":"gen9ou-1997000010","p1":"iamdahero12","p2":"BeastFelix","format":"[Gen 9] OU","log":"|j|\u2606iamdahero12\n|j|\u2606BeastFelix\n|t:|1700754234\n|gametype|singles\n|player|p1|iamdahero12|brendan|\n|player|p2|BeastFelix|collector|\n|teamsize|p1|6\n|teamsize|p2|6\n|gen|9\n|tier|[Gen 9] OU\n|rule|Sleep Clause Mod: Limit one foe put to sleep\n|rule|Species Clause: Limit one of each Pok\u00e9mon\n|rule|OHKO Clause: OHKO moves are banned\n|rule|Evasion Items Clause: Evasion items are banned\n|rule|Evasion Moves Clause: Evasion moves are banned\n|rule|Endless Battle Clause: Forcing endless battles is banned\n|rule|HP Percentage Mod: HP is shown in percentages\n|clearpoke\n|poke|p1|Corviknight, M|\n|poke|p1|Blissey, F|\n|poke|p1|Grimmsnarl, M|\n|poke|p1|Dragonite, M|\n|poke|p1|Quagsire, M|\n|poke|p1|Iron Valiant|\n|poke|p2|Grimmsnarl, M|\n|poke|p2|Dondozo, M|\n|poke|p2|Cinderace, M|\n|poke|p2|Moltres-Galar|\n|poke|p2|Garchomp, M|\n|poke|p2|Rillaboom, F|\n|teampreview\n|c|\u2606iamdahero12|good use of gen 9\n|c|\u2606BeastFelix|thx\n|c|\u2606BeastFelix|u too\n|c|\u2606iamdahero12|thanks\n|\n|t:|1700754259\n|start\n|switch|p1a: Grimmsnarl|Grimmsnarl, M|100\/100\n|switch|p2a: Dondozo|Dondozo, M|100\/100\n|turn|1\n|\n|t:|1700754280\n|move|p1a: Grimmsnarl|Reflect|p1a: Grimmsnarl\n|-sidestart|p1: iamdahero12|Reflect\n|move|p2a: Dondozo|Wave Crash|p1a: Grimmsnarl\n|-damage|p1a: Grimmsnarl|76\/100\n|-damage|p2a: Dondozo|94\/100|[from] Recoil\n|\n|-heal|p2a: Dondozo|99\/100|[from] item: Leftovers\n|upkeep\n|turn|2\n|\n|t:|1700754291\n|switch|p2a: Cinderace|Cinderace, M|100\/100\n|move|p1a: Grimmsnarl|Light Screen|p1a: Grimmsnarl\n|-sidestart|p1: iamdahero12|move: Light Screen\n|\n|upkeep\n|turn|3\n|\n|t:|1700754296\n|move|p2a: Cinderace|Court Change|p2a: Cinderace\n|-start|p2a: Cinderace|typechange|Normal|[from] ability: Libero\n|-swapsideconditions\n|-activate|p2a: Cinderace|move: Court Change\n|move|p1a: Grimmsnarl|Spirit Break|p2a: Cinderace\n|-damage|p2a: Cinderace|79\/100\n|-unboost|p2a: Cinderace|spa|1\n|\n|upkeep\n|turn|4\n|\n|t:|1700754305\n|move|p1a: Grimmsnarl|Reflect|p1a: Grimmsnarl\n|-sidestart|p1: iamdahero12|Reflect\n|move|p2a: Cinderace|Pyro Ball|p1a: Grimmsnarl\n|-damage|p1a: Grimmsnarl|54\/100\n|\n|upkeep\n|turn|5\n|\n|t:|1700754313\n|switch|p2a: Dondozo|Dondozo, M|99\/100\n|move|p1a: Grimmsnarl|Taunt|p2a: Dondozo\n|-start|p2a: Dondozo|move: Taunt\n|\n|-heal|p2a: Dondozo|100\/100|[from] item: Leftovers\n|upkeep\n|turn|6\n|\n|t:|1700754320\n|move|p1a: Grimmsnarl|Light Screen|p1a: Grimmsnarl\n|-sidestart|p1: iamdahero12|move: Light Screen\n|move|p2a: Dondozo|Wave Crash|p1a: Grimmsnarl\n|-damage|p1a: Grimmsnarl|27\/100\n|-damage|p2a: Dondozo|94\/100|[from] Recoil\n|\n|-heal|p2a: Dondozo|99\/100|[from] item: Leftovers\n|upkeep\n|turn|7\n|inactive|Battle timer is ON: inactive players will automatically lose when time's up. (requested by BeastFelix)\n|\n|t:|1700754326\n|move|p1a: Grimmsnarl|Spirit Break|p2a: Dondozo\n|-damage|p2a: Dondozo|93\/100\n|-unboost|p2a: Dondozo|spa|1\n|move|p2a: Dondozo|Wave Crash|p1a: Grimmsnarl\n|-damage|p1a: Grimmsnarl|1\/100\n|-damage|p2a: Dondozo|87\/100|[from] Recoil\n|\n|-heal|p2a: Dondozo|93\/100|[from] item: Leftovers\n|-end|p2a: Dondozo|move: Taunt\n|upkeep\n|turn|8\n|\n|t:|1700754333\n|move|p1a: Grimmsnarl|Spirit Break|p2a: Dondozo\n|-damage|p2a: Dondozo|86\/100\n|-unboost|p2a: Dondozo|spa|1\n|move|p2a: Dondozo|Wave Crash|p1a: Grimmsnarl\n|-damage|p1a: Grimmsnarl|0 fnt\n|faint|p1a: Grimmsnarl\n|-damage|p2a: Dondozo|86\/100|[from] Recoil\n|\n|-heal|p2a: Dondozo|92\/100|[from] item: Leftovers\n|-sideend|p2: BeastFelix|Reflect\n|upkeep\n|\n|t:|1700754356\n|switch|p1a: Quagsire|Quagsire, M|100\/100\n|turn|9\n|\n|t:|1700754360\n|move|p1a: Quagsire|Toxic|p2a: Dondozo\n|-status|p2a: Dondozo|tox\n|move|p2a: Dondozo|Wave Crash|p1a: Quagsire\n|-damage|p1a: Quagsire|86\/100\n|-damage|p2a: Dondozo|88\/100 tox|[from] Recoil\n|\n|-heal|p2a: Dondozo|94\/100 tox|[from] item: Leftovers\n|-heal|p1a: Quagsire|92\/100|[from] item: Leftovers\n|-damage|p2a: Dondozo|88\/100 tox|[from] psn\n|-sideend|p2: BeastFelix|move: Light Screen\n|upkeep\n|turn|10\n|\n|t:|1700754367\n|move|p1a: Quagsire|Stealth Rock|p2a: Dondozo\n|-sidestart|p2: BeastFelix|move: Stealth Rock\n|move|p2a: Dondozo|Curse|p2a: Dondozo\n|-unboost|p2a: Dondozo|spe|1\n|-boost|p2a: Dondozo|atk|1\n|-boost|p2a: Dondozo|def|1\n|\n|-heal|p1a: Quagsire|98\/100|[from] item: Leftovers\n|-heal|p2a: Dondozo|94\/100 tox|[from] item: Leftovers\n|-damage|p2a: Dondozo|82\/100 tox|[from] psn\n|upkeep\n|turn|11\n|c|\u2606iamdahero12|keep doing that\n|c|\u2606iamdahero12|suits you\n|c|\u2606BeastFelix|ok\n|c|\u2606iamdahero12|lmfao\n|c|\u2606BeastFelix|gay\n|c|\u2606iamdahero12|i have unaware\n|c|\u2606iamdahero12|!dt unaware\n|raw|<ul class=\"utilichart\"><li class=\"result\"><span class=\"col namecol\"><a href=\"https:\/\/dex.pokemonshowdown.com\/abilities\/unaware\">Unaware<\/a><\/span> <span class=\"col abilitydesccol\">This Pokemon ignores other Pokemon's stat stages when taking or doing damage.<\/span> <\/li><li style=\"clear:both\"><\/li><\/ul>\n|raw|<font size=\"1\"><font color=\"#686868\">Gen:<\/font> 4&nbsp;|&ThickSpace;&#10003; Ignored by Mold Breaker<\/font>\n\n|inactive|iamdahero12 has 270 seconds left.\n|c|\u2606BeastFelix|i forgor \ud83d\udc80\n|\n|t:|1700754409\n|move|p1a: Quagsire|Haze|p1a: Quagsire\n|-clearallboost\n|move|p2a: Dondozo|Curse|p2a: Dondozo\n|-unboost|p2a: Dondozo|spe|1\n|-boost|p2a: Dondozo|atk|1\n|-boost|p2a: Dondozo|def|1\n|\n|-heal|p1a: Quagsire|100\/100|[from] item: Leftovers\n|-heal|p2a: Dondozo|88\/100 tox|[from] item: Leftovers\n|-damage|p2a: Dondozo|70\/100 tox|[from] psn\n|-sideend|p1: iamdahero12|Reflect\n|upkeep\n|turn|12\n|c|\u2606iamdahero12|proceeds to curse\n|\n|t:|1700754420\n|move|p1a: Quagsire|Haze|p1a: Quagsire\n|-clearallboost\n|move|p2a: Dondozo|Rest|p2a: Dondozo\n|-status|p2a: Dondozo|slp|[from] move: Rest\n|-heal|p2a: Dondozo|100\/100 slp|[silent]\n|\n|upkeep\n|turn|13\n|\n|t:|1700754431\n|switch|p1a: Dragonite|Dragonite, M|100\/100\n|cant|p2a: Dondozo|slp\n|move|p2a: Dondozo|Sleep Talk|p2a: Dondozo\n|move|p2a: Dondozo|Curse|p2a: Dondozo|[from]move: Sleep Talk\n|-unboost|p2a: Dondozo|spe|1\n|-boost|p2a: Dondozo|atk|1\n|-boost|p2a: Dondozo|def|1\n|\n|-sideend|p1: iamdahero12|move: Light Screen\n|upkeep\n|turn|14\n|\n|t:|1700754439\n|move|p1a: Dragonite|Dragon Dance|p1a: Dragonite\n|-boost|p1a: Dragonite|atk|1\n|-boost|p1a: Dragonite|spe|1\n|cant|p2a: Dondozo|slp\n|move|p2a: Dondozo|Sleep Talk|p2a: Dondozo\n|move|p2a: Dondozo|Rest||[from]move: Sleep Talk|[still]\n|-fail|p2a: Dondozo\n|\n|upkeep\n|turn|15\n|\n|t:|1700754442\n|switch|p2a: Grimmsnarl|Grimmsnarl, M, shiny|100\/100\n|-damage|p2a: Grimmsnarl|88\/100|[from] Stealth Rock\n|move|p1a: Dragonite|Dragon Dance|p1a: Dragonite\n|-boost|p1a: Dragonite|atk|1\n|-boost|p1a: Dragonite|spe|1\n|\n|upkeep\n|turn|16\n|\n|t:|1700754449\n|move|p2a: Grimmsnarl|Thunder Wave|p1a: Dragonite\n|-status|p1a: Dragonite|par\n|move|p1a: Dragonite|Earthquake|p2a: Grimmsnarl\n|-damage|p2a: Grimmsnarl|0 fnt\n|faint|p2a: Grimmsnarl\n|\n|upkeep\n|\n|t:|1700754460\n|switch|p2a: Dondozo|Dondozo, M|100\/100 slp\n|-damage|p2a: Dondozo|88\/100 slp|[from] Stealth Rock\n|turn|17\n|\n|t:|1700754470\n|cant|p1a: Dragonite|par\n|-curestatus|p2a: Dondozo|slp|[msg]\n|move|p2a: Dondozo|Wave Crash|p1a: Dragonite\n|-resisted|p1a: Dragonite\n|-damage|p1a: Dragonite|88\/100 par\n|-damage|p2a: Dondozo|85\/100|[from] Recoil\n|\n|-heal|p2a: Dondozo|92\/100|[from] item: Leftovers\n|upkeep\n|turn|18\n|\n|t:|1700754473\n|cant|p1a: Dragonite|par\n|move|p2a: Dondozo|Curse|p2a: Dondozo\n|-unboost|p2a: Dondozo|spe|1\n|-boost|p2a: Dondozo|atk|1\n|-boost|p2a: Dondozo|def|1\n|\n|-heal|p2a: Dondozo|98\/100|[from] item: Leftovers\n|upkeep\n|turn|19\n|\n|t:|1700754476\n|move|p1a: Dragonite|Dragon Claw|p2a: Dondozo\n|-damage|p2a: Dondozo|83\/100\n|move|p2a: Dondozo|Curse|p2a: Dondozo\n|-unboost|p2a: Dondozo|spe|1\n|-boost|p2a: Dondozo|atk|1\n|-boost|p2a: Dondozo|def|1\n|\n|-heal|p2a: Dondozo|90\/100|[from] item: Leftovers\n|upkeep\n|turn|20\n|\n|t:|1700754481\n|switch|p1a: Quagsire|Quagsire, M|100\/100\n|move|p2a: Dondozo|Wave Crash|p1a: Quagsire\n|-damage|p1a: Quagsire|71\/100\n|-damage|p2a: Dondozo|82\/100|[from] Recoil\n|\n|-heal|p1a: Quagsire|77\/100|[from] item: Leftovers\n|-heal|p2a: Dondozo|88\/100|[from] item: Leftovers\n|upkeep\n|turn|21\n|\n|t:|1700754485\n|move|p1a: Quagsire|Haze|p1a: Quagsire\n|-clearallboost\n|move|p2a: Dondozo|Wave Crash|p1a: Quagsire\n|-damage|p1a: Quagsire|50\/100\n|-damage|p2a: Dondozo|81\/100|[from] Recoil\n|\n|-heal|p1a: Quagsire|56\/100|[from] item: Leftovers\n|-heal|p2a: Dondozo|87\/100|[from] item: Leftovers\n|upkeep\n|turn|22\n|\n|t:|1700754495\n|move|p2a: Dondozo|Wave Crash|p1a: Quagsire\n|-damage|p1a: Quagsire|28\/100\n|-damage|p2a: Dondozo|80\/100|[from] Recoil\n|move|p1a: Quagsire|Toxic|p2a: Dondozo\n|-status|p2a: Dondozo|tox\n|\n|-heal|p2a: Dondozo|86\/100 tox|[from] item: Leftovers\n|-heal|p1a: Quagsire|34\/100|[from] item: Leftovers\n|-damage|p2a: Dondozo|80\/100 tox|[from] psn\n|upkeep\n|turn|23\n|c|\u2606BeastFelix|tf you resetting\n|c|\u2606BeastFelix|you have unaware\n|c|\u2606iamdahero12|stall\n|\n|t:|1700754512\n|move|p2a: Dondozo|Wave Crash|p1a: Quagsire\n|-damage|p1a: Quagsire|5\/100\n|-damage|p2a: Dondozo|72\/100 tox|[from] Recoil\n|move|p1a: Quagsire|Recover|p1a: Quagsire\n|-heal|p1a: Quagsire|55\/100\n|\n|-heal|p1a: Quagsire|61\/100|[from] item: Leftovers\n|-heal|p2a: Dondozo|78\/100 tox|[from] item: Leftovers\n|-damage|p2a: Dondozo|66\/100 tox|[from] psn\n|upkeep\n|turn|24\n|c|\u2606iamdahero12|pp\n|\n|t:|1700754518\n|move|p2a: Dondozo|Rest|p2a: Dondozo\n|-status|p2a: Dondozo|slp|[from] move: Rest\n|-heal|p2a: Dondozo|100\/100 slp|[silent]\n|move|p1a: Quagsire|Recover|p1a: Quagsire\n|-heal|p1a: Quagsire|100\/100\n|\n|upkeep\n|turn|25\n|c|\u2606iamdahero12|!dt haze\n|raw|<ul class=\"utilichart\"><li class=\"result\"><span class=\"col movenamecol\"><a href=\"https:\/\/dex.pokemonshowdown.com\/moves\/haze\">Haze<\/a><\/span> <span class=\"col typecol\"><img src=\"\/\/play.pokemonshowdown.com\/sprites\/types\/Ice.png\" alt=\"Ice\" width=\"32\" height=\"14\"><img src=\"\/\/play.pokemonshowdown.com\/sprites\/categories\/Status.png\" alt=\"Status\" width=\"32\" height=\"14\"><\/span> <span class=\"col widelabelcol\"><em>Accuracy<\/em><br>\u2014<\/span> <span class=\"col pplabelcol\"><em>PP<\/em><br>48<\/span> <span class=\"col movedesccol\">Eliminates all stat changes.<\/span> <\/li><li style=\"clear:both\"><\/li><\/ul>\n|raw|<font size=\"1\"><font color=\"#686868\">Priority:<\/font> 0&nbsp;|&ThickSpace;<font color=\"#686868\">Gen:<\/font> 1&nbsp;|&ThickSpace;&#10003; Bypasses Protect&nbsp;|&ThickSpace;&#10003; Bypasses Substitutes&nbsp;|&ThickSpace;<font color=\"#686868\">Z-Effect:<\/font> Restores HP 100%&nbsp;|&ThickSpace;<font color=\"#686868\">Target:<\/font> All Pok\u00e9mon<\/font>\n\n|c|\u2606BeastFelix|oh\n|\n|t:|1700754539\n|switch|p1a: Corviknight|Corviknight, M|100\/100\n|-ability|p1a: Corviknight|Pressure\n|cant|p2a: Dondozo|slp\n|move|p2a: Dondozo|Sleep Talk|p2a: Dondozo\n|move|p2a: Dondozo|Wave Crash|p1a: Corviknight|[from]move: Sleep Talk\n|-damage|p1a: Corviknight|73\/100\n|-damage|p2a: Dondozo|84\/100 slp|[from] item: Rocky Helmet|[of] p1a: Corviknight\n|-damage|p2a: Dondozo|77\/100 slp|[from] Recoil\n|\n|-heal|p2a: Dondozo|83\/100 slp|[from] item: Leftovers\n|upkeep\n|turn|26\n|\n|t:|1700754543\n|move|p1a: Corviknight|Brave Bird|p2a: Dondozo\n|-damage|p2a: Dondozo|66\/100 slp\n|-damage|p1a: Corviknight|66\/100|[from] Recoil\n|cant|p2a: Dondozo|slp\n|move|p2a: Dondozo|Sleep Talk|p2a: Dondozo\n|move|p2a: Dondozo|Curse|p2a: Dondozo|[from]move: Sleep Talk\n|-unboost|p2a: Dondozo|spe|1\n|-boost|p2a: Dondozo|atk|1\n|-boost|p2a: Dondozo|def|1\n|\n|-heal|p2a: Dondozo|72\/100 slp|[from] item: Leftovers\n|upkeep\n|turn|27\n|\n|t:|1700754556\n|switch|p1a: Quagsire|Quagsire, M|100\/100\n|switch|p2a: Cinderace|Cinderace, M|79\/100\n|\n|upkeep\n|turn|28\n|c|\u2606iamdahero12|hahahaha\n|\n|t:|1700754570\n|move|p2a: Cinderace|Trailblaze|p1a: Quagsire\n|-start|p2a: Cinderace|typechange|Grass|[from] ability: Libero\n|-supereffective|p1a: Quagsire\n|-damage|p1a: Quagsire|33\/100\n|-boost|p2a: Cinderace|spe|1\n|move|p1a: Quagsire|Toxic|p2a: Cinderace\n|-status|p2a: Cinderace|tox\n|\n|-heal|p1a: Quagsire|40\/100|[from] item: Leftovers\n|-damage|p2a: Cinderace|73\/100 tox|[from] psn\n|upkeep\n|turn|29\n|c|\u2606BeastFelix|hahhahaahahhaha\n|c|\u2606iamdahero12|nonononono\n|\n|t:|1700754580\n|switch|p1a: Corviknight|Corviknight, M|66\/100\n|-ability|p1a: Corviknight|Pressure\n|move|p2a: Cinderace|Trailblaze|p1a: Corviknight\n|-resisted|p1a: Corviknight\n|-damage|p1a: Corviknight|63\/100\n|-boost|p2a: Cinderace|spe|1\n|-damage|p2a: Cinderace|56\/100 tox|[from] item: Rocky Helmet|[of] p1a: Corviknight\n|\n|-damage|p2a: Cinderace|44\/100 tox|[from] psn\n|upkeep\n|turn|30\n|\n|t:|1700754584\n|switch|p1a: Quagsire|Quagsire, M|40\/100\n|move|p2a: Cinderace|Pyro Ball|p1a: Quagsire\n|-resisted|p1a: Quagsire\n|-damage|p1a: Quagsire|26\/100\n|\n|-heal|p1a: Quagsire|32\/100|[from] item: Leftovers\n|-damage|p2a: Cinderace|26\/100 tox|[from] psn\n|upkeep\n|turn|31\n|\n|t:|1700754587\n|switch|p1a: Dragonite|Dragonite, M|88\/100 par\n|move|p2a: Cinderace|Trailblaze|p1a: Dragonite\n|-resisted|p1a: Dragonite\n|-damage|p1a: Dragonite|82\/100 par\n|-boost|p2a: Cinderace|spe|1\n|\n|-damage|p2a: Cinderace|2\/100 tox|[from] psn\n|upkeep\n|turn|32\n|\n|t:|1700754591\n|move|p1a: Dragonite|Extreme Speed|p2a: Cinderace\n|-damage|p2a: Cinderace|0 fnt\n|faint|p2a: Cinderace\n|\n|upkeep\n|\n|t:|1700754598\n|switch|p2a: Garchomp|Garchomp, M|100\/100\n|-damage|p2a: Garchomp|94\/100|[from] Stealth Rock\n|turn|33\n|\n|t:|1700754603\n|move|p1a: Dragonite|Extreme Speed|p2a: Garchomp\n|-crit|p2a: Garchomp\n|-damage|p2a: Garchomp|49\/100\n|-damage|p1a: Dragonite|69\/100 par|[from] ability: Rough Skin|[of] p2a: Garchomp\n|move|p2a: Garchomp|Scale Shot|p1a: Dragonite\n|-supereffective|p1a: Dragonite\n|-damage|p1a: Dragonite|39\/100 par\n|-enditem|p1a: Dragonite|Weakness Policy\n|-boost|p1a: Dragonite|atk|2|[from] item: Weakness Policy\n|-boost|p1a: Dragonite|spa|2|[from] item: Weakness Policy\n|-supereffective|p1a: Dragonite\n|-damage|p1a: Dragonite|12\/100 par\n|-supereffective|p1a: Dragonite\n|-damage|p1a: Dragonite|0 fnt\n|faint|p1a: Dragonite\n|-hitcount|p1: Dragonite|3\n|-unboost|p2a: Garchomp|def|1\n|-boost|p2a: Garchomp|spe|1\n|\n|upkeep\n|\n|t:|1700754614\n|switch|p1a: Iron Valiant|Iron Valiant|100\/100\n|turn|34\n|\n|t:|1700754621\n|-terastallize|p2a: Garchomp|Steel\n|move|p1a: Iron Valiant|Ice Punch|p2a: Garchomp\n|-resisted|p2a: Garchomp\n|-damage|p2a: Garchomp|29\/100\n|-damage|p1a: Iron Valiant|88\/100|[from] ability: Rough Skin|[of] p2a: Garchomp\n|move|p2a: Garchomp|Earthquake|p1a: Iron Valiant\n|-damage|p1a: Iron Valiant|15\/100\n|\n|upkeep\n|turn|35\n|\n|t:|1700754629\n|-end|p1a: Iron Valiant|Quark Drive|[silent]\n|switch|p1a: Corviknight|Corviknight, M|63\/100\n|-ability|p1a: Corviknight|Pressure\n|move|p2a: Garchomp|Earthquake|p1a: Corviknight\n|-immune|p1a: Corviknight\n|\n|upkeep\n|turn|36\n|\n|t:|1700754633\n|move|p2a: Garchomp|Scale Shot|p1a: Corviknight\n|-resisted|p1a: Corviknight\n|-damage|p1a: Corviknight|59\/100\n|-resisted|p1a: Corviknight\n|-damage|p1a: Corviknight|55\/100\n|-resisted|p1a: Corviknight\n|-damage|p1a: Corviknight|51\/100\n|-resisted|p1a: Corviknight\n|-crit|p1a: Corviknight\n|-damage|p1a: Corviknight|44\/100\n|-resisted|p1a: Corviknight\n|-damage|p1a: Corviknight|40\/100\n|-hitcount|p1a: Corviknight|5\n|-unboost|p2a: Garchomp|def|1\n|-boost|p2a: Garchomp|spe|1\n|move|p1a: Corviknight|Roost|p1a: Corviknight\n|-heal|p1a: Corviknight|90\/100\n|-singleturn|p1a: Corviknight|move: Roost\n|\n|upkeep\n|turn|37\n|c|\u2606BeastFelix|.......\n|\n|t:|1700754645\n|switch|p2a: Dondozo|Dondozo, M|72\/100 slp\n|-damage|p2a: Dondozo|60\/100 slp|[from] Stealth Rock\n|move|p1a: Corviknight|U-turn|p2a: Dondozo\n|-damage|p2a: Dondozo|54\/100 slp\n|\n|t:|1700754650\n|switch|p1a: Iron Valiant|Iron Valiant|15\/100|[from] U-turn\n|\n|-heal|p2a: Dondozo|60\/100 slp|[from] item: Leftovers\n|upkeep\n|turn|38\n|\n|t:|1700754657\n|move|p1a: Iron Valiant|Close Combat|p2a: Dondozo\n|-damage|p2a: Dondozo|34\/100 slp\n|-unboost|p1a: Iron Valiant|def|1\n|-unboost|p1a: Iron Valiant|spd|1\n|-curestatus|p2a: Dondozo|slp|[msg]\n|move|p2a: Dondozo|Wave Crash|p1a: Iron Valiant\n|-damage|p1a: Iron Valiant|0 fnt\n|faint|p1a: Iron Valiant\n|-end|p1a: Iron Valiant|Quark Drive|[silent]\n|-damage|p2a: Dondozo|31\/100|[from] Recoil\n|\n|-heal|p2a: Dondozo|37\/100|[from] item: Leftovers\n|upkeep\n|\n|t:|1700754677\n|switch|p1a: Blissey|Blissey, F|100\/100\n|turn|39\n|\n|t:|1700754681\n|move|p1a: Blissey|Thunder Wave|p2a: Dondozo\n|-status|p2a: Dondozo|par\n|move|p2a: Dondozo|Wave Crash|p1a: Blissey\n|-damage|p1a: Blissey|64\/100\n|-damage|p2a: Dondozo|21\/100 par|[from] Recoil\n|\n|-heal|p1a: Blissey|71\/100|[from] item: Leftovers\n|-heal|p2a: Dondozo|27\/100 par|[from] item: Leftovers\n|upkeep\n|turn|40\n|\n|t:|1700754691\n|move|p1a: Blissey|Seismic Toss|p2a: Dondozo\n|-damage|p2a: Dondozo|7\/100 par\n|cant|p2a: Dondozo|par\n|\n|-heal|p1a: Blissey|77\/100|[from] item: Leftovers\n|-heal|p2a: Dondozo|13\/100 par|[from] item: Leftovers\n|upkeep\n|turn|41\n|\n|t:|1700754712\n|switch|p2a: Rillaboom|Rillaboom, F|100\/100\n|-damage|p2a: Rillaboom|88\/100|[from] Stealth Rock\n|-fieldstart|move: Grassy Terrain|[from] ability: Grassy Surge|[of] p2a: Rillaboom\n|move|p1a: Blissey|Seismic Toss|p2a: Rillaboom\n|-damage|p2a: Rillaboom|59\/100\n|\n|-heal|p2a: Rillaboom|65\/100|[from] Grassy Terrain\n|-heal|p2a: Rillaboom|71\/100|[from] item: Leftovers\n|-heal|p1a: Blissey|83\/100|[from] Grassy Terrain\n|-heal|p1a: Blissey|89\/100|[from] item: Leftovers\n|upkeep\n|turn|42\n|\n|t:|1700754727\n|switch|p1a: Corviknight|Corviknight, M|90\/100\n|-ability|p1a: Corviknight|Pressure\n|move|p2a: Rillaboom|Wood Hammer|p1a: Corviknight\n|-resisted|p1a: Corviknight\n|-damage|p1a: Corviknight|79\/100\n|-damage|p2a: Rillaboom|55\/100|[from] item: Rocky Helmet|[of] p1a: Corviknight\n|-damage|p2a: Rillaboom|50\/100|[from] Recoil\n|\n|-heal|p2a: Rillaboom|57\/100|[from] Grassy Terrain\n|-heal|p2a: Rillaboom|63\/100|[from] item: Leftovers\n|upkeep\n|turn|43\n|\n|t:|1700754731\n|switch|p2a: Moltres|Moltres-Galar, shiny|100\/100\n|-damage|p2a: Moltres|76\/100|[from] Stealth Rock\n|move|p1a: Corviknight|Brave Bird|p2a: Moltres\n|-damage|p2a: Moltres|31\/100\n|-damage|p1a: Corviknight|67\/100|[from] Recoil\n|-ability|p2a: Moltres|Berserk|boost\n|-boost|p2a: Moltres|spa|1\n|\n|upkeep\n|turn|44\n|c|\u2606iamdahero12|why its normal tho\n|\n|t:|1700754745\n|switch|p1a: Quagsire|Quagsire, M|32\/100\n|move|p2a: Moltres|Substitute|p2a: Moltres\n|-start|p2a: Moltres|Substitute\n|-damage|p2a: Moltres|6\/100\n|\n|-heal|p1a: Quagsire|38\/100|[from] Grassy Terrain\n|-heal|p1a: Quagsire|44\/100|[from] item: Leftovers\n|upkeep\n|turn|45\n|\n|t:|1700754755\n|move|p2a: Moltres|Hurricane|p1a: Quagsire|[miss]\n|-miss|p2a: Moltres|p1a: Quagsire\n|move|p1a: Quagsire|Recover|p1a: Quagsire\n|-heal|p1a: Quagsire|94\/100\n|\n|-heal|p1a: Quagsire|100\/100|[from] Grassy Terrain\n|-fieldend|move: Grassy Terrain\n|upkeep\n|turn|46\n|\n|t:|1700754761\n|switch|p1a: Blissey|Blissey, F|89\/100\n|move|p2a: Moltres|Hurricane|p1a: Blissey\n|-damage|p1a: Blissey|59\/100\n|\n|-heal|p1a: Blissey|66\/100|[from] item: Leftovers\n|upkeep\n|turn|47\n|\n|t:|1700754765\n|move|p2a: Moltres|Fiery Wrath|p1a: Blissey\n|-crit|p1a: Blissey\n|-damage|p1a: Blissey|29\/100\n|move|p1a: Blissey|Seismic Toss|p2a: Moltres\n|-end|p2a: Moltres|Substitute\n|\n|-heal|p1a: Blissey|35\/100|[from] item: Leftovers\n|upkeep\n|turn|48\n|\n|t:|1700754772\n|move|p2a: Moltres|Fiery Wrath|p1a: Blissey\n|-damage|p1a: Blissey|12\/100\n|move|p1a: Blissey|Soft-Boiled|p1a: Blissey\n|-heal|p1a: Blissey|62\/100\n|\n|-heal|p1a: Blissey|69\/100|[from] item: Leftovers\n|upkeep\n|turn|49\n|\n|t:|1700754777\n|move|p2a: Moltres|Fiery Wrath|p1a: Blissey\n|-damage|p1a: Blissey|46\/100\n|move|p1a: Blissey|Soft-Boiled|p1a: Blissey\n|-heal|p1a: Blissey|96\/100\n|\n|-heal|p1a: Blissey|100\/100|[from] item: Leftovers\n|upkeep\n|turn|50\n|\n|t:|1700754780\n|switch|p2a: Garchomp|Garchomp, M, tera:Steel|29\/100\n|-damage|p2a: Garchomp|22\/100|[from] Stealth Rock\n|move|p1a: Blissey|Seismic Toss|p2a: Garchomp\n|-damage|p2a: Garchomp|0 fnt\n|-damage|p1a: Blissey|88\/100|[from] ability: Rough Skin|[of] p2a: Garchomp\n|faint|p2a: Garchomp\n|\n|-heal|p1a: Blissey|94\/100|[from] item: Leftovers\n|upkeep\n|\n|t:|1700754789\n|switch|p2a: Dondozo|Dondozo, M|13\/100 par\n|-damage|p2a: Dondozo|0 fnt|[from] Stealth Rock\n|faint|p2a: Dondozo\n|c|\u2606iamdahero12|Lmao\n|-message|BeastFelix forfeited.\n|\n|win|iamdahero12\n|l|\u2606BeastFelix\n","uploadtime":1700754800,"views":0,"p1id":"iamdahero12","p2id":"beastfelix","formatid":"gen9ou","rating":0,"private":0,"password":""}