{"id":"gen9ou-1992568023","p1":"Charyarados","p2":"aniihS","format":"[Gen 9] OU","log":"|j|\u2606Charyarados\n|j|\u2606aniihS\n|t:|1700207276\n|gametype|singles\n|player|p1|Charyarados|lance|1067\n|player|p2|aniihS|elesa-masters|1124\n|teamsize|p1|6\n|teamsize|p2|6\n|gen|9\n|tier|[Gen 9] OU\n|rated|\n|rule|Sleep Clause Mod: Limit one foe put to sleep\n|rule|Species Clause: Limit one of each Pok\u00e9mon\n|rule|OHKO Clause: OHKO moves are banned\n|rule|Evasion Items Clause: Evasion items are banned\n|rule|Evasion Moves Clause: Evasion moves are banned\n|rule|Endless Battle Clause: Forcing endless battles is banned\n|rule|HP Percentage Mod: HP is shown in percentages\n|clearpoke\n|poke|p1|Gengar, F|\n|poke|p1|Cloyster, M|\n|poke|p1|Zapdos|\n|poke|p1|Torterra, F|\n|poke|p1|Gyarados, M|\n|poke|p1|Dragonite, F|\n|poke|p2|Meowscarada, F|\n|poke|p2|Ursaluna, M|\n|poke|p2|Kingambit, M|\n|poke|p2|Glimmora, M|\n|poke|p2|Gholdengo|\n|poke|p2|Landorus-Therian, M|\n|teampreview\n|\n|t:|1700207290\n|start\n|switch|p1a: Gengar|Gengar, F|100\/100\n|switch|p2a: Meowscarada|Meowscarada, F|100\/100\n|turn|1\n|\n|t:|1700207312\n|switch|p1a: Dragonite|Dragonite, F|100\/100\n|move|p2a: Meowscarada|Flower Trick|p1a: Dragonite\n|-resisted|p1a: Dragonite\n|-crit|p1a: Dragonite\n|-damage|p1a: Dragonite|88\/100\n|\n|upkeep\n|turn|2\n|\n|t:|1700207321\n|move|p1a: Dragonite|Fire Punch|p2a: Meowscarada\n|-supereffective|p2a: Meowscarada\n|-damage|p2a: Meowscarada|15\/100\n|move|p2a: Meowscarada|Trick Room|p2a: Meowscarada\n|-fieldstart|move: Trick Room|[of] p2a: Meowscarada\n|\n|upkeep\n|turn|3\n|\n|t:|1700207330\n|move|p1a: Dragonite|Extreme Speed|p2a: Meowscarada\n|-damage|p2a: Meowscarada|0 fnt\n|faint|p2a: Meowscarada\n|\n|upkeep\n|\n|t:|1700207333\n|switch|p2a: Ursaluna|Ursaluna, M|100\/100\n|turn|4\n|\n|t:|1700207346\n|move|p2a: Ursaluna|Crunch|p1a: Dragonite\n|-damage|p1a: Dragonite|50\/100\n|move|p1a: Dragonite|Ice Spinner|p2a: Ursaluna\n|-supereffective|p2a: Ursaluna\n|-damage|p2a: Ursaluna|58\/100\n|\n|-status|p2a: Ursaluna|brn|[from] item: Flame Orb\n|upkeep\n|turn|5\n|\n|t:|1700207356\n|switch|p1a: Cloyster|Cloyster, M|100\/100\n|-terastallize|p2a: Ursaluna|Ghost\n|move|p2a: Ursaluna|Facade|p1a: Cloyster\n|-damage|p1a: Cloyster|34\/100\n|\n|-heal|p1a: Cloyster|40\/100|[from] item: Leftovers\n|-damage|p2a: Ursaluna|52\/100 brn|[from] brn\n|upkeep\n|turn|6\n|\n|t:|1700207368\n|switch|p1a: Gengar|Gengar, F|100\/100\n|move|p2a: Ursaluna|Drain Punch|p1a: Gengar\n|-immune|p1a: Gengar\n|\n|-damage|p2a: Ursaluna|46\/100 brn|[from] brn\n|-fieldend|move: Trick Room\n|upkeep\n|turn|7\n|\n|t:|1700207377\n|move|p1a: Gengar|Hex|p2a: Ursaluna\n|-supereffective|p2a: Ursaluna\n|-damage|p2a: Ursaluna|0 fnt\n|faint|p2a: Ursaluna\n|\n|upkeep\n|\n|t:|1700207385\n|switch|p2a: Kingambit|Kingambit, M|100\/100\n|-activate|p2a: Kingambit|ability: Supreme Overlord\n|-start|p2a: Kingambit|fallen2|[silent]\n|turn|8\n|\n|t:|1700207400\n|switch|p1a: Torterra|Torterra, F|100\/100\n|move|p2a: Kingambit|Kowtow Cleave|p1a: Torterra\n|-damage|p1a: Torterra|37\/100\n|\n|upkeep\n|turn|9\n|\n|t:|1700207409\n|-end|p2a: Kingambit|fallen2|[silent]\n|switch|p2a: Landorus|Landorus-Therian, M|100\/100\n|-ability|p2a: Landorus|Intimidate|boost\n|-unboost|p1a: Torterra|atk|1\n|move|p1a: Torterra|Body Press|p2a: Landorus\n|-resisted|p2a: Landorus\n|-damage|p2a: Landorus|90\/100\n|-damage|p1a: Torterra|21\/100|[from] item: Rocky Helmet|[of] p2a: Landorus\n|\n|upkeep\n|turn|10\n|\n|t:|1700207420\n|switch|p1a: Cloyster|Cloyster, M|40\/100\n|move|p2a: Landorus|U-turn|p1a: Cloyster\n|-damage|p1a: Cloyster|26\/100\n|\n|t:|1700207426\n|switch|p2a: Gholdengo|Gholdengo|100\/100|[from] U-turn\n|-item|p2a: Gholdengo|Air Balloon\n|\n|-heal|p1a: Cloyster|32\/100|[from] item: Leftovers\n|upkeep\n|turn|11\n|\n|t:|1700207440\n|switch|p1a: Zapdos|Zapdos|100\/100\n|move|p2a: Gholdengo|Shadow Ball|p1a: Zapdos\n|-damage|p1a: Zapdos|72\/100\n|\n|-heal|p1a: Zapdos|79\/100|[from] item: Leftovers\n|upkeep\n|turn|12\n|\n|t:|1700207449\n|switch|p2a: Landorus|Landorus-Therian, M|90\/100\n|-ability|p2a: Landorus|Intimidate|boost\n|-unboost|p1a: Zapdos|atk|1\n|move|p1a: Zapdos|Heat Wave|p2a: Landorus\n|-damage|p2a: Landorus|58\/100\n|\n|-heal|p1a: Zapdos|85\/100|[from] item: Leftovers\n|upkeep\n|turn|13\n|inactive|Battle timer is ON: inactive players will automatically lose when time's up. (requested by aniihS)\n|\n|t:|1700207460\n|switch|p1a: Gyarados|Gyarados, M|100\/100\n|-ability|p1a: Gyarados|Intimidate|boost\n|-unboost|p2a: Landorus|atk|1\n|move|p2a: Landorus|Stealth Rock|p1a: Gyarados\n|-sidestart|p1: Charyarados|move: Stealth Rock\n|\n|upkeep\n|turn|14\n|\n|t:|1700207471\n|move|p2a: Landorus|U-turn|p1a: Gyarados\n|-resisted|p1a: Gyarados\n|-damage|p1a: Gyarados|88\/100\n|\n|t:|1700207475\n|switch|p2a: Gholdengo|Gholdengo|100\/100|[from] U-turn\n|-item|p2a: Gholdengo|Air Balloon\n|move|p1a: Gyarados|Ice Fang|p2a: Gholdengo\n|-resisted|p2a: Gholdengo\n|-damage|p2a: Gholdengo|88\/100\n|-enditem|p2a: Gholdengo|Air Balloon\n|\n|upkeep\n|turn|15\n|\n|t:|1700207488\n|move|p2a: Gholdengo|Nasty Plot|p2a: Gholdengo\n|-boost|p2a: Gholdengo|spa|2\n|move|p1a: Gyarados|Thunderbolt|p2a: Gholdengo\n|-damage|p2a: Gholdengo|71\/100\n|\n|upkeep\n|turn|16\n|\n|t:|1700207497\n|switch|p1a: Gengar|Gengar, F|100\/100\n|-damage|p1a: Gengar|88\/100|[from] Stealth Rock\n|move|p2a: Gholdengo|Thunderbolt|p1a: Gengar\n|-damage|p1a: Gengar|0 fnt\n|faint|p1a: Gengar\n|\n|upkeep\n|\n|t:|1700207509\n|switch|p1a: Zapdos|Zapdos|85\/100\n|-damage|p1a: Zapdos|60\/100|[from] Stealth Rock\n|turn|17\n|\n|t:|1700207514\n|move|p2a: Gholdengo|Shadow Ball|p1a: Zapdos\n|-damage|p1a: Zapdos|0 fnt\n|faint|p1a: Zapdos\n|\n|upkeep\n|\n|t:|1700207520\n|switch|p1a: Dragonite|Dragonite, F|50\/100\n|turn|18\n|\n|t:|1700207526\n|move|p2a: Gholdengo|Shadow Ball|p1a: Dragonite\n|-damage|p1a: Dragonite|0 fnt\n|faint|p1a: Dragonite\n|\n|upkeep\n|\n|t:|1700207534\n|switch|p1a: Cloyster|Cloyster, M|32\/100\n|-damage|p1a: Cloyster|7\/100|[from] Stealth Rock\n|turn|19\n|\n|t:|1700207541\n|move|p2a: Gholdengo|Shadow Ball|p1a: Cloyster\n|-damage|p1a: Cloyster|0 fnt\n|faint|p1a: Cloyster\n|\n|upkeep\n|\n|t:|1700207549\n|switch|p1a: Gyarados|Gyarados, M|88\/100\n|-ability|p1a: Gyarados|Intimidate|boost\n|-unboost|p2a: Gholdengo|atk|1\n|turn|20\n|\n|t:|1700207557\n|move|p2a: Gholdengo|Thunderbolt|p1a: Gyarados\n|-supereffective|p1a: Gyarados\n|-damage|p1a: Gyarados|0 fnt\n|faint|p1a: Gyarados\n|\n|upkeep\n|\n|t:|1700207563\n|switch|p1a: Torterra|Torterra, F|21\/100\n|turn|21\n|c|\u2606aniihS|this guy should be ubers\n|\n|t:|1700207569\n|move|p2a: Gholdengo|Shadow Ball|p1a: Torterra\n|-damage|p1a: Torterra|0 fnt\n|faint|p1a: Torterra\n|\n|win|aniihS\n|raw|Charyarados's rating: 1067 &rarr; <strong>1050<\/strong><br \/>(-17 for losing)\n|raw|aniihS's rating: 1124 &rarr; <strong>1145<\/strong><br \/>(+21 for winning)\n|l|\u2606Charyarados\n","uploadtime":1700207576,"views":11,"p1id":"charyarados","p2id":"aniihs","formatid":"gen9ou","rating":1050,"private":0,"password":""}