{"id":"gen9ou-1992714646","p1":"Straduvarus","p2":"littensalt","format":"[Gen 9] OU","log":"|j|\u2606Straduvarus\n|j|\u2606littensalt\n|t:|1700228349\n|gametype|singles\n|player|p1|Straduvarus|steven|1323\n|player|p2|littensalt|calem|1351\n|teamsize|p1|6\n|teamsize|p2|6\n|gen|9\n|tier|[Gen 9] OU\n|rated|\n|rule|Sleep Clause Mod: Limit one foe put to sleep\n|rule|Species Clause: Limit one of each Pok\u00e9mon\n|rule|OHKO Clause: OHKO moves are banned\n|rule|Evasion Items Clause: Evasion items are banned\n|rule|Evasion Moves Clause: Evasion moves are banned\n|rule|Endless Battle Clause: Forcing endless battles is banned\n|rule|HP Percentage Mod: HP is shown in percentages\n|clearpoke\n|poke|p1|Kingambit, F|\n|poke|p1|Great Tusk|\n|poke|p1|Dragapult, M|\n|poke|p1|Ogerpon-Wellspring, F|\n|poke|p1|Blissey, F|\n|poke|p1|Zapdos|\n|poke|p2|Thundurus-Therian, M|\n|poke|p2|Weezing-Galar, F|\n|poke|p2|Cinderace, M|\n|poke|p2|Dragapult, M|\n|poke|p2|Ting-Lu|\n|poke|p2|Zamazenta-*|\n|teampreview\n|\n|t:|1700228365\n|start\n|switch|p1a: Ogerpon|Ogerpon-Wellspring, F|100\/100\n|switch|p2a: wheezy outta here|Weezing-Galar, F, shiny|100\/100\n|-ability|p2a: wheezy outta here|Neutralizing Gas\n|turn|1\n|\n|t:|1700228368\n|move|p1a: Ogerpon|Ivy Cudgel|p2a: wheezy outta here|[anim] Ivy Cudgel Water\n|-damage|p2a: wheezy outta here|62\/100\n|move|p2a: wheezy outta here|Will-O-Wisp|p1a: Ogerpon|[miss]\n|-miss|p2a: wheezy outta here|p1a: Ogerpon\n|\n|upkeep\n|turn|2\n|inactive|Battle timer is ON: inactive players will automatically lose when time's up. (requested by littensalt)\n|\n|t:|1700228402\n|move|p1a: Ogerpon|U-turn|p2a: wheezy outta here\n|-resisted|p2a: wheezy outta here\n|-damage|p2a: wheezy outta here|58\/100\n|-damage|p1a: Ogerpon|84\/100|[from] item: Rocky Helmet|[of] p2a: wheezy outta here\n|\n|t:|1700228406\n|switch|p1a: Blissey|Blissey, F|100\/100|[from] U-turn\n|move|p2a: wheezy outta here|Pain Split|p1a: Blissey\n|-sethp|p1a: Blissey|64\/100|[from] move: Pain Split|[silent]\n|-sethp|p2a: wheezy outta here|100\/100|[from] move: Pain Split\n|\n|upkeep\n|turn|3\n|\n|t:|1700228410\n|-end|p2a: wheezy outta here|ability: Neutralizing Gas\n|switch|p2a: 5g|Thundurus-Therian, M, shiny|100\/100\n|move|p1a: Blissey|Stealth Rock|p2a: 5g\n|-sidestart|p2: littensalt|move: Stealth Rock\n|\n|upkeep\n|turn|4\n|\n|t:|1700228422\n|move|p2a: 5g|Volt Switch|p1a: Blissey\n|-damage|p1a: Blissey|41\/100\n|\n|t:|1700228428\n|switch|p2a: Ting-Lu|Ting-Lu|100\/100|[from] Volt Switch\n|-damage|p2a: Ting-Lu|94\/100|[from] Stealth Rock\n|-ability|p2a: Ting-Lu|Vessel of Ruin\n|move|p1a: Blissey|Shadow Ball|p2a: Ting-Lu\n|-resisted|p2a: Ting-Lu\n|-damage|p2a: Ting-Lu|91\/100\n|\n|-heal|p2a: Ting-Lu|98\/100|[from] item: Leftovers\n|upkeep\n|turn|5\n|\n|t:|1700228445\n|switch|p1a: Ogerpon|Ogerpon-Wellspring, F|84\/100\n|move|p2a: Ting-Lu|Whirlwind|p1a: Ogerpon\n|drag|p1a: Great Tusk|Great Tusk|100\/100\n|\n|-heal|p2a: Ting-Lu|100\/100|[from] item: Leftovers\n|upkeep\n|turn|6\n|\n|t:|1700228459\n|switch|p2a: 5g|Thundurus-Therian, M, shiny|100\/100\n|-damage|p2a: 5g|76\/100|[from] Stealth Rock\n|move|p1a: Great Tusk|Knock Off|p2a: 5g\n|-damage|p2a: 5g|36\/100\n|-enditem|p2a: 5g|Choice Specs|[from] move: Knock Off|[of] p1a: Great Tusk\n|\n|upkeep\n|turn|7\n|\n|t:|1700228471\n|-end|p1a: Great Tusk|Protosynthesis|[silent]\n|switch|p1a: Blissey|Blissey, F|41\/100\n|move|p2a: 5g|Grass Knot|p1a: Blissey\n|-damage|p1a: Blissey|31\/100\n|\n|upkeep\n|turn|8\n|\n|t:|1700228476\n|move|p2a: 5g|Volt Switch|p1a: Blissey\n|-damage|p1a: Blissey|16\/100\n|\n|t:|1700228481\n|switch|p2a: FRANCHISE|Cinderace, M|100\/100|[from] Volt Switch\n|move|p1a: Blissey|Soft-Boiled|p1a: Blissey\n|-heal|p1a: Blissey|66\/100\n|\n|upkeep\n|turn|9\n|\n|t:|1700228486\n|switch|p1a: Dragapult|Dragapult, M|100\/100\n|move|p2a: FRANCHISE|Pyro Ball|p1a: Dragapult|[miss]\n|-miss|p2a: FRANCHISE|p1a: Dragapult\n|\n|upkeep\n|turn|10\n|\n|t:|1700228494\n|move|p2a: FRANCHISE|Sucker Punch|p1a: Dragapult\n|-start|p2a: FRANCHISE|typechange|Dark|[from] ability: Libero\n|-supereffective|p1a: Dragapult\n|-damage|p1a: Dragapult|7\/100\n|move|p1a: Dragapult|U-turn|p2a: FRANCHISE\n|-supereffective|p2a: FRANCHISE\n|-damage|p2a: FRANCHISE|48\/100\n|\n|t:|1700228500\n|switch|p1a: Great Tusk|Great Tusk|100\/100|[from] U-turn\n|\n|upkeep\n|turn|11\n|\n|t:|1700228503\n|move|p2a: FRANCHISE|U-turn|p1a: Great Tusk\n|-resisted|p1a: Great Tusk\n|-damage|p1a: Great Tusk|93\/100\n|\n|t:|1700228507\n|switch|p2a: wheezy outta here|Weezing-Galar, F, shiny|100\/100|[from] U-turn\n|-ability|p2a: wheezy outta here|Neutralizing Gas\n|-damage|p2a: wheezy outta here|88\/100|[from] Stealth Rock\n|move|p1a: Great Tusk|Earthquake|p2a: wheezy outta here\n|-supereffective|p2a: wheezy outta here\n|-crit|p2a: wheezy outta here\n|-damage|p2a: wheezy outta here|8\/100\n|\n|-heal|p1a: Great Tusk|99\/100|[from] item: Leftovers\n|upkeep\n|turn|12\n|\n|t:|1700228518\n|move|p1a: Great Tusk|Earthquake|p2a: wheezy outta here\n|-supereffective|p2a: wheezy outta here\n|-damage|p2a: wheezy outta here|0 fnt\n|faint|p2a: wheezy outta here\n|-end|p2a: wheezy outta here|ability: Neutralizing Gas\n|\n|-heal|p1a: Great Tusk|100\/100|[from] item: Leftovers\n|upkeep\n|\n|t:|1700228523\n|switch|p2a: FRANCHISE|Cinderace, M|48\/100\n|turn|13\n|\n|t:|1700228525\n|move|p2a: FRANCHISE|Court Change|p2a: FRANCHISE\n|-start|p2a: FRANCHISE|typechange|Normal|[from] ability: Libero\n|-swapsideconditions\n|-activate|p2a: FRANCHISE|move: Court Change\n|move|p1a: Great Tusk|Earthquake|p2a: FRANCHISE\n|-damage|p2a: FRANCHISE|0 fnt\n|faint|p2a: FRANCHISE\n|\n|upkeep\n|\n|t:|1700228529\n|switch|p2a: 5g|Thundurus-Therian, M, shiny|36\/100\n|turn|14\n|\n|t:|1700228533\n|move|p2a: 5g|Grass Knot|p1a: Great Tusk\n|-supereffective|p1a: Great Tusk\n|-damage|p1a: Great Tusk|0 fnt\n|faint|p1a: Great Tusk\n|-end|p1a: Great Tusk|Protosynthesis|[silent]\n|\n|upkeep\n|\n|t:|1700228537\n|switch|p1a: Blissey|Blissey, F|66\/100\n|turn|15\n|\n|t:|1700228543\n|move|p2a: 5g|Volt Switch|p1a: Blissey\n|-damage|p1a: Blissey|51\/100\n|\n|t:|1700228544\n|switch|p2a: Ting-Lu|Ting-Lu|100\/100|[from] Volt Switch\n|-ability|p2a: Ting-Lu|Vessel of Ruin\n|move|p1a: Blissey|Stealth Rock|p2a: Ting-Lu\n|-sidestart|p2: littensalt|move: Stealth Rock\n|\n|upkeep\n|turn|16\n|\n|t:|1700228552\n|move|p1a: Blissey|Soft-Boiled|p1a: Blissey\n|-heal|p1a: Blissey|100\/100\n|move|p2a: Ting-Lu|Spikes|p1a: Blissey\n|-sidestart|p1: Straduvarus|Spikes\n|\n|upkeep\n|turn|17\n|\n|t:|1700228557\n|switch|p1a: Ogerpon|Ogerpon-Wellspring, F|84\/100\n|-damage|p1a: Ogerpon|72\/100|[from] Stealth Rock\n|-damage|p1a: Ogerpon|59\/100|[from] Spikes\n|move|p2a: Ting-Lu|Earthquake|p1a: Ogerpon\n|-resisted|p1a: Ogerpon\n|-damage|p1a: Ogerpon|33\/100\n|\n|upkeep\n|turn|18\n|\n|t:|1700228561\n|move|p1a: Ogerpon|Ivy Cudgel|p2a: Ting-Lu|[anim] Ivy Cudgel Water\n|-supereffective|p2a: Ting-Lu\n|-damage|p2a: Ting-Lu|38\/100\n|move|p2a: Ting-Lu|Earthquake|p1a: Ogerpon\n|-resisted|p1a: Ogerpon\n|-damage|p1a: Ogerpon|9\/100\n|\n|-heal|p2a: Ting-Lu|44\/100|[from] item: Leftovers\n|upkeep\n|turn|19\n|\n|t:|1700228570\n|switch|p2a: KIDS SEE GHOST|Dragapult, M, shiny|100\/100\n|-damage|p2a: KIDS SEE GHOST|88\/100|[from] Stealth Rock\n|move|p1a: Ogerpon|Ivy Cudgel|p2a: KIDS SEE GHOST|[anim] Ivy Cudgel Water\n|-resisted|p2a: KIDS SEE GHOST\n|-crit|p2a: KIDS SEE GHOST\n|-damage|p2a: KIDS SEE GHOST|26\/100\n|\n|upkeep\n|turn|20\n|\n|t:|1700228585\n|move|p2a: KIDS SEE GHOST|U-turn|p1a: Ogerpon\n|-supereffective|p1a: Ogerpon\n|-damage|p1a: Ogerpon|0 fnt\n|faint|p1a: Ogerpon\n|\n|t:|1700228591\n|switch|p2a: 5g|Thundurus-Therian, M, shiny|36\/100|[from] U-turn\n|-damage|p2a: 5g|11\/100|[from] Stealth Rock\n|\n|upkeep\n|\n|t:|1700228595\n|switch|p1a: Blissey|Blissey, F|100\/100\n|turn|21\n|\n|t:|1700228598\n|move|p2a: 5g|Volt Switch|p1a: Blissey\n|-damage|p1a: Blissey|84\/100\n|\n|t:|1700228601\n|switch|p2a: KIDS SEE GHOST|Dragapult, M, shiny|26\/100|[from] Volt Switch\n|-damage|p2a: KIDS SEE GHOST|14\/100|[from] Stealth Rock\n|move|p1a: Blissey|Shadow Ball|p2a: KIDS SEE GHOST\n|-supereffective|p2a: KIDS SEE GHOST\n|-damage|p2a: KIDS SEE GHOST|0 fnt\n|faint|p2a: KIDS SEE GHOST\n|\n|upkeep\n|\n|t:|1700228607\n|switch|p2a: Ting-Lu|Ting-Lu|44\/100\n|-damage|p2a: Ting-Lu|38\/100|[from] Stealth Rock\n|-ability|p2a: Ting-Lu|Vessel of Ruin\n|turn|22\n|\n|t:|1700228614\n|switch|p1a: Dragapult|Dragapult, M|7\/100\n|-damage|p1a: Dragapult|0 fnt|[from] Stealth Rock\n|faint|p1a: Dragapult\n|move|p2a: Ting-Lu|Whirlwind|p1: Dragapult|[notarget]\n|-fail|p2a: Ting-Lu\n|\n|-heal|p2a: Ting-Lu|44\/100|[from] item: Leftovers\n|upkeep\n|\n|t:|1700228624\n|switch|p1a: Zapdos|Zapdos|100\/100\n|turn|23\n|\n|t:|1700228631\n|move|p1a: Zapdos|Hurricane|p2a: Ting-Lu\n|-damage|p2a: Ting-Lu|27\/100\n|move|p2a: Ting-Lu|Spikes|p1a: Zapdos\n|-sidestart|p1: Straduvarus|Spikes\n|\n|-heal|p2a: Ting-Lu|33\/100|[from] item: Leftovers\n|upkeep\n|turn|24\n|\n|t:|1700228634\n|move|p1a: Zapdos|Hurricane|p2a: Ting-Lu|[miss]\n|-miss|p1a: Zapdos|p2a: Ting-Lu\n|move|p2a: Ting-Lu|Ruination|p1a: Zapdos\n|-damage|p1a: Zapdos|50\/100\n|\n|-heal|p2a: Ting-Lu|39\/100|[from] item: Leftovers\n|upkeep\n|turn|25\n|\n|t:|1700228643\n|switch|p1a: Blissey|Blissey, F|84\/100\n|move|p2a: Ting-Lu|Spikes|p1a: Blissey\n|-sidestart|p1: Straduvarus|Spikes\n|\n|-heal|p2a: Ting-Lu|45\/100|[from] item: Leftovers\n|upkeep\n|turn|26\n|\n|t:|1700228650\n|move|p1a: Blissey|Seismic Toss|p2a: Ting-Lu\n|-damage|p2a: Ting-Lu|26\/100\n|move|p2a: Ting-Lu|Earthquake|p1a: Blissey\n|-damage|p1a: Blissey|53\/100\n|\n|-heal|p2a: Ting-Lu|32\/100|[from] item: Leftovers\n|upkeep\n|turn|27\n|\n|t:|1700228653\n|move|p1a: Blissey|Seismic Toss|p2a: Ting-Lu\n|-damage|p2a: Ting-Lu|13\/100\n|move|p2a: Ting-Lu|Earthquake|p1a: Blissey\n|-damage|p1a: Blissey|21\/100\n|\n|-heal|p2a: Ting-Lu|19\/100|[from] item: Leftovers\n|upkeep\n|turn|28\n|\n|t:|1700228656\n|move|p1a: Blissey|Seismic Toss|p2a: Ting-Lu\n|-damage|p2a: Ting-Lu|0 fnt\n|faint|p2a: Ting-Lu\n|\n|upkeep\n|\n|t:|1700228670\n|switch|p2a: november|Zamazenta|100\/100\n|-damage|p2a: november|94\/100|[from] Stealth Rock\n|-ability|p2a: november|Dauntless Shield|boost\n|-boost|p2a: november|def|1\n|turn|29\n|\n|t:|1700228673\n|switch|p1a: Zapdos|Zapdos|50\/100\n|move|p2a: november|Substitute|p2a: november\n|-start|p2a: november|Substitute\n|-damage|p2a: november|69\/100\n|\n|-heal|p2a: november|75\/100|[from] item: Leftovers\n|upkeep\n|turn|30\n|\n|t:|1700228677\n|move|p2a: november|Iron Defense|p2a: november\n|-boost|p2a: november|def|2\n|move|p1a: Zapdos|Hurricane|p2a: november\n|-supereffective|p2a: november\n|-end|p2a: november|Substitute\n|\n|-heal|p2a: november|82\/100|[from] item: Leftovers\n|upkeep\n|turn|31\n|\n|t:|1700228684\n|-terastallize|p2a: november|Steel\n|move|p2a: november|Iron Defense|p2a: november\n|-boost|p2a: november|def|2\n|move|p1a: Zapdos|Hurricane|p2a: november\n|-resisted|p2a: november\n|-damage|p2a: november|63\/100\n|\n|-heal|p2a: november|69\/100|[from] item: Leftovers\n|upkeep\n|turn|32\n|\n|t:|1700228690\n|move|p2a: november|Body Press|p1a: Zapdos\n|-resisted|p1a: Zapdos\n|-damage|p1a: Zapdos|6\/100\n|move|p1a: Zapdos|Heat Wave|p2a: november\n|-supereffective|p2a: november\n|-damage|p2a: november|29\/100\n|\n|-heal|p2a: november|35\/100|[from] item: Leftovers\n|upkeep\n|turn|33\n|\n|t:|1700228696\n|move|p2a: november|Body Press|p1a: Zapdos\n|-resisted|p1a: Zapdos\n|-damage|p1a: Zapdos|0 fnt\n|faint|p1a: Zapdos\n|\n|-heal|p2a: november|41\/100|[from] item: Leftovers\n|upkeep\n|\n|t:|1700228702\n|switch|p1a: Blissey|Blissey, F|21\/100\n|turn|34\n|\n|t:|1700228705\n|move|p2a: november|Substitute|p2a: november\n|-start|p2a: november|Substitute\n|-damage|p2a: november|16\/100\n|move|p1a: Blissey|Seismic Toss|p2a: november\n|-end|p2a: november|Substitute\n|\n|-heal|p2a: november|23\/100|[from] item: Leftovers\n|upkeep\n|turn|35\n|\n|t:|1700228708\n|move|p2a: november|Body Press|p1a: Blissey\n|-supereffective|p1a: Blissey\n|-damage|p1a: Blissey|0 fnt\n|faint|p1a: Blissey\n|\n|-heal|p2a: november|29\/100|[from] item: Leftovers\n|upkeep\n|\n|t:|1700228710\n|switch|p1a: Kingambit|Kingambit, F|100\/100\n|-damage|p1a: Kingambit|94\/100|[from] Stealth Rock\n|-damage|p1a: Kingambit|69\/100|[from] Spikes\n|-activate|p1a: Kingambit|ability: Supreme Overlord\n|-start|p1a: Kingambit|fallen5|[silent]\n|turn|36\n|\n|t:|1700228717\n|-terastallize|p1a: Kingambit|Dark\n|move|p1a: Kingambit|Sucker Punch||[still]\n|-fail|p1a: Kingambit\n|move|p2a: november|Substitute|p2a: november\n|-start|p2a: november|Substitute\n|-damage|p2a: november|4\/100\n|\n|-heal|p2a: november|10\/100|[from] item: Leftovers\n|upkeep\n|turn|37\n|\n|t:|1700228722\n|move|p1a: Kingambit|Sucker Punch|p2a: november\n|-activate|p2a: november|move: Substitute|[damage]\n|move|p2a: november|Body Press|p1a: Kingambit\n|-supereffective|p1a: Kingambit\n|-damage|p1a: Kingambit|0 fnt\n|faint|p1a: Kingambit\n|-end|p1a: Kingambit|fallen5|[silent]\n|\n|win|littensalt\n|raw|Straduvarus's rating: 1323 &rarr; <strong>1305<\/strong><br \/>(-18 for losing)\n|raw|littensalt's rating: 1351 &rarr; <strong>1369<\/strong><br \/>(+18 for winning)\n|l|\u2606Straduvarus\n|c|\u2606littensalt|ggwp\n","uploadtime":1700228733,"views":9,"p1id":"straduvarus","p2id":"littensalt","formatid":"gen9ou","rating":1305,"private":0,"password":""}