{"id":"gen9ou-1995899077","p1":"ceruledge999","p2":"Argentavis_Gaming","format":"[Gen 9] OU","log":"|j|\u2606ceruledge999\n|j|\u2606Argentavis_Gaming\n|t:|1700615107\n|gametype|singles\n|player|p1|ceruledge999|101|1458\n|player|p2|Argentavis_Gaming|unknown|1574\n|teamsize|p1|6\n|teamsize|p2|6\n|gen|9\n|tier|[Gen 9] OU\n|rated|\n|rule|Sleep Clause Mod: Limit one foe put to sleep\n|rule|Species Clause: Limit one of each Pok\u00e9mon\n|rule|OHKO Clause: OHKO moves are banned\n|rule|Evasion Items Clause: Evasion items are banned\n|rule|Evasion Moves Clause: Evasion moves are banned\n|rule|Endless Battle Clause: Forcing endless battles is banned\n|rule|HP Percentage Mod: HP is shown in percentages\n|clearpoke\n|poke|p1|Ceruledge, M|\n|poke|p1|Torkoal, F|\n|poke|p1|Mandibuzz, F|\n|poke|p1|Conkeldurr, M|\n|poke|p1|Walking Wake|\n|poke|p1|Kilowattrel, F|\n|poke|p2|Ogerpon-Wellspring, F|\n|poke|p2|Moltres|\n|poke|p2|Okidogi, M|\n|poke|p2|Iron Treads|\n|poke|p2|Dragonite, M|\n|poke|p2|Iron Valiant|\n|teampreview\n|\n|t:|1700615127\n|start\n|switch|p1a: Shelly|Torkoal, F, shiny|100\/100\n|switch|p2a: Amongla Swag|Iron Treads|100\/100\n|-weather|SunnyDay|[from] ability: Drought|[of] p1a: Shelly\n|turn|1\n|\n|t:|1700615132\n|move|p2a: Amongla Swag|Stealth Rock|p1a: Shelly\n|-sidestart|p1: ceruledge999|move: Stealth Rock\n|move|p1a: Shelly|Lava Plume|p2a: Amongla Swag\n|-supereffective|p2a: Amongla Swag\n|-damage|p2a: Amongla Swag|20\/100\n|\n|-weather|SunnyDay|[upkeep]\n|-heal|p2a: Amongla Swag|27\/100|[from] item: Leftovers\n|upkeep\n|turn|2\n|\n|t:|1700615139\n|move|p2a: Amongla Swag|Earthquake|p1a: Shelly\n|-supereffective|p1a: Shelly\n|-damage|p1a: Shelly|48\/100\n|move|p1a: Shelly|Lava Plume|p2a: Amongla Swag\n|-supereffective|p2a: Amongla Swag\n|-damage|p2a: Amongla Swag|0 fnt\n|faint|p2a: Amongla Swag\n|-end|p2a: Amongla Swag|Quark Drive|[silent]\n|\n|-weather|SunnyDay|[upkeep]\n|upkeep\n|\n|t:|1700615146\n|switch|p2a: Ogerpon|Ogerpon-Wellspring, F|100\/100\n|turn|3\n|\n|t:|1700615151\n|switch|p1a: Conqueror|Conkeldurr, M, shiny|100\/100\n|-damage|p1a: Conqueror|94\/100|[from] Stealth Rock\n|move|p2a: Ogerpon|Ivy Cudgel|p1a: Conqueror|[anim] Ivy Cudgel Water\n|-damage|p1a: Conqueror|67\/100\n|\n|-weather|SunnyDay|[upkeep]\n|upkeep\n|turn|4\n|\n|t:|1700615157\n|switch|p2a: Chicken|Moltres, shiny|100\/100\n|move|p1a: Conqueror|Drain Punch|p2a: Chicken\n|-resisted|p2a: Chicken\n|-crit|p2a: Chicken\n|-damage|p2a: Chicken|74\/100\n|-heal|p1a: Conqueror|79\/100|[from] drain|[of] p2a: Chicken\n|\n|-weather|SunnyDay|[upkeep]\n|upkeep\n|turn|5\n|\n|t:|1700615162\n|switch|p1a: Dark Knight|Ceruledge, M|100\/100\n|-damage|p1a: Dark Knight|76\/100|[from] Stealth Rock\n|move|p2a: Chicken|Flamethrower|p1a: Dark Knight\n|-start|p1a: Dark Knight|ability: Flash Fire\n|\n|-weather|SunnyDay|[upkeep]\n|upkeep\n|turn|6\n|\n|t:|1700615165\n|move|p2a: Chicken|U-turn|p1a: Dark Knight\n|-resisted|p1a: Dark Knight\n|-damage|p1a: Dark Knight|71\/100\n|\n|t:|1700615168\n|switch|p2a: LK-9T9|Iron Valiant, shiny|100\/100|[from] U-turn\n|-enditem|p2a: LK-9T9|Booster Energy\n|-activate|p2a: LK-9T9|ability: Quark Drive|[fromitem]\n|-start|p2a: LK-9T9|quarkdrivespe\n|move|p1a: Dark Knight|Bulk Up|p1a: Dark Knight\n|-boost|p1a: Dark Knight|atk|1\n|-boost|p1a: Dark Knight|def|1\n|\n|-weather|SunnyDay|[upkeep]\n|upkeep\n|turn|7\n|\n|t:|1700615172\n|-terastallize|p1a: Dark Knight|Bug\n|move|p2a: LK-9T9|Encore|p1a: Dark Knight\n|-start|p1a: Dark Knight|Encore\n|move|p1a: Dark Knight|Bulk Up|p1a: Dark Knight\n|-boost|p1a: Dark Knight|atk|1\n|-boost|p1a: Dark Knight|def|1\n|\n|-weather|SunnyDay|[upkeep]\n|upkeep\n|turn|8\n|\n|t:|1700615175\n|move|p2a: LK-9T9|Swords Dance|p2a: LK-9T9\n|-boost|p2a: LK-9T9|atk|2\n|move|p1a: Dark Knight|Bulk Up|p1a: Dark Knight\n|-boost|p1a: Dark Knight|atk|1\n|-boost|p1a: Dark Knight|def|1\n|\n|-weather|none\n|upkeep\n|turn|9\n|\n|t:|1700615178\n|move|p2a: LK-9T9|Knock Off|p1a: Dark Knight\n|-crit|p1a: Dark Knight\n|-damage|p1a: Dark Knight|0 fnt\n|-enditem|p1a: Dark Knight|Aguav Berry|[from] move: Knock Off|[of] p2a: LK-9T9\n|faint|p1a: Dark Knight\n|\n|upkeep\n|c|\u2606ceruledge999|crit mattered\n|c|\u2606ceruledge999|goodbye\n|-message|ceruledge999 forfeited.\n|\n|win|Argentavis_Gaming\n|raw|ceruledge999's rating: 1458 &rarr; <strong>1444<\/strong><br \/>(-14 for losing)\n|raw|Argentavis_Gaming's rating: 1574 &rarr; <strong>1588<\/strong><br \/>(+14 for winning)\n|l|\u2606ceruledge999\n","uploadtime":1700615192,"views":19,"p1id":"ceruledge999","p2id":"argentavisgaming","formatid":"gen9ou","rating":1444,"private":0,"password":""}