{"id":"gen9ou-1991036625","p1":"Bruja_amare","p2":"wyverbal","format":"[Gen 9] OU","log":"|j|\u2606Bruja_amare\n|j|\u2606wyverbal\n|t:|1700032209\n|gametype|singles\n|player|p1|Bruja_amare|pokemonbreederf|1158\n|player|p2|wyverbal|265|1143\n|teamsize|p1|6\n|teamsize|p2|6\n|gen|9\n|tier|[Gen 9] OU\n|rated|\n|rule|Sleep Clause Mod: Limit one foe put to sleep\n|rule|Species Clause: Limit one of each Pok\u00e9mon\n|rule|OHKO Clause: OHKO moves are banned\n|rule|Evasion Items Clause: Evasion items are banned\n|rule|Evasion Moves Clause: Evasion moves are banned\n|rule|Endless Battle Clause: Forcing endless battles is banned\n|rule|HP Percentage Mod: HP is shown in percentages\n|clearpoke\n|poke|p1|Rillaboom, F|\n|poke|p1|Sneasler, F|\n|poke|p1|Zamazenta-*|\n|poke|p1|Heatran, M|\n|poke|p1|Manaphy|\n|poke|p1|Meowscarada, M|\n|poke|p2|Zamazenta-*|\n|poke|p2|Kommo-o, M|\n|poke|p2|Ceruledge, F|\n|poke|p2|Tornadus, M|\n|poke|p2|Greninja-*, M|\n|poke|p2|Sandslash, M|\n|teampreview\n|inactive|Battle timer is ON: inactive players will automatically lose when time's up. (requested by wyverbal)\n|\n|t:|1700032224\n|start\n|switch|p1a: Meowscarada|Meowscarada, M|100\/100\n|switch|p2a: Tornadus|Tornadus, M, shiny|100\/100\n|turn|1\n|\n|t:|1700032230\n|move|p1a: Meowscarada|U-turn|p2a: Tornadus\n|-start|p1a: Meowscarada|typechange|Bug|[from] ability: Protean\n|-resisted|p2a: Tornadus\n|-damage|p2a: Tornadus|64\/100\n|\n|t:|1700032239\n|switch|p1a: Heatran|Heatran, M|100\/100|[from] U-turn\n|-item|p1a: Heatran|Air Balloon\n|move|p2a: Tornadus|Bleakwind Storm|p1a: Heatran\n|-resisted|p1a: Heatran\n|-damage|p1a: Heatran|85\/100\n|-unboost|p1a: Heatran|spe|1\n|-enditem|p1a: Heatran|Air Balloon\n|\n|upkeep\n|turn|2\n|\n|t:|1700032260\n|move|p2a: Tornadus|Sandstorm|p2a: Tornadus\n|-weather|Sandstorm\n|move|p1a: Heatran|Taunt|p2a: Tornadus\n|-start|p2a: Tornadus|move: Taunt\n|\n|-weather|Sandstorm|[upkeep]\n|-damage|p2a: Tornadus|58\/100|[from] Sandstorm\n|upkeep\n|turn|3\n|\n|t:|1700032267\n|move|p2a: Tornadus|Weather Ball|p1a: Heatran\n|-damage|p1a: Heatran|65\/100\n|move|p1a: Heatran|Magma Storm|p2a: Tornadus\n|-damage|p2a: Tornadus|2\/100\n|-activate|p2a: Tornadus|move: Magma Storm|[of] p1a: Heatran\n|\n|-weather|Sandstorm|[upkeep]\n|-damage|p2a: Tornadus|0 fnt|[from] Sandstorm\n|faint|p2a: Tornadus\n|upkeep\n|\n|t:|1700032276\n|switch|p2a: Sandslash|Sandslash, M, shiny|100\/100\n|turn|4\n|\n|t:|1700032284\n|switch|p1a: Zamazenta|Zamazenta|100\/100\n|-ability|p1a: Zamazenta|Dauntless Shield|boost\n|-boost|p1a: Zamazenta|def|1\n|move|p2a: Sandslash|Earthquake|p1a: Zamazenta\n|-damage|p1a: Zamazenta|73\/100\n|-damage|p2a: Sandslash|91\/100|[from] item: Life Orb\n|\n|-weather|Sandstorm|[upkeep]\n|-damage|p1a: Zamazenta|67\/100|[from] Sandstorm\n|-heal|p1a: Zamazenta|73\/100|[from] item: Leftovers\n|upkeep\n|turn|5\n|\n|t:|1700032293\n|move|p2a: Sandslash|Earthquake|p1a: Zamazenta\n|-crit|p1a: Zamazenta\n|-damage|p1a: Zamazenta|13\/100\n|-damage|p2a: Sandslash|81\/100|[from] item: Life Orb\n|move|p1a: Zamazenta|Heavy Slam|p2a: Sandslash\n|-damage|p2a: Sandslash|47\/100\n|\n|-weather|Sandstorm|[upkeep]\n|-damage|p1a: Zamazenta|6\/100|[from] Sandstorm\n|-heal|p1a: Zamazenta|13\/100|[from] item: Leftovers\n|upkeep\n|turn|6\n|\n|t:|1700032303\n|move|p2a: Sandslash|Earthquake|p1a: Zamazenta\n|-damage|p1a: Zamazenta|0 fnt\n|faint|p1a: Zamazenta\n|-damage|p2a: Sandslash|37\/100|[from] item: Life Orb\n|\n|-weather|Sandstorm|[upkeep]\n|upkeep\n|\n|t:|1700032309\n|switch|p1a: Rillaboom|Rillaboom, F|100\/100\n|-fieldstart|move: Grassy Terrain|[from] ability: Grassy Surge|[of] p1a: Rillaboom\n|turn|7\n|\n|t:|1700032317\n|move|p1a: Rillaboom|Grassy Glide|p2a: Sandslash\n|-supereffective|p2a: Sandslash\n|-damage|p2a: Sandslash|0 fnt\n|faint|p2a: Sandslash\n|\n|-weather|Sandstorm|[upkeep]\n|-damage|p1a: Rillaboom|94\/100|[from] Sandstorm\n|-heal|p1a: Rillaboom|100\/100|[from] Grassy Terrain\n|upkeep\n|\n|t:|1700032332\n|switch|p2a: Kommo-o|Kommo-o, M, shiny|100\/100\n|turn|8\n|\n|t:|1700032339\n|move|p1a: Rillaboom|Grassy Glide|p2a: Kommo-o\n|-resisted|p2a: Kommo-o\n|-damage|p2a: Kommo-o|82\/100\n|move|p2a: Kommo-o|Iron Defense|p2a: Kommo-o\n|-boost|p2a: Kommo-o|def|2\n|\n|-weather|Sandstorm|[upkeep]\n|-damage|p1a: Rillaboom|94\/100|[from] Sandstorm\n|-damage|p2a: Kommo-o|76\/100|[from] Sandstorm\n|-heal|p1a: Rillaboom|100\/100|[from] Grassy Terrain\n|-heal|p2a: Kommo-o|82\/100|[from] Grassy Terrain\n|upkeep\n|turn|9\n|\n|t:|1700032350\n|switch|p1a: Sneasler|Sneasler, F|100\/100\n|-enditem|p1a: Sneasler|Grassy Seed\n|-boost|p1a: Sneasler|def|1|[from] item: Grassy Seed\n|move|p2a: Kommo-o|Iron Defense|p2a: Kommo-o\n|-boost|p2a: Kommo-o|def|2\n|\n|-weather|none\n|-heal|p2a: Kommo-o|88\/100|[from] Grassy Terrain\n|upkeep\n|turn|10\n|\n|t:|1700032367\n|-terastallize|p2a: Kommo-o|Steel\n|move|p1a: Sneasler|Toxic|p2a: Kommo-o\n|-immune|p2a: Kommo-o\n|move|p2a: Kommo-o|Iron Defense|p2a: Kommo-o\n|-boost|p2a: Kommo-o|def|2\n|\n|-heal|p2a: Kommo-o|94\/100|[from] Grassy Terrain\n|upkeep\n|turn|11\n|\n|t:|1700032377\n|move|p1a: Sneasler|Dire Claw|p2a: Kommo-o\n|-immune|p2a: Kommo-o\n|move|p2a: Kommo-o|Body Press|p1a: Sneasler\n|-resisted|p1a: Sneasler\n|-damage|p1a: Sneasler|7\/100\n|\n|-heal|p1a: Sneasler|13\/100|[from] Grassy Terrain\n|-heal|p2a: Kommo-o|100\/100|[from] Grassy Terrain\n|-fieldend|move: Grassy Terrain\n|upkeep\n|turn|12\n|\n|t:|1700032385\n|move|p1a: Sneasler|Lash Out|p2a: Kommo-o\n|-damage|p2a: Kommo-o|96\/100\n|move|p2a: Kommo-o|Body Press|p1a: Sneasler\n|-resisted|p1a: Sneasler\n|-damage|p1a: Sneasler|0 fnt\n|faint|p1a: Sneasler\n|\n|upkeep\n|\n|t:|1700032395\n|switch|p1a: Heatran|Heatran, M|65\/100\n|turn|13\n|\n|t:|1700032403\n|-terastallize|p1a: Heatran|Ghost\n|move|p2a: Kommo-o|Body Press|p1a: Heatran\n|-immune|p1a: Heatran\n|move|p1a: Heatran|Magma Storm|p2a: Kommo-o\n|-supereffective|p2a: Kommo-o\n|-damage|p2a: Kommo-o|26\/100\n|-activate|p2a: Kommo-o|move: Magma Storm|[of] p1a: Heatran\n|\n|-damage|p2a: Kommo-o|14\/100|[from] move: Magma Storm|[partiallytrapped]\n|upkeep\n|turn|14\n|\n|t:|1700032415\n|move|p2a: Kommo-o|Rest|p2a: Kommo-o\n|-status|p2a: Kommo-o|slp|[from] move: Rest\n|-heal|p2a: Kommo-o|100\/100 slp|[silent]\n|-enditem|p2a: Kommo-o|Chesto Berry|[eat]\n|-curestatus|p2a: Kommo-o|slp|[msg]\n|move|p1a: Heatran|Magma Storm|p2a: Kommo-o|[miss]\n|-miss|p1a: Heatran|p2a: Kommo-o\n|\n|-damage|p2a: Kommo-o|88\/100|[from] move: Magma Storm|[partiallytrapped]\n|upkeep\n|turn|15\n|\n|t:|1700032426\n|move|p1a: Heatran|Will-O-Wisp|p2a: Kommo-o|[miss]\n|-miss|p1a: Heatran|p2a: Kommo-o\n|move|p2a: Kommo-o|Dragon Tail|p1a: Heatran\n|-damage|p1a: Heatran|44\/100\n|drag|p1a: Meowscarada|Meowscarada, M|100\/100\n|\n|-end|p2a: Kommo-o|Magma Storm|[partiallytrapped]|[silent]\n|upkeep\n|turn|16\n|\n|t:|1700032435\n|move|p1a: Meowscarada|Flower Trick|p2a: Kommo-o\n|-start|p1a: Meowscarada|typechange|Grass|[from] ability: Protean\n|-resisted|p2a: Kommo-o\n|-crit|p2a: Kommo-o\n|-damage|p2a: Kommo-o|66\/100\n|move|p2a: Kommo-o|Dragon Tail|p1a: Meowscarada\n|-damage|p1a: Meowscarada|66\/100\n|drag|p1a: Rillaboom|Rillaboom, F|100\/100\n|-fieldstart|move: Grassy Terrain|[from] ability: Grassy Surge|[of] p1a: Rillaboom\n|\n|-heal|p2a: Kommo-o|72\/100|[from] Grassy Terrain\n|upkeep\n|turn|17\n|\n|t:|1700032448\n|move|p1a: Rillaboom|Wood Hammer|p2a: Kommo-o\n|-resisted|p2a: Kommo-o\n|-damage|p2a: Kommo-o|62\/100\n|-damage|p1a: Rillaboom|97\/100|[from] Recoil\n|move|p2a: Kommo-o|Dragon Tail|p1a: Rillaboom\n|-damage|p1a: Rillaboom|74\/100\n|drag|p1a: Manaphy|Manaphy|100\/100\n|\n|-heal|p2a: Kommo-o|69\/100|[from] Grassy Terrain\n|upkeep\n|turn|18\n|\n|t:|1700032458\n|move|p1a: Manaphy|Scald|p2a: Kommo-o\n|-damage|p2a: Kommo-o|44\/100\n|move|p2a: Kommo-o|Body Press|p1a: Manaphy\n|-crit|p1a: Manaphy\n|-damage|p1a: Manaphy|0 fnt\n|faint|p1a: Manaphy\n|\n|-heal|p2a: Kommo-o|50\/100|[from] Grassy Terrain\n|upkeep\n|\n|t:|1700032463\n|switch|p1a: Heatran|Heatran, M, tera:Ghost|44\/100\n|turn|19\n|\n|t:|1700032472\n|switch|p2a: Ceruledge|Ceruledge, F, shiny|100\/100\n|move|p1a: Heatran|Magma Storm|p2a: Ceruledge\n|-start|p2a: Ceruledge|ability: Flash Fire\n|\n|-heal|p1a: Heatran|51\/100|[from] Grassy Terrain\n|upkeep\n|turn|20\n|\n|t:|1700032484\n|move|p2a: Ceruledge|Swords Dance|p2a: Ceruledge\n|-boost|p2a: Ceruledge|atk|2\n|move|p1a: Heatran|Earth Power|p2a: Ceruledge\n|-supereffective|p2a: Ceruledge\n|-damage|p2a: Ceruledge|45\/100\n|\n|-heal|p2a: Ceruledge|51\/100|[from] Grassy Terrain\n|-heal|p1a: Heatran|57\/100|[from] Grassy Terrain\n|-fieldend|move: Grassy Terrain\n|upkeep\n|turn|21\n|\n|t:|1700032494\n|move|p2a: Ceruledge|Shadow Sneak|p1a: Heatran\n|-supereffective|p1a: Heatran\n|-damage|p1a: Heatran|0 fnt\n|faint|p1a: Heatran\n|\n|upkeep\n|\n|t:|1700032500\n|switch|p1a: Meowscarada|Meowscarada, M|66\/100\n|turn|22\n|\n|t:|1700032508\n|-end|p2a: Ceruledge|ability: Flash Fire|[silent]\n|switch|p2a: Zamazenta|Zamazenta, shiny|100\/100\n|-ability|p2a: Zamazenta|Dauntless Shield|boost\n|-boost|p2a: Zamazenta|def|1\n|move|p1a: Meowscarada|Knock Off|p2a: Zamazenta\n|-start|p1a: Meowscarada|typechange|Dark|[from] ability: Protean\n|-resisted|p2a: Zamazenta\n|-damage|p2a: Zamazenta|83\/100\n|-enditem|p2a: Zamazenta|Light Clay|[from] move: Knock Off|[of] p1a: Meowscarada\n|\n|upkeep\n|turn|23\n|\n|t:|1700032521\n|switch|p1a: Rillaboom|Rillaboom, F|74\/100\n|-fieldstart|move: Grassy Terrain|[from] ability: Grassy Surge|[of] p1a: Rillaboom\n|move|p2a: Zamazenta|Body Press|p1a: Rillaboom\n|-damage|p1a: Rillaboom|29\/100\n|\n|-heal|p2a: Zamazenta|89\/100|[from] Grassy Terrain\n|-heal|p1a: Rillaboom|35\/100|[from] Grassy Terrain\n|upkeep\n|turn|24\n|\n|t:|1700032527\n|move|p2a: Zamazenta|Body Press|p1a: Rillaboom\n|-damage|p1a: Rillaboom|0 fnt\n|faint|p1a: Rillaboom\n|\n|-heal|p2a: Zamazenta|95\/100|[from] Grassy Terrain\n|upkeep\n|\n|t:|1700032530\n|switch|p1a: Meowscarada|Meowscarada, M|66\/100\n|turn|25\n|\n|t:|1700032533\n|move|p2a: Zamazenta|Reflect|p2a: Zamazenta\n|-sidestart|p2: wyverbal|Reflect\n|move|p1a: Meowscarada|Flower Trick|p2a: Zamazenta\n|-start|p1a: Meowscarada|typechange|Grass|[from] ability: Protean\n|-crit|p2a: Zamazenta\n|-damage|p2a: Zamazenta|21\/100\n|\n|-heal|p2a: Zamazenta|27\/100|[from] Grassy Terrain\n|-heal|p1a: Meowscarada|73\/100|[from] Grassy Terrain\n|upkeep\n|turn|26\n|\n|t:|1700032543\n|move|p2a: Zamazenta|Body Press|p1a: Meowscarada\n|-damage|p1a: Meowscarada|0 fnt\n|faint|p1a: Meowscarada\n|\n|win|wyverbal\n|raw|Bruja_amare's rating: 1158 &rarr; <strong>1132<\/strong><br \/>(-26 for losing)\n|raw|wyverbal's rating: 1143 &rarr; <strong>1169<\/strong><br \/>(+26 for winning)\n","uploadtime":1700032549,"views":7,"p1id":"brujaamare","p2id":"wyverbal","formatid":"gen9ou","rating":1132,"private":0,"password":""}