{"id":"gen9ou-1992175490","p1":"Gooaah","p2":"luest5211","format":"[Gen 9] OU","log":"|j|\u2606Gooaah\n|j|\u2606luest5211\n|t:|1700161255\n|gametype|singles\n|player|p1|Gooaah|veteranf|1078\n|player|p2|luest5211|170|1000\n|teamsize|p1|6\n|teamsize|p2|6\n|gen|9\n|tier|[Gen 9] OU\n|rated|\n|rule|Sleep Clause Mod: Limit one foe put to sleep\n|rule|Species Clause: Limit one of each Pok\u00e9mon\n|rule|OHKO Clause: OHKO moves are banned\n|rule|Evasion Items Clause: Evasion items are banned\n|rule|Evasion Moves Clause: Evasion moves are banned\n|rule|Endless Battle Clause: Forcing endless battles is banned\n|rule|HP Percentage Mod: HP is shown in percentages\n|clearpoke\n|poke|p1|Ninetales, F|\n|poke|p1|Walking Wake|\n|poke|p1|Lilligant-Hisui, F|\n|poke|p1|Skeledirge, F|\n|poke|p1|Great Tusk|\n|poke|p1|Torkoal, F|\n|poke|p2|Blissey, F|\n|poke|p2|Pelipper, F|\n|poke|p2|Zapdos|\n|poke|p2|Great Tusk|\n|poke|p2|Gholdengo|\n|poke|p2|Amoonguss, M|\n|teampreview\n|inactive|Battle timer is ON: inactive players will automatically lose when time's up. (requested by Gooaah)\n|\n|t:|1700161264\n|start\n|switch|p1a: Torkoal|Torkoal, F|100\/100\n|switch|p2a: Pelipper|Pelipper, F, shiny|100\/100\n|-weather|RainDance|[from] ability: Drizzle|[of] p2a: Pelipper\n|-weather|SunnyDay|[from] ability: Drought|[of] p1a: Torkoal\n|turn|1\n|\n|t:|1700161281\n|switch|p2a: Blissey|Blissey, F|100\/100\n|move|p1a: Torkoal|Stealth Rock|p2a: Blissey\n|-sidestart|p2: luest5211|move: Stealth Rock\n|\n|-weather|SunnyDay|[upkeep]\n|upkeep\n|turn|2\n|\n|t:|1700161285\n|move|p2a: Blissey|Stealth Rock|p1a: Torkoal\n|-sidestart|p1: Gooaah|move: Stealth Rock\n|move|p1a: Torkoal|Yawn|p2a: Blissey\n|-start|p2a: Blissey|move: Yawn|[of] p1a: Torkoal\n|\n|-weather|SunnyDay|[upkeep]\n|upkeep\n|turn|3\n|\n|t:|1700161294\n|switch|p2a: Pelipper|Pelipper, F, shiny|100\/100\n|-weather|RainDance|[from] ability: Drizzle|[of] p2a: Pelipper\n|move|p1a: Torkoal|Rapid Spin|p2a: Pelipper\n|-damage|p2a: Pelipper|93\/100\n|-boost|p1a: Torkoal|spe|1\n|-sideend|p1: Gooaah|Stealth Rock|[from] move: Rapid Spin|[of] p1a: Torkoal\n|\n|-weather|RainDance|[upkeep]\n|upkeep\n|turn|4\n|\n|t:|1700161304\n|switch|p1a: Lilligant|Lilligant-Hisui, F|100\/100\n|move|p2a: Pelipper|Surf|p1a: Lilligant\n|-resisted|p1a: Lilligant\n|-damage|p1a: Lilligant|63\/100\n|\n|-weather|RainDance|[upkeep]\n|-heal|p1a: Lilligant|69\/100|[from] item: Leftovers\n|upkeep\n|turn|5\n|\n|t:|1700161312\n|switch|p1a: Torkoal|Torkoal, F|100\/100\n|-weather|SunnyDay|[from] ability: Drought|[of] p1a: Torkoal\n|move|p2a: Pelipper|Hurricane|p1a: Torkoal|[miss]\n|-miss|p2a: Pelipper|p1a: Torkoal\n|\n|-weather|SunnyDay|[upkeep]\n|upkeep\n|turn|6\n|\n|t:|1700161320\n|switch|p2a: Blissey|Blissey, F|100\/100\n|switch|p1a: Lilligant|Lilligant-Hisui, F|69\/100\n|\n|-weather|SunnyDay|[upkeep]\n|-heal|p1a: Lilligant|75\/100|[from] item: Leftovers\n|upkeep\n|turn|7\n|\n|t:|1700161326\n|move|p1a: Lilligant|Swords Dance|p1a: Lilligant\n|-boost|p1a: Lilligant|atk|2\n|move|p2a: Blissey|Stealth Rock|p1a: Lilligant\n|-sidestart|p1: Gooaah|move: Stealth Rock\n|\n|-weather|SunnyDay|[upkeep]\n|-heal|p1a: Lilligant|81\/100|[from] item: Leftovers\n|upkeep\n|turn|8\n|\n|t:|1700161339\n|switch|p2a: Pelipper|Pelipper, F, shiny|93\/100\n|-weather|RainDance|[from] ability: Drizzle|[of] p2a: Pelipper\n|move|p1a: Lilligant|Ice Spinner|p2a: Pelipper\n|-damage|p2a: Pelipper|54\/100\n|\n|-weather|RainDance|[upkeep]\n|-heal|p1a: Lilligant|87\/100|[from] item: Leftovers\n|upkeep\n|turn|9\n|\n|t:|1700161352\n|-terastallize|p1a: Lilligant|Ghost\n|move|p1a: Lilligant|Ice Spinner|p2a: Pelipper\n|-damage|p2a: Pelipper|15\/100\n|move|p2a: Pelipper|Hurricane|p1a: Lilligant\n|-damage|p1a: Lilligant|34\/100\n|\n|-weather|RainDance|[upkeep]\n|-heal|p1a: Lilligant|40\/100|[from] item: Leftovers\n|upkeep\n|turn|10\n|\n|t:|1700161367\n|switch|p2a: Zapdos|Zapdos|100\/100\n|move|p1a: Lilligant|Ice Spinner|p2a: Zapdos\n|-supereffective|p2a: Zapdos\n|-damage|p2a: Zapdos|0 fnt\n|faint|p2a: Zapdos\n|\n|-weather|RainDance|[upkeep]\n|-heal|p1a: Lilligant|46\/100|[from] item: Leftovers\n|upkeep\n|\n|t:|1700161373\n|switch|p2a: Blissey|Blissey, F|100\/100\n|turn|11\n|\n|t:|1700161384\n|switch|p2a: RIP Gliscor|Great Tusk|100\/100\n|-damage|p2a: RIP Gliscor|98\/100|[from] Stealth Rock\n|move|p1a: Lilligant|Close Combat|p2a: RIP Gliscor\n|-damage|p2a: RIP Gliscor|35\/100\n|-unboost|p1a: Lilligant|def|1\n|-unboost|p1a: Lilligant|spd|1\n|\n|-weather|RainDance|[upkeep]\n|-heal|p1a: Lilligant|52\/100|[from] item: Leftovers\n|-heal|p2a: RIP Gliscor|41\/100|[from] item: Leftovers\n|upkeep\n|turn|12\n|\n|t:|1700161388\n|move|p1a: Lilligant|Ice Spinner|p2a: RIP Gliscor\n|-supereffective|p2a: RIP Gliscor\n|-damage|p2a: RIP Gliscor|0 fnt\n|faint|p2a: RIP Gliscor\n|-end|p2a: RIP Gliscor|Protosynthesis|[silent]\n|\n|-weather|none\n|-heal|p1a: Lilligant|58\/100|[from] item: Leftovers\n|upkeep\n|-message|luest5211 forfeited.\n|\n|win|Gooaah\n|raw|Gooaah's rating: 1078 &rarr; <strong>1100<\/strong><br \/>(+22 for winning)\n|raw|luest5211's rating: 1000 &rarr; <strong>1000<\/strong><br \/>(+0 for losing)\n|l|\u2606luest5211\n","uploadtime":1700161406,"views":7,"p1id":"gooaah","p2id":"luest5211","formatid":"gen9ou","rating":1000,"private":0,"password":""}