{"id":"gen9ou-1999985711","p1":"PiplupBOSS","p2":"RggV","format":"[Gen 9] OU","log":"|j|\u2606PiplupBOSS\n|j|\u2606RggV\n|t:|1701137827\n|gametype|singles\n|player|p1|PiplupBOSS|misty|1683\n|player|p2|RggV|#wcop2023latinamerica|1720\n|teamsize|p1|6\n|teamsize|p2|6\n|gen|9\n|tier|[Gen 9] OU\n|rated|\n|rule|Sleep Clause Mod: Limit one foe put to sleep\n|rule|Species Clause: Limit one of each Pok\u00e9mon\n|rule|OHKO Clause: OHKO moves are banned\n|rule|Evasion Items Clause: Evasion items are banned\n|rule|Evasion Moves Clause: Evasion moves are banned\n|rule|Endless Battle Clause: Forcing endless battles is banned\n|rule|HP Percentage Mod: HP is shown in percentages\n|clearpoke\n|poke|p1|Pelipper, F|\n|poke|p1|Basculegion, M|\n|poke|p1|Greninja-*, M|\n|poke|p1|Toxicroak, F|\n|poke|p1|Kingambit, F|\n|poke|p1|Iron Treads|\n|poke|p2|Infernape, M|\n|poke|p2|Ribombee, M|\n|poke|p2|Gholdengo|\n|poke|p2|Manaphy|\n|poke|p2|Landorus-Therian, M|\n|poke|p2|Kommo-o, F|\n|teampreview\n|inactive|Battle timer is ON: inactive players will automatically lose when time's up. (requested by RggV)\n|j| NicksRokaya\n|\n|t:|1701137844\n|start\n|switch|p1a: Iron Treads|Iron Treads|100\/100\n|switch|p2a: Ribombee|Ribombee, M|100\/100\n|-enditem|p1a: Iron Treads|Booster Energy\n|-activate|p1a: Iron Treads|ability: Quark Drive|[fromitem]\n|-start|p1a: Iron Treads|quarkdrivespe\n|turn|1\n|\n|t:|1701137864\n|-terastallize|p2a: Ribombee|Ghost\n|move|p1a: Iron Treads|Stealth Rock|p2a: Ribombee\n|-sidestart|p2: RggV|move: Stealth Rock\n|move|p2a: Ribombee|Sticky Web|p1a: Iron Treads\n|-sidestart|p1: PiplupBOSS|move: Sticky Web\n|\n|upkeep\n|turn|2\n|inactive|PiplupBOSS has 120 seconds left.\n|j| dataqaintern\n|inactive|PiplupBOSS has 90 seconds left.\n|l| NicksRokaya\n|inactive|PiplupBOSS has 60 seconds left.\n|inactive|PiplupBOSS has 30 seconds left.\n|inactive|PiplupBOSS has 20 seconds left.\n|\n|t:|1701137999\n|move|p1a: Iron Treads|Ice Spinner|p2a: Ribombee\n|-damage|p2a: Ribombee|48\/100\n|move|p2a: Ribombee|Stun Spore|p1a: Iron Treads\n|-status|p1a: Iron Treads|par\n|\n|upkeep\n|turn|3\n|inactive|PiplupBOSS has 30 seconds left this turn.\n|j| counterfitcookie\n|\n|t:|1701138017\n|move|p2a: Ribombee|Moonblast|p1a: Iron Treads\n|-resisted|p1a: Iron Treads\n|-damage|p1a: Iron Treads|72\/100 par\n|move|p1a: Iron Treads|Ice Spinner|p2a: Ribombee\n|-damage|p2a: Ribombee|0 fnt\n|faint|p2a: Ribombee\n|\n|upkeep\n|inactive|PiplupBOSS has 30 seconds left this turn.\n|\n|t:|1701138022\n|switch|p2a: McFries|Gholdengo|100\/100\n|-damage|p2a: McFries|94\/100|[from] Stealth Rock\n|-item|p2a: McFries|Air Balloon\n|turn|4\n|\n|t:|1701138026\n|move|p2a: McFries|Nasty Plot|p2a: McFries\n|-boost|p2a: McFries|spa|2\n|move|p1a: Iron Treads|Ice Spinner|p2a: McFries\n|-resisted|p2a: McFries\n|-damage|p2a: McFries|80\/100\n|-enditem|p2a: McFries|Air Balloon\n|\n|upkeep\n|turn|5\n|\n|t:|1701138037\n|move|p2a: McFries|Shadow Ball|p1a: Iron Treads\n|-damage|p1a: Iron Treads|0 fnt\n|faint|p1a: Iron Treads\n|-end|p1a: Iron Treads|Quark Drive|[silent]\n|\n|upkeep\n|\n|t:|1701138044\n|switch|p1a: Pelipper|Pelipper, F|100\/100\n|-weather|RainDance|[from] ability: Drizzle|[of] p1a: Pelipper\n|turn|6\n|\n|t:|1701138046\n|move|p2a: McFries|Shadow Ball|p1a: Pelipper\n|-damage|p1a: Pelipper|16\/100\n|move|p1a: Pelipper|U-turn|p2a: McFries\n|-resisted|p2a: McFries\n|-crit|p2a: McFries\n|-damage|p2a: McFries|76\/100\n|\n|t:|1701138049\n|switch|p1a: Basculegion|Basculegion, M|100\/100|[from] U-turn\n|-activate|p1a: Basculegion|move: Sticky Web\n|-unboost|p1a: Basculegion|spe|1\n|\n|-weather|RainDance|[upkeep]\n|upkeep\n|turn|7\n|\n|t:|1701138054\n|move|p1a: Basculegion|Wave Crash|p2a: McFries\n|-damage|p2a: McFries|0 fnt\n|faint|p2a: McFries\n|-damage|p1a: Basculegion|80\/100|[from] Recoil\n|\n|-weather|RainDance|[upkeep]\n|upkeep\n|\n|t:|1701138064\n|switch|p2a: Manaphy|Manaphy|100\/100\n|-damage|p2a: Manaphy|88\/100|[from] Stealth Rock\n|turn|8\n|\n|t:|1701138067\n|move|p1a: Basculegion|Wave Crash|p2a: Manaphy\n|-resisted|p2a: Manaphy\n|-damage|p2a: Manaphy|20\/100\n|-damage|p1a: Basculegion|60\/100|[from] Recoil\n|move|p2a: Manaphy|Energy Ball|p1a: Basculegion\n|-supereffective|p1a: Basculegion\n|-damage|p1a: Basculegion|3\/100\n|\n|-weather|RainDance|[upkeep]\n|-heal|p2a: Manaphy|26\/100|[from] item: Leftovers\n|upkeep\n|turn|9\n|\n|t:|1701138071\n|move|p1a: Basculegion|Wave Crash|p2a: Manaphy\n|-resisted|p2a: Manaphy\n|-damage|p2a: Manaphy|0 fnt\n|faint|p2a: Manaphy\n|-damage|p1a: Basculegion|0 fnt|[from] Recoil\n|faint|p1a: Basculegion\n|\n|-weather|RainDance|[upkeep]\n|upkeep\n|inactive|PiplupBOSS has 90 seconds left.\n|\n|t:|1701138081\n|switch|p2a: Son Goku|Infernape, M|100\/100\n|switch|p1a: Toxicroak|Toxicroak, F|100\/100\n|-damage|p2a: Son Goku|88\/100|[from] Stealth Rock\n|-activate|p1a: Toxicroak|move: Sticky Web\n|-unboost|p1a: Toxicroak|spe|1\n|turn|10\n|j| xxCOALLAxx\n|inactive|RggV has 120 seconds left.\n|inactive|RggV has 90 seconds left.\n|\n|t:|1701138153\n|move|p2a: Son Goku|Fire Punch|p1a: Toxicroak\n|-damage|p1a: Toxicroak|73\/100\n|-damage|p2a: Son Goku|78\/100|[from] item: Life Orb\n|move|p1a: Toxicroak|Substitute|p1a: Toxicroak\n|-start|p1a: Toxicroak|Substitute\n|-damage|p1a: Toxicroak|48\/100\n|\n|-weather|RainDance|[upkeep]\n|-heal|p1a: Toxicroak|61\/100|[from] ability: Dry Skin\n|-heal|p1a: Toxicroak|67\/100|[from] item: Leftovers\n|upkeep\n|turn|11\n|\n|t:|1701138163\n|move|p2a: Son Goku|Fire Punch|p1a: Toxicroak\n|-end|p1a: Toxicroak|Substitute\n|-damage|p2a: Son Goku|68\/100|[from] item: Life Orb\n|move|p1a: Toxicroak|Drain Punch|p2a: Son Goku\n|-damage|p2a: Son Goku|29\/100\n|-heal|p1a: Toxicroak|83\/100|[from] drain|[of] p2a: Son Goku\n|\n|-weather|RainDance|[upkeep]\n|-heal|p1a: Toxicroak|95\/100|[from] ability: Dry Skin\n|-heal|p1a: Toxicroak|100\/100|[from] item: Leftovers\n|upkeep\n|turn|12\n|inactive|RggV has 90 seconds left.\n|\n|t:|1701138177\n|move|p2a: Son Goku|Swords Dance|p2a: Son Goku\n|-boost|p2a: Son Goku|atk|2\n|move|p1a: Toxicroak|Substitute|p1a: Toxicroak\n|-start|p1a: Toxicroak|Substitute\n|-damage|p1a: Toxicroak|76\/100\n|\n|-weather|RainDance|[upkeep]\n|-heal|p1a: Toxicroak|88\/100|[from] ability: Dry Skin\n|-heal|p1a: Toxicroak|94\/100|[from] item: Leftovers\n|upkeep\n|turn|13\n|\n|t:|1701138184\n|move|p2a: Son Goku|Fire Punch|p1a: Toxicroak\n|-end|p1a: Toxicroak|Substitute\n|-damage|p2a: Son Goku|19\/100|[from] item: Life Orb\n|move|p1a: Toxicroak|Drain Punch|p2a: Son Goku\n|-damage|p2a: Son Goku|0 fnt\n|-heal|p1a: Toxicroak|100\/100|[from] drain|[of] p2a: Son Goku\n|faint|p2a: Son Goku\n|\n|-weather|none\n|upkeep\n|inactive|RggV has 90 seconds left.\n|\n|t:|1701138208\n|switch|p2a: Landorus|Landorus-Therian, M|100\/100\n|-damage|p2a: Landorus|88\/100|[from] Stealth Rock\n|-ability|p2a: Landorus|Intimidate|boost\n|-unboost|p1a: Toxicroak|atk|1\n|turn|14\n|\n|t:|1701138213\n|switch|p1a: Pelipper|Pelipper, F|16\/100\n|-weather|RainDance|[from] ability: Drizzle|[of] p1a: Pelipper\n|move|p2a: Landorus|Bulk Up|p2a: Landorus\n|-boost|p2a: Landorus|atk|1\n|-boost|p2a: Landorus|def|1\n|\n|-weather|RainDance|[upkeep]\n|-heal|p2a: Landorus|94\/100|[from] item: Leftovers\n|upkeep\n|turn|15\n|\n|t:|1701138217\n|move|p2a: Landorus|Smack Down|p1a: Pelipper\n|-supereffective|p1a: Pelipper\n|-damage|p1a: Pelipper|0 fnt\n|faint|p1a: Pelipper\n|\n|-weather|RainDance|[upkeep]\n|-heal|p2a: Landorus|99\/100|[from] item: Leftovers\n|upkeep\n|inactive|PiplupBOSS has 120 seconds left.\n|inactive|PiplupBOSS has 90 seconds left.\n|\n|t:|1701138269\n|switch|p1a: Greninja|Greninja, M|100\/100\n|-activate|p1a: Greninja|move: Sticky Web\n|-unboost|p1a: Greninja|spe|1\n|turn|16\n|\n|t:|1701138279\n|switch|p2a: Kommo-o|Kommo-o, F|100\/100\n|-damage|p2a: Kommo-o|94\/100|[from] Stealth Rock\n|-terastallize|p1a: Greninja|Water\n|move|p1a: Greninja|Water Shuriken|p2a: Kommo-o\n|-resisted|p2a: Kommo-o\n|-damage|p2a: Kommo-o|86\/100\n|-resisted|p2a: Kommo-o\n|-damage|p2a: Kommo-o|77\/100\n|-resisted|p2a: Kommo-o\n|-damage|p2a: Kommo-o|69\/100\n|-resisted|p2a: Kommo-o\n|-damage|p2a: Kommo-o|59\/100\n|-resisted|p2a: Kommo-o\n|-damage|p2a: Kommo-o|51\/100\n|-hitcount|p2a: Kommo-o|5\n|\n|-weather|RainDance|[upkeep]\n|upkeep\n|turn|17\n|inactive|PiplupBOSS has 90 seconds left.\n|\n|t:|1701138313\n|switch|p1a: Toxicroak|Toxicroak, F|100\/100\n|-activate|p1a: Toxicroak|move: Sticky Web\n|-unboost|p1a: Toxicroak|spe|1\n|move|p2a: Kommo-o|Clanging Scales|p1a: Toxicroak\n|-damage|p1a: Toxicroak|42\/100\n|-unboost|p2a: Kommo-o|def|1\n|-enditem|p2a: Kommo-o|Throat Spray\n|-boost|p2a: Kommo-o|spa|1|[from] item: Throat Spray\n|\n|-weather|RainDance|[upkeep]\n|-heal|p1a: Toxicroak|54\/100|[from] ability: Dry Skin\n|-heal|p1a: Toxicroak|60\/100|[from] item: Leftovers\n|upkeep\n|turn|18\n|\n|t:|1701138327\n|move|p2a: Kommo-o|Clanging Scales|p1a: Toxicroak\n|-damage|p1a: Toxicroak|0 fnt\n|faint|p1a: Toxicroak\n|-unboost|p2a: Kommo-o|def|1\n|\n|-weather|RainDance|[upkeep]\n|upkeep\n|\n|t:|1701138341\n|switch|p1a: Kingambit|Kingambit, F|100\/100\n|-activate|p1a: Kingambit|move: Sticky Web\n|-unboost|p1a: Kingambit|spe|1\n|-activate|p1a: Kingambit|ability: Supreme Overlord\n|-start|p1a: Kingambit|fallen4|[silent]\n|turn|19\n|\n|t:|1701138359\n|move|p2a: Kommo-o|Flamethrower|p1a: Kingambit\n|-supereffective|p1a: Kingambit\n|-damage|p1a: Kingambit|64\/100\n|move|p1a: Kingambit|Swords Dance|p1a: Kingambit\n|-boost|p1a: Kingambit|atk|2\n|\n|-weather|RainDance|[upkeep]\n|-heal|p1a: Kingambit|70\/100|[from] item: Leftovers\n|upkeep\n|turn|20\n|inactive|RggV has 120 seconds left.\n|\n|t:|1701138411\n|move|p2a: Kommo-o|Flamethrower|p1a: Kingambit\n|-supereffective|p1a: Kingambit\n|-damage|p1a: Kingambit|35\/100\n|move|p1a: Kingambit|Kowtow Cleave|p2a: Kommo-o\n|-resisted|p2a: Kommo-o\n|-damage|p2a: Kommo-o|0 fnt\n|faint|p2a: Kommo-o\n|\n|-weather|RainDance|[upkeep]\n|-heal|p1a: Kingambit|42\/100|[from] item: Leftovers\n|upkeep\n|\n|t:|1701138414\n|switch|p2a: Landorus|Landorus-Therian, M|99\/100\n|-damage|p2a: Landorus|88\/100|[from] Stealth Rock\n|-ability|p2a: Landorus|Intimidate|boost\n|-unboost|p1a: Kingambit|atk|1\n|turn|21\n|\n|t:|1701138435\n|move|p2a: Landorus|Substitute|p2a: Landorus\n|-start|p2a: Landorus|Substitute\n|-damage|p2a: Landorus|63\/100\n|move|p1a: Kingambit|Kowtow Cleave|p2a: Landorus\n|-end|p2a: Landorus|Substitute\n|\n|-weather|none\n|-heal|p2a: Landorus|69\/100|[from] item: Leftovers\n|-heal|p1a: Kingambit|48\/100|[from] item: Leftovers\n|upkeep\n|turn|22\n|\n|t:|1701138439\n|move|p2a: Landorus|Earthquake|p1a: Kingambit\n|-supereffective|p1a: Kingambit\n|-damage|p1a: Kingambit|0 fnt\n|faint|p1a: Kingambit\n|-end|p1a: Kingambit|fallen4|[silent]\n|\n|-heal|p2a: Landorus|75\/100|[from] item: Leftovers\n|upkeep\n|\n|t:|1701138441\n|switch|p1a: Greninja|Greninja, M, tera:Water|100\/100\n|-activate|p1a: Greninja|move: Sticky Web\n|-unboost|p1a: Greninja|spe|1\n|turn|23\n|\n|t:|1701138443\n|move|p1a: Greninja|Water Shuriken|p2a: Landorus\n|-supereffective|p2a: Landorus\n|-damage|p2a: Landorus|50\/100\n|-supereffective|p2a: Landorus\n|-damage|p2a: Landorus|25\/100\n|-supereffective|p2a: Landorus\n|-damage|p2a: Landorus|0 fnt\n|faint|p2a: Landorus\n|-hitcount|p2: Landorus|3\n|\n|win|PiplupBOSS\n|raw|PiplupBOSS's rating: 1683 &rarr; <strong>1704<\/strong><br \/>(+21 for winning)\n|raw|RggV's rating: 1697 &rarr; <strong>1676<\/strong><br \/>(-21 for losing)\n|l|\u2606RggV\n|l|\u2606PiplupBOSS\n|l| counterfitcookie\n|l| dataqaintern\n","uploadtime":1701138466,"views":14,"p1id":"piplupboss","p2id":"rggv","formatid":"gen9ou","rating":1676,"private":0,"password":""}