{"id":"gen9ou-1997860997","p1":"riddleherbivore024","p2":"StinkyBinky609","format":"[Gen 9] OU","log":"|j|\u2606riddleherbivore024\n|j|\u2606StinkyBinky609\n|t:|1700860801\n|gametype|singles\n|player|p1|riddleherbivore024|169|1213\n|player|p2|StinkyBinky609|265|1266\n|teamsize|p1|6\n|teamsize|p2|6\n|gen|9\n|tier|[Gen 9] OU\n|rated|\n|rule|Sleep Clause Mod: Limit one foe put to sleep\n|rule|Species Clause: Limit one of each Pok\u00e9mon\n|rule|OHKO Clause: OHKO moves are banned\n|rule|Evasion Items Clause: Evasion items are banned\n|rule|Evasion Moves Clause: Evasion moves are banned\n|rule|Endless Battle Clause: Forcing endless battles is banned\n|rule|HP Percentage Mod: HP is shown in percentages\n|clearpoke\n|poke|p1|Zapdos|\n|poke|p1|Iron Moth|\n|poke|p1|Ogerpon-Wellspring, F|\n|poke|p1|Goodra-Hisui, F|\n|poke|p1|Enamorus, F|\n|poke|p1|Iron Valiant|\n|poke|p2|Great Tusk|\n|poke|p2|Chandelure, M|\n|poke|p2|Kilowattrel, M|\n|poke|p2|Iron Valiant|\n|poke|p2|Piloswine, F|\n|poke|p2|Ogerpon, F|\n|teampreview\n|\n|t:|1700860806\n|start\n|switch|p1a: robot sun|Iron Moth|100\/100\n|switch|p2a: Chandy|Chandelure, M|100\/100\n|-item|p1a: robot sun|Air Balloon\n|turn|1\n|inactive|Battle timer is ON: inactive players will automatically lose when time's up. (requested by riddleherbivore024)\n|\n|t:|1700860813\n|move|p1a: robot sun|Toxic|p2a: Chandy\n|-status|p2a: Chandy|tox\n|move|p2a: Chandy|Shadow Ball|p1a: robot sun\n|-damage|p1a: robot sun|18\/100\n|-enditem|p1a: robot sun|Air Balloon\n|\n|-damage|p2a: Chandy|94\/100 tox|[from] psn\n|upkeep\n|turn|2\n|\n|t:|1700860821\n|move|p1a: robot sun|U-turn|p2a: Chandy\n|-resisted|p2a: Chandy\n|-damage|p2a: Chandy|91\/100 tox\n|\n|t:|1700860837\n|-end|p1a: robot sun|Quark Drive|[silent]\n|switch|p1a: hm|Ogerpon-Wellspring, F|100\/100|[from] U-turn\n|move|p2a: Chandy|Shadow Ball|p1a: hm\n|-damage|p1a: hm|11\/100\n|\n|-damage|p2a: Chandy|78\/100 tox|[from] psn\n|upkeep\n|turn|3\n|\n|t:|1700860845\n|switch|p2a: Trash|Iron Valiant|100\/100\n|move|p1a: hm|Ivy Cudgel|p2a: Trash|[anim] Ivy Cudgel Water\n|-damage|p2a: Trash|39\/100\n|\n|upkeep\n|turn|4\n|\n|t:|1700860850\n|move|p2a: Trash|Reflect|p2a: Trash\n|-sidestart|p2: StinkyBinky609|Reflect\n|move|p1a: hm|Ivy Cudgel|p2a: Trash|[anim] Ivy Cudgel Water\n|-damage|p2a: Trash|8\/100\n|\n|upkeep\n|turn|5\n|\n|t:|1700860855\n|move|p2a: Trash|Light Screen|p2a: Trash\n|-sidestart|p2: StinkyBinky609|move: Light Screen\n|move|p1a: hm|Ivy Cudgel|p2a: Trash|[anim] Ivy Cudgel Water\n|-damage|p2a: Trash|0 fnt\n|faint|p2a: Trash\n|-end|p2a: Trash|Quark Drive|[silent]\n|\n|upkeep\n|\n|t:|1700860859\n|switch|p2a: Small Tusk|Piloswine, F|100\/100\n|turn|6\n|\n|t:|1700860865\n|move|p2a: Small Tusk|Ice Shard|p1a: hm\n|-damage|p1a: hm|0 fnt\n|faint|p1a: hm\n|\n|upkeep\n|\n|t:|1700860876\n|switch|p1a: robot sun|Iron Moth|18\/100\n|turn|7\n|\n|t:|1700860880\n|move|p2a: Small Tusk|Ice Shard|p1a: robot sun\n|-resisted|p1a: robot sun\n|-crit|p1a: robot sun\n|-damage|p1a: robot sun|0 fnt\n|faint|p1a: robot sun\n|-end|p1a: robot sun|Quark Drive|[silent]\n|\n|upkeep\n|\n|t:|1700860895\n|switch|p1a: cloud 9|Enamorus, F|100\/100\n|turn|8\n|\n|t:|1700860899\n|move|p1a: cloud 9|Moonblast|p2a: Small Tusk\n|-damage|p2a: Small Tusk|79\/100\n|-unboost|p2a: Small Tusk|spa|1\n|move|p2a: Small Tusk|Icicle Crash|p1a: cloud 9\n|-supereffective|p1a: cloud 9\n|-damage|p1a: cloud 9|0 fnt\n|faint|p1a: cloud 9\n|\n|upkeep\n|\n|t:|1700860906\n|switch|p1a: Iron Valiant|Iron Valiant|100\/100\n|turn|9\n|\n|t:|1700860911\n|move|p1a: Iron Valiant|Substitute|p1a: Iron Valiant\n|-start|p1a: Iron Valiant|Substitute\n|-damage|p1a: Iron Valiant|76\/100\n|move|p2a: Small Tusk|Earthquake|p1a: Iron Valiant\n|-end|p1a: Iron Valiant|Substitute\n|\n|-heal|p1a: Iron Valiant|82\/100|[from] item: Leftovers\n|upkeep\n|turn|10\n|-message|riddleherbivore024 forfeited.\n|\n|win|StinkyBinky609\n|raw|riddleherbivore024's rating: 1213 &rarr; <strong>1192<\/strong><br \/>(-21 for losing)\n|raw|StinkyBinky609's rating: 1266 &rarr; <strong>1287<\/strong><br \/>(+21 for winning)\n|l|\u2606riddleherbivore024\n","uploadtime":1700860926,"views":5,"p1id":"riddleherbivore024","p2id":"stinkybinky609","formatid":"gen9ou","rating":1192,"private":0,"password":""}