{"id":"gen9ou-1989421013","p1":"Jadenhess","p2":"Roshino","format":"[Gen 9] OU","log":"|j|\u2606Jadenhess\n|j|\u2606Roshino\n|t:|1699848066\n|gametype|singles\n|player|p1|Jadenhess|102|1428\n|player|p2|Roshino|saturn|1499\n|teamsize|p1|6\n|teamsize|p2|6\n|gen|9\n|tier|[Gen 9] OU\n|rated|\n|rule|Sleep Clause Mod: Limit one foe put to sleep\n|rule|Species Clause: Limit one of each Pok\u00e9mon\n|rule|OHKO Clause: OHKO moves are banned\n|rule|Evasion Items Clause: Evasion items are banned\n|rule|Evasion Moves Clause: Evasion moves are banned\n|rule|Endless Battle Clause: Forcing endless battles is banned\n|rule|HP Percentage Mod: HP is shown in percentages\n|clearpoke\n|poke|p1|Iron Leaves|\n|poke|p1|Iron Thorns|\n|poke|p1|Iron Hands|\n|poke|p1|Iron Valiant|\n|poke|p1|Iron Treads|\n|poke|p1|Iron Jugulis|\n|poke|p2|Quagsire, F|\n|poke|p2|Hawlucha, M|\n|poke|p2|Meowscarada, F|\n|poke|p2|Scizor, M|\n|poke|p2|Vaporeon, F|\n|poke|p2|Mew|\n|teampreview\n|inactive|Battle timer is ON: inactive players will automatically lose when time's up. (requested by Jadenhess)\n|j| GummyRowlets\n|\n|t:|1699848082\n|start\n|switch|p1a: Iron Thorns|Iron Thorns|100\/100\n|switch|p2a: BUG|Scizor, M|100\/100\n|-item|p1a: Iron Thorns|Air Balloon\n|turn|1\n|\n|t:|1699848111\n|-end|p1a: Iron Thorns|Quark Drive|[silent]\n|switch|p1a: Iron Hands|Iron Hands|100\/100\n|move|p2a: BUG|U-turn|p1a: Iron Hands\n|-resisted|p1a: Iron Hands\n|-damage|p1a: Iron Hands|82\/100\n|\n|t:|1699848117\n|switch|p2a: Just a dude|Quagsire, F|100\/100|[from] U-turn\n|\n|upkeep\n|turn|2\n|\n|t:|1699848126\n|move|p1a: Iron Hands|Fake Out|p2a: Just a dude\n|-damage|p2a: Just a dude|90\/100\n|cant|p2a: Just a dude|flinch\n|\n|-heal|p2a: Just a dude|96\/100|[from] item: Leftovers\n|upkeep\n|turn|3\n|\n|t:|1699848137\n|-end|p1a: Iron Hands|Quark Drive|[silent]\n|switch|p1a: Iron Treads|Iron Treads|100\/100\n|move|p2a: Just a dude|Stealth Rock|p1a: Iron Treads\n|-sidestart|p1: Jadenhess|move: Stealth Rock\n|\n|-heal|p2a: Just a dude|100\/100|[from] item: Leftovers\n|upkeep\n|turn|4\n|\n|t:|1699848142\n|move|p1a: Iron Treads|Rapid Spin|p2a: Just a dude\n|-damage|p2a: Just a dude|91\/100\n|-boost|p1a: Iron Treads|spe|1\n|-sideend|p1: Jadenhess|Stealth Rock|[from] move: Rapid Spin|[of] p1a: Iron Treads\n|move|p2a: Just a dude|Earthquake|p1a: Iron Treads\n|-supereffective|p1a: Iron Treads\n|-damage|p1a: Iron Treads|50\/100\n|\n|-heal|p1a: Iron Treads|57\/100|[from] item: Leftovers\n|-heal|p2a: Just a dude|97\/100|[from] item: Leftovers\n|upkeep\n|turn|5\n|\n|t:|1699848158\n|-end|p1a: Iron Treads|Quark Drive|[silent]\n|switch|p1a: Iron Jugulis|Iron Jugulis|100\/100\n|move|p2a: Just a dude|Stealth Rock|p1a: Iron Jugulis\n|-sidestart|p1: Jadenhess|move: Stealth Rock\n|\n|-heal|p2a: Just a dude|100\/100|[from] item: Leftovers\n|upkeep\n|turn|6\n|\n|t:|1699848165\n|switch|p2a: Vaporeon|Vaporeon, F|100\/100\n|move|p1a: Iron Jugulis|Hurricane|p2a: Vaporeon\n|-damage|p2a: Vaporeon|67\/100\n|\n|upkeep\n|turn|7\n|\n|t:|1699848177\n|-end|p1a: Iron Jugulis|Quark Drive|[silent]\n|switch|p1a: Iron Hands|Iron Hands|82\/100\n|-damage|p1a: Iron Hands|76\/100|[from] Stealth Rock\n|move|p2a: Vaporeon|Wish|p2a: Vaporeon\n|\n|upkeep\n|turn|8\n|\n|t:|1699848186\n|move|p2a: Vaporeon|Protect|p2a: Vaporeon\n|-singleturn|p2a: Vaporeon|Protect\n|move|p1a: Iron Hands|Drain Punch|p2a: Vaporeon\n|-activate|p2a: Vaporeon|move: Protect\n|\n|-heal|p2a: Vaporeon|100\/100|[from] move: Wish|[wisher] Vaporeon\n|upkeep\n|turn|9\n|\n|t:|1699848194\n|-end|p1a: Iron Hands|Quark Drive|[silent]\n|switch|p1a: Iron Leaves|Iron Leaves|100\/100\n|-damage|p1a: Iron Leaves|88\/100|[from] Stealth Rock\n|switch|p2a: Just a dude|Quagsire, F|100\/100\n|\n|-heal|p1a: Iron Leaves|94\/100|[from] item: Leftovers\n|upkeep\n|turn|10\n|\n|t:|1699848201\n|switch|p2a: BUG|Scizor, M|100\/100\n|move|p1a: Iron Leaves|Electric Terrain|p1a: Iron Leaves\n|-fieldstart|move: Electric Terrain\n|-activate|p1a: Iron Leaves|ability: Quark Drive\n|-start|p1a: Iron Leaves|quarkdrivespe\n|\n|-heal|p1a: Iron Leaves|99\/100|[from] item: Leftovers\n|upkeep\n|turn|11\n|\n|t:|1699848211\n|-end|p1a: Iron Leaves|Quark Drive|[silent]\n|switch|p1a: Iron Hands|Iron Hands|76\/100\n|-damage|p1a: Iron Hands|70\/100|[from] Stealth Rock\n|-activate|p1a: Iron Hands|ability: Quark Drive\n|-start|p1a: Iron Hands|quarkdriveatk\n|move|p2a: BUG|U-turn|p1a: Iron Hands\n|-resisted|p1a: Iron Hands\n|-damage|p1a: Iron Hands|52\/100\n|\n|t:|1699848229\n|switch|p2a: Just a dude|Quagsire, F|100\/100|[from] U-turn\n|\n|upkeep\n|turn|12\n|\n|t:|1699848233\n|-terastallize|p1a: Iron Hands|Fighting\n|move|p1a: Iron Hands|Drain Punch|p2a: Just a dude\n|-damage|p2a: Just a dude|46\/100\n|-heal|p1a: Iron Hands|73\/100|[from] drain|[of] p2a: Just a dude\n|move|p2a: Just a dude|Earthquake|p1a: Iron Hands\n|-damage|p1a: Iron Hands|54\/100\n|\n|-heal|p2a: Just a dude|53\/100|[from] item: Leftovers\n|upkeep\n|turn|13\n|\n|t:|1699848246\n|switch|p2a: bro|Hawlucha, M|100\/100\n|-ability|p2a: bro|Mold Breaker\n|move|p1a: Iron Hands|Drain Punch|p2a: bro\n|-resisted|p2a: bro\n|-damage|p2a: bro|43\/100\n|-heal|p1a: Iron Hands|71\/100|[from] drain|[of] p2a: bro\n|\n|upkeep\n|turn|14\n|\n|t:|1699848260\n|-end|p1a: Iron Hands|Quark Drive|[silent]\n|switch|p1a: Iron Treads|Iron Treads|57\/100\n|-damage|p1a: Iron Treads|54\/100|[from] Stealth Rock\n|-activate|p1a: Iron Treads|ability: Quark Drive\n|-start|p1a: Iron Treads|quarkdrivespe\n|move|p2a: bro|Brave Bird|p1a: Iron Treads\n|-resisted|p1a: Iron Treads\n|-damage|p1a: Iron Treads|36\/100\n|-damage|p2a: bro|35\/100|[from] Recoil\n|\n|-heal|p1a: Iron Treads|42\/100|[from] item: Leftovers\n|-fieldend|move: Electric Terrain\n|-end|p1a: Iron Treads|Quark Drive\n|upkeep\n|turn|15\n|\n|t:|1699848275\n|move|p2a: bro|Close Combat|p1a: Iron Treads\n|-supereffective|p1a: Iron Treads\n|-damage|p1a: Iron Treads|0 fnt\n|-unboost|p2a: bro|def|1\n|-unboost|p2a: bro|spd|1\n|faint|p1a: Iron Treads\n|-end|p1a: Iron Treads|Quark Drive|[silent]\n|\n|upkeep\n|\n|t:|1699848280\n|switch|p1a: Iron Hands|Iron Hands, tera:Fighting|71\/100\n|-damage|p1a: Iron Hands|65\/100|[from] Stealth Rock\n|turn|16\n|\n|t:|1699848291\n|move|p1a: Iron Hands|Fake Out|p2a: bro\n|-damage|p2a: bro|2\/100\n|cant|p2a: bro|flinch\n|\n|upkeep\n|turn|17\n|\n|t:|1699848303\n|-end|p1a: Iron Hands|Quark Drive|[silent]\n|switch|p1a: Iron Jugulis|Iron Jugulis|100\/100\n|-damage|p1a: Iron Jugulis|76\/100|[from] Stealth Rock\n|move|p2a: bro|Brave Bird|p1a: Iron Jugulis\n|-damage|p1a: Iron Jugulis|18\/100\n|-damage|p2a: bro|0 fnt|[from] Recoil\n|faint|p2a: bro\n|\n|upkeep\n|\n|t:|1699848319\n|switch|p2a: e-bush|Meowscarada, F|100\/100\n|turn|18\n|\n|t:|1699848322\n|move|p2a: e-bush|U-turn|p1a: Iron Jugulis\n|-start|p2a: e-bush|typechange|Bug|[from] ability: Protean\n|-damage|p1a: Iron Jugulis|0 fnt\n|faint|p1a: Iron Jugulis\n|-end|p1a: Iron Jugulis|Quark Drive|[silent]\n|\n|t:|1699848338\n|switch|p2a: Just a dude|Quagsire, F|53\/100|[from] U-turn\n|\n|-heal|p2a: Just a dude|59\/100|[from] item: Leftovers\n|upkeep\n|\n|t:|1699848344\n|switch|p1a: Iron Leaves|Iron Leaves|99\/100\n|-damage|p1a: Iron Leaves|88\/100|[from] Stealth Rock\n|turn|19\n|\n|t:|1699848350\n|-terastallize|p2a: Just a dude|Grass\n|move|p1a: Iron Leaves|Leaf Blade|p2a: Just a dude\n|-resisted|p2a: Just a dude\n|-damage|p2a: Just a dude|42\/100\n|move|p2a: Just a dude|Recover|p2a: Just a dude\n|-heal|p2a: Just a dude|92\/100\n|\n|-heal|p1a: Iron Leaves|94\/100|[from] item: Leftovers\n|-heal|p2a: Just a dude|99\/100|[from] item: Leftovers\n|upkeep\n|turn|20\n|\n|t:|1699848359\n|move|p1a: Iron Leaves|Electric Terrain|p1a: Iron Leaves\n|-fieldstart|move: Electric Terrain\n|-activate|p1a: Iron Leaves|ability: Quark Drive\n|-start|p1a: Iron Leaves|quarkdrivespe\n|move|p2a: Just a dude|Toxic|p1a: Iron Leaves\n|-status|p1a: Iron Leaves|tox\n|\n|-heal|p1a: Iron Leaves|99\/100 tox|[from] item: Leftovers\n|-heal|p2a: Just a dude|100\/100|[from] item: Leftovers\n|-damage|p1a: Iron Leaves|94\/100 tox|[from] psn\n|upkeep\n|turn|21\n|\n|t:|1699848368\n|move|p1a: Iron Leaves|Psyblade|p2a: Just a dude\n|-damage|p2a: Just a dude|60\/100\n|move|p2a: Just a dude|Toxic|p1a: Iron Leaves\n|-fail|p1a: Iron Leaves|tox\n|\n|-heal|p1a: Iron Leaves|99\/100 tox|[from] item: Leftovers\n|-heal|p2a: Just a dude|67\/100|[from] item: Leftovers\n|-damage|p1a: Iron Leaves|88\/100 tox|[from] psn\n|upkeep\n|turn|22\n|\n|t:|1699848377\n|-end|p1a: Iron Leaves|Quark Drive|[silent]\n|switch|p1a: Iron Hands|Iron Hands, tera:Fighting|65\/100\n|-damage|p1a: Iron Hands|59\/100|[from] Stealth Rock\n|-activate|p1a: Iron Hands|ability: Quark Drive\n|-start|p1a: Iron Hands|quarkdriveatk\n|move|p2a: Just a dude|Recover|p2a: Just a dude\n|-heal|p2a: Just a dude|100\/100\n|\n|upkeep\n|turn|23\n|\n|t:|1699848386\n|move|p1a: Iron Hands|Close Combat|p2a: Just a dude\n|-damage|p2a: Just a dude|18\/100\n|-unboost|p1a: Iron Hands|def|1\n|-unboost|p1a: Iron Hands|spd|1\n|move|p2a: Just a dude|Recover|p2a: Just a dude\n|-heal|p2a: Just a dude|68\/100\n|\n|-heal|p2a: Just a dude|74\/100|[from] item: Leftovers\n|upkeep\n|turn|24\n|\n|t:|1699848398\n|switch|p2a: lil guy|Mew|100\/100\n|move|p1a: Iron Hands|Close Combat|p2a: lil guy\n|-resisted|p2a: lil guy\n|-damage|p2a: lil guy|48\/100\n|-unboost|p1a: Iron Hands|def|1\n|-unboost|p1a: Iron Hands|spd|1\n|\n|-heal|p2a: lil guy|54\/100|[from] item: Leftovers\n|-fieldend|move: Electric Terrain\n|-end|p1a: Iron Hands|Quark Drive\n|upkeep\n|turn|25\n|\n|t:|1699848414\n|-end|p1a: Iron Hands|Quark Drive|[silent]\n|switch|p1a: Iron Leaves|Iron Leaves|88\/100 tox\n|-damage|p1a: Iron Leaves|76\/100 tox|[from] Stealth Rock\n|move|p2a: lil guy|Draining Kiss|p1a: Iron Leaves\n|-damage|p1a: Iron Leaves|61\/100 tox\n|-heal|p2a: lil guy|64\/100|[from] drain|[of] p1a: Iron Leaves\n|\n|-heal|p1a: Iron Leaves|67\/100 tox|[from] item: Leftovers\n|-heal|p2a: lil guy|71\/100|[from] item: Leftovers\n|-damage|p1a: Iron Leaves|61\/100 tox|[from] psn\n|upkeep\n|turn|26\n|\n|t:|1699848426\n|move|p1a: Iron Leaves|Leaf Blade|p2a: lil guy\n|-damage|p2a: lil guy|34\/100\n|move|p2a: lil guy|Psyshock|p1a: Iron Leaves\n|-resisted|p1a: Iron Leaves\n|-damage|p1a: Iron Leaves|40\/100 tox\n|\n|-heal|p1a: Iron Leaves|46\/100 tox|[from] item: Leftovers\n|-heal|p2a: lil guy|41\/100|[from] item: Leftovers\n|-damage|p1a: Iron Leaves|34\/100 tox|[from] psn\n|upkeep\n|turn|27\n|\n|t:|1699848438\n|move|p1a: Iron Leaves|Electric Terrain|p1a: Iron Leaves\n|-fieldstart|move: Electric Terrain\n|-activate|p1a: Iron Leaves|ability: Quark Drive\n|-start|p1a: Iron Leaves|quarkdrivespe\n|move|p2a: lil guy|Psyshock|p1a: Iron Leaves\n|-resisted|p1a: Iron Leaves\n|-damage|p1a: Iron Leaves|13\/100 tox\n|\n|-heal|p1a: Iron Leaves|19\/100 tox|[from] item: Leftovers\n|-heal|p2a: lil guy|47\/100|[from] item: Leftovers\n|-damage|p1a: Iron Leaves|1\/100 tox|[from] psn\n|upkeep\n|turn|28\n|\n|t:|1699848449\n|move|p2a: lil guy|Protect|p2a: lil guy\n|-singleturn|p2a: lil guy|Protect\n|move|p1a: Iron Leaves|Psyblade|p2a: lil guy\n|-activate|p2a: lil guy|move: Protect\n|\n|-heal|p1a: Iron Leaves|7\/100 tox|[from] item: Leftovers\n|-heal|p2a: lil guy|53\/100|[from] item: Leftovers\n|-damage|p1a: Iron Leaves|0 fnt|[from] psn\n|faint|p1a: Iron Leaves\n|-end|p1a: Iron Leaves|Quark Drive|[silent]\n|upkeep\n|\n|t:|1699848452\n|switch|p1a: Iron Thorns|Iron Thorns|100\/100\n|-damage|p1a: Iron Thorns|88\/100|[from] Stealth Rock\n|-activate|p1a: Iron Thorns|ability: Quark Drive\n|-start|p1a: Iron Thorns|quarkdriveatk\n|-item|p1a: Iron Thorns|Air Balloon\n|turn|29\n|\n|t:|1699848480\n|move|p1a: Iron Thorns|Dragon Dance|p1a: Iron Thorns\n|-boost|p1a: Iron Thorns|atk|1\n|-boost|p1a: Iron Thorns|spe|1\n|move|p2a: lil guy|Draining Kiss|p1a: Iron Thorns\n|-damage|p1a: Iron Thorns|70\/100\n|-heal|p2a: lil guy|65\/100|[from] drain|[of] p1a: Iron Thorns\n|-enditem|p1a: Iron Thorns|Air Balloon\n|\n|-heal|p2a: lil guy|71\/100|[from] item: Leftovers\n|upkeep\n|turn|30\n|\n|t:|1699848490\n|move|p2a: lil guy|Protect|p2a: lil guy\n|-singleturn|p2a: lil guy|Protect\n|move|p1a: Iron Thorns|Thunder Punch|p2a: lil guy\n|-activate|p2a: lil guy|move: Protect\n|\n|-heal|p2a: lil guy|77\/100|[from] item: Leftovers\n|upkeep\n|turn|31\n|\n|t:|1699848500\n|move|p1a: Iron Thorns|Ice Punch|p2a: lil guy\n|-damage|p2a: lil guy|33\/100\n|move|p2a: lil guy|Psyshock|p1a: Iron Thorns\n|-damage|p1a: Iron Thorns|38\/100\n|\n|-heal|p2a: lil guy|39\/100|[from] item: Leftovers\n|-fieldend|move: Electric Terrain\n|-end|p1a: Iron Thorns|Quark Drive\n|upkeep\n|turn|32\n|\n|t:|1699848509\n|move|p1a: Iron Thorns|Dragon Dance|p1a: Iron Thorns\n|-boost|p1a: Iron Thorns|atk|1\n|-boost|p1a: Iron Thorns|spe|1\n|move|p2a: lil guy|Psyshock|p1a: Iron Thorns\n|-damage|p1a: Iron Thorns|0 fnt\n|faint|p1a: Iron Thorns\n|-end|p1a: Iron Thorns|Quark Drive|[silent]\n|\n|-heal|p2a: lil guy|45\/100|[from] item: Leftovers\n|upkeep\n|\n|t:|1699848513\n|switch|p1a: Iron Valiant|Iron Valiant|100\/100\n|-damage|p1a: Iron Valiant|94\/100|[from] Stealth Rock\n|turn|33\n|-message|Jadenhess forfeited.\n|\n|win|Roshino\n|raw|Jadenhess's rating: 1428 &rarr; <strong>1412<\/strong><br \/>(-16 for losing)\n|raw|Roshino's rating: 1499 &rarr; <strong>1515<\/strong><br \/>(+16 for winning)\n|l|\u2606Jadenhess\n|l| GummyRowlets\n","uploadtime":1699848791,"views":29,"p1id":"jadenhess","p2id":"roshino","formatid":"gen9ou","rating":1412,"private":0,"password":""}