{"id":"gen9ou-1994602446","p1":"MasterLucarioOG","p2":"Kill\/them pronoun","format":"[Gen 9] OU","log":"|j|\u2606MasterLucarioOG\n|j|\u2606Kill\/them pronoun\n|t:|1700467613\n|gametype|singles\n|player|p1|MasterLucarioOG|gladion|1115\n|player|p2|Kill\/them pronoun|volo|1000\n|teamsize|p1|6\n|teamsize|p2|6\n|gen|9\n|tier|[Gen 9] OU\n|rated|\n|rule|Sleep Clause Mod: Limit one foe put to sleep\n|rule|Species Clause: Limit one of each Pok\u00e9mon\n|rule|OHKO Clause: OHKO moves are banned\n|rule|Evasion Items Clause: Evasion items are banned\n|rule|Evasion Moves Clause: Evasion moves are banned\n|rule|Endless Battle Clause: Forcing endless battles is banned\n|rule|HP Percentage Mod: HP is shown in percentages\n|clearpoke\n|poke|p1|Blissey, F|\n|poke|p1|Cyclizar, F|\n|poke|p1|Toxapex, F|\n|poke|p1|Clodsire, F|\n|poke|p1|Alomomola, M|\n|poke|p1|Clefable, F|\n|poke|p2|Manaphy|\n|poke|p2|Grimmsnarl, M|\n|poke|p2|Iron Moth|\n|poke|p2|Ceruledge, M|\n|poke|p2|Iron Valiant|\n|poke|p2|Ogerpon-Wellspring, F|\n|teampreview\n|inactive|Battle timer is ON: inactive players will automatically lose when time's up. (requested by Kill\/them pronoun)\n|inactive|MasterLucarioOG also wants the timer to be on.\n|\n|t:|1700467628\n|start\n|switch|p1a: Clodsire|Clodsire, F|100\/100\n|switch|p2a: Annoying ass|Grimmsnarl, M|100\/100\n|turn|1\n|\n|t:|1700467632\n|move|p2a: Annoying ass|Taunt|p1a: Clodsire\n|-start|p1a: Clodsire|move: Taunt\n|cant|p1a: Clodsire|move: Taunt|Toxic\n|\n|upkeep\n|turn|2\n|\n|t:|1700467652\n|move|p2a: Annoying ass|Reflect|p2a: Annoying ass\n|-sidestart|p2: Kill\/them pronoun|Reflect\n|move|p1a: Clodsire|Earthquake|p2a: Annoying ass\n|-damage|p2a: Annoying ass|90\/100\n|\n|upkeep\n|turn|3\n|\n|t:|1700467671\n|switch|p1a: Clefable|Clefable, F|100\/100\n|move|p2a: Annoying ass|Light Screen|p2a: Annoying ass\n|-sidestart|p2: Kill\/them pronoun|move: Light Screen\n|\n|upkeep\n|turn|4\n|\n|t:|1700467675\n|move|p2a: Annoying ass|Taunt|p1a: Clefable\n|-start|p1a: Clefable|move: Taunt\n|move|p1a: Clefable|Moonblast|p2a: Annoying ass\n|-supereffective|p2a: Annoying ass\n|-damage|p2a: Annoying ass|58\/100\n|\n|upkeep\n|turn|5\n|\n|t:|1700467682\n|move|p2a: Annoying ass|Parting Shot|p1a: Clefable\n|-unboost|p1a: Clefable|atk|1\n|-unboost|p1a: Clefable|spa|1\n|\n|t:|1700467689\n|switch|p2a: No mercy|Manaphy|100\/100|[from] Parting Shot\n|move|p1a: Clefable|Moonblast|p2a: No mercy\n|-damage|p2a: No mercy|89\/100\n|\n|-heal|p2a: No mercy|96\/100|[from] item: Leftovers\n|upkeep\n|turn|6\n|\n|t:|1700467696\n|switch|p1a: Toxapex|Toxapex, F|100\/100\n|move|p2a: No mercy|Tail Glow|p2a: No mercy\n|-boost|p2a: No mercy|spa|3\n|\n|-heal|p2a: No mercy|100\/100|[from] item: Leftovers\n|upkeep\n|turn|7\n|\n|t:|1700467702\n|move|p2a: No mercy|Energy Ball|p1a: Toxapex\n|-damage|p1a: Toxapex|43\/100\n|move|p1a: Toxapex|Haze|p1a: Toxapex\n|-clearallboost\n|\n|-heal|p1a: Toxapex|49\/100|[from] item: Black Sludge\n|upkeep\n|turn|8\n|\n|t:|1700467709\n|move|p2a: No mercy|Energy Ball|p1a: Toxapex\n|-damage|p1a: Toxapex|26\/100\n|move|p1a: Toxapex|Recover|p1a: Toxapex\n|-heal|p1a: Toxapex|76\/100\n|\n|-heal|p1a: Toxapex|82\/100|[from] item: Black Sludge\n|upkeep\n|turn|9\n|\n|t:|1700467717\n|switch|p2a: Annoying ass|Grimmsnarl, M|58\/100\n|move|p1a: Toxapex|Haze|p1a: Toxapex\n|-clearallboost\n|\n|-heal|p1a: Toxapex|88\/100|[from] item: Black Sludge\n|-sideend|p2: Kill\/them pronoun|Reflect\n|upkeep\n|turn|10\n|\n|t:|1700467724\n|switch|p1a: Clefable|Clefable, F|100\/100\n|move|p2a: Annoying ass|Taunt|p1a: Clefable\n|-start|p1a: Clefable|move: Taunt\n|\n|-sideend|p2: Kill\/them pronoun|move: Light Screen\n|upkeep\n|turn|11\n|\n|t:|1700467730\n|move|p2a: Annoying ass|Light Screen|p2a: Annoying ass\n|-sidestart|p2: Kill\/them pronoun|move: Light Screen\n|move|p1a: Clefable|Moonblast|p2a: Annoying ass\n|-supereffective|p2a: Annoying ass\n|-damage|p2a: Annoying ass|29\/100\n|-unboost|p2a: Annoying ass|spa|1\n|\n|upkeep\n|turn|12\n|\n|t:|1700467738\n|switch|p2a: Can\u2019t quiver|Iron Moth|100\/100\n|-enditem|p2a: Can\u2019t quiver|Booster Energy\n|-activate|p2a: Can\u2019t quiver|ability: Quark Drive|[fromitem]\n|-start|p2a: Can\u2019t quiver|quarkdrivespa\n|move|p1a: Clefable|Moonblast|p2a: Can\u2019t quiver\n|-resisted|p2a: Can\u2019t quiver\n|-damage|p2a: Can\u2019t quiver|96\/100\n|\n|-end|p1a: Clefable|move: Taunt\n|upkeep\n|turn|13\n|\n|t:|1700467747\n|switch|p1a: Toxapex|Toxapex, F|100\/100\n|move|p2a: Can\u2019t quiver|Fiery Dance|p1a: Toxapex\n|-resisted|p1a: Toxapex\n|-crit|p1a: Toxapex\n|-damage|p1a: Toxapex|64\/100\n|-boost|p2a: Can\u2019t quiver|spa|1\n|\n|-heal|p1a: Toxapex|71\/100|[from] item: Black Sludge\n|upkeep\n|turn|14\n|\n|t:|1700467755\n|move|p2a: Can\u2019t quiver|Discharge|p1a: Toxapex\n|-supereffective|p1a: Toxapex\n|-damage|p1a: Toxapex|0 fnt\n|faint|p1a: Toxapex\n|\n|upkeep\n|\n|t:|1700467760\n|switch|p1a: Clodsire|Clodsire, F|100\/100\n|turn|15\n|\n|t:|1700467763\n|move|p2a: Can\u2019t quiver|Energy Ball|p1a: Clodsire\n|-damage|p1a: Clodsire|67\/100\n|move|p1a: Clodsire|Earthquake|p2a: Can\u2019t quiver\n|-supereffective|p2a: Can\u2019t quiver\n|-damage|p2a: Can\u2019t quiver|0 fnt\n|faint|p2a: Can\u2019t quiver\n|-end|p2a: Can\u2019t quiver|Quark Drive|[silent]\n|\n|-heal|p1a: Clodsire|74\/100|[from] item: Black Sludge\n|upkeep\n|\n|t:|1700467771\n|switch|p2a: Annoying ass|Grimmsnarl, M|29\/100\n|turn|16\n|\n|t:|1700467774\n|move|p2a: Annoying ass|Taunt|p1a: Clodsire\n|-start|p1a: Clodsire|move: Taunt\n|cant|p1a: Clodsire|move: Taunt|Amnesia\n|\n|-heal|p1a: Clodsire|80\/100|[from] item: Black Sludge\n|upkeep\n|turn|17\n|\n|t:|1700467780\n|move|p2a: Annoying ass|Parting Shot|p1a: Clodsire\n|-unboost|p1a: Clodsire|atk|1\n|-unboost|p1a: Clodsire|spa|1\n|\n|t:|1700467787\n|switch|p2a: Rain\u2019s best friend|Ogerpon-Wellspring, F|100\/100|[from] Parting Shot\n|move|p1a: Clodsire|Earthquake|p2a: Rain\u2019s best friend\n|-resisted|p2a: Rain\u2019s best friend\n|-damage|p2a: Rain\u2019s best friend|91\/100\n|\n|-heal|p1a: Clodsire|86\/100|[from] item: Black Sludge\n|upkeep\n|turn|18\n|\n|t:|1700467797\n|switch|p1a: Alomomola|Alomomola, M|100\/100\n|move|p2a: Rain\u2019s best friend|Swords Dance|p2a: Rain\u2019s best friend\n|-boost|p2a: Rain\u2019s best friend|atk|2\n|\n|-sideend|p2: Kill\/them pronoun|move: Light Screen\n|upkeep\n|turn|19\n|\n|t:|1700467807\n|switch|p1a: Clodsire|Clodsire, F|86\/100\n|move|p2a: Rain\u2019s best friend|Swords Dance|p2a: Rain\u2019s best friend\n|-boost|p2a: Rain\u2019s best friend|atk|2\n|\n|-heal|p1a: Clodsire|92\/100|[from] item: Black Sludge\n|upkeep\n|turn|20\n|\n|t:|1700467814\n|-terastallize|p2a: Rain\u2019s best friend|Water\n|detailschange|p2a: Rain\u2019s best friend|Ogerpon-Wellspring-Tera, F, tera:Water\n|-ability|p2a: Rain\u2019s best friend|Embody Aspect (Wellspring)|boost\n|-boost|p2a: Rain\u2019s best friend|spd|1\n|move|p2a: Rain\u2019s best friend|Horn Leech|p1a: Clodsire\n|-damage|p1a: Clodsire|0 fnt\n|-heal|p2a: Rain\u2019s best friend|100\/100|[from] drain|[of] p1a: Clodsire\n|faint|p1a: Clodsire\n|\n|upkeep\n|\n|t:|1700467822\n|switch|p1a: Clefable|Clefable, F|100\/100\n|turn|21\n|\n|t:|1700467825\n|move|p2a: Rain\u2019s best friend|Ivy Cudgel|p1a: Clefable|[anim] Ivy Cudgel Water\n|-damage|p1a: Clefable|8\/100\n|move|p1a: Clefable|Thunder Wave|p2a: Rain\u2019s best friend\n|-status|p2a: Rain\u2019s best friend|par\n|\n|-heal|p1a: Clefable|14\/100|[from] item: Leftovers\n|upkeep\n|turn|22\n|\n|t:|1700467832\n|move|p2a: Rain\u2019s best friend|Ivy Cudgel|p1a: Clefable|[anim] Ivy Cudgel Water\n|-damage|p1a: Clefable|0 fnt\n|faint|p1a: Clefable\n|\n|upkeep\n|\n|t:|1700467835\n|switch|p1a: Cyclizar|Cyclizar, F, shiny|100\/100\n|turn|23\n|\n|t:|1700467840\n|move|p1a: Cyclizar|Knock Off|p2a: Rain\u2019s best friend\n|-damage|p2a: Rain\u2019s best friend|77\/100 par\n|move|p2a: Rain\u2019s best friend|Horn Leech|p1a: Cyclizar\n|-resisted|p1a: Cyclizar\n|-damage|p1a: Cyclizar|0 fnt\n|-heal|p2a: Rain\u2019s best friend|100\/100 par|[from] drain|[of] p1a: Cyclizar\n|faint|p1a: Cyclizar\n|\n|upkeep\n|-message|MasterLucarioOG forfeited.\n|\n|win|Kill\/them pronoun\n|raw|MasterLucarioOG's rating: 1115 &rarr; <strong>1082<\/strong><br \/>(-33 for losing)\n|raw|Kill&#x2f;them pronoun's rating: 1000 &rarr; <strong>1053<\/strong><br \/>(+53 for winning)\n|l|\u2606MasterLucarioOG\n|c|\u2606Kill\/them pronoun|That\u2019s what you get\n","uploadtime":1700467862,"views":24,"p1id":"masterlucarioog","p2id":"killthempronoun","formatid":"gen9ou","rating":1053,"private":0,"password":""}