{"id":"gen9ou-1994786173","p1":"Jazz1234","p2":"liaoya","format":"[Gen 9] OU","log":"|j|\u2606Jazz1234\n|j|\u2606liaoya\n|t:|1700492628\n|gametype|singles\n|player|p1|Jazz1234|hiker-gen4|1565\n|player|p2|liaoya|petrel|1549\n|teamsize|p1|6\n|teamsize|p2|6\n|gen|9\n|tier|[Gen 9] OU\n|rated|\n|rule|Sleep Clause Mod: Limit one foe put to sleep\n|rule|Species Clause: Limit one of each Pok\u00e9mon\n|rule|OHKO Clause: OHKO moves are banned\n|rule|Evasion Items Clause: Evasion items are banned\n|rule|Evasion Moves Clause: Evasion moves are banned\n|rule|Endless Battle Clause: Forcing endless battles is banned\n|rule|HP Percentage Mod: HP is shown in percentages\n|clearpoke\n|poke|p1|Gholdengo|\n|poke|p1|Sandy Shocks|\n|poke|p1|Slowking-Galar, F|\n|poke|p1|Great Tusk|\n|poke|p1|Dragonite, F|\n|poke|p1|Kingambit, F|\n|poke|p2|Drifblim, M|\n|poke|p2|Garganacl, F|\n|poke|p2|Umbreon, M|\n|poke|p2|Rotom-Wash|\n|poke|p2|Glimmora, M|\n|poke|p2|Espeon, F|\n|teampreview\n|inactive|Battle timer is ON: inactive players will automatically lose when time's up. (requested by liaoya)\n|\n|t:|1700492632\n|start\n|switch|p1a: Sandy Shocks|Sandy Shocks|100\/100\n|switch|p2a: Rotom|Rotom-Wash|100\/100\n|-enditem|p1a: Sandy Shocks|Booster Energy\n|-activate|p1a: Sandy Shocks|ability: Protosynthesis|[fromitem]\n|-start|p1a: Sandy Shocks|protosynthesisspe\n|turn|1\n|\n|t:|1700492638\n|-end|p1a: Sandy Shocks|Protosynthesis|[silent]\n|switch|p1a: Slowking|Slowking-Galar, F|100\/100\n|move|p2a: Rotom|Hydro Pump|p1a: Slowking|[miss]\n|-miss|p2a: Rotom|p1a: Slowking\n|\n|upkeep\n|turn|2\n|\n|t:|1700492642\n|switch|p2a: Espeon|Espeon, F|100\/100\n|move|p1a: Slowking|Future Sight|p2a: Espeon\n|-start|p1a: Slowking|move: Future Sight\n|\n|upkeep\n|turn|3\n|\n|t:|1700492647\n|move|p2a: Espeon|Trick|p1a: Slowking\n|-activate|p2a: Espeon|move: Trick|[of] p1a: Slowking\n|-item|p1a: Slowking|Choice Scarf|[from] move: Trick\n|-item|p2a: Espeon|Heavy-Duty Boots|[from] move: Trick\n|move|p1a: Slowking|Sludge Bomb|p2a: Espeon\n|-damage|p2a: Espeon|69\/100\n|\n|upkeep\n|turn|4\n|\n|t:|1700492656\n|move|p2a: Espeon|Psyshock|p1a: Slowking\n|-damage|p1a: Slowking|68\/100\n|move|p1a: Slowking|Sludge Bomb|p2a: Espeon\n|-damage|p2a: Espeon|36\/100\n|\n|-end|p2a: Espeon|move: Future Sight\n|-resisted|p2a: Espeon\n|-damage|p2a: Espeon|13\/100\n|upkeep\n|turn|5\n|\n|t:|1700492664\n|switch|p2a: Garganacl|Garganacl, F, shiny|100\/100\n|move|p1a: Slowking|Sludge Bomb|p2a: Garganacl\n|-resisted|p2a: Garganacl\n|-damage|p2a: Garganacl|90\/100\n|\n|-heal|p2a: Garganacl|96\/100|[from] item: Leftovers\n|upkeep\n|turn|6\n|\n|t:|1700492668\n|switch|p1a: Sandy Shocks|Sandy Shocks|100\/100\n|move|p2a: Garganacl|Salt Cure|p1a: Sandy Shocks\n|-resisted|p1a: Sandy Shocks\n|-damage|p1a: Sandy Shocks|92\/100\n|-start|p1a: Sandy Shocks|Salt Cure\n|\n|-heal|p2a: Garganacl|100\/100|[from] item: Leftovers\n|-damage|p1a: Sandy Shocks|80\/100|[from] Salt Cure\n|upkeep\n|turn|7\n|\n|t:|1700492677\n|switch|p2a: Espeon|Espeon, F|13\/100\n|move|p1a: Sandy Shocks|Earth Power|p2a: Espeon\n|-damage|p2a: Espeon|0 fnt\n|faint|p2a: Espeon\n|\n|-damage|p1a: Sandy Shocks|68\/100|[from] Salt Cure\n|upkeep\n|\n|t:|1700492681\n|switch|p2a: Rotom|Rotom-Wash|100\/100\n|turn|8\n|\n|t:|1700492688\n|move|p2a: Rotom|Hydro Pump|p1a: Sandy Shocks\n|-supereffective|p1a: Sandy Shocks\n|-damage|p1a: Sandy Shocks|0 fnt\n|faint|p1a: Sandy Shocks\n|-end|p1a: Sandy Shocks|Protosynthesis|[silent]\n|\n|upkeep\n|\n|t:|1700492693\n|switch|p1a: Slowking|Slowking-Galar, F|100\/100\n|turn|9\n|\n|t:|1700492699\n|switch|p2a: Garganacl|Garganacl, F, shiny|100\/100\n|move|p1a: Slowking|Future Sight|p2a: Garganacl\n|-start|p1a: Slowking|move: Future Sight\n|\n|upkeep\n|turn|10\n|\n|t:|1700492704\n|switch|p1a: Great Tusk|Great Tusk|100\/100\n|move|p2a: Garganacl|Salt Cure|p1a: Great Tusk\n|-resisted|p1a: Great Tusk\n|-damage|p1a: Great Tusk|98\/100\n|-start|p1a: Great Tusk|Salt Cure\n|\n|-damage|p1a: Great Tusk|86\/100|[from] Salt Cure\n|upkeep\n|turn|11\n|\n|t:|1700492711\n|-terastallize|p2a: Garganacl|Ghost\n|move|p1a: Great Tusk|Close Combat|p2a: Garganacl\n|-immune|p2a: Garganacl\n|move|p2a: Garganacl|Iron Defense|p2a: Garganacl\n|-boost|p2a: Garganacl|def|2\n|\n|-end|p2a: Garganacl|move: Future Sight\n|-damage|p2a: Garganacl|72\/100\n|-heal|p2a: Garganacl|78\/100|[from] item: Leftovers\n|-damage|p1a: Great Tusk|73\/100|[from] Salt Cure\n|upkeep\n|turn|12\n|\n|t:|1700492715\n|move|p1a: Great Tusk|Headlong Rush|p2a: Garganacl\n|-damage|p2a: Garganacl|56\/100\n|-unboost|p1a: Great Tusk|def|1\n|-unboost|p1a: Great Tusk|spd|1\n|-enditem|p1a: Great Tusk|Eject Pack\n|\n|t:|1700492722\n|-end|p1a: Great Tusk|Protosynthesis|[silent]\n|switch|p1a: Dragonite|Dragonite, F|100\/100\n|move|p2a: Garganacl|Salt Cure|p1a: Dragonite\n|-supereffective|p1a: Dragonite\n|-damage|p1a: Dragonite|85\/100\n|-start|p1a: Dragonite|Salt Cure\n|\n|-heal|p2a: Garganacl|62\/100|[from] item: Leftovers\n|-damage|p1a: Dragonite|73\/100|[from] Salt Cure\n|upkeep\n|turn|13\n|\n|t:|1700492730\n|switch|p1a: Gholdengo|Gholdengo|100\/100\n|-item|p1a: Gholdengo|Air Balloon\n|move|p2a: Garganacl|Recover|p2a: Garganacl\n|-heal|p2a: Garganacl|100\/100\n|\n|upkeep\n|turn|14\n|\n|t:|1700492736\n|move|p1a: Gholdengo|Shadow Ball|p2a: Garganacl\n|-supereffective|p2a: Garganacl\n|-damage|p2a: Garganacl|72\/100\n|-unboost|p2a: Garganacl|spd|1\n|move|p2a: Garganacl|Salt Cure|p1a: Gholdengo\n|-resisted|p1a: Gholdengo\n|-damage|p1a: Gholdengo|93\/100\n|-start|p1a: Gholdengo|Salt Cure\n|-enditem|p1a: Gholdengo|Air Balloon\n|\n|-heal|p2a: Garganacl|78\/100|[from] item: Leftovers\n|-damage|p1a: Gholdengo|68\/100|[from] Salt Cure\n|upkeep\n|turn|15\n|\n|t:|1700492744\n|switch|p1a: Dragonite|Dragonite, F|73\/100\n|switch|p2a: Umbreon|Umbreon, M, shiny|100\/100\n|\n|upkeep\n|turn|16\n|\n|t:|1700492751\n|switch|p1a: Slowking|Slowking-Galar, F|100\/100\n|move|p2a: Umbreon|Foul Play|p1a: Slowking\n|-supereffective|p1a: Slowking\n|-damage|p1a: Slowking|63\/100\n|\n|upkeep\n|turn|17\n|\n|t:|1700492756\n|switch|p2a: Garganacl|Garganacl, F, shiny, tera:Ghost|78\/100\n|move|p1a: Slowking|Sludge Bomb|p2a: Garganacl\n|-resisted|p2a: Garganacl\n|-damage|p2a: Garganacl|67\/100\n|\n|-heal|p2a: Garganacl|74\/100|[from] item: Leftovers\n|upkeep\n|turn|18\n|\n|t:|1700492760\n|switch|p1a: Dragonite|Dragonite, F|73\/100\n|move|p2a: Garganacl|Salt Cure|p1a: Dragonite\n|-supereffective|p1a: Dragonite\n|-damage|p1a: Dragonite|43\/100\n|-start|p1a: Dragonite|Salt Cure\n|\n|-heal|p2a: Garganacl|80\/100|[from] item: Leftovers\n|-damage|p1a: Dragonite|30\/100|[from] Salt Cure\n|upkeep\n|turn|19\n|-message|Jazz1234 forfeited.\n|\n|win|liaoya\n|raw|Jazz1234's rating: 1565 &rarr; <strong>1544<\/strong><br \/>(-21 for losing)\n|raw|liaoya's rating: 1549 &rarr; <strong>1570<\/strong><br \/>(+21 for winning)\n|l|\u2606Jazz1234\n","uploadtime":1700492768,"views":4,"p1id":"jazz1234","p2id":"liaoya","formatid":"gen9ou","rating":1544,"private":0,"password":""}