{"id":"gen9ou-1999702005","p1":"chaoticat","p2":"DivergeSanity","format":"[Gen 9] OU","log":"|j|\u203dchaoticat\n|j|\u2606DivergeSanity\n|t:|1701109143\n|gametype|singles\n|player|p1|chaoticat|266|1159\n|player|p2|DivergeSanity|101|1264\n|teamsize|p1|6\n|teamsize|p2|6\n|gen|9\n|tier|[Gen 9] OU\n|rated|\n|rule|Sleep Clause Mod: Limit one foe put to sleep\n|rule|Species Clause: Limit one of each Pok\u00e9mon\n|rule|OHKO Clause: OHKO moves are banned\n|rule|Evasion Items Clause: Evasion items are banned\n|rule|Evasion Moves Clause: Evasion moves are banned\n|rule|Endless Battle Clause: Forcing endless battles is banned\n|rule|HP Percentage Mod: HP is shown in percentages\n|clearpoke\n|poke|p1|Alomomola, M|\n|poke|p1|Muk-Alola, F|\n|poke|p1|Great Tusk|\n|poke|p1|Azelf|\n|poke|p1|Kingambit, M|\n|poke|p1|Iron Valiant|\n|poke|p2|Glimmora, M|\n|poke|p2|Zoroark-Hisui, M|\n|poke|p2|Zapdos|\n|poke|p2|Clefable, F|\n|poke|p2|Toxapex, M|\n|poke|p2|Meowscarada, F|\n|teampreview\n|\n|t:|1701109157\n|start\n|switch|p1a: Great Tusk|Great Tusk|100\/100\n|switch|p2a: Meowscarada|Meowscarada, F|100\/100\n|turn|1\n|\n|t:|1701109167\n|-end|p1a: Great Tusk|Protosynthesis|[silent]\n|switch|p1a: Muk|Muk-Alola, F|100\/100\n|move|p2a: Meowscarada|U-turn|p1a: Muk\n|-start|p2a: Meowscarada|typechange|Bug|[from] ability: Protean\n|-crit|p1a: Muk\n|-damage|p1a: Muk|52\/100\n|\n|t:|1701109182\n|switch|p2a: Toxapex|Toxapex, M|100\/100|[from] U-turn\n|-item|p2a: Toxapex|Air Balloon\n|\n|upkeep\n|turn|2\n|\n|t:|1701109189\n|move|p1a: Muk|Shadow Sneak|p2a: Toxapex\n|-immune|p2a: Toxapex\n|move|p2a: Toxapex|U-turn|p1a: Muk\n|-damage|p1a: Muk|35\/100\n|\n|t:|1701109195\n|switch|p2a: Meowscarada|Meowscarada, F|100\/100|[from] U-turn\n|\n|upkeep\n|turn|3\n|\n|t:|1701109203\n|switch|p1a: Alomomola|Alomomola, M|100\/100\n|move|p2a: Meowscarada|U-turn|p1a: Alomomola\n|-start|p2a: Meowscarada|typechange|Bug|[from] ability: Protean\n|-damage|p1a: Alomomola|82\/100\n|\n|t:|1701109209\n|switch|p2a: Clefable|Clefable, F|100\/100|[from] U-turn\n|\n|-status|p2a: Clefable|brn|[from] item: Flame Orb\n|upkeep\n|turn|4\n|\n|t:|1701109223\n|move|p2a: Clefable|Trick|p1a: Alomomola\n|-activate|p2a: Clefable|move: Trick|[of] p1a: Alomomola\n|-item|p1a: Alomomola|Flame Orb|[from] move: Trick\n|-item|p2a: Clefable|Heavy-Duty Boots|[from] move: Trick\n|move|p1a: Alomomola|Wish|p1a: Alomomola\n|\n|-status|p1a: Alomomola|brn|[from] item: Flame Orb\n|upkeep\n|turn|5\n|\n|t:|1701109231\n|move|p2a: Clefable|Calm Mind|p2a: Clefable\n|-boost|p2a: Clefable|spa|1\n|-boost|p2a: Clefable|spd|1\n|move|p1a: Alomomola|Flip Turn|p2a: Clefable\n|-damage|p2a: Clefable|91\/100 brn\n|\n|t:|1701109234\n|switch|p1a: Muk|Muk-Alola, F|35\/100|[from] Flip Turn\n|\n|-heal|p1a: Muk|93\/100|[from] move: Wish|[wisher] Alomomola\n|upkeep\n|turn|6\n|inactive|Battle timer is ON: inactive players will automatically lose when time's up. (requested by chaoticat)\n|\n|t:|1701109252\n|move|p2a: Clefable|Trick|p1a: Muk\n|-activate|p2a: Clefable|move: Trick|[of] p1a: Muk\n|-item|p1a: Muk|Heavy-Duty Boots|[from] move: Trick\n|-item|p2a: Clefable|Assault Vest|[from] move: Trick\n|move|p1a: Muk|Gunk Shot|p2a: Clefable\n|-supereffective|p2a: Clefable\n|-damage|p2a: Clefable|0 fnt\n|faint|p2a: Clefable\n|\n|upkeep\n|\n|t:|1701109273\n|switch|p2a: Glimmora|Glimmora, M|100\/100\n|turn|7\n|\n|t:|1701109283\n|move|p2a: Glimmora|Stealth Rock|p1a: Muk\n|-sidestart|p1: chaoticat|move: Stealth Rock\n|move|p1a: Muk|Knock Off|p2a: Glimmora\n|-damage|p2a: Glimmora|44\/100\n|-activate|p2a: Glimmora|ability: Toxic Debris\n|-sidestart|p1: chaoticat|move: Toxic Spikes\n|-enditem|p2a: Glimmora|Focus Sash|[from] move: Knock Off|[of] p1a: Muk\n|\n|upkeep\n|turn|8\n|\n|t:|1701109311\n|switch|p1a: Great Tusk|Great Tusk|100\/100\n|move|p2a: Glimmora|Spiky Shield||[still]\n|-fail|p2a: Glimmora\n|\n|upkeep\n|turn|9\n|\n|t:|1701109322\n|switch|p2a: Toxapex|Toxapex, M|100\/100\n|-item|p2a: Toxapex|Air Balloon\n|move|p1a: Great Tusk|Ice Spinner|p2a: Toxapex\n|-damage|p2a: Toxapex|42\/100\n|replace|p2a: Zoroark|Zoroark-Hisui, M\n|-end|p2a: Zoroark|Illusion\n|-enditem|p2a: Zoroark|Air Balloon\n|\n|upkeep\n|turn|10\n|\n|t:|1701109336\n|move|p2a: Zoroark|Extrasensory|p1a: Great Tusk\n|-supereffective|p1a: Great Tusk\n|-damage|p1a: Great Tusk|15\/100\n|move|p1a: Great Tusk|Ice Spinner|p2a: Zoroark\n|-damage|p2a: Zoroark|0 fnt\n|faint|p2a: Zoroark\n|\n|upkeep\n|\n|t:|1701109348\n|switch|p2a: Meowscarada|Meowscarada, F|100\/100\n|turn|11\n|\n|t:|1701109352\n|-end|p1a: Great Tusk|Protosynthesis|[silent]\n|switch|p1a: Alomomola|Alomomola, M|100\/100 brn\n|-damage|p1a: Alomomola|88\/100 brn|[from] Stealth Rock\n|move|p2a: Meowscarada|U-turn|p1a: Alomomola\n|-start|p2a: Meowscarada|typechange|Bug|[from] ability: Protean\n|-damage|p1a: Alomomola|68\/100 brn\n|\n|t:|1701109361\n|switch|p2a: Zapdos|Zapdos|100\/100|[from] U-turn\n|\n|-damage|p1a: Alomomola|62\/100 brn|[from] brn\n|upkeep\n|turn|12\n|\n|t:|1701109370\n|move|p2a: Zapdos|Volt Switch|p1a: Alomomola\n|-supereffective|p1a: Alomomola\n|-damage|p1a: Alomomola|9\/100 brn\n|\n|t:|1701109374\n|switch|p2a: Meowscarada|Meowscarada, F|100\/100|[from] Volt Switch\n|move|p1a: Alomomola|Wish|p1a: Alomomola\n|\n|-damage|p1a: Alomomola|2\/100 brn|[from] brn\n|upkeep\n|turn|13\n|\n|t:|1701109379\n|switch|p1a: Muk|Muk-Alola, F|93\/100\n|-sideend|p1: chaoticat|move: Toxic Spikes|[of] p1a: Muk\n|move|p2a: Meowscarada|Knock Off|p1a: Muk\n|-start|p2a: Meowscarada|typechange|Dark|[from] ability: Protean\n|-resisted|p1a: Muk\n|-damage|p1a: Muk|68\/100\n|-enditem|p1a: Muk|Heavy-Duty Boots|[from] move: Knock Off|[of] p2a: Meowscarada\n|\n|-heal|p1a: Muk|100\/100|[from] move: Wish|[wisher] Alomomola\n|upkeep\n|turn|14\n|\n|t:|1701109397\n|switch|p2a: Glimmora|Glimmora, M|44\/100\n|move|p1a: Muk|Drain Punch|p2a: Glimmora\n|-damage|p2a: Glimmora|16\/100\n|-activate|p2a: Glimmora|ability: Toxic Debris\n|-sidestart|p1: chaoticat|move: Toxic Spikes\n|\n|upkeep\n|turn|15\n|\n|t:|1701109412\n|move|p2a: Glimmora|Spiky Shield|p2a: Glimmora\n|-singleturn|p2a: Glimmora|move: Protect\n|move|p1a: Muk|Gunk Shot|p2a: Glimmora\n|-activate|p2a: Glimmora|move: Protect\n|\n|upkeep\n|turn|16\n|\n|t:|1701109420\n|move|p1a: Muk|Shadow Sneak|p2a: Glimmora\n|-damage|p2a: Glimmora|0 fnt\n|-activate|p2a: Glimmora|ability: Toxic Debris\n|-sidestart|p1: chaoticat|move: Toxic Spikes\n|faint|p2a: Glimmora\n|\n|upkeep\n|\n|t:|1701109424\n|switch|p2a: Meowscarada|Meowscarada, F|100\/100\n|turn|17\n|\n|t:|1701109433\n|move|p2a: Meowscarada|U-turn|p1a: Muk\n|-start|p2a: Meowscarada|typechange|Bug|[from] ability: Protean\n|-damage|p1a: Muk|63\/100\n|\n|t:|1701109437\n|switch|p2a: Zapdos|Zapdos|100\/100|[from] U-turn\n|move|p1a: Muk|Knock Off|p2a: Zapdos\n|-damage|p2a: Zapdos|67\/100\n|-damage|p1a: Muk|46\/100|[from] item: Rocky Helmet|[of] p2a: Zapdos\n|-status|p1a: Muk|par|[from] ability: Static|[of] p2a: Zapdos\n|-enditem|p2a: Zapdos|Rocky Helmet|[from] move: Knock Off|[of] p1a: Muk\n|\n|upkeep\n|turn|18\n|\n|t:|1701109447\n|move|p1a: Muk|Shadow Sneak|p2a: Zapdos\n|-damage|p2a: Zapdos|58\/100\n|move|p2a: Zapdos|Roost|p2a: Zapdos\n|-heal|p2a: Zapdos|100\/100\n|-singleturn|p2a: Zapdos|move: Roost\n|\n|upkeep\n|turn|19\n|\n|t:|1701109454\n|cant|p1a: Muk|par\n|move|p2a: Zapdos|Volt Switch|p1a: Muk\n|-damage|p1a: Muk|23\/100 par\n|\n|t:|1701109458\n|switch|p2a: Meowscarada|Meowscarada, F|100\/100|[from] Volt Switch\n|\n|upkeep\n|turn|20\n|\n|t:|1701109480\n|switch|p1a: Alomomola|Alomomola, M|36\/100 brn\n|-damage|p1a: Alomomola|23\/100 brn|[from] Stealth Rock\n|move|p2a: Meowscarada|U-turn|p1a: Alomomola\n|-start|p2a: Meowscarada|typechange|Bug|[from] ability: Protean\n|-damage|p1a: Alomomola|2\/100 brn\n|\n|t:|1701109489\n|switch|p2a: Zapdos|Zapdos|100\/100|[from] U-turn\n|\n|-damage|p1a: Alomomola|0 fnt|[from] brn\n|faint|p1a: Alomomola\n|upkeep\n|\n|t:|1701109495\n|switch|p1a: Muk|Muk-Alola, F|23\/100 par\n|-damage|p1a: Muk|10\/100 par|[from] Stealth Rock\n|-sideend|p1: chaoticat|move: Toxic Spikes|[of] p1a: Muk\n|turn|21\n|\n|t:|1701109500\n|cant|p1a: Muk|par\n|move|p2a: Zapdos|Tera Blast|p1a: Muk\n|-damage|p1a: Muk|0 fnt\n|faint|p1a: Muk\n|\n|upkeep\n|\n|t:|1701109509\n|switch|p1a: Azelf|Azelf|100\/100\n|-damage|p1a: Azelf|88\/100|[from] Stealth Rock\n|turn|22\n|\n|t:|1701109520\n|move|p1a: Azelf|Dazzling Gleam|p2a: Zapdos\n|-damage|p2a: Zapdos|73\/100\n|move|p2a: Zapdos|Volt Switch|p1a: Azelf\n|-damage|p1a: Azelf|42\/100\n|\n|t:|1701109524\n|switch|p2a: Meowscarada|Meowscarada, F|100\/100|[from] Volt Switch\n|\n|upkeep\n|turn|23\n|\n|t:|1701109537\n|-terastallize|p1a: Azelf|Fairy\n|move|p2a: Meowscarada|Knock Off|p1a: Azelf\n|-start|p2a: Meowscarada|typechange|Dark|[from] ability: Protean\n|-resisted|p1a: Azelf\n|-damage|p1a: Azelf|1\/100\n|-enditem|p1a: Azelf|Focus Sash|[from] move: Knock Off|[of] p2a: Meowscarada\n|move|p1a: Azelf|Explosion|p2a: Meowscarada\n|-damage|p2a: Meowscarada|0 fnt\n|faint|p1a: Azelf\n|faint|p2a: Meowscarada\n|\n|upkeep\n|\n|t:|1701109551\n|switch|p2a: Zapdos|Zapdos|73\/100\n|switch|p1a: Kingambit|Kingambit, M|100\/100\n|-damage|p1a: Kingambit|94\/100|[from] Stealth Rock\n|-activate|p1a: Kingambit|ability: Supreme Overlord\n|-start|p1a: Kingambit|fallen3|[silent]\n|turn|24\n|\n|t:|1701109565\n|move|p2a: Zapdos|Roost|p2a: Zapdos\n|-heal|p2a: Zapdos|100\/100\n|-singleturn|p2a: Zapdos|move: Roost\n|move|p1a: Kingambit|Kowtow Cleave|p2a: Zapdos\n|-damage|p2a: Zapdos|41\/100\n|\n|upkeep\n|turn|25\n|\n|t:|1701109574\n|move|p1a: Kingambit|Sucker Punch||[still]\n|-fail|p1a: Kingambit\n|move|p2a: Zapdos|Roost|p2a: Zapdos\n|-heal|p2a: Zapdos|92\/100\n|-singleturn|p2a: Zapdos|move: Roost\n|\n|upkeep\n|turn|26\n|\n|t:|1701109579\n|move|p2a: Zapdos|Heat Wave|p1a: Kingambit\n|-supereffective|p1a: Kingambit\n|-damage|p1a: Kingambit|46\/100\n|move|p1a: Kingambit|Kowtow Cleave|p2a: Zapdos\n|-damage|p2a: Zapdos|36\/100\n|\n|upkeep\n|turn|27\n|\n|t:|1701109591\n|move|p1a: Kingambit|Sucker Punch||[still]\n|-fail|p1a: Kingambit\n|move|p2a: Zapdos|Roost|p2a: Zapdos\n|-heal|p2a: Zapdos|86\/100\n|-singleturn|p2a: Zapdos|move: Roost\n|\n|upkeep\n|turn|28\n|\n|t:|1701109601\n|move|p1a: Kingambit|Sucker Punch|p2a: Zapdos\n|-damage|p2a: Zapdos|40\/100\n|move|p2a: Zapdos|Heat Wave|p1a: Kingambit\n|-supereffective|p1a: Kingambit\n|-damage|p1a: Kingambit|0 fnt\n|faint|p1a: Kingambit\n|-end|p1a: Kingambit|fallen3|[silent]\n|\n|upkeep\n|\n|t:|1701109605\n|switch|p1a: Iron Valiant|Iron Valiant|100\/100\n|-damage|p1a: Iron Valiant|94\/100|[from] Stealth Rock\n|-enditem|p1a: Iron Valiant|Booster Energy\n|-activate|p1a: Iron Valiant|ability: Quark Drive|[fromitem]\n|-start|p1a: Iron Valiant|quarkdrivespe\n|turn|29\n|\n|t:|1701109616\n|move|p1a: Iron Valiant|Moonblast|p2a: Zapdos\n|-damage|p2a: Zapdos|0 fnt\n|faint|p2a: Zapdos\n|\n|upkeep\n|\n|t:|1701109620\n|switch|p2a: Toxapex|Toxapex, M|100\/100\n|turn|30\n|\n|t:|1701109625\n|move|p1a: Iron Valiant|Psyshock|p2a: Toxapex\n|-supereffective|p2a: Toxapex\n|-damage|p2a: Toxapex|68\/100\n|move|p2a: Toxapex|Poison Jab|p1a: Iron Valiant\n|-supereffective|p1a: Iron Valiant\n|-crit|p1a: Iron Valiant\n|-damage|p1a: Iron Valiant|17\/100\n|\n|-heal|p2a: Toxapex|75\/100|[from] item: Black Sludge\n|upkeep\n|turn|31\n|\n|t:|1701109640\n|move|p1a: Iron Valiant|Thunderbolt|p2a: Toxapex\n|-supereffective|p2a: Toxapex\n|-damage|p2a: Toxapex|21\/100\n|-status|p2a: Toxapex|par\n|cant|p2a: Toxapex|par\n|\n|-heal|p2a: Toxapex|27\/100 par|[from] item: Black Sludge\n|upkeep\n|turn|32\n|\n|t:|1701109649\n|move|p1a: Iron Valiant|Thunderbolt|p2a: Toxapex\n|-supereffective|p2a: Toxapex\n|-damage|p2a: Toxapex|0 fnt\n|faint|p2a: Toxapex\n|\n|win|chaoticat\n|raw|chaoticat's rating: 1159 &rarr; <strong>1191<\/strong><br \/>(+32 for winning)\n|raw|DivergeSanity's rating: 1264 &rarr; <strong>1232<\/strong><br \/>(-32 for losing)\n|c|\u2606DivergeSanity|wow\n|c|\u2606DivergeSanity|GG lol\n","uploadtime":1701109658,"views":2,"p1id":"chaoticat","p2id":"divergesanity","formatid":"gen9ou","rating":1191,"private":0,"password":""}