{"id":"gen9ou-1996161955","p1":"NoobNpc_69","p2":"Blurred Ace","format":"[Gen 9] OU","log":"|j|\u2606NoobNpc_69\n|j|\u2606Blurred Ace\n|t:|1700653337\n|gametype|singles\n|player|p1|NoobNpc_69|unknown|1585\n|player|p2|Blurred Ace|gambler|1539\n|teamsize|p1|6\n|teamsize|p2|6\n|gen|9\n|tier|[Gen 9] OU\n|rated|\n|rule|Sleep Clause Mod: Limit one foe put to sleep\n|rule|Species Clause: Limit one of each Pok\u00e9mon\n|rule|OHKO Clause: OHKO moves are banned\n|rule|Evasion Items Clause: Evasion items are banned\n|rule|Evasion Moves Clause: Evasion moves are banned\n|rule|Endless Battle Clause: Forcing endless battles is banned\n|rule|HP Percentage Mod: HP is shown in percentages\n|clearpoke\n|poke|p1|Gengar, F|\n|poke|p1|Heatran, M|\n|poke|p1|Kingambit, F|\n|poke|p1|Alomomola, F|\n|poke|p1|Zapdos|\n|poke|p1|Rillaboom, F|\n|poke|p2|Dragapult, M|\n|poke|p2|Scizor, M|\n|poke|p2|Samurott-Hisui, M|\n|poke|p2|Great Tusk|\n|poke|p2|Slowking, M|\n|poke|p2|Garganacl, M|\n|teampreview\n|inactive|Battle timer is ON: inactive players will automatically lose when time's up. (requested by NoobNpc_69)\n|\n|t:|1700653350\n|start\n|switch|p1a: Zapdos|Zapdos|100\/100\n|switch|p2a: Scizor|Scizor, M|100\/100\n|turn|1\n|\n|t:|1700653354\n|move|p1a: Zapdos|Volt Switch|p2a: Scizor\n|-damage|p2a: Scizor|69\/100\n|\n|t:|1700653365\n|switch|p1a: Heatran|Heatran, M|100\/100|[from] Volt Switch\n|move|p2a: Scizor|Knock Off|p1a: Heatran\n|-damage|p1a: Heatran|55\/100\n|-enditem|p1a: Heatran|Leftovers|[from] move: Knock Off|[of] p2a: Scizor\n|\n|upkeep\n|turn|2\n|\n|t:|1700653371\n|switch|p2a: Slowking|Slowking, M|100\/100\n|move|p1a: Heatran|Magma Storm|p2a: Slowking\n|-resisted|p2a: Slowking\n|-damage|p2a: Slowking|87\/100\n|-activate|p2a: Slowking|move: Magma Storm|[of] p1a: Heatran\n|\n|-heal|p2a: Slowking|93\/100|[from] item: Leftovers\n|-damage|p2a: Slowking|81\/100|[from] move: Magma Storm|[partiallytrapped]\n|upkeep\n|turn|3\n|\n|t:|1700653378\n|switch|p1a: Alomomola|Alomomola, F|100\/100\n|move|p2a: Slowking|Scald|p1a: Alomomola\n|-resisted|p1a: Alomomola\n|-damage|p1a: Alomomola|84\/100\n|-status|p1a: Alomomola|brn\n|\n|-heal|p2a: Slowking|87\/100|[from] item: Leftovers\n|-damage|p1a: Alomomola|77\/100 brn|[from] brn\n|-end|p2a: Slowking|Magma Storm|[partiallytrapped]|[silent]\n|upkeep\n|turn|4\n|\n|t:|1700653383\n|move|p1a: Alomomola|Flip Turn|p2a: Slowking\n|-resisted|p2a: Slowking\n|-damage|p2a: Slowking|83\/100\n|\n|t:|1700653396\n|switch|p1a: Rillaboom|Rillaboom, F|100\/100|[from] Flip Turn\n|-fieldstart|move: Grassy Terrain|[from] ability: Grassy Surge|[of] p1a: Rillaboom\n|move|p2a: Slowking|Chilly Reception|p2a: Slowking\n|-weather|Snow\n|\n|t:|1700653400\n|switch|p2a: Scizor|Scizor, M|69\/100|[from] Chilly Reception\n|\n|-weather|Snow|[upkeep]\n|-heal|p2a: Scizor|75\/100|[from] Grassy Terrain\n|upkeep\n|turn|5\n|\n|t:|1700653404\n|switch|p1a: Heatran|Heatran, M|55\/100\n|move|p2a: Scizor|U-turn|p1a: Heatran\n|-resisted|p1a: Heatran\n|-damage|p1a: Heatran|42\/100\n|\n|t:|1700653409\n|switch|p2a: Slowking|Slowking, M|100\/100|[from] U-turn\n|\n|-weather|Snow|[upkeep]\n|-heal|p1a: Heatran|48\/100|[from] Grassy Terrain\n|upkeep\n|turn|6\n|\n|t:|1700653418\n|move|p1a: Heatran|Stealth Rock|p2a: Slowking\n|-sidestart|p2: Blurred Ace|move: Stealth Rock\n|move|p2a: Slowking|Future Sight|p1a: Heatran\n|-start|p2a: Slowking|move: Future Sight\n|\n|-weather|Snow|[upkeep]\n|-heal|p1a: Heatran|54\/100|[from] Grassy Terrain\n|upkeep\n|turn|7\n|\n|t:|1700653423\n|switch|p1a: Alomomola|Alomomola, F|100\/100 brn\n|move|p2a: Slowking|Scald|p1a: Alomomola\n|-resisted|p1a: Alomomola\n|-damage|p1a: Alomomola|83\/100 brn\n|\n|-weather|Snow|[upkeep]\n|-heal|p1a: Alomomola|89\/100 brn|[from] Grassy Terrain\n|-damage|p1a: Alomomola|83\/100 brn|[from] brn\n|upkeep\n|turn|8\n|\n|t:|1700653426\n|move|p1a: Alomomola|Wish|p1a: Alomomola\n|move|p2a: Slowking|Chilly Reception|p2a: Slowking\n|\n|t:|1700653435\n|switch|p2a: Dragapult|Dragapult, M|100\/100|[from] Chilly Reception\n|\n|-weather|none\n|-end|p1a: Alomomola|move: Future Sight\n|-damage|p1a: Alomomola|36\/100 brn\n|-heal|p1a: Alomomola|42\/100 brn|[from] Grassy Terrain\n|-damage|p1a: Alomomola|36\/100 brn|[from] brn\n|-fieldend|move: Grassy Terrain\n|upkeep\n|turn|9\n|\n|t:|1700653440\n|move|p1a: Alomomola|Protect|p1a: Alomomola\n|-singleturn|p1a: Alomomola|Protect\n|move|p2a: Dragapult|Hex|p1a: Alomomola\n|-activate|p1a: Alomomola|move: Protect\n|\n|-heal|p1a: Alomomola|86\/100 brn|[from] move: Wish|[wisher] Alomomola\n|-damage|p1a: Alomomola|80\/100 brn|[from] brn\n|upkeep\n|turn|10\n|\n|t:|1700653448\n|switch|p1a: Rillaboom|Rillaboom, F|100\/100\n|-fieldstart|move: Grassy Terrain|[from] ability: Grassy Surge|[of] p1a: Rillaboom\n|move|p2a: Dragapult|Will-O-Wisp|p1a: Rillaboom\n|-status|p1a: Rillaboom|brn\n|\n|-damage|p1a: Rillaboom|94\/100 brn|[from] brn\n|upkeep\n|turn|11\n|-message|NoobNpc_69 forfeited.\n|\n|win|Blurred Ace\n|raw|NoobNpc_69's rating: 1585 &rarr; <strong>1562<\/strong><br \/>(-23 for losing)\n|raw|Blurred Ace's rating: 1539 &rarr; <strong>1562<\/strong><br \/>(+23 for winning)\n|l|\u2606NoobNpc_69\n","uploadtime":1700653458,"views":7,"p1id":"noobnpc69","p2id":"blurredace","formatid":"gen9ou","rating":1562,"private":0,"password":""}