{"id":"gen9ou-1997109438","p1":"CDfromtheP","p2":"rainheimer","format":"[Gen 9] OU","log":"|j|\u2606CDfromtheP\n|j|\u2606rainheimer\n|t:|1700765441\n|gametype|singles\n|player|p1|CDfromtheP|blackbelt-gen2|1470\n|player|p2|rainheimer|170|1562\n|teamsize|p1|6\n|teamsize|p2|6\n|gen|9\n|tier|[Gen 9] OU\n|rated|\n|rule|Sleep Clause Mod: Limit one foe put to sleep\n|rule|Species Clause: Limit one of each Pok\u00e9mon\n|rule|OHKO Clause: OHKO moves are banned\n|rule|Evasion Items Clause: Evasion items are banned\n|rule|Evasion Moves Clause: Evasion moves are banned\n|rule|Endless Battle Clause: Forcing endless battles is banned\n|rule|HP Percentage Mod: HP is shown in percentages\n|clearpoke\n|poke|p1|Walking Wake|\n|poke|p1|Gholdengo|\n|poke|p1|Glimmora, F|\n|poke|p1|Rillaboom, M|\n|poke|p1|Kingambit, M|\n|poke|p1|Iron Moth|\n|poke|p2|Samurott-Hisui, M|\n|poke|p2|Pelipper, F|\n|poke|p2|Zapdos|\n|poke|p2|Scizor, M|\n|poke|p2|Barraskewda, M|\n|poke|p2|Amoonguss, M|\n|teampreview\n|inactive|Battle timer is ON: inactive players will automatically lose when time's up. (requested by CDfromtheP)\n|\n|t:|1700765461\n|start\n|switch|p1a: Glimmora|Glimmora, F|100\/100\n|switch|p2a: Barraskewda|Barraskewda, M|100\/100\n|turn|1\n|\n|t:|1700765468\n|move|p2a: Barraskewda|Flip Turn|p1a: Glimmora\n|-supereffective|p1a: Glimmora\n|-enditem|p1a: Glimmora|Focus Sash\n|-damage|p1a: Glimmora|1\/100\n|-activate|p1a: Glimmora|ability: Toxic Debris\n|-sidestart|p2: rainheimer|move: Toxic Spikes\n|\n|t:|1700765479\n|switch|p2a: Amoonguss|Amoonguss, M|100\/100|[from] Flip Turn\n|-sideend|p2: rainheimer|move: Toxic Spikes|[of] p2a: Amoonguss\n|move|p1a: Glimmora|Stealth Rock|p2a: Amoonguss\n|-sidestart|p2: rainheimer|move: Stealth Rock\n|\n|upkeep\n|turn|2\n|\n|t:|1700765488\n|switch|p1a: Gholdengo|Gholdengo|100\/100\n|-item|p1a: Gholdengo|Air Balloon\n|move|p2a: Amoonguss|Giga Drain|p1a: Gholdengo\n|-resisted|p1a: Gholdengo\n|-damage|p1a: Gholdengo|84\/100\n|-enditem|p1a: Gholdengo|Air Balloon\n|\n|upkeep\n|turn|3\n|\n|t:|1700765502\n|move|p1a: Gholdengo|Shadow Ball|p2a: Amoonguss\n|-damage|p2a: Amoonguss|69\/100\n|move|p2a: Amoonguss|Foul Play|p1a: Gholdengo\n|-supereffective|p1a: Gholdengo\n|-damage|p1a: Gholdengo|69\/100\n|\n|upkeep\n|turn|4\n|\n|t:|1700765510\n|switch|p2a: Samurott|Samurott-Hisui, M|100\/100\n|-damage|p2a: Samurott|88\/100|[from] Stealth Rock\n|move|p1a: Gholdengo|Recover|p1a: Gholdengo\n|-heal|p1a: Gholdengo|100\/100\n|\n|upkeep\n|turn|5\n|\n|t:|1700765525\n|switch|p1a: Rillaboom|Rillaboom, M|100\/100\n|move|p2a: Samurott|Ceaseless Edge|p1a: Rillaboom|[miss]\n|-miss|p2a: Samurott|p1a: Rillaboom\n|\n|upkeep\n|turn|6\n|c|\u2606CDfromtheP|oh\n|c|\u2606rainheimer|yeah\n|inactive|CDfromtheP has 120 seconds left.\n|\n|t:|1700765551\n|switch|p2a: Amoonguss|Amoonguss, M|100\/100\n|-damage|p2a: Amoonguss|88\/100|[from] Stealth Rock\n|move|p1a: Rillaboom|U-turn|p2a: Amoonguss\n|-damage|p2a: Amoonguss|49\/100\n|-damage|p1a: Rillaboom|84\/100|[from] item: Rocky Helmet|[of] p2a: Amoonguss\n|inactive|CDfromtheP has 120 seconds left.\n|\n|t:|1700765564\n|switch|p1a: Iron Moth|Iron Moth|100\/100|[from] U-turn\n|-enditem|p1a: Iron Moth|Booster Energy\n|-activate|p1a: Iron Moth|ability: Quark Drive|[fromitem]\n|-start|p1a: Iron Moth|quarkdrivespe\n|\n|upkeep\n|turn|7\n|\n|t:|1700765572\n|switch|p2a: Pelipper|Pelipper, F|100\/100\n|-damage|p2a: Pelipper|76\/100|[from] Stealth Rock\n|-weather|RainDance|[from] ability: Drizzle|[of] p2a: Pelipper\n|move|p1a: Iron Moth|Fiery Dance|p2a: Pelipper\n|-resisted|p2a: Pelipper\n|-damage|p2a: Pelipper|61\/100\n|\n|-weather|RainDance|[upkeep]\n|upkeep\n|turn|8\n|\n|t:|1700765578\n|switch|p2a: Scizor|Scizor, M|100\/100\n|-damage|p2a: Scizor|88\/100|[from] Stealth Rock\n|move|p1a: Iron Moth|Sludge Wave|p2a: Scizor\n|-immune|p2a: Scizor\n|\n|-weather|RainDance|[upkeep]\n|upkeep\n|turn|9\n|\n|t:|1700765582\n|switch|p2a: Barraskewda|Barraskewda, M|100\/100\n|-damage|p2a: Barraskewda|88\/100|[from] Stealth Rock\n|move|p1a: Iron Moth|Fiery Dance|p2a: Barraskewda\n|-resisted|p2a: Barraskewda\n|-damage|p2a: Barraskewda|64\/100\n|-boost|p1a: Iron Moth|spa|1\n|\n|-weather|RainDance|[upkeep]\n|upkeep\n|turn|10\n|\n|t:|1700765588\n|move|p2a: Barraskewda|Flip Turn|p1a: Iron Moth\n|-supereffective|p1a: Iron Moth\n|-damage|p1a: Iron Moth|0 fnt\n|faint|p1a: Iron Moth\n|-end|p1a: Iron Moth|Quark Drive|[silent]\n|-message|CDfromtheP forfeited.\n|\n|win|rainheimer\n|raw|CDfromtheP's rating: 1470 &rarr; <strong>1455<\/strong><br \/>(-15 for losing)\n|raw|rainheimer's rating: 1562 &rarr; <strong>1577<\/strong><br \/>(+15 for winning)\n|l|\u2606CDfromtheP\n","uploadtime":1700765656,"views":11,"p1id":"cdfromthep","p2id":"rainheimer","formatid":"gen9ou","rating":1455,"private":0,"password":""}