{"id":"gen9ou-1989250087","p1":"bennymbs","p2":"yung taco","format":"[Gen 9] OU","log":"|j|\u2606bennymbs\n|j|\u2606yung taco\n|t:|1699827999\n|gametype|singles\n|player|p1|bennymbs|mina|1426\n|player|p2|yung taco|backersf|1420\n|teamsize|p1|6\n|teamsize|p2|6\n|gen|9\n|tier|[Gen 9] OU\n|rated|\n|rule|Sleep Clause Mod: Limit one foe put to sleep\n|rule|Species Clause: Limit one of each Pok\u00e9mon\n|rule|OHKO Clause: OHKO moves are banned\n|rule|Evasion Items Clause: Evasion items are banned\n|rule|Evasion Moves Clause: Evasion moves are banned\n|rule|Endless Battle Clause: Forcing endless battles is banned\n|rule|HP Percentage Mod: HP is shown in percentages\n|clearpoke\n|poke|p1|Rillaboom, F|\n|poke|p1|Sneasler, F|\n|poke|p1|Great Tusk|\n|poke|p1|Kingambit, M|\n|poke|p1|Manaphy|\n|poke|p1|Heatran, M|\n|poke|p2|Iron Jugulis|\n|poke|p2|Ogerpon-Wellspring, F|\n|poke|p2|Tinkaton, F|\n|poke|p2|Iron Moth|\n|poke|p2|Great Tusk|\n|poke|p2|Dragapult, F|\n|teampreview\n|inactive|Battle timer is ON: inactive players will automatically lose when time's up. (requested by yung taco)\n|inactive|bennymbs also wants the timer to be on.\n|inactive|yung taco has 120 seconds left.\n|\n|t:|1699828035\n|start\n|switch|p1a: SOUNDCLOUD RAPPER|Rillaboom, F|100\/100\n|switch|p2a: Iron Jugulis|Iron Jugulis|100\/100\n|-fieldstart|move: Grassy Terrain|[from] ability: Grassy Surge|[of] p1a: SOUNDCLOUD RAPPER\n|-enditem|p2a: Iron Jugulis|Booster Energy\n|-activate|p2a: Iron Jugulis|ability: Quark Drive|[fromitem]\n|-start|p2a: Iron Jugulis|quarkdrivespe\n|turn|1\n|\n|t:|1699828065\n|switch|p1a: FIRE FROG|Heatran, M|100\/100\n|-item|p1a: FIRE FROG|Air Balloon\n|move|p2a: Iron Jugulis|Hurricane|p1a: FIRE FROG|[miss]\n|-miss|p2a: Iron Jugulis|p1a: FIRE FROG\n|\n|upkeep\n|turn|2\n|\n|t:|1699828079\n|move|p2a: Iron Jugulis|Knock Off|p1a: FIRE FROG\n|-damage|p1a: FIRE FROG|76\/100\n|-enditem|p1a: FIRE FROG|Air Balloon\n|move|p1a: FIRE FROG|Magma Storm|p2a: Iron Jugulis\n|-damage|p2a: Iron Jugulis|36\/100\n|-activate|p2a: Iron Jugulis|move: Magma Storm|[of] p1a: FIRE FROG\n|\n|-heal|p1a: FIRE FROG|82\/100|[from] Grassy Terrain\n|-damage|p2a: Iron Jugulis|24\/100|[from] move: Magma Storm|[partiallytrapped]\n|upkeep\n|turn|3\n|\n|t:|1699828094\n|move|p2a: Iron Jugulis|Earth Power|p1a: FIRE FROG\n|-supereffective|p1a: FIRE FROG\n|-damage|p1a: FIRE FROG|11\/100\n|move|p1a: FIRE FROG|Magma Storm|p2a: Iron Jugulis\n|-damage|p2a: Iron Jugulis|0 fnt\n|faint|p2a: Iron Jugulis\n|-end|p2a: Iron Jugulis|Quark Drive|[silent]\n|\n|-heal|p1a: FIRE FROG|17\/100|[from] Grassy Terrain\n|upkeep\n|\n|t:|1699828106\n|switch|p2a: Ogerpon|Ogerpon-Wellspring, F|100\/100\n|turn|4\n|inactive|bennymbs has 120 seconds left.\n|\n|t:|1699828136\n|switch|p1a: SOUNDCLOUD RAPPER|Rillaboom, F|100\/100\n|move|p2a: Ogerpon|Spikes|p1a: SOUNDCLOUD RAPPER\n|-sidestart|p1: bennymbs|Spikes\n|\n|upkeep\n|turn|5\n|\n|t:|1699828145\n|switch|p2a: Great Tusk|Great Tusk|100\/100\n|-enditem|p2a: Great Tusk|Booster Energy\n|-activate|p2a: Great Tusk|ability: Protosynthesis|[fromitem]\n|-start|p2a: Great Tusk|protosynthesisspe\n|move|p1a: SOUNDCLOUD RAPPER|U-turn|p2a: Great Tusk\n|-resisted|p2a: Great Tusk\n|-crit|p2a: Great Tusk\n|-damage|p2a: Great Tusk|84\/100\n|\n|t:|1699828153\n|switch|p1a: Manaphy|Manaphy|100\/100|[from] U-turn\n|-damage|p1a: Manaphy|88\/100|[from] Spikes\n|\n|-heal|p2a: Great Tusk|90\/100|[from] Grassy Terrain\n|-heal|p1a: Manaphy|94\/100|[from] Grassy Terrain\n|-heal|p1a: Manaphy|100\/100|[from] item: Leftovers\n|-fieldend|move: Grassy Terrain\n|upkeep\n|turn|6\n|inactive|yung taco has 120 seconds left.\n|\n|t:|1699828195\n|move|p2a: Great Tusk|Bulk Up|p2a: Great Tusk\n|-boost|p2a: Great Tusk|atk|1\n|-boost|p2a: Great Tusk|def|1\n|move|p1a: Manaphy|Acid Armor|p1a: Manaphy\n|-boost|p1a: Manaphy|def|2\n|\n|upkeep\n|turn|7\n|\n|t:|1699828208\n|move|p2a: Great Tusk|Headlong Rush|p1a: Manaphy\n|-damage|p1a: Manaphy|66\/100\n|-unboost|p2a: Great Tusk|def|1\n|-unboost|p2a: Great Tusk|spd|1\n|move|p1a: Manaphy|Scald|p2a: Great Tusk\n|-supereffective|p2a: Great Tusk\n|-damage|p2a: Great Tusk|0 fnt\n|faint|p2a: Great Tusk\n|-end|p2a: Great Tusk|Protosynthesis|[silent]\n|\n|-heal|p1a: Manaphy|72\/100|[from] item: Leftovers\n|upkeep\n|\n|t:|1699828218\n|switch|p2a: Dragapult|Dragapult, F|100\/100\n|turn|8\n|\n|t:|1699828226\n|-terastallize|p1a: Manaphy|Fairy\n|move|p2a: Dragapult|Thunderbolt|p1a: Manaphy\n|-damage|p1a: Manaphy|36\/100\n|move|p1a: Manaphy|Take Heart|p1a: Manaphy\n|-boost|p1a: Manaphy|spa|1\n|-boost|p1a: Manaphy|spd|1\n|\n|-heal|p1a: Manaphy|43\/100|[from] item: Leftovers\n|upkeep\n|turn|9\n|\n|t:|1699828236\n|switch|p2a: TWINKATON|Tinkaton, F|100\/100\n|-item|p2a: TWINKATON|Air Balloon\n|move|p1a: Manaphy|Stored Power|p2a: TWINKATON\n|-resisted|p2a: TWINKATON\n|-damage|p2a: TWINKATON|85\/100\n|-enditem|p2a: TWINKATON|Air Balloon\n|\n|-heal|p1a: Manaphy|49\/100|[from] item: Leftovers\n|upkeep\n|turn|10\n|\n|t:|1699828249\n|move|p1a: Manaphy|Scald|p2a: TWINKATON\n|-damage|p2a: TWINKATON|48\/100\n|move|p2a: TWINKATON|Encore|p1a: Manaphy\n|-start|p1a: Manaphy|Encore\n|\n|-heal|p1a: Manaphy|55\/100|[from] item: Leftovers\n|upkeep\n|turn|11\n|\n|t:|1699828258\n|switch|p1a: SOUNDCLOUD RAPPER|Rillaboom, F|100\/100\n|-damage|p1a: SOUNDCLOUD RAPPER|88\/100|[from] Spikes\n|-fieldstart|move: Grassy Terrain|[from] ability: Grassy Surge|[of] p1a: SOUNDCLOUD RAPPER\n|switch|p2a: Ogerpon|Ogerpon-Wellspring, F|100\/100\n|\n|-heal|p1a: SOUNDCLOUD RAPPER|94\/100|[from] Grassy Terrain\n|upkeep\n|turn|12\n|\n|t:|1699828264\n|switch|p2a: Iron Moth|Iron Moth|100\/100\n|-enditem|p2a: Iron Moth|Booster Energy\n|-activate|p2a: Iron Moth|ability: Quark Drive|[fromitem]\n|-start|p2a: Iron Moth|quarkdrivespe\n|move|p1a: SOUNDCLOUD RAPPER|U-turn|p2a: Iron Moth\n|-resisted|p2a: Iron Moth\n|-damage|p2a: Iron Moth|88\/100\n|\n|t:|1699828275\n|switch|p1a: FIRE FROG|Heatran, M|17\/100|[from] U-turn\n|-damage|p1a: FIRE FROG|4\/100|[from] Spikes\n|\n|-heal|p2a: Iron Moth|94\/100|[from] Grassy Terrain\n|-heal|p1a: FIRE FROG|11\/100|[from] Grassy Terrain\n|upkeep\n|turn|13\n|\n|t:|1699828289\n|move|p2a: Iron Moth|Psychic|p1a: FIRE FROG\n|-resisted|p1a: FIRE FROG\n|-damage|p1a: FIRE FROG|2\/100\n|move|p1a: FIRE FROG|Earth Power|p2a: Iron Moth\n|-supereffective|p2a: Iron Moth\n|-damage|p2a: Iron Moth|0 fnt\n|faint|p2a: Iron Moth\n|-end|p2a: Iron Moth|Quark Drive|[silent]\n|\n|-heal|p1a: FIRE FROG|8\/100|[from] Grassy Terrain\n|upkeep\n|c|\u2606bennymbs|Hilarious\n|-message|yung taco forfeited.\n|\n|win|bennymbs\n|raw|bennymbs's rating: 1426 &rarr; <strong>1446<\/strong><br \/>(+20 for winning)\n|raw|yung taco's rating: 1420 &rarr; <strong>1400<\/strong><br \/>(-20 for losing)\n|l|\u2606yung taco\n","uploadtime":1699828323,"views":9,"p1id":"bennymbs","p2id":"yungtaco","formatid":"gen9ou","rating":1400,"private":0,"password":""}