{"id":"gen9ou-1996589834","p1":"Gwljigglypuff","p2":"hameed425","format":"[Gen 9] OU","log":"|j|\u2606Gwljigglypuff\n|j|\u2606hameed425\n|t:|1700697805\n|gametype|singles\n|player|p1|Gwljigglypuff|lillie|1383\n|player|p2|hameed425|101|1397\n|teamsize|p1|6\n|teamsize|p2|6\n|gen|9\n|tier|[Gen 9] OU\n|rated|\n|rule|Sleep Clause Mod: Limit one foe put to sleep\n|rule|Species Clause: Limit one of each Pok\u00e9mon\n|rule|OHKO Clause: OHKO moves are banned\n|rule|Evasion Items Clause: Evasion items are banned\n|rule|Evasion Moves Clause: Evasion moves are banned\n|rule|Endless Battle Clause: Forcing endless battles is banned\n|rule|HP Percentage Mod: HP is shown in percentages\n|clearpoke\n|poke|p1|Ribombee, F|\n|poke|p1|Gholdengo|\n|poke|p1|Great Tusk|\n|poke|p1|Kingambit, F|\n|poke|p1|Iron Valiant|\n|poke|p1|Ogerpon-Wellspring, F|\n|poke|p2|Grimmsnarl, M|\n|poke|p2|Dragapult, M|\n|poke|p2|Manaphy|\n|poke|p2|Jirachi|\n|poke|p2|Ditto|\n|poke|p2|Kingambit, M|\n|teampreview\n|\n|t:|1700697815\n|start\n|switch|p1a: Cheese|Gholdengo|100\/100\n|switch|p2a: Grimmsnarl|Grimmsnarl, M|100\/100\n|-item|p1a: Cheese|Air Balloon\n|turn|1\n|\n|t:|1700697829\n|move|p2a: Grimmsnarl|Light Screen|p2a: Grimmsnarl\n|-sidestart|p2: hameed425|move: Light Screen\n|move|p1a: Cheese|Nasty Plot|p1a: Cheese\n|-boost|p1a: Cheese|spa|2\n|\n|upkeep\n|turn|2\n|\n|t:|1700697843\n|move|p2a: Grimmsnarl|Reflect|p2a: Grimmsnarl\n|-sidestart|p2: hameed425|Reflect\n|move|p1a: Cheese|Shadow Ball|p2a: Grimmsnarl\n|-resisted|p2a: Grimmsnarl\n|-damage|p2a: Grimmsnarl|78\/100\n|\n|upkeep\n|turn|3\n|\n|t:|1700697849\n|move|p2a: Grimmsnarl|Spirit Break|p1a: Cheese\n|-resisted|p1a: Cheese\n|-damage|p1a: Cheese|87\/100\n|-unboost|p1a: Cheese|spa|1\n|-enditem|p1a: Cheese|Air Balloon\n|move|p1a: Cheese|Make It Rain|p2a: Grimmsnarl\n|-supereffective|p2a: Grimmsnarl\n|-damage|p2a: Grimmsnarl|0 fnt\n|-unboost|p1a: Cheese|spa|1\n|faint|p2a: Grimmsnarl\n|\n|upkeep\n|\n|t:|1700697859\n|switch|p2a: Manaphy|Manaphy|100\/100\n|turn|4\n|\n|t:|1700697868\n|switch|p1a: Gyro|Iron Valiant, shiny|100\/100\n|-enditem|p1a: Gyro|Booster Energy\n|-activate|p1a: Gyro|ability: Quark Drive|[fromitem]\n|-start|p1a: Gyro|quarkdrivespe\n|move|p2a: Manaphy|Take Heart|p2a: Manaphy\n|-boost|p2a: Manaphy|spa|1\n|-boost|p2a: Manaphy|spd|1\n|\n|upkeep\n|turn|5\n|\n|t:|1700697879\n|-terastallize|p2a: Manaphy|Poison\n|move|p1a: Gyro|Encore|p2a: Manaphy\n|-start|p2a: Manaphy|Encore\n|move|p2a: Manaphy|Take Heart|p2a: Manaphy\n|-boost|p2a: Manaphy|spa|1\n|-boost|p2a: Manaphy|spd|1\n|\n|upkeep\n|turn|6\n|\n|t:|1700697888\n|switch|p2a: Kingambit|Kingambit, M|100\/100\n|-activate|p2a: Kingambit|ability: Supreme Overlord\n|-start|p2a: Kingambit|fallen1|[silent]\n|move|p1a: Gyro|Calm Mind|p1a: Gyro\n|-boost|p1a: Gyro|spa|1\n|-boost|p1a: Gyro|spd|1\n|\n|upkeep\n|turn|7\n|\n|t:|1700697906\n|-terastallize|p1a: Gyro|Water\n|move|p1a: Gyro|Calm Mind|p1a: Gyro\n|-boost|p1a: Gyro|spa|1\n|-boost|p1a: Gyro|spd|1\n|move|p2a: Kingambit|Iron Head|p1a: Gyro\n|-resisted|p1a: Gyro\n|-damage|p1a: Gyro|70\/100\n|\n|upkeep\n|turn|8\n|\n|t:|1700697920\n|move|p1a: Gyro|Encore|p2a: Kingambit\n|-start|p2a: Kingambit|Encore\n|move|p2a: Kingambit|Iron Head|p1a: Gyro\n|-resisted|p1a: Gyro\n|-damage|p1a: Gyro|35\/100\n|\n|-sideend|p2: hameed425|move: Light Screen\n|upkeep\n|turn|9\n|\n|t:|1700697944\n|move|p1a: Gyro|Moonblast|p2a: Kingambit\n|-damage|p2a: Kingambit|0 fnt\n|faint|p2a: Kingambit\n|-end|p2a: Kingambit|fallen1|[silent]\n|\n|-sideend|p2: hameed425|Reflect\n|upkeep\n|\n|t:|1700697967\n|switch|p2a: Ditto|Ditto|100\/100\n|-transform|p2a: Ditto|p1a: Gyro|[from] ability: Imposter\n|-start|p2a: Ditto|typechange|Fairy\/Fighting|[silent]\n|turn|10\n|\n|t:|1700697983\n|move|p1a: Gyro|Moonblast|p2a: Ditto\n|-supereffective|p2a: Ditto\n|-damage|p2a: Ditto|0 fnt\n|faint|p2a: Ditto\n|-end|p2a: Ditto|Quark Drive|[silent]\n|\n|upkeep\n|\n|t:|1700697989\n|switch|p2a: Jirachi|Jirachi|100\/100\n|turn|11\n|\n|t:|1700697993\n|move|p1a: Gyro|Moonblast|p2a: Jirachi\n|-resisted|p2a: Jirachi\n|-damage|p2a: Jirachi|64\/100\n|-unboost|p2a: Jirachi|spa|1\n|move|p2a: Jirachi|Cosmic Power|p2a: Jirachi\n|-boost|p2a: Jirachi|def|1\n|-boost|p2a: Jirachi|spd|1\n|\n|-heal|p2a: Jirachi|70\/100|[from] item: Leftovers\n|upkeep\n|turn|12\n|\n|t:|1700698054\n|move|p1a: Gyro|Encore|p2a: Jirachi\n|-start|p2a: Jirachi|Encore\n|move|p2a: Jirachi|Cosmic Power|p2a: Jirachi\n|-boost|p2a: Jirachi|def|1\n|-boost|p2a: Jirachi|spd|1\n|\n|-heal|p2a: Jirachi|76\/100|[from] item: Leftovers\n|upkeep\n|turn|13\n|\n|t:|1700698076\n|-end|p1a: Gyro|Quark Drive|[silent]\n|switch|p1a: Cheese|Gholdengo|87\/100\n|move|p2a: Jirachi|Cosmic Power|p2a: Jirachi\n|-boost|p2a: Jirachi|def|1\n|-boost|p2a: Jirachi|spd|1\n|\n|-heal|p2a: Jirachi|83\/100|[from] item: Leftovers\n|upkeep\n|turn|14\n|\n|t:|1700698085\n|move|p2a: Jirachi|Cosmic Power|p2a: Jirachi\n|-boost|p2a: Jirachi|def|1\n|-boost|p2a: Jirachi|spd|1\n|move|p1a: Cheese|Nasty Plot|p1a: Cheese\n|-boost|p1a: Cheese|spa|2\n|\n|-heal|p2a: Jirachi|89\/100|[from] item: Leftovers\n|-end|p2a: Jirachi|Encore\n|upkeep\n|turn|15\n|\n|t:|1700698099\n|move|p2a: Jirachi|Cosmic Power|p2a: Jirachi\n|-boost|p2a: Jirachi|def|1\n|-boost|p2a: Jirachi|spd|1\n|move|p1a: Cheese|Shadow Ball|p2a: Jirachi\n|-supereffective|p2a: Jirachi\n|-damage|p2a: Jirachi|54\/100\n|\n|-heal|p2a: Jirachi|60\/100|[from] item: Leftovers\n|upkeep\n|turn|16\n|\n|t:|1700698108\n|move|p2a: Jirachi|Stored Power|p1a: Cheese\n|-resisted|p1a: Cheese\n|-damage|p1a: Cheese|62\/100\n|move|p1a: Cheese|Nasty Plot|p1a: Cheese\n|-boost|p1a: Cheese|spa|2\n|\n|-heal|p2a: Jirachi|67\/100|[from] item: Leftovers\n|upkeep\n|turn|17\n|\n|t:|1700698119\n|move|p2a: Jirachi|Stored Power|p1a: Cheese\n|-resisted|p1a: Cheese\n|-damage|p1a: Cheese|37\/100\n|move|p1a: Cheese|Nasty Plot|p1a: Cheese\n|-boost|p1a: Cheese|spa|2\n|\n|-heal|p2a: Jirachi|73\/100|[from] item: Leftovers\n|upkeep\n|turn|18\n|\n|t:|1700698128\n|move|p2a: Jirachi|Stored Power|p1a: Cheese\n|-resisted|p1a: Cheese\n|-damage|p1a: Cheese|10\/100\n|move|p1a: Cheese|Recover|p1a: Cheese\n|-heal|p1a: Cheese|60\/100\n|\n|-heal|p2a: Jirachi|79\/100|[from] item: Leftovers\n|upkeep\n|turn|19\n|\n|t:|1700698136\n|move|p2a: Jirachi|Stored Power|p1a: Cheese\n|-resisted|p1a: Cheese\n|-damage|p1a: Cheese|35\/100\n|move|p1a: Cheese|Recover|p1a: Cheese\n|-heal|p1a: Cheese|85\/100\n|\n|-heal|p2a: Jirachi|85\/100|[from] item: Leftovers\n|upkeep\n|turn|20\n|\n|t:|1700698144\n|move|p2a: Jirachi|Stored Power|p1a: Cheese\n|-resisted|p1a: Cheese\n|-damage|p1a: Cheese|60\/100\n|move|p1a: Cheese|Shadow Ball|p2a: Jirachi\n|-supereffective|p2a: Jirachi\n|-damage|p2a: Jirachi|21\/100\n|\n|-heal|p2a: Jirachi|27\/100|[from] item: Leftovers\n|upkeep\n|turn|21\n|\n|t:|1700698153\n|move|p2a: Jirachi|Stored Power|p1a: Cheese\n|-resisted|p1a: Cheese\n|-damage|p1a: Cheese|36\/100\n|move|p1a: Cheese|Recover|p1a: Cheese\n|-heal|p1a: Cheese|86\/100\n|\n|-heal|p2a: Jirachi|34\/100|[from] item: Leftovers\n|upkeep\n|turn|22\n|\n|t:|1700698162\n|move|p2a: Jirachi|Stored Power|p1a: Cheese\n|-resisted|p1a: Cheese\n|-damage|p1a: Cheese|60\/100\n|move|p1a: Cheese|Shadow Ball|p2a: Jirachi\n|-supereffective|p2a: Jirachi\n|-damage|p2a: Jirachi|0 fnt\n|faint|p2a: Jirachi\n|\n|upkeep\n|\n|t:|1700698165\n|switch|p2a: Dragapult|Dragapult, M|100\/100\n|turn|23\n|\n|t:|1700698174\n|move|p2a: Dragapult|Dragon Dance|p2a: Dragapult\n|-boost|p2a: Dragapult|atk|1\n|-boost|p2a: Dragapult|spe|1\n|move|p1a: Cheese|Shadow Ball|p2a: Dragapult\n|-supereffective|p2a: Dragapult\n|-damage|p2a: Dragapult|0 fnt\n|-start|p1a: Cheese|Disable|Shadow Ball|[from] ability: Cursed Body|[of] p2a: Dragapult\n|faint|p2a: Dragapult\n|\n|upkeep\n|\n|t:|1700698179\n|switch|p2a: Manaphy|Manaphy, tera:Poison|100\/100\n|turn|24\n|\n|t:|1700698186\n|move|p2a: Manaphy|Take Heart|p2a: Manaphy\n|-boost|p2a: Manaphy|spa|1\n|-boost|p2a: Manaphy|spd|1\n|move|p1a: Cheese|Make It Rain|p2a: Manaphy\n|-damage|p2a: Manaphy|0 fnt\n|-unboost|p1a: Cheese|spa|1\n|faint|p2a: Manaphy\n|\n|win|Gwljigglypuff\n|raw|Gwljigglypuff's rating: 1383 &rarr; <strong>1404<\/strong><br \/>(+21 for winning)\n|raw|hameed425's rating: 1397 &rarr; <strong>1376<\/strong><br \/>(-21 for losing)\n|l|\u2606hameed425\n|c|\u2606Gwljigglypuff|Gg\n","uploadtime":1700698203,"views":5,"p1id":"gwljigglypuff","p2id":"hameed425","formatid":"gen9ou","rating":1376,"private":0,"password":""}