{"id":"gen9ou-1991676943","p1":"No Policy","p2":"Kurlss","format":"[Gen 9] OU","log":"|j|\u2606No Policy\n|j|\u2606Kurlss\n|t:|1700101501\n|gametype|singles\n|player|p1|No Policy|170|1127\n|player|p2|Kurlss|policeman-gen4|1223\n|teamsize|p1|6\n|teamsize|p2|6\n|gen|9\n|tier|[Gen 9] OU\n|rated|\n|rule|Sleep Clause Mod: Limit one foe put to sleep\n|rule|Species Clause: Limit one of each Pok\u00e9mon\n|rule|OHKO Clause: OHKO moves are banned\n|rule|Evasion Items Clause: Evasion items are banned\n|rule|Evasion Moves Clause: Evasion moves are banned\n|rule|Endless Battle Clause: Forcing endless battles is banned\n|rule|HP Percentage Mod: HP is shown in percentages\n|clearpoke\n|poke|p1|Tatsugiri, M|\n|poke|p1|Decidueye-Hisui, M|\n|poke|p1|Heatran, F|\n|poke|p1|Blissey, F|\n|poke|p1|Weezing-Galar, F|\n|poke|p1|Great Tusk|\n|poke|p2|Cloyster, M|\n|poke|p2|Hatterene, F|\n|poke|p2|Toxapex, F|\n|poke|p2|Ribombee, F|\n|poke|p2|Skeledirge, F|\n|poke|p2|Dragapult, F|\n|teampreview\n|\n|t:|1700101524\n|start\n|switch|p1a: Weezing|Weezing-Galar, F|100\/100\n|switch|p2a: Dragapult|Dragapult, F|100\/100\n|-ability|p1a: Weezing|Neutralizing Gas\n|turn|1\n|\n|t:|1700101537\n|move|p2a: Dragapult|U-turn|p1a: Weezing\n|-resisted|p1a: Weezing\n|-damage|p1a: Weezing|92\/100\n|inactive|Battle timer is ON: inactive players will automatically lose when time's up. (requested by No Policy)\n|\n|t:|1700101560\n|switch|p2a: Toxapex|Toxapex, F|100\/100|[from] U-turn\n|move|p1a: Weezing|Dazzling Gleam|p2a: Toxapex\n|-resisted|p2a: Toxapex\n|-damage|p2a: Toxapex|85\/100\n|\n|-heal|p1a: Weezing|98\/100|[from] item: Leftovers\n|-heal|p2a: Toxapex|91\/100|[from] item: Leftovers\n|upkeep\n|turn|2\n|\n|t:|1700101572\n|-end|p1a: Weezing|ability: Neutralizing Gas\n|switch|p1a: Blissey|Blissey, F|100\/100\n|move|p2a: Toxapex|Substitute|p2a: Toxapex\n|-start|p2a: Toxapex|Substitute\n|-damage|p2a: Toxapex|66\/100\n|\n|-heal|p2a: Toxapex|72\/100|[from] item: Leftovers\n|upkeep\n|turn|3\n|\n|t:|1700101582\n|switch|p1a: Tatsugiri|Tatsugiri, M|100\/100\n|move|p2a: Toxapex|Toxic|p1a: Tatsugiri\n|-status|p1a: Tatsugiri|tox\n|\n|-heal|p2a: Toxapex|79\/100|[from] item: Leftovers\n|-damage|p1a: Tatsugiri|94\/100 tox|[from] psn\n|upkeep\n|turn|4\n|\n|t:|1700101596\n|switch|p1a: Blissey|Blissey, F|100\/100\n|move|p2a: Toxapex|Recover|p2a: Toxapex\n|-heal|p2a: Toxapex|100\/100\n|\n|upkeep\n|turn|5\n|\n|t:|1700101603\n|switch|p2a: Cloyster|Cloyster, M|100\/100\n|move|p1a: Blissey|Heal Bell|p1a: Blissey\n|-activate|p1a: Blissey|move: Heal Bell\n|-curestatus|p1: Tatsugiri|tox|[msg]\n|\n|upkeep\n|turn|6\n|\n|t:|1700101608\n|move|p2a: Cloyster|Shell Smash|p2a: Cloyster\n|-unboost|p2a: Cloyster|def|1\n|-unboost|p2a: Cloyster|spd|1\n|-boost|p2a: Cloyster|atk|2\n|-boost|p2a: Cloyster|spa|2\n|-boost|p2a: Cloyster|spe|2\n|move|p1a: Blissey|Thunder Wave|p2a: Cloyster\n|-status|p2a: Cloyster|par\n|\n|upkeep\n|turn|7\n|\n|t:|1700101617\n|switch|p1a: Heatran|Heatran, F, shiny|100\/100\n|move|p2a: Cloyster|Shell Smash|p2a: Cloyster\n|-unboost|p2a: Cloyster|def|1\n|-unboost|p2a: Cloyster|spd|1\n|-boost|p2a: Cloyster|atk|2\n|-boost|p2a: Cloyster|spa|2\n|-boost|p2a: Cloyster|spe|2\n|\n|upkeep\n|turn|8\n|inactive|Kurlss has 120 seconds left.\n|inactive|Kurlss has 90 seconds left.\n|\n|t:|1700101680\n|move|p2a: Cloyster|Rock Blast|p1a: Heatran\n|-damage|p1a: Heatran|83\/100\n|-damage|p1a: Heatran|63\/100\n|-damage|p1a: Heatran|46\/100\n|-damage|p1a: Heatran|27\/100\n|-damage|p1a: Heatran|8\/100\n|-hitcount|p1a: Heatran|5\n|move|p1a: Heatran|Flash Cannon|p2a: Cloyster\n|-enditem|p2a: Cloyster|Focus Sash\n|-damage|p2a: Cloyster|1\/100 par\n|\n|-heal|p1a: Heatran|14\/100|[from] item: Leftovers\n|upkeep\n|turn|9\n|\n|t:|1700101694\n|move|p2a: Cloyster|Rock Blast|p1a: Heatran\n|-damage|p1a: Heatran|0 fnt\n|faint|p1a: Heatran\n|-hitcount|p1: Heatran|1\n|\n|upkeep\n|\n|t:|1700101696\n|switch|p1a: Decidueye|Decidueye-Hisui, M|100\/100\n|turn|10\n|\n|t:|1700101700\n|move|p1a: Decidueye|Shadow Sneak|p2a: Cloyster\n|-damage|p2a: Cloyster|0 fnt\n|faint|p2a: Cloyster\n|-damage|p1a: Decidueye|91\/100|[from] item: Life Orb\n|\n|upkeep\n|\n|t:|1700101709\n|switch|p2a: Ribombee|Ribombee, F|100\/100\n|turn|11\n|inactive|Kurlss has 120 seconds left.\n|\n|t:|1700101725\n|switch|p1a: Blissey|Blissey, F|100\/100\n|move|p2a: Ribombee|Dazzling Gleam|p1a: Blissey\n|-damage|p1a: Blissey|84\/100\n|\n|-heal|p1a: Blissey|90\/100|[from] item: Leftovers\n|upkeep\n|turn|12\n|\n|t:|1700101744\n|move|p2a: Ribombee|Dazzling Gleam|p1a: Blissey\n|-damage|p1a: Blissey|76\/100\n|move|p1a: Blissey|Chilling Water|p2a: Ribombee\n|-damage|p2a: Ribombee|84\/100\n|\n|-heal|p1a: Blissey|82\/100|[from] item: Leftovers\n|upkeep\n|turn|13\n|\n|t:|1700101757\n|switch|p2a: Hatterene|Hatterene, F, shiny|100\/100\n|move|p1a: Blissey|Thunder Wave|p2a: Hatterene\n|move|p2a: Hatterene|Thunder Wave|p1a: Blissey|[from]ability: Magic Bounce\n|-status|p1a: Blissey|par\n|\n|-heal|p1a: Blissey|88\/100 par|[from] item: Leftovers\n|upkeep\n|turn|14\n|\n|t:|1700101771\n|move|p2a: Hatterene|Light Screen|p2a: Hatterene\n|-sidestart|p2: Kurlss|move: Light Screen\n|move|p1a: Blissey|Chilling Water|p2a: Hatterene\n|-damage|p2a: Hatterene|95\/100\n|-unboost|p2a: Hatterene|atk|1\n|\n|-heal|p2a: Hatterene|100\/100|[from] item: Leftovers\n|-heal|p1a: Blissey|94\/100 par|[from] item: Leftovers\n|upkeep\n|turn|15\n|\n|t:|1700101781\n|-curestatus|p1a: Blissey|par|[from] ability: Natural Cure\n|switch|p1a: Weezing|Weezing-Galar, F|98\/100\n|-ability|p1a: Weezing|Neutralizing Gas\n|move|p2a: Hatterene|Calm Mind|p2a: Hatterene\n|-boost|p2a: Hatterene|spa|1\n|-boost|p2a: Hatterene|spd|1\n|\n|-heal|p1a: Weezing|100\/100|[from] item: Leftovers\n|upkeep\n|turn|16\n|\n|t:|1700101796\n|switch|p2a: Ribombee|Ribombee, F|84\/100\n|move|p1a: Weezing|Defog|p2a: Ribombee\n|-unboost|p2a: Ribombee|evasion|1\n|-sideend|p2: Kurlss|move: Light Screen\n|\n|upkeep\n|turn|17\n|inactive|Kurlss has 90 seconds left.\n|\n|t:|1700101845\n|-terastallize|p2a: Ribombee|Steel\n|move|p2a: Ribombee|Tera Blast|p1a: Weezing|[anim] Tera Blast Steel\n|-supereffective|p1a: Weezing\n|-damage|p1a: Weezing|0 fnt\n|faint|p1a: Weezing\n|-end|p1a: Weezing|ability: Neutralizing Gas\n|\n|upkeep\n|\n|t:|1700101862\n|switch|p1a: Great Tusk|Great Tusk|100\/100\n|-enditem|p1a: Great Tusk|Booster Energy\n|-activate|p1a: Great Tusk|ability: Protosynthesis|[fromitem]\n|-start|p1a: Great Tusk|protosynthesisatk\n|turn|18\n|\n|t:|1700101881\n|switch|p2a: Dragapult|Dragapult, F|100\/100\n|-terastallize|p1a: Great Tusk|Fairy\n|move|p1a: Great Tusk|Rapid Spin|p2a: Dragapult\n|-immune|p2a: Dragapult\n|\n|upkeep\n|turn|19\n|\n|t:|1700101894\n|move|p2a: Dragapult|U-turn|p1a: Great Tusk\n|-resisted|p1a: Great Tusk\n|-damage|p1a: Great Tusk|87\/100\n|\n|t:|1700101898\n|switch|p2a: Toxapex|Toxapex, F|100\/100|[from] U-turn\n|move|p1a: Great Tusk|Bulk Up|p1a: Great Tusk\n|-boost|p1a: Great Tusk|atk|1\n|-boost|p1a: Great Tusk|def|1\n|\n|upkeep\n|turn|20\n|\n|t:|1700101905\n|move|p1a: Great Tusk|Earthquake|p2a: Toxapex\n|-supereffective|p2a: Toxapex\n|-damage|p2a: Toxapex|0 fnt\n|faint|p2a: Toxapex\n|\n|upkeep\n|inactive|Kurlss has 60 seconds left.\n|inactive|Kurlss has 30 seconds left.\n|\n|t:|1700101965\n|switch|p2a: Ribombee|Ribombee, F, tera:Steel|84\/100\n|turn|21\n|\n|t:|1700101973\n|-end|p1a: Great Tusk|Protosynthesis|[silent]\n|switch|p1a: Blissey|Blissey, F|94\/100\n|move|p2a: Ribombee|Tera Blast|p1a: Blissey|[anim] Tera Blast Steel\n|-damage|p1a: Blissey|78\/100\n|\n|-heal|p1a: Blissey|84\/100|[from] item: Leftovers\n|upkeep\n|turn|22\n|\n|t:|1700101986\n|switch|p2a: Hatterene|Hatterene, F, shiny|100\/100\n|switch|p1a: Great Tusk|Great Tusk, tera:Fairy|87\/100\n|\n|upkeep\n|turn|23\n|\n|t:|1700102006\n|move|p1a: Great Tusk|Rapid Spin|p2a: Hatterene\n|-damage|p2a: Hatterene|79\/100\n|-boost|p1a: Great Tusk|spe|1\n|move|p2a: Hatterene|Reflect|p2a: Hatterene\n|-sidestart|p2: Kurlss|Reflect\n|\n|-heal|p2a: Hatterene|85\/100|[from] item: Leftovers\n|upkeep\n|turn|24\n|\n|t:|1700102011\n|switch|p2a: Ribombee|Ribombee, F, tera:Steel|84\/100\n|move|p1a: Great Tusk|Bulk Up|p1a: Great Tusk\n|-boost|p1a: Great Tusk|atk|1\n|-boost|p1a: Great Tusk|def|1\n|\n|upkeep\n|turn|25\n|\n|t:|1700102017\n|move|p1a: Great Tusk|Earthquake|p2a: Ribombee\n|-supereffective|p2a: Ribombee\n|-damage|p2a: Ribombee|0 fnt\n|faint|p2a: Ribombee\n|\n|upkeep\n|\n|t:|1700102022\n|switch|p2a: Hatterene|Hatterene, F, shiny|85\/100\n|turn|26\n|\n|t:|1700102026\n|move|p1a: Great Tusk|Earthquake|p2a: Hatterene\n|-damage|p2a: Hatterene|32\/100\n|move|p2a: Hatterene|Dazzling Gleam|p1a: Great Tusk\n|-damage|p1a: Great Tusk|18\/100\n|\n|-heal|p2a: Hatterene|38\/100|[from] item: Leftovers\n|upkeep\n|turn|27\n|\n|t:|1700102029\n|move|p1a: Great Tusk|Earthquake|p2a: Hatterene\n|-damage|p2a: Hatterene|0 fnt\n|faint|p2a: Hatterene\n|\n|-sideend|p2: Kurlss|Reflect\n|upkeep\n|\n|t:|1700102032\n|switch|p2a: Dragapult|Dragapult, F|100\/100\n|turn|28\n|inactive|Kurlss has 90 seconds left.\n|\n|t:|1700102043\n|move|p1a: Great Tusk|Earthquake|p2a: Dragapult\n|-damage|p2a: Dragapult|4\/100\n|move|p2a: Dragapult|Outrage|p1a: Great Tusk\n|-immune|p1a: Great Tusk\n|\n|upkeep\n|turn|29\n|\n|t:|1700102048\n|switch|p2a: Skeledirge|Skeledirge, F, shiny|100\/100\n|move|p1a: Great Tusk|Earthquake|p2a: Skeledirge\n|-supereffective|p2a: Skeledirge\n|-damage|p2a: Skeledirge|20\/100\n|\n|upkeep\n|turn|30\n|\n|t:|1700102052\n|move|p1a: Great Tusk|Earthquake|p2a: Skeledirge\n|-supereffective|p2a: Skeledirge\n|-damage|p2a: Skeledirge|0 fnt\n|faint|p2a: Skeledirge\n|\n|upkeep\n|\n|t:|1700102053\n|switch|p2a: Dragapult|Dragapult, F|4\/100\n|turn|31\n|\n|t:|1700102061\n|move|p1a: Great Tusk|Earthquake|p2a: Dragapult\n|-damage|p2a: Dragapult|0 fnt\n|faint|p2a: Dragapult\n|\n|win|No Policy\n|raw|No Policy's rating: 1127 &rarr; <strong>1159<\/strong><br \/>(+32 for winning)\n|raw|Kurlss's rating: 1223 &rarr; <strong>1191<\/strong><br \/>(-32 for losing)\n|l|\u2606Kurlss\n","uploadtime":1700102075,"views":7,"p1id":"nopolicy","p2id":"kurlss","formatid":"gen9ou","rating":1159,"private":0,"password":""}