{"id":"gen9ou-1999446936","p1":"MAG10","p2":"Boulot LPL","format":"[Gen 9] OU","log":"|j|\u2606MAG10\n|j|\u2606Boulot LPL\n|t:|1701081931\n|gametype|singles\n|player|p1|MAG10|265|1184\n|player|p2|Boulot LPL|101|1292\n|teamsize|p1|6\n|teamsize|p2|6\n|gen|9\n|tier|[Gen 9] OU\n|rated|\n|rule|Sleep Clause Mod: Limit one foe put to sleep\n|rule|Species Clause: Limit one of each Pok\u00e9mon\n|rule|OHKO Clause: OHKO moves are banned\n|rule|Evasion Items Clause: Evasion items are banned\n|rule|Evasion Moves Clause: Evasion moves are banned\n|rule|Endless Battle Clause: Forcing endless battles is banned\n|rule|HP Percentage Mod: HP is shown in percentages\n|clearpoke\n|poke|p1|Maushold|\n|poke|p1|Samurott-Hisui, M|\n|poke|p1|Kingambit, M|\n|poke|p1|Garganacl, M|\n|poke|p1|Amoonguss, M|\n|poke|p1|Weavile, F|\n|poke|p2|Quaquaval, M|\n|poke|p2|Dragapult, M|\n|poke|p2|Dragonite, M|\n|poke|p2|Zamazenta-*|\n|poke|p2|Blissey, F|\n|poke|p2|Meowscarada, M|\n|teampreview\n|\n|t:|1701081950\n|start\n|switch|p1a: Maushold|Maushold|100\/100\n|switch|p2a: Meowscarada|Meowscarada, M|100\/100\n|turn|1\n|\n|t:|1701081960\n|move|p2a: Meowscarada|Flower Trick|p1a: Maushold\n|-start|p2a: Meowscarada|typechange|Grass|[from] ability: Protean\n|-crit|p1a: Maushold\n|-damage|p1a: Maushold|28\/100\n|move|p1a: Maushold|Population Bomb|p2a: Meowscarada\n|-damage|p2a: Meowscarada|82\/100\n|-crit|p2a: Meowscarada\n|-damage|p2a: Meowscarada|58\/100\n|-damage|p2a: Meowscarada|42\/100\n|-damage|p2a: Meowscarada|24\/100\n|-damage|p2a: Meowscarada|8\/100\n|-damage|p2a: Meowscarada|0 fnt\n|faint|p2a: Meowscarada\n|-hitcount|p2: Meowscarada|6\n|\n|upkeep\n|\n|t:|1701081978\n|switch|p2a: Dragapult|Dragapult, M|100\/100\n|turn|2\n|\n|t:|1701081981\n|move|p2a: Dragapult|Flamethrower|p1a: Maushold\n|-crit|p1a: Maushold\n|-damage|p1a: Maushold|0 fnt\n|faint|p1a: Maushold\n|\n|upkeep\n|\n|t:|1701081987\n|switch|p1a: Weavile|Weavile, F|100\/100\n|-ability|p1a: Weavile|Pressure\n|turn|3\n|\n|t:|1701081991\n|switch|p2a: Quaquaval|Quaquaval, M|100\/100\n|move|p1a: Weavile|Knock Off|p2a: Quaquaval\n|-resisted|p2a: Quaquaval\n|-damage|p2a: Quaquaval|84\/100\n|-enditem|p2a: Quaquaval|Leftovers|[from] move: Knock Off|[of] p1a: Weavile\n|\n|upkeep\n|turn|4\n|\n|t:|1701082000\n|switch|p1a: Amoonguss|Amoonguss, M, shiny|100\/100\n|move|p2a: Quaquaval|Flip Turn|p1a: Amoonguss\n|-resisted|p1a: Amoonguss\n|-damage|p1a: Amoonguss|91\/100\n|-enditem|p1a: Amoonguss|Red Card|[of] p2a: Quaquaval\n|drag|p2a: Blissey|Blissey, F|100\/100\n|\n|upkeep\n|turn|5\n|\n|t:|1701082011\n|switch|p1a: Garganacl|Garganacl, M|100\/100\n|move|p2a: Blissey|Stealth Rock|p1a: Garganacl\n|-sidestart|p1: MAG10|move: Stealth Rock\n|\n|upkeep\n|turn|6\n|\n|t:|1701082018\n|move|p2a: Blissey|Seismic Toss|p1a: Garganacl\n|-damage|p1a: Garganacl|76\/100\n|move|p1a: Garganacl|Salt Cure|p2a: Blissey\n|-damage|p2a: Blissey|86\/100\n|-start|p2a: Blissey|Salt Cure\n|\n|-heal|p1a: Garganacl|82\/100|[from] item: Leftovers\n|-damage|p2a: Blissey|73\/100|[from] Salt Cure\n|upkeep\n|turn|7\n|\n|t:|1701082028\n|switch|p2a: Quaquaval|Quaquaval, M|84\/100\n|move|p1a: Garganacl|Iron Defense|p1a: Garganacl\n|-boost|p1a: Garganacl|def|2\n|\n|-heal|p1a: Garganacl|88\/100|[from] item: Leftovers\n|upkeep\n|turn|8\n|\n|t:|1701082036\n|move|p2a: Quaquaval|Encore|p1a: Garganacl\n|-start|p1a: Garganacl|Encore\n|move|p1a: Garganacl|Iron Defense|p1a: Garganacl\n|-boost|p1a: Garganacl|def|2\n|\n|-heal|p1a: Garganacl|94\/100|[from] item: Leftovers\n|upkeep\n|turn|9\n|\n|t:|1701082044\n|move|p2a: Quaquaval|Flip Turn|p1a: Garganacl\n|-supereffective|p1a: Garganacl\n|-damage|p1a: Garganacl|84\/100\n|\n|t:|1701082048\n|switch|p2a: Dragapult|Dragapult, M|100\/100|[from] Flip Turn\n|move|p1a: Garganacl|Iron Defense|p1a: Garganacl\n|-boost|p1a: Garganacl|def|2\n|\n|-heal|p1a: Garganacl|90\/100|[from] item: Leftovers\n|upkeep\n|turn|10\n|\n|t:|1701082057\n|move|p2a: Dragapult|U-turn|p1a: Garganacl\n|-damage|p1a: Garganacl|87\/100\n|\n|t:|1701082060\n|switch|p2a: Quaquaval|Quaquaval, M|84\/100|[from] U-turn\n|move|p1a: Garganacl|Iron Defense|p1a: Garganacl\n|-boost|p1a: Garganacl|def|0\n|\n|-heal|p1a: Garganacl|93\/100|[from] item: Leftovers\n|-end|p1a: Garganacl|Encore\n|upkeep\n|turn|11\n|\n|t:|1701082070\n|move|p2a: Quaquaval|Encore|p1a: Garganacl\n|-start|p1a: Garganacl|Encore\n|move|p1a: Garganacl|Iron Defense|p1a: Garganacl\n|-boost|p1a: Garganacl|def|0\n|\n|-heal|p1a: Garganacl|99\/100|[from] item: Leftovers\n|upkeep\n|turn|12\n|inactive|Battle timer is ON: inactive players will automatically lose when time's up. (requested by MAG10)\n|\n|t:|1701082080\n|move|p2a: Quaquaval|Flip Turn|p1a: Garganacl\n|-supereffective|p1a: Garganacl\n|-damage|p1a: Garganacl|91\/100\n|\n|t:|1701082083\n|switch|p2a: Dragapult|Dragapult, M|100\/100|[from] Flip Turn\n|move|p1a: Garganacl|Iron Defense|p1a: Garganacl\n|-boost|p1a: Garganacl|def|0\n|\n|-heal|p1a: Garganacl|97\/100|[from] item: Leftovers\n|upkeep\n|turn|13\n|\n|t:|1701082093\n|move|p2a: Dragapult|Draco Meteor|p1a: Garganacl\n|-damage|p1a: Garganacl|38\/100\n|-unboost|p2a: Dragapult|spa|2\n|move|p1a: Garganacl|Iron Defense|p1a: Garganacl\n|-boost|p1a: Garganacl|def|0\n|\n|-heal|p1a: Garganacl|44\/100|[from] item: Leftovers\n|-end|p1a: Garganacl|Encore\n|upkeep\n|turn|14\n|\n|t:|1701082104\n|switch|p2a: Quaquaval|Quaquaval, M|84\/100\n|move|p1a: Garganacl|Salt Cure|p2a: Quaquaval\n|-resisted|p2a: Quaquaval\n|-damage|p2a: Quaquaval|79\/100\n|-start|p2a: Quaquaval|Salt Cure\n|\n|-heal|p1a: Garganacl|50\/100|[from] item: Leftovers\n|-damage|p2a: Quaquaval|54\/100|[from] Salt Cure\n|upkeep\n|turn|15\n|\n|t:|1701082114\n|move|p2a: Quaquaval|Flip Turn|p1a: Garganacl\n|-supereffective|p1a: Garganacl\n|-damage|p1a: Garganacl|42\/100\n|\n|t:|1701082118\n|switch|p2a: Dragapult|Dragapult, M|100\/100|[from] Flip Turn\n|move|p1a: Garganacl|Recover|p1a: Garganacl\n|-heal|p1a: Garganacl|92\/100\n|\n|-heal|p1a: Garganacl|99\/100|[from] item: Leftovers\n|upkeep\n|turn|16\n|\n|t:|1701082129\n|move|p2a: Dragapult|Draco Meteor|p1a: Garganacl|[miss]\n|-miss|p2a: Dragapult|p1a: Garganacl\n|move|p1a: Garganacl|Salt Cure|p2a: Dragapult\n|-damage|p2a: Dragapult|82\/100\n|-start|p2a: Dragapult|Salt Cure\n|\n|-heal|p1a: Garganacl|100\/100|[from] item: Leftovers\n|-damage|p2a: Dragapult|69\/100|[from] Salt Cure\n|upkeep\n|turn|17\n|\n|t:|1701082140\n|switch|p2a: Quaquaval|Quaquaval, M|54\/100\n|move|p1a: Garganacl|Salt Cure|p2a: Quaquaval\n|-resisted|p2a: Quaquaval\n|-damage|p2a: Quaquaval|49\/100\n|-start|p2a: Quaquaval|Salt Cure\n|\n|-damage|p2a: Quaquaval|24\/100|[from] Salt Cure\n|upkeep\n|turn|18\n|\n|t:|1701082149\n|move|p2a: Quaquaval|Roost|p2a: Quaquaval\n|-heal|p2a: Quaquaval|74\/100\n|-singleturn|p2a: Quaquaval|move: Roost\n|move|p1a: Garganacl|Salt Cure|p2a: Quaquaval\n|-resisted|p2a: Quaquaval\n|-damage|p2a: Quaquaval|68\/100\n|\n|-damage|p2a: Quaquaval|44\/100|[from] Salt Cure\n|upkeep\n|turn|19\n|\n|t:|1701082159\n|move|p2a: Quaquaval|Roost|p2a: Quaquaval\n|-heal|p2a: Quaquaval|94\/100\n|-singleturn|p2a: Quaquaval|move: Roost\n|move|p1a: Garganacl|Salt Cure|p2a: Quaquaval\n|-resisted|p2a: Quaquaval\n|-damage|p2a: Quaquaval|89\/100\n|\n|-damage|p2a: Quaquaval|64\/100|[from] Salt Cure\n|upkeep\n|turn|20\n|\n|t:|1701082169\n|switch|p2a: Dragapult|Dragapult, M|69\/100\n|move|p1a: Garganacl|Salt Cure|p2a: Dragapult\n|-damage|p2a: Dragapult|49\/100\n|-start|p2a: Dragapult|Salt Cure\n|\n|-damage|p2a: Dragapult|37\/100|[from] Salt Cure\n|upkeep\n|turn|21\n|\n|t:|1701082177\n|move|p2a: Dragapult|Draco Meteor|p1a: Garganacl|[miss]\n|-miss|p2a: Dragapult|p1a: Garganacl\n|move|p1a: Garganacl|Salt Cure|p2a: Dragapult\n|-damage|p2a: Dragapult|17\/100\n|\n|-damage|p2a: Dragapult|4\/100|[from] Salt Cure\n|upkeep\n|turn|22\n|\n|t:|1701082186\n|move|p2a: Dragapult|Draco Meteor|p1a: Garganacl\n|-damage|p1a: Garganacl|47\/100\n|-unboost|p2a: Dragapult|spa|2\n|move|p1a: Garganacl|Salt Cure|p2a: Dragapult\n|-damage|p2a: Dragapult|0 fnt\n|faint|p2a: Dragapult\n|\n|-heal|p1a: Garganacl|53\/100|[from] item: Leftovers\n|upkeep\n|\n|t:|1701082197\n|switch|p2a: Quaquaval|Quaquaval, M|64\/100\n|turn|23\n|\n|t:|1701082205\n|move|p2a: Quaquaval|Roost|p2a: Quaquaval\n|-heal|p2a: Quaquaval|100\/100\n|-singleturn|p2a: Quaquaval|move: Roost\n|move|p1a: Garganacl|Salt Cure|p2a: Quaquaval\n|-resisted|p2a: Quaquaval\n|-damage|p2a: Quaquaval|95\/100\n|-start|p2a: Quaquaval|Salt Cure\n|\n|-heal|p1a: Garganacl|59\/100|[from] item: Leftovers\n|-damage|p2a: Quaquaval|70\/100|[from] Salt Cure\n|upkeep\n|turn|24\n|c|\u2606Boulot LPL|Bougn\n|\n|t:|1701082227\n|move|p2a: Quaquaval|Flip Turn|p1a: Garganacl\n|-supereffective|p1a: Garganacl\n|-damage|p1a: Garganacl|51\/100\n|c|\u2606MAG10|it be like that sometimes\n|\n|t:|1701082230\n|switch|p2a: Zamazenta|Zamazenta|100\/100|[from] Flip Turn\n|-ability|p2a: Zamazenta|Dauntless Shield|boost\n|-boost|p2a: Zamazenta|def|1\n|move|p1a: Garganacl|Recover|p1a: Garganacl\n|-heal|p1a: Garganacl|100\/100\n|\n|upkeep\n|turn|25\n|c|\u2606MAG10|garg is unkillable fr\n|\n|t:|1701082244\n|move|p2a: Zamazenta|Close Combat|p1a: Garganacl\n|-supereffective|p1a: Garganacl\n|-damage|p1a: Garganacl|81\/100\n|-unboost|p2a: Zamazenta|def|1\n|-unboost|p2a: Zamazenta|spd|1\n|move|p1a: Garganacl|Salt Cure|p2a: Zamazenta\n|-resisted|p2a: Zamazenta\n|-damage|p2a: Zamazenta|94\/100\n|-start|p2a: Zamazenta|Salt Cure\n|\n|-heal|p1a: Garganacl|87\/100|[from] item: Leftovers\n|-damage|p2a: Zamazenta|82\/100|[from] Salt Cure\n|upkeep\n|turn|26\n|-message|Boulot LPL forfeited.\n|\n|win|MAG10\n|raw|MAG10's rating: 1184 &rarr; <strong>1217<\/strong><br \/>(+33 for winning)\n|raw|Boulot LPL's rating: 1292 &rarr; <strong>1259<\/strong><br \/>(-33 for losing)\n|l|\u2606Boulot LPL\n","uploadtime":1701082263,"views":15,"p1id":"mag10","p2id":"boulotlpl","formatid":"gen9ou","rating":1217,"private":0,"password":""}