{"id":"gen9ou-1994912664","p1":"Lp-$tylez","p2":"PLM2fgs","format":"[Gen 9] OU","log":"|j|\u2606Lp-$tylez\n|j|\u2606PLM2fgs\n|t:|1700504086\n|gametype|singles\n|player|p1|Lp-$tylez|interviewers|\n|player|p2|PLM2fgs|policeman|\n|teamsize|p1|6\n|teamsize|p2|6\n|gen|9\n|tier|[Gen 9] OU\n|rule|Sleep Clause Mod: Limit one foe put to sleep\n|rule|Species Clause: Limit one of each Pok\u00e9mon\n|rule|OHKO Clause: OHKO moves are banned\n|rule|Evasion Items Clause: Evasion items are banned\n|rule|Evasion Moves Clause: Evasion moves are banned\n|rule|Endless Battle Clause: Forcing endless battles is banned\n|rule|HP Percentage Mod: HP is shown in percentages\n|clearpoke\n|poke|p1|Ribombee, M|\n|poke|p1|Gholdengo|\n|poke|p1|Dragonite, M|\n|poke|p1|Great Tusk|\n|poke|p1|Greninja-*, F|\n|poke|p1|Heatran, M|\n|poke|p2|Iron Valiant|\n|poke|p2|Ting-Lu|\n|poke|p2|Iron Moth|\n|poke|p2|Zamazenta-*|\n|poke|p2|Enamorus, F|\n|poke|p2|Landorus-Therian, M|\n|teampreview\n|\n|t:|1700504101\n|start\n|switch|p1a: Ribombee|Ribombee, M|100\/100\n|switch|p2a: Zamazenta|Zamazenta|100\/100\n|-ability|p2a: Zamazenta|Dauntless Shield|boost\n|-boost|p2a: Zamazenta|def|1\n|turn|1\n|\n|t:|1700504109\n|switch|p2a: Ting-Lu|Ting-Lu|100\/100\n|-ability|p2a: Ting-Lu|Vessel of Ruin\n|move|p1a: Ribombee|Stun Spore|p2a: Ting-Lu|[miss]\n|-miss|p1a: Ribombee|p2a: Ting-Lu\n|\n|upkeep\n|turn|2\n|\n|t:|1700504126\n|move|p1a: Ribombee|Stun Spore|p2a: Ting-Lu\n|-status|p2a: Ting-Lu|par\n|move|p2a: Ting-Lu|Stealth Rock|p1a: Ribombee\n|-sidestart|p1: Lp-$tylez|move: Stealth Rock\n|\n|upkeep\n|turn|3\n|\n|t:|1700504135\n|move|p1a: Ribombee|Sticky Web|p2a: Ting-Lu\n|-sidestart|p2: PLM2fgs|move: Sticky Web\n|move|p2a: Ting-Lu|Spikes|p1a: Ribombee\n|-sidestart|p1: Lp-$tylez|Spikes\n|\n|upkeep\n|turn|4\n|\n|t:|1700504140\n|move|p1a: Ribombee|Moonblast|p2a: Ting-Lu\n|-supereffective|p2a: Ting-Lu\n|-damage|p2a: Ting-Lu|67\/100 par\n|move|p2a: Ting-Lu|Spikes|p1a: Ribombee\n|-sidestart|p1: Lp-$tylez|Spikes\n|\n|-heal|p2a: Ting-Lu|73\/100 par|[from] item: Leftovers\n|upkeep\n|turn|5\n|\n|t:|1700504155\n|move|p1a: Ribombee|Sticky Web||[still]\n|-fail|p1a: Ribombee\n|cant|p2a: Ting-Lu|par\n|\n|-heal|p2a: Ting-Lu|79\/100 par|[from] item: Leftovers\n|upkeep\n|turn|6\n|\n|t:|1700504163\n|switch|p1a: Great Tusk|Great Tusk|100\/100\n|-damage|p1a: Great Tusk|98\/100|[from] Stealth Rock\n|-damage|p1a: Great Tusk|81\/100|[from] Spikes\n|move|p2a: Ting-Lu|Whirlwind|p1a: Great Tusk\n|-end|p1a: Great Tusk|Protosynthesis|[silent]\n|drag|p1a: Gholdengo|Gholdengo, shiny|100\/100\n|-damage|p1a: Gholdengo|94\/100|[from] Stealth Rock\n|-item|p1a: Gholdengo|Air Balloon\n|\n|-heal|p2a: Ting-Lu|85\/100 par|[from] item: Leftovers\n|upkeep\n|turn|7\n|\n|t:|1700504182\n|move|p1a: Gholdengo|Nasty Plot|p1a: Gholdengo\n|-boost|p1a: Gholdengo|spa|2\n|cant|p2a: Ting-Lu|par\n|\n|-heal|p2a: Ting-Lu|92\/100 par|[from] item: Leftovers\n|upkeep\n|turn|8\n|l|\u2606PLM2fgs\n|player|p2|\n|j|\u2606PLM2fgs\n|player|p2|PLM2fgs|policeman\n|\n|t:|1700504250\n|move|p1a: Gholdengo|Make It Rain|p2a: Ting-Lu\n|-damage|p2a: Ting-Lu|42\/100 par\n|-unboost|p1a: Gholdengo|spa|1\n|move|p2a: Ting-Lu|Whirlwind|p1a: Gholdengo\n|-immune|p1a: Gholdengo|[from] ability: Good as Gold\n|\n|-heal|p2a: Ting-Lu|48\/100 par|[from] item: Leftovers\n|upkeep\n|turn|9\n|\n|t:|1700504273\n|move|p1a: Gholdengo|Make It Rain|p2a: Ting-Lu\n|-damage|p2a: Ting-Lu|11\/100 par\n|-unboost|p1a: Gholdengo|spa|1\n|move|p2a: Ting-Lu|Ruination|p1a: Gholdengo\n|-damage|p1a: Gholdengo|48\/100\n|-enditem|p1a: Gholdengo|Air Balloon\n|\n|-heal|p2a: Ting-Lu|18\/100 par|[from] item: Leftovers\n|upkeep\n|turn|10\n|\n|t:|1700504294\n|switch|p2a: Landorus|Landorus-Therian, M|100\/100\n|-ability|p2a: Landorus|Intimidate|boost\n|-unboost|p1a: Gholdengo|atk|1\n|move|p1a: Gholdengo|Recover|p1a: Gholdengo\n|-heal|p1a: Gholdengo|98\/100\n|\n|upkeep\n|turn|11\n|\n|t:|1700504315\n|switch|p1a: Great Tusk|Great Tusk|81\/100\n|-damage|p1a: Great Tusk|78\/100|[from] Stealth Rock\n|-damage|p1a: Great Tusk|61\/100|[from] Spikes\n|move|p2a: Landorus|Earthquake|p1a: Great Tusk\n|-damage|p1a: Great Tusk|26\/100\n|\n|upkeep\n|turn|12\n|\n|t:|1700504324\n|move|p2a: Landorus|Earthquake|p1a: Great Tusk\n|-damage|p1a: Great Tusk|0 fnt\n|faint|p1a: Great Tusk\n|-end|p1a: Great Tusk|Protosynthesis|[silent]\n|\n|upkeep\n|\n|t:|1700504345\n|switch|p1a: Dragonite|Dragonite, M|100\/100\n|-damage|p1a: Dragonite|75\/100|[from] Stealth Rock\n|turn|13\n|\n|t:|1700504354\n|switch|p2a: Enamorus|Enamorus, F|100\/100\n|move|p1a: Dragonite|Ice Spinner|p2a: Enamorus\n|-supereffective|p2a: Enamorus\n|-damage|p2a: Enamorus|0 fnt\n|-start|p1a: Dragonite|Attract|[from] ability: Cute Charm|[of] p2a: Enamorus\n|faint|p2a: Enamorus\n|-end|p1a: Dragonite|Attract|[silent]\n|\n|upkeep\n|\n|t:|1700504364\n|switch|p2a: Iron Valiant|Iron Valiant|100\/100\n|-activate|p2a: Iron Valiant|move: Sticky Web\n|-unboost|p2a: Iron Valiant|spe|1\n|-enditem|p2a: Iron Valiant|Booster Energy\n|-activate|p2a: Iron Valiant|ability: Quark Drive|[fromitem]\n|-start|p2a: Iron Valiant|quarkdriveatk\n|turn|14\n|\n|t:|1700504390\n|switch|p1a: Ribombee|Ribombee, M|100\/100\n|-damage|p1a: Ribombee|76\/100|[from] Stealth Rock\n|-damage|p1a: Ribombee|59\/100|[from] Spikes\n|-terastallize|p2a: Iron Valiant|Steel\n|move|p2a: Iron Valiant|Spirit Break|p1a: Ribombee\n|-damage|p1a: Ribombee|0 fnt\n|faint|p1a: Ribombee\n|\n|upkeep\n|j| SmallerNoys\n|\n|t:|1700504402\n|switch|p1a: Heatran|Heatran, M|100\/100\n|-damage|p1a: Heatran|88\/100|[from] Stealth Rock\n|-damage|p1a: Heatran|71\/100|[from] Spikes\n|turn|15\n|\n|t:|1700504409\n|-terastallize|p1a: Heatran|Grass\n|move|p2a: Iron Valiant|Close Combat|p1a: Heatran\n|-damage|p1a: Heatran|6\/100\n|-unboost|p2a: Iron Valiant|def|1\n|-unboost|p2a: Iron Valiant|spd|1\n|move|p1a: Heatran|Magma Storm|p2a: Iron Valiant\n|-supereffective|p2a: Iron Valiant\n|-damage|p2a: Iron Valiant|0 fnt\n|faint|p2a: Iron Valiant\n|-end|p2a: Iron Valiant|Quark Drive|[silent]\n|\n|-heal|p1a: Heatran|12\/100|[from] item: Leftovers\n|upkeep\n|\n|t:|1700504437\n|switch|p2a: Zamazenta|Zamazenta|100\/100\n|-activate|p2a: Zamazenta|move: Sticky Web\n|-unboost|p2a: Zamazenta|spe|1\n|turn|16\n|\n|t:|1700504451\n|move|p2a: Zamazenta|Iron Head|p1a: Heatran\n|-damage|p1a: Heatran|0 fnt\n|faint|p1a: Heatran\n|\n|upkeep\n|\n|t:|1700504471\n|switch|p1a: Dragonite|Dragonite, M|75\/100\n|-damage|p1a: Dragonite|50\/100|[from] Stealth Rock\n|turn|17\n|\n|t:|1700504484\n|move|p2a: Zamazenta|Iron Defense|p2a: Zamazenta\n|-boost|p2a: Zamazenta|def|2\n|move|p1a: Dragonite|Ice Spinner|p2a: Zamazenta\n|-damage|p2a: Zamazenta|78\/100\n|\n|-heal|p2a: Zamazenta|84\/100|[from] item: Leftovers\n|upkeep\n|turn|18\n|\n|t:|1700504496\n|move|p2a: Zamazenta|Iron Defense|p2a: Zamazenta\n|-boost|p2a: Zamazenta|def|2\n|move|p1a: Dragonite|Ice Spinner|p2a: Zamazenta\n|-damage|p2a: Zamazenta|70\/100\n|\n|-heal|p2a: Zamazenta|76\/100|[from] item: Leftovers\n|upkeep\n|turn|19\n|\n|t:|1700504504\n|move|p2a: Zamazenta|Body Press|p1a: Dragonite\n|-resisted|p1a: Dragonite\n|-damage|p1a: Dragonite|2\/100\n|move|p1a: Dragonite|Ice Spinner|p2a: Zamazenta\n|-damage|p2a: Zamazenta|61\/100\n|\n|-heal|p2a: Zamazenta|68\/100|[from] item: Leftovers\n|upkeep\n|turn|20\n|\n|t:|1700504512\n|move|p2a: Zamazenta|Body Press|p1a: Dragonite\n|-resisted|p1a: Dragonite\n|-damage|p1a: Dragonite|0 fnt\n|faint|p1a: Dragonite\n|\n|-heal|p2a: Zamazenta|74\/100|[from] item: Leftovers\n|upkeep\n|\n|t:|1700504520\n|switch|p1a: Greninja|Greninja, F|100\/100\n|turn|21\n|\n|t:|1700504527\n|move|p1a: Greninja|Hydro Pump|p2a: Zamazenta\n|-start|p1a: Greninja|typechange|Water|[from] ability: Protean\n|-damage|p2a: Zamazenta|34\/100\n|move|p2a: Zamazenta|Body Press|p1a: Greninja\n|-damage|p1a: Greninja|0 fnt\n|faint|p1a: Greninja\n|\n|-heal|p2a: Zamazenta|40\/100|[from] item: Leftovers\n|upkeep\n|\n|t:|1700504538\n|switch|p1a: Gholdengo|Gholdengo, shiny|98\/100\n|-damage|p1a: Gholdengo|92\/100|[from] Stealth Rock\n|-damage|p1a: Gholdengo|75\/100|[from] Spikes\n|turn|22\n|\n|t:|1700504547\n|move|p1a: Gholdengo|Shadow Ball|p2a: Zamazenta\n|-damage|p2a: Zamazenta|1\/100\n|move|p2a: Zamazenta|Crunch|p1a: Gholdengo\n|-supereffective|p1a: Gholdengo\n|-crit|p1a: Gholdengo\n|-damage|p1a: Gholdengo|0 fnt\n|faint|p1a: Gholdengo\n|\n|win|PLM2fgs\n|l| SmallerNoys\n","uploadtime":1700504558,"views":17,"p1id":"lptylez","p2id":"plm2fgs","formatid":"gen9ou","rating":0,"private":0,"password":""}