{"id":"gen9ou-1997253886","p1":"TrepYT","p2":"Burrasca","format":"[Gen 9] OU","log":"|j|\u203dTrepYT\n|j|\u2606Burrasca\n|t:|1700780853\n|gametype|singles\n|player|p1|TrepYT|swimmerf|1674\n|player|p2|Burrasca|crasherwake|1641\n|teamsize|p1|6\n|teamsize|p2|6\n|gen|9\n|tier|[Gen 9] OU\n|rated|\n|rule|Sleep Clause Mod: Limit one foe put to sleep\n|rule|Species Clause: Limit one of each Pok\u00e9mon\n|rule|OHKO Clause: OHKO moves are banned\n|rule|Evasion Items Clause: Evasion items are banned\n|rule|Evasion Moves Clause: Evasion moves are banned\n|rule|Endless Battle Clause: Forcing endless battles is banned\n|rule|HP Percentage Mod: HP is shown in percentages\n|clearpoke\n|poke|p1|Samurott-Hisui, M|\n|poke|p1|Cresselia, F|\n|poke|p1|Kingambit, F|\n|poke|p1|Scizor, F|\n|poke|p1|Garchomp, F|\n|poke|p1|Heatran, M|\n|poke|p2|Pelipper, F|\n|poke|p2|Basculegion, M|\n|poke|p2|Greninja-*, M|\n|poke|p2|Zapdos|\n|poke|p2|Kleavor, F|\n|poke|p2|Zamazenta-*|\n|teampreview\n|\n|t:|1700780864\n|start\n|switch|p1a: Samurott|Samurott-Hisui, M|100\/100\n|switch|p2a: RAID|Kleavor, F|100\/100\n|turn|1\n|\n|t:|1700780868\n|move|p2a: RAID|U-turn|p1a: Samurott\n|-supereffective|p1a: Samurott\n|-damage|p1a: Samurott|14\/100\n|\n|t:|1700780876\n|switch|p2a: Tempesta|Zapdos, shiny|100\/100|[from] U-turn\n|move|p1a: Samurott|Ceaseless Edge|p2a: Tempesta\n|-damage|p2a: Tempesta|43\/100\n|-status|p1a: Samurott|par|[from] ability: Static|[of] p2a: Tempesta\n|-sidestart|p2: Burrasca|Spikes\n|\n|upkeep\n|turn|2\n|\n|t:|1700780887\n|move|p2a: Tempesta|Volt Switch|p1a: Samurott\n|-supereffective|p1a: Samurott\n|-damage|p1a: Samurott|0 fnt\n|faint|p1a: Samurott\n|\n|t:|1700780890\n|switch|p2a: Kyogre at home|Pelipper, F|100\/100|[from] Volt Switch\n|-weather|RainDance|[from] ability: Drizzle|[of] p2a: Kyogre at home\n|\n|-weather|RainDance|[upkeep]\n|upkeep\n|\n|t:|1700780896\n|switch|p1a: Kingambit|Kingambit, F|100\/100\n|-activate|p1a: Kingambit|ability: Supreme Overlord\n|-start|p1a: Kingambit|fallen1|[silent]\n|turn|3\n|\n|t:|1700780900\n|move|p2a: Kyogre at home|U-turn|p1a: Kingambit\n|-damage|p1a: Kingambit|94\/100\n|\n|t:|1700780902\n|switch|p2a: Marx|Zamazenta|100\/100|[from] U-turn\n|-damage|p2a: Marx|88\/100|[from] Spikes\n|-ability|p2a: Marx|Dauntless Shield|boost\n|-boost|p2a: Marx|def|1\n|move|p1a: Kingambit|Swords Dance|p1a: Kingambit\n|-boost|p1a: Kingambit|atk|2\n|\n|-weather|RainDance|[upkeep]\n|-heal|p2a: Marx|94\/100|[from] item: Leftovers\n|-heal|p1a: Kingambit|100\/100|[from] item: Leftovers\n|upkeep\n|turn|4\n|inactive|Battle timer is ON: inactive players will automatically lose when time's up. (requested by Burrasca)\n|j| Kyurem\n|\n|t:|1700780908\n|-end|p1a: Kingambit|fallen1|[silent]\n|switch|p1a: Garchomp|Garchomp, F|100\/100\n|move|p2a: Marx|Iron Defense|p2a: Marx\n|-boost|p2a: Marx|def|2\n|\n|-weather|RainDance|[upkeep]\n|-heal|p2a: Marx|100\/100|[from] item: Leftovers\n|upkeep\n|turn|5\n|\n|t:|1700780914\n|move|p2a: Marx|Iron Defense|p2a: Marx\n|-boost|p2a: Marx|def|2\n|move|p1a: Garchomp|Stealth Rock|p2a: Marx\n|-sidestart|p2: Burrasca|move: Stealth Rock\n|\n|-weather|RainDance|[upkeep]\n|upkeep\n|turn|6\n|\n|t:|1700780916\n|move|p2a: Marx|Body Press|p1a: Garchomp\n|-damage|p1a: Garchomp|34\/100\n|-damage|p2a: Marx|88\/100|[from] ability: Rough Skin|[of] p1a: Garchomp\n|-damage|p2a: Marx|72\/100|[from] item: Rocky Helmet|[of] p1a: Garchomp\n|move|p1a: Garchomp|Dragon Tail|p2a: Marx\n|-damage|p2a: Marx|64\/100\n|drag|p2a: Tempesta|Zapdos, shiny|43\/100\n|\n|-weather|RainDance|[upkeep]\n|upkeep\n|turn|7\n|\n|t:|1700780924\n|move|p2a: Tempesta|Hurricane|p1a: Garchomp\n|-damage|p1a: Garchomp|0 fnt\n|faint|p1a: Garchomp\n|\n|-weather|RainDance|[upkeep]\n|upkeep\n|\n|t:|1700780926\n|switch|p1a: Kingambit|Kingambit, F|100\/100\n|-activate|p1a: Kingambit|ability: Supreme Overlord\n|-start|p1a: Kingambit|fallen2|[silent]\n|turn|8\n|\n|t:|1700780928\n|move|p2a: Tempesta|Thunder|p1a: Kingambit\n|-damage|p1a: Kingambit|66\/100\n|-status|p1a: Kingambit|par\n|move|p1a: Kingambit|Swords Dance|p1a: Kingambit\n|-boost|p1a: Kingambit|atk|2\n|\n|-weather|RainDance|[upkeep]\n|-heal|p1a: Kingambit|72\/100 par|[from] item: Leftovers\n|upkeep\n|turn|9\n|\n|t:|1700780934\n|move|p2a: Tempesta|Thunder|p1a: Kingambit\n|-damage|p1a: Kingambit|31\/100 par\n|cant|p1a: Kingambit|par\n|\n|-weather|none\n|-heal|p1a: Kingambit|37\/100 par|[from] item: Leftovers\n|upkeep\n|turn|10\n|\n|t:|1700780941\n|switch|p2a: Kyogre at home|Pelipper, F|100\/100\n|-damage|p2a: Kyogre at home|76\/100|[from] Stealth Rock\n|-weather|RainDance|[from] ability: Drizzle|[of] p2a: Kyogre at home\n|cant|p1a: Kingambit|par\n|\n|-weather|RainDance|[upkeep]\n|-heal|p1a: Kingambit|43\/100 par|[from] item: Leftovers\n|upkeep\n|turn|11\n|\n|t:|1700780944\n|move|p2a: Kyogre at home|U-turn|p1a: Kingambit\n|-damage|p1a: Kingambit|36\/100 par\n|\n|t:|1700780947\n|switch|p2a: Tempesta|Zapdos, shiny|43\/100|[from] U-turn\n|move|p1a: Kingambit|Iron Head|p2a: Tempesta\n|-resisted|p2a: Tempesta\n|-damage|p2a: Tempesta|0 fnt\n|faint|p2a: Tempesta\n|\n|-weather|RainDance|[upkeep]\n|-heal|p1a: Kingambit|42\/100 par|[from] item: Leftovers\n|upkeep\n|\n|t:|1700780950\n|switch|p2a: Respectfully|Basculegion, M|100\/100\n|-damage|p2a: Respectfully|88\/100|[from] Spikes\n|-damage|p2a: Respectfully|76\/100|[from] Stealth Rock\n|turn|12\n|\n|t:|1700780954\n|move|p2a: Respectfully|Aqua Jet|p1a: Kingambit\n|-damage|p1a: Kingambit|15\/100 par\n|move|p1a: Kingambit|Sucker Punch||[still]\n|-fail|p1a: Kingambit\n|\n|-weather|RainDance|[upkeep]\n|-heal|p1a: Kingambit|21\/100 par|[from] item: Leftovers\n|upkeep\n|turn|13\n|\n|t:|1700780963\n|-end|p1a: Kingambit|fallen2|[silent]\n|switch|p1a: Heatran|Heatran, M|100\/100\n|move|p2a: Respectfully|Aqua Jet|p1a: Heatran\n|-supereffective|p1a: Heatran\n|-damage|p1a: Heatran|37\/100\n|-status|p2a: Respectfully|brn|[from] ability: Flame Body|[of] p1a: Heatran\n|\n|-weather|RainDance|[upkeep]\n|-heal|p1a: Heatran|43\/100|[from] item: Leftovers\n|-damage|p2a: Respectfully|70\/100 brn|[from] brn\n|upkeep\n|turn|14\n|\n|t:|1700780968\n|move|p2a: Respectfully|Wave Crash|p1a: Heatran\n|-supereffective|p1a: Heatran\n|-damage|p1a: Heatran|0 fnt\n|faint|p1a: Heatran\n|-damage|p2a: Respectfully|56\/100 brn|[from] Recoil\n|\n|-weather|RainDance|[upkeep]\n|-damage|p2a: Respectfully|50\/100 brn|[from] brn\n|upkeep\n|\n|t:|1700780973\n|switch|p1a: Kingambit|Kingambit, F|21\/100 par\n|-activate|p1a: Kingambit|ability: Supreme Overlord\n|-start|p1a: Kingambit|fallen3|[silent]\n|turn|15\n|\n|t:|1700780975\n|move|p2a: Respectfully|Aqua Jet|p1a: Kingambit\n|-damage|p1a: Kingambit|8\/100 par\n|move|p1a: Kingambit|Sucker Punch||[still]\n|-fail|p1a: Kingambit\n|\n|-weather|RainDance|[upkeep]\n|-heal|p1a: Kingambit|14\/100 par|[from] item: Leftovers\n|-damage|p2a: Respectfully|44\/100 brn|[from] brn\n|upkeep\n|turn|16\n|\n|t:|1700780979\n|move|p2a: Respectfully|Aqua Jet|p1a: Kingambit\n|-damage|p1a: Kingambit|0 fnt\n|faint|p1a: Kingambit\n|-end|p1a: Kingambit|fallen3|[silent]\n|\n|-weather|RainDance|[upkeep]\n|-damage|p2a: Respectfully|38\/100 brn|[from] brn\n|upkeep\n|\n|t:|1700780986\n|switch|p1a: Cresselia|Cresselia, F|100\/100\n|turn|17\n|\n|t:|1700780988\n|move|p2a: Respectfully|Wave Crash|p1a: Cresselia\n|-damage|p1a: Cresselia|69\/100\n|-damage|p2a: Respectfully|25\/100 brn|[from] Recoil\n|-enditem|p1a: Cresselia|Kee Berry|[eat]\n|-boost|p1a: Cresselia|def|1|[from] item: Kee Berry\n|move|p1a: Cresselia|Calm Mind|p1a: Cresselia\n|-boost|p1a: Cresselia|spa|1\n|-boost|p1a: Cresselia|spd|1\n|\n|-weather|none\n|-damage|p2a: Respectfully|19\/100 brn|[from] brn\n|upkeep\n|turn|18\n|\n|t:|1700780998\n|move|p2a: Respectfully|Wave Crash|p1a: Cresselia\n|-damage|p1a: Cresselia|55\/100\n|-damage|p2a: Respectfully|14\/100 brn|[from] Recoil\n|move|p1a: Cresselia|Calm Mind|p1a: Cresselia\n|-boost|p1a: Cresselia|spa|1\n|-boost|p1a: Cresselia|spd|1\n|\n|-damage|p2a: Respectfully|8\/100 brn|[from] brn\n|upkeep\n|turn|19\n|\n|t:|1700781003\n|move|p2a: Respectfully|Wave Crash|p1a: Cresselia\n|-damage|p1a: Cresselia|42\/100\n|-damage|p2a: Respectfully|3\/100 brn|[from] Recoil\n|move|p1a: Cresselia|Moonlight|p1a: Cresselia\n|-heal|p1a: Cresselia|92\/100\n|\n|-damage|p2a: Respectfully|0 fnt|[from] brn\n|faint|p2a: Respectfully\n|upkeep\n|\n|t:|1700781004\n|switch|p2a: RAID|Kleavor, F|100\/100\n|-damage|p2a: RAID|88\/100|[from] Spikes\n|-damage|p2a: RAID|63\/100|[from] Stealth Rock\n|turn|20\n|\n|t:|1700781011\n|-terastallize|p1a: Cresselia|Poison\n|move|p2a: RAID|U-turn|p1a: Cresselia\n|-resisted|p1a: Cresselia\n|-damage|p1a: Cresselia|85\/100\n|\n|t:|1700781016\n|switch|p2a: Kyogre at home|Pelipper, F|76\/100|[from] U-turn\n|-damage|p2a: Kyogre at home|51\/100|[from] Stealth Rock\n|-weather|RainDance|[from] ability: Drizzle|[of] p2a: Kyogre at home\n|move|p1a: Cresselia|Stored Power|p2a: Kyogre at home\n|-damage|p2a: Kyogre at home|0 fnt\n|faint|p2a: Kyogre at home\n|\n|-weather|RainDance|[upkeep]\n|upkeep\n|\n|t:|1700781023\n|switch|p2a: RAID|Kleavor, F|63\/100\n|-damage|p2a: RAID|51\/100|[from] Spikes\n|-damage|p2a: RAID|26\/100|[from] Stealth Rock\n|turn|21\n|\n|t:|1700781028\n|move|p2a: RAID|Stone Axe|p1a: Cresselia|[miss]\n|-miss|p2a: RAID|p1a: Cresselia\n|move|p1a: Cresselia|Stored Power|p2a: RAID\n|-damage|p2a: RAID|0 fnt\n|faint|p2a: RAID\n|\n|-weather|RainDance|[upkeep]\n|upkeep\n|\n|t:|1700781033\n|switch|p2a: Marx|Zamazenta|64\/100\n|-damage|p2a: Marx|52\/100|[from] Spikes\n|-damage|p2a: Marx|45\/100|[from] Stealth Rock\n|turn|22\n|\n|t:|1700781037\n|move|p2a: Marx|Wild Charge|p1a: Cresselia\n|-damage|p1a: Cresselia|73\/100\n|-damage|p2a: Marx|41\/100|[from] Recoil\n|move|p1a: Cresselia|Moonblast|p2a: Marx\n|-supereffective|p2a: Marx\n|-crit|p2a: Marx\n|-damage|p2a: Marx|0 fnt\n|faint|p2a: Marx\n|\n|-weather|RainDance|[upkeep]\n|upkeep\n|\n|t:|1700781039\n|switch|p2a: Scholar\u2019s mate|Greninja, M|100\/100\n|-damage|p2a: Scholar\u2019s mate|88\/100|[from] Spikes\n|-damage|p2a: Scholar\u2019s mate|76\/100|[from] Stealth Rock\n|turn|23\n|\n|t:|1700781041\n|-terastallize|p2a: Scholar\u2019s mate|Water\n|move|p2a: Scholar\u2019s mate|Surf|p1a: Cresselia\n|-damage|p1a: Cresselia|32\/100\n|-damage|p2a: Scholar\u2019s mate|66\/100|[from] item: Life Orb\n|move|p1a: Cresselia|Moonblast|p2a: Scholar\u2019s mate\n|-damage|p2a: Scholar\u2019s mate|15\/100\n|\n|-weather|RainDance|[upkeep]\n|upkeep\n|turn|24\n|\n|t:|1700781047\n|move|p2a: Scholar\u2019s mate|Surf|p1a: Cresselia\n|-damage|p1a: Cresselia|0 fnt\n|faint|p1a: Cresselia\n|-ability|p2a: Scholar\u2019s mate|Battle Bond|boost\n|-boost|p2a: Scholar\u2019s mate|atk|1\n|-boost|p2a: Scholar\u2019s mate|spa|1\n|-boost|p2a: Scholar\u2019s mate|spe|1\n|-activate|p2a: Scholar\u2019s mate|ability: Battle Bond\n|-damage|p2a: Scholar\u2019s mate|5\/100|[from] item: Life Orb\n|\n|-weather|RainDance|[upkeep]\n|upkeep\n|\n|t:|1700781049\n|switch|p1a: Scizor|Scizor, F|100\/100\n|turn|25\n|\n|t:|1700781051\n|move|p2a: Scholar\u2019s mate|Water Shuriken|p1a: Scizor\n|-damage|p1a: Scizor|62\/100\n|-crit|p1a: Scizor\n|-damage|p1a: Scizor|12\/100\n|-damage|p1a: Scizor|0 fnt\n|faint|p1a: Scizor\n|-hitcount|p1: Scizor|3\n|-damage|p2a: Scholar\u2019s mate|0 fnt|[from] item: Life Orb\n|faint|p2a: Scholar\u2019s mate\n|\n|win|Burrasca\n|raw|TrepYT's rating: 1674 &rarr; <strong>1652<\/strong><br \/>(-22 for losing)\n|raw|Burrasca's rating: 1641 &rarr; <strong>1663<\/strong><br \/>(+22 for winning)\n|l|\u203dTrepYT\n","uploadtime":1700781057,"views":6,"p1id":"trepyt","p2id":"burrasca","formatid":"gen9ou","rating":1652,"private":0,"password":""}