{"id":"gen9ou-1988255642","p1":"Yo Azz Is GOOBED","p2":"L takers inc","format":"[Gen 9] OU","log":"|j|\u2606Yo Azz Is GOOBED\n|j|\u2606L takers inc\n|t:|1699695637\n|gametype|singles\n|player|p1|Yo Azz Is GOOBED|266|1584\n|player|p2|L takers inc|tuber|1579\n|teamsize|p1|6\n|teamsize|p2|6\n|gen|9\n|tier|[Gen 9] OU\n|rated|\n|rule|Sleep Clause Mod: Limit one foe put to sleep\n|rule|Species Clause: Limit one of each Pok\u00e9mon\n|rule|OHKO Clause: OHKO moves are banned\n|rule|Evasion Items Clause: Evasion items are banned\n|rule|Evasion Moves Clause: Evasion moves are banned\n|rule|Endless Battle Clause: Forcing endless battles is banned\n|rule|HP Percentage Mod: HP is shown in percentages\n|clearpoke\n|poke|p1|Dragapult, F|\n|poke|p1|Skeledirge, M|\n|poke|p1|Mandibuzz, F|\n|poke|p1|Weezing-Galar, M|\n|poke|p1|Milotic, M|\n|poke|p1|Gliscor, F|\n|poke|p2|Orthworm, F|\n|poke|p2|Gliscor, F|\n|poke|p2|Cinderace, M|\n|poke|p2|Dragapult, F|\n|poke|p2|Empoleon, M|\n|poke|p2|Ogerpon, F|\n|teampreview\n|inactive|Battle timer is ON: inactive players will automatically lose when time's up. (requested by Yo Azz Is GOOBED)\n|\n|t:|1699695659\n|start\n|switch|p1a: Dragapult|Dragapult, F|100\/100\n|switch|p2a: Empoleon|Empoleon, M|100\/100\n|turn|1\n|\n|t:|1699695670\n|move|p1a: Dragapult|Shadow Ball|p2a: Empoleon\n|-damage|p2a: Empoleon|66\/100\n|move|p2a: Empoleon|Stealth Rock|p1a: Dragapult\n|-sidestart|p1: Yo Azz Is GOOBED|move: Stealth Rock\n|\n|-heal|p2a: Empoleon|72\/100|[from] item: Leftovers\n|upkeep\n|turn|2\n|\n|t:|1699695677\n|move|p1a: Dragapult|Shadow Ball|p2a: Empoleon\n|-damage|p2a: Empoleon|38\/100\n|move|p2a: Empoleon|Roost|p2a: Empoleon\n|-heal|p2a: Empoleon|88\/100\n|-singleturn|p2a: Empoleon|move: Roost\n|\n|-heal|p2a: Empoleon|95\/100|[from] item: Leftovers\n|upkeep\n|turn|3\n|\n|t:|1699695707\n|move|p1a: Dragapult|Shadow Ball|p2a: Empoleon\n|-damage|p2a: Empoleon|60\/100\n|move|p2a: Empoleon|Flip Turn|p1a: Dragapult\n|-resisted|p1a: Dragapult\n|-damage|p1a: Dragapult|87\/100\n|inactive|L takers inc has 120 seconds left.\n|j| lgang007\n|\n|t:|1699695742\n|switch|p2a: Dragapult|Dragapult, F|100\/100|[from] Flip Turn\n|\n|upkeep\n|turn|4\n|\n|t:|1699695750\n|switch|p1a: Weezing|Weezing-Galar, M|100\/100\n|-ability|p1a: Weezing|Neutralizing Gas\n|-damage|p1a: Weezing|88\/100|[from] Stealth Rock\n|move|p2a: Dragapult|Draco Meteor|p1a: Weezing\n|-immune|p1a: Weezing\n|\n|-heal|p1a: Weezing|94\/100|[from] item: Leftovers\n|upkeep\n|turn|5\n|\n|t:|1699695760\n|switch|p2a: Cinderace|Cinderace, M|100\/100\n|move|p1a: Weezing|Defog|p2a: Cinderace\n|-unboost|p2a: Cinderace|evasion|1\n|-sideend|p1: Yo Azz Is GOOBED|Stealth Rock|[from] move: Defog|[of] p1a: Weezing\n|\n|-heal|p1a: Weezing|99\/100|[from] item: Leftovers\n|upkeep\n|turn|6\n|\n|t:|1699695769\n|move|p2a: Cinderace|Will-O-Wisp|p1a: Weezing\n|-status|p1a: Weezing|brn\n|move|p1a: Weezing|Toxic Spikes|p2a: Cinderace\n|-sidestart|p2: L takers inc|move: Toxic Spikes\n|\n|-heal|p1a: Weezing|100\/100 brn|[from] item: Leftovers\n|-damage|p1a: Weezing|94\/100 brn|[from] brn\n|upkeep\n|turn|7\n|\n|t:|1699695777\n|move|p2a: Cinderace|Pyro Ball|p1a: Weezing\n|-damage|p1a: Weezing|62\/100 brn\n|move|p1a: Weezing|Sludge Bomb|p2a: Cinderace\n|-damage|p2a: Cinderace|68\/100\n|-status|p2a: Cinderace|psn\n|\n|-heal|p1a: Weezing|68\/100 brn|[from] item: Leftovers\n|-damage|p2a: Cinderace|56\/100 psn|[from] psn\n|-damage|p1a: Weezing|62\/100 brn|[from] brn\n|upkeep\n|turn|8\n|inactive|L takers inc has 120 seconds left.\n|\n|t:|1699695806\n|-end|p1a: Weezing|ability: Neutralizing Gas\n|switch|p1a: Gliscor|Gliscor, F|100\/100\n|move|p2a: Cinderace|U-turn|p1a: Gliscor\n|-resisted|p1a: Gliscor\n|-damage|p1a: Gliscor|95\/100\n|\n|t:|1699695819\n|switch|p2a: Gliscor|Gliscor, F|100\/100|[from] U-turn\n|\n|-status|p2a: Gliscor|tox|[from] item: Toxic Orb\n|-status|p1a: Gliscor|tox|[from] item: Toxic Orb\n|upkeep\n|turn|9\n|\n|t:|1699695825\n|move|p2a: Gliscor|U-turn|p1a: Gliscor\n|-resisted|p1a: Gliscor\n|-damage|p1a: Gliscor|91\/100 tox\n|\n|t:|1699695828\n|switch|p2a: Orthworm|Orthworm, F|100\/100|[from] U-turn\n|move|p1a: Gliscor|Stealth Rock|p2a: Orthworm\n|-sidestart|p2: L takers inc|move: Stealth Rock\n|\n|-heal|p1a: Gliscor|100\/100 tox|[from] ability: Poison Heal\n|upkeep\n|turn|10\n|\n|t:|1699695837\n|move|p2a: Orthworm|Substitute|p2a: Orthworm\n|-start|p2a: Orthworm|Substitute\n|-damage|p2a: Orthworm|76\/100\n|move|p1a: Gliscor|Knock Off|p2a: Orthworm\n|-activate|p2a: Orthworm|move: Substitute|[damage]\n|\n|-heal|p2a: Orthworm|82\/100|[from] item: Leftovers\n|upkeep\n|turn|11\n|inactive|L takers inc has 120 seconds left.\n|\n|t:|1699695845\n|move|p2a: Orthworm|Coil|p2a: Orthworm\n|-boost|p2a: Orthworm|atk|1\n|-boost|p2a: Orthworm|def|1\n|-boost|p2a: Orthworm|accuracy|1\n|move|p1a: Gliscor|U-turn|p2a: Orthworm\n|-resisted|p2a: Orthworm\n|-activate|p2a: Orthworm|move: Substitute|[damage]\n|\n|t:|1699695849\n|switch|p1a: Skeledirge|Skeledirge, M|100\/100|[from] U-turn\n|\n|-heal|p2a: Orthworm|88\/100|[from] item: Leftovers\n|upkeep\n|turn|12\n|\n|t:|1699695854\n|move|p2a: Orthworm|Rock Slide|p1a: Skeledirge\n|-supereffective|p1a: Skeledirge\n|-damage|p1a: Skeledirge|76\/100\n|move|p1a: Skeledirge|Torch Song|p2a: Orthworm\n|-supereffective|p2a: Orthworm\n|-damage|p2a: Orthworm|0 fnt\n|-boost|p1a: Skeledirge|spa|1\n|faint|p2a: Orthworm\n|\n|upkeep\n|-message|L takers inc forfeited.\n|\n|win|Yo Azz Is GOOBED\n|raw|Yo Azz Is GOOBED's rating: 1584 &rarr; <strong>1604<\/strong><br \/>(+20 for winning)\n|raw|L takers inc's rating: 1579 &rarr; <strong>1559<\/strong><br \/>(-20 for losing)\n|l|\u2606L takers inc\n|l|\u2606Yo Azz Is GOOBED\n","uploadtime":1699695868,"views":15,"p1id":"yoazzisgoobed","p2id":"ltakersinc","formatid":"gen9ou","rating":1559,"private":0,"password":""}