{"id":"gen9ou-1997054251","p1":"radiant_reploid","p2":"Plukon T","format":"[Gen 9] OU","log":"|j|\u2606radiant_reploid\n|j|\u2606Plukon T\n|t:|1700759895\n|gametype|singles\n|player|p1|radiant_reploid|cheren-gen5bw2|1419\n|player|p2|Plukon T|sabrina-masters|1451\n|teamsize|p1|6\n|teamsize|p2|6\n|gen|9\n|tier|[Gen 9] OU\n|rated|\n|rule|Sleep Clause Mod: Limit one foe put to sleep\n|rule|Species Clause: Limit one of each Pok\u00e9mon\n|rule|OHKO Clause: OHKO moves are banned\n|rule|Evasion Items Clause: Evasion items are banned\n|rule|Evasion Moves Clause: Evasion moves are banned\n|rule|Endless Battle Clause: Forcing endless battles is banned\n|rule|HP Percentage Mod: HP is shown in percentages\n|clearpoke\n|poke|p1|Samurott-Hisui, M|\n|poke|p1|Iron Valiant|\n|poke|p1|Slowking-Galar, M|\n|poke|p1|Great Tusk|\n|poke|p1|Ceruledge, M|\n|poke|p1|Kingambit, M|\n|poke|p2|Great Tusk|\n|poke|p2|Hatterene, F|\n|poke|p2|Ribombee, F|\n|poke|p2|Regidrago|\n|poke|p2|Gholdengo|\n|poke|p2|Ogerpon-Cornerstone, F|\n|teampreview\n|inactive|Battle timer is ON: inactive players will automatically lose when time's up. (requested by Plukon T)\n|\n|t:|1700759909\n|start\n|switch|p1a: NyQuil|Slowking-Galar, M|100\/100\n|switch|p2a: Ribombee|Ribombee, F|100\/100\n|turn|1\n|\n|t:|1700759912\n|move|p2a: Ribombee|Sticky Web|p1a: NyQuil\n|-sidestart|p1: radiant_reploid|move: Sticky Web\n|move|p1a: NyQuil|Sludge Bomb|p2a: Ribombee\n|-supereffective|p2a: Ribombee\n|-crit|p2a: Ribombee\n|-enditem|p2a: Ribombee|Focus Sash\n|-damage|p2a: Ribombee|1\/100\n|\n|upkeep\n|turn|2\n|\n|t:|1700759916\n|move|p2a: Ribombee|U-turn|p1a: NyQuil\n|-damage|p1a: NyQuil|86\/100\n|\n|t:|1700759917\n|switch|p2a: Gholdengo|Gholdengo|100\/100|[from] U-turn\n|-item|p2a: Gholdengo|Air Balloon\n|move|p1a: NyQuil|Yawn|p2a: Gholdengo\n|-immune|p2a: Gholdengo|[from] ability: Good as Gold\n|\n|upkeep\n|turn|3\n|\n|t:|1700759926\n|move|p2a: Gholdengo|Shadow Ball|p1a: NyQuil\n|-supereffective|p1a: NyQuil\n|-damage|p1a: NyQuil|40\/100\n|move|p1a: NyQuil|Chilly Reception|p1a: NyQuil\n|-weather|Snow\n|\n|t:|1700759929\n|switch|p1a: Sephirott|Samurott-Hisui, M|100\/100|[from] Chilly Reception\n|-activate|p1a: Sephirott|move: Sticky Web\n|-unboost|p1a: Sephirott|spe|1\n|\n|-weather|Snow|[upkeep]\n|upkeep\n|turn|4\n|\n|t:|1700759935\n|switch|p2a: Ribombee|Ribombee, F|1\/100\n|move|p1a: Sephirott|Ceaseless Edge|p2a: Ribombee\n|-resisted|p2a: Ribombee\n|-damage|p2a: Ribombee|0 fnt\n|-sidestart|p2: Plukon T|Spikes\n|faint|p2a: Ribombee\n|\n|-weather|Snow|[upkeep]\n|upkeep\n|\n|t:|1700759937\n|switch|p2a: Great Tusk|Great Tusk|100\/100\n|-damage|p2a: Great Tusk|88\/100|[from] Spikes\n|turn|5\n|\n|t:|1700759952\n|switch|p1a: Blues.EXE|Ceruledge, M|100\/100\n|-activate|p1a: Blues.EXE|move: Sticky Web\n|-unboost|p1a: Blues.EXE|spe|1\n|move|p2a: Great Tusk|Rapid Spin|p1a: Blues.EXE\n|-immune|p1a: Blues.EXE\n|\n|-weather|Snow|[upkeep]\n|-heal|p2a: Great Tusk|94\/100|[from] item: Leftovers\n|upkeep\n|turn|6\n|\n|t:|1700759958\n|move|p2a: Great Tusk|Bulk Up|p2a: Great Tusk\n|-boost|p2a: Great Tusk|atk|1\n|-boost|p2a: Great Tusk|def|1\n|move|p1a: Blues.EXE|Swords Dance|p1a: Blues.EXE\n|-boost|p1a: Blues.EXE|atk|2\n|\n|-weather|Snow|[upkeep]\n|-heal|p2a: Great Tusk|100\/100|[from] item: Leftovers\n|upkeep\n|turn|7\n|\n|t:|1700759962\n|move|p2a: Great Tusk|Bulk Up|p2a: Great Tusk\n|-boost|p2a: Great Tusk|atk|1\n|-boost|p2a: Great Tusk|def|1\n|move|p1a: Blues.EXE|Swords Dance|p1a: Blues.EXE\n|-boost|p1a: Blues.EXE|atk|2\n|\n|-weather|none\n|upkeep\n|turn|8\n|\n|t:|1700759967\n|move|p2a: Great Tusk|Bulk Up|p2a: Great Tusk\n|-boost|p2a: Great Tusk|atk|1\n|-boost|p2a: Great Tusk|def|1\n|move|p1a: Blues.EXE|Poltergeist|p2a: Great Tusk\n|-activate|p2a: Great Tusk|move: Poltergeist|Leftovers\n|-damage|p2a: Great Tusk|52\/100\n|\n|-heal|p2a: Great Tusk|58\/100|[from] item: Leftovers\n|upkeep\n|turn|9\n|\n|t:|1700759985\n|move|p2a: Great Tusk|Knock Off|p1a: Blues.EXE\n|-supereffective|p1a: Blues.EXE\n|-enditem|p1a: Blues.EXE|Focus Sash\n|-damage|p1a: Blues.EXE|1\/100\n|-ability|p1a: Blues.EXE|Weak Armor|boost\n|-unboost|p1a: Blues.EXE|def|1\n|-boost|p1a: Blues.EXE|spe|2\n|move|p1a: Blues.EXE|Swords Dance|p1a: Blues.EXE\n|-boost|p1a: Blues.EXE|atk|2\n|\n|-heal|p2a: Great Tusk|64\/100|[from] item: Leftovers\n|upkeep\n|turn|10\n|\n|t:|1700759989\n|-terastallize|p1a: Blues.EXE|Ghost\n|move|p1a: Blues.EXE|Poltergeist|p2a: Great Tusk\n|-activate|p2a: Great Tusk|move: Poltergeist|Leftovers\n|-damage|p2a: Great Tusk|0 fnt\n|faint|p2a: Great Tusk\n|-end|p2a: Great Tusk|Protosynthesis|[silent]\n|\n|upkeep\n|inactive|Plukon T has 120 seconds left.\n|\n|t:|1700760019\n|switch|p2a: Regidrago|Regidrago|100\/100\n|-damage|p2a: Regidrago|88\/100|[from] Spikes\n|turn|11\n|\n|t:|1700760027\n|move|p1a: Blues.EXE|Poltergeist|p2a: Regidrago\n|-activate|p2a: Regidrago|move: Poltergeist|Choice Specs\n|-damage|p2a: Regidrago|0 fnt\n|faint|p2a: Regidrago\n|\n|upkeep\n|\n|t:|1700760034\n|switch|p2a: Ogerpon|Ogerpon-Cornerstone, F|100\/100\n|-damage|p2a: Ogerpon|88\/100|[from] Spikes\n|turn|12\n|\n|t:|1700760040\n|-terastallize|p2a: Ogerpon|Rock\n|detailschange|p2a: Ogerpon|Ogerpon-Cornerstone-Tera, F, tera:Rock\n|-ability|p2a: Ogerpon|Embody Aspect (Cornerstone)|boost\n|-boost|p2a: Ogerpon|def|1\n|move|p1a: Blues.EXE|Poltergeist|p2a: Ogerpon\n|-activate|p2a: Ogerpon|move: Poltergeist|Cornerstone Mask\n|-damage|p2a: Ogerpon|0 fnt\n|faint|p2a: Ogerpon\n|\n|upkeep\n|-message|Plukon T forfeited.\n|\n|win|radiant_reploid\n|raw|radiant_reploid's rating: 1419 &rarr; <strong>1441<\/strong><br \/>(+22 for winning)\n|raw|Plukon T's rating: 1451 &rarr; <strong>1429<\/strong><br \/>(-22 for losing)\n|l|\u2606Plukon T\n","uploadtime":1700760059,"views":22,"p1id":"radiantreploid","p2id":"plukont","formatid":"gen9ou","rating":1429,"private":0,"password":""}