{"id":"gen9ou-1994724989","p1":"Gigachadium Z","p2":"gegio2017","format":"[Gen 9] OU","log":"|j|\u2606Gigachadium Z\n|j|\u2606gegio2017\n|t:|1700486071\n|gametype|singles\n|player|p1|Gigachadium Z|266|1401\n|player|p2|gegio2017|cynthia-gen4|1365\n|teamsize|p1|6\n|teamsize|p2|6\n|gen|9\n|tier|[Gen 9] OU\n|rated|\n|rule|Sleep Clause Mod: Limit one foe put to sleep\n|rule|Species Clause: Limit one of each Pok\u00e9mon\n|rule|OHKO Clause: OHKO moves are banned\n|rule|Evasion Items Clause: Evasion items are banned\n|rule|Evasion Moves Clause: Evasion moves are banned\n|rule|Endless Battle Clause: Forcing endless battles is banned\n|rule|HP Percentage Mod: HP is shown in percentages\n|clearpoke\n|poke|p1|Rillaboom, M|\n|poke|p1|Mandibuzz, F|\n|poke|p1|Gholdengo|\n|poke|p1|Iron Valiant|\n|poke|p1|Azumarill, M|\n|poke|p1|Kleavor, F|\n|poke|p2|Meowscarada, F|\n|poke|p2|Moltres|\n|poke|p2|Ting-Lu|\n|poke|p2|Dragonite, M|\n|poke|p2|Gholdengo|\n|poke|p2|Dondozo, M|\n|teampreview\n|inactive|Battle timer is ON: inactive players will automatically lose when time's up. (requested by Gigachadium Z)\n|\n|t:|1700486101\n|start\n|switch|p1a: Sam Sulek|Kleavor, F|100\/100\n|switch|p2a: Meowscarada|Meowscarada, F|100\/100\n|turn|1\n|\n|t:|1700486121\n|switch|p2a: Gholdengo|Gholdengo|100\/100\n|move|p1a: Sam Sulek|U-turn|p2a: Gholdengo\n|-resisted|p2a: Gholdengo\n|-damage|p2a: Gholdengo|94\/100\n|\n|t:|1700486126\n|switch|p1a: Yung Ding|Gholdengo, shiny|100\/100|[from] U-turn\n|\n|upkeep\n|turn|2\n|\n|t:|1700486130\n|switch|p2a: Ting-Lu|Ting-Lu|100\/100\n|-ability|p2a: Ting-Lu|Vessel of Ruin\n|move|p1a: Yung Ding|Shadow Ball|p2a: Ting-Lu\n|-resisted|p2a: Ting-Lu\n|-damage|p2a: Ting-Lu|92\/100\n|\n|-heal|p2a: Ting-Lu|98\/100|[from] item: Leftovers\n|upkeep\n|turn|3\n|\n|t:|1700486138\n|switch|p1a: Sam Sulek|Kleavor, F|100\/100\n|move|p2a: Ting-Lu|Spikes|p1a: Sam Sulek\n|-sidestart|p1: Gigachadium Z|Spikes\n|\n|-heal|p2a: Ting-Lu|100\/100|[from] item: Leftovers\n|upkeep\n|turn|4\n|\n|t:|1700486148\n|move|p1a: Sam Sulek|U-turn|p2a: Ting-Lu\n|-supereffective|p2a: Ting-Lu\n|-damage|p2a: Ting-Lu|66\/100\n|\n|t:|1700486151\n|switch|p1a: Upland Buzzed Jew|Mandibuzz, F|100\/100|[from] U-turn\n|move|p2a: Ting-Lu|Earthquake|p1a: Upland Buzzed Jew\n|-immune|p1a: Upland Buzzed Jew\n|\n|-heal|p2a: Ting-Lu|72\/100|[from] item: Leftovers\n|upkeep\n|turn|5\n|\n|t:|1700486162\n|move|p1a: Upland Buzzed Jew|Foul Play|p2a: Ting-Lu\n|-resisted|p2a: Ting-Lu\n|-damage|p2a: Ting-Lu|64\/100\n|move|p2a: Ting-Lu|Stealth Rock|p1a: Upland Buzzed Jew\n|-sidestart|p1: Gigachadium Z|move: Stealth Rock\n|\n|-heal|p2a: Ting-Lu|70\/100|[from] item: Leftovers\n|upkeep\n|turn|6\n|\n|t:|1700486166\n|switch|p2a: Gholdengo|Gholdengo|94\/100\n|move|p1a: Upland Buzzed Jew|Defog|p2a: Gholdengo\n|-immune|p2a: Gholdengo|[from] ability: Good as Gold\n|\n|upkeep\n|turn|7\n|\n|t:|1700486180\n|move|p2a: Gholdengo|Nasty Plot|p2a: Gholdengo\n|-boost|p2a: Gholdengo|spa|2\n|move|p1a: Upland Buzzed Jew|Foul Play|p2a: Gholdengo\n|-supereffective|p2a: Gholdengo\n|-damage|p2a: Gholdengo|72\/100\n|\n|upkeep\n|turn|8\n|\n|t:|1700486193\n|move|p2a: Gholdengo|Make It Rain|p1a: Upland Buzzed Jew\n|-damage|p1a: Upland Buzzed Jew|37\/100\n|-unboost|p2a: Gholdengo|spa|1\n|move|p1a: Upland Buzzed Jew|U-turn|p2a: Gholdengo\n|-resisted|p2a: Gholdengo\n|-damage|p2a: Gholdengo|70\/100\n|\n|t:|1700486196\n|switch|p1a: Yung Ding|Gholdengo, shiny|100\/100|[from] U-turn\n|-damage|p1a: Yung Ding|88\/100|[from] Spikes\n|-damage|p1a: Yung Ding|82\/100|[from] Stealth Rock\n|\n|upkeep\n|turn|9\n|\n|t:|1700486202\n|switch|p2a: Ting-Lu|Ting-Lu|70\/100\n|-ability|p2a: Ting-Lu|Vessel of Ruin\n|move|p1a: Yung Ding|Make It Rain|p2a: Ting-Lu\n|-damage|p2a: Ting-Lu|39\/100\n|-unboost|p1a: Yung Ding|spa|1\n|\n|-heal|p2a: Ting-Lu|45\/100|[from] item: Leftovers\n|upkeep\n|turn|10\n|\n|t:|1700486211\n|switch|p1a: Upland Buzzed Jew|Mandibuzz, F|37\/100\n|move|p2a: Ting-Lu|Spikes|p1a: Upland Buzzed Jew\n|-sidestart|p1: Gigachadium Z|Spikes\n|\n|-heal|p2a: Ting-Lu|51\/100|[from] item: Leftovers\n|upkeep\n|turn|11\n|\n|t:|1700486217\n|switch|p2a: Gholdengo|Gholdengo|70\/100\n|move|p1a: Upland Buzzed Jew|Roost|p1a: Upland Buzzed Jew\n|-heal|p1a: Upland Buzzed Jew|87\/100\n|-singleturn|p1a: Upland Buzzed Jew|move: Roost\n|\n|upkeep\n|turn|12\n|\n|t:|1700486227\n|move|p2a: Gholdengo|Make It Rain|p1a: Upland Buzzed Jew\n|-damage|p1a: Upland Buzzed Jew|56\/100\n|-unboost|p2a: Gholdengo|spa|1\n|move|p1a: Upland Buzzed Jew|U-turn|p2a: Gholdengo\n|-resisted|p2a: Gholdengo\n|-damage|p2a: Gholdengo|68\/100\n|\n|t:|1700486247\n|switch|p1a: Sam Sulek|Kleavor, F|100\/100|[from] U-turn\n|-damage|p1a: Sam Sulek|84\/100|[from] Spikes\n|-damage|p1a: Sam Sulek|59\/100|[from] Stealth Rock\n|\n|upkeep\n|turn|13\n|\n|t:|1700486255\n|switch|p2a: Dondozo|Dondozo, M|100\/100\n|move|p1a: Sam Sulek|U-turn|p2a: Dondozo\n|-damage|p2a: Dondozo|83\/100\n|\n|t:|1700486260\n|switch|p1a: Upland Buzzed Jew|Mandibuzz, F|56\/100|[from] U-turn\n|\n|upkeep\n|turn|14\n|\n|t:|1700486263\n|switch|p2a: Gholdengo|Gholdengo|68\/100\n|move|p1a: Upland Buzzed Jew|Defog|p2a: Gholdengo\n|-immune|p2a: Gholdengo|[from] ability: Good as Gold\n|\n|upkeep\n|turn|15\n|\n|t:|1700486266\n|move|p2a: Gholdengo|Recover|p2a: Gholdengo\n|-heal|p2a: Gholdengo|100\/100\n|move|p1a: Upland Buzzed Jew|Foul Play|p2a: Gholdengo\n|-supereffective|p2a: Gholdengo\n|-damage|p2a: Gholdengo|79\/100\n|\n|upkeep\n|turn|16\n|c|\u2606Gigachadium Z|ur a fucking cuck\n|-message|Gigachadium Z forfeited.\n|\n|win|gegio2017\n|raw|Gigachadium Z's rating: 1401 &rarr; <strong>1379<\/strong><br \/>(-22 for losing)\n|raw|gegio2017's rating: 1365 &rarr; <strong>1387<\/strong><br \/>(+22 for winning)\n","uploadtime":1700486275,"views":4,"p1id":"gigachadiumz","p2id":"gegio2017","formatid":"gen9ou","rating":1379,"private":0,"password":""}