{"id":"gen9ou-1993215169","p1":"ChennyKesney","p2":"Spirit Bomb 777","format":"[Gen 9] OU","log":"|j|\u2606ChennyKesney\n|j|\u2606Spirit Bomb 777\n|t:|1700279138\n|gametype|singles\n|player|p1|ChennyKesney|blue|1245\n|player|p2|Spirit Bomb 777|furisodegirl-pink|1372\n|teamsize|p1|6\n|teamsize|p2|6\n|gen|9\n|tier|[Gen 9] OU\n|rated|\n|rule|Sleep Clause Mod: Limit one foe put to sleep\n|rule|Species Clause: Limit one of each Pok\u00e9mon\n|rule|OHKO Clause: OHKO moves are banned\n|rule|Evasion Items Clause: Evasion items are banned\n|rule|Evasion Moves Clause: Evasion moves are banned\n|rule|Endless Battle Clause: Forcing endless battles is banned\n|rule|HP Percentage Mod: HP is shown in percentages\n|clearpoke\n|poke|p1|Thundurus, M|\n|poke|p1|Gholdengo|\n|poke|p1|Glimmora, F|\n|poke|p1|Dragapult, M|\n|poke|p1|Heatran, M|\n|poke|p1|Dragonite, M|\n|poke|p2|Walking Wake|\n|poke|p2|Maushold-Four|\n|poke|p2|Dragonite, F|\n|poke|p2|Weezing-Galar, M|\n|poke|p2|Great Tusk|\n|poke|p2|Muk-Alola, F|\n|teampreview\n|inactive|Battle timer is ON: inactive players will automatically lose when time's up. (requested by ChennyKesney)\n|\n|t:|1700279148\n|start\n|switch|p1a: Heatran|Heatran, M|100\/100\n|switch|p2a: Muk|Muk-Alola, F|100\/100\n|turn|1\n|\n|t:|1700279158\n|move|p1a: Heatran|Magma Storm|p2a: Muk\n|-damage|p2a: Muk|77\/100\n|-activate|p2a: Muk|move: Magma Storm|[of] p1a: Heatran\n|move|p2a: Muk|Drain Punch|p1a: Heatran\n|-supereffective|p1a: Heatran\n|-damage|p1a: Heatran|70\/100\n|-heal|p2a: Muk|91\/100|[from] drain|[of] p1a: Heatran\n|\n|-heal|p1a: Heatran|76\/100|[from] item: Leftovers\n|-heal|p2a: Muk|97\/100|[from] item: Black Sludge\n|-damage|p2a: Muk|85\/100|[from] move: Magma Storm|[partiallytrapped]\n|upkeep\n|turn|2\n|\n|t:|1700279182\n|move|p1a: Heatran|Protect|p1a: Heatran\n|-singleturn|p1a: Heatran|Protect\n|move|p2a: Muk|Knock Off|p1a: Heatran\n|-activate|p1a: Heatran|move: Protect\n|\n|-heal|p1a: Heatran|82\/100|[from] item: Leftovers\n|-heal|p2a: Muk|91\/100|[from] item: Black Sludge\n|-damage|p2a: Muk|78\/100|[from] move: Magma Storm|[partiallytrapped]\n|upkeep\n|turn|3\n|\n|t:|1700279195\n|move|p1a: Heatran|Earth Power|p2a: Muk\n|-supereffective|p2a: Muk\n|-damage|p2a: Muk|46\/100\n|move|p2a: Muk|Knock Off|p1a: Heatran\n|-damage|p1a: Heatran|50\/100\n|-enditem|p1a: Heatran|Leftovers|[from] move: Knock Off|[of] p2a: Muk\n|\n|-heal|p2a: Muk|52\/100|[from] item: Black Sludge\n|-damage|p2a: Muk|40\/100|[from] move: Magma Storm|[partiallytrapped]\n|upkeep\n|turn|4\n|\n|t:|1700279207\n|move|p1a: Heatran|Protect|p1a: Heatran\n|-singleturn|p1a: Heatran|Protect\n|move|p2a: Muk|Protect||[still]\n|-fail|p2a: Muk\n|\n|-heal|p2a: Muk|46\/100|[from] item: Black Sludge\n|-damage|p2a: Muk|34\/100|[from] move: Magma Storm|[partiallytrapped]\n|upkeep\n|turn|5\n|\n|t:|1700279216\n|move|p1a: Heatran|Magma Storm|p2a: Muk|[miss]\n|-miss|p1a: Heatran|p2a: Muk\n|move|p2a: Muk|Drain Punch|p1a: Heatran\n|-supereffective|p1a: Heatran\n|-damage|p1a: Heatran|23\/100\n|-heal|p2a: Muk|47\/100|[from] drain|[of] p1a: Heatran\n|\n|-heal|p2a: Muk|53\/100|[from] item: Black Sludge\n|-end|p2a: Muk|Magma Storm|[partiallytrapped]\n|upkeep\n|turn|6\n|\n|t:|1700279232\n|move|p2a: Muk|Protect|p2a: Muk\n|-singleturn|p2a: Muk|Protect\n|move|p1a: Heatran|Magma Storm|p2a: Muk\n|-activate|p2a: Muk|move: Protect\n|\n|-heal|p2a: Muk|59\/100|[from] item: Black Sludge\n|upkeep\n|turn|7\n|inactive|Spirit Bomb 777 has 120 seconds left.\n|\n|t:|1700279269\n|switch|p1a: Dragonite|Dragonite, M|100\/100\n|move|p2a: Muk|Drain Punch|p1a: Dragonite\n|-resisted|p1a: Dragonite\n|-damage|p1a: Dragonite|95\/100\n|-heal|p2a: Muk|61\/100|[from] drain|[of] p1a: Dragonite\n|\n|-heal|p2a: Muk|67\/100|[from] item: Black Sludge\n|upkeep\n|turn|8\n|\n|t:|1700279279\n|move|p1a: Dragonite|Earthquake|p2a: Muk\n|-supereffective|p2a: Muk\n|-damage|p2a: Muk|0 fnt\n|faint|p2a: Muk\n|\n|upkeep\n|\n|t:|1700279286\n|switch|p2a: Dragonite|Dragonite, F|100\/100\n|turn|9\n|\n|t:|1700279300\n|switch|p1a: Thundurus|Thundurus, M|100\/100\n|move|p2a: Dragonite|Ice Spinner|p1a: Thundurus\n|-supereffective|p1a: Thundurus\n|-damage|p1a: Thundurus|0 fnt\n|faint|p1a: Thundurus\n|\n|upkeep\n|inactive|ChennyKesney has 120 seconds left.\n|\n|t:|1700279330\n|switch|p1a: Glimmora|Glimmora, F|100\/100\n|turn|10\n|inactive|ChennyKesney has 120 seconds left.\n|\n|t:|1700279349\n|switch|p2a: Weezing|Weezing-Galar, M|100\/100\n|move|p1a: Glimmora|Stealth Rock|p2a: Weezing\n|-sidestart|p2: Spirit Bomb 777|move: Stealth Rock\n|\n|upkeep\n|turn|11\n|inactive|ChennyKesney has 120 seconds left.\n|\n|t:|1700279364\n|switch|p1a: Gholdengo|Gholdengo|100\/100\n|move|p2a: Weezing|Shadow Ball|p1a: Gholdengo\n|-supereffective|p1a: Gholdengo\n|-damage|p1a: Gholdengo|17\/100\n|\n|upkeep\n|turn|12\n|inactive|ChennyKesney has 120 seconds left.\n|\n|t:|1700279386\n|-terastallize|p2a: Weezing|Fire\n|move|p1a: Gholdengo|Make It Rain|p2a: Weezing\n|-resisted|p2a: Weezing\n|-damage|p2a: Weezing|19\/100\n|-unboost|p1a: Gholdengo|spa|1\n|move|p2a: Weezing|Shadow Ball|p1a: Gholdengo\n|-supereffective|p1a: Gholdengo\n|-damage|p1a: Gholdengo|0 fnt\n|faint|p1a: Gholdengo\n|\n|upkeep\n|\n|t:|1700279399\n|switch|p1a: Dragonite|Dragonite, M|95\/100\n|turn|13\n|\n|t:|1700279403\n|move|p1a: Dragonite|Extreme Speed|p2a: Weezing\n|-damage|p2a: Weezing|0 fnt\n|faint|p2a: Weezing\n|\n|upkeep\n|\n|t:|1700279407\n|switch|p2a: Walking Wake|Walking Wake|100\/100\n|-damage|p2a: Walking Wake|88\/100|[from] Stealth Rock\n|turn|14\n|\n|t:|1700279414\n|-terastallize|p1a: Dragonite|Normal\n|move|p1a: Dragonite|Extreme Speed|p2a: Walking Wake\n|-damage|p2a: Walking Wake|8\/100\n|move|p2a: Walking Wake|Flip Turn|p1a: Dragonite\n|-damage|p1a: Dragonite|79\/100\n|\n|t:|1700279424\n|-end|p2a: Walking Wake|Protosynthesis|[silent]\n|switch|p2a: Great Tusk|Great Tusk|100\/100|[from] Flip Turn\n|-damage|p2a: Great Tusk|97\/100|[from] Stealth Rock\n|\n|upkeep\n|turn|15\n|\n|t:|1700279431\n|switch|p1a: Heatran|Heatran, M|23\/100\n|move|p2a: Great Tusk|Rapid Spin|p1a: Heatran\n|-resisted|p1a: Heatran\n|-damage|p1a: Heatran|17\/100\n|-boost|p2a: Great Tusk|spe|1\n|-sideend|p2: Spirit Bomb 777|Stealth Rock|[from] move: Rapid Spin|[of] p2a: Great Tusk\n|\n|upkeep\n|turn|16\n|\n|t:|1700279439\n|move|p2a: Great Tusk|Rapid Spin|p1a: Heatran\n|-resisted|p1a: Heatran\n|-damage|p1a: Heatran|11\/100\n|-boost|p2a: Great Tusk|spe|1\n|move|p1a: Heatran|Magma Storm|p2a: Great Tusk\n|-damage|p2a: Great Tusk|45\/100\n|-activate|p2a: Great Tusk|move: Magma Storm|[of] p1a: Heatran\n|\n|-damage|p2a: Great Tusk|32\/100|[from] move: Magma Storm|[partiallytrapped]\n|upkeep\n|turn|17\n|\n|t:|1700279449\n|move|p1a: Heatran|Protect|p1a: Heatran\n|-singleturn|p1a: Heatran|Protect\n|move|p2a: Great Tusk|Stealth Rock|p1a: Heatran\n|-sidestart|p1: ChennyKesney|move: Stealth Rock\n|\n|-damage|p2a: Great Tusk|20\/100|[from] move: Magma Storm|[partiallytrapped]\n|upkeep\n|turn|18\n|\n|t:|1700279457\n|move|p1a: Heatran|Protect||[still]\n|-fail|p1a: Heatran\n|move|p2a: Great Tusk|Earthquake|p1a: Heatran\n|-supereffective|p1a: Heatran\n|-damage|p1a: Heatran|0 fnt\n|faint|p1a: Heatran\n|\n|-end|p2a: Great Tusk|Magma Storm|[partiallytrapped]|[silent]\n|upkeep\n|\n|t:|1700279473\n|switch|p1a: Dragonite|Dragonite, M, tera:Normal|79\/100\n|-damage|p1a: Dragonite|67\/100|[from] Stealth Rock\n|turn|19\n|\n|t:|1700279478\n|move|p1a: Dragonite|Extreme Speed|p2a: Great Tusk\n|-crit|p2a: Great Tusk\n|-damage|p2a: Great Tusk|0 fnt\n|-damage|p1a: Dragonite|50\/100|[from] item: Rocky Helmet|[of] p2a: Great Tusk\n|faint|p2a: Great Tusk\n|-end|p2a: Great Tusk|Protosynthesis|[silent]\n|\n|upkeep\n|\n|t:|1700279484\n|switch|p2a: Dragonite|Dragonite, F|100\/100\n|turn|20\n|\n|t:|1700279490\n|switch|p1a: Glimmora|Glimmora, F|100\/100\n|-damage|p1a: Glimmora|88\/100|[from] Stealth Rock\n|move|p2a: Dragonite|Ice Spinner|p1a: Glimmora\n|-damage|p1a: Glimmora|29\/100\n|-activate|p1a: Glimmora|ability: Toxic Debris\n|-sidestart|p2: Spirit Bomb 777|move: Toxic Spikes\n|\n|upkeep\n|turn|21\n|\n|t:|1700279504\n|switch|p2a: Walking Wake|Walking Wake|8\/100\n|-status|p2a: Walking Wake|psn\n|move|p1a: Glimmora|Mortal Spin|p2a: Walking Wake\n|-damage|p2a: Walking Wake|2\/100 psn\n|-sideend|p1: ChennyKesney|Stealth Rock|[from] move: Mortal Spin|[of] p1a: Glimmora\n|\n|-damage|p2a: Walking Wake|0 fnt|[from] psn\n|faint|p2a: Walking Wake\n|-end|p2a: Walking Wake|Protosynthesis|[silent]\n|upkeep\n|\n|t:|1700279508\n|switch|p2a: Maushold|Maushold-Four|100\/100\n|-status|p2a: Maushold|psn\n|turn|22\n|\n|t:|1700279523\n|move|p2a: Maushold|Encore|p1a: Glimmora\n|-start|p1a: Glimmora|Encore\n|move|p1a: Glimmora|Mortal Spin|p2a: Maushold\n|-damage|p2a: Maushold|90\/100 psn\n|\n|-damage|p2a: Maushold|78\/100 psn|[from] psn\n|upkeep\n|turn|23\n|\n|t:|1700279533\n|move|p2a: Maushold|Tidy Up|p2a: Maushold\n|-sideend|p2: Spirit Bomb 777|Toxic Spikes\n|-activate|p2a: Maushold|move: Tidy Up\n|-boost|p2a: Maushold|atk|1\n|-boost|p2a: Maushold|spe|1\n|move|p1a: Glimmora|Mortal Spin|p2a: Maushold\n|-damage|p2a: Maushold|67\/100 psn\n|\n|-damage|p2a: Maushold|55\/100 psn|[from] psn\n|upkeep\n|turn|24\n|\n|t:|1700279542\n|move|p2a: Maushold|Population Bomb|p1a: Glimmora\n|-resisted|p1a: Glimmora\n|-damage|p1a: Glimmora|19\/100\n|-activate|p1a: Glimmora|ability: Toxic Debris\n|-sidestart|p2: Spirit Bomb 777|move: Toxic Spikes\n|-resisted|p1a: Glimmora\n|-damage|p1a: Glimmora|9\/100\n|-activate|p1a: Glimmora|ability: Toxic Debris\n|-sidestart|p2: Spirit Bomb 777|move: Toxic Spikes\n|-resisted|p1a: Glimmora\n|-damage|p1a: Glimmora|0 fnt\n|faint|p1a: Glimmora\n|-hitcount|p1: Glimmora|3\n|\n|-damage|p2a: Maushold|42\/100 psn|[from] psn\n|upkeep\n|\n|t:|1700279560\n|switch|p1a: Dragapult|Dragapult, M|100\/100\n|turn|25\n|\n|t:|1700279570\n|move|p2a: Maushold|Bite|p1a: Dragapult\n|-supereffective|p1a: Dragapult\n|-damage|p1a: Dragapult|14\/100\n|cant|p1a: Dragapult|flinch\n|\n|-heal|p1a: Dragapult|20\/100|[from] item: Leftovers\n|-damage|p2a: Maushold|30\/100 psn|[from] psn\n|upkeep\n|turn|26\n|\n|t:|1700279580\n|move|p2a: Maushold|Bite|p1a: Dragapult\n|-supereffective|p1a: Dragapult\n|-damage|p1a: Dragapult|0 fnt\n|faint|p1a: Dragapult\n|\n|-damage|p2a: Maushold|17\/100 psn|[from] psn\n|upkeep\n|\n|t:|1700279587\n|switch|p1a: Dragonite|Dragonite, M, tera:Normal|50\/100\n|turn|27\n|\n|t:|1700279591\n|move|p1a: Dragonite|Extreme Speed|p2a: Maushold\n|-damage|p2a: Maushold|0 fnt\n|faint|p2a: Maushold\n|\n|upkeep\n|inactive|Spirit Bomb 777 has 120 seconds left.\n|\n|t:|1700279636\n|switch|p2a: Dragonite|Dragonite, F|100\/100\n|turn|28\n|-message|ChennyKesney forfeited.\n|\n|win|Spirit Bomb 777\n|raw|ChennyKesney's rating: 1245 &rarr; <strong>1229<\/strong><br \/>(-16 for losing)\n|raw|Spirit Bomb 777's rating: 1372 &rarr; <strong>1385<\/strong><br \/>(+13 for winning)\n|l|\u2606ChennyKesney\n","uploadtime":1700279667,"views":16,"p1id":"chennykesney","p2id":"spiritbomb777","formatid":"gen9ou","rating":1229,"private":0,"password":""}