{"id":"gen9ou-1996650754","p1":"kingofthevirgins","p2":"del water gap","format":"[Gen 9] OU","log":"|j|\u2606kingofthevirgins\n|j|\u2606del water gap\n|t:|1700705242\n|gametype|singles\n|player|p1|kingofthevirgins|blue|1744\n|player|p2|del water gap|acetrainersnowf|1669\n|teamsize|p1|6\n|teamsize|p2|6\n|gen|9\n|tier|[Gen 9] OU\n|rated|\n|rule|Sleep Clause Mod: Limit one foe put to sleep\n|rule|Species Clause: Limit one of each Pok\u00e9mon\n|rule|OHKO Clause: OHKO moves are banned\n|rule|Evasion Items Clause: Evasion items are banned\n|rule|Evasion Moves Clause: Evasion moves are banned\n|rule|Endless Battle Clause: Forcing endless battles is banned\n|rule|HP Percentage Mod: HP is shown in percentages\n|clearpoke\n|poke|p1|Ninetales, F|\n|poke|p1|Walking Wake|\n|poke|p1|Iron Moth|\n|poke|p1|Great Tusk|\n|poke|p1|Cresselia, F|\n|poke|p1|Breloom, F|\n|poke|p2|Ceruledge, F|\n|poke|p2|Corviknight, M|\n|poke|p2|Slowking-Galar, M|\n|poke|p2|Landorus-Therian, M|\n|poke|p2|Dragonite, M|\n|poke|p2|Kingambit, M|\n|teampreview\n|inactive|Battle timer is ON: inactive players will automatically lose when time's up. (requested by kingofthevirgins)\n|\n|t:|1700705274\n|start\n|switch|p1a: Ninetales|Ninetales, F|100\/100\n|switch|p2a: Landorus|Landorus-Therian, M|100\/100\n|-ability|p2a: Landorus|Intimidate|boost\n|-unboost|p1a: Ninetales|atk|1\n|-weather|SunnyDay|[from] ability: Drought|[of] p1a: Ninetales\n|turn|1\n|\n|t:|1700705281\n|switch|p1a: Great Tuskerooni|Great Tusk|100\/100\n|-activate|p1a: Great Tuskerooni|ability: Protosynthesis\n|-start|p1a: Great Tuskerooni|protosynthesisdef\n|move|p2a: Landorus|Stealth Rock|p1a: Great Tuskerooni\n|-sidestart|p1: kingofthevirgins|move: Stealth Rock\n|\n|-weather|SunnyDay|[upkeep]\n|upkeep\n|turn|2\n|\n|t:|1700705289\n|move|p2a: Landorus|Grass Knot|p1a: Great Tuskerooni\n|-supereffective|p1a: Great Tuskerooni\n|-damage|p1a: Great Tuskerooni|35\/100\n|-damage|p2a: Landorus|84\/100|[from] item: Rocky Helmet|[of] p1a: Great Tuskerooni\n|move|p1a: Great Tuskerooni|Stealth Rock|p2a: Landorus\n|-sidestart|p2: del water gap|move: Stealth Rock\n|\n|-weather|SunnyDay|[upkeep]\n|-heal|p2a: Landorus|90\/100|[from] item: Leftovers\n|upkeep\n|turn|3\n|inactive|kingofthevirgins has 120 seconds left.\n|\n|t:|1700705321\n|move|p2a: Landorus|U-turn|p1a: Great Tuskerooni\n|-resisted|p1a: Great Tuskerooni\n|-damage|p1a: Great Tuskerooni|31\/100\n|-damage|p2a: Landorus|74\/100|[from] item: Rocky Helmet|[of] p1a: Great Tuskerooni\n|\n|t:|1700705325\n|switch|p2a: Ceruledge|Ceruledge, F|100\/100|[from] U-turn\n|move|p1a: Great Tuskerooni|Taunt|p2a: Ceruledge\n|-start|p2a: Ceruledge|move: Taunt\n|\n|-weather|SunnyDay|[upkeep]\n|upkeep\n|turn|4\n|\n|t:|1700705333\n|switch|p2a: Landorus|Landorus-Therian, M|74\/100\n|-damage|p2a: Landorus|61\/100|[from] Stealth Rock\n|-ability|p2a: Landorus|Intimidate|boost\n|-unboost|p1a: Great Tuskerooni|atk|1\n|move|p1a: Great Tuskerooni|Headlong Rush|p2a: Landorus\n|-immune|p2a: Landorus\n|\n|-weather|SunnyDay|[upkeep]\n|-heal|p2a: Landorus|67\/100|[from] item: Leftovers\n|upkeep\n|turn|5\n|\n|t:|1700705348\n|-end|p1a: Great Tuskerooni|Protosynthesis|[silent]\n|switch|p1a: Dr. Sheldon Cooper|Cresselia, F|100\/100\n|-damage|p1a: Dr. Sheldon Cooper|88\/100|[from] Stealth Rock\n|move|p2a: Landorus|Grass Knot|p1a: Dr. Sheldon Cooper\n|-damage|p1a: Dr. Sheldon Cooper|76\/100\n|\n|-weather|SunnyDay|[upkeep]\n|-heal|p2a: Landorus|73\/100|[from] item: Leftovers\n|-heal|p1a: Dr. Sheldon Cooper|82\/100|[from] item: Leftovers\n|upkeep\n|turn|6\n|\n|t:|1700705353\n|move|p2a: Landorus|U-turn|p1a: Dr. Sheldon Cooper\n|-supereffective|p1a: Dr. Sheldon Cooper\n|-damage|p1a: Dr. Sheldon Cooper|58\/100\n|\n|t:|1700705356\n|switch|p2a: Kingambit|Kingambit, M|100\/100|[from] U-turn\n|-damage|p2a: Kingambit|94\/100|[from] Stealth Rock\n|move|p1a: Dr. Sheldon Cooper|Calm Mind|p1a: Dr. Sheldon Cooper\n|-boost|p1a: Dr. Sheldon Cooper|spa|1\n|-boost|p1a: Dr. Sheldon Cooper|spd|1\n|\n|-weather|SunnyDay|[upkeep]\n|-heal|p1a: Dr. Sheldon Cooper|64\/100|[from] item: Leftovers\n|-heal|p2a: Kingambit|100\/100|[from] item: Leftovers\n|upkeep\n|turn|7\n|\n|t:|1700705359\n|-terastallize|p1a: Dr. Sheldon Cooper|Fighting\n|move|p1a: Dr. Sheldon Cooper|Tera Blast|p2a: Kingambit|[anim] Tera Blast Fighting\n|-supereffective|p2a: Kingambit\n|-damage|p2a: Kingambit|0 fnt\n|faint|p2a: Kingambit\n|-end|p2a: Kingambit|fallenundefined|[silent]\n|\n|-weather|SunnyDay|[upkeep]\n|-heal|p1a: Dr. Sheldon Cooper|71\/100|[from] item: Leftovers\n|upkeep\n|\n|t:|1700705375\n|switch|p2a: Ceruledge|Ceruledge, F|100\/100\n|turn|8\n|\n|t:|1700705378\n|move|p2a: Ceruledge|Swords Dance|p2a: Ceruledge\n|-boost|p2a: Ceruledge|atk|2\n|move|p1a: Dr. Sheldon Cooper|Calm Mind|p1a: Dr. Sheldon Cooper\n|-boost|p1a: Dr. Sheldon Cooper|spa|1\n|-boost|p1a: Dr. Sheldon Cooper|spd|1\n|\n|-weather|none\n|-heal|p1a: Dr. Sheldon Cooper|77\/100|[from] item: Leftovers\n|upkeep\n|turn|9\n|\n|t:|1700705383\n|move|p2a: Ceruledge|Poltergeist|p1a: Dr. Sheldon Cooper\n|-activate|p1a: Dr. Sheldon Cooper|move: Poltergeist|Leftovers\n|-damage|p1a: Dr. Sheldon Cooper|14\/100\n|move|p1a: Dr. Sheldon Cooper|Stored Power|p2a: Ceruledge\n|-damage|p2a: Ceruledge|35\/100\n|\n|-heal|p1a: Dr. Sheldon Cooper|20\/100|[from] item: Leftovers\n|upkeep\n|turn|10\n|\n|t:|1700705393\n|switch|p1a: Great Tuskerooni|Great Tusk|31\/100\n|-damage|p1a: Great Tuskerooni|28\/100|[from] Stealth Rock\n|move|p2a: Ceruledge|Bitter Blade|p1a: Great Tuskerooni\n|-damage|p1a: Great Tuskerooni|0 fnt\n|-heal|p2a: Ceruledge|56\/100|[from] drain|[of] p1a: Great Tuskerooni\n|-damage|p2a: Ceruledge|40\/100|[from] item: Rocky Helmet|[of] p1a: Great Tuskerooni\n|faint|p1a: Great Tuskerooni\n|-end|p1a: Great Tuskerooni|Protosynthesis|[silent]\n|\n|upkeep\n|\n|t:|1700705394\n|switch|p1a: SuicOn These Nuts|Walking Wake|100\/100\n|-damage|p1a: SuicOn These Nuts|88\/100|[from] Stealth Rock\n|turn|11\n|\n|t:|1700705398\n|switch|p2a: Slowking|Slowking-Galar, M|100\/100\n|move|p1a: SuicOn These Nuts|Hydro Steam|p2a: Slowking\n|-damage|p2a: Slowking|64\/100\n|\n|upkeep\n|turn|12\n|\n|t:|1700705406\n|-end|p1a: SuicOn These Nuts|Protosynthesis|[silent]\n|switch|p1a: Ninetales|Ninetales, F|100\/100\n|-damage|p1a: Ninetales|76\/100|[from] Stealth Rock\n|-weather|SunnyDay|[from] ability: Drought|[of] p1a: Ninetales\n|move|p2a: Slowking|Chilly Reception|p2a: Slowking\n|-weather|Snow\n|\n|t:|1700705412\n|switch|p2a: Ceruledge|Ceruledge, F|40\/100|[from] Chilly Reception\n|\n|-weather|Snow|[upkeep]\n|upkeep\n|turn|13\n|\n|t:|1700705417\n|move|p2a: Ceruledge|Poltergeist|p1a: Ninetales\n|-activate|p1a: Ninetales|move: Poltergeist|Heat Rock\n|-damage|p1a: Ninetales|8\/100\n|move|p1a: Ninetales|Encore|p2a: Ceruledge\n|-start|p2a: Ceruledge|Encore\n|\n|-weather|Snow|[upkeep]\n|upkeep\n|turn|14\n|\n|t:|1700705427\n|move|p2a: Ceruledge|Poltergeist|p1a: Ninetales\n|-activate|p1a: Ninetales|move: Poltergeist|Heat Rock\n|-damage|p1a: Ninetales|0 fnt\n|faint|p1a: Ninetales\n|\n|-weather|Snow|[upkeep]\n|upkeep\n|\n|t:|1700705435\n|switch|p1a: SuicOn These Nuts|Walking Wake|88\/100\n|-damage|p1a: SuicOn These Nuts|76\/100|[from] Stealth Rock\n|turn|15\n|\n|t:|1700705440\n|-end|p1a: SuicOn These Nuts|Protosynthesis|[silent]\n|switch|p1a: Dr. Sheldon Cooper|Cresselia, F, tera:Fighting|20\/100\n|-damage|p1a: Dr. Sheldon Cooper|14\/100|[from] Stealth Rock\n|switch|p2a: Slowking|Slowking-Galar, M|98\/100\n|\n|-weather|Snow|[upkeep]\n|-heal|p1a: Dr. Sheldon Cooper|20\/100|[from] item: Leftovers\n|upkeep\n|turn|16\n|\n|t:|1700705446\n|move|p1a: Dr. Sheldon Cooper|Moonlight|p1a: Dr. Sheldon Cooper\n|-heal|p1a: Dr. Sheldon Cooper|45\/100\n|move|p2a: Slowking|Thunder Wave|p1a: Dr. Sheldon Cooper\n|-status|p1a: Dr. Sheldon Cooper|par\n|\n|-weather|none\n|-heal|p1a: Dr. Sheldon Cooper|51\/100 par|[from] item: Leftovers\n|upkeep\n|turn|17\n|\n|t:|1700705454\n|move|p1a: Dr. Sheldon Cooper|Calm Mind|p1a: Dr. Sheldon Cooper\n|-boost|p1a: Dr. Sheldon Cooper|spa|1\n|-boost|p1a: Dr. Sheldon Cooper|spd|1\n|move|p2a: Slowking|Chilly Reception|p2a: Slowking\n|-weather|Snow\n|\n|t:|1700705456\n|switch|p2a: Dragonite|Dragonite, M|100\/100|[from] Chilly Reception\n|\n|-weather|Snow|[upkeep]\n|-heal|p1a: Dr. Sheldon Cooper|57\/100 par|[from] item: Leftovers\n|upkeep\n|turn|18\n|\n|t:|1700705458\n|move|p2a: Dragonite|Encore|p1a: Dr. Sheldon Cooper\n|-start|p1a: Dr. Sheldon Cooper|Encore\n|move|p1a: Dr. Sheldon Cooper|Calm Mind|p1a: Dr. Sheldon Cooper\n|-boost|p1a: Dr. Sheldon Cooper|spa|1\n|-boost|p1a: Dr. Sheldon Cooper|spd|1\n|\n|-weather|Snow|[upkeep]\n|-heal|p1a: Dr. Sheldon Cooper|64\/100 par|[from] item: Leftovers\n|upkeep\n|turn|19\n|\n|t:|1700705463\n|switch|p2a: Ceruledge|Ceruledge, F|40\/100\n|switch|p1a: SuicOn These Nuts|Walking Wake|76\/100\n|-damage|p1a: SuicOn These Nuts|63\/100|[from] Stealth Rock\n|\n|-weather|Snow|[upkeep]\n|upkeep\n|turn|20\n|\n|t:|1700705472\n|switch|p2a: Slowking|Slowking-Galar, M|100\/100\n|move|p1a: SuicOn These Nuts|Hydro Steam|p2a: Slowking\n|-damage|p2a: Slowking|65\/100\n|\n|-weather|Snow|[upkeep]\n|upkeep\n|turn|21\n|\n|t:|1700705479\n|move|p1a: SuicOn These Nuts|Hydro Steam|p2a: Slowking\n|-damage|p2a: Slowking|26\/100\n|move|p2a: Slowking|Sludge Bomb|p1a: SuicOn These Nuts\n|-damage|p1a: SuicOn These Nuts|25\/100\n|\n|-weather|none\n|upkeep\n|turn|22\n|\n|t:|1700705483\n|switch|p2a: Dragonite|Dragonite, M|100\/100\n|move|p1a: SuicOn These Nuts|Hydro Steam|p2a: Dragonite\n|-resisted|p2a: Dragonite\n|-damage|p2a: Dragonite|75\/100\n|\n|upkeep\n|turn|23\n|\n|t:|1700705497\n|move|p1a: SuicOn These Nuts|Hydro Steam|p2a: Dragonite\n|-resisted|p2a: Dragonite\n|-damage|p2a: Dragonite|49\/100\n|move|p2a: Dragonite|Draco Meteor|p1a: SuicOn These Nuts\n|-supereffective|p1a: SuicOn These Nuts\n|-damage|p1a: SuicOn These Nuts|0 fnt\n|-unboost|p2a: Dragonite|spa|2\n|faint|p1a: SuicOn These Nuts\n|-end|p1a: SuicOn These Nuts|Protosynthesis|[silent]\n|\n|upkeep\n|\n|t:|1700705504\n|switch|p1a: Iron Moth|Iron Moth|100\/100\n|-damage|p1a: Iron Moth|76\/100|[from] Stealth Rock\n|-enditem|p1a: Iron Moth|Booster Energy\n|-activate|p1a: Iron Moth|ability: Quark Drive|[fromitem]\n|-start|p1a: Iron Moth|quarkdrivespe\n|turn|24\n|\n|t:|1700705507\n|move|p1a: Iron Moth|Substitute|p1a: Iron Moth\n|-start|p1a: Iron Moth|Substitute\n|-damage|p1a: Iron Moth|51\/100\n|move|p2a: Dragonite|Encore|p1a: Iron Moth\n|-start|p1a: Iron Moth|Encore\n|\n|upkeep\n|turn|25\n|\n|t:|1700705516\n|switch|p2a: Landorus|Landorus-Therian, M|73\/100\n|-damage|p2a: Landorus|61\/100|[from] Stealth Rock\n|-ability|p2a: Landorus|Intimidate|boost\n|-immune|p1a: Iron Moth\n|move|p1a: Iron Moth|Substitute|p1a: Iron Moth\n|-fail|p1a: Iron Moth|move: Substitute\n|\n|-heal|p2a: Landorus|67\/100|[from] item: Leftovers\n|upkeep\n|turn|26\n|\n|t:|1700705518\n|move|p1a: Iron Moth|Substitute|p1a: Iron Moth\n|-fail|p1a: Iron Moth|move: Substitute\n|move|p2a: Landorus|Earthquake|p1a: Iron Moth\n|-supereffective|p1a: Iron Moth\n|-end|p1a: Iron Moth|Substitute\n|\n|-heal|p2a: Landorus|73\/100|[from] item: Leftovers\n|upkeep\n|turn|27\n|\n|t:|1700705520\n|move|p1a: Iron Moth|Substitute|p1a: Iron Moth\n|-start|p1a: Iron Moth|Substitute\n|-damage|p1a: Iron Moth|26\/100\n|move|p2a: Landorus|Earthquake|p1a: Iron Moth\n|-supereffective|p1a: Iron Moth\n|-crit|p1a: Iron Moth\n|-end|p1a: Iron Moth|Substitute\n|\n|-heal|p2a: Landorus|79\/100|[from] item: Leftovers\n|-end|p1a: Iron Moth|Encore\n|upkeep\n|turn|28\n|\n|t:|1700705524\n|move|p1a: Iron Moth|Fiery Dance|p2a: Landorus\n|-damage|p2a: Landorus|38\/100\n|move|p2a: Landorus|Earthquake|p1a: Iron Moth\n|-supereffective|p1a: Iron Moth\n|-damage|p1a: Iron Moth|0 fnt\n|faint|p1a: Iron Moth\n|-end|p1a: Iron Moth|Quark Drive|[silent]\n|\n|-heal|p2a: Landorus|44\/100|[from] item: Leftovers\n|upkeep\n|\n|t:|1700705525\n|switch|p1a: Dr. Sheldon Cooper|Cresselia, F, tera:Fighting|64\/100 par\n|-damage|p1a: Dr. Sheldon Cooper|57\/100 par|[from] Stealth Rock\n|turn|29\n|\n|t:|1700705528\n|move|p2a: Landorus|U-turn|p1a: Dr. Sheldon Cooper\n|-resisted|p1a: Dr. Sheldon Cooper\n|-damage|p1a: Dr. Sheldon Cooper|52\/100 par\n|\n|t:|1700705530\n|switch|p2a: Dragonite|Dragonite, M|49\/100|[from] U-turn\n|move|p1a: Dr. Sheldon Cooper|Moonlight|p1a: Dr. Sheldon Cooper\n|-heal|p1a: Dr. Sheldon Cooper|100\/100 par\n|\n|upkeep\n|turn|30\n|\n|t:|1700705535\n|switch|p1a: Breloom|Breloom, F|100\/100\n|-damage|p1a: Breloom|94\/100|[from] Stealth Rock\n|move|p2a: Dragonite|Hurricane|p1a: Breloom|[miss]\n|-miss|p2a: Dragonite|p1a: Breloom\n|\n|upkeep\n|turn|31\n|\n|t:|1700705540\n|switch|p2a: Slowking|Slowking-Galar, M|60\/100\n|move|p1a: Breloom|Rock Tomb|p2a: Slowking\n|-damage|p2a: Slowking|29\/100\n|-unboost|p2a: Slowking|spe|1\n|\n|upkeep\n|turn|32\n|\n|t:|1700705548\n|move|p1a: Breloom|Spore|p2a: Slowking\n|-status|p2a: Slowking|slp|[from] move: Spore\n|cant|p2a: Slowking|slp\n|\n|upkeep\n|turn|33\n|\n|t:|1700705553\n|switch|p2a: Corviknight|Corviknight, M|100\/100\n|-damage|p2a: Corviknight|88\/100|[from] Stealth Rock\n|-ability|p2a: Corviknight|Pressure\n|move|p1a: Breloom|Rock Tomb|p2a: Corviknight\n|-damage|p2a: Corviknight|70\/100\n|-unboost|p2a: Corviknight|spe|1\n|\n|-heal|p2a: Corviknight|77\/100|[from] item: Leftovers\n|upkeep\n|turn|34\n|\n|t:|1700705558\n|move|p1a: Breloom|Rock Tomb|p2a: Corviknight\n|-damage|p2a: Corviknight|57\/100\n|-unboost|p2a: Corviknight|spe|1\n|move|p2a: Corviknight|U-turn|p1a: Breloom\n|-damage|p1a: Breloom|71\/100\n|\n|t:|1700705561\n|switch|p2a: Ceruledge|Ceruledge, F|40\/100|[from] U-turn\n|\n|upkeep\n|turn|35\n|\n|t:|1700705565\n|move|p2a: Ceruledge|Bitter Blade|p1a: Breloom\n|-supereffective|p1a: Breloom\n|-crit|p1a: Breloom\n|-damage|p1a: Breloom|0 fnt\n|-heal|p2a: Ceruledge|71\/100|[from] drain|[of] p1a: Breloom\n|faint|p1a: Breloom\n|\n|upkeep\n|\n|t:|1700705567\n|switch|p1a: Dr. Sheldon Cooper|Cresselia, F, tera:Fighting|100\/100 par\n|-damage|p1a: Dr. Sheldon Cooper|94\/100 par|[from] Stealth Rock\n|turn|36\n|\n|t:|1700705570\n|move|p2a: Ceruledge|Swords Dance|p2a: Ceruledge\n|-boost|p2a: Ceruledge|atk|2\n|cant|p1a: Dr. Sheldon Cooper|par\n|\n|-heal|p1a: Dr. Sheldon Cooper|100\/100 par|[from] item: Leftovers\n|upkeep\n|turn|37\n|\n|t:|1700705573\n|move|p2a: Ceruledge|Bitter Blade|p1a: Dr. Sheldon Cooper\n|-damage|p1a: Dr. Sheldon Cooper|53\/100 par\n|-heal|p2a: Ceruledge|100\/100|[from] drain|[of] p1a: Dr. Sheldon Cooper\n|move|p1a: Dr. Sheldon Cooper|Stored Power|p2a: Ceruledge\n|-damage|p2a: Ceruledge|94\/100\n|\n|-heal|p1a: Dr. Sheldon Cooper|59\/100 par|[from] item: Leftovers\n|upkeep\n|turn|38\n|-message|kingofthevirgins forfeited.\n|\n|win|del water gap\n|raw|kingofthevirgins's rating: 1744 &rarr; <strong>1720<\/strong><br \/>(-24 for losing)\n|raw|del water gap's rating: 1669 &rarr; <strong>1693<\/strong><br \/>(+24 for winning)\n|l|\u2606kingofthevirgins\n","uploadtime":1700705587,"views":4,"p1id":"kingofthevirgins","p2id":"delwatergap","formatid":"gen9ou","rating":1693,"private":0,"password":""}