{"id":"gen9ou-1988282354","p1":"Skaraptor2.1","p2":"President Obamna","format":"[Gen 9] OU","log":"|j|\u2606Skaraptor2.1\n|j|\u2606President Obamna\n|t:|1699701131\n|gametype|singles\n|player|p1|Skaraptor2.1|bodybuilderf-gen9|1341\n|player|p2|President Obamna|dawn-gen4pt|1448\n|teamsize|p1|6\n|teamsize|p2|6\n|gen|9\n|tier|[Gen 9] OU\n|rated|\n|rule|Sleep Clause Mod: Limit one foe put to sleep\n|rule|Species Clause: Limit one of each Pok\u00e9mon\n|rule|OHKO Clause: OHKO moves are banned\n|rule|Evasion Items Clause: Evasion items are banned\n|rule|Evasion Moves Clause: Evasion moves are banned\n|rule|Endless Battle Clause: Forcing endless battles is banned\n|rule|HP Percentage Mod: HP is shown in percentages\n|clearpoke\n|poke|p1|Iron Jugulis|\n|poke|p1|Ogerpon-Wellspring, F|\n|poke|p1|Tinkaton, F|\n|poke|p1|Iron Moth|\n|poke|p1|Great Tusk|\n|poke|p1|Dragapult, F|\n|poke|p2|Iron Jugulis|\n|poke|p2|Ogerpon-Wellspring, F|\n|poke|p2|Tinkaton, F|\n|poke|p2|Iron Moth|\n|poke|p2|Great Tusk|\n|poke|p2|Gengar, M|\n|teampreview\n|inactive|Battle timer is ON: inactive players will automatically lose when time's up. (requested by Skaraptor2.1)\n|c|\u2606President Obamna|....\n|\n|t:|1699701146\n|start\n|switch|p1a: Solar Panels|Iron Moth|100\/100\n|switch|p2a: I*|Tinkaton, F|100\/100\n|-item|p2a: I*|Air Balloon\n|-enditem|p1a: Solar Panels|Booster Energy\n|-activate|p1a: Solar Panels|ability: Quark Drive|[fromitem]\n|-start|p1a: Solar Panels|quarkdrivespe\n|turn|1\n|c|\u2606President Obamna|awkward\n|\n|t:|1699701156\n|move|p1a: Solar Panels|Energy Ball|p2a: I*\n|-resisted|p2a: I*\n|-damage|p2a: I*|87\/100\n|-enditem|p2a: I*|Air Balloon\n|move|p2a: I*|Thunder Wave|p1a: Solar Panels\n|-status|p1a: Solar Panels|par\n|\n|upkeep\n|turn|2\n|\n|t:|1699701170\n|switch|p2a: THINK|Ogerpon-Wellspring, F|100\/100\n|move|p1a: Solar Panels|Fiery Dance|p2a: THINK\n|-damage|p2a: THINK|52\/100\n|\n|upkeep\n|turn|3\n|\n|t:|1699701177\n|move|p2a: THINK|Ivy Cudgel|p1a: Solar Panels\n|-supereffective|p1a: Solar Panels\n|-crit|p1a: Solar Panels\n|-damage|p1a: Solar Panels|0 fnt\n|faint|p1a: Solar Panels\n|-end|p1a: Solar Panels|Quark Drive|[silent]\n|\n|upkeep\n|\n|t:|1699701179\n|switch|p1a: Transfem|Ogerpon-Wellspring, F|100\/100\n|turn|4\n|\n|t:|1699701183\n|move|p1a: Transfem|U-turn|p2a: THINK\n|-supereffective|p2a: THINK\n|-damage|p2a: THINK|0 fnt\n|faint|p2a: THINK\n|\n|t:|1699701189\n|switch|p1a: Trans... former|Iron Jugulis|100\/100|[from] U-turn\n|-enditem|p1a: Trans... former|Booster Energy\n|-activate|p1a: Trans... former|ability: Quark Drive|[fromitem]\n|-start|p1a: Trans... former|quarkdrivespe\n|\n|upkeep\n|\n|t:|1699701215\n|switch|p2a: I*|Tinkaton, F|87\/100\n|turn|5\n|\n|t:|1699701231\n|move|p1a: Trans... former|Taunt|p2a: I*\n|-start|p2a: I*|move: Taunt\n|move|p2a: I*|Play Rough|p1a: Trans... former\n|-supereffective|p1a: Trans... former\n|-damage|p1a: Trans... former|47\/100\n|-unboost|p1a: Trans... former|atk|1\n|\n|upkeep\n|turn|6\n|\n|t:|1699701235\n|move|p1a: Trans... former|Earth Power|p2a: I*\n|-supereffective|p2a: I*\n|-damage|p2a: I*|37\/100\n|move|p2a: I*|Play Rough|p1a: Trans... former\n|-supereffective|p1a: Trans... former\n|-damage|p1a: Trans... former|0 fnt\n|faint|p1a: Trans... former\n|-end|p1a: Trans... former|Quark Drive|[silent]\n|\n|upkeep\n|\n|t:|1699701244\n|switch|p1a: Drag Queen|Dragapult, F|100\/100\n|turn|7\n|\n|t:|1699701250\n|move|p1a: Drag Queen|U-turn|p2a: I*\n|-resisted|p2a: I*\n|-damage|p2a: I*|32\/100\n|-enditem|p1a: Drag Queen|Choice Specs|[silent]|[from] ability: Pickpocket|[of] p1a: Drag Queen\n|-item|p2a: I*|Choice Specs|[from] ability: Pickpocket|[of] p1a: Drag Queen\n|\n|t:|1699701253\n|switch|p1a: TWINKATON|Tinkaton, F|100\/100|[from] U-turn\n|-item|p1a: TWINKATON|Air Balloon\n|move|p2a: I*|Play Rough|p1a: TWINKATON\n|-resisted|p1a: TWINKATON\n|-damage|p1a: TWINKATON|86\/100\n|-enditem|p1a: TWINKATON|Air Balloon\n|-enditem|p2a: I*|Choice Specs|[silent]|[from] ability: Pickpocket|[of] p2a: I*\n|-item|p1a: TWINKATON|Choice Specs|[from] ability: Pickpocket|[of] p2a: I*\n|\n|-end|p2a: I*|move: Taunt\n|upkeep\n|turn|8\n|\n|t:|1699701261\n|move|p1a: TWINKATON|Stealth Rock|p2a: I*\n|-sidestart|p2: President Obamna|move: Stealth Rock\n|move|p2a: I*|Stealth Rock|p1a: TWINKATON\n|-sidestart|p1: Skaraptor2.1|move: Stealth Rock\n|\n|upkeep\n|turn|9\n|\n|t:|1699701266\n|switch|p1a: Be Gay Do Crime|Great Tusk|100\/100\n|-damage|p1a: Be Gay Do Crime|98\/100|[from] Stealth Rock\n|-enditem|p1a: Be Gay Do Crime|Booster Energy\n|-activate|p1a: Be Gay Do Crime|ability: Protosynthesis|[fromitem]\n|-start|p1a: Be Gay Do Crime|protosynthesisspe\n|move|p2a: I*|Thunder Wave|p1a: Be Gay Do Crime\n|-immune|p1a: Be Gay Do Crime\n|\n|upkeep\n|turn|10\n|\n|t:|1699701272\n|move|p1a: Be Gay Do Crime|Bulk Up|p1a: Be Gay Do Crime\n|-boost|p1a: Be Gay Do Crime|atk|1\n|-boost|p1a: Be Gay Do Crime|def|1\n|move|p2a: I*|Play Rough|p1a: Be Gay Do Crime\n|-supereffective|p1a: Be Gay Do Crime\n|-damage|p1a: Be Gay Do Crime|75\/100\n|\n|upkeep\n|turn|11\n|\n|t:|1699701282\n|switch|p2a: I|Iron Jugulis|100\/100\n|-damage|p2a: I|76\/100|[from] Stealth Rock\n|-enditem|p2a: I|Booster Energy\n|-activate|p2a: I|ability: Quark Drive|[fromitem]\n|-start|p2a: I|quarkdrivespe\n|move|p1a: Be Gay Do Crime|Rapid Spin|p2a: I\n|-damage|p2a: I|48\/100\n|-boost|p1a: Be Gay Do Crime|spe|1\n|-sideend|p1: Skaraptor2.1|Stealth Rock|[from] move: Rapid Spin|[of] p1a: Be Gay Do Crime\n|\n|upkeep\n|turn|12\n|\n|t:|1699701286\n|move|p1a: Be Gay Do Crime|Ice Spinner|p2a: I\n|-supereffective|p2a: I\n|-damage|p2a: I|0 fnt\n|faint|p2a: I\n|-end|p2a: I|Quark Drive|[silent]\n|\n|upkeep\n|\n|t:|1699701296\n|switch|p2a: A N|Gengar, M|100\/100\n|-damage|p2a: A N|88\/100|[from] Stealth Rock\n|turn|13\n|\n|t:|1699701299\n|move|p1a: Be Gay Do Crime|Earthquake|p2a: A N\n|-supereffective|p2a: A N\n|-damage|p2a: A N|0 fnt\n|-start|p1a: Be Gay Do Crime|Disable|Earthquake|[from] ability: Cursed Body|[of] p2a: A N\n|faint|p2a: A N\n|\n|upkeep\n|c|\u2606President Obamna|rip outsped with scarf\n|-message|President Obamna forfeited.\n|\n|win|Skaraptor2.1\n|raw|Skaraptor2.1's rating: 1341 &rarr; <strong>1367<\/strong><br \/>(+26 for winning)\n|raw|President Obamna's rating: 1448 &rarr; <strong>1422<\/strong><br \/>(-26 for losing)\n","uploadtime":1699701339,"views":17,"p1id":"skaraptor21","p2id":"presidentobamna","formatid":"gen9ou","rating":1367,"private":0,"password":""}