{"id":"gen9ou-2000005615","p1":"Lance105","p2":"Fly Enby","format":"[Gen 9] OU","log":"|j|\u2606Lance105\n|j|\u2606Fly Enby\n|t:|1701140228\n|gametype|singles\n|player|p1|Lance105|lance-gen2|1207\n|player|p2|Fly Enby|buck|1232\n|teamsize|p1|6\n|teamsize|p2|6\n|gen|9\n|tier|[Gen 9] OU\n|rated|\n|rule|Sleep Clause Mod: Limit one foe put to sleep\n|rule|Species Clause: Limit one of each Pok\u00e9mon\n|rule|OHKO Clause: OHKO moves are banned\n|rule|Evasion Items Clause: Evasion items are banned\n|rule|Evasion Moves Clause: Evasion moves are banned\n|rule|Endless Battle Clause: Forcing endless battles is banned\n|rule|HP Percentage Mod: HP is shown in percentages\n|clearpoke\n|poke|p1|Corviknight, M|\n|poke|p1|Dragapult, M|\n|poke|p1|Dragonite, M|\n|poke|p1|Great Tusk|\n|poke|p1|Ogerpon-Wellspring, F|\n|poke|p1|Hatterene, F|\n|poke|p2|Kingambit, F|\n|poke|p2|Hatterene, F|\n|poke|p2|Lycanroc, F|\n|poke|p2|Forretress, F|\n|poke|p2|Tyranitar, F|\n|poke|p2|Houndstone, F|\n|teampreview\n|inactive|Battle timer is ON: inactive players will automatically lose when time's up. (requested by Fly Enby)\n|inactive|Lance105 has 120 seconds left.\n|\n|t:|1701140286\n|start\n|switch|p1a: Corviknight|Corviknight, M, shiny|100\/100\n|switch|p2a: Forretress|Forretress, F|100\/100\n|-ability|p1a: Corviknight|Pressure\n|turn|1\n|\n|t:|1701140293\n|move|p1a: Corviknight|Body Press|p2a: Forretress\n|-damage|p2a: Forretress|86\/100\n|move|p2a: Forretress|Spikes|p1a: Corviknight\n|-sidestart|p1: Lance105|Spikes\n|\n|-heal|p2a: Forretress|92\/100|[from] item: Leftovers\n|upkeep\n|turn|2\n|\n|t:|1701140302\n|switch|p1a: Hatterene|Hatterene, F|100\/100\n|-damage|p1a: Hatterene|88\/100|[from] Spikes\n|move|p2a: Forretress|Spikes|p1a: Hatterene\n|move|p1a: Hatterene|Spikes|p2a: Forretress|[from]ability: Magic Bounce\n|-sidestart|p2: Fly Enby|Spikes\n|\n|-heal|p2a: Forretress|98\/100|[from] item: Leftovers\n|upkeep\n|turn|3\n|\n|t:|1701140323\n|move|p2a: Forretress|Rapid Spin|p1a: Hatterene\n|-damage|p1a: Hatterene|75\/100\n|-boost|p2a: Forretress|spe|1\n|-sideend|p2: Fly Enby|Spikes|[from] move: Rapid Spin|[of] p2a: Forretress\n|move|p1a: Hatterene|Nuzzle|p2a: Forretress\n|-damage|p2a: Forretress|95\/100\n|-status|p2a: Forretress|par\n|\n|-heal|p2a: Forretress|100\/100 par|[from] item: Leftovers\n|upkeep\n|turn|4\n|inactive|Lance105 has 120 seconds left.\n|\n|t:|1701140357\n|move|p1a: Hatterene|Draining Kiss|p2a: Forretress\n|-resisted|p2a: Forretress\n|-damage|p2a: Forretress|84\/100 par\n|-heal|p1a: Hatterene|89\/100|[from] drain|[of] p2a: Forretress\n|cant|p2a: Forretress|par\n|\n|-heal|p2a: Forretress|91\/100 par|[from] item: Leftovers\n|upkeep\n|turn|5\n|\n|t:|1701140363\n|switch|p1a: Dragapult|Dragapult, M|100\/100\n|-damage|p1a: Dragapult|88\/100|[from] Spikes\n|cant|p2a: Forretress|par\n|\n|-heal|p2a: Forretress|97\/100 par|[from] item: Leftovers\n|upkeep\n|turn|6\n|inactive|Lance105 has 120 seconds left.\n|\n|t:|1701140374\n|switch|p2a: Tyranitar|Tyranitar, F|100\/100\n|-weather|Sandstorm|[from] ability: Sand Stream|[of] p2a: Tyranitar\n|move|p1a: Dragapult|Shadow Ball|p2a: Tyranitar\n|-resisted|p2a: Tyranitar\n|-damage|p2a: Tyranitar|89\/100\n|\n|-weather|Sandstorm|[upkeep]\n|-damage|p1a: Dragapult|82\/100|[from] Sandstorm\n|upkeep\n|turn|7\n|inactive|Lance105 has 120 seconds left.\n|\n|t:|1701140388\n|switch|p1a: Corviknight|Corviknight, M, shiny|100\/100\n|-ability|p1a: Corviknight|Pressure\n|move|p2a: Tyranitar|Stealth Rock|p1a: Corviknight\n|-sidestart|p1: Lance105|move: Stealth Rock\n|\n|-weather|Sandstorm|[upkeep]\n|upkeep\n|turn|8\n|inactive|Lance105 has 120 seconds left.\n|\n|t:|1701140397\n|switch|p2a: Houndstone|Houndstone, F|100\/100\n|move|p1a: Corviknight|Body Press|p2a: Houndstone\n|-immune|p2a: Houndstone\n|\n|-weather|Sandstorm|[upkeep]\n|upkeep\n|turn|9\n|inactive|Lance105 has 120 seconds left.\n|\n|t:|1701140414\n|move|p2a: Houndstone|Poltergeist|p1a: Corviknight\n|-activate|p1a: Corviknight|move: Poltergeist|Rocky Helmet\n|-damage|p1a: Corviknight|51\/100\n|move|p1a: Corviknight|Brave Bird|p2a: Houndstone\n|-damage|p2a: Houndstone|55\/100\n|-damage|p1a: Corviknight|41\/100|[from] Recoil\n|\n|-weather|Sandstorm|[upkeep]\n|upkeep\n|turn|10\n|inactive|Lance105 has 120 seconds left.\n|\n|t:|1701140438\n|move|p2a: Houndstone|Poltergeist|p1a: Corviknight\n|-activate|p1a: Corviknight|move: Poltergeist|Rocky Helmet\n|-damage|p1a: Corviknight|0 fnt\n|faint|p1a: Corviknight\n|\n|-weather|Sandstorm|[upkeep]\n|upkeep\n|inactive|Lance105 has 90 seconds left.\n|\n|t:|1701140473\n|switch|p1a: Ogerpon|Ogerpon-Wellspring, F|100\/100\n|-damage|p1a: Ogerpon|88\/100|[from] Spikes\n|-damage|p1a: Ogerpon|76\/100|[from] Stealth Rock\n|turn|11\n|\n|t:|1701140478\n|move|p2a: Houndstone|Poltergeist|p1a: Ogerpon\n|-activate|p1a: Ogerpon|move: Poltergeist|Wellspring Mask\n|-damage|p1a: Ogerpon|0 fnt\n|faint|p1a: Ogerpon\n|\n|-weather|Sandstorm|[upkeep]\n|upkeep\n|inactive|Lance105 has 60 seconds left.\n|\n|t:|1701140509\n|switch|p1a: Dragapult|Dragapult, M|82\/100\n|-damage|p1a: Dragapult|70\/100|[from] Spikes\n|-damage|p1a: Dragapult|58\/100|[from] Stealth Rock\n|turn|12\n|\n|t:|1701140512\n|move|p2a: Houndstone|Poltergeist|p1a: Dragapult\n|-activate|p1a: Dragapult|move: Poltergeist|Choice Specs\n|-supereffective|p1a: Dragapult\n|-damage|p1a: Dragapult|0 fnt\n|faint|p1a: Dragapult\n|\n|-weather|Sandstorm|[upkeep]\n|upkeep\n|\n|t:|1701140523\n|switch|p1a: Hatterene|Hatterene, F|89\/100\n|-damage|p1a: Hatterene|77\/100|[from] Spikes\n|-damage|p1a: Hatterene|64\/100|[from] Stealth Rock\n|turn|13\n|\n|t:|1701140525\n|-terastallize|p1a: Hatterene|Dark\n|move|p2a: Houndstone|Poltergeist|p1a: Hatterene\n|-activate|p1a: Hatterene|move: Poltergeist|Covert Cloak\n|-resisted|p1a: Hatterene\n|-damage|p1a: Hatterene|23\/100\n|move|p1a: Hatterene|Draining Kiss|p2a: Houndstone\n|-damage|p2a: Houndstone|25\/100\n|-heal|p1a: Hatterene|44\/100|[from] drain|[of] p2a: Houndstone\n|\n|-weather|none\n|upkeep\n|turn|14\n|\n|t:|1701140542\n|move|p2a: Houndstone|Poltergeist|p1a: Hatterene|[miss]\n|-miss|p2a: Houndstone|p1a: Hatterene\n|move|p1a: Hatterene|Draining Kiss|p2a: Houndstone\n|-damage|p2a: Houndstone|0 fnt\n|-heal|p1a: Hatterene|60\/100|[from] drain|[of] p2a: Houndstone\n|faint|p2a: Houndstone\n|\n|upkeep\n|inactive|Fly Enby has 120 seconds left.\n|\n|t:|1701140578\n|switch|p2a: Tyranitar|Tyranitar, F|89\/100\n|-weather|Sandstorm|[from] ability: Sand Stream|[of] p2a: Tyranitar\n|turn|15\n|\n|t:|1701140590\n|move|p2a: Tyranitar|Ice Beam|p1a: Hatterene\n|-damage|p1a: Hatterene|41\/100\n|move|p1a: Hatterene|Draining Kiss|p2a: Tyranitar\n|-supereffective|p2a: Tyranitar\n|-damage|p2a: Tyranitar|66\/100\n|-heal|p1a: Hatterene|62\/100|[from] drain|[of] p2a: Tyranitar\n|\n|-weather|Sandstorm|[upkeep]\n|-damage|p1a: Hatterene|56\/100|[from] Sandstorm\n|upkeep\n|turn|16\n|\n|t:|1701140594\n|switch|p2a: Lycanroc|Lycanroc, F|100\/100\n|move|p1a: Hatterene|Calm Mind|p1a: Hatterene\n|-boost|p1a: Hatterene|spa|1\n|-boost|p1a: Hatterene|spd|1\n|\n|-weather|Sandstorm|[upkeep]\n|-damage|p1a: Hatterene|50\/100|[from] Sandstorm\n|upkeep\n|turn|17\n|inactive|Lance105 has 90 seconds left.\n|inactive|Fly Enby has 120 seconds left.\n|inactive|Lance105 has 60 seconds left.\n|\n|t:|1701140636\n|switch|p1a: Great Tusk|Great Tusk|100\/100\n|-damage|p1a: Great Tusk|88\/100|[from] Spikes\n|-damage|p1a: Great Tusk|85\/100|[from] Stealth Rock\n|-enditem|p1a: Great Tusk|Booster Energy\n|-activate|p1a: Great Tusk|ability: Protosynthesis|[fromitem]\n|-start|p1a: Great Tusk|protosynthesisspe\n|move|p2a: Lycanroc|Play Rough|p1a: Great Tusk\n|-supereffective|p1a: Great Tusk\n|-damage|p1a: Great Tusk|49\/100\n|\n|-weather|Sandstorm|[upkeep]\n|upkeep\n|turn|18\n|inactive|Lance105 has 60 seconds left.\n|inactive|Fly Enby has 120 seconds left.\n|inactive|Fly Enby has 90 seconds left.\n|\n|t:|1701140689\n|-terastallize|p2a: Lycanroc|Ice\n|move|p2a: Lycanroc|Tera Blast|p1a: Great Tusk|[anim] Tera Blast Ice\n|-supereffective|p1a: Great Tusk\n|-damage|p1a: Great Tusk|0 fnt\n|faint|p1a: Great Tusk\n|-end|p1a: Great Tusk|Protosynthesis|[silent]\n|\n|-weather|Sandstorm|[upkeep]\n|upkeep\n|\n|t:|1701140701\n|switch|p1a: Dragonite|Dragonite, M|100\/100\n|turn|19\n|\n|t:|1701140708\n|move|p2a: Lycanroc|Tera Blast|p1a: Dragonite|[anim] Tera Blast Ice\n|-supereffective|p1a: Dragonite\n|-damage|p1a: Dragonite|9\/100\n|move|p1a: Dragonite|Fire Punch|p2a: Lycanroc\n|-supereffective|p2a: Lycanroc\n|-damage|p2a: Lycanroc|0 fnt\n|faint|p2a: Lycanroc\n|\n|-weather|Sandstorm|[upkeep]\n|-damage|p1a: Dragonite|3\/100|[from] Sandstorm\n|upkeep\n|inactive|Fly Enby has 90 seconds left.\n|\n|t:|1701140727\n|switch|p2a: Tyranitar|Tyranitar, F|66\/100\n|turn|20\n|\n|t:|1701140731\n|move|p1a: Dragonite|Earthquake|p2a: Tyranitar\n|-supereffective|p2a: Tyranitar\n|-damage|p2a: Tyranitar|0 fnt\n|faint|p2a: Tyranitar\n|\n|-weather|Sandstorm|[upkeep]\n|-damage|p1a: Dragonite|0 fnt|[from] Sandstorm\n|faint|p1a: Dragonite\n|upkeep\n|\n|t:|1701140734\n|switch|p1a: Hatterene|Hatterene, F, tera:Dark|50\/100\n|switch|p2a: Hatterene|Hatterene, F|100\/100\n|-damage|p1a: Hatterene|38\/100|[from] Spikes\n|-damage|p1a: Hatterene|25\/100|[from] Stealth Rock\n|turn|21\n|\n|t:|1701140739\n|move|p2a: Hatterene|Draining Kiss|p1a: Hatterene\n|-supereffective|p1a: Hatterene\n|-damage|p1a: Hatterene|0 fnt\n|faint|p1a: Hatterene\n|\n|win|Fly Enby\n|raw|Lance105's rating: 1207 &rarr; <strong>1184<\/strong><br \/>(-23 for losing)\n|raw|Fly Enby's rating: 1232 &rarr; <strong>1255<\/strong><br \/>(+23 for winning)\n|c|\u2606Lance105|gg\n|l|\u2606Lance105\n|c|\u2606Fly Enby|gg\n","uploadtime":1701140751,"views":2,"p1id":"lance105","p2id":"flyenby","formatid":"gen9ou","rating":1184,"private":0,"password":""}