{"id":"gen9ou-1995605072","p1":"SlimyTime","p2":"A1-andy","format":"[Gen 9] OU","log":"|j|\u2606SlimyTime\n|j|\u2606A1-andy\n|t:|1700586822\n|gametype|singles\n|player|p1|SlimyTime|169|1518\n|player|p2|A1-andy|red|1612\n|teamsize|p1|6\n|teamsize|p2|6\n|gen|9\n|tier|[Gen 9] OU\n|rated|\n|rule|Sleep Clause Mod: Limit one foe put to sleep\n|rule|Species Clause: Limit one of each Pok\u00e9mon\n|rule|OHKO Clause: OHKO moves are banned\n|rule|Evasion Items Clause: Evasion items are banned\n|rule|Evasion Moves Clause: Evasion moves are banned\n|rule|Endless Battle Clause: Forcing endless battles is banned\n|rule|HP Percentage Mod: HP is shown in percentages\n|clearpoke\n|poke|p1|Chesnaught, M|\n|poke|p1|Gholdengo|\n|poke|p1|Great Tusk|\n|poke|p1|Dragapult, F|\n|poke|p1|Kingambit, M|\n|poke|p1|Toxapex, M|\n|poke|p2|Greninja-*, M|\n|poke|p2|Zamazenta-*|\n|poke|p2|Slowking-Galar, M|\n|poke|p2|Dragonite, M|\n|poke|p2|Enamorus, F|\n|poke|p2|Scizor, F|\n|teampreview\n|inactive|Battle timer is ON: inactive players will automatically lose when time's up. (requested by A1-andy)\n|\n|t:|1700586831\n|start\n|switch|p1a: Dragapult|Dragapult, F|100\/100\n|switch|p2a: Dragonite|Dragonite, M, shiny|100\/100\n|turn|1\n|\n|t:|1700586835\n|-terastallize|p2a: Dragonite|Normal\n|move|p1a: Dragapult|Draco Meteor|p2a: Dragonite\n|-damage|p2a: Dragonite|50\/100\n|-unboost|p1a: Dragapult|spa|2\n|move|p2a: Dragonite|Dragon Dance|p2a: Dragonite\n|-boost|p2a: Dragonite|atk|1\n|-boost|p2a: Dragonite|spe|1\n|\n|upkeep\n|turn|2\n|\n|t:|1700586839\n|switch|p1a: Chesnaught|Chesnaught, M, shiny|100\/100\n|move|p2a: Dragonite|Ice Spinner|p1a: Chesnaught\n|-supereffective|p1a: Chesnaught\n|-damage|p1a: Chesnaught|46\/100\n|-damage|p2a: Dragonite|34\/100|[from] item: Rocky Helmet|[of] p1a: Chesnaught\n|\n|upkeep\n|turn|3\n|\n|t:|1700586845\n|move|p1a: Chesnaught|Spiky Shield|p1a: Chesnaught\n|-singleturn|p1a: Chesnaught|move: Protect\n|move|p2a: Dragonite|Dragon Dance|p2a: Dragonite\n|-boost|p2a: Dragonite|atk|1\n|-boost|p2a: Dragonite|spe|1\n|\n|upkeep\n|turn|4\n|\n|t:|1700586851\n|-terastallize|p1a: Chesnaught|Ghost\n|move|p2a: Dragonite|Ice Spinner|p1a: Chesnaught\n|-damage|p1a: Chesnaught|9\/100\n|-damage|p2a: Dragonite|18\/100|[from] item: Rocky Helmet|[of] p1a: Chesnaught\n|move|p1a: Chesnaught|Leech Seed|p2a: Dragonite\n|-start|p2a: Dragonite|move: Leech Seed\n|\n|-damage|p2a: Dragonite|5\/100|[from] Leech Seed|[of] p1a: Chesnaught\n|-heal|p1a: Chesnaught|19\/100|[silent]\n|upkeep\n|turn|5\n|\n|t:|1700586858\n|move|p1a: Chesnaught|Spiky Shield|p1a: Chesnaught\n|-singleturn|p1a: Chesnaught|move: Protect\n|move|p2a: Dragonite|Ice Spinner|p1a: Chesnaught\n|-activate|p1a: Chesnaught|move: Protect\n|-damage|p2a: Dragonite|0 fnt|[from] Spiky Shield|[of] p1a: Chesnaught\n|faint|p2a: Dragonite\n|\n|upkeep\n|\n|t:|1700586862\n|switch|p2a: James Bond|Greninja, M|100\/100\n|turn|6\n|\n|t:|1700586865\n|switch|p1a: Toxapex|Toxapex, M|100\/100\n|move|p2a: James Bond|Dark Pulse|p1a: Toxapex\n|-damage|p1a: Toxapex|70\/100\n|-damage|p2a: James Bond|91\/100|[from] item: Life Orb\n|\n|upkeep\n|turn|7\n|\n|t:|1700586872\n|move|p2a: James Bond|Dark Pulse|p1a: Toxapex\n|-damage|p1a: Toxapex|42\/100\n|-damage|p2a: James Bond|81\/100|[from] item: Life Orb\n|move|p1a: Toxapex|Acid Spray|p2a: James Bond\n|-damage|p2a: James Bond|58\/100\n|-unboost|p2a: James Bond|spd|2\n|\n|upkeep\n|turn|8\n|\n|t:|1700586881\n|switch|p2a: Slowking|Slowking-Galar, M, shiny|100\/100\n|move|p1a: Toxapex|Sludge Bomb|p2a: Slowking\n|-resisted|p2a: Slowking\n|-damage|p2a: Slowking|93\/100\n|\n|upkeep\n|turn|9\n|\n|t:|1700586893\n|switch|p1a: Kingambit|Kingambit, M|100\/100\n|move|p2a: Slowking|Psyshock|p1a: Kingambit\n|-immune|p1a: Kingambit\n|\n|upkeep\n|turn|10\n|\n|t:|1700586897\n|-end|p1a: Kingambit|fallenundefined|[silent]\n|switch|p1a: Chesnaught|Chesnaught, M, shiny, tera:Ghost|19\/100\n|switch|p2a: Zamazenta|Zamazenta|100\/100\n|-ability|p2a: Zamazenta|Dauntless Shield|boost\n|-boost|p2a: Zamazenta|def|1\n|\n|upkeep\n|turn|11\n|\n|t:|1700586900\n|move|p2a: Zamazenta|Play Rough|p1a: Chesnaught|[miss]\n|-miss|p2a: Zamazenta|p1a: Chesnaught\n|move|p1a: Chesnaught|Leech Seed|p2a: Zamazenta\n|-start|p2a: Zamazenta|move: Leech Seed\n|\n|-damage|p2a: Zamazenta|88\/100|[from] Leech Seed|[of] p1a: Chesnaught\n|-heal|p1a: Chesnaught|30\/100|[silent]\n|upkeep\n|turn|12\n|\n|t:|1700586903\n|move|p1a: Chesnaught|Spiky Shield|p1a: Chesnaught\n|-singleturn|p1a: Chesnaught|move: Protect\n|move|p2a: Zamazenta|Howl|p2a: Zamazenta\n|-boost|p2a: Zamazenta|atk|1\n|\n|-damage|p2a: Zamazenta|76\/100|[from] Leech Seed|[of] p1a: Chesnaught\n|-heal|p1a: Chesnaught|41\/100|[silent]\n|upkeep\n|turn|13\n|\n|t:|1700586915\n|move|p2a: Zamazenta|Play Rough|p1a: Chesnaught\n|-damage|p1a: Chesnaught|8\/100\n|-damage|p2a: Zamazenta|59\/100|[from] item: Rocky Helmet|[of] p1a: Chesnaught\n|-damage|p2a: Zamazenta|49\/100|[from] item: Life Orb\n|move|p1a: Chesnaught|Spikes|p2a: Zamazenta\n|-sidestart|p2: A1-andy|Spikes\n|\n|-damage|p2a: Zamazenta|37\/100|[from] Leech Seed|[of] p1a: Chesnaught\n|-heal|p1a: Chesnaught|19\/100|[silent]\n|upkeep\n|turn|14\n|\n|t:|1700586923\n|move|p2a: Zamazenta|Play Rough|p1a: Chesnaught|[miss]\n|-miss|p2a: Zamazenta|p1a: Chesnaught\n|move|p1a: Chesnaught|Spikes|p2a: Zamazenta\n|-sidestart|p2: A1-andy|Spikes\n|\n|-damage|p2a: Zamazenta|25\/100|[from] Leech Seed|[of] p1a: Chesnaught\n|-heal|p1a: Chesnaught|30\/100|[silent]\n|upkeep\n|turn|15\n|\n|t:|1700586927\n|move|p1a: Chesnaught|Spiky Shield|p1a: Chesnaught\n|-singleturn|p1a: Chesnaught|move: Protect\n|move|p2a: Zamazenta|Wild Charge|p1a: Chesnaught\n|-activate|p1a: Chesnaught|move: Protect\n|-damage|p2a: Zamazenta|12\/100|[from] Spiky Shield|[of] p1a: Chesnaught\n|\n|-damage|p2a: Zamazenta|0 fnt|[from] Leech Seed|[of] p1a: Chesnaught\n|-heal|p1a: Chesnaught|40\/100|[silent]\n|faint|p2a: Zamazenta\n|upkeep\n|\n|t:|1700586936\n|switch|p2a: James Bond|Greninja, M|58\/100\n|-damage|p2a: James Bond|41\/100|[from] Spikes\n|turn|16\n|\n|t:|1700586938\n|switch|p1a: Kingambit|Kingambit, M|100\/100\n|move|p2a: James Bond|Dark Pulse|p1a: Kingambit\n|-resisted|p1a: Kingambit\n|-damage|p1a: Kingambit|75\/100\n|-damage|p2a: James Bond|31\/100|[from] item: Life Orb\n|\n|-heal|p1a: Kingambit|82\/100|[from] item: Leftovers\n|upkeep\n|turn|17\n|\n|t:|1700586941\n|move|p2a: James Bond|Surf|p1a: Kingambit\n|-damage|p1a: Kingambit|29\/100\n|-damage|p2a: James Bond|22\/100|[from] item: Life Orb\n|move|p1a: Kingambit|Kowtow Cleave|p2a: James Bond\n|-resisted|p2a: James Bond\n|-damage|p2a: James Bond|0 fnt\n|faint|p2a: James Bond\n|\n|-heal|p1a: Kingambit|35\/100|[from] item: Leftovers\n|upkeep\n|\n|t:|1700586945\n|switch|p2a: Scizor|Scizor, F|100\/100\n|-damage|p2a: Scizor|84\/100|[from] Spikes\n|turn|18\n|\n|t:|1700586947\n|-end|p1a: Kingambit|fallenundefined|[silent]\n|switch|p1a: Great Tusk|Great Tusk|100\/100\n|move|p2a: Scizor|U-turn|p1a: Great Tusk\n|-resisted|p1a: Great Tusk\n|-damage|p1a: Great Tusk|89\/100\n|-damage|p2a: Scizor|74\/100|[from] item: Life Orb\n|\n|t:|1700586950\n|switch|p2a: Enamorus|Enamorus, F|100\/100|[from] U-turn\n|\n|-heal|p1a: Great Tusk|95\/100|[from] item: Leftovers\n|upkeep\n|turn|19\n|\n|t:|1700586954\n|-end|p1a: Great Tusk|Protosynthesis|[silent]\n|switch|p1a: Toxapex|Toxapex, M|75\/100\n|move|p2a: Enamorus|Earth Power|p1a: Toxapex\n|-supereffective|p1a: Toxapex\n|-damage|p1a: Toxapex|39\/100\n|\n|upkeep\n|turn|20\n|\n|t:|1700586957\n|switch|p1a: Dragapult|Dragapult, F|100\/100\n|move|p2a: Enamorus|Earth Power|p1a: Dragapult\n|-damage|p1a: Dragapult|51\/100\n|\n|upkeep\n|turn|21\n|\n|t:|1700586961\n|switch|p2a: Scizor|Scizor, F|74\/100\n|-damage|p2a: Scizor|57\/100|[from] Spikes\n|move|p1a: Dragapult|Shadow Ball|p2a: Scizor\n|-damage|p2a: Scizor|0 fnt\n|faint|p2a: Scizor\n|\n|upkeep\n|\n|t:|1700586965\n|switch|p2a: Enamorus|Enamorus, F|100\/100\n|turn|22\n|\n|t:|1700586978\n|move|p2a: Enamorus|Moonblast|p1a: Dragapult\n|-supereffective|p1a: Dragapult\n|-damage|p1a: Dragapult|0 fnt\n|faint|p1a: Dragapult\n|\n|upkeep\n|\n|t:|1700586980\n|switch|p1a: Gholdengo|Gholdengo|100\/100\n|-item|p1a: Gholdengo|Air Balloon\n|turn|23\n|\n|t:|1700586988\n|switch|p2a: Slowking|Slowking-Galar, M, shiny|100\/100\n|-damage|p2a: Slowking|84\/100|[from] Spikes\n|move|p1a: Gholdengo|Nasty Plot|p1a: Gholdengo\n|-boost|p1a: Gholdengo|spa|2\n|\n|upkeep\n|turn|24\n|\n|t:|1700586991\n|move|p1a: Gholdengo|Shadow Ball|p2a: Slowking\n|-supereffective|p2a: Slowking\n|-damage|p2a: Slowking|0 fnt\n|faint|p2a: Slowking\n|\n|upkeep\n|\n|t:|1700586994\n|switch|p2a: Enamorus|Enamorus, F|100\/100\n|turn|25\n|\n|t:|1700586997\n|move|p2a: Enamorus|Mystical Fire|p1a: Gholdengo\n|-supereffective|p1a: Gholdengo\n|-damage|p1a: Gholdengo|27\/100\n|-unboost|p1a: Gholdengo|spa|1\n|-enditem|p1a: Gholdengo|Air Balloon\n|move|p1a: Gholdengo|Make It Rain|p2a: Enamorus\n|-supereffective|p2a: Enamorus\n|-damage|p2a: Enamorus|0 fnt\n|-unboost|p1a: Gholdengo|spa|1\n|faint|p2a: Enamorus\n|\n|win|SlimyTime\n|raw|SlimyTime's rating: 1518 &rarr; <strong>1543<\/strong><br \/>(+25 for winning)\n|raw|A1-andy's rating: 1612 &rarr; <strong>1587<\/strong><br \/>(-25 for losing)\n","uploadtime":1700586999,"views":2,"p1id":"slimytime","p2id":"a1andy","formatid":"gen9ou","rating":1543,"private":0,"password":""}