{"id":"gen9ou-1997872153","p1":"yey_97","p2":"SCHIZODROOLER98","format":"[Gen 9] OU","log":"|j|\u2606yey_97\n|j|\u2606SCHIZODROOLER98\n|t:|1700862087\n|gametype|singles\n|player|p1|yey_97|lucas-gen4pt|1542\n|player|p2|SCHIZODROOLER98|medium|1605\n|teamsize|p1|6\n|teamsize|p2|6\n|gen|9\n|tier|[Gen 9] OU\n|rated|\n|rule|Sleep Clause Mod: Limit one foe put to sleep\n|rule|Species Clause: Limit one of each Pok\u00e9mon\n|rule|OHKO Clause: OHKO moves are banned\n|rule|Evasion Items Clause: Evasion items are banned\n|rule|Evasion Moves Clause: Evasion moves are banned\n|rule|Endless Battle Clause: Forcing endless battles is banned\n|rule|HP Percentage Mod: HP is shown in percentages\n|clearpoke\n|poke|p1|Skeledirge, F|\n|poke|p1|Meowscarada, M|\n|poke|p1|Iron Valiant|\n|poke|p1|Great Tusk|\n|poke|p1|Toxapex, F|\n|poke|p1|Gholdengo|\n|poke|p2|Ninetales-Alola, F|\n|poke|p2|Slowbro-Galar, M|\n|poke|p2|Enamorus-Therian, F|\n|poke|p2|Iron Hands|\n|poke|p2|Kingambit, M|\n|poke|p2|Ceruledge, M|\n|teampreview\n|inactive|Battle timer is ON: inactive players will automatically lose when time's up. (requested by yey_97)\n|\n|t:|1700862095\n|start\n|switch|p1a: Gholdengo|Gholdengo|100\/100\n|switch|p2a: ASTAGHFIRULLAH|Enamorus-Therian, F, shiny|100\/100\n|turn|1\n|\n|t:|1700862099\n|switch|p2a: HE JUST LIKE ME FR|Kingambit, M|100\/100\n|move|p1a: Gholdengo|Make It Rain|p2a: HE JUST LIKE ME FR\n|-resisted|p2a: HE JUST LIKE ME FR\n|-damage|p2a: HE JUST LIKE ME FR|68\/100\n|-unboost|p1a: Gholdengo|spa|1\n|\n|upkeep\n|turn|2\n|\n|t:|1700862103\n|switch|p1a: Great Tusk|Great Tusk|100\/100\n|-end|p2a: HE JUST LIKE ME FR|fallenundefined|[silent]\n|switch|p2a: MIDWEST FURFEST|Ninetales-Alola, F, shiny|100\/100\n|-weather|Snow|[from] ability: Snow Warning|[of] p2a: MIDWEST FURFEST\n|\n|-weather|Snow|[upkeep]\n|upkeep\n|turn|3\n|\n|t:|1700862107\n|-end|p1a: Great Tusk|Protosynthesis|[silent]\n|switch|p1a: Gholdengo|Gholdengo|100\/100\n|move|p2a: MIDWEST FURFEST|Aurora Veil|p2a: MIDWEST FURFEST\n|-sidestart|p2: SCHIZODROOLER98|move: Aurora Veil\n|\n|-weather|Snow|[upkeep]\n|upkeep\n|turn|4\n|\n|t:|1700862111\n|switch|p2a: DEEZ HANDS|Iron Hands|100\/100\n|move|p1a: Gholdengo|Make It Rain|p2a: DEEZ HANDS\n|-resisted|p2a: DEEZ HANDS\n|-damage|p2a: DEEZ HANDS|87\/100\n|-unboost|p1a: Gholdengo|spa|1\n|\n|-weather|Snow|[upkeep]\n|upkeep\n|turn|5\n|\n|t:|1700862114\n|switch|p1a: Great Tusk|Great Tusk|100\/100\n|move|p2a: DEEZ HANDS|Swords Dance|p2a: DEEZ HANDS\n|-boost|p2a: DEEZ HANDS|atk|2\n|\n|-weather|Snow|[upkeep]\n|upkeep\n|turn|6\n|\n|t:|1700862116\n|move|p1a: Great Tusk|Knock Off|p2a: DEEZ HANDS\n|-resisted|p2a: DEEZ HANDS\n|-damage|p2a: DEEZ HANDS|81\/100\n|-enditem|p2a: DEEZ HANDS|Quick Claw|[from] move: Knock Off|[of] p1a: Great Tusk\n|move|p2a: DEEZ HANDS|Ice Punch|p1a: Great Tusk\n|-supereffective|p1a: Great Tusk\n|-damage|p1a: Great Tusk|20\/100\n|\n|-weather|none\n|-heal|p1a: Great Tusk|26\/100|[from] item: Leftovers\n|upkeep\n|turn|7\n|\n|t:|1700862123\n|-end|p1a: Great Tusk|Protosynthesis|[silent]\n|switch|p1a: Skeledirge|Skeledirge, F|100\/100\n|move|p2a: DEEZ HANDS|Ice Punch|p1a: Skeledirge\n|-resisted|p1a: Skeledirge\n|-damage|p1a: Skeledirge|91\/100\n|\n|-heal|p1a: Skeledirge|98\/100|[from] item: Leftovers\n|upkeep\n|turn|8\n|\n|t:|1700862129\n|-end|p2a: DEEZ HANDS|Quark Drive|[silent]\n|switch|p2a: JOHN DARKSOULS|Ceruledge, M|100\/100\n|move|p1a: Skeledirge|Will-O-Wisp|p2a: JOHN DARKSOULS\n|-start|p2a: JOHN DARKSOULS|ability: Flash Fire\n|\n|-heal|p1a: Skeledirge|100\/100|[from] item: Leftovers\n|upkeep\n|turn|9\n|\n|t:|1700862134\n|switch|p1a: Toxapex|Toxapex, F|100\/100\n|move|p2a: JOHN DARKSOULS|Poltergeist|p1a: Toxapex\n|-activate|p1a: Toxapex|move: Poltergeist|Black Sludge\n|-damage|p1a: Toxapex|54\/100\n|\n|-heal|p1a: Toxapex|60\/100|[from] item: Black Sludge\n|upkeep\n|turn|10\n|\n|t:|1700862139\n|move|p2a: JOHN DARKSOULS|Swords Dance|p2a: JOHN DARKSOULS\n|-boost|p2a: JOHN DARKSOULS|atk|2\n|move|p1a: Toxapex|Toxic|p2a: JOHN DARKSOULS\n|-status|p2a: JOHN DARKSOULS|tox\n|\n|-heal|p1a: Toxapex|66\/100|[from] item: Black Sludge\n|-damage|p2a: JOHN DARKSOULS|94\/100 tox|[from] psn\n|-sideend|p2: SCHIZODROOLER98|move: Aurora Veil\n|upkeep\n|turn|11\n|\n|t:|1700862143\n|switch|p1a: Meowscarada|Meowscarada, M|100\/100\n|move|p2a: JOHN DARKSOULS|Poltergeist|p1a: Meowscarada\n|-activate|p1a: Meowscarada|move: Poltergeist|Focus Sash\n|-resisted|p1a: Meowscarada\n|-damage|p1a: Meowscarada|2\/100\n|\n|-damage|p2a: JOHN DARKSOULS|82\/100 tox|[from] psn\n|upkeep\n|turn|12\n|\n|t:|1700862150\n|-end|p2a: JOHN DARKSOULS|ability: Flash Fire|[silent]\n|switch|p2a: MIDWEST FURFEST|Ninetales-Alola, F, shiny|100\/100\n|-weather|Snow|[from] ability: Snow Warning|[of] p2a: MIDWEST FURFEST\n|move|p1a: Meowscarada|Knock Off|p2a: MIDWEST FURFEST\n|-resisted|p2a: MIDWEST FURFEST\n|-damage|p2a: MIDWEST FURFEST|83\/100\n|-enditem|p2a: MIDWEST FURFEST|Light Clay|[from] move: Knock Off|[of] p1a: Meowscarada\n|\n|-weather|Snow|[upkeep]\n|upkeep\n|turn|13\n|\n|t:|1700862158\n|move|p1a: Meowscarada|U-turn|p2a: MIDWEST FURFEST\n|-resisted|p2a: MIDWEST FURFEST\n|-damage|p2a: MIDWEST FURFEST|74\/100\n|\n|t:|1700862163\n|switch|p1a: Great Tusk|Great Tusk|26\/100|[from] U-turn\n|move|p2a: MIDWEST FURFEST|Aurora Veil|p2a: MIDWEST FURFEST\n|-sidestart|p2: SCHIZODROOLER98|move: Aurora Veil\n|\n|-weather|Snow|[upkeep]\n|-heal|p1a: Great Tusk|32\/100|[from] item: Leftovers\n|upkeep\n|turn|14\n|\n|t:|1700862170\n|-end|p1a: Great Tusk|Protosynthesis|[silent]\n|switch|p1a: Skeledirge|Skeledirge, F|100\/100\n|move|p2a: MIDWEST FURFEST|Freeze-Dry|p1a: Skeledirge\n|-resisted|p1a: Skeledirge\n|-crit|p1a: Skeledirge\n|-damage|p1a: Skeledirge|85\/100\n|\n|-weather|Snow|[upkeep]\n|-heal|p1a: Skeledirge|91\/100|[from] item: Leftovers\n|upkeep\n|turn|15\n|\n|t:|1700862176\n|switch|p2a: JOHN DARKSOULS|Ceruledge, M|82\/100 tox\n|move|p1a: Skeledirge|Roar|p2a: JOHN DARKSOULS\n|drag|p2a: ASTAGHFIRULLAH|Enamorus-Therian, F, shiny|100\/100\n|\n|-weather|Snow|[upkeep]\n|-heal|p1a: Skeledirge|98\/100|[from] item: Leftovers\n|upkeep\n|turn|16\n|-activate|p2a: ASTAGHFIRULLAH|item: Quick Claw\n|\n|t:|1700862181\n|switch|p1a: Gholdengo|Gholdengo|100\/100\n|move|p2a: ASTAGHFIRULLAH|Earth Power|p1a: Gholdengo\n|-supereffective|p1a: Gholdengo\n|-damage|p1a: Gholdengo|10\/100\n|\n|-weather|none\n|upkeep\n|turn|17\n|\n|t:|1700862187\n|move|p1a: Gholdengo|Trick|p2a: ASTAGHFIRULLAH\n|-activate|p1a: Gholdengo|move: Trick|[of] p2a: ASTAGHFIRULLAH\n|-item|p2a: ASTAGHFIRULLAH|Choice Scarf|[from] move: Trick\n|-item|p1a: Gholdengo|Quick Claw|[from] move: Trick\n|move|p2a: ASTAGHFIRULLAH|Earth Power|p1a: Gholdengo\n|-supereffective|p1a: Gholdengo\n|-damage|p1a: Gholdengo|0 fnt\n|faint|p1a: Gholdengo\n|\n|-sideend|p2: SCHIZODROOLER98|move: Aurora Veil\n|upkeep\n|\n|t:|1700862193\n|switch|p1a: Meowscarada|Meowscarada, M|2\/100\n|turn|18\n|\n|t:|1700862200\n|move|p1a: Meowscarada|Spikes|p2a: ASTAGHFIRULLAH\n|-sidestart|p2: SCHIZODROOLER98|Spikes\n|move|p2a: ASTAGHFIRULLAH|Earth Power|p1a: Meowscarada\n|-resisted|p1a: Meowscarada\n|-damage|p1a: Meowscarada|0 fnt\n|faint|p1a: Meowscarada\n|\n|upkeep\n|\n|t:|1700862209\n|switch|p1a: Toxapex|Toxapex, F|99\/100\n|turn|19\n|\n|t:|1700862212\n|move|p2a: ASTAGHFIRULLAH|Earth Power|p1a: Toxapex\n|-supereffective|p1a: Toxapex\n|-damage|p1a: Toxapex|38\/100\n|move|p1a: Toxapex|Sludge Bomb|p2a: ASTAGHFIRULLAH\n|-supereffective|p2a: ASTAGHFIRULLAH\n|-damage|p2a: ASTAGHFIRULLAH|39\/100\n|\n|-heal|p1a: Toxapex|45\/100|[from] item: Black Sludge\n|upkeep\n|turn|20\n|\n|t:|1700862221\n|move|p2a: ASTAGHFIRULLAH|Earth Power|p1a: Toxapex\n|-supereffective|p1a: Toxapex\n|-damage|p1a: Toxapex|0 fnt\n|faint|p1a: Toxapex\n|\n|upkeep\n|\n|t:|1700862225\n|switch|p1a: Great Tusk|Great Tusk|32\/100\n|turn|21\n|\n|t:|1700862229\n|move|p1a: Great Tusk|Ice Spinner|p2a: ASTAGHFIRULLAH\n|-supereffective|p2a: ASTAGHFIRULLAH\n|-damage|p2a: ASTAGHFIRULLAH|0 fnt\n|faint|p2a: ASTAGHFIRULLAH\n|\n|-heal|p1a: Great Tusk|38\/100|[from] item: Leftovers\n|upkeep\n|\n|t:|1700862234\n|switch|p2a: MIDWEST FURFEST|Ninetales-Alola, F, shiny|74\/100\n|-damage|p2a: MIDWEST FURFEST|61\/100|[from] Spikes\n|-weather|Snow|[from] ability: Snow Warning|[of] p2a: MIDWEST FURFEST\n|turn|22\n|\n|t:|1700862237\n|-end|p1a: Great Tusk|Protosynthesis|[silent]\n|switch|p1a: Skeledirge|Skeledirge, F|98\/100\n|move|p2a: MIDWEST FURFEST|Aurora Veil|p2a: MIDWEST FURFEST\n|-sidestart|p2: SCHIZODROOLER98|move: Aurora Veil\n|\n|-weather|Snow|[upkeep]\n|-heal|p1a: Skeledirge|100\/100|[from] item: Leftovers\n|upkeep\n|turn|23\n|\n|t:|1700862241\n|switch|p2a: JOHN DARKSOULS|Ceruledge, M|82\/100 tox\n|-damage|p2a: JOHN DARKSOULS|70\/100 tox|[from] Spikes\n|move|p1a: Skeledirge|Roar|p2a: JOHN DARKSOULS\n|drag|p2a: HE JUST LIKE ME FR|Kingambit, M|68\/100\n|-damage|p2a: HE JUST LIKE ME FR|56\/100|[from] Spikes\n|-activate|p2a: HE JUST LIKE ME FR|ability: Supreme Overlord\n|-start|p2a: HE JUST LIKE ME FR|fallen1|[silent]\n|\n|-weather|Snow|[upkeep]\n|upkeep\n|turn|24\n|\n|t:|1700862246\n|move|p1a: Skeledirge|Will-O-Wisp|p2a: HE JUST LIKE ME FR\n|-status|p2a: HE JUST LIKE ME FR|brn\n|move|p2a: HE JUST LIKE ME FR|Kowtow Cleave|p1a: Skeledirge\n|-supereffective|p1a: Skeledirge\n|-damage|p1a: Skeledirge|64\/100\n|\n|-weather|Snow|[upkeep]\n|-heal|p1a: Skeledirge|70\/100|[from] item: Leftovers\n|-damage|p2a: HE JUST LIKE ME FR|50\/100 brn|[from] brn\n|upkeep\n|turn|25\n|\n|t:|1700862255\n|-end|p2a: HE JUST LIKE ME FR|fallen1|[silent]\n|switch|p2a: JOHN DARKSOULS|Ceruledge, M|70\/100 tox\n|-damage|p2a: JOHN DARKSOULS|58\/100 tox|[from] Spikes\n|move|p1a: Skeledirge|Slack Off|p1a: Skeledirge\n|-heal|p1a: Skeledirge|100\/100\n|\n|-weather|Snow|[upkeep]\n|-damage|p2a: JOHN DARKSOULS|52\/100 tox|[from] psn\n|upkeep\n|turn|26\n|-activate|p2a: JOHN DARKSOULS|item: Quick Claw\n|\n|t:|1700862260\n|switch|p1a: Great Tusk|Great Tusk|38\/100\n|move|p2a: JOHN DARKSOULS|Poltergeist|p1a: Great Tusk\n|-activate|p1a: Great Tusk|move: Poltergeist|Leftovers\n|-damage|p1a: Great Tusk|0 fnt\n|faint|p1a: Great Tusk\n|-end|p1a: Great Tusk|Protosynthesis|[silent]\n|\n|-weather|none\n|-damage|p2a: JOHN DARKSOULS|40\/100 tox|[from] psn\n|-sideend|p2: SCHIZODROOLER98|move: Aurora Veil\n|upkeep\n|\n|t:|1700862269\n|switch|p1a: Iron Valiant|Iron Valiant|100\/100\n|-enditem|p1a: Iron Valiant|Booster Energy\n|-activate|p1a: Iron Valiant|ability: Quark Drive|[fromitem]\n|-start|p1a: Iron Valiant|quarkdrivespe\n|turn|27\n|\n|t:|1700862276\n|switch|p2a: MIDWEST FURFEST|Ninetales-Alola, F, shiny|61\/100\n|-damage|p2a: MIDWEST FURFEST|49\/100|[from] Spikes\n|-weather|Snow|[from] ability: Snow Warning|[of] p2a: MIDWEST FURFEST\n|move|p1a: Iron Valiant|Knock Off|p2a: MIDWEST FURFEST\n|-resisted|p2a: MIDWEST FURFEST\n|-damage|p2a: MIDWEST FURFEST|39\/100\n|\n|-weather|Snow|[upkeep]\n|upkeep\n|turn|28\n|\n|t:|1700862280\n|-terastallize|p1a: Iron Valiant|Steel\n|move|p1a: Iron Valiant|Swords Dance|p1a: Iron Valiant\n|-boost|p1a: Iron Valiant|atk|2\n|move|p2a: MIDWEST FURFEST|Aurora Veil|p2a: MIDWEST FURFEST\n|-sidestart|p2: SCHIZODROOLER98|move: Aurora Veil\n|\n|-weather|Snow|[upkeep]\n|upkeep\n|turn|29\n|\n|t:|1700862287\n|move|p1a: Iron Valiant|Spirit Break|p2a: MIDWEST FURFEST\n|-damage|p2a: MIDWEST FURFEST|5\/100\n|-unboost|p2a: MIDWEST FURFEST|spa|1\n|move|p2a: MIDWEST FURFEST|Encore|p1a: Iron Valiant\n|-start|p1a: Iron Valiant|Encore\n|\n|-weather|Snow|[upkeep]\n|upkeep\n|turn|30\n|\n|t:|1700862293\n|move|p1a: Iron Valiant|Spirit Break|p2a: MIDWEST FURFEST\n|-damage|p2a: MIDWEST FURFEST|0 fnt\n|faint|p2a: MIDWEST FURFEST\n|\n|-weather|Snow|[upkeep]\n|upkeep\n|\n|t:|1700862299\n|switch|p2a: DEEZ HANDS|Iron Hands|81\/100\n|-damage|p2a: DEEZ HANDS|69\/100|[from] Spikes\n|turn|31\n|\n|t:|1700862306\n|-end|p1a: Iron Valiant|Quark Drive|[silent]\n|switch|p1a: Skeledirge|Skeledirge, F|100\/100\n|move|p2a: DEEZ HANDS|Drain Punch|p1a: Skeledirge\n|-immune|p1a: Skeledirge\n|\n|-weather|none\n|upkeep\n|turn|32\n|\n|t:|1700862312\n|-end|p2a: DEEZ HANDS|Quark Drive|[silent]\n|switch|p2a: JOHN DARKSOULS|Ceruledge, M|40\/100 tox\n|-damage|p2a: JOHN DARKSOULS|28\/100 tox|[from] Spikes\n|move|p1a: Skeledirge|Roar|p2a: JOHN DARKSOULS\n|drag|p2a: SKILL ISSUE|Slowbro-Galar, M, shiny|100\/100\n|-damage|p2a: SKILL ISSUE|88\/100|[from] Spikes\n|\n|-sideend|p2: SCHIZODROOLER98|move: Aurora Veil\n|upkeep\n|turn|33\n|\n|t:|1700862325\n|move|p1a: Skeledirge|Will-O-Wisp|p2a: SKILL ISSUE\n|-status|p2a: SKILL ISSUE|brn\n|move|p2a: SKILL ISSUE|Surf|p1a: Skeledirge\n|-supereffective|p1a: Skeledirge\n|-damage|p1a: Skeledirge|48\/100\n|\n|-heal|p1a: Skeledirge|54\/100|[from] item: Leftovers\n|-damage|p2a: SKILL ISSUE|82\/100 brn|[from] brn\n|upkeep\n|turn|34\n|-activate|p2a: SKILL ISSUE|item: Quick Claw\n|\n|t:|1700862347\n|move|p2a: SKILL ISSUE|Surf|p1a: Skeledirge\n|-supereffective|p1a: Skeledirge\n|-damage|p1a: Skeledirge|0 fnt\n|faint|p1a: Skeledirge\n|\n|-damage|p2a: SKILL ISSUE|76\/100 brn|[from] brn\n|upkeep\n|\n|t:|1700862350\n|switch|p1a: Iron Valiant|Iron Valiant, tera:Steel|100\/100\n|turn|35\n|-activate|p2a: SKILL ISSUE|ability: Quick Draw\n|\n|t:|1700862354\n|-terastallize|p2a: SKILL ISSUE|Fighting\n|move|p2a: SKILL ISSUE|Focus Blast|p1a: Iron Valiant|[miss]\n|-miss|p2a: SKILL ISSUE|p1a: Iron Valiant\n|move|p1a: Iron Valiant|Knock Off|p2a: SKILL ISSUE\n|-resisted|p2a: SKILL ISSUE\n|-damage|p2a: SKILL ISSUE|61\/100 brn\n|-enditem|p2a: SKILL ISSUE|Quick Claw|[from] move: Knock Off|[of] p1a: Iron Valiant\n|\n|-damage|p2a: SKILL ISSUE|54\/100 brn|[from] brn\n|upkeep\n|turn|36\n|-activate|p2a: SKILL ISSUE|ability: Quick Draw\n|\n|t:|1700862360\n|move|p2a: SKILL ISSUE|Focus Blast|p1a: Iron Valiant\n|-supereffective|p1a: Iron Valiant\n|-damage|p1a: Iron Valiant|0 fnt\n|faint|p1a: Iron Valiant\n|-end|p1a: Iron Valiant|Quark Drive|[silent]\n|\n|win|SCHIZODROOLER98\n|raw|yey_97's rating: 1542 &rarr; <strong>1526<\/strong><br \/>(-16 for losing)\n|raw|SCHIZODROOLER98's rating: 1605 &rarr; <strong>1621<\/strong><br \/>(+16 for winning)\n|l|\u2606yey_97\n","uploadtime":1700862369,"views":2,"p1id":"yey97","p2id":"schizodrooler98","formatid":"gen9ou","rating":1526,"private":0,"password":""}