{"id":"gen9ou-1989497733","p1":"Markai00","p2":"Znoshim","format":"[Gen 9] OU","log":"|j|\u2606Markai00\n|j|\u2606Znoshim\n|t:|1699860783\n|gametype|singles\n|player|p1|Markai00|ghetsis|\n|player|p2|Znoshim|will|\n|teamsize|p1|6\n|teamsize|p2|6\n|gen|9\n|tier|[Gen 9] OU\n|rule|Sleep Clause Mod: Limit one foe put to sleep\n|rule|Species Clause: Limit one of each Pok\u00e9mon\n|rule|OHKO Clause: OHKO moves are banned\n|rule|Evasion Items Clause: Evasion items are banned\n|rule|Evasion Moves Clause: Evasion moves are banned\n|rule|Endless Battle Clause: Forcing endless battles is banned\n|rule|HP Percentage Mod: HP is shown in percentages\n|clearpoke\n|poke|p1|Garchomp, F|\n|poke|p1|Garganacl, M|\n|poke|p1|Gengar, M|\n|poke|p1|Goodra-Hisui, F|\n|poke|p1|Greninja-*, F|\n|poke|p1|Grimmsnarl, M|\n|poke|p2|Brute Bonnet|\n|poke|p2|Iron Hands|\n|poke|p2|Iron Valiant|\n|poke|p2|Iron Moth|\n|poke|p2|Iron Treads|\n|poke|p2|Iron Thorns|\n|teampreview\n|c|\u2606Markai00|Bon dia mestre\n|c|\u2606Znoshim|bos dias\n|c|\u2606Znoshim|vols que jue en el altre team?\n|c|\u2606Znoshim|xddd\n|c|\u2606Markai00|Per favor\n|c|\u2606Markai00|Aixina tinc alguna oportunitat\n|c|\u2606Znoshim|si vols fem reset\n|c|\u2606Znoshim|em fa prou la ma jajajaja\n|\n|t:|1699860839\n|start\n|switch|p1a: Garchomp|Garchomp, F|100\/100\n|switch|p2a: Ferropalmas|Iron Hands|100\/100\n|turn|1\n|c|\u2606Markai00|No va\n|c|\u2606Markai00|Tirali\n|\n|t:|1699860851\n|move|p1a: Garchomp|Earthquake|p2a: Ferropalmas\n|-supereffective|p2a: Ferropalmas\n|-damage|p2a: Ferropalmas|21\/100\n|move|p2a: Ferropalmas|Substitute|p2a: Ferropalmas\n|-fail|p2a: Ferropalmas|move: Substitute|[weak]\n|\n|upkeep\n|turn|2\n|c|\u2606Znoshim|dic\n|c|\u2606Znoshim|ara fara alguna poll\u00e0 de boos\n|c|\u2606Markai00|Enguengue\n|c|\u2606Znoshim|boost*\n|\n|t:|1699860876\n|move|p1a: Garchomp|Earthquake|p2a: Ferropalmas\n|-supereffective|p2a: Ferropalmas\n|-damage|p2a: Ferropalmas|0 fnt\n|faint|p2a: Ferropalmas\n|-end|p2a: Ferropalmas|Quark Drive|[silent]\n|\n|upkeep\n|c|\u2606Markai00|Jajajaja, a matar que vaig\n|\n|t:|1699860891\n|switch|p2a: Ferrop\u00faas|Iron Thorns|100\/100\n|-enditem|p2a: Ferrop\u00faas|Booster Energy\n|-activate|p2a: Ferrop\u00faas|ability: Quark Drive|[fromitem]\n|-start|p2a: Ferrop\u00faas|quarkdriveatk\n|turn|3\n|\n|t:|1699860903\n|-terastallize|p2a: Ferrop\u00faas|Flying\n|move|p1a: Garchomp|Earthquake|p2a: Ferrop\u00faas\n|-immune|p2a: Ferrop\u00faas\n|move|p2a: Ferrop\u00faas|Ice Punch|p1a: Garchomp\n|-supereffective|p1a: Garchomp\n|-damage|p1a: Garchomp|0 fnt\n|-damage|p2a: Ferrop\u00faas|88\/100|[from] ability: Rough Skin|[of] p1a: Garchomp\n|faint|p1a: Garchomp\n|\n|upkeep\n|c|\u2606Markai00|F\n|\n|t:|1699860923\n|switch|p1a: Grimmsnarl|Grimmsnarl, M|100\/100\n|turn|4\n|\n|t:|1699860938\n|move|p1a: Grimmsnarl|Reflect|p1a: Grimmsnarl\n|-sidestart|p1: Markai00|Reflect\n|move|p2a: Ferrop\u00faas|Dragon Dance|p2a: Ferrop\u00faas\n|-boost|p2a: Ferrop\u00faas|atk|1\n|-boost|p2a: Ferrop\u00faas|spe|1\n|\n|upkeep\n|turn|5\n|\n|t:|1699860944\n|move|p1a: Grimmsnarl|Parting Shot|p2a: Ferrop\u00faas\n|-unboost|p2a: Ferrop\u00faas|atk|1\n|-unboost|p2a: Ferrop\u00faas|spa|1\n|\n|t:|1699860949\n|switch|p1a: Garganacl|Garganacl, M|100\/100|[from] Parting Shot\n|move|p2a: Ferrop\u00faas|Earthquake|p1a: Garganacl\n|-supereffective|p1a: Garganacl\n|-damage|p1a: Garganacl|79\/100\n|\n|upkeep\n|turn|6\n|\n|t:|1699860962\n|move|p2a: Ferrop\u00faas|Dragon Dance|p2a: Ferrop\u00faas\n|-boost|p2a: Ferrop\u00faas|atk|1\n|-boost|p2a: Ferrop\u00faas|spe|1\n|move|p1a: Garganacl|Salt Cure|p2a: Ferrop\u00faas\n|-supereffective|p2a: Ferrop\u00faas\n|-damage|p2a: Ferrop\u00faas|60\/100\n|-start|p2a: Ferrop\u00faas|Salt Cure\n|\n|-damage|p2a: Ferrop\u00faas|48\/100|[from] Salt Cure\n|upkeep\n|turn|7\n|\n|t:|1699860978\n|move|p2a: Ferrop\u00faas|Earthquake|p1a: Garganacl\n|-supereffective|p1a: Garganacl\n|-damage|p1a: Garganacl|44\/100\n|move|p1a: Garganacl|Recover|p1a: Garganacl\n|-heal|p1a: Garganacl|94\/100\n|\n|-damage|p2a: Ferrop\u00faas|36\/100|[from] Salt Cure\n|upkeep\n|turn|8\n|\n|t:|1699860985\n|move|p2a: Ferrop\u00faas|Earthquake|p1a: Garganacl\n|-supereffective|p1a: Garganacl\n|-damage|p1a: Garganacl|60\/100\n|move|p1a: Garganacl|Salt Cure|p2a: Ferrop\u00faas\n|-supereffective|p2a: Ferrop\u00faas\n|-damage|p2a: Ferrop\u00faas|9\/100\n|\n|-damage|p2a: Ferrop\u00faas|0 fnt|[from] Salt Cure\n|faint|p2a: Ferrop\u00faas\n|-end|p2a: Ferrop\u00faas|Quark Drive|[silent]\n|upkeep\n|\n|t:|1699860999\n|switch|p2a: Furioseta|Brute Bonnet|100\/100\n|turn|9\n|c|\u2606Markai00|Cada mort es una victoria\n|\n|t:|1699861011\n|switch|p1a: Grimmsnarl|Grimmsnarl, M|100\/100\n|move|p2a: Furioseta|Spore|p1a: Grimmsnarl\n|-status|p1a: Grimmsnarl|slp|[from] move: Spore\n|\n|upkeep\n|turn|10\n|\n|t:|1699861031\n|-end|p2a: Furioseta|Protosynthesis|[silent]\n|switch|p2a: Ferropalad\u00edn|Iron Valiant|100\/100\n|-enditem|p2a: Ferropalad\u00edn|Booster Energy\n|-activate|p2a: Ferropalad\u00edn|ability: Quark Drive|[fromitem]\n|-start|p2a: Ferropalad\u00edn|quarkdrivespe\n|switch|p1a: Goodra|Goodra-Hisui, F|100\/100\n|\n|upkeep\n|turn|11\n|\n|t:|1699861056\n|move|p2a: Ferropalad\u00edn|Close Combat|p1a: Goodra\n|-supereffective|p1a: Goodra\n|-damage|p1a: Goodra|38\/100\n|-unboost|p2a: Ferropalad\u00edn|def|1\n|-unboost|p2a: Ferropalad\u00edn|spd|1\n|move|p1a: Goodra|Flash Cannon|p2a: Ferropalad\u00edn\n|-supereffective|p2a: Ferropalad\u00edn\n|-damage|p2a: Ferropalad\u00edn|0 fnt\n|faint|p2a: Ferropalad\u00edn\n|-end|p2a: Ferropalad\u00edn|Quark Drive|[silent]\n|\n|-heal|p1a: Goodra|44\/100|[from] item: Leftovers\n|-sideend|p1: Markai00|Reflect\n|upkeep\n|\n|t:|1699861071\n|switch|p2a: Ferropolilla|Iron Moth|100\/100\n|-enditem|p2a: Ferropolilla|Booster Energy\n|-activate|p2a: Ferropolilla|ability: Quark Drive|[fromitem]\n|-start|p2a: Ferropolilla|quarkdrivespe\n|turn|12\n|\n|t:|1699861078\n|move|p2a: Ferropolilla|Substitute|p2a: Ferropolilla\n|-start|p2a: Ferropolilla|Substitute\n|-damage|p2a: Ferropolilla|76\/100\n|move|p1a: Goodra|Dragon Tail|p2a: Ferropolilla\n|-end|p2a: Ferropolilla|Substitute\n|\n|-heal|p1a: Goodra|50\/100|[from] item: Leftovers\n|upkeep\n|turn|13\n|c|\u2606Markai00|Este este\n|\n|t:|1699861087\n|move|p2a: Ferropolilla|Fiery Dance|p1a: Goodra\n|-damage|p1a: Goodra|28\/100\n|move|p1a: Goodra|Dragon Tail|p2a: Ferropolilla\n|-damage|p2a: Ferropolilla|44\/100\n|-end|p2a: Ferropolilla|Quark Drive|[silent]\n|drag|p2a: Furioseta|Brute Bonnet|100\/100\n|\n|-heal|p1a: Goodra|34\/100|[from] item: Leftovers\n|upkeep\n|turn|14\n|c|\u2606Markai00|Este es la rata\n|\n|t:|1699861108\n|move|p2a: Furioseta|Sucker Punch|p1a: Goodra\n|-damage|p1a: Goodra|0 fnt\n|faint|p1a: Goodra\n|\n|upkeep\n|\n|t:|1699861114\n|switch|p1a: Grimmsnarl|Grimmsnarl, M|100\/100 slp\n|turn|15\n|\n|t:|1699861127\n|-end|p2a: Furioseta|Protosynthesis|[silent]\n|switch|p2a: Ferropolilla|Iron Moth|44\/100\n|switch|p1a: Greninja|Greninja, F|100\/100\n|\n|upkeep\n|turn|16\n|\n|t:|1699861133\n|-end|p2a: Ferropolilla|Quark Drive|[silent]\n|switch|p2a: Furioseta|Brute Bonnet|100\/100\n|move|p1a: Greninja|Hydro Pump|p2a: Furioseta\n|-start|p1a: Greninja|typechange|Water|[from] ability: Protean\n|-resisted|p2a: Furioseta\n|-damage|p2a: Furioseta|76\/100\n|\n|upkeep\n|turn|17\n|\n|t:|1699861144\n|switch|p1a: Grimmsnarl|Grimmsnarl, M|100\/100 slp\n|move|p2a: Furioseta|Bullet Seed|p1a: Grimmsnarl\n|-damage|p1a: Grimmsnarl|88\/100 slp\n|-damage|p1a: Grimmsnarl|76\/100 slp\n|-damage|p1a: Grimmsnarl|63\/100 slp\n|-damage|p1a: Grimmsnarl|50\/100 slp\n|-hitcount|p1a: Grimmsnarl|4\n|\n|upkeep\n|turn|18\n|\n|t:|1699861153\n|cant|p1a: Grimmsnarl|slp\n|move|p2a: Furioseta|Bullet Seed|p1a: Grimmsnarl\n|-damage|p1a: Grimmsnarl|38\/100 slp\n|-damage|p1a: Grimmsnarl|26\/100 slp\n|-damage|p1a: Grimmsnarl|14\/100 slp\n|-damage|p1a: Grimmsnarl|1\/100 slp\n|-damage|p1a: Grimmsnarl|0 fnt\n|faint|p1a: Grimmsnarl\n|-hitcount|p1: Grimmsnarl|5\n|\n|upkeep\n|\n|t:|1699861164\n|switch|p1a: Garganacl|Garganacl, M|60\/100\n|turn|19\n|\n|t:|1699861174\n|-terastallize|p1a: Garganacl|Ghost\n|move|p2a: Furioseta|Spore|p1a: Garganacl\n|-immune|p1a: Garganacl|[from] ability: Purifying Salt\n|move|p1a: Garganacl|Recover|p1a: Garganacl\n|-heal|p1a: Garganacl|100\/100\n|\n|upkeep\n|turn|20\n|c|\u2606Znoshim|collons\n|c|\u2606Znoshim|que se m'olvida\n|\n|t:|1699861187\n|move|p2a: Furioseta|Sucker Punch|p1a: Garganacl\n|-supereffective|p1a: Garganacl\n|-damage|p1a: Garganacl|57\/100\n|-damage|p2a: Furioseta|59\/100|[from] item: Rocky Helmet|[of] p1a: Garganacl\n|move|p1a: Garganacl|Salt Cure|p2a: Furioseta\n|-damage|p2a: Furioseta|45\/100\n|-start|p2a: Furioseta|Salt Cure\n|\n|-damage|p2a: Furioseta|33\/100|[from] Salt Cure\n|upkeep\n|turn|21\n|\n|t:|1699861198\n|-end|p2a: Furioseta|Protosynthesis|[silent]\n|switch|p2a: Ferrodada|Iron Treads|100\/100\n|move|p1a: Garganacl|Recover|p1a: Garganacl\n|-heal|p1a: Garganacl|100\/100\n|\n|upkeep\n|turn|22\n|\n|t:|1699861207\n|move|p2a: Ferrodada|Knock Off|p1a: Garganacl\n|-supereffective|p1a: Garganacl\n|-damage|p1a: Garganacl|75\/100\n|-damage|p2a: Ferrodada|84\/100|[from] item: Rocky Helmet|[of] p1a: Garganacl\n|-enditem|p1a: Garganacl|Rocky Helmet|[from] move: Knock Off|[of] p2a: Ferrodada\n|move|p1a: Garganacl|Salt Cure|p2a: Ferrodada\n|-resisted|p2a: Ferrodada\n|-damage|p2a: Ferrodada|81\/100\n|-start|p2a: Ferrodada|Salt Cure\n|\n|-heal|p2a: Ferrodada|87\/100|[from] item: Leftovers\n|-damage|p2a: Ferrodada|62\/100|[from] Salt Cure\n|upkeep\n|turn|23\n|\n|t:|1699861226\n|switch|p1a: Gengar|Gengar, M|100\/100\n|move|p2a: Ferrodada|Earthquake|p1a: Gengar\n|-supereffective|p1a: Gengar\n|-damage|p1a: Gengar|0 fnt\n|faint|p1a: Gengar\n|\n|-heal|p2a: Ferrodada|69\/100|[from] item: Leftovers\n|-damage|p2a: Ferrodada|44\/100|[from] Salt Cure\n|upkeep\n|c|\u2606Markai00|F\n|\n|t:|1699861238\n|switch|p1a: Greninja|Greninja, F|100\/100\n|turn|24\n|\n|t:|1699861248\n|move|p1a: Greninja|U-turn|p2a: Ferrodada\n|-start|p1a: Greninja|typechange|Bug|[from] ability: Protean\n|-resisted|p2a: Ferrodada\n|-damage|p2a: Ferrodada|35\/100\n|\n|t:|1699861253\n|switch|p1a: Garganacl|Garganacl, M, tera:Ghost|75\/100|[from] U-turn\n|move|p2a: Ferrodada|Knock Off|p1a: Garganacl\n|-supereffective|p1a: Garganacl\n|-damage|p1a: Garganacl|59\/100\n|\n|-heal|p2a: Ferrodada|41\/100|[from] item: Leftovers\n|-damage|p2a: Ferrodada|16\/100|[from] Salt Cure\n|upkeep\n|turn|25\n|\n|t:|1699861264\n|move|p2a: Ferrodada|Earthquake|p1a: Garganacl\n|-damage|p1a: Garganacl|39\/100\n|move|p1a: Garganacl|Recover|p1a: Garganacl\n|-heal|p1a: Garganacl|89\/100\n|\n|-heal|p2a: Ferrodada|23\/100|[from] item: Leftovers\n|-damage|p2a: Ferrodada|0 fnt|[from] Salt Cure\n|faint|p2a: Ferrodada\n|-end|p2a: Ferrodada|Quark Drive|[silent]\n|upkeep\n|\n|t:|1699861278\n|switch|p2a: Furioseta|Brute Bonnet|33\/100\n|turn|26\n|\n|t:|1699861283\n|move|p2a: Furioseta|Spore|p1a: Garganacl\n|-immune|p1a: Garganacl|[from] ability: Purifying Salt\n|move|p1a: Garganacl|Body Press|p2a: Furioseta\n|-supereffective|p2a: Furioseta\n|-damage|p2a: Furioseta|0 fnt\n|faint|p2a: Furioseta\n|-end|p2a: Furioseta|Protosynthesis|[silent]\n|\n|upkeep\n|c|\u2606Markai00|F\n|c|\u2606Znoshim|JODER\n|c|\u2606Znoshim|quiina memoria\n|c|\u2606Znoshim|que asco\n|\n|t:|1699861295\n|switch|p2a: Ferropolilla|Iron Moth|44\/100\n|turn|27\n|\n|t:|1699861301\n|move|p2a: Ferropolilla|Sludge Wave|p1a: Garganacl\n|-resisted|p1a: Garganacl\n|-damage|p1a: Garganacl|68\/100\n|move|p1a: Garganacl|Salt Cure|p2a: Ferropolilla\n|-supereffective|p2a: Ferropolilla\n|-damage|p2a: Ferropolilla|4\/100\n|-start|p2a: Ferropolilla|Salt Cure\n|\n|-damage|p2a: Ferropolilla|0 fnt|[from] Salt Cure\n|faint|p2a: Ferropolilla\n|-end|p2a: Ferropolilla|Quark Drive|[silent]\n|\n|win|Markai00\n|upkeep\n|c|\u2606Markai00|Es que es un aqco de pokemon\n|c|\u2606Markai00|Gg\n|l|\u2606Znoshim\n","uploadtime":1699861315,"views":26,"p1id":"markai00","p2id":"znoshim","formatid":"gen9ou","rating":0,"private":0,"password":""}