{"id":"gen9ou-1990810903","p1":"Sensei Milia","p2":"n8n8n88","format":"[Gen 9] OU","log":"|j|\u2606Sensei Milia\n|j|\u2606n8n8n88\n|t:|1700003205\n|gametype|singles\n|player|p1|Sensei Milia|swimmerf|1258\n|player|p2|n8n8n88|sisandbro|1222\n|teamsize|p1|6\n|teamsize|p2|6\n|gen|9\n|tier|[Gen 9] OU\n|rated|\n|rule|Sleep Clause Mod: Limit one foe put to sleep\n|rule|Species Clause: Limit one of each Pok\u00e9mon\n|rule|OHKO Clause: OHKO moves are banned\n|rule|Evasion Items Clause: Evasion items are banned\n|rule|Evasion Moves Clause: Evasion moves are banned\n|rule|Endless Battle Clause: Forcing endless battles is banned\n|rule|HP Percentage Mod: HP is shown in percentages\n|clearpoke\n|poke|p1|Heatran, M|\n|poke|p1|Garganacl, M|\n|poke|p1|Ceruledge, M|\n|poke|p1|Clodsire, M|\n|poke|p1|Breloom, M|\n|poke|p1|Clefable, F|\n|poke|p2|Rillaboom, F|\n|poke|p2|Cinderace, M|\n|poke|p2|Great Tusk|\n|poke|p2|Thundurus-Therian, M|\n|poke|p2|Sneasler, F|\n|poke|p2|Kleavor, F|\n|teampreview\n|inactive|Battle timer is ON: inactive players will automatically lose when time's up. (requested by n8n8n88)\n|\n|t:|1700003218\n|start\n|switch|p1a: Heatran|Heatran, M, shiny|100\/100\n|switch|p2a: Kleavor|Kleavor, F|100\/100\n|-item|p1a: Heatran|Air Balloon\n|turn|1\n|\n|t:|1700003227\n|move|p2a: Kleavor|Stone Axe|p1a: Heatran\n|-damage|p1a: Heatran|56\/100\n|-enditem|p1a: Heatran|Air Balloon\n|-sidestart|p1: Sensei Milia|move: Stealth Rock\n|move|p1a: Heatran|Earth Power|p2a: Kleavor\n|-damage|p2a: Kleavor|46\/100\n|\n|upkeep\n|turn|2\n|\n|t:|1700003236\n|move|p2a: Kleavor|U-turn|p1a: Heatran\n|-resisted|p1a: Heatran\n|-damage|p1a: Heatran|48\/100\n|\n|t:|1700003242\n|switch|p2a: Thundurus|Thundurus-Therian, M, shiny|100\/100|[from] U-turn\n|move|p1a: Heatran|Magma Storm|p2a: Thundurus|[miss]\n|-miss|p1a: Heatran|p2a: Thundurus\n|\n|upkeep\n|turn|3\n|\n|t:|1700003255\n|move|p2a: Thundurus|Grass Knot|p1a: Heatran\n|-resisted|p1a: Heatran\n|-damage|p1a: Heatran|33\/100\n|move|p1a: Heatran|Magma Storm|p2a: Thundurus|[miss]\n|-miss|p1a: Heatran|p2a: Thundurus\n|\n|upkeep\n|turn|4\n|\n|t:|1700003263\n|switch|p2a: Cinderace|Cinderace, M, shiny|100\/100\n|move|p1a: Heatran|Magma Storm|p2a: Cinderace|[miss]\n|-miss|p1a: Heatran|p2a: Cinderace\n|\n|upkeep\n|turn|5\n|c|\u2606n8n8n88|oof\n|c|\u2606Sensei Milia|something is broken i swear\n|inactive|Sensei Milia has 120 seconds left.\n|c|\u2606Sensei Milia|too much of that\n|\n|t:|1700003298\n|move|p2a: Cinderace|High Jump Kick|p1a: Heatran\n|-start|p2a: Cinderace|typechange|Fighting|[from] ability: Libero\n|-supereffective|p1a: Heatran\n|-damage|p1a: Heatran|0 fnt\n|faint|p1a: Heatran\n|\n|upkeep\n|\n|t:|1700003301\n|switch|p1a: Ceruledge|Ceruledge, M|100\/100\n|-damage|p1a: Ceruledge|76\/100|[from] Stealth Rock\n|turn|6\n|c|\u2606n8n8n88|thats the reason i always go with lava plume\n|inactive|n8n8n88 has 120 seconds left.\n|\n|t:|1700003341\n|move|p2a: Cinderace|U-turn|p1a: Ceruledge\n|-resisted|p1a: Ceruledge\n|-damage|p1a: Ceruledge|71\/100\n|-ability|p1a: Ceruledge|Weak Armor|boost\n|-unboost|p1a: Ceruledge|def|1\n|-boost|p1a: Ceruledge|spe|2\n|c|\u2606Sensei Milia|i got 5 misses in a row yday\n|\n|t:|1700003354\n|switch|p2a: Rillaboom|Rillaboom, F, shiny|100\/100|[from] U-turn\n|-fieldstart|move: Grassy Terrain|[from] ability: Grassy Surge|[of] p2a: Rillaboom\n|-enditem|p2a: Rillaboom|Grassy Seed\n|-boost|p2a: Rillaboom|def|1|[from] item: Grassy Seed\n|move|p1a: Ceruledge|Will-O-Wisp|p2a: Rillaboom\n|-status|p2a: Rillaboom|brn\n|\n|-heal|p1a: Ceruledge|77\/100|[from] Grassy Terrain\n|-damage|p2a: Rillaboom|94\/100 brn|[from] brn\n|upkeep\n|turn|7\n|c|\u2606Sensei Milia|supposedly 1\/ 1024 chance?\n|\n|t:|1700003376\n|move|p1a: Ceruledge|Will-O-Wisp|p2a: Rillaboom\n|-fail|p2a: Rillaboom|brn\n|move|p2a: Rillaboom|Knock Off|p1a: Ceruledge\n|-supereffective|p1a: Ceruledge\n|-damage|p1a: Ceruledge|29\/100\n|-ability|p1a: Ceruledge|Weak Armor|boost\n|-unboost|p1a: Ceruledge|def|1\n|-boost|p1a: Ceruledge|spe|2\n|-enditem|p1a: Ceruledge|Weakness Policy\n|-boost|p1a: Ceruledge|atk|2|[from] item: Weakness Policy\n|-boost|p1a: Ceruledge|spa|2|[from] item: Weakness Policy\n|\n|-heal|p1a: Ceruledge|35\/100|[from] Grassy Terrain\n|-heal|p2a: Rillaboom|100\/100 brn|[from] Grassy Terrain\n|-damage|p2a: Rillaboom|94\/100 brn|[from] brn\n|upkeep\n|turn|8\n|\n|t:|1700003395\n|move|p2a: Rillaboom|Grassy Glide|p1a: Ceruledge\n|-resisted|p1a: Ceruledge\n|-damage|p1a: Ceruledge|16\/100\n|-ability|p1a: Ceruledge|Weak Armor|boost\n|-unboost|p1a: Ceruledge|def|1\n|-boost|p1a: Ceruledge|spe|2\n|move|p1a: Ceruledge|Bitter Blade|p2a: Rillaboom\n|-supereffective|p2a: Rillaboom\n|-damage|p2a: Rillaboom|0 fnt\n|-heal|p1a: Ceruledge|70\/100|[from] drain|[of] p2a: Rillaboom\n|faint|p2a: Rillaboom\n|\n|-heal|p1a: Ceruledge|76\/100|[from] Grassy Terrain\n|upkeep\n|inactive|n8n8n88 has 90 seconds left.\n|c|\u2606n8n8n88|its a 1\/4 chance it will miss lol\n|\n|t:|1700003429\n|switch|p2a: Great Tusk|Great Tusk|100\/100\n|-enditem|p2a: Great Tusk|Booster Energy\n|-activate|p2a: Great Tusk|ability: Protosynthesis|[fromitem]\n|-start|p2a: Great Tusk|protosynthesisspe\n|turn|9\n|c|\u2606Sensei Milia|5 times in a row woul be 1\/4^5\n|\n|t:|1700003441\n|move|p1a: Ceruledge|Will-O-Wisp|p2a: Great Tusk|[miss]\n|-miss|p1a: Ceruledge|p2a: Great Tusk\n|move|p2a: Great Tusk|Headlong Rush|p1a: Ceruledge\n|-supereffective|p1a: Ceruledge\n|-damage|p1a: Ceruledge|0 fnt\n|-unboost|p2a: Great Tusk|def|1\n|-unboost|p2a: Great Tusk|spd|1\n|faint|p1a: Ceruledge\n|\n|upkeep\n|\n|t:|1700003461\n|switch|p1a: Breloom|Breloom, M|100\/100\n|-damage|p1a: Breloom|94\/100|[from] Stealth Rock\n|turn|10\n|inactive|n8n8n88 has 90 seconds left.\n|c|\u2606n8n8n88|this is not ur match lol\n|\n|t:|1700003486\n|-end|p2a: Great Tusk|Protosynthesis|[silent]\n|switch|p2a: Cinderace|Cinderace, M, shiny|100\/100\n|move|p1a: Breloom|Spore|p2a: Cinderace\n|-status|p2a: Cinderace|slp|[from] move: Spore\n|\n|-heal|p1a: Breloom|100\/100|[from] Grassy Terrain\n|-fieldend|move: Grassy Terrain\n|-status|p1a: Breloom|tox|[from] item: Toxic Orb\n|upkeep\n|turn|11\n|\n|t:|1700003500\n|switch|p2a: Thundurus|Thundurus-Therian, M, shiny|100\/100\n|move|p1a: Breloom|Bulk Up|p1a: Breloom\n|-boost|p1a: Breloom|atk|1\n|-boost|p1a: Breloom|def|1\n|\n|upkeep\n|turn|12\n|\n|t:|1700003510\n|-terastallize|p2a: Thundurus|Flying\n|move|p2a: Thundurus|Tera Blast|p1a: Breloom|[anim] Tera Blast Flying\n|-supereffective|p1a: Breloom\n|-damage|p1a: Breloom|0 fnt\n|faint|p1a: Breloom\n|\n|upkeep\n|\n|t:|1700003519\n|switch|p1a: Clodsire|Clodsire, M|100\/100\n|-damage|p1a: Clodsire|94\/100|[from] Stealth Rock\n|turn|13\n|\n|t:|1700003525\n|move|p2a: Thundurus|Tera Blast|p1a: Clodsire|[anim] Tera Blast Flying\n|-damage|p1a: Clodsire|46\/100\n|move|p1a: Clodsire|Stealth Rock|p2a: Thundurus\n|-sidestart|p2: n8n8n88|move: Stealth Rock\n|\n|-heal|p1a: Clodsire|52\/100|[from] item: Leftovers\n|upkeep\n|turn|14\n|\n|t:|1700003531\n|move|p2a: Thundurus|Tera Blast|p1a: Clodsire|[anim] Tera Blast Flying\n|-damage|p1a: Clodsire|1\/100\n|move|p1a: Clodsire|Toxic|p2a: Thundurus\n|-status|p2a: Thundurus|tox\n|\n|-heal|p1a: Clodsire|8\/100|[from] item: Leftovers\n|-damage|p2a: Thundurus|94\/100 tox|[from] psn\n|upkeep\n|turn|15\n|inactive|n8n8n88 has 90 seconds left.\n|\n|t:|1700003539\n|move|p1a: Clodsire|Protect|p1a: Clodsire\n|-singleturn|p1a: Clodsire|Protect\n|move|p2a: Thundurus|Tera Blast|p1a: Clodsire|[anim] Tera Blast Flying\n|-activate|p1a: Clodsire|move: Protect\n|\n|-heal|p1a: Clodsire|14\/100|[from] item: Leftovers\n|-damage|p2a: Thundurus|82\/100 tox|[from] psn\n|upkeep\n|turn|16\n|\n|t:|1700003546\n|move|p2a: Thundurus|Tera Blast|p1a: Clodsire|[anim] Tera Blast Flying\n|-damage|p1a: Clodsire|0 fnt\n|faint|p1a: Clodsire\n|\n|-damage|p2a: Thundurus|64\/100 tox|[from] psn\n|upkeep\n|\n|t:|1700003551\n|switch|p1a: Garganacl|Garganacl, M, shiny|100\/100\n|-damage|p1a: Garganacl|88\/100|[from] Stealth Rock\n|turn|17\n|\n|t:|1700003563\n|switch|p2a: Great Tusk|Great Tusk|100\/100\n|-damage|p2a: Great Tusk|97\/100|[from] Stealth Rock\n|-terastallize|p1a: Garganacl|Water\n|move|p1a: Garganacl|Salt Cure|p2a: Great Tusk\n|-resisted|p2a: Great Tusk\n|-damage|p2a: Great Tusk|95\/100\n|-start|p2a: Great Tusk|Salt Cure\n|\n|-heal|p1a: Garganacl|94\/100|[from] item: Leftovers\n|-damage|p2a: Great Tusk|83\/100|[from] Salt Cure\n|upkeep\n|turn|18\n|\n|t:|1700003574\n|move|p2a: Great Tusk|Bulk Up|p2a: Great Tusk\n|-boost|p2a: Great Tusk|atk|1\n|-boost|p2a: Great Tusk|def|1\n|move|p1a: Garganacl|Iron Defense|p1a: Garganacl\n|-boost|p1a: Garganacl|def|2\n|\n|-heal|p1a: Garganacl|100\/100|[from] item: Leftovers\n|-damage|p2a: Great Tusk|70\/100|[from] Salt Cure\n|upkeep\n|turn|19\n|\n|t:|1700003583\n|move|p2a: Great Tusk|Headlong Rush|p1a: Garganacl\n|-damage|p1a: Garganacl|73\/100\n|-unboost|p2a: Great Tusk|def|1\n|-unboost|p2a: Great Tusk|spd|1\n|move|p1a: Garganacl|Salt Cure|p2a: Great Tusk\n|-resisted|p2a: Great Tusk\n|-damage|p2a: Great Tusk|68\/100\n|\n|-heal|p1a: Garganacl|79\/100|[from] item: Leftovers\n|-damage|p2a: Great Tusk|56\/100|[from] Salt Cure\n|upkeep\n|turn|20\n|\n|t:|1700003600\n|move|p2a: Great Tusk|Rapid Spin|p1a: Garganacl\n|-damage|p1a: Garganacl|71\/100\n|-boost|p2a: Great Tusk|spe|1\n|-sideend|p2: n8n8n88|Stealth Rock|[from] move: Rapid Spin|[of] p2a: Great Tusk\n|move|p1a: Garganacl|Recover|p1a: Garganacl\n|-heal|p1a: Garganacl|100\/100\n|\n|-damage|p2a: Great Tusk|43\/100|[from] Salt Cure\n|upkeep\n|turn|21\n|\n|t:|1700003610\n|-end|p2a: Great Tusk|Protosynthesis|[silent]\n|switch|p2a: Thundurus|Thundurus-Therian, M, shiny, tera:Flying|64\/100 tox\n|move|p1a: Garganacl|Salt Cure|p2a: Thundurus\n|-supereffective|p2a: Thundurus\n|-damage|p2a: Thundurus|22\/100 tox\n|-start|p2a: Thundurus|Salt Cure\n|\n|-damage|p2a: Thundurus|16\/100 tox|[from] psn\n|-damage|p2a: Thundurus|4\/100 tox|[from] Salt Cure\n|upkeep\n|turn|22\n|\n|t:|1700003621\n|switch|p2a: Sneasler|Sneasler, F, shiny|100\/100\n|move|p1a: Garganacl|Recover||[still]\n|-fail|p1a: Garganacl|heal\n|\n|upkeep\n|turn|23\n|\n|t:|1700003631\n|move|p2a: Sneasler|Dire Claw|p1a: Garganacl\n|-damage|p1a: Garganacl|84\/100\n|move|p1a: Garganacl|Iron Defense|p1a: Garganacl\n|-boost|p1a: Garganacl|def|2\n|\n|-heal|p1a: Garganacl|90\/100|[from] item: Leftovers\n|upkeep\n|turn|24\n|inactive|n8n8n88 has 120 seconds left.\n|\n|t:|1700003637\n|move|p2a: Sneasler|Dire Claw|p1a: Garganacl\n|-damage|p1a: Garganacl|80\/100\n|move|p1a: Garganacl|Iron Defense|p1a: Garganacl\n|-boost|p1a: Garganacl|def|2\n|\n|-heal|p1a: Garganacl|87\/100|[from] item: Leftovers\n|upkeep\n|turn|25\n|\n|t:|1700003644\n|move|p2a: Sneasler|Dire Claw|p1a: Garganacl\n|-damage|p1a: Garganacl|79\/100\n|move|p1a: Garganacl|Body Press|p2a: Sneasler\n|-resisted|p2a: Sneasler\n|-damage|p2a: Sneasler|22\/100\n|\n|-heal|p1a: Garganacl|85\/100|[from] item: Leftovers\n|upkeep\n|turn|26\n|\n|t:|1700003652\n|move|p2a: Sneasler|Dire Claw|p1a: Garganacl\n|-damage|p1a: Garganacl|77\/100\n|move|p1a: Garganacl|Recover|p1a: Garganacl\n|-heal|p1a: Garganacl|100\/100\n|\n|upkeep\n|turn|27\n|\n|t:|1700003657\n|move|p2a: Sneasler|Dire Claw|p1a: Garganacl\n|-damage|p1a: Garganacl|92\/100\n|move|p1a: Garganacl|Body Press|p2a: Sneasler\n|-resisted|p2a: Sneasler\n|-damage|p2a: Sneasler|0 fnt\n|faint|p2a: Sneasler\n|\n|-heal|p1a: Garganacl|99\/100|[from] item: Leftovers\n|upkeep\n|\n|t:|1700003668\n|switch|p2a: Cinderace|Cinderace, M, shiny|100\/100 slp\n|turn|28\n|c|\u2606Sensei Milia|purifying salt\n|\n|t:|1700003676\n|cant|p2a: Cinderace|slp\n|move|p1a: Garganacl|Body Press|p2a: Cinderace\n|-damage|p2a: Cinderace|0 fnt\n|faint|p2a: Cinderace\n|\n|-heal|p1a: Garganacl|100\/100|[from] item: Leftovers\n|upkeep\n|c|\u2606n8n8n88|oof i spoke too soon\n|\n|t:|1700003686\n|switch|p2a: Thundurus|Thundurus-Therian, M, shiny, tera:Flying|4\/100 tox\n|turn|29\n|\n|t:|1700003690\n|move|p2a: Thundurus|Grass Knot|p1a: Garganacl\n|-supereffective|p1a: Garganacl\n|-damage|p1a: Garganacl|7\/100\n|move|p1a: Garganacl|Recover|p1a: Garganacl\n|-heal|p1a: Garganacl|57\/100\n|\n|-heal|p1a: Garganacl|64\/100|[from] item: Leftovers\n|-damage|p2a: Thundurus|0 fnt|[from] psn\n|faint|p2a: Thundurus\n|upkeep\n|\n|t:|1700003701\n|switch|p2a: Kleavor|Kleavor, F|46\/100\n|turn|30\n|\n|t:|1700003704\n|move|p2a: Kleavor|Stone Axe|p1a: Garganacl\n|-damage|p1a: Garganacl|55\/100\n|move|p1a: Garganacl|Recover|p1a: Garganacl\n|-heal|p1a: Garganacl|100\/100\n|\n|upkeep\n|turn|31\n|\n|t:|1700003709\n|move|p2a: Kleavor|Stone Axe|p1a: Garganacl\n|-damage|p1a: Garganacl|91\/100\n|move|p1a: Garganacl|Body Press|p2a: Kleavor\n|-damage|p2a: Kleavor|0 fnt\n|faint|p2a: Kleavor\n|\n|-heal|p1a: Garganacl|97\/100|[from] item: Leftovers\n|upkeep\n|\n|t:|1700003714\n|switch|p2a: Great Tusk|Great Tusk|43\/100\n|turn|32\n|c|\u2606Sensei Milia|gg my friend\n|\n|t:|1700003721\n|move|p2a: Great Tusk|Ice Spinner|p1a: Garganacl\n|-resisted|p1a: Garganacl\n|-damage|p1a: Garganacl|95\/100\n|move|p1a: Garganacl|Body Press|p2a: Great Tusk\n|-damage|p2a: Great Tusk|0 fnt\n|faint|p2a: Great Tusk\n|-end|p2a: Great Tusk|Protosynthesis|[silent]\n|\n|win|Sensei Milia\n|raw|Sensei Milia's rating: 1258 &rarr; <strong>1280<\/strong><br \/>(+22 for winning)\n|raw|n8n8n88's rating: 1222 &rarr; <strong>1200<\/strong><br \/>(-22 for losing)\n|c|\u2606n8n8n88|gg\n|l|\u2606n8n8n88\n","uploadtime":1700003765,"views":31,"p1id":"senseimilia","p2id":"n8n8n88","formatid":"gen9ou","rating":1200,"private":0,"password":""}