{"id":"gen9ou-1994192486","p1":"bo552","p2":"Sum1stolemytoast","format":"[Gen 9] OU","log":"|j|\u2606bo552\n|j|\u2606Sum1stolemytoast\n|t:|1700417337\n|gametype|singles\n|player|p1|bo552|artist-gen4|1360\n|player|p2|Sum1stolemytoast|1|1324\n|teamsize|p1|6\n|teamsize|p2|6\n|gen|9\n|tier|[Gen 9] OU\n|rated|\n|rule|Sleep Clause Mod: Limit one foe put to sleep\n|rule|Species Clause: Limit one of each Pok\u00e9mon\n|rule|OHKO Clause: OHKO moves are banned\n|rule|Evasion Items Clause: Evasion items are banned\n|rule|Evasion Moves Clause: Evasion moves are banned\n|rule|Endless Battle Clause: Forcing endless battles is banned\n|rule|HP Percentage Mod: HP is shown in percentages\n|clearpoke\n|poke|p1|Rillaboom, M|\n|poke|p1|Hawlucha, F|\n|poke|p1|Heatran, M|\n|poke|p1|Corviknight, F|\n|poke|p1|Enamorus, F|\n|poke|p1|Ogerpon-Wellspring, F|\n|poke|p2|Torterra, M|\n|poke|p2|Ribombee, M|\n|poke|p2|Heatran, F|\n|poke|p2|Greninja-*, M|\n|poke|p2|Dragapult, F|\n|poke|p2|Iron Treads|\n|teampreview\n|inactive|Battle timer is ON: inactive players will automatically lose when time's up. (requested by Sum1stolemytoast)\n|\n|t:|1700417358\n|start\n|switch|p1a: Miralis|Heatran, M|100\/100\n|switch|p2a: Barry Benson|Ribombee, M|100\/100\n|turn|1\n|\n|t:|1700417370\n|move|p2a: Barry Benson|Sticky Web|p1a: Miralis\n|-sidestart|p1: bo552|move: Sticky Web\n|move|p1a: Miralis|Stealth Rock|p2a: Barry Benson\n|-sidestart|p2: Sum1stolemytoast|move: Stealth Rock\n|\n|upkeep\n|turn|2\n|\n|t:|1700417374\n|move|p2a: Barry Benson|Stun Spore|p1a: Miralis\n|-status|p1a: Miralis|par\n|move|p1a: Miralis|Magma Storm|p2a: Barry Benson\n|-supereffective|p2a: Barry Benson\n|-enditem|p2a: Barry Benson|Focus Sash\n|-damage|p2a: Barry Benson|1\/100\n|-activate|p2a: Barry Benson|move: Magma Storm|[of] p1a: Miralis\n|\n|-damage|p2a: Barry Benson|0 fnt|[from] move: Magma Storm|[partiallytrapped]\n|faint|p2a: Barry Benson\n|upkeep\n|\n|t:|1700417378\n|switch|p2a: Lightning McQueen|Iron Treads|100\/100\n|-damage|p2a: Lightning McQueen|98\/100|[from] Stealth Rock\n|turn|3\n|\n|t:|1700417386\n|switch|p1a: Gawain|Corviknight, F, shiny|100\/100\n|-ability|p1a: Gawain|Pressure\n|move|p2a: Lightning McQueen|Rapid Spin|p1a: Gawain\n|-resisted|p1a: Gawain\n|-damage|p1a: Gawain|97\/100\n|-boost|p2a: Lightning McQueen|spe|1\n|-damage|p2a: Lightning McQueen|81\/100|[from] item: Rocky Helmet|[of] p1a: Gawain\n|-sideend|p2: Sum1stolemytoast|Stealth Rock|[from] move: Rapid Spin|[of] p2a: Lightning McQueen\n|\n|upkeep\n|turn|4\n|\n|t:|1700417396\n|move|p2a: Lightning McQueen|Volt Switch|p1a: Gawain\n|-supereffective|p1a: Gawain\n|-damage|p1a: Gawain|75\/100\n|\n|t:|1700417401\n|-end|p2a: Lightning McQueen|Quark Drive|[silent]\n|switch|p2a: Heather|Heatran, F|100\/100|[from] Volt Switch\n|-item|p2a: Heather|Air Balloon\n|move|p1a: Gawain|Defog|p2a: Heather\n|-unboost|p2a: Heather|evasion|1\n|-sideend|p1: bo552|Sticky Web|[from] move: Defog|[of] p1a: Gawain\n|\n|upkeep\n|turn|5\n|\n|t:|1700417412\n|switch|p1a: Miralis|Heatran, M|100\/100 par\n|move|p2a: Heather|Stealth Rock|p1a: Miralis\n|-sidestart|p1: bo552|move: Stealth Rock\n|\n|upkeep\n|turn|6\n|\n|t:|1700417421\n|move|p2a: Heather|Earth Power|p1a: Miralis\n|-supereffective|p1a: Miralis\n|-damage|p1a: Miralis|22\/100 par\n|move|p1a: Miralis|Stealth Rock|p2a: Heather\n|-sidestart|p2: Sum1stolemytoast|move: Stealth Rock\n|\n|upkeep\n|turn|7\n|\n|t:|1700417429\n|switch|p1a: Iustinus|Ogerpon-Wellspring, F|100\/100\n|-damage|p1a: Iustinus|88\/100|[from] Stealth Rock\n|move|p2a: Heather|Earth Power|p1a: Iustinus\n|-resisted|p1a: Iustinus\n|-damage|p1a: Iustinus|67\/100\n|\n|upkeep\n|turn|8\n|\n|t:|1700417443\n|move|p1a: Iustinus|Ivy Cudgel|p2a: Heather|[anim] Ivy Cudgel Water\n|-supereffective|p2a: Heather\n|-damage|p2a: Heather|0 fnt\n|-enditem|p2a: Heather|Air Balloon\n|faint|p2a: Heather\n|\n|upkeep\n|\n|t:|1700417454\n|switch|p2a: Kermit|Greninja, M|100\/100\n|-damage|p2a: Kermit|88\/100|[from] Stealth Rock\n|turn|9\n|\n|t:|1700417459\n|move|p2a: Kermit|Dark Pulse|p1a: Iustinus\n|-crit|p1a: Iustinus\n|-damage|p1a: Iustinus|2\/100\n|move|p1a: Iustinus|Horn Leech|p2a: Kermit\n|-supereffective|p2a: Kermit\n|-damage|p2a: Kermit|0 fnt\n|-heal|p1a: Iustinus|44\/100|[from] drain|[of] p2a: Kermit\n|faint|p2a: Kermit\n|\n|upkeep\n|\n|t:|1700417465\n|switch|p2a: Yeet da child|Dragapult, F|100\/100\n|-damage|p2a: Yeet da child|88\/100|[from] Stealth Rock\n|turn|10\n|\n|t:|1700417470\n|move|p2a: Yeet da child|Dragon Dance|p2a: Yeet da child\n|-boost|p2a: Yeet da child|atk|1\n|-boost|p2a: Yeet da child|spe|1\n|move|p1a: Iustinus|Play Rough|p2a: Yeet da child\n|-supereffective|p2a: Yeet da child\n|-damage|p2a: Yeet da child|0 fnt\n|faint|p2a: Yeet da child\n|\n|upkeep\n|-message|Sum1stolemytoast forfeited.\n|\n|win|bo552\n|raw|bo552's rating: 1360 &rarr; <strong>1379<\/strong><br \/>(+19 for winning)\n|raw|Sum1stolemytoast's rating: 1338 &rarr; <strong>1319<\/strong><br \/>(-19 for losing)\n|l|\u2606Sum1stolemytoast\n","uploadtime":1700417482,"views":8,"p1id":"bo552","p2id":"sum1stolemytoast","formatid":"gen9ou","rating":1319,"private":0,"password":""}