{"id":"gen9ou-1994432301","p1":"DingusDipplesPRIME","p2":"Demandread","format":"[Gen 9] OU","log":"|j|\u2606DingusDipplesPRIME\n|j|\u2606Demandread\n|t:|1700443287\n|gametype|singles\n|player|p1|DingusDipplesPRIME|infielder|\n|player|p2|Demandread|266|\n|teamsize|p1|6\n|teamsize|p2|6\n|gen|9\n|tier|[Gen 9] OU\n|rule|Sleep Clause Mod: Limit one foe put to sleep\n|rule|Species Clause: Limit one of each Pok\u00e9mon\n|rule|OHKO Clause: OHKO moves are banned\n|rule|Evasion Items Clause: Evasion items are banned\n|rule|Evasion Moves Clause: Evasion moves are banned\n|rule|Endless Battle Clause: Forcing endless battles is banned\n|rule|HP Percentage Mod: HP is shown in percentages\n|clearpoke\n|poke|p1|Ditto|\n|poke|p1|Medicham, F|\n|poke|p1|Azumarill, M|\n|poke|p1|Ribombee, M|\n|poke|p1|Maushold|\n|poke|p1|Crocalor, M|\n|poke|p2|Lokix, M|\n|poke|p2|Conkeldurr, M|\n|poke|p2|Naclstack, M|\n|poke|p2|Sableye, M|\n|poke|p2|Clefable, F|\n|poke|p2|Ditto|\n|teampreview\n|j| mambroeru\n|j| helpidkwhatimdoin\n|l| mambroeru\n|\n|t:|1700444871\n|start\n|switch|p1a: Ribombee|Ribombee, M|100\/100\n|switch|p2a: Clefable|Clefable, F|100\/100\n|turn|1\n|c|\u2606DingusDipplesPRIME|lez go\n|\n|t:|1700444877\n|move|p1a: Ribombee|Sticky Web|p2a: Clefable\n|-sidestart|p2: Demandread|move: Sticky Web\n|move|p2a: Clefable|Stealth Rock|p1a: Ribombee\n|-sidestart|p1: DingusDipplesPRIME|move: Stealth Rock\n|\n|upkeep\n|turn|2\n|\n|t:|1700444881\n|move|p1a: Ribombee|Stun Spore|p2a: Clefable\n|-status|p2a: Clefable|par\n|move|p2a: Clefable|Wish|p2a: Clefable\n|\n|upkeep\n|turn|3\n|j| mambroeru\n|\n|t:|1700444906\n|switch|p1a: Crocalor|Crocalor, M|100\/100\n|-damage|p1a: Crocalor|76\/100|[from] Stealth Rock\n|switch|p2a: Naclstack|Naclstack, M|100\/100\n|-activate|p2a: Naclstack|move: Sticky Web\n|-unboost|p2a: Naclstack|spe|1\n|\n|upkeep\n|turn|4\n|\n|t:|1700444917\n|move|p2a: Naclstack|Salt Cure|p1a: Crocalor\n|-supereffective|p1a: Crocalor\n|-damage|p1a: Crocalor|65\/100\n|-start|p1a: Crocalor|Salt Cure\n|move|p1a: Crocalor|Roar|p2a: Naclstack\n|drag|p2a: Clefable|Clefable, F|100\/100 par\n|-activate|p2a: Clefable|move: Sticky Web\n|-unboost|p2a: Clefable|spe|1\n|\n|-damage|p1a: Crocalor|53\/100|[from] Salt Cure\n|upkeep\n|turn|5\n|\n|t:|1700444928\n|switch|p2a: Conkeldurr|Conkeldurr, M|100\/100\n|-activate|p2a: Conkeldurr|move: Sticky Web\n|-unboost|p2a: Conkeldurr|spe|1\n|move|p1a: Crocalor|Slack Off|p1a: Crocalor\n|-heal|p1a: Crocalor|100\/100\n|\n|-damage|p1a: Crocalor|88\/100|[from] Salt Cure\n|-status|p2a: Conkeldurr|brn|[from] item: Flame Orb\n|upkeep\n|turn|6\n|\n|t:|1700444938\n|move|p1a: Crocalor|Encore||[still]\n|-fail|p1a: Crocalor\n|move|p2a: Conkeldurr|Defog|p1a: Crocalor\n|-unboost|p1a: Crocalor|evasion|1\n|-sideend|p1: DingusDipplesPRIME|Stealth Rock|[from] move: Defog|[of] p2a: Conkeldurr\n|-sideend|p2: Demandread|Sticky Web|[from] move: Defog|[of] p2a: Conkeldurr\n|\n|-damage|p2a: Conkeldurr|94\/100 brn|[from] brn\n|-damage|p1a: Crocalor|76\/100|[from] Salt Cure\n|upkeep\n|turn|7\n|\n|t:|1700444947\n|move|p1a: Crocalor|Encore|p2a: Conkeldurr\n|-start|p2a: Conkeldurr|Encore\n|move|p2a: Conkeldurr|Defog|p1a: Crocalor\n|-unboost|p1a: Crocalor|evasion|1\n|\n|-damage|p2a: Conkeldurr|88\/100 brn|[from] brn\n|-damage|p1a: Crocalor|64\/100|[from] Salt Cure\n|upkeep\n|turn|8\n|\n|t:|1700444956\n|switch|p1a: Azumarill|Azumarill, M|100\/100\n|switch|p2a: Sableye|Sableye, M|100\/100\n|\n|upkeep\n|turn|9\n|\n|t:|1700444964\n|move|p2a: Sableye|Thunder Wave|p1a: Azumarill\n|-status|p1a: Azumarill|par\n|move|p1a: Azumarill|Play Rough|p2a: Sableye\n|-supereffective|p2a: Sableye\n|-damage|p2a: Sableye|0 fnt\n|faint|p2a: Sableye\n|\n|upkeep\n|\n|t:|1700444972\n|switch|p2a: Naclstack|Naclstack, M|100\/100\n|turn|10\n|\n|t:|1700444976\n|move|p2a: Naclstack|Salt Cure|p1a: Azumarill\n|-damage|p1a: Azumarill|90\/100 par\n|move|p1a: Azumarill|Belly Drum|p1a: Azumarill\n|-damage|p1a: Azumarill|40\/100 par\n|-setboost|p1a: Azumarill|atk|6|[from] move: Belly Drum\n|\n|upkeep\n|turn|11\n|\n|t:|1700444985\n|move|p1a: Azumarill|Aqua Jet|p2a: Naclstack\n|-supereffective|p2a: Naclstack\n|-damage|p2a: Naclstack|2\/100\n|move|p2a: Naclstack|Iron Defense|p2a: Naclstack\n|-boost|p2a: Naclstack|def|2\n|\n|upkeep\n|turn|12\n|\n|t:|1700444993\n|move|p2a: Naclstack|Recover|p2a: Naclstack\n|-heal|p2a: Naclstack|52\/100\n|move|p1a: Azumarill|Knock Off|p2a: Naclstack\n|-damage|p2a: Naclstack|9\/100\n|-enditem|p2a: Naclstack|Eviolite|[from] move: Knock Off|[of] p1a: Azumarill\n|\n|upkeep\n|turn|13\n|\n|t:|1700445004\n|move|p1a: Azumarill|Aqua Jet|p2a: Naclstack\n|-supereffective|p2a: Naclstack\n|-damage|p2a: Naclstack|0 fnt\n|faint|p2a: Naclstack\n|\n|upkeep\n|\n|t:|1700445009\n|switch|p2a: Ditto|Ditto|100\/100\n|-transform|p2a: Ditto|p1a: Azumarill|[from] ability: Imposter\n|turn|14\n|\n|t:|1700445016\n|move|p1a: Azumarill|Aqua Jet|p2a: Ditto\n|-resisted|p2a: Ditto\n|-damage|p2a: Ditto|19\/100\n|move|p2a: Ditto|Play Rough|p1a: Azumarill|[miss]\n|-miss|p2a: Ditto|p1a: Azumarill\n|\n|upkeep\n|turn|15\n|j| bentherebefore\n|c|\u2606Demandread|oh\n|c| helpidkwhatimdoin|omg\n|c|\u2606DingusDipplesPRIME|omg dude\n|c|\u2606Demandread|that hurts\n|\n|t:|1700445031\n|cant|p1a: Azumarill|par\n|move|p2a: Ditto|Play Rough|p1a: Azumarill\n|-damage|p1a: Azumarill|0 fnt\n|faint|p1a: Azumarill\n|\n|upkeep\n|c|\u2606Demandread|oh\n|c|\u2606Demandread|nvm\n|c|\u2606Demandread|we back\n|\n|t:|1700445039\n|switch|p1a: Crocalor|Crocalor, M|64\/100\n|turn|16\n|\n|t:|1700445045\n|move|p2a: Ditto|Play Rough|p1a: Crocalor\n|-resisted|p1a: Crocalor\n|-damage|p1a: Crocalor|48\/100\n|-unboost|p1a: Crocalor|atk|1\n|move|p1a: Crocalor|Roar|p2a: Ditto\n|drag|p2a: Lokix|Lokix, M|100\/100\n|\n|upkeep\n|turn|17\n|c|\u2606Demandread|hoyl shit\n|\n|t:|1700445055\n|move|p2a: Lokix|Knock Off|p1a: Crocalor\n|-damage|p1a: Crocalor|11\/100\n|-enditem|p1a: Crocalor|Eviolite|[from] move: Knock Off|[of] p2a: Lokix\n|move|p1a: Crocalor|Will-O-Wisp|p2a: Lokix\n|-status|p2a: Lokix|brn\n|\n|-damage|p2a: Lokix|95\/100 brn|[from] brn\n|upkeep\n|turn|18\n|\n|t:|1700445063\n|move|p2a: Lokix|Knock Off|p1a: Crocalor\n|-damage|p1a: Crocalor|0 fnt\n|faint|p1a: Crocalor\n|\n|-damage|p2a: Lokix|89\/100 brn|[from] brn\n|upkeep\n|\n|t:|1700445074\n|switch|p1a: Ribombee|Ribombee, M|100\/100\n|turn|19\n|\n|t:|1700445079\n|move|p1a: Ribombee|Sticky Web|p2a: Lokix\n|-sidestart|p2: Demandread|move: Sticky Web\n|move|p2a: Lokix|Knock Off|p1a: Ribombee\n|-resisted|p1a: Ribombee\n|-damage|p1a: Ribombee|32\/100\n|-enditem|p1a: Ribombee|Focus Sash|[from] move: Knock Off|[of] p2a: Lokix\n|\n|-damage|p2a: Lokix|83\/100 brn|[from] brn\n|upkeep\n|turn|20\n|\n|t:|1700445086\n|move|p1a: Ribombee|Moonblast|p2a: Lokix\n|-supereffective|p2a: Lokix\n|-damage|p2a: Lokix|0 fnt\n|faint|p2a: Lokix\n|\n|upkeep\n|\n|t:|1700445092\n|switch|p2a: Clefable|Clefable, F|100\/100 par\n|-activate|p2a: Clefable|move: Sticky Web\n|-unboost|p2a: Clefable|spe|1\n|turn|21\n|\n|t:|1700445100\n|switch|p1a: Medicham|Medicham, F|100\/100\n|move|p2a: Clefable|Stealth Rock|p1a: Medicham\n|-sidestart|p1: DingusDipplesPRIME|move: Stealth Rock\n|\n|upkeep\n|turn|22\n|\n|t:|1700445108\n|move|p2a: Clefable|Protect|p2a: Clefable\n|-singleturn|p2a: Clefable|Protect\n|move|p1a: Medicham|Trailblaze|p2a: Clefable\n|-activate|p2a: Clefable|move: Protect\n|\n|upkeep\n|turn|23\n|\n|t:|1700445118\n|move|p1a: Medicham|Zen Headbutt|p2a: Clefable\n|-damage|p2a: Clefable|28\/100 par\n|-damage|p1a: Medicham|91\/100|[from] item: Life Orb\n|cant|p2a: Clefable|par\n|\n|-heal|p2a: Clefable|34\/100 par|[from] item: Leftovers\n|upkeep\n|turn|24\n|\n|t:|1700445128\n|move|p1a: Medicham|Zen Headbutt|p2a: Clefable\n|-damage|p2a: Clefable|0 fnt\n|faint|p2a: Clefable\n|-damage|p1a: Medicham|81\/100|[from] item: Life Orb\n|\n|upkeep\n|\n|t:|1700445134\n|switch|p2a: Ditto|Ditto|19\/100\n|-activate|p2a: Ditto|move: Sticky Web\n|-unboost|p2a: Ditto|spe|1\n|-transform|p2a: Ditto|p1a: Medicham|[from] ability: Imposter\n|turn|25\n|\n|t:|1700445143\n|move|p2a: Ditto|Zen Headbutt|p1a: Medicham\n|-damage|p1a: Medicham|0 fnt\n|faint|p1a: Medicham\n|\n|upkeep\n|\n|t:|1700445160\n|switch|p1a: Ribombee|Ribombee, M|32\/100\n|-damage|p1a: Ribombee|7\/100|[from] Stealth Rock\n|turn|26\n|c|\u2606DingusDipplesPRIME|i think u win lmao\n|c|\u2606DingusDipplesPRIME|ditto cant transform into ditto\n|\n|t:|1700445168\n|move|p2a: Ditto|Zen Headbutt|p1a: Ribombee\n|-damage|p1a: Ribombee|0 fnt\n|faint|p1a: Ribombee\n|\n|upkeep\n|c|\u2606Demandread|can he not?\n|c|\u2606DingusDipplesPRIME|nope\n|\n|t:|1700445179\n|switch|p1a: Maushold|Maushold|100\/100\n|-damage|p1a: Maushold|88\/100|[from] Stealth Rock\n|turn|27\n|\n|t:|1700445185\n|move|p2a: Ditto|Zen Headbutt|p1a: Maushold\n|-damage|p1a: Maushold|0 fnt\n|faint|p1a: Maushold\n|\n|upkeep\n|\n|t:|1700445189\n|switch|p1a: Ditto|Ditto|100\/100\n|-damage|p1a: Ditto|88\/100|[from] Stealth Rock\n|turn|28\n|c|\u2606Demandread|lmao\n|c| helpidkwhatimdoin|sheesh\n|c|\u2606Demandread|gg\n|c|\u2606DingusDipplesPRIME|yeah first one to get the ditto in\n|c|\u2606DingusDipplesPRIME|wins\n|\n|t:|1700445204\n|move|p2a: Ditto|Zen Headbutt|p1a: Ditto\n|-damage|p1a: Ditto|19\/100\n|move|p1a: Ditto|Transform||[still]\n|-fail|p1a: Ditto\n|\n|upkeep\n|turn|29\n|\n|t:|1700445209\n|move|p2a: Ditto|Zen Headbutt|p1a: Ditto\n|-damage|p1a: Ditto|0 fnt\n|faint|p1a: Ditto\n|\n|win|Demandread\n","uploadtime":1700445217,"views":25,"p1id":"dingusdipplesprime","p2id":"demandread","formatid":"gen9ou","rating":0,"private":0,"password":""}