{"id":"gen9ou-1990160066","p1":"Fr0sTtzz","p2":"JaimeLX","format":"[Gen 9] OU","log":"|j|\u2606Fr0sTtzz\n|j|\u2606JaimeLX\n|t:|1699931195\n|gametype|singles\n|player|p1|Fr0sTtzz|102|\n|player|p2|JaimeLX|cynthia|\n|teamsize|p1|6\n|teamsize|p2|6\n|gen|9\n|tier|[Gen 9] OU\n|rule|Sleep Clause Mod: Limit one foe put to sleep\n|rule|Species Clause: Limit one of each Pok\u00e9mon\n|rule|OHKO Clause: OHKO moves are banned\n|rule|Evasion Items Clause: Evasion items are banned\n|rule|Evasion Moves Clause: Evasion moves are banned\n|rule|Endless Battle Clause: Forcing endless battles is banned\n|rule|HP Percentage Mod: HP is shown in percentages\n|clearpoke\n|poke|p1|Gholdengo|\n|poke|p1|Iron Valiant|\n|poke|p1|Lucario, M|\n|poke|p1|Arcanine-Hisui, F|\n|poke|p1|Meowscarada, F|\n|poke|p1|Torkoal, M|\n|poke|p2|Forretress, M|\n|poke|p2|Probopass, F|\n|poke|p2|Orthworm, M|\n|poke|p2|Corviknight, F|\n|poke|p2|Dugtrio-Alola, M|\n|poke|p2|Kingambit, F|\n|teampreview\n|\n|t:|1699931220\n|start\n|switch|p1a: Torkoal|Torkoal, M|100\/100\n|switch|p2a: Forretress|Forretress, M|100\/100\n|-weather|SunnyDay|[from] ability: Drought|[of] p1a: Torkoal\n|turn|1\n|\n|t:|1699931252\n|switch|p2a: Probopass|Probopass, F|100\/100\n|move|p1a: Torkoal|Stealth Rock|p2a: Probopass\n|-sidestart|p2: JaimeLX|move: Stealth Rock\n|\n|-weather|SunnyDay|[upkeep]\n|upkeep\n|turn|2\n|\n|t:|1699931273\n|move|p2a: Probopass|Sandstorm|p2a: Probopass\n|-weather|Sandstorm\n|move|p1a: Torkoal|Will-O-Wisp|p2a: Probopass|[miss]\n|-miss|p1a: Torkoal|p2a: Probopass\n|\n|-weather|Sandstorm|[upkeep]\n|-damage|p1a: Torkoal|94\/100|[from] Sandstorm\n|upkeep\n|turn|3\n|\n|t:|1699931296\n|move|p2a: Probopass|Thunder Wave|p1a: Torkoal\n|-status|p1a: Torkoal|par\n|move|p1a: Torkoal|Will-O-Wisp|p2a: Probopass|[miss]\n|-miss|p1a: Torkoal|p2a: Probopass\n|\n|-weather|Sandstorm|[upkeep]\n|-damage|p1a: Torkoal|88\/100 par|[from] Sandstorm\n|upkeep\n|turn|4\n|\n|t:|1699931323\n|move|p2a: Probopass|Head Smash|p1a: Torkoal|[miss]\n|-miss|p2a: Probopass|p1a: Torkoal\n|move|p1a: Torkoal|Overheat|p2a: Probopass\n|-damage|p2a: Probopass|87\/100\n|-unboost|p1a: Torkoal|spa|2\n|\n|-weather|Sandstorm|[upkeep]\n|-damage|p1a: Torkoal|82\/100 par|[from] Sandstorm\n|upkeep\n|turn|5\n|\n|t:|1699931348\n|switch|p1a: Arcanine|Arcanine-Hisui, F|100\/100\n|move|p2a: Probopass|Head Smash|p1a: Arcanine\n|-supereffective|p1a: Arcanine\n|-damage|p1a: Arcanine|26\/100\n|-damage|p2a: Probopass|49\/100|[from] Recoil\n|\n|-weather|Sandstorm|[upkeep]\n|upkeep\n|turn|6\n|\n|t:|1699931361\n|move|p1a: Arcanine|Flare Blitz|p2a: Probopass\n|-damage|p2a: Probopass|6\/100\n|move|p2a: Probopass|Head Smash|p1a: Arcanine\n|-supereffective|p1a: Arcanine\n|-damage|p1a: Arcanine|0 fnt\n|faint|p1a: Arcanine\n|-damage|p2a: Probopass|0 fnt|[from] Recoil\n|faint|p2a: Probopass\n|\n|-weather|Sandstorm|[upkeep]\n|upkeep\n|\n|t:|1699931408\n|switch|p1a: Torkoal|Torkoal, M|82\/100 par\n|switch|p2a: Orthworm|Orthworm, M|100\/100\n|-damage|p2a: Orthworm|94\/100|[from] Stealth Rock\n|-weather|SunnyDay|[from] ability: Drought|[of] p1a: Torkoal\n|turn|7\n|\n|t:|1699931430\n|move|p2a: Orthworm|Coil|p2a: Orthworm\n|-boost|p2a: Orthworm|atk|1\n|-boost|p2a: Orthworm|def|1\n|-boost|p2a: Orthworm|accuracy|1\n|move|p1a: Torkoal|Overheat|p2a: Orthworm\n|-supereffective|p2a: Orthworm\n|-damage|p2a: Orthworm|0 fnt\n|-unboost|p1a: Torkoal|spa|2\n|faint|p2a: Orthworm\n|\n|-weather|SunnyDay|[upkeep]\n|upkeep\n|\n|t:|1699931439\n|switch|p2a: Dugtrio|Dugtrio-Alola, M|100\/100\n|-damage|p2a: Dugtrio|98\/100|[from] Stealth Rock\n|turn|8\n|\n|t:|1699931448\n|move|p2a: Dugtrio|Earthquake|p1a: Torkoal\n|-supereffective|p1a: Torkoal\n|-damage|p1a: Torkoal|26\/100 par\n|move|p1a: Torkoal|Will-O-Wisp|p2a: Dugtrio\n|-status|p2a: Dugtrio|brn\n|\n|-weather|SunnyDay|[upkeep]\n|-damage|p2a: Dugtrio|91\/100 brn|[from] brn\n|upkeep\n|turn|9\n|\n|t:|1699931493\n|move|p2a: Dugtrio|Earthquake|p1a: Torkoal\n|-supereffective|p1a: Torkoal\n|-damage|p1a: Torkoal|0 fnt\n|faint|p1a: Torkoal\n|\n|-weather|SunnyDay|[upkeep]\n|-damage|p2a: Dugtrio|85\/100 brn|[from] brn\n|upkeep\n|\n|t:|1699931507\n|switch|p1a: Meowscarada|Meowscarada, F|100\/100\n|turn|10\n|\n|t:|1699931530\n|move|p2a: Dugtrio|Stone Edge|p1a: Meowscarada\n|-damage|p1a: Meowscarada|78\/100\n|move|p1a: Meowscarada|Flower Trick|p2a: Dugtrio\n|-start|p1a: Meowscarada|typechange|Grass|[from] ability: Protean\n|-crit|p2a: Dugtrio\n|-damage|p2a: Dugtrio|0 fnt\n|faint|p2a: Dugtrio\n|\n|-weather|SunnyDay|[upkeep]\n|upkeep\n|\n|t:|1699931543\n|switch|p2a: Corviknight|Corviknight, F|100\/100\n|-ability|p2a: Corviknight|Unnerve\n|-damage|p2a: Corviknight|88\/100|[from] Stealth Rock\n|turn|11\n|\n|t:|1699931554\n|move|p1a: Meowscarada|U-turn|p2a: Corviknight\n|-resisted|p2a: Corviknight\n|-damage|p2a: Corviknight|84\/100\n|-damage|p1a: Meowscarada|62\/100|[from] item: Rocky Helmet|[of] p2a: Corviknight\n|\n|t:|1699931564\n|switch|p1a: Gholdengo|Gholdengo|100\/100|[from] U-turn\n|move|p2a: Corviknight|Brave Bird|p1a: Gholdengo\n|-resisted|p1a: Gholdengo\n|-damage|p1a: Gholdengo|80\/100\n|-damage|p2a: Corviknight|79\/100|[from] Recoil\n|\n|-weather|none\n|-heal|p1a: Gholdengo|86\/100|[from] item: Leftovers\n|upkeep\n|turn|12\n|\n|t:|1699931582\n|move|p1a: Gholdengo|Thunder|p2a: Corviknight|[miss]\n|-miss|p1a: Gholdengo|p2a: Corviknight\n|move|p2a: Corviknight|U-turn|p1a: Gholdengo\n|-resisted|p1a: Gholdengo\n|-damage|p1a: Gholdengo|82\/100\n|\n|t:|1699931600\n|switch|p2a: Kingambit|Kingambit, F|100\/100|[from] U-turn\n|-damage|p2a: Kingambit|94\/100|[from] Stealth Rock\n|-activate|p2a: Kingambit|ability: Supreme Overlord\n|-start|p2a: Kingambit|fallen3|[silent]\n|\n|-heal|p1a: Gholdengo|88\/100|[from] item: Leftovers\n|upkeep\n|turn|13\n|\n|t:|1699931626\n|move|p1a: Gholdengo|Shadow Ball|p2a: Kingambit\n|-resisted|p2a: Kingambit\n|-damage|p2a: Kingambit|73\/100\n|move|p2a: Kingambit|Kowtow Cleave|p1a: Gholdengo\n|-supereffective|p1a: Gholdengo\n|-damage|p1a: Gholdengo|0 fnt\n|faint|p1a: Gholdengo\n|\n|upkeep\n|\n|t:|1699931636\n|switch|p1a: Iron Valiant|Iron Valiant|100\/100\n|-enditem|p1a: Iron Valiant|Booster Energy\n|-activate|p1a: Iron Valiant|ability: Quark Drive|[fromitem]\n|-start|p1a: Iron Valiant|quarkdrivespe\n|turn|14\n|\n|t:|1699931650\n|-end|p2a: Kingambit|fallen3|[silent]\n|switch|p2a: Corviknight|Corviknight, F|79\/100\n|-ability|p2a: Corviknight|Unnerve\n|-damage|p2a: Corviknight|67\/100|[from] Stealth Rock\n|move|p1a: Iron Valiant|Close Combat|p2a: Corviknight\n|-damage|p2a: Corviknight|30\/100\n|-unboost|p1a: Iron Valiant|def|1\n|-unboost|p1a: Iron Valiant|spd|1\n|-damage|p1a: Iron Valiant|84\/100|[from] item: Rocky Helmet|[of] p2a: Corviknight\n|\n|upkeep\n|turn|15\n|\n|t:|1699931662\n|move|p1a: Iron Valiant|Close Combat|p2a: Corviknight\n|-damage|p2a: Corviknight|0 fnt\n|-unboost|p1a: Iron Valiant|def|1\n|-unboost|p1a: Iron Valiant|spd|1\n|-damage|p1a: Iron Valiant|67\/100|[from] item: Rocky Helmet|[of] p2a: Corviknight\n|faint|p2a: Corviknight\n|\n|upkeep\n|\n|t:|1699931670\n|switch|p2a: Forretress|Forretress, M|100\/100\n|turn|16\n|\n|t:|1699931677\n|-end|p1a: Iron Valiant|Quark Drive|[silent]\n|switch|p1a: Lucario|Lucario, M|100\/100\n|move|p2a: Forretress|Rapid Spin|p1a: Lucario\n|-resisted|p1a: Lucario\n|-damage|p1a: Lucario|92\/100\n|-boost|p2a: Forretress|spe|1\n|-sideend|p2: JaimeLX|Stealth Rock|[from] move: Rapid Spin|[of] p2a: Forretress\n|\n|upkeep\n|turn|17\n|\n|t:|1699931685\n|move|p1a: Lucario|Aura Sphere|p2a: Forretress\n|-damage|p2a: Forretress|22\/100\n|-damage|p1a: Lucario|82\/100|[from] item: Life Orb\n|move|p2a: Forretress|Body Press|p1a: Lucario\n|-supereffective|p1a: Lucario\n|-damage|p1a: Lucario|0 fnt\n|faint|p1a: Lucario\n|\n|upkeep\n|\n|t:|1699931692\n|switch|p1a: Meowscarada|Meowscarada, F|62\/100\n|turn|18\n|\n|t:|1699931698\n|move|p1a: Meowscarada|Sucker Punch|p2a: Forretress\n|-start|p1a: Meowscarada|typechange|Dark|[from] ability: Protean\n|-crit|p2a: Forretress\n|-damage|p2a: Forretress|0 fnt\n|faint|p2a: Forretress\n|\n|upkeep\n|\n|t:|1699931717\n|switch|p2a: Kingambit|Kingambit, F|73\/100\n|-activate|p2a: Kingambit|ability: Supreme Overlord\n|-start|p2a: Kingambit|fallen5|[silent]\n|turn|19\n|\n|t:|1699931747\n|move|p1a: Meowscarada|Play Rough|p2a: Kingambit\n|-damage|p2a: Kingambit|50\/100\n|-unboost|p2a: Kingambit|atk|1\n|move|p2a: Kingambit|Kowtow Cleave|p1a: Meowscarada\n|-resisted|p1a: Meowscarada\n|-damage|p1a: Meowscarada|18\/100\n|\n|upkeep\n|turn|20\n|\n|t:|1699931754\n|move|p2a: Kingambit|Sucker Punch|p1a: Meowscarada\n|-resisted|p1a: Meowscarada\n|-damage|p1a: Meowscarada|0 fnt\n|faint|p1a: Meowscarada\n|\n|upkeep\n|\n|t:|1699931757\n|switch|p1a: Iron Valiant|Iron Valiant|67\/100\n|turn|21\n|\n|t:|1699931767\n|move|p2a: Kingambit|Sucker Punch|p1a: Iron Valiant\n|-resisted|p1a: Iron Valiant\n|-damage|p1a: Iron Valiant|52\/100\n|move|p1a: Iron Valiant|Moonblast|p2a: Kingambit\n|-damage|p2a: Kingambit|17\/100\n|-unboost|p2a: Kingambit|spa|1\n|\n|upkeep\n|turn|22\n|\n|t:|1699931778\n|move|p2a: Kingambit|Sucker Punch|p1a: Iron Valiant\n|-resisted|p1a: Iron Valiant\n|-damage|p1a: Iron Valiant|37\/100\n|move|p1a: Iron Valiant|Moonblast|p2a: Kingambit\n|-damage|p2a: Kingambit|0 fnt\n|faint|p2a: Kingambit\n|-end|p2a: Kingambit|fallen5|[silent]\n|\n|win|Fr0sTtzz\n","uploadtime":1699931787,"views":18,"p1id":"fr0sttzz","p2id":"jaimelx","formatid":"gen9ou","rating":0,"private":0,"password":""}