{"id":"gen9ou-2000589389","p1":"SirSpanklez","p2":"Miiyuki_Sayu","format":"[Gen 9] OU","log":"|j|\u2606SirSpanklez\n|j|\u2606Miiyuki_Sayu\n|t:|1701208140\n|gametype|singles\n|player|p1|SirSpanklez|pokemonrangerf|1382\n|player|p2|Miiyuki_Sayu|winona|1297\n|teamsize|p1|6\n|teamsize|p2|6\n|gen|9\n|tier|[Gen 9] OU\n|rated|\n|rule|Sleep Clause Mod: Limit one foe put to sleep\n|rule|Species Clause: Limit one of each Pok\u00e9mon\n|rule|OHKO Clause: OHKO moves are banned\n|rule|Evasion Items Clause: Evasion items are banned\n|rule|Evasion Moves Clause: Evasion moves are banned\n|rule|Endless Battle Clause: Forcing endless battles is banned\n|rule|HP Percentage Mod: HP is shown in percentages\n|clearpoke\n|poke|p1|Greninja-*, M|\n|poke|p1|Gholdengo|\n|poke|p1|Corviknight, M|\n|poke|p1|Weezing-Galar, M|\n|poke|p1|Iron Valiant|\n|poke|p1|Jirachi|\n|poke|p2|Dragonite, F|\n|poke|p2|Kingambit, M|\n|poke|p2|Iron Valiant|\n|poke|p2|Ogerpon-Wellspring, F|\n|poke|p2|Iron Moth|\n|poke|p2|Great Tusk|\n|teampreview\n|inactive|Battle timer is ON: inactive players will automatically lose when time's up. (requested by Miiyuki_Sayu)\n|\n|t:|1701208151\n|start\n|switch|p1a: The 1% of Gamblers|Gholdengo|100\/100\n|switch|p2a: Ogerpon|Ogerpon-Wellspring, F|100\/100\n|turn|1\n|\n|t:|1701208156\n|move|p2a: Ogerpon|Ivy Cudgel|p1a: The 1% of Gamblers|[anim] Ivy Cudgel Water\n|-damage|p1a: The 1% of Gamblers|58\/100\n|move|p1a: The 1% of Gamblers|Thunder Wave|p2a: Ogerpon\n|-status|p2a: Ogerpon|par\n|\n|upkeep\n|turn|2\n|j| TorterraMain\n|\n|t:|1701208165\n|move|p1a: The 1% of Gamblers|Confuse Ray|p2a: Ogerpon\n|-start|p2a: Ogerpon|confusion\n|-activate|p2a: Ogerpon|confusion\n|move|p2a: Ogerpon|Ivy Cudgel|p1a: The 1% of Gamblers|[anim] Ivy Cudgel Water\n|-damage|p1a: The 1% of Gamblers|18\/100\n|\n|upkeep\n|turn|3\n|\n|t:|1701208169\n|move|p1a: The 1% of Gamblers|Recover|p1a: The 1% of Gamblers\n|-heal|p1a: The 1% of Gamblers|68\/100\n|-end|p2a: Ogerpon|confusion\n|cant|p2a: Ogerpon|par\n|\n|upkeep\n|turn|4\n|\n|t:|1701208172\n|move|p1a: The 1% of Gamblers|Iron Head|p2a: Ogerpon\n|-resisted|p2a: Ogerpon\n|-damage|p2a: Ogerpon|89\/100 par\n|move|p2a: Ogerpon|Encore|p1a: The 1% of Gamblers\n|-immune|p1a: The 1% of Gamblers|[from] ability: Good as Gold\n|\n|upkeep\n|turn|5\n|-activate|p1a: The 1% of Gamblers|item: Quick Claw\n|\n|t:|1701208177\n|move|p1a: The 1% of Gamblers|Iron Head|p2a: Ogerpon\n|-resisted|p2a: Ogerpon\n|-damage|p2a: Ogerpon|76\/100 par\n|cant|p2a: Ogerpon|flinch\n|\n|upkeep\n|turn|6\n|\n|t:|1701208182\n|move|p1a: The 1% of Gamblers|Confuse Ray|p2a: Ogerpon\n|-start|p2a: Ogerpon|confusion\n|-activate|p2a: Ogerpon|confusion\n|move|p2a: Ogerpon|Horn Leech|p1a: The 1% of Gamblers\n|-resisted|p1a: The 1% of Gamblers\n|-damage|p1a: The 1% of Gamblers|53\/100\n|-heal|p2a: Ogerpon|86\/100 par|[from] drain|[of] p1a: The 1% of Gamblers\n|\n|upkeep\n|turn|7\n|\n|t:|1701208187\n|move|p1a: The 1% of Gamblers|Recover|p1a: The 1% of Gamblers\n|-heal|p1a: The 1% of Gamblers|100\/100\n|-end|p2a: Ogerpon|confusion\n|cant|p2a: Ogerpon|par\n|\n|upkeep\n|turn|8\n|\n|t:|1701208190\n|move|p1a: The 1% of Gamblers|Confuse Ray|p2a: Ogerpon\n|-start|p2a: Ogerpon|confusion\n|-activate|p2a: Ogerpon|confusion\n|-damage|p2a: Ogerpon|67\/100 par|[from] confusion\n|\n|upkeep\n|turn|9\n|\n|t:|1701208195\n|move|p1a: The 1% of Gamblers|Iron Head|p2a: Ogerpon\n|-resisted|p2a: Ogerpon\n|-damage|p2a: Ogerpon|55\/100 par\n|-activate|p2a: Ogerpon|confusion\n|move|p2a: Ogerpon|Encore|p1a: The 1% of Gamblers\n|-immune|p1a: The 1% of Gamblers|[from] ability: Good as Gold\n|\n|upkeep\n|turn|10\n|\n|t:|1701208199\n|move|p1a: The 1% of Gamblers|Iron Head|p2a: Ogerpon\n|-resisted|p2a: Ogerpon\n|-damage|p2a: Ogerpon|44\/100 par\n|-end|p2a: Ogerpon|confusion\n|cant|p2a: Ogerpon|par\n|\n|upkeep\n|turn|11\n|-activate|p1a: The 1% of Gamblers|item: Quick Claw\n|\n|t:|1701208202\n|move|p1a: The 1% of Gamblers|Confuse Ray|p2a: Ogerpon\n|-start|p2a: Ogerpon|confusion\n|-activate|p2a: Ogerpon|confusion\n|-damage|p2a: Ogerpon|27\/100 par|[from] confusion\n|\n|upkeep\n|turn|12\n|\n|t:|1701208208\n|move|p1a: The 1% of Gamblers|Iron Head|p2a: Ogerpon\n|-resisted|p2a: Ogerpon\n|-damage|p2a: Ogerpon|16\/100 par\n|cant|p2a: Ogerpon|flinch\n|\n|upkeep\n|turn|13\n|\n|t:|1701208213\n|move|p1a: The 1% of Gamblers|Iron Head|p2a: Ogerpon\n|-resisted|p2a: Ogerpon\n|-damage|p2a: Ogerpon|4\/100 par\n|cant|p2a: Ogerpon|flinch\n|\n|upkeep\n|turn|14\n|\n|t:|1701208218\n|move|p1a: The 1% of Gamblers|Iron Head|p2a: Ogerpon\n|-resisted|p2a: Ogerpon\n|-damage|p2a: Ogerpon|0 fnt\n|faint|p2a: Ogerpon\n|\n|upkeep\n|\n|t:|1701208221\n|switch|p2a: Iron Moth|Iron Moth, shiny|100\/100\n|-enditem|p2a: Iron Moth|Booster Energy\n|-activate|p2a: Iron Moth|ability: Quark Drive|[fromitem]\n|-start|p2a: Iron Moth|quarkdrivespe\n|turn|15\n|\n|t:|1701208226\n|move|p2a: Iron Moth|Fiery Dance|p1a: The 1% of Gamblers\n|-supereffective|p1a: The 1% of Gamblers\n|-damage|p1a: The 1% of Gamblers|19\/100\n|move|p1a: The 1% of Gamblers|Thunder Wave|p2a: Iron Moth\n|-status|p2a: Iron Moth|par\n|\n|upkeep\n|turn|16\n|c| TorterraMain|horrendous\n|\n|t:|1701208232\n|move|p2a: Iron Moth|Fiery Dance|p1a: The 1% of Gamblers\n|-supereffective|p1a: The 1% of Gamblers\n|-damage|p1a: The 1% of Gamblers|0 fnt\n|-boost|p2a: Iron Moth|spa|1\n|faint|p1a: The 1% of Gamblers\n|\n|upkeep\n|\n|t:|1701208239\n|switch|p1a: Gresumo|Greninja, M|100\/100\n|turn|17\n|\n|t:|1701208247\n|switch|p1a: Fatty|Corviknight, M|100\/100\n|-end|p2a: Iron Moth|Quark Drive|[silent]\n|switch|p2a: Kingambit|Kingambit, M, shiny|100\/100\n|-activate|p2a: Kingambit|ability: Supreme Overlord\n|-start|p2a: Kingambit|fallen1|[silent]\n|\n|upkeep\n|turn|18\n|\n|t:|1701208254\n|move|p2a: Kingambit|Brick Break|p1a: Fatty\n|-damage|p1a: Fatty|69\/100\n|move|p1a: Fatty|Bulk Up|p1a: Fatty\n|-boost|p1a: Fatty|atk|1\n|-boost|p1a: Fatty|def|1\n|\n|upkeep\n|turn|19\n|\n|t:|1701208262\n|move|p2a: Kingambit|Brick Break|p1a: Fatty\n|-damage|p1a: Fatty|46\/100\n|move|p1a: Fatty|Agility|p1a: Fatty\n|-boost|p1a: Fatty|spe|2\n|\n|upkeep\n|turn|20\n|\n|t:|1701208268\n|move|p1a: Fatty|Roost|p1a: Fatty\n|-heal|p1a: Fatty|96\/100\n|-singleturn|p1a: Fatty|move: Roost\n|move|p2a: Kingambit|Brick Break|p1a: Fatty\n|-supereffective|p1a: Fatty\n|-damage|p1a: Fatty|52\/100\n|-enditem|p1a: Fatty|Weakness Policy\n|-boost|p1a: Fatty|atk|2|[from] item: Weakness Policy\n|-boost|p1a: Fatty|spa|2|[from] item: Weakness Policy\n|\n|upkeep\n|turn|21\n|\n|t:|1701208281\n|move|p1a: Fatty|Bulk Up|p1a: Fatty\n|-boost|p1a: Fatty|atk|1\n|-boost|p1a: Fatty|def|1\n|move|p2a: Kingambit|Brick Break|p1a: Fatty\n|-damage|p1a: Fatty|35\/100\n|\n|upkeep\n|turn|22\n|\n|t:|1701208286\n|move|p1a: Fatty|Roost|p1a: Fatty\n|-heal|p1a: Fatty|86\/100\n|-singleturn|p1a: Fatty|move: Roost\n|move|p2a: Kingambit|Brick Break|p1a: Fatty\n|-supereffective|p1a: Fatty\n|-damage|p1a: Fatty|51\/100\n|\n|upkeep\n|turn|23\n|\n|t:|1701208289\n|move|p1a: Fatty|Bulk Up|p1a: Fatty\n|-boost|p1a: Fatty|atk|1\n|-boost|p1a: Fatty|def|1\n|move|p2a: Kingambit|Brick Break|p1a: Fatty\n|-damage|p1a: Fatty|39\/100\n|\n|upkeep\n|turn|24\n|\n|t:|1701208291\n|move|p1a: Fatty|Roost|p1a: Fatty\n|-heal|p1a: Fatty|89\/100\n|-singleturn|p1a: Fatty|move: Roost\n|move|p2a: Kingambit|Brick Break|p1a: Fatty\n|-supereffective|p1a: Fatty\n|-damage|p1a: Fatty|63\/100\n|\n|upkeep\n|turn|25\n|\n|t:|1701208297\n|move|p1a: Fatty|Power Trip|p2a: Kingambit\n|-resisted|p2a: Kingambit\n|-damage|p2a: Kingambit|21\/100\n|move|p2a: Kingambit|Brick Break|p1a: Fatty\n|-crit|p1a: Fatty\n|-damage|p1a: Fatty|18\/100\n|\n|upkeep\n|turn|26\n|\n|t:|1701208300\n|move|p2a: Kingambit|Sucker Punch||[still]\n|-fail|p2a: Kingambit\n|move|p1a: Fatty|Roost|p1a: Fatty\n|-heal|p1a: Fatty|68\/100\n|-singleturn|p1a: Fatty|move: Roost\n|\n|upkeep\n|turn|27\n|\n|t:|1701208305\n|move|p2a: Kingambit|Sucker Punch||[still]\n|-fail|p2a: Kingambit\n|move|p1a: Fatty|Roost|p1a: Fatty\n|-heal|p1a: Fatty|100\/100\n|-singleturn|p1a: Fatty|move: Roost\n|\n|upkeep\n|turn|28\n|\n|t:|1701208309\n|move|p1a: Fatty|Power Trip|p2a: Kingambit\n|-resisted|p2a: Kingambit\n|-damage|p2a: Kingambit|0 fnt\n|faint|p2a: Kingambit\n|-end|p2a: Kingambit|fallen1|[silent]\n|\n|upkeep\n|\n|t:|1701208312\n|switch|p2a: Iron Moth|Iron Moth, shiny|100\/100 par\n|turn|29\n|\n|t:|1701208316\n|-terastallize|p1a: Fatty|Dark\n|move|p1a: Fatty|Power Trip|p2a: Iron Moth\n|-damage|p2a: Iron Moth|0 fnt\n|faint|p2a: Iron Moth\n|-end|p2a: Iron Moth|Quark Drive|[silent]\n|\n|upkeep\n|\n|t:|1701208321\n|switch|p2a: Iron Valiant|Iron Valiant|100\/100\n|-enditem|p2a: Iron Valiant|Booster Energy\n|-activate|p2a: Iron Valiant|ability: Quark Drive|[fromitem]\n|-start|p2a: Iron Valiant|quarkdrivespe\n|turn|30\n|\n|t:|1701208329\n|move|p2a: Iron Valiant|Thunderbolt|p1a: Fatty\n|-damage|p1a: Fatty|79\/100\n|move|p1a: Fatty|Agility|p1a: Fatty\n|-boost|p1a: Fatty|spe|2\n|\n|upkeep\n|turn|31\n|\n|t:|1701208334\n|move|p2a: Iron Valiant|Encore|p1a: Fatty\n|-start|p1a: Fatty|Encore\n|move|p1a: Fatty|Agility|p1a: Fatty\n|-boost|p1a: Fatty|spe|2\n|\n|upkeep\n|turn|32\n|\n|t:|1701208336\n|move|p1a: Fatty|Agility|p1a: Fatty\n|-boost|p1a: Fatty|spe|0\n|move|p2a: Iron Valiant|Calm Mind|p2a: Iron Valiant\n|-boost|p2a: Iron Valiant|spa|1\n|-boost|p2a: Iron Valiant|spd|1\n|\n|upkeep\n|turn|33\n|\n|t:|1701208342\n|move|p1a: Fatty|Agility|p1a: Fatty\n|-boost|p1a: Fatty|spe|0\n|move|p2a: Iron Valiant|Calm Mind|p2a: Iron Valiant\n|-boost|p2a: Iron Valiant|spa|1\n|-boost|p2a: Iron Valiant|spd|1\n|\n|-end|p1a: Fatty|Encore\n|upkeep\n|turn|34\n|\n|t:|1701208348\n|-terastallize|p2a: Iron Valiant|Fairy\n|move|p1a: Fatty|Power Trip|p2a: Iron Valiant\n|-resisted|p2a: Iron Valiant\n|-damage|p2a: Iron Valiant|0 fnt\n|faint|p2a: Iron Valiant\n|-end|p2a: Iron Valiant|Quark Drive|[silent]\n|\n|upkeep\n|\n|t:|1701208353\n|switch|p2a: F\u00fb|Great Tusk, shiny|100\/100\n|-enditem|p2a: F\u00fb|Booster Energy\n|-activate|p2a: F\u00fb|ability: Protosynthesis|[fromitem]\n|-start|p2a: F\u00fb|protosynthesisatk\n|turn|35\n|\n|t:|1701208357\n|move|p1a: Fatty|Power Trip|p2a: F\u00fb\n|-resisted|p2a: F\u00fb\n|-damage|p2a: F\u00fb|0 fnt\n|faint|p2a: F\u00fb\n|-end|p2a: F\u00fb|Protosynthesis|[silent]\n|\n|upkeep\n|-message|Miiyuki_Sayu forfeited.\n|\n|win|SirSpanklez\n|raw|SirSpanklez's rating: 1382 &rarr; <strong>1397<\/strong><br \/>(+15 for winning)\n|raw|Miiyuki_Sayu's rating: 1297 &rarr; <strong>1278<\/strong><br \/>(-19 for losing)\n|l|\u2606Miiyuki_Sayu\n|c| TorterraMain|lol\n|c|\u2606SirSpanklez|gambit abser\n|l| TorterraMain\n|l|\u2606SirSpanklez\n|j| TorterraMain\n","uploadtime":1701208454,"views":1,"p1id":"sirspanklez","p2id":"miiyukisayu","formatid":"gen9ou","rating":1278,"private":0,"password":""}