{"id":"gen9ou-1992243291","p1":"OkJuice100","p2":"troiscaracte","format":"[Gen 9] OU","log":"|j|\u2606OkJuice100\n|j|\u2606troiscaracte\n|t:|1700167061\n|gametype|singles\n|player|p1|OkJuice100|101|1338\n|player|p2|troiscaracte|alec-anime|1380\n|teamsize|p1|6\n|teamsize|p2|6\n|gen|9\n|tier|[Gen 9] OU\n|rated|\n|rule|Sleep Clause Mod: Limit one foe put to sleep\n|rule|Species Clause: Limit one of each Pok\u00e9mon\n|rule|OHKO Clause: OHKO moves are banned\n|rule|Evasion Items Clause: Evasion items are banned\n|rule|Evasion Moves Clause: Evasion moves are banned\n|rule|Endless Battle Clause: Forcing endless battles is banned\n|rule|HP Percentage Mod: HP is shown in percentages\n|clearpoke\n|poke|p1|Cinderace, M|\n|poke|p1|Empoleon, F|\n|poke|p1|Slowking-Galar, M|\n|poke|p1|Pelipper, M|\n|poke|p1|Barraskewda, M|\n|poke|p1|Rillaboom, M|\n|poke|p2|Ogerpon-Wellspring, F|\n|poke|p2|Gholdengo|\n|poke|p2|Kingambit, M|\n|poke|p2|Zamazenta-*|\n|poke|p2|Enamorus, F|\n|poke|p2|Glimmora, M|\n|teampreview\n|\n|t:|1700167078\n|start\n|switch|p1a: Barraskewda|Barraskewda, M|100\/100\n|switch|p2a: Glimmora|Glimmora, M|100\/100\n|turn|1\n|\n|t:|1700167084\n|move|p1a: Barraskewda|Flip Turn|p2a: Glimmora\n|-supereffective|p2a: Glimmora\n|-enditem|p2a: Glimmora|Focus Sash\n|-damage|p2a: Glimmora|1\/100\n|-activate|p2a: Glimmora|ability: Toxic Debris\n|-sidestart|p1: OkJuice100|move: Toxic Spikes\n|\n|t:|1700167096\n|switch|p1a: Empoleon|Empoleon, F|100\/100|[from] Flip Turn\n|move|p2a: Glimmora|Energy Ball|p1a: Empoleon\n|-damage|p1a: Empoleon|73\/100\n|\n|-heal|p1a: Empoleon|79\/100|[from] item: Leftovers\n|upkeep\n|turn|2\n|\n|t:|1700167101\n|move|p2a: Glimmora|Spikes|p1a: Empoleon\n|-sidestart|p1: OkJuice100|Spikes\n|move|p1a: Empoleon|Flip Turn|p2a: Glimmora\n|-supereffective|p2a: Glimmora\n|-damage|p2a: Glimmora|0 fnt\n|-activate|p2a: Glimmora|ability: Toxic Debris\n|-sidestart|p1: OkJuice100|move: Toxic Spikes\n|faint|p2a: Glimmora\n|\n|t:|1700167104\n|switch|p1a: Slowking|Slowking-Galar, M|100\/100|[from] Flip Turn\n|-sideend|p1: OkJuice100|move: Toxic Spikes|[of] p1a: Slowking\n|-damage|p1a: Slowking|88\/100|[from] Spikes\n|\n|upkeep\n|\n|t:|1700167110\n|switch|p2a: Kingambit|Kingambit, M|100\/100\n|-activate|p2a: Kingambit|ability: Supreme Overlord\n|-start|p2a: Kingambit|fallen1|[silent]\n|turn|3\n|\n|t:|1700167119\n|-terastallize|p1a: Slowking|Dark\n|move|p2a: Kingambit|Swords Dance|p2a: Kingambit\n|-boost|p2a: Kingambit|atk|2\n|move|p1a: Slowking|Focus Blast|p2a: Kingambit\n|-supereffective|p2a: Kingambit\n|-damage|p2a: Kingambit|0 fnt\n|faint|p2a: Kingambit\n|-end|p2a: Kingambit|fallen1|[silent]\n|\n|upkeep\n|\n|t:|1700167137\n|switch|p2a: Enamorus|Enamorus, F|100\/100\n|turn|4\n|\n|t:|1700167141\n|move|p2a: Enamorus|Moonblast|p1a: Slowking\n|-supereffective|p1a: Slowking\n|-damage|p1a: Slowking|32\/100\n|-unboost|p1a: Slowking|spa|1\n|move|p1a: Slowking|Sludge Bomb|p2a: Enamorus\n|-supereffective|p2a: Enamorus\n|-damage|p2a: Enamorus|17\/100\n|-status|p2a: Enamorus|psn\n|\n|-damage|p2a: Enamorus|4\/100 psn|[from] psn\n|upkeep\n|turn|5\n|\n|t:|1700167144\n|switch|p1a: Empoleon|Empoleon, F|79\/100\n|-damage|p1a: Empoleon|67\/100|[from] Spikes\n|move|p2a: Enamorus|Moonblast|p1a: Empoleon\n|-resisted|p1a: Empoleon\n|-damage|p1a: Empoleon|44\/100\n|\n|-heal|p1a: Empoleon|50\/100|[from] item: Leftovers\n|-damage|p2a: Enamorus|0 fnt|[from] psn\n|faint|p2a: Enamorus\n|upkeep\n|\n|t:|1700167149\n|switch|p2a: Zamazenta|Zamazenta|100\/100\n|-ability|p2a: Zamazenta|Dauntless Shield|boost\n|-boost|p2a: Zamazenta|def|1\n|turn|6\n|\n|t:|1700167156\n|move|p2a: Zamazenta|Iron Defense|p2a: Zamazenta\n|-boost|p2a: Zamazenta|def|2\n|move|p1a: Empoleon|Flip Turn|p2a: Zamazenta\n|-damage|p2a: Zamazenta|95\/100\n|\n|t:|1700167162\n|switch|p1a: Pelipper|Pelipper, M|100\/100|[from] Flip Turn\n|-weather|RainDance|[from] ability: Drizzle|[of] p1a: Pelipper\n|\n|-weather|RainDance|[upkeep]\n|-heal|p2a: Zamazenta|100\/100|[from] item: Leftovers\n|upkeep\n|turn|7\n|\n|t:|1700167171\n|move|p2a: Zamazenta|Iron Defense|p2a: Zamazenta\n|-boost|p2a: Zamazenta|def|2\n|move|p1a: Pelipper|Hurricane|p2a: Zamazenta\n|-supereffective|p2a: Zamazenta\n|-damage|p2a: Zamazenta|43\/100\n|-start|p2a: Zamazenta|confusion\n|\n|-weather|RainDance|[upkeep]\n|-heal|p2a: Zamazenta|49\/100|[from] item: Leftovers\n|upkeep\n|turn|8\n|\n|t:|1700167179\n|-terastallize|p2a: Zamazenta|Electric\n|-activate|p2a: Zamazenta|confusion\n|-damage|p2a: Zamazenta|46\/100|[from] confusion\n|move|p1a: Pelipper|Hurricane|p2a: Zamazenta\n|-resisted|p2a: Zamazenta\n|-damage|p2a: Zamazenta|29\/100\n|\n|-weather|RainDance|[upkeep]\n|-heal|p2a: Zamazenta|35\/100|[from] item: Leftovers\n|upkeep\n|turn|9\n|\n|t:|1700167183\n|-activate|p2a: Zamazenta|confusion\n|move|p2a: Zamazenta|Substitute|p2a: Zamazenta\n|-start|p2a: Zamazenta|Substitute\n|-damage|p2a: Zamazenta|10\/100\n|move|p1a: Pelipper|Weather Ball|p2a: Zamazenta\n|-end|p2a: Zamazenta|Substitute\n|\n|-weather|RainDance|[upkeep]\n|-heal|p2a: Zamazenta|17\/100|[from] item: Leftovers\n|upkeep\n|turn|10\n|\n|t:|1700167189\n|-end|p2a: Zamazenta|confusion\n|move|p2a: Zamazenta|Body Press|p1a: Pelipper\n|-resisted|p1a: Pelipper\n|-damage|p1a: Pelipper|47\/100\n|move|p1a: Pelipper|Weather Ball|p2a: Zamazenta\n|-crit|p2a: Zamazenta\n|-damage|p2a: Zamazenta|0 fnt\n|faint|p2a: Zamazenta\n|\n|-weather|RainDance|[upkeep]\n|upkeep\n|-message|troiscaracte forfeited.\n|\n|win|OkJuice100\n|raw|OkJuice100's rating: 1338 &rarr; <strong>1360<\/strong><br \/>(+22 for winning)\n|raw|troiscaracte's rating: 1380 &rarr; <strong>1358<\/strong><br \/>(-22 for losing)\n|l|\u2606troiscaracte\n","uploadtime":1700167204,"views":22,"p1id":"okjuice100","p2id":"troiscaracte","formatid":"gen9ou","rating":1358,"private":0,"password":""}