{"id":"gen9ou-1995245495","p1":"Bromaspokemon","p2":"Gilmoney02","format":"[Gen 9] OU","log":"|j|\u2606Bromaspokemon\n|j|\u2606Gilmoney02\n|t:|1700539479\n|gametype|singles\n|player|p1|Bromaspokemon|grimsley|1000\n|player|p2|Gilmoney02|volkner|1080\n|teamsize|p1|6\n|teamsize|p2|6\n|gen|9\n|tier|[Gen 9] OU\n|rated|\n|rule|Sleep Clause Mod: Limit one foe put to sleep\n|rule|Species Clause: Limit one of each Pok\u00e9mon\n|rule|OHKO Clause: OHKO moves are banned\n|rule|Evasion Items Clause: Evasion items are banned\n|rule|Evasion Moves Clause: Evasion moves are banned\n|rule|Endless Battle Clause: Forcing endless battles is banned\n|rule|HP Percentage Mod: HP is shown in percentages\n|clearpoke\n|poke|p1|Hatterene, F|\n|poke|p1|Rillaboom, M|\n|poke|p1|Skeledirge, M|\n|poke|p1|Corviknight, M|\n|poke|p1|Walking Wake|\n|poke|p1|Hawlucha, F|\n|poke|p2|Samurott-Hisui, F|\n|poke|p2|Heatran, F|\n|poke|p2|Ribombee, M|\n|poke|p2|Great Tusk|\n|poke|p2|Slowking-Galar, F|\n|poke|p2|Dragonite, M|\n|teampreview\n|inactive|Battle timer is ON: inactive players will automatically lose when time's up. (requested by Gilmoney02)\n|\n|t:|1700539507\n|start\n|switch|p1a: Hatterene|Hatterene, F, shiny|100\/100\n|switch|p2a: Samurott|Samurott-Hisui, F|100\/100\n|turn|1\n|\n|t:|1700539525\n|move|p2a: Samurott|Flip Turn|p1a: Hatterene\n|-damage|p1a: Hatterene|65\/100\n|\n|t:|1700539530\n|switch|p2a: Slowking|Slowking-Galar, F|100\/100|[from] Flip Turn\n|move|p1a: Hatterene|Nuzzle|p2a: Slowking\n|-damage|p2a: Slowking|97\/100\n|-status|p2a: Slowking|par\n|\n|-heal|p2a: Slowking|100\/100 par|[from] item: Leftovers\n|upkeep\n|turn|2\n|\n|t:|1700539550\n|switch|p1a: Rillaboom|Rillaboom, M|100\/100\n|-fieldstart|move: Grassy Terrain|[from] ability: Grassy Surge|[of] p1a: Rillaboom\n|cant|p2a: Slowking|par\n|\n|upkeep\n|turn|3\n|\n|t:|1700539562\n|move|p1a: Rillaboom|Knock Off|p2a: Slowking\n|-supereffective|p2a: Slowking\n|-damage|p2a: Slowking|46\/100 par\n|-enditem|p2a: Slowking|Leftovers|[from] move: Knock Off|[of] p1a: Rillaboom\n|move|p2a: Slowking|Sludge Bomb|p1a: Rillaboom\n|-supereffective|p1a: Rillaboom\n|-damage|p1a: Rillaboom|49\/100\n|-status|p1a: Rillaboom|psn\n|\n|-heal|p1a: Rillaboom|55\/100 psn|[from] Grassy Terrain\n|-heal|p2a: Slowking|52\/100 par|[from] Grassy Terrain\n|-damage|p1a: Rillaboom|43\/100 psn|[from] psn\n|upkeep\n|turn|4\n|\n|t:|1700539575\n|move|p1a: Rillaboom|Earthquake|p2a: Slowking\n|-supereffective|p2a: Slowking\n|-crit|p2a: Slowking\n|-damage|p2a: Slowking|10\/100 par\n|move|p2a: Slowking|Chilly Reception|p2a: Slowking\n|-weather|Snow\n|\n|t:|1700539587\n|switch|p2a: Ribombee|Ribombee, M|100\/100|[from] Chilly Reception\n|\n|-weather|Snow|[upkeep]\n|-heal|p1a: Rillaboom|49\/100 psn|[from] Grassy Terrain\n|-damage|p1a: Rillaboom|37\/100 psn|[from] psn\n|upkeep\n|turn|5\n|\n|t:|1700539604\n|switch|p1a: Hawlucha|Hawlucha, F, shiny|100\/100\n|-enditem|p1a: Hawlucha|Grassy Seed\n|-boost|p1a: Hawlucha|def|1|[from] item: Grassy Seed\n|move|p2a: Ribombee|Tailwind|p2a: Ribombee\n|-sidestart|p2: Gilmoney02|move: Tailwind\n|\n|-weather|Snow|[upkeep]\n|upkeep\n|turn|6\n|\n|t:|1700539623\n|-terastallize|p1a: Hawlucha|Poison\n|move|p2a: Ribombee|Stun Spore|p1a: Hawlucha\n|-status|p1a: Hawlucha|par\n|move|p1a: Hawlucha|Fire Punch|p2a: Ribombee\n|-supereffective|p2a: Ribombee\n|-damage|p2a: Ribombee|32\/100\n|\n|-weather|Snow|[upkeep]\n|-heal|p2a: Ribombee|39\/100|[from] Grassy Terrain\n|-fieldend|move: Grassy Terrain\n|upkeep\n|turn|7\n|\n|t:|1700539634\n|move|p2a: Ribombee|Sticky Web|p1a: Hawlucha\n|-sidestart|p1: Bromaspokemon|move: Sticky Web\n|move|p1a: Hawlucha|Acrobatics|p2a: Ribombee\n|-supereffective|p2a: Ribombee\n|-damage|p2a: Ribombee|0 fnt\n|faint|p2a: Ribombee\n|\n|-weather|Snow|[upkeep]\n|upkeep\n|\n|t:|1700539657\n|switch|p2a: Heatran|Heatran, F|100\/100\n|turn|8\n|\n|t:|1700539668\n|switch|p1a: Rillaboom|Rillaboom, M|37\/100 psn\n|-activate|p1a: Rillaboom|move: Sticky Web\n|-unboost|p1a: Rillaboom|spe|1\n|-fieldstart|move: Grassy Terrain|[from] ability: Grassy Surge|[of] p1a: Rillaboom\n|move|p2a: Heatran|Stealth Rock|p1a: Rillaboom\n|-sidestart|p1: Bromaspokemon|move: Stealth Rock\n|\n|-weather|none\n|-heal|p1a: Rillaboom|43\/100 psn|[from] Grassy Terrain\n|-damage|p1a: Rillaboom|30\/100 psn|[from] psn\n|-sideend|p2: Gilmoney02|move: Tailwind\n|upkeep\n|turn|9\n|\n|t:|1700539678\n|move|p2a: Heatran|Magma Storm|p1a: Rillaboom|[miss]\n|-miss|p2a: Heatran|p1a: Rillaboom\n|move|p1a: Rillaboom|Drain Punch|p2a: Heatran\n|-supereffective|p2a: Heatran\n|-damage|p2a: Heatran|55\/100\n|-heal|p1a: Rillaboom|56\/100 psn|[from] drain|[of] p2a: Heatran\n|\n|-heal|p2a: Heatran|62\/100|[from] Grassy Terrain\n|-heal|p2a: Heatran|68\/100|[from] item: Leftovers\n|-heal|p1a: Rillaboom|62\/100 psn|[from] Grassy Terrain\n|-damage|p1a: Rillaboom|50\/100 psn|[from] psn\n|upkeep\n|turn|10\n|\n|t:|1700539687\n|move|p2a: Heatran|Magma Storm|p1a: Rillaboom\n|-supereffective|p1a: Rillaboom\n|-crit|p1a: Rillaboom\n|-damage|p1a: Rillaboom|0 fnt\n|faint|p1a: Rillaboom\n|\n|-heal|p2a: Heatran|74\/100|[from] Grassy Terrain\n|-heal|p2a: Heatran|80\/100|[from] item: Leftovers\n|upkeep\n|\n|t:|1700539694\n|switch|p1a: Skeledirge|Skeledirge, M|100\/100\n|turn|11\n|\n|t:|1700539701\n|move|p2a: Heatran|Earth Power|p1a: Skeledirge\n|-supereffective|p1a: Skeledirge\n|-damage|p1a: Skeledirge|60\/100\n|move|p1a: Skeledirge|Shadow Ball|p2a: Heatran\n|-damage|p2a: Heatran|62\/100\n|\n|-heal|p2a: Heatran|68\/100|[from] Grassy Terrain\n|-heal|p2a: Heatran|74\/100|[from] item: Leftovers\n|-heal|p1a: Skeledirge|66\/100|[from] Grassy Terrain\n|upkeep\n|turn|12\n|\n|t:|1700539714\n|switch|p1a: Hatterene|Hatterene, F, shiny|65\/100\n|-activate|p1a: Hatterene|move: Sticky Web\n|-unboost|p1a: Hatterene|spe|1\n|-damage|p1a: Hatterene|53\/100|[from] Stealth Rock\n|move|p2a: Heatran|Magma Storm|p1a: Hatterene\n|-crit|p1a: Hatterene\n|-damage|p1a: Hatterene|0 fnt\n|faint|p1a: Hatterene\n|\n|-heal|p2a: Heatran|80\/100|[from] Grassy Terrain\n|-heal|p2a: Heatran|87\/100|[from] item: Leftovers\n|-fieldend|move: Grassy Terrain\n|upkeep\n|\n|t:|1700539719\n|switch|p1a: Walking Wake|Walking Wake|100\/100\n|-activate|p1a: Walking Wake|move: Sticky Web\n|-unboost|p1a: Walking Wake|spe|1\n|-damage|p1a: Walking Wake|88\/100|[from] Stealth Rock\n|-enditem|p1a: Walking Wake|Booster Energy\n|-activate|p1a: Walking Wake|ability: Protosynthesis|[fromitem]\n|-start|p1a: Walking Wake|protosynthesisspa\n|turn|13\n|\n|t:|1700539738\n|move|p1a: Walking Wake|Agility|p1a: Walking Wake\n|-boost|p1a: Walking Wake|spe|2\n|move|p2a: Heatran|Will-O-Wisp|p1a: Walking Wake|[miss]\n|-miss|p2a: Heatran|p1a: Walking Wake\n|\n|-heal|p2a: Heatran|93\/100|[from] item: Leftovers\n|upkeep\n|turn|14\n|\n|t:|1700539745\n|move|p1a: Walking Wake|Hydro Steam|p2a: Heatran\n|-supereffective|p2a: Heatran\n|-damage|p2a: Heatran|17\/100\n|move|p2a: Heatran|Magma Storm|p1a: Walking Wake\n|-resisted|p1a: Walking Wake\n|-damage|p1a: Walking Wake|76\/100\n|-activate|p1a: Walking Wake|move: Magma Storm|[of] p2a: Heatran\n|\n|-heal|p2a: Heatran|23\/100|[from] item: Leftovers\n|-damage|p1a: Walking Wake|64\/100|[from] move: Magma Storm|[partiallytrapped]\n|upkeep\n|turn|15\n|\n|t:|1700539750\n|move|p1a: Walking Wake|Hydro Steam|p2a: Heatran\n|-supereffective|p2a: Heatran\n|-damage|p2a: Heatran|0 fnt\n|faint|p2a: Heatran\n|\n|-end|p1a: Walking Wake|Magma Storm|[partiallytrapped]|[silent]\n|upkeep\n|\n|t:|1700539759\n|switch|p2a: Samurott|Samurott-Hisui, F|100\/100\n|turn|16\n|\n|t:|1700539767\n|move|p1a: Walking Wake|Draco Meteor|p2a: Samurott\n|-damage|p2a: Samurott|0 fnt\n|-unboost|p1a: Walking Wake|spa|2\n|faint|p2a: Samurott\n|\n|upkeep\n|\n|t:|1700539772\n|switch|p2a: Dragonite|Dragonite, M|100\/100\n|turn|17\n|\n|t:|1700539791\n|-end|p1a: Walking Wake|Protosynthesis|[silent]\n|switch|p1a: Corviknight|Corviknight, M, shiny|100\/100\n|-damage|p1a: Corviknight|88\/100|[from] Stealth Rock\n|move|p2a: Dragonite|Dragon Dance|p2a: Dragonite\n|-boost|p2a: Dragonite|atk|1\n|-boost|p2a: Dragonite|spe|1\n|\n|upkeep\n|turn|18\n|\n|t:|1700539797\n|move|p2a: Dragonite|Dragon Dance|p2a: Dragonite\n|-boost|p2a: Dragonite|atk|1\n|-boost|p2a: Dragonite|spe|1\n|move|p1a: Corviknight|Bulk Up|p1a: Corviknight\n|-boost|p1a: Corviknight|atk|1\n|-boost|p1a: Corviknight|def|1\n|\n|upkeep\n|turn|19\n|\n|t:|1700539807\n|move|p2a: Dragonite|Dragon Dance|p2a: Dragonite\n|-boost|p2a: Dragonite|atk|1\n|-boost|p2a: Dragonite|spe|1\n|move|p1a: Corviknight|Body Press|p2a: Dragonite\n|-resisted|p2a: Dragonite\n|-damage|p2a: Dragonite|91\/100\n|\n|upkeep\n|turn|20\n|\n|t:|1700539812\n|move|p2a: Dragonite|Extreme Speed|p1a: Corviknight\n|-resisted|p1a: Corviknight\n|-damage|p1a: Corviknight|67\/100\n|-damage|p2a: Dragonite|74\/100|[from] item: Rocky Helmet|[of] p1a: Corviknight\n|move|p1a: Corviknight|Brave Bird|p2a: Dragonite\n|-damage|p2a: Dragonite|0 fnt\n|faint|p2a: Dragonite\n|-damage|p1a: Corviknight|43\/100|[from] Recoil\n|\n|upkeep\n|\n|t:|1700539817\n|switch|p2a: Great Tusk|Great Tusk|100\/100\n|-enditem|p2a: Great Tusk|Booster Energy\n|-activate|p2a: Great Tusk|ability: Protosynthesis|[fromitem]\n|-start|p2a: Great Tusk|protosynthesisatk\n|turn|21\n|\n|t:|1700539822\n|move|p2a: Great Tusk|Knock Off|p1a: Corviknight\n|-damage|p1a: Corviknight|20\/100\n|-damage|p2a: Great Tusk|84\/100|[from] item: Rocky Helmet|[of] p1a: Corviknight\n|-enditem|p1a: Corviknight|Rocky Helmet|[from] move: Knock Off|[of] p2a: Great Tusk\n|move|p1a: Corviknight|Brave Bird|p2a: Great Tusk\n|-supereffective|p2a: Great Tusk\n|-damage|p2a: Great Tusk|0 fnt\n|faint|p2a: Great Tusk\n|-end|p2a: Great Tusk|Protosynthesis|[silent]\n|-damage|p1a: Corviknight|0 fnt|[from] Recoil\n|faint|p1a: Corviknight\n|\n|upkeep\n|c|\u2606Gilmoney02|gg\n|-message|Gilmoney02 forfeited.\n|\n|win|Bromaspokemon\n|raw|Bromaspokemon's rating: 1000 &rarr; <strong>1049<\/strong><br \/>(+49 for winning)\n|raw|Gilmoney02's rating: 1080 &rarr; <strong>1053<\/strong><br \/>(-27 for losing)\n|l|\u2606Gilmoney02\n","uploadtime":1700539847,"views":14,"p1id":"bromaspokemon","p2id":"gilmoney02","formatid":"gen9ou","rating":1049,"private":0,"password":""}