{"id":"gen9ou-1992195636","p1":"cwisbt","p2":"Godspeed06","format":"[Gen 9] OU","log":"|j|\u2606cwisbt\n|j|\u2606Godspeed06\n|t:|1700162918\n|gametype|singles\n|player|p1|cwisbt|265|1121\n|player|p2|Godspeed06|sabrina|1134\n|teamsize|p1|6\n|teamsize|p2|6\n|gen|9\n|tier|[Gen 9] OU\n|rated|\n|rule|Sleep Clause Mod: Limit one foe put to sleep\n|rule|Species Clause: Limit one of each Pok\u00e9mon\n|rule|OHKO Clause: OHKO moves are banned\n|rule|Evasion Items Clause: Evasion items are banned\n|rule|Evasion Moves Clause: Evasion moves are banned\n|rule|Endless Battle Clause: Forcing endless battles is banned\n|rule|HP Percentage Mod: HP is shown in percentages\n|clearpoke\n|poke|p1|Glimmora, M|\n|poke|p1|Kommo-o, F|\n|poke|p1|Iron Valiant|\n|poke|p1|Dondozo, M|\n|poke|p1|Heatran, M|\n|poke|p1|Landorus-Therian, M|\n|poke|p2|Milotic, F|\n|poke|p2|Mandibuzz, F|\n|poke|p2|Skeledirge, M|\n|poke|p2|Lokix, M|\n|poke|p2|Gyarados, F|\n|poke|p2|Clefable, F|\n|teampreview\n|inactive|Battle timer is ON: inactive players will automatically lose when time's up. (requested by cwisbt)\n|\n|t:|1700162932\n|start\n|switch|p1a: Glimmora|Glimmora, M|100\/100\n|switch|p2a: Milotic|Milotic, F|100\/100\n|turn|1\n|\n|t:|1700162940\n|move|p1a: Glimmora|Toxic|p2a: Milotic\n|-status|p2a: Milotic|tox\n|move|p2a: Milotic|Mirror Coat||[still]\n|-fail|p2a: Milotic\n|\n|-damage|p2a: Milotic|94\/100 tox|[from] psn\n|upkeep\n|turn|2\n|\n|t:|1700162945\n|move|p1a: Glimmora|Spiky Shield|p1a: Glimmora\n|-singleturn|p1a: Glimmora|move: Protect\n|move|p2a: Milotic|Scald|p1a: Glimmora\n|-activate|p1a: Glimmora|move: Protect\n|\n|-damage|p2a: Milotic|82\/100 tox|[from] psn\n|upkeep\n|turn|3\n|\n|t:|1700162950\n|switch|p1a: Dondozo|Dondozo, M|100\/100\n|move|p2a: Milotic|Scald|p1a: Dondozo\n|-resisted|p1a: Dondozo\n|-damage|p1a: Dondozo|87\/100\n|\n|-heal|p1a: Dondozo|93\/100|[from] item: Leftovers\n|-damage|p2a: Milotic|64\/100 tox|[from] psn\n|upkeep\n|turn|4\n|\n|t:|1700162960\n|switch|p2a: Gyarados|Gyarados, F|100\/100\n|move|p1a: Dondozo|Curse|p1a: Dondozo\n|-unboost|p1a: Dondozo|spe|1\n|-boost|p1a: Dondozo|atk|1\n|-boost|p1a: Dondozo|def|1\n|\n|-heal|p1a: Dondozo|99\/100|[from] item: Leftovers\n|upkeep\n|turn|5\n|\n|t:|1700162969\n|move|p2a: Gyarados|Waterfall|p1a: Dondozo\n|-resisted|p1a: Dondozo\n|-crit|p1a: Dondozo\n|-damage|p1a: Dondozo|84\/100\n|move|p1a: Dondozo|Curse|p1a: Dondozo\n|-unboost|p1a: Dondozo|spe|1\n|-boost|p1a: Dondozo|atk|1\n|-boost|p1a: Dondozo|def|1\n|\n|-heal|p1a: Dondozo|90\/100|[from] item: Leftovers\n|upkeep\n|turn|6\n|\n|t:|1700162980\n|switch|p2a: Skeledirge|Skeledirge, M|100\/100\n|move|p1a: Dondozo|Curse|p1a: Dondozo\n|-unboost|p1a: Dondozo|spe|1\n|-boost|p1a: Dondozo|atk|1\n|-boost|p1a: Dondozo|def|1\n|\n|-heal|p1a: Dondozo|96\/100|[from] item: Leftovers\n|upkeep\n|turn|7\n|\n|t:|1700162985\n|-terastallize|p2a: Skeledirge|Fairy\n|move|p2a: Skeledirge|Hex|p1a: Dondozo\n|-damage|p1a: Dondozo|73\/100\n|move|p1a: Dondozo|Wave Crash|p2a: Skeledirge\n|-damage|p2a: Skeledirge|64\/100\n|-damage|p1a: Dondozo|63\/100|[from] Recoil\n|\n|-heal|p1a: Dondozo|69\/100|[from] item: Leftovers\n|upkeep\n|turn|8\n|\n|t:|1700162994\n|move|p2a: Skeledirge|Will-O-Wisp|p1a: Dondozo|[miss]\n|-miss|p2a: Skeledirge|p1a: Dondozo\n|move|p1a: Dondozo|Wave Crash|p2a: Skeledirge\n|-damage|p2a: Skeledirge|28\/100\n|-damage|p1a: Dondozo|59\/100|[from] Recoil\n|\n|-heal|p1a: Dondozo|66\/100|[from] item: Leftovers\n|upkeep\n|turn|9\n|\n|t:|1700163001\n|switch|p1a: Heatran|Heatran, M|100\/100\n|move|p2a: Skeledirge|Slack Off|p2a: Skeledirge\n|-heal|p2a: Skeledirge|78\/100\n|\n|upkeep\n|turn|10\n|\n|t:|1700163007\n|switch|p2a: Gyarados|Gyarados, F|100\/100\n|move|p1a: Heatran|Stealth Rock|p2a: Gyarados\n|-sidestart|p2: Godspeed06|move: Stealth Rock\n|\n|upkeep\n|turn|11\n|\n|t:|1700163013\n|switch|p1a: Dondozo|Dondozo, M|66\/100\n|move|p2a: Gyarados|Earthquake|p1a: Dondozo\n|-damage|p1a: Dondozo|47\/100\n|\n|-heal|p1a: Dondozo|54\/100|[from] item: Leftovers\n|upkeep\n|turn|12\n|\n|t:|1700163019\n|switch|p2a: Mandibuzz|Mandibuzz, F|100\/100\n|move|p1a: Dondozo|Curse|p1a: Dondozo\n|-unboost|p1a: Dondozo|spe|1\n|-boost|p1a: Dondozo|atk|1\n|-boost|p1a: Dondozo|def|1\n|\n|-heal|p1a: Dondozo|60\/100|[from] item: Leftovers\n|upkeep\n|turn|13\n|\n|t:|1700163025\n|move|p2a: Mandibuzz|Defog|p1a: Dondozo\n|-unboost|p1a: Dondozo|evasion|1\n|-sideend|p2: Godspeed06|Stealth Rock|[from] move: Defog|[of] p2a: Mandibuzz\n|move|p1a: Dondozo|Curse|p1a: Dondozo\n|-unboost|p1a: Dondozo|spe|1\n|-boost|p1a: Dondozo|atk|1\n|-boost|p1a: Dondozo|def|1\n|\n|-heal|p1a: Dondozo|66\/100|[from] item: Leftovers\n|upkeep\n|turn|14\n|\n|t:|1700163031\n|move|p2a: Mandibuzz|Foul Play|p1a: Dondozo\n|-damage|p1a: Dondozo|58\/100\n|move|p1a: Dondozo|Wave Crash|p2a: Mandibuzz\n|-damage|p2a: Mandibuzz|51\/100\n|-damage|p1a: Dondozo|44\/100|[from] Recoil\n|\n|-heal|p1a: Dondozo|51\/100|[from] item: Leftovers\n|upkeep\n|turn|15\n|\n|t:|1700163038\n|move|p2a: Mandibuzz|Roost|p2a: Mandibuzz\n|-heal|p2a: Mandibuzz|100\/100\n|-singleturn|p2a: Mandibuzz|move: Roost\n|move|p1a: Dondozo|Curse|p1a: Dondozo\n|-unboost|p1a: Dondozo|spe|1\n|-boost|p1a: Dondozo|atk|1\n|-boost|p1a: Dondozo|def|1\n|\n|-heal|p1a: Dondozo|57\/100|[from] item: Leftovers\n|upkeep\n|turn|16\n|\n|t:|1700163041\n|move|p2a: Mandibuzz|U-turn|p1a: Dondozo\n|-damage|p1a: Dondozo|55\/100\n|\n|t:|1700163046\n|switch|p2a: Gyarados|Gyarados, F|100\/100|[from] U-turn\n|move|p1a: Dondozo|Curse|p1a: Dondozo\n|-unboost|p1a: Dondozo|spe|1\n|-boost|p1a: Dondozo|atk|1\n|-boost|p1a: Dondozo|def|1\n|\n|-heal|p1a: Dondozo|61\/100|[from] item: Leftovers\n|upkeep\n|turn|17\n|\n|t:|1700163057\n|switch|p2a: Skeledirge|Skeledirge, M, tera:Fairy|78\/100\n|move|p1a: Dondozo|Curse|p1a: Dondozo\n|-unboost|p1a: Dondozo|spe|1\n|-boost|p1a: Dondozo|atk|1\n|-boost|p1a: Dondozo|def|1\n|\n|-heal|p1a: Dondozo|67\/100|[from] item: Leftovers\n|upkeep\n|turn|18\n|\n|t:|1700163061\n|move|p2a: Skeledirge|Will-O-Wisp|p1a: Dondozo\n|-status|p1a: Dondozo|brn\n|move|p1a: Dondozo|Wave Crash|p2a: Skeledirge\n|-damage|p2a: Skeledirge|60\/100\n|-damage|p1a: Dondozo|62\/100 brn|[from] Recoil\n|\n|-heal|p1a: Dondozo|68\/100 brn|[from] item: Leftovers\n|-damage|p1a: Dondozo|62\/100 brn|[from] brn\n|upkeep\n|turn|19\n|\n|t:|1700163066\n|move|p2a: Skeledirge|Slack Off|p2a: Skeledirge\n|-heal|p2a: Skeledirge|100\/100\n|move|p1a: Dondozo|Rest|p1a: Dondozo\n|-status|p1a: Dondozo|slp|[from] move: Rest\n|-heal|p1a: Dondozo|100\/100 slp|[silent]\n|\n|upkeep\n|turn|20\n|\n|t:|1700163071\n|move|p2a: Skeledirge|Hex|p1a: Dondozo\n|-crit|p1a: Dondozo\n|-damage|p1a: Dondozo|27\/100 slp\n|cant|p1a: Dondozo|slp\n|move|p1a: Dondozo|Sleep Talk|p1a: Dondozo\n|move|p1a: Dondozo|Wave Crash|p2a: Skeledirge|[from]move: Sleep Talk\n|-damage|p2a: Skeledirge|65\/100\n|-damage|p1a: Dondozo|17\/100 slp|[from] Recoil\n|\n|-heal|p1a: Dondozo|23\/100 slp|[from] item: Leftovers\n|upkeep\n|turn|21\n|\n|t:|1700163078\n|move|p2a: Skeledirge|Torch Song|p1a: Dondozo\n|-resisted|p1a: Dondozo\n|-damage|p1a: Dondozo|9\/100 slp\n|-boost|p2a: Skeledirge|spa|1\n|cant|p1a: Dondozo|slp\n|move|p1a: Dondozo|Sleep Talk|p1a: Dondozo\n|move|p1a: Dondozo|Curse|p1a: Dondozo|[from]move: Sleep Talk\n|-unboost|p1a: Dondozo|spe|1\n|-boost|p1a: Dondozo|atk|1\n|-boost|p1a: Dondozo|def|1\n|\n|-heal|p1a: Dondozo|16\/100 slp|[from] item: Leftovers\n|upkeep\n|turn|22\n|\n|t:|1700163083\n|move|p2a: Skeledirge|Hex|p1a: Dondozo\n|-damage|p1a: Dondozo|0 fnt\n|faint|p1a: Dondozo\n|\n|upkeep\n|\n|t:|1700163085\n|switch|p1a: Heatran|Heatran, M|100\/100\n|turn|23\n|\n|t:|1700163102\n|switch|p2a: Gyarados|Gyarados, F|100\/100\n|move|p1a: Heatran|Flash Cannon|p2a: Gyarados\n|-resisted|p2a: Gyarados\n|-damage|p2a: Gyarados|82\/100\n|\n|-heal|p2a: Gyarados|88\/100|[from] item: Leftovers\n|upkeep\n|turn|24\n|\n|t:|1700163114\n|switch|p1a: Landorus|Landorus-Therian, M|100\/100\n|-ability|p1a: Landorus|Intimidate|boost\n|-unboost|p2a: Gyarados|atk|1\n|move|p2a: Gyarados|Dragon Dance|p2a: Gyarados\n|-boost|p2a: Gyarados|atk|1\n|-boost|p2a: Gyarados|spe|1\n|\n|-heal|p2a: Gyarados|94\/100|[from] item: Leftovers\n|upkeep\n|turn|25\n|\n|t:|1700163124\n|move|p1a: Landorus|U-turn|p2a: Gyarados\n|-resisted|p2a: Gyarados\n|-damage|p2a: Gyarados|78\/100\n|\n|t:|1700163130\n|switch|p1a: Kommo-o|Kommo-o, F|100\/100|[from] U-turn\n|move|p2a: Gyarados|Dragon Dance|p2a: Gyarados\n|-boost|p2a: Gyarados|atk|1\n|-boost|p2a: Gyarados|spe|1\n|\n|-heal|p2a: Gyarados|84\/100|[from] item: Leftovers\n|upkeep\n|turn|26\n|\n|t:|1700163139\n|-terastallize|p1a: Kommo-o|Steel\n|move|p2a: Gyarados|Ice Fang|p1a: Kommo-o\n|-resisted|p1a: Kommo-o\n|-damage|p1a: Kommo-o|83\/100\n|move|p1a: Kommo-o|Substitute|p1a: Kommo-o\n|-start|p1a: Kommo-o|Substitute\n|-damage|p1a: Kommo-o|58\/100\n|\n|-heal|p2a: Gyarados|90\/100|[from] item: Leftovers\n|upkeep\n|turn|27\n|\n|t:|1700163149\n|move|p2a: Gyarados|Earthquake|p1a: Kommo-o\n|-supereffective|p1a: Kommo-o\n|-end|p1a: Kommo-o|Substitute\n|move|p1a: Kommo-o|Belly Drum|p1a: Kommo-o\n|-damage|p1a: Kommo-o|8\/100\n|-setboost|p1a: Kommo-o|atk|6|[from] move: Belly Drum\n|-enditem|p1a: Kommo-o|Salac Berry|[eat]\n|-boost|p1a: Kommo-o|spe|1|[from] item: Salac Berry\n|\n|-heal|p2a: Gyarados|96\/100|[from] item: Leftovers\n|upkeep\n|turn|28\n|\n|t:|1700163162\n|move|p2a: Gyarados|Waterfall|p1a: Kommo-o\n|-damage|p1a: Kommo-o|0 fnt\n|faint|p1a: Kommo-o\n|-ability|p2a: Gyarados|Moxie|boost\n|-boost|p2a: Gyarados|atk|1\n|\n|-heal|p2a: Gyarados|100\/100|[from] item: Leftovers\n|upkeep\n|\n|t:|1700163169\n|switch|p1a: Landorus|Landorus-Therian, M|100\/100\n|-ability|p1a: Landorus|Intimidate|boost\n|-unboost|p2a: Gyarados|atk|1\n|turn|29\n|\n|t:|1700163173\n|move|p2a: Gyarados|Dragon Dance|p2a: Gyarados\n|-boost|p2a: Gyarados|atk|1\n|-boost|p2a: Gyarados|spe|1\n|move|p1a: Landorus|Smack Down|p2a: Gyarados\n|-supereffective|p2a: Gyarados\n|-damage|p2a: Gyarados|55\/100\n|-start|p2a: Gyarados|Smack Down\n|\n|-heal|p2a: Gyarados|61\/100|[from] item: Leftovers\n|upkeep\n|turn|30\n|\n|t:|1700163180\n|move|p2a: Gyarados|Ice Fang|p1a: Landorus\n|-supereffective|p1a: Landorus\n|-damage|p1a: Landorus|0 fnt\n|faint|p1a: Landorus\n|-ability|p2a: Gyarados|Moxie|boost\n|-boost|p2a: Gyarados|atk|1\n|\n|-heal|p2a: Gyarados|67\/100|[from] item: Leftovers\n|upkeep\n|\n|t:|1700163184\n|switch|p1a: Iron Valiant|Iron Valiant|100\/100\n|-enditem|p1a: Iron Valiant|Booster Energy\n|-activate|p1a: Iron Valiant|ability: Quark Drive|[fromitem]\n|-start|p1a: Iron Valiant|quarkdrivespe\n|turn|31\n|\n|t:|1700163190\n|move|p2a: Gyarados|Waterfall|p1a: Iron Valiant\n|-damage|p1a: Iron Valiant|0 fnt\n|faint|p1a: Iron Valiant\n|-end|p1a: Iron Valiant|Quark Drive|[silent]\n|-ability|p2a: Gyarados|Moxie|boost\n|-boost|p2a: Gyarados|atk|1\n|\n|-heal|p2a: Gyarados|73\/100|[from] item: Leftovers\n|upkeep\n|-message|cwisbt forfeited.\n|\n|win|Godspeed06\n|raw|cwisbt's rating: 1121 &rarr; <strong>1097<\/strong><br \/>(-24 for losing)\n|raw|Godspeed06's rating: 1134 &rarr; <strong>1158<\/strong><br \/>(+24 for winning)\n|l|\u2606cwisbt\n","uploadtime":1700163205,"views":22,"p1id":"cwisbt","p2id":"godspeed06","formatid":"gen9ou","rating":1097,"private":0,"password":""}