{"id":"gen9ou-1994265854","p1":"gpkaio","p2":"Welcometoearth420","format":"[Gen 9] OU","log":"|j|\u2606gpkaio\n|j|\u2606Welcometoearth420\n|t:|1700425069\n|gametype|singles\n|player|p1|gpkaio|shadowtriad|1234\n|player|p2|Welcometoearth420|turo-ai|1317\n|teamsize|p1|6\n|teamsize|p2|6\n|gen|9\n|tier|[Gen 9] OU\n|rated|\n|rule|Sleep Clause Mod: Limit one foe put to sleep\n|rule|Species Clause: Limit one of each Pok\u00e9mon\n|rule|OHKO Clause: OHKO moves are banned\n|rule|Evasion Items Clause: Evasion items are banned\n|rule|Evasion Moves Clause: Evasion moves are banned\n|rule|Endless Battle Clause: Forcing endless battles is banned\n|rule|HP Percentage Mod: HP is shown in percentages\n|clearpoke\n|poke|p1|Iron Hands|\n|poke|p1|Landorus-Therian, M|\n|poke|p1|Munkidori, M|\n|poke|p1|Samurott-Hisui, F|\n|poke|p1|Enamorus-Therian, F|\n|poke|p1|Dragapult, M|\n|poke|p2|Toxapex, F|\n|poke|p2|Gholdengo|\n|poke|p2|Zamazenta-*|\n|poke|p2|Ting-Lu|\n|poke|p2|Zapdos|\n|poke|p2|Slowking-Galar, F|\n|teampreview\n|\n|t:|1700425092\n|start\n|switch|p1a: Iron Hands|Iron Hands|100\/100\n|switch|p2a: Zapdos|Zapdos|100\/100\n|turn|1\n|\n|t:|1700425110\n|-end|p1a: Iron Hands|Quark Drive|[silent]\n|switch|p1a: Landorus|Landorus-Therian, M|100\/100\n|-ability|p1a: Landorus|Intimidate|boost\n|-unboost|p2a: Zapdos|atk|1\n|move|p2a: Zapdos|Hurricane|p1a: Landorus\n|-damage|p1a: Landorus|47\/100\n|-start|p1a: Landorus|confusion\n|\n|upkeep\n|turn|2\n|\n|t:|1700425121\n|move|p2a: Zapdos|Hurricane|p1a: Landorus\n|-damage|p1a: Landorus|0 fnt\n|faint|p1a: Landorus\n|\n|upkeep\n|\n|t:|1700425128\n|switch|p1a: Enamorus|Enamorus-Therian, F|100\/100\n|turn|3\n|\n|t:|1700425136\n|-terastallize|p1a: Enamorus|Fairy\n|move|p2a: Zapdos|Discharge|p1a: Enamorus\n|-damage|p1a: Enamorus|79\/100\n|move|p1a: Enamorus|Moonblast|p2a: Zapdos\n|-damage|p2a: Zapdos|43\/100\n|\n|-heal|p1a: Enamorus|85\/100|[from] item: Leftovers\n|upkeep\n|turn|4\n|\n|t:|1700425151\n|switch|p2a: Gholdengo|Gholdengo|100\/100\n|move|p1a: Enamorus|Grassy Terrain|p1a: Enamorus\n|-fieldstart|move: Grassy Terrain\n|\n|-heal|p1a: Enamorus|91\/100|[from] Grassy Terrain\n|-heal|p1a: Enamorus|98\/100|[from] item: Leftovers\n|upkeep\n|turn|5\n|\n|t:|1700425160\n|move|p2a: Gholdengo|Make It Rain|p1a: Enamorus\n|-supereffective|p1a: Enamorus\n|-damage|p1a: Enamorus|7\/100\n|-unboost|p2a: Gholdengo|spa|1\n|move|p1a: Enamorus|Mystical Fire|p2a: Gholdengo\n|-supereffective|p2a: Gholdengo\n|-damage|p2a: Gholdengo|49\/100\n|-unboost|p2a: Gholdengo|spa|1\n|\n|-heal|p2a: Gholdengo|55\/100|[from] Grassy Terrain\n|-heal|p1a: Enamorus|14\/100|[from] Grassy Terrain\n|-heal|p1a: Enamorus|20\/100|[from] item: Leftovers\n|upkeep\n|turn|6\n|\n|t:|1700425185\n|switch|p1a: Samurott|Samurott-Hisui, F|100\/100\n|move|p2a: Gholdengo|Make It Rain|p1a: Samurott\n|-resisted|p1a: Samurott\n|-damage|p1a: Samurott|75\/100\n|-unboost|p2a: Gholdengo|spa|1\n|\n|-heal|p2a: Gholdengo|61\/100|[from] Grassy Terrain\n|-heal|p1a: Samurott|81\/100|[from] Grassy Terrain\n|upkeep\n|turn|7\n|\n|t:|1700425196\n|switch|p2a: Toxapex|Toxapex, F|100\/100\n|move|p1a: Samurott|Ceaseless Edge|p2a: Toxapex|[miss]\n|-miss|p1a: Samurott|p2a: Toxapex\n|\n|-heal|p1a: Samurott|88\/100|[from] Grassy Terrain\n|upkeep\n|turn|8\n|\n|t:|1700425206\n|switch|p1a: Iron Hands|Iron Hands|100\/100\n|move|p2a: Toxapex|Toxic|p1a: Iron Hands\n|-status|p1a: Iron Hands|tox\n|\n|-damage|p1a: Iron Hands|94\/100 tox|[from] psn\n|-fieldend|move: Grassy Terrain\n|upkeep\n|turn|9\n|\n|t:|1700425214\n|switch|p2a: Ting-Lu|Ting-Lu|100\/100\n|-ability|p2a: Ting-Lu|Vessel of Ruin\n|move|p1a: Iron Hands|Swords Dance|p1a: Iron Hands\n|-boost|p1a: Iron Hands|atk|2\n|\n|-heal|p1a: Iron Hands|100\/100 tox|[from] item: Leftovers\n|-damage|p1a: Iron Hands|88\/100 tox|[from] psn\n|upkeep\n|turn|10\n|\n|t:|1700425224\n|move|p1a: Iron Hands|Drain Punch|p2a: Ting-Lu\n|-supereffective|p2a: Ting-Lu\n|-damage|p2a: Ting-Lu|27\/100\n|-heal|p1a: Iron Hands|100\/100 tox|[from] drain|[of] p2a: Ting-Lu\n|move|p2a: Ting-Lu|Earthquake|p1a: Iron Hands\n|-supereffective|p1a: Iron Hands\n|-damage|p1a: Iron Hands|50\/100 tox\n|\n|-heal|p1a: Iron Hands|56\/100 tox|[from] item: Leftovers\n|-heal|p2a: Ting-Lu|33\/100|[from] item: Leftovers\n|-damage|p1a: Iron Hands|38\/100 tox|[from] psn\n|upkeep\n|turn|11\n|\n|t:|1700425237\n|switch|p2a: Gholdengo|Gholdengo|61\/100\n|move|p1a: Iron Hands|Drain Punch|p2a: Gholdengo\n|-immune|p2a: Gholdengo\n|\n|-heal|p1a: Iron Hands|44\/100 tox|[from] item: Leftovers\n|-damage|p1a: Iron Hands|19\/100 tox|[from] psn\n|upkeep\n|turn|12\n|\n|t:|1700425249\n|move|p2a: Gholdengo|Shadow Ball|p1a: Iron Hands\n|-damage|p1a: Iron Hands|0 fnt\n|faint|p1a: Iron Hands\n|-end|p1a: Iron Hands|Quark Drive|[silent]\n|\n|upkeep\n|\n|t:|1700425256\n|switch|p1a: Samurott|Samurott-Hisui, F|88\/100\n|turn|13\n|\n|t:|1700425269\n|switch|p2a: Zamazenta|Zamazenta|100\/100\n|-ability|p2a: Zamazenta|Dauntless Shield|boost\n|-boost|p2a: Zamazenta|def|1\n|move|p1a: Samurott|Ceaseless Edge|p2a: Zamazenta\n|-resisted|p2a: Zamazenta\n|-damage|p2a: Zamazenta|87\/100\n|-sidestart|p2: Welcometoearth420|Spikes\n|\n|upkeep\n|turn|14\n|\n|t:|1700425283\n|switch|p1a: Dragapult|Dragapult, M|100\/100\n|move|p2a: Zamazenta|Close Combat|p1a: Dragapult\n|-immune|p1a: Dragapult\n|\n|upkeep\n|turn|15\n|\n|t:|1700425290\n|move|p1a: Dragapult|Draco Meteor|p2a: Zamazenta|[miss]\n|-miss|p1a: Dragapult|p2a: Zamazenta\n|move|p2a: Zamazenta|Crunch|p1a: Dragapult\n|-supereffective|p1a: Dragapult\n|-damage|p1a: Dragapult|34\/100\n|-unboost|p1a: Dragapult|def|1\n|\n|upkeep\n|turn|16\n|\n|t:|1700425303\n|-terastallize|p2a: Zamazenta|Steel\n|move|p1a: Dragapult|Draco Meteor|p2a: Zamazenta\n|-resisted|p2a: Zamazenta\n|-damage|p2a: Zamazenta|53\/100\n|-unboost|p1a: Dragapult|spa|2\n|move|p2a: Zamazenta|Crunch|p1a: Dragapult\n|-supereffective|p1a: Dragapult\n|-damage|p1a: Dragapult|0 fnt\n|faint|p1a: Dragapult\n|\n|upkeep\n|\n|t:|1700425316\n|switch|p1a: Munkidori|Munkidori, M|100\/100\n|turn|17\n|\n|t:|1700425321\n|move|p2a: Zamazenta|Crunch|p1a: Munkidori\n|-supereffective|p1a: Munkidori\n|-damage|p1a: Munkidori|30\/100\n|move|p1a: Munkidori|Focus Blast|p2a: Zamazenta|[miss]\n|-miss|p1a: Munkidori|p2a: Zamazenta\n|\n|upkeep\n|turn|18\n|\n|t:|1700425333\n|move|p2a: Zamazenta|Crunch|p1a: Munkidori\n|-supereffective|p1a: Munkidori\n|-damage|p1a: Munkidori|0 fnt\n|faint|p1a: Munkidori\n|\n|upkeep\n|\n|t:|1700425337\n|switch|p1a: Enamorus|Enamorus-Therian, F, tera:Fairy|20\/100\n|turn|19\n|\n|t:|1700425340\n|move|p2a: Zamazenta|Heavy Slam|p1a: Enamorus\n|-supereffective|p1a: Enamorus\n|-damage|p1a: Enamorus|0 fnt\n|faint|p1a: Enamorus\n|\n|upkeep\n|\n|t:|1700425344\n|switch|p1a: Samurott|Samurott-Hisui, F|88\/100\n|turn|20\n|\n|t:|1700425348\n|move|p2a: Zamazenta|Close Combat|p1a: Samurott\n|-supereffective|p1a: Samurott\n|-damage|p1a: Samurott|0 fnt\n|-unboost|p2a: Zamazenta|def|1\n|-unboost|p2a: Zamazenta|spd|1\n|faint|p1a: Samurott\n|\n|win|Welcometoearth420\n|raw|gpkaio's rating: 1234 &rarr; <strong>1215<\/strong><br \/>(-19 for losing)\n|raw|Welcometoearth420's rating: 1317 &rarr; <strong>1332<\/strong><br \/>(+15 for winning)\n","uploadtime":1700425351,"views":13,"p1id":"gpkaio","p2id":"welcometoearth420","formatid":"gen9ou","rating":1215,"private":0,"password":""}