{"id":"gen9ou-1994190587","p1":"SpasDeuzi","p2":"Fokushizu","format":"[Gen 9] OU","log":"|j|\u2606SpasDeuzi\n|j|\u2606Fokushizu\n|t:|1700417132\n|gametype|singles\n|player|p1|SpasDeuzi|169|1125\n|player|p2|Fokushizu|102|1117\n|teamsize|p1|6\n|teamsize|p2|6\n|gen|9\n|tier|[Gen 9] OU\n|rated|\n|rule|Sleep Clause Mod: Limit one foe put to sleep\n|rule|Species Clause: Limit one of each Pok\u00e9mon\n|rule|OHKO Clause: OHKO moves are banned\n|rule|Evasion Items Clause: Evasion items are banned\n|rule|Evasion Moves Clause: Evasion moves are banned\n|rule|Endless Battle Clause: Forcing endless battles is banned\n|rule|HP Percentage Mod: HP is shown in percentages\n|clearpoke\n|poke|p1|Garchomp, F|\n|poke|p1|Maushold-Four|\n|poke|p1|Tyranitar, F|\n|poke|p1|Gyarados, F|\n|poke|p1|Iron Valiant|\n|poke|p1|Grimmsnarl, M|\n|poke|p2|Sneasler, F|\n|poke|p2|Rillaboom, F|\n|poke|p2|Walking Wake|\n|poke|p2|Corviknight, M|\n|poke|p2|Iron Moth|\n|poke|p2|Glimmora, F|\n|teampreview\n|\n|t:|1700417135\n|start\n|switch|p1a: Grimmsnarl|Grimmsnarl, M, shiny|100\/100\n|switch|p2a: Glimmora|Glimmora, F|100\/100\n|turn|1\n|inactive|Battle timer is ON: inactive players will automatically lose when time's up. (requested by SpasDeuzi)\n|\n|t:|1700417138\n|move|p1a: Grimmsnarl|Taunt|p2a: Glimmora\n|-start|p2a: Glimmora|move: Taunt\n|cant|p2a: Glimmora|move: Taunt|Stealth Rock\n|\n|upkeep\n|turn|2\n|\n|t:|1700417142\n|move|p1a: Grimmsnarl|Parting Shot|p2a: Glimmora\n|-unboost|p2a: Glimmora|atk|1\n|-unboost|p2a: Glimmora|spa|1\n|\n|t:|1700417146\n|switch|p1a: Gyarados|Gyarados, F|100\/100|[from] Parting Shot\n|move|p2a: Glimmora|Mortal Spin|p1a: Gyarados\n|-damage|p1a: Gyarados|96\/100\n|-status|p1a: Gyarados|psn\n|\n|-damage|p1a: Gyarados|83\/100 psn|[from] psn\n|upkeep\n|turn|3\n|\n|t:|1700417155\n|switch|p2a: Walking Wake|Walking Wake|100\/100\n|move|p1a: Gyarados|Dragon Dance|p1a: Gyarados\n|-boost|p1a: Gyarados|atk|1\n|-boost|p1a: Gyarados|spe|1\n|\n|-damage|p1a: Gyarados|71\/100 psn|[from] psn\n|upkeep\n|turn|4\n|\n|t:|1700417160\n|move|p1a: Gyarados|Scale Shot|p2a: Walking Wake\n|-supereffective|p2a: Walking Wake\n|-damage|p2a: Walking Wake|72\/100\n|-supereffective|p2a: Walking Wake\n|-damage|p2a: Walking Wake|40\/100\n|-supereffective|p2a: Walking Wake\n|-damage|p2a: Walking Wake|10\/100\n|-supereffective|p2a: Walking Wake\n|-damage|p2a: Walking Wake|0 fnt\n|faint|p2a: Walking Wake\n|-end|p2a: Walking Wake|Protosynthesis|[silent]\n|-ability|p1a: Gyarados|Moxie|boost\n|-boost|p1a: Gyarados|atk|1\n|-hitcount|p2: Walking Wake|4\n|-unboost|p1a: Gyarados|def|1\n|-boost|p1a: Gyarados|spe|1\n|\n|-damage|p1a: Gyarados|59\/100 psn|[from] psn\n|upkeep\n|\n|t:|1700417169\n|switch|p2a: Corviknight|Corviknight, M, shiny|100\/100\n|-ability|p2a: Corviknight|Pressure\n|turn|5\n|\n|t:|1700417178\n|move|p1a: Gyarados|Thunderbolt|p2a: Corviknight\n|-supereffective|p2a: Corviknight\n|-damage|p2a: Corviknight|78\/100\n|move|p2a: Corviknight|Brave Bird|p1a: Gyarados\n|-damage|p1a: Gyarados|0 fnt\n|faint|p1a: Gyarados\n|-damage|p2a: Corviknight|63\/100|[from] Recoil\n|\n|-heal|p2a: Corviknight|69\/100|[from] item: Leftovers\n|upkeep\n|\n|t:|1700417186\n|switch|p1a: Grimmsnarl|Grimmsnarl, M, shiny|100\/100\n|turn|6\n|\n|t:|1700417193\n|move|p1a: Grimmsnarl|Taunt|p2a: Corviknight\n|-start|p2a: Corviknight|move: Taunt\n|move|p2a: Corviknight|Body Press|p1a: Grimmsnarl\n|-damage|p1a: Grimmsnarl|67\/100\n|\n|-heal|p2a: Corviknight|75\/100|[from] item: Leftovers\n|upkeep\n|turn|7\n|\n|t:|1700417198\n|move|p1a: Grimmsnarl|Reflect|p1a: Grimmsnarl\n|-sidestart|p1: SpasDeuzi|Reflect\n|move|p2a: Corviknight|Body Press|p1a: Grimmsnarl\n|-damage|p1a: Grimmsnarl|51\/100\n|\n|-heal|p2a: Corviknight|81\/100|[from] item: Leftovers\n|upkeep\n|turn|8\n|\n|t:|1700417201\n|switch|p2a: Rillaboom|Rillaboom, F, shiny|100\/100\n|-fieldstart|move: Grassy Terrain|[from] ability: Grassy Surge|[of] p2a: Rillaboom\n|move|p1a: Grimmsnarl|Parting Shot|p2a: Rillaboom\n|-unboost|p2a: Rillaboom|atk|1\n|-unboost|p2a: Rillaboom|spa|1\n|\n|t:|1700417207\n|switch|p1a: Maushold|Maushold-Four, shiny|100\/100|[from] Parting Shot\n|\n|upkeep\n|turn|9\n|\n|t:|1700417214\n|move|p1a: Maushold|Tidy Up|p1a: Maushold\n|-boost|p1a: Maushold|atk|1\n|-boost|p1a: Maushold|spe|1\n|move|p2a: Rillaboom|Knock Off|p1a: Maushold\n|-damage|p1a: Maushold|81\/100\n|-enditem|p1a: Maushold|Loaded Dice|[from] move: Knock Off|[of] p2a: Rillaboom\n|\n|-heal|p1a: Maushold|88\/100|[from] Grassy Terrain\n|upkeep\n|turn|10\n|\n|t:|1700417217\n|move|p1a: Maushold|Population Bomb|p2a: Rillaboom\n|-damage|p2a: Rillaboom|84\/100\n|-hitcount|p2a: Rillaboom|1\n|move|p2a: Rillaboom|U-turn|p1a: Maushold\n|-damage|p1a: Maushold|74\/100\n|\n|t:|1700417219\n|switch|p2a: Sneasler|Sneasler, F, shiny|100\/100|[from] U-turn\n|-enditem|p2a: Sneasler|Grassy Seed\n|-boost|p2a: Sneasler|def|1|[from] item: Grassy Seed\n|\n|-heal|p1a: Maushold|80\/100|[from] Grassy Terrain\n|upkeep\n|turn|11\n|\n|t:|1700417226\n|-terastallize|p1a: Maushold|Poison\n|move|p2a: Sneasler|Swords Dance|p2a: Sneasler\n|-boost|p2a: Sneasler|atk|2\n|move|p1a: Maushold|Population Bomb|p2a: Sneasler\n|-damage|p2a: Sneasler|81\/100\n|-hitcount|p2a: Sneasler|1\n|\n|-heal|p2a: Sneasler|87\/100|[from] Grassy Terrain\n|-heal|p1a: Maushold|86\/100|[from] Grassy Terrain\n|upkeep\n|turn|12\n|\n|t:|1700417234\n|move|p2a: Sneasler|Swords Dance|p2a: Sneasler\n|-boost|p2a: Sneasler|atk|2\n|move|p1a: Maushold|Population Bomb|p2a: Sneasler\n|-damage|p2a: Sneasler|68\/100\n|-damage|p2a: Sneasler|50\/100\n|-damage|p2a: Sneasler|30\/100\n|-damage|p2a: Sneasler|11\/100\n|-damage|p2a: Sneasler|0 fnt\n|faint|p2a: Sneasler\n|-hitcount|p2: Sneasler|5\n|\n|-heal|p1a: Maushold|93\/100|[from] Grassy Terrain\n|-fieldend|move: Grassy Terrain\n|upkeep\n|\n|t:|1700417243\n|switch|p2a: Iron Moth|Iron Moth|100\/100\n|turn|13\n|-message|Fokushizu forfeited.\n|\n|win|SpasDeuzi\n|raw|SpasDeuzi's rating: 1125 &rarr; <strong>1149<\/strong><br \/>(+24 for winning)\n|raw|Fokushizu's rating: 1117 &rarr; <strong>1093<\/strong><br \/>(-24 for losing)\n|l|\u2606Fokushizu\n|l|\u2606SpasDeuzi\n|j|\u2606SpasDeuzi\n|player|p1|SpasDeuzi|169\n","uploadtime":1700417289,"views":20,"p1id":"spasdeuzi","p2id":"fokushizu","formatid":"gen9ou","rating":1093,"private":0,"password":""}