{"id":"gen9ou-1992468852","p1":"solert","p2":"wyverbal","format":"[Gen 9] OU","log":"|j|\u2606solert\n|j|\u2606wyverbal\n|t:|1700191343\n|gametype|singles\n|player|p1|solert|n|1034\n|player|p2|wyverbal|2|1095\n|teamsize|p1|6\n|teamsize|p2|6\n|gen|9\n|tier|[Gen 9] OU\n|rated|\n|rule|Sleep Clause Mod: Limit one foe put to sleep\n|rule|Species Clause: Limit one of each Pok\u00e9mon\n|rule|OHKO Clause: OHKO moves are banned\n|rule|Evasion Items Clause: Evasion items are banned\n|rule|Evasion Moves Clause: Evasion moves are banned\n|rule|Endless Battle Clause: Forcing endless battles is banned\n|rule|HP Percentage Mod: HP is shown in percentages\n|clearpoke\n|poke|p1|Torterra, F|\n|poke|p1|Bronzong|\n|poke|p1|Krookodile, M|\n|poke|p1|Torkoal, M|\n|poke|p1|Forretress, F|\n|poke|p1|Alomomola, M|\n|poke|p2|Dipplin, F|\n|poke|p2|Enamorus-Therian, F|\n|poke|p2|Glimmora, F|\n|poke|p2|Alomomola, M|\n|poke|p2|Scizor, F|\n|poke|p2|Kommo-o, F|\n|teampreview\n|inactive|Battle timer is ON: inactive players will automatically lose when time's up. (requested by wyverbal)\n|\n|t:|1700191360\n|start\n|switch|p1a: Bronzong|Bronzong|100\/100\n|switch|p2a: Dipplin|Dipplin, F, shiny|100\/100\n|turn|1\n|\n|t:|1700191371\n|move|p2a: Dipplin|Dragon Breath|p1a: Bronzong\n|-resisted|p1a: Bronzong\n|-damage|p1a: Bronzong|93\/100\n|-status|p1a: Bronzong|par\n|move|p1a: Bronzong|Trick Room|p1a: Bronzong\n|-fieldstart|move: Trick Room|[of] p1a: Bronzong\n|\n|upkeep\n|turn|2\n|\n|t:|1700191381\n|switch|p1a: Torkoal|Torkoal, M|100\/100\n|-weather|SunnyDay|[from] ability: Drought|[of] p1a: Torkoal\n|move|p2a: Dipplin|Dragon Tail|p1a: Torkoal\n|-damage|p1a: Torkoal|88\/100\n|drag|p1a: Forretress|Forretress, F|100\/100\n|\n|-weather|SunnyDay|[upkeep]\n|upkeep\n|turn|3\n|\n|t:|1700191397\n|move|p2a: Dipplin|Dragon Breath|p1a: Forretress\n|-resisted|p1a: Forretress\n|-damage|p1a: Forretress|87\/100\n|-status|p1a: Forretress|par\n|move|p1a: Forretress|Toxic Spikes|p2a: Dipplin\n|-sidestart|p2: wyverbal|move: Toxic Spikes\n|\n|-weather|SunnyDay|[upkeep]\n|upkeep\n|turn|4\n|\n|t:|1700191408\n|move|p1a: Forretress|Counter||[still]\n|-fail|p1a: Forretress\n|move|p2a: Dipplin|Dragon Tail|p1a: Forretress|[miss]\n|-miss|p2a: Dipplin|p1a: Forretress\n|\n|-weather|SunnyDay|[upkeep]\n|upkeep\n|turn|5\n|\n|t:|1700191419\n|cant|p1a: Forretress|par\n|move|p2a: Dipplin|Dragon Tail|p1a: Forretress\n|-resisted|p1a: Forretress\n|-damage|p1a: Forretress|82\/100 par\n|-damage|p2a: Dipplin|84\/100|[from] item: Rocky Helmet|[of] p1a: Forretress\n|drag|p1a: Alomomola|Alomomola, M|100\/100\n|\n|-weather|SunnyDay|[upkeep]\n|-fieldend|move: Trick Room\n|upkeep\n|turn|6\n|\n|t:|1700191437\n|move|p1a: Alomomola|Acrobatics|p2a: Dipplin\n|-supereffective|p2a: Dipplin\n|-damage|p2a: Dipplin|75\/100\n|move|p2a: Dipplin|Dragon Breath|p1a: Alomomola\n|-damage|p1a: Alomomola|75\/100\n|\n|-weather|none\n|upkeep\n|turn|7\n|c|\u2606wyverbal|acrobatics alomomola is fire\n|\n|t:|1700191453\n|move|p1a: Alomomola|Aqua Ring|p1a: Alomomola\n|-start|p1a: Alomomola|Aqua Ring\n|move|p2a: Dipplin|Dragon Breath|p1a: Alomomola\n|-damage|p1a: Alomomola|49\/100\n|\n|-heal|p1a: Alomomola|55\/100|[from] Aqua Ring\n|upkeep\n|turn|8\n|\n|t:|1700191465\n|move|p1a: Alomomola|Wish|p1a: Alomomola\n|move|p2a: Dipplin|Dragon Breath|p1a: Alomomola\n|-damage|p1a: Alomomola|31\/100\n|-status|p1a: Alomomola|par\n|\n|-heal|p1a: Alomomola|37\/100 par|[from] Aqua Ring\n|upkeep\n|turn|9\n|\n|t:|1700191476\n|move|p2a: Dipplin|Giga Drain|p1a: Alomomola\n|-supereffective|p1a: Alomomola\n|-damage|p1a: Alomomola|0 fnt\n|-heal|p2a: Dipplin|100\/100|[from] drain|[of] p1a: Alomomola\n|faint|p1a: Alomomola\n|\n|upkeep\n|\n|t:|1700191486\n|switch|p1a: Bronzong|Bronzong|93\/100 par\n|turn|10\n|\n|t:|1700191491\n|move|p2a: Dipplin|Dragon Tail|p1a: Bronzong\n|-resisted|p1a: Bronzong\n|-damage|p1a: Bronzong|84\/100 par\n|drag|p1a: Forretress|Forretress, F|82\/100 par\n|\n|upkeep\n|turn|11\n|\n|t:|1700191497\n|move|p2a: Dipplin|Dragon Breath|p1a: Forretress\n|-resisted|p1a: Forretress\n|-damage|p1a: Forretress|67\/100 par\n|cant|p1a: Forretress|par\n|\n|upkeep\n|turn|12\n|\n|t:|1700191505\n|move|p2a: Dipplin|Dragon Breath|p1a: Forretress\n|-resisted|p1a: Forretress\n|-damage|p1a: Forretress|52\/100 par\n|cant|p1a: Forretress|par\n|\n|upkeep\n|turn|13\n|\n|t:|1700191514\n|move|p2a: Dipplin|Dragon Breath|p1a: Forretress\n|-resisted|p1a: Forretress\n|-damage|p1a: Forretress|38\/100 par\n|move|p1a: Forretress|Explosion|p2a: Dipplin\n|-damage|p2a: Dipplin|78\/100\n|faint|p1a: Forretress\n|\n|upkeep\n|\n|t:|1700191525\n|switch|p1a: Krookodile|Krookodile, M|100\/100\n|-ability|p1a: Krookodile|Intimidate|boost\n|-unboost|p2a: Dipplin|atk|1\n|turn|14\n|\n|t:|1700191531\n|move|p1a: Krookodile|Dragon Claw|p2a: Dipplin\n|-supereffective|p2a: Dipplin\n|-damage|p2a: Dipplin|54\/100\n|move|p2a: Dipplin|Dragon Breath|p1a: Krookodile\n|-crit|p1a: Krookodile\n|-damage|p1a: Krookodile|62\/100\n|\n|upkeep\n|turn|15\n|\n|t:|1700191546\n|move|p1a: Krookodile|Earthquake|p2a: Dipplin\n|-resisted|p2a: Dipplin\n|-damage|p2a: Dipplin|44\/100\n|move|p2a: Dipplin|Giga Drain|p1a: Krookodile\n|-supereffective|p1a: Krookodile\n|-damage|p1a: Krookodile|0 fnt\n|-heal|p2a: Dipplin|72\/100|[from] drain|[of] p1a: Krookodile\n|faint|p1a: Krookodile\n|\n|upkeep\n|c|\u2606wyverbal|dipplin is such a tank\n|\n|t:|1700191558\n|switch|p1a: Torkoal|Torkoal, M|88\/100\n|-weather|SunnyDay|[from] ability: Drought|[of] p1a: Torkoal\n|turn|16\n|\n|t:|1700191564\n|move|p2a: Dipplin|Dragon Breath|p1a: Torkoal\n|-damage|p1a: Torkoal|64\/100\n|move|p1a: Torkoal|Eruption|p2a: Dipplin\n|-damage|p2a: Dipplin|40\/100\n|\n|-weather|SunnyDay|[upkeep]\n|-heal|p1a: Torkoal|70\/100|[from] item: Leftovers\n|upkeep\n|turn|17\n|\n|t:|1700191580\n|move|p2a: Dipplin|Dragon Breath|p1a: Torkoal\n|-damage|p1a: Torkoal|42\/100\n|move|p1a: Torkoal|Eruption|p2a: Dipplin\n|-damage|p2a: Dipplin|19\/100\n|\n|-weather|SunnyDay|[upkeep]\n|-heal|p1a: Torkoal|48\/100|[from] item: Leftovers\n|upkeep\n|turn|18\n|\n|t:|1700191592\n|move|p2a: Dipplin|Recover|p2a: Dipplin\n|-heal|p2a: Dipplin|69\/100\n|move|p1a: Torkoal|Eruption|p2a: Dipplin\n|-damage|p2a: Dipplin|46\/100\n|\n|-weather|SunnyDay|[upkeep]\n|-heal|p1a: Torkoal|54\/100|[from] item: Leftovers\n|upkeep\n|turn|19\n|inactive|solert has 120 seconds left.\n|l|\u2606solert\n|inactive|solert disconnected and has a minute to reconnect!\n|player|p1|\n|inactive|solert has 30 seconds to reconnect!\n|inactive|solert has 20 seconds to reconnect!\n|inactive|solert has 15 seconds to reconnect!\n|inactive|solert has 10 seconds to reconnect!\n|inactive|solert has 5 seconds to reconnect!\n|-message|solert lost due to inactivity.\n|\n|win|wyverbal\n|raw|solert's rating: 1034 &rarr; <strong>1022<\/strong><br \/>(-12 for losing)\n|raw|wyverbal's rating: 1095 &rarr; <strong>1116<\/strong><br \/>(+21 for winning)\n","uploadtime":1700191716,"views":9,"p1id":"solert","p2id":"wyverbal","formatid":"gen9ou","rating":1022,"private":0,"password":""}