{"id":"gen9ou-1991981701","p1":"Sansytpbr","p2":"zarcog","format":"[Gen 9] OU","log":"|j|\u2606Sansytpbr\n|j|\u2606zarcog\n|t:|1700144843\n|gametype|singles\n|player|p1|Sansytpbr|ingo|1156\n|player|p2|zarcog|266|1115\n|teamsize|p1|6\n|teamsize|p2|6\n|gen|9\n|tier|[Gen 9] OU\n|rated|\n|rule|Sleep Clause Mod: Limit one foe put to sleep\n|rule|Species Clause: Limit one of each Pok\u00e9mon\n|rule|OHKO Clause: OHKO moves are banned\n|rule|Evasion Items Clause: Evasion items are banned\n|rule|Evasion Moves Clause: Evasion moves are banned\n|rule|Endless Battle Clause: Forcing endless battles is banned\n|rule|HP Percentage Mod: HP is shown in percentages\n|clearpoke\n|poke|p1|Rillaboom, F|\n|poke|p1|Sneasler, F|\n|poke|p1|Samurott-Hisui, M|\n|poke|p1|Great Tusk|\n|poke|p1|Ribombee, F|\n|poke|p1|Gholdengo|\n|poke|p2|Dragapult, F|\n|poke|p2|Lucario, M|\n|poke|p2|Enamorus, F|\n|poke|p2|Toxapex, M|\n|poke|p2|Wo-Chien|\n|poke|p2|Sandy Shocks|\n|teampreview\n|inactive|Battle timer is ON: inactive players will automatically lose when time's up. (requested by zarcog)\n|inactive|Sansytpbr also wants the timer to be on.\n|\n|t:|1700144851\n|start\n|switch|p1a: Ribombee|Ribombee, F|100\/100\n|switch|p2a: Lucario|Lucario, M|100\/100\n|turn|1\n|\n|t:|1700144857\n|switch|p1a: Great Tusk|Great Tusk|100\/100\n|move|p2a: Lucario|Flash Cannon|p1a: Great Tusk\n|-damage|p1a: Great Tusk|30\/100\n|-damage|p2a: Lucario|91\/100|[from] item: Life Orb\n|\n|upkeep\n|turn|2\n|\n|t:|1700144866\n|-end|p1a: Great Tusk|Protosynthesis|[silent]\n|switch|p1a: Gholdengo|Gholdengo|100\/100\n|move|p2a: Lucario|Aura Sphere|p1a: Gholdengo\n|-immune|p1a: Gholdengo\n|\n|upkeep\n|turn|3\n|\n|t:|1700144880\n|move|p1a: Gholdengo|Trick|p2a: Lucario\n|-activate|p1a: Gholdengo|move: Trick|[of] p2a: Lucario\n|-item|p2a: Lucario|Choice Scarf|[from] move: Trick\n|-item|p1a: Gholdengo|Life Orb|[from] move: Trick\n|move|p2a: Lucario|Shadow Ball|p1a: Gholdengo\n|-supereffective|p1a: Gholdengo\n|-damage|p1a: Gholdengo|45\/100\n|\n|upkeep\n|turn|4\n|\n|t:|1700144889\n|switch|p1a: Samurott|Samurott-Hisui, M|100\/100\n|move|p2a: Lucario|Shadow Ball|p1a: Samurott\n|-resisted|p1a: Samurott\n|-damage|p1a: Samurott|87\/100\n|\n|upkeep\n|turn|5\n|\n|t:|1700144912\n|switch|p2a: Dragapult|Dragapult, F|100\/100\n|move|p1a: Samurott|Ceaseless Edge|p2a: Dragapult\n|-supereffective|p2a: Dragapult\n|-damage|p2a: Dragapult|0 fnt\n|-sidestart|p2: zarcog|Spikes\n|faint|p2a: Dragapult\n|\n|upkeep\n|\n|t:|1700144920\n|switch|p2a: Wo-Chien|Wo-Chien|100\/100\n|-damage|p2a: Wo-Chien|88\/100|[from] Spikes\n|-ability|p2a: Wo-Chien|Tablets of Ruin\n|turn|6\n|\n|t:|1700144926\n|move|p1a: Samurott|Sacred Sword|p2a: Wo-Chien\n|-supereffective|p2a: Wo-Chien\n|-damage|p2a: Wo-Chien|34\/100\n|move|p2a: Wo-Chien|Leech Seed|p1a: Samurott\n|-start|p1a: Samurott|move: Leech Seed\n|\n|-heal|p2a: Wo-Chien|40\/100|[from] item: Leftovers\n|-damage|p1a: Samurott|74\/100|[from] Leech Seed|[of] p2a: Wo-Chien\n|-heal|p2a: Wo-Chien|50\/100|[silent]\n|upkeep\n|turn|7\n|\n|t:|1700144936\n|switch|p1a: Rillaboom|Rillaboom, F|100\/100\n|-fieldstart|move: Grassy Terrain|[from] ability: Grassy Surge|[of] p1a: Rillaboom\n|move|p2a: Wo-Chien|Protect||[still]\n|-fail|p2a: Wo-Chien\n|\n|-heal|p2a: Wo-Chien|57\/100|[from] Grassy Terrain\n|-heal|p2a: Wo-Chien|63\/100|[from] item: Leftovers\n|upkeep\n|turn|8\n|\n|t:|1700144951\n|-terastallize|p2a: Wo-Chien|Poison\n|move|p1a: Rillaboom|Knock Off|p2a: Wo-Chien\n|-damage|p2a: Wo-Chien|39\/100\n|-enditem|p2a: Wo-Chien|Leftovers|[from] move: Knock Off|[of] p1a: Rillaboom\n|move|p2a: Wo-Chien|Ruination|p1a: Rillaboom\n|-damage|p1a: Rillaboom|51\/100\n|\n|-heal|p1a: Rillaboom|57\/100|[from] Grassy Terrain\n|-heal|p2a: Wo-Chien|45\/100|[from] Grassy Terrain\n|upkeep\n|turn|9\n|\n|t:|1700144962\n|move|p1a: Rillaboom|High Horsepower|p2a: Wo-Chien\n|-supereffective|p2a: Wo-Chien\n|-damage|p2a: Wo-Chien|1\/100\n|move|p2a: Wo-Chien|Ruination|p1a: Rillaboom\n|-damage|p1a: Rillaboom|29\/100\n|\n|-heal|p1a: Rillaboom|35\/100|[from] Grassy Terrain\n|-heal|p2a: Wo-Chien|7\/100|[from] Grassy Terrain\n|upkeep\n|turn|10\n|\n|t:|1700144971\n|move|p1a: Rillaboom|Grassy Glide|p2a: Wo-Chien\n|-resisted|p2a: Wo-Chien\n|-damage|p2a: Wo-Chien|0 fnt\n|faint|p2a: Wo-Chien\n|\n|-heal|p1a: Rillaboom|41\/100|[from] Grassy Terrain\n|upkeep\n|\n|t:|1700144978\n|switch|p2a: Enamorus|Enamorus, F|100\/100\n|turn|11\n|\n|t:|1700144985\n|switch|p1a: Ribombee|Ribombee, F|100\/100\n|move|p2a: Enamorus|Moonblast|p1a: Ribombee\n|-enditem|p1a: Ribombee|Focus Sash\n|-damage|p1a: Ribombee|1\/100\n|\n|-heal|p1a: Ribombee|7\/100|[from] Grassy Terrain\n|-fieldend|move: Grassy Terrain\n|upkeep\n|turn|12\n|\n|t:|1700144995\n|move|p1a: Ribombee|Stun Spore|p2a: Enamorus\n|-status|p2a: Enamorus|par\n|move|p2a: Enamorus|Moonblast|p1a: Ribombee\n|-damage|p1a: Ribombee|0 fnt\n|faint|p1a: Ribombee\n|\n|upkeep\n|\n|t:|1700145003\n|switch|p1a: Sneasler|Sneasler, F|100\/100\n|turn|13\n|\n|t:|1700145007\n|move|p1a: Sneasler|Swords Dance|p1a: Sneasler\n|-boost|p1a: Sneasler|atk|2\n|move|p2a: Enamorus|Moonblast|p1a: Sneasler\n|-damage|p1a: Sneasler|0 fnt\n|faint|p1a: Sneasler\n|\n|upkeep\n|\n|t:|1700145014\n|switch|p1a: Gholdengo|Gholdengo|45\/100\n|turn|14\n|\n|t:|1700145019\n|move|p1a: Gholdengo|Make It Rain|p2a: Enamorus\n|-supereffective|p2a: Enamorus\n|-crit|p2a: Enamorus\n|-damage|p2a: Enamorus|0 fnt\n|-unboost|p1a: Gholdengo|spa|1\n|faint|p2a: Enamorus\n|-damage|p1a: Gholdengo|35\/100|[from] item: Life Orb\n|\n|upkeep\n|\n|t:|1700145029\n|switch|p2a: Lucario|Lucario, M|91\/100\n|-damage|p2a: Lucario|78\/100|[from] Spikes\n|turn|15\n|\n|t:|1700145034\n|switch|p1a: Samurott|Samurott-Hisui, M|74\/100\n|move|p2a: Lucario|Shadow Ball|p1a: Samurott\n|-resisted|p1a: Samurott\n|-damage|p1a: Samurott|62\/100\n|\n|upkeep\n|turn|16\n|\n|t:|1700145044\n|switch|p2a: Sandy Shocks|Sandy Shocks|100\/100\n|-damage|p2a: Sandy Shocks|88\/100|[from] Spikes\n|-enditem|p2a: Sandy Shocks|Booster Energy\n|-activate|p2a: Sandy Shocks|ability: Protosynthesis|[fromitem]\n|-start|p2a: Sandy Shocks|protosynthesisspe\n|move|p1a: Samurott|Ceaseless Edge|p2a: Sandy Shocks|[miss]\n|-miss|p1a: Samurott|p2a: Sandy Shocks\n|\n|upkeep\n|turn|17\n|\n|t:|1700145061\n|switch|p1a: Rillaboom|Rillaboom, F|41\/100\n|-fieldstart|move: Grassy Terrain|[from] ability: Grassy Surge|[of] p1a: Rillaboom\n|move|p2a: Sandy Shocks|Thunderbolt|p1a: Rillaboom\n|-resisted|p1a: Rillaboom\n|-damage|p1a: Rillaboom|20\/100\n|\n|-heal|p2a: Sandy Shocks|94\/100|[from] Grassy Terrain\n|-heal|p1a: Rillaboom|26\/100|[from] Grassy Terrain\n|upkeep\n|turn|18\n|\n|t:|1700145071\n|move|p1a: Rillaboom|Grassy Glide|p2a: Sandy Shocks\n|-supereffective|p2a: Sandy Shocks\n|-damage|p2a: Sandy Shocks|19\/100\n|move|p2a: Sandy Shocks|Earth Power|p1a: Rillaboom\n|-resisted|p1a: Rillaboom\n|-damage|p1a: Rillaboom|7\/100\n|\n|-heal|p2a: Sandy Shocks|26\/100|[from] Grassy Terrain\n|-heal|p1a: Rillaboom|13\/100|[from] Grassy Terrain\n|upkeep\n|turn|19\n|\n|t:|1700145087\n|-end|p2a: Sandy Shocks|Protosynthesis|[silent]\n|switch|p2a: Lucario|Lucario, M|78\/100\n|-damage|p2a: Lucario|66\/100|[from] Spikes\n|move|p1a: Rillaboom|Grassy Glide|p2a: Lucario\n|-resisted|p2a: Lucario\n|-damage|p2a: Lucario|37\/100\n|\n|-heal|p2a: Lucario|43\/100|[from] Grassy Terrain\n|-heal|p1a: Rillaboom|20\/100|[from] Grassy Terrain\n|upkeep\n|turn|20\n|\n|t:|1700145102\n|switch|p1a: Great Tusk|Great Tusk|30\/100\n|move|p2a: Lucario|Aura Sphere|p1a: Great Tusk\n|-damage|p1a: Great Tusk|0 fnt\n|faint|p1a: Great Tusk\n|-end|p1a: Great Tusk|Protosynthesis|[silent]\n|\n|-heal|p2a: Lucario|49\/100|[from] Grassy Terrain\n|upkeep\n|\n|t:|1700145107\n|switch|p1a: Gholdengo|Gholdengo|35\/100\n|turn|21\n|\n|t:|1700145113\n|switch|p2a: Toxapex|Toxapex, M|100\/100\n|-damage|p2a: Toxapex|88\/100|[from] Spikes\n|move|p1a: Gholdengo|Shadow Ball|p2a: Toxapex\n|-damage|p2a: Toxapex|46\/100\n|-damage|p1a: Gholdengo|26\/100|[from] item: Life Orb\n|\n|-heal|p1a: Gholdengo|32\/100|[from] Grassy Terrain\n|-heal|p2a: Toxapex|52\/100|[from] Grassy Terrain\n|-heal|p2a: Toxapex|58\/100|[from] item: Leftovers\n|-fieldend|move: Grassy Terrain\n|upkeep\n|turn|22\n|\n|t:|1700145126\n|move|p1a: Gholdengo|Shadow Ball|p2a: Toxapex\n|-damage|p2a: Toxapex|16\/100\n|-damage|p1a: Gholdengo|22\/100|[from] item: Life Orb\n|move|p2a: Toxapex|Surf|p1a: Gholdengo\n|-damage|p1a: Gholdengo|1\/100\n|\n|-heal|p2a: Toxapex|22\/100|[from] item: Leftovers\n|upkeep\n|turn|23\n|c|\u2606zarcog|fuck shit\n|\n|t:|1700145140\n|move|p1a: Gholdengo|Shadow Ball|p2a: Toxapex\n|-damage|p2a: Toxapex|0 fnt\n|faint|p2a: Toxapex\n|-damage|p1a: Gholdengo|0 fnt|[from] item: Life Orb\n|faint|p1a: Gholdengo\n|\n|upkeep\n|\n|t:|1700145149\n|switch|p1a: Samurott|Samurott-Hisui, M|62\/100\n|switch|p2a: Lucario|Lucario, M|49\/100\n|-damage|p2a: Lucario|36\/100|[from] Spikes\n|turn|24\n|\n|t:|1700145158\n|-terastallize|p1a: Samurott|Poison\n|move|p2a: Lucario|Aura Sphere|p1a: Samurott\n|-resisted|p1a: Samurott\n|-damage|p1a: Samurott|42\/100\n|move|p1a: Samurott|Aqua Cutter|p2a: Lucario\n|-damage|p2a: Lucario|0 fnt\n|faint|p2a: Lucario\n|\n|upkeep\n|\n|t:|1700145168\n|switch|p2a: Sandy Shocks|Sandy Shocks|26\/100\n|-damage|p2a: Sandy Shocks|13\/100|[from] Spikes\n|turn|25\n|\n|t:|1700145177\n|move|p1a: Samurott|Aqua Jet|p2a: Sandy Shocks\n|-supereffective|p2a: Sandy Shocks\n|-crit|p2a: Sandy Shocks\n|-damage|p2a: Sandy Shocks|0 fnt\n|faint|p2a: Sandy Shocks\n|-end|p2a: Sandy Shocks|Protosynthesis|[silent]\n|\n|win|Sansytpbr\n|raw|Sansytpbr's rating: 1156 &rarr; <strong>1178<\/strong><br \/>(+22 for winning)\n|raw|zarcog's rating: 1115 &rarr; <strong>1093<\/strong><br \/>(-22 for losing)\n","uploadtime":1700145139,"views":8,"p1id":"sansytpbr","p2id":"zarcog","formatid":"gen9ou","rating":1093,"private":0,"password":""}