{"id":"gen9ou-1993906061","p1":"qwer.jpg","p2":"D9288880","format":"[Gen 9] OU","log":"|j|\u2606qwer.jpg\n|j|\u2606D9288880\n|t:|1700373221\n|gametype|singles\n|player|p1|qwer.jpg|170|1120\n|player|p2|D9288880|101|1104\n|teamsize|p1|6\n|teamsize|p2|6\n|gen|9\n|tier|[Gen 9] OU\n|rated|\n|rule|Sleep Clause Mod: Limit one foe put to sleep\n|rule|Species Clause: Limit one of each Pok\u00e9mon\n|rule|OHKO Clause: OHKO moves are banned\n|rule|Evasion Items Clause: Evasion items are banned\n|rule|Evasion Moves Clause: Evasion moves are banned\n|rule|Endless Battle Clause: Forcing endless battles is banned\n|rule|HP Percentage Mod: HP is shown in percentages\n|clearpoke\n|poke|p1|Kingambit, F|\n|poke|p1|Samurott-Hisui, F|\n|poke|p1|Corviknight, M|\n|poke|p1|Gholdengo|\n|poke|p1|Dragapult, M|\n|poke|p1|Dondozo, F|\n|poke|p2|Tyranitar, F|\n|poke|p2|Sneasler, M|\n|poke|p2|Weavile, M|\n|poke|p2|Ribombee, F|\n|poke|p2|Gholdengo|\n|poke|p2|Rillaboom, M|\n|teampreview\n|inactive|Battle timer is ON: inactive players will automatically lose when time's up. (requested by D9288880)\n|\n|t:|1700373231\n|start\n|switch|p1a: Gholdengo|Gholdengo|100\/100\n|switch|p2a: Beee <3|Ribombee, F, shiny|100\/100\n|turn|1\n|\n|t:|1700373238\n|move|p1a: Gholdengo|Make It Rain|p2a: Beee <3\n|-supereffective|p2a: Beee <3\n|-crit|p2a: Beee <3\n|-enditem|p2a: Beee <3|Focus Sash\n|-damage|p2a: Beee <3|1\/100\n|-unboost|p1a: Gholdengo|spa|1\n|move|p2a: Beee <3|Sticky Web|p1a: Gholdengo\n|-sidestart|p1: qwer.jpg|move: Sticky Web\n|\n|upkeep\n|turn|2\n|\n|t:|1700373249\n|switch|p1a: Corviknight|Corviknight, M|100\/100\n|-ability|p1a: Corviknight|Pressure\n|move|p2a: Beee <3|Psychic|p1a: Corviknight\n|-resisted|p1a: Corviknight\n|-damage|p1a: Corviknight|89\/100\n|\n|-heal|p1a: Corviknight|95\/100|[from] item: Leftovers\n|upkeep\n|turn|3\n|\n|t:|1700373262\n|switch|p2a: Guy from Applebees|Gholdengo|100\/100\n|move|p1a: Corviknight|Defog|p2a: Guy from Applebees\n|-immune|p2a: Guy from Applebees|[from] ability: Good as Gold\n|\n|-heal|p1a: Corviknight|100\/100|[from] item: Leftovers\n|upkeep\n|turn|4\n|\n|t:|1700373274\n|switch|p1a: Kingambit|Kingambit, F|100\/100\n|-activate|p1a: Kingambit|move: Sticky Web\n|-unboost|p1a: Kingambit|spe|1\n|move|p2a: Guy from Applebees|Nasty Plot|p2a: Guy from Applebees\n|-boost|p2a: Guy from Applebees|spa|2\n|\n|upkeep\n|turn|5\n|\n|t:|1700373282\n|switch|p2a: Beee <3|Ribombee, F, shiny|1\/100\n|move|p1a: Kingambit|Kowtow Cleave|p2a: Beee <3\n|-resisted|p2a: Beee <3\n|-damage|p2a: Beee <3|0 fnt\n|faint|p2a: Beee <3\n|\n|upkeep\n|inactive|D9288880 has 120 seconds left.\n|\n|t:|1700373325\n|switch|p2a: Donkey Kong 64|Rillaboom, M, shiny|100\/100\n|-fieldstart|move: Grassy Terrain|[from] ability: Grassy Surge|[of] p2a: Donkey Kong 64\n|turn|6\n|\n|t:|1700373341\n|-end|p1a: Kingambit|fallenundefined|[silent]\n|switch|p1a: Corviknight|Corviknight, M|100\/100\n|-ability|p1a: Corviknight|Pressure\n|move|p2a: Donkey Kong 64|U-turn|p1a: Corviknight\n|-resisted|p1a: Corviknight\n|-damage|p1a: Corviknight|95\/100\n|\n|t:|1700373346\n|switch|p2a: Guy from Applebees|Gholdengo|100\/100|[from] U-turn\n|\n|-heal|p1a: Corviknight|100\/100|[from] item: Leftovers\n|upkeep\n|turn|7\n|\n|t:|1700373356\n|switch|p2a: Weavile's Brother|Sneasler, M, shiny|100\/100\n|-enditem|p2a: Weavile's Brother|Grassy Seed\n|-boost|p2a: Weavile's Brother|def|1|[from] item: Grassy Seed\n|move|p1a: Corviknight|U-turn|p2a: Weavile's Brother\n|-resisted|p2a: Weavile's Brother\n|-damage|p2a: Weavile's Brother|96\/100\n|\n|t:|1700373366\n|switch|p1a: Kingambit|Kingambit, F|100\/100|[from] U-turn\n|-activate|p1a: Kingambit|move: Sticky Web\n|-unboost|p1a: Kingambit|spe|1\n|\n|-heal|p2a: Weavile's Brother|100\/100|[from] Grassy Terrain\n|upkeep\n|turn|8\n|\n|t:|1700373380\n|-end|p1a: Kingambit|fallenundefined|[silent]\n|switch|p1a: Dragapult|Dragapult, M|100\/100\n|-activate|p1a: Dragapult|move: Sticky Web\n|-fail|p1a: Dragapult|unboost|[from] ability: Clear Body|[of] p1a: Dragapult\n|move|p2a: Weavile's Brother|Swords Dance|p2a: Weavile's Brother\n|-boost|p2a: Weavile's Brother|atk|2\n|\n|upkeep\n|turn|9\n|\n|t:|1700373407\n|-terastallize|p2a: Weavile's Brother|Flying\n|-terastallize|p1a: Dragapult|Fairy\n|move|p2a: Weavile's Brother|Acrobatics|p1a: Dragapult\n|-damage|p1a: Dragapult|0 fnt\n|faint|p1a: Dragapult\n|\n|upkeep\n|inactive|qwer.jpg has 120 seconds left.\n|\n|t:|1700373419\n|switch|p1a: Dondozo|Dondozo, F|100\/100\n|-activate|p1a: Dondozo|move: Sticky Web\n|-unboost|p1a: Dondozo|spe|1\n|turn|10\n|\n|t:|1700373425\n|move|p2a: Weavile's Brother|Dire Claw|p1a: Dondozo\n|-damage|p1a: Dondozo|79\/100\n|-status|p1a: Dondozo|psn\n|move|p1a: Dondozo|Substitute|p1a: Dondozo\n|-start|p1a: Dondozo|Substitute\n|-damage|p1a: Dondozo|54\/100 psn\n|\n|-heal|p1a: Dondozo|61\/100 psn|[from] Grassy Terrain\n|-heal|p1a: Dondozo|67\/100 psn|[from] item: Leftovers\n|-damage|p1a: Dondozo|54\/100 psn|[from] psn\n|-fieldend|move: Grassy Terrain\n|upkeep\n|turn|11\n|\n|t:|1700373438\n|move|p2a: Weavile's Brother|Acrobatics|p1a: Dondozo\n|-end|p1a: Dondozo|Substitute\n|move|p1a: Dondozo|Curse|p1a: Dondozo\n|-unboost|p1a: Dondozo|spe|1\n|-boost|p1a: Dondozo|atk|1\n|-boost|p1a: Dondozo|def|1\n|\n|-heal|p1a: Dondozo|60\/100 psn|[from] item: Leftovers\n|-damage|p1a: Dondozo|48\/100 psn|[from] psn\n|upkeep\n|turn|12\n|\n|t:|1700373451\n|move|p2a: Weavile's Brother|Close Combat|p1a: Dondozo\n|-damage|p1a: Dondozo|26\/100 psn\n|-unboost|p2a: Weavile's Brother|def|1\n|-unboost|p2a: Weavile's Brother|spd|1\n|move|p1a: Dondozo|Wave Crash|p2a: Weavile's Brother\n|-damage|p2a: Weavile's Brother|0 fnt\n|faint|p2a: Weavile's Brother\n|-damage|p1a: Dondozo|7\/100 psn|[from] Recoil\n|\n|-heal|p1a: Dondozo|13\/100 psn|[from] item: Leftovers\n|-damage|p1a: Dondozo|0 fnt|[from] psn\n|faint|p1a: Dondozo\n|upkeep\n|inactive|qwer.jpg has 120 seconds left.\n|\n|t:|1700373468\n|switch|p2a: Donkey Kong 64|Rillaboom, M, shiny|100\/100\n|switch|p1a: Samurott|Samurott-Hisui, F|100\/100\n|-activate|p1a: Samurott|move: Sticky Web\n|-unboost|p1a: Samurott|spe|1\n|-fieldstart|move: Grassy Terrain|[from] ability: Grassy Surge|[of] p2a: Donkey Kong 64\n|turn|13\n|inactive|qwer.jpg has 120 seconds left.\n|\n|t:|1700373490\n|move|p1a: Samurott|Ceaseless Edge|p2a: Donkey Kong 64\n|-damage|p2a: Donkey Kong 64|49\/100\n|-sidestart|p2: D9288880|Spikes\n|move|p2a: Donkey Kong 64|U-turn|p1a: Samurott\n|-supereffective|p1a: Samurott\n|-damage|p1a: Samurott|0 fnt\n|faint|p1a: Samurott\n|\n|t:|1700373499\n|switch|p2a: Are we back!?|Weavile, M, shiny|100\/100|[from] U-turn\n|-ability|p2a: Are we back!?|Pressure\n|\n|upkeep\n|\n|t:|1700373518\n|switch|p1a: Gholdengo|Gholdengo|100\/100\n|-activate|p1a: Gholdengo|move: Sticky Web\n|-unboost|p1a: Gholdengo|spe|1\n|turn|14\n|\n|t:|1700373526\n|move|p2a: Are we back!?|Knock Off|p1a: Gholdengo\n|-supereffective|p1a: Gholdengo\n|-damage|p1a: Gholdengo|0 fnt\n|-enditem|p1a: Gholdengo|Choice Scarf|[from] move: Knock Off|[of] p2a: Are we back!?\n|faint|p1a: Gholdengo\n|\n|upkeep\n|\n|t:|1700373532\n|switch|p1a: Kingambit|Kingambit, F|100\/100\n|-activate|p1a: Kingambit|move: Sticky Web\n|-unboost|p1a: Kingambit|spe|1\n|-activate|p1a: Kingambit|ability: Supreme Overlord\n|-start|p1a: Kingambit|fallen4|[silent]\n|turn|15\n|\n|t:|1700373543\n|move|p2a: Are we back!?|Knock Off|p1a: Kingambit\n|-resisted|p1a: Kingambit\n|-damage|p1a: Kingambit|83\/100\n|-enditem|p1a: Kingambit|Black Glasses|[from] move: Knock Off|[of] p2a: Are we back!?\n|move|p1a: Kingambit|Swords Dance|p1a: Kingambit\n|-boost|p1a: Kingambit|atk|2\n|\n|-heal|p1a: Kingambit|89\/100|[from] Grassy Terrain\n|upkeep\n|turn|16\n|\n|t:|1700373553\n|move|p2a: Are we back!?|Ice Shard|p1a: Kingambit\n|-resisted|p1a: Kingambit\n|-damage|p1a: Kingambit|82\/100\n|move|p1a: Kingambit|Swords Dance|p1a: Kingambit\n|-boost|p1a: Kingambit|atk|2\n|\n|-heal|p1a: Kingambit|88\/100|[from] Grassy Terrain\n|upkeep\n|turn|17\n|inactive|qwer.jpg has 120 seconds left.\n|\n|t:|1700373563\n|move|p1a: Kingambit|Sucker Punch|p2a: Are we back!?\n|-resisted|p2a: Are we back!?\n|-crit|p2a: Are we back!?\n|-damage|p2a: Are we back!?|0 fnt\n|faint|p2a: Are we back!?\n|\n|-heal|p1a: Kingambit|94\/100|[from] Grassy Terrain\n|-fieldend|move: Grassy Terrain\n|upkeep\n|inactive|D9288880 has 120 seconds left.\n|\n|t:|1700373601\n|switch|p2a: Donkey Kong 64|Rillaboom, M, shiny|49\/100\n|-damage|p2a: Donkey Kong 64|37\/100|[from] Spikes\n|-fieldstart|move: Grassy Terrain|[from] ability: Grassy Surge|[of] p2a: Donkey Kong 64\n|turn|18\n|\n|t:|1700373609\n|move|p2a: Donkey Kong 64|Grassy Glide|p1a: Kingambit\n|-resisted|p1a: Kingambit\n|-damage|p1a: Kingambit|74\/100\n|move|p1a: Kingambit|Sucker Punch||[still]\n|-fail|p1a: Kingambit\n|\n|-heal|p2a: Donkey Kong 64|43\/100|[from] Grassy Terrain\n|-heal|p1a: Kingambit|80\/100|[from] Grassy Terrain\n|upkeep\n|turn|19\n|\n|t:|1700373619\n|move|p2a: Donkey Kong 64|Grassy Glide|p1a: Kingambit\n|-resisted|p1a: Kingambit\n|-damage|p1a: Kingambit|60\/100\n|move|p1a: Kingambit|Kowtow Cleave|p2a: Donkey Kong 64\n|-damage|p2a: Donkey Kong 64|0 fnt\n|faint|p2a: Donkey Kong 64\n|\n|-heal|p1a: Kingambit|67\/100|[from] Grassy Terrain\n|upkeep\n|\n|t:|1700373621\n|switch|p2a: My Home ;\/......|Tyranitar, F, shiny|100\/100\n|-damage|p2a: My Home ;\/......|88\/100|[from] Spikes\n|-weather|Sandstorm|[from] ability: Sand Stream|[of] p2a: My Home ;\/......\n|turn|20\n|\n|t:|1700373634\n|move|p1a: Kingambit|Sucker Punch|p2a: My Home ;\/......\n|-resisted|p2a: My Home ;\/......\n|-damage|p2a: My Home ;\/......|8\/100\n|move|p2a: My Home ;\/......|Earthquake|p1a: Kingambit\n|-supereffective|p1a: Kingambit\n|-damage|p1a: Kingambit|22\/100\n|\n|-weather|Sandstorm|[upkeep]\n|-heal|p2a: My Home ;\/......|15\/100|[from] Grassy Terrain\n|-heal|p1a: Kingambit|28\/100|[from] Grassy Terrain\n|upkeep\n|turn|21\n|\n|t:|1700373645\n|switch|p2a: Guy from Applebees|Gholdengo|100\/100\n|-damage|p2a: Guy from Applebees|88\/100|[from] Spikes\n|move|p1a: Kingambit|Sucker Punch||[still]\n|-fail|p1a: Kingambit\n|\n|-weather|Sandstorm|[upkeep]\n|-heal|p2a: Guy from Applebees|94\/100|[from] Grassy Terrain\n|-heal|p1a: Kingambit|34\/100|[from] Grassy Terrain\n|upkeep\n|turn|22\n|\n|t:|1700373656\n|move|p1a: Kingambit|Sucker Punch||[still]\n|-fail|p1a: Kingambit\n|move|p2a: Guy from Applebees|Nasty Plot|p2a: Guy from Applebees\n|-boost|p2a: Guy from Applebees|spa|2\n|\n|-weather|Sandstorm|[upkeep]\n|-heal|p2a: Guy from Applebees|99\/100|[from] Grassy Terrain\n|-heal|p1a: Kingambit|41\/100|[from] Grassy Terrain\n|-fieldend|move: Grassy Terrain\n|upkeep\n|turn|23\n|\n|t:|1700373669\n|move|p1a: Kingambit|Sucker Punch||[still]\n|-fail|p1a: Kingambit\n|move|p2a: Guy from Applebees|Nasty Plot|p2a: Guy from Applebees\n|-boost|p2a: Guy from Applebees|spa|2\n|\n|-weather|Sandstorm|[upkeep]\n|upkeep\n|turn|24\n|inactive|D9288880 has 120 seconds left.\n|\n|t:|1700373702\n|move|p1a: Kingambit|Sucker Punch||[still]\n|-fail|p1a: Kingambit\n|move|p2a: Guy from Applebees|Nasty Plot|p2a: Guy from Applebees\n|-boost|p2a: Guy from Applebees|spa|2\n|\n|-weather|none\n|upkeep\n|turn|25\n|inactive|D9288880 has 120 seconds left.\n|\n|t:|1700373722\n|move|p2a: Guy from Applebees|Make It Rain|p1a: Kingambit\n|-resisted|p1a: Kingambit\n|-damage|p1a: Kingambit|0 fnt\n|-unboost|p2a: Guy from Applebees|spa|1\n|faint|p1a: Kingambit\n|-end|p1a: Kingambit|fallen4|[silent]\n|\n|upkeep\n|c|\u2606D9288880|LMFAO\n|inactive|qwer.jpg has 120 seconds left.\n|inactive|qwer.jpg has 90 seconds left.\n|inactive|qwer.jpg has 60 seconds left.\n|inactive|qwer.jpg has 30 seconds left.\n|inactive|qwer.jpg has 20 seconds left.\n|inactive|qwer.jpg has 15 seconds left.\n|inactive|qwer.jpg has 10 seconds left.\n|inactive|qwer.jpg has 5 seconds left.\n|-message|qwer.jpg lost due to inactivity.\n|\n|win|D9288880\n|raw|qwer.jpg's rating: 1143 &rarr; <strong>1115<\/strong><br \/>(-28 for losing)\n|raw|D9288880's rating: 1104 &rarr; <strong>1132<\/strong><br \/>(+28 for winning)\n","uploadtime":1700373903,"views":10,"p1id":"qwerjpg","p2id":"d9288880","formatid":"gen9ou","rating":1115,"private":0,"password":""}