{"id":"gen9ou-1992380739","p1":"Kidzukaworld","p2":"Yvetal4ever","format":"[Gen 9] OU","log":"|j|\u2606Kidzukaworld\n|j|\u2606Yvetal4ever\n|t:|1700180943\n|gametype|singles\n|player|p1|Kidzukaworld|266|1549\n|player|p2|Yvetal4ever|2|1606\n|teamsize|p1|6\n|teamsize|p2|6\n|gen|9\n|tier|[Gen 9] OU\n|rated|\n|rule|Sleep Clause Mod: Limit one foe put to sleep\n|rule|Species Clause: Limit one of each Pok\u00e9mon\n|rule|OHKO Clause: OHKO moves are banned\n|rule|Evasion Items Clause: Evasion items are banned\n|rule|Evasion Moves Clause: Evasion moves are banned\n|rule|Endless Battle Clause: Forcing endless battles is banned\n|rule|HP Percentage Mod: HP is shown in percentages\n|clearpoke\n|poke|p1|Maushold-Four|\n|poke|p1|Armarouge, M|\n|poke|p1|Great Tusk|\n|poke|p1|Walking Wake|\n|poke|p1|Infernape, M|\n|poke|p1|Kingambit, F|\n|poke|p2|Zapdos|\n|poke|p2|Ogerpon-Wellspring, F|\n|poke|p2|Glimmora, F|\n|poke|p2|Rillaboom, F|\n|poke|p2|Manaphy|\n|poke|p2|Blissey, F|\n|teampreview\n|\n|t:|1700180951\n|start\n|switch|p1a: Great Tusk|Great Tusk|100\/100\n|switch|p2a: Glimmora|Glimmora, F|100\/100\n|-enditem|p1a: Great Tusk|Booster Energy\n|-activate|p1a: Great Tusk|ability: Protosynthesis|[fromitem]\n|-start|p1a: Great Tusk|protosynthesisatk\n|turn|1\n|\n|t:|1700180956\n|move|p1a: Great Tusk|Rapid Spin|p2a: Glimmora\n|-resisted|p2a: Glimmora\n|-crit|p2a: Glimmora\n|-damage|p2a: Glimmora|84\/100\n|-boost|p1a: Great Tusk|spe|1\n|-activate|p2a: Glimmora|ability: Toxic Debris\n|-sidestart|p1: Kidzukaworld|move: Toxic Spikes\n|-sideend|p1: Kidzukaworld|Toxic Spikes|[from] move: Rapid Spin|[of] p1a: Great Tusk\n|move|p2a: Glimmora|Dazzling Gleam|p1a: Great Tusk\n|-supereffective|p1a: Great Tusk\n|-damage|p1a: Great Tusk|12\/100\n|\n|upkeep\n|turn|2\n|\n|t:|1700180961\n|switch|p2a: Rillaboom|Rillaboom, F|100\/100\n|-fieldstart|move: Grassy Terrain|[from] ability: Grassy Surge|[of] p2a: Rillaboom\n|move|p1a: Great Tusk|Earthquake|p2a: Rillaboom\n|-resisted|p2a: Rillaboom\n|-damage|p2a: Rillaboom|83\/100\n|\n|-heal|p1a: Great Tusk|18\/100|[from] Grassy Terrain\n|-heal|p2a: Rillaboom|89\/100|[from] Grassy Terrain\n|upkeep\n|turn|3\n|\n|t:|1700180967\n|-end|p1a: Great Tusk|Protosynthesis|[silent]\n|switch|p1a: Armarouge|Armarouge, M|100\/100\n|move|p2a: Rillaboom|Grassy Glide|p1a: Armarouge\n|-resisted|p1a: Armarouge\n|-damage|p1a: Armarouge|77\/100\n|-ability|p1a: Armarouge|Weak Armor|boost\n|-unboost|p1a: Armarouge|def|1\n|-boost|p1a: Armarouge|spe|2\n|\n|-heal|p1a: Armarouge|83\/100|[from] Grassy Terrain\n|-heal|p2a: Rillaboom|95\/100|[from] Grassy Terrain\n|upkeep\n|turn|4\n|\n|t:|1700180974\n|switch|p2a: Blissey|Blissey, F|100\/100\n|move|p1a: Armarouge|Armor Cannon|p2a: Blissey\n|-damage|p2a: Blissey|81\/100\n|-unboost|p1a: Armarouge|def|1\n|-unboost|p1a: Armarouge|spd|1\n|\n|-heal|p1a: Armarouge|89\/100|[from] Grassy Terrain\n|-heal|p2a: Blissey|87\/100|[from] Grassy Terrain\n|upkeep\n|turn|5\n|\n|t:|1700180977\n|move|p1a: Armarouge|Calm Mind|p1a: Armarouge\n|-boost|p1a: Armarouge|spa|1\n|-boost|p1a: Armarouge|spd|1\n|move|p2a: Blissey|Thunder Wave|p1a: Armarouge|[miss]\n|-miss|p2a: Blissey|p1a: Armarouge\n|\n|-heal|p1a: Armarouge|95\/100|[from] Grassy Terrain\n|-heal|p2a: Blissey|93\/100|[from] Grassy Terrain\n|upkeep\n|turn|6\n|\n|t:|1700180984\n|switch|p1a: Great Tusk|Great Tusk|18\/100\n|move|p2a: Blissey|Thunder Wave|p1a: Great Tusk\n|-immune|p1a: Great Tusk\n|\n|-heal|p1a: Great Tusk|24\/100|[from] Grassy Terrain\n|-heal|p2a: Blissey|99\/100|[from] Grassy Terrain\n|-fieldend|move: Grassy Terrain\n|upkeep\n|turn|7\n|\n|t:|1700180988\n|switch|p2a: Rillaboom|Rillaboom, F|95\/100\n|-fieldstart|move: Grassy Terrain|[from] ability: Grassy Surge|[of] p2a: Rillaboom\n|move|p1a: Great Tusk|Bulk Up|p1a: Great Tusk\n|-boost|p1a: Great Tusk|atk|1\n|-boost|p1a: Great Tusk|def|1\n|\n|-heal|p1a: Great Tusk|31\/100|[from] Grassy Terrain\n|-heal|p2a: Rillaboom|100\/100|[from] Grassy Terrain\n|upkeep\n|turn|8\n|\n|t:|1700180992\n|move|p2a: Rillaboom|Grassy Glide|p1a: Great Tusk\n|-supereffective|p1a: Great Tusk\n|-damage|p1a: Great Tusk|0 fnt\n|faint|p1a: Great Tusk\n|-end|p1a: Great Tusk|Protosynthesis|[silent]\n|\n|upkeep\n|\n|t:|1700180996\n|switch|p1a: Kingambit|Kingambit, F|100\/100\n|-activate|p1a: Kingambit|ability: Supreme Overlord\n|-start|p1a: Kingambit|fallen1|[silent]\n|turn|9\n|\n|t:|1700181006\n|switch|p2a: Glimmora|Glimmora, F|84\/100\n|move|p1a: Kingambit|Swords Dance|p1a: Kingambit\n|-boost|p1a: Kingambit|atk|2\n|\n|-heal|p2a: Glimmora|90\/100|[from] Grassy Terrain\n|upkeep\n|turn|10\n|\n|t:|1700181014\n|move|p2a: Glimmora|Earth Power|p1a: Kingambit\n|-supereffective|p1a: Kingambit\n|-damage|p1a: Kingambit|33\/100\n|move|p1a: Kingambit|Iron Head|p2a: Glimmora\n|-supereffective|p2a: Glimmora\n|-damage|p2a: Glimmora|0 fnt\n|-activate|p2a: Glimmora|ability: Toxic Debris\n|-sidestart|p1: Kidzukaworld|move: Toxic Spikes\n|faint|p2a: Glimmora\n|\n|-heal|p1a: Kingambit|39\/100|[from] Grassy Terrain\n|-heal|p1a: Kingambit|45\/100|[from] item: Leftovers\n|upkeep\n|\n|t:|1700181023\n|switch|p2a: Zapdos|Zapdos|100\/100\n|turn|11\n|\n|t:|1700181028\n|move|p1a: Kingambit|Sucker Punch|p2a: Zapdos\n|-damage|p2a: Zapdos|0 fnt\n|faint|p2a: Zapdos\n|\n|-heal|p1a: Kingambit|51\/100|[from] Grassy Terrain\n|-heal|p1a: Kingambit|57\/100|[from] item: Leftovers\n|-fieldend|move: Grassy Terrain\n|upkeep\n|\n|t:|1700181030\n|switch|p2a: Ogerpon|Ogerpon-Wellspring, F|100\/100\n|turn|12\n|\n|t:|1700181034\n|move|p1a: Kingambit|Sucker Punch||[still]\n|-fail|p1a: Kingambit\n|move|p2a: Ogerpon|Encore|p1a: Kingambit\n|-start|p1a: Kingambit|Encore\n|\n|-heal|p1a: Kingambit|64\/100|[from] item: Leftovers\n|upkeep\n|turn|13\n|\n|t:|1700181041\n|-end|p1a: Kingambit|fallen1|[silent]\n|switch|p1a: Armarouge|Armarouge, M|95\/100\n|-status|p1a: Armarouge|psn\n|move|p2a: Ogerpon|Swords Dance|p2a: Ogerpon\n|-boost|p2a: Ogerpon|atk|2\n|\n|-damage|p1a: Armarouge|83\/100 psn|[from] psn\n|upkeep\n|turn|14\n|\n|t:|1700181049\n|-terastallize|p2a: Ogerpon|Water\n|detailschange|p2a: Ogerpon|Ogerpon-Wellspring-Tera, F, tera:Water\n|-ability|p2a: Ogerpon|Embody Aspect (Wellspring)|boost\n|-boost|p2a: Ogerpon|spd|1\n|move|p2a: Ogerpon|Ivy Cudgel|p1a: Armarouge|[anim] Ivy Cudgel Water\n|-supereffective|p1a: Armarouge\n|-damage|p1a: Armarouge|0 fnt\n|faint|p1a: Armarouge\n|\n|upkeep\n|\n|t:|1700181051\n|switch|p1a: Maushold|Maushold-Four|100\/100\n|-status|p1a: Maushold|psn\n|turn|15\n|\n|t:|1700181060\n|switch|p2a: Rillaboom|Rillaboom, F|100\/100\n|-fieldstart|move: Grassy Terrain|[from] ability: Grassy Surge|[of] p2a: Rillaboom\n|move|p1a: Maushold|Tidy Up|p1a: Maushold\n|-sideend|p1: Kidzukaworld|Toxic Spikes\n|-activate|p1a: Maushold|move: Tidy Up\n|-boost|p1a: Maushold|atk|1\n|-boost|p1a: Maushold|spe|1\n|\n|-damage|p1a: Maushold|88\/100 psn|[from] psn\n|upkeep\n|turn|16\n|\n|t:|1700181066\n|move|p2a: Rillaboom|Grassy Glide|p1a: Maushold\n|-damage|p1a: Maushold|25\/100 psn\n|move|p1a: Maushold|Population Bomb|p2a: Rillaboom\n|-damage|p2a: Rillaboom|84\/100\n|-damage|p1a: Maushold|8\/100 psn|[from] item: Rocky Helmet|[of] p2a: Rillaboom\n|-damage|p2a: Rillaboom|69\/100\n|-damage|p1a: Maushold|0 fnt|[from] item: Rocky Helmet|[of] p2a: Rillaboom\n|faint|p1a: Maushold\n|-hitcount|p2a: Rillaboom|2\n|\n|-heal|p2a: Rillaboom|75\/100|[from] Grassy Terrain\n|upkeep\n|\n|t:|1700181071\n|switch|p1a: Infernape|Infernape, M|100\/100\n|turn|17\n|\n|t:|1700181079\n|move|p1a: Infernape|Overheat|p2a: Rillaboom\n|-supereffective|p2a: Rillaboom\n|-damage|p2a: Rillaboom|0 fnt\n|-unboost|p1a: Infernape|spa|2\n|faint|p2a: Rillaboom\n|\n|upkeep\n|\n|t:|1700181084\n|switch|p2a: Manaphy|Manaphy|100\/100\n|turn|18\n|\n|t:|1700181090\n|move|p1a: Infernape|Nasty Plot|p1a: Infernape\n|-boost|p1a: Infernape|spa|2\n|move|p2a: Manaphy|Acid Armor|p2a: Manaphy\n|-boost|p2a: Manaphy|def|2\n|\n|upkeep\n|turn|19\n|\n|t:|1700181092\n|move|p1a: Infernape|Nasty Plot|p1a: Infernape\n|-boost|p1a: Infernape|spa|2\n|move|p2a: Manaphy|Take Heart|p2a: Manaphy\n|-boost|p2a: Manaphy|spa|1\n|-boost|p2a: Manaphy|spd|1\n|\n|-fieldend|move: Grassy Terrain\n|upkeep\n|turn|20\n|\n|t:|1700181094\n|move|p1a: Infernape|Nasty Plot|p1a: Infernape\n|-boost|p1a: Infernape|spa|2\n|move|p2a: Manaphy|Scald|p1a: Infernape\n|-supereffective|p1a: Infernape\n|-enditem|p1a: Infernape|Focus Sash\n|-damage|p1a: Infernape|1\/100\n|\n|upkeep\n|turn|21\n|\n|t:|1700181101\n|move|p1a: Infernape|Focus Blast|p2a: Manaphy\n|-damage|p2a: Manaphy|5\/100\n|move|p2a: Manaphy|Scald|p1a: Infernape\n|-supereffective|p1a: Infernape\n|-damage|p1a: Infernape|0 fnt\n|faint|p1a: Infernape\n|\n|-heal|p2a: Manaphy|12\/100|[from] item: Leftovers\n|upkeep\n|\n|t:|1700181108\n|switch|p1a: Walking Wake|Walking Wake|100\/100\n|-enditem|p1a: Walking Wake|Booster Energy\n|-activate|p1a: Walking Wake|ability: Protosynthesis|[fromitem]\n|-start|p1a: Walking Wake|protosynthesisspa\n|turn|22\n|\n|t:|1700181112\n|switch|p2a: Blissey|Blissey, F|99\/100\n|move|p1a: Walking Wake|Scald|p2a: Blissey\n|-damage|p2a: Blissey|83\/100\n|\n|upkeep\n|turn|23\n|\n|t:|1700181114\n|move|p1a: Walking Wake|Scald|p2a: Blissey\n|-damage|p2a: Blissey|67\/100\n|move|p2a: Blissey|Thunder Wave|p1a: Walking Wake|[miss]\n|-miss|p2a: Blissey|p1a: Walking Wake\n|\n|upkeep\n|turn|24\n|\n|t:|1700181117\n|move|p1a: Walking Wake|Scald|p2a: Blissey\n|-crit|p2a: Blissey\n|-damage|p2a: Blissey|41\/100\n|move|p2a: Blissey|Thunder Wave|p1a: Walking Wake\n|-status|p1a: Walking Wake|par\n|\n|upkeep\n|turn|25\n|\n|t:|1700181120\n|cant|p1a: Walking Wake|par\n|move|p2a: Blissey|Soft-Boiled|p2a: Blissey\n|-heal|p2a: Blissey|91\/100\n|\n|upkeep\n|turn|26\n|\n|t:|1700181126\n|move|p1a: Walking Wake|Scald|p2a: Blissey\n|-damage|p2a: Blissey|74\/100\n|-status|p2a: Blissey|brn\n|move|p2a: Blissey|Seismic Toss|p1a: Walking Wake\n|-damage|p1a: Walking Wake|71\/100 par\n|\n|-damage|p2a: Blissey|68\/100 brn|[from] brn\n|upkeep\n|turn|27\n|\n|t:|1700181130\n|move|p1a: Walking Wake|Flamethrower|p2a: Blissey\n|-damage|p2a: Blissey|56\/100 brn\n|move|p2a: Blissey|Soft-Boiled|p2a: Blissey\n|-heal|p2a: Blissey|100\/100 brn\n|\n|-damage|p2a: Blissey|94\/100 brn|[from] brn\n|upkeep\n|turn|28\n|\n|t:|1700181133\n|-curestatus|p2a: Blissey|brn|[from] ability: Natural Cure\n|switch|p2a: Manaphy|Manaphy|12\/100\n|cant|p1a: Walking Wake|par\n|\n|-heal|p2a: Manaphy|18\/100|[from] item: Leftovers\n|upkeep\n|turn|29\n|\n|t:|1700181138\n|move|p2a: Manaphy|Take Heart|p2a: Manaphy\n|-boost|p2a: Manaphy|spa|1\n|-boost|p2a: Manaphy|spd|1\n|move|p1a: Walking Wake|Draco Meteor|p2a: Manaphy\n|-damage|p2a: Manaphy|0 fnt\n|-unboost|p1a: Walking Wake|spa|2\n|faint|p2a: Manaphy\n|\n|upkeep\n|\n|t:|1700181144\n|switch|p2a: Ogerpon|Ogerpon-Wellspring-Tera, F, tera:Water|100\/100\n|-ability|p2a: Ogerpon|Embody Aspect (Wellspring)|boost\n|-boost|p2a: Ogerpon|spd|1\n|turn|30\n|\n|t:|1700181153\n|move|p2a: Ogerpon|Swords Dance|p2a: Ogerpon\n|-boost|p2a: Ogerpon|atk|2\n|cant|p1a: Walking Wake|par\n|\n|upkeep\n|turn|31\n|\n|t:|1700181162\n|move|p2a: Ogerpon|Swords Dance|p2a: Ogerpon\n|-boost|p2a: Ogerpon|atk|2\n|move|p1a: Walking Wake|Draco Meteor|p2a: Ogerpon\n|-damage|p2a: Ogerpon|63\/100\n|-unboost|p1a: Walking Wake|spa|2\n|\n|upkeep\n|turn|32\n|\n|t:|1700181170\n|move|p2a: Ogerpon|Power Whip|p1a: Walking Wake\n|-damage|p1a: Walking Wake|0 fnt\n|faint|p1a: Walking Wake\n|-end|p1a: Walking Wake|Protosynthesis|[silent]\n|\n|upkeep\n|\n|t:|1700181173\n|switch|p1a: Kingambit|Kingambit, F|64\/100\n|-activate|p1a: Kingambit|ability: Supreme Overlord\n|-start|p1a: Kingambit|fallen5|[silent]\n|turn|33\n|\n|t:|1700181182\n|move|p2a: Ogerpon|Encore||[still]\n|-fail|p2a: Ogerpon\n|move|p1a: Kingambit|Iron Head|p2a: Ogerpon\n|-resisted|p2a: Ogerpon\n|-damage|p2a: Ogerpon|14\/100\n|\n|-heal|p1a: Kingambit|70\/100|[from] item: Leftovers\n|upkeep\n|turn|34\n|\n|t:|1700181194\n|move|p1a: Kingambit|Sucker Punch||[still]\n|-fail|p1a: Kingambit\n|move|p2a: Ogerpon|Swords Dance|p2a: Ogerpon\n|-boost|p2a: Ogerpon|atk|2\n|\n|-heal|p1a: Kingambit|76\/100|[from] item: Leftovers\n|upkeep\n|turn|35\n|\n|t:|1700181203\n|move|p1a: Kingambit|Sucker Punch||[still]\n|-fail|p1a: Kingambit\n|move|p2a: Ogerpon|Encore|p1a: Kingambit\n|-start|p1a: Kingambit|Encore\n|\n|-heal|p1a: Kingambit|82\/100|[from] item: Leftovers\n|upkeep\n|turn|36\n|\n|t:|1700181209\n|move|p1a: Kingambit|Sucker Punch||[still]\n|-fail|p1a: Kingambit\n|move|p2a: Ogerpon|Swords Dance|p2a: Ogerpon\n|-boost|p2a: Ogerpon|atk|0\n|\n|-heal|p1a: Kingambit|88\/100|[from] item: Leftovers\n|upkeep\n|turn|37\n|\n|t:|1700181213\n|move|p1a: Kingambit|Sucker Punch||[still]\n|-fail|p1a: Kingambit\n|move|p2a: Ogerpon|Swords Dance|p2a: Ogerpon\n|-boost|p2a: Ogerpon|atk|0\n|\n|-heal|p1a: Kingambit|95\/100|[from] item: Leftovers\n|upkeep\n|turn|38\n|\n|t:|1700181216\n|move|p1a: Kingambit|Sucker Punch||[still]\n|-fail|p1a: Kingambit\n|move|p2a: Ogerpon|Swords Dance|p2a: Ogerpon\n|-boost|p2a: Ogerpon|atk|0\n|\n|-heal|p1a: Kingambit|100\/100|[from] item: Leftovers\n|-end|p1a: Kingambit|Encore\n|upkeep\n|turn|39\n|\n|t:|1700181222\n|move|p1a: Kingambit|Sucker Punch||[still]\n|-fail|p1a: Kingambit\n|move|p2a: Ogerpon|Encore||[still]\n|-fail|p2a: Ogerpon\n|\n|upkeep\n|turn|40\n|\n|t:|1700181227\n|move|p2a: Ogerpon|Ivy Cudgel|p1a: Kingambit|[anim] Ivy Cudgel Water\n|-damage|p1a: Kingambit|0 fnt\n|faint|p1a: Kingambit\n|-end|p1a: Kingambit|fallen5|[silent]\n|\n|win|Yvetal4ever\n|raw|Kidzukaworld's rating: 1549 &rarr; <strong>1532<\/strong><br \/>(-17 for losing)\n|raw|Yvetal4ever's rating: 1606 &rarr; <strong>1623<\/strong><br \/>(+17 for winning)\n|c|\u2606Yvetal4ever|gg\n","uploadtime":1700181244,"views":8,"p1id":"kidzukaworld","p2id":"yvetal4ever","formatid":"gen9ou","rating":1532,"private":0,"password":""}