{"id":"gen9ou-1992886395","p1":"BirbMaster40","p2":"toiletstinkersreal","format":"[Gen 9] OU","log":"|j|\u2606BirbMaster40\n|j|\u2606toiletstinkersreal\n|t:|1700243948\n|gametype|singles\n|player|p1|BirbMaster40|birdkeeper-gen4dp|1044\n|player|p2|toiletstinkersreal|169|1042\n|teamsize|p1|6\n|teamsize|p2|6\n|gen|9\n|tier|[Gen 9] OU\n|rated|\n|rule|Sleep Clause Mod: Limit one foe put to sleep\n|rule|Species Clause: Limit one of each Pok\u00e9mon\n|rule|OHKO Clause: OHKO moves are banned\n|rule|Evasion Items Clause: Evasion items are banned\n|rule|Evasion Moves Clause: Evasion moves are banned\n|rule|Endless Battle Clause: Forcing endless battles is banned\n|rule|HP Percentage Mod: HP is shown in percentages\n|clearpoke\n|poke|p1|Ting-Lu|\n|poke|p1|Iron Moth|\n|poke|p1|Grimmsnarl, M|\n|poke|p1|Blissey, F|\n|poke|p1|Rillaboom, F|\n|poke|p1|Gholdengo|\n|poke|p2|Sneasler, F|\n|poke|p2|Dondozo, M|\n|poke|p2|Arcanine-Hisui, M|\n|poke|p2|Hydreigon, M|\n|poke|p2|Zamazenta-*|\n|poke|p2|Breloom, M|\n|teampreview\n|inactive|Battle timer is ON: inactive players will automatically lose when time's up. (requested by BirbMaster40)\n|\n|t:|1700243958\n|start\n|switch|p1a: Grimmsnarl|Grimmsnarl, M|100\/100\n|switch|p2a: Breloom|Breloom, M|100\/100\n|turn|1\n|\n|t:|1700243965\n|move|p2a: Breloom|Mach Punch|p1a: Grimmsnarl\n|-damage|p1a: Grimmsnarl|60\/100\n|move|p1a: Grimmsnarl|Reflect|p1a: Grimmsnarl\n|-sidestart|p1: BirbMaster40|Reflect\n|\n|upkeep\n|turn|2\n|\n|t:|1700243972\n|move|p1a: Grimmsnarl|Light Screen|p1a: Grimmsnarl\n|-sidestart|p1: BirbMaster40|move: Light Screen\n|move|p2a: Breloom|Bullet Seed|p1a: Grimmsnarl\n|-damage|p1a: Grimmsnarl|48\/100\n|-damage|p1a: Grimmsnarl|37\/100\n|-damage|p1a: Grimmsnarl|24\/100\n|-damage|p1a: Grimmsnarl|13\/100\n|-hitcount|p1a: Grimmsnarl|4\n|\n|upkeep\n|turn|3\n|\n|t:|1700243980\n|move|p2a: Breloom|Mach Punch|p1a: Grimmsnarl\n|-damage|p1a: Grimmsnarl|0 fnt\n|faint|p1a: Grimmsnarl\n|\n|upkeep\n|\n|t:|1700243984\n|switch|p1a: Ting-Lu|Ting-Lu|100\/100\n|-ability|p1a: Ting-Lu|Vessel of Ruin\n|turn|4\n|\n|t:|1700243989\n|move|p2a: Breloom|Spore|p1a: Ting-Lu\n|-status|p1a: Ting-Lu|slp|[from] move: Spore\n|cant|p1a: Ting-Lu|slp\n|\n|upkeep\n|turn|5\n|\n|t:|1700243995\n|switch|p1a: Iron Moth|Iron Moth|100\/100\n|-enditem|p1a: Iron Moth|Booster Energy\n|-activate|p1a: Iron Moth|ability: Quark Drive|[fromitem]\n|-start|p1a: Iron Moth|quarkdrivespa\n|move|p2a: Breloom|Bullet Seed|p1a: Iron Moth\n|-resisted|p1a: Iron Moth\n|-damage|p1a: Iron Moth|97\/100\n|-resisted|p1a: Iron Moth\n|-damage|p1a: Iron Moth|93\/100\n|-resisted|p1a: Iron Moth\n|-damage|p1a: Iron Moth|89\/100\n|-resisted|p1a: Iron Moth\n|-damage|p1a: Iron Moth|85\/100\n|-resisted|p1a: Iron Moth\n|-damage|p1a: Iron Moth|81\/100\n|-hitcount|p1a: Iron Moth|5\n|\n|upkeep\n|turn|6\n|\n|t:|1700244009\n|switch|p2a: Dondozo|Dondozo, M|100\/100\n|move|p1a: Iron Moth|Fiery Dance|p2a: Dondozo\n|-resisted|p2a: Dondozo\n|-damage|p2a: Dondozo|73\/100\n|\n|upkeep\n|turn|7\n|\n|t:|1700244018\n|move|p2a: Dondozo|Yawn|p1a: Iron Moth\n|-start|p1a: Iron Moth|move: Yawn|[of] p2a: Dondozo\n|move|p1a: Iron Moth|Whirlwind|p2a: Dondozo\n|drag|p2a: Breloom|Breloom, M|100\/100\n|\n|upkeep\n|turn|8\n|\n|t:|1700244028\n|-end|p1a: Iron Moth|Quark Drive|[silent]\n|switch|p1a: Ting-Lu|Ting-Lu|100\/100 slp\n|-ability|p1a: Ting-Lu|Vessel of Ruin\n|move|p2a: Breloom|Bullet Seed|p1a: Ting-Lu\n|-supereffective|p1a: Ting-Lu\n|-damage|p1a: Ting-Lu|93\/100 slp\n|-supereffective|p1a: Ting-Lu\n|-damage|p1a: Ting-Lu|84\/100 slp\n|-supereffective|p1a: Ting-Lu\n|-damage|p1a: Ting-Lu|77\/100 slp\n|-supereffective|p1a: Ting-Lu\n|-damage|p1a: Ting-Lu|68\/100 slp\n|-supereffective|p1a: Ting-Lu\n|-damage|p1a: Ting-Lu|60\/100 slp\n|-hitcount|p1a: Ting-Lu|5\n|\n|-sideend|p1: BirbMaster40|Reflect\n|upkeep\n|turn|9\n|\n|t:|1700244043\n|move|p2a: Breloom|Bullet Seed|p1a: Ting-Lu\n|-supereffective|p1a: Ting-Lu\n|-damage|p1a: Ting-Lu|43\/100 slp\n|-supereffective|p1a: Ting-Lu\n|-damage|p1a: Ting-Lu|28\/100 slp\n|-supereffective|p1a: Ting-Lu\n|-damage|p1a: Ting-Lu|10\/100 slp\n|-supereffective|p1a: Ting-Lu\n|-damage|p1a: Ting-Lu|0 fnt\n|faint|p1a: Ting-Lu\n|-hitcount|p1: Ting-Lu|4\n|\n|-sideend|p1: BirbMaster40|move: Light Screen\n|upkeep\n|\n|t:|1700244052\n|switch|p1a: Iron Moth|Iron Moth|81\/100\n|turn|10\n|\n|t:|1700244058\n|move|p1a: Iron Moth|Discharge|p2a: Breloom\n|-resisted|p2a: Breloom\n|-damage|p2a: Breloom|70\/100\n|move|p2a: Breloom|Spore|p1a: Iron Moth\n|-status|p1a: Iron Moth|slp|[from] move: Spore\n|\n|upkeep\n|turn|11\n|-message|BirbMaster40 forfeited.\n|\n|win|toiletstinkersreal\n|raw|BirbMaster40's rating: 1044 &rarr; <strong>1027<\/strong><br \/>(-17 for losing)\n|raw|toiletstinkersreal's rating: 1042 &rarr; <strong>1076<\/strong><br \/>(+34 for winning)\n|l|\u2606BirbMaster40\n","uploadtime":1700244071,"views":10,"p1id":"birbmaster40","p2id":"toiletstinkersreal","formatid":"gen9ou","rating":1027,"private":0,"password":""}