{"id":"gen9ou-1992438701","p1":"stallinho","p2":"SDK04","format":"[Gen 9] OU","log":"|j|\u2606stallinho\n|j|\u2606SDK04\n|t:|1700187656\n|gametype|singles\n|player|p1|stallinho|marshal|1581\n|player|p2|SDK04|unknown|1611\n|teamsize|p1|6\n|teamsize|p2|6\n|gen|9\n|tier|[Gen 9] OU\n|rated|\n|rule|Sleep Clause Mod: Limit one foe put to sleep\n|rule|Species Clause: Limit one of each Pok\u00e9mon\n|rule|OHKO Clause: OHKO moves are banned\n|rule|Evasion Items Clause: Evasion items are banned\n|rule|Evasion Moves Clause: Evasion moves are banned\n|rule|Endless Battle Clause: Forcing endless battles is banned\n|rule|HP Percentage Mod: HP is shown in percentages\n|clearpoke\n|poke|p1|Torkoal, M|\n|poke|p1|Walking Wake|\n|poke|p1|Great Tusk|\n|poke|p1|Lilligant-Hisui, F|\n|poke|p1|Iron Moth|\n|poke|p1|Skeledirge, M|\n|poke|p2|Ninetales-Alola, M|\n|poke|p2|Ogerpon-Wellspring, F|\n|poke|p2|Mew|\n|poke|p2|Kingambit, F|\n|poke|p2|Gholdengo|\n|poke|p2|Salamence, M|\n|teampreview\n|inactive|Battle timer is ON: inactive players will automatically lose when time's up. (requested by stallinho)\n|\n|t:|1700187686\n|start\n|switch|p1a: Torkoal|Torkoal, M|100\/100\n|switch|p2a: cool window|Ninetales-Alola, M|100\/100\n|-weather|Snow|[from] ability: Snow Warning|[of] p2a: cool window\n|-weather|SunnyDay|[from] ability: Drought|[of] p1a: Torkoal\n|turn|1\n|\n|t:|1700187693\n|move|p2a: cool window|Snowscape|p2a: cool window\n|-weather|Snow\n|move|p1a: Torkoal|Stealth Rock|p2a: cool window\n|-sidestart|p2: SDK04|move: Stealth Rock\n|\n|-weather|Snow|[upkeep]\n|upkeep\n|turn|2\n|\n|t:|1700187698\n|move|p2a: cool window|Encore|p1a: Torkoal\n|-start|p1a: Torkoal|Encore\n|move|p1a: Torkoal|Stealth Rock||[still]\n|-fail|p1a: Torkoal\n|\n|-weather|Snow|[upkeep]\n|upkeep\n|turn|3\n|\n|t:|1700187704\n|switch|p1a: Iron Moth|Iron Moth|100\/100\n|move|p2a: cool window|Aurora Veil|p2a: cool window\n|-sidestart|p2: SDK04|move: Aurora Veil\n|\n|-weather|Snow|[upkeep]\n|upkeep\n|turn|4\n|\n|t:|1700187710\n|switch|p2a: Cheese Demon|Mew|100\/100\n|-damage|p2a: Cheese Demon|88\/100|[from] Stealth Rock\n|move|p1a: Iron Moth|Sludge Wave|p2a: Cheese Demon\n|-damage|p2a: Cheese Demon|49\/100\n|\n|-weather|Snow|[upkeep]\n|-heal|p2a: Cheese Demon|55\/100|[from] item: Leftovers\n|upkeep\n|turn|5\n|\n|t:|1700187719\n|-end|p1a: Iron Moth|Quark Drive|[silent]\n|switch|p1a: Torkoal|Torkoal, M|100\/100\n|-weather|SunnyDay|[from] ability: Drought|[of] p1a: Torkoal\n|move|p2a: Cheese Demon|Agility|p2a: Cheese Demon\n|-boost|p2a: Cheese Demon|spe|2\n|\n|-weather|SunnyDay|[upkeep]\n|-heal|p2a: Cheese Demon|61\/100|[from] item: Leftovers\n|upkeep\n|turn|6\n|j| yb is better\n|\n|t:|1700187729\n|move|p2a: Cheese Demon|Calm Mind|p2a: Cheese Demon\n|-boost|p2a: Cheese Demon|spa|1\n|-boost|p2a: Cheese Demon|spd|1\n|move|p1a: Torkoal|Clear Smog|p2a: Cheese Demon\n|-damage|p2a: Cheese Demon|58\/100\n|-clearboost|p2a: Cheese Demon\n|\n|-weather|SunnyDay|[upkeep]\n|-heal|p2a: Cheese Demon|64\/100|[from] item: Leftovers\n|upkeep\n|turn|7\n|\n|t:|1700187740\n|move|p2a: Cheese Demon|Agility|p2a: Cheese Demon\n|-boost|p2a: Cheese Demon|spe|2\n|move|p1a: Torkoal|Lava Plume|p2a: Cheese Demon\n|-damage|p2a: Cheese Demon|46\/100\n|-status|p2a: Cheese Demon|brn\n|-activate|p2a: Cheese Demon|ability: Synchronize\n|-immune|p1a: Torkoal\n|\n|-weather|SunnyDay|[upkeep]\n|-heal|p2a: Cheese Demon|52\/100 brn|[from] item: Leftovers\n|-damage|p2a: Cheese Demon|46\/100 brn|[from] brn\n|upkeep\n|turn|8\n|\n|t:|1700187752\n|move|p2a: Cheese Demon|Stored Power|p1a: Torkoal\n|-damage|p1a: Torkoal|76\/100\n|move|p1a: Torkoal|Clear Smog|p2a: Cheese Demon\n|-damage|p2a: Cheese Demon|41\/100 brn\n|-clearboost|p2a: Cheese Demon\n|\n|-weather|SunnyDay|[upkeep]\n|-heal|p2a: Cheese Demon|47\/100 brn|[from] item: Leftovers\n|-damage|p2a: Cheese Demon|41\/100 brn|[from] brn\n|upkeep\n|turn|9\n|\n|t:|1700187763\n|move|p2a: Cheese Demon|Calm Mind|p2a: Cheese Demon\n|-boost|p2a: Cheese Demon|spa|1\n|-boost|p2a: Cheese Demon|spd|1\n|move|p1a: Torkoal|Lava Plume|p2a: Cheese Demon\n|-damage|p2a: Cheese Demon|29\/100 brn\n|\n|-weather|SunnyDay|[upkeep]\n|-heal|p2a: Cheese Demon|35\/100 brn|[from] item: Leftovers\n|-damage|p2a: Cheese Demon|29\/100 brn|[from] brn\n|upkeep\n|turn|10\n|\n|t:|1700187773\n|switch|p1a: Skeledirge|Skeledirge, M, shiny|100\/100\n|move|p2a: Cheese Demon|Stored Power|p1a: Skeledirge\n|-damage|p1a: Skeledirge|82\/100\n|\n|-weather|SunnyDay|[upkeep]\n|-heal|p2a: Cheese Demon|35\/100 brn|[from] item: Leftovers\n|-heal|p1a: Skeledirge|88\/100|[from] item: Leftovers\n|-damage|p2a: Cheese Demon|29\/100 brn|[from] brn\n|-sideend|p2: SDK04|move: Aurora Veil\n|upkeep\n|turn|11\n|\n|t:|1700187791\n|move|p2a: Cheese Demon|Calm Mind|p2a: Cheese Demon\n|-boost|p2a: Cheese Demon|spa|1\n|-boost|p2a: Cheese Demon|spd|1\n|move|p1a: Skeledirge|Will-O-Wisp|p2a: Cheese Demon\n|-fail|p2a: Cheese Demon|brn\n|\n|-weather|SunnyDay|[upkeep]\n|-heal|p2a: Cheese Demon|35\/100 brn|[from] item: Leftovers\n|-heal|p1a: Skeledirge|94\/100|[from] item: Leftovers\n|-damage|p2a: Cheese Demon|29\/100 brn|[from] brn\n|upkeep\n|turn|12\n|c|\u2606SDK04|I hate this sun team so much\n|c|\u2606SDK04|Nice team, pretty solid\n|\n|t:|1700187804\n|move|p2a: Cheese Demon|Stored Power|p1a: Skeledirge\n|-damage|p1a: Skeledirge|63\/100\n|move|p1a: Skeledirge|Torch Song|p2a: Cheese Demon\n|-damage|p2a: Cheese Demon|0 fnt\n|-boost|p1a: Skeledirge|spa|1\n|faint|p2a: Cheese Demon\n|\n|-weather|none\n|-heal|p1a: Skeledirge|69\/100|[from] item: Leftovers\n|upkeep\n|\n|t:|1700187809\n|switch|p2a: \u201cI win\u201d button|Ogerpon-Wellspring, F|100\/100\n|-damage|p2a: \u201cI win\u201d button|88\/100|[from] Stealth Rock\n|turn|13\n|c|\u2606stallinho|damn misclicked\n|c|\u2606stallinho|thanks fam\n|\n|t:|1700187817\n|switch|p1a: Torkoal|Torkoal, M|76\/100\n|-weather|SunnyDay|[from] ability: Drought|[of] p1a: Torkoal\n|move|p2a: \u201cI win\u201d button|Ivy Cudgel|p1a: Torkoal|[anim] Ivy Cudgel Water\n|-supereffective|p1a: Torkoal\n|-damage|p1a: Torkoal|31\/100\n|\n|-weather|SunnyDay|[upkeep]\n|upkeep\n|turn|14\n|\n|t:|1700187837\n|switch|p1a: Walking Wake|Walking Wake|100\/100\n|-activate|p1a: Walking Wake|ability: Protosynthesis\n|-start|p1a: Walking Wake|protosynthesisspa\n|move|p2a: \u201cI win\u201d button|Ivy Cudgel|p1a: Walking Wake|[anim] Ivy Cudgel Water\n|-resisted|p1a: Walking Wake\n|-damage|p1a: Walking Wake|92\/100\n|\n|-weather|SunnyDay|[upkeep]\n|upkeep\n|turn|15\n|\n|t:|1700187845\n|-terastallize|p2a: \u201cI win\u201d button|Water\n|detailschange|p2a: \u201cI win\u201d button|Ogerpon-Wellspring-Tera, F, tera:Water\n|-ability|p2a: \u201cI win\u201d button|Embody Aspect (Wellspring)|boost\n|-boost|p2a: \u201cI win\u201d button|spd|1\n|move|p2a: \u201cI win\u201d button|Power Whip|p1a: Walking Wake\n|-damage|p1a: Walking Wake|9\/100\n|move|p1a: Walking Wake|Flamethrower|p2a: \u201cI win\u201d button\n|-resisted|p2a: \u201cI win\u201d button\n|-damage|p2a: \u201cI win\u201d button|52\/100\n|\n|-weather|SunnyDay|[upkeep]\n|upkeep\n|turn|16\n|\n|t:|1700187865\n|-end|p1a: Walking Wake|Protosynthesis|[silent]\n|switch|p1a: Great Tusk|Great Tusk|100\/100\n|-activate|p1a: Great Tusk|ability: Protosynthesis\n|-start|p1a: Great Tusk|protosynthesisatk\n|move|p2a: \u201cI win\u201d button|Ivy Cudgel|p1a: Great Tusk|[anim] Ivy Cudgel Water\n|-supereffective|p1a: Great Tusk\n|-damage|p1a: Great Tusk|41\/100\n|\n|-weather|SunnyDay|[upkeep]\n|-heal|p1a: Great Tusk|47\/100|[from] item: Leftovers\n|upkeep\n|turn|17\n|l| yb is better\n|j| yb is better\n|\n|t:|1700187875\n|move|p2a: \u201cI win\u201d button|Ivy Cudgel|p1a: Great Tusk|[anim] Ivy Cudgel Water\n|-supereffective|p1a: Great Tusk\n|-damage|p1a: Great Tusk|0 fnt\n|faint|p1a: Great Tusk\n|-end|p1a: Great Tusk|Protosynthesis|[silent]\n|\n|-weather|SunnyDay|[upkeep]\n|upkeep\n|\n|t:|1700187880\n|switch|p1a: Lilligant|Lilligant-Hisui, F|100\/100\n|turn|18\n|\n|t:|1700187885\n|switch|p2a: cool window|Ninetales-Alola, M|100\/100\n|-damage|p2a: cool window|76\/100|[from] Stealth Rock\n|-weather|Snow|[from] ability: Snow Warning|[of] p2a: cool window\n|move|p1a: Lilligant|Solar Blade||[still]\n|-prepare|p1a: Lilligant|Solar Blade\n|\n|-weather|Snow|[upkeep]\n|upkeep\n|turn|19\n|\n|t:|1700187893\n|move|p2a: cool window|Aurora Veil|p2a: cool window\n|-sidestart|p2: SDK04|move: Aurora Veil\n|move|p1a: Lilligant|Solar Blade|p2a: cool window|[from]lockedmove\n|-damage|p2a: cool window|59\/100\n|-damage|p1a: Lilligant|91\/100|[from] item: Life Orb\n|\n|-weather|Snow|[upkeep]\n|upkeep\n|turn|20\n|\n|t:|1700187900\n|switch|p2a: I miss Himiko\u2026|Salamence, M|100\/100\n|switch|p1a: Torkoal|Torkoal, M|31\/100\n|-weather|SunnyDay|[from] ability: Drought|[of] p1a: Torkoal\n|\n|-weather|SunnyDay|[upkeep]\n|upkeep\n|turn|21\n|\n|t:|1700187909\n|move|p2a: I miss Himiko\u2026|Dragon Dance|p2a: I miss Himiko\u2026\n|-boost|p2a: I miss Himiko\u2026|atk|1\n|-boost|p2a: I miss Himiko\u2026|spe|1\n|move|p1a: Torkoal|Clear Smog|p2a: I miss Himiko\u2026\n|-damage|p2a: I miss Himiko\u2026|94\/100\n|-clearboost|p2a: I miss Himiko\u2026\n|\n|-weather|SunnyDay|[upkeep]\n|upkeep\n|turn|22\n|\n|t:|1700187919\n|switch|p1a: Lilligant|Lilligant-Hisui, F|91\/100\n|move|p2a: I miss Himiko\u2026|Dragon Dance|p2a: I miss Himiko\u2026\n|-boost|p2a: I miss Himiko\u2026|atk|1\n|-boost|p2a: I miss Himiko\u2026|spe|1\n|\n|-weather|SunnyDay|[upkeep]\n|upkeep\n|turn|23\n|\n|t:|1700187926\n|move|p1a: Lilligant|Ice Spinner|p2a: I miss Himiko\u2026\n|-supereffective|p2a: I miss Himiko\u2026\n|-damage|p2a: I miss Himiko\u2026|17\/100\n|-damage|p1a: Lilligant|81\/100|[from] item: Life Orb\n|move|p2a: I miss Himiko\u2026|Dual Wingbeat|p1a: Lilligant\n|-supereffective|p1a: Lilligant\n|-damage|p1a: Lilligant|0 fnt\n|faint|p1a: Lilligant\n|-ability|p2a: I miss Himiko\u2026|Moxie|boost\n|-boost|p2a: I miss Himiko\u2026|atk|1\n|-hitcount|p1: Lilligant|1\n|\n|-weather|SunnyDay|[upkeep]\n|upkeep\n|\n|t:|1700187936\n|switch|p1a: Skeledirge|Skeledirge, M, shiny|69\/100\n|turn|24\n|\n|t:|1700187940\n|move|p2a: I miss Himiko\u2026|Earthquake|p1a: Skeledirge\n|-supereffective|p1a: Skeledirge\n|-damage|p1a: Skeledirge|4\/100\n|move|p1a: Skeledirge|Slack Off|p1a: Skeledirge\n|-heal|p1a: Skeledirge|54\/100\n|\n|-weather|SunnyDay|[upkeep]\n|-heal|p1a: Skeledirge|60\/100|[from] item: Leftovers\n|upkeep\n|turn|25\n|\n|t:|1700187948\n|-terastallize|p1a: Skeledirge|Fairy\n|move|p2a: I miss Himiko\u2026|Earthquake|p1a: Skeledirge\n|-damage|p1a: Skeledirge|28\/100\n|move|p1a: Skeledirge|Slack Off|p1a: Skeledirge\n|-heal|p1a: Skeledirge|78\/100\n|\n|-weather|SunnyDay|[upkeep]\n|-heal|p1a: Skeledirge|84\/100|[from] item: Leftovers\n|upkeep\n|turn|26\n|\n|t:|1700187958\n|move|p2a: I miss Himiko\u2026|Roost|p2a: I miss Himiko\u2026\n|-heal|p2a: I miss Himiko\u2026|67\/100\n|-singleturn|p2a: I miss Himiko\u2026|move: Roost\n|move|p1a: Skeledirge|Torch Song|p2a: I miss Himiko\u2026\n|-resisted|p2a: I miss Himiko\u2026\n|-damage|p2a: I miss Himiko\u2026|54\/100\n|-boost|p1a: Skeledirge|spa|1\n|\n|-weather|SunnyDay|[upkeep]\n|-heal|p1a: Skeledirge|91\/100|[from] item: Leftovers\n|-sideend|p2: SDK04|move: Aurora Veil\n|upkeep\n|turn|27\n|\n|t:|1700187973\n|switch|p2a: Bannable Offense|Kingambit, F|100\/100\n|-damage|p2a: Bannable Offense|94\/100|[from] Stealth Rock\n|-activate|p2a: Bannable Offense|ability: Supreme Overlord\n|-start|p2a: Bannable Offense|fallen1|[silent]\n|move|p1a: Skeledirge|Torch Song|p2a: Bannable Offense\n|-supereffective|p2a: Bannable Offense\n|-damage|p2a: Bannable Offense|0 fnt\n|-boost|p1a: Skeledirge|spa|1\n|faint|p2a: Bannable Offense\n|-end|p2a: Bannable Offense|fallen1|[silent]\n|\n|-weather|none\n|-heal|p1a: Skeledirge|97\/100|[from] item: Leftovers\n|upkeep\n|\n|t:|1700187976\n|switch|p2a: cool window|Ninetales-Alola, M|59\/100\n|-damage|p2a: cool window|34\/100|[from] Stealth Rock\n|-weather|Snow|[from] ability: Snow Warning|[of] p2a: cool window\n|turn|28\n|\n|t:|1700187989\n|switch|p1a: Torkoal|Torkoal, M|31\/100\n|-weather|SunnyDay|[from] ability: Drought|[of] p1a: Torkoal\n|move|p2a: cool window|Aurora Veil||[still]\n|-fail|p2a: cool window\n|\n|-weather|SunnyDay|[upkeep]\n|upkeep\n|turn|29\n|\n|t:|1700187997\n|switch|p2a: I miss Himiko\u2026|Salamence, M|54\/100\n|move|p1a: Torkoal|Lava Plume|p2a: I miss Himiko\u2026\n|-resisted|p2a: I miss Himiko\u2026\n|-damage|p2a: I miss Himiko\u2026|32\/100\n|\n|-weather|SunnyDay|[upkeep]\n|upkeep\n|turn|30\n|\n|t:|1700188004\n|switch|p1a: Skeledirge|Skeledirge, M, shiny, tera:Fairy|97\/100\n|move|p2a: I miss Himiko\u2026|Roost|p2a: I miss Himiko\u2026\n|-heal|p2a: I miss Himiko\u2026|82\/100\n|-singleturn|p2a: I miss Himiko\u2026|move: Roost\n|\n|-weather|SunnyDay|[upkeep]\n|-heal|p1a: Skeledirge|100\/100|[from] item: Leftovers\n|upkeep\n|turn|31\n|\n|t:|1700188012\n|switch|p2a: cool window|Ninetales-Alola, M|34\/100\n|-damage|p2a: cool window|9\/100|[from] Stealth Rock\n|-weather|Snow|[from] ability: Snow Warning|[of] p2a: cool window\n|move|p1a: Skeledirge|Will-O-Wisp|p2a: cool window\n|-status|p2a: cool window|brn\n|\n|-weather|Snow|[upkeep]\n|-damage|p2a: cool window|3\/100 brn|[from] brn\n|upkeep\n|turn|32\n|\n|t:|1700188023\n|move|p2a: cool window|Snowscape||[still]\n|-fail|p2a: cool window\n|move|p1a: Skeledirge|Torch Song|p2a: cool window\n|-supereffective|p2a: cool window\n|-damage|p2a: cool window|0 fnt\n|-boost|p1a: Skeledirge|spa|1\n|faint|p2a: cool window\n|\n|-weather|Snow|[upkeep]\n|upkeep\n|\n|t:|1700188025\n|switch|p2a: \u201cI win\u201d button|Ogerpon-Wellspring-Tera, F, tera:Water|52\/100\n|-damage|p2a: \u201cI win\u201d button|39\/100|[from] Stealth Rock\n|-ability|p2a: \u201cI win\u201d button|Embody Aspect (Wellspring)|boost\n|-boost|p2a: \u201cI win\u201d button|spd|1\n|turn|33\n|\n|t:|1700188036\n|move|p2a: \u201cI win\u201d button|Power Whip|p1a: Skeledirge|[miss]\n|-miss|p2a: \u201cI win\u201d button|p1a: Skeledirge\n|move|p1a: Skeledirge|Will-O-Wisp|p2a: \u201cI win\u201d button\n|-status|p2a: \u201cI win\u201d button|brn\n|\n|-weather|Snow|[upkeep]\n|-damage|p2a: \u201cI win\u201d button|33\/100 brn|[from] brn\n|upkeep\n|turn|34\n|\n|t:|1700188045\n|switch|p1a: Torkoal|Torkoal, M|31\/100\n|-weather|SunnyDay|[from] ability: Drought|[of] p1a: Torkoal\n|move|p2a: \u201cI win\u201d button|Encore||[still]\n|-fail|p2a: \u201cI win\u201d button\n|\n|-weather|SunnyDay|[upkeep]\n|-damage|p2a: \u201cI win\u201d button|27\/100 brn|[from] brn\n|upkeep\n|turn|35\n|\n|t:|1700188054\n|move|p2a: \u201cI win\u201d button|Ivy Cudgel|p1a: Torkoal|[anim] Ivy Cudgel Water\n|-supereffective|p1a: Torkoal\n|-damage|p1a: Torkoal|3\/100\n|move|p1a: Torkoal|Clear Smog|p2a: \u201cI win\u201d button\n|-damage|p2a: \u201cI win\u201d button|20\/100 brn\n|-clearboost|p2a: \u201cI win\u201d button\n|\n|-weather|SunnyDay|[upkeep]\n|-damage|p2a: \u201cI win\u201d button|14\/100 brn|[from] brn\n|upkeep\n|turn|36\n|\n|t:|1700188064\n|move|p2a: \u201cI win\u201d button|Power Whip|p1a: Torkoal\n|-resisted|p1a: Torkoal\n|-damage|p1a: Torkoal|0 fnt\n|faint|p1a: Torkoal\n|\n|-weather|SunnyDay|[upkeep]\n|-damage|p2a: \u201cI win\u201d button|8\/100 brn|[from] brn\n|upkeep\n|\n|t:|1700188072\n|switch|p1a: Skeledirge|Skeledirge, M, shiny, tera:Fairy|100\/100\n|turn|37\n|\n|t:|1700188076\n|move|p2a: \u201cI win\u201d button|Power Whip|p1a: Skeledirge\n|-damage|p1a: Skeledirge|72\/100\n|move|p1a: Skeledirge|Torch Song|p2a: \u201cI win\u201d button\n|-resisted|p2a: \u201cI win\u201d button\n|-damage|p2a: \u201cI win\u201d button|0 fnt\n|-boost|p1a: Skeledirge|spa|1\n|faint|p2a: \u201cI win\u201d button\n|\n|-weather|SunnyDay|[upkeep]\n|-heal|p1a: Skeledirge|78\/100|[from] item: Leftovers\n|upkeep\n|\n|t:|1700188079\n|switch|p2a: Malicious Charity|Gholdengo|100\/100\n|-damage|p2a: Malicious Charity|94\/100|[from] Stealth Rock\n|-item|p2a: Malicious Charity|Air Balloon\n|turn|38\n|\n|t:|1700188090\n|switch|p1a: Walking Wake|Walking Wake|9\/100\n|-activate|p1a: Walking Wake|ability: Protosynthesis\n|-start|p1a: Walking Wake|protosynthesisspa\n|move|p2a: Malicious Charity|Shadow Ball|p1a: Walking Wake\n|-damage|p1a: Walking Wake|0 fnt\n|faint|p1a: Walking Wake\n|-end|p1a: Walking Wake|Protosynthesis|[silent]\n|\n|-weather|SunnyDay|[upkeep]\n|upkeep\n|\n|t:|1700188100\n|switch|p1a: Iron Moth|Iron Moth|100\/100\n|turn|39\n|\n|t:|1700188106\n|switch|p2a: I miss Himiko\u2026|Salamence, M|82\/100\n|move|p1a: Iron Moth|Fiery Dance|p2a: I miss Himiko\u2026\n|-resisted|p2a: I miss Himiko\u2026\n|-damage|p2a: I miss Himiko\u2026|29\/100\n|-boost|p1a: Iron Moth|spa|1\n|\n|-weather|SunnyDay|[upkeep]\n|upkeep\n|turn|40\n|c|\u2606SDK04|g\n|c|\u2606SDK04|g\n|c|\u2606SDK04|w\n|c|\u2606SDK04|p\n|\n|t:|1700188113\n|move|p1a: Iron Moth|Fiery Dance|p2a: I miss Himiko\u2026\n|-resisted|p2a: I miss Himiko\u2026\n|-damage|p2a: I miss Himiko\u2026|0 fnt\n|-boost|p1a: Iron Moth|spa|1\n|faint|p2a: I miss Himiko\u2026\n|\n|-weather|SunnyDay|[upkeep]\n|upkeep\n|c|\u2606stallinho|gg\n|c|\u2606stallinho|wp\n|\n|t:|1700188128\n|switch|p2a: Malicious Charity|Gholdengo|94\/100\n|-damage|p2a: Malicious Charity|88\/100|[from] Stealth Rock\n|-item|p2a: Malicious Charity|Air Balloon\n|turn|41\n|\n|t:|1700188133\n|move|p1a: Iron Moth|Fiery Dance|p2a: Malicious Charity\n|-supereffective|p2a: Malicious Charity\n|-damage|p2a: Malicious Charity|0 fnt\n|-enditem|p2a: Malicious Charity|Air Balloon\n|faint|p2a: Malicious Charity\n|\n|win|stallinho\n|raw|stallinho's rating: 1581 &rarr; <strong>1603<\/strong><br \/>(+22 for winning)\n|raw|SDK04's rating: 1611 &rarr; <strong>1589<\/strong><br \/>(-22 for losing)\n|l|\u2606SDK04\n|l|\u2606stallinho\n","uploadtime":1700188145,"views":7,"p1id":"stallinho","p2id":"sdk04","formatid":"gen9ou","rating":1589,"private":0,"password":""}