{"id":"gen9ou-1998034354","p1":"bigjij11","p2":"augus the great","format":"[Gen 9] OU","log":"|j|\u2606bigjij11\n|j|\u2606augus the great\n|t:|1700881671\n|gametype|singles\n|player|p1|bigjij11|linebacker|1152\n|player|p2|augus the great|saguaro|1154\n|teamsize|p1|6\n|teamsize|p2|6\n|gen|9\n|tier|[Gen 9] OU\n|rated|\n|rule|Sleep Clause Mod: Limit one foe put to sleep\n|rule|Species Clause: Limit one of each Pok\u00e9mon\n|rule|OHKO Clause: OHKO moves are banned\n|rule|Evasion Items Clause: Evasion items are banned\n|rule|Evasion Moves Clause: Evasion moves are banned\n|rule|Endless Battle Clause: Forcing endless battles is banned\n|rule|HP Percentage Mod: HP is shown in percentages\n|clearpoke\n|poke|p1|Rillaboom, M|\n|poke|p1|Cinderace, F|\n|poke|p1|Ogerpon-Cornerstone, F|\n|poke|p1|Kingambit, F|\n|poke|p1|Great Tusk|\n|poke|p1|Iron Valiant|\n|poke|p2|Hatterene, F|\n|poke|p2|Gholdengo|\n|poke|p2|Iron Moth|\n|poke|p2|Mandibuzz, F|\n|poke|p2|Ting-Lu|\n|poke|p2|Kommo-o, M|\n|teampreview\n|inactive|Battle timer is ON: inactive players will automatically lose when time's up. (requested by bigjij11)\n|\n|t:|1700881682\n|start\n|switch|p1a: Great Tusk|Great Tusk|100\/100\n|switch|p2a: Ting-Lu|Ting-Lu|100\/100\n|-ability|p2a: Ting-Lu|Vessel of Ruin\n|turn|1\n|\n|t:|1700881687\n|move|p1a: Great Tusk|Stealth Rock|p2a: Ting-Lu\n|-sidestart|p2: augus the great|move: Stealth Rock\n|move|p2a: Ting-Lu|Ruination|p1a: Great Tusk\n|-damage|p1a: Great Tusk|50\/100\n|\n|upkeep\n|turn|2\n|\n|t:|1700881696\n|-end|p1a: Great Tusk|Protosynthesis|[silent]\n|switch|p1a: Rillaboom|Rillaboom, M|100\/100\n|-fieldstart|move: Grassy Terrain|[from] ability: Grassy Surge|[of] p1a: Rillaboom\n|switch|p2a: Mandibuzz|Mandibuzz, F, shiny|100\/100\n|\n|upkeep\n|turn|3\n|\n|t:|1700881702\n|move|p1a: Rillaboom|U-turn|p2a: Mandibuzz\n|-damage|p2a: Mandibuzz|80\/100\n|\n|t:|1700881712\n|switch|p1a: Iron Valiant|Iron Valiant|100\/100|[from] U-turn\n|-enditem|p1a: Iron Valiant|Booster Energy\n|-activate|p1a: Iron Valiant|ability: Quark Drive|[fromitem]\n|-start|p1a: Iron Valiant|quarkdrivespe\n|move|p2a: Mandibuzz|Defog|p1a: Iron Valiant\n|-unboost|p1a: Iron Valiant|evasion|1\n|-sideend|p2: augus the great|Stealth Rock|[from] move: Defog|[of] p2a: Mandibuzz\n|-fieldend|move: Grassy Terrain\n|\n|upkeep\n|turn|4\n|\n|t:|1700881726\n|move|p1a: Iron Valiant|Calm Mind|p1a: Iron Valiant\n|-boost|p1a: Iron Valiant|spa|1\n|-boost|p1a: Iron Valiant|spd|1\n|move|p2a: Mandibuzz|Toxic|p1a: Iron Valiant\n|-status|p1a: Iron Valiant|tox\n|\n|-damage|p1a: Iron Valiant|94\/100 tox|[from] psn\n|upkeep\n|turn|5\n|\n|t:|1700881730\n|switch|p2a: Ting-Lu|Ting-Lu|100\/100\n|-ability|p2a: Ting-Lu|Vessel of Ruin\n|move|p1a: Iron Valiant|Calm Mind|p1a: Iron Valiant\n|-boost|p1a: Iron Valiant|spa|1\n|-boost|p1a: Iron Valiant|spd|1\n|\n|-damage|p1a: Iron Valiant|82\/100 tox|[from] psn\n|upkeep\n|turn|6\n|\n|t:|1700881735\n|move|p1a: Iron Valiant|Moonblast|p2a: Ting-Lu\n|-supereffective|p2a: Ting-Lu\n|-damage|p2a: Ting-Lu|1\/100\n|move|p2a: Ting-Lu|Whirlwind|p1a: Iron Valiant\n|-end|p1a: Iron Valiant|Quark Drive|[silent]\n|drag|p1a: Ogerpon|Ogerpon-Cornerstone, F|100\/100\n|\n|upkeep\n|turn|7\n|c|\u2606augus the great|1\n|c|\u2606augus the great|Not even jokin\n|c|\u2606bigjij11|ting lu the goat\n|c|\u2606augus the great|1 hp\n|c|\u2606augus the great|True\n|\n|t:|1700881756\n|move|p1a: Ogerpon|Ivy Cudgel|p2a: Ting-Lu|[anim] Ivy Cudgel Rock\n|-resisted|p2a: Ting-Lu\n|-crit|p2a: Ting-Lu\n|-damage|p2a: Ting-Lu|0 fnt\n|faint|p2a: Ting-Lu\n|\n|upkeep\n|\n|t:|1700881760\n|switch|p2a: Hatterene|Hatterene, F, shiny|100\/100\n|turn|8\n|\n|t:|1700881776\n|switch|p1a: Rillaboom|Rillaboom, M|100\/100\n|-fieldstart|move: Grassy Terrain|[from] ability: Grassy Surge|[of] p1a: Rillaboom\n|move|p2a: Hatterene|Nuzzle|p1a: Rillaboom\n|-resisted|p1a: Rillaboom\n|-damage|p1a: Rillaboom|98\/100\n|-status|p1a: Rillaboom|par\n|\n|-heal|p1a: Rillaboom|100\/100 par|[from] Grassy Terrain\n|upkeep\n|turn|9\n|inactive|augus the great has 120 seconds left.\n|inactive|augus the great has 90 seconds left.\n|\n|t:|1700881865\n|switch|p2a: Mandibuzz|Mandibuzz, F, shiny|80\/100\n|cant|p1a: Rillaboom|par\n|\n|upkeep\n|turn|10\n|\n|t:|1700881874\n|move|p2a: Mandibuzz|Knock Off|p1a: Rillaboom\n|-damage|p1a: Rillaboom|73\/100 par\n|-enditem|p1a: Rillaboom|Choice Band|[from] move: Knock Off|[of] p2a: Mandibuzz\n|move|p1a: Rillaboom|Knock Off|p2a: Mandibuzz\n|-resisted|p2a: Mandibuzz\n|-damage|p2a: Mandibuzz|71\/100\n|-enditem|p2a: Mandibuzz|Heavy-Duty Boots|[from] move: Knock Off|[of] p1a: Rillaboom\n|\n|-heal|p1a: Rillaboom|79\/100 par|[from] Grassy Terrain\n|upkeep\n|turn|11\n|\n|t:|1700881881\n|move|p2a: Mandibuzz|Roost|p2a: Mandibuzz\n|-heal|p2a: Mandibuzz|100\/100\n|-singleturn|p2a: Mandibuzz|move: Roost\n|move|p1a: Rillaboom|U-turn|p2a: Mandibuzz\n|-supereffective|p2a: Mandibuzz\n|-damage|p2a: Mandibuzz|72\/100\n|\n|t:|1700881898\n|switch|p1a: Ogerpon|Ogerpon-Cornerstone, F|100\/100|[from] U-turn\n|\n|-heal|p2a: Mandibuzz|78\/100|[from] Grassy Terrain\n|upkeep\n|turn|12\n|inactive|augus the great has 90 seconds left.\n|inactive|augus the great has 60 seconds left.\n|inactive|bigjij11 has 120 seconds left.\n|\n|t:|1700881938\n|move|p1a: Ogerpon|Swords Dance|p1a: Ogerpon\n|-boost|p1a: Ogerpon|atk|2\n|move|p2a: Mandibuzz|Knock Off|p1a: Ogerpon\n|-damage|p1a: Ogerpon|81\/100\n|\n|-heal|p1a: Ogerpon|87\/100|[from] Grassy Terrain\n|-fieldend|move: Grassy Terrain\n|upkeep\n|turn|13\n|inactive|augus the great has 60 seconds left.\n|\n|t:|1700881953\n|-terastallize|p2a: Mandibuzz|Steel\n|move|p1a: Ogerpon|Ivy Cudgel|p2a: Mandibuzz|[anim] Ivy Cudgel Rock\n|-resisted|p2a: Mandibuzz\n|-damage|p2a: Mandibuzz|44\/100\n|move|p2a: Mandibuzz|Toxic|p1a: Ogerpon\n|-status|p1a: Ogerpon|tox\n|\n|-damage|p1a: Ogerpon|81\/100 tox|[from] psn\n|upkeep\n|turn|14\n|\n|t:|1700881957\n|move|p1a: Ogerpon|Low Kick|p2a: Mandibuzz\n|-supereffective|p2a: Mandibuzz\n|-damage|p2a: Mandibuzz|0 fnt\n|faint|p2a: Mandibuzz\n|\n|-damage|p1a: Ogerpon|69\/100 tox|[from] psn\n|upkeep\n|\n|t:|1700881963\n|switch|p2a: Kommo-o|Kommo-o, M, shiny|100\/100\n|turn|15\n|\n|t:|1700881966\n|-terastallize|p1a: Ogerpon|Rock\n|detailschange|p1a: Ogerpon|Ogerpon-Cornerstone-Tera, F, tera:Rock\n|-ability|p1a: Ogerpon|Embody Aspect (Cornerstone)|boost\n|-boost|p1a: Ogerpon|def|1\n|move|p1a: Ogerpon|Ivy Cudgel|p2a: Kommo-o|[anim] Ivy Cudgel Rock\n|-resisted|p2a: Kommo-o\n|-damage|p2a: Kommo-o|22\/100\n|-enditem|p2a: Kommo-o|Sitrus Berry|[eat]\n|-heal|p2a: Kommo-o|47\/100|[from] item: Sitrus Berry\n|move|p2a: Kommo-o|Scale Shot|p1a: Ogerpon\n|-damage|p1a: Ogerpon|58\/100 tox\n|-damage|p1a: Ogerpon|48\/100 tox\n|-damage|p1a: Ogerpon|38\/100 tox\n|-hitcount|p1a: Ogerpon|3\n|-unboost|p2a: Kommo-o|def|1\n|-boost|p2a: Kommo-o|spe|1\n|\n|-damage|p1a: Ogerpon|20\/100 tox|[from] psn\n|upkeep\n|turn|16\n|\n|t:|1700881975\n|switch|p1a: Iron Valiant|Iron Valiant|82\/100 tox\n|move|p2a: Kommo-o|Drain Punch|p1a: Iron Valiant\n|-resisted|p1a: Iron Valiant\n|-damage|p1a: Iron Valiant|58\/100 tox\n|-heal|p2a: Kommo-o|59\/100|[from] drain|[of] p1a: Iron Valiant\n|\n|-damage|p1a: Iron Valiant|52\/100 tox|[from] psn\n|upkeep\n|turn|17\n|inactive|augus the great has 90 seconds left.\n|inactive|bigjij11 has 120 seconds left.\n|\n|t:|1700882012\n|-end|p1a: Iron Valiant|Quark Drive|[silent]\n|switch|p1a: Rillaboom|Rillaboom, M|79\/100 par\n|-fieldstart|move: Grassy Terrain|[from] ability: Grassy Surge|[of] p1a: Rillaboom\n|move|p2a: Kommo-o|Belly Drum|p2a: Kommo-o\n|-damage|p2a: Kommo-o|9\/100\n|-setboost|p2a: Kommo-o|atk|6|[from] move: Belly Drum\n|\n|-heal|p2a: Kommo-o|16\/100|[from] Grassy Terrain\n|-heal|p1a: Rillaboom|86\/100 par|[from] Grassy Terrain\n|upkeep\n|turn|18\n|\n|t:|1700882017\n|move|p1a: Rillaboom|Grassy Glide|p2a: Kommo-o\n|-resisted|p2a: Kommo-o\n|-damage|p2a: Kommo-o|0 fnt\n|faint|p2a: Kommo-o\n|\n|-heal|p1a: Rillaboom|92\/100 par|[from] Grassy Terrain\n|upkeep\n|\n|t:|1700882021\n|switch|p2a: Iron Moth|Iron Moth|100\/100\n|-enditem|p2a: Iron Moth|Booster Energy\n|-activate|p2a: Iron Moth|ability: Quark Drive|[fromitem]\n|-start|p2a: Iron Moth|quarkdrivespa\n|turn|19\n|\n|t:|1700882026\n|move|p1a: Rillaboom|Grassy Glide|p2a: Iron Moth\n|-resisted|p2a: Iron Moth\n|-damage|p2a: Iron Moth|82\/100\n|move|p2a: Iron Moth|Agility|p2a: Iron Moth\n|-boost|p2a: Iron Moth|spe|2\n|\n|-heal|p2a: Iron Moth|88\/100|[from] Grassy Terrain\n|-heal|p1a: Rillaboom|98\/100 par|[from] Grassy Terrain\n|upkeep\n|turn|20\n|\n|t:|1700882030\n|move|p1a: Rillaboom|Grassy Glide|p2a: Iron Moth\n|-resisted|p2a: Iron Moth\n|-damage|p2a: Iron Moth|70\/100\n|move|p2a: Iron Moth|Fiery Dance|p1a: Rillaboom\n|-supereffective|p1a: Rillaboom\n|-damage|p1a: Rillaboom|0 fnt\n|-boost|p2a: Iron Moth|spa|1\n|faint|p1a: Rillaboom\n|\n|-heal|p2a: Iron Moth|76\/100|[from] Grassy Terrain\n|upkeep\n|\n|t:|1700882041\n|switch|p1a: Great Tusk|Great Tusk|50\/100\n|turn|21\n|\n|t:|1700882045\n|move|p2a: Iron Moth|Energy Ball|p1a: Great Tusk\n|-supereffective|p1a: Great Tusk\n|-damage|p1a: Great Tusk|0 fnt\n|faint|p1a: Great Tusk\n|-end|p1a: Great Tusk|Protosynthesis|[silent]\n|\n|-heal|p2a: Iron Moth|82\/100|[from] Grassy Terrain\n|-fieldend|move: Grassy Terrain\n|upkeep\n|\n|t:|1700882065\n|switch|p1a: Cinderace|Cinderace, F|100\/100\n|turn|22\n|\n|t:|1700882073\n|move|p2a: Iron Moth|Sludge Wave|p1a: Cinderace\n|-damage|p1a: Cinderace|0 fnt\n|faint|p1a: Cinderace\n|\n|upkeep\n|\n|t:|1700882085\n|switch|p1a: Iron Valiant|Iron Valiant|52\/100 tox\n|turn|23\n|\n|t:|1700882090\n|move|p2a: Iron Moth|Fiery Dance|p1a: Iron Valiant\n|-damage|p1a: Iron Valiant|0 fnt\n|faint|p1a: Iron Valiant\n|-end|p1a: Iron Valiant|Quark Drive|[silent]\n|\n|upkeep\n|\n|t:|1700882092\n|switch|p1a: Ogerpon|Ogerpon-Cornerstone-Tera, F, tera:Rock|20\/100 tox\n|-ability|p1a: Ogerpon|Embody Aspect (Cornerstone)|boost\n|-boost|p1a: Ogerpon|def|1\n|turn|24\n|\n|t:|1700882097\n|move|p2a: Iron Moth|Fiery Dance|p1a: Ogerpon\n|-resisted|p1a: Ogerpon\n|-damage|p1a: Ogerpon|0 fnt\n|faint|p1a: Ogerpon\n|\n|upkeep\n|\n|t:|1700882099\n|switch|p1a: Kingambit|Kingambit, F|100\/100\n|-activate|p1a: Kingambit|ability: Supreme Overlord\n|-start|p1a: Kingambit|fallen5|[silent]\n|turn|25\n|\n|t:|1700882104\n|move|p1a: Kingambit|Sucker Punch||[still]\n|-fail|p1a: Kingambit\n|move|p2a: Iron Moth|Agility|p2a: Iron Moth\n|-boost|p2a: Iron Moth|spe|2\n|\n|upkeep\n|turn|26\n|\n|t:|1700882108\n|move|p1a: Kingambit|Sucker Punch|p2a: Iron Moth\n|-damage|p2a: Iron Moth|0 fnt\n|faint|p2a: Iron Moth\n|-end|p2a: Iron Moth|Quark Drive|[silent]\n|\n|upkeep\n|\n|t:|1700882110\n|switch|p2a: Hatterene|Hatterene, F, shiny|100\/100\n|turn|27\n|\n|t:|1700882113\n|move|p1a: Kingambit|Iron Head|p2a: Hatterene\n|-supereffective|p2a: Hatterene\n|-damage|p2a: Hatterene|0 fnt\n|faint|p2a: Hatterene\n|\n|upkeep\n|\n|t:|1700882116\n|switch|p2a: Gholdengo|Gholdengo|100\/100\n|-item|p2a: Gholdengo|Air Balloon\n|turn|28\n|\n|t:|1700882118\n|move|p1a: Kingambit|Sucker Punch||[still]\n|-fail|p1a: Kingambit\n|move|p2a: Gholdengo|Nasty Plot|p2a: Gholdengo\n|-boost|p2a: Gholdengo|spa|2\n|\n|upkeep\n|turn|29\n|\n|t:|1700882122\n|move|p1a: Kingambit|Sucker Punch|p2a: Gholdengo\n|-supereffective|p2a: Gholdengo\n|-damage|p2a: Gholdengo|0 fnt\n|-enditem|p2a: Gholdengo|Air Balloon\n|faint|p2a: Gholdengo\n|\n|win|bigjij11\n|raw|bigjij11's rating: 1152 &rarr; <strong>1177<\/strong><br \/>(+25 for winning)\n|raw|augus the great's rating: 1154 &rarr; <strong>1129<\/strong><br \/>(-25 for losing)\n|c|\u2606bigjij11|gg\n|l|\u2606augus the great\n","uploadtime":1700882137,"views":2,"p1id":"bigjij11","p2id":"augusthegreat","formatid":"gen9ou","rating":1129,"private":0,"password":""}