{"id":"gen9ou-1988849551","p1":"chibiknows","p2":"Midoriashonen","format":"[Gen 9] OU","log":"|j|\u2606chibiknows\n|j|\u2606Midoriashonen\n|t:|1699773434\n|gametype|singles\n|player|p1|chibiknows|preschooler|1143\n|player|p2|Midoriashonen|giovanni|1221\n|teamsize|p1|6\n|teamsize|p2|6\n|gen|9\n|tier|[Gen 9] OU\n|rated|\n|rule|Sleep Clause Mod: Limit one foe put to sleep\n|rule|Species Clause: Limit one of each Pok\u00e9mon\n|rule|OHKO Clause: OHKO moves are banned\n|rule|Evasion Items Clause: Evasion items are banned\n|rule|Evasion Moves Clause: Evasion moves are banned\n|rule|Endless Battle Clause: Forcing endless battles is banned\n|rule|HP Percentage Mod: HP is shown in percentages\n|clearpoke\n|poke|p1|Infernape, M|\n|poke|p1|Alomomola, F|\n|poke|p1|Blissey, F|\n|poke|p1|Slowbro-Galar, M|\n|poke|p1|Munkidori, M|\n|poke|p1|Enamorus, F|\n|poke|p2|Glimmora, M|\n|poke|p2|Corviknight, M|\n|poke|p2|Dragapult, M|\n|poke|p2|Chansey, F|\n|poke|p2|Great Tusk|\n|poke|p2|Greninja-*, M|\n|teampreview\n|\n|t:|1699773449\n|start\n|switch|p1a: Alomomola|Alomomola, F|100\/100\n|switch|p2a: Glimmora|Glimmora, M, shiny|100\/100\n|-item|p2a: Glimmora|Air Balloon\n|turn|1\n|inactive|Battle timer is ON: inactive players will automatically lose when time's up. (requested by Midoriashonen)\n|\n|t:|1699773461\n|move|p2a: Glimmora|Stealth Rock|p1a: Alomomola\n|-sidestart|p1: chibiknows|move: Stealth Rock\n|move|p1a: Alomomola|Flip Turn|p2a: Glimmora\n|-supereffective|p2a: Glimmora\n|-damage|p2a: Glimmora|27\/100\n|-activate|p2a: Glimmora|ability: Toxic Debris\n|-sidestart|p1: chibiknows|move: Toxic Spikes\n|-enditem|p2a: Glimmora|Air Balloon\n|\n|t:|1699773466\n|switch|p1a: Enamorus|Enamorus, F|100\/100|[from] Flip Turn\n|-damage|p1a: Enamorus|76\/100|[from] Stealth Rock\n|\n|upkeep\n|turn|2\n|\n|t:|1699773471\n|move|p1a: Enamorus|Superpower|p2a: Glimmora\n|-damage|p2a: Glimmora|0 fnt\n|-boost|p1a: Enamorus|atk|1\n|-boost|p1a: Enamorus|def|1\n|-activate|p2a: Glimmora|ability: Toxic Debris\n|-sidestart|p1: chibiknows|move: Toxic Spikes\n|faint|p2a: Glimmora\n|\n|upkeep\n|\n|t:|1699773484\n|switch|p2a: Corviknight|Corviknight, M|100\/100\n|turn|3\n|\n|t:|1699773497\n|switch|p1a: Slowbro|Slowbro-Galar, M|100\/100\n|-damage|p1a: Slowbro|88\/100|[from] Stealth Rock\n|-sideend|p1: chibiknows|move: Toxic Spikes|[of] p1a: Slowbro\n|move|p2a: Corviknight|Iron Head|p1a: Slowbro\n|-damage|p1a: Slowbro|65\/100\n|\n|upkeep\n|turn|4\n|-activate|p1a: Slowbro|ability: Quick Draw\n|\n|t:|1699773503\n|switch|p2a: Chansey|Chansey, F|100\/100\n|move|p1a: Slowbro|Fire Blast|p2a: Chansey\n|-damage|p2a: Chansey|91\/100\n|\n|upkeep\n|turn|5\n|-activate|p1a: Slowbro|ability: Quick Draw\n|\n|t:|1699773531\n|move|p1a: Slowbro|Shell Side Arm|p2a: Chansey|[anim] Shell Side Arm Physical\n|-damage|p2a: Chansey|69\/100\n|-hint|Physical Shell Side Arm\n|move|p2a: Chansey|Thunder Wave|p1a: Slowbro\n|-status|p1a: Slowbro|par\n|\n|upkeep\n|turn|6\n|\n|t:|1699773538\n|move|p2a: Chansey|Soft-Boiled|p2a: Chansey\n|-heal|p2a: Chansey|100\/100\n|cant|p1a: Slowbro|par\n|\n|upkeep\n|turn|7\n|\n|t:|1699773542\n|move|p2a: Chansey|Seismic Toss|p1a: Slowbro\n|-damage|p1a: Slowbro|40\/100 par\n|move|p1a: Slowbro|Shell Side Arm|p2a: Chansey|[anim] Shell Side Arm Physical\n|-damage|p2a: Chansey|77\/100\n|-hint|Physical Shell Side Arm\n|\n|upkeep\n|turn|8\n|\n|t:|1699773545\n|move|p2a: Chansey|Seismic Toss|p1a: Slowbro\n|-damage|p1a: Slowbro|14\/100 par\n|move|p1a: Slowbro|Slack Off|p1a: Slowbro\n|-heal|p1a: Slowbro|64\/100 par\n|\n|upkeep\n|turn|9\n|\n|t:|1699773553\n|switch|p1a: Alomomola|Alomomola, F|100\/100\n|-damage|p1a: Alomomola|88\/100|[from] Stealth Rock\n|move|p2a: Chansey|Seismic Toss|p1a: Alomomola\n|-damage|p1a: Alomomola|69\/100\n|\n|upkeep\n|turn|10\n|\n|t:|1699773558\n|move|p1a: Alomomola|Liquidation|p2a: Chansey\n|-damage|p2a: Chansey|39\/100\n|move|p2a: Chansey|Thunder Wave|p1a: Alomomola\n|-status|p1a: Alomomola|par\n|\n|upkeep\n|turn|11\n|\n|t:|1699773561\n|move|p2a: Chansey|Soft-Boiled|p2a: Chansey\n|-heal|p2a: Chansey|89\/100\n|move|p1a: Alomomola|Liquidation|p2a: Chansey\n|-damage|p2a: Chansey|50\/100\n|\n|upkeep\n|turn|12\n|\n|t:|1699773566\n|switch|p2a: Dragapult|Dragapult, M|100\/100\n|move|p1a: Alomomola|Liquidation|p2a: Dragapult\n|-resisted|p2a: Dragapult\n|-damage|p2a: Dragapult|61\/100\n|-unboost|p2a: Dragapult|def|1\n|\n|upkeep\n|turn|13\n|\n|t:|1699773577\n|switch|p2a: Corviknight|Corviknight, M|100\/100\n|switch|p1a: Blissey|Blissey, F|100\/100\n|-damage|p1a: Blissey|88\/100|[from] Stealth Rock\n|\n|upkeep\n|turn|14\n|\n|t:|1699773587\n|move|p2a: Corviknight|Iron Head|p1a: Blissey\n|-damage|p1a: Blissey|36\/100\n|move|p1a: Blissey|Thunder|p2a: Corviknight\n|-supereffective|p2a: Corviknight\n|-damage|p2a: Corviknight|31\/100\n|-status|p2a: Corviknight|par\n|\n|upkeep\n|turn|15\n|\n|t:|1699773595\n|move|p1a: Blissey|Fire Blast|p2a: Corviknight\n|-supereffective|p2a: Corviknight\n|-damage|p2a: Corviknight|0 fnt\n|faint|p2a: Corviknight\n|\n|upkeep\n|c|\u2606Midoriashonen|nice luck\n|\n|t:|1699773601\n|switch|p2a: Dragapult|Dragapult, M|61\/100\n|turn|16\n|c|\u2606chibiknows|serene grace\n|\n|t:|1699773612\n|move|p2a: Dragapult|Dragon Dance|p2a: Dragapult\n|-boost|p2a: Dragapult|atk|1\n|-boost|p2a: Dragapult|spe|1\n|move|p1a: Blissey|Blizzard|p2a: Dragapult\n|-supereffective|p2a: Dragapult\n|-damage|p2a: Dragapult|0 fnt\n|faint|p2a: Dragapult\n|\n|upkeep\n|inactive|Midoriashonen has 120 seconds left.\n|c|\u2606Midoriashonen|serene grace can\u00b4t boost de accuary\n|\n|t:|1699773647\n|switch|p2a: Greninja|Greninja, M|100\/100\n|turn|17\n|inactive|Midoriashonen has 120 seconds left.\n|\n|t:|1699773653\n|-terastallize|p2a: Greninja|Ice\n|move|p2a: Greninja|Surf|p1a: Blissey\n|-damage|p1a: Blissey|14\/100\n|-damage|p2a: Greninja|91\/100|[from] item: Life Orb\n|move|p1a: Blissey|Thunder|p2a: Greninja\n|-damage|p2a: Greninja|45\/100\n|-status|p2a: Greninja|par\n|\n|upkeep\n|turn|18\n|inactive|Midoriashonen has 120 seconds left.\n|c|\u2606Midoriashonen|4-4\n|c|\u2606Midoriashonen|lucker\n|-message|Midoriashonen forfeited.\n|\n|win|chibiknows\n|raw|chibiknows's rating: 1143 &rarr; <strong>1174<\/strong><br \/>(+31 for winning)\n|raw|Midoriashonen's rating: 1221 &rarr; <strong>1190<\/strong><br \/>(-31 for losing)\n|l|\u2606Midoriashonen\n","uploadtime":1699773674,"views":10,"p1id":"chibiknows","p2id":"midoriashonen","formatid":"gen9ou","rating":1174,"private":0,"password":""}