{"id":"gen9ou-1988954401","p1":"by nicole","p2":"superiax","format":"[Gen 9] OU","log":"|j|\u2606by nicole\n|j|\u2606superiax\n|t:|1699793929\n|gametype|singles\n|player|p1|by nicole|lucas|1301\n|player|p2|superiax|whitney|1330\n|teamsize|p1|6\n|teamsize|p2|6\n|gen|9\n|tier|[Gen 9] OU\n|rated|\n|rule|Sleep Clause Mod: Limit one foe put to sleep\n|rule|Species Clause: Limit one of each Pok\u00e9mon\n|rule|OHKO Clause: OHKO moves are banned\n|rule|Evasion Items Clause: Evasion items are banned\n|rule|Evasion Moves Clause: Evasion moves are banned\n|rule|Endless Battle Clause: Forcing endless battles is banned\n|rule|HP Percentage Mod: HP is shown in percentages\n|clearpoke\n|poke|p1|Ribombee, M|\n|poke|p1|Gholdengo|\n|poke|p1|Great Tusk|\n|poke|p1|Kingambit, M|\n|poke|p1|Manaphy|\n|poke|p1|Iron Moth|\n|poke|p2|Ribombee, F|\n|poke|p2|Ninetales-Alola, F|\n|poke|p2|Kingambit, M|\n|poke|p2|Iron Moth|\n|poke|p2|Gholdengo|\n|poke|p2|Ogerpon-Wellspring, F|\n|teampreview\n|inactive|Battle timer is ON: inactive players will automatically lose when time's up. (requested by superiax)\n|\n|t:|1699793935\n|start\n|switch|p1a: Iron Moth|Iron Moth|100\/100\n|switch|p2a: Mirror Master|Ribombee, F, shiny|100\/100\n|-enditem|p1a: Iron Moth|Booster Energy\n|-activate|p1a: Iron Moth|ability: Quark Drive|[fromitem]\n|-start|p1a: Iron Moth|quarkdrivespe\n|turn|1\n|\n|t:|1699793948\n|move|p1a: Iron Moth|Substitute|p1a: Iron Moth\n|-start|p1a: Iron Moth|Substitute\n|-damage|p1a: Iron Moth|76\/100\n|move|p2a: Mirror Master|Sticky Web|p1a: Iron Moth\n|-sidestart|p1: by nicole|move: Sticky Web\n|\n|upkeep\n|turn|2\n|\n|t:|1699793953\n|move|p1a: Iron Moth|Fiery Dance|p2a: Mirror Master\n|-supereffective|p2a: Mirror Master\n|-enditem|p2a: Mirror Master|Focus Sash\n|-damage|p2a: Mirror Master|1\/100\n|move|p2a: Mirror Master|Psychic|p1a: Iron Moth\n|-supereffective|p1a: Iron Moth\n|-end|p1a: Iron Moth|Substitute\n|\n|upkeep\n|turn|3\n|\n|t:|1699793961\n|move|p1a: Iron Moth|Fiery Dance|p2a: Mirror Master\n|-supereffective|p2a: Mirror Master\n|-damage|p2a: Mirror Master|0 fnt\n|-boost|p1a: Iron Moth|spa|1\n|faint|p2a: Mirror Master\n|\n|upkeep\n|\n|t:|1699793968\n|switch|p2a: Weather Wizard|Ogerpon-Wellspring, F|100\/100\n|turn|4\n|\n|t:|1699793974\n|-terastallize|p2a: Weather Wizard|Water\n|detailschange|p2a: Weather Wizard|Ogerpon-Wellspring-Tera, F, tera:Water\n|-ability|p2a: Weather Wizard|Embody Aspect (Wellspring)|boost\n|-boost|p2a: Weather Wizard|spd|1\n|move|p1a: Iron Moth|Sludge Wave|p2a: Weather Wizard\n|-damage|p2a: Weather Wizard|49\/100\n|move|p2a: Weather Wizard|Ivy Cudgel|p1a: Iron Moth\n|-supereffective|p1a: Iron Moth\n|-damage|p1a: Iron Moth|0 fnt\n|faint|p1a: Iron Moth\n|-end|p1a: Iron Moth|Quark Drive|[silent]\n|\n|upkeep\n|\n|t:|1699793984\n|switch|p1a: Ribombee|Ribombee, M|100\/100\n|-activate|p1a: Ribombee|move: Sticky Web\n|-unboost|p1a: Ribombee|spe|1\n|turn|5\n|\n|t:|1699793989\n|move|p2a: Weather Wizard|Horn Leech|p1a: Ribombee\n|-resisted|p1a: Ribombee\n|-damage|p1a: Ribombee|53\/100\n|-heal|p2a: Weather Wizard|70\/100|[from] drain|[of] p1a: Ribombee\n|move|p1a: Ribombee|Stun Spore|p2a: Weather Wizard|[miss]\n|-miss|p1a: Ribombee|p2a: Weather Wizard\n|\n|upkeep\n|turn|6\n|\n|t:|1699793996\n|move|p2a: Weather Wizard|Ivy Cudgel|p1a: Ribombee\n|-crit|p1a: Ribombee\n|-damage|p1a: Ribombee|0 fnt\n|faint|p1a: Ribombee\n|\n|upkeep\n|\n|t:|1699793998\n|switch|p1a: Manaphy|Manaphy|100\/100\n|-activate|p1a: Manaphy|move: Sticky Web\n|-unboost|p1a: Manaphy|spe|1\n|turn|7\n|\n|t:|1699794006\n|-terastallize|p1a: Manaphy|Dragon\n|move|p2a: Weather Wizard|Swords Dance|p2a: Weather Wizard\n|-boost|p2a: Weather Wizard|atk|2\n|move|p1a: Manaphy|Acid Armor|p1a: Manaphy\n|-boost|p1a: Manaphy|def|2\n|\n|upkeep\n|turn|8\n|\n|t:|1699794013\n|move|p2a: Weather Wizard|Ivy Cudgel|p1a: Manaphy\n|-resisted|p1a: Manaphy\n|-damage|p1a: Manaphy|75\/100\n|move|p1a: Manaphy|Acid Armor|p1a: Manaphy\n|-boost|p1a: Manaphy|def|2\n|\n|-heal|p1a: Manaphy|81\/100|[from] item: Leftovers\n|upkeep\n|turn|9\n|\n|t:|1699794021\n|switch|p2a: Captain Cold|Ninetales-Alola, F, shiny|100\/100\n|-weather|Snow|[from] ability: Snow Warning|[of] p2a: Captain Cold\n|move|p1a: Manaphy|Take Heart|p1a: Manaphy\n|-boost|p1a: Manaphy|spa|1\n|-boost|p1a: Manaphy|spd|1\n|\n|-weather|Snow|[upkeep]\n|-heal|p1a: Manaphy|88\/100|[from] item: Leftovers\n|upkeep\n|turn|10\n|\n|t:|1699794030\n|move|p2a: Captain Cold|Moonblast|p1a: Manaphy\n|-supereffective|p1a: Manaphy\n|-damage|p1a: Manaphy|56\/100\n|move|p1a: Manaphy|Take Heart|p1a: Manaphy\n|-boost|p1a: Manaphy|spa|1\n|-boost|p1a: Manaphy|spd|1\n|\n|-weather|Snow|[upkeep]\n|-heal|p1a: Manaphy|63\/100|[from] item: Leftovers\n|upkeep\n|turn|11\n|\n|t:|1699794038\n|move|p2a: Captain Cold|Moonblast|p1a: Manaphy\n|-supereffective|p1a: Manaphy\n|-damage|p1a: Manaphy|40\/100\n|move|p1a: Manaphy|Stored Power|p2a: Captain Cold\n|-damage|p2a: Captain Cold|27\/100\n|\n|-weather|Snow|[upkeep]\n|-heal|p1a: Manaphy|46\/100|[from] item: Leftovers\n|upkeep\n|turn|12\n|\n|t:|1699794045\n|move|p2a: Captain Cold|Aurora Veil|p2a: Captain Cold\n|-sidestart|p2: superiax|move: Aurora Veil\n|move|p1a: Manaphy|Scald|p2a: Captain Cold\n|-damage|p2a: Captain Cold|0 fnt\n|faint|p2a: Captain Cold\n|\n|-weather|Snow|[upkeep]\n|-heal|p1a: Manaphy|52\/100|[from] item: Leftovers\n|upkeep\n|\n|t:|1699794067\n|switch|p2a: Golden Glider|Gholdengo|100\/100\n|turn|13\n|\n|t:|1699794072\n|move|p2a: Golden Glider|Nasty Plot|p2a: Golden Glider\n|-boost|p2a: Golden Glider|spa|2\n|move|p1a: Manaphy|Scald|p2a: Golden Glider\n|-crit|p2a: Golden Glider\n|-damage|p2a: Golden Glider|23\/100\n|\n|-weather|none\n|-heal|p1a: Manaphy|58\/100|[from] item: Leftovers\n|upkeep\n|turn|14\n|\n|t:|1699794080\n|move|p2a: Golden Glider|Make It Rain|p1a: Manaphy\n|-damage|p1a: Manaphy|10\/100\n|-unboost|p2a: Golden Glider|spa|1\n|move|p1a: Manaphy|Scald|p2a: Golden Glider\n|-damage|p2a: Golden Glider|0 fnt\n|faint|p2a: Golden Glider\n|\n|-heal|p1a: Manaphy|16\/100|[from] item: Leftovers\n|upkeep\n|\n|t:|1699794097\n|switch|p2a: Heatwave|Iron Moth, shiny|100\/100\n|turn|15\n|\n|t:|1699794102\n|move|p2a: Heatwave|Dazzling Gleam|p1a: Manaphy\n|-supereffective|p1a: Manaphy\n|-damage|p1a: Manaphy|0 fnt\n|faint|p1a: Manaphy\n|\n|upkeep\n|\n|t:|1699794112\n|switch|p1a: Kingambit|Kingambit, M|100\/100\n|-activate|p1a: Kingambit|move: Sticky Web\n|-unboost|p1a: Kingambit|spe|1\n|-activate|p1a: Kingambit|ability: Supreme Overlord\n|-start|p1a: Kingambit|fallen3|[silent]\n|turn|16\n|\n|t:|1699794119\n|move|p2a: Heatwave|Fiery Dance|p1a: Kingambit\n|-supereffective|p1a: Kingambit\n|-damage|p1a: Kingambit|0 fnt\n|-boost|p2a: Heatwave|spa|1\n|faint|p1a: Kingambit\n|-end|p1a: Kingambit|fallen3|[silent]\n|\n|upkeep\n|-message|by nicole forfeited.\n|\n|win|superiax\n|raw|by nicole's rating: 1301 &rarr; <strong>1283<\/strong><br \/>(-18 for losing)\n|raw|superiax's rating: 1330 &rarr; <strong>1348<\/strong><br \/>(+18 for winning)\n|l|\u2606by nicole\n","uploadtime":1699794139,"views":8,"p1id":"bynicole","p2id":"superiax","formatid":"gen9ou","rating":1283,"private":0,"password":""}