{"id":"gen9ou-1996828618","p1":"roamflag","p2":"tekken_is_life","format":"[Gen 9] OU","log":"|j|\u2606roamflag\n|j|\u203dtekken_is_life\n|t:|1700731920\n|gametype|singles\n|player|p1|roamflag|hilda-wonderlauncher|1667\n|player|p2|tekken_is_life|riley|1703\n|teamsize|p1|6\n|teamsize|p2|6\n|gen|9\n|tier|[Gen 9] OU\n|rated|\n|rule|Sleep Clause Mod: Limit one foe put to sleep\n|rule|Species Clause: Limit one of each Pok\u00e9mon\n|rule|OHKO Clause: OHKO moves are banned\n|rule|Evasion Items Clause: Evasion items are banned\n|rule|Evasion Moves Clause: Evasion moves are banned\n|rule|Endless Battle Clause: Forcing endless battles is banned\n|rule|HP Percentage Mod: HP is shown in percentages\n|clearpoke\n|poke|p1|Pelipper, M|\n|poke|p1|Greninja-*, M|\n|poke|p1|Basculegion, M|\n|poke|p1|Sandy Shocks|\n|poke|p1|Scizor, M|\n|poke|p1|Zapdos|\n|poke|p2|Enamorus, F|\n|poke|p2|Iron Moth|\n|poke|p2|Great Tusk|\n|poke|p2|Ogerpon-Cornerstone, F|\n|poke|p2|Kingambit, F|\n|poke|p2|Dragapult, F|\n|teampreview\n|j| AGisgood\u82cd\u54cd\u4fa0\n|inactive|Battle timer is ON: inactive players will automatically lose when time's up. (requested by roamflag)\n|\n|t:|1700731927\n|start\n|switch|p1a: \u730e\u6237\u5ea7|Sandy Shocks|100\/100\n|switch|p2a: Dragapult|Dragapult, F|100\/100\n|-enditem|p1a: \u730e\u6237\u5ea7|Booster Energy\n|-activate|p1a: \u730e\u6237\u5ea7|ability: Protosynthesis|[fromitem]\n|-start|p1a: \u730e\u6237\u5ea7|protosynthesisspe\n|turn|1\n|\n|t:|1700731934\n|move|p1a: \u730e\u6237\u5ea7|Stealth Rock|p2a: Dragapult\n|-sidestart|p2: tekken_is_life|move: Stealth Rock\n|move|p2a: Dragapult|Draco Meteor|p1a: \u730e\u6237\u5ea7\n|-damage|p1a: \u730e\u6237\u5ea7|1\/100\n|-unboost|p2a: Dragapult|spa|2\n|\n|upkeep\n|turn|2\n|c| AGisgood\u82cd\u54cd\u4fa0|\u661f\u86fe\u5417awa\n|\n|t:|1700731944\n|move|p1a: \u730e\u6237\u5ea7|Thunderbolt|p2a: Dragapult\n|-resisted|p2a: Dragapult\n|-damage|p2a: Dragapult|73\/100\n|-status|p2a: Dragapult|par\n|move|p2a: Dragapult|Draco Meteor|p1a: \u730e\u6237\u5ea7\n|-damage|p1a: \u730e\u6237\u5ea7|0 fnt\n|-unboost|p2a: Dragapult|spa|2\n|faint|p1a: \u730e\u6237\u5ea7\n|-end|p1a: \u730e\u6237\u5ea7|Protosynthesis|[silent]\n|\n|upkeep\n|c| AGisgood\u82cd\u54cd\u4fa0|\u4f60\u5973\u5b50\n|n| ZacianHero160|agisgood\n|\n|t:|1700731966\n|switch|p1a: \u7ba1\u98ce\u7434|Scizor, M|100\/100\n|turn|3\n|\n|t:|1700731970\n|cant|p2a: Dragapult|par\n|move|p1a: \u7ba1\u98ce\u7434|Thief|p2a: Dragapult\n|-supereffective|p2a: Dragapult\n|-damage|p2a: Dragapult|0 fnt\n|faint|p2a: Dragapult\n|\n|upkeep\n|\n|t:|1700731974\n|switch|p2a: Great Tusk|Great Tusk|100\/100\n|-damage|p2a: Great Tusk|97\/100|[from] Stealth Rock\n|-enditem|p2a: Great Tusk|Booster Energy\n|-activate|p2a: Great Tusk|ability: Protosynthesis|[fromitem]\n|-start|p2a: Great Tusk|protosynthesisatk\n|turn|4\n|c|\u2606roamflag|\u6211\u53bb\n|c| ZacianHero160|\u548b\u4e86\n|c|\u2606roamflag|\u600e\u4e48\u662f\u4f60\n|\n|t:|1700731994\n|switch|p1a: \u66b4\u98ce|Zapdos|100\/100\n|-ability|p1a: \u66b4\u98ce|Pressure\n|move|p2a: Great Tusk|Rapid Spin|p1a: \u66b4\u98ce\n|-damage|p1a: \u66b4\u98ce|80\/100\n|-boost|p2a: Great Tusk|spe|1\n|-sideend|p2: tekken_is_life|Stealth Rock|[from] move: Rapid Spin|[of] p2a: Great Tusk\n|\n|upkeep\n|turn|5\n|\n|t:|1700732009\n|-terastallize|p2a: Great Tusk|Electric\n|move|p2a: Great Tusk|Bulk Up|p2a: Great Tusk\n|-boost|p2a: Great Tusk|atk|1\n|-boost|p2a: Great Tusk|def|1\n|move|p1a: \u66b4\u98ce|Hurricane|p2a: Great Tusk|[miss]\n|-miss|p1a: \u66b4\u98ce|p2a: Great Tusk\n|\n|upkeep\n|turn|6\n|c|\u2606roamflag|\u597d\u597d\u597d\n|c|\u2606roamflag|\u73b0\u5728\u5f88\u6d41\u884c\u949b\u7535\u7259\u5417\n|inactive|roamflag has 120 seconds left.\n|\n|t:|1700732046\n|switch|p1a: \u5929\u9876|Pelipper, M|100\/100\n|-weather|RainDance|[from] ability: Drizzle|[of] p1a: \u5929\u9876\n|move|p2a: Great Tusk|Ice Spinner|p1a: \u5929\u9876\n|-damage|p1a: \u5929\u9876|43\/100\n|\n|-weather|RainDance|[upkeep]\n|upkeep\n|turn|7\n|\n|t:|1700732053\n|move|p2a: Great Tusk|Ice Spinner|p1a: \u5929\u9876\n|-damage|p1a: \u5929\u9876|0 fnt\n|faint|p1a: \u5929\u9876\n|\n|-weather|RainDance|[upkeep]\n|upkeep\n|\n|t:|1700732062\n|switch|p1a: \u5251\u9c7c|Basculegion, M|100\/100\n|turn|8\n|inactive|roamflag has 120 seconds left.\n|\n|t:|1700732068\n|-terastallize|p1a: \u5251\u9c7c|Water\n|move|p1a: \u5251\u9c7c|Wave Crash|p2a: Great Tusk\n|-damage|p2a: Great Tusk|15\/100\n|-damage|p1a: \u5251\u9c7c|73\/100|[from] Recoil\n|move|p2a: Great Tusk|Headlong Rush|p1a: \u5251\u9c7c\n|-damage|p1a: \u5251\u9c7c|0 fnt\n|-unboost|p2a: Great Tusk|def|1\n|-unboost|p2a: Great Tusk|spd|1\n|faint|p1a: \u5251\u9c7c\n|\n|-weather|RainDance|[upkeep]\n|upkeep\n|inactive|roamflag has 120 seconds left.\n|l| ZacianHero160\n|\n|t:|1700732078\n|switch|p1a: \u51b7\u96e8|Greninja, M|100\/100\n|turn|9\n|j| mew852\n|\n|t:|1700732089\n|move|p1a: \u51b7\u96e8|Water Shuriken|p2a: Great Tusk\n|-damage|p2a: Great Tusk|0 fnt\n|faint|p2a: Great Tusk\n|-end|p2a: Great Tusk|Protosynthesis|[silent]\n|-ability|p1a: \u51b7\u96e8|Battle Bond|boost\n|-boost|p1a: \u51b7\u96e8|atk|1\n|-boost|p1a: \u51b7\u96e8|spa|1\n|-boost|p1a: \u51b7\u96e8|spe|1\n|-activate|p1a: \u51b7\u96e8|ability: Battle Bond\n|-hitcount|p2: Great Tusk|1\n|\n|-weather|RainDance|[upkeep]\n|upkeep\n|\n|t:|1700732092\n|switch|p2a: Ogerpon|Ogerpon-Cornerstone, F|100\/100\n|turn|10\n|c|\u2606roamflag|\u4f60\u80fd\u544a\u8bc9\u4e0b\u6211\u4f60\u591a\u5c11\u5206\u5417\n|c|\u2606roamflag|\u6211\u8fd9\u624b\u673a\u7aef\u770b\u4e0d\u5230\n|inactive|roamflag has 120 seconds left.\n|\n|t:|1700732128\n|move|p1a: \u51b7\u96e8|Water Shuriken|p2a: Ogerpon\n|-damage|p2a: Ogerpon|79\/100\n|-damage|p2a: Ogerpon|59\/100\n|-hitcount|p2a: Ogerpon|2\n|move|p2a: Ogerpon|Horn Leech|p1a: \u51b7\u96e8\n|-supereffective|p1a: \u51b7\u96e8\n|-damage|p1a: \u51b7\u96e8|0 fnt\n|-heal|p2a: Ogerpon|100\/100|[from] drain|[of] p1a: \u51b7\u96e8\n|faint|p1a: \u51b7\u96e8\n|\n|-weather|RainDance|[upkeep]\n|upkeep\n|\n|t:|1700732135\n|switch|p1a: \u7ba1\u98ce\u7434|Scizor, M|100\/100\n|turn|11\n|\n|t:|1700732151\n|switch|p2a: Enamorus|Enamorus, F|100\/100\n|move|p1a: \u7ba1\u98ce\u7434|U-turn|p2a: Enamorus\n|-resisted|p2a: Enamorus\n|-damage|p2a: Enamorus|85\/100\n|-start|p1a: \u7ba1\u98ce\u7434|Attract|[from] ability: Cute Charm|[of] p2a: Enamorus\n|\n|t:|1700732161\n|switch|p1a: \u66b4\u98ce|Zapdos|80\/100|[from] U-turn\n|-ability|p1a: \u66b4\u98ce|Pressure\n|\n|-weather|RainDance|[upkeep]\n|upkeep\n|turn|12\n|\n|t:|1700732174\n|move|p2a: Enamorus|Healing Wish|p2a: Enamorus\n|faint|p2a: Enamorus\n|move|p1a: \u66b4\u98ce|Thunder|p2: Enamorus|[notarget]\n|-fail|p1a: \u66b4\u98ce\n|\n|-weather|RainDance|[upkeep]\n|upkeep\n|\n|t:|1700732179\n|switch|p2a: Ogerpon|Ogerpon-Cornerstone, F|100\/100\n|turn|13\n|inactive|roamflag has 120 seconds left.\n|\n|t:|1700732187\n|switch|p1a: \u7ba1\u98ce\u7434|Scizor, M|100\/100\n|move|p2a: Ogerpon|Ivy Cudgel|p1a: \u7ba1\u98ce\u7434|[anim] Ivy Cudgel Rock\n|-damage|p1a: \u7ba1\u98ce\u7434|37\/100\n|\n|-weather|none\n|upkeep\n|turn|14\n|\n|t:|1700732193\n|move|p1a: \u7ba1\u98ce\u7434|Bullet Punch|p2a: Ogerpon\n|-supereffective|p2a: Ogerpon\n|-damage|p2a: Ogerpon|12\/100\n|move|p2a: Ogerpon|Ivy Cudgel|p1a: \u7ba1\u98ce\u7434|[anim] Ivy Cudgel Rock\n|-damage|p1a: \u7ba1\u98ce\u7434|0 fnt\n|faint|p1a: \u7ba1\u98ce\u7434\n|\n|upkeep\n|\n|t:|1700732197\n|switch|p1a: \u66b4\u98ce|Zapdos|80\/100\n|-ability|p1a: \u66b4\u98ce|Pressure\n|turn|15\n|\n|t:|1700732202\n|move|p2a: Ogerpon|Ivy Cudgel|p1a: \u66b4\u98ce|[anim] Ivy Cudgel Rock\n|-supereffective|p1a: \u66b4\u98ce\n|-crit|p1a: \u66b4\u98ce\n|-damage|p1a: \u66b4\u98ce|0 fnt\n|faint|p1a: \u66b4\u98ce\n|\n|win|tekken_is_life\n|raw|roamflag's rating: 1667 &rarr; <strong>1649<\/strong><br \/>(-18 for losing)\n|raw|tekken_is_life's rating: 1703 &rarr; <strong>1721<\/strong><br \/>(+18 for winning)\n|l|\u2606roamflag\n|l|\u203dtekken_is_life\n|j|\u203dtekken_is_life\n|player|p2|tekken_is_life|riley\n|n|\u203dtekken_is_life|tekkenislife\n|n|\u203dtekken_is_life|tekkenislife\n|n|\u203dtekken_is_life|tekkenislife\n|n|\u203dtekken_is_life|tekkenislife\n|n|\u203dtekken_is_life|tekkenislife\n|n|\u203dtekken_is_life|tekkenislife\n|n|\u203dtekken_is_life|tekkenislife\n|n|\u203dtekken_is_life|tekkenislife\n|n|\u203dtekken_is_life|tekkenislife\n|n|\u203dtekken_is_life|tekkenislife\n|n|\u203dtekken_is_life|tekkenislife\n|n|\u203dtekken_is_life|tekkenislife\n|n|\u203dtekken_is_life|tekkenislife\n|n|\u203dtekken_is_life|tekkenislife\n|n|\u203dtekken_is_life|tekkenislife\n|n|\u203dtekken_is_life|tekkenislife\n|n|\u203dtekken_is_life|tekkenislife\n|n|\u203dtekken_is_life|tekkenislife\n|n|\u203dtekken_is_life|tekkenislife\n|n|\u203dtekken_is_life|tekkenislife\n|n|\u203dtekken_is_life|tekkenislife\n|n|\u203dtekken_is_life|tekkenislife\n|n|\u203dtekken_is_life|tekkenislife\n|n|\u203dtekken_is_life|tekkenislife\n|n|\u203dtekken_is_life|tekkenislife\n|n|\u203dtekken_is_life|tekkenislife\n|n|\u203dtekken_is_life|tekkenislife\n|n|\u203dtekken_is_life|tekkenislife\n|n|\u203dtekken_is_life|tekkenislife\n|n|\u203dtekken_is_life|tekkenislife\n|n|\u203dtekken_is_life|tekkenislife\n|n|\u203dtekken_is_life|tekkenislife\n|n|\u203dtekken_is_life|tekkenislife\n|n|\u203dtekken_is_life|tekkenislife\n|n|\u203dtekken_is_life|tekkenislife\n|n|\u203dtekken_is_life|tekkenislife\n|n|\u203dtekken_is_life|tekkenislife\n|n|\u203dtekken_is_life|tekkenislife\n|n|\u203dtekken_is_life|tekkenislife\n|n|\u203dtekken_is_life|tekkenislife\n|n|\u203dtekken_is_life|tekkenislife\n|n|\u203dtekken_is_life|tekkenislife\n|l|\u203dtekken_is_life\n|player|p2|\n","uploadtime":1700732213,"views":11,"p1id":"roamflag","p2id":"tekkenislife","formatid":"gen9ou","rating":1649,"private":0,"password":""}