{"id":"gen9ou-1990874757","p1":"TheIcingCreeper","p2":"Violet Mask","format":"[Gen 9] OU","log":"|j|\u2606TheIcingCreeper\n|j|\u2606Violet Mask\n|t:|1700010142\n|gametype|singles\n|player|p1|TheIcingCreeper|valerie|1432\n|player|p2|Violet Mask|blue|1533\n|teamsize|p1|6\n|teamsize|p2|6\n|gen|9\n|tier|[Gen 9] OU\n|rated|\n|rule|Sleep Clause Mod: Limit one foe put to sleep\n|rule|Species Clause: Limit one of each Pok\u00e9mon\n|rule|OHKO Clause: OHKO moves are banned\n|rule|Evasion Items Clause: Evasion items are banned\n|rule|Evasion Moves Clause: Evasion moves are banned\n|rule|Endless Battle Clause: Forcing endless battles is banned\n|rule|HP Percentage Mod: HP is shown in percentages\n|clearpoke\n|poke|p1|Wigglytuff, F|\n|poke|p1|Meowscarada, M|\n|poke|p1|Corviknight, M|\n|poke|p1|Ceruledge, M|\n|poke|p1|Dondozo, M|\n|poke|p1|Dragapult, M|\n|poke|p2|Greninja-*, M|\n|poke|p2|Pelipper, M|\n|poke|p2|Barraskewda, F|\n|poke|p2|Zapdos|\n|poke|p2|Manaphy|\n|poke|p2|Ting-Lu|\n|teampreview\n|inactive|Battle timer is ON: inactive players will automatically lose when time's up. (requested by Violet Mask)\n|\n|t:|1700010168\n|start\n|switch|p1a: Mago|Meowscarada, M|100\/100\n|switch|p2a: Barraskewda|Barraskewda, F|100\/100\n|turn|1\n|\n|t:|1700010174\n|switch|p1a: Peko|Corviknight, M|100\/100\n|switch|p2a: Zapdos|Zapdos|100\/100\n|\n|upkeep\n|turn|2\n|\n|t:|1700010178\n|switch|p1a: Mago|Meowscarada, M|100\/100\n|move|p2a: Zapdos|U-turn|p1a: Mago\n|-supereffective|p1a: Mago\n|-damage|p1a: Mago|19\/100\n|\n|t:|1700010181\n|switch|p2a: Pelipper|Pelipper, M|100\/100|[from] U-turn\n|-weather|RainDance|[from] ability: Drizzle|[of] p2a: Pelipper\n|\n|-weather|RainDance|[upkeep]\n|upkeep\n|turn|3\n|\n|t:|1700010185\n|switch|p2a: Ting-Lu|Ting-Lu|100\/100\n|-ability|p2a: Ting-Lu|Vessel of Ruin\n|move|p1a: Mago|Thunder Punch|p2a: Ting-Lu\n|-start|p1a: Mago|typechange|Electric|[from] ability: Protean\n|-immune|p2a: Ting-Lu\n|\n|-weather|RainDance|[upkeep]\n|upkeep\n|turn|4\n|\n|t:|1700010188\n|switch|p1a: Peko|Corviknight, M|100\/100\n|move|p2a: Ting-Lu|Stealth Rock|p1a: Peko\n|-sidestart|p1: TheIcingCreeper|move: Stealth Rock\n|\n|-weather|RainDance|[upkeep]\n|upkeep\n|turn|5\n|\n|t:|1700010192\n|switch|p2a: Zapdos|Zapdos|100\/100\n|move|p1a: Peko|Defog|p2a: Zapdos\n|-unboost|p2a: Zapdos|evasion|1\n|-sideend|p1: TheIcingCreeper|Stealth Rock|[from] move: Defog|[of] p1a: Peko\n|\n|-weather|RainDance|[upkeep]\n|upkeep\n|turn|6\n|\n|t:|1700010195\n|move|p2a: Zapdos|Thunder|p1a: Peko\n|-supereffective|p1a: Peko\n|-damage|p1a: Peko|29\/100\n|move|p1a: Peko|Roost|p1a: Peko\n|-heal|p1a: Peko|78\/100\n|-singleturn|p1a: Peko|move: Roost\n|\n|-weather|RainDance|[upkeep]\n|upkeep\n|turn|7\n|\n|t:|1700010199\n|switch|p1a: Drage|Dragapult, M|100\/100\n|move|p2a: Zapdos|Thunder|p1a: Drage\n|-resisted|p1a: Drage\n|-damage|p1a: Drage|70\/100\n|\n|-weather|RainDance|[upkeep]\n|upkeep\n|turn|8\n|\n|t:|1700010203\n|switch|p2a: Ting-Lu|Ting-Lu|100\/100\n|-ability|p2a: Ting-Lu|Vessel of Ruin\n|move|p1a: Drage|Hydro Pump|p2a: Ting-Lu\n|-supereffective|p2a: Ting-Lu\n|-damage|p2a: Ting-Lu|39\/100\n|-enditem|p2a: Ting-Lu|Red Card|[of] p1a: Drage\n|drag|p1a: Mago|Meowscarada, M|19\/100\n|\n|-weather|RainDance|[upkeep]\n|upkeep\n|turn|9\n|\n|t:|1700010211\n|move|p1a: Mago|Flower Trick|p2a: Ting-Lu\n|-start|p1a: Mago|typechange|Grass|[from] ability: Protean\n|-supereffective|p2a: Ting-Lu\n|-crit|p2a: Ting-Lu\n|-damage|p2a: Ting-Lu|0 fnt\n|faint|p2a: Ting-Lu\n|\n|-weather|none\n|upkeep\n|\n|t:|1700010216\n|switch|p2a: Pelipper|Pelipper, M|100\/100\n|-weather|RainDance|[from] ability: Drizzle|[of] p2a: Pelipper\n|turn|10\n|\n|t:|1700010218\n|switch|p1a: Peko|Corviknight, M|78\/100\n|move|p2a: Pelipper|U-turn|p1a: Peko\n|-resisted|p1a: Peko\n|-damage|p1a: Peko|77\/100\n|-damage|p2a: Pelipper|84\/100|[from] item: Rocky Helmet|[of] p1a: Peko\n|\n|t:|1700010224\n|switch|p2a: Barraskewda|Barraskewda, F|100\/100|[from] U-turn\n|\n|-weather|RainDance|[upkeep]\n|upkeep\n|turn|11\n|\n|t:|1700010229\n|switch|p1a: Shisu|Dondozo, M, shiny|100\/100\n|move|p2a: Barraskewda|Liquidation|p1a: Shisu\n|-resisted|p1a: Shisu\n|-damage|p1a: Shisu|70\/100\n|\n|-weather|RainDance|[upkeep]\n|upkeep\n|turn|12\n|\n|t:|1700010232\n|switch|p2a: Zapdos|Zapdos|100\/100\n|move|p1a: Shisu|Curse|p1a: Shisu\n|-unboost|p1a: Shisu|spe|1\n|-boost|p1a: Shisu|atk|1\n|-boost|p1a: Shisu|def|1\n|\n|-weather|RainDance|[upkeep]\n|upkeep\n|turn|13\n|\n|t:|1700010237\n|move|p2a: Zapdos|Hurricane|p1a: Shisu\n|-damage|p1a: Shisu|40\/100\n|move|p1a: Shisu|Aqua Tail|p2a: Zapdos\n|-damage|p2a: Zapdos|25\/100\n|\n|-weather|RainDance|[upkeep]\n|upkeep\n|turn|14\n|\n|t:|1700010240\n|move|p2a: Zapdos|Thunder|p1a: Shisu\n|-supereffective|p1a: Shisu\n|-damage|p1a: Shisu|0 fnt\n|faint|p1a: Shisu\n|\n|-weather|RainDance|[upkeep]\n|upkeep\n|\n|t:|1700010243\n|switch|p1a: Mago|Meowscarada, M|19\/100\n|turn|15\n|\n|t:|1700010249\n|switch|p2a: Greninja|Greninja, M|100\/100\n|move|p1a: Mago|Flower Trick|p2a: Greninja\n|-start|p1a: Mago|typechange|Grass|[from] ability: Protean\n|-supereffective|p2a: Greninja\n|-crit|p2a: Greninja\n|-damage|p2a: Greninja|0 fnt\n|faint|p2a: Greninja\n|\n|-weather|RainDance|[upkeep]\n|upkeep\n|\n|t:|1700010252\n|switch|p2a: Barraskewda|Barraskewda, F|100\/100\n|turn|16\n|\n|t:|1700010257\n|switch|p1a: Peko|Corviknight, M|77\/100\n|-terastallize|p2a: Barraskewda|Water\n|move|p2a: Barraskewda|Liquidation|p1a: Peko\n|-damage|p1a: Peko|0 fnt\n|-damage|p2a: Barraskewda|84\/100|[from] item: Rocky Helmet|[of] p1a: Peko\n|faint|p1a: Peko\n|\n|-weather|RainDance|[upkeep]\n|upkeep\n|\n|t:|1700010259\n|switch|p1a: Icing|Wigglytuff, F|100\/100\n|turn|17\n|\n|t:|1700010261\n|move|p1a: Icing|Protect|p1a: Icing\n|-singleturn|p1a: Icing|Protect\n|move|p2a: Barraskewda|Liquidation|p1a: Icing\n|-activate|p1a: Icing|move: Protect\n|\n|-weather|none\n|upkeep\n|turn|18\n|\n|t:|1700010270\n|move|p2a: Barraskewda|Liquidation|p1a: Icing\n|-damage|p1a: Icing|9\/100\n|move|p1a: Icing|Dazzling Gleam|p2a: Barraskewda\n|-damage|p2a: Barraskewda|28\/100\n|\n|-heal|p1a: Icing|15\/100|[from] item: Leftovers\n|upkeep\n|turn|19\n|\n|t:|1700010273\n|move|p1a: Icing|Protect|p1a: Icing\n|-singleturn|p1a: Icing|Protect\n|move|p2a: Barraskewda|Liquidation|p1a: Icing\n|-activate|p1a: Icing|move: Protect\n|\n|-heal|p1a: Icing|21\/100|[from] item: Leftovers\n|upkeep\n|turn|20\n|\n|t:|1700010276\n|move|p1a: Icing|Protect||[still]\n|-fail|p1a: Icing\n|move|p2a: Barraskewda|Liquidation|p1a: Icing\n|-damage|p1a: Icing|0 fnt\n|faint|p1a: Icing\n|\n|upkeep\n|\n|t:|1700010278\n|switch|p1a: Drage|Dragapult, M|70\/100\n|turn|21\n|\n|t:|1700010281\n|switch|p2a: Zapdos|Zapdos|25\/100\n|move|p1a: Drage|Shadow Ball|p2a: Zapdos\n|-damage|p2a: Zapdos|0 fnt\n|faint|p2a: Zapdos\n|\n|upkeep\n|\n|t:|1700010283\n|switch|p2a: Pelipper|Pelipper, M|84\/100\n|-weather|RainDance|[from] ability: Drizzle|[of] p2a: Pelipper\n|turn|22\n|\n|t:|1700010287\n|move|p1a: Drage|Shadow Ball|p2a: Pelipper\n|-damage|p2a: Pelipper|12\/100\n|-unboost|p2a: Pelipper|spd|1\n|move|p2a: Pelipper|Knock Off|p1a: Drage\n|-supereffective|p1a: Drage\n|-damage|p1a: Drage|37\/100\n|-enditem|p1a: Drage|Choice Specs|[from] move: Knock Off|[of] p2a: Pelipper\n|\n|-weather|RainDance|[upkeep]\n|upkeep\n|turn|23\n|\n|t:|1700010290\n|move|p1a: Drage|Shadow Ball|p2a: Pelipper\n|-crit|p2a: Pelipper\n|-damage|p2a: Pelipper|0 fnt\n|faint|p2a: Pelipper\n|\n|-weather|RainDance|[upkeep]\n|upkeep\n|\n|t:|1700010293\n|switch|p2a: Barraskewda|Barraskewda, F, tera:Water|28\/100\n|turn|24\n|inactive|Violet Mask has 120 seconds left.\n|\n|t:|1700010362\n|move|p2a: Barraskewda|Aqua Jet|p1a: Drage\n|-resisted|p1a: Drage\n|-damage|p1a: Drage|0 fnt\n|faint|p1a: Drage\n|\n|-weather|RainDance|[upkeep]\n|upkeep\n|\n|t:|1700010370\n|switch|p1a: Mark|Ceruledge, M|100\/100\n|turn|25\n|\n|t:|1700010380\n|-terastallize|p1a: Mark|Fighting\n|move|p2a: Barraskewda|Aqua Jet|p1a: Mark\n|-damage|p1a: Mark|10\/100\n|move|p1a: Mark|Close Combat|p2a: Barraskewda\n|-damage|p2a: Barraskewda|0 fnt\n|-unboost|p1a: Mark|def|1\n|-unboost|p1a: Mark|spd|1\n|faint|p2a: Barraskewda\n|\n|-weather|RainDance|[upkeep]\n|upkeep\n|\n|t:|1700010382\n|switch|p2a: Manaphy|Manaphy|100\/100\n|turn|26\n|\n|t:|1700010387\n|move|p1a: Mark|Close Combat|p2a: Manaphy\n|-damage|p2a: Manaphy|44\/100\n|-unboost|p1a: Mark|def|1\n|-unboost|p1a: Mark|spd|1\n|move|p2a: Manaphy|Surf|p1a: Mark\n|-damage|p1a: Mark|0 fnt\n|faint|p1a: Mark\n|\n|-weather|RainDance|[upkeep]\n|upkeep\n|\n|t:|1700010390\n|switch|p1a: Mago|Meowscarada, M|19\/100\n|turn|27\n|\n|t:|1700010392\n|move|p1a: Mago|Flower Trick|p2a: Manaphy\n|-start|p1a: Mago|typechange|Grass|[from] ability: Protean\n|-supereffective|p2a: Manaphy\n|-crit|p2a: Manaphy\n|-damage|p2a: Manaphy|0 fnt\n|faint|p2a: Manaphy\n|\n|win|TheIcingCreeper\n|raw|TheIcingCreeper's rating: 1432 &rarr; <strong>1458<\/strong><br \/>(+26 for winning)\n|raw|Violet Mask's rating: 1533 &rarr; <strong>1507<\/strong><br \/>(-26 for losing)\n|l|\u2606Violet Mask\n|c|\u2606TheIcingCreeper|Gg wp!\n","uploadtime":1700010401,"views":21,"p1id":"theicingcreeper","p2id":"violetmask","formatid":"gen9ou","rating":1458,"private":0,"password":""}