{"id":"gen9ou-1989331816","p1":"Onte bad","p2":"dinojorge24","format":"[Gen 9] OU","log":"|j|\u2606Onte bad\n|j|\u2606dinojorge24\n|t:|1699837305\n|gametype|singles\n|player|p1|Onte bad|1|1123\n|player|p2|dinojorge24|265|1028\n|teamsize|p1|6\n|teamsize|p2|6\n|gen|9\n|tier|[Gen 9] OU\n|rated|\n|rule|Sleep Clause Mod: Limit one foe put to sleep\n|rule|Species Clause: Limit one of each Pok\u00e9mon\n|rule|OHKO Clause: OHKO moves are banned\n|rule|Evasion Items Clause: Evasion items are banned\n|rule|Evasion Moves Clause: Evasion moves are banned\n|rule|Endless Battle Clause: Forcing endless battles is banned\n|rule|HP Percentage Mod: HP is shown in percentages\n|clearpoke\n|poke|p1|Gholdengo|\n|poke|p1|Glimmora, M|\n|poke|p1|Ribombee, M|\n|poke|p1|Cinderace, F|\n|poke|p1|Dragonite, M|\n|poke|p1|Thundurus-Therian, M|\n|poke|p2|Great Tusk|\n|poke|p2|Zapdos|\n|poke|p2|Kingambit, F|\n|poke|p2|Dragapult, F|\n|poke|p2|Toxapex, F|\n|poke|p2|Ribombee, F|\n|teampreview\n|\n|t:|1699837332\n|start\n|switch|p1a: Thundurus|Thundurus-Therian, M|100\/100\n|switch|p2a: Ribombee|Ribombee, F|100\/100\n|turn|1\n|\n|t:|1699837338\n|move|p2a: Ribombee|Sticky Web|p1a: Thundurus\n|-sidestart|p1: Onte bad|move: Sticky Web\n|move|p1a: Thundurus|Volt Switch|p2a: Ribombee\n|-enditem|p2a: Ribombee|Focus Sash\n|-damage|p2a: Ribombee|1\/100\n|\n|t:|1699837342\n|switch|p1a: Glimmora|Glimmora, M|100\/100|[from] Volt Switch\n|-activate|p1a: Glimmora|move: Sticky Web\n|-unboost|p1a: Glimmora|spe|1\n|\n|upkeep\n|turn|2\n|\n|t:|1699837350\n|move|p2a: Ribombee|Psychic|p1a: Glimmora\n|-supereffective|p1a: Glimmora\n|-damage|p1a: Glimmora|40\/100\n|move|p1a: Glimmora|Mortal Spin|p2a: Ribombee\n|-supereffective|p2a: Ribombee\n|-damage|p2a: Ribombee|0 fnt\n|-sideend|p1: Onte bad|Sticky Web|[from] move: Mortal Spin|[of] p1a: Glimmora\n|faint|p2a: Ribombee\n|\n|upkeep\n|\n|t:|1699837358\n|switch|p2a: Great Tusk|Great Tusk|100\/100\n|-enditem|p2a: Great Tusk|Booster Energy\n|-activate|p2a: Great Tusk|ability: Protosynthesis|[fromitem]\n|-start|p2a: Great Tusk|protosynthesisdef\n|turn|3\n|\n|t:|1699837374\n|move|p2a: Great Tusk|Earthquake|p1a: Glimmora\n|-supereffective|p1a: Glimmora\n|-damage|p1a: Glimmora|0 fnt\n|-activate|p1a: Glimmora|ability: Toxic Debris\n|-sidestart|p2: dinojorge24|move: Toxic Spikes\n|faint|p1a: Glimmora\n|\n|upkeep\n|\n|t:|1699837378\n|switch|p1a: Thundurus|Thundurus-Therian, M|100\/100\n|turn|4\n|\n|t:|1699837384\n|move|p1a: Thundurus|Grass Knot|p2a: Great Tusk\n|-supereffective|p2a: Great Tusk\n|-damage|p2a: Great Tusk|0 fnt\n|faint|p2a: Great Tusk\n|-end|p2a: Great Tusk|Protosynthesis|[silent]\n|\n|upkeep\n|\n|t:|1699837403\n|switch|p2a: Kingambit|Kingambit, F|100\/100\n|-activate|p2a: Kingambit|ability: Supreme Overlord\n|-start|p2a: Kingambit|fallen2|[silent]\n|turn|5\n|\n|t:|1699837409\n|switch|p1a: Cinderace|Cinderace, F|100\/100\n|move|p2a: Kingambit|Swords Dance|p2a: Kingambit\n|-boost|p2a: Kingambit|atk|2\n|\n|upkeep\n|turn|6\n|\n|t:|1699837417\n|-terastallize|p2a: Kingambit|Dark\n|move|p1a: Cinderace|Pyro Ball|p2a: Kingambit\n|-damage|p2a: Kingambit|59\/100\n|move|p2a: Kingambit|Kowtow Cleave|p1a: Cinderace\n|-damage|p1a: Cinderace|0 fnt\n|faint|p1a: Cinderace\n|\n|-heal|p2a: Kingambit|66\/100|[from] item: Leftovers\n|upkeep\n|\n|t:|1699837424\n|switch|p1a: Ribombee|Ribombee, M|100\/100\n|turn|7\n|\n|t:|1699837431\n|-end|p2a: Kingambit|fallen2|[silent]\n|switch|p2a: Toxapex|Toxapex, F|100\/100\n|-sideend|p2: dinojorge24|move: Toxic Spikes|[of] p2a: Toxapex\n|move|p1a: Ribombee|Moonblast|p2a: Toxapex\n|-resisted|p2a: Toxapex\n|-damage|p2a: Toxapex|82\/100\n|-unboost|p2a: Toxapex|spa|1\n|\n|-heal|p2a: Toxapex|89\/100|[from] item: Black Sludge\n|upkeep\n|turn|8\n|\n|t:|1699837441\n|switch|p1a: Gholdengo|Gholdengo|100\/100\n|move|p2a: Toxapex|Toxic Spikes|p1a: Gholdengo\n|-sidestart|p1: Onte bad|move: Toxic Spikes\n|\n|-heal|p2a: Toxapex|95\/100|[from] item: Black Sludge\n|upkeep\n|turn|9\n|\n|t:|1699837471\n|switch|p2a: Zapdos|Zapdos|100\/100\n|-ability|p2a: Zapdos|Pressure\n|move|p1a: Gholdengo|Nasty Plot|p1a: Gholdengo\n|-boost|p1a: Gholdengo|spa|2\n|\n|upkeep\n|turn|10\n|\n|t:|1699837479\n|move|p2a: Zapdos|Heat Wave|p1a: Gholdengo\n|-supereffective|p1a: Gholdengo\n|-damage|p1a: Gholdengo|58\/100\n|move|p1a: Gholdengo|Shadow Ball|p2a: Zapdos\n|-damage|p2a: Zapdos|21\/100\n|-unboost|p2a: Zapdos|spd|1\n|\n|-heal|p2a: Zapdos|27\/100|[from] item: Leftovers\n|-heal|p1a: Gholdengo|64\/100|[from] item: Leftovers\n|upkeep\n|turn|11\n|\n|t:|1699837494\n|move|p2a: Zapdos|Volt Switch|p1a: Gholdengo\n|-damage|p1a: Gholdengo|37\/100\n|\n|t:|1699837498\n|switch|p2a: Kingambit|Kingambit, F, tera:Dark|66\/100|[from] Volt Switch\n|-activate|p2a: Kingambit|ability: Supreme Overlord\n|-start|p2a: Kingambit|fallen2|[silent]\n|move|p1a: Gholdengo|Recover|p1a: Gholdengo\n|-heal|p1a: Gholdengo|87\/100\n|\n|-heal|p1a: Gholdengo|93\/100|[from] item: Leftovers\n|-heal|p2a: Kingambit|72\/100|[from] item: Leftovers\n|upkeep\n|turn|12\n|\n|t:|1699837512\n|-terastallize|p1a: Gholdengo|Steel\n|move|p1a: Gholdengo|Make It Rain|p2a: Kingambit\n|-damage|p2a: Kingambit|0 fnt\n|-unboost|p1a: Gholdengo|spa|1\n|faint|p2a: Kingambit\n|-end|p2a: Kingambit|fallen2|[silent]\n|\n|-heal|p1a: Gholdengo|99\/100|[from] item: Leftovers\n|upkeep\n|-message|dinojorge24 forfeited.\n|\n|win|Onte bad\n|raw|Onte bad's rating: 1123 &rarr; <strong>1141<\/strong><br \/>(+18 for winning)\n|raw|dinojorge24's rating: 1028 &rarr; <strong>1018<\/strong><br \/>(-10 for losing)\n|l|\u2606dinojorge24\n","uploadtime":1699837525,"views":12,"p1id":"ontebad","p2id":"dinojorge24","formatid":"gen9ou","rating":1018,"private":0,"password":""}