{"id":"gen9ou-1995488157","p1":"Abner67","p2":"Senhor de Canavial","format":"[Gen 9] OU","log":"|j|\u2606Abner67\n|j|\u2606Senhor de Canavial\n|t:|1700576281\n|gametype|singles\n|player|p1|Abner67|shadowtriad|\n|player|p2|Senhor de Canavial|170|\n|teamsize|p1|6\n|teamsize|p2|6\n|gen|9\n|tier|[Gen 9] OU\n|rule|Sleep Clause Mod: Limit one foe put to sleep\n|rule|Species Clause: Limit one of each Pok\u00e9mon\n|rule|OHKO Clause: OHKO moves are banned\n|rule|Evasion Items Clause: Evasion items are banned\n|rule|Evasion Moves Clause: Evasion moves are banned\n|rule|Endless Battle Clause: Forcing endless battles is banned\n|rule|HP Percentage Mod: HP is shown in percentages\n|clearpoke\n|poke|p1|Komala, M|\n|poke|p1|Azumarill, F|\n|poke|p1|Amoonguss, F|\n|poke|p1|Iron Treads|\n|poke|p1|Iron Hands|\n|poke|p1|Goodra, M|\n|poke|p2|Quagsire, M|\n|poke|p2|Bronzong|\n|poke|p2|Krookodile, F|\n|poke|p2|Salamence, M|\n|poke|p2|Sylveon, M|\n|poke|p2|Talonflame, F|\n|teampreview\n|\n|t:|1700576311\n|start\n|switch|p1a: Iron Hands|Iron Hands|100\/100\n|switch|p2a: Quagsire|Quagsire, M|100\/100\n|turn|1\n|\n|t:|1700576320\n|-end|p1a: Iron Hands|Quark Drive|[silent]\n|switch|p1a: Amoonguss|Amoonguss, F|100\/100\n|move|p2a: Quagsire|Spikes|p1a: Amoonguss\n|-sidestart|p1: Abner67|Spikes\n|\n|upkeep\n|turn|2\n|\n|t:|1700576329\n|switch|p2a: Salamence|Salamence, M|100\/100\n|move|p1a: Amoonguss|Spore|p2a: Salamence\n|-activate|p2a: Salamence|item: Safety Goggles|Spore\n|\n|upkeep\n|turn|3\n|\n|t:|1700576337\n|switch|p1a: Iron Treads|Iron Treads|100\/100\n|-damage|p1a: Iron Treads|88\/100|[from] Spikes\n|move|p2a: Salamence|Dragon Dance|p2a: Salamence\n|-boost|p2a: Salamence|atk|1\n|-boost|p2a: Salamence|spe|1\n|\n|-heal|p1a: Iron Treads|94\/100|[from] item: Leftovers\n|upkeep\n|turn|4\n|\n|t:|1700576372\n|move|p2a: Salamence|Earthquake|p1a: Iron Treads\n|-supereffective|p1a: Iron Treads\n|-damage|p1a: Iron Treads|0 fnt\n|faint|p1a: Iron Treads\n|-end|p1a: Iron Treads|Quark Drive|[silent]\n|-ability|p2a: Salamence|Moxie|boost\n|-boost|p2a: Salamence|atk|1\n|\n|upkeep\n|\n|t:|1700576382\n|switch|p1a: Iron Hands|Iron Hands|100\/100\n|-damage|p1a: Iron Hands|88\/100|[from] Spikes\n|turn|5\n|\n|t:|1700576413\n|move|p2a: Salamence|Dragon Claw|p1a: Iron Hands\n|-damage|p1a: Iron Hands|28\/100\n|move|p1a: Iron Hands|Ice Punch|p2a: Salamence\n|-supereffective|p2a: Salamence\n|-damage|p2a: Salamence|0 fnt\n|faint|p2a: Salamence\n|\n|upkeep\n|\n|t:|1700576424\n|switch|p2a: Quagsire|Quagsire, M|100\/100\n|turn|6\n|\n|t:|1700576432\n|-end|p1a: Iron Hands|Quark Drive|[silent]\n|switch|p1a: Amoonguss|Amoonguss, F|100\/100\n|-damage|p1a: Amoonguss|88\/100|[from] Spikes\n|move|p2a: Quagsire|Spikes|p1a: Amoonguss\n|-sidestart|p1: Abner67|Spikes\n|\n|upkeep\n|turn|7\n|\n|t:|1700576448\n|switch|p2a: Bronzong|Bronzong|100\/100\n|move|p1a: Amoonguss|Giga Drain|p2a: Bronzong\n|-resisted|p2a: Bronzong\n|-damage|p2a: Bronzong|91\/100\n|-heal|p1a: Amoonguss|92\/100|[from] drain|[of] p2a: Bronzong\n|\n|upkeep\n|turn|8\n|\n|t:|1700576461\n|switch|p1a: Azumarill|Azumarill, F|100\/100\n|-damage|p1a: Azumarill|84\/100|[from] Spikes\n|move|p2a: Bronzong|Reflect|p2a: Bronzong\n|-sidestart|p2: Senhor de Canavial|Reflect\n|\n|upkeep\n|turn|9\n|\n|t:|1700576479\n|switch|p2a: Talonflame|Talonflame, F|100\/100\n|move|p1a: Azumarill|Liquidation|p2a: Talonflame\n|-supereffective|p2a: Talonflame\n|-damage|p2a: Talonflame|27\/100\n|\n|upkeep\n|turn|10\n|\n|t:|1700576495\n|move|p1a: Azumarill|Aqua Jet|p2a: Talonflame\n|-supereffective|p2a: Talonflame\n|-damage|p2a: Talonflame|0 fnt\n|faint|p2a: Talonflame\n|\n|upkeep\n|\n|t:|1700576504\n|switch|p2a: Sylveon|Sylveon, M|100\/100\n|turn|11\n|\n|t:|1700576525\n|move|p1a: Azumarill|Liquidation|p2a: Sylveon\n|-damage|p2a: Sylveon|69\/100\n|move|p2a: Sylveon|Hyper Voice|p1a: Azumarill\n|-damage|p1a: Azumarill|20\/100\n|-enditem|p1a: Azumarill|Sitrus Berry|[eat]\n|-heal|p1a: Azumarill|45\/100|[from] item: Sitrus Berry\n|\n|-heal|p2a: Sylveon|75\/100|[from] item: Leftovers\n|upkeep\n|turn|12\n|\n|t:|1700576545\n|switch|p1a: Amoonguss|Amoonguss, F|100\/100\n|-damage|p1a: Amoonguss|84\/100|[from] Spikes\n|move|p2a: Sylveon|Hyper Voice|p1a: Amoonguss\n|-resisted|p1a: Amoonguss\n|-damage|p1a: Amoonguss|62\/100\n|\n|-heal|p2a: Sylveon|81\/100|[from] item: Leftovers\n|upkeep\n|turn|13\n|\n|t:|1700576560\n|move|p2a: Sylveon|Protect|p2a: Sylveon\n|-singleturn|p2a: Sylveon|Protect\n|move|p1a: Amoonguss|Spore|p2a: Sylveon\n|-activate|p2a: Sylveon|move: Protect\n|\n|-heal|p2a: Sylveon|87\/100|[from] item: Leftovers\n|upkeep\n|turn|14\n|\n|t:|1700576567\n|switch|p2a: Bronzong|Bronzong|91\/100\n|move|p1a: Amoonguss|Spore|p2a: Bronzong\n|-status|p2a: Bronzong|slp|[from] move: Spore\n|\n|upkeep\n|turn|15\n|\n|t:|1700576582\n|switch|p2a: Krookodile|Krookodile, F|100\/100\n|switch|p1a: Komala|Komala, M|100\/100\n|-damage|p1a: Komala|84\/100|[from] Spikes\n|-ability|p1a: Komala|Comatose\n|\n|-sideend|p2: Senhor de Canavial|Reflect\n|upkeep\n|turn|16\n|\n|t:|1700576599\n|move|p2a: Krookodile|Earthquake|p1a: Komala\n|-damage|p1a: Komala|7\/100\n|move|p1a: Komala|Superpower|p2a: Krookodile\n|-supereffective|p2a: Krookodile\n|-damage|p2a: Krookodile|0 fnt\n|-unboost|p1a: Komala|atk|1\n|-unboost|p1a: Komala|def|1\n|faint|p2a: Krookodile\n|\n|upkeep\n|\n|t:|1700576616\n|switch|p2a: Sylveon|Sylveon, M|87\/100\n|turn|17\n|\n|t:|1700576626\n|move|p1a: Komala|Gunk Shot|p2a: Sylveon\n|-supereffective|p2a: Sylveon\n|-damage|p2a: Sylveon|9\/100\n|move|p2a: Sylveon|Hyper Voice|p1a: Komala\n|-damage|p1a: Komala|0 fnt\n|faint|p1a: Komala\n|\n|-heal|p2a: Sylveon|15\/100|[from] item: Leftovers\n|upkeep\n|\n|t:|1700576635\n|switch|p1a: Goodra|Goodra, M|100\/100\n|-damage|p1a: Goodra|84\/100|[from] Spikes\n|turn|18\n|\n|t:|1700576642\n|move|p2a: Sylveon|Protect|p2a: Sylveon\n|-singleturn|p2a: Sylveon|Protect\n|move|p1a: Goodra|Ice Beam|p2a: Sylveon\n|-activate|p2a: Sylveon|move: Protect\n|\n|-heal|p2a: Sylveon|21\/100|[from] item: Leftovers\n|upkeep\n|turn|19\n|\n|t:|1700576661\n|switch|p2a: Bronzong|Bronzong|91\/100 slp\n|move|p1a: Goodra|Ice Beam|p2a: Bronzong\n|-resisted|p2a: Bronzong\n|-damage|p2a: Bronzong|77\/100 slp\n|\n|upkeep\n|turn|20\n|\n|t:|1700576669\n|move|p1a: Goodra|Flamethrower|p2a: Bronzong\n|-supereffective|p2a: Bronzong\n|-damage|p2a: Bronzong|19\/100 slp\n|cant|p2a: Bronzong|slp\n|\n|upkeep\n|turn|21\n|\n|t:|1700576681\n|move|p1a: Goodra|Flamethrower|p2a: Bronzong\n|-supereffective|p2a: Bronzong\n|-damage|p2a: Bronzong|0 fnt\n|faint|p2a: Bronzong\n|\n|upkeep\n|\n|t:|1700576720\n|switch|p2a: Quagsire|Quagsire, M|100\/100\n|turn|22\n|\n|t:|1700576737\n|-terastallize|p1a: Goodra|Dragon\n|move|p1a: Goodra|Draco Meteor|p2a: Quagsire\n|-damage|p2a: Quagsire|0 fnt\n|-unboost|p1a: Goodra|spa|2\n|faint|p2a: Quagsire\n|\n|upkeep\n|\n|t:|1700576742\n|switch|p2a: Sylveon|Sylveon, M|21\/100\n|turn|23\n|\n|t:|1700576746\n|switch|p1a: Amoonguss|Amoonguss, F|95\/100\n|-damage|p1a: Amoonguss|79\/100|[from] Spikes\n|move|p2a: Sylveon|Wish|p2a: Sylveon\n|\n|-heal|p2a: Sylveon|27\/100|[from] item: Leftovers\n|upkeep\n|turn|24\n|\n|t:|1700576781\n|move|p2a: Sylveon|Calm Mind|p2a: Sylveon\n|-boost|p2a: Sylveon|spa|1\n|-boost|p2a: Sylveon|spd|1\n|move|p1a: Amoonguss|Spore|p2a: Sylveon\n|-status|p2a: Sylveon|slp|[from] move: Spore\n|\n|-heal|p2a: Sylveon|77\/100 slp|[from] move: Wish|[wisher] Sylveon\n|-heal|p2a: Sylveon|83\/100 slp|[from] item: Leftovers\n|upkeep\n|turn|25\n|\n|t:|1700576792\n|cant|p2a: Sylveon|slp\n|move|p1a: Amoonguss|Clear Smog|p2a: Sylveon\n|-supereffective|p2a: Sylveon\n|-damage|p2a: Sylveon|68\/100 slp\n|-clearboost|p2a: Sylveon\n|\n|-heal|p2a: Sylveon|74\/100 slp|[from] item: Leftovers\n|upkeep\n|turn|26\n|\n|t:|1700576801\n|-curestatus|p2a: Sylveon|slp|[msg]\n|move|p2a: Sylveon|Calm Mind|p2a: Sylveon\n|-boost|p2a: Sylveon|spa|1\n|-boost|p2a: Sylveon|spd|1\n|move|p1a: Amoonguss|Sludge Bomb|p2a: Sylveon\n|-supereffective|p2a: Sylveon\n|-damage|p2a: Sylveon|48\/100\n|\n|-heal|p2a: Sylveon|54\/100|[from] item: Leftovers\n|upkeep\n|turn|27\n|\n|t:|1700576849\n|-terastallize|p2a: Sylveon|Fairy\n|move|p2a: Sylveon|Hyper Voice|p1a: Amoonguss\n|-resisted|p1a: Amoonguss\n|-damage|p1a: Amoonguss|29\/100\n|move|p1a: Amoonguss|Spore|p2a: Sylveon\n|-status|p2a: Sylveon|slp|[from] move: Spore\n|\n|-heal|p2a: Sylveon|60\/100 slp|[from] item: Leftovers\n|upkeep\n|turn|28\n|\n|t:|1700576867\n|cant|p2a: Sylveon|slp\n|move|p1a: Amoonguss|Clear Smog|p2a: Sylveon\n|-supereffective|p2a: Sylveon\n|-damage|p2a: Sylveon|46\/100 slp\n|-clearboost|p2a: Sylveon\n|\n|-heal|p2a: Sylveon|52\/100 slp|[from] item: Leftovers\n|upkeep\n|turn|29\n|\n|t:|1700576873\n|switch|p1a: Azumarill|Azumarill, F|45\/100\n|-damage|p1a: Azumarill|28\/100|[from] Spikes\n|-curestatus|p2a: Sylveon|slp|[msg]\n|move|p2a: Sylveon|Wish|p2a: Sylveon\n|\n|-heal|p2a: Sylveon|59\/100|[from] item: Leftovers\n|upkeep\n|turn|30\n|\n|t:|1700576917\n|move|p2a: Sylveon|Protect|p2a: Sylveon\n|-singleturn|p2a: Sylveon|Protect\n|move|p1a: Azumarill|Liquidation|p2a: Sylveon\n|-activate|p2a: Sylveon|move: Protect\n|\n|-heal|p2a: Sylveon|100\/100|[from] move: Wish|[wisher] Sylveon\n|upkeep\n|turn|31\n|\n|t:|1700576948\n|move|p1a: Azumarill|Aqua Jet|p2a: Sylveon\n|-damage|p2a: Sylveon|69\/100\n|move|p2a: Sylveon|Wish|p2a: Sylveon\n|\n|-heal|p2a: Sylveon|75\/100|[from] item: Leftovers\n|upkeep\n|turn|32\n|\n|t:|1700576957\n|move|p1a: Azumarill|Liquidation|p2a: Sylveon\n|-damage|p2a: Sylveon|9\/100\n|move|p2a: Sylveon|Calm Mind|p2a: Sylveon\n|-boost|p2a: Sylveon|spa|1\n|-boost|p2a: Sylveon|spd|1\n|\n|-heal|p2a: Sylveon|59\/100|[from] move: Wish|[wisher] Sylveon\n|-heal|p2a: Sylveon|65\/100|[from] item: Leftovers\n|upkeep\n|turn|33\n|\n|t:|1700576968\n|move|p2a: Sylveon|Protect|p2a: Sylveon\n|-singleturn|p2a: Sylveon|Protect\n|move|p1a: Azumarill|Liquidation|p2a: Sylveon\n|-activate|p2a: Sylveon|move: Protect\n|\n|-heal|p2a: Sylveon|71\/100|[from] item: Leftovers\n|upkeep\n|turn|34\n|\n|t:|1700576977\n|move|p1a: Azumarill|Aqua Jet|p2a: Sylveon\n|-damage|p2a: Sylveon|43\/100\n|move|p2a: Sylveon|Hyper Voice|p1a: Azumarill\n|-damage|p1a: Azumarill|0 fnt\n|faint|p1a: Azumarill\n|\n|-heal|p2a: Sylveon|49\/100|[from] item: Leftovers\n|upkeep\n|\n|t:|1700576980\n|switch|p1a: Goodra|Goodra, M, tera:Dragon|84\/100\n|-damage|p1a: Goodra|68\/100|[from] Spikes\n|turn|35\n|\n|t:|1700576989\n|move|p2a: Sylveon|Protect|p2a: Sylveon\n|-singleturn|p2a: Sylveon|Protect\n|move|p1a: Goodra|Thunderbolt|p2a: Sylveon\n|-activate|p2a: Sylveon|move: Protect\n|\n|-heal|p2a: Sylveon|55\/100|[from] item: Leftovers\n|upkeep\n|turn|36\n|\n|t:|1700576997\n|move|p1a: Goodra|Thunderbolt|p2a: Sylveon\n|-damage|p2a: Sylveon|42\/100\n|move|p2a: Sylveon|Wish|p2a: Sylveon\n|\n|-heal|p2a: Sylveon|48\/100|[from] item: Leftovers\n|upkeep\n|turn|37\n|\n|t:|1700577003\n|move|p1a: Goodra|Thunderbolt|p2a: Sylveon\n|-damage|p2a: Sylveon|32\/100\n|move|p2a: Sylveon|Calm Mind|p2a: Sylveon\n|-boost|p2a: Sylveon|spa|1\n|-boost|p2a: Sylveon|spd|1\n|\n|-heal|p2a: Sylveon|82\/100|[from] move: Wish|[wisher] Sylveon\n|-heal|p2a: Sylveon|88\/100|[from] item: Leftovers\n|upkeep\n|turn|38\n|\n|t:|1700577013\n|move|p1a: Goodra|Thunderbolt|p2a: Sylveon\n|-damage|p2a: Sylveon|78\/100\n|move|p2a: Sylveon|Calm Mind|p2a: Sylveon\n|-boost|p2a: Sylveon|spa|1\n|-boost|p2a: Sylveon|spd|1\n|\n|-heal|p2a: Sylveon|84\/100|[from] item: Leftovers\n|upkeep\n|turn|39\n|\n|t:|1700577018\n|move|p1a: Goodra|Thunderbolt|p2a: Sylveon\n|-damage|p2a: Sylveon|75\/100\n|move|p2a: Sylveon|Wish|p2a: Sylveon\n|\n|-heal|p2a: Sylveon|81\/100|[from] item: Leftovers\n|upkeep\n|turn|40\n|\n|t:|1700577023\n|switch|p1a: Amoonguss|Amoonguss, F|63\/100\n|-damage|p1a: Amoonguss|46\/100|[from] Spikes\n|move|p2a: Sylveon|Hyper Voice|p1a: Amoonguss\n|-resisted|p1a: Amoonguss\n|-damage|p1a: Amoonguss|0 fnt\n|faint|p1a: Amoonguss\n|\n|-heal|p2a: Sylveon|100\/100|[from] move: Wish|[wisher] Sylveon\n|upkeep\n|\n|t:|1700577027\n|switch|p1a: Goodra|Goodra, M, tera:Dragon|68\/100\n|-damage|p1a: Goodra|51\/100|[from] Spikes\n|turn|41\n|\n|t:|1700577037\n|move|p1a: Goodra|Ice Beam|p2a: Sylveon\n|-damage|p2a: Sylveon|92\/100\n|move|p2a: Sylveon|Hyper Voice|p1a: Goodra\n|-supereffective|p1a: Goodra\n|-damage|p1a: Goodra|0 fnt\n|faint|p1a: Goodra\n|\n|-heal|p2a: Sylveon|98\/100|[from] item: Leftovers\n|upkeep\n|\n|t:|1700577040\n|switch|p1a: Iron Hands|Iron Hands|28\/100\n|-damage|p1a: Iron Hands|11\/100|[from] Spikes\n|turn|42\n|\n|t:|1700577050\n|move|p2a: Sylveon|Hyper Voice|p1a: Iron Hands\n|-supereffective|p1a: Iron Hands\n|-damage|p1a: Iron Hands|0 fnt\n|faint|p1a: Iron Hands\n|-end|p1a: Iron Hands|Quark Drive|[silent]\n|\n|win|Senhor de Canavial\n|l|\u2606Abner67\n","uploadtime":1700577066,"views":32,"p1id":"abner67","p2id":"senhordecanavial","formatid":"gen9ou","rating":0,"private":0,"password":""}