{"id":"gen9ou-1996418837","p1":"darkkevo","p2":"DrGizmo5896","format":"[Gen 9] OU","log":"|j|\u2606darkkevo\n|j|\u2606DrGizmo5896\n|t:|1700680166\n|gametype|singles\n|player|p1|darkkevo|265|1081\n|player|p2|DrGizmo5896|byron|1100\n|teamsize|p1|6\n|teamsize|p2|6\n|gen|9\n|tier|[Gen 9] OU\n|rated|\n|rule|Sleep Clause Mod: Limit one foe put to sleep\n|rule|Species Clause: Limit one of each Pok\u00e9mon\n|rule|OHKO Clause: OHKO moves are banned\n|rule|Evasion Items Clause: Evasion items are banned\n|rule|Evasion Moves Clause: Evasion moves are banned\n|rule|Endless Battle Clause: Forcing endless battles is banned\n|rule|HP Percentage Mod: HP is shown in percentages\n|clearpoke\n|poke|p1|Manaphy|\n|poke|p1|Kingambit, F|\n|poke|p1|Ribombee, M|\n|poke|p1|Gholdengo|\n|poke|p1|Iron Moth|\n|poke|p1|Passimian, F|\n|poke|p2|Tinkaton, F|\n|poke|p2|Masquerain, F|\n|poke|p2|Breloom, F|\n|poke|p2|Torkoal, F|\n|poke|p2|Ditto|\n|poke|p2|Gengar, M|\n|teampreview\n|inactive|Battle timer is ON: inactive players will automatically lose when time's up. (requested by DrGizmo5896)\n|\n|t:|1700680170\n|start\n|switch|p1a: Ribombee|Ribombee, M, shiny|100\/100\n|switch|p2a: Ditto|Ditto|100\/100\n|-transform|p2a: Ditto|p1a: Ribombee|[from] ability: Imposter\n|turn|1\n|\n|t:|1700680178\n|move|p2a: Ditto|Sticky Web|p1a: Ribombee\n|-sidestart|p1: darkkevo|move: Sticky Web\n|move|p1a: Ribombee|Sticky Web|p2a: Ditto\n|-sidestart|p2: DrGizmo5896|move: Sticky Web\n|\n|upkeep\n|turn|2\n|\n|t:|1700680182\n|switch|p2a: Torkoal|Torkoal, F|100\/100\n|-activate|p2a: Torkoal|move: Sticky Web\n|-fail|p2a: Torkoal|unboost|[from] ability: White Smoke|[of] p2a: Torkoal\n|move|p1a: Ribombee|Stun Spore|p2a: Torkoal|[miss]\n|-miss|p1a: Ribombee|p2a: Torkoal\n|\n|upkeep\n|turn|3\n|\n|t:|1700680200\n|move|p1a: Ribombee|Stun Spore|p2a: Torkoal\n|-status|p2a: Torkoal|par\n|cant|p2a: Torkoal|par\n|\n|upkeep\n|turn|4\n|\n|t:|1700680208\n|switch|p1a: Manaphy|Manaphy|100\/100\n|-activate|p1a: Manaphy|move: Sticky Web\n|-unboost|p1a: Manaphy|spe|1\n|move|p2a: Torkoal|Overheat|p1a: Manaphy\n|-resisted|p1a: Manaphy\n|-damage|p1a: Manaphy|81\/100\n|-unboost|p2a: Torkoal|spa|2\n|\n|-heal|p1a: Manaphy|87\/100|[from] item: Leftovers\n|upkeep\n|turn|5\n|\n|t:|1700680225\n|switch|p2a: Masquerain|Masquerain, F|100\/100\n|-ability|p2a: Masquerain|Intimidate|boost\n|-unboost|p1a: Manaphy|atk|1\n|move|p1a: Manaphy|Acid Armor|p1a: Manaphy\n|-boost|p1a: Manaphy|def|2\n|\n|-heal|p1a: Manaphy|93\/100|[from] item: Leftovers\n|upkeep\n|turn|6\n|inactive|darkkevo has 120 seconds left.\n|\n|t:|1700680266\n|move|p2a: Masquerain|Stun Spore|p1a: Manaphy\n|-status|p1a: Manaphy|par\n|move|p1a: Manaphy|Acid Armor|p1a: Manaphy\n|-boost|p1a: Manaphy|def|2\n|\n|-heal|p1a: Manaphy|99\/100 par|[from] item: Leftovers\n|upkeep\n|turn|7\n|\n|t:|1700680276\n|move|p2a: Masquerain|U-turn|p1a: Manaphy\n|-damage|p1a: Manaphy|94\/100 par\n|\n|t:|1700680286\n|switch|p2a: Gengar|Gengar, M|100\/100|[from] U-turn\n|-activate|p2a: Gengar|move: Sticky Web\n|-unboost|p2a: Gengar|spe|1\n|move|p1a: Manaphy|Acid Armor|p1a: Manaphy\n|-boost|p1a: Manaphy|def|2\n|\n|-heal|p1a: Manaphy|99\/100 par|[from] item: Leftovers\n|upkeep\n|turn|8\n|\n|t:|1700680290\n|move|p2a: Gengar|Thunderbolt|p1a: Manaphy\n|-supereffective|p1a: Manaphy\n|-damage|p1a: Manaphy|38\/100 par\n|move|p1a: Manaphy|Stored Power|p2a: Gengar\n|-supereffective|p2a: Gengar\n|-damage|p2a: Gengar|0 fnt\n|faint|p2a: Gengar\n|\n|-heal|p1a: Manaphy|44\/100 par|[from] item: Leftovers\n|upkeep\n|\n|t:|1700680301\n|switch|p2a: Ditto|Ditto|100\/100\n|-activate|p2a: Ditto|move: Sticky Web\n|-unboost|p2a: Ditto|spe|1\n|-transform|p2a: Ditto|p1a: Manaphy|[from] ability: Imposter\n|turn|9\n|\n|t:|1700680313\n|switch|p1a: Kingambit|Kingambit, F|100\/100\n|-activate|p1a: Kingambit|move: Sticky Web\n|-unboost|p1a: Kingambit|spe|1\n|move|p2a: Ditto|Stored Power|p1a: Kingambit\n|-immune|p1a: Kingambit\n|\n|upkeep\n|turn|10\n|inactive|darkkevo has 120 seconds left.\n|\n|t:|1700680338\n|switch|p2a: Torkoal|Torkoal, F|100\/100 par\n|-activate|p2a: Torkoal|move: Sticky Web\n|-fail|p2a: Torkoal|unboost|[from] ability: White Smoke|[of] p2a: Torkoal\n|-end|p1a: Kingambit|fallenundefined|[silent]\n|switch|p1a: Iron Moth|Iron Moth|100\/100\n|-activate|p1a: Iron Moth|move: Sticky Web\n|-unboost|p1a: Iron Moth|spe|1\n|-enditem|p1a: Iron Moth|Booster Energy\n|-activate|p1a: Iron Moth|ability: Quark Drive|[fromitem]\n|-start|p1a: Iron Moth|quarkdrivespa\n|\n|upkeep\n|turn|11\n|\n|t:|1700680344\n|move|p1a: Iron Moth|Substitute|p1a: Iron Moth\n|-start|p1a: Iron Moth|Substitute\n|-damage|p1a: Iron Moth|76\/100\n|move|p2a: Torkoal|Rapid Spin|p1a: Iron Moth\n|-activate|p1a: Iron Moth|move: Substitute|[damage]\n|-sideend|p2: DrGizmo5896|Sticky Web|[from] move: Rapid Spin|[of] p2a: Torkoal\n|-boost|p2a: Torkoal|spe|1\n|\n|upkeep\n|turn|12\n|inactive|darkkevo has 120 seconds left.\n|\n|t:|1700680355\n|move|p1a: Iron Moth|Psychic|p2a: Torkoal\n|-damage|p2a: Torkoal|65\/100 par\n|cant|p2a: Torkoal|par\n|\n|upkeep\n|turn|13\n|\n|t:|1700680361\n|move|p1a: Iron Moth|Psychic|p2a: Torkoal\n|-crit|p2a: Torkoal\n|-damage|p2a: Torkoal|8\/100 par\n|cant|p2a: Torkoal|par\n|\n|upkeep\n|turn|14\n|\n|t:|1700680366\n|move|p1a: Iron Moth|Psychic|p2a: Torkoal\n|-damage|p2a: Torkoal|0 fnt\n|faint|p2a: Torkoal\n|\n|upkeep\n|\n|t:|1700680370\n|switch|p2a: Ditto|Ditto|100\/100\n|turn|15\n|-message|DrGizmo5896 forfeited.\n|\n|win|darkkevo\n|raw|darkkevo's rating: 1081 &rarr; <strong>1110<\/strong><br \/>(+29 for winning)\n|raw|DrGizmo5896's rating: 1100 &rarr; <strong>1074<\/strong><br \/>(-26 for losing)\n|l|\u2606DrGizmo5896\n","uploadtime":1700680383,"views":13,"p1id":"darkkevo","p2id":"drgizmo5896","formatid":"gen9ou","rating":1074,"private":0,"password":""}