{"id":"gen9ou-1991942498","p1":"DK Kabss","p2":"Ditto2Top","format":"[Gen 9] OU","log":"|j|\u2606DK Kabss\n|j|\u2606Ditto2Top\n|t:|1700140871\n|gametype|singles\n|player|p1|DK Kabss|169|1000\n|player|p2|Ditto2Top|koga|1075\n|teamsize|p1|6\n|teamsize|p2|6\n|gen|9\n|tier|[Gen 9] OU\n|rated|\n|rule|Sleep Clause Mod: Limit one foe put to sleep\n|rule|Species Clause: Limit one of each Pok\u00e9mon\n|rule|OHKO Clause: OHKO moves are banned\n|rule|Evasion Items Clause: Evasion items are banned\n|rule|Evasion Moves Clause: Evasion moves are banned\n|rule|Endless Battle Clause: Forcing endless battles is banned\n|rule|HP Percentage Mod: HP is shown in percentages\n|clearpoke\n|poke|p1|Sableye, F|\n|poke|p1|Cloyster, M|\n|poke|p1|Vivillon-Fancy, M|\n|poke|p1|Iron Moth|\n|poke|p1|Quaquaval, M|\n|poke|p1|Rillaboom, M|\n|poke|p2|Iron Valiant|\n|poke|p2|Ceruledge, F|\n|poke|p2|Ditto|\n|poke|p2|Cinderace, F|\n|poke|p2|Kingambit, F|\n|poke|p2|Slowking-Galar, M|\n|teampreview\n|\n|t:|1700140878\n|start\n|switch|p1a: Sableye|Sableye, F|100\/100\n|switch|p2a: Ronaldo|Cinderace, F, shiny|100\/100\n|turn|1\n|inactive|Battle timer is ON: inactive players will automatically lose when time's up. (requested by Ditto2Top)\n|\n|t:|1700140922\n|switch|p2a: \ud83d\udc51|Kingambit, F, shiny|100\/100\n|move|p1a: Sableye|Thunder Wave|p2a: \ud83d\udc51\n|-hint|Since gen 7, Dark is immune to Prankster moves.\n|-immune|p2a: \ud83d\udc51\n|\n|upkeep\n|turn|2\n|\n|t:|1700140939\n|switch|p1a: Rillaboom|Rillaboom, M|100\/100\n|-fieldstart|move: Grassy Terrain|[from] ability: Grassy Surge|[of] p1a: Rillaboom\n|move|p2a: \ud83d\udc51|Iron Head|p1a: Rillaboom\n|-damage|p1a: Rillaboom|46\/100\n|\n|-heal|p1a: Rillaboom|52\/100|[from] Grassy Terrain\n|upkeep\n|turn|3\n|\n|t:|1700140952\n|move|p1a: Rillaboom|Body Press|p2a: \ud83d\udc51\n|-supereffective|p2a: \ud83d\udc51\n|-damage|p2a: \ud83d\udc51|34\/100\n|-damage|p1a: Rillaboom|42\/100|[from] item: Life Orb\n|move|p2a: \ud83d\udc51|Swords Dance|p2a: \ud83d\udc51\n|-boost|p2a: \ud83d\udc51|atk|2\n|\n|-heal|p1a: Rillaboom|48\/100|[from] Grassy Terrain\n|-heal|p2a: \ud83d\udc51|40\/100|[from] Grassy Terrain\n|upkeep\n|turn|4\n|\n|t:|1700140963\n|move|p2a: \ud83d\udc51|Sucker Punch|p1a: Rillaboom\n|-damage|p1a: Rillaboom|0 fnt\n|faint|p1a: Rillaboom\n|\n|-heal|p2a: \ud83d\udc51|46\/100|[from] Grassy Terrain\n|upkeep\n|\n|t:|1700140967\n|switch|p1a: Iron Moth|Iron Moth|100\/100\n|turn|5\n|\n|t:|1700140974\n|move|p1a: Iron Moth|Flame Charge|p2a: \ud83d\udc51\n|-supereffective|p2a: \ud83d\udc51\n|-damage|p2a: \ud83d\udc51|27\/100\n|-boost|p1a: Iron Moth|spe|1\n|move|p2a: \ud83d\udc51|Iron Head|p1a: Iron Moth\n|-resisted|p1a: Iron Moth\n|-damage|p1a: Iron Moth|3\/100\n|\n|-heal|p1a: Iron Moth|9\/100|[from] Grassy Terrain\n|-heal|p2a: \ud83d\udc51|33\/100|[from] Grassy Terrain\n|upkeep\n|turn|6\n|\n|t:|1700141001\n|-end|p1a: Iron Moth|Quark Drive|[silent]\n|switch|p1a: Cloyster|Cloyster, M|100\/100\n|move|p2a: \ud83d\udc51|Sucker Punch||[still]\n|-fail|p2a: \ud83d\udc51\n|\n|-heal|p2a: \ud83d\udc51|39\/100|[from] Grassy Terrain\n|-fieldend|move: Grassy Terrain\n|upkeep\n|turn|7\n|\n|t:|1700141007\n|-terastallize|p1a: Cloyster|Psychic\n|move|p1a: Cloyster|Shell Smash|p1a: Cloyster\n|-unboost|p1a: Cloyster|def|1\n|-unboost|p1a: Cloyster|spd|1\n|-boost|p1a: Cloyster|atk|2\n|-boost|p1a: Cloyster|spa|2\n|-boost|p1a: Cloyster|spe|2\n|-enditem|p1a: Cloyster|White Herb\n|-clearnegativeboost|p1a: Cloyster|[silent]\n|move|p2a: \ud83d\udc51|Iron Head|p1a: Cloyster\n|-crit|p1a: Cloyster\n|-damage|p1a: Cloyster|0 fnt\n|faint|p1a: Cloyster\n|\n|upkeep\n|\n|t:|1700141021\n|switch|p1a: Quaquaval|Quaquaval, M|100\/100\n|turn|8\n|\n|t:|1700141026\n|move|p1a: Quaquaval|Aqua Step|p2a: \ud83d\udc51\n|-damage|p2a: \ud83d\udc51|2\/100\n|-boost|p1a: Quaquaval|spe|1\n|-damage|p1a: Quaquaval|91\/100|[from] item: Life Orb\n|move|p2a: \ud83d\udc51|Iron Head|p1a: Quaquaval\n|-resisted|p1a: Quaquaval\n|-damage|p1a: Quaquaval|30\/100\n|\n|upkeep\n|turn|9\n|\n|t:|1700141038\n|move|p2a: \ud83d\udc51|Sucker Punch||[still]\n|-fail|p2a: \ud83d\udc51\n|move|p1a: Quaquaval|Bulk Up|p1a: Quaquaval\n|-boost|p1a: Quaquaval|atk|1\n|-boost|p1a: Quaquaval|def|1\n|\n|upkeep\n|turn|10\n|\n|t:|1700141044\n|move|p2a: \ud83d\udc51|Sucker Punch||[still]\n|-fail|p2a: \ud83d\udc51\n|move|p1a: Quaquaval|Bulk Up|p1a: Quaquaval\n|-boost|p1a: Quaquaval|atk|1\n|-boost|p1a: Quaquaval|def|1\n|\n|upkeep\n|turn|11\n|\n|t:|1700141047\n|move|p2a: \ud83d\udc51|Sucker Punch|p1a: Quaquaval\n|-resisted|p1a: Quaquaval\n|-damage|p1a: Quaquaval|4\/100\n|move|p1a: Quaquaval|Aqua Step|p2a: \ud83d\udc51\n|-damage|p2a: \ud83d\udc51|0 fnt\n|-boost|p1a: Quaquaval|spe|1\n|faint|p2a: \ud83d\udc51\n|-end|p2a: \ud83d\udc51|fallenundefined|[silent]\n|-ability|p1a: Quaquaval|Moxie|boost\n|-boost|p1a: Quaquaval|atk|1\n|-damage|p1a: Quaquaval|0 fnt|[from] item: Life Orb\n|faint|p1a: Quaquaval\n|\n|upkeep\n|\n|t:|1700141066\n|switch|p1a: Iron Moth|Iron Moth|9\/100\n|switch|p2a: Ronaldo|Cinderace, F, shiny|100\/100\n|turn|12\n|\n|t:|1700141076\n|-end|p1a: Iron Moth|Quark Drive|[silent]\n|switch|p1a: Sableye|Sableye, F|100\/100\n|move|p2a: Ronaldo|Sucker Punch||[still]\n|-fail|p2a: Ronaldo\n|\n|upkeep\n|turn|13\n|\n|t:|1700141084\n|move|p2a: Ronaldo|Sucker Punch||[still]\n|-fail|p2a: Ronaldo\n|move|p1a: Sableye|Thunder Wave|p2a: Ronaldo|[miss]\n|-miss|p1a: Sableye|p2a: Ronaldo\n|\n|upkeep\n|turn|14\n|\n|t:|1700141091\n|switch|p2a: UButBetta|Ditto|100\/100\n|-transform|p2a: UButBetta|p1a: Sableye|[from] ability: Imposter\n|move|p1a: Sableye|Thunder Wave|p2a: UButBetta\n|-hint|Since gen 7, Dark is immune to Prankster moves.\n|-immune|p2a: UButBetta\n|\n|upkeep\n|turn|15\n|\n|t:|1700141103\n|switch|p1a: Vivillon|Vivillon-Fancy, M|100\/100\n|move|p2a: UButBetta|Knock Off|p1a: Vivillon\n|-damage|p1a: Vivillon|44\/100\n|-enditem|p1a: Vivillon|Heavy-Duty Boots|[from] move: Knock Off|[of] p2a: UButBetta\n|\n|upkeep\n|turn|16\n|\n|t:|1700141109\n|switch|p2a: Ronaldo|Cinderace, F, shiny|100\/100\n|move|p1a: Vivillon|Quiver Dance|p1a: Vivillon\n|-boost|p1a: Vivillon|spa|1\n|-boost|p1a: Vivillon|spd|1\n|-boost|p1a: Vivillon|spe|1\n|\n|upkeep\n|turn|17\n|\n|t:|1700141115\n|move|p1a: Vivillon|Sleep Powder|p2a: Ronaldo\n|-status|p2a: Ronaldo|slp|[from] move: Sleep Powder\n|cant|p2a: Ronaldo|slp\n|\n|upkeep\n|turn|18\n|\n|t:|1700141121\n|switch|p2a: UButBetta|Ditto|100\/100\n|-transform|p2a: UButBetta|p1a: Vivillon|[from] ability: Imposter\n|move|p1a: Vivillon|Quiver Dance|p1a: Vivillon\n|-boost|p1a: Vivillon|spa|1\n|-boost|p1a: Vivillon|spd|1\n|-boost|p1a: Vivillon|spe|1\n|\n|upkeep\n|turn|19\n|\n|t:|1700141128\n|switch|p2a: DestinyBOND|Ceruledge, F|100\/100\n|move|p1a: Vivillon|Sleep Powder|p2a: DestinyBOND\n|-message|Sleep Clause Mod activated.\n|-hint|Sleep Clause Mod prevents players from putting more than one of their opponent's Pok\u00e9mon to sleep at a time\n|\n|upkeep\n|turn|20\n|\n|t:|1700141137\n|move|p1a: Vivillon|Hurricane|p2a: DestinyBOND\n|-enditem|p2a: DestinyBOND|Focus Sash\n|-damage|p2a: DestinyBOND|1\/100\n|move|p2a: DestinyBOND|Bitter Blade|p1a: Vivillon\n|-supereffective|p1a: Vivillon\n|-damage|p1a: Vivillon|0 fnt\n|-heal|p2a: DestinyBOND|23\/100|[from] drain|[of] p1a: Vivillon\n|faint|p1a: Vivillon\n|\n|upkeep\n|\n|t:|1700141148\n|switch|p1a: Iron Moth|Iron Moth|9\/100\n|turn|21\n|\n|t:|1700141152\n|move|p1a: Iron Moth|Fiery Dance|p2a: DestinyBOND\n|-resisted|p2a: DestinyBOND\n|-damage|p2a: DestinyBOND|0 fnt\n|faint|p2a: DestinyBOND\n|\n|upkeep\n|\n|t:|1700141158\n|switch|p2a: UButBetta|Ditto|100\/100\n|-transform|p2a: UButBetta|p1a: Iron Moth|[from] ability: Imposter\n|turn|22\n|\n|t:|1700141170\n|move|p2a: UButBetta|Fiery Dance|p1a: Iron Moth\n|-resisted|p1a: Iron Moth\n|-crit|p1a: Iron Moth\n|-damage|p1a: Iron Moth|0 fnt\n|faint|p1a: Iron Moth\n|-end|p1a: Iron Moth|Quark Drive|[silent]\n|\n|upkeep\n|\n|t:|1700141172\n|switch|p1a: Sableye|Sableye, F|100\/100\n|turn|23\n|\n|t:|1700141178\n|move|p1a: Sableye|Thunder Wave|p2a: UButBetta\n|-status|p2a: UButBetta|par\n|move|p2a: UButBetta|Fiery Dance|p1a: Sableye\n|-damage|p1a: Sableye|29\/100\n|-boost|p2a: UButBetta|spa|1\n|\n|-heal|p1a: Sableye|35\/100|[from] item: Leftovers\n|upkeep\n|turn|24\n|\n|t:|1700141186\n|move|p2a: UButBetta|Fiery Dance|p1a: Sableye\n|-damage|p1a: Sableye|0 fnt\n|faint|p1a: Sableye\n|\n|win|Ditto2Top\n|raw|DK Kabss's rating: 1000 &rarr; <strong>1000<\/strong><br \/>(+0 for losing)\n|raw|Ditto2Top's rating: 1075 &rarr; <strong>1098<\/strong><br \/>(+23 for winning)\n","uploadtime":1700141192,"views":13,"p1id":"dkkabss","p2id":"ditto2top","formatid":"gen9ou","rating":1000,"private":0,"password":""}