{"id":"gen9ou-1999876709","p1":"AkiDes","p2":"papisantanaa","format":"[Gen 9] OU","log":"|j|\u2606AkiDes\n|j|\u2606papisantanaa\n|t:|1701125366\n|gametype|singles\n|player|p1|AkiDes|volkner|1128\n|player|p2|papisantanaa|101|1030\n|teamsize|p1|6\n|teamsize|p2|6\n|gen|9\n|tier|[Gen 9] OU\n|rated|\n|rule|Sleep Clause Mod: Limit one foe put to sleep\n|rule|Species Clause: Limit one of each Pok\u00e9mon\n|rule|OHKO Clause: OHKO moves are banned\n|rule|Evasion Items Clause: Evasion items are banned\n|rule|Evasion Moves Clause: Evasion moves are banned\n|rule|Endless Battle Clause: Forcing endless battles is banned\n|rule|HP Percentage Mod: HP is shown in percentages\n|clearpoke\n|poke|p1|Greninja-*, F|\n|poke|p1|Dragonite, F|\n|poke|p1|Cinderace, M|\n|poke|p1|Mandibuzz, F|\n|poke|p1|Jolteon, M|\n|poke|p1|Landorus-Therian, M|\n|poke|p2|Gholdengo|\n|poke|p2|Rotom-Wash|\n|poke|p2|Garchomp, M|\n|poke|p2|Corviknight, M|\n|poke|p2|Garganacl, F|\n|poke|p2|Toxapex, F|\n|teampreview\n|\n|t:|1701125376\n|start\n|switch|p1a: Babotas|Greninja, F|100\/100\n|switch|p2a: Garganacl|Garganacl, F|100\/100\n|turn|1\n|\n|t:|1701125386\n|-terastallize|p2a: Garganacl|Grass\n|move|p1a: Babotas|Hydro Pump|p2a: Garganacl\n|-start|p1a: Babotas|typechange|Water|[from] ability: Protean\n|-resisted|p2a: Garganacl\n|-damage|p2a: Garganacl|77\/100\n|move|p2a: Garganacl|Body Press|p1a: Babotas\n|-damage|p1a: Babotas|39\/100\n|\n|-heal|p2a: Garganacl|84\/100|[from] item: Leftovers\n|upkeep\n|turn|2\n|\n|t:|1701125400\n|switch|p1a: Prueba nomas|Landorus-Therian, M|100\/100\n|-ability|p1a: Prueba nomas|Intimidate|boost\n|-unboost|p2a: Garganacl|atk|1\n|move|p2a: Garganacl|Body Press|p1a: Prueba nomas\n|-resisted|p1a: Prueba nomas\n|-damage|p1a: Prueba nomas|84\/100\n|-damage|p2a: Garganacl|67\/100|[from] item: Rocky Helmet|[of] p1a: Prueba nomas\n|\n|-heal|p2a: Garganacl|73\/100|[from] item: Leftovers\n|upkeep\n|turn|3\n|\n|t:|1701125411\n|move|p1a: Prueba nomas|Stealth Rock|p2a: Garganacl\n|-sidestart|p2: papisantanaa|move: Stealth Rock\n|move|p2a: Garganacl|Salt Cure|p1a: Prueba nomas\n|-damage|p1a: Prueba nomas|75\/100\n|-start|p1a: Prueba nomas|Salt Cure\n|\n|-heal|p2a: Garganacl|79\/100|[from] item: Leftovers\n|-damage|p1a: Prueba nomas|63\/100|[from] Salt Cure\n|upkeep\n|turn|4\n|\n|t:|1701125422\n|move|p1a: Prueba nomas|Stone Edge|p2a: Garganacl\n|-damage|p2a: Garganacl|60\/100\n|move|p2a: Garganacl|Recover|p2a: Garganacl\n|-heal|p2a: Garganacl|100\/100\n|\n|-damage|p1a: Prueba nomas|51\/100|[from] Salt Cure\n|upkeep\n|turn|5\n|\n|t:|1701125437\n|move|p1a: Prueba nomas|Stealth Rock||[still]\n|-fail|p1a: Prueba nomas\n|move|p2a: Garganacl|Curse|p2a: Garganacl\n|-unboost|p2a: Garganacl|spe|1\n|-boost|p2a: Garganacl|atk|1\n|-boost|p2a: Garganacl|def|1\n|\n|-damage|p1a: Prueba nomas|38\/100|[from] Salt Cure\n|upkeep\n|turn|6\n|\n|t:|1701125448\n|move|p1a: Prueba nomas|Hammer Arm|p2a: Garganacl\n|-damage|p2a: Garganacl|88\/100\n|-unboost|p1a: Prueba nomas|spe|1\n|move|p2a: Garganacl|Curse|p2a: Garganacl\n|-unboost|p2a: Garganacl|spe|1\n|-boost|p2a: Garganacl|atk|1\n|-boost|p2a: Garganacl|def|1\n|\n|-heal|p2a: Garganacl|94\/100|[from] item: Leftovers\n|-damage|p1a: Prueba nomas|26\/100|[from] Salt Cure\n|upkeep\n|turn|7\n|\n|t:|1701125459\n|switch|p1a: Babotas|Greninja, F|39\/100\n|move|p2a: Garganacl|Curse|p2a: Garganacl\n|-unboost|p2a: Garganacl|spe|1\n|-boost|p2a: Garganacl|atk|1\n|-boost|p2a: Garganacl|def|1\n|\n|-heal|p2a: Garganacl|99\/100|[from] item: Leftovers\n|upkeep\n|turn|8\n|\n|t:|1701125466\n|move|p1a: Babotas|Ice Beam|p2a: Garganacl\n|-start|p1a: Babotas|typechange|Ice|[from] ability: Protean\n|-supereffective|p2a: Garganacl\n|-damage|p2a: Garganacl|27\/100\n|move|p2a: Garganacl|Curse|p2a: Garganacl\n|-unboost|p2a: Garganacl|spe|1\n|-boost|p2a: Garganacl|atk|1\n|-boost|p2a: Garganacl|def|1\n|\n|-heal|p2a: Garganacl|33\/100|[from] item: Leftovers\n|upkeep\n|turn|9\n|\n|t:|1701125478\n|move|p1a: Babotas|Ice Beam|p2a: Garganacl\n|-supereffective|p2a: Garganacl\n|-damage|p2a: Garganacl|0 fnt\n|faint|p2a: Garganacl\n|\n|upkeep\n|\n|t:|1701125496\n|switch|p2a: Toxapex|Toxapex, F, shiny|100\/100\n|-damage|p2a: Toxapex|88\/100|[from] Stealth Rock\n|turn|10\n|\n|t:|1701125501\n|switch|p1a: Prueba nomas|Landorus-Therian, M|26\/100\n|-ability|p1a: Prueba nomas|Intimidate|boost\n|-unboost|p2a: Toxapex|atk|1\n|move|p2a: Toxapex|Toxic|p1a: Prueba nomas\n|-status|p1a: Prueba nomas|tox\n|\n|-heal|p2a: Toxapex|94\/100|[from] item: Black Sludge\n|-damage|p1a: Prueba nomas|20\/100 tox|[from] psn\n|upkeep\n|turn|11\n|\n|t:|1701125513\n|move|p1a: Prueba nomas|Earthquake|p2a: Toxapex\n|-supereffective|p2a: Toxapex\n|-damage|p2a: Toxapex|17\/100\n|move|p2a: Toxapex|Recover|p2a: Toxapex\n|-heal|p2a: Toxapex|67\/100\n|\n|-heal|p2a: Toxapex|73\/100|[from] item: Black Sludge\n|-damage|p1a: Prueba nomas|8\/100 tox|[from] psn\n|upkeep\n|turn|12\n|\n|t:|1701125523\n|switch|p2a: Rotom|Rotom-Wash, shiny|100\/100\n|-damage|p2a: Rotom|88\/100|[from] Stealth Rock\n|move|p1a: Prueba nomas|Earthquake|p2a: Rotom\n|-immune|p2a: Rotom|[from] ability: Levitate\n|\n|-damage|p1a: Prueba nomas|0 fnt|[from] psn\n|faint|p1a: Prueba nomas\n|upkeep\n|\n|t:|1701125537\n|switch|p1a: Fuego en la pista|Cinderace, M|100\/100\n|turn|13\n|\n|t:|1701125543\n|move|p1a: Fuego en la pista|High Jump Kick|p2a: Rotom\n|-start|p1a: Fuego en la pista|typechange|Fighting|[from] ability: Libero\n|-damage|p2a: Rotom|22\/100\n|-enditem|p2a: Rotom|Sitrus Berry|[eat]\n|-heal|p2a: Rotom|47\/100|[from] item: Sitrus Berry\n|move|p2a: Rotom|Will-O-Wisp|p1a: Fuego en la pista\n|-status|p1a: Fuego en la pista|brn\n|\n|-damage|p1a: Fuego en la pista|95\/100 brn|[from] brn\n|upkeep\n|turn|14\n|\n|t:|1701125557\n|move|p1a: Fuego en la pista|High Jump Kick|p2a: Rotom\n|-damage|p2a: Rotom|16\/100\n|move|p2a: Rotom|Hydro Pump|p1a: Fuego en la pista\n|-damage|p1a: Fuego en la pista|40\/100 brn\n|\n|-damage|p1a: Fuego en la pista|34\/100 brn|[from] brn\n|upkeep\n|turn|15\n|\n|t:|1701125566\n|move|p1a: Fuego en la pista|Sucker Punch|p2a: Rotom\n|-damage|p2a: Rotom|4\/100\n|move|p2a: Rotom|Thunderbolt|p1a: Fuego en la pista\n|-damage|p1a: Fuego en la pista|0 fnt\n|faint|p1a: Fuego en la pista\n|\n|upkeep\n|\n|t:|1701125571\n|switch|p1a: Babotas|Greninja, F|39\/100\n|turn|16\n|\n|t:|1701125575\n|move|p1a: Babotas|U-turn|p2a: Rotom\n|-start|p1a: Babotas|typechange|Bug|[from] ability: Protean\n|-damage|p2a: Rotom|0 fnt\n|faint|p2a: Rotom\n|\n|t:|1701125579\n|switch|p1a: Jarcres|Jolteon, M|100\/100|[from] U-turn\n|\n|upkeep\n|\n|t:|1701125586\n|switch|p2a: Garchomp|Garchomp, M|100\/100\n|-damage|p2a: Garchomp|94\/100|[from] Stealth Rock\n|turn|17\n|\n|t:|1701125592\n|-terastallize|p1a: Jarcres|Ice\n|move|p1a: Jarcres|Tera Blast|p2a: Garchomp|[anim] Tera Blast Ice\n|-supereffective|p2a: Garchomp\n|-damage|p2a: Garchomp|0 fnt\n|faint|p2a: Garchomp\n|\n|upkeep\n|\n|t:|1701125603\n|switch|p2a: Gholdengo|Gholdengo|100\/100\n|-damage|p2a: Gholdengo|94\/100|[from] Stealth Rock\n|turn|18\n|\n|t:|1701125608\n|switch|p1a: Festin celestial|Mandibuzz, F|100\/100\n|move|p2a: Gholdengo|Make It Rain|p1a: Festin celestial\n|-damage|p1a: Festin celestial|22\/100\n|-unboost|p2a: Gholdengo|spa|1\n|\n|upkeep\n|turn|19\n|\n|t:|1701125623\n|move|p2a: Gholdengo|Make It Rain|p1a: Festin celestial\n|-damage|p1a: Festin celestial|0 fnt\n|-unboost|p2a: Gholdengo|spa|1\n|faint|p1a: Festin celestial\n|\n|upkeep\n|inactive|Battle timer is ON: inactive players will automatically lose when time's up. (requested by papisantanaa)\n|\n|t:|1701125633\n|switch|p1a: Babotas|Greninja, F|39\/100\n|turn|20\n|\n|t:|1701125640\n|switch|p2a: Corviknight|Corviknight, M|100\/100\n|-damage|p2a: Corviknight|88\/100|[from] Stealth Rock\n|move|p1a: Babotas|Hydro Pump|p2a: Corviknight\n|-start|p1a: Babotas|typechange|Water|[from] ability: Protean\n|-damage|p2a: Corviknight|38\/100\n|\n|-heal|p2a: Corviknight|44\/100|[from] item: Leftovers\n|upkeep\n|turn|21\n|\n|t:|1701125654\n|move|p1a: Babotas|Hydro Pump|p2a: Corviknight\n|-damage|p2a: Corviknight|0 fnt\n|faint|p2a: Corviknight\n|\n|upkeep\n|\n|t:|1701125670\n|switch|p2a: Toxapex|Toxapex, F, shiny|100\/100\n|-damage|p2a: Toxapex|88\/100|[from] Stealth Rock\n|turn|22\n|\n|t:|1701125687\n|switch|p1a: Cacahuate|Dragonite, F|100\/100\n|move|p2a: Toxapex|Toxic|p1a: Cacahuate\n|-status|p1a: Cacahuate|tox\n|\n|-heal|p2a: Toxapex|94\/100|[from] item: Black Sludge\n|-damage|p1a: Cacahuate|94\/100 tox|[from] psn\n|upkeep\n|turn|23\n|inactive|papisantanaa has 120 seconds left.\n|\n|t:|1701125706\n|move|p1a: Cacahuate|Dragon Dance|p1a: Cacahuate\n|-boost|p1a: Cacahuate|atk|1\n|-boost|p1a: Cacahuate|spe|1\n|move|p2a: Toxapex|Surf|p1a: Cacahuate\n|-resisted|p1a: Cacahuate\n|-damage|p1a: Cacahuate|84\/100 tox\n|\n|-heal|p2a: Toxapex|100\/100|[from] item: Black Sludge\n|-damage|p1a: Cacahuate|72\/100 tox|[from] psn\n|upkeep\n|turn|24\n|inactive|papisantanaa has 120 seconds left.\n|\n|t:|1701125718\n|move|p1a: Cacahuate|Dragon Dance|p1a: Cacahuate\n|-boost|p1a: Cacahuate|atk|1\n|-boost|p1a: Cacahuate|spe|1\n|move|p2a: Toxapex|Haze|p2a: Toxapex\n|-clearallboost\n|\n|-damage|p1a: Cacahuate|53\/100 tox|[from] psn\n|upkeep\n|turn|25\n|inactive|papisantanaa has 120 seconds left.\n|\n|t:|1701125735\n|switch|p1a: Babotas|Greninja, F|39\/100\n|move|p2a: Toxapex|Surf|p1a: Babotas\n|-resisted|p1a: Babotas\n|-damage|p1a: Babotas|24\/100\n|\n|upkeep\n|turn|26\n|inactive|papisantanaa has 120 seconds left.\n|\n|t:|1701125743\n|move|p1a: Babotas|Dark Pulse|p2a: Toxapex\n|-start|p1a: Babotas|typechange|Dark|[from] ability: Protean\n|-damage|p2a: Toxapex|73\/100\n|move|p2a: Toxapex|Toxic|p1a: Babotas\n|-status|p1a: Babotas|tox\n|\n|-heal|p2a: Toxapex|79\/100|[from] item: Black Sludge\n|-damage|p1a: Babotas|18\/100 tox|[from] psn\n|upkeep\n|turn|27\n|inactive|papisantanaa has 120 seconds left.\n|\n|t:|1701125754\n|switch|p1a: Cacahuate|Dragonite, F|53\/100 tox\n|move|p2a: Toxapex|Recover|p2a: Toxapex\n|-heal|p2a: Toxapex|100\/100\n|\n|-damage|p1a: Cacahuate|47\/100 tox|[from] psn\n|upkeep\n|turn|28\n|\n|t:|1701125762\n|move|p1a: Cacahuate|Dragon Dance|p1a: Cacahuate\n|-boost|p1a: Cacahuate|atk|1\n|-boost|p1a: Cacahuate|spe|1\n|move|p2a: Toxapex|Surf|p1a: Cacahuate\n|-resisted|p1a: Cacahuate\n|-damage|p1a: Cacahuate|37\/100 tox\n|\n|-damage|p1a: Cacahuate|25\/100 tox|[from] psn\n|upkeep\n|turn|29\n|\n|t:|1701125769\n|move|p1a: Cacahuate|Earthquake|p2a: Toxapex\n|-supereffective|p2a: Toxapex\n|-damage|p2a: Toxapex|18\/100\n|move|p2a: Toxapex|Haze|p2a: Toxapex\n|-clearallboost\n|\n|-heal|p2a: Toxapex|25\/100|[from] item: Black Sludge\n|-damage|p1a: Cacahuate|6\/100 tox|[from] psn\n|upkeep\n|turn|30\n|inactive|papisantanaa has 120 seconds left.\n|\n|t:|1701125798\n|move|p1a: Cacahuate|Earthquake|p2a: Toxapex\n|-supereffective|p2a: Toxapex\n|-damage|p2a: Toxapex|0 fnt\n|faint|p2a: Toxapex\n|\n|-damage|p1a: Cacahuate|0 fnt|[from] psn\n|faint|p1a: Cacahuate\n|upkeep\n|inactive|papisantanaa has 120 seconds left.\n|\n|t:|1701125813\n|switch|p1a: Babotas|Greninja, F|18\/100 tox\n|switch|p2a: Gholdengo|Gholdengo|94\/100\n|-damage|p2a: Gholdengo|88\/100|[from] Stealth Rock\n|turn|31\n|inactive|papisantanaa has 120 seconds left.\n|\n|t:|1701125821\n|move|p1a: Babotas|Dark Pulse|p2a: Gholdengo\n|-start|p1a: Babotas|typechange|Dark|[from] ability: Protean\n|-supereffective|p2a: Gholdengo\n|-damage|p2a: Gholdengo|20\/100\n|move|p2a: Gholdengo|Make It Rain|p1a: Babotas\n|-damage|p1a: Babotas|0 fnt\n|-unboost|p2a: Gholdengo|spa|1\n|faint|p1a: Babotas\n|\n|upkeep\n|\n|t:|1701125830\n|switch|p1a: Jarcres|Jolteon, M, tera:Ice|100\/100\n|turn|32\n|\n|t:|1701125834\n|move|p1a: Jarcres|Shadow Ball|p2a: Gholdengo\n|-supereffective|p2a: Gholdengo\n|-damage|p2a: Gholdengo|0 fnt\n|faint|p2a: Gholdengo\n|\n|win|AkiDes\n|raw|AkiDes's rating: 1128 &rarr; <strong>1146<\/strong><br \/>(+18 for winning)\n|raw|papisantanaa's rating: 1030 &rarr; <strong>1019<\/strong><br \/>(-11 for losing)\n|l|\u2606papisantanaa\n","uploadtime":1701125838,"views":2,"p1id":"akides","p2id":"papisantanaa","formatid":"gen9ou","rating":1019,"private":0,"password":""}