{"id":"gen9ou-2000427520","p1":"aoicanary","p2":"Deathbang","format":"[Gen 9] OU","log":"|j|\u2606aoicanary\n|j|\u2606Deathbang\n|t:|1701193908\n|gametype|singles\n|player|p1|aoicanary|dawn|1125\n|player|p2|Deathbang|swimmerf-gen4|1172\n|teamsize|p1|6\n|teamsize|p2|6\n|gen|9\n|tier|[Gen 9] OU\n|rated|\n|rule|Sleep Clause Mod: Limit one foe put to sleep\n|rule|Species Clause: Limit one of each Pok\u00e9mon\n|rule|OHKO Clause: OHKO moves are banned\n|rule|Evasion Items Clause: Evasion items are banned\n|rule|Evasion Moves Clause: Evasion moves are banned\n|rule|Endless Battle Clause: Forcing endless battles is banned\n|rule|HP Percentage Mod: HP is shown in percentages\n|clearpoke\n|poke|p1|Maushold|\n|poke|p1|Rillaboom, F|\n|poke|p1|Great Tusk|\n|poke|p1|Heatran, M|\n|poke|p1|Enamorus, F|\n|poke|p1|Kingambit, F|\n|poke|p2|Basculegion, M|\n|poke|p2|Arcanine-Hisui, F|\n|poke|p2|Kommo-o, F|\n|poke|p2|Weavile, M|\n|poke|p2|Cresselia, F|\n|poke|p2|Alomomola, M|\n|teampreview\n|inactive|Battle timer is ON: inactive players will automatically lose when time's up. (requested by aoicanary)\n|\n|t:|1701193919\n|start\n|switch|p1a: Maushold|Maushold|100\/100\n|switch|p2a: Weavile|Weavile, M|100\/100\n|turn|1\n|\n|t:|1701193927\n|move|p2a: Weavile|Low Kick|p1a: Maushold\n|-supereffective|p1a: Maushold\n|-damage|p1a: Maushold|67\/100\n|move|p1a: Maushold|Population Bomb|p2a: Weavile\n|-damage|p2a: Weavile|82\/100\n|-damage|p2a: Weavile|62\/100\n|-damage|p2a: Weavile|44\/100\n|-damage|p2a: Weavile|26\/100\n|-damage|p2a: Weavile|8\/100\n|-damage|p2a: Weavile|0 fnt\n|faint|p2a: Weavile\n|-hitcount|p2: Weavile|6\n|\n|upkeep\n|\n|t:|1701193937\n|switch|p2a: Basculegion|Basculegion, M|100\/100\n|turn|2\n|\n|t:|1701193942\n|move|p1a: Maushold|Population Bomb|p2a: Basculegion\n|-immune|p2a: Basculegion\n|move|p2a: Basculegion|Agility|p2a: Basculegion\n|-boost|p2a: Basculegion|spe|2\n|\n|upkeep\n|turn|3\n|\n|t:|1701193951\n|move|p2a: Basculegion|Agility|p2a: Basculegion\n|-boost|p2a: Basculegion|spe|2\n|move|p1a: Maushold|Bite|p2a: Basculegion\n|-supereffective|p2a: Basculegion\n|-damage|p2a: Basculegion|53\/100\n|-enditem|p2a: Basculegion|Weakness Policy\n|-boost|p2a: Basculegion|atk|2|[from] item: Weakness Policy\n|-boost|p2a: Basculegion|spa|2|[from] item: Weakness Policy\n|\n|upkeep\n|turn|4\n|\n|t:|1701193960\n|move|p2a: Basculegion|Liquidation|p1a: Maushold\n|-damage|p1a: Maushold|0 fnt\n|faint|p1a: Maushold\n|\n|upkeep\n|\n|t:|1701193965\n|switch|p1a: devindian|Kingambit, F|100\/100\n|-activate|p1a: devindian|ability: Supreme Overlord\n|-start|p1a: devindian|fallen1|[silent]\n|turn|5\n|\n|t:|1701193970\n|-terastallize|p2a: Basculegion|Dragon\n|move|p1a: devindian|Sucker Punch|p2a: Basculegion\n|-damage|p2a: Basculegion|2\/100\n|move|p2a: Basculegion|Liquidation|p1a: devindian\n|-damage|p1a: devindian|38\/100\n|\n|-heal|p1a: devindian|44\/100|[from] item: Leftovers\n|upkeep\n|turn|6\n|\n|t:|1701193985\n|move|p1a: devindian|Sucker Punch||[still]\n|-fail|p1a: devindian\n|move|p2a: Basculegion|Agility|p2a: Basculegion\n|-boost|p2a: Basculegion|spe|2\n|\n|-heal|p1a: devindian|51\/100|[from] item: Leftovers\n|upkeep\n|turn|7\n|\n|t:|1701193990\n|move|p1a: devindian|Sucker Punch||[still]\n|-fail|p1a: devindian\n|move|p2a: Basculegion|Agility|p2a: Basculegion\n|-boost|p2a: Basculegion|spe|0\n|\n|-heal|p1a: devindian|57\/100|[from] item: Leftovers\n|upkeep\n|turn|8\n|\n|t:|1701193996\n|move|p1a: devindian|Sucker Punch|p2a: Basculegion\n|-damage|p2a: Basculegion|0 fnt\n|faint|p2a: Basculegion\n|\n|-heal|p1a: devindian|63\/100|[from] item: Leftovers\n|upkeep\n|\n|t:|1701194000\n|switch|p2a: Kommo-o|Kommo-o, F|100\/100\n|turn|9\n|\n|t:|1701194008\n|-end|p1a: devindian|fallen1|[silent]\n|switch|p1a: Great Tusk|Great Tusk|100\/100\n|move|p2a: Kommo-o|Clangorous Soul|p2a: Kommo-o\n|-boost|p2a: Kommo-o|atk|1\n|-boost|p2a: Kommo-o|def|1\n|-boost|p2a: Kommo-o|spa|1\n|-boost|p2a: Kommo-o|spd|1\n|-boost|p2a: Kommo-o|spe|1\n|-damage|p2a: Kommo-o|68\/100\n|\n|-heal|p2a: Kommo-o|74\/100|[from] item: Leftovers\n|upkeep\n|turn|10\n|\n|t:|1701194021\n|move|p2a: Kommo-o|Drain Punch|p1a: Great Tusk\n|-damage|p1a: Great Tusk|69\/100\n|-heal|p2a: Kommo-o|97\/100|[from] drain|[of] p1a: Great Tusk\n|move|p1a: Great Tusk|Headlong Rush|p2a: Kommo-o\n|-damage|p2a: Kommo-o|62\/100\n|-unboost|p1a: Great Tusk|def|1\n|-unboost|p1a: Great Tusk|spd|1\n|\n|-heal|p2a: Kommo-o|69\/100|[from] item: Leftovers\n|-heal|p1a: Great Tusk|75\/100|[from] item: Leftovers\n|upkeep\n|turn|11\n|\n|t:|1701194038\n|move|p2a: Kommo-o|Drain Punch|p1a: Great Tusk\n|-damage|p1a: Great Tusk|26\/100\n|-heal|p2a: Kommo-o|100\/100|[from] drain|[of] p1a: Great Tusk\n|move|p1a: Great Tusk|Headlong Rush|p2a: Kommo-o\n|-damage|p2a: Kommo-o|68\/100\n|-unboost|p1a: Great Tusk|def|1\n|-unboost|p1a: Great Tusk|spd|1\n|\n|-heal|p2a: Kommo-o|74\/100|[from] item: Leftovers\n|-heal|p1a: Great Tusk|32\/100|[from] item: Leftovers\n|upkeep\n|turn|12\n|\n|t:|1701194049\n|move|p2a: Kommo-o|Clangorous Soul|p2a: Kommo-o\n|-boost|p2a: Kommo-o|atk|1\n|-boost|p2a: Kommo-o|def|1\n|-boost|p2a: Kommo-o|spa|1\n|-boost|p2a: Kommo-o|spd|1\n|-boost|p2a: Kommo-o|spe|1\n|-damage|p2a: Kommo-o|41\/100\n|move|p1a: Great Tusk|Ice Spinner|p2a: Kommo-o\n|-supereffective|p2a: Kommo-o\n|-damage|p2a: Kommo-o|17\/100\n|\n|-heal|p2a: Kommo-o|24\/100|[from] item: Leftovers\n|-heal|p1a: Great Tusk|38\/100|[from] item: Leftovers\n|upkeep\n|turn|13\n|\n|t:|1701194060\n|move|p2a: Kommo-o|Drain Punch|p1a: Great Tusk\n|-damage|p1a: Great Tusk|0 fnt\n|-heal|p2a: Kommo-o|52\/100|[from] drain|[of] p1a: Great Tusk\n|faint|p1a: Great Tusk\n|-end|p1a: Great Tusk|Protosynthesis|[silent]\n|\n|-heal|p2a: Kommo-o|58\/100|[from] item: Leftovers\n|upkeep\n|\n|t:|1701194071\n|switch|p1a: Enamorus|Enamorus, F|100\/100\n|turn|14\n|\n|t:|1701194077\n|move|p2a: Kommo-o|Poison Jab|p1a: Enamorus\n|-supereffective|p1a: Enamorus\n|-damage|p1a: Enamorus|0 fnt\n|faint|p1a: Enamorus\n|\n|-heal|p2a: Kommo-o|64\/100|[from] item: Leftovers\n|upkeep\n|\n|t:|1701194089\n|switch|p1a: Rillaboom|Rillaboom, F|100\/100\n|-fieldstart|move: Grassy Terrain|[from] ability: Grassy Surge|[of] p1a: Rillaboom\n|turn|15\n|\n|t:|1701194095\n|move|p2a: Kommo-o|Drain Punch|p1a: Rillaboom\n|-damage|p1a: Rillaboom|22\/100\n|-heal|p2a: Kommo-o|100\/100|[from] drain|[of] p1a: Rillaboom\n|move|p1a: Rillaboom|Wood Hammer|p2a: Kommo-o\n|-resisted|p2a: Kommo-o\n|-damage|p2a: Kommo-o|71\/100\n|-damage|p1a: Rillaboom|14\/100|[from] Recoil\n|\n|-heal|p2a: Kommo-o|77\/100|[from] Grassy Terrain\n|-heal|p2a: Kommo-o|83\/100|[from] item: Leftovers\n|-heal|p1a: Rillaboom|20\/100|[from] Grassy Terrain\n|upkeep\n|turn|16\n|\n|t:|1701194107\n|move|p2a: Kommo-o|Poison Jab|p1a: Rillaboom\n|-supereffective|p1a: Rillaboom\n|-damage|p1a: Rillaboom|0 fnt\n|faint|p1a: Rillaboom\n|\n|-heal|p2a: Kommo-o|90\/100|[from] Grassy Terrain\n|-heal|p2a: Kommo-o|96\/100|[from] item: Leftovers\n|upkeep\n|c|\u2606Deathbang|Ggs\n|\n|t:|1701194110\n|switch|p1a: devindian|Kingambit, F|63\/100\n|-activate|p1a: devindian|ability: Supreme Overlord\n|-start|p1a: devindian|fallen4|[silent]\n|turn|17\n|\n|t:|1701194113\n|move|p1a: devindian|Sucker Punch|p2a: Kommo-o\n|-resisted|p2a: Kommo-o\n|-damage|p2a: Kommo-o|81\/100\n|move|p2a: Kommo-o|Drain Punch|p1a: devindian\n|-supereffective|p1a: devindian\n|-damage|p1a: devindian|0 fnt\n|-heal|p2a: Kommo-o|100\/100|[from] drain|[of] p1a: devindian\n|faint|p1a: devindian\n|-end|p1a: devindian|fallen4|[silent]\n|\n|upkeep\n|\n|t:|1701194118\n|switch|p1a: Heatran|Heatran, M|100\/100\n|turn|18\n|-message|aoicanary forfeited.\n|\n|win|Deathbang\n|raw|aoicanary's rating: 1125 &rarr; <strong>1103<\/strong><br \/>(-22 for losing)\n|raw|Deathbang's rating: 1172 &rarr; <strong>1194<\/strong><br \/>(+22 for winning)\n|l|\u2606aoicanary\n","uploadtime":1701194128,"views":1,"p1id":"aoicanary","p2id":"deathbang","formatid":"gen9ou","rating":1103,"private":0,"password":""}