{"id":"gen9ou-1993871515","p1":"Gunnygod","p2":"Sweet Tomatoes","format":"[Gen 9] OU","log":"|j|\u2606Gunnygod\n|j|\u2606Sweet Tomatoes\n|inactive|Battle timer is ON: inactive players will automatically lose when time's up.\n|t:|1700368021\n|gametype|singles\n|player|p1|Gunnygod|ingo|\n|player|p2|Sweet Tomatoes|waitress-gen4|\n|teamsize|p1|6\n|teamsize|p2|6\n|gen|9\n|tier|[Gen 9] OU\n|rated|Tournament battle\n|rule|Sleep Clause Mod: Limit one foe put to sleep\n|rule|Species Clause: Limit one of each Pok\u00e9mon\n|rule|OHKO Clause: OHKO moves are banned\n|rule|Evasion Items Clause: Evasion items are banned\n|rule|Evasion Moves Clause: Evasion moves are banned\n|rule|Endless Battle Clause: Forcing endless battles is banned\n|rule|HP Percentage Mod: HP is shown in percentages\n|clearpoke\n|poke|p1|Wugtrio, M|\n|poke|p1|Weezing, F|\n|poke|p1|Mabosstiff, F|\n|poke|p1|Toedscruel, F|\n|poke|p1|Pyroar, M|\n|poke|p1|Mismagius, F|\n|poke|p2|Wugtrio, F|\n|poke|p2|Weezing, M|\n|poke|p2|Mabosstiff, F|\n|poke|p2|Toedscruel, M|\n|poke|p2|Pyroar, F|\n|poke|p2|Mismagius, M|\n|teampreview\n|j|*Lady Monita \u2746\n|j| DabBuster184\n|\n|t:|1700368028\n|start\n|switch|p1a: Wugtrio|Wugtrio, M|100\/100\n|switch|p2a: fuzzy with a tumor|Weezing, M|100\/100\n|turn|1\n|c|\u2606Sweet Tomatoes|glhf\n|c|\u2606Gunnygod|u2\n|\n|t:|1700368057\n|move|p1a: Wugtrio|Liquidation|p2a: fuzzy with a tumor\n|-damage|p2a: fuzzy with a tumor|58\/100\n|-unboost|p2a: fuzzy with a tumor|def|1\n|move|p2a: fuzzy with a tumor|Will-O-Wisp|p1a: Wugtrio\n|-status|p1a: Wugtrio|brn\n|\n|-heal|p2a: fuzzy with a tumor|64\/100|[from] item: Leftovers\n|-damage|p1a: Wugtrio|94\/100 brn|[from] brn\n|upkeep\n|turn|2\n|inactive|Gunnygod has 120 seconds left.\n|inactive|Sweet Tomatoes has 120 seconds left.\n|inactive|Sweet Tomatoes has 90 seconds left.\n|\n|t:|1700368122\n|switch|p1a: Mabosstiff|Mabosstiff, F|100\/100\n|switch|p2a: Paratroopa|Wugtrio, F|100\/100\n|\n|upkeep\n|turn|3\n|inactive|Gunnygod has 120 seconds left.\n|inactive|Sweet Tomatoes has 90 seconds left.\n|inactive|Sweet Tomatoes has 60 seconds left.\n|\n|t:|1700368171\n|move|p2a: Paratroopa|Liquidation|p1a: Mabosstiff\n|-damage|p1a: Mabosstiff|26\/100\n|-unboost|p1a: Mabosstiff|def|1\n|move|p1a: Mabosstiff|Trailblaze|p2a: Paratroopa\n|-supereffective|p2a: Paratroopa\n|-damage|p2a: Paratroopa|0 fnt\n|-boost|p1a: Mabosstiff|spe|1\n|-ability|p2a: Paratroopa|Gooey\n|-unboost|p1a: Mabosstiff|spe|1\n|faint|p2a: Paratroopa\n|\n|upkeep\n|\n|t:|1700368186\n|switch|p2a: dry bones|Mismagius, M|100\/100\n|turn|4\n|\n|t:|1700368191\n|switch|p1a: Pyroar|Pyroar, M|100\/100\n|-ability|p1a: Pyroar|Unnerve\n|move|p2a: dry bones|Dazzling Gleam|p1a: Pyroar\n|-resisted|p1a: Pyroar\n|-damage|p1a: Pyroar|82\/100\n|\n|upkeep\n|turn|5\n|\n|t:|1700368219\n|switch|p2a: 1 billion lions|Pyroar, F|100\/100\n|-ability|p2a: 1 billion lions|Unnerve\n|move|p1a: Pyroar|Will-O-Wisp|p2a: 1 billion lions\n|-immune|p2a: 1 billion lions\n|\n|upkeep\n|turn|6\n|inactive|Sweet Tomatoes has 30 seconds left.\n|\n|t:|1700368240\n|move|p2a: 1 billion lions|Tera Blast|p1a: Pyroar\n|-damage|p1a: Pyroar|12\/100\n|-damage|p2a: 1 billion lions|91\/100|[from] item: Life Orb\n|move|p1a: Pyroar|Dark Pulse|p2a: 1 billion lions\n|-damage|p2a: 1 billion lions|40\/100\n|-damage|p1a: Pyroar|2\/100|[from] item: Life Orb\n|\n|upkeep\n|turn|7\n|inactive|Sweet Tomatoes has 30 seconds left.\n|inactive|Sweet Tomatoes has 20 seconds left.\n|inactive|Gunnygod has 120 seconds left.\n|\n|t:|1700368279\n|switch|p2a: yoshi|Mabosstiff, F|100\/100\n|move|p1a: Pyroar|Protect||[still]\n|-fail|p1a: Pyroar\n|\n|upkeep\n|turn|8\n|inactive|Sweet Tomatoes has 30 seconds left this turn.\n|inactive|Sweet Tomatoes has 20 seconds left.\n|\n|t:|1700368292\n|move|p2a: yoshi|Crunch|p1a: Pyroar\n|-damage|p1a: Pyroar|0 fnt\n|faint|p1a: Pyroar\n|\n|upkeep\n|inactive|Sweet Tomatoes has 25 seconds left this turn.\n|\n|t:|1700368302\n|switch|p1a: Toedscruel|Toedscruel, F|100\/100\n|turn|9\n|inactive|Sweet Tomatoes has 30 seconds left.\n|inactive|Sweet Tomatoes has 20 seconds left.\n|\n|t:|1700368319\n|switch|p2a: ala-gold|Toedscruel, M|100\/100\n|move|p1a: Toedscruel|Spore|p2a: ala-gold\n|-immune|p2a: ala-gold\n|\n|upkeep\n|turn|10\n|inactive|Sweet Tomatoes has 30 seconds left this turn.\n|inactive|Sweet Tomatoes has 20 seconds left.\n|\n|t:|1700368334\n|switch|p1a: Weezing|Weezing, F|100\/100\n|move|p2a: ala-gold|Knock Off|p1a: Weezing\n|-damage|p1a: Weezing|87\/100\n|-enditem|p1a: Weezing|Safety Goggles|[from] move: Knock Off|[of] p2a: ala-gold\n|\n|upkeep\n|turn|11\n|inactive|Sweet Tomatoes has 30 seconds left this turn.\n|inactive|Sweet Tomatoes has 20 seconds left.\n|inactive|Gunnygod has 120 seconds left.\n|inactive|Sweet Tomatoes has 15 seconds left.\n|inactive|Sweet Tomatoes has 10 seconds left.\n|\n|t:|1700368358\n|move|p1a: Weezing|Sludge Bomb|p2a: ala-gold\n|-damage|p2a: ala-gold|85\/100\n|move|p2a: ala-gold|Spore|p1a: Weezing\n|-status|p1a: Weezing|slp|[from] move: Spore\n|\n|upkeep\n|turn|12\n|inactive|Sweet Tomatoes has 20 seconds left this turn.\n|inactive|Gunnygod has 120 seconds left.\n|\n|t:|1700368369\n|switch|p1a: Wugtrio|Wugtrio, M|94\/100 brn\n|move|p2a: ala-gold|Spikes|p1a: Wugtrio\n|-sidestart|p1: Gunnygod|Spikes\n|\n|-damage|p1a: Wugtrio|88\/100 brn|[from] brn\n|upkeep\n|turn|13\n|inactive|Sweet Tomatoes has 30 seconds left this turn.\n|inactive|Gunnygod has 120 seconds left.\n|inactive|Sweet Tomatoes has 20 seconds left.\n|inactive|Sweet Tomatoes has 15 seconds left.\n|\n|t:|1700368385\n|switch|p1a: Toedscruel|Toedscruel, F|100\/100\n|-damage|p1a: Toedscruel|88\/100|[from] Spikes\n|move|p2a: ala-gold|Knock Off|p1a: Toedscruel\n|-damage|p1a: Toedscruel|74\/100\n|-enditem|p1a: Toedscruel|Leftovers|[from] move: Knock Off|[of] p2a: ala-gold\n|\n|upkeep\n|turn|14\n|inactive|Sweet Tomatoes has 25 seconds left this turn.\n|inactive|Sweet Tomatoes has 20 seconds left.\n|inactive|Sweet Tomatoes has 15 seconds left.\n|\n|t:|1700368398\n|move|p2a: ala-gold|Spikes|p1a: Toedscruel\n|-sidestart|p1: Gunnygod|Spikes\n|move|p1a: Toedscruel|Spore|p2a: ala-gold\n|-immune|p2a: ala-gold\n|\n|upkeep\n|turn|15\n|inactive|Sweet Tomatoes has 25 seconds left this turn.\n|inactive|Sweet Tomatoes has 20 seconds left.\n|\n|t:|1700368408\n|switch|p2a: dry bones|Mismagius, M|100\/100\n|move|p1a: Toedscruel|Spore|p2a: dry bones\n|-status|p2a: dry bones|slp|[from] move: Spore\n|\n|upkeep\n|turn|16\n|inactive|Sweet Tomatoes has 30 seconds left this turn.\n|\n|t:|1700368416\n|cant|p2a: dry bones|slp\n|move|p1a: Toedscruel|Giga Drain|p2a: dry bones\n|-damage|p2a: dry bones|75\/100 slp\n|-heal|p1a: Toedscruel|83\/100|[from] drain|[of] p2a: dry bones\n|\n|upkeep\n|turn|17\n|inactive|Sweet Tomatoes has 30 seconds left.\n|\n|t:|1700368426\n|switch|p2a: 1 billion lions|Pyroar, F|40\/100\n|-ability|p2a: 1 billion lions|Unnerve\n|switch|p1a: Mismagius|Mismagius, F|100\/100\n|\n|upkeep\n|turn|18\n|inactive|Sweet Tomatoes has 30 seconds left.\n|inactive|Sweet Tomatoes has 20 seconds left.\n|inactive|Gunnygod has 120 seconds left.\n|\n|t:|1700368467\n|move|p2a: 1 billion lions|Fire Blast|p1a: Mismagius\n|-damage|p1a: Mismagius|14\/100\n|-damage|p2a: 1 billion lions|30\/100|[from] item: Life Orb\n|move|p1a: Mismagius|Dark Pulse|p2a: 1 billion lions\n|-damage|p2a: 1 billion lions|0 fnt\n|faint|p2a: 1 billion lions\n|\n|upkeep\n|inactive|Sweet Tomatoes has 25 seconds left this turn.\n|inactive|Sweet Tomatoes has 20 seconds left.\n|inactive|Sweet Tomatoes has 15 seconds left.\n|\n|t:|1700368478\n|switch|p2a: yoshi|Mabosstiff, F|100\/100\n|turn|19\n|inactive|Sweet Tomatoes has 25 seconds left this turn.\n|inactive|Gunnygod has 120 seconds left.\n|inactive|Sweet Tomatoes has 20 seconds left.\n|\n|t:|1700368489\n|switch|p1a: Weezing|Weezing, F|87\/100 slp\n|move|p2a: yoshi|Crunch|p1a: Weezing\n|-damage|p1a: Weezing|14\/100 slp\n|\n|upkeep\n|turn|20\n|inactive|Sweet Tomatoes has 30 seconds left this turn.\n|inactive|Gunnygod has 120 seconds left.\n|\n|t:|1700368496\n|move|p2a: yoshi|Crunch|p1a: Weezing\n|-damage|p1a: Weezing|0 fnt\n|faint|p1a: Weezing\n|\n|upkeep\n|inactive|Sweet Tomatoes has 30 seconds left this turn.\n|inactive|Gunnygod has 120 seconds left.\n|\n|t:|1700368518\n|switch|p1a: Toedscruel|Toedscruel, F|83\/100\n|-damage|p1a: Toedscruel|67\/100|[from] Spikes\n|turn|21\n|\n|t:|1700368524\n|-terastallize|p2a: yoshi|Dark\n|move|p2a: yoshi|Crunch|p1a: Toedscruel\n|-damage|p1a: Toedscruel|20\/100\n|move|p1a: Toedscruel|Rapid Spin|p2a: yoshi\n|-damage|p2a: yoshi|92\/100\n|-boost|p1a: Toedscruel|spe|1\n|-sideend|p1: Gunnygod|Spikes|[from] move: Rapid Spin|[of] p1a: Toedscruel\n|\n|upkeep\n|turn|22\n|inactive|Gunnygod has 120 seconds left.\n|l| DabBuster184\n|\n|t:|1700368532\n|move|p2a: yoshi|Crunch|p1a: Toedscruel\n|-damage|p1a: Toedscruel|0 fnt\n|faint|p1a: Toedscruel\n|\n|upkeep\n|\n|t:|1700368536\n|switch|p1a: Wugtrio|Wugtrio, M|88\/100 brn\n|turn|23\n|\n|t:|1700368543\n|move|p2a: yoshi|Crunch|p1a: Wugtrio\n|-damage|p1a: Wugtrio|0 fnt\n|-ability|p1a: Wugtrio|Gooey\n|-unboost|p2a: yoshi|spe|1\n|faint|p1a: Wugtrio\n|\n|upkeep\n|\n|t:|1700368551\n|switch|p1a: Mabosstiff|Mabosstiff, F|26\/100\n|turn|24\n|\n|t:|1700368559\n|-terastallize|p1a: Mabosstiff|Fairy\n|move|p1a: Mabosstiff|Play Rough|p2a: yoshi\n|-supereffective|p2a: yoshi\n|-damage|p2a: yoshi|0 fnt\n|faint|p2a: yoshi\n|\n|upkeep\n|\n|t:|1700368569\n|switch|p2a: fuzzy with a tumor|Weezing, M|64\/100\n|turn|25\n|\n|t:|1700368572\n|move|p1a: Mabosstiff|Psychic Fangs|p2a: fuzzy with a tumor\n|-supereffective|p2a: fuzzy with a tumor\n|-crit|p2a: fuzzy with a tumor\n|-damage|p2a: fuzzy with a tumor|0 fnt\n|faint|p2a: fuzzy with a tumor\n|\n|upkeep\n|inactive|Sweet Tomatoes has 60 seconds left.\n|\n|t:|1700368596\n|switch|p2a: dry bones|Mismagius, M|75\/100 slp\n|turn|26\n|inactive|Sweet Tomatoes has 60 seconds left.\n|\n|t:|1700368606\n|cant|p2a: dry bones|slp\n|move|p1a: Mabosstiff|Crunch|p2a: dry bones\n|-supereffective|p2a: dry bones\n|-crit|p2a: dry bones\n|-damage|p2a: dry bones|0 fnt\n|faint|p2a: dry bones\n|\n|upkeep\n|\n|t:|1700368610\n|switch|p2a: ala-gold|Toedscruel, M|85\/100\n|turn|27\n|\n|t:|1700368619\n|move|p1a: Mabosstiff|Play Rough|p2a: ala-gold|[miss]\n|-miss|p1a: Mabosstiff|p2a: ala-gold\n|move|p2a: ala-gold|Rapid Spin|p1a: Mabosstiff\n|-damage|p1a: Mabosstiff|15\/100\n|-boost|p2a: ala-gold|spe|1\n|\n|upkeep\n|turn|28\n|\n|t:|1700368624\n|move|p2a: ala-gold|Knock Off|p1a: Mabosstiff\n|-resisted|p1a: Mabosstiff\n|-damage|p1a: Mabosstiff|4\/100\n|-enditem|p1a: Mabosstiff|Expert Belt|[from] move: Knock Off|[of] p2a: ala-gold\n|move|p1a: Mabosstiff|Play Rough|p2a: ala-gold|[miss]\n|-miss|p1a: Mabosstiff|p2a: ala-gold\n|\n|upkeep\n|turn|29\n|c|\u2606Gunnygod|damn\n|c|\u2606Gunnygod|gg\n|\n|t:|1700368633\n|move|p2a: ala-gold|Knock Off|p1a: Mabosstiff\n|-resisted|p1a: Mabosstiff\n|-crit|p1a: Mabosstiff\n|-damage|p1a: Mabosstiff|0 fnt\n|faint|p1a: Mabosstiff\n|\n|upkeep\n|c|\u2606Sweet Tomatoes|GG\n|\n|t:|1700368634\n|switch|p1a: Mismagius|Mismagius, F|14\/100\n|turn|30\n|\n|t:|1700368639\n|move|p2a: ala-gold|Knock Off|p1a: Mismagius\n|-supereffective|p1a: Mismagius\n|-enditem|p1a: Mismagius|Colbur Berry|[eat]\n|-enditem|p1a: Mismagius|Colbur Berry|[weaken]\n|-damage|p1a: Mismagius|0 fnt\n|faint|p1a: Mismagius\n|\n|win|Sweet Tomatoes\n|n|\u2606Gunnygod|gunnygod\n|n|\u2606Sweet Tomatoes|sweettomatoes\n|n|*Lady Monita \u2746|ladymonita\n|l|*Lady Monita \u2746\n","uploadtime":1700368640,"views":21,"p1id":"gunnygod","p2id":"sweettomatoes","formatid":"gen9ou","rating":0,"private":0,"password":""}