{"id":"gen9ou-1994573590","p1":"KageFlame","p2":"hoverinope","format":"[Gen 9] OU","log":"|j|\u2606KageFlame\n|j|\u2606hoverinope\n|t:|1700462289\n|gametype|singles\n|player|p1|KageFlame|169|1115\n|player|p2|hoverinope|102|1170\n|teamsize|p1|6\n|teamsize|p2|6\n|gen|9\n|tier|[Gen 9] OU\n|rated|\n|rule|Sleep Clause Mod: Limit one foe put to sleep\n|rule|Species Clause: Limit one of each Pok\u00e9mon\n|rule|OHKO Clause: OHKO moves are banned\n|rule|Evasion Items Clause: Evasion items are banned\n|rule|Evasion Moves Clause: Evasion moves are banned\n|rule|Endless Battle Clause: Forcing endless battles is banned\n|rule|HP Percentage Mod: HP is shown in percentages\n|clearpoke\n|poke|p1|Samurott-Hisui, M|\n|poke|p1|Iron Valiant|\n|poke|p1|Heatran, M|\n|poke|p1|Kingambit, M|\n|poke|p1|Dragapult, F|\n|poke|p1|Decidueye-Hisui, F|\n|poke|p2|Poliwrath, M|\n|poke|p2|Pelipper, M|\n|poke|p2|Overqwil, M|\n|poke|p2|Rillaboom, M|\n|poke|p2|Iron Treads|\n|poke|p2|Zapdos|\n|teampreview\n|inactive|Battle timer is ON: inactive players will automatically lose when time's up. (requested by hoverinope)\n|inactive|KageFlame has 120 seconds left.\n|\n|t:|1700462322\n|start\n|switch|p1a: Samurott|Samurott-Hisui, M|100\/100\n|switch|p2a: Pelipper|Pelipper, M|100\/100\n|-weather|RainDance|[from] ability: Drizzle|[of] p2a: Pelipper\n|turn|1\n|\n|t:|1700462338\n|switch|p2a: Rillaboom|Rillaboom, M|100\/100\n|-fieldstart|move: Grassy Terrain|[from] ability: Grassy Surge|[of] p2a: Rillaboom\n|move|p1a: Samurott|Knock Off|p2a: Rillaboom\n|-damage|p2a: Rillaboom|48\/100\n|-enditem|p2a: Rillaboom|Choice Band|[from] move: Knock Off|[of] p1a: Samurott\n|\n|-weather|RainDance|[upkeep]\n|-heal|p2a: Rillaboom|54\/100|[from] Grassy Terrain\n|upkeep\n|turn|2\n|\n|t:|1700462357\n|move|p2a: Rillaboom|U-turn|p1a: Samurott\n|-supereffective|p1a: Samurott\n|-damage|p1a: Samurott|33\/100\n|\n|t:|1700462361\n|switch|p2a: Overqwil|Overqwil, M|100\/100|[from] U-turn\n|move|p1a: Samurott|Ceaseless Edge|p2a: Overqwil\n|-resisted|p2a: Overqwil\n|-damage|p2a: Overqwil|75\/100\n|-sidestart|p2: hoverinope|Spikes\n|\n|-weather|RainDance|[upkeep]\n|-heal|p2a: Overqwil|81\/100|[from] Grassy Terrain\n|-heal|p1a: Samurott|39\/100|[from] Grassy Terrain\n|upkeep\n|turn|3\n|inactive|KageFlame has 120 seconds left.\n|\n|t:|1700462393\n|move|p1a: Samurott|Aqua Jet|p2a: Overqwil\n|-damage|p2a: Overqwil|49\/100\n|move|p2a: Overqwil|Swords Dance|p2a: Overqwil\n|-boost|p2a: Overqwil|atk|2\n|\n|-weather|RainDance|[upkeep]\n|-heal|p2a: Overqwil|55\/100|[from] Grassy Terrain\n|-heal|p1a: Samurott|45\/100|[from] Grassy Terrain\n|upkeep\n|turn|4\n|inactive|KageFlame has 120 seconds left.\n|\n|t:|1700462410\n|move|p1a: Samurott|Aqua Jet|p2a: Overqwil\n|-crit|p2a: Overqwil\n|-damage|p2a: Overqwil|0 fnt\n|faint|p2a: Overqwil\n|\n|-weather|RainDance|[upkeep]\n|-heal|p1a: Samurott|51\/100|[from] Grassy Terrain\n|upkeep\n|\n|t:|1700462421\n|switch|p2a: Rillaboom|Rillaboom, M|54\/100\n|-damage|p2a: Rillaboom|42\/100|[from] Spikes\n|turn|5\n|inactive|KageFlame has 120 seconds left.\n|\n|t:|1700462430\n|switch|p1a: Heatran|Heatran, M|100\/100\n|-item|p1a: Heatran|Air Balloon\n|move|p2a: Rillaboom|Grassy Glide|p1a: Heatran\n|-resisted|p1a: Heatran\n|-damage|p1a: Heatran|90\/100\n|-enditem|p1a: Heatran|Air Balloon\n|\n|-weather|RainDance|[upkeep]\n|-heal|p1a: Heatran|96\/100|[from] Grassy Terrain\n|-heal|p2a: Rillaboom|48\/100|[from] Grassy Terrain\n|-fieldend|move: Grassy Terrain\n|upkeep\n|turn|6\n|inactive|KageFlame has 120 seconds left.\n|\n|t:|1700462445\n|switch|p2a: Zapdos|Zapdos|100\/100\n|move|p1a: Heatran|Magma Storm|p2a: Zapdos|[miss]\n|-miss|p1a: Heatran|p2a: Zapdos\n|\n|-weather|RainDance|[upkeep]\n|upkeep\n|turn|7\n|inactive|KageFlame has 120 seconds left.\n|\n|t:|1700462454\n|move|p2a: Zapdos|Thunder|p1a: Heatran\n|-damage|p1a: Heatran|42\/100\n|move|p1a: Heatran|Stealth Rock|p2a: Zapdos\n|-sidestart|p2: hoverinope|move: Stealth Rock\n|\n|-weather|RainDance|[upkeep]\n|upkeep\n|turn|8\n|inactive|KageFlame has 120 seconds left.\n|\n|t:|1700462492\n|move|p2a: Zapdos|Thunder|p1a: Heatran\n|-damage|p1a: Heatran|0 fnt\n|faint|p1a: Heatran\n|\n|-weather|none\n|upkeep\n|inactive|KageFlame has 90 seconds left.\n|\n|t:|1700462515\n|switch|p1a: Dragapult|Dragapult, F|100\/100\n|turn|9\n|\n|t:|1700462522\n|switch|p2a: Pelipper|Pelipper, M|100\/100\n|-damage|p2a: Pelipper|76\/100|[from] Stealth Rock\n|-weather|RainDance|[from] ability: Drizzle|[of] p2a: Pelipper\n|move|p1a: Dragapult|Will-O-Wisp|p2a: Pelipper\n|-status|p2a: Pelipper|brn\n|\n|-weather|RainDance|[upkeep]\n|-damage|p2a: Pelipper|70\/100 brn|[from] brn\n|upkeep\n|turn|10\n|inactive|KageFlame has 90 seconds left.\n|c|\u2606hoverinope|PLAY\n|\n|t:|1700462540\n|move|p1a: Dragapult|Hex|p2a: Pelipper\n|-damage|p2a: Pelipper|7\/100 brn\n|move|p2a: Pelipper|U-turn|p1a: Dragapult\n|-resisted|p1a: Dragapult\n|-damage|p1a: Dragapult|98\/100\n|\n|t:|1700462549\n|switch|p2a: Zapdos|Zapdos|100\/100|[from] U-turn\n|\n|-weather|RainDance|[upkeep]\n|-heal|p1a: Dragapult|100\/100|[from] item: Leftovers\n|upkeep\n|turn|11\n|inactive|KageFlame has 90 seconds left.\n|\n|t:|1700462569\n|move|p1a: Dragapult|Will-O-Wisp|p2a: Zapdos\n|-status|p2a: Zapdos|brn\n|move|p2a: Zapdos|Thunder|p1a: Dragapult\n|-resisted|p1a: Dragapult\n|-damage|p1a: Dragapult|58\/100\n|\n|-weather|RainDance|[upkeep]\n|-heal|p1a: Dragapult|64\/100|[from] item: Leftovers\n|-damage|p2a: Zapdos|94\/100 brn|[from] brn\n|upkeep\n|turn|12\n|\n|t:|1700462577\n|move|p1a: Dragapult|Hex|p2a: Zapdos\n|-damage|p2a: Zapdos|28\/100 brn\n|move|p2a: Zapdos|Thunder|p1a: Dragapult\n|-resisted|p1a: Dragapult\n|-damage|p1a: Dragapult|24\/100\n|\n|-weather|RainDance|[upkeep]\n|-heal|p1a: Dragapult|30\/100|[from] item: Leftovers\n|-damage|p2a: Zapdos|22\/100 brn|[from] brn\n|upkeep\n|turn|13\n|inactive|KageFlame has 90 seconds left.\n|\n|t:|1700462593\n|switch|p2a: Poliwrath|Poliwrath, M|100\/100\n|-damage|p2a: Poliwrath|88\/100|[from] Spikes\n|-damage|p2a: Poliwrath|82\/100|[from] Stealth Rock\n|move|p1a: Dragapult|Dragon Darts|p2a: Poliwrath\n|-damage|p2a: Poliwrath|59\/100\n|-anim|p1a: Dragapult|Dragon Darts|p2a: Poliwrath\n|-damage|p2a: Poliwrath|37\/100\n|-enditem|p2a: Poliwrath|Sitrus Berry|[eat]\n|-heal|p2a: Poliwrath|62\/100|[from] item: Sitrus Berry\n|\n|-weather|RainDance|[upkeep]\n|-heal|p1a: Dragapult|36\/100|[from] item: Leftovers\n|upkeep\n|turn|14\n|inactive|KageFlame has 90 seconds left.\n|\n|t:|1700462620\n|move|p2a: Poliwrath|Liquidation|p1a: Dragapult\n|-resisted|p1a: Dragapult\n|-damage|p1a: Dragapult|0 fnt\n|faint|p1a: Dragapult\n|\n|-weather|RainDance|[upkeep]\n|upkeep\n|\n|t:|1700462628\n|switch|p1a: Decidueye|Decidueye-Hisui, F|100\/100\n|turn|15\n|\n|t:|1700462649\n|switch|p2a: Zapdos|Zapdos|22\/100 brn\n|move|p1a: Decidueye|Swords Dance|p1a: Decidueye\n|-boost|p1a: Decidueye|atk|2\n|\n|-weather|RainDance|[upkeep]\n|-damage|p2a: Zapdos|15\/100 brn|[from] brn\n|upkeep\n|turn|16\n|\n|t:|1700462664\n|move|p1a: Decidueye|Shadow Sneak|p2a: Zapdos\n|-damage|p2a: Zapdos|0 fnt\n|-status|p1a: Decidueye|par|[from] ability: Static|[of] p2a: Zapdos\n|faint|p2a: Zapdos\n|\n|-weather|none\n|upkeep\n|\n|t:|1700462669\n|switch|p2a: Iron Treads|Iron Treads|100\/100\n|-damage|p2a: Iron Treads|88\/100|[from] Spikes\n|-damage|p2a: Iron Treads|85\/100|[from] Stealth Rock\n|turn|17\n|\n|t:|1700462681\n|-terastallize|p1a: Decidueye|Ghost\n|move|p2a: Iron Treads|Rapid Spin|p1a: Decidueye\n|-immune|p1a: Decidueye\n|cant|p1a: Decidueye|par\n|\n|upkeep\n|turn|18\n|\n|t:|1700462689\n|move|p2a: Iron Treads|Earth Power|p1a: Decidueye\n|-damage|p1a: Decidueye|64\/100 par\n|cant|p1a: Decidueye|par\n|\n|upkeep\n|turn|19\n|\n|t:|1700462699\n|move|p2a: Iron Treads|Earth Power|p1a: Decidueye\n|-damage|p1a: Decidueye|27\/100 par\n|move|p1a: Decidueye|Leaf Blade|p2a: Iron Treads\n|-damage|p2a: Iron Treads|8\/100\n|\n|upkeep\n|turn|20\n|\n|t:|1700462707\n|move|p1a: Decidueye|Shadow Sneak|p2a: Iron Treads\n|-damage|p2a: Iron Treads|0 fnt\n|faint|p2a: Iron Treads\n|-end|p2a: Iron Treads|Quark Drive|[silent]\n|\n|upkeep\n|\n|t:|1700462721\n|switch|p2a: Rillaboom|Rillaboom, M|48\/100\n|-damage|p2a: Rillaboom|35\/100|[from] Spikes\n|-damage|p2a: Rillaboom|23\/100|[from] Stealth Rock\n|-fieldstart|move: Grassy Terrain|[from] ability: Grassy Surge|[of] p2a: Rillaboom\n|turn|21\n|\n|t:|1700462730\n|move|p2a: Rillaboom|Grassy Glide|p1a: Decidueye\n|-damage|p1a: Decidueye|0 fnt\n|faint|p1a: Decidueye\n|\n|-heal|p2a: Rillaboom|29\/100|[from] Grassy Terrain\n|upkeep\n|c|\u2606hoverinope|taking one minute per turn should be bannable offense\n|inactive|KageFlame has 90 seconds left.\n|\n|t:|1700462743\n|switch|p1a: Iron Valiant|Iron Valiant|100\/100\n|-enditem|p1a: Iron Valiant|Booster Energy\n|-activate|p1a: Iron Valiant|ability: Quark Drive|[fromitem]\n|-start|p1a: Iron Valiant|quarkdrivespe\n|turn|22\n|\n|t:|1700462751\n|move|p2a: Rillaboom|Grassy Glide|p1a: Iron Valiant\n|-damage|p1a: Iron Valiant|49\/100\n|move|p1a: Iron Valiant|Moonblast|p2a: Rillaboom\n|-damage|p2a: Rillaboom|0 fnt\n|faint|p2a: Rillaboom\n|\n|-heal|p1a: Iron Valiant|56\/100|[from] Grassy Terrain\n|upkeep\n|c|\u2606hoverinope|sucking the fun out of everyoine\n|c|\u2606hoverinope|bs player\n|\n|t:|1700462766\n|switch|p2a: Pelipper|Pelipper, M|7\/100 brn\n|-damage|p2a: Pelipper|0 fnt|[from] Stealth Rock\n|faint|p2a: Pelipper\n|c|\u2606hoverinope|fat fuck\n|-message|hoverinope forfeited.\n|\n|win|KageFlame\n|raw|KageFlame's rating: 1115 &rarr; <strong>1144<\/strong><br \/>(+29 for winning)\n|raw|hoverinope's rating: 1170 &rarr; <strong>1141<\/strong><br \/>(-29 for losing)\n|l|\u2606hoverinope\n","uploadtime":1700462774,"views":11,"p1id":"kageflame","p2id":"hoverinope","formatid":"gen9ou","rating":1141,"private":0,"password":""}