{"id":"gen9ou-1988962438","p1":"deetznutzzzz","p2":"wyverbal","format":"[Gen 9] OU","log":"|j|\u2606deetznutzzzz\n|j|\u2606wyverbal\n|t:|1699795184\n|gametype|singles\n|player|p1|deetznutzzzz|266|1180\n|player|p2|wyverbal|2|1134\n|teamsize|p1|6\n|teamsize|p2|6\n|gen|9\n|tier|[Gen 9] OU\n|rated|\n|rule|Sleep Clause Mod: Limit one foe put to sleep\n|rule|Species Clause: Limit one of each Pok\u00e9mon\n|rule|OHKO Clause: OHKO moves are banned\n|rule|Evasion Items Clause: Evasion items are banned\n|rule|Evasion Moves Clause: Evasion moves are banned\n|rule|Endless Battle Clause: Forcing endless battles is banned\n|rule|HP Percentage Mod: HP is shown in percentages\n|clearpoke\n|poke|p1|Fezandipiti, M|\n|poke|p1|Walking Wake|\n|poke|p1|Cinderace, F|\n|poke|p1|Empoleon, M|\n|poke|p1|Landorus-Therian, M|\n|poke|p1|Great Tusk|\n|poke|p2|Zamazenta-*|\n|poke|p2|Kommo-o, F|\n|poke|p2|Ceruledge, F|\n|poke|p2|Tornadus, M|\n|poke|p2|Greninja-*, M|\n|poke|p2|Sandslash, F|\n|teampreview\n|inactive|Battle timer is ON: inactive players will automatically lose when time's up. (requested by wyverbal)\n|\n|t:|1699795201\n|start\n|switch|p1a: Landorus|Landorus-Therian, M|100\/100\n|switch|p2a: Zamazenta|Zamazenta, shiny|100\/100\n|-ability|p2a: Zamazenta|Dauntless Shield|boost\n|-boost|p2a: Zamazenta|def|1\n|-ability|p1a: Landorus|Intimidate|boost\n|-unboost|p2a: Zamazenta|atk|1\n|turn|1\n|\n|t:|1699795208\n|move|p2a: Zamazenta|Light Screen|p2a: Zamazenta\n|-sidestart|p2: wyverbal|move: Light Screen\n|move|p1a: Landorus|Bulk Up|p1a: Landorus\n|-boost|p1a: Landorus|atk|1\n|-boost|p1a: Landorus|def|1\n|\n|upkeep\n|turn|2\n|\n|t:|1699795214\n|move|p2a: Zamazenta|Reflect|p2a: Zamazenta\n|-sidestart|p2: wyverbal|Reflect\n|move|p1a: Landorus|Bulk Up|p1a: Landorus\n|-boost|p1a: Landorus|atk|1\n|-boost|p1a: Landorus|def|1\n|\n|upkeep\n|turn|3\n|\n|t:|1699795220\n|switch|p2a: Greninja|Greninja, M|100\/100\n|move|p1a: Landorus|Bulk Up|p1a: Landorus\n|-boost|p1a: Landorus|atk|1\n|-boost|p1a: Landorus|def|1\n|\n|upkeep\n|turn|4\n|\n|t:|1699795229\n|-terastallize|p1a: Landorus|Water\n|move|p2a: Greninja|Surf|p1a: Landorus\n|-resisted|p1a: Landorus\n|-damage|p1a: Landorus|81\/100\n|-damage|p2a: Greninja|91\/100|[from] item: Life Orb\n|move|p1a: Landorus|Earthquake|p2a: Greninja\n|-damage|p2a: Greninja|0 fnt\n|faint|p2a: Greninja\n|\n|-heal|p1a: Landorus|87\/100|[from] item: Leftovers\n|upkeep\n|\n|t:|1699795241\n|switch|p2a: Kommo-o|Kommo-o, F, shiny|100\/100\n|turn|5\n|\n|t:|1699795245\n|move|p1a: Landorus|Earthquake|p2a: Kommo-o\n|-damage|p2a: Kommo-o|63\/100\n|move|p2a: Kommo-o|Dragon Tail|p1a: Landorus\n|-damage|p1a: Landorus|78\/100\n|drag|p1a: Empoleon|Empoleon, M|100\/100\n|\n|upkeep\n|turn|6\n|\n|t:|1699795254\n|move|p2a: Kommo-o|Iron Defense|p2a: Kommo-o\n|-boost|p2a: Kommo-o|def|2\n|move|p1a: Empoleon|Ice Beam|p2a: Kommo-o\n|-supereffective|p2a: Kommo-o\n|-damage|p2a: Kommo-o|44\/100\n|\n|upkeep\n|turn|7\n|\n|t:|1699795265\n|move|p2a: Kommo-o|Iron Defense|p2a: Kommo-o\n|-boost|p2a: Kommo-o|def|2\n|move|p1a: Empoleon|Ice Beam|p2a: Kommo-o\n|-supereffective|p2a: Kommo-o\n|-damage|p2a: Kommo-o|25\/100\n|\n|upkeep\n|turn|8\n|\n|t:|1699795271\n|move|p2a: Kommo-o|Rest|p2a: Kommo-o\n|-status|p2a: Kommo-o|slp|[from] move: Rest\n|-heal|p2a: Kommo-o|100\/100 slp|[silent]\n|-enditem|p2a: Kommo-o|Chesto Berry|[eat]\n|-curestatus|p2a: Kommo-o|slp|[msg]\n|move|p1a: Empoleon|Ice Beam|p2a: Kommo-o\n|-supereffective|p2a: Kommo-o\n|-damage|p2a: Kommo-o|82\/100\n|\n|-sideend|p2: wyverbal|move: Light Screen\n|upkeep\n|turn|9\n|\n|t:|1699795280\n|move|p2a: Kommo-o|Body Press|p1a: Empoleon\n|-supereffective|p1a: Empoleon\n|-damage|p1a: Empoleon|0 fnt\n|faint|p1a: Empoleon\n|\n|-sideend|p2: wyverbal|Reflect\n|upkeep\n|\n|t:|1699795287\n|switch|p1a: Fezandipiti|Fezandipiti, M|100\/100\n|turn|10\n|\n|t:|1699795296\n|-terastallize|p2a: Kommo-o|Steel\n|move|p1a: Fezandipiti|Nasty Plot|p1a: Fezandipiti\n|-boost|p1a: Fezandipiti|spa|2\n|move|p2a: Kommo-o|Body Press|p1a: Fezandipiti\n|-resisted|p1a: Fezandipiti\n|-damage|p1a: Fezandipiti|67\/100\n|\n|-heal|p1a: Fezandipiti|73\/100|[from] item: Black Sludge\n|upkeep\n|turn|11\n|\n|t:|1699795304\n|move|p1a: Fezandipiti|Nasty Plot|p1a: Fezandipiti\n|-boost|p1a: Fezandipiti|spa|2\n|move|p2a: Kommo-o|Body Press|p1a: Fezandipiti\n|-resisted|p1a: Fezandipiti\n|-damage|p1a: Fezandipiti|38\/100\n|\n|-heal|p1a: Fezandipiti|44\/100|[from] item: Black Sludge\n|upkeep\n|turn|12\n|\n|t:|1699795325\n|move|p1a: Fezandipiti|Roost|p1a: Fezandipiti\n|-heal|p1a: Fezandipiti|94\/100\n|-singleturn|p1a: Fezandipiti|move: Roost\n|move|p2a: Kommo-o|Body Press|p1a: Fezandipiti\n|-resisted|p1a: Fezandipiti\n|-damage|p1a: Fezandipiti|62\/100\n|\n|-heal|p1a: Fezandipiti|68\/100|[from] item: Black Sludge\n|upkeep\n|turn|13\n|\n|t:|1699795332\n|move|p1a: Fezandipiti|Moonblast|p2a: Kommo-o\n|-resisted|p2a: Kommo-o\n|-damage|p2a: Kommo-o|38\/100\n|-unboost|p2a: Kommo-o|spa|1\n|move|p2a: Kommo-o|Iron Defense|p2a: Kommo-o\n|-boost|p2a: Kommo-o|def|2\n|\n|-heal|p1a: Fezandipiti|74\/100|[from] item: Black Sludge\n|upkeep\n|turn|14\n|\n|t:|1699795340\n|move|p1a: Fezandipiti|Moonblast|p2a: Kommo-o\n|-resisted|p2a: Kommo-o\n|-crit|p2a: Kommo-o\n|-damage|p2a: Kommo-o|0 fnt\n|faint|p2a: Kommo-o\n|\n|-heal|p1a: Fezandipiti|80\/100|[from] item: Black Sludge\n|upkeep\n|\n|t:|1699795358\n|switch|p2a: Tornadus|Tornadus, M, shiny|100\/100\n|turn|15\n|\n|t:|1699795363\n|move|p2a: Tornadus|Sandstorm|p2a: Tornadus\n|-weather|Sandstorm\n|move|p1a: Fezandipiti|Moonblast|p2a: Tornadus\n|-damage|p2a: Tornadus|0 fnt\n|faint|p2a: Tornadus\n|\n|-weather|Sandstorm|[upkeep]\n|-damage|p1a: Fezandipiti|74\/100|[from] Sandstorm\n|-heal|p1a: Fezandipiti|80\/100|[from] item: Black Sludge\n|upkeep\n|\n|t:|1699795368\n|switch|p2a: Sandslash|Sandslash, F, shiny|100\/100\n|turn|16\n|\n|t:|1699795373\n|switch|p1a: Great Tusk|Great Tusk|100\/100\n|move|p2a: Sandslash|Swords Dance|p2a: Sandslash\n|-boost|p2a: Sandslash|atk|2\n|\n|-weather|Sandstorm|[upkeep]\n|upkeep\n|turn|17\n|\n|t:|1699795381\n|move|p2a: Sandslash|Earthquake|p1a: Great Tusk\n|-damage|p1a: Great Tusk|39\/100\n|-damage|p2a: Sandslash|91\/100|[from] item: Life Orb\n|move|p1a: Great Tusk|Knock Off|p2a: Sandslash\n|-damage|p2a: Sandslash|56\/100\n|-enditem|p2a: Sandslash|Life Orb|[from] move: Knock Off|[of] p1a: Great Tusk\n|\n|-weather|Sandstorm|[upkeep]\n|-heal|p1a: Great Tusk|45\/100|[from] item: Leftovers\n|upkeep\n|turn|18\n|\n|t:|1699795391\n|-end|p1a: Great Tusk|Protosynthesis|[silent]\n|switch|p1a: Landorus|Landorus-Therian, M, tera:Water|78\/100\n|-ability|p1a: Landorus|Intimidate|boost\n|-unboost|p2a: Sandslash|atk|1\n|move|p2a: Sandslash|Earthquake|p1a: Landorus\n|-damage|p1a: Landorus|16\/100\n|\n|-weather|Sandstorm|[upkeep]\n|-damage|p1a: Landorus|10\/100|[from] Sandstorm\n|-heal|p1a: Landorus|16\/100|[from] item: Leftovers\n|upkeep\n|turn|19\n|\n|t:|1699795400\n|move|p2a: Sandslash|Earthquake|p1a: Landorus\n|-damage|p1a: Landorus|0 fnt\n|faint|p1a: Landorus\n|\n|-weather|none\n|upkeep\n|\n|t:|1699795405\n|switch|p1a: Great Tusk|Great Tusk|45\/100\n|turn|20\n|\n|t:|1699795409\n|move|p2a: Sandslash|Rapid Spin|p1a: Great Tusk\n|-damage|p1a: Great Tusk|34\/100\n|-boost|p2a: Sandslash|spe|1\n|move|p1a: Great Tusk|Rapid Spin|p2a: Sandslash\n|-damage|p2a: Sandslash|39\/100\n|-boost|p1a: Great Tusk|spe|1\n|\n|-heal|p1a: Great Tusk|40\/100|[from] item: Leftovers\n|upkeep\n|turn|21\n|\n|t:|1699795422\n|move|p2a: Sandslash|Rapid Spin|p1a: Great Tusk\n|-damage|p1a: Great Tusk|29\/100\n|-boost|p2a: Sandslash|spe|1\n|move|p1a: Great Tusk|Rapid Spin|p2a: Sandslash\n|-damage|p2a: Sandslash|23\/100\n|-boost|p1a: Great Tusk|spe|1\n|\n|-heal|p1a: Great Tusk|35\/100|[from] item: Leftovers\n|upkeep\n|turn|22\n|\n|t:|1699795431\n|move|p2a: Sandslash|Earthquake|p1a: Great Tusk\n|-damage|p1a: Great Tusk|2\/100\n|move|p1a: Great Tusk|Knock Off|p2a: Sandslash\n|-damage|p2a: Sandslash|2\/100\n|\n|-heal|p1a: Great Tusk|8\/100|[from] item: Leftovers\n|upkeep\n|turn|23\n|\n|t:|1699795439\n|move|p2a: Sandslash|Earthquake|p1a: Great Tusk\n|-damage|p1a: Great Tusk|0 fnt\n|faint|p1a: Great Tusk\n|-end|p1a: Great Tusk|Protosynthesis|[silent]\n|\n|upkeep\n|\n|t:|1699795443\n|switch|p1a: Walking Wake|Walking Wake|100\/100\n|turn|24\n|\n|t:|1699795456\n|move|p2a: Sandslash|Earthquake|p1a: Walking Wake\n|-damage|p1a: Walking Wake|35\/100\n|move|p1a: Walking Wake|Hydro Steam|p2a: Sandslash\n|-supereffective|p2a: Sandslash\n|-damage|p2a: Sandslash|0 fnt\n|faint|p2a: Sandslash\n|\n|upkeep\n|\n|t:|1699795466\n|switch|p2a: Zamazenta|Zamazenta, shiny|100\/100\n|turn|25\n|\n|t:|1699795473\n|move|p2a: Zamazenta|Body Press|p1a: Walking Wake\n|-damage|p1a: Walking Wake|0 fnt\n|faint|p1a: Walking Wake\n|-end|p1a: Walking Wake|Protosynthesis|[silent]\n|\n|upkeep\n|\n|t:|1699795477\n|switch|p1a: Fezandipiti|Fezandipiti, M|80\/100\n|turn|26\n|\n|t:|1699795492\n|switch|p2a: Ceruledge|Ceruledge, F, shiny|100\/100\n|move|p1a: Fezandipiti|Nasty Plot|p1a: Fezandipiti\n|-boost|p1a: Fezandipiti|spa|2\n|\n|-heal|p1a: Fezandipiti|86\/100|[from] item: Black Sludge\n|upkeep\n|turn|27\n|\n|t:|1699795498\n|move|p2a: Ceruledge|Taunt|p1a: Fezandipiti\n|-start|p1a: Fezandipiti|move: Taunt\n|move|p1a: Fezandipiti|Sludge Bomb|p2a: Ceruledge\n|-resisted|p2a: Ceruledge\n|-damage|p2a: Ceruledge|63\/100\n|\n|-heal|p1a: Fezandipiti|92\/100|[from] item: Black Sludge\n|upkeep\n|turn|28\n|\n|t:|1699795506\n|move|p2a: Ceruledge|Bitter Blade|p1a: Fezandipiti\n|-damage|p1a: Fezandipiti|42\/100\n|-heal|p2a: Ceruledge|96\/100|[from] drain|[of] p1a: Fezandipiti\n|move|p1a: Fezandipiti|Sludge Bomb|p2a: Ceruledge\n|-resisted|p2a: Ceruledge\n|-damage|p2a: Ceruledge|58\/100\n|\n|-heal|p1a: Fezandipiti|48\/100|[from] item: Black Sludge\n|upkeep\n|turn|29\n|\n|t:|1699795518\n|move|p2a: Ceruledge|Bitter Blade|p1a: Fezandipiti\n|-damage|p1a: Fezandipiti|0 fnt\n|-heal|p2a: Ceruledge|89\/100|[from] drain|[of] p1a: Fezandipiti\n|faint|p1a: Fezandipiti\n|\n|upkeep\n|\n|t:|1699795523\n|switch|p1a: Cinderace|Cinderace, F|100\/100\n|turn|30\n|\n|t:|1699795528\n|move|p1a: Cinderace|Pyro Ball|p2a: Ceruledge\n|-start|p2a: Ceruledge|ability: Flash Fire\n|move|p2a: Ceruledge|Bitter Blade|p1a: Cinderace\n|-resisted|p1a: Cinderace\n|-damage|p1a: Cinderace|49\/100\n|-heal|p2a: Ceruledge|100\/100|[from] drain|[of] p1a: Cinderace\n|\n|upkeep\n|turn|31\n|\n|t:|1699795536\n|move|p1a: Cinderace|Pyro Ball|p2a: Ceruledge\n|-immune|p2a: Ceruledge|[from] ability: Flash Fire\n|move|p2a: Ceruledge|Bitter Blade|p1a: Cinderace\n|-resisted|p1a: Cinderace\n|-damage|p1a: Cinderace|1\/100\n|\n|upkeep\n|turn|32\n|\n|t:|1699795545\n|move|p2a: Ceruledge|Shadow Sneak|p1a: Cinderace\n|-damage|p1a: Cinderace|0 fnt\n|faint|p1a: Cinderace\n|\n|win|wyverbal\n|raw|deetznutzzzz's rating: 1180 &rarr; <strong>1152<\/strong><br \/>(-28 for losing)\n|raw|wyverbal's rating: 1134 &rarr; <strong>1162<\/strong><br \/>(+28 for winning)\n","uploadtime":1699795551,"views":8,"p1id":"deetznutzzzz","p2id":"wyverbal","formatid":"gen9ou","rating":1152,"private":0,"password":""}