{"id":"gen9ou-1998325992","p1":"yunque777","p2":"TY SM MY GUY","format":"[Gen 9] OU","log":"|j|\u2606yunque777\n|j|\u2606TY SM MY GUY\n|t:|1700929734\n|gametype|singles\n|player|p1|yunque777|170|1247\n|player|p2|TY SM MY GUY|hoopster|1354\n|teamsize|p1|6\n|teamsize|p2|6\n|gen|9\n|tier|[Gen 9] OU\n|rated|\n|rule|Sleep Clause Mod: Limit one foe put to sleep\n|rule|Species Clause: Limit one of each Pok\u00e9mon\n|rule|OHKO Clause: OHKO moves are banned\n|rule|Evasion Items Clause: Evasion items are banned\n|rule|Evasion Moves Clause: Evasion moves are banned\n|rule|Endless Battle Clause: Forcing endless battles is banned\n|rule|HP Percentage Mod: HP is shown in percentages\n|clearpoke\n|poke|p1|Kingambit, F|\n|poke|p1|Gholdengo|\n|poke|p1|Glimmora, M|\n|poke|p1|Ceruledge, M|\n|poke|p1|Iron Valiant|\n|poke|p1|Zapdos|\n|poke|p2|Glimmora, F|\n|poke|p2|Great Tusk|\n|poke|p2|Hatterene, F|\n|poke|p2|Greninja-*, M|\n|poke|p2|Brambleghast, M|\n|poke|p2|Zoroark-Hisui, M|\n|teampreview\n|\n|t:|1700929749\n|start\n|switch|p1a: Glimmora|Glimmora, M|100\/100\n|switch|p2a: Greninja|Greninja, M|100\/100\n|turn|1\n|\n|t:|1700929757\n|move|p2a: Greninja|Trick|p1a: Glimmora\n|-activate|p2a: Greninja|move: Trick|[of] p1a: Glimmora\n|-item|p1a: Glimmora|Choice Scarf|[from] move: Trick\n|-item|p2a: Greninja|Focus Sash|[from] move: Trick\n|move|p1a: Glimmora|Energy Ball|p2a: Greninja\n|-damage|p2a: Greninja|39\/100\n|replace|p2a: Zoroark|Zoroark-Hisui, M, shiny\n|-end|p2a: Zoroark|Illusion\n|\n|upkeep\n|turn|2\n|\n|t:|1700929767\n|switch|p2a: Hatterene|Hatterene, F, shiny|100\/100\n|-terastallize|p1a: Glimmora|Grass\n|move|p1a: Glimmora|Energy Ball|p2a: Hatterene\n|-damage|p2a: Hatterene|67\/100\n|-enditem|p2a: Hatterene|Eject Button\n|\n|t:|1700929780\n|switch|p2a: Glimmora|Glimmora, F, shiny|100\/100\n|-item|p2a: Glimmora|Air Balloon\n|\n|upkeep\n|turn|3\n|\n|t:|1700929786\n|move|p1a: Glimmora|Energy Ball|p2a: Glimmora\n|-damage|p2a: Glimmora|53\/100\n|-enditem|p2a: Glimmora|Air Balloon\n|move|p2a: Glimmora|Stealth Rock|p1a: Glimmora\n|-sidestart|p1: yunque777|move: Stealth Rock\n|\n|upkeep\n|turn|4\n|\n|t:|1700929792\n|move|p1a: Glimmora|Energy Ball|p2a: Glimmora\n|-damage|p2a: Glimmora|3\/100\n|move|p2a: Glimmora|Power Gem|p1a: Glimmora\n|-damage|p1a: Glimmora|55\/100\n|\n|upkeep\n|turn|5\n|\n|t:|1700929799\n|move|p1a: Glimmora|Energy Ball|p2a: Glimmora\n|-damage|p2a: Glimmora|0 fnt\n|faint|p2a: Glimmora\n|\n|upkeep\n|\n|t:|1700929801\n|switch|p2a: Hatterene|Hatterene, F, shiny|67\/100\n|turn|6\n|\n|t:|1700929805\n|move|p1a: Glimmora|Energy Ball|p2a: Hatterene\n|-damage|p2a: Hatterene|34\/100\n|-unboost|p2a: Hatterene|spd|1\n|move|p2a: Hatterene|Nuzzle|p1a: Glimmora\n|-resisted|p1a: Glimmora\n|-damage|p1a: Glimmora|52\/100\n|-status|p1a: Glimmora|par\n|-activate|p1a: Glimmora|ability: Toxic Debris\n|-sidestart|p2: TY SM MY GUY|move: Toxic Spikes\n|\n|upkeep\n|turn|7\n|\n|t:|1700929815\n|move|p1a: Glimmora|Energy Ball|p2a: Hatterene\n|-damage|p2a: Hatterene|0 fnt\n|faint|p2a: Hatterene\n|\n|upkeep\n|\n|t:|1700929822\n|switch|p2a: Brambleghast|Brambleghast, M, shiny|100\/100\n|-status|p2a: Brambleghast|psn\n|turn|8\n|\n|t:|1700929826\n|move|p2a: Brambleghast|Rapid Spin|p1a: Glimmora\n|-damage|p1a: Glimmora|32\/100 par\n|-boost|p2a: Brambleghast|spe|1\n|-activate|p1a: Glimmora|ability: Toxic Debris\n|-sidestart|p2: TY SM MY GUY|move: Toxic Spikes\n|-sideend|p2: TY SM MY GUY|Toxic Spikes|[from] move: Rapid Spin|[of] p2a: Brambleghast\n|move|p1a: Glimmora|Energy Ball|p2a: Brambleghast\n|-resisted|p2a: Brambleghast\n|-crit|p2a: Brambleghast\n|-damage|p2a: Brambleghast|35\/100 psn\n|\n|-damage|p2a: Brambleghast|23\/100 psn|[from] psn\n|upkeep\n|turn|9\n|\n|t:|1700929837\n|move|p2a: Brambleghast|Rapid Spin|p1a: Glimmora\n|-damage|p1a: Glimmora|10\/100 par\n|-boost|p2a: Brambleghast|spe|1\n|-activate|p1a: Glimmora|ability: Toxic Debris\n|-sidestart|p2: TY SM MY GUY|move: Toxic Spikes\n|-sideend|p2: TY SM MY GUY|Toxic Spikes|[from] move: Rapid Spin|[of] p2a: Brambleghast\n|cant|p1a: Glimmora|par\n|\n|-damage|p2a: Brambleghast|11\/100 psn|[from] psn\n|upkeep\n|turn|10\n|\n|t:|1700929846\n|move|p2a: Brambleghast|Rapid Spin|p1a: Glimmora\n|-damage|p1a: Glimmora|0 fnt\n|-boost|p2a: Brambleghast|spe|1\n|-activate|p1a: Glimmora|ability: Toxic Debris\n|-sidestart|p2: TY SM MY GUY|move: Toxic Spikes\n|-sideend|p2: TY SM MY GUY|Toxic Spikes|[from] move: Rapid Spin|[of] p2a: Brambleghast\n|faint|p1a: Glimmora\n|\n|-damage|p2a: Brambleghast|0 fnt|[from] psn\n|faint|p2a: Brambleghast\n|upkeep\n|\n|t:|1700929864\n|switch|p1a: Zapdos|Zapdos|100\/100\n|switch|p2a: Greninja|Greninja, M|39\/100\n|turn|11\n|\n|t:|1700929875\n|move|p2a: Greninja|Bitter Malice|p1a: Zapdos\n|-damage|p1a: Zapdos|58\/100\n|-unboost|p1a: Zapdos|atk|1\n|move|p1a: Zapdos|Thunder|p2a: Greninja\n|-damage|p2a: Greninja|0 fnt\n|replace|p2a: Zoroark|Zoroark-Hisui, M, shiny\n|-end|p2a: Zoroark|Illusion\n|faint|p2a: Zoroark\n|\n|upkeep\n|\n|t:|1700929886\n|switch|p2a: Greninja|Greninja, M|100\/100\n|turn|12\n|\n|t:|1700929894\n|move|p2a: Greninja|Dark Pulse|p1a: Zapdos\n|-damage|p1a: Zapdos|11\/100\n|-damage|p2a: Greninja|91\/100|[from] item: Life Orb\n|cant|p1a: Zapdos|flinch\n|\n|upkeep\n|turn|13\n|\n|t:|1700929906\n|switch|p1a: Kingambit|Kingambit, F|100\/100\n|-damage|p1a: Kingambit|94\/100|[from] Stealth Rock\n|-activate|p1a: Kingambit|ability: Supreme Overlord\n|-start|p1a: Kingambit|fallen1|[silent]\n|move|p2a: Greninja|Dark Pulse|p1a: Kingambit\n|-resisted|p1a: Kingambit\n|-damage|p1a: Kingambit|67\/100\n|-damage|p2a: Greninja|81\/100|[from] item: Life Orb\n|\n|upkeep\n|turn|14\n|\n|t:|1700929917\n|switch|p2a: Great Tusk|Great Tusk|100\/100\n|-enditem|p2a: Great Tusk|Booster Energy\n|-activate|p2a: Great Tusk|ability: Protosynthesis|[fromitem]\n|-start|p2a: Great Tusk|protosynthesisspe\n|move|p1a: Kingambit|Swords Dance|p1a: Kingambit\n|-boost|p1a: Kingambit|atk|2\n|\n|upkeep\n|turn|15\n|\n|t:|1700929925\n|move|p1a: Kingambit|Sucker Punch||[still]\n|-fail|p1a: Kingambit\n|move|p2a: Great Tusk|Bulk Up|p2a: Great Tusk\n|-boost|p2a: Great Tusk|atk|1\n|-boost|p2a: Great Tusk|def|1\n|\n|upkeep\n|turn|16\n|\n|t:|1700929935\n|move|p1a: Kingambit|Sucker Punch|p2a: Great Tusk\n|-resisted|p2a: Great Tusk\n|-damage|p2a: Great Tusk|81\/100\n|move|p2a: Great Tusk|Body Press|p1a: Kingambit\n|-supereffective|p1a: Kingambit\n|-damage|p1a: Kingambit|0 fnt\n|faint|p1a: Kingambit\n|-end|p1a: Kingambit|fallen1|[silent]\n|\n|upkeep\n|\n|t:|1700929947\n|switch|p1a: Ceruledge|Ceruledge, M|100\/100\n|-damage|p1a: Ceruledge|76\/100|[from] Stealth Rock\n|turn|17\n|\n|t:|1700929955\n|move|p2a: Great Tusk|Bulk Up|p2a: Great Tusk\n|-boost|p2a: Great Tusk|atk|1\n|-boost|p2a: Great Tusk|def|1\n|move|p1a: Ceruledge|Close Combat|p2a: Great Tusk\n|-damage|p2a: Great Tusk|69\/100\n|-unboost|p1a: Ceruledge|def|1\n|-unboost|p1a: Ceruledge|spd|1\n|\n|upkeep\n|turn|18\n|\n|t:|1700929965\n|move|p2a: Great Tusk|Bulk Up|p2a: Great Tusk\n|-boost|p2a: Great Tusk|atk|1\n|-boost|p2a: Great Tusk|def|1\n|move|p1a: Ceruledge|Swords Dance|p1a: Ceruledge\n|-boost|p1a: Ceruledge|atk|2\n|\n|upkeep\n|turn|19\n|\n|t:|1700929974\n|move|p2a: Great Tusk|Earthquake|p1a: Ceruledge\n|-supereffective|p1a: Ceruledge\n|-damage|p1a: Ceruledge|0 fnt\n|faint|p1a: Ceruledge\n|\n|upkeep\n|\n|t:|1700929980\n|switch|p1a: Iron Valiant|Iron Valiant|100\/100\n|-damage|p1a: Iron Valiant|94\/100|[from] Stealth Rock\n|-enditem|p1a: Iron Valiant|Booster Energy\n|-activate|p1a: Iron Valiant|ability: Quark Drive|[fromitem]\n|-start|p1a: Iron Valiant|quarkdrivespe\n|turn|20\n|\n|t:|1700929988\n|-terastallize|p2a: Great Tusk|Grass\n|move|p1a: Iron Valiant|Destiny Bond|p1a: Iron Valiant\n|-singlemove|p1a: Iron Valiant|Destiny Bond\n|move|p2a: Great Tusk|Earthquake|p1a: Iron Valiant\n|-damage|p1a: Iron Valiant|0 fnt\n|faint|p1a: Iron Valiant\n|-activate|p1a: Iron Valiant|move: Destiny Bond\n|-end|p1a: Iron Valiant|Quark Drive|[silent]\n|faint|p2a: Great Tusk\n|-end|p2a: Great Tusk|Protosynthesis|[silent]\n|\n|upkeep\n|\n|t:|1700929997\n|switch|p1a: Gholdengo|Gholdengo|100\/100\n|switch|p2a: Greninja|Greninja, M|81\/100\n|-damage|p1a: Gholdengo|94\/100|[from] Stealth Rock\n|-item|p1a: Gholdengo|Air Balloon\n|turn|21\n|\n|t:|1700930004\n|move|p2a: Greninja|Dark Pulse|p1a: Gholdengo\n|-supereffective|p1a: Gholdengo\n|-damage|p1a: Gholdengo|0 fnt\n|-enditem|p1a: Gholdengo|Air Balloon\n|faint|p1a: Gholdengo\n|-ability|p2a: Greninja|Battle Bond|boost\n|-boost|p2a: Greninja|atk|1\n|-boost|p2a: Greninja|spa|1\n|-boost|p2a: Greninja|spe|1\n|-activate|p2a: Greninja|ability: Battle Bond\n|-damage|p2a: Greninja|71\/100|[from] item: Life Orb\n|\n|upkeep\n|c|\u2606TY SM MY GUY|Gg\n|\n|t:|1700930010\n|switch|p1a: Zapdos|Zapdos|11\/100\n|turn|22\n|-message|yunque777 forfeited.\n|\n|win|TY SM MY GUY\n|raw|yunque777's rating: 1247 &rarr; <strong>1229<\/strong><br \/>(-18 for losing)\n|raw|TY SM MY GUY's rating: 1354 &rarr; <strong>1368<\/strong><br \/>(+14 for winning)\n|c|\u2606TY SM MY GUY|thought u had me i bet\n|l|\u2606yunque777\n","uploadtime":1700930019,"views":1,"p1id":"yunque777","p2id":"tysmmyguy","formatid":"gen9ou","rating":1229,"private":0,"password":""}