{"id":"gen9ou-1998154810","p1":"jmneio","p2":"DK Kabss","format":"[Gen 9] OU","log":"|j|\u2606jmneio\n|j|\u2606DK Kabss\n|t:|1700902101\n|gametype|singles\n|player|p1|jmneio|170|1000\n|player|p2|DK Kabss|2|1053\n|teamsize|p1|6\n|teamsize|p2|6\n|gen|9\n|tier|[Gen 9] OU\n|rated|\n|rule|Sleep Clause Mod: Limit one foe put to sleep\n|rule|Species Clause: Limit one of each Pok\u00e9mon\n|rule|OHKO Clause: OHKO moves are banned\n|rule|Evasion Items Clause: Evasion items are banned\n|rule|Evasion Moves Clause: Evasion moves are banned\n|rule|Endless Battle Clause: Forcing endless battles is banned\n|rule|HP Percentage Mod: HP is shown in percentages\n|clearpoke\n|poke|p1|Talonflame, M|\n|poke|p1|Alomomola, F|\n|poke|p1|Clodsire, M|\n|poke|p1|Dondozo, M|\n|poke|p1|Toxapex, M|\n|poke|p1|Blissey, F|\n|poke|p2|Ceruledge, F|\n|poke|p2|Grimmsnarl, M|\n|poke|p2|Spidops, F|\n|poke|p2|Zapdos|\n|poke|p2|Iron Treads|\n|poke|p2|Manaphy|\n|teampreview\n|inactive|Battle timer is ON: inactive players will automatically lose when time's up. (requested by jmneio)\n|\n|t:|1700902114\n|start\n|switch|p1a: Toxapex|Toxapex, M|100\/100\n|switch|p2a: Spidops|Spidops, F|100\/100\n|turn|1\n|\n|t:|1700902124\n|move|p1a: Toxapex|Toxic|p2a: Spidops\n|-status|p2a: Spidops|tox\n|move|p2a: Spidops|Sticky Web|p1a: Toxapex\n|-sidestart|p1: jmneio|move: Sticky Web\n|\n|-damage|p2a: Spidops|94\/100 tox|[from] psn\n|upkeep\n|turn|2\n|\n|t:|1700902137\n|move|p1a: Toxapex|Infestation|p2a: Spidops\n|-damage|p2a: Spidops|90\/100 tox\n|-activate|p2a: Spidops|move: Infestation|[of] p1a: Toxapex\n|move|p2a: Spidops|Spikes|p1a: Toxapex\n|-sidestart|p1: jmneio|Spikes\n|\n|-damage|p2a: Spidops|78\/100 tox|[from] psn\n|-damage|p2a: Spidops|66\/100 tox|[from] move: Infestation|[partiallytrapped]\n|upkeep\n|turn|3\n|\n|t:|1700902142\n|move|p2a: Spidops|Spikes|p1a: Toxapex\n|-sidestart|p1: jmneio|Spikes\n|move|p1a: Toxapex|Infestation|p2a: Spidops\n|-damage|p2a: Spidops|62\/100 tox\n|\n|-damage|p2a: Spidops|44\/100 tox|[from] psn\n|-damage|p2a: Spidops|31\/100 tox|[from] move: Infestation|[partiallytrapped]\n|upkeep\n|-enditem|p2a: Spidops|Sitrus Berry|[eat]\n|-heal|p2a: Spidops|56\/100 tox|[from] item: Sitrus Berry\n|turn|4\n|\n|t:|1700902159\n|move|p2a: Spidops|Spikes|p1a: Toxapex\n|-sidestart|p1: jmneio|Spikes\n|move|p1a: Toxapex|Infestation|p2a: Spidops\n|-damage|p2a: Spidops|53\/100 tox\n|\n|-damage|p2a: Spidops|28\/100 tox|[from] psn\n|-damage|p2a: Spidops|15\/100 tox|[from] move: Infestation|[partiallytrapped]\n|upkeep\n|turn|5\n|\n|t:|1700902170\n|move|p1a: Toxapex|Toxic|p2a: Spidops\n|-fail|p2a: Spidops|tox\n|move|p2a: Spidops|Circle Throw|p1a: Toxapex|[miss]\n|-miss|p2a: Spidops|p1a: Toxapex\n|\n|-damage|p2a: Spidops|0 fnt|[from] psn\n|faint|p2a: Spidops\n|upkeep\n|\n|t:|1700902182\n|switch|p2a: Zapdos|Zapdos|100\/100\n|turn|6\n|\n|t:|1700902190\n|switch|p1a: Clodsire|Clodsire, M|100\/100\n|move|p2a: Zapdos|Discharge|p1a: Clodsire\n|-immune|p1a: Clodsire\n|\n|upkeep\n|turn|7\n|\n|t:|1700902197\n|move|p2a: Zapdos|Hurricane|p1a: Clodsire|[miss]\n|-miss|p2a: Zapdos|p1a: Clodsire\n|move|p1a: Clodsire|Toxic|p2a: Zapdos\n|-status|p2a: Zapdos|tox\n|\n|-damage|p2a: Zapdos|94\/100 tox|[from] psn\n|upkeep\n|turn|8\n|\n|t:|1700902211\n|switch|p1a: Blissey|Blissey, F, shiny|100\/100\n|move|p2a: Zapdos|Hurricane|p1a: Blissey|[miss]\n|-miss|p2a: Zapdos|p1a: Blissey\n|\n|-damage|p2a: Zapdos|82\/100 tox|[from] psn\n|upkeep\n|turn|9\n|\n|t:|1700902224\n|switch|p2a: Ceruledge|Ceruledge, F|100\/100\n|move|p1a: Blissey|Stealth Rock|p2a: Ceruledge\n|-sidestart|p2: DK Kabss|move: Stealth Rock\n|\n|upkeep\n|turn|10\n|\n|t:|1700902229\n|switch|p1a: Toxapex|Toxapex, M|100\/100\n|move|p2a: Ceruledge|Swords Dance|p2a: Ceruledge\n|-boost|p2a: Ceruledge|atk|2\n|\n|upkeep\n|turn|11\n|\n|t:|1700902240\n|move|p2a: Ceruledge|Swords Dance|p2a: Ceruledge\n|-boost|p2a: Ceruledge|atk|2\n|move|p1a: Toxapex|Toxic|p2a: Ceruledge\n|-status|p2a: Ceruledge|tox\n|\n|-damage|p2a: Ceruledge|94\/100 tox|[from] psn\n|upkeep\n|turn|12\n|\n|t:|1700902245\n|switch|p1a: Dondozo|Dondozo, M|100\/100\n|move|p2a: Ceruledge|Dragon Claw|p1a: Dondozo\n|-damage|p1a: Dondozo|87\/100\n|\n|-damage|p2a: Ceruledge|82\/100 tox|[from] psn\n|upkeep\n|turn|13\n|\n|t:|1700902268\n|switch|p2a: Grimmsnarl|Grimmsnarl, M, shiny|100\/100\n|-damage|p2a: Grimmsnarl|88\/100|[from] Stealth Rock\n|move|p1a: Dondozo|Heavy Slam|p2a: Grimmsnarl\n|-supereffective|p2a: Grimmsnarl\n|-damage|p2a: Grimmsnarl|44\/100\n|\n|-heal|p2a: Grimmsnarl|50\/100|[from] item: Leftovers\n|upkeep\n|turn|14\n|\n|t:|1700902280\n|switch|p1a: Toxapex|Toxapex, M|100\/100\n|move|p2a: Grimmsnarl|Reflect|p2a: Grimmsnarl\n|-sidestart|p2: DK Kabss|Reflect\n|\n|-heal|p2a: Grimmsnarl|56\/100|[from] item: Leftovers\n|upkeep\n|turn|15\n|\n|t:|1700902285\n|move|p2a: Grimmsnarl|Thunder Wave|p1a: Toxapex\n|-status|p1a: Toxapex|par\n|move|p1a: Toxapex|Toxic|p2a: Grimmsnarl\n|-status|p2a: Grimmsnarl|tox\n|\n|-heal|p2a: Grimmsnarl|62\/100 tox|[from] item: Leftovers\n|-damage|p2a: Grimmsnarl|56\/100 tox|[from] psn\n|upkeep\n|turn|16\n|\n|t:|1700902292\n|move|p2a: Grimmsnarl|Light Screen|p2a: Grimmsnarl\n|-sidestart|p2: DK Kabss|move: Light Screen\n|cant|p1a: Toxapex|par\n|\n|-heal|p2a: Grimmsnarl|62\/100 tox|[from] item: Leftovers\n|-damage|p2a: Grimmsnarl|50\/100 tox|[from] psn\n|upkeep\n|turn|17\n|\n|t:|1700902297\n|switch|p2a: Manaphy|Manaphy|100\/100\n|-damage|p2a: Manaphy|88\/100|[from] Stealth Rock\n|move|p1a: Toxapex|Infestation|p2a: Manaphy\n|-damage|p2a: Manaphy|87\/100\n|-activate|p2a: Manaphy|move: Infestation|[of] p1a: Toxapex\n|\n|-heal|p2a: Manaphy|93\/100|[from] item: Leftovers\n|-damage|p2a: Manaphy|81\/100|[from] move: Infestation|[partiallytrapped]\n|upkeep\n|turn|18\n|\n|t:|1700902304\n|move|p2a: Manaphy|Tail Glow|p2a: Manaphy\n|-boost|p2a: Manaphy|spa|3\n|move|p1a: Toxapex|Toxic|p2a: Manaphy\n|-status|p2a: Manaphy|tox\n|\n|-heal|p2a: Manaphy|87\/100 tox|[from] item: Leftovers\n|-damage|p2a: Manaphy|81\/100 tox|[from] psn\n|-damage|p2a: Manaphy|68\/100 tox|[from] move: Infestation|[partiallytrapped]\n|-sideend|p2: DK Kabss|Reflect\n|upkeep\n|turn|19\n|\n|t:|1700902312\n|switch|p1a: Blissey|Blissey, F, shiny|100\/100\n|move|p2a: Manaphy|Tail Glow|p2a: Manaphy\n|-boost|p2a: Manaphy|spa|3\n|\n|-heal|p2a: Manaphy|74\/100 tox|[from] item: Leftovers\n|-damage|p2a: Manaphy|62\/100 tox|[from] psn\n|-end|p2a: Manaphy|Infestation|[partiallytrapped]|[silent]\n|upkeep\n|turn|20\n|\n|t:|1700902316\n|move|p2a: Manaphy|Hydro Pump|p1a: Blissey\n|-damage|p1a: Blissey|49\/100\n|move|p1a: Blissey|Seismic Toss|p2a: Manaphy\n|-damage|p2a: Manaphy|33\/100 tox\n|\n|-heal|p2a: Manaphy|39\/100 tox|[from] item: Leftovers\n|-damage|p2a: Manaphy|20\/100 tox|[from] psn\n|-sideend|p2: DK Kabss|move: Light Screen\n|upkeep\n|turn|21\n|\n|t:|1700902325\n|move|p2a: Manaphy|Hydro Pump|p1a: Blissey|[miss]\n|-miss|p2a: Manaphy|p1a: Blissey\n|move|p1a: Blissey|Soft-Boiled|p1a: Blissey\n|-heal|p1a: Blissey|99\/100\n|\n|-heal|p2a: Manaphy|27\/100 tox|[from] item: Leftovers\n|-damage|p2a: Manaphy|2\/100 tox|[from] psn\n|upkeep\n|turn|22\n|\n|t:|1700902328\n|move|p2a: Manaphy|Hydro Pump|p1a: Blissey\n|-damage|p1a: Blissey|41\/100\n|move|p1a: Blissey|Soft-Boiled|p1a: Blissey\n|-heal|p1a: Blissey|91\/100\n|\n|-heal|p2a: Manaphy|8\/100 tox|[from] item: Leftovers\n|-damage|p2a: Manaphy|0 fnt|[from] psn\n|faint|p2a: Manaphy\n|upkeep\n|\n|t:|1700902339\n|switch|p2a: Iron Treads|Iron Treads|100\/100\n|-damage|p2a: Iron Treads|97\/100|[from] Stealth Rock\n|-enditem|p2a: Iron Treads|Booster Energy\n|-activate|p2a: Iron Treads|ability: Quark Drive|[fromitem]\n|-start|p2a: Iron Treads|quarkdriveatk\n|turn|23\n|l|\u2606DK Kabss\n|inactive|DK Kabss disconnected and has a minute to reconnect!\n|player|p2|\n|inactive|DK Kabss has 30 seconds to reconnect!\n|inactive|DK Kabss has 20 seconds to reconnect!\n|inactive|DK Kabss has 15 seconds to reconnect!\n|inactive|DK Kabss has 10 seconds to reconnect!\n|inactive|DK Kabss has 5 seconds to reconnect!\n|-message|DK Kabss lost due to inactivity.\n|\n|win|jmneio\n|raw|jmneio's rating: 1000 &rarr; <strong>1046<\/strong><br \/>(+46 for winning)\n|raw|DK Kabss's rating: 1053 &rarr; <strong>1032<\/strong><br \/>(-21 for losing)\n","uploadtime":1700902555,"views":1,"p1id":"jmneio","p2id":"dkkabss","formatid":"gen9ou","rating":1032,"private":0,"password":""}