{"id":"gen9ou-1993978099","p1":"Kjfm30","p2":"Audio Peel","format":"[Gen 9] OU","log":"|j|\u2606Kjfm30\n|j|\u2606Audio Peel\n|t:|1700386950\n|gametype|singles\n|player|p1|Kjfm30|clay|1542\n|player|p2|Audio Peel|102|1705\n|teamsize|p1|6\n|teamsize|p2|6\n|gen|9\n|tier|[Gen 9] OU\n|rated|\n|rule|Sleep Clause Mod: Limit one foe put to sleep\n|rule|Species Clause: Limit one of each Pok\u00e9mon\n|rule|OHKO Clause: OHKO moves are banned\n|rule|Evasion Items Clause: Evasion items are banned\n|rule|Evasion Moves Clause: Evasion moves are banned\n|rule|Endless Battle Clause: Forcing endless battles is banned\n|rule|HP Percentage Mod: HP is shown in percentages\n|clearpoke\n|poke|p1|Kingambit, F|\n|poke|p1|Glimmora, M|\n|poke|p1|Zamazenta-*|\n|poke|p1|Iron Valiant|\n|poke|p1|Iron Moth|\n|poke|p1|Ogerpon-Wellspring, F|\n|poke|p2|Garganacl, M|\n|poke|p2|Corviknight, M|\n|poke|p2|Tornadus-Therian, M|\n|poke|p2|Zamazenta-*|\n|poke|p2|Ting-Lu|\n|poke|p2|Dragapult, M|\n|teampreview\n|inactive|Battle timer is ON: inactive players will automatically lose when time's up. (requested by Kjfm30)\n|j| punyakoko\n|\n|t:|1700386975\n|start\n|switch|p1a: Glimmora|Glimmora, M|100\/100\n|switch|p2a: Ting-Lu|Ting-Lu|100\/100\n|-ability|p2a: Ting-Lu|Vessel of Ruin\n|turn|1\n|\n|t:|1700386979\n|move|p1a: Glimmora|Stealth Rock|p2a: Ting-Lu\n|-sidestart|p2: Audio Peel|move: Stealth Rock\n|move|p2a: Ting-Lu|Earthquake|p1a: Glimmora\n|-supereffective|p1a: Glimmora\n|-enditem|p1a: Glimmora|Focus Sash\n|-damage|p1a: Glimmora|1\/100\n|-activate|p1a: Glimmora|ability: Toxic Debris\n|-sidestart|p2: Audio Peel|move: Toxic Spikes\n|\n|upkeep\n|turn|2\n|\n|t:|1700386984\n|switch|p2a: Corviknight|Corviknight, M|100\/100\n|-damage|p2a: Corviknight|88\/100|[from] Stealth Rock\n|-ability|p2a: Corviknight|Pressure\n|move|p1a: Glimmora|Earth Power|p2a: Corviknight\n|-immune|p2a: Corviknight\n|\n|upkeep\n|turn|3\n|\n|t:|1700386988\n|move|p1a: Glimmora|Power Gem|p2a: Corviknight\n|-damage|p2a: Corviknight|50\/100\n|move|p2a: Corviknight|U-turn|p1a: Glimmora\n|-resisted|p1a: Glimmora\n|-damage|p1a: Glimmora|0 fnt\n|-activate|p1a: Glimmora|ability: Toxic Debris\n|-sidestart|p2: Audio Peel|move: Toxic Spikes\n|faint|p1a: Glimmora\n|\n|t:|1700386994\n|switch|p2a: Tornadus|Tornadus-Therian, M|100\/100|[from] U-turn\n|\n|upkeep\n|\n|t:|1700386999\n|switch|p1a: Iron Moth|Iron Moth|100\/100\n|-enditem|p1a: Iron Moth|Booster Energy\n|-activate|p1a: Iron Moth|ability: Quark Drive|[fromitem]\n|-start|p1a: Iron Moth|quarkdrivespe\n|turn|4\n|\n|t:|1700387004\n|switch|p2a: Ting-Lu|Ting-Lu|100\/100\n|-damage|p2a: Ting-Lu|94\/100|[from] Stealth Rock\n|-status|p2a: Ting-Lu|tox\n|-ability|p2a: Ting-Lu|Vessel of Ruin\n|move|p1a: Iron Moth|Fiery Dance|p2a: Ting-Lu\n|-damage|p2a: Ting-Lu|71\/100 tox\n|\n|-heal|p2a: Ting-Lu|77\/100 tox|[from] item: Leftovers\n|-damage|p2a: Ting-Lu|71\/100 tox|[from] psn\n|upkeep\n|turn|5\n|j| flamewing_phoenix\n|\n|t:|1700387014\n|-terastallize|p1a: Iron Moth|Fairy\n|move|p1a: Iron Moth|Dazzling Gleam|p2a: Ting-Lu\n|-supereffective|p2a: Ting-Lu\n|-damage|p2a: Ting-Lu|20\/100 tox\n|move|p2a: Ting-Lu|Stealth Rock|p1a: Iron Moth\n|-sidestart|p1: Kjfm30|move: Stealth Rock\n|\n|-heal|p2a: Ting-Lu|26\/100 tox|[from] item: Leftovers\n|-damage|p2a: Ting-Lu|13\/100 tox|[from] psn\n|upkeep\n|turn|6\n|\n|t:|1700387019\n|move|p1a: Iron Moth|Fiery Dance|p2a: Ting-Lu\n|-damage|p2a: Ting-Lu|0 fnt\n|faint|p2a: Ting-Lu\n|\n|upkeep\n|\n|t:|1700387022\n|switch|p2a: Garganacl|Garganacl, M|100\/100\n|-damage|p2a: Garganacl|88\/100|[from] Stealth Rock\n|turn|7\n|\n|t:|1700387027\n|-terastallize|p2a: Garganacl|Water\n|move|p1a: Iron Moth|Dazzling Gleam|p2a: Garganacl\n|-damage|p2a: Garganacl|63\/100\n|move|p2a: Garganacl|Iron Defense|p2a: Garganacl\n|-boost|p2a: Garganacl|def|2\n|\n|-heal|p2a: Garganacl|69\/100|[from] item: Leftovers\n|upkeep\n|turn|8\n|\n|t:|1700387032\n|move|p1a: Iron Moth|Sludge Wave|p2a: Garganacl\n|-damage|p2a: Garganacl|40\/100\n|move|p2a: Garganacl|Recover|p2a: Garganacl\n|-heal|p2a: Garganacl|90\/100\n|\n|-heal|p2a: Garganacl|96\/100|[from] item: Leftovers\n|upkeep\n|turn|9\n|\n|t:|1700387036\n|move|p1a: Iron Moth|Sludge Wave|p2a: Garganacl\n|-damage|p2a: Garganacl|67\/100\n|move|p2a: Garganacl|Iron Defense|p2a: Garganacl\n|-boost|p2a: Garganacl|def|2\n|\n|-heal|p2a: Garganacl|73\/100|[from] item: Leftovers\n|upkeep\n|turn|10\n|\n|t:|1700387040\n|move|p1a: Iron Moth|Sludge Wave|p2a: Garganacl\n|-damage|p2a: Garganacl|44\/100\n|move|p2a: Garganacl|Iron Defense|p2a: Garganacl\n|-boost|p2a: Garganacl|def|2\n|\n|-heal|p2a: Garganacl|50\/100|[from] item: Leftovers\n|upkeep\n|turn|11\n|\n|t:|1700387046\n|move|p1a: Iron Moth|Fiery Dance|p2a: Garganacl\n|-resisted|p2a: Garganacl\n|-damage|p2a: Garganacl|37\/100\n|move|p2a: Garganacl|Recover|p2a: Garganacl\n|-heal|p2a: Garganacl|87\/100\n|\n|-heal|p2a: Garganacl|94\/100|[from] item: Leftovers\n|upkeep\n|turn|12\n|\n|t:|1700387049\n|move|p1a: Iron Moth|Sludge Wave|p2a: Garganacl\n|-damage|p2a: Garganacl|64\/100\n|move|p2a: Garganacl|Salt Cure|p1a: Iron Moth\n|-damage|p1a: Iron Moth|79\/100\n|-start|p1a: Iron Moth|Salt Cure\n|\n|-heal|p2a: Garganacl|70\/100|[from] item: Leftovers\n|-damage|p1a: Iron Moth|67\/100|[from] Salt Cure\n|upkeep\n|turn|13\n|\n|t:|1700387054\n|move|p1a: Iron Moth|Sludge Wave|p2a: Garganacl\n|-damage|p2a: Garganacl|39\/100\n|move|p2a: Garganacl|Recover|p2a: Garganacl\n|-heal|p2a: Garganacl|89\/100\n|\n|-heal|p2a: Garganacl|95\/100|[from] item: Leftovers\n|-damage|p1a: Iron Moth|55\/100|[from] Salt Cure\n|upkeep\n|turn|14\n|\n|t:|1700387057\n|move|p1a: Iron Moth|Sludge Wave|p2a: Garganacl\n|-damage|p2a: Garganacl|65\/100\n|move|p2a: Garganacl|Body Press|p1a: Iron Moth\n|-resisted|p1a: Iron Moth\n|-damage|p1a: Iron Moth|0 fnt\n|faint|p1a: Iron Moth\n|-end|p1a: Iron Moth|Quark Drive|[silent]\n|\n|-heal|p2a: Garganacl|71\/100|[from] item: Leftovers\n|upkeep\n|\n|t:|1700387063\n|switch|p1a: Iron Valiant|Iron Valiant|100\/100\n|-damage|p1a: Iron Valiant|94\/100|[from] Stealth Rock\n|-enditem|p1a: Iron Valiant|Booster Energy\n|-activate|p1a: Iron Valiant|ability: Quark Drive|[fromitem]\n|-start|p1a: Iron Valiant|quarkdrivespe\n|turn|15\n|\n|t:|1700387073\n|move|p1a: Iron Valiant|Moonblast|p2a: Garganacl\n|-damage|p2a: Garganacl|41\/100\n|-unboost|p2a: Garganacl|spa|1\n|move|p2a: Garganacl|Body Press|p1a: Iron Valiant\n|-resisted|p1a: Iron Valiant\n|-damage|p1a: Iron Valiant|35\/100\n|\n|-heal|p2a: Garganacl|47\/100|[from] item: Leftovers\n|upkeep\n|turn|16\n|\n|t:|1700387079\n|move|p1a: Iron Valiant|Moonblast|p2a: Garganacl\n|-damage|p2a: Garganacl|17\/100\n|-unboost|p2a: Garganacl|spa|1\n|move|p2a: Garganacl|Recover|p2a: Garganacl\n|-heal|p2a: Garganacl|67\/100\n|\n|-heal|p2a: Garganacl|73\/100|[from] item: Leftovers\n|upkeep\n|turn|17\n|\n|t:|1700387082\n|move|p1a: Iron Valiant|Moonblast|p2a: Garganacl\n|-damage|p2a: Garganacl|41\/100\n|move|p2a: Garganacl|Recover|p2a: Garganacl\n|-heal|p2a: Garganacl|91\/100\n|\n|-heal|p2a: Garganacl|97\/100|[from] item: Leftovers\n|upkeep\n|turn|18\n|\n|t:|1700387085\n|move|p1a: Iron Valiant|Moonblast|p2a: Garganacl\n|-damage|p2a: Garganacl|66\/100\n|-unboost|p2a: Garganacl|spa|1\n|move|p2a: Garganacl|Body Press|p1a: Iron Valiant\n|-resisted|p1a: Iron Valiant\n|-damage|p1a: Iron Valiant|0 fnt\n|faint|p1a: Iron Valiant\n|-end|p1a: Iron Valiant|Quark Drive|[silent]\n|\n|-heal|p2a: Garganacl|72\/100|[from] item: Leftovers\n|upkeep\n|\n|t:|1700387087\n|switch|p1a: Zamazenta|Zamazenta, shiny|100\/100\n|-damage|p1a: Zamazenta|94\/100|[from] Stealth Rock\n|-ability|p1a: Zamazenta|Dauntless Shield|boost\n|-boost|p1a: Zamazenta|def|1\n|turn|19\n|\n|t:|1700387090\n|move|p1a: Zamazenta|Iron Defense|p1a: Zamazenta\n|-boost|p1a: Zamazenta|def|2\n|move|p2a: Garganacl|Salt Cure|p1a: Zamazenta\n|-resisted|p1a: Zamazenta\n|-damage|p1a: Zamazenta|92\/100\n|-start|p1a: Zamazenta|Salt Cure\n|\n|-heal|p1a: Zamazenta|98\/100|[from] item: Leftovers\n|-heal|p2a: Garganacl|78\/100|[from] item: Leftovers\n|-damage|p1a: Zamazenta|86\/100|[from] Salt Cure\n|upkeep\n|turn|20\n|\n|t:|1700387092\n|move|p1a: Zamazenta|Iron Defense|p1a: Zamazenta\n|-boost|p1a: Zamazenta|def|2\n|move|p2a: Garganacl|Body Press|p1a: Zamazenta\n|-damage|p1a: Zamazenta|64\/100\n|\n|-heal|p1a: Zamazenta|70\/100|[from] item: Leftovers\n|-heal|p2a: Garganacl|84\/100|[from] item: Leftovers\n|-damage|p1a: Zamazenta|58\/100|[from] Salt Cure\n|upkeep\n|turn|21\n|\n|t:|1700387095\n|move|p1a: Zamazenta|Body Press|p2a: Garganacl\n|-damage|p2a: Garganacl|64\/100\n|move|p2a: Garganacl|Body Press|p1a: Zamazenta\n|-damage|p1a: Zamazenta|37\/100\n|\n|-heal|p1a: Zamazenta|43\/100|[from] item: Leftovers\n|-heal|p2a: Garganacl|70\/100|[from] item: Leftovers\n|-damage|p1a: Zamazenta|31\/100|[from] Salt Cure\n|upkeep\n|turn|22\n|\n|t:|1700387099\n|move|p1a: Zamazenta|Body Press|p2a: Garganacl\n|-damage|p2a: Garganacl|51\/100\n|move|p2a: Garganacl|Recover|p2a: Garganacl\n|-heal|p2a: Garganacl|100\/100\n|\n|-heal|p1a: Zamazenta|37\/100|[from] item: Leftovers\n|-damage|p1a: Zamazenta|24\/100|[from] Salt Cure\n|upkeep\n|turn|23\n|\n|t:|1700387103\n|move|p1a: Zamazenta|Body Press|p2a: Garganacl\n|-damage|p2a: Garganacl|82\/100\n|move|p2a: Garganacl|Body Press|p1a: Zamazenta\n|-damage|p1a: Zamazenta|2\/100\n|\n|-heal|p1a: Zamazenta|8\/100|[from] item: Leftovers\n|-heal|p2a: Garganacl|88\/100|[from] item: Leftovers\n|-damage|p1a: Zamazenta|0 fnt|[from] Salt Cure\n|faint|p1a: Zamazenta\n|upkeep\n|\n|t:|1700387105\n|switch|p1a: Kingambit|Kingambit, F|100\/100\n|-damage|p1a: Kingambit|94\/100|[from] Stealth Rock\n|-activate|p1a: Kingambit|ability: Supreme Overlord\n|-start|p1a: Kingambit|fallen4|[silent]\n|turn|24\n|j| utsudere\n|\n|t:|1700387109\n|move|p1a: Kingambit|Kowtow Cleave|p2a: Garganacl\n|-damage|p2a: Garganacl|74\/100\n|move|p2a: Garganacl|Body Press|p1a: Kingambit\n|-supereffective|p1a: Kingambit\n|-damage|p1a: Kingambit|0 fnt\n|faint|p1a: Kingambit\n|-end|p1a: Kingambit|fallen4|[silent]\n|\n|-heal|p2a: Garganacl|80\/100|[from] item: Leftovers\n|upkeep\n|-message|Kjfm30 forfeited.\n|\n|win|Audio Peel\n|raw|Kjfm30's rating: 1542 &rarr; <strong>1531<\/strong><br \/>(-11 for losing)\n|raw|Audio Peel's rating: 1705 &rarr; <strong>1716<\/strong><br \/>(+11 for winning)\n|l|\u2606Kjfm30\n|c|\u2606Audio Peel|gg\n","uploadtime":1700387116,"views":14,"p1id":"kjfm30","p2id":"audiopeel","formatid":"gen9ou","rating":1531,"private":0,"password":""}