{"id":"gen9ou-1993909988","p1":"mangolol","p2":"uryctvuybh","format":"[Gen 9] OU","log":"|j|\u2606mangolol\n|j|\u2606uryctvuybh\n|t:|1700373855\n|gametype|singles\n|player|p1|mangolol|adaman|1277\n|player|p2|uryctvuybh|265|1272\n|teamsize|p1|6\n|teamsize|p2|6\n|gen|9\n|tier|[Gen 9] OU\n|rated|\n|rule|Sleep Clause Mod: Limit one foe put to sleep\n|rule|Species Clause: Limit one of each Pok\u00e9mon\n|rule|OHKO Clause: OHKO moves are banned\n|rule|Evasion Items Clause: Evasion items are banned\n|rule|Evasion Moves Clause: Evasion moves are banned\n|rule|Endless Battle Clause: Forcing endless battles is banned\n|rule|HP Percentage Mod: HP is shown in percentages\n|clearpoke\n|poke|p1|Ribombee, M|\n|poke|p1|Samurott-Hisui, M|\n|poke|p1|Ninetales-Alola, M|\n|poke|p1|Rillaboom, M|\n|poke|p1|Sneasler, M|\n|poke|p1|Kingambit, F|\n|poke|p2|Sandy Shocks|\n|poke|p2|Glimmora, M|\n|poke|p2|Gholdengo|\n|poke|p2|Milotic, F|\n|poke|p2|Iron Moth|\n|poke|p2|Zapdos|\n|teampreview\n|\n|t:|1700373862\n|start\n|switch|p1a: more usg thn lando|Ribombee, M|100\/100\n|switch|p2a: Glimmora|Glimmora, M|100\/100\n|turn|1\n|\n|t:|1700373876\n|move|p1a: more usg thn lando|Psychic|p2a: Glimmora\n|-supereffective|p2a: Glimmora\n|-damage|p2a: Glimmora|48\/100\n|-enditem|p2a: Glimmora|Red Card|[of] p1a: more usg thn lando\n|drag|p1a: GOAT|Samurott-Hisui, M|100\/100\n|move|p2a: Glimmora|Mortal Spin|p1a: GOAT\n|-damage|p1a: GOAT|93\/100\n|-status|p1a: GOAT|psn\n|\n|-damage|p1a: GOAT|80\/100 psn|[from] psn\n|upkeep\n|turn|2\n|\n|t:|1700373896\n|switch|p1a: more usg thn lando|Ribombee, M|100\/100\n|move|p2a: Glimmora|Stealth Rock|p1a: more usg thn lando\n|-sidestart|p1: mangolol|move: Stealth Rock\n|\n|upkeep\n|turn|3\n|\n|t:|1700373902\n|switch|p2a: Milotic|Milotic, F|100\/100\n|move|p1a: more usg thn lando|Sticky Web|p2a: Milotic\n|-sidestart|p2: uryctvuybh|move: Sticky Web\n|\n|upkeep\n|turn|4\n|\n|t:|1700373907\n|move|p1a: more usg thn lando|Stun Spore|p2a: Milotic|[miss]\n|-miss|p1a: more usg thn lando|p2a: Milotic\n|move|p2a: Milotic|Flip Turn|p1a: more usg thn lando\n|-damage|p1a: more usg thn lando|75\/100\n|\n|t:|1700373914\n|switch|p2a: Glimmora|Glimmora, M|48\/100|[from] Flip Turn\n|-activate|p2a: Glimmora|move: Sticky Web\n|-unboost|p2a: Glimmora|spe|1\n|\n|upkeep\n|turn|5\n|\n|t:|1700373935\n|move|p1a: more usg thn lando|Psychic|p2a: Glimmora\n|-supereffective|p2a: Glimmora\n|-damage|p2a: Glimmora|0 fnt\n|faint|p2a: Glimmora\n|\n|upkeep\n|\n|t:|1700373998\n|switch|p2a: Gholdengo|Gholdengo|100\/100\n|-activate|p2a: Gholdengo|move: Sticky Web\n|-unboost|p2a: Gholdengo|spe|1\n|turn|6\n|\n|t:|1700374021\n|move|p1a: more usg thn lando|Moonblast|p2a: Gholdengo\n|-resisted|p2a: Gholdengo\n|-damage|p2a: Gholdengo|77\/100\n|move|p2a: Gholdengo|Shadow Ball|p1a: more usg thn lando\n|-damage|p1a: more usg thn lando|2\/100\n|\n|upkeep\n|turn|7\n|\n|t:|1700374028\n|move|p1a: more usg thn lando|Moonblast|p2a: Gholdengo\n|-resisted|p2a: Gholdengo\n|-damage|p2a: Gholdengo|52\/100\n|move|p2a: Gholdengo|Shadow Ball|p1a: more usg thn lando\n|-damage|p1a: more usg thn lando|0 fnt\n|faint|p1a: more usg thn lando\n|\n|upkeep\n|\n|t:|1700374038\n|switch|p1a: GOAT|Samurott-Hisui, M|80\/100 psn\n|-damage|p1a: GOAT|68\/100 psn|[from] Stealth Rock\n|turn|8\n|\n|t:|1700374042\n|switch|p2a: Zapdos|Zapdos|100\/100\n|move|p1a: GOAT|Ceaseless Edge|p2a: Zapdos\n|-damage|p2a: Zapdos|70\/100\n|-damage|p1a: GOAT|51\/100 psn|[from] item: Rocky Helmet|[of] p2a: Zapdos\n|-sidestart|p2: uryctvuybh|Spikes\n|\n|-damage|p1a: GOAT|39\/100 psn|[from] psn\n|upkeep\n|turn|9\n|\n|t:|1700374051\n|move|p1a: GOAT|Ceaseless Edge|p2a: Zapdos\n|-damage|p2a: Zapdos|39\/100\n|-damage|p1a: GOAT|22\/100 psn|[from] item: Rocky Helmet|[of] p2a: Zapdos\n|-sidestart|p2: uryctvuybh|Spikes\n|move|p2a: Zapdos|U-turn|p1a: GOAT\n|-supereffective|p1a: GOAT\n|-damage|p1a: GOAT|0 fnt\n|faint|p1a: GOAT\n|\n|t:|1700374060\n|switch|p2a: Iron Moth|Iron Moth|100\/100|[from] U-turn\n|-activate|p2a: Iron Moth|move: Sticky Web\n|-unboost|p2a: Iron Moth|spe|1\n|-damage|p2a: Iron Moth|84\/100|[from] Spikes\n|\n|upkeep\n|\n|t:|1700374075\n|switch|p1a: the antichrist|Ninetales-Alola, M|100\/100\n|-damage|p1a: the antichrist|76\/100|[from] Stealth Rock\n|-weather|Snow|[from] ability: Snow Warning|[of] p1a: the antichrist\n|turn|10\n|\n|t:|1700374085\n|move|p1a: the antichrist|Aurora Veil|p1a: the antichrist\n|-sidestart|p1: mangolol|move: Aurora Veil\n|move|p2a: Iron Moth|Agility|p2a: Iron Moth\n|-boost|p2a: Iron Moth|spe|2\n|\n|-weather|Snow|[upkeep]\n|upkeep\n|turn|11\n|\n|t:|1700374094\n|move|p2a: Iron Moth|Fiery Dance|p1a: the antichrist\n|-supereffective|p1a: the antichrist\n|-damage|p1a: the antichrist|17\/100\n|-damage|p2a: Iron Moth|74\/100|[from] item: Life Orb\n|move|p1a: the antichrist|Moonblast|p2a: Iron Moth\n|-resisted|p2a: Iron Moth\n|-damage|p2a: Iron Moth|66\/100\n|\n|-weather|Snow|[upkeep]\n|upkeep\n|turn|12\n|\n|t:|1700374103\n|move|p2a: Iron Moth|Fiery Dance|p1a: the antichrist\n|-supereffective|p1a: the antichrist\n|-damage|p1a: the antichrist|0 fnt\n|-boost|p2a: Iron Moth|spa|1\n|faint|p1a: the antichrist\n|-damage|p2a: Iron Moth|56\/100|[from] item: Life Orb\n|\n|-weather|Snow|[upkeep]\n|upkeep\n|\n|t:|1700374113\n|switch|p1a: #DICKSOUT|Rillaboom, M|100\/100\n|-damage|p1a: #DICKSOUT|88\/100|[from] Stealth Rock\n|-fieldstart|move: Grassy Terrain|[from] ability: Grassy Surge|[of] p1a: #DICKSOUT\n|turn|13\n|\n|t:|1700374118\n|move|p1a: #DICKSOUT|Grassy Glide|p2a: Iron Moth\n|-resisted|p2a: Iron Moth\n|-damage|p2a: Iron Moth|41\/100\n|move|p2a: Iron Moth|Morning Sun|p2a: Iron Moth\n|-heal|p2a: Iron Moth|66\/100\n|\n|-weather|Snow|[upkeep]\n|-heal|p2a: Iron Moth|72\/100|[from] Grassy Terrain\n|-heal|p1a: #DICKSOUT|94\/100|[from] Grassy Terrain\n|upkeep\n|turn|14\n|\n|t:|1700374128\n|move|p1a: #DICKSOUT|Grassy Glide|p2a: Iron Moth\n|-resisted|p2a: Iron Moth\n|-damage|p2a: Iron Moth|58\/100\n|move|p2a: Iron Moth|Fiery Dance|p1a: #DICKSOUT\n|-supereffective|p1a: #DICKSOUT\n|-damage|p1a: #DICKSOUT|1\/100\n|-boost|p2a: Iron Moth|spa|1\n|-damage|p2a: Iron Moth|48\/100|[from] item: Life Orb\n|\n|-weather|none\n|-heal|p2a: Iron Moth|54\/100|[from] Grassy Terrain\n|-heal|p1a: #DICKSOUT|8\/100|[from] Grassy Terrain\n|upkeep\n|turn|15\n|\n|t:|1700374140\n|move|p1a: #DICKSOUT|Grassy Glide|p2a: Iron Moth\n|-resisted|p2a: Iron Moth\n|-damage|p2a: Iron Moth|41\/100\n|move|p2a: Iron Moth|Morning Sun|p2a: Iron Moth\n|-heal|p2a: Iron Moth|91\/100\n|\n|-heal|p2a: Iron Moth|97\/100|[from] Grassy Terrain\n|-heal|p1a: #DICKSOUT|14\/100|[from] Grassy Terrain\n|upkeep\n|turn|16\n|\n|t:|1700374149\n|move|p1a: #DICKSOUT|Grassy Glide|p2a: Iron Moth\n|-resisted|p2a: Iron Moth\n|-damage|p2a: Iron Moth|83\/100\n|move|p2a: Iron Moth|Fiery Dance|p1a: #DICKSOUT\n|-supereffective|p1a: #DICKSOUT\n|-damage|p1a: #DICKSOUT|0 fnt\n|-boost|p2a: Iron Moth|spa|1\n|faint|p1a: #DICKSOUT\n|-damage|p2a: Iron Moth|74\/100|[from] item: Life Orb\n|\n|-heal|p2a: Iron Moth|80\/100|[from] Grassy Terrain\n|upkeep\n|\n|t:|1700374151\n|switch|p1a: LOL XD!!!!!!|Sneasler, M|100\/100\n|-damage|p1a: LOL XD!!!!!!|95\/100|[from] Stealth Rock\n|-enditem|p1a: LOL XD!!!!!!|Grassy Seed\n|-boost|p1a: LOL XD!!!!!!|def|1|[from] item: Grassy Seed\n|turn|17\n|c|\u2606uryctvuybh|gg\n|\n|t:|1700374164\n|move|p1a: LOL XD!!!!!!|Dire Claw|p2a: Iron Moth\n|-resisted|p2a: Iron Moth\n|-damage|p2a: Iron Moth|59\/100\n|-status|p2a: Iron Moth|slp\n|cant|p2a: Iron Moth|slp\n|\n|-heal|p1a: LOL XD!!!!!!|100\/100|[from] Grassy Terrain\n|-heal|p2a: Iron Moth|65\/100 slp|[from] Grassy Terrain\n|-sideend|p1: mangolol|move: Aurora Veil\n|-fieldend|move: Grassy Terrain\n|upkeep\n|turn|18\n|\n|t:|1700374174\n|move|p1a: LOL XD!!!!!!|Swords Dance|p1a: LOL XD!!!!!!\n|-boost|p1a: LOL XD!!!!!!|atk|2\n|cant|p2a: Iron Moth|slp\n|\n|upkeep\n|turn|19\n|\n|t:|1700374178\n|-terastallize|p1a: LOL XD!!!!!!|Flying\n|move|p1a: LOL XD!!!!!!|Acrobatics|p2a: Iron Moth\n|-damage|p2a: Iron Moth|0 fnt\n|faint|p2a: Iron Moth\n|-end|p2a: Iron Moth|Quark Drive|[silent]\n|\n|upkeep\n|\n|t:|1700374184\n|switch|p2a: Zapdos|Zapdos|39\/100\n|turn|20\n|\n|t:|1700374187\n|move|p1a: LOL XD!!!!!!|Dire Claw|p2a: Zapdos\n|-damage|p2a: Zapdos|0 fnt\n|-damage|p1a: LOL XD!!!!!!|84\/100|[from] item: Rocky Helmet|[of] p2a: Zapdos\n|faint|p2a: Zapdos\n|\n|upkeep\n|\n|t:|1700374193\n|switch|p2a: Sandy Shocks|Sandy Shocks|100\/100\n|-item|p2a: Sandy Shocks|Air Balloon\n|turn|21\n|\n|t:|1700374201\n|move|p1a: LOL XD!!!!!!|Close Combat|p2a: Sandy Shocks\n|-damage|p2a: Sandy Shocks|0 fnt\n|-unboost|p1a: LOL XD!!!!!!|def|1\n|-unboost|p1a: LOL XD!!!!!!|spd|1\n|-enditem|p2a: Sandy Shocks|Air Balloon\n|faint|p2a: Sandy Shocks\n|-end|p2a: Sandy Shocks|Protosynthesis|[silent]\n|\n|upkeep\n|\n|t:|1700374208\n|switch|p2a: Gholdengo|Gholdengo|52\/100\n|-activate|p2a: Gholdengo|move: Sticky Web\n|-unboost|p2a: Gholdengo|spe|1\n|-damage|p2a: Gholdengo|36\/100|[from] Spikes\n|turn|22\n|\n|t:|1700374213\n|move|p1a: LOL XD!!!!!!|Acrobatics|p2a: Gholdengo\n|-resisted|p2a: Gholdengo\n|-damage|p2a: Gholdengo|0 fnt\n|faint|p2a: Gholdengo\n|\n|upkeep\n|\n|t:|1700374218\n|switch|p2a: Milotic|Milotic, F|100\/100\n|-activate|p2a: Milotic|move: Sticky Web\n|-unboost|p2a: Milotic|spe|1\n|-damage|p2a: Milotic|84\/100|[from] Spikes\n|turn|23\n|\n|t:|1700374226\n|move|p1a: LOL XD!!!!!!|Close Combat|p2a: Milotic\n|-damage|p2a: Milotic|0 fnt\n|-unboost|p1a: LOL XD!!!!!!|def|1\n|-unboost|p1a: LOL XD!!!!!!|spd|1\n|faint|p2a: Milotic\n|\n|win|mangolol\n|raw|mangolol's rating: 1277 &rarr; <strong>1302<\/strong><br \/>(+25 for winning)\n|raw|uryctvuybh's rating: 1272 &rarr; <strong>1247<\/strong><br \/>(-25 for losing)\n|c|\u2606uryctvuybh|gg\n|c|\u2606mangolol|yeah gg\n|c|\u2606uryctvuybh|smoked\n|l|\u2606uryctvuybh\n","uploadtime":1700374246,"views":14,"p1id":"mangolol","p2id":"uryctvuybh","formatid":"gen9ou","rating":1247,"private":0,"password":""}