{"id":"gen9ou-1995282963","p1":"WAGAMAMAH","p2":"KoffingOnLoud","format":"[Gen 9] OU","log":"|j|\u2606WAGAMAMAH\n|j|\u2606KoffingOnLoud\n|t:|1700546465\n|gametype|singles\n|player|p1|WAGAMAMAH|steven|1047\n|player|p2|KoffingOnLoud|koga|1026\n|teamsize|p1|6\n|teamsize|p2|6\n|gen|9\n|tier|[Gen 9] OU\n|rated|\n|rule|Sleep Clause Mod: Limit one foe put to sleep\n|rule|Species Clause: Limit one of each Pok\u00e9mon\n|rule|OHKO Clause: OHKO moves are banned\n|rule|Evasion Items Clause: Evasion items are banned\n|rule|Evasion Moves Clause: Evasion moves are banned\n|rule|Endless Battle Clause: Forcing endless battles is banned\n|rule|HP Percentage Mod: HP is shown in percentages\n|clearpoke\n|poke|p1|Great Tusk|\n|poke|p1|Ribombee, F|\n|poke|p1|Ogerpon-Wellspring, F|\n|poke|p1|Ceruledge, M|\n|poke|p1|Corviknight, M|\n|poke|p1|Kingambit, F|\n|poke|p2|Volbeat, M|\n|poke|p2|Illumise, F|\n|poke|p2|Grimmsnarl, M|\n|poke|p2|Grafaiai, F|\n|poke|p2|Sableye, M|\n|poke|p2|Clefable, M|\n|teampreview\n|inactive|Battle timer is ON: inactive players will automatically lose when time's up. (requested by WAGAMAMAH)\n|\n|t:|1700546480\n|start\n|switch|p1a: Litterbug|Ribombee, F, shiny|100\/100\n|switch|p2a: Volbeat|Volbeat, M, shiny|100\/100\n|turn|1\n|\n|t:|1700546491\n|move|p2a: Volbeat|Light Screen|p2a: Volbeat\n|-sidestart|p2: KoffingOnLoud|move: Light Screen\n|move|p1a: Litterbug|Trick|p2a: Volbeat\n|-activate|p1a: Litterbug|move: Trick|[of] p2a: Volbeat\n|-item|p2a: Volbeat|Choice Scarf|[from] move: Trick\n|-item|p1a: Litterbug|Heavy-Duty Boots|[from] move: Trick\n|\n|upkeep\n|turn|2\n|inactive|WAGAMAMAH has 120 seconds left.\n|\n|t:|1700546523\n|move|p2a: Volbeat|Metronome|p2a: Volbeat\n|move|p2a: Volbeat|Torment|p1a: Litterbug|[from]move: Metronome\n|-start|p1a: Litterbug|Torment\n|move|p1a: Litterbug|Sticky Web|p2a: Volbeat\n|-sidestart|p2: KoffingOnLoud|move: Sticky Web\n|\n|upkeep\n|turn|3\n|\n|t:|1700546532\n|move|p2a: Volbeat|Metronome|p2a: Volbeat\n|move|p2a: Volbeat|Heart Swap|p1a: Litterbug|[from]move: Metronome\n|-swapboost|p2a: Volbeat|p1a: Litterbug|[from] move: Heart Swap\n|move|p1a: Litterbug|Stun Spore|p2a: Volbeat\n|-status|p2a: Volbeat|par\n|\n|upkeep\n|turn|4\n|\n|t:|1700546546\n|move|p2a: Volbeat|Metronome|p2a: Volbeat\n|move|p2a: Volbeat|Astonish|p1a: Litterbug|[from]move: Metronome\n|-crit|p1a: Litterbug\n|-damage|p1a: Litterbug|85\/100\n|cant|p1a: Litterbug|flinch\n|\n|upkeep\n|turn|5\n|\n|t:|1700546554\n|move|p2a: Volbeat|Metronome|p2a: Volbeat\n|move|p2a: Volbeat|Nuzzle|p1a: Litterbug|[from]move: Metronome\n|-damage|p1a: Litterbug|78\/100\n|-status|p1a: Litterbug|par\n|move|p1a: Litterbug|Moonblast|p2a: Volbeat\n|-damage|p2a: Volbeat|78\/100 par\n|\n|-sideend|p2: KoffingOnLoud|move: Light Screen\n|upkeep\n|turn|6\n|inactive|WAGAMAMAH has 120 seconds left.\n|inactive|WAGAMAMAH has 90 seconds left.\n|\n|t:|1700546610\n|switch|p1a: Heavy Metal|Corviknight, M, shiny|100\/100\n|move|p2a: Volbeat|Metronome|p2a: Volbeat\n|move|p2a: Volbeat|Soft-Boiled|p2a: Volbeat|[from]move: Metronome\n|-heal|p2a: Volbeat|100\/100 par\n|\n|upkeep\n|turn|7\n|inactive|WAGAMAMAH has 90 seconds left.\n|\n|t:|1700546618\n|cant|p2a: Volbeat|par\n|move|p1a: Heavy Metal|Tailwind|p1a: Heavy Metal\n|-sidestart|p1: WAGAMAMAH|move: Tailwind\n|\n|upkeep\n|turn|8\n|\n|t:|1700546624\n|cant|p2a: Volbeat|par\n|move|p1a: Heavy Metal|U-turn|p2a: Volbeat\n|-damage|p2a: Volbeat|86\/100 par\n|inactive|WAGAMAMAH has 90 seconds left.\n|\n|t:|1700546660\n|switch|p1a: Edgelord|Ceruledge, M, shiny|100\/100|[from] U-turn\n|\n|upkeep\n|turn|9\n|\n|t:|1700546666\n|move|p2a: Volbeat|Metronome|p2a: Volbeat\n|move|p2a: Volbeat|Moonlight|p2a: Volbeat|[from]move: Metronome\n|-heal|p2a: Volbeat|100\/100 par\n|move|p1a: Edgelord|Swords Dance|p1a: Edgelord\n|-boost|p1a: Edgelord|atk|2\n|\n|upkeep\n|turn|10\n|\n|t:|1700546680\n|move|p2a: Volbeat|Metronome|p2a: Volbeat\n|move|p2a: Volbeat|Waterfall|p1a: Edgelord|[from]move: Metronome\n|-supereffective|p1a: Edgelord\n|-damage|p1a: Edgelord|62\/100\n|-ability|p1a: Edgelord|Weak Armor|boost\n|-unboost|p1a: Edgelord|def|1\n|-boost|p1a: Edgelord|spe|2\n|move|p1a: Edgelord|Swords Dance|p1a: Edgelord\n|-boost|p1a: Edgelord|atk|2\n|\n|-sideend|p1: WAGAMAMAH|move: Tailwind\n|upkeep\n|turn|11\n|\n|t:|1700546692\n|move|p2a: Volbeat|Metronome|p2a: Volbeat\n|move|p2a: Volbeat|Trick Room|p2a: Volbeat|[from]move: Metronome\n|-fieldstart|move: Trick Room|[of] p2a: Volbeat\n|move|p1a: Edgelord|Bitter Blade|p2a: Volbeat\n|-supereffective|p2a: Volbeat\n|-damage|p2a: Volbeat|0 fnt\n|-heal|p1a: Edgelord|100\/100|[from] drain|[of] p2a: Volbeat\n|faint|p2a: Volbeat\n|\n|upkeep\n|\n|t:|1700546703\n|switch|p2a: Illumise|Illumise, F, shiny|100\/100\n|turn|12\n|\n|t:|1700546707\n|move|p2a: Illumise|Metronome|p2a: Illumise\n|move|p2a: Illumise|Gyro Ball|p1a: Edgelord|[from]move: Metronome\n|-resisted|p1a: Edgelord\n|-crit|p1a: Edgelord\n|-damage|p1a: Edgelord|88\/100\n|-ability|p1a: Edgelord|Weak Armor|boost\n|-unboost|p1a: Edgelord|def|1\n|-boost|p1a: Edgelord|spe|2\n|move|p1a: Edgelord|Bitter Blade|p2a: Illumise\n|-supereffective|p2a: Illumise\n|-damage|p2a: Illumise|0 fnt\n|-heal|p1a: Edgelord|100\/100|[from] drain|[of] p2a: Illumise\n|faint|p2a: Illumise\n|\n|upkeep\n|\n|t:|1700546716\n|switch|p2a: Grimmsnarl|Grimmsnarl, M|100\/100\n|turn|13\n|\n|t:|1700546725\n|move|p2a: Grimmsnarl|Reflect|p2a: Grimmsnarl\n|-sidestart|p2: KoffingOnLoud|Reflect\n|move|p1a: Edgelord|Bitter Blade|p2a: Grimmsnarl\n|-damage|p2a: Grimmsnarl|33\/100\n|\n|upkeep\n|turn|14\n|\n|t:|1700546732\n|move|p2a: Grimmsnarl|Metronome|p2a: Grimmsnarl\n|move|p2a: Grimmsnarl|Milk Drink|p2a: Grimmsnarl|[from]move: Metronome\n|-heal|p2a: Grimmsnarl|84\/100\n|move|p1a: Edgelord|Bitter Blade|p2a: Grimmsnarl\n|-damage|p2a: Grimmsnarl|23\/100\n|\n|upkeep\n|turn|15\n|\n|t:|1700546740\n|move|p2a: Grimmsnarl|Metronome|p2a: Grimmsnarl\n|move|p2a: Grimmsnarl|Spin Out|p1a: Edgelord|[from]move: Metronome\n|-resisted|p1a: Edgelord\n|-damage|p1a: Edgelord|62\/100\n|-unboost|p2a: Grimmsnarl|spe|2\n|-ability|p1a: Edgelord|Weak Armor|boost\n|-unboost|p1a: Edgelord|def|1\n|-boost|p1a: Edgelord|spe|2\n|move|p1a: Edgelord|Bitter Blade|p2a: Grimmsnarl\n|-damage|p2a: Grimmsnarl|0 fnt\n|-heal|p1a: Edgelord|75\/100|[from] drain|[of] p2a: Grimmsnarl\n|faint|p2a: Grimmsnarl\n|\n|-fieldend|move: Trick Room\n|upkeep\n|\n|t:|1700546750\n|switch|p2a: Grafaiai|Grafaiai, F|100\/100\n|turn|16\n|\n|t:|1700546762\n|move|p2a: Grafaiai|Toxic|p1a: Edgelord\n|-status|p1a: Edgelord|tox\n|move|p1a: Edgelord|Bitter Blade|p2a: Grafaiai\n|-damage|p2a: Grafaiai|24\/100\n|-heal|p1a: Edgelord|100\/100 tox|[from] drain|[of] p2a: Grafaiai\n|\n|-damage|p1a: Edgelord|94\/100 tox|[from] psn\n|upkeep\n|turn|17\n|\n|t:|1700546772\n|move|p2a: Grafaiai|Metronome|p2a: Grafaiai\n|move|p2a: Grafaiai|Coil|p2a: Grafaiai|[from]move: Metronome\n|-boost|p2a: Grafaiai|atk|1\n|-boost|p2a: Grafaiai|def|1\n|-boost|p2a: Grafaiai|accuracy|1\n|move|p1a: Edgelord|Bitter Blade|p2a: Grafaiai\n|-damage|p2a: Grafaiai|0 fnt\n|-heal|p1a: Edgelord|100\/100 tox|[from] drain|[of] p2a: Grafaiai\n|faint|p2a: Grafaiai\n|\n|-damage|p1a: Edgelord|88\/100 tox|[from] psn\n|-sideend|p2: KoffingOnLoud|Reflect\n|upkeep\n|\n|t:|1700546779\n|switch|p2a: Sableye|Sableye, M, shiny|100\/100\n|turn|18\n|inactive|WAGAMAMAH has 120 seconds left.\n|\n|t:|1700546790\n|move|p2a: Sableye|Reflect|p2a: Sableye\n|-sidestart|p2: KoffingOnLoud|Reflect\n|move|p1a: Edgelord|Bitter Blade|p2a: Sableye\n|-damage|p2a: Sableye|6\/100\n|-heal|p1a: Edgelord|100\/100 tox|[from] drain|[of] p2a: Sableye\n|\n|-damage|p1a: Edgelord|82\/100 tox|[from] psn\n|upkeep\n|turn|19\n|\n|t:|1700546799\n|move|p2a: Sableye|Metronome|p2a: Sableye\n|move|p2a: Sableye|Yawn||[from]move: Metronome|[still]\n|-fail|p2a: Sableye\n|move|p1a: Edgelord|Bitter Blade|p2a: Sableye\n|-damage|p2a: Sableye|0 fnt\n|-heal|p1a: Edgelord|84\/100 tox|[from] drain|[of] p2a: Sableye\n|faint|p2a: Sableye\n|\n|-damage|p1a: Edgelord|60\/100 tox|[from] psn\n|upkeep\n|\n|t:|1700546803\n|switch|p2a: Clefable|Clefable, M, shiny|100\/100\n|turn|20\n|\n|t:|1700546815\n|move|p1a: Edgelord|Bitter Blade|p2a: Clefable\n|-damage|p2a: Clefable|78\/100\n|-heal|p1a: Edgelord|73\/100 tox|[from] drain|[of] p2a: Clefable\n|move|p2a: Clefable|Metronome|p2a: Clefable\n|move|p2a: Clefable|High Jump Kick|p1a: Edgelord|[from]move: Metronome\n|-immune|p1a: Edgelord\n|-damage|p2a: Clefable|28\/100|[from] highjumpkick\n|\n|-damage|p1a: Edgelord|42\/100 tox|[from] psn\n|upkeep\n|turn|21\n|\n|t:|1700546828\n|move|p1a: Edgelord|Bitter Blade|p2a: Clefable\n|-damage|p2a: Clefable|5\/100\n|-heal|p1a: Edgelord|55\/100 tox|[from] drain|[of] p2a: Clefable\n|move|p2a: Clefable|Metronome|p2a: Clefable\n|move|p2a: Clefable|Fire Blast|p1a: Edgelord|[from]move: Metronome\n|-resisted|p1a: Edgelord\n|-damage|p1a: Edgelord|41\/100 tox\n|\n|-damage|p1a: Edgelord|4\/100 tox|[from] psn\n|upkeep\n|turn|22\n|\n|t:|1700546840\n|move|p1a: Edgelord|Bitter Blade|p2a: Clefable\n|-damage|p2a: Clefable|0 fnt\n|-heal|p1a: Edgelord|6\/100 tox|[from] drain|[of] p2a: Clefable\n|faint|p2a: Clefable\n|\n|win|WAGAMAMAH\n|raw|WAGAMAMAH's rating: 1047 &rarr; <strong>1078<\/strong><br \/>(+31 for winning)\n|raw|KoffingOnLoud's rating: 1026 &rarr; <strong>1013<\/strong><br \/>(-13 for losing)\n|l|\u2606KoffingOnLoud\n","uploadtime":1700546851,"views":13,"p1id":"wagamamah","p2id":"koffingonloud","formatid":"gen9ou","rating":1013,"private":0,"password":""}