{"id":"gen9ou-2000664644","p1":"Xyaer","p2":"Ducky like bread","format":"[Gen 9] OU","log":"|j|\u2606Xyaer\n|j|\u2606Ducky like bread\n|t:|1701216210\n|gametype|singles\n|player|p1|Xyaer|dancer|1082\n|player|p2|Ducky like bread|170|1170\n|teamsize|p1|6\n|teamsize|p2|6\n|gen|9\n|tier|[Gen 9] OU\n|rated|\n|rule|Sleep Clause Mod: Limit one foe put to sleep\n|rule|Species Clause: Limit one of each Pok\u00e9mon\n|rule|OHKO Clause: OHKO moves are banned\n|rule|Evasion Items Clause: Evasion items are banned\n|rule|Evasion Moves Clause: Evasion moves are banned\n|rule|Endless Battle Clause: Forcing endless battles is banned\n|rule|HP Percentage Mod: HP is shown in percentages\n|clearpoke\n|poke|p1|Morpeko, F|\n|poke|p1|Milotic, F|\n|poke|p1|Torterra, F|\n|poke|p1|Dusknoir, M|\n|poke|p1|Tinkaton, F|\n|poke|p1|Typhlosion, F|\n|poke|p2|Hatterene, F|\n|poke|p2|Torkoal, M|\n|poke|p2|Walking Wake|\n|poke|p2|Zapdos|\n|poke|p2|Kingambit, M|\n|poke|p2|Kommo-o, F|\n|teampreview\n|inactive|Battle timer is ON: inactive players will automatically lose when time's up. (requested by Xyaer)\n|inactive|Ducky like bread also wants the timer to be on.\n|\n|t:|1701216230\n|start\n|switch|p1a: Milotic|Milotic, F|100\/100\n|switch|p2a: Torkoal|Torkoal, M|100\/100\n|-weather|SunnyDay|[from] ability: Drought|[of] p2a: Torkoal\n|turn|1\n|\n|t:|1701216239\n|move|p1a: Milotic|Scald|p2a: Torkoal\n|-supereffective|p2a: Torkoal\n|-damage|p2a: Torkoal|53\/100\n|move|p2a: Torkoal|Stealth Rock|p1a: Milotic\n|-sidestart|p1: Xyaer|move: Stealth Rock\n|\n|-weather|SunnyDay|[upkeep]\n|upkeep\n|turn|2\n|\n|t:|1701216245\n|switch|p1a: Morpeko|Morpeko, F|100\/100\n|move|p2a: Torkoal|Solar Beam||[still]\n|-prepare|p2a: Torkoal|Solar Beam\n|-anim|p2a: Torkoal|Solar Beam|p1a: Morpeko\n|-damage|p1a: Morpeko|25\/100\n|\n|-weather|SunnyDay|[upkeep]\n|-formechange|p1a: Morpeko|Morpeko-Hangry||[from] ability: Hunger Switch\n|upkeep\n|turn|3\n|\n|t:|1701216254\n|move|p1a: Morpeko|Fake Out|p2a: Torkoal\n|-damage|p2a: Torkoal|45\/100\n|cant|p2a: Torkoal|flinch\n|\n|-weather|SunnyDay|[upkeep]\n|-formechange|p1a: Morpeko|Morpeko||[from] ability: Hunger Switch\n|upkeep\n|turn|4\n|\n|t:|1701216262\n|switch|p2a: Walking Wake|Walking Wake|100\/100\n|-activate|p2a: Walking Wake|ability: Protosynthesis\n|-start|p2a: Walking Wake|protosynthesisspe\n|move|p1a: Morpeko|Stomping Tantrum|p2a: Walking Wake\n|-damage|p2a: Walking Wake|76\/100\n|\n|-weather|SunnyDay|[upkeep]\n|-formechange|p1a: Morpeko|Morpeko-Hangry||[from] ability: Hunger Switch\n|upkeep\n|turn|5\n|\n|t:|1701216271\n|-terastallize|p2a: Walking Wake|Water\n|move|p2a: Walking Wake|Hydro Steam|p1a: Morpeko\n|-damage|p1a: Morpeko|0 fnt\n|faint|p1a: Morpeko\n|\n|-weather|SunnyDay|[upkeep]\n|upkeep\n|\n|t:|1701216275\n|switch|p1a: Milotic|Milotic, F|100\/100\n|-damage|p1a: Milotic|88\/100|[from] Stealth Rock\n|turn|6\n|\n|t:|1701216281\n|move|p2a: Walking Wake|Hydro Steam|p1a: Milotic\n|-resisted|p1a: Milotic\n|-damage|p1a: Milotic|49\/100\n|move|p1a: Milotic|Mirror Coat|p2a: Walking Wake\n|-damage|p2a: Walking Wake|0 fnt\n|faint|p2a: Walking Wake\n|-end|p2a: Walking Wake|Protosynthesis|[silent]\n|\n|-weather|SunnyDay|[upkeep]\n|-heal|p1a: Milotic|55\/100|[from] item: Leftovers\n|upkeep\n|\n|t:|1701216287\n|switch|p2a: Kommo-o|Kommo-o, F|100\/100\n|turn|7\n|\n|t:|1701216298\n|move|p2a: Kommo-o|Clangorous Soul|p2a: Kommo-o\n|-boost|p2a: Kommo-o|atk|1\n|-boost|p2a: Kommo-o|def|1\n|-boost|p2a: Kommo-o|spa|1\n|-boost|p2a: Kommo-o|spd|1\n|-boost|p2a: Kommo-o|spe|1\n|-damage|p2a: Kommo-o|68\/100\n|-enditem|p2a: Kommo-o|Throat Spray\n|-boost|p2a: Kommo-o|spa|1|[from] item: Throat Spray\n|move|p1a: Milotic|Haze|p1a: Milotic\n|-clearallboost\n|\n|-weather|SunnyDay|[upkeep]\n|-heal|p1a: Milotic|61\/100|[from] item: Leftovers\n|upkeep\n|turn|8\n|\n|t:|1701216316\n|move|p2a: Kommo-o|Clanging Scales|p1a: Milotic\n|-damage|p1a: Milotic|24\/100\n|-unboost|p2a: Kommo-o|def|1\n|move|p1a: Milotic|Recover|p1a: Milotic\n|-heal|p1a: Milotic|74\/100\n|\n|-weather|none\n|-heal|p1a: Milotic|80\/100|[from] item: Leftovers\n|upkeep\n|turn|9\n|\n|t:|1701216326\n|move|p2a: Kommo-o|Clangorous Soul|p2a: Kommo-o\n|-boost|p2a: Kommo-o|atk|1\n|-boost|p2a: Kommo-o|def|1\n|-boost|p2a: Kommo-o|spa|1\n|-boost|p2a: Kommo-o|spd|1\n|-boost|p2a: Kommo-o|spe|1\n|-damage|p2a: Kommo-o|35\/100\n|move|p1a: Milotic|Scald|p2a: Kommo-o\n|-resisted|p2a: Kommo-o\n|-damage|p2a: Kommo-o|21\/100\n|-status|p2a: Kommo-o|brn\n|\n|-heal|p1a: Milotic|86\/100|[from] item: Leftovers\n|-damage|p2a: Kommo-o|15\/100 brn|[from] brn\n|upkeep\n|turn|10\n|\n|t:|1701216336\n|switch|p1a: Tinkaton|Tinkaton, F|100\/100\n|-damage|p1a: Tinkaton|94\/100|[from] Stealth Rock\n|-ability|p1a: Tinkaton|Mold Breaker\n|move|p2a: Kommo-o|Boomburst|p1a: Tinkaton\n|-resisted|p1a: Tinkaton\n|-damage|p1a: Tinkaton|63\/100\n|\n|-damage|p2a: Kommo-o|9\/100 brn|[from] brn\n|upkeep\n|turn|11\n|\n|t:|1701216348\n|switch|p1a: Dusknoir|Dusknoir, M|100\/100\n|-damage|p1a: Dusknoir|88\/100|[from] Stealth Rock\n|move|p2a: Kommo-o|Aura Sphere|p1a: Dusknoir\n|-immune|p1a: Dusknoir\n|\n|-damage|p2a: Kommo-o|3\/100 brn|[from] brn\n|upkeep\n|turn|12\n|\n|t:|1701216358\n|switch|p1a: Tinkaton|Tinkaton, F|63\/100\n|-damage|p1a: Tinkaton|57\/100|[from] Stealth Rock\n|-ability|p1a: Tinkaton|Mold Breaker\n|move|p2a: Kommo-o|Clanging Scales|p1a: Tinkaton\n|-immune|p1a: Tinkaton\n|\n|-damage|p2a: Kommo-o|0 fnt|[from] brn\n|faint|p2a: Kommo-o\n|upkeep\n|\n|t:|1701216365\n|switch|p2a: Hatterene|Hatterene, F|100\/100\n|turn|13\n|\n|t:|1701216369\n|move|p1a: Tinkaton|Gigaton Hammer|p2a: Hatterene\n|-supereffective|p2a: Hatterene\n|-damage|p2a: Hatterene|0 fnt\n|faint|p2a: Hatterene\n|-damage|p1a: Tinkaton|47\/100|[from] item: Life Orb\n|\n|upkeep\n|\n|t:|1701216374\n|switch|p2a: Torkoal|Torkoal, M|45\/100\n|-weather|SunnyDay|[from] ability: Drought|[of] p2a: Torkoal\n|turn|14\n|\n|t:|1701216381\n|move|p1a: Tinkaton|Knock Off|p2a: Torkoal\n|-damage|p2a: Torkoal|24\/100\n|-enditem|p2a: Torkoal|Heat Rock|[from] move: Knock Off|[of] p1a: Tinkaton\n|-damage|p1a: Tinkaton|37\/100|[from] item: Life Orb\n|move|p2a: Torkoal|Earth Power|p1a: Tinkaton\n|-supereffective|p1a: Tinkaton\n|-damage|p1a: Tinkaton|0 fnt\n|faint|p1a: Tinkaton\n|\n|-weather|SunnyDay|[upkeep]\n|upkeep\n|\n|t:|1701216394\n|switch|p1a: Milotic|Milotic, F|86\/100\n|-damage|p1a: Milotic|74\/100|[from] Stealth Rock\n|turn|15\n|\n|t:|1701216407\n|move|p1a: Milotic|Scald|p2a: Torkoal\n|-supereffective|p2a: Torkoal\n|-damage|p2a: Torkoal|0 fnt\n|faint|p2a: Torkoal\n|\n|-weather|SunnyDay|[upkeep]\n|-heal|p1a: Milotic|80\/100|[from] item: Leftovers\n|upkeep\n|\n|t:|1701216412\n|switch|p2a: Zapdos|Zapdos|100\/100\n|turn|16\n|\n|t:|1701216425\n|move|p2a: Zapdos|Heat Wave|p1a: Milotic\n|-resisted|p1a: Milotic\n|-damage|p1a: Milotic|61\/100\n|move|p1a: Milotic|Mirror Coat|p2a: Zapdos\n|-damage|p2a: Zapdos|68\/100\n|\n|-weather|SunnyDay|[upkeep]\n|-heal|p1a: Milotic|67\/100|[from] item: Leftovers\n|upkeep\n|turn|17\n|\n|t:|1701216432\n|move|p2a: Zapdos|Thunderbolt|p1a: Milotic\n|-supereffective|p1a: Milotic\n|-crit|p1a: Milotic\n|-damage|p1a: Milotic|0 fnt\n|faint|p1a: Milotic\n|\n|-weather|SunnyDay|[upkeep]\n|upkeep\n|\n|t:|1701216437\n|switch|p1a: Torterra|Torterra, F|100\/100\n|-damage|p1a: Torterra|94\/100|[from] Stealth Rock\n|turn|18\n|\n|t:|1701216440\n|move|p2a: Zapdos|Heat Wave|p1a: Torterra\n|-supereffective|p1a: Torterra\n|-damage|p1a: Torterra|0 fnt\n|faint|p1a: Torterra\n|\n|-weather|SunnyDay|[upkeep]\n|upkeep\n|\n|t:|1701216445\n|switch|p1a: Typhlosion|Typhlosion, F|100\/100\n|-damage|p1a: Typhlosion|76\/100|[from] Stealth Rock\n|turn|19\n|\n|t:|1701216448\n|-terastallize|p1a: Typhlosion|Fire\n|move|p1a: Typhlosion|Eruption|p2a: Zapdos\n|-damage|p2a: Zapdos|0 fnt\n|faint|p2a: Zapdos\n|\n|-weather|SunnyDay|[upkeep]\n|upkeep\n|\n|t:|1701216454\n|switch|p2a: Kingambit|Kingambit, M|100\/100\n|-activate|p2a: Kingambit|ability: Supreme Overlord\n|-start|p2a: Kingambit|fallen5|[silent]\n|turn|20\n|\n|t:|1701216466\n|move|p1a: Typhlosion|Eruption|p2a: Kingambit\n|-supereffective|p2a: Kingambit\n|-enditem|p2a: Kingambit|Focus Sash\n|-damage|p2a: Kingambit|1\/100\n|move|p2a: Kingambit|Swords Dance|p2a: Kingambit\n|-boost|p2a: Kingambit|atk|2\n|\n|-weather|SunnyDay|[upkeep]\n|upkeep\n|turn|21\n|\n|t:|1701216470\n|move|p2a: Kingambit|Sucker Punch|p1a: Typhlosion\n|-damage|p1a: Typhlosion|0 fnt\n|faint|p1a: Typhlosion\n|\n|-weather|none\n|upkeep\n|\n|t:|1701216472\n|switch|p1a: Dusknoir|Dusknoir, M|88\/100\n|-damage|p1a: Dusknoir|76\/100|[from] Stealth Rock\n|turn|22\n|\n|t:|1701216477\n|move|p2a: Kingambit|Sucker Punch||[still]\n|-fail|p2a: Kingambit\n|move|p1a: Dusknoir|Will-O-Wisp|p2a: Kingambit\n|-status|p2a: Kingambit|brn\n|\n|-damage|p2a: Kingambit|0 fnt|[from] brn\n|faint|p2a: Kingambit\n|-end|p2a: Kingambit|fallen5|[silent]\n|\n|win|Xyaer\n|upkeep\n|raw|Xyaer's rating: 1082 &rarr; <strong>1117<\/strong><br \/>(+35 for winning)\n|raw|Ducky like bread's rating: 1170 &rarr; <strong>1139<\/strong><br \/>(-31 for losing)\n|l|\u2606Ducky like bread\n","uploadtime":1701216491,"views":12,"p1id":"xyaer","p2id":"duckylikebread","formatid":"gen9ou","rating":1117,"private":0,"password":""}