{"id":"gen9ou-1990117634","p1":"jacothaptrllr","p2":"Mighel yuki","format":"[Gen 9] OU","log":"|j|\u2606jacothaptrllr\n|j|\u2606Mighel yuki\n|t:|1699926425\n|gametype|singles\n|player|p1|jacothaptrllr|shadowtriad|1058\n|player|p2|Mighel yuki|lucas-gen4pt|1088\n|teamsize|p1|6\n|teamsize|p2|6\n|gen|9\n|tier|[Gen 9] OU\n|rated|\n|rule|Sleep Clause Mod: Limit one foe put to sleep\n|rule|Species Clause: Limit one of each Pok\u00e9mon\n|rule|OHKO Clause: OHKO moves are banned\n|rule|Evasion Items Clause: Evasion items are banned\n|rule|Evasion Moves Clause: Evasion moves are banned\n|rule|Endless Battle Clause: Forcing endless battles is banned\n|rule|HP Percentage Mod: HP is shown in percentages\n|clearpoke\n|poke|p1|Enamorus-Therian, F|\n|poke|p1|Ninetales-Alola, M|\n|poke|p1|Slowbro-Galar, M|\n|poke|p1|Morpeko, F|\n|poke|p1|Great Tusk|\n|poke|p1|Moltres-Galar|\n|poke|p2|Torterra, F|\n|poke|p2|Lucario, F|\n|poke|p2|Floatzel, F|\n|poke|p2|Luxray, M|\n|poke|p2|Typhlosion-Hisui, F|\n|poke|p2|Weavile, F|\n|teampreview\n|inactive|Battle timer is ON: inactive players will automatically lose when time's up. (requested by jacothaptrllr)\n|\n|t:|1699926434\n|start\n|switch|p1a: menstrual|Morpeko, F|100\/100\n|switch|p2a: Typhlosion|Typhlosion-Hisui, F|100\/100\n|-item|p1a: menstrual|Mirror Herb|[from] ability: Frisk|[of] p2a: Typhlosion|[identify]\n|turn|1\n|\n|t:|1699926442\n|move|p2a: Typhlosion|Eruption|p1a: menstrual\n|-damage|p1a: menstrual|0 fnt\n|faint|p1a: menstrual\n|\n|upkeep\n|\n|t:|1699926470\n|switch|p1a: mother may I|Slowbro-Galar, M|100\/100\n|turn|2\n|\n|t:|1699926474\n|switch|p2a: Weavile|Weavile, F|100\/100\n|-ability|p2a: Weavile|Pressure\n|move|p1a: mother may I|Surf|p2a: Weavile\n|-damage|p2a: Weavile|58\/100\n|\n|upkeep\n|turn|3\n|\n|t:|1699926484\n|switch|p1a: Doug Dimmadomme|Ninetales-Alola, M|100\/100\n|-weather|Snow|[from] ability: Snow Warning|[of] p1a: Doug Dimmadomme\n|move|p2a: Weavile|Swords Dance|p2a: Weavile\n|-boost|p2a: Weavile|atk|2\n|\n|-weather|Snow|[upkeep]\n|upkeep\n|turn|4\n|\n|t:|1699926493\n|move|p2a: Weavile|Knock Off|p1a: Doug Dimmadomme\n|-resisted|p1a: Doug Dimmadomme\n|-damage|p1a: Doug Dimmadomme|54\/100\n|-enditem|p1a: Doug Dimmadomme|Light Clay|[from] move: Knock Off|[of] p2a: Weavile\n|-damage|p2a: Weavile|48\/100|[from] item: Life Orb\n|move|p1a: Doug Dimmadomme|Encore|p2a: Weavile\n|-start|p2a: Weavile|Encore\n|\n|-weather|Snow|[upkeep]\n|upkeep\n|turn|5\n|c|\u2606Mighel yuki|Good nick\n|\n|t:|1699926505\n|move|p2a: Weavile|Knock Off|p1a: Doug Dimmadomme\n|-resisted|p1a: Doug Dimmadomme\n|-damage|p1a: Doug Dimmadomme|22\/100\n|-damage|p2a: Weavile|38\/100|[from] item: Life Orb\n|move|p1a: Doug Dimmadomme|Aurora Veil|p1a: Doug Dimmadomme\n|-sidestart|p1: jacothaptrllr|move: Aurora Veil\n|\n|-weather|Snow|[upkeep]\n|upkeep\n|turn|6\n|\n|t:|1699926513\n|switch|p2a: Floatzel|Floatzel, F|100\/100\n|move|p1a: Doug Dimmadomme|Hypnosis|p2a: Floatzel|[miss]\n|-miss|p1a: Doug Dimmadomme|p2a: Floatzel\n|\n|-weather|Snow|[upkeep]\n|upkeep\n|turn|7\n|\n|t:|1699926522\n|move|p2a: Floatzel|Wave Crash|p1a: Doug Dimmadomme\n|-crit|p1a: Doug Dimmadomme\n|-damage|p1a: Doug Dimmadomme|0 fnt\n|faint|p1a: Doug Dimmadomme\n|-damage|p2a: Floatzel|92\/100|[from] Recoil\n|\n|-weather|none\n|upkeep\n|inactive|jacothaptrllr has 120 seconds left.\n|c|\u2606jacothaptrllr|you know, I think this floatzel fucks me up pretty good\n|\n|t:|1699926564\n|switch|p1a: mother may I|Slowbro-Galar, M|100\/100\n|turn|8\n|c|\u2606Mighel yuki|Yep\n|-activate|p1a: mother may I|item: Quick Claw\n|\n|t:|1699926574\n|switch|p2a: Weavile|Weavile, F|38\/100\n|-ability|p2a: Weavile|Pressure\n|move|p1a: mother may I|Nasty Plot|p1a: mother may I\n|-boost|p1a: mother may I|spa|2\n|\n|upkeep\n|turn|9\n|-activate|p1a: mother may I|ability: Quick Draw\n|\n|t:|1699926583\n|move|p1a: mother may I|Surf|p2a: Weavile\n|-damage|p2a: Weavile|0 fnt\n|faint|p2a: Weavile\n|\n|-sideend|p1: jacothaptrllr|move: Aurora Veil\n|upkeep\n|\n|t:|1699926595\n|switch|p2a: Typhlosion|Typhlosion-Hisui, F|100\/100\n|-item|p1a: mother may I|Quick Claw|[from] ability: Frisk|[of] p2a: Typhlosion|[identify]\n|turn|10\n|-activate|p1a: mother may I|ability: Quick Draw\n|\n|t:|1699926598\n|move|p1a: mother may I|Surf|p2a: Typhlosion\n|-supereffective|p2a: Typhlosion\n|-damage|p2a: Typhlosion|0 fnt\n|faint|p2a: Typhlosion\n|\n|upkeep\n|\n|t:|1699926604\n|switch|p2a: Torterra|Torterra, F|100\/100\n|turn|11\n|-activate|p1a: mother may I|ability: Quick Draw\n|\n|t:|1699926609\n|move|p1a: mother may I|Surf|p2a: Torterra\n|-damage|p2a: Torterra|30\/100\n|move|p2a: Torterra|Headlong Rush|p1a: mother may I\n|-supereffective|p1a: mother may I\n|-damage|p1a: mother may I|0 fnt\n|-unboost|p2a: Torterra|def|1\n|-unboost|p2a: Torterra|spd|1\n|-enditem|p2a: Torterra|White Herb\n|-clearnegativeboost|p2a: Torterra|[silent]\n|faint|p1a: mother may I\n|\n|upkeep\n|\n|t:|1699926626\n|switch|p1a: ol Yamcha ass mf|Great Tusk|100\/100\n|-enditem|p1a: ol Yamcha ass mf|Booster Energy\n|-activate|p1a: ol Yamcha ass mf|ability: Protosynthesis|[fromitem]\n|-start|p1a: ol Yamcha ass mf|protosynthesisatk\n|turn|12\n|\n|t:|1699926637\n|move|p1a: ol Yamcha ass mf|Rapid Spin|p2a: Torterra\n|-damage|p2a: Torterra|7\/100\n|-boost|p1a: ol Yamcha ass mf|spe|1\n|move|p2a: Torterra|Shell Smash|p2a: Torterra\n|-unboost|p2a: Torterra|def|1\n|-unboost|p2a: Torterra|spd|1\n|-boost|p2a: Torterra|atk|2\n|-boost|p2a: Torterra|spa|2\n|-boost|p2a: Torterra|spe|2\n|\n|upkeep\n|turn|13\n|\n|t:|1699926644\n|move|p1a: ol Yamcha ass mf|Rapid Spin|p2a: Torterra\n|-damage|p2a: Torterra|0 fnt\n|-boost|p1a: ol Yamcha ass mf|spe|1\n|faint|p2a: Torterra\n|\n|upkeep\n|\n|t:|1699926648\n|switch|p2a: Lucario|Lucario, F|100\/100\n|turn|14\n|\n|t:|1699926658\n|move|p1a: ol Yamcha ass mf|Headlong Rush|p2a: Lucario\n|-supereffective|p2a: Lucario\n|-crit|p2a: Lucario\n|-enditem|p2a: Lucario|Focus Sash\n|-damage|p2a: Lucario|1\/100\n|-unboost|p1a: ol Yamcha ass mf|def|1\n|-unboost|p1a: ol Yamcha ass mf|spd|1\n|move|p2a: Lucario|Close Combat|p1a: ol Yamcha ass mf\n|-damage|p1a: ol Yamcha ass mf|36\/100\n|-unboost|p2a: Lucario|def|1\n|-unboost|p2a: Lucario|spd|1\n|\n|upkeep\n|turn|15\n|\n|t:|1699926670\n|move|p2a: Lucario|Extreme Speed|p1a: ol Yamcha ass mf\n|-damage|p1a: ol Yamcha ass mf|5\/100\n|move|p1a: ol Yamcha ass mf|Rapid Spin|p2a: Lucario\n|-resisted|p2a: Lucario\n|-damage|p2a: Lucario|0 fnt\n|-boost|p1a: ol Yamcha ass mf|spe|1\n|faint|p2a: Lucario\n|\n|upkeep\n|\n|t:|1699926673\n|switch|p2a: Floatzel|Floatzel, F|92\/100\n|turn|16\n|c|\u2606jacothaptrllr|#praying for no aqua jet here\n|\n|t:|1699926694\n|move|p2a: Floatzel|Aqua Jet|p1a: ol Yamcha ass mf\n|-supereffective|p1a: ol Yamcha ass mf\n|-damage|p1a: ol Yamcha ass mf|0 fnt\n|faint|p1a: ol Yamcha ass mf\n|-end|p1a: ol Yamcha ass mf|Protosynthesis|[silent]\n|\n|upkeep\n|c|\u2606jacothaptrllr|yeah that's about my luck\n|inactive|jacothaptrllr has 120 seconds left.\n|\n|t:|1699926711\n|switch|p1a: wtf does ouvt mean|Moltres-Galar, shiny|100\/100\n|turn|17\n|c|\u2606Mighel yuki|Yep\n|inactive|jacothaptrllr has 120 seconds left.\n|\n|t:|1699926721\n|switch|p2a: Luxray|Luxray, M|100\/100\n|move|p1a: wtf does ouvt mean|Agility|p1a: wtf does ouvt mean\n|-boost|p1a: wtf does ouvt mean|spe|2\n|\n|-status|p2a: Luxray|brn|[from] item: Flame Orb\n|upkeep\n|turn|18\n|inactive|jacothaptrllr has 120 seconds left.\n|\n|t:|1699926736\n|-terastallize|p1a: wtf does ouvt mean|Ghost\n|move|p1a: wtf does ouvt mean|Nasty Plot|p1a: wtf does ouvt mean\n|-boost|p1a: wtf does ouvt mean|spa|2\n|move|p2a: Luxray|Wild Charge|p1a: wtf does ouvt mean\n|-damage|p1a: wtf does ouvt mean|12\/100\n|-damage|p2a: Luxray|77\/100 brn|[from] Recoil\n|-ability|p1a: wtf does ouvt mean|Berserk|boost\n|-boost|p1a: wtf does ouvt mean|spa|1\n|-enditem|p1a: wtf does ouvt mean|Sitrus Berry|[eat]\n|-heal|p1a: wtf does ouvt mean|37\/100|[from] item: Sitrus Berry\n|\n|-damage|p2a: Luxray|71\/100 brn|[from] brn\n|upkeep\n|turn|19\n|inactive|jacothaptrllr has 120 seconds left.\n|\n|t:|1699926744\n|move|p1a: wtf does ouvt mean|Fiery Wrath|p2a: Luxray\n|-damage|p2a: Luxray|0 fnt\n|faint|p2a: Luxray\n|\n|upkeep\n|\n|t:|1699926747\n|switch|p2a: Floatzel|Floatzel, F|92\/100\n|turn|20\n|\n|t:|1699926758\n|-terastallize|p2a: Floatzel|Water\n|move|p2a: Floatzel|Aqua Jet|p1a: wtf does ouvt mean\n|-damage|p1a: wtf does ouvt mean|0 fnt\n|faint|p1a: wtf does ouvt mean\n|\n|upkeep\n|\n|t:|1699926762\n|switch|p1a: gobekli tepe|Enamorus-Therian, F|100\/100\n|turn|21\n|\n|t:|1699926767\n|move|p2a: Floatzel|Aqua Jet|p1a: gobekli tepe\n|-damage|p1a: gobekli tepe|73\/100\n|move|p1a: gobekli tepe|Calm Mind|p1a: gobekli tepe\n|-boost|p1a: gobekli tepe|spa|1\n|-boost|p1a: gobekli tepe|spd|1\n|\n|-heal|p1a: gobekli tepe|79\/100|[from] item: Leftovers\n|upkeep\n|turn|22\n|-message|Mighel yuki forfeited.\n|\n|win|jacothaptrllr\n|raw|jacothaptrllr's rating: 1058 &rarr; <strong>1092<\/strong><br \/>(+34 for winning)\n|raw|Mighel yuki's rating: 1088 &rarr; <strong>1063<\/strong><br \/>(-25 for losing)\n|l|\u2606Mighel yuki\n|c|\u2606jacothaptrllr|well shit\n","uploadtime":1699926785,"views":12,"p1id":"jacothaptrllr","p2id":"mighelyuki","formatid":"gen9ou","rating":1063,"private":0,"password":""}