{"id":"gen9ou-1995999611","p1":"Toessabuse","p2":"GhostMasterMorty","format":"[Gen 9] OU","log":"|j|\u2606Toessabuse\n|j|\u2606GhostMasterMorty\n|t:|1700627395\n|gametype|singles\n|player|p1|Toessabuse|101|1000\n|player|p2|GhostMasterMorty|morty|1000\n|teamsize|p1|6\n|teamsize|p2|6\n|gen|9\n|tier|[Gen 9] OU\n|rated|\n|rule|Sleep Clause Mod: Limit one foe put to sleep\n|rule|Species Clause: Limit one of each Pok\u00e9mon\n|rule|OHKO Clause: OHKO moves are banned\n|rule|Evasion Items Clause: Evasion items are banned\n|rule|Evasion Moves Clause: Evasion moves are banned\n|rule|Endless Battle Clause: Forcing endless battles is banned\n|rule|HP Percentage Mod: HP is shown in percentages\n|clearpoke\n|poke|p1|Masquerain, M|\n|poke|p1|Dragapult, M|\n|poke|p1|Breloom, M|\n|poke|p1|Gholdengo|\n|poke|p1|Kingambit, M|\n|poke|p1|Azumarill, M|\n|poke|p2|Hawlucha, M|\n|poke|p2|Weezing-Galar, F|\n|poke|p2|Glimmora, M|\n|poke|p2|Magnezone|\n|poke|p2|Corviknight, M|\n|poke|p2|Samurott-Hisui, M|\n|teampreview\n|inactive|Battle timer is ON: inactive players will automatically lose when time's up. (requested by Toessabuse)\n|c|\u2606GhostMasterMorty|GLHF\n|\n|t:|1700627405\n|start\n|switch|p1a: Sticky Fingers|Masquerain, M|100\/100\n|switch|p2a: Weezing|Weezing-Galar, F|100\/100\n|-ability|p1a: Sticky Fingers|Intimidate|boost\n|-unboost|p2a: Weezing|atk|1\n|-fieldstart|move: Misty Terrain|[from] ability: Misty Surge|[of] p2a: Weezing\n|turn|1\n|\n|t:|1700627424\n|move|p1a: Sticky Fingers|Sticky Web|p2a: Weezing\n|-sidestart|p2: GhostMasterMorty|move: Sticky Web\n|move|p2a: Weezing|Heat Wave|p1a: Sticky Fingers\n|-supereffective|p1a: Sticky Fingers\n|-damage|p1a: Sticky Fingers|53\/100\n|\n|upkeep\n|turn|2\n|\n|t:|1700627439\n|switch|p2a: Corviknight|Corviknight, M|100\/100\n|-ability|p2a: Corviknight|Pressure\n|move|p1a: Sticky Fingers|Ice Beam|p2a: Corviknight\n|-damage|p2a: Corviknight|79\/100\n|\n|upkeep\n|turn|3\n|\n|t:|1700627449\n|move|p1a: Sticky Fingers|U-turn|p2a: Corviknight\n|-resisted|p2a: Corviknight\n|-damage|p2a: Corviknight|77\/100\n|\n|t:|1700627459\n|switch|p1a: Gholdenrod|Gholdengo|100\/100|[from] U-turn\n|move|p2a: Corviknight|Defog|p1a: Gholdenrod\n|-immune|p1a: Gholdenrod|[from] ability: Good as Gold\n|\n|upkeep\n|turn|4\n|c|\u2606GhostMasterMorty|I fucking love Masquerain btw\n|c|\u2606Toessabuse|Same\n|\n|t:|1700627484\n|switch|p2a: Magnezone|Magnezone|100\/100\n|-activate|p2a: Magnezone|move: Sticky Web\n|-unboost|p2a: Magnezone|spe|1\n|move|p1a: Gholdenrod|Nasty Plot|p1a: Gholdenrod\n|-boost|p1a: Gholdenrod|spa|2\n|\n|upkeep\n|turn|5\n|\n|t:|1700627494\n|-terastallize|p2a: Magnezone|Fire\n|move|p1a: Gholdenrod|Shadow Ball|p2a: Magnezone\n|-damage|p2a: Magnezone|14\/100\n|move|p2a: Magnezone|Tera Blast|p1a: Gholdenrod|[anim] Tera Blast Fire\n|-supereffective|p1a: Gholdenrod\n|-damage|p1a: Gholdenrod|0 fnt\n|faint|p1a: Gholdenrod\n|\n|-heal|p2a: Magnezone|20\/100|[from] item: Leftovers\n|-fieldend|Misty Terrain\n|upkeep\n|\n|t:|1700627503\n|switch|p1a: Massacre|Azumarill, M|100\/100\n|turn|6\n|\n|t:|1700627510\n|move|p1a: Massacre|Aqua Jet|p2a: Magnezone\n|-supereffective|p2a: Magnezone\n|-damage|p2a: Magnezone|0 fnt\n|faint|p2a: Magnezone\n|\n|upkeep\n|\n|t:|1700627530\n|switch|p2a: Weezing|Weezing-Galar, F|100\/100\n|-activate|p2a: Weezing|move: Sticky Web\n|-unboost|p2a: Weezing|spe|1\n|-fieldstart|move: Misty Terrain|[from] ability: Misty Surge|[of] p2a: Weezing\n|turn|7\n|\n|t:|1700627541\n|move|p1a: Massacre|Aqua Jet|p2a: Weezing\n|-damage|p2a: Weezing|68\/100\n|-enditem|p2a: Weezing|Eject Button\n|\n|t:|1700627544\n|switch|p2a: Glimmora|Glimmora, M, shiny|100\/100\n|-activate|p2a: Glimmora|move: Sticky Web\n|-unboost|p2a: Glimmora|spe|1\n|\n|upkeep\n|turn|8\n|\n|t:|1700627550\n|move|p1a: Massacre|Aqua Jet|p2a: Glimmora\n|-supereffective|p2a: Glimmora\n|-damage|p2a: Glimmora|26\/100\n|-activate|p2a: Glimmora|ability: Toxic Debris\n|-sidestart|p1: Toessabuse|move: Toxic Spikes\n|move|p2a: Glimmora|Mortal Spin|p1a: Massacre\n|-supereffective|p1a: Massacre\n|-damage|p1a: Massacre|87\/100\n|-sideend|p2: GhostMasterMorty|Sticky Web|[from] move: Mortal Spin|[of] p2a: Glimmora\n|\n|upkeep\n|turn|9\n|\n|t:|1700627561\n|move|p1a: Massacre|Aqua Jet|p2a: Glimmora\n|-supereffective|p2a: Glimmora\n|-damage|p2a: Glimmora|0 fnt\n|-activate|p2a: Glimmora|ability: Toxic Debris\n|-sidestart|p1: Toessabuse|move: Toxic Spikes\n|faint|p2a: Glimmora\n|\n|upkeep\n|\n|t:|1700627575\n|switch|p2a: Corviknight|Corviknight, M|77\/100\n|-ability|p2a: Corviknight|Pressure\n|turn|10\n|\n|t:|1700627579\n|move|p1a: Massacre|Aqua Jet|p2a: Corviknight\n|-damage|p2a: Corviknight|55\/100\n|move|p2a: Corviknight|Body Slam|p1a: Massacre\n|-damage|p1a: Massacre|67\/100\n|\n|upkeep\n|turn|11\n|\n|t:|1700627593\n|move|p1a: Massacre|Aqua Jet|p2a: Corviknight\n|-damage|p2a: Corviknight|30\/100\n|move|p2a: Corviknight|Body Slam|p1a: Massacre\n|-damage|p1a: Massacre|46\/100\n|\n|-fieldend|Misty Terrain\n|upkeep\n|turn|12\n|\n|t:|1700627603\n|switch|p1a: PVZ|Breloom, M|100\/100\n|-status|p1a: PVZ|tox\n|move|p2a: Corviknight|Roost|p2a: Corviknight\n|-heal|p2a: Corviknight|80\/100\n|-singleturn|p2a: Corviknight|move: Roost\n|\n|-damage|p1a: PVZ|94\/100 tox|[from] psn\n|upkeep\n|turn|13\n|\n|t:|1700627615\n|switch|p2a: Weezing|Weezing-Galar, F|68\/100\n|-fieldstart|move: Misty Terrain|[from] ability: Misty Surge|[of] p2a: Weezing\n|move|p1a: PVZ|Spore|p2a: Weezing\n|-activate|p2a: Weezing|move: Misty Terrain\n|\n|-damage|p1a: PVZ|82\/100 tox|[from] psn\n|upkeep\n|turn|14\n|\n|t:|1700627631\n|switch|p1a: Sticky Fingers|Masquerain, M|53\/100\n|-ability|p1a: Sticky Fingers|Intimidate|boost\n|-unboost|p2a: Weezing|atk|1\n|move|p2a: Weezing|Strange Steam|p1a: Sticky Fingers\n|-damage|p1a: Sticky Fingers|23\/100\n|\n|upkeep\n|turn|15\n|\n|t:|1700627649\n|switch|p2a: Corviknight|Corviknight, M|80\/100\n|-ability|p2a: Corviknight|Pressure\n|move|p1a: Sticky Fingers|Hurricane|p2a: Corviknight|[miss]\n|-miss|p1a: Sticky Fingers|p2a: Corviknight\n|\n|upkeep\n|turn|16\n|\n|t:|1700627657\n|move|p1a: Sticky Fingers|U-turn|p2a: Corviknight\n|-resisted|p2a: Corviknight\n|-damage|p2a: Corviknight|78\/100\n|\n|t:|1700627671\n|switch|p1a: Naggapult|Dragapult, M|100\/100|[from] U-turn\n|move|p2a: Corviknight|Body Slam|p1a: Naggapult\n|-immune|p1a: Naggapult\n|\n|upkeep\n|turn|17\n|\n|t:|1700627685\n|switch|p2a: Weezing|Weezing-Galar, F|68\/100\n|move|p1a: Naggapult|Surf|p2a: Weezing\n|-damage|p2a: Weezing|31\/100\n|\n|-fieldend|Misty Terrain\n|upkeep\n|turn|18\n|\n|t:|1700627694\n|switch|p2a: Samurott|Samurott-Hisui, M, shiny|100\/100\n|move|p1a: Naggapult|Surf|p2a: Samurott\n|-resisted|p2a: Samurott\n|-damage|p2a: Samurott|86\/100\n|\n|upkeep\n|turn|19\n|\n|t:|1700627706\n|switch|p1a: Sticky Fingers|Masquerain, M|23\/100\n|-ability|p1a: Sticky Fingers|Intimidate|boost\n|-unboost|p2a: Samurott|atk|1\n|move|p2a: Samurott|Ceaseless Edge|p1a: Sticky Fingers\n|-damage|p1a: Sticky Fingers|0 fnt\n|-sidestart|p1: Toessabuse|Spikes\n|faint|p1a: Sticky Fingers\n|\n|upkeep\n|\n|t:|1700627721\n|switch|p1a: PVZ|Breloom, M|82\/100 tox\n|-damage|p1a: PVZ|70\/100 tox|[from] Spikes\n|turn|20\n|\n|t:|1700627726\n|switch|p2a: Weezing|Weezing-Galar, F|31\/100\n|-fieldstart|move: Misty Terrain|[from] ability: Misty Surge|[of] p2a: Weezing\n|move|p1a: PVZ|Bullet Seed|p2a: Weezing\n|-resisted|p2a: Weezing\n|-damage|p2a: Weezing|21\/100\n|-resisted|p2a: Weezing\n|-damage|p2a: Weezing|13\/100\n|-resisted|p2a: Weezing\n|-damage|p2a: Weezing|3\/100\n|-resisted|p2a: Weezing\n|-damage|p2a: Weezing|0 fnt\n|faint|p2a: Weezing\n|-hitcount|p2: Weezing|4\n|\n|-damage|p1a: PVZ|64\/100 tox|[from] psn\n|upkeep\n|\n|t:|1700627742\n|switch|p2a: Rawk Hawk|Hawlucha, M|100\/100\n|-enditem|p2a: Rawk Hawk|Misty Seed\n|-boost|p2a: Rawk Hawk|spd|1|[from] item: Misty Seed\n|turn|21\n|\n|t:|1700627753\n|move|p2a: Rawk Hawk|Swords Dance|p2a: Rawk Hawk\n|-boost|p2a: Rawk Hawk|atk|2\n|move|p1a: PVZ|Spore|p2a: Rawk Hawk\n|-status|p2a: Rawk Hawk|slp|[from] move: Spore\n|\n|-damage|p1a: PVZ|51\/100 tox|[from] psn\n|upkeep\n|turn|22\n|\n|t:|1700627766\n|switch|p1a: Massacre|Azumarill, M|46\/100\n|-damage|p1a: Massacre|34\/100|[from] Spikes\n|cant|p2a: Rawk Hawk|slp\n|\n|upkeep\n|turn|23\n|\n|t:|1700627774\n|-curestatus|p2a: Rawk Hawk|slp|[msg]\n|move|p2a: Rawk Hawk|Acrobatics|p1a: Massacre\n|-damage|p1a: Massacre|0 fnt\n|faint|p1a: Massacre\n|\n|upkeep\n|\n|t:|1700627789\n|switch|p1a: Naggapult|Dragapult, M|100\/100\n|-damage|p1a: Naggapult|88\/100|[from] Spikes\n|turn|24\n|\n|t:|1700627796\n|move|p2a: Rawk Hawk|Acrobatics|p1a: Naggapult\n|-damage|p1a: Naggapult|0 fnt\n|faint|p1a: Naggapult\n|\n|-fieldend|Misty Terrain\n|upkeep\n|\n|t:|1700627799\n|switch|p1a: Lebron James|Kingambit, M|100\/100\n|-damage|p1a: Lebron James|88\/100|[from] Spikes\n|-activate|p1a: Lebron James|ability: Supreme Overlord\n|-start|p1a: Lebron James|fallen4|[silent]\n|turn|25\n|\n|t:|1700627807\n|-terastallize|p1a: Lebron James|Dark\n|move|p1a: Lebron James|Sucker Punch|p2a: Rawk Hawk\n|-resisted|p2a: Rawk Hawk\n|-damage|p2a: Rawk Hawk|36\/100\n|move|p2a: Rawk Hawk|Drain Punch|p1a: Lebron James\n|-supereffective|p1a: Lebron James\n|-damage|p1a: Lebron James|0 fnt\n|-heal|p2a: Rawk Hawk|90\/100|[from] drain|[of] p1a: Lebron James\n|faint|p1a: Lebron James\n|-end|p1a: Lebron James|fallen4|[silent]\n|\n|upkeep\n|\n|t:|1700627811\n|switch|p1a: PVZ|Breloom, M|51\/100 tox\n|-damage|p1a: PVZ|39\/100 tox|[from] Spikes\n|turn|26\n|c|\u2606Toessabuse|Gg\n|\n|t:|1700627822\n|move|p1a: PVZ|Mach Punch|p2a: Rawk Hawk\n|-resisted|p2a: Rawk Hawk\n|-damage|p2a: Rawk Hawk|66\/100\n|move|p2a: Rawk Hawk|Acrobatics|p1a: PVZ\n|-supereffective|p1a: PVZ\n|-damage|p1a: PVZ|0 fnt\n|faint|p1a: PVZ\n|\n|win|GhostMasterMorty\n|raw|Toessabuse's rating: 1000 &rarr; <strong>1000<\/strong><br \/>(+0 for losing)\n|raw|GhostMasterMorty's rating: 1000 &rarr; <strong>1040<\/strong><br \/>(+40 for winning)\n|l|\u2606Toessabuse\n|c|\u2606GhostMasterMorty|GGWP\n|c|\u2606GhostMasterMorty|Yo\n|c|\u2606GhostMasterMorty|This team is fun\n","uploadtime":1700627841,"views":10,"p1id":"toessabuse","p2id":"ghostmastermorty","formatid":"gen9ou","rating":1000,"private":0,"password":""}