{"id":"gen9ou-1989229819","p1":"DJGrooves213","p2":"center3","format":"[Gen 9] OU","log":"|j|\u2606DJGrooves213\n|j|\u2606center3\n|t:|1699825821\n|gametype|singles\n|player|p1|DJGrooves213|roark|1360\n|player|p2|center3|parasollady|1296\n|teamsize|p1|6\n|teamsize|p2|6\n|gen|9\n|tier|[Gen 9] OU\n|rated|\n|rule|Sleep Clause Mod: Limit one foe put to sleep\n|rule|Species Clause: Limit one of each Pok\u00e9mon\n|rule|OHKO Clause: OHKO moves are banned\n|rule|Evasion Items Clause: Evasion items are banned\n|rule|Evasion Moves Clause: Evasion moves are banned\n|rule|Endless Battle Clause: Forcing endless battles is banned\n|rule|HP Percentage Mod: HP is shown in percentages\n|clearpoke\n|poke|p1|Ninetales-Alola, M|\n|poke|p1|Samurott-Hisui, M|\n|poke|p1|Dragonite, M|\n|poke|p1|Slowking-Galar, M|\n|poke|p1|Kommo-o, M|\n|poke|p1|Maushold|\n|poke|p2|Landorus-Therian, M|\n|poke|p2|Sinistcha|\n|poke|p2|Great Tusk|\n|poke|p2|Greninja-*, M|\n|poke|p2|Zapdos|\n|poke|p2|Slowking-Galar, M|\n|teampreview\n|\n|t:|1699825855\n|start\n|switch|p1a: Ninetales|Ninetales-Alola, M, shiny|100\/100\n|switch|p2a: Landorus|Landorus-Therian, M|100\/100\n|-weather|Snow|[from] ability: Snow Warning|[of] p1a: Ninetales\n|-ability|p2a: Landorus|Intimidate|boost\n|-unboost|p1a: Ninetales|atk|1\n|turn|1\n|inactive|Battle timer is ON: inactive players will automatically lose when time's up. (requested by center3)\n|\n|t:|1699825867\n|switch|p2a: Slowking|Slowking-Galar, M|100\/100\n|move|p1a: Ninetales|Aurora Veil|p1a: Ninetales\n|-sidestart|p1: DJGrooves213|move: Aurora Veil\n|\n|-weather|Snow|[upkeep]\n|upkeep\n|turn|2\n|\n|t:|1699825888\n|switch|p1a: Slowking|Slowking-Galar, M, shiny|100\/100\n|move|p2a: Slowking|Future Sight|p1a: Slowking\n|-start|p2a: Slowking|move: Future Sight\n|\n|-weather|Snow|[upkeep]\n|upkeep\n|turn|3\n|\n|t:|1699825899\n|switch|p2a: Landorus|Landorus-Therian, M|100\/100\n|-ability|p2a: Landorus|Intimidate|boost\n|-unboost|p1a: Slowking|atk|1\n|move|p1a: Slowking|Psyshock|p2a: Landorus\n|-damage|p2a: Landorus|62\/100\n|-damage|p1a: Slowking|90\/100|[from] item: Life Orb\n|\n|-weather|Snow|[upkeep]\n|upkeep\n|turn|4\n|\n|t:|1699825919\n|switch|p1a: Samurott|Samurott-Hisui, M, shiny|100\/100\n|move|p2a: Landorus|U-turn|p1a: Samurott\n|-supereffective|p1a: Samurott\n|-damage|p1a: Samurott|71\/100\n|\n|t:|1699825924\n|switch|p2a: Zapdos|Zapdos|100\/100|[from] U-turn\n|\n|-weather|Snow|[upkeep]\n|-end|p1a: Samurott|move: Future Sight\n|-immune|p1a: Samurott\n|upkeep\n|turn|5\n|\n|t:|1699825934\n|switch|p1a: Slowking|Slowking-Galar, M, shiny|100\/100\n|move|p2a: Zapdos|Discharge|p1a: Slowking\n|-damage|p1a: Slowking|86\/100\n|\n|-weather|none\n|upkeep\n|turn|6\n|\n|t:|1699825944\n|move|p2a: Zapdos|Volt Switch|p1a: Slowking\n|-damage|p1a: Slowking|73\/100\n|\n|t:|1699825950\n|switch|p2a: Slowking|Slowking-Galar, M|100\/100|[from] Volt Switch\n|move|p1a: Slowking|Psyshock|p2a: Slowking\n|-damage|p2a: Slowking|45\/100\n|-damage|p1a: Slowking|63\/100|[from] item: Life Orb\n|\n|upkeep\n|turn|7\n|\n|t:|1699825967\n|switch|p2a: Greninja|Greninja, M|100\/100\n|move|p1a: Slowking|Psyshock|p2a: Greninja\n|-immune|p2a: Greninja\n|\n|upkeep\n|turn|8\n|\n|t:|1699825975\n|switch|p1a: Ninetales|Ninetales-Alola, M, shiny|100\/100\n|-weather|Snow|[from] ability: Snow Warning|[of] p1a: Ninetales\n|move|p2a: Greninja|Dark Pulse|p1a: Ninetales\n|-resisted|p1a: Ninetales\n|-damage|p1a: Ninetales|92\/100\n|\n|-weather|Snow|[upkeep]\n|-sideend|p1: DJGrooves213|move: Aurora Veil\n|upkeep\n|turn|9\n|\n|t:|1699825984\n|move|p2a: Greninja|Hydro Pump|p1a: Ninetales\n|-damage|p1a: Ninetales|44\/100\n|move|p1a: Ninetales|Aurora Veil|p1a: Ninetales\n|-sidestart|p1: DJGrooves213|move: Aurora Veil\n|\n|-weather|Snow|[upkeep]\n|upkeep\n|turn|10\n|\n|t:|1699826003\n|switch|p2a: Slowking|Slowking-Galar, M|78\/100\n|switch|p1a: Kommo-o|Kommo-o, M, shiny|100\/100\n|\n|-weather|Snow|[upkeep]\n|upkeep\n|turn|11\n|\n|t:|1699826019\n|move|p1a: Kommo-o|Clangorous Soul|p1a: Kommo-o\n|-boost|p1a: Kommo-o|atk|1\n|-boost|p1a: Kommo-o|def|1\n|-boost|p1a: Kommo-o|spa|1\n|-boost|p1a: Kommo-o|spd|1\n|-boost|p1a: Kommo-o|spe|1\n|-damage|p1a: Kommo-o|67\/100\n|move|p2a: Slowking|Future Sight|p1a: Kommo-o\n|-start|p2a: Slowking|move: Future Sight\n|\n|-weather|Snow|[upkeep]\n|-heal|p1a: Kommo-o|73\/100|[from] item: Leftovers\n|upkeep\n|turn|12\n|\n|t:|1699826032\n|move|p1a: Kommo-o|Clangorous Soul|p1a: Kommo-o\n|-boost|p1a: Kommo-o|atk|1\n|-boost|p1a: Kommo-o|def|1\n|-boost|p1a: Kommo-o|spa|1\n|-boost|p1a: Kommo-o|spd|1\n|-boost|p1a: Kommo-o|spe|1\n|-damage|p1a: Kommo-o|40\/100\n|move|p2a: Slowking|Ice Beam|p1a: Kommo-o\n|-supereffective|p1a: Kommo-o\n|-damage|p1a: Kommo-o|29\/100\n|\n|-weather|none\n|-heal|p1a: Kommo-o|34\/100|[from] item: Leftovers\n|upkeep\n|turn|13\n|\n|t:|1699826046\n|-terastallize|p1a: Kommo-o|Ghost\n|move|p1a: Kommo-o|Tera Blast|p2a: Slowking|[anim] Tera Blast Ghost\n|-supereffective|p2a: Slowking\n|-damage|p2a: Slowking|23\/100\n|move|p2a: Slowking|Ice Beam|p1a: Kommo-o\n|-damage|p1a: Kommo-o|28\/100\n|\n|-end|p1a: Kommo-o|move: Future Sight\n|-damage|p1a: Kommo-o|16\/100\n|-heal|p1a: Kommo-o|22\/100|[from] item: Leftovers\n|upkeep\n|turn|14\n|inactive|center3 has 120 seconds left.\n|\n|t:|1699826105\n|move|p1a: Kommo-o|Tera Blast|p2a: Slowking|[anim] Tera Blast Ghost\n|-supereffective|p2a: Slowking\n|-damage|p2a: Slowking|0 fnt\n|faint|p2a: Slowking\n|\n|-heal|p1a: Kommo-o|28\/100|[from] item: Leftovers\n|upkeep\n|inactive|center3 has 90 seconds left.\n|\n|t:|1699826133\n|switch|p2a: Great Tusk|Great Tusk|100\/100\n|turn|15\n|\n|t:|1699826144\n|move|p1a: Kommo-o|Clanging Scales|p2a: Great Tusk\n|-damage|p2a: Great Tusk|0 fnt\n|faint|p2a: Great Tusk\n|-end|p2a: Great Tusk|Protosynthesis|[silent]\n|-unboost|p1a: Kommo-o|def|1\n|\n|-heal|p1a: Kommo-o|34\/100|[from] item: Leftovers\n|upkeep\n|-message|center3 forfeited.\n|\n|win|DJGrooves213\n|raw|DJGrooves213's rating: 1360 &rarr; <strong>1376<\/strong><br \/>(+16 for winning)\n|raw|center3's rating: 1296 &rarr; <strong>1276<\/strong><br \/>(-20 for losing)\n|l|\u2606center3\n","uploadtime":1699826156,"views":10,"p1id":"djgrooves213","p2id":"center3","formatid":"gen9ou","rating":1276,"private":0,"password":""}