{"id":"gen9ou-1996917892","p1":"atreuspk","p2":"BurekOdSira","format":"[Gen 9] OU","log":"|j|\u2606atreuspk\n|j|\u2606BurekOdSira\n|t:|1700744647\n|gametype|singles\n|player|p1|atreuspk|2|1073\n|player|p2|BurekOdSira|veteran|1000\n|teamsize|p1|6\n|teamsize|p2|6\n|gen|9\n|tier|[Gen 9] OU\n|rated|\n|rule|Sleep Clause Mod: Limit one foe put to sleep\n|rule|Species Clause: Limit one of each Pok\u00e9mon\n|rule|OHKO Clause: OHKO moves are banned\n|rule|Evasion Items Clause: Evasion items are banned\n|rule|Evasion Moves Clause: Evasion moves are banned\n|rule|Endless Battle Clause: Forcing endless battles is banned\n|rule|HP Percentage Mod: HP is shown in percentages\n|clearpoke\n|poke|p1|Salamence, F|\n|poke|p1|Garganacl, F|\n|poke|p1|Cinderace, M|\n|poke|p1|Dragapult, F|\n|poke|p1|Glimmora, M|\n|poke|p1|Landorus-Therian, M|\n|poke|p2|Glimmora, M|\n|poke|p2|Iron Moth|\n|poke|p2|Trevenant, M|\n|poke|p2|Okidogi, M|\n|poke|p2|Gyarados, M|\n|poke|p2|Tinkaton, F|\n|teampreview\n|\n|t:|1700744660\n|start\n|switch|p1a: Glimmora|Glimmora, M|100\/100\n|switch|p2a: GimmieMora|Glimmora, M, shiny|100\/100\n|-item|p1a: Glimmora|Air Balloon\n|turn|1\n|\n|t:|1700744678\n|-terastallize|p2a: GimmieMora|Grass\n|move|p1a: Glimmora|Stealth Rock|p2a: GimmieMora\n|-sidestart|p2: BurekOdSira|move: Stealth Rock\n|move|p2a: GimmieMora|Power Gem|p1a: Glimmora\n|-damage|p1a: Glimmora|66\/100\n|-enditem|p1a: Glimmora|Air Balloon\n|\n|upkeep\n|turn|2\n|\n|t:|1700744688\n|move|p1a: Glimmora|Spikes|p2a: GimmieMora\n|-sidestart|p2: BurekOdSira|Spikes\n|move|p2a: GimmieMora|Energy Ball|p1a: Glimmora\n|-damage|p1a: Glimmora|29\/100\n|\n|upkeep\n|turn|3\n|\n|t:|1700744696\n|move|p1a: Glimmora|Light Screen|p1a: Glimmora\n|-sidestart|p1: atreuspk|move: Light Screen\n|move|p2a: GimmieMora|Earth Power|p1a: Glimmora\n|-supereffective|p1a: Glimmora\n|-damage|p1a: Glimmora|0 fnt\n|faint|p1a: Glimmora\n|\n|upkeep\n|\n|t:|1700744705\n|switch|p1a: Cinderace|Cinderace, M|100\/100\n|turn|4\n|\n|t:|1700744732\n|move|p1a: Cinderace|High Jump Kick|p2a: GimmieMora\n|-start|p1a: Cinderace|typechange|Fighting|[from] ability: Libero\n|-damage|p2a: GimmieMora|39\/100\n|-activate|p2a: GimmieMora|ability: Toxic Debris\n|-sidestart|p1: atreuspk|move: Toxic Spikes\n|move|p2a: GimmieMora|Power Gem|p1a: Cinderace\n|-resisted|p1a: Cinderace\n|-damage|p1a: Cinderace|90\/100\n|\n|upkeep\n|turn|5\n|inactive|Battle timer is ON: inactive players will automatically lose when time's up. (requested by atreuspk)\n|\n|t:|1700744748\n|move|p1a: Cinderace|Pyro Ball|p2a: GimmieMora\n|-supereffective|p2a: GimmieMora\n|-damage|p2a: GimmieMora|0 fnt\n|-activate|p2a: GimmieMora|ability: Toxic Debris\n|-sidestart|p1: atreuspk|move: Toxic Spikes\n|faint|p2a: GimmieMora\n|\n|upkeep\n|\n|t:|1700744759\n|switch|p2a: GeyRadios|Gyarados, M, shiny|100\/100\n|-damage|p2a: GeyRadios|75\/100|[from] Stealth Rock\n|-ability|p2a: GeyRadios|Intimidate|boost\n|-unboost|p1a: Cinderace|atk|1\n|turn|6\n|\n|t:|1700744779\n|move|p1a: Cinderace|Sucker Punch|p2a: GeyRadios\n|-damage|p2a: GeyRadios|56\/100\n|move|p2a: GeyRadios|Earthquake|p1a: Cinderace\n|-damage|p1a: Cinderace|39\/100\n|\n|-heal|p2a: GeyRadios|62\/100|[from] item: Leftovers\n|upkeep\n|turn|7\n|\n|t:|1700744792\n|switch|p1a: Garganacl|Garganacl, F|100\/100\n|move|p2a: GeyRadios|Waterfall|p1a: Garganacl\n|-supereffective|p1a: Garganacl\n|-damage|p1a: Garganacl|61\/100\n|\n|-heal|p2a: GeyRadios|68\/100|[from] item: Leftovers\n|-heal|p1a: Garganacl|68\/100|[from] item: Leftovers\n|-sideend|p1: atreuspk|move: Light Screen\n|upkeep\n|turn|8\n|\n|t:|1700744810\n|move|p2a: GeyRadios|Waterfall|p1a: Garganacl\n|-supereffective|p1a: Garganacl\n|-damage|p1a: Garganacl|25\/100\n|move|p1a: Garganacl|Iron Defense|p1a: Garganacl\n|-boost|p1a: Garganacl|def|2\n|\n|-heal|p2a: GeyRadios|74\/100|[from] item: Leftovers\n|-heal|p1a: Garganacl|31\/100|[from] item: Leftovers\n|upkeep\n|turn|9\n|\n|t:|1700744821\n|-terastallize|p1a: Garganacl|Flying\n|move|p2a: GeyRadios|Waterfall|p1a: Garganacl\n|-damage|p1a: Garganacl|21\/100\n|move|p1a: Garganacl|Recover|p1a: Garganacl\n|-heal|p1a: Garganacl|71\/100\n|\n|-heal|p2a: GeyRadios|80\/100|[from] item: Leftovers\n|-heal|p1a: Garganacl|77\/100|[from] item: Leftovers\n|upkeep\n|turn|10\n|\n|t:|1700744833\n|move|p2a: GeyRadios|Dragon Dance|p2a: GeyRadios\n|-boost|p2a: GeyRadios|atk|1\n|-boost|p2a: GeyRadios|spe|1\n|move|p1a: Garganacl|Salt Cure|p2a: GeyRadios\n|-supereffective|p2a: GeyRadios\n|-damage|p2a: GeyRadios|47\/100\n|-start|p2a: GeyRadios|Salt Cure\n|\n|-heal|p2a: GeyRadios|53\/100|[from] item: Leftovers\n|-heal|p1a: Garganacl|83\/100|[from] item: Leftovers\n|-damage|p2a: GeyRadios|28\/100|[from] Salt Cure\n|upkeep\n|turn|11\n|\n|t:|1700744845\n|move|p1a: Garganacl|Protect|p1a: Garganacl\n|-singleturn|p1a: Garganacl|Protect\n|move|p2a: GeyRadios|Outrage|p1a: Garganacl\n|-activate|p1a: Garganacl|move: Protect\n|\n|-heal|p2a: GeyRadios|34\/100|[from] item: Leftovers\n|-heal|p1a: Garganacl|89\/100|[from] item: Leftovers\n|-damage|p2a: GeyRadios|9\/100|[from] Salt Cure\n|upkeep\n|turn|12\n|\n|t:|1700744857\n|move|p2a: GeyRadios|Outrage|p1a: Garganacl\n|-damage|p1a: Garganacl|73\/100\n|move|p1a: Garganacl|Iron Defense|p1a: Garganacl\n|-boost|p1a: Garganacl|def|2\n|\n|-heal|p2a: GeyRadios|15\/100|[from] item: Leftovers\n|-heal|p1a: Garganacl|79\/100|[from] item: Leftovers\n|-damage|p2a: GeyRadios|0 fnt|[from] Salt Cure\n|faint|p2a: GeyRadios\n|upkeep\n|\n|t:|1700744870\n|switch|p2a: IronCloth|Iron Moth, shiny|100\/100\n|-damage|p2a: IronCloth|76\/100|[from] Stealth Rock\n|-damage|p2a: IronCloth|63\/100|[from] Spikes\n|-enditem|p2a: IronCloth|Booster Energy\n|-activate|p2a: IronCloth|ability: Quark Drive|[fromitem]\n|-start|p2a: IronCloth|quarkdrivespa\n|turn|13\n|\n|t:|1700744880\n|move|p2a: IronCloth|Fiery Dance|p1a: Garganacl\n|-damage|p1a: Garganacl|30\/100\n|-boost|p2a: IronCloth|spa|1\n|move|p1a: Garganacl|Salt Cure|p2a: IronCloth\n|-supereffective|p2a: IronCloth\n|-damage|p2a: IronCloth|17\/100\n|-start|p2a: IronCloth|Salt Cure\n|\n|-heal|p1a: Garganacl|37\/100|[from] item: Leftovers\n|-damage|p2a: IronCloth|4\/100|[from] Salt Cure\n|upkeep\n|turn|14\n|\n|t:|1700744892\n|move|p1a: Garganacl|Protect|p1a: Garganacl\n|-singleturn|p1a: Garganacl|Protect\n|move|p2a: IronCloth|Fiery Dance|p1a: Garganacl\n|-activate|p1a: Garganacl|move: Protect\n|\n|-heal|p1a: Garganacl|43\/100|[from] item: Leftovers\n|-damage|p2a: IronCloth|0 fnt|[from] Salt Cure\n|faint|p2a: IronCloth\n|-end|p2a: IronCloth|Quark Drive|[silent]\n|upkeep\n|\n|t:|1700744905\n|switch|p2a: TryHardVeinant|Trevenant, M, shiny|100\/100\n|-damage|p2a: TryHardVeinant|88\/100|[from] Stealth Rock\n|-damage|p2a: TryHardVeinant|76\/100|[from] Spikes\n|turn|15\n|\n|t:|1700744912\n|move|p2a: TryHardVeinant|Leech Seed|p1a: Garganacl\n|-start|p1a: Garganacl|move: Leech Seed\n|move|p1a: Garganacl|Recover|p1a: Garganacl\n|-heal|p1a: Garganacl|93\/100\n|\n|-heal|p1a: Garganacl|99\/100|[from] item: Leftovers\n|-damage|p1a: Garganacl|87\/100|[from] Leech Seed|[of] p2a: TryHardVeinant\n|-heal|p2a: TryHardVeinant|89\/100|[silent]\n|upkeep\n|turn|16\n|\n|t:|1700744921\n|move|p2a: TryHardVeinant|Sunny Day|p2a: TryHardVeinant\n|-weather|SunnyDay\n|move|p1a: Garganacl|Salt Cure|p2a: TryHardVeinant\n|-damage|p2a: TryHardVeinant|72\/100\n|-start|p2a: TryHardVeinant|Salt Cure\n|\n|-weather|SunnyDay|[upkeep]\n|-heal|p1a: Garganacl|93\/100|[from] item: Leftovers\n|-damage|p1a: Garganacl|80\/100|[from] Leech Seed|[of] p2a: TryHardVeinant\n|-heal|p2a: TryHardVeinant|86\/100|[silent]\n|-damage|p2a: TryHardVeinant|73\/100|[from] Salt Cure\n|upkeep\n|turn|17\n|\n|t:|1700744944\n|switch|p1a: Cinderace|Cinderace, M|39\/100\n|-status|p1a: Cinderace|tox\n|move|p2a: TryHardVeinant|Curse|p1a: Cinderace\n|-start|p1a: Cinderace|Curse|[of] p2a: TryHardVeinant\n|-damage|p2a: TryHardVeinant|23\/100\n|-enditem|p2a: TryHardVeinant|Sitrus Berry|[eat]\n|-heal|p2a: TryHardVeinant|48\/100|[from] item: Sitrus Berry\n|\n|-weather|SunnyDay|[upkeep]\n|-damage|p1a: Cinderace|33\/100 tox|[from] psn\n|-damage|p1a: Cinderace|8\/100 tox|[from] Curse\n|-damage|p2a: TryHardVeinant|36\/100|[from] Salt Cure\n|-item|p2a: TryHardVeinant|Sitrus Berry|[from] ability: Harvest\n|upkeep\n|-enditem|p2a: TryHardVeinant|Sitrus Berry|[eat]\n|-heal|p2a: TryHardVeinant|61\/100|[from] item: Sitrus Berry\n|turn|18\n|inactive|BurekOdSira has 120 seconds left.\n|\n|t:|1700744969\n|switch|p2a: KDawg|Okidogi, M|100\/100\n|-damage|p2a: KDawg|94\/100|[from] Stealth Rock\n|-damage|p2a: KDawg|82\/100|[from] Spikes\n|move|p1a: Cinderace|Pyro Ball|p2a: KDawg\n|-damage|p2a: KDawg|8\/100\n|-status|p2a: KDawg|brn\n|\n|-weather|SunnyDay|[upkeep]\n|-heal|p2a: KDawg|14\/100 brn|[from] item: Leftovers\n|-damage|p1a: Cinderace|0 fnt|[from] psn\n|faint|p1a: Cinderace\n|-damage|p2a: KDawg|8\/100 brn|[from] brn\n|upkeep\n|inactive|atreuspk has 120 seconds left.\n|\n|t:|1700744992\n|switch|p1a: Landorus|Landorus-Therian, M|100\/100\n|-ability|p1a: Landorus|Intimidate|boost\n|-ability|p2a: KDawg|Guard Dog|boost\n|-boost|p2a: KDawg|atk|1\n|turn|19\n|inactive|BurekOdSira has 120 seconds left.\n|\n|t:|1700745007\n|move|p1a: Landorus|Swords Dance|p1a: Landorus\n|-boost|p1a: Landorus|atk|2\n|move|p2a: KDawg|Drain Punch|p1a: Landorus\n|-resisted|p1a: Landorus\n|-damage|p1a: Landorus|83\/100\n|-heal|p2a: KDawg|15\/100 brn|[from] drain|[of] p1a: Landorus\n|\n|-weather|SunnyDay|[upkeep]\n|-heal|p2a: KDawg|21\/100 brn|[from] item: Leftovers\n|-damage|p2a: KDawg|15\/100 brn|[from] brn\n|upkeep\n|turn|20\n|inactive|atreuspk has 120 seconds left.\n|inactive|BurekOdSira has 120 seconds left.\n|\n|t:|1700745021\n|move|p1a: Landorus|Earthquake|p2a: KDawg\n|-supereffective|p2a: KDawg\n|-damage|p2a: KDawg|0 fnt\n|faint|p2a: KDawg\n|\n|-weather|none\n|upkeep\n|\n|t:|1700745026\n|switch|p2a: TryHardVeinant|Trevenant, M, shiny|61\/100\n|-damage|p2a: TryHardVeinant|48\/100|[from] Stealth Rock\n|-damage|p2a: TryHardVeinant|36\/100|[from] Spikes\n|turn|21\n|\n|t:|1700745033\n|move|p1a: Landorus|Outrage|p2a: TryHardVeinant\n|-damage|p2a: TryHardVeinant|0 fnt\n|faint|p2a: TryHardVeinant\n|\n|upkeep\n|\n|t:|1700745038\n|switch|p2a: NoThinkAnton|Tinkaton, F, shiny|100\/100\n|-damage|p2a: NoThinkAnton|94\/100|[from] Stealth Rock\n|-damage|p2a: NoThinkAnton|82\/100|[from] Spikes\n|-ability|p2a: NoThinkAnton|Mold Breaker\n|turn|22\n|\n|t:|1700745046\n|move|p2a: NoThinkAnton|Gigaton Hammer|p1a: Landorus\n|-damage|p1a: Landorus|17\/100\n|move|p1a: Landorus|Outrage|p2a: NoThinkAnton|[from]lockedmove\n|-immune|p2a: NoThinkAnton\n|\n|upkeep\n|turn|23\n|\n|t:|1700745056\n|move|p2a: NoThinkAnton|Knock Off|p1a: Landorus\n|-damage|p1a: Landorus|0 fnt\n|-enditem|p1a: Landorus|Focus Sash|[from] move: Knock Off|[of] p2a: NoThinkAnton\n|faint|p1a: Landorus\n|\n|upkeep\n|\n|t:|1700745069\n|switch|p1a: Garganacl|Garganacl, F, tera:Flying|80\/100\n|turn|24\n|\n|t:|1700745077\n|move|p2a: NoThinkAnton|Gigaton Hammer|p1a: Garganacl\n|-damage|p1a: Garganacl|51\/100\n|move|p1a: Garganacl|Iron Defense|p1a: Garganacl\n|-boost|p1a: Garganacl|def|2\n|\n|-heal|p1a: Garganacl|57\/100|[from] item: Leftovers\n|upkeep\n|turn|25\n|\n|t:|1700745085\n|move|p2a: NoThinkAnton|Swords Dance|p2a: NoThinkAnton\n|-boost|p2a: NoThinkAnton|atk|2\n|move|p1a: Garganacl|Salt Cure|p2a: NoThinkAnton\n|-resisted|p2a: NoThinkAnton\n|-damage|p2a: NoThinkAnton|72\/100\n|-start|p2a: NoThinkAnton|Salt Cure\n|\n|-heal|p1a: Garganacl|64\/100|[from] item: Leftovers\n|-damage|p2a: NoThinkAnton|47\/100|[from] Salt Cure\n|upkeep\n|turn|26\n|\n|t:|1700745097\n|move|p1a: Garganacl|Protect|p1a: Garganacl\n|-singleturn|p1a: Garganacl|Protect\n|move|p2a: NoThinkAnton|Swords Dance|p2a: NoThinkAnton\n|-boost|p2a: NoThinkAnton|atk|2\n|\n|-heal|p1a: Garganacl|70\/100|[from] item: Leftovers\n|-damage|p2a: NoThinkAnton|22\/100|[from] Salt Cure\n|upkeep\n|turn|27\n|\n|t:|1700745107\n|move|p2a: NoThinkAnton|Gigaton Hammer|p1a: Garganacl\n|-damage|p1a: Garganacl|26\/100\n|move|p1a: Garganacl|Recover|p1a: Garganacl\n|-heal|p1a: Garganacl|76\/100\n|\n|-heal|p1a: Garganacl|83\/100|[from] item: Leftovers\n|-damage|p2a: NoThinkAnton|0 fnt|[from] Salt Cure\n|faint|p2a: NoThinkAnton\n|\n|win|atreuspk\n|upkeep\n|raw|atreuspk's rating: 1073 &rarr; <strong>1096<\/strong><br \/>(+23 for winning)\n|raw|BurekOdSira's rating: 1000 &rarr; <strong>1000<\/strong><br \/>(+0 for losing)\n|l|\u2606BurekOdSira\n|l|\u2606atreuspk\n|j|\u2606atreuspk\n|player|p1|atreuspk|2\n","uploadtime":1700745509,"views":1,"p1id":"atreuspk","p2id":"burekodsira","formatid":"gen9ou","rating":1000,"private":0,"password":""}