{"id":"gen9ou-1994922977","p1":"Brayoke","p2":"RovaRed","format":"[Gen 9] OU","log":"|j|\u2606Brayoke\n|j|\u2606RovaRed\n|t:|1700505006\n|gametype|singles\n|player|p1|Brayoke|idol|1382\n|player|p2|RovaRed|wicke|1286\n|teamsize|p1|6\n|teamsize|p2|6\n|gen|9\n|tier|[Gen 9] OU\n|rated|\n|rule|Sleep Clause Mod: Limit one foe put to sleep\n|rule|Species Clause: Limit one of each Pok\u00e9mon\n|rule|OHKO Clause: OHKO moves are banned\n|rule|Evasion Items Clause: Evasion items are banned\n|rule|Evasion Moves Clause: Evasion moves are banned\n|rule|Endless Battle Clause: Forcing endless battles is banned\n|rule|HP Percentage Mod: HP is shown in percentages\n|clearpoke\n|poke|p1|Kingambit, M|\n|poke|p1|Ceruledge, F|\n|poke|p1|Iron Valiant|\n|poke|p1|Dragapult, F|\n|poke|p1|Slowking-Galar, F|\n|poke|p1|Great Tusk|\n|poke|p2|Haxorus, M|\n|poke|p2|Great Tusk|\n|poke|p2|Ribombee, M|\n|poke|p2|Iron Valiant|\n|poke|p2|Gholdengo|\n|poke|p2|Iron Moth|\n|teampreview\n|c|\u2606Brayoke|glhf\n|inactive|Battle timer is ON: inactive players will automatically lose when time's up. (requested by Brayoke)\n|c|\u2606RovaRed|thx u2\n|\n|t:|1700505027\n|start\n|switch|p1a: Rook|Great Tusk, shiny|100\/100\n|switch|p2a: Ribombee|Ribombee, M|100\/100\n|turn|1\n|\n|t:|1700505036\n|move|p2a: Ribombee|Sticky Web|p1a: Rook\n|-sidestart|p1: Brayoke|move: Sticky Web\n|move|p1a: Rook|Rapid Spin|p2a: Ribombee\n|-damage|p2a: Ribombee|51\/100\n|-boost|p1a: Rook|spe|1\n|-sideend|p1: Brayoke|Sticky Web|[from] move: Rapid Spin|[of] p1a: Rook\n|-damage|p1a: Rook|91\/100|[from] item: Life Orb\n|\n|upkeep\n|turn|2\n|\n|t:|1700505051\n|switch|p2a: Gholdengo|Gholdengo|100\/100\n|-item|p2a: Gholdengo|Air Balloon\n|move|p1a: Rook|Play Rough|p2a: Gholdengo\n|-resisted|p2a: Gholdengo\n|-damage|p2a: Gholdengo|85\/100\n|-enditem|p2a: Gholdengo|Air Balloon\n|-damage|p1a: Rook|81\/100|[from] item: Life Orb\n|\n|upkeep\n|turn|3\n|inactive|RovaRed has 120 seconds left.\n|c|\u2606RovaRed|oh I am not winning this game, not by a longshot\n|c|\u2606Brayoke|;)\n|\n|t:|1700505090\n|move|p1a: Rook|Headlong Rush|p2a: Gholdengo\n|-supereffective|p2a: Gholdengo\n|-damage|p2a: Gholdengo|0 fnt\n|-unboost|p1a: Rook|def|1\n|-unboost|p1a: Rook|spd|1\n|faint|p2a: Gholdengo\n|-damage|p1a: Rook|71\/100|[from] item: Life Orb\n|\n|upkeep\n|c|\u2606Brayoke|never know til u try\n|\n|t:|1700505101\n|switch|p2a: Iron Valiant|Iron Valiant|100\/100\n|-enditem|p2a: Iron Valiant|Booster Energy\n|-activate|p2a: Iron Valiant|ability: Quark Drive|[fromitem]\n|-start|p2a: Iron Valiant|quarkdrivespe\n|turn|4\n|c|\u2606Brayoke|i could be running funny sets\n|\n|t:|1700505112\n|-end|p1a: Rook|Protosynthesis|[silent]\n|switch|p1a: Pawn|Slowking-Galar, F, shiny|100\/100\n|move|p2a: Iron Valiant|Moonblast|p1a: Pawn\n|-resisted|p1a: Pawn\n|-damage|p1a: Pawn|89\/100\n|\n|-heal|p1a: Pawn|95\/100|[from] item: Leftovers\n|upkeep\n|turn|5\n|\n|t:|1700505120\n|move|p2a: Iron Valiant|Knock Off|p1a: Pawn\n|-supereffective|p1a: Pawn\n|-damage|p1a: Pawn|27\/100\n|-enditem|p1a: Pawn|Leftovers|[from] move: Knock Off|[of] p2a: Iron Valiant\n|move|p1a: Pawn|Yawn|p2a: Iron Valiant\n|-start|p2a: Iron Valiant|move: Yawn|[of] p1a: Pawn\n|\n|upkeep\n|turn|6\n|\n|t:|1700505131\n|-end|p2a: Iron Valiant|Quark Drive|[silent]\n|switch|p2a: Ribombee|Ribombee, M|51\/100\n|move|p1a: Pawn|Slack Off|p1a: Pawn\n|-heal|p1a: Pawn|77\/100\n|\n|upkeep\n|turn|7\n|\n|t:|1700505139\n|move|p2a: Ribombee|Sticky Web|p1a: Pawn\n|-sidestart|p1: Brayoke|move: Sticky Web\n|move|p1a: Pawn|Future Sight|p2a: Ribombee\n|-start|p1a: Pawn|move: Future Sight\n|\n|upkeep\n|turn|8\n|\n|t:|1700505150\n|switch|p1a: Rook|Great Tusk, shiny|71\/100\n|-activate|p1a: Rook|move: Sticky Web\n|-unboost|p1a: Rook|spe|1\n|move|p2a: Ribombee|Stun Spore|p1a: Rook\n|-status|p1a: Rook|par\n|\n|upkeep\n|turn|9\n|\n|t:|1700505158\n|move|p2a: Ribombee|Moonblast|p1a: Rook\n|-supereffective|p1a: Rook\n|-damage|p1a: Rook|0 fnt\n|faint|p1a: Rook\n|-end|p1a: Rook|Protosynthesis|[silent]\n|\n|-end|p2a: Ribombee|move: Future Sight\n|-damage|p2a: Ribombee|0 fnt\n|faint|p2a: Ribombee\n|upkeep\n|\n|t:|1700505167\n|switch|p2a: Haxorus|Haxorus, M|100\/100\n|switch|p1a: Queen|Ceruledge, F, shiny|100\/100\n|-ability|p2a: Haxorus|Mold Breaker\n|-activate|p1a: Queen|move: Sticky Web\n|-unboost|p1a: Queen|spe|1\n|turn|10\n|c|\u2606Brayoke|hax\n|\n|t:|1700505175\n|move|p2a: Haxorus|Scale Shot|p1a: Queen\n|-damage|p1a: Queen|79\/100\n|-ability|p1a: Queen|Weak Armor|boost\n|-unboost|p1a: Queen|def|1\n|-boost|p1a: Queen|spe|2\n|-damage|p1a: Queen|47\/100\n|-ability|p1a: Queen|Weak Armor|boost\n|-unboost|p1a: Queen|def|1\n|-boost|p1a: Queen|spe|2\n|-damage|p1a: Queen|7\/100\n|-ability|p1a: Queen|Weak Armor|boost\n|-unboost|p1a: Queen|def|1\n|-boost|p1a: Queen|spe|2\n|-damage|p1a: Queen|0 fnt\n|faint|p1a: Queen\n|-hitcount|p1: Queen|4\n|-unboost|p2a: Haxorus|def|1\n|-boost|p2a: Haxorus|spe|1\n|\n|upkeep\n|\n|t:|1700505186\n|switch|p1a: Pawn|Slowking-Galar, F, shiny|100\/100\n|-activate|p1a: Pawn|move: Sticky Web\n|-unboost|p1a: Pawn|spe|1\n|turn|11\n|\n|t:|1700505203\n|-terastallize|p2a: Haxorus|Steel\n|-terastallize|p1a: Pawn|Fairy\n|move|p2a: Haxorus|Swords Dance|p2a: Haxorus\n|-boost|p2a: Haxorus|atk|2\n|move|p1a: Pawn|Yawn|p2a: Haxorus\n|-start|p2a: Haxorus|move: Yawn|[of] p1a: Pawn\n|\n|upkeep\n|turn|12\n|\n|t:|1700505213\n|move|p2a: Haxorus|Iron Head|p1a: Pawn\n|-supereffective|p1a: Pawn\n|-damage|p1a: Pawn|0 fnt\n|faint|p1a: Pawn\n|\n|-end|p2a: Haxorus|move: Yawn|[silent]\n|-status|p2a: Haxorus|slp\n|upkeep\n|\n|t:|1700505218\n|switch|p1a: Knight|Iron Valiant, shiny|100\/100\n|-activate|p1a: Knight|move: Sticky Web\n|-unboost|p1a: Knight|spe|1\n|turn|13\n|inactive|RovaRed has 120 seconds left.\n|\n|t:|1700505260\n|switch|p2a: Ron Moth|Iron Moth|100\/100\n|-enditem|p2a: Ron Moth|Booster Energy\n|-activate|p2a: Ron Moth|ability: Quark Drive|[fromitem]\n|-start|p2a: Ron Moth|quarkdrivespe\n|move|p1a: Knight|Close Combat|p2a: Ron Moth\n|-resisted|p2a: Ron Moth\n|-damage|p2a: Ron Moth|57\/100\n|-unboost|p1a: Knight|def|1\n|-unboost|p1a: Knight|spd|1\n|\n|upkeep\n|turn|14\n|\n|t:|1700505270\n|move|p2a: Ron Moth|Dazzling Gleam|p1a: Knight\n|-supereffective|p1a: Knight\n|-enditem|p1a: Knight|Focus Sash\n|-damage|p1a: Knight|1\/100\n|move|p1a: Knight|Liquidation|p2a: Ron Moth\n|-supereffective|p2a: Ron Moth\n|-damage|p2a: Ron Moth|0 fnt\n|faint|p2a: Ron Moth\n|-end|p2a: Ron Moth|Quark Drive|[silent]\n|\n|upkeep\n|\n|t:|1700505279\n|switch|p2a: Iron Valiant|Iron Valiant|100\/100\n|turn|15\n|inactive|RovaRed has 120 seconds left.\n|\n|t:|1700505287\n|move|p1a: Knight|Vacuum Wave|p2a: Iron Valiant\n|-resisted|p2a: Iron Valiant\n|-damage|p2a: Iron Valiant|84\/100\n|move|p2a: Iron Valiant|Knock Off|p1a: Knight\n|-resisted|p1a: Knight\n|-damage|p1a: Knight|0 fnt\n|faint|p1a: Knight\n|-end|p1a: Knight|Quark Drive|[silent]\n|\n|upkeep\n|\n|t:|1700505299\n|switch|p1a: King|Kingambit, M, shiny|100\/100\n|-activate|p1a: King|move: Sticky Web\n|-unboost|p1a: King|spe|1\n|-activate|p1a: King|ability: Supreme Overlord\n|-start|p1a: King|fallen4|[silent]\n|turn|16\n|\n|t:|1700505307\n|move|p1a: King|Sucker Punch|p2a: Iron Valiant\n|-resisted|p2a: Iron Valiant\n|-crit|p2a: Iron Valiant\n|-damage|p2a: Iron Valiant|54\/100\n|move|p2a: Iron Valiant|Close Combat|p1a: King\n|-supereffective|p1a: King\n|-damage|p1a: King|0 fnt\n|-unboost|p2a: Iron Valiant|def|1\n|-unboost|p2a: Iron Valiant|spd|1\n|faint|p1a: King\n|-end|p1a: King|fallen4|[silent]\n|\n|upkeep\n|\n|t:|1700505310\n|switch|p1a: Bishop|Dragapult, F, shiny|100\/100\n|-activate|p1a: Bishop|move: Sticky Web\n|-unboost|p1a: Bishop|spe|1\n|turn|17\n|\n|t:|1700505318\n|move|p2a: Iron Valiant|Knock Off|p1a: Bishop\n|-supereffective|p1a: Bishop\n|-damage|p1a: Bishop|5\/100\n|-enditem|p1a: Bishop|Choice Specs|[from] move: Knock Off|[of] p2a: Iron Valiant\n|move|p1a: Bishop|Shadow Ball|p2a: Iron Valiant\n|-damage|p2a: Iron Valiant|0 fnt\n|faint|p2a: Iron Valiant\n|-end|p2a: Iron Valiant|Quark Drive|[silent]\n|\n|upkeep\n|c|\u2606Brayoke|gg\n|\n|t:|1700505323\n|switch|p2a: Great Tusk|Great Tusk|100\/100\n|-enditem|p2a: Great Tusk|Booster Energy\n|-activate|p2a: Great Tusk|ability: Protosynthesis|[fromitem]\n|-start|p2a: Great Tusk|protosynthesisatk\n|turn|18\n|c|\u2606RovaRed|gg\n|\n|t:|1700505329\n|move|p2a: Great Tusk|Earthquake|p1a: Bishop\n|-damage|p1a: Bishop|0 fnt\n|faint|p1a: Bishop\n|\n|win|RovaRed\n|raw|Brayoke's rating: 1382 &rarr; <strong>1357<\/strong><br \/>(-25 for losing)\n|raw|RovaRed's rating: 1286 &rarr; <strong>1318<\/strong><br \/>(+32 for winning)\n|l|\u2606Brayoke\n","uploadtime":1700505335,"views":11,"p1id":"brayoke","p2id":"rovared","formatid":"gen9ou","rating":1318,"private":0,"password":""}