{"id":"gen9ou-1996896984","p1":"Shim-0N","p2":"Hop On The Move","format":"[Gen 9] OU","log":"|j|\u2606Shim-0N\n|j|\u2606Hop On The Move\n|t:|1700741869\n|gametype|singles\n|player|p1|Shim-0N|preschooler|1532\n|player|p2|Hop On The Move|valerie|1596\n|teamsize|p1|6\n|teamsize|p2|6\n|gen|9\n|tier|[Gen 9] OU\n|rated|\n|rule|Sleep Clause Mod: Limit one foe put to sleep\n|rule|Species Clause: Limit one of each Pok\u00e9mon\n|rule|OHKO Clause: OHKO moves are banned\n|rule|Evasion Items Clause: Evasion items are banned\n|rule|Evasion Moves Clause: Evasion moves are banned\n|rule|Endless Battle Clause: Forcing endless battles is banned\n|rule|HP Percentage Mod: HP is shown in percentages\n|clearpoke\n|poke|p1|Zamazenta-*|\n|poke|p1|Landorus-Therian, M|\n|poke|p1|Alomomola, M|\n|poke|p1|Ogerpon-Cornerstone, F|\n|poke|p1|Enamorus, F|\n|poke|p1|Cinderace, F|\n|poke|p2|Rillaboom, F|\n|poke|p2|Cinderace, F|\n|poke|p2|Ogerpon-Cornerstone, F|\n|poke|p2|Kingambit, M|\n|poke|p2|Great Tusk|\n|poke|p2|Iron Valiant|\n|teampreview\n|inactive|Battle timer is ON: inactive players will automatically lose when time's up. (requested by Shim-0N)\n|\n|t:|1700741882\n|start\n|switch|p1a: Cinderace|Cinderace, F|100\/100\n|switch|p2a: Great Tusk|Great Tusk|100\/100\n|turn|1\n|\n|t:|1700741893\n|move|p1a: Cinderace|Will-O-Wisp|p2a: Great Tusk\n|-status|p2a: Great Tusk|brn\n|move|p2a: Great Tusk|Rapid Spin|p1a: Cinderace\n|-damage|p1a: Cinderace|92\/100\n|-boost|p2a: Great Tusk|spe|1\n|\n|-damage|p2a: Great Tusk|94\/100 brn|[from] brn\n|upkeep\n|turn|2\n|\n|t:|1700741902\n|move|p2a: Great Tusk|Earthquake|p1a: Cinderace\n|-supereffective|p1a: Cinderace\n|-damage|p1a: Cinderace|36\/100\n|move|p1a: Cinderace|Pyro Ball|p2a: Great Tusk\n|-damage|p2a: Great Tusk|63\/100 brn\n|\n|-damage|p2a: Great Tusk|57\/100 brn|[from] brn\n|upkeep\n|turn|3\n|\n|t:|1700741911\n|switch|p1a: Alomomola|Alomomola, M|100\/100\n|move|p2a: Great Tusk|Stealth Rock|p1a: Alomomola\n|-sidestart|p1: Shim-0N|move: Stealth Rock\n|\n|-damage|p2a: Great Tusk|50\/100 brn|[from] brn\n|upkeep\n|turn|4\n|\n|t:|1700741920\n|-end|p2a: Great Tusk|Protosynthesis|[silent]\n|switch|p2a: Rillaboom|Rillaboom, F|100\/100\n|-fieldstart|move: Grassy Terrain|[from] ability: Grassy Surge|[of] p2a: Rillaboom\n|move|p1a: Alomomola|Scald|p2a: Rillaboom\n|-resisted|p2a: Rillaboom\n|-damage|p2a: Rillaboom|91\/100\n|\n|-heal|p2a: Rillaboom|98\/100|[from] Grassy Terrain\n|upkeep\n|turn|5\n|\n|t:|1700741932\n|switch|p1a: Landorus|Landorus-Therian, M|100\/100\n|-damage|p1a: Landorus|88\/100|[from] Stealth Rock\n|-ability|p1a: Landorus|Intimidate|boost\n|-unboost|p2a: Rillaboom|atk|1\n|move|p2a: Rillaboom|Knock Off|p1a: Landorus\n|-damage|p1a: Landorus|46\/100\n|-enditem|p1a: Landorus|Choice Band|[from] move: Knock Off|[of] p2a: Rillaboom\n|\n|-heal|p2a: Rillaboom|100\/100|[from] Grassy Terrain\n|upkeep\n|turn|6\n|\n|t:|1700741947\n|switch|p2a: Great Tusk|Great Tusk|50\/100 brn\n|move|p1a: Landorus|U-turn|p2a: Great Tusk\n|-resisted|p2a: Great Tusk\n|-damage|p2a: Great Tusk|42\/100 brn\n|-damage|p1a: Landorus|29\/100|[from] item: Rocky Helmet|[of] p2a: Great Tusk\n|\n|t:|1700741954\n|switch|p1a: Alomomola|Alomomola, M|100\/100|[from] U-turn\n|\n|-heal|p2a: Great Tusk|48\/100 brn|[from] Grassy Terrain\n|-damage|p2a: Great Tusk|42\/100 brn|[from] brn\n|upkeep\n|turn|7\n|inactive|Hop On The Move has 120 seconds left.\n|\n|t:|1700741994\n|-end|p2a: Great Tusk|Protosynthesis|[silent]\n|switch|p2a: Iron Valiant|Iron Valiant|100\/100\n|-enditem|p2a: Iron Valiant|Booster Energy\n|-activate|p2a: Iron Valiant|ability: Quark Drive|[fromitem]\n|-start|p2a: Iron Valiant|quarkdrivespe\n|move|p1a: Alomomola|Flip Turn|p2a: Iron Valiant\n|-damage|p2a: Iron Valiant|79\/100\n|\n|t:|1700742019\n|switch|p1a: Enamorus|Enamorus, F|100\/100|[from] Flip Turn\n|-damage|p1a: Enamorus|76\/100|[from] Stealth Rock\n|\n|-heal|p2a: Iron Valiant|86\/100|[from] Grassy Terrain\n|upkeep\n|turn|8\n|inactive|Hop On The Move has 120 seconds left.\n|\n|t:|1700742034\n|-terastallize|p2a: Iron Valiant|Electric\n|move|p2a: Iron Valiant|Thunderbolt|p1a: Enamorus\n|-supereffective|p1a: Enamorus\n|-damage|p1a: Enamorus|0 fnt\n|faint|p1a: Enamorus\n|\n|-heal|p2a: Iron Valiant|92\/100|[from] Grassy Terrain\n|-fieldend|move: Grassy Terrain\n|upkeep\n|j| dfghhhg\n|inactive|Shim-0N has 120 seconds left.\n|\n|t:|1700742056\n|switch|p1a: Ogerpon|Ogerpon-Cornerstone, F|100\/100\n|-damage|p1a: Ogerpon|88\/100|[from] Stealth Rock\n|turn|9\n|inactive|Shim-0N has 120 seconds left.\n|inactive|Hop On The Move has 120 seconds left.\n|\n|t:|1700742069\n|move|p2a: Iron Valiant|Moonblast|p1a: Ogerpon\n|-damage|p1a: Ogerpon|32\/100\n|move|p1a: Ogerpon|Ivy Cudgel|p2a: Iron Valiant|[anim] Ivy Cudgel Rock\n|-damage|p2a: Iron Valiant|11\/100\n|\n|upkeep\n|turn|10\n|inactive|Shim-0N has 120 seconds left.\n|\n|t:|1700742079\n|move|p2a: Iron Valiant|Moonblast|p1a: Ogerpon\n|-damage|p1a: Ogerpon|0 fnt\n|faint|p1a: Ogerpon\n|\n|upkeep\n|inactive|Shim-0N has 120 seconds left.\n|\n|t:|1700742086\n|switch|p1a: Zamazenta|Zamazenta|100\/100\n|-damage|p1a: Zamazenta|94\/100|[from] Stealth Rock\n|-ability|p1a: Zamazenta|Dauntless Shield|boost\n|-boost|p1a: Zamazenta|def|1\n|turn|11\n|\n|t:|1700742095\n|move|p2a: Iron Valiant|Moonblast|p1a: Zamazenta\n|-supereffective|p1a: Zamazenta\n|-damage|p1a: Zamazenta|5\/100\n|move|p1a: Zamazenta|Close Combat|p2a: Iron Valiant\n|-damage|p2a: Iron Valiant|0 fnt\n|-unboost|p1a: Zamazenta|def|1\n|-unboost|p1a: Zamazenta|spd|1\n|faint|p2a: Iron Valiant\n|-end|p2a: Iron Valiant|Quark Drive|[silent]\n|\n|upkeep\n|\n|t:|1700742103\n|switch|p2a: Rillaboom|Rillaboom, F|100\/100\n|-fieldstart|move: Grassy Terrain|[from] ability: Grassy Surge|[of] p2a: Rillaboom\n|turn|12\n|c|\u2606Hop On The Move|gg\n|\n|t:|1700742111\n|switch|p1a: Landorus|Landorus-Therian, M|29\/100\n|-damage|p1a: Landorus|17\/100|[from] Stealth Rock\n|-ability|p1a: Landorus|Intimidate|boost\n|-unboost|p2a: Rillaboom|atk|1\n|move|p2a: Rillaboom|Grassy Glide|p1a: Landorus\n|-damage|p1a: Landorus|0 fnt\n|faint|p1a: Landorus\n|\n|upkeep\n|\n|t:|1700742124\n|switch|p1a: Cinderace|Cinderace, F|36\/100\n|turn|13\n|\n|t:|1700742131\n|switch|p2a: Great Tusk|Great Tusk|42\/100 brn\n|move|p1a: Cinderace|Pyro Ball|p2a: Great Tusk\n|-damage|p2a: Great Tusk|14\/100 brn\n|\n|-heal|p1a: Cinderace|43\/100|[from] Grassy Terrain\n|-heal|p2a: Great Tusk|21\/100 brn|[from] Grassy Terrain\n|-damage|p2a: Great Tusk|14\/100 brn|[from] brn\n|upkeep\n|turn|14\n|\n|t:|1700742142\n|move|p1a: Cinderace|Pyro Ball|p2a: Great Tusk\n|-damage|p2a: Great Tusk|0 fnt\n|faint|p2a: Great Tusk\n|-end|p2a: Great Tusk|Protosynthesis|[silent]\n|\n|-heal|p1a: Cinderace|49\/100|[from] Grassy Terrain\n|upkeep\n|\n|t:|1700742150\n|switch|p2a: Cinderace|Cinderace, F|100\/100\n|turn|15\n|\n|t:|1700742155\n|move|p1a: Cinderace|Court Change|p1a: Cinderace\n|-start|p1a: Cinderace|typechange|Normal|[from] ability: Libero\n|-swapsideconditions\n|-activate|p1a: Cinderace|move: Court Change\n|move|p2a: Cinderace|Pyro Ball|p1a: Cinderace\n|-damage|p1a: Cinderace|0 fnt\n|faint|p1a: Cinderace\n|\n|upkeep\n|\n|t:|1700742164\n|switch|p1a: Zamazenta|Zamazenta|5\/100\n|turn|16\n|\n|t:|1700742170\n|-terastallize|p1a: Zamazenta|Fighting\n|move|p1a: Zamazenta|Close Combat|p2a: Cinderace\n|-damage|p2a: Cinderace|0 fnt\n|-unboost|p1a: Zamazenta|def|1\n|-unboost|p1a: Zamazenta|spd|1\n|faint|p2a: Cinderace\n|\n|-heal|p1a: Zamazenta|11\/100|[from] Grassy Terrain\n|-fieldend|move: Grassy Terrain\n|upkeep\n|\n|t:|1700742175\n|switch|p2a: Rillaboom|Rillaboom, F|100\/100\n|-damage|p2a: Rillaboom|88\/100|[from] Stealth Rock\n|-fieldstart|move: Grassy Terrain|[from] ability: Grassy Surge|[of] p2a: Rillaboom\n|turn|17\n|\n|t:|1700742186\n|switch|p1a: Alomomola|Alomomola, M|100\/100\n|move|p2a: Rillaboom|Grassy Glide|p1a: Alomomola\n|-supereffective|p1a: Alomomola\n|-damage|p1a: Alomomola|2\/100\n|\n|-heal|p2a: Rillaboom|94\/100|[from] Grassy Terrain\n|-heal|p1a: Alomomola|9\/100|[from] Grassy Terrain\n|upkeep\n|turn|18\n|inactive|Hop On The Move has 120 seconds left.\n|\n|t:|1700742228\n|move|p1a: Alomomola|Protect|p1a: Alomomola\n|-singleturn|p1a: Alomomola|Protect\n|move|p2a: Rillaboom|Grassy Glide|p1a: Alomomola\n|-activate|p1a: Alomomola|move: Protect\n|\n|-heal|p2a: Rillaboom|100\/100|[from] Grassy Terrain\n|-heal|p1a: Alomomola|15\/100|[from] Grassy Terrain\n|upkeep\n|turn|19\n|\n|t:|1700742238\n|move|p2a: Rillaboom|Grassy Glide|p1a: Alomomola\n|-supereffective|p1a: Alomomola\n|-damage|p1a: Alomomola|0 fnt\n|faint|p1a: Alomomola\n|\n|upkeep\n|\n|t:|1700742244\n|switch|p1a: Zamazenta|Zamazenta, tera:Fighting|11\/100\n|turn|20\n|\n|t:|1700742247\n|move|p2a: Rillaboom|Grassy Glide|p1a: Zamazenta\n|-damage|p1a: Zamazenta|0 fnt\n|faint|p1a: Zamazenta\n|\n|win|Hop On The Move\n|raw|Shim-0N's rating: 1532 &rarr; <strong>1516<\/strong><br \/>(-16 for losing)\n|raw|Hop On The Move's rating: 1596 &rarr; <strong>1612<\/strong><br \/>(+16 for winning)\n|l|\u2606Shim-0N\n","uploadtime":1700742254,"views":1,"p1id":"shim0n","p2id":"hoponthemove","formatid":"gen9ou","rating":1516,"private":0,"password":""}