{"id":"gen9ou-1996587239","p1":"Sick Fiesta","p2":"NFE is a real tier","format":"[Gen 9] OU","log":"|j|\u2606Sick Fiesta\n|j|\u2606NFE is a real tier\n|t:|1700697491\n|gametype|singles\n|player|p1|Sick Fiesta|waiter-gen4dp|1652\n|player|p2|NFE is a real tier|hiker|1584\n|teamsize|p1|6\n|teamsize|p2|6\n|gen|9\n|tier|[Gen 9] OU\n|rated|\n|rule|Sleep Clause Mod: Limit one foe put to sleep\n|rule|Species Clause: Limit one of each Pok\u00e9mon\n|rule|OHKO Clause: OHKO moves are banned\n|rule|Evasion Items Clause: Evasion items are banned\n|rule|Evasion Moves Clause: Evasion moves are banned\n|rule|Endless Battle Clause: Forcing endless battles is banned\n|rule|HP Percentage Mod: HP is shown in percentages\n|clearpoke\n|poke|p1|Meowscarada, F|\n|poke|p1|Slowking-Galar, F|\n|poke|p1|Iron Valiant|\n|poke|p1|Garganacl, M|\n|poke|p1|Dragonite, M|\n|poke|p1|Great Tusk|\n|poke|p2|Pelipper, F|\n|poke|p2|Floatzel, F|\n|poke|p2|Basculegion-F, F|\n|poke|p2|Garchomp, F|\n|poke|p2|Greninja-*, M|\n|poke|p2|Mamoswine, F|\n|teampreview\n|\n|t:|1700697510\n|start\n|switch|p1a: Iron Valiant|Iron Valiant|100\/100\n|switch|p2a: Mamoswine|Mamoswine, F|100\/100\n|-enditem|p1a: Iron Valiant|Booster Energy\n|-activate|p1a: Iron Valiant|ability: Quark Drive|[fromitem]\n|-start|p1a: Iron Valiant|quarkdrivespe\n|turn|1\n|\n|t:|1700697516\n|move|p1a: Iron Valiant|Aura Sphere|p2a: Mamoswine\n|-supereffective|p2a: Mamoswine\n|-damage|p2a: Mamoswine|30\/100\n|move|p2a: Mamoswine|Iron Head|p1a: Iron Valiant\n|-supereffective|p1a: Iron Valiant\n|-damage|p1a: Iron Valiant|21\/100\n|\n|upkeep\n|turn|2\n|\n|t:|1700697521\n|move|p1a: Iron Valiant|Moonblast|p2a: Mamoswine\n|-crit|p2a: Mamoswine\n|-damage|p2a: Mamoswine|0 fnt\n|faint|p2a: Mamoswine\n|\n|upkeep\n|\n|t:|1700697528\n|switch|p2a: Greninja|Greninja, M|100\/100\n|turn|3\n|\n|t:|1700697551\n|-end|p1a: Iron Valiant|Quark Drive|[silent]\n|switch|p1a: Meowscarada|Meowscarada, F|100\/100\n|move|p2a: Greninja|Water Shuriken|p1a: Meowscarada\n|-resisted|p1a: Meowscarada\n|-damage|p1a: Meowscarada|94\/100\n|-resisted|p1a: Meowscarada\n|-damage|p1a: Meowscarada|88\/100\n|-resisted|p1a: Meowscarada\n|-damage|p1a: Meowscarada|81\/100\n|-resisted|p1a: Meowscarada\n|-damage|p1a: Meowscarada|75\/100\n|-resisted|p1a: Meowscarada\n|-damage|p1a: Meowscarada|68\/100\n|-hitcount|p1a: Meowscarada|5\n|-damage|p2a: Greninja|91\/100|[from] item: Life Orb\n|\n|upkeep\n|turn|4\n|\n|t:|1700697557\n|switch|p2a: Garchomp|Garchomp, F|100\/100\n|move|p1a: Meowscarada|U-turn|p2a: Garchomp\n|-start|p1a: Meowscarada|typechange|Bug|[from] ability: Protean\n|-damage|p2a: Garchomp|67\/100\n|-damage|p1a: Meowscarada|56\/100|[from] ability: Rough Skin|[of] p2a: Garchomp\n|\n|t:|1700697565\n|switch|p1a: Iron Valiant|Iron Valiant|21\/100|[from] U-turn\n|\n|upkeep\n|turn|5\n|\n|t:|1700697572\n|switch|p2a: Pelipper|Pelipper, F|100\/100\n|-weather|RainDance|[from] ability: Drizzle|[of] p2a: Pelipper\n|move|p1a: Iron Valiant|Moonblast|p2a: Pelipper\n|-damage|p2a: Pelipper|32\/100\n|\n|-weather|RainDance|[upkeep]\n|upkeep\n|turn|6\n|\n|t:|1700697580\n|move|p1a: Iron Valiant|Moonblast|p2a: Pelipper\n|-damage|p2a: Pelipper|0 fnt\n|faint|p2a: Pelipper\n|\n|-weather|RainDance|[upkeep]\n|upkeep\n|\n|t:|1700697588\n|switch|p2a: Basculegion|Basculegion-F, F|100\/100\n|turn|7\n|\n|t:|1700697605\n|-end|p1a: Iron Valiant|Quark Drive|[silent]\n|switch|p1a: Great Tusk|Great Tusk|100\/100\n|move|p2a: Basculegion|Ice Beam|p1a: Great Tusk\n|-supereffective|p1a: Great Tusk\n|-damage|p1a: Great Tusk|0 fnt\n|faint|p1a: Great Tusk\n|-end|p1a: Great Tusk|Protosynthesis|[silent]\n|\n|-weather|RainDance|[upkeep]\n|upkeep\n|\n|t:|1700697624\n|switch|p1a: Slowking|Slowking-Galar, F|100\/100\n|turn|8\n|\n|t:|1700697639\n|move|p2a: Basculegion|Substitute|p2a: Basculegion\n|-start|p2a: Basculegion|Substitute\n|-damage|p2a: Basculegion|76\/100\n|move|p1a: Slowking|Chilly Reception|p1a: Slowking\n|-weather|Snow\n|\n|t:|1700697649\n|switch|p1a: Meowscarada|Meowscarada, F|56\/100|[from] Chilly Reception\n|\n|-weather|Snow|[upkeep]\n|upkeep\n|turn|9\n|\n|t:|1700697653\n|move|p1a: Meowscarada|U-turn|p2a: Basculegion\n|-start|p1a: Meowscarada|typechange|Bug|[from] ability: Protean\n|-resisted|p2a: Basculegion\n|-activate|p2a: Basculegion|move: Substitute|[damage]\n|\n|t:|1700697662\n|switch|p1a: Slowking|Slowking-Galar, F|100\/100|[from] U-turn\n|move|p2a: Basculegion|Hydro Pump|p1a: Slowking\n|-damage|p1a: Slowking|70\/100\n|\n|-weather|Snow|[upkeep]\n|-heal|p1a: Slowking|76\/100|[from] item: Black Sludge\n|upkeep\n|turn|10\n|\n|t:|1700697671\n|move|p2a: Basculegion|Shadow Ball|p1a: Slowking\n|-supereffective|p1a: Slowking\n|-damage|p1a: Slowking|27\/100\n|move|p1a: Slowking|Future Sight|p2a: Basculegion\n|-start|p1a: Slowking|move: Future Sight\n|\n|-weather|Snow|[upkeep]\n|-heal|p1a: Slowking|33\/100|[from] item: Black Sludge\n|upkeep\n|turn|11\n|\n|t:|1700697676\n|switch|p1a: Garganacl|Garganacl, M|100\/100\n|move|p2a: Basculegion|Shadow Ball|p1a: Garganacl\n|-damage|p1a: Garganacl|88\/100\n|\n|-weather|Snow|[upkeep]\n|-heal|p1a: Garganacl|95\/100|[from] item: Leftovers\n|upkeep\n|turn|12\n|\n|t:|1700697684\n|switch|p1a: Meowscarada|Meowscarada, F|56\/100\n|move|p2a: Basculegion|Hydro Pump|p1a: Meowscarada|[miss]\n|-miss|p2a: Basculegion|p1a: Meowscarada\n|\n|-weather|none\n|-end|p2a: Basculegion|move: Future Sight\n|-end|p2a: Basculegion|Substitute\n|upkeep\n|turn|13\n|\n|t:|1700697689\n|move|p1a: Meowscarada|Flower Trick|p2a: Basculegion\n|-start|p1a: Meowscarada|typechange|Grass|[from] ability: Protean\n|-supereffective|p2a: Basculegion\n|-crit|p2a: Basculegion\n|-damage|p2a: Basculegion|0 fnt\n|faint|p2a: Basculegion\n|\n|upkeep\n|\n|t:|1700697700\n|switch|p2a: Garchomp|Garchomp, F|67\/100\n|turn|14\n|\n|t:|1700697703\n|switch|p1a: Iron Valiant|Iron Valiant|21\/100\n|move|p2a: Garchomp|Earthquake|p1a: Iron Valiant\n|-damage|p1a: Iron Valiant|0 fnt\n|faint|p1a: Iron Valiant\n|-end|p1a: Iron Valiant|Quark Drive|[silent]\n|\n|upkeep\n|\n|t:|1700697717\n|switch|p1a: Meowscarada|Meowscarada, F|56\/100\n|turn|15\n|\n|t:|1700697721\n|move|p1a: Meowscarada|Play Rough|p2a: Garchomp\n|-start|p1a: Meowscarada|typechange|Fairy|[from] ability: Protean\n|-supereffective|p2a: Garchomp\n|-damage|p2a: Garchomp|0 fnt\n|-damage|p1a: Meowscarada|44\/100|[from] ability: Rough Skin|[of] p2a: Garchomp\n|faint|p2a: Garchomp\n|\n|upkeep\n|\n|t:|1700697729\n|switch|p2a: Greninja|Greninja, M|91\/100\n|turn|16\n|\n|t:|1700697750\n|switch|p1a: Dragonite|Dragonite, M|100\/100\n|move|p2a: Greninja|Water Shuriken|p1a: Dragonite\n|-resisted|p1a: Dragonite\n|-damage|p1a: Dragonite|98\/100\n|-resisted|p1a: Dragonite\n|-damage|p1a: Dragonite|93\/100\n|-resisted|p1a: Dragonite\n|-damage|p1a: Dragonite|88\/100\n|-hitcount|p1a: Dragonite|3\n|-damage|p2a: Greninja|81\/100|[from] item: Life Orb\n|\n|upkeep\n|turn|17\n|\n|t:|1700697754\n|-terastallize|p1a: Dragonite|Normal\n|move|p1a: Dragonite|Extreme Speed|p2a: Greninja\n|-damage|p2a: Greninja|9\/100\n|move|p2a: Greninja|Ice Beam|p1a: Dragonite\n|-damage|p1a: Dragonite|50\/100\n|-damage|p2a: Greninja|0 fnt|[from] item: Life Orb\n|faint|p2a: Greninja\n|\n|upkeep\n|\n|t:|1700697756\n|switch|p2a: Floatzel|Floatzel, F|100\/100\n|turn|18\n|\n|t:|1700697764\n|-terastallize|p2a: Floatzel|Bug\n|move|p1a: Dragonite|Extreme Speed|p2a: Floatzel\n|-damage|p2a: Floatzel|23\/100\n|move|p2a: Floatzel|Fury Cutter|p1a: Dragonite\n|-damage|p1a: Dragonite|19\/100\n|\n|upkeep\n|turn|19\n|\n|t:|1700697769\n|move|p1a: Dragonite|Extreme Speed|p2a: Floatzel\n|-damage|p2a: Floatzel|0 fnt\n|faint|p2a: Floatzel\n|\n|win|Sick Fiesta\n|raw|Sick Fiesta's rating: 1652 &rarr; <strong>1668<\/strong><br \/>(+16 for winning)\n|raw|NFE is a real tier's rating: 1584 &rarr; <strong>1568<\/strong><br \/>(-16 for losing)\n|l|\u2606NFE is a real tier\n","uploadtime":1700697975,"views":4,"p1id":"sickfiesta","p2id":"nfeisarealtier","formatid":"gen9ou","rating":1568,"private":0,"password":""}