{"id":"gen9ou-1991145697","p1":"dwbgdvwgavd","p2":"elqixr","format":"[Gen 9] OU","log":"|j|\u2606dwbgdvwgavd\n|j|\u2606elqixr\n|t:|1700049817\n|gametype|singles\n|player|p1|dwbgdvwgavd|gentleman|1052\n|player|p2|elqixr|n|1060\n|teamsize|p1|6\n|teamsize|p2|6\n|gen|9\n|tier|[Gen 9] OU\n|rated|\n|rule|Sleep Clause Mod: Limit one foe put to sleep\n|rule|Species Clause: Limit one of each Pok\u00e9mon\n|rule|OHKO Clause: OHKO moves are banned\n|rule|Evasion Items Clause: Evasion items are banned\n|rule|Evasion Moves Clause: Evasion moves are banned\n|rule|Endless Battle Clause: Forcing endless battles is banned\n|rule|HP Percentage Mod: HP is shown in percentages\n|clearpoke\n|poke|p1|Rillaboom, F|\n|poke|p1|Iron Valiant|\n|poke|p1|Maushold|\n|poke|p1|Heatran, M|\n|poke|p1|Great Tusk|\n|poke|p1|Sneasler, M|\n|poke|p2|Bronzong|\n|poke|p2|Toxapex, M|\n|poke|p2|Landorus-Therian, M|\n|poke|p2|Great Tusk|\n|poke|p2|Ogerpon-Wellspring, F|\n|poke|p2|Arcanine-Hisui, M|\n|teampreview\n|\n|t:|1700049831\n|start\n|switch|p1a: SAVOURAS|Heatran, M|100\/100\n|switch|p2a: toxicman|Toxapex, M, shiny|100\/100\n|-item|p1a: SAVOURAS|Air Balloon\n|turn|1\n|\n|t:|1700049836\n|move|p1a: SAVOURAS|Magma Storm|p2a: toxicman\n|-resisted|p2a: toxicman\n|-damage|p2a: toxicman|84\/100\n|-activate|p2a: toxicman|move: Magma Storm|[of] p1a: SAVOURAS\n|move|p2a: toxicman|Surf|p1a: SAVOURAS\n|-supereffective|p1a: SAVOURAS\n|-damage|p1a: SAVOURAS|70\/100\n|-enditem|p1a: SAVOURAS|Air Balloon\n|\n|-heal|p2a: toxicman|91\/100|[from] item: Black Sludge\n|-damage|p2a: toxicman|78\/100|[from] move: Magma Storm|[partiallytrapped]\n|upkeep\n|turn|2\n|\n|t:|1700049846\n|move|p1a: SAVOURAS|Earth Power|p2a: toxicman\n|-supereffective|p2a: toxicman\n|-damage|p2a: toxicman|39\/100\n|move|p2a: toxicman|Surf|p1a: SAVOURAS\n|-supereffective|p1a: SAVOURAS\n|-damage|p1a: SAVOURAS|36\/100\n|\n|-heal|p2a: toxicman|45\/100|[from] item: Black Sludge\n|-damage|p2a: toxicman|32\/100|[from] move: Magma Storm|[partiallytrapped]\n|upkeep\n|turn|3\n|\n|t:|1700049851\n|move|p2a: toxicman|Baneful Bunker|p2a: toxicman\n|-singleturn|p2a: toxicman|move: Protect\n|move|p1a: SAVOURAS|Taunt|p2a: toxicman\n|-activate|p2a: toxicman|move: Protect\n|\n|-heal|p2a: toxicman|39\/100|[from] item: Black Sludge\n|-damage|p2a: toxicman|26\/100|[from] move: Magma Storm|[partiallytrapped]\n|upkeep\n|turn|4\n|\n|t:|1700049856\n|move|p1a: SAVOURAS|Taunt|p2a: toxicman\n|-start|p2a: toxicman|move: Taunt\n|move|p2a: toxicman|Surf|p1a: SAVOURAS\n|-supereffective|p1a: SAVOURAS\n|-damage|p1a: SAVOURAS|0 fnt\n|faint|p1a: SAVOURAS\n|\n|-heal|p2a: toxicman|32\/100|[from] item: Black Sludge\n|-end|p2a: toxicman|Magma Storm|[partiallytrapped]|[silent]\n|upkeep\n|inactive|Battle timer is ON: inactive players will automatically lose when time's up. (requested by elqixr)\n|\n|t:|1700049881\n|switch|p1a: GREAT FREEZAI|Great Tusk|100\/100\n|-enditem|p1a: GREAT FREEZAI|Booster Energy\n|-activate|p1a: GREAT FREEZAI|ability: Protosynthesis|[fromitem]\n|-start|p1a: GREAT FREEZAI|protosynthesisspe\n|turn|5\n|\n|t:|1700049893\n|switch|p2a: lando|Landorus-Therian, M, shiny|100\/100\n|-ability|p2a: lando|Intimidate|boost\n|-unboost|p1a: GREAT FREEZAI|atk|1\n|move|p1a: GREAT FREEZAI|Close Combat|p2a: lando\n|-resisted|p2a: lando\n|-damage|p2a: lando|79\/100\n|-unboost|p1a: GREAT FREEZAI|def|1\n|-unboost|p1a: GREAT FREEZAI|spd|1\n|-damage|p1a: GREAT FREEZAI|84\/100|[from] item: Rocky Helmet|[of] p2a: lando\n|\n|upkeep\n|turn|6\n|\n|t:|1700049900\n|switch|p2a: toxicman|Toxapex, M, shiny|66\/100\n|move|p1a: GREAT FREEZAI|Ice Spinner|p2a: toxicman\n|-resisted|p2a: toxicman\n|-damage|p2a: toxicman|60\/100\n|\n|-heal|p2a: toxicman|66\/100|[from] item: Black Sludge\n|upkeep\n|turn|7\n|\n|t:|1700049908\n|-end|p1a: GREAT FREEZAI|Protosynthesis|[silent]\n|switch|p1a: HOWKINGS|Maushold|100\/100\n|move|p2a: toxicman|Toxic|p1a: HOWKINGS\n|-status|p1a: HOWKINGS|tox\n|\n|-heal|p2a: toxicman|72\/100|[from] item: Black Sludge\n|-damage|p1a: HOWKINGS|94\/100 tox|[from] psn\n|upkeep\n|turn|8\n|\n|t:|1700049914\n|move|p2a: toxicman|Baneful Bunker|p2a: toxicman\n|-singleturn|p2a: toxicman|move: Protect\n|move|p1a: HOWKINGS|Population Bomb|p2a: toxicman\n|-activate|p2a: toxicman|move: Protect\n|\n|-heal|p2a: toxicman|78\/100|[from] item: Black Sludge\n|-damage|p1a: HOWKINGS|82\/100 tox|[from] psn\n|upkeep\n|turn|9\n|\n|t:|1700049918\n|switch|p2a: big dawg|Bronzong|100\/100\n|move|p1a: HOWKINGS|Encore||[still]\n|-fail|p1a: HOWKINGS\n|\n|-damage|p1a: HOWKINGS|63\/100 tox|[from] psn\n|upkeep\n|turn|10\n|\n|t:|1700049921\n|switch|p1a: VIVALOSPRIDE|Rillaboom, F|100\/100\n|-fieldstart|move: Grassy Terrain|[from] ability: Grassy Surge|[of] p1a: VIVALOSPRIDE\n|move|p2a: big dawg|Body Press|p1a: VIVALOSPRIDE\n|-damage|p1a: VIVALOSPRIDE|75\/100\n|\n|-heal|p1a: VIVALOSPRIDE|81\/100|[from] Grassy Terrain\n|upkeep\n|turn|11\n|\n|t:|1700049926\n|move|p1a: VIVALOSPRIDE|Knock Off|p2a: big dawg\n|-supereffective|p2a: big dawg\n|-damage|p2a: big dawg|52\/100\n|-enditem|p2a: big dawg|Leftovers|[from] move: Knock Off|[of] p1a: VIVALOSPRIDE\n|move|p2a: big dawg|Gyro Ball|p1a: VIVALOSPRIDE\n|-damage|p1a: VIVALOSPRIDE|54\/100\n|\n|-heal|p1a: VIVALOSPRIDE|60\/100|[from] Grassy Terrain\n|upkeep\n|turn|12\n|\n|t:|1700049938\n|switch|p2a: toxicman|Toxapex, M, shiny|100\/100\n|move|p1a: VIVALOSPRIDE|Knock Off|p2a: toxicman\n|-damage|p2a: toxicman|74\/100\n|-enditem|p2a: toxicman|Black Sludge|[from] move: Knock Off|[of] p1a: VIVALOSPRIDE\n|\n|-heal|p1a: VIVALOSPRIDE|66\/100|[from] Grassy Terrain\n|-heal|p2a: toxicman|80\/100|[from] Grassy Terrain\n|upkeep\n|turn|13\n|\n|t:|1700049944\n|switch|p1a: HOWKINGS|Maushold|63\/100 tox\n|move|p2a: toxicman|Toxic|p1a: HOWKINGS\n|-fail|p1a: HOWKINGS|tox\n|\n|-heal|p1a: HOWKINGS|69\/100 tox|[from] Grassy Terrain\n|-heal|p2a: toxicman|86\/100|[from] Grassy Terrain\n|-damage|p1a: HOWKINGS|63\/100 tox|[from] psn\n|upkeep\n|turn|14\n|\n|t:|1700049949\n|move|p1a: HOWKINGS|Tidy Up|p1a: HOWKINGS\n|-boost|p1a: HOWKINGS|atk|1\n|-boost|p1a: HOWKINGS|spe|1\n|move|p2a: toxicman|Surf|p1a: HOWKINGS\n|-damage|p1a: HOWKINGS|34\/100 tox\n|\n|-heal|p1a: HOWKINGS|40\/100 tox|[from] Grassy Terrain\n|-heal|p2a: toxicman|92\/100|[from] Grassy Terrain\n|-damage|p1a: HOWKINGS|28\/100 tox|[from] psn\n|-fieldend|move: Grassy Terrain\n|upkeep\n|turn|15\n|\n|t:|1700049955\n|move|p2a: toxicman|Baneful Bunker|p2a: toxicman\n|-singleturn|p2a: toxicman|move: Protect\n|move|p1a: HOWKINGS|Tidy Up|p1a: HOWKINGS\n|-boost|p1a: HOWKINGS|atk|1\n|-boost|p1a: HOWKINGS|spe|1\n|\n|-damage|p1a: HOWKINGS|9\/100 tox|[from] psn\n|upkeep\n|turn|16\n|\n|t:|1700049961\n|move|p1a: HOWKINGS|Population Bomb|p2a: toxicman\n|-damage|p2a: toxicman|75\/100\n|-damage|p2a: toxicman|58\/100\n|-damage|p2a: toxicman|40\/100\n|-damage|p2a: toxicman|22\/100\n|-crit|p2a: toxicman\n|-damage|p2a: toxicman|0 fnt\n|faint|p2a: toxicman\n|-hitcount|p2: toxicman|5\n|\n|-damage|p1a: HOWKINGS|0 fnt|[from] psn\n|faint|p1a: HOWKINGS\n|upkeep\n|\n|t:|1700049974\n|switch|p1a: GREAT FREEZAI|Great Tusk|84\/100\n|switch|p2a: whitebeard|Great Tusk|100\/100\n|turn|17\n|\n|t:|1700049987\n|-end|p1a: GREAT FREEZAI|Protosynthesis|[silent]\n|switch|p1a: IRON PUNNY|Iron Valiant|100\/100\n|-enditem|p1a: IRON PUNNY|Booster Energy\n|-activate|p1a: IRON PUNNY|ability: Quark Drive|[fromitem]\n|-start|p1a: IRON PUNNY|quarkdrivespe\n|-end|p2a: whitebeard|Protosynthesis|[silent]\n|switch|p2a: micheal jackson|Ogerpon-Wellspring, F|100\/100\n|\n|upkeep\n|turn|18\n|\n|t:|1700049996\n|move|p1a: IRON PUNNY|Moonblast|p2a: micheal jackson\n|-damage|p2a: micheal jackson|46\/100\n|move|p2a: micheal jackson|Ivy Cudgel|p1a: IRON PUNNY|[anim] Ivy Cudgel Water\n|-damage|p1a: IRON PUNNY|20\/100\n|\n|upkeep\n|turn|19\n|\n|t:|1700050001\n|switch|p2a: big dawg|Bronzong|52\/100\n|move|p1a: IRON PUNNY|Moonblast|p2a: big dawg\n|-resisted|p2a: big dawg\n|-damage|p2a: big dawg|32\/100\n|-unboost|p2a: big dawg|spa|1\n|\n|upkeep\n|turn|20\n|\n|t:|1700050007\n|move|p1a: IRON PUNNY|Thunderbolt|p2a: big dawg\n|-damage|p2a: big dawg|6\/100\n|-status|p2a: big dawg|par\n|move|p2a: big dawg|Gyro Ball|p1a: IRON PUNNY\n|-supereffective|p1a: IRON PUNNY\n|-damage|p1a: IRON PUNNY|0 fnt\n|faint|p1a: IRON PUNNY\n|-end|p1a: IRON PUNNY|Quark Drive|[silent]\n|\n|upkeep\n|\n|t:|1700050016\n|switch|p1a: GREAT FREEZAI|Great Tusk|84\/100\n|turn|21\n|\n|t:|1700050020\n|switch|p2a: lando|Landorus-Therian, M, shiny|79\/100\n|-ability|p2a: lando|Intimidate|boost\n|-unboost|p1a: GREAT FREEZAI|atk|1\n|move|p1a: GREAT FREEZAI|Ice Spinner|p2a: lando\n|-supereffective|p2a: lando\n|-damage|p2a: lando|12\/100\n|-damage|p1a: GREAT FREEZAI|67\/100|[from] item: Rocky Helmet|[of] p2a: lando\n|\n|upkeep\n|turn|22\n|\n|t:|1700050028\n|move|p2a: lando|Earthquake|p1a: GREAT FREEZAI\n|-damage|p1a: GREAT FREEZAI|34\/100\n|move|p1a: GREAT FREEZAI|Ice Spinner|p2a: lando\n|-supereffective|p2a: lando\n|-damage|p2a: lando|0 fnt\n|-damage|p1a: GREAT FREEZAI|17\/100|[from] item: Rocky Helmet|[of] p2a: lando\n|faint|p2a: lando\n|\n|upkeep\n|\n|t:|1700050032\n|switch|p2a: micheal jackson|Ogerpon-Wellspring, F|46\/100\n|turn|23\n|\n|t:|1700050043\n|move|p2a: micheal jackson|Horn Leech|p1a: GREAT FREEZAI\n|-supereffective|p1a: GREAT FREEZAI\n|-damage|p1a: GREAT FREEZAI|0 fnt\n|-heal|p2a: micheal jackson|58\/100|[from] drain|[of] p1a: GREAT FREEZAI\n|faint|p1a: GREAT FREEZAI\n|-end|p1a: GREAT FREEZAI|Protosynthesis|[silent]\n|\n|upkeep\n|\n|t:|1700050048\n|switch|p1a: VIVALOSPRIDE|Rillaboom, F|66\/100\n|-fieldstart|move: Grassy Terrain|[from] ability: Grassy Surge|[of] p1a: VIVALOSPRIDE\n|turn|24\n|\n|t:|1700050054\n|move|p2a: micheal jackson|Knock Off|p1a: VIVALOSPRIDE\n|-damage|p1a: VIVALOSPRIDE|24\/100\n|-enditem|p1a: VIVALOSPRIDE|Heavy-Duty Boots|[from] move: Knock Off|[of] p2a: micheal jackson\n|move|p1a: VIVALOSPRIDE|U-turn|p2a: micheal jackson\n|-supereffective|p2a: micheal jackson\n|-damage|p2a: micheal jackson|0 fnt\n|faint|p2a: micheal jackson\n|\n|t:|1700050062\n|switch|p1a: ISZA (2X SPEED)|Sneasler, M|100\/100|[from] U-turn\n|-enditem|p1a: ISZA (2X SPEED)|Grassy Seed\n|-boost|p1a: ISZA (2X SPEED)|def|1|[from] item: Grassy Seed\n|\n|upkeep\n|\n|t:|1700050066\n|switch|p2a: xiaoming|Arcanine-Hisui, M, shiny|100\/100\n|turn|25\n|\n|t:|1700050087\n|-terastallize|p1a: ISZA (2X SPEED)|Ghost\n|-terastallize|p2a: xiaoming|Normal\n|move|p2a: xiaoming|Extreme Speed|p1a: ISZA (2X SPEED)\n|-immune|p1a: ISZA (2X SPEED)\n|move|p1a: ISZA (2X SPEED)|Close Combat|p2a: xiaoming\n|-supereffective|p2a: xiaoming\n|-crit|p2a: xiaoming\n|-damage|p2a: xiaoming|0 fnt\n|-unboost|p1a: ISZA (2X SPEED)|def|1\n|-unboost|p1a: ISZA (2X SPEED)|spd|1\n|faint|p2a: xiaoming\n|\n|upkeep\n|\n|t:|1700050104\n|switch|p2a: big dawg|Bronzong|6\/100 par\n|turn|26\n|\n|t:|1700050112\n|move|p1a: ISZA (2X SPEED)|Shadow Claw|p2a: big dawg\n|-supereffective|p2a: big dawg\n|-crit|p2a: big dawg\n|-damage|p2a: big dawg|0 fnt\n|faint|p2a: big dawg\n|\n|upkeep\n|\n|t:|1700050115\n|switch|p2a: whitebeard|Great Tusk|100\/100\n|turn|27\n|\n|t:|1700050121\n|move|p1a: ISZA (2X SPEED)|Swords Dance|p1a: ISZA (2X SPEED)\n|-boost|p1a: ISZA (2X SPEED)|atk|2\n|move|p2a: whitebeard|Ice Spinner|p1a: ISZA (2X SPEED)\n|-damage|p1a: ISZA (2X SPEED)|62\/100\n|-fieldend|move: Grassy Terrain\n|\n|upkeep\n|turn|28\n|\n|t:|1700050128\n|move|p1a: ISZA (2X SPEED)|Close Combat|p2a: whitebeard\n|-damage|p2a: whitebeard|0 fnt\n|-unboost|p1a: ISZA (2X SPEED)|def|1\n|-unboost|p1a: ISZA (2X SPEED)|spd|1\n|faint|p2a: whitebeard\n|-end|p2a: whitebeard|Protosynthesis|[silent]\n|\n|win|dwbgdvwgavd\n|raw|dwbgdvwgavd's rating: 1052 &rarr; <strong>1085<\/strong><br \/>(+33 for winning)\n|raw|elqixr's rating: 1060 &rarr; <strong>1041<\/strong><br \/>(-19 for losing)\n","uploadtime":1700050132,"views":7,"p1id":"dwbgdvwgavd","p2id":"elqixr","formatid":"gen9ou","rating":1041,"private":0,"password":""}