{"id":"gen9ou-1997719394","p1":"idiotgirl","p2":"BirbGuyMan","format":"[Gen 9] OU","log":"|j|\u2606idiotgirl\n|j|\u2606BirbGuyMan\n|t:|1700845378\n|gametype|singles\n|player|p1|idiotgirl|2|1251\n|player|p2|BirbGuyMan|2|1163\n|teamsize|p1|6\n|teamsize|p2|6\n|gen|9\n|tier|[Gen 9] OU\n|rated|\n|rule|Sleep Clause Mod: Limit one foe put to sleep\n|rule|Species Clause: Limit one of each Pok\u00e9mon\n|rule|OHKO Clause: OHKO moves are banned\n|rule|Evasion Items Clause: Evasion items are banned\n|rule|Evasion Moves Clause: Evasion moves are banned\n|rule|Endless Battle Clause: Forcing endless battles is banned\n|rule|HP Percentage Mod: HP is shown in percentages\n|clearpoke\n|poke|p1|Kingambit, F|\n|poke|p1|Great Tusk|\n|poke|p1|Dragapult, F|\n|poke|p1|Ogerpon-Wellspring, F|\n|poke|p1|Blissey, F|\n|poke|p1|Zapdos|\n|poke|p2|Heatran, M|\n|poke|p2|Zapdos|\n|poke|p2|Great Tusk|\n|poke|p2|Iron Moth|\n|poke|p2|Landorus-Therian, M|\n|poke|p2|Samurott-Hisui, M|\n|teampreview\n|\n|t:|1700845389\n|start\n|switch|p1a: Ogerpon|Ogerpon-Wellspring, F|100\/100\n|switch|p2a: The GOAT|Landorus-Therian, M|100\/100\n|-ability|p2a: The GOAT|Intimidate|boost\n|-unboost|p1a: Ogerpon|atk|1\n|turn|1\n|\n|t:|1700845396\n|move|p1a: Ogerpon|U-turn|p2a: The GOAT\n|-resisted|p2a: The GOAT\n|-damage|p2a: The GOAT|94\/100\n|-damage|p1a: Ogerpon|84\/100|[from] item: Rocky Helmet|[of] p2a: The GOAT\n|\n|t:|1700845405\n|switch|p1a: Great Tusk|Great Tusk|100\/100|[from] U-turn\n|move|p2a: The GOAT|U-turn|p1a: Great Tusk\n|-resisted|p1a: Great Tusk\n|-damage|p1a: Great Tusk|94\/100\n|\n|t:|1700845416\n|switch|p2a: Gliscor-T|Great Tusk|100\/100|[from] U-turn\n|\n|-heal|p1a: Great Tusk|99\/100|[from] item: Leftovers\n|upkeep\n|turn|2\n|\n|t:|1700845429\n|move|p1a: Great Tusk|Bulk Up|p1a: Great Tusk\n|-boost|p1a: Great Tusk|atk|1\n|-boost|p1a: Great Tusk|def|1\n|move|p2a: Gliscor-T|Knock Off|p1a: Great Tusk\n|-resisted|p1a: Great Tusk\n|-damage|p1a: Great Tusk|89\/100\n|-enditem|p1a: Great Tusk|Leftovers|[from] move: Knock Off|[of] p2a: Gliscor-T\n|\n|upkeep\n|turn|3\n|\n|t:|1700845435\n|-end|p2a: Gliscor-T|Protosynthesis|[silent]\n|switch|p2a: The GOAT|Landorus-Therian, M|94\/100\n|-ability|p2a: The GOAT|Intimidate|boost\n|-unboost|p1a: Great Tusk|atk|1\n|move|p1a: Great Tusk|Bulk Up|p1a: Great Tusk\n|-boost|p1a: Great Tusk|atk|1\n|-boost|p1a: Great Tusk|def|1\n|\n|upkeep\n|turn|4\n|\n|t:|1700845456\n|move|p1a: Great Tusk|Bulk Up|p1a: Great Tusk\n|-boost|p1a: Great Tusk|atk|1\n|-boost|p1a: Great Tusk|def|1\n|move|p2a: The GOAT|U-turn|p1a: Great Tusk\n|-resisted|p1a: Great Tusk\n|-damage|p1a: Great Tusk|86\/100\n|\n|t:|1700845460\n|switch|p2a: Hummingbird|Zapdos, shiny|100\/100|[from] U-turn\n|\n|upkeep\n|turn|5\n|\n|t:|1700845468\n|-terastallize|p1a: Great Tusk|Steel\n|move|p1a: Great Tusk|Knock Off|p2a: Hummingbird\n|-damage|p2a: Hummingbird|58\/100\n|-status|p1a: Great Tusk|par|[from] ability: Static|[of] p2a: Hummingbird\n|-enditem|p2a: Hummingbird|Heavy-Duty Boots|[from] move: Knock Off|[of] p1a: Great Tusk\n|move|p2a: Hummingbird|Hurricane|p1a: Great Tusk\n|-resisted|p1a: Great Tusk\n|-damage|p1a: Great Tusk|56\/100 par\n|-start|p1a: Great Tusk|confusion\n|\n|upkeep\n|turn|6\n|\n|t:|1700845487\n|move|p2a: Hummingbird|Volt Switch|p1a: Great Tusk\n|-damage|p1a: Great Tusk|19\/100 par\n|\n|t:|1700845501\n|switch|p2a: The GOAT|Landorus-Therian, M|94\/100|[from] Volt Switch\n|-ability|p2a: The GOAT|Intimidate|boost\n|-unboost|p1a: Great Tusk|atk|1\n|-activate|p1a: Great Tusk|confusion\n|-damage|p1a: Great Tusk|15\/100 par|[from] confusion\n|\n|upkeep\n|turn|7\n|\n|t:|1700845510\n|move|p2a: The GOAT|Earthquake|p1a: Great Tusk\n|-supereffective|p1a: Great Tusk\n|-damage|p1a: Great Tusk|0 fnt\n|faint|p1a: Great Tusk\n|-end|p1a: Great Tusk|Protosynthesis|[silent]\n|\n|upkeep\n|\n|t:|1700845516\n|switch|p1a: Dragapult|Dragapult, F|100\/100\n|turn|8\n|\n|t:|1700845523\n|move|p1a: Dragapult|Draco Meteor|p2a: The GOAT\n|-damage|p2a: The GOAT|0 fnt\n|-unboost|p1a: Dragapult|spa|2\n|faint|p2a: The GOAT\n|\n|upkeep\n|\n|t:|1700845533\n|switch|p2a: Mechamothra|Iron Moth|100\/100\n|-enditem|p2a: Mechamothra|Booster Energy\n|-activate|p2a: Mechamothra|ability: Quark Drive|[fromitem]\n|-start|p2a: Mechamothra|quarkdrivespe\n|turn|9\n|inactive|Battle timer is ON: inactive players will automatically lose when time's up. (requested by idiotgirl)\n|\n|t:|1700845562\n|switch|p1a: Blissey|Blissey, F|100\/100\n|move|p2a: Mechamothra|Substitute|p2a: Mechamothra\n|-start|p2a: Mechamothra|Substitute\n|-damage|p2a: Mechamothra|76\/100\n|\n|upkeep\n|turn|10\n|\n|t:|1700845567\n|move|p2a: Mechamothra|Fiery Dance|p1a: Blissey\n|-damage|p1a: Blissey|85\/100\n|move|p1a: Blissey|Seismic Toss|p2a: Mechamothra\n|-end|p2a: Mechamothra|Substitute\n|\n|upkeep\n|turn|11\n|\n|t:|1700845576\n|-end|p2a: Mechamothra|Quark Drive|[silent]\n|switch|p2a: Otter|Samurott-Hisui, M|100\/100\n|move|p1a: Blissey|Seismic Toss|p2a: Otter\n|-damage|p2a: Otter|69\/100\n|\n|upkeep\n|turn|12\n|\n|t:|1700845593\n|switch|p1a: Zapdos|Zapdos|100\/100\n|move|p2a: Otter|Sacred Sword|p1a: Zapdos\n|-resisted|p1a: Zapdos\n|-damage|p1a: Zapdos|84\/100\n|\n|upkeep\n|turn|13\n|\n|t:|1700845601\n|switch|p2a: Hummingbird|Zapdos, shiny|58\/100\n|move|p1a: Zapdos|Volt Switch|p2a: Hummingbird\n|-damage|p2a: Hummingbird|30\/100\n|\n|t:|1700845607\n|switch|p1a: Dragapult|Dragapult, F|100\/100|[from] Volt Switch\n|\n|upkeep\n|turn|14\n|\n|t:|1700845613\n|move|p1a: Dragapult|Shadow Ball|p2a: Hummingbird\n|-damage|p2a: Hummingbird|0 fnt\n|faint|p2a: Hummingbird\n|\n|upkeep\n|\n|t:|1700845622\n|switch|p2a: Roach|Heatran, M|100\/100\n|turn|15\n|\n|t:|1700845636\n|move|p1a: Dragapult|Shadow Ball|p2a: Roach\n|-damage|p2a: Roach|67\/100\n|move|p2a: Roach|Will-O-Wisp|p1a: Dragapult\n|-status|p1a: Dragapult|brn\n|\n|-heal|p2a: Roach|73\/100|[from] item: Leftovers\n|-damage|p1a: Dragapult|95\/100 brn|[from] brn\n|upkeep\n|turn|16\n|\n|t:|1700845645\n|move|p2a: Roach|Protect|p2a: Roach\n|-singleturn|p2a: Roach|Protect\n|move|p1a: Dragapult|Shadow Ball|p2a: Roach\n|-activate|p2a: Roach|move: Protect\n|\n|-heal|p2a: Roach|79\/100|[from] item: Leftovers\n|-damage|p1a: Dragapult|89\/100 brn|[from] brn\n|upkeep\n|turn|17\n|\n|t:|1700845653\n|switch|p2a: Otter|Samurott-Hisui, M|69\/100\n|move|p1a: Dragapult|Shadow Ball|p2a: Otter\n|-resisted|p2a: Otter\n|-damage|p2a: Otter|44\/100\n|\n|-damage|p1a: Dragapult|83\/100 brn|[from] brn\n|upkeep\n|turn|18\n|\n|t:|1700845662\n|switch|p1a: Zapdos|Zapdos|84\/100\n|-terastallize|p2a: Otter|Fairy\n|move|p2a: Otter|Ceaseless Edge|p1a: Zapdos\n|-damage|p1a: Zapdos|47\/100\n|-sidestart|p1: idiotgirl|Spikes\n|\n|upkeep\n|turn|19\n|\n|t:|1700845674\n|move|p2a: Otter|Ceaseless Edge|p1a: Zapdos\n|-damage|p1a: Zapdos|12\/100\n|-sidestart|p1: idiotgirl|Spikes\n|move|p1a: Zapdos|Hurricane|p2a: Otter\n|-damage|p2a: Otter|0 fnt\n|faint|p2a: Otter\n|\n|upkeep\n|\n|t:|1700845679\n|switch|p2a: Roach|Heatran, M|79\/100\n|turn|20\n|\n|t:|1700845684\n|move|p2a: Roach|Protect|p2a: Roach\n|-singleturn|p2a: Roach|Protect\n|move|p1a: Zapdos|Volt Switch|p2a: Roach\n|-activate|p2a: Roach|move: Protect\n|\n|-heal|p2a: Roach|85\/100|[from] item: Leftovers\n|upkeep\n|turn|21\n|\n|t:|1700845692\n|move|p1a: Zapdos|Volt Switch|p2a: Roach\n|-damage|p2a: Roach|68\/100\n|\n|t:|1700845699\n|switch|p1a: Ogerpon|Ogerpon-Wellspring, F|84\/100|[from] Volt Switch\n|-damage|p1a: Ogerpon|67\/100|[from] Spikes\n|move|p2a: Roach|Magma Storm|p1a: Ogerpon\n|-damage|p1a: Ogerpon|19\/100\n|-activate|p1a: Ogerpon|move: Magma Storm|[of] p2a: Roach\n|\n|-heal|p2a: Roach|74\/100|[from] item: Leftovers\n|-damage|p1a: Ogerpon|7\/100|[from] move: Magma Storm|[partiallytrapped]\n|upkeep\n|turn|22\n|\n|t:|1700845706\n|move|p2a: Roach|Protect|p2a: Roach\n|-singleturn|p2a: Roach|Protect\n|move|p1a: Ogerpon|Ivy Cudgel|p2a: Roach|[anim] Ivy Cudgel Water\n|-activate|p2a: Roach|move: Protect\n|\n|-heal|p2a: Roach|80\/100|[from] item: Leftovers\n|-damage|p1a: Ogerpon|0 fnt|[from] move: Magma Storm|[partiallytrapped]\n|faint|p1a: Ogerpon\n|upkeep\n|\n|t:|1700845712\n|switch|p1a: Dragapult|Dragapult, F|83\/100 brn\n|-damage|p1a: Dragapult|66\/100 brn|[from] Spikes\n|turn|23\n|\n|t:|1700845718\n|move|p1a: Dragapult|Shadow Ball|p2a: Roach\n|-damage|p2a: Roach|49\/100\n|move|p2a: Roach|Earth Power|p1a: Dragapult\n|-damage|p1a: Dragapult|27\/100 brn\n|\n|-heal|p2a: Roach|55\/100|[from] item: Leftovers\n|-damage|p1a: Dragapult|21\/100 brn|[from] brn\n|upkeep\n|turn|24\n|\n|t:|1700845726\n|move|p2a: Roach|Protect|p2a: Roach\n|-singleturn|p2a: Roach|Protect\n|move|p1a: Dragapult|Shadow Ball|p2a: Roach\n|-activate|p2a: Roach|move: Protect\n|\n|-heal|p2a: Roach|61\/100|[from] item: Leftovers\n|-damage|p1a: Dragapult|15\/100 brn|[from] brn\n|upkeep\n|turn|25\n|\n|t:|1700845732\n|move|p1a: Dragapult|Shadow Ball|p2a: Roach\n|-damage|p2a: Roach|30\/100\n|move|p2a: Roach|Earth Power|p1a: Dragapult\n|-damage|p1a: Dragapult|0 fnt\n|faint|p1a: Dragapult\n|\n|-heal|p2a: Roach|37\/100|[from] item: Leftovers\n|upkeep\n|\n|t:|1700845738\n|switch|p1a: Kingambit|Kingambit, F|100\/100\n|-damage|p1a: Kingambit|84\/100|[from] Spikes\n|-activate|p1a: Kingambit|ability: Supreme Overlord\n|-start|p1a: Kingambit|fallen3|[silent]\n|turn|26\n|\n|t:|1700845750\n|switch|p2a: Gliscor-T|Great Tusk|100\/100\n|move|p1a: Kingambit|Kowtow Cleave|p2a: Gliscor-T\n|-resisted|p2a: Gliscor-T\n|-damage|p2a: Gliscor-T|78\/100\n|\n|upkeep\n|turn|27\n|\n|t:|1700845769\n|-end|p2a: Gliscor-T|Protosynthesis|[silent]\n|switch|p2a: Mechamothra|Iron Moth|76\/100\n|-end|p1a: Kingambit|fallen3|[silent]\n|switch|p1a: Zapdos|Zapdos|12\/100\n|\n|upkeep\n|turn|28\n|\n|t:|1700845776\n|move|p2a: Mechamothra|Fiery Dance|p1a: Zapdos\n|-damage|p1a: Zapdos|0 fnt\n|-boost|p2a: Mechamothra|spa|1\n|faint|p1a: Zapdos\n|\n|upkeep\n|\n|t:|1700845780\n|switch|p1a: Kingambit|Kingambit, F|84\/100\n|-damage|p1a: Kingambit|67\/100|[from] Spikes\n|-activate|p1a: Kingambit|ability: Supreme Overlord\n|-start|p1a: Kingambit|fallen4|[silent]\n|turn|29\n|\n|t:|1700845784\n|move|p2a: Mechamothra|Substitute|p2a: Mechamothra\n|-start|p2a: Mechamothra|Substitute\n|-damage|p2a: Mechamothra|51\/100\n|move|p1a: Kingambit|Swords Dance|p1a: Kingambit\n|-boost|p1a: Kingambit|atk|2\n|\n|upkeep\n|turn|30\n|\n|t:|1700845787\n|move|p2a: Mechamothra|Fiery Dance|p1a: Kingambit\n|-supereffective|p1a: Kingambit\n|-damage|p1a: Kingambit|0 fnt\n|-boost|p2a: Mechamothra|spa|1\n|faint|p1a: Kingambit\n|-end|p1a: Kingambit|fallen4|[silent]\n|\n|upkeep\n|-message|idiotgirl forfeited.\n|\n|win|BirbGuyMan\n|raw|idiotgirl's rating: 1251 &rarr; <strong>1220<\/strong><br \/>(-31 for losing)\n|raw|BirbGuyMan's rating: 1163 &rarr; <strong>1194<\/strong><br \/>(+31 for winning)\n|l|\u2606idiotgirl\n|c|\u2606BirbGuyMan|Gg\n","uploadtime":1700845805,"views":13,"p1id":"idiotgirl","p2id":"birbguyman","formatid":"gen9ou","rating":1194,"private":0,"password":""}