{"id":"gen9ou-1992263660","p1":"Sindicate VI","p2":"MetaSeeker","format":"[Gen 9] OU","log":"|j|\u2606Sindicate VI\n|j|\u2606MetaSeeker\n|t:|1700168907\n|gametype|singles\n|player|p1|Sindicate VI|1|1464\n|player|p2|MetaSeeker|1|1514\n|teamsize|p1|6\n|teamsize|p2|6\n|gen|9\n|tier|[Gen 9] OU\n|rated|\n|rule|Sleep Clause Mod: Limit one foe put to sleep\n|rule|Species Clause: Limit one of each Pok\u00e9mon\n|rule|OHKO Clause: OHKO moves are banned\n|rule|Evasion Items Clause: Evasion items are banned\n|rule|Evasion Moves Clause: Evasion moves are banned\n|rule|Endless Battle Clause: Forcing endless battles is banned\n|rule|HP Percentage Mod: HP is shown in percentages\n|clearpoke\n|poke|p1|Clodsire, M|\n|poke|p1|Ogerpon-Wellspring, F|\n|poke|p1|Hatterene, F|\n|poke|p1|Rillaboom, F|\n|poke|p1|Sneasler, F|\n|poke|p1|Zapdos|\n|poke|p2|Corviknight, F|\n|poke|p2|Garchomp, M|\n|poke|p2|Slowking-Galar, F|\n|poke|p2|Zamazenta-*|\n|poke|p2|Skeledirge, M|\n|poke|p2|Iron Valiant|\n|teampreview\n|inactive|Battle timer is ON: inactive players will automatically lose when time's up. (requested by Sindicate VI)\n|\n|t:|1700168928\n|start\n|switch|p1a: Hatterene|Hatterene, F|100\/100\n|switch|p2a: Ari|Corviknight, F|100\/100\n|-ability|p2a: Ari|Pressure\n|turn|1\n|\n|t:|1700168931\n|move|p2a: Ari|Brave Bird|p1a: Hatterene\n|-crit|p1a: Hatterene\n|-damage|p1a: Hatterene|36\/100\n|-damage|p2a: Ari|84\/100|[from] Recoil\n|move|p1a: Hatterene|Nuzzle|p2a: Ari\n|-supereffective|p2a: Ari\n|-damage|p2a: Ari|79\/100\n|-status|p2a: Ari|par\n|\n|-heal|p2a: Ari|85\/100 par|[from] item: Leftovers\n|upkeep\n|turn|2\n|\n|t:|1700168938\n|switch|p1a: Zapdos|Zapdos|100\/100\n|move|p2a: Ari|U-turn|p1a: Zapdos\n|-resisted|p1a: Zapdos\n|-damage|p1a: Zapdos|94\/100\n|\n|t:|1700168941\n|switch|p2a: Queen|Slowking-Galar, F, shiny|100\/100|[from] U-turn\n|\n|upkeep\n|turn|3\n|\n|t:|1700168947\n|move|p1a: Zapdos|Volt Switch|p2a: Queen\n|-damage|p2a: Queen|89\/100\n|\n|t:|1700168957\n|switch|p1a: Sneasler|Sneasler, F|100\/100|[from] Volt Switch\n|-ability|p1a: Sneasler|Pressure\n|move|p2a: Queen|Ice Beam|p1a: Sneasler\n|-damage|p1a: Sneasler|67\/100\n|\n|upkeep\n|turn|4\n|\n|t:|1700168962\n|switch|p1a: Rillaboom|Rillaboom, F|100\/100\n|-fieldstart|move: Grassy Terrain|[from] ability: Grassy Surge|[of] p1a: Rillaboom\n|move|p2a: Queen|Psychic|p1a: Rillaboom\n|-damage|p1a: Rillaboom|59\/100\n|\n|-heal|p1a: Rillaboom|65\/100|[from] Grassy Terrain\n|-heal|p1a: Rillaboom|71\/100|[from] item: Leftovers\n|-heal|p2a: Queen|95\/100|[from] Grassy Terrain\n|upkeep\n|turn|5\n|inactive|Sindicate VI has 120 seconds left.\n|\n|t:|1700168994\n|switch|p2a: Ari|Corviknight, F|85\/100 par\n|-ability|p2a: Ari|Pressure\n|move|p1a: Rillaboom|Knock Off|p2a: Ari\n|-damage|p2a: Ari|64\/100 par\n|-enditem|p2a: Ari|Leftovers|[from] move: Knock Off|[of] p1a: Rillaboom\n|\n|-heal|p1a: Rillaboom|77\/100|[from] Grassy Terrain\n|-heal|p1a: Rillaboom|84\/100|[from] item: Leftovers\n|upkeep\n|turn|6\n|\n|t:|1700169005\n|move|p1a: Rillaboom|U-turn|p2a: Ari\n|-resisted|p2a: Ari\n|-damage|p2a: Ari|60\/100 par\n|\n|t:|1700169015\n|switch|p1a: Zapdos|Zapdos|94\/100|[from] U-turn\n|move|p2a: Ari|U-turn|p1a: Zapdos\n|-resisted|p1a: Zapdos\n|-damage|p1a: Zapdos|86\/100\n|\n|t:|1700169026\n|switch|p2a: Queen|Slowking-Galar, F, shiny|100\/100|[from] U-turn\n|\n|upkeep\n|turn|7\n|\n|t:|1700169031\n|move|p1a: Zapdos|Thunder Wave|p2a: Queen\n|-status|p2a: Queen|par\n|move|p2a: Queen|Psychic|p1a: Zapdos\n|-damage|p1a: Zapdos|60\/100\n|\n|upkeep\n|turn|8\n|\n|t:|1700169036\n|move|p1a: Zapdos|Volt Switch|p2a: Queen\n|-damage|p2a: Queen|89\/100 par\n|\n|t:|1700169038\n|switch|p1a: Ogerpon|Ogerpon-Wellspring, F|100\/100|[from] Volt Switch\n|move|p2a: Queen|Psychic|p1a: Ogerpon\n|-damage|p1a: Ogerpon|59\/100\n|\n|-heal|p1a: Ogerpon|65\/100|[from] Grassy Terrain\n|-heal|p2a: Queen|95\/100 par|[from] Grassy Terrain\n|-fieldend|move: Grassy Terrain\n|upkeep\n|turn|9\n|\n|t:|1700169043\n|move|p1a: Ogerpon|Ivy Cudgel|p2a: Queen|[anim] Ivy Cudgel Water\n|-damage|p2a: Queen|29\/100 par\n|cant|p2a: Queen|par\n|\n|upkeep\n|turn|10\n|\n|t:|1700169048\n|switch|p2a: Ari|Corviknight, F|60\/100 par\n|-ability|p2a: Ari|Pressure\n|move|p1a: Ogerpon|Ivy Cudgel|p2a: Ari|[anim] Ivy Cudgel Water\n|-damage|p2a: Ari|27\/100 par\n|\n|upkeep\n|turn|11\n|\n|t:|1700169050\n|move|p1a: Ogerpon|Ivy Cudgel|p2a: Ari|[anim] Ivy Cudgel Water\n|-damage|p2a: Ari|0 fnt\n|faint|p2a: Ari\n|\n|upkeep\n|\n|t:|1700169060\n|switch|p2a: Wayward|Garchomp, M, shiny|100\/100\n|turn|12\n|\n|t:|1700169064\n|move|p2a: Wayward|Dragon Claw|p1a: Ogerpon\n|-damage|p1a: Ogerpon|11\/100\n|move|p1a: Ogerpon|Ivy Cudgel|p2a: Wayward|[anim] Ivy Cudgel Water\n|-damage|p2a: Wayward|38\/100\n|\n|upkeep\n|turn|13\n|\n|t:|1700169069\n|switch|p1a: Hatterene|Hatterene, F|36\/100\n|move|p2a: Wayward|Dragon Claw|p1a: Hatterene\n|-immune|p1a: Hatterene\n|\n|upkeep\n|turn|14\n|\n|t:|1700169073\n|switch|p2a: Queen|Slowking-Galar, F, shiny|63\/100 par\n|move|p1a: Hatterene|Draining Kiss|p2a: Queen\n|-resisted|p2a: Queen\n|-damage|p2a: Queen|58\/100 par\n|-heal|p1a: Hatterene|41\/100|[from] drain|[of] p2a: Queen\n|\n|upkeep\n|turn|15\n|\n|t:|1700169085\n|switch|p1a: Clodsire|Clodsire, M|100\/100\n|move|p2a: Queen|Sludge Bomb|p1a: Clodsire\n|-resisted|p1a: Clodsire\n|-damage|p1a: Clodsire|95\/100\n|\n|-heal|p1a: Clodsire|100\/100|[from] item: Leftovers\n|upkeep\n|turn|16\n|\n|t:|1700169094\n|switch|p2a: Munchie|Skeledirge, M|100\/100\n|move|p1a: Clodsire|Earthquake|p2a: Munchie\n|-supereffective|p2a: Munchie\n|-damage|p2a: Munchie|67\/100\n|\n|upkeep\n|turn|17\n|\n|t:|1700169098\n|move|p2a: Munchie|Will-O-Wisp|p1a: Clodsire|[miss]\n|-miss|p2a: Munchie|p1a: Clodsire\n|move|p1a: Clodsire|Toxic|p2a: Munchie\n|-status|p2a: Munchie|tox\n|\n|-damage|p2a: Munchie|60\/100 tox|[from] psn\n|upkeep\n|turn|18\n|\n|t:|1700169103\n|move|p2a: Munchie|Hex|p1a: Clodsire\n|-damage|p1a: Clodsire|81\/100\n|move|p1a: Clodsire|Earthquake|p2a: Munchie\n|-supereffective|p2a: Munchie\n|-damage|p2a: Munchie|28\/100 tox\n|\n|-heal|p1a: Clodsire|87\/100|[from] item: Leftovers\n|-damage|p2a: Munchie|16\/100 tox|[from] psn\n|upkeep\n|turn|19\n|\n|t:|1700169106\n|move|p2a: Munchie|Will-O-Wisp|p1a: Clodsire\n|-status|p1a: Clodsire|brn\n|move|p1a: Clodsire|Earthquake|p2a: Munchie\n|-supereffective|p2a: Munchie\n|-damage|p2a: Munchie|1\/100 tox\n|\n|-heal|p1a: Clodsire|94\/100 brn|[from] item: Leftovers\n|-damage|p2a: Munchie|0 fnt|[from] psn\n|faint|p2a: Munchie\n|-damage|p1a: Clodsire|87\/100 brn|[from] brn\n|upkeep\n|\n|t:|1700169117\n|switch|p2a: Wayward|Garchomp, M, shiny|38\/100\n|turn|20\n|\n|t:|1700169121\n|switch|p1a: Rillaboom|Rillaboom, F|84\/100\n|-fieldstart|move: Grassy Terrain|[from] ability: Grassy Surge|[of] p1a: Rillaboom\n|move|p2a: Wayward|Stone Edge|p1a: Rillaboom\n|-damage|p1a: Rillaboom|50\/100\n|\n|-heal|p2a: Wayward|44\/100|[from] Grassy Terrain\n|-heal|p1a: Rillaboom|56\/100|[from] Grassy Terrain\n|-heal|p1a: Rillaboom|62\/100|[from] item: Leftovers\n|upkeep\n|turn|21\n|\n|t:|1700169127\n|move|p2a: Wayward|Stone Edge|p1a: Rillaboom\n|-damage|p1a: Rillaboom|31\/100\n|move|p1a: Rillaboom|Leech Seed|p2a: Wayward\n|-start|p2a: Wayward|move: Leech Seed\n|\n|-heal|p2a: Wayward|50\/100|[from] Grassy Terrain\n|-heal|p1a: Rillaboom|37\/100|[from] Grassy Terrain\n|-heal|p1a: Rillaboom|44\/100|[from] item: Leftovers\n|-damage|p2a: Wayward|38\/100|[from] Leech Seed|[of] p1a: Rillaboom\n|-heal|p1a: Rillaboom|54\/100|[silent]\n|upkeep\n|turn|22\n|\n|t:|1700169138\n|switch|p2a: Zama|Zamazenta, shiny|100\/100\n|-ability|p2a: Zama|Dauntless Shield|boost\n|-boost|p2a: Zama|def|1\n|switch|p1a: Sneasler|Sneasler, F|67\/100\n|-ability|p1a: Sneasler|Pressure\n|-enditem|p1a: Sneasler|Grassy Seed\n|-boost|p1a: Sneasler|def|1|[from] item: Grassy Seed\n|\n|-heal|p1a: Sneasler|73\/100|[from] Grassy Terrain\n|upkeep\n|turn|23\n|\n|t:|1700169148\n|move|p2a: Zama|Iron Defense|p2a: Zama\n|-boost|p2a: Zama|def|2\n|move|p1a: Sneasler|Swords Dance|p1a: Sneasler\n|-boost|p1a: Sneasler|atk|2\n|\n|-heal|p1a: Sneasler|79\/100|[from] Grassy Terrain\n|upkeep\n|turn|24\n|\n|t:|1700169152\n|move|p2a: Zama|Iron Defense|p2a: Zama\n|-boost|p2a: Zama|def|2\n|move|p1a: Sneasler|Dire Claw|p2a: Zama\n|-damage|p2a: Zama|82\/100\n|-status|p2a: Zama|par\n|\n|-heal|p1a: Sneasler|85\/100|[from] Grassy Terrain\n|-heal|p2a: Zama|89\/100 par|[from] Grassy Terrain\n|-heal|p2a: Zama|95\/100 par|[from] item: Leftovers\n|-fieldend|move: Grassy Terrain\n|upkeep\n|turn|25\n|\n|t:|1700169157\n|move|p1a: Sneasler|Swords Dance|p1a: Sneasler\n|-boost|p1a: Sneasler|atk|2\n|move|p2a: Zama|Body Press|p1a: Sneasler\n|-resisted|p1a: Sneasler\n|-damage|p1a: Sneasler|19\/100\n|\n|-heal|p2a: Zama|100\/100 par|[from] item: Leftovers\n|upkeep\n|turn|26\n|\n|t:|1700169164\n|move|p1a: Sneasler|Dire Claw|p2a: Zama\n|-damage|p2a: Zama|73\/100 par\n|move|p2a: Zama|Body Press|p1a: Sneasler\n|-resisted|p1a: Sneasler\n|-damage|p1a: Sneasler|0 fnt\n|faint|p1a: Sneasler\n|\n|-heal|p2a: Zama|80\/100 par|[from] item: Leftovers\n|upkeep\n|\n|t:|1700169172\n|switch|p1a: Zapdos|Zapdos|60\/100\n|turn|27\n|\n|t:|1700169183\n|-terastallize|p2a: Zama|Steel\n|move|p1a: Zapdos|Volt Switch|p2a: Zama\n|-damage|p2a: Zama|56\/100 par\n|\n|t:|1700169211\n|switch|p1a: Ogerpon|Ogerpon-Wellspring, F|11\/100|[from] Volt Switch\n|cant|p2a: Zama|par\n|\n|-heal|p2a: Zama|62\/100 par|[from] item: Leftovers\n|upkeep\n|turn|28\n|\n|t:|1700169216\n|move|p1a: Ogerpon|Ivy Cudgel|p2a: Zama|[anim] Ivy Cudgel Water\n|-damage|p2a: Zama|49\/100 par\n|cant|p2a: Zama|par\n|\n|-heal|p2a: Zama|55\/100 par|[from] item: Leftovers\n|upkeep\n|turn|29\n|\n|t:|1700169219\n|move|p1a: Ogerpon|Ivy Cudgel|p2a: Zama|[anim] Ivy Cudgel Water\n|-damage|p2a: Zama|44\/100 par\n|cant|p2a: Zama|par\n|\n|-heal|p2a: Zama|50\/100 par|[from] item: Leftovers\n|upkeep\n|turn|30\n|\n|t:|1700169222\n|move|p1a: Ogerpon|Ivy Cudgel|p2a: Zama|[anim] Ivy Cudgel Water\n|-damage|p2a: Zama|37\/100 par\n|cant|p2a: Zama|par\n|\n|-heal|p2a: Zama|44\/100 par|[from] item: Leftovers\n|upkeep\n|turn|31\n|\n|t:|1700169225\n|move|p1a: Ogerpon|Ivy Cudgel|p2a: Zama|[anim] Ivy Cudgel Water\n|-damage|p2a: Zama|32\/100 par\n|move|p2a: Zama|Body Press|p1a: Ogerpon\n|-damage|p1a: Ogerpon|0 fnt\n|faint|p1a: Ogerpon\n|\n|-heal|p2a: Zama|38\/100 par|[from] item: Leftovers\n|upkeep\n|\n|t:|1700169230\n|switch|p1a: Clodsire|Clodsire, M|87\/100 brn\n|turn|32\n|c|\u2606MetaSeeker|talk about chip damage\n|\n|t:|1700169238\n|cant|p2a: Zama|par\n|move|p1a: Clodsire|Stockpile|p1a: Clodsire\n|-start|p1a: Clodsire|stockpile1\n|-boost|p1a: Clodsire|def|1\n|-boost|p1a: Clodsire|spd|1\n|\n|-heal|p2a: Zama|44\/100 par|[from] item: Leftovers\n|-heal|p1a: Clodsire|94\/100 brn|[from] item: Leftovers\n|-damage|p1a: Clodsire|87\/100 brn|[from] brn\n|upkeep\n|turn|33\n|\n|t:|1700169242\n|move|p2a: Zama|Substitute|p2a: Zama\n|-start|p2a: Zama|Substitute\n|-damage|p2a: Zama|19\/100 par\n|move|p1a: Clodsire|Stockpile|p1a: Clodsire\n|-start|p1a: Clodsire|stockpile2\n|-boost|p1a: Clodsire|def|1\n|-boost|p1a: Clodsire|spd|1\n|\n|-heal|p2a: Zama|25\/100 par|[from] item: Leftovers\n|-heal|p1a: Clodsire|94\/100 brn|[from] item: Leftovers\n|-damage|p1a: Clodsire|87\/100 brn|[from] brn\n|upkeep\n|turn|34\n|c|\u2606Sindicate VI|thats rly bad luck sry\n|\n|t:|1700169249\n|move|p2a: Zama|Iron Defense|p2a: Zama\n|-boost|p2a: Zama|def|1\n|move|p1a: Clodsire|Earthquake|p2a: Zama\n|-supereffective|p2a: Zama\n|-activate|p2a: Zama|move: Substitute|[damage]\n|\n|-heal|p2a: Zama|32\/100 par|[from] item: Leftovers\n|-heal|p1a: Clodsire|94\/100 brn|[from] item: Leftovers\n|-damage|p1a: Clodsire|87\/100 brn|[from] brn\n|upkeep\n|turn|35\n|c|\u2606MetaSeeker|it's not your fault, it's just the game we play\n|\n|t:|1700169264\n|move|p2a: Zama|Body Press|p1a: Clodsire\n|-resisted|p1a: Clodsire\n|-damage|p1a: Clodsire|82\/100 brn\n|move|p1a: Clodsire|Earthquake|p2a: Zama\n|-supereffective|p2a: Zama\n|-end|p2a: Zama|Substitute\n|\n|-heal|p2a: Zama|38\/100 par|[from] item: Leftovers\n|-heal|p1a: Clodsire|88\/100 brn|[from] item: Leftovers\n|-damage|p1a: Clodsire|82\/100 brn|[from] brn\n|upkeep\n|turn|36\n|c|\u2606Sindicate VI|sometimes idk why i play it\n|\n|t:|1700169272\n|move|p2a: Zama|Crunch|p1a: Clodsire\n|-damage|p1a: Clodsire|74\/100 brn\n|move|p1a: Clodsire|Earthquake|p2a: Zama\n|-supereffective|p2a: Zama\n|-crit|p2a: Zama\n|-damage|p2a: Zama|7\/100 par\n|\n|-heal|p2a: Zama|13\/100 par|[from] item: Leftovers\n|-heal|p1a: Clodsire|80\/100 brn|[from] item: Leftovers\n|-damage|p1a: Clodsire|74\/100 brn|[from] brn\n|upkeep\n|turn|37\n|\n|t:|1700169276\n|move|p2a: Zama|Crunch|p1a: Clodsire\n|-damage|p1a: Clodsire|66\/100 brn\n|move|p1a: Clodsire|Earthquake|p2a: Zama\n|-supereffective|p2a: Zama\n|-damage|p2a: Zama|0 fnt\n|faint|p2a: Zama\n|\n|-heal|p1a: Clodsire|72\/100 brn|[from] item: Leftovers\n|-damage|p1a: Clodsire|66\/100 brn|[from] brn\n|upkeep\n|c|\u2606Sindicate VI|if i were u i would be so mad :(\n|c|\u2606MetaSeeker|there isn't a point to getting mad anymore\n|\n|t:|1700169296\n|switch|p2a: Wayward|Garchomp, M, shiny|38\/100\n|turn|38\n|c|\u2606Sindicate VI|lmao right on\n|\n|t:|1700169306\n|-terastallize|p1a: Clodsire|Water\n|move|p2a: Wayward|Earthquake|p1a: Clodsire\n|-damage|p1a: Clodsire|47\/100 brn\n|move|p1a: Clodsire|Recover|p1a: Clodsire\n|-heal|p1a: Clodsire|97\/100 brn\n|\n|-heal|p1a: Clodsire|100\/100 brn|[from] item: Leftovers\n|-damage|p1a: Clodsire|94\/100 brn|[from] brn\n|upkeep\n|turn|39\n|\n|t:|1700169314\n|move|p2a: Wayward|Earthquake|p1a: Clodsire\n|-damage|p1a: Clodsire|75\/100 brn\n|move|p1a: Clodsire|Earthquake|p2a: Wayward\n|-damage|p2a: Wayward|25\/100\n|\n|-heal|p1a: Clodsire|82\/100 brn|[from] item: Leftovers\n|-damage|p1a: Clodsire|75\/100 brn|[from] brn\n|upkeep\n|turn|40\n|\n|t:|1700169318\n|move|p2a: Wayward|Earthquake|p1a: Clodsire\n|-damage|p1a: Clodsire|56\/100 brn\n|move|p1a: Clodsire|Toxic|p2a: Wayward\n|-status|p2a: Wayward|tox\n|\n|-heal|p1a: Clodsire|62\/100 brn|[from] item: Leftovers\n|-damage|p2a: Wayward|19\/100 tox|[from] psn\n|-damage|p1a: Clodsire|56\/100 brn|[from] brn\n|upkeep\n|turn|41\n|\n|t:|1700169320\n|move|p2a: Wayward|Earthquake|p1a: Clodsire\n|-damage|p1a: Clodsire|37\/100 brn\n|move|p1a: Clodsire|Recover|p1a: Clodsire\n|-heal|p1a: Clodsire|87\/100 brn\n|\n|-heal|p1a: Clodsire|94\/100 brn|[from] item: Leftovers\n|-damage|p2a: Wayward|6\/100 tox|[from] psn\n|-damage|p1a: Clodsire|87\/100 brn|[from] brn\n|upkeep\n|turn|42\n|\n|t:|1700169323\n|move|p2a: Wayward|Earthquake|p1a: Clodsire\n|-damage|p1a: Clodsire|69\/100 brn\n|move|p1a: Clodsire|Recover|p1a: Clodsire\n|-heal|p1a: Clodsire|100\/100 brn\n|\n|-damage|p2a: Wayward|0 fnt|[from] psn\n|faint|p2a: Wayward\n|-damage|p1a: Clodsire|94\/100 brn|[from] brn\n|upkeep\n|\n|t:|1700169328\n|switch|p2a: Queen|Slowking-Galar, F, shiny|91\/100 par\n|turn|43\n|\n|t:|1700169331\n|move|p1a: Clodsire|Earthquake|p2a: Queen\n|-supereffective|p2a: Queen\n|-damage|p2a: Queen|64\/100 par\n|move|p2a: Queen|Psychic|p1a: Clodsire\n|-damage|p1a: Clodsire|83\/100 brn\n|\n|-heal|p1a: Clodsire|89\/100 brn|[from] item: Leftovers\n|-damage|p1a: Clodsire|83\/100 brn|[from] brn\n|upkeep\n|turn|44\n|\n|t:|1700169333\n|move|p1a: Clodsire|Earthquake|p2a: Queen\n|-supereffective|p2a: Queen\n|-damage|p2a: Queen|35\/100 par\n|move|p2a: Queen|Psychic|p1a: Clodsire\n|-crit|p1a: Clodsire\n|-damage|p1a: Clodsire|47\/100 brn\n|\n|-heal|p1a: Clodsire|54\/100 brn|[from] item: Leftovers\n|-damage|p1a: Clodsire|47\/100 brn|[from] brn\n|upkeep\n|turn|45\n|\n|t:|1700169337\n|move|p1a: Clodsire|Recover|p1a: Clodsire\n|-heal|p1a: Clodsire|97\/100 brn\n|move|p2a: Queen|Psychic|p1a: Clodsire\n|-damage|p1a: Clodsire|84\/100 brn\n|\n|-heal|p1a: Clodsire|90\/100 brn|[from] item: Leftovers\n|-damage|p1a: Clodsire|84\/100 brn|[from] brn\n|upkeep\n|turn|46\n|\n|t:|1700169338\n|move|p1a: Clodsire|Earthquake|p2a: Queen\n|-supereffective|p2a: Queen\n|-damage|p2a: Queen|6\/100 par\n|cant|p2a: Queen|par\n|\n|-heal|p1a: Clodsire|90\/100 brn|[from] item: Leftovers\n|-damage|p1a: Clodsire|84\/100 brn|[from] brn\n|upkeep\n|turn|47\n|\n|t:|1700169341\n|move|p1a: Clodsire|Earthquake|p2a: Queen\n|-supereffective|p2a: Queen\n|-damage|p2a: Queen|0 fnt\n|faint|p2a: Queen\n|\n|-heal|p1a: Clodsire|90\/100 brn|[from] item: Leftovers\n|-damage|p1a: Clodsire|84\/100 brn|[from] brn\n|upkeep\n|\n|t:|1700169343\n|switch|p2a: Valykrie|Iron Valiant, shiny|100\/100\n|-enditem|p2a: Valykrie|Booster Energy\n|-activate|p2a: Valykrie|ability: Quark Drive|[fromitem]\n|-start|p2a: Valykrie|quarkdrivespe\n|turn|48\n|\n|t:|1700169346\n|move|p2a: Valykrie|Swords Dance|p2a: Valykrie\n|-boost|p2a: Valykrie|atk|2\n|move|p1a: Clodsire|Toxic|p2a: Valykrie\n|-status|p2a: Valykrie|tox\n|\n|-heal|p1a: Clodsire|90\/100 brn|[from] item: Leftovers\n|-damage|p2a: Valykrie|94\/100 tox|[from] psn\n|-damage|p1a: Clodsire|84\/100 brn|[from] brn\n|upkeep\n|turn|49\n|\n|t:|1700169349\n|move|p2a: Valykrie|Swords Dance|p2a: Valykrie\n|-boost|p2a: Valykrie|atk|2\n|move|p1a: Clodsire|Earthquake|p2a: Valykrie\n|-damage|p2a: Valykrie|78\/100 tox\n|\n|-heal|p1a: Clodsire|90\/100 brn|[from] item: Leftovers\n|-damage|p2a: Valykrie|65\/100 tox|[from] psn\n|-damage|p1a: Clodsire|84\/100 brn|[from] brn\n|upkeep\n|turn|50\n|\n|t:|1700169350\n|move|p2a: Valykrie|Swords Dance|p2a: Valykrie\n|-boost|p2a: Valykrie|atk|2\n|move|p1a: Clodsire|Recover|p1a: Clodsire\n|-heal|p1a: Clodsire|100\/100 brn\n|\n|-damage|p2a: Valykrie|47\/100 tox|[from] psn\n|-damage|p1a: Clodsire|94\/100 brn|[from] brn\n|upkeep\n|turn|51\n|\n|t:|1700169356\n|move|p2a: Valykrie|Close Combat|p1a: Clodsire\n|-damage|p1a: Clodsire|72\/100 brn\n|-unboost|p2a: Valykrie|def|1\n|-unboost|p2a: Valykrie|spd|1\n|move|p1a: Clodsire|Earthquake|p2a: Valykrie\n|-damage|p2a: Valykrie|28\/100 tox\n|\n|-heal|p1a: Clodsire|79\/100 brn|[from] item: Leftovers\n|-damage|p2a: Valykrie|3\/100 tox|[from] psn\n|-damage|p1a: Clodsire|72\/100 brn|[from] brn\n|upkeep\n|turn|52\n|\n|t:|1700169359\n|move|p2a: Valykrie|Close Combat|p1a: Clodsire\n|-damage|p1a: Clodsire|50\/100 brn\n|-unboost|p2a: Valykrie|def|1\n|-unboost|p2a: Valykrie|spd|1\n|move|p1a: Clodsire|Recover|p1a: Clodsire\n|-heal|p1a: Clodsire|99\/100 brn\n|\n|-heal|p1a: Clodsire|100\/100 brn|[from] item: Leftovers\n|-damage|p2a: Valykrie|0 fnt|[from] psn\n|faint|p2a: Valykrie\n|-end|p2a: Valykrie|Quark Drive|[silent]\n|\n|win|Sindicate VI\n|upkeep\n|raw|Sindicate VI's rating: 1464 &rarr; <strong>1487<\/strong><br \/>(+23 for winning)\n|raw|MetaSeeker's rating: 1514 &rarr; <strong>1491<\/strong><br \/>(-23 for losing)\n|c|\u2606MetaSeeker|gg\n|c|\u2606Sindicate VI|gg\n","uploadtime":1700169367,"views":7,"p1id":"sindicatevi","p2id":"metaseeker","formatid":"gen9ou","rating":1487,"private":0,"password":""}