{"id":"gen9ou-1995518504","p1":"sdor16","p2":"N-Zoroark stan","format":"[Gen 9] OU","log":"|j|\u2606sdor16\n|j|\u2606N-Zoroark stan\n|t:|1700579183\n|gametype|singles\n|player|p1|sdor16|169|1738\n|player|p2|N-Zoroark stan|riley|1773\n|teamsize|p1|6\n|teamsize|p2|6\n|gen|9\n|tier|[Gen 9] OU\n|rated|\n|rule|Sleep Clause Mod: Limit one foe put to sleep\n|rule|Species Clause: Limit one of each Pok\u00e9mon\n|rule|OHKO Clause: OHKO moves are banned\n|rule|Evasion Items Clause: Evasion items are banned\n|rule|Evasion Moves Clause: Evasion moves are banned\n|rule|Endless Battle Clause: Forcing endless battles is banned\n|rule|HP Percentage Mod: HP is shown in percentages\n|clearpoke\n|poke|p1|Ribombee, F|\n|poke|p1|Gholdengo|\n|poke|p1|Weavile, M|\n|poke|p1|Dragonite, F|\n|poke|p1|Enamorus, F|\n|poke|p1|Walking Wake|\n|poke|p2|Alomomola, M|\n|poke|p2|Slowking-Galar, F|\n|poke|p2|Zoroark-Hisui, F|\n|poke|p2|Corviknight, M|\n|poke|p2|Ting-Lu|\n|poke|p2|Dragonite, F|\n|teampreview\n|inactive|Battle timer is ON: inactive players will automatically lose when time's up. (requested by N-Zoroark stan)\n|c|\u2606N-Zoroark stan|glhf\n|c|\u2606sdor16|glhf\n|\n|t:|1700579213\n|start\n|switch|p1a: Ribombee|Ribombee, F|100\/100\n|switch|p2a: Slowking|Slowking-Galar, F|100\/100\n|turn|1\n|\n|t:|1700579218\n|move|p1a: Ribombee|Stun Spore|p2a: Slowking\n|-status|p2a: Slowking|par\n|move|p2a: Slowking|Sludge Bomb|p1a: Ribombee\n|-supereffective|p1a: Ribombee\n|-enditem|p1a: Ribombee|Focus Sash\n|-damage|p1a: Ribombee|1\/100\n|\n|upkeep\n|turn|2\n|\n|t:|1700579221\n|move|p1a: Ribombee|Sticky Web|p2a: Slowking\n|-sidestart|p2: N-Zoroark stan|move: Sticky Web\n|move|p2a: Slowking|Sludge Bomb|p1a: Ribombee\n|-supereffective|p1a: Ribombee\n|-damage|p1a: Ribombee|0 fnt\n|faint|p1a: Ribombee\n|\n|upkeep\n|\n|t:|1700579226\n|switch|p1a: Weavile|Weavile, M|100\/100\n|turn|3\n|\n|t:|1700579230\n|switch|p2a: Alomomola|Alomomola, M|100\/100\n|-activate|p2a: Alomomola|move: Sticky Web\n|-unboost|p2a: Alomomola|spe|1\n|move|p1a: Weavile|Swords Dance|p1a: Weavile\n|-boost|p1a: Weavile|atk|2\n|\n|upkeep\n|turn|4\n|\n|t:|1700579243\n|move|p1a: Weavile|Knock Off|p2a: Alomomola\n|-damage|p2a: Alomomola|50\/100\n|-enditem|p2a: Alomomola|Red Card|[from] move: Knock Off|[of] p1a: Weavile\n|move|p2a: Alomomola|Flip Turn|p1a: Weavile\n|-damage|p1a: Weavile|74\/100\n|\n|t:|1700579246\n|switch|p2a: Dragonite|Dragonite, F|100\/100|[from] Flip Turn\n|\n|upkeep\n|turn|5\n|\n|t:|1700579256\n|-terastallize|p2a: Dragonite|Normal\n|move|p2a: Dragonite|Extreme Speed|p1a: Weavile\n|-damage|p1a: Weavile|0 fnt\n|faint|p1a: Weavile\n|\n|upkeep\n|\n|t:|1700579275\n|switch|p1a: Gholdengo|Gholdengo|100\/100\n|-item|p1a: Gholdengo|Air Balloon\n|turn|6\n|\n|t:|1700579279\n|switch|p2a: Ting-Lu|Ting-Lu|100\/100\n|-activate|p2a: Ting-Lu|move: Sticky Web\n|-unboost|p2a: Ting-Lu|spe|1\n|-ability|p2a: Ting-Lu|Vessel of Ruin\n|move|p1a: Gholdengo|Nasty Plot|p1a: Gholdengo\n|-boost|p1a: Gholdengo|spa|2\n|\n|upkeep\n|turn|7\n|\n|t:|1700579286\n|switch|p1a: Enamorus|Enamorus, F, shiny|100\/100\n|move|p2a: Ting-Lu|Ruination|p1a: Enamorus\n|-damage|p1a: Enamorus|51\/100\n|\n|-heal|p1a: Enamorus|57\/100|[from] item: Leftovers\n|upkeep\n|turn|8\n|\n|t:|1700579298\n|move|p1a: Enamorus|Substitute|p1a: Enamorus\n|-start|p1a: Enamorus|Substitute\n|-damage|p1a: Enamorus|32\/100\n|move|p2a: Ting-Lu|Whirlwind|p1a: Enamorus\n|drag|p1a: Gholdengo|Gholdengo|100\/100\n|-item|p1a: Gholdengo|Air Balloon\n|\n|upkeep\n|turn|9\n|c|\u2606sdor16|lol srry gotta go gg\n|-message|sdor16 forfeited.\n|\n|win|N-Zoroark stan\n|raw|sdor16's rating: 1738 &rarr; <strong>1720<\/strong><br \/>(-18 for losing)\n|raw|N-Zoroark stan's rating: 1773 &rarr; <strong>1791<\/strong><br \/>(+18 for winning)\n|c|\u2606N-Zoroark stan|gg ig\n|l|\u2606sdor16\n","uploadtime":1700579329,"views":28,"p1id":"sdor16","p2id":"nzoroarkstan","formatid":"gen9ou","rating":1720,"private":0,"password":""}