{"id":"gen9ou-1995111174","p1":"SDK04","p2":"yyysneasel","format":"[Gen 9] OU","log":"|j|\u2606SDK04\n|j|\u203dyyysneasel\n|inactive|Battle timer is ON: inactive players will automatically lose when time's up.\n|t:|1700523775\n|gametype|singles\n|player|p1|SDK04|unknown|\n|player|p2|yyysneasel|bugcatcher-gen4dp|\n|teamsize|p1|6\n|teamsize|p2|6\n|gen|9\n|tier|[Gen 9] OU\n|rated|Tournament battle\n|rule|Sleep Clause Mod: Limit one foe put to sleep\n|rule|Species Clause: Limit one of each Pok\u00e9mon\n|rule|OHKO Clause: OHKO moves are banned\n|rule|Evasion Items Clause: Evasion items are banned\n|rule|Evasion Moves Clause: Evasion moves are banned\n|rule|Endless Battle Clause: Forcing endless battles is banned\n|rule|HP Percentage Mod: HP is shown in percentages\n|clearpoke\n|poke|p1|Ribombee, F|\n|poke|p1|Torterra, M|\n|poke|p1|Rillaboom, M|\n|poke|p1|Iron Moth|\n|poke|p1|Manaphy|\n|poke|p1|Gholdengo|\n|poke|p2|Corviknight, F|\n|poke|p2|Toxapex, M|\n|poke|p2|Dondozo, M|\n|poke|p2|Slowking-Galar, M|\n|poke|p2|Blissey, F|\n|poke|p2|Clefable, F|\n|teampreview\n|\n|t:|1700523783\n|start\n|switch|p1a: I set Sticky Web|Ribombee, F, shiny|100\/100\n|switch|p2a: Toxapex|Toxapex, M|100\/100\n|turn|1\n|j| balheat227\n|\n|t:|1700523802\n|move|p1a: I set Sticky Web|Sticky Web|p2a: Toxapex\n|-sidestart|p2: yyysneasel|move: Sticky Web\n|move|p2a: Toxapex|Infestation|p1a: I set Sticky Web\n|-resisted|p1a: I set Sticky Web\n|-damage|p1a: I set Sticky Web|98\/100\n|-activate|p1a: I set Sticky Web|move: Infestation|[of] p2a: Toxapex\n|\n|-damage|p1a: I set Sticky Web|86\/100|[from] move: Infestation|[partiallytrapped]\n|upkeep\n|turn|2\n|\n|t:|1700523806\n|move|p1a: I set Sticky Web|Stun Spore|p2a: Toxapex\n|-status|p2a: Toxapex|par\n|cant|p2a: Toxapex|par\n|\n|-damage|p1a: I set Sticky Web|73\/100|[from] move: Infestation|[partiallytrapped]\n|upkeep\n|turn|3\n|\n|t:|1700523809\n|move|p1a: I set Sticky Web|Psychic|p2a: Toxapex\n|-supereffective|p2a: Toxapex\n|-damage|p2a: Toxapex|60\/100 par\n|move|p2a: Toxapex|Toxic|p1a: I set Sticky Web\n|-status|p1a: I set Sticky Web|tox\n|\n|-damage|p1a: I set Sticky Web|67\/100 tox|[from] psn\n|-damage|p1a: I set Sticky Web|55\/100 tox|[from] move: Infestation|[partiallytrapped]\n|upkeep\n|turn|4\n|\n|t:|1700523812\n|move|p1a: I set Sticky Web|Moonblast|p2a: Toxapex\n|-resisted|p2a: Toxapex\n|-damage|p2a: Toxapex|44\/100 par\n|-unboost|p2a: Toxapex|spa|1\n|move|p2a: Toxapex|Recover|p2a: Toxapex\n|-heal|p2a: Toxapex|94\/100 par\n|\n|-damage|p1a: I set Sticky Web|43\/100 tox|[from] psn\n|-damage|p1a: I set Sticky Web|30\/100 tox|[from] move: Infestation|[partiallytrapped]\n|upkeep\n|turn|5\n|\n|t:|1700523816\n|move|p1a: I set Sticky Web|Psychic|p2a: Toxapex\n|-supereffective|p2a: Toxapex\n|-damage|p2a: Toxapex|53\/100 par\n|move|p2a: Toxapex|Recover|p2a: Toxapex\n|-heal|p2a: Toxapex|100\/100 par\n|\n|-damage|p1a: I set Sticky Web|12\/100 tox|[from] psn\n|-damage|p1a: I set Sticky Web|0 fnt|[from] move: Infestation|[partiallytrapped]\n|faint|p1a: I set Sticky Web\n|upkeep\n|\n|t:|1700523820\n|switch|p1a: Macaroni Man|Gholdengo|100\/100\n|-item|p1a: Macaroni Man|Air Balloon\n|turn|6\n|\n|t:|1700523833\n|switch|p2a: Blissey|Blissey, F|100\/100\n|move|p1a: Macaroni Man|Nasty Plot|p1a: Macaroni Man\n|-boost|p1a: Macaroni Man|spa|2\n|\n|upkeep\n|turn|7\n|\n|t:|1700523836\n|move|p1a: Macaroni Man|Nasty Plot|p1a: Macaroni Man\n|-boost|p1a: Macaroni Man|spa|2\n|move|p2a: Blissey|Flamethrower|p1a: Macaroni Man\n|-supereffective|p1a: Macaroni Man\n|-damage|p1a: Macaroni Man|60\/100\n|-enditem|p1a: Macaroni Man|Air Balloon\n|\n|upkeep\n|turn|8\n|\n|t:|1700523840\n|move|p1a: Macaroni Man|Psyshock|p2a: Blissey\n|-damage|p2a: Blissey|29\/100\n|move|p2a: Blissey|Flamethrower|p1a: Macaroni Man\n|-supereffective|p1a: Macaroni Man\n|-damage|p1a: Macaroni Man|19\/100\n|\n|upkeep\n|turn|9\n|\n|t:|1700523845\n|move|p1a: Macaroni Man|Dazzling Gleam|p2a: Blissey\n|-damage|p2a: Blissey|0 fnt\n|faint|p2a: Blissey\n|\n|upkeep\n|\n|t:|1700523852\n|switch|p2a: Clefable|Clefable, F|100\/100\n|turn|10\n|\n|t:|1700523859\n|move|p1a: Macaroni Man|Shadow Ball|p2a: Clefable\n|-damage|p2a: Clefable|72\/100\n|move|p2a: Clefable|Knock Off|p1a: Macaroni Man\n|-supereffective|p1a: Macaroni Man\n|-damage|p1a: Macaroni Man|0 fnt\n|faint|p1a: Macaroni Man\n|\n|upkeep\n|\n|t:|1700523862\n|switch|p1a: Dyson|Iron Moth|100\/100\n|-enditem|p1a: Dyson|Booster Energy\n|-activate|p1a: Dyson|ability: Quark Drive|[fromitem]\n|-start|p1a: Dyson|quarkdrivespa\n|turn|11\n|\n|t:|1700523883\n|switch|p2a: Slowking|Slowking-Galar, M|100\/100\n|-activate|p2a: Slowking|move: Sticky Web\n|-unboost|p2a: Slowking|spe|1\n|move|p1a: Dyson|Fiery Dance|p2a: Slowking\n|-damage|p2a: Slowking|52\/100\n|-boost|p1a: Dyson|spa|1\n|\n|upkeep\n|turn|12\n|\n|t:|1700523892\n|switch|p2a: Dondozo|Dondozo, M|100\/100\n|-activate|p2a: Dondozo|move: Sticky Web\n|-unboost|p2a: Dondozo|spe|1\n|move|p1a: Dyson|Fiery Dance|p2a: Dondozo\n|-resisted|p2a: Dondozo\n|-damage|p2a: Dondozo|74\/100\n|-boost|p1a: Dyson|spa|1\n|\n|-heal|p2a: Dondozo|80\/100|[from] item: Leftovers\n|upkeep\n|turn|13\n|\n|t:|1700523895\n|-terastallize|p1a: Dyson|Ghost\n|move|p1a: Dyson|Sludge Wave|p2a: Dondozo\n|-damage|p2a: Dondozo|14\/100\n|move|p2a: Dondozo|Wave Crash|p1a: Dyson\n|-damage|p1a: Dyson|27\/100\n|-damage|p2a: Dondozo|0 fnt|[from] Recoil\n|faint|p2a: Dondozo\n|\n|upkeep\n|\n|t:|1700523903\n|switch|p2a: Clefable|Clefable, F|72\/100\n|turn|14\n|\n|t:|1700523908\n|-terastallize|p2a: Clefable|Dark\n|move|p1a: Dyson|Sludge Wave|p2a: Clefable\n|-damage|p2a: Clefable|27\/100\n|move|p2a: Clefable|Moonblast|p1a: Dyson\n|-damage|p1a: Dyson|0 fnt\n|faint|p1a: Dyson\n|-end|p1a: Dyson|Quark Drive|[silent]\n|\n|upkeep\n|\n|t:|1700523918\n|switch|p1a: Nature\u2019s Nuke|Rillaboom, M|100\/100\n|-fieldstart|move: Grassy Terrain|[from] ability: Grassy Surge|[of] p1a: Nature\u2019s Nuke\n|turn|15\n|\n|t:|1700523933\n|switch|p2a: Corviknight|Corviknight, F|100\/100\n|-ability|p2a: Corviknight|Pressure\n|move|p1a: Nature\u2019s Nuke|Swords Dance|p1a: Nature\u2019s Nuke\n|-boost|p1a: Nature\u2019s Nuke|atk|2\n|\n|upkeep\n|turn|16\n|\n|t:|1700523937\n|move|p1a: Nature\u2019s Nuke|Knock Off|p2a: Corviknight\n|-damage|p2a: Corviknight|60\/100\n|-damage|p1a: Nature\u2019s Nuke|84\/100|[from] item: Rocky Helmet|[of] p2a: Corviknight\n|-enditem|p2a: Corviknight|Rocky Helmet|[from] move: Knock Off|[of] p1a: Nature\u2019s Nuke\n|move|p2a: Corviknight|Brave Bird|p1a: Nature\u2019s Nuke\n|-supereffective|p1a: Nature\u2019s Nuke\n|-damage|p1a: Nature\u2019s Nuke|6\/100\n|-damage|p2a: Corviknight|38\/100|[from] Recoil\n|\n|-heal|p1a: Nature\u2019s Nuke|12\/100|[from] Grassy Terrain\n|upkeep\n|turn|17\n|\n|t:|1700523946\n|move|p1a: Nature\u2019s Nuke|Wood Hammer|p2a: Corviknight\n|-resisted|p2a: Corviknight\n|-damage|p2a: Corviknight|10\/100\n|-damage|p1a: Nature\u2019s Nuke|1\/100|[from] Recoil\n|move|p2a: Corviknight|U-turn|p1a: Nature\u2019s Nuke\n|-supereffective|p1a: Nature\u2019s Nuke\n|-damage|p1a: Nature\u2019s Nuke|0 fnt\n|faint|p1a: Nature\u2019s Nuke\n|\n|t:|1700523957\n|switch|p2a: Clefable|Clefable, F, tera:Dark|27\/100|[from] U-turn\n|\n|-heal|p2a: Clefable|33\/100|[from] Grassy Terrain\n|upkeep\n|\n|t:|1700523960\n|switch|p1a: Deku|Torterra, M|100\/100\n|turn|18\n|j| Outdated AHH Team\n|\n|t:|1700523970\n|move|p1a: Deku|Wood Hammer|p2a: Clefable\n|-damage|p2a: Clefable|0 fnt\n|faint|p2a: Clefable\n|-damage|p1a: Deku|88\/100|[from] Recoil\n|\n|-heal|p1a: Deku|94\/100|[from] Grassy Terrain\n|upkeep\n|j| AbrarS\n|\n|t:|1700523975\n|switch|p2a: Slowking|Slowking-Galar, M|85\/100\n|-activate|p2a: Slowking|move: Sticky Web\n|-unboost|p2a: Slowking|spe|1\n|turn|19\n|c|\u2606SDK04|gg\n|c|\u2606SDK04|wp\n|\n|t:|1700523981\n|move|p1a: Deku|Headlong Rush|p2a: Slowking\n|-supereffective|p2a: Slowking\n|-damage|p2a: Slowking|0 fnt\n|-unboost|p1a: Deku|def|1\n|-unboost|p1a: Deku|spd|1\n|-enditem|p1a: Deku|White Herb\n|-clearnegativeboost|p1a: Deku|[silent]\n|faint|p2a: Slowking\n|\n|-heal|p1a: Deku|99\/100|[from] Grassy Terrain\n|-fieldend|move: Grassy Terrain\n|upkeep\n|\n|t:|1700523991\n|switch|p2a: Toxapex|Toxapex, M|100\/100 par\n|turn|20\n|c|\u2606SDK04|THE DEKU ENDGAME IS REAL\n|c|\u2606SDK04|PLUS ULTRA OR SOME SHIT WOOOOOOOOOO\n|\n|t:|1700524003\n|move|p1a: Deku|Headlong Rush|p2a: Toxapex\n|-supereffective|p2a: Toxapex\n|-damage|p2a: Toxapex|29\/100 par\n|-unboost|p1a: Deku|def|1\n|-unboost|p1a: Deku|spd|1\n|cant|p2a: Toxapex|par\n|\n|upkeep\n|turn|21\n|\n|t:|1700524016\n|switch|p2a: Corviknight|Corviknight, F|10\/100\n|-ability|p2a: Corviknight|Pressure\n|move|p1a: Deku|Wood Hammer|p2a: Corviknight\n|-resisted|p2a: Corviknight\n|-damage|p2a: Corviknight|2\/100\n|-damage|p1a: Deku|96\/100|[from] Recoil\n|\n|upkeep\n|turn|22\n|\n|t:|1700524021\n|switch|p2a: Toxapex|Toxapex, M|63\/100 par\n|move|p1a: Deku|Wood Hammer|p2a: Toxapex\n|-damage|p2a: Toxapex|27\/100 par\n|-damage|p1a: Deku|85\/100|[from] Recoil\n|\n|upkeep\n|turn|23\n|\n|t:|1700524028\n|move|p1a: Deku|Wood Hammer|p2a: Toxapex\n|-damage|p2a: Toxapex|0 fnt\n|faint|p2a: Toxapex\n|-damage|p1a: Deku|78\/100|[from] Recoil\n|\n|upkeep\n|-message|yyysneasel forfeited.\n|\n|win|SDK04\n|n|\u2606SDK04|sdk04\n|n|\u203dyyysneasel|yyysneasel\n|n| balheat227|balheat227\n|n| Outdated AHH Team|outdatedahhteam\n|n| AbrarS|abrars\n|l|\u203dyyysneasel\n|l|\u2606SDK04\n|l| AbrarS\n|j|\u2606SDK04\n|player|p1|SDK04|unknown\n","uploadtime":1700524071,"views":7,"p1id":"sdk04","p2id":"yyysneasel","formatid":"gen9ou","rating":0,"private":0,"password":""}