{"id":"gen9ou-1995113311","p1":"Ouvt frfr","p2":"TMcNic7","format":"[Gen 9] OU","log":"|j|\u2606Ouvt frfr\n|j|\u2606TMcNic7\n|t:|1700524012\n|gametype|singles\n|player|p1|Ouvt frfr|dawn|1724\n|player|p2|TMcNic7|clair|1768\n|teamsize|p1|6\n|teamsize|p2|6\n|gen|9\n|tier|[Gen 9] OU\n|rated|\n|rule|Sleep Clause Mod: Limit one foe put to sleep\n|rule|Species Clause: Limit one of each Pok\u00e9mon\n|rule|OHKO Clause: OHKO moves are banned\n|rule|Evasion Items Clause: Evasion items are banned\n|rule|Evasion Moves Clause: Evasion moves are banned\n|rule|Endless Battle Clause: Forcing endless battles is banned\n|rule|HP Percentage Mod: HP is shown in percentages\n|clearpoke\n|poke|p1|Dragalge, M|\n|poke|p1|Heatran, F|\n|poke|p1|Weezing-Galar, F|\n|poke|p1|Landorus-Therian, M|\n|poke|p1|Clefable, M|\n|poke|p1|Rillaboom, M|\n|poke|p2|Clefable, M|\n|poke|p2|Quagsire, F|\n|poke|p2|Milotic, M|\n|poke|p2|Mandibuzz, F|\n|poke|p2|Skeledirge, F|\n|poke|p2|Dragapult, M|\n|teampreview\n|inactive|Battle timer is ON: inactive players will automatically lose when time's up. (requested by Ouvt frfr)\n|\n|t:|1700524041\n|start\n|switch|p1a: Dragalge|Dragalge, M|100\/100\n|switch|p2a: Quagsire|Quagsire, F|100\/100\n|turn|1\n|\n|t:|1700524052\n|switch|p2a: Milotic|Milotic, M|100\/100\n|move|p1a: Dragalge|Toxic|p2a: Milotic\n|-status|p2a: Milotic|tox\n|\n|-damage|p2a: Milotic|94\/100 tox|[from] psn\n|upkeep\n|turn|2\n|\n|t:|1700524065\n|move|p1a: Dragalge|Scald|p2a: Milotic\n|-resisted|p2a: Milotic\n|-damage|p2a: Milotic|89\/100 tox\n|move|p2a: Milotic|Mirror Coat|p1a: Dragalge\n|-damage|p1a: Dragalge|88\/100\n|\n|-heal|p1a: Dragalge|94\/100|[from] item: Leftovers\n|-damage|p2a: Milotic|77\/100 tox|[from] psn\n|upkeep\n|turn|3\n|\n|t:|1700524075\n|switch|p2a: Clefable|Clefable, M|100\/100\n|move|p1a: Dragalge|Toxic|p2a: Clefable\n|-status|p2a: Clefable|tox\n|\n|-heal|p1a: Dragalge|100\/100|[from] item: Leftovers\n|upkeep\n|turn|4\n|\n|t:|1700524081\n|-terastallize|p2a: Clefable|Steel\n|move|p2a: Clefable|Stealth Rock|p1a: Dragalge\n|-sidestart|p1: Ouvt frfr|move: Stealth Rock\n|move|p1a: Dragalge|Sludge Bomb|p2a: Clefable\n|-immune|p2a: Clefable\n|\n|upkeep\n|turn|5\n|\n|t:|1700524088\n|move|p2a: Clefable|Moonlight|p2a: Clefable\n|-fail|p2a: Clefable|heal\n|move|p1a: Dragalge|Scald|p2a: Clefable\n|-damage|p2a: Clefable|83\/100 tox\n|\n|upkeep\n|turn|6\n|\n|t:|1700524094\n|move|p2a: Clefable|Moonblast|p1a: Dragalge\n|-damage|p1a: Dragalge|74\/100\n|-unboost|p1a: Dragalge|spa|1\n|move|p1a: Dragalge|Scald|p2a: Clefable\n|-damage|p2a: Clefable|72\/100 tox\n|\n|-heal|p1a: Dragalge|80\/100|[from] item: Leftovers\n|upkeep\n|turn|7\n|\n|t:|1700524100\n|switch|p2a: Quagsire|Quagsire, F|100\/100\n|move|p1a: Dragalge|Scald|p2a: Quagsire\n|-damage|p2a: Quagsire|80\/100\n|-status|p2a: Quagsire|brn\n|\n|-heal|p1a: Dragalge|86\/100|[from] item: Leftovers\n|-damage|p2a: Quagsire|74\/100 brn|[from] brn\n|upkeep\n|turn|8\n|\n|t:|1700524109\n|switch|p1a: Weezing|Weezing-Galar, F|100\/100\n|-ability|p1a: Weezing|Neutralizing Gas\n|-damage|p1a: Weezing|88\/100|[from] Stealth Rock\n|move|p2a: Quagsire|Spikes|p1a: Weezing\n|-sidestart|p1: Ouvt frfr|Spikes\n|\n|-damage|p2a: Quagsire|68\/100 brn|[from] brn\n|upkeep\n|turn|9\n|\n|t:|1700524114\n|move|p1a: Weezing|Defog|p2a: Quagsire\n|-unboost|p2a: Quagsire|evasion|1\n|-sideend|p1: Ouvt frfr|Spikes|[from] move: Defog|[of] p1a: Weezing\n|-sideend|p1: Ouvt frfr|Stealth Rock|[from] move: Defog|[of] p1a: Weezing\n|move|p2a: Quagsire|Spikes|p1a: Weezing\n|-sidestart|p1: Ouvt frfr|Spikes\n|\n|-damage|p2a: Quagsire|62\/100 brn|[from] brn\n|upkeep\n|turn|10\n|\n|t:|1700524121\n|switch|p2a: Clefable|Clefable, M, tera:Steel|72\/100 tox\n|move|p1a: Weezing|Defog|p2a: Clefable\n|-unboost|p2a: Clefable|evasion|1\n|-sideend|p1: Ouvt frfr|Spikes|[from] move: Defog|[of] p1a: Weezing\n|\n|-damage|p2a: Clefable|66\/100 tox|[from] psn\n|-damage|p2a: Clefable|53\/100 tox|[from] item: Sticky Barb\n|upkeep\n|turn|11\n|\n|t:|1700524143\n|-end|p1a: Weezing|ability: Neutralizing Gas\n|switch|p1a: Clefable|Clefable, M|100\/100\n|move|p2a: Clefable|Moonlight|p2a: Clefable\n|-heal|p2a: Clefable|100\/100 tox\n|\n|upkeep\n|turn|12\n|\n|t:|1700524151\n|move|p2a: Clefable|Stealth Rock|p1a: Clefable\n|-sidestart|p1: Ouvt frfr|move: Stealth Rock\n|move|p1a: Clefable|Wish|p1a: Clefable\n|\n|upkeep\n|turn|13\n|\n|t:|1700524159\n|switch|p2a: Quagsire|Quagsire, F|62\/100 brn\n|switch|p1a: Dragalge|Dragalge, M|86\/100\n|-damage|p1a: Dragalge|74\/100|[from] Stealth Rock\n|\n|-heal|p1a: Dragalge|100\/100|[from] move: Wish|[wisher] Clefable\n|-damage|p2a: Quagsire|56\/100 brn|[from] brn\n|upkeep\n|turn|14\n|\n|t:|1700524164\n|switch|p1a: Weezing|Weezing-Galar, F|88\/100\n|-ability|p1a: Weezing|Neutralizing Gas\n|-damage|p1a: Weezing|76\/100|[from] Stealth Rock\n|move|p2a: Quagsire|Earthquake|p1a: Weezing\n|-supereffective|p1a: Weezing\n|-damage|p1a: Weezing|54\/100\n|\n|-damage|p2a: Quagsire|49\/100 brn|[from] brn\n|upkeep\n|turn|15\n|\n|t:|1700524168\n|move|p1a: Weezing|Defog|p2a: Quagsire\n|-unboost|p2a: Quagsire|evasion|1\n|-sideend|p1: Ouvt frfr|Stealth Rock|[from] move: Defog|[of] p1a: Weezing\n|move|p2a: Quagsire|Recover|p2a: Quagsire\n|-heal|p2a: Quagsire|99\/100 brn\n|\n|-damage|p2a: Quagsire|93\/100 brn|[from] brn\n|upkeep\n|turn|16\n|\n|t:|1700524170\n|move|p1a: Weezing|Pain Split|p2a: Quagsire\n|-sethp|p2a: Quagsire|70\/100 brn|[from] move: Pain Split|[silent]\n|-sethp|p1a: Weezing|82\/100|[from] move: Pain Split\n|move|p2a: Quagsire|Earthquake|p1a: Weezing\n|-supereffective|p1a: Weezing\n|-damage|p1a: Weezing|62\/100\n|\n|-damage|p2a: Quagsire|63\/100 brn|[from] brn\n|upkeep\n|turn|17\n|\n|t:|1700524175\n|move|p1a: Weezing|Strange Steam|p2a: Quagsire\n|-damage|p2a: Quagsire|30\/100 brn\n|move|p2a: Quagsire|Spikes|p1a: Weezing\n|-sidestart|p1: Ouvt frfr|Spikes\n|\n|-damage|p2a: Quagsire|24\/100 brn|[from] brn\n|upkeep\n|turn|18\n|\n|t:|1700524180\n|move|p1a: Weezing|Defog|p2a: Quagsire\n|-unboost|p2a: Quagsire|evasion|1\n|-sideend|p1: Ouvt frfr|Spikes|[from] move: Defog|[of] p1a: Weezing\n|move|p2a: Quagsire|Earthquake|p1a: Weezing\n|-supereffective|p1a: Weezing\n|-damage|p1a: Weezing|42\/100\n|\n|-damage|p2a: Quagsire|18\/100 brn|[from] brn\n|upkeep\n|turn|19\n|\n|t:|1700524182\n|move|p1a: Weezing|Strange Steam|p2a: Quagsire\n|-damage|p2a: Quagsire|0 fnt\n|faint|p2a: Quagsire\n|\n|upkeep\n|\n|t:|1700524187\n|switch|p2a: Dragapult|Dragapult, M|100\/100\n|turn|20\n|\n|t:|1700524191\n|-end|p1a: Weezing|ability: Neutralizing Gas\n|switch|p1a: Heatran|Heatran, F|100\/100\n|move|p2a: Dragapult|U-turn|p1a: Heatran\n|-resisted|p1a: Heatran\n|-damage|p1a: Heatran|98\/100\n|\n|t:|1700524199\n|switch|p2a: Clefable|Clefable, M, tera:Steel|100\/100 tox|[from] U-turn\n|\n|-heal|p1a: Heatran|100\/100|[from] item: Leftovers\n|upkeep\n|turn|21\n|\n|t:|1700524203\n|move|p1a: Heatran|Taunt|p2a: Clefable\n|-start|p2a: Clefable|move: Taunt\n|cant|p2a: Clefable|move: Taunt|Stealth Rock\n|\n|upkeep\n|turn|22\n|\n|t:|1700524211\n|switch|p2a: Milotic|Milotic, M|77\/100 tox\n|move|p1a: Heatran|Magma Storm|p2a: Milotic\n|-resisted|p2a: Milotic\n|-damage|p2a: Milotic|65\/100 tox\n|-activate|p2a: Milotic|move: Magma Storm|[of] p1a: Heatran\n|\n|-damage|p2a: Milotic|59\/100 tox|[from] psn\n|-damage|p2a: Milotic|46\/100 tox|[from] move: Magma Storm|[partiallytrapped]\n|upkeep\n|turn|23\n|-message|TMcNic7 forfeited.\n|\n|win|Ouvt frfr\n|raw|Ouvt frfr's rating: 1724 &rarr; <strong>1747<\/strong><br \/>(+23 for winning)\n|raw|TMcNic7's rating: 1768 &rarr; <strong>1745<\/strong><br \/>(-23 for losing)\n|l|\u2606TMcNic7\n","uploadtime":1700524227,"views":8,"p1id":"ouvtfrfr","p2id":"tmcnic7","formatid":"gen9ou","rating":1745,"private":0,"password":""}