{"id":"gen9ou-1990998134","p1":"hambroni","p2":"Hutallan","format":"[Gen 9] OU","log":"|j|\u2606hambroni\n|j|\u2606Hutallan\n|t:|1700025448\n|gametype|singles\n|player|p1|hambroni|1|1135\n|player|p2|Hutallan|2|1062\n|teamsize|p1|6\n|teamsize|p2|6\n|gen|9\n|tier|[Gen 9] OU\n|rated|\n|rule|Sleep Clause Mod: Limit one foe put to sleep\n|rule|Species Clause: Limit one of each Pok\u00e9mon\n|rule|OHKO Clause: OHKO moves are banned\n|rule|Evasion Items Clause: Evasion items are banned\n|rule|Evasion Moves Clause: Evasion moves are banned\n|rule|Endless Battle Clause: Forcing endless battles is banned\n|rule|HP Percentage Mod: HP is shown in percentages\n|clearpoke\n|poke|p1|Torkoal, M|\n|poke|p1|Charizard, M|\n|poke|p1|Alomomola, F|\n|poke|p1|Walking Wake|\n|poke|p1|Corviknight, F|\n|poke|p1|Cinderace, M|\n|poke|p2|Hatterene, F|\n|poke|p2|Great Tusk|\n|poke|p2|Glimmora, F|\n|poke|p2|Garganacl, M|\n|poke|p2|Dragapult, F|\n|poke|p2|Landorus-Therian, M|\n|teampreview\n|inactive|Battle timer is ON: inactive players will automatically lose when time's up. (requested by hambroni)\n|\n|t:|1700025463\n|start\n|switch|p1a: Walking Wake|Walking Wake|100\/100\n|switch|p2a: Glimmora|Glimmora, F|100\/100\n|turn|1\n|inactive|hambroni has 120 seconds left.\n|inactive|hambroni has 90 seconds left.\n|\n|t:|1700025531\n|move|p1a: Walking Wake|Hydro Steam|p2a: Glimmora\n|-supereffective|p2a: Glimmora\n|-enditem|p2a: Glimmora|Focus Sash\n|-damage|p2a: Glimmora|1\/100\n|-damage|p1a: Walking Wake|91\/100|[from] item: Life Orb\n|move|p2a: Glimmora|Energy Ball|p1a: Walking Wake\n|-damage|p1a: Walking Wake|61\/100\n|\n|upkeep\n|turn|2\n|inactive|hambroni has 90 seconds left.\n|\n|t:|1700025543\n|move|p1a: Walking Wake|Hydro Steam|p2a: Glimmora\n|-supereffective|p2a: Glimmora\n|-damage|p2a: Glimmora|0 fnt\n|faint|p2a: Glimmora\n|-damage|p1a: Walking Wake|51\/100|[from] item: Life Orb\n|\n|upkeep\n|inactive|Hutallan has 120 seconds left.\n|\n|t:|1700025568\n|switch|p2a: Dragapult|Dragapult, F, shiny|100\/100\n|turn|3\n|\n|t:|1700025579\n|-end|p1a: Walking Wake|Protosynthesis|[silent]\n|switch|p1a: Corviknight|Corviknight, F|100\/100\n|-ability|p1a: Corviknight|Pressure\n|move|p2a: Dragapult|Draco Meteor|p1a: Corviknight\n|-resisted|p1a: Corviknight\n|-damage|p1a: Corviknight|70\/100\n|-unboost|p2a: Dragapult|spa|2\n|\n|-heal|p1a: Corviknight|77\/100|[from] item: Leftovers\n|upkeep\n|turn|4\n|inactive|Hutallan has 120 seconds left.\n|\n|t:|1700025599\n|switch|p2a: Landorus|Landorus-Therian, M|100\/100\n|-ability|p2a: Landorus|Intimidate|boost\n|-unboost|p1a: Corviknight|atk|1\n|move|p1a: Corviknight|U-turn|p2a: Landorus\n|-resisted|p2a: Landorus\n|-damage|p2a: Landorus|97\/100\n|inactive|hambroni has 90 seconds left.\n|\n|t:|1700025615\n|switch|p1a: Alomomola|Alomomola, F|100\/100|[from] U-turn\n|\n|upkeep\n|turn|5\n|\n|t:|1700025629\n|switch|p2a: Hatterene|Hatterene, F, shiny|100\/100\n|move|p1a: Alomomola|Scald|p2a: Hatterene\n|-damage|p2a: Hatterene|86\/100\n|-status|p2a: Hatterene|brn\n|\n|-damage|p2a: Hatterene|80\/100 brn|[from] brn\n|upkeep\n|turn|6\n|\n|t:|1700025644\n|move|p1a: Alomomola|Flip Turn|p2a: Hatterene\n|-damage|p2a: Hatterene|61\/100 brn\n|\n|t:|1700025649\n|switch|p1a: Cinderace|Cinderace, M|100\/100|[from] Flip Turn\n|move|p2a: Hatterene|Giga Drain|p1a: Cinderace\n|-resisted|p1a: Cinderace\n|-damage|p1a: Cinderace|80\/100\n|-heal|p2a: Hatterene|71\/100 brn|[from] drain|[of] p1a: Cinderace\n|\n|-damage|p2a: Hatterene|65\/100 brn|[from] brn\n|upkeep\n|turn|7\n|inactive|Hutallan has 120 seconds left.\n|\n|t:|1700025673\n|switch|p2a: Great Tusk|Great Tusk|100\/100\n|-enditem|p2a: Great Tusk|Booster Energy\n|-activate|p2a: Great Tusk|ability: Protosynthesis|[fromitem]\n|-start|p2a: Great Tusk|protosynthesisdef\n|move|p1a: Cinderace|Pyro Ball|p2a: Great Tusk\n|-damage|p2a: Great Tusk|57\/100\n|\n|upkeep\n|turn|8\n|inactive|Hutallan has 120 seconds left.\n|\n|t:|1700025684\n|switch|p1a: Alomomola|Alomomola, F|100\/100\n|move|p2a: Great Tusk|Body Press|p1a: Alomomola\n|-damage|p1a: Alomomola|77\/100\n|\n|-heal|p1a: Alomomola|83\/100|[from] item: Leftovers\n|upkeep\n|turn|9\n|inactive|hambroni has 120 seconds left.\n|inactive|Hutallan has 120 seconds left.\n|\n|t:|1700025697\n|-end|p2a: Great Tusk|Protosynthesis|[silent]\n|switch|p2a: Dragapult|Dragapult, F, shiny|100\/100\n|move|p1a: Alomomola|Wish|p1a: Alomomola\n|\n|-heal|p1a: Alomomola|89\/100|[from] item: Leftovers\n|upkeep\n|turn|10\n|inactive|hambroni has 120 seconds left.\n|inactive|Hutallan has 120 seconds left.\n|\n|t:|1700025722\n|move|p2a: Dragapult|Flamethrower|p1a: Alomomola\n|-resisted|p1a: Alomomola\n|-crit|p1a: Alomomola\n|-damage|p1a: Alomomola|56\/100\n|move|p1a: Alomomola|Flip Turn|p2a: Dragapult\n|-resisted|p2a: Dragapult\n|-damage|p2a: Dragapult|89\/100\n|\n|t:|1700025729\n|switch|p1a: Walking Wake|Walking Wake|51\/100|[from] Flip Turn\n|\n|-heal|p1a: Walking Wake|100\/100|[from] move: Wish|[wisher] Alomomola\n|upkeep\n|turn|11\n|inactive|Hutallan has 120 seconds left.\n|\n|t:|1700025744\n|switch|p2a: Garganacl|Garganacl, M|100\/100\n|move|p1a: Walking Wake|Dragon Pulse|p2a: Garganacl\n|-damage|p2a: Garganacl|56\/100\n|-damage|p1a: Walking Wake|91\/100|[from] item: Life Orb\n|\n|-heal|p2a: Garganacl|62\/100|[from] item: Leftovers\n|upkeep\n|turn|12\n|inactive|Hutallan has 120 seconds left.\n|inactive|hambroni has 90 seconds left.\n|\n|t:|1700025783\n|move|p2a: Garganacl|Protect|p2a: Garganacl\n|-singleturn|p2a: Garganacl|Protect\n|move|p1a: Walking Wake|Hydro Steam|p2a: Garganacl\n|-activate|p2a: Garganacl|move: Protect\n|\n|-heal|p2a: Garganacl|69\/100|[from] item: Leftovers\n|upkeep\n|turn|13\n|inactive|Hutallan has 120 seconds left.\n|\n|t:|1700025799\n|-terastallize|p2a: Garganacl|Flying\n|move|p1a: Walking Wake|Hydro Steam|p2a: Garganacl\n|-crit|p2a: Garganacl\n|-damage|p2a: Garganacl|7\/100\n|-damage|p1a: Walking Wake|81\/100|[from] item: Life Orb\n|move|p2a: Garganacl|Iron Head|p1a: Walking Wake\n|-resisted|p1a: Walking Wake\n|-damage|p1a: Walking Wake|70\/100\n|\n|-heal|p2a: Garganacl|14\/100|[from] item: Leftovers\n|upkeep\n|turn|14\n|\n|t:|1700025812\n|move|p2a: Garganacl|Protect|p2a: Garganacl\n|-singleturn|p2a: Garganacl|Protect\n|move|p1a: Walking Wake|Hydro Steam|p2a: Garganacl\n|-activate|p2a: Garganacl|move: Protect\n|\n|-heal|p2a: Garganacl|20\/100|[from] item: Leftovers\n|upkeep\n|turn|15\n|\n|t:|1700025826\n|switch|p2a: Dragapult|Dragapult, F, shiny|89\/100\n|move|p1a: Walking Wake|Hydro Steam|p2a: Dragapult\n|-resisted|p2a: Dragapult\n|-damage|p2a: Dragapult|47\/100\n|-damage|p1a: Walking Wake|60\/100|[from] item: Life Orb\n|\n|upkeep\n|turn|16\n|\n|t:|1700025839\n|-end|p1a: Walking Wake|Protosynthesis|[silent]\n|switch|p1a: Corviknight|Corviknight, F|77\/100\n|-ability|p1a: Corviknight|Pressure\n|move|p2a: Dragapult|Shadow Ball|p1a: Corviknight\n|-damage|p1a: Corviknight|39\/100\n|\n|-heal|p1a: Corviknight|45\/100|[from] item: Leftovers\n|upkeep\n|turn|17\n|\n|t:|1700025849\n|move|p2a: Dragapult|Shadow Ball|p1a: Corviknight\n|-damage|p1a: Corviknight|6\/100\n|-unboost|p1a: Corviknight|spd|1\n|move|p1a: Corviknight|Roost|p1a: Corviknight\n|-heal|p1a: Corviknight|56\/100\n|-singleturn|p1a: Corviknight|move: Roost\n|\n|-heal|p1a: Corviknight|62\/100|[from] item: Leftovers\n|upkeep\n|turn|18\n|inactive|hambroni has 120 seconds left.\n|inactive|hambroni has 90 seconds left.\n|\n|t:|1700025901\n|switch|p1a: Alomomola|Alomomola, F|89\/100\n|move|p2a: Dragapult|Shadow Ball|p1a: Alomomola\n|-damage|p1a: Alomomola|22\/100\n|\n|-heal|p1a: Alomomola|28\/100|[from] item: Leftovers\n|upkeep\n|turn|19\n|\n|t:|1700025911\n|move|p1a: Alomomola|Protect|p1a: Alomomola\n|-singleturn|p1a: Alomomola|Protect\n|move|p2a: Dragapult|Shadow Ball|p1a: Alomomola\n|-activate|p1a: Alomomola|move: Protect\n|\n|-heal|p1a: Alomomola|34\/100|[from] item: Leftovers\n|upkeep\n|turn|20\n|inactive|hambroni has 90 seconds left.\n|\n|t:|1700025920\n|switch|p1a: Cinderace|Cinderace, M|80\/100\n|move|p2a: Dragapult|Shadow Ball|p1a: Cinderace\n|-damage|p1a: Cinderace|0 fnt\n|faint|p1a: Cinderace\n|\n|upkeep\n|inactive|hambroni has 90 seconds left.\n|\n|t:|1700025929\n|switch|p1a: Charizard|Charizard, M, shiny|100\/100\n|turn|21\n|\n|t:|1700025935\n|move|p2a: Dragapult|Shadow Ball|p1a: Charizard\n|-damage|p1a: Charizard|36\/100\n|move|p1a: Charizard|Overheat|p2a: Dragapult\n|-resisted|p2a: Dragapult\n|-damage|p2a: Dragapult|0 fnt\n|-unboost|p1a: Charizard|spa|2\n|faint|p2a: Dragapult\n|\n|upkeep\n|inactive|Hutallan has 120 seconds left.\n|\n|t:|1700025953\n|switch|p2a: Garganacl|Garganacl, M, tera:Flying|20\/100\n|turn|22\n|inactive|Hutallan has 120 seconds left.\n|\n|t:|1700025967\n|move|p1a: Charizard|Overheat|p2a: Garganacl\n|-damage|p2a: Garganacl|0 fnt\n|-unboost|p1a: Charizard|spa|2\n|faint|p2a: Garganacl\n|\n|upkeep\n|\n|t:|1700025975\n|switch|p2a: Landorus|Landorus-Therian, M|97\/100\n|-ability|p2a: Landorus|Intimidate|boost\n|-unboost|p1a: Charizard|atk|1\n|turn|23\n|inactive|Hutallan has 120 seconds left.\n|\n|t:|1700025986\n|switch|p1a: Corviknight|Corviknight, F|62\/100\n|-ability|p1a: Corviknight|Pressure\n|move|p2a: Landorus|Crunch|p1a: Corviknight\n|-damage|p1a: Corviknight|41\/100\n|\n|-heal|p1a: Corviknight|47\/100|[from] item: Leftovers\n|upkeep\n|turn|24\n|inactive|Hutallan has 120 seconds left.\n|\n|t:|1700025996\n|move|p2a: Landorus|Crunch|p1a: Corviknight\n|-damage|p1a: Corviknight|28\/100\n|move|p1a: Corviknight|Roost|p1a: Corviknight\n|-heal|p1a: Corviknight|78\/100\n|-singleturn|p1a: Corviknight|move: Roost\n|\n|-heal|p1a: Corviknight|84\/100|[from] item: Leftovers\n|upkeep\n|turn|25\n|\n|t:|1700026010\n|move|p2a: Landorus|Crunch|p1a: Corviknight\n|-damage|p1a: Corviknight|64\/100\n|move|p1a: Corviknight|U-turn|p2a: Landorus\n|-resisted|p2a: Landorus\n|-damage|p2a: Landorus|93\/100\n|\n|t:|1700026012\n|switch|p1a: Torkoal|Torkoal, M|100\/100|[from] U-turn\n|-weather|SunnyDay|[from] ability: Drought|[of] p1a: Torkoal\n|\n|-weather|SunnyDay|[upkeep]\n|upkeep\n|turn|26\n|\n|t:|1700026022\n|switch|p1a: Alomomola|Alomomola, F|68\/100\n|move|p2a: Landorus|Sand Tomb|p1a: Alomomola\n|-damage|p1a: Alomomola|58\/100\n|-activate|p1a: Alomomola|move: Sand Tomb|[of] p2a: Landorus\n|\n|-weather|SunnyDay|[upkeep]\n|-heal|p1a: Alomomola|64\/100|[from] item: Leftovers\n|-damage|p1a: Alomomola|52\/100|[from] move: Sand Tomb|[partiallytrapped]\n|upkeep\n|turn|27\n|\n|t:|1700026033\n|move|p2a: Landorus|Grass Knot|p1a: Alomomola\n|-supereffective|p1a: Alomomola\n|-damage|p1a: Alomomola|24\/100\n|move|p1a: Alomomola|Flip Turn|p2a: Landorus\n|-supereffective|p2a: Landorus\n|-damage|p2a: Landorus|81\/100\n|\n|t:|1700026038\n|switch|p1a: Walking Wake|Walking Wake|60\/100|[from] Flip Turn\n|-activate|p1a: Walking Wake|ability: Protosynthesis\n|-start|p1a: Walking Wake|protosynthesisspe\n|\n|-weather|SunnyDay|[upkeep]\n|upkeep\n|turn|28\n|\n|t:|1700026047\n|switch|p2a: Hatterene|Hatterene, F, shiny|65\/100 brn\n|move|p1a: Walking Wake|Hydro Steam|p2a: Hatterene\n|-damage|p2a: Hatterene|0 fnt\n|faint|p2a: Hatterene\n|-damage|p1a: Walking Wake|50\/100|[from] item: Life Orb\n|\n|-weather|SunnyDay|[upkeep]\n|upkeep\n|\n|t:|1700026068\n|switch|p2a: Great Tusk|Great Tusk|57\/100\n|-activate|p2a: Great Tusk|ability: Protosynthesis\n|-start|p2a: Great Tusk|protosynthesisdef\n|turn|29\n|\n|t:|1700026076\n|move|p1a: Walking Wake|Hydro Steam|p2a: Great Tusk\n|-supereffective|p2a: Great Tusk\n|-damage|p2a: Great Tusk|0 fnt\n|faint|p2a: Great Tusk\n|-end|p2a: Great Tusk|Protosynthesis|[silent]\n|-damage|p1a: Walking Wake|40\/100|[from] item: Life Orb\n|\n|-weather|SunnyDay|[upkeep]\n|upkeep\n|c|\u2606hambroni|gg\n|\n|t:|1700026085\n|switch|p2a: Landorus|Landorus-Therian, M|81\/100\n|-ability|p2a: Landorus|Intimidate|boost\n|-unboost|p1a: Walking Wake|atk|1\n|turn|30\n|\n|t:|1700026098\n|move|p1a: Walking Wake|Hydro Steam|p2a: Landorus\n|-supereffective|p2a: Landorus\n|-damage|p2a: Landorus|0 fnt\n|faint|p2a: Landorus\n|-damage|p1a: Walking Wake|30\/100|[from] item: Life Orb\n|\n|win|hambroni\n|raw|hambroni's rating: 1192 &rarr; <strong>1208<\/strong><br \/>(+16 for winning)\n|raw|Hutallan's rating: 1062 &rarr; <strong>1050<\/strong><br \/>(-12 for losing)\n","uploadtime":1700026105,"views":12,"p1id":"hambroni","p2id":"hutallan","formatid":"gen9ou","rating":1050,"private":0,"password":""}