{"id":"gen9ou-1994179614","p1":"LightwingOfDrac","p2":"Ekcantdrawlol","format":"[Gen 9] OU","log":"|j|\u2606LightwingOfDrac\n|j|\u2606Ekcantdrawlol\n|t:|1700415949\n|gametype|singles\n|player|p1|LightwingOfDrac|drayden|1216\n|player|p2|Ekcantdrawlol|169|1228\n|teamsize|p1|6\n|teamsize|p2|6\n|gen|9\n|tier|[Gen 9] OU\n|rated|\n|rule|Sleep Clause Mod: Limit one foe put to sleep\n|rule|Species Clause: Limit one of each Pok\u00e9mon\n|rule|OHKO Clause: OHKO moves are banned\n|rule|Evasion Items Clause: Evasion items are banned\n|rule|Evasion Moves Clause: Evasion moves are banned\n|rule|Endless Battle Clause: Forcing endless battles is banned\n|rule|HP Percentage Mod: HP is shown in percentages\n|clearpoke\n|poke|p1|Zamazenta-*|\n|poke|p1|Gholdengo|\n|poke|p1|Dragonite, M|\n|poke|p1|Great Tusk|\n|poke|p1|Iron Valiant|\n|poke|p1|Iron Moth|\n|poke|p2|Zamazenta-*|\n|poke|p2|Greninja-*, M|\n|poke|p2|Great Tusk|\n|poke|p2|Dragonite, F|\n|poke|p2|Iron Moth|\n|poke|p2|Gholdengo|\n|teampreview\n|c|\u2606Ekcantdrawlol|Our teams are almost Identical lol\n|\n|t:|1700415987\n|start\n|switch|p1a: Great Tusk|Great Tusk|100\/100\n|switch|p2a: Greninja|Greninja, M|100\/100\n|-enditem|p1a: Great Tusk|Booster Energy\n|-activate|p1a: Great Tusk|ability: Protosynthesis|[fromitem]\n|-start|p1a: Great Tusk|protosynthesisatk\n|turn|1\n|inactive|Battle timer is ON: inactive players will automatically lose when time's up. (requested by Ekcantdrawlol)\n|inactive|LightwingOfDrac has 120 seconds left.\n|inactive|LightwingOfDrac has 90 seconds left.\n|inactive|LightwingOfDrac has 60 seconds left.\n|\n|t:|1700416129\n|-terastallize|p2a: Greninja|Water\n|-terastallize|p1a: Great Tusk|Grass\n|move|p2a: Greninja|Surf|p1a: Great Tusk\n|-resisted|p1a: Great Tusk\n|-damage|p1a: Great Tusk|57\/100\n|move|p1a: Great Tusk|Close Combat|p2a: Greninja\n|-damage|p2a: Greninja|0 fnt\n|-unboost|p1a: Great Tusk|def|1\n|-unboost|p1a: Great Tusk|spd|1\n|faint|p2a: Greninja\n|\n|upkeep\n|\n|t:|1700416135\n|switch|p2a: Iron Moth|Iron Moth, shiny|100\/100\n|turn|2\n|\n|t:|1700416151\n|move|p2a: Iron Moth|Sludge Wave|p1a: Great Tusk\n|-supereffective|p1a: Great Tusk\n|-damage|p1a: Great Tusk|0 fnt\n|faint|p1a: Great Tusk\n|-end|p1a: Great Tusk|Protosynthesis|[silent]\n|\n|upkeep\n|\n|t:|1700416165\n|switch|p1a: Iron Valiant|Iron Valiant|100\/100\n|-enditem|p1a: Iron Valiant|Booster Energy\n|-activate|p1a: Iron Valiant|ability: Quark Drive|[fromitem]\n|-start|p1a: Iron Valiant|quarkdrivespe\n|turn|3\n|\n|t:|1700416169\n|move|p1a: Iron Valiant|Psycho Cut|p2a: Iron Moth\n|-supereffective|p2a: Iron Moth\n|-damage|p2a: Iron Moth|9\/100\n|move|p2a: Iron Moth|Sludge Wave|p1a: Iron Valiant\n|-supereffective|p1a: Iron Valiant\n|-damage|p1a: Iron Valiant|0 fnt\n|faint|p1a: Iron Valiant\n|-end|p1a: Iron Valiant|Quark Drive|[silent]\n|\n|upkeep\n|\n|t:|1700416173\n|switch|p1a: Iron Moth|Iron Moth|100\/100\n|-enditem|p1a: Iron Moth|Booster Energy\n|-activate|p1a: Iron Moth|ability: Quark Drive|[fromitem]\n|-start|p1a: Iron Moth|quarkdrivespe\n|turn|4\n|\n|t:|1700416182\n|-end|p2a: Iron Moth|Quark Drive|[silent]\n|switch|p2a: Great Tusk|Great Tusk, shiny|100\/100\n|move|p1a: Iron Moth|Fiery Dance|p2a: Great Tusk\n|-damage|p2a: Great Tusk|64\/100\n|\n|upkeep\n|turn|5\n|\n|t:|1700416190\n|move|p1a: Iron Moth|Psychic|p2a: Great Tusk\n|-supereffective|p2a: Great Tusk\n|-damage|p2a: Great Tusk|15\/100\n|move|p2a: Great Tusk|Earthquake|p1a: Iron Moth\n|-supereffective|p1a: Iron Moth\n|-damage|p1a: Iron Moth|0 fnt\n|faint|p1a: Iron Moth\n|-end|p1a: Iron Moth|Quark Drive|[silent]\n|\n|upkeep\n|\n|t:|1700416193\n|switch|p1a: Zamazenta|Zamazenta|100\/100\n|-ability|p1a: Zamazenta|Dauntless Shield|boost\n|-boost|p1a: Zamazenta|def|1\n|turn|6\n|\n|t:|1700416199\n|move|p1a: Zamazenta|Trailblaze|p2a: Great Tusk\n|-supereffective|p2a: Great Tusk\n|-damage|p2a: Great Tusk|0 fnt\n|-boost|p1a: Zamazenta|spe|1\n|faint|p2a: Great Tusk\n|-end|p2a: Great Tusk|Protosynthesis|[silent]\n|\n|upkeep\n|\n|t:|1700416206\n|switch|p2a: Zamazenta|Zamazenta, shiny|100\/100\n|-ability|p2a: Zamazenta|Dauntless Shield|boost\n|-boost|p2a: Zamazenta|def|1\n|turn|7\n|\n|t:|1700416210\n|move|p1a: Zamazenta|Iron Defense|p1a: Zamazenta\n|-boost|p1a: Zamazenta|def|2\n|move|p2a: Zamazenta|Trailblaze|p1a: Zamazenta\n|-damage|p1a: Zamazenta|95\/100\n|-boost|p2a: Zamazenta|spe|1\n|\n|upkeep\n|turn|8\n|\n|t:|1700416213\n|move|p2a: Zamazenta|Play Rough|p1a: Zamazenta|[miss]\n|-miss|p2a: Zamazenta|p1a: Zamazenta\n|move|p1a: Zamazenta|Iron Defense|p1a: Zamazenta\n|-boost|p1a: Zamazenta|def|2\n|\n|upkeep\n|turn|9\n|\n|t:|1700416217\n|move|p2a: Zamazenta|Play Rough|p1a: Zamazenta|[miss]\n|-miss|p2a: Zamazenta|p1a: Zamazenta\n|move|p1a: Zamazenta|Iron Defense|p1a: Zamazenta\n|-boost|p1a: Zamazenta|def|1\n|\n|upkeep\n|turn|10\n|\n|t:|1700416219\n|move|p2a: Zamazenta|Play Rough|p1a: Zamazenta\n|-supereffective|p1a: Zamazenta\n|-damage|p1a: Zamazenta|84\/100\n|move|p1a: Zamazenta|Body Press|p2a: Zamazenta\n|-damage|p2a: Zamazenta|22\/100\n|\n|upkeep\n|turn|11\n|\n|t:|1700416221\n|move|p2a: Zamazenta|Play Rough|p1a: Zamazenta\n|-supereffective|p1a: Zamazenta\n|-damage|p1a: Zamazenta|72\/100\n|move|p1a: Zamazenta|Body Press|p2a: Zamazenta\n|-damage|p2a: Zamazenta|0 fnt\n|faint|p2a: Zamazenta\n|\n|upkeep\n|\n|t:|1700416226\n|switch|p2a: Gholdengo|Gholdengo|100\/100\n|turn|12\n|\n|t:|1700416231\n|move|p1a: Zamazenta|Heavy Slam|p2a: Gholdengo\n|-resisted|p2a: Gholdengo\n|-damage|p2a: Gholdengo|82\/100\n|move|p2a: Gholdengo|Thunder Wave|p1a: Zamazenta\n|-status|p1a: Zamazenta|par\n|-enditem|p1a: Zamazenta|Lum Berry|[eat]\n|-curestatus|p1a: Zamazenta|par|[msg]\n|\n|-heal|p2a: Gholdengo|88\/100|[from] item: Leftovers\n|upkeep\n|turn|13\n|\n|t:|1700416237\n|move|p1a: Zamazenta|Trailblaze|p2a: Gholdengo\n|-resisted|p2a: Gholdengo\n|-damage|p2a: Gholdengo|80\/100\n|-boost|p1a: Zamazenta|spe|1\n|move|p2a: Gholdengo|Thunder Wave|p1a: Zamazenta\n|-status|p1a: Zamazenta|par\n|\n|-heal|p2a: Gholdengo|86\/100|[from] item: Leftovers\n|upkeep\n|turn|14\n|\n|t:|1700416250\n|switch|p1a: Gholdengo|Gholdengo|100\/100\n|move|p2a: Gholdengo|Hex|p1a: Gholdengo\n|-supereffective|p1a: Gholdengo\n|-damage|p1a: Gholdengo|30\/100\n|\n|-heal|p2a: Gholdengo|92\/100|[from] item: Leftovers\n|upkeep\n|turn|15\n|\n|t:|1700416267\n|move|p1a: Gholdengo|Shadow Ball|p2a: Gholdengo\n|-supereffective|p2a: Gholdengo\n|-damage|p2a: Gholdengo|28\/100\n|move|p2a: Gholdengo|Hex|p1a: Gholdengo\n|-supereffective|p1a: Gholdengo\n|-damage|p1a: Gholdengo|0 fnt\n|faint|p1a: Gholdengo\n|\n|-heal|p2a: Gholdengo|34\/100|[from] item: Leftovers\n|upkeep\n|\n|t:|1700416275\n|switch|p1a: Dragonite|Dragonite, M|100\/100\n|turn|16\n|\n|t:|1700416281\n|switch|p2a: Dragonite|Dragonite, F, shiny|100\/100\n|move|p1a: Dragonite|Dragon Dance|p1a: Dragonite\n|-boost|p1a: Dragonite|atk|1\n|-boost|p1a: Dragonite|spe|1\n|\n|upkeep\n|turn|17\n|\n|t:|1700416286\n|move|p1a: Dragonite|Thunder Punch|p2a: Dragonite\n|-damage|p2a: Dragonite|82\/100\n|move|p2a: Dragonite|Dragon Claw|p1a: Dragonite\n|-supereffective|p1a: Dragonite\n|-damage|p1a: Dragonite|26\/100\n|\n|upkeep\n|turn|18\n|\n|t:|1700416290\n|move|p1a: Dragonite|Extreme Speed|p2a: Dragonite\n|-damage|p2a: Dragonite|37\/100\n|move|p2a: Dragonite|Dragon Claw|p1a: Dragonite\n|-supereffective|p1a: Dragonite\n|-damage|p1a: Dragonite|0 fnt\n|faint|p1a: Dragonite\n|\n|upkeep\n|\n|t:|1700416291\n|switch|p1a: Zamazenta|Zamazenta|72\/100 par\n|turn|19\n|\n|t:|1700416297\n|move|p2a: Dragonite|Dragon Claw|p1a: Zamazenta\n|-damage|p1a: Zamazenta|15\/100 par\n|move|p1a: Zamazenta|Body Press|p2a: Dragonite\n|-resisted|p2a: Dragonite\n|-damage|p2a: Dragonite|23\/100\n|\n|upkeep\n|turn|20\n|\n|t:|1700416299\n|move|p2a: Dragonite|Dragon Claw|p1a: Zamazenta\n|-damage|p1a: Zamazenta|0 fnt\n|faint|p1a: Zamazenta\n|\n|win|Ekcantdrawlol\n|raw|LightwingOfDrac's rating: 1216 &rarr; <strong>1192<\/strong><br \/>(-24 for losing)\n|raw|Ekcantdrawlol's rating: 1228 &rarr; <strong>1252<\/strong><br \/>(+24 for winning)\n|l|\u2606LightwingOfDrac\n","uploadtime":1700416303,"views":7,"p1id":"lightwingofdrac","p2id":"ekcantdrawlol","formatid":"gen9ou","rating":1192,"private":0,"password":""}