{"id":"gen9ou-1992900301","p1":"Naewelp","p2":"Wild We$t","format":"[Gen 9] OU","log":"|j|\u2606Naewelp\n|j|\u2606Wild We$t\n|t:|1700245161\n|gametype|singles\n|player|p1|Naewelp|rosa|1568\n|player|p2|Wild We$t|acetrainer-gen2|1535\n|teamsize|p1|6\n|teamsize|p2|6\n|gen|9\n|tier|[Gen 9] OU\n|rated|\n|rule|Sleep Clause Mod: Limit one foe put to sleep\n|rule|Species Clause: Limit one of each Pok\u00e9mon\n|rule|OHKO Clause: OHKO moves are banned\n|rule|Evasion Items Clause: Evasion items are banned\n|rule|Evasion Moves Clause: Evasion moves are banned\n|rule|Endless Battle Clause: Forcing endless battles is banned\n|rule|HP Percentage Mod: HP is shown in percentages\n|clearpoke\n|poke|p1|Kingambit, F|\n|poke|p1|Great Tusk|\n|poke|p1|Dragapult, M|\n|poke|p1|Ogerpon-Wellspring, F|\n|poke|p1|Blissey, F|\n|poke|p1|Zapdos|\n|poke|p2|Slowking-Galar, F|\n|poke|p2|Ting-Lu|\n|poke|p2|Great Tusk|\n|poke|p2|Kingambit, F|\n|poke|p2|Iron Valiant|\n|poke|p2|Weezing-Galar, F|\n|teampreview\n|inactive|Battle timer is ON: inactive players will automatically lose when time's up. (requested by Wild We$t)\n|\n|t:|1700245167\n|start\n|switch|p1a: Dragapult|Dragapult, M|100\/100\n|switch|p2a: Ting-Lu|Ting-Lu|100\/100\n|-ability|p2a: Ting-Lu|Vessel of Ruin\n|turn|1\n|\n|t:|1700245171\n|move|p1a: Dragapult|U-turn|p2a: Ting-Lu\n|-supereffective|p2a: Ting-Lu\n|-damage|p2a: Ting-Lu|83\/100\n|\n|t:|1700245175\n|switch|p1a: Ogerpon|Ogerpon-Wellspring, F|100\/100|[from] U-turn\n|move|p2a: Ting-Lu|Spikes|p1a: Ogerpon\n|-sidestart|p1: Naewelp|Spikes\n|\n|-heal|p2a: Ting-Lu|90\/100|[from] item: Leftovers\n|upkeep\n|turn|2\n|\n|t:|1700245178\n|switch|p2a: Weezing|Weezing-Galar, F|100\/100\n|move|p1a: Ogerpon|Ivy Cudgel|p2a: Weezing|[anim] Ivy Cudgel Water\n|-damage|p2a: Weezing|63\/100\n|\n|-heal|p2a: Weezing|69\/100|[from] item: Leftovers\n|upkeep\n|turn|3\n|\n|t:|1700245187\n|move|p1a: Ogerpon|U-turn|p2a: Weezing\n|-resisted|p2a: Weezing\n|-damage|p2a: Weezing|65\/100\n|\n|t:|1700245194\n|switch|p1a: Blissey|Blissey, F|100\/100|[from] U-turn\n|move|p2a: Weezing|Will-O-Wisp|p1a: Blissey\n|-status|p1a: Blissey|brn\n|\n|-heal|p2a: Weezing|71\/100|[from] item: Leftovers\n|-damage|p1a: Blissey|94\/100 brn|[from] brn\n|upkeep\n|turn|4\n|\n|t:|1700245204\n|switch|p2a: Great Tusk|Great Tusk|100\/100\n|move|p1a: Blissey|Stealth Rock|p2a: Great Tusk\n|-sidestart|p2: Wild We$t|move: Stealth Rock\n|\n|-damage|p1a: Blissey|88\/100 brn|[from] brn\n|upkeep\n|turn|5\n|\n|t:|1700245207\n|-curestatus|p1a: Blissey|brn|[from] ability: Natural Cure\n|switch|p1a: Great Tusk|Great Tusk|100\/100\n|-damage|p1a: Great Tusk|88\/100|[from] Spikes\n|move|p2a: Great Tusk|Rapid Spin|p1a: Great Tusk\n|-damage|p1a: Great Tusk|76\/100\n|-boost|p2a: Great Tusk|spe|1\n|-sideend|p2: Wild We$t|Stealth Rock|[from] move: Rapid Spin|[of] p2a: Great Tusk\n|\n|-heal|p1a: Great Tusk|82\/100|[from] item: Leftovers\n|upkeep\n|turn|6\n|\n|t:|1700245216\n|move|p2a: Great Tusk|Knock Off|p1a: Great Tusk\n|-resisted|p1a: Great Tusk\n|-damage|p1a: Great Tusk|71\/100\n|-enditem|p1a: Great Tusk|Leftovers|[from] move: Knock Off|[of] p2a: Great Tusk\n|move|p1a: Great Tusk|Rapid Spin|p2a: Great Tusk\n|-damage|p2a: Great Tusk|90\/100\n|-boost|p1a: Great Tusk|spe|1\n|-sideend|p1: Naewelp|Spikes|[from] move: Rapid Spin|[of] p1a: Great Tusk\n|\n|upkeep\n|turn|7\n|\n|t:|1700245222\n|move|p2a: Great Tusk|Ice Spinner|p1a: Great Tusk\n|-supereffective|p1a: Great Tusk\n|-damage|p1a: Great Tusk|35\/100\n|move|p1a: Great Tusk|Knock Off|p2a: Great Tusk\n|-resisted|p2a: Great Tusk\n|-damage|p2a: Great Tusk|79\/100\n|-enditem|p2a: Great Tusk|Heavy-Duty Boots|[from] move: Knock Off|[of] p1a: Great Tusk\n|\n|upkeep\n|turn|8\n|\n|t:|1700245233\n|move|p1a: Great Tusk|Bulk Up|p1a: Great Tusk\n|-boost|p1a: Great Tusk|atk|1\n|-boost|p1a: Great Tusk|def|1\n|move|p2a: Great Tusk|Ice Spinner|p1a: Great Tusk\n|-supereffective|p1a: Great Tusk\n|-damage|p1a: Great Tusk|10\/100\n|\n|upkeep\n|turn|9\n|\n|t:|1700245237\n|move|p1a: Great Tusk|Earthquake|p2a: Great Tusk\n|-damage|p2a: Great Tusk|34\/100\n|move|p2a: Great Tusk|Ice Spinner|p1a: Great Tusk\n|-supereffective|p1a: Great Tusk\n|-crit|p1a: Great Tusk\n|-damage|p1a: Great Tusk|0 fnt\n|faint|p1a: Great Tusk\n|-end|p1a: Great Tusk|Protosynthesis|[silent]\n|\n|upkeep\n|\n|t:|1700245248\n|switch|p1a: Zapdos|Zapdos|100\/100\n|turn|10\n|\n|t:|1700245250\n|-end|p2a: Great Tusk|Protosynthesis|[silent]\n|switch|p2a: Ting-Lu|Ting-Lu|90\/100\n|-ability|p2a: Ting-Lu|Vessel of Ruin\n|move|p1a: Zapdos|Hurricane|p2a: Ting-Lu\n|-damage|p2a: Ting-Lu|71\/100\n|-start|p2a: Ting-Lu|confusion\n|\n|-heal|p2a: Ting-Lu|77\/100|[from] item: Leftovers\n|upkeep\n|turn|11\n|\n|t:|1700245257\n|switch|p1a: Ogerpon|Ogerpon-Wellspring, F|100\/100\n|-activate|p2a: Ting-Lu|confusion\n|-damage|p2a: Ting-Lu|72\/100|[from] confusion\n|\n|-heal|p2a: Ting-Lu|78\/100|[from] item: Leftovers\n|upkeep\n|turn|12\n|\n|t:|1700245261\n|switch|p2a: Slowking|Slowking-Galar, F|100\/100\n|move|p1a: Ogerpon|Ivy Cudgel|p2a: Slowking|[anim] Ivy Cudgel Water\n|-damage|p2a: Slowking|57\/100\n|\n|upkeep\n|turn|13\n|\n|t:|1700245267\n|-terastallize|p1a: Ogerpon|Water\n|detailschange|p1a: Ogerpon|Ogerpon-Wellspring-Tera, F, tera:Water\n|-ability|p1a: Ogerpon|Embody Aspect (Wellspring)|boost\n|-boost|p1a: Ogerpon|spd|1\n|move|p1a: Ogerpon|Ivy Cudgel|p2a: Slowking|[anim] Ivy Cudgel Water\n|-damage|p2a: Slowking|0 fnt\n|faint|p2a: Slowking\n|\n|upkeep\n|\n|t:|1700245271\n|switch|p2a: Weezing|Weezing-Galar, F|71\/100\n|turn|14\n|\n|t:|1700245280\n|switch|p1a: Blissey|Blissey, F|88\/100\n|-terastallize|p2a: Weezing|Water\n|move|p2a: Weezing|Will-O-Wisp|p1a: Blissey\n|-status|p1a: Blissey|brn\n|\n|-heal|p2a: Weezing|77\/100|[from] item: Leftovers\n|-damage|p1a: Blissey|82\/100 brn|[from] brn\n|upkeep\n|turn|15\n|\n|t:|1700245286\n|-curestatus|p1a: Blissey|brn|[from] ability: Natural Cure\n|switch|p1a: Ogerpon|Ogerpon-Wellspring-Tera, F, tera:Water|100\/100\n|-ability|p1a: Ogerpon|Embody Aspect (Wellspring)|boost\n|-boost|p1a: Ogerpon|spd|1\n|move|p2a: Weezing|Pain Split|p1a: Ogerpon\n|-sethp|p1a: Ogerpon|93\/100|[from] move: Pain Split|[silent]\n|-sethp|p2a: Weezing|84\/100|[from] move: Pain Split\n|\n|-heal|p2a: Weezing|90\/100|[from] item: Leftovers\n|upkeep\n|turn|16\n|\n|t:|1700245294\n|move|p1a: Ogerpon|Encore|p2a: Weezing\n|-start|p2a: Weezing|Encore\n|move|p2a: Weezing|Pain Split|p1a: Ogerpon\n|-sethp|p1a: Ogerpon|96\/100|[from] move: Pain Split|[silent]\n|-sethp|p2a: Weezing|87\/100|[from] move: Pain Split\n|\n|-heal|p2a: Weezing|93\/100|[from] item: Leftovers\n|upkeep\n|turn|17\n|\n|t:|1700245298\n|switch|p2a: Iron Valiant|Iron Valiant|100\/100\n|move|p1a: Ogerpon|Power Whip|p2a: Iron Valiant|[miss]\n|-miss|p1a: Ogerpon|p2a: Iron Valiant\n|\n|upkeep\n|turn|18\n|\n|t:|1700245304\n|move|p2a: Iron Valiant|Moonblast|p1a: Ogerpon\n|-damage|p1a: Ogerpon|39\/100\n|move|p1a: Ogerpon|Ivy Cudgel|p2a: Iron Valiant|[anim] Ivy Cudgel Water\n|-damage|p2a: Iron Valiant|0 fnt\n|faint|p2a: Iron Valiant\n|-end|p2a: Iron Valiant|Quark Drive|[silent]\n|\n|upkeep\n|\n|t:|1700245309\n|switch|p2a: Weezing|Weezing-Galar, F, tera:Water|93\/100\n|turn|19\n|\n|t:|1700245312\n|move|p1a: Ogerpon|U-turn|p2a: Weezing\n|-damage|p2a: Weezing|76\/100\n|\n|t:|1700245314\n|switch|p1a: Blissey|Blissey, F|82\/100|[from] U-turn\n|move|p2a: Weezing|Strange Steam|p1a: Blissey\n|-damage|p1a: Blissey|72\/100\n|\n|-heal|p2a: Weezing|82\/100|[from] item: Leftovers\n|upkeep\n|turn|20\n|\n|t:|1700245318\n|switch|p2a: Great Tusk|Great Tusk|34\/100\n|move|p1a: Blissey|Stealth Rock|p2a: Great Tusk\n|-sidestart|p2: Wild We$t|move: Stealth Rock\n|\n|upkeep\n|turn|21\n|\n|t:|1700245321\n|switch|p1a: Dragapult|Dragapult, M|100\/100\n|move|p2a: Great Tusk|Rapid Spin|p1a: Dragapult\n|-immune|p1a: Dragapult\n|\n|upkeep\n|turn|22\n|\n|t:|1700245326\n|-end|p2a: Great Tusk|Protosynthesis|[silent]\n|switch|p2a: Ting-Lu|Ting-Lu|78\/100\n|-damage|p2a: Ting-Lu|72\/100|[from] Stealth Rock\n|-ability|p2a: Ting-Lu|Vessel of Ruin\n|move|p1a: Dragapult|U-turn|p2a: Ting-Lu\n|-supereffective|p2a: Ting-Lu\n|-damage|p2a: Ting-Lu|55\/100\n|\n|t:|1700245328\n|switch|p1a: Ogerpon|Ogerpon-Wellspring-Tera, F, tera:Water|39\/100|[from] U-turn\n|-ability|p1a: Ogerpon|Embody Aspect (Wellspring)|boost\n|-boost|p1a: Ogerpon|spd|1\n|\n|-heal|p2a: Ting-Lu|61\/100|[from] item: Leftovers\n|upkeep\n|turn|23\n|c|\u2606Wild We$t|Yo fuck this stupid broken pokemon lol\n|j| 0Phux\n|c|\u2606Naewelp|i have no resi water lmaooo\n|c|\u2606Naewelp|maybe ur team is the problem\n|inactive|Wild We$t has 120 seconds left.\n|c|\u2606Naewelp|and stack hazard with no ghost\n|inactive|Wild We$t has 90 seconds left.\n|c|\u2606Wild We$t|usually the Tera is Weezing\n|c|\u2606Wild We$t|so that is a water resist\n|inactive|Wild We$t has 60 seconds left.\n|c|\u2606Naewelp|thats not enough...\n|c|\u2606Wild We$t|no because the pokemon is broken lmao\n|c|\u2606Wild We$t|as for no ghost, TL is run without a ghost pokemon all the time\n|inactive|Wild We$t has 30 seconds left.\n|c|\u2606Wild We$t|not saying the team co structuring couldn\u2019t be bettee\n|c|\u2606Naewelp|tl ?\n|inactive|Wild We$t has 20 seconds left.\n|c|\u2606Wild We$t|Ting lu\n|inactive|Wild We$t has 15 seconds left.\n|\n|t:|1700245465\n|move|p1a: Ogerpon|Ivy Cudgel|p2a: Ting-Lu|[anim] Ivy Cudgel Water\n|-supereffective|p2a: Ting-Lu\n|-damage|p2a: Ting-Lu|0 fnt\n|faint|p2a: Ting-Lu\n|\n|upkeep\n|inactive|Wild We$t has 20 seconds left this turn.\n|\n|t:|1700245468\n|switch|p2a: Kingambit|Kingambit, F|100\/100\n|-damage|p2a: Kingambit|95\/100|[from] Stealth Rock\n|-activate|p2a: Kingambit|ability: Supreme Overlord\n|-start|p2a: Kingambit|fallen3|[silent]\n|turn|24\n|inactive|Wild We$t has 30 seconds left this turn.\n|\n|t:|1700245472\n|switch|p1a: Zapdos|Zapdos|100\/100\n|move|p2a: Kingambit|Sucker Punch||[still]\n|-fail|p2a: Kingambit\n|\n|-heal|p2a: Kingambit|100\/100|[from] item: Leftovers\n|upkeep\n|turn|25\n|inactive|Wild We$t has 30 seconds left.\n|c|\u2606Wild We$t|Not saying the team construction couldn\u2019t be better\n|inactive|Wild We$t has 20 seconds left.\n|c|\u2606Wild We$t|but Ogerpon is cheap AF and hopefully will eventually be banned lol\n|inactive|Wild We$t has 15 seconds left.\n|inactive|Wild We$t has 10 seconds left.\n|\n|t:|1700245504\n|move|p1a: Zapdos|Heat Wave|p2a: Kingambit\n|-supereffective|p2a: Kingambit\n|-damage|p2a: Kingambit|47\/100\n|-status|p2a: Kingambit|brn\n|move|p2a: Kingambit|Swords Dance|p2a: Kingambit\n|-boost|p2a: Kingambit|atk|2\n|\n|-heal|p2a: Kingambit|53\/100 brn|[from] item: Leftovers\n|-damage|p2a: Kingambit|47\/100 brn|[from] brn\n|upkeep\n|turn|26\n|inactive|Wild We$t has 20 seconds left this turn.\n|c|\u2606Naewelp|ah\n|inactive|Wild We$t has 15 seconds left.\n|c|\u2606Wild We$t|Of course\n|c|\u2606Wild We$t|gg\n|-message|Wild We$t forfeited.\n|\n|win|Naewelp\n|inactive|Wild We$t has 20 seconds left this turn.\n|raw|Naewelp's rating: 1568 &rarr; <strong>1586<\/strong><br \/>(+18 for winning)\n|raw|Wild We$t's rating: 1535 &rarr; <strong>1517<\/strong><br \/>(-18 for losing)\n","uploadtime":1700245341,"views":10,"p1id":"naewelp","p2id":"wildwet","formatid":"gen9ou","rating":1517,"private":0,"password":""}