{"id":"gen9ou-1988280093","p1":"bananamana453895","p2":"Achim","format":"[Gen 9] OU","log":"|j|\u2606bananamana453895\n|j|\u2606Achim\n|inactive|Battle timer is ON: inactive players will automatically lose when time's up.\n|t:|1699700666\n|gametype|singles\n|player|p1|bananamana453895|169|\n|player|p2|Achim|lucas|\n|teamsize|p1|3\n|teamsize|p2|3\n|gen|9\n|tier|[Gen 9] OU\n|rated|Tournament battle\n|rule|Sleep Clause Mod: Limit one foe put to sleep\n|rule|Species Clause: Limit one of each Pok\u00e9mon\n|rule|OHKO Clause: OHKO moves are banned\n|rule|Evasion Items Clause: Evasion items are banned\n|rule|Evasion Moves Clause: Evasion moves are banned\n|rule|Endless Battle Clause: Forcing endless battles is banned\n|rule|HP Percentage Mod: HP is shown in percentages\n|rule|Evasion Abilities Clause: Evasion abilities are banned\n|rule|Sleep Moves Clause: Sleep-inducing moves are banned\n|clearpoke\n|poke|p1|Polteageist|\n|poke|p1|Charmeleon, F|\n|poke|p1|Breloom, F|\n|poke|p2|Rabsca, F|\n|poke|p2|Whiscash, M|\n|poke|p2|Lucario, F|\n|teampreview\n|j|*Lady Monita \u263d\n|j| Hrathen123\n|c|\u2606Achim|glhf\n|\n|t:|1699700685\n|start\n|switch|p1a: Polteageist|Polteageist|100\/100\n|switch|p2a: Lucario|Lucario, F, shiny|100\/100\n|turn|1\n|c|\u2606bananamana453895|u2\n|\n|t:|1699700705\n|switch|p1a: Breloom|Breloom, F|100\/100\n|-terastallize|p2a: Lucario|Ghost\n|move|p2a: Lucario|Shadow Ball|p1a: Breloom\n|-damage|p1a: Breloom|18\/100\n|-damage|p2a: Lucario|91\/100|[from] item: Life Orb\n|\n|upkeep\n|turn|2\n|\n|t:|1699700720\n|move|p2a: Lucario|Shadow Ball|p1a: Breloom\n|-crit|p1a: Breloom\n|-damage|p1a: Breloom|0 fnt\n|faint|p1a: Breloom\n|-damage|p2a: Lucario|81\/100|[from] item: Life Orb\n|\n|upkeep\n|\n|t:|1699700724\n|switch|p1a: Charmeleon|Charmeleon, F|100\/100\n|turn|3\n|\n|t:|1699700740\n|switch|p2a: Whiscash|Whiscash, M, shiny|100\/100\n|move|p1a: Charmeleon|Flamethrower|p2a: Whiscash\n|-resisted|p2a: Whiscash\n|-damage|p2a: Whiscash|86\/100\n|\n|upkeep\n|turn|4\n|\n|t:|1699700757\n|switch|p2a: Lucario|Lucario, F, shiny, tera:Ghost|81\/100\n|move|p1a: Charmeleon|Focus Blast|p2a: Lucario\n|-immune|p2a: Lucario\n|\n|upkeep\n|turn|5\n|\n|t:|1699700776\n|move|p2a: Lucario|Nasty Plot|p2a: Lucario\n|-boost|p2a: Lucario|spa|2\n|move|p1a: Charmeleon|Overheat|p2a: Lucario\n|-damage|p2a: Lucario|0 fnt\n|-unboost|p1a: Charmeleon|spa|2\n|faint|p2a: Lucario\n|\n|upkeep\n|\n|t:|1699700785\n|switch|p2a: Whiscash|Whiscash, M, shiny|86\/100\n|turn|6\n|\n|t:|1699700793\n|switch|p1a: Polteageist|Polteageist|100\/100\n|move|p2a: Whiscash|Earth Power|p1a: Polteageist\n|-damage|p1a: Polteageist|69\/100\n|\n|upkeep\n|turn|7\n|\n|t:|1699700808\n|move|p1a: Polteageist|Shell Smash|p1a: Polteageist\n|-unboost|p1a: Polteageist|def|1\n|-unboost|p1a: Polteageist|spd|1\n|-boost|p1a: Polteageist|atk|2\n|-boost|p1a: Polteageist|spa|2\n|-boost|p1a: Polteageist|spe|2\n|-enditem|p1a: Polteageist|White Herb\n|-clearnegativeboost|p1a: Polteageist|[silent]\n|move|p2a: Whiscash|Stone Edge|p1a: Polteageist\n|-damage|p1a: Polteageist|36\/100\n|\n|upkeep\n|turn|8\n|\n|t:|1699700818\n|move|p1a: Polteageist|Giga Drain|p2a: Whiscash\n|-supereffective|p2a: Whiscash\n|-damage|p2a: Whiscash|0 fnt\n|-heal|p1a: Polteageist|100\/100|[from] drain|[of] p2a: Whiscash\n|faint|p2a: Whiscash\n|\n|upkeep\n|\n|t:|1699700820\n|switch|p2a: Rabsca|Rabsca, F, shiny|100\/100\n|turn|9\n|\n|t:|1699700822\n|move|p1a: Polteageist|Shadow Ball|p2a: Rabsca\n|-supereffective|p2a: Rabsca\n|-damage|p2a: Rabsca|0 fnt\n|faint|p2a: Rabsca\n|\n|win|bananamana453895\n|n|\u2606bananamana453895|bananamana453895\n|n|\u2606Achim|achim\n|n|*Lady Monita \u263d|ladymonita\n|n| Hrathen123|hrathen123\n","uploadtime":1699700823,"views":16,"p1id":"bananamana453895","p2id":"achim","formatid":"gen9ou","rating":0,"private":0,"password":""}