{"id":"gen9ou-1988687985","p1":"AminitraboTTT","p2":"lbwllj","format":"[Gen 9] OU","log":"|j|\u2606AminitraboTTT\n|j|\u2606lbwllj\n|t:|1699750776\n|gametype|singles\n|player|p1|AminitraboTTT|supernerd|\n|player|p2|lbwllj|zinnia|\n|teamsize|p1|6\n|teamsize|p2|6\n|gen|9\n|tier|[Gen 9] OU\n|rated|Tournament battle\n|rule|Sleep Clause Mod: Limit one foe put to sleep\n|rule|Species Clause: Limit one of each Pok\u00e9mon\n|rule|OHKO Clause: OHKO moves are banned\n|rule|Evasion Items Clause: Evasion items are banned\n|rule|Evasion Moves Clause: Evasion moves are banned\n|rule|Endless Battle Clause: Forcing endless battles is banned\n|rule|HP Percentage Mod: HP is shown in percentages\n|clearpoke\n|poke|p1|Zapdos|\n|poke|p1|Heatran, F|\n|poke|p1|Amoonguss, F|\n|poke|p1|Greninja-*, M|\n|poke|p1|Great Tusk|\n|poke|p1|Iron Valiant|\n|poke|p2|Vivillon-Sun, F|\n|poke|p2|Crawdaunt, M|\n|poke|p2|Hawlucha, M|\n|poke|p2|Rillaboom, F|\n|poke|p2|Kingambit, M|\n|poke|p2|Gliscor, M|\n|teampreview\n|c|\u2606AminitraboTTT|Hola, soy AminitraboTTT, el bot de la sala Espa\u00f1ol. gl hf\n|inactive|Battle timer is ON: inactive players will automatically lose when time's up. (requested by AminitraboTTT)\n|j| EonDuoLatias\n|\n|t:|1699750783\n|start\n|switch|p1a: Zapdos|Zapdos|100\/100\n|switch|p2a: Vivillon|Vivillon-Sun, F|100\/100\n|turn|1\n|j| XYStarshine.\u661f\u8000\n|\n|t:|1699750788\n|switch|p1a: Greninja|Greninja, M|100\/100\n|-terastallize|p2a: Vivillon|Ground\n|move|p2a: Vivillon|Sleep Powder|p1a: Greninja\n|-status|p1a: Greninja|slp|[from] move: Sleep Powder\n|\n|upkeep\n|turn|2\n|\n|t:|1699750790\n|-terastallize|p1a: Greninja|Ghost\n|cant|p1a: Greninja|slp\n|move|p2a: Vivillon|Quiver Dance|p2a: Vivillon\n|-boost|p2a: Vivillon|spa|1\n|-boost|p2a: Vivillon|spd|1\n|-boost|p2a: Vivillon|spe|1\n|\n|upkeep\n|turn|3\n|\n|t:|1699750793\n|move|p2a: Vivillon|Hurricane|p1a: Greninja\n|-damage|p1a: Greninja|0 fnt\n|faint|p1a: Greninja\n|\n|upkeep\n|\n|t:|1699750793\n|switch|p1a: Zapdos|Zapdos|100\/100\n|turn|4\n|\n|t:|1699750798\n|move|p2a: Vivillon|Sleep Powder|p1a: Zapdos\n|-status|p1a: Zapdos|slp|[from] move: Sleep Powder\n|cant|p1a: Zapdos|slp\n|\n|upkeep\n|turn|5\n|\n|t:|1699750800\n|move|p2a: Vivillon|Quiver Dance|p2a: Vivillon\n|-boost|p2a: Vivillon|spa|1\n|-boost|p2a: Vivillon|spd|1\n|-boost|p2a: Vivillon|spe|1\n|-curestatus|p1a: Zapdos|slp|[msg]\n|move|p1a: Zapdos|Hurricane|p2a: Vivillon\n|-damage|p2a: Vivillon|56\/100\n|\n|upkeep\n|turn|6\n|\n|t:|1699750803\n|move|p2a: Vivillon|Sleep Powder|p1a: Zapdos\n|-status|p1a: Zapdos|slp|[from] move: Sleep Powder\n|cant|p1a: Zapdos|slp\n|\n|upkeep\n|turn|7\n|\n|t:|1699750805\n|move|p2a: Vivillon|Hurricane|p1a: Zapdos\n|-resisted|p1a: Zapdos\n|-damage|p1a: Zapdos|57\/100 slp\n|cant|p1a: Zapdos|slp\n|\n|upkeep\n|turn|8\n|\n|t:|1699750809\n|move|p2a: Vivillon|Hurricane|p1a: Zapdos\n|-resisted|p1a: Zapdos\n|-damage|p1a: Zapdos|13\/100 slp\n|-start|p1a: Zapdos|confusion\n|-curestatus|p1a: Zapdos|slp|[msg]\n|-activate|p1a: Zapdos|confusion\n|move|p1a: Zapdos|Roost|p1a: Zapdos\n|-heal|p1a: Zapdos|63\/100\n|-singleturn|p1a: Zapdos|move: Roost\n|\n|upkeep\n|turn|9\n|\n|t:|1699750812\n|move|p2a: Vivillon|Sleep Powder|p1a: Zapdos\n|-status|p1a: Zapdos|slp|[from] move: Sleep Powder\n|cant|p1a: Zapdos|slp\n|\n|upkeep\n|turn|10\n|\n|t:|1699750816\n|move|p2a: Vivillon|Hurricane|p1a: Zapdos\n|-resisted|p1a: Zapdos\n|-damage|p1a: Zapdos|20\/100 slp\n|cant|p1a: Zapdos|slp\n|\n|upkeep\n|turn|11\n|\n|t:|1699750819\n|move|p2a: Vivillon|Hurricane|p1a: Zapdos\n|-resisted|p1a: Zapdos\n|-damage|p1a: Zapdos|0 fnt\n|faint|p1a: Zapdos\n|\n|upkeep\n|\n|t:|1699750819\n|switch|p1a: Iron Valiant|Iron Valiant|100\/100\n|-enditem|p1a: Iron Valiant|Booster Energy\n|-activate|p1a: Iron Valiant|ability: Quark Drive|[fromitem]\n|-start|p1a: Iron Valiant|quarkdrivespe\n|turn|12\n|\n|t:|1699750824\n|move|p2a: Vivillon|Sleep Powder|p1a: Iron Valiant\n|-status|p1a: Iron Valiant|slp|[from] move: Sleep Powder\n|cant|p1a: Iron Valiant|slp\n|\n|upkeep\n|turn|13\n|\n|t:|1699750827\n|move|p2a: Vivillon|Hurricane|p1a: Iron Valiant\n|-supereffective|p1a: Iron Valiant\n|-damage|p1a: Iron Valiant|0 fnt\n|faint|p1a: Iron Valiant\n|-end|p1a: Iron Valiant|Quark Drive|[silent]\n|\n|upkeep\n|\n|t:|1699750827\n|switch|p1a: Great Tusk|Great Tusk|100\/100\n|turn|14\n|\n|t:|1699750831\n|move|p2a: Vivillon|Sleep Powder|p1a: Great Tusk\n|-status|p1a: Great Tusk|slp|[from] move: Sleep Powder\n|cant|p1a: Great Tusk|slp\n|\n|upkeep\n|turn|15\n|\n|t:|1699750833\n|move|p2a: Vivillon|Hurricane|p1a: Great Tusk\n|-supereffective|p1a: Great Tusk\n|-damage|p1a: Great Tusk|0 fnt\n|faint|p1a: Great Tusk\n|-end|p1a: Great Tusk|Protosynthesis|[silent]\n|\n|upkeep\n|\n|t:|1699750834\n|switch|p1a: Amoonguss|Amoonguss, F|100\/100\n|turn|16\n|\n|t:|1699750836\n|move|p2a: Vivillon|Hurricane|p1a: Amoonguss\n|-supereffective|p1a: Amoonguss\n|-damage|p1a: Amoonguss|0 fnt\n|faint|p1a: Amoonguss\n|\n|upkeep\n|\n|t:|1699750836\n|switch|p1a: Heatran|Heatran, F|100\/100\n|turn|17\n|\n|t:|1699750840\n|move|p1a: Heatran|Protect|p1a: Heatran\n|-singleturn|p1a: Heatran|Protect\n|move|p2a: Vivillon|Tera Blast|p1a: Heatran|[anim] Tera Blast Ground\n|-activate|p1a: Heatran|move: Protect\n|\n|upkeep\n|turn|18\n|\n|t:|1699750842\n|move|p2a: Vivillon|Tera Blast|p1a: Heatran|[anim] Tera Blast Ground\n|-supereffective|p1a: Heatran\n|-damage|p1a: Heatran|0 fnt\n|faint|p1a: Heatran\n|\n|win|lbwllj\n|n|\u2606AminitraboTTT|aminitrabottt\n|n|\u2606lbwllj|lbwllj\n|n| EonDuoLatias|eonduolatias\n|n| XYStarshine.\u661f\u8000|xystarshine\n|c|\u2606AminitraboTTT|wow ok :(\n|l|\u2606AminitraboTTT\n","uploadtime":1699750849,"views":8,"p1id":"aminitrabottt","p2id":"lbwllj","formatid":"gen9ou","rating":0,"private":0,"password":""}