{"id":"gen9ou-2000037424","p1":"gock glocker","p2":"MountCoroscept","format":"[Gen 9] OU","log":"|j|\u2606gock glocker\n|j|\u2606MountCoroscept\n|t:|1701144337\n|gametype|singles\n|player|p1|gock glocker|acerola-masters|1694\n|player|p2|MountCoroscept|rocketgrunt|1780\n|teamsize|p1|6\n|teamsize|p2|6\n|gen|9\n|tier|[Gen 9] OU\n|rated|\n|rule|Sleep Clause Mod: Limit one foe put to sleep\n|rule|Species Clause: Limit one of each Pok\u00e9mon\n|rule|OHKO Clause: OHKO moves are banned\n|rule|Evasion Items Clause: Evasion items are banned\n|rule|Evasion Moves Clause: Evasion moves are banned\n|rule|Endless Battle Clause: Forcing endless battles is banned\n|rule|HP Percentage Mod: HP is shown in percentages\n|clearpoke\n|poke|p1|Manaphy|\n|poke|p1|Kingambit, F|\n|poke|p1|Ribombee, M|\n|poke|p1|Gholdengo|\n|poke|p1|Iron Moth|\n|poke|p1|Ogerpon-Wellspring, F|\n|poke|p2|Ninetales-Alola, M|\n|poke|p2|Kingambit, M|\n|poke|p2|Iron Moth|\n|poke|p2|Dragonite, F|\n|poke|p2|Manaphy|\n|poke|p2|Great Tusk|\n|teampreview\n|inactive|Battle timer is ON: inactive players will automatically lose when time's up. (requested by gock glocker)\n|c|\u2606MountCoroscept|leave me alone\n|\n|t:|1701144362\n|start\n|switch|p1a: wildfiree|Ribombee, M, shiny|100\/100\n|switch|p2a: Kingambit|Kingambit, M|100\/100\n|turn|1\n|\n|t:|1701144369\n|move|p1a: wildfiree|Sticky Web|p2a: Kingambit\n|-sidestart|p2: MountCoroscept|move: Sticky Web\n|move|p2a: Kingambit|Iron Head|p1a: wildfiree\n|-supereffective|p1a: wildfiree\n|-enditem|p1a: wildfiree|Focus Sash\n|-damage|p1a: wildfiree|1\/100\n|\n|upkeep\n|turn|2\n|\n|t:|1701144372\n|move|p1a: wildfiree|Stun Spore|p2a: Kingambit\n|-status|p2a: Kingambit|par\n|cant|p2a: Kingambit|par\n|\n|upkeep\n|turn|3\n|\n|t:|1701144375\n|move|p1a: wildfiree|Moonblast|p2a: Kingambit\n|-damage|p2a: Kingambit|55\/100 par\n|-unboost|p2a: Kingambit|spa|1\n|move|p2a: Kingambit|Stealth Rock|p1a: wildfiree\n|-sidestart|p1: gock glocker|move: Stealth Rock\n|\n|-heal|p2a: Kingambit|61\/100 par|[from] item: Leftovers\n|upkeep\n|turn|4\n|\n|t:|1701144380\n|cant|p2a: Kingambit|par\n|move|p1a: wildfiree|Moonblast|p2a: Kingambit\n|-damage|p2a: Kingambit|17\/100 par\n|\n|-heal|p2a: Kingambit|23\/100 par|[from] item: Leftovers\n|upkeep\n|turn|5\n|\n|t:|1701144387\n|move|p1a: wildfiree|Moonblast|p2a: Kingambit\n|-damage|p2a: Kingambit|0 fnt\n|faint|p2a: Kingambit\n|-end|p2a: Kingambit|fallenundefined|[silent]\n|\n|upkeep\n|\n|t:|1701144389\n|switch|p2a: Manaphy|Manaphy|100\/100\n|-activate|p2a: Manaphy|move: Sticky Web\n|-unboost|p2a: Manaphy|spe|1\n|turn|6\n|\n|t:|1701144393\n|move|p1a: wildfiree|Stun Spore|p2a: Manaphy\n|-status|p2a: Manaphy|par\n|cant|p2a: Manaphy|par\n|\n|upkeep\n|turn|7\n|\n|t:|1701144396\n|move|p1a: wildfiree|Moonblast|p2a: Manaphy\n|-damage|p2a: Manaphy|65\/100 par\n|move|p2a: Manaphy|Take Heart|p2a: Manaphy\n|-boost|p2a: Manaphy|spa|1\n|-boost|p2a: Manaphy|spd|1\n|-curestatus|p2a: Manaphy|par|[msg]\n|\n|-heal|p2a: Manaphy|71\/100|[from] item: Leftovers\n|upkeep\n|turn|8\n|\n|t:|1701144404\n|move|p1a: wildfiree|Moonblast|p2a: Manaphy\n|-damage|p2a: Manaphy|49\/100\n|move|p2a: Manaphy|Surf|p1a: wildfiree\n|-damage|p1a: wildfiree|0 fnt\n|faint|p1a: wildfiree\n|\n|-heal|p2a: Manaphy|55\/100|[from] item: Leftovers\n|upkeep\n|\n|t:|1701144406\n|switch|p1a: faya|Ogerpon-Wellspring, F|100\/100\n|-damage|p1a: faya|88\/100|[from] Stealth Rock\n|turn|9\n|\n|t:|1701144409\n|switch|p2a: Ninetales|Ninetales-Alola, M|100\/100\n|-activate|p2a: Ninetales|move: Sticky Web\n|-unboost|p2a: Ninetales|spe|1\n|-weather|Snow|[from] ability: Snow Warning|[of] p2a: Ninetales\n|move|p1a: faya|Encore||[still]\n|-fail|p1a: faya\n|\n|-weather|Snow|[upkeep]\n|upkeep\n|turn|10\n|\n|t:|1701144421\n|switch|p1a: scarlet|Iron Moth|100\/100\n|-damage|p1a: scarlet|76\/100|[from] Stealth Rock\n|-enditem|p1a: scarlet|Booster Energy\n|-activate|p1a: scarlet|ability: Quark Drive|[fromitem]\n|-start|p1a: scarlet|quarkdrivespe\n|move|p2a: Ninetales|Aurora Veil|p2a: Ninetales\n|-sidestart|p2: MountCoroscept|move: Aurora Veil\n|\n|-weather|Snow|[upkeep]\n|upkeep\n|turn|11\n|\n|t:|1701144442\n|move|p1a: scarlet|Fiery Dance|p2a: Ninetales\n|-supereffective|p2a: Ninetales\n|-damage|p2a: Ninetales|62\/100\n|-boost|p1a: scarlet|spa|1\n|move|p2a: Ninetales|Encore|p1a: scarlet\n|-start|p1a: scarlet|Encore\n|\n|-weather|Snow|[upkeep]\n|upkeep\n|turn|12\n|\n|t:|1701144452\n|switch|p2a: Dragonite|Dragonite, F|100\/100\n|move|p1a: scarlet|Fiery Dance|p2a: Dragonite\n|-resisted|p2a: Dragonite\n|-damage|p2a: Dragonite|93\/100\n|\n|-weather|Snow|[upkeep]\n|upkeep\n|turn|13\n|\n|t:|1701144460\n|-end|p1a: scarlet|Quark Drive|[silent]\n|switch|p1a: wessin|Gholdengo|100\/100\n|-damage|p1a: wessin|94\/100|[from] Stealth Rock\n|-item|p1a: wessin|Air Balloon\n|move|p2a: Dragonite|Dragon Dance|p2a: Dragonite\n|-boost|p2a: Dragonite|atk|1\n|-boost|p2a: Dragonite|spe|1\n|\n|-weather|none\n|upkeep\n|turn|14\n|\n|t:|1701144472\n|move|p2a: Dragonite|Dragon Dance|p2a: Dragonite\n|-boost|p2a: Dragonite|atk|1\n|-boost|p2a: Dragonite|spe|1\n|move|p1a: wessin|Shadow Ball|p2a: Dragonite\n|-damage|p2a: Dragonite|71\/100\n|\n|upkeep\n|turn|15\n|\n|t:|1701144478\n|-terastallize|p2a: Dragonite|Flying\n|move|p2a: Dragonite|Tera Blast|p1a: wessin|[anim] Tera Blast Flying\n|-resisted|p1a: wessin\n|-damage|p1a: wessin|22\/100\n|-enditem|p1a: wessin|Air Balloon\n|move|p1a: wessin|Nasty Plot|p1a: wessin\n|-boost|p1a: wessin|spa|2\n|\n|upkeep\n|turn|16\n|\n|t:|1701144482\n|move|p2a: Dragonite|Tera Blast|p1a: wessin|[anim] Tera Blast Flying\n|-resisted|p1a: wessin\n|-crit|p1a: wessin\n|-damage|p1a: wessin|0 fnt\n|faint|p1a: wessin\n|\n|upkeep\n|\n|t:|1701144490\n|switch|p1a: HPDARKEAGLE|Manaphy|100\/100\n|-damage|p1a: HPDARKEAGLE|88\/100|[from] Stealth Rock\n|turn|17\n|\n|t:|1701144493\n|move|p2a: Dragonite|Tera Blast|p1a: HPDARKEAGLE|[anim] Tera Blast Flying\n|-damage|p1a: HPDARKEAGLE|0 fnt\n|faint|p1a: HPDARKEAGLE\n|\n|-sideend|p2: MountCoroscept|move: Aurora Veil\n|upkeep\n|\n|t:|1701144499\n|switch|p1a: awyp|Kingambit, F|100\/100\n|-damage|p1a: awyp|94\/100|[from] Stealth Rock\n|-activate|p1a: awyp|ability: Supreme Overlord\n|-start|p1a: awyp|fallen3|[silent]\n|turn|18\n|\n|t:|1701144514\n|-terastallize|p1a: awyp|Flying\n|move|p2a: Dragonite|Roost|p2a: Dragonite\n|-heal|p2a: Dragonite|100\/100\n|-hint|If a Flying Terastallized Pokemon uses Roost, it remains Flying-type.\n|move|p1a: awyp|Kowtow Cleave|p2a: Dragonite\n|-damage|p2a: Dragonite|55\/100\n|\n|upkeep\n|turn|19\n|\n|t:|1701144529\n|move|p2a: Dragonite|Roost|p2a: Dragonite\n|-heal|p2a: Dragonite|100\/100\n|-hint|If a Flying Terastallized Pokemon uses Roost, it remains Flying-type.\n|move|p1a: awyp|Kowtow Cleave|p2a: Dragonite\n|-damage|p2a: Dragonite|58\/100\n|\n|upkeep\n|turn|20\n|\n|t:|1701144535\n|move|p2a: Dragonite|Roost|p2a: Dragonite\n|-heal|p2a: Dragonite|100\/100\n|-hint|If a Flying Terastallized Pokemon uses Roost, it remains Flying-type.\n|move|p1a: awyp|Kowtow Cleave|p2a: Dragonite\n|-damage|p2a: Dragonite|58\/100\n|\n|upkeep\n|turn|21\n|\n|t:|1701144537\n|move|p2a: Dragonite|Tera Blast|p1a: awyp|[anim] Tera Blast Flying\n|-damage|p1a: awyp|0 fnt\n|faint|p1a: awyp\n|-end|p1a: awyp|fallen3|[silent]\n|\n|upkeep\n|c|\u2606MountCoroscept|this is your fault\n|c|\u2606MountCoroscept|i didnt want to use this bullshit\n|l|\u2606gock glocker\n|inactive|gock glocker disconnected and has a minute to reconnect!\n|player|p1|\n|inactive|gock glocker has 30 seconds to reconnect!\n|inactive|gock glocker has 20 seconds to reconnect!\n|inactive|gock glocker has 15 seconds to reconnect!\n|c|\u2606MountCoroscept|im gonna save this so you see it later\n|inactive|gock glocker has 10 seconds to reconnect!\n|c|\u2606MountCoroscept|use a real team\n|inactive|gock glocker has 5 seconds to reconnect!\n|-message|gock glocker lost due to inactivity.\n|\n|win|MountCoroscept\n|raw|gock glocker's rating: 1694 &rarr; <strong>1679<\/strong><br \/>(-15 for losing)\n|raw|MountCoroscept's rating: 1780 &rarr; <strong>1795<\/strong><br \/>(+15 for winning)\n","uploadtime":1701144616,"views":2,"p1id":"gockglocker","p2id":"mountcoroscept","formatid":"gen9ou","rating":1679,"private":0,"password":""}