{"id":"gen9ou-1997224573","p1":"trial234","p2":"ShadowB2W2","format":"[Gen 9] OU","log":"|j|\u2606trial234\n|j|\u2606ShadowB2W2\n|t:|1700777482\n|gametype|singles\n|player|p1|trial234|169|1048\n|player|p2|ShadowB2W2|nate|1119\n|teamsize|p1|6\n|teamsize|p2|6\n|gen|9\n|tier|[Gen 9] OU\n|rated|\n|rule|Sleep Clause Mod: Limit one foe put to sleep\n|rule|Species Clause: Limit one of each Pok\u00e9mon\n|rule|OHKO Clause: OHKO moves are banned\n|rule|Evasion Items Clause: Evasion items are banned\n|rule|Evasion Moves Clause: Evasion moves are banned\n|rule|Endless Battle Clause: Forcing endless battles is banned\n|rule|HP Percentage Mod: HP is shown in percentages\n|clearpoke\n|poke|p1|Ting-Lu|\n|poke|p1|Corviknight, M|\n|poke|p1|Dragapult, F|\n|poke|p1|Iron Hands|\n|poke|p1|Glimmora, F|\n|poke|p1|Dondozo, F|\n|poke|p2|Kleavor, M|\n|poke|p2|Iron Hands|\n|poke|p2|Cramorant, M|\n|poke|p2|Cyclizar, M|\n|poke|p2|Grimmsnarl, M|\n|poke|p2|Sinistcha-Masterpiece|\n|teampreview\n|\n|t:|1700777489\n|start\n|switch|p1a: Ting-Lu|Ting-Lu|100\/100\n|switch|p2a: Grimsly|Grimmsnarl, M, shiny|100\/100\n|-ability|p1a: Ting-Lu|Vessel of Ruin\n|turn|1\n|\n|t:|1700777525\n|move|p2a: Grimsly|Spirit Break|p1a: Ting-Lu\n|-supereffective|p1a: Ting-Lu\n|-damage|p1a: Ting-Lu|69\/100\n|-unboost|p1a: Ting-Lu|spa|1\n|move|p1a: Ting-Lu|Stealth Rock|p2a: Grimsly\n|-sidestart|p2: ShadowB2W2|move: Stealth Rock\n|\n|-heal|p1a: Ting-Lu|75\/100|[from] item: Leftovers\n|upkeep\n|turn|2\n|\n|t:|1700777537\n|move|p2a: Grimsly|Draining Kiss|p1a: Ting-Lu\n|-supereffective|p1a: Ting-Lu\n|-damage|p1a: Ting-Lu|56\/100\n|move|p1a: Ting-Lu|Ruination|p2a: Grimsly\n|-damage|p2a: Grimsly|50\/100\n|\n|-heal|p1a: Ting-Lu|62\/100|[from] item: Leftovers\n|upkeep\n|turn|3\n|\n|t:|1700777549\n|move|p2a: Grimsly|Draining Kiss|p1a: Ting-Lu\n|-supereffective|p1a: Ting-Lu\n|-damage|p1a: Ting-Lu|46\/100\n|-heal|p2a: Grimsly|67\/100|[from] drain|[of] p1a: Ting-Lu\n|move|p1a: Ting-Lu|Stomping Tantrum|p2a: Grimsly\n|-damage|p2a: Grimsly|32\/100\n|\n|-heal|p1a: Ting-Lu|52\/100|[from] item: Leftovers\n|upkeep\n|turn|4\n|\n|t:|1700777561\n|-terastallize|p2a: Grimsly|Fairy\n|move|p2a: Grimsly|Draining Kiss|p1a: Ting-Lu\n|-supereffective|p1a: Ting-Lu\n|-damage|p1a: Ting-Lu|24\/100\n|-heal|p2a: Grimsly|59\/100|[from] drain|[of] p1a: Ting-Lu\n|move|p1a: Ting-Lu|Stomping Tantrum|p2a: Grimsly\n|-crit|p2a: Grimsly\n|-damage|p2a: Grimsly|8\/100\n|\n|-heal|p1a: Ting-Lu|30\/100|[from] item: Leftovers\n|upkeep\n|turn|5\n|\n|t:|1700777575\n|-terastallize|p1a: Ting-Lu|Poison\n|move|p2a: Grimsly|Draining Kiss|p1a: Ting-Lu\n|-resisted|p1a: Ting-Lu\n|-damage|p1a: Ting-Lu|23\/100\n|-heal|p2a: Grimsly|14\/100|[from] drain|[of] p1a: Ting-Lu\n|move|p1a: Ting-Lu|Stomping Tantrum|p2a: Grimsly\n|-damage|p2a: Grimsly|0 fnt\n|faint|p2a: Grimsly\n|\n|-heal|p1a: Ting-Lu|29\/100|[from] item: Leftovers\n|upkeep\n|c|\u2606ShadowB2W2|dang\\\n|\n|t:|1700777591\n|switch|p2a: Dracodrift|Cyclizar, M|100\/100\n|-damage|p2a: Dracodrift|88\/100|[from] Stealth Rock\n|turn|6\n|\n|t:|1700777597\n|move|p2a: Dracodrift|Rapid Spin|p1a: Ting-Lu\n|-damage|p1a: Ting-Lu|21\/100\n|-boost|p2a: Dracodrift|spe|1\n|-sideend|p2: ShadowB2W2|Stealth Rock|[from] move: Rapid Spin|[of] p2a: Dracodrift\n|move|p1a: Ting-Lu|Ruination|p2a: Dracodrift\n|-damage|p2a: Dracodrift|44\/100\n|\n|-heal|p1a: Ting-Lu|27\/100|[from] item: Leftovers\n|upkeep\n|turn|7\n|\n|t:|1700777609\n|move|p1a: Ting-Lu|Stomping Tantrum|p2a: Dracodrift\n|-damage|p2a: Dracodrift|0 fnt\n|faint|p2a: Dracodrift\n|\n|-heal|p1a: Ting-Lu|33\/100|[from] item: Leftovers\n|upkeep\n|\n|t:|1700777631\n|switch|p2a: Iron Hands|Iron Hands|100\/100\n|-enditem|p2a: Iron Hands|Booster Energy\n|-activate|p2a: Iron Hands|ability: Quark Drive|[fromitem]\n|-start|p2a: Iron Hands|quarkdriveatk\n|turn|8\n|\n|t:|1700777640\n|move|p2a: Iron Hands|Fake Out|p1a: Ting-Lu\n|-damage|p1a: Ting-Lu|25\/100\n|cant|p1a: Ting-Lu|flinch\n|\n|-heal|p1a: Ting-Lu|31\/100|[from] item: Leftovers\n|upkeep\n|turn|9\n|\n|t:|1700777649\n|move|p2a: Iron Hands|Earthquake|p1a: Ting-Lu\n|-supereffective|p1a: Ting-Lu\n|-crit|p1a: Ting-Lu\n|-damage|p1a: Ting-Lu|0 fnt\n|faint|p1a: Ting-Lu\n|\n|upkeep\n|\n|t:|1700777670\n|switch|p1a: Glimmora|Glimmora, F|100\/100\n|turn|10\n|\n|t:|1700777677\n|move|p1a: Glimmora|Light Screen|p1a: Glimmora\n|-sidestart|p1: trial234|move: Light Screen\n|move|p2a: Iron Hands|Drain Punch|p1a: Glimmora\n|-damage|p1a: Glimmora|34\/100\n|-activate|p1a: Glimmora|ability: Toxic Debris\n|-sidestart|p2: ShadowB2W2|move: Toxic Spikes\n|\n|upkeep\n|turn|11\n|\n|t:|1700777686\n|move|p1a: Glimmora|Reflect|p1a: Glimmora\n|-sidestart|p1: trial234|Reflect\n|move|p2a: Iron Hands|Drain Punch|p1a: Glimmora\n|-damage|p1a: Glimmora|0 fnt\n|-activate|p1a: Glimmora|ability: Toxic Debris\n|-sidestart|p2: ShadowB2W2|move: Toxic Spikes\n|faint|p1a: Glimmora\n|\n|upkeep\n|\n|t:|1700777695\n|switch|p1a: Iron Hands|Iron Hands|100\/100\n|turn|12\n|\n|t:|1700777699\n|move|p1a: Iron Hands|Fake Out|p2a: Iron Hands\n|-damage|p2a: Iron Hands|90\/100\n|cant|p2a: Iron Hands|flinch\n|\n|upkeep\n|turn|13\n|\n|t:|1700777708\n|move|p2a: Iron Hands|Earthquake|p1a: Iron Hands\n|-supereffective|p1a: Iron Hands\n|-damage|p1a: Iron Hands|66\/100\n|move|p1a: Iron Hands|Play Rough|p2a: Iron Hands\n|-supereffective|p2a: Iron Hands\n|-damage|p2a: Iron Hands|40\/100\n|-unboost|p2a: Iron Hands|atk|1\n|\n|upkeep\n|turn|14\n|\n|t:|1700777717\n|move|p2a: Iron Hands|Earthquake|p1a: Iron Hands\n|-supereffective|p1a: Iron Hands\n|-damage|p1a: Iron Hands|43\/100\n|move|p1a: Iron Hands|Play Rough|p2a: Iron Hands\n|-supereffective|p2a: Iron Hands\n|-damage|p2a: Iron Hands|0 fnt\n|faint|p2a: Iron Hands\n|-end|p2a: Iron Hands|Quark Drive|[silent]\n|\n|-sideend|p1: trial234|move: Light Screen\n|upkeep\n|\n|t:|1700777728\n|switch|p2a: UpChuck|Cramorant, M|100\/100\n|turn|15\n|\n|t:|1700777739\n|move|p2a: UpChuck|Hurricane|p1a: Iron Hands\n|-damage|p1a: Iron Hands|3\/100\n|-enditem|p1a: Iron Hands|Aguav Berry|[eat]\n|-heal|p1a: Iron Hands|36\/100|[from] item: Aguav Berry\n|move|p1a: Iron Hands|Play Rough|p2a: UpChuck|[miss]\n|-miss|p1a: Iron Hands|p2a: UpChuck\n|\n|-sideend|p1: trial234|Reflect\n|upkeep\n|turn|16\n|\n|t:|1700777749\n|move|p2a: UpChuck|Hurricane|p1a: Iron Hands|[miss]\n|-miss|p2a: UpChuck|p1a: Iron Hands\n|-enditem|p2a: UpChuck|Blunder Policy\n|-boost|p2a: UpChuck|spe|2\n|move|p1a: Iron Hands|Close Combat|p2a: UpChuck\n|-resisted|p2a: UpChuck\n|-damage|p2a: UpChuck|15\/100\n|-unboost|p1a: Iron Hands|def|1\n|-unboost|p1a: Iron Hands|spd|1\n|\n|upkeep\n|turn|17\n|\n|t:|1700777760\n|move|p2a: UpChuck|Hurricane|p1a: Iron Hands|[miss]\n|-miss|p2a: UpChuck|p1a: Iron Hands\n|move|p1a: Iron Hands|Play Rough|p2a: UpChuck\n|-damage|p2a: UpChuck|0 fnt\n|faint|p2a: UpChuck\n|\n|upkeep\n|\n|t:|1700777773\n|switch|p2a: Puddin|Sinistcha-Masterpiece, shiny|100\/100\n|-status|p2a: Puddin|tox\n|turn|18\n|\n|t:|1700777782\n|move|p2a: Puddin|Scald|p1a: Iron Hands\n|-damage|p1a: Iron Hands|0 fnt\n|faint|p1a: Iron Hands\n|-end|p1a: Iron Hands|Quark Drive|[silent]\n|\n|-damage|p2a: Puddin|94\/100 tox|[from] psn\n|upkeep\n|\n|t:|1700777792\n|switch|p1a: Dragapult|Dragapult, F|100\/100\n|turn|19\n|\n|t:|1700777804\n|move|p1a: Dragapult|Night Shade|p2a: Puddin\n|-damage|p2a: Puddin|66\/100 tox\n|move|p2a: Puddin|Hex|p1a: Dragapult\n|-supereffective|p1a: Dragapult\n|-damage|p1a: Dragapult|0 fnt\n|faint|p1a: Dragapult\n|\n|-damage|p2a: Puddin|53\/100 tox|[from] psn\n|upkeep\n|\n|t:|1700777814\n|switch|p1a: Corviknight|Corviknight, M|100\/100\n|-ability|p1a: Corviknight|Pressure\n|turn|20\n|\n|t:|1700777825\n|move|p2a: Puddin|Strength Sap|p1a: Corviknight\n|-unboost|p1a: Corviknight|atk|1\n|-heal|p2a: Puddin|100\/100 tox\n|move|p1a: Corviknight|Air Slash|p2a: Puddin\n|-supereffective|p2a: Puddin\n|-damage|p2a: Puddin|59\/100 tox\n|\n|-damage|p2a: Puddin|41\/100 tox|[from] psn\n|upkeep\n|turn|21\n|\n|t:|1700777837\n|move|p2a: Puddin|Strength Sap|p1a: Corviknight\n|-unboost|p1a: Corviknight|atk|1\n|-heal|p2a: Puddin|98\/100 tox\n|move|p1a: Corviknight|Defog|p2a: Puddin\n|-unboost|p2a: Puddin|evasion|1\n|-sideend|p2: ShadowB2W2|Toxic Spikes|[from] move: Defog|[of] p1a: Corviknight\n|\n|-damage|p2a: Puddin|74\/100 tox|[from] psn\n|upkeep\n|turn|22\n|\n|t:|1700777849\n|move|p2a: Puddin|Scald|p1a: Corviknight\n|-damage|p1a: Corviknight|67\/100\n|-status|p1a: Corviknight|brn\n|move|p1a: Corviknight|Brave Bird|p2a: Puddin\n|-supereffective|p2a: Puddin\n|-damage|p2a: Puddin|50\/100 tox\n|-damage|p1a: Corviknight|60\/100 brn|[from] Recoil\n|\n|-damage|p2a: Puddin|20\/100 tox|[from] psn\n|-damage|p1a: Corviknight|54\/100 brn|[from] brn\n|upkeep\n|turn|23\n|\n|t:|1700777863\n|move|p2a: Puddin|Strength Sap|p1a: Corviknight\n|-unboost|p1a: Corviknight|atk|1\n|-heal|p2a: Puddin|64\/100 tox\n|move|p1a: Corviknight|Defog|p2a: Puddin\n|-unboost|p2a: Puddin|evasion|1\n|\n|-damage|p2a: Puddin|27\/100 tox|[from] psn\n|-damage|p1a: Corviknight|48\/100 brn|[from] brn\n|upkeep\n|turn|24\n|\n|t:|1700777874\n|move|p2a: Puddin|Strength Sap|p1a: Corviknight\n|-unboost|p1a: Corviknight|atk|1\n|-heal|p2a: Puddin|62\/100 tox\n|move|p1a: Corviknight|Iron Head|p2a: Puddin\n|-damage|p2a: Puddin|56\/100 tox\n|\n|-damage|p2a: Puddin|14\/100 tox|[from] psn\n|-damage|p1a: Corviknight|42\/100 brn|[from] brn\n|upkeep\n|turn|25\n|\n|t:|1700777885\n|move|p2a: Puddin|Hex|p1a: Corviknight\n|-damage|p1a: Corviknight|0 fnt\n|faint|p1a: Corviknight\n|\n|-damage|p2a: Puddin|0 fnt|[from] psn\n|faint|p2a: Puddin\n|upkeep\n|\n|t:|1700777893\n|switch|p2a: Axe2Axe|Kleavor, M|100\/100\n|switch|p1a: Dondozo|Dondozo, F|100\/100\n|turn|26\n|\n|t:|1700777904\n|move|p2a: Axe2Axe|Swords Dance|p2a: Axe2Axe\n|-boost|p2a: Axe2Axe|atk|2\n|move|p1a: Dondozo|Wave Crash|p2a: Axe2Axe\n|-supereffective|p2a: Axe2Axe\n|-enditem|p2a: Axe2Axe|Focus Sash\n|-damage|p2a: Axe2Axe|1\/100\n|-damage|p1a: Dondozo|82\/100|[from] Recoil\n|\n|upkeep\n|turn|27\n|\n|t:|1700777923\n|move|p2a: Axe2Axe|X-Scissor|p1a: Dondozo\n|-damage|p1a: Dondozo|45\/100\n|move|p1a: Dondozo|Wave Crash|p2a: Axe2Axe\n|-supereffective|p2a: Axe2Axe\n|-damage|p2a: Axe2Axe|0 fnt\n|faint|p2a: Axe2Axe\n|-damage|p1a: Dondozo|45\/100|[from] Recoil\n|\n|win|trial234\n|raw|trial234's rating: 1048 &rarr; <strong>1087<\/strong><br \/>(+39 for winning)\n|raw|ShadowB2W2's rating: 1119 &rarr; <strong>1089<\/strong><br \/>(-30 for losing)\n|c|\u2606ShadowB2W2|gg\n|l|\u2606trial234\n","uploadtime":1700777936,"views":6,"p1id":"trial234","p2id":"shadowb2w2","formatid":"gen9ou","rating":1087,"private":0,"password":""}