{"id":"gen9ou-1997660201","p1":"hpl12345","p2":"Oscarx90","format":"[Gen 9] OU","log":"|j|\u2606hpl12345\n|j|\u2606Oscarx90\n|inactive|Battle timer is ON: inactive players will automatically lose when time's up.\n|t:|1700838748\n|gametype|singles\n|player|p1|hpl12345|169|\n|player|p2|Oscarx90|plasmagrunt|\n|teamsize|p1|3\n|teamsize|p2|3\n|gen|9\n|tier|[Gen 9] OU\n|rated|Tournament battle\n|rule|Sleep Clause Mod: Limit one foe put to sleep\n|rule|Species Clause: Limit one of each Pok\u00e9mon\n|rule|OHKO Clause: OHKO moves are banned\n|rule|Evasion Items Clause: Evasion items are banned\n|rule|Evasion Moves Clause: Evasion moves are banned\n|rule|Endless Battle Clause: Forcing endless battles is banned\n|rule|HP Percentage Mod: HP is shown in percentages\n|clearpoke\n|poke|p1|Masquerain, F|\n|poke|p1|Numel, F|\n|poke|p1|Quaquaval, M|\n|poke|p2|Cetitan, M|\n|poke|p2|Ninetales-Alola, M|\n|poke|p2|Thwackey, M|\n|teampreview\n|j|*Lady Monita \u2746\n|j| kanishk0612d\n|j| ghost_fc\n|l| ghost_fc\n|\n|t:|1700838765\n|start\n|switch|p1a: Masquerain|Masquerain, F|100\/100\n|switch|p2a: Ninetales|Ninetales-Alola, M|100\/100\n|-weather|Snow|[from] ability: Snow Warning|[of] p2a: Ninetales\n|-ability|p1a: Masquerain|Intimidate|boost\n|-unboost|p2a: Ninetales|atk|1\n|turn|1\n|\n|t:|1700838769\n|move|p2a: Ninetales|Aurora Veil|p2a: Ninetales\n|-sidestart|p2: Oscarx90|move: Aurora Veil\n|move|p1a: Masquerain|Sticky Web|p2a: Ninetales\n|-sidestart|p2: Oscarx90|move: Sticky Web\n|\n|-weather|Snow|[upkeep]\n|upkeep\n|turn|2\n|j|^HEAVY-DUTY B0OTY\n|\n|t:|1700838783\n|-terastallize|p1a: Masquerain|Rock\n|move|p2a: Ninetales|Encore|p1a: Masquerain\n|-start|p1a: Masquerain|Encore\n|move|p1a: Masquerain|Sticky Web||[still]\n|-fail|p1a: Masquerain\n|\n|-weather|Snow|[upkeep]\n|upkeep\n|turn|3\n|\n|t:|1700838793\n|switch|p1a: Numel|Numel, F|100\/100\n|move|p2a: Ninetales|Moonblast|p1a: Numel\n|-resisted|p1a: Numel\n|-damage|p1a: Numel|83\/100\n|-unboost|p1a: Numel|spa|2\n|\n|-weather|Snow|[upkeep]\n|upkeep\n|turn|4\n|\n|t:|1700838799\n|move|p2a: Ninetales|Freeze-Dry|p1a: Numel\n|-damage|p1a: Numel|56\/100\n|move|p1a: Numel|Stockpile|p1a: Numel\n|-start|p1a: Numel|stockpile1\n|-boost|p1a: Numel|def|2\n|-boost|p1a: Numel|spd|2\n|\n|-weather|Snow|[upkeep]\n|upkeep\n|turn|5\n|\n|t:|1700838806\n|move|p2a: Ninetales|Encore|p1a: Numel\n|-start|p1a: Numel|Encore\n|move|p1a: Numel|Stockpile|p1a: Numel\n|-start|p1a: Numel|stockpile2\n|-boost|p1a: Numel|def|2\n|-boost|p1a: Numel|spd|2\n|\n|-weather|none\n|upkeep\n|turn|6\n|\n|t:|1700838828\n|move|p2a: Ninetales|Freeze-Dry|p1a: Numel\n|-damage|p1a: Numel|48\/100\n|move|p1a: Numel|Stockpile|p1a: Numel\n|-start|p1a: Numel|stockpile3\n|-boost|p1a: Numel|def|2\n|-boost|p1a: Numel|spd|2\n|\n|upkeep\n|turn|7\n|j| HunterBear4\n|\n|t:|1700838836\n|move|p2a: Ninetales|Freeze-Dry|p1a: Numel\n|-damage|p1a: Numel|42\/100\n|move|p1a: Numel|Stockpile||[still]\n|-fail|p1a: Numel\n|\n|-end|p1a: Numel|Encore\n|upkeep\n|turn|8\n|\n|t:|1700838842\n|move|p2a: Ninetales|Encore|p1a: Numel\n|-start|p1a: Numel|Encore\n|move|p1a: Numel|Stockpile||[still]\n|-fail|p1a: Numel\n|\n|-sideend|p2: Oscarx90|move: Aurora Veil\n|upkeep\n|turn|9\n|\n|t:|1700838846\n|move|p2a: Ninetales|Freeze-Dry|p1a: Numel\n|-damage|p1a: Numel|34\/100\n|-status|p1a: Numel|frz\n|cant|p1a: Numel|frz\n|\n|upkeep\n|turn|10\n|\n|t:|1700838850\n|move|p2a: Ninetales|Freeze-Dry|p1a: Numel\n|-damage|p1a: Numel|27\/100 frz\n|cant|p1a: Numel|frz\n|\n|-end|p1a: Numel|Encore\n|upkeep\n|turn|11\n|\n|t:|1700838861\n|move|p2a: Ninetales|Encore|p1a: Numel\n|-start|p1a: Numel|Encore\n|cant|p1a: Numel|frz\n|\n|upkeep\n|turn|12\n|\n|t:|1700838865\n|move|p2a: Ninetales|Freeze-Dry|p1a: Numel\n|-damage|p1a: Numel|21\/100 frz\n|-curestatus|p1a: Numel|frz|[msg]\n|move|p1a: Numel|Stockpile||[still]\n|-fail|p1a: Numel\n|\n|upkeep\n|turn|13\n|\n|t:|1700838870\n|move|p2a: Ninetales|Freeze-Dry|p1a: Numel\n|-damage|p1a: Numel|14\/100\n|move|p1a: Numel|Stockpile||[still]\n|-fail|p1a: Numel\n|\n|-end|p1a: Numel|Encore\n|upkeep\n|turn|14\n|\n|t:|1700838879\n|switch|p1a: Masquerain|Masquerain, F, tera:Rock|100\/100\n|-ability|p1a: Masquerain|Intimidate|boost\n|-unboost|p2a: Ninetales|atk|1\n|move|p2a: Ninetales|Encore||[still]\n|-fail|p2a: Ninetales\n|\n|upkeep\n|turn|15\n|\n|t:|1700838890\n|switch|p2a: Thwackey|Thwackey, M|100\/100\n|-activate|p2a: Thwackey|move: Sticky Web\n|-unboost|p2a: Thwackey|spe|1\n|-fieldstart|move: Grassy Terrain|[from] ability: Grassy Surge|[of] p2a: Thwackey\n|move|p1a: Masquerain|Giga Drain|p2a: Thwackey\n|-resisted|p2a: Thwackey\n|-damage|p2a: Thwackey|81\/100\n|\n|-heal|p2a: Thwackey|87\/100|[from] Grassy Terrain\n|upkeep\n|turn|16\n|\n|t:|1700838905\n|move|p2a: Thwackey|Grassy Glide|p1a: Masquerain\n|-supereffective|p1a: Masquerain\n|-damage|p1a: Masquerain|18\/100\n|move|p1a: Masquerain|Bug Buzz|p2a: Thwackey\n|-supereffective|p2a: Thwackey\n|-damage|p2a: Thwackey|0 fnt\n|faint|p2a: Thwackey\n|\n|-heal|p1a: Masquerain|24\/100|[from] Grassy Terrain\n|upkeep\n|\n|t:|1700838912\n|switch|p2a: Ninetales|Ninetales-Alola, M|100\/100\n|-activate|p2a: Ninetales|move: Sticky Web\n|-unboost|p2a: Ninetales|spe|1\n|-weather|Snow|[from] ability: Snow Warning|[of] p2a: Ninetales\n|turn|17\n|\n|t:|1700838918\n|move|p2a: Ninetales|Aurora Veil|p2a: Ninetales\n|-sidestart|p2: Oscarx90|move: Aurora Veil\n|move|p1a: Masquerain|Giga Drain|p2a: Ninetales\n|-damage|p2a: Ninetales|86\/100\n|-heal|p1a: Masquerain|32\/100|[from] drain|[of] p2a: Ninetales\n|\n|-weather|Snow|[upkeep]\n|-heal|p2a: Ninetales|92\/100|[from] Grassy Terrain\n|-heal|p1a: Masquerain|38\/100|[from] Grassy Terrain\n|upkeep\n|turn|18\n|\n|t:|1700838925\n|move|p2a: Ninetales|Freeze-Dry|p1a: Masquerain\n|-damage|p1a: Masquerain|16\/100\n|move|p1a: Masquerain|Giga Drain|p2a: Ninetales\n|-damage|p2a: Ninetales|78\/100\n|-heal|p1a: Masquerain|23\/100|[from] drain|[of] p2a: Ninetales\n|\n|-weather|Snow|[upkeep]\n|-heal|p2a: Ninetales|84\/100|[from] Grassy Terrain\n|-heal|p1a: Masquerain|29\/100|[from] Grassy Terrain\n|upkeep\n|turn|19\n|\n|t:|1700838933\n|move|p2a: Ninetales|Freeze-Dry|p1a: Masquerain\n|-damage|p1a: Masquerain|7\/100\n|move|p1a: Masquerain|Giga Drain|p2a: Ninetales\n|-damage|p2a: Ninetales|69\/100\n|-heal|p1a: Masquerain|15\/100|[from] drain|[of] p2a: Ninetales\n|\n|-weather|Snow|[upkeep]\n|-heal|p2a: Ninetales|75\/100|[from] Grassy Terrain\n|-heal|p1a: Masquerain|21\/100|[from] Grassy Terrain\n|-fieldend|move: Grassy Terrain\n|upkeep\n|turn|20\n|\n|t:|1700838943\n|move|p2a: Ninetales|Freeze-Dry|p1a: Masquerain\n|-damage|p1a: Masquerain|0 fnt\n|faint|p1a: Masquerain\n|\n|-weather|Snow|[upkeep]\n|upkeep\n|\n|t:|1700838948\n|switch|p1a: Numel|Numel, F|14\/100\n|turn|21\n|\n|t:|1700838952\n|move|p2a: Ninetales|Freeze-Dry|p1a: Numel\n|-damage|p1a: Numel|0 fnt\n|faint|p1a: Numel\n|\n|-weather|none\n|upkeep\n|\n|t:|1700838958\n|switch|p1a: Quaquaval|Quaquaval, M|100\/100\n|turn|22\n|\n|t:|1700838966\n|move|p2a: Ninetales|Moonblast|p1a: Quaquaval\n|-supereffective|p1a: Quaquaval\n|-damage|p1a: Quaquaval|37\/100\n|move|p1a: Quaquaval|Aqua Step|p2a: Ninetales\n|-damage|p2a: Ninetales|46\/100\n|-boost|p1a: Quaquaval|spe|1\n|\n|-heal|p1a: Quaquaval|44\/100|[from] item: Leftovers\n|upkeep\n|turn|23\n|\n|t:|1700838984\n|move|p1a: Quaquaval|Roost|p1a: Quaquaval\n|-heal|p1a: Quaquaval|94\/100\n|-singleturn|p1a: Quaquaval|move: Roost\n|move|p2a: Ninetales|Moonblast|p1a: Quaquaval\n|-supereffective|p1a: Quaquaval\n|-damage|p1a: Quaquaval|35\/100\n|\n|-heal|p1a: Quaquaval|41\/100|[from] item: Leftovers\n|upkeep\n|turn|24\n|\n|t:|1700838990\n|move|p1a: Quaquaval|Roost|p1a: Quaquaval\n|-heal|p1a: Quaquaval|91\/100\n|-singleturn|p1a: Quaquaval|move: Roost\n|move|p2a: Ninetales|Moonblast|p1a: Quaquaval\n|-supereffective|p1a: Quaquaval\n|-damage|p1a: Quaquaval|27\/100\n|\n|-heal|p1a: Quaquaval|33\/100|[from] item: Leftovers\n|-sideend|p2: Oscarx90|move: Aurora Veil\n|upkeep\n|turn|25\n|\n|t:|1700839008\n|move|p1a: Quaquaval|Close Combat|p2a: Ninetales\n|-damage|p2a: Ninetales|0 fnt\n|-unboost|p1a: Quaquaval|def|1\n|-unboost|p1a: Quaquaval|spd|1\n|faint|p2a: Ninetales\n|-ability|p1a: Quaquaval|Moxie|boost\n|-boost|p1a: Quaquaval|atk|1\n|\n|-heal|p1a: Quaquaval|39\/100|[from] item: Leftovers\n|upkeep\n|\n|t:|1700839011\n|switch|p2a: Cetitan|Cetitan, M|100\/100\n|-activate|p2a: Cetitan|move: Sticky Web\n|-unboost|p2a: Cetitan|spe|1\n|turn|26\n|\n|t:|1700839017\n|-terastallize|p2a: Cetitan|Ground\n|move|p1a: Quaquaval|Close Combat|p2a: Cetitan\n|-damage|p2a: Cetitan|0 fnt\n|-unboost|p1a: Quaquaval|def|1\n|-unboost|p1a: Quaquaval|spd|1\n|faint|p2a: Cetitan\n|\n|win|hpl12345\n|n|\u2606hpl12345|hpl12345\n|n|\u2606Oscarx90|oscarx90\n|n|*Lady Monita \u2746|ladymonita\n|n| kanishk0612d|kanishk0612d\n|n| HEAVY-DUTY B0OTY|heavydutyb0oty\n|n| HunterBear4|hunterbear4\n","uploadtime":1700839018,"views":9,"p1id":"hpl12345","p2id":"oscarx90","formatid":"gen9ou","rating":0,"private":0,"password":""}