{"id":"gen9ou-1993963300","p1":"ShinyZach","p2":"Rhyfinn08","format":"[Gen 9] OU","log":"|j|\u2606ShinyZach\n|j|\u2606Rhyfinn08\n|t:|1700383846\n|gametype|singles\n|player|p1|ShinyZach|266|1101\n|player|p2|Rhyfinn08|ninjaboy|1100\n|teamsize|p1|6\n|teamsize|p2|6\n|gen|9\n|tier|[Gen 9] OU\n|rated|\n|rule|Sleep Clause Mod: Limit one foe put to sleep\n|rule|Species Clause: Limit one of each Pok\u00e9mon\n|rule|OHKO Clause: OHKO moves are banned\n|rule|Evasion Items Clause: Evasion items are banned\n|rule|Evasion Moves Clause: Evasion moves are banned\n|rule|Endless Battle Clause: Forcing endless battles is banned\n|rule|HP Percentage Mod: HP is shown in percentages\n|clearpoke\n|poke|p1|Hatterene, F|\n|poke|p1|Milotic, M|\n|poke|p1|Leavanny, M|\n|poke|p1|Blissey, F|\n|poke|p1|Ninetales-Alola, M|\n|poke|p1|Tinkaton, F|\n|poke|p2|Slowking-Galar, M|\n|poke|p2|Thundurus-Therian, M|\n|poke|p2|Alomomola, M|\n|poke|p2|Cinderace, F|\n|poke|p2|Iron Valiant|\n|poke|p2|Dragonite, M|\n|teampreview\n|inactive|Battle timer is ON: inactive players will automatically lose when time's up. (requested by Rhyfinn08)\n|\n|t:|1700383862\n|start\n|switch|p1a: Tinkaton|Tinkaton, F|100\/100\n|switch|p2a: Cinderace|Cinderace, F|100\/100\n|-ability|p1a: Tinkaton|Mold Breaker\n|turn|1\n|\n|t:|1700383872\n|move|p2a: Cinderace|Pyro Ball|p1a: Tinkaton\n|-supereffective|p1a: Tinkaton\n|-damage|p1a: Tinkaton|0 fnt\n|faint|p1a: Tinkaton\n|\n|upkeep\n|\n|t:|1700383877\n|switch|p1a: Milotic|Milotic, M|100\/100\n|turn|2\n|\n|t:|1700383882\n|move|p2a: Cinderace|U-turn|p1a: Milotic\n|-start|p2a: Cinderace|typechange|Bug|[from] ability: Libero\n|-damage|p1a: Milotic|76\/100\n|\n|t:|1700383887\n|switch|p2a: Slowking|Slowking-Galar, M|100\/100|[from] U-turn\n|move|p1a: Milotic|Scald|p2a: Slowking\n|-damage|p2a: Slowking|84\/100\n|-status|p2a: Slowking|brn\n|\n|-damage|p2a: Slowking|78\/100 brn|[from] brn\n|upkeep\n|turn|3\n|\n|t:|1700383900\n|move|p1a: Milotic|Ice Beam|p2a: Slowking\n|-damage|p2a: Slowking|66\/100 brn\n|move|p2a: Slowking|Yawn|p1a: Milotic\n|-start|p1a: Milotic|move: Yawn|[of] p2a: Slowking\n|\n|-damage|p2a: Slowking|60\/100 brn|[from] brn\n|upkeep\n|turn|4\n|\n|t:|1700383915\n|switch|p1a: Leavanny|Leavanny, M|100\/100\n|move|p2a: Slowking|Chilly Reception|p2a: Slowking\n|-weather|Snow\n|\n|t:|1700383919\n|switch|p2a: Cinderace|Cinderace, F|100\/100|[from] Chilly Reception\n|\n|-weather|Snow|[upkeep]\n|upkeep\n|turn|5\n|\n|t:|1700383934\n|switch|p1a: Milotic|Milotic, M|76\/100\n|move|p2a: Cinderace|Pyro Ball|p1a: Milotic\n|-resisted|p1a: Milotic\n|-damage|p1a: Milotic|55\/100\n|-status|p1a: Milotic|brn\n|\n|-weather|Snow|[upkeep]\n|-damage|p1a: Milotic|49\/100 brn|[from] brn\n|upkeep\n|turn|6\n|\n|t:|1700383946\n|move|p2a: Cinderace|High Jump Kick|p1a: Milotic\n|-start|p2a: Cinderace|typechange|Fighting|[from] ability: Libero\n|-damage|p1a: Milotic|1\/100 brn\n|-enditem|p1a: Milotic|Aguav Berry|[eat]\n|-heal|p1a: Milotic|34\/100 brn|[from] item: Aguav Berry\n|move|p1a: Milotic|Recover|p1a: Milotic\n|-heal|p1a: Milotic|84\/100 brn\n|\n|-weather|Snow|[upkeep]\n|-damage|p1a: Milotic|78\/100 brn|[from] brn\n|upkeep\n|turn|7\n|\n|t:|1700383958\n|move|p2a: Cinderace|U-turn|p1a: Milotic\n|-damage|p1a: Milotic|63\/100 brn\n|\n|t:|1700383961\n|switch|p2a: Slowking|Slowking-Galar, M|93\/100 brn|[from] U-turn\n|move|p1a: Milotic|Scald|p2a: Slowking\n|-damage|p2a: Slowking|78\/100 brn\n|\n|-weather|Snow|[upkeep]\n|-damage|p1a: Milotic|57\/100 brn|[from] brn\n|-damage|p2a: Slowking|72\/100 brn|[from] brn\n|upkeep\n|turn|8\n|\n|t:|1700383976\n|move|p1a: Milotic|Recover|p1a: Milotic\n|-heal|p1a: Milotic|100\/100 brn\n|move|p2a: Slowking|Chilly Reception|p2a: Slowking\n|\n|t:|1700383978\n|switch|p2a: Thundurus|Thundurus-Therian, M|100\/100|[from] Chilly Reception\n|\n|-weather|none\n|-damage|p1a: Milotic|94\/100 brn|[from] brn\n|upkeep\n|turn|9\n|\n|t:|1700383994\n|switch|p1a: Ninetales|Ninetales-Alola, M|100\/100\n|-weather|Snow|[from] ability: Snow Warning|[of] p1a: Ninetales\n|move|p2a: Thundurus|Volt Switch|p1a: Ninetales\n|-damage|p1a: Ninetales|53\/100\n|\n|t:|1700383999\n|switch|p2a: Cinderace|Cinderace, F|100\/100|[from] Volt Switch\n|\n|-weather|Snow|[upkeep]\n|upkeep\n|turn|10\n|\n|t:|1700384013\n|switch|p1a: Milotic|Milotic, M|94\/100 brn\n|move|p2a: Cinderace|High Jump Kick|p1a: Milotic\n|-start|p2a: Cinderace|typechange|Fighting|[from] ability: Libero\n|-crit|p1a: Milotic\n|-damage|p1a: Milotic|28\/100 brn\n|\n|-weather|Snow|[upkeep]\n|-damage|p1a: Milotic|22\/100 brn|[from] brn\n|upkeep\n|turn|11\n|\n|t:|1700384025\n|switch|p1a: Hatterene|Hatterene, F|100\/100\n|move|p2a: Cinderace|U-turn|p1a: Hatterene\n|-damage|p1a: Hatterene|75\/100\n|\n|t:|1700384040\n|switch|p2a: Thundurus|Thundurus-Therian, M|100\/100|[from] U-turn\n|\n|-weather|Snow|[upkeep]\n|upkeep\n|turn|12\n|\n|t:|1700384049\n|move|p2a: Thundurus|Thunderbolt|p1a: Hatterene\n|-damage|p1a: Hatterene|37\/100\n|move|p1a: Hatterene|Psychic|p2a: Thundurus\n|-damage|p2a: Thundurus|27\/100\n|\n|-weather|Snow|[upkeep]\n|upkeep\n|turn|13\n|\n|t:|1700384057\n|move|p2a: Thundurus|Thunderbolt|p1a: Hatterene\n|-damage|p1a: Hatterene|1\/100\n|move|p1a: Hatterene|Psychic|p2a: Thundurus\n|-damage|p2a: Thundurus|0 fnt\n|faint|p2a: Thundurus\n|\n|-weather|none\n|upkeep\n|\n|t:|1700384063\n|switch|p2a: Cinderace|Cinderace, F|100\/100\n|turn|14\n|\n|t:|1700384075\n|move|p2a: Cinderace|Pyro Ball|p1a: Hatterene|[miss]\n|-miss|p2a: Cinderace|p1a: Hatterene\n|move|p1a: Hatterene|Psychic|p2a: Cinderace\n|-damage|p2a: Cinderace|29\/100\n|\n|upkeep\n|turn|15\n|\n|t:|1700384082\n|move|p2a: Cinderace|Pyro Ball|p1a: Hatterene\n|-damage|p1a: Hatterene|0 fnt\n|faint|p1a: Hatterene\n|\n|upkeep\n|\n|t:|1700384090\n|switch|p1a: Ninetales|Ninetales-Alola, M|53\/100\n|-weather|Snow|[from] ability: Snow Warning|[of] p1a: Ninetales\n|turn|16\n|\n|t:|1700384099\n|move|p2a: Cinderace|Pyro Ball|p1a: Ninetales\n|-supereffective|p1a: Ninetales\n|-damage|p1a: Ninetales|0 fnt\n|faint|p1a: Ninetales\n|\n|-weather|Snow|[upkeep]\n|upkeep\n|\n|t:|1700384105\n|switch|p1a: Blissey|Blissey, F|100\/100\n|turn|17\n|\n|t:|1700384110\n|move|p2a: Cinderace|High Jump Kick|p1a: Blissey\n|-start|p2a: Cinderace|typechange|Fighting|[from] ability: Libero\n|-supereffective|p1a: Blissey\n|-damage|p1a: Blissey|0 fnt\n|faint|p1a: Blissey\n|\n|-weather|Snow|[upkeep]\n|upkeep\n|\n|t:|1700384119\n|switch|p1a: Milotic|Milotic, M|22\/100 brn\n|turn|18\n|\n|t:|1700384123\n|move|p2a: Cinderace|High Jump Kick|p1a: Milotic\n|-damage|p1a: Milotic|0 fnt\n|faint|p1a: Milotic\n|\n|-weather|Snow|[upkeep]\n|upkeep\n|\n|t:|1700384128\n|switch|p1a: Leavanny|Leavanny, M|100\/100\n|turn|19\n|\n|t:|1700384135\n|move|p2a: Cinderace|Pyro Ball|p1a: Leavanny\n|-supereffective|p1a: Leavanny\n|-damage|p1a: Leavanny|0 fnt\n|faint|p1a: Leavanny\n|\n|win|Rhyfinn08\n|raw|ShinyZach's rating: 1101 &rarr; <strong>1076<\/strong><br \/>(-25 for losing)\n|raw|Rhyfinn08's rating: 1100 &rarr; <strong>1125<\/strong><br \/>(+25 for winning)\n","uploadtime":1700384144,"views":9,"p1id":"shinyzach","p2id":"rhyfinn08","formatid":"gen9ou","rating":1076,"private":0,"password":""}