{"id":"gen9ou-1990645235","p1":"heyitsjinx","p2":"Rando_guy123","format":"[Gen 9] OU","log":"|j|\u2606heyitsjinx\n|j|\u2606Rando_guy123\n|t:|1699988339\n|gametype|singles\n|player|p1|heyitsjinx|169|1363\n|player|p2|Rando_guy123|1|1436\n|teamsize|p1|6\n|teamsize|p2|6\n|gen|9\n|tier|[Gen 9] OU\n|rated|\n|rule|Sleep Clause Mod: Limit one foe put to sleep\n|rule|Species Clause: Limit one of each Pok\u00e9mon\n|rule|OHKO Clause: OHKO moves are banned\n|rule|Evasion Items Clause: Evasion items are banned\n|rule|Evasion Moves Clause: Evasion moves are banned\n|rule|Endless Battle Clause: Forcing endless battles is banned\n|rule|HP Percentage Mod: HP is shown in percentages\n|clearpoke\n|poke|p1|Greninja-*, M|\n|poke|p1|Heatran, F|\n|poke|p1|Iron Valiant|\n|poke|p1|Great Tusk|\n|poke|p1|Amoonguss, F|\n|poke|p1|Zapdos|\n|poke|p2|Landorus-Therian, M|\n|poke|p2|Ribombee, F|\n|poke|p2|Corviknight, M|\n|poke|p2|Ogerpon-Wellspring, F|\n|poke|p2|Thundurus-Therian, M|\n|poke|p2|Garchomp, M|\n|teampreview\n|inactive|Battle timer is ON: inactive players will automatically lose when time's up. (requested by heyitsjinx)\n|\n|t:|1699988356\n|start\n|switch|p1a: Heatran|Heatran, F|100\/100\n|switch|p2a: Ribombee|Ribombee, F, shiny|100\/100\n|turn|1\n|\n|t:|1699988363\n|move|p2a: Ribombee|Sticky Web|p1a: Heatran\n|-sidestart|p1: heyitsjinx|move: Sticky Web\n|move|p1a: Heatran|Magma Storm|p2a: Ribombee\n|-supereffective|p2a: Ribombee\n|-enditem|p2a: Ribombee|Focus Sash\n|-damage|p2a: Ribombee|1\/100\n|-activate|p2a: Ribombee|move: Magma Storm|[of] p1a: Heatran\n|\n|-damage|p2a: Ribombee|0 fnt|[from] move: Magma Storm|[partiallytrapped]\n|faint|p2a: Ribombee\n|upkeep\n|\n|t:|1699988372\n|switch|p2a: Ogerpon|Ogerpon-Wellspring, F|100\/100\n|turn|2\n|\n|t:|1699988379\n|switch|p1a: Zapdos|Zapdos|100\/100\n|-terastallize|p2a: Ogerpon|Water\n|detailschange|p2a: Ogerpon|Ogerpon-Wellspring-Tera, F, tera:Water\n|-ability|p2a: Ogerpon|Embody Aspect (Wellspring)|boost\n|-boost|p2a: Ogerpon|spd|1\n|move|p2a: Ogerpon|Swords Dance|p2a: Ogerpon\n|-boost|p2a: Ogerpon|atk|2\n|\n|upkeep\n|turn|3\n|\n|t:|1699988400\n|switch|p1a: Amoonguss|Amoonguss, F|100\/100\n|-activate|p1a: Amoonguss|move: Sticky Web\n|-unboost|p1a: Amoonguss|spe|1\n|move|p2a: Ogerpon|Ivy Cudgel|p1a: Amoonguss|[anim] Ivy Cudgel Water\n|-resisted|p1a: Amoonguss\n|-damage|p1a: Amoonguss|38\/100\n|-enditem|p1a: Amoonguss|Red Card|[of] p2a: Ogerpon\n|drag|p2a: Corviknight|Corviknight, M|100\/100\n|-ability|p2a: Corviknight|Pressure\n|\n|upkeep\n|turn|4\n|\n|t:|1699988411\n|switch|p1a: Great Tusk|Great Tusk|100\/100\n|-activate|p1a: Great Tusk|move: Sticky Web\n|-unboost|p1a: Great Tusk|spe|1\n|move|p2a: Corviknight|U-turn|p1a: Great Tusk\n|-resisted|p1a: Great Tusk\n|-damage|p1a: Great Tusk|95\/100\n|\n|t:|1699988419\n|switch|p2a: Ogerpon|Ogerpon-Wellspring-Tera, F, tera:Water|100\/100|[from] U-turn\n|-ability|p2a: Ogerpon|Embody Aspect (Wellspring)|boost\n|-boost|p2a: Ogerpon|spd|1\n|\n|-heal|p1a: Great Tusk|100\/100|[from] item: Leftovers\n|upkeep\n|turn|5\n|\n|t:|1699988430\n|-end|p1a: Great Tusk|Protosynthesis|[silent]\n|switch|p1a: Zapdos|Zapdos|100\/100\n|move|p2a: Ogerpon|Trailblaze|p1a: Zapdos\n|-resisted|p1a: Zapdos\n|-damage|p1a: Zapdos|90\/100\n|-boost|p2a: Ogerpon|spe|1\n|-status|p2a: Ogerpon|par|[from] ability: Static|[of] p1a: Zapdos\n|\n|upkeep\n|turn|6\n|\n|t:|1699988439\n|move|p1a: Zapdos|Discharge|p2a: Ogerpon\n|-supereffective|p2a: Ogerpon\n|-damage|p2a: Ogerpon|50\/100 par\n|move|p2a: Ogerpon|Ivy Cudgel|p1a: Zapdos|[anim] Ivy Cudgel Water\n|-damage|p1a: Zapdos|23\/100\n|\n|upkeep\n|turn|7\n|\n|t:|1699988448\n|switch|p2a: Thundurus|Thundurus-Therian, M|100\/100\n|move|p1a: Zapdos|Roost|p1a: Zapdos\n|-heal|p1a: Zapdos|74\/100\n|-singleturn|p1a: Zapdos|move: Roost\n|\n|upkeep\n|turn|8\n|\n|t:|1699988459\n|move|p2a: Thundurus|Nasty Plot|p2a: Thundurus\n|-boost|p2a: Thundurus|spa|2\n|move|p1a: Zapdos|Roost|p1a: Zapdos\n|-heal|p1a: Zapdos|100\/100\n|-singleturn|p1a: Zapdos|move: Roost\n|\n|upkeep\n|turn|9\n|\n|t:|1699988466\n|switch|p1a: Heatran|Heatran, F|100\/100\n|-activate|p1a: Heatran|move: Sticky Web\n|-unboost|p1a: Heatran|spe|1\n|move|p2a: Thundurus|Thunderbolt|p1a: Heatran\n|-damage|p1a: Heatran|34\/100\n|\n|-heal|p1a: Heatran|40\/100|[from] item: Leftovers\n|upkeep\n|turn|10\n|\n|t:|1699988478\n|move|p2a: Thundurus|Thunderbolt|p1a: Heatran\n|-damage|p1a: Heatran|0 fnt\n|faint|p1a: Heatran\n|\n|upkeep\n|\n|t:|1699988485\n|switch|p1a: Great Tusk|Great Tusk|100\/100\n|-activate|p1a: Great Tusk|move: Sticky Web\n|-unboost|p1a: Great Tusk|spe|1\n|turn|11\n|\n|t:|1699988492\n|-terastallize|p1a: Great Tusk|Steel\n|move|p2a: Thundurus|Tera Blast|p1a: Great Tusk\n|-resisted|p1a: Great Tusk\n|-damage|p1a: Great Tusk|51\/100\n|move|p1a: Great Tusk|Rapid Spin|p2a: Thundurus\n|-damage|p2a: Thundurus|74\/100\n|-boost|p1a: Great Tusk|spe|1\n|-sideend|p1: heyitsjinx|Sticky Web|[from] move: Rapid Spin|[of] p1a: Great Tusk\n|\n|-heal|p1a: Great Tusk|57\/100|[from] item: Leftovers\n|upkeep\n|turn|12\n|\n|t:|1699988504\n|move|p2a: Thundurus|Thunderbolt|p1a: Great Tusk\n|-damage|p1a: Great Tusk|0 fnt\n|faint|p1a: Great Tusk\n|-end|p1a: Great Tusk|Protosynthesis|[silent]\n|\n|upkeep\n|\n|t:|1699988507\n|switch|p1a: Greninja|Greninja, M|100\/100\n|turn|13\n|\n|t:|1699988516\n|switch|p2a: Corviknight|Corviknight, M|100\/100\n|-ability|p2a: Corviknight|Pressure\n|move|p1a: Greninja|Ice Beam|p2a: Corviknight\n|-damage|p2a: Corviknight|66\/100\n|-damage|p1a: Greninja|91\/100|[from] item: Life Orb\n|\n|upkeep\n|turn|14\n|\n|t:|1699988524\n|switch|p1a: Zapdos|Zapdos|100\/100\n|move|p2a: Corviknight|U-turn|p1a: Zapdos\n|-resisted|p1a: Zapdos\n|-damage|p1a: Zapdos|94\/100\n|\n|t:|1699988531\n|switch|p2a: Thundurus|Thundurus-Therian, M|74\/100|[from] U-turn\n|\n|upkeep\n|turn|15\n|\n|t:|1699988541\n|move|p2a: Thundurus|Thunderbolt|p1a: Zapdos\n|-damage|p1a: Zapdos|44\/100\n|move|p1a: Zapdos|Hurricane|p2a: Thundurus\n|-resisted|p2a: Thundurus\n|-damage|p2a: Thundurus|42\/100\n|-start|p2a: Thundurus|confusion\n|\n|upkeep\n|turn|16\n|\n|t:|1699988548\n|-activate|p2a: Thundurus|confusion\n|move|p2a: Thundurus|Thunderbolt|p1a: Zapdos\n|-damage|p1a: Zapdos|0 fnt\n|faint|p1a: Zapdos\n|\n|upkeep\n|\n|t:|1699988551\n|switch|p1a: Amoonguss|Amoonguss, F|71\/100\n|turn|17\n|\n|t:|1699988559\n|switch|p2a: Ogerpon|Ogerpon-Wellspring-Tera, F, tera:Water|50\/100 par\n|-ability|p2a: Ogerpon|Embody Aspect (Wellspring)|boost\n|-boost|p2a: Ogerpon|spd|1\n|move|p1a: Amoonguss|Spore||[still]\n|-fail|p1a: Amoonguss\n|\n|upkeep\n|turn|18\n|\n|t:|1699988567\n|move|p2a: Ogerpon|Ivy Cudgel|p1a: Amoonguss|[anim] Ivy Cudgel Water\n|-resisted|p1a: Amoonguss\n|-damage|p1a: Amoonguss|42\/100\n|move|p1a: Amoonguss|Grass Knot|p2a: Ogerpon\n|-supereffective|p2a: Ogerpon\n|-damage|p2a: Ogerpon|19\/100 par\n|\n|upkeep\n|turn|19\n|\n|t:|1699988576\n|move|p2a: Ogerpon|Ivy Cudgel|p1a: Amoonguss|[anim] Ivy Cudgel Water\n|-resisted|p1a: Amoonguss\n|-damage|p1a: Amoonguss|14\/100\n|move|p1a: Amoonguss|Grass Knot|p2a: Ogerpon\n|-supereffective|p2a: Ogerpon\n|-damage|p2a: Ogerpon|0 fnt\n|faint|p2a: Ogerpon\n|\n|upkeep\n|\n|t:|1699988580\n|switch|p2a: Garchomp|Garchomp, M|100\/100\n|turn|20\n|\n|t:|1699988587\n|move|p2a: Garchomp|Scale Shot|p1a: Amoonguss|[miss]\n|-miss|p2a: Garchomp|p1a: Amoonguss\n|move|p1a: Amoonguss|Spore|p2a: Garchomp\n|-status|p2a: Garchomp|slp|[from] move: Spore\n|\n|upkeep\n|turn|21\n|\n|t:|1699988595\n|switch|p2a: Landorus|Landorus-Therian, M|100\/100\n|-ability|p2a: Landorus|Intimidate|boost\n|-unboost|p1a: Amoonguss|atk|1\n|switch|p1a: Greninja|Greninja, M|91\/100\n|\n|upkeep\n|turn|22\n|\n|t:|1699988605\n|switch|p1a: Amoonguss|Amoonguss, F|47\/100\n|switch|p2a: Corviknight|Corviknight, M|66\/100\n|-ability|p2a: Corviknight|Pressure\n|\n|upkeep\n|turn|23\n|\n|t:|1699988619\n|move|p2a: Corviknight|Roost|p2a: Corviknight\n|-heal|p2a: Corviknight|100\/100\n|-singleturn|p2a: Corviknight|move: Roost\n|move|p1a: Amoonguss|Foul Play|p2a: Corviknight\n|-damage|p2a: Corviknight|89\/100\n|-damage|p1a: Amoonguss|30\/100|[from] item: Rocky Helmet|[of] p2a: Corviknight\n|\n|upkeep\n|turn|24\n|\n|t:|1699988629\n|switch|p1a: Iron Valiant|Iron Valiant|100\/100\n|-enditem|p1a: Iron Valiant|Booster Energy\n|-activate|p1a: Iron Valiant|ability: Quark Drive|[fromitem]\n|-start|p1a: Iron Valiant|quarkdrivespe\n|move|p2a: Corviknight|Brave Bird|p1a: Iron Valiant\n|-supereffective|p1a: Iron Valiant\n|-damage|p1a: Iron Valiant|11\/100\n|-damage|p2a: Corviknight|68\/100|[from] Recoil\n|\n|upkeep\n|turn|25\n|\n|t:|1699988638\n|move|p1a: Iron Valiant|Swords Dance|p1a: Iron Valiant\n|-boost|p1a: Iron Valiant|atk|2\n|move|p2a: Corviknight|Brave Bird|p1a: Iron Valiant\n|-supereffective|p1a: Iron Valiant\n|-damage|p1a: Iron Valiant|0 fnt\n|faint|p1a: Iron Valiant\n|-end|p1a: Iron Valiant|Quark Drive|[silent]\n|-damage|p2a: Corviknight|66\/100|[from] Recoil\n|\n|upkeep\n|\n|t:|1699988640\n|switch|p1a: Greninja|Greninja, M|91\/100\n|turn|26\n|\n|t:|1699988649\n|move|p1a: Greninja|Hydro Pump|p2a: Corviknight\n|-damage|p2a: Corviknight|6\/100\n|-damage|p1a: Greninja|81\/100|[from] item: Life Orb\n|move|p2a: Corviknight|Roost|p2a: Corviknight\n|-heal|p2a: Corviknight|56\/100\n|-singleturn|p2a: Corviknight|move: Roost\n|\n|upkeep\n|turn|27\n|\n|t:|1699988668\n|move|p1a: Greninja|Hydro Pump|p2a: Corviknight|[miss]\n|-miss|p1a: Greninja|p2a: Corviknight\n|move|p2a: Corviknight|U-turn|p1a: Greninja\n|-supereffective|p1a: Greninja\n|-damage|p1a: Greninja|33\/100\n|\n|t:|1699988675\n|switch|p2a: Landorus|Landorus-Therian, M|100\/100|[from] U-turn\n|-ability|p2a: Landorus|Intimidate|boost\n|-unboost|p1a: Greninja|atk|1\n|\n|upkeep\n|turn|28\n|\n|t:|1699988681\n|move|p1a: Greninja|Ice Beam|p2a: Landorus\n|-supereffective|p2a: Landorus\n|-damage|p2a: Landorus|0 fnt\n|faint|p2a: Landorus\n|-ability|p1a: Greninja|Battle Bond|boost\n|-boost|p1a: Greninja|atk|1\n|-boost|p1a: Greninja|spa|1\n|-boost|p1a: Greninja|spe|1\n|-activate|p1a: Greninja|ability: Battle Bond\n|-damage|p1a: Greninja|23\/100|[from] item: Life Orb\n|\n|upkeep\n|c|\u2606heyitsjinx|gg\n|\n|t:|1699988694\n|switch|p2a: Corviknight|Corviknight, M|56\/100\n|-ability|p2a: Corviknight|Pressure\n|turn|29\n|\n|t:|1699988702\n|switch|p2a: Garchomp|Garchomp, M|100\/100 slp\n|move|p1a: Greninja|Dark Pulse|p2a: Garchomp\n|-crit|p2a: Garchomp\n|-damage|p2a: Garchomp|0 fnt\n|faint|p2a: Garchomp\n|-damage|p1a: Greninja|13\/100|[from] item: Life Orb\n|\n|upkeep\n|\n|t:|1699988711\n|switch|p2a: Corviknight|Corviknight, M|56\/100\n|-ability|p2a: Corviknight|Pressure\n|turn|30\n|\n|t:|1699988716\n|switch|p2a: Thundurus|Thundurus-Therian, M|42\/100\n|move|p1a: Greninja|Dark Pulse|p2a: Thundurus\n|-damage|p2a: Thundurus|0 fnt\n|faint|p2a: Thundurus\n|-damage|p1a: Greninja|4\/100|[from] item: Life Orb\n|\n|upkeep\n|-message|Rando_guy123 forfeited.\n|\n|win|heyitsjinx\n|raw|heyitsjinx's rating: 1363 &rarr; <strong>1387<\/strong><br \/>(+24 for winning)\n|raw|Rando_guy123's rating: 1436 &rarr; <strong>1412<\/strong><br \/>(-24 for losing)\n|l|\u2606Rando_guy123\n","uploadtime":1699988735,"views":6,"p1id":"heyitsjinx","p2id":"randoguy123","formatid":"gen9ou","rating":1387,"private":0,"password":""}