{"id":"gen9ou-1990238884","p1":"supa fye kye","p2":"SlimyTime","format":"[Gen 9] OU","log":"|j|\u2606supa fye kye\n|j|\u2606SlimyTime\n|t:|1699942527\n|gametype|singles\n|player|p1|supa fye kye|will-gen2|1526\n|player|p2|SlimyTime|1|1599\n|teamsize|p1|6\n|teamsize|p2|6\n|gen|9\n|tier|[Gen 9] OU\n|rated|\n|rule|Sleep Clause Mod: Limit one foe put to sleep\n|rule|Species Clause: Limit one of each Pok\u00e9mon\n|rule|OHKO Clause: OHKO moves are banned\n|rule|Evasion Items Clause: Evasion items are banned\n|rule|Evasion Moves Clause: Evasion moves are banned\n|rule|Endless Battle Clause: Forcing endless battles is banned\n|rule|HP Percentage Mod: HP is shown in percentages\n|clearpoke\n|poke|p1|Samurott-Hisui, F|\n|poke|p1|Dragapult, M|\n|poke|p1|Glimmora, F|\n|poke|p1|Zamazenta-*|\n|poke|p1|Dragonite, M|\n|poke|p1|Iron Valiant|\n|poke|p2|Glimmora, M|\n|poke|p2|Iron Moth|\n|poke|p2|Greninja-*, M|\n|poke|p2|Kingambit, M|\n|poke|p2|Ogerpon-Wellspring, F|\n|poke|p2|Dragapult, F|\n|teampreview\n|\n|t:|1699942534\n|start\n|switch|p1a: Dragapult|Dragapult, M|100\/100\n|switch|p2a: Dragapult|Dragapult, F|100\/100\n|turn|1\n|\n|t:|1699942559\n|move|p2a: Dragapult|Draco Meteor|p1a: Dragapult\n|-supereffective|p1a: Dragapult\n|-damage|p1a: Dragapult|0 fnt\n|-unboost|p2a: Dragapult|spa|2\n|faint|p1a: Dragapult\n|\n|upkeep\n|\n|t:|1699942564\n|switch|p1a: Samurott|Samurott-Hisui, F|100\/100\n|turn|2\n|\n|t:|1699942573\n|switch|p2a: Ogerpon|Ogerpon-Wellspring, F|100\/100\n|move|p1a: Samurott|Swords Dance|p1a: Samurott\n|-boost|p1a: Samurott|atk|2\n|\n|upkeep\n|turn|3\n|\n|t:|1699942580\n|-terastallize|p1a: Samurott|Dark\n|move|p2a: Ogerpon|Trailblaze|p1a: Samurott\n|-damage|p1a: Samurott|63\/100\n|-boost|p2a: Ogerpon|spe|1\n|move|p1a: Samurott|Ceaseless Edge|p2a: Ogerpon\n|-damage|p2a: Ogerpon|0 fnt\n|-sidestart|p2: SlimyTime|Spikes\n|faint|p2a: Ogerpon\n|\n|upkeep\n|\n|t:|1699942586\n|switch|p2a: Greninja|Greninja, M|100\/100\n|-damage|p2a: Greninja|88\/100|[from] Spikes\n|turn|4\n|\n|t:|1699942590\n|move|p1a: Samurott|Sucker Punch|p2a: Greninja\n|-resisted|p2a: Greninja\n|-damage|p2a: Greninja|0 fnt\n|faint|p2a: Greninja\n|\n|upkeep\n|\n|t:|1699942610\n|switch|p2a: Iron Moth|Iron Moth|100\/100\n|-damage|p2a: Iron Moth|88\/100|[from] Spikes\n|-enditem|p2a: Iron Moth|Booster Energy\n|-activate|p2a: Iron Moth|ability: Quark Drive|[fromitem]\n|-start|p2a: Iron Moth|quarkdrivespe\n|turn|5\n|\n|t:|1699942618\n|move|p2a: Iron Moth|Fiery Dance|p1a: Samurott\n|-damage|p1a: Samurott|4\/100\n|-boost|p2a: Iron Moth|spa|1\n|move|p1a: Samurott|Ceaseless Edge|p2a: Iron Moth\n|-damage|p2a: Iron Moth|0 fnt\n|-sidestart|p2: SlimyTime|Spikes\n|faint|p2a: Iron Moth\n|-end|p2a: Iron Moth|Quark Drive|[silent]\n|\n|upkeep\n|\n|t:|1699942622\n|switch|p2a: Glimmora|Glimmora, M|100\/100\n|-damage|p2a: Glimmora|84\/100|[from] Spikes\n|turn|6\n|\n|t:|1699942625\n|move|p1a: Samurott|Sucker Punch||[still]\n|-fail|p1a: Samurott\n|move|p2a: Glimmora|Stealth Rock|p1a: Samurott\n|-sidestart|p1: supa fye kye|move: Stealth Rock\n|\n|upkeep\n|turn|7\n|\n|t:|1699942627\n|move|p1a: Samurott|Sucker Punch||[still]\n|-fail|p1a: Samurott\n|move|p2a: Glimmora|Stealth Rock||[still]\n|-fail|p2a: Glimmora\n|\n|upkeep\n|turn|8\n|\n|t:|1699942630\n|move|p1a: Samurott|Sucker Punch||[still]\n|-fail|p1a: Samurott\n|move|p2a: Glimmora|Stealth Rock||[still]\n|-fail|p2a: Glimmora\n|\n|upkeep\n|turn|9\n|\n|t:|1699942633\n|move|p2a: Glimmora|Stealth Rock||[still]\n|-fail|p2a: Glimmora\n|move|p1a: Samurott|Ceaseless Edge|p2a: Glimmora|[miss]\n|-miss|p1a: Samurott|p2a: Glimmora\n|\n|upkeep\n|turn|10\n|\n|t:|1699942635\n|move|p1a: Samurott|Sucker Punch||[still]\n|-fail|p1a: Samurott\n|move|p2a: Glimmora|Stealth Rock||[still]\n|-fail|p2a: Glimmora\n|\n|upkeep\n|turn|11\n|\n|t:|1699942639\n|move|p1a: Samurott|Sucker Punch|p2a: Glimmora\n|-damage|p2a: Glimmora|0 fnt\n|-activate|p2a: Glimmora|ability: Toxic Debris\n|-sidestart|p1: supa fye kye|move: Toxic Spikes\n|faint|p2a: Glimmora\n|\n|upkeep\n|\n|t:|1699942642\n|switch|p2a: Kingambit|Kingambit, M|100\/100\n|-damage|p2a: Kingambit|84\/100|[from] Spikes\n|-activate|p2a: Kingambit|ability: Supreme Overlord\n|-start|p2a: Kingambit|fallen4|[silent]\n|turn|12\n|\n|t:|1699942666\n|move|p1a: Samurott|Razor Shell|p2a: Kingambit\n|-damage|p2a: Kingambit|0 fnt\n|faint|p2a: Kingambit\n|-end|p2a: Kingambit|fallen4|[silent]\n|\n|upkeep\n|\n|t:|1699942668\n|switch|p2a: Dragapult|Dragapult, F|100\/100\n|-damage|p2a: Dragapult|84\/100|[from] Spikes\n|turn|13\n|\n|t:|1699942670\n|move|p1a: Samurott|Sucker Punch|p2a: Dragapult\n|-supereffective|p2a: Dragapult\n|-damage|p2a: Dragapult|0 fnt\n|faint|p2a: Dragapult\n|\n|win|supa fye kye\n|raw|supa fye kye's rating: 1526 &rarr; <strong>1549<\/strong><br \/>(+23 for winning)\n|raw|SlimyTime's rating: 1579 &rarr; <strong>1556<\/strong><br \/>(-23 for losing)\n","uploadtime":1699942673,"views":12,"p1id":"supafyekye","p2id":"slimytime","formatid":"gen9ou","rating":1549,"private":0,"password":""}