{"id":"gen9ou-1990429148","p1":"Oscarx90","p2":"Bhaviswar 2","format":"[Gen 9] OU","log":"|j|\u2606Oscarx90\n|j|\u2606Bhaviswar 2\n|inactive|Battle timer is ON: inactive players will automatically lose when time's up.\n|t:|1699970072\n|gametype|singles\n|player|p1|Oscarx90|plasmagrunt|\n|player|p2|Bhaviswar 2|volkner|\n|teamsize|p1|3\n|teamsize|p2|3\n|gen|9\n|tier|[Gen 9] OU\n|rated|Tournament battle\n|rule|Sleep Clause Mod: Limit one foe put to sleep\n|rule|Species Clause: Limit one of each Pok\u00e9mon\n|rule|OHKO Clause: OHKO moves are banned\n|rule|Evasion Items Clause: Evasion items are banned\n|rule|Evasion Moves Clause: Evasion moves are banned\n|rule|Endless Battle Clause: Forcing endless battles is banned\n|rule|HP Percentage Mod: HP is shown in percentages\n|clearpoke\n|poke|p1|Snorlax, F|\n|poke|p1|Kingambit, F|\n|poke|p1|Ninetales-Alola, F|\n|poke|p2|Charizard, F|\n|poke|p2|Zoroark-Hisui, M|\n|poke|p2|Goodra-Hisui, F|\n|teampreview\n|j|*Lady Monita \u2746\n|j| biryanilover\n|\n|t:|1699970096\n|start\n|switch|p1a: Snorlax|Snorlax, F|100\/100\n|switch|p2a: Goodra|Goodra-Hisui, F, shiny|100\/100\n|turn|1\n|\n|t:|1699970103\n|move|p2a: Goodra|Gigaton Hammer|p1a: Snorlax\n|-damage|p1a: Snorlax|45\/100\n|move|p1a: Snorlax|Curse|p1a: Snorlax\n|-unboost|p1a: Snorlax|spe|1\n|-boost|p1a: Snorlax|atk|1\n|-boost|p1a: Snorlax|def|1\n|\n|-heal|p1a: Snorlax|51\/100|[from] item: Leftovers\n|upkeep\n|turn|2\n|\n|t:|1699970112\n|switch|p2a: Charizard|Charizard, F, shiny|100\/100\n|move|p1a: Snorlax|Milk Drink|p1a: Snorlax\n|-heal|p1a: Snorlax|100\/100\n|\n|upkeep\n|turn|3\n|\n|t:|1699970117\n|move|p2a: Charizard|Blood Moon|p1a: Snorlax\n|-damage|p1a: Snorlax|56\/100\n|move|p1a: Snorlax|Curse|p1a: Snorlax\n|-unboost|p1a: Snorlax|spe|1\n|-boost|p1a: Snorlax|atk|1\n|-boost|p1a: Snorlax|def|1\n|\n|-heal|p1a: Snorlax|63\/100|[from] item: Leftovers\n|upkeep\n|turn|4\n|\n|t:|1699970122\n|switch|p2a: Goodra|Goodra-Hisui, F, shiny|100\/100\n|move|p1a: Snorlax|Milk Drink|p1a: Snorlax\n|-heal|p1a: Snorlax|100\/100\n|\n|upkeep\n|turn|5\n|\n|t:|1699970128\n|move|p2a: Goodra|Glaive Rush|p1a: Snorlax\n|-damage|p1a: Snorlax|80\/100\n|-singlemove|p2a: Goodra|Glaive Rush|[silent]\n|move|p1a: Snorlax|Curse|p1a: Snorlax\n|-unboost|p1a: Snorlax|spe|1\n|-boost|p1a: Snorlax|atk|1\n|-boost|p1a: Snorlax|def|1\n|\n|-heal|p1a: Snorlax|86\/100|[from] item: Leftovers\n|upkeep\n|turn|6\n|\n|t:|1699970131\n|move|p2a: Goodra|Gigaton Hammer|p1a: Snorlax\n|-damage|p1a: Snorlax|67\/100\n|move|p1a: Snorlax|Curse|p1a: Snorlax\n|-unboost|p1a: Snorlax|spe|1\n|-boost|p1a: Snorlax|atk|1\n|-boost|p1a: Snorlax|def|1\n|\n|-heal|p1a: Snorlax|73\/100|[from] item: Leftovers\n|upkeep\n|turn|7\n|\n|t:|1699970134\n|move|p2a: Goodra|Glaive Rush|p1a: Snorlax\n|-damage|p1a: Snorlax|61\/100\n|-singlemove|p2a: Goodra|Glaive Rush|[silent]\n|move|p1a: Snorlax|Curse|p1a: Snorlax\n|-unboost|p1a: Snorlax|spe|1\n|-boost|p1a: Snorlax|atk|1\n|-boost|p1a: Snorlax|def|1\n|\n|-heal|p1a: Snorlax|67\/100|[from] item: Leftovers\n|upkeep\n|turn|8\n|\n|t:|1699970149\n|switch|p2a: Charizard|Charizard, F, shiny|100\/100\n|move|p1a: Snorlax|Curse|p1a: Snorlax\n|-unboost|p1a: Snorlax|spe|1\n|-boost|p1a: Snorlax|atk|1\n|-boost|p1a: Snorlax|def|1\n|\n|-heal|p1a: Snorlax|73\/100|[from] item: Leftovers\n|upkeep\n|turn|9\n|c|\u2606Oscarx90|Sry about the matchup\n|c|\u2606Oscarx90|not much u could do I think\n|\n|t:|1699970166\n|move|p2a: Charizard|Dragon Dance|p2a: Charizard\n|-boost|p2a: Charizard|atk|1\n|-boost|p2a: Charizard|spe|1\n|move|p1a: Snorlax|Milk Drink|p1a: Snorlax\n|-heal|p1a: Snorlax|100\/100\n|\n|upkeep\n|turn|10\n|\n|t:|1699970176\n|move|p2a: Charizard|Dragon Dance|p2a: Charizard\n|-boost|p2a: Charizard|atk|1\n|-boost|p2a: Charizard|spe|1\n|move|p1a: Snorlax|Body Slam|p2a: Charizard\n|-damage|p2a: Charizard|0 fnt\n|faint|p2a: Charizard\n|\n|upkeep\n|\n|t:|1699970179\n|switch|p2a: Goodra|Goodra-Hisui, F, shiny|100\/100\n|turn|11\n|\n|t:|1699970183\n|move|p2a: Goodra|Blood Moon|p1a: Snorlax\n|-damage|p1a: Snorlax|57\/100\n|move|p1a: Snorlax|Earthquake|p2a: Goodra\n|-damage|p2a: Goodra|0 fnt\n|replace|p2a: Zoroark|Zoroark-Hisui, M, shiny\n|-end|p2a: Zoroark|Illusion\n|faint|p2a: Zoroark\n|\n|-heal|p1a: Snorlax|63\/100|[from] item: Leftovers\n|upkeep\n|\n|t:|1699970186\n|switch|p2a: Goodra|Goodra-Hisui, F, shiny|100\/100\n|turn|12\n|\n|t:|1699970190\n|move|p2a: Goodra|Surf|p1a: Snorlax\n|-damage|p1a: Snorlax|46\/100\n|move|p1a: Snorlax|Earthquake|p2a: Goodra\n|-supereffective|p2a: Goodra\n|-damage|p2a: Goodra|0 fnt\n|faint|p2a: Goodra\n|\n|win|Oscarx90\n|n|\u2606Oscarx90|oscarx90\n|n|\u2606Bhaviswar 2|bhaviswar2\n|n|*Lady Monita \u2746|ladymonita\n|n| biryanilover|biryanilover\n","uploadtime":1699970191,"views":7,"p1id":"oscarx90","p2id":"bhaviswar2","formatid":"gen9ou","rating":0,"private":0,"password":""}