{"id":"gen9ou-1993034767","p1":"SDK04","p2":"GauBoune","format":"[Gen 9] OU","log":"|j|\u2606SDK04\n|j|\u2606GauBoune\n|inactive|Battle timer is ON: inactive players will automatically lose when time's up.\n|t:|1700257624\n|gametype|singles\n|player|p1|SDK04|unknown|\n|player|p2|GauBoune|cyclist|\n|teamsize|p1|6\n|teamsize|p2|6\n|gen|9\n|tier|[Gen 9] OU\n|rated|Tournament battle\n|rule|Sleep Clause Mod: Limit one foe put to sleep\n|rule|Species Clause: Limit one of each Pok\u00e9mon\n|rule|OHKO Clause: OHKO moves are banned\n|rule|Evasion Items Clause: Evasion items are banned\n|rule|Evasion Moves Clause: Evasion moves are banned\n|rule|Endless Battle Clause: Forcing endless battles is banned\n|rule|HP Percentage Mod: HP is shown in percentages\n|clearpoke\n|poke|p1|Ninetales-Alola, M|\n|poke|p1|Ogerpon-Wellspring, F|\n|poke|p1|Mew|\n|poke|p1|Kingambit, F|\n|poke|p1|Gholdengo|\n|poke|p1|Salamence, M|\n|poke|p2|Maushold|\n|poke|p2|Rillaboom, M|\n|poke|p2|Great Tusk|\n|poke|p2|Heatran, F|\n|poke|p2|Enamorus, F|\n|poke|p2|Kingambit, F|\n|teampreview\n|inactive|GauBoune also wants the timer to be on.\n|\n|t:|1700257635\n|start\n|switch|p1a: cool window|Ninetales-Alola, M|100\/100\n|switch|p2a: Enamorus|Enamorus, F|100\/100\n|-weather|Snow|[from] ability: Snow Warning|[of] p1a: cool window\n|turn|1\n|\n|t:|1700257653\n|move|p2a: Enamorus|Moonblast|p1a: cool window\n|-damage|p1a: cool window|54\/100\n|move|p1a: cool window|Aurora Veil|p1a: cool window\n|-sidestart|p1: SDK04|move: Aurora Veil\n|\n|-weather|Snow|[upkeep]\n|upkeep\n|turn|2\n|\n|t:|1700257658\n|move|p2a: Enamorus|Moonblast|p1a: cool window\n|-crit|p1a: cool window\n|-damage|p1a: cool window|0 fnt\n|faint|p1a: cool window\n|\n|-weather|Snow|[upkeep]\n|upkeep\n|\n|t:|1700257661\n|switch|p1a: Cheese Demon|Mew|100\/100\n|turn|3\n|\n|t:|1700257663\n|switch|p2a: Maushold|Maushold|100\/100\n|move|p1a: Cheese Demon|Agility|p1a: Cheese Demon\n|-boost|p1a: Cheese Demon|spe|2\n|\n|-weather|Snow|[upkeep]\n|upkeep\n|turn|4\n|\n|t:|1700257668\n|move|p1a: Cheese Demon|Calm Mind|p1a: Cheese Demon\n|-boost|p1a: Cheese Demon|spa|1\n|-boost|p1a: Cheese Demon|spd|1\n|move|p2a: Maushold|Encore|p1a: Cheese Demon\n|-start|p1a: Cheese Demon|Encore\n|\n|-weather|Snow|[upkeep]\n|upkeep\n|turn|5\n|\n|t:|1700257670\n|move|p1a: Cheese Demon|Calm Mind|p1a: Cheese Demon\n|-boost|p1a: Cheese Demon|spa|1\n|-boost|p1a: Cheese Demon|spd|1\n|move|p2a: Maushold|Population Bomb|p1a: Cheese Demon\n|-damage|p1a: Cheese Demon|96\/100\n|-damage|p1a: Cheese Demon|91\/100\n|-damage|p1a: Cheese Demon|86\/100\n|-damage|p1a: Cheese Demon|81\/100\n|-damage|p1a: Cheese Demon|76\/100\n|-damage|p1a: Cheese Demon|72\/100\n|-damage|p1a: Cheese Demon|67\/100\n|-damage|p1a: Cheese Demon|62\/100\n|-damage|p1a: Cheese Demon|57\/100\n|-damage|p1a: Cheese Demon|52\/100\n|-hitcount|p1a: Cheese Demon|10\n|\n|-weather|none\n|-heal|p1a: Cheese Demon|58\/100|[from] item: Leftovers\n|upkeep\n|turn|6\n|\n|t:|1700257673\n|move|p1a: Cheese Demon|Calm Mind|p1a: Cheese Demon\n|-boost|p1a: Cheese Demon|spa|1\n|-boost|p1a: Cheese Demon|spd|1\n|move|p2a: Maushold|Population Bomb|p1a: Cheese Demon\n|-damage|p1a: Cheese Demon|53\/100\n|-damage|p1a: Cheese Demon|48\/100\n|-damage|p1a: Cheese Demon|42\/100\n|-damage|p1a: Cheese Demon|38\/100\n|-damage|p1a: Cheese Demon|33\/100\n|-damage|p1a: Cheese Demon|28\/100\n|-damage|p1a: Cheese Demon|23\/100\n|-damage|p1a: Cheese Demon|18\/100\n|-damage|p1a: Cheese Demon|14\/100\n|-damage|p1a: Cheese Demon|8\/100\n|-hitcount|p1a: Cheese Demon|10\n|\n|-heal|p1a: Cheese Demon|15\/100|[from] item: Leftovers\n|upkeep\n|turn|7\n|\n|t:|1700257675\n|move|p1a: Cheese Demon|Calm Mind|p1a: Cheese Demon\n|-boost|p1a: Cheese Demon|spa|1\n|-boost|p1a: Cheese Demon|spd|1\n|move|p2a: Maushold|Population Bomb|p1a: Cheese Demon\n|-damage|p1a: Cheese Demon|9\/100\n|-damage|p1a: Cheese Demon|5\/100\n|-damage|p1a: Cheese Demon|0 fnt\n|faint|p1a: Cheese Demon\n|-hitcount|p1: Cheese Demon|3\n|\n|upkeep\n|\n|t:|1700257676\n|switch|p1a: Malicious Charity|Gholdengo|100\/100\n|-item|p1a: Malicious Charity|Air Balloon\n|turn|8\n|\n|t:|1700257680\n|switch|p2a: Heatran|Heatran, F|100\/100\n|move|p1a: Malicious Charity|Nasty Plot|p1a: Malicious Charity\n|-boost|p1a: Malicious Charity|spa|2\n|\n|-sideend|p1: SDK04|move: Aurora Veil\n|upkeep\n|turn|9\n|\n|t:|1700257683\n|move|p1a: Malicious Charity|Shadow Ball|p2a: Heatran\n|-damage|p2a: Heatran|42\/100\n|-unboost|p2a: Heatran|spd|1\n|move|p2a: Heatran|Magma Storm|p1a: Malicious Charity\n|-supereffective|p1a: Malicious Charity\n|-damage|p1a: Malicious Charity|8\/100\n|-activate|p1a: Malicious Charity|move: Magma Storm|[of] p2a: Heatran\n|-enditem|p1a: Malicious Charity|Air Balloon\n|\n|-heal|p2a: Heatran|48\/100|[from] item: Leftovers\n|-damage|p1a: Malicious Charity|0 fnt|[from] move: Magma Storm|[partiallytrapped]\n|faint|p1a: Malicious Charity\n|upkeep\n|\n|t:|1700257686\n|switch|p1a: I miss Himiko\u2026|Salamence, M|100\/100\n|turn|10\n|\n|t:|1700257690\n|switch|p2a: Enamorus|Enamorus, F|100\/100\n|move|p1a: I miss Himiko\u2026|Dragon Dance|p1a: I miss Himiko\u2026\n|-boost|p1a: I miss Himiko\u2026|atk|1\n|-boost|p1a: I miss Himiko\u2026|spe|1\n|\n|upkeep\n|turn|11\n|\n|t:|1700257692\n|-terastallize|p1a: I miss Himiko\u2026|Flying\n|move|p2a: Enamorus|Moonblast|p1a: I miss Himiko\u2026\n|-damage|p1a: I miss Himiko\u2026|41\/100\n|move|p1a: I miss Himiko\u2026|Dragon Dance|p1a: I miss Himiko\u2026\n|-boost|p1a: I miss Himiko\u2026|atk|1\n|-boost|p1a: I miss Himiko\u2026|spe|1\n|\n|upkeep\n|turn|12\n|j| Bad Players\n|\n|t:|1700257696\n|move|p1a: I miss Himiko\u2026|Dual Wingbeat|p2a: Enamorus\n|-damage|p2a: Enamorus|6\/100\n|-damage|p2a: Enamorus|0 fnt\n|faint|p2a: Enamorus\n|-ability|p1a: I miss Himiko\u2026|Moxie|boost\n|-boost|p1a: I miss Himiko\u2026|atk|1\n|-hitcount|p2: Enamorus|2\n|\n|upkeep\n|\n|t:|1700257701\n|switch|p2a: devindian|Kingambit, F|100\/100\n|-activate|p2a: devindian|ability: Supreme Overlord\n|-start|p2a: devindian|fallen1|[silent]\n|turn|13\n|\n|t:|1700257704\n|move|p2a: devindian|Sucker Punch||[still]\n|-fail|p2a: devindian\n|move|p1a: I miss Himiko\u2026|Roost|p1a: I miss Himiko\u2026\n|-heal|p1a: I miss Himiko\u2026|91\/100\n|-hint|If a Flying Terastallized Pokemon uses Roost, it remains Flying-type.\n|\n|upkeep\n|turn|14\n|\n|t:|1700257706\n|move|p2a: devindian|Sucker Punch|p1a: I miss Himiko\u2026\n|-damage|p1a: I miss Himiko\u2026|39\/100\n|move|p1a: I miss Himiko\u2026|Earthquake|p2a: devindian\n|-supereffective|p2a: devindian\n|-damage|p2a: devindian|0 fnt\n|faint|p2a: devindian\n|-end|p2a: devindian|fallen1|[silent]\n|-ability|p1a: I miss Himiko\u2026|Moxie|boost\n|-boost|p1a: I miss Himiko\u2026|atk|1\n|\n|upkeep\n|\n|t:|1700257709\n|switch|p2a: Great Tusk|Great Tusk|100\/100\n|turn|15\n|inactive|SDK04 has 120 seconds left.\n|\n|t:|1700257748\n|-terastallize|p2a: Great Tusk|Ice\n|move|p1a: I miss Himiko\u2026|Roost|p1a: I miss Himiko\u2026\n|-heal|p1a: I miss Himiko\u2026|89\/100\n|-hint|If a Flying Terastallized Pokemon uses Roost, it remains Flying-type.\n|move|p2a: Great Tusk|Ice Spinner|p1a: I miss Himiko\u2026\n|-supereffective|p1a: I miss Himiko\u2026\n|-damage|p1a: I miss Himiko\u2026|6\/100\n|\n|upkeep\n|turn|16\n|inactive|SDK04 has 120 seconds left.\n|\n|t:|1700257765\n|move|p1a: I miss Himiko\u2026|Dual Wingbeat|p2a: Great Tusk\n|-damage|p2a: Great Tusk|38\/100\n|-damage|p2a: Great Tusk|0 fnt\n|faint|p2a: Great Tusk\n|-end|p2a: Great Tusk|Protosynthesis|[silent]\n|-ability|p1a: I miss Himiko\u2026|Moxie|boost\n|-boost|p1a: I miss Himiko\u2026|atk|1\n|-hitcount|p2: Great Tusk|2\n|\n|upkeep\n|\n|t:|1700257768\n|switch|p2a: Rillaboom|Rillaboom, M|100\/100\n|-fieldstart|move: Grassy Terrain|[from] ability: Grassy Surge|[of] p2a: Rillaboom\n|turn|17\n|\n|t:|1700257776\n|move|p2a: Rillaboom|Grassy Glide|p1a: I miss Himiko\u2026\n|-resisted|p1a: I miss Himiko\u2026\n|-damage|p1a: I miss Himiko\u2026|0 fnt\n|faint|p1a: I miss Himiko\u2026\n|\n|upkeep\n|\n|t:|1700257777\n|switch|p1a: Bannable Offense|Kingambit, F|100\/100\n|-activate|p1a: Bannable Offense|ability: Supreme Overlord\n|-start|p1a: Bannable Offense|fallen4|[silent]\n|turn|18\n|\n|t:|1700257780\n|switch|p2a: Heatran|Heatran, F|48\/100\n|move|p1a: Bannable Offense|Swords Dance|p1a: Bannable Offense\n|-boost|p1a: Bannable Offense|atk|2\n|\n|-heal|p2a: Heatran|55\/100|[from] Grassy Terrain\n|-heal|p2a: Heatran|61\/100|[from] item: Leftovers\n|upkeep\n|turn|19\n|\n|t:|1700257784\n|move|p2a: Heatran|Magma Storm|p1a: Bannable Offense|[miss]\n|-miss|p2a: Heatran|p1a: Bannable Offense\n|move|p1a: Bannable Offense|Kowtow Cleave|p2a: Heatran\n|-damage|p2a: Heatran|0 fnt\n|faint|p2a: Heatran\n|\n|upkeep\n|j|+goldtodd1\n|c|\u2606GauBoune|gg\n|c|\u2606SDK04|gg\n|c|\u2606SDK04|wp\n|c|\u2606GauBoune|that miss :(\n|\n|t:|1700257810\n|switch|p2a: Rillaboom|Rillaboom, M|100\/100\n|turn|20\n|c|+goldtodd1|wp after a miss feels fucked up\n|inactive|SDK04 has 120 seconds left.\n|\n|t:|1700257847\n|move|p2a: Rillaboom|Wood Hammer|p1a: Bannable Offense\n|-resisted|p1a: Bannable Offense\n|-damage|p1a: Bannable Offense|42\/100\n|-damage|p2a: Rillaboom|81\/100|[from] Recoil\n|move|p1a: Bannable Offense|Kowtow Cleave|p2a: Rillaboom\n|-damage|p2a: Rillaboom|0 fnt\n|faint|p2a: Rillaboom\n|\n|-heal|p1a: Bannable Offense|48\/100|[from] Grassy Terrain\n|-heal|p1a: Bannable Offense|54\/100|[from] item: Leftovers\n|upkeep\n|c|\u2606GauBoune|lol happens that was 75% chance of winning\n|\n|t:|1700257857\n|switch|p2a: Maushold|Maushold|100\/100\n|turn|21\n|\n|t:|1700257861\n|move|p2a: Maushold|Population Bomb|p1a: Bannable Offense\n|-resisted|p1a: Bannable Offense\n|-damage|p1a: Bannable Offense|49\/100\n|-resisted|p1a: Bannable Offense\n|-damage|p1a: Bannable Offense|45\/100\n|-resisted|p1a: Bannable Offense\n|-damage|p1a: Bannable Offense|40\/100\n|-resisted|p1a: Bannable Offense\n|-damage|p1a: Bannable Offense|36\/100\n|-resisted|p1a: Bannable Offense\n|-damage|p1a: Bannable Offense|32\/100\n|-resisted|p1a: Bannable Offense\n|-damage|p1a: Bannable Offense|27\/100\n|-resisted|p1a: Bannable Offense\n|-damage|p1a: Bannable Offense|23\/100\n|-resisted|p1a: Bannable Offense\n|-damage|p1a: Bannable Offense|18\/100\n|-resisted|p1a: Bannable Offense\n|-damage|p1a: Bannable Offense|14\/100\n|-resisted|p1a: Bannable Offense\n|-damage|p1a: Bannable Offense|9\/100\n|-hitcount|p1a: Bannable Offense|10\n|move|p1a: Bannable Offense|Kowtow Cleave|p2a: Maushold\n|-damage|p2a: Maushold|0 fnt\n|faint|p2a: Maushold\n|\n|win|SDK04\n|n|\u2606SDK04|sdk04\n|n|\u2606GauBoune|gauboune\n|n| Bad Players|badplayers\n|n|+goldtodd1|goldtodd1\n|l|\u2606GauBoune\n","uploadtime":1700257883,"views":11,"p1id":"sdk04","p2id":"gauboune","formatid":"gen9ou","rating":0,"private":0,"password":""}