{"id":"gen9ou-1997611218","p1":"Malacti","p2":"idndndb","format":"[Gen 9] OU","log":"|j|\u2606Malacti\n|j|\u2606idndndb\n|t:|1700832756\n|gametype|singles\n|player|p1|Malacti|worker-gen4|1395\n|player|p2|idndndb|dancer|1374\n|teamsize|p1|6\n|teamsize|p2|6\n|gen|9\n|tier|[Gen 9] OU\n|rated|\n|rule|Sleep Clause Mod: Limit one foe put to sleep\n|rule|Species Clause: Limit one of each Pok\u00e9mon\n|rule|OHKO Clause: OHKO moves are banned\n|rule|Evasion Items Clause: Evasion items are banned\n|rule|Evasion Moves Clause: Evasion moves are banned\n|rule|Endless Battle Clause: Forcing endless battles is banned\n|rule|HP Percentage Mod: HP is shown in percentages\n|clearpoke\n|poke|p1|Ribombee, F|\n|poke|p1|Glimmora, M|\n|poke|p1|Samurott-Hisui, M|\n|poke|p1|Gholdengo|\n|poke|p1|Persian-Alola, M|\n|poke|p1|Avalugg, F|\n|poke|p2|Kingambit, M|\n|poke|p2|Glimmora, M|\n|poke|p2|Zamazenta-*|\n|poke|p2|Iron Valiant|\n|poke|p2|Iron Moth|\n|poke|p2|Ogerpon-Wellspring, F|\n|teampreview\n|\n|t:|1700832766\n|start\n|switch|p1a: Samurott|Samurott-Hisui, M|100\/100\n|switch|p2a: CHAD BIDONAVE|Glimmora, M|100\/100\n|turn|1\n|\n|t:|1700832779\n|move|p2a: CHAD BIDONAVE|Stealth Rock|p1a: Samurott\n|-sidestart|p1: Malacti|move: Stealth Rock\n|move|p1a: Samurott|Ceaseless Edge|p2a: CHAD BIDONAVE\n|-damage|p2a: CHAD BIDONAVE|50\/100\n|-activate|p2a: CHAD BIDONAVE|ability: Toxic Debris\n|-sidestart|p1: Malacti|move: Toxic Spikes\n|-sidestart|p2: idndndb|Spikes\n|\n|upkeep\n|turn|2\n|\n|t:|1700832791\n|switch|p2a: SAd guy|Ogerpon-Wellspring, F|100\/100\n|-damage|p2a: SAd guy|88\/100|[from] Spikes\n|move|p1a: Samurott|Ceaseless Edge|p2a: SAd guy\n|-damage|p2a: SAd guy|31\/100\n|-sidestart|p2: idndndb|Spikes\n|\n|upkeep\n|turn|3\n|\n|t:|1700832808\n|switch|p1a: Glimmora|Glimmora, M|100\/100\n|-damage|p1a: Glimmora|88\/100|[from] Stealth Rock\n|-sideend|p1: Malacti|move: Toxic Spikes|[of] p1a: Glimmora\n|move|p2a: SAd guy|Power Whip|p1a: Glimmora|[miss]\n|-miss|p2a: SAd guy|p1a: Glimmora\n|\n|upkeep\n|turn|4\n|\n|t:|1700832818\n|move|p1a: Glimmora|Dazzling Gleam|p2a: SAd guy\n|-damage|p2a: SAd guy|0 fnt\n|faint|p2a: SAd guy\n|\n|upkeep\n|\n|t:|1700832843\n|switch|p2a: Iron Yugi|Iron Valiant|100\/100\n|-damage|p2a: Iron Yugi|84\/100|[from] Spikes\n|-enditem|p2a: Iron Yugi|Booster Energy\n|-activate|p2a: Iron Yugi|ability: Quark Drive|[fromitem]\n|-start|p2a: Iron Yugi|quarkdrivespe\n|turn|5\n|\n|t:|1700832857\n|move|p2a: Iron Yugi|Psyshock|p1a: Glimmora\n|-supereffective|p1a: Glimmora\n|-damage|p1a: Glimmora|20\/100\n|move|p1a: Glimmora|Dazzling Gleam|p2a: Iron Yugi\n|-supereffective|p2a: Iron Yugi\n|-damage|p2a: Iron Yugi|0 fnt\n|faint|p2a: Iron Yugi\n|-end|p2a: Iron Yugi|Quark Drive|[silent]\n|\n|upkeep\n|\n|t:|1700832869\n|switch|p2a: Peak After 2012|Zamazenta, shiny|100\/100\n|-damage|p2a: Peak After 2012|84\/100|[from] Spikes\n|-ability|p2a: Peak After 2012|Dauntless Shield|boost\n|-boost|p2a: Peak After 2012|def|1\n|turn|6\n|\n|t:|1700832875\n|move|p1a: Glimmora|Dazzling Gleam|p2a: Peak After 2012\n|-supereffective|p2a: Peak After 2012\n|-damage|p2a: Peak After 2012|29\/100\n|move|p2a: Peak After 2012|Body Press|p1a: Glimmora\n|-damage|p1a: Glimmora|0 fnt\n|-activate|p1a: Glimmora|ability: Toxic Debris\n|-sidestart|p2: idndndb|move: Toxic Spikes\n|faint|p1a: Glimmora\n|\n|-heal|p2a: Peak After 2012|35\/100|[from] item: Leftovers\n|upkeep\n|\n|t:|1700832888\n|switch|p1a: Avalugg|Avalugg, F|100\/100\n|-damage|p1a: Avalugg|76\/100|[from] Stealth Rock\n|turn|7\n|\n|t:|1700832892\n|-terastallize|p1a: Avalugg|Fighting\n|move|p2a: Peak After 2012|Body Press|p1a: Avalugg\n|-damage|p1a: Avalugg|54\/100\n|-damage|p2a: Peak After 2012|19\/100|[from] item: Rocky Helmet|[of] p1a: Avalugg\n|move|p1a: Avalugg|Recover|p1a: Avalugg\n|-heal|p1a: Avalugg|100\/100\n|\n|-heal|p2a: Peak After 2012|25\/100|[from] item: Leftovers\n|upkeep\n|turn|8\n|\n|t:|1700832904\n|move|p2a: Peak After 2012|Iron Defense|p2a: Peak After 2012\n|-boost|p2a: Peak After 2012|def|2\n|move|p1a: Avalugg|Body Press|p2a: Peak After 2012\n|-damage|p2a: Peak After 2012|3\/100\n|\n|-heal|p2a: Peak After 2012|9\/100|[from] item: Leftovers\n|upkeep\n|turn|9\n|\n|t:|1700832915\n|move|p2a: Peak After 2012|Body Press|p1a: Avalugg\n|-damage|p1a: Avalugg|66\/100\n|-damage|p2a: Peak After 2012|0 fnt|[from] item: Rocky Helmet|[of] p1a: Avalugg\n|faint|p2a: Peak After 2012\n|move|p1a: Avalugg|Iron Defense|p1a: Avalugg\n|-boost|p1a: Avalugg|def|2\n|\n|upkeep\n|\n|t:|1700832918\n|switch|p2a: Iron Moth|Iron Moth|100\/100\n|-damage|p2a: Iron Moth|84\/100|[from] Spikes\n|-sideend|p2: idndndb|move: Toxic Spikes|[of] p2a: Iron Moth\n|-enditem|p2a: Iron Moth|Booster Energy\n|-activate|p2a: Iron Moth|ability: Quark Drive|[fromitem]\n|-start|p2a: Iron Moth|quarkdrivespe\n|turn|10\n|\n|t:|1700832954\n|switch|p1a: Gholdengo|Gholdengo|100\/100\n|-damage|p1a: Gholdengo|94\/100|[from] Stealth Rock\n|-item|p1a: Gholdengo|Air Balloon\n|move|p2a: Iron Moth|Substitute|p2a: Iron Moth\n|-start|p2a: Iron Moth|Substitute\n|-damage|p2a: Iron Moth|59\/100\n|\n|upkeep\n|turn|11\n|\n|t:|1700832962\n|move|p2a: Iron Moth|Fiery Dance|p1a: Gholdengo\n|-supereffective|p1a: Gholdengo\n|-damage|p1a: Gholdengo|16\/100\n|-boost|p2a: Iron Moth|spa|1\n|-enditem|p1a: Gholdengo|Air Balloon\n|move|p1a: Gholdengo|Shadow Ball|p2a: Iron Moth\n|-end|p2a: Iron Moth|Substitute\n|\n|upkeep\n|turn|12\n|\n|t:|1700832970\n|move|p2a: Iron Moth|Fiery Dance|p1a: Gholdengo\n|-supereffective|p1a: Gholdengo\n|-damage|p1a: Gholdengo|0 fnt\n|faint|p1a: Gholdengo\n|\n|upkeep\n|\n|t:|1700832978\n|switch|p1a: Samurott|Samurott-Hisui, M|100\/100\n|-damage|p1a: Samurott|88\/100|[from] Stealth Rock\n|turn|13\n|\n|t:|1700833035\n|-terastallize|p2a: Iron Moth|Fairy\n|move|p2a: Iron Moth|Dazzling Gleam|p1a: Samurott\n|-supereffective|p1a: Samurott\n|-damage|p1a: Samurott|0 fnt\n|faint|p1a: Samurott\n|\n|upkeep\n|\n|t:|1700833050\n|switch|p1a: Persian|Persian-Alola, M|100\/100\n|-damage|p1a: Persian|88\/100|[from] Stealth Rock\n|turn|14\n|\n|t:|1700833057\n|move|p1a: Persian|Parting Shot|p2a: Iron Moth\n|-unboost|p2a: Iron Moth|atk|1\n|-unboost|p2a: Iron Moth|spa|1\n|\n|t:|1700833060\n|switch|p1a: Ribombee|Ribombee, F|100\/100|[from] Parting Shot\n|-damage|p1a: Ribombee|76\/100|[from] Stealth Rock\n|move|p2a: Iron Moth|Dazzling Gleam|p1a: Ribombee\n|-damage|p1a: Ribombee|11\/100\n|\n|upkeep\n|turn|15\n|\n|t:|1700833072\n|move|p2a: Iron Moth|Fiery Dance|p1a: Ribombee\n|-supereffective|p1a: Ribombee\n|-damage|p1a: Ribombee|0 fnt\n|-boost|p2a: Iron Moth|spa|1\n|faint|p1a: Ribombee\n|\n|upkeep\n|\n|t:|1700833075\n|switch|p1a: Persian|Persian-Alola, M|88\/100\n|-damage|p1a: Persian|76\/100|[from] Stealth Rock\n|turn|16\n|\n|t:|1700833079\n|move|p1a: Persian|Thunderbolt|p2a: Iron Moth\n|-damage|p2a: Iron Moth|37\/100\n|move|p2a: Iron Moth|Dazzling Gleam|p1a: Persian\n|-supereffective|p1a: Persian\n|-damage|p1a: Persian|0 fnt\n|faint|p1a: Persian\n|\n|upkeep\n|\n|t:|1700833084\n|switch|p1a: Avalugg|Avalugg, F, tera:Fighting|66\/100\n|-damage|p1a: Avalugg|60\/100|[from] Stealth Rock\n|turn|17\n|\n|t:|1700833087\n|move|p2a: Iron Moth|Dazzling Gleam|p1a: Avalugg\n|-supereffective|p1a: Avalugg\n|-damage|p1a: Avalugg|0 fnt\n|faint|p1a: Avalugg\n|\n|win|idndndb\n|raw|Malacti's rating: 1395 &rarr; <strong>1374<\/strong><br \/>(-21 for losing)\n|raw|idndndb's rating: 1374 &rarr; <strong>1395<\/strong><br \/>(+21 for winning)\n|c|\u2606Malacti|Gg\n|c|\u2606idndndb|gG\n|c|\u2606idndndb|Very Unique team\n|c|\u2606Malacti|Thx\n","uploadtime":1700833138,"views":10,"p1id":"malacti","p2id":"idndndb","formatid":"gen9ou","rating":1374,"private":0,"password":""}