{"id":"gen9ou-1990090156","p1":"SDK04","p2":"tttttynobuts","format":"[Gen 9] OU","log":"|j|\u2606SDK04\n|j|\u2606tttttynobuts\n|inactive|Battle timer is ON: inactive players will automatically lose when time's up.\n|t:|1699923462\n|gametype|singles\n|player|p1|SDK04|unknown|\n|player|p2|tttttynobuts|266|\n|teamsize|p1|6\n|teamsize|p2|6\n|gen|9\n|tier|[Gen 9] OU\n|rated|Tournament battle\n|rule|Sleep Clause Mod: Limit one foe put to sleep\n|rule|Species Clause: Limit one of each Pok\u00e9mon\n|rule|OHKO Clause: OHKO moves are banned\n|rule|Evasion Items Clause: Evasion items are banned\n|rule|Evasion Moves Clause: Evasion moves are banned\n|rule|Endless Battle Clause: Forcing endless battles is banned\n|rule|HP Percentage Mod: HP is shown in percentages\n|clearpoke\n|poke|p1|Ninetales-Alola, M|\n|poke|p1|Ogerpon-Wellspring, F|\n|poke|p1|Mew|\n|poke|p1|Kingambit, M|\n|poke|p1|Gholdengo|\n|poke|p1|Maushold|\n|poke|p2|Maushold|\n|poke|p2|Rillaboom, F|\n|poke|p2|Sneasler, F|\n|poke|p2|Kingambit, M|\n|poke|p2|Enamorus, F|\n|poke|p2|Great Tusk|\n|teampreview\n|j|@Disorient\n|j| spiderkitty410\n|\n|t:|1699923475\n|start\n|switch|p1a: Maushold|Maushold|100\/100\n|switch|p2a: Maushold|Maushold|100\/100\n|turn|1\n|\n|t:|1699923479\n|move|p2a: Maushold|Tidy Up|p2a: Maushold\n|-boost|p2a: Maushold|atk|1\n|-boost|p2a: Maushold|spe|1\n|move|p1a: Maushold|Tidy Up|p1a: Maushold\n|-boost|p1a: Maushold|atk|1\n|-boost|p1a: Maushold|spe|1\n|\n|upkeep\n|turn|2\n|\n|t:|1699923481\n|move|p1a: Maushold|Population Bomb|p2a: Maushold\n|-damage|p2a: Maushold|72\/100\n|-damage|p2a: Maushold|45\/100\n|-damage|p2a: Maushold|15\/100\n|-crit|p2a: Maushold\n|-damage|p2a: Maushold|0 fnt\n|faint|p2a: Maushold\n|-hitcount|p2: Maushold|4\n|\n|upkeep\n|c|\u2606tttttynobuts|bru\n|c|\u2606tttttynobuts|rip\n|\n|t:|1699923497\n|switch|p2a: Rillaboom|Rillaboom, F|100\/100\n|-fieldstart|move: Grassy Terrain|[from] ability: Grassy Surge|[of] p2a: Rillaboom\n|turn|3\n|j| lukadeska\n|\n|t:|1699923518\n|move|p2a: Rillaboom|Fake Out|p1a: Maushold\n|-damage|p1a: Maushold|79\/100\n|cant|p1a: Maushold|flinch\n|\n|-heal|p1a: Maushold|86\/100|[from] Grassy Terrain\n|upkeep\n|turn|4\n|\n|t:|1699923522\n|move|p2a: Rillaboom|Grassy Glide|p1a: Maushold\n|-damage|p1a: Maushold|31\/100\n|move|p1a: Maushold|Population Bomb|p2a: Rillaboom\n|-damage|p2a: Rillaboom|82\/100\n|-damage|p2a: Rillaboom|64\/100\n|-damage|p2a: Rillaboom|47\/100\n|-damage|p2a: Rillaboom|30\/100\n|-damage|p2a: Rillaboom|13\/100\n|-damage|p2a: Rillaboom|0 fnt\n|faint|p2a: Rillaboom\n|-hitcount|p2: Rillaboom|6\n|\n|-heal|p1a: Maushold|37\/100|[from] Grassy Terrain\n|upkeep\n|\n|t:|1699923525\n|switch|p2a: Sneasler|Sneasler, F|100\/100\n|-enditem|p2a: Sneasler|Grassy Seed\n|-boost|p2a: Sneasler|def|1|[from] item: Grassy Seed\n|turn|5\n|j| VicBossMG\n|\n|t:|1699923534\n|move|p2a: Sneasler|Acrobatics|p1a: Maushold\n|-damage|p1a: Maushold|0 fnt\n|faint|p1a: Maushold\n|\n|upkeep\n|\n|t:|1699923537\n|switch|p1a: cool window|Ninetales-Alola, M|100\/100\n|-weather|Snow|[from] ability: Snow Warning|[of] p1a: cool window\n|turn|6\n|\n|t:|1699923541\n|move|p2a: Sneasler|Gunk Shot|p1a: cool window\n|-supereffective|p1a: cool window\n|-damage|p1a: cool window|0 fnt\n|faint|p1a: cool window\n|\n|-weather|Snow|[upkeep]\n|upkeep\n|c|\u2606tttttynobuts|I HAve knock off\n|c|\u2606tttttynobuts|GO ghold\n|c|\u2606tttttynobuts|Plz\n|inactive|SDK04 has 120 seconds left.\n|c|\u2606tttttynobuts|Tera dark knock off op\n|j| Bcropokemon\n|j| yesyesir14\n|\n|t:|1699923598\n|switch|p1a: Bannable Offense|Kingambit, M|100\/100\n|-activate|p1a: Bannable Offense|ability: Supreme Overlord\n|-start|p1a: Bannable Offense|fallen2|[silent]\n|turn|7\n|c| yesyesir14|oh my god\n|c| yesyesir14|they gave sneas a 3d sprite\n|c| yesyesir14|no way\n|\n|t:|1699923613\n|-terastallize|p1a: Bannable Offense|Fairy\n|move|p2a: Sneasler|Close Combat|p1a: Bannable Offense\n|-resisted|p1a: Bannable Offense\n|-damage|p1a: Bannable Offense|73\/100\n|-unboost|p2a: Sneasler|def|1\n|-unboost|p2a: Sneasler|spd|1\n|move|p1a: Bannable Offense|Tera Blast|p2a: Sneasler|[anim] Tera Blast Fairy\n|-damage|p2a: Sneasler|1\/100\n|\n|-weather|Snow|[upkeep]\n|-heal|p2a: Sneasler|7\/100|[from] Grassy Terrain\n|-heal|p1a: Bannable Offense|79\/100|[from] Grassy Terrain\n|-heal|p1a: Bannable Offense|85\/100|[from] item: Leftovers\n|upkeep\n|turn|8\n|c|@Disorient|Gambit still somehow doesnt have\n|c| VicBossMG|Abe kleqvor too\n|c| yesyesir14|I just noticed that\n|\n|t:|1699923629\n|move|p1a: Bannable Offense|Sucker Punch|p2a: Sneasler\n|-resisted|p2a: Sneasler\n|-damage|p2a: Sneasler|0 fnt\n|faint|p2a: Sneasler\n|\n|-weather|Snow|[upkeep]\n|-heal|p1a: Bannable Offense|91\/100|[from] Grassy Terrain\n|-heal|p1a: Bannable Offense|97\/100|[from] item: Leftovers\n|upkeep\n|\n|t:|1699923632\n|switch|p2a: Kingambit|Kingambit, M|100\/100\n|turn|9\n|\n|t:|1699923635\n|-end|p1a: Bannable Offense|fallen2|[silent]\n|switch|p1a: Malicious Charity|Gholdengo|100\/100\n|-item|p1a: Malicious Charity|Air Balloon\n|move|p2a: Kingambit|Iron Head|p1a: Malicious Charity\n|-resisted|p1a: Malicious Charity\n|-damage|p1a: Malicious Charity|72\/100\n|-enditem|p1a: Malicious Charity|Air Balloon\n|\n|-weather|Snow|[upkeep]\n|-heal|p1a: Malicious Charity|78\/100|[from] Grassy Terrain\n|upkeep\n|turn|10\n|\n|t:|1699923643\n|switch|p2a: Great Tusk|Great Tusk|100\/100\n|-enditem|p2a: Great Tusk|Booster Energy\n|-activate|p2a: Great Tusk|ability: Protosynthesis|[fromitem]\n|-start|p2a: Great Tusk|protosynthesisatk\n|move|p1a: Malicious Charity|Dazzling Gleam|p2a: Great Tusk\n|-supereffective|p2a: Great Tusk\n|-damage|p2a: Great Tusk|23\/100\n|\n|-weather|none\n|-heal|p1a: Malicious Charity|84\/100|[from] Grassy Terrain\n|-heal|p2a: Great Tusk|29\/100|[from] Grassy Terrain\n|-fieldend|move: Grassy Terrain\n|upkeep\n|turn|11\n|\n|t:|1699923650\n|move|p1a: Malicious Charity|Dazzling Gleam|p2a: Great Tusk\n|-supereffective|p2a: Great Tusk\n|-damage|p2a: Great Tusk|0 fnt\n|faint|p2a: Great Tusk\n|-end|p2a: Great Tusk|Protosynthesis|[silent]\n|\n|upkeep\n|\n|t:|1699923653\n|switch|p2a: Kingambit|Kingambit, M|100\/100\n|turn|12\n|\n|t:|1699923656\n|move|p1a: Malicious Charity|Dazzling Gleam|p2a: Kingambit\n|-damage|p2a: Kingambit|72\/100\n|move|p2a: Kingambit|Swords Dance|p2a: Kingambit\n|-boost|p2a: Kingambit|atk|2\n|\n|-heal|p2a: Kingambit|78\/100|[from] item: Leftovers\n|upkeep\n|turn|13\n|\n|t:|1699923658\n|move|p2a: Kingambit|Sucker Punch|p1a: Malicious Charity\n|-supereffective|p1a: Malicious Charity\n|-damage|p1a: Malicious Charity|0 fnt\n|faint|p1a: Malicious Charity\n|\n|-heal|p2a: Kingambit|84\/100|[from] item: Leftovers\n|upkeep\n|l| VicBossMG\n|\n|t:|1699923663\n|switch|p1a: \u201cI win\u201d button|Ogerpon-Wellspring, F|100\/100\n|turn|14\n|\n|t:|1699923666\n|-terastallize|p2a: Kingambit|Flying\n|move|p1a: \u201cI win\u201d button|Encore|p2a: Kingambit\n|-start|p2a: Kingambit|Encore\n|move|p2a: Kingambit|Sucker Punch||[still]\n|-fail|p2a: Kingambit\n|\n|-heal|p2a: Kingambit|90\/100|[from] item: Leftovers\n|upkeep\n|turn|15\n|\n|t:|1699923671\n|move|p2a: Kingambit|Sucker Punch||[still]\n|-fail|p2a: Kingambit\n|move|p1a: \u201cI win\u201d button|Swords Dance|p1a: \u201cI win\u201d button\n|-boost|p1a: \u201cI win\u201d button|atk|2\n|\n|-heal|p2a: Kingambit|97\/100|[from] item: Leftovers\n|upkeep\n|turn|16\n|\n|t:|1699923674\n|move|p2a: Kingambit|Sucker Punch||[still]\n|-fail|p2a: Kingambit\n|move|p1a: \u201cI win\u201d button|Swords Dance|p1a: \u201cI win\u201d button\n|-boost|p1a: \u201cI win\u201d button|atk|2\n|\n|-heal|p2a: Kingambit|100\/100|[from] item: Leftovers\n|-end|p2a: Kingambit|Encore\n|upkeep\n|turn|17\n|\n|t:|1699923676\n|move|p1a: \u201cI win\u201d button|Encore|p2a: Kingambit\n|-start|p2a: Kingambit|Encore\n|move|p2a: Kingambit|Sucker Punch||[still]\n|-fail|p2a: Kingambit\n|\n|upkeep\n|turn|18\n|\n|t:|1699923679\n|move|p2a: Kingambit|Sucker Punch||[still]\n|-fail|p2a: Kingambit\n|move|p1a: \u201cI win\u201d button|Swords Dance|p1a: \u201cI win\u201d button\n|-boost|p1a: \u201cI win\u201d button|atk|2\n|\n|upkeep\n|turn|19\n|\n|t:|1699923681\n|move|p2a: Kingambit|Sucker Punch||[still]\n|-fail|p2a: Kingambit\n|move|p1a: \u201cI win\u201d button|Swords Dance|p1a: \u201cI win\u201d button\n|-boost|p1a: \u201cI win\u201d button|atk|0\n|\n|-end|p2a: Kingambit|Encore\n|upkeep\n|turn|20\n|\n|t:|1699923682\n|move|p1a: \u201cI win\u201d button|Encore|p2a: Kingambit\n|-start|p2a: Kingambit|Encore\n|move|p2a: Kingambit|Sucker Punch||[still]\n|-fail|p2a: Kingambit\n|\n|-end|p2a: Kingambit|Encore\n|upkeep\n|turn|21\n|j| F80\n|c| spiderkitty410|encore wins\n|\n|t:|1699923686\n|move|p1a: \u201cI win\u201d button|Ivy Cudgel|p2a: Kingambit\n|-damage|p2a: Kingambit|0 fnt\n|faint|p2a: Kingambit\n|\n|upkeep\n|\n|t:|1699923688\n|switch|p2a: Enamorus|Enamorus, F|100\/100\n|turn|22\n|c| spiderkitty410|another w for encore users\n|\n|t:|1699923692\n|move|p2a: Enamorus|Superpower|p1a: \u201cI win\u201d button\n|-damage|p1a: \u201cI win\u201d button|50\/100\n|-boost|p2a: Enamorus|atk|1\n|-boost|p2a: Enamorus|def|1\n|move|p1a: \u201cI win\u201d button|Ivy Cudgel|p2a: Enamorus\n|-damage|p2a: Enamorus|0 fnt\n|faint|p2a: Enamorus\n|\n|win|SDK04\n|n|\u2606SDK04|sdk04\n|n|\u2606tttttynobuts|tttttynobuts\n|n|+Disorient|disorient\n|n| spiderkitty410|spiderkitty410\n|n| lukadeska|lukadeska\n|n| Bcropokemon|bcropokemon\n|n| yesyesir14|yesyesir14\n|n| F80|f80\n|l|\u2606tttttynobuts\n|l| yesyesir14\n|c|\u2606SDK04|gg\n|c|\u2606SDK04|wp\n","uploadtime":1699923699,"views":12,"p1id":"sdk04","p2id":"tttttynobuts","formatid":"gen9ou","rating":0,"private":0,"password":""}