{"id":"gen9ou-1997475421","p1":"Lush Eagles","p2":"chadguy","format":"[Gen 9] OU","log":"|j|\u2606Lush Eagles\n|j|\u2606chadguy\n|inactive|Battle timer is ON: inactive players will automatically lose when time's up.\n|t:|1700811905\n|gametype|singles\n|player|p1|Lush Eagles|n|\n|player|p2|chadguy|169|\n|teamsize|p1|4\n|teamsize|p2|4\n|gen|9\n|tier|[Gen 9] OU\n|rated|Tournament battle\n|rule|Sleep Clause Mod: Limit one foe put to sleep\n|rule|Species Clause: Limit one of each Pok\u00e9mon\n|rule|OHKO Clause: OHKO moves are banned\n|rule|Evasion Items Clause: Evasion items are banned\n|rule|Evasion Moves Clause: Evasion moves are banned\n|rule|Endless Battle Clause: Forcing endless battles is banned\n|rule|HP Percentage Mod: HP is shown in percentages\n|clearpoke\n|poke|p1|Victreebel, F|\n|poke|p1|Jigglypuff, F|\n|poke|p1|Arcanine, M|\n|poke|p1|Golduck, M|\n|poke|p2|Rolycoly, M|\n|poke|p2|Crawdaunt, F|\n|poke|p2|Infernape, F|\n|poke|p2|Eelektross, F|\n|teampreview\n|j|*Lady Monita \u2746\n|inactive|Lush Eagles also wants the timer to be on.\n|\n|t:|1700811916\n|start\n|switch|p1a: Golduck|Golduck, M|100\/100\n|switch|p2a: Rolycoly|Rolycoly, M|100\/100\n|turn|1\n|\n|t:|1700811925\n|move|p1a: Golduck|Nasty Plot|p1a: Golduck\n|-boost|p1a: Golduck|spa|2\n|move|p2a: Rolycoly|Stealth Rock|p1a: Golduck\n|-sidestart|p1: Lush Eagles|move: Stealth Rock\n|\n|upkeep\n|turn|2\n|\n|t:|1700811932\n|move|p1a: Golduck|Psyshock|p2a: Rolycoly\n|-damage|p2a: Rolycoly|10\/100\n|-damage|p1a: Golduck|91\/100|[from] item: Life Orb\n|move|p2a: Rolycoly|Explosion|p1a: Golduck\n|-damage|p1a: Golduck|54\/100\n|faint|p2a: Rolycoly\n|\n|upkeep\n|\n|t:|1700811940\n|switch|p2a: Crawdaunt|Crawdaunt, F|100\/100\n|turn|3\n|\n|t:|1700811947\n|move|p1a: Golduck|Hydro Pump|p2a: Crawdaunt\n|-resisted|p2a: Crawdaunt\n|-enditem|p2a: Crawdaunt|Focus Sash\n|-damage|p2a: Crawdaunt|1\/100\n|-damage|p1a: Golduck|44\/100|[from] item: Life Orb\n|move|p2a: Crawdaunt|Dragon Dance|p2a: Crawdaunt\n|-boost|p2a: Crawdaunt|atk|1\n|-boost|p2a: Crawdaunt|spe|1\n|\n|upkeep\n|turn|4\n|\n|t:|1700811956\n|move|p2a: Crawdaunt|Knock Off|p1a: Golduck\n|-damage|p1a: Golduck|0 fnt\n|-enditem|p1a: Golduck|Life Orb|[from] move: Knock Off|[of] p2a: Crawdaunt\n|faint|p1a: Golduck\n|\n|upkeep\n|\n|t:|1700811960\n|switch|p1a: Jigglypuff|Jigglypuff, F|100\/100\n|-damage|p1a: Jigglypuff|88\/100|[from] Stealth Rock\n|turn|5\n|\n|t:|1700811968\n|move|p2a: Crawdaunt|Crabhammer|p1a: Jigglypuff\n|-crit|p1a: Jigglypuff\n|-damage|p1a: Jigglypuff|0 fnt\n|faint|p1a: Jigglypuff\n|\n|upkeep\n|\n|t:|1700811974\n|switch|p1a: Victreebel|Victreebel, F|100\/100\n|-damage|p1a: Victreebel|88\/100|[from] Stealth Rock\n|turn|6\n|\n|t:|1700811977\n|move|p2a: Crawdaunt|Knock Off|p1a: Victreebel\n|-damage|p1a: Victreebel|0 fnt\n|-enditem|p1a: Victreebel|Life Orb|[from] move: Knock Off|[of] p2a: Crawdaunt\n|faint|p1a: Victreebel\n|\n|upkeep\n|\n|t:|1700811980\n|switch|p1a: Arcanine|Arcanine, M|100\/100\n|-damage|p1a: Arcanine|76\/100|[from] Stealth Rock\n|turn|7\n|c|\u2606chadguy|no extreme speed?\n|\n|t:|1700811986\n|-terastallize|p1a: Arcanine|Normal\n|move|p1a: Arcanine|Extreme Speed|p2a: Crawdaunt\n|-damage|p2a: Crawdaunt|0 fnt\n|faint|p2a: Crawdaunt\n|\n|upkeep\n|j| IcyJulien\n|c|\u2606chadguy|???\n|\n|t:|1700811992\n|switch|p2a: Eelektross|Eelektross, F|100\/100\n|turn|8\n|c|\u2606Lush Eagles|Yes extreme speed\n|c|\u2606Lush Eagles|!!!\n|c|\u2606chadguy|why not lead with that\n|\n|t:|1700812000\n|move|p1a: Arcanine|Extreme Speed|p2a: Eelektross\n|-damage|p2a: Eelektross|38\/100\n|move|p2a: Eelektross|Drain Punch|p1a: Arcanine\n|-supereffective|p1a: Arcanine\n|-damage|p1a: Arcanine|3\/100\n|-heal|p2a: Eelektross|69\/100|[from] drain|[of] p1a: Arcanine\n|\n|-heal|p2a: Eelektross|76\/100|[from] item: Leftovers\n|upkeep\n|turn|9\n|\n|t:|1700812005\n|move|p1a: Arcanine|Extreme Speed|p2a: Eelektross\n|-crit|p2a: Eelektross\n|-damage|p2a: Eelektross|0 fnt\n|faint|p2a: Eelektross\n|\n|upkeep\n|c|\u2606chadguy|gg\n|\n|t:|1700812010\n|switch|p2a: Infernape|Infernape, F|100\/100\n|turn|10\n|l| IcyJulien\n|\n|t:|1700812014\n|move|p1a: Arcanine|Extreme Speed|p2a: Infernape\n|-damage|p2a: Infernape|21\/100\n|move|p2a: Infernape|Vacuum Wave|p1a: Arcanine\n|-supereffective|p1a: Arcanine\n|-damage|p1a: Arcanine|0 fnt\n|faint|p1a: Arcanine\n|-damage|p2a: Infernape|11\/100|[from] item: Life Orb\n|\n|win|chadguy\n|n|\u2606Lush Eagles|lusheagles\n|n|\u2606chadguy|chadguy\n|n|*Lady Monita \u2746|ladymonita\n","uploadtime":1700812015,"views":2,"p1id":"lusheagles","p2id":"chadguy","formatid":"gen9ou","rating":0,"private":0,"password":""}