{"id":"gen9ou-1994433942","p1":"KhaoticIntent","p2":"RodentCollector","format":"[Gen 9] OU","log":"|j|\u2606KhaoticIntent\n|j|\u2606RodentCollector\n|t:|1700443471\n|gametype|singles\n|player|p1|KhaoticIntent|roxie|\n|player|p2|RodentCollector|hiker-gen4|\n|teamsize|p1|6\n|teamsize|p2|6\n|gen|9\n|tier|[Gen 9] OU\n|rule|Sleep Clause Mod: Limit one foe put to sleep\n|rule|Species Clause: Limit one of each Pok\u00e9mon\n|rule|OHKO Clause: OHKO moves are banned\n|rule|Evasion Items Clause: Evasion items are banned\n|rule|Evasion Moves Clause: Evasion moves are banned\n|rule|Endless Battle Clause: Forcing endless battles is banned\n|rule|HP Percentage Mod: HP is shown in percentages\n|clearpoke\n|poke|p1|Enamorus, F|\n|poke|p1|Greninja-*, M|\n|poke|p1|Garchomp, F|\n|poke|p1|Heatran, M|\n|poke|p1|Glimmora, F|\n|poke|p1|Gholdengo|\n|poke|p2|Lucario, M|\n|poke|p2|Great Tusk|\n|poke|p2|Weezing-Galar, F|\n|poke|p2|Quaquaval, F|\n|poke|p2|Moltres|\n|poke|p2|Pikachu, M|\n|teampreview\n|j| Jektrooper\n|j| ZeroORAS\n|j| Dragonex129\n|c| Dragonex129|glgl\n|j| sharkangel037\n|c| Dragonex129|may the best trainer win\n|c|\u2606RodentCollector|it's because I was in our doubles account\n|c|\u2606RodentCollector|didn't change it\n|\n|t:|1700443552\n|start\n|switch|p1a: Asthmatic spawn|Glimmora, F|100\/100\n|switch|p2a: Punio|Pikachu, M|100\/100\n|turn|1\n|\n|t:|1700443560\n|move|p1a: Asthmatic spawn|Earth Power|p2a: Punio\n|-supereffective|p2a: Punio\n|-damage|p2a: Punio|0 fnt\n|faint|p2a: Punio\n|\n|upkeep\n|c|\u2606KhaoticIntent|Bye pikachu\n|c|\u2606RodentCollector|choice scarfed coward\n|\n|t:|1700443583\n|switch|p2a: Rawk Hawk|Quaquaval, F|100\/100\n|turn|2\n|c| sharkangel037|I think it's over :D\n|\n|t:|1700443595\n|move|p1a: Asthmatic spawn|Earth Power|p2a: Rawk Hawk\n|-damage|p2a: Rawk Hawk|52\/100\n|move|p2a: Rawk Hawk|Aqua Step|p1a: Asthmatic spawn\n|-supereffective|p1a: Asthmatic spawn\n|-damage|p1a: Asthmatic spawn|6\/100\n|-boost|p2a: Rawk Hawk|spe|1\n|\n|upkeep\n|turn|3\n|j| siang\n|\n|t:|1700443623\n|switch|p1a: Gawr Gura|Garchomp, F|100\/100\n|move|p2a: Rawk Hawk|Aqua Step|p1a: Gawr Gura\n|-damage|p1a: Gawr Gura|61\/100\n|-boost|p2a: Rawk Hawk|spe|1\n|-activate|p1a: Gawr Gura|ability: Rough Skin\n|-activate|p2a: Rawk Hawk|item: Protective Pads\n|\n|upkeep\n|turn|4\n|\n|t:|1700443636\n|move|p2a: Rawk Hawk|Ice Spinner|p1a: Gawr Gura\n|-supereffective|p1a: Gawr Gura\n|-damage|p1a: Gawr Gura|0 fnt\n|-activate|p1a: Gawr Gura|ability: Rough Skin\n|-activate|p2a: Rawk Hawk|item: Protective Pads\n|faint|p1a: Gawr Gura\n|-ability|p2a: Rawk Hawk|Moxie|boost\n|-boost|p2a: Rawk Hawk|atk|1\n|\n|upkeep\n|\n|t:|1700443692\n|switch|p1a: The Goon|Gholdengo|100\/100\n|turn|5\n|\n|t:|1700443699\n|move|p2a: Rawk Hawk|Knock Off|p1a: The Goon\n|-supereffective|p1a: The Goon\n|-damage|p1a: The Goon|14\/100\n|-enditem|p1a: The Goon|Choice Specs|[from] move: Knock Off|[of] p2a: Rawk Hawk\n|move|p1a: The Goon|Trick|p2a: Rawk Hawk\n|-activate|p1a: The Goon|move: Trick|[of] p2a: Rawk Hawk\n|-enditem|p2a: Rawk Hawk|Protective Pads|[silent]|[from] move: Trick\n|-item|p1a: The Goon|Protective Pads|[from] move: Trick\n|\n|upkeep\n|turn|6\n|c|\u2606RodentCollector|a second aqua step hit the towers\n|\n|t:|1700443777\n|move|p2a: Rawk Hawk|Aqua Step|p1a: The Goon\n|-damage|p1a: The Goon|0 fnt\n|-boost|p2a: Rawk Hawk|spe|1\n|faint|p1a: The Goon\n|-ability|p2a: Rawk Hawk|Moxie|boost\n|-boost|p2a: Rawk Hawk|atk|1\n|\n|upkeep\n|\n|t:|1700443789\n|switch|p1a: Jektran|Heatran, M|100\/100\n|-item|p1a: Jektran|Air Balloon\n|turn|7\n|\n|t:|1700443807\n|-terastallize|p1a: Jektran|Fairy\n|move|p2a: Rawk Hawk|Ice Spinner|p1a: Jektran\n|-damage|p1a: Jektran|59\/100\n|-enditem|p1a: Jektran|Air Balloon\n|move|p1a: Jektran|Tera Blast|p2a: Rawk Hawk|[anim] Tera Blast Fairy\n|-supereffective|p2a: Rawk Hawk\n|-damage|p2a: Rawk Hawk|0 fnt\n|faint|p2a: Rawk Hawk\n|\n|upkeep\n|\n|t:|1700443827\n|switch|p2a: Don Pianta|Lucario, M|100\/100\n|turn|8\n|\n|t:|1700443849\n|switch|p1a: Asthmatic spawn|Glimmora, F|6\/100\n|-terastallize|p2a: Don Pianta|Normal\n|move|p2a: Don Pianta|Swords Dance|p2a: Don Pianta\n|-boost|p2a: Don Pianta|atk|2\n|\n|upkeep\n|turn|9\n|\n|t:|1700443867\n|move|p2a: Don Pianta|Bullet Punch|p1a: Asthmatic spawn\n|-supereffective|p1a: Asthmatic spawn\n|-damage|p1a: Asthmatic spawn|0 fnt\n|faint|p1a: Asthmatic spawn\n|\n|upkeep\n|\n|t:|1700443887\n|switch|p1a: Goku Black|Greninja, M|100\/100\n|turn|10\n|\n|t:|1700443892\n|move|p2a: Don Pianta|Extreme Speed|p1a: Goku Black\n|-damage|p1a: Goku Black|0 fnt\n|faint|p1a: Goku Black\n|\n|upkeep\n|\n|t:|1700443897\n|switch|p1a: Enamorus|Enamorus, F|100\/100\n|turn|11\n|\n|t:|1700443905\n|move|p2a: Don Pianta|Extreme Speed|p1a: Enamorus\n|-damage|p1a: Enamorus|0 fnt\n|faint|p1a: Enamorus\n|\n|upkeep\n|\n|t:|1700443910\n|switch|p1a: Jektran|Heatran, M, tera:Fairy|59\/100\n|turn|12\n|\n|t:|1700443923\n|move|p2a: Don Pianta|Extreme Speed|p1a: Jektran\n|-damage|p1a: Jektran|0 fnt\n|faint|p1a: Jektran\n|\n|win|RodentCollector\n|l|\u2606KhaoticIntent\n|c|\u2606RodentCollector|pikachu has a 100% win rate\n|c|\u2606RodentCollector|let it be known\n","uploadtime":1700443929,"views":15,"p1id":"khaoticintent","p2id":"rodentcollector","formatid":"gen9ou","rating":0,"private":0,"password":""}