{"id":"gen9ou-1989129600","p1":"Vixen 4 Life","p2":"rnetagross","format":"[Gen 9] OU","log":"|j|\u2606Vixen 4 Life\n|j|\u2606rnetagross\n|t:|1699815398\n|gametype|singles\n|player|p1|Vixen 4 Life|penny|1068\n|player|p2|rnetagross|170|1103\n|teamsize|p1|6\n|teamsize|p2|6\n|gen|9\n|tier|[Gen 9] OU\n|rated|\n|rule|Sleep Clause Mod: Limit one foe put to sleep\n|rule|Species Clause: Limit one of each Pok\u00e9mon\n|rule|OHKO Clause: OHKO moves are banned\n|rule|Evasion Items Clause: Evasion items are banned\n|rule|Evasion Moves Clause: Evasion moves are banned\n|rule|Endless Battle Clause: Forcing endless battles is banned\n|rule|HP Percentage Mod: HP is shown in percentages\n|clearpoke\n|poke|p1|Overqwil, F|\n|poke|p1|Vikavolt, F|\n|poke|p1|Dusknoir, F|\n|poke|p1|Eelektross, F|\n|poke|p1|Iron Treads|\n|poke|p1|Krookodile, M|\n|poke|p2|Gallade, M|\n|poke|p2|Torkoal, M|\n|poke|p2|Walking Wake|\n|poke|p2|Sandy Shocks|\n|poke|p2|Talonflame, F|\n|poke|p2|Milotic, M|\n|teampreview\n|\n|t:|1699815407\n|start\n|switch|p1a: Vikavolt|Vikavolt, F|100\/100\n|switch|p2a: Torkoal|Torkoal, M|100\/100\n|-weather|SunnyDay|[from] ability: Drought|[of] p2a: Torkoal\n|turn|1\n|\n|t:|1699815415\n|move|p1a: Vikavolt|Sticky Web|p2a: Torkoal\n|-sidestart|p2: rnetagross|move: Sticky Web\n|move|p2a: Torkoal|Lava Plume|p1a: Vikavolt\n|-supereffective|p1a: Vikavolt\n|-damage|p1a: Vikavolt|14\/100\n|\n|-weather|SunnyDay|[upkeep]\n|upkeep\n|turn|2\n|\n|t:|1699815427\n|move|p1a: Vikavolt|Volt Switch|p2a: Torkoal\n|-crit|p2a: Torkoal\n|-damage|p2a: Torkoal|15\/100\n|\n|t:|1699815430\n|switch|p1a: Dusknoir|Dusknoir, F|100\/100|[from] Volt Switch\n|-item|p2a: Torkoal|Heat Rock|[from] ability: Frisk|[of] p1a: Dusknoir|[identify]\n|move|p2a: Torkoal|Rapid Spin|p1a: Dusknoir\n|-immune|p1a: Dusknoir\n|\n|-weather|SunnyDay|[upkeep]\n|upkeep\n|turn|3\n|\n|t:|1699815440\n|switch|p2a: Milotic|Milotic, M|100\/100\n|-activate|p2a: Milotic|move: Sticky Web\n|-unboost|p2a: Milotic|spe|1\n|move|p1a: Dusknoir|Poltergeist|p2a: Milotic\n|-activate|p2a: Milotic|move: Poltergeist|Flame Orb\n|-damage|p2a: Milotic|40\/100\n|\n|-weather|SunnyDay|[upkeep]\n|-status|p2a: Milotic|brn|[from] item: Flame Orb\n|upkeep\n|turn|4\n|\n|t:|1699815450\n|move|p2a: Milotic|Recover|p2a: Milotic\n|-heal|p2a: Milotic|90\/100 brn\n|move|p1a: Dusknoir|Poltergeist|p2a: Milotic\n|-activate|p2a: Milotic|move: Poltergeist|Flame Orb\n|-damage|p2a: Milotic|50\/100 brn\n|\n|-weather|SunnyDay|[upkeep]\n|-damage|p2a: Milotic|44\/100 brn|[from] brn\n|upkeep\n|turn|5\n|\n|t:|1699815458\n|switch|p1a: Eelektross|Eelektross, F|100\/100\n|move|p2a: Milotic|Recover|p2a: Milotic\n|-heal|p2a: Milotic|94\/100 brn\n|\n|-weather|SunnyDay|[upkeep]\n|-damage|p2a: Milotic|88\/100 brn|[from] brn\n|upkeep\n|turn|6\n|\n|t:|1699815470\n|switch|p2a: Sandy Shocks|Sandy Shocks|100\/100\n|-activate|p2a: Sandy Shocks|move: Sticky Web\n|-unboost|p2a: Sandy Shocks|spe|1\n|-activate|p2a: Sandy Shocks|ability: Protosynthesis\n|-start|p2a: Sandy Shocks|protosynthesisspa\n|move|p1a: Eelektross|Volt Switch|p2a: Sandy Shocks\n|-immune|p2a: Sandy Shocks\n|\n|-weather|SunnyDay|[upkeep]\n|upkeep\n|turn|7\n|\n|t:|1699815484\n|move|p2a: Sandy Shocks|Volt Switch|p1a: Eelektross\n|-resisted|p1a: Eelektross\n|-damage|p1a: Eelektross|86\/100\n|\n|t:|1699815495\n|-end|p2a: Sandy Shocks|Protosynthesis|[silent]\n|switch|p2a: Walking Wake|Walking Wake|100\/100|[from] Volt Switch\n|-activate|p2a: Walking Wake|move: Sticky Web\n|-unboost|p2a: Walking Wake|spe|1\n|-activate|p2a: Walking Wake|ability: Protosynthesis\n|-start|p2a: Walking Wake|protosynthesisspa\n|move|p1a: Eelektross|Giga Drain|p2a: Walking Wake\n|-crit|p2a: Walking Wake\n|-damage|p2a: Walking Wake|67\/100\n|-heal|p1a: Eelektross|100\/100|[from] drain|[of] p2a: Walking Wake\n|\n|-weather|SunnyDay|[upkeep]\n|upkeep\n|turn|8\n|\n|t:|1699815505\n|move|p2a: Walking Wake|Agility|p2a: Walking Wake\n|-boost|p2a: Walking Wake|spe|2\n|move|p1a: Eelektross|Knock Off|p2a: Walking Wake\n|-damage|p2a: Walking Wake|41\/100\n|-enditem|p2a: Walking Wake|Life Orb|[from] move: Knock Off|[of] p1a: Eelektross\n|\n|-weather|none\n|-end|p2a: Walking Wake|Protosynthesis\n|upkeep\n|turn|9\n|\n|t:|1699815516\n|move|p2a: Walking Wake|Hydro Steam|p1a: Eelektross\n|-damage|p1a: Eelektross|73\/100\n|move|p1a: Eelektross|Giga Drain|p2a: Walking Wake\n|-damage|p2a: Walking Wake|18\/100\n|-heal|p1a: Eelektross|83\/100|[from] drain|[of] p2a: Walking Wake\n|\n|upkeep\n|turn|10\n|-message|rnetagross forfeited.\n|\n|win|Vixen 4 Life\n|raw|Vixen 4 Life's rating: 1068 &rarr; <strong>1101<\/strong><br \/>(+33 for winning)\n|raw|rnetagross's rating: 1103 &rarr; <strong>1075<\/strong><br \/>(-28 for losing)\n|l|\u2606rnetagross\n","uploadtime":1699815535,"views":10,"p1id":"vixen4life","p2id":"rnetagross","formatid":"gen9ou","rating":1075,"private":0,"password":""}