{"id":"gen9ou-1990831509","p1":"Swizzlle","p2":"Rookie22","format":"[Gen 9] OU","log":"|j|\u203dSwizzlle\n|j|\u2606Rookie22\n|t:|1700005377\n|gametype|singles\n|player|p1|Swizzlle|ingo|1318\n|player|p2|Rookie22|iris-gen5bw2|1269\n|teamsize|p1|6\n|teamsize|p2|6\n|gen|9\n|tier|[Gen 9] OU\n|rated|\n|rule|Sleep Clause Mod: Limit one foe put to sleep\n|rule|Species Clause: Limit one of each Pok\u00e9mon\n|rule|OHKO Clause: OHKO moves are banned\n|rule|Evasion Items Clause: Evasion items are banned\n|rule|Evasion Moves Clause: Evasion moves are banned\n|rule|Endless Battle Clause: Forcing endless battles is banned\n|rule|HP Percentage Mod: HP is shown in percentages\n|clearpoke\n|poke|p1|Mudsdale, F|\n|poke|p1|Bellibolt, F|\n|poke|p1|Brambleghast, M|\n|poke|p1|Conkeldurr, F|\n|poke|p1|Umbreon, M|\n|poke|p1|Ursaring, M|\n|poke|p2|Dragapult, M|\n|poke|p2|Great Tusk|\n|poke|p2|Azumarill, M|\n|poke|p2|Kingambit, F|\n|poke|p2|Meowscarada, F|\n|poke|p2|Zapdos|\n|teampreview\n|inactive|Battle timer is ON: inactive players will automatically lose when time's up. (requested by Swizzlle)\n|\n|t:|1700005400\n|start\n|switch|p1a: Mudsdale|Mudsdale, F|100\/100\n|switch|p2a: Meowscarada|Meowscarada, F|100\/100\n|turn|1\n|\n|t:|1700005414\n|move|p2a: Meowscarada|Flower Trick|p1a: Mudsdale\n|-start|p2a: Meowscarada|typechange|Grass|[from] ability: Protean\n|-supereffective|p1a: Mudsdale\n|-crit|p1a: Mudsdale\n|-damage|p1a: Mudsdale|35\/100\n|-ability|p1a: Mudsdale|Stamina|boost\n|-boost|p1a: Mudsdale|def|1\n|move|p1a: Mudsdale|Stealth Rock|p2a: Meowscarada\n|-sidestart|p2: Rookie22|move: Stealth Rock\n|\n|-heal|p1a: Mudsdale|41\/100|[from] item: Leftovers\n|upkeep\n|turn|2\n|\n|t:|1700005426\n|switch|p1a: Umbreon|Umbreon, M|100\/100\n|move|p2a: Meowscarada|Knock Off|p1a: Umbreon\n|-resisted|p1a: Umbreon\n|-damage|p1a: Umbreon|91\/100\n|-enditem|p1a: Umbreon|Leftovers|[from] move: Knock Off|[of] p2a: Meowscarada\n|\n|upkeep\n|turn|3\n|\n|t:|1700005444\n|move|p2a: Meowscarada|U-turn|p1a: Umbreon\n|-supereffective|p1a: Umbreon\n|-damage|p1a: Umbreon|66\/100\n|\n|t:|1700005452\n|switch|p2a: Great Tusk|Great Tusk|100\/100|[from] U-turn\n|-damage|p2a: Great Tusk|97\/100|[from] Stealth Rock\n|move|p1a: Umbreon|Wish|p1a: Umbreon\n|\n|-heal|p2a: Great Tusk|100\/100|[from] item: Leftovers\n|upkeep\n|turn|4\n|\n|t:|1700005465\n|switch|p1a: Mudsdale|Mudsdale, F|41\/100\n|move|p2a: Great Tusk|Rapid Spin|p1a: Mudsdale\n|-damage|p1a: Mudsdale|29\/100\n|-boost|p2a: Great Tusk|spe|1\n|-ability|p1a: Mudsdale|Stamina|boost\n|-boost|p1a: Mudsdale|def|1\n|-sideend|p2: Rookie22|Stealth Rock|[from] move: Rapid Spin|[of] p2a: Great Tusk\n|\n|-heal|p1a: Mudsdale|78\/100|[from] move: Wish|[wisher] Umbreon\n|-heal|p1a: Mudsdale|84\/100|[from] item: Leftovers\n|upkeep\n|turn|5\n|inactive|Rookie22 has 120 seconds left.\n|\n|t:|1700005509\n|-end|p2a: Great Tusk|Protosynthesis|[silent]\n|switch|p2a: Azumarill|Azumarill, M|100\/100\n|move|p1a: Mudsdale|Body Press|p2a: Azumarill\n|-resisted|p2a: Azumarill\n|-damage|p2a: Azumarill|82\/100\n|\n|-heal|p1a: Mudsdale|90\/100|[from] item: Leftovers\n|upkeep\n|turn|6\n|inactive|Swizzlle has 120 seconds left.\n|inactive|Swizzlle has 90 seconds left.\n|\n|t:|1700005565\n|move|p2a: Azumarill|Belly Drum|p2a: Azumarill\n|-damage|p2a: Azumarill|32\/100\n|-setboost|p2a: Azumarill|atk|6|[from] move: Belly Drum\n|-enditem|p2a: Azumarill|Sitrus Berry|[eat]\n|-heal|p2a: Azumarill|57\/100|[from] item: Sitrus Berry\n|move|p1a: Mudsdale|Roar|p2a: Azumarill\n|drag|p2a: Zapdos|Zapdos|100\/100\n|\n|-heal|p1a: Mudsdale|97\/100|[from] item: Leftovers\n|upkeep\n|turn|7\n|inactive|Swizzlle has 90 seconds left.\n|\n|t:|1700005577\n|switch|p2a: Dragapult|Dragapult, M|100\/100\n|move|p1a: Mudsdale|Stealth Rock|p2a: Dragapult\n|-sidestart|p2: Rookie22|move: Stealth Rock\n|\n|-heal|p1a: Mudsdale|100\/100|[from] item: Leftovers\n|upkeep\n|turn|8\n|\n|t:|1700005586\n|switch|p1a: Ursaring|Ursaring, M|100\/100\n|move|p2a: Dragapult|Draco Meteor|p1a: Ursaring\n|-damage|p1a: Ursaring|54\/100\n|-unboost|p2a: Dragapult|spa|2\n|\n|upkeep\n|turn|9\n|inactive|Swizzlle has 90 seconds left.\n|\n|t:|1700005613\n|switch|p2a: Meowscarada|Meowscarada, F|100\/100\n|move|p1a: Ursaring|Bulk Up|p1a: Ursaring\n|-boost|p1a: Ursaring|atk|1\n|-boost|p1a: Ursaring|def|1\n|\n|upkeep\n|turn|10\n|\n|t:|1700005621\n|move|p2a: Meowscarada|Brick Break|p1a: Ursaring\n|-start|p2a: Meowscarada|typechange|Fighting|[from] ability: Protean\n|-supereffective|p1a: Ursaring\n|-crit|p1a: Ursaring\n|-damage|p1a: Ursaring|0 fnt\n|faint|p1a: Ursaring\n|\n|upkeep\n|inactive|Swizzlle has 60 seconds left.\n|\n|t:|1700005661\n|switch|p1a: Umbreon|Umbreon, M|66\/100\n|turn|11\n|\n|t:|1700005669\n|move|p2a: Meowscarada|U-turn|p1a: Umbreon\n|-supereffective|p1a: Umbreon\n|-crit|p1a: Umbreon\n|-damage|p1a: Umbreon|29\/100\n|\n|t:|1700005673\n|switch|p2a: Great Tusk|Great Tusk|100\/100|[from] U-turn\n|-damage|p2a: Great Tusk|97\/100|[from] Stealth Rock\n|move|p1a: Umbreon|Toxic|p2a: Great Tusk\n|-status|p2a: Great Tusk|tox\n|\n|-heal|p2a: Great Tusk|100\/100 tox|[from] item: Leftovers\n|-damage|p2a: Great Tusk|94\/100 tox|[from] psn\n|upkeep\n|turn|12\n|inactive|Swizzlle has 60 seconds left.\n|\n|t:|1700005702\n|move|p1a: Umbreon|Protect|p1a: Umbreon\n|-singleturn|p1a: Umbreon|Protect\n|move|p2a: Great Tusk|Stealth Rock|p1a: Umbreon\n|-sidestart|p1: Swizzlle|move: Stealth Rock\n|\n|-heal|p2a: Great Tusk|100\/100 tox|[from] item: Leftovers\n|-damage|p2a: Great Tusk|88\/100 tox|[from] psn\n|upkeep\n|turn|13\n|\n|t:|1700005710\n|move|p2a: Great Tusk|Rapid Spin|p1a: Umbreon\n|-damage|p1a: Umbreon|18\/100\n|-boost|p2a: Great Tusk|spe|1\n|-sideend|p2: Rookie22|Stealth Rock|[from] move: Rapid Spin|[of] p2a: Great Tusk\n|move|p1a: Umbreon|Wish|p1a: Umbreon\n|\n|-heal|p2a: Great Tusk|94\/100 tox|[from] item: Leftovers\n|-damage|p2a: Great Tusk|76\/100 tox|[from] psn\n|upkeep\n|turn|14\n|\n|t:|1700005720\n|move|p1a: Umbreon|Protect|p1a: Umbreon\n|-singleturn|p1a: Umbreon|Protect\n|move|p2a: Great Tusk|Earthquake|p1a: Umbreon\n|-activate|p1a: Umbreon|move: Protect\n|\n|-heal|p1a: Umbreon|68\/100|[from] move: Wish|[wisher] Umbreon\n|-heal|p2a: Great Tusk|82\/100 tox|[from] item: Leftovers\n|-damage|p2a: Great Tusk|58\/100 tox|[from] psn\n|upkeep\n|turn|15\n|inactive|Swizzlle has 60 seconds left.\n|\n|t:|1700005732\n|-end|p2a: Great Tusk|Protosynthesis|[silent]\n|switch|p2a: Azumarill|Azumarill, M|57\/100\n|switch|p1a: Mudsdale|Mudsdale, F|100\/100\n|-damage|p1a: Mudsdale|94\/100|[from] Stealth Rock\n|\n|-heal|p1a: Mudsdale|100\/100|[from] item: Leftovers\n|upkeep\n|turn|16\n|inactive|Swizzlle has 60 seconds left.\n|\n|t:|1700005741\n|move|p2a: Azumarill|Liquidation|p1a: Mudsdale\n|-supereffective|p1a: Mudsdale\n|-damage|p1a: Mudsdale|29\/100\n|-ability|p1a: Mudsdale|Stamina|boost\n|-boost|p1a: Mudsdale|def|1\n|move|p1a: Mudsdale|Earthquake|p2a: Azumarill\n|-damage|p2a: Azumarill|15\/100\n|\n|-heal|p1a: Mudsdale|35\/100|[from] item: Leftovers\n|upkeep\n|turn|17\n|inactive|Swizzlle has 60 seconds left.\n|\n|t:|1700005752\n|move|p2a: Azumarill|Liquidation|p1a: Mudsdale\n|-supereffective|p1a: Mudsdale\n|-damage|p1a: Mudsdale|0 fnt\n|faint|p1a: Mudsdale\n|\n|upkeep\n|inactive|Swizzlle has 60 seconds left.\n|\n|t:|1700005783\n|switch|p1a: Brambleghast|Brambleghast, M|100\/100\n|turn|18\n|\n|t:|1700005792\n|switch|p2a: Meowscarada|Meowscarada, F|100\/100\n|move|p1a: Brambleghast|Rapid Spin|p2a: Meowscarada\n|-damage|p2a: Meowscarada|75\/100\n|-boost|p1a: Brambleghast|spe|1\n|-sideend|p1: Swizzlle|Stealth Rock|[from] move: Rapid Spin|[of] p1a: Brambleghast\n|\n|upkeep\n|turn|19\n|\n|t:|1700005808\n|switch|p1a: Umbreon|Umbreon, M|68\/100\n|move|p2a: Meowscarada|Knock Off|p1a: Umbreon\n|-start|p2a: Meowscarada|typechange|Dark|[from] ability: Protean\n|-resisted|p1a: Umbreon\n|-damage|p1a: Umbreon|59\/100\n|\n|upkeep\n|turn|20\n|\n|t:|1700005818\n|move|p2a: Meowscarada|Brick Break|p1a: Umbreon\n|-supereffective|p1a: Umbreon\n|-damage|p1a: Umbreon|33\/100\n|move|p1a: Umbreon|Wish|p1a: Umbreon\n|\n|upkeep\n|turn|21\n|\n|t:|1700005832\n|switch|p2a: Kingambit|Kingambit, F|100\/100\n|move|p1a: Umbreon|Toxic|p2a: Kingambit\n|-immune|p2a: Kingambit\n|\n|-heal|p1a: Umbreon|83\/100|[from] move: Wish|[wisher] Umbreon\n|upkeep\n|turn|22\n|\n|t:|1700005843\n|switch|p1a: Conkeldurr|Conkeldurr, F|100\/100\n|move|p2a: Kingambit|Swords Dance|p2a: Kingambit\n|-boost|p2a: Kingambit|atk|2\n|\n|-status|p1a: Conkeldurr|brn|[from] item: Flame Orb\n|upkeep\n|turn|23\n|inactive|Swizzlle has 30 seconds left.\n|\n|t:|1700005864\n|-end|p2a: Kingambit|fallenundefined|[silent]\n|switch|p2a: Dragapult|Dragapult, M|100\/100\n|move|p1a: Conkeldurr|Close Combat|p2a: Dragapult\n|-immune|p2a: Dragapult\n|\n|-damage|p1a: Conkeldurr|94\/100 brn|[from] brn\n|upkeep\n|turn|24\n|\n|t:|1700005883\n|switch|p1a: Bellibolt|Bellibolt, F|100\/100\n|move|p2a: Dragapult|Shadow Ball|p1a: Bellibolt\n|-damage|p1a: Bellibolt|65\/100\n|-unboost|p1a: Bellibolt|spd|1\n|-start|p1a: Bellibolt|Charge|Shadow Ball|[from] ability: Electromorphosis\n|\n|-heal|p1a: Bellibolt|72\/100|[from] item: Leftovers\n|upkeep\n|turn|25\n|inactive|Swizzlle has 30 seconds left.\n|inactive|Swizzlle has 20 seconds left.\n|inactive|Swizzlle has 15 seconds left.\n|\n|t:|1700005917\n|switch|p2a: Great Tusk|Great Tusk|58\/100 tox\n|switch|p1a: Umbreon|Umbreon, M|83\/100\n|\n|-heal|p2a: Great Tusk|64\/100 tox|[from] item: Leftovers\n|-damage|p2a: Great Tusk|58\/100 tox|[from] psn\n|upkeep\n|turn|26\n|inactive|Swizzlle has 25 seconds left this turn.\n|inactive|Swizzlle has 20 seconds left.\n|inactive|Swizzlle has 15 seconds left.\n|\n|t:|1700005932\n|-end|p2a: Great Tusk|Protosynthesis|[silent]\n|switch|p2a: Kingambit|Kingambit, F|100\/100\n|-terastallize|p1a: Umbreon|Fairy\n|move|p1a: Umbreon|Wish|p1a: Umbreon\n|\n|upkeep\n|turn|27\n|inactive|Swizzlle has 25 seconds left this turn.\n|inactive|Swizzlle has 20 seconds left.\n|inactive|Swizzlle has 15 seconds left.\n|inactive|Swizzlle has 10 seconds left.\n|\n|t:|1700005948\n|switch|p1a: Conkeldurr|Conkeldurr, F|94\/100 brn\n|move|p2a: Kingambit|Iron Head|p1a: Conkeldurr\n|-damage|p1a: Conkeldurr|52\/100 brn\n|\n|-heal|p1a: Conkeldurr|99\/100 brn|[from] move: Wish|[wisher] Umbreon\n|-damage|p1a: Conkeldurr|94\/100 brn|[from] brn\n|upkeep\n|turn|28\n|inactive|Swizzlle has 20 seconds left this turn.\n|inactive|Swizzlle has 15 seconds left.\n|\n|t:|1700005958\n|-end|p2a: Kingambit|fallenundefined|[silent]\n|switch|p2a: Dragapult|Dragapult, M|100\/100\n|move|p1a: Conkeldurr|Knock Off|p2a: Dragapult\n|-supereffective|p2a: Dragapult\n|-damage|p2a: Dragapult|0 fnt\n|-enditem|p2a: Dragapult|Choice Specs|[from] move: Knock Off|[of] p1a: Conkeldurr\n|faint|p2a: Dragapult\n|\n|-damage|p1a: Conkeldurr|88\/100 brn|[from] brn\n|upkeep\n|inactive|Swizzlle has 20 seconds left this turn.\n|\n|t:|1700005967\n|switch|p2a: Zapdos|Zapdos|100\/100\n|turn|29\n|inactive|Swizzlle has 30 seconds left this turn.\n|\n|t:|1700005971\n|switch|p1a: Bellibolt|Bellibolt, F|72\/100\n|move|p2a: Zapdos|Hurricane|p1a: Bellibolt\n|-resisted|p1a: Bellibolt\n|-damage|p1a: Bellibolt|50\/100\n|-start|p1a: Bellibolt|Charge|Hurricane|[from] ability: Electromorphosis\n|\n|-heal|p1a: Bellibolt|57\/100|[from] item: Leftovers\n|upkeep\n|turn|30\n|\n|t:|1700005984\n|switch|p2a: Great Tusk|Great Tusk|58\/100 tox\n|move|p1a: Bellibolt|Slack Off|p1a: Bellibolt\n|-heal|p1a: Bellibolt|100\/100\n|\n|-heal|p2a: Great Tusk|64\/100 tox|[from] item: Leftovers\n|-damage|p2a: Great Tusk|58\/100 tox|[from] psn\n|upkeep\n|turn|31\n|inactive|Swizzlle has 30 seconds left.\n|\n|t:|1700006006\n|switch|p1a: Brambleghast|Brambleghast, M|100\/100\n|move|p2a: Great Tusk|Earthquake|p1a: Brambleghast\n|-resisted|p1a: Brambleghast\n|-damage|p1a: Brambleghast|45\/100\n|\n|-heal|p2a: Great Tusk|64\/100 tox|[from] item: Leftovers\n|-damage|p2a: Great Tusk|52\/100 tox|[from] psn\n|upkeep\n|turn|32\n|inactive|Swizzlle has 30 seconds left.\n|inactive|Swizzlle has 20 seconds left.\n|\n|t:|1700006022\n|move|p1a: Brambleghast|Power Whip|p2a: Great Tusk|[miss]\n|-miss|p1a: Brambleghast|p2a: Great Tusk\n|move|p2a: Great Tusk|Ice Spinner|p1a: Brambleghast\n|-supereffective|p1a: Brambleghast\n|-damage|p1a: Brambleghast|0 fnt\n|faint|p1a: Brambleghast\n|\n|-heal|p2a: Great Tusk|58\/100 tox|[from] item: Leftovers\n|-damage|p2a: Great Tusk|40\/100 tox|[from] psn\n|upkeep\n|inactive|Swizzlle has 25 seconds left this turn.\n|inactive|Swizzlle has 20 seconds left.\n|inactive|Swizzlle has 15 seconds left.\n|inactive|Swizzlle has 10 seconds left.\n|\n|t:|1700006040\n|switch|p1a: Umbreon|Umbreon, M, tera:Fairy|83\/100\n|turn|33\n|inactive|Swizzlle has 20 seconds left this turn.\n|\n|t:|1700006047\n|-end|p2a: Great Tusk|Protosynthesis|[silent]\n|switch|p2a: Kingambit|Kingambit, F|100\/100\n|-activate|p2a: Kingambit|ability: Supreme Overlord\n|-start|p2a: Kingambit|fallen1|[silent]\n|move|p1a: Umbreon|Wish|p1a: Umbreon\n|\n|upkeep\n|turn|34\n|inactive|Swizzlle has 30 seconds left this turn.\n|\n|t:|1700006055\n|switch|p1a: Conkeldurr|Conkeldurr, F|88\/100 brn\n|move|p2a: Kingambit|Iron Head|p1a: Conkeldurr\n|-damage|p1a: Conkeldurr|41\/100 brn\n|\n|-heal|p1a: Conkeldurr|89\/100 brn|[from] move: Wish|[wisher] Umbreon\n|-damage|p1a: Conkeldurr|83\/100 brn|[from] brn\n|upkeep\n|turn|35\n|inactive|Swizzlle has 30 seconds left.\n|inactive|Swizzlle has 20 seconds left.\n|\n|t:|1700006072\n|-terastallize|p2a: Kingambit|Flying\n|move|p2a: Kingambit|Swords Dance|p2a: Kingambit\n|-boost|p2a: Kingambit|atk|2\n|move|p1a: Conkeldurr|Facade|p2a: Kingambit\n|-damage|p2a: Kingambit|36\/100\n|-enditem|p2a: Kingambit|Sitrus Berry|[eat]\n|-heal|p2a: Kingambit|61\/100|[from] item: Sitrus Berry\n|\n|-damage|p1a: Conkeldurr|77\/100 brn|[from] brn\n|upkeep\n|turn|36\n|inactive|Swizzlle has 30 seconds left this turn.\n|inactive|Swizzlle has 20 seconds left.\n|\n|t:|1700006084\n|move|p2a: Kingambit|Iron Head|p1a: Conkeldurr\n|-damage|p1a: Conkeldurr|0 fnt\n|faint|p1a: Conkeldurr\n|\n|upkeep\n|inactive|Swizzlle has 25 seconds left this turn.\n|inactive|Swizzlle has 20 seconds left.\n|\n|t:|1700006089\n|switch|p1a: Umbreon|Umbreon, M, tera:Fairy|83\/100\n|turn|37\n|inactive|Swizzlle has 30 seconds left this turn.\n|\n|t:|1700006093\n|move|p1a: Umbreon|Foul Play|p2a: Kingambit\n|-damage|p2a: Kingambit|0 fnt\n|faint|p2a: Kingambit\n|-end|p2a: Kingambit|fallen1|[silent]\n|\n|upkeep\n|\n|t:|1700006100\n|switch|p2a: Zapdos|Zapdos|100\/100\n|turn|38\n|\n|t:|1700006105\n|move|p2a: Zapdos|Thunderbolt|p1a: Umbreon\n|-damage|p1a: Umbreon|45\/100\n|move|p1a: Umbreon|Toxic|p2a: Zapdos\n|-status|p2a: Zapdos|tox\n|\n|-damage|p2a: Zapdos|94\/100 tox|[from] psn\n|upkeep\n|turn|39\n|\n|t:|1700006114\n|move|p2a: Zapdos|Thunderbolt|p1a: Umbreon\n|-damage|p1a: Umbreon|9\/100\n|move|p1a: Umbreon|Wish|p1a: Umbreon\n|\n|-damage|p2a: Zapdos|82\/100 tox|[from] psn\n|upkeep\n|turn|40\n|\n|t:|1700006121\n|move|p1a: Umbreon|Protect|p1a: Umbreon\n|-singleturn|p1a: Umbreon|Protect\n|move|p2a: Zapdos|Roost|p2a: Zapdos\n|-heal|p2a: Zapdos|100\/100 tox\n|-singleturn|p2a: Zapdos|move: Roost\n|\n|-heal|p1a: Umbreon|59\/100|[from] move: Wish|[wisher] Umbreon\n|-damage|p2a: Zapdos|82\/100 tox|[from] psn\n|upkeep\n|turn|41\n|inactive|Swizzlle has 60 seconds left.\n|\n|t:|1700006133\n|move|p2a: Zapdos|Thunderbolt|p1a: Umbreon\n|-damage|p1a: Umbreon|22\/100\n|move|p1a: Umbreon|Wish|p1a: Umbreon\n|\n|-damage|p2a: Zapdos|57\/100 tox|[from] psn\n|upkeep\n|turn|42\n|inactive|Swizzlle has 60 seconds left.\n|\n|t:|1700006144\n|switch|p2a: Meowscarada|Meowscarada, F|75\/100\n|move|p1a: Umbreon|Protect||[still]\n|-fail|p1a: Umbreon\n|\n|-heal|p1a: Umbreon|72\/100|[from] move: Wish|[wisher] Umbreon\n|upkeep\n|turn|43\n|inactive|Swizzlle has 60 seconds left.\n|\n|t:|1700006154\n|switch|p1a: Bellibolt|Bellibolt, F|100\/100\n|move|p2a: Meowscarada|Flower Trick|p1a: Bellibolt\n|-start|p2a: Meowscarada|typechange|Grass|[from] ability: Protean\n|-crit|p1a: Bellibolt\n|-damage|p1a: Bellibolt|56\/100\n|-start|p1a: Bellibolt|Charge|Flower Trick|[from] ability: Electromorphosis\n|\n|-heal|p1a: Bellibolt|63\/100|[from] item: Leftovers\n|upkeep\n|turn|44\n|inactive|Swizzlle has 60 seconds left.\n|\n|t:|1700006166\n|move|p2a: Meowscarada|U-turn|p1a: Bellibolt\n|-damage|p1a: Bellibolt|44\/100\n|-start|p1a: Bellibolt|Charge|U-turn|[from] ability: Electromorphosis\n|\n|t:|1700006170\n|switch|p2a: Great Tusk|Great Tusk|40\/100 tox|[from] U-turn\n|move|p1a: Bellibolt|Tera Blast|p2a: Great Tusk\n|-damage|p2a: Great Tusk|13\/100 tox\n|\n|-heal|p2a: Great Tusk|19\/100 tox|[from] item: Leftovers\n|-heal|p1a: Bellibolt|50\/100|[from] item: Leftovers\n|-damage|p2a: Great Tusk|13\/100 tox|[from] psn\n|upkeep\n|turn|45\n|inactive|Swizzlle has 60 seconds left.\n|\n|t:|1700006198\n|move|p2a: Great Tusk|Earthquake|p1a: Bellibolt\n|-supereffective|p1a: Bellibolt\n|-damage|p1a: Bellibolt|0 fnt\n|faint|p1a: Bellibolt\n|\n|-heal|p2a: Great Tusk|19\/100 tox|[from] item: Leftovers\n|-damage|p2a: Great Tusk|7\/100 tox|[from] psn\n|upkeep\n|\n|t:|1700006206\n|switch|p1a: Umbreon|Umbreon, M, tera:Fairy|72\/100\n|turn|46\n|\n|t:|1700006218\n|move|p2a: Great Tusk|Earthquake|p1a: Umbreon\n|-damage|p1a: Umbreon|36\/100\n|move|p1a: Umbreon|Wish|p1a: Umbreon\n|\n|-heal|p2a: Great Tusk|13\/100 tox|[from] item: Leftovers\n|-damage|p2a: Great Tusk|0 fnt|[from] psn\n|faint|p2a: Great Tusk\n|-end|p2a: Great Tusk|Protosynthesis|[silent]\n|upkeep\n|\n|t:|1700006226\n|switch|p2a: Meowscarada|Meowscarada, F|75\/100\n|turn|47\n|\n|t:|1700006235\n|move|p1a: Umbreon|Protect|p1a: Umbreon\n|-singleturn|p1a: Umbreon|Protect\n|move|p2a: Meowscarada|Flower Trick|p1a: Umbreon\n|-start|p2a: Meowscarada|typechange|Grass|[from] ability: Protean\n|-activate|p1a: Umbreon|move: Protect\n|\n|-heal|p1a: Umbreon|86\/100|[from] move: Wish|[wisher] Umbreon\n|upkeep\n|turn|48\n|inactive|Swizzlle has 60 seconds left.\n|\n|t:|1700006257\n|move|p2a: Meowscarada|Flower Trick|p1a: Umbreon\n|-crit|p1a: Umbreon\n|-damage|p1a: Umbreon|57\/100\n|move|p1a: Umbreon|Wish|p1a: Umbreon\n|\n|upkeep\n|turn|49\n|n|\u2606Swizzlle|swizzlle\n|inactive|Rookie22 has 120 seconds left.\n|\n|t:|1700006293\n|move|p2a: Meowscarada|Flower Trick|p1a: Umbreon\n|-crit|p1a: Umbreon\n|-damage|p1a: Umbreon|30\/100\n|move|p1a: Umbreon|Foul Play|p2a: Meowscarada\n|-damage|p2a: Meowscarada|2\/100\n|\n|-heal|p1a: Umbreon|80\/100|[from] move: Wish|[wisher] Umbreon\n|upkeep\n|turn|50\n|inactive|Rookie22 has 120 seconds left.\n|inactive|Swizzlle has 60 seconds left.\n|\n|t:|1700006312\n|move|p2a: Meowscarada|U-turn|p1a: Umbreon\n|-resisted|p1a: Umbreon\n|-crit|p1a: Umbreon\n|-damage|p1a: Umbreon|70\/100\n|\n|t:|1700006316\n|switch|p2a: Azumarill|Azumarill, M|15\/100|[from] U-turn\n|move|p1a: Umbreon|Wish|p1a: Umbreon\n|\n|upkeep\n|turn|51\n|inactive|Swizzlle has 60 seconds left.\n|\n|t:|1700006337\n|move|p1a: Umbreon|Foul Play|p2a: Azumarill\n|-resisted|p2a: Azumarill\n|-damage|p2a: Azumarill|0 fnt\n|faint|p2a: Azumarill\n|\n|-heal|p1a: Umbreon|100\/100|[from] move: Wish|[wisher] Umbreon\n|upkeep\n|\n|t:|1700006344\n|switch|p2a: Zapdos|Zapdos|57\/100 tox\n|turn|52\n|\n|t:|1700006349\n|move|p2a: Zapdos|Roost|p2a: Zapdos\n|-heal|p2a: Zapdos|100\/100 tox\n|-singleturn|p2a: Zapdos|move: Roost\n|move|p1a: Umbreon|Wish|p1a: Umbreon\n|\n|-damage|p2a: Zapdos|94\/100 tox|[from] psn\n|upkeep\n|turn|53\n|\n|t:|1700006358\n|move|p2a: Zapdos|Hurricane|p1a: Umbreon\n|-damage|p1a: Umbreon|58\/100\n|move|p1a: Umbreon|Foul Play|p2a: Zapdos\n|-damage|p2a: Zapdos|64\/100 tox\n|\n|-heal|p1a: Umbreon|100\/100|[from] move: Wish|[wisher] Umbreon\n|-damage|p2a: Zapdos|52\/100 tox|[from] psn\n|upkeep\n|turn|54\n|\n|t:|1700006374\n|move|p2a: Zapdos|Roost|p2a: Zapdos\n|-heal|p2a: Zapdos|100\/100 tox\n|-singleturn|p2a: Zapdos|move: Roost\n|move|p1a: Umbreon|Foul Play||[still]\n|-damage|p2a: Zapdos|74\/100 tox\n|-status|p1a: Umbreon|par|[from] ability: Static|[of] p2a: Zapdos\n|-activate|p1a: Umbreon|ability: Synchronize\n|-fail|p1a: Umbreon\n|\n|-damage|p2a: Zapdos|55\/100 tox|[from] psn\n|upkeep\n|turn|55\n|\n|t:|1700006389\n|switch|p2a: Meowscarada|Meowscarada, F|2\/100\n|move|p1a: Umbreon|Wish|p1a: Umbreon\n|\n|upkeep\n|turn|56\n|\n|t:|1700006397\n|move|p2a: Meowscarada|Flower Trick|p1a: Umbreon\n|-start|p2a: Meowscarada|typechange|Grass|[from] ability: Protean\n|-crit|p1a: Umbreon\n|-damage|p1a: Umbreon|69\/100 par\n|move|p1a: Umbreon|Foul Play|p2a: Meowscarada\n|-damage|p2a: Meowscarada|0 fnt\n|faint|p2a: Meowscarada\n|\n|-heal|p1a: Umbreon|100\/100 par|[from] move: Wish|[wisher] Umbreon\n|upkeep\n|\n|t:|1700006410\n|switch|p2a: Zapdos|Zapdos|55\/100 tox\n|turn|57\n|inactive|Swizzlle has 90 seconds left.\n|inactive|Swizzlle has 60 seconds left.\n|\n|t:|1700006467\n|move|p2a: Zapdos|Thunderbolt|p1a: Umbreon\n|-damage|p1a: Umbreon|66\/100 par\n|move|p1a: Umbreon|Foul Play|p2a: Zapdos\n|-damage|p2a: Zapdos|26\/100 tox\n|\n|-damage|p2a: Zapdos|20\/100 tox|[from] psn\n|upkeep\n|turn|58\n|\n|t:|1700006477\n|move|p2a: Zapdos|Roost|p2a: Zapdos\n|-heal|p2a: Zapdos|70\/100 tox\n|-singleturn|p2a: Zapdos|move: Roost\n|move|p1a: Umbreon|Wish|p1a: Umbreon\n|\n|-damage|p2a: Zapdos|58\/100 tox|[from] psn\n|upkeep\n|turn|59\n|\n|t:|1700006486\n|move|p2a: Zapdos|Thunderbolt|p1a: Umbreon\n|-damage|p1a: Umbreon|31\/100 par\n|move|p1a: Umbreon|Foul Play|p2a: Zapdos\n|-damage|p2a: Zapdos|31\/100 tox\n|\n|-heal|p1a: Umbreon|81\/100 par|[from] move: Wish|[wisher] Umbreon\n|-damage|p2a: Zapdos|12\/100 tox|[from] psn\n|upkeep\n|turn|60\n|\n|t:|1700006497\n|move|p2a: Zapdos|Roost|p2a: Zapdos\n|-heal|p2a: Zapdos|62\/100 tox\n|-singleturn|p2a: Zapdos|move: Roost\n|move|p1a: Umbreon|Foul Play|p2a: Zapdos\n|-damage|p2a: Zapdos|31\/100 tox\n|\n|-damage|p2a: Zapdos|6\/100 tox|[from] psn\n|upkeep\n|turn|61\n|\n|t:|1700006510\n|move|p2a: Zapdos|Roost|p2a: Zapdos\n|-heal|p2a: Zapdos|57\/100 tox\n|-singleturn|p2a: Zapdos|move: Roost\n|cant|p1a: Umbreon|par\n|\n|-damage|p2a: Zapdos|25\/100 tox|[from] psn\n|upkeep\n|turn|62\n|\n|t:|1700006521\n|move|p1a: Umbreon|Protect|p1a: Umbreon\n|-singleturn|p1a: Umbreon|Protect\n|move|p2a: Zapdos|Roost|p2a: Zapdos\n|-heal|p2a: Zapdos|76\/100 tox\n|-singleturn|p2a: Zapdos|move: Roost\n|\n|-damage|p2a: Zapdos|38\/100 tox|[from] psn\n|upkeep\n|turn|63\n|\n|t:|1700006530\n|move|p2a: Zapdos|Thunderbolt|p1a: Umbreon\n|-damage|p1a: Umbreon|44\/100 par\n|move|p1a: Umbreon|Foul Play|p2a: Zapdos\n|-crit|p2a: Zapdos\n|-damage|p2a: Zapdos|0 fnt\n|faint|p2a: Zapdos\n|\n|win|Swizzlle\n|raw|Swizzlle's rating: 1318 &rarr; <strong>1335<\/strong><br \/>(+17 for winning)\n|raw|Rookie22's rating: 1269 &rarr; <strong>1248<\/strong><br \/>(-21 for losing)\n|c|\u2606Swizzlle|gg\n|c|\u2606Rookie22|shalme\n|l|\u2606Rookie22\n","uploadtime":1700006546,"views":17,"p1id":"swizzlle","p2id":"rookie22","formatid":"gen9ou","rating":1248,"private":0,"password":""}