{"id":"gen9ou-1997877075","p1":"blipan","p2":"q2wegn","format":"[Gen 9] OU","log":"|j|\u2606blipan\n|j|\u2606q2wegn\n|t:|1700862656\n|gametype|singles\n|player|p1|blipan|102|1064\n|player|p2|q2wegn|2|1087\n|teamsize|p1|6\n|teamsize|p2|6\n|gen|9\n|tier|[Gen 9] OU\n|rated|\n|rule|Sleep Clause Mod: Limit one foe put to sleep\n|rule|Species Clause: Limit one of each Pok\u00e9mon\n|rule|OHKO Clause: OHKO moves are banned\n|rule|Evasion Items Clause: Evasion items are banned\n|rule|Evasion Moves Clause: Evasion moves are banned\n|rule|Endless Battle Clause: Forcing endless battles is banned\n|rule|HP Percentage Mod: HP is shown in percentages\n|clearpoke\n|poke|p1|Cinderace, F|\n|poke|p1|Alomomola, F|\n|poke|p1|Slowking-Galar, F|\n|poke|p1|Kingambit, M|\n|poke|p1|Thundurus-Therian, M|\n|poke|p1|Great Tusk|\n|poke|p2|Grimmsnarl, M|\n|poke|p2|Greninja-*, M|\n|poke|p2|Corviknight, F|\n|poke|p2|Iron Valiant|\n|poke|p2|Pincurchin, M|\n|poke|p2|Garchomp, M|\n|teampreview\n|inactive|Battle timer is ON: inactive players will automatically lose when time's up. (requested by q2wegn)\n|\n|t:|1700862670\n|start\n|switch|p1a: Thundurus|Thundurus-Therian, M|100\/100\n|switch|p2a: Pincurchin|Pincurchin, M|100\/100\n|-fieldstart|move: Electric Terrain|[from] ability: Electric Surge|[of] p2a: Pincurchin\n|turn|1\n|\n|t:|1700862693\n|move|p1a: Thundurus|Grass Knot|p2a: Pincurchin\n|-damage|p2a: Pincurchin|77\/100\n|-enditem|p2a: Pincurchin|Eject Button\n|\n|t:|1700862698\n|switch|p2a: Iron Valiant|Iron Valiant|100\/100\n|-activate|p2a: Iron Valiant|ability: Quark Drive\n|-start|p2a: Iron Valiant|quarkdrivespe\n|\n|upkeep\n|turn|2\n|\n|t:|1700862705\n|switch|p1a: Slowking|Slowking-Galar, F|100\/100\n|-terastallize|p2a: Iron Valiant|Steel\n|move|p2a: Iron Valiant|Swords Dance|p2a: Iron Valiant\n|-boost|p2a: Iron Valiant|atk|2\n|\n|upkeep\n|turn|3\n|\n|t:|1700862715\n|-terastallize|p1a: Slowking|Water\n|move|p2a: Iron Valiant|Knock Off|p1a: Slowking\n|-damage|p1a: Slowking|5\/100\n|-enditem|p1a: Slowking|Assault Vest|[from] move: Knock Off|[of] p2a: Iron Valiant\n|-damage|p2a: Iron Valiant|90\/100|[from] item: Life Orb\n|move|p1a: Slowking|Fire Blast|p2a: Iron Valiant\n|-supereffective|p2a: Iron Valiant\n|-damage|p2a: Iron Valiant|0 fnt\n|faint|p2a: Iron Valiant\n|-end|p2a: Iron Valiant|Quark Drive|[silent]\n|\n|upkeep\n|\n|t:|1700862727\n|switch|p2a: Garchomp|Garchomp, M|100\/100\n|turn|4\n|\n|t:|1700862731\n|switch|p1a: Alomomola|Alomomola, F|100\/100\n|move|p2a: Garchomp|Swords Dance|p2a: Garchomp\n|-boost|p2a: Garchomp|atk|2\n|\n|upkeep\n|turn|5\n|\n|t:|1700862740\n|move|p2a: Garchomp|Scale Shot|p1a: Alomomola\n|-damage|p1a: Alomomola|86\/100\n|-damage|p1a: Alomomola|71\/100\n|-damage|p1a: Alomomola|58\/100\n|-damage|p1a: Alomomola|43\/100\n|-damage|p1a: Alomomola|28\/100\n|-hitcount|p1a: Alomomola|5\n|-unboost|p2a: Garchomp|def|1\n|-boost|p2a: Garchomp|spe|1\n|move|p1a: Alomomola|Scald|p2a: Garchomp\n|-damage|p2a: Garchomp|86\/100\n|\n|-fieldend|move: Electric Terrain\n|upkeep\n|turn|6\n|\n|t:|1700862755\n|move|p2a: Garchomp|Scale Shot|p1a: Alomomola\n|-damage|p1a: Alomomola|14\/100\n|-damage|p1a: Alomomola|0 fnt\n|faint|p1a: Alomomola\n|-hitcount|p1: Alomomola|2\n|-unboost|p2a: Garchomp|def|1\n|-boost|p2a: Garchomp|spe|1\n|\n|upkeep\n|\n|t:|1700862772\n|switch|p1a: Great Tusk|Great Tusk|100\/100\n|turn|7\n|\n|t:|1700862788\n|move|p2a: Garchomp|Scale Shot|p1a: Great Tusk\n|-damage|p1a: Great Tusk|88\/100\n|-damage|p1a: Great Tusk|75\/100\n|-damage|p1a: Great Tusk|62\/100\n|-damage|p1a: Great Tusk|49\/100\n|-hitcount|p1a: Great Tusk|4\n|-unboost|p2a: Garchomp|def|1\n|-boost|p2a: Garchomp|spe|1\n|move|p1a: Great Tusk|Earthquake|p2a: Garchomp\n|-damage|p2a: Garchomp|0 fnt\n|faint|p2a: Garchomp\n|\n|upkeep\n|\n|t:|1700862802\n|switch|p2a: Greninja|Greninja, M|100\/100\n|turn|8\n|\n|t:|1700862812\n|move|p2a: Greninja|Water Shuriken|p1a: Great Tusk\n|-supereffective|p1a: Great Tusk\n|-damage|p1a: Great Tusk|29\/100\n|-supereffective|p1a: Great Tusk\n|-damage|p1a: Great Tusk|11\/100\n|-supereffective|p1a: Great Tusk\n|-damage|p1a: Great Tusk|0 fnt\n|faint|p1a: Great Tusk\n|-end|p1a: Great Tusk|Protosynthesis|[silent]\n|-ability|p2a: Greninja|Battle Bond|boost\n|-boost|p2a: Greninja|atk|1\n|-boost|p2a: Greninja|spa|1\n|-boost|p2a: Greninja|spe|1\n|-activate|p2a: Greninja|ability: Battle Bond\n|-hitcount|p1: Great Tusk|3\n|\n|upkeep\n|\n|t:|1700862816\n|switch|p1a: Thundurus|Thundurus-Therian, M|100\/100\n|turn|9\n|\n|t:|1700862831\n|move|p2a: Greninja|Ice Beam|p1a: Thundurus\n|-supereffective|p1a: Thundurus\n|-damage|p1a: Thundurus|0 fnt\n|faint|p1a: Thundurus\n|\n|upkeep\n|\n|t:|1700862835\n|switch|p1a: Cinderace|Cinderace, F|100\/100\n|turn|10\n|\n|t:|1700862839\n|move|p2a: Greninja|Water Shuriken|p1a: Cinderace\n|-supereffective|p1a: Cinderace\n|-damage|p1a: Cinderace|75\/100\n|-supereffective|p1a: Cinderace\n|-damage|p1a: Cinderace|50\/100\n|-hitcount|p1a: Cinderace|2\n|move|p1a: Cinderace|U-turn|p2a: Greninja\n|-supereffective|p2a: Greninja\n|-damage|p2a: Greninja|38\/100\n|-enditem|p2a: Greninja|Weakness Policy\n|-boost|p2a: Greninja|atk|2|[from] item: Weakness Policy\n|-boost|p2a: Greninja|spa|2|[from] item: Weakness Policy\n|\n|t:|1700862841\n|switch|p1a: Slowking|Slowking-Galar, F, tera:Water|38\/100|[from] U-turn\n|\n|upkeep\n|turn|11\n|c|\u2606q2wegn|Bye bye\n|\n|t:|1700862860\n|move|p2a: Greninja|Dark Pulse|p1a: Slowking\n|-damage|p1a: Slowking|0 fnt\n|faint|p1a: Slowking\n|\n|upkeep\n|\n|t:|1700862867\n|switch|p1a: Cinderace|Cinderace, F|50\/100\n|turn|12\n|\n|t:|1700862870\n|move|p2a: Greninja|Water Shuriken|p1a: Cinderace\n|-supereffective|p1a: Cinderace\n|-damage|p1a: Cinderace|6\/100\n|-supereffective|p1a: Cinderace\n|-damage|p1a: Cinderace|0 fnt\n|faint|p1a: Cinderace\n|-hitcount|p1: Cinderace|2\n|\n|upkeep\n|\n|t:|1700862872\n|switch|p1a: Kingambit|Kingambit, M|100\/100\n|-activate|p1a: Kingambit|ability: Supreme Overlord\n|-start|p1a: Kingambit|fallen5|[silent]\n|turn|13\n|\n|t:|1700862882\n|move|p1a: Kingambit|Sucker Punch|p2a: Greninja\n|-resisted|p2a: Greninja\n|-damage|p2a: Greninja|0 fnt\n|faint|p2a: Greninja\n|\n|upkeep\n|\n|t:|1700862889\n|switch|p2a: Grimmsnarl|Grimmsnarl, M|100\/100\n|turn|14\n|\n|t:|1700862893\n|move|p2a: Grimmsnarl|Parting Shot|p1a: Kingambit\n|-hint|Since gen 7, Dark is immune to Prankster moves.\n|-immune|p1a: Kingambit\n|move|p1a: Kingambit|Swords Dance|p1a: Kingambit\n|-boost|p1a: Kingambit|atk|2\n|\n|upkeep\n|turn|15\n|\n|t:|1700862900\n|switch|p2a: Pincurchin|Pincurchin, M|77\/100\n|-fieldstart|move: Electric Terrain|[from] ability: Electric Surge|[of] p2a: Pincurchin\n|move|p1a: Kingambit|Swords Dance|p1a: Kingambit\n|-boost|p1a: Kingambit|atk|2\n|\n|upkeep\n|turn|16\n|\n|t:|1700862909\n|move|p1a: Kingambit|Kowtow Cleave|p2a: Pincurchin\n|-damage|p2a: Pincurchin|0 fnt\n|faint|p2a: Pincurchin\n|\n|upkeep\n|\n|t:|1700862915\n|switch|p2a: Corviknight|Corviknight, F|100\/100\n|turn|17\n|c|\u2606q2wegn|Nut gud\n|\n|t:|1700862936\n|move|p2a: Corviknight|Brave Bird|p1a: Kingambit\n|-resisted|p1a: Kingambit\n|-damage|p1a: Kingambit|83\/100\n|-damage|p2a: Corviknight|94\/100|[from] Recoil\n|move|p1a: Kingambit|Kowtow Cleave|p2a: Corviknight\n|-damage|p2a: Corviknight|0 fnt\n|faint|p2a: Corviknight\n|\n|-heal|p1a: Kingambit|89\/100|[from] item: Leftovers\n|upkeep\n|\n|t:|1700862947\n|switch|p2a: Grimmsnarl|Grimmsnarl, M|100\/100\n|turn|18\n|\n|t:|1700862956\n|move|p2a: Grimmsnarl|Reflect|p2a: Grimmsnarl\n|-sidestart|p2: q2wegn|Reflect\n|move|p1a: Kingambit|Iron Head|p2a: Grimmsnarl\n|-supereffective|p2a: Grimmsnarl\n|-damage|p2a: Grimmsnarl|0 fnt\n|faint|p2a: Grimmsnarl\n|\n|win|blipan\n|raw|blipan's rating: 1064 &rarr; <strong>1096<\/strong><br \/>(+32 for winning)\n|raw|q2wegn's rating: 1087 &rarr; <strong>1062<\/strong><br \/>(-25 for losing)\n|c|\u2606q2wegn|Gg\n|l|\u2606blipan\n","uploadtime":1700862975,"views":2,"p1id":"blipan","p2id":"q2wegn","formatid":"gen9ou","rating":1062,"private":0,"password":""}