{"id":"gen9ou-1990195513","p1":"Skaraptor2.1","p2":"Sykrae","format":"[Gen 9] OU","log":"|j|\u2606Skaraptor2.1\n|j|\u2606Sykrae\n|t:|1699935723\n|gametype|singles\n|player|p1|Skaraptor2.1|emma|1252\n|player|p2|Sykrae|hilbert-wonderlauncher|1172\n|teamsize|p1|6\n|teamsize|p2|6\n|gen|9\n|tier|[Gen 9] OU\n|rated|\n|rule|Sleep Clause Mod: Limit one foe put to sleep\n|rule|Species Clause: Limit one of each Pok\u00e9mon\n|rule|OHKO Clause: OHKO moves are banned\n|rule|Evasion Items Clause: Evasion items are banned\n|rule|Evasion Moves Clause: Evasion moves are banned\n|rule|Endless Battle Clause: Forcing endless battles is banned\n|rule|HP Percentage Mod: HP is shown in percentages\n|clearpoke\n|poke|p1|Ribombee, M|\n|poke|p1|Ogerpon-Wellspring, F|\n|poke|p1|Iron Moth|\n|poke|p1|Zamazenta-*|\n|poke|p1|Iron Valiant|\n|poke|p1|Maushold|\n|poke|p2|Infernape, M|\n|poke|p2|Empoleon, M|\n|poke|p2|Cinderace, F|\n|poke|p2|Inteleon, M|\n|poke|p2|Meowscarada, F|\n|poke|p2|Quaquaval, M|\n|teampreview\n|inactive|Battle timer is ON: inactive players will automatically lose when time's up. (requested by Sykrae)\n|inactive|Skaraptor2.1 also wants the timer to be on.\n|c|\u2606Skaraptor2.1|Oh god the furry squad pulled up\n|\n|t:|1699935738\n|start\n|switch|p1a: Twink|Ribombee, M|100\/100\n|switch|p2a: Austin|Quaquaval, M|100\/100\n|turn|1\n|c|\u2606Sykrae|lmaooooo\n|\n|t:|1699935753\n|move|p1a: Twink|Stun Spore|p2a: Austin\n|-status|p2a: Austin|par\n|-enditem|p2a: Austin|Lum Berry|[eat]\n|-curestatus|p2a: Austin|par|[msg]\n|move|p2a: Austin|Aqua Step|p1a: Twink\n|-crit|p1a: Twink\n|-damage|p1a: Twink|5\/100\n|-boost|p2a: Austin|spe|1\n|\n|upkeep\n|turn|2\n|c|\u2606Sykrae|TWINK\n|c|\u2606Sykrae|LMAO\n|\n|t:|1699935774\n|switch|p1a: Transfem|Ogerpon-Wellspring, F|100\/100\n|move|p2a: Austin|Aqua Step|p1a: Transfem\n|-immune|p1a: Transfem|[from] ability: Water Absorb\n|\n|upkeep\n|turn|3\n|\n|t:|1699935779\n|move|p2a: Austin|Brave Bird|p1a: Transfem\n|-supereffective|p1a: Transfem\n|-damage|p1a: Transfem|0 fnt\n|faint|p1a: Transfem\n|-ability|p2a: Austin|Moxie|boost\n|-boost|p2a: Austin|atk|1\n|-damage|p2a: Austin|69\/100|[from] Recoil\n|\n|upkeep\n|\n|t:|1699935786\n|switch|p1a: Bigender|Iron Valiant|100\/100\n|-enditem|p1a: Bigender|Booster Energy\n|-activate|p1a: Bigender|ability: Quark Drive|[fromitem]\n|-start|p1a: Bigender|quarkdrivespe\n|turn|4\n|\n|t:|1699935791\n|move|p1a: Bigender|Destiny Bond|p1a: Bigender\n|-singlemove|p1a: Bigender|Destiny Bond\n|move|p2a: Austin|Brave Bird|p1a: Bigender\n|-supereffective|p1a: Bigender\n|-damage|p1a: Bigender|0 fnt\n|faint|p1a: Bigender\n|-activate|p1a: Bigender|move: Destiny Bond\n|-end|p1a: Bigender|Quark Drive|[silent]\n|faint|p2a: Austin\n|\n|upkeep\n|c|\u2606Sykrae|no....\n|c|\u2606Sykrae|this is betrayel\n|c|\u2606Sykrae|you suicide pacted me\n|c|\u2606Sykrae|without permission\n|\n|t:|1699935811\n|switch|p1a: Solar Panels|Iron Moth|100\/100\n|switch|p2a: Greg|Infernape, M|100\/100\n|-enditem|p1a: Solar Panels|Booster Energy\n|-activate|p1a: Solar Panels|ability: Quark Drive|[fromitem]\n|-start|p1a: Solar Panels|quarkdrivespe\n|turn|5\n|c|\u2606Skaraptor2.1|Suicide pact?\n|\n|t:|1699935822\n|move|p1a: Solar Panels|Psychic|p2a: Greg\n|-supereffective|p2a: Greg\n|-damage|p2a: Greg|0 fnt\n|faint|p2a: Greg\n|\n|upkeep\n|\n|t:|1699935825\n|switch|p2a: Parker|Empoleon, M|100\/100\n|turn|6\n|\n|t:|1699935827\n|move|p1a: Solar Panels|Fiery Dance|p2a: Parker\n|-damage|p2a: Parker|66\/100\n|move|p2a: Parker|Surf|p1a: Solar Panels\n|-supereffective|p1a: Solar Panels\n|-damage|p1a: Solar Panels|0 fnt\n|faint|p1a: Solar Panels\n|-end|p1a: Solar Panels|Quark Drive|[silent]\n|\n|upkeep\n|\n|t:|1699935835\n|switch|p1a: Twink|Ribombee, M|5\/100\n|turn|7\n|\n|t:|1699935838\n|move|p1a: Twink|Sticky Web|p2a: Parker\n|-sidestart|p2: Sykrae|move: Sticky Web\n|move|p2a: Parker|Surf|p1a: Twink\n|-damage|p1a: Twink|0 fnt\n|faint|p1a: Twink\n|\n|upkeep\n|\n|t:|1699935845\n|switch|p1a: Defender of Trans|Zamazenta, shiny|100\/100\n|-ability|p1a: Defender of Trans|Dauntless Shield|boost\n|-boost|p1a: Defender of Trans|def|1\n|turn|8\n|\n|t:|1699935847\n|switch|p2a: Carrots|Cinderace, F|100\/100\n|move|p1a: Defender of Trans|Iron Defense|p1a: Defender of Trans\n|-boost|p1a: Defender of Trans|def|2\n|\n|upkeep\n|turn|9\n|\n|t:|1699935853\n|-terastallize|p1a: Defender of Trans|Fire\n|move|p2a: Carrots|Court Change|p2a: Carrots\n|-start|p2a: Carrots|typechange|Normal|[from] ability: Libero\n|-swapsideconditions\n|-activate|p2a: Carrots|move: Court Change\n|move|p1a: Defender of Trans|Iron Defense|p1a: Defender of Trans\n|-boost|p1a: Defender of Trans|def|2\n|\n|upkeep\n|turn|10\n|c|\u2606Sykrae|you can have it\n|\n|t:|1699935861\n|move|p2a: Carrots|Gunk Shot|p1a: Defender of Trans\n|-damage|p1a: Defender of Trans|93\/100\n|move|p1a: Defender of Trans|Body Press|p2a: Carrots\n|-supereffective|p2a: Carrots\n|-damage|p2a: Carrots|0 fnt\n|faint|p2a: Carrots\n|\n|-heal|p1a: Defender of Trans|99\/100|[from] item: Leftovers\n|upkeep\n|\n|t:|1699935869\n|switch|p2a: Parker|Empoleon, M|66\/100\n|turn|11\n|\n|t:|1699935871\n|move|p1a: Defender of Trans|Body Press|p2a: Parker\n|-supereffective|p2a: Parker\n|-damage|p2a: Parker|0 fnt\n|faint|p2a: Parker\n|\n|-heal|p1a: Defender of Trans|100\/100|[from] item: Leftovers\n|upkeep\n|\n|t:|1699935874\n|switch|p2a: Kimposobble|Inteleon, M|100\/100\n|turn|12\n|\n|t:|1699935878\n|move|p1a: Defender of Trans|Body Press|p2a: Kimposobble\n|-damage|p2a: Kimposobble|0 fnt\n|faint|p2a: Kimposobble\n|\n|upkeep\n|c|\u2606Sykrae|WHAT\n|c|\u2606Sykrae|412 speed.\n|c|\u2606Skaraptor2.1|Zama is fucking speedy\n|\n|t:|1699935889\n|switch|p2a: Ally|Meowscarada, F|100\/100\n|turn|13\n|c|\u2606Skaraptor2.1|It's a boxart legendary\n|c|\u2606Skaraptor2.1|Also I'm not max speed\n|c|\u2606Sykrae|HES SO FAT HOW CAN HE RUN LIKE AN OLYMPIC MEDALIST\n|c|\u2606Skaraptor2.1|If I ever run max speed Zamazenta shoot me because that's an alien posing as me\n|\n|t:|1699935918\n|-terastallize|p2a: Ally|Fairy\n|move|p2a: Ally|Knock Off|p1a: Defender of Trans\n|-damage|p1a: Defender of Trans|89\/100\n|-enditem|p1a: Defender of Trans|Leftovers|[from] move: Knock Off|[of] p2a: Ally\n|-damage|p2a: Ally|91\/100|[from] item: Life Orb\n|move|p1a: Defender of Trans|Body Press|p2a: Ally\n|-resisted|p2a: Ally\n|-damage|p2a: Ally|0 fnt\n|faint|p2a: Ally\n|\n|win|Skaraptor2.1\n|raw|Skaraptor2.1's rating: 1252 &rarr; <strong>1271<\/strong><br \/>(+19 for winning)\n|raw|Sykrae's rating: 1172 &rarr; <strong>1153<\/strong><br \/>(-19 for losing)\n","uploadtime":1699935924,"views":6,"p1id":"skaraptor21","p2id":"sykrae","formatid":"gen9ou","rating":1153,"private":0,"password":""}