{"id":"gen9ou-1997025790","p1":"creepw","p2":"VikontAlu","format":"[Gen 9] OU","log":"|j|\u2606creepw\n|j|\u2606VikontAlu\n|t:|1700756993\n|gametype|singles\n|player|p1|creepw|cameraman|1079\n|player|p2|VikontAlu|265|1135\n|teamsize|p1|6\n|teamsize|p2|6\n|gen|9\n|tier|[Gen 9] OU\n|rated|\n|rule|Sleep Clause Mod: Limit one foe put to sleep\n|rule|Species Clause: Limit one of each Pok\u00e9mon\n|rule|OHKO Clause: OHKO moves are banned\n|rule|Evasion Items Clause: Evasion items are banned\n|rule|Evasion Moves Clause: Evasion moves are banned\n|rule|Endless Battle Clause: Forcing endless battles is banned\n|rule|HP Percentage Mod: HP is shown in percentages\n|clearpoke\n|poke|p1|Enamorus, F|\n|poke|p1|Toxapex, M|\n|poke|p1|Zapdos|\n|poke|p1|Pelipper, M|\n|poke|p1|Cinderace, F|\n|poke|p1|Garchomp, F|\n|poke|p2|Garganacl, F|\n|poke|p2|Great Tusk|\n|poke|p2|Gholdengo|\n|poke|p2|Iron Valiant|\n|poke|p2|Dragonite, M|\n|poke|p2|Zapdos|\n|teampreview\n|inactive|Battle timer is ON: inactive players will automatically lose when time's up. (requested by creepw)\n|\n|t:|1700757000\n|start\n|switch|p1a: Toxapex|Toxapex, M|100\/100\n|switch|p2a: HE IS HIM|Garganacl, F|100\/100\n|turn|1\n|\n|t:|1700757014\n|move|p2a: HE IS HIM|Salt Cure|p1a: Toxapex\n|-damage|p1a: Toxapex|92\/100\n|-start|p1a: Toxapex|Salt Cure\n|move|p1a: Toxapex|Toxic Spikes|p2a: HE IS HIM\n|-sidestart|p2: VikontAlu|move: Toxic Spikes\n|\n|-heal|p1a: Toxapex|98\/100|[from] item: Black Sludge\n|-damage|p1a: Toxapex|73\/100|[from] Salt Cure\n|upkeep\n|turn|2\n|\n|t:|1700757027\n|-terastallize|p2a: HE IS HIM|Water\n|move|p1a: Toxapex|Lunge|p2a: HE IS HIM\n|-damage|p2a: HE IS HIM|95\/100\n|-unboost|p2a: HE IS HIM|atk|1\n|move|p2a: HE IS HIM|Curse|p2a: HE IS HIM\n|-unboost|p2a: HE IS HIM|spe|1\n|-boost|p2a: HE IS HIM|atk|1\n|-boost|p2a: HE IS HIM|def|1\n|\n|-heal|p1a: Toxapex|79\/100|[from] item: Black Sludge\n|-heal|p2a: HE IS HIM|100\/100|[from] item: Leftovers\n|-damage|p1a: Toxapex|54\/100|[from] Salt Cure\n|upkeep\n|turn|3\n|\n|t:|1700757057\n|switch|p1a: Pelipper|Pelipper, M|100\/100\n|-weather|RainDance|[from] ability: Drizzle|[of] p1a: Pelipper\n|move|p2a: HE IS HIM|Curse|p2a: HE IS HIM\n|-unboost|p2a: HE IS HIM|spe|1\n|-boost|p2a: HE IS HIM|atk|1\n|-boost|p2a: HE IS HIM|def|1\n|\n|-weather|RainDance|[upkeep]\n|upkeep\n|turn|4\n|\n|t:|1700757065\n|move|p1a: Pelipper|U-turn|p2a: HE IS HIM\n|-damage|p2a: HE IS HIM|97\/100\n|\n|t:|1700757069\n|switch|p1a: Zapdos|Zapdos|100\/100|[from] U-turn\n|move|p2a: HE IS HIM|Salt Cure|p1a: Zapdos\n|-supereffective|p1a: Zapdos\n|-damage|p1a: Zapdos|61\/100\n|-start|p1a: Zapdos|Salt Cure\n|\n|-weather|RainDance|[upkeep]\n|-heal|p2a: HE IS HIM|100\/100|[from] item: Leftovers\n|-damage|p1a: Zapdos|49\/100|[from] Salt Cure\n|upkeep\n|turn|5\n|\n|t:|1700757080\n|switch|p2a: Great Tusk|Great Tusk|100\/100\n|move|p1a: Zapdos|Thunder|p2a: Great Tusk\n|-immune|p2a: Great Tusk\n|\n|-weather|RainDance|[upkeep]\n|-damage|p1a: Zapdos|36\/100|[from] Salt Cure\n|upkeep\n|turn|6\n|\n|t:|1700757090\n|move|p2a: Great Tusk|Knock Off|p1a: Zapdos\n|-damage|p1a: Zapdos|3\/100\n|-enditem|p1a: Zapdos|Heavy-Duty Boots|[from] move: Knock Off|[of] p2a: Great Tusk\n|move|p1a: Zapdos|Hurricane|p2a: Great Tusk\n|-supereffective|p2a: Great Tusk\n|-damage|p2a: Great Tusk|0 fnt\n|faint|p2a: Great Tusk\n|-end|p2a: Great Tusk|Protosynthesis|[silent]\n|\n|-weather|RainDance|[upkeep]\n|-damage|p1a: Zapdos|0 fnt|[from] Salt Cure\n|faint|p1a: Zapdos\n|upkeep\n|c|\u2606VikontAlu|Your zapdos are gay i win\n|inactive|creepw has 120 seconds left.\n|\n|t:|1700757128\n|switch|p2a: HE IS HIM|Garganacl, F, tera:Water|100\/100\n|switch|p1a: Garchomp|Garchomp, F|100\/100\n|turn|7\n|\n|t:|1700757134\n|move|p1a: Garchomp|Swords Dance|p1a: Garchomp\n|-boost|p1a: Garchomp|atk|2\n|move|p2a: HE IS HIM|Salt Cure|p1a: Garchomp\n|-resisted|p1a: Garchomp\n|-damage|p1a: Garchomp|94\/100\n|-start|p1a: Garchomp|Salt Cure\n|\n|-weather|RainDance|[upkeep]\n|-heal|p1a: Garchomp|99\/100|[from] item: Leftovers\n|-damage|p1a: Garchomp|88\/100|[from] Salt Cure\n|upkeep\n|turn|8\n|inactive|creepw has 120 seconds left.\n|\n|t:|1700757146\n|move|p1a: Garchomp|Crunch|p2a: HE IS HIM\n|-damage|p2a: HE IS HIM|72\/100\n|move|p2a: HE IS HIM|Curse|p2a: HE IS HIM\n|-unboost|p2a: HE IS HIM|spe|1\n|-boost|p2a: HE IS HIM|atk|1\n|-boost|p2a: HE IS HIM|def|1\n|\n|-weather|RainDance|[upkeep]\n|-heal|p1a: Garchomp|94\/100|[from] item: Leftovers\n|-heal|p2a: HE IS HIM|78\/100|[from] item: Leftovers\n|-damage|p1a: Garchomp|81\/100|[from] Salt Cure\n|upkeep\n|turn|9\n|inactive|creepw has 120 seconds left.\n|\n|t:|1700757157\n|move|p1a: Garchomp|Outrage|p2a: HE IS HIM\n|-damage|p2a: HE IS HIM|36\/100\n|move|p2a: HE IS HIM|Curse|p2a: HE IS HIM\n|-unboost|p2a: HE IS HIM|spe|1\n|-boost|p2a: HE IS HIM|atk|1\n|-boost|p2a: HE IS HIM|def|1\n|\n|-weather|RainDance|[upkeep]\n|-heal|p1a: Garchomp|88\/100|[from] item: Leftovers\n|-heal|p2a: HE IS HIM|42\/100|[from] item: Leftovers\n|-damage|p1a: Garchomp|75\/100|[from] Salt Cure\n|upkeep\n|turn|10\n|inactive|creepw has 120 seconds left.\n|\n|t:|1700757168\n|move|p1a: Garchomp|Outrage|p2a: HE IS HIM|[from]lockedmove\n|-damage|p2a: HE IS HIM|10\/100\n|-start|p1a: Garchomp|confusion|[fatigue]\n|move|p2a: HE IS HIM|Recover|p2a: HE IS HIM\n|-heal|p2a: HE IS HIM|60\/100\n|\n|-weather|none\n|-heal|p1a: Garchomp|81\/100|[from] item: Leftovers\n|-heal|p2a: HE IS HIM|66\/100|[from] item: Leftovers\n|-damage|p1a: Garchomp|69\/100|[from] Salt Cure\n|upkeep\n|turn|11\n|inactive|creepw has 120 seconds left.\n|\n|t:|1700757184\n|switch|p1a: Pelipper|Pelipper, M|100\/100\n|-weather|RainDance|[from] ability: Drizzle|[of] p1a: Pelipper\n|move|p2a: HE IS HIM|Curse|p2a: HE IS HIM\n|-unboost|p2a: HE IS HIM|spe|1\n|-boost|p2a: HE IS HIM|atk|1\n|-boost|p2a: HE IS HIM|def|1\n|\n|-weather|RainDance|[upkeep]\n|-heal|p2a: HE IS HIM|72\/100|[from] item: Leftovers\n|upkeep\n|turn|12\n|inactive|creepw has 120 seconds left.\n|\n|t:|1700757195\n|move|p1a: Pelipper|Knock Off|p2a: HE IS HIM\n|-damage|p2a: HE IS HIM|69\/100\n|-enditem|p2a: HE IS HIM|Leftovers|[from] move: Knock Off|[of] p1a: Pelipper\n|move|p2a: HE IS HIM|Salt Cure|p1a: Pelipper\n|-supereffective|p1a: Pelipper\n|-damage|p1a: Pelipper|52\/100\n|-start|p1a: Pelipper|Salt Cure\n|\n|-weather|RainDance|[upkeep]\n|-damage|p1a: Pelipper|27\/100|[from] Salt Cure\n|upkeep\n|turn|13\n|inactive|creepw has 120 seconds left.\n|\n|t:|1700757205\n|move|p1a: Pelipper|Roost|p1a: Pelipper\n|-heal|p1a: Pelipper|78\/100\n|-singleturn|p1a: Pelipper|move: Roost\n|move|p2a: HE IS HIM|Recover|p2a: HE IS HIM\n|-heal|p2a: HE IS HIM|100\/100\n|\n|-weather|RainDance|[upkeep]\n|-damage|p1a: Pelipper|53\/100|[from] Salt Cure\n|upkeep\n|turn|14\n|\n|t:|1700757213\n|move|p1a: Pelipper|U-turn|p2a: HE IS HIM\n|-damage|p2a: HE IS HIM|98\/100\n|inactive|creepw has 120 seconds left.\n|\n|t:|1700757231\n|switch|p1a: Enamorus|Enamorus, F|100\/100|[from] U-turn\n|move|p2a: HE IS HIM|Salt Cure|p1a: Enamorus\n|-supereffective|p1a: Enamorus\n|-damage|p1a: Enamorus|1\/100\n|-start|p1a: Enamorus|Salt Cure\n|\n|-weather|RainDance|[upkeep]\n|-heal|p1a: Enamorus|7\/100|[from] item: Leftovers\n|-damage|p1a: Enamorus|0 fnt|[from] Salt Cure\n|faint|p1a: Enamorus\n|upkeep\n|c|\u2606VikontAlu|Why enamorus is dead ?\n|c|\u2606VikontAlu|Bro\n|c|\u2606VikontAlu|You sacrifice enamorus for what\n|inactive|creepw has 90 seconds left.\n|-message|creepw forfeited.\n|\n|win|VikontAlu\n|raw|creepw's rating: 1079 &rarr; <strong>1061<\/strong><br \/>(-18 for losing)\n|raw|VikontAlu's rating: 1135 &rarr; <strong>1156<\/strong><br \/>(+21 for winning)\n|l|\u2606creepw\n","uploadtime":1700757275,"views":2,"p1id":"creepw","p2id":"vikontalu","formatid":"gen9ou","rating":1061,"private":0,"password":""}