{"id":"gen9ou-1996599550","p1":"mm juice","p2":"Juroni","format":"[Gen 9] OU","log":"|j|\u2606mm juice\n|j|\u2606Juroni\n|t:|1700699002\n|gametype|singles\n|player|p1|mm juice|rancher|\n|player|p2|Juroni|marley|\n|teamsize|p1|6\n|teamsize|p2|6\n|gen|9\n|tier|[Gen 9] OU\n|rule|Sleep Clause Mod: Limit one foe put to sleep\n|rule|Species Clause: Limit one of each Pok\u00e9mon\n|rule|OHKO Clause: OHKO moves are banned\n|rule|Evasion Items Clause: Evasion items are banned\n|rule|Evasion Moves Clause: Evasion moves are banned\n|rule|Endless Battle Clause: Forcing endless battles is banned\n|rule|HP Percentage Mod: HP is shown in percentages\n|clearpoke\n|poke|p1|Iron Valiant|\n|poke|p1|Arcanine, F|\n|poke|p1|Iron Treads|\n|poke|p1|Noivern, M|\n|poke|p1|Ribombee, M|\n|poke|p1|Lokix, M|\n|poke|p2|Umbreon, F|\n|poke|p2|Alomomola, F|\n|poke|p2|Ursaluna, F|\n|poke|p2|Corviknight, M|\n|poke|p2|Sinistcha|\n|poke|p2|Ogerpon-Cornerstone, F|\n|teampreview\n|c|\u2606Juroni|Ok let's go\n|\n|t:|1700699030\n|start\n|switch|p1a: Ribombee|Ribombee, M|100\/100\n|switch|p2a: Ophelia|Alomomola, F|100\/100\n|turn|1\n|\n|t:|1700699043\n|switch|p2a: Cordelia|Ursaluna, F|100\/100\n|move|p1a: Ribombee|Sticky Web|p2a: Cordelia\n|-sidestart|p2: Juroni|move: Sticky Web\n|\n|-status|p2a: Cordelia|brn|[from] item: Flame Orb\n|upkeep\n|turn|2\n|\n|t:|1700699062\n|move|p1a: Ribombee|Moonblast|p2a: Cordelia\n|-damage|p2a: Cordelia|64\/100 brn\n|-unboost|p2a: Cordelia|spa|1\n|move|p2a: Cordelia|Facade|p1a: Ribombee\n|-enditem|p1a: Ribombee|Focus Sash\n|-damage|p1a: Ribombee|1\/100\n|\n|-damage|p2a: Cordelia|58\/100 brn|[from] brn\n|upkeep\n|turn|3\n|\n|t:|1700699075\n|move|p1a: Ribombee|Moonblast|p2a: Cordelia\n|-damage|p2a: Cordelia|21\/100 brn\n|move|p2a: Cordelia|Drain Punch|p1a: Ribombee\n|-resisted|p1a: Ribombee\n|-damage|p1a: Ribombee|0 fnt\n|-heal|p2a: Cordelia|21\/100 brn|[from] drain|[of] p1a: Ribombee\n|faint|p1a: Ribombee\n|\n|-damage|p2a: Cordelia|15\/100 brn|[from] brn\n|upkeep\n|\n|t:|1700699082\n|switch|p1a: Lokix|Lokix, M|100\/100\n|turn|4\n|\n|t:|1700699090\n|switch|p2a: Ophelia|Alomomola, F|100\/100\n|-activate|p2a: Ophelia|move: Sticky Web\n|-unboost|p2a: Ophelia|spe|1\n|move|p1a: Lokix|U-turn|p2a: Ophelia\n|-damage|p2a: Ophelia|80\/100\n|-damage|p1a: Lokix|91\/100|[from] item: Life Orb\n|\n|t:|1700699107\n|switch|p1a: Noivern|Noivern, M|100\/100|[from] U-turn\n|-item|p2a: Ophelia|Leftovers|[from] ability: Frisk|[of] p1a: Noivern|[identify]\n|\n|-heal|p2a: Ophelia|86\/100|[from] item: Leftovers\n|upkeep\n|turn|5\n|\n|t:|1700699118\n|move|p1a: Noivern|Draco Meteor|p2a: Ophelia\n|-crit|p2a: Ophelia\n|-damage|p2a: Ophelia|0 fnt\n|-unboost|p1a: Noivern|spa|2\n|faint|p2a: Ophelia\n|\n|upkeep\n|c|\u2606Juroni|Oh my god\n|c|\u2606mm juice|this is the second time this has happened\n|\n|t:|1700699141\n|switch|p2a: Mab|Sinistcha|100\/100\n|-activate|p2a: Mab|move: Sticky Web\n|-unboost|p2a: Mab|spe|1\n|turn|6\n|\n|t:|1700699165\n|switch|p1a: Arcanine|Arcanine, F|100\/100\n|-ability|p1a: Arcanine|Intimidate|boost\n|-unboost|p2a: Mab|atk|1\n|move|p2a: Mab|Calm Mind|p2a: Mab\n|-boost|p2a: Mab|spa|1\n|-boost|p2a: Mab|spd|1\n|\n|upkeep\n|turn|7\n|c|\u2606Juroni|So you're a time traveler\n|\n|t:|1700699176\n|move|p2a: Mab|Protect|p2a: Mab\n|-singleturn|p2a: Mab|Protect\n|move|p1a: Arcanine|Roar|p2a: Mab\n|drag|p2a: Titania|Ogerpon-Cornerstone, F|100\/100\n|-activate|p2a: Titania|move: Sticky Web\n|-unboost|p2a: Titania|spe|1\n|\n|upkeep\n|turn|8\n|\n|t:|1700699203\n|switch|p1a: Iron Treads|Iron Treads|100\/100\n|move|p2a: Titania|Ivy Cudgel|p1a: Iron Treads|[anim] Ivy Cudgel Rock\n|-resisted|p1a: Iron Treads\n|-damage|p1a: Iron Treads|87\/100\n|\n|-heal|p1a: Iron Treads|93\/100|[from] item: Leftovers\n|upkeep\n|turn|9\n|\n|t:|1700699213\n|move|p1a: Iron Treads|Earthquake|p2a: Titania\n|-damage|p2a: Titania|44\/100\n|move|p2a: Titania|Leech Seed|p1a: Iron Treads\n|-start|p1a: Iron Treads|move: Leech Seed\n|\n|-heal|p1a: Iron Treads|99\/100|[from] item: Leftovers\n|-damage|p1a: Iron Treads|86\/100|[from] Leech Seed|[of] p2a: Titania\n|-heal|p2a: Titania|57\/100|[silent]\n|upkeep\n|turn|10\n|\n|t:|1700699234\n|switch|p2a: Mab|Sinistcha|100\/100\n|-activate|p2a: Mab|move: Sticky Web\n|-unboost|p2a: Mab|spe|1\n|move|p1a: Iron Treads|Earthquake|p2a: Mab\n|-resisted|p2a: Mab\n|-damage|p2a: Mab|81\/100\n|\n|-heal|p1a: Iron Treads|92\/100|[from] item: Leftovers\n|-heal|p2a: Mab|87\/100|[from] item: Leftovers\n|-damage|p1a: Iron Treads|80\/100|[from] Leech Seed|[of] p2a: Mab\n|-heal|p2a: Mab|99\/100|[silent]\n|upkeep\n|turn|11\n|\n|t:|1700699248\n|move|p1a: Iron Treads|Knock Off|p2a: Mab\n|-supereffective|p2a: Mab\n|-damage|p2a: Mab|44\/100\n|-enditem|p2a: Mab|Leftovers|[from] move: Knock Off|[of] p1a: Iron Treads\n|move|p2a: Mab|Calm Mind|p2a: Mab\n|-boost|p2a: Mab|spa|1\n|-boost|p2a: Mab|spd|1\n|\n|-heal|p1a: Iron Treads|86\/100|[from] item: Leftovers\n|-damage|p1a: Iron Treads|74\/100|[from] Leech Seed|[of] p2a: Mab\n|-heal|p2a: Mab|56\/100|[silent]\n|upkeep\n|turn|12\n|\n|t:|1700699259\n|move|p1a: Iron Treads|Volt Switch|p2a: Mab\n|-resisted|p2a: Mab\n|-damage|p2a: Mab|52\/100\n|\n|t:|1700699262\n|-end|p1a: Iron Treads|Quark Drive|[silent]\n|switch|p1a: Arcanine|Arcanine, F|100\/100|[from] Volt Switch\n|-ability|p1a: Arcanine|Intimidate|boost\n|-unboost|p2a: Mab|atk|1\n|move|p2a: Mab|Scald|p1a: Arcanine\n|-supereffective|p1a: Arcanine\n|-damage|p1a: Arcanine|0 fnt\n|faint|p1a: Arcanine\n|\n|upkeep\n|\n|t:|1700699268\n|switch|p1a: Lokix|Lokix, M|91\/100\n|turn|13\n|c|\u2606Juroni|I didn't expected that\n|\n|t:|1700699290\n|move|p2a: Mab|Protect|p2a: Mab\n|-singleturn|p2a: Mab|Protect\n|move|p1a: Lokix|Sucker Punch||[still]\n|-fail|p1a: Lokix\n|\n|upkeep\n|turn|14\n|\n|t:|1700699301\n|move|p1a: Lokix|Leech Life|p2a: Mab\n|-damage|p2a: Mab|7\/100\n|-heal|p1a: Lokix|100\/100|[from] drain|[of] p2a: Mab\n|-damage|p1a: Lokix|91\/100|[from] item: Life Orb\n|move|p2a: Mab|Calm Mind|p2a: Mab\n|-boost|p2a: Mab|spa|1\n|-boost|p2a: Mab|spd|1\n|\n|upkeep\n|turn|15\n|\n|t:|1700699316\n|move|p1a: Lokix|U-turn|p2a: Mab\n|-damage|p2a: Mab|0 fnt\n|faint|p2a: Mab\n|-damage|p1a: Lokix|81\/100|[from] item: Life Orb\n|\n|t:|1700699346\n|switch|p1a: Noivern|Noivern, M|100\/100|[from] U-turn\n|\n|upkeep\n|\n|t:|1700699355\n|switch|p2a: Caliban|Corviknight, M|100\/100\n|-ability|p2a: Caliban|Pressure\n|turn|16\n|\n|t:|1700699367\n|move|p1a: Noivern|Flamethrower|p2a: Caliban\n|-supereffective|p2a: Caliban\n|-damage|p2a: Caliban|30\/100\n|move|p2a: Caliban|Roost|p2a: Caliban\n|-heal|p2a: Caliban|80\/100\n|-singleturn|p2a: Caliban|move: Roost\n|\n|upkeep\n|turn|17\n|\n|t:|1700699381\n|switch|p2a: Umbriel|Umbreon, F|100\/100\n|-activate|p2a: Umbriel|move: Sticky Web\n|-unboost|p2a: Umbriel|spe|1\n|move|p1a: Noivern|Flamethrower|p2a: Umbriel\n|-damage|p2a: Umbriel|80\/100\n|\n|-heal|p2a: Umbriel|86\/100|[from] item: Leftovers\n|upkeep\n|turn|18\n|\n|t:|1700699392\n|switch|p1a: Iron Treads|Iron Treads|74\/100\n|move|p2a: Umbriel|Toxic|p1a: Iron Treads|[miss]\n|-miss|p2a: Umbriel|p1a: Iron Treads\n|\n|-heal|p1a: Iron Treads|80\/100|[from] item: Leftovers\n|-heal|p2a: Umbriel|93\/100|[from] item: Leftovers\n|upkeep\n|turn|19\n|\n|t:|1700699404\n|move|p1a: Iron Treads|Knock Off|p2a: Umbriel\n|-resisted|p2a: Umbriel\n|-damage|p2a: Umbriel|83\/100\n|-enditem|p2a: Umbriel|Leftovers|[from] move: Knock Off|[of] p1a: Iron Treads\n|move|p2a: Umbriel|Foul Play|p1a: Iron Treads\n|-damage|p1a: Iron Treads|49\/100\n|\n|-heal|p1a: Iron Treads|55\/100|[from] item: Leftovers\n|upkeep\n|turn|20\n|\n|t:|1700699420\n|move|p1a: Iron Treads|Volt Switch|p2a: Umbriel\n|-damage|p2a: Umbriel|77\/100\n|\n|t:|1700699422\n|-end|p1a: Iron Treads|Quark Drive|[silent]\n|switch|p1a: Lokix|Lokix, M|81\/100|[from] Volt Switch\n|move|p2a: Umbriel|Foul Play|p1a: Lokix\n|-resisted|p1a: Lokix\n|-damage|p1a: Lokix|50\/100\n|\n|upkeep\n|turn|21\n|\n|t:|1700699431\n|switch|p2a: Caliban|Corviknight, M|80\/100\n|-ability|p2a: Caliban|Pressure\n|move|p1a: Lokix|First Impression|p2a: Caliban\n|-resisted|p2a: Caliban\n|-crit|p2a: Caliban\n|-damage|p2a: Caliban|59\/100\n|-damage|p1a: Lokix|34\/100|[from] item: Rocky Helmet|[of] p2a: Caliban\n|-damage|p1a: Lokix|24\/100|[from] item: Life Orb\n|\n|upkeep\n|turn|22\n|\n|t:|1700699443\n|switch|p1a: Iron Treads|Iron Treads|55\/100\n|move|p2a: Caliban|Defog|p1a: Iron Treads\n|-unboost|p1a: Iron Treads|evasion|1\n|-sideend|p2: Juroni|Sticky Web|[from] move: Defog|[of] p2a: Caliban\n|\n|-heal|p1a: Iron Treads|61\/100|[from] item: Leftovers\n|upkeep\n|turn|23\n|\n|t:|1700699453\n|switch|p2a: Umbriel|Umbreon, F|77\/100\n|move|p1a: Iron Treads|Knock Off|p2a: Umbriel\n|-resisted|p2a: Umbriel\n|-damage|p2a: Umbriel|70\/100\n|\n|-heal|p1a: Iron Treads|67\/100|[from] item: Leftovers\n|upkeep\n|turn|24\n|\n|t:|1700699463\n|move|p1a: Iron Treads|Volt Switch|p2a: Umbriel\n|-damage|p2a: Umbriel|64\/100\n|\n|t:|1700699474\n|-end|p1a: Iron Treads|Quark Drive|[silent]\n|switch|p1a: Noivern|Noivern, M|100\/100|[from] Volt Switch\n|move|p2a: Umbriel|Foul Play|p1a: Noivern\n|-damage|p1a: Noivern|78\/100\n|\n|upkeep\n|turn|25\n|\n|t:|1700699489\n|-terastallize|p1a: Noivern|Normal\n|move|p1a: Noivern|Boomburst|p2a: Umbriel\n|-damage|p2a: Umbriel|12\/100\n|move|p2a: Umbriel|Moonlight|p2a: Umbriel\n|-heal|p2a: Umbriel|62\/100\n|\n|upkeep\n|turn|26\n|\n|t:|1700699502\n|move|p1a: Noivern|Boomburst|p2a: Umbriel\n|-damage|p2a: Umbriel|14\/100\n|move|p2a: Umbriel|Toxic|p1a: Noivern|[miss]\n|-miss|p2a: Umbriel|p1a: Noivern\n|\n|upkeep\n|turn|27\n|c|\u2606Juroni|Noooooooo\n|\n|t:|1700699514\n|move|p1a: Noivern|Boomburst|p2a: Umbriel\n|-damage|p2a: Umbriel|0 fnt\n|faint|p2a: Umbriel\n|\n|upkeep\n|\n|t:|1700699522\n|switch|p2a: Titania|Ogerpon-Cornerstone, F|57\/100\n|turn|28\n|\n|t:|1700699541\n|switch|p1a: Iron Treads|Iron Treads|67\/100\n|move|p2a: Titania|Ivy Cudgel|p1a: Iron Treads|[anim] Ivy Cudgel Rock\n|-resisted|p1a: Iron Treads\n|-damage|p1a: Iron Treads|55\/100\n|\n|-heal|p1a: Iron Treads|61\/100|[from] item: Leftovers\n|upkeep\n|turn|29\n|\n|t:|1700699551\n|-terastallize|p2a: Titania|Rock\n|detailschange|p2a: Titania|Ogerpon-Cornerstone-Tera, F, tera:Rock\n|-ability|p2a: Titania|Embody Aspect (Cornerstone)|boost\n|-boost|p2a: Titania|def|1\n|move|p1a: Iron Treads|Earthquake|p2a: Titania\n|-supereffective|p2a: Titania\n|-damage|p2a: Titania|0 fnt\n|faint|p2a: Titania\n|\n|-heal|p1a: Iron Treads|67\/100|[from] item: Leftovers\n|upkeep\n|\n|t:|1700699564\n|switch|p2a: Cordelia|Ursaluna, F|15\/100 brn\n|turn|30\n|\n|t:|1700699570\n|move|p1a: Iron Treads|Knock Off|p2a: Cordelia\n|-damage|p2a: Cordelia|0 fnt\n|-enditem|p2a: Cordelia|Flame Orb|[from] move: Knock Off|[of] p1a: Iron Treads\n|faint|p2a: Cordelia\n|\n|-heal|p1a: Iron Treads|73\/100|[from] item: Leftovers\n|upkeep\n|c|\u2606mm juice|gg\n|\n|t:|1700699578\n|switch|p2a: Caliban|Corviknight, M|59\/100\n|-ability|p2a: Caliban|Pressure\n|turn|31\n|\n|t:|1700699583\n|move|p1a: Iron Treads|Volt Switch|p2a: Caliban\n|-supereffective|p2a: Caliban\n|-damage|p2a: Caliban|36\/100\n|\n|t:|1700699588\n|-end|p1a: Iron Treads|Quark Drive|[silent]\n|switch|p1a: Noivern|Noivern, M, tera:Normal|78\/100|[from] Volt Switch\n|-item|p2a: Caliban|Rocky Helmet|[from] ability: Frisk|[of] p1a: Noivern|[identify]\n|move|p2a: Caliban|Roost|p2a: Caliban\n|-heal|p2a: Caliban|86\/100\n|-singleturn|p2a: Caliban|move: Roost\n|\n|upkeep\n|turn|32\n|\n|t:|1700699602\n|move|p1a: Noivern|Flamethrower|p2a: Caliban\n|-supereffective|p2a: Caliban\n|-damage|p2a: Caliban|16\/100\n|move|p2a: Caliban|Brave Bird|p1a: Noivern\n|-crit|p1a: Noivern\n|-damage|p1a: Noivern|6\/100\n|-damage|p2a: Caliban|0 fnt|[from] Recoil\n|faint|p2a: Caliban\n|\n|win|mm juice\n","uploadtime":1700699608,"views":11,"p1id":"mmjuice","p2id":"juroni","formatid":"gen9ou","rating":0,"private":0,"password":""}