{"id":"gen9ou-1989989954","p1":"M.Raikou","p2":"CyrusD","format":"[Gen 9] OU","log":"|j|\u2606M.Raikou\n|j|\u2606CyrusD\n|t:|1699913098\n|gametype|singles\n|player|p1|M.Raikou|plasmagrunt-gen5bw|1315\n|player|p2|CyrusD|1|1349\n|teamsize|p1|6\n|teamsize|p2|6\n|gen|9\n|tier|[Gen 9] OU\n|rated|\n|rule|Sleep Clause Mod: Limit one foe put to sleep\n|rule|Species Clause: Limit one of each Pok\u00e9mon\n|rule|OHKO Clause: OHKO moves are banned\n|rule|Evasion Items Clause: Evasion items are banned\n|rule|Evasion Moves Clause: Evasion moves are banned\n|rule|Endless Battle Clause: Forcing endless battles is banned\n|rule|HP Percentage Mod: HP is shown in percentages\n|clearpoke\n|poke|p1|Rillaboom, M|\n|poke|p1|Dragapult, F|\n|poke|p1|Zapdos|\n|poke|p1|Enamorus, F|\n|poke|p1|Iron Moth|\n|poke|p1|Quaquaval, F|\n|poke|p2|Great Tusk|\n|poke|p2|Conkeldurr, M|\n|poke|p2|Samurott-Hisui, F|\n|poke|p2|Rillaboom, F|\n|poke|p2|Tyranitar, M|\n|poke|p2|Jirachi|\n|teampreview\n|\n|t:|1699913123\n|start\n|switch|p1a: Zapdos|Zapdos|100\/100\n|switch|p2a: Jirachi|Jirachi|100\/100\n|turn|1\n|\n|t:|1699913131\n|switch|p2a: Tyranitar|Tyranitar, M|100\/100\n|-weather|Sandstorm|[from] ability: Sand Stream|[of] p2a: Tyranitar\n|move|p1a: Zapdos|U-turn|p2a: Tyranitar\n|-supereffective|p2a: Tyranitar\n|-damage|p2a: Tyranitar|80\/100\n|\n|t:|1699913138\n|switch|p1a: Quaquaval|Quaquaval, F|100\/100|[from] U-turn\n|\n|-weather|Sandstorm|[upkeep]\n|-damage|p1a: Quaquaval|94\/100|[from] Sandstorm\n|-heal|p2a: Tyranitar|86\/100|[from] item: Leftovers\n|upkeep\n|turn|2\n|inactive|Battle timer is ON: inactive players will automatically lose when time's up. (requested by M.Raikou)\n|\n|t:|1699913180\n|-terastallize|p2a: Tyranitar|Psychic\n|move|p1a: Quaquaval|Ice Spinner|p2a: Tyranitar\n|-damage|p2a: Tyranitar|64\/100\n|move|p2a: Tyranitar|Tera Blast|p1a: Quaquaval|[anim] Tera Blast Psychic\n|-supereffective|p1a: Quaquaval\n|-damage|p1a: Quaquaval|0 fnt\n|faint|p1a: Quaquaval\n|\n|-weather|Sandstorm|[upkeep]\n|-damage|p2a: Tyranitar|58\/100|[from] Sandstorm\n|-heal|p2a: Tyranitar|64\/100|[from] item: Leftovers\n|upkeep\n|\n|t:|1699913194\n|switch|p1a: Dragapult|Dragapult, F|100\/100\n|turn|3\n|inactive|CyrusD has 120 seconds left.\n|\n|t:|1699913226\n|switch|p2a: Great Tusk|Great Tusk|100\/100\n|-terastallize|p1a: Dragapult|Fairy\n|move|p1a: Dragapult|Dragon Dance|p1a: Dragapult\n|-boost|p1a: Dragapult|atk|1\n|-boost|p1a: Dragapult|spe|1\n|\n|-weather|Sandstorm|[upkeep]\n|-damage|p1a: Dragapult|95\/100|[from] Sandstorm\n|upkeep\n|turn|4\n|\n|t:|1699913238\n|move|p1a: Dragapult|Tera Blast|p2a: Great Tusk|[anim] Tera Blast Fairy\n|-supereffective|p2a: Great Tusk\n|-damage|p2a: Great Tusk|34\/100\n|move|p2a: Great Tusk|Ice Spinner|p1a: Dragapult\n|-damage|p1a: Dragapult|57\/100\n|\n|-weather|Sandstorm|[upkeep]\n|-damage|p1a: Dragapult|51\/100|[from] Sandstorm\n|upkeep\n|turn|5\n|\n|t:|1699913249\n|move|p1a: Dragapult|Tera Blast|p2a: Great Tusk|[anim] Tera Blast Fairy\n|-supereffective|p2a: Great Tusk\n|-damage|p2a: Great Tusk|0 fnt\n|faint|p2a: Great Tusk\n|-end|p2a: Great Tusk|Protosynthesis|[silent]\n|\n|-weather|none\n|upkeep\n|\n|t:|1699913252\n|switch|p2a: Rillaboom|Rillaboom, F|100\/100\n|-fieldstart|move: Grassy Terrain|[from] ability: Grassy Surge|[of] p2a: Rillaboom\n|turn|6\n|\n|t:|1699913264\n|switch|p1a: Zapdos|Zapdos|100\/100\n|move|p2a: Rillaboom|U-turn|p1a: Zapdos\n|-resisted|p1a: Zapdos\n|-damage|p1a: Zapdos|82\/100\n|\n|t:|1699913272\n|switch|p2a: Jirachi|Jirachi|100\/100|[from] U-turn\n|\n|upkeep\n|turn|7\n|\n|t:|1699913277\n|move|p1a: Zapdos|Thunderbolt|p2a: Jirachi\n|-damage|p2a: Jirachi|62\/100\n|move|p2a: Jirachi|Trick Room|p2a: Jirachi\n|-fieldstart|move: Trick Room|[of] p2a: Jirachi\n|\n|-heal|p2a: Jirachi|68\/100|[from] Grassy Terrain\n|upkeep\n|turn|8\n|\n|t:|1699913284\n|move|p2a: Jirachi|Psychic|p1a: Zapdos\n|-damage|p1a: Zapdos|40\/100\n|move|p1a: Zapdos|U-turn|p2a: Jirachi\n|-damage|p2a: Jirachi|57\/100\n|\n|t:|1699913291\n|switch|p1a: Enamorus|Enamorus, F|100\/100|[from] U-turn\n|\n|-heal|p2a: Jirachi|63\/100|[from] Grassy Terrain\n|upkeep\n|turn|9\n|\n|t:|1699913298\n|switch|p1a: Zapdos|Zapdos|40\/100\n|move|p2a: Jirachi|Flash Cannon|p1a: Zapdos\n|-resisted|p1a: Zapdos\n|-damage|p1a: Zapdos|21\/100\n|\n|-heal|p2a: Jirachi|70\/100|[from] Grassy Terrain\n|upkeep\n|turn|10\n|\n|t:|1699913307\n|move|p2a: Jirachi|Psychic|p1a: Zapdos\n|-crit|p1a: Zapdos\n|-damage|p1a: Zapdos|0 fnt\n|faint|p1a: Zapdos\n|\n|-heal|p2a: Jirachi|76\/100|[from] Grassy Terrain\n|-fieldend|move: Grassy Terrain\n|upkeep\n|\n|t:|1699913316\n|switch|p1a: Rillaboom|Rillaboom, M|100\/100\n|-fieldstart|move: Grassy Terrain|[from] ability: Grassy Surge|[of] p1a: Rillaboom\n|turn|11\n|\n|t:|1699913323\n|switch|p2a: Conkeldurr|Conkeldurr, M|100\/100\n|move|p1a: Rillaboom|Knock Off|p2a: Conkeldurr\n|-resisted|p2a: Conkeldurr\n|-damage|p2a: Conkeldurr|84\/100\n|-damage|p1a: Rillaboom|84\/100|[from] item: Rocky Helmet|[of] p2a: Conkeldurr\n|-enditem|p2a: Conkeldurr|Rocky Helmet|[from] move: Knock Off|[of] p1a: Rillaboom\n|\n|-heal|p2a: Conkeldurr|90\/100|[from] Grassy Terrain\n|-heal|p1a: Rillaboom|90\/100|[from] Grassy Terrain\n|-fieldend|move: Trick Room\n|upkeep\n|turn|12\n|\n|t:|1699913336\n|switch|p1a: Dragapult|Dragapult, F, tera:Fairy|51\/100\n|move|p2a: Conkeldurr|Knock Off|p1a: Dragapult\n|-resisted|p1a: Dragapult\n|-damage|p1a: Dragapult|29\/100\n|-enditem|p1a: Dragapult|Heavy-Duty Boots|[from] move: Knock Off|[of] p2a: Conkeldurr\n|\n|-heal|p1a: Dragapult|35\/100|[from] Grassy Terrain\n|-heal|p2a: Conkeldurr|96\/100|[from] Grassy Terrain\n|upkeep\n|turn|13\n|\n|t:|1699913348\n|switch|p1a: Enamorus|Enamorus, F|100\/100\n|move|p2a: Conkeldurr|Counter||[still]\n|-fail|p2a: Conkeldurr\n|\n|-heal|p2a: Conkeldurr|100\/100|[from] Grassy Terrain\n|upkeep\n|turn|14\n|\n|t:|1699913365\n|switch|p2a: Samurott|Samurott-Hisui, F|100\/100\n|move|p1a: Enamorus|Moonblast|p2a: Samurott\n|-supereffective|p2a: Samurott\n|-damage|p2a: Samurott|0 fnt\n|faint|p2a: Samurott\n|\n|upkeep\n|\n|t:|1699913367\n|switch|p2a: Jirachi|Jirachi|76\/100\n|turn|15\n|\n|t:|1699913375\n|switch|p1a: Iron Moth|Iron Moth|100\/100\n|-enditem|p1a: Iron Moth|Booster Energy\n|-activate|p1a: Iron Moth|ability: Quark Drive|[fromitem]\n|-start|p1a: Iron Moth|quarkdrivespa\n|move|p2a: Jirachi|Psychic|p1a: Iron Moth\n|-supereffective|p1a: Iron Moth\n|-damage|p1a: Iron Moth|12\/100\n|\n|-heal|p1a: Iron Moth|18\/100|[from] Grassy Terrain\n|-heal|p2a: Jirachi|82\/100|[from] Grassy Terrain\n|-fieldend|move: Grassy Terrain\n|upkeep\n|turn|16\n|\n|t:|1699913389\n|switch|p2a: Tyranitar|Tyranitar, M, tera:Psychic|64\/100\n|-weather|Sandstorm|[from] ability: Sand Stream|[of] p2a: Tyranitar\n|move|p1a: Iron Moth|Fiery Dance|p2a: Tyranitar\n|-damage|p2a: Tyranitar|21\/100\n|-boost|p1a: Iron Moth|spa|1\n|\n|-weather|Sandstorm|[upkeep]\n|-damage|p1a: Iron Moth|12\/100|[from] Sandstorm\n|-damage|p2a: Tyranitar|15\/100|[from] Sandstorm\n|-heal|p2a: Tyranitar|21\/100|[from] item: Leftovers\n|upkeep\n|turn|17\n|\n|t:|1699913403\n|move|p1a: Iron Moth|Fiery Dance|p2a: Tyranitar\n|-damage|p2a: Tyranitar|0 fnt\n|-boost|p1a: Iron Moth|spa|1\n|faint|p2a: Tyranitar\n|\n|-weather|Sandstorm|[upkeep]\n|-damage|p1a: Iron Moth|6\/100|[from] Sandstorm\n|upkeep\n|\n|t:|1699913408\n|switch|p2a: Rillaboom|Rillaboom, F|100\/100\n|-fieldstart|move: Grassy Terrain|[from] ability: Grassy Surge|[of] p2a: Rillaboom\n|turn|18\n|\n|t:|1699913414\n|-end|p1a: Iron Moth|Quark Drive|[silent]\n|switch|p1a: Rillaboom|Rillaboom, M|90\/100\n|move|p2a: Rillaboom|Grassy Glide|p1a: Rillaboom\n|-resisted|p1a: Rillaboom\n|-crit|p1a: Rillaboom\n|-damage|p1a: Rillaboom|46\/100\n|\n|-weather|Sandstorm|[upkeep]\n|-damage|p1a: Rillaboom|40\/100|[from] Sandstorm\n|-damage|p2a: Rillaboom|94\/100|[from] Sandstorm\n|-heal|p1a: Rillaboom|46\/100|[from] Grassy Terrain\n|-heal|p2a: Rillaboom|100\/100|[from] Grassy Terrain\n|upkeep\n|turn|19\n|\n|t:|1699913427\n|switch|p2a: Conkeldurr|Conkeldurr, M|100\/100\n|move|p1a: Rillaboom|U-turn|p2a: Conkeldurr\n|-resisted|p2a: Conkeldurr\n|-damage|p2a: Conkeldurr|90\/100\n|\n|t:|1699913433\n|switch|p1a: Enamorus|Enamorus, F|100\/100|[from] U-turn\n|\n|-weather|Sandstorm|[upkeep]\n|-damage|p1a: Enamorus|94\/100|[from] Sandstorm\n|-damage|p2a: Conkeldurr|84\/100|[from] Sandstorm\n|-heal|p2a: Conkeldurr|90\/100|[from] Grassy Terrain\n|upkeep\n|turn|20\n|\n|t:|1699913460\n|move|p1a: Enamorus|Mystical Fire|p2a: Conkeldurr\n|-damage|p2a: Conkeldurr|57\/100\n|-unboost|p2a: Conkeldurr|spa|1\n|move|p2a: Conkeldurr|Knock Off|p1a: Enamorus\n|-resisted|p1a: Enamorus\n|-crit|p1a: Enamorus\n|-damage|p1a: Enamorus|57\/100\n|-enditem|p1a: Enamorus|Choice Scarf|[from] move: Knock Off|[of] p2a: Conkeldurr\n|\n|-weather|none\n|-heal|p2a: Conkeldurr|63\/100|[from] Grassy Terrain\n|upkeep\n|turn|21\n|\n|t:|1699913474\n|move|p1a: Enamorus|Moonblast|p2a: Conkeldurr\n|-supereffective|p2a: Conkeldurr\n|-damage|p2a: Conkeldurr|0 fnt\n|faint|p2a: Conkeldurr\n|\n|upkeep\n|\n|t:|1699913476\n|switch|p2a: Jirachi|Jirachi|82\/100\n|turn|22\n|\n|t:|1699913489\n|move|p1a: Enamorus|Healing Wish|p1a: Enamorus\n|faint|p1a: Enamorus\n|move|p2a: Jirachi|Trick Room|p2a: Jirachi\n|-fieldstart|move: Trick Room|[of] p2a: Jirachi\n|\n|-heal|p2a: Jirachi|88\/100|[from] Grassy Terrain\n|-fieldend|move: Grassy Terrain\n|upkeep\n|\n|t:|1699913501\n|switch|p1a: Rillaboom|Rillaboom, M|46\/100\n|-heal|p1a: Rillaboom|100\/100|[from] move: Healing Wish\n|-fieldstart|move: Grassy Terrain|[from] ability: Grassy Surge|[of] p1a: Rillaboom\n|turn|23\n|\n|t:|1699913509\n|move|p2a: Jirachi|Psychic|p1a: Rillaboom\n|-damage|p1a: Rillaboom|41\/100\n|move|p1a: Rillaboom|Knock Off|p2a: Jirachi\n|-supereffective|p2a: Jirachi\n|-damage|p2a: Jirachi|12\/100\n|-enditem|p2a: Jirachi|Wise Glasses|[from] move: Knock Off|[of] p1a: Rillaboom\n|\n|-heal|p2a: Jirachi|18\/100|[from] Grassy Terrain\n|-heal|p1a: Rillaboom|47\/100|[from] Grassy Terrain\n|upkeep\n|turn|24\n|inactive|CyrusD has 120 seconds left.\n|\n|t:|1699913550\n|switch|p1a: Iron Moth|Iron Moth|6\/100\n|move|p2a: Jirachi|Psychic|p1a: Iron Moth\n|-supereffective|p1a: Iron Moth\n|-damage|p1a: Iron Moth|0 fnt\n|faint|p1a: Iron Moth\n|-end|p1a: Iron Moth|Quark Drive|[silent]\n|\n|-heal|p2a: Jirachi|24\/100|[from] Grassy Terrain\n|upkeep\n|\n|t:|1699913563\n|switch|p1a: Rillaboom|Rillaboom, M|47\/100\n|turn|25\n|\n|t:|1699913568\n|move|p1a: Rillaboom|Grassy Glide|p2a: Jirachi\n|-resisted|p2a: Jirachi\n|-damage|p2a: Jirachi|2\/100\n|move|p2a: Jirachi|Psychic|p1a: Rillaboom\n|-damage|p1a: Rillaboom|0 fnt\n|faint|p1a: Rillaboom\n|\n|-heal|p2a: Jirachi|8\/100|[from] Grassy Terrain\n|upkeep\n|\n|t:|1699913578\n|switch|p1a: Dragapult|Dragapult, F, tera:Fairy|35\/100\n|turn|26\n|\n|t:|1699913582\n|move|p2a: Jirachi|Flash Cannon|p1a: Dragapult\n|-supereffective|p1a: Dragapult\n|-damage|p1a: Dragapult|0 fnt\n|faint|p1a: Dragapult\n|\n|win|CyrusD\n|raw|M.Raikou's rating: 1315 &rarr; <strong>1297<\/strong><br \/>(-18 for losing)\n|raw|CyrusD's rating: 1349 &rarr; <strong>1367<\/strong><br \/>(+18 for winning)\n|l|\u2606M.Raikou\n","uploadtime":1699913588,"views":71,"p1id":"mraikou","p2id":"cyrusd","formatid":"gen9ou","rating":1297,"private":0,"password":""}