{"id":"gen9ou-2000572628","p1":"Akoteosys","p2":"illneverchooseyou","format":"[Gen 9] OU","log":"|j|\u2606Akoteosys\n|j|\u2606illneverchooseyou\n|t:|1701206538\n|gametype|singles\n|player|p1|Akoteosys|101|1640\n|player|p2|illneverchooseyou|psychic-gen4|1718\n|teamsize|p1|6\n|teamsize|p2|6\n|gen|9\n|tier|[Gen 9] OU\n|rated|\n|rule|Sleep Clause Mod: Limit one foe put to sleep\n|rule|Species Clause: Limit one of each Pok\u00e9mon\n|rule|OHKO Clause: OHKO moves are banned\n|rule|Evasion Items Clause: Evasion items are banned\n|rule|Evasion Moves Clause: Evasion moves are banned\n|rule|Endless Battle Clause: Forcing endless battles is banned\n|rule|HP Percentage Mod: HP is shown in percentages\n|clearpoke\n|poke|p1|Ninetales-Alola, F|\n|poke|p1|Slowbro-Galar, F|\n|poke|p1|Iron Hands|\n|poke|p1|Manaphy|\n|poke|p1|Cresselia, F|\n|poke|p1|Landorus-Therian, M|\n|poke|p2|Great Tusk|\n|poke|p2|Ursaluna, F|\n|poke|p2|Munkidori, M|\n|poke|p2|Slowking-Galar, F|\n|poke|p2|Alomomola, F|\n|poke|p2|Amoonguss, M|\n|teampreview\n|inactive|Battle timer is ON: inactive players will automatically lose when time's up. (requested by Akoteosys)\n|\n|t:|1701206550\n|start\n|switch|p1a: Landorus|Landorus-Therian, M|100\/100\n|switch|p2a: Munkidori|Munkidori, M|100\/100\n|-ability|p1a: Landorus|Intimidate|boost\n|-unboost|p2a: Munkidori|atk|1\n|turn|1\n|\n|t:|1701206559\n|move|p2a: Munkidori|U-turn|p1a: Landorus\n|-resisted|p1a: Landorus\n|-damage|p1a: Landorus|96\/100\n|\n|t:|1701206562\n|switch|p2a: Alomomola|Alomomola, F|100\/100|[from] U-turn\n|move|p1a: Landorus|Earthquake|p2a: Alomomola\n|-damage|p2a: Alomomola|69\/100\n|\n|upkeep\n|turn|2\n|\n|t:|1701206567\n|switch|p1a: Ninetales|Ninetales-Alola, F|100\/100\n|-weather|Snow|[from] ability: Snow Warning|[of] p1a: Ninetales\n|move|p2a: Alomomola|Flip Turn|p1a: Ninetales\n|-damage|p1a: Ninetales|85\/100\n|\n|t:|1701206582\n|switch|p2a: Slowking|Slowking-Galar, F, shiny|100\/100|[from] Flip Turn\n|\n|-weather|Snow|[upkeep]\n|upkeep\n|turn|3\n|\n|t:|1701206588\n|move|p1a: Ninetales|Aurora Veil|p1a: Ninetales\n|-sidestart|p1: Akoteosys|move: Aurora Veil\n|move|p2a: Slowking|Sludge Bomb|p1a: Ninetales\n|-supereffective|p1a: Ninetales\n|-damage|p1a: Ninetales|44\/100\n|-status|p1a: Ninetales|psn\n|\n|-weather|Snow|[upkeep]\n|-damage|p1a: Ninetales|32\/100 psn|[from] psn\n|upkeep\n|turn|4\n|\n|t:|1701206591\n|move|p1a: Ninetales|Hypnosis|p2a: Slowking\n|-status|p2a: Slowking|slp|[from] move: Hypnosis\n|cant|p2a: Slowking|slp\n|\n|-weather|Snow|[upkeep]\n|-damage|p1a: Ninetales|20\/100 psn|[from] psn\n|upkeep\n|turn|5\n|\n|t:|1701206596\n|switch|p1a: Manaphy|Manaphy|100\/100\n|cant|p2a: Slowking|slp\n|\n|-weather|Snow|[upkeep]\n|upkeep\n|turn|6\n|\n|t:|1701206601\n|move|p1a: Manaphy|Tail Glow|p1a: Manaphy\n|-boost|p1a: Manaphy|spa|3\n|cant|p2a: Slowking|slp\n|\n|-weather|none\n|upkeep\n|turn|7\n|\n|t:|1701206608\n|move|p1a: Manaphy|Tail Glow|p1a: Manaphy\n|-boost|p1a: Manaphy|spa|3\n|-curestatus|p2a: Slowking|slp|[msg]\n|move|p2a: Slowking|Trick Room|p2a: Slowking\n|-fieldstart|move: Trick Room|[of] p2a: Slowking\n|\n|upkeep\n|turn|8\n|\n|t:|1701206610\n|move|p1a: Manaphy|Surf|p2a: Slowking\n|-damage|p2a: Slowking|3\/100\n|move|p2a: Slowking|Chilly Reception|p2a: Slowking\n|-weather|Snow\n|\n|t:|1701206614\n|switch|p2a: Amoonguss|Amoonguss, M, shiny|100\/100|[from] Chilly Reception\n|\n|-weather|Snow|[upkeep]\n|upkeep\n|turn|9\n|j| antonyp\n|-activate|p1a: Manaphy|item: Quick Claw\n|\n|t:|1701206620\n|-terastallize|p1a: Manaphy|Grass\n|move|p1a: Manaphy|Ice Beam|p2a: Amoonguss\n|-supereffective|p2a: Amoonguss\n|-damage|p2a: Amoonguss|0 fnt\n|faint|p2a: Amoonguss\n|\n|-weather|Snow|[upkeep]\n|upkeep\n|c|\u2606illneverchooseyou|Oh my fucjing god dude\n|c|\u2606illneverchooseyou|I'm sorry for the reaction but like\n|inactive|illneverchooseyou has 120 seconds left.\n|c|\u2606illneverchooseyou|Why do I have to get cheesed like this \ud83d\ude2d\n|c|\u2606illneverchooseyou|It's literally not something I can control. I positioned myself perfectly there and I still get punished for it...\n|inactive|illneverchooseyou has 90 seconds left.\n|\n|t:|1701206703\n|switch|p2a: Slowking|Slowking-Galar, F, shiny|36\/100\n|turn|10\n|\n|t:|1701206706\n|switch|p2a: Alomomola|Alomomola, F|100\/100\n|move|p1a: Manaphy|Surf|p2a: Alomomola\n|-resisted|p2a: Alomomola\n|-damage|p2a: Alomomola|10\/100\n|\n|-weather|Snow|[upkeep]\n|-sideend|p1: Akoteosys|move: Aurora Veil\n|upkeep\n|turn|11\n|\n|t:|1701206714\n|move|p2a: Alomomola|Wish|p2a: Alomomola\n|move|p1a: Manaphy|Surf|p2a: Alomomola\n|-resisted|p2a: Alomomola\n|-damage|p2a: Alomomola|0 fnt\n|faint|p2a: Alomomola\n|\n|-weather|Snow|[upkeep]\n|-fieldend|move: Trick Room\n|upkeep\n|\n|t:|1701206719\n|switch|p2a: Munkidori|Munkidori, M|100\/100\n|turn|12\n|\n|t:|1701206723\n|switch|p1a: Slowbro|Slowbro-Galar, F|100\/100\n|move|p2a: Munkidori|Psychic|p1a: Slowbro\n|-damage|p1a: Slowbro|46\/100\n|\n|-weather|none\n|upkeep\n|turn|13\n|\n|t:|1701206728\n|move|p2a: Munkidori|Psychic|p1a: Slowbro\n|-damage|p1a: Slowbro|0 fnt\n|faint|p1a: Slowbro\n|\n|upkeep\n|\n|t:|1701206735\n|switch|p1a: Landorus|Landorus-Therian, M|96\/100\n|-ability|p1a: Landorus|Intimidate|boost\n|-unboost|p2a: Munkidori|atk|1\n|turn|14\n|\n|t:|1701206742\n|switch|p2a: Great Tusk|Great Tusk|100\/100\n|move|p1a: Landorus|U-turn|p2a: Great Tusk\n|-resisted|p2a: Great Tusk\n|-damage|p2a: Great Tusk|91\/100\n|\n|t:|1701206746\n|switch|p1a: Ninetales|Ninetales-Alola, F|20\/100 psn|[from] U-turn\n|-weather|Snow|[from] ability: Snow Warning|[of] p1a: Ninetales\n|\n|-weather|Snow|[upkeep]\n|-damage|p1a: Ninetales|7\/100 psn|[from] psn\n|upkeep\n|turn|15\n|\n|t:|1701206751\n|move|p1a: Ninetales|Blizzard|p2a: Great Tusk\n|-supereffective|p2a: Great Tusk\n|-damage|p2a: Great Tusk|0 fnt\n|faint|p2a: Great Tusk\n|-end|p2a: Great Tusk|Protosynthesis|[silent]\n|\n|-weather|Snow|[upkeep]\n|-damage|p1a: Ninetales|0 fnt|[from] psn\n|faint|p1a: Ninetales\n|upkeep\n|\n|t:|1701206759\n|switch|p1a: Landorus|Landorus-Therian, M|96\/100\n|switch|p2a: Ursaluna|Ursaluna, F|100\/100\n|-ability|p1a: Landorus|Intimidate|boost\n|-unboost|p2a: Ursaluna|atk|1\n|turn|16\n|\n|t:|1701206768\n|move|p1a: Landorus|Earthquake|p2a: Ursaluna\n|-damage|p2a: Ursaluna|58\/100\n|move|p2a: Ursaluna|Facade|p1a: Landorus\n|-damage|p1a: Landorus|60\/100\n|\n|-weather|Snow|[upkeep]\n|-status|p2a: Ursaluna|brn|[from] item: Flame Orb\n|upkeep\n|turn|17\n|\n|t:|1701206783\n|move|p1a: Landorus|Earthquake|p2a: Ursaluna\n|-damage|p2a: Ursaluna|21\/100 brn\n|move|p2a: Ursaluna|Facade|p1a: Landorus\n|-damage|p1a: Landorus|0 fnt\n|faint|p1a: Landorus\n|\n|-weather|Snow|[upkeep]\n|-damage|p2a: Ursaluna|15\/100 brn|[from] brn\n|upkeep\n|\n|t:|1701206794\n|switch|p1a: Manaphy|Manaphy, tera:Grass|100\/100\n|turn|18\n|-activate|p1a: Manaphy|item: Quick Claw\n|\n|t:|1701206811\n|switch|p2a: Slowking|Slowking-Galar, F, shiny|69\/100\n|move|p1a: Manaphy|Surf|p2a: Slowking\n|-damage|p2a: Slowking|45\/100\n|\n|-weather|none\n|upkeep\n|turn|19\n|\n|t:|1701206825\n|switch|p1a: Cresselia|Cresselia, F|100\/100\n|move|p2a: Slowking|Trick Room|p2a: Slowking\n|-fieldstart|move: Trick Room|[of] p2a: Slowking\n|\n|upkeep\n|turn|20\n|\n|t:|1701206835\n|move|p1a: Cresselia|Calm Mind|p1a: Cresselia\n|-boost|p1a: Cresselia|spa|1\n|-boost|p1a: Cresselia|spd|1\n|move|p2a: Slowking|Future Sight|p1a: Cresselia\n|-start|p2a: Slowking|move: Future Sight\n|\n|upkeep\n|turn|21\n|\n|t:|1701206849\n|switch|p1a: Iron Hands|Iron Hands|100\/100\n|move|p2a: Slowking|Sludge Bomb|p1a: Iron Hands\n|-damage|p1a: Iron Hands|68\/100\n|-status|p1a: Iron Hands|psn\n|\n|-damage|p1a: Iron Hands|56\/100 psn|[from] psn\n|upkeep\n|turn|22\n|\n|t:|1701206865\n|switch|p2a: Munkidori|Munkidori, M|100\/100\n|move|p1a: Iron Hands|Drain Punch|p2a: Munkidori\n|-resisted|p2a: Munkidori\n|-damage|p2a: Munkidori|84\/100\n|-heal|p1a: Iron Hands|61\/100 psn|[from] drain|[of] p2a: Munkidori\n|\n|-end|p1a: Iron Hands|move: Future Sight\n|-supereffective|p1a: Iron Hands\n|-damage|p1a: Iron Hands|0 fnt\n|faint|p1a: Iron Hands\n|-end|p1a: Iron Hands|Quark Drive|[silent]\n|upkeep\n|\n|t:|1701206871\n|switch|p1a: Cresselia|Cresselia, F|100\/100\n|turn|23\n|\n|t:|1701206880\n|move|p1a: Cresselia|Calm Mind|p1a: Cresselia\n|-boost|p1a: Cresselia|spa|1\n|-boost|p1a: Cresselia|spd|1\n|move|p2a: Munkidori|U-turn|p1a: Cresselia\n|-supereffective|p1a: Cresselia\n|-crit|p1a: Cresselia\n|-damage|p1a: Cresselia|82\/100\n|\n|t:|1701206882\n|switch|p2a: Slowking|Slowking-Galar, F, shiny|79\/100|[from] U-turn\n|\n|-fieldend|move: Trick Room\n|upkeep\n|turn|24\n|-activate|p1a: Cresselia|item: Quick Claw\n|\n|t:|1701206899\n|move|p1a: Cresselia|Calm Mind|p1a: Cresselia\n|-boost|p1a: Cresselia|spa|1\n|-boost|p1a: Cresselia|spd|1\n|move|p2a: Slowking|Future Sight|p1a: Cresselia\n|-start|p2a: Slowking|move: Future Sight\n|\n|upkeep\n|turn|25\n|\n|t:|1701206904\n|move|p1a: Cresselia|Stored Power|p2a: Slowking\n|-damage|p2a: Slowking|48\/100\n|move|p2a: Slowking|Trick Room|p2a: Slowking\n|-fieldstart|move: Trick Room|[of] p2a: Slowking\n|\n|upkeep\n|turn|26\n|\n|t:|1701206909\n|move|p1a: Cresselia|Moonlight|p1a: Cresselia\n|-heal|p1a: Cresselia|100\/100\n|move|p2a: Slowking|Chilly Reception|p2a: Slowking\n|-weather|Snow\n|\n|t:|1701206912\n|switch|p2a: Ursaluna|Ursaluna, F|15\/100 brn|[from] Chilly Reception\n|\n|-weather|Snow|[upkeep]\n|-end|p1a: Cresselia|move: Future Sight\n|-resisted|p1a: Cresselia\n|-damage|p1a: Cresselia|93\/100\n|-damage|p2a: Ursaluna|8\/100 brn|[from] brn\n|upkeep\n|turn|27\n|-activate|p1a: Cresselia|item: Quick Claw\n|\n|t:|1701206922\n|move|p1a: Cresselia|Stored Power|p2a: Ursaluna\n|-damage|p2a: Ursaluna|0 fnt\n|faint|p2a: Ursaluna\n|\n|-weather|Snow|[upkeep]\n|upkeep\n|c|\u2606illneverchooseyou|Yeah this is just not cool...\n|c|\u2606illneverchooseyou|I'm not gg'ing this I'm sorry\n|inactive|illneverchooseyou has 120 seconds left.\n|c|\u2606illneverchooseyou|Like even you have to agree the rng was just plain not in my favor\n|-message|illneverchooseyou forfeited.\n|\n|win|Akoteosys\n|raw|Akoteosys's rating: 1640 &rarr; <strong>1664<\/strong><br \/>(+24 for winning)\n|raw|illneverchooseyou's rating: 1718 &rarr; <strong>1694<\/strong><br \/>(-24 for losing)\n|l|\u2606Akoteosys\n|c|\u2606illneverchooseyou|I just got to 1700s too smh\n|l| antonyp\n|c|\u2606illneverchooseyou|Pokemon is not a real competitive game when you can cheese wins like this smh\n","uploadtime":1701206998,"views":4,"p1id":"akoteosys","p2id":"illneverchooseyou","formatid":"gen9ou","rating":1664,"private":0,"password":""}