{"id":"gen9ou-1997831015","p1":"Mr.Shadowdusk","p2":"Arnaenaed \u223e","format":"[Gen 9] OU","log":"|j|\u2606Mr.Shadowdusk\n|j|\u2606Arnaenaed \u223e\n|t:|1700857406\n|gametype|singles\n|player|p1|Mr.Shadowdusk|ghetsis|\n|player|p2|Arnaenaed \u223e|clay|\n|teamsize|p1|6\n|teamsize|p2|6\n|gen|9\n|tier|[Gen 9] OU\n|rule|Sleep Clause Mod: Limit one foe put to sleep\n|rule|Species Clause: Limit one of each Pok\u00e9mon\n|rule|OHKO Clause: OHKO moves are banned\n|rule|Evasion Items Clause: Evasion items are banned\n|rule|Evasion Moves Clause: Evasion moves are banned\n|rule|Endless Battle Clause: Forcing endless battles is banned\n|rule|HP Percentage Mod: HP is shown in percentages\n|clearpoke\n|poke|p1|Hatterene, F|\n|poke|p1|Revavroom, M|\n|poke|p1|Thundurus-Therian, M|\n|poke|p1|Dondozo, M|\n|poke|p1|Goodra, M|\n|poke|p1|Cinderace, M|\n|poke|p2|Pelipper, F|\n|poke|p2|Toxicroak, F|\n|poke|p2|Maushold|\n|poke|p2|Ogerpon-Wellspring, F|\n|poke|p2|Barraskewda, F|\n|poke|p2|Thundurus-Therian, M|\n|teampreview\n|\n|t:|1700857412\n|start\n|switch|p1a: Thundurus|Thundurus-Therian, M, shiny|100\/100\n|switch|p2a: Pelipper|Pelipper, F|100\/100\n|-weather|RainDance|[from] ability: Drizzle|[of] p2a: Pelipper\n|turn|1\n|\n|t:|1700857416\n|switch|p2a: Thundurus|Thundurus-Therian, M|100\/100\n|move|p1a: Thundurus|Sludge Bomb|p2a: Thundurus\n|-damage|p2a: Thundurus|53\/100\n|\n|-weather|RainDance|[upkeep]\n|upkeep\n|turn|2\n|\n|t:|1700857427\n|switch|p1a: Goodra|Goodra, M, shiny|100\/100\n|move|p2a: Thundurus|Weather Ball|p1a: Goodra\n|-resisted|p1a: Goodra\n|-damage|p1a: Goodra|92\/100\n|\n|-weather|RainDance|[upkeep]\n|upkeep\n|turn|3\n|\n|t:|1700857438\n|move|p2a: Thundurus|Volt Switch|p1a: Goodra\n|-resisted|p1a: Goodra\n|-damage|p1a: Goodra|86\/100\n|\n|t:|1700857450\n|switch|p2a: Ogerpon|Ogerpon-Wellspring, F|100\/100|[from] Volt Switch\n|move|p1a: Goodra|Sludge Bomb|p2a: Ogerpon\n|-supereffective|p2a: Ogerpon\n|-damage|p2a: Ogerpon|52\/100\n|\n|-weather|RainDance|[upkeep]\n|upkeep\n|turn|4\n|\n|t:|1700857467\n|switch|p2a: Toxicroak|Toxicroak, F|100\/100\n|switch|p1a: Hatterene|Hatterene, F, shiny|100\/100\n|\n|-weather|RainDance|[upkeep]\n|upkeep\n|turn|5\n|\n|t:|1700857476\n|-terastallize|p1a: Hatterene|Fire\n|move|p2a: Toxicroak|Gunk Shot|p1a: Hatterene|[miss]\n|-miss|p2a: Toxicroak|p1a: Hatterene\n|move|p1a: Hatterene|Psyshock|p2a: Toxicroak\n|-supereffective|p2a: Toxicroak\n|-damage|p2a: Toxicroak|0 fnt\n|faint|p2a: Toxicroak\n|\n|-weather|RainDance|[upkeep]\n|upkeep\n|\n|t:|1700857484\n|switch|p2a: Barraskewda|Barraskewda, F|100\/100\n|turn|6\n|\n|t:|1700857492\n|switch|p1a: Dondozo|Dondozo, M, shiny|100\/100\n|move|p2a: Barraskewda|Flip Turn|p1a: Dondozo\n|-resisted|p1a: Dondozo\n|-damage|p1a: Dondozo|84\/100\n|\n|t:|1700857501\n|switch|p2a: Thundurus|Thundurus-Therian, M|53\/100|[from] Flip Turn\n|\n|-weather|RainDance|[upkeep]\n|upkeep\n|turn|7\n|\n|t:|1700857506\n|switch|p1a: Goodra|Goodra, M, shiny|86\/100\n|move|p2a: Thundurus|Nasty Plot|p2a: Thundurus\n|-boost|p2a: Thundurus|spa|2\n|\n|-weather|RainDance|[upkeep]\n|upkeep\n|turn|8\n|\n|t:|1700857511\n|move|p2a: Thundurus|Volt Switch|p1a: Goodra\n|-resisted|p1a: Goodra\n|-damage|p1a: Goodra|74\/100\n|\n|t:|1700857521\n|switch|p2a: Pelipper|Pelipper, F|100\/100|[from] Volt Switch\n|move|p1a: Goodra|Rock Slide|p2a: Pelipper\n|-supereffective|p2a: Pelipper\n|-damage|p2a: Pelipper|78\/100\n|\n|-weather|none\n|upkeep\n|turn|9\n|\n|t:|1700857533\n|move|p1a: Goodra|Thunderbolt|p2a: Pelipper\n|-supereffective|p2a: Pelipper\n|-damage|p2a: Pelipper|0 fnt\n|faint|p2a: Pelipper\n|\n|upkeep\n|\n|t:|1700857552\n|switch|p2a: Ogerpon|Ogerpon-Wellspring, F|52\/100\n|turn|10\n|\n|t:|1700857559\n|move|p2a: Ogerpon|Swords Dance|p2a: Ogerpon\n|-boost|p2a: Ogerpon|atk|2\n|move|p1a: Goodra|Sludge Bomb|p2a: Ogerpon\n|-supereffective|p2a: Ogerpon\n|-damage|p2a: Ogerpon|3\/100\n|-status|p2a: Ogerpon|psn\n|\n|-damage|p2a: Ogerpon|0 fnt|[from] psn\n|faint|p2a: Ogerpon\n|upkeep\n|\n|t:|1700857565\n|switch|p2a: Maushold|Maushold|100\/100\n|turn|11\n|\n|t:|1700857574\n|switch|p1a: Revavroom|Revavroom, M, shiny|100\/100\n|-item|p1a: Revavroom|Air Balloon\n|move|p2a: Maushold|Tidy Up|p2a: Maushold\n|-boost|p2a: Maushold|atk|1\n|-boost|p2a: Maushold|spe|1\n|\n|upkeep\n|turn|12\n|\n|t:|1700857588\n|move|p2a: Maushold|Tidy Up|p2a: Maushold\n|-boost|p2a: Maushold|atk|1\n|-boost|p2a: Maushold|spe|1\n|move|p1a: Revavroom|Poison Jab|p2a: Maushold\n|-damage|p2a: Maushold|34\/100\n|\n|upkeep\n|turn|13\n|\n|t:|1700857597\n|move|p2a: Maushold|Population Bomb|p1a: Revavroom\n|-resisted|p1a: Revavroom\n|-damage|p1a: Revavroom|86\/100\n|-enditem|p1a: Revavroom|Air Balloon\n|-resisted|p1a: Revavroom\n|-damage|p1a: Revavroom|72\/100\n|-resisted|p1a: Revavroom\n|-damage|p1a: Revavroom|59\/100\n|-resisted|p1a: Revavroom\n|-damage|p1a: Revavroom|44\/100\n|-resisted|p1a: Revavroom\n|-damage|p1a: Revavroom|31\/100\n|-resisted|p1a: Revavroom\n|-damage|p1a: Revavroom|18\/100\n|-resisted|p1a: Revavroom\n|-damage|p1a: Revavroom|4\/100\n|-resisted|p1a: Revavroom\n|-damage|p1a: Revavroom|0 fnt\n|faint|p1a: Revavroom\n|-hitcount|p1: Revavroom|8\n|\n|upkeep\n|\n|t:|1700857609\n|switch|p1a: Cinderace|Cinderace, M, shiny|100\/100\n|turn|14\n|\n|t:|1700857615\n|move|p1a: Cinderace|Sucker Punch||[still]\n|-fail|p1a: Cinderace\n|move|p2a: Maushold|Tidy Up|p2a: Maushold\n|-boost|p2a: Maushold|atk|1\n|-boost|p2a: Maushold|spe|1\n|\n|upkeep\n|turn|15\n|\n|t:|1700857623\n|move|p1a: Cinderace|Sucker Punch||[still]\n|-fail|p1a: Cinderace\n|move|p2a: Maushold|Encore|p1a: Cinderace\n|-start|p1a: Cinderace|Encore\n|\n|upkeep\n|turn|16\n|\n|t:|1700857627\n|move|p1a: Cinderace|Sucker Punch||[still]\n|-fail|p1a: Cinderace\n|move|p2a: Maushold|Tidy Up|p2a: Maushold\n|-boost|p2a: Maushold|atk|1\n|-boost|p2a: Maushold|spe|1\n|\n|upkeep\n|turn|17\n|\n|t:|1700857630\n|switch|p1a: Dondozo|Dondozo, M, shiny|84\/100\n|move|p2a: Maushold|Tidy Up|p2a: Maushold\n|-boost|p2a: Maushold|atk|1\n|-boost|p2a: Maushold|spe|1\n|\n|upkeep\n|turn|18\n|\n|t:|1700857635\n|move|p2a: Maushold|Population Bomb|p1a: Dondozo\n|-damage|p1a: Dondozo|80\/100\n|-damage|p1a: Dondozo|74\/100\n|-damage|p1a: Dondozo|69\/100\n|-damage|p1a: Dondozo|64\/100\n|-damage|p1a: Dondozo|58\/100\n|-damage|p1a: Dondozo|54\/100\n|-damage|p1a: Dondozo|48\/100\n|-damage|p1a: Dondozo|43\/100\n|-damage|p1a: Dondozo|38\/100\n|-damage|p1a: Dondozo|33\/100\n|-hitcount|p1a: Dondozo|10\n|move|p1a: Dondozo|Liquidation|p2a: Maushold\n|-damage|p2a: Maushold|0 fnt\n|faint|p2a: Maushold\n|\n|upkeep\n|\n|t:|1700857651\n|switch|p2a: Thundurus|Thundurus-Therian, M|53\/100\n|turn|19\n|\n|t:|1700857661\n|switch|p1a: Thundurus|Thundurus-Therian, M, shiny|100\/100\n|move|p2a: Thundurus|Volt Switch|p1a: Thundurus\n|-immune|p1a: Thundurus|[from] ability: Volt Absorb\n|\n|upkeep\n|turn|20\n|-message|Arnaenaed \u223e forfeited.\n|\n|win|Mr.Shadowdusk\n","uploadtime":1700857671,"views":4,"p1id":"mrshadowdusk","p2id":"arnaenaed","formatid":"gen9ou","rating":0,"private":0,"password":""}