{"id":"gen9ou-1994383522","p1":"Bynthia","p2":"Demylord","format":"[Gen 9] OU","log":"|j|\u2606Bynthia\n|j|\u2606Demylord\n|t:|1700437669\n|gametype|singles\n|player|p1|Bynthia|cynthia-gen4|1038\n|player|p2|Demylord|steven|1027\n|teamsize|p1|6\n|teamsize|p2|6\n|gen|9\n|tier|[Gen 9] OU\n|rated|\n|rule|Sleep Clause Mod: Limit one foe put to sleep\n|rule|Species Clause: Limit one of each Pok\u00e9mon\n|rule|OHKO Clause: OHKO moves are banned\n|rule|Evasion Items Clause: Evasion items are banned\n|rule|Evasion Moves Clause: Evasion moves are banned\n|rule|Endless Battle Clause: Forcing endless battles is banned\n|rule|HP Percentage Mod: HP is shown in percentages\n|clearpoke\n|poke|p1|Glimmora, M|\n|poke|p1|Dragapult, F|\n|poke|p1|Gholdengo|\n|poke|p1|Hatterene, F|\n|poke|p1|Dragonite, M|\n|poke|p1|Torkoal, M|\n|poke|p2|Rillaboom, M|\n|poke|p2|Sneasler, F|\n|poke|p2|Gholdengo|\n|poke|p2|Kingambit, M|\n|poke|p2|Cinderace, M|\n|poke|p2|Garchomp, F|\n|teampreview\n|inactive|Battle timer is ON: inactive players will automatically lose when time's up. (requested by Demylord)\n|\n|t:|1700437698\n|start\n|switch|p1a: Glimmora|Glimmora, M|100\/100\n|switch|p2a: Garchomp|Garchomp, F|100\/100\n|-item|p1a: Glimmora|Air Balloon\n|turn|1\n|\n|t:|1700437715\n|move|p2a: Garchomp|Stealth Rock|p1a: Glimmora\n|-sidestart|p1: Bynthia|move: Stealth Rock\n|move|p1a: Glimmora|Dazzling Gleam|p2a: Garchomp\n|-supereffective|p2a: Garchomp\n|-damage|p2a: Garchomp|41\/100\n|\n|upkeep\n|turn|2\n|\n|t:|1700437722\n|move|p2a: Garchomp|Dragon Claw|p1a: Glimmora\n|-damage|p1a: Glimmora|47\/100\n|-enditem|p1a: Glimmora|Air Balloon\n|move|p1a: Glimmora|Dazzling Gleam|p2a: Garchomp\n|-supereffective|p2a: Garchomp\n|-damage|p2a: Garchomp|0 fnt\n|faint|p2a: Garchomp\n|\n|upkeep\n|\n|t:|1700437734\n|switch|p2a: Rillaboom|Rillaboom, M|100\/100\n|-fieldstart|move: Grassy Terrain|[from] ability: Grassy Surge|[of] p2a: Rillaboom\n|turn|3\n|\n|t:|1700437746\n|move|p1a: Glimmora|Sludge Bomb|p2a: Rillaboom\n|-supereffective|p2a: Rillaboom\n|-damage|p2a: Rillaboom|0 fnt\n|faint|p2a: Rillaboom\n|\n|-heal|p1a: Glimmora|53\/100|[from] Grassy Terrain\n|upkeep\n|\n|t:|1700437749\n|switch|p2a: Sneasler|Sneasler, F|100\/100\n|-enditem|p2a: Sneasler|Grassy Seed\n|-boost|p2a: Sneasler|def|1|[from] item: Grassy Seed\n|turn|4\n|\n|t:|1700437764\n|move|p2a: Sneasler|Acrobatics|p1a: Glimmora\n|-resisted|p1a: Glimmora\n|-damage|p1a: Glimmora|27\/100\n|move|p1a: Glimmora|Dazzling Gleam|p2a: Sneasler\n|-damage|p2a: Sneasler|59\/100\n|\n|-heal|p2a: Sneasler|65\/100|[from] Grassy Terrain\n|-heal|p1a: Glimmora|34\/100|[from] Grassy Terrain\n|upkeep\n|turn|5\n|\n|t:|1700437772\n|move|p2a: Sneasler|Close Combat|p1a: Glimmora\n|-damage|p1a: Glimmora|0 fnt\n|-unboost|p2a: Sneasler|def|1\n|-unboost|p2a: Sneasler|spd|1\n|faint|p1a: Glimmora\n|\n|-heal|p2a: Sneasler|71\/100|[from] Grassy Terrain\n|upkeep\n|\n|t:|1700437784\n|switch|p1a: Torkoal|Torkoal, M|100\/100\n|-damage|p1a: Torkoal|76\/100|[from] Stealth Rock\n|-weather|SunnyDay|[from] ability: Drought|[of] p1a: Torkoal\n|turn|6\n|\n|t:|1700437793\n|move|p2a: Sneasler|Dire Claw|p1a: Torkoal\n|-damage|p1a: Torkoal|37\/100\n|-status|p1a: Torkoal|par\n|cant|p1a: Torkoal|par\n|\n|-weather|SunnyDay|[upkeep]\n|-heal|p2a: Sneasler|77\/100|[from] Grassy Terrain\n|-heal|p1a: Torkoal|44\/100 par|[from] Grassy Terrain\n|upkeep\n|turn|7\n|\n|t:|1700437805\n|move|p2a: Sneasler|Acrobatics|p1a: Torkoal\n|-damage|p1a: Torkoal|9\/100 par\n|cant|p1a: Torkoal|par\n|\n|-weather|SunnyDay|[upkeep]\n|-heal|p2a: Sneasler|83\/100|[from] Grassy Terrain\n|-heal|p1a: Torkoal|15\/100 par|[from] Grassy Terrain\n|upkeep\n|turn|8\n|\n|t:|1700437815\n|move|p2a: Sneasler|Acrobatics|p1a: Torkoal\n|-damage|p1a: Torkoal|0 fnt\n|faint|p1a: Torkoal\n|\n|-weather|SunnyDay|[upkeep]\n|-heal|p2a: Sneasler|89\/100|[from] Grassy Terrain\n|upkeep\n|\n|t:|1700437825\n|switch|p1a: Gholdengo|Gholdengo|100\/100\n|-damage|p1a: Gholdengo|94\/100|[from] Stealth Rock\n|turn|9\n|\n|t:|1700437834\n|move|p2a: Sneasler|Acrobatics|p1a: Gholdengo\n|-resisted|p1a: Gholdengo\n|-damage|p1a: Gholdengo|73\/100\n|move|p1a: Gholdengo|Shadow Ball|p2a: Sneasler\n|-damage|p2a: Sneasler|0 fnt\n|faint|p2a: Sneasler\n|\n|-weather|SunnyDay|[upkeep]\n|-heal|p1a: Gholdengo|80\/100|[from] Grassy Terrain\n|-heal|p1a: Gholdengo|86\/100|[from] item: Leftovers\n|upkeep\n|\n|t:|1700437847\n|switch|p2a: Cinderace|Cinderace, M|100\/100\n|turn|10\n|\n|t:|1700437851\n|switch|p1a: Dragonite|Dragonite, M|100\/100\n|-damage|p1a: Dragonite|75\/100|[from] Stealth Rock\n|move|p2a: Cinderace|Pyro Ball|p1a: Dragonite\n|-resisted|p1a: Dragonite\n|-damage|p1a: Dragonite|30\/100\n|\n|-weather|SunnyDay|[upkeep]\n|-fieldend|move: Grassy Terrain\n|upkeep\n|turn|11\n|\n|t:|1700437857\n|move|p2a: Cinderace|Zen Headbutt|p1a: Dragonite|[miss]\n|-start|p2a: Cinderace|typechange|Psychic|[from] ability: Libero\n|-miss|p2a: Cinderace|p1a: Dragonite\n|move|p1a: Dragonite|Rock Slide|p2a: Cinderace\n|-damage|p2a: Cinderace|57\/100\n|\n|-weather|SunnyDay|[upkeep]\n|upkeep\n|turn|12\n|\n|t:|1700437864\n|move|p2a: Cinderace|Zen Headbutt|p1a: Dragonite\n|-damage|p1a: Dragonite|0 fnt\n|faint|p1a: Dragonite\n|\n|-weather|SunnyDay|[upkeep]\n|upkeep\n|\n|t:|1700437867\n|switch|p1a: Dragapult|Dragapult, F|100\/100\n|-damage|p1a: Dragapult|88\/100|[from] Stealth Rock\n|turn|13\n|\n|t:|1700437873\n|move|p1a: Dragapult|Sucker Punch|p2a: Cinderace\n|-supereffective|p2a: Cinderace\n|-damage|p2a: Cinderace|0 fnt\n|faint|p2a: Cinderace\n|-damage|p1a: Dragapult|78\/100|[from] item: Life Orb\n|\n|-weather|none\n|upkeep\n|\n|t:|1700437875\n|switch|p2a: Gholdengo|Gholdengo|100\/100\n|-item|p2a: Gholdengo|Air Balloon\n|turn|14\n|\n|t:|1700437880\n|move|p1a: Dragapult|Sucker Punch|p2a: Gholdengo\n|-supereffective|p2a: Gholdengo\n|-damage|p2a: Gholdengo|41\/100\n|-enditem|p2a: Gholdengo|Air Balloon\n|-damage|p1a: Dragapult|69\/100|[from] item: Life Orb\n|move|p2a: Gholdengo|Shadow Ball|p1a: Dragapult\n|-supereffective|p1a: Dragapult\n|-damage|p1a: Dragapult|0 fnt\n|faint|p1a: Dragapult\n|\n|upkeep\n|\n|t:|1700437886\n|switch|p1a: Gholdengo|Gholdengo|86\/100\n|-damage|p1a: Gholdengo|80\/100|[from] Stealth Rock\n|turn|15\n|\n|t:|1700437894\n|-terastallize|p1a: Gholdengo|Steel\n|move|p1a: Gholdengo|Shadow Ball|p2a: Gholdengo\n|-supereffective|p2a: Gholdengo\n|-crit|p2a: Gholdengo\n|-damage|p2a: Gholdengo|0 fnt\n|faint|p2a: Gholdengo\n|\n|-heal|p1a: Gholdengo|86\/100|[from] item: Leftovers\n|upkeep\n|\n|t:|1700437899\n|switch|p2a: Kingambit|Kingambit, M|100\/100\n|-activate|p2a: Kingambit|ability: Supreme Overlord\n|-start|p2a: Kingambit|fallen5|[silent]\n|turn|16\n|\n|t:|1700437903\n|move|p1a: Gholdengo|Substitute|p1a: Gholdengo\n|-start|p1a: Gholdengo|Substitute\n|-damage|p1a: Gholdengo|61\/100\n|move|p2a: Kingambit|Swords Dance|p2a: Kingambit\n|-boost|p2a: Kingambit|atk|2\n|\n|-heal|p1a: Gholdengo|67\/100|[from] item: Leftovers\n|upkeep\n|turn|17\n|\n|t:|1700437927\n|move|p1a: Gholdengo|Nasty Plot|p1a: Gholdengo\n|-boost|p1a: Gholdengo|spa|2\n|move|p2a: Kingambit|Iron Head|p1a: Gholdengo\n|-resisted|p1a: Gholdengo\n|-end|p1a: Gholdengo|Substitute\n|\n|-heal|p1a: Gholdengo|73\/100|[from] item: Leftovers\n|upkeep\n|turn|18\n|\n|t:|1700437932\n|move|p1a: Gholdengo|Make It Rain|p2a: Kingambit\n|-resisted|p2a: Kingambit\n|-damage|p2a: Kingambit|3\/100\n|-unboost|p1a: Gholdengo|spa|1\n|move|p2a: Kingambit|Kowtow Cleave|p1a: Gholdengo\n|-damage|p1a: Gholdengo|0 fnt\n|faint|p1a: Gholdengo\n|\n|-heal|p2a: Kingambit|9\/100|[from] item: Leftovers\n|upkeep\n|\n|t:|1700437936\n|switch|p1a: Hatterene|Hatterene, F|100\/100\n|-damage|p1a: Hatterene|88\/100|[from] Stealth Rock\n|turn|19\n|\n|t:|1700437941\n|move|p2a: Kingambit|Iron Head|p1a: Hatterene\n|-supereffective|p1a: Hatterene\n|-damage|p1a: Hatterene|0 fnt\n|faint|p1a: Hatterene\n|\n|win|Demylord\n|raw|Bynthia's rating: 1038 &rarr; <strong>1022<\/strong><br \/>(-16 for losing)\n|raw|Demylord's rating: 1027 &rarr; <strong>1064<\/strong><br \/>(+37 for winning)\n","uploadtime":1700437945,"views":17,"p1id":"bynthia","p2id":"demylord","formatid":"gen9ou","rating":1022,"private":0,"password":""}