{"id":"gen9ou-1998127790","p1":"Test4823","p2":"jzhuc1841","format":"[Gen 9] OU","log":"|j|\u2606Test4823\n|j|\u2606jzhuc1841\n|t:|1700896424\n|gametype|singles\n|player|p1|Test4823|102|1450\n|player|p2|jzhuc1841|hilbert-wonderlauncher|1609\n|teamsize|p1|6\n|teamsize|p2|6\n|gen|9\n|tier|[Gen 9] OU\n|rated|\n|rule|Sleep Clause Mod: Limit one foe put to sleep\n|rule|Species Clause: Limit one of each Pok\u00e9mon\n|rule|OHKO Clause: OHKO moves are banned\n|rule|Evasion Items Clause: Evasion items are banned\n|rule|Evasion Moves Clause: Evasion moves are banned\n|rule|Endless Battle Clause: Forcing endless battles is banned\n|rule|HP Percentage Mod: HP is shown in percentages\n|clearpoke\n|poke|p1|Toxapex, M|\n|poke|p1|Meowscarada, F|\n|poke|p1|Heatran, M|\n|poke|p1|Goodra-Hisui, M|\n|poke|p1|Landorus-Therian, M|\n|poke|p1|Weezing-Galar, F|\n|poke|p2|Ogerpon-Wellspring, F|\n|poke|p2|Kingambit, F|\n|poke|p2|Iron Moth|\n|poke|p2|Iron Valiant|\n|poke|p2|Zamazenta-*|\n|poke|p2|Glimmora, F|\n|teampreview\n|inactive|Battle timer is ON: inactive players will automatically lose when time's up. (requested by Test4823)\n|\n|t:|1700896458\n|start\n|switch|p1a: Goodra|Goodra-Hisui, M|100\/100\n|switch|p2a: Glimmora|Glimmora, F|100\/100\n|-item|p2a: Glimmora|Air Balloon\n|turn|1\n|\n|t:|1700896462\n|move|p2a: Glimmora|Stealth Rock|p1a: Goodra\n|-sidestart|p1: Test4823|move: Stealth Rock\n|move|p1a: Goodra|Flash Cannon|p2a: Glimmora\n|-supereffective|p2a: Glimmora\n|-damage|p2a: Glimmora|0 fnt\n|-enditem|p2a: Glimmora|Air Balloon\n|faint|p2a: Glimmora\n|\n|upkeep\n|\n|t:|1700896470\n|switch|p2a: Zamazenta|Zamazenta|100\/100\n|-ability|p2a: Zamazenta|Dauntless Shield|boost\n|-boost|p2a: Zamazenta|def|1\n|turn|2\n|\n|t:|1700896475\n|switch|p1a: Weezing|Weezing-Galar, F|100\/100\n|-damage|p1a: Weezing|88\/100|[from] Stealth Rock\n|move|p2a: Zamazenta|Substitute|p2a: Zamazenta\n|-start|p2a: Zamazenta|Substitute\n|-damage|p2a: Zamazenta|76\/100\n|\n|-heal|p2a: Zamazenta|82\/100|[from] item: Leftovers\n|-heal|p1a: Weezing|94\/100|[from] item: Black Sludge\n|upkeep\n|turn|3\n|\n|t:|1700896481\n|move|p2a: Zamazenta|Iron Defense|p2a: Zamazenta\n|-boost|p2a: Zamazenta|def|2\n|move|p1a: Weezing|Strange Steam|p2a: Zamazenta\n|-supereffective|p2a: Zamazenta\n|-end|p2a: Zamazenta|Substitute\n|\n|-heal|p2a: Zamazenta|88\/100|[from] item: Leftovers\n|-heal|p1a: Weezing|99\/100|[from] item: Black Sludge\n|upkeep\n|turn|4\n|\n|t:|1700896487\n|-terastallize|p2a: Zamazenta|Steel\n|move|p2a: Zamazenta|Substitute|p2a: Zamazenta\n|-start|p2a: Zamazenta|Substitute\n|-damage|p2a: Zamazenta|63\/100\n|move|p1a: Weezing|Strange Steam|p2a: Zamazenta\n|-resisted|p2a: Zamazenta\n|-activate|p2a: Zamazenta|move: Substitute|[damage]\n|\n|-heal|p2a: Zamazenta|69\/100|[from] item: Leftovers\n|-heal|p1a: Weezing|100\/100|[from] item: Black Sludge\n|upkeep\n|turn|5\n|\n|t:|1700896502\n|move|p2a: Zamazenta|Iron Defense|p2a: Zamazenta\n|-boost|p2a: Zamazenta|def|2\n|move|p1a: Weezing|Defog|p2a: Zamazenta\n|-sideend|p1: Test4823|Stealth Rock|[from] move: Defog|[of] p1a: Weezing\n|\n|-heal|p2a: Zamazenta|75\/100|[from] item: Leftovers\n|upkeep\n|turn|6\n|\n|t:|1700896507\n|move|p2a: Zamazenta|Body Press|p1a: Weezing\n|-resisted|p1a: Weezing\n|-damage|p1a: Weezing|69\/100\n|move|p1a: Weezing|Strange Steam|p2a: Zamazenta\n|-resisted|p2a: Zamazenta\n|-end|p2a: Zamazenta|Substitute\n|\n|-heal|p2a: Zamazenta|81\/100|[from] item: Leftovers\n|-heal|p1a: Weezing|75\/100|[from] item: Black Sludge\n|upkeep\n|turn|7\n|\n|t:|1700896513\n|move|p2a: Zamazenta|Substitute|p2a: Zamazenta\n|-start|p2a: Zamazenta|Substitute\n|-damage|p2a: Zamazenta|57\/100\n|move|p1a: Weezing|Pain Split||[still]\n|-fail|p1a: Weezing\n|\n|-heal|p2a: Zamazenta|63\/100|[from] item: Leftovers\n|-heal|p1a: Weezing|81\/100|[from] item: Black Sludge\n|upkeep\n|turn|8\n|\n|t:|1700896518\n|move|p2a: Zamazenta|Body Press|p1a: Weezing\n|-resisted|p1a: Weezing\n|-damage|p1a: Weezing|49\/100\n|move|p1a: Weezing|Strange Steam|p2a: Zamazenta\n|-resisted|p2a: Zamazenta\n|-activate|p2a: Zamazenta|move: Substitute|[damage]\n|\n|-heal|p2a: Zamazenta|69\/100|[from] item: Leftovers\n|-heal|p1a: Weezing|55\/100|[from] item: Black Sludge\n|upkeep\n|turn|9\n|\n|t:|1700896524\n|move|p2a: Zamazenta|Body Press|p1a: Weezing\n|-resisted|p1a: Weezing\n|-damage|p1a: Weezing|23\/100\n|move|p1a: Weezing|Strange Steam|p2a: Zamazenta\n|-resisted|p2a: Zamazenta\n|-end|p2a: Zamazenta|Substitute\n|\n|-heal|p2a: Zamazenta|75\/100|[from] item: Leftovers\n|-heal|p1a: Weezing|29\/100|[from] item: Black Sludge\n|upkeep\n|turn|10\n|\n|t:|1700896532\n|switch|p1a: Toxapex|Toxapex, M|100\/100\n|move|p2a: Zamazenta|Substitute|p2a: Zamazenta\n|-start|p2a: Zamazenta|Substitute\n|-damage|p2a: Zamazenta|50\/100\n|\n|-heal|p2a: Zamazenta|56\/100|[from] item: Leftovers\n|upkeep\n|turn|11\n|\n|t:|1700896534\n|move|p2a: Zamazenta|Body Press|p1a: Toxapex\n|-resisted|p1a: Toxapex\n|-damage|p1a: Toxapex|45\/100\n|move|p1a: Toxapex|Surf|p2a: Zamazenta\n|-end|p2a: Zamazenta|Substitute\n|\n|-heal|p2a: Zamazenta|62\/100|[from] item: Leftovers\n|upkeep\n|turn|12\n|\n|t:|1700896555\n|switch|p1a: Goodra|Goodra-Hisui, M|100\/100\n|move|p2a: Zamazenta|Body Press|p1a: Goodra\n|-supereffective|p1a: Goodra\n|-damage|p1a: Goodra|0 fnt\n|faint|p1a: Goodra\n|\n|-heal|p2a: Zamazenta|68\/100|[from] item: Leftovers\n|upkeep\n|\n|t:|1700896566\n|switch|p1a: Landorus|Landorus-Therian, M|100\/100\n|-ability|p1a: Landorus|Intimidate|boost\n|-unboost|p2a: Zamazenta|atk|1\n|turn|13\n|\n|t:|1700896571\n|move|p1a: Landorus|Hammer Arm|p2a: Zamazenta\n|-supereffective|p2a: Zamazenta\n|-damage|p2a: Zamazenta|53\/100\n|-unboost|p1a: Landorus|spe|1\n|move|p2a: Zamazenta|Substitute|p2a: Zamazenta\n|-start|p2a: Zamazenta|Substitute\n|-damage|p2a: Zamazenta|28\/100\n|\n|-heal|p2a: Zamazenta|34\/100|[from] item: Leftovers\n|upkeep\n|turn|14\n|\n|t:|1700896581\n|switch|p1a: Weezing|Weezing-Galar, F|29\/100\n|move|p2a: Zamazenta|Body Press|p1a: Weezing\n|-resisted|p1a: Weezing\n|-damage|p1a: Weezing|0 fnt\n|faint|p1a: Weezing\n|\n|-heal|p2a: Zamazenta|40\/100|[from] item: Leftovers\n|upkeep\n|\n|t:|1700896585\n|switch|p1a: Heatran|Heatran, M|100\/100\n|-item|p1a: Heatran|Air Balloon\n|turn|15\n|\n|t:|1700896589\n|-terastallize|p1a: Heatran|Grass\n|move|p2a: Zamazenta|Body Press|p1a: Heatran\n|-damage|p1a: Heatran|0 fnt\n|-enditem|p1a: Heatran|Air Balloon\n|faint|p1a: Heatran\n|\n|-heal|p2a: Zamazenta|47\/100|[from] item: Leftovers\n|upkeep\n|\n|t:|1700896597\n|switch|p1a: Landorus|Landorus-Therian, M|100\/100\n|-ability|p1a: Landorus|Intimidate|boost\n|-immune|p2a: Zamazenta\n|turn|16\n|\n|t:|1700896599\n|move|p1a: Landorus|Earthquake|p2a: Zamazenta\n|-supereffective|p2a: Zamazenta\n|-activate|p2a: Zamazenta|move: Substitute|[damage]\n|move|p2a: Zamazenta|Body Press|p1a: Landorus\n|-resisted|p1a: Landorus\n|-damage|p1a: Landorus|17\/100\n|\n|-heal|p2a: Zamazenta|53\/100|[from] item: Leftovers\n|upkeep\n|turn|17\n|\n|t:|1700896606\n|move|p1a: Landorus|Earthquake|p2a: Zamazenta\n|-supereffective|p2a: Zamazenta\n|-end|p2a: Zamazenta|Substitute\n|move|p2a: Zamazenta|Body Press|p1a: Landorus\n|-resisted|p1a: Landorus\n|-damage|p1a: Landorus|0 fnt\n|faint|p1a: Landorus\n|\n|-heal|p2a: Zamazenta|59\/100|[from] item: Leftovers\n|upkeep\n|\n|t:|1700896609\n|switch|p1a: Meowscarada|Meowscarada, F|100\/100\n|turn|18\n|\n|t:|1700896614\n|move|p1a: Meowscarada|Brick Break|p2a: Zamazenta\n|-start|p1a: Meowscarada|typechange|Fighting|[from] ability: Protean\n|-supereffective|p2a: Zamazenta\n|-damage|p2a: Zamazenta|38\/100\n|move|p2a: Zamazenta|Body Press|p1a: Meowscarada\n|-damage|p1a: Meowscarada|0 fnt\n|faint|p1a: Meowscarada\n|\n|-heal|p2a: Zamazenta|44\/100|[from] item: Leftovers\n|upkeep\n|\n|t:|1700896619\n|switch|p1a: Toxapex|Toxapex, M|78\/100\n|turn|19\n|\n|t:|1700896624\n|move|p2a: Zamazenta|Substitute|p2a: Zamazenta\n|-start|p2a: Zamazenta|Substitute\n|-damage|p2a: Zamazenta|19\/100\n|move|p1a: Toxapex|Surf|p2a: Zamazenta\n|-end|p2a: Zamazenta|Substitute\n|\n|-heal|p2a: Zamazenta|25\/100|[from] item: Leftovers\n|upkeep\n|turn|20\n|\n|t:|1700896628\n|move|p2a: Zamazenta|Body Press|p1a: Toxapex\n|-resisted|p1a: Toxapex\n|-damage|p1a: Toxapex|18\/100\n|move|p1a: Toxapex|Surf|p2a: Zamazenta\n|-damage|p2a: Zamazenta|0 fnt\n|faint|p2a: Zamazenta\n|\n|upkeep\n|\n|t:|1700896634\n|switch|p2a: Iron Valiant|Iron Valiant|100\/100\n|-enditem|p2a: Iron Valiant|Booster Energy\n|-activate|p2a: Iron Valiant|ability: Quark Drive|[fromitem]\n|-start|p2a: Iron Valiant|quarkdrivespe\n|turn|21\n|\n|t:|1700896637\n|move|p2a: Iron Valiant|Thunderbolt|p1a: Toxapex\n|-supereffective|p1a: Toxapex\n|-damage|p1a: Toxapex|0 fnt\n|faint|p1a: Toxapex\n|\n|win|jzhuc1841\n|raw|Test4823's rating: 1450 &rarr; <strong>1439<\/strong><br \/>(-11 for losing)\n|raw|jzhuc1841's rating: 1609 &rarr; <strong>1620<\/strong><br \/>(+11 for winning)\n|c|\u2606Test4823|gg\n|c|\u2606jzhuc1841|gg\n|l|\u2606Test4823\n","uploadtime":1700896650,"views":7,"p1id":"test4823","p2id":"jzhuc1841","formatid":"gen9ou","rating":1439,"private":0,"password":""}