{"id":"gen9ou-1996081156","p1":"red_texan","p2":"The Dollar","format":"[Gen 9] OU","log":"|j|\u2606red_texan\n|j|\u2606The Dollar\n|t:|1700640992\n|gametype|singles\n|player|p1|red_texan|hapu|1074\n|player|p2|The Dollar|elesa|1089\n|teamsize|p1|6\n|teamsize|p2|6\n|gen|9\n|tier|[Gen 9] OU\n|rated|\n|rule|Sleep Clause Mod: Limit one foe put to sleep\n|rule|Species Clause: Limit one of each Pok\u00e9mon\n|rule|OHKO Clause: OHKO moves are banned\n|rule|Evasion Items Clause: Evasion items are banned\n|rule|Evasion Moves Clause: Evasion moves are banned\n|rule|Endless Battle Clause: Forcing endless battles is banned\n|rule|HP Percentage Mod: HP is shown in percentages\n|clearpoke\n|poke|p1|Walking Wake|\n|poke|p1|Ceruledge, M|\n|poke|p1|Torkoal, M|\n|poke|p1|Slither Wing|\n|poke|p1|Espeon, F|\n|poke|p1|Volcanion|\n|poke|p2|Iron Moth|\n|poke|p2|Great Tusk|\n|poke|p2|Gholdengo|\n|poke|p2|Dragonite, F|\n|poke|p2|Ogerpon-Cornerstone, F|\n|poke|p2|Greninja-*, M|\n|teampreview\n|j| LilTomBoi\n|\n|t:|1700641019\n|start\n|switch|p1a: Torkoal|Torkoal, M|100\/100\n|switch|p2a: punisher|Dragonite, F|100\/100\n|-weather|SunnyDay|[from] ability: Drought|[of] p1a: Torkoal\n|turn|1\n|\n|t:|1700641029\n|move|p2a: punisher|Earthquake|p1a: Torkoal\n|-supereffective|p1a: Torkoal\n|-damage|p1a: Torkoal|35\/100\n|move|p1a: Torkoal|Rapid Spin|p2a: punisher\n|-damage|p2a: punisher|96\/100\n|-boost|p1a: Torkoal|spe|1\n|\n|-weather|SunnyDay|[upkeep]\n|upkeep\n|turn|2\n|\n|t:|1700641039\n|switch|p1a: Slither Wing|Slither Wing|100\/100\n|-activate|p1a: Slither Wing|ability: Protosynthesis\n|-start|p1a: Slither Wing|protosynthesisatk\n|move|p2a: punisher|Earthquake|p1a: Slither Wing\n|-resisted|p1a: Slither Wing\n|-damage|p1a: Slither Wing|79\/100\n|\n|-weather|SunnyDay|[upkeep]\n|upkeep\n|turn|3\n|\n|t:|1700641050\n|-end|p1a: Slither Wing|Protosynthesis|[silent]\n|switch|p1a: Torkoal|Torkoal, M|35\/100\n|move|p2a: punisher|Ice Spinner|p1a: Torkoal\n|-resisted|p1a: Torkoal\n|-damage|p1a: Torkoal|25\/100\n|\n|-weather|SunnyDay|[upkeep]\n|upkeep\n|turn|4\n|\n|t:|1700641075\n|switch|p1a: Espeon|Espeon, F|100\/100\n|move|p2a: punisher|Earthquake|p1a: Espeon\n|-damage|p1a: Espeon|32\/100\n|\n|-weather|SunnyDay|[upkeep]\n|-heal|p1a: Espeon|38\/100|[from] item: Leftovers\n|upkeep\n|turn|5\n|c| LilTomBoi|u r so hot\n|inactive|Battle timer is ON: inactive players will automatically lose when time's up. (requested by The Dollar)\n|\n|t:|1700641082\n|move|p2a: punisher|Earthquake|p1a: Espeon\n|-damage|p1a: Espeon|0 fnt\n|faint|p1a: Espeon\n|\n|-weather|SunnyDay|[upkeep]\n|upkeep\n|c|\u2606red_texan|well im gonna die to dragonite\n|\n|t:|1700641090\n|switch|p1a: Walking Wake|Walking Wake|100\/100\n|-activate|p1a: Walking Wake|ability: Protosynthesis\n|-start|p1a: Walking Wake|protosynthesisspa\n|turn|6\n|\n|t:|1700641102\n|move|p1a: Walking Wake|Dragon Pulse|p2a: punisher\n|-supereffective|p2a: punisher\n|-damage|p2a: punisher|0 fnt\n|faint|p2a: punisher\n|\n|-weather|SunnyDay|[upkeep]\n|upkeep\n|\n|t:|1700641114\n|switch|p2a: Jumper|Greninja, M|100\/100\n|turn|7\n|c|\u2606The Dollar|U are Hot\n|c|\u2606The Dollar|Can I get your snap?\n|inactive|red_texan has 120 seconds left.\n|\n|t:|1700641154\n|-end|p1a: Walking Wake|Protosynthesis|[silent]\n|switch|p1a: Volcanion|Volcanion|100\/100\n|move|p2a: Jumper|Dark Pulse|p1a: Volcanion\n|-damage|p1a: Volcanion|73\/100\n|\n|-weather|SunnyDay|[upkeep]\n|upkeep\n|turn|8\n|\n|t:|1700641169\n|move|p2a: Jumper|Dark Pulse|p1a: Volcanion\n|-damage|p1a: Volcanion|48\/100\n|move|p1a: Volcanion|Solar Beam||[still]\n|-prepare|p1a: Volcanion|Solar Beam\n|-anim|p1a: Volcanion|Solar Beam|p2a: Jumper\n|-supereffective|p2a: Jumper\n|-enditem|p2a: Jumper|Focus Sash\n|-damage|p2a: Jumper|1\/100\n|\n|-weather|none\n|upkeep\n|turn|9\n|c| LilTomBoi|im on the kik app\n|\n|t:|1700641183\n|switch|p1a: Torkoal|Torkoal, M|25\/100\n|-weather|SunnyDay|[from] ability: Drought|[of] p1a: Torkoal\n|move|p2a: Jumper|Dark Pulse|p1a: Torkoal\n|-damage|p1a: Torkoal|0 fnt\n|faint|p1a: Torkoal\n|-ability|p2a: Jumper|Battle Bond|boost\n|-boost|p2a: Jumper|atk|1\n|-boost|p2a: Jumper|spa|1\n|-boost|p2a: Jumper|spe|1\n|-activate|p2a: Jumper|ability: Battle Bond\n|\n|-weather|SunnyDay|[upkeep]\n|upkeep\n|\n|t:|1700641190\n|switch|p1a: Ceruledge|Ceruledge, M|100\/100\n|turn|10\n|\n|t:|1700641198\n|move|p1a: Ceruledge|Shadow Sneak|p2a: Jumper\n|-resisted|p2a: Jumper\n|-damage|p2a: Jumper|0 fnt\n|faint|p2a: Jumper\n|\n|-weather|SunnyDay|[upkeep]\n|upkeep\n|\n|t:|1700641203\n|switch|p2a: Mr gyosier|Ogerpon-Cornerstone, F|100\/100\n|turn|11\n|c|\u2606The Dollar|I wanna see you\n|\n|t:|1700641219\n|move|p2a: Mr gyosier|Knock Off|p1a: Ceruledge\n|-supereffective|p1a: Ceruledge\n|-enditem|p1a: Ceruledge|Focus Sash\n|-damage|p1a: Ceruledge|1\/100\n|move|p1a: Ceruledge|Bitter Blade|p2a: Mr gyosier\n|-damage|p2a: Mr gyosier|11\/100\n|-heal|p1a: Ceruledge|47\/100|[from] drain|[of] p2a: Mr gyosier\n|\n|-weather|SunnyDay|[upkeep]\n|upkeep\n|turn|12\n|c|\u2606The Dollar|naked\n|\n|t:|1700641232\n|move|p1a: Ceruledge|Shadow Sneak|p2a: Mr gyosier\n|-damage|p2a: Mr gyosier|0 fnt\n|faint|p2a: Mr gyosier\n|\n|-weather|SunnyDay|[upkeep]\n|upkeep\n|\n|t:|1700641244\n|switch|p2a: type Z|Iron Moth|100\/100\n|-enditem|p2a: type Z|Booster Energy\n|-activate|p2a: type Z|ability: Quark Drive|[fromitem]\n|-start|p2a: type Z|quarkdrivespe\n|turn|13\n|c|\u2606The Dollar|im just kiddin\n|inactive|red_texan has 120 seconds left.\n|\n|t:|1700641278\n|switch|p1a: Slither Wing|Slither Wing|79\/100\n|-activate|p1a: Slither Wing|ability: Protosynthesis\n|-start|p1a: Slither Wing|protosynthesisatk\n|-terastallize|p2a: type Z|Dark\n|move|p2a: type Z|Tera Blast|p1a: Slither Wing|[anim] Tera Blast Dark\n|-resisted|p1a: Slither Wing\n|-damage|p1a: Slither Wing|64\/100\n|\n|-weather|SunnyDay|[upkeep]\n|upkeep\n|turn|14\n|inactive|red_texan has 120 seconds left.\n|c|\u2606The Dollar|I mean not in real life\n|\n|t:|1700641298\n|-terastallize|p1a: Slither Wing|Rock\n|move|p2a: type Z|Dazzling Gleam|p1a: Slither Wing\n|-crit|p1a: Slither Wing\n|-damage|p1a: Slither Wing|31\/100\n|move|p1a: Slither Wing|Morning Sun|p1a: Slither Wing\n|-heal|p1a: Slither Wing|98\/100\n|\n|-weather|SunnyDay|[upkeep]\n|upkeep\n|turn|15\n|inactive|red_texan has 120 seconds left.\n|\n|t:|1700641315\n|move|p2a: type Z|Energy Ball|p1a: Slither Wing\n|-supereffective|p1a: Slither Wing\n|-damage|p1a: Slither Wing|52\/100\n|move|p1a: Slither Wing|Leech Life|p2a: type Z\n|-supereffective|p2a: type Z\n|-damage|p2a: type Z|0 fnt\n|-heal|p1a: Slither Wing|92\/100|[from] drain|[of] p2a: type Z\n|faint|p2a: type Z\n|-end|p2a: type Z|Quark Drive|[silent]\n|\n|-weather|SunnyDay|[upkeep]\n|upkeep\n|\n|t:|1700641326\n|switch|p2a: facilier|Great Tusk|100\/100\n|-activate|p2a: facilier|ability: Protosynthesis\n|-start|p2a: facilier|protosynthesisatk\n|turn|16\n|inactive|red_texan has 120 seconds left.\n|\n|t:|1700641336\n|move|p2a: facilier|Headlong Rush|p1a: Slither Wing\n|-supereffective|p1a: Slither Wing\n|-damage|p1a: Slither Wing|0 fnt\n|-unboost|p2a: facilier|def|1\n|-unboost|p2a: facilier|spd|1\n|faint|p1a: Slither Wing\n|-end|p1a: Slither Wing|Protosynthesis|[silent]\n|\n|-weather|none\n|-end|p2a: facilier|Protosynthesis\n|upkeep\n|-enditem|p2a: facilier|Booster Energy\n|-activate|p2a: facilier|ability: Protosynthesis|[fromitem]\n|-start|p2a: facilier|protosynthesisatk\n|\n|t:|1700641339\n|switch|p1a: Walking Wake|Walking Wake|100\/100\n|turn|17\n|\n|t:|1700641348\n|move|p1a: Walking Wake|Hydro Steam|p2a: facilier\n|-supereffective|p2a: facilier\n|-damage|p2a: facilier|0 fnt\n|faint|p2a: facilier\n|-end|p2a: facilier|Protosynthesis|[silent]\n|\n|upkeep\n|-message|The Dollar forfeited.\n|\n|win|red_texan\n|raw|red_texan's rating: 1074 &rarr; <strong>1104<\/strong><br \/>(+30 for winning)\n|raw|The Dollar's rating: 1089 &rarr; <strong>1065<\/strong><br \/>(-24 for losing)\n|l|\u2606The Dollar\n","uploadtime":1700641269,"views":0,"p1id":"redtexan","p2id":"thedollar","formatid":"gen9ou","rating":1065,"private":0,"password":""}