{"id":"gen9ou-1998103334","p1":"stargirlkirin","p2":"Swizzo12","format":"[Gen 9] OU","log":"|j|\u2606stargirlkirin\n|j|\u2606Swizzo12\n|t:|1700891838\n|gametype|singles\n|player|p1|stargirlkirin|hexmaniac-gen6|1622\n|player|p2|Swizzo12|1|1511\n|teamsize|p1|6\n|teamsize|p2|6\n|gen|9\n|tier|[Gen 9] OU\n|rated|\n|rule|Sleep Clause Mod: Limit one foe put to sleep\n|rule|Species Clause: Limit one of each Pok\u00e9mon\n|rule|OHKO Clause: OHKO moves are banned\n|rule|Evasion Items Clause: Evasion items are banned\n|rule|Evasion Moves Clause: Evasion moves are banned\n|rule|Endless Battle Clause: Forcing endless battles is banned\n|rule|HP Percentage Mod: HP is shown in percentages\n|clearpoke\n|poke|p1|Ribombee, F|\n|poke|p1|Ogerpon-Wellspring, F|\n|poke|p1|Iron Moth|\n|poke|p1|Gholdengo|\n|poke|p1|Manaphy|\n|poke|p1|Kingambit, F|\n|poke|p2|Lucario, F|\n|poke|p2|Landorus-Therian, M|\n|poke|p2|Zapdos|\n|poke|p2|Walking Wake|\n|poke|p2|Ceruledge, M|\n|poke|p2|Tyranitar, M|\n|teampreview\n|inactive|Battle timer is ON: inactive players will automatically lose when time's up. (requested by stargirlkirin)\n|\n|t:|1700891863\n|start\n|switch|p1a: Daisy|Ribombee, F|100\/100\n|switch|p2a: Ceruledge|Ceruledge, M|100\/100\n|turn|1\n|inactive|stargirlkirin has 120 seconds left.\n|\n|t:|1700891897\n|move|p1a: Daisy|Sticky Web|p2a: Ceruledge\n|-sidestart|p2: Swizzo12|move: Sticky Web\n|move|p2a: Ceruledge|Swords Dance|p2a: Ceruledge\n|-boost|p2a: Ceruledge|atk|2\n|\n|upkeep\n|turn|2\n|\n|t:|1700891901\n|-terastallize|p2a: Ceruledge|Grass\n|move|p1a: Daisy|Stun Spore|p2a: Ceruledge\n|-immune|p2a: Ceruledge\n|move|p2a: Ceruledge|Bitter Blade|p1a: Daisy\n|-supereffective|p1a: Daisy\n|-enditem|p1a: Daisy|Focus Sash\n|-damage|p1a: Daisy|1\/100\n|\n|upkeep\n|turn|3\n|\n|t:|1700891906\n|move|p2a: Ceruledge|Shadow Sneak|p1a: Daisy\n|-crit|p1a: Daisy\n|-damage|p1a: Daisy|0 fnt\n|faint|p1a: Daisy\n|\n|upkeep\n|j| Jan7498\n|\n|t:|1700891915\n|switch|p1a: Solaire|Iron Moth|100\/100\n|-enditem|p1a: Solaire|Booster Energy\n|-activate|p1a: Solaire|ability: Quark Drive|[fromitem]\n|-start|p1a: Solaire|quarkdrivespe\n|turn|4\n|\n|t:|1700891921\n|move|p1a: Solaire|Fiery Dance|p2a: Ceruledge\n|-start|p2a: Ceruledge|ability: Flash Fire\n|move|p2a: Ceruledge|Bitter Blade|p1a: Solaire\n|-resisted|p1a: Solaire\n|-damage|p1a: Solaire|0 fnt\n|faint|p1a: Solaire\n|-end|p1a: Solaire|Quark Drive|[silent]\n|\n|upkeep\n|\n|t:|1700891943\n|switch|p1a: Mozzarella|Gholdengo|100\/100\n|-item|p1a: Mozzarella|Air Balloon\n|turn|5\n|\n|t:|1700891947\n|move|p2a: Ceruledge|Bitter Blade|p1a: Mozzarella\n|-supereffective|p1a: Mozzarella\n|-damage|p1a: Mozzarella|0 fnt\n|-enditem|p1a: Mozzarella|Air Balloon\n|faint|p1a: Mozzarella\n|\n|upkeep\n|\n|t:|1700891954\n|switch|p1a: Isla|Manaphy|100\/100\n|turn|6\n|\n|t:|1700891957\n|move|p1a: Isla|Ice Beam|p2a: Ceruledge\n|-supereffective|p2a: Ceruledge\n|-damage|p2a: Ceruledge|37\/100\n|move|p2a: Ceruledge|Tera Blast|p1a: Isla|[anim] Tera Blast Grass\n|-supereffective|p1a: Isla\n|-damage|p1a: Isla|0 fnt\n|faint|p1a: Isla\n|\n|upkeep\n|\n|t:|1700891967\n|switch|p1a: Marina|Ogerpon-Wellspring, F|100\/100\n|turn|7\n|\n|t:|1700891969\n|move|p2a: Ceruledge|Shadow Sneak|p1a: Marina\n|-damage|p1a: Marina|48\/100\n|move|p1a: Marina|Power Whip|p2a: Ceruledge\n|-resisted|p2a: Ceruledge\n|-damage|p2a: Ceruledge|0 fnt\n|faint|p2a: Ceruledge\n|\n|upkeep\n|\n|t:|1700891971\n|switch|p2a: Landorus|Landorus-Therian, M|100\/100\n|-ability|p2a: Landorus|Intimidate|boost\n|-unboost|p1a: Marina|atk|1\n|turn|8\n|\n|t:|1700891983\n|-terastallize|p1a: Marina|Water\n|detailschange|p1a: Marina|Ogerpon-Wellspring-Tera, F, tera:Water\n|-ability|p1a: Marina|Embody Aspect (Wellspring)|boost\n|-boost|p1a: Marina|spd|1\n|move|p2a: Landorus|U-turn|p1a: Marina\n|-damage|p1a: Marina|15\/100\n|\n|t:|1700891990\n|switch|p2a: Walking Wake|Walking Wake|100\/100|[from] U-turn\n|-activate|p2a: Walking Wake|move: Sticky Web\n|-unboost|p2a: Walking Wake|spe|1\n|move|p1a: Marina|Swords Dance|p1a: Marina\n|-boost|p1a: Marina|atk|2\n|\n|upkeep\n|turn|9\n|\n|t:|1700891996\n|move|p1a: Marina|Power Whip|p2a: Walking Wake\n|-damage|p2a: Walking Wake|0 fnt\n|faint|p2a: Walking Wake\n|-end|p2a: Walking Wake|Protosynthesis|[silent]\n|\n|upkeep\n|\n|t:|1700892000\n|switch|p2a: Lucario|Lucario, F|100\/100\n|-activate|p2a: Lucario|move: Sticky Web\n|-unboost|p2a: Lucario|spe|1\n|turn|10\n|\n|t:|1700892005\n|move|p2a: Lucario|Extreme Speed|p1a: Marina\n|-damage|p1a: Marina|0 fnt\n|faint|p1a: Marina\n|-damage|p2a: Lucario|91\/100|[from] item: Life Orb\n|\n|upkeep\n|\n|t:|1700892011\n|switch|p1a: Chimera|Kingambit, F|100\/100\n|-activate|p1a: Chimera|ability: Supreme Overlord\n|-start|p1a: Chimera|fallen5|[silent]\n|turn|11\n|\n|t:|1700892014\n|move|p2a: Lucario|Close Combat|p1a: Chimera\n|-supereffective|p1a: Chimera\n|-damage|p1a: Chimera|0 fnt\n|-unboost|p2a: Lucario|def|1\n|-unboost|p2a: Lucario|spd|1\n|faint|p1a: Chimera\n|-end|p1a: Chimera|fallen5|[silent]\n|-damage|p2a: Lucario|81\/100|[from] item: Life Orb\n|\n|win|Swizzo12\n|raw|stargirlkirin's rating: 1622 &rarr; <strong>1596<\/strong><br \/>(-26 for losing)\n|raw|Swizzo12's rating: 1511 &rarr; <strong>1537<\/strong><br \/>(+26 for winning)\n|c|\u2606stargirlkirin|man wtf is that set\n|l|\u2606Swizzo12\n|l|\u2606stargirlkirin\n|l| Jan7498\n","uploadtime":1700892923,"views":2,"p1id":"stargirlkirin","p2id":"swizzo12","formatid":"gen9ou","rating":1537,"private":0,"password":""}