{"id":"gen9ou-1997828354","p1":"twaxo","p2":"p0k3d0c70r","format":"[Gen 9] OU","log":"|j|\u2606twaxo\n|j|\u2606p0k3d0c70r\n|t:|1700857110\n|gametype|singles\n|player|p1|twaxo|grimsley|1096\n|player|p2|p0k3d0c70r|265|1040\n|teamsize|p1|6\n|teamsize|p2|6\n|gen|9\n|tier|[Gen 9] OU\n|rated|\n|rule|Sleep Clause Mod: Limit one foe put to sleep\n|rule|Species Clause: Limit one of each Pok\u00e9mon\n|rule|OHKO Clause: OHKO moves are banned\n|rule|Evasion Items Clause: Evasion items are banned\n|rule|Evasion Moves Clause: Evasion moves are banned\n|rule|Endless Battle Clause: Forcing endless battles is banned\n|rule|HP Percentage Mod: HP is shown in percentages\n|clearpoke\n|poke|p1|Dragapult, M|\n|poke|p1|Kingambit, M|\n|poke|p1|Iron Valiant|\n|poke|p1|Gholdengo|\n|poke|p1|Glimmora, F|\n|poke|p1|Zamazenta-*|\n|poke|p2|Walking Wake|\n|poke|p2|Kingambit, M|\n|poke|p2|Chansey, F|\n|poke|p2|Klefki, M|\n|poke|p2|Sinistcha-Masterpiece|\n|poke|p2|Maushold-Four|\n|teampreview\n|\n|t:|1700857125\n|start\n|switch|p1a: Fleur Eclat|Glimmora, F, shiny|100\/100\n|switch|p2a: Klefki|Klefki, M, shiny|100\/100\n|turn|1\n|\n|t:|1700857140\n|move|p2a: Klefki|Light Screen|p2a: Klefki\n|-sidestart|p2: p0k3d0c70r|move: Light Screen\n|move|p1a: Fleur Eclat|Stealth Rock|p2a: Klefki\n|-sidestart|p2: p0k3d0c70r|move: Stealth Rock\n|\n|upkeep\n|turn|2\n|\n|t:|1700857150\n|switch|p1a: En Garde|Iron Valiant, shiny|100\/100\n|-enditem|p1a: En Garde|Booster Energy\n|-activate|p1a: En Garde|ability: Quark Drive|[fromitem]\n|-start|p1a: En Garde|quarkdrivespe\n|move|p2a: Klefki|Reflect|p2a: Klefki\n|-sidestart|p2: p0k3d0c70r|Reflect\n|\n|upkeep\n|turn|3\n|\n|t:|1700857169\n|move|p2a: Klefki|Spikes|p1a: En Garde\n|-sidestart|p1: twaxo|Spikes\n|move|p1a: En Garde|Encore|p2a: Klefki\n|-start|p2a: Klefki|Encore\n|\n|upkeep\n|turn|4\n|\n|t:|1700857179\n|move|p2a: Klefki|Spikes|p1a: En Garde\n|-sidestart|p1: twaxo|Spikes\n|move|p1a: En Garde|Calm Mind|p1a: En Garde\n|-boost|p1a: En Garde|spa|1\n|-boost|p1a: En Garde|spd|1\n|\n|upkeep\n|turn|5\n|\n|t:|1700857185\n|move|p2a: Klefki|Spikes|p1a: En Garde\n|-sidestart|p1: twaxo|Spikes\n|move|p1a: En Garde|Calm Mind|p1a: En Garde\n|-boost|p1a: En Garde|spa|1\n|-boost|p1a: En Garde|spd|1\n|\n|upkeep\n|turn|6\n|\n|t:|1700857196\n|switch|p2a: Chansey|Chansey, F, shiny|100\/100\n|-damage|p2a: Chansey|88\/100|[from] Stealth Rock\n|move|p1a: En Garde|Calm Mind|p1a: En Garde\n|-boost|p1a: En Garde|spa|1\n|-boost|p1a: En Garde|spd|1\n|\n|upkeep\n|turn|7\n|\n|t:|1700857214\n|move|p1a: En Garde|Psyshock|p2a: Chansey\n|-damage|p2a: Chansey|64\/100\n|move|p2a: Chansey|Thunder Wave|p1a: En Garde\n|-status|p1a: En Garde|par\n|\n|upkeep\n|turn|8\n|\n|t:|1700857221\n|move|p1a: En Garde|Moonblast|p2a: Chansey\n|-damage|p2a: Chansey|49\/100\n|move|p2a: Chansey|Seismic Toss|p1a: En Garde\n|-damage|p1a: En Garde|66\/100 par\n|\n|-sideend|p2: p0k3d0c70r|move: Light Screen\n|upkeep\n|turn|9\n|\n|t:|1700857233\n|move|p1a: En Garde|Moonblast|p2a: Chansey\n|-damage|p2a: Chansey|17\/100\n|-unboost|p2a: Chansey|spa|1\n|move|p2a: Chansey|Soft-Boiled|p2a: Chansey\n|-heal|p2a: Chansey|67\/100\n|\n|-sideend|p2: p0k3d0c70r|Reflect\n|upkeep\n|turn|10\n|\n|t:|1700857243\n|cant|p1a: En Garde|par\n|move|p2a: Chansey|Soft-Boiled|p2a: Chansey\n|-heal|p2a: Chansey|100\/100\n|\n|upkeep\n|turn|11\n|\n|t:|1700857249\n|move|p1a: En Garde|Calm Mind|p1a: En Garde\n|-boost|p1a: En Garde|spa|1\n|-boost|p1a: En Garde|spd|1\n|move|p2a: Chansey|Seismic Toss|p1a: En Garde\n|-damage|p1a: En Garde|32\/100 par\n|\n|upkeep\n|turn|12\n|\n|t:|1700857262\n|move|p1a: En Garde|Moonblast|p2a: Chansey\n|-damage|p2a: Chansey|61\/100\n|move|p2a: Chansey|Seismic Toss|p1a: En Garde\n|-damage|p1a: En Garde|0 fnt\n|faint|p1a: En Garde\n|-end|p1a: En Garde|Quark Drive|[silent]\n|\n|upkeep\n|\n|t:|1700857286\n|switch|p1a: c'est \u00e7a ?|Zamazenta, shiny|100\/100\n|-damage|p1a: c'est \u00e7a ?|76\/100|[from] Spikes\n|-ability|p1a: c'est \u00e7a ?|Dauntless Shield|boost\n|-boost|p1a: c'est \u00e7a ?|def|1\n|turn|13\n|\n|t:|1700857297\n|switch|p2a: Klefki|Klefki, M, shiny|100\/100\n|-damage|p2a: Klefki|95\/100|[from] Stealth Rock\n|move|p1a: c'est \u00e7a ?|Substitute|p1a: c'est \u00e7a ?\n|-start|p1a: c'est \u00e7a ?|Substitute\n|-damage|p1a: c'est \u00e7a ?|51\/100\n|\n|-heal|p1a: c'est \u00e7a ?|57\/100|[from] item: Leftovers\n|upkeep\n|turn|14\n|\n|t:|1700857312\n|move|p2a: Klefki|Reflect|p2a: Klefki\n|-sidestart|p2: p0k3d0c70r|Reflect\n|move|p1a: c'est \u00e7a ?|Crunch|p2a: Klefki\n|-resisted|p2a: Klefki\n|-damage|p2a: Klefki|90\/100\n|-unboost|p2a: Klefki|def|1\n|\n|-heal|p1a: c'est \u00e7a ?|63\/100|[from] item: Leftovers\n|upkeep\n|turn|15\n|\n|t:|1700857320\n|move|p2a: Klefki|Light Screen|p2a: Klefki\n|-sidestart|p2: p0k3d0c70r|move: Light Screen\n|move|p1a: c'est \u00e7a ?|Iron Defense|p1a: c'est \u00e7a ?\n|-boost|p1a: c'est \u00e7a ?|def|2\n|\n|-heal|p1a: c'est \u00e7a ?|70\/100|[from] item: Leftovers\n|upkeep\n|turn|16\n|\n|t:|1700857327\n|switch|p2a: Sinistcha|Sinistcha-Masterpiece, shiny|100\/100\n|-damage|p2a: Sinistcha|88\/100|[from] Stealth Rock\n|move|p1a: c'est \u00e7a ?|Iron Defense|p1a: c'est \u00e7a ?\n|-boost|p1a: c'est \u00e7a ?|def|2\n|\n|-heal|p1a: c'est \u00e7a ?|76\/100|[from] item: Leftovers\n|upkeep\n|turn|17\n|\n|t:|1700857340\n|move|p1a: c'est \u00e7a ?|Crunch|p2a: Sinistcha\n|-supereffective|p2a: Sinistcha\n|-damage|p2a: Sinistcha|72\/100\n|move|p2a: Sinistcha|Shadow Ball|p1a: c'est \u00e7a ?\n|-end|p1a: c'est \u00e7a ?|Substitute\n|\n|-heal|p1a: c'est \u00e7a ?|82\/100|[from] item: Leftovers\n|upkeep\n|turn|18\n|\n|t:|1700857348\n|move|p1a: c'est \u00e7a ?|Crunch|p2a: Sinistcha\n|-supereffective|p2a: Sinistcha\n|-damage|p2a: Sinistcha|57\/100\n|move|p2a: Sinistcha|Strength Sap|p1a: c'est \u00e7a ?\n|-unboost|p1a: c'est \u00e7a ?|atk|1\n|-heal|p2a: Sinistcha|100\/100\n|\n|-heal|p1a: c'est \u00e7a ?|88\/100|[from] item: Leftovers\n|upkeep\n|turn|19\n|\n|t:|1700857357\n|move|p1a: c'est \u00e7a ?|Substitute|p1a: c'est \u00e7a ?\n|-start|p1a: c'est \u00e7a ?|Substitute\n|-damage|p1a: c'est \u00e7a ?|63\/100\n|move|p2a: Sinistcha|Matcha Gotcha|p1a: c'est \u00e7a ?\n|-end|p1a: c'est \u00e7a ?|Substitute\n|\n|-heal|p1a: c'est \u00e7a ?|70\/100|[from] item: Leftovers\n|upkeep\n|turn|20\n|\n|t:|1700857365\n|move|p1a: c'est \u00e7a ?|Substitute|p1a: c'est \u00e7a ?\n|-start|p1a: c'est \u00e7a ?|Substitute\n|-damage|p1a: c'est \u00e7a ?|45\/100\n|move|p2a: Sinistcha|Matcha Gotcha|p1a: c'est \u00e7a ?\n|-end|p1a: c'est \u00e7a ?|Substitute\n|\n|-heal|p1a: c'est \u00e7a ?|51\/100|[from] item: Leftovers\n|upkeep\n|turn|21\n|\n|t:|1700857373\n|move|p1a: c'est \u00e7a ?|Substitute|p1a: c'est \u00e7a ?\n|-start|p1a: c'est \u00e7a ?|Substitute\n|-damage|p1a: c'est \u00e7a ?|26\/100\n|move|p2a: Sinistcha|Shadow Ball|p1a: c'est \u00e7a ?\n|-crit|p1a: c'est \u00e7a ?\n|-end|p1a: c'est \u00e7a ?|Substitute\n|\n|-heal|p1a: c'est \u00e7a ?|32\/100|[from] item: Leftovers\n|-sideend|p2: p0k3d0c70r|Reflect\n|upkeep\n|turn|22\n|\n|t:|1700857382\n|move|p1a: c'est \u00e7a ?|Crunch|p2a: Sinistcha\n|-supereffective|p2a: Sinistcha\n|-damage|p2a: Sinistcha|79\/100\n|move|p2a: Sinistcha|Shadow Ball|p1a: c'est \u00e7a ?\n|-damage|p1a: c'est \u00e7a ?|4\/100\n|\n|-heal|p1a: c'est \u00e7a ?|11\/100|[from] item: Leftovers\n|-sideend|p2: p0k3d0c70r|move: Light Screen\n|upkeep\n|turn|23\n|\n|t:|1700857400\n|switch|p1a: Fleur Eclat|Glimmora, F, shiny|100\/100\n|-damage|p1a: Fleur Eclat|76\/100|[from] Spikes\n|move|p2a: Sinistcha|Strength Sap|p1a: Fleur Eclat\n|-unboost|p1a: Fleur Eclat|atk|1\n|-heal|p2a: Sinistcha|100\/100\n|\n|upkeep\n|turn|24\n|\n|t:|1700857416\n|move|p1a: Fleur Eclat|Mortal Spin|p2a: Sinistcha\n|-damage|p2a: Sinistcha|98\/100\n|-sideend|p1: twaxo|Spikes|[from] move: Mortal Spin|[of] p1a: Fleur Eclat\n|move|p2a: Sinistcha|Shadow Ball|p1a: Fleur Eclat\n|-damage|p1a: Fleur Eclat|32\/100\n|\n|upkeep\n|turn|25\n|\n|t:|1700857435\n|switch|p1a: King en bite|Kingambit, M, shiny|100\/100\n|-activate|p1a: King en bite|ability: Supreme Overlord\n|-start|p1a: King en bite|fallen1|[silent]\n|move|p2a: Sinistcha|Matcha Gotcha|p1a: King en bite\n|-resisted|p1a: King en bite\n|-damage|p1a: King en bite|81\/100\n|-heal|p2a: Sinistcha|100\/100|[from] drain|[of] p1a: King en bite\n|\n|-heal|p1a: King en bite|87\/100|[from] item: Leftovers\n|upkeep\n|turn|26\n|\n|t:|1700857446\n|move|p1a: King en bite|Swords Dance|p1a: King en bite\n|-boost|p1a: King en bite|atk|2\n|move|p2a: Sinistcha|Strength Sap|p1a: King en bite\n|-unboost|p1a: King en bite|atk|1\n|\n|-heal|p1a: King en bite|93\/100|[from] item: Leftovers\n|upkeep\n|turn|27\n|\n|t:|1700857456\n|move|p1a: King en bite|Sucker Punch|p2a: Sinistcha\n|-supereffective|p2a: Sinistcha\n|-damage|p2a: Sinistcha|17\/100\n|move|p2a: Sinistcha|Matcha Gotcha|p1a: King en bite\n|-resisted|p1a: King en bite\n|-damage|p1a: King en bite|74\/100\n|-heal|p2a: Sinistcha|27\/100|[from] drain|[of] p1a: King en bite\n|-status|p1a: King en bite|brn\n|\n|-heal|p1a: King en bite|80\/100 brn|[from] item: Leftovers\n|-damage|p1a: King en bite|74\/100 brn|[from] brn\n|upkeep\n|turn|28\n|\n|t:|1700857467\n|move|p1a: King en bite|Iron Head|p2a: Sinistcha\n|-damage|p2a: Sinistcha|0 fnt\n|faint|p2a: Sinistcha\n|\n|-heal|p1a: King en bite|80\/100 brn|[from] item: Leftovers\n|-damage|p1a: King en bite|74\/100 brn|[from] brn\n|upkeep\n|\n|t:|1700857477\n|switch|p2a: Walking Wake|Walking Wake|100\/100\n|-damage|p2a: Walking Wake|88\/100|[from] Stealth Rock\n|turn|29\n|\n|t:|1700857488\n|-end|p1a: King en bite|fallen1|[silent]\n|switch|p1a: c'est \u00e7a ?|Zamazenta, shiny|11\/100\n|move|p2a: Walking Wake|Flamethrower|p1a: c'est \u00e7a ?\n|-damage|p1a: c'est \u00e7a ?|0 fnt\n|faint|p1a: c'est \u00e7a ?\n|\n|upkeep\n|\n|t:|1700857503\n|switch|p1a: Fleur Eclat|Glimmora, F, shiny|32\/100\n|turn|30\n|\n|t:|1700857513\n|-end|p2a: Walking Wake|Protosynthesis|[silent]\n|switch|p2a: Klefki|Klefki, M, shiny|90\/100\n|-damage|p2a: Klefki|84\/100|[from] Stealth Rock\n|move|p1a: Fleur Eclat|Energy Ball|p2a: Klefki\n|-resisted|p2a: Klefki\n|-damage|p2a: Klefki|66\/100\n|\n|upkeep\n|turn|31\n|\n|t:|1700857529\n|switch|p1a: Gholdengo|Gholdengo, shiny|100\/100\n|-item|p1a: Gholdengo|Air Balloon\n|move|p2a: Klefki|Reflect|p2a: Klefki\n|-sidestart|p2: p0k3d0c70r|Reflect\n|\n|upkeep\n|turn|32\n|\n|t:|1700857540\n|move|p2a: Klefki|Light Screen|p2a: Klefki\n|-sidestart|p2: p0k3d0c70r|move: Light Screen\n|move|p1a: Gholdengo|Nasty Plot|p1a: Gholdengo\n|-boost|p1a: Gholdengo|spa|2\n|\n|upkeep\n|turn|33\n|\n|t:|1700857546\n|switch|p2a: Maushold|Maushold-Four, shiny|100\/100\n|-damage|p2a: Maushold|88\/100|[from] Stealth Rock\n|move|p1a: Gholdengo|Nasty Plot|p1a: Gholdengo\n|-boost|p1a: Gholdengo|spa|2\n|\n|upkeep\n|turn|34\n|\n|t:|1700857559\n|move|p2a: Maushold|Tidy Up|p2a: Maushold\n|-sideend|p2: p0k3d0c70r|Stealth Rock\n|-activate|p2a: Maushold|move: Tidy Up\n|-boost|p2a: Maushold|atk|1\n|-boost|p2a: Maushold|spe|1\n|move|p1a: Gholdengo|Make It Rain|p2a: Maushold\n|-damage|p2a: Maushold|0 fnt\n|-unboost|p1a: Gholdengo|spa|1\n|faint|p2a: Maushold\n|\n|upkeep\n|\n|t:|1700857570\n|switch|p2a: Klefki|Klefki, M, shiny|66\/100\n|turn|35\n|\n|t:|1700857605\n|move|p2a: Klefki|Sunny Day|p2a: Klefki\n|-weather|SunnyDay\n|move|p1a: Gholdengo|Make It Rain|p2a: Klefki\n|-damage|p2a: Klefki|0 fnt\n|-unboost|p1a: Gholdengo|spa|1\n|faint|p2a: Klefki\n|\n|-weather|SunnyDay|[upkeep]\n|upkeep\n|\n|t:|1700857614\n|switch|p2a: Walking Wake|Walking Wake|88\/100\n|-activate|p2a: Walking Wake|ability: Protosynthesis\n|-start|p2a: Walking Wake|protosynthesisspe\n|turn|36\n|\n|t:|1700857647\n|-terastallize|p1a: Gholdengo|Fairy\n|move|p2a: Walking Wake|Flamethrower|p1a: Gholdengo\n|-damage|p1a: Gholdengo|23\/100\n|-status|p1a: Gholdengo|brn\n|-enditem|p1a: Gholdengo|Air Balloon\n|move|p1a: Gholdengo|Make It Rain|p2a: Walking Wake\n|-resisted|p2a: Walking Wake\n|-damage|p2a: Walking Wake|52\/100\n|-unboost|p1a: Gholdengo|spa|1\n|\n|-weather|SunnyDay|[upkeep]\n|-damage|p1a: Gholdengo|17\/100 brn|[from] brn\n|upkeep\n|turn|37\n|\n|t:|1700857665\n|-end|p2a: Walking Wake|Protosynthesis|[silent]\n|switch|p2a: Chansey|Chansey, F, shiny|61\/100\n|switch|p1a: Fleur Eclat|Glimmora, F, shiny|32\/100\n|\n|-weather|SunnyDay|[upkeep]\n|upkeep\n|turn|38\n|\n|t:|1700857681\n|move|p1a: Fleur Eclat|Earth Power|p2a: Chansey\n|-damage|p2a: Chansey|56\/100\n|move|p2a: Chansey|Shadow Ball|p1a: Fleur Eclat\n|-damage|p1a: Fleur Eclat|21\/100\n|\n|-weather|SunnyDay|[upkeep]\n|-sideend|p2: p0k3d0c70r|Reflect\n|upkeep\n|turn|39\n|\n|t:|1700857695\n|move|p1a: Fleur Eclat|Mortal Spin|p2a: Chansey\n|-damage|p2a: Chansey|52\/100\n|-status|p2a: Chansey|psn\n|move|p2a: Chansey|Shadow Ball|p1a: Fleur Eclat\n|-damage|p1a: Fleur Eclat|9\/100\n|-unboost|p1a: Fleur Eclat|spd|1\n|\n|-weather|none\n|-damage|p2a: Chansey|39\/100 psn|[from] psn\n|-sideend|p2: p0k3d0c70r|move: Light Screen\n|upkeep\n|turn|40\n|\n|t:|1700857708\n|switch|p1a: Lansse rien|Dragapult, M|100\/100\n|move|p2a: Chansey|Soft-Boiled|p2a: Chansey\n|-heal|p2a: Chansey|89\/100 psn\n|\n|-damage|p2a: Chansey|77\/100 psn|[from] psn\n|upkeep\n|turn|41\n|\n|t:|1700857740\n|-curestatus|p2a: Chansey|psn|[from] ability: Natural Cure\n|switch|p2a: Walking Wake|Walking Wake|52\/100\n|move|p1a: Lansse rien|U-turn|p2a: Walking Wake\n|-damage|p2a: Walking Wake|34\/100\n|\n|t:|1700857746\n|switch|p1a: Gholdengo|Gholdengo, shiny, tera:Fairy|17\/100 brn|[from] U-turn\n|\n|-damage|p1a: Gholdengo|11\/100 brn|[from] brn\n|upkeep\n|turn|42\n|\n|t:|1700857755\n|move|p2a: Walking Wake|Hydro Steam|p1a: Gholdengo\n|-damage|p1a: Gholdengo|0 fnt\n|faint|p1a: Gholdengo\n|\n|upkeep\n|\n|t:|1700857760\n|switch|p1a: Lansse rien|Dragapult, M|100\/100\n|turn|43\n|\n|t:|1700857775\n|-end|p2a: Walking Wake|Protosynthesis|[silent]\n|switch|p2a: Chansey|Chansey, F, shiny|77\/100\n|move|p1a: Lansse rien|Draco Meteor|p2a: Chansey\n|-damage|p2a: Chansey|62\/100\n|-unboost|p1a: Lansse rien|spa|2\n|\n|upkeep\n|turn|44\n|\n|t:|1700857787\n|move|p1a: Lansse rien|Draco Meteor|p2a: Chansey\n|-damage|p2a: Chansey|54\/100\n|-unboost|p1a: Lansse rien|spa|2\n|move|p2a: Chansey|Thunder Wave|p1a: Lansse rien\n|-status|p1a: Lansse rien|par\n|\n|upkeep\n|turn|45\n|\n|t:|1700857796\n|switch|p1a: King en bite|Kingambit, M, shiny|74\/100 brn\n|-activate|p1a: King en bite|ability: Supreme Overlord\n|-start|p1a: King en bite|fallen3|[silent]\n|move|p2a: Chansey|Shadow Ball|p1a: King en bite\n|-resisted|p1a: King en bite\n|-damage|p1a: King en bite|69\/100 brn\n|\n|-heal|p1a: King en bite|75\/100 brn|[from] item: Leftovers\n|-damage|p1a: King en bite|69\/100 brn|[from] brn\n|upkeep\n|turn|46\n|\n|t:|1700857813\n|switch|p2a: Walking Wake|Walking Wake|34\/100\n|move|p1a: King en bite|Swords Dance|p1a: King en bite\n|-boost|p1a: King en bite|atk|2\n|\n|-heal|p1a: King en bite|75\/100 brn|[from] item: Leftovers\n|-damage|p1a: King en bite|69\/100 brn|[from] brn\n|upkeep\n|turn|47\n|\n|t:|1700857830\n|move|p2a: Walking Wake|Flamethrower|p1a: King en bite\n|-supereffective|p1a: King en bite\n|-damage|p1a: King en bite|0 fnt\n|faint|p1a: King en bite\n|-end|p1a: King en bite|fallen3|[silent]\n|\n|upkeep\n|\n|t:|1700857837\n|switch|p1a: Lansse rien|Dragapult, M|100\/100 par\n|turn|48\n|\n|t:|1700857843\n|-end|p2a: Walking Wake|Protosynthesis|[silent]\n|switch|p2a: Chansey|Chansey, F, shiny|54\/100\n|cant|p1a: Lansse rien|par\n|\n|upkeep\n|turn|49\n|\n|t:|1700857851\n|cant|p1a: Lansse rien|par\n|move|p2a: Chansey|Soft-Boiled|p2a: Chansey\n|-heal|p2a: Chansey|100\/100\n|\n|upkeep\n|turn|50\n|\n|t:|1700857858\n|move|p1a: Lansse rien|Draco Meteor|p2a: Chansey\n|-damage|p2a: Chansey|86\/100\n|-unboost|p1a: Lansse rien|spa|2\n|move|p2a: Chansey|Shadow Ball|p1a: Lansse rien\n|-supereffective|p1a: Lansse rien\n|-damage|p1a: Lansse rien|75\/100 par\n|\n|upkeep\n|turn|51\n|-message|twaxo forfeited.\n|\n|win|p0k3d0c70r\n|raw|twaxo's rating: 1096 &rarr; <strong>1068<\/strong><br \/>(-28 for losing)\n|raw|p0k3d0c70r's rating: 1040 &rarr; <strong>1079<\/strong><br \/>(+39 for winning)\n|l|\u2606twaxo\n","uploadtime":1700857877,"views":10,"p1id":"twaxo","p2id":"p0k3d0c70r","formatid":"gen9ou","rating":1068,"private":0,"password":""}