{"id":"gen9ou-1988690703","p1":"Unwallable","p2":"Lp-$tylez","format":"[Gen 9] OU","log":"|j|\u2606Unwallable\n|j|\u2606Lp-$tylez\n|t:|1699751115\n|gametype|singles\n|player|p1|Unwallable|169|1359\n|player|p2|Lp-$tylez|interviewers|1353\n|teamsize|p1|6\n|teamsize|p2|6\n|gen|9\n|tier|[Gen 9] OU\n|rated|\n|rule|Sleep Clause Mod: Limit one foe put to sleep\n|rule|Species Clause: Limit one of each Pok\u00e9mon\n|rule|OHKO Clause: OHKO moves are banned\n|rule|Evasion Items Clause: Evasion items are banned\n|rule|Evasion Moves Clause: Evasion moves are banned\n|rule|Endless Battle Clause: Forcing endless battles is banned\n|rule|HP Percentage Mod: HP is shown in percentages\n|clearpoke\n|poke|p1|Iron Jugulis|\n|poke|p1|Ogerpon-Wellspring, F|\n|poke|p1|Tinkaton, F|\n|poke|p1|Iron Moth|\n|poke|p1|Great Tusk|\n|poke|p1|Dragapult, F|\n|poke|p2|Kingambit, F|\n|poke|p2|Dragapult, M|\n|poke|p2|Clefable, F|\n|poke|p2|Mandibuzz, F|\n|poke|p2|Heatran, F|\n|poke|p2|Landorus-Therian, M|\n|teampreview\n|\n|t:|1699751130\n|start\n|switch|p1a: TWINKATON|Tinkaton, F|100\/100\n|switch|p2a: Landorus|Landorus-Therian, M|100\/100\n|-ability|p2a: Landorus|Intimidate|boost\n|-unboost|p1a: TWINKATON|atk|1\n|-item|p1a: TWINKATON|Air Balloon\n|turn|1\n|\n|t:|1699751139\n|move|p2a: Landorus|Earthquake|p1a: TWINKATON\n|-immune|p1a: TWINKATON\n|move|p1a: TWINKATON|Stealth Rock|p2a: Landorus\n|-sidestart|p2: Lp-$tylez|move: Stealth Rock\n|\n|upkeep\n|turn|2\n|\n|t:|1699751146\n|switch|p2a: Mandibuzz|Mandibuzz, F|100\/100\n|move|p1a: TWINKATON|Thunder Wave|p2a: Mandibuzz\n|-status|p2a: Mandibuzz|par\n|\n|upkeep\n|turn|3\n|\n|t:|1699751158\n|move|p1a: TWINKATON|Play Rough|p2a: Mandibuzz\n|-supereffective|p2a: Mandibuzz\n|-damage|p2a: Mandibuzz|76\/100 par\n|move|p2a: Mandibuzz|Defog|p1a: TWINKATON\n|-unboost|p1a: TWINKATON|evasion|1\n|-sideend|p2: Lp-$tylez|Stealth Rock|[from] move: Defog|[of] p2a: Mandibuzz\n|\n|upkeep\n|turn|4\n|\n|t:|1699751167\n|move|p1a: TWINKATON|Stealth Rock|p2a: Mandibuzz\n|-sidestart|p2: Lp-$tylez|move: Stealth Rock\n|move|p2a: Mandibuzz|Foul Play|p1a: TWINKATON\n|-resisted|p1a: TWINKATON\n|-damage|p1a: TWINKATON|91\/100\n|-enditem|p1a: TWINKATON|Air Balloon\n|-enditem|p2a: Mandibuzz|Heavy-Duty Boots|[silent]|[from] ability: Pickpocket|[of] p2a: Mandibuzz\n|-item|p1a: TWINKATON|Heavy-Duty Boots|[from] ability: Pickpocket|[of] p2a: Mandibuzz\n|\n|upkeep\n|turn|5\n|\n|t:|1699751177\n|move|p1a: TWINKATON|Encore|p2a: Mandibuzz\n|-start|p2a: Mandibuzz|Encore\n|move|p2a: Mandibuzz|Foul Play|p1a: TWINKATON\n|-resisted|p1a: TWINKATON\n|-damage|p1a: TWINKATON|81\/100\n|\n|upkeep\n|turn|6\n|\n|t:|1699751205\n|switch|p1a: Iron Jugulis|Iron Jugulis|100\/100\n|-enditem|p1a: Iron Jugulis|Booster Energy\n|-activate|p1a: Iron Jugulis|ability: Quark Drive|[fromitem]\n|-start|p1a: Iron Jugulis|quarkdrivespe\n|switch|p2a: Landorus|Landorus-Therian, M|100\/100\n|-damage|p2a: Landorus|88\/100|[from] Stealth Rock\n|-ability|p2a: Landorus|Intimidate|boost\n|-unboost|p1a: Iron Jugulis|atk|1\n|\n|upkeep\n|turn|7\n|\n|t:|1699751220\n|move|p1a: Iron Jugulis|Knock Off|p2a: Landorus\n|-damage|p2a: Landorus|65\/100\n|-enditem|p2a: Landorus|Choice Scarf|[from] move: Knock Off|[of] p1a: Iron Jugulis\n|move|p2a: Landorus|Stone Edge|p1a: Iron Jugulis|[miss]\n|-miss|p2a: Landorus|p1a: Iron Jugulis\n|\n|upkeep\n|turn|8\n|\n|t:|1699751231\n|move|p1a: Iron Jugulis|Hurricane|p2a: Landorus|[miss]\n|-miss|p1a: Iron Jugulis|p2a: Landorus\n|move|p2a: Landorus|U-turn|p1a: Iron Jugulis\n|-damage|p1a: Iron Jugulis|63\/100\n|\n|t:|1699751246\n|switch|p2a: Clefable|Clefable, F|100\/100|[from] U-turn\n|-damage|p2a: Clefable|88\/100|[from] Stealth Rock\n|\n|upkeep\n|turn|9\n|\n|t:|1699751253\n|move|p1a: Iron Jugulis|Taunt|p2a: Clefable\n|-start|p2a: Clefable|move: Taunt\n|cant|p2a: Clefable|move: Taunt|Trick\n|\n|upkeep\n|turn|10\n|\n|t:|1699751259\n|move|p1a: Iron Jugulis|Hurricane|p2a: Clefable\n|-damage|p2a: Clefable|34\/100\n|-start|p2a: Clefable|confusion\n|-activate|p2a: Clefable|confusion\n|move|p2a: Clefable|Moonblast|p1a: Iron Jugulis\n|-supereffective|p1a: Iron Jugulis\n|-damage|p1a: Iron Jugulis|0 fnt\n|faint|p1a: Iron Jugulis\n|-end|p1a: Iron Jugulis|Quark Drive|[silent]\n|\n|upkeep\n|\n|t:|1699751272\n|switch|p1a: Great Tusk|Great Tusk|100\/100\n|-enditem|p1a: Great Tusk|Booster Energy\n|-activate|p1a: Great Tusk|ability: Protosynthesis|[fromitem]\n|-start|p1a: Great Tusk|protosynthesisspe\n|turn|11\n|\n|t:|1699751284\n|switch|p2a: Mandibuzz|Mandibuzz, F|76\/100 par\n|-damage|p2a: Mandibuzz|51\/100 par|[from] Stealth Rock\n|move|p1a: Great Tusk|Ice Spinner|p2a: Mandibuzz\n|-supereffective|p2a: Mandibuzz\n|-damage|p2a: Mandibuzz|16\/100 par\n|\n|upkeep\n|turn|12\n|\n|t:|1699751298\n|move|p1a: Great Tusk|Ice Spinner|p2a: Mandibuzz\n|-supereffective|p2a: Mandibuzz\n|-crit|p2a: Mandibuzz\n|-damage|p2a: Mandibuzz|0 fnt\n|faint|p2a: Mandibuzz\n|\n|upkeep\n|\n|t:|1699751310\n|switch|p2a: Heatran|Heatran, F, shiny|100\/100\n|-damage|p2a: Heatran|88\/100|[from] Stealth Rock\n|turn|13\n|\n|t:|1699751317\n|-terastallize|p1a: Great Tusk|Poison\n|-terastallize|p2a: Heatran|Grass\n|move|p1a: Great Tusk|Bulk Up|p1a: Great Tusk\n|-boost|p1a: Great Tusk|atk|1\n|-boost|p1a: Great Tusk|def|1\n|move|p2a: Heatran|Tera Blast|p1a: Great Tusk|[anim] Tera Blast Grass\n|-resisted|p1a: Great Tusk\n|-damage|p1a: Great Tusk|79\/100\n|\n|-heal|p2a: Heatran|94\/100|[from] item: Leftovers\n|upkeep\n|turn|14\n|\n|t:|1699751329\n|move|p1a: Great Tusk|Ice Spinner|p2a: Heatran\n|-supereffective|p2a: Heatran\n|-damage|p2a: Heatran|29\/100\n|move|p2a: Heatran|Earth Power|p1a: Great Tusk\n|-supereffective|p1a: Great Tusk\n|-damage|p1a: Great Tusk|15\/100\n|\n|-heal|p2a: Heatran|35\/100|[from] item: Leftovers\n|upkeep\n|turn|15\n|\n|t:|1699751343\n|move|p1a: Great Tusk|Ice Spinner|p2a: Heatran\n|-supereffective|p2a: Heatran\n|-damage|p2a: Heatran|0 fnt\n|faint|p2a: Heatran\n|\n|upkeep\n|\n|t:|1699751355\n|switch|p2a: Kingambit|Kingambit, F|100\/100\n|-damage|p2a: Kingambit|94\/100|[from] Stealth Rock\n|-activate|p2a: Kingambit|ability: Supreme Overlord\n|-start|p2a: Kingambit|fallen2|[silent]\n|turn|16\n|\n|t:|1699751362\n|move|p1a: Great Tusk|Headlong Rush|p2a: Kingambit\n|-supereffective|p2a: Kingambit\n|-damage|p2a: Kingambit|0 fnt\n|-unboost|p1a: Great Tusk|def|1\n|-unboost|p1a: Great Tusk|spd|1\n|faint|p2a: Kingambit\n|-end|p2a: Kingambit|fallen2|[silent]\n|\n|upkeep\n|-message|Lp-$tylez forfeited.\n|\n|win|Unwallable\n|raw|Unwallable's rating: 1359 &rarr; <strong>1379<\/strong><br \/>(+20 for winning)\n|raw|Lp-$tylez's rating: 1353 &rarr; <strong>1333<\/strong><br \/>(-20 for losing)\n|l|\u2606Lp-$tylez\n","uploadtime":1699751372,"views":9,"p1id":"unwallable","p2id":"lptylez","formatid":"gen9ou","rating":1333,"private":0,"password":""}