{"id":"gen9ou-2000332310","p1":"igorcda","p2":"TR23 testing","format":"[Gen 9] OU","log":"|j|\u2606igorcda\n|j|\u2606TR23 testing\n|t:|1701185735\n|gametype|singles\n|player|p1|igorcda|richboy-gen4|1585\n|player|p2|TR23 testing|266|1548\n|teamsize|p1|6\n|teamsize|p2|6\n|gen|9\n|tier|[Gen 9] OU\n|rated|\n|rule|Sleep Clause Mod: Limit one foe put to sleep\n|rule|Species Clause: Limit one of each Pok\u00e9mon\n|rule|OHKO Clause: OHKO moves are banned\n|rule|Evasion Items Clause: Evasion items are banned\n|rule|Evasion Moves Clause: Evasion moves are banned\n|rule|Endless Battle Clause: Forcing endless battles is banned\n|rule|HP Percentage Mod: HP is shown in percentages\n|clearpoke\n|poke|p1|Ursaluna, F|\n|poke|p1|Rillaboom, M|\n|poke|p1|Infernape, M|\n|poke|p1|Empoleon, M|\n|poke|p1|Ninetales-Alola, F|\n|poke|p1|Dragapult, M|\n|poke|p2|Alomomola, F|\n|poke|p2|Blissey, F|\n|poke|p2|Clodsire, M|\n|poke|p2|Cyclizar, M|\n|poke|p2|Talonflame, F|\n|poke|p2|Wo-Chien|\n|teampreview\n|\n|t:|1701185752\n|start\n|switch|p1a: Ninetales|Ninetales-Alola, F, shiny|100\/100\n|switch|p2a: Blissey|Blissey, F|100\/100\n|-weather|Snow|[from] ability: Snow Warning|[of] p1a: Ninetales\n|turn|1\n|\n|t:|1701185770\n|move|p1a: Ninetales|Aurora Veil|p1a: Ninetales\n|-sidestart|p1: igorcda|move: Aurora Veil\n|move|p2a: Blissey|Stealth Rock|p1a: Ninetales\n|-sidestart|p1: igorcda|move: Stealth Rock\n|\n|-weather|Snow|[upkeep]\n|upkeep\n|turn|2\n|\n|t:|1701185774\n|switch|p1a: Ursaluna|Ursaluna, F, shiny|100\/100\n|-damage|p1a: Ursaluna|94\/100|[from] Stealth Rock\n|move|p2a: Blissey|Seismic Toss|p1a: Ursaluna\n|-damage|p1a: Ursaluna|70\/100\n|\n|-weather|Snow|[upkeep]\n|-status|p1a: Ursaluna|brn|[from] item: Flame Orb\n|upkeep\n|turn|3\n|\n|t:|1701185779\n|switch|p2a: Clodsire|Clodsire, M|100\/100\n|move|p1a: Ursaluna|Facade|p2a: Clodsire\n|-damage|p2a: Clodsire|4\/100\n|\n|-weather|Snow|[upkeep]\n|-heal|p2a: Clodsire|10\/100|[from] item: Leftovers\n|-damage|p1a: Ursaluna|64\/100 brn|[from] brn\n|upkeep\n|turn|4\n|\n|t:|1701185785\n|switch|p2a: Alomomola|Alomomola, F|100\/100\n|move|p1a: Ursaluna|Drain Punch|p2a: Alomomola\n|-damage|p2a: Alomomola|76\/100\n|-heal|p1a: Ursaluna|80\/100 brn|[from] drain|[of] p2a: Alomomola\n|-damage|p1a: Ursaluna|63\/100 brn|[from] item: Rocky Helmet|[of] p2a: Alomomola\n|\n|-weather|Snow|[upkeep]\n|-damage|p1a: Ursaluna|57\/100 brn|[from] brn\n|upkeep\n|turn|5\n|\n|t:|1701185790\n|move|p2a: Alomomola|Protect|p2a: Alomomola\n|-singleturn|p2a: Alomomola|Protect\n|move|p1a: Ursaluna|Facade|p2a: Alomomola\n|-activate|p2a: Alomomola|move: Protect\n|\n|-weather|none\n|-damage|p1a: Ursaluna|51\/100 brn|[from] brn\n|upkeep\n|turn|6\n|\n|t:|1701185797\n|move|p1a: Ursaluna|Facade|p2a: Alomomola\n|-damage|p2a: Alomomola|6\/100\n|-damage|p1a: Ursaluna|34\/100 brn|[from] item: Rocky Helmet|[of] p2a: Alomomola\n|move|p2a: Alomomola|Wish|p2a: Alomomola\n|\n|-damage|p1a: Ursaluna|28\/100 brn|[from] brn\n|upkeep\n|turn|7\n|\n|t:|1701185809\n|move|p2a: Alomomola|Protect|p2a: Alomomola\n|-singleturn|p2a: Alomomola|Protect\n|move|p1a: Ursaluna|Bulk Up|p1a: Ursaluna\n|-boost|p1a: Ursaluna|atk|1\n|-boost|p1a: Ursaluna|def|1\n|\n|-heal|p2a: Alomomola|56\/100|[from] move: Wish|[wisher] Alomomola\n|-damage|p1a: Ursaluna|22\/100 brn|[from] brn\n|upkeep\n|turn|8\n|\n|t:|1701185824\n|switch|p2a: Clodsire|Clodsire, M|10\/100\n|move|p1a: Ursaluna|Facade|p2a: Clodsire\n|-damage|p2a: Clodsire|0 fnt\n|faint|p2a: Clodsire\n|\n|-damage|p1a: Ursaluna|16\/100 brn|[from] brn\n|-sideend|p1: igorcda|move: Aurora Veil\n|upkeep\n|\n|t:|1701185827\n|switch|p2a: Alomomola|Alomomola, F|89\/100\n|turn|9\n|\n|t:|1701185831\n|move|p2a: Alomomola|Protect|p2a: Alomomola\n|-singleturn|p2a: Alomomola|Protect\n|move|p1a: Ursaluna|Facade|p2a: Alomomola\n|-activate|p2a: Alomomola|move: Protect\n|\n|-damage|p1a: Ursaluna|10\/100 brn|[from] brn\n|upkeep\n|turn|10\n|\n|t:|1701185837\n|move|p1a: Ursaluna|Facade|p2a: Alomomola\n|-damage|p2a: Alomomola|0 fnt\n|-damage|p1a: Ursaluna|0 fnt|[from] item: Rocky Helmet|[of] p2a: Alomomola\n|faint|p2a: Alomomola\n|faint|p1a: Ursaluna\n|\n|upkeep\n|\n|t:|1701185846\n|switch|p1a: Ninetales|Ninetales-Alola, F, shiny|100\/100\n|switch|p2a: Cyclizar|Cyclizar, M|100\/100\n|-damage|p1a: Ninetales|76\/100|[from] Stealth Rock\n|-weather|Snow|[from] ability: Snow Warning|[of] p1a: Ninetales\n|turn|11\n|\n|t:|1701185857\n|move|p1a: Ninetales|Aurora Veil|p1a: Ninetales\n|-sidestart|p1: igorcda|move: Aurora Veil\n|move|p2a: Cyclizar|Knock Off|p1a: Ninetales\n|-resisted|p1a: Ninetales\n|-damage|p1a: Ninetales|72\/100\n|-enditem|p1a: Ninetales|Light Clay|[from] move: Knock Off|[of] p2a: Cyclizar\n|\n|-weather|Snow|[upkeep]\n|upkeep\n|turn|12\n|\n|t:|1701185865\n|move|p1a: Ninetales|Freeze-Dry|p2a: Cyclizar\n|-supereffective|p2a: Cyclizar\n|-damage|p2a: Cyclizar|62\/100\n|move|p2a: Cyclizar|U-turn|p1a: Ninetales\n|-resisted|p1a: Ninetales\n|-crit|p1a: Ninetales\n|-damage|p1a: Ninetales|63\/100\n|\n|t:|1701185868\n|switch|p2a: Blissey|Blissey, F|100\/100|[from] U-turn\n|\n|-weather|Snow|[upkeep]\n|upkeep\n|turn|13\n|\n|t:|1701185881\n|switch|p1a: Rillaboom|Rillaboom, M, shiny|100\/100\n|-damage|p1a: Rillaboom|88\/100|[from] Stealth Rock\n|-fieldstart|move: Grassy Terrain|[from] ability: Grassy Surge|[of] p1a: Rillaboom\n|move|p2a: Blissey|Seismic Toss|p1a: Rillaboom\n|-damage|p1a: Rillaboom|59\/100\n|\n|-weather|Snow|[upkeep]\n|-heal|p1a: Rillaboom|65\/100|[from] Grassy Terrain\n|upkeep\n|turn|14\n|\n|t:|1701185902\n|switch|p2a: Talonflame|Talonflame, F|100\/100\n|move|p1a: Rillaboom|Swords Dance|p1a: Rillaboom\n|-boost|p1a: Rillaboom|atk|2\n|\n|-weather|Snow|[upkeep]\n|-heal|p1a: Rillaboom|71\/100|[from] Grassy Terrain\n|upkeep\n|turn|15\n|\n|t:|1701185907\n|move|p2a: Talonflame|Will-O-Wisp|p1a: Rillaboom\n|-status|p1a: Rillaboom|brn\n|move|p1a: Rillaboom|Bullet Seed|p2a: Talonflame\n|-resisted|p2a: Talonflame\n|-damage|p2a: Talonflame|97\/100\n|-resisted|p2a: Talonflame\n|-damage|p2a: Talonflame|93\/100\n|-resisted|p2a: Talonflame\n|-damage|p2a: Talonflame|89\/100\n|-resisted|p2a: Talonflame\n|-damage|p2a: Talonflame|84\/100\n|-resisted|p2a: Talonflame\n|-damage|p2a: Talonflame|80\/100\n|-hitcount|p2a: Talonflame|5\n|\n|-weather|none\n|-heal|p1a: Rillaboom|77\/100 brn|[from] Grassy Terrain\n|-damage|p1a: Rillaboom|71\/100 brn|[from] brn\n|upkeep\n|turn|16\n|\n|t:|1701185921\n|switch|p1a: Dragapult|Dragapult, M|100\/100\n|-damage|p1a: Dragapult|88\/100|[from] Stealth Rock\n|move|p2a: Talonflame|Flamethrower|p1a: Dragapult\n|-resisted|p1a: Dragapult\n|-damage|p1a: Dragapult|81\/100\n|\n|-heal|p1a: Dragapult|87\/100|[from] Grassy Terrain\n|upkeep\n|turn|17\n|\n|t:|1701185926\n|switch|p2a: Blissey|Blissey, F|100\/100\n|move|p1a: Dragapult|Will-O-Wisp|p2a: Blissey\n|-status|p2a: Blissey|brn\n|\n|-heal|p1a: Dragapult|93\/100|[from] Grassy Terrain\n|-damage|p2a: Blissey|94\/100 brn|[from] brn\n|-fieldend|move: Grassy Terrain\n|upkeep\n|turn|18\n|\n|t:|1701185931\n|move|p1a: Dragapult|U-turn|p2a: Blissey\n|-damage|p2a: Blissey|77\/100 brn\n|\n|t:|1701185934\n|switch|p1a: Infernape|Infernape, M|100\/100|[from] U-turn\n|-damage|p1a: Infernape|88\/100|[from] Stealth Rock\n|move|p2a: Blissey|Calm Mind|p2a: Blissey\n|-boost|p2a: Blissey|spa|1\n|-boost|p2a: Blissey|spd|1\n|\n|-damage|p2a: Blissey|71\/100 brn|[from] brn\n|-sideend|p1: igorcda|move: Aurora Veil\n|upkeep\n|turn|19\n|\n|t:|1701185944\n|-curestatus|p2a: Blissey|brn|[from] ability: Natural Cure\n|switch|p2a: Talonflame|Talonflame, F|80\/100\n|move|p1a: Infernape|Swords Dance|p1a: Infernape\n|-boost|p1a: Infernape|atk|2\n|\n|upkeep\n|turn|20\n|\n|t:|1701185967\n|switch|p1a: Dragapult|Dragapult, M|93\/100\n|-damage|p1a: Dragapult|80\/100|[from] Stealth Rock\n|switch|p2a: Wo-Chien|Wo-Chien|100\/100\n|-ability|p2a: Wo-Chien|Tablets of Ruin\n|\n|upkeep\n|turn|21\n|\n|t:|1701185979\n|move|p1a: Dragapult|U-turn|p2a: Wo-Chien\n|-supereffective|p2a: Wo-Chien\n|-damage|p2a: Wo-Chien|63\/100\n|\n|t:|1701185983\n|switch|p1a: Rillaboom|Rillaboom, M, shiny|71\/100 brn|[from] U-turn\n|-damage|p1a: Rillaboom|59\/100 brn|[from] Stealth Rock\n|-fieldstart|move: Grassy Terrain|[from] ability: Grassy Surge|[of] p1a: Rillaboom\n|move|p2a: Wo-Chien|Foul Play|p1a: Rillaboom\n|-damage|p1a: Rillaboom|0 fnt\n|faint|p1a: Rillaboom\n|\n|-heal|p2a: Wo-Chien|69\/100|[from] Grassy Terrain\n|-heal|p2a: Wo-Chien|75\/100|[from] item: Leftovers\n|upkeep\n|\n|t:|1701185992\n|switch|p1a: Ninetales|Ninetales-Alola, F, shiny|63\/100\n|-damage|p1a: Ninetales|38\/100|[from] Stealth Rock\n|-weather|Snow|[from] ability: Snow Warning|[of] p1a: Ninetales\n|turn|22\n|\n|t:|1701185995\n|switch|p2a: Blissey|Blissey, F|71\/100\n|move|p1a: Ninetales|Aurora Veil|p1a: Ninetales\n|-sidestart|p1: igorcda|move: Aurora Veil\n|\n|-weather|Snow|[upkeep]\n|-heal|p1a: Ninetales|44\/100|[from] Grassy Terrain\n|-heal|p2a: Blissey|77\/100|[from] Grassy Terrain\n|upkeep\n|turn|23\n|\n|t:|1701186001\n|switch|p1a: Infernape|Infernape, M|88\/100\n|-damage|p1a: Infernape|76\/100|[from] Stealth Rock\n|move|p2a: Blissey|Seismic Toss|p1a: Infernape\n|-damage|p1a: Infernape|42\/100\n|\n|-weather|Snow|[upkeep]\n|-heal|p1a: Infernape|48\/100|[from] Grassy Terrain\n|-heal|p2a: Blissey|83\/100|[from] Grassy Terrain\n|upkeep\n|turn|24\n|\n|t:|1701186009\n|switch|p2a: Talonflame|Talonflame, F|80\/100\n|move|p1a: Infernape|Swords Dance|p1a: Infernape\n|-boost|p1a: Infernape|atk|2\n|\n|-weather|Snow|[upkeep]\n|-heal|p1a: Infernape|54\/100|[from] Grassy Terrain\n|upkeep\n|turn|25\n|\n|t:|1701186014\n|move|p1a: Infernape|Fire Punch|p2a: Talonflame\n|-resisted|p2a: Talonflame\n|-damage|p2a: Talonflame|45\/100\n|move|p2a: Talonflame|Flamethrower|p1a: Infernape\n|-resisted|p1a: Infernape\n|-damage|p1a: Infernape|45\/100\n|\n|-weather|Snow|[upkeep]\n|-heal|p1a: Infernape|51\/100|[from] Grassy Terrain\n|-fieldend|move: Grassy Terrain\n|upkeep\n|turn|26\n|\n|t:|1701186041\n|switch|p2a: Cyclizar|Cyclizar, M|95\/100\n|-terastallize|p1a: Infernape|Fighting\n|move|p1a: Infernape|Drain Punch|p2a: Cyclizar\n|-supereffective|p2a: Cyclizar\n|-damage|p2a: Cyclizar|0 fnt\n|-heal|p1a: Infernape|100\/100|[from] drain|[of] p2a: Cyclizar\n|faint|p2a: Cyclizar\n|\n|-weather|none\n|-sideend|p1: igorcda|move: Aurora Veil\n|upkeep\n|\n|t:|1701186043\n|switch|p2a: Wo-Chien|Wo-Chien|75\/100\n|-ability|p2a: Wo-Chien|Tablets of Ruin\n|turn|27\n|\n|t:|1701186048\n|-terastallize|p2a: Wo-Chien|Poison\n|move|p1a: Infernape|Fire Punch|p2a: Wo-Chien\n|-damage|p2a: Wo-Chien|33\/100\n|move|p2a: Wo-Chien|Leech Seed|p1a: Infernape\n|-start|p1a: Infernape|move: Leech Seed\n|\n|-heal|p2a: Wo-Chien|40\/100|[from] item: Leftovers\n|-damage|p1a: Infernape|88\/100|[from] Leech Seed|[of] p2a: Wo-Chien\n|-heal|p2a: Wo-Chien|49\/100|[silent]\n|upkeep\n|turn|28\n|\n|t:|1701186057\n|switch|p1a: Ninetales|Ninetales-Alola, F, shiny|44\/100\n|-damage|p1a: Ninetales|19\/100|[from] Stealth Rock\n|-weather|Snow|[from] ability: Snow Warning|[of] p1a: Ninetales\n|move|p2a: Wo-Chien|Giga Drain|p1a: Ninetales\n|-damage|p1a: Ninetales|0 fnt\n|-heal|p2a: Wo-Chien|57\/100|[from] drain|[of] p1a: Ninetales\n|faint|p1a: Ninetales\n|\n|-weather|Snow|[upkeep]\n|-heal|p2a: Wo-Chien|64\/100|[from] item: Leftovers\n|upkeep\n|\n|t:|1701186065\n|switch|p1a: Dragapult|Dragapult, M|80\/100\n|-damage|p1a: Dragapult|68\/100|[from] Stealth Rock\n|turn|29\n|\n|t:|1701186069\n|move|p1a: Dragapult|Will-O-Wisp|p2a: Wo-Chien\n|-status|p2a: Wo-Chien|brn\n|move|p2a: Wo-Chien|Foul Play|p1a: Dragapult\n|-supereffective|p1a: Dragapult\n|-damage|p1a: Dragapult|28\/100\n|-damage|p2a: Wo-Chien|47\/100 brn|[from] item: Rocky Helmet|[of] p1a: Dragapult\n|\n|-weather|Snow|[upkeep]\n|-heal|p2a: Wo-Chien|53\/100 brn|[from] item: Leftovers\n|-damage|p2a: Wo-Chien|47\/100 brn|[from] brn\n|upkeep\n|turn|30\n|\n|t:|1701186074\n|move|p1a: Dragapult|Shadow Ball|p2a: Wo-Chien\n|-damage|p2a: Wo-Chien|27\/100 brn\n|move|p2a: Wo-Chien|Leech Seed|p1a: Dragapult\n|-start|p1a: Dragapult|move: Leech Seed\n|\n|-weather|Snow|[upkeep]\n|-heal|p2a: Wo-Chien|33\/100 brn|[from] item: Leftovers\n|-damage|p1a: Dragapult|15\/100|[from] Leech Seed|[of] p2a: Wo-Chien\n|-heal|p2a: Wo-Chien|44\/100 brn|[silent]\n|-damage|p2a: Wo-Chien|38\/100 brn|[from] brn\n|upkeep\n|turn|31\n|\n|t:|1701186086\n|switch|p2a: Blissey|Blissey, F|83\/100\n|move|p1a: Dragapult|U-turn|p2a: Blissey\n|-damage|p2a: Blissey|66\/100\n|\n|t:|1701186090\n|switch|p1a: Infernape|Infernape, M, tera:Fighting|88\/100|[from] U-turn\n|-damage|p1a: Infernape|82\/100|[from] Stealth Rock\n|\n|-weather|Snow|[upkeep]\n|upkeep\n|turn|32\n|\n|t:|1701186093\n|switch|p2a: Wo-Chien|Wo-Chien, tera:Poison|38\/100 brn\n|-ability|p2a: Wo-Chien|Tablets of Ruin\n|move|p1a: Infernape|Drain Punch|p2a: Wo-Chien\n|-resisted|p2a: Wo-Chien\n|-damage|p2a: Wo-Chien|25\/100 brn\n|-heal|p1a: Infernape|91\/100|[from] drain|[of] p2a: Wo-Chien\n|\n|-weather|none\n|-heal|p2a: Wo-Chien|31\/100 brn|[from] item: Leftovers\n|-damage|p2a: Wo-Chien|25\/100 brn|[from] brn\n|upkeep\n|turn|33\n|\n|t:|1701186100\n|switch|p1a: Dragapult|Dragapult, M|15\/100\n|-damage|p1a: Dragapult|3\/100|[from] Stealth Rock\n|move|p2a: Wo-Chien|Leech Seed|p1a: Dragapult\n|-start|p1a: Dragapult|move: Leech Seed\n|\n|-heal|p2a: Wo-Chien|31\/100 brn|[from] item: Leftovers\n|-damage|p1a: Dragapult|0 fnt|[from] Leech Seed|[of] p2a: Wo-Chien\n|-heal|p2a: Wo-Chien|33\/100 brn|[silent]\n|faint|p1a: Dragapult\n|-damage|p2a: Wo-Chien|27\/100 brn|[from] brn\n|upkeep\n|\n|t:|1701186103\n|switch|p1a: Empoleon|Empoleon, M, shiny|100\/100\n|-damage|p1a: Empoleon|94\/100|[from] Stealth Rock\n|turn|34\n|\n|t:|1701186110\n|switch|p2a: Blissey|Blissey, F|66\/100\n|move|p1a: Empoleon|Hydro Pump|p2a: Blissey|[miss]\n|-miss|p1a: Empoleon|p2a: Blissey\n|\n|upkeep\n|turn|35\n|\n|t:|1701186115\n|switch|p1a: Infernape|Infernape, M, tera:Fighting|91\/100\n|-damage|p1a: Infernape|84\/100|[from] Stealth Rock\n|move|p2a: Blissey|Seismic Toss|p1a: Infernape\n|-damage|p1a: Infernape|50\/100\n|\n|upkeep\n|turn|36\n|\n|t:|1701186119\n|switch|p2a: Talonflame|Talonflame, F|45\/100\n|move|p1a: Infernape|Swords Dance|p1a: Infernape\n|-boost|p1a: Infernape|atk|2\n|\n|upkeep\n|turn|37\n|\n|t:|1701186125\n|move|p1a: Infernape|Mach Punch|p2a: Talonflame\n|-resisted|p2a: Talonflame\n|-damage|p2a: Talonflame|19\/100\n|move|p2a: Talonflame|Roost|p2a: Talonflame\n|-heal|p2a: Talonflame|69\/100\n|-singleturn|p2a: Talonflame|move: Roost\n|\n|upkeep\n|turn|38\n|\n|t:|1701186131\n|move|p1a: Infernape|Drain Punch|p2a: Talonflame\n|-resisted|p2a: Talonflame\n|-damage|p2a: Talonflame|17\/100\n|-heal|p1a: Infernape|82\/100|[from] drain|[of] p2a: Talonflame\n|-status|p1a: Infernape|brn|[from] ability: Flame Body|[of] p2a: Talonflame\n|move|p2a: Talonflame|Roost|p2a: Talonflame\n|-heal|p2a: Talonflame|67\/100\n|-singleturn|p2a: Talonflame|move: Roost\n|\n|-damage|p1a: Infernape|76\/100 brn|[from] brn\n|upkeep\n|turn|39\n|\n|t:|1701186135\n|move|p1a: Infernape|Swords Dance|p1a: Infernape\n|-boost|p1a: Infernape|atk|2\n|move|p2a: Talonflame|Roost|p2a: Talonflame\n|-heal|p2a: Talonflame|100\/100\n|-singleturn|p2a: Talonflame|move: Roost\n|\n|-damage|p1a: Infernape|70\/100 brn|[from] brn\n|upkeep\n|turn|40\n|\n|t:|1701186138\n|move|p1a: Infernape|Swords Dance|p1a: Infernape\n|-boost|p1a: Infernape|atk|2\n|move|p2a: Talonflame|Flamethrower|p1a: Infernape\n|-damage|p1a: Infernape|30\/100 brn\n|\n|-damage|p1a: Infernape|24\/100 brn|[from] brn\n|upkeep\n|-enditem|p1a: Infernape|Liechi Berry|[eat]\n|-boost|p1a: Infernape|atk|0\n|turn|41\n|\n|t:|1701186140\n|move|p1a: Infernape|Drain Punch|p2a: Talonflame\n|-resisted|p2a: Talonflame\n|-damage|p2a: Talonflame|52\/100\n|-heal|p1a: Infernape|53\/100 brn|[from] drain|[of] p2a: Talonflame\n|move|p2a: Talonflame|Flamethrower|p1a: Infernape\n|-damage|p1a: Infernape|19\/100 brn\n|\n|-damage|p1a: Infernape|13\/100 brn|[from] brn\n|upkeep\n|turn|42\n|\n|t:|1701186143\n|move|p1a: Infernape|Drain Punch|p2a: Talonflame\n|-resisted|p2a: Talonflame\n|-damage|p2a: Talonflame|5\/100\n|-heal|p1a: Infernape|42\/100 brn|[from] drain|[of] p2a: Talonflame\n|move|p2a: Talonflame|Flamethrower|p1a: Infernape\n|-damage|p1a: Infernape|6\/100 brn\n|\n|-damage|p1a: Infernape|0 fnt|[from] brn\n|faint|p1a: Infernape\n|upkeep\n|\n|t:|1701186146\n|switch|p1a: Empoleon|Empoleon, M, shiny|94\/100\n|-damage|p1a: Empoleon|88\/100|[from] Stealth Rock\n|turn|43\n|\n|t:|1701186149\n|move|p1a: Empoleon|Vacuum Wave|p2a: Talonflame\n|-resisted|p2a: Talonflame\n|-damage|p2a: Talonflame|0 fnt\n|faint|p2a: Talonflame\n|\n|upkeep\n|\n|t:|1701186154\n|switch|p2a: Wo-Chien|Wo-Chien, tera:Poison|27\/100 brn\n|-ability|p2a: Wo-Chien|Tablets of Ruin\n|turn|44\n|\n|t:|1701186158\n|move|p1a: Empoleon|Hydro Pump|p2a: Wo-Chien\n|-damage|p2a: Wo-Chien|0 fnt\n|faint|p2a: Wo-Chien\n|\n|upkeep\n|\n|t:|1701186160\n|switch|p2a: Blissey|Blissey, F|66\/100\n|turn|45\n|\n|t:|1701186164\n|move|p1a: Empoleon|Flash Cannon|p2a: Blissey\n|-damage|p2a: Blissey|54\/100\n|move|p2a: Blissey|Calm Mind|p2a: Blissey\n|-boost|p2a: Blissey|spa|1\n|-boost|p2a: Blissey|spd|1\n|\n|upkeep\n|turn|46\n|\n|t:|1701186167\n|move|p1a: Empoleon|Flash Cannon|p2a: Blissey\n|-damage|p2a: Blissey|46\/100\n|move|p2a: Blissey|Soft-Boiled|p2a: Blissey\n|-heal|p2a: Blissey|96\/100\n|\n|upkeep\n|turn|47\n|\n|t:|1701186169\n|move|p1a: Empoleon|Flash Cannon|p2a: Blissey\n|-damage|p2a: Blissey|86\/100\n|move|p2a: Blissey|Calm Mind|p2a: Blissey\n|-boost|p2a: Blissey|spa|1\n|-boost|p2a: Blissey|spd|1\n|\n|upkeep\n|turn|48\n|\n|t:|1701186171\n|move|p1a: Empoleon|Flash Cannon|p2a: Blissey\n|-damage|p2a: Blissey|79\/100\n|move|p2a: Blissey|Calm Mind|p2a: Blissey\n|-boost|p2a: Blissey|spa|1\n|-boost|p2a: Blissey|spd|1\n|\n|upkeep\n|turn|49\n|\n|t:|1701186172\n|move|p1a: Empoleon|Flash Cannon|p2a: Blissey\n|-damage|p2a: Blissey|74\/100\n|move|p2a: Blissey|Calm Mind|p2a: Blissey\n|-boost|p2a: Blissey|spa|1\n|-boost|p2a: Blissey|spd|1\n|\n|upkeep\n|turn|50\n|\n|t:|1701186174\n|move|p1a: Empoleon|Air Slash|p2a: Blissey\n|-damage|p2a: Blissey|72\/100\n|move|p2a: Blissey|Soft-Boiled|p2a: Blissey\n|-heal|p2a: Blissey|100\/100\n|\n|upkeep\n|turn|51\n|\n|t:|1701186176\n|move|p1a: Empoleon|Flash Cannon|p2a: Blissey\n|-damage|p2a: Blissey|96\/100\n|move|p2a: Blissey|Calm Mind|p2a: Blissey\n|-boost|p2a: Blissey|spa|1\n|-boost|p2a: Blissey|spd|1\n|\n|upkeep\n|turn|52\n|\n|t:|1701186177\n|move|p1a: Empoleon|Flash Cannon|p2a: Blissey\n|-damage|p2a: Blissey|93\/100\n|move|p2a: Blissey|Calm Mind|p2a: Blissey\n|-boost|p2a: Blissey|spa|1\n|-boost|p2a: Blissey|spd|1\n|\n|upkeep\n|turn|53\n|\n|t:|1701186179\n|move|p1a: Empoleon|Flash Cannon|p2a: Blissey\n|-damage|p2a: Blissey|90\/100\n|move|p2a: Blissey|Seismic Toss|p1a: Empoleon\n|-damage|p1a: Empoleon|58\/100\n|\n|upkeep\n|turn|54\n|\n|t:|1701186180\n|move|p1a: Empoleon|Flash Cannon|p2a: Blissey\n|-damage|p2a: Blissey|87\/100\n|move|p2a: Blissey|Seismic Toss|p1a: Empoleon\n|-damage|p1a: Empoleon|28\/100\n|\n|upkeep\n|turn|55\n|\n|t:|1701186181\n|move|p1a: Empoleon|Flash Cannon|p2a: Blissey\n|-damage|p2a: Blissey|83\/100\n|move|p2a: Blissey|Seismic Toss|p1a: Empoleon\n|-damage|p1a: Empoleon|0 fnt\n|faint|p1a: Empoleon\n|\n|win|TR23 testing\n|raw|igorcda's rating: 1585 &rarr; <strong>1563<\/strong><br \/>(-22 for losing)\n|raw|TR23 testing's rating: 1548 &rarr; <strong>1570<\/strong><br \/>(+22 for winning)\n|l|\u2606igorcda\n|l|\u2606TR23 testing\n","uploadtime":1701186213,"views":21,"p1id":"igorcda","p2id":"tr23testing","formatid":"gen9ou","rating":1563,"private":0,"password":""}