{"id":"gen9ou-1992495668","p1":"Official Poyo","p2":"CloudyEJ","format":"[Gen 9] OU","log":"|j|\u2606Official Poyo\n|j|\u2606CloudyEJ\n|t:|1700194946\n|gametype|singles\n|player|p1|Official Poyo|richboy-gen4|1602\n|player|p2|CloudyEJ|hero2-conquest|1683\n|teamsize|p1|6\n|teamsize|p2|6\n|gen|9\n|tier|[Gen 9] OU\n|rated|\n|rule|Sleep Clause Mod: Limit one foe put to sleep\n|rule|Species Clause: Limit one of each Pok\u00e9mon\n|rule|OHKO Clause: OHKO moves are banned\n|rule|Evasion Items Clause: Evasion items are banned\n|rule|Evasion Moves Clause: Evasion moves are banned\n|rule|Endless Battle Clause: Forcing endless battles is banned\n|rule|HP Percentage Mod: HP is shown in percentages\n|clearpoke\n|poke|p1|Tatsugiri-Droopy, M|\n|poke|p1|Iron Valiant|\n|poke|p1|Alomomola, M|\n|poke|p1|Landorus-Therian, M|\n|poke|p1|Dragapult, M|\n|poke|p1|Slowking-Galar, M|\n|poke|p2|Pelipper, F|\n|poke|p2|Barraskewda, F|\n|poke|p2|Zapdos|\n|poke|p2|Manaphy|\n|poke|p2|Maushold|\n|poke|p2|Crawdaunt, F|\n|teampreview\n|\n|t:|1700194956\n|start\n|switch|p1a: Dragapult|Dragapult, M|100\/100\n|switch|p2a: Maushold|Maushold|100\/100\n|turn|1\n|\n|t:|1700194963\n|move|p1a: Dragapult|Thunder Wave|p2a: Maushold\n|-status|p2a: Maushold|par\n|move|p2a: Maushold|Bite|p1a: Dragapult\n|-supereffective|p1a: Dragapult\n|-crit|p1a: Dragapult\n|-damage|p1a: Dragapult|18\/100\n|\n|-heal|p1a: Dragapult|24\/100|[from] item: Leftovers\n|upkeep\n|turn|2\n|\n|t:|1700194968\n|move|p1a: Dragapult|U-turn|p2a: Maushold\n|-damage|p2a: Maushold|76\/100 par\n|inactive|Battle timer is ON: inactive players will automatically lose when time's up. (requested by CloudyEJ)\n|\n|t:|1700194972\n|switch|p1a: Landorus|Landorus-Therian, M|100\/100|[from] U-turn\n|-ability|p1a: Landorus|Intimidate|boost\n|-unboost|p2a: Maushold|atk|1\n|move|p2a: Maushold|Population Bomb|p1a: Landorus\n|-damage|p1a: Landorus|91\/100\n|-damage|p1a: Landorus|83\/100\n|-damage|p1a: Landorus|74\/100\n|-damage|p1a: Landorus|65\/100\n|-damage|p1a: Landorus|56\/100\n|-damage|p1a: Landorus|47\/100\n|-damage|p1a: Landorus|39\/100\n|-damage|p1a: Landorus|30\/100\n|-damage|p1a: Landorus|21\/100\n|-damage|p1a: Landorus|13\/100\n|-hitcount|p1a: Landorus|10\n|\n|-heal|p1a: Landorus|19\/100|[from] item: Leftovers\n|upkeep\n|turn|3\n|\n|t:|1700194973\n|move|p1a: Landorus|Earthquake|p2a: Maushold\n|-damage|p2a: Maushold|0 fnt\n|faint|p2a: Maushold\n|\n|-heal|p1a: Landorus|25\/100|[from] item: Leftovers\n|upkeep\n|\n|t:|1700194977\n|switch|p2a: Barraskewda|Barraskewda, F, shiny|100\/100\n|turn|4\n|j| FatherSuperior7\n|\n|t:|1700194981\n|switch|p1a: Tatsugiri|Tatsugiri-Droopy, M|100\/100\n|move|p2a: Barraskewda|Flip Turn|p1a: Tatsugiri\n|-ability|p1a: Tatsugiri|Storm Drain|boost\n|-boost|p1a: Tatsugiri|spa|1\n|\n|upkeep\n|turn|5\n|\n|t:|1700194986\n|switch|p2a: Manaphy|Manaphy|100\/100\n|move|p1a: Tatsugiri|Surf|p2a: Manaphy\n|-resisted|p2a: Manaphy\n|-damage|p2a: Manaphy|73\/100\n|\n|upkeep\n|turn|6\n|\n|t:|1700194990\n|switch|p1a: Slowking|Slowking-Galar, M|100\/100\n|move|p2a: Manaphy|Energy Ball|p1a: Slowking\n|-resisted|p1a: Slowking\n|-crit|p1a: Slowking\n|-damage|p1a: Slowking|91\/100\n|\n|upkeep\n|turn|7\n|\n|t:|1700194994\n|move|p2a: Manaphy|Tail Glow|p2a: Manaphy\n|-boost|p2a: Manaphy|spa|3\n|move|p1a: Slowking|Future Sight|p2a: Manaphy\n|-start|p1a: Slowking|move: Future Sight\n|\n|upkeep\n|turn|8\n|\n|t:|1700194997\n|move|p2a: Manaphy|Scald|p1a: Slowking\n|-damage|p1a: Slowking|46\/100\n|-status|p1a: Slowking|brn\n|move|p1a: Slowking|Sludge Bomb|p2a: Manaphy\n|-damage|p2a: Manaphy|39\/100\n|-status|p2a: Manaphy|psn\n|\n|-damage|p2a: Manaphy|27\/100 psn|[from] psn\n|-damage|p1a: Slowking|40\/100 brn|[from] brn\n|upkeep\n|turn|9\n|\n|t:|1700195006\n|switch|p1a: Tatsugiri|Tatsugiri-Droopy, M|100\/100\n|move|p2a: Manaphy|Scald|p1a: Tatsugiri\n|-ability|p1a: Tatsugiri|Storm Drain|boost\n|-boost|p1a: Tatsugiri|spa|1\n|\n|-end|p2a: Manaphy|move: Future Sight\n|-damage|p2a: Manaphy|0 fnt\n|faint|p2a: Manaphy\n|upkeep\n|\n|t:|1700195009\n|switch|p2a: Zapdos|Zapdos|100\/100\n|turn|10\n|\n|t:|1700195013\n|switch|p1a: Landorus|Landorus-Therian, M|25\/100\n|-ability|p1a: Landorus|Intimidate|boost\n|-unboost|p2a: Zapdos|atk|1\n|-terastallize|p2a: Zapdos|Fairy\n|move|p2a: Zapdos|Tera Blast|p1a: Landorus|[anim] Tera Blast Fairy\n|-damage|p1a: Landorus|0 fnt\n|faint|p1a: Landorus\n|\n|upkeep\n|\n|t:|1700195018\n|switch|p1a: Slowking|Slowking-Galar, M|73\/100 brn\n|turn|11\n|\n|t:|1700195021\n|switch|p2a: Crawdaunt|Crawdaunt, F|100\/100\n|move|p1a: Slowking|Sludge Bomb|p2a: Crawdaunt\n|-damage|p2a: Crawdaunt|23\/100\n|-status|p2a: Crawdaunt|psn\n|\n|-damage|p2a: Crawdaunt|11\/100 psn|[from] psn\n|-damage|p1a: Slowking|67\/100 brn|[from] brn\n|upkeep\n|turn|12\n|\n|t:|1700195026\n|switch|p1a: Alomomola|Alomomola, M|100\/100\n|move|p2a: Crawdaunt|Knock Off|p1a: Alomomola\n|-damage|p1a: Alomomola|49\/100\n|-enditem|p1a: Alomomola|Red Card|[from] move: Knock Off|[of] p2a: Crawdaunt\n|-damage|p2a: Crawdaunt|1\/100 psn|[from] item: Life Orb\n|\n|-damage|p2a: Crawdaunt|0 fnt|[from] psn\n|faint|p2a: Crawdaunt\n|upkeep\n|\n|t:|1700195029\n|switch|p2a: Zapdos|Zapdos, tera:Fairy|100\/100\n|turn|13\n|\n|t:|1700195033\n|switch|p1a: Slowking|Slowking-Galar, M|99\/100 brn\n|move|p2a: Zapdos|Hurricane|p1a: Slowking|[miss]\n|-miss|p2a: Zapdos|p1a: Slowking\n|\n|-damage|p1a: Slowking|94\/100 brn|[from] brn\n|upkeep\n|turn|14\n|\n|t:|1700195035\n|move|p2a: Zapdos|Hurricane|p1a: Slowking\n|-damage|p1a: Slowking|58\/100 brn\n|move|p1a: Slowking|Sludge Bomb|p2a: Zapdos\n|-supereffective|p2a: Zapdos\n|-damage|p2a: Zapdos|9\/100\n|\n|-damage|p1a: Slowking|52\/100 brn|[from] brn\n|upkeep\n|turn|15\n|\n|t:|1700195041\n|move|p2a: Zapdos|Hurricane|p1a: Slowking\n|-damage|p1a: Slowking|17\/100 brn\n|move|p1a: Slowking|Psyshock|p2a: Zapdos\n|-damage|p2a: Zapdos|0 fnt\n|faint|p2a: Zapdos\n|\n|-damage|p1a: Slowking|11\/100 brn|[from] brn\n|upkeep\n|j| bootymuncher93\n|\n|t:|1700195044\n|switch|p2a: Barraskewda|Barraskewda, F, shiny|100\/100\n|turn|16\n|\n|t:|1700195047\n|switch|p1a: Alomomola|Alomomola, M|82\/100\n|move|p2a: Barraskewda|Close Combat|p1a: Alomomola\n|-damage|p1a: Alomomola|46\/100\n|-unboost|p2a: Barraskewda|def|1\n|-unboost|p2a: Barraskewda|spd|1\n|\n|upkeep\n|turn|17\n|\n|t:|1700195049\n|move|p2a: Barraskewda|Close Combat|p1a: Alomomola\n|-damage|p1a: Alomomola|7\/100\n|-unboost|p2a: Barraskewda|def|1\n|-unboost|p2a: Barraskewda|spd|1\n|move|p1a: Alomomola|Wish|p1a: Alomomola\n|\n|upkeep\n|turn|18\n|\n|t:|1700195052\n|switch|p2a: Pelipper|Pelipper, F, shiny|100\/100\n|-weather|RainDance|[from] ability: Drizzle|[of] p2a: Pelipper\n|switch|p1a: Dragapult|Dragapult, M|24\/100\n|\n|-weather|RainDance|[upkeep]\n|-heal|p1a: Dragapult|97\/100|[from] move: Wish|[wisher] Alomomola\n|-heal|p1a: Dragapult|100\/100|[from] item: Leftovers\n|upkeep\n|turn|19\n|\n|t:|1700195056\n|move|p1a: Dragapult|Thunder Wave|p2a: Pelipper\n|-status|p2a: Pelipper|par\n|move|p2a: Pelipper|Hurricane|p1a: Dragapult\n|-damage|p1a: Dragapult|55\/100\n|-start|p1a: Dragapult|confusion\n|\n|-weather|RainDance|[upkeep]\n|-heal|p1a: Dragapult|62\/100|[from] item: Leftovers\n|upkeep\n|turn|20\n|\n|t:|1700195059\n|-activate|p1a: Dragapult|confusion\n|move|p1a: Dragapult|Hex|p2a: Pelipper\n|-damage|p2a: Pelipper|27\/100 par\n|move|p2a: Pelipper|U-turn|p1a: Dragapult\n|-resisted|p1a: Dragapult\n|-damage|p1a: Dragapult|56\/100\n|\n|t:|1700195060\n|switch|p2a: Barraskewda|Barraskewda, F, shiny|100\/100|[from] U-turn\n|\n|-weather|RainDance|[upkeep]\n|-heal|p1a: Dragapult|62\/100|[from] item: Leftovers\n|upkeep\n|turn|21\n|\n|t:|1700195064\n|switch|p1a: Tatsugiri|Tatsugiri-Droopy, M|100\/100\n|move|p2a: Barraskewda|Crunch|p1a: Tatsugiri\n|-damage|p1a: Tatsugiri|25\/100\n|\n|-weather|RainDance|[upkeep]\n|upkeep\n|turn|22\n|\n|t:|1700195073\n|switch|p1a: Slowking|Slowking-Galar, M|44\/100 brn\n|move|p2a: Barraskewda|Crunch|p1a: Slowking\n|-supereffective|p1a: Slowking\n|-damage|p1a: Slowking|0 fnt\n|faint|p1a: Slowking\n|\n|-weather|RainDance|[upkeep]\n|upkeep\n|\n|t:|1700195074\n|switch|p1a: Alomomola|Alomomola, M|40\/100\n|turn|23\n|\n|t:|1700195076\n|move|p2a: Barraskewda|Crunch|p1a: Alomomola\n|-damage|p1a: Alomomola|13\/100\n|move|p1a: Alomomola|Wish|p1a: Alomomola\n|\n|-weather|RainDance|[upkeep]\n|upkeep\n|turn|24\n|\n|t:|1700195081\n|switch|p1a: Iron Valiant|Iron Valiant|100\/100\n|-enditem|p1a: Iron Valiant|Booster Energy\n|-activate|p1a: Iron Valiant|ability: Quark Drive|[fromitem]\n|-start|p1a: Iron Valiant|quarkdrivespe\n|move|p2a: Barraskewda|Crunch|p1a: Iron Valiant\n|-resisted|p1a: Iron Valiant\n|-crit|p1a: Iron Valiant\n|-damage|p1a: Iron Valiant|78\/100\n|\n|-weather|RainDance|[upkeep]\n|-heal|p1a: Iron Valiant|100\/100|[from] move: Wish|[wisher] Alomomola\n|upkeep\n|turn|25\n|\n|t:|1700195086\n|move|p2a: Barraskewda|Crunch|p1a: Iron Valiant\n|-resisted|p1a: Iron Valiant\n|-damage|p1a: Iron Valiant|88\/100\n|move|p1a: Iron Valiant|Knock Off|p2a: Barraskewda\n|-damage|p2a: Barraskewda|37\/100\n|-enditem|p2a: Barraskewda|Choice Band|[from] move: Knock Off|[of] p1a: Iron Valiant\n|\n|-weather|none\n|upkeep\n|turn|26\n|\n|t:|1700195089\n|switch|p2a: Pelipper|Pelipper, F, shiny|27\/100 par\n|-weather|RainDance|[from] ability: Drizzle|[of] p2a: Pelipper\n|move|p1a: Iron Valiant|Ice Punch|p2a: Pelipper\n|-damage|p2a: Pelipper|9\/100 par\n|\n|-weather|RainDance|[upkeep]\n|upkeep\n|turn|27\n|\n|t:|1700195092\n|move|p1a: Iron Valiant|Knock Off|p2a: Pelipper\n|-damage|p2a: Pelipper|0 fnt\n|-enditem|p2a: Pelipper|Damp Rock|[from] move: Knock Off|[of] p1a: Iron Valiant\n|faint|p2a: Pelipper\n|\n|-weather|RainDance|[upkeep]\n|upkeep\n|j| basically_am_baby\n|\n|t:|1700195094\n|switch|p2a: Barraskewda|Barraskewda, F, shiny|37\/100\n|turn|28\n|\n|t:|1700195099\n|move|p2a: Barraskewda|Liquidation|p1a: Iron Valiant\n|-damage|p1a: Iron Valiant|0 fnt\n|faint|p1a: Iron Valiant\n|-end|p1a: Iron Valiant|Quark Drive|[silent]\n|\n|-weather|RainDance|[upkeep]\n|upkeep\n|\n|t:|1700195101\n|switch|p1a: Tatsugiri|Tatsugiri-Droopy, M|25\/100\n|turn|29\n|\n|t:|1700195104\n|move|p2a: Barraskewda|Crunch|p1a: Tatsugiri\n|-damage|p1a: Tatsugiri|0 fnt\n|faint|p1a: Tatsugiri\n|\n|-weather|RainDance|[upkeep]\n|upkeep\n|\n|t:|1700195107\n|switch|p1a: Alomomola|Alomomola, M|47\/100\n|turn|30\n|\n|t:|1700195112\n|-terastallize|p1a: Alomomola|Flying\n|move|p2a: Barraskewda|Liquidation|p1a: Alomomola\n|-damage|p1a: Alomomola|4\/100\n|move|p1a: Alomomola|Acrobatics|p2a: Barraskewda\n|-damage|p2a: Barraskewda|0 fnt\n|faint|p2a: Barraskewda\n|\n|win|Official Poyo\n|raw|Official Poyo's rating: 1602 &rarr; <strong>1627<\/strong><br \/>(+25 for winning)\n|raw|CloudyEJ's rating: 1683 &rarr; <strong>1658<\/strong><br \/>(-25 for losing)\n|l|\u2606CloudyEJ\n|j|\u2606CloudyEJ\n|player|p2|CloudyEJ|hero2-conquest\n","uploadtime":1700195121,"views":8,"p1id":"officialpoyo","p2id":"cloudyej","formatid":"gen9ou","rating":1627,"private":0,"password":""}