{"id":"gen9ou-1996183465","p1":"miaoTV-\u9752","p2":"tekken_is_life","format":"[Gen 9] OU","log":"|j|\u2606miaoTV-\u9752\n|j|\u203dtekken_is_life\n|t:|1700656244\n|gametype|singles\n|player|p1|miaoTV-\u9752|266|1764\n|player|p2|tekken_is_life|riley|1798\n|teamsize|p1|6\n|teamsize|p2|6\n|gen|9\n|tier|[Gen 9] OU\n|rated|\n|rule|Sleep Clause Mod: Limit one foe put to sleep\n|rule|Species Clause: Limit one of each Pok\u00e9mon\n|rule|OHKO Clause: OHKO moves are banned\n|rule|Evasion Items Clause: Evasion items are banned\n|rule|Evasion Moves Clause: Evasion moves are banned\n|rule|Endless Battle Clause: Forcing endless battles is banned\n|rule|HP Percentage Mod: HP is shown in percentages\n|clearpoke\n|poke|p1|Ogerpon-Wellspring, F|\n|poke|p1|Breloom, F|\n|poke|p1|Cinderace, F|\n|poke|p1|Landorus-Therian, M|\n|poke|p1|Slowking-Galar, M|\n|poke|p1|Tyranitar, M|\n|poke|p2|Regidrago|\n|poke|p2|Enamorus, F|\n|poke|p2|Iron Moth|\n|poke|p2|Great Tusk|\n|poke|p2|Ogerpon-Cornerstone, F|\n|poke|p2|Kingambit, M|\n|teampreview\n|inactive|Battle timer is ON: inactive players will automatically lose when time's up. (requested by miaoTV-\u9752)\n|\n|t:|1700656267\n|start\n|switch|p1a: Cinderace|Cinderace, F|100\/100\n|switch|p2a: Iron Moth|Iron Moth|100\/100\n|-enditem|p2a: Iron Moth|Booster Energy\n|-activate|p2a: Iron Moth|ability: Quark Drive|[fromitem]\n|-start|p2a: Iron Moth|quarkdrivespe\n|turn|1\n|\n|t:|1700656273\n|switch|p1a: Tyranitar|Tyranitar, M|100\/100\n|-weather|Sandstorm|[from] ability: Sand Stream|[of] p1a: Tyranitar\n|move|p2a: Iron Moth|Sludge Wave|p1a: Tyranitar\n|-resisted|p1a: Tyranitar\n|-damage|p1a: Tyranitar|92\/100\n|\n|-weather|Sandstorm|[upkeep]\n|-damage|p2a: Iron Moth|94\/100|[from] Sandstorm\n|upkeep\n|turn|2\n|\n|t:|1700656281\n|-end|p2a: Iron Moth|Quark Drive|[silent]\n|switch|p2a: Ogerpon|Ogerpon-Cornerstone, F|100\/100\n|move|p1a: Tyranitar|Ice Beam|p2a: Ogerpon\n|-supereffective|p2a: Ogerpon\n|-damage|p2a: Ogerpon|59\/100\n|\n|-weather|Sandstorm|[upkeep]\n|upkeep\n|turn|3\n|\n|t:|1700656289\n|switch|p1a: Slowking|Slowking-Galar, M, shiny|100\/100\n|move|p2a: Ogerpon|Horn Leech|p1a: Slowking\n|-resisted|p1a: Slowking\n|-damage|p1a: Slowking|84\/100\n|-heal|p2a: Ogerpon|69\/100|[from] drain|[of] p1a: Slowking\n|-damage|p2a: Ogerpon|53\/100|[from] item: Rocky Helmet|[of] p1a: Slowking\n|\n|-weather|Sandstorm|[upkeep]\n|-damage|p1a: Slowking|78\/100|[from] Sandstorm\n|upkeep\n|turn|4\n|\n|t:|1700656298\n|move|p2a: Ogerpon|Ivy Cudgel|p1a: Slowking|[anim] Ivy Cudgel Rock\n|-crit|p1a: Slowking\n|-damage|p1a: Slowking|11\/100\n|move|p1a: Slowking|Chilly Reception|p1a: Slowking\n|-weather|Snow\n|\n|t:|1700656305\n|switch|p1a: Landorus|Landorus-Therian, M|100\/100|[from] Chilly Reception\n|-ability|p1a: Landorus|Intimidate|boost\n|-unboost|p2a: Ogerpon|atk|1\n|\n|-weather|Snow|[upkeep]\n|upkeep\n|turn|5\n|\n|t:|1700656309\n|switch|p2a: Iron Moth|Iron Moth|94\/100\n|move|p1a: Landorus|U-turn|p2a: Iron Moth\n|-resisted|p2a: Iron Moth\n|-damage|p2a: Iron Moth|84\/100\n|\n|t:|1700656313\n|switch|p1a: Slowking|Slowking-Galar, M, shiny|44\/100|[from] U-turn\n|\n|-weather|Snow|[upkeep]\n|upkeep\n|turn|6\n|\n|t:|1700656317\n|switch|p1a: Tyranitar|Tyranitar, M|92\/100\n|-weather|Sandstorm|[from] ability: Sand Stream|[of] p1a: Tyranitar\n|move|p2a: Iron Moth|Fiery Dance|p1a: Tyranitar\n|-resisted|p1a: Tyranitar\n|-damage|p1a: Tyranitar|84\/100\n|-boost|p2a: Iron Moth|spa|1\n|\n|-weather|Sandstorm|[upkeep]\n|-damage|p2a: Iron Moth|78\/100|[from] Sandstorm\n|upkeep\n|turn|7\n|\n|t:|1700656328\n|move|p2a: Iron Moth|Dazzling Gleam|p1a: Tyranitar\n|-supereffective|p1a: Tyranitar\n|-damage|p1a: Tyranitar|51\/100\n|move|p1a: Tyranitar|Ice Beam|p2a: Iron Moth\n|-resisted|p2a: Iron Moth\n|-damage|p2a: Iron Moth|64\/100\n|\n|-weather|Sandstorm|[upkeep]\n|-damage|p2a: Iron Moth|58\/100|[from] Sandstorm\n|upkeep\n|turn|8\n|\n|t:|1700656332\n|-end|p2a: Iron Moth|Quark Drive|[silent]\n|switch|p2a: Ogerpon|Ogerpon-Cornerstone, F|53\/100\n|move|p1a: Tyranitar|Earth Power|p2a: Ogerpon\n|-damage|p2a: Ogerpon|29\/100\n|\n|-weather|Sandstorm|[upkeep]\n|upkeep\n|turn|9\n|\n|t:|1700656343\n|move|p2a: Ogerpon|Ivy Cudgel|p1a: Tyranitar|[anim] Ivy Cudgel Rock\n|-damage|p1a: Tyranitar|2\/100\n|move|p1a: Tyranitar|Ice Beam|p2a: Ogerpon\n|-supereffective|p2a: Ogerpon\n|-damage|p2a: Ogerpon|0 fnt\n|faint|p2a: Ogerpon\n|\n|-weather|Sandstorm|[upkeep]\n|upkeep\n|\n|t:|1700656351\n|switch|p2a: Iron Moth|Iron Moth|58\/100\n|turn|10\n|\n|t:|1700656354\n|move|p2a: Iron Moth|Fiery Dance|p1a: Tyranitar\n|-resisted|p1a: Tyranitar\n|-damage|p1a: Tyranitar|0 fnt\n|-boost|p2a: Iron Moth|spa|1\n|faint|p1a: Tyranitar\n|\n|-weather|none\n|upkeep\n|\n|t:|1700656359\n|switch|p1a: Landorus|Landorus-Therian, M|100\/100\n|-ability|p1a: Landorus|Intimidate|boost\n|-unboost|p2a: Iron Moth|atk|1\n|turn|11\n|\n|t:|1700656365\n|-end|p2a: Iron Moth|Quark Drive|[silent]\n|switch|p2a: Enamorus|Enamorus, F|100\/100\n|move|p1a: Landorus|Earthquake|p2a: Enamorus\n|-immune|p2a: Enamorus\n|\n|upkeep\n|turn|12\n|\n|t:|1700656377\n|switch|p2a: Regidrago|Regidrago|100\/100\n|switch|p1a: Slowking|Slowking-Galar, M, shiny|78\/100\n|\n|upkeep\n|turn|13\n|\n|t:|1700656383\n|move|p2a: Regidrago|Scale Shot|p1a: Slowking\n|-damage|p1a: Slowking|65\/100\n|-damage|p1a: Slowking|51\/100\n|-damage|p1a: Slowking|38\/100\n|-damage|p1a: Slowking|25\/100\n|-hitcount|p1a: Slowking|4\n|-unboost|p2a: Regidrago|def|1\n|-boost|p2a: Regidrago|spe|1\n|move|p1a: Slowking|Chilly Reception|p1a: Slowking\n|-weather|Snow\n|\n|t:|1700656391\n|switch|p1a: Landorus|Landorus-Therian, M|100\/100|[from] Chilly Reception\n|-ability|p1a: Landorus|Intimidate|boost\n|-unboost|p2a: Regidrago|atk|1\n|\n|-weather|Snow|[upkeep]\n|upkeep\n|turn|14\n|\n|t:|1700656397\n|switch|p2a: Iron Moth|Iron Moth|58\/100\n|move|p1a: Landorus|U-turn|p2a: Iron Moth\n|-resisted|p2a: Iron Moth\n|-damage|p2a: Iron Moth|46\/100\n|\n|t:|1700656402\n|switch|p1a: Cinderace|Cinderace, F|100\/100|[from] U-turn\n|\n|-weather|Snow|[upkeep]\n|upkeep\n|turn|15\n|\n|t:|1700656408\n|move|p1a: Cinderace|Sucker Punch|p2a: Iron Moth\n|-start|p1a: Cinderace|typechange|Dark|[from] ability: Libero\n|-damage|p2a: Iron Moth|0 fnt\n|faint|p2a: Iron Moth\n|-end|p2a: Iron Moth|Quark Drive|[silent]\n|\n|-weather|Snow|[upkeep]\n|upkeep\n|j| Outdated Ahh Team\n|\n|t:|1700656415\n|switch|p2a: Regidrago|Regidrago|100\/100\n|turn|16\n|\n|t:|1700656422\n|move|p1a: Cinderace|U-turn|p2a: Regidrago\n|-damage|p2a: Regidrago|73\/100\n|\n|t:|1700656426\n|switch|p1a: Landorus|Landorus-Therian, M|100\/100|[from] U-turn\n|-ability|p1a: Landorus|Intimidate|boost\n|-unboost|p2a: Regidrago|atk|1\n|move|p2a: Regidrago|Dragon Dance|p2a: Regidrago\n|-boost|p2a: Regidrago|atk|1\n|-boost|p2a: Regidrago|spe|1\n|\n|-weather|Snow|[upkeep]\n|upkeep\n|turn|17\n|\n|t:|1700656432\n|move|p1a: Landorus|Earthquake|p2a: Regidrago\n|-damage|p2a: Regidrago|3\/100\n|move|p2a: Regidrago|Dragon Dance|p2a: Regidrago\n|-boost|p2a: Regidrago|atk|1\n|-boost|p2a: Regidrago|spe|1\n|\n|-weather|none\n|upkeep\n|turn|18\n|\n|t:|1700656449\n|move|p2a: Regidrago|Scale Shot|p1a: Landorus\n|-damage|p1a: Landorus|68\/100\n|-damage|p1a: Landorus|37\/100\n|-damage|p1a: Landorus|6\/100\n|-damage|p1a: Landorus|0 fnt\n|faint|p1a: Landorus\n|-hitcount|p1: Landorus|4\n|-unboost|p2a: Regidrago|def|1\n|-boost|p2a: Regidrago|spe|1\n|\n|upkeep\n|\n|t:|1700656454\n|switch|p1a: Breloom|Breloom, F|100\/100\n|turn|19\n|\n|t:|1700656458\n|switch|p2a: Enamorus|Enamorus, F|100\/100\n|move|p1a: Breloom|Mach Punch|p2a: Enamorus\n|-resisted|p2a: Enamorus\n|-damage|p2a: Enamorus|88\/100\n|\n|upkeep\n|turn|20\n|\n|t:|1700656465\n|move|p2a: Enamorus|Healing Wish|p2a: Enamorus\n|faint|p2a: Enamorus\n|move|p1a: Breloom|Spore|p2: Enamorus|[notarget]\n|-fail|p1a: Breloom\n|\n|upkeep\n|\n|t:|1700656472\n|switch|p2a: Great Tusk|Great Tusk|100\/100\n|-enditem|p2a: Great Tusk|Booster Energy\n|-activate|p2a: Great Tusk|ability: Protosynthesis|[fromitem]\n|-start|p2a: Great Tusk|protosynthesisatk\n|turn|21\n|\n|t:|1700656480\n|move|p2a: Great Tusk|Rapid Spin|p1a: Breloom\n|-damage|p1a: Breloom|68\/100\n|-boost|p2a: Great Tusk|spe|1\n|move|p1a: Breloom|Spore|p2a: Great Tusk\n|-status|p2a: Great Tusk|slp|[from] move: Spore\n|\n|upkeep\n|turn|22\n|\n|t:|1700656485\n|-end|p2a: Great Tusk|Protosynthesis|[silent]\n|switch|p2a: Regidrago|Regidrago|3\/100\n|-heal|p2a: Regidrago|100\/100|[from] move: Healing Wish\n|switch|p1a: Ogerpon|Ogerpon-Wellspring, F|100\/100\n|\n|upkeep\n|turn|23\n|\n|t:|1700656501\n|-terastallize|p1a: Ogerpon|Water\n|detailschange|p1a: Ogerpon|Ogerpon-Wellspring-Tera, F, tera:Water\n|-ability|p1a: Ogerpon|Embody Aspect (Wellspring)|boost\n|-boost|p1a: Ogerpon|spd|1\n|move|p1a: Ogerpon|Ivy Cudgel|p2a: Regidrago|[anim] Ivy Cudgel Water\n|-resisted|p2a: Regidrago\n|-damage|p2a: Regidrago|59\/100\n|move|p2a: Regidrago|Dragon Dance|p2a: Regidrago\n|-boost|p2a: Regidrago|atk|1\n|-boost|p2a: Regidrago|spe|1\n|\n|upkeep\n|turn|24\n|\n|t:|1700656512\n|switch|p1a: Slowking|Slowking-Galar, M, shiny|59\/100\n|move|p2a: Regidrago|Scale Shot|p1a: Slowking\n|-damage|p1a: Slowking|38\/100\n|-damage|p1a: Slowking|17\/100\n|-damage|p1a: Slowking|0 fnt\n|faint|p1a: Slowking\n|-hitcount|p1: Slowking|3\n|-unboost|p2a: Regidrago|def|1\n|-boost|p2a: Regidrago|spe|1\n|\n|upkeep\n|\n|t:|1700656519\n|switch|p1a: Breloom|Breloom, F|68\/100\n|turn|25\n|\n|t:|1700656524\n|switch|p2a: Great Tusk|Great Tusk|100\/100 slp\n|move|p1a: Breloom|Mach Punch|p2a: Great Tusk\n|-damage|p2a: Great Tusk|78\/100 slp\n|\n|upkeep\n|turn|26\n|\n|t:|1700656529\n|switch|p1a: Ogerpon|Ogerpon-Wellspring-Tera, F, tera:Water|100\/100\n|-ability|p1a: Ogerpon|Embody Aspect (Wellspring)|boost\n|-boost|p1a: Ogerpon|spd|1\n|cant|p2a: Great Tusk|slp\n|\n|upkeep\n|turn|27\n|\n|t:|1700656533\n|move|p1a: Ogerpon|Ivy Cudgel|p2a: Great Tusk|[anim] Ivy Cudgel Water\n|-supereffective|p2a: Great Tusk\n|-damage|p2a: Great Tusk|0 fnt\n|faint|p2a: Great Tusk\n|-end|p2a: Great Tusk|Protosynthesis|[silent]\n|\n|upkeep\n|\n|t:|1700656535\n|switch|p2a: Regidrago|Regidrago|59\/100\n|turn|28\n|\n|t:|1700656538\n|move|p1a: Ogerpon|Ivy Cudgel|p2a: Regidrago|[anim] Ivy Cudgel Water\n|-resisted|p2a: Regidrago\n|-damage|p2a: Regidrago|19\/100\n|move|p2a: Regidrago|Scale Shot|p1a: Ogerpon\n|-damage|p1a: Ogerpon|77\/100\n|-damage|p1a: Ogerpon|53\/100\n|-damage|p1a: Ogerpon|28\/100\n|-damage|p1a: Ogerpon|3\/100\n|-hitcount|p1a: Ogerpon|4\n|-unboost|p2a: Regidrago|def|1\n|-boost|p2a: Regidrago|spe|1\n|\n|upkeep\n|turn|29\n|\n|t:|1700656545\n|move|p2a: Regidrago|Scale Shot|p1a: Ogerpon\n|-damage|p1a: Ogerpon|0 fnt\n|faint|p1a: Ogerpon\n|-hitcount|p1: Ogerpon|1\n|-unboost|p2a: Regidrago|def|1\n|-boost|p2a: Regidrago|spe|1\n|\n|upkeep\n|\n|t:|1700656549\n|switch|p1a: Breloom|Breloom, F|68\/100\n|turn|30\n|\n|t:|1700656552\n|move|p1a: Breloom|Mach Punch|p2a: Regidrago\n|-damage|p2a: Regidrago|0 fnt\n|faint|p2a: Regidrago\n|\n|upkeep\n|\n|t:|1700656554\n|switch|p2a: Kingambit|Kingambit, M|100\/100\n|-activate|p2a: Kingambit|ability: Supreme Overlord\n|-start|p2a: Kingambit|fallen5|[silent]\n|turn|31\n|\n|t:|1700656571\n|move|p1a: Breloom|Spore|p2a: Kingambit\n|-status|p2a: Kingambit|slp|[from] move: Spore\n|cant|p2a: Kingambit|slp\n|\n|upkeep\n|turn|32\n|\n|t:|1700656575\n|-terastallize|p2a: Kingambit|Flying\n|move|p1a: Breloom|Mach Punch|p2a: Kingambit\n|-resisted|p2a: Kingambit\n|-damage|p2a: Kingambit|87\/100 slp\n|cant|p2a: Kingambit|slp\n|\n|-heal|p2a: Kingambit|94\/100 slp|[from] item: Leftovers\n|upkeep\n|turn|33\n|\n|t:|1700656579\n|move|p1a: Breloom|Rock Tomb|p2a: Kingambit|[miss]\n|-miss|p1a: Breloom|p2a: Kingambit\n|cant|p2a: Kingambit|slp\n|\n|-heal|p2a: Kingambit|99\/100 slp|[from] item: Leftovers\n|upkeep\n|turn|34\n|\n|t:|1700656583\n|move|p1a: Breloom|Rock Tomb|p2a: Kingambit\n|-supereffective|p2a: Kingambit\n|-damage|p2a: Kingambit|46\/100 slp\n|-unboost|p2a: Kingambit|spe|1\n|-curestatus|p2a: Kingambit|slp|[msg]\n|move|p2a: Kingambit|Iron Head|p1a: Breloom\n|-damage|p1a: Breloom|0 fnt\n|faint|p1a: Breloom\n|\n|-heal|p2a: Kingambit|52\/100|[from] item: Leftovers\n|upkeep\n|\n|t:|1700656587\n|switch|p1a: Cinderace|Cinderace, F|100\/100\n|turn|35\n|\n|t:|1700656591\n|move|p1a: Cinderace|Sucker Punch|p2a: Kingambit\n|-start|p1a: Cinderace|typechange|Dark|[from] ability: Libero\n|-damage|p2a: Kingambit|20\/100\n|move|p2a: Kingambit|Kowtow Cleave|p1a: Cinderace\n|-resisted|p1a: Cinderace\n|-damage|p1a: Cinderace|43\/100\n|\n|-heal|p2a: Kingambit|26\/100|[from] item: Leftovers\n|upkeep\n|turn|36\n|\n|t:|1700656605\n|move|p1a: Cinderace|Sucker Punch|p2a: Kingambit\n|-damage|p2a: Kingambit|0 fnt\n|faint|p2a: Kingambit\n|-end|p2a: Kingambit|fallen5|[silent]\n|\n|win|miaoTV-\u9752\n|raw|miaoTV-\u9752's rating: 1764 &rarr; <strong>1786<\/strong><br \/>(+22 for winning)\n|raw|tekken_is_life's rating: 1798 &rarr; <strong>1776<\/strong><br \/>(-22 for losing)\n|l|\u203dtekken_is_life\n","uploadtime":1700656620,"views":1,"p1id":"miaotv","p2id":"tekkenislife","formatid":"gen9ou","rating":1776,"private":0,"password":""}