{"id":"gen9ou-1995200686","p1":"Juneheat","p2":"Aggron","format":"[Gen 9] OU","log":"|j|\u2606Juneheat\n|j|\u2606Aggron\n|t:|1700533895\n|gametype|singles\n|player|p1|Juneheat|aromalady|1659\n|player|p2|Aggron|pokefan-gen4|1785\n|teamsize|p1|6\n|teamsize|p2|6\n|gen|9\n|tier|[Gen 9] OU\n|rated|\n|rule|Sleep Clause Mod: Limit one foe put to sleep\n|rule|Species Clause: Limit one of each Pok\u00e9mon\n|rule|OHKO Clause: OHKO moves are banned\n|rule|Evasion Items Clause: Evasion items are banned\n|rule|Evasion Moves Clause: Evasion moves are banned\n|rule|Endless Battle Clause: Forcing endless battles is banned\n|rule|HP Percentage Mod: HP is shown in percentages\n|clearpoke\n|poke|p1|Weavile, M|\n|poke|p1|Toxapex, F|\n|poke|p1|Zapdos|\n|poke|p1|Zamazenta-*|\n|poke|p1|Rillaboom, F|\n|poke|p1|Ting-Lu|\n|poke|p2|Sinistcha-Masterpiece|\n|poke|p2|Heatran, M|\n|poke|p2|Rillaboom, F|\n|poke|p2|Samurott-Hisui, F|\n|poke|p2|Tyranitar, M|\n|poke|p2|Meowscarada, F|\n|teampreview\n|inactive|Battle timer is ON: inactive players will automatically lose when time's up. (requested by Aggron)\n|j| plue00\n|inactive|Aggron has 120 seconds left.\n|\n|t:|1700533942\n|start\n|switch|p1a: Zamazenta|Zamazenta|100\/100\n|switch|p2a: Tyranitar|Tyranitar, M|100\/100\n|-ability|p1a: Zamazenta|Dauntless Shield|boost\n|-boost|p1a: Zamazenta|def|1\n|-weather|Sandstorm|[from] ability: Sand Stream|[of] p2a: Tyranitar\n|turn|1\n|\n|t:|1700533960\n|switch|p2a: Sinistcha|Sinistcha-Masterpiece|100\/100\n|move|p1a: Zamazenta|Crunch|p2a: Sinistcha\n|-supereffective|p2a: Sinistcha\n|-damage|p2a: Sinistcha|72\/100\n|\n|-weather|Sandstorm|[upkeep]\n|-damage|p1a: Zamazenta|95\/100|[from] Sandstorm\n|-damage|p2a: Sinistcha|66\/100|[from] Sandstorm\n|-heal|p1a: Zamazenta|100\/100|[from] item: Leftovers\n|upkeep\n|turn|2\n|\n|t:|1700533981\n|switch|p1a: Toxapex|Toxapex, F|100\/100\n|move|p2a: Sinistcha|Matcha Gotcha|p1a: Toxapex\n|-damage|p1a: Toxapex|75\/100\n|-heal|p2a: Sinistcha|78\/100|[from] drain|[of] p1a: Toxapex\n|-status|p1a: Toxapex|brn\n|\n|-weather|Sandstorm|[upkeep]\n|-damage|p2a: Sinistcha|72\/100|[from] Sandstorm\n|-damage|p1a: Toxapex|68\/100 brn|[from] Sandstorm\n|-damage|p1a: Toxapex|62\/100 brn|[from] brn\n|upkeep\n|turn|3\n|\n|t:|1700533993\n|switch|p2a: Heatran|Heatran, M|100\/100\n|-item|p2a: Heatran|Air Balloon\n|move|p1a: Toxapex|Sludge Bomb|p2a: Heatran\n|-immune|p2a: Heatran\n|\n|-weather|Sandstorm|[upkeep]\n|-damage|p1a: Toxapex|56\/100 brn|[from] Sandstorm\n|-damage|p1a: Toxapex|50\/100 brn|[from] brn\n|upkeep\n|turn|4\n|\n|t:|1700534001\n|move|p2a: Heatran|Stealth Rock|p1a: Toxapex\n|-sidestart|p1: Juneheat|move: Stealth Rock\n|move|p1a: Toxapex|Recover|p1a: Toxapex\n|-heal|p1a: Toxapex|99\/100 brn\n|\n|-weather|Sandstorm|[upkeep]\n|-damage|p1a: Toxapex|93\/100 brn|[from] Sandstorm\n|-damage|p1a: Toxapex|87\/100 brn|[from] brn\n|upkeep\n|turn|5\n|\n|t:|1700534004\n|move|p2a: Heatran|Earth Power|p1a: Toxapex\n|-supereffective|p1a: Toxapex\n|-damage|p1a: Toxapex|38\/100 brn\n|move|p1a: Toxapex|Surf|p2a: Heatran\n|-supereffective|p2a: Heatran\n|-damage|p2a: Heatran|35\/100\n|-enditem|p2a: Heatran|Air Balloon\n|\n|-weather|none\n|-damage|p1a: Toxapex|31\/100 brn|[from] brn\n|upkeep\n|turn|6\n|\n|t:|1700534017\n|-terastallize|p1a: Toxapex|Grass\n|move|p2a: Heatran|Magma Storm|p1a: Toxapex\n|-supereffective|p1a: Toxapex\n|-damage|p1a: Toxapex|0 fnt\n|faint|p1a: Toxapex\n|\n|upkeep\n|-message|Juneheat forfeited.\n|\n|win|Aggron\n|raw|Juneheat's rating: 1659 &rarr; <strong>1646<\/strong><br \/>(-13 for losing)\n|raw|Aggron's rating: 1785 &rarr; <strong>1798<\/strong><br \/>(+13 for winning)\n|l|\u2606Juneheat\n","uploadtime":1700534030,"views":18,"p1id":"juneheat","p2id":"aggron","formatid":"gen9ou","rating":1646,"private":0,"password":""}