{"id":"gen9ou-1995128597","p1":"candy moment","p2":"Vidder9","format":"[Gen 9] OU","log":"|j|\u2606candy moment\n|j|\u2606Vidder9\n|t:|1700525728\n|gametype|singles\n|player|p1|candy moment|lusamine-nihilego|1167\n|player|p2|Vidder9|101|1113\n|teamsize|p1|6\n|teamsize|p2|6\n|gen|9\n|tier|[Gen 9] OU\n|rated|\n|rule|Sleep Clause Mod: Limit one foe put to sleep\n|rule|Species Clause: Limit one of each Pok\u00e9mon\n|rule|OHKO Clause: OHKO moves are banned\n|rule|Evasion Items Clause: Evasion items are banned\n|rule|Evasion Moves Clause: Evasion moves are banned\n|rule|Endless Battle Clause: Forcing endless battles is banned\n|rule|HP Percentage Mod: HP is shown in percentages\n|clearpoke\n|poke|p1|Tornadus-Therian, M|\n|poke|p1|Rotom-Wash|\n|poke|p1|Barraskewda, M|\n|poke|p1|Lokix, M|\n|poke|p1|Electrode-Hisui|\n|poke|p1|Vikavolt, M|\n|poke|p2|Poliwrath, F|\n|poke|p2|Pelipper, M|\n|poke|p2|Overqwil, F|\n|poke|p2|Rillaboom, M|\n|poke|p2|Iron Treads|\n|poke|p2|Zapdos|\n|teampreview\n|inactive|Battle timer is ON: inactive players will automatically lose when time's up. (requested by Vidder9)\n|c|\u2606candy moment|nyroom\n|j| knexhawk2\n|j| cryaboutitE\n|c|\u2606candy moment|wait\n|c|\u2606candy moment|i know you\n|j| SDK04\n|l| knexhawk2\n|c| cryaboutitE|Indeed you do\n|\n|t:|1700525758\n|start\n|switch|p1a: Vikavolt|Vikavolt, M|100\/100\n|switch|p2a: Iron Treads|Iron Treads|100\/100\n|turn|1\n|j| smartest ditto.\n|\n|t:|1700525763\n|move|p2a: Iron Treads|Ice Spinner|p1a: Vikavolt\n|-damage|p1a: Vikavolt|75\/100\n|move|p1a: Vikavolt|Sticky Web|p2a: Iron Treads\n|-sidestart|p2: Vidder9|move: Sticky Web\n|\n|upkeep\n|turn|2\n|j| Wernher_1\n|l| Wernher_1\n|\n|t:|1700525770\n|move|p2a: Iron Treads|Rapid Spin|p1a: Vikavolt\n|-crit|p1a: Vikavolt\n|-damage|p1a: Vikavolt|53\/100\n|-boost|p2a: Iron Treads|spe|1\n|-sideend|p2: Vidder9|Sticky Web|[from] move: Rapid Spin|[of] p2a: Iron Treads\n|move|p1a: Vikavolt|Energy Ball|p2a: Iron Treads\n|-damage|p2a: Iron Treads|64\/100\n|\n|upkeep\n|turn|3\n|\n|t:|1700525780\n|move|p2a: Iron Treads|Ice Spinner|p1a: Vikavolt\n|-damage|p1a: Vikavolt|26\/100\n|move|p1a: Vikavolt|Bug Buzz|p2a: Iron Treads\n|-resisted|p2a: Iron Treads\n|-damage|p2a: Iron Treads|36\/100\n|\n|upkeep\n|turn|4\n|c| smartest ditto.|save the volt\n|\n|t:|1700525792\n|switch|p1a: Rotom|Rotom-Wash|100\/100\n|move|p2a: Iron Treads|Ice Spinner|p1a: Rotom\n|-resisted|p1a: Rotom\n|-damage|p1a: Rotom|86\/100\n|\n|upkeep\n|turn|5\n|c| cryaboutitE|Fr\n|\n|t:|1700525809\n|-end|p2a: Iron Treads|Quark Drive|[silent]\n|switch|p2a: Rillaboom|Rillaboom, M|100\/100\n|-fieldstart|move: Grassy Terrain|[from] ability: Grassy Surge|[of] p2a: Rillaboom\n|move|p1a: Rotom|Hydro Pump|p2a: Rillaboom\n|-resisted|p2a: Rillaboom\n|-damage|p2a: Rillaboom|70\/100\n|\n|-heal|p2a: Rillaboom|76\/100|[from] Grassy Terrain\n|upkeep\n|turn|6\n|c| smartest ditto.|we can sac it for a free switch in later\n|\n|t:|1700525815\n|move|p1a: Rotom|Will-O-Wisp|p2a: Rillaboom\n|-status|p2a: Rillaboom|brn\n|move|p2a: Rillaboom|Wood Hammer|p1a: Rotom\n|-supereffective|p1a: Rotom\n|-damage|p1a: Rotom|0 fnt\n|faint|p1a: Rotom\n|-damage|p2a: Rillaboom|56\/100 brn|[from] Recoil\n|\n|-heal|p2a: Rillaboom|62\/100 brn|[from] Grassy Terrain\n|-damage|p2a: Rillaboom|56\/100 brn|[from] brn\n|upkeep\n|j| huhuihuh\n|c|\u2606candy moment|oW\n|\n|t:|1700525832\n|switch|p1a: Barraskewda|Barraskewda, M|100\/100\n|turn|7\n|c| smartest ditto.|DUDE\n|c| smartest ditto.|LOKIX\n|c|\u2606candy moment|I SAW\n|c|\u2606candy moment|ICE FANG\n|c| smartest ditto.|FUCKInG\n|c|\u2606candy moment|NDKS.B AVJK\/D;SNAVJ A;\n|c| smartest ditto.|EXISXTS\n|l| huhuihuh\n|\n|t:|1700525853\n|move|p1a: Barraskewda|Ice Fang|p2a: Rillaboom\n|-supereffective|p2a: Rillaboom\n|-damage|p2a: Rillaboom|0 fnt\n|faint|p2a: Rillaboom\n|\n|upkeep\n|c|\u2606candy moment|wait\n|c|\u2606candy moment|what?\n|j| Buttermilk1\n|c| smartest ditto.|there was ice fang\n|c|\u2606candy moment|nononono\n|c|\u2606candy moment|the glide\n|c|\u2606candy moment|where was the glide\n|inactive|Vidder9 has 120 seconds left.\n|\n|t:|1700525885\n|switch|p2a: Zapdos|Zapdos|100\/100\n|turn|8\n|c| smartest ditto.|bro forgor\n|l| Buttermilk1\n|inactive|candy moment has 120 seconds left.\n|\n|t:|1700525912\n|move|p1a: Barraskewda|Ice Fang|p2a: Zapdos\n|-supereffective|p2a: Zapdos\n|-damage|p2a: Zapdos|11\/100\n|move|p2a: Zapdos|Thunder|p1a: Barraskewda\n|-supereffective|p1a: Barraskewda\n|-damage|p1a: Barraskewda|0 fnt\n|faint|p1a: Barraskewda\n|\n|upkeep\n|c|\u2606candy moment|took a chance\n|c| smartest ditto.|its worth it\n|\n|t:|1700525925\n|switch|p1a: Electrode|Electrode-Hisui|100\/100\n|turn|9\n|c|\u2606Vidder9|Rilla band\n|inactive|Vidder9 has 120 seconds left.\n|\n|t:|1700525954\n|switch|p2a: Iron Treads|Iron Treads|36\/100\n|move|p1a: Electrode|Thunderbolt|p2a: Iron Treads\n|-immune|p2a: Iron Treads\n|\n|-heal|p2a: Iron Treads|42\/100|[from] Grassy Terrain\n|-fieldend|move: Grassy Terrain\n|upkeep\n|turn|10\n|c|\u2606candy moment|oh it's banded\n|inactive|Vidder9 has 120 seconds left.\n|j| oseoseti\n|inactive|candy moment has 90 seconds left.\n|inactive|candy moment has 60 seconds left.\n|\n|t:|1700526002\n|move|p1a: Electrode|Thunderbolt|p2a: Iron Treads\n|-immune|p2a: Iron Treads\n|move|p2a: Iron Treads|Ice Spinner|p1a: Electrode\n|-supereffective|p1a: Electrode\n|-damage|p1a: Electrode|25\/100\n|-status|p2a: Iron Treads|par|[from] ability: Static|[of] p1a: Electrode\n|\n|upkeep\n|turn|11\n|c| smartest ditto.|i am proud though\n|c|\u2606candy moment|MISCLICK\n|c|\u2606candy moment|EEEEEEE\n|inactive|candy moment has 60 seconds left.\n|inactive|Vidder9 has 120 seconds left.\n|c| smartest ditto.|THE CLUTCH\n|c|\u2606candy moment|my fucking dumbass\n|l| oseoseti\n|c| smartest ditto.|NOW VIKA SAC\n|c| smartest ditto.|DO IT\n|\n|t:|1700526038\n|switch|p1a: Vikavolt|Vikavolt, M|26\/100\n|move|p2a: Iron Treads|Ice Spinner|p1a: Vikavolt\n|-damage|p1a: Vikavolt|0 fnt\n|faint|p1a: Vikavolt\n|\n|upkeep\n|inactive|candy moment has 60 seconds left.\n|\n|t:|1700526053\n|switch|p1a: Electrode|Electrode-Hisui|25\/100\n|turn|12\n|\n|t:|1700526060\n|move|p1a: Electrode|Giga Drain|p2a: Iron Treads\n|-damage|p2a: Iron Treads|2\/100 par\n|-heal|p1a: Electrode|50\/100|[from] drain|[of] p2a: Iron Treads\n|move|p2a: Iron Treads|Ice Spinner|p1a: Electrode\n|-supereffective|p1a: Electrode\n|-damage|p1a: Electrode|0 fnt\n|faint|p1a: Electrode\n|\n|upkeep\n|inactive|candy moment has 60 seconds left.\n|c|\u2606Vidder9|\u2026\n|\n|t:|1700526081\n|switch|p1a: Tornadus|Tornadus-Therian, M|100\/100\n|turn|13\n|\n|t:|1700526086\n|move|p1a: Tornadus|U-turn|p2a: Iron Treads\n|-resisted|p2a: Iron Treads\n|-damage|p2a: Iron Treads|0 fnt\n|faint|p2a: Iron Treads\n|-end|p2a: Iron Treads|Quark Drive|[silent]\n|\n|t:|1700526090\n|switch|p1a: Lokix|Lokix, M|100\/100|[from] U-turn\n|\n|upkeep\n|inactive|Vidder9 has 120 seconds left.\n|c| smartest ditto.|lokix moment\n|\n|t:|1700526098\n|switch|p2a: Pelipper|Pelipper, M|100\/100\n|-weather|RainDance|[from] ability: Drizzle|[of] p2a: Pelipper\n|turn|14\n|\n|t:|1700526102\n|move|p1a: Lokix|Swords Dance|p1a: Lokix\n|-boost|p1a: Lokix|atk|2\n|move|p2a: Pelipper|U-turn|p1a: Lokix\n|-supereffective|p1a: Lokix\n|-damage|p1a: Lokix|74\/100\n|\n|t:|1700526111\n|switch|p2a: Zapdos|Zapdos|11\/100|[from] U-turn\n|\n|-weather|RainDance|[upkeep]\n|upkeep\n|turn|15\n|\n|t:|1700526121\n|move|p2a: Zapdos|Hurricane|p1a: Lokix\n|-supereffective|p1a: Lokix\n|-damage|p1a: Lokix|0 fnt\n|faint|p1a: Lokix\n|\n|-weather|RainDance|[upkeep]\n|upkeep\n|c| smartest ditto.|lokix ded\n|\n|t:|1700526133\n|switch|p1a: Tornadus|Tornadus-Therian, M|100\/100\n|turn|16\n|\n|t:|1700526138\n|move|p1a: Tornadus|Body Slam|p2a: Zapdos\n|-damage|p2a: Zapdos|0 fnt\n|-status|p1a: Tornadus|par|[from] ability: Static|[of] p2a: Zapdos\n|faint|p2a: Zapdos\n|\n|-weather|RainDance|[upkeep]\n|upkeep\n|c|\u2606candy moment|i'm gonna cry\n|\n|t:|1700526148\n|switch|p2a: Poliwrath|Poliwrath, F|100\/100\n|turn|17\n|\n|t:|1700526155\n|move|p2a: Poliwrath|Belly Drum|p2a: Poliwrath\n|-damage|p2a: Poliwrath|50\/100\n|-setboost|p2a: Poliwrath|atk|6|[from] move: Belly Drum\n|-enditem|p2a: Poliwrath|Sitrus Berry|[eat]\n|-heal|p2a: Poliwrath|75\/100|[from] item: Sitrus Berry\n|move|p1a: Tornadus|Body Slam|p2a: Poliwrath\n|-damage|p2a: Poliwrath|32\/100\n|-status|p2a: Poliwrath|par\n|\n|-weather|RainDance|[upkeep]\n|upkeep\n|turn|18\n|c|\u2606Vidder9|Here comes big boy\n|c| smartest ditto.|cryingmyheartoutmoment\n|\n|t:|1700526172\n|-terastallize|p2a: Poliwrath|Steel\n|move|p2a: Poliwrath|Liquidation|p1a: Tornadus\n|-damage|p1a: Tornadus|0 fnt\n|faint|p1a: Tornadus\n|\n|win|Vidder9\n|raw|candy moment's rating: 1167 &rarr; <strong>1138<\/strong><br \/>(-29 for losing)\n|raw|Vidder9's rating: 1113 &rarr; <strong>1142<\/strong><br \/>(+29 for winning)\n","uploadtime":1700526022,"views":6,"p1id":"candymoment","p2id":"vidder9","formatid":"gen9ou","rating":1138,"private":0,"password":""}