{"id":"gen9ou-1997901290","p1":"Peratest","p2":"Naewelp","format":"[Gen 9] OU","log":"|j|\u2606Peratest\n|j|\u2606Naewelp\n|t:|1700865396\n|gametype|singles\n|player|p1|Peratest|linebacker|1668\n|player|p2|Naewelp|rosa|1587\n|teamsize|p1|6\n|teamsize|p2|6\n|gen|9\n|tier|[Gen 9] OU\n|rated|\n|rule|Sleep Clause Mod: Limit one foe put to sleep\n|rule|Species Clause: Limit one of each Pok\u00e9mon\n|rule|OHKO Clause: OHKO moves are banned\n|rule|Evasion Items Clause: Evasion items are banned\n|rule|Evasion Moves Clause: Evasion moves are banned\n|rule|Endless Battle Clause: Forcing endless battles is banned\n|rule|HP Percentage Mod: HP is shown in percentages\n|clearpoke\n|poke|p1|Ogerpon, F|\n|poke|p1|Cinderace, M|\n|poke|p1|Corviknight, M|\n|poke|p1|Clodsire, M|\n|poke|p1|Iron Valiant|\n|poke|p1|Heatran, M|\n|poke|p2|Cinderace, F|\n|poke|p2|Gholdengo|\n|poke|p2|Greninja-*, M|\n|poke|p2|Ogerpon-Wellspring, F|\n|poke|p2|Iron Valiant|\n|poke|p2|Great Tusk|\n|teampreview\n|inactive|Battle timer is ON: inactive players will automatically lose when time's up. (requested by Naewelp)\n|\n|t:|1700865414\n|start\n|switch|p1a: Jeff|Heatran, M, shiny|100\/100\n|switch|p2a: Cinderace|Cinderace, F|100\/100\n|-item|p1a: Jeff|Air Balloon\n|turn|1\n|\n|t:|1700865428\n|move|p2a: Cinderace|U-turn|p1a: Jeff\n|-resisted|p1a: Jeff\n|-damage|p1a: Jeff|95\/100\n|-enditem|p1a: Jeff|Air Balloon\n|\n|t:|1700865453\n|switch|p2a: Greninja|Greninja, M|100\/100|[from] U-turn\n|move|p1a: Jeff|Magma Storm|p2a: Greninja\n|-resisted|p2a: Greninja\n|-damage|p2a: Greninja|61\/100\n|-activate|p2a: Greninja|move: Magma Storm|[of] p1a: Jeff\n|\n|-damage|p2a: Greninja|49\/100|[from] move: Magma Storm|[partiallytrapped]\n|upkeep\n|turn|2\n|\n|t:|1700865466\n|switch|p1a: Happy 2 b here|Clodsire, M, shiny|100\/100\n|move|p2a: Greninja|Dark Pulse|p1a: Happy 2 b here\n|-damage|p1a: Happy 2 b here|74\/100\n|-damage|p2a: Greninja|39\/100|[from] item: Life Orb\n|\n|-heal|p1a: Happy 2 b here|80\/100|[from] item: Leftovers\n|-end|p2a: Greninja|Magma Storm|[partiallytrapped]|[silent]\n|upkeep\n|turn|3\n|\n|t:|1700865478\n|switch|p1a: Jeff|Heatran, M, shiny|95\/100\n|move|p2a: Greninja|Ice Beam|p1a: Jeff\n|-resisted|p1a: Jeff\n|-damage|p1a: Jeff|90\/100\n|-damage|p2a: Greninja|29\/100|[from] item: Life Orb\n|\n|upkeep\n|turn|4\n|\n|t:|1700865488\n|switch|p1a: Happy 2 b here|Clodsire, M, shiny|80\/100\n|move|p2a: Greninja|Dark Pulse|p1a: Happy 2 b here\n|-damage|p1a: Happy 2 b here|57\/100\n|-damage|p2a: Greninja|19\/100|[from] item: Life Orb\n|\n|-heal|p1a: Happy 2 b here|64\/100|[from] item: Leftovers\n|upkeep\n|turn|5\n|\n|t:|1700865498\n|switch|p2a: Gholdengo|Gholdengo|100\/100\n|-item|p2a: Gholdengo|Air Balloon\n|move|p1a: Happy 2 b here|Recover|p1a: Happy 2 b here\n|-heal|p1a: Happy 2 b here|100\/100\n|\n|upkeep\n|turn|6\n|\n|t:|1700865507\n|switch|p1a: Sanji|Cinderace, M, shiny|100\/100\n|move|p2a: Gholdengo|Shadow Ball|p1a: Sanji\n|-crit|p1a: Sanji\n|-damage|p1a: Sanji|6\/100\n|\n|upkeep\n|turn|7\n|\n|t:|1700865517\n|switch|p2a: Greninja|Greninja, M|19\/100\n|move|p1a: Sanji|Pyro Ball|p2a: Greninja\n|-resisted|p2a: Greninja\n|-damage|p2a: Greninja|0 fnt\n|faint|p2a: Greninja\n|\n|upkeep\n|\n|t:|1700865529\n|switch|p2a: Cinderace|Cinderace, F|100\/100\n|turn|8\n|\n|t:|1700865535\n|move|p1a: Sanji|Sucker Punch|p2a: Cinderace\n|-start|p1a: Sanji|typechange|Dark|[from] ability: Libero\n|-damage|p2a: Cinderace|52\/100\n|move|p2a: Cinderace|U-turn|p1a: Sanji\n|-supereffective|p1a: Sanji\n|-damage|p1a: Sanji|0 fnt\n|faint|p1a: Sanji\n|\n|t:|1700865542\n|switch|p2a: Ogerpon|Ogerpon-Wellspring, F|100\/100|[from] U-turn\n|\n|upkeep\n|\n|t:|1700865550\n|switch|p1a: Fiona|Ogerpon, F|100\/100\n|turn|9\n|\n|t:|1700865556\n|-terastallize|p1a: Fiona|Grass\n|detailschange|p1a: Fiona|Ogerpon-Teal-Tera, F, tera:Grass\n|-ability|p1a: Fiona|Embody Aspect (Teal)|boost\n|-boost|p1a: Fiona|spe|1\n|move|p1a: Fiona|Ivy Cudgel|p2a: Ogerpon\n|-damage|p2a: Ogerpon|0 fnt\n|faint|p2a: Ogerpon\n|\n|upkeep\n|\n|t:|1700865561\n|switch|p2a: Cinderace|Cinderace, F|52\/100\n|turn|10\n|\n|t:|1700865569\n|move|p1a: Fiona|Stomping Tantrum|p2a: Cinderace\n|-supereffective|p2a: Cinderace\n|-damage|p2a: Cinderace|0 fnt\n|faint|p2a: Cinderace\n|\n|upkeep\n|\n|t:|1700865576\n|switch|p2a: Gholdengo|Gholdengo|100\/100\n|-item|p2a: Gholdengo|Air Balloon\n|turn|11\n|\n|t:|1700865588\n|switch|p1a: Jeff|Heatran, M, shiny|90\/100\n|move|p2a: Gholdengo|Shadow Ball|p1a: Jeff\n|-damage|p1a: Jeff|62\/100\n|-unboost|p1a: Jeff|spd|1\n|\n|upkeep\n|turn|12\n|\n|t:|1700865597\n|move|p2a: Gholdengo|Shadow Ball|p1a: Jeff\n|-damage|p1a: Jeff|20\/100\n|move|p1a: Jeff|Power Gem|p2a: Gholdengo\n|-resisted|p2a: Gholdengo\n|-damage|p2a: Gholdengo|86\/100\n|-enditem|p2a: Gholdengo|Air Balloon\n|\n|upkeep\n|turn|13\n|\n|t:|1700865612\n|move|p2a: Gholdengo|Shadow Ball|p1a: Jeff\n|-damage|p1a: Jeff|0 fnt\n|faint|p1a: Jeff\n|\n|upkeep\n|\n|t:|1700865624\n|switch|p1a: Happy 2 b here|Clodsire, M, shiny|100\/100\n|turn|14\n|\n|t:|1700865633\n|switch|p2a: Great Tusk|Great Tusk|100\/100\n|move|p1a: Happy 2 b here|Earthquake|p2a: Great Tusk\n|-damage|p2a: Great Tusk|83\/100\n|\n|-heal|p2a: Great Tusk|89\/100|[from] item: Leftovers\n|upkeep\n|turn|15\n|\n|t:|1700865645\n|-end|p2a: Great Tusk|Protosynthesis|[silent]\n|switch|p2a: Gholdengo|Gholdengo|86\/100\n|switch|p1a: Nevermore|Corviknight, M, shiny|100\/100\n|\n|upkeep\n|turn|16\n|\n|t:|1700865652\n|move|p2a: Gholdengo|Shadow Ball|p1a: Nevermore\n|-damage|p1a: Nevermore|55\/100\n|move|p1a: Nevermore|U-turn|p2a: Gholdengo\n|-resisted|p2a: Gholdengo\n|-damage|p2a: Gholdengo|82\/100\n|\n|t:|1700865658\n|switch|p1a: Fiona|Ogerpon-Teal-Tera, F, tera:Grass|100\/100|[from] U-turn\n|-ability|p1a: Fiona|Embody Aspect (Teal)|boost\n|-boost|p1a: Fiona|spe|1\n|\n|upkeep\n|turn|17\n|\n|t:|1700865672\n|move|p1a: Fiona|Stomping Tantrum|p2a: Gholdengo\n|-supereffective|p2a: Gholdengo\n|-damage|p2a: Gholdengo|21\/100\n|move|p2a: Gholdengo|Make It Rain|p1a: Fiona\n|-damage|p1a: Fiona|26\/100\n|-unboost|p2a: Gholdengo|spa|1\n|\n|upkeep\n|turn|18\n|\n|t:|1700865693\n|switch|p2a: Iron Valiant|Iron Valiant|100\/100\n|-enditem|p2a: Iron Valiant|Booster Energy\n|-activate|p2a: Iron Valiant|ability: Quark Drive|[fromitem]\n|-start|p2a: Iron Valiant|quarkdrivespe\n|move|p1a: Fiona|Ivy Cudgel|p2a: Iron Valiant\n|-damage|p2a: Iron Valiant|5\/100\n|\n|upkeep\n|turn|19\n|\n|t:|1700865705\n|switch|p1a: Happy 2 b here|Clodsire, M, shiny|100\/100\n|move|p2a: Iron Valiant|Knock Off|p1a: Happy 2 b here\n|-damage|p1a: Happy 2 b here|66\/100\n|-enditem|p1a: Happy 2 b here|Leftovers|[from] move: Knock Off|[of] p2a: Iron Valiant\n|\n|upkeep\n|turn|20\n|\n|t:|1700865716\n|-end|p2a: Iron Valiant|Quark Drive|[silent]\n|switch|p2a: Great Tusk|Great Tusk|89\/100\n|move|p1a: Happy 2 b here|Earthquake|p2a: Great Tusk\n|-damage|p2a: Great Tusk|74\/100\n|\n|-heal|p2a: Great Tusk|80\/100|[from] item: Leftovers\n|upkeep\n|turn|21\n|\n|t:|1700865733\n|-end|p2a: Great Tusk|Protosynthesis|[silent]\n|switch|p2a: Gholdengo|Gholdengo|21\/100\n|switch|p1a: Nevermore|Corviknight, M, shiny|55\/100\n|\n|upkeep\n|turn|22\n|\n|t:|1700865739\n|move|p2a: Gholdengo|Recover|p2a: Gholdengo\n|-heal|p2a: Gholdengo|72\/100\n|move|p1a: Nevermore|U-turn|p2a: Gholdengo\n|-resisted|p2a: Gholdengo\n|-damage|p2a: Gholdengo|67\/100\n|\n|t:|1700865747\n|switch|p1a: Fiona|Ogerpon-Teal-Tera, F, tera:Grass|26\/100|[from] U-turn\n|-ability|p1a: Fiona|Embody Aspect (Teal)|boost\n|-boost|p1a: Fiona|spe|1\n|\n|upkeep\n|turn|23\n|\n|t:|1700865762\n|move|p1a: Fiona|Stomping Tantrum|p2a: Gholdengo\n|-supereffective|p2a: Gholdengo\n|-damage|p2a: Gholdengo|7\/100\n|move|p2a: Gholdengo|Shadow Ball|p1a: Fiona\n|-damage|p1a: Fiona|0 fnt\n|faint|p1a: Fiona\n|\n|upkeep\n|\n|t:|1700865771\n|switch|p1a: Galladevoir|Iron Valiant, shiny|100\/100\n|-enditem|p1a: Galladevoir|Booster Energy\n|-activate|p1a: Galladevoir|ability: Quark Drive|[fromitem]\n|-start|p1a: Galladevoir|quarkdrivespe\n|turn|24\n|\n|t:|1700865776\n|switch|p2a: Iron Valiant|Iron Valiant|5\/100\n|move|p1a: Galladevoir|Moonblast|p2a: Iron Valiant\n|-supereffective|p2a: Iron Valiant\n|-crit|p2a: Iron Valiant\n|-damage|p2a: Iron Valiant|0 fnt\n|faint|p2a: Iron Valiant\n|-end|p2a: Iron Valiant|Quark Drive|[silent]\n|\n|upkeep\n|\n|t:|1700865779\n|switch|p2a: Great Tusk|Great Tusk|80\/100\n|turn|25\n|\n|t:|1700865787\n|-terastallize|p2a: Great Tusk|Water\n|move|p1a: Galladevoir|Moonblast|p2a: Great Tusk\n|-damage|p2a: Great Tusk|21\/100\n|-unboost|p2a: Great Tusk|spa|1\n|move|p2a: Great Tusk|Earthquake|p1a: Galladevoir\n|-damage|p1a: Galladevoir|42\/100\n|\n|-heal|p2a: Great Tusk|27\/100|[from] item: Leftovers\n|upkeep\n|turn|26\n|-message|Naewelp forfeited.\n|\n|win|Peratest\n|raw|Peratest's rating: 1668 &rarr; <strong>1683<\/strong><br \/>(+15 for winning)\n|raw|Naewelp's rating: 1587 &rarr; <strong>1572<\/strong><br \/>(-15 for losing)\n|l|\u2606Naewelp\n","uploadtime":1700865807,"views":23,"p1id":"peratest","p2id":"naewelp","formatid":"gen9ou","rating":1572,"private":0,"password":""}