{"id":"gen9ou-1990077634","p1":"vanzman74","p2":"punkmag","format":"[Gen 9] OU","log":"|j|\u2606vanzman74\n|j|\u2606punkmag\n|t:|1699922131\n|gametype|singles\n|player|p1|vanzman74|170|1304\n|player|p2|punkmag|waitress-gen4|1232\n|teamsize|p1|6\n|teamsize|p2|6\n|gen|9\n|tier|[Gen 9] OU\n|rated|\n|rule|Sleep Clause Mod: Limit one foe put to sleep\n|rule|Species Clause: Limit one of each Pok\u00e9mon\n|rule|OHKO Clause: OHKO moves are banned\n|rule|Evasion Items Clause: Evasion items are banned\n|rule|Evasion Moves Clause: Evasion moves are banned\n|rule|Endless Battle Clause: Forcing endless battles is banned\n|rule|HP Percentage Mod: HP is shown in percentages\n|clearpoke\n|poke|p1|Scizor, M|\n|poke|p1|Great Tusk|\n|poke|p1|Dragapult, M|\n|poke|p1|Toxapex, F|\n|poke|p1|Ogerpon, F|\n|poke|p1|Iron Valiant|\n|poke|p2|Meloetta|\n|poke|p2|Great Tusk|\n|poke|p2|Dragonite, M|\n|poke|p2|Iron Valiant|\n|poke|p2|Slowking-Galar, M|\n|poke|p2|Corviknight, M|\n|teampreview\n|inactive|Battle timer is ON: inactive players will automatically lose when time's up. (requested by punkmag)\n|\n|t:|1699922158\n|start\n|switch|p1a: Dragapult|Dragapult, M, shiny|100\/100\n|switch|p2a: Slowking|Slowking-Galar, M|100\/100\n|turn|1\n|\n|t:|1699922166\n|move|p1a: Dragapult|Shadow Ball|p2a: Slowking\n|-supereffective|p2a: Slowking\n|-damage|p2a: Slowking|54\/100\n|move|p2a: Slowking|Future Sight|p1a: Dragapult\n|-start|p2a: Slowking|move: Future Sight\n|\n|upkeep\n|turn|2\n|\n|t:|1699922178\n|switch|p2a: Meloetta|Meloetta|100\/100\n|move|p1a: Dragapult|Shadow Ball|p2a: Meloetta\n|-immune|p2a: Meloetta\n|\n|upkeep\n|turn|3\n|\n|t:|1699922188\n|switch|p1a: Scizor|Scizor, M|100\/100\n|move|p2a: Meloetta|U-turn|p1a: Scizor\n|-resisted|p1a: Scizor\n|-damage|p1a: Scizor|94\/100\n|\n|t:|1699922196\n|switch|p2a: King G|Great Tusk|100\/100|[from] U-turn\n|\n|-end|p1a: Scizor|move: Future Sight\n|-resisted|p1a: Scizor\n|-damage|p1a: Scizor|66\/100\n|upkeep\n|turn|4\n|inactive|vanzman74 has 120 seconds left.\n|\n|t:|1699922237\n|move|p2a: King G|Rapid Spin|p1a: Scizor\n|-resisted|p1a: Scizor\n|-damage|p1a: Scizor|59\/100\n|-boost|p2a: King G|spe|1\n|move|p1a: Scizor|U-turn|p2a: King G\n|-resisted|p2a: King G\n|-damage|p2a: King G|88\/100\n|\n|t:|1699922243\n|switch|p1a: Ogerpon|Ogerpon, F|100\/100|[from] U-turn\n|\n|-heal|p2a: King G|94\/100|[from] item: Leftovers\n|upkeep\n|turn|5\n|\n|t:|1699922253\n|-end|p2a: King G|Protosynthesis|[silent]\n|switch|p2a: Corviknight|Corviknight, M|100\/100\n|-ability|p2a: Corviknight|Pressure\n|move|p1a: Ogerpon|Horn Leech|p2a: Corviknight\n|-resisted|p2a: Corviknight\n|-damage|p2a: Corviknight|94\/100\n|-damage|p1a: Ogerpon|84\/100|[from] item: Rocky Helmet|[of] p2a: Corviknight\n|\n|upkeep\n|turn|6\n|inactive|vanzman74 has 120 seconds left.\n|\n|t:|1699922290\n|switch|p1a: Dragapult|Dragapult, M, shiny|100\/100\n|move|p2a: Corviknight|U-turn|p1a: Dragapult\n|-resisted|p1a: Dragapult\n|-damage|p1a: Dragapult|91\/100\n|\n|t:|1699922297\n|switch|p2a: Slowking|Slowking-Galar, M|88\/100|[from] U-turn\n|\n|upkeep\n|turn|7\n|\n|t:|1699922306\n|move|p1a: Dragapult|Draco Meteor|p2a: Slowking\n|-damage|p2a: Slowking|55\/100\n|-unboost|p1a: Dragapult|spa|2\n|move|p2a: Slowking|Future Sight|p1a: Dragapult\n|-start|p2a: Slowking|move: Future Sight\n|\n|upkeep\n|turn|8\n|\n|t:|1699922323\n|switch|p1a: Scizor|Scizor, M|59\/100\n|move|p2a: Slowking|Flamethrower|p1a: Scizor\n|-supereffective|p1a: Scizor\n|-enditem|p1a: Scizor|Occa Berry|[eat]\n|-enditem|p1a: Scizor|Occa Berry|[weaken]\n|-damage|p1a: Scizor|6\/100\n|\n|upkeep\n|turn|9\n|inactive|vanzman74 has 90 seconds left.\n|\n|t:|1699922351\n|switch|p2a: Corviknight|Corviknight, M|94\/100\n|-ability|p2a: Corviknight|Pressure\n|move|p1a: Scizor|U-turn|p2a: Corviknight\n|-resisted|p2a: Corviknight\n|-damage|p2a: Corviknight|88\/100\n|-damage|p1a: Scizor|0 fnt|[from] item: Rocky Helmet|[of] p2a: Corviknight\n|faint|p1a: Scizor\n|\n|-hint|Future Sight did not hit because the target is fainted.\n|upkeep\n|\n|t:|1699922356\n|switch|p1a: Dragapult|Dragapult, M, shiny|91\/100\n|turn|10\n|\n|t:|1699922368\n|move|p1a: Dragapult|Fire Blast|p2a: Corviknight\n|-supereffective|p2a: Corviknight\n|-damage|p2a: Corviknight|0 fnt\n|faint|p2a: Corviknight\n|\n|upkeep\n|\n|t:|1699922378\n|switch|p2a: Slowking|Slowking-Galar, M|88\/100\n|turn|11\n|inactive|vanzman74 has 90 seconds left.\n|\n|t:|1699922409\n|switch|p1a: Ogerpon|Ogerpon, F|84\/100\n|move|p2a: Slowking|Future Sight|p1a: Ogerpon\n|-start|p2a: Slowking|move: Future Sight\n|\n|upkeep\n|turn|12\n|inactive|punkmag has 120 seconds left.\n|\n|t:|1699922441\n|switch|p2a: Totk tears|Dragonite, M|100\/100\n|move|p1a: Ogerpon|Swords Dance|p1a: Ogerpon\n|-boost|p1a: Ogerpon|atk|2\n|\n|upkeep\n|turn|13\n|inactive|vanzman74 has 90 seconds left.\n|\n|t:|1699922456\n|move|p1a: Ogerpon|Play Rough|p2a: Totk tears\n|-supereffective|p2a: Totk tears\n|-damage|p2a: Totk tears|38\/100\n|move|p2a: Totk tears|Dragon Dance|p2a: Totk tears\n|-boost|p2a: Totk tears|atk|1\n|-boost|p2a: Totk tears|spe|1\n|\n|-end|p1a: Ogerpon|move: Future Sight\n|-damage|p1a: Ogerpon|27\/100\n|upkeep\n|turn|14\n|inactive|vanzman74 has 90 seconds left.\n|\n|t:|1699922468\n|-terastallize|p1a: Ogerpon|Grass\n|detailschange|p1a: Ogerpon|Ogerpon-Teal-Tera, F, tera:Grass\n|-ability|p1a: Ogerpon|Embody Aspect (Teal)|boost\n|-boost|p1a: Ogerpon|spe|1\n|move|p2a: Totk tears|Extreme Speed|p1a: Ogerpon\n|-damage|p1a: Ogerpon|0 fnt\n|faint|p1a: Ogerpon\n|\n|upkeep\n|inactive|vanzman74 has 90 seconds left.\n|\n|t:|1699922487\n|switch|p1a: Dragapult|Dragapult, M, shiny|91\/100\n|turn|15\n|\n|t:|1699922494\n|switch|p2a: Slowking|Slowking-Galar, M|100\/100\n|move|p1a: Dragapult|Draco Meteor|p2a: Slowking\n|-damage|p2a: Slowking|62\/100\n|-unboost|p1a: Dragapult|spa|2\n|\n|upkeep\n|turn|16\n|inactive|vanzman74 has 90 seconds left.\n|\n|t:|1699922517\n|switch|p1a: Great Tusk|Great Tusk|100\/100\n|move|p2a: Slowking|Future Sight|p1a: Great Tusk\n|-start|p2a: Slowking|move: Future Sight\n|\n|upkeep\n|turn|17\n|\n|t:|1699922527\n|switch|p2a: King G|Great Tusk|94\/100\n|move|p1a: Great Tusk|Stealth Rock|p2a: King G\n|-sidestart|p2: punkmag|move: Stealth Rock\n|\n|-heal|p2a: King G|100\/100|[from] item: Leftovers\n|upkeep\n|turn|18\n|inactive|vanzman74 has 90 seconds left.\n|\n|t:|1699922552\n|-end|p1a: Great Tusk|Protosynthesis|[silent]\n|switch|p1a: Toxapex|Toxapex, F|100\/100\n|move|p2a: King G|Knock Off|p1a: Toxapex\n|-damage|p1a: Toxapex|83\/100\n|-enditem|p1a: Toxapex|Leftovers|[from] move: Knock Off|[of] p2a: King G\n|\n|-end|p1a: Toxapex|move: Future Sight\n|-supereffective|p1a: Toxapex\n|-damage|p1a: Toxapex|6\/100\n|upkeep\n|turn|19\n|\n|t:|1699922562\n|move|p2a: King G|Rapid Spin|p1a: Toxapex\n|-damage|p1a: Toxapex|0 fnt\n|-boost|p2a: King G|spe|1\n|-sideend|p2: punkmag|Stealth Rock|[from] move: Rapid Spin|[of] p2a: King G\n|faint|p1a: Toxapex\n|\n|upkeep\n|\n|t:|1699922566\n|switch|p1a: Great Tusk|Great Tusk|100\/100\n|turn|20\n|\n|t:|1699922571\n|move|p2a: King G|Bulk Up|p2a: King G\n|-boost|p2a: King G|atk|1\n|-boost|p2a: King G|def|1\n|move|p1a: Great Tusk|Earthquake|p2a: King G\n|-damage|p2a: King G|78\/100\n|\n|-heal|p2a: King G|85\/100|[from] item: Leftovers\n|upkeep\n|turn|21\n|\n|t:|1699922582\n|move|p2a: King G|Rapid Spin|p1a: Great Tusk\n|-damage|p1a: Great Tusk|83\/100\n|-boost|p2a: King G|spe|1\n|move|p1a: Great Tusk|Earthquake|p2a: King G\n|-crit|p2a: King G\n|-damage|p2a: King G|35\/100\n|\n|-heal|p2a: King G|41\/100|[from] item: Leftovers\n|-heal|p1a: Great Tusk|89\/100|[from] item: Leftovers\n|upkeep\n|turn|22\n|\n|t:|1699922591\n|move|p2a: King G|Earthquake|p1a: Great Tusk\n|-damage|p1a: Great Tusk|41\/100\n|move|p1a: Great Tusk|Earthquake|p2a: King G\n|-damage|p2a: King G|21\/100\n|\n|-heal|p2a: King G|27\/100|[from] item: Leftovers\n|-heal|p1a: Great Tusk|47\/100|[from] item: Leftovers\n|upkeep\n|turn|23\n|\n|t:|1699922603\n|-terastallize|p2a: King G|Ground\n|move|p2a: King G|Earthquake|p1a: Great Tusk\n|-damage|p1a: Great Tusk|0 fnt\n|faint|p1a: Great Tusk\n|-end|p1a: Great Tusk|Protosynthesis|[silent]\n|\n|-heal|p2a: King G|33\/100|[from] item: Leftovers\n|upkeep\n|\n|t:|1699922622\n|switch|p1a: Iron Valiant|Iron Valiant|100\/100\n|-enditem|p1a: Iron Valiant|Booster Energy\n|-activate|p1a: Iron Valiant|ability: Quark Drive|[fromitem]\n|-start|p1a: Iron Valiant|quarkdrivespe\n|turn|24\n|\n|t:|1699922627\n|move|p2a: King G|Earthquake|p1a: Iron Valiant\n|-crit|p1a: Iron Valiant\n|-damage|p1a: Iron Valiant|0 fnt\n|faint|p1a: Iron Valiant\n|-end|p1a: Iron Valiant|Quark Drive|[silent]\n|\n|-heal|p2a: King G|40\/100|[from] item: Leftovers\n|upkeep\n|\n|t:|1699922640\n|switch|p1a: Dragapult|Dragapult, M, shiny|91\/100\n|turn|25\n|\n|t:|1699922644\n|move|p2a: King G|Knock Off|p1a: Dragapult\n|-supereffective|p1a: Dragapult\n|-damage|p1a: Dragapult|0 fnt\n|-enditem|p1a: Dragapult|Choice Specs|[from] move: Knock Off|[of] p2a: King G\n|faint|p1a: Dragapult\n|\n|win|punkmag\n|raw|vanzman74's rating: 1304 &rarr; <strong>1280<\/strong><br \/>(-24 for losing)\n|raw|punkmag's rating: 1232 &rarr; <strong>1262<\/strong><br \/>(+30 for winning)\n","uploadtime":1699922650,"views":17,"p1id":"vanzman74","p2id":"punkmag","formatid":"gen9ou","rating":1262,"private":0,"password":""}