{"id":"gen9ou-1992356702","p1":"Rj yoip","p2":"OUVT TOSHI","format":"[Gen 9] OU","log":"|j|\u2606Rj yoip\n|j|\u2606OUVT TOSHI\n|t:|1700178224\n|gametype|singles\n|player|p1|Rj yoip|caitlin-masters|1769\n|player|p2|OUVT TOSHI|palmer|1847\n|teamsize|p1|6\n|teamsize|p2|6\n|gen|9\n|tier|[Gen 9] OU\n|rated|\n|rule|Sleep Clause Mod: Limit one foe put to sleep\n|rule|Species Clause: Limit one of each Pok\u00e9mon\n|rule|OHKO Clause: OHKO moves are banned\n|rule|Evasion Items Clause: Evasion items are banned\n|rule|Evasion Moves Clause: Evasion moves are banned\n|rule|Endless Battle Clause: Forcing endless battles is banned\n|rule|HP Percentage Mod: HP is shown in percentages\n|clearpoke\n|poke|p1|Slowking-Galar, F|\n|poke|p1|Zapdos|\n|poke|p1|Garganacl, F|\n|poke|p1|Salamence, M|\n|poke|p1|Kingambit, M|\n|poke|p1|Iron Valiant|\n|poke|p2|Ogerpon-Wellspring, F|\n|poke|p2|Zamazenta-*|\n|poke|p2|Ting-Lu|\n|poke|p2|Iron Moth|\n|poke|p2|Zapdos|\n|poke|p2|Ursaluna, F|\n|teampreview\n|\n|t:|1700178235\n|start\n|switch|p1a: Iron Valiant|Iron Valiant|100\/100\n|switch|p2a: Ogerpon|Ogerpon-Wellspring, F|100\/100\n|turn|1\n|inactive|Battle timer is ON: inactive players will automatically lose when time's up. (requested by Rj yoip)\n|\n|t:|1700178242\n|move|p1a: Iron Valiant|Moonblast|p2a: Ogerpon\n|-damage|p2a: Ogerpon|45\/100\n|move|p2a: Ogerpon|Ivy Cudgel|p1a: Iron Valiant|[anim] Ivy Cudgel Water\n|-damage|p1a: Iron Valiant|18\/100\n|\n|upkeep\n|turn|2\n|c|\u2606Rj yoip|This thing is actually pretty physically bulky\n|\n|t:|1700178261\n|switch|p2a: Iron Moth|Iron Moth|100\/100\n|-enditem|p2a: Iron Moth|Booster Energy\n|-activate|p2a: Iron Moth|ability: Quark Drive|[fromitem]\n|-start|p2a: Iron Moth|quarkdrivespe\n|move|p1a: Iron Valiant|Moonblast|p2a: Iron Moth\n|-resisted|p2a: Iron Moth\n|-damage|p2a: Iron Moth|89\/100\n|-unboost|p2a: Iron Moth|spa|1\n|\n|upkeep\n|turn|3\n|\n|t:|1700178264\n|-end|p1a: Iron Valiant|Quark Drive|[silent]\n|switch|p1a: Garganacl|Garganacl, F|100\/100\n|move|p2a: Iron Moth|Fiery Dance|p1a: Garganacl\n|-resisted|p1a: Garganacl\n|-damage|p1a: Garganacl|90\/100\n|-boost|p2a: Iron Moth|spa|1\n|\n|-heal|p1a: Garganacl|96\/100|[from] item: Leftovers\n|upkeep\n|turn|4\n|\n|t:|1700178273\n|-end|p2a: Iron Moth|Quark Drive|[silent]\n|switch|p2a: Ting-Lu|Ting-Lu|100\/100\n|-ability|p2a: Ting-Lu|Vessel of Ruin\n|move|p1a: Garganacl|Salt Cure|p2a: Ting-Lu\n|-resisted|p2a: Ting-Lu\n|-damage|p2a: Ting-Lu|97\/100\n|-start|p2a: Ting-Lu|Salt Cure\n|\n|-heal|p2a: Ting-Lu|100\/100|[from] item: Leftovers\n|-heal|p1a: Garganacl|100\/100|[from] item: Leftovers\n|-damage|p2a: Ting-Lu|88\/100|[from] Salt Cure\n|upkeep\n|turn|5\n|\n|t:|1700178280\n|switch|p1a: Iron Valiant|Iron Valiant|18\/100\n|move|p2a: Ting-Lu|Stealth Rock|p1a: Iron Valiant\n|-sidestart|p1: Rj yoip|move: Stealth Rock\n|\n|-heal|p2a: Ting-Lu|94\/100|[from] item: Leftovers\n|-damage|p2a: Ting-Lu|82\/100|[from] Salt Cure\n|upkeep\n|turn|6\n|\n|t:|1700178283\n|move|p1a: Iron Valiant|Trick|p2a: Ting-Lu\n|-activate|p1a: Iron Valiant|move: Trick|[of] p2a: Ting-Lu\n|-item|p2a: Ting-Lu|Choice Scarf|[from] move: Trick\n|-item|p1a: Iron Valiant|Leftovers|[from] move: Trick\n|move|p2a: Ting-Lu|Earthquake|p1a: Iron Valiant\n|-damage|p1a: Iron Valiant|0 fnt\n|faint|p1a: Iron Valiant\n|-end|p1a: Iron Valiant|Quark Drive|[silent]\n|\n|-damage|p2a: Ting-Lu|69\/100|[from] Salt Cure\n|upkeep\n|\n|t:|1700178285\n|switch|p1a: Salamence|Salamence, M|100\/100\n|-ability|p1a: Salamence|Intimidate|boost\n|-unboost|p2a: Ting-Lu|atk|1\n|turn|7\n|\n|t:|1700178299\n|switch|p1a: Garganacl|Garganacl, F|100\/100\n|-damage|p1a: Garganacl|88\/100|[from] Stealth Rock\n|switch|p2a: Zapdos|Zapdos|100\/100\n|\n|-heal|p1a: Garganacl|94\/100|[from] item: Leftovers\n|upkeep\n|turn|8\n|\n|t:|1700178308\n|switch|p2a: Ting-Lu|Ting-Lu|69\/100\n|-ability|p2a: Ting-Lu|Vessel of Ruin\n|move|p1a: Garganacl|Salt Cure|p2a: Ting-Lu\n|-resisted|p2a: Ting-Lu\n|-damage|p2a: Ting-Lu|65\/100\n|-start|p2a: Ting-Lu|Salt Cure\n|\n|-heal|p1a: Garganacl|100\/100|[from] item: Leftovers\n|-damage|p2a: Ting-Lu|53\/100|[from] Salt Cure\n|upkeep\n|turn|9\n|\n|t:|1700178313\n|move|p1a: Garganacl|Protect|p1a: Garganacl\n|-singleturn|p1a: Garganacl|Protect\n|move|p2a: Ting-Lu|Ruination|p1a: Garganacl\n|-activate|p1a: Garganacl|move: Protect\n|\n|-damage|p2a: Ting-Lu|40\/100|[from] Salt Cure\n|upkeep\n|turn|10\n|\n|t:|1700178319\n|switch|p2a: Ursaluna|Ursaluna, F|100\/100\n|move|p1a: Garganacl|Stealth Rock|p2a: Ursaluna\n|-sidestart|p2: OUVT TOSHI|move: Stealth Rock\n|\n|-status|p2a: Ursaluna|brn|[from] item: Flame Orb\n|upkeep\n|turn|11\n|\n|t:|1700178325\n|-terastallize|p1a: Garganacl|Water\n|move|p2a: Ursaluna|Swords Dance|p2a: Ursaluna\n|-boost|p2a: Ursaluna|atk|2\n|move|p1a: Garganacl|Salt Cure|p2a: Ursaluna\n|-resisted|p2a: Ursaluna\n|-damage|p2a: Ursaluna|95\/100 brn\n|-start|p2a: Ursaluna|Salt Cure\n|\n|-damage|p2a: Ursaluna|89\/100 brn|[from] brn\n|-damage|p2a: Ursaluna|77\/100 brn|[from] Salt Cure\n|upkeep\n|turn|12\n|j| encostoo\n|l| encostoo\n|\n|t:|1700178338\n|move|p1a: Garganacl|Protect|p1a: Garganacl\n|-singleturn|p1a: Garganacl|Protect\n|move|p2a: Ursaluna|Facade|p1a: Garganacl\n|-activate|p1a: Garganacl|move: Protect\n|\n|-damage|p2a: Ursaluna|70\/100 brn|[from] brn\n|-damage|p2a: Ursaluna|58\/100 brn|[from] Salt Cure\n|upkeep\n|turn|13\n|j| encostoo\n|\n|t:|1700178344\n|switch|p1a: Kingambit|Kingambit, M|100\/100\n|-damage|p1a: Kingambit|94\/100|[from] Stealth Rock\n|-activate|p1a: Kingambit|ability: Supreme Overlord\n|-start|p1a: Kingambit|fallen1|[silent]\n|move|p2a: Ursaluna|Facade|p1a: Kingambit\n|-resisted|p1a: Kingambit\n|-damage|p1a: Kingambit|0 fnt\n|faint|p1a: Kingambit\n|-end|p1a: Kingambit|fallen1|[silent]\n|\n|-damage|p2a: Ursaluna|52\/100 brn|[from] brn\n|-damage|p2a: Ursaluna|40\/100 brn|[from] Salt Cure\n|upkeep\n|\n|t:|1700178348\n|switch|p1a: Zapdos|Zapdos|100\/100\n|turn|14\n|\n|t:|1700178357\n|switch|p2a: Ting-Lu|Ting-Lu|40\/100\n|-damage|p2a: Ting-Lu|34\/100|[from] Stealth Rock\n|-ability|p2a: Ting-Lu|Vessel of Ruin\n|move|p1a: Zapdos|Hurricane|p2a: Ting-Lu\n|-damage|p2a: Ting-Lu|15\/100\n|-start|p2a: Ting-Lu|confusion\n|\n|upkeep\n|turn|15\n|\n|t:|1700178362\n|move|p1a: Zapdos|Hurricane|p2a: Ting-Lu\n|-damage|p2a: Ting-Lu|0 fnt\n|faint|p2a: Ting-Lu\n|\n|upkeep\n|\n|t:|1700178375\n|switch|p2a: Iron Moth|Iron Moth|89\/100\n|-damage|p2a: Iron Moth|64\/100|[from] Stealth Rock\n|turn|16\n|\n|t:|1700178379\n|switch|p1a: Garganacl|Garganacl, F, tera:Water|100\/100\n|-damage|p1a: Garganacl|88\/100|[from] Stealth Rock\n|move|p2a: Iron Moth|Fiery Dance|p1a: Garganacl\n|-resisted|p1a: Garganacl\n|-damage|p1a: Garganacl|73\/100\n|-boost|p2a: Iron Moth|spa|1\n|\n|-heal|p1a: Garganacl|79\/100|[from] item: Leftovers\n|upkeep\n|turn|17\n|\n|t:|1700178383\n|move|p2a: Iron Moth|Sludge Wave|p1a: Garganacl\n|-damage|p1a: Garganacl|18\/100\n|move|p1a: Garganacl|Salt Cure|p2a: Iron Moth\n|-supereffective|p2a: Iron Moth\n|-damage|p2a: Iron Moth|20\/100\n|-start|p2a: Iron Moth|Salt Cure\n|\n|-heal|p1a: Garganacl|24\/100|[from] item: Leftovers\n|-damage|p2a: Iron Moth|8\/100|[from] Salt Cure\n|upkeep\n|turn|18\n|j| orasfunfun\n|j| Another Brazy\n|\n|t:|1700178402\n|move|p1a: Garganacl|Protect|p1a: Garganacl\n|-singleturn|p1a: Garganacl|Protect\n|move|p2a: Iron Moth|Sludge Wave|p1a: Garganacl\n|-activate|p1a: Garganacl|move: Protect\n|\n|-heal|p1a: Garganacl|30\/100|[from] item: Leftovers\n|-damage|p2a: Iron Moth|0 fnt|[from] Salt Cure\n|faint|p2a: Iron Moth\n|-end|p2a: Iron Moth|Quark Drive|[silent]\n|upkeep\n|\n|t:|1700178408\n|switch|p2a: Ursaluna|Ursaluna, F|40\/100 brn\n|-damage|p2a: Ursaluna|34\/100 brn|[from] Stealth Rock\n|turn|19\n|\n|t:|1700178412\n|move|p2a: Ursaluna|Facade|p1a: Garganacl\n|-damage|p1a: Garganacl|0 fnt\n|faint|p1a: Garganacl\n|\n|-damage|p2a: Ursaluna|28\/100 brn|[from] brn\n|upkeep\n|\n|t:|1700178414\n|switch|p1a: Zapdos|Zapdos|100\/100\n|turn|20\n|\n|t:|1700178420\n|switch|p2a: Zapdos|Zapdos|100\/100\n|move|p1a: Zapdos|Hurricane|p2a: Zapdos|[miss]\n|-miss|p1a: Zapdos|p2a: Zapdos\n|\n|upkeep\n|turn|21\n|\n|t:|1700178424\n|move|p2a: Zapdos|Discharge|p1a: Zapdos\n|-damage|p1a: Zapdos|69\/100\n|move|p1a: Zapdos|Volt Switch|p2a: Zapdos\n|-damage|p2a: Zapdos|73\/100\n|\n|t:|1700178426\n|switch|p1a: Slowking|Slowking-Galar, F|100\/100|[from] Volt Switch\n|\n|upkeep\n|turn|22\n|\n|t:|1700178433\n|move|p2a: Zapdos|Discharge|p1a: Slowking\n|-damage|p1a: Slowking|72\/100\n|-status|p1a: Slowking|par\n|move|p1a: Slowking|Future Sight|p2a: Zapdos\n|-start|p1a: Slowking|move: Future Sight\n|\n|upkeep\n|turn|23\n|\n|t:|1700178441\n|move|p2a: Zapdos|Discharge|p1a: Slowking\n|-damage|p1a: Slowking|43\/100 par\n|move|p1a: Slowking|Chilly Reception|p1a: Slowking\n|-weather|Snow\n|\n|t:|1700178445\n|switch|p1a: Zapdos|Zapdos|69\/100|[from] Chilly Reception\n|\n|-weather|Snow|[upkeep]\n|upkeep\n|turn|24\n|\n|t:|1700178461\n|switch|p2a: Ogerpon|Ogerpon-Wellspring, F|45\/100\n|-damage|p2a: Ogerpon|32\/100|[from] Stealth Rock\n|move|p1a: Zapdos|Volt Switch|p2a: Ogerpon\n|-damage|p2a: Ogerpon|0 fnt\n|faint|p2a: Ogerpon\n|\n|t:|1700178465\n|switch|p1a: Slowking|Slowking-Galar, F|77\/100 par|[from] Volt Switch\n|\n|-weather|Snow|[upkeep]\n|-hint|Future Sight did not hit because the target is fainted.\n|upkeep\n|\n|t:|1700178470\n|switch|p2a: Ursaluna|Ursaluna, F|28\/100 brn\n|-damage|p2a: Ursaluna|22\/100 brn|[from] Stealth Rock\n|turn|25\n|\n|t:|1700178477\n|switch|p1a: Zapdos|Zapdos|69\/100\n|move|p2a: Ursaluna|Facade|p1a: Zapdos\n|-damage|p1a: Zapdos|0 fnt\n|faint|p1a: Zapdos\n|\n|-weather|Snow|[upkeep]\n|-damage|p2a: Ursaluna|16\/100 brn|[from] brn\n|upkeep\n|\n|t:|1700178479\n|switch|p1a: Salamence|Salamence, M|100\/100\n|-ability|p1a: Salamence|Intimidate|boost\n|-unboost|p2a: Ursaluna|atk|1\n|turn|26\n|\n|t:|1700178484\n|switch|p2a: Zamazenta|Zamazenta|100\/100\n|-ability|p2a: Zamazenta|Dauntless Shield|boost\n|-boost|p2a: Zamazenta|def|1\n|move|p1a: Salamence|Dragon Dance|p1a: Salamence\n|-boost|p1a: Salamence|atk|1\n|-boost|p1a: Salamence|spe|1\n|\n|-weather|Snow|[upkeep]\n|upkeep\n|turn|27\n|\n|t:|1700178488\n|-terastallize|p2a: Zamazenta|Ice\n|move|p1a: Salamence|Dual Wingbeat|p2a: Zamazenta\n|-crit|p2a: Zamazenta\n|-damage|p2a: Zamazenta|67\/100\n|-damage|p2a: Zamazenta|54\/100\n|-hitcount|p2a: Zamazenta|2\n|move|p2a: Zamazenta|Tera Blast|p1a: Salamence|[anim] Tera Blast Ice\n|-supereffective|p1a: Salamence\n|-damage|p1a: Salamence|0 fnt\n|faint|p1a: Salamence\n|\n|-weather|none\n|upkeep\n|\n|t:|1700178490\n|switch|p1a: Slowking|Slowking-Galar, F|100\/100 par\n|turn|28\n|\n|t:|1700178500\n|move|p2a: Zamazenta|Crunch|p1a: Slowking\n|-supereffective|p1a: Slowking\n|-damage|p1a: Slowking|64\/100 par\n|move|p1a: Slowking|Future Sight|p2a: Zamazenta\n|-start|p1a: Slowking|move: Future Sight\n|\n|upkeep\n|turn|29\n|\n|t:|1700178505\n|move|p2a: Zamazenta|Crunch|p1a: Slowking\n|-supereffective|p1a: Slowking\n|-damage|p1a: Slowking|29\/100 par\n|move|p1a: Slowking|Sludge Bomb|p2a: Zamazenta\n|-damage|p2a: Zamazenta|25\/100\n|\n|upkeep\n|turn|30\n|\n|t:|1700178511\n|move|p2a: Zamazenta|Crunch|p1a: Slowking\n|-supereffective|p1a: Slowking\n|-damage|p1a: Slowking|0 fnt\n|faint|p1a: Slowking\n|\n|win|OUVT TOSHI\n|raw|Rj yoip's rating: 1769 &rarr; <strong>1753<\/strong><br \/>(-16 for losing)\n|raw|OUVT TOSHI's rating: 1847 &rarr; <strong>1863<\/strong><br \/>(+16 for winning)\n|l|\u2606Rj yoip\n|c|\u2606OUVT TOSHI|gg wp\n","uploadtime":1700178518,"views":9,"p1id":"rjyoip","p2id":"ouvttoshi","formatid":"gen9ou","rating":1753,"private":0,"password":""}