{"id":"gen9ou-1990857493","p1":"Arkaes","p2":"Minimimik","format":"[Gen 9] OU","log":"|j|\u2606Arkaes\n|j|\u2606Minimimik\n|t:|1700008239\n|gametype|singles\n|player|p1|Arkaes|hayley|1380\n|player|p2|Minimimik|n|1378\n|teamsize|p1|6\n|teamsize|p2|6\n|gen|9\n|tier|[Gen 9] OU\n|rated|\n|rule|Sleep Clause Mod: Limit one foe put to sleep\n|rule|Species Clause: Limit one of each Pok\u00e9mon\n|rule|OHKO Clause: OHKO moves are banned\n|rule|Evasion Items Clause: Evasion items are banned\n|rule|Evasion Moves Clause: Evasion moves are banned\n|rule|Endless Battle Clause: Forcing endless battles is banned\n|rule|HP Percentage Mod: HP is shown in percentages\n|clearpoke\n|poke|p1|Ceruledge, M|\n|poke|p1|Manaphy|\n|poke|p1|Ribombee, M|\n|poke|p1|Great Tusk|\n|poke|p1|Hydreigon, M|\n|poke|p1|Gholdengo|\n|poke|p2|Great Tusk|\n|poke|p2|Hatterene, F|\n|poke|p2|Dondozo, F|\n|poke|p2|Mandibuzz, F|\n|poke|p2|Heatran, M|\n|poke|p2|Dragapult, M|\n|teampreview\n|\n|t:|1700008272\n|start\n|switch|p1a: Ribombee|Ribombee, M|100\/100\n|switch|p2a: Heatran|Heatran, M|100\/100\n|turn|1\n|\n|t:|1700008283\n|switch|p2a: Hatterene|Hatterene, F|100\/100\n|move|p1a: Ribombee|Sticky Web|p2a: Hatterene\n|move|p2a: Hatterene|Sticky Web|p1a: Ribombee|[from]ability: Magic Bounce\n|-sidestart|p1: Arkaes|move: Sticky Web\n|\n|upkeep\n|turn|2\n|\n|t:|1700008291\n|move|p1a: Ribombee|Skill Swap|p2a: Hatterene\n|-activate|p1a: Ribombee|move: Skill Swap|Magic Bounce|Shield Dust|[of] p2a: Hatterene\n|move|p2a: Hatterene|Nuzzle|p1a: Ribombee\n|-damage|p1a: Ribombee|94\/100\n|-status|p1a: Ribombee|par\n|\n|upkeep\n|turn|3\n|\n|t:|1700008313\n|move|p1a: Ribombee|Sticky Web|p2a: Hatterene\n|-sidestart|p2: Minimimik|move: Sticky Web\n|move|p2a: Hatterene|Psyshock|p1a: Ribombee\n|-damage|p1a: Ribombee|22\/100 par\n|\n|upkeep\n|turn|4\n|\n|t:|1700008319\n|move|p1a: Ribombee|Moonblast|p2a: Hatterene\n|-damage|p2a: Hatterene|61\/100\n|move|p2a: Hatterene|Draining Kiss|p1a: Ribombee\n|-damage|p1a: Ribombee|0 fnt\n|-heal|p2a: Hatterene|74\/100|[from] drain|[of] p1a: Ribombee\n|faint|p1a: Ribombee\n|\n|-heal|p2a: Hatterene|80\/100|[from] item: Leftovers\n|upkeep\n|\n|t:|1700008337\n|switch|p1a: Gholdengo|Gholdengo|100\/100\n|-item|p1a: Gholdengo|Air Balloon\n|turn|5\n|\n|t:|1700008342\n|switch|p2a: Heatran|Heatran, M|100\/100\n|-activate|p2a: Heatran|move: Sticky Web\n|-unboost|p2a: Heatran|spe|1\n|move|p1a: Gholdengo|Nasty Plot|p1a: Gholdengo\n|-boost|p1a: Gholdengo|spa|2\n|\n|upkeep\n|turn|6\n|\n|t:|1700008375\n|move|p1a: Gholdengo|Shadow Ball|p2a: Heatran\n|-crit|p2a: Heatran\n|-damage|p2a: Heatran|26\/100\n|move|p2a: Heatran|Magma Storm|p1a: Gholdengo\n|-supereffective|p1a: Gholdengo\n|-damage|p1a: Gholdengo|3\/100\n|-activate|p1a: Gholdengo|move: Magma Storm|[of] p2a: Heatran\n|-enditem|p1a: Gholdengo|Air Balloon\n|\n|-heal|p2a: Heatran|33\/100|[from] item: Leftovers\n|-damage|p1a: Gholdengo|0 fnt|[from] move: Magma Storm|[partiallytrapped]\n|faint|p1a: Gholdengo\n|upkeep\n|\n|t:|1700008381\n|switch|p1a: Great Tusk|Great Tusk|100\/100\n|-activate|p1a: Great Tusk|move: Sticky Web\n|-unboost|p1a: Great Tusk|spe|1\n|-enditem|p1a: Great Tusk|Booster Energy\n|-activate|p1a: Great Tusk|ability: Protosynthesis|[fromitem]\n|-start|p1a: Great Tusk|protosynthesisatk\n|turn|7\n|\n|t:|1700008393\n|move|p1a: Great Tusk|Rapid Spin|p2a: Heatran\n|-resisted|p2a: Heatran\n|-crit|p2a: Heatran\n|-damage|p2a: Heatran|19\/100\n|-boost|p1a: Great Tusk|spe|1\n|-status|p1a: Great Tusk|brn|[from] ability: Flame Body|[of] p2a: Heatran\n|-sideend|p1: Arkaes|Sticky Web|[from] move: Rapid Spin|[of] p1a: Great Tusk\n|move|p2a: Heatran|Earth Power|p1a: Great Tusk\n|-crit|p1a: Great Tusk\n|-damage|p1a: Great Tusk|37\/100 brn\n|\n|-heal|p2a: Heatran|26\/100|[from] item: Leftovers\n|-damage|p1a: Great Tusk|31\/100 brn|[from] brn\n|upkeep\n|turn|8\n|\n|t:|1700008401\n|move|p1a: Great Tusk|Headlong Rush|p2a: Heatran\n|-supereffective|p2a: Heatran\n|-damage|p2a: Heatran|0 fnt\n|-unboost|p1a: Great Tusk|def|1\n|-unboost|p1a: Great Tusk|spd|1\n|faint|p2a: Heatran\n|\n|-damage|p1a: Great Tusk|25\/100 brn|[from] brn\n|upkeep\n|\n|t:|1700008410\n|switch|p2a: Mandibuzz|Mandibuzz, F|100\/100\n|turn|9\n|\n|t:|1700008414\n|-end|p1a: Great Tusk|Protosynthesis|[silent]\n|switch|p1a: Manaphy|Manaphy|100\/100\n|move|p2a: Mandibuzz|Defog|p1a: Manaphy\n|-unboost|p1a: Manaphy|evasion|1\n|-sideend|p2: Minimimik|Sticky Web|[from] move: Defog|[of] p2a: Mandibuzz\n|\n|upkeep\n|turn|10\n|\n|t:|1700008428\n|move|p1a: Manaphy|Tail Glow|p1a: Manaphy\n|-boost|p1a: Manaphy|spa|3\n|move|p2a: Mandibuzz|U-turn|p1a: Manaphy\n|-damage|p1a: Manaphy|88\/100\n|l|\u2606Minimimik\n|player|p2|\n|inactive|Battle timer is ON: inactive players will automatically lose when time's up. (requested by Arkaes)\n|j|\u2606Minimimik\n|inactive|Minimimik reconnected and has 130 seconds left.\n|player|p2|Minimimik|n\n|\n|t:|1700008468\n|switch|p2a: Dragapult|Dragapult, M|100\/100|[from] U-turn\n|\n|-heal|p1a: Manaphy|95\/100|[from] item: Leftovers\n|upkeep\n|turn|11\n|\n|t:|1700008472\n|move|p2a: Dragapult|Draco Meteor|p1a: Manaphy\n|-damage|p1a: Manaphy|8\/100\n|-unboost|p2a: Dragapult|spa|2\n|move|p1a: Manaphy|Ice Beam|p2a: Dragapult\n|-supereffective|p2a: Dragapult\n|-damage|p2a: Dragapult|0 fnt\n|faint|p2a: Dragapult\n|\n|-heal|p1a: Manaphy|14\/100|[from] item: Leftovers\n|upkeep\n|\n|t:|1700008498\n|switch|p2a: Dondozo|Dondozo, F|100\/100\n|turn|12\n|\n|t:|1700008501\n|move|p1a: Manaphy|Energy Ball|p2a: Dondozo\n|-supereffective|p2a: Dondozo\n|-damage|p2a: Dondozo|69\/100\n|move|p2a: Dondozo|Liquidation|p1a: Manaphy\n|-resisted|p1a: Manaphy\n|-damage|p1a: Manaphy|0 fnt\n|faint|p1a: Manaphy\n|\n|-heal|p2a: Dondozo|75\/100|[from] item: Leftovers\n|upkeep\n|\n|t:|1700008516\n|switch|p1a: Great Tusk|Great Tusk|25\/100 brn\n|turn|13\n|\n|t:|1700008521\n|move|p1a: Great Tusk|Knock Off|p2a: Dondozo\n|-damage|p2a: Dondozo|65\/100\n|-enditem|p2a: Dondozo|Leftovers|[from] move: Knock Off|[of] p1a: Great Tusk\n|move|p2a: Dondozo|Curse|p2a: Dondozo\n|-unboost|p2a: Dondozo|spe|1\n|-boost|p2a: Dondozo|atk|1\n|-boost|p2a: Dondozo|def|1\n|\n|-damage|p1a: Great Tusk|19\/100 brn|[from] brn\n|upkeep\n|turn|14\n|\n|t:|1700008529\n|-end|p1a: Great Tusk|Protosynthesis|[silent]\n|switch|p1a: Hydreigon|Hydreigon, M|100\/100\n|move|p2a: Dondozo|Curse|p2a: Dondozo\n|-unboost|p2a: Dondozo|spe|1\n|-boost|p2a: Dondozo|atk|1\n|-boost|p2a: Dondozo|def|1\n|\n|upkeep\n|turn|15\n|\n|t:|1700008537\n|-terastallize|p1a: Hydreigon|Fairy\n|-terastallize|p2a: Dondozo|Dark\n|move|p1a: Hydreigon|Draco Meteor|p2a: Dondozo|[miss]\n|-miss|p1a: Hydreigon|p2a: Dondozo\n|move|p2a: Dondozo|Rest|p2a: Dondozo\n|-status|p2a: Dondozo|slp|[from] move: Rest\n|-heal|p2a: Dondozo|100\/100 slp|[silent]\n|\n|upkeep\n|turn|16\n|\n|t:|1700008546\n|move|p1a: Hydreigon|Nasty Plot|p1a: Hydreigon\n|-boost|p1a: Hydreigon|spa|2\n|cant|p2a: Dondozo|slp\n|move|p2a: Dondozo|Sleep Talk|p2a: Dondozo\n|move|p2a: Dondozo|Curse|p2a: Dondozo|[from]move: Sleep Talk\n|-unboost|p2a: Dondozo|spe|1\n|-boost|p2a: Dondozo|atk|1\n|-boost|p2a: Dondozo|def|1\n|\n|upkeep\n|turn|17\n|\n|t:|1700008551\n|move|p1a: Hydreigon|Draco Meteor|p2a: Dondozo\n|-damage|p2a: Dondozo|42\/100 slp\n|-unboost|p1a: Hydreigon|spa|2\n|-damage|p1a: Hydreigon|91\/100|[from] item: Life Orb\n|cant|p2a: Dondozo|slp\n|move|p2a: Dondozo|Sleep Talk|p2a: Dondozo\n|move|p2a: Dondozo|Curse|p2a: Dondozo|[from]move: Sleep Talk\n|-unboost|p2a: Dondozo|spe|1\n|-boost|p2a: Dondozo|atk|1\n|-boost|p2a: Dondozo|def|1\n|\n|upkeep\n|turn|18\n|\n|t:|1700008559\n|switch|p2a: Hatterene|Hatterene, F|80\/100\n|move|p1a: Hydreigon|Draco Meteor|p2a: Hatterene\n|-immune|p2a: Hatterene\n|\n|-heal|p2a: Hatterene|86\/100|[from] item: Leftovers\n|upkeep\n|turn|19\n|\n|t:|1700008567\n|move|p1a: Hydreigon|Flash Cannon|p2a: Hatterene\n|-supereffective|p2a: Hatterene\n|-damage|p2a: Hatterene|7\/100\n|-damage|p1a: Hydreigon|81\/100|[from] item: Life Orb\n|move|p2a: Hatterene|Nuzzle|p1a: Hydreigon\n|-damage|p1a: Hydreigon|76\/100\n|-status|p1a: Hydreigon|par\n|\n|-heal|p2a: Hatterene|13\/100|[from] item: Leftovers\n|upkeep\n|turn|20\n|\n|t:|1700008579\n|switch|p2a: Great Tusk|Great Tusk|100\/100\n|move|p1a: Hydreigon|Dark Pulse|p2a: Great Tusk\n|-resisted|p2a: Great Tusk\n|-damage|p2a: Great Tusk|61\/100\n|-damage|p1a: Hydreigon|67\/100 par|[from] item: Life Orb\n|\n|upkeep\n|turn|21\n|\n|t:|1700008585\n|switch|p1a: Great Tusk|Great Tusk|19\/100 brn\n|move|p2a: Great Tusk|Headlong Rush|p1a: Great Tusk\n|-damage|p1a: Great Tusk|0 fnt\n|-unboost|p2a: Great Tusk|def|1\n|-unboost|p2a: Great Tusk|spd|1\n|faint|p1a: Great Tusk\n|-end|p1a: Great Tusk|Protosynthesis|[silent]\n|\n|upkeep\n|\n|t:|1700008596\n|switch|p1a: Hydreigon|Hydreigon, M, tera:Fairy|67\/100 par\n|turn|22\n|\n|t:|1700008602\n|move|p2a: Great Tusk|Headlong Rush|p1a: Hydreigon\n|-immune|p1a: Hydreigon|[from] ability: Levitate\n|move|p1a: Hydreigon|Flash Cannon|p2a: Great Tusk\n|-damage|p2a: Great Tusk|0 fnt\n|faint|p2a: Great Tusk\n|-end|p2a: Great Tusk|Protosynthesis|[silent]\n|-damage|p1a: Hydreigon|57\/100 par|[from] item: Life Orb\n|\n|upkeep\n|c|\u2606Minimimik|Oh yeah it has that\n|inactive|Minimimik has 120 seconds left.\n|\n|t:|1700008635\n|switch|p2a: Hatterene|Hatterene, F|13\/100\n|turn|23\n|\n|t:|1700008640\n|switch|p1a: Ceruledge|Ceruledge, M|100\/100\n|move|p2a: Hatterene|Draining Kiss|p1a: Ceruledge\n|-resisted|p1a: Ceruledge\n|-damage|p1a: Ceruledge|87\/100\n|-heal|p2a: Hatterene|22\/100|[from] drain|[of] p1a: Ceruledge\n|\n|-heal|p2a: Hatterene|28\/100|[from] item: Leftovers\n|upkeep\n|turn|24\n|\n|t:|1700008646\n|move|p1a: Ceruledge|Bitter Blade|p2a: Hatterene\n|-damage|p2a: Hatterene|0 fnt\n|-heal|p1a: Ceruledge|100\/100|[from] drain|[of] p2a: Hatterene\n|faint|p2a: Hatterene\n|-damage|p1a: Ceruledge|91\/100|[from] item: Life Orb\n|\n|upkeep\n|\n|t:|1700008648\n|switch|p2a: Dondozo|Dondozo, F, tera:Dark|42\/100 slp\n|turn|25\n|\n|t:|1700008651\n|move|p1a: Ceruledge|Close Combat|p2a: Dondozo\n|-supereffective|p2a: Dondozo\n|-damage|p2a: Dondozo|0 fnt\n|-unboost|p1a: Ceruledge|def|1\n|-unboost|p1a: Ceruledge|spd|1\n|faint|p2a: Dondozo\n|-damage|p1a: Ceruledge|81\/100|[from] item: Life Orb\n|\n|upkeep\n|\n|t:|1700008654\n|switch|p2a: Mandibuzz|Mandibuzz, F|100\/100\n|turn|26\n|\n|t:|1700008657\n|move|p1a: Ceruledge|Bitter Blade|p2a: Mandibuzz\n|-damage|p2a: Mandibuzz|61\/100\n|-heal|p1a: Ceruledge|100\/100|[from] drain|[of] p2a: Mandibuzz\n|-damage|p1a: Ceruledge|91\/100|[from] item: Life Orb\n|move|p2a: Mandibuzz|Foul Play|p1a: Ceruledge\n|-supereffective|p1a: Ceruledge\n|-damage|p1a: Ceruledge|0 fnt\n|faint|p1a: Ceruledge\n|\n|upkeep\n|\n|t:|1700008660\n|switch|p1a: Hydreigon|Hydreigon, M, tera:Fairy|57\/100 par\n|turn|27\n|\n|t:|1700008664\n|move|p2a: Mandibuzz|Roost|p2a: Mandibuzz\n|-heal|p2a: Mandibuzz|100\/100\n|-singleturn|p2a: Mandibuzz|move: Roost\n|cant|p1a: Hydreigon|par\n|\n|upkeep\n|turn|28\n|\n|t:|1700008671\n|move|p2a: Mandibuzz|Foul Play|p1a: Hydreigon\n|-resisted|p1a: Hydreigon\n|-damage|p1a: Hydreigon|40\/100 par\n|cant|p1a: Hydreigon|par\n|\n|upkeep\n|turn|29\n|\n|t:|1700008675\n|move|p2a: Mandibuzz|Foul Play|p1a: Hydreigon\n|-resisted|p1a: Hydreigon\n|-damage|p1a: Hydreigon|24\/100 par\n|move|p1a: Hydreigon|Nasty Plot|p1a: Hydreigon\n|-boost|p1a: Hydreigon|spa|2\n|\n|upkeep\n|turn|30\n|\n|t:|1700008678\n|move|p2a: Mandibuzz|Foul Play|p1a: Hydreigon\n|-resisted|p1a: Hydreigon\n|-damage|p1a: Hydreigon|10\/100 par\n|cant|p1a: Hydreigon|par\n|\n|upkeep\n|turn|31\n|\n|t:|1700008681\n|move|p2a: Mandibuzz|Foul Play|p1a: Hydreigon\n|-resisted|p1a: Hydreigon\n|-damage|p1a: Hydreigon|0 fnt\n|faint|p1a: Hydreigon\n|\n|win|Minimimik\n|raw|Arkaes's rating: 1380 &rarr; <strong>1360<\/strong><br \/>(-20 for losing)\n|raw|Minimimik's rating: 1378 &rarr; <strong>1398<\/strong><br \/>(+20 for winning)\n|l|\u2606Arkaes\n","uploadtime":1700008687,"views":19,"p1id":"arkaes","p2id":"minimimik","formatid":"gen9ou","rating":1360,"private":0,"password":""}