{"id":"gen9ou-1996069104","p1":"trillbo","p2":"paradox 420","format":"[Gen 9] OU","log":"|j|\u2606trillbo\n|j|\u2606paradox 420\n|t:|1700638930\n|gametype|singles\n|player|p1|trillbo|argenta|1378\n|player|p2|paradox 420|preschooler|1333\n|teamsize|p1|6\n|teamsize|p2|6\n|gen|9\n|tier|[Gen 9] OU\n|rated|\n|rule|Sleep Clause Mod: Limit one foe put to sleep\n|rule|Species Clause: Limit one of each Pok\u00e9mon\n|rule|OHKO Clause: OHKO moves are banned\n|rule|Evasion Items Clause: Evasion items are banned\n|rule|Evasion Moves Clause: Evasion moves are banned\n|rule|Endless Battle Clause: Forcing endless battles is banned\n|rule|HP Percentage Mod: HP is shown in percentages\n|clearpoke\n|poke|p1|Torkoal, F|\n|poke|p1|Ceruledge, F|\n|poke|p1|Walking Wake|\n|poke|p1|Clefable, M|\n|poke|p1|Rotom-Wash|\n|poke|p1|Victreebel, F|\n|poke|p2|Iron Moth|\n|poke|p2|Iron Valiant|\n|poke|p2|Kingambit, M|\n|poke|p2|Great Tusk|\n|poke|p2|Samurott-Hisui, M|\n|poke|p2|Enamorus, F|\n|teampreview\n|inactive|Battle timer is ON: inactive players will automatically lose when time's up. (requested by trillbo)\n|j| daisuu514\n|\n|t:|1700638957\n|start\n|switch|p1a: Torkoal|Torkoal, F, shiny|100\/100\n|switch|p2a: Iron Moth|Iron Moth|100\/100\n|-weather|SunnyDay|[from] ability: Drought|[of] p1a: Torkoal\n|-enditem|p2a: Iron Moth|Booster Energy\n|-activate|p2a: Iron Moth|ability: Quark Drive|[fromitem]\n|-start|p2a: Iron Moth|quarkdrivespe\n|turn|1\n|\n|t:|1700638984\n|move|p2a: Iron Moth|Substitute|p2a: Iron Moth\n|-start|p2a: Iron Moth|Substitute\n|-damage|p2a: Iron Moth|76\/100\n|move|p1a: Torkoal|Yawn||[still]\n|-fail|p1a: Torkoal\n|\n|-weather|SunnyDay|[upkeep]\n|upkeep\n|turn|2\n|\n|t:|1700638991\n|move|p2a: Iron Moth|Fiery Dance|p1a: Torkoal\n|-resisted|p1a: Torkoal\n|-damage|p1a: Torkoal|60\/100\n|move|p1a: Torkoal|Lava Plume|p2a: Iron Moth\n|-resisted|p2a: Iron Moth\n|-crit|p2a: Iron Moth\n|-end|p2a: Iron Moth|Substitute\n|\n|-weather|SunnyDay|[upkeep]\n|upkeep\n|turn|3\n|\n|t:|1700639001\n|move|p2a: Iron Moth|Substitute|p2a: Iron Moth\n|-start|p2a: Iron Moth|Substitute\n|-damage|p2a: Iron Moth|51\/100\n|move|p1a: Torkoal|Lava Plume|p2a: Iron Moth\n|-resisted|p2a: Iron Moth\n|-activate|p2a: Iron Moth|move: Substitute|[damage]\n|\n|-weather|SunnyDay|[upkeep]\n|upkeep\n|turn|4\n|\n|t:|1700639003\n|move|p2a: Iron Moth|Fiery Dance|p1a: Torkoal\n|-resisted|p1a: Torkoal\n|-damage|p1a: Torkoal|19\/100\n|-boost|p2a: Iron Moth|spa|1\n|move|p1a: Torkoal|Lava Plume|p2a: Iron Moth\n|-resisted|p2a: Iron Moth\n|-end|p2a: Iron Moth|Substitute\n|\n|-weather|SunnyDay|[upkeep]\n|upkeep\n|turn|5\n|\n|t:|1700639009\n|switch|p1a: Walking Wake|Walking Wake|100\/100\n|-activate|p1a: Walking Wake|ability: Protosynthesis\n|-start|p1a: Walking Wake|protosynthesisspe\n|move|p2a: Iron Moth|Substitute|p2a: Iron Moth\n|-start|p2a: Iron Moth|Substitute\n|-damage|p2a: Iron Moth|26\/100\n|\n|-weather|SunnyDay|[upkeep]\n|upkeep\n|turn|6\n|\n|t:|1700639012\n|move|p2a: Iron Moth|Sludge Wave|p1a: Walking Wake\n|-damage|p1a: Walking Wake|19\/100\n|move|p1a: Walking Wake|Hydro Steam|p2a: Iron Moth\n|-supereffective|p2a: Iron Moth\n|-end|p2a: Iron Moth|Substitute\n|\n|-weather|SunnyDay|[upkeep]\n|upkeep\n|turn|7\n|\n|t:|1700639026\n|move|p2a: Iron Moth|Fiery Dance|p1a: Walking Wake\n|-resisted|p1a: Walking Wake\n|-damage|p1a: Walking Wake|0 fnt\n|-boost|p2a: Iron Moth|spa|1\n|faint|p1a: Walking Wake\n|-end|p1a: Walking Wake|Protosynthesis|[silent]\n|\n|-weather|SunnyDay|[upkeep]\n|upkeep\n|\n|t:|1700639038\n|switch|p1a: Victreebel|Victreebel, F, shiny|100\/100\n|turn|8\n|\n|t:|1700639046\n|move|p1a: Victreebel|Sucker Punch|p2a: Iron Moth\n|-damage|p2a: Iron Moth|0 fnt\n|faint|p2a: Iron Moth\n|-end|p2a: Iron Moth|Quark Drive|[silent]\n|-damage|p1a: Victreebel|91\/100|[from] item: Life Orb\n|\n|-weather|none\n|upkeep\n|\n|t:|1700639056\n|switch|p2a: Iron Valiant|Iron Valiant|100\/100\n|-enditem|p2a: Iron Valiant|Booster Energy\n|-activate|p2a: Iron Valiant|ability: Quark Drive|[fromitem]\n|-start|p2a: Iron Valiant|quarkdrivespe\n|turn|9\n|\n|t:|1700639072\n|switch|p1a: Rotom|Rotom-Wash|100\/100\n|move|p2a: Iron Valiant|Encore||[still]\n|-fail|p2a: Iron Valiant\n|\n|upkeep\n|turn|10\n|\n|t:|1700639082\n|move|p2a: Iron Valiant|Close Combat|p1a: Rotom\n|-damage|p1a: Rotom|50\/100\n|-unboost|p2a: Iron Valiant|def|1\n|-unboost|p2a: Iron Valiant|spd|1\n|move|p1a: Rotom|Thunder Wave|p2a: Iron Valiant\n|-status|p2a: Iron Valiant|par\n|\n|-heal|p1a: Rotom|56\/100|[from] item: Leftovers\n|upkeep\n|turn|11\n|\n|t:|1700639087\n|move|p1a: Rotom|Protect|p1a: Rotom\n|-singleturn|p1a: Rotom|Protect\n|move|p2a: Iron Valiant|Close Combat|p1a: Rotom\n|-activate|p1a: Rotom|move: Protect\n|\n|-heal|p1a: Rotom|62\/100|[from] item: Leftovers\n|upkeep\n|turn|12\n|\n|t:|1700639090\n|move|p2a: Iron Valiant|Close Combat|p1a: Rotom\n|-damage|p1a: Rotom|10\/100\n|-unboost|p2a: Iron Valiant|def|1\n|-unboost|p2a: Iron Valiant|spd|1\n|move|p1a: Rotom|Volt Switch|p2a: Iron Valiant\n|-damage|p2a: Iron Valiant|7\/100 par\n|\n|t:|1700639099\n|switch|p1a: Torkoal|Torkoal, F, shiny|19\/100|[from] Volt Switch\n|-weather|SunnyDay|[from] ability: Drought|[of] p1a: Torkoal\n|\n|-weather|SunnyDay|[upkeep]\n|upkeep\n|turn|13\n|\n|t:|1700639107\n|switch|p1a: Ceruledge|Ceruledge, F|100\/100\n|move|p2a: Iron Valiant|Knock Off|p1a: Ceruledge\n|-supereffective|p1a: Ceruledge\n|-damage|p1a: Ceruledge|3\/100\n|-enditem|p1a: Ceruledge|Heavy-Duty Boots|[from] move: Knock Off|[of] p2a: Iron Valiant\n|\n|-weather|SunnyDay|[upkeep]\n|upkeep\n|turn|14\n|\n|t:|1700639114\n|move|p1a: Ceruledge|Shadow Sneak|p2a: Iron Valiant\n|-damage|p2a: Iron Valiant|0 fnt\n|faint|p2a: Iron Valiant\n|-end|p2a: Iron Valiant|Quark Drive|[silent]\n|\n|-weather|SunnyDay|[upkeep]\n|upkeep\n|\n|t:|1700639124\n|switch|p2a: Samurott|Samurott-Hisui, M|100\/100\n|turn|15\n|\n|t:|1700639133\n|switch|p1a: Victreebel|Victreebel, F, shiny|91\/100\n|move|p2a: Samurott|Swords Dance|p2a: Samurott\n|-boost|p2a: Samurott|atk|2\n|\n|-weather|SunnyDay|[upkeep]\n|upkeep\n|turn|16\n|\n|t:|1700639145\n|-terastallize|p1a: Victreebel|Electric\n|move|p1a: Victreebel|Growth|p1a: Victreebel\n|-boost|p1a: Victreebel|atk|2\n|-boost|p1a: Victreebel|spa|2\n|move|p2a: Samurott|Ceaseless Edge|p1a: Victreebel\n|-damage|p1a: Victreebel|0 fnt\n|-sidestart|p1: trillbo|Spikes\n|faint|p1a: Victreebel\n|\n|-weather|SunnyDay|[upkeep]\n|upkeep\n|\n|t:|1700639150\n|switch|p1a: Clefable|Clefable, M, shiny|100\/100\n|-damage|p1a: Clefable|88\/100|[from] Spikes\n|turn|17\n|\n|t:|1700639157\n|move|p2a: Samurott|Ceaseless Edge|p1a: Clefable\n|-resisted|p1a: Clefable\n|-damage|p1a: Clefable|72\/100\n|-sidestart|p1: trillbo|Spikes\n|move|p1a: Clefable|Calm Mind|p1a: Clefable\n|-boost|p1a: Clefable|spa|1\n|-boost|p1a: Clefable|spd|1\n|\n|-weather|SunnyDay|[upkeep]\n|-heal|p1a: Clefable|78\/100|[from] item: Leftovers\n|upkeep\n|turn|18\n|\n|t:|1700639171\n|switch|p2a: Kingambit|Kingambit, M|100\/100\n|-activate|p2a: Kingambit|ability: Supreme Overlord\n|-start|p2a: Kingambit|fallen2|[silent]\n|move|p1a: Clefable|Moonblast|p2a: Kingambit\n|-damage|p2a: Kingambit|54\/100\n|\n|-weather|SunnyDay|[upkeep]\n|-heal|p1a: Clefable|84\/100|[from] item: Leftovers\n|upkeep\n|turn|19\n|\n|t:|1700639179\n|move|p2a: Kingambit|Iron Head|p1a: Clefable\n|-supereffective|p1a: Clefable\n|-damage|p1a: Clefable|0 fnt\n|faint|p1a: Clefable\n|\n|-weather|none\n|upkeep\n|-message|trillbo forfeited.\n|\n|win|paradox 420\n|raw|trillbo's rating: 1378 &rarr; <strong>1355<\/strong><br \/>(-23 for losing)\n|raw|paradox 420's rating: 1333 &rarr; <strong>1356<\/strong><br \/>(+23 for winning)\n|l|\u2606trillbo\n|c|\u2606paradox 420|gg\n","uploadtime":1700639192,"views":1,"p1id":"trillbo","p2id":"paradox420","formatid":"gen9ou","rating":1355,"private":0,"password":""}