{"id":"gen9ou-1990648731","p1":"xenziiii","p2":"Sokino","format":"[Gen 9] OU","log":"|j|\u2606xenziiii\n|j|\u2606Sokino\n|t:|1699988628\n|gametype|singles\n|player|p1|xenziiii|cynthia-masters|\n|player|p2|Sokino|n-masters|\n|teamsize|p1|6\n|teamsize|p2|6\n|gen|9\n|tier|[Gen 9] OU\n|rule|Sleep Clause Mod: Limit one foe put to sleep\n|rule|Species Clause: Limit one of each Pok\u00e9mon\n|rule|OHKO Clause: OHKO moves are banned\n|rule|Evasion Items Clause: Evasion items are banned\n|rule|Evasion Moves Clause: Evasion moves are banned\n|rule|Endless Battle Clause: Forcing endless battles is banned\n|rule|HP Percentage Mod: HP is shown in percentages\n|clearpoke\n|poke|p1|Ribombee, F|\n|poke|p1|Garchomp, M|\n|poke|p1|Sneasler, M|\n|poke|p1|Cinderace, F|\n|poke|p1|Heatran, M|\n|poke|p1|Greninja-*, F|\n|poke|p2|Iron Jugulis|\n|poke|p2|Ogerpon-Wellspring, F|\n|poke|p2|Tinkaton, F|\n|poke|p2|Iron Moth|\n|poke|p2|Great Tusk|\n|poke|p2|Dragapult, F|\n|teampreview\n|c|\u2606Sokino|final battle\n|\n|t:|1699988679\n|start\n|switch|p1a: Cinderace|Cinderace, F|100\/100\n|switch|p2a: Great Tusk|Great Tusk|100\/100\n|-enditem|p2a: Great Tusk|Booster Energy\n|-activate|p2a: Great Tusk|ability: Protosynthesis|[fromitem]\n|-start|p2a: Great Tusk|protosynthesisspe\n|turn|1\n|c|\u2606xenziiii|BRO\n|c|\u2606Sokino|gaming\n|c|\u2606xenziiii|PROTO SPEED?\n|c|\u2606xenziiii|DIE\n|\n|t:|1699988707\n|move|p2a: Great Tusk|Headlong Rush|p1a: Cinderace\n|-supereffective|p1a: Cinderace\n|-damage|p1a: Cinderace|0 fnt\n|-unboost|p2a: Great Tusk|def|1\n|-unboost|p2a: Great Tusk|spd|1\n|faint|p1a: Cinderace\n|\n|upkeep\n|c|\u2606xenziiii|i hate you\n|c|\u2606Sokino|amaze\n|\n|t:|1699988716\n|switch|p1a: Greninja|Greninja, F|100\/100\n|turn|2\n|c|\u2606Sokino|the problem is gone already\n|c|\u2606Sokino|i solo\n|c|\u2606Sokino|watch\n|\n|t:|1699988741\n|move|p1a: Greninja|Water Shuriken|p2a: Great Tusk\n|-start|p1a: Greninja|typechange|Water|[from] ability: Protean\n|-supereffective|p2a: Great Tusk\n|-damage|p2a: Great Tusk|73\/100\n|-supereffective|p2a: Great Tusk\n|-damage|p2a: Great Tusk|48\/100\n|-supereffective|p2a: Great Tusk\n|-damage|p2a: Great Tusk|21\/100\n|-supereffective|p2a: Great Tusk\n|-damage|p2a: Great Tusk|0 fnt\n|faint|p2a: Great Tusk\n|-end|p2a: Great Tusk|Protosynthesis|[silent]\n|-hitcount|p2: Great Tusk|4\n|\n|upkeep\n|c|\u2606Sokino|GAY\n|c|\u2606xenziiii|im loaded dice\n|c|\u2606xenziiii|stupid\n|\n|t:|1699988756\n|switch|p2a: Ogerpon|Ogerpon-Wellspring, F|100\/100\n|turn|3\n|c|\u2606Sokino|u alive?\n|c|\u2606xenziiii|no\n|\n|t:|1699988819\n|move|p1a: Greninja|Ice Beam|p2a: Ogerpon\n|-damage|p2a: Ogerpon|69\/100\n|move|p2a: Ogerpon|U-turn|p1a: Greninja\n|-damage|p1a: Greninja|51\/100\n|\n|t:|1699988834\n|switch|p2a: Dragapult|Dragapult, F|100\/100|[from] U-turn\n|\n|upkeep\n|turn|4\n|\n|t:|1699988852\n|switch|p1a: Heatran|Heatran, M|100\/100\n|move|p2a: Dragapult|Shadow Ball|p1a: Heatran\n|-damage|p1a: Heatran|53\/100\n|\n|-heal|p1a: Heatran|59\/100|[from] item: Leftovers\n|upkeep\n|turn|5\n|\n|t:|1699988860\n|move|p2a: Dragapult|Shadow Ball|p1a: Heatran\n|-damage|p1a: Heatran|4\/100\n|move|p1a: Heatran|Magma Storm|p2a: Dragapult\n|-resisted|p2a: Dragapult\n|-damage|p2a: Dragapult|64\/100\n|-activate|p2a: Dragapult|move: Magma Storm|[of] p1a: Heatran\n|\n|-heal|p1a: Heatran|10\/100|[from] item: Leftovers\n|-damage|p2a: Dragapult|51\/100|[from] move: Magma Storm|[partiallytrapped]\n|upkeep\n|turn|6\n|\n|t:|1699988876\n|move|p2a: Dragapult|Shadow Ball|p1a: Heatran\n|-damage|p1a: Heatran|0 fnt\n|faint|p1a: Heatran\n|\n|-end|p2a: Dragapult|Magma Storm|[partiallytrapped]|[silent]\n|upkeep\n|\n|t:|1699988882\n|switch|p1a: Ribombee|Ribombee, F|100\/100\n|turn|7\n|\n|t:|1699988886\n|move|p2a: Dragapult|Shadow Ball|p1a: Ribombee\n|-damage|p1a: Ribombee|8\/100\n|move|p1a: Ribombee|Moonblast|p2a: Dragapult\n|-supereffective|p2a: Dragapult\n|-damage|p2a: Dragapult|0 fnt\n|faint|p2a: Dragapult\n|\n|upkeep\n|\n|t:|1699988912\n|switch|p2a: Iron Moth|Iron Moth|100\/100\n|-enditem|p2a: Iron Moth|Booster Energy\n|-activate|p2a: Iron Moth|ability: Quark Drive|[fromitem]\n|-start|p2a: Iron Moth|quarkdrivespe\n|turn|8\n|\n|t:|1699988921\n|move|p2a: Iron Moth|Fiery Dance|p1a: Ribombee\n|-supereffective|p1a: Ribombee\n|-damage|p1a: Ribombee|0 fnt\n|-boost|p2a: Iron Moth|spa|1\n|faint|p1a: Ribombee\n|\n|upkeep\n|\n|t:|1699988923\n|switch|p1a: Greninja|Greninja, F|51\/100\n|turn|9\n|c|\u2606Sokino|WE GAMING\n|\n|t:|1699988937\n|-terastallize|p2a: Iron Moth|Fairy\n|move|p1a: Greninja|Water Shuriken|p2a: Iron Moth\n|-start|p1a: Greninja|typechange|Water|[from] ability: Protean\n|-damage|p2a: Iron Moth|94\/100\n|-damage|p2a: Iron Moth|86\/100\n|-damage|p2a: Iron Moth|78\/100\n|-damage|p2a: Iron Moth|70\/100\n|-damage|p2a: Iron Moth|62\/100\n|-hitcount|p2a: Iron Moth|5\n|move|p2a: Iron Moth|Dazzling Gleam|p1a: Greninja\n|-damage|p1a: Greninja|0 fnt\n|faint|p1a: Greninja\n|\n|upkeep\n|c|\u2606Sokino|W\n|c|\u2606xenziiii|6%?\n|c|\u2606Sokino|W\n|c|\u2606Sokino|W\n|c|\u2606xenziiii|6\n|c|\u2606Sokino|W\n|c|\u2606xenziiii|FUCKING 6\n|c|\u2606xenziiii|bitchass greninja\n|\n|t:|1699988955\n|switch|p1a: Garchomp|Garchomp, M|100\/100\n|turn|10\n|c|\u2606Sokino|THIS IS WHY WE GIVE IRON MOTH DEF EVS\n|\n|t:|1699988968\n|-terastallize|p1a: Garchomp|Fairy\n|move|p2a: Iron Moth|Dazzling Gleam|p1a: Garchomp\n|-damage|p1a: Garchomp|32\/100\n|move|p1a: Garchomp|Iron Head|p2a: Iron Moth\n|-supereffective|p2a: Iron Moth\n|-damage|p2a: Iron Moth|0 fnt\n|faint|p2a: Iron Moth\n|-end|p2a: Iron Moth|Quark Drive|[silent]\n|\n|upkeep\n|c|\u2606xenziiii|YOU'RE SO WEIRD\n|\n|t:|1699988986\n|switch|p2a: Ogerpon|Ogerpon-Wellspring, F|69\/100\n|turn|11\n|\n|t:|1699988991\n|move|p2a: Ogerpon|Ivy Cudgel|p1a: Garchomp|[anim] Ivy Cudgel Water\n|-damage|p1a: Garchomp|0 fnt\n|faint|p1a: Garchomp\n|\n|upkeep\n|\n|t:|1699988994\n|switch|p1a: Sneasler|Sneasler, M|100\/100\n|turn|12\n|c|\u2606Sokino|bonk\n|c|\u2606xenziiii|sneasler sweep\n|c|\u2606xenziiii|trust\n|\n|t:|1699989004\n|move|p1a: Sneasler|Close Combat|p2a: Ogerpon\n|-damage|p2a: Ogerpon|0 fnt\n|-unboost|p1a: Sneasler|def|1\n|-unboost|p1a: Sneasler|spd|1\n|faint|p2a: Ogerpon\n|\n|upkeep\n|\n|t:|1699989010\n|switch|p2a: TWINKATON|Tinkaton, F|100\/100\n|-item|p2a: TWINKATON|Air Balloon\n|turn|13\n|c|\u2606Sokino|tinka wins this\n|c|\u2606Sokino|watch\n|\n|t:|1699989019\n|move|p1a: Sneasler|Close Combat|p2a: TWINKATON\n|-damage|p2a: TWINKATON|2\/100\n|-unboost|p1a: Sneasler|def|1\n|-unboost|p1a: Sneasler|spd|1\n|-enditem|p2a: TWINKATON|Air Balloon\n|-enditem|p1a: Sneasler|Choice Band|[silent]|[from] ability: Pickpocket|[of] p1a: Sneasler\n|-item|p2a: TWINKATON|Choice Band|[from] ability: Pickpocket|[of] p1a: Sneasler\n|move|p2a: TWINKATON|Thunder Wave|p1a: Sneasler\n|-status|p1a: Sneasler|par\n|\n|upkeep\n|turn|14\n|c|\u2606Sokino|thx for the banded\n|\n|t:|1699989032\n|cant|p1a: Sneasler|par\n|move|p2a: TWINKATON|Thunder Wave|p1a: Sneasler\n|-fail|p1a: Sneasler|par\n|\n|upkeep\n|turn|15\n|c|\u2606Sokino|we gaming\n|\n|t:|1699989037\n|move|p1a: Sneasler|Vacuum Wave|p2a: TWINKATON\n|-damage|p2a: TWINKATON|0 fnt\n|faint|p2a: TWINKATON\n|\n|upkeep\n|c|\u2606xenziiii|is my sneasler autistic\n|\n|t:|1699989041\n|switch|p2a: Iron Jugulis|Iron Jugulis|100\/100\n|-enditem|p2a: Iron Jugulis|Booster Energy\n|-activate|p2a: Iron Jugulis|ability: Quark Drive|[fromitem]\n|-start|p2a: Iron Jugulis|quarkdrivespe\n|turn|16\n|c|\u2606xenziiii|miss pls\n|\n|t:|1699989049\n|move|p2a: Iron Jugulis|Earth Power|p1a: Sneasler\n|-supereffective|p1a: Sneasler\n|-damage|p1a: Sneasler|0 fnt\n|faint|p1a: Sneasler\n|\n|win|Sokino\n|c|\u2606xenziiii|die\n|l|\u2606xenziiii\n","uploadtime":1699990353,"views":13,"p1id":"xenziiii","p2id":"sokino","formatid":"gen9ou","rating":0,"private":0,"password":""}