{"id":"gen9ou-1996271956","p1":"Axl.40","p2":"Username momento","format":"[Gen 9] OU","log":"|j|\u2606Axl.40\n|j|\u2606Username momento\n|t:|1700666198\n|gametype|singles\n|player|p1|Axl.40|ethan|1491\n|player|p2|Username momento|ninjaboy|1588\n|teamsize|p1|6\n|teamsize|p2|6\n|gen|9\n|tier|[Gen 9] OU\n|rated|\n|rule|Sleep Clause Mod: Limit one foe put to sleep\n|rule|Species Clause: Limit one of each Pok\u00e9mon\n|rule|OHKO Clause: OHKO moves are banned\n|rule|Evasion Items Clause: Evasion items are banned\n|rule|Evasion Moves Clause: Evasion moves are banned\n|rule|Endless Battle Clause: Forcing endless battles is banned\n|rule|HP Percentage Mod: HP is shown in percentages\n|clearpoke\n|poke|p1|Tyranitar, F|\n|poke|p1|Rillaboom, F|\n|poke|p1|Hawlucha, F|\n|poke|p1|Ogerpon-Wellspring, F|\n|poke|p1|Great Tusk|\n|poke|p1|Dragapult, F|\n|poke|p2|Meowscarada, F|\n|poke|p2|Kingambit, M|\n|poke|p2|Gholdengo|\n|poke|p2|Zapdos|\n|poke|p2|Zamazenta-*|\n|poke|p2|Great Tusk|\n|teampreview\n|inactive|Battle timer is ON: inactive players will automatically lose when time's up. (requested by Axl.40)\n|\n|t:|1700666208\n|start\n|switch|p1a: Dragapult|Dragapult, F|100\/100\n|switch|p2a: Meowscarada|Meowscarada, F|100\/100\n|turn|1\n|\n|t:|1700666213\n|switch|p2a: Zapdos|Zapdos|100\/100\n|move|p1a: Dragapult|U-turn|p2a: Zapdos\n|-resisted|p2a: Zapdos\n|-crit|p2a: Zapdos\n|-damage|p2a: Zapdos|91\/100\n|\n|t:|1700666219\n|switch|p1a: Tyranitar|Tyranitar, F|100\/100|[from] U-turn\n|-weather|Sandstorm|[from] ability: Sand Stream|[of] p1a: Tyranitar\n|\n|-weather|Sandstorm|[upkeep]\n|-damage|p2a: Zapdos|85\/100|[from] Sandstorm\n|-heal|p2a: Zapdos|91\/100|[from] item: Leftovers\n|upkeep\n|turn|2\n|\n|t:|1700666226\n|switch|p2a: Great Tusk|Great Tusk|100\/100\n|-enditem|p2a: Great Tusk|Booster Energy\n|-activate|p2a: Great Tusk|ability: Protosynthesis|[fromitem]\n|-start|p2a: Great Tusk|protosynthesisatk\n|move|p1a: Tyranitar|Knock Off|p2a: Great Tusk\n|-resisted|p2a: Great Tusk\n|-damage|p2a: Great Tusk|91\/100\n|\n|-weather|Sandstorm|[upkeep]\n|upkeep\n|turn|3\n|\n|t:|1700666237\n|move|p2a: Great Tusk|Knock Off|p1a: Tyranitar\n|-resisted|p1a: Tyranitar\n|-damage|p1a: Tyranitar|85\/100\n|-enditem|p1a: Tyranitar|Leftovers|[from] move: Knock Off|[of] p2a: Great Tusk\n|move|p1a: Tyranitar|Stealth Rock|p2a: Great Tusk\n|-sidestart|p2: Username momento|move: Stealth Rock\n|\n|-weather|Sandstorm|[upkeep]\n|upkeep\n|turn|4\n|\n|t:|1700666244\n|switch|p1a: Dragapult|Dragapult, F|100\/100\n|move|p2a: Great Tusk|Rapid Spin|p1a: Dragapult\n|-immune|p1a: Dragapult\n|\n|-weather|Sandstorm|[upkeep]\n|-damage|p1a: Dragapult|95\/100|[from] Sandstorm\n|upkeep\n|turn|5\n|\n|t:|1700666248\n|-end|p2a: Great Tusk|Protosynthesis|[silent]\n|switch|p2a: Zapdos|Zapdos|91\/100\n|-damage|p2a: Zapdos|66\/100|[from] Stealth Rock\n|move|p1a: Dragapult|Draco Meteor|p2a: Zapdos\n|-crit|p2a: Zapdos\n|-damage|p2a: Zapdos|0 fnt\n|-unboost|p1a: Dragapult|spa|2\n|faint|p2a: Zapdos\n|\n|-weather|none\n|upkeep\n|\n|t:|1700666257\n|switch|p2a: Gholdengo|Gholdengo|100\/100\n|-damage|p2a: Gholdengo|94\/100|[from] Stealth Rock\n|turn|6\n|\n|t:|1700666263\n|switch|p1a: Tyranitar|Tyranitar, F|85\/100\n|-weather|Sandstorm|[from] ability: Sand Stream|[of] p1a: Tyranitar\n|move|p2a: Gholdengo|Make It Rain|p1a: Tyranitar\n|-supereffective|p1a: Tyranitar\n|-damage|p1a: Tyranitar|42\/100\n|-unboost|p2a: Gholdengo|spa|1\n|\n|-weather|Sandstorm|[upkeep]\n|-heal|p2a: Gholdengo|100\/100|[from] item: Leftovers\n|upkeep\n|turn|7\n|\n|t:|1700666275\n|switch|p2a: Great Tusk|Great Tusk|91\/100\n|-damage|p2a: Great Tusk|88\/100|[from] Stealth Rock\n|switch|p1a: Ogerpon|Ogerpon-Wellspring, F|100\/100\n|\n|-weather|Sandstorm|[upkeep]\n|-damage|p1a: Ogerpon|95\/100|[from] Sandstorm\n|upkeep\n|turn|8\n|\n|t:|1700666284\n|-end|p2a: Great Tusk|Protosynthesis|[silent]\n|switch|p2a: Meowscarada|Meowscarada, F|100\/100\n|-damage|p2a: Meowscarada|88\/100|[from] Stealth Rock\n|move|p1a: Ogerpon|Ivy Cudgel|p2a: Meowscarada|[anim] Ivy Cudgel Water\n|-resisted|p2a: Meowscarada\n|-damage|p2a: Meowscarada|42\/100\n|\n|-weather|Sandstorm|[upkeep]\n|-damage|p2a: Meowscarada|36\/100|[from] Sandstorm\n|-damage|p1a: Ogerpon|89\/100|[from] Sandstorm\n|upkeep\n|turn|9\n|inactive|Axl.40 has 120 seconds left.\n|\n|t:|1700666324\n|switch|p1a: Tyranitar|Tyranitar, F|42\/100\n|move|p2a: Meowscarada|U-turn|p1a: Tyranitar\n|-start|p2a: Meowscarada|typechange|Bug|[from] ability: Protean\n|-supereffective|p1a: Tyranitar\n|-damage|p1a: Tyranitar|0 fnt\n|faint|p1a: Tyranitar\n|\n|t:|1700666344\n|switch|p2a: Zamazenta|Zamazenta|100\/100|[from] U-turn\n|-damage|p2a: Zamazenta|94\/100|[from] Stealth Rock\n|-ability|p2a: Zamazenta|Dauntless Shield|boost\n|-boost|p2a: Zamazenta|def|1\n|\n|-weather|Sandstorm|[upkeep]\n|-damage|p2a: Zamazenta|88\/100|[from] Sandstorm\n|-heal|p2a: Zamazenta|94\/100|[from] item: Leftovers\n|upkeep\n|inactive|Axl.40 has 120 seconds left.\n|\n|t:|1700666352\n|switch|p1a: Dragapult|Dragapult, F|95\/100\n|turn|10\n|\n|t:|1700666359\n|switch|p2a: Kingambit|Kingambit, M|100\/100\n|-damage|p2a: Kingambit|94\/100|[from] Stealth Rock\n|-activate|p2a: Kingambit|ability: Supreme Overlord\n|-start|p2a: Kingambit|fallen1|[silent]\n|move|p1a: Dragapult|Draco Meteor|p2a: Kingambit\n|-resisted|p2a: Kingambit\n|-damage|p2a: Kingambit|52\/100\n|-unboost|p1a: Dragapult|spa|2\n|\n|-weather|none\n|-heal|p2a: Kingambit|58\/100|[from] item: Leftovers\n|upkeep\n|turn|11\n|\n|t:|1700666370\n|switch|p1a: Great Tusk|Great Tusk|100\/100\n|move|p2a: Kingambit|Iron Head|p1a: Great Tusk\n|-damage|p1a: Great Tusk|65\/100\n|\n|-heal|p2a: Kingambit|64\/100|[from] item: Leftovers\n|upkeep\n|turn|12\n|\n|t:|1700666381\n|-end|p2a: Kingambit|fallen1|[silent]\n|switch|p2a: Zamazenta|Zamazenta|94\/100\n|-damage|p2a: Zamazenta|88\/100|[from] Stealth Rock\n|move|p1a: Great Tusk|Close Combat|p2a: Zamazenta\n|-damage|p2a: Zamazenta|42\/100\n|-unboost|p1a: Great Tusk|def|1\n|-unboost|p1a: Great Tusk|spd|1\n|\n|-heal|p2a: Zamazenta|48\/100|[from] item: Leftovers\n|upkeep\n|turn|13\n|\n|t:|1700666396\n|-end|p1a: Great Tusk|Protosynthesis|[silent]\n|switch|p1a: Ogerpon|Ogerpon-Wellspring, F|89\/100\n|move|p2a: Zamazenta|Crunch|p1a: Ogerpon\n|-damage|p1a: Ogerpon|59\/100\n|-unboost|p1a: Ogerpon|def|1\n|\n|-heal|p2a: Zamazenta|54\/100|[from] item: Leftovers\n|upkeep\n|turn|14\n|\n|t:|1700666403\n|move|p2a: Zamazenta|Body Press|p1a: Ogerpon\n|-damage|p1a: Ogerpon|0 fnt\n|faint|p1a: Ogerpon\n|\n|-heal|p2a: Zamazenta|60\/100|[from] item: Leftovers\n|upkeep\n|\n|t:|1700666410\n|switch|p1a: Dragapult|Dragapult, F|95\/100\n|turn|15\n|\n|t:|1700666416\n|switch|p2a: Kingambit|Kingambit, M|64\/100\n|-damage|p2a: Kingambit|58\/100|[from] Stealth Rock\n|-activate|p2a: Kingambit|ability: Supreme Overlord\n|-start|p2a: Kingambit|fallen1|[silent]\n|move|p1a: Dragapult|Flamethrower|p2a: Kingambit\n|-supereffective|p2a: Kingambit\n|-damage|p2a: Kingambit|0 fnt\n|faint|p2a: Kingambit\n|-end|p2a: Kingambit|fallen1|[silent]\n|\n|upkeep\n|\n|t:|1700666420\n|switch|p2a: Great Tusk|Great Tusk|88\/100\n|-damage|p2a: Great Tusk|85\/100|[from] Stealth Rock\n|turn|16\n|\n|t:|1700666427\n|switch|p1a: Rillaboom|Rillaboom, F|100\/100\n|-fieldstart|move: Grassy Terrain|[from] ability: Grassy Surge|[of] p1a: Rillaboom\n|move|p2a: Great Tusk|Knock Off|p1a: Rillaboom\n|-damage|p1a: Rillaboom|63\/100\n|-enditem|p1a: Rillaboom|Terrain Extender|[from] move: Knock Off|[of] p2a: Great Tusk\n|\n|-heal|p2a: Great Tusk|91\/100|[from] Grassy Terrain\n|-heal|p1a: Rillaboom|69\/100|[from] Grassy Terrain\n|upkeep\n|turn|17\n|\n|t:|1700666436\n|-terastallize|p2a: Great Tusk|Steel\n|move|p1a: Rillaboom|Grassy Glide|p2a: Great Tusk\n|-resisted|p2a: Great Tusk\n|-damage|p2a: Great Tusk|77\/100\n|move|p2a: Great Tusk|Ice Spinner|p1a: Rillaboom\n|-supereffective|p1a: Rillaboom\n|-damage|p1a: Rillaboom|11\/100\n|-fieldend|move: Grassy Terrain\n|\n|upkeep\n|turn|18\n|\n|t:|1700666445\n|switch|p1a: Great Tusk|Great Tusk|65\/100\n|move|p2a: Great Tusk|Rapid Spin|p1a: Great Tusk\n|-damage|p1a: Great Tusk|52\/100\n|-boost|p2a: Great Tusk|spe|1\n|-sideend|p2: Username momento|Stealth Rock|[from] move: Rapid Spin|[of] p2a: Great Tusk\n|\n|upkeep\n|turn|19\n|\n|t:|1700666449\n|move|p2a: Great Tusk|Ice Spinner|p1a: Great Tusk\n|-supereffective|p1a: Great Tusk\n|-damage|p1a: Great Tusk|9\/100\n|move|p1a: Great Tusk|Headlong Rush|p2a: Great Tusk\n|-supereffective|p2a: Great Tusk\n|-damage|p2a: Great Tusk|0 fnt\n|-unboost|p1a: Great Tusk|def|1\n|-unboost|p1a: Great Tusk|spd|1\n|faint|p2a: Great Tusk\n|-end|p2a: Great Tusk|Protosynthesis|[silent]\n|\n|upkeep\n|\n|t:|1700666455\n|switch|p2a: Meowscarada|Meowscarada, F|36\/100\n|turn|20\n|\n|t:|1700666458\n|-end|p1a: Great Tusk|Protosynthesis|[silent]\n|switch|p1a: Rillaboom|Rillaboom, F|11\/100\n|-fieldstart|move: Grassy Terrain|[from] ability: Grassy Surge|[of] p1a: Rillaboom\n|move|p2a: Meowscarada|U-turn|p1a: Rillaboom\n|-start|p2a: Meowscarada|typechange|Bug|[from] ability: Protean\n|-supereffective|p1a: Rillaboom\n|-damage|p1a: Rillaboom|0 fnt\n|faint|p1a: Rillaboom\n|\n|t:|1700666465\n|switch|p2a: Gholdengo|Gholdengo|100\/100|[from] U-turn\n|\n|upkeep\n|\n|t:|1700666472\n|switch|p1a: Dragapult|Dragapult, F|95\/100\n|turn|21\n|\n|t:|1700666478\n|move|p1a: Dragapult|Shadow Ball|p2a: Gholdengo\n|-supereffective|p2a: Gholdengo\n|-damage|p2a: Gholdengo|18\/100\n|move|p2a: Gholdengo|Shadow Ball|p1a: Dragapult\n|-supereffective|p1a: Dragapult\n|-damage|p1a: Dragapult|0 fnt\n|faint|p1a: Dragapult\n|\n|-heal|p2a: Gholdengo|24\/100|[from] Grassy Terrain\n|-heal|p2a: Gholdengo|30\/100|[from] item: Leftovers\n|upkeep\n|\n|t:|1700666491\n|switch|p1a: Great Tusk|Great Tusk|9\/100\n|turn|22\n|\n|t:|1700666504\n|switch|p2a: Zamazenta|Zamazenta|60\/100\n|move|p1a: Great Tusk|Headlong Rush|p2a: Zamazenta\n|-damage|p2a: Zamazenta|13\/100\n|-unboost|p1a: Great Tusk|def|1\n|-unboost|p1a: Great Tusk|spd|1\n|\n|-heal|p2a: Zamazenta|19\/100|[from] Grassy Terrain\n|-heal|p2a: Zamazenta|25\/100|[from] item: Leftovers\n|-heal|p1a: Great Tusk|15\/100|[from] Grassy Terrain\n|upkeep\n|turn|23\n|\n|t:|1700666509\n|move|p2a: Zamazenta|Iron Defense|p2a: Zamazenta\n|-boost|p2a: Zamazenta|def|2\n|move|p1a: Great Tusk|Rapid Spin|p2a: Zamazenta\n|-damage|p2a: Zamazenta|19\/100\n|-boost|p1a: Great Tusk|spe|1\n|\n|-heal|p1a: Great Tusk|21\/100|[from] Grassy Terrain\n|-heal|p2a: Zamazenta|25\/100|[from] Grassy Terrain\n|-heal|p2a: Zamazenta|31\/100|[from] item: Leftovers\n|upkeep\n|turn|24\n|\n|t:|1700666515\n|move|p1a: Great Tusk|Close Combat|p2a: Zamazenta\n|-damage|p2a: Zamazenta|8\/100\n|-unboost|p1a: Great Tusk|def|1\n|-unboost|p1a: Great Tusk|spd|1\n|move|p2a: Zamazenta|Body Press|p1a: Great Tusk\n|-damage|p1a: Great Tusk|0 fnt\n|faint|p1a: Great Tusk\n|-end|p1a: Great Tusk|Protosynthesis|[silent]\n|\n|-heal|p2a: Zamazenta|14\/100|[from] Grassy Terrain\n|-heal|p2a: Zamazenta|20\/100|[from] item: Leftovers\n|-fieldend|move: Grassy Terrain\n|upkeep\n|\n|t:|1700666519\n|switch|p1a: Hawlucha|Hawlucha, F|100\/100\n|turn|25\n|\n|t:|1700666528\n|move|p2a: Zamazenta|Iron Defense|p2a: Zamazenta\n|-boost|p2a: Zamazenta|def|2\n|move|p1a: Hawlucha|Acrobatics|p2a: Zamazenta\n|-supereffective|p2a: Zamazenta\n|-damage|p2a: Zamazenta|8\/100\n|\n|-heal|p2a: Zamazenta|14\/100|[from] item: Leftovers\n|upkeep\n|turn|26\n|\n|t:|1700666533\n|move|p2a: Zamazenta|Body Press|p1a: Hawlucha\n|-resisted|p1a: Hawlucha\n|-damage|p1a: Hawlucha|20\/100\n|move|p1a: Hawlucha|Acrobatics|p2a: Zamazenta\n|-supereffective|p2a: Zamazenta\n|-damage|p2a: Zamazenta|1\/100\n|\n|-heal|p2a: Zamazenta|7\/100|[from] item: Leftovers\n|upkeep\n|turn|27\n|-message|Axl.40 forfeited.\n|\n|win|Username momento\n|raw|Axl.40's rating: 1491 &rarr; <strong>1476<\/strong><br \/>(-15 for losing)\n|raw|Username momento's rating: 1588 &rarr; <strong>1603<\/strong><br \/>(+15 for winning)\n|l|\u2606Axl.40\n","uploadtime":1700666542,"views":0,"p1id":"axl40","p2id":"usernamemomento","formatid":"gen9ou","rating":1476,"private":0,"password":""}