{"id":"gen9ou-1989686668","p1":"lecroy","p2":"Steez Ibanez","format":"[Gen 9] OU","log":"|j|\u2606lecroy\n|j|\u2606Steez Ibanez\n|t:|1699886843\n|gametype|singles\n|player|p1|lecroy|smasher|1773\n|player|p2|Steez Ibanez|lance-gen2|1710\n|teamsize|p1|6\n|teamsize|p2|6\n|gen|9\n|tier|[Gen 9] OU\n|rated|\n|rule|Sleep Clause Mod: Limit one foe put to sleep\n|rule|Species Clause: Limit one of each Pok\u00e9mon\n|rule|OHKO Clause: OHKO moves are banned\n|rule|Evasion Items Clause: Evasion items are banned\n|rule|Evasion Moves Clause: Evasion moves are banned\n|rule|Endless Battle Clause: Forcing endless battles is banned\n|rule|HP Percentage Mod: HP is shown in percentages\n|clearpoke\n|poke|p1|Thundurus-Therian, M|\n|poke|p1|Cinderace, F|\n|poke|p1|Great Tusk|\n|poke|p1|Kingambit, F|\n|poke|p1|Slowking-Galar, F|\n|poke|p1|Alomomola, F|\n|poke|p2|Samurott-Hisui, M|\n|poke|p2|Corviknight, M|\n|poke|p2|Iron Valiant|\n|poke|p2|Dragapult, M|\n|poke|p2|Ting-Lu|\n|poke|p2|Meowscarada, M|\n|teampreview\n|j| OUFC Mu Xuanyin\n|inactive|Battle timer is ON: inactive players will automatically lose when time's up. (requested by lecroy)\n|\n|t:|1699886879\n|start\n|switch|p1a: Thundurus|Thundurus-Therian, M|100\/100\n|switch|p2a: Robin|Meowscarada, M|100\/100\n|turn|1\n|\n|t:|1699886889\n|move|p2a: Robin|Knock Off|p1a: Thundurus\n|-start|p2a: Robin|typechange|Dark|[from] ability: Protean\n|-damage|p1a: Thundurus|31\/100\n|-enditem|p1a: Thundurus|Choice Specs|[from] move: Knock Off|[of] p2a: Robin\n|move|p1a: Thundurus|Knock Off|p2a: Robin\n|-resisted|p2a: Robin\n|-damage|p2a: Robin|83\/100\n|-enditem|p2a: Robin|Heavy-Duty Boots|[from] move: Knock Off|[of] p1a: Thundurus\n|\n|upkeep\n|turn|2\n|j| Burnt Waffle Fry\n|\n|t:|1699886905\n|move|p2a: Robin|Knock Off|p1a: Thundurus\n|-damage|p1a: Thundurus|0 fnt\n|faint|p1a: Thundurus\n|\n|upkeep\n|\n|t:|1699886910\n|switch|p1a: Alomomola|Alomomola, F|100\/100\n|turn|3\n|j| illes\n|\n|t:|1699886919\n|move|p2a: Robin|Toxic Spikes|p1a: Alomomola\n|-sidestart|p1: lecroy|move: Toxic Spikes\n|move|p1a: Alomomola|Scald|p2a: Robin\n|-damage|p2a: Robin|63\/100\n|\n|upkeep\n|turn|4\n|\n|t:|1699886925\n|move|p2a: Robin|U-turn|p1a: Alomomola\n|-damage|p1a: Alomomola|88\/100\n|-enditem|p1a: Alomomola|Red Card|[of] p2a: Robin\n|drag|p2a: Midoriya|Iron Valiant|100\/100\n|move|p1a: Alomomola|Flip Turn|p2a: Midoriya\n|-damage|p2a: Midoriya|78\/100\n|\n|t:|1699886943\n|switch|p1a: Cinderace|Cinderace, F|100\/100|[from] Flip Turn\n|\n|upkeep\n|turn|5\n|\n|t:|1699886951\n|move|p1a: Cinderace|Pyro Ball|p2a: Midoriya\n|-damage|p2a: Midoriya|0 fnt\n|faint|p2a: Midoriya\n|-end|p2a: Midoriya|Quark Drive|[silent]\n|\n|upkeep\n|\n|t:|1699886954\n|switch|p2a: Toothless|Dragapult, M|100\/100\n|turn|6\n|inactive|lecroy has 120 seconds left.\n|\n|t:|1699886994\n|switch|p1a: Alomomola|Alomomola, F|100\/100\n|-status|p1a: Alomomola|psn\n|move|p2a: Toothless|Dragon Darts|p1a: Alomomola\n|-damage|p1a: Alomomola|88\/100 psn\n|-anim|p2a: Toothless|Dragon Darts|p1a: Alomomola\n|-crit|p1a: Alomomola\n|-damage|p1a: Alomomola|68\/100 psn\n|\n|-damage|p1a: Alomomola|56\/100 psn|[from] psn\n|upkeep\n|turn|7\n|inactive|lecroy has 120 seconds left.\n|l| Burnt Waffle Fry\n|\n|t:|1699887010\n|move|p2a: Toothless|Hex|p1a: Alomomola\n|-damage|p1a: Alomomola|4\/100 psn\n|move|p1a: Alomomola|Flip Turn|p2a: Toothless\n|-resisted|p2a: Toothless\n|-damage|p2a: Toothless|88\/100\n|\n|t:|1699887016\n|switch|p1a: Slowking|Slowking-Galar, F|100\/100|[from] Flip Turn\n|-sideend|p1: lecroy|move: Toxic Spikes|[of] p1a: Slowking\n|\n|upkeep\n|turn|8\n|\n|t:|1699887021\n|move|p2a: Toothless|Thunder Wave|p1a: Slowking\n|-status|p1a: Slowking|par\n|cant|p1a: Slowking|par\n|\n|upkeep\n|turn|9\n|\n|t:|1699887026\n|move|p2a: Toothless|U-turn|p1a: Slowking\n|-damage|p1a: Slowking|78\/100 par\n|\n|t:|1699887028\n|switch|p2a: Darth Tyranus|Samurott-Hisui, M, shiny|100\/100|[from] U-turn\n|move|p1a: Slowking|Ice Beam|p2a: Darth Tyranus\n|-resisted|p2a: Darth Tyranus\n|-damage|p2a: Darth Tyranus|84\/100\n|\n|upkeep\n|turn|10\n|j| Sviqma\n|inactive|lecroy has 120 seconds left.\n|\n|t:|1699887054\n|switch|p1a: Alomomola|Alomomola, F|38\/100 psn\n|move|p2a: Darth Tyranus|Ceaseless Edge|p1a: Alomomola\n|-damage|p1a: Alomomola|11\/100 psn\n|-sidestart|p1: lecroy|Spikes\n|\n|-damage|p1a: Alomomola|0 fnt|[from] psn\n|faint|p1a: Alomomola\n|upkeep\n|j| ThatJebshuckle\n|l| ThatJebshuckle\n|inactive|lecroy has 90 seconds left.\n|l|\u2606Steez Ibanez\n|inactive|Steez Ibanez disconnected and has a minute to reconnect!\n|player|p2|\n|\n|t:|1699887098\n|switch|p1a: Great Tusk|Great Tusk|100\/100\n|-damage|p1a: Great Tusk|88\/100|[from] Spikes\n|turn|11\n|j|\u2606Steez Ibanez\n|inactive|Steez Ibanez reconnected and has 150 seconds left.\n|player|p2|Steez Ibanez|lance-gen2\n|\n|t:|1699887108\n|-end|p1a: Great Tusk|Protosynthesis|[silent]\n|switch|p1a: Cinderace|Cinderace, F|100\/100\n|-terastallize|p2a: Darth Tyranus|Ghost\n|move|p2a: Darth Tyranus|Aqua Cutter|p1a: Cinderace\n|-supereffective|p1a: Cinderace\n|-damage|p1a: Cinderace|0 fnt\n|faint|p1a: Cinderace\n|\n|upkeep\n|l| illes\n|\n|t:|1699887116\n|switch|p1a: Kingambit|Kingambit, F|100\/100\n|-damage|p1a: Kingambit|88\/100|[from] Spikes\n|-activate|p1a: Kingambit|ability: Supreme Overlord\n|-start|p1a: Kingambit|fallen3|[silent]\n|turn|12\n|\n|t:|1699887123\n|move|p1a: Kingambit|Sucker Punch|p2a: Darth Tyranus\n|-supereffective|p2a: Darth Tyranus\n|-damage|p2a: Darth Tyranus|0 fnt\n|faint|p2a: Darth Tyranus\n|\n|-heal|p1a: Kingambit|94\/100|[from] item: Leftovers\n|upkeep\n|\n|t:|1699887127\n|switch|p2a: Clicker|Ting-Lu|100\/100\n|-ability|p2a: Clicker|Vessel of Ruin\n|turn|13\n|\n|t:|1699887133\n|-end|p1a: Kingambit|fallen3|[silent]\n|switch|p1a: Great Tusk|Great Tusk|88\/100\n|-damage|p1a: Great Tusk|76\/100|[from] Spikes\n|move|p2a: Clicker|Ruination|p1a: Great Tusk\n|-damage|p1a: Great Tusk|38\/100\n|\n|upkeep\n|turn|14\n|\n|t:|1699887141\n|switch|p2a: Dick Grayson|Corviknight, M|100\/100\n|-ability|p2a: Dick Grayson|Pressure\n|move|p1a: Great Tusk|Rapid Spin|p2a: Dick Grayson\n|-resisted|p2a: Dick Grayson\n|-damage|p2a: Dick Grayson|95\/100\n|-boost|p1a: Great Tusk|spe|1\n|-sideend|p1: lecroy|Spikes|[from] move: Rapid Spin|[of] p1a: Great Tusk\n|\n|-heal|p2a: Dick Grayson|100\/100|[from] item: Leftovers\n|upkeep\n|turn|15\n|\n|t:|1699887151\n|move|p1a: Great Tusk|Stealth Rock|p2a: Dick Grayson\n|-sidestart|p2: Steez Ibanez|move: Stealth Rock\n|move|p2a: Dick Grayson|U-turn|p1a: Great Tusk\n|-resisted|p1a: Great Tusk\n|-damage|p1a: Great Tusk|33\/100\n|-damage|p2a: Dick Grayson|84\/100|[from] item: Rocky Helmet|[of] p1a: Great Tusk\n|\n|t:|1699887156\n|switch|p2a: Toothless|Dragapult, M|88\/100|[from] U-turn\n|\n|upkeep\n|turn|16\n|\n|t:|1699887164\n|move|p1a: Great Tusk|Ice Spinner|p2a: Toothless\n|-supereffective|p2a: Toothless\n|-damage|p2a: Toothless|2\/100\n|move|p2a: Toothless|Hex|p1a: Great Tusk\n|-crit|p1a: Great Tusk\n|-damage|p1a: Great Tusk|0 fnt\n|faint|p1a: Great Tusk\n|-end|p1a: Great Tusk|Protosynthesis|[silent]\n|\n|upkeep\n|\n|t:|1699887172\n|switch|p1a: Kingambit|Kingambit, F|94\/100\n|-activate|p1a: Kingambit|ability: Supreme Overlord\n|-start|p1a: Kingambit|fallen4|[silent]\n|turn|17\n|\n|t:|1699887174\n|move|p1a: Kingambit|Sucker Punch||[still]\n|-fail|p1a: Kingambit\n|move|p2a: Toothless|Thunder Wave|p1a: Kingambit\n|-status|p1a: Kingambit|par\n|\n|-heal|p1a: Kingambit|100\/100 par|[from] item: Leftovers\n|upkeep\n|turn|18\n|\n|t:|1699887179\n|-end|p1a: Kingambit|fallen4|[silent]\n|switch|p1a: Slowking|Slowking-Galar, F|100\/100 par\n|move|p2a: Toothless|U-turn|p1a: Slowking\n|-damage|p1a: Slowking|78\/100 par\n|\n|t:|1699887182\n|switch|p2a: Robin|Meowscarada, M|63\/100|[from] U-turn\n|-damage|p2a: Robin|50\/100|[from] Stealth Rock\n|\n|upkeep\n|turn|19\n|\n|t:|1699887187\n|move|p2a: Robin|Knock Off|p1a: Slowking\n|-start|p2a: Robin|typechange|Dark|[from] ability: Protean\n|-supereffective|p1a: Slowking\n|-damage|p1a: Slowking|0 fnt\n|-enditem|p1a: Slowking|Heavy-Duty Boots|[from] move: Knock Off|[of] p2a: Robin\n|faint|p1a: Slowking\n|\n|upkeep\n|\n|t:|1699887191\n|switch|p1a: Kingambit|Kingambit, F|100\/100 par\n|-activate|p1a: Kingambit|ability: Supreme Overlord\n|-start|p1a: Kingambit|fallen5|[silent]\n|turn|20\n|\n|t:|1699887194\n|move|p2a: Robin|Knock Off|p1a: Kingambit\n|-resisted|p1a: Kingambit\n|-damage|p1a: Kingambit|85\/100 par\n|-enditem|p1a: Kingambit|Leftovers|[from] move: Knock Off|[of] p2a: Robin\n|move|p1a: Kingambit|Iron Head|p2a: Robin\n|-damage|p2a: Robin|0 fnt\n|faint|p2a: Robin\n|\n|upkeep\n|\n|t:|1699887197\n|switch|p2a: Clicker|Ting-Lu|100\/100\n|-damage|p2a: Clicker|94\/100|[from] Stealth Rock\n|-ability|p2a: Clicker|Vessel of Ruin\n|turn|21\n|\n|t:|1699887204\n|-terastallize|p1a: Kingambit|Flying\n|move|p2a: Clicker|Earthquake|p1a: Kingambit\n|-immune|p1a: Kingambit\n|move|p1a: Kingambit|Swords Dance|p1a: Kingambit\n|-boost|p1a: Kingambit|atk|2\n|\n|-heal|p2a: Clicker|100\/100|[from] item: Leftovers\n|upkeep\n|turn|22\n|\n|t:|1699887209\n|move|p2a: Clicker|Ruination|p1a: Kingambit\n|-damage|p1a: Kingambit|43\/100 par\n|move|p1a: Kingambit|Kowtow Cleave|p2a: Clicker\n|-resisted|p2a: Clicker\n|-damage|p2a: Clicker|60\/100\n|\n|-heal|p2a: Clicker|66\/100|[from] item: Leftovers\n|upkeep\n|turn|23\n|\n|t:|1699887213\n|move|p2a: Clicker|Ruination|p1a: Kingambit\n|-damage|p1a: Kingambit|22\/100 par\n|move|p1a: Kingambit|Swords Dance|p1a: Kingambit\n|-boost|p1a: Kingambit|atk|2\n|\n|-heal|p2a: Clicker|72\/100|[from] item: Leftovers\n|upkeep\n|turn|24\n|\n|t:|1699887220\n|move|p2a: Clicker|Ruination|p1a: Kingambit\n|-damage|p1a: Kingambit|11\/100 par\n|move|p1a: Kingambit|Kowtow Cleave|p2a: Clicker\n|-resisted|p2a: Clicker\n|-damage|p2a: Clicker|15\/100\n|\n|-heal|p2a: Clicker|21\/100|[from] item: Leftovers\n|upkeep\n|turn|25\n|\n|t:|1699887227\n|switch|p2a: Toothless|Dragapult, M|2\/100\n|move|p1a: Kingambit|Iron Head|p2a: Toothless\n|-crit|p2a: Toothless\n|-damage|p2a: Toothless|0 fnt\n|faint|p2a: Toothless\n|\n|upkeep\n|\n|t:|1699887229\n|switch|p2a: Dick Grayson|Corviknight, M|84\/100\n|-damage|p2a: Dick Grayson|71\/100|[from] Stealth Rock\n|-ability|p2a: Dick Grayson|Pressure\n|turn|26\n|\n|t:|1699887237\n|cant|p1a: Kingambit|par\n|move|p2a: Dick Grayson|Roost|p2a: Dick Grayson\n|-heal|p2a: Dick Grayson|100\/100\n|-singleturn|p2a: Dick Grayson|move: Roost\n|\n|upkeep\n|turn|27\n|\n|t:|1699887240\n|move|p1a: Kingambit|Sucker Punch|p2a: Dick Grayson\n|-damage|p2a: Dick Grayson|0 fnt\n|faint|p2a: Dick Grayson\n|\n|upkeep\n|-message|Steez Ibanez forfeited.\n|\n|win|lecroy\n|raw|lecroy's rating: 1773 &rarr; <strong>1789<\/strong><br \/>(+16 for winning)\n|raw|Steez Ibanez's rating: 1710 &rarr; <strong>1694<\/strong><br \/>(-16 for losing)\n|l|\u2606Steez Ibanez\n|l|\u2606lecroy\n","uploadtime":1699887376,"views":7,"p1id":"lecroy","p2id":"steezibanez","formatid":"gen9ou","rating":1694,"private":0,"password":""}