{"id":"gen9ou-1988624581","p1":"fropop","p2":"t35tt35t","format":"[Gen 9] OU","log":"|j|\u2606fropop\n|j|\u2606t35tt35t\n|t:|1699743277\n|gametype|singles\n|player|p1|fropop|n|1412\n|player|p2|t35tt35t|az|1403\n|teamsize|p1|6\n|teamsize|p2|6\n|gen|9\n|tier|[Gen 9] OU\n|rated|\n|rule|Sleep Clause Mod: Limit one foe put to sleep\n|rule|Species Clause: Limit one of each Pok\u00e9mon\n|rule|OHKO Clause: OHKO moves are banned\n|rule|Evasion Items Clause: Evasion items are banned\n|rule|Evasion Moves Clause: Evasion moves are banned\n|rule|Endless Battle Clause: Forcing endless battles is banned\n|rule|HP Percentage Mod: HP is shown in percentages\n|clearpoke\n|poke|p1|Goodra-Hisui, F|\n|poke|p1|Alomomola, F|\n|poke|p1|Rillaboom, F|\n|poke|p1|Hatterene, F|\n|poke|p1|Zapdos|\n|poke|p1|Conkeldurr, M|\n|poke|p2|Hatterene, F|\n|poke|p2|Sinistcha|\n|poke|p2|Dragonite, M|\n|poke|p2|Great Tusk|\n|poke|p2|Samurott-Hisui, M|\n|poke|p2|Heatran, F|\n|teampreview\n|inactive|Battle timer is ON: inactive players will automatically lose when time's up. (requested by t35tt35t)\n|\n|t:|1699743300\n|start\n|switch|p1a: Zapdos|Zapdos|100\/100\n|switch|p2a: Tembo|Great Tusk|100\/100\n|turn|1\n|\n|t:|1699743313\n|-end|p2a: Tembo|Protosynthesis|[silent]\n|switch|p2a: Circe|Heatran, F|100\/100\n|move|p1a: Zapdos|Hurricane|p2a: Circe\n|-resisted|p2a: Circe\n|-damage|p2a: Circe|87\/100\n|-start|p2a: Circe|confusion\n|\n|-heal|p2a: Circe|93\/100|[from] item: Leftovers\n|upkeep\n|turn|2\n|\n|t:|1699743323\n|move|p1a: Zapdos|Volt Switch|p2a: Circe\n|-damage|p2a: Circe|76\/100\n|\n|t:|1699743330\n|switch|p1a: Hatterene|Hatterene, F|100\/100|[from] Volt Switch\n|-activate|p2a: Circe|confusion\n|-damage|p2a: Circe|70\/100|[from] confusion\n|\n|-heal|p2a: Circe|76\/100|[from] item: Leftovers\n|upkeep\n|turn|3\n|c|\u2606t35tt35t|lol\n|\n|t:|1699743341\n|switch|p1a: Alomomola|Alomomola, F|100\/100\n|-activate|p2a: Circe|confusion\n|move|p2a: Circe|Magma Storm|p1a: Alomomola|[miss]\n|-miss|p2a: Circe|p1a: Alomomola\n|\n|-heal|p2a: Circe|82\/100|[from] item: Leftovers\n|upkeep\n|turn|4\n|c|\u2606t35tt35t|lol\n|\n|t:|1699743355\n|switch|p2a: Cha|Sinistcha|100\/100\n|move|p1a: Alomomola|Flip Turn|p2a: Cha\n|-resisted|p2a: Cha\n|-crit|p2a: Cha\n|-damage|p2a: Cha|93\/100\n|-damage|p1a: Alomomola|84\/100|[from] item: Rocky Helmet|[of] p2a: Cha\n|\n|t:|1699743364\n|switch|p1a: Zapdos|Zapdos|100\/100|[from] Flip Turn\n|\n|upkeep\n|turn|5\n|\n|t:|1699743378\n|switch|p2a: Circe|Heatran, F|82\/100\n|move|p1a: Zapdos|Hurricane|p2a: Circe\n|-resisted|p2a: Circe\n|-damage|p2a: Circe|69\/100\n|-start|p2a: Circe|confusion\n|\n|-heal|p2a: Circe|75\/100|[from] item: Leftovers\n|upkeep\n|turn|6\n|c|\u2606t35tt35t|lol\n|\n|t:|1699743388\n|move|p1a: Zapdos|Volt Switch|p2a: Circe\n|-damage|p2a: Circe|55\/100\n|\n|t:|1699743395\n|switch|p1a: Alomomola|Alomomola, F|100\/100|[from] Volt Switch\n|-activate|p2a: Circe|confusion\n|-damage|p2a: Circe|50\/100|[from] confusion\n|\n|-heal|p2a: Circe|56\/100|[from] item: Leftovers\n|upkeep\n|turn|7\n|c|\u2606t35tt35t|lol\n|\n|t:|1699743410\n|-terastallize|p2a: Circe|Flying\n|-activate|p2a: Circe|confusion\n|-damage|p2a: Circe|50\/100|[from] confusion\n|move|p1a: Alomomola|Flip Turn|p2a: Circe\n|-damage|p2a: Circe|38\/100\n|\n|t:|1699743418\n|switch|p1a: Zapdos|Zapdos|100\/100|[from] Flip Turn\n|\n|-heal|p2a: Circe|44\/100|[from] item: Leftovers\n|upkeep\n|turn|8\n|n|!t35tt35t|t35tt35t\n|\n|t:|1699743438\n|switch|p2a: Sergio|Dragonite, M, shiny|100\/100\n|move|p1a: Zapdos|Hurricane|p2a: Sergio\n|-damage|p2a: Sergio|81\/100\n|\n|-heal|p2a: Sergio|87\/100|[from] item: Leftovers\n|upkeep\n|turn|9\n|\n|t:|1699743451\n|move|p1a: Zapdos|Volt Switch|p2a: Sergio\n|-damage|p2a: Sergio|60\/100\n|\n|t:|1699743454\n|switch|p1a: Hatterene|Hatterene, F|100\/100|[from] Volt Switch\n|move|p2a: Sergio|Dragon Tail|p1a: Hatterene\n|-immune|p1a: Hatterene\n|\n|-heal|p2a: Sergio|66\/100|[from] item: Leftovers\n|upkeep\n|turn|10\n|\n|t:|1699743464\n|switch|p2a: Circe|Heatran, F, tera:Flying|44\/100\n|move|p1a: Hatterene|Nuzzle|p2a: Circe\n|-supereffective|p2a: Circe\n|-damage|p2a: Circe|37\/100\n|-status|p2a: Circe|par\n|\n|-heal|p2a: Circe|43\/100 par|[from] item: Leftovers\n|upkeep\n|turn|11\n|\n|t:|1699743474\n|move|p2a: Circe|Magma Storm|p1a: Hatterene\n|-damage|p1a: Hatterene|51\/100\n|-activate|p1a: Hatterene|move: Magma Storm|[of] p2a: Circe\n|move|p1a: Hatterene|Calm Mind|p1a: Hatterene\n|-boost|p1a: Hatterene|spa|1\n|-boost|p1a: Hatterene|spd|1\n|\n|-heal|p2a: Circe|49\/100 par|[from] item: Leftovers\n|-damage|p1a: Hatterene|39\/100|[from] move: Magma Storm|[partiallytrapped]\n|upkeep\n|turn|12\n|\n|t:|1699743486\n|cant|p2a: Circe|par\n|move|p1a: Hatterene|Draining Kiss|p2a: Circe\n|-damage|p2a: Circe|21\/100 par\n|-heal|p1a: Hatterene|64\/100|[from] drain|[of] p2a: Circe\n|\n|-heal|p2a: Circe|27\/100 par|[from] item: Leftovers\n|-damage|p1a: Hatterene|52\/100|[from] move: Magma Storm|[partiallytrapped]\n|upkeep\n|turn|13\n|\n|t:|1699743511\n|move|p2a: Circe|Flash Cannon|p1a: Hatterene\n|-supereffective|p1a: Hatterene\n|-damage|p1a: Hatterene|1\/100\n|move|p1a: Hatterene|Draining Kiss|p2a: Circe\n|-damage|p2a: Circe|1\/100 par\n|-heal|p1a: Hatterene|24\/100|[from] drain|[of] p2a: Circe\n|\n|-heal|p2a: Circe|7\/100 par|[from] item: Leftovers\n|-damage|p1a: Hatterene|12\/100|[from] move: Magma Storm|[partiallytrapped]\n|upkeep\n|turn|14\n|\n|t:|1699743526\n|cant|p2a: Circe|par\n|move|p1a: Hatterene|Draining Kiss|p2a: Circe\n|-damage|p2a: Circe|0 fnt\n|-heal|p1a: Hatterene|18\/100|[from] drain|[of] p2a: Circe\n|faint|p2a: Circe\n|\n|-end|p1a: Hatterene|Magma Storm|[partiallytrapped]|[silent]\n|upkeep\n|\n|t:|1699743533\n|switch|p2a: Shogun|Samurott-Hisui, M, shiny|100\/100\n|turn|15\n|\n|t:|1699743543\n|switch|p1a: Zapdos|Zapdos|100\/100\n|move|p2a: Shogun|Ceaseless Edge|p1a: Zapdos\n|-damage|p1a: Zapdos|68\/100\n|-sidestart|p1: fropop|Spikes\n|\n|upkeep\n|turn|16\n|\n|t:|1699743552\n|switch|p2a: Tembo|Great Tusk|100\/100\n|move|p1a: Zapdos|Hurricane|p2a: Tembo\n|-supereffective|p2a: Tembo\n|-crit|p2a: Tembo\n|-damage|p2a: Tembo|0 fnt\n|faint|p2a: Tembo\n|-end|p2a: Tembo|Protosynthesis|[silent]\n|\n|upkeep\n|\n|t:|1699743567\n|switch|p2a: Sergio|Dragonite, M, shiny|66\/100\n|turn|17\n|\n|t:|1699743581\n|move|p1a: Zapdos|Volt Switch|p2a: Sergio\n|-damage|p2a: Sergio|42\/100\n|\n|t:|1699743597\n|switch|p1a: Conkeldurr|Conkeldurr, M|100\/100|[from] Volt Switch\n|-damage|p1a: Conkeldurr|88\/100|[from] Spikes\n|move|p2a: Sergio|Dragon Tail|p1a: Conkeldurr\n|-damage|p1a: Conkeldurr|60\/100\n|drag|p1a: Zapdos|Zapdos|68\/100\n|\n|-heal|p2a: Sergio|48\/100|[from] item: Leftovers\n|upkeep\n|turn|18\n|\n|t:|1699743613\n|move|p1a: Zapdos|Volt Switch|p2a: Sergio\n|-damage|p2a: Sergio|20\/100\n|\n|t:|1699743622\n|switch|p1a: Hatterene|Hatterene, F|18\/100|[from] Volt Switch\n|-damage|p1a: Hatterene|6\/100|[from] Spikes\n|move|p2a: Sergio|Roost|p2a: Sergio\n|-heal|p2a: Sergio|70\/100\n|-singleturn|p2a: Sergio|move: Roost\n|\n|-heal|p2a: Sergio|76\/100|[from] item: Leftovers\n|upkeep\n|turn|19\n|inactive|fropop has 120 seconds left.\n|\n|t:|1699743637\n|switch|p1a: Zapdos|Zapdos|68\/100\n|move|p2a: Sergio|Extreme Speed|p1a: Zapdos\n|-damage|p1a: Zapdos|47\/100\n|\n|-heal|p2a: Sergio|82\/100|[from] item: Leftovers\n|upkeep\n|turn|20\n|inactive|fropop has 120 seconds left.\n|\n|t:|1699743648\n|move|p1a: Zapdos|Roost|p1a: Zapdos\n|-heal|p1a: Zapdos|97\/100\n|-singleturn|p1a: Zapdos|move: Roost\n|move|p2a: Sergio|Stone Edge|p1a: Zapdos\n|-crit|p1a: Zapdos\n|-damage|p1a: Zapdos|53\/100\n|\n|-heal|p2a: Sergio|88\/100|[from] item: Leftovers\n|upkeep\n|turn|21\n|inactive|fropop has 120 seconds left.\n|\n|t:|1699743661\n|switch|p2a: Shogun|Samurott-Hisui, M, shiny|100\/100\n|move|p1a: Zapdos|Volt Switch|p2a: Shogun\n|-supereffective|p2a: Shogun\n|-damage|p2a: Shogun|9\/100\n|inactive|fropop has 120 seconds left.\n|\n|t:|1699743669\n|switch|p1a: Rillaboom|Rillaboom, F|100\/100|[from] Volt Switch\n|-damage|p1a: Rillaboom|88\/100|[from] Spikes\n|-fieldstart|move: Grassy Terrain|[from] ability: Grassy Surge|[of] p1a: Rillaboom\n|\n|-heal|p2a: Shogun|15\/100|[from] Grassy Terrain\n|-heal|p1a: Rillaboom|94\/100|[from] Grassy Terrain\n|upkeep\n|turn|22\n|inactive|fropop has 120 seconds left.\n|\n|t:|1699743680\n|move|p2a: Shogun|Flip Turn|p1a: Rillaboom\n|-resisted|p1a: Rillaboom\n|-damage|p1a: Rillaboom|80\/100\n|\n|t:|1699743692\n|switch|p2a: Cha|Sinistcha|93\/100|[from] Flip Turn\n|move|p1a: Rillaboom|U-turn|p2a: Cha\n|-damage|p2a: Cha|70\/100\n|-damage|p1a: Rillaboom|64\/100|[from] item: Rocky Helmet|[of] p2a: Cha\n|inactive|fropop has 120 seconds left.\n|\n|t:|1699743707\n|switch|p1a: Zapdos|Zapdos|53\/100|[from] U-turn\n|\n|-heal|p2a: Cha|76\/100|[from] Grassy Terrain\n|upkeep\n|turn|23\n|inactive|fropop has 120 seconds left.\n|\n|t:|1699743714\n|switch|p2a: Sergio|Dragonite, M, shiny|88\/100\n|move|p1a: Zapdos|Hurricane|p2a: Sergio\n|-damage|p2a: Sergio|44\/100\n|\n|-heal|p2a: Sergio|50\/100|[from] item: Leftovers\n|upkeep\n|turn|24\n|inactive|fropop has 120 seconds left.\n|\n|t:|1699743728\n|move|p1a: Zapdos|Roost|p1a: Zapdos\n|-heal|p1a: Zapdos|100\/100\n|-singleturn|p1a: Zapdos|move: Roost\n|move|p2a: Sergio|Roost|p2a: Sergio\n|-heal|p2a: Sergio|100\/100\n|-singleturn|p2a: Sergio|move: Roost\n|\n|upkeep\n|turn|25\n|inactive|fropop has 120 seconds left.\n|\n|t:|1699743752\n|move|p1a: Zapdos|Volt Switch|p2a: Sergio\n|-damage|p2a: Sergio|88\/100\n|\n|t:|1699743757\n|switch|p1a: Alomomola|Alomomola, F|100\/100|[from] Volt Switch\n|move|p2a: Sergio|Dragon Tail|p1a: Alomomola\n|-damage|p1a: Alomomola|82\/100\n|drag|p1a: Goodra|Goodra-Hisui, F|100\/100\n|-damage|p1a: Goodra|88\/100|[from] Spikes\n|\n|-heal|p2a: Sergio|94\/100|[from] item: Leftovers\n|-heal|p1a: Goodra|94\/100|[from] Grassy Terrain\n|-fieldend|move: Grassy Terrain\n|upkeep\n|turn|26\n|\n|t:|1699743773\n|switch|p2a: Maria|Hatterene, F|100\/100\n|move|p1a: Goodra|Flash Cannon|p2a: Maria\n|-supereffective|p2a: Maria\n|-damage|p2a: Maria|41\/100\n|\n|upkeep\n|turn|27\n|\n|t:|1699743782\n|move|p1a: Goodra|Flash Cannon|p2a: Maria\n|-supereffective|p2a: Maria\n|-damage|p2a: Maria|0 fnt\n|faint|p2a: Maria\n|\n|upkeep\n|-message|t35tt35t forfeited.\n|\n|win|fropop\n|raw|fropop's rating: 1412 &rarr; <strong>1431<\/strong><br \/>(+19 for winning)\n|raw|t35tt35t's rating: 1403 &rarr; <strong>1384<\/strong><br \/>(-19 for losing)\n","uploadtime":1699743430,"views":10,"p1id":"fropop","p2id":"t35tt35t","formatid":"gen9ou","rating":1384,"private":0,"password":""}