{"id":"gen9ou-1993678035","p1":"SwordMaster3000","p2":"ooga booga awooga","format":"[Gen 9] OU","log":"|j|\u2606SwordMaster3000\n|j|\u2606ooga booga awooga\n|t:|1700344589\n|gametype|singles\n|player|p1|SwordMaster3000|266|1220\n|player|p2|ooga booga awooga|saguaro|1315\n|teamsize|p1|6\n|teamsize|p2|6\n|gen|9\n|tier|[Gen 9] OU\n|rated|\n|rule|Sleep Clause Mod: Limit one foe put to sleep\n|rule|Species Clause: Limit one of each Pok\u00e9mon\n|rule|OHKO Clause: OHKO moves are banned\n|rule|Evasion Items Clause: Evasion items are banned\n|rule|Evasion Moves Clause: Evasion moves are banned\n|rule|Endless Battle Clause: Forcing endless battles is banned\n|rule|HP Percentage Mod: HP is shown in percentages\n|clearpoke\n|poke|p1|Dragapult, M|\n|poke|p1|Zapdos|\n|poke|p1|Hatterene, F|\n|poke|p1|Greninja-*, M|\n|poke|p1|Sneasler, F|\n|poke|p1|Cinderace, F|\n|poke|p2|Mandibuzz, F|\n|poke|p2|Ogerpon-Wellspring, F|\n|poke|p2|Greninja-*, F|\n|poke|p2|Gholdengo|\n|poke|p2|Great Tusk|\n|poke|p2|Cinderace, F|\n|teampreview\n|inactive|Battle timer is ON: inactive players will automatically lose when time's up. (requested by ooga booga awooga)\n|\n|t:|1700344603\n|start\n|switch|p1a: Cinderace|Cinderace, F|100\/100\n|switch|p2a: Greninja|Greninja, F|100\/100\n|turn|1\n|\n|t:|1700344622\n|move|p2a: Greninja|Hydro Pump|p1a: Cinderace\n|-start|p2a: Greninja|typechange|Water|[from] ability: Protean\n|-supereffective|p1a: Cinderace\n|-damage|p1a: Cinderace|0 fnt\n|faint|p1a: Cinderace\n|\n|upkeep\n|\n|t:|1700344627\n|switch|p1a: Zapdos|Zapdos|100\/100\n|turn|2\n|\n|t:|1700344643\n|move|p2a: Greninja|Hydro Pump|p1a: Zapdos|[miss]\n|-miss|p2a: Greninja|p1a: Zapdos\n|move|p1a: Zapdos|Volt Switch|p2a: Greninja\n|-supereffective|p2a: Greninja\n|-damage|p2a: Greninja|4\/100\n|\n|t:|1700344653\n|switch|p1a: Dragapult|Dragapult, M|100\/100|[from] Volt Switch\n|\n|upkeep\n|turn|3\n|\n|t:|1700344660\n|move|p1a: Dragapult|Dragon Darts|p2a: Greninja\n|-damage|p2a: Greninja|0 fnt\n|faint|p2a: Greninja\n|\n|upkeep\n|\n|t:|1700344665\n|switch|p2a: Cinderace|Cinderace, F|100\/100\n|turn|4\n|\n|t:|1700344671\n|move|p2a: Cinderace|Sucker Punch||[still]\n|-fail|p2a: Cinderace\n|move|p1a: Dragapult|Substitute|p1a: Dragapult\n|-start|p1a: Dragapult|Substitute\n|-damage|p1a: Dragapult|76\/100\n|\n|-heal|p1a: Dragapult|82\/100|[from] item: Leftovers\n|upkeep\n|turn|5\n|\n|t:|1700344678\n|move|p1a: Dragapult|Dragon Dance|p1a: Dragapult\n|-boost|p1a: Dragapult|atk|1\n|-boost|p1a: Dragapult|spe|1\n|move|p2a: Cinderace|U-turn|p1a: Dragapult\n|-start|p2a: Cinderace|typechange|Bug|[from] ability: Libero\n|-resisted|p1a: Dragapult\n|-activate|p1a: Dragapult|move: Substitute|[damage]\n|\n|t:|1700344688\n|switch|p2a: Mandibuzz|Mandibuzz, F|100\/100|[from] U-turn\n|\n|-heal|p1a: Dragapult|88\/100|[from] item: Leftovers\n|upkeep\n|turn|6\n|\n|t:|1700344694\n|move|p1a: Dragapult|Dragon Dance|p1a: Dragapult\n|-boost|p1a: Dragapult|atk|1\n|-boost|p1a: Dragapult|spe|1\n|move|p2a: Mandibuzz|Foul Play|p1a: Dragapult\n|-supereffective|p1a: Dragapult\n|-end|p1a: Dragapult|Substitute\n|\n|-heal|p1a: Dragapult|94\/100|[from] item: Leftovers\n|upkeep\n|turn|7\n|\n|t:|1700344705\n|move|p1a: Dragapult|Dragon Darts|p2a: Mandibuzz\n|-damage|p2a: Mandibuzz|70\/100\n|-anim|p1a: Dragapult|Dragon Darts|p2a: Mandibuzz\n|-damage|p2a: Mandibuzz|39\/100\n|move|p2a: Mandibuzz|Foul Play|p1a: Dragapult\n|-supereffective|p1a: Dragapult\n|-damage|p1a: Dragapult|0 fnt\n|faint|p1a: Dragapult\n|\n|upkeep\n|\n|t:|1700344714\n|switch|p1a: Hatterene|Hatterene, F|100\/100\n|turn|8\n|\n|t:|1700344725\n|move|p2a: Mandibuzz|U-turn|p1a: Hatterene\n|-damage|p1a: Hatterene|91\/100\n|\n|t:|1700344731\n|switch|p2a: Gholdengo|Gholdengo|100\/100|[from] U-turn\n|move|p1a: Hatterene|Draining Kiss|p2a: Gholdengo\n|-resisted|p2a: Gholdengo\n|-damage|p2a: Gholdengo|87\/100\n|-heal|p1a: Hatterene|100\/100|[from] drain|[of] p2a: Gholdengo\n|\n|upkeep\n|turn|9\n|\n|t:|1700344737\n|move|p2a: Gholdengo|Make It Rain|p1a: Hatterene\n|-supereffective|p1a: Hatterene\n|-damage|p1a: Hatterene|0 fnt\n|-unboost|p2a: Gholdengo|spa|1\n|faint|p1a: Hatterene\n|\n|upkeep\n|\n|t:|1700344746\n|switch|p1a: Greninja|Greninja, M|100\/100\n|turn|10\n|\n|t:|1700344767\n|switch|p2a: Ogerpon|Ogerpon-Wellspring, F|100\/100\n|move|p1a: Greninja|Dark Pulse|p2a: Ogerpon\n|-start|p1a: Greninja|typechange|Dark|[from] ability: Protean\n|-damage|p2a: Ogerpon|35\/100\n|\n|upkeep\n|turn|11\n|\n|t:|1700344777\n|move|p1a: Greninja|Dark Pulse|p2a: Ogerpon\n|-damage|p2a: Ogerpon|0 fnt\n|faint|p2a: Ogerpon\n|\n|upkeep\n|\n|t:|1700344782\n|switch|p2a: Great Tusk|Great Tusk|100\/100\n|turn|12\n|\n|t:|1700344801\n|switch|p1a: Zapdos|Zapdos|100\/100\n|move|p2a: Great Tusk|Close Combat|p1a: Zapdos\n|-resisted|p1a: Zapdos\n|-damage|p1a: Zapdos|58\/100\n|-unboost|p2a: Great Tusk|def|1\n|-unboost|p2a: Great Tusk|spd|1\n|-status|p2a: Great Tusk|par|[from] ability: Static|[of] p1a: Zapdos\n|\n|upkeep\n|turn|13\n|\n|t:|1700344814\n|-end|p2a: Great Tusk|Protosynthesis|[silent]\n|switch|p2a: Cinderace|Cinderace, F|100\/100\n|move|p1a: Zapdos|Hurricane|p2a: Cinderace\n|-damage|p2a: Cinderace|32\/100\n|-start|p2a: Cinderace|confusion\n|\n|upkeep\n|turn|14\n|\n|t:|1700344821\n|-activate|p2a: Cinderace|confusion\n|move|p2a: Cinderace|Pyro Ball|p1a: Zapdos\n|-damage|p1a: Zapdos|6\/100\n|move|p1a: Zapdos|Hurricane|p2a: Cinderace|[miss]\n|-miss|p1a: Zapdos|p2a: Cinderace\n|\n|upkeep\n|turn|15\n|\n|t:|1700344828\n|-activate|p2a: Cinderace|confusion\n|move|p2a: Cinderace|U-turn|p1a: Zapdos\n|-start|p2a: Cinderace|typechange|Bug|[from] ability: Libero\n|-resisted|p1a: Zapdos\n|-damage|p1a: Zapdos|0 fnt\n|faint|p1a: Zapdos\n|\n|t:|1700344841\n|switch|p2a: Mandibuzz|Mandibuzz, F|39\/100|[from] U-turn\n|\n|upkeep\n|\n|t:|1700344848\n|switch|p1a: Sneasler|Sneasler, F|100\/100\n|turn|16\n|\n|t:|1700344871\n|-terastallize|p1a: Sneasler|Flying\n|-terastallize|p2a: Mandibuzz|Poison\n|move|p1a: Sneasler|Dire Claw|p2a: Mandibuzz\n|-resisted|p2a: Mandibuzz\n|-damage|p2a: Mandibuzz|26\/100\n|move|p2a: Mandibuzz|Roost|p2a: Mandibuzz\n|-heal|p2a: Mandibuzz|76\/100\n|\n|upkeep\n|turn|17\n|\n|t:|1700344882\n|move|p1a: Sneasler|Swords Dance|p1a: Sneasler\n|-boost|p1a: Sneasler|atk|2\n|move|p2a: Mandibuzz|Foul Play|p1a: Sneasler\n|-damage|p1a: Sneasler|0 fnt\n|faint|p1a: Sneasler\n|\n|upkeep\n|\n|t:|1700344887\n|switch|p1a: Greninja|Greninja, M|100\/100\n|turn|18\n|\n|t:|1700344898\n|move|p1a: Greninja|Ice Beam|p2a: Mandibuzz\n|-start|p1a: Greninja|typechange|Ice|[from] ability: Protean\n|-damage|p2a: Mandibuzz|26\/100\n|-status|p2a: Mandibuzz|frz\n|cant|p2a: Mandibuzz|frz\n|\n|upkeep\n|turn|19\n|\n|t:|1700344916\n|move|p1a: Greninja|Ice Beam|p2a: Mandibuzz\n|-damage|p2a: Mandibuzz|0 fnt\n|faint|p2a: Mandibuzz\n|\n|upkeep\n|\n|t:|1700344925\n|switch|p2a: Cinderace|Cinderace, F|32\/100\n|turn|20\n|\n|t:|1700344930\n|move|p2a: Cinderace|Sucker Punch|p1a: Greninja\n|-start|p2a: Cinderace|typechange|Dark|[from] ability: Libero\n|-damage|p1a: Greninja|40\/100\n|move|p1a: Greninja|Ice Beam|p2a: Cinderace\n|-damage|p2a: Cinderace|0 fnt\n|faint|p2a: Cinderace\n|\n|upkeep\n|\n|t:|1700344942\n|switch|p2a: Gholdengo|Gholdengo|87\/100\n|turn|21\n|\n|t:|1700344948\n|move|p1a: Greninja|Ice Beam|p2a: Gholdengo\n|-resisted|p2a: Gholdengo\n|-damage|p2a: Gholdengo|55\/100\n|-status|p2a: Gholdengo|frz\n|cant|p2a: Gholdengo|frz\n|\n|upkeep\n|turn|22\n|c|\u2606ooga booga awooga|HOW\n|c|\u2606ooga booga awooga|COME ON NOW\n|\n|t:|1700344961\n|move|p1a: Greninja|Ice Beam|p2a: Gholdengo\n|-resisted|p2a: Gholdengo\n|-damage|p2a: Gholdengo|20\/100 frz\n|cant|p2a: Gholdengo|frz\n|\n|upkeep\n|turn|23\n|c|\u2606SwordMaster3000|I thought ghold was immune to all status effects\n|\n|t:|1700344977\n|move|p1a: Greninja|Ice Beam|p2a: Gholdengo\n|-resisted|p2a: Gholdengo\n|-damage|p2a: Gholdengo|0 fnt\n|faint|p2a: Gholdengo\n|\n|upkeep\n|inactive|ooga booga awooga has 120 seconds left.\n|c|\u2606ooga booga awooga|it can still be hit by status conditions that come from attacks (llike the para from thunderbolt)\n|\n|t:|1700345018\n|switch|p2a: Great Tusk|Great Tusk|100\/100 par\n|turn|24\n|c|\u2606SwordMaster3000|Btw this is the perfect time to say ooga booga awooga\n|\n|t:|1700345029\n|move|p1a: Greninja|Ice Beam|p2a: Great Tusk\n|-supereffective|p2a: Great Tusk\n|-crit|p2a: Great Tusk\n|-damage|p2a: Great Tusk|0 fnt\n|faint|p2a: Great Tusk\n|-end|p2a: Great Tusk|Protosynthesis|[silent]\n|\n|win|SwordMaster3000\n|raw|SwordMaster3000's rating: 1220 &rarr; <strong>1252<\/strong><br \/>(+32 for winning)\n|raw|ooga booga awooga's rating: 1315 &rarr; <strong>1290<\/strong><br \/>(-25 for losing)\n|c|\u2606SwordMaster3000|Gg\n|c|\u2606ooga booga awooga|gg\n|c|\u2606ooga booga awooga|ooga\n|c|\u2606ooga booga awooga|booga\n|c|\u2606ooga booga awooga|awooga\n|l|\u2606ooga booga awooga\n|c|\u2606SwordMaster3000|Nice\n","uploadtime":1700345053,"views":14,"p1id":"swordmaster3000","p2id":"oogaboogaawooga","formatid":"gen9ou","rating":1252,"private":0,"password":""}