{"id":"gen9ou-1988253169","p1":"1owercase","p2":"FieldOfFlowers","format":"[Gen 9] OU","log":"|j|\u26061owercase\n|j|\u2606FieldOfFlowers\n|t:|1699695079\n|gametype|singles\n|player|p1|1owercase|flannery|1693\n|player|p2|FieldOfFlowers|sailor|1703\n|teamsize|p1|6\n|teamsize|p2|6\n|gen|9\n|tier|[Gen 9] OU\n|rated|\n|rule|Sleep Clause Mod: Limit one foe put to sleep\n|rule|Species Clause: Limit one of each Pok\u00e9mon\n|rule|OHKO Clause: OHKO moves are banned\n|rule|Evasion Items Clause: Evasion items are banned\n|rule|Evasion Moves Clause: Evasion moves are banned\n|rule|Endless Battle Clause: Forcing endless battles is banned\n|rule|HP Percentage Mod: HP is shown in percentages\n|clearpoke\n|poke|p1|Ogerpon, F|\n|poke|p1|Ninetales-Alola, M|\n|poke|p1|Iron Treads|\n|poke|p1|Gyarados, F|\n|poke|p1|Iron Valiant|\n|poke|p1|Gholdengo|\n|poke|p2|Ribombee, M|\n|poke|p2|Ninetales-Alola, F|\n|poke|p2|Great Tusk|\n|poke|p2|Zamazenta-*|\n|poke|p2|Maushold|\n|poke|p2|Ceruledge, M|\n|teampreview\n|inactive|Battle timer is ON: inactive players will automatically lose when time's up. (requested by 1owercase)\n|\n|t:|1699695105\n|start\n|switch|p1a: Iron Treads|Iron Treads|100\/100\n|switch|p2a: Ceruledge|Ceruledge, M|100\/100\n|-enditem|p1a: Iron Treads|Booster Energy\n|-activate|p1a: Iron Treads|ability: Quark Drive|[fromitem]\n|-start|p1a: Iron Treads|quarkdrivespe\n|turn|1\n|\n|t:|1699695112\n|move|p1a: Iron Treads|Stealth Rock|p2a: Ceruledge\n|-sidestart|p2: FieldOfFlowers|move: Stealth Rock\n|move|p2a: Ceruledge|Bitter Blade|p1a: Iron Treads\n|-supereffective|p1a: Iron Treads\n|-damage|p1a: Iron Treads|31\/100\n|\n|upkeep\n|turn|2\n|\n|t:|1699695129\n|move|p1a: Iron Treads|Earth Power|p2a: Ceruledge\n|-supereffective|p2a: Ceruledge\n|-damage|p2a: Ceruledge|28\/100\n|move|p2a: Ceruledge|Swords Dance|p2a: Ceruledge\n|-boost|p2a: Ceruledge|atk|2\n|\n|upkeep\n|turn|3\n|\n|t:|1699695145\n|move|p2a: Ceruledge|Shadow Sneak|p1a: Iron Treads\n|-damage|p1a: Iron Treads|0 fnt\n|faint|p1a: Iron Treads\n|-end|p1a: Iron Treads|Quark Drive|[silent]\n|\n|upkeep\n|\n|t:|1699695156\n|switch|p1a: Ninetales|Ninetales-Alola, M|100\/100\n|-weather|Snow|[from] ability: Snow Warning|[of] p1a: Ninetales\n|turn|4\n|\n|t:|1699695162\n|move|p1a: Ninetales|Encore|p2a: Ceruledge\n|-start|p2a: Ceruledge|Encore\n|move|p2a: Ceruledge|Shadow Sneak|p1a: Ninetales\n|-damage|p1a: Ninetales|69\/100\n|\n|-weather|Snow|[upkeep]\n|upkeep\n|turn|5\n|\n|t:|1699695181\n|switch|p2a: Ninetales|Ninetales-Alola, F|100\/100\n|-damage|p2a: Ninetales|76\/100|[from] Stealth Rock\n|move|p1a: Ninetales|Aurora Veil|p1a: Ninetales\n|-sidestart|p1: 1owercase|move: Aurora Veil\n|\n|-weather|Snow|[upkeep]\n|upkeep\n|turn|6\n|\n|t:|1699695196\n|switch|p1a: Ogerpon|Ogerpon, F|100\/100\n|move|p2a: Ninetales|Aurora Veil|p2a: Ninetales\n|-sidestart|p2: FieldOfFlowers|move: Aurora Veil\n|\n|-weather|Snow|[upkeep]\n|upkeep\n|turn|7\n|\n|t:|1699695216\n|switch|p2a: Ribombee|Ribombee, M|100\/100\n|-damage|p2a: Ribombee|75\/100|[from] Stealth Rock\n|move|p1a: Ogerpon|Ivy Cudgel|p2a: Ribombee\n|-resisted|p2a: Ribombee\n|-damage|p2a: Ribombee|56\/100\n|\n|-weather|Snow|[upkeep]\n|upkeep\n|turn|8\n|\n|t:|1699695227\n|switch|p1a: Gholdengo|Gholdengo|100\/100\n|-item|p1a: Gholdengo|Air Balloon\n|move|p2a: Ribombee|Quiver Dance|p2a: Ribombee\n|-boost|p2a: Ribombee|spa|1\n|-boost|p2a: Ribombee|spd|1\n|-boost|p2a: Ribombee|spe|1\n|\n|-weather|none\n|upkeep\n|turn|9\n|\n|t:|1699695246\n|move|p2a: Ribombee|Quiver Dance|p2a: Ribombee\n|-boost|p2a: Ribombee|spa|1\n|-boost|p2a: Ribombee|spd|1\n|-boost|p2a: Ribombee|spe|1\n|move|p1a: Gholdengo|Shadow Ball|p2a: Ribombee\n|-damage|p2a: Ribombee|43\/100\n|\n|upkeep\n|turn|10\n|j| Kyurem\n|\n|t:|1699695258\n|move|p2a: Ribombee|Draining Kiss|p1a: Gholdengo\n|-resisted|p1a: Gholdengo\n|-damage|p1a: Gholdengo|93\/100\n|-heal|p2a: Ribombee|49\/100|[from] drain|[of] p1a: Gholdengo\n|-enditem|p1a: Gholdengo|Air Balloon\n|move|p1a: Gholdengo|Make It Rain|p2a: Ribombee\n|-supereffective|p2a: Ribombee\n|-damage|p2a: Ribombee|11\/100\n|-unboost|p1a: Gholdengo|spa|1\n|-enditem|p2a: Ribombee|Weakness Policy\n|-boost|p2a: Ribombee|atk|2|[from] item: Weakness Policy\n|-boost|p2a: Ribombee|spa|2|[from] item: Weakness Policy\n|\n|upkeep\n|turn|11\n|\n|t:|1699695270\n|move|p2a: Ribombee|Stored Power|p1a: Gholdengo\n|-resisted|p1a: Gholdengo\n|-crit|p1a: Gholdengo\n|-damage|p1a: Gholdengo|0 fnt\n|faint|p1a: Gholdengo\n|\n|upkeep\n|-message|1owercase forfeited.\n|\n|win|FieldOfFlowers\n|raw|1owercase's rating: 1693 &rarr; <strong>1674<\/strong><br \/>(-19 for losing)\n|raw|FieldOfFlowers's rating: 1703 &rarr; <strong>1722<\/strong><br \/>(+19 for winning)\n|l|\u26061owercase\n","uploadtime":1699695285,"views":19,"p1id":"1owercase","p2id":"fieldofflowers","formatid":"gen9ou","rating":1674,"private":0,"password":""}