{"id":"gen9ou-1988692080","p1":"Dingles Apetitosis","p2":"TheSilvySilv","format":"[Gen 9] OU","log":"|j|\u2606Dingles Apetitosis\n|j|\u2606TheSilvySilv\n|t:|1699751290\n|gametype|singles\n|player|p1|Dingles Apetitosis|1|1796\n|player|p2|TheSilvySilv|ghetsis|1736\n|teamsize|p1|6\n|teamsize|p2|6\n|gen|9\n|tier|[Gen 9] OU\n|rated|\n|rule|Sleep Clause Mod: Limit one foe put to sleep\n|rule|Species Clause: Limit one of each Pok\u00e9mon\n|rule|OHKO Clause: OHKO moves are banned\n|rule|Evasion Items Clause: Evasion items are banned\n|rule|Evasion Moves Clause: Evasion moves are banned\n|rule|Endless Battle Clause: Forcing endless battles is banned\n|rule|HP Percentage Mod: HP is shown in percentages\n|clearpoke\n|poke|p1|Iron Valiant|\n|poke|p1|Moltres-Galar|\n|poke|p1|Dragapult, F|\n|poke|p1|Ogerpon-Wellspring, F|\n|poke|p1|Torterra, F|\n|poke|p1|Enamorus, F|\n|poke|p2|Rillaboom, M|\n|poke|p2|Heatran, F|\n|poke|p2|Sneasler, M|\n|poke|p2|Ogerpon-Wellspring, F|\n|poke|p2|Dragapult, F|\n|poke|p2|Hatterene, F|\n|teampreview\n|inactive|Battle timer is ON: inactive players will automatically lose when time's up. (requested by TheSilvySilv)\n|j| Amamoto Rui\n|\n|t:|1699751324\n|start\n|switch|p1a: Dragapult|Dragapult, F|100\/100\n|switch|p2a: Drop a DracoTM|Dragapult, F|100\/100\n|turn|1\n|\n|t:|1699751331\n|move|p1a: Dragapult|Dragon Darts|p2a: Drop a DracoTM\n|-supereffective|p2a: Drop a DracoTM\n|-damage|p2a: Drop a DracoTM|46\/100\n|-anim|p1a: Dragapult|Dragon Darts|p2a: Drop a DracoTM\n|-supereffective|p2a: Drop a DracoTM\n|-damage|p2a: Drop a DracoTM|0 fnt\n|faint|p2a: Drop a DracoTM\n|\n|upkeep\n|c|\u2606TheSilvySilv|Love this game\n|\n|t:|1699751344\n|switch|p2a: DPP OU|Heatran, F|100\/100\n|turn|2\n|j| Zombini62\n|\n|t:|1699751349\n|move|p1a: Dragapult|Light Screen|p1a: Dragapult\n|-sidestart|p1: Dingles Apetitosis|move: Light Screen\n|move|p2a: DPP OU|Magma Storm|p1a: Dragapult\n|-resisted|p1a: Dragapult\n|-damage|p1a: Dragapult|88\/100\n|-activate|p1a: Dragapult|move: Magma Storm|[of] p2a: DPP OU\n|\n|-damage|p1a: Dragapult|76\/100|[from] move: Magma Storm|[partiallytrapped]\n|upkeep\n|turn|3\n|\n|t:|1699751354\n|move|p1a: Dragapult|Curse|p2a: DPP OU\n|-start|p2a: DPP OU|Curse|[of] p1a: Dragapult\n|-damage|p1a: Dragapult|26\/100\n|move|p2a: DPP OU|Stealth Rock|p1a: Dragapult\n|-sidestart|p1: Dingles Apetitosis|move: Stealth Rock\n|\n|-damage|p2a: DPP OU|75\/100|[from] Curse\n|-damage|p1a: Dragapult|14\/100|[from] move: Magma Storm|[partiallytrapped]\n|upkeep\n|turn|4\n|j| cvvyyuyu656ererw\n|\n|t:|1699751360\n|switch|p2a: Ima Hat|Hatterene, F|100\/100\n|move|p1a: Dragapult|Reflect|p1a: Dragapult\n|-sidestart|p1: Dingles Apetitosis|Reflect\n|\n|-end|p1a: Dragapult|Magma Storm|[partiallytrapped]|[silent]\n|upkeep\n|turn|5\n|\n|t:|1699751368\n|move|p1a: Dragapult|Curse|p2a: Ima Hat\n|-start|p2a: Ima Hat|Curse|[of] p1a: Dragapult\n|-damage|p1a: Dragapult|0 fnt\n|faint|p1a: Dragapult\n|move|p2a: Ima Hat|Calm Mind|p2a: Ima Hat\n|-boost|p2a: Ima Hat|spa|1\n|-boost|p2a: Ima Hat|spd|1\n|\n|-damage|p2a: Ima Hat|76\/100|[from] Curse\n|upkeep\n|\n|t:|1699751375\n|switch|p1a: Ogerpon|Ogerpon-Wellspring, F|100\/100\n|-damage|p1a: Ogerpon|88\/100|[from] Stealth Rock\n|turn|6\n|\n|t:|1699751380\n|move|p1a: Ogerpon|Swords Dance|p1a: Ogerpon\n|-boost|p1a: Ogerpon|atk|2\n|move|p2a: Ima Hat|Nuzzle|p1a: Ogerpon\n|-damage|p1a: Ogerpon|86\/100\n|-status|p1a: Ogerpon|par\n|\n|-damage|p2a: Ima Hat|51\/100|[from] Curse\n|upkeep\n|turn|7\n|\n|t:|1699751384\n|switch|p2a: BOOM BOOM BOOM|Rillaboom, M|100\/100\n|-fieldstart|move: Grassy Terrain|[from] ability: Grassy Surge|[of] p2a: BOOM BOOM BOOM\n|cant|p1a: Ogerpon|par\n|\n|-heal|p1a: Ogerpon|92\/100 par|[from] Grassy Terrain\n|upkeep\n|turn|8\n|\n|t:|1699751389\n|move|p2a: BOOM BOOM BOOM|U-turn|p1a: Ogerpon\n|-supereffective|p1a: Ogerpon\n|-damage|p1a: Ogerpon|49\/100 par\n|-damage|p2a: BOOM BOOM BOOM|91\/100|[from] item: Life Orb\n|\n|t:|1699751396\n|switch|p2a: DPP OU|Heatran, F|75\/100|[from] U-turn\n|move|p1a: Ogerpon|Ivy Cudgel|p2a: DPP OU\n|-supereffective|p2a: DPP OU\n|-damage|p2a: DPP OU|0 fnt\n|faint|p2a: DPP OU\n|\n|-heal|p1a: Ogerpon|55\/100 par|[from] Grassy Terrain\n|upkeep\n|\n|t:|1699751398\n|switch|p2a: HEY SQUIDWARD|Ogerpon-Wellspring, F|100\/100\n|turn|9\n|j| Criticos\n|\n|t:|1699751401\n|move|p2a: HEY SQUIDWARD|Encore|p1a: Ogerpon\n|-start|p1a: Ogerpon|Encore\n|move|p1a: Ogerpon|Ivy Cudgel|p2a: HEY SQUIDWARD\n|-immune|p2a: HEY SQUIDWARD|[from] ability: Water Absorb\n|\n|-heal|p1a: Ogerpon|61\/100 par|[from] Grassy Terrain\n|-sideend|p1: Dingles Apetitosis|move: Light Screen\n|upkeep\n|turn|10\n|\n|t:|1699751407\n|switch|p1a: Torterra|Torterra, F|100\/100\n|-damage|p1a: Torterra|94\/100|[from] Stealth Rock\n|move|p2a: HEY SQUIDWARD|Swords Dance|p2a: HEY SQUIDWARD\n|-boost|p2a: HEY SQUIDWARD|atk|2\n|\n|-heal|p1a: Torterra|100\/100|[from] Grassy Terrain\n|upkeep\n|turn|11\n|j| Tabata Tandemaus\n|\n|t:|1699751418\n|move|p2a: HEY SQUIDWARD|Power Whip|p1a: Torterra\n|-damage|p1a: Torterra|8\/100\n|move|p1a: Torterra|Shell Smash|p1a: Torterra\n|-unboost|p1a: Torterra|def|1\n|-unboost|p1a: Torterra|spd|1\n|-boost|p1a: Torterra|atk|2\n|-boost|p1a: Torterra|spa|2\n|-boost|p1a: Torterra|spe|2\n|\n|-heal|p1a: Torterra|14\/100|[from] Grassy Terrain\n|-sideend|p1: Dingles Apetitosis|Reflect\n|-fieldend|move: Grassy Terrain\n|upkeep\n|turn|12\n|l| Criticos\n|\n|t:|1699751427\n|switch|p2a: Ima Hat|Hatterene, F|51\/100\n|move|p1a: Torterra|Bullet Seed|p2a: Ima Hat\n|-damage|p2a: Ima Hat|29\/100\n|-damage|p2a: Ima Hat|6\/100\n|-damage|p2a: Ima Hat|0 fnt\n|faint|p2a: Ima Hat\n|-hitcount|p2: Ima Hat|3\n|\n|upkeep\n|\n|t:|1699751429\n|switch|p2a: BOOM BOOM BOOM|Rillaboom, M|91\/100\n|-fieldstart|move: Grassy Terrain|[from] ability: Grassy Surge|[of] p2a: BOOM BOOM BOOM\n|turn|13\n|j| CutePokesOnly\n|\n|t:|1699751434\n|move|p2a: BOOM BOOM BOOM|Grassy Glide|p1a: Torterra\n|-damage|p1a: Torterra|0 fnt\n|faint|p1a: Torterra\n|-damage|p2a: BOOM BOOM BOOM|81\/100|[from] item: Life Orb\n|\n|-heal|p2a: BOOM BOOM BOOM|87\/100|[from] Grassy Terrain\n|upkeep\n|\n|t:|1699751439\n|switch|p1a: Enamorus|Enamorus, F|100\/100\n|turn|14\n|\n|t:|1699751445\n|move|p1a: Enamorus|Moonblast|p2a: BOOM BOOM BOOM\n|-damage|p2a: BOOM BOOM BOOM|16\/100\n|move|p2a: BOOM BOOM BOOM|U-turn|p1a: Enamorus\n|-resisted|p1a: Enamorus\n|-damage|p1a: Enamorus|89\/100\n|-start|p2a: BOOM BOOM BOOM|Attract|[from] ability: Cute Charm|[of] p1a: Enamorus\n|-damage|p2a: BOOM BOOM BOOM|6\/100|[from] item: Life Orb\n|\n|t:|1699751452\n|switch|p2a: 50%|Sneasler, M|100\/100|[from] U-turn\n|-enditem|p2a: 50%|Grassy Seed\n|-boost|p2a: 50%|def|1|[from] item: Grassy Seed\n|\n|upkeep\n|turn|15\n|\n|t:|1699751462\n|-terastallize|p1a: Enamorus|Ground\n|move|p2a: 50%|Dire Claw|p1a: Enamorus\n|-resisted|p1a: Enamorus\n|-damage|p1a: Enamorus|56\/100\n|move|p1a: Enamorus|Earth Power|p2a: 50%\n|-supereffective|p2a: 50%\n|-damage|p2a: 50%|0 fnt\n|faint|p2a: 50%\n|\n|-heal|p1a: Enamorus|62\/100|[from] Grassy Terrain\n|upkeep\n|\n|t:|1699751467\n|switch|p2a: HEY SQUIDWARD|Ogerpon-Wellspring, F|100\/100\n|turn|16\n|\n|t:|1699751479\n|move|p2a: HEY SQUIDWARD|Ivy Cudgel|p1a: Enamorus\n|-supereffective|p1a: Enamorus\n|-crit|p1a: Enamorus\n|-damage|p1a: Enamorus|0 fnt\n|faint|p1a: Enamorus\n|\n|upkeep\n|\n|t:|1699751485\n|switch|p1a: Moltres|Moltres-Galar|100\/100\n|-damage|p1a: Moltres|76\/100|[from] Stealth Rock\n|turn|17\n|\n|t:|1699751498\n|-terastallize|p2a: HEY SQUIDWARD|Water\n|detailschange|p2a: HEY SQUIDWARD|Ogerpon-Wellspring-Tera, F, tera:Water\n|-ability|p2a: HEY SQUIDWARD|Embody Aspect (Wellspring)|boost\n|-boost|p2a: HEY SQUIDWARD|spd|1\n|move|p2a: HEY SQUIDWARD|Swords Dance|p2a: HEY SQUIDWARD\n|-boost|p2a: HEY SQUIDWARD|atk|2\n|move|p1a: Moltres|Fiery Wrath|p2a: HEY SQUIDWARD\n|-damage|p2a: HEY SQUIDWARD|64\/100\n|\n|-heal|p2a: HEY SQUIDWARD|70\/100|[from] Grassy Terrain\n|-fieldend|move: Grassy Terrain\n|upkeep\n|turn|18\n|\n|t:|1699751505\n|move|p2a: HEY SQUIDWARD|Ivy Cudgel|p1a: Moltres\n|-damage|p1a: Moltres|0 fnt\n|faint|p1a: Moltres\n|\n|upkeep\n|\n|t:|1699751510\n|switch|p1a: Iron Valiant|Iron Valiant|100\/100\n|-damage|p1a: Iron Valiant|94\/100|[from] Stealth Rock\n|-enditem|p1a: Iron Valiant|Booster Energy\n|-activate|p1a: Iron Valiant|ability: Quark Drive|[fromitem]\n|-start|p1a: Iron Valiant|quarkdrivespe\n|turn|19\n|\n|t:|1699751513\n|move|p1a: Iron Valiant|Close Combat|p2a: HEY SQUIDWARD\n|-damage|p2a: HEY SQUIDWARD|0 fnt\n|-unboost|p1a: Iron Valiant|def|1\n|-unboost|p1a: Iron Valiant|spd|1\n|faint|p2a: HEY SQUIDWARD\n|\n|upkeep\n|\n|t:|1699751516\n|switch|p2a: BOOM BOOM BOOM|Rillaboom, M|6\/100\n|-fieldstart|move: Grassy Terrain|[from] ability: Grassy Surge|[of] p2a: BOOM BOOM BOOM\n|turn|20\n|\n|t:|1699751518\n|move|p2a: BOOM BOOM BOOM|Grassy Glide|p1a: Iron Valiant\n|-damage|p1a: Iron Valiant|1\/100\n|-damage|p2a: BOOM BOOM BOOM|0 fnt|[from] item: Life Orb\n|faint|p2a: BOOM BOOM BOOM\n|\n|win|Dingles Apetitosis\n|raw|Dingles Apetitosis's rating: 1796 &rarr; <strong>1813<\/strong><br \/>(+17 for winning)\n|raw|TheSilvySilv's rating: 1736 &rarr; <strong>1719<\/strong><br \/>(-17 for losing)\n|l|\u2606TheSilvySilv\n","uploadtime":1699751534,"views":13,"p1id":"dinglesapetitosis","p2id":"thesilvysilv","formatid":"gen9ou","rating":1719,"private":0,"password":""}