{"id":"gen9ou-2000042041","p1":"Swizzo12","p2":"RepeatUntilTired4","format":"[Gen 9] OU","log":"|j|\u2606Swizzo12\n|j|\u2606RepeatUntilTired4\n|t:|1701145005\n|gametype|singles\n|player|p1|Swizzo12|265|1406\n|player|p2|RepeatUntilTired4|marlon|1351\n|teamsize|p1|6\n|teamsize|p2|6\n|gen|9\n|tier|[Gen 9] OU\n|rated|\n|rule|Sleep Clause Mod: Limit one foe put to sleep\n|rule|Species Clause: Limit one of each Pok\u00e9mon\n|rule|OHKO Clause: OHKO moves are banned\n|rule|Evasion Items Clause: Evasion items are banned\n|rule|Evasion Moves Clause: Evasion moves are banned\n|rule|Endless Battle Clause: Forcing endless battles is banned\n|rule|HP Percentage Mod: HP is shown in percentages\n|clearpoke\n|poke|p1|Lucario, M|\n|poke|p1|Landorus-Therian, M|\n|poke|p1|Tornadus-Therian, M|\n|poke|p1|Tyranitar, M|\n|poke|p1|Ceruledge, M|\n|poke|p1|Walking Wake|\n|poke|p2|Basculegion, M|\n|poke|p2|Magnezone|\n|poke|p2|Salamence, M|\n|poke|p2|Pelipper, M|\n|poke|p2|Iron Treads|\n|poke|p2|Samurott-Hisui, M|\n|teampreview\n|inactive|Battle timer is ON: inactive players will automatically lose when time's up. (requested by Swizzo12)\n|\n|t:|1701145013\n|start\n|switch|p1a: Tornadus|Tornadus-Therian, M|100\/100\n|switch|p2a: BigDaddyPel|Pelipper, M|100\/100\n|-weather|RainDance|[from] ability: Drizzle|[of] p2a: BigDaddyPel\n|turn|1\n|\n|t:|1701145019\n|switch|p2a: Droideka|Iron Treads|100\/100\n|move|p1a: Tornadus|Bleakwind Storm|p2a: Droideka\n|-resisted|p2a: Droideka\n|-damage|p2a: Droideka|82\/100\n|-unboost|p2a: Droideka|spe|1\n|\n|-weather|RainDance|[upkeep]\n|-heal|p2a: Droideka|88\/100|[from] item: Leftovers\n|upkeep\n|turn|2\n|\n|t:|1701145028\n|switch|p1a: Landorus|Landorus-Therian, M|100\/100\n|-ability|p1a: Landorus|Intimidate|boost\n|-unboost|p2a: Droideka|atk|1\n|move|p2a: Droideka|Stealth Rock|p1a: Landorus\n|-sidestart|p1: Swizzo12|move: Stealth Rock\n|\n|-weather|RainDance|[upkeep]\n|-heal|p2a: Droideka|94\/100|[from] item: Leftovers\n|upkeep\n|turn|3\n|\n|t:|1701145037\n|-end|p2a: Droideka|Quark Drive|[silent]\n|switch|p2a: Him|Salamence, M|100\/100\n|-ability|p2a: Him|Intimidate|boost\n|-unboost|p1a: Landorus|atk|1\n|move|p1a: Landorus|U-turn|p2a: Him\n|-resisted|p2a: Him\n|-damage|p2a: Him|89\/100\n|\n|t:|1701145043\n|switch|p1a: Walking Wake|Walking Wake|100\/100|[from] U-turn\n|-damage|p1a: Walking Wake|88\/100|[from] Stealth Rock\n|\n|-weather|RainDance|[upkeep]\n|upkeep\n|turn|4\n|\n|t:|1701145053\n|switch|p2a: Droideka|Iron Treads|94\/100\n|move|p1a: Walking Wake|Hydro Steam|p2a: Droideka\n|-supereffective|p2a: Droideka\n|-damage|p2a: Droideka|0 fnt\n|faint|p2a: Droideka\n|-end|p2a: Droideka|Quark Drive|[silent]\n|\n|-weather|RainDance|[upkeep]\n|upkeep\n|\n|t:|1701145067\n|switch|p2a: Dauntless|Samurott-Hisui, M|100\/100\n|turn|5\n|\n|t:|1701145076\n|move|p1a: Walking Wake|Hydro Steam|p2a: Dauntless\n|-resisted|p2a: Dauntless\n|-damage|p2a: Dauntless|33\/100\n|move|p2a: Dauntless|Ceaseless Edge|p1a: Walking Wake\n|-damage|p1a: Walking Wake|39\/100\n|-sidestart|p1: Swizzo12|Spikes\n|\n|-weather|RainDance|[upkeep]\n|upkeep\n|turn|6\n|\n|t:|1701145085\n|move|p2a: Dauntless|Aqua Jet|p1a: Walking Wake\n|-resisted|p1a: Walking Wake\n|-damage|p1a: Walking Wake|30\/100\n|move|p1a: Walking Wake|Hydro Steam|p2a: Dauntless\n|-resisted|p2a: Dauntless\n|-damage|p2a: Dauntless|0 fnt\n|faint|p2a: Dauntless\n|\n|-weather|RainDance|[upkeep]\n|upkeep\n|\n|t:|1701145093\n|switch|p2a: KingSalmon|Basculegion, M|100\/100\n|turn|7\n|\n|t:|1701145103\n|-end|p1a: Walking Wake|Protosynthesis|[silent]\n|switch|p1a: Tyranitar|Tyranitar, M|100\/100\n|-damage|p1a: Tyranitar|88\/100|[from] Stealth Rock\n|-damage|p1a: Tyranitar|76\/100|[from] Spikes\n|-weather|Sandstorm|[from] ability: Sand Stream|[of] p1a: Tyranitar\n|move|p2a: KingSalmon|Wave Crash|p1a: Tyranitar\n|-supereffective|p1a: Tyranitar\n|-damage|p1a: Tyranitar|0 fnt\n|faint|p1a: Tyranitar\n|-damage|p2a: KingSalmon|74\/100|[from] Recoil\n|\n|-weather|Sandstorm|[upkeep]\n|-damage|p2a: KingSalmon|68\/100|[from] Sandstorm\n|upkeep\n|\n|t:|1701145119\n|switch|p1a: Ceruledge|Ceruledge, M, shiny|100\/100\n|-damage|p1a: Ceruledge|76\/100|[from] Stealth Rock\n|-damage|p1a: Ceruledge|63\/100|[from] Spikes\n|turn|8\n|\n|t:|1701145125\n|-terastallize|p1a: Ceruledge|Grass\n|-terastallize|p2a: KingSalmon|Water\n|move|p1a: Ceruledge|Swords Dance|p1a: Ceruledge\n|-boost|p1a: Ceruledge|atk|2\n|move|p2a: KingSalmon|Wave Crash|p1a: Ceruledge\n|-resisted|p1a: Ceruledge\n|-damage|p1a: Ceruledge|0 fnt\n|faint|p1a: Ceruledge\n|-damage|p2a: KingSalmon|52\/100|[from] Recoil\n|\n|-weather|Sandstorm|[upkeep]\n|-damage|p2a: KingSalmon|46\/100|[from] Sandstorm\n|upkeep\n|\n|t:|1701145137\n|switch|p1a: Tornadus|Tornadus-Therian, M|100\/100\n|turn|9\n|\n|t:|1701145140\n|switch|p2a: BigDaddyPel|Pelipper, M|100\/100\n|-weather|RainDance|[from] ability: Drizzle|[of] p2a: BigDaddyPel\n|move|p1a: Tornadus|Bleakwind Storm|p2a: BigDaddyPel\n|-damage|p2a: BigDaddyPel|56\/100\n|\n|-weather|RainDance|[upkeep]\n|upkeep\n|turn|10\n|\n|t:|1701145148\n|move|p1a: Tornadus|Bleakwind Storm|p2a: BigDaddyPel\n|-damage|p2a: BigDaddyPel|10\/100\n|move|p2a: BigDaddyPel|U-turn|p1a: Tornadus\n|-resisted|p1a: Tornadus\n|-crit|p1a: Tornadus\n|-damage|p1a: Tornadus|92\/100\n|\n|t:|1701145169\n|switch|p2a: KingSalmon|Basculegion, M, tera:Water|46\/100|[from] U-turn\n|\n|-weather|RainDance|[upkeep]\n|upkeep\n|turn|11\n|\n|t:|1701145175\n|switch|p1a: Walking Wake|Walking Wake|30\/100\n|-damage|p1a: Walking Wake|17\/100|[from] Stealth Rock\n|-damage|p1a: Walking Wake|5\/100|[from] Spikes\n|move|p2a: KingSalmon|Wave Crash|p1a: Walking Wake\n|-resisted|p1a: Walking Wake\n|-damage|p1a: Walking Wake|0 fnt\n|faint|p1a: Walking Wake\n|-end|p1a: Walking Wake|Protosynthesis|[silent]\n|-damage|p2a: KingSalmon|45\/100|[from] Recoil\n|\n|-weather|RainDance|[upkeep]\n|upkeep\n|\n|t:|1701145188\n|switch|p1a: Lucario|Lucario, M, shiny|100\/100\n|-damage|p1a: Lucario|98\/100|[from] Stealth Rock\n|-damage|p1a: Lucario|85\/100|[from] Spikes\n|turn|12\n|\n|t:|1701145196\n|switch|p2a: BigDaddyPel|Pelipper, M|10\/100\n|move|p1a: Lucario|Extreme Speed|p2a: BigDaddyPel\n|-damage|p2a: BigDaddyPel|0 fnt\n|faint|p2a: BigDaddyPel\n|-damage|p1a: Lucario|75\/100|[from] item: Life Orb\n|\n|-weather|RainDance|[upkeep]\n|upkeep\n|\n|t:|1701145209\n|switch|p2a: Him|Salamence, M|89\/100\n|-ability|p2a: Him|Intimidate|boost\n|-unboost|p1a: Lucario|atk|1\n|turn|13\n|\n|t:|1701145216\n|move|p1a: Lucario|Swords Dance|p1a: Lucario\n|-boost|p1a: Lucario|atk|2\n|move|p2a: Him|Dragon Dance|p2a: Him\n|-boost|p2a: Him|atk|1\n|-boost|p2a: Him|spe|1\n|\n|-weather|RainDance|[upkeep]\n|upkeep\n|turn|14\n|\n|t:|1701145223\n|switch|p1a: Landorus|Landorus-Therian, M|100\/100\n|-damage|p1a: Landorus|88\/100|[from] Stealth Rock\n|-ability|p1a: Landorus|Intimidate|boost\n|-unboost|p2a: Him|atk|1\n|move|p2a: Him|Earthquake|p1a: Landorus\n|-immune|p1a: Landorus\n|\n|-weather|RainDance|[upkeep]\n|upkeep\n|turn|15\n|\n|t:|1701145233\n|move|p1a: Landorus|Stone Edge|p2a: Him|[miss]\n|-miss|p1a: Landorus|p2a: Him\n|move|p2a: Him|Roost|p2a: Him\n|-heal|p2a: Him|100\/100\n|-singleturn|p2a: Him|move: Roost\n|\n|-weather|RainDance|[upkeep]\n|upkeep\n|turn|16\n|\n|t:|1701145243\n|switch|p2a: ArchFlash|Magnezone|100\/100\n|move|p1a: Landorus|Stone Edge|p2a: ArchFlash\n|-resisted|p2a: ArchFlash\n|-damage|p2a: ArchFlash|81\/100\n|\n|-weather|none\n|upkeep\n|turn|17\n|\n|t:|1701145255\n|switch|p1a: Lucario|Lucario, M, shiny|75\/100\n|-damage|p1a: Lucario|72\/100|[from] Stealth Rock\n|-damage|p1a: Lucario|60\/100|[from] Spikes\n|move|p2a: ArchFlash|Flash Cannon|p1a: Lucario\n|-resisted|p1a: Lucario\n|-damage|p1a: Lucario|5\/100\n|\n|upkeep\n|turn|18\n|\n|t:|1701145277\n|switch|p2a: Him|Salamence, M|100\/100\n|-ability|p2a: Him|Intimidate|boost\n|-unboost|p1a: Lucario|atk|1\n|move|p1a: Lucario|Close Combat|p2a: Him\n|-resisted|p2a: Him\n|-damage|p2a: Him|69\/100\n|-unboost|p1a: Lucario|def|1\n|-unboost|p1a: Lucario|spd|1\n|-damage|p1a: Lucario|0 fnt|[from] item: Life Orb\n|faint|p1a: Lucario\n|\n|upkeep\n|\n|t:|1701145287\n|switch|p1a: Tornadus|Tornadus-Therian, M|100\/100\n|turn|19\n|\n|t:|1701145299\n|move|p1a: Tornadus|Bleakwind Storm|p2a: Him\n|-damage|p2a: Him|16\/100\n|move|p2a: Him|Dragon Dance|p2a: Him\n|-boost|p2a: Him|atk|1\n|-boost|p2a: Him|spe|1\n|\n|upkeep\n|turn|20\n|\n|t:|1701145306\n|move|p2a: Him|Dual Wingbeat|p1a: Tornadus|[miss]\n|-miss|p2a: Him|p1a: Tornadus\n|move|p1a: Tornadus|Bleakwind Storm|p2a: Him\n|-damage|p2a: Him|0 fnt\n|faint|p2a: Him\n|\n|upkeep\n|\n|t:|1701145313\n|switch|p2a: ArchFlash|Magnezone|81\/100\n|turn|21\n|\n|t:|1701145317\n|move|p1a: Tornadus|U-turn|p2a: ArchFlash\n|-resisted|p2a: ArchFlash\n|-damage|p2a: ArchFlash|73\/100\n|\n|t:|1701145319\n|switch|p1a: Landorus|Landorus-Therian, M|88\/100|[from] U-turn\n|-damage|p1a: Landorus|76\/100|[from] Stealth Rock\n|-ability|p1a: Landorus|Intimidate|boost\n|-unboost|p2a: ArchFlash|atk|1\n|move|p2a: ArchFlash|Flash Cannon|p1a: Landorus\n|-damage|p1a: Landorus|0 fnt\n|faint|p1a: Landorus\n|\n|upkeep\n|\n|t:|1701145325\n|switch|p1a: Tornadus|Tornadus-Therian, M|100\/100\n|turn|22\n|\n|t:|1701145338\n|move|p1a: Tornadus|Heat Wave|p2a: ArchFlash\n|-supereffective|p2a: ArchFlash\n|-damage|p2a: ArchFlash|1\/100\n|move|p2a: ArchFlash|Flash Cannon|p1a: Tornadus\n|-damage|p1a: Tornadus|14\/100\n|\n|upkeep\n|turn|23\n|\n|t:|1701145343\n|move|p1a: Tornadus|Heat Wave|p2a: ArchFlash\n|-supereffective|p2a: ArchFlash\n|-damage|p2a: ArchFlash|0 fnt\n|faint|p2a: ArchFlash\n|\n|upkeep\n|\n|t:|1701145347\n|switch|p2a: KingSalmon|Basculegion, M, tera:Water|45\/100\n|turn|24\n|\n|t:|1701145350\n|move|p2a: KingSalmon|Aqua Jet|p1a: Tornadus\n|-damage|p1a: Tornadus|0 fnt\n|faint|p1a: Tornadus\n|\n|win|RepeatUntilTired4\n|raw|Swizzo12's rating: 1406 &rarr; <strong>1383<\/strong><br \/>(-23 for losing)\n|raw|RepeatUntilTired4's rating: 1351 &rarr; <strong>1374<\/strong><br \/>(+23 for winning)\n|l|\u2606Swizzo12\n","uploadtime":1701145358,"views":11,"p1id":"swizzo12","p2id":"repeatuntiltired4","formatid":"gen9ou","rating":1374,"private":0,"password":""}