{"id":"gen9ou-2000257236","p1":"Power Panpour","p2":"Adoryan123456","format":"[Gen 9] OU","log":"|j|\u2606Power Panpour\n|j|\u2606Adoryan123456\n|t:|1701178356\n|gametype|singles\n|player|p1|Power Panpour|ingo|1220\n|player|p2|Adoryan123456|red|1174\n|teamsize|p1|6\n|teamsize|p2|6\n|gen|9\n|tier|[Gen 9] OU\n|rated|\n|rule|Sleep Clause Mod: Limit one foe put to sleep\n|rule|Species Clause: Limit one of each Pok\u00e9mon\n|rule|OHKO Clause: OHKO moves are banned\n|rule|Evasion Items Clause: Evasion items are banned\n|rule|Evasion Moves Clause: Evasion moves are banned\n|rule|Endless Battle Clause: Forcing endless battles is banned\n|rule|HP Percentage Mod: HP is shown in percentages\n|clearpoke\n|poke|p1|Volcanion|\n|poke|p1|Landorus-Therian, M|\n|poke|p1|Gholdengo|\n|poke|p1|Iron Valiant|\n|poke|p1|Ogerpon-Wellspring, F|\n|poke|p1|Enamorus, F|\n|poke|p2|Pikachu-Original, M|\n|poke|p2|Greninja-*, M|\n|poke|p2|Gengar, F|\n|poke|p2|Snorlax, F|\n|poke|p2|Charizard, M|\n|poke|p2|Dragonite, F|\n|teampreview\n|inactive|Battle timer is ON: inactive players will automatically lose when time's up. (requested by Power Panpour)\n|c|\u2606Power Panpour|Cringe\n|\n|t:|1701178369\n|start\n|switch|p1a: My waifu|Volcanion|100\/100\n|switch|p2a: Charizard|Charizard, M, shiny|100\/100\n|turn|1\n|c|\u2606Adoryan123456|?\n|\n|t:|1701178376\n|move|p2a: Charizard|Belly Drum|p2a: Charizard\n|-damage|p2a: Charizard|50\/100\n|-setboost|p2a: Charizard|atk|6|[from] move: Belly Drum\n|-enditem|p2a: Charizard|Sitrus Berry|[eat]\n|-heal|p2a: Charizard|75\/100|[from] item: Sitrus Berry\n|move|p1a: My waifu|Liquidation|p2a: Charizard\n|-supereffective|p2a: Charizard\n|-damage|p2a: Charizard|0 fnt\n|faint|p2a: Charizard\n|\n|upkeep\n|\n|t:|1701178387\n|switch|p2a: Pikachu|Pikachu-Original, M|100\/100\n|turn|2\n|\n|t:|1701178391\n|switch|p1a: Slandorus|Landorus-Therian, M|100\/100\n|-ability|p1a: Slandorus|Intimidate|boost\n|-unboost|p2a: Pikachu|atk|1\n|move|p2a: Pikachu|Thunder|p1a: Slandorus\n|-immune|p1a: Slandorus\n|\n|upkeep\n|turn|3\n|\n|t:|1701178398\n|-terastallize|p2a: Pikachu|Water\n|move|p1a: Slandorus|Stealth Rock|p2a: Pikachu\n|-sidestart|p2: Adoryan123456|move: Stealth Rock\n|move|p2a: Pikachu|Surf|p1a: Slandorus\n|-supereffective|p1a: Slandorus\n|-damage|p1a: Slandorus|0 fnt\n|faint|p1a: Slandorus\n|\n|upkeep\n|\n|t:|1701178405\n|switch|p1a: Pronouns: Activate|Iron Valiant|100\/100\n|turn|4\n|\n|t:|1701178413\n|switch|p2a: Snorlax|Snorlax, F|100\/100\n|-damage|p2a: Snorlax|88\/100|[from] Stealth Rock\n|move|p1a: Pronouns: Activate|Moonblast|p2a: Snorlax\n|-damage|p2a: Snorlax|45\/100\n|-unboost|p2a: Snorlax|spa|1\n|-damage|p1a: Pronouns: Activate|91\/100|[from] item: Life Orb\n|\n|-heal|p2a: Snorlax|51\/100|[from] item: Leftovers\n|upkeep\n|turn|5\n|\n|t:|1701178424\n|move|p2a: Snorlax|Protect|p2a: Snorlax\n|-singleturn|p2a: Snorlax|Protect\n|move|p1a: Pronouns: Activate|Close Combat|p2a: Snorlax\n|-activate|p2a: Snorlax|move: Protect\n|\n|-heal|p2a: Snorlax|58\/100|[from] item: Leftovers\n|upkeep\n|turn|6\n|\n|t:|1701178436\n|move|p1a: Pronouns: Activate|Close Combat|p2a: Snorlax\n|-supereffective|p2a: Snorlax\n|-damage|p2a: Snorlax|0 fnt\n|-unboost|p1a: Pronouns: Activate|def|1\n|-unboost|p1a: Pronouns: Activate|spd|1\n|faint|p2a: Snorlax\n|-damage|p1a: Pronouns: Activate|81\/100|[from] item: Life Orb\n|\n|upkeep\n|\n|t:|1701178452\n|switch|p2a: Dragonite|Dragonite, F|100\/100\n|-damage|p2a: Dragonite|76\/100|[from] Stealth Rock\n|turn|7\n|c|\u2606Power Panpour|Find some real team members, like Alomomola, or Ting-Lu\n|inactive|Power Panpour has 120 seconds left.\n|\n|t:|1701178482\n|move|p2a: Dragonite|Extreme Speed|p1a: Pronouns: Activate\n|-damage|p1a: Pronouns: Activate|0 fnt\n|faint|p1a: Pronouns: Activate\n|-end|p1a: Pronouns: Activate|Quark Drive|[silent]\n|\n|upkeep\n|inactive|Power Panpour has 120 seconds left.\n|\n|t:|1701178489\n|switch|p1a: GorlokTheDestroyer|Enamorus, F|100\/100\n|turn|8\n|\n|t:|1701178515\n|move|p2a: Dragonite|Extreme Speed|p1a: GorlokTheDestroyer\n|-damage|p1a: GorlokTheDestroyer|30\/100\n|move|p1a: GorlokTheDestroyer|Moonblast|p2a: Dragonite\n|-supereffective|p2a: Dragonite\n|-damage|p2a: Dragonite|0 fnt\n|faint|p2a: Dragonite\n|\n|upkeep\n|inactive|Adoryan123456 has 120 seconds left.\n|c|\u2606Adoryan123456|why would I do such a thing?\n|\n|t:|1701178539\n|switch|p2a: Greninja|Greninja, M|100\/100\n|-damage|p2a: Greninja|88\/100|[from] Stealth Rock\n|turn|9\n|\n|t:|1701178544\n|move|p2a: Greninja|Surf|p1a: GorlokTheDestroyer\n|-damage|p1a: GorlokTheDestroyer|0 fnt\n|faint|p1a: GorlokTheDestroyer\n|-ability|p2a: Greninja|Battle Bond|boost\n|-boost|p2a: Greninja|atk|1\n|-boost|p2a: Greninja|spa|1\n|-boost|p2a: Greninja|spe|1\n|-activate|p2a: Greninja|ability: Battle Bond\n|-damage|p2a: Greninja|78\/100|[from] item: Life Orb\n|\n|upkeep\n|\n|t:|1701178549\n|switch|p1a: Oh U silly willy|Ogerpon-Wellspring, F|100\/100\n|turn|10\n|\n|t:|1701178556\n|move|p2a: Greninja|Dark Pulse|p1a: Oh U silly willy\n|-damage|p1a: Oh U silly willy|14\/100\n|-damage|p2a: Greninja|69\/100|[from] item: Life Orb\n|move|p1a: Oh U silly willy|Horn Leech|p2a: Greninja\n|-supereffective|p2a: Greninja\n|-damage|p2a: Greninja|0 fnt\n|-heal|p1a: Oh U silly willy|47\/100|[from] drain|[of] p2a: Greninja\n|faint|p2a: Greninja\n|\n|upkeep\n|\n|t:|1701178565\n|switch|p2a: Pikachu|Pikachu-Original, M, tera:Water|100\/100\n|-damage|p2a: Pikachu|88\/100|[from] Stealth Rock\n|turn|11\n|\n|t:|1701178577\n|move|p1a: Oh U silly willy|Horn Leech|p2a: Pikachu\n|-supereffective|p2a: Pikachu\n|-damage|p2a: Pikachu|0 fnt\n|-heal|p1a: Oh U silly willy|78\/100|[from] drain|[of] p2a: Pikachu\n|faint|p2a: Pikachu\n|\n|upkeep\n|\n|t:|1701178582\n|switch|p2a: Gengar|Gengar, F|100\/100\n|-damage|p2a: Gengar|88\/100|[from] Stealth Rock\n|turn|12\n|\n|t:|1701178586\n|move|p1a: Oh U silly willy|Knock Off|p2a: Gengar\n|-supereffective|p2a: Gengar\n|-damage|p2a: Gengar|0 fnt\n|-enditem|p2a: Gengar|Choice Specs|[from] move: Knock Off|[of] p1a: Oh U silly willy\n|faint|p2a: Gengar\n|\n|win|Power Panpour\n|raw|Power Panpour's rating: 1220 &rarr; <strong>1242<\/strong><br \/>(+22 for winning)\n|raw|Adoryan123456's rating: 1174 &rarr; <strong>1152<\/strong><br \/>(-22 for losing)\n|l|\u2606Adoryan123456\n","uploadtime":1701178600,"views":2,"p1id":"powerpanpour","p2id":"adoryan123456","formatid":"gen9ou","rating":1152,"private":0,"password":""}