{"id":"gen9ou-1988399979","p1":"trvsXX","p2":"Afrocashier","format":"[Gen 9] OU","log":"|j|\u2606trvsXX\n|j|\u2606Afrocashier\n|t:|1699718686\n|gametype|singles\n|player|p1|trvsXX|hoopster|1313\n|player|p2|Afrocashier|170|1330\n|teamsize|p1|6\n|teamsize|p2|6\n|gen|9\n|tier|[Gen 9] OU\n|rated|\n|rule|Sleep Clause Mod: Limit one foe put to sleep\n|rule|Species Clause: Limit one of each Pok\u00e9mon\n|rule|OHKO Clause: OHKO moves are banned\n|rule|Evasion Items Clause: Evasion items are banned\n|rule|Evasion Moves Clause: Evasion moves are banned\n|rule|Endless Battle Clause: Forcing endless battles is banned\n|rule|HP Percentage Mod: HP is shown in percentages\n|clearpoke\n|poke|p1|Vikavolt, M|\n|poke|p1|Enamorus, F|\n|poke|p1|Great Tusk|\n|poke|p1|Gholdengo|\n|poke|p1|Kommo-o, F|\n|poke|p1|Iron Moth|\n|poke|p2|Sneasler, F|\n|poke|p2|Rillaboom, F|\n|poke|p2|Cinderace, F|\n|poke|p2|Slowking-Galar, M|\n|poke|p2|Ninetales-Alola, F|\n|poke|p2|Samurott-Hisui, F|\n|teampreview\n|inactive|Battle timer is ON: inactive players will automatically lose when time's up. (requested by trvsXX)\n|\n|t:|1699718704\n|start\n|switch|p1a: Both Baby|Iron Moth|100\/100\n|switch|p2a: Ninetales|Ninetales-Alola, F|100\/100\n|-weather|Snow|[from] ability: Snow Warning|[of] p2a: Ninetales\n|-enditem|p1a: Both Baby|Booster Energy\n|-activate|p1a: Both Baby|ability: Quark Drive|[fromitem]\n|-start|p1a: Both Baby|quarkdrivespe\n|turn|1\n|\n|t:|1699718721\n|switch|p2a: Samurott|Samurott-Hisui, F|100\/100\n|move|p1a: Both Baby|Sludge Wave|p2a: Samurott\n|-damage|p2a: Samurott|34\/100\n|\n|-weather|Snow|[upkeep]\n|upkeep\n|turn|2\n|\n|t:|1699718735\n|switch|p2a: Slowking|Slowking-Galar, M|100\/100\n|move|p1a: Both Baby|Sludge Wave|p2a: Slowking\n|-resisted|p2a: Slowking\n|-damage|p2a: Slowking|86\/100\n|\n|-weather|Snow|[upkeep]\n|upkeep\n|turn|3\n|\n|t:|1699718753\n|-end|p1a: Both Baby|Quark Drive|[silent]\n|switch|p1a: Vicodi\u00f1o|Vikavolt, M|100\/100\n|move|p2a: Slowking|Future Sight|p1a: Vicodi\u00f1o\n|-start|p2a: Slowking|move: Future Sight\n|\n|-weather|Snow|[upkeep]\n|upkeep\n|turn|4\n|\n|t:|1699718759\n|move|p1a: Vicodi\u00f1o|Sticky Web|p2a: Slowking\n|-sidestart|p2: Afrocashier|move: Sticky Web\n|move|p2a: Slowking|Chilly Reception|p2a: Slowking\n|\n|t:|1699718763\n|switch|p2a: Cinderace|Cinderace, F|100\/100|[from] Chilly Reception\n|\n|-weather|Snow|[upkeep]\n|upkeep\n|turn|5\n|\n|t:|1699718777\n|move|p2a: Cinderace|Court Change|p2a: Cinderace\n|-start|p2a: Cinderace|typechange|Normal|[from] ability: Libero\n|-swapsideconditions\n|-activate|p2a: Cinderace|move: Court Change\n|move|p1a: Vicodi\u00f1o|Volt Switch|p2a: Cinderace\n|-damage|p2a: Cinderace|40\/100\n|\n|t:|1699718785\n|switch|p1a: Dentist G-Ram|Great Tusk|100\/100|[from] Volt Switch\n|-activate|p1a: Dentist G-Ram|move: Sticky Web\n|-unboost|p1a: Dentist G-Ram|spe|1\n|-enditem|p1a: Dentist G-Ram|Booster Energy\n|-activate|p1a: Dentist G-Ram|ability: Protosynthesis|[fromitem]\n|-start|p1a: Dentist G-Ram|protosynthesisatk\n|\n|-weather|none\n|-end|p1a: Dentist G-Ram|move: Future Sight\n|-supereffective|p1a: Dentist G-Ram\n|-damage|p1a: Dentist G-Ram|0 fnt\n|faint|p1a: Dentist G-Ram\n|-end|p1a: Dentist G-Ram|Protosynthesis|[silent]\n|upkeep\n|c|\u2606trvsXX|haha\n|\n|t:|1699718793\n|switch|p1a: Vicodi\u00f1o|Vikavolt, M|100\/100\n|turn|6\n|\n|t:|1699718800\n|move|p2a: Cinderace|Pyro Ball|p1a: Vicodi\u00f1o\n|-supereffective|p1a: Vicodi\u00f1o\n|-damage|p1a: Vicodi\u00f1o|22\/100\n|move|p1a: Vicodi\u00f1o|Sticky Web|p2a: Cinderace\n|-sidestart|p2: Afrocashier|move: Sticky Web\n|\n|upkeep\n|turn|7\n|\n|t:|1699718817\n|move|p2a: Cinderace|Pyro Ball|p1a: Vicodi\u00f1o\n|-supereffective|p1a: Vicodi\u00f1o\n|-damage|p1a: Vicodi\u00f1o|0 fnt\n|faint|p1a: Vicodi\u00f1o\n|\n|upkeep\n|\n|t:|1699718824\n|switch|p1a: Tony Komo|Kommo-o, F|100\/100\n|-activate|p1a: Tony Komo|move: Sticky Web\n|-unboost|p1a: Tony Komo|spe|1\n|turn|8\n|\n|t:|1699718833\n|move|p2a: Cinderace|U-turn|p1a: Tony Komo\n|-resisted|p1a: Tony Komo\n|-damage|p1a: Tony Komo|90\/100\n|\n|t:|1699718842\n|switch|p2a: Ninetales|Ninetales-Alola, F|100\/100|[from] U-turn\n|-activate|p2a: Ninetales|move: Sticky Web\n|-unboost|p2a: Ninetales|spe|1\n|-weather|Snow|[from] ability: Snow Warning|[of] p2a: Ninetales\n|move|p1a: Tony Komo|Drain Punch|p2a: Ninetales\n|-damage|p2a: Ninetales|76\/100\n|-heal|p1a: Tony Komo|100\/100|[from] drain|[of] p2a: Ninetales\n|\n|-weather|Snow|[upkeep]\n|upkeep\n|turn|9\n|\n|t:|1699718862\n|switch|p1a: Both Baby|Iron Moth|100\/100\n|-activate|p1a: Both Baby|move: Sticky Web\n|-unboost|p1a: Both Baby|spe|1\n|move|p2a: Ninetales|Aurora Veil|p2a: Ninetales\n|-sidestart|p2: Afrocashier|move: Aurora Veil\n|\n|-weather|Snow|[upkeep]\n|upkeep\n|turn|10\n|\n|t:|1699718870\n|switch|p2a: Rillaboom|Rillaboom, F|100\/100\n|-activate|p2a: Rillaboom|move: Sticky Web\n|-unboost|p2a: Rillaboom|spe|1\n|-fieldstart|move: Grassy Terrain|[from] ability: Grassy Surge|[of] p2a: Rillaboom\n|move|p1a: Both Baby|Fiery Dance|p2a: Rillaboom\n|-supereffective|p2a: Rillaboom\n|-damage|p2a: Rillaboom|51\/100\n|-boost|p1a: Both Baby|spa|1\n|\n|-weather|Snow|[upkeep]\n|-heal|p2a: Rillaboom|57\/100|[from] Grassy Terrain\n|-heal|p2a: Rillaboom|63\/100|[from] item: Leftovers\n|upkeep\n|turn|11\n|\n|t:|1699718880\n|move|p1a: Both Baby|Sludge Wave|p2a: Rillaboom\n|-supereffective|p2a: Rillaboom\n|-damage|p2a: Rillaboom|0 fnt\n|faint|p2a: Rillaboom\n|\n|-weather|Snow|[upkeep]\n|upkeep\n|\n|t:|1699718883\n|switch|p2a: Sneasler|Sneasler, F, shiny|100\/100\n|-activate|p2a: Sneasler|move: Sticky Web\n|-unboost|p2a: Sneasler|spe|1\n|-enditem|p2a: Sneasler|Grassy Seed\n|-boost|p2a: Sneasler|def|1|[from] item: Grassy Seed\n|turn|12\n|\n|t:|1699718889\n|-terastallize|p1a: Both Baby|Ground\n|move|p2a: Sneasler|Nasty Plot|p2a: Sneasler\n|-boost|p2a: Sneasler|spa|2\n|move|p1a: Both Baby|Tera Blast|p2a: Sneasler|[anim] Tera Blast Ground\n|-supereffective|p2a: Sneasler\n|-damage|p2a: Sneasler|19\/100\n|\n|-weather|none\n|-heal|p2a: Sneasler|25\/100|[from] Grassy Terrain\n|upkeep\n|turn|13\n|\n|t:|1699718900\n|-terastallize|p2a: Sneasler|Ice\n|move|p2a: Sneasler|Tera Blast|p1a: Both Baby|[anim] Tera Blast Ice\n|-supereffective|p1a: Both Baby\n|-damage|p1a: Both Baby|8\/100\n|move|p1a: Both Baby|Fiery Dance|p2a: Sneasler\n|-supereffective|p2a: Sneasler\n|-damage|p2a: Sneasler|0 fnt\n|faint|p2a: Sneasler\n|\n|-heal|p1a: Both Baby|14\/100|[from] Grassy Terrain\n|upkeep\n|\n|t:|1699718918\n|switch|p2a: Samurott|Samurott-Hisui, F|34\/100\n|-activate|p2a: Samurott|move: Sticky Web\n|-unboost|p2a: Samurott|spe|1\n|turn|14\n|\n|t:|1699718934\n|-end|p1a: Both Baby|Quark Drive|[silent]\n|switch|p1a: Pink Flyday|Enamorus, F, shiny|100\/100\n|move|p2a: Samurott|Flip Turn|p1a: Pink Flyday\n|-damage|p1a: Pink Flyday|52\/100\n|\n|t:|1699718941\n|switch|p2a: Slowking|Slowking-Galar, M|100\/100|[from] Flip Turn\n|\n|-fieldend|move: Grassy Terrain\n|upkeep\n|turn|15\n|\n|t:|1699718949\n|switch|p1a: Djengo Unrained|Gholdengo|100\/100\n|-item|p1a: Djengo Unrained|Air Balloon\n|move|p2a: Slowking|Chilly Reception|p2a: Slowking\n|-weather|Snow\n|\n|t:|1699718955\n|switch|p2a: Samurott|Samurott-Hisui, F|34\/100|[from] Chilly Reception\n|-activate|p2a: Samurott|move: Sticky Web\n|-unboost|p2a: Samurott|spe|1\n|\n|-weather|Snow|[upkeep]\n|upkeep\n|turn|16\n|\n|t:|1699718959\n|move|p1a: Djengo Unrained|Thunderbolt|p2a: Samurott\n|-supereffective|p2a: Samurott\n|-damage|p2a: Samurott|0 fnt\n|faint|p2a: Samurott\n|\n|-weather|Snow|[upkeep]\n|-sideend|p2: Afrocashier|move: Aurora Veil\n|upkeep\n|\n|t:|1699718968\n|switch|p2a: Cinderace|Cinderace, F|40\/100\n|turn|17\n|\n|t:|1699718974\n|switch|p1a: Tony Komo|Kommo-o, F|100\/100\n|-activate|p1a: Tony Komo|move: Sticky Web\n|-unboost|p1a: Tony Komo|spe|1\n|move|p2a: Cinderace|Pyro Ball|p1a: Tony Komo\n|-immune|p1a: Tony Komo|[from] ability: Bulletproof\n|\n|-weather|Snow|[upkeep]\n|upkeep\n|turn|18\n|\n|t:|1699718984\n|move|p2a: Cinderace|Will-O-Wisp|p1a: Tony Komo\n|-status|p1a: Tony Komo|brn\n|move|p1a: Tony Komo|Clangorous Soul|p1a: Tony Komo\n|-boost|p1a: Tony Komo|atk|1\n|-boost|p1a: Tony Komo|def|1\n|-boost|p1a: Tony Komo|spa|1\n|-boost|p1a: Tony Komo|spd|1\n|-boost|p1a: Tony Komo|spe|1\n|-damage|p1a: Tony Komo|68\/100 brn\n|\n|-weather|Snow|[upkeep]\n|-heal|p1a: Tony Komo|74\/100 brn|[from] item: Leftovers\n|-damage|p1a: Tony Komo|68\/100 brn|[from] brn\n|upkeep\n|turn|19\n|\n|t:|1699718994\n|switch|p2a: Ninetales|Ninetales-Alola, F|76\/100\n|-activate|p2a: Ninetales|move: Sticky Web\n|-unboost|p2a: Ninetales|spe|1\n|move|p1a: Tony Komo|Drain Punch|p2a: Ninetales\n|-damage|p2a: Ninetales|59\/100\n|-heal|p1a: Tony Komo|78\/100 brn|[from] drain|[of] p2a: Ninetales\n|\n|-weather|none\n|-heal|p1a: Tony Komo|84\/100 brn|[from] item: Leftovers\n|-damage|p1a: Tony Komo|78\/100 brn|[from] brn\n|upkeep\n|turn|20\n|\n|t:|1699719002\n|switch|p2a: Slowking|Slowking-Galar, M|100\/100\n|move|p1a: Tony Komo|Flamethrower|p2a: Slowking\n|-damage|p2a: Slowking|79\/100\n|-status|p2a: Slowking|brn\n|\n|-heal|p1a: Tony Komo|84\/100 brn|[from] item: Leftovers\n|-damage|p1a: Tony Komo|78\/100 brn|[from] brn\n|-damage|p2a: Slowking|73\/100 brn|[from] brn\n|upkeep\n|turn|21\n|\n|t:|1699719008\n|switch|p1a: Both Baby|Iron Moth, tera:Ground|14\/100\n|-activate|p1a: Both Baby|move: Sticky Web\n|-unboost|p1a: Both Baby|spe|1\n|move|p2a: Slowking|Future Sight|p1a: Both Baby\n|-start|p2a: Slowking|move: Future Sight\n|\n|-damage|p2a: Slowking|66\/100 brn|[from] brn\n|upkeep\n|turn|22\n|\n|t:|1699719015\n|move|p1a: Both Baby|Tera Blast|p2a: Slowking|[anim] Tera Blast Ground\n|-supereffective|p2a: Slowking\n|-damage|p2a: Slowking|19\/100 brn\n|move|p2a: Slowking|Chilly Reception|p2a: Slowking\n|-weather|Snow\n|\n|t:|1699719021\n|switch|p2a: Ninetales|Ninetales-Alola, F|59\/100|[from] Chilly Reception\n|-activate|p2a: Ninetales|move: Sticky Web\n|-unboost|p2a: Ninetales|spe|1\n|\n|-weather|Snow|[upkeep]\n|upkeep\n|turn|23\n|\n|t:|1699719035\n|move|p1a: Both Baby|Sludge Wave|p2a: Ninetales\n|-supereffective|p2a: Ninetales\n|-damage|p2a: Ninetales|0 fnt\n|faint|p2a: Ninetales\n|\n|-weather|Snow|[upkeep]\n|-end|p1a: Both Baby|move: Future Sight\n|-damage|p1a: Both Baby|0 fnt\n|faint|p1a: Both Baby\n|-end|p1a: Both Baby|Quark Drive|[silent]\n|upkeep\n|\n|t:|1699719040\n|switch|p1a: Pink Flyday|Enamorus, F, shiny|52\/100\n|switch|p2a: Cinderace|Cinderace, F|40\/100\n|turn|24\n|\n|t:|1699719044\n|move|p2a: Cinderace|Pyro Ball|p1a: Pink Flyday\n|-damage|p1a: Pink Flyday|0 fnt\n|faint|p1a: Pink Flyday\n|\n|-weather|Snow|[upkeep]\n|upkeep\n|\n|t:|1699719047\n|switch|p1a: Tony Komo|Kommo-o, F|78\/100 brn\n|-activate|p1a: Tony Komo|move: Sticky Web\n|-unboost|p1a: Tony Komo|spe|1\n|turn|25\n|\n|t:|1699719053\n|move|p2a: Cinderace|U-turn|p1a: Tony Komo\n|-start|p2a: Cinderace|typechange|Bug|[from] ability: Libero\n|-resisted|p1a: Tony Komo\n|-damage|p1a: Tony Komo|62\/100 brn\n|\n|t:|1699719055\n|switch|p2a: Slowking|Slowking-Galar, M|53\/100 brn|[from] U-turn\n|move|p1a: Tony Komo|Clangorous Soul|p1a: Tony Komo\n|-boost|p1a: Tony Komo|atk|1\n|-boost|p1a: Tony Komo|def|1\n|-boost|p1a: Tony Komo|spa|1\n|-boost|p1a: Tony Komo|spd|1\n|-boost|p1a: Tony Komo|spe|1\n|-damage|p1a: Tony Komo|29\/100 brn\n|\n|-weather|Snow|[upkeep]\n|-heal|p1a: Tony Komo|36\/100 brn|[from] item: Leftovers\n|-damage|p1a: Tony Komo|29\/100 brn|[from] brn\n|-damage|p2a: Slowking|46\/100 brn|[from] brn\n|upkeep\n|turn|26\n|\n|t:|1699719068\n|move|p1a: Tony Komo|Clanging Scales|p2a: Slowking\n|-damage|p2a: Slowking|8\/100 brn\n|-unboost|p1a: Tony Komo|def|1\n|move|p2a: Slowking|Future Sight|p1a: Tony Komo\n|-start|p2a: Slowking|move: Future Sight\n|\n|-weather|none\n|-heal|p1a: Tony Komo|36\/100 brn|[from] item: Leftovers\n|-damage|p1a: Tony Komo|29\/100 brn|[from] brn\n|-damage|p2a: Slowking|2\/100 brn|[from] brn\n|upkeep\n|turn|27\n|\n|t:|1699719075\n|move|p1a: Tony Komo|Drain Punch|p2a: Slowking\n|-resisted|p2a: Slowking\n|-damage|p2a: Slowking|0 fnt\n|-heal|p1a: Tony Komo|30\/100 brn|[from] drain|[of] p2a: Slowking\n|faint|p2a: Slowking\n|\n|-heal|p1a: Tony Komo|36\/100 brn|[from] item: Leftovers\n|-damage|p1a: Tony Komo|30\/100 brn|[from] brn\n|upkeep\n|\n|t:|1699719085\n|switch|p2a: Cinderace|Cinderace, F|40\/100\n|turn|28\n|\n|t:|1699719101\n|move|p2a: Cinderace|Will-O-Wisp|p1a: Tony Komo\n|-fail|p1a: Tony Komo|brn\n|move|p1a: Tony Komo|Drain Punch|p2a: Cinderace\n|-damage|p2a: Cinderace|8\/100\n|-heal|p1a: Tony Komo|47\/100 brn|[from] drain|[of] p2a: Cinderace\n|\n|-end|p1a: Tony Komo|move: Future Sight\n|-supereffective|p1a: Tony Komo\n|-damage|p1a: Tony Komo|0 fnt\n|faint|p1a: Tony Komo\n|upkeep\n|\n|t:|1699719110\n|switch|p1a: Djengo Unrained|Gholdengo|100\/100\n|-item|p1a: Djengo Unrained|Air Balloon\n|turn|29\n|\n|t:|1699719114\n|move|p2a: Cinderace|Pyro Ball|p1a: Djengo Unrained\n|-supereffective|p1a: Djengo Unrained\n|-damage|p1a: Djengo Unrained|0 fnt\n|-enditem|p1a: Djengo Unrained|Air Balloon\n|faint|p1a: Djengo Unrained\n|\n|win|Afrocashier\n|raw|trvsXX's rating: 1313 &rarr; <strong>1294<\/strong><br \/>(-19 for losing)\n|raw|Afrocashier's rating: 1330 &rarr; <strong>1349<\/strong><br \/>(+19 for winning)\n","uploadtime":1699719123,"views":15,"p1id":"trvsxx","p2id":"afrocashier","formatid":"gen9ou","rating":1294,"private":0,"password":""}