{"id":"gen9ou-1994704991","p1":"ahoy00","p2":"PLLV51 SLV","format":"[Gen 9] OU","log":"|j|\u2606ahoy00\n|j|\u2606PLLV51 SLV\n|t:|1700483556\n|gametype|singles\n|player|p1|ahoy00|2|1046\n|player|p2|PLLV51 SLV|burglar-gen1rb|1000\n|teamsize|p1|6\n|teamsize|p2|6\n|gen|9\n|tier|[Gen 9] OU\n|rated|\n|rule|Sleep Clause Mod: Limit one foe put to sleep\n|rule|Species Clause: Limit one of each Pok\u00e9mon\n|rule|OHKO Clause: OHKO moves are banned\n|rule|Evasion Items Clause: Evasion items are banned\n|rule|Evasion Moves Clause: Evasion moves are banned\n|rule|Endless Battle Clause: Forcing endless battles is banned\n|rule|HP Percentage Mod: HP is shown in percentages\n|clearpoke\n|poke|p1|Great Tusk|\n|poke|p1|Rillaboom, F|\n|poke|p1|Slowking-Galar, F|\n|poke|p1|Arcanine-Hisui, M|\n|poke|p1|Goodra-Hisui, M|\n|poke|p1|Dondozo, M|\n|poke|p2|Ninetales-Alola, M|\n|poke|p2|Kingambit, F|\n|poke|p2|Gholdengo|\n|poke|p2|Iron Moth|\n|poke|p2|Ogerpon-Wellspring, F|\n|poke|p2|Manaphy|\n|teampreview\n|inactive|Battle timer is ON: inactive players will automatically lose when time's up. (requested by ahoy00)\n|\n|t:|1700483575\n|start\n|switch|p1a: Arcanine|Arcanine-Hisui, M|100\/100\n|switch|p2a: Ninetales|Ninetales-Alola, M|100\/100\n|-weather|Snow|[from] ability: Snow Warning|[of] p2a: Ninetales\n|turn|1\n|\n|t:|1700483603\n|move|p2a: Ninetales|Aurora Veil|p2a: Ninetales\n|-sidestart|p2: PLLV51 SLV|move: Aurora Veil\n|move|p1a: Arcanine|Head Smash|p2a: Ninetales\n|-supereffective|p2a: Ninetales\n|-damage|p2a: Ninetales|0 fnt\n|faint|p2a: Ninetales\n|\n|-weather|Snow|[upkeep]\n|upkeep\n|\n|t:|1700483624\n|switch|p2a: Manaphy|Manaphy|100\/100\n|turn|2\n|inactive|ahoy00 has 120 seconds left.\n|\n|t:|1700483644\n|switch|p1a: Rillaboom|Rillaboom, F|100\/100\n|-fieldstart|move: Grassy Terrain|[from] ability: Grassy Surge|[of] p1a: Rillaboom\n|move|p2a: Manaphy|Tail Glow|p2a: Manaphy\n|-boost|p2a: Manaphy|spa|3\n|\n|-weather|Snow|[upkeep]\n|upkeep\n|turn|3\n|\n|t:|1700483653\n|move|p2a: Manaphy|Ice Beam|p1a: Rillaboom\n|-supereffective|p1a: Rillaboom\n|-damage|p1a: Rillaboom|0 fnt\n|faint|p1a: Rillaboom\n|\n|-weather|Snow|[upkeep]\n|upkeep\n|inactive|ahoy00 has 120 seconds left.\n|\n|t:|1700483669\n|switch|p1a: Slowking|Slowking-Galar, F|100\/100\n|turn|4\n|\n|t:|1700483676\n|move|p2a: Manaphy|Surf|p1a: Slowking\n|-damage|p1a: Slowking|40\/100\n|move|p1a: Slowking|Thunder Wave|p2a: Manaphy\n|-status|p2a: Manaphy|par\n|\n|-weather|Snow|[upkeep]\n|-heal|p1a: Slowking|46\/100|[from] Grassy Terrain\n|upkeep\n|turn|5\n|\n|t:|1700483686\n|switch|p1a: Goodra|Goodra-Hisui, M|100\/100\n|cant|p2a: Manaphy|par\n|\n|-weather|none\n|upkeep\n|turn|6\n|\n|t:|1700483696\n|move|p1a: Goodra|Earthquake|p2a: Manaphy\n|-damage|p2a: Manaphy|96\/100 par\n|cant|p2a: Manaphy|par\n|\n|-heal|p2a: Manaphy|100\/100 par|[from] Grassy Terrain\n|-fieldend|move: Grassy Terrain\n|upkeep\n|turn|7\n|c|\u2606PLLV51 SLV|let me play :(\n|\n|t:|1700483707\n|move|p1a: Goodra|Earthquake|p2a: Manaphy\n|-damage|p2a: Manaphy|91\/100 par\n|cant|p2a: Manaphy|par\n|\n|-heal|p2a: Manaphy|97\/100 par|[from] item: Leftovers\n|upkeep\n|turn|8\n|c|\u2606PLLV51 SLV|LET ME PLAY\n|\n|t:|1700483714\n|move|p1a: Goodra|Draco Meteor|p2a: Manaphy\n|-damage|p2a: Manaphy|64\/100 par\n|-unboost|p1a: Goodra|spa|2\n|cant|p2a: Manaphy|par\n|\n|-heal|p2a: Manaphy|70\/100 par|[from] item: Leftovers\n|-sideend|p2: PLLV51 SLV|move: Aurora Veil\n|upkeep\n|turn|9\n|c|\u2606PLLV51 SLV|LET ME FUCKING PLAY\n|\n|t:|1700483721\n|move|p1a: Goodra|Earthquake|p2a: Manaphy\n|-damage|p2a: Manaphy|50\/100 par\n|cant|p2a: Manaphy|par\n|\n|-heal|p2a: Manaphy|56\/100 par|[from] item: Leftovers\n|upkeep\n|turn|10\n|c|\u2606PLLV51 SLV|bro\n|\n|t:|1700483729\n|move|p1a: Goodra|Earthquake|p2a: Manaphy\n|-damage|p2a: Manaphy|35\/100 par\n|move|p2a: Manaphy|Tail Glow|p2a: Manaphy\n|-boost|p2a: Manaphy|spa|3\n|\n|-heal|p2a: Manaphy|41\/100 par|[from] item: Leftovers\n|upkeep\n|turn|11\n|\n|t:|1700483734\n|move|p1a: Goodra|Earthquake|p2a: Manaphy\n|-damage|p2a: Manaphy|22\/100 par\n|cant|p2a: Manaphy|par\n|\n|-heal|p2a: Manaphy|28\/100 par|[from] item: Leftovers\n|upkeep\n|turn|12\n|c|\u2606PLLV51 SLV|.?\n|\n|t:|1700483738\n|move|p1a: Goodra|Earthquake|p2a: Manaphy\n|-damage|p2a: Manaphy|10\/100 par\n|move|p2a: Manaphy|Ice Beam|p1a: Goodra\n|-damage|p1a: Goodra|56\/100\n|\n|-heal|p2a: Manaphy|16\/100 par|[from] item: Leftovers\n|upkeep\n|turn|13\n|\n|t:|1700483756\n|move|p1a: Goodra|Draco Meteor|p2a: Manaphy\n|-damage|p2a: Manaphy|0 fnt\n|-unboost|p1a: Goodra|spa|2\n|faint|p2a: Manaphy\n|\n|upkeep\n|\n|t:|1700483773\n|switch|p2a: Ogerpon|Ogerpon-Wellspring, F|100\/100\n|turn|14\n|\n|t:|1700483785\n|switch|p1a: Dondozo|Dondozo, M|100\/100\n|move|p2a: Ogerpon|Swords Dance|p2a: Ogerpon\n|-boost|p2a: Ogerpon|atk|2\n|\n|upkeep\n|turn|15\n|\n|t:|1700483800\n|move|p2a: Ogerpon|Power Whip|p1a: Dondozo|[miss]\n|-miss|p2a: Ogerpon|p1a: Dondozo\n|move|p1a: Dondozo|Body Press|p2a: Ogerpon\n|-damage|p2a: Ogerpon|63\/100\n|\n|upkeep\n|turn|16\n|\n|t:|1700483812\n|move|p2a: Ogerpon|Power Whip|p1a: Dondozo\n|-supereffective|p1a: Dondozo\n|-damage|p1a: Dondozo|39\/100\n|move|p1a: Dondozo|Body Press|p2a: Ogerpon\n|-damage|p2a: Ogerpon|27\/100\n|\n|-heal|p1a: Dondozo|46\/100|[from] item: Leftovers\n|upkeep\n|turn|17\n|\n|t:|1700483839\n|switch|p1a: Goodra|Goodra-Hisui, M|56\/100\n|move|p2a: Ogerpon|Ivy Cudgel|p1a: Goodra|[anim] Ivy Cudgel Water\n|-resisted|p1a: Goodra\n|-damage|p1a: Goodra|1\/100\n|\n|upkeep\n|turn|18\n|\n|t:|1700483848\n|move|p2a: Ogerpon|Ivy Cudgel|p1a: Goodra|[anim] Ivy Cudgel Water\n|-resisted|p1a: Goodra\n|-damage|p1a: Goodra|0 fnt\n|faint|p1a: Goodra\n|\n|upkeep\n|\n|t:|1700483850\n|switch|p1a: Arcanine|Arcanine-Hisui, M|100\/100\n|turn|19\n|\n|t:|1700483855\n|move|p1a: Arcanine|Extreme Speed|p2a: Ogerpon\n|-damage|p2a: Ogerpon|0 fnt\n|faint|p2a: Ogerpon\n|\n|upkeep\n|\n|t:|1700483859\n|switch|p2a: Gholdengo|Gholdengo|100\/100\n|-item|p2a: Gholdengo|Air Balloon\n|turn|20\n|\n|t:|1700483869\n|switch|p1a: Slowking|Slowking-Galar, F|79\/100\n|move|p2a: Gholdengo|Nasty Plot|p2a: Gholdengo\n|-boost|p2a: Gholdengo|spa|2\n|\n|upkeep\n|turn|21\n|\n|t:|1700483877\n|move|p2a: Gholdengo|Shadow Ball|p1a: Slowking\n|-supereffective|p1a: Slowking\n|-damage|p1a: Slowking|0 fnt\n|faint|p1a: Slowking\n|\n|upkeep\n|\n|t:|1700483880\n|switch|p1a: Arcanine|Arcanine-Hisui, M|100\/100\n|turn|22\n|\n|t:|1700483896\n|-terastallize|p1a: Arcanine|Fire\n|-terastallize|p2a: Gholdengo|Dark\n|move|p1a: Arcanine|Flare Blitz|p2a: Gholdengo\n|-damage|p2a: Gholdengo|0 fnt\n|-enditem|p2a: Gholdengo|Air Balloon\n|faint|p2a: Gholdengo\n|\n|upkeep\n|\n|t:|1700483901\n|switch|p2a: Iron Moth|Iron Moth|100\/100\n|-enditem|p2a: Iron Moth|Booster Energy\n|-activate|p2a: Iron Moth|ability: Quark Drive|[fromitem]\n|-start|p2a: Iron Moth|quarkdrivespe\n|turn|23\n|\n|t:|1700483910\n|switch|p1a: Great Tusk|Great Tusk|100\/100\n|move|p2a: Iron Moth|Sludge Wave|p1a: Great Tusk\n|-resisted|p1a: Great Tusk\n|-damage|p1a: Great Tusk|64\/100\n|\n|-heal|p1a: Great Tusk|70\/100|[from] item: Leftovers\n|upkeep\n|turn|24\n|\n|t:|1700483917\n|move|p2a: Iron Moth|Dazzling Gleam|p1a: Great Tusk\n|-supereffective|p1a: Great Tusk\n|-damage|p1a: Great Tusk|0 fnt\n|faint|p1a: Great Tusk\n|-end|p1a: Great Tusk|Protosynthesis|[silent]\n|\n|upkeep\n|\n|t:|1700483922\n|switch|p1a: Dondozo|Dondozo, M|46\/100\n|turn|25\n|\n|t:|1700483928\n|move|p2a: Iron Moth|Sludge Wave|p1a: Dondozo\n|-damage|p1a: Dondozo|0 fnt\n|faint|p1a: Dondozo\n|\n|upkeep\n|\n|t:|1700483931\n|switch|p1a: Arcanine|Arcanine-Hisui, M, tera:Fire|100\/100\n|turn|26\n|\n|t:|1700483945\n|move|p2a: Iron Moth|Sludge Wave|p1a: Arcanine\n|-damage|p1a: Arcanine|39\/100\n|move|p1a: Arcanine|Flare Blitz|p2a: Iron Moth\n|-resisted|p2a: Iron Moth\n|-crit|p2a: Iron Moth\n|-damage|p2a: Iron Moth|0 fnt\n|faint|p2a: Iron Moth\n|-end|p2a: Iron Moth|Quark Drive|[silent]\n|\n|upkeep\n|\n|t:|1700483948\n|switch|p2a: Kingambit|Kingambit, F|100\/100\n|-activate|p2a: Kingambit|ability: Supreme Overlord\n|-start|p2a: Kingambit|fallen5|[silent]\n|turn|27\n|\n|t:|1700483951\n|move|p2a: Kingambit|Sucker Punch|p1a: Arcanine\n|-damage|p1a: Arcanine|0 fnt\n|faint|p1a: Arcanine\n|\n|win|PLLV51 SLV\n|raw|ahoy00's rating: 1046 &rarr; <strong>1027<\/strong><br \/>(-19 for losing)\n|raw|PLLV51 SLV's rating: 1000 &rarr; <strong>1045<\/strong><br \/>(+45 for winning)\n|l|\u2606ahoy00\n","uploadtime":1700483995,"views":24,"p1id":"ahoy00","p2id":"pllv51slv","formatid":"gen9ou","rating":1027,"private":0,"password":""}