{"id":"gen9ou-1991023366","p1":"WAGAMAMAH","p2":"WarpNacelle","format":"[Gen 9] OU","log":"|j|\u2606WAGAMAMAH\n|j|\u2606WarpNacelle\n|t:|1700029758\n|gametype|singles\n|player|p1|WAGAMAMAH|steven|1143\n|player|p2|WarpNacelle|ghetsis-gen5bw|1226\n|teamsize|p1|6\n|teamsize|p2|6\n|gen|9\n|tier|[Gen 9] OU\n|rated|\n|rule|Sleep Clause Mod: Limit one foe put to sleep\n|rule|Species Clause: Limit one of each Pok\u00e9mon\n|rule|OHKO Clause: OHKO moves are banned\n|rule|Evasion Items Clause: Evasion items are banned\n|rule|Evasion Moves Clause: Evasion moves are banned\n|rule|Endless Battle Clause: Forcing endless battles is banned\n|rule|HP Percentage Mod: HP is shown in percentages\n|clearpoke\n|poke|p1|Sneasler, F|\n|poke|p1|Great Tusk|\n|poke|p1|Ogerpon-Wellspring, F|\n|poke|p1|Ribombee, F|\n|poke|p1|Ceruledge, M|\n|poke|p1|Kingambit, F|\n|poke|p2|Zamazenta-*|\n|poke|p2|Samurott-Hisui, M|\n|poke|p2|Manaphy|\n|poke|p2|Dragapult, F|\n|poke|p2|Cloyster, F|\n|poke|p2|Iron Moth|\n|teampreview\n|inactive|Battle timer is ON: inactive players will automatically lose when time's up. (requested by WarpNacelle)\n|inactive|WAGAMAMAH also wants the timer to be on.\n|\n|t:|1700029767\n|start\n|switch|p1a: Litterbug|Ribombee, F, shiny|100\/100\n|switch|p2a: Cloyster|Cloyster, F|100\/100\n|turn|1\n|\n|t:|1700029777\n|move|p1a: Litterbug|Trick|p2a: Cloyster\n|-activate|p1a: Litterbug|move: Trick|[of] p2a: Cloyster\n|-item|p2a: Cloyster|Choice Scarf|[from] move: Trick\n|-item|p1a: Litterbug|Choice Scarf|[from] move: Trick\n|move|p2a: Cloyster|Rock Blast|p1a: Litterbug\n|-supereffective|p1a: Litterbug\n|-damage|p1a: Litterbug|73\/100\n|-supereffective|p1a: Litterbug\n|-damage|p1a: Litterbug|45\/100\n|-supereffective|p1a: Litterbug\n|-damage|p1a: Litterbug|17\/100\n|-supereffective|p1a: Litterbug\n|-damage|p1a: Litterbug|0 fnt\n|faint|p1a: Litterbug\n|-hitcount|p1: Litterbug|4\n|\n|upkeep\n|inactive|WAGAMAMAH has 120 seconds left.\n|\n|t:|1700029803\n|switch|p1a: Funky Banjo|Ogerpon-Wellspring, F|100\/100\n|turn|2\n|\n|t:|1700029812\n|move|p2a: Cloyster|Rock Blast|p1a: Funky Banjo|[miss]\n|-miss|p2a: Cloyster|p1a: Funky Banjo\n|move|p1a: Funky Banjo|Trailblaze|p2a: Cloyster\n|-supereffective|p2a: Cloyster\n|-damage|p2a: Cloyster|43\/100\n|-boost|p1a: Funky Banjo|spe|1\n|\n|upkeep\n|turn|3\n|\n|t:|1700029824\n|move|p1a: Funky Banjo|Swords Dance|p1a: Funky Banjo\n|-boost|p1a: Funky Banjo|atk|2\n|move|p2a: Cloyster|Rock Blast|p1a: Funky Banjo\n|-crit|p1a: Funky Banjo\n|-damage|p1a: Funky Banjo|86\/100\n|-crit|p1a: Funky Banjo\n|-damage|p1a: Funky Banjo|72\/100\n|-damage|p1a: Funky Banjo|62\/100\n|-damage|p1a: Funky Banjo|52\/100\n|-damage|p1a: Funky Banjo|42\/100\n|-hitcount|p1a: Funky Banjo|5\n|\n|upkeep\n|turn|4\n|\n|t:|1700029839\n|move|p1a: Funky Banjo|Trailblaze|p2a: Cloyster\n|-supereffective|p2a: Cloyster\n|-damage|p2a: Cloyster|0 fnt\n|-boost|p1a: Funky Banjo|spe|1\n|faint|p2a: Cloyster\n|\n|upkeep\n|\n|t:|1700029849\n|switch|p2a: Samurott|Samurott-Hisui, M|100\/100\n|turn|5\n|\n|t:|1700029862\n|-terastallize|p2a: Samurott|Grass\n|move|p1a: Funky Banjo|Trailblaze|p2a: Samurott\n|-resisted|p2a: Samurott\n|-damage|p2a: Samurott|60\/100\n|-boost|p1a: Funky Banjo|spe|1\n|move|p2a: Samurott|Ceaseless Edge|p1a: Funky Banjo\n|-damage|p1a: Funky Banjo|0 fnt\n|-sidestart|p1: WAGAMAMAH|Spikes\n|faint|p1a: Funky Banjo\n|\n|upkeep\n|inactive|WAGAMAMAH has 120 seconds left.\n|\n|t:|1700029884\n|switch|p1a: Big Boy|Great Tusk|100\/100\n|-damage|p1a: Big Boy|88\/100|[from] Spikes\n|-enditem|p1a: Big Boy|Booster Energy\n|-activate|p1a: Big Boy|ability: Protosynthesis|[fromitem]\n|-start|p1a: Big Boy|protosynthesisatk\n|turn|6\n|inactive|WAGAMAMAH has 120 seconds left.\n|\n|t:|1700029896\n|move|p2a: Samurott|Aqua Jet|p1a: Big Boy\n|-supereffective|p1a: Big Boy\n|-damage|p1a: Big Boy|56\/100\n|move|p1a: Big Boy|Rapid Spin|p2a: Samurott\n|-damage|p2a: Samurott|27\/100\n|-boost|p1a: Big Boy|spe|1\n|-sideend|p1: WAGAMAMAH|Spikes|[from] move: Rapid Spin|[of] p1a: Big Boy\n|\n|upkeep\n|turn|7\n|inactive|WAGAMAMAH has 120 seconds left.\n|\n|t:|1700029905\n|move|p2a: Samurott|Aqua Jet|p1a: Big Boy\n|-supereffective|p1a: Big Boy\n|-damage|p1a: Big Boy|23\/100\n|move|p1a: Big Boy|Ice Spinner|p2a: Samurott\n|-supereffective|p2a: Samurott\n|-damage|p2a: Samurott|0 fnt\n|faint|p2a: Samurott\n|\n|upkeep\n|\n|t:|1700029924\n|switch|p2a: Zamazenta|Zamazenta|100\/100\n|-ability|p2a: Zamazenta|Dauntless Shield|boost\n|-boost|p2a: Zamazenta|def|1\n|turn|8\n|inactive|WAGAMAMAH has 120 seconds left.\n|\n|t:|1700029940\n|move|p2a: Zamazenta|Close Combat|p1a: Big Boy\n|-damage|p1a: Big Boy|0 fnt\n|-unboost|p2a: Zamazenta|def|1\n|-unboost|p2a: Zamazenta|spd|1\n|faint|p1a: Big Boy\n|-end|p1a: Big Boy|Protosynthesis|[silent]\n|\n|upkeep\n|inactive|WAGAMAMAH has 120 seconds left.\n|\n|t:|1700029960\n|switch|p1a: Edgelord|Ceruledge, M, shiny|100\/100\n|turn|9\n|\n|t:|1700029969\n|switch|p2a: Iron Moth|Iron Moth|100\/100\n|move|p1a: Edgelord|Swords Dance|p1a: Edgelord\n|-boost|p1a: Edgelord|atk|2\n|\n|upkeep\n|turn|10\n|inactive|WAGAMAMAH has 120 seconds left.\n|\n|t:|1700029986\n|move|p2a: Iron Moth|Discharge|p1a: Edgelord\n|-damage|p1a: Edgelord|53\/100\n|move|p1a: Edgelord|Dragon Claw|p2a: Iron Moth\n|-damage|p2a: Iron Moth|3\/100\n|\n|upkeep\n|turn|11\n|\n|t:|1700029994\n|move|p1a: Edgelord|Shadow Sneak|p2a: Iron Moth\n|-damage|p2a: Iron Moth|0 fnt\n|faint|p2a: Iron Moth\n|-end|p2a: Iron Moth|Quark Drive|[silent]\n|\n|upkeep\n|\n|t:|1700029998\n|switch|p2a: Manaphy|Manaphy|100\/100\n|turn|12\n|\n|t:|1700030001\n|move|p1a: Edgelord|Shadow Sneak|p2a: Manaphy\n|-damage|p2a: Manaphy|57\/100\n|move|p2a: Manaphy|Surf|p1a: Edgelord\n|-supereffective|p1a: Edgelord\n|-damage|p1a: Edgelord|0 fnt\n|faint|p1a: Edgelord\n|\n|-heal|p2a: Manaphy|63\/100|[from] item: Leftovers\n|upkeep\n|\n|t:|1700030012\n|switch|p1a: Homeless Guy|Sneasler, F, shiny|100\/100\n|turn|13\n|inactive|WAGAMAMAH has 120 seconds left.\n|\n|t:|1700030030\n|move|p1a: Homeless Guy|Dire Claw|p2a: Manaphy\n|-damage|p2a: Manaphy|14\/100\n|move|p2a: Manaphy|Surf|p1a: Homeless Guy\n|-damage|p1a: Homeless Guy|43\/100\n|\n|-heal|p2a: Manaphy|20\/100|[from] item: Leftovers\n|upkeep\n|turn|14\n|\n|t:|1700030040\n|move|p1a: Homeless Guy|Dire Claw|p2a: Manaphy\n|-damage|p2a: Manaphy|0 fnt\n|faint|p2a: Manaphy\n|\n|upkeep\n|\n|t:|1700030045\n|switch|p2a: Dragapult|Dragapult, F|100\/100\n|turn|15\n|\n|t:|1700030052\n|move|p2a: Dragapult|Dragon Darts|p1a: Homeless Guy\n|-damage|p1a: Homeless Guy|9\/100\n|-anim|p2a: Dragapult|Dragon Darts|p1a: Homeless Guy\n|-damage|p1a: Homeless Guy|0 fnt\n|faint|p1a: Homeless Guy\n|\n|upkeep\n|\n|t:|1700030059\n|switch|p1a: Big Business|Kingambit, F|100\/100\n|-activate|p1a: Big Business|ability: Supreme Overlord\n|-start|p1a: Big Business|fallen5|[silent]\n|turn|16\n|\n|t:|1700030077\n|move|p2a: Dragapult|Curse|p1a: Big Business\n|-start|p1a: Big Business|Curse|[of] p2a: Dragapult\n|-damage|p2a: Dragapult|50\/100\n|move|p1a: Big Business|Kowtow Cleave|p2a: Dragapult\n|-supereffective|p2a: Dragapult\n|-damage|p2a: Dragapult|0 fnt\n|-start|p1a: Big Business|Disable|Kowtow Cleave|[from] ability: Cursed Body|[of] p2a: Dragapult\n|faint|p2a: Dragapult\n|\n|-damage|p1a: Big Business|75\/100|[from] Curse\n|upkeep\n|\n|t:|1700030087\n|switch|p2a: Zamazenta|Zamazenta|100\/100\n|turn|17\n|\n|t:|1700030123\n|move|p2a: Zamazenta|Play Rough|p1a: Big Business\n|-damage|p1a: Big Business|43\/100\n|move|p1a: Big Business|Iron Head|p2a: Zamazenta\n|-damage|p2a: Zamazenta|36\/100\n|\n|-heal|p1a: Big Business|49\/100|[from] item: Leftovers\n|-damage|p1a: Big Business|24\/100|[from] Curse\n|upkeep\n|turn|18\n|\n|t:|1700030135\n|move|p1a: Big Business|Sucker Punch|p2a: Zamazenta\n|-resisted|p2a: Zamazenta\n|-damage|p2a: Zamazenta|9\/100\n|move|p2a: Zamazenta|Play Rough|p1a: Big Business|[miss]\n|-miss|p2a: Zamazenta|p1a: Big Business\n|\n|-heal|p1a: Big Business|31\/100|[from] item: Leftovers\n|-damage|p1a: Big Business|6\/100|[from] Curse\n|upkeep\n|turn|19\n|\n|t:|1700030151\n|move|p1a: Big Business|Sucker Punch|p2a: Zamazenta\n|-resisted|p2a: Zamazenta\n|-damage|p2a: Zamazenta|0 fnt\n|faint|p2a: Zamazenta\n|\n|win|WAGAMAMAH\n|raw|WAGAMAMAH's rating: 1143 &rarr; <strong>1174<\/strong><br \/>(+31 for winning)\n|raw|WarpNacelle's rating: 1226 &rarr; <strong>1195<\/strong><br \/>(-31 for losing)\n|l|\u2606WarpNacelle\n","uploadtime":1700030161,"views":24,"p1id":"wagamamah","p2id":"warpnacelle","formatid":"gen9ou","rating":1174,"private":0,"password":""}