{"id":"gen9ou-1996456759","p1":"arkeis","p2":"AmGeiii","format":"[Gen 9] OU","log":"|j|\u2606arkeis\n|j|\u2606AmGeiii\n|inactive|Battle timer is ON: inactive players will automatically lose when time's up.\n|t:|1700683810\n|gametype|singles\n|player|p1|arkeis|drayden|\n|player|p2|AmGeiii|benga|\n|teamsize|p1|6\n|teamsize|p2|5\n|gen|9\n|tier|[Gen 9] OU\n|rated|Tournament battle\n|rule|Sleep Clause Mod: Limit one foe put to sleep\n|rule|Species Clause: Limit one of each Pok\u00e9mon\n|rule|OHKO Clause: OHKO moves are banned\n|rule|Evasion Items Clause: Evasion items are banned\n|rule|Evasion Moves Clause: Evasion moves are banned\n|rule|Endless Battle Clause: Forcing endless battles is banned\n|rule|HP Percentage Mod: HP is shown in percentages\n|rule|Category Swap Mod: All physical moves become special, and vice versa\n|rule|Flipped Mod: Pokemon have their stats flipped (HP becomes Spe, vice versa).\n|clearpoke\n|poke|p1|Dragapult, M|\n|poke|p1|Great Tusk|\n|poke|p1|Blissey, F|\n|poke|p1|Ceruledge, F|\n|poke|p1|Gengar, M|\n|poke|p1|Chesnaught, M|\n|poke|p2|Tornadus-Therian, M|\n|poke|p2|Volcanion|\n|poke|p2|Infernape, M|\n|poke|p2|Hoopa-Unbound|\n|poke|p2|Landorus-Therian, M|\n|teampreview\n|j|*Lady Monita \u2746\n|\n|t:|1700683822\n|start\n|switch|p1a: Gengar|Gengar, M|100\/100\n|switch|p2a: Infernape|Infernape, M|100\/100\n|turn|1\n|\n|t:|1700683831\n|move|p2a: Infernape|Overheat|p1a: Gengar\n|-damage|p1a: Gengar|82\/100\n|-boost|p2a: Infernape|spa|2\n|move|p1a: Gengar|Toxic Spikes|p2a: Infernape\n|-sidestart|p2: AmGeiii|move: Toxic Spikes\n|\n|upkeep\n|turn|2\n|\n|t:|1700683839\n|move|p2a: Infernape|Knock Off|p1a: Gengar\n|-supereffective|p1a: Gengar\n|-enditem|p1a: Gengar|Colbur Berry|[eat]\n|-enditem|p1a: Gengar|Colbur Berry|[weaken]\n|-damage|p1a: Gengar|46\/100\n|move|p1a: Gengar|Clear Smog|p2a: Infernape\n|-damage|p2a: Infernape|92\/100\n|-clearboost|p2a: Infernape\n|\n|-heal|p2a: Infernape|98\/100|[from] item: Leftovers\n|upkeep\n|turn|3\n|\n|t:|1700683857\n|switch|p1a: Ceruledge|Ceruledge, F|100\/100\n|move|p2a: Infernape|Overheat|p1a: Ceruledge\n|-resisted|p1a: Ceruledge\n|-damage|p1a: Ceruledge|81\/100\n|-boost|p2a: Infernape|spa|2\n|\n|-heal|p2a: Infernape|100\/100|[from] item: Leftovers\n|upkeep\n|turn|4\n|\n|t:|1700683867\n|move|p2a: Infernape|Knock Off|p1a: Ceruledge\n|-supereffective|p1a: Ceruledge\n|-damage|p1a: Ceruledge|18\/100\n|-enditem|p1a: Ceruledge|Heavy-Duty Boots|[from] move: Knock Off|[of] p2a: Infernape\n|move|p1a: Ceruledge|Overheat|p2a: Infernape\n|-resisted|p2a: Infernape\n|-damage|p2a: Infernape|85\/100\n|-boost|p1a: Ceruledge|spa|2\n|\n|-heal|p2a: Infernape|92\/100|[from] item: Leftovers\n|upkeep\n|turn|5\n|\n|t:|1700683878\n|move|p1a: Ceruledge|Shadow Sneak|p2a: Infernape\n|-damage|p2a: Infernape|75\/100\n|move|p2a: Infernape|Knock Off|p1a: Ceruledge\n|-supereffective|p1a: Ceruledge\n|-damage|p1a: Ceruledge|0 fnt\n|faint|p1a: Ceruledge\n|\n|-heal|p2a: Infernape|81\/100|[from] item: Leftovers\n|upkeep\n|\n|t:|1700683885\n|switch|p1a: Great Tusk|Great Tusk|100\/100\n|turn|6\n|\n|t:|1700683894\n|move|p1a: Great Tusk|Headlong Rush|p2a: Infernape\n|-supereffective|p2a: Infernape\n|-damage|p2a: Infernape|0 fnt\n|-boost|p1a: Great Tusk|def|1\n|-boost|p1a: Great Tusk|spd|1\n|faint|p2a: Infernape\n|\n|upkeep\n|\n|t:|1700683898\n|switch|p2a: Tornadus|Tornadus-Therian, M|100\/100\n|turn|7\n|j| tayzix\n|\n|t:|1700683904\n|move|p1a: Great Tusk|Knock Off|p2a: Tornadus\n|-damage|p2a: Tornadus|69\/100\n|-enditem|p2a: Tornadus|Heavy-Duty Boots|[from] move: Knock Off|[of] p1a: Great Tusk\n|move|p2a: Tornadus|Knock Off|p1a: Great Tusk\n|-resisted|p1a: Great Tusk\n|-damage|p1a: Great Tusk|95\/100\n|-enditem|p1a: Great Tusk|Expert Belt|[from] move: Knock Off|[of] p2a: Tornadus\n|\n|upkeep\n|turn|8\n|\n|t:|1700683914\n|move|p1a: Great Tusk|Stealth Rock|p2a: Tornadus\n|-sidestart|p2: AmGeiii|move: Stealth Rock\n|move|p2a: Tornadus|Taunt|p1a: Great Tusk\n|-start|p1a: Great Tusk|move: Taunt\n|\n|upkeep\n|turn|9\n|\n|t:|1700683932\n|switch|p1a: Dragapult|Dragapult, M|100\/100\n|move|p2a: Tornadus|Knock Off|p1a: Dragapult\n|-supereffective|p1a: Dragapult\n|-damage|p1a: Dragapult|87\/100\n|-enditem|p1a: Dragapult|Leftovers|[from] move: Knock Off|[of] p2a: Tornadus\n|\n|upkeep\n|turn|10\n|-message|AmGeiii forfeited.\n|\n|win|arkeis\n|n|\u2606arkeis|arkeis\n|n|\u2606AmGeiii|amgeiii\n|n|*Lady Monita \u2746|ladymonita\n|n| tayzix|tayzix\n","uploadtime":1700683942,"views":1,"p1id":"arkeis","p2id":"amgeiii","formatid":"gen9ou","rating":0,"private":0,"password":""}