{"id":"gen9ou-1988392135","p1":"Manof10000switches","p2":"Mareico","format":"[Gen 9] OU","log":"|j|\u2606Manof10000switches\n|j|\u2606Mareico\n|t:|1699717773\n|gametype|singles\n|player|p1|Manof10000switches|youngster-gen4dp|1141\n|player|p2|Mareico|2|1074\n|teamsize|p1|6\n|teamsize|p2|6\n|gen|9\n|tier|[Gen 9] OU\n|rated|\n|rule|Sleep Clause Mod: Limit one foe put to sleep\n|rule|Species Clause: Limit one of each Pok\u00e9mon\n|rule|OHKO Clause: OHKO moves are banned\n|rule|Evasion Items Clause: Evasion items are banned\n|rule|Evasion Moves Clause: Evasion moves are banned\n|rule|Endless Battle Clause: Forcing endless battles is banned\n|rule|HP Percentage Mod: HP is shown in percentages\n|clearpoke\n|poke|p1|Lokix, F|\n|poke|p1|Ogerpon-Wellspring, F|\n|poke|p1|Cinderace, F|\n|poke|p1|Whiscash, M|\n|poke|p1|Zapdos|\n|poke|p1|Shiftry, M|\n|poke|p2|Torterra, M|\n|poke|p2|Ninetales-Alola, F|\n|poke|p2|Azelf|\n|poke|p2|Haxorus, F|\n|poke|p2|Quaquaval, F|\n|poke|p2|Ceruledge, F|\n|teampreview\n|inactive|Battle timer is ON: inactive players will automatically lose when time's up. (requested by Manof10000switches)\n|\n|t:|1699717787\n|start\n|switch|p1a: Cinderace|Cinderace, F|100\/100\n|switch|p2a: Ninetales|Ninetales-Alola, F, shiny|100\/100\n|-weather|Snow|[from] ability: Snow Warning|[of] p2a: Ninetales\n|turn|1\n|\n|t:|1699717796\n|switch|p2a: Ceruledge|Ceruledge, F|100\/100\n|move|p1a: Cinderace|Pyro Ball|p2a: Ceruledge\n|-resisted|p2a: Ceruledge\n|-damage|p2a: Ceruledge|60\/100\n|-ability|p2a: Ceruledge|Weak Armor|boost\n|-unboost|p2a: Ceruledge|def|1\n|-boost|p2a: Ceruledge|spe|2\n|\n|-weather|Snow|[upkeep]\n|upkeep\n|turn|2\n|\n|t:|1699717805\n|move|p1a: Cinderace|Sucker Punch||[still]\n|-fail|p1a: Cinderace\n|move|p2a: Ceruledge|Swords Dance|p2a: Ceruledge\n|-boost|p2a: Ceruledge|atk|2\n|\n|-weather|Snow|[upkeep]\n|upkeep\n|turn|3\n|\n|t:|1699717811\n|move|p1a: Cinderace|Sucker Punch||[still]\n|-fail|p1a: Cinderace\n|move|p2a: Ceruledge|Swords Dance|p2a: Ceruledge\n|-boost|p2a: Ceruledge|atk|2\n|\n|-weather|Snow|[upkeep]\n|upkeep\n|turn|4\n|\n|t:|1699717817\n|move|p2a: Ceruledge|Swords Dance|p2a: Ceruledge\n|-boost|p2a: Ceruledge|atk|2\n|move|p1a: Cinderace|Pyro Ball|p2a: Ceruledge\n|-resisted|p2a: Ceruledge\n|-damage|p2a: Ceruledge|3\/100\n|-ability|p2a: Ceruledge|Weak Armor|boost\n|-unboost|p2a: Ceruledge|def|1\n|-boost|p2a: Ceruledge|spe|2\n|\n|-weather|Snow|[upkeep]\n|upkeep\n|turn|5\n|\n|t:|1699717826\n|-terastallize|p2a: Ceruledge|Ghost\n|move|p2a: Ceruledge|Shadow Sneak|p1a: Cinderace\n|-damage|p1a: Cinderace|0 fnt\n|faint|p1a: Cinderace\n|\n|-weather|none\n|upkeep\n|\n|t:|1699717830\n|switch|p1a: Gaming|Lokix, F|100\/100\n|turn|6\n|\n|t:|1699717834\n|move|p1a: Gaming|First Impression|p2a: Ceruledge\n|-resisted|p2a: Ceruledge\n|-damage|p2a: Ceruledge|0 fnt\n|faint|p2a: Ceruledge\n|-damage|p1a: Gaming|91\/100|[from] item: Life Orb\n|\n|upkeep\n|\n|t:|1699717848\n|switch|p2a: Quaquaval|Quaquaval, F|100\/100\n|turn|7\n|\n|t:|1699717857\n|switch|p1a: Ogerpon|Ogerpon-Wellspring, F|100\/100\n|move|p2a: Quaquaval|Knock Off|p1a: Ogerpon\n|-crit|p1a: Ogerpon\n|-damage|p1a: Ogerpon|64\/100\n|\n|upkeep\n|turn|8\n|\n|t:|1699717873\n|switch|p2a: Azelf|Azelf, shiny|100\/100\n|move|p1a: Ogerpon|Horn Leech|p2a: Azelf\n|-damage|p2a: Azelf|26\/100\n|-heal|p1a: Ogerpon|99\/100|[from] drain|[of] p2a: Azelf\n|\n|upkeep\n|turn|9\n|\n|t:|1699717882\n|move|p2a: Azelf|Stealth Rock|p1a: Ogerpon\n|-sidestart|p1: Manof10000switches|move: Stealth Rock\n|move|p1a: Ogerpon|Ivy Cudgel|p2a: Azelf\n|-crit|p2a: Azelf\n|-damage|p2a: Azelf|0 fnt\n|faint|p2a: Azelf\n|\n|upkeep\n|\n|t:|1699717888\n|switch|p2a: Torterra|Torterra, M|100\/100\n|turn|10\n|\n|t:|1699717893\n|move|p1a: Ogerpon|Ivy Cudgel|p2a: Torterra\n|-damage|p2a: Torterra|46\/100\n|move|p2a: Torterra|Shell Smash|p2a: Torterra\n|-unboost|p2a: Torterra|def|1\n|-unboost|p2a: Torterra|spd|1\n|-boost|p2a: Torterra|atk|2\n|-boost|p2a: Torterra|spa|2\n|-boost|p2a: Torterra|spe|2\n|\n|upkeep\n|turn|11\n|\n|t:|1699717900\n|switch|p1a: Whiscash|Whiscash, M|100\/100\n|-damage|p1a: Whiscash|94\/100|[from] Stealth Rock\n|move|p2a: Torterra|Bullet Seed|p1a: Whiscash\n|-supereffective|p1a: Whiscash\n|-damage|p1a: Whiscash|0 fnt\n|faint|p1a: Whiscash\n|-hitcount|p1: Whiscash|1\n|\n|upkeep\n|\n|t:|1699717902\n|switch|p1a: Gaming|Lokix, F|91\/100\n|-damage|p1a: Gaming|66\/100|[from] Stealth Rock\n|turn|12\n|\n|t:|1699717911\n|switch|p2a: Quaquaval|Quaquaval, F|100\/100\n|move|p1a: Gaming|First Impression|p2a: Quaquaval\n|-resisted|p2a: Quaquaval\n|-damage|p2a: Quaquaval|43\/100\n|-damage|p1a: Gaming|56\/100|[from] item: Life Orb\n|\n|upkeep\n|turn|13\n|\n|t:|1699717922\n|-terastallize|p1a: Gaming|Dark\n|move|p1a: Gaming|Sucker Punch|p2a: Quaquaval\n|-resisted|p2a: Quaquaval\n|-damage|p2a: Quaquaval|0 fnt\n|faint|p2a: Quaquaval\n|-damage|p1a: Gaming|46\/100|[from] item: Life Orb\n|\n|upkeep\n|\n|t:|1699717929\n|switch|p2a: Haxorus|Haxorus, F, shiny|100\/100\n|-ability|p2a: Haxorus|Mold Breaker\n|turn|14\n|\n|t:|1699717935\n|move|p1a: Gaming|Knock Off|p2a: Haxorus\n|-damage|p2a: Haxorus|4\/100\n|-enditem|p2a: Haxorus|Loaded Dice|[from] move: Knock Off|[of] p1a: Gaming\n|-damage|p1a: Gaming|36\/100|[from] item: Life Orb\n|move|p2a: Haxorus|Swords Dance|p2a: Haxorus\n|-boost|p2a: Haxorus|atk|2\n|\n|upkeep\n|turn|15\n|-message|Mareico forfeited.\n|\n|win|Manof10000switches\n|raw|Manof10000switches's rating: 1141 &rarr; <strong>1161<\/strong><br \/>(+20 for winning)\n|raw|Mareico's rating: 1074 &rarr; <strong>1057<\/strong><br \/>(-17 for losing)\n|l|\u2606Mareico\n","uploadtime":1699717943,"views":24,"p1id":"manof10000switches","p2id":"mareico","formatid":"gen9ou","rating":1057,"private":0,"password":""}