{"id":"gen9ou-1998134640","p1":"Sabrina1307","p2":"TheKebin","format":"[Gen 9] OU","log":"|j|\u2606Sabrina1307\n|j|\u2606TheKebin\n|t:|1700897822\n|gametype|singles\n|player|p1|Sabrina1307|101|1392\n|player|p2|TheKebin|worker-gen4|1502\n|teamsize|p1|6\n|teamsize|p2|6\n|gen|9\n|tier|[Gen 9] OU\n|rated|\n|rule|Sleep Clause Mod: Limit one foe put to sleep\n|rule|Species Clause: Limit one of each Pok\u00e9mon\n|rule|OHKO Clause: OHKO moves are banned\n|rule|Evasion Items Clause: Evasion items are banned\n|rule|Evasion Moves Clause: Evasion moves are banned\n|rule|Endless Battle Clause: Forcing endless battles is banned\n|rule|HP Percentage Mod: HP is shown in percentages\n|clearpoke\n|poke|p1|Indeedee, M|\n|poke|p1|Armarouge, F|\n|poke|p1|Hoopa-Unbound|\n|poke|p1|Great Tusk|\n|poke|p1|Bruxish, M|\n|poke|p1|Mew|\n|poke|p2|Milotic, M|\n|poke|p2|Kommo-o, F|\n|poke|p2|Grimmsnarl, M|\n|poke|p2|Maushold|\n|poke|p2|Zapdos|\n|poke|p2|Ceruledge, M|\n|teampreview\n|\n|t:|1700897834\n|start\n|switch|p1a: Indeedee|Indeedee, M|100\/100\n|switch|p2a: Kommo-o|Kommo-o, F|100\/100\n|-fieldstart|move: Psychic Terrain|[from] ability: Psychic Surge|[of] p1a: Indeedee\n|turn|1\n|\n|t:|1700897846\n|switch|p2a: Milotic|Milotic, M|100\/100\n|move|p1a: Indeedee|Psychic|p2a: Milotic\n|-damage|p2a: Milotic|78\/100\n|\n|upkeep\n|turn|2\n|\n|t:|1700897862\n|switch|p1a: Hoopa|Hoopa-Unbound|100\/100\n|-enditem|p1a: Hoopa|Psychic Seed\n|-boost|p1a: Hoopa|spd|1|[from] item: Psychic Seed\n|move|p2a: Milotic|Flip Turn|p1a: Hoopa\n|-damage|p1a: Hoopa|77\/100\n|\n|t:|1700897869\n|switch|p2a: Kommo-o|Kommo-o, F|100\/100|[from] Flip Turn\n|\n|upkeep\n|turn|3\n|\n|t:|1700897876\n|move|p2a: Kommo-o|Scale Shot|p1a: Hoopa\n|-damage|p1a: Hoopa|56\/100\n|-damage|p1a: Hoopa|35\/100\n|-damage|p1a: Hoopa|16\/100\n|-damage|p1a: Hoopa|0 fnt\n|faint|p1a: Hoopa\n|-hitcount|p1: Hoopa|4\n|-unboost|p2a: Kommo-o|def|1\n|-boost|p2a: Kommo-o|spe|1\n|\n|upkeep\n|\n|t:|1700897892\n|switch|p1a: Bruxish|Bruxish, M|100\/100\n|turn|4\n|\n|t:|1700897899\n|move|p2a: Kommo-o|Scale Shot|p1a: Bruxish\n|-damage|p1a: Bruxish|82\/100\n|-damage|p1a: Bruxish|63\/100\n|-damage|p1a: Bruxish|43\/100\n|-damage|p1a: Bruxish|24\/100\n|-damage|p1a: Bruxish|4\/100\n|-hitcount|p1a: Bruxish|5\n|-unboost|p2a: Kommo-o|def|1\n|-boost|p2a: Kommo-o|spe|1\n|move|p1a: Bruxish|Psychic Fangs|p2a: Kommo-o\n|-supereffective|p2a: Kommo-o\n|-damage|p2a: Kommo-o|0 fnt\n|faint|p2a: Kommo-o\n|\n|upkeep\n|\n|t:|1700897912\n|switch|p2a: Ceruledge|Ceruledge, M|100\/100\n|turn|5\n|\n|t:|1700897917\n|move|p1a: Bruxish|Psychic Fangs|p2a: Ceruledge\n|-enditem|p2a: Ceruledge|Focus Sash\n|-damage|p2a: Ceruledge|1\/100\n|-ability|p2a: Ceruledge|Weak Armor|boost\n|-unboost|p2a: Ceruledge|def|1\n|-boost|p2a: Ceruledge|spe|2\n|move|p2a: Ceruledge|Swords Dance|p2a: Ceruledge\n|-boost|p2a: Ceruledge|atk|2\n|\n|upkeep\n|turn|6\n|\n|t:|1700897928\n|switch|p1a: Great Tusk|Great Tusk|100\/100\n|move|p2a: Ceruledge|Bitter Blade|p1a: Great Tusk\n|-damage|p1a: Great Tusk|50\/100\n|-heal|p2a: Ceruledge|39\/100|[from] drain|[of] p1a: Great Tusk\n|-damage|p2a: Ceruledge|22\/100|[from] item: Rocky Helmet|[of] p1a: Great Tusk\n|\n|upkeep\n|turn|7\n|\n|t:|1700897943\n|-terastallize|p2a: Ceruledge|Fire\n|move|p2a: Ceruledge|Bitter Blade|p1a: Great Tusk\n|-damage|p1a: Great Tusk|0 fnt\n|-heal|p2a: Ceruledge|59\/100|[from] drain|[of] p1a: Great Tusk\n|-damage|p2a: Ceruledge|43\/100|[from] item: Rocky Helmet|[of] p1a: Great Tusk\n|faint|p1a: Great Tusk\n|-end|p1a: Great Tusk|Protosynthesis|[silent]\n|\n|upkeep\n|\n|t:|1700897963\n|switch|p1a: Armarouge|Armarouge, F|100\/100\n|turn|8\n|\n|t:|1700897983\n|move|p2a: Ceruledge|Bitter Blade|p1a: Armarouge\n|-resisted|p1a: Armarouge\n|-damage|p1a: Armarouge|30\/100\n|-heal|p2a: Ceruledge|81\/100|[from] drain|[of] p1a: Armarouge\n|-ability|p1a: Armarouge|Weak Armor|boost\n|-unboost|p1a: Armarouge|def|1\n|-boost|p1a: Armarouge|spe|2\n|move|p1a: Armarouge|Expanding Force|p2a: Ceruledge\n|-damage|p2a: Ceruledge|0 fnt\n|faint|p2a: Ceruledge\n|\n|-fieldend|move: Psychic Terrain\n|upkeep\n|\n|t:|1700897991\n|switch|p2a: Milotic|Milotic, M|78\/100\n|turn|9\n|\n|t:|1700897998\n|move|p1a: Armarouge|Destiny Bond|p1a: Armarouge\n|-singlemove|p1a: Armarouge|Destiny Bond\n|move|p2a: Milotic|Flip Turn|p1a: Armarouge\n|-supereffective|p1a: Armarouge\n|-damage|p1a: Armarouge|0 fnt\n|faint|p1a: Armarouge\n|-activate|p1a: Armarouge|move: Destiny Bond\n|faint|p2a: Milotic\n|\n|upkeep\n|\n|t:|1700898008\n|switch|p1a: Indeedee|Indeedee, M|100\/100\n|switch|p2a: Zapdos|Zapdos|100\/100\n|-fieldstart|move: Psychic Terrain|[from] ability: Psychic Surge|[of] p1a: Indeedee\n|turn|10\n|\n|t:|1700898020\n|move|p1a: Indeedee|Hyper Voice|p2a: Zapdos\n|-damage|p2a: Zapdos|69\/100\n|move|p2a: Zapdos|Volt Switch|p1a: Indeedee\n|-damage|p1a: Indeedee|55\/100\n|\n|t:|1700898025\n|switch|p2a: Grimmsnarl|Grimmsnarl, M|100\/100|[from] Volt Switch\n|\n|upkeep\n|turn|11\n|\n|t:|1700898031\n|move|p1a: Indeedee|Hyper Voice|p2a: Grimmsnarl\n|-damage|p2a: Grimmsnarl|77\/100\n|move|p2a: Grimmsnarl|Spirit Break|p1a: Indeedee\n|-damage|p1a: Indeedee|0 fnt\n|faint|p1a: Indeedee\n|\n|upkeep\n|\n|t:|1700898050\n|switch|p1a: Bruxish|Bruxish, M|4\/100\n|turn|12\n|\n|t:|1700898057\n|move|p2a: Grimmsnarl|Reflect|p2a: Grimmsnarl\n|-sidestart|p2: TheKebin|Reflect\n|move|p1a: Bruxish|Wave Crash|p2a: Grimmsnarl\n|-damage|p2a: Grimmsnarl|39\/100\n|-damage|p1a: Bruxish|0 fnt|[from] Recoil\n|faint|p1a: Bruxish\n|\n|upkeep\n|\n|t:|1700898064\n|switch|p1a: Mew|Mew|100\/100\n|-enditem|p1a: Mew|Psychic Seed\n|-boost|p1a: Mew|spd|1|[from] item: Psychic Seed\n|turn|13\n|\n|t:|1700898072\n|move|p2a: Grimmsnarl|Parting Shot|p1a: Mew\n|-activate|p1a: Mew|move: Psychic Terrain\n|move|p1a: Mew|Dragon Dance|p1a: Mew\n|-boost|p1a: Mew|atk|1\n|-boost|p1a: Mew|spe|1\n|\n|upkeep\n|turn|14\n|\n|t:|1700898081\n|move|p1a: Mew|Dragon Dance|p1a: Mew\n|-boost|p1a: Mew|atk|1\n|-boost|p1a: Mew|spe|1\n|move|p2a: Grimmsnarl|Spirit Break|p1a: Mew\n|-damage|p1a: Mew|73\/100\n|-unboost|p1a: Mew|spa|1\n|\n|upkeep\n|turn|15\n|\n|t:|1700898122\n|move|p2a: Grimmsnarl|Light Screen|p2a: Grimmsnarl\n|-sidestart|p2: TheKebin|move: Light Screen\n|move|p1a: Mew|Earthquake|p2a: Grimmsnarl\n|-damage|p2a: Grimmsnarl|0 fnt\n|faint|p2a: Grimmsnarl\n|\n|upkeep\n|\n|t:|1700898129\n|switch|p2a: Zapdos|Zapdos|69\/100\n|turn|16\n|\n|t:|1700898134\n|move|p1a: Mew|Psychic Fangs|p2a: Zapdos\n|-sideend|p2: TheKebin|Reflect\n|-sideend|p2: TheKebin|move: Light Screen\n|-damage|p2a: Zapdos|0 fnt\n|faint|p2a: Zapdos\n|\n|upkeep\n|\n|t:|1700898137\n|switch|p2a: Maushold|Maushold|100\/100\n|turn|17\n|\n|t:|1700898143\n|-terastallize|p1a: Mew|Fighting\n|move|p1a: Mew|Drain Punch|p2a: Maushold\n|-supereffective|p2a: Maushold\n|-damage|p2a: Maushold|0 fnt\n|-heal|p1a: Mew|100\/100|[from] drain|[of] p2a: Maushold\n|faint|p2a: Maushold\n|\n|win|Sabrina1307\n|raw|Sabrina1307's rating: 1392 &rarr; <strong>1418<\/strong><br \/>(+26 for winning)\n|raw|TheKebin's rating: 1502 &rarr; <strong>1476<\/strong><br \/>(-26 for losing)\n|l|\u2606TheKebin\n","uploadtime":1700898356,"views":1,"p1id":"sabrina1307","p2id":"thekebin","formatid":"gen9ou","rating":1418,"private":0,"password":""}