{"id":"gen9ou-1991738044","p1":"deathprofessor21","p2":"punkmag","format":"[Gen 9] OU","log":"|j|\u2606deathprofessor21\n|j|\u2606punkmag\n|t:|1700109070\n|gametype|singles\n|player|p1|deathprofessor21|266|1498\n|player|p2|punkmag|waitress-gen4|1403\n|teamsize|p1|6\n|teamsize|p2|6\n|gen|9\n|tier|[Gen 9] OU\n|rated|\n|rule|Sleep Clause Mod: Limit one foe put to sleep\n|rule|Species Clause: Limit one of each Pok\u00e9mon\n|rule|OHKO Clause: OHKO moves are banned\n|rule|Evasion Items Clause: Evasion items are banned\n|rule|Evasion Moves Clause: Evasion moves are banned\n|rule|Endless Battle Clause: Forcing endless battles is banned\n|rule|HP Percentage Mod: HP is shown in percentages\n|clearpoke\n|poke|p1|Torterra, M|\n|poke|p1|Rillaboom, M|\n|poke|p1|Sneasler, M|\n|poke|p1|Rotom-Wash|\n|poke|p1|Kingambit, M|\n|poke|p1|Dragapult, M|\n|poke|p2|Meloetta|\n|poke|p2|Great Tusk|\n|poke|p2|Dragonite, F|\n|poke|p2|Iron Valiant|\n|poke|p2|Slowking-Galar, F|\n|poke|p2|Corviknight, M|\n|teampreview\n|inactive|Battle timer is ON: inactive players will automatically lose when time's up. (requested by punkmag)\n|\n|t:|1700109083\n|start\n|switch|p1a: Rotom|Rotom-Wash|100\/100\n|switch|p2a: Meloetta|Meloetta|100\/100\n|turn|1\n|\n|t:|1700109096\n|move|p1a: Rotom|Thunder Wave|p2a: Meloetta\n|-status|p2a: Meloetta|par\n|move|p2a: Meloetta|Psychic|p1a: Rotom\n|-damage|p1a: Rotom|51\/100\n|-unboost|p1a: Rotom|spd|1\n|\n|upkeep\n|turn|2\n|\n|t:|1700109118\n|switch|p1a: Kingambit|Kingambit, M|100\/100\n|move|p2a: Meloetta|Relic Song|p1a: Kingambit\n|-resisted|p1a: Kingambit\n|-damage|p1a: Kingambit|81\/100\n|-formechange|p2a: Meloetta|Meloetta-Pirouette|[msg]\n|\n|upkeep\n|turn|3\n|\n|t:|1700109131\n|-end|p1a: Kingambit|fallenundefined|[silent]\n|switch|p1a: Dragapult|Dragapult, M|100\/100\n|move|p2a: Meloetta|Close Combat|p1a: Dragapult\n|-immune|p1a: Dragapult\n|\n|upkeep\n|turn|4\n|\n|t:|1700109138\n|switch|p2a: Slowking|Slowking-Galar, F|100\/100\n|move|p1a: Dragapult|Draco Meteor|p2a: Slowking\n|-damage|p2a: Slowking|68\/100\n|-unboost|p1a: Dragapult|spa|2\n|\n|upkeep\n|turn|5\n|\n|t:|1700109149\n|switch|p1a: Rotom|Rotom-Wash|51\/100\n|move|p2a: Slowking|Flamethrower|p1a: Rotom\n|-resisted|p1a: Rotom\n|-damage|p1a: Rotom|38\/100\n|\n|upkeep\n|turn|6\n|\n|t:|1700109160\n|switch|p2a: Meloetta|Meloetta|100\/100 par\n|move|p1a: Rotom|Will-O-Wisp||[still]\n|-fail|p1a: Rotom\n|\n|upkeep\n|turn|7\n|\n|t:|1700109171\n|switch|p1a: Dragapult|Dragapult, M|100\/100\n|move|p2a: Meloetta|Relic Song|p1a: Dragapult\n|-immune|p1a: Dragapult\n|\n|upkeep\n|turn|8\n|\n|t:|1700109187\n|move|p1a: Dragapult|Shadow Ball|p2a: Meloetta\n|-immune|p2a: Meloetta\n|cant|p2a: Meloetta|par\n|\n|upkeep\n|turn|9\n|\n|t:|1700109197\n|switch|p1a: Rillaboom|Rillaboom, M|100\/100\n|-fieldstart|move: Grassy Terrain|[from] ability: Grassy Surge|[of] p1a: Rillaboom\n|cant|p2a: Meloetta|par\n|\n|upkeep\n|turn|10\n|\n|t:|1700109204\n|switch|p2a: Corviknight|Corviknight, M|100\/100\n|-ability|p2a: Corviknight|Pressure\n|move|p1a: Rillaboom|Wood Hammer|p2a: Corviknight\n|-resisted|p2a: Corviknight\n|-damage|p2a: Corviknight|88\/100\n|-damage|p1a: Rillaboom|84\/100|[from] item: Rocky Helmet|[of] p2a: Corviknight\n|-damage|p1a: Rillaboom|79\/100|[from] Recoil\n|\n|-heal|p1a: Rillaboom|85\/100|[from] Grassy Terrain\n|upkeep\n|turn|11\n|\n|t:|1700109215\n|switch|p1a: Rotom|Rotom-Wash|38\/100\n|move|p2a: Corviknight|U-turn|p1a: Rotom\n|-damage|p1a: Rotom|22\/100\n|\n|t:|1700109220\n|switch|p2a: Meloetta|Meloetta|100\/100 par|[from] U-turn\n|\n|upkeep\n|turn|12\n|\n|t:|1700109226\n|move|p1a: Rotom|Volt Switch|p2a: Meloetta\n|-crit|p2a: Meloetta\n|-damage|p2a: Meloetta|78\/100 par\n|\n|t:|1700109234\n|switch|p1a: Rillaboom|Rillaboom, M|85\/100|[from] Volt Switch\n|move|p2a: Meloetta|Relic Song|p1a: Rillaboom\n|-damage|p1a: Rillaboom|29\/100\n|-formechange|p2a: Meloetta|Meloetta-Pirouette|[msg]\n|\n|-heal|p1a: Rillaboom|35\/100|[from] Grassy Terrain\n|-heal|p2a: Meloetta|84\/100 par|[from] Grassy Terrain\n|upkeep\n|turn|13\n|\n|t:|1700109248\n|switch|p2a: Corviknight|Corviknight, M|88\/100\n|-ability|p2a: Corviknight|Pressure\n|move|p1a: Rillaboom|Wood Hammer|p2a: Corviknight\n|-resisted|p2a: Corviknight\n|-damage|p2a: Corviknight|76\/100\n|-damage|p1a: Rillaboom|19\/100|[from] item: Rocky Helmet|[of] p2a: Corviknight\n|-damage|p1a: Rillaboom|14\/100|[from] Recoil\n|\n|-heal|p1a: Rillaboom|20\/100|[from] Grassy Terrain\n|-fieldend|move: Grassy Terrain\n|upkeep\n|turn|14\n|\n|t:|1700109260\n|switch|p1a: Dragapult|Dragapult, M|100\/100\n|move|p2a: Corviknight|U-turn|p1a: Dragapult\n|-resisted|p1a: Dragapult\n|-damage|p1a: Dragapult|91\/100\n|\n|t:|1700109268\n|switch|p2a: Meloetta|Meloetta|84\/100 par|[from] U-turn\n|\n|upkeep\n|turn|15\n|\n|t:|1700109276\n|move|p1a: Dragapult|Draco Meteor|p2a: Meloetta\n|-damage|p2a: Meloetta|40\/100 par\n|-unboost|p1a: Dragapult|spa|2\n|move|p2a: Meloetta|Relic Song|p1a: Dragapult\n|-immune|p1a: Dragapult\n|\n|upkeep\n|turn|16\n|\n|t:|1700109286\n|move|p1a: Dragapult|Draco Meteor|p2a: Meloetta\n|-damage|p2a: Meloetta|17\/100 par\n|-unboost|p1a: Dragapult|spa|2\n|cant|p2a: Meloetta|par\n|\n|upkeep\n|turn|17\n|\n|t:|1700109299\n|switch|p1a: Kingambit|Kingambit, M|81\/100\n|switch|p2a: Slowking|Slowking-Galar, F|100\/100\n|\n|upkeep\n|turn|18\n|\n|t:|1700109306\n|switch|p2a: King G|Great Tusk|100\/100\n|move|p1a: Kingambit|Swords Dance|p1a: Kingambit\n|-boost|p1a: Kingambit|atk|2\n|\n|upkeep\n|turn|19\n|\n|t:|1700109313\n|-end|p1a: Kingambit|fallenundefined|[silent]\n|switch|p1a: Rotom|Rotom-Wash|22\/100\n|move|p2a: King G|Rapid Spin|p1a: Rotom\n|-damage|p1a: Rotom|5\/100\n|-boost|p2a: King G|spe|1\n|\n|upkeep\n|turn|20\n|\n|t:|1700109326\n|move|p2a: King G|Rapid Spin|p1a: Rotom\n|-damage|p1a: Rotom|0 fnt\n|-boost|p2a: King G|spe|1\n|faint|p1a: Rotom\n|\n|upkeep\n|\n|t:|1700109333\n|switch|p1a: Rillaboom|Rillaboom, M|20\/100\n|-fieldstart|move: Grassy Terrain|[from] ability: Grassy Surge|[of] p1a: Rillaboom\n|turn|21\n|\n|t:|1700109342\n|-end|p2a: King G|Protosynthesis|[silent]\n|switch|p2a: Corviknight|Corviknight, M|76\/100\n|-ability|p2a: Corviknight|Pressure\n|move|p1a: Rillaboom|U-turn|p2a: Corviknight\n|-resisted|p2a: Corviknight\n|-damage|p2a: Corviknight|72\/100\n|-damage|p1a: Rillaboom|4\/100|[from] item: Rocky Helmet|[of] p2a: Corviknight\n|\n|t:|1700109356\n|switch|p1a: Torterra|Torterra, M|100\/100|[from] U-turn\n|\n|upkeep\n|turn|22\n|\n|t:|1700109370\n|move|p1a: Torterra|Stealth Rock|p2a: Corviknight\n|-sidestart|p2: punkmag|move: Stealth Rock\n|move|p2a: Corviknight|U-turn|p1a: Torterra\n|-supereffective|p1a: Torterra\n|-damage|p1a: Torterra|70\/100\n|-enditem|p1a: Torterra|Weakness Policy\n|-boost|p1a: Torterra|atk|2|[from] item: Weakness Policy\n|-boost|p1a: Torterra|spa|2|[from] item: Weakness Policy\n|\n|t:|1700109377\n|switch|p2a: Hero|Iron Valiant|100\/100|[from] U-turn\n|-damage|p2a: Hero|94\/100|[from] Stealth Rock\n|-enditem|p2a: Hero|Booster Energy\n|-activate|p2a: Hero|ability: Quark Drive|[fromitem]\n|-start|p2a: Hero|quarkdrivespe\n|\n|-heal|p2a: Hero|100\/100|[from] Grassy Terrain\n|-heal|p1a: Torterra|76\/100|[from] Grassy Terrain\n|upkeep\n|turn|23\n|\n|t:|1700109400\n|switch|p1a: Dragapult|Dragapult, M|91\/100\n|move|p2a: Hero|Encore||[still]\n|-fail|p2a: Hero\n|\n|-heal|p1a: Dragapult|97\/100|[from] Grassy Terrain\n|upkeep\n|turn|24\n|\n|t:|1700109410\n|-terastallize|p1a: Dragapult|Steel\n|move|p2a: Hero|Moonblast|p1a: Dragapult\n|-resisted|p1a: Dragapult\n|-damage|p1a: Dragapult|67\/100\n|-unboost|p1a: Dragapult|spa|1\n|move|p1a: Dragapult|Shadow Ball|p2a: Hero\n|-damage|p2a: Hero|25\/100\n|\n|-heal|p2a: Hero|32\/100|[from] Grassy Terrain\n|-heal|p1a: Dragapult|73\/100|[from] Grassy Terrain\n|upkeep\n|turn|25\n|\n|t:|1700109422\n|move|p2a: Hero|Close Combat|p1a: Dragapult\n|-supereffective|p1a: Dragapult\n|-damage|p1a: Dragapult|0 fnt\n|-unboost|p2a: Hero|def|1\n|-unboost|p2a: Hero|spd|1\n|faint|p1a: Dragapult\n|\n|-heal|p2a: Hero|38\/100|[from] Grassy Terrain\n|-fieldend|move: Grassy Terrain\n|upkeep\n|\n|t:|1700109431\n|switch|p1a: Rillaboom|Rillaboom, M|4\/100\n|-fieldstart|move: Grassy Terrain|[from] ability: Grassy Surge|[of] p1a: Rillaboom\n|turn|26\n|\n|t:|1700109437\n|move|p2a: Hero|Psychic|p1a: Rillaboom\n|-damage|p1a: Rillaboom|0 fnt\n|faint|p1a: Rillaboom\n|\n|-heal|p2a: Hero|44\/100|[from] Grassy Terrain\n|upkeep\n|\n|t:|1700109442\n|switch|p1a: Sneasler|Sneasler, M|100\/100\n|-enditem|p1a: Sneasler|Grassy Seed\n|-boost|p1a: Sneasler|def|1|[from] item: Grassy Seed\n|turn|27\n|\n|t:|1700109472\n|move|p1a: Sneasler|Acrobatics|p2a: Hero\n|-supereffective|p2a: Hero\n|-damage|p2a: Hero|0 fnt\n|faint|p2a: Hero\n|-end|p2a: Hero|Quark Drive|[silent]\n|\n|upkeep\n|\n|t:|1700109481\n|switch|p2a: Corviknight|Corviknight, M|72\/100\n|-damage|p2a: Corviknight|60\/100|[from] Stealth Rock\n|-ability|p2a: Corviknight|Pressure\n|turn|28\n|\n|t:|1700109489\n|move|p1a: Sneasler|Swords Dance|p1a: Sneasler\n|-boost|p1a: Sneasler|atk|2\n|move|p2a: Corviknight|Roost|p2a: Corviknight\n|-heal|p2a: Corviknight|100\/100\n|-singleturn|p2a: Corviknight|move: Roost\n|\n|upkeep\n|turn|29\n|\n|t:|1700109505\n|move|p1a: Sneasler|Acrobatics|p2a: Corviknight\n|-resisted|p2a: Corviknight\n|-damage|p2a: Corviknight|76\/100\n|-damage|p1a: Sneasler|84\/100|[from] item: Rocky Helmet|[of] p2a: Corviknight\n|move|p2a: Corviknight|Brave Bird|p1a: Sneasler\n|-supereffective|p1a: Sneasler\n|-damage|p1a: Sneasler|0 fnt\n|faint|p1a: Sneasler\n|-damage|p2a: Corviknight|55\/100|[from] Recoil\n|\n|upkeep\n|inactive|deathprofessor21 has 120 seconds left.\n|\n|t:|1700109534\n|switch|p1a: Torterra|Torterra, M|76\/100\n|turn|30\n|\n|t:|1700109549\n|switch|p1a: Kingambit|Kingambit, M|81\/100\n|-activate|p1a: Kingambit|ability: Supreme Overlord\n|-start|p1a: Kingambit|fallen4|[silent]\n|move|p2a: Corviknight|Defog|p1a: Kingambit\n|-unboost|p1a: Kingambit|evasion|1\n|-sideend|p2: punkmag|Stealth Rock|[from] move: Defog|[of] p2a: Corviknight\n|-fieldend|move: Grassy Terrain\n|\n|upkeep\n|turn|31\n|\n|t:|1700109559\n|move|p2a: Corviknight|U-turn|p1a: Kingambit\n|-damage|p1a: Kingambit|70\/100\n|\n|t:|1700109562\n|switch|p2a: King G|Great Tusk|100\/100|[from] U-turn\n|move|p1a: Kingambit|Swords Dance|p1a: Kingambit\n|-boost|p1a: Kingambit|atk|2\n|\n|upkeep\n|turn|32\n|\n|t:|1700109569\n|move|p1a: Kingambit|Sucker Punch||[still]\n|-fail|p1a: Kingambit\n|move|p2a: King G|Bulk Up|p2a: King G\n|-boost|p2a: King G|atk|1\n|-boost|p2a: King G|def|1\n|\n|upkeep\n|turn|33\n|\n|t:|1700109575\n|move|p2a: King G|Earthquake|p1a: Kingambit\n|-supereffective|p1a: Kingambit\n|-damage|p1a: Kingambit|0 fnt\n|faint|p1a: Kingambit\n|-end|p1a: Kingambit|fallen4|[silent]\n|\n|upkeep\n|\n|t:|1700109578\n|switch|p1a: Torterra|Torterra, M|76\/100\n|turn|34\n|\n|t:|1700109582\n|move|p2a: King G|Earthquake|p1a: Torterra\n|-resisted|p1a: Torterra\n|-damage|p1a: Torterra|43\/100\n|move|p1a: Torterra|Shell Smash|p1a: Torterra\n|-unboost|p1a: Torterra|def|1\n|-unboost|p1a: Torterra|spd|1\n|-boost|p1a: Torterra|atk|2\n|-boost|p1a: Torterra|spa|2\n|-boost|p1a: Torterra|spe|2\n|\n|upkeep\n|turn|35\n|\n|t:|1700109592\n|move|p1a: Torterra|Giga Drain|p2a: King G\n|-supereffective|p2a: King G\n|-damage|p2a: King G|0 fnt\n|-heal|p1a: Torterra|100\/100|[from] drain|[of] p2a: King G\n|faint|p2a: King G\n|-end|p2a: King G|Protosynthesis|[silent]\n|\n|upkeep\n|\n|t:|1700109598\n|switch|p2a: Corviknight|Corviknight, M|55\/100\n|-ability|p2a: Corviknight|Pressure\n|turn|36\n|\n|t:|1700109608\n|move|p1a: Torterra|Giga Drain|p2a: Corviknight\n|-resisted|p2a: Corviknight\n|-damage|p2a: Corviknight|44\/100\n|move|p2a: Corviknight|U-turn|p1a: Torterra\n|-supereffective|p1a: Torterra\n|-damage|p1a: Torterra|55\/100\n|\n|t:|1700109614\n|switch|p2a: Totk tears|Dragonite, F|100\/100|[from] U-turn\n|\n|upkeep\n|turn|37\n|\n|t:|1700109623\n|move|p1a: Torterra|Giga Drain|p2a: Totk tears\n|-resisted|p2a: Totk tears\n|-damage|p2a: Totk tears|95\/100\n|-heal|p1a: Torterra|58\/100|[from] drain|[of] p2a: Totk tears\n|move|p2a: Totk tears|Encore|p1a: Torterra\n|-start|p1a: Torterra|Encore\n|\n|upkeep\n|turn|38\n|-message|deathprofessor21 forfeited.\n|\n|win|punkmag\n|raw|deathprofessor21's rating: 1498 &rarr; <strong>1473<\/strong><br \/>(-25 for losing)\n|raw|punkmag's rating: 1403 &rarr; <strong>1428<\/strong><br \/>(+25 for winning)\n|l|\u2606deathprofessor21\n","uploadtime":1700109636,"views":7,"p1id":"deathprofessor21","p2id":"punkmag","formatid":"gen9ou","rating":1428,"private":0,"password":""}