{"id":"gen9ou-1989319217","p1":"aminoac","p2":"Onte bad","format":"[Gen 9] OU","log":"|j|\u2606aminoac\n|j|\u2606Onte bad\n|t:|1699835868\n|gametype|singles\n|player|p1|aminoac|101|1217\n|player|p2|Onte bad|1|1135\n|teamsize|p1|6\n|teamsize|p2|6\n|gen|9\n|tier|[Gen 9] OU\n|rated|\n|rule|Sleep Clause Mod: Limit one foe put to sleep\n|rule|Species Clause: Limit one of each Pok\u00e9mon\n|rule|OHKO Clause: OHKO moves are banned\n|rule|Evasion Items Clause: Evasion items are banned\n|rule|Evasion Moves Clause: Evasion moves are banned\n|rule|Endless Battle Clause: Forcing endless battles is banned\n|rule|HP Percentage Mod: HP is shown in percentages\n|clearpoke\n|poke|p1|Heatran, M|\n|poke|p1|Corviknight, F|\n|poke|p1|Breloom, F|\n|poke|p1|Dondozo, F|\n|poke|p1|Great Tusk|\n|poke|p1|Zapdos|\n|poke|p2|Gholdengo|\n|poke|p2|Glimmora, M|\n|poke|p2|Ribombee, F|\n|poke|p2|Cinderace, F|\n|poke|p2|Dragonite, F|\n|poke|p2|Thundurus-Therian, M|\n|teampreview\n|\n|t:|1699835873\n|start\n|switch|p1a: Corviknight|Corviknight, F|100\/100\n|switch|p2a: Thundurus|Thundurus-Therian, M|100\/100\n|turn|1\n|inactive|Battle timer is ON: inactive players will automatically lose when time's up. (requested by Onte bad)\n|\n|t:|1699835887\n|switch|p1a: Great Tusk|Great Tusk|100\/100\n|move|p2a: Thundurus|Grass Knot|p1a: Great Tusk\n|-supereffective|p1a: Great Tusk\n|-damage|p1a: Great Tusk|24\/100\n|\n|upkeep\n|turn|2\n|\n|t:|1699835896\n|switch|p2a: Ribombee|Ribombee, F|100\/100\n|move|p1a: Great Tusk|Ice Spinner|p2a: Ribombee\n|-damage|p2a: Ribombee|53\/100\n|\n|upkeep\n|turn|3\n|\n|t:|1699835922\n|move|p2a: Ribombee|Moonblast|p1a: Great Tusk\n|-supereffective|p1a: Great Tusk\n|-crit|p1a: Great Tusk\n|-damage|p1a: Great Tusk|0 fnt\n|faint|p1a: Great Tusk\n|-end|p1a: Great Tusk|Protosynthesis|[silent]\n|\n|upkeep\n|inactive|aminoac has 120 seconds left.\n|\n|t:|1699835934\n|switch|p1a: Breloom|Breloom, F|100\/100\n|turn|4\n|\n|t:|1699835953\n|switch|p1a: Heatran|Heatran, M|100\/100\n|move|p2a: Ribombee|Sticky Web|p1a: Heatran\n|-sidestart|p1: aminoac|move: Sticky Web\n|\n|upkeep\n|turn|5\n|\n|t:|1699835965\n|switch|p2a: Cinderace|Cinderace, F|100\/100\n|move|p1a: Heatran|Magma Storm|p2a: Cinderace\n|-resisted|p2a: Cinderace\n|-damage|p2a: Cinderace|67\/100\n|-activate|p2a: Cinderace|move: Magma Storm|[of] p1a: Heatran\n|\n|-damage|p2a: Cinderace|55\/100|[from] move: Magma Storm|[partiallytrapped]\n|upkeep\n|turn|6\n|\n|t:|1699835974\n|move|p1a: Heatran|Protect|p1a: Heatran\n|-singleturn|p1a: Heatran|Protect\n|move|p2a: Cinderace|High Jump Kick|p1a: Heatran\n|-start|p2a: Cinderace|typechange|Fighting|[from] ability: Libero\n|-activate|p1a: Heatran|move: Protect\n|-damage|p2a: Cinderace|5\/100|[from] highjumpkick\n|\n|-damage|p2a: Cinderace|0 fnt|[from] move: Magma Storm|[partiallytrapped]\n|faint|p2a: Cinderace\n|upkeep\n|\n|t:|1699835976\n|switch|p2a: Glimmora|Glimmora, M|100\/100\n|turn|7\n|\n|t:|1699835993\n|switch|p1a: Corviknight|Corviknight, F|100\/100\n|move|p2a: Glimmora|Earth Power|p1a: Corviknight\n|-immune|p1a: Corviknight\n|\n|upkeep\n|turn|8\n|\n|t:|1699836004\n|switch|p2a: Gholdengo|Gholdengo|100\/100\n|move|p1a: Corviknight|U-turn|p2a: Gholdengo\n|-resisted|p2a: Gholdengo\n|-damage|p2a: Gholdengo|97\/100\n|\n|t:|1699836010\n|switch|p1a: Heatran|Heatran, M|100\/100|[from] U-turn\n|-activate|p1a: Heatran|move: Sticky Web\n|-unboost|p1a: Heatran|spe|1\n|\n|-heal|p2a: Gholdengo|100\/100|[from] item: Leftovers\n|upkeep\n|turn|9\n|\n|t:|1699836016\n|switch|p2a: Ribombee|Ribombee, F|53\/100\n|move|p1a: Heatran|Protect||[still]\n|-fail|p1a: Heatran\n|\n|upkeep\n|turn|10\n|\n|t:|1699836023\n|move|p2a: Ribombee|Moonblast|p1a: Heatran\n|-resisted|p1a: Heatran\n|-damage|p1a: Heatran|95\/100\n|move|p1a: Heatran|Magma Storm|p2a: Ribombee\n|-supereffective|p2a: Ribombee\n|-damage|p2a: Ribombee|0 fnt\n|faint|p2a: Ribombee\n|\n|-heal|p1a: Heatran|100\/100|[from] item: Leftovers\n|upkeep\n|\n|t:|1699836028\n|switch|p2a: Dragonite|Dragonite, F|100\/100\n|turn|11\n|\n|t:|1699836035\n|switch|p2a: Thundurus|Thundurus-Therian, M|100\/100\n|move|p1a: Heatran|Magma Storm|p2a: Thundurus\n|-damage|p2a: Thundurus|38\/100\n|-activate|p2a: Thundurus|move: Magma Storm|[of] p1a: Heatran\n|\n|-damage|p2a: Thundurus|26\/100|[from] move: Magma Storm|[partiallytrapped]\n|upkeep\n|turn|12\n|\n|t:|1699836042\n|move|p1a: Heatran|Protect|p1a: Heatran\n|-singleturn|p1a: Heatran|Protect\n|move|p2a: Thundurus|Thunderbolt|p1a: Heatran\n|-activate|p1a: Heatran|move: Protect\n|\n|-damage|p2a: Thundurus|13\/100|[from] move: Magma Storm|[partiallytrapped]\n|upkeep\n|turn|13\n|\n|t:|1699836049\n|move|p2a: Thundurus|Thunderbolt|p1a: Heatran\n|-damage|p1a: Heatran|51\/100\n|-status|p1a: Heatran|par\n|move|p1a: Heatran|Magma Storm|p2a: Thundurus\n|-damage|p2a: Thundurus|0 fnt\n|faint|p2a: Thundurus\n|\n|-heal|p1a: Heatran|57\/100 par|[from] item: Leftovers\n|upkeep\n|\n|t:|1699836054\n|switch|p2a: Glimmora|Glimmora, M|100\/100\n|turn|14\n|\n|t:|1699836060\n|switch|p1a: Corviknight|Corviknight, F|100\/100\n|move|p2a: Glimmora|Stealth Rock|p1a: Corviknight\n|-sidestart|p1: aminoac|move: Stealth Rock\n|\n|upkeep\n|turn|15\n|\n|t:|1699836078\n|switch|p2a: Gholdengo|Gholdengo|100\/100\n|move|p1a: Corviknight|U-turn|p2a: Gholdengo\n|-resisted|p2a: Gholdengo\n|-damage|p2a: Gholdengo|97\/100\n|\n|t:|1699836085\n|switch|p1a: Heatran|Heatran, M|57\/100 par|[from] U-turn\n|-activate|p1a: Heatran|move: Sticky Web\n|-unboost|p1a: Heatran|spe|1\n|-damage|p1a: Heatran|45\/100 par|[from] Stealth Rock\n|\n|-heal|p2a: Gholdengo|100\/100|[from] item: Leftovers\n|-heal|p1a: Heatran|51\/100 par|[from] item: Leftovers\n|upkeep\n|turn|16\n|\n|t:|1699836102\n|move|p2a: Gholdengo|Shadow Ball|p1a: Heatran\n|-damage|p1a: Heatran|30\/100 par\n|-unboost|p1a: Heatran|spd|1\n|move|p1a: Heatran|Magma Storm|p2a: Gholdengo\n|-supereffective|p2a: Gholdengo\n|-damage|p2a: Gholdengo|40\/100\n|-activate|p2a: Gholdengo|move: Magma Storm|[of] p1a: Heatran\n|\n|-heal|p2a: Gholdengo|46\/100|[from] item: Leftovers\n|-heal|p1a: Heatran|36\/100 par|[from] item: Leftovers\n|-damage|p2a: Gholdengo|34\/100|[from] move: Magma Storm|[partiallytrapped]\n|upkeep\n|turn|17\n|\n|t:|1699836114\n|move|p2a: Gholdengo|Recover|p2a: Gholdengo\n|-heal|p2a: Gholdengo|84\/100\n|move|p1a: Heatran|Rest|p1a: Heatran\n|-status|p1a: Heatran|slp|[from] move: Rest\n|-heal|p1a: Heatran|100\/100 slp|[silent]\n|\n|-heal|p2a: Gholdengo|90\/100|[from] item: Leftovers\n|-damage|p2a: Gholdengo|77\/100|[from] move: Magma Storm|[partiallytrapped]\n|upkeep\n|turn|18\n|inactive|aminoac has 120 seconds left.\n|\n|t:|1699836147\n|switch|p2a: Glimmora|Glimmora, M|100\/100\n|cant|p1a: Heatran|slp\n|\n|upkeep\n|turn|19\n|\n|t:|1699836152\n|switch|p1a: Corviknight|Corviknight, F|100\/100\n|-damage|p1a: Corviknight|88\/100|[from] Stealth Rock\n|move|p2a: Glimmora|Spikes|p1a: Corviknight\n|-sidestart|p1: aminoac|Spikes\n|\n|upkeep\n|turn|20\n|\n|t:|1699836159\n|switch|p2a: Gholdengo|Gholdengo|77\/100\n|move|p1a: Corviknight|Iron Defense|p1a: Corviknight\n|-boost|p1a: Corviknight|def|2\n|\n|-heal|p2a: Gholdengo|84\/100|[from] item: Leftovers\n|upkeep\n|turn|21\n|\n|t:|1699836166\n|move|p2a: Gholdengo|Nasty Plot|p2a: Gholdengo\n|-boost|p2a: Gholdengo|spa|2\n|move|p1a: Corviknight|U-turn|p2a: Gholdengo\n|-resisted|p2a: Gholdengo\n|-damage|p2a: Gholdengo|80\/100\n|\n|t:|1699836180\n|switch|p1a: Heatran|Heatran, M|100\/100 slp|[from] U-turn\n|-activate|p1a: Heatran|move: Sticky Web\n|-unboost|p1a: Heatran|spe|1\n|-damage|p1a: Heatran|88\/100 slp|[from] Stealth Rock\n|-damage|p1a: Heatran|76\/100 slp|[from] Spikes\n|\n|-heal|p2a: Gholdengo|86\/100|[from] item: Leftovers\n|-heal|p1a: Heatran|82\/100 slp|[from] item: Leftovers\n|upkeep\n|turn|22\n|\n|t:|1699836190\n|move|p2a: Gholdengo|Shadow Ball|p1a: Heatran\n|-damage|p1a: Heatran|36\/100 slp\n|cant|p1a: Heatran|slp\n|\n|-heal|p2a: Gholdengo|93\/100|[from] item: Leftovers\n|-heal|p1a: Heatran|42\/100 slp|[from] item: Leftovers\n|upkeep\n|turn|23\n|\n|t:|1699836203\n|-curestatus|p1a: Heatran|slp|[msg]\n|move|p1a: Heatran|Protect|p1a: Heatran\n|-singleturn|p1a: Heatran|Protect\n|move|p2a: Gholdengo|Shadow Ball|p1a: Heatran\n|-activate|p1a: Heatran|move: Protect\n|\n|-heal|p2a: Gholdengo|99\/100|[from] item: Leftovers\n|-heal|p1a: Heatran|48\/100|[from] item: Leftovers\n|upkeep\n|turn|24\n|\n|t:|1699836231\n|move|p2a: Gholdengo|Shadow Ball|p1a: Heatran\n|-crit|p1a: Heatran\n|-damage|p1a: Heatran|0 fnt\n|faint|p1a: Heatran\n|\n|-heal|p2a: Gholdengo|100\/100|[from] item: Leftovers\n|upkeep\n|c|\u2606Onte bad|ty rng\n|\n|t:|1699836246\n|switch|p1a: Zapdos|Zapdos|100\/100\n|turn|25\n|\n|t:|1699836252\n|move|p1a: Zapdos|Volt Switch|p2a: Gholdengo\n|-damage|p2a: Gholdengo|73\/100\n|\n|t:|1699836261\n|switch|p1a: Corviknight|Corviknight, F|88\/100|[from] Volt Switch\n|-damage|p1a: Corviknight|75\/100|[from] Stealth Rock\n|move|p2a: Gholdengo|Shadow Ball|p1a: Corviknight\n|-damage|p1a: Corviknight|6\/100\n|-ability|p1a: Corviknight|Mirror Armor\n|-unboost|p2a: Gholdengo|spd|1\n|\n|-heal|p2a: Gholdengo|79\/100|[from] item: Leftovers\n|upkeep\n|turn|26\n|\n|t:|1699836273\n|move|p2a: Gholdengo|Shadow Ball|p1a: Corviknight\n|-damage|p1a: Corviknight|0 fnt\n|faint|p1a: Corviknight\n|\n|-heal|p2a: Gholdengo|85\/100|[from] item: Leftovers\n|upkeep\n|\n|t:|1699836279\n|switch|p1a: Zapdos|Zapdos|100\/100\n|turn|27\n|\n|t:|1699836290\n|switch|p2a: Glimmora|Glimmora, M|100\/100\n|-terastallize|p1a: Zapdos|Electric\n|move|p1a: Zapdos|Volt Switch|p2a: Glimmora\n|-damage|p2a: Glimmora|38\/100\n|\n|t:|1699836302\n|switch|p1a: Dondozo|Dondozo, F|100\/100|[from] Volt Switch\n|-activate|p1a: Dondozo|move: Sticky Web\n|-unboost|p1a: Dondozo|spe|1\n|-damage|p1a: Dondozo|88\/100|[from] Stealth Rock\n|-damage|p1a: Dondozo|75\/100|[from] Spikes\n|\n|upkeep\n|turn|28\n|\n|t:|1699836313\n|move|p2a: Glimmora|Mortal Spin|p1a: Dondozo\n|-crit|p1a: Dondozo\n|-damage|p1a: Dondozo|71\/100\n|-status|p1a: Dondozo|psn\n|move|p1a: Dondozo|Liquidation|p2a: Glimmora\n|-supereffective|p2a: Glimmora\n|-damage|p2a: Glimmora|0 fnt\n|-activate|p2a: Glimmora|ability: Toxic Debris\n|-sidestart|p1: aminoac|move: Toxic Spikes\n|faint|p2a: Glimmora\n|\n|-damage|p1a: Dondozo|58\/100 psn|[from] psn\n|upkeep\n|inactive|Onte bad has 120 seconds left.\n|\n|t:|1699836349\n|switch|p2a: Dragonite|Dragonite, F|100\/100\n|turn|29\n|\n|t:|1699836353\n|move|p2a: Dragonite|Dragon Dance|p2a: Dragonite\n|-boost|p2a: Dragonite|atk|1\n|-boost|p2a: Dragonite|spe|1\n|move|p1a: Dondozo|Curse|p1a: Dondozo\n|-unboost|p1a: Dondozo|spe|1\n|-boost|p1a: Dondozo|atk|1\n|-boost|p1a: Dondozo|def|1\n|\n|-damage|p1a: Dondozo|46\/100 psn|[from] psn\n|upkeep\n|turn|30\n|\n|t:|1699836363\n|move|p2a: Dragonite|Dragon Dance|p2a: Dragonite\n|-boost|p2a: Dragonite|atk|1\n|-boost|p2a: Dragonite|spe|1\n|move|p1a: Dondozo|Curse|p1a: Dondozo\n|-unboost|p1a: Dondozo|spe|1\n|-boost|p1a: Dondozo|atk|1\n|-boost|p1a: Dondozo|def|1\n|\n|-damage|p1a: Dondozo|33\/100 psn|[from] psn\n|upkeep\n|turn|31\n|\n|t:|1699836371\n|move|p2a: Dragonite|Dragon Dance|p2a: Dragonite\n|-boost|p2a: Dragonite|atk|1\n|-boost|p2a: Dragonite|spe|1\n|move|p1a: Dondozo|Rest|p1a: Dondozo\n|-status|p1a: Dondozo|slp|[from] move: Rest\n|-heal|p1a: Dondozo|100\/100 slp|[silent]\n|-enditem|p1a: Dondozo|Chesto Berry|[eat]\n|-curestatus|p1a: Dondozo|slp|[msg]\n|\n|upkeep\n|turn|32\n|\n|t:|1699836379\n|move|p2a: Dragonite|Dragon Dance|p2a: Dragonite\n|-boost|p2a: Dragonite|atk|1\n|-boost|p2a: Dragonite|spe|1\n|move|p1a: Dondozo|Curse|p1a: Dondozo\n|-unboost|p1a: Dondozo|spe|1\n|-boost|p1a: Dondozo|atk|1\n|-boost|p1a: Dondozo|def|1\n|\n|upkeep\n|turn|33\n|\n|t:|1699836386\n|move|p2a: Dragonite|Dragon Dance|p2a: Dragonite\n|-boost|p2a: Dragonite|atk|1\n|-boost|p2a: Dragonite|spe|1\n|move|p1a: Dondozo|Curse|p1a: Dondozo\n|-unboost|p1a: Dondozo|spe|1\n|-boost|p1a: Dondozo|atk|1\n|-boost|p1a: Dondozo|def|1\n|\n|upkeep\n|turn|34\n|\n|t:|1699836393\n|move|p2a: Dragonite|Dragon Dance|p2a: Dragonite\n|-boost|p2a: Dragonite|atk|1\n|-boost|p2a: Dragonite|spe|1\n|move|p1a: Dondozo|Curse|p1a: Dondozo\n|-unboost|p1a: Dondozo|spe|1\n|-boost|p1a: Dondozo|atk|1\n|-boost|p1a: Dondozo|def|1\n|\n|upkeep\n|turn|35\n|\n|t:|1699836403\n|move|p2a: Dragonite|Earthquake|p1a: Dondozo\n|-damage|p1a: Dondozo|96\/100\n|move|p1a: Dondozo|Curse|p1a: Dondozo\n|-boost|p1a: Dondozo|atk|1\n|-boost|p1a: Dondozo|def|1\n|\n|upkeep\n|turn|36\n|\n|t:|1699836410\n|move|p2a: Dragonite|Earthquake|p1a: Dondozo\n|-damage|p1a: Dondozo|91\/100\n|move|p1a: Dondozo|Liquidation|p2a: Dragonite\n|-resisted|p2a: Dragonite\n|-damage|p2a: Dragonite|71\/100\n|\n|upkeep\n|turn|37\n|\n|t:|1699836416\n|move|p2a: Dragonite|Earthquake|p1a: Dondozo\n|-damage|p1a: Dondozo|87\/100\n|move|p1a: Dondozo|Liquidation|p2a: Dragonite\n|-resisted|p2a: Dragonite\n|-damage|p2a: Dragonite|5\/100\n|\n|upkeep\n|turn|38\n|\n|t:|1699836422\n|move|p2a: Dragonite|Earthquake|p1a: Dondozo\n|-crit|p1a: Dondozo\n|-damage|p1a: Dondozo|60\/100\n|move|p1a: Dondozo|Liquidation|p2a: Dragonite\n|-resisted|p2a: Dragonite\n|-damage|p2a: Dragonite|0 fnt\n|faint|p2a: Dragonite\n|\n|upkeep\n|\n|t:|1699836423\n|switch|p2a: Gholdengo|Gholdengo|85\/100\n|turn|39\n|\n|t:|1699836430\n|move|p2a: Gholdengo|Nasty Plot|p2a: Gholdengo\n|-boost|p2a: Gholdengo|spa|2\n|move|p1a: Dondozo|Liquidation|p2a: Gholdengo\n|-damage|p2a: Gholdengo|0 fnt\n|faint|p2a: Gholdengo\n|\n|win|aminoac\n|raw|aminoac's rating: 1217 &rarr; <strong>1236<\/strong><br \/>(+19 for winning)\n|raw|Onte bad's rating: 1135 &rarr; <strong>1116<\/strong><br \/>(-19 for losing)\n|c|\u2606Onte bad|ggs\n","uploadtime":1699836435,"views":8,"p1id":"aminoac","p2id":"ontebad","formatid":"gen9ou","rating":1116,"private":0,"password":""}