{"id":"gen9ou-1989113629","p1":"Kpizzle35","p2":"Violet Mask","format":"[Gen 9] OU","log":"|j|\u2606Kpizzle35\n|j|\u2606Violet Mask\n|t:|1699813673\n|gametype|singles\n|player|p1|Kpizzle35|1|1466\n|player|p2|Violet Mask|lucian|1418\n|teamsize|p1|6\n|teamsize|p2|6\n|gen|9\n|tier|[Gen 9] OU\n|rated|\n|rule|Sleep Clause Mod: Limit one foe put to sleep\n|rule|Species Clause: Limit one of each Pok\u00e9mon\n|rule|OHKO Clause: OHKO moves are banned\n|rule|Evasion Items Clause: Evasion items are banned\n|rule|Evasion Moves Clause: Evasion moves are banned\n|rule|Endless Battle Clause: Forcing endless battles is banned\n|rule|HP Percentage Mod: HP is shown in percentages\n|clearpoke\n|poke|p1|Dragapult, F|\n|poke|p1|Maushold-Four|\n|poke|p1|Blissey, F|\n|poke|p1|Ting-Lu|\n|poke|p1|Great Tusk|\n|poke|p1|Moltres|\n|poke|p2|Toxapex, M|\n|poke|p2|Garchomp, F|\n|poke|p2|Heatran, M|\n|poke|p2|Mandibuzz, F|\n|poke|p2|Zamazenta-*|\n|poke|p2|Hoopa-Unbound|\n|teampreview\n|inactive|Battle timer is ON: inactive players will automatically lose when time's up. (requested by Violet Mask)\n|j| Winterscoming187\n|j| sakyaz\n|\n|t:|1699813691\n|start\n|switch|p1a: kyle kuzma|Dragapult, F|100\/100\n|switch|p2a: Heatran|Heatran, M|100\/100\n|turn|1\n|\n|t:|1699813697\n|move|p2a: Heatran|Protect|p2a: Heatran\n|-singleturn|p2a: Heatran|Protect\n|move|p1a: kyle kuzma|Thunder Wave|p2a: Heatran\n|-activate|p2a: Heatran|move: Protect\n|\n|upkeep\n|turn|2\n|\n|t:|1699813702\n|move|p1a: kyle kuzma|Thunder Wave|p2a: Heatran\n|-status|p2a: Heatran|par\n|move|p2a: Heatran|Magma Storm|p1a: kyle kuzma|[miss]\n|-miss|p2a: Heatran|p1a: kyle kuzma\n|\n|upkeep\n|turn|3\n|\n|t:|1699813706\n|move|p1a: kyle kuzma|Hex|p2a: Heatran\n|-damage|p2a: Heatran|66\/100 par\n|move|p2a: Heatran|Magma Storm|p1a: kyle kuzma\n|-resisted|p1a: kyle kuzma\n|-damage|p1a: kyle kuzma|71\/100\n|-activate|p1a: kyle kuzma|move: Magma Storm|[of] p2a: Heatran\n|\n|-heal|p2a: Heatran|72\/100 par|[from] item: Leftovers\n|-damage|p1a: kyle kuzma|59\/100|[from] move: Magma Storm|[partiallytrapped]\n|upkeep\n|turn|4\n|\n|t:|1699813709\n|cant|p2a: Heatran|par\n|move|p1a: kyle kuzma|U-turn|p2a: Heatran\n|-resisted|p2a: Heatran\n|-damage|p2a: Heatran|68\/100 par\n|\n|t:|1699813712\n|switch|p1a: anthony davis|Great Tusk|100\/100|[from] U-turn\n|\n|-heal|p2a: Heatran|74\/100 par|[from] item: Leftovers\n|upkeep\n|turn|5\n|\n|t:|1699813719\n|switch|p2a: Mandibuzz|Mandibuzz, F|100\/100\n|move|p1a: anthony davis|Knock Off|p2a: Mandibuzz\n|-resisted|p2a: Mandibuzz\n|-damage|p2a: Mandibuzz|91\/100\n|-enditem|p2a: Mandibuzz|Heavy-Duty Boots|[from] move: Knock Off|[of] p1a: anthony davis\n|\n|upkeep\n|turn|6\n|\n|t:|1699813727\n|-end|p1a: anthony davis|Protosynthesis|[silent]\n|switch|p1a: javale mcgee|Blissey, F|100\/100\n|move|p2a: Mandibuzz|Toxic|p1a: javale mcgee\n|-status|p1a: javale mcgee|tox\n|\n|-damage|p1a: javale mcgee|94\/100 tox|[from] psn\n|upkeep\n|turn|7\n|\n|t:|1699813734\n|move|p2a: Mandibuzz|Foul Play|p1a: javale mcgee\n|-damage|p1a: javale mcgee|91\/100 tox\n|move|p1a: javale mcgee|Stealth Rock|p2a: Mandibuzz\n|-sidestart|p2: Violet Mask|move: Stealth Rock\n|\n|-heal|p1a: javale mcgee|98\/100 tox|[from] item: Leftovers\n|-damage|p1a: javale mcgee|85\/100 tox|[from] psn\n|upkeep\n|turn|8\n|\n|t:|1699813737\n|move|p2a: Mandibuzz|Defog|p1a: javale mcgee\n|-unboost|p1a: javale mcgee|evasion|1\n|-sideend|p2: Violet Mask|Stealth Rock|[from] move: Defog|[of] p2a: Mandibuzz\n|move|p1a: javale mcgee|Thunder Wave|p2a: Mandibuzz\n|-status|p2a: Mandibuzz|par\n|\n|-heal|p1a: javale mcgee|91\/100 tox|[from] item: Leftovers\n|-damage|p1a: javale mcgee|73\/100 tox|[from] psn\n|upkeep\n|turn|9\n|\n|t:|1699813749\n|switch|p2a: Hoopa|Hoopa-Unbound|100\/100\n|move|p1a: javale mcgee|Stealth Rock|p2a: Hoopa\n|-sidestart|p2: Violet Mask|move: Stealth Rock\n|\n|-heal|p1a: javale mcgee|79\/100 tox|[from] item: Leftovers\n|-damage|p1a: javale mcgee|54\/100 tox|[from] psn\n|upkeep\n|turn|10\n|\n|t:|1699813754\n|-curestatus|p1a: javale mcgee|tox|[from] ability: Natural Cure\n|switch|p1a: kcp|Moltres|100\/100\n|move|p2a: Hoopa|Knock Off|p1a: kcp\n|-damage|p1a: kcp|33\/100\n|-status|p2a: Hoopa|brn|[from] ability: Flame Body|[of] p1a: kcp\n|-enditem|p1a: kcp|Heavy-Duty Boots|[from] move: Knock Off|[of] p2a: Hoopa\n|\n|-damage|p2a: Hoopa|95\/100 brn|[from] brn\n|upkeep\n|turn|11\n|inactive|Violet Mask has 120 seconds left.\n|inactive|Violet Mask has 90 seconds left.\n|inactive|Violet Mask has 60 seconds left.\n|\n|t:|1699813846\n|-terastallize|p2a: Hoopa|Dark\n|move|p2a: Hoopa|Knock Off|p1a: kcp\n|-damage|p1a: kcp|4\/100\n|move|p1a: kcp|Roost|p1a: kcp\n|-heal|p1a: kcp|54\/100\n|-singleturn|p1a: kcp|move: Roost\n|\n|-damage|p2a: Hoopa|89\/100 brn|[from] brn\n|upkeep\n|turn|12\n|\n|t:|1699813868\n|switch|p2a: Heatran|Heatran, M|74\/100 par\n|-damage|p2a: Heatran|62\/100 par|[from] Stealth Rock\n|move|p1a: kcp|U-turn|p2a: Heatran\n|-resisted|p2a: Heatran\n|-damage|p2a: Heatran|59\/100 par\n|\n|t:|1699813875\n|switch|p1a: anthony davis|Great Tusk|100\/100|[from] U-turn\n|\n|-heal|p2a: Heatran|65\/100 par|[from] item: Leftovers\n|upkeep\n|turn|13\n|\n|t:|1699813884\n|switch|p2a: Mandibuzz|Mandibuzz, F|91\/100 par\n|-damage|p2a: Mandibuzz|66\/100 par|[from] Stealth Rock\n|move|p1a: anthony davis|Close Combat|p2a: Mandibuzz\n|-damage|p2a: Mandibuzz|29\/100 par\n|-unboost|p1a: anthony davis|def|1\n|-unboost|p1a: anthony davis|spd|1\n|\n|upkeep\n|turn|14\n|\n|t:|1699813891\n|move|p1a: anthony davis|Close Combat|p2a: Mandibuzz\n|-damage|p2a: Mandibuzz|0 fnt\n|-unboost|p1a: anthony davis|def|1\n|-unboost|p1a: anthony davis|spd|1\n|faint|p2a: Mandibuzz\n|\n|upkeep\n|\n|t:|1699813894\n|switch|p2a: Quacker|Garchomp, F|100\/100\n|-damage|p2a: Quacker|94\/100|[from] Stealth Rock\n|turn|15\n|\n|t:|1699813898\n|-end|p1a: anthony davis|Protosynthesis|[silent]\n|switch|p1a: kcp|Moltres|54\/100\n|move|p2a: Quacker|Scale Shot|p1a: kcp\n|-damage|p1a: kcp|45\/100\n|-damage|p1a: kcp|35\/100\n|-damage|p1a: kcp|25\/100\n|-damage|p1a: kcp|15\/100\n|-hitcount|p1a: kcp|4\n|-unboost|p2a: Quacker|def|1\n|-boost|p2a: Quacker|spe|1\n|\n|upkeep\n|turn|16\n|l| Winterscoming187\n|\n|t:|1699813906\n|move|p2a: Quacker|Tera Blast|p1a: kcp\n|-damage|p1a: kcp|0 fnt\n|faint|p1a: kcp\n|\n|upkeep\n|\n|t:|1699813912\n|switch|p1a: alex caruso|Ting-Lu|100\/100\n|-ability|p1a: alex caruso|Vessel of Ruin\n|turn|17\n|\n|t:|1699813918\n|move|p2a: Quacker|Earthquake|p1a: alex caruso\n|-damage|p1a: alex caruso|79\/100\n|-enditem|p1a: alex caruso|Red Card|[of] p2a: Quacker\n|drag|p2a: Zamazenta|Zamazenta|100\/100\n|-damage|p2a: Zamazenta|94\/100|[from] Stealth Rock\n|-ability|p2a: Zamazenta|Dauntless Shield|boost\n|-boost|p2a: Zamazenta|def|1\n|move|p1a: alex caruso|Spikes|p2a: Zamazenta\n|-sidestart|p2: Violet Mask|Spikes\n|\n|-heal|p2a: Zamazenta|100\/100|[from] item: Leftovers\n|upkeep\n|turn|18\n|\n|t:|1699813931\n|move|p2a: Zamazenta|Body Press|p1a: alex caruso\n|-supereffective|p1a: alex caruso\n|-damage|p1a: alex caruso|39\/100\n|move|p1a: alex caruso|Earthquake|p2a: Zamazenta\n|-damage|p2a: Zamazenta|82\/100\n|\n|-heal|p2a: Zamazenta|89\/100|[from] item: Leftovers\n|upkeep\n|turn|19\n|\n|t:|1699813935\n|switch|p1a: kyle kuzma|Dragapult, F|59\/100\n|move|p2a: Zamazenta|Crunch|p1a: kyle kuzma\n|-supereffective|p1a: kyle kuzma\n|-damage|p1a: kyle kuzma|0 fnt\n|faint|p1a: kyle kuzma\n|\n|-heal|p2a: Zamazenta|95\/100|[from] item: Leftovers\n|upkeep\n|\n|t:|1699813943\n|switch|p1a: lebron james|Maushold-Four, shiny|100\/100\n|turn|20\n|\n|t:|1699813946\n|-terastallize|p1a: lebron james|Ghost\n|move|p2a: Zamazenta|Body Press|p1a: lebron james\n|-immune|p1a: lebron james\n|move|p1a: lebron james|Encore|p2a: Zamazenta\n|-start|p2a: Zamazenta|Encore\n|\n|-heal|p2a: Zamazenta|100\/100|[from] item: Leftovers\n|upkeep\n|turn|21\n|\n|t:|1699813953\n|switch|p2a: Quacker|Garchomp, F|94\/100\n|-damage|p2a: Quacker|88\/100|[from] Stealth Rock\n|-damage|p2a: Quacker|76\/100|[from] Spikes\n|move|p1a: lebron james|Population Bomb|p2a: Quacker\n|-damage|p2a: Quacker|66\/100\n|-damage|p1a: lebron james|88\/100|[from] ability: Rough Skin|[of] p2a: Quacker\n|-hitcount|p2a: Quacker|1\n|\n|upkeep\n|turn|22\n|\n|t:|1699813968\n|switch|p1a: alex caruso|Ting-Lu|39\/100\n|-ability|p1a: alex caruso|Vessel of Ruin\n|move|p2a: Quacker|Scale Shot|p1a: alex caruso\n|-damage|p1a: alex caruso|34\/100\n|-damage|p1a: alex caruso|28\/100\n|-damage|p1a: alex caruso|23\/100\n|-damage|p1a: alex caruso|18\/100\n|-damage|p1a: alex caruso|12\/100\n|-hitcount|p1a: alex caruso|5\n|-unboost|p2a: Quacker|def|1\n|-boost|p2a: Quacker|spe|1\n|\n|upkeep\n|turn|23\n|\n|t:|1699813972\n|move|p2a: Quacker|Earthquake|p1a: alex caruso\n|-damage|p1a: alex caruso|0 fnt\n|faint|p1a: alex caruso\n|\n|upkeep\n|\n|t:|1699813975\n|switch|p1a: anthony davis|Great Tusk|100\/100\n|turn|24\n|\n|t:|1699813983\n|switch|p2a: Heatran|Heatran, M|65\/100 par\n|-damage|p2a: Heatran|53\/100 par|[from] Stealth Rock\n|-damage|p2a: Heatran|40\/100 par|[from] Spikes\n|move|p1a: anthony davis|Earthquake|p2a: Heatran\n|-supereffective|p2a: Heatran\n|-damage|p2a: Heatran|0 fnt\n|faint|p2a: Heatran\n|\n|upkeep\n|\n|t:|1699813986\n|switch|p2a: Zamazenta|Zamazenta|100\/100\n|-damage|p2a: Zamazenta|94\/100|[from] Stealth Rock\n|-damage|p2a: Zamazenta|82\/100|[from] Spikes\n|turn|25\n|\n|t:|1699813991\n|move|p2a: Zamazenta|Iron Defense|p2a: Zamazenta\n|-boost|p2a: Zamazenta|def|2\n|move|p1a: anthony davis|Knock Off|p2a: Zamazenta\n|-resisted|p2a: Zamazenta\n|-damage|p2a: Zamazenta|76\/100\n|-enditem|p2a: Zamazenta|Leftovers|[from] move: Knock Off|[of] p1a: anthony davis\n|\n|upkeep\n|turn|26\n|\n|t:|1699813997\n|-end|p1a: anthony davis|Protosynthesis|[silent]\n|switch|p1a: lebron james|Maushold-Four, shiny, tera:Ghost|88\/100\n|move|p2a: Zamazenta|Iron Defense|p2a: Zamazenta\n|-boost|p2a: Zamazenta|def|2\n|\n|upkeep\n|turn|27\n|\n|t:|1699814006\n|move|p2a: Zamazenta|Crunch|p1a: lebron james\n|-supereffective|p1a: lebron james\n|-damage|p1a: lebron james|20\/100\n|move|p1a: lebron james|Population Bomb|p2a: Zamazenta\n|-damage|p2a: Zamazenta|73\/100\n|-damage|p2a: Zamazenta|70\/100\n|-damage|p2a: Zamazenta|67\/100\n|-damage|p2a: Zamazenta|64\/100\n|-hitcount|p2a: Zamazenta|4\n|\n|upkeep\n|turn|28\n|\n|t:|1699814016\n|switch|p1a: javale mcgee|Blissey, F|54\/100\n|move|p2a: Zamazenta|Crunch|p1a: javale mcgee\n|-damage|p1a: javale mcgee|37\/100\n|\n|-heal|p1a: javale mcgee|43\/100|[from] item: Leftovers\n|upkeep\n|turn|29\n|\n|t:|1699814019\n|move|p2a: Zamazenta|Body Press|p1a: javale mcgee\n|-supereffective|p1a: javale mcgee\n|-damage|p1a: javale mcgee|0 fnt\n|faint|p1a: javale mcgee\n|\n|upkeep\n|\n|t:|1699814022\n|switch|p1a: anthony davis|Great Tusk|100\/100\n|turn|30\n|\n|t:|1699814024\n|move|p2a: Zamazenta|Iron Defense|p2a: Zamazenta\n|-boost|p2a: Zamazenta|def|2\n|move|p1a: anthony davis|Earthquake|p2a: Zamazenta\n|-damage|p2a: Zamazenta|55\/100\n|\n|upkeep\n|turn|31\n|\n|t:|1699814027\n|move|p2a: Zamazenta|Body Press|p1a: anthony davis\n|-damage|p1a: anthony davis|2\/100\n|move|p1a: anthony davis|Earthquake|p2a: Zamazenta\n|-damage|p2a: Zamazenta|45\/100\n|\n|upkeep\n|turn|32\n|\n|t:|1699814030\n|move|p2a: Zamazenta|Body Press|p1a: anthony davis\n|-damage|p1a: anthony davis|0 fnt\n|faint|p1a: anthony davis\n|-end|p1a: anthony davis|Protosynthesis|[silent]\n|\n|upkeep\n|\n|t:|1699814031\n|switch|p1a: lebron james|Maushold-Four, shiny, tera:Ghost|20\/100\n|turn|33\n|-message|Kpizzle35 forfeited.\n|\n|win|Violet Mask\n|raw|Kpizzle35's rating: 1466 &rarr; <strong>1443<\/strong><br \/>(-23 for losing)\n|raw|Violet Mask's rating: 1418 &rarr; <strong>1441<\/strong><br \/>(+23 for winning)\n|l|\u2606Kpizzle35\n","uploadtime":1699814038,"views":11,"p1id":"kpizzle35","p2id":"violetmask","formatid":"gen9ou","rating":1441,"private":0,"password":""}