{"id":"gen9ou-1998064008","p1":"Cardo Pixelado","p2":"Imanjoneser","format":"[Gen 9] OU","log":"|j|\u2606Cardo Pixelado\n|j|\u2606Imanjoneser\n|t:|1700885726\n|gametype|singles\n|player|p1|Cardo Pixelado|veteran|\n|player|p2|Imanjoneser|bugcatcher-gen4dp|\n|teamsize|p1|6\n|teamsize|p2|6\n|gen|9\n|tier|[Gen 9] OU\n|rule|Sleep Clause Mod: Limit one foe put to sleep\n|rule|Species Clause: Limit one of each Pok\u00e9mon\n|rule|OHKO Clause: OHKO moves are banned\n|rule|Evasion Items Clause: Evasion items are banned\n|rule|Evasion Moves Clause: Evasion moves are banned\n|rule|Endless Battle Clause: Forcing endless battles is banned\n|rule|HP Percentage Mod: HP is shown in percentages\n|clearpoke\n|poke|p1|Rotom-Heat|\n|poke|p1|Appletun, F|\n|poke|p1|Dachsbun, F|\n|poke|p1|Sinistcha-Masterpiece|\n|poke|p1|Polteageist|\n|poke|p1|Flapple, M|\n|poke|p2|Grimmsnarl, M|\n|poke|p2|Mandibuzz, F|\n|poke|p2|Skuntank, M|\n|poke|p2|Zarude|\n|poke|p2|Cacturne, M|\n|poke|p2|Krookodile, M|\n|teampreview\n|c|\u2606Cardo Pixelado|yisus crist\n|c|\u2606Imanjoneser|These dark pokemon want to break into the bakery and eat all the sweets and it's all RIACKS FAULT\n|c|\u2606Cardo Pixelado|the edge lords! XD\n|\n|t:|1700885780\n|start\n|switch|p1a: Bun|Dachsbun, F|100\/100\n|switch|p2a: Grimmsnarl|Grimmsnarl, M, shiny|100\/100\n|turn|1\n|c|\u2606Cardo Pixelado|-Bun barks-\n|c|\u2606Imanjoneser|lol\n|\n|t:|1700885851\n|move|p2a: Grimmsnarl|Reflect|p2a: Grimmsnarl\n|-sidestart|p2: Imanjoneser|Reflect\n|move|p1a: Bun|Body Press|p2a: Grimmsnarl\n|-damage|p2a: Grimmsnarl|81\/100\n|\n|upkeep\n|turn|2\n|c|\u2606Cardo Pixelado|Go mah well baked boy, u can do it!\n|\n|t:|1700885858\n|move|p1a: Bun|Protect|p1a: Bun\n|-singleturn|p1a: Bun|Protect\n|move|p2a: Grimmsnarl|Light Screen|p2a: Grimmsnarl\n|-sidestart|p2: Imanjoneser|move: Light Screen\n|\n|upkeep\n|turn|3\n|\n|t:|1700885867\n|switch|p2a: Skuntank|Skuntank, M, shiny|100\/100\n|move|p1a: Bun|Roar|p2a: Skuntank\n|drag|p2a: Cacturne|Cacturne, M, shiny|100\/100\n|\n|upkeep\n|turn|4\n|c|\u2606Cardo Pixelado|nope\n|\n|t:|1700885875\n|move|p1a: Bun|Body Press|p2a: Cacturne\n|-supereffective|p2a: Cacturne\n|-damage|p2a: Cacturne|46\/100\n|move|p2a: Cacturne|Lunge|p1a: Bun\n|-resisted|p1a: Bun\n|-damage|p1a: Bun|91\/100\n|-unboost|p1a: Bun|atk|1\n|\n|-heal|p1a: Bun|97\/100|[from] item: Leftovers\n|-heal|p2a: Cacturne|52\/100|[from] item: Leftovers\n|upkeep\n|turn|5\n|c|\u2606Imanjoneser|:0\n|\n|t:|1700885886\n|move|p1a: Bun|Body Press|p2a: Cacturne\n|-supereffective|p2a: Cacturne\n|-damage|p2a: Cacturne|0 fnt\n|faint|p2a: Cacturne\n|\n|-heal|p1a: Bun|100\/100|[from] item: Leftovers\n|upkeep\n|\n|t:|1700885892\n|switch|p2a: Mandibuzz|Mandibuzz, F, shiny|100\/100\n|turn|6\n|c|\u2606Cardo Pixelado|who's a good boy? u are! :3\n|c|\u2606Imanjoneser|Don't let RIACKS minions get to the baked goods!\n|\n|t:|1700885930\n|move|p2a: Mandibuzz|Snarl|p1a: Bun\n|-resisted|p1a: Bun\n|-damage|p1a: Bun|92\/100\n|-unboost|p1a: Bun|spa|1\n|move|p1a: Bun|Roar|p2a: Mandibuzz\n|drag|p2a: Krookodile|Krookodile, M, shiny|100\/100\n|\n|-heal|p1a: Bun|98\/100|[from] item: Leftovers\n|upkeep\n|turn|7\n|c|\u2606Imanjoneser|Oh this was a missclick\n|c|\u2606Imanjoneser|lol\n|\n|t:|1700885942\n|move|p2a: Krookodile|Bulk Up|p2a: Krookodile\n|-boost|p2a: Krookodile|atk|1\n|-boost|p2a: Krookodile|def|1\n|move|p1a: Bun|Body Press|p2a: Krookodile\n|-supereffective|p2a: Krookodile\n|-damage|p2a: Krookodile|78\/100\n|\n|-heal|p1a: Bun|100\/100|[from] item: Leftovers\n|upkeep\n|turn|8\n|\n|t:|1700885950\n|move|p1a: Bun|Protect|p1a: Bun\n|-singleturn|p1a: Bun|Protect\n|move|p2a: Krookodile|Earthquake|p1a: Bun\n|-activate|p1a: Bun|move: Protect\n|\n|-sideend|p2: Imanjoneser|Reflect\n|upkeep\n|turn|9\n|\n|t:|1700885971\n|move|p2a: Krookodile|Earthquake|p1a: Bun\n|-damage|p1a: Bun|40\/100\n|move|p1a: Bun|Body Press|p2a: Krookodile\n|-supereffective|p2a: Krookodile\n|-damage|p2a: Krookodile|30\/100\n|\n|-heal|p1a: Bun|46\/100|[from] item: Leftovers\n|-sideend|p2: Imanjoneser|move: Light Screen\n|upkeep\n|turn|10\n|\n|t:|1700885997\n|move|p2a: Krookodile|Earthquake|p1a: Bun\n|-damage|p1a: Bun|0 fnt\n|faint|p1a: Bun\n|-ability|p2a: Krookodile|Moxie|boost\n|-boost|p2a: Krookodile|atk|1\n|\n|upkeep\n|c|\u2606Cardo Pixelado|It's tea time!\n|\n|t:|1700886023\n|switch|p1a: Green Tea|Sinistcha-Masterpiece|100\/100\n|turn|11\n|\n|t:|1700886038\n|move|p2a: Krookodile|Dragon Claw|p1a: Green Tea\n|-damage|p1a: Green Tea|56\/100\n|move|p1a: Green Tea|Matcha Gotcha|p2a: Krookodile\n|-supereffective|p2a: Krookodile\n|-damage|p2a: Krookodile|0 fnt\n|-heal|p1a: Green Tea|70\/100|[from] drain|[of] p2a: Krookodile\n|faint|p2a: Krookodile\n|\n|-heal|p1a: Green Tea|76\/100|[from] item: Leftovers\n|upkeep\n|c|\u2606Imanjoneser|:0\n|\n|t:|1700886056\n|switch|p2a: Grimmsnarl|Grimmsnarl, M, shiny|81\/100\n|turn|12\n|c|\u2606Cardo Pixelado|-sips a good green tea-\n|\n|t:|1700886072\n|move|p2a: Grimmsnarl|Light Screen|p2a: Grimmsnarl\n|-sidestart|p2: Imanjoneser|move: Light Screen\n|move|p1a: Green Tea|Shadow Ball|p2a: Grimmsnarl\n|-resisted|p2a: Grimmsnarl\n|-damage|p2a: Grimmsnarl|70\/100\n|-unboost|p2a: Grimmsnarl|spd|1\n|\n|-heal|p1a: Green Tea|82\/100|[from] item: Leftovers\n|upkeep\n|turn|13\n|\n|t:|1700886082\n|-terastallize|p1a: Green Tea|Poison\n|move|p2a: Grimmsnarl|Spirit Break|p1a: Green Tea\n|-resisted|p1a: Green Tea\n|-damage|p1a: Green Tea|66\/100\n|-unboost|p1a: Green Tea|spa|1\n|move|p1a: Green Tea|Shadow Ball|p2a: Grimmsnarl\n|-resisted|p2a: Grimmsnarl\n|-damage|p2a: Grimmsnarl|59\/100\n|-unboost|p2a: Grimmsnarl|spd|1\n|\n|-heal|p1a: Green Tea|72\/100|[from] item: Leftovers\n|upkeep\n|turn|14\n|c|\u2606Imanjoneser|:0\n|\n|t:|1700886096\n|move|p2a: Grimmsnarl|Spirit Break|p1a: Green Tea\n|-resisted|p1a: Green Tea\n|-damage|p1a: Green Tea|56\/100\n|-unboost|p1a: Green Tea|spa|1\n|move|p1a: Green Tea|Strength Sap|p2a: Grimmsnarl\n|-unboost|p2a: Grimmsnarl|atk|1\n|-heal|p1a: Green Tea|100\/100\n|\n|upkeep\n|turn|15\n|\n|t:|1700886106\n|move|p2a: Grimmsnarl|Reflect|p2a: Grimmsnarl\n|-sidestart|p2: Imanjoneser|Reflect\n|move|p1a: Green Tea|Matcha Gotcha|p2a: Grimmsnarl\n|-damage|p2a: Grimmsnarl|38\/100\n|\n|upkeep\n|turn|16\n|\n|t:|1700886115\n|switch|p2a: Mandibuzz|Mandibuzz, F, shiny|100\/100\n|move|p1a: Green Tea|Matcha Gotcha|p2a: Mandibuzz\n|-resisted|p2a: Mandibuzz\n|-damage|p2a: Mandibuzz|97\/100\n|\n|-heal|p2a: Mandibuzz|100\/100|[from] item: Leftovers\n|upkeep\n|turn|17\n|\n|t:|1700886124\n|move|p1a: Green Tea|Shadow Ball|p2a: Mandibuzz\n|-resisted|p2a: Mandibuzz\n|-damage|p2a: Mandibuzz|98\/100\n|move|p2a: Mandibuzz|Nasty Plot|p2a: Mandibuzz\n|-boost|p2a: Mandibuzz|spa|2\n|\n|-heal|p2a: Mandibuzz|100\/100|[from] item: Leftovers\n|upkeep\n|turn|18\n|\n|t:|1700886132\n|move|p1a: Green Tea|Strength Sap|p2a: Mandibuzz\n|-unboost|p2a: Mandibuzz|atk|1\n|move|p2a: Mandibuzz|Nasty Plot|p2a: Mandibuzz\n|-boost|p2a: Mandibuzz|spa|2\n|\n|upkeep\n|turn|19\n|\n|t:|1700886141\n|move|p1a: Green Tea|Strength Sap|p2a: Mandibuzz\n|-unboost|p2a: Mandibuzz|atk|1\n|move|p2a: Mandibuzz|Nasty Plot|p2a: Mandibuzz\n|-boost|p2a: Mandibuzz|spa|2\n|\n|-sideend|p2: Imanjoneser|move: Light Screen\n|upkeep\n|turn|20\n|\n|t:|1700886154\n|switch|p1a: Oven|Rotom-Heat|100\/100\n|move|p2a: Mandibuzz|Snarl|p1a: Oven\n|-damage|p1a: Oven|67\/100\n|-unboost|p1a: Oven|spa|1\n|\n|upkeep\n|turn|21\n|c|\u2606Cardo Pixelado|time to get those edgelords some heat!\n|c|\u2606Imanjoneser|lmao\n|\n|t:|1700886177\n|move|p1a: Oven|Overheat|p2a: Mandibuzz\n|-damage|p2a: Mandibuzz|78\/100\n|-unboost|p1a: Oven|spa|2\n|move|p2a: Mandibuzz|Snarl|p1a: Oven\n|-damage|p1a: Oven|32\/100\n|-unboost|p1a: Oven|spa|1\n|\n|-heal|p2a: Mandibuzz|84\/100|[from] item: Leftovers\n|upkeep\n|turn|22\n|\n|t:|1700886187\n|move|p1a: Oven|Will-O-Wisp|p2a: Mandibuzz\n|-status|p2a: Mandibuzz|brn\n|move|p2a: Mandibuzz|Heat Wave|p1a: Oven\n|-resisted|p1a: Oven\n|-damage|p1a: Oven|13\/100\n|\n|-heal|p2a: Mandibuzz|90\/100 brn|[from] item: Leftovers\n|-damage|p2a: Mandibuzz|84\/100 brn|[from] brn\n|-sideend|p2: Imanjoneser|Reflect\n|upkeep\n|turn|23\n|\n|t:|1700886199\n|move|p1a: Oven|Volt Switch|p2a: Mandibuzz\n|-supereffective|p2a: Mandibuzz\n|-damage|p2a: Mandibuzz|71\/100 brn\n|\n|t:|1700886211\n|switch|p1a: Black Tea|Polteageist, shiny|100\/100|[from] Volt Switch\n|move|p2a: Mandibuzz|Snarl|p1a: Black Tea\n|-supereffective|p1a: Black Tea\n|-enditem|p1a: Black Tea|Focus Sash\n|-damage|p1a: Black Tea|1\/100\n|-unboost|p1a: Black Tea|spa|1\n|\n|-heal|p2a: Mandibuzz|77\/100 brn|[from] item: Leftovers\n|-damage|p2a: Mandibuzz|71\/100 brn|[from] brn\n|upkeep\n|turn|24\n|c|\u2606Cardo Pixelado|yisus\n|c|\u2606Cardo Pixelado|not the fine china!\n|\n|t:|1700886233\n|move|p1a: Black Tea|Shadow Ball|p2a: Mandibuzz\n|-resisted|p2a: Mandibuzz\n|-damage|p2a: Mandibuzz|60\/100 brn\n|move|p2a: Mandibuzz|Snarl|p1a: Black Tea\n|-supereffective|p1a: Black Tea\n|-damage|p1a: Black Tea|0 fnt\n|faint|p1a: Black Tea\n|\n|-heal|p2a: Mandibuzz|66\/100 brn|[from] item: Leftovers\n|-damage|p2a: Mandibuzz|60\/100 brn|[from] brn\n|upkeep\n|c|\u2606Imanjoneser|It's all RIACKs fault he wants the ruin the bakery shop\n|\n|t:|1700886251\n|switch|p1a: Apple Pie|Appletun, F|100\/100\n|turn|25\n|\n|t:|1700886259\n|move|p2a: Mandibuzz|Heat Wave|p1a: Apple Pie\n|-damage|p1a: Apple Pie|82\/100\n|move|p1a: Apple Pie|Leech Seed|p2a: Mandibuzz\n|-start|p2a: Mandibuzz|move: Leech Seed\n|\n|-heal|p2a: Mandibuzz|66\/100 brn|[from] item: Leftovers\n|-damage|p2a: Mandibuzz|53\/100 brn|[from] Leech Seed|[of] p1a: Apple Pie\n|-heal|p1a: Apple Pie|95\/100|[silent]\n|-damage|p2a: Mandibuzz|47\/100 brn|[from] brn\n|upkeep\n|turn|26\n|\n|t:|1700886271\n|move|p2a: Mandibuzz|Snarl|p1a: Apple Pie\n|-damage|p1a: Apple Pie|66\/100\n|-unboost|p1a: Apple Pie|spa|1\n|move|p1a: Apple Pie|Apple Acid|p2a: Mandibuzz\n|-resisted|p2a: Mandibuzz\n|-damage|p2a: Mandibuzz|41\/100 brn\n|-unboost|p2a: Mandibuzz|spd|1\n|\n|-heal|p2a: Mandibuzz|47\/100 brn|[from] item: Leftovers\n|-damage|p2a: Mandibuzz|34\/100 brn|[from] Leech Seed|[of] p1a: Apple Pie\n|-heal|p1a: Apple Pie|78\/100|[silent]\n|-damage|p2a: Mandibuzz|28\/100 brn|[from] brn\n|upkeep\n|turn|27\n|\n|t:|1700886286\n|move|p2a: Mandibuzz|Snarl|p1a: Apple Pie\n|-damage|p1a: Apple Pie|44\/100\n|-unboost|p1a: Apple Pie|spa|1\n|move|p1a: Apple Pie|Dragon Tail|p2a: Mandibuzz\n|-damage|p2a: Mandibuzz|17\/100 brn\n|drag|p2a: Zarude|Zarude|100\/100\n|\n|upkeep\n|turn|28\n|\n|t:|1700886302\n|move|p2a: Zarude|Encore|p1a: Apple Pie\n|-start|p1a: Apple Pie|Encore\n|move|p1a: Apple Pie|Dragon Tail|p2a: Zarude\n|-damage|p2a: Zarude|85\/100\n|drag|p2a: Grimmsnarl|Grimmsnarl, M, shiny|38\/100\n|\n|upkeep\n|turn|29\n|c|\u2606Cardo Pixelado|no, not the monkeys!\n|\n|t:|1700886322\n|move|p2a: Grimmsnarl|Reflect|p2a: Grimmsnarl\n|-sidestart|p2: Imanjoneser|Reflect\n|move|p1a: Apple Pie|Dragon Tail|p2a: Grimmsnarl\n|-immune|p2a: Grimmsnarl\n|\n|upkeep\n|turn|30\n|\n|t:|1700886329\n|switch|p1a: Fried Apple Pie|Flapple, M|100\/100\n|move|p2a: Grimmsnarl|Light Screen|p2a: Grimmsnarl\n|-sidestart|p2: Imanjoneser|move: Light Screen\n|\n|upkeep\n|turn|31\n|\n|t:|1700886338\n|move|p1a: Fried Apple Pie|U-turn|p2a: Grimmsnarl|[miss]\n|-miss|p1a: Fried Apple Pie|p2a: Grimmsnarl\n|move|p2a: Grimmsnarl|Spirit Break|p1a: Fried Apple Pie\n|-supereffective|p1a: Fried Apple Pie\n|-damage|p1a: Fried Apple Pie|0 fnt\n|faint|p1a: Fried Apple Pie\n|\n|upkeep\n|\n|t:|1700886348\n|switch|p1a: Green Tea|Sinistcha-Masterpiece, tera:Poison|100\/100\n|turn|32\n|\n|t:|1700886353\n|move|p2a: Grimmsnarl|Spirit Break|p1a: Green Tea\n|-resisted|p1a: Green Tea\n|-damage|p1a: Green Tea|85\/100\n|-unboost|p1a: Green Tea|spa|1\n|move|p1a: Green Tea|Strength Sap|p2a: Grimmsnarl\n|-unboost|p2a: Grimmsnarl|atk|1\n|-heal|p1a: Green Tea|100\/100\n|\n|upkeep\n|turn|33\n|\n|t:|1700886364\n|move|p2a: Grimmsnarl|Drain Punch|p1a: Green Tea\n|-resisted|p1a: Green Tea\n|-damage|p1a: Green Tea|94\/100\n|-heal|p2a: Grimmsnarl|41\/100|[from] drain|[of] p1a: Green Tea\n|move|p1a: Green Tea|Shadow Ball|p2a: Grimmsnarl\n|-resisted|p2a: Grimmsnarl\n|-damage|p2a: Grimmsnarl|34\/100\n|-unboost|p2a: Grimmsnarl|spd|1\n|\n|-heal|p1a: Green Tea|99\/100|[from] item: Leftovers\n|upkeep\n|turn|34\n|\n|t:|1700886374\n|move|p2a: Grimmsnarl|Spirit Break|p1a: Green Tea\n|-resisted|p1a: Green Tea\n|-damage|p1a: Green Tea|90\/100\n|-unboost|p1a: Green Tea|spa|1\n|move|p1a: Green Tea|Matcha Gotcha|p2a: Grimmsnarl\n|-crit|p2a: Grimmsnarl\n|-damage|p2a: Grimmsnarl|0 fnt\n|-heal|p1a: Green Tea|100\/100|[from] drain|[of] p2a: Grimmsnarl\n|faint|p2a: Grimmsnarl\n|\n|upkeep\n|c|\u2606Cardo Pixelado|yes!\n|\n|t:|1700886396\n|switch|p2a: Zarude|Zarude|85\/100\n|turn|35\n|c|\u2606Cardo Pixelado|A masterful hit! XD\n|\n|t:|1700886406\n|move|p2a: Zarude|Encore|p1a: Green Tea\n|-start|p1a: Green Tea|Encore\n|move|p1a: Green Tea|Matcha Gotcha|p2a: Zarude\n|-resisted|p2a: Zarude\n|-damage|p2a: Zarude|81\/100\n|\n|upkeep\n|turn|36\n|c|\u2606Imanjoneser|Indeed\n|\n|t:|1700886415\n|move|p2a: Zarude|Bind|p1a: Green Tea\n|-damage|p1a: Green Tea|96\/100\n|-activate|p1a: Green Tea|move: Bind|[of] p2a: Zarude\n|move|p1a: Green Tea|Matcha Gotcha|p2a: Zarude|[miss]\n|-miss|p1a: Green Tea|p2a: Zarude\n|\n|-heal|p1a: Green Tea|100\/100|[from] item: Leftovers\n|-damage|p1a: Green Tea|88\/100|[from] move: Bind|[partiallytrapped]\n|-sideend|p2: Imanjoneser|Reflect\n|upkeep\n|turn|37\n|\n|t:|1700886425\n|move|p2a: Zarude|Swords Dance|p2a: Zarude\n|-boost|p2a: Zarude|atk|2\n|move|p1a: Green Tea|Matcha Gotcha|p2a: Zarude\n|-resisted|p2a: Zarude\n|-damage|p2a: Zarude|76\/100\n|-heal|p1a: Green Tea|90\/100|[from] drain|[of] p2a: Zarude\n|\n|-heal|p1a: Green Tea|96\/100|[from] item: Leftovers\n|-damage|p1a: Green Tea|84\/100|[from] move: Bind|[partiallytrapped]\n|-end|p1a: Green Tea|Encore\n|-sideend|p2: Imanjoneser|move: Light Screen\n|upkeep\n|turn|38\n|\n|t:|1700886437\n|move|p2a: Zarude|Encore|p1a: Green Tea\n|-start|p1a: Green Tea|Encore\n|move|p1a: Green Tea|Matcha Gotcha|p2a: Zarude\n|-resisted|p2a: Zarude\n|-damage|p2a: Zarude|68\/100\n|-heal|p1a: Green Tea|88\/100|[from] drain|[of] p2a: Zarude\n|\n|-heal|p1a: Green Tea|94\/100|[from] item: Leftovers\n|-damage|p1a: Green Tea|82\/100|[from] move: Bind|[partiallytrapped]\n|upkeep\n|turn|39\n|c|\u2606Imanjoneser|The monkey RIACK hired is trapping your matcha what will you do!?!?\n|c|\u2606Cardo Pixelado|cry green tears Q_Q\n|\n|t:|1700886488\n|move|p2a: Zarude|Swords Dance|p2a: Zarude\n|-boost|p2a: Zarude|atk|2\n|move|p1a: Green Tea|Matcha Gotcha|p2a: Zarude\n|-resisted|p2a: Zarude\n|-damage|p2a: Zarude|59\/100\n|-heal|p1a: Green Tea|87\/100|[from] drain|[of] p2a: Zarude\n|\n|-heal|p1a: Green Tea|93\/100|[from] item: Leftovers\n|-damage|p1a: Green Tea|80\/100|[from] move: Bind|[partiallytrapped]\n|upkeep\n|turn|40\n|c|\u2606Imanjoneser|:0\n|\n|t:|1700886503\n|move|p2a: Zarude|Power Whip|p1a: Green Tea\n|-resisted|p1a: Green Tea\n|-damage|p1a: Green Tea|11\/100\n|move|p1a: Green Tea|Matcha Gotcha|p2a: Zarude\n|-resisted|p2a: Zarude\n|-damage|p2a: Zarude|51\/100\n|-heal|p1a: Green Tea|15\/100|[from] drain|[of] p2a: Zarude\n|-status|p2a: Zarude|brn\n|\n|-heal|p1a: Green Tea|21\/100|[from] item: Leftovers\n|-damage|p2a: Zarude|45\/100 brn|[from] brn\n|-end|p1a: Green Tea|Bind|[partiallytrapped]\n|-end|p1a: Green Tea|Encore\n|upkeep\n|turn|41\n|\n|t:|1700886518\n|move|p2a: Zarude|Encore|p1a: Green Tea\n|-start|p1a: Green Tea|Encore\n|move|p1a: Green Tea|Matcha Gotcha|p2a: Zarude\n|-resisted|p2a: Zarude\n|-damage|p2a: Zarude|37\/100 brn\n|-heal|p1a: Green Tea|25\/100|[from] drain|[of] p2a: Zarude\n|\n|-heal|p1a: Green Tea|31\/100|[from] item: Leftovers\n|-damage|p2a: Zarude|31\/100 brn|[from] brn\n|upkeep\n|turn|42\n|c|\u2606Imanjoneser|You got free!\n|\n|t:|1700886531\n|switch|p1a: Apple Pie|Appletun, F|44\/100\n|move|p2a: Zarude|Bind|p1a: Apple Pie|[miss]\n|-miss|p2a: Zarude|p1a: Apple Pie\n|\n|-damage|p2a: Zarude|25\/100 brn|[from] brn\n|upkeep\n|turn|43\n|\n|t:|1700886542\n|move|p2a: Zarude|Power Whip|p1a: Apple Pie\n|-resisted|p1a: Apple Pie\n|-damage|p1a: Apple Pie|22\/100\n|move|p1a: Apple Pie|Leech Seed|p2a: Zarude\n|-immune|p2a: Zarude\n|\n|-damage|p2a: Zarude|19\/100 brn|[from] brn\n|upkeep\n|turn|44\n|c|\u2606Cardo Pixelado|ah moneys!\n|\n|t:|1700886558\n|move|p2a: Zarude|Encore|p1a: Apple Pie\n|-start|p1a: Apple Pie|Encore\n|move|p1a: Apple Pie|Leech Seed|p2a: Zarude\n|-immune|p2a: Zarude\n|\n|-damage|p2a: Zarude|13\/100 brn|[from] brn\n|upkeep\n|turn|45\n|\n|t:|1700886566\n|switch|p1a: Oven|Rotom-Heat|13\/100\n|move|p2a: Zarude|Bind|p1a: Oven\n|-damage|p1a: Oven|5\/100\n|-activate|p1a: Oven|move: Bind|[of] p2a: Zarude\n|\n|-damage|p2a: Zarude|7\/100 brn|[from] brn\n|-damage|p1a: Oven|0 fnt|[from] move: Bind|[partiallytrapped]\n|faint|p1a: Oven\n|upkeep\n|c|\u2606Imanjoneser|OH NO\n|\n|t:|1700886581\n|switch|p1a: Green Tea|Sinistcha-Masterpiece, tera:Poison|31\/100\n|turn|46\n|c|\u2606Imanjoneser|RIACK has almost taken over the bakery!\n|c|\u2606Cardo Pixelado|protect da bakery!\n|\n|t:|1700886628\n|move|p2a: Zarude|Power Whip|p1a: Green Tea\n|-resisted|p1a: Green Tea\n|-damage|p1a: Green Tea|0 fnt\n|faint|p1a: Green Tea\n|\n|-damage|p2a: Zarude|1\/100 brn|[from] brn\n|upkeep\n|\n|t:|1700886638\n|switch|p1a: Apple Pie|Appletun, F|22\/100\n|turn|47\n|c|\u2606Imanjoneser|THEY'RE BANGING ON THE DOOR!\n|\n|t:|1700886664\n|move|p2a: Zarude|Power Whip|p1a: Apple Pie\n|-resisted|p1a: Apple Pie\n|-damage|p1a: Apple Pie|2\/100\n|move|p1a: Apple Pie|Apple Acid|p2a: Zarude\n|-resisted|p2a: Zarude\n|-damage|p2a: Zarude|0 fnt\n|faint|p2a: Zarude\n|\n|upkeep\n|c|\u2606Cardo Pixelado|Hang in there Q_Q\n|\n|t:|1700886673\n|switch|p2a: Skuntank|Skuntank, M, shiny|100\/100\n|turn|48\n|c|\u2606Cardo Pixelado|they break in Q_Q\n|c|\u2606Imanjoneser|If you lose do you know who's fault it is?\n|\n|t:|1700886701\n|move|p2a: Skuntank|Flamethrower|p1a: Apple Pie\n|-damage|p1a: Apple Pie|0 fnt\n|faint|p1a: Apple Pie\n|\n|win|Imanjoneser\n|c|\u2606Cardo Pixelado|Riack\n|c|\u2606Imanjoneser|Yeah :0\n|c|\u2606Cardo Pixelado|Q_Q they ate all the pies, the bagels, the donuts, the ice cream, the cookies, the breadsticks\n|c|\u2606Imanjoneser|Oh my goodness I'm so sorry to hear that :(\n|c|\u2606Cardo Pixelado|even the friking cakes and fruitcake Q_Q\n|c|\u2606Cardo Pixelado|how in 8 hells they even chop those? they are like rocks man Q_Q\n|c|\u2606Imanjoneser|My goodness those savages\n|c|\u2606Cardo Pixelado|ah this is gold\n|c|\u2606Cardo Pixelado|Will be making more thematic teams\n|c|\u2606Cardo Pixelado|they are so much fun\n|c|\u2606Imanjoneser|Yeah haha\n|c|\u2606Cardo Pixelado|welp, time to sleep, I have to work early tomorrow\n|c|\u2606Imanjoneser|Thanks for playing dude glad I was able to tell you something new about how RIACK is always at fault where I'm from too see ya\n|c|\u2606Cardo Pixelado|see ya mate, don't let those savages out without a leash\n|c|\u2606Imanjoneser|I'll try my best!\n|c|\u2606Cardo Pixelado|May da force will be with u, always!\n|c|\u2606Cardo Pixelado|get it? may? pkmn? XD\n|c|\u2606Cardo Pixelado|#MayBestGirl\n|l|\u2606Cardo Pixelado\n|l|\u2606Imanjoneser\n|j|\u2606Imanjoneser\n|player|p2|Imanjoneser|bugcatcher-gen4dp\n","uploadtime":1700886733,"views":5,"p1id":"cardopixelado","p2id":"imanjoneser","formatid":"gen9ou","rating":0,"private":0,"password":""}