{"id":"gen9ou-1993115736","p1":"hoons","p2":"spiderblack27","format":"[Gen 9] OU","log":"|j|\u2606hoons\n|j|\u2606spiderblack27\n|t:|1700266604\n|gametype|singles\n|player|p1|hoons|102|1728\n|player|p2|spiderblack27|1|1659\n|teamsize|p1|6\n|teamsize|p2|6\n|gen|9\n|tier|[Gen 9] OU\n|rated|\n|rule|Sleep Clause Mod: Limit one foe put to sleep\n|rule|Species Clause: Limit one of each Pok\u00e9mon\n|rule|OHKO Clause: OHKO moves are banned\n|rule|Evasion Items Clause: Evasion items are banned\n|rule|Evasion Moves Clause: Evasion moves are banned\n|rule|Endless Battle Clause: Forcing endless battles is banned\n|rule|HP Percentage Mod: HP is shown in percentages\n|clearpoke\n|poke|p1|Rillaboom, F|\n|poke|p1|Cinderace, F|\n|poke|p1|Samurott-Hisui, M|\n|poke|p1|Great Tusk|\n|poke|p1|Zamazenta-*|\n|poke|p1|Sneasler, F|\n|poke|p2|Garganacl, F|\n|poke|p2|Great Tusk|\n|poke|p2|Gholdengo|\n|poke|p2|Iron Valiant|\n|poke|p2|Dragonite, F|\n|poke|p2|Zapdos|\n|teampreview\n|\n|t:|1700266623\n|start\n|switch|p1a: Sneasler|Sneasler, F|100\/100\n|switch|p2a: Garganacl|Garganacl, F|100\/100\n|turn|1\n|\n|t:|1700266630\n|move|p1a: Sneasler|Close Combat|p2a: Garganacl\n|-supereffective|p2a: Garganacl\n|-damage|p2a: Garganacl|26\/100\n|-unboost|p1a: Sneasler|def|1\n|-unboost|p1a: Sneasler|spd|1\n|move|p2a: Garganacl|Curse|p2a: Garganacl\n|-unboost|p2a: Garganacl|spe|1\n|-boost|p2a: Garganacl|atk|1\n|-boost|p2a: Garganacl|def|1\n|\n|-heal|p2a: Garganacl|32\/100|[from] item: Leftovers\n|upkeep\n|turn|2\n|\n|t:|1700266640\n|switch|p1a: Samurott|Samurott-Hisui, M|100\/100\n|-terastallize|p2a: Garganacl|Water\n|move|p2a: Garganacl|Recover|p2a: Garganacl\n|-heal|p2a: Garganacl|82\/100\n|\n|-heal|p2a: Garganacl|89\/100|[from] item: Leftovers\n|upkeep\n|turn|3\n|\n|t:|1700266653\n|move|p1a: Samurott|Ceaseless Edge|p2a: Garganacl\n|-damage|p2a: Garganacl|74\/100\n|-sidestart|p2: spiderblack27|Spikes\n|move|p2a: Garganacl|Curse|p2a: Garganacl\n|-unboost|p2a: Garganacl|spe|1\n|-boost|p2a: Garganacl|atk|1\n|-boost|p2a: Garganacl|def|1\n|\n|-heal|p2a: Garganacl|80\/100|[from] item: Leftovers\n|upkeep\n|turn|4\n|\n|t:|1700266657\n|switch|p1a: Sneasler|Sneasler, F|100\/100\n|move|p2a: Garganacl|Salt Cure|p1a: Sneasler\n|-resisted|p1a: Sneasler\n|-damage|p1a: Sneasler|77\/100\n|-start|p1a: Sneasler|Salt Cure\n|\n|-heal|p2a: Garganacl|86\/100|[from] item: Leftovers\n|-damage|p1a: Sneasler|64\/100|[from] Salt Cure\n|upkeep\n|turn|5\n|\n|t:|1700266661\n|move|p1a: Sneasler|Switcheroo|p2a: Garganacl\n|-activate|p1a: Sneasler|move: Trick|[of] p2a: Garganacl\n|-item|p2a: Garganacl|Choice Scarf|[from] move: Switcheroo\n|-item|p1a: Sneasler|Leftovers|[from] move: Switcheroo\n|move|p2a: Garganacl|Earthquake|p1a: Sneasler\n|-supereffective|p1a: Sneasler\n|-damage|p1a: Sneasler|0 fnt\n|faint|p1a: Sneasler\n|\n|upkeep\n|\n|t:|1700266668\n|switch|p1a: Rillaboom|Rillaboom, F|100\/100\n|-fieldstart|move: Grassy Terrain|[from] ability: Grassy Surge|[of] p1a: Rillaboom\n|turn|6\n|\n|t:|1700266680\n|switch|p2a: Zapdos|Zapdos|100\/100\n|-terastallize|p1a: Rillaboom|Grass\n|move|p1a: Rillaboom|Wood Hammer|p2a: Zapdos\n|-resisted|p2a: Zapdos\n|-damage|p2a: Zapdos|46\/100\n|-damage|p1a: Rillaboom|83\/100|[from] Recoil\n|\n|-heal|p1a: Rillaboom|89\/100|[from] Grassy Terrain\n|upkeep\n|turn|7\n|\n|t:|1700266685\n|move|p2a: Zapdos|Hurricane|p1a: Rillaboom\n|-supereffective|p1a: Rillaboom\n|-damage|p1a: Rillaboom|21\/100\n|-start|p1a: Rillaboom|confusion\n|-activate|p1a: Rillaboom|confusion\n|move|p1a: Rillaboom|Wood Hammer|p2a: Zapdos\n|-resisted|p2a: Zapdos\n|-damage|p2a: Zapdos|0 fnt\n|faint|p2a: Zapdos\n|-damage|p1a: Rillaboom|6\/100|[from] Recoil\n|\n|-heal|p1a: Rillaboom|13\/100|[from] Grassy Terrain\n|upkeep\n|\n|t:|1700266691\n|switch|p2a: Great Tusk|Great Tusk|100\/100\n|turn|8\n|\n|t:|1700266696\n|-activate|p1a: Rillaboom|confusion\n|-damage|p1a: Rillaboom|0 fnt|[from] confusion\n|faint|p1a: Rillaboom\n|move|p2a: Great Tusk|Knock Off|p1: Rillaboom|[notarget]\n|-fail|p2a: Great Tusk\n|\n|upkeep\n|\n|t:|1700266717\n|switch|p1a: Zamazenta|Zamazenta|100\/100\n|-ability|p1a: Zamazenta|Dauntless Shield|boost\n|-boost|p1a: Zamazenta|def|1\n|turn|9\n|\n|t:|1700266723\n|-end|p2a: Great Tusk|Protosynthesis|[silent]\n|switch|p2a: Iron Valiant|Iron Valiant|100\/100\n|move|p1a: Zamazenta|Iron Defense|p1a: Zamazenta\n|-boost|p1a: Zamazenta|def|2\n|\n|upkeep\n|turn|10\n|\n|t:|1700266728\n|switch|p1a: Samurott|Samurott-Hisui, M|100\/100\n|move|p2a: Iron Valiant|Moonblast|p1a: Samurott\n|-supereffective|p1a: Samurott\n|-damage|p1a: Samurott|19\/100\n|-unboost|p1a: Samurott|spa|1\n|\n|-heal|p1a: Samurott|25\/100|[from] Grassy Terrain\n|-fieldend|move: Grassy Terrain\n|upkeep\n|turn|11\n|\n|t:|1700266732\n|move|p2a: Iron Valiant|Moonblast|p1a: Samurott\n|-supereffective|p1a: Samurott\n|-damage|p1a: Samurott|0 fnt\n|faint|p1a: Samurott\n|\n|upkeep\n|\n|t:|1700266734\n|switch|p1a: Cinderace|Cinderace, F|100\/100\n|turn|12\n|\n|t:|1700266738\n|-end|p2a: Iron Valiant|Quark Drive|[silent]\n|switch|p2a: Garganacl|Garganacl, F, tera:Water|86\/100\n|-damage|p2a: Garganacl|74\/100|[from] Spikes\n|move|p1a: Cinderace|Will-O-Wisp|p2a: Garganacl\n|-immune|p2a: Garganacl|[from] ability: Purifying Salt\n|\n|upkeep\n|turn|13\n|\n|t:|1700266742\n|move|p1a: Cinderace|U-turn|p2a: Garganacl\n|-damage|p2a: Garganacl|63\/100\n|\n|t:|1700266745\n|switch|p1a: Great Tusk|Great Tusk|100\/100|[from] U-turn\n|move|p2a: Garganacl|Salt Cure|p1a: Great Tusk\n|-resisted|p1a: Great Tusk\n|-damage|p1a: Great Tusk|99\/100\n|-start|p1a: Great Tusk|Salt Cure\n|\n|-heal|p1a: Great Tusk|100\/100|[from] item: Leftovers\n|-damage|p1a: Great Tusk|88\/100|[from] Salt Cure\n|upkeep\n|turn|14\n|\n|t:|1700266755\n|move|p1a: Great Tusk|Headlong Rush|p2a: Garganacl\n|-damage|p2a: Garganacl|28\/100\n|-unboost|p1a: Great Tusk|def|1\n|-unboost|p1a: Great Tusk|spd|1\n|move|p2a: Garganacl|Salt Cure|p1a: Great Tusk\n|-resisted|p1a: Great Tusk\n|-damage|p1a: Great Tusk|85\/100\n|\n|-heal|p1a: Great Tusk|91\/100|[from] item: Leftovers\n|-damage|p1a: Great Tusk|79\/100|[from] Salt Cure\n|upkeep\n|turn|15\n|\n|t:|1700266763\n|move|p1a: Great Tusk|Headlong Rush|p2a: Garganacl\n|-damage|p2a: Garganacl|0 fnt\n|-unboost|p1a: Great Tusk|def|1\n|-unboost|p1a: Great Tusk|spd|1\n|faint|p2a: Garganacl\n|\n|-heal|p1a: Great Tusk|85\/100|[from] item: Leftovers\n|-damage|p1a: Great Tusk|72\/100|[from] Salt Cure\n|upkeep\n|\n|t:|1700266777\n|switch|p2a: Dragonite|Dragonite, F|100\/100\n|turn|16\n|\n|t:|1700266780\n|move|p2a: Dragonite|Dragon Dance|p2a: Dragonite\n|-boost|p2a: Dragonite|atk|1\n|-boost|p2a: Dragonite|spe|1\n|move|p1a: Great Tusk|Ice Spinner|p2a: Dragonite\n|-supereffective|p2a: Dragonite\n|-damage|p2a: Dragonite|42\/100\n|\n|-heal|p1a: Great Tusk|79\/100|[from] item: Leftovers\n|-damage|p1a: Great Tusk|66\/100|[from] Salt Cure\n|upkeep\n|turn|17\n|\n|t:|1700266790\n|move|p2a: Dragonite|Ice Spinner|p1a: Great Tusk\n|-supereffective|p1a: Great Tusk\n|-damage|p1a: Great Tusk|0 fnt\n|faint|p1a: Great Tusk\n|-end|p1a: Great Tusk|Protosynthesis|[silent]\n|\n|upkeep\n|\n|t:|1700266792\n|switch|p1a: Zamazenta|Zamazenta|100\/100\n|turn|18\n|\n|t:|1700266801\n|move|p2a: Dragonite|Extreme Speed|p1a: Zamazenta\n|-damage|p1a: Zamazenta|67\/100\n|move|p1a: Zamazenta|Iron Defense|p1a: Zamazenta\n|-boost|p1a: Zamazenta|def|2\n|\n|-heal|p1a: Zamazenta|73\/100|[from] item: Leftovers\n|upkeep\n|turn|19\n|inactive|Battle timer is ON: inactive players will automatically lose when time's up. (requested by spiderblack27)\n|\n|t:|1700266813\n|switch|p2a: Iron Valiant|Iron Valiant|100\/100\n|move|p1a: Zamazenta|Iron Defense|p1a: Zamazenta\n|-boost|p1a: Zamazenta|def|2\n|\n|-heal|p1a: Zamazenta|79\/100|[from] item: Leftovers\n|upkeep\n|turn|20\n|\n|t:|1700266816\n|switch|p1a: Cinderace|Cinderace, F|100\/100\n|move|p2a: Iron Valiant|Moonblast|p1a: Cinderace\n|-resisted|p1a: Cinderace\n|-damage|p1a: Cinderace|73\/100\n|\n|upkeep\n|turn|21\n|\n|t:|1700266819\n|-end|p2a: Iron Valiant|Quark Drive|[silent]\n|switch|p2a: Dragonite|Dragonite, F|42\/100\n|move|p1a: Cinderace|U-turn|p2a: Dragonite\n|-resisted|p2a: Dragonite\n|-damage|p2a: Dragonite|31\/100\n|\n|t:|1700266824\n|switch|p1a: Zamazenta|Zamazenta|79\/100|[from] U-turn\n|\n|-heal|p1a: Zamazenta|85\/100|[from] item: Leftovers\n|upkeep\n|turn|22\n|\n|t:|1700266828\n|switch|p2a: Iron Valiant|Iron Valiant|100\/100\n|move|p1a: Zamazenta|Body Press|p2a: Iron Valiant\n|-resisted|p2a: Iron Valiant\n|-damage|p2a: Iron Valiant|81\/100\n|\n|-heal|p1a: Zamazenta|91\/100|[from] item: Leftovers\n|upkeep\n|turn|23\n|\n|t:|1700266834\n|switch|p1a: Cinderace|Cinderace, F|73\/100\n|move|p2a: Iron Valiant|Knock Off|p1a: Cinderace\n|-damage|p1a: Cinderace|46\/100\n|-enditem|p1a: Cinderace|Heavy-Duty Boots|[from] move: Knock Off|[of] p2a: Iron Valiant\n|\n|upkeep\n|turn|24\n|\n|t:|1700266845\n|-end|p2a: Iron Valiant|Quark Drive|[silent]\n|switch|p2a: Great Tusk|Great Tusk|100\/100\n|move|p1a: Cinderace|Will-O-Wisp|p2a: Great Tusk\n|-status|p2a: Great Tusk|brn\n|\n|-damage|p2a: Great Tusk|94\/100 brn|[from] brn\n|upkeep\n|turn|25\n|\n|t:|1700266849\n|move|p1a: Cinderace|U-turn|p2a: Great Tusk\n|-resisted|p2a: Great Tusk\n|-damage|p2a: Great Tusk|88\/100 brn\n|\n|t:|1700266851\n|switch|p1a: Zamazenta|Zamazenta|91\/100|[from] U-turn\n|move|p2a: Great Tusk|Stealth Rock|p1a: Zamazenta\n|-sidestart|p1: hoons|move: Stealth Rock\n|\n|-heal|p1a: Zamazenta|97\/100|[from] item: Leftovers\n|-damage|p2a: Great Tusk|82\/100 brn|[from] brn\n|upkeep\n|turn|26\n|\n|t:|1700266855\n|-end|p2a: Great Tusk|Protosynthesis|[silent]\n|switch|p2a: Iron Valiant|Iron Valiant|81\/100\n|move|p1a: Zamazenta|Substitute|p1a: Zamazenta\n|-start|p1a: Zamazenta|Substitute\n|-damage|p1a: Zamazenta|72\/100\n|\n|-heal|p1a: Zamazenta|78\/100|[from] item: Leftovers\n|upkeep\n|turn|27\n|\n|t:|1700266866\n|move|p1a: Zamazenta|Body Press|p2a: Iron Valiant\n|-resisted|p2a: Iron Valiant\n|-crit|p2a: Iron Valiant\n|-damage|p2a: Iron Valiant|50\/100\n|move|p2a: Iron Valiant|Moonblast|p1a: Zamazenta\n|-supereffective|p1a: Zamazenta\n|-end|p1a: Zamazenta|Substitute\n|\n|-heal|p1a: Zamazenta|84\/100|[from] item: Leftovers\n|upkeep\n|turn|28\n|\n|t:|1700266883\n|move|p1a: Zamazenta|Body Press|p2a: Iron Valiant\n|-resisted|p2a: Iron Valiant\n|-damage|p2a: Iron Valiant|29\/100\n|move|p2a: Iron Valiant|Moonblast|p1a: Zamazenta\n|-supereffective|p1a: Zamazenta\n|-damage|p1a: Zamazenta|5\/100\n|-unboost|p1a: Zamazenta|spa|1\n|\n|-heal|p1a: Zamazenta|11\/100|[from] item: Leftovers\n|upkeep\n|turn|29\n|-message|hoons forfeited.\n|\n|win|spiderblack27\n|raw|hoons's rating: 1728 &rarr; <strong>1704<\/strong><br \/>(-24 for losing)\n|raw|spiderblack27's rating: 1659 &rarr; <strong>1683<\/strong><br \/>(+24 for winning)\n|l|\u2606hoons\n|l|\u2606spiderblack27\n","uploadtime":1700266914,"views":12,"p1id":"hoons","p2id":"spiderblack27","formatid":"gen9ou","rating":1683,"private":0,"password":""}