{"id":"gen9ou-1991105955","p1":"ven2zama","p2":"eddy kujo","format":"[Gen 9] OU","log":"|j|\u2606ven2zama\n|j|\u2606eddy kujo\n|t:|1700043789\n|gametype|singles\n|player|p1|ven2zama|1|1146\n|player|p2|eddy kujo|flint|1110\n|teamsize|p1|6\n|teamsize|p2|6\n|gen|9\n|tier|[Gen 9] OU\n|rated|\n|rule|Sleep Clause Mod: Limit one foe put to sleep\n|rule|Species Clause: Limit one of each Pok\u00e9mon\n|rule|OHKO Clause: OHKO moves are banned\n|rule|Evasion Items Clause: Evasion items are banned\n|rule|Evasion Moves Clause: Evasion moves are banned\n|rule|Endless Battle Clause: Forcing endless battles is banned\n|rule|HP Percentage Mod: HP is shown in percentages\n|clearpoke\n|poke|p1|Pelipper, M|\n|poke|p1|Breloom, M|\n|poke|p1|Great Tusk|\n|poke|p1|Kingambit, M|\n|poke|p1|Heatran, F|\n|poke|p1|Landorus-Therian, M|\n|poke|p2|Weavile, M|\n|poke|p2|Typhlosion-Hisui, M|\n|poke|p2|Goodra, M|\n|poke|p2|Morpeko, F|\n|poke|p2|Rotom-Wash|\n|poke|p2|Torterra, M|\n|teampreview\n|inactive|Battle timer is ON: inactive players will automatically lose when time's up. (requested by eddy kujo)\n|\n|t:|1700043809\n|start\n|switch|p1a: Landorus|Landorus-Therian, M|100\/100\n|switch|p2a: Morpeko|Morpeko, F|100\/100\n|-ability|p1a: Landorus|Intimidate|boost\n|-unboost|p2a: Morpeko|atk|1\n|turn|1\n|\n|t:|1700043826\n|switch|p2a: Rotom|Rotom-Wash|100\/100\n|move|p1a: Landorus|U-turn|p2a: Rotom\n|-damage|p2a: Rotom|79\/100\n|\n|t:|1700043835\n|switch|p1a: Breloom|Breloom, M|100\/100|[from] U-turn\n|\n|-heal|p2a: Rotom|85\/100|[from] item: Leftovers\n|-status|p1a: Breloom|tox|[from] item: Toxic Orb\n|upkeep\n|turn|2\n|\n|t:|1700043853\n|move|p2a: Rotom|Volt Switch|p1a: Breloom\n|-resisted|p1a: Breloom\n|-damage|p1a: Breloom|71\/100 tox\n|\n|t:|1700043859\n|switch|p2a: Goodra|Goodra, M|100\/100|[from] Volt Switch\n|move|p1a: Breloom|Toxic|p2a: Goodra\n|-status|p2a: Goodra|tox\n|\n|-damage|p2a: Goodra|94\/100 tox|[from] psn\n|-heal|p1a: Breloom|83\/100 tox|[from] ability: Poison Heal\n|upkeep\n|turn|3\n|\n|t:|1700043873\n|move|p1a: Breloom|Protect|p1a: Breloom\n|-singleturn|p1a: Breloom|Protect\n|move|p2a: Goodra|Fire Blast|p1a: Breloom\n|-activate|p1a: Breloom|move: Protect\n|\n|-damage|p2a: Goodra|82\/100 tox|[from] psn\n|-heal|p1a: Breloom|96\/100 tox|[from] ability: Poison Heal\n|upkeep\n|turn|4\n|\n|t:|1700043892\n|switch|p1a: Landorus|Landorus-Therian, M|100\/100\n|-ability|p1a: Landorus|Intimidate|boost\n|-unboost|p2a: Goodra|atk|1\n|move|p2a: Goodra|Thunder|p1a: Landorus\n|-immune|p1a: Landorus\n|\n|-damage|p2a: Goodra|64\/100 tox|[from] psn\n|upkeep\n|turn|5\n|\n|t:|1700043902\n|move|p1a: Landorus|U-turn|p2a: Goodra\n|-damage|p2a: Goodra|40\/100 tox\n|\n|t:|1700043907\n|switch|p1a: Heatran|Heatran, F|100\/100|[from] U-turn\n|move|p2a: Goodra|Draco Meteor|p1a: Heatran|[miss]\n|-miss|p2a: Goodra|p1a: Heatran\n|\n|-damage|p2a: Goodra|16\/100 tox|[from] psn\n|upkeep\n|turn|6\n|\n|t:|1700043935\n|switch|p1a: Great Tusk|Great Tusk|100\/100\n|move|p2a: Goodra|Thunder|p1a: Great Tusk\n|-immune|p1a: Great Tusk\n|\n|-damage|p2a: Goodra|0 fnt|[from] psn\n|faint|p2a: Goodra\n|upkeep\n|\n|t:|1700043939\n|switch|p2a: Torterra|Torterra, M|100\/100\n|turn|7\n|\n|t:|1700043947\n|-terastallize|p2a: Torterra|Ice\n|move|p1a: Great Tusk|Ice Spinner|p2a: Torterra\n|-resisted|p2a: Torterra\n|-damage|p2a: Torterra|86\/100\n|move|p2a: Torterra|Shell Smash|p2a: Torterra\n|-unboost|p2a: Torterra|def|1\n|-unboost|p2a: Torterra|spd|1\n|-boost|p2a: Torterra|atk|2\n|-boost|p2a: Torterra|spa|2\n|-boost|p2a: Torterra|spe|2\n|-enditem|p2a: Torterra|White Herb\n|-clearnegativeboost|p2a: Torterra|[silent]\n|\n|upkeep\n|turn|8\n|\n|t:|1700043954\n|move|p2a: Torterra|Tera Blast|p1a: Great Tusk|[anim] Tera Blast Ice\n|-supereffective|p1a: Great Tusk\n|-damage|p1a: Great Tusk|0 fnt\n|faint|p1a: Great Tusk\n|-end|p1a: Great Tusk|Protosynthesis|[silent]\n|\n|upkeep\n|\n|t:|1700043961\n|switch|p1a: Heatran|Heatran, F|100\/100\n|turn|9\n|\n|t:|1700043965\n|-terastallize|p1a: Heatran|Grass\n|move|p2a: Torterra|Tera Blast|p1a: Heatran|[anim] Tera Blast Ice\n|-supereffective|p1a: Heatran\n|-damage|p1a: Heatran|0 fnt\n|faint|p1a: Heatran\n|\n|upkeep\n|\n|t:|1700043978\n|switch|p1a: Pelipper|Pelipper, M|100\/100\n|-weather|RainDance|[from] ability: Drizzle|[of] p1a: Pelipper\n|turn|10\n|inactive|eddy kujo has 120 seconds left.\n|\n|t:|1700044011\n|move|p2a: Torterra|Wood Hammer|p1a: Pelipper\n|-damage|p1a: Pelipper|0 fnt\n|faint|p1a: Pelipper\n|-damage|p2a: Torterra|53\/100|[from] Recoil\n|\n|-weather|RainDance|[upkeep]\n|upkeep\n|\n|t:|1700044015\n|switch|p1a: Kingambit|Kingambit, M|100\/100\n|-activate|p1a: Kingambit|ability: Supreme Overlord\n|-start|p1a: Kingambit|fallen3|[silent]\n|-item|p1a: Kingambit|Air Balloon\n|turn|11\n|\n|t:|1700044025\n|move|p2a: Torterra|Tera Blast|p1a: Kingambit|[anim] Tera Blast Ice\n|-resisted|p1a: Kingambit\n|-damage|p1a: Kingambit|72\/100\n|-enditem|p1a: Kingambit|Air Balloon\n|move|p1a: Kingambit|Swords Dance|p1a: Kingambit\n|-boost|p1a: Kingambit|atk|2\n|\n|-weather|RainDance|[upkeep]\n|upkeep\n|turn|12\n|\n|t:|1700044031\n|switch|p2a: Morpeko|Morpeko, F|100\/100\n|move|p1a: Kingambit|Sucker Punch||[still]\n|-fail|p1a: Kingambit\n|\n|-weather|RainDance|[upkeep]\n|-formechange|p2a: Morpeko|Morpeko-Hangry||[from] ability: Hunger Switch\n|upkeep\n|turn|13\n|\n|t:|1700044036\n|move|p2a: Morpeko|Reversal|p1a: Kingambit\n|-supereffective|p1a: Kingambit\n|-damage|p1a: Kingambit|54\/100\n|move|p1a: Kingambit|Iron Head|p2a: Morpeko\n|-resisted|p2a: Morpeko\n|-enditem|p2a: Morpeko|Focus Sash\n|-damage|p2a: Morpeko|1\/100\n|\n|-weather|RainDance|[upkeep]\n|-formechange|p2a: Morpeko|Morpeko||[from] ability: Hunger Switch\n|upkeep\n|turn|14\n|\n|t:|1700044044\n|move|p1a: Kingambit|Sucker Punch|p2a: Morpeko\n|-resisted|p2a: Morpeko\n|-damage|p2a: Morpeko|0 fnt\n|faint|p2a: Morpeko\n|\n|-weather|none\n|upkeep\n|\n|t:|1700044047\n|switch|p2a: Rotom|Rotom-Wash|85\/100\n|turn|15\n|\n|t:|1700044057\n|move|p2a: Rotom|Volt Switch|p1a: Kingambit\n|-damage|p1a: Kingambit|18\/100\n|\n|t:|1700044060\n|switch|p2a: Weavile|Weavile, M|100\/100|[from] Volt Switch\n|-ability|p2a: Weavile|Pressure\n|move|p1a: Kingambit|Kowtow Cleave|p2a: Weavile\n|-resisted|p2a: Weavile\n|-damage|p2a: Weavile|0 fnt\n|faint|p2a: Weavile\n|\n|upkeep\n|\n|t:|1700044068\n|switch|p2a: Rotom|Rotom-Wash|85\/100\n|turn|16\n|\n|t:|1700044073\n|move|p1a: Kingambit|Sucker Punch|p2a: Rotom\n|-damage|p2a: Rotom|0 fnt\n|faint|p2a: Rotom\n|\n|upkeep\n|\n|t:|1700044076\n|switch|p2a: Typhlosion|Typhlosion-Hisui, M|100\/100\n|turn|17\n|\n|t:|1700044080\n|move|p1a: Kingambit|Sucker Punch|p2a: Typhlosion\n|-supereffective|p2a: Typhlosion\n|-damage|p2a: Typhlosion|0 fnt\n|faint|p2a: Typhlosion\n|\n|upkeep\n|\n|t:|1700044081\n|switch|p2a: Torterra|Torterra, M, tera:Ice|53\/100\n|turn|18\n|\n|t:|1700044086\n|move|p2a: Torterra|Earthquake|p1a: Kingambit\n|-supereffective|p1a: Kingambit\n|-damage|p1a: Kingambit|0 fnt\n|faint|p1a: Kingambit\n|-end|p1a: Kingambit|fallen3|[silent]\n|\n|upkeep\n|\n|t:|1700044091\n|switch|p1a: Breloom|Breloom, M|96\/100 tox\n|turn|19\n|\n|t:|1700044094\n|move|p2a: Torterra|Tera Blast|p1a: Breloom|[anim] Tera Blast Ice\n|-supereffective|p1a: Breloom\n|-damage|p1a: Breloom|31\/100 tox\n|move|p1a: Breloom|Toxic|p2a: Torterra\n|-status|p2a: Torterra|tox\n|\n|-damage|p2a: Torterra|47\/100 tox|[from] psn\n|-heal|p1a: Breloom|43\/100 tox|[from] ability: Poison Heal\n|upkeep\n|turn|20\n|\n|t:|1700044101\n|move|p1a: Breloom|Protect|p1a: Breloom\n|-singleturn|p1a: Breloom|Protect\n|move|p2a: Torterra|Shell Smash|p2a: Torterra\n|-unboost|p2a: Torterra|def|1\n|-unboost|p2a: Torterra|spd|1\n|-boost|p2a: Torterra|atk|2\n|-boost|p2a: Torterra|spa|2\n|-boost|p2a: Torterra|spe|2\n|\n|-damage|p2a: Torterra|35\/100 tox|[from] psn\n|-heal|p1a: Breloom|55\/100 tox|[from] ability: Poison Heal\n|upkeep\n|turn|21\n|\n|t:|1700044112\n|switch|p1a: Landorus|Landorus-Therian, M|100\/100\n|-ability|p1a: Landorus|Intimidate|boost\n|-unboost|p2a: Torterra|atk|1\n|move|p2a: Torterra|Tera Blast|p1a: Landorus|[anim] Tera Blast Ice\n|-supereffective|p1a: Landorus\n|-damage|p1a: Landorus|0 fnt\n|faint|p1a: Landorus\n|\n|-damage|p2a: Torterra|17\/100 tox|[from] psn\n|upkeep\n|c|\u2606eddy kujo|gg\n|-message|eddy kujo forfeited.\n|\n|win|ven2zama\n|raw|ven2zama's rating: 1146 &rarr; <strong>1168<\/strong><br \/>(+22 for winning)\n|raw|eddy kujo's rating: 1110 &rarr; <strong>1088<\/strong><br \/>(-22 for losing)\n|l|\u2606eddy kujo\n","uploadtime":1700044148,"views":11,"p1id":"ven2zama","p2id":"eddykujo","formatid":"gen9ou","rating":1088,"private":0,"password":""}