{"id":"gen9ou-1988439203","p1":"yaxrel","p2":"Skaraptor2.1","format":"[Gen 9] OU","log":"|j|\u2606yaxrel\n|j|\u2606Skaraptor2.1\n|t:|1699723060\n|gametype|singles\n|player|p1|yaxrel|266|1289\n|player|p2|Skaraptor2.1|emma|1326\n|teamsize|p1|6\n|teamsize|p2|6\n|gen|9\n|tier|[Gen 9] OU\n|rated|\n|rule|Sleep Clause Mod: Limit one foe put to sleep\n|rule|Species Clause: Limit one of each Pok\u00e9mon\n|rule|OHKO Clause: OHKO moves are banned\n|rule|Evasion Items Clause: Evasion items are banned\n|rule|Evasion Moves Clause: Evasion moves are banned\n|rule|Endless Battle Clause: Forcing endless battles is banned\n|rule|HP Percentage Mod: HP is shown in percentages\n|clearpoke\n|poke|p1|Walking Wake|\n|poke|p1|Torkoal, M|\n|poke|p1|Gliscor, M|\n|poke|p1|Ceruledge, M|\n|poke|p1|Lilligant-Hisui, F|\n|poke|p1|Goodra-Hisui, F|\n|poke|p2|Ninetales-Alola, F|\n|poke|p2|Iron Moth|\n|poke|p2|Kingambit, F|\n|poke|p2|Ogerpon-Wellspring, F|\n|poke|p2|Iron Valiant|\n|poke|p2|Zamazenta-*|\n|teampreview\n|inactive|Battle timer is ON: inactive players will automatically lose when time's up. (requested by Skaraptor2.1)\n|\n|t:|1699723069\n|start\n|switch|p1a: Torkoal|Torkoal, M|100\/100\n|switch|p2a: Transfem|Ogerpon-Wellspring, F|100\/100\n|-weather|SunnyDay|[from] ability: Drought|[of] p1a: Torkoal\n|turn|1\n|\n|t:|1699723075\n|switch|p1a: Goodra|Goodra-Hisui, F|100\/100\n|move|p2a: Transfem|Ivy Cudgel|p1a: Goodra\n|-resisted|p1a: Goodra\n|-damage|p1a: Goodra|86\/100\n|\n|-weather|SunnyDay|[upkeep]\n|-heal|p1a: Goodra|92\/100|[from] item: Leftovers\n|upkeep\n|turn|2\n|\n|t:|1699723087\n|switch|p2a: Bigender|Iron Valiant|100\/100\n|-enditem|p2a: Bigender|Booster Energy\n|-activate|p2a: Bigender|ability: Quark Drive|[fromitem]\n|-start|p2a: Bigender|quarkdrivespe\n|move|p1a: Goodra|Flash Cannon|p2a: Bigender\n|-supereffective|p2a: Bigender\n|-damage|p2a: Bigender|0 fnt\n|faint|p2a: Bigender\n|-end|p2a: Bigender|Quark Drive|[silent]\n|\n|-weather|SunnyDay|[upkeep]\n|-heal|p1a: Goodra|98\/100|[from] item: Leftovers\n|upkeep\n|\n|t:|1699723089\n|switch|p2a: Defender of Trans|Zamazenta, shiny|100\/100\n|-ability|p2a: Defender of Trans|Dauntless Shield|boost\n|-boost|p2a: Defender of Trans|def|1\n|turn|3\n|\n|t:|1699723093\n|switch|p1a: Ceruledge|Ceruledge, M|100\/100\n|move|p2a: Defender of Trans|Iron Defense|p2a: Defender of Trans\n|-boost|p2a: Defender of Trans|def|2\n|\n|-weather|SunnyDay|[upkeep]\n|upkeep\n|turn|4\n|inactive|Skaraptor2.1 has 120 seconds left.\n|\n|t:|1699723124\n|move|p2a: Defender of Trans|Crunch|p1a: Ceruledge\n|-supereffective|p1a: Ceruledge\n|-damage|p1a: Ceruledge|44\/100\n|move|p1a: Ceruledge|Swords Dance|p1a: Ceruledge\n|-boost|p1a: Ceruledge|atk|2\n|\n|-weather|SunnyDay|[upkeep]\n|upkeep\n|turn|5\n|\n|t:|1699723131\n|move|p2a: Defender of Trans|Crunch|p1a: Ceruledge\n|-supereffective|p1a: Ceruledge\n|-damage|p1a: Ceruledge|0 fnt\n|faint|p1a: Ceruledge\n|\n|-weather|SunnyDay|[upkeep]\n|upkeep\n|\n|t:|1699723133\n|switch|p1a: Walking Wake|Walking Wake|100\/100\n|-activate|p1a: Walking Wake|ability: Protosynthesis\n|-start|p1a: Walking Wake|protosynthesisspa\n|turn|6\n|\n|t:|1699723137\n|-terastallize|p1a: Walking Wake|Water\n|move|p1a: Walking Wake|Hydro Steam|p2a: Defender of Trans\n|-damage|p2a: Defender of Trans|14\/100\n|move|p2a: Defender of Trans|Body Press|p1a: Walking Wake\n|-damage|p1a: Walking Wake|0 fnt\n|faint|p1a: Walking Wake\n|-end|p1a: Walking Wake|Protosynthesis|[silent]\n|\n|-weather|SunnyDay|[upkeep]\n|-heal|p2a: Defender of Trans|20\/100|[from] item: Leftovers\n|upkeep\n|\n|t:|1699723144\n|switch|p1a: Lilligant|Lilligant-Hisui, F|100\/100\n|turn|7\n|\n|t:|1699723146\n|move|p1a: Lilligant|Solar Blade||[still]\n|-prepare|p1a: Lilligant|Solar Blade\n|-anim|p1a: Lilligant|Solar Blade|p2a: Defender of Trans\n|-damage|p2a: Defender of Trans|3\/100\n|move|p2a: Defender of Trans|Body Press|p1a: Lilligant\n|-damage|p1a: Lilligant|0 fnt\n|faint|p1a: Lilligant\n|\n|-weather|SunnyDay|[upkeep]\n|-heal|p2a: Defender of Trans|9\/100|[from] item: Leftovers\n|upkeep\n|\n|t:|1699723150\n|switch|p1a: Gliscor|Gliscor, M|100\/100\n|turn|8\n|\n|t:|1699723153\n|move|p2a: Defender of Trans|Body Press|p1a: Gliscor\n|-resisted|p1a: Gliscor\n|-damage|p1a: Gliscor|47\/100\n|move|p1a: Gliscor|Toxic|p2a: Defender of Trans\n|-status|p2a: Defender of Trans|tox\n|\n|-weather|none\n|-heal|p2a: Defender of Trans|15\/100 tox|[from] item: Leftovers\n|-damage|p2a: Defender of Trans|9\/100 tox|[from] psn\n|-status|p1a: Gliscor|tox|[from] item: Toxic Orb\n|upkeep\n|turn|9\n|\n|t:|1699723159\n|move|p1a: Gliscor|Protect|p1a: Gliscor\n|-singleturn|p1a: Gliscor|Protect\n|move|p2a: Defender of Trans|Body Press|p1a: Gliscor\n|-activate|p1a: Gliscor|move: Protect\n|\n|-heal|p2a: Defender of Trans|15\/100 tox|[from] item: Leftovers\n|-damage|p2a: Defender of Trans|3\/100 tox|[from] psn\n|-heal|p1a: Gliscor|59\/100 tox|[from] ability: Poison Heal\n|upkeep\n|turn|10\n|\n|t:|1699723163\n|move|p1a: Gliscor|Protect||[still]\n|-fail|p1a: Gliscor\n|move|p2a: Defender of Trans|Body Press|p1a: Gliscor\n|-resisted|p1a: Gliscor\n|-damage|p1a: Gliscor|9\/100 tox\n|\n|-heal|p2a: Defender of Trans|9\/100 tox|[from] item: Leftovers\n|-damage|p2a: Defender of Trans|0 fnt|[from] psn\n|faint|p2a: Defender of Trans\n|-heal|p1a: Gliscor|21\/100 tox|[from] ability: Poison Heal\n|upkeep\n|\n|t:|1699723167\n|switch|p2a: Transfem|Ogerpon-Wellspring, F|100\/100\n|turn|11\n|\n|t:|1699723170\n|switch|p1a: Goodra|Goodra-Hisui, F|98\/100\n|move|p2a: Transfem|Encore||[still]\n|-fail|p2a: Transfem\n|\n|-heal|p1a: Goodra|100\/100|[from] item: Leftovers\n|upkeep\n|turn|12\n|\n|t:|1699723174\n|move|p2a: Transfem|Swords Dance|p2a: Transfem\n|-boost|p2a: Transfem|atk|2\n|move|p1a: Goodra|Flash Cannon|p2a: Transfem\n|-resisted|p2a: Transfem\n|-damage|p2a: Transfem|77\/100\n|\n|upkeep\n|turn|13\n|\n|t:|1699723176\n|move|p2a: Transfem|Swords Dance|p2a: Transfem\n|-boost|p2a: Transfem|atk|2\n|move|p1a: Goodra|Flash Cannon|p2a: Transfem\n|-resisted|p2a: Transfem\n|-damage|p2a: Transfem|54\/100\n|\n|upkeep\n|turn|14\n|\n|t:|1699723182\n|move|p2a: Transfem|Swords Dance|p2a: Transfem\n|-boost|p2a: Transfem|atk|2\n|move|p1a: Goodra|Thunderbolt|p2a: Transfem\n|-damage|p2a: Transfem|19\/100\n|-status|p2a: Transfem|par\n|\n|upkeep\n|turn|15\n|\n|t:|1699723184\n|move|p2a: Transfem|Ivy Cudgel|p1a: Goodra\n|-resisted|p1a: Goodra\n|-crit|p1a: Goodra\n|-damage|p1a: Goodra|0 fnt\n|faint|p1a: Goodra\n|\n|upkeep\n|\n|t:|1699723188\n|switch|p1a: Gliscor|Gliscor, M|21\/100 tox\n|turn|16\n|\n|t:|1699723191\n|move|p1a: Gliscor|U-turn|p2a: Transfem\n|-supereffective|p2a: Transfem\n|-damage|p2a: Transfem|0 fnt\n|faint|p2a: Transfem\n|\n|t:|1699723193\n|switch|p1a: Torkoal|Torkoal, M|100\/100|[from] U-turn\n|-weather|SunnyDay|[from] ability: Drought|[of] p1a: Torkoal\n|\n|-weather|SunnyDay|[upkeep]\n|upkeep\n|\n|t:|1699723195\n|switch|p2a: Silver Fox|Ninetales-Alola, F, shiny|100\/100\n|-weather|Snow|[from] ability: Snow Warning|[of] p2a: Silver Fox\n|turn|17\n|\n|t:|1699723197\n|move|p2a: Silver Fox|Aurora Veil|p2a: Silver Fox\n|-sidestart|p2: Skaraptor2.1|move: Aurora Veil\n|move|p1a: Torkoal|Lava Plume|p2a: Silver Fox\n|-supereffective|p2a: Silver Fox\n|-damage|p2a: Silver Fox|67\/100\n|\n|-weather|Snow|[upkeep]\n|upkeep\n|turn|18\n|\n|t:|1699723200\n|move|p2a: Silver Fox|Hypnosis|p1a: Torkoal\n|-status|p1a: Torkoal|slp|[from] move: Hypnosis\n|cant|p1a: Torkoal|slp\n|\n|-weather|Snow|[upkeep]\n|upkeep\n|turn|19\n|\n|t:|1699723205\n|switch|p2a: Solar Panels|Iron Moth|100\/100\n|-enditem|p2a: Solar Panels|Booster Energy\n|-activate|p2a: Solar Panels|ability: Quark Drive|[fromitem]\n|-start|p2a: Solar Panels|quarkdrivespe\n|cant|p1a: Torkoal|slp\n|\n|-weather|Snow|[upkeep]\n|upkeep\n|turn|20\n|\n|t:|1699723208\n|move|p2a: Solar Panels|Fiery Dance|p1a: Torkoal\n|-resisted|p1a: Torkoal\n|-damage|p1a: Torkoal|76\/100 slp\n|-curestatus|p1a: Torkoal|slp|[msg]\n|move|p1a: Torkoal|Earth Power|p2a: Solar Panels\n|-supereffective|p2a: Solar Panels\n|-damage|p2a: Solar Panels|55\/100\n|\n|-weather|Snow|[upkeep]\n|upkeep\n|turn|21\n|\n|t:|1699723217\n|move|p2a: Solar Panels|Fiery Dance|p1a: Torkoal\n|-resisted|p1a: Torkoal\n|-damage|p1a: Torkoal|51\/100\n|move|p1a: Torkoal|Earth Power|p2a: Solar Panels\n|-supereffective|p2a: Solar Panels\n|-damage|p2a: Solar Panels|9\/100\n|\n|-weather|none\n|upkeep\n|turn|22\n|\n|t:|1699723222\n|move|p2a: Solar Panels|Sludge Wave|p1a: Torkoal\n|-damage|p1a: Torkoal|0 fnt\n|faint|p1a: Torkoal\n|\n|upkeep\n|\n|t:|1699723224\n|switch|p1a: Gliscor|Gliscor, M|21\/100 tox\n|turn|23\n|\n|t:|1699723226\n|move|p1a: Gliscor|Protect|p1a: Gliscor\n|-singleturn|p1a: Gliscor|Protect\n|move|p2a: Solar Panels|Fiery Dance|p1a: Gliscor\n|-activate|p1a: Gliscor|move: Protect\n|\n|-heal|p1a: Gliscor|34\/100 tox|[from] ability: Poison Heal\n|upkeep\n|turn|24\n|\n|t:|1699723228\n|move|p2a: Solar Panels|Fiery Dance|p1a: Gliscor\n|-damage|p1a: Gliscor|0 fnt\n|faint|p1a: Gliscor\n|\n|win|Skaraptor2.1\n|raw|yaxrel's rating: 1289 &rarr; <strong>1267<\/strong><br \/>(-22 for losing)\n|raw|Skaraptor2.1's rating: 1326 &rarr; <strong>1344<\/strong><br \/>(+18 for winning)\n","uploadtime":1699723230,"views":15,"p1id":"yaxrel","p2id":"skaraptor21","formatid":"gen9ou","rating":1267,"private":0,"password":""}