{"id":"gen9ou-1997268914","p1":"A KlNG\u265b\u2654\u2655","p2":"Lasagna Crustle","format":"[Gen 9] OU","log":"|j|\u2606A KlNG\u265b\u2654\u2655\n|j|\u2606Lasagna Crustle\n|t:|1700782642\n|gametype|singles\n|player|p1|A KlNG\u265b\u2654\u2655|xerosic|1433\n|player|p2|Lasagna Crustle|lady-gen4|1472\n|teamsize|p1|6\n|teamsize|p2|6\n|gen|9\n|tier|[Gen 9] OU\n|rated|\n|rule|Sleep Clause Mod: Limit one foe put to sleep\n|rule|Species Clause: Limit one of each Pok\u00e9mon\n|rule|OHKO Clause: OHKO moves are banned\n|rule|Evasion Items Clause: Evasion items are banned\n|rule|Evasion Moves Clause: Evasion moves are banned\n|rule|Endless Battle Clause: Forcing endless battles is banned\n|rule|HP Percentage Mod: HP is shown in percentages\n|clearpoke\n|poke|p1|Ninetales-Alola, F|\n|poke|p1|Kommo-o, M|\n|poke|p1|Cinderace, M|\n|poke|p1|Enamorus, F|\n|poke|p1|Rillaboom, F|\n|poke|p1|Dragapult, F|\n|poke|p2|Iron Hands|\n|poke|p2|Dragapult, F|\n|poke|p2|Gholdengo|\n|poke|p2|Mandibuzz, F|\n|poke|p2|Iron Valiant|\n|poke|p2|Hatterene, F|\n|teampreview\n|inactive|Battle timer is ON: inactive players will automatically lose when time's up. (requested by A KlNG\u265b\u2654\u2655)\n|l|\u2606Lasagna Crustle\n|inactive|Lasagna Crustle disconnected and has a minute to reconnect!\n|player|p2|\n|j|\u2606Lasagna Crustle\n|inactive|Lasagna Crustle reconnected and has 145 seconds left.\n|player|p2|Lasagna Crustle|lady-gen4\n|j| Zoroark is so cute\n|j| grunkleconn\n|\n|t:|1700782665\n|start\n|switch|p1a: Enamorus|Enamorus, F|100\/100\n|switch|p2a: Meet the Sniper|Dragapult, F|100\/100\n|turn|1\n|j| Lasagne Crustle\n|\n|t:|1700782674\n|move|p2a: Meet the Sniper|Thunder Wave|p1a: Enamorus\n|-status|p1a: Enamorus|par\n|move|p1a: Enamorus|Moonblast|p2a: Meet the Sniper\n|-supereffective|p2a: Meet the Sniper\n|-damage|p2a: Meet the Sniper|0 fnt\n|faint|p2a: Meet the Sniper\n|\n|upkeep\n|\n|t:|1700782683\n|switch|p2a: Defense Unit|Gholdengo|100\/100\n|turn|2\n|\n|t:|1700782686\n|move|p2a: Defense Unit|Hex|p1a: Enamorus\n|-damage|p1a: Enamorus|18\/100 par\n|cant|p1a: Enamorus|par\n|\n|upkeep\n|turn|3\n|\n|t:|1700782691\n|move|p2a: Defense Unit|Hex|p1a: Enamorus\n|-damage|p1a: Enamorus|0 fnt\n|faint|p1a: Enamorus\n|\n|upkeep\n|\n|t:|1700782693\n|switch|p1a: Dragapult|Dragapult, F|100\/100\n|turn|4\n|\n|t:|1700782708\n|move|p1a: Dragapult|Dragon Darts|p2a: Defense Unit\n|-resisted|p2a: Defense Unit\n|-damage|p2a: Defense Unit|86\/100\n|-anim|p1a: Dragapult|Dragon Darts|p2a: Defense Unit\n|-resisted|p2a: Defense Unit\n|-damage|p2a: Defense Unit|72\/100\n|-damage|p1a: Dragapult|91\/100|[from] item: Life Orb\n|move|p2a: Defense Unit|Thunder Wave|p1a: Dragapult\n|-status|p1a: Dragapult|par\n|\n|upkeep\n|turn|5\n|\n|t:|1700782713\n|move|p2a: Defense Unit|Hex|p1a: Dragapult\n|-supereffective|p1a: Dragapult\n|-damage|p1a: Dragapult|0 fnt\n|faint|p1a: Dragapult\n|\n|upkeep\n|\n|t:|1700782715\n|switch|p1a: Cinderace|Cinderace, M|100\/100\n|turn|6\n|\n|t:|1700782722\n|-terastallize|p2a: Defense Unit|Ghost\n|move|p1a: Cinderace|Pyro Ball|p2a: Defense Unit\n|-damage|p2a: Defense Unit|0 fnt\n|faint|p2a: Defense Unit\n|-damage|p1a: Cinderace|91\/100|[from] item: Life Orb\n|\n|upkeep\n|c|\u2606Lasagna Crustle|Okkk nevermind\n|c| Zoroark is so cute|agency\n|\n|t:|1700782732\n|switch|p2a: Think Fast Dummy|Hatterene, F, shiny|100\/100\n|turn|7\n|c|\u2606A KlNG\u265b\u2654\u2655|since you wavin\n|c|\u2606A KlNG\u265b\u2654\u2655|shi\n|\n|t:|1700782736\n|move|p1a: Cinderace|Pyro Ball|p2a: Think Fast Dummy\n|-damage|p2a: Think Fast Dummy|35\/100\n|-damage|p1a: Cinderace|81\/100|[from] item: Life Orb\n|move|p2a: Think Fast Dummy|Nuzzle|p1a: Cinderace\n|-damage|p1a: Cinderace|74\/100\n|-status|p1a: Cinderace|par\n|\n|-heal|p2a: Think Fast Dummy|41\/100|[from] item: Leftovers\n|upkeep\n|turn|8\n|\n|t:|1700782742\n|cant|p1a: Cinderace|par\n|move|p2a: Think Fast Dummy|Calm Mind|p2a: Think Fast Dummy\n|-boost|p2a: Think Fast Dummy|spa|1\n|-boost|p2a: Think Fast Dummy|spd|1\n|\n|-heal|p2a: Think Fast Dummy|47\/100|[from] item: Leftovers\n|upkeep\n|turn|9\n|\n|t:|1700782744\n|move|p1a: Cinderace|Pyro Ball|p2a: Think Fast Dummy\n|-damage|p2a: Think Fast Dummy|0 fnt\n|faint|p2a: Think Fast Dummy\n|-damage|p1a: Cinderace|64\/100 par|[from] item: Life Orb\n|\n|upkeep\n|c|\u2606Lasagna Crustle|Bwh\n|\n|t:|1700782753\n|switch|p2a: Lulu irl|Iron Hands|100\/100\n|turn|10\n|c| Lasagne Crustle|Lasagna is inferior\n|\n|t:|1700782758\n|cant|p1a: Cinderace|par\n|move|p2a: Lulu irl|Swords Dance|p2a: Lulu irl\n|-boost|p2a: Lulu irl|atk|2\n|\n|upkeep\n|turn|11\n|j| heatranberg\n|c|\u2606A KlNG\u265b\u2654\u2655|get more ppl in here\n|c| heatranberg|LETS GO KING\n|c|\u2606A KlNG\u265b\u2654\u2655|you need a army for these sets\n|\n|t:|1700782787\n|move|p1a: Cinderace|High Jump Kick|p2a: Lulu irl\n|-start|p1a: Cinderace|typechange|Fighting|[from] ability: Libero\n|-damage|p2a: Lulu irl|65\/100\n|-damage|p1a: Cinderace|54\/100 par|[from] item: Life Orb\n|move|p2a: Lulu irl|Earthquake|p1a: Cinderace\n|-crit|p1a: Cinderace\n|-damage|p1a: Cinderace|0 fnt\n|faint|p1a: Cinderace\n|\n|-heal|p2a: Lulu irl|71\/100|[from] item: Leftovers\n|upkeep\n|c| heatranberg|im your biggest fan\n|c|\u2606A KlNG\u265b\u2654\u2655|Ya Herrrd\n|c|\u2606Lasagna Crustle|Fungal can you not root for the opponent maybe\n|\n|t:|1700782802\n|switch|p1a: Ninetales|Ninetales-Alola, F|100\/100\n|-weather|Snow|[from] ability: Snow Warning|[of] p1a: Ninetales\n|turn|12\n|c|\u2606Lasagna Crustle|Actually whatever root for whoever\n|c| heatranberg|you are the opponent\n|c| Lasagne Crustle|A king, I played you before\n|c|\u2606A KlNG\u265b\u2654\u2655|really\n|c|\u2606A KlNG\u265b\u2654\u2655|?\n|\n|t:|1700782819\n|move|p1a: Ninetales|Aurora Veil|p1a: Ninetales\n|-sidestart|p1: A KlNG\u265b\u2654\u2655|move: Aurora Veil\n|move|p2a: Lulu irl|Drain Punch|p1a: Ninetales\n|-crit|p1a: Ninetales\n|-damage|p1a: Ninetales|0 fnt\n|-heal|p2a: Lulu irl|99\/100|[from] drain|[of] p1a: Ninetales\n|faint|p1a: Ninetales\n|\n|-weather|Snow|[upkeep]\n|-heal|p2a: Lulu irl|100\/100|[from] item: Leftovers\n|upkeep\n|n| Lasagana Crustle|heatranberg\n|c|\u2606Lasagna Crustle|Daaaamn\n|c| Lasagne Crustle|Yes on my Pikoow account\n|\n|t:|1700782829\n|switch|p1a: Rillaboom|Rillaboom, F|100\/100\n|-fieldstart|move: Grassy Terrain|[from] ability: Grassy Surge|[of] p1a: Rillaboom\n|turn|13\n|\n|t:|1700782836\n|move|p1a: Rillaboom|High Horsepower|p2a: Lulu irl\n|-supereffective|p2a: Lulu irl\n|-damage|p2a: Lulu irl|65\/100\n|-damage|p1a: Rillaboom|91\/100|[from] item: Life Orb\n|move|p2a: Lulu irl|Drain Punch|p1a: Rillaboom\n|-damage|p1a: Rillaboom|51\/100\n|-heal|p2a: Lulu irl|79\/100|[from] drain|[of] p1a: Rillaboom\n|\n|-weather|Snow|[upkeep]\n|-heal|p1a: Rillaboom|57\/100|[from] Grassy Terrain\n|-heal|p2a: Lulu irl|85\/100|[from] Grassy Terrain\n|-heal|p2a: Lulu irl|91\/100|[from] item: Leftovers\n|upkeep\n|turn|14\n|\n|t:|1700782840\n|move|p1a: Rillaboom|Swords Dance|p1a: Rillaboom\n|-boost|p1a: Rillaboom|atk|2\n|move|p2a: Lulu irl|Drain Punch|p1a: Rillaboom\n|-damage|p1a: Rillaboom|21\/100\n|-heal|p2a: Lulu irl|100\/100|[from] drain|[of] p1a: Rillaboom\n|\n|-weather|Snow|[upkeep]\n|-heal|p1a: Rillaboom|27\/100|[from] Grassy Terrain\n|upkeep\n|turn|15\n|c| Lasagana Crustle|just gotta crit\n|c|\u2606Lasagna Crustle|I heal more than what you deal\n|c|\u2606Lasagna Crustle|Lmfao\n|\n|t:|1700782848\n|move|p1a: Rillaboom|Grassy Glide|p2a: Lulu irl\n|-damage|p2a: Lulu irl|54\/100\n|-damage|p1a: Rillaboom|17\/100|[from] item: Life Orb\n|move|p2a: Lulu irl|Drain Punch|p1a: Rillaboom\n|-damage|p1a: Rillaboom|0 fnt\n|-heal|p2a: Lulu irl|59\/100|[from] drain|[of] p1a: Rillaboom\n|faint|p1a: Rillaboom\n|\n|-weather|Snow|[upkeep]\n|-heal|p2a: Lulu irl|65\/100|[from] Grassy Terrain\n|-heal|p2a: Lulu irl|71\/100|[from] item: Leftovers\n|upkeep\n|\n|t:|1700782851\n|switch|p1a: Kommo-o|Kommo-o, M|100\/100\n|turn|16\n|\n|t:|1700782854\n|move|p1a: Kommo-o|Clangorous Soul|p1a: Kommo-o\n|-boost|p1a: Kommo-o|atk|1\n|-boost|p1a: Kommo-o|def|1\n|-boost|p1a: Kommo-o|spa|1\n|-boost|p1a: Kommo-o|spd|1\n|-boost|p1a: Kommo-o|spe|1\n|-damage|p1a: Kommo-o|68\/100\n|-enditem|p1a: Kommo-o|Throat Spray\n|-boost|p1a: Kommo-o|spa|1|[from] item: Throat Spray\n|move|p2a: Lulu irl|Drain Punch|p1a: Kommo-o\n|-damage|p1a: Kommo-o|47\/100\n|-heal|p2a: Lulu irl|78\/100|[from] drain|[of] p1a: Kommo-o\n|\n|-weather|none\n|-heal|p1a: Kommo-o|53\/100|[from] Grassy Terrain\n|-heal|p2a: Lulu irl|84\/100|[from] Grassy Terrain\n|-heal|p2a: Lulu irl|90\/100|[from] item: Leftovers\n|upkeep\n|turn|17\n|c| Zoroark is so cute|WTF ARE YOUNDOING KING\n|\n|t:|1700782872\n|move|p1a: Kommo-o|Clangorous Soul|p1a: Kommo-o\n|-boost|p1a: Kommo-o|atk|1\n|-boost|p1a: Kommo-o|def|1\n|-boost|p1a: Kommo-o|spa|1\n|-boost|p1a: Kommo-o|spd|1\n|-boost|p1a: Kommo-o|spe|1\n|-damage|p1a: Kommo-o|20\/100\n|move|p2a: Lulu irl|Drain Punch|p1a: Kommo-o\n|-damage|p1a: Kommo-o|2\/100\n|-heal|p2a: Lulu irl|95\/100|[from] drain|[of] p1a: Kommo-o\n|\n|-heal|p1a: Kommo-o|8\/100|[from] Grassy Terrain\n|-heal|p2a: Lulu irl|100\/100|[from] Grassy Terrain\n|-fieldend|move: Grassy Terrain\n|upkeep\n|turn|18\n|c|\u2606A KlNG\u265b\u2654\u2655|winning\n|\n|t:|1700782880\n|move|p1a: Kommo-o|Clanging Scales|p2a: Lulu irl\n|-damage|p2a: Lulu irl|0 fnt\n|faint|p2a: Lulu irl\n|-end|p2a: Lulu irl|Quark Drive|[silent]\n|-unboost|p1a: Kommo-o|def|1\n|\n|upkeep\n|c| Lasagana Crustle|going for game.\n|\n|t:|1700782882\n|switch|p2a: Lunar Witch|Iron Valiant|100\/100\n|-enditem|p2a: Lunar Witch|Booster Energy\n|-activate|p2a: Lunar Witch|ability: Quark Drive|[fromitem]\n|-start|p2a: Lunar Witch|quarkdrivespe\n|turn|19\n|c|\u2606Lasagna Crustle|Bitch\n|c| Lasagana Crustle|you wouldn't get it n zoroark stan\n|\n|t:|1700782888\n|-terastallize|p1a: Kommo-o|Steel\n|move|p1a: Kommo-o|Flash Cannon|p2a: Lunar Witch\n|-supereffective|p2a: Lunar Witch\n|-damage|p2a: Lunar Witch|0 fnt\n|faint|p2a: Lunar Witch\n|-end|p2a: Lunar Witch|Quark Drive|[silent]\n|\n|-sideend|p1: A KlNG\u265b\u2654\u2655|move: Aurora Veil\n|upkeep\n|c| grunkleconn|Agency plays\n|c|\u2606Lasagna Crustle|WHAT\n|c|\u2606A KlNG\u265b\u2654\u2655|I dont fk with agency\n|\n|t:|1700782897\n|switch|p2a: Courtesy of Fungal|Mandibuzz, F|100\/100\n|turn|20\n|c|\u2606A KlNG\u265b\u2654\u2655|Kneel now or Kneel later Lasagana Crustle\n|c|\u2606A KlNG\u265b\u2654\u2655|GG\n|\n|t:|1700782905\n|move|p1a: Kommo-o|Clanging Scales|p2a: Courtesy of Fungal\n|-damage|p2a: Courtesy of Fungal|0 fnt\n|faint|p2a: Courtesy of Fungal\n|\n|win|A KlNG\u265b\u2654\u2655\n|raw|A KlNG\u265b\u2654\u2655's rating: 1433 &rarr; <strong>1455<\/strong><br \/>(+22 for winning)\n|raw|Lasagna Crustle's rating: 1472 &rarr; <strong>1450<\/strong><br \/>(-22 for losing)\n|l| grunkleconn\n|c|\u2606Lasagna Crustle|You what\n|c|\u2606A KlNG\u265b\u2654\u2655|LONG\n|c|\u2606A KlNG\u265b\u2654\u2655|LIVE\n|c| Lasagne Crustle|Out agencyd\n|c|\u2606A KlNG\u265b\u2654\u2655|THE\n|c| Lasagana Crustle|agency agency\n|c|\u2606A KlNG\u265b\u2654\u2655|KING\n|c|\u2606Lasagna Crustle|I am not kneeling\n|l|\u2606A KlNG\u265b\u2654\u2655\n|j| grunkleconn\n|c|\u2606Lasagna Crustle|Who tf are tou\n|c|\u2606Lasagna Crustle|What\n|c|\u2606Lasagna Crustle|What the fuck was that\n|c| Lasagana Crustle|LMAO\n|l| Lasagana Crustle\n|c| Zoroark is so cute|BACK TO LOW LADDER\n|c|\u2606Lasagna Crustle|What the fuck was tbat\n|c|\u2606Lasagna Crustle|What the shit was that\n|c| Lasagne Crustle|Amongus dance emoji\n|l|\u2606Lasagna Crustle\n|l| Lasagne Crustle\n|j|\u2606A KlNG\u265b\u2654\u2655\n|player|p1|A KlNG\u265b\u2654\u2655|xerosic\n","uploadtime":1700782991,"views":4,"p1id":"aklng","p2id":"lasagnacrustle","formatid":"gen9ou","rating":1450,"private":0,"password":""}