{"id":"gen9ou-1991912162","p1":"jzhuc1841","p2":"Vigilante V8","format":"[Gen 9] OU","log":"|j|\u2606jzhuc1841\n|j|\u2606Vigilante V8\n|t:|1700137255\n|gametype|singles\n|player|p1|jzhuc1841|hilbert-wonderlauncher|1548\n|player|p2|Vigilante V8|102|1612\n|teamsize|p1|6\n|teamsize|p2|6\n|gen|9\n|tier|[Gen 9] OU\n|rated|\n|rule|Sleep Clause Mod: Limit one foe put to sleep\n|rule|Species Clause: Limit one of each Pok\u00e9mon\n|rule|OHKO Clause: OHKO moves are banned\n|rule|Evasion Items Clause: Evasion items are banned\n|rule|Evasion Moves Clause: Evasion moves are banned\n|rule|Endless Battle Clause: Forcing endless battles is banned\n|rule|HP Percentage Mod: HP is shown in percentages\n|clearpoke\n|poke|p1|Ogerpon-Wellspring, F|\n|poke|p1|Kingambit, M|\n|poke|p1|Iron Moth|\n|poke|p1|Iron Valiant|\n|poke|p1|Zamazenta-*|\n|poke|p1|Glimmora, M|\n|poke|p2|Gholdengo|\n|poke|p2|Landorus-Therian, M|\n|poke|p2|Iron Valiant|\n|poke|p2|Alomomola, F|\n|poke|p2|Clodsire, F|\n|poke|p2|Clefable, F|\n|teampreview\n|\n|t:|1700137275\n|start\n|switch|p1a: Glimmora|Glimmora, M|100\/100\n|switch|p2a: Clodsire|Clodsire, F|100\/100\n|-item|p1a: Glimmora|Air Balloon\n|turn|1\n|\n|t:|1700137282\n|move|p1a: Glimmora|Stealth Rock|p2a: Clodsire\n|-sidestart|p2: Vigilante V8|move: Stealth Rock\n|move|p2a: Clodsire|Spikes|p1a: Glimmora\n|-sidestart|p1: jzhuc1841|Spikes\n|\n|upkeep\n|turn|2\n|\n|t:|1700137287\n|switch|p2a: Gholdengo|Gholdengo|100\/100\n|move|p1a: Glimmora|Mortal Spin|p2a: Gholdengo\n|-immune|p2a: Gholdengo\n|\n|upkeep\n|turn|3\n|\n|t:|1700137292\n|move|p1a: Glimmora|Earth Power|p2a: Gholdengo\n|-supereffective|p2a: Gholdengo\n|-damage|p2a: Gholdengo|41\/100\n|move|p2a: Gholdengo|Make It Rain|p1a: Glimmora\n|-supereffective|p1a: Glimmora\n|-damage|p1a: Glimmora|0 fnt\n|-unboost|p2a: Gholdengo|spa|1\n|-enditem|p1a: Glimmora|Air Balloon\n|faint|p1a: Glimmora\n|\n|upkeep\n|\n|t:|1700137297\n|switch|p1a: Iron Moth|Iron Moth|100\/100\n|-damage|p1a: Iron Moth|88\/100|[from] Spikes\n|-enditem|p1a: Iron Moth|Booster Energy\n|-activate|p1a: Iron Moth|ability: Quark Drive|[fromitem]\n|-start|p1a: Iron Moth|quarkdrivespe\n|turn|4\n|\n|t:|1700137301\n|switch|p2a: Clodsire|Clodsire, F|100\/100\n|-damage|p2a: Clodsire|94\/100|[from] Stealth Rock\n|move|p1a: Iron Moth|Fiery Dance|p2a: Clodsire\n|-damage|p2a: Clodsire|72\/100\n|-boost|p1a: Iron Moth|spa|1\n|\n|-heal|p2a: Clodsire|78\/100|[from] item: Black Sludge\n|upkeep\n|turn|5\n|\n|t:|1700137309\n|move|p1a: Iron Moth|Fiery Dance|p2a: Clodsire\n|-damage|p2a: Clodsire|45\/100\n|move|p2a: Clodsire|Earthquake|p1a: Iron Moth\n|-supereffective|p1a: Iron Moth\n|-damage|p1a: Iron Moth|0 fnt\n|faint|p1a: Iron Moth\n|-end|p1a: Iron Moth|Quark Drive|[silent]\n|\n|-heal|p2a: Clodsire|51\/100|[from] item: Black Sludge\n|upkeep\n|\n|t:|1700137317\n|switch|p1a: Ogerpon|Ogerpon-Wellspring, F|100\/100\n|-damage|p1a: Ogerpon|88\/100|[from] Spikes\n|turn|6\n|\n|t:|1700137320\n|move|p1a: Ogerpon|Horn Leech|p2a: Clodsire\n|-damage|p2a: Clodsire|4\/100\n|-heal|p1a: Ogerpon|100\/100|[from] drain|[of] p2a: Clodsire\n|move|p2a: Clodsire|Toxic|p1a: Ogerpon\n|-status|p1a: Ogerpon|tox\n|\n|-heal|p2a: Clodsire|10\/100|[from] item: Black Sludge\n|-damage|p1a: Ogerpon|95\/100 tox|[from] psn\n|upkeep\n|turn|7\n|\n|t:|1700137327\n|move|p1a: Ogerpon|Trailblaze|p2a: Clodsire\n|-damage|p2a: Clodsire|0 fnt\n|-boost|p1a: Ogerpon|spe|1\n|faint|p2a: Clodsire\n|\n|-damage|p1a: Ogerpon|83\/100 tox|[from] psn\n|upkeep\n|\n|t:|1700137329\n|switch|p2a: Landorus|Landorus-Therian, M|100\/100\n|-damage|p2a: Landorus|88\/100|[from] Stealth Rock\n|-ability|p2a: Landorus|Intimidate|boost\n|-unboost|p1a: Ogerpon|atk|1\n|turn|8\n|\n|t:|1700137340\n|switch|p1a: Zamazenta|Zamazenta|100\/100\n|-damage|p1a: Zamazenta|88\/100|[from] Spikes\n|-ability|p1a: Zamazenta|Dauntless Shield|boost\n|-boost|p1a: Zamazenta|def|1\n|move|p2a: Landorus|Stealth Rock|p1a: Zamazenta\n|-sidestart|p1: jzhuc1841|move: Stealth Rock\n|\n|-heal|p1a: Zamazenta|94\/100|[from] item: Leftovers\n|upkeep\n|turn|9\n|\n|t:|1700137347\n|switch|p2a: Clefable|Clefable, F|100\/100\n|move|p1a: Zamazenta|Iron Defense|p1a: Zamazenta\n|-boost|p1a: Zamazenta|def|2\n|\n|-heal|p1a: Zamazenta|100\/100|[from] item: Leftovers\n|upkeep\n|turn|10\n|\n|t:|1700137354\n|-terastallize|p1a: Zamazenta|Steel\n|move|p1a: Zamazenta|Substitute|p1a: Zamazenta\n|-start|p1a: Zamazenta|Substitute\n|-damage|p1a: Zamazenta|76\/100\n|move|p2a: Clefable|Moonblast|p1a: Zamazenta\n|-resisted|p1a: Zamazenta\n|-activate|p1a: Zamazenta|move: Substitute|[damage]\n|\n|-heal|p1a: Zamazenta|82\/100|[from] item: Leftovers\n|upkeep\n|turn|11\n|\n|t:|1700137362\n|switch|p2a: Gholdengo|Gholdengo|41\/100\n|move|p1a: Zamazenta|Body Press|p2a: Gholdengo\n|-immune|p2a: Gholdengo\n|\n|-heal|p1a: Zamazenta|88\/100|[from] item: Leftovers\n|upkeep\n|turn|12\n|\n|t:|1700137366\n|move|p1a: Zamazenta|Crunch|p2a: Gholdengo\n|-supereffective|p2a: Gholdengo\n|-damage|p2a: Gholdengo|0 fnt\n|faint|p2a: Gholdengo\n|\n|-heal|p1a: Zamazenta|94\/100|[from] item: Leftovers\n|upkeep\n|-message|Vigilante V8 forfeited.\n|\n|win|jzhuc1841\n|raw|jzhuc1841's rating: 1548 &rarr; <strong>1572<\/strong><br \/>(+24 for winning)\n|raw|Vigilante V8's rating: 1612 &rarr; <strong>1588<\/strong><br \/>(-24 for losing)\n|l|\u2606Vigilante V8\n","uploadtime":1700137459,"views":21,"p1id":"jzhuc1841","p2id":"vigilantev8","formatid":"gen9ou","rating":1572,"private":0,"password":""}