{"id":"gen9ou-1992260844","p1":"Blurred Ace","p2":"Cruc1fixed","format":"[Gen 9] OU","log":"|j|\u2606Blurred Ace\n|j|\u2606Cruc1fixed\n|t:|1700168654\n|gametype|singles\n|player|p1|Blurred Ace|gambler|1506\n|player|p2|Cruc1fixed|102|1602\n|teamsize|p1|6\n|teamsize|p2|6\n|gen|9\n|tier|[Gen 9] OU\n|rated|\n|rule|Sleep Clause Mod: Limit one foe put to sleep\n|rule|Species Clause: Limit one of each Pok\u00e9mon\n|rule|OHKO Clause: OHKO moves are banned\n|rule|Evasion Items Clause: Evasion items are banned\n|rule|Evasion Moves Clause: Evasion moves are banned\n|rule|Endless Battle Clause: Forcing endless battles is banned\n|rule|HP Percentage Mod: HP is shown in percentages\n|clearpoke\n|poke|p1|Dragapult, M|\n|poke|p1|Scizor, M|\n|poke|p1|Samurott-Hisui, M|\n|poke|p1|Garchomp, M|\n|poke|p1|Great Tusk|\n|poke|p1|Slowking, M|\n|poke|p2|Poliwrath, M|\n|poke|p2|Pelipper, M|\n|poke|p2|Overqwil, F|\n|poke|p2|Rillaboom, M|\n|poke|p2|Iron Treads|\n|poke|p2|Zapdos|\n|teampreview\n|inactive|Battle timer is ON: inactive players will automatically lose when time's up. (requested by Cruc1fixed)\n|\n|t:|1700168663\n|start\n|switch|p1a: Slowking|Slowking, M|100\/100\n|switch|p2a: Pelipper|Pelipper, M|100\/100\n|-weather|RainDance|[from] ability: Drizzle|[of] p2a: Pelipper\n|turn|1\n|\n|t:|1700168667\n|move|p2a: Pelipper|U-turn|p1a: Slowking\n|-supereffective|p1a: Slowking\n|-damage|p1a: Slowking|82\/100\n|\n|t:|1700168669\n|switch|p2a: Rillaboom|Rillaboom, M|100\/100|[from] U-turn\n|-fieldstart|move: Grassy Terrain|[from] ability: Grassy Surge|[of] p2a: Rillaboom\n|move|p1a: Slowking|Chilly Reception|p1a: Slowking\n|-weather|Snow\n|\n|t:|1700168677\n|switch|p1a: Scizor|Scizor, M|100\/100|[from] Chilly Reception\n|\n|-weather|Snow|[upkeep]\n|upkeep\n|turn|2\n|\n|t:|1700168681\n|switch|p2a: Pelipper|Pelipper, M|100\/100\n|-weather|RainDance|[from] ability: Drizzle|[of] p2a: Pelipper\n|move|p1a: Scizor|U-turn|p2a: Pelipper\n|-resisted|p2a: Pelipper\n|-damage|p2a: Pelipper|73\/100\n|\n|t:|1700168690\n|switch|p1a: Slowking|Slowking, M|100\/100|[from] U-turn\n|\n|-weather|RainDance|[upkeep]\n|upkeep\n|turn|3\n|\n|t:|1700168695\n|move|p2a: Pelipper|U-turn|p1a: Slowking\n|-supereffective|p1a: Slowking\n|-damage|p1a: Slowking|84\/100\n|j| AFineTallk0tte\n|\n|t:|1700168699\n|switch|p2a: Rillaboom|Rillaboom, M|100\/100|[from] U-turn\n|move|p1a: Slowking|Chilly Reception|p1a: Slowking\n|-weather|Snow\n|\n|t:|1700168703\n|switch|p1a: Scizor|Scizor, M|100\/100|[from] Chilly Reception\n|\n|-weather|Snow|[upkeep]\n|upkeep\n|turn|4\n|\n|t:|1700168708\n|move|p2a: Rillaboom|U-turn|p1a: Scizor\n|-resisted|p1a: Scizor\n|-damage|p1a: Scizor|81\/100\n|\n|t:|1700168710\n|switch|p2a: Zapdos|Zapdos|100\/100|[from] U-turn\n|move|p1a: Scizor|Knock Off|p2a: Zapdos\n|-damage|p2a: Zapdos|28\/100\n|-enditem|p2a: Zapdos|Heavy-Duty Boots|[from] move: Knock Off|[of] p1a: Scizor\n|\n|-weather|Snow|[upkeep]\n|-heal|p1a: Scizor|87\/100|[from] Grassy Terrain\n|upkeep\n|turn|5\n|\n|t:|1700168717\n|move|p2a: Zapdos|Roost|p2a: Zapdos\n|-heal|p2a: Zapdos|78\/100\n|-singleturn|p2a: Zapdos|move: Roost\n|move|p1a: Scizor|Knock Off|p2a: Zapdos\n|-damage|p2a: Zapdos|36\/100\n|\n|-weather|Snow|[upkeep]\n|-heal|p2a: Zapdos|42\/100|[from] Grassy Terrain\n|-heal|p1a: Scizor|94\/100|[from] Grassy Terrain\n|-fieldend|move: Grassy Terrain\n|upkeep\n|turn|6\n|\n|t:|1700168722\n|switch|p1a: Garchomp|Garchomp, M|100\/100\n|move|p2a: Zapdos|Roost|p2a: Zapdos\n|-heal|p2a: Zapdos|92\/100\n|-singleturn|p2a: Zapdos|move: Roost\n|\n|-weather|Snow|[upkeep]\n|upkeep\n|turn|7\n|\n|t:|1700168731\n|move|p1a: Garchomp|Stealth Rock|p2a: Zapdos\n|-sidestart|p2: Cruc1fixed|move: Stealth Rock\n|move|p2a: Zapdos|Weather Ball|p1a: Garchomp\n|-supereffective|p1a: Garchomp\n|-damage|p1a: Garchomp|0 fnt\n|faint|p1a: Garchomp\n|\n|-weather|none\n|upkeep\n|\n|t:|1700168744\n|switch|p1a: Dragapult|Dragapult, M|100\/100\n|turn|8\n|\n|t:|1700168767\n|switch|p2a: Iron Treads|Iron Treads|100\/100\n|-damage|p2a: Iron Treads|97\/100|[from] Stealth Rock\n|move|p1a: Dragapult|Will-O-Wisp|p2a: Iron Treads\n|-status|p2a: Iron Treads|brn\n|\n|-damage|p2a: Iron Treads|91\/100 brn|[from] brn\n|upkeep\n|turn|9\n|\n|t:|1700168772\n|move|p1a: Dragapult|Hex|p2a: Iron Treads\n|-damage|p2a: Iron Treads|34\/100 brn\n|move|p2a: Iron Treads|Ice Spinner|p1a: Dragapult\n|-supereffective|p1a: Dragapult\n|-crit|p1a: Dragapult\n|-damage|p1a: Dragapult|38\/100\n|\n|-damage|p2a: Iron Treads|28\/100 brn|[from] brn\n|upkeep\n|turn|10\n|\n|t:|1700168790\n|-end|p2a: Iron Treads|Quark Drive|[silent]\n|switch|p2a: Overqwil|Overqwil, F|100\/100\n|-damage|p2a: Overqwil|88\/100|[from] Stealth Rock\n|move|p1a: Dragapult|Hex|p2a: Overqwil\n|-resisted|p2a: Overqwil\n|-damage|p2a: Overqwil|66\/100\n|\n|upkeep\n|turn|11\n|inactive|Cruc1fixed has 120 seconds left.\n|\n|t:|1700168820\n|move|p1a: Dragapult|Will-O-Wisp|p2a: Overqwil\n|-status|p2a: Overqwil|brn\n|move|p2a: Overqwil|Swords Dance|p2a: Overqwil\n|-boost|p2a: Overqwil|atk|2\n|\n|-damage|p2a: Overqwil|60\/100 brn|[from] brn\n|upkeep\n|turn|12\n|\n|t:|1700168831\n|switch|p1a: Great Tusk|Great Tusk|100\/100\n|move|p2a: Overqwil|Crunch|p1a: Great Tusk\n|-resisted|p1a: Great Tusk\n|-damage|p1a: Great Tusk|85\/100\n|-unboost|p1a: Great Tusk|def|1\n|-damage|p2a: Overqwil|51\/100 brn|[from] item: Life Orb\n|\n|-heal|p1a: Great Tusk|91\/100|[from] item: Leftovers\n|-damage|p2a: Overqwil|45\/100 brn|[from] brn\n|upkeep\n|turn|13\n|\n|t:|1700168846\n|move|p2a: Overqwil|Liquidation|p1a: Great Tusk\n|-supereffective|p1a: Great Tusk\n|-damage|p1a: Great Tusk|24\/100\n|-damage|p2a: Overqwil|35\/100 brn|[from] item: Life Orb\n|move|p1a: Great Tusk|Bulk Up|p1a: Great Tusk\n|-boost|p1a: Great Tusk|atk|1\n|-boost|p1a: Great Tusk|def|1\n|\n|-heal|p1a: Great Tusk|30\/100|[from] item: Leftovers\n|-damage|p2a: Overqwil|29\/100 brn|[from] brn\n|upkeep\n|turn|14\n|\n|t:|1700168857\n|move|p2a: Overqwil|Liquidation|p1a: Great Tusk\n|-supereffective|p1a: Great Tusk\n|-damage|p1a: Great Tusk|0 fnt\n|faint|p1a: Great Tusk\n|-end|p1a: Great Tusk|Protosynthesis|[silent]\n|-damage|p2a: Overqwil|19\/100 brn|[from] item: Life Orb\n|\n|-damage|p2a: Overqwil|13\/100 brn|[from] brn\n|upkeep\n|\n|t:|1700168860\n|switch|p1a: Samurott|Samurott-Hisui, M|100\/100\n|turn|15\n|inactive|Cruc1fixed has 120 seconds left.\n|\n|t:|1700168899\n|move|p1a: Samurott|Ceaseless Edge|p2a: Overqwil\n|-resisted|p2a: Overqwil\n|-damage|p2a: Overqwil|0 fnt\n|-sidestart|p2: Cruc1fixed|Spikes\n|faint|p2a: Overqwil\n|\n|upkeep\n|\n|t:|1700168903\n|switch|p2a: Iron Treads|Iron Treads|28\/100 brn\n|-damage|p2a: Iron Treads|25\/100 brn|[from] Stealth Rock\n|-damage|p2a: Iron Treads|13\/100 brn|[from] Spikes\n|turn|16\n|\n|t:|1700168906\n|move|p1a: Samurott|Aqua Jet|p2a: Iron Treads\n|-supereffective|p2a: Iron Treads\n|-damage|p2a: Iron Treads|0 fnt\n|faint|p2a: Iron Treads\n|-end|p2a: Iron Treads|Quark Drive|[silent]\n|\n|upkeep\n|\n|t:|1700168909\n|switch|p2a: Rillaboom|Rillaboom, M|100\/100\n|-damage|p2a: Rillaboom|88\/100|[from] Stealth Rock\n|-damage|p2a: Rillaboom|76\/100|[from] Spikes\n|-fieldstart|move: Grassy Terrain|[from] ability: Grassy Surge|[of] p2a: Rillaboom\n|turn|17\n|\n|t:|1700168918\n|move|p1a: Samurott|Ceaseless Edge|p2a: Rillaboom\n|-damage|p2a: Rillaboom|26\/100\n|-sidestart|p2: Cruc1fixed|Spikes\n|move|p2a: Rillaboom|U-turn|p1a: Samurott\n|-supereffective|p1a: Samurott\n|-enditem|p1a: Samurott|Focus Sash\n|-damage|p1a: Samurott|1\/100\n|inactive|Cruc1fixed has 120 seconds left.\n|\n|t:|1700168954\n|switch|p2a: Pelipper|Pelipper, M|73\/100|[from] U-turn\n|-damage|p2a: Pelipper|48\/100|[from] Stealth Rock\n|-weather|RainDance|[from] ability: Drizzle|[of] p2a: Pelipper\n|\n|-weather|RainDance|[upkeep]\n|-heal|p1a: Samurott|7\/100|[from] Grassy Terrain\n|upkeep\n|turn|18\n|\n|t:|1700168962\n|move|p1a: Samurott|Ceaseless Edge|p2a: Pelipper\n|-damage|p2a: Pelipper|9\/100\n|-sidestart|p2: Cruc1fixed|Spikes\n|move|p2a: Pelipper|U-turn|p1a: Samurott\n|-supereffective|p1a: Samurott\n|-damage|p1a: Samurott|0 fnt\n|faint|p1a: Samurott\n|\n|t:|1700168966\n|switch|p2a: Poliwrath|Poliwrath, M|100\/100|[from] U-turn\n|-damage|p2a: Poliwrath|94\/100|[from] Stealth Rock\n|-damage|p2a: Poliwrath|69\/100|[from] Spikes\n|\n|-weather|RainDance|[upkeep]\n|-heal|p2a: Poliwrath|76\/100|[from] Grassy Terrain\n|upkeep\n|\n|t:|1700168994\n|switch|p1a: Slowking|Slowking, M|100\/100\n|turn|19\n|\n|t:|1700169001\n|move|p2a: Poliwrath|Liquidation|p1a: Slowking\n|-resisted|p1a: Slowking\n|-damage|p1a: Slowking|74\/100\n|move|p1a: Slowking|Chilly Reception|p1a: Slowking\n|-weather|Snow\n|\n|t:|1700169006\n|switch|p1a: Dragapult|Dragapult, M|38\/100|[from] Chilly Reception\n|\n|-weather|Snow|[upkeep]\n|-heal|p1a: Dragapult|44\/100|[from] Grassy Terrain\n|-heal|p2a: Poliwrath|82\/100|[from] Grassy Terrain\n|upkeep\n|turn|20\n|\n|t:|1700169010\n|move|p1a: Dragapult|Will-O-Wisp|p2a: Poliwrath\n|-status|p2a: Poliwrath|brn\n|move|p2a: Poliwrath|Liquidation|p1a: Dragapult\n|-resisted|p1a: Dragapult\n|-damage|p1a: Dragapult|30\/100\n|\n|-weather|Snow|[upkeep]\n|-heal|p1a: Dragapult|36\/100|[from] Grassy Terrain\n|-heal|p2a: Poliwrath|88\/100 brn|[from] Grassy Terrain\n|-damage|p2a: Poliwrath|82\/100 brn|[from] brn\n|upkeep\n|turn|21\n|\n|t:|1700169013\n|move|p1a: Dragapult|Hex|p2a: Poliwrath\n|-damage|p2a: Poliwrath|21\/100 brn\n|-enditem|p2a: Poliwrath|Sitrus Berry|[eat]\n|-heal|p2a: Poliwrath|46\/100 brn|[from] item: Sitrus Berry\n|move|p2a: Poliwrath|Belly Drum||[still]\n|-fail|p2a: Poliwrath\n|\n|-weather|Snow|[upkeep]\n|-heal|p1a: Dragapult|42\/100|[from] Grassy Terrain\n|-heal|p2a: Poliwrath|52\/100 brn|[from] Grassy Terrain\n|-damage|p2a: Poliwrath|46\/100 brn|[from] brn\n|-fieldend|move: Grassy Terrain\n|upkeep\n|turn|22\n|\n|t:|1700169019\n|move|p1a: Dragapult|Hex|p2a: Poliwrath\n|-damage|p2a: Poliwrath|0 fnt\n|faint|p2a: Poliwrath\n|\n|-weather|Snow|[upkeep]\n|upkeep\n|\n|t:|1700169027\n|switch|p2a: Rillaboom|Rillaboom, M|26\/100\n|-damage|p2a: Rillaboom|13\/100|[from] Stealth Rock\n|-damage|p2a: Rillaboom|0 fnt|[from] Spikes\n|faint|p2a: Rillaboom\n|\n|t:|1700169030\n|switch|p2a: Pelipper|Pelipper, M|9\/100\n|-damage|p2a: Pelipper|0 fnt|[from] Stealth Rock\n|faint|p2a: Pelipper\n|\n|t:|1700169032\n|switch|p2a: Zapdos|Zapdos|92\/100\n|-damage|p2a: Zapdos|67\/100|[from] Stealth Rock\n|turn|23\n|c|\u2606Blurred Ace|GG\n|\n|t:|1700169040\n|move|p1a: Dragapult|Draco Meteor|p2a: Zapdos\n|-damage|p2a: Zapdos|0 fnt\n|-unboost|p1a: Dragapult|spa|2\n|faint|p2a: Zapdos\n|\n|win|Blurred Ace\n|raw|Blurred Ace's rating: 1506 &rarr; <strong>1531<\/strong><br \/>(+25 for winning)\n|raw|Cruc1fixed's rating: 1602 &rarr; <strong>1577<\/strong><br \/>(-25 for losing)\n|l|\u2606Cruc1fixed\n","uploadtime":1700169059,"views":7,"p1id":"blurredace","p2id":"cruc1fixed","formatid":"gen9ou","rating":1531,"private":0,"password":""}