{"id":"gen9ou-1989053527","p1":"zomberino","p2":"Puas28","format":"[Gen 9] OU","log":"|j|\u2606zomberino\n|j|\u2606Puas28\n|t:|1699807004\n|gametype|singles\n|player|p1|zomberino|whitney|1346\n|player|p2|Puas28|burgh|1465\n|teamsize|p1|6\n|teamsize|p2|6\n|gen|9\n|tier|[Gen 9] OU\n|rated|\n|rule|Sleep Clause Mod: Limit one foe put to sleep\n|rule|Species Clause: Limit one of each Pok\u00e9mon\n|rule|OHKO Clause: OHKO moves are banned\n|rule|Evasion Items Clause: Evasion items are banned\n|rule|Evasion Moves Clause: Evasion moves are banned\n|rule|Endless Battle Clause: Forcing endless battles is banned\n|rule|HP Percentage Mod: HP is shown in percentages\n|clearpoke\n|poke|p1|Great Tusk|\n|poke|p1|Thundurus-Therian, M|\n|poke|p1|Iron Moth|\n|poke|p1|Hatterene, F|\n|poke|p1|Enamorus, F|\n|poke|p1|Landorus-Therian, M|\n|poke|p2|Greninja-*, M|\n|poke|p2|Zamazenta-*|\n|poke|p2|Iron Moth|\n|poke|p2|Gholdengo|\n|poke|p2|Landorus-Therian, M|\n|poke|p2|Amoonguss, F|\n|teampreview\n|inactive|Battle timer is ON: inactive players will automatically lose when time's up. (requested by zomberino)\n|\n|t:|1699807031\n|start\n|switch|p1a: Thundurus|Thundurus-Therian, M|100\/100\n|switch|p2a: Landorus|Landorus-Therian, M|100\/100\n|-ability|p2a: Landorus|Intimidate|boost\n|-unboost|p1a: Thundurus|atk|1\n|turn|1\n|\n|t:|1699807047\n|move|p2a: Landorus|U-turn|p1a: Thundurus\n|-resisted|p1a: Thundurus\n|-damage|p1a: Thundurus|77\/100\n|\n|t:|1699807052\n|switch|p2a: Amoonguss|Amoonguss, F|100\/100|[from] U-turn\n|move|p1a: Thundurus|Knock Off|p2a: Amoonguss\n|-damage|p2a: Amoonguss|89\/100\n|-enditem|p2a: Amoonguss|Red Card|[from] move: Knock Off|[of] p1a: Thundurus\n|\n|upkeep\n|turn|2\n|\n|t:|1699807070\n|move|p1a: Thundurus|Volt Switch|p2a: Amoonguss\n|-resisted|p2a: Amoonguss\n|-damage|p2a: Amoonguss|71\/100\n|\n|t:|1699807073\n|switch|p1a: Iron Moth|Iron Moth|100\/100|[from] Volt Switch\n|-enditem|p1a: Iron Moth|Booster Energy\n|-activate|p1a: Iron Moth|ability: Quark Drive|[fromitem]\n|-start|p1a: Iron Moth|quarkdrivespa\n|move|p2a: Amoonguss|Sludge Bomb|p1a: Iron Moth\n|-resisted|p1a: Iron Moth\n|-damage|p1a: Iron Moth|85\/100\n|\n|upkeep\n|turn|3\n|inactive|Puas28 has 120 seconds left.\n|\n|t:|1699807104\n|switch|p2a: Iron Moth|Iron Moth|100\/100\n|-enditem|p2a: Iron Moth|Booster Energy\n|-activate|p2a: Iron Moth|ability: Quark Drive|[fromitem]\n|-start|p2a: Iron Moth|quarkdrivespe\n|move|p1a: Iron Moth|Agility|p1a: Iron Moth\n|-boost|p1a: Iron Moth|spe|2\n|\n|upkeep\n|turn|4\n|\n|t:|1699807123\n|move|p1a: Iron Moth|Fiery Dance|p2a: Iron Moth\n|-resisted|p2a: Iron Moth\n|-damage|p2a: Iron Moth|68\/100\n|-boost|p1a: Iron Moth|spa|1\n|move|p2a: Iron Moth|Fiery Dance|p1a: Iron Moth\n|-resisted|p1a: Iron Moth\n|-damage|p1a: Iron Moth|65\/100\n|-boost|p2a: Iron Moth|spa|1\n|\n|upkeep\n|turn|5\n|\n|t:|1699807134\n|move|p1a: Iron Moth|Fiery Dance|p2a: Iron Moth\n|-resisted|p2a: Iron Moth\n|-damage|p2a: Iron Moth|16\/100\n|move|p2a: Iron Moth|Fiery Dance|p1a: Iron Moth\n|-resisted|p1a: Iron Moth\n|-damage|p1a: Iron Moth|31\/100\n|-boost|p2a: Iron Moth|spa|1\n|\n|upkeep\n|turn|6\n|\n|t:|1699807144\n|move|p1a: Iron Moth|Fiery Dance|p2a: Iron Moth\n|-resisted|p2a: Iron Moth\n|-damage|p2a: Iron Moth|0 fnt\n|faint|p2a: Iron Moth\n|-end|p2a: Iron Moth|Quark Drive|[silent]\n|\n|upkeep\n|\n|t:|1699807149\n|switch|p2a: Greninja|Greninja, M|100\/100\n|turn|7\n|\n|t:|1699807155\n|-terastallize|p1a: Iron Moth|Grass\n|move|p2a: Greninja|Water Shuriken|p1a: Iron Moth\n|-resisted|p1a: Iron Moth\n|-damage|p1a: Iron Moth|27\/100\n|-resisted|p1a: Iron Moth\n|-damage|p1a: Iron Moth|22\/100\n|-resisted|p1a: Iron Moth\n|-damage|p1a: Iron Moth|18\/100\n|-hitcount|p1a: Iron Moth|3\n|-damage|p2a: Greninja|91\/100|[from] item: Life Orb\n|move|p1a: Iron Moth|Energy Ball|p2a: Greninja\n|-supereffective|p2a: Greninja\n|-damage|p2a: Greninja|0 fnt\n|faint|p2a: Greninja\n|\n|upkeep\n|\n|t:|1699807167\n|switch|p2a: Landorus|Landorus-Therian, M|100\/100\n|-ability|p2a: Landorus|Intimidate|boost\n|-unboost|p1a: Iron Moth|atk|1\n|turn|8\n|\n|t:|1699807197\n|move|p1a: Iron Moth|Fiery Dance|p2a: Landorus\n|-damage|p2a: Landorus|0 fnt\n|faint|p2a: Landorus\n|\n|upkeep\n|\n|t:|1699807203\n|switch|p2a: Amoonguss|Amoonguss, F|100\/100\n|turn|9\n|\n|t:|1699807208\n|-terastallize|p2a: Amoonguss|Water\n|move|p1a: Iron Moth|Fiery Dance|p2a: Amoonguss\n|-resisted|p2a: Amoonguss\n|-damage|p2a: Amoonguss|57\/100\n|move|p2a: Amoonguss|Sludge Bomb|p1a: Iron Moth\n|-supereffective|p1a: Iron Moth\n|-damage|p1a: Iron Moth|0 fnt\n|faint|p1a: Iron Moth\n|-end|p1a: Iron Moth|Quark Drive|[silent]\n|\n|upkeep\n|\n|t:|1699807217\n|switch|p1a: Thundurus|Thundurus-Therian, M|77\/100\n|turn|10\n|\n|t:|1699807224\n|switch|p2a: Gholdengo|Gholdengo|100\/100\n|move|p1a: Thundurus|Thunderbolt|p2a: Gholdengo\n|-damage|p2a: Gholdengo|47\/100\n|\n|-heal|p2a: Gholdengo|53\/100|[from] item: Leftovers\n|upkeep\n|turn|11\n|\n|t:|1699807235\n|move|p1a: Thundurus|Knock Off|p2a: Gholdengo\n|-supereffective|p2a: Gholdengo\n|-damage|p2a: Gholdengo|22\/100\n|-enditem|p2a: Gholdengo|Leftovers|[from] move: Knock Off|[of] p1a: Thundurus\n|move|p2a: Gholdengo|Recover|p2a: Gholdengo\n|-heal|p2a: Gholdengo|72\/100\n|\n|upkeep\n|turn|12\n|\n|t:|1699807249\n|move|p1a: Thundurus|Volt Switch|p2a: Gholdengo\n|-damage|p2a: Gholdengo|33\/100\n|\n|t:|1699807251\n|switch|p1a: Great Tusk|Great Tusk|100\/100|[from] Volt Switch\n|move|p2a: Gholdengo|Make It Rain|p1a: Great Tusk\n|-damage|p1a: Great Tusk|29\/100\n|-unboost|p2a: Gholdengo|spa|1\n|\n|-heal|p1a: Great Tusk|35\/100|[from] item: Leftovers\n|upkeep\n|turn|13\n|\n|t:|1699807265\n|-end|p1a: Great Tusk|Protosynthesis|[silent]\n|switch|p1a: Thundurus|Thundurus-Therian, M|77\/100\n|switch|p2a: Amoonguss|Amoonguss, F, tera:Water|90\/100\n|\n|upkeep\n|turn|14\n|\n|t:|1699807294\n|switch|p2a: Gholdengo|Gholdengo|33\/100\n|move|p1a: Thundurus|Thunderbolt|p2a: Gholdengo\n|-damage|p2a: Gholdengo|0 fnt\n|faint|p2a: Gholdengo\n|\n|upkeep\n|\n|t:|1699807300\n|switch|p2a: Zamazenta|Zamazenta|100\/100\n|-ability|p2a: Zamazenta|Dauntless Shield|boost\n|-boost|p2a: Zamazenta|def|1\n|turn|15\n|\n|t:|1699807323\n|switch|p1a: Great Tusk|Great Tusk|35\/100\n|move|p2a: Zamazenta|Substitute|p2a: Zamazenta\n|-start|p2a: Zamazenta|Substitute\n|-damage|p2a: Zamazenta|76\/100\n|\n|-heal|p2a: Zamazenta|82\/100|[from] item: Leftovers\n|-heal|p1a: Great Tusk|41\/100|[from] item: Leftovers\n|upkeep\n|turn|16\n|\n|t:|1699807331\n|move|p2a: Zamazenta|Iron Defense|p2a: Zamazenta\n|-boost|p2a: Zamazenta|def|2\n|move|p1a: Great Tusk|Body Press|p2a: Zamazenta\n|-activate|p2a: Zamazenta|move: Substitute|[damage]\n|\n|-heal|p2a: Zamazenta|88\/100|[from] item: Leftovers\n|-heal|p1a: Great Tusk|48\/100|[from] item: Leftovers\n|upkeep\n|turn|17\n|\n|t:|1699807336\n|move|p2a: Zamazenta|Iron Defense|p2a: Zamazenta\n|-boost|p2a: Zamazenta|def|2\n|move|p1a: Great Tusk|Body Press|p2a: Zamazenta\n|-activate|p2a: Zamazenta|move: Substitute|[damage]\n|\n|-heal|p2a: Zamazenta|94\/100|[from] item: Leftovers\n|-heal|p1a: Great Tusk|54\/100|[from] item: Leftovers\n|upkeep\n|turn|18\n|\n|t:|1699807342\n|move|p2a: Zamazenta|Body Press|p1a: Great Tusk\n|-damage|p1a: Great Tusk|0 fnt\n|faint|p1a: Great Tusk\n|-end|p1a: Great Tusk|Protosynthesis|[silent]\n|\n|-heal|p2a: Zamazenta|100\/100|[from] item: Leftovers\n|upkeep\n|\n|t:|1699807349\n|switch|p1a: Hatterene|Hatterene, F|100\/100\n|turn|19\n|\n|t:|1699807353\n|move|p2a: Zamazenta|Heavy Slam|p1a: Hatterene\n|-supereffective|p1a: Hatterene\n|-damage|p1a: Hatterene|24\/100\n|move|p1a: Hatterene|Trick Room|p1a: Hatterene\n|-fieldstart|move: Trick Room|[of] p1a: Hatterene\n|\n|-heal|p1a: Hatterene|30\/100|[from] item: Leftovers\n|upkeep\n|turn|20\n|\n|t:|1699807365\n|move|p1a: Hatterene|Draining Kiss|p2a: Zamazenta\n|-supereffective|p2a: Zamazenta\n|-end|p2a: Zamazenta|Substitute\n|-heal|p1a: Hatterene|37\/100|[from] drain|[of] p2a: Zamazenta\n|move|p2a: Zamazenta|Substitute|p2a: Zamazenta\n|-start|p2a: Zamazenta|Substitute\n|-damage|p2a: Zamazenta|76\/100\n|\n|-heal|p1a: Hatterene|43\/100|[from] item: Leftovers\n|-heal|p2a: Zamazenta|82\/100|[from] item: Leftovers\n|upkeep\n|turn|21\n|\n|t:|1699807377\n|move|p1a: Hatterene|Draining Kiss|p2a: Zamazenta\n|-supereffective|p2a: Zamazenta\n|-end|p2a: Zamazenta|Substitute\n|-heal|p1a: Hatterene|65\/100|[from] drain|[of] p2a: Zamazenta\n|move|p2a: Zamazenta|Heavy Slam|p1a: Hatterene\n|-supereffective|p1a: Hatterene\n|-damage|p1a: Hatterene|0 fnt\n|faint|p1a: Hatterene\n|\n|-heal|p2a: Zamazenta|88\/100|[from] item: Leftovers\n|upkeep\n|\n|t:|1699807387\n|switch|p1a: Enamorus|Enamorus, F|100\/100\n|turn|22\n|\n|t:|1699807400\n|move|p1a: Enamorus|Moonblast|p2a: Zamazenta\n|-supereffective|p2a: Zamazenta\n|-damage|p2a: Zamazenta|1\/100\n|move|p2a: Zamazenta|Heavy Slam|p1a: Enamorus\n|-supereffective|p1a: Enamorus\n|-damage|p1a: Enamorus|15\/100\n|\n|-heal|p1a: Enamorus|22\/100|[from] item: Leftovers\n|-heal|p2a: Zamazenta|7\/100|[from] item: Leftovers\n|upkeep\n|turn|23\n|\n|t:|1699807412\n|switch|p2a: Amoonguss|Amoonguss, F, tera:Water|100\/100\n|move|p1a: Enamorus|Superpower|p2a: Amoonguss\n|-damage|p2a: Amoonguss|78\/100\n|-boost|p1a: Enamorus|atk|1\n|-boost|p1a: Enamorus|def|1\n|\n|-heal|p1a: Enamorus|28\/100|[from] item: Leftovers\n|-fieldend|move: Trick Room\n|upkeep\n|turn|24\n|\n|t:|1699807436\n|move|p1a: Enamorus|Moonblast|p2a: Amoonguss\n|-damage|p2a: Amoonguss|36\/100\n|-unboost|p2a: Amoonguss|spa|1\n|move|p2a: Amoonguss|Sludge Bomb|p1a: Enamorus\n|-supereffective|p1a: Enamorus\n|-damage|p1a: Enamorus|0 fnt\n|faint|p1a: Enamorus\n|\n|upkeep\n|\n|t:|1699807445\n|switch|p1a: Thundurus|Thundurus-Therian, M|77\/100\n|turn|25\n|\n|t:|1699807451\n|move|p1a: Thundurus|Thunderbolt|p2a: Amoonguss\n|-supereffective|p2a: Amoonguss\n|-damage|p2a: Amoonguss|0 fnt\n|faint|p2a: Amoonguss\n|\n|upkeep\n|\n|t:|1699807454\n|switch|p2a: Zamazenta|Zamazenta|7\/100\n|turn|26\n|\n|t:|1699807463\n|move|p2a: Zamazenta|Heavy Slam|p1a: Thundurus\n|-resisted|p1a: Thundurus\n|-damage|p1a: Thundurus|59\/100\n|move|p1a: Thundurus|Thunderbolt|p2a: Zamazenta\n|-damage|p2a: Zamazenta|0 fnt\n|faint|p2a: Zamazenta\n|\n|win|zomberino\n|raw|zomberino's rating: 1346 &rarr; <strong>1373<\/strong><br \/>(+27 for winning)\n|raw|Puas28's rating: 1465 &rarr; <strong>1438<\/strong><br \/>(-27 for losing)\n|l|\u2606Puas28\n","uploadtime":1699807485,"views":10,"p1id":"zomberino","p2id":"puas28","formatid":"gen9ou","rating":1373,"private":0,"password":""}