{"id":"gen9ou-1990538172","p1":"Nubbleslabob","p2":"MelloSapp","format":"[Gen 9] OU","log":"|j|\u2606Nubbleslabob\n|j|\u2606MelloSapp\n|t:|1699979683\n|gametype|singles\n|player|p1|Nubbleslabob|102|1033\n|player|p2|MelloSapp|gambler|1043\n|teamsize|p1|6\n|teamsize|p2|6\n|gen|9\n|tier|[Gen 9] OU\n|rated|\n|rule|Sleep Clause Mod: Limit one foe put to sleep\n|rule|Species Clause: Limit one of each Pok\u00e9mon\n|rule|OHKO Clause: OHKO moves are banned\n|rule|Evasion Items Clause: Evasion items are banned\n|rule|Evasion Moves Clause: Evasion moves are banned\n|rule|Endless Battle Clause: Forcing endless battles is banned\n|rule|HP Percentage Mod: HP is shown in percentages\n|clearpoke\n|poke|p1|Ogerpon-Wellspring, F|\n|poke|p1|Greninja-*, M|\n|poke|p1|Kommo-o, F|\n|poke|p1|Kingambit, M|\n|poke|p1|Chandelure, M|\n|poke|p1|Gholdengo|\n|poke|p2|Sneasler, F|\n|poke|p2|Electrode-Hisui|\n|poke|p2|Eiscue, M|\n|poke|p2|Samurott-Hisui, M|\n|poke|p2|Ceruledge, M|\n|poke|p2|Clefable, M|\n|teampreview\n|\n|t:|1699979695\n|start\n|switch|p1a: Overgrown Lizard|Kommo-o, F, shiny|100\/100\n|switch|p2a: FastestPokemonInOU|Electrode-Hisui|100\/100\n|turn|1\n|c|\u2606Nubbleslabob|wrong thing mate\n|\n|t:|1699979705\n|move|p2a: FastestPokemonInOU|Taunt|p1a: Overgrown Lizard\n|-start|p1a: Overgrown Lizard|move: Taunt\n|cant|p1a: Overgrown Lizard|move: Taunt|Belly Drum\n|\n|upkeep\n|turn|2\n|\n|t:|1699979713\n|move|p2a: FastestPokemonInOU|Thunder|p1a: Overgrown Lizard\n|-resisted|p1a: Overgrown Lizard\n|-damage|p1a: Overgrown Lizard|68\/100\n|-damage|p2a: FastestPokemonInOU|91\/100|[from] item: Life Orb\n|move|p1a: Overgrown Lizard|Drain Punch|p2a: FastestPokemonInOU\n|-damage|p2a: FastestPokemonInOU|21\/100\n|-heal|p1a: Overgrown Lizard|99\/100|[from] drain|[of] p2a: FastestPokemonInOU\n|\n|upkeep\n|turn|3\n|c|\u2606MelloSapp|wrong what?\n|\n|t:|1699979732\n|move|p2a: FastestPokemonInOU|Chloroblast|p1a: Overgrown Lizard\n|-resisted|p1a: Overgrown Lizard\n|-damage|p1a: Overgrown Lizard|53\/100\n|-damage|p2a: FastestPokemonInOU|0 fnt|[from] Recoil\n|faint|p2a: FastestPokemonInOU\n|move|p1a: Overgrown Lizard|Drain Punch|p2: FastestPokemonInOU|[notarget]\n|-fail|p1a: Overgrown Lizard\n|\n|-end|p1a: Overgrown Lizard|move: Taunt\n|upkeep\n|c|\u2606Nubbleslabob|wrong category\n|\n|t:|1699979742\n|switch|p2a: Zestfest|Sneasler, F|100\/100\n|turn|4\n|\n|t:|1699979746\n|move|p2a: Zestfest|Fake Out|p1a: Overgrown Lizard\n|-damage|p1a: Overgrown Lizard|38\/100\n|-status|p1a: Overgrown Lizard|psn|[from] ability: Poison Touch|[of] p2a: Zestfest\n|-enditem|p1a: Overgrown Lizard|Sitrus Berry|[eat]\n|-heal|p1a: Overgrown Lizard|63\/100 psn|[from] item: Sitrus Berry\n|cant|p1a: Overgrown Lizard|flinch\n|\n|-damage|p1a: Overgrown Lizard|51\/100 psn|[from] psn\n|upkeep\n|turn|5\n|\n|t:|1699979760\n|-singleturn|p2a: Zestfest|move: Focus Punch\n|move|p1a: Overgrown Lizard|Belly Drum|p1a: Overgrown Lizard\n|-damage|p1a: Overgrown Lizard|1\/100 psn\n|-setboost|p1a: Overgrown Lizard|atk|6|[from] move: Belly Drum\n|move|p2a: Zestfest|Focus Punch|p1a: Overgrown Lizard\n|-damage|p1a: Overgrown Lizard|0 fnt\n|faint|p1a: Overgrown Lizard\n|\n|upkeep\n|c|\u2606Nubbleslabob|ruh roh\n|\n|t:|1699979775\n|switch|p1a: Tidal Wave|Ogerpon-Wellspring, F|100\/100\n|turn|6\n|c|\u2606Nubbleslabob|zesty ass sneasler\n|\n|t:|1699979783\n|-singleturn|p2a: Zestfest|move: Focus Punch\n|move|p1a: Tidal Wave|Ivy Cudgel|p2a: Zestfest|[anim] Ivy Cudgel Water\n|-crit|p2a: Zestfest\n|-damage|p2a: Zestfest|0 fnt\n|faint|p2a: Zestfest\n|\n|upkeep\n|\n|t:|1699979791\n|switch|p2a: Penguin :)|Eiscue, M|100\/100\n|turn|7\n|c|\u2606Nubbleslabob|ooh penguin\n|\n|t:|1699979804\n|move|p1a: Tidal Wave|Horn Leech|p2a: Penguin :)\n|-activate|p2a: Penguin :)|ability: Ice Face\n|-damage|p2a: Penguin :)|100\/100\n|detailschange|p2a: Penguin :)|Eiscue-Noice, M\n|move|p2a: Penguin :)|Belly Drum|p2a: Penguin :)\n|-damage|p2a: Penguin :)|50\/100\n|-setboost|p2a: Penguin :)|atk|6|[from] move: Belly Drum\n|\n|upkeep\n|turn|8\n|c|\u2606MelloSapp|penguin :)\n|\n|t:|1699979816\n|move|p2a: Penguin :)|Icicle Crash|p1a: Tidal Wave\n|-damage|p1a: Tidal Wave|0 fnt\n|faint|p1a: Tidal Wave\n|\n|upkeep\n|c|\u2606Nubbleslabob|what the hell was that\n|\n|t:|1699979825\n|switch|p1a: Pew Pew|Gholdengo, shiny|100\/100\n|-item|p1a: Pew Pew|Air Balloon\n|turn|9\n|c|\u2606MelloSapp|penguin :)\n|\n|t:|1699979835\n|move|p2a: Penguin :)|Icicle Crash|p1a: Pew Pew\n|-resisted|p1a: Pew Pew\n|-damage|p1a: Pew Pew|25\/100\n|-enditem|p1a: Pew Pew|Air Balloon\n|cant|p1a: Pew Pew|flinch\n|\n|upkeep\n|turn|10\n|c|\u2606Nubbleslabob|WHAT THE HELL\n|\n|t:|1699979844\n|move|p2a: Penguin :)|Ice Spinner|p1a: Pew Pew\n|-resisted|p1a: Pew Pew\n|-damage|p1a: Pew Pew|0 fnt\n|faint|p1a: Pew Pew\n|\n|upkeep\n|\n|t:|1699979856\n|switch|p1a: Forg Ninja|Greninja, M|100\/100\n|turn|11\n|c|\u2606Nubbleslabob|DIE\n|c|\u2606MelloSapp|idk\n|\n|t:|1699979867\n|move|p1a: Forg Ninja|Water Shuriken|p2a: Penguin :)\n|-damage|p2a: Penguin :)|32\/100\n|-damage|p2a: Penguin :)|13\/100\n|-enditem|p2a: Penguin :)|Salac Berry|[eat]\n|-boost|p2a: Penguin :)|spe|1|[from] item: Salac Berry\n|-damage|p2a: Penguin :)|0 fnt\n|faint|p2a: Penguin :)\n|-ability|p1a: Forg Ninja|Battle Bond|boost\n|-boost|p1a: Forg Ninja|atk|1\n|-boost|p1a: Forg Ninja|spa|1\n|-boost|p1a: Forg Ninja|spe|1\n|-activate|p1a: Forg Ninja|ability: Battle Bond\n|-hitcount|p2: Penguin :)|3\n|-damage|p1a: Forg Ninja|91\/100|[from] item: Life Orb\n|\n|upkeep\n|c|\u2606Nubbleslabob|I HAVE PRIORITY\n|\n|t:|1699979879\n|switch|p2a: Bulky thing|Clefable, M|100\/100\n|turn|12\n|n|!Nubbleslabob|nubbleslabob\n|c|\u2606MelloSapp|nice omniboost\n|c|\u2606MelloSapp|too bad I have unaware\n|\n|t:|1699979898\n|move|p1a: Forg Ninja|Water Shuriken|p2a: Bulky thing\n|-damage|p2a: Bulky thing|92\/100\n|-damage|p2a: Bulky thing|83\/100\n|-damage|p2a: Bulky thing|74\/100\n|-damage|p2a: Bulky thing|66\/100\n|-hitcount|p2a: Bulky thing|4\n|-damage|p1a: Forg Ninja|81\/100|[from] item: Life Orb\n|move|p2a: Bulky thing|Moonblast|p1a: Forg Ninja\n|-supereffective|p1a: Forg Ninja\n|-damage|p1a: Forg Ninja|0 fnt\n|faint|p1a: Forg Ninja\n|\n|-heal|p2a: Bulky thing|72\/100|[from] item: Leftovers\n|upkeep\n|\n|t:|1699979914\n|switch|p1a: Flaming Magician|Chandelure, M, shiny|100\/100\n|turn|13\n|\n|t:|1699979920\n|move|p1a: Flaming Magician|Trick|p2a: Bulky thing\n|-activate|p1a: Flaming Magician|move: Trick|[of] p2a: Bulky thing\n|-item|p2a: Bulky thing|Choice Scarf|[from] move: Trick\n|-item|p1a: Flaming Magician|Leftovers|[from] move: Trick\n|move|p2a: Bulky thing|Wish|p2a: Bulky thing\n|\n|upkeep\n|turn|14\n|\n|t:|1699979933\n|switch|p2a: Better Samurott|Samurott-Hisui, M|100\/100\n|move|p1a: Flaming Magician|Energy Ball|p2a: Better Samurott\n|-supereffective|p2a: Better Samurott\n|-damage|p2a: Better Samurott|2\/100\n|\n|-heal|p2a: Better Samurott|63\/100|[from] move: Wish|[wisher] Bulky thing\n|upkeep\n|turn|15\n|\n|t:|1699979944\n|-terastallize|p2a: Better Samurott|Water\n|move|p2a: Better Samurott|Razor Shell|p1a: Flaming Magician\n|-supereffective|p1a: Flaming Magician\n|-damage|p1a: Flaming Magician|0 fnt\n|faint|p1a: Flaming Magician\n|\n|upkeep\n|\n|t:|1699979951\n|switch|p1a: En Passant|Kingambit, M, shiny|100\/100\n|-activate|p1a: En Passant|ability: Supreme Overlord\n|-start|p1a: En Passant|fallen5|[silent]\n|turn|16\n|\n|t:|1699979957\n|move|p2a: Better Samurott|Razor Shell|p1a: En Passant\n|-damage|p1a: En Passant|52\/100\n|move|p1a: En Passant|Kowtow Cleave|p2a: Better Samurott\n|-damage|p2a: Better Samurott|0 fnt\n|faint|p2a: Better Samurott\n|\n|upkeep\n|\n|t:|1699979964\n|switch|p2a: Bulky thing|Clefable, M|72\/100\n|turn|17\n|\n|t:|1699979968\n|move|p2a: Bulky thing|Moonblast|p1a: En Passant\n|-damage|p1a: En Passant|19\/100\n|move|p1a: En Passant|Kowtow Cleave|p2a: Bulky thing\n|-resisted|p2a: Bulky thing\n|-damage|p2a: Bulky thing|44\/100\n|\n|upkeep\n|turn|18\n|\n|t:|1699979976\n|move|p2a: Bulky thing|Moonblast|p1a: En Passant\n|-damage|p1a: En Passant|0 fnt\n|faint|p1a: En Passant\n|-end|p1a: En Passant|fallen5|[silent]\n|\n|win|MelloSapp\n|raw|Nubbleslabob's rating: 1033 &rarr; <strong>1018<\/strong><br \/>(-15 for losing)\n|raw|MelloSapp's rating: 1043 &rarr; <strong>1076<\/strong><br \/>(+33 for winning)\n","uploadtime":1699979881,"views":4,"p1id":"nubbleslabob","p2id":"mellosapp","formatid":"gen9ou","rating":1018,"private":0,"password":""}