{"id":"gen9ou-1988382880","p1":"MukYaUp","p2":"Myrthem","format":"[Gen 9] OU","log":"|j|\u2606MukYaUp\n|j|\u2606Myrthem\n|t:|1699716667\n|gametype|singles\n|player|p1|MukYaUp|koga|1084\n|player|p2|Myrthem|lady|1070\n|teamsize|p1|6\n|teamsize|p2|6\n|gen|9\n|tier|[Gen 9] OU\n|rated|\n|rule|Sleep Clause Mod: Limit one foe put to sleep\n|rule|Species Clause: Limit one of each Pok\u00e9mon\n|rule|OHKO Clause: OHKO moves are banned\n|rule|Evasion Items Clause: Evasion items are banned\n|rule|Evasion Moves Clause: Evasion moves are banned\n|rule|Endless Battle Clause: Forcing endless battles is banned\n|rule|HP Percentage Mod: HP is shown in percentages\n|clearpoke\n|poke|p1|Maushold-Four|\n|poke|p1|Weezing-Galar, F|\n|poke|p1|Dragonite, F|\n|poke|p1|Walking Wake|\n|poke|p1|Muk-Alola, M|\n|poke|p1|Great Tusk|\n|poke|p2|Zoroark, F|\n|poke|p2|Breloom, F|\n|poke|p2|Zapdos|\n|poke|p2|Slowking-Galar, M|\n|poke|p2|Clefable, F|\n|poke|p2|Scizor, M|\n|teampreview\n|\n|t:|1699716695\n|start\n|switch|p1a: Mr.TopHats|Weezing-Galar, F, shiny|100\/100\n|switch|p2a: Zapdos|Zapdos|100\/100\n|turn|1\n|\n|t:|1699716704\n|move|p2a: Zapdos|Knock Off|p1a: Mr.TopHats\n|-resisted|p1a: Mr.TopHats\n|-damage|p1a: Mr.TopHats|76\/100\n|-enditem|p1a: Mr.TopHats|Choice Specs|[from] move: Knock Off|[of] p2a: Zapdos\n|move|p1a: Mr.TopHats|Overheat|p2a: Zapdos\n|-damage|p2a: Zapdos|31\/100\n|-unboost|p1a: Mr.TopHats|spa|2\n|replace|p2a: Zoroark|Zoroark, F\n|-end|p2a: Zoroark|Illusion\n|\n|upkeep\n|turn|2\n|\n|t:|1699716716\n|switch|p2a: Slowking|Slowking-Galar, M|100\/100\n|move|p1a: Mr.TopHats|Strange Steam|p2a: Slowking\n|-resisted|p2a: Slowking\n|-damage|p2a: Slowking|96\/100\n|\n|upkeep\n|turn|3\n|\n|t:|1699716725\n|switch|p1a: Pride \ud83c\udf08|Muk-Alola, M|100\/100\n|move|p2a: Slowking|Sludge Bomb|p1a: Pride \ud83c\udf08\n|-resisted|p1a: Pride \ud83c\udf08\n|-damage|p1a: Pride \ud83c\udf08|90\/100\n|\n|-heal|p1a: Pride \ud83c\udf08|96\/100|[from] item: Black Sludge\n|upkeep\n|turn|4\n|\n|t:|1699716734\n|move|p1a: Pride \ud83c\udf08|Knock Off|p2a: Slowking\n|-supereffective|p2a: Slowking\n|-damage|p2a: Slowking|20\/100\n|-enditem|p2a: Slowking|Assault Vest|[from] move: Knock Off|[of] p1a: Pride \ud83c\udf08\n|move|p2a: Slowking|Future Sight|p1a: Pride \ud83c\udf08\n|-start|p2a: Slowking|move: Future Sight\n|\n|-heal|p1a: Pride \ud83c\udf08|100\/100|[from] item: Black Sludge\n|upkeep\n|turn|5\n|\n|t:|1699716747\n|switch|p2a: Scizor|Scizor, M|100\/100\n|move|p1a: Pride \ud83c\udf08|Knock Off|p2a: Scizor\n|-damage|p2a: Scizor|76\/100\n|-enditem|p2a: Scizor|Leftovers|[from] move: Knock Off|[of] p1a: Pride \ud83c\udf08\n|\n|upkeep\n|turn|6\n|\n|t:|1699716757\n|move|p2a: Scizor|Swords Dance|p2a: Scizor\n|-boost|p2a: Scizor|atk|2\n|move|p1a: Pride \ud83c\udf08|Drain Punch|p2a: Scizor\n|-damage|p2a: Scizor|62\/100\n|\n|-end|p1a: Pride \ud83c\udf08|move: Future Sight\n|-immune|p1a: Pride \ud83c\udf08\n|upkeep\n|turn|7\n|\n|t:|1699716766\n|move|p1a: Pride \ud83c\udf08|Protect|p1a: Pride \ud83c\udf08\n|-singleturn|p1a: Pride \ud83c\udf08|Protect\n|move|p2a: Scizor|U-turn|p1a: Pride \ud83c\udf08\n|-activate|p1a: Pride \ud83c\udf08|move: Protect\n|\n|upkeep\n|turn|8\n|c|\u2606Myrthem|Impossible to even hit that thing...\n|-message|Myrthem forfeited.\n|\n|win|MukYaUp\n|raw|MukYaUp's rating: 1084 &rarr; <strong>1110<\/strong><br \/>(+26 for winning)\n|raw|Myrthem's rating: 1070 &rarr; <strong>1050<\/strong><br \/>(-20 for losing)\n","uploadtime":1699716788,"views":14,"p1id":"mukyaup","p2id":"myrthem","formatid":"gen9ou","rating":1050,"private":0,"password":""}