{"id":"gen9ou-1991663565","p1":"SmartyPants2745","p2":"FrostArcanine19","format":"[Gen 9] OU","log":"|j|\u2606SmartyPants2745\n|j|\u2606FrostArcanine19\n|inactive|Battle timer is ON: inactive players will automatically lose when time's up.\n|t:|1700099960\n|gametype|singles\n|player|p1|SmartyPants2745|winona|\n|player|p2|FrostArcanine19|bellelba|\n|teamsize|p1|3\n|teamsize|p2|3\n|gen|9\n|tier|[Gen 9] OU\n|rated|Tournament battle\n|rule|Sleep Clause Mod: Limit one foe put to sleep\n|rule|Species Clause: Limit one of each Pok\u00e9mon\n|rule|OHKO Clause: OHKO moves are banned\n|rule|Evasion Items Clause: Evasion items are banned\n|rule|Evasion Moves Clause: Evasion moves are banned\n|rule|Endless Battle Clause: Forcing endless battles is banned\n|rule|HP Percentage Mod: HP is shown in percentages\n|clearpoke\n|poke|p1|Duskull, F|\n|poke|p1|Krookodile, M|\n|poke|p1|Clodsire, M|\n|poke|p2|Cloyster, F|\n|poke|p2|Naclstack, M|\n|poke|p2|Polteageist|\n|teampreview\n|j|*Lady Monita \u2746\n|c|\u2606FrostArcanine19|glhf\n|j| Im dumb srly\n|\n|t:|1700099975\n|start\n|switch|p1a: Duskull|Duskull, F|100\/100\n|switch|p2a: Cloyster|Cloyster, F, shiny|100\/100\n|-item|p2a: Cloyster|Focus Sash|[from] ability: Frisk|[of] p1a: Duskull|[identify]\n|turn|1\n|\n|t:|1700099983\n|switch|p2a: Naclstack|Naclstack, M, shiny|100\/100\n|move|p1a: Duskull|Memento|p2a: Naclstack\n|-unboost|p2a: Naclstack|atk|2\n|-unboost|p2a: Naclstack|spa|2\n|faint|p1a: Duskull\n|\n|upkeep\n|\n|t:|1700099986\n|switch|p1a: Krookodile|Krookodile, M|100\/100\n|-ability|p1a: Krookodile|Intimidate|boost\n|-unboost|p2a: Naclstack|atk|1\n|turn|2\n|\n|t:|1700100011\n|move|p1a: Krookodile|Earthquake|p2a: Naclstack\n|-supereffective|p2a: Naclstack\n|-damage|p2a: Naclstack|32\/100\n|move|p2a: Naclstack|Body Press|p1a: Krookodile\n|-supereffective|p1a: Krookodile\n|-damage|p1a: Krookodile|39\/100\n|\n|upkeep\n|turn|3\n|\n|t:|1700100016\n|switch|p2a: Polteageist|Polteageist, shiny|100\/100\n|move|p1a: Krookodile|Earthquake|p2a: Polteageist\n|-enditem|p2a: Polteageist|Focus Sash\n|-damage|p2a: Polteageist|1\/100\n|-ability|p2a: Polteageist|Weak Armor|boost\n|-unboost|p2a: Polteageist|def|1\n|-boost|p2a: Polteageist|spe|2\n|\n|upkeep\n|turn|4\n|j| poketough\n|\n|t:|1700100032\n|move|p2a: Polteageist|Giga Drain|p1a: Krookodile\n|-supereffective|p1a: Krookodile\n|-damage|p1a: Krookodile|0 fnt\n|-heal|p2a: Polteageist|26\/100|[from] drain|[of] p1a: Krookodile\n|faint|p1a: Krookodile\n|\n|upkeep\n|\n|t:|1700100034\n|switch|p1a: Clodsire|Clodsire, M|100\/100\n|turn|5\n|inactive|FrostArcanine19 has 120 seconds left.\n|\n|t:|1700100064\n|move|p2a: Polteageist|Shadow Ball|p1a: Clodsire\n|-damage|p1a: Clodsire|66\/100\n|move|p1a: Clodsire|Toxic|p2a: Polteageist\n|-status|p2a: Polteageist|tox\n|\n|-heal|p1a: Clodsire|72\/100|[from] item: Leftovers\n|-damage|p2a: Polteageist|20\/100 tox|[from] psn\n|upkeep\n|turn|6\n|\n|t:|1700100068\n|move|p1a: Clodsire|Protect|p1a: Clodsire\n|-singleturn|p1a: Clodsire|Protect\n|move|p2a: Polteageist|Shadow Ball|p1a: Clodsire\n|-activate|p1a: Clodsire|move: Protect\n|\n|-heal|p1a: Clodsire|79\/100|[from] item: Leftovers\n|-damage|p2a: Polteageist|7\/100 tox|[from] psn\n|upkeep\n|turn|7\n|\n|t:|1700100072\n|move|p2a: Polteageist|Giga Drain|p1a: Clodsire\n|-damage|p1a: Clodsire|56\/100\n|-heal|p2a: Polteageist|28\/100 tox|[from] drain|[of] p1a: Clodsire\n|move|p1a: Clodsire|Curse|p1a: Clodsire\n|-unboost|p1a: Clodsire|spe|1\n|-boost|p1a: Clodsire|atk|1\n|-boost|p1a: Clodsire|def|1\n|\n|-heal|p1a: Clodsire|62\/100|[from] item: Leftovers\n|-damage|p2a: Polteageist|10\/100 tox|[from] psn\n|upkeep\n|turn|8\n|\n|t:|1700100083\n|switch|p2a: Cloyster|Cloyster, F, shiny|100\/100\n|move|p1a: Clodsire|Protect||[still]\n|-fail|p1a: Clodsire\n|\n|-heal|p1a: Clodsire|68\/100|[from] item: Leftovers\n|upkeep\n|turn|9\n|\n|t:|1700100088\n|move|p2a: Cloyster|Shell Smash|p2a: Cloyster\n|-unboost|p2a: Cloyster|def|1\n|-unboost|p2a: Cloyster|spd|1\n|-boost|p2a: Cloyster|atk|2\n|-boost|p2a: Cloyster|spa|2\n|-boost|p2a: Cloyster|spe|2\n|move|p1a: Clodsire|Toxic|p2a: Cloyster\n|-status|p2a: Cloyster|tox\n|\n|-heal|p1a: Clodsire|74\/100|[from] item: Leftovers\n|-damage|p2a: Cloyster|94\/100 tox|[from] psn\n|upkeep\n|turn|10\n|\n|t:|1700100096\n|move|p1a: Clodsire|Protect|p1a: Clodsire\n|-singleturn|p1a: Clodsire|Protect\n|move|p2a: Cloyster|Icicle Spear|p1a: Clodsire\n|-activate|p1a: Clodsire|move: Protect\n|\n|-heal|p1a: Clodsire|81\/100|[from] item: Leftovers\n|-damage|p2a: Cloyster|82\/100 tox|[from] psn\n|upkeep\n|turn|11\n|\n|t:|1700100103\n|move|p2a: Cloyster|Icicle Spear|p1a: Clodsire\n|-supereffective|p1a: Clodsire\n|-damage|p1a: Clodsire|69\/100\n|-supereffective|p1a: Clodsire\n|-damage|p1a: Clodsire|57\/100\n|-supereffective|p1a: Clodsire\n|-damage|p1a: Clodsire|45\/100\n|-supereffective|p1a: Clodsire\n|-damage|p1a: Clodsire|33\/100\n|-supereffective|p1a: Clodsire\n|-damage|p1a: Clodsire|21\/100\n|-hitcount|p1a: Clodsire|5\n|move|p1a: Clodsire|Curse|p1a: Clodsire\n|-unboost|p1a: Clodsire|spe|1\n|-boost|p1a: Clodsire|atk|1\n|-boost|p1a: Clodsire|def|1\n|\n|-heal|p1a: Clodsire|27\/100|[from] item: Leftovers\n|-damage|p2a: Cloyster|63\/100 tox|[from] psn\n|upkeep\n|turn|12\n|\n|t:|1700100109\n|move|p1a: Clodsire|Protect|p1a: Clodsire\n|-singleturn|p1a: Clodsire|Protect\n|move|p2a: Cloyster|Shell Smash|p2a: Cloyster\n|-unboost|p2a: Cloyster|def|1\n|-unboost|p2a: Cloyster|spd|1\n|-boost|p2a: Cloyster|atk|2\n|-boost|p2a: Cloyster|spa|2\n|-boost|p2a: Cloyster|spe|2\n|\n|-heal|p1a: Clodsire|34\/100|[from] item: Leftovers\n|-damage|p2a: Cloyster|38\/100 tox|[from] psn\n|upkeep\n|turn|13\n|\n|t:|1700100112\n|move|p2a: Cloyster|Icicle Spear|p1a: Clodsire\n|-supereffective|p1a: Clodsire\n|-damage|p1a: Clodsire|25\/100\n|-supereffective|p1a: Clodsire\n|-damage|p1a: Clodsire|16\/100\n|-supereffective|p1a: Clodsire\n|-damage|p1a: Clodsire|8\/100\n|-supereffective|p1a: Clodsire\n|-damage|p1a: Clodsire|0 fnt\n|faint|p1a: Clodsire\n|-hitcount|p1: Clodsire|4\n|\n|win|FrostArcanine19\n|n|\u2606SmartyPants2745|smartypants2745\n|n|\u2606FrostArcanine19|frostarcanine19\n|n|*Lady Monita \u2746|ladymonita\n|n| Im dumb srly|imdumbsrly\n|n| poketough|poketough\n","uploadtime":1700100113,"views":7,"p1id":"smartypants2745","p2id":"frostarcanine19","formatid":"gen9ou","rating":0,"private":0,"password":""}