{"id":"gen9ou-1988252464","p1":"Skaraptor2.1","p2":"anitlaughs","format":"[Gen 9] OU","log":"|j|\u2606Skaraptor2.1\n|j|\u2606anitlaughs\n|t:|1699694926\n|gametype|singles\n|player|p1|Skaraptor2.1|bodybuilderf-gen9|1365\n|player|p2|anitlaughs|265|1405\n|teamsize|p1|6\n|teamsize|p2|6\n|gen|9\n|tier|[Gen 9] OU\n|rated|\n|rule|Sleep Clause Mod: Limit one foe put to sleep\n|rule|Species Clause: Limit one of each Pok\u00e9mon\n|rule|OHKO Clause: OHKO moves are banned\n|rule|Evasion Items Clause: Evasion items are banned\n|rule|Evasion Moves Clause: Evasion moves are banned\n|rule|Endless Battle Clause: Forcing endless battles is banned\n|rule|HP Percentage Mod: HP is shown in percentages\n|clearpoke\n|poke|p1|Iron Jugulis|\n|poke|p1|Ogerpon-Wellspring, F|\n|poke|p1|Tinkaton, F|\n|poke|p1|Iron Moth|\n|poke|p1|Great Tusk|\n|poke|p1|Dragapult, M|\n|poke|p2|Kingambit, M|\n|poke|p2|Glimmora, F|\n|poke|p2|Zamazenta-*|\n|poke|p2|Iron Valiant|\n|poke|p2|Iron Moth|\n|poke|p2|Ogerpon-Wellspring, F|\n|teampreview\n|inactive|Battle timer is ON: inactive players will automatically lose when time's up. (requested by Skaraptor2.1)\n|inactive|anitlaughs also wants the timer to be on.\n|\n|t:|1699694943\n|start\n|switch|p1a: TWINKATON|Tinkaton, F|100\/100\n|switch|p2a: M'lady|Ogerpon-Wellspring, F|100\/100\n|-item|p1a: TWINKATON|Air Balloon\n|turn|1\n|\n|t:|1699694955\n|move|p2a: M'lady|Ivy Cudgel|p1a: TWINKATON\n|-damage|p1a: TWINKATON|35\/100\n|-enditem|p1a: TWINKATON|Air Balloon\n|move|p1a: TWINKATON|Thunder Wave|p2a: M'lady\n|-status|p2a: M'lady|par\n|\n|upkeep\n|turn|2\n|\n|t:|1699694976\n|move|p1a: TWINKATON|Stealth Rock|p2a: M'lady\n|-sidestart|p2: anitlaughs|move: Stealth Rock\n|cant|p2a: M'lady|par\n|\n|upkeep\n|turn|3\n|\n|t:|1699694987\n|move|p1a: TWINKATON|Encore|p2a: M'lady\n|-start|p2a: M'lady|Encore\n|move|p2a: M'lady|Ivy Cudgel|p1a: TWINKATON\n|-crit|p1a: TWINKATON\n|-damage|p1a: TWINKATON|0 fnt\n|faint|p1a: TWINKATON\n|\n|upkeep\n|\n|t:|1699694988\n|switch|p1a: Transfem|Ogerpon-Wellspring, F|100\/100\n|turn|4\n|\n|t:|1699695011\n|switch|p2a: M'Lord|Zamazenta|100\/100\n|-damage|p2a: M'Lord|94\/100|[from] Stealth Rock\n|-ability|p2a: M'Lord|Dauntless Shield|boost\n|-boost|p2a: M'Lord|def|1\n|move|p1a: Transfem|Spikes|p2a: M'Lord\n|-sidestart|p2: anitlaughs|Spikes\n|\n|-heal|p2a: M'Lord|100\/100|[from] item: Leftovers\n|upkeep\n|turn|5\n|inactive|anitlaughs has 120 seconds left.\n|\n|t:|1699695039\n|switch|p1a: Solar Panels|Iron Moth|100\/100\n|-enditem|p1a: Solar Panels|Booster Energy\n|-activate|p1a: Solar Panels|ability: Quark Drive|[fromitem]\n|-start|p1a: Solar Panels|quarkdrivespe\n|move|p2a: M'Lord|Body Press|p1a: Solar Panels\n|-resisted|p1a: Solar Panels\n|-damage|p1a: Solar Panels|64\/100\n|\n|upkeep\n|turn|6\n|inactive|anitlaughs has 120 seconds left.\n|\n|t:|1699695051\n|move|p1a: Solar Panels|Fiery Dance|p2a: M'Lord\n|-damage|p2a: M'Lord|59\/100\n|move|p2a: M'Lord|Stone Edge|p1a: Solar Panels\n|-supereffective|p1a: Solar Panels\n|-damage|p1a: Solar Panels|0 fnt\n|faint|p1a: Solar Panels\n|-end|p1a: Solar Panels|Quark Drive|[silent]\n|\n|-heal|p2a: M'Lord|65\/100|[from] item: Leftovers\n|upkeep\n|\n|t:|1699695056\n|switch|p1a: Trans\u2026.former|Iron Jugulis|100\/100\n|-enditem|p1a: Trans\u2026.former|Booster Energy\n|-activate|p1a: Trans\u2026.former|ability: Quark Drive|[fromitem]\n|-start|p1a: Trans\u2026.former|quarkdrivespe\n|turn|7\n|inactive|anitlaughs has 120 seconds left.\n|\n|t:|1699695071\n|move|p1a: Trans\u2026.former|Hurricane|p2a: M'Lord\n|-supereffective|p2a: M'Lord\n|-damage|p2a: M'Lord|0 fnt\n|faint|p2a: M'Lord\n|\n|upkeep\n|inactive|anitlaughs has 120 seconds left.\n|\n|t:|1699695077\n|switch|p2a: Trap|Glimmora, F|100\/100\n|-damage|p2a: Trap|88\/100|[from] Stealth Rock\n|-damage|p2a: Trap|76\/100|[from] Spikes\n|turn|8\n|\n|t:|1699695083\n|move|p1a: Trans\u2026.former|Earth Power|p2a: Trap\n|-supereffective|p2a: Trap\n|-damage|p2a: Trap|0 fnt\n|faint|p2a: Trap\n|\n|upkeep\n|\n|t:|1699695093\n|switch|p2a: They\/Them|Iron Valiant, shiny|100\/100\n|-damage|p2a: They\/Them|94\/100|[from] Stealth Rock\n|-damage|p2a: They\/Them|82\/100|[from] Spikes\n|-enditem|p2a: They\/Them|Booster Energy\n|-activate|p2a: They\/Them|ability: Quark Drive|[fromitem]\n|-start|p2a: They\/Them|quarkdrivespe\n|turn|9\n|\n|t:|1699695115\n|-terastallize|p1a: Trans\u2026.former|Steel\n|move|p2a: They\/Them|Moonblast|p1a: Trans\u2026.former\n|-resisted|p1a: Trans\u2026.former\n|-damage|p1a: Trans\u2026.former|71\/100\n|move|p1a: Trans\u2026.former|Hurricane|p2a: They\/Them|[miss]\n|-miss|p1a: Trans\u2026.former|p2a: They\/Them\n|\n|upkeep\n|turn|10\n|inactive|anitlaughs has 120 seconds left.\n|\n|t:|1699695137\n|move|p2a: They\/Them|Hypnosis|p1a: Trans\u2026.former\n|-status|p1a: Trans\u2026.former|slp|[from] move: Hypnosis\n|cant|p1a: Trans\u2026.former|slp\n|\n|upkeep\n|turn|11\n|\n|t:|1699695143\n|-end|p2a: They\/Them|Quark Drive|[silent]\n|switch|p2a: Iron Moth|Iron Moth|100\/100\n|-damage|p2a: Iron Moth|76\/100|[from] Stealth Rock\n|-damage|p2a: Iron Moth|63\/100|[from] Spikes\n|-enditem|p2a: Iron Moth|Booster Energy\n|-activate|p2a: Iron Moth|ability: Quark Drive|[fromitem]\n|-start|p2a: Iron Moth|quarkdrivespa\n|cant|p1a: Trans\u2026.former|slp\n|\n|upkeep\n|turn|12\n|\n|t:|1699695153\n|-end|p1a: Trans\u2026.former|Quark Drive|[silent]\n|switch|p1a: Be gay do crime|Great Tusk|100\/100\n|-enditem|p1a: Be gay do crime|Booster Energy\n|-activate|p1a: Be gay do crime|ability: Protosynthesis|[fromitem]\n|-start|p1a: Be gay do crime|protosynthesisspe\n|move|p2a: Iron Moth|Fiery Dance|p1a: Be gay do crime\n|-damage|p1a: Be gay do crime|27\/100\n|\n|upkeep\n|turn|13\n|\n|t:|1699695166\n|-end|p2a: Iron Moth|Quark Drive|[silent]\n|switch|p2a: M'lady|Ogerpon-Wellspring, F|100\/100 par\n|-damage|p2a: M'lady|88\/100 par|[from] Stealth Rock\n|-damage|p2a: M'lady|76\/100 par|[from] Spikes\n|move|p1a: Be gay do crime|Headlong Rush|p2a: M'lady\n|-resisted|p2a: M'lady\n|-damage|p2a: M'lady|45\/100 par\n|-unboost|p1a: Be gay do crime|def|1\n|-unboost|p1a: Be gay do crime|spd|1\n|\n|upkeep\n|turn|14\n|\n|t:|1699695179\n|move|p1a: Be gay do crime|Rapid Spin|p2a: M'lady\n|-damage|p2a: M'lady|25\/100 par\n|-boost|p1a: Be gay do crime|spe|1\n|move|p2a: M'lady|Wood Hammer|p1a: Be gay do crime\n|-supereffective|p1a: Be gay do crime\n|-damage|p1a: Be gay do crime|0 fnt\n|faint|p1a: Be gay do crime\n|-end|p1a: Be gay do crime|Protosynthesis|[silent]\n|-damage|p2a: M'lady|13\/100 par|[from] Recoil\n|\n|upkeep\n|\n|t:|1699695186\n|switch|p1a: Transfem|Ogerpon-Wellspring, F|100\/100\n|turn|15\n|\n|t:|1699695194\n|move|p1a: Transfem|Horn Leech|p2a: M'lady\n|-damage|p2a: M'lady|0 fnt\n|faint|p2a: M'lady\n|\n|upkeep\n|\n|t:|1699695209\n|switch|p2a: They\/Them|Iron Valiant, shiny|82\/100\n|-damage|p2a: They\/Them|76\/100|[from] Stealth Rock\n|-damage|p2a: They\/Them|63\/100|[from] Spikes\n|turn|16\n|\n|t:|1699695231\n|move|p2a: They\/Them|Moonblast|p1a: Transfem\n|-damage|p1a: Transfem|45\/100\n|-unboost|p1a: Transfem|spa|1\n|move|p1a: Transfem|Horn Leech|p2a: They\/Them\n|-damage|p2a: They\/Them|3\/100\n|-heal|p1a: Transfem|75\/100|[from] drain|[of] p2a: They\/Them\n|\n|upkeep\n|turn|17\n|\n|t:|1699695250\n|switch|p1a: Trans\u2026.former|Iron Jugulis, tera:Steel|71\/100 slp\n|move|p2a: They\/Them|Moonblast|p1a: Trans\u2026.former\n|-resisted|p1a: Trans\u2026.former\n|-damage|p1a: Trans\u2026.former|38\/100 slp\n|\n|upkeep\n|turn|18\n|\n|t:|1699695258\n|move|p2a: They\/Them|Moonblast|p1a: Trans\u2026.former\n|-resisted|p1a: Trans\u2026.former\n|-damage|p1a: Trans\u2026.former|7\/100 slp\n|cant|p1a: Trans\u2026.former|slp\n|\n|upkeep\n|turn|19\n|\n|t:|1699695264\n|move|p2a: They\/Them|Moonblast|p1a: Trans\u2026.former\n|-resisted|p1a: Trans\u2026.former\n|-damage|p1a: Trans\u2026.former|0 fnt\n|faint|p1a: Trans\u2026.former\n|-end|p1a: Trans\u2026.former|Quark Drive|[silent]\n|\n|upkeep\n|\n|t:|1699695266\n|switch|p1a: Drag Queen|Dragapult, M|100\/100\n|turn|20\n|\n|t:|1699695273\n|move|p1a: Drag Queen|Shadow Ball|p2a: They\/Them\n|-damage|p2a: They\/Them|0 fnt\n|faint|p2a: They\/Them\n|-end|p2a: They\/Them|Quark Drive|[silent]\n|\n|upkeep\n|\n|t:|1699695279\n|switch|p2a: Revenge Time|Kingambit, M, shiny|100\/100\n|-damage|p2a: Revenge Time|94\/100|[from] Stealth Rock\n|-damage|p2a: Revenge Time|82\/100|[from] Spikes\n|-activate|p2a: Revenge Time|ability: Supreme Overlord\n|-start|p2a: Revenge Time|fallen4|[silent]\n|turn|21\n|\n|t:|1699695287\n|move|p1a: Drag Queen|Shadow Ball|p2a: Revenge Time\n|-resisted|p2a: Revenge Time\n|-damage|p2a: Revenge Time|53\/100\n|move|p2a: Revenge Time|Kowtow Cleave|p1a: Drag Queen\n|-supereffective|p1a: Drag Queen\n|-damage|p1a: Drag Queen|0 fnt\n|faint|p1a: Drag Queen\n|\n|upkeep\n|\n|t:|1699695292\n|switch|p1a: Transfem|Ogerpon-Wellspring, F|75\/100\n|turn|22\n|\n|t:|1699695299\n|move|p2a: Revenge Time|Sucker Punch|p1a: Transfem\n|-damage|p1a: Transfem|0 fnt\n|faint|p1a: Transfem\n|\n|win|anitlaughs\n|raw|Skaraptor2.1's rating: 1365 &rarr; <strong>1347<\/strong><br \/>(-18 for losing)\n|raw|anitlaughs's rating: 1405 &rarr; <strong>1423<\/strong><br \/>(+18 for winning)\n","uploadtime":1699695302,"views":15,"p1id":"skaraptor21","p2id":"anitlaughs","formatid":"gen9ou","rating":1347,"private":0,"password":""}