{"id":"gen9ou-1997360486","p1":"motorvorb","p2":"Perfect DarK 0707","format":"[Gen 9] OU","log":"|j|\u2606motorvorb\n|j|\u2606Perfect DarK 0707\n|t:|1700794060\n|gametype|singles\n|player|p1|motorvorb|lusamine-nihilego|1272\n|player|p2|Perfect DarK 0707|teamrocketgruntf-gen3|1327\n|teamsize|p1|6\n|teamsize|p2|6\n|gen|9\n|tier|[Gen 9] OU\n|rated|\n|rule|Sleep Clause Mod: Limit one foe put to sleep\n|rule|Species Clause: Limit one of each Pok\u00e9mon\n|rule|OHKO Clause: OHKO moves are banned\n|rule|Evasion Items Clause: Evasion items are banned\n|rule|Evasion Moves Clause: Evasion moves are banned\n|rule|Endless Battle Clause: Forcing endless battles is banned\n|rule|HP Percentage Mod: HP is shown in percentages\n|clearpoke\n|poke|p1|Meowscarada, M|\n|poke|p1|Thundurus-Therian, M|\n|poke|p1|Dondozo, M|\n|poke|p1|Hatterene, F|\n|poke|p1|Corviknight, M|\n|poke|p1|Kingambit, M|\n|poke|p2|Cinderace, M|\n|poke|p2|Gholdengo|\n|poke|p2|Iron Valiant|\n|poke|p2|Ogerpon-Wellspring, F|\n|poke|p2|Dragonite, M|\n|poke|p2|Great Tusk|\n|teampreview\n|inactive|Battle timer is ON: inactive players will automatically lose when time's up. (requested by Perfect DarK 0707)\n|inactive|motorvorb also wants the timer to be on.\n|inactive|Perfect DarK 0707 has 120 seconds left.\n|\n|t:|1700794096\n|start\n|switch|p1a: Thundurus|Thundurus-Therian, M, shiny|100\/100\n|switch|p2a: 401 K|Gholdengo|100\/100\n|turn|1\n|\n|t:|1700794105\n|move|p2a: 401 K|Shadow Ball|p1a: Thundurus\n|-damage|p1a: Thundurus|38\/100\n|move|p1a: Thundurus|Knock Off|p2a: 401 K\n|-supereffective|p2a: 401 K\n|-damage|p2a: 401 K|52\/100\n|-enditem|p2a: 401 K|Choice Scarf|[from] move: Knock Off|[of] p1a: Thundurus\n|\n|upkeep\n|turn|2\n|\n|t:|1700794116\n|switch|p1a: Kingambit|Kingambit, M, shiny|100\/100\n|move|p2a: 401 K|Shadow Ball|p1a: Kingambit\n|-resisted|p1a: Kingambit\n|-damage|p1a: Kingambit|79\/100\n|\n|-heal|p1a: Kingambit|85\/100|[from] item: Leftovers\n|upkeep\n|turn|3\n|\n|t:|1700794133\n|-end|p1a: Kingambit|fallenundefined|[silent]\n|switch|p1a: Meowscarada|Meowscarada, M, shiny|100\/100\n|move|p2a: 401 K|Thunder Wave|p1a: Meowscarada\n|-status|p1a: Meowscarada|par\n|\n|upkeep\n|turn|4\n|\n|t:|1700794142\n|switch|p2a: Terrifying \ud83e\udeb6|Dragonite, M|100\/100\n|move|p1a: Meowscarada|Knock Off|p2a: Terrifying \ud83e\udeb6\n|-start|p1a: Meowscarada|typechange|Dark|[from] ability: Protean\n|-damage|p2a: Terrifying \ud83e\udeb6|62\/100\n|-enditem|p2a: Terrifying \ud83e\udeb6|Leftovers|[from] move: Knock Off|[of] p1a: Meowscarada\n|\n|upkeep\n|turn|5\n|\n|t:|1700794151\n|switch|p2a: S1Lv3R Bull37|Cinderace, M, shiny|100\/100\n|switch|p1a: Dondozo|Dondozo, M, shiny|100\/100\n|\n|upkeep\n|turn|6\n|\n|t:|1700794159\n|move|p2a: S1Lv3R Bull37|U-turn|p1a: Dondozo\n|-start|p2a: S1Lv3R Bull37|typechange|Bug|[from] ability: Libero\n|-damage|p1a: Dondozo|81\/100\n|\n|t:|1700794164\n|switch|p2a: ASUKA|Ogerpon-Wellspring, F|100\/100|[from] U-turn\n|move|p1a: Dondozo|Curse|p1a: Dondozo\n|-unboost|p1a: Dondozo|spe|1\n|-boost|p1a: Dondozo|atk|1\n|-boost|p1a: Dondozo|def|1\n|\n|upkeep\n|turn|7\n|\n|t:|1700794175\n|switch|p2a: 401 K|Gholdengo|52\/100\n|move|p1a: Dondozo|Curse|p1a: Dondozo\n|-unboost|p1a: Dondozo|spe|1\n|-boost|p1a: Dondozo|atk|1\n|-boost|p1a: Dondozo|def|1\n|\n|upkeep\n|turn|8\n|\n|t:|1700794182\n|switch|p2a: Sailor Moon \ud83c\udf19|Iron Valiant, shiny|100\/100\n|-enditem|p2a: Sailor Moon \ud83c\udf19|Booster Energy\n|-activate|p2a: Sailor Moon \ud83c\udf19|ability: Quark Drive|[fromitem]\n|-start|p2a: Sailor Moon \ud83c\udf19|quarkdrivespe\n|move|p1a: Dondozo|Sleep Talk||[still]\n|-fail|p1a: Dondozo\n|\n|upkeep\n|turn|9\n|\n|t:|1700794191\n|move|p2a: Sailor Moon \ud83c\udf19|Thunderbolt|p1a: Dondozo\n|-supereffective|p1a: Dondozo\n|-damage|p1a: Dondozo|26\/100\n|move|p1a: Dondozo|Wave Crash|p2a: Sailor Moon \ud83c\udf19\n|-damage|p2a: Sailor Moon \ud83c\udf19|0 fnt\n|faint|p2a: Sailor Moon \ud83c\udf19\n|-end|p2a: Sailor Moon \ud83c\udf19|Quark Drive|[silent]\n|-damage|p1a: Dondozo|6\/100|[from] Recoil\n|\n|upkeep\n|\n|t:|1700794201\n|switch|p2a: S1Lv3R Bull37|Cinderace, M, shiny|100\/100\n|turn|10\n|\n|t:|1700794208\n|move|p2a: S1Lv3R Bull37|U-turn|p1a: Dondozo\n|-start|p2a: S1Lv3R Bull37|typechange|Bug|[from] ability: Libero\n|-damage|p1a: Dondozo|0 fnt\n|faint|p1a: Dondozo\n|-message|motorvorb forfeited.\n|\n|win|Perfect DarK 0707\n|raw|motorvorb's rating: 1272 &rarr; <strong>1251<\/strong><br \/>(-21 for losing)\n|raw|Perfect DarK 0707's rating: 1327 &rarr; <strong>1344<\/strong><br \/>(+17 for winning)\n|l|\u2606motorvorb\n","uploadtime":1700794219,"views":5,"p1id":"motorvorb","p2id":"perfectdark0707","formatid":"gen9ou","rating":1251,"private":0,"password":""}