{"id":"gen9ou-1990365212","p1":"unscsnip3r","p2":"d18l","format":"[Gen 9] OU","log":"|j|\u2606unscsnip3r\n|j|\u2606d18l\n|t:|1699962688\n|gametype|singles\n|player|p1|unscsnip3r|steven|1611\n|player|p2|d18l|backpacker|1673\n|teamsize|p1|6\n|teamsize|p2|6\n|gen|9\n|tier|[Gen 9] OU\n|rated|\n|rule|Sleep Clause Mod: Limit one foe put to sleep\n|rule|Species Clause: Limit one of each Pok\u00e9mon\n|rule|OHKO Clause: OHKO moves are banned\n|rule|Evasion Items Clause: Evasion items are banned\n|rule|Evasion Moves Clause: Evasion moves are banned\n|rule|Endless Battle Clause: Forcing endless battles is banned\n|rule|HP Percentage Mod: HP is shown in percentages\n|clearpoke\n|poke|p1|Samurott-Hisui, M|\n|poke|p1|Gholdengo|\n|poke|p1|Scizor, F|\n|poke|p1|Moltres|\n|poke|p1|Zamazenta-*|\n|poke|p1|Slowking-Galar, M|\n|poke|p2|Ninetales-Alola, F|\n|poke|p2|Rillaboom, M|\n|poke|p2|Sneasler, M|\n|poke|p2|Hatterene, F|\n|poke|p2|Heatran, F|\n|poke|p2|Kingambit, F|\n|teampreview\n|inactive|Battle timer is ON: inactive players will automatically lose when time's up. (requested by unscsnip3r)\n|\n|t:|1699962717\n|start\n|switch|p1a: Moltres|Moltres|100\/100\n|switch|p2a: Rillaboom|Rillaboom, M|100\/100\n|-fieldstart|move: Grassy Terrain|[from] ability: Grassy Surge|[of] p2a: Rillaboom\n|turn|1\n|\n|t:|1699962725\n|switch|p2a: Heatran|Heatran, F|100\/100\n|-item|p2a: Heatran|Air Balloon\n|move|p1a: Moltres|U-turn|p2a: Heatran\n|-resisted|p2a: Heatran\n|-damage|p2a: Heatran|97\/100\n|-enditem|p2a: Heatran|Air Balloon\n|\n|t:|1699962729\n|switch|p1a: Samurott|Samurott-Hisui, M, shiny|100\/100|[from] U-turn\n|\n|-heal|p2a: Heatran|100\/100|[from] Grassy Terrain\n|upkeep\n|turn|2\n|j| Noob 0_o\n|\n|t:|1699962744\n|switch|p2a: Hatterene|Hatterene, F|100\/100\n|-enditem|p2a: Hatterene|Grassy Seed\n|-boost|p2a: Hatterene|def|1|[from] item: Grassy Seed\n|move|p1a: Samurott|Ceaseless Edge|p2a: Hatterene\n|-damage|p2a: Hatterene|77\/100\n|-sidestart|p2: d18l|Spikes\n|\n|-heal|p2a: Hatterene|83\/100|[from] Grassy Terrain\n|upkeep\n|turn|3\n|\n|t:|1699962768\n|switch|p1a: Scizor|Scizor, F|100\/100\n|move|p2a: Hatterene|Calm Mind|p2a: Hatterene\n|-boost|p2a: Hatterene|spa|1\n|-boost|p2a: Hatterene|spd|1\n|\n|-heal|p2a: Hatterene|89\/100|[from] Grassy Terrain\n|upkeep\n|turn|4\n|\n|t:|1699962777\n|-terastallize|p1a: Scizor|Water\n|-terastallize|p2a: Hatterene|Electric\n|move|p1a: Scizor|Knock Off|p2a: Hatterene\n|-damage|p2a: Hatterene|74\/100\n|move|p2a: Hatterene|Nuzzle|p1a: Scizor\n|-supereffective|p1a: Scizor\n|-damage|p1a: Scizor|68\/100\n|-status|p1a: Scizor|par\n|\n|-heal|p2a: Hatterene|80\/100|[from] Grassy Terrain\n|-heal|p1a: Scizor|75\/100 par|[from] Grassy Terrain\n|upkeep\n|turn|5\n|\n|t:|1699962788\n|move|p2a: Hatterene|Calm Mind|p2a: Hatterene\n|-boost|p2a: Hatterene|spa|1\n|-boost|p2a: Hatterene|spd|1\n|move|p1a: Scizor|Close Combat|p2a: Hatterene\n|-damage|p2a: Hatterene|57\/100\n|-unboost|p1a: Scizor|def|1\n|-unboost|p1a: Scizor|spd|1\n|\n|-heal|p2a: Hatterene|63\/100|[from] Grassy Terrain\n|-heal|p1a: Scizor|81\/100 par|[from] Grassy Terrain\n|-fieldend|move: Grassy Terrain\n|upkeep\n|turn|6\n|\n|t:|1699962793\n|move|p2a: Hatterene|Draining Kiss|p1a: Scizor\n|-damage|p1a: Scizor|0 fnt\n|-heal|p2a: Hatterene|100\/100|[from] drain|[of] p1a: Scizor\n|faint|p1a: Scizor\n|\n|upkeep\n|\n|t:|1699962808\n|switch|p1a: Gholdengo|Gholdengo|100\/100\n|-item|p1a: Gholdengo|Air Balloon\n|turn|7\n|\n|t:|1699962813\n|move|p1a: Gholdengo|Nasty Plot|p1a: Gholdengo\n|-boost|p1a: Gholdengo|spa|2\n|move|p2a: Hatterene|Nuzzle|p1a: Gholdengo\n|-damage|p1a: Gholdengo|80\/100\n|-status|p1a: Gholdengo|par\n|-enditem|p1a: Gholdengo|Air Balloon\n|\n|upkeep\n|turn|8\n|\n|t:|1699962817\n|cant|p1a: Gholdengo|par\n|move|p2a: Hatterene|Stored Power|p1a: Gholdengo\n|-resisted|p1a: Gholdengo\n|-damage|p1a: Gholdengo|16\/100 par\n|\n|upkeep\n|turn|9\n|\n|t:|1699962822\n|cant|p1a: Gholdengo|par\n|move|p2a: Hatterene|Stored Power|p1a: Gholdengo\n|-resisted|p1a: Gholdengo\n|-damage|p1a: Gholdengo|0 fnt\n|faint|p1a: Gholdengo\n|\n|upkeep\n|\n|t:|1699962826\n|switch|p1a: Samurott|Samurott-Hisui, M, shiny|100\/100\n|turn|10\n|\n|t:|1699962828\n|move|p1a: Samurott|Aqua Cutter|p2a: Hatterene\n|-damage|p2a: Hatterene|72\/100\n|move|p2a: Hatterene|Draining Kiss|p1a: Samurott\n|-supereffective|p1a: Samurott\n|-damage|p1a: Samurott|0 fnt\n|-heal|p2a: Hatterene|100\/100|[from] drain|[of] p1a: Samurott\n|faint|p1a: Samurott\n|\n|upkeep\n|-message|unscsnip3r forfeited.\n|\n|win|d18l\n|raw|unscsnip3r's rating: 1611 &rarr; <strong>1593<\/strong><br \/>(-18 for losing)\n|raw|d18l's rating: 1645 &rarr; <strong>1663<\/strong><br \/>(+18 for winning)\n|l|\u2606unscsnip3r\n","uploadtime":1699962840,"views":10,"p1id":"unscsnip3r","p2id":"d18l","formatid":"gen9ou","rating":1593,"private":0,"password":""}