{"id":"gen9ou-1997328257","p1":"rekcuskco","p2":"CosmicDevourer","format":"[Gen 9] OU","log":"|j|\u2606rekcuskco\n|j|\u2606CosmicDevourer\n|t:|1700789990\n|gametype|singles\n|player|p1|rekcuskco|argenta|1096\n|player|p2|CosmicDevourer|giovanni|1053\n|teamsize|p1|6\n|teamsize|p2|6\n|gen|9\n|tier|[Gen 9] OU\n|rated|\n|rule|Sleep Clause Mod: Limit one foe put to sleep\n|rule|Species Clause: Limit one of each Pok\u00e9mon\n|rule|OHKO Clause: OHKO moves are banned\n|rule|Evasion Items Clause: Evasion items are banned\n|rule|Evasion Moves Clause: Evasion moves are banned\n|rule|Endless Battle Clause: Forcing endless battles is banned\n|rule|HP Percentage Mod: HP is shown in percentages\n|clearpoke\n|poke|p1|Slowbro-Galar, F|\n|poke|p1|Zapdos-Galar|\n|poke|p1|Zoroark-Hisui, M|\n|poke|p1|Maushold|\n|poke|p1|Heatran, M|\n|poke|p1|Azumarill, M|\n|poke|p2|Glimmora, F|\n|poke|p2|Ceruledge, M|\n|poke|p2|Iron Valiant|\n|poke|p2|Alomomola, F|\n|poke|p2|Corviknight, M|\n|poke|p2|Salazzle, F|\n|teampreview\n|inactive|Battle timer is ON: inactive players will automatically lose when time's up. (requested by CosmicDevourer)\n|inactive|rekcuskco also wants the timer to be on.\n|\n|t:|1700790000\n|start\n|switch|p1a: Maushold|Maushold|100\/100\n|switch|p2a: Salazzle|Salazzle, F, shiny|100\/100\n|turn|1\n|\n|t:|1700790009\n|switch|p1a: Slowbro|Slowbro-Galar, F, shiny|100\/100\n|move|p2a: Salazzle|Toxic|p1a: Slowbro\n|-status|p1a: Slowbro|tox\n|\n|-damage|p1a: Slowbro|94\/100 tox|[from] psn\n|upkeep\n|turn|2\n|\n|t:|1700790016\n|move|p2a: Salazzle|Substitute|p2a: Salazzle\n|-start|p2a: Salazzle|Substitute\n|-damage|p2a: Salazzle|75\/100\n|move|p1a: Slowbro|Psychic|p2a: Salazzle\n|-supereffective|p2a: Salazzle\n|-end|p2a: Salazzle|Substitute\n|\n|-heal|p2a: Salazzle|82\/100|[from] item: Black Sludge\n|-damage|p1a: Slowbro|82\/100 tox|[from] psn\n|upkeep\n|turn|3\n|\n|t:|1700790025\n|move|p2a: Salazzle|Protect|p2a: Salazzle\n|-singleturn|p2a: Salazzle|Protect\n|move|p1a: Slowbro|Psychic|p2a: Salazzle\n|-activate|p2a: Salazzle|move: Protect\n|\n|-heal|p2a: Salazzle|88\/100|[from] item: Black Sludge\n|-damage|p1a: Slowbro|64\/100 tox|[from] psn\n|upkeep\n|turn|4\n|-activate|p1a: Slowbro|ability: Quick Draw\n|\n|t:|1700790033\n|move|p1a: Slowbro|Psychic|p2a: Salazzle\n|-supereffective|p2a: Salazzle\n|-damage|p2a: Salazzle|0 fnt\n|faint|p2a: Salazzle\n|\n|-damage|p1a: Slowbro|40\/100 tox|[from] psn\n|upkeep\n|c|\u2606CosmicDevourer|???????\n|c|\u2606CosmicDevourer|fake\n|inactive|CosmicDevourer has 120 seconds left.\n|\n|t:|1700790064\n|switch|p2a: Alomomola|Alomomola, F, shiny|100\/100\n|turn|5\n|-activate|p1a: Slowbro|item: Quick Claw\n|\n|t:|1700790070\n|move|p1a: Slowbro|Psychic|p2a: Alomomola\n|-damage|p2a: Alomomola|50\/100\n|move|p2a: Alomomola|Scald|p1a: Slowbro\n|-damage|p1a: Slowbro|24\/100 tox\n|\n|-heal|p2a: Alomomola|56\/100|[from] item: Leftovers\n|-damage|p1a: Slowbro|0 fnt|[from] psn\n|faint|p1a: Slowbro\n|upkeep\n|\n|t:|1700790095\n|switch|p1a: Zapdos|Zapdos-Galar, shiny|100\/100\n|turn|6\n|\n|t:|1700790110\n|switch|p2a: Corviknight|Corviknight, M, shiny|100\/100\n|-terastallize|p1a: Zapdos|Electric\n|move|p1a: Zapdos|Tera Blast|p2a: Corviknight|[anim] Tera Blast Electric\n|-supereffective|p2a: Corviknight\n|-damage|p2a: Corviknight|37\/100\n|\n|-heal|p2a: Corviknight|43\/100|[from] item: Leftovers\n|upkeep\n|turn|7\n|\n|t:|1700790123\n|move|p1a: Zapdos|Tera Blast|p2a: Corviknight|[anim] Tera Blast Electric\n|-supereffective|p2a: Corviknight\n|-damage|p2a: Corviknight|0 fnt\n|faint|p2a: Corviknight\n|\n|upkeep\n|\n|t:|1700790134\n|switch|p2a: Iron Valiant|Iron Valiant, shiny|100\/100\n|-enditem|p2a: Iron Valiant|Booster Energy\n|-activate|p2a: Iron Valiant|ability: Quark Drive|[fromitem]\n|-start|p2a: Iron Valiant|quarkdriveatk\n|turn|8\n|\n|t:|1700790146\n|move|p1a: Zapdos|Tera Blast|p2a: Iron Valiant|[anim] Tera Blast Electric\n|-damage|p2a: Iron Valiant|47\/100\n|move|p2a: Iron Valiant|Swords Dance|p2a: Iron Valiant\n|-boost|p2a: Iron Valiant|atk|2\n|\n|upkeep\n|turn|9\n|\n|t:|1700790163\n|move|p2a: Iron Valiant|Shadow Sneak|p1a: Zapdos\n|-damage|p1a: Zapdos|56\/100\n|move|p1a: Zapdos|Tera Blast|p2a: Iron Valiant|[anim] Tera Blast Electric\n|-damage|p2a: Iron Valiant|0 fnt\n|faint|p2a: Iron Valiant\n|-end|p2a: Iron Valiant|Quark Drive|[silent]\n|\n|upkeep\n|inactive|CosmicDevourer has 120 seconds left.\n|c|\u2606CosmicDevourer|iron valiant has more speed than zapdos\n|c|\u2606CosmicDevourer|dirty hacker\n|inactive|CosmicDevourer has 90 seconds left.\n|c|\u2606CosmicDevourer|go fck yrself\n|-message|CosmicDevourer forfeited.\n|\n|win|rekcuskco\n|raw|rekcuskco's rating: 1096 &rarr; <strong>1118<\/strong><br \/>(+22 for winning)\n|raw|CosmicDevourer's rating: 1053 &rarr; <strong>1037<\/strong><br \/>(-16 for losing)\n|l|\u2606CosmicDevourer\n","uploadtime":1700790219,"views":3,"p1id":"rekcuskco","p2id":"cosmicdevourer","formatid":"gen9ou","rating":1037,"private":0,"password":""}