{"id":"gen9ou-1999650256","p1":"Enchantedibe E","p2":"Beastyshadow13","format":"[Gen 9] OU","log":"|j|\u2606Enchantedibe E\n|j|\u2606Beastyshadow13\n|t:|1701104582\n|gametype|singles\n|player|p1|Enchantedibe E|ninjaboy|1237\n|player|p2|Beastyshadow13|veteran|1217\n|teamsize|p1|6\n|teamsize|p2|6\n|gen|9\n|tier|[Gen 9] OU\n|rated|\n|rule|Sleep Clause Mod: Limit one foe put to sleep\n|rule|Species Clause: Limit one of each Pok\u00e9mon\n|rule|OHKO Clause: OHKO moves are banned\n|rule|Evasion Items Clause: Evasion items are banned\n|rule|Evasion Moves Clause: Evasion moves are banned\n|rule|Endless Battle Clause: Forcing endless battles is banned\n|rule|HP Percentage Mod: HP is shown in percentages\n|clearpoke\n|poke|p1|Garganacl, F|\n|poke|p1|Glimmora, F|\n|poke|p1|Ogerpon-Wellspring, F|\n|poke|p1|Heatran, F|\n|poke|p1|Iron Hands|\n|poke|p1|Dragapult, F|\n|poke|p2|Electrode-Hisui|\n|poke|p2|Bombirdier, M|\n|poke|p2|Gholdengo|\n|poke|p2|Great Tusk|\n|poke|p2|Iron Moth|\n|poke|p2|Zamazenta-*|\n|teampreview\n|inactive|Battle timer is ON: inactive players will automatically lose when time's up. (requested by Enchantedibe E)\n|inactive|Enchantedibe E has 120 seconds left.\n|inactive|Beastyshadow13 has 120 seconds left.\n|\n|t:|1701104635\n|start\n|switch|p1a: Dragapult|Dragapult, F|100\/100\n|switch|p2a: Electrode|Electrode-Hisui|100\/100\n|turn|1\n|\n|t:|1701104644\n|move|p2a: Electrode|Thunder Wave|p1a: Dragapult\n|-status|p1a: Dragapult|par\n|cant|p1a: Dragapult|par\n|\n|upkeep\n|turn|2\n|\n|t:|1701104651\n|move|p2a: Electrode|Volt Switch|p1a: Dragapult\n|-resisted|p1a: Dragapult\n|-damage|p1a: Dragapult|88\/100 par\n|\n|t:|1701104655\n|switch|p2a: Gholdengo|Gholdengo|100\/100|[from] Volt Switch\n|-item|p2a: Gholdengo|Air Balloon\n|cant|p1a: Dragapult|par\n|\n|upkeep\n|turn|3\n|\n|t:|1701104666\n|switch|p1a: Heatran|Heatran, F|100\/100\n|move|p2a: Gholdengo|Shadow Ball|p1a: Heatran\n|-damage|p1a: Heatran|72\/100\n|\n|-heal|p1a: Heatran|78\/100|[from] item: Leftovers\n|upkeep\n|turn|4\n|\n|t:|1701104681\n|switch|p2a: Great Tusk|Great Tusk|100\/100\n|move|p1a: Heatran|Lava Plume|p2a: Great Tusk\n|-damage|p2a: Great Tusk|63\/100\n|-status|p2a: Great Tusk|brn\n|\n|-heal|p1a: Heatran|84\/100|[from] item: Leftovers\n|-damage|p2a: Great Tusk|57\/100 brn|[from] brn\n|upkeep\n|turn|5\n|\n|t:|1701104701\n|move|p1a: Heatran|Protect|p1a: Heatran\n|-singleturn|p1a: Heatran|Protect\n|move|p2a: Great Tusk|Knock Off|p1a: Heatran\n|-activate|p1a: Heatran|move: Protect\n|\n|-heal|p1a: Heatran|90\/100|[from] item: Leftovers\n|-damage|p2a: Great Tusk|51\/100 brn|[from] brn\n|upkeep\n|turn|6\n|\n|t:|1701104720\n|switch|p1a: Dragapult|Dragapult, F|88\/100 par\n|move|p2a: Great Tusk|Headlong Rush|p1a: Dragapult\n|-damage|p1a: Dragapult|59\/100 par\n|-unboost|p2a: Great Tusk|def|1\n|-unboost|p2a: Great Tusk|spd|1\n|\n|-damage|p2a: Great Tusk|45\/100 brn|[from] brn\n|upkeep\n|turn|7\n|\n|t:|1701104736\n|move|p2a: Great Tusk|Knock Off|p1a: Dragapult\n|-supereffective|p1a: Dragapult\n|-damage|p1a: Dragapult|28\/100 par\n|-enditem|p1a: Dragapult|Iapapa Berry|[from] move: Knock Off|[of] p2a: Great Tusk\n|move|p1a: Dragapult|U-turn|p2a: Great Tusk\n|-resisted|p2a: Great Tusk\n|-damage|p2a: Great Tusk|34\/100 brn\n|inactive|Enchantedibe E has 120 seconds left.\n|\n|t:|1701104758\n|switch|p1a: Heatran|Heatran, F|90\/100|[from] U-turn\n|\n|-heal|p1a: Heatran|96\/100|[from] item: Leftovers\n|-damage|p2a: Great Tusk|28\/100 brn|[from] brn\n|upkeep\n|turn|8\n|inactive|Enchantedibe E has 120 seconds left.\n|\n|t:|1701104771\n|-end|p2a: Great Tusk|Protosynthesis|[silent]\n|switch|p2a: Bombirdier|Bombirdier, M|100\/100\n|move|p1a: Heatran|Protect||[still]\n|-fail|p1a: Heatran\n|\n|-heal|p1a: Heatran|100\/100|[from] item: Leftovers\n|upkeep\n|turn|9\n|\n|t:|1701104778\n|move|p2a: Bombirdier|Stealth Rock|p1a: Heatran\n|-sidestart|p1: Enchantedibe E|move: Stealth Rock\n|move|p1a: Heatran|Lava Plume|p2a: Bombirdier\n|-damage|p2a: Bombirdier|63\/100\n|-status|p2a: Bombirdier|brn\n|\n|-damage|p2a: Bombirdier|56\/100 brn|[from] brn\n|upkeep\n|turn|10\n|\n|t:|1701104788\n|move|p2a: Bombirdier|Tailwind|p2a: Bombirdier\n|-sidestart|p2: Beastyshadow13|move: Tailwind\n|move|p1a: Heatran|Lava Plume|p2a: Bombirdier\n|-damage|p2a: Bombirdier|19\/100 brn\n|\n|-damage|p2a: Bombirdier|13\/100 brn|[from] brn\n|upkeep\n|turn|11\n|\n|t:|1701104803\n|move|p2a: Bombirdier|Parting Shot|p1a: Heatran\n|-unboost|p1a: Heatran|atk|1\n|-unboost|p1a: Heatran|spa|1\n|\n|t:|1701104819\n|switch|p2a: Zamazenta|Zamazenta|100\/100|[from] Parting Shot\n|-ability|p2a: Zamazenta|Dauntless Shield|boost\n|-boost|p2a: Zamazenta|def|1\n|move|p1a: Heatran|Substitute|p1a: Heatran\n|-start|p1a: Heatran|Substitute\n|-damage|p1a: Heatran|75\/100\n|\n|-heal|p1a: Heatran|82\/100|[from] item: Leftovers\n|upkeep\n|turn|12\n|\n|t:|1701104825\n|move|p2a: Zamazenta|Body Press|p1a: Heatran\n|-supereffective|p1a: Heatran\n|-end|p1a: Heatran|Substitute\n|move|p1a: Heatran|Lava Plume|p2a: Zamazenta\n|-damage|p2a: Zamazenta|78\/100\n|-status|p2a: Zamazenta|brn\n|\n|-heal|p2a: Zamazenta|84\/100 brn|[from] item: Leftovers\n|-heal|p1a: Heatran|88\/100|[from] item: Leftovers\n|-damage|p2a: Zamazenta|78\/100 brn|[from] brn\n|upkeep\n|turn|13\n|\n|t:|1701104840\n|switch|p1a: Dragapult|Dragapult, F|28\/100 par\n|-damage|p1a: Dragapult|15\/100 par|[from] Stealth Rock\n|move|p2a: Zamazenta|Body Press|p1a: Dragapult\n|-immune|p1a: Dragapult\n|\n|-heal|p2a: Zamazenta|84\/100 brn|[from] item: Leftovers\n|-damage|p2a: Zamazenta|78\/100 brn|[from] brn\n|-sideend|p2: Beastyshadow13|move: Tailwind\n|upkeep\n|turn|14\n|\n|t:|1701104848\n|move|p2a: Zamazenta|Crunch|p1a: Dragapult\n|-supereffective|p1a: Dragapult\n|-damage|p1a: Dragapult|0 fnt\n|faint|p1a: Dragapult\n|\n|-heal|p2a: Zamazenta|84\/100 brn|[from] item: Leftovers\n|-damage|p2a: Zamazenta|78\/100 brn|[from] brn\n|upkeep\n|\n|t:|1701104856\n|switch|p1a: Glimmora|Glimmora, F|100\/100\n|-damage|p1a: Glimmora|88\/100|[from] Stealth Rock\n|turn|15\n|\n|t:|1701104864\n|move|p2a: Zamazenta|Iron Head|p1a: Glimmora\n|-supereffective|p1a: Glimmora\n|-damage|p1a: Glimmora|66\/100\n|-activate|p1a: Glimmora|ability: Toxic Debris\n|-sidestart|p2: Beastyshadow13|move: Toxic Spikes\n|move|p1a: Glimmora|Mortal Spin|p2a: Zamazenta\n|-damage|p2a: Zamazenta|74\/100 brn\n|-sideend|p1: Enchantedibe E|Stealth Rock|[from] move: Mortal Spin|[of] p1a: Glimmora\n|\n|-heal|p2a: Zamazenta|80\/100 brn|[from] item: Leftovers\n|-damage|p2a: Zamazenta|74\/100 brn|[from] brn\n|upkeep\n|turn|16\n|\n|t:|1701104873\n|move|p1a: Glimmora|Spiky Shield|p1a: Glimmora\n|-singleturn|p1a: Glimmora|move: Protect\n|move|p2a: Zamazenta|Iron Defense|p2a: Zamazenta\n|-boost|p2a: Zamazenta|def|2\n|\n|-heal|p2a: Zamazenta|80\/100 brn|[from] item: Leftovers\n|-damage|p2a: Zamazenta|74\/100 brn|[from] brn\n|upkeep\n|turn|17\n|\n|t:|1701104880\n|move|p2a: Zamazenta|Body Press|p1a: Glimmora\n|-damage|p1a: Glimmora|35\/100\n|-activate|p1a: Glimmora|ability: Toxic Debris\n|-sidestart|p2: Beastyshadow13|move: Toxic Spikes\n|move|p1a: Glimmora|Earth Power|p2a: Zamazenta\n|-damage|p2a: Zamazenta|46\/100 brn\n|\n|-heal|p2a: Zamazenta|52\/100 brn|[from] item: Leftovers\n|-damage|p2a: Zamazenta|46\/100 brn|[from] brn\n|upkeep\n|turn|18\n|\n|t:|1701104903\n|move|p2a: Zamazenta|Body Press|p1a: Glimmora\n|-damage|p1a: Glimmora|0 fnt\n|faint|p1a: Glimmora\n|\n|-heal|p2a: Zamazenta|52\/100 brn|[from] item: Leftovers\n|-damage|p2a: Zamazenta|46\/100 brn|[from] brn\n|upkeep\n|\n|t:|1701104908\n|switch|p1a: Ogerpon|Ogerpon-Wellspring, F|100\/100\n|turn|19\n|\n|t:|1701104915\n|switch|p1a: Iron Hands|Iron Hands|100\/100\n|move|p2a: Zamazenta|Iron Defense|p2a: Zamazenta\n|-boost|p2a: Zamazenta|def|2\n|\n|-heal|p2a: Zamazenta|52\/100 brn|[from] item: Leftovers\n|-damage|p2a: Zamazenta|46\/100 brn|[from] brn\n|upkeep\n|turn|20\n|\n|t:|1701104920\n|move|p1a: Iron Hands|Fake Out|p2a: Zamazenta\n|-damage|p2a: Zamazenta|42\/100 brn\n|cant|p2a: Zamazenta|flinch\n|\n|-heal|p2a: Zamazenta|48\/100 brn|[from] item: Leftovers\n|-damage|p2a: Zamazenta|42\/100 brn|[from] brn\n|upkeep\n|turn|21\n|\n|t:|1701104934\n|move|p2a: Zamazenta|Body Press|p1a: Iron Hands\n|-damage|p1a: Iron Hands|68\/100\n|move|p1a: Iron Hands|Drain Punch|p2a: Zamazenta\n|-damage|p2a: Zamazenta|29\/100 brn\n|-heal|p1a: Iron Hands|72\/100|[from] drain|[of] p2a: Zamazenta\n|\n|-heal|p2a: Zamazenta|35\/100 brn|[from] item: Leftovers\n|-damage|p2a: Zamazenta|29\/100 brn|[from] brn\n|upkeep\n|turn|22\n|\n|t:|1701104943\n|move|p2a: Zamazenta|Body Press|p1a: Iron Hands\n|-crit|p1a: Iron Hands\n|-damage|p1a: Iron Hands|25\/100\n|move|p1a: Iron Hands|Drain Punch|p2a: Zamazenta\n|-damage|p2a: Zamazenta|15\/100 brn\n|-heal|p1a: Iron Hands|29\/100|[from] drain|[of] p2a: Zamazenta\n|\n|-heal|p2a: Zamazenta|21\/100 brn|[from] item: Leftovers\n|-damage|p2a: Zamazenta|15\/100 brn|[from] brn\n|upkeep\n|turn|23\n|\n|t:|1701104948\n|move|p2a: Zamazenta|Body Press|p1a: Iron Hands\n|-crit|p1a: Iron Hands\n|-damage|p1a: Iron Hands|0 fnt\n|faint|p1a: Iron Hands\n|-end|p1a: Iron Hands|Quark Drive|[silent]\n|\n|-heal|p2a: Zamazenta|21\/100 brn|[from] item: Leftovers\n|-damage|p2a: Zamazenta|15\/100 brn|[from] brn\n|upkeep\n|\n|t:|1701104952\n|switch|p1a: Heatran|Heatran, F|88\/100\n|turn|24\n|\n|t:|1701104960\n|move|p2a: Zamazenta|Body Press|p1a: Heatran\n|-supereffective|p1a: Heatran\n|-damage|p1a: Heatran|0 fnt\n|faint|p1a: Heatran\n|\n|-heal|p2a: Zamazenta|21\/100 brn|[from] item: Leftovers\n|-damage|p2a: Zamazenta|15\/100 brn|[from] brn\n|upkeep\n|\n|t:|1701104964\n|switch|p1a: Ogerpon|Ogerpon-Wellspring, F|100\/100\n|turn|25\n|\n|t:|1701104967\n|move|p2a: Zamazenta|Body Press|p1a: Ogerpon\n|-crit|p1a: Ogerpon\n|-damage|p1a: Ogerpon|0 fnt\n|faint|p1a: Ogerpon\n|\n|-heal|p2a: Zamazenta|21\/100 brn|[from] item: Leftovers\n|-damage|p2a: Zamazenta|15\/100 brn|[from] brn\n|upkeep\n|\n|t:|1701104969\n|switch|p1a: Garganacl|Garganacl, F|100\/100\n|turn|26\n|\n|t:|1701104972\n|move|p2a: Zamazenta|Body Press|p1a: Garganacl\n|-supereffective|p1a: Garganacl\n|-crit|p1a: Garganacl\n|-damage|p1a: Garganacl|0 fnt\n|faint|p1a: Garganacl\n|\n|win|Beastyshadow13\n|raw|Enchantedibe E's rating: 1237 &rarr; <strong>1211<\/strong><br \/>(-26 for losing)\n|raw|Beastyshadow13's rating: 1217 &rarr; <strong>1243<\/strong><br \/>(+26 for winning)\n|l|\u2606Enchantedibe E\n","uploadtime":1701104981,"views":3,"p1id":"enchantedibee","p2id":"beastyshadow13","formatid":"gen9ou","rating":1211,"private":0,"password":""}