{"id":"gen9ou-1996761644","p1":"pikaballsginglenut","p2":"LegalizeRanch311","format":"[Gen 9] OU","log":"|j|\u2606pikaballsginglenut\n|j|\u2606LegalizeRanch311\n|t:|1700720837\n|gametype|singles\n|player|p1|pikaballsginglenut|brock|1000\n|player|p2|LegalizeRanch311|li|1060\n|teamsize|p1|6\n|teamsize|p2|6\n|gen|9\n|tier|[Gen 9] OU\n|rated|\n|rule|Sleep Clause Mod: Limit one foe put to sleep\n|rule|Species Clause: Limit one of each Pok\u00e9mon\n|rule|OHKO Clause: OHKO moves are banned\n|rule|Evasion Items Clause: Evasion items are banned\n|rule|Evasion Moves Clause: Evasion moves are banned\n|rule|Endless Battle Clause: Forcing endless battles is banned\n|rule|HP Percentage Mod: HP is shown in percentages\n|clearpoke\n|poke|p1|Dragonite, F|\n|poke|p1|Garchomp, M|\n|poke|p1|Goodra-Hisui, F|\n|poke|p1|Kommo-o, M|\n|poke|p1|Murkrow, M|\n|poke|p1|Hydreigon, M|\n|poke|p2|Corviknight, F|\n|poke|p2|Iron Moth|\n|poke|p2|Ogerpon-Cornerstone, F|\n|poke|p2|Ting-Lu|\n|poke|p2|Kommo-o, F|\n|poke|p2|Milotic, M|\n|teampreview\n|\n|t:|1700720840\n|start\n|switch|p1a: Murkrow|Murkrow, M|100\/100\n|switch|p2a: Ting-Lu|Ting-Lu|100\/100\n|-ability|p2a: Ting-Lu|Vessel of Ruin\n|turn|1\n|\n|t:|1700720853\n|move|p1a: Murkrow|Tailwind|p1a: Murkrow\n|-sidestart|p1: pikaballsginglenut|move: Tailwind\n|move|p2a: Ting-Lu|Ruination|p1a: Murkrow\n|-damage|p1a: Murkrow|50\/100\n|\n|upkeep\n|turn|2\n|\n|t:|1700720858\n|move|p1a: Murkrow|U-turn|p2a: Ting-Lu\n|-supereffective|p2a: Ting-Lu\n|-damage|p2a: Ting-Lu|86\/100\n|\n|t:|1700720863\n|switch|p1a: Goodra|Goodra-Hisui, F|100\/100|[from] U-turn\n|move|p2a: Ting-Lu|Spikes|p1a: Goodra\n|-sidestart|p1: pikaballsginglenut|Spikes\n|\n|-heal|p2a: Ting-Lu|92\/100|[from] item: Leftovers\n|upkeep\n|turn|3\n|\n|t:|1700720872\n|move|p1a: Goodra|Acid Armor|p1a: Goodra\n|-boost|p1a: Goodra|def|2\n|move|p2a: Ting-Lu|Spikes|p1a: Goodra\n|-sidestart|p1: pikaballsginglenut|Spikes\n|\n|-heal|p2a: Ting-Lu|98\/100|[from] item: Leftovers\n|upkeep\n|turn|4\n|\n|t:|1700720878\n|move|p1a: Goodra|Acid Armor|p1a: Goodra\n|-boost|p1a: Goodra|def|2\n|move|p2a: Ting-Lu|Whirlwind|p1a: Goodra\n|drag|p1a: Murkrow|Murkrow, M|50\/100\n|\n|-heal|p2a: Ting-Lu|100\/100|[from] item: Leftovers\n|-sideend|p1: pikaballsginglenut|move: Tailwind\n|upkeep\n|turn|5\n|\n|t:|1700720888\n|move|p1a: Murkrow|Tailwind|p1a: Murkrow\n|-sidestart|p1: pikaballsginglenut|move: Tailwind\n|move|p2a: Ting-Lu|Spikes|p1a: Murkrow\n|-sidestart|p1: pikaballsginglenut|Spikes\n|\n|upkeep\n|turn|6\n|\n|t:|1700720894\n|switch|p1a: Dragonite|Dragonite, F|100\/100\n|move|p2a: Ting-Lu|Ruination|p1a: Dragonite\n|-damage|p1a: Dragonite|50\/100\n|\n|upkeep\n|turn|7\n|\n|t:|1700720904\n|move|p1a: Dragonite|Dragon Claw|p2a: Ting-Lu\n|-damage|p2a: Ting-Lu|82\/100\n|move|p2a: Ting-Lu|Whirlwind|p1a: Dragonite\n|drag|p1a: Murkrow|Murkrow, M|50\/100\n|\n|-heal|p2a: Ting-Lu|88\/100|[from] item: Leftovers\n|upkeep\n|turn|8\n|\n|t:|1700720912\n|move|p1a: Murkrow|Sucker Punch|p2a: Ting-Lu\n|-resisted|p2a: Ting-Lu\n|-crit|p2a: Ting-Lu\n|-damage|p2a: Ting-Lu|80\/100\n|move|p2a: Ting-Lu|Ruination|p1a: Murkrow|[miss]\n|-miss|p2a: Ting-Lu|p1a: Murkrow\n|\n|-heal|p2a: Ting-Lu|86\/100|[from] item: Leftovers\n|-sideend|p1: pikaballsginglenut|move: Tailwind\n|upkeep\n|turn|9\n|\n|t:|1700720922\n|switch|p2a: Ogerpon|Ogerpon-Cornerstone, F|100\/100\n|move|p1a: Murkrow|U-turn|p2a: Ogerpon\n|-supereffective|p2a: Ogerpon\n|-damage|p2a: Ogerpon|55\/100\n|\n|t:|1700720929\n|switch|p1a: Hydreigon|Hydreigon, M|100\/100|[from] U-turn\n|\n|upkeep\n|turn|10\n|\n|t:|1700720936\n|move|p2a: Ogerpon|Horn Leech|p1a: Hydreigon\n|-resisted|p1a: Hydreigon\n|-damage|p1a: Hydreigon|76\/100\n|-heal|p2a: Ogerpon|69\/100|[from] drain|[of] p1a: Hydreigon\n|move|p1a: Hydreigon|Nasty Plot|p1a: Hydreigon\n|-boost|p1a: Hydreigon|spa|2\n|\n|upkeep\n|turn|11\n|\n|t:|1700720946\n|switch|p1a: Kommo-o|Kommo-o, M|100\/100\n|-damage|p1a: Kommo-o|76\/100|[from] Spikes\n|-terastallize|p2a: Ogerpon|Rock\n|detailschange|p2a: Ogerpon|Ogerpon-Cornerstone-Tera, F, tera:Rock\n|-ability|p2a: Ogerpon|Embody Aspect (Cornerstone)|boost\n|-boost|p2a: Ogerpon|def|1\n|move|p2a: Ogerpon|Ivy Cudgel|p1a: Kommo-o|[anim] Ivy Cudgel Rock\n|-resisted|p1a: Kommo-o\n|-damage|p1a: Kommo-o|50\/100\n|\n|-heal|p1a: Kommo-o|57\/100|[from] item: Leftovers\n|upkeep\n|turn|12\n|\n|t:|1700720960\n|move|p2a: Ogerpon|Knock Off|p1a: Kommo-o\n|-resisted|p1a: Kommo-o\n|-damage|p1a: Kommo-o|45\/100\n|-enditem|p1a: Kommo-o|Leftovers|[from] move: Knock Off|[of] p2a: Ogerpon\n|move|p1a: Kommo-o|Stealth Rock|p2a: Ogerpon\n|-sidestart|p2: LegalizeRanch311|move: Stealth Rock\n|\n|upkeep\n|turn|13\n|\n|t:|1700720967\n|move|p2a: Ogerpon|Horn Leech|p1a: Kommo-o\n|-resisted|p1a: Kommo-o\n|-damage|p1a: Kommo-o|32\/100\n|-heal|p2a: Ogerpon|77\/100|[from] drain|[of] p1a: Kommo-o\n|move|p1a: Kommo-o|Drain Punch|p2a: Ogerpon\n|-supereffective|p2a: Ogerpon\n|-damage|p2a: Ogerpon|26\/100\n|-heal|p1a: Kommo-o|53\/100|[from] drain|[of] p2a: Ogerpon\n|\n|upkeep\n|turn|14\n|\n|t:|1700720978\n|move|p2a: Ogerpon|Swords Dance|p2a: Ogerpon\n|-boost|p2a: Ogerpon|atk|2\n|move|p1a: Kommo-o|Roar|p2a: Ogerpon\n|drag|p2a: Corviknight|Corviknight, F, shiny|100\/100\n|-damage|p2a: Corviknight|88\/100|[from] Stealth Rock\n|-ability|p2a: Corviknight|Pressure\n|\n|upkeep\n|turn|15\n|\n|t:|1700720990\n|move|p1a: Kommo-o|Drain Punch|p2a: Corviknight\n|-damage|p2a: Corviknight|70\/100\n|-heal|p1a: Kommo-o|64\/100|[from] drain|[of] p2a: Corviknight\n|-damage|p1a: Kommo-o|47\/100|[from] item: Rocky Helmet|[of] p2a: Corviknight\n|move|p2a: Corviknight|Body Press|p1a: Kommo-o\n|-damage|p1a: Kommo-o|30\/100\n|\n|upkeep\n|turn|16\n|\n|t:|1700721000\n|move|p1a: Kommo-o|Drain Punch|p2a: Corviknight\n|-damage|p2a: Corviknight|52\/100\n|-heal|p1a: Kommo-o|40\/100|[from] drain|[of] p2a: Corviknight\n|-damage|p1a: Kommo-o|23\/100|[from] item: Rocky Helmet|[of] p2a: Corviknight\n|move|p2a: Corviknight|Body Press|p1a: Kommo-o\n|-damage|p1a: Kommo-o|8\/100\n|\n|upkeep\n|turn|17\n|\n|t:|1700721010\n|move|p2a: Corviknight|Roost|p2a: Corviknight\n|-heal|p2a: Corviknight|100\/100\n|-singleturn|p2a: Corviknight|move: Roost\n|move|p1a: Kommo-o|Roar|p2a: Corviknight\n|drag|p2a: Milotic|Milotic, M, shiny|100\/100\n|-damage|p2a: Milotic|88\/100|[from] Stealth Rock\n|\n|-status|p2a: Milotic|brn|[from] item: Flame Orb\n|upkeep\n|turn|18\n|\n|t:|1700721020\n|move|p2a: Milotic|Scald|p1a: Kommo-o\n|-resisted|p1a: Kommo-o\n|-damage|p1a: Kommo-o|0 fnt\n|faint|p1a: Kommo-o\n|\n|-damage|p2a: Milotic|82\/100 brn|[from] brn\n|upkeep\n|\n|t:|1700721034\n|switch|p1a: Hydreigon|Hydreigon, M|76\/100\n|turn|19\n|\n|t:|1700721040\n|move|p1a: Hydreigon|Dark Pulse|p2a: Milotic\n|-damage|p2a: Milotic|46\/100 brn\n|move|p2a: Milotic|Haze|p2a: Milotic\n|-clearallboost\n|\n|-damage|p2a: Milotic|40\/100 brn|[from] brn\n|upkeep\n|turn|20\n|\n|t:|1700721048\n|move|p1a: Hydreigon|Dark Pulse|p2a: Milotic\n|-damage|p2a: Milotic|6\/100 brn\n|cant|p2a: Milotic|flinch\n|\n|-damage|p2a: Milotic|0 fnt|[from] brn\n|faint|p2a: Milotic\n|upkeep\n|\n|t:|1700721055\n|switch|p2a: Iron Moth|Iron Moth|100\/100\n|turn|21\n|\n|t:|1700721060\n|move|p2a: Iron Moth|Fiery Dance|p1a: Hydreigon\n|-resisted|p1a: Hydreigon\n|-damage|p1a: Hydreigon|50\/100\n|move|p1a: Hydreigon|Dark Pulse|p2a: Iron Moth\n|-damage|p2a: Iron Moth|39\/100\n|\n|upkeep\n|turn|22\n|\n|t:|1700721068\n|move|p2a: Iron Moth|Fiery Dance|p1a: Hydreigon\n|-resisted|p1a: Hydreigon\n|-damage|p1a: Hydreigon|26\/100\n|move|p1a: Hydreigon|Dark Pulse|p2a: Iron Moth\n|-damage|p2a: Iron Moth|0 fnt\n|faint|p2a: Iron Moth\n|-end|p2a: Iron Moth|Quark Drive|[silent]\n|\n|upkeep\n|\n|t:|1700721077\n|switch|p2a: Corviknight|Corviknight, F, shiny|100\/100\n|-damage|p2a: Corviknight|88\/100|[from] Stealth Rock\n|-ability|p2a: Corviknight|Pressure\n|turn|23\n|\n|t:|1700721088\n|move|p1a: Hydreigon|Dark Pulse|p2a: Corviknight\n|-damage|p2a: Corviknight|34\/100\n|move|p2a: Corviknight|Body Press|p1a: Hydreigon\n|-supereffective|p1a: Hydreigon\n|-damage|p1a: Hydreigon|0 fnt\n|faint|p1a: Hydreigon\n|\n|upkeep\n|\n|t:|1700721099\n|switch|p1a: Dragonite|Dragonite, F|50\/100\n|turn|24\n|\n|t:|1700721104\n|move|p1a: Dragonite|Fire Punch|p2a: Corviknight\n|-supereffective|p2a: Corviknight\n|-damage|p2a: Corviknight|1\/100\n|-damage|p1a: Dragonite|34\/100|[from] item: Rocky Helmet|[of] p2a: Corviknight\n|move|p2a: Corviknight|Roost|p2a: Corviknight\n|-heal|p2a: Corviknight|51\/100\n|-singleturn|p2a: Corviknight|move: Roost\n|\n|upkeep\n|turn|25\n|\n|t:|1700721114\n|move|p1a: Dragonite|Fire Punch|p2a: Corviknight\n|-supereffective|p2a: Corviknight\n|-damage|p2a: Corviknight|15\/100\n|-status|p2a: Corviknight|brn\n|-damage|p1a: Dragonite|17\/100|[from] item: Rocky Helmet|[of] p2a: Corviknight\n|move|p2a: Corviknight|Roost|p2a: Corviknight\n|-heal|p2a: Corviknight|65\/100 brn\n|-singleturn|p2a: Corviknight|move: Roost\n|\n|-damage|p2a: Corviknight|59\/100 brn|[from] brn\n|upkeep\n|turn|26\n|\n|t:|1700721124\n|move|p1a: Dragonite|Fire Punch|p2a: Corviknight\n|-supereffective|p2a: Corviknight\n|-damage|p2a: Corviknight|24\/100 brn\n|-damage|p1a: Dragonite|0 fnt|[from] item: Rocky Helmet|[of] p2a: Corviknight\n|faint|p1a: Dragonite\n|move|p2a: Corviknight|Roost|p2a: Corviknight\n|-heal|p2a: Corviknight|74\/100 brn\n|-singleturn|p2a: Corviknight|move: Roost\n|\n|-damage|p2a: Corviknight|68\/100 brn|[from] brn\n|upkeep\n|\n|t:|1700721135\n|switch|p1a: Goodra|Goodra-Hisui, F|100\/100\n|-damage|p1a: Goodra|76\/100|[from] Spikes\n|turn|27\n|\n|t:|1700721140\n|move|p1a: Goodra|Acid Armor|p1a: Goodra\n|-boost|p1a: Goodra|def|2\n|move|p2a: Corviknight|Body Press|p1a: Goodra\n|-supereffective|p1a: Goodra\n|-damage|p1a: Goodra|60\/100\n|-ability|p1a: Goodra|Gooey\n|-unboost|p2a: Corviknight|spe|1\n|\n|-damage|p2a: Corviknight|62\/100 brn|[from] brn\n|upkeep\n|turn|28\n|\n|t:|1700721151\n|move|p1a: Goodra|Acid Armor|p1a: Goodra\n|-boost|p1a: Goodra|def|2\n|move|p2a: Corviknight|Body Press|p1a: Goodra\n|-supereffective|p1a: Goodra\n|-damage|p1a: Goodra|51\/100\n|-ability|p1a: Goodra|Gooey\n|-unboost|p2a: Corviknight|spe|1\n|\n|-damage|p2a: Corviknight|56\/100 brn|[from] brn\n|upkeep\n|turn|29\n|\n|t:|1700721164\n|switch|p2a: Ting-Lu|Ting-Lu|86\/100\n|-damage|p2a: Ting-Lu|80\/100|[from] Stealth Rock\n|-ability|p2a: Ting-Lu|Vessel of Ruin\n|move|p1a: Goodra|Flamethrower|p2a: Ting-Lu\n|-damage|p2a: Ting-Lu|61\/100\n|\n|-heal|p2a: Ting-Lu|68\/100|[from] item: Leftovers\n|upkeep\n|turn|30\n|\n|t:|1700721174\n|move|p1a: Goodra|Surf|p2a: Ting-Lu\n|-supereffective|p2a: Ting-Lu\n|-damage|p2a: Ting-Lu|30\/100\n|move|p2a: Ting-Lu|Earthquake|p1a: Goodra\n|-supereffective|p1a: Goodra\n|-damage|p1a: Goodra|24\/100\n|-enditem|p1a: Goodra|Salac Berry|[eat]\n|-boost|p1a: Goodra|spe|1|[from] item: Salac Berry\n|\n|-heal|p2a: Ting-Lu|36\/100|[from] item: Leftovers\n|upkeep\n|turn|31\n|\n|t:|1700721185\n|move|p1a: Goodra|Surf|p2a: Ting-Lu\n|-supereffective|p2a: Ting-Lu\n|-damage|p2a: Ting-Lu|0 fnt\n|faint|p2a: Ting-Lu\n|\n|upkeep\n|\n|t:|1700721191\n|switch|p2a: Kommo-o|Kommo-o, F|100\/100\n|-damage|p2a: Kommo-o|94\/100|[from] Stealth Rock\n|turn|32\n|\n|t:|1700721215\n|switch|p2a: Corviknight|Corviknight, F, shiny|56\/100 brn\n|-damage|p2a: Corviknight|43\/100 brn|[from] Stealth Rock\n|-ability|p2a: Corviknight|Pressure\n|move|p1a: Goodra|Flamethrower|p2a: Corviknight\n|-supereffective|p2a: Corviknight\n|-damage|p2a: Corviknight|0 fnt\n|faint|p2a: Corviknight\n|\n|upkeep\n|\n|t:|1700721223\n|switch|p2a: Kommo-o|Kommo-o, F|94\/100\n|-damage|p2a: Kommo-o|88\/100|[from] Stealth Rock\n|turn|33\n|\n|t:|1700721227\n|move|p2a: Kommo-o|Clangorous Soul|p2a: Kommo-o\n|-boost|p2a: Kommo-o|atk|1\n|-boost|p2a: Kommo-o|def|1\n|-boost|p2a: Kommo-o|spa|1\n|-boost|p2a: Kommo-o|spd|1\n|-boost|p2a: Kommo-o|spe|1\n|-damage|p2a: Kommo-o|55\/100\n|-enditem|p2a: Kommo-o|Throat Spray\n|-boost|p2a: Kommo-o|spa|1|[from] item: Throat Spray\n|move|p1a: Goodra|Flamethrower|p2a: Kommo-o\n|-resisted|p2a: Kommo-o\n|-damage|p2a: Kommo-o|44\/100\n|\n|upkeep\n|turn|34\n|\n|t:|1700721242\n|move|p2a: Kommo-o|Flamethrower|p1a: Goodra\n|-damage|p1a: Goodra|0 fnt\n|faint|p1a: Goodra\n|\n|upkeep\n|\n|t:|1700721247\n|switch|p1a: Murkrow|Murkrow, M|50\/100\n|turn|35\n|\n|t:|1700721255\n|move|p1a: Murkrow|Taunt|p2a: Kommo-o\n|-start|p2a: Kommo-o|move: Taunt\n|move|p2a: Kommo-o|Clanging Scales|p1a: Murkrow\n|-damage|p1a: Murkrow|0 fnt\n|faint|p1a: Murkrow\n|-unboost|p2a: Kommo-o|def|1\n|\n|upkeep\n|\n|t:|1700721263\n|switch|p1a: Garchomp|Garchomp, M|100\/100\n|-damage|p1a: Garchomp|76\/100|[from] Spikes\n|turn|36\n|\n|t:|1700721274\n|-terastallize|p1a: Garchomp|Ground\n|move|p2a: Kommo-o|Clanging Scales|p1a: Garchomp\n|-damage|p1a: Garchomp|0 fnt\n|faint|p1a: Garchomp\n|\n|win|LegalizeRanch311\n|raw|pikaballsginglenut's rating: 1000 &rarr; <strong>1000<\/strong><br \/>(+0 for losing)\n|raw|LegalizeRanch311's rating: 1060 &rarr; <strong>1086<\/strong><br \/>(+26 for winning)\n","uploadtime":1700721284,"views":3,"p1id":"pikaballsginglenut","p2id":"legalizeranch311","formatid":"gen9ou","rating":1000,"private":0,"password":""}