{"id":"gen9ou-2000217457","p1":"Lucinawolf","p2":"ClemWer","format":"[Gen 9] OU","log":"|j|\u2606Lucinawolf\n|j|\u2606ClemWer\n|t:|1701173507\n|gametype|singles\n|player|p1|Lucinawolf|102|1506\n|player|p2|ClemWer|101|1552\n|teamsize|p1|6\n|teamsize|p2|6\n|gen|9\n|tier|[Gen 9] OU\n|rated|\n|rule|Sleep Clause Mod: Limit one foe put to sleep\n|rule|Species Clause: Limit one of each Pok\u00e9mon\n|rule|OHKO Clause: OHKO moves are banned\n|rule|Evasion Items Clause: Evasion items are banned\n|rule|Evasion Moves Clause: Evasion moves are banned\n|rule|Endless Battle Clause: Forcing endless battles is banned\n|rule|HP Percentage Mod: HP is shown in percentages\n|clearpoke\n|poke|p1|Iron Hands|\n|poke|p1|Enamorus, F|\n|poke|p1|Great Tusk|\n|poke|p1|Dragapult, F|\n|poke|p1|Glimmora, F|\n|poke|p1|Ceruledge, F|\n|poke|p2|Cresselia, F|\n|poke|p2|Hatterene, F|\n|poke|p2|Slowking, M|\n|poke|p2|Enamorus-Therian, F|\n|poke|p2|Ursaluna, F|\n|poke|p2|Kingambit, M|\n|teampreview\n|inactive|Battle timer is ON: inactive players will automatically lose when time's up. (requested by ClemWer)\n|\n|t:|1701173529\n|start\n|switch|p1a: Ceruledge|Ceruledge, F|100\/100\n|switch|p2a: Hatterene|Hatterene, F|100\/100\n|turn|1\n|\n|t:|1701173536\n|move|p1a: Ceruledge|Poltergeist|p2a: Hatterene\n|-activate|p2a: Hatterene|move: Poltergeist|Focus Sash\n|-supereffective|p2a: Hatterene\n|-enditem|p2a: Hatterene|Focus Sash\n|-damage|p2a: Hatterene|1\/100\n|move|p2a: Hatterene|Trick Room|p2a: Hatterene\n|-fieldstart|move: Trick Room|[of] p2a: Hatterene\n|\n|upkeep\n|turn|2\n|\n|t:|1701173543\n|move|p1a: Ceruledge|Shadow Sneak|p2a: Hatterene\n|-supereffective|p2a: Hatterene\n|-damage|p2a: Hatterene|0 fnt\n|faint|p2a: Hatterene\n|\n|upkeep\n|\n|t:|1701173545\n|switch|p2a: Ursaluna|Ursaluna, F|100\/100\n|turn|3\n|\n|t:|1701173555\n|switch|p1a: Enamorus|Enamorus, F|100\/100\n|move|p2a: Ursaluna|Swords Dance|p2a: Ursaluna\n|-boost|p2a: Ursaluna|atk|2\n|\n|-status|p2a: Ursaluna|brn|[from] item: Flame Orb\n|upkeep\n|turn|4\n|\n|t:|1701173562\n|switch|p1a: Ceruledge|Ceruledge, F|100\/100\n|-terastallize|p2a: Ursaluna|Normal\n|move|p2a: Ursaluna|Facade|p1a: Ceruledge\n|-immune|p1a: Ceruledge\n|\n|-damage|p2a: Ursaluna|94\/100 brn|[from] brn\n|upkeep\n|turn|5\n|\n|t:|1701173574\n|move|p2a: Ursaluna|Facade|p1a: Ceruledge\n|-immune|p1a: Ceruledge\n|move|p1a: Ceruledge|Swords Dance|p1a: Ceruledge\n|-boost|p1a: Ceruledge|atk|2\n|\n|-damage|p2a: Ursaluna|88\/100 brn|[from] brn\n|-fieldend|move: Trick Room\n|upkeep\n|turn|6\n|\n|t:|1701173583\n|move|p1a: Ceruledge|Bitter Blade|p2a: Ursaluna\n|-damage|p2a: Ursaluna|21\/100 brn\n|move|p2a: Ursaluna|Earthquake|p1a: Ceruledge\n|-supereffective|p1a: Ceruledge\n|-enditem|p1a: Ceruledge|Focus Sash\n|-damage|p1a: Ceruledge|1\/100\n|-ability|p1a: Ceruledge|Weak Armor|boost\n|-unboost|p1a: Ceruledge|def|1\n|-boost|p1a: Ceruledge|spe|2\n|\n|-damage|p2a: Ursaluna|15\/100 brn|[from] brn\n|upkeep\n|turn|7\n|-message|ClemWer forfeited.\n|\n|win|Lucinawolf\n|raw|Lucinawolf's rating: 1506 &rarr; <strong>1529<\/strong><br \/>(+23 for winning)\n|raw|ClemWer's rating: 1552 &rarr; <strong>1529<\/strong><br \/>(-23 for losing)\n|l|\u2606ClemWer\n","uploadtime":1701173615,"views":2,"p1id":"lucinawolf","p2id":"clemwer","formatid":"gen9ou","rating":1529,"private":0,"password":""}