{"id":"gen9ou-1989510692","p1":"du11","p2":"yoichii","format":"[Gen 9] OU","log":"|j|\u2606du11\n|j|\u203dyoichii\n|t:|1699863125\n|gametype|singles\n|player|p1|du11|plasmagrunt-gen5bw|1192\n|player|p2|yoichii|n|1263\n|teamsize|p1|6\n|teamsize|p2|6\n|gen|9\n|tier|[Gen 9] OU\n|rated|\n|rule|Sleep Clause Mod: Limit one foe put to sleep\n|rule|Species Clause: Limit one of each Pok\u00e9mon\n|rule|OHKO Clause: OHKO moves are banned\n|rule|Evasion Items Clause: Evasion items are banned\n|rule|Evasion Moves Clause: Evasion moves are banned\n|rule|Endless Battle Clause: Forcing endless battles is banned\n|rule|HP Percentage Mod: HP is shown in percentages\n|clearpoke\n|poke|p1|Kingambit, M|\n|poke|p1|Alomomola, M|\n|poke|p1|Ceruledge, M|\n|poke|p1|Goodra-Hisui, M|\n|poke|p1|Cinderace, M|\n|poke|p1|Ogerpon, F|\n|poke|p2|Rillaboom, M|\n|poke|p2|Mandibuzz, F|\n|poke|p2|Landorus-Therian, M|\n|poke|p2|Walking Wake|\n|poke|p2|Skeledirge, F|\n|poke|p2|Thundurus-Therian, M|\n|teampreview\n|inactive|Battle timer is ON: inactive players will automatically lose when time's up. (requested by yoichii)\n|\n|t:|1699863134\n|start\n|switch|p1a: Ogerpon|Ogerpon, F|100\/100\n|switch|p2a: Thundurus|Thundurus-Therian, M, shiny|100\/100\n|turn|1\n|\n|t:|1699863146\n|switch|p2a: Mandibuzz|Mandibuzz, F|100\/100\n|move|p1a: Ogerpon|Spikes|p2a: Mandibuzz\n|-sidestart|p2: yoichii|Spikes\n|\n|upkeep\n|turn|2\n|\n|t:|1699863152\n|move|p1a: Ogerpon|Knock Off|p2a: Mandibuzz\n|-resisted|p2a: Mandibuzz\n|-damage|p2a: Mandibuzz|91\/100\n|-enditem|p2a: Mandibuzz|Heavy-Duty Boots|[from] move: Knock Off|[of] p1a: Ogerpon\n|move|p2a: Mandibuzz|Defog|p1a: Ogerpon\n|-unboost|p1a: Ogerpon|evasion|1\n|-ability|p1a: Ogerpon|Defiant|boost\n|-boost|p1a: Ogerpon|atk|2\n|-sideend|p2: yoichii|Spikes|[from] move: Defog|[of] p2a: Mandibuzz\n|\n|upkeep\n|turn|3\n|\n|t:|1699863159\n|move|p1a: Ogerpon|Ivy Cudgel|p2a: Mandibuzz\n|-resisted|p2a: Mandibuzz\n|-damage|p2a: Mandibuzz|64\/100\n|move|p2a: Mandibuzz|U-turn|p1a: Ogerpon\n|-supereffective|p1a: Ogerpon\n|-crit|p1a: Ogerpon\n|-damage|p1a: Ogerpon|59\/100\n|\n|t:|1699863169\n|switch|p2a: Skeledirge|Skeledirge, F|100\/100|[from] U-turn\n|\n|upkeep\n|turn|4\n|inactive|du11 has 120 seconds left.\n|\n|t:|1699863205\n|move|p1a: Ogerpon|U-turn|p2a: Skeledirge\n|-resisted|p2a: Skeledirge\n|-damage|p2a: Skeledirge|96\/100\n|\n|t:|1699863213\n|switch|p1a: Goodra|Goodra-Hisui, M|100\/100|[from] U-turn\n|move|p2a: Skeledirge|Shadow Ball|p1a: Goodra\n|-crit|p1a: Goodra\n|-damage|p1a: Goodra|79\/100\n|\n|-heal|p2a: Skeledirge|100\/100|[from] item: Leftovers\n|upkeep\n|turn|5\n|inactive|du11 has 120 seconds left.\n|\n|t:|1699863227\n|move|p2a: Skeledirge|Will-O-Wisp|p1a: Goodra|[miss]\n|-miss|p2a: Skeledirge|p1a: Goodra\n|move|p1a: Goodra|Knock Off|p2a: Skeledirge\n|-supereffective|p2a: Skeledirge\n|-damage|p2a: Skeledirge|50\/100\n|-enditem|p2a: Skeledirge|Leftovers|[from] move: Knock Off|[of] p1a: Goodra\n|\n|upkeep\n|turn|6\n|inactive|du11 has 120 seconds left.\n|\n|t:|1699863238\n|switch|p1a: Cinderace|Cinderace, M|100\/100\n|move|p2a: Skeledirge|Slack Off|p2a: Skeledirge\n|-heal|p2a: Skeledirge|99\/100\n|\n|upkeep\n|turn|7\n|inactive|du11 has 120 seconds left.\n|\n|t:|1699863250\n|move|p1a: Cinderace|U-turn|p2a: Skeledirge\n|-start|p1a: Cinderace|typechange|Bug|[from] ability: Libero\n|-resisted|p2a: Skeledirge\n|-damage|p2a: Skeledirge|93\/100\n|inactive|du11 has 120 seconds left.\n|\n|t:|1699863259\n|switch|p1a: Alomomola|Alomomola, M|100\/100|[from] U-turn\n|move|p2a: Skeledirge|Shadow Ball|p1a: Alomomola\n|-damage|p1a: Alomomola|67\/100\n|-unboost|p1a: Alomomola|spd|1\n|\n|upkeep\n|turn|8\n|\n|t:|1699863266\n|move|p2a: Skeledirge|Shadow Ball|p1a: Alomomola\n|-damage|p1a: Alomomola|31\/100\n|-unboost|p1a: Alomomola|spd|1\n|move|p1a: Alomomola|Flip Turn|p2a: Skeledirge\n|-supereffective|p2a: Skeledirge\n|-damage|p2a: Skeledirge|65\/100\n|inactive|du11 has 120 seconds left.\n|\n|t:|1699863277\n|switch|p1a: Ogerpon|Ogerpon, F|59\/100|[from] Flip Turn\n|\n|upkeep\n|turn|9\n|\n|t:|1699863282\n|move|p1a: Ogerpon|Knock Off|p2a: Skeledirge\n|-supereffective|p2a: Skeledirge\n|-damage|p2a: Skeledirge|28\/100\n|move|p2a: Skeledirge|Slack Off|p2a: Skeledirge\n|-heal|p2a: Skeledirge|78\/100\n|\n|upkeep\n|turn|10\n|\n|t:|1699863292\n|move|p1a: Ogerpon|Spikes|p2a: Skeledirge\n|-sidestart|p2: yoichii|Spikes\n|move|p2a: Skeledirge|Torch Song|p1a: Ogerpon\n|-supereffective|p1a: Ogerpon\n|-damage|p1a: Ogerpon|0 fnt\n|-boost|p2a: Skeledirge|spa|1\n|faint|p1a: Ogerpon\n|\n|upkeep\n|\n|t:|1699863301\n|switch|p1a: Goodra|Goodra-Hisui, M|79\/100\n|turn|11\n|\n|t:|1699863307\n|move|p2a: Skeledirge|Slack Off|p2a: Skeledirge\n|-heal|p2a: Skeledirge|100\/100\n|move|p1a: Goodra|Dragon Tail|p2a: Skeledirge\n|-damage|p2a: Skeledirge|77\/100\n|drag|p2a: Mandibuzz|Mandibuzz, F|64\/100\n|\n|upkeep\n|turn|12\n|\n|t:|1699863317\n|move|p2a: Mandibuzz|Defog|p1a: Goodra\n|-unboost|p1a: Goodra|evasion|1\n|-sideend|p2: yoichii|Spikes|[from] move: Defog|[of] p2a: Mandibuzz\n|move|p1a: Goodra|Dragon Tail|p2a: Mandibuzz\n|-damage|p2a: Mandibuzz|49\/100\n|drag|p2a: Landorus|Landorus-Therian, M, shiny|100\/100\n|-ability|p2a: Landorus|Intimidate|boost\n|-unboost|p1a: Goodra|atk|1\n|\n|upkeep\n|turn|13\n|\n|t:|1699863324\n|switch|p1a: Alomomola|Alomomola, M|65\/100\n|move|p2a: Landorus|Earthquake|p1a: Alomomola\n|-crit|p1a: Alomomola\n|-damage|p1a: Alomomola|0 fnt\n|faint|p1a: Alomomola\n|\n|upkeep\n|\n|t:|1699863337\n|switch|p1a: Kingambit|Kingambit, M|100\/100\n|-activate|p1a: Kingambit|ability: Supreme Overlord\n|-start|p1a: Kingambit|fallen2|[silent]\n|-item|p1a: Kingambit|Air Balloon\n|turn|14\n|\n|t:|1699863343\n|switch|p2a: Mandibuzz|Mandibuzz, F|49\/100\n|move|p1a: Kingambit|Swords Dance|p1a: Kingambit\n|-boost|p1a: Kingambit|atk|2\n|\n|upkeep\n|turn|15\n|\n|t:|1699863349\n|move|p1a: Kingambit|Iron Head|p2a: Mandibuzz\n|-damage|p2a: Mandibuzz|0 fnt\n|faint|p2a: Mandibuzz\n|\n|upkeep\n|\n|t:|1699863362\n|switch|p2a: Skeledirge|Skeledirge, F|77\/100\n|turn|16\n|\n|t:|1699863370\n|-terastallize|p1a: Kingambit|Fire\n|-terastallize|p2a: Skeledirge|Water\n|move|p1a: Kingambit|Swords Dance|p1a: Kingambit\n|-boost|p1a: Kingambit|atk|2\n|move|p2a: Skeledirge|Will-O-Wisp|p1a: Kingambit\n|-immune|p1a: Kingambit\n|\n|upkeep\n|turn|17\n|\n|t:|1699863381\n|move|p1a: Kingambit|Kowtow Cleave|p2a: Skeledirge\n|-damage|p2a: Skeledirge|30\/100\n|move|p2a: Skeledirge|Shadow Ball|p1a: Kingambit\n|-damage|p1a: Kingambit|63\/100\n|-unboost|p1a: Kingambit|spd|1\n|-enditem|p1a: Kingambit|Air Balloon\n|\n|upkeep\n|turn|18\n|\n|t:|1699863390\n|move|p1a: Kingambit|Kowtow Cleave|p2a: Skeledirge\n|-damage|p2a: Skeledirge|0 fnt\n|faint|p2a: Skeledirge\n|\n|upkeep\n|\n|t:|1699863392\n|switch|p2a: Walking Wake|Walking Wake|100\/100\n|turn|19\n|\n|t:|1699863408\n|move|p1a: Kingambit|Sucker Punch|p2a: Walking Wake\n|-damage|p2a: Walking Wake|0 fnt\n|faint|p2a: Walking Wake\n|-end|p2a: Walking Wake|Protosynthesis|[silent]\n|\n|upkeep\n|\n|t:|1699863413\n|switch|p2a: Landorus|Landorus-Therian, M, shiny|100\/100\n|-ability|p2a: Landorus|Intimidate|boost\n|-unboost|p1a: Kingambit|atk|1\n|turn|20\n|\n|t:|1699863427\n|move|p1a: Kingambit|Sucker Punch|p2a: Landorus\n|-damage|p2a: Landorus|0 fnt\n|faint|p2a: Landorus\n|\n|upkeep\n|\n|t:|1699863434\n|switch|p2a: Thundurus|Thundurus-Therian, M, shiny|100\/100\n|turn|21\n|\n|t:|1699863437\n|move|p1a: Kingambit|Sucker Punch|p2a: Thundurus\n|-damage|p2a: Thundurus|0 fnt\n|faint|p2a: Thundurus\n|\n|upkeep\n|-message|yoichii forfeited.\n|\n|win|du11\n|raw|du11's rating: 1192 &rarr; <strong>1222<\/strong><br \/>(+30 for winning)\n|raw|yoichii's rating: 1263 &rarr; <strong>1233<\/strong><br \/>(-30 for losing)\n|l|\u203dyoichii\n","uploadtime":1699863465,"views":10,"p1id":"du11","p2id":"yoichii","formatid":"gen9ou","rating":1222,"private":0,"password":""}