{"id":"gen9ou-1991565469","p1":"TurboKaiSM64","p2":"Poweryoink","format":"[Gen 9] OU","log":"|j|\u2606TurboKaiSM64\n|j|\u2606Poweryoink\n|t:|1700088962\n|gametype|singles\n|player|p1|TurboKaiSM64|170|\n|player|p2|Poweryoink|101|\n|teamsize|p1|6\n|teamsize|p2|6\n|gen|9\n|tier|[Gen 9] OU\n|rule|Sleep Clause Mod: Limit one foe put to sleep\n|rule|Species Clause: Limit one of each Pok\u00e9mon\n|rule|OHKO Clause: OHKO moves are banned\n|rule|Evasion Items Clause: Evasion items are banned\n|rule|Evasion Moves Clause: Evasion moves are banned\n|rule|Endless Battle Clause: Forcing endless battles is banned\n|rule|HP Percentage Mod: HP is shown in percentages\n|clearpoke\n|poke|p1|Ogerpon, F|\n|poke|p1|Gholdengo|\n|poke|p1|Glimmora, M|\n|poke|p1|Iron Moth|\n|poke|p1|Great Tusk|\n|poke|p1|Enamorus, F|\n|poke|p2|Samurott-Hisui, M|\n|poke|p2|Gholdengo|\n|poke|p2|Garchomp, M|\n|poke|p2|Slowking-Galar, F|\n|poke|p2|Iron Valiant|\n|poke|p2|Great Tusk|\n|teampreview\n|\n|t:|1700088975\n|start\n|switch|p1a: Glimmora|Glimmora, M|100\/100\n|switch|p2a: Garchomp|Garchomp, M, shiny|100\/100\n|turn|1\n|\n|t:|1700088987\n|move|p2a: Garchomp|Earthquake|p1a: Glimmora\n|-supereffective|p1a: Glimmora\n|-enditem|p1a: Glimmora|Focus Sash\n|-damage|p1a: Glimmora|1\/100\n|-activate|p1a: Glimmora|ability: Toxic Debris\n|-sidestart|p2: Poweryoink|move: Toxic Spikes\n|move|p1a: Glimmora|Stealth Rock|p2a: Garchomp\n|-sidestart|p2: Poweryoink|move: Stealth Rock\n|\n|upkeep\n|turn|2\n|\n|t:|1700089008\n|move|p2a: Garchomp|Earthquake|p1a: Glimmora\n|-supereffective|p1a: Glimmora\n|-damage|p1a: Glimmora|0 fnt\n|-activate|p1a: Glimmora|ability: Toxic Debris\n|-sidestart|p2: Poweryoink|move: Toxic Spikes\n|faint|p1a: Glimmora\n|\n|upkeep\n|\n|t:|1700089015\n|switch|p1a: Enamorus|Enamorus, F|100\/100\n|turn|3\n|\n|t:|1700089037\n|switch|p2a: Slowking|Slowking-Galar, F, shiny|100\/100\n|-sideend|p2: Poweryoink|move: Toxic Spikes|[of] p2a: Slowking\n|-damage|p2a: Slowking|88\/100|[from] Stealth Rock\n|move|p1a: Enamorus|Moonblast|p2a: Slowking\n|-resisted|p2a: Slowking\n|-damage|p2a: Slowking|59\/100\n|\n|-heal|p2a: Slowking|65\/100|[from] item: Black Sludge\n|upkeep\n|turn|4\n|\n|t:|1700089059\n|move|p1a: Enamorus|Moonblast|p2a: Slowking\n|-resisted|p2a: Slowking\n|-damage|p2a: Slowking|35\/100\n|move|p2a: Slowking|Future Sight|p1a: Enamorus\n|-start|p2a: Slowking|move: Future Sight\n|\n|-heal|p2a: Slowking|41\/100|[from] item: Black Sludge\n|upkeep\n|turn|5\n|\n|t:|1700089068\n|move|p1a: Enamorus|Moonblast|p2a: Slowking\n|-resisted|p2a: Slowking\n|-damage|p2a: Slowking|12\/100\n|-unboost|p2a: Slowking|spa|1\n|move|p2a: Slowking|Disable|p1a: Enamorus\n|-start|p1a: Enamorus|Disable|Moonblast\n|\n|-heal|p2a: Slowking|18\/100|[from] item: Black Sludge\n|upkeep\n|turn|6\n|\n|t:|1700089093\n|switch|p1a: Gholdengo|Gholdengo|100\/100\n|move|p2a: Slowking|Future Sight||[still]\n|-fail|p2a: Slowking\n|\n|-end|p1a: Gholdengo|move: Future Sight\n|-resisted|p1a: Gholdengo\n|-damage|p1a: Gholdengo|81\/100\n|-heal|p2a: Slowking|24\/100|[from] item: Black Sludge\n|upkeep\n|turn|7\n|\n|t:|1700089121\n|switch|p2a: Samurott|Samurott-Hisui, M, shiny|100\/100\n|-damage|p2a: Samurott|88\/100|[from] Stealth Rock\n|move|p1a: Gholdengo|Shadow Ball|p2a: Samurott\n|-resisted|p2a: Samurott\n|-damage|p2a: Samurott|51\/100\n|\n|upkeep\n|turn|8\n|\n|t:|1700089132\n|-terastallize|p1a: Gholdengo|Dark\n|move|p2a: Samurott|Ceaseless Edge|p1a: Gholdengo\n|-resisted|p1a: Gholdengo\n|-damage|p1a: Gholdengo|56\/100\n|-sidestart|p1: TurboKaiSM64|Spikes\n|move|p1a: Gholdengo|Thunderbolt|p2a: Samurott\n|-supereffective|p2a: Samurott\n|-damage|p2a: Samurott|0 fnt\n|faint|p2a: Samurott\n|\n|upkeep\n|\n|t:|1700089145\n|switch|p2a: Great Tusk|Great Tusk, shiny|100\/100\n|-damage|p2a: Great Tusk|98\/100|[from] Stealth Rock\n|-enditem|p2a: Great Tusk|Booster Energy\n|-activate|p2a: Great Tusk|ability: Protosynthesis|[fromitem]\n|-start|p2a: Great Tusk|protosynthesisatk\n|turn|9\n|\n|t:|1700089164\n|switch|p1a: Enamorus|Enamorus, F|100\/100\n|move|p2a: Great Tusk|Rapid Spin|p1a: Enamorus\n|-damage|p1a: Enamorus|62\/100\n|-boost|p2a: Great Tusk|spe|1\n|-sideend|p2: Poweryoink|Stealth Rock|[from] move: Rapid Spin|[of] p2a: Great Tusk\n|\n|upkeep\n|turn|10\n|\n|t:|1700089205\n|switch|p1a: Iron Moth|Iron Moth|100\/100\n|-damage|p1a: Iron Moth|88\/100|[from] Spikes\n|-enditem|p1a: Iron Moth|Booster Energy\n|-activate|p1a: Iron Moth|ability: Quark Drive|[fromitem]\n|-start|p1a: Iron Moth|quarkdrivespa\n|-end|p2a: Great Tusk|Protosynthesis|[silent]\n|switch|p2a: Slowking|Slowking-Galar, F, shiny|58\/100\n|\n|-heal|p2a: Slowking|64\/100|[from] item: Black Sludge\n|upkeep\n|turn|11\n|\n|t:|1700089217\n|move|p1a: Iron Moth|Substitute|p1a: Iron Moth\n|-start|p1a: Iron Moth|Substitute\n|-damage|p1a: Iron Moth|63\/100\n|move|p2a: Slowking|Surf|p1a: Iron Moth\n|-supereffective|p1a: Iron Moth\n|-end|p1a: Iron Moth|Substitute\n|\n|-heal|p2a: Slowking|70\/100|[from] item: Black Sludge\n|upkeep\n|turn|12\n|\n|t:|1700089235\n|-end|p1a: Iron Moth|Quark Drive|[silent]\n|switch|p1a: Great Tusk|Great Tusk|100\/100\n|-damage|p1a: Great Tusk|88\/100|[from] Spikes\n|-enditem|p1a: Great Tusk|Booster Energy\n|-activate|p1a: Great Tusk|ability: Protosynthesis|[fromitem]\n|-start|p1a: Great Tusk|protosynthesisatk\n|move|p2a: Slowking|Surf|p1a: Great Tusk\n|-supereffective|p1a: Great Tusk\n|-damage|p1a: Great Tusk|0 fnt\n|faint|p1a: Great Tusk\n|-end|p1a: Great Tusk|Protosynthesis|[silent]\n|\n|-heal|p2a: Slowking|76\/100|[from] item: Black Sludge\n|upkeep\n|\n|t:|1700089255\n|switch|p1a: Ogerpon|Ogerpon, F|100\/100\n|-damage|p1a: Ogerpon|88\/100|[from] Spikes\n|turn|13\n|\n|t:|1700089269\n|move|p1a: Ogerpon|Swords Dance|p1a: Ogerpon\n|-boost|p1a: Ogerpon|atk|2\n|move|p2a: Slowking|Disable|p1a: Ogerpon\n|-start|p1a: Ogerpon|Disable|Swords Dance\n|\n|-heal|p2a: Slowking|82\/100|[from] item: Black Sludge\n|upkeep\n|turn|14\n|\n|t:|1700089278\n|move|p1a: Ogerpon|Stomping Tantrum|p2a: Slowking\n|-supereffective|p2a: Slowking\n|-damage|p2a: Slowking|0 fnt\n|faint|p2a: Slowking\n|-damage|p1a: Ogerpon|78\/100|[from] item: Life Orb\n|\n|upkeep\n|\n|t:|1700089294\n|switch|p2a: Iron Valiant|Iron Valiant|100\/100\n|-enditem|p2a: Iron Valiant|Booster Energy\n|-activate|p2a: Iron Valiant|ability: Quark Drive|[fromitem]\n|-start|p2a: Iron Valiant|quarkdrivespe\n|turn|15\n|\n|t:|1700089320\n|move|p2a: Iron Valiant|Ice Punch|p1a: Ogerpon\n|-supereffective|p1a: Ogerpon\n|-damage|p1a: Ogerpon|20\/100\n|move|p1a: Ogerpon|Ivy Cudgel|p2a: Iron Valiant\n|-damage|p2a: Iron Valiant|0 fnt\n|faint|p2a: Iron Valiant\n|-end|p2a: Iron Valiant|Quark Drive|[silent]\n|-damage|p1a: Ogerpon|10\/100|[from] item: Life Orb\n|\n|upkeep\n|\n|t:|1700089331\n|switch|p2a: Great Tusk|Great Tusk, shiny|98\/100\n|turn|16\n|\n|t:|1700089349\n|move|p1a: Ogerpon|Ivy Cudgel|p2a: Great Tusk\n|-supereffective|p2a: Great Tusk\n|-damage|p2a: Great Tusk|0 fnt\n|faint|p2a: Great Tusk\n|-end|p2a: Great Tusk|Protosynthesis|[silent]\n|-damage|p1a: Ogerpon|0 fnt|[from] item: Life Orb\n|faint|p1a: Ogerpon\n|\n|upkeep\n|\n|t:|1700089362\n|switch|p1a: Enamorus|Enamorus, F|62\/100\n|switch|p2a: Garchomp|Garchomp, M, shiny|100\/100\n|turn|17\n|\n|t:|1700089375\n|-terastallize|p2a: Garchomp|Fairy\n|move|p1a: Enamorus|Earth Power|p2a: Garchomp\n|-damage|p2a: Garchomp|44\/100\n|move|p2a: Garchomp|Swords Dance|p2a: Garchomp\n|-boost|p2a: Garchomp|atk|2\n|\n|upkeep\n|turn|18\n|\n|t:|1700089390\n|move|p1a: Enamorus|Earth Power|p2a: Garchomp\n|-damage|p2a: Garchomp|0 fnt\n|faint|p2a: Garchomp\n|\n|upkeep\n|\n|t:|1700089393\n|switch|p2a: Gholdengo|Gholdengo, shiny|100\/100\n|-item|p2a: Gholdengo|Air Balloon\n|turn|19\n|\n|t:|1700089422\n|switch|p1a: Gholdengo|Gholdengo, tera:Dark|56\/100\n|-damage|p1a: Gholdengo|44\/100|[from] Spikes\n|move|p2a: Gholdengo|Thunderbolt|p1a: Gholdengo\n|-damage|p1a: Gholdengo|11\/100\n|-enditem|p1a: Gholdengo|Iapapa Berry|[eat]\n|-heal|p1a: Gholdengo|44\/100|[from] item: Iapapa Berry\n|\n|upkeep\n|turn|20\n|\n|t:|1700089434\n|move|p2a: Gholdengo|Thunderbolt|p1a: Gholdengo\n|-damage|p1a: Gholdengo|13\/100\n|move|p1a: Gholdengo|Shadow Ball|p2a: Gholdengo\n|-supereffective|p2a: Gholdengo\n|-damage|p2a: Gholdengo|0 fnt\n|-enditem|p2a: Gholdengo|Air Balloon\n|faint|p2a: Gholdengo\n|\n|win|TurboKaiSM64\n|l|\u2606Poweryoink\n","uploadtime":1700089441,"views":7,"p1id":"turbokaism64","p2id":"poweryoink","formatid":"gen9ou","rating":0,"private":0,"password":""}