{"id":"gen9ou-1995924824","p1":"Onte bad","p2":"Kile215","format":"[Gen 9] OU","log":"|j|\u2606Onte bad\n|j|\u2606Kile215\n|t:|1700618038\n|gametype|singles\n|player|p1|Onte bad|169|1203\n|player|p2|Kile215|backpacker|1116\n|teamsize|p1|6\n|teamsize|p2|6\n|gen|9\n|tier|[Gen 9] OU\n|rated|\n|rule|Sleep Clause Mod: Limit one foe put to sleep\n|rule|Species Clause: Limit one of each Pok\u00e9mon\n|rule|OHKO Clause: OHKO moves are banned\n|rule|Evasion Items Clause: Evasion items are banned\n|rule|Evasion Moves Clause: Evasion moves are banned\n|rule|Endless Battle Clause: Forcing endless battles is banned\n|rule|HP Percentage Mod: HP is shown in percentages\n|clearpoke\n|poke|p1|Regidrago|\n|poke|p1|Ribombee, M|\n|poke|p1|Scizor, M|\n|poke|p1|Slowking-Galar, M|\n|poke|p1|Breloom, M|\n|poke|p1|Quaquaval, F|\n|poke|p2|Kommo-o, M|\n|poke|p2|Breloom, F|\n|poke|p2|Milotic, F|\n|poke|p2|Ceruledge, M|\n|poke|p2|Vikavolt, F|\n|poke|p2|Iron Treads|\n|teampreview\n|inactive|Battle timer is ON: inactive players will automatically lose when time's up. (requested by Kile215)\n|\n|t:|1700618047\n|start\n|switch|p1a: Slowking|Slowking-Galar, M|100\/100\n|switch|p2a: Iron Treads|Iron Treads|100\/100\n|-enditem|p2a: Iron Treads|Booster Energy\n|-activate|p2a: Iron Treads|ability: Quark Drive|[fromitem]\n|-start|p2a: Iron Treads|quarkdrivespe\n|turn|1\n|\n|t:|1700618061\n|move|p2a: Iron Treads|Knock Off|p1a: Slowking\n|-supereffective|p1a: Slowking\n|-crit|p1a: Slowking\n|-damage|p1a: Slowking|10\/100\n|-enditem|p1a: Slowking|Assault Vest|[from] move: Knock Off|[of] p2a: Iron Treads\n|move|p1a: Slowking|Flamethrower|p2a: Iron Treads\n|-supereffective|p2a: Iron Treads\n|-damage|p2a: Iron Treads|9\/100\n|\n|upkeep\n|turn|2\n|\n|t:|1700618074\n|switch|p1a: Quaquaval|Quaquaval, F|100\/100\n|move|p2a: Iron Treads|Iron Head|p1a: Quaquaval\n|-resisted|p1a: Quaquaval\n|-damage|p1a: Quaquaval|76\/100\n|\n|upkeep\n|turn|3\n|\n|t:|1700618080\n|move|p2a: Iron Treads|Knock Off|p1a: Quaquaval\n|-resisted|p1a: Quaquaval\n|-damage|p1a: Quaquaval|54\/100\n|-enditem|p1a: Quaquaval|Heavy-Duty Boots|[from] move: Knock Off|[of] p2a: Iron Treads\n|move|p1a: Quaquaval|Aqua Step|p2a: Iron Treads\n|-supereffective|p2a: Iron Treads\n|-damage|p2a: Iron Treads|0 fnt\n|-boost|p1a: Quaquaval|spe|1\n|faint|p2a: Iron Treads\n|-end|p2a: Iron Treads|Quark Drive|[silent]\n|-ability|p1a: Quaquaval|Moxie|boost\n|-boost|p1a: Quaquaval|atk|1\n|\n|upkeep\n|\n|t:|1700618089\n|switch|p2a: Ceruledge|Ceruledge, M|100\/100\n|turn|4\n|\n|t:|1700618103\n|move|p1a: Quaquaval|Aqua Step|p2a: Ceruledge\n|-supereffective|p2a: Ceruledge\n|-enditem|p2a: Ceruledge|Focus Sash\n|-damage|p2a: Ceruledge|1\/100\n|-boost|p1a: Quaquaval|spe|1\n|-ability|p2a: Ceruledge|Weak Armor|boost\n|-unboost|p2a: Ceruledge|def|1\n|-boost|p2a: Ceruledge|spe|2\n|move|p2a: Ceruledge|Destiny Bond|p2a: Ceruledge\n|-singlemove|p2a: Ceruledge|Destiny Bond\n|\n|upkeep\n|turn|5\n|\n|t:|1700618114\n|move|p1a: Quaquaval|Rapid Spin|p2a: Ceruledge\n|-immune|p2a: Ceruledge\n|move|p2a: Ceruledge|Poltergeist||[still]\n|-fail|p2a: Ceruledge\n|\n|upkeep\n|turn|6\n|\n|t:|1700618121\n|move|p2a: Ceruledge|Destiny Bond|p2a: Ceruledge\n|-singlemove|p2a: Ceruledge|Destiny Bond\n|move|p1a: Quaquaval|Aqua Step|p2a: Ceruledge\n|-supereffective|p2a: Ceruledge\n|-damage|p2a: Ceruledge|0 fnt\n|-boost|p1a: Quaquaval|spe|1\n|faint|p2a: Ceruledge\n|-activate|p2a: Ceruledge|move: Destiny Bond\n|faint|p1a: Quaquaval\n|\n|upkeep\n|\n|t:|1700618141\n|switch|p1a: Scizor|Scizor, M|100\/100\n|switch|p2a: Vikavolt|Vikavolt, F|100\/100\n|turn|7\n|\n|t:|1700618154\n|move|p1a: Scizor|Dual Wingbeat|p2a: Vikavolt\n|-damage|p2a: Vikavolt|62\/100\n|-damage|p2a: Vikavolt|23\/100\n|-hitcount|p2a: Vikavolt|2\n|move|p2a: Vikavolt|Sticky Web|p1a: Scizor\n|-sidestart|p1: Onte bad|move: Sticky Web\n|\n|upkeep\n|turn|8\n|\n|t:|1700618162\n|switch|p1a: Ribombee|Ribombee, M|100\/100\n|-activate|p1a: Ribombee|move: Sticky Web\n|-unboost|p1a: Ribombee|spe|1\n|move|p2a: Vikavolt|Rest|p2a: Vikavolt\n|-status|p2a: Vikavolt|slp|[from] move: Rest\n|-heal|p2a: Vikavolt|100\/100 slp|[silent]\n|-enditem|p2a: Vikavolt|Chesto Berry|[eat]\n|-curestatus|p2a: Vikavolt|slp|[msg]\n|\n|upkeep\n|turn|9\n|\n|t:|1700618172\n|move|p1a: Ribombee|Sticky Web|p2a: Vikavolt\n|-sidestart|p2: Kile215|move: Sticky Web\n|move|p2a: Vikavolt|Thunderbolt|p1a: Ribombee\n|-damage|p1a: Ribombee|9\/100\n|\n|upkeep\n|turn|10\n|\n|t:|1700618177\n|move|p1a: Ribombee|Moonblast|p2a: Vikavolt\n|-damage|p2a: Vikavolt|57\/100\n|-unboost|p2a: Vikavolt|spa|1\n|move|p2a: Vikavolt|Thunderbolt|p1a: Ribombee\n|-damage|p1a: Ribombee|0 fnt\n|faint|p1a: Ribombee\n|\n|upkeep\n|\n|t:|1700618194\n|switch|p1a: Regidrago|Regidrago|100\/100\n|-activate|p1a: Regidrago|move: Sticky Web\n|-unboost|p1a: Regidrago|spe|1\n|turn|11\n|\n|t:|1700618208\n|move|p1a: Regidrago|Dragon Energy|p2a: Vikavolt\n|-damage|p2a: Vikavolt|0 fnt\n|faint|p2a: Vikavolt\n|\n|upkeep\n|\n|t:|1700618214\n|switch|p2a: Kommo-o|Kommo-o, M|100\/100\n|-activate|p2a: Kommo-o|move: Sticky Web\n|-unboost|p2a: Kommo-o|spe|1\n|turn|12\n|\n|t:|1700618224\n|-terastallize|p2a: Kommo-o|Normal\n|move|p2a: Kommo-o|Clanging Scales|p1a: Regidrago\n|-supereffective|p1a: Regidrago\n|-damage|p1a: Regidrago|5\/100\n|-unboost|p2a: Kommo-o|def|1\n|-enditem|p2a: Kommo-o|Throat Spray\n|-boost|p2a: Kommo-o|spa|1|[from] item: Throat Spray\n|move|p1a: Regidrago|Dragon Energy|p2a: Kommo-o\n|-damage|p2a: Kommo-o|93\/100\n|\n|upkeep\n|turn|13\n|\n|t:|1700618237\n|switch|p1a: Slowking|Slowking-Galar, M|43\/100\n|-activate|p1a: Slowking|move: Sticky Web\n|-unboost|p1a: Slowking|spe|1\n|move|p2a: Kommo-o|Boomburst|p1a: Slowking\n|-damage|p1a: Slowking|0 fnt\n|faint|p1a: Slowking\n|\n|upkeep\n|\n|t:|1700618243\n|switch|p1a: Breloom|Breloom, M|100\/100\n|-activate|p1a: Breloom|move: Sticky Web\n|-unboost|p1a: Breloom|spe|1\n|turn|14\n|\n|t:|1700618250\n|move|p1a: Breloom|Mach Punch|p2a: Kommo-o\n|-supereffective|p2a: Kommo-o\n|-damage|p2a: Kommo-o|0 fnt\n|faint|p2a: Kommo-o\n|\n|upkeep\n|\n|t:|1700618256\n|switch|p2a: Breloom|Breloom, F|100\/100\n|-activate|p2a: Breloom|move: Sticky Web\n|-unboost|p2a: Breloom|spe|1\n|turn|15\n|\n|t:|1700618260\n|switch|p1a: Regidrago|Regidrago|5\/100\n|-activate|p1a: Regidrago|move: Sticky Web\n|-unboost|p1a: Regidrago|spe|1\n|move|p2a: Breloom|Aerial Ace|p1a: Regidrago\n|-damage|p1a: Regidrago|0 fnt\n|faint|p1a: Regidrago\n|\n|upkeep\n|\n|t:|1700618263\n|switch|p1a: Scizor|Scizor, M|100\/100\n|-activate|p1a: Scizor|move: Sticky Web\n|-unboost|p1a: Scizor|spe|1\n|turn|16\n|\n|t:|1700618270\n|move|p2a: Breloom|Spore|p1a: Scizor\n|-status|p1a: Scizor|slp|[from] move: Spore\n|cant|p1a: Scizor|slp\n|\n|upkeep\n|turn|17\n|\n|t:|1700618280\n|move|p2a: Breloom|Aerial Ace|p1a: Scizor\n|-damage|p1a: Scizor|68\/100 slp\n|cant|p1a: Scizor|slp\n|\n|upkeep\n|turn|18\n|\n|t:|1700618292\n|switch|p2a: Milotic|Milotic, F|100\/100\n|-activate|p2a: Milotic|move: Sticky Web\n|-unboost|p2a: Milotic|spe|1\n|-curestatus|p1a: Scizor|slp|[msg]\n|move|p1a: Scizor|Dual Wingbeat|p2a: Milotic\n|-damage|p2a: Milotic|68\/100\n|-damage|p2a: Milotic|34\/100\n|-hitcount|p2a: Milotic|2\n|\n|-status|p2a: Milotic|brn|[from] item: Flame Orb\n|upkeep\n|turn|19\n|\n|t:|1700618302\n|move|p2a: Milotic|Recover|p2a: Milotic\n|-heal|p2a: Milotic|84\/100 brn\n|move|p1a: Scizor|Dual Wingbeat|p2a: Milotic\n|-damage|p2a: Milotic|64\/100 brn\n|-damage|p2a: Milotic|44\/100 brn\n|-hitcount|p2a: Milotic|2\n|\n|-damage|p2a: Milotic|38\/100 brn|[from] brn\n|upkeep\n|turn|20\n|\n|t:|1700618309\n|switch|p1a: Breloom|Breloom, M|100\/100\n|-activate|p1a: Breloom|move: Sticky Web\n|-unboost|p1a: Breloom|spe|1\n|move|p2a: Milotic|Recover|p2a: Milotic\n|-heal|p2a: Milotic|88\/100 brn\n|\n|-damage|p2a: Milotic|82\/100 brn|[from] brn\n|upkeep\n|turn|21\n|\n|t:|1700618317\n|move|p1a: Breloom|Bullet Seed|p2a: Milotic\n|-supereffective|p2a: Milotic\n|-damage|p2a: Milotic|57\/100 brn\n|-supereffective|p2a: Milotic\n|-damage|p2a: Milotic|34\/100 brn\n|-supereffective|p2a: Milotic\n|-damage|p2a: Milotic|12\/100 brn\n|-hitcount|p2a: Milotic|3\n|move|p2a: Milotic|Ice Beam|p1a: Breloom\n|-supereffective|p1a: Breloom\n|-damage|p1a: Breloom|22\/100\n|\n|-damage|p2a: Milotic|5\/100 brn|[from] brn\n|upkeep\n|turn|22\n|\n|t:|1700618329\n|move|p1a: Breloom|Mach Punch|p2a: Milotic\n|-damage|p2a: Milotic|0 fnt\n|faint|p2a: Milotic\n|\n|upkeep\n|\n|t:|1700618333\n|switch|p2a: Breloom|Breloom, F|100\/100\n|-activate|p2a: Breloom|move: Sticky Web\n|-unboost|p2a: Breloom|spe|1\n|turn|23\n|\n|t:|1700618343\n|move|p1a: Breloom|Mach Punch|p2a: Breloom\n|-damage|p2a: Breloom|54\/100\n|move|p2a: Breloom|Mach Punch|p1a: Breloom\n|-damage|p1a: Breloom|0 fnt\n|faint|p1a: Breloom\n|\n|upkeep\n|\n|t:|1700618345\n|switch|p1a: Scizor|Scizor, M|68\/100\n|-activate|p1a: Scizor|move: Sticky Web\n|-unboost|p1a: Scizor|spe|1\n|turn|24\n|\n|t:|1700618349\n|-terastallize|p1a: Scizor|Steel\n|move|p1a: Scizor|Bullet Punch|p2a: Breloom\n|-damage|p2a: Breloom|0 fnt\n|faint|p2a: Breloom\n|\n|win|Onte bad\n|raw|Onte bad's rating: 1203 &rarr; <strong>1222<\/strong><br \/>(+19 for winning)\n|raw|Kile215's rating: 1116 &rarr; <strong>1097<\/strong><br \/>(-19 for losing)\n|c|\u2606Onte bad|ggs\n","uploadtime":1700618357,"views":0,"p1id":"ontebad","p2id":"kile215","formatid":"gen9ou","rating":1097,"private":0,"password":""}