{"id":"gen9ou-1993545775","p1":"pogchampignon","p2":"Rorelax","format":"[Gen 9] OU","log":"|j|\u2606pogchampignon\n|j|\u2606Rorelax\n|t:|1700330227\n|gametype|singles\n|player|p1|pogchampignon|doctor|1233\n|player|p2|Rorelax|2|1306\n|teamsize|p1|6\n|teamsize|p2|6\n|gen|9\n|tier|[Gen 9] OU\n|rated|\n|rule|Sleep Clause Mod: Limit one foe put to sleep\n|rule|Species Clause: Limit one of each Pok\u00e9mon\n|rule|OHKO Clause: OHKO moves are banned\n|rule|Evasion Items Clause: Evasion items are banned\n|rule|Evasion Moves Clause: Evasion moves are banned\n|rule|Endless Battle Clause: Forcing endless battles is banned\n|rule|HP Percentage Mod: HP is shown in percentages\n|clearpoke\n|poke|p1|Samurott-Hisui, M|\n|poke|p1|Blissey, F|\n|poke|p1|Landorus-Therian, M|\n|poke|p1|Toxapex, F|\n|poke|p1|Cyclizar, M|\n|poke|p1|Enamorus, F|\n|poke|p2|Samurott-Hisui, F|\n|poke|p2|Ceruledge, F|\n|poke|p2|Thundurus-Therian, M|\n|poke|p2|Amoonguss, M|\n|poke|p2|Great Tusk|\n|poke|p2|Gholdengo|\n|teampreview\n|inactive|Battle timer is ON: inactive players will automatically lose when time's up. (requested by pogchampignon)\n|\n|t:|1700330242\n|start\n|switch|p1a: Enamorus|Enamorus, F|100\/100\n|switch|p2a: Thor|Thundurus-Therian, M, shiny|100\/100\n|turn|1\n|\n|t:|1700330247\n|switch|p1a: Landorus|Landorus-Therian, M|100\/100\n|-ability|p1a: Landorus|Intimidate|boost\n|-unboost|p2a: Thor|atk|1\n|-terastallize|p2a: Thor|Ice\n|move|p2a: Thor|Tera Blast|p1a: Landorus|[anim] Tera Blast Ice\n|-supereffective|p1a: Landorus\n|-damage|p1a: Landorus|0 fnt\n|faint|p1a: Landorus\n|\n|upkeep\n|\n|t:|1700330262\n|switch|p1a: Blissey|Blissey, F|100\/100\n|turn|2\n|\n|t:|1700330265\n|move|p2a: Thor|Knock Off|p1a: Blissey\n|-damage|p1a: Blissey|85\/100\n|-enditem|p1a: Blissey|Heavy-Duty Boots|[from] move: Knock Off|[of] p2a: Thor\n|move|p1a: Blissey|Stealth Rock|p2a: Thor\n|-sidestart|p2: Rorelax|move: Stealth Rock\n|\n|upkeep\n|turn|3\n|\n|t:|1700330272\n|move|p2a: Thor|Volt Switch|p1a: Blissey\n|-damage|p1a: Blissey|72\/100\n|\n|t:|1700330274\n|switch|p2a: Dumbo|Great Tusk, shiny|100\/100|[from] Volt Switch\n|-damage|p2a: Dumbo|97\/100|[from] Stealth Rock\n|move|p1a: Blissey|Seismic Toss|p2a: Dumbo\n|-damage|p2a: Dumbo|74\/100\n|\n|-heal|p2a: Dumbo|81\/100|[from] item: Leftovers\n|upkeep\n|turn|4\n|\n|t:|1700330289\n|-terastallize|p1a: Blissey|Ghost\n|move|p2a: Dumbo|Rapid Spin|p1a: Blissey\n|-immune|p1a: Blissey\n|move|p1a: Blissey|Shadow Ball|p2a: Dumbo\n|-damage|p2a: Dumbo|52\/100\n|\n|-heal|p2a: Dumbo|58\/100|[from] item: Leftovers\n|upkeep\n|turn|5\n|\n|t:|1700330301\n|switch|p1a: Enamorus|Enamorus, F|100\/100\n|move|p2a: Dumbo|Ice Spinner|p1a: Enamorus\n|-supereffective|p1a: Enamorus\n|-damage|p1a: Enamorus|23\/100\n|\n|-heal|p1a: Enamorus|29\/100|[from] item: Leftovers\n|-heal|p2a: Dumbo|64\/100|[from] item: Leftovers\n|upkeep\n|turn|6\n|\n|t:|1700330309\n|move|p1a: Enamorus|Moonblast|p2a: Dumbo\n|-supereffective|p2a: Dumbo\n|-damage|p2a: Dumbo|0 fnt\n|faint|p2a: Dumbo\n|-end|p2a: Dumbo|Protosynthesis|[silent]\n|\n|-heal|p1a: Enamorus|35\/100|[from] item: Leftovers\n|upkeep\n|l|\u2606Rorelax\n|inactive|Rorelax disconnected and has a minute to reconnect!\n|player|p2|\n|j|\u2606Rorelax\n|inactive|Rorelax reconnected and has 145 seconds left.\n|player|p2|Rorelax|2\n|inactive|Rorelax has 120 seconds left.\n|\n|t:|1700330344\n|switch|p2a: Sekiro|Samurott-Hisui, F, shiny|100\/100\n|-damage|p2a: Sekiro|88\/100|[from] Stealth Rock\n|turn|7\n|inactive|pogchampignon has 120 seconds left.\n|\n|t:|1700330377\n|move|p2a: Sekiro|Flip Turn|p1a: Enamorus\n|-damage|p1a: Enamorus|0 fnt\n|faint|p1a: Enamorus\n|inactive|Rorelax has 120 seconds left.\n|\n|t:|1700330403\n|switch|p2a: Kuzko|Gholdengo, shiny|100\/100|[from] Flip Turn\n|-damage|p2a: Kuzko|94\/100|[from] Stealth Rock\n|\n|-heal|p2a: Kuzko|100\/100|[from] item: Leftovers\n|upkeep\n|\n|t:|1700330408\n|switch|p1a: Samurott|Samurott-Hisui, M|100\/100\n|turn|8\n|\n|t:|1700330413\n|switch|p2a: Sekiro|Samurott-Hisui, F, shiny|88\/100\n|-damage|p2a: Sekiro|76\/100|[from] Stealth Rock\n|move|p1a: Samurott|Ceaseless Edge|p2a: Sekiro\n|-resisted|p2a: Sekiro\n|-damage|p2a: Sekiro|29\/100\n|-sidestart|p2: Rorelax|Spikes\n|\n|upkeep\n|turn|9\n|\n|t:|1700330421\n|move|p2a: Sekiro|Sacred Sword|p1a: Samurott\n|-supereffective|p1a: Samurott\n|-damage|p1a: Samurott|0 fnt\n|faint|p1a: Samurott\n|\n|upkeep\n|\n|t:|1700330425\n|switch|p1a: Blissey|Blissey, F, tera:Ghost|72\/100\n|turn|10\n|\n|t:|1700330445\n|switch|p2a: Thor|Thundurus-Therian, M, shiny, tera:Ice|100\/100\n|move|p1a: Blissey|Shadow Ball|p2a: Thor\n|-damage|p2a: Thor|69\/100\n|-unboost|p2a: Thor|spd|1\n|\n|upkeep\n|turn|11\n|\n|t:|1700330453\n|move|p2a: Thor|Knock Off|p1a: Blissey\n|-supereffective|p1a: Blissey\n|-damage|p1a: Blissey|40\/100\n|move|p1a: Blissey|Shadow Ball|p2a: Thor\n|-damage|p2a: Thor|26\/100\n|\n|upkeep\n|turn|12\n|\n|t:|1700330459\n|move|p2a: Thor|Knock Off|p1a: Blissey\n|-supereffective|p1a: Blissey\n|-damage|p1a: Blissey|3\/100\n|move|p1a: Blissey|Soft-Boiled|p1a: Blissey\n|-heal|p1a: Blissey|53\/100\n|\n|upkeep\n|turn|13\n|\n|t:|1700330465\n|move|p2a: Thor|Volt Switch|p1a: Blissey\n|-damage|p1a: Blissey|40\/100\n|\n|t:|1700330471\n|switch|p2a: Palpatin|Ceruledge, F, shiny|100\/100|[from] Volt Switch\n|move|p1a: Blissey|Soft-Boiled|p1a: Blissey\n|-heal|p1a: Blissey|90\/100\n|\n|upkeep\n|turn|14\n|\n|t:|1700330483\n|switch|p1a: Cyclizar|Cyclizar, M|100\/100\n|move|p2a: Palpatin|Swords Dance|p2a: Palpatin\n|-boost|p2a: Palpatin|atk|2\n|\n|upkeep\n|turn|15\n|\n|t:|1700330488\n|move|p2a: Palpatin|Bitter Blade|p1a: Cyclizar\n|-resisted|p1a: Cyclizar\n|-damage|p1a: Cyclizar|35\/100\n|move|p1a: Cyclizar|Dragon Tail|p2a: Palpatin\n|-damage|p2a: Palpatin|71\/100\n|-ability|p2a: Palpatin|Weak Armor|boost\n|-unboost|p2a: Palpatin|def|1\n|-boost|p2a: Palpatin|spe|2\n|drag|p2a: Amanita Phalloides|Amoonguss, M, shiny|100\/100\n|-damage|p2a: Amanita Phalloides|88\/100|[from] Stealth Rock\n|-damage|p2a: Amanita Phalloides|76\/100|[from] Spikes\n|\n|upkeep\n|turn|16\n|\n|t:|1700330500\n|move|p1a: Cyclizar|Taunt|p2a: Amanita Phalloides\n|-start|p2a: Amanita Phalloides|move: Taunt\n|move|p2a: Amanita Phalloides|Foul Play|p1a: Cyclizar\n|-damage|p1a: Cyclizar|6\/100\n|\n|upkeep\n|turn|17\n|\n|t:|1700330506\n|move|p1a: Cyclizar|U-turn|p2a: Amanita Phalloides\n|-damage|p2a: Amanita Phalloides|61\/100\n|-enditem|p2a: Amanita Phalloides|Red Card|[of] p1a: Cyclizar\n|drag|p1a: Toxapex|Toxapex, F|100\/100\n|move|p2a: Amanita Phalloides|Foul Play|p1a: Toxapex\n|-damage|p1a: Toxapex|94\/100\n|-enditem|p1a: Toxapex|Red Card|[of] p2a: Amanita Phalloides\n|drag|p2a: Palpatin|Ceruledge, F, shiny|71\/100\n|\n|upkeep\n|turn|18\n|\n|t:|1700330517\n|move|p2a: Palpatin|Swords Dance|p2a: Palpatin\n|-boost|p2a: Palpatin|atk|2\n|move|p1a: Toxapex|Surf|p2a: Palpatin\n|-supereffective|p2a: Palpatin\n|-damage|p2a: Palpatin|30\/100\n|\n|upkeep\n|turn|19\n|\n|t:|1700330524\n|move|p1a: Toxapex|Baneful Bunker|p1a: Toxapex\n|-singleturn|p1a: Toxapex|move: Protect\n|move|p2a: Palpatin|Poltergeist||[still]\n|-fail|p2a: Palpatin\n|\n|upkeep\n|turn|20\n|\n|t:|1700330531\n|move|p2a: Palpatin|Shadow Sneak|p1a: Toxapex\n|-crit|p1a: Toxapex\n|-damage|p1a: Toxapex|52\/100\n|move|p1a: Toxapex|Surf|p2a: Palpatin\n|-supereffective|p2a: Palpatin\n|-damage|p2a: Palpatin|0 fnt\n|faint|p2a: Palpatin\n|\n|upkeep\n|\n|t:|1700330542\n|switch|p2a: Sekiro|Samurott-Hisui, F, shiny|29\/100\n|-damage|p2a: Sekiro|17\/100|[from] Stealth Rock\n|-damage|p2a: Sekiro|5\/100|[from] Spikes\n|turn|21\n|\n|t:|1700330545\n|move|p1a: Toxapex|Baneful Bunker|p1a: Toxapex\n|-singleturn|p1a: Toxapex|move: Protect\n|move|p2a: Sekiro|Ceaseless Edge|p1a: Toxapex\n|-activate|p1a: Toxapex|move: Protect\n|-status|p2a: Sekiro|psn\n|\n|-damage|p2a: Sekiro|0 fnt|[from] psn\n|faint|p2a: Sekiro\n|upkeep\n|\n|t:|1700330548\n|switch|p2a: Thor|Thundurus-Therian, M, shiny, tera:Ice|26\/100\n|turn|22\n|\n|t:|1700330555\n|switch|p1a: Blissey|Blissey, F, tera:Ghost|90\/100\n|move|p2a: Thor|Volt Switch|p1a: Blissey\n|-damage|p1a: Blissey|76\/100\n|\n|t:|1700330567\n|switch|p2a: Kuzko|Gholdengo, shiny|100\/100|[from] Volt Switch\n|-damage|p2a: Kuzko|94\/100|[from] Stealth Rock\n|-damage|p2a: Kuzko|82\/100|[from] Spikes\n|\n|-heal|p2a: Kuzko|88\/100|[from] item: Leftovers\n|upkeep\n|turn|23\n|\n|t:|1700330579\n|move|p2a: Kuzko|Make It Rain|p1a: Blissey\n|-damage|p1a: Blissey|58\/100\n|-unboost|p2a: Kuzko|spa|1\n|move|p1a: Blissey|Shadow Ball|p2a: Kuzko\n|-supereffective|p2a: Kuzko\n|-damage|p2a: Kuzko|41\/100\n|\n|-heal|p2a: Kuzko|47\/100|[from] item: Leftovers\n|upkeep\n|turn|24\n|\n|t:|1700330600\n|switch|p2a: Amanita Phalloides|Amoonguss, M, shiny|94\/100\n|-damage|p2a: Amanita Phalloides|82\/100|[from] Stealth Rock\n|-damage|p2a: Amanita Phalloides|70\/100|[from] Spikes\n|move|p1a: Blissey|Soft-Boiled|p1a: Blissey\n|-heal|p1a: Blissey|100\/100\n|\n|upkeep\n|turn|25\n|\n|t:|1700330603\n|move|p1a: Blissey|Shadow Ball|p2a: Amanita Phalloides\n|-damage|p2a: Amanita Phalloides|53\/100\n|move|p2a: Amanita Phalloides|Spore|p1a: Blissey\n|-status|p1a: Blissey|slp|[from] move: Spore\n|\n|upkeep\n|turn|26\n|\n|t:|1700330611\n|-curestatus|p1a: Blissey|slp|[from] ability: Natural Cure\n|switch|p1a: Cyclizar|Cyclizar, M|39\/100\n|switch|p2a: Kuzko|Gholdengo, shiny|47\/100\n|-damage|p2a: Kuzko|41\/100|[from] Stealth Rock\n|-damage|p2a: Kuzko|29\/100|[from] Spikes\n|\n|-heal|p2a: Kuzko|35\/100|[from] item: Leftovers\n|upkeep\n|turn|27\n|\n|t:|1700330620\n|move|p1a: Cyclizar|U-turn|p2a: Kuzko\n|-resisted|p2a: Kuzko\n|-damage|p2a: Kuzko|33\/100\n|\n|t:|1700330623\n|switch|p1a: Blissey|Blissey, F, tera:Ghost|100\/100|[from] U-turn\n|move|p2a: Kuzko|Recover|p2a: Kuzko\n|-heal|p2a: Kuzko|83\/100\n|\n|-heal|p2a: Kuzko|89\/100|[from] item: Leftovers\n|upkeep\n|turn|28\n|\n|t:|1700330630\n|move|p2a: Kuzko|Nasty Plot|p2a: Kuzko\n|-boost|p2a: Kuzko|spa|2\n|move|p1a: Blissey|Shadow Ball|p2a: Kuzko\n|-supereffective|p2a: Kuzko\n|-damage|p2a: Kuzko|49\/100\n|\n|-heal|p2a: Kuzko|55\/100|[from] item: Leftovers\n|upkeep\n|turn|29\n|\n|t:|1700330632\n|move|p2a: Kuzko|Shadow Ball|p1a: Blissey\n|-supereffective|p1a: Blissey\n|-damage|p1a: Blissey|51\/100\n|move|p1a: Blissey|Shadow Ball|p2a: Kuzko\n|-supereffective|p2a: Kuzko\n|-crit|p2a: Kuzko\n|-damage|p2a: Kuzko|0 fnt\n|faint|p2a: Kuzko\n|\n|upkeep\n|\n|t:|1700330645\n|switch|p2a: Thor|Thundurus-Therian, M, shiny, tera:Ice|26\/100\n|turn|30\n|\n|t:|1700330648\n|move|p2a: Thor|Knock Off|p1a: Blissey\n|-supereffective|p1a: Blissey\n|-damage|p1a: Blissey|17\/100\n|move|p1a: Blissey|Soft-Boiled|p1a: Blissey\n|-heal|p1a: Blissey|67\/100\n|\n|upkeep\n|turn|31\n|\n|t:|1700330652\n|move|p2a: Thor|Knock Off|p1a: Blissey\n|-supereffective|p1a: Blissey\n|-damage|p1a: Blissey|35\/100\n|move|p1a: Blissey|Soft-Boiled|p1a: Blissey\n|-heal|p1a: Blissey|85\/100\n|\n|upkeep\n|turn|32\n|\n|t:|1700330660\n|move|p2a: Thor|Volt Switch|p1a: Blissey\n|-damage|p1a: Blissey|72\/100\n|\n|t:|1700330663\n|switch|p2a: Amanita Phalloides|Amoonguss, M, shiny|86\/100|[from] Volt Switch\n|-damage|p2a: Amanita Phalloides|74\/100|[from] Stealth Rock\n|-damage|p2a: Amanita Phalloides|62\/100|[from] Spikes\n|move|p1a: Blissey|Seismic Toss|p2a: Amanita Phalloides\n|-damage|p2a: Amanita Phalloides|38\/100\n|\n|upkeep\n|turn|33\n|\n|t:|1700330672\n|move|p1a: Blissey|Seismic Toss|p2a: Amanita Phalloides\n|-damage|p2a: Amanita Phalloides|15\/100\n|move|p2a: Amanita Phalloides|Spore|p1a: Blissey\n|-status|p1a: Blissey|slp|[from] move: Spore\n|\n|upkeep\n|turn|34\n|\n|t:|1700330680\n|-curestatus|p1a: Blissey|slp|[from] ability: Natural Cure\n|switch|p1a: Cyclizar|Cyclizar, M|72\/100\n|move|p2a: Amanita Phalloides|Sludge Bomb|p1a: Cyclizar\n|-damage|p1a: Cyclizar|35\/100\n|\n|upkeep\n|turn|35\n|c|\u2606Rorelax|Bro\n|\n|t:|1700330690\n|move|p1a: Cyclizar|U-turn|p2a: Amanita Phalloides\n|-damage|p2a: Amanita Phalloides|0 fnt\n|faint|p2a: Amanita Phalloides\n|c|\u2606Rorelax|what is this lafder\n|n|!Rorelax|rorelax\n|\n|t:|1700330700\n|switch|p1a: Blissey|Blissey, F, tera:Ghost|72\/100|[from] U-turn\n|\n|upkeep\n|-message|Rorelax forfeited.\n|\n|win|pogchampignon\n|raw|pogchampignon's rating: 1233 &rarr; <strong>1263<\/strong><br \/>(+30 for winning)\n|raw|Rorelax's rating: 1306 &rarr; <strong>1282<\/strong><br \/>(-24 for losing)\n","uploadtime":1700330698,"views":8,"p1id":"pogchampignon","p2id":"rorelax","formatid":"gen9ou","rating":1263,"private":0,"password":""}