{"id":"gen9ou-1991979338","p1":"cicciobirillo","p2":"MixyTwixer","format":"[Gen 9] OU","log":"|j|\u2606cicciobirillo\n|j|\u2606MixyTwixer\n|t:|1700144622\n|gametype|singles\n|player|p1|cicciobirillo|pokefan-gen4|1167\n|player|p2|MixyTwixer|1|1231\n|teamsize|p1|6\n|teamsize|p2|6\n|gen|9\n|tier|[Gen 9] OU\n|rated|\n|rule|Sleep Clause Mod: Limit one foe put to sleep\n|rule|Species Clause: Limit one of each Pok\u00e9mon\n|rule|OHKO Clause: OHKO moves are banned\n|rule|Evasion Items Clause: Evasion items are banned\n|rule|Evasion Moves Clause: Evasion moves are banned\n|rule|Endless Battle Clause: Forcing endless battles is banned\n|rule|HP Percentage Mod: HP is shown in percentages\n|clearpoke\n|poke|p1|Avalugg, F|\n|poke|p1|Hoopa-Unbound|\n|poke|p1|Toxapex, M|\n|poke|p1|Goodra, M|\n|poke|p1|Corviknight, M|\n|poke|p1|Sandy Shocks|\n|poke|p2|Dragapult, F|\n|poke|p2|Clefable, M|\n|poke|p2|Quaquaval, M|\n|poke|p2|Heatran, M|\n|poke|p2|Sinistcha|\n|poke|p2|Thundurus-Therian, M|\n|teampreview\n|\n|t:|1700144627\n|start\n|switch|p1a: Sandy Shocks|Sandy Shocks|100\/100\n|switch|p2a: Thundurus|Thundurus-Therian, M|100\/100\n|-enditem|p1a: Sandy Shocks|Booster Energy\n|-activate|p1a: Sandy Shocks|ability: Protosynthesis|[fromitem]\n|-start|p1a: Sandy Shocks|protosynthesisspa\n|turn|1\n|inactive|Battle timer is ON: inactive players will automatically lose when time's up. (requested by MixyTwixer)\n|\n|t:|1700144654\n|move|p2a: Thundurus|Psychic|p1a: Sandy Shocks\n|-damage|p1a: Sandy Shocks|39\/100\n|move|p1a: Sandy Shocks|Stealth Rock|p2a: Thundurus\n|-sidestart|p2: MixyTwixer|move: Stealth Rock\n|\n|upkeep\n|turn|2\n|\n|t:|1700144660\n|-end|p1a: Sandy Shocks|Protosynthesis|[silent]\n|switch|p1a: Goodra|Goodra, M|100\/100\n|move|p2a: Thundurus|Psychic|p1a: Goodra\n|-damage|p1a: Goodra|83\/100\n|\n|upkeep\n|turn|3\n|\n|t:|1700144678\n|switch|p2a: Heatran|Heatran, M|100\/100\n|-damage|p2a: Heatran|88\/100|[from] Stealth Rock\n|move|p1a: Goodra|Ice Beam|p2a: Heatran\n|-resisted|p2a: Heatran\n|-damage|p2a: Heatran|83\/100\n|\n|-heal|p2a: Heatran|89\/100|[from] item: Leftovers\n|upkeep\n|turn|4\n|\n|t:|1700144688\n|move|p2a: Heatran|Stealth Rock|p1a: Goodra\n|-sidestart|p1: cicciobirillo|move: Stealth Rock\n|move|p1a: Goodra|Earthquake|p2a: Heatran\n|-supereffective|p2a: Heatran\n|-damage|p2a: Heatran|1\/100\n|\n|-heal|p2a: Heatran|7\/100|[from] item: Leftovers\n|upkeep\n|turn|5\n|\n|t:|1700144702\n|-terastallize|p2a: Heatran|Flying\n|move|p2a: Heatran|Earth Power|p1a: Goodra\n|-damage|p1a: Goodra|71\/100\n|move|p1a: Goodra|Ice Beam|p2a: Heatran\n|-supereffective|p2a: Heatran\n|-damage|p2a: Heatran|0 fnt\n|faint|p2a: Heatran\n|\n|upkeep\n|n|!cicciobirillo|cicciobirillo\n|\n|t:|1700144713\n|switch|p2a: Dragapult|Dragapult, F|100\/100\n|-damage|p2a: Dragapult|88\/100|[from] Stealth Rock\n|turn|6\n|inactive|cicciobirillo has 120 seconds left.\n|\n|t:|1700144753\n|switch|p1a: Toxapex|Toxapex, M|100\/100\n|-damage|p1a: Toxapex|88\/100|[from] Stealth Rock\n|move|p2a: Dragapult|Draco Meteor|p1a: Toxapex\n|-damage|p1a: Toxapex|27\/100\n|-unboost|p2a: Dragapult|spa|2\n|-damage|p2a: Dragapult|78\/100|[from] item: Life Orb\n|\n|-heal|p1a: Toxapex|33\/100|[from] item: Black Sludge\n|upkeep\n|turn|7\n|\n|t:|1700144763\n|move|p2a: Dragapult|Thunderbolt|p1a: Toxapex\n|-supereffective|p1a: Toxapex\n|-damage|p1a: Toxapex|2\/100\n|-damage|p2a: Dragapult|69\/100|[from] item: Life Orb\n|move|p1a: Toxapex|Recover|p1a: Toxapex\n|-heal|p1a: Toxapex|52\/100\n|\n|-heal|p1a: Toxapex|58\/100|[from] item: Black Sludge\n|upkeep\n|turn|8\n|\n|t:|1700144772\n|move|p2a: Dragapult|Thunderbolt|p1a: Toxapex\n|-supereffective|p1a: Toxapex\n|-damage|p1a: Toxapex|31\/100\n|-damage|p2a: Dragapult|59\/100|[from] item: Life Orb\n|move|p1a: Toxapex|Toxic|p2a: Dragapult\n|-status|p2a: Dragapult|tox\n|\n|-heal|p1a: Toxapex|37\/100|[from] item: Black Sludge\n|-damage|p2a: Dragapult|53\/100 tox|[from] psn\n|upkeep\n|turn|9\n|\n|t:|1700144782\n|switch|p2a: Thundurus|Thundurus-Therian, M|100\/100\n|-damage|p2a: Thundurus|75\/100|[from] Stealth Rock\n|move|p1a: Toxapex|Recover|p1a: Toxapex\n|-heal|p1a: Toxapex|87\/100\n|\n|-heal|p1a: Toxapex|93\/100|[from] item: Black Sludge\n|upkeep\n|turn|10\n|\n|t:|1700144791\n|move|p2a: Thundurus|Psychic|p1a: Toxapex\n|-supereffective|p1a: Toxapex\n|-damage|p1a: Toxapex|8\/100\n|move|p1a: Toxapex|Toxic|p2a: Thundurus\n|-status|p2a: Thundurus|tox\n|\n|-heal|p1a: Toxapex|14\/100|[from] item: Black Sludge\n|-damage|p2a: Thundurus|69\/100 tox|[from] psn\n|upkeep\n|turn|11\n|\n|t:|1700144798\n|move|p1a: Toxapex|Baneful Bunker|p1a: Toxapex\n|-singleturn|p1a: Toxapex|move: Protect\n|move|p2a: Thundurus|Psychic|p1a: Toxapex\n|-activate|p1a: Toxapex|move: Protect\n|\n|-heal|p1a: Toxapex|20\/100|[from] item: Black Sludge\n|-damage|p2a: Thundurus|57\/100 tox|[from] psn\n|upkeep\n|turn|12\n|\n|t:|1700144806\n|switch|p1a: Hoopa|Hoopa-Unbound|100\/100\n|-damage|p1a: Hoopa|88\/100|[from] Stealth Rock\n|move|p2a: Thundurus|Psychic|p1a: Hoopa\n|-immune|p1a: Hoopa\n|\n|-damage|p2a: Thundurus|39\/100 tox|[from] psn\n|upkeep\n|turn|13\n|\n|t:|1700144812\n|switch|p2a: Clefable|Clefable, M|100\/100\n|-damage|p2a: Clefable|88\/100|[from] Stealth Rock\n|move|p1a: Hoopa|Trick|p2a: Clefable\n|-activate|p1a: Hoopa|move: Trick|[of] p2a: Clefable\n|-item|p2a: Clefable|Choice Scarf|[from] move: Trick\n|-item|p1a: Hoopa|Leftovers|[from] move: Trick\n|\n|-heal|p1a: Hoopa|94\/100|[from] item: Leftovers\n|upkeep\n|turn|14\n|\n|t:|1700144826\n|move|p1a: Hoopa|Zen Headbutt|p2a: Clefable\n|-damage|p2a: Clefable|37\/100\n|move|p2a: Clefable|Moonblast|p1a: Hoopa\n|-supereffective|p1a: Hoopa\n|-damage|p1a: Hoopa|34\/100\n|\n|-heal|p1a: Hoopa|40\/100|[from] item: Leftovers\n|upkeep\n|turn|15\n|\n|t:|1700144834\n|move|p1a: Hoopa|Zen Headbutt|p2a: Clefable\n|-damage|p2a: Clefable|0 fnt\n|faint|p2a: Clefable\n|\n|-heal|p1a: Hoopa|46\/100|[from] item: Leftovers\n|upkeep\n|\n|t:|1700144851\n|switch|p2a: Quaquaval|Quaquaval, M|100\/100\n|-damage|p2a: Quaquaval|94\/100|[from] Stealth Rock\n|turn|16\n|\n|t:|1700144857\n|move|p2a: Quaquaval|Aqua Step|p1a: Hoopa\n|-damage|p1a: Hoopa|0 fnt\n|-boost|p2a: Quaquaval|spe|1\n|faint|p1a: Hoopa\n|-ability|p2a: Quaquaval|Moxie|boost\n|-boost|p2a: Quaquaval|atk|1\n|\n|upkeep\n|\n|t:|1700144878\n|switch|p1a: Toxapex|Toxapex, M|53\/100\n|-damage|p1a: Toxapex|41\/100|[from] Stealth Rock\n|turn|17\n|\n|t:|1700144881\n|move|p1a: Toxapex|Baneful Bunker|p1a: Toxapex\n|-singleturn|p1a: Toxapex|move: Protect\n|move|p2a: Quaquaval|Aqua Step|p1a: Toxapex\n|-activate|p1a: Toxapex|move: Protect\n|-status|p2a: Quaquaval|psn\n|\n|-heal|p1a: Toxapex|47\/100|[from] item: Black Sludge\n|-damage|p2a: Quaquaval|82\/100 psn|[from] psn\n|upkeep\n|turn|18\n|\n|t:|1700144890\n|move|p2a: Quaquaval|Aqua Step|p1a: Toxapex\n|-resisted|p1a: Toxapex\n|-damage|p1a: Toxapex|20\/100\n|-boost|p2a: Quaquaval|spe|1\n|move|p1a: Toxapex|Recover|p1a: Toxapex\n|-heal|p1a: Toxapex|70\/100\n|\n|-heal|p1a: Toxapex|76\/100|[from] item: Black Sludge\n|-damage|p2a: Quaquaval|69\/100 psn|[from] psn\n|upkeep\n|turn|19\n|\n|t:|1700144899\n|switch|p2a: Thundurus|Thundurus-Therian, M|39\/100 tox\n|-damage|p2a: Thundurus|15\/100 tox|[from] Stealth Rock\n|move|p1a: Toxapex|Infestation|p2a: Thundurus\n|-resisted|p2a: Thundurus\n|-damage|p2a: Thundurus|12\/100 tox\n|-activate|p2a: Thundurus|move: Infestation|[of] p1a: Toxapex\n|\n|-heal|p1a: Toxapex|82\/100|[from] item: Black Sludge\n|-damage|p2a: Thundurus|6\/100 tox|[from] psn\n|-damage|p2a: Thundurus|0 fnt|[from] move: Infestation|[partiallytrapped]\n|faint|p2a: Thundurus\n|upkeep\n|\n|t:|1700144911\n|switch|p2a: Dragapult|Dragapult, F|53\/100 tox\n|-damage|p2a: Dragapult|41\/100 tox|[from] Stealth Rock\n|turn|20\n|\n|t:|1700144915\n|move|p2a: Dragapult|Thunderbolt|p1a: Toxapex\n|-supereffective|p1a: Toxapex\n|-damage|p1a: Toxapex|23\/100\n|-damage|p2a: Dragapult|31\/100 tox|[from] item: Life Orb\n|move|p1a: Toxapex|Infestation|p2a: Dragapult\n|-resisted|p2a: Dragapult\n|-damage|p2a: Dragapult|29\/100 tox\n|-activate|p2a: Dragapult|move: Infestation|[of] p1a: Toxapex\n|\n|-heal|p1a: Toxapex|29\/100|[from] item: Black Sludge\n|-damage|p2a: Dragapult|23\/100 tox|[from] psn\n|-damage|p2a: Dragapult|11\/100 tox|[from] move: Infestation|[partiallytrapped]\n|upkeep\n|turn|21\n|\n|t:|1700144926\n|move|p1a: Toxapex|Baneful Bunker|p1a: Toxapex\n|-singleturn|p1a: Toxapex|move: Protect\n|move|p2a: Dragapult|Thunderbolt|p1a: Toxapex\n|-activate|p1a: Toxapex|move: Protect\n|\n|-heal|p1a: Toxapex|35\/100|[from] item: Black Sludge\n|-damage|p2a: Dragapult|0 fnt|[from] psn\n|faint|p2a: Dragapult\n|upkeep\n|\n|t:|1700144930\n|switch|p2a: Sinistcha|Sinistcha|100\/100\n|-damage|p2a: Sinistcha|88\/100|[from] Stealth Rock\n|turn|22\n|\n|t:|1700144938\n|move|p2a: Sinistcha|Shadow Ball|p1a: Toxapex\n|-damage|p1a: Toxapex|10\/100\n|move|p1a: Toxapex|Toxic|p2a: Sinistcha\n|-status|p2a: Sinistcha|tox\n|\n|-heal|p2a: Sinistcha|94\/100 tox|[from] item: Leftovers\n|-heal|p1a: Toxapex|16\/100|[from] item: Black Sludge\n|-damage|p2a: Sinistcha|88\/100 tox|[from] psn\n|upkeep\n|turn|23\n|-message|MixyTwixer forfeited.\n|\n|win|cicciobirillo\n|raw|cicciobirillo's rating: 1167 &rarr; <strong>1197<\/strong><br \/>(+30 for winning)\n|raw|MixyTwixer's rating: 1231 &rarr; <strong>1201<\/strong><br \/>(-30 for losing)\n|l|\u2606MixyTwixer\n","uploadtime":1700144710,"views":6,"p1id":"cicciobirillo","p2id":"mixytwixer","formatid":"gen9ou","rating":1197,"private":0,"password":""}