{"id":"gen9ou-1997055427","p1":"Crowvus","p2":"Crapson Pollock","format":"[Gen 9] OU","log":"|j|\u2606Crowvus\n|j|\u2606Crapson Pollock\n|t:|1700760017\n|gametype|singles\n|player|p1|Crowvus|gambler|1456\n|player|p2|Crapson Pollock|artist|1488\n|teamsize|p1|6\n|teamsize|p2|6\n|gen|9\n|tier|[Gen 9] OU\n|rated|\n|rule|Sleep Clause Mod: Limit one foe put to sleep\n|rule|Species Clause: Limit one of each Pok\u00e9mon\n|rule|OHKO Clause: OHKO moves are banned\n|rule|Evasion Items Clause: Evasion items are banned\n|rule|Evasion Moves Clause: Evasion moves are banned\n|rule|Endless Battle Clause: Forcing endless battles is banned\n|rule|HP Percentage Mod: HP is shown in percentages\n|clearpoke\n|poke|p1|Hawlucha, F|\n|poke|p1|Iron Valiant|\n|poke|p1|Heatran, M|\n|poke|p1|Ogerpon-Wellspring, F|\n|poke|p1|Dragapult, F|\n|poke|p1|Dragonite, F|\n|poke|p2|Dragapult, F|\n|poke|p2|Ursaluna, M|\n|poke|p2|Enamorus-Therian, F|\n|poke|p2|Glimmora, M|\n|poke|p2|Cinderace, M|\n|poke|p2|Walking Wake|\n|teampreview\n|\n|t:|1700760028\n|start\n|switch|p1a: Heatran|Heatran, M|100\/100\n|switch|p2a: Dragapult|Dragapult, F|100\/100\n|turn|1\n|\n|t:|1700760036\n|move|p2a: Dragapult|U-turn|p1a: Heatran\n|-resisted|p1a: Heatran\n|-damage|p1a: Heatran|93\/100\n|\n|t:|1700760038\n|switch|p2a: Walking Wake|Walking Wake|100\/100|[from] U-turn\n|-enditem|p2a: Walking Wake|Booster Energy\n|-activate|p2a: Walking Wake|ability: Protosynthesis|[fromitem]\n|-start|p2a: Walking Wake|protosynthesisspa\n|move|p1a: Heatran|Magma Storm|p2a: Walking Wake\n|-resisted|p2a: Walking Wake\n|-damage|p2a: Walking Wake|85\/100\n|-activate|p2a: Walking Wake|move: Magma Storm|[of] p1a: Heatran\n|\n|-heal|p1a: Heatran|99\/100|[from] item: Leftovers\n|-damage|p2a: Walking Wake|72\/100|[from] move: Magma Storm|[partiallytrapped]\n|upkeep\n|turn|2\n|\n|t:|1700760052\n|move|p1a: Heatran|Protect|p1a: Heatran\n|-singleturn|p1a: Heatran|Protect\n|move|p2a: Walking Wake|Dragon Pulse|p1a: Heatran\n|-activate|p1a: Heatran|move: Protect\n|\n|-heal|p1a: Heatran|100\/100|[from] item: Leftovers\n|-damage|p2a: Walking Wake|60\/100|[from] move: Magma Storm|[partiallytrapped]\n|upkeep\n|turn|3\n|\n|t:|1700760059\n|switch|p1a: Ogerpon|Ogerpon-Wellspring, F|100\/100\n|move|p2a: Walking Wake|Dragon Pulse|p1a: Ogerpon\n|-damage|p1a: Ogerpon|36\/100\n|\n|-end|p2a: Walking Wake|Magma Storm|[partiallytrapped]|[silent]\n|upkeep\n|turn|4\n|\n|t:|1700760070\n|-end|p2a: Walking Wake|Protosynthesis|[silent]\n|switch|p2a: Dragapult|Dragapult, F|100\/100\n|move|p1a: Ogerpon|Horn Leech|p2a: Dragapult\n|-resisted|p2a: Dragapult\n|-damage|p2a: Dragapult|68\/100\n|-heal|p1a: Ogerpon|53\/100|[from] drain|[of] p2a: Dragapult\n|\n|upkeep\n|turn|5\n|\n|t:|1700760077\n|switch|p1a: Heatran|Heatran, M|100\/100\n|move|p2a: Dragapult|U-turn|p1a: Heatran\n|-resisted|p1a: Heatran\n|-damage|p1a: Heatran|93\/100\n|\n|t:|1700760090\n|switch|p2a: Ursaluna|Ursaluna, M|100\/100|[from] U-turn\n|\n|-heal|p1a: Heatran|99\/100|[from] item: Leftovers\n|-status|p2a: Ursaluna|brn|[from] item: Flame Orb\n|upkeep\n|turn|6\n|\n|t:|1700760098\n|move|p1a: Heatran|Magma Storm|p2a: Ursaluna\n|-crit|p2a: Ursaluna\n|-damage|p2a: Ursaluna|36\/100 brn\n|-activate|p2a: Ursaluna|move: Magma Storm|[of] p1a: Heatran\n|move|p2a: Ursaluna|Earthquake|p1a: Heatran\n|-supereffective|p1a: Heatran\n|-damage|p1a: Heatran|0 fnt\n|faint|p1a: Heatran\n|\n|-damage|p2a: Ursaluna|29\/100 brn|[from] brn\n|-end|p2a: Ursaluna|Magma Storm|[partiallytrapped]|[silent]\n|upkeep\n|\n|t:|1700760104\n|switch|p1a: Ogerpon|Ogerpon-Wellspring, F|53\/100\n|turn|7\n|\n|t:|1700760120\n|switch|p2a: Cinderace|Cinderace, M|100\/100\n|move|p1a: Ogerpon|Horn Leech|p2a: Cinderace\n|-resisted|p2a: Cinderace\n|-damage|p2a: Cinderace|69\/100\n|-heal|p1a: Ogerpon|68\/100|[from] drain|[of] p2a: Cinderace\n|\n|upkeep\n|turn|8\n|\n|t:|1700760130\n|switch|p1a: Iron Valiant|Iron Valiant|100\/100\n|-enditem|p1a: Iron Valiant|Booster Energy\n|-activate|p1a: Iron Valiant|ability: Quark Drive|[fromitem]\n|-start|p1a: Iron Valiant|quarkdrivespe\n|move|p2a: Cinderace|U-turn|p1a: Iron Valiant\n|-start|p2a: Cinderace|typechange|Bug|[from] ability: Libero\n|-resisted|p1a: Iron Valiant\n|-damage|p1a: Iron Valiant|89\/100\n|\n|t:|1700760138\n|switch|p2a: Enamorus|Enamorus-Therian, F|100\/100|[from] U-turn\n|\n|upkeep\n|turn|9\n|\n|t:|1700760143\n|move|p1a: Iron Valiant|Thunderbolt|p2a: Enamorus\n|-supereffective|p2a: Enamorus\n|-damage|p2a: Enamorus|60\/100\n|move|p2a: Enamorus|Draining Kiss|p1a: Iron Valiant\n|-supereffective|p1a: Iron Valiant\n|-damage|p1a: Iron Valiant|13\/100\n|-heal|p2a: Enamorus|100\/100|[from] drain|[of] p1a: Iron Valiant\n|\n|upkeep\n|turn|10\n|\n|t:|1700760161\n|-terastallize|p2a: Enamorus|Steel\n|move|p1a: Iron Valiant|Thunderbolt|p2a: Enamorus\n|-crit|p2a: Enamorus\n|-damage|p2a: Enamorus|68\/100\n|move|p2a: Enamorus|Iron Defense|p2a: Enamorus\n|-boost|p2a: Enamorus|def|2\n|\n|-heal|p2a: Enamorus|74\/100|[from] item: Leftovers\n|upkeep\n|turn|11\n|\n|t:|1700760167\n|move|p1a: Iron Valiant|Aura Sphere|p2a: Enamorus\n|-supereffective|p2a: Enamorus\n|-damage|p2a: Enamorus|16\/100\n|move|p2a: Enamorus|Draining Kiss|p1a: Iron Valiant\n|-supereffective|p1a: Iron Valiant\n|-damage|p1a: Iron Valiant|0 fnt\n|-heal|p2a: Enamorus|24\/100|[from] drain|[of] p1a: Iron Valiant\n|faint|p1a: Iron Valiant\n|-end|p1a: Iron Valiant|Quark Drive|[silent]\n|\n|-heal|p2a: Enamorus|30\/100|[from] item: Leftovers\n|upkeep\n|\n|t:|1700760177\n|switch|p1a: Hawlucha|Hawlucha, F|100\/100\n|-ability|p1a: Hawlucha|Mold Breaker\n|turn|12\n|\n|t:|1700760180\n|move|p1a: Hawlucha|Close Combat|p2a: Enamorus\n|-supereffective|p2a: Enamorus\n|-damage|p2a: Enamorus|0 fnt\n|-unboost|p1a: Hawlucha|def|1\n|-unboost|p1a: Hawlucha|spd|1\n|faint|p2a: Enamorus\n|\n|upkeep\n|\n|t:|1700760194\n|switch|p2a: Dragapult|Dragapult, F|68\/100\n|turn|13\n|\n|t:|1700760198\n|move|p2a: Dragapult|Dragon Darts|p1a: Hawlucha\n|-damage|p1a: Hawlucha|18\/100\n|-anim|p2a: Dragapult|Dragon Darts|p1a: Hawlucha\n|-damage|p1a: Hawlucha|0 fnt\n|faint|p1a: Hawlucha\n|\n|upkeep\n|\n|t:|1700760204\n|switch|p1a: Ogerpon|Ogerpon-Wellspring, F|68\/100\n|turn|14\n|\n|t:|1700760206\n|move|p2a: Dragapult|Dragon Darts|p1a: Ogerpon\n|-damage|p1a: Ogerpon|12\/100\n|-anim|p2a: Dragapult|Dragon Darts|p1a: Ogerpon\n|-damage|p1a: Ogerpon|0 fnt\n|faint|p1a: Ogerpon\n|\n|upkeep\n|\n|t:|1700760209\n|switch|p1a: Dragapult|Dragapult, F|100\/100\n|turn|15\n|\n|t:|1700760214\n|switch|p2a: Ursaluna|Ursaluna, M|29\/100 brn\n|move|p1a: Dragapult|Draco Meteor|p2a: Ursaluna\n|-damage|p2a: Ursaluna|0 fnt\n|-unboost|p1a: Dragapult|spa|2\n|faint|p2a: Ursaluna\n|\n|upkeep\n|\n|t:|1700760232\n|switch|p2a: Glimmora|Glimmora, M|100\/100\n|turn|16\n|\n|t:|1700760237\n|move|p1a: Dragapult|Draco Meteor|p2a: Glimmora\n|-damage|p2a: Glimmora|40\/100\n|-unboost|p1a: Dragapult|spa|2\n|move|p2a: Glimmora|Power Gem|p1a: Dragapult\n|-damage|p1a: Dragapult|48\/100\n|\n|upkeep\n|turn|17\n|\n|t:|1700760244\n|switch|p1a: Dragonite|Dragonite, F|100\/100\n|move|p2a: Glimmora|Power Gem|p1a: Dragonite\n|-supereffective|p1a: Dragonite\n|-damage|p1a: Dragonite|63\/100\n|\n|upkeep\n|turn|18\n|\n|t:|1700760254\n|move|p2a: Glimmora|Power Gem|p1a: Dragonite\n|-supereffective|p1a: Dragonite\n|-damage|p1a: Dragonite|0 fnt\n|faint|p1a: Dragonite\n|\n|upkeep\n|\n|t:|1700760258\n|switch|p1a: Dragapult|Dragapult, F|48\/100\n|turn|19\n|\n|t:|1700760261\n|move|p1a: Dragapult|Shadow Ball|p2a: Glimmora\n|-damage|p2a: Glimmora|0 fnt\n|faint|p2a: Glimmora\n|\n|upkeep\n|\n|t:|1700760264\n|switch|p2a: Dragapult|Dragapult, F|68\/100\n|turn|20\n|\n|t:|1700760267\n|-terastallize|p1a: Dragapult|Fighting\n|move|p2a: Dragapult|Sucker Punch|p1a: Dragapult\n|-resisted|p1a: Dragapult\n|-damage|p1a: Dragapult|23\/100\n|move|p1a: Dragapult|Shadow Ball|p2a: Dragapult\n|-supereffective|p2a: Dragapult\n|-damage|p2a: Dragapult|0 fnt\n|faint|p2a: Dragapult\n|\n|upkeep\n|\n|t:|1700760274\n|switch|p2a: Walking Wake|Walking Wake|60\/100\n|turn|21\n|\n|t:|1700760277\n|move|p1a: Dragapult|Shadow Ball|p2a: Walking Wake\n|-damage|p2a: Walking Wake|0 fnt\n|faint|p2a: Walking Wake\n|-end|p2a: Walking Wake|Protosynthesis|[silent]\n|\n|upkeep\n|\n|t:|1700760280\n|switch|p2a: Cinderace|Cinderace, M|69\/100\n|turn|22\n|\n|t:|1700760282\n|move|p1a: Dragapult|Shadow Ball|p2a: Cinderace\n|-damage|p2a: Cinderace|0 fnt\n|faint|p2a: Cinderace\n|\n|win|Crowvus\n|raw|Crowvus's rating: 1456 &rarr; <strong>1478<\/strong><br \/>(+22 for winning)\n|raw|Crapson Pollock's rating: 1488 &rarr; <strong>1466<\/strong><br \/>(-22 for losing)\n|l|\u2606Crapson Pollock\n","uploadtime":1700760306,"views":12,"p1id":"crowvus","p2id":"crapsonpollock","formatid":"gen9ou","rating":1466,"private":0,"password":""}