{"id":"gen9ou-1990406317","p1":"fvgybhunjimk","p2":"BeefBoss534","format":"[Gen 9] OU","log":"|j|\u2606fvgybhunjimk\n|j|\u2606BeefBoss534\n|t:|1699967684\n|gametype|singles\n|player|p1|fvgybhunjimk|dawn-gen4pt|1000\n|player|p2|BeefBoss534|turo-ai|1000\n|teamsize|p1|6\n|teamsize|p2|6\n|gen|9\n|tier|[Gen 9] OU\n|rated|\n|rule|Sleep Clause Mod: Limit one foe put to sleep\n|rule|Species Clause: Limit one of each Pok\u00e9mon\n|rule|OHKO Clause: OHKO moves are banned\n|rule|Evasion Items Clause: Evasion items are banned\n|rule|Evasion Moves Clause: Evasion moves are banned\n|rule|Endless Battle Clause: Forcing endless battles is banned\n|rule|HP Percentage Mod: HP is shown in percentages\n|clearpoke\n|poke|p1|Ogerpon-Wellspring, F|\n|poke|p1|Dondozo, F|\n|poke|p1|Clefable, F|\n|poke|p1|Toxapex, F|\n|poke|p1|Blissey, F|\n|poke|p1|Ting-Lu|\n|poke|p2|Samurott-Hisui, F|\n|poke|p2|Gholdengo|\n|poke|p2|Ceruledge, M|\n|poke|p2|Rillaboom, M|\n|poke|p2|Zamazenta-*|\n|poke|p2|Great Tusk|\n|teampreview\n|\n|t:|1699967709\n|start\n|switch|p1a: Ogerpon|Ogerpon-Wellspring, F|100\/100\n|switch|p2a: Gholdengo|Gholdengo|100\/100\n|turn|1\n|inactive|Battle timer is ON: inactive players will automatically lose when time's up. (requested by BeefBoss534)\n|\n|t:|1699967728\n|move|p2a: Gholdengo|Shadow Ball|p1a: Ogerpon\n|-damage|p1a: Ogerpon|48\/100\n|move|p1a: Ogerpon|Knock Off|p2a: Gholdengo\n|-supereffective|p2a: Gholdengo\n|-damage|p2a: Gholdengo|14\/100\n|-enditem|p2a: Gholdengo|Choice Scarf|[from] move: Knock Off|[of] p1a: Ogerpon\n|\n|upkeep\n|turn|2\n|inactive|BeefBoss534 has 120 seconds left.\n|\n|t:|1699967759\n|switch|p1a: Blissey|Blissey, F|100\/100\n|move|p2a: Gholdengo|Shadow Ball|p1a: Blissey\n|-immune|p1a: Blissey\n|\n|upkeep\n|turn|3\n|\n|t:|1699967771\n|switch|p2a: Rillaboom|Rillaboom, M|100\/100\n|-fieldstart|move: Grassy Terrain|[from] ability: Grassy Surge|[of] p2a: Rillaboom\n|move|p1a: Blissey|Stealth Rock|p2a: Rillaboom\n|-sidestart|p2: BeefBoss534|move: Stealth Rock\n|\n|upkeep\n|turn|4\n|\n|t:|1699967779\n|switch|p1a: Toxapex|Toxapex, F|100\/100\n|move|p2a: Rillaboom|Knock Off|p1a: Toxapex\n|-damage|p1a: Toxapex|76\/100\n|-enditem|p1a: Toxapex|Heavy-Duty Boots|[from] move: Knock Off|[of] p2a: Rillaboom\n|-damage|p2a: Rillaboom|91\/100|[from] item: Life Orb\n|\n|-heal|p2a: Rillaboom|97\/100|[from] Grassy Terrain\n|-heal|p1a: Toxapex|82\/100|[from] Grassy Terrain\n|upkeep\n|turn|5\n|\n|t:|1699967791\n|switch|p2a: Gholdengo|Gholdengo|14\/100\n|-damage|p2a: Gholdengo|7\/100|[from] Stealth Rock\n|move|p1a: Toxapex|Infestation|p2a: Gholdengo\n|-resisted|p2a: Gholdengo\n|-damage|p2a: Gholdengo|7\/100\n|-activate|p2a: Gholdengo|move: Infestation|[of] p1a: Toxapex\n|\n|-heal|p2a: Gholdengo|13\/100|[from] Grassy Terrain\n|-heal|p1a: Toxapex|88\/100|[from] Grassy Terrain\n|-damage|p2a: Gholdengo|0 fnt|[from] move: Infestation|[partiallytrapped]\n|faint|p2a: Gholdengo\n|upkeep\n|\n|t:|1699967804\n|switch|p2a: Samurott|Samurott-Hisui, F, shiny|100\/100\n|-damage|p2a: Samurott|88\/100|[from] Stealth Rock\n|turn|6\n|\n|t:|1699967809\n|move|p2a: Samurott|Swords Dance|p2a: Samurott\n|-boost|p2a: Samurott|atk|2\n|move|p1a: Toxapex|Toxic|p2a: Samurott\n|-status|p2a: Samurott|tox\n|\n|-heal|p2a: Samurott|94\/100 tox|[from] Grassy Terrain\n|-heal|p1a: Toxapex|95\/100|[from] Grassy Terrain\n|-damage|p2a: Samurott|88\/100 tox|[from] psn\n|upkeep\n|turn|7\n|\n|t:|1699967814\n|move|p2a: Samurott|Ceaseless Edge|p1a: Toxapex\n|-damage|p1a: Toxapex|30\/100\n|-sidestart|p1: fvgybhunjimk|Spikes\n|move|p1a: Toxapex|Haze|p1a: Toxapex\n|-clearallboost\n|\n|-heal|p2a: Samurott|94\/100 tox|[from] Grassy Terrain\n|-heal|p1a: Toxapex|36\/100|[from] Grassy Terrain\n|-damage|p2a: Samurott|82\/100 tox|[from] psn\n|-fieldend|move: Grassy Terrain\n|upkeep\n|turn|8\n|\n|t:|1699967826\n|switch|p1a: Clefable|Clefable, F|100\/100\n|move|p2a: Samurott|Ceaseless Edge|p1a: Clefable\n|-resisted|p1a: Clefable\n|-damage|p1a: Clefable|78\/100\n|-sidestart|p1: fvgybhunjimk|Spikes\n|\n|-damage|p2a: Samurott|64\/100 tox|[from] psn\n|upkeep\n|turn|9\n|\n|t:|1699967834\n|switch|p2a: Ceruledge|Ceruledge, M|100\/100\n|-damage|p2a: Ceruledge|76\/100|[from] Stealth Rock\n|move|p1a: Clefable|Cosmic Power|p1a: Clefable\n|-boost|p1a: Clefable|def|1\n|-boost|p1a: Clefable|spd|1\n|\n|upkeep\n|turn|10\n|\n|t:|1699967845\n|move|p2a: Ceruledge|Swords Dance|p2a: Ceruledge\n|-boost|p2a: Ceruledge|atk|2\n|move|p1a: Clefable|Cosmic Power|p1a: Clefable\n|-boost|p1a: Clefable|def|1\n|-boost|p1a: Clefable|spd|1\n|\n|upkeep\n|turn|11\n|\n|t:|1699967850\n|move|p2a: Ceruledge|Bitter Blade|p1a: Clefable\n|-damage|p1a: Clefable|42\/100\n|-heal|p2a: Ceruledge|99\/100|[from] drain|[of] p1a: Clefable\n|move|p1a: Clefable|Cosmic Power|p1a: Clefable\n|-boost|p1a: Clefable|def|1\n|-boost|p1a: Clefable|spd|1\n|\n|upkeep\n|turn|12\n|\n|t:|1699967855\n|move|p2a: Ceruledge|Swords Dance|p2a: Ceruledge\n|-boost|p2a: Ceruledge|atk|2\n|move|p1a: Clefable|Moonlight|p1a: Clefable\n|-heal|p1a: Clefable|92\/100\n|\n|upkeep\n|turn|13\n|\n|t:|1699967860\n|move|p2a: Ceruledge|Swords Dance|p2a: Ceruledge\n|-boost|p2a: Ceruledge|atk|2\n|move|p1a: Clefable|Cosmic Power|p1a: Clefable\n|-boost|p1a: Clefable|def|1\n|-boost|p1a: Clefable|spd|1\n|\n|upkeep\n|turn|14\n|\n|t:|1699967865\n|move|p2a: Ceruledge|Bitter Blade|p1a: Clefable\n|-damage|p1a: Clefable|42\/100\n|-heal|p2a: Ceruledge|100\/100|[from] drain|[of] p1a: Clefable\n|move|p1a: Clefable|Moonlight|p1a: Clefable\n|-heal|p1a: Clefable|92\/100\n|\n|upkeep\n|turn|15\n|\n|t:|1699967870\n|move|p2a: Ceruledge|Bitter Blade|p1a: Clefable\n|-damage|p1a: Clefable|47\/100\n|move|p1a: Clefable|Stored Power|p2a: Ceruledge\n|-damage|p2a: Ceruledge|52\/100\n|\n|upkeep\n|turn|16\n|\n|t:|1699967884\n|move|p2a: Ceruledge|Bitter Blade|p1a: Clefable\n|-damage|p1a: Clefable|1\/100\n|-heal|p2a: Ceruledge|84\/100|[from] drain|[of] p1a: Clefable\n|move|p1a: Clefable|Moonlight|p1a: Clefable\n|-heal|p1a: Clefable|51\/100\n|\n|upkeep\n|turn|17\n|\n|t:|1699967893\n|switch|p1a: Dondozo|Dondozo, F|100\/100\n|move|p2a: Ceruledge|Bitter Blade|p1a: Dondozo\n|-resisted|p1a: Dondozo\n|-damage|p1a: Dondozo|90\/100\n|-heal|p2a: Ceruledge|93\/100|[from] drain|[of] p1a: Dondozo\n|\n|upkeep\n|turn|18\n|\n|t:|1699967911\n|switch|p2a: Samurott|Samurott-Hisui, F, shiny|64\/100 tox\n|-damage|p2a: Samurott|52\/100 tox|[from] Stealth Rock\n|move|p1a: Dondozo|Waterfall|p2a: Samurott\n|-resisted|p2a: Samurott\n|-damage|p2a: Samurott|38\/100 tox\n|\n|-damage|p2a: Samurott|32\/100 tox|[from] psn\n|upkeep\n|turn|19\n|\n|t:|1699967916\n|move|p2a: Samurott|Ceaseless Edge|p1a: Dondozo\n|-damage|p1a: Dondozo|64\/100\n|-sidestart|p1: fvgybhunjimk|Spikes\n|move|p1a: Dondozo|Body Press|p2a: Samurott\n|-supereffective|p2a: Samurott\n|-damage|p2a: Samurott|0 fnt\n|faint|p2a: Samurott\n|\n|upkeep\n|\n|t:|1699967924\n|switch|p2a: Great Tusk|Great Tusk|100\/100\n|-damage|p2a: Great Tusk|98\/100|[from] Stealth Rock\n|-enditem|p2a: Great Tusk|Booster Energy\n|-activate|p2a: Great Tusk|ability: Protosynthesis|[fromitem]\n|-start|p2a: Great Tusk|protosynthesisspe\n|turn|20\n|\n|t:|1699967952\n|move|p2a: Great Tusk|Rapid Spin|p1a: Dondozo\n|-damage|p1a: Dondozo|57\/100\n|-boost|p2a: Great Tusk|spe|1\n|-sideend|p2: BeefBoss534|Stealth Rock|[from] move: Rapid Spin|[of] p2a: Great Tusk\n|move|p1a: Dondozo|Waterfall|p2a: Great Tusk\n|-supereffective|p2a: Great Tusk\n|-damage|p2a: Great Tusk|64\/100\n|\n|upkeep\n|turn|21\n|\n|t:|1699967958\n|-end|p2a: Great Tusk|Protosynthesis|[silent]\n|switch|p2a: Rillaboom|Rillaboom, M|97\/100\n|-fieldstart|move: Grassy Terrain|[from] ability: Grassy Surge|[of] p2a: Rillaboom\n|move|p1a: Dondozo|Rest|p1a: Dondozo\n|-status|p1a: Dondozo|slp|[from] move: Rest\n|-heal|p1a: Dondozo|100\/100 slp|[silent]\n|\n|-heal|p2a: Rillaboom|100\/100|[from] Grassy Terrain\n|upkeep\n|turn|22\n|\n|t:|1699967966\n|switch|p1a: Ogerpon|Ogerpon-Wellspring, F|48\/100\n|-damage|p1a: Ogerpon|23\/100|[from] Spikes\n|move|p2a: Rillaboom|Knock Off|p1a: Ogerpon\n|-damage|p1a: Ogerpon|0 fnt\n|faint|p1a: Ogerpon\n|-damage|p2a: Rillaboom|91\/100|[from] item: Life Orb\n|\n|-heal|p2a: Rillaboom|97\/100|[from] Grassy Terrain\n|upkeep\n|\n|t:|1699967972\n|switch|p1a: Toxapex|Toxapex, F|70\/100\n|-damage|p1a: Toxapex|45\/100|[from] Spikes\n|turn|23\n|\n|t:|1699967991\n|switch|p2a: Great Tusk|Great Tusk|64\/100\n|move|p1a: Toxapex|Recover|p1a: Toxapex\n|-heal|p1a: Toxapex|95\/100\n|\n|-heal|p2a: Great Tusk|71\/100|[from] Grassy Terrain\n|-heal|p1a: Toxapex|100\/100|[from] Grassy Terrain\n|upkeep\n|turn|24\n|inactive|fvgybhunjimk has 120 seconds left.\n|\n|t:|1699968027\n|move|p2a: Great Tusk|High Horsepower|p1a: Toxapex\n|-supereffective|p1a: Toxapex\n|-damage|p1a: Toxapex|55\/100\n|move|p1a: Toxapex|Toxic|p2a: Great Tusk\n|-status|p2a: Great Tusk|tox\n|\n|-heal|p2a: Great Tusk|77\/100 tox|[from] Grassy Terrain\n|-heal|p1a: Toxapex|61\/100|[from] Grassy Terrain\n|-damage|p2a: Great Tusk|71\/100 tox|[from] psn\n|upkeep\n|turn|25\n|inactive|fvgybhunjimk has 120 seconds left.\n|\n|t:|1699968040\n|switch|p1a: Dondozo|Dondozo, F|100\/100 slp\n|move|p2a: Great Tusk|Bulk Up|p2a: Great Tusk\n|-boost|p2a: Great Tusk|atk|1\n|-boost|p2a: Great Tusk|def|1\n|\n|-heal|p2a: Great Tusk|77\/100 tox|[from] Grassy Terrain\n|-damage|p2a: Great Tusk|64\/100 tox|[from] psn\n|-fieldend|move: Grassy Terrain\n|upkeep\n|turn|26\n|\n|t:|1699968045\n|-end|p2a: Great Tusk|Protosynthesis|[silent]\n|switch|p2a: Rillaboom|Rillaboom, M|97\/100\n|-fieldstart|move: Grassy Terrain|[from] ability: Grassy Surge|[of] p2a: Rillaboom\n|cant|p1a: Dondozo|slp\n|\n|-heal|p2a: Rillaboom|100\/100|[from] Grassy Terrain\n|upkeep\n|turn|27\n|\n|t:|1699968055\n|switch|p1a: Toxapex|Toxapex, F|95\/100\n|-damage|p1a: Toxapex|70\/100|[from] Spikes\n|move|p2a: Rillaboom|Swords Dance|p2a: Rillaboom\n|-boost|p2a: Rillaboom|atk|2\n|\n|-heal|p1a: Toxapex|76\/100|[from] Grassy Terrain\n|upkeep\n|turn|28\n|\n|t:|1699968071\n|move|p2a: Rillaboom|Grassy Glide|p1a: Toxapex\n|-damage|p1a: Toxapex|14\/100\n|-damage|p2a: Rillaboom|91\/100|[from] item: Life Orb\n|move|p1a: Toxapex|Toxic|p2a: Rillaboom\n|-status|p2a: Rillaboom|tox\n|\n|-heal|p2a: Rillaboom|97\/100 tox|[from] Grassy Terrain\n|-heal|p1a: Toxapex|21\/100|[from] Grassy Terrain\n|-damage|p2a: Rillaboom|91\/100 tox|[from] psn\n|upkeep\n|turn|29\n|\n|t:|1699968088\n|switch|p1a: Clefable|Clefable, F|51\/100\n|move|p2a: Rillaboom|Grassy Glide|p1a: Clefable\n|-damage|p1a: Clefable|0 fnt\n|faint|p1a: Clefable\n|-damage|p2a: Rillaboom|81\/100 tox|[from] item: Life Orb\n|\n|-heal|p2a: Rillaboom|87\/100 tox|[from] Grassy Terrain\n|-damage|p2a: Rillaboom|74\/100 tox|[from] psn\n|upkeep\n|\n|t:|1699968090\n|switch|p1a: Dondozo|Dondozo, F|100\/100 slp\n|turn|30\n|\n|t:|1699968100\n|-terastallize|p1a: Dondozo|Fairy\n|move|p2a: Rillaboom|Knock Off|p1a: Dondozo\n|-resisted|p1a: Dondozo\n|-damage|p1a: Dondozo|92\/100 slp\n|-enditem|p1a: Dondozo|Heavy-Duty Boots|[from] move: Knock Off|[of] p2a: Rillaboom\n|-damage|p2a: Rillaboom|64\/100 tox|[from] item: Life Orb\n|cant|p1a: Dondozo|slp\n|\n|-heal|p2a: Rillaboom|71\/100 tox|[from] Grassy Terrain\n|-heal|p1a: Dondozo|98\/100 slp|[from] Grassy Terrain\n|-damage|p2a: Rillaboom|52\/100 tox|[from] psn\n|-fieldend|move: Grassy Terrain\n|upkeep\n|turn|31\n|\n|t:|1699968114\n|switch|p2a: Great Tusk|Great Tusk|64\/100 tox\n|-curestatus|p1a: Dondozo|slp|[msg]\n|move|p1a: Dondozo|Body Press|p2a: Great Tusk\n|-damage|p2a: Great Tusk|47\/100 tox\n|\n|-damage|p2a: Great Tusk|41\/100 tox|[from] psn\n|upkeep\n|turn|32\n|inactive|fvgybhunjimk has 120 seconds left.\n|\n|t:|1699968159\n|move|p2a: Great Tusk|High Horsepower|p1a: Dondozo\n|-damage|p1a: Dondozo|78\/100\n|move|p1a: Dondozo|Waterfall|p2a: Great Tusk\n|-supereffective|p2a: Great Tusk\n|-damage|p2a: Great Tusk|8\/100 tox\n|\n|-damage|p2a: Great Tusk|0 fnt|[from] psn\n|faint|p2a: Great Tusk\n|-end|p2a: Great Tusk|Protosynthesis|[silent]\n|upkeep\n|\n|t:|1699968171\n|switch|p2a: Zamazenta|Zamazenta|100\/100\n|-ability|p2a: Zamazenta|Dauntless Shield|boost\n|-boost|p2a: Zamazenta|def|1\n|turn|33\n|\n|t:|1699968182\n|switch|p1a: Toxapex|Toxapex, F|54\/100\n|-damage|p1a: Toxapex|29\/100|[from] Spikes\n|move|p2a: Zamazenta|Heavy Slam|p1a: Toxapex\n|-resisted|p1a: Toxapex\n|-damage|p1a: Toxapex|19\/100\n|\n|upkeep\n|turn|34\n|\n|t:|1699968189\n|switch|p1a: Ting-Lu|Ting-Lu|100\/100\n|-ability|p1a: Ting-Lu|Vessel of Ruin\n|move|p2a: Zamazenta|Body Press|p1a: Ting-Lu\n|-supereffective|p1a: Ting-Lu\n|-damage|p1a: Ting-Lu|42\/100\n|\n|upkeep\n|turn|35\n|inactive|fvgybhunjimk has 120 seconds left.\n|\n|t:|1699968203\n|switch|p1a: Dondozo|Dondozo, F, tera:Fairy|78\/100\n|-damage|p1a: Dondozo|53\/100|[from] Spikes\n|move|p2a: Zamazenta|Body Press|p1a: Dondozo\n|-resisted|p1a: Dondozo\n|-damage|p1a: Dondozo|44\/100\n|\n|upkeep\n|turn|36\n|inactive|fvgybhunjimk has 120 seconds left.\n|\n|t:|1699968209\n|move|p2a: Zamazenta|Heavy Slam|p1a: Dondozo\n|-supereffective|p1a: Dondozo\n|-damage|p1a: Dondozo|35\/100\n|move|p1a: Dondozo|Rest|p1a: Dondozo\n|-status|p1a: Dondozo|slp|[from] move: Rest\n|-heal|p1a: Dondozo|100\/100 slp|[silent]\n|\n|upkeep\n|turn|37\n|\n|t:|1699968220\n|switch|p2a: Rillaboom|Rillaboom, M|52\/100 tox\n|-fieldstart|move: Grassy Terrain|[from] ability: Grassy Surge|[of] p2a: Rillaboom\n|cant|p1a: Dondozo|slp\n|move|p1a: Dondozo|Sleep Talk|p1a: Dondozo\n|move|p1a: Dondozo|Rest||[from]move: Sleep Talk|[still]\n|-fail|p1a: Dondozo\n|\n|-heal|p2a: Rillaboom|58\/100 tox|[from] Grassy Terrain\n|-damage|p2a: Rillaboom|52\/100 tox|[from] psn\n|upkeep\n|turn|38\n|\n|t:|1699968230\n|move|p2a: Rillaboom|Grassy Glide|p1a: Dondozo\n|-damage|p1a: Dondozo|80\/100 slp\n|-damage|p2a: Rillaboom|42\/100 tox|[from] item: Life Orb\n|cant|p1a: Dondozo|slp\n|move|p1a: Dondozo|Sleep Talk|p1a: Dondozo\n|move|p1a: Dondozo|Rest||[from]move: Sleep Talk|[still]\n|-fail|p1a: Dondozo\n|\n|-heal|p2a: Rillaboom|48\/100 tox|[from] Grassy Terrain\n|-heal|p1a: Dondozo|86\/100 slp|[from] Grassy Terrain\n|-damage|p2a: Rillaboom|36\/100 tox|[from] psn\n|upkeep\n|turn|39\n|\n|t:|1699968239\n|switch|p2a: Ceruledge|Ceruledge, M|93\/100\n|-curestatus|p1a: Dondozo|slp|[msg]\n|move|p1a: Dondozo|Body Press|p2a: Ceruledge\n|-immune|p2a: Ceruledge\n|\n|-heal|p2a: Ceruledge|99\/100|[from] Grassy Terrain\n|-heal|p1a: Dondozo|92\/100|[from] Grassy Terrain\n|upkeep\n|turn|40\n|\n|t:|1699968246\n|move|p2a: Ceruledge|Bitter Blade|p1a: Dondozo\n|-damage|p1a: Dondozo|73\/100\n|-heal|p2a: Ceruledge|100\/100|[from] drain|[of] p1a: Dondozo\n|move|p1a: Dondozo|Waterfall|p2a: Ceruledge\n|-supereffective|p2a: Ceruledge\n|-damage|p2a: Ceruledge|21\/100\n|-ability|p2a: Ceruledge|Weak Armor|boost\n|-unboost|p2a: Ceruledge|def|1\n|-boost|p2a: Ceruledge|spe|2\n|\n|-heal|p2a: Ceruledge|28\/100|[from] Grassy Terrain\n|-heal|p1a: Dondozo|79\/100|[from] Grassy Terrain\n|upkeep\n|turn|41\n|\n|t:|1699968264\n|move|p2a: Ceruledge|Destiny Bond|p2a: Ceruledge\n|-singlemove|p2a: Ceruledge|Destiny Bond\n|move|p1a: Dondozo|Waterfall|p2a: Ceruledge\n|-supereffective|p2a: Ceruledge\n|-damage|p2a: Ceruledge|0 fnt\n|faint|p2a: Ceruledge\n|-activate|p2a: Ceruledge|move: Destiny Bond\n|faint|p1a: Dondozo\n|\n|-fieldend|move: Grassy Terrain\n|upkeep\n|-message|fvgybhunjimk forfeited.\n|\n|win|BeefBoss534\n|raw|fvgybhunjimk's rating: 1000 &rarr; <strong>1000<\/strong><br \/>(+0 for losing)\n|raw|BeefBoss534's rating: 1000 &rarr; <strong>1040<\/strong><br \/>(+40 for winning)\n|l|\u2606fvgybhunjimk\n","uploadtime":1699968283,"views":26,"p1id":"fvgybhunjimk","p2id":"beefboss534","formatid":"gen9ou","rating":1000,"private":0,"password":""}