{"id":"gen9ou-1999816210","p1":"Nerdygolem513","p2":"Mich1126","format":"[Gen 9] OU","log":"|j|\u2606Nerdygolem513\n|j|\u2606Mich1126\n|t:|1701119362\n|gametype|singles\n|player|p1|Nerdygolem513|burglar|1062\n|player|p2|Mich1126|rosa|1000\n|teamsize|p1|6\n|teamsize|p2|6\n|gen|9\n|tier|[Gen 9] OU\n|rated|\n|rule|Sleep Clause Mod: Limit one foe put to sleep\n|rule|Species Clause: Limit one of each Pok\u00e9mon\n|rule|OHKO Clause: OHKO moves are banned\n|rule|Evasion Items Clause: Evasion items are banned\n|rule|Evasion Moves Clause: Evasion moves are banned\n|rule|Endless Battle Clause: Forcing endless battles is banned\n|rule|HP Percentage Mod: HP is shown in percentages\n|clearpoke\n|poke|p1|Zoroark-Hisui, F|\n|poke|p1|Breloom, M|\n|poke|p1|Great Tusk|\n|poke|p1|Espeon, F|\n|poke|p1|Dragonite, M|\n|poke|p1|Slowking-Galar, M|\n|poke|p2|Cloyster, F|\n|poke|p2|Dragapult, F|\n|poke|p2|Breloom, F|\n|poke|p2|Ceruledge, F|\n|poke|p2|Walking Wake|\n|poke|p2|Dondozo, M|\n|teampreview\n|inactive|Battle timer is ON: inactive players will automatically lose when time's up. (requested by Mich1126)\n|\n|t:|1701119376\n|start\n|switch|p1a: Breloom|Breloom, M|100\/100\n|switch|p2a: Cloyster|Cloyster, F|100\/100\n|turn|1\n|\n|t:|1701119383\n|switch|p2a: Breloom|Breloom, F|100\/100\n|move|p1a: Breloom|Hyper Voice|p2a: Breloom\n|-damage|p2a: Breloom|34\/100\n|\n|-status|p2a: Breloom|tox|[from] item: Toxic Orb\n|upkeep\n|turn|2\n|\n|t:|1701119390\n|move|p1a: Breloom|Shadow Ball|p2a: Breloom\n|-damage|p2a: Breloom|0 fnt\n|faint|p2a: Breloom\n|\n|upkeep\n|\n|t:|1701119393\n|switch|p2a: Cloyster|Cloyster, F|100\/100\n|turn|3\n|\n|t:|1701119396\n|move|p1a: Breloom|Hyper Voice|p2a: Cloyster\n|-damage|p2a: Cloyster|0 fnt\n|faint|p2a: Cloyster\n|\n|upkeep\n|\n|t:|1701119403\n|switch|p2a: Ceruledge|Ceruledge, F|100\/100\n|turn|4\n|\n|t:|1701119425\n|move|p1a: Breloom|Flamethrower|p2a: Ceruledge\n|-resisted|p2a: Ceruledge\n|-damage|p2a: Ceruledge|82\/100\n|move|p2a: Ceruledge|Swords Dance|p2a: Ceruledge\n|-boost|p2a: Ceruledge|atk|2\n|\n|upkeep\n|turn|5\n|\n|t:|1701119430\n|move|p1a: Breloom|Shadow Ball|p2a: Ceruledge\n|-supereffective|p2a: Ceruledge\n|-damage|p2a: Ceruledge|0 fnt\n|faint|p2a: Ceruledge\n|\n|upkeep\n|\n|t:|1701119437\n|switch|p2a: Dragapult|Dragapult, F|100\/100\n|turn|6\n|\n|t:|1701119442\n|move|p2a: Dragapult|Psychic Fangs|p1a: Breloom\n|-damage|p1a: Breloom|40\/100\n|replace|p1a: Zoroark|Zoroark-Hisui, F\n|-end|p1a: Zoroark|Illusion\n|move|p1a: Zoroark|Shadow Ball|p2a: Dragapult\n|-supereffective|p2a: Dragapult\n|-damage|p2a: Dragapult|0 fnt\n|faint|p2a: Dragapult\n|\n|upkeep\n|\n|t:|1701119449\n|switch|p2a: Walking Wake|Walking Wake|100\/100\n|-enditem|p2a: Walking Wake|Booster Energy\n|-activate|p2a: Walking Wake|ability: Protosynthesis|[fromitem]\n|-start|p2a: Walking Wake|protosynthesisspa\n|turn|7\n|\n|t:|1701119453\n|move|p1a: Zoroark|Hyper Voice|p2a: Walking Wake\n|-damage|p2a: Walking Wake|51\/100\n|move|p2a: Walking Wake|Flamethrower|p1a: Zoroark\n|-damage|p1a: Zoroark|0 fnt\n|faint|p1a: Zoroark\n|\n|upkeep\n|\n|t:|1701119462\n|switch|p1a: Slowking|Slowking-Galar, M|100\/100\n|turn|8\n|\n|t:|1701119469\n|move|p2a: Walking Wake|Draco Meteor|p1a: Slowking|[miss]\n|-miss|p2a: Walking Wake|p1a: Slowking\n|move|p1a: Slowking|Sludge Bomb|p2a: Walking Wake\n|-damage|p2a: Walking Wake|0 fnt\n|faint|p2a: Walking Wake\n|-end|p2a: Walking Wake|Protosynthesis|[silent]\n|\n|upkeep\n|\n|t:|1701119473\n|switch|p2a: Dondozo|Dondozo, M|100\/100\n|turn|9\n|\n|t:|1701119478\n|move|p2a: Dondozo|Curse|p2a: Dondozo\n|-unboost|p2a: Dondozo|spe|1\n|-boost|p2a: Dondozo|atk|1\n|-boost|p2a: Dondozo|def|1\n|move|p1a: Slowking|Future Sight|p2a: Dondozo\n|-start|p1a: Slowking|move: Future Sight\n|\n|upkeep\n|turn|10\n|\n|t:|1701119481\n|move|p1a: Slowking|Grass Knot|p2a: Dondozo\n|-supereffective|p2a: Dondozo\n|-damage|p2a: Dondozo|26\/100\n|move|p2a: Dondozo|Curse|p2a: Dondozo\n|-unboost|p2a: Dondozo|spe|1\n|-boost|p2a: Dondozo|atk|1\n|-boost|p2a: Dondozo|def|1\n|\n|-heal|p2a: Dondozo|32\/100|[from] item: Leftovers\n|upkeep\n|turn|11\n|\n|t:|1701119485\n|move|p1a: Slowking|Grass Knot|p2a: Dondozo\n|-supereffective|p2a: Dondozo\n|-damage|p2a: Dondozo|0 fnt\n|faint|p2a: Dondozo\n|\n|win|Nerdygolem513\n|raw|Nerdygolem513's rating: 1062 &rarr; <strong>1087<\/strong><br \/>(+25 for winning)\n|raw|Mich1126's rating: 1000 &rarr; <strong>1000<\/strong><br \/>(+0 for losing)\n|l|\u2606Mich1126\n","uploadtime":1701119496,"views":2,"p1id":"nerdygolem513","p2id":"mich1126","formatid":"gen9ou","rating":1000,"private":0,"password":""}