{"id":"gen9ou-1989339676","p1":"zosor","p2":"Daniel5ury","format":"[Gen 9] OU","log":"|j|\u2606zosor\n|j|\u2606Daniel5ury\n|t:|1699838212\n|gametype|singles\n|player|p1|zosor|170|1142\n|player|p2|Daniel5ury|rosa|1229\n|teamsize|p1|6\n|teamsize|p2|6\n|gen|9\n|tier|[Gen 9] OU\n|rated|\n|rule|Sleep Clause Mod: Limit one foe put to sleep\n|rule|Species Clause: Limit one of each Pok\u00e9mon\n|rule|OHKO Clause: OHKO moves are banned\n|rule|Evasion Items Clause: Evasion items are banned\n|rule|Evasion Moves Clause: Evasion moves are banned\n|rule|Endless Battle Clause: Forcing endless battles is banned\n|rule|HP Percentage Mod: HP is shown in percentages\n|clearpoke\n|poke|p1|Iron Valiant|\n|poke|p1|Glimmora, F|\n|poke|p1|Meowscarada, M|\n|poke|p1|Milotic, M|\n|poke|p1|Chandelure, F|\n|poke|p1|Dragonite, F|\n|poke|p2|Sneasler, F|\n|poke|p2|Walking Wake|\n|poke|p2|Meowscarada, F|\n|poke|p2|Garganacl, F|\n|poke|p2|Sandy Shocks|\n|poke|p2|Corviknight, M|\n|teampreview\n|inactive|Battle timer is ON: inactive players will automatically lose when time's up. (requested by Daniel5ury)\n|\n|t:|1699838233\n|start\n|switch|p1a: Meowscarada|Meowscarada, M|100\/100\n|switch|p2a: Lead Zeplin|Sandy Shocks|100\/100\n|turn|1\n|\n|t:|1699838242\n|move|p2a: Lead Zeplin|Volt Switch|p1a: Meowscarada\n|-resisted|p1a: Meowscarada\n|-damage|p1a: Meowscarada|74\/100\n|\n|t:|1699838251\n|-end|p2a: Lead Zeplin|Protosynthesis|[silent]\n|switch|p2a: AC-130|Corviknight, M|100\/100|[from] Volt Switch\n|move|p1a: Meowscarada|Flower Trick|p2a: AC-130\n|-start|p1a: Meowscarada|typechange|Grass|[from] ability: Protean\n|-resisted|p2a: AC-130\n|-crit|p2a: AC-130\n|-damage|p2a: AC-130|90\/100\n|\n|upkeep\n|turn|2\n|\n|t:|1699838264\n|switch|p1a: Chandelure|Chandelure, F, shiny|100\/100\n|move|p2a: AC-130|Body Press|p1a: Chandelure\n|-immune|p1a: Chandelure\n|\n|upkeep\n|turn|3\n|\n|t:|1699838277\n|switch|p2a: Minecraft|Garganacl, F|100\/100\n|move|p1a: Chandelure|Shadow Ball|p2a: Minecraft\n|-damage|p2a: Minecraft|85\/100\n|\n|-heal|p2a: Minecraft|91\/100|[from] item: Leftovers\n|upkeep\n|turn|4\n|\n|t:|1699838291\n|switch|p1a: Glimmora|Glimmora, F, shiny|100\/100\n|move|p2a: Minecraft|Salt Cure|p1a: Glimmora\n|-damage|p1a: Glimmora|90\/100\n|-start|p1a: Glimmora|Salt Cure\n|-activate|p1a: Glimmora|ability: Toxic Debris\n|-sidestart|p2: Daniel5ury|move: Toxic Spikes\n|\n|-heal|p1a: Glimmora|96\/100|[from] item: Leftovers\n|-heal|p2a: Minecraft|97\/100|[from] item: Leftovers\n|-damage|p1a: Glimmora|83\/100|[from] Salt Cure\n|upkeep\n|turn|5\n|\n|t:|1699838303\n|move|p1a: Glimmora|Stealth Rock|p2a: Minecraft\n|-sidestart|p2: Daniel5ury|move: Stealth Rock\n|move|p2a: Minecraft|Stealth Rock|p1a: Glimmora\n|-sidestart|p1: zosor|move: Stealth Rock\n|\n|-heal|p1a: Glimmora|90\/100|[from] item: Leftovers\n|-heal|p2a: Minecraft|100\/100|[from] item: Leftovers\n|-damage|p1a: Glimmora|77\/100|[from] Salt Cure\n|upkeep\n|turn|6\n|\n|t:|1699838311\n|switch|p2a: AC-130|Corviknight, M|90\/100\n|-damage|p2a: AC-130|77\/100|[from] Stealth Rock\n|move|p1a: Glimmora|Mortal Spin|p2a: AC-130\n|-immune|p2a: AC-130\n|\n|-heal|p1a: Glimmora|83\/100|[from] item: Leftovers\n|-damage|p1a: Glimmora|71\/100|[from] Salt Cure\n|upkeep\n|turn|7\n|\n|t:|1699838322\n|switch|p1a: Milotic|Milotic, M, shiny|100\/100\n|-damage|p1a: Milotic|88\/100|[from] Stealth Rock\n|move|p2a: AC-130|Defog|p1a: Milotic\n|-unboost|p1a: Milotic|evasion|1\n|-ability|p1a: Milotic|Competitive|boost\n|-boost|p1a: Milotic|spa|2\n|-sideend|p1: zosor|Stealth Rock|[from] move: Defog|[of] p2a: AC-130\n|-sideend|p2: Daniel5ury|Toxic Spikes|[from] move: Defog|[of] p2a: AC-130\n|-sideend|p2: Daniel5ury|Stealth Rock|[from] move: Defog|[of] p2a: AC-130\n|\n|upkeep\n|turn|8\n|\n|t:|1699838334\n|switch|p2a: Minecraft|Garganacl, F|100\/100\n|move|p1a: Milotic|Scald|p2a: Minecraft\n|-supereffective|p2a: Minecraft\n|-damage|p2a: Minecraft|32\/100\n|\n|-heal|p2a: Minecraft|38\/100|[from] item: Leftovers\n|upkeep\n|turn|9\n|\n|t:|1699838352\n|-terastallize|p2a: Minecraft|Water\n|move|p1a: Milotic|Scald|p2a: Minecraft\n|-resisted|p2a: Minecraft\n|-damage|p2a: Minecraft|21\/100\n|move|p2a: Minecraft|Salt Cure|p1a: Milotic\n|-damage|p1a: Milotic|72\/100\n|-start|p1a: Milotic|Salt Cure\n|\n|-heal|p2a: Minecraft|27\/100|[from] item: Leftovers\n|-damage|p1a: Milotic|47\/100|[from] Salt Cure\n|upkeep\n|turn|10\n|\n|t:|1699838365\n|switch|p1a: Meowscarada|Meowscarada, M|74\/100\n|move|p2a: Minecraft|Protect||[still]\n|-fail|p2a: Minecraft\n|\n|-heal|p2a: Minecraft|34\/100|[from] item: Leftovers\n|upkeep\n|turn|11\n|\n|t:|1699838376\n|switch|p2a: AC-130|Corviknight, M|77\/100\n|move|p1a: Meowscarada|Thunder Punch|p2a: AC-130\n|-start|p1a: Meowscarada|typechange|Electric|[from] ability: Protean\n|-supereffective|p2a: AC-130\n|-damage|p2a: AC-130|12\/100\n|-damage|p1a: Meowscarada|58\/100|[from] item: Rocky Helmet|[of] p2a: AC-130\n|\n|upkeep\n|turn|12\n|\n|t:|1699838385\n|switch|p2a: Lead Zeplin|Sandy Shocks|100\/100\n|move|p1a: Meowscarada|Thunder Punch|p2a: Lead Zeplin\n|-immune|p2a: Lead Zeplin\n|\n|upkeep\n|turn|13\n|inactive|zosor has 120 seconds left.\n|\n|t:|1699838416\n|switch|p1a: Iron Valiant|Iron Valiant, shiny|100\/100\n|move|p2a: Lead Zeplin|Earth Power|p1a: Iron Valiant\n|-damage|p1a: Iron Valiant|23\/100\n|\n|upkeep\n|turn|14\n|inactive|zosor has 120 seconds left.\n|\n|t:|1699838428\n|-end|p1a: Iron Valiant|Quark Drive|[silent]\n|switch|p1a: Dragonite|Dragonite, F|100\/100\n|move|p2a: Lead Zeplin|Earth Power|p1a: Dragonite\n|-immune|p1a: Dragonite\n|\n|upkeep\n|turn|15\n|\n|t:|1699838435\n|-end|p2a: Lead Zeplin|Protosynthesis|[silent]\n|switch|p2a: Minecraft|Garganacl, F, tera:Water|34\/100\n|move|p1a: Dragonite|Dragon Dance|p1a: Dragonite\n|-boost|p1a: Dragonite|atk|1\n|-boost|p1a: Dragonite|spe|1\n|\n|-heal|p2a: Minecraft|40\/100|[from] item: Leftovers\n|upkeep\n|turn|16\n|\n|t:|1699838446\n|move|p1a: Dragonite|Dragon Claw|p2a: Minecraft\n|-damage|p2a: Minecraft|0 fnt\n|faint|p2a: Minecraft\n|\n|upkeep\n|\n|t:|1699838468\n|switch|p2a: Muhammad Ali|Sneasler, F|100\/100\n|-item|p2a: Muhammad Ali|Air Balloon\n|turn|17\n|\n|t:|1699838476\n|move|p1a: Dragonite|Extreme Speed|p2a: Muhammad Ali\n|-damage|p2a: Muhammad Ali|34\/100\n|-enditem|p2a: Muhammad Ali|Air Balloon\n|move|p2a: Muhammad Ali|Dire Claw|p1a: Dragonite\n|-crit|p1a: Dragonite\n|-damage|p1a: Dragonite|65\/100\n|-status|p1a: Dragonite|par\n|\n|upkeep\n|turn|18\n|\n|t:|1699838489\n|cant|p1a: Dragonite|par\n|move|p2a: Muhammad Ali|Dire Claw|p1a: Dragonite\n|-damage|p1a: Dragonite|12\/100 par\n|\n|upkeep\n|turn|19\n|\n|t:|1699838494\n|switch|p2a: AC-130|Corviknight, M|12\/100\n|cant|p1a: Dragonite|par\n|\n|upkeep\n|turn|20\n|\n|t:|1699838501\n|move|p1a: Dragonite|Dragon Claw|p2a: AC-130\n|-resisted|p2a: AC-130\n|-crit|p2a: AC-130\n|-damage|p2a: AC-130|0 fnt\n|-damage|p1a: Dragonite|0 fnt|[from] item: Rocky Helmet|[of] p2a: AC-130\n|faint|p2a: AC-130\n|faint|p1a: Dragonite\n|\n|upkeep\n|\n|t:|1699838514\n|switch|p1a: Chandelure|Chandelure, F, shiny|100\/100\n|switch|p2a: Lead Zeplin|Sandy Shocks|100\/100\n|turn|21\n|\n|t:|1699838524\n|-terastallize|p1a: Chandelure|Grass\n|move|p2a: Lead Zeplin|Earth Power|p1a: Chandelure\n|-resisted|p1a: Chandelure\n|-damage|p1a: Chandelure|68\/100\n|move|p1a: Chandelure|Energy Ball|p2a: Lead Zeplin\n|-supereffective|p2a: Lead Zeplin\n|-damage|p2a: Lead Zeplin|0 fnt\n|faint|p2a: Lead Zeplin\n|-end|p2a: Lead Zeplin|Protosynthesis|[silent]\n|\n|upkeep\n|\n|t:|1699838541\n|switch|p2a: Muhammad Ali|Sneasler, F|34\/100\n|turn|22\n|\n|t:|1699838549\n|switch|p1a: Glimmora|Glimmora, F, shiny|71\/100\n|move|p2a: Muhammad Ali|Dire Claw|p1a: Glimmora\n|-resisted|p1a: Glimmora\n|-damage|p1a: Glimmora|62\/100\n|-activate|p1a: Glimmora|ability: Toxic Debris\n|-sidestart|p2: Daniel5ury|move: Toxic Spikes\n|\n|-heal|p1a: Glimmora|69\/100|[from] item: Leftovers\n|upkeep\n|turn|23\n|\n|t:|1699838561\n|switch|p2a: UwU|Meowscarada, F|100\/100\n|-status|p2a: UwU|psn\n|move|p1a: Glimmora|Stealth Rock|p2a: UwU\n|-sidestart|p2: Daniel5ury|move: Stealth Rock\n|\n|-heal|p1a: Glimmora|75\/100|[from] item: Leftovers\n|-damage|p2a: UwU|88\/100 psn|[from] psn\n|upkeep\n|turn|24\n|\n|t:|1699838576\n|move|p2a: UwU|Flower Trick|p1a: Glimmora\n|-start|p2a: UwU|typechange|Grass|[from] ability: Protean\n|-crit|p1a: Glimmora\n|-damage|p1a: Glimmora|21\/100\n|-activate|p1a: Glimmora|ability: Toxic Debris\n|-sidestart|p2: Daniel5ury|move: Toxic Spikes\n|move|p1a: Glimmora|Acid Spray|p2a: UwU\n|-supereffective|p2a: UwU\n|-crit|p2a: UwU\n|-damage|p2a: UwU|8\/100 psn\n|-unboost|p2a: UwU|spd|2\n|\n|-heal|p1a: Glimmora|27\/100|[from] item: Leftovers\n|-damage|p2a: UwU|0 fnt|[from] psn\n|faint|p2a: UwU\n|upkeep\n|\n|t:|1699838585\n|switch|p2a: Muhammad Ali|Sneasler, F|34\/100\n|-sideend|p2: Daniel5ury|move: Toxic Spikes|[of] p2a: Muhammad Ali\n|-damage|p2a: Muhammad Ali|28\/100|[from] Stealth Rock\n|turn|25\n|\n|t:|1699838597\n|move|p2a: Muhammad Ali|Close Combat|p1a: Glimmora\n|-crit|p1a: Glimmora\n|-damage|p1a: Glimmora|0 fnt\n|-unboost|p2a: Muhammad Ali|def|1\n|-unboost|p2a: Muhammad Ali|spd|1\n|-activate|p1a: Glimmora|ability: Toxic Debris\n|-sidestart|p2: Daniel5ury|move: Toxic Spikes\n|faint|p1a: Glimmora\n|\n|upkeep\n|\n|t:|1699838608\n|switch|p1a: Chandelure|Chandelure, F, shiny, tera:Grass|68\/100\n|turn|26\n|\n|t:|1699838616\n|move|p1a: Chandelure|Psychic|p2a: Muhammad Ali\n|-supereffective|p2a: Muhammad Ali\n|-damage|p2a: Muhammad Ali|0 fnt\n|faint|p2a: Muhammad Ali\n|\n|upkeep\n|\n|t:|1699838618\n|switch|p2a: Walking Asleep|Walking Wake|100\/100\n|-damage|p2a: Walking Asleep|88\/100|[from] Stealth Rock\n|-status|p2a: Walking Asleep|psn\n|turn|27\n|c|\u2606Daniel5ury|So like\n|c|\u2606Daniel5ury|do you have flash fire?\n|inactive|Daniel5ury has 120 seconds left.\n|\n|t:|1699838671\n|switch|p1a: Milotic|Milotic, M, shiny|47\/100\n|move|p2a: Walking Asleep|Hydro Steam|p1a: Milotic\n|-resisted|p1a: Milotic\n|-damage|p1a: Milotic|29\/100\n|\n|-damage|p2a: Walking Asleep|76\/100 psn|[from] psn\n|upkeep\n|turn|28\n|\n|t:|1699838679\n|move|p2a: Walking Asleep|Hydro Steam|p1a: Milotic\n|-resisted|p1a: Milotic\n|-damage|p1a: Milotic|12\/100\n|move|p1a: Milotic|Recover|p1a: Milotic\n|-heal|p1a: Milotic|62\/100\n|\n|-damage|p2a: Walking Asleep|64\/100 psn|[from] psn\n|upkeep\n|turn|29\n|\n|t:|1699838687\n|move|p2a: Walking Asleep|Hydro Steam|p1a: Milotic\n|-resisted|p1a: Milotic\n|-damage|p1a: Milotic|44\/100\n|move|p1a: Milotic|Aqua Ring|p1a: Milotic\n|-start|p1a: Milotic|Aqua Ring\n|\n|-heal|p1a: Milotic|50\/100|[from] Aqua Ring\n|-damage|p2a: Walking Asleep|51\/100 psn|[from] psn\n|upkeep\n|turn|30\n|\n|t:|1699838696\n|move|p2a: Walking Asleep|Hydro Steam|p1a: Milotic\n|-resisted|p1a: Milotic\n|-damage|p1a: Milotic|33\/100\n|move|p1a: Milotic|Recover|p1a: Milotic\n|-heal|p1a: Milotic|83\/100\n|\n|-heal|p1a: Milotic|89\/100|[from] Aqua Ring\n|-damage|p2a: Walking Asleep|39\/100 psn|[from] psn\n|upkeep\n|turn|31\n|c|\u2606Daniel5ury|Bro just kill me\n|\n|t:|1699838706\n|move|p2a: Walking Asleep|Hydro Steam|p1a: Milotic\n|-resisted|p1a: Milotic\n|-damage|p1a: Milotic|72\/100\n|move|p1a: Milotic|Ice Beam|p2a: Walking Asleep\n|-damage|p2a: Walking Asleep|16\/100 psn\n|\n|-heal|p1a: Milotic|78\/100|[from] Aqua Ring\n|-damage|p2a: Walking Asleep|4\/100 psn|[from] psn\n|upkeep\n|turn|32\n|\n|t:|1699838715\n|move|p2a: Walking Asleep|Hydro Steam|p1a: Milotic\n|-resisted|p1a: Milotic\n|-damage|p1a: Milotic|59\/100\n|move|p1a: Milotic|Ice Beam|p2a: Walking Asleep\n|-damage|p2a: Walking Asleep|0 fnt\n|faint|p2a: Walking Asleep\n|-end|p2a: Walking Asleep|Protosynthesis|[silent]\n|\n|win|zosor\n|raw|zosor's rating: 1142 &rarr; <strong>1173<\/strong><br \/>(+31 for winning)\n|raw|Daniel5ury's rating: 1229 &rarr; <strong>1198<\/strong><br \/>(-31 for losing)\n","uploadtime":1699838722,"views":6,"p1id":"zosor","p2id":"daniel5ury","formatid":"gen9ou","rating":1173,"private":0,"password":""}