{"id":"gen9ou-1993773720","p1":"zhuyanchao","p2":"zibakoiru","format":"[Gen 9] OU","log":"|j|\u2606zhuyanchao\n|j|\u2606zibakoiru\n|t:|1700355600\n|gametype|singles\n|player|p1|zhuyanchao|rosa|1054\n|player|p2|zibakoiru|emmet|1000\n|teamsize|p1|6\n|teamsize|p2|6\n|gen|9\n|tier|[Gen 9] OU\n|rated|\n|rule|Sleep Clause Mod: Limit one foe put to sleep\n|rule|Species Clause: Limit one of each Pok\u00e9mon\n|rule|OHKO Clause: OHKO moves are banned\n|rule|Evasion Items Clause: Evasion items are banned\n|rule|Evasion Moves Clause: Evasion moves are banned\n|rule|Endless Battle Clause: Forcing endless battles is banned\n|rule|HP Percentage Mod: HP is shown in percentages\n|clearpoke\n|poke|p1|Hatterene, F|\n|poke|p1|Ninetales-Alola, M|\n|poke|p1|Ursaluna, M|\n|poke|p1|Crawdaunt, F|\n|poke|p1|Cresselia, F|\n|poke|p1|Kingambit, M|\n|poke|p2|Magnezone|\n|poke|p2|Dragapult, M|\n|poke|p2|Rotom-Wash|\n|poke|p2|Appletun, M|\n|poke|p2|Iron Jugulis|\n|poke|p2|Mimikyu, F|\n|teampreview\n|\n|t:|1700355635\n|start\n|switch|p1a: Hatterene|Hatterene, F|100\/100\n|switch|p2a: \u3042\u3063\u3077\u308b\u3071\u3044|Appletun, M|100\/100\n|turn|1\n|\n|t:|1700355645\n|move|p2a: \u3042\u3063\u3077\u308b\u3071\u3044|Leech Seed|p1a: Hatterene\n|move|p1a: Hatterene|Leech Seed|p2a: \u3042\u3063\u3077\u308b\u3071\u3044|[from]ability: Magic Bounce\n|-immune|p2a: \u3042\u3063\u3077\u308b\u3071\u3044\n|move|p1a: Hatterene|Trick Room|p1a: Hatterene\n|-fieldstart|move: Trick Room|[of] p1a: Hatterene\n|\n|upkeep\n|turn|2\n|\n|t:|1700355661\n|switch|p2a: \u304d\u3089\u304d\u3089|Iron Jugulis|100\/100\n|-enditem|p2a: \u304d\u3089\u304d\u3089|Booster Energy\n|-activate|p2a: \u304d\u3089\u304d\u3089|ability: Quark Drive|[fromitem]\n|-start|p2a: \u304d\u3089\u304d\u3089|quarkdrivespa\n|move|p1a: Hatterene|Thunder Wave|p2a: \u304d\u3089\u304d\u3089\n|-status|p2a: \u304d\u3089\u304d\u3089|par\n|\n|upkeep\n|turn|3\n|\n|t:|1700355676\n|switch|p1a: Ninetales|Ninetales-Alola, M|100\/100\n|-weather|Snow|[from] ability: Snow Warning|[of] p1a: Ninetales\n|move|p2a: \u304d\u3089\u304d\u3089|Air Slash|p1a: Ninetales\n|-damage|p1a: Ninetales|69\/100\n|\n|-weather|Snow|[upkeep]\n|upkeep\n|turn|4\n|\n|t:|1700355686\n|move|p2a: \u304d\u3089\u304d\u3089|Flamethrower|p1a: Ninetales\n|-supereffective|p1a: Ninetales\n|-damage|p1a: Ninetales|13\/100\n|move|p1a: Ninetales|Aurora Veil|p1a: Ninetales\n|-sidestart|p1: zhuyanchao|move: Aurora Veil\n|\n|-weather|Snow|[upkeep]\n|upkeep\n|turn|5\n|\n|t:|1700355696\n|move|p2a: \u304d\u3089\u304d\u3089|Flamethrower|p1a: Ninetales\n|-supereffective|p1a: Ninetales\n|-damage|p1a: Ninetales|0 fnt\n|faint|p1a: Ninetales\n|\n|-weather|Snow|[upkeep]\n|-fieldend|move: Trick Room\n|upkeep\n|\n|t:|1700355706\n|switch|p1a: Hatterene|Hatterene, F|100\/100\n|turn|6\n|\n|t:|1700355715\n|move|p2a: \u304d\u3089\u304d\u3089|Air Slash|p1a: Hatterene\n|-damage|p1a: Hatterene|81\/100\n|move|p1a: Hatterene|Trick Room|p1a: Hatterene\n|-fieldstart|move: Trick Room|[of] p1a: Hatterene\n|\n|-weather|Snow|[upkeep]\n|upkeep\n|turn|7\n|\n|t:|1700355725\n|switch|p1a: Ursaluna|Ursaluna, M|100\/100\n|move|p2a: \u304d\u3089\u304d\u3089|Flamethrower|p1a: Ursaluna\n|-damage|p1a: Ursaluna|84\/100\n|\n|-weather|none\n|-status|p1a: Ursaluna|brn|[from] item: Flame Orb\n|upkeep\n|turn|8\n|\n|t:|1700355740\n|-end|p2a: \u304d\u3089\u304d\u3089|Quark Drive|[silent]\n|switch|p2a: \u304b\u3076\u308a\u3082\u306e|Mimikyu, F|100\/100\n|move|p1a: Ursaluna|Drain Punch|p2a: \u304b\u3076\u308a\u3082\u306e\n|-immune|p2a: \u304b\u3076\u308a\u3082\u306e\n|\n|-damage|p1a: Ursaluna|78\/100 brn|[from] brn\n|upkeep\n|turn|9\n|\n|t:|1700355750\n|move|p1a: Ursaluna|Headlong Rush|p2a: \u304b\u3076\u308a\u3082\u306e\n|-activate|p2a: \u304b\u3076\u308a\u3082\u306e|ability: Disguise\n|-damage|p2a: \u304b\u3076\u308a\u3082\u306e|100\/100\n|-unboost|p1a: Ursaluna|def|1\n|-unboost|p1a: Ursaluna|spd|1\n|detailschange|p2a: \u304b\u3076\u308a\u3082\u306e|Mimikyu-Busted, F\n|-damage|p2a: \u304b\u3076\u308a\u3082\u306e|88\/100|[from] pokemon: Mimikyu-Busted\n|move|p2a: \u304b\u3076\u308a\u3082\u306e|Play Rough|p1a: Ursaluna\n|-damage|p1a: Ursaluna|52\/100 brn\n|-damage|p2a: \u304b\u3076\u308a\u3082\u306e|78\/100|[from] item: Life Orb\n|\n|-damage|p1a: Ursaluna|46\/100 brn|[from] brn\n|upkeep\n|turn|10\n|\n|t:|1700355765\n|move|p2a: \u304b\u3076\u308a\u3082\u306e|Shadow Sneak|p1a: Ursaluna\n|-immune|p1a: Ursaluna\n|move|p1a: Ursaluna|Headlong Rush|p2a: \u304b\u3076\u308a\u3082\u306e\n|-damage|p2a: \u304b\u3076\u308a\u3082\u306e|0 fnt\n|-unboost|p1a: Ursaluna|def|1\n|-unboost|p1a: Ursaluna|spd|1\n|faint|p2a: \u304b\u3076\u308a\u3082\u306e\n|\n|-damage|p1a: Ursaluna|39\/100 brn|[from] brn\n|-fieldend|move: Trick Room\n|upkeep\n|\n|t:|1700355774\n|switch|p2a: \u308a\u3085\u3046\u308a\u3085\u3046|Dragapult, M|100\/100\n|turn|11\n|\n|t:|1700355780\n|switch|p1a: Hatterene|Hatterene, F|81\/100\n|move|p2a: \u308a\u3085\u3046\u308a\u3085\u3046|Dragon Darts|p1a: Hatterene\n|-immune|p1a: Hatterene\n|\n|-sideend|p1: zhuyanchao|move: Aurora Veil\n|upkeep\n|turn|12\n|\n|t:|1700355789\n|switch|p2a: \u305b\u3093\u305f\u304f|Rotom-Wash|100\/100\n|move|p1a: Hatterene|Trick Room|p1a: Hatterene\n|-fieldstart|move: Trick Room|[of] p1a: Hatterene\n|\n|upkeep\n|turn|13\n|\n|t:|1700355803\n|move|p1a: Hatterene|Dazzling Gleam|p2a: \u305b\u3093\u305f\u304f\n|-damage|p2a: \u305b\u3093\u305f\u304f|58\/100\n|move|p2a: \u305b\u3093\u305f\u304f|Discharge|p1a: Hatterene\n|-damage|p1a: Hatterene|51\/100\n|\n|upkeep\n|turn|14\n|\n|t:|1700355811\n|move|p1a: Hatterene|Dazzling Gleam|p2a: \u305b\u3093\u305f\u304f\n|-damage|p2a: \u305b\u3093\u305f\u304f|22\/100\n|move|p2a: \u305b\u3093\u305f\u304f|Hydro Pump|p1a: Hatterene\n|-crit|p1a: Hatterene\n|-damage|p1a: Hatterene|0 fnt\n|faint|p1a: Hatterene\n|\n|upkeep\n|\n|t:|1700355819\n|switch|p1a: Kingambit|Kingambit, M|100\/100\n|-activate|p1a: Kingambit|ability: Supreme Overlord\n|-start|p1a: Kingambit|fallen2|[silent]\n|turn|15\n|\n|t:|1700355828\n|switch|p2a: \u304d\u3089\u304d\u3089|Iron Jugulis|100\/100 par\n|move|p1a: Kingambit|Swords Dance|p1a: Kingambit\n|-boost|p1a: Kingambit|atk|2\n|\n|upkeep\n|turn|16\n|\n|t:|1700355837\n|-terastallize|p1a: Kingambit|Dark\n|move|p1a: Kingambit|Sucker Punch|p2a: \u304d\u3089\u304d\u3089\n|-resisted|p2a: \u304d\u3089\u304d\u3089\n|-damage|p2a: \u304d\u3089\u304d\u3089|14\/100 par\n|cant|p2a: \u304d\u3089\u304d\u3089|par\n|\n|-fieldend|move: Trick Room\n|upkeep\n|turn|17\n|\n|t:|1700355847\n|move|p1a: Kingambit|Sucker Punch|p2a: \u304d\u3089\u304d\u3089\n|-resisted|p2a: \u304d\u3089\u304d\u3089\n|-damage|p2a: \u304d\u3089\u304d\u3089|0 fnt\n|faint|p2a: \u304d\u3089\u304d\u3089\n|-end|p2a: \u304d\u3089\u304d\u3089|Quark Drive|[silent]\n|\n|upkeep\n|\n|t:|1700355860\n|switch|p2a: \u3042\u3063\u3077\u308b\u3071\u3044|Appletun, M|100\/100\n|turn|18\n|\n|t:|1700355864\n|move|p1a: Kingambit|Sucker Punch||[still]\n|-fail|p1a: Kingambit\n|move|p2a: \u3042\u3063\u3077\u308b\u3071\u3044|Leech Seed|p1a: Kingambit\n|-start|p1a: Kingambit|move: Leech Seed\n|\n|-damage|p1a: Kingambit|88\/100|[from] Leech Seed|[of] p2a: \u3042\u3063\u3077\u308b\u3071\u3044\n|upkeep\n|turn|19\n|\n|t:|1700355872\n|move|p2a: \u3042\u3063\u3077\u308b\u3071\u3044|Protect|p2a: \u3042\u3063\u3077\u308b\u3071\u3044\n|-singleturn|p2a: \u3042\u3063\u3077\u308b\u3071\u3044|Protect\n|move|p1a: Kingambit|Kowtow Cleave|p2a: \u3042\u3063\u3077\u308b\u3071\u3044\n|-activate|p2a: \u3042\u3063\u3077\u308b\u3071\u3044|move: Protect\n|\n|-damage|p1a: Kingambit|76\/100|[from] Leech Seed|[of] p2a: \u3042\u3063\u3077\u308b\u3071\u3044\n|upkeep\n|turn|20\n|\n|t:|1700355881\n|move|p2a: \u3042\u3063\u3077\u308b\u3071\u3044|Apple Acid|p1a: Kingambit\n|-crit|p1a: Kingambit\n|-damage|p1a: Kingambit|38\/100\n|-unboost|p1a: Kingambit|spd|1\n|move|p1a: Kingambit|Kowtow Cleave|p2a: \u3042\u3063\u3077\u308b\u3071\u3044\n|-damage|p2a: \u3042\u3063\u3077\u308b\u3071\u3044|0 fnt\n|faint|p2a: \u3042\u3063\u3077\u308b\u3071\u3044\n|\n|upkeep\n|\n|t:|1700355895\n|switch|p2a: \u305b\u3093\u305f\u304f|Rotom-Wash|22\/100\n|turn|21\n|\n|t:|1700355901\n|-terastallize|p2a: \u305b\u3093\u305f\u304f|Fairy\n|move|p1a: Kingambit|Sucker Punch|p2a: \u305b\u3093\u305f\u304f\n|-resisted|p2a: \u305b\u3093\u305f\u304f\n|-damage|p2a: \u305b\u3093\u305f\u304f|0 fnt\n|faint|p2a: \u305b\u3093\u305f\u304f\n|\n|upkeep\n|\n|t:|1700355908\n|switch|p2a: \u308a\u3085\u3046\u308a\u3085\u3046|Dragapult, M|100\/100\n|turn|22\n|\n|t:|1700355913\n|move|p1a: Kingambit|Sucker Punch|p2a: \u308a\u3085\u3046\u308a\u3085\u3046\n|-supereffective|p2a: \u308a\u3085\u3046\u308a\u3085\u3046\n|-damage|p2a: \u308a\u3085\u3046\u308a\u3085\u3046|0 fnt\n|faint|p2a: \u308a\u3085\u3046\u308a\u3085\u3046\n|\n|upkeep\n|\n|t:|1700355917\n|switch|p2a: \u304d\u308a\u305f\u3093\u307d|Magnezone, shiny|100\/100\n|turn|23\n|\n|t:|1700355923\n|move|p1a: Kingambit|Sucker Punch|p2a: \u304d\u308a\u305f\u3093\u307d\n|-damage|p2a: \u304d\u308a\u305f\u3093\u307d|0 fnt\n|faint|p2a: \u304d\u308a\u305f\u3093\u307d\n|\n|win|zhuyanchao\n|raw|zhuyanchao's rating: 1054 &rarr; <strong>1081<\/strong><br \/>(+27 for winning)\n|raw|zibakoiru's rating: 1000 &rarr; <strong>1000<\/strong><br \/>(+0 for losing)\n|l|\u2606zibakoiru\n|l|\u2606zhuyanchao\n|j|\u2606zhuyanchao\n|player|p1|zhuyanchao|rosa\n","uploadtime":1700356036,"views":24,"p1id":"zhuyanchao","p2id":"zibakoiru","formatid":"gen9ou","rating":1000,"private":0,"password":""}