{"id":"gen9ou-1994490043","p1":"TrepYT","p2":"OUFC Test1","format":"[Gen 9] OU","log":"|j|\u203dTrepYT\n|j|\u203dOUFC Test1\n|t:|1700449996\n|gametype|singles\n|player|p1|TrepYT|swimmerf|1750\n|player|p2|OUFC Test1|iono|1672\n|teamsize|p1|6\n|teamsize|p2|6\n|gen|9\n|tier|[Gen 9] OU\n|rated|\n|rule|Sleep Clause Mod: Limit one foe put to sleep\n|rule|Species Clause: Limit one of each Pok\u00e9mon\n|rule|OHKO Clause: OHKO moves are banned\n|rule|Evasion Items Clause: Evasion items are banned\n|rule|Evasion Moves Clause: Evasion moves are banned\n|rule|Endless Battle Clause: Forcing endless battles is banned\n|rule|HP Percentage Mod: HP is shown in percentages\n|clearpoke\n|poke|p1|Samurott-Hisui, F|\n|poke|p1|Cresselia, F|\n|poke|p1|Kingambit, F|\n|poke|p1|Scizor, M|\n|poke|p1|Garchomp, M|\n|poke|p1|Heatran, F|\n|poke|p2|Meowscarada, F|\n|poke|p2|Garganacl, M|\n|poke|p2|Great Tusk|\n|poke|p2|Gholdengo|\n|poke|p2|Iron Valiant|\n|poke|p2|Zapdos|\n|teampreview\n|\n|t:|1700450018\n|start\n|switch|p1a: Heatran|Heatran, F|100\/100\n|switch|p2a: Meowscarada|Meowscarada, F|100\/100\n|turn|1\n|\n|t:|1700450029\n|switch|p2a: Garganacl|Garganacl, M|100\/100\n|move|p1a: Heatran|Magma Storm|p2a: Garganacl|[miss]\n|-miss|p1a: Heatran|p2a: Garganacl\n|\n|upkeep\n|turn|2\n|\n|t:|1700450036\n|switch|p1a: Garchomp|Garchomp, M|100\/100\n|-terastallize|p2a: Garganacl|Water\n|move|p2a: Garganacl|Earthquake|p1a: Garchomp\n|-damage|p1a: Garchomp|86\/100\n|\n|upkeep\n|turn|3\n|\n|t:|1700450054\n|move|p1a: Garchomp|Stealth Rock|p2a: Garganacl\n|-sidestart|p2: OUFC Test1|move: Stealth Rock\n|move|p2a: Garganacl|Salt Cure|p1a: Garchomp\n|-resisted|p1a: Garchomp\n|-damage|p1a: Garchomp|81\/100\n|-start|p1a: Garchomp|Salt Cure\n|\n|-damage|p1a: Garchomp|69\/100|[from] Salt Cure\n|upkeep\n|turn|4\n|\n|t:|1700450057\n|switch|p1a: Heatran|Heatran, F|100\/100\n|move|p2a: Garganacl|Curse|p2a: Garganacl\n|-unboost|p2a: Garganacl|spe|1\n|-boost|p2a: Garganacl|atk|1\n|-boost|p2a: Garganacl|def|1\n|\n|upkeep\n|turn|5\n|\n|t:|1700450072\n|switch|p1a: Cresselia|Cresselia, F|100\/100\n|move|p2a: Garganacl|Salt Cure|p1a: Cresselia\n|-damage|p1a: Cresselia|90\/100\n|-start|p1a: Cresselia|Salt Cure\n|-enditem|p1a: Cresselia|Kee Berry|[eat]\n|-boost|p1a: Cresselia|def|1|[from] item: Kee Berry\n|\n|-damage|p1a: Cresselia|77\/100|[from] Salt Cure\n|upkeep\n|turn|6\n|\n|t:|1700450080\n|switch|p2a: Gholdengo|Gholdengo|100\/100\n|-damage|p2a: Gholdengo|94\/100|[from] Stealth Rock\n|-item|p2a: Gholdengo|Air Balloon\n|move|p1a: Cresselia|Calm Mind|p1a: Cresselia\n|-boost|p1a: Cresselia|spa|1\n|-boost|p1a: Cresselia|spd|1\n|\n|-damage|p1a: Cresselia|65\/100|[from] Salt Cure\n|upkeep\n|turn|7\n|\n|t:|1700450099\n|switch|p1a: Samurott|Samurott-Hisui, F|100\/100\n|move|p2a: Gholdengo|Shadow Ball|p1a: Samurott\n|-resisted|p1a: Samurott\n|-damage|p1a: Samurott|87\/100\n|-unboost|p1a: Samurott|spd|1\n|\n|upkeep\n|turn|8\n|\n|t:|1700450105\n|switch|p2a: Zapdos|Zapdos|100\/100\n|move|p1a: Samurott|Ceaseless Edge|p2a: Zapdos\n|-damage|p2a: Zapdos|48\/100\n|-sidestart|p2: OUFC Test1|Spikes\n|\n|upkeep\n|turn|9\n|\n|t:|1700450111\n|move|p2a: Zapdos|Hurricane|p1a: Samurott|[miss]\n|-miss|p2a: Zapdos|p1a: Samurott\n|move|p1a: Samurott|Flip Turn|p2a: Zapdos\n|-damage|p2a: Zapdos|20\/100\n|\n|t:|1700450118\n|switch|p1a: Scizor|Scizor, M|100\/100|[from] Flip Turn\n|\n|upkeep\n|turn|10\n|\n|t:|1700450121\n|move|p1a: Scizor|Bullet Punch|p2a: Zapdos\n|-resisted|p2a: Zapdos\n|-damage|p2a: Zapdos|0 fnt\n|faint|p2a: Zapdos\n|\n|upkeep\n|\n|t:|1700450129\n|switch|p2a: Great Tusk|Great Tusk|100\/100\n|turn|11\n|\n|t:|1700450135\n|switch|p1a: Garchomp|Garchomp, M|69\/100\n|move|p2a: Great Tusk|Stealth Rock|p1a: Garchomp\n|-sidestart|p1: TrepYT|move: Stealth Rock\n|\n|upkeep\n|turn|12\n|\n|t:|1700450141\n|move|p2a: Great Tusk|Ice Spinner|p1a: Garchomp\n|-supereffective|p1a: Garchomp\n|-crit|p1a: Garchomp\n|-damage|p1a: Garchomp|0 fnt\n|-damage|p2a: Great Tusk|88\/100|[from] ability: Rough Skin|[of] p1a: Garchomp\n|-damage|p2a: Great Tusk|72\/100|[from] item: Rocky Helmet|[of] p1a: Garchomp\n|faint|p1a: Garchomp\n|\n|upkeep\n|\n|t:|1700450149\n|switch|p1a: Samurott|Samurott-Hisui, F|87\/100\n|-damage|p1a: Samurott|74\/100|[from] Stealth Rock\n|turn|13\n|\n|t:|1700450152\n|move|p2a: Great Tusk|Headlong Rush|p1a: Samurott\n|-damage|p1a: Samurott|9\/100\n|-unboost|p2a: Great Tusk|def|1\n|-unboost|p2a: Great Tusk|spd|1\n|move|p1a: Samurott|Aqua Cutter|p2a: Great Tusk\n|-supereffective|p2a: Great Tusk\n|-damage|p2a: Great Tusk|0 fnt\n|faint|p2a: Great Tusk\n|-end|p2a: Great Tusk|Protosynthesis|[silent]\n|\n|upkeep\n|\n|t:|1700450156\n|switch|p2a: Meowscarada|Meowscarada, F|100\/100\n|turn|14\n|j| derpt36\n|\n|t:|1700450174\n|move|p2a: Meowscarada|Sucker Punch|p1a: Samurott\n|-resisted|p1a: Samurott\n|-damage|p1a: Samurott|0 fnt\n|faint|p1a: Samurott\n|\n|upkeep\n|\n|t:|1700450176\n|switch|p1a: Heatran|Heatran, F|100\/100\n|-damage|p1a: Heatran|88\/100|[from] Stealth Rock\n|turn|15\n|\n|t:|1700450182\n|switch|p2a: Garganacl|Garganacl, M, tera:Water|100\/100\n|-damage|p2a: Garganacl|88\/100|[from] Stealth Rock\n|-damage|p2a: Garganacl|76\/100|[from] Spikes\n|move|p1a: Heatran|Magma Storm|p2a: Garganacl\n|-resisted|p2a: Garganacl\n|-damage|p2a: Garganacl|53\/100\n|-activate|p2a: Garganacl|move: Magma Storm|[of] p1a: Heatran\n|\n|-heal|p1a: Heatran|94\/100|[from] item: Leftovers\n|-heal|p2a: Garganacl|59\/100|[from] item: Leftovers\n|-damage|p2a: Garganacl|47\/100|[from] move: Magma Storm|[partiallytrapped]\n|upkeep\n|turn|16\n|\n|t:|1700450191\n|move|p1a: Heatran|Taunt|p2a: Garganacl\n|-start|p2a: Garganacl|move: Taunt\n|move|p2a: Garganacl|Earthquake|p1a: Heatran\n|-supereffective|p1a: Heatran\n|-damage|p1a: Heatran|13\/100\n|\n|-heal|p1a: Heatran|19\/100|[from] item: Leftovers\n|-heal|p2a: Garganacl|53\/100|[from] item: Leftovers\n|-damage|p2a: Garganacl|41\/100|[from] move: Magma Storm|[partiallytrapped]\n|upkeep\n|turn|17\n|\n|t:|1700450194\n|move|p1a: Heatran|Earth Power|p2a: Garganacl\n|-damage|p2a: Garganacl|11\/100\n|move|p2a: Garganacl|Salt Cure|p1a: Heatran\n|-damage|p1a: Heatran|7\/100\n|-start|p1a: Heatran|Salt Cure\n|\n|-heal|p1a: Heatran|13\/100|[from] item: Leftovers\n|-heal|p2a: Garganacl|17\/100|[from] item: Leftovers\n|-damage|p1a: Heatran|0 fnt|[from] Salt Cure\n|faint|p1a: Heatran\n|-end|p2a: Garganacl|Magma Storm|[partiallytrapped]|[silent]\n|upkeep\n|\n|t:|1700450198\n|switch|p1a: Scizor|Scizor, M|100\/100\n|-damage|p1a: Scizor|88\/100|[from] Stealth Rock\n|turn|18\n|\n|t:|1700450203\n|move|p1a: Scizor|Knock Off|p2a: Garganacl\n|-damage|p2a: Garganacl|0 fnt\n|-enditem|p2a: Garganacl|Leftovers|[from] move: Knock Off|[of] p1a: Scizor\n|faint|p2a: Garganacl\n|\n|upkeep\n|\n|t:|1700450211\n|switch|p2a: Meowscarada|Meowscarada, F|100\/100\n|turn|19\n|\n|t:|1700450222\n|switch|p2a: Iron Valiant|Iron Valiant|100\/100\n|switch|p1a: Kingambit|Kingambit, F|100\/100\n|-damage|p1a: Kingambit|94\/100|[from] Stealth Rock\n|-activate|p1a: Kingambit|ability: Supreme Overlord\n|-start|p1a: Kingambit|fallen3|[silent]\n|\n|-heal|p1a: Kingambit|100\/100|[from] item: Leftovers\n|upkeep\n|turn|20\n|l| derpt36\n|\n|t:|1700450232\n|-terastallize|p1a: Kingambit|Flying\n|move|p2a: Iron Valiant|Close Combat|p1a: Kingambit\n|-resisted|p1a: Kingambit\n|-damage|p1a: Kingambit|81\/100\n|-unboost|p2a: Iron Valiant|def|1\n|-unboost|p2a: Iron Valiant|spd|1\n|move|p1a: Kingambit|Iron Head|p2a: Iron Valiant\n|-supereffective|p2a: Iron Valiant\n|-crit|p2a: Iron Valiant\n|-damage|p2a: Iron Valiant|0 fnt\n|faint|p2a: Iron Valiant\n|-end|p2a: Iron Valiant|Quark Drive|[silent]\n|\n|-heal|p1a: Kingambit|87\/100|[from] item: Leftovers\n|upkeep\n|\n|t:|1700450235\n|switch|p2a: Meowscarada|Meowscarada, F|100\/100\n|turn|21\n|\n|t:|1700450239\n|move|p2a: Meowscarada|Knock Off|p1a: Kingambit\n|-damage|p1a: Kingambit|57\/100\n|-enditem|p1a: Kingambit|Leftovers|[from] move: Knock Off|[of] p2a: Meowscarada\n|move|p1a: Kingambit|Iron Head|p2a: Meowscarada\n|-damage|p2a: Meowscarada|26\/100\n|\n|upkeep\n|turn|22\n|\n|t:|1700450243\n|move|p2a: Meowscarada|Sucker Punch||[still]\n|-fail|p2a: Meowscarada\n|move|p1a: Kingambit|Swords Dance|p1a: Kingambit\n|-boost|p1a: Kingambit|atk|2\n|\n|upkeep\n|turn|23\n|\n|t:|1700450246\n|move|p2a: Meowscarada|Sucker Punch|p1a: Kingambit\n|-damage|p1a: Kingambit|34\/100\n|move|p1a: Kingambit|Iron Head|p2a: Meowscarada\n|-damage|p2a: Meowscarada|0 fnt\n|faint|p2a: Meowscarada\n|\n|upkeep\n|\n|t:|1700450248\n|switch|p2a: Gholdengo|Gholdengo|94\/100\n|-damage|p2a: Gholdengo|88\/100|[from] Stealth Rock\n|-item|p2a: Gholdengo|Air Balloon\n|turn|24\n|\n|t:|1700450251\n|move|p2a: Gholdengo|Nasty Plot|p2a: Gholdengo\n|-boost|p2a: Gholdengo|spa|2\n|move|p1a: Kingambit|Iron Head|p2a: Gholdengo\n|-resisted|p2a: Gholdengo\n|-damage|p2a: Gholdengo|58\/100\n|-enditem|p2a: Gholdengo|Air Balloon\n|\n|upkeep\n|turn|25\n|\n|t:|1700450258\n|move|p1a: Kingambit|Sucker Punch||[still]\n|-fail|p1a: Kingambit\n|move|p2a: Gholdengo|Recover|p2a: Gholdengo\n|-heal|p2a: Gholdengo|100\/100\n|\n|upkeep\n|turn|26\n|\n|t:|1700450262\n|move|p1a: Kingambit|Sucker Punch||[still]\n|-fail|p1a: Kingambit\n|move|p2a: Gholdengo|Nasty Plot|p2a: Gholdengo\n|-boost|p2a: Gholdengo|spa|2\n|\n|upkeep\n|turn|27\n|\n|t:|1700450269\n|move|p1a: Kingambit|Sucker Punch||[still]\n|-fail|p1a: Kingambit\n|move|p2a: Gholdengo|Nasty Plot|p2a: Gholdengo\n|-boost|p2a: Gholdengo|spa|2\n|\n|upkeep\n|turn|28\n|\n|t:|1700450276\n|move|p1a: Kingambit|Sucker Punch||[still]\n|-fail|p1a: Kingambit\n|move|p2a: Gholdengo|Nasty Plot|p2a: Gholdengo\n|-boost|p2a: Gholdengo|spa|0\n|\n|upkeep\n|turn|29\n|\n|t:|1700450278\n|move|p2a: Gholdengo|Nasty Plot|p2a: Gholdengo\n|-boost|p2a: Gholdengo|spa|0\n|move|p1a: Kingambit|Swords Dance|p1a: Kingambit\n|-boost|p1a: Kingambit|atk|2\n|\n|upkeep\n|turn|30\n|\n|t:|1700450283\n|move|p1a: Kingambit|Sucker Punch||[still]\n|-fail|p1a: Kingambit\n|move|p2a: Gholdengo|Nasty Plot|p2a: Gholdengo\n|-boost|p2a: Gholdengo|spa|0\n|\n|upkeep\n|turn|31\n|\n|t:|1700450288\n|move|p1a: Kingambit|Sucker Punch|p2a: Gholdengo\n|-supereffective|p2a: Gholdengo\n|-damage|p2a: Gholdengo|0 fnt\n|faint|p2a: Gholdengo\n|\n|win|TrepYT\n|raw|TrepYT's rating: 1750 &rarr; <strong>1766<\/strong><br \/>(+16 for winning)\n|raw|OUFC Test1's rating: 1672 &rarr; <strong>1656<\/strong><br \/>(-16 for losing)\n","uploadtime":1700450293,"views":11,"p1id":"trepyt","p2id":"oufctest1","formatid":"gen9ou","rating":1656,"private":0,"password":""}