{"id":"gen9ou-1995673392","p1":"cujo0501","p2":"kanto1969","format":"[Gen 9] OU","log":"|j|\u2606cujo0501\n|j|\u2606kanto1969\n|t:|1700592772\n|gametype|singles\n|player|p1|cujo0501|pokekid|1000\n|player|p2|kanto1969|palmer|1106\n|teamsize|p1|6\n|teamsize|p2|6\n|gen|9\n|tier|[Gen 9] OU\n|rated|\n|rule|Sleep Clause Mod: Limit one foe put to sleep\n|rule|Species Clause: Limit one of each Pok\u00e9mon\n|rule|OHKO Clause: OHKO moves are banned\n|rule|Evasion Items Clause: Evasion items are banned\n|rule|Evasion Moves Clause: Evasion moves are banned\n|rule|Endless Battle Clause: Forcing endless battles is banned\n|rule|HP Percentage Mod: HP is shown in percentages\n|clearpoke\n|poke|p1|Zamazenta-*|\n|poke|p1|Glastrier|\n|poke|p1|Jirachi|\n|poke|p1|Mew|\n|poke|p1|Moltres-Galar|\n|poke|p1|Clefable, M|\n|poke|p2|Heatran, F|\n|poke|p2|Glimmora, F|\n|poke|p2|Iron Hands|\n|poke|p2|Garchomp, F|\n|poke|p2|Iron Treads|\n|poke|p2|Greninja-*, M|\n|teampreview\n|inactive|Battle timer is ON: inactive players will automatically lose when time's up. (requested by cujo0501)\n|\n|t:|1700592780\n|start\n|switch|p1a: Zamazenta|Zamazenta|100\/100\n|switch|p2a: Glimmora|Glimmora, F|100\/100\n|-ability|p1a: Zamazenta|Dauntless Shield|boost\n|-boost|p1a: Zamazenta|def|1\n|turn|1\n|\n|t:|1700592796\n|move|p1a: Zamazenta|Howl|p1a: Zamazenta\n|-boost|p1a: Zamazenta|atk|1\n|move|p2a: Glimmora|Stealth Rock|p1a: Zamazenta\n|-sidestart|p1: cujo0501|move: Stealth Rock\n|\n|upkeep\n|turn|2\n|\n|t:|1700592802\n|move|p1a: Zamazenta|Body Press|p2a: Glimmora\n|-damage|p2a: Glimmora|29\/100\n|-activate|p2a: Glimmora|ability: Toxic Debris\n|-sidestart|p1: cujo0501|move: Toxic Spikes\n|move|p2a: Glimmora|Mortal Spin|p1a: Zamazenta\n|-damage|p1a: Zamazenta|97\/100\n|-status|p1a: Zamazenta|psn\n|-damage|p2a: Glimmora|13\/100|[from] item: Rocky Helmet|[of] p1a: Zamazenta\n|\n|-damage|p1a: Zamazenta|85\/100 psn|[from] psn\n|upkeep\n|turn|3\n|\n|t:|1700592825\n|move|p2a: Glimmora|Spiky Shield|p2a: Glimmora\n|-singleturn|p2a: Glimmora|move: Protect\n|move|p1a: Zamazenta|Body Press|p2a: Glimmora\n|-activate|p2a: Glimmora|move: Protect\n|-damage|p1a: Zamazenta|73\/100 psn|[from] Spiky Shield|[of] p2a: Glimmora\n|\n|-damage|p1a: Zamazenta|60\/100 psn|[from] psn\n|upkeep\n|turn|4\n|\n|t:|1700592838\n|move|p2a: Glimmora|Spiky Shield|p2a: Glimmora\n|-singleturn|p2a: Glimmora|move: Protect\n|move|p1a: Zamazenta|Ice Fang|p2a: Glimmora\n|-activate|p2a: Glimmora|move: Protect\n|-damage|p1a: Zamazenta|48\/100 psn|[from] Spiky Shield|[of] p2a: Glimmora\n|\n|-damage|p1a: Zamazenta|36\/100 psn|[from] psn\n|upkeep\n|turn|5\n|\n|t:|1700592853\n|move|p2a: Glimmora|Spiky Shield||[still]\n|-fail|p2a: Glimmora\n|move|p1a: Zamazenta|Howl|p1a: Zamazenta\n|-boost|p1a: Zamazenta|atk|1\n|\n|-damage|p1a: Zamazenta|24\/100 psn|[from] psn\n|upkeep\n|turn|6\n|\n|t:|1700592863\n|move|p2a: Glimmora|Spiky Shield|p2a: Glimmora\n|-singleturn|p2a: Glimmora|move: Protect\n|move|p1a: Zamazenta|Body Press|p2a: Glimmora\n|-activate|p2a: Glimmora|move: Protect\n|-damage|p1a: Zamazenta|11\/100 psn|[from] Spiky Shield|[of] p2a: Glimmora\n|\n|-damage|p1a: Zamazenta|0 fnt|[from] psn\n|faint|p1a: Zamazenta\n|upkeep\n|\n|t:|1700592866\n|switch|p1a: Glastrier|Glastrier|100\/100\n|-damage|p1a: Glastrier|76\/100|[from] Stealth Rock\n|-status|p1a: Glastrier|psn\n|turn|7\n|\n|t:|1700592879\n|move|p2a: Glimmora|Mortal Spin|p1a: Glastrier\n|-damage|p1a: Glastrier|71\/100 psn\n|move|p1a: Glastrier|Bulldoze|p2a: Glimmora\n|-supereffective|p2a: Glimmora\n|-damage|p2a: Glimmora|0 fnt\n|-activate|p2a: Glimmora|ability: Toxic Debris\n|-sidestart|p1: cujo0501|move: Toxic Spikes\n|faint|p2a: Glimmora\n|-ability|p1a: Glastrier|Chilling Neigh|boost\n|-boost|p1a: Glastrier|atk|1\n|\n|-damage|p1a: Glastrier|59\/100 psn|[from] psn\n|upkeep\n|\n|t:|1700592897\n|switch|p2a: Heatran|Heatran, F|100\/100\n|turn|8\n|\n|t:|1700592909\n|move|p2a: Heatran|Lava Plume|p1a: Glastrier\n|-supereffective|p1a: Glastrier\n|-damage|p1a: Glastrier|0 fnt\n|faint|p1a: Glastrier\n|\n|upkeep\n|\n|t:|1700592913\n|switch|p1a: Jirachi|Jirachi|100\/100\n|-damage|p1a: Jirachi|94\/100|[from] Stealth Rock\n|turn|9\n|\n|t:|1700592918\n|move|p1a: Jirachi|Flash Cannon|p2a: Heatran\n|-resisted|p2a: Heatran\n|-damage|p2a: Heatran|96\/100\n|move|p2a: Heatran|Steel Beam|p1a: Jirachi\n|-resisted|p1a: Jirachi\n|-damage|p1a: Jirachi|64\/100\n|-damage|p2a: Heatran|46\/100|[from] steelbeam\n|\n|upkeep\n|turn|10\n|\n|t:|1700592926\n|move|p1a: Jirachi|Wish|p1a: Jirachi\n|move|p2a: Heatran|Lava Plume|p1a: Jirachi\n|-supereffective|p1a: Jirachi\n|-damage|p1a: Jirachi|0 fnt\n|faint|p1a: Jirachi\n|\n|upkeep\n|\n|t:|1700592930\n|switch|p1a: Mew|Mew|100\/100\n|-damage|p1a: Mew|88\/100|[from] Stealth Rock\n|-status|p1a: Mew|tox\n|turn|11\n|\n|t:|1700592941\n|move|p1a: Mew|Solar Blade||[still]\n|-prepare|p1a: Mew|Solar Blade\n|-enditem|p1a: Mew|Power Herb\n|-anim|p1a: Mew|Solar Blade|p2a: Heatran\n|-resisted|p2a: Heatran\n|-damage|p2a: Heatran|40\/100\n|move|p2a: Heatran|Steel Beam|p1a: Mew\n|-damage|p1a: Mew|20\/100 tox\n|-damage|p2a: Heatran|0 fnt|[from] steelbeam\n|faint|p2a: Heatran\n|\n|-heal|p1a: Mew|70\/100 tox|[from] move: Wish|[wisher] Jirachi\n|-damage|p1a: Mew|64\/100 tox|[from] psn\n|upkeep\n|\n|t:|1700592957\n|switch|p2a: Iron Hands|Iron Hands, shiny|100\/100\n|turn|12\n|\n|t:|1700592961\n|move|p2a: Iron Hands|Fake Out|p1a: Mew\n|-damage|p1a: Mew|48\/100 tox\n|cant|p1a: Mew|flinch\n|\n|-damage|p1a: Mew|36\/100 tox|[from] psn\n|upkeep\n|turn|13\n|\n|t:|1700592969\n|move|p1a: Mew|Draining Kiss|p2a: Iron Hands\n|-supereffective|p2a: Iron Hands\n|-damage|p2a: Iron Hands|86\/100\n|-heal|p1a: Mew|51\/100 tox|[from] drain|[of] p2a: Iron Hands\n|move|p2a: Iron Hands|Heavy Slam|p1a: Mew\n|-damage|p1a: Mew|5\/100 tox\n|\n|-damage|p1a: Mew|0 fnt|[from] psn\n|faint|p1a: Mew\n|upkeep\n|\n|t:|1700592974\n|switch|p1a: Clefable|Clefable, M|100\/100\n|-status|p1a: Clefable|tox\n|turn|14\n|\n|t:|1700592983\n|move|p1a: Clefable|Dazzling Gleam|p2a: Iron Hands\n|-supereffective|p2a: Iron Hands\n|-damage|p2a: Iron Hands|37\/100\n|move|p2a: Iron Hands|Heavy Slam|p1a: Clefable\n|-supereffective|p1a: Clefable\n|-damage|p1a: Clefable|0 fnt\n|faint|p1a: Clefable\n|\n|upkeep\n|\n|t:|1700592986\n|switch|p1a: Moltres|Moltres-Galar|100\/100\n|-damage|p1a: Moltres|76\/100|[from] Stealth Rock\n|turn|15\n|\n|t:|1700592996\n|-terastallize|p1a: Moltres|Dark\n|move|p1a: Moltres|Shadow Ball|p2a: Iron Hands\n|-damage|p2a: Iron Hands|23\/100\n|move|p2a: Iron Hands|Wild Charge|p1a: Moltres\n|-damage|p1a: Moltres|22\/100\n|-damage|p2a: Iron Hands|14\/100|[from] Recoil\n|-ability|p1a: Moltres|Berserk|boost\n|-boost|p1a: Moltres|spa|1\n|-enditem|p1a: Moltres|Aguav Berry|[eat]\n|-heal|p1a: Moltres|55\/100|[from] item: Aguav Berry\n|\n|upkeep\n|turn|16\n|\n|t:|1700593012\n|move|p1a: Moltres|Fiery Wrath|p2a: Iron Hands\n|-resisted|p2a: Iron Hands\n|-damage|p2a: Iron Hands|0 fnt\n|faint|p2a: Iron Hands\n|-end|p2a: Iron Hands|Quark Drive|[silent]\n|\n|upkeep\n|\n|t:|1700593023\n|switch|p2a: Garchomp|Garchomp, F, shiny|100\/100\n|turn|17\n|\n|t:|1700593030\n|move|p2a: Garchomp|Swords Dance|p2a: Garchomp\n|-boost|p2a: Garchomp|atk|2\n|move|p1a: Moltres|Fiery Wrath|p2a: Garchomp\n|-damage|p2a: Garchomp|20\/100\n|\n|upkeep\n|turn|18\n|\n|t:|1700593037\n|move|p2a: Garchomp|Scale Shot|p1a: Moltres\n|-damage|p1a: Moltres|28\/100\n|-damage|p1a: Moltres|0 fnt\n|faint|p1a: Moltres\n|-hitcount|p1: Moltres|2\n|\n|win|kanto1969\n|raw|cujo0501's rating: 1000 &rarr; <strong>1000<\/strong><br \/>(+0 for losing)\n|raw|kanto1969's rating: 1106 &rarr; <strong>1124<\/strong><br \/>(+18 for winning)\n|l|\u2606cujo0501\n","uploadtime":1700593046,"views":2,"p1id":"cujo0501","p2id":"kanto1969","formatid":"gen9ou","rating":1000,"private":0,"password":""}