{"id":"gen9ou-1990277670","p1":"da ting go skrrrat","p2":"allegroMJ","format":"[Gen 9] OU","log":"|j|\u2606da ting go skrrrat\n|j|\u2606allegroMJ\n|t:|1699949465\n|gametype|singles\n|player|p1|da ting go skrrrat|170|1564\n|player|p2|allegroMJ|giovanni|1642\n|teamsize|p1|6\n|teamsize|p2|6\n|gen|9\n|tier|[Gen 9] OU\n|rated|\n|rule|Sleep Clause Mod: Limit one foe put to sleep\n|rule|Species Clause: Limit one of each Pok\u00e9mon\n|rule|OHKO Clause: OHKO moves are banned\n|rule|Evasion Items Clause: Evasion items are banned\n|rule|Evasion Moves Clause: Evasion moves are banned\n|rule|Endless Battle Clause: Forcing endless battles is banned\n|rule|HP Percentage Mod: HP is shown in percentages\n|clearpoke\n|poke|p1|Gholdengo|\n|poke|p1|Heatran, M|\n|poke|p1|Great Tusk|\n|poke|p1|Kingambit, F|\n|poke|p1|Dragapult, F|\n|poke|p1|Meowscarada, F|\n|poke|p2|Slowking-Galar, M|\n|poke|p2|Kingambit, M|\n|poke|p2|Ogerpon-Wellspring, F|\n|poke|p2|Ting-Lu|\n|poke|p2|Gholdengo|\n|poke|p2|Thundurus-Therian, M|\n|teampreview\n|inactive|Battle timer is ON: inactive players will automatically lose when time's up. (requested by allegroMJ)\n|inactive|da ting go skrrrat also wants the timer to be on.\n|\n|t:|1699949495\n|start\n|switch|p1a: Meowscarada|Meowscarada, F|100\/100\n|switch|p2a: sinner|Ting-Lu|100\/100\n|-ability|p2a: sinner|Vessel of Ruin\n|turn|1\n|\n|t:|1699949506\n|switch|p2a: cherry coke|Slowking-Galar, M|100\/100\n|move|p1a: Meowscarada|Knock Off|p2a: cherry coke\n|-supereffective|p2a: cherry coke\n|-damage|p2a: cherry coke|5\/100\n|-enditem|p2a: cherry coke|Heavy-Duty Boots|[from] move: Knock Off|[of] p1a: Meowscarada\n|\n|upkeep\n|turn|2\n|\n|t:|1699949512\n|switch|p2a: sinner|Ting-Lu|100\/100\n|-ability|p2a: sinner|Vessel of Ruin\n|move|p1a: Meowscarada|Knock Off|p2a: sinner\n|-resisted|p2a: sinner\n|-damage|p2a: sinner|88\/100\n|-enditem|p2a: sinner|Leftovers|[from] move: Knock Off|[of] p1a: Meowscarada\n|\n|upkeep\n|turn|3\n|\n|t:|1699949517\n|move|p1a: Meowscarada|U-turn|p2a: sinner\n|-supereffective|p2a: sinner\n|-damage|p2a: sinner|65\/100\n|\n|t:|1699949519\n|switch|p1a: Great Tusk|Great Tusk|100\/100|[from] U-turn\n|move|p2a: sinner|Spikes|p1a: Great Tusk\n|-sidestart|p1: da ting go skrrrat|Spikes\n|\n|upkeep\n|turn|4\n|\n|t:|1699949526\n|switch|p2a: insaneintherain|Gholdengo|100\/100\n|move|p1a: Great Tusk|Knock Off|p2a: insaneintherain\n|-supereffective|p2a: insaneintherain\n|-damage|p2a: insaneintherain|23\/100\n|-enditem|p2a: insaneintherain|Choice Specs|[from] move: Knock Off|[of] p1a: Great Tusk\n|\n|upkeep\n|turn|5\n|\n|t:|1699949529\n|move|p1a: Great Tusk|Knock Off|p2a: insaneintherain\n|-supereffective|p2a: insaneintherain\n|-damage|p2a: insaneintherain|0 fnt\n|faint|p2a: insaneintherain\n|\n|upkeep\n|\n|t:|1699949532\n|switch|p2a: castaway|Ogerpon-Wellspring, F|100\/100\n|turn|6\n|\n|t:|1699949543\n|-terastallize|p1a: Great Tusk|Poison\n|move|p2a: castaway|Ivy Cudgel|p1a: Great Tusk\n|-damage|p1a: Great Tusk|54\/100\n|move|p1a: Great Tusk|Rapid Spin|p2a: castaway\n|-damage|p2a: castaway|79\/100\n|-boost|p1a: Great Tusk|spe|1\n|-sideend|p1: da ting go skrrrat|Spikes|[from] move: Rapid Spin|[of] p1a: Great Tusk\n|\n|-heal|p1a: Great Tusk|61\/100|[from] item: Leftovers\n|upkeep\n|turn|7\n|\n|t:|1699949549\n|move|p1a: Great Tusk|Ice Spinner|p2a: castaway\n|-damage|p2a: castaway|40\/100\n|move|p2a: castaway|Ivy Cudgel|p1a: Great Tusk\n|-damage|p1a: Great Tusk|21\/100\n|\n|-heal|p1a: Great Tusk|27\/100|[from] item: Leftovers\n|upkeep\n|turn|8\n|\n|t:|1699949553\n|move|p1a: Great Tusk|Headlong Rush|p2a: castaway\n|-resisted|p2a: castaway\n|-damage|p2a: castaway|0 fnt\n|-unboost|p1a: Great Tusk|def|1\n|-unboost|p1a: Great Tusk|spd|1\n|faint|p2a: castaway\n|\n|-heal|p1a: Great Tusk|33\/100|[from] item: Leftovers\n|upkeep\n|\n|t:|1699949557\n|switch|p2a: desperado|Kingambit, M|100\/100\n|-activate|p2a: desperado|ability: Supreme Overlord\n|-start|p2a: desperado|fallen2|[silent]\n|turn|9\n|\n|t:|1699949563\n|-end|p1a: Great Tusk|Protosynthesis|[silent]\n|switch|p1a: Heatran|Heatran, M|100\/100\n|move|p2a: desperado|Sucker Punch||[still]\n|-fail|p2a: desperado\n|\n|upkeep\n|turn|10\n|\n|t:|1699949572\n|-end|p2a: desperado|fallen2|[silent]\n|switch|p2a: cherry coke|Slowking-Galar, M|39\/100\n|move|p1a: Heatran|Stealth Rock|p2a: cherry coke\n|-sidestart|p2: allegroMJ|move: Stealth Rock\n|\n|upkeep\n|turn|11\n|\n|t:|1699949578\n|switch|p2a: sinner|Ting-Lu|65\/100\n|-damage|p2a: sinner|58\/100|[from] Stealth Rock\n|-ability|p2a: sinner|Vessel of Ruin\n|move|p1a: Heatran|Earth Power|p2a: sinner\n|-crit|p2a: sinner\n|-damage|p2a: sinner|41\/100\n|\n|upkeep\n|turn|12\n|\n|t:|1699949587\n|switch|p1a: Great Tusk|Great Tusk, tera:Poison|33\/100\n|move|p2a: sinner|Spikes|p1a: Great Tusk\n|-sidestart|p1: da ting go skrrrat|Spikes\n|\n|-heal|p1a: Great Tusk|40\/100|[from] item: Leftovers\n|upkeep\n|turn|13\n|\n|t:|1699949592\n|move|p1a: Great Tusk|Rapid Spin|p2a: sinner\n|-damage|p2a: sinner|31\/100\n|-boost|p1a: Great Tusk|spe|1\n|-sideend|p1: da ting go skrrrat|Spikes|[from] move: Rapid Spin|[of] p1a: Great Tusk\n|move|p2a: sinner|Earthquake|p1a: Great Tusk\n|-supereffective|p1a: Great Tusk\n|-damage|p1a: Great Tusk|0 fnt\n|faint|p1a: Great Tusk\n|-end|p1a: Great Tusk|Protosynthesis|[silent]\n|\n|upkeep\n|\n|t:|1699949600\n|switch|p1a: Kingambit|Kingambit, F|100\/100\n|-activate|p1a: Kingambit|ability: Supreme Overlord\n|-start|p1a: Kingambit|fallen1|[silent]\n|turn|14\n|\n|t:|1699949605\n|switch|p2a: cherry coke|Slowking-Galar, M|72\/100\n|-damage|p2a: cherry coke|60\/100|[from] Stealth Rock\n|move|p1a: Kingambit|Low Kick|p2a: cherry coke\n|-resisted|p2a: cherry coke\n|-crit|p2a: cherry coke\n|-damage|p2a: cherry coke|45\/100\n|\n|upkeep\n|turn|15\n|\n|t:|1699949615\n|move|p1a: Kingambit|Kowtow Cleave|p2a: cherry coke\n|-supereffective|p2a: cherry coke\n|-damage|p2a: cherry coke|0 fnt\n|faint|p2a: cherry coke\n|\n|upkeep\n|\n|t:|1699949621\n|switch|p2a: clear skies|Thundurus-Therian, M|100\/100\n|-damage|p2a: clear skies|76\/100|[from] Stealth Rock\n|turn|16\n|\n|t:|1699949627\n|-end|p1a: Kingambit|fallen1|[silent]\n|switch|p1a: Meowscarada|Meowscarada, F|100\/100\n|move|p2a: clear skies|Volt Switch|p1a: Meowscarada\n|-resisted|p1a: Meowscarada\n|-crit|p1a: Meowscarada\n|-damage|p1a: Meowscarada|32\/100\n|\n|t:|1699949637\n|switch|p2a: sinner|Ting-Lu|31\/100|[from] Volt Switch\n|-damage|p2a: sinner|25\/100|[from] Stealth Rock\n|-ability|p2a: sinner|Vessel of Ruin\n|\n|upkeep\n|turn|17\n|\n|t:|1699949641\n|move|p1a: Meowscarada|Leaf Storm|p2a: sinner\n|-supereffective|p2a: sinner\n|-damage|p2a: sinner|0 fnt\n|-unboost|p1a: Meowscarada|spa|2\n|faint|p2a: sinner\n|\n|upkeep\n|\n|t:|1699949644\n|switch|p2a: desperado|Kingambit, M|100\/100\n|-damage|p2a: desperado|94\/100|[from] Stealth Rock\n|-activate|p2a: desperado|ability: Supreme Overlord\n|-start|p2a: desperado|fallen4|[silent]\n|turn|18\n|\n|t:|1699949655\n|move|p1a: Meowscarada|U-turn|p2a: desperado\n|-damage|p2a: desperado|77\/100\n|\n|t:|1699949657\n|switch|p1a: Heatran|Heatran, M|100\/100|[from] U-turn\n|move|p2a: desperado|Swords Dance|p2a: desperado\n|-boost|p2a: desperado|atk|2\n|\n|-heal|p2a: desperado|83\/100|[from] item: Leftovers\n|upkeep\n|turn|19\n|inactive|allegroMJ has 120 seconds left.\n|\n|t:|1699949691\n|-terastallize|p2a: desperado|Fire\n|move|p1a: Heatran|Magma Storm|p2a: desperado|[miss]\n|-miss|p1a: Heatran|p2a: desperado\n|move|p2a: desperado|Low Kick|p1a: Heatran\n|-supereffective|p1a: Heatran\n|-damage|p1a: Heatran|0 fnt\n|faint|p1a: Heatran\n|\n|-heal|p2a: desperado|89\/100|[from] item: Leftovers\n|upkeep\n|\n|t:|1699949705\n|switch|p1a: Dragapult|Dragapult, F|100\/100\n|turn|20\n|\n|t:|1699949709\n|move|p1a: Dragapult|Curse|p2a: desperado\n|-start|p2a: desperado|Curse|[of] p1a: Dragapult\n|-damage|p1a: Dragapult|51\/100\n|move|p2a: desperado|Kowtow Cleave|p1a: Dragapult\n|-supereffective|p1a: Dragapult\n|-damage|p1a: Dragapult|0 fnt\n|faint|p1a: Dragapult\n|\n|-heal|p2a: desperado|95\/100|[from] item: Leftovers\n|-damage|p2a: desperado|70\/100|[from] Curse\n|upkeep\n|\n|t:|1699949717\n|switch|p1a: Kingambit|Kingambit, F|100\/100\n|-activate|p1a: Kingambit|ability: Supreme Overlord\n|-start|p1a: Kingambit|fallen3|[silent]\n|turn|21\n|\n|t:|1699949739\n|-end|p2a: desperado|fallen4|[silent]\n|switch|p2a: clear skies|Thundurus-Therian, M|76\/100\n|-damage|p2a: clear skies|51\/100|[from] Stealth Rock\n|-end|p1a: Kingambit|fallen3|[silent]\n|switch|p1a: Gholdengo|Gholdengo|100\/100\n|\n|upkeep\n|turn|22\n|inactive|allegroMJ has 120 seconds left.\n|\n|t:|1699949772\n|move|p2a: clear skies|Knock Off|p1a: Gholdengo\n|-supereffective|p1a: Gholdengo\n|-damage|p1a: Gholdengo|75\/100\n|-enditem|p1a: Gholdengo|Covert Cloak|[from] move: Knock Off|[of] p2a: clear skies\n|move|p1a: Gholdengo|Shadow Ball|p2a: clear skies\n|-damage|p2a: clear skies|5\/100\n|\n|upkeep\n|turn|23\n|\n|t:|1699949778\n|move|p2a: clear skies|Knock Off|p1a: Gholdengo\n|-supereffective|p1a: Gholdengo\n|-damage|p1a: Gholdengo|54\/100\n|move|p1a: Gholdengo|Recover|p1a: Gholdengo\n|-heal|p1a: Gholdengo|100\/100\n|\n|upkeep\n|turn|24\n|\n|t:|1699949784\n|move|p2a: clear skies|Knock Off|p1a: Gholdengo\n|-supereffective|p1a: Gholdengo\n|-damage|p1a: Gholdengo|79\/100\n|move|p1a: Gholdengo|Shadow Ball|p2a: clear skies\n|-damage|p2a: clear skies|0 fnt\n|faint|p2a: clear skies\n|\n|upkeep\n|\n|t:|1699949799\n|switch|p2a: desperado|Kingambit, M, tera:Fire|70\/100\n|-damage|p2a: desperado|45\/100|[from] Stealth Rock\n|-activate|p2a: desperado|ability: Supreme Overlord\n|-start|p2a: desperado|fallen5|[silent]\n|turn|25\n|\n|t:|1699949811\n|move|p2a: desperado|Sucker Punch|p1a: Gholdengo\n|-supereffective|p1a: Gholdengo\n|-damage|p1a: Gholdengo|0 fnt\n|faint|p1a: Gholdengo\n|\n|-heal|p2a: desperado|51\/100|[from] item: Leftovers\n|upkeep\n|\n|t:|1699949815\n|switch|p1a: Kingambit|Kingambit, F|100\/100\n|-activate|p1a: Kingambit|ability: Supreme Overlord\n|-start|p1a: Kingambit|fallen4|[silent]\n|turn|26\n|\n|t:|1699949818\n|move|p2a: desperado|Low Kick|p1a: Kingambit\n|-supereffective|p1a: Kingambit\n|-damage|p1a: Kingambit|0 fnt\n|faint|p1a: Kingambit\n|-end|p1a: Kingambit|fallen4|[silent]\n|\n|-heal|p2a: desperado|57\/100|[from] item: Leftovers\n|upkeep\n|c|\u2606da ting go skrrrat|you are so dumb\n|-message|da ting go skrrrat forfeited.\n|\n|win|allegroMJ\n|raw|da ting go skrrrat's rating: 1564 &rarr; <strong>1548<\/strong><br \/>(-16 for losing)\n|raw|allegroMJ's rating: 1642 &rarr; <strong>1658<\/strong><br \/>(+16 for winning)\n|l|\u2606da ting go skrrrat\n","uploadtime":1699949845,"views":14,"p1id":"datinggoskrrrat","p2id":"allegromj","formatid":"gen9ou","rating":1548,"private":0,"password":""}