{"id":"gen9ou-1993780446","p1":"pokmn Legend Blue","p2":"THEAsianFaLiUrE","format":"[Gen 9] OU","log":"|j|\u2606pokmn Legend Blue\n|j|\u2606THEAsianFaLiUrE\n|t:|1700356396\n|gametype|singles\n|player|p1|pokmn Legend Blue|blue|1004\n|player|p2|THEAsianFaLiUrE|266|1095\n|teamsize|p1|6\n|teamsize|p2|6\n|gen|9\n|tier|[Gen 9] OU\n|rated|\n|rule|Sleep Clause Mod: Limit one foe put to sleep\n|rule|Species Clause: Limit one of each Pok\u00e9mon\n|rule|OHKO Clause: OHKO moves are banned\n|rule|Evasion Items Clause: Evasion items are banned\n|rule|Evasion Moves Clause: Evasion moves are banned\n|rule|Endless Battle Clause: Forcing endless battles is banned\n|rule|HP Percentage Mod: HP is shown in percentages\n|clearpoke\n|poke|p1|Eelektross, M|\n|poke|p1|Hoopa-Unbound|\n|poke|p1|Azelf|\n|poke|p1|Salamence, M|\n|poke|p1|Greninja-*, M|\n|poke|p1|Jirachi|\n|poke|p2|Ogerpon-Cornerstone, F|\n|poke|p2|Kingambit, F|\n|poke|p2|Iron Moth|\n|poke|p2|Rillaboom, M|\n|poke|p2|Ceruledge, M|\n|poke|p2|Iron Hands|\n|teampreview\n|c|\u2606THEAsianFaLiUrE|cool team dude glhf\n|\n|t:|1700356414\n|start\n|switch|p1a: Azelf|Azelf|100\/100\n|switch|p2a: Iron Hands|Iron Hands|100\/100\n|turn|1\n|\n|t:|1700356425\n|move|p1a: Azelf|Stealth Rock|p2a: Iron Hands\n|-sidestart|p2: THEAsianFaLiUrE|move: Stealth Rock\n|move|p2a: Iron Hands|Swords Dance|p2a: Iron Hands\n|-boost|p2a: Iron Hands|atk|2\n|\n|upkeep\n|turn|2\n|\n|t:|1700356435\n|move|p1a: Azelf|Future Sight|p2a: Iron Hands\n|-start|p1a: Azelf|move: Future Sight\n|move|p2a: Iron Hands|Wild Charge|p1a: Azelf\n|-enditem|p1a: Azelf|Focus Sash\n|-damage|p1a: Azelf|1\/100\n|-damage|p2a: Iron Hands|84\/100|[from] Recoil\n|\n|-heal|p2a: Iron Hands|90\/100|[from] item: Leftovers\n|upkeep\n|turn|3\n|\n|t:|1700356447\n|-end|p2a: Iron Hands|Quark Drive|[silent]\n|switch|p2a: Kingambit|Kingambit, F|100\/100\n|-damage|p2a: Kingambit|94\/100|[from] Stealth Rock\n|move|p1a: Azelf|Explosion|p2a: Kingambit\n|-resisted|p2a: Kingambit\n|-damage|p2a: Kingambit|60\/100\n|faint|p1a: Azelf\n|\n|upkeep\n|\n|t:|1700356459\n|switch|p1a: Salamence|Salamence, M|100\/100\n|turn|4\n|\n|t:|1700356468\n|move|p1a: Salamence|Dragon Dance|p1a: Salamence\n|-boost|p1a: Salamence|atk|1\n|-boost|p1a: Salamence|spe|1\n|move|p2a: Kingambit|Kowtow Cleave|p1a: Salamence\n|-damage|p1a: Salamence|38\/100\n|\n|-end|p2a: Kingambit|move: Future Sight\n|-immune|p2a: Kingambit\n|upkeep\n|turn|5\n|\n|t:|1700356477\n|move|p1a: Salamence|Earthquake|p2a: Kingambit\n|-supereffective|p2a: Kingambit\n|-damage|p2a: Kingambit|0 fnt\n|faint|p2a: Kingambit\n|-end|p2a: Kingambit|fallenundefined|[silent]\n|-ability|p1a: Salamence|Moxie|boost\n|-boost|p1a: Salamence|atk|1\n|\n|upkeep\n|\n|t:|1700356483\n|switch|p2a: Ceruledge|Ceruledge, M|100\/100\n|-damage|p2a: Ceruledge|76\/100|[from] Stealth Rock\n|turn|6\n|\n|t:|1700356494\n|move|p2a: Ceruledge|Shadow Sneak|p1a: Salamence\n|-damage|p1a: Salamence|13\/100\n|move|p1a: Salamence|Earthquake|p2a: Ceruledge\n|-supereffective|p2a: Ceruledge\n|-damage|p2a: Ceruledge|0 fnt\n|faint|p2a: Ceruledge\n|-ability|p1a: Salamence|Moxie|boost\n|-boost|p1a: Salamence|atk|1\n|\n|upkeep\n|\n|t:|1700356501\n|switch|p2a: Rillaboom|Rillaboom, M|100\/100\n|-damage|p2a: Rillaboom|88\/100|[from] Stealth Rock\n|-fieldstart|move: Grassy Terrain|[from] ability: Grassy Surge|[of] p2a: Rillaboom\n|turn|7\n|\n|t:|1700356508\n|move|p2a: Rillaboom|Grassy Glide|p1a: Salamence\n|-resisted|p1a: Salamence\n|-crit|p1a: Salamence\n|-damage|p1a: Salamence|0 fnt\n|faint|p1a: Salamence\n|-damage|p2a: Rillaboom|78\/100|[from] item: Life Orb\n|\n|-heal|p2a: Rillaboom|84\/100|[from] Grassy Terrain\n|upkeep\n|\n|t:|1700356515\n|switch|p1a: Eelektross|Eelektross, M|100\/100\n|turn|8\n|\n|t:|1700356520\n|move|p1a: Eelektross|Flamethrower|p2a: Rillaboom\n|-supereffective|p2a: Rillaboom\n|-damage|p2a: Rillaboom|12\/100\n|move|p2a: Rillaboom|Knock Off|p1a: Eelektross\n|-damage|p1a: Eelektross|40\/100\n|-enditem|p1a: Eelektross|Choice Scarf|[from] move: Knock Off|[of] p2a: Rillaboom\n|-damage|p2a: Rillaboom|2\/100|[from] item: Life Orb\n|\n|-heal|p2a: Rillaboom|8\/100|[from] Grassy Terrain\n|upkeep\n|turn|9\n|\n|t:|1700356529\n|move|p2a: Rillaboom|Grassy Glide|p1a: Eelektross\n|-damage|p1a: Eelektross|0 fnt\n|faint|p1a: Eelektross\n|-damage|p2a: Rillaboom|0 fnt|[from] item: Life Orb\n|faint|p2a: Rillaboom\n|\n|upkeep\n|\n|t:|1700356554\n|switch|p2a: Iron Hands|Iron Hands|90\/100\n|switch|p1a: Kami|Jirachi, shiny|100\/100\n|-damage|p2a: Iron Hands|84\/100|[from] Stealth Rock\n|turn|10\n|\n|t:|1700356580\n|-terastallize|p2a: Iron Hands|Steel\n|move|p1a: Kami|Iron Head|p2a: Iron Hands\n|-resisted|p2a: Iron Hands\n|-damage|p2a: Iron Hands|73\/100\n|cant|p2a: Iron Hands|flinch\n|\n|-heal|p2a: Iron Hands|79\/100|[from] Grassy Terrain\n|-heal|p2a: Iron Hands|85\/100|[from] item: Leftovers\n|upkeep\n|turn|11\n|\n|t:|1700356595\n|move|p1a: Kami|Iron Head|p2a: Iron Hands\n|-resisted|p2a: Iron Hands\n|-damage|p2a: Iron Hands|73\/100\n|cant|p2a: Iron Hands|flinch\n|\n|-heal|p2a: Iron Hands|79\/100|[from] Grassy Terrain\n|-heal|p2a: Iron Hands|85\/100|[from] item: Leftovers\n|-fieldend|move: Grassy Terrain\n|upkeep\n|turn|12\n|\n|t:|1700356603\n|-terastallize|p1a: Kami|Steel\n|move|p1a: Kami|Iron Head|p2a: Iron Hands\n|-resisted|p2a: Iron Hands\n|-damage|p2a: Iron Hands|70\/100\n|cant|p2a: Iron Hands|flinch\n|\n|-heal|p2a: Iron Hands|76\/100|[from] item: Leftovers\n|upkeep\n|turn|13\n|\n|t:|1700356610\n|move|p1a: Kami|Iron Head|p2a: Iron Hands\n|-resisted|p2a: Iron Hands\n|-damage|p2a: Iron Hands|58\/100\n|cant|p2a: Iron Hands|flinch\n|\n|-heal|p2a: Iron Hands|65\/100|[from] item: Leftovers\n|upkeep\n|turn|14\n|c|\u2606THEAsianFaLiUrE|lucky ass\n|\n|t:|1700356620\n|move|p1a: Kami|Iron Head|p2a: Iron Hands\n|-resisted|p2a: Iron Hands\n|-damage|p2a: Iron Hands|48\/100\n|cant|p2a: Iron Hands|flinch\n|\n|-heal|p2a: Iron Hands|54\/100|[from] item: Leftovers\n|upkeep\n|turn|15\n|n|!THEAsianFaLiUrE|theasianfaliure\n|\n|t:|1700356629\n|move|p1a: Kami|Iron Head|p2a: Iron Hands\n|-resisted|p2a: Iron Hands\n|-damage|p2a: Iron Hands|38\/100\n|cant|p2a: Iron Hands|flinch\n|\n|-heal|p2a: Iron Hands|45\/100|[from] item: Leftovers\n|upkeep\n|turn|16\n|c|\u2606pokmn Legend Blue|It's 60%\n|\n|t:|1700356642\n|move|p1a: Kami|Iron Head|p2a: Iron Hands\n|-resisted|p2a: Iron Hands\n|-damage|p2a: Iron Hands|28\/100\n|cant|p2a: Iron Hands|flinch\n|\n|-heal|p2a: Iron Hands|34\/100|[from] item: Leftovers\n|upkeep\n|turn|17\n|\n|t:|1700356649\n|move|p1a: Kami|Iron Head|p2a: Iron Hands\n|-resisted|p2a: Iron Hands\n|-damage|p2a: Iron Hands|18\/100\n|cant|p2a: Iron Hands|flinch\n|\n|-heal|p2a: Iron Hands|24\/100|[from] item: Leftovers\n|upkeep\n|turn|18\n|\n|t:|1700356655\n|move|p1a: Kami|Iron Head|p2a: Iron Hands\n|-resisted|p2a: Iron Hands\n|-damage|p2a: Iron Hands|7\/100\n|move|p2a: Iron Hands|Wild Charge|p1a: Kami\n|-damage|p1a: Kami|41\/100\n|-damage|p2a: Iron Hands|0 fnt|[from] Recoil\n|faint|p2a: Iron Hands\n|-end|p2a: Iron Hands|Quark Drive|[silent]\n|\n|upkeep\n|\n|t:|1700356664\n|switch|p2a: Iron Moth|Iron Moth|100\/100\n|-damage|p2a: Iron Moth|76\/100|[from] Stealth Rock\n|-enditem|p2a: Iron Moth|Booster Energy\n|-activate|p2a: Iron Moth|ability: Quark Drive|[fromitem]\n|-start|p2a: Iron Moth|quarkdrivespe\n|turn|19\n|c|\u2606pokmn Legend Blue|So yeah lucky\n|\n|t:|1700356671\n|move|p2a: Iron Moth|Fiery Dance|p1a: Kami\n|-supereffective|p1a: Kami\n|-damage|p1a: Kami|0 fnt\n|faint|p1a: Kami\n|\n|upkeep\n|\n|t:|1700356674\n|switch|p1a: Ninja|Greninja, M|100\/100\n|turn|20\n|\n|t:|1700356683\n|move|p1a: Ninja|Water Shuriken|p2a: Iron Moth\n|-supereffective|p2a: Iron Moth\n|-damage|p2a: Iron Moth|57\/100\n|-supereffective|p2a: Iron Moth\n|-crit|p2a: Iron Moth\n|-damage|p2a: Iron Moth|27\/100\n|-supereffective|p2a: Iron Moth\n|-damage|p2a: Iron Moth|9\/100\n|-hitcount|p2a: Iron Moth|3\n|-damage|p1a: Ninja|91\/100|[from] item: Life Orb\n|move|p2a: Iron Moth|Dazzling Gleam|p1a: Ninja\n|-supereffective|p1a: Ninja\n|-damage|p1a: Ninja|4\/100\n|\n|upkeep\n|turn|21\n|\n|t:|1700356694\n|move|p2a: Iron Moth|Dazzling Gleam|p1a: Ninja\n|-supereffective|p1a: Ninja\n|-damage|p1a: Ninja|0 fnt\n|faint|p1a: Ninja\n|\n|upkeep\n|\n|t:|1700356697\n|switch|p1a: Mahoraga|Hoopa-Unbound|100\/100\n|turn|22\n|\n|t:|1700356703\n|move|p2a: Iron Moth|Dazzling Gleam|p1a: Mahoraga\n|-supereffective|p1a: Mahoraga\n|-damage|p1a: Mahoraga|60\/100\n|move|p1a: Mahoraga|Calm Mind|p1a: Mahoraga\n|-boost|p1a: Mahoraga|spa|1\n|-boost|p1a: Mahoraga|spd|1\n|\n|upkeep\n|turn|23\n|\n|t:|1700356712\n|move|p2a: Iron Moth|Dazzling Gleam|p1a: Mahoraga\n|-supereffective|p1a: Mahoraga\n|-damage|p1a: Mahoraga|31\/100\n|move|p1a: Mahoraga|Rest|p1a: Mahoraga\n|-status|p1a: Mahoraga|slp|[from] move: Rest\n|-heal|p1a: Mahoraga|100\/100 slp|[silent]\n|-enditem|p1a: Mahoraga|Chesto Berry|[eat]\n|-curestatus|p1a: Mahoraga|slp|[msg]\n|\n|upkeep\n|turn|24\n|\n|t:|1700356720\n|move|p2a: Iron Moth|Dazzling Gleam|p1a: Mahoraga\n|-supereffective|p1a: Mahoraga\n|-damage|p1a: Mahoraga|75\/100\n|move|p1a: Mahoraga|Psychic|p2a: Iron Moth\n|-supereffective|p2a: Iron Moth\n|-damage|p2a: Iron Moth|0 fnt\n|faint|p2a: Iron Moth\n|-end|p2a: Iron Moth|Quark Drive|[silent]\n|\n|upkeep\n|\n|t:|1700356727\n|switch|p2a: Ogerpon|Ogerpon-Cornerstone, F|100\/100\n|-damage|p2a: Ogerpon|88\/100|[from] Stealth Rock\n|turn|25\n|\n|t:|1700356731\n|move|p2a: Ogerpon|Power Whip|p1a: Mahoraga|[miss]\n|-miss|p2a: Ogerpon|p1a: Mahoraga\n|move|p1a: Mahoraga|Psychic|p2a: Ogerpon\n|-damage|p2a: Ogerpon|0 fnt\n|faint|p2a: Ogerpon\n|\n|win|pokmn Legend Blue\n|raw|pokmn Legend Blue's rating: 1004 &rarr; <strong>1053<\/strong><br \/>(+49 for winning)\n|raw|THEAsianFaLiUrE's rating: 1095 &rarr; <strong>1065<\/strong><br \/>(-30 for losing)\n","uploadtime":1700356627,"views":8,"p1id":"pokmnlegendblue","p2id":"theasianfaliure","formatid":"gen9ou","rating":1053,"private":0,"password":""}