{"id":"gen9ou-1988564356","p1":"er98","p2":"Monarch's Jester","format":"[Gen 9] OU","log":"|j|\u2606er98\n|j|\u2606Monarch's Jester\n|t:|1699736610\n|gametype|singles\n|player|p1|er98|volkner|1445\n|player|p2|Monarch's Jester|hilbert-wonderlauncher|1386\n|teamsize|p1|6\n|teamsize|p2|6\n|gen|9\n|tier|[Gen 9] OU\n|rated|\n|rule|Sleep Clause Mod: Limit one foe put to sleep\n|rule|Species Clause: Limit one of each Pok\u00e9mon\n|rule|OHKO Clause: OHKO moves are banned\n|rule|Evasion Items Clause: Evasion items are banned\n|rule|Evasion Moves Clause: Evasion moves are banned\n|rule|Endless Battle Clause: Forcing endless battles is banned\n|rule|HP Percentage Mod: HP is shown in percentages\n|clearpoke\n|poke|p1|Alomomola, F|\n|poke|p1|Slowking-Galar, F|\n|poke|p1|Kingambit, F|\n|poke|p1|Great Tusk|\n|poke|p1|Cinderace, F|\n|poke|p1|Thundurus-Therian, M|\n|poke|p2|Dragapult, F|\n|poke|p2|Corviknight, F|\n|poke|p2|Iron Moth|\n|poke|p2|Great Tusk|\n|poke|p2|Ting-Lu|\n|poke|p2|Scizor, M|\n|teampreview\n|\n|t:|1699736648\n|start\n|switch|p1a: Cinderace|Cinderace, F|100\/100\n|switch|p2a: Scizor|Scizor, M|100\/100\n|turn|1\n|\n|t:|1699736655\n|switch|p2a: Great Tusk|Great Tusk|100\/100\n|move|p1a: Cinderace|Will-O-Wisp|p2a: Great Tusk\n|-status|p2a: Great Tusk|brn\n|\n|-damage|p2a: Great Tusk|94\/100 brn|[from] brn\n|upkeep\n|turn|2\n|inactive|Battle timer is ON: inactive players will automatically lose when time's up. (requested by Monarch's Jester)\n|\n|t:|1699736663\n|move|p1a: Cinderace|U-turn|p2a: Great Tusk\n|-start|p1a: Cinderace|typechange|Bug|[from] ability: Libero\n|-resisted|p2a: Great Tusk\n|-damage|p2a: Great Tusk|86\/100 brn\n|\n|t:|1699736667\n|switch|p1a: Great Tusk|Great Tusk|100\/100|[from] U-turn\n|move|p2a: Great Tusk|Stealth Rock|p1a: Great Tusk\n|-sidestart|p1: er98|move: Stealth Rock\n|\n|-heal|p2a: Great Tusk|92\/100 brn|[from] item: Leftovers\n|-damage|p2a: Great Tusk|86\/100 brn|[from] brn\n|upkeep\n|turn|3\n|\n|t:|1699736675\n|-end|p2a: Great Tusk|Protosynthesis|[silent]\n|switch|p2a: Corviknight|Corviknight, F|100\/100\n|-ability|p2a: Corviknight|Pressure\n|move|p1a: Great Tusk|Ice Spinner|p2a: Corviknight\n|-damage|p2a: Corviknight|82\/100\n|\n|-heal|p2a: Corviknight|89\/100|[from] item: Leftovers\n|upkeep\n|turn|4\n|\n|t:|1699736682\n|move|p1a: Great Tusk|Rapid Spin|p2a: Corviknight\n|-resisted|p2a: Corviknight\n|-damage|p2a: Corviknight|83\/100\n|-boost|p1a: Great Tusk|spe|1\n|-sideend|p1: er98|Stealth Rock|[from] move: Rapid Spin|[of] p1a: Great Tusk\n|move|p2a: Corviknight|U-turn|p1a: Great Tusk\n|-resisted|p1a: Great Tusk\n|-crit|p1a: Great Tusk\n|-damage|p1a: Great Tusk|92\/100\n|-damage|p2a: Corviknight|67\/100|[from] item: Rocky Helmet|[of] p1a: Great Tusk\n|\n|t:|1699736691\n|switch|p2a: Dragapult|Dragapult, F|100\/100|[from] U-turn\n|\n|upkeep\n|turn|5\n|\n|t:|1699736721\n|-end|p1a: Great Tusk|Protosynthesis|[silent]\n|switch|p1a: Kingambit|Kingambit, F|100\/100\n|move|p2a: Dragapult|Draco Meteor|p1a: Kingambit\n|-resisted|p1a: Kingambit\n|-damage|p1a: Kingambit|62\/100\n|-unboost|p2a: Dragapult|spa|2\n|\n|-heal|p1a: Kingambit|68\/100|[from] item: Leftovers\n|upkeep\n|turn|6\n|\n|t:|1699736727\n|switch|p2a: Corviknight|Corviknight, F|67\/100\n|-ability|p2a: Corviknight|Pressure\n|-end|p1a: Kingambit|fallenundefined|[silent]\n|switch|p1a: Slowking|Slowking-Galar, F|100\/100\n|\n|-heal|p2a: Corviknight|73\/100|[from] item: Leftovers\n|upkeep\n|turn|7\n|\n|t:|1699736731\n|move|p2a: Corviknight|U-turn|p1a: Slowking\n|-damage|p1a: Slowking|85\/100\n|\n|t:|1699736736\n|switch|p2a: Scizor|Scizor, M|100\/100|[from] U-turn\n|move|p1a: Slowking|Future Sight|p2a: Scizor\n|-start|p1a: Slowking|move: Future Sight\n|\n|upkeep\n|turn|8\n|\n|t:|1699736765\n|switch|p1a: Great Tusk|Great Tusk|92\/100\n|move|p2a: Scizor|Knock Off|p1a: Great Tusk\n|-resisted|p1a: Great Tusk\n|-damage|p1a: Great Tusk|80\/100\n|-damage|p2a: Scizor|84\/100|[from] item: Rocky Helmet|[of] p1a: Great Tusk\n|-enditem|p1a: Great Tusk|Rocky Helmet|[from] move: Knock Off|[of] p2a: Scizor\n|\n|-heal|p2a: Scizor|90\/100|[from] item: Leftovers\n|upkeep\n|turn|9\n|\n|t:|1699736773\n|move|p1a: Great Tusk|Stealth Rock|p2a: Scizor\n|-sidestart|p2: Monarch's Jester|move: Stealth Rock\n|move|p2a: Scizor|U-turn|p1a: Great Tusk\n|-resisted|p1a: Great Tusk\n|-damage|p1a: Great Tusk|64\/100\n|\n|t:|1699736778\n|switch|p2a: Corviknight|Corviknight, F|73\/100|[from] U-turn\n|-damage|p2a: Corviknight|61\/100|[from] Stealth Rock\n|-ability|p2a: Corviknight|Pressure\n|\n|-end|p2a: Corviknight|move: Future Sight\n|-resisted|p2a: Corviknight\n|-damage|p2a: Corviknight|40\/100\n|-heal|p2a: Corviknight|46\/100|[from] item: Leftovers\n|upkeep\n|turn|10\n|\n|t:|1699736799\n|-end|p1a: Great Tusk|Protosynthesis|[silent]\n|switch|p1a: Thundurus|Thundurus-Therian, M|100\/100\n|move|p2a: Corviknight|Roost|p2a: Corviknight\n|-heal|p2a: Corviknight|96\/100\n|-singleturn|p2a: Corviknight|move: Roost\n|\n|-heal|p2a: Corviknight|100\/100|[from] item: Leftovers\n|upkeep\n|turn|11\n|inactive|Monarch's Jester has 120 seconds left.\n|inactive|Monarch's Jester has 90 seconds left.\n|\n|t:|1699736863\n|switch|p2a: Ting-Lu|Ting-Lu|100\/100\n|-damage|p2a: Ting-Lu|94\/100|[from] Stealth Rock\n|-ability|p2a: Ting-Lu|Vessel of Ruin\n|move|p1a: Thundurus|Knock Off|p2a: Ting-Lu\n|-resisted|p2a: Ting-Lu\n|-damage|p2a: Ting-Lu|90\/100\n|-enditem|p2a: Ting-Lu|Leftovers|[from] move: Knock Off|[of] p1a: Thundurus\n|\n|upkeep\n|turn|12\n|inactive|er98 has 120 seconds left.\n|inactive|Monarch's Jester has 90 seconds left.\n|\n|t:|1699736920\n|switch|p1a: Great Tusk|Great Tusk|64\/100\n|move|p2a: Ting-Lu|Ruination|p1a: Great Tusk\n|-damage|p1a: Great Tusk|32\/100\n|\n|upkeep\n|turn|13\n|inactive|er98 has 120 seconds left.\n|inactive|Monarch's Jester has 60 seconds left.\n|\n|t:|1699736936\n|switch|p2a: Corviknight|Corviknight, F|100\/100\n|-damage|p2a: Corviknight|88\/100|[from] Stealth Rock\n|-ability|p2a: Corviknight|Pressure\n|move|p1a: Great Tusk|Ice Spinner|p2a: Corviknight\n|-damage|p2a: Corviknight|68\/100\n|\n|-heal|p2a: Corviknight|75\/100|[from] item: Leftovers\n|upkeep\n|turn|14\n|\n|t:|1699736945\n|-end|p1a: Great Tusk|Protosynthesis|[silent]\n|switch|p1a: Thundurus|Thundurus-Therian, M|100\/100\n|move|p2a: Corviknight|U-turn|p1a: Thundurus\n|-resisted|p1a: Thundurus\n|-damage|p1a: Thundurus|88\/100\n|\n|t:|1699736950\n|switch|p2a: Ting-Lu|Ting-Lu|90\/100|[from] U-turn\n|-damage|p2a: Ting-Lu|84\/100|[from] Stealth Rock\n|-ability|p2a: Ting-Lu|Vessel of Ruin\n|\n|upkeep\n|turn|15\n|\n|t:|1699736957\n|move|p1a: Thundurus|Grass Knot|p2a: Ting-Lu\n|-supereffective|p2a: Ting-Lu\n|-damage|p2a: Ting-Lu|0 fnt\n|faint|p2a: Ting-Lu\n|\n|upkeep\n|\n|t:|1699736967\n|switch|p2a: Great Tusk|Great Tusk|86\/100 brn\n|-damage|p2a: Great Tusk|83\/100 brn|[from] Stealth Rock\n|turn|16\n|\n|t:|1699736972\n|-end|p2a: Great Tusk|Protosynthesis|[silent]\n|switch|p2a: Corviknight|Corviknight, F|75\/100\n|-damage|p2a: Corviknight|62\/100|[from] Stealth Rock\n|-ability|p2a: Corviknight|Pressure\n|move|p1a: Thundurus|Grass Knot|p2a: Corviknight\n|-resisted|p2a: Corviknight\n|-damage|p2a: Corviknight|52\/100\n|\n|-heal|p2a: Corviknight|59\/100|[from] item: Leftovers\n|upkeep\n|turn|17\n|inactive|Monarch's Jester has 90 seconds left.\n|\n|t:|1699737001\n|switch|p1a: Cinderace|Cinderace, F|100\/100\n|move|p2a: Corviknight|U-turn|p1a: Cinderace\n|-resisted|p1a: Cinderace\n|-damage|p1a: Cinderace|91\/100\n|\n|t:|1699737006\n|switch|p2a: Dragapult|Dragapult, F|100\/100|[from] U-turn\n|-damage|p2a: Dragapult|88\/100|[from] Stealth Rock\n|\n|upkeep\n|turn|18\n|\n|t:|1699737016\n|switch|p1a: Slowking|Slowking-Galar, F|100\/100\n|move|p2a: Dragapult|Shadow Ball|p1a: Slowking\n|-supereffective|p1a: Slowking\n|-damage|p1a: Slowking|41\/100\n|\n|upkeep\n|turn|19\n|\n|t:|1699737021\n|switch|p1a: Kingambit|Kingambit, F|68\/100\n|move|p2a: Dragapult|Shadow Ball|p1a: Kingambit\n|-resisted|p1a: Kingambit\n|-damage|p1a: Kingambit|43\/100\n|\n|-heal|p1a: Kingambit|49\/100|[from] item: Leftovers\n|upkeep\n|turn|20\n|\n|t:|1699737026\n|switch|p2a: Great Tusk|Great Tusk|83\/100 brn\n|-damage|p2a: Great Tusk|80\/100 brn|[from] Stealth Rock\n|move|p1a: Kingambit|Iron Head|p2a: Great Tusk\n|-damage|p2a: Great Tusk|60\/100 brn\n|\n|-heal|p2a: Great Tusk|66\/100 brn|[from] item: Leftovers\n|-heal|p1a: Kingambit|55\/100|[from] item: Leftovers\n|-damage|p2a: Great Tusk|60\/100 brn|[from] brn\n|upkeep\n|turn|21\n|\n|t:|1699737035\n|-end|p1a: Kingambit|fallenundefined|[silent]\n|switch|p1a: Thundurus|Thundurus-Therian, M|88\/100\n|move|p2a: Great Tusk|Rapid Spin|p1a: Thundurus\n|-damage|p1a: Thundurus|77\/100\n|-boost|p2a: Great Tusk|spe|1\n|-sideend|p2: Monarch's Jester|Stealth Rock|[from] move: Rapid Spin|[of] p2a: Great Tusk\n|\n|-heal|p2a: Great Tusk|66\/100 brn|[from] item: Leftovers\n|-damage|p2a: Great Tusk|60\/100 brn|[from] brn\n|upkeep\n|turn|22\n|inactive|Monarch's Jester has 120 seconds left.\n|\n|t:|1699737046\n|move|p1a: Thundurus|Grass Knot|p2a: Great Tusk\n|-supereffective|p2a: Great Tusk\n|-damage|p2a: Great Tusk|0 fnt\n|faint|p2a: Great Tusk\n|-end|p2a: Great Tusk|Protosynthesis|[silent]\n|\n|upkeep\n|\n|t:|1699737049\n|switch|p2a: Iron Moth|Iron Moth|100\/100\n|turn|23\n|\n|t:|1699737078\n|switch|p1a: Slowking|Slowking-Galar, F|74\/100\n|move|p2a: Iron Moth|Fiery Dance|p1a: Slowking\n|-damage|p1a: Slowking|35\/100\n|\n|upkeep\n|turn|24\n|\n|t:|1699737083\n|switch|p1a: Cinderace|Cinderace, F|91\/100\n|move|p2a: Iron Moth|Fiery Dance|p1a: Cinderace\n|-resisted|p1a: Cinderace\n|-damage|p1a: Cinderace|44\/100\n|-boost|p2a: Iron Moth|spa|1\n|\n|upkeep\n|turn|25\n|\n|t:|1699737091\n|move|p1a: Cinderace|Pyro Ball|p2a: Iron Moth|[miss]\n|-miss|p1a: Cinderace|p2a: Iron Moth\n|move|p2a: Iron Moth|Fiery Dance|p1a: Cinderace\n|-resisted|p1a: Cinderace\n|-damage|p1a: Cinderace|0 fnt\n|faint|p1a: Cinderace\n|\n|upkeep\n|\n|t:|1699737099\n|switch|p1a: Alomomola|Alomomola, F|100\/100\n|turn|26\n|\n|t:|1699737103\n|-end|p2a: Iron Moth|Quark Drive|[silent]\n|switch|p2a: Dragapult|Dragapult, F|88\/100\n|move|p1a: Alomomola|Wish|p1a: Alomomola\n|\n|upkeep\n|turn|27\n|\n|t:|1699737109\n|move|p2a: Dragapult|Draco Meteor|p1a: Alomomola\n|-damage|p1a: Alomomola|30\/100\n|-unboost|p2a: Dragapult|spa|2\n|-enditem|p1a: Alomomola|Red Card|[of] p2a: Dragapult\n|drag|p2a: Corviknight|Corviknight, F|59\/100\n|-ability|p2a: Corviknight|Pressure\n|move|p1a: Alomomola|Flip Turn|p2a: Corviknight\n|-damage|p2a: Corviknight|48\/100\n|\n|t:|1699737113\n|switch|p1a: Thundurus|Thundurus-Therian, M|77\/100|[from] Flip Turn\n|\n|-heal|p1a: Thundurus|100\/100|[from] move: Wish|[wisher] Alomomola\n|-heal|p2a: Corviknight|54\/100|[from] item: Leftovers\n|upkeep\n|turn|28\n|\n|t:|1699737117\n|switch|p2a: Dragapult|Dragapult, F|88\/100\n|move|p1a: Thundurus|Volt Switch|p2a: Dragapult\n|-resisted|p2a: Dragapult\n|-damage|p2a: Dragapult|48\/100\n|\n|t:|1699737121\n|switch|p1a: Kingambit|Kingambit, F|55\/100|[from] Volt Switch\n|-activate|p1a: Kingambit|ability: Supreme Overlord\n|-start|p1a: Kingambit|fallen1|[silent]\n|\n|-heal|p1a: Kingambit|61\/100|[from] item: Leftovers\n|upkeep\n|turn|29\n|\n|t:|1699737128\n|move|p1a: Kingambit|Sucker Punch|p2a: Dragapult\n|-supereffective|p2a: Dragapult\n|-damage|p2a: Dragapult|0 fnt\n|faint|p2a: Dragapult\n|\n|-heal|p1a: Kingambit|68\/100|[from] item: Leftovers\n|upkeep\n|\n|t:|1699737131\n|switch|p2a: Corviknight|Corviknight, F|54\/100\n|-ability|p2a: Corviknight|Pressure\n|turn|30\n|\n|t:|1699737141\n|-end|p1a: Kingambit|fallen1|[silent]\n|switch|p1a: Alomomola|Alomomola, F|64\/100\n|move|p2a: Corviknight|U-turn|p1a: Alomomola\n|-damage|p1a: Alomomola|55\/100\n|\n|t:|1699737146\n|switch|p2a: Scizor|Scizor, M|90\/100|[from] U-turn\n|\n|-heal|p2a: Scizor|96\/100|[from] item: Leftovers\n|upkeep\n|turn|31\n|\n|t:|1699737153\n|move|p2a: Scizor|Swords Dance|p2a: Scizor\n|-boost|p2a: Scizor|atk|2\n|move|p1a: Alomomola|Flip Turn|p2a: Scizor\n|-damage|p2a: Scizor|80\/100\n|\n|t:|1699737157\n|switch|p1a: Great Tusk|Great Tusk|32\/100|[from] Flip Turn\n|\n|-heal|p2a: Scizor|86\/100|[from] item: Leftovers\n|upkeep\n|turn|32\n|\n|t:|1699737186\n|move|p2a: Scizor|Bullet Punch|p1a: Great Tusk\n|-damage|p1a: Great Tusk|0 fnt\n|faint|p1a: Great Tusk\n|-end|p1a: Great Tusk|Protosynthesis|[silent]\n|\n|-heal|p2a: Scizor|92\/100|[from] item: Leftovers\n|upkeep\n|\n|t:|1699737192\n|switch|p1a: Thundurus|Thundurus-Therian, M|100\/100\n|turn|33\n|\n|t:|1699737199\n|move|p1a: Thundurus|Volt Switch|p2a: Scizor\n|-damage|p2a: Scizor|28\/100\n|\n|t:|1699737204\n|switch|p1a: Alomomola|Alomomola, F|89\/100|[from] Volt Switch\n|move|p2a: Scizor|Knock Off|p1a: Alomomola\n|-damage|p1a: Alomomola|57\/100\n|\n|-heal|p2a: Scizor|34\/100|[from] item: Leftovers\n|upkeep\n|turn|34\n|\n|t:|1699737209\n|move|p2a: Scizor|Bullet Punch|p1a: Alomomola\n|-resisted|p1a: Alomomola\n|-damage|p1a: Alomomola|37\/100\n|move|p1a: Alomomola|Scald|p2a: Scizor\n|-damage|p2a: Scizor|16\/100\n|\n|-heal|p2a: Scizor|22\/100|[from] item: Leftovers\n|upkeep\n|turn|35\n|\n|t:|1699737216\n|move|p2a: Scizor|U-turn|p1a: Alomomola\n|-damage|p1a: Alomomola|0 fnt\n|faint|p1a: Alomomola\n|\n|t:|1699737222\n|switch|p2a: Iron Moth|Iron Moth|100\/100|[from] U-turn\n|\n|upkeep\n|\n|t:|1699737224\n|switch|p1a: Slowking|Slowking-Galar, F|68\/100\n|turn|36\n|inactive|Monarch's Jester has 120 seconds left.\n|\n|t:|1699737263\n|move|p2a: Iron Moth|Overheat|p1a: Slowking\n|-damage|p1a: Slowking|8\/100\n|-unboost|p2a: Iron Moth|spa|2\n|move|p1a: Slowking|Future Sight|p2a: Iron Moth\n|-start|p1a: Slowking|move: Future Sight\n|\n|upkeep\n|turn|37\n|inactive|Monarch's Jester has 120 seconds left.\n|\n|t:|1699737274\n|move|p2a: Iron Moth|Overheat|p1a: Slowking\n|-damage|p1a: Slowking|0 fnt\n|-unboost|p2a: Iron Moth|spa|2\n|faint|p1a: Slowking\n|\n|upkeep\n|\n|t:|1699737277\n|switch|p1a: Kingambit|Kingambit, F|68\/100\n|-activate|p1a: Kingambit|ability: Supreme Overlord\n|-start|p1a: Kingambit|fallen4|[silent]\n|turn|38\n|\n|t:|1699737289\n|-end|p2a: Iron Moth|Quark Drive|[silent]\n|switch|p2a: Scizor|Scizor, M|22\/100\n|-terastallize|p1a: Kingambit|Flying\n|move|p1a: Kingambit|Swords Dance|p1a: Kingambit\n|-boost|p1a: Kingambit|atk|2\n|\n|-end|p2a: Scizor|move: Future Sight\n|-resisted|p2a: Scizor\n|-damage|p2a: Scizor|0 fnt\n|faint|p2a: Scizor\n|-heal|p1a: Kingambit|74\/100|[from] item: Leftovers\n|upkeep\n|\n|t:|1699737296\n|switch|p2a: Corviknight|Corviknight, F|54\/100\n|-ability|p2a: Corviknight|Pressure\n|turn|39\n|\n|t:|1699737301\n|move|p2a: Corviknight|Iron Defense|p2a: Corviknight\n|-boost|p2a: Corviknight|def|2\n|move|p1a: Kingambit|Kowtow Cleave|p2a: Corviknight\n|-damage|p2a: Corviknight|13\/100\n|\n|-heal|p2a: Corviknight|19\/100|[from] item: Leftovers\n|-heal|p1a: Kingambit|80\/100|[from] item: Leftovers\n|upkeep\n|turn|40\n|\n|t:|1699737305\n|-end|p1a: Kingambit|fallen4|[silent]\n|switch|p1a: Thundurus|Thundurus-Therian, M|100\/100\n|move|p2a: Corviknight|Roost|p2a: Corviknight\n|-heal|p2a: Corviknight|69\/100\n|-singleturn|p2a: Corviknight|move: Roost\n|\n|-heal|p2a: Corviknight|75\/100|[from] item: Leftovers\n|upkeep\n|turn|41\n|\n|t:|1699737318\n|-terastallize|p2a: Corviknight|Steel\n|move|p1a: Thundurus|Volt Switch|p2a: Corviknight\n|-damage|p2a: Corviknight|26\/100\n|\n|t:|1699737324\n|switch|p1a: Kingambit|Kingambit, F, tera:Flying|80\/100|[from] Volt Switch\n|-activate|p1a: Kingambit|ability: Supreme Overlord\n|-start|p1a: Kingambit|fallen4|[silent]\n|move|p2a: Corviknight|Body Press|p1a: Kingambit\n|-resisted|p1a: Kingambit\n|-damage|p1a: Kingambit|62\/100\n|\n|-heal|p2a: Corviknight|32\/100|[from] item: Leftovers\n|-heal|p1a: Kingambit|68\/100|[from] item: Leftovers\n|upkeep\n|turn|42\n|\n|t:|1699737327\n|-end|p1a: Kingambit|fallen4|[silent]\n|switch|p1a: Thundurus|Thundurus-Therian, M|100\/100\n|move|p2a: Corviknight|Roost|p2a: Corviknight\n|-heal|p2a: Corviknight|82\/100\n|\n|-heal|p2a: Corviknight|88\/100|[from] item: Leftovers\n|upkeep\n|turn|43\n|\n|t:|1699737332\n|move|p1a: Thundurus|Knock Off|p2a: Corviknight\n|-damage|p2a: Corviknight|82\/100\n|-enditem|p2a: Corviknight|Leftovers|[from] move: Knock Off|[of] p1a: Thundurus\n|move|p2a: Corviknight|Body Press|p1a: Thundurus\n|-resisted|p1a: Thundurus\n|-damage|p1a: Thundurus|61\/100\n|\n|upkeep\n|turn|44\n|\n|t:|1699737337\n|switch|p1a: Kingambit|Kingambit, F, tera:Flying|68\/100\n|-activate|p1a: Kingambit|ability: Supreme Overlord\n|-start|p1a: Kingambit|fallen4|[silent]\n|move|p2a: Corviknight|Iron Defense|p2a: Corviknight\n|-boost|p2a: Corviknight|def|2\n|\n|-heal|p1a: Kingambit|75\/100|[from] item: Leftovers\n|upkeep\n|turn|45\n|\n|t:|1699737345\n|move|p2a: Corviknight|Body Press|p1a: Kingambit\n|-resisted|p1a: Kingambit\n|-damage|p1a: Kingambit|49\/100\n|move|p1a: Kingambit|Kowtow Cleave|p2a: Corviknight\n|-damage|p2a: Corviknight|65\/100\n|\n|-heal|p1a: Kingambit|55\/100|[from] item: Leftovers\n|upkeep\n|turn|46\n|\n|t:|1699737352\n|move|p2a: Corviknight|Roost|p2a: Corviknight\n|-heal|p2a: Corviknight|100\/100\n|move|p1a: Kingambit|Swords Dance|p1a: Kingambit\n|-boost|p1a: Kingambit|atk|2\n|\n|-heal|p1a: Kingambit|61\/100|[from] item: Leftovers\n|upkeep\n|turn|47\n|\n|t:|1699737355\n|move|p2a: Corviknight|Body Press|p1a: Kingambit\n|-resisted|p1a: Kingambit\n|-damage|p1a: Kingambit|33\/100\n|move|p1a: Kingambit|Swords Dance|p1a: Kingambit\n|-boost|p1a: Kingambit|atk|2\n|\n|-heal|p1a: Kingambit|39\/100|[from] item: Leftovers\n|upkeep\n|turn|48\n|\n|t:|1699737362\n|move|p2a: Corviknight|Iron Defense|p2a: Corviknight\n|-boost|p2a: Corviknight|def|2\n|move|p1a: Kingambit|Swords Dance|p1a: Kingambit\n|-boost|p1a: Kingambit|atk|2\n|\n|-heal|p1a: Kingambit|46\/100|[from] item: Leftovers\n|upkeep\n|turn|49\n|\n|t:|1699737364\n|move|p2a: Corviknight|Body Press|p1a: Kingambit\n|-resisted|p1a: Kingambit\n|-damage|p1a: Kingambit|11\/100\n|move|p1a: Kingambit|Kowtow Cleave|p2a: Corviknight\n|-damage|p2a: Corviknight|56\/100\n|\n|-heal|p1a: Kingambit|17\/100|[from] item: Leftovers\n|upkeep\n|turn|50\n|\n|t:|1699737370\n|-end|p1a: Kingambit|fallen4|[silent]\n|switch|p1a: Thundurus|Thundurus-Therian, M|61\/100\n|move|p2a: Corviknight|Body Press|p1a: Thundurus\n|-resisted|p1a: Thundurus\n|-damage|p1a: Thundurus|0 fnt\n|faint|p1a: Thundurus\n|\n|upkeep\n|-message|er98 forfeited.\n|\n|win|Monarch's Jester\n|raw|er98's rating: 1445 &rarr; <strong>1422<\/strong><br \/>(-23 for losing)\n|raw|Monarch&apos;s Jester's rating: 1386 &rarr; <strong>1409<\/strong><br \/>(+23 for winning)\n|l|\u2606er98\n|c|\u2606Monarch's Jester|gg\n","uploadtime":1699737380,"views":15,"p1id":"er98","p2id":"monarchsjester","formatid":"gen9ou","rating":1409,"private":0,"password":""}