{"id":"gen9ou-1988582398","p1":"phyviocow","p2":"mathismathin","format":"[Gen 9] OU","log":"|j|\u2606phyviocow\n|j|\u2606mathismathin\n|t:|1699738586\n|gametype|singles\n|player|p1|phyviocow|170|1780\n|player|p2|mathismathin|nate|1792\n|teamsize|p1|6\n|teamsize|p2|6\n|gen|9\n|tier|[Gen 9] OU\n|rated|\n|rule|Sleep Clause Mod: Limit one foe put to sleep\n|rule|Species Clause: Limit one of each Pok\u00e9mon\n|rule|OHKO Clause: OHKO moves are banned\n|rule|Evasion Items Clause: Evasion items are banned\n|rule|Evasion Moves Clause: Evasion moves are banned\n|rule|Endless Battle Clause: Forcing endless battles is banned\n|rule|HP Percentage Mod: HP is shown in percentages\n|clearpoke\n|poke|p1|Amoonguss, F|\n|poke|p1|Blissey, F|\n|poke|p1|Coalossal, M|\n|poke|p1|Gliscor, F|\n|poke|p1|Ditto|\n|poke|p1|Alomomola, F|\n|poke|p2|Alomomola, M|\n|poke|p2|Goodra-Hisui, F|\n|poke|p2|Dragonite, M|\n|poke|p2|Amoonguss, F|\n|poke|p2|Great Tusk|\n|poke|p2|Samurott-Hisui, F|\n|teampreview\n|inactive|Battle timer is ON: inactive players will automatically lose when time's up. (requested by phyviocow)\n|\n|t:|1699738605\n|start\n|switch|p1a: Amoonguss|Amoonguss, F|100\/100\n|switch|p2a: Goodra|Goodra-Hisui, F|100\/100\n|turn|1\n|\n|t:|1699738611\n|move|p2a: Goodra|Knock Off|p1a: Amoonguss\n|-damage|p1a: Amoonguss|86\/100\n|-damage|p2a: Goodra|84\/100|[from] item: Rocky Helmet|[of] p1a: Amoonguss\n|-enditem|p1a: Amoonguss|Rocky Helmet|[from] move: Knock Off|[of] p2a: Goodra\n|move|p1a: Amoonguss|Stomping Tantrum|p2a: Goodra\n|-supereffective|p2a: Goodra\n|-damage|p2a: Goodra|57\/100\n|\n|upkeep\n|turn|2\n|\n|t:|1699738623\n|move|p2a: Goodra|Ice Beam|p1a: Amoonguss\n|-supereffective|p1a: Amoonguss\n|-damage|p1a: Amoonguss|33\/100\n|move|p1a: Amoonguss|Stomping Tantrum|p2a: Goodra\n|-supereffective|p2a: Goodra\n|-damage|p2a: Goodra|28\/100\n|\n|upkeep\n|turn|3\n|j| Comotose Camerupt\n|\n|t:|1699738630\n|switch|p1a: Ditto|Ditto|100\/100\n|-transform|p1a: Ditto|p2a: Goodra|[from] ability: Imposter\n|move|p2a: Goodra|Draco Meteor|p1a: Ditto\n|-damage|p1a: Ditto|49\/100\n|-unboost|p2a: Goodra|spa|2\n|\n|upkeep\n|turn|4\n|\n|t:|1699738640\n|switch|p2a: Alomomola|Alomomola, M|100\/100\n|move|p1a: Ditto|Knock Off|p2a: Alomomola\n|-damage|p2a: Alomomola|87\/100\n|-enditem|p2a: Alomomola|Heavy-Duty Boots|[from] move: Knock Off|[of] p1a: Ditto\n|\n|upkeep\n|turn|5\n|j| debilos\n|\n|t:|1699738645\n|move|p1a: Ditto|Draco Meteor|p2a: Alomomola\n|-damage|p2a: Alomomola|23\/100\n|-unboost|p1a: Ditto|spa|2\n|move|p2a: Alomomola|Wish|p2a: Alomomola\n|\n|upkeep\n|turn|6\n|\n|t:|1699738652\n|move|p2a: Alomomola|Protect|p2a: Alomomola\n|-singleturn|p2a: Alomomola|Protect\n|move|p1a: Ditto|Earthquake|p2a: Alomomola\n|-activate|p2a: Alomomola|move: Protect\n|\n|-heal|p2a: Alomomola|73\/100|[from] move: Wish|[wisher] Alomomola\n|upkeep\n|turn|7\n|\n|t:|1699738658\n|switch|p1a: Gliscor|Gliscor, F|100\/100\n|move|p2a: Alomomola|Wish|p2a: Alomomola\n|\n|-status|p1a: Gliscor|tox|[from] item: Toxic Orb\n|upkeep\n|turn|8\n|\n|t:|1699738673\n|switch|p1a: Alomomola|Alomomola, F|100\/100\n|move|p2a: Alomomola|Flip Turn|p1a: Alomomola\n|-resisted|p1a: Alomomola\n|-damage|p1a: Alomomola|96\/100\n|\n|t:|1699738675\n|switch|p2a: Goodra|Goodra-Hisui, F|28\/100|[from] Flip Turn\n|\n|-heal|p2a: Goodra|94\/100|[from] move: Wish|[wisher] Alomomola\n|upkeep\n|turn|9\n|\n|t:|1699738678\n|move|p1a: Alomomola|Wish|p1a: Alomomola\n|move|p2a: Goodra|Knock Off|p1a: Alomomola\n|-damage|p1a: Alomomola|83\/100\n|-enditem|p1a: Alomomola|Heavy-Duty Boots|[from] move: Knock Off|[of] p2a: Goodra\n|\n|upkeep\n|turn|10\n|j| cheese miestro\n|\n|t:|1699738699\n|-terastallize|p1a: Alomomola|Fairy\n|move|p1a: Alomomola|Flip Turn|p2a: Goodra\n|-resisted|p2a: Goodra\n|-damage|p2a: Goodra|86\/100\n|\n|t:|1699738712\n|switch|p1a: Coalossal|Coalossal, M|100\/100|[from] Flip Turn\n|move|p2a: Goodra|Ice Beam|p1a: Coalossal\n|-resisted|p1a: Coalossal\n|-damage|p1a: Coalossal|87\/100\n|\n|-heal|p1a: Coalossal|100\/100|[from] move: Wish|[wisher] Alomomola\n|upkeep\n|turn|11\n|\n|t:|1699738721\n|switch|p1a: Alomomola|Alomomola, F, tera:Fairy|100\/100\n|move|p2a: Goodra|Earthquake|p1a: Alomomola\n|-damage|p1a: Alomomola|89\/100\n|\n|upkeep\n|turn|12\n|\n|t:|1699738724\n|move|p1a: Alomomola|Chilling Water|p2a: Goodra\n|-resisted|p2a: Goodra\n|-damage|p2a: Goodra|84\/100\n|-unboost|p2a: Goodra|atk|1\n|move|p2a: Goodra|Ice Beam|p1a: Alomomola\n|-damage|p1a: Alomomola|54\/100\n|\n|upkeep\n|turn|13\n|\n|t:|1699738740\n|move|p2a: Goodra|Earthquake|p1a: Alomomola\n|-damage|p1a: Alomomola|46\/100\n|move|p1a: Alomomola|Mirror Coat||[still]\n|-fail|p1a: Alomomola\n|\n|upkeep\n|turn|14\n|\n|t:|1699738744\n|move|p1a: Alomomola|Wish|p1a: Alomomola\n|move|p2a: Goodra|Ice Beam|p1a: Alomomola\n|-damage|p1a: Alomomola|9\/100\n|\n|upkeep\n|turn|15\n|\n|t:|1699738757\n|switch|p1a: Coalossal|Coalossal, M|100\/100\n|switch|p2a: Dragonite|Dragonite, M|100\/100\n|\n|upkeep\n|turn|16\n|\n|t:|1699738762\n|move|p2a: Dragonite|Substitute|p2a: Dragonite\n|-start|p2a: Dragonite|Substitute\n|-damage|p2a: Dragonite|76\/100\n|move|p1a: Coalossal|Will-O-Wisp||[still]\n|-fail|p1a: Coalossal\n|\n|-heal|p2a: Dragonite|82\/100|[from] item: Leftovers\n|upkeep\n|turn|17\n|\n|t:|1699738773\n|switch|p1a: Gliscor|Gliscor, F|100\/100 tox\n|move|p2a: Dragonite|Earthquake|p1a: Gliscor\n|-immune|p1a: Gliscor\n|\n|-heal|p2a: Dragonite|88\/100|[from] item: Leftovers\n|upkeep\n|turn|18\n|\n|t:|1699738777\n|move|p2a: Dragonite|Ice Spinner|p1a: Gliscor\n|-supereffective|p1a: Gliscor\n|-damage|p1a: Gliscor|28\/100 tox\n|move|p1a: Gliscor|Facade|p2a: Dragonite\n|-end|p2a: Dragonite|Substitute\n|\n|-heal|p2a: Dragonite|94\/100|[from] item: Leftovers\n|-heal|p1a: Gliscor|41\/100 tox|[from] ability: Poison Heal\n|upkeep\n|turn|19\n|\n|t:|1699738797\n|switch|p2a: Alomomola|Alomomola, M|100\/100\n|switch|p1a: Amoonguss|Amoonguss, F|66\/100\n|\n|upkeep\n|turn|20\n|\n|t:|1699738807\n|switch|p2a: Goodra|Goodra-Hisui, F|84\/100\n|switch|p1a: Alomomola|Alomomola, F, tera:Fairy|42\/100\n|\n|upkeep\n|turn|21\n|\n|t:|1699738829\n|switch|p2a: Dragonite|Dragonite, M|94\/100\n|move|p1a: Alomomola|Flip Turn|p2a: Dragonite\n|-resisted|p2a: Dragonite\n|-damage|p2a: Dragonite|85\/100\n|\n|t:|1699738833\n|switch|p1a: Amoonguss|Amoonguss, F|99\/100|[from] Flip Turn\n|\n|-heal|p2a: Dragonite|91\/100|[from] item: Leftovers\n|upkeep\n|turn|22\n|\n|t:|1699738837\n|switch|p2a: Goodra|Goodra-Hisui, F|84\/100\n|move|p1a: Amoonguss|Foul Play|p2a: Goodra\n|-damage|p2a: Goodra|61\/100\n|\n|upkeep\n|turn|23\n|inactive|phyviocow has 120 seconds left.\n|\n|t:|1699738873\n|switch|p1a: Coalossal|Coalossal, M|100\/100\n|move|p2a: Goodra|Ice Beam|p1a: Coalossal\n|-resisted|p1a: Coalossal\n|-damage|p1a: Coalossal|87\/100\n|\n|upkeep\n|turn|24\n|inactive|phyviocow has 120 seconds left.\n|\n|t:|1699738880\n|switch|p1a: Alomomola|Alomomola, F, tera:Fairy|76\/100\n|move|p2a: Goodra|Earthquake|p1a: Alomomola\n|-damage|p1a: Alomomola|63\/100\n|\n|upkeep\n|turn|25\n|\n|t:|1699738885\n|switch|p2a: Alomomola|Alomomola, M|100\/100\n|move|p1a: Alomomola|Wish|p1a: Alomomola\n|\n|upkeep\n|turn|26\n|\n|t:|1699738892\n|move|p1a: Alomomola|Flip Turn|p2a: Alomomola\n|-resisted|p2a: Alomomola\n|-damage|p2a: Alomomola|96\/100\n|\n|t:|1699738894\n|switch|p1a: Gliscor|Gliscor, F|41\/100 tox|[from] Flip Turn\n|move|p2a: Alomomola|Wish|p2a: Alomomola\n|\n|-heal|p1a: Gliscor|100\/100 tox|[from] move: Wish|[wisher] Alomomola\n|upkeep\n|turn|27\n|\n|t:|1699738902\n|switch|p1a: Alomomola|Alomomola, F, tera:Fairy|96\/100\n|move|p2a: Alomomola|Flip Turn|p1a: Alomomola\n|-damage|p1a: Alomomola|86\/100\n|\n|t:|1699738913\n|switch|p2a: Samurott|Samurott-Hisui, F|100\/100|[from] Flip Turn\n|\n|upkeep\n|turn|28\n|\n|t:|1699738917\n|move|p2a: Samurott|Ceaseless Edge|p1a: Alomomola\n|-resisted|p1a: Alomomola\n|-damage|p1a: Alomomola|74\/100\n|-sidestart|p1: phyviocow|Spikes\n|move|p1a: Alomomola|Wish|p1a: Alomomola\n|\n|upkeep\n|turn|29\n|\n|t:|1699738920\n|move|p2a: Samurott|Ceaseless Edge|p1a: Alomomola|[miss]\n|-miss|p2a: Samurott|p1a: Alomomola\n|move|p1a: Alomomola|Flip Turn|p2a: Samurott\n|-resisted|p2a: Samurott\n|-damage|p2a: Samurott|90\/100\n|\n|t:|1699738928\n|switch|p1a: Ditto|Ditto|49\/100|[from] Flip Turn\n|-transform|p1a: Ditto|p2a: Samurott|[from] ability: Imposter\n|\n|-heal|p1a: Ditto|100\/100|[from] move: Wish|[wisher] Alomomola\n|upkeep\n|turn|30\n|\n|t:|1699738936\n|switch|p2a: Great Tusk|Great Tusk|100\/100\n|switch|p1a: Alomomola|Alomomola, F, tera:Fairy|100\/100\n|-damage|p1a: Alomomola|88\/100|[from] Spikes\n|\n|upkeep\n|turn|31\n|\n|t:|1699738950\n|-end|p2a: Great Tusk|Protosynthesis|[silent]\n|switch|p2a: Amoonguss|Amoonguss, F|100\/100\n|move|p1a: Alomomola|Chilling Water|p2a: Amoonguss\n|-resisted|p2a: Amoonguss\n|-damage|p2a: Amoonguss|96\/100\n|-unboost|p2a: Amoonguss|atk|1\n|\n|upkeep\n|turn|32\n|\n|t:|1699738959\n|switch|p1a: Ditto|Ditto|100\/100\n|-transform|p1a: Ditto|p2a: Amoonguss|[from] ability: Imposter\n|move|p2a: Amoonguss|Spore|p1a: Ditto\n|-immune|p1a: Ditto\n|\n|upkeep\n|turn|33\n|\n|t:|1699738966\n|move|p2a: Amoonguss|Sludge Bomb|p1a: Ditto\n|-damage|p1a: Ditto|64\/100\n|move|p1a: Ditto|Sludge Bomb|p2a: Amoonguss\n|-damage|p2a: Amoonguss|69\/100\n|\n|upkeep\n|turn|34\n|\n|t:|1699738971\n|switch|p1a: Gliscor|Gliscor, F|100\/100 tox\n|move|p2a: Amoonguss|Sludge Bomb|p1a: Gliscor\n|-resisted|p1a: Gliscor\n|-damage|p1a: Gliscor|85\/100 tox\n|\n|-heal|p1a: Gliscor|97\/100 tox|[from] ability: Poison Heal\n|upkeep\n|turn|35\n|\n|t:|1699738977\n|switch|p2a: Samurott|Samurott-Hisui, F|90\/100\n|move|p1a: Gliscor|Swords Dance|p1a: Gliscor\n|-boost|p1a: Gliscor|atk|2\n|\n|-heal|p1a: Gliscor|100\/100 tox|[from] ability: Poison Heal\n|upkeep\n|turn|36\n|\n|t:|1699738985\n|switch|p1a: Amoonguss|Amoonguss, F|100\/100\n|-damage|p1a: Amoonguss|88\/100|[from] Spikes\n|move|p2a: Samurott|Aqua Cutter|p1a: Amoonguss\n|-resisted|p1a: Amoonguss\n|-damage|p1a: Amoonguss|70\/100\n|\n|upkeep\n|turn|37\n|\n|t:|1699738993\n|switch|p2a: Amoonguss|Amoonguss, F|100\/100\n|move|p1a: Amoonguss|Stomping Tantrum|p2a: Amoonguss\n|-damage|p2a: Amoonguss|90\/100\n|\n|upkeep\n|turn|38\n|\n|t:|1699739000\n|switch|p1a: Gliscor|Gliscor, F|100\/100 tox\n|move|p2a: Amoonguss|Sludge Bomb|p1a: Gliscor\n|-resisted|p1a: Gliscor\n|-damage|p1a: Gliscor|84\/100 tox\n|\n|-heal|p1a: Gliscor|96\/100 tox|[from] ability: Poison Heal\n|upkeep\n|turn|39\n|\n|t:|1699739004\n|switch|p2a: Dragonite|Dragonite, M|91\/100\n|move|p1a: Gliscor|Facade|p2a: Dragonite\n|-damage|p2a: Dragonite|61\/100\n|\n|-heal|p2a: Dragonite|67\/100|[from] item: Leftovers\n|-heal|p1a: Gliscor|100\/100 tox|[from] ability: Poison Heal\n|upkeep\n|turn|40\n|\n|t:|1699739009\n|move|p2a: Dragonite|Ice Spinner|p1a: Gliscor\n|-supereffective|p1a: Gliscor\n|-damage|p1a: Gliscor|26\/100 tox\n|move|p1a: Gliscor|Knock Off|p2a: Dragonite\n|-damage|p2a: Dragonite|47\/100\n|-enditem|p2a: Dragonite|Leftovers|[from] move: Knock Off|[of] p1a: Gliscor\n|\n|-heal|p1a: Gliscor|38\/100 tox|[from] ability: Poison Heal\n|upkeep\n|turn|41\n|\n|t:|1699739019\n|switch|p1a: Amoonguss|Amoonguss, F|100\/100\n|-damage|p1a: Amoonguss|88\/100|[from] Spikes\n|move|p2a: Dragonite|Dragon Dance|p2a: Dragonite\n|-boost|p2a: Dragonite|atk|1\n|-boost|p2a: Dragonite|spe|1\n|\n|upkeep\n|turn|42\n|\n|t:|1699739023\n|switch|p2a: Goodra|Goodra-Hisui, F|61\/100\n|move|p1a: Amoonguss|Foul Play|p2a: Goodra\n|-damage|p2a: Goodra|40\/100\n|\n|upkeep\n|turn|43\n|\n|t:|1699739033\n|switch|p2a: Alomomola|Alomomola, M|100\/100\n|switch|p1a: Alomomola|Alomomola, F, tera:Fairy|100\/100\n|-damage|p1a: Alomomola|88\/100|[from] Spikes\n|\n|upkeep\n|turn|44\n|\n|t:|1699739053\n|move|p1a: Alomomola|Flip Turn|p2a: Alomomola\n|-resisted|p2a: Alomomola\n|-damage|p2a: Alomomola|96\/100\n|inactive|phyviocow has 120 seconds left.\n|l| debilos\n|\n|t:|1699739084\n|switch|p1a: Amoonguss|Amoonguss, F|100\/100|[from] Flip Turn\n|-damage|p1a: Amoonguss|88\/100|[from] Spikes\n|move|p2a: Alomomola|Wish|p2a: Alomomola\n|\n|upkeep\n|turn|45\n|\n|t:|1699739095\n|move|p2a: Alomomola|Flip Turn|p1a: Amoonguss\n|-resisted|p1a: Amoonguss\n|-damage|p1a: Amoonguss|82\/100\n|\n|t:|1699739097\n|switch|p2a: Goodra|Goodra-Hisui, F|40\/100|[from] Flip Turn\n|move|p1a: Amoonguss|Stomping Tantrum|p2a: Goodra\n|-supereffective|p2a: Goodra\n|-damage|p2a: Goodra|10\/100\n|\n|-heal|p2a: Goodra|76\/100|[from] move: Wish|[wisher] Alomomola\n|upkeep\n|turn|46\n|\n|t:|1699739110\n|switch|p1a: Alomomola|Alomomola, F, tera:Fairy|100\/100\n|-damage|p1a: Alomomola|88\/100|[from] Spikes\n|move|p2a: Goodra|Ice Beam|p1a: Alomomola\n|-damage|p1a: Alomomola|55\/100\n|\n|upkeep\n|turn|47\n|inactive|phyviocow has 120 seconds left.\n|\n|t:|1699739119\n|switch|p2a: Alomomola|Alomomola, M|100\/100\n|move|p1a: Alomomola|Flip Turn|p2a: Alomomola\n|-resisted|p2a: Alomomola\n|-damage|p2a: Alomomola|96\/100\n|\n|t:|1699739124\n|switch|p1a: Gliscor|Gliscor, F|38\/100 tox|[from] Flip Turn\n|\n|-heal|p1a: Gliscor|51\/100 tox|[from] ability: Poison Heal\n|upkeep\n|turn|48\n|inactive|phyviocow has 120 seconds left.\n|\n|t:|1699739139\n|switch|p1a: Alomomola|Alomomola, F, tera:Fairy|88\/100\n|-damage|p1a: Alomomola|76\/100|[from] Spikes\n|move|p2a: Alomomola|Flip Turn|p1a: Alomomola\n|-damage|p1a: Alomomola|66\/100\n|\n|t:|1699739154\n|switch|p2a: Great Tusk|Great Tusk|100\/100|[from] Flip Turn\n|\n|upkeep\n|turn|49\n|\n|t:|1699739159\n|move|p2a: Great Tusk|Earthquake|p1a: Alomomola\n|-damage|p1a: Alomomola|45\/100\n|move|p1a: Alomomola|Chilling Water|p2a: Great Tusk\n|-supereffective|p2a: Great Tusk\n|-damage|p2a: Great Tusk|79\/100\n|-unboost|p2a: Great Tusk|atk|1\n|\n|-heal|p2a: Great Tusk|86\/100|[from] item: Leftovers\n|upkeep\n|turn|50\n|\n|t:|1699739166\n|-end|p2a: Great Tusk|Protosynthesis|[silent]\n|switch|p2a: Goodra|Goodra-Hisui, F|76\/100\n|move|p1a: Alomomola|Flip Turn|p2a: Goodra\n|-resisted|p2a: Goodra\n|-damage|p2a: Goodra|69\/100\n|\n|t:|1699739175\n|switch|p1a: Coalossal|Coalossal, M|87\/100|[from] Flip Turn\n|\n|upkeep\n|turn|51\n|\n|t:|1699739182\n|move|p2a: Goodra|Ice Beam|p1a: Coalossal\n|-resisted|p1a: Coalossal\n|-damage|p1a: Coalossal|75\/100\n|move|p1a: Coalossal|Will-O-Wisp|p2a: Goodra\n|-status|p2a: Goodra|brn\n|\n|-damage|p2a: Goodra|63\/100 brn|[from] brn\n|upkeep\n|turn|52\n|\n|t:|1699739191\n|switch|p1a: Alomomola|Alomomola, F, tera:Fairy|78\/100\n|-damage|p1a: Alomomola|65\/100|[from] Spikes\n|move|p2a: Goodra|Draco Meteor|p1a: Alomomola\n|-immune|p1a: Alomomola\n|\n|-damage|p2a: Goodra|57\/100 brn|[from] brn\n|upkeep\n|turn|53\n|\n|t:|1699739199\n|switch|p2a: Alomomola|Alomomola, M|100\/100\n|move|p1a: Alomomola|Flip Turn|p2a: Alomomola\n|-resisted|p2a: Alomomola\n|-damage|p2a: Alomomola|96\/100\n|\n|t:|1699739203\n|switch|p1a: Amoonguss|Amoonguss, F|100\/100|[from] Flip Turn\n|-damage|p1a: Amoonguss|88\/100|[from] Spikes\n|\n|upkeep\n|turn|54\n|\n|t:|1699739208\n|switch|p2a: Amoonguss|Amoonguss, F|100\/100\n|move|p1a: Amoonguss|Sludge Bomb|p2a: Amoonguss\n|-damage|p2a: Amoonguss|75\/100\n|\n|upkeep\n|turn|55\n|\n|t:|1699739214\n|switch|p1a: Ditto|Ditto|98\/100\n|-transform|p1a: Ditto|p2a: Amoonguss|[from] ability: Imposter\n|move|p2a: Amoonguss|Sludge Bomb|p1a: Ditto\n|-damage|p1a: Ditto|61\/100\n|\n|upkeep\n|turn|56\n|\n|t:|1699739225\n|switch|p1a: Gliscor|Gliscor, F|51\/100 tox\n|move|p2a: Amoonguss|Sludge Bomb|p1a: Gliscor\n|-resisted|p1a: Gliscor\n|-damage|p1a: Gliscor|34\/100 tox\n|\n|-heal|p1a: Gliscor|46\/100 tox|[from] ability: Poison Heal\n|upkeep\n|turn|57\n|\n|t:|1699739231\n|switch|p1a: Blissey|Blissey, F|100\/100\n|move|p2a: Amoonguss|Foul Play|p1a: Blissey\n|-damage|p1a: Blissey|96\/100\n|\n|upkeep\n|turn|58\n|\n|t:|1699739235\n|switch|p1a: Gliscor|Gliscor, F|46\/100 tox\n|switch|p2a: Alomomola|Alomomola, M|100\/100\n|\n|-heal|p1a: Gliscor|58\/100 tox|[from] ability: Poison Heal\n|upkeep\n|turn|59\n|\n|t:|1699739242\n|switch|p1a: Ditto|Ditto|94\/100\n|-transform|p1a: Ditto|p2a: Alomomola|[from] ability: Imposter\n|move|p2a: Alomomola|Wish|p2a: Alomomola\n|\n|upkeep\n|turn|60\n|\n|t:|1699739250\n|switch|p1a: Amoonguss|Amoonguss, F|100\/100\n|-damage|p1a: Amoonguss|88\/100|[from] Spikes\n|move|p2a: Alomomola|Flip Turn|p1a: Amoonguss\n|-resisted|p1a: Amoonguss\n|-damage|p1a: Amoonguss|82\/100\n|\n|t:|1699739252\n|switch|p2a: Dragonite|Dragonite, M|47\/100|[from] Flip Turn\n|\n|-heal|p2a: Dragonite|100\/100|[from] move: Wish|[wisher] Alomomola\n|upkeep\n|turn|61\n|\n|t:|1699739257\n|switch|p2a: Alomomola|Alomomola, M|100\/100\n|move|p1a: Amoonguss|Sludge Bomb|p2a: Alomomola\n|-damage|p2a: Alomomola|75\/100\n|\n|upkeep\n|turn|62\n|\n|t:|1699739264\n|switch|p2a: Amoonguss|Amoonguss, F|100\/100\n|move|p1a: Amoonguss|Leaf Storm|p2a: Amoonguss\n|-resisted|p2a: Amoonguss\n|-damage|p2a: Amoonguss|92\/100\n|-unboost|p1a: Amoonguss|spa|2\n|\n|upkeep\n|turn|63\n|\n|t:|1699739275\n|switch|p1a: Gliscor|Gliscor, F|58\/100 tox\n|move|p2a: Amoonguss|Foul Play|p1a: Gliscor\n|-damage|p1a: Gliscor|45\/100 tox\n|\n|-heal|p1a: Gliscor|57\/100 tox|[from] ability: Poison Heal\n|upkeep\n|turn|64\n|\n|t:|1699739284\n|move|p1a: Gliscor|Facade|p2a: Amoonguss\n|-damage|p2a: Amoonguss|69\/100\n|move|p2a: Amoonguss|Foul Play|p1a: Gliscor\n|-crit|p1a: Gliscor\n|-damage|p1a: Gliscor|38\/100 tox\n|\n|-heal|p1a: Gliscor|50\/100 tox|[from] ability: Poison Heal\n|upkeep\n|turn|65\n|\n|t:|1699739293\n|move|p1a: Gliscor|Facade|p2a: Amoonguss\n|-damage|p2a: Amoonguss|46\/100\n|move|p2a: Amoonguss|Grass Knot|p1a: Gliscor\n|-damage|p1a: Gliscor|27\/100 tox\n|\n|-heal|p1a: Gliscor|40\/100 tox|[from] ability: Poison Heal\n|upkeep\n|turn|66\n|\n|t:|1699739303\n|switch|p1a: Coalossal|Coalossal, M|75\/100\n|move|p2a: Amoonguss|Grass Knot|p1a: Coalossal\n|-damage|p1a: Coalossal|43\/100\n|-status|p2a: Amoonguss|brn|[from] ability: Flame Body|[of] p1a: Coalossal\n|\n|-damage|p2a: Amoonguss|39\/100 brn|[from] brn\n|upkeep\n|turn|67\n|j| Loculaa\n|\n|t:|1699739322\n|switch|p2a: Samurott|Samurott-Hisui, F|90\/100\n|move|p1a: Coalossal|Rapid Spin|p2a: Samurott\n|-damage|p2a: Samurott|78\/100\n|-boost|p1a: Coalossal|spe|1\n|-sideend|p1: phyviocow|Spikes|[from] move: Rapid Spin|[of] p1a: Coalossal\n|\n|upkeep\n|turn|68\n|\n|t:|1699739334\n|switch|p1a: Alomomola|Alomomola, F, tera:Fairy|99\/100\n|move|p2a: Samurott|Ceaseless Edge|p1a: Alomomola|[miss]\n|-miss|p2a: Samurott|p1a: Alomomola\n|\n|upkeep\n|turn|69\n|\n|t:|1699739337\n|move|p2a: Samurott|Ceaseless Edge|p1a: Alomomola|[miss]\n|-miss|p2a: Samurott|p1a: Alomomola\n|move|p1a: Alomomola|Wish|p1a: Alomomola\n|\n|upkeep\n|turn|70\n|\n|t:|1699739340\n|switch|p1a: Coalossal|Coalossal, M|43\/100\n|move|p2a: Samurott|Ceaseless Edge|p1a: Coalossal|[miss]\n|-miss|p2a: Samurott|p1a: Coalossal\n|\n|-heal|p1a: Coalossal|100\/100|[from] move: Wish|[wisher] Alomomola\n|upkeep\n|turn|71\n|\n|t:|1699739345\n|switch|p2a: Alomomola|Alomomola, M|100\/100\n|move|p1a: Coalossal|Will-O-Wisp|p2a: Alomomola|[miss]\n|-miss|p1a: Coalossal|p2a: Alomomola\n|\n|upkeep\n|turn|72\n|j| HicHac\n|\n|t:|1699739358\n|switch|p1a: Alomomola|Alomomola, F, tera:Fairy|100\/100\n|move|p2a: Alomomola|Flip Turn|p1a: Alomomola\n|-damage|p1a: Alomomola|92\/100\n|\n|t:|1699739360\n|switch|p2a: Dragonite|Dragonite, M|100\/100|[from] Flip Turn\n|\n|upkeep\n|turn|73\n|\n|t:|1699739364\n|switch|p1a: Amoonguss|Amoonguss, F|100\/100\n|move|p2a: Dragonite|Substitute|p2a: Dragonite\n|-start|p2a: Dragonite|Substitute\n|-damage|p2a: Dragonite|76\/100\n|\n|upkeep\n|turn|74\n|\n|t:|1699739366\n|move|p2a: Dragonite|Ice Spinner|p1a: Amoonguss\n|-supereffective|p1a: Amoonguss\n|-damage|p1a: Amoonguss|57\/100\n|move|p1a: Amoonguss|Foul Play|p2a: Dragonite\n|-end|p2a: Dragonite|Substitute\n|\n|upkeep\n|turn|75\n|\n|t:|1699739373\n|move|p2a: Dragonite|Ice Spinner|p1a: Amoonguss\n|-supereffective|p1a: Amoonguss\n|-damage|p1a: Amoonguss|11\/100\n|move|p1a: Amoonguss|Sludge Bomb|p2a: Dragonite\n|-damage|p2a: Dragonite|49\/100\n|\n|upkeep\n|turn|76\n|\n|t:|1699739384\n|switch|p1a: Alomomola|Alomomola, F, tera:Fairy|100\/100\n|move|p2a: Dragonite|Substitute|p2a: Dragonite\n|-start|p2a: Dragonite|Substitute\n|-damage|p2a: Dragonite|24\/100\n|\n|upkeep\n|turn|77\n|\n|t:|1699739389\n|move|p2a: Dragonite|Dragon Dance|p2a: Dragonite\n|-boost|p2a: Dragonite|atk|1\n|-boost|p2a: Dragonite|spe|1\n|move|p1a: Alomomola|Wish|p1a: Alomomola\n|\n|upkeep\n|turn|78\n|\n|t:|1699739391\n|move|p2a: Dragonite|Dragon Dance|p2a: Dragonite\n|-boost|p2a: Dragonite|atk|1\n|-boost|p2a: Dragonite|spe|1\n|move|p1a: Alomomola|Flip Turn|p2a: Dragonite\n|-resisted|p2a: Dragonite\n|-activate|p2a: Dragonite|move: Substitute|[damage]\n|\n|t:|1699739393\n|switch|p1a: Amoonguss|Amoonguss, F|44\/100|[from] Flip Turn\n|\n|-heal|p1a: Amoonguss|100\/100|[from] move: Wish|[wisher] Alomomola\n|upkeep\n|turn|79\n|j| Normand robuste\n|\n|t:|1699739396\n|move|p2a: Dragonite|Ice Spinner|p1a: Amoonguss\n|-supereffective|p1a: Amoonguss\n|-damage|p1a: Amoonguss|7\/100\n|move|p1a: Amoonguss|Foul Play|p2a: Dragonite\n|-end|p2a: Dragonite|Substitute\n|\n|upkeep\n|turn|80\n|\n|t:|1699739402\n|switch|p1a: Alomomola|Alomomola, F, tera:Fairy|100\/100\n|move|p2a: Dragonite|Earthquake|p1a: Alomomola\n|-damage|p1a: Alomomola|58\/100\n|\n|upkeep\n|turn|81\n|l| Normand robuste\n|\n|t:|1699739407\n|move|p2a: Dragonite|Ice Spinner|p1a: Alomomola\n|-damage|p1a: Alomomola|25\/100\n|move|p1a: Alomomola|Flip Turn|p2a: Dragonite\n|-resisted|p2a: Dragonite\n|-damage|p2a: Dragonite|16\/100\n|j| Guape\n|inactive|phyviocow has 120 seconds left.\n|\n|t:|1699739438\n|switch|p1a: Ditto|Ditto|100\/100|[from] Flip Turn\n|-transform|p1a: Ditto|p2a: Dragonite|[from] ability: Imposter\n|\n|upkeep\n|turn|82\n|inactive|phyviocow has 120 seconds left.\n|\n|t:|1699739459\n|move|p2a: Dragonite|Ice Spinner|p1a: Ditto\n|-supereffective|p1a: Ditto\n|-damage|p1a: Ditto|0 fnt\n|faint|p1a: Ditto\n|\n|upkeep\n|\n|t:|1699739463\n|switch|p1a: Alomomola|Alomomola, F, tera:Fairy|58\/100\n|turn|83\n|j| StraightOuttaUnova\n|\n|t:|1699739479\n|move|p2a: Dragonite|Earthquake|p1a: Alomomola\n|-damage|p1a: Alomomola|15\/100\n|move|p1a: Alomomola|Flip Turn|p2a: Dragonite\n|-resisted|p2a: Dragonite\n|-damage|p2a: Dragonite|8\/100\n|inactive|phyviocow has 120 seconds left.\n|-message|phyviocow forfeited.\n|\n|win|mathismathin\n|raw|phyviocow's rating: 1780 &rarr; <strong>1761<\/strong><br \/>(-19 for losing)\n|raw|mathismathin's rating: 1792 &rarr; <strong>1811<\/strong><br \/>(+19 for winning)\n|l|\u2606phyviocow\n","uploadtime":1699739510,"views":17,"p1id":"phyviocow","p2id":"mathismathin","formatid":"gen9ou","rating":1761,"private":0,"password":""}