{"id":"gen9ou-1994997773","p1":"Zicofool","p2":"V1xen_120","format":"[Gen 9] OU","log":"|j|\u2606Zicofool\n|j|\u2606V1xen_120\n|t:|1700511843\n|gametype|singles\n|player|p1|Zicofool|may-masters|1558\n|player|p2|V1xen_120|170|1430\n|teamsize|p1|6\n|teamsize|p2|6\n|gen|9\n|tier|[Gen 9] OU\n|rated|\n|rule|Sleep Clause Mod: Limit one foe put to sleep\n|rule|Species Clause: Limit one of each Pok\u00e9mon\n|rule|OHKO Clause: OHKO moves are banned\n|rule|Evasion Items Clause: Evasion items are banned\n|rule|Evasion Moves Clause: Evasion moves are banned\n|rule|Endless Battle Clause: Forcing endless battles is banned\n|rule|HP Percentage Mod: HP is shown in percentages\n|clearpoke\n|poke|p1|Ogerpon, F|\n|poke|p1|Maushold-Four|\n|poke|p1|Clodsire, F|\n|poke|p1|Volcanion|\n|poke|p1|Okidogi, M|\n|poke|p1|Gligar, M|\n|poke|p2|Alomomola, F|\n|poke|p2|Slowking-Galar, F|\n|poke|p2|Kingambit, F|\n|poke|p2|Great Tusk|\n|poke|p2|Cinderace, F|\n|poke|p2|Thundurus-Therian, M|\n|teampreview\n|\n|t:|1700511849\n|start\n|switch|p1a: Gligar|Gligar, M|100\/100\n|switch|p2a: Cinderace|Cinderace, F|100\/100\n|turn|1\n|\n|t:|1700511864\n|switch|p1a: Volcanion|Volcanion|100\/100\n|move|p2a: Cinderace|Will-O-Wisp|p1a: Volcanion\n|-immune|p1a: Volcanion\n|\n|upkeep\n|turn|2\n|\n|t:|1700511869\n|move|p2a: Cinderace|U-turn|p1a: Volcanion\n|-start|p2a: Cinderace|typechange|Bug|[from] ability: Libero\n|-resisted|p1a: Volcanion\n|-crit|p1a: Volcanion\n|-damage|p1a: Volcanion|79\/100\n|\n|t:|1700511876\n|switch|p2a: Slowking|Slowking-Galar, F|100\/100|[from] U-turn\n|move|p1a: Volcanion|Steam Eruption|p2a: Slowking\n|-damage|p2a: Slowking|45\/100\n|\n|upkeep\n|turn|3\n|\n|t:|1700511891\n|-terastallize|p2a: Slowking|Water\n|move|p1a: Volcanion|Steam Eruption|p2a: Slowking\n|-resisted|p2a: Slowking\n|-damage|p2a: Slowking|16\/100\n|move|p2a: Slowking|Chilly Reception|p2a: Slowking\n|-weather|Snow\n|\n|t:|1700511900\n|switch|p2a: Thundurus|Thundurus-Therian, M|100\/100|[from] Chilly Reception\n|\n|-weather|Snow|[upkeep]\n|upkeep\n|turn|4\n|\n|t:|1700511914\n|-terastallize|p1a: Volcanion|Ground\n|move|p2a: Thundurus|Knock Off|p1a: Volcanion\n|-damage|p1a: Volcanion|61\/100\n|-enditem|p1a: Volcanion|Choice Specs|[from] move: Knock Off|[of] p2a: Thundurus\n|move|p1a: Volcanion|Steam Eruption|p2a: Thundurus\n|-damage|p2a: Thundurus|21\/100\n|-status|p2a: Thundurus|brn\n|\n|-weather|Snow|[upkeep]\n|-damage|p2a: Thundurus|15\/100 brn|[from] brn\n|upkeep\n|turn|5\n|\n|t:|1700511933\n|switch|p2a: Slowking|Slowking-Galar, F, tera:Water|50\/100\n|move|p1a: Volcanion|Earth Power|p2a: Slowking\n|-damage|p2a: Slowking|17\/100\n|\n|-weather|Snow|[upkeep]\n|upkeep\n|turn|6\n|\n|t:|1700511951\n|switch|p2a: Alomomola|Alomomola, F|100\/100\n|move|p1a: Volcanion|Sludge Bomb|p2a: Alomomola\n|-damage|p2a: Alomomola|71\/100\n|-enditem|p2a: Alomomola|Red Card|[of] p1a: Volcanion\n|drag|p1a: Maushold|Maushold-Four|100\/100\n|\n|-weather|Snow|[upkeep]\n|upkeep\n|turn|7\n|\n|t:|1700511968\n|switch|p2a: Great Tusk|Great Tusk|100\/100\n|move|p1a: Maushold|Population Bomb|p2a: Great Tusk\n|-damage|p2a: Great Tusk|91\/100\n|-damage|p1a: Maushold|84\/100|[from] item: Rocky Helmet|[of] p2a: Great Tusk\n|-damage|p2a: Great Tusk|82\/100\n|-damage|p1a: Maushold|67\/100|[from] item: Rocky Helmet|[of] p2a: Great Tusk\n|-damage|p2a: Great Tusk|72\/100\n|-damage|p1a: Maushold|51\/100|[from] item: Rocky Helmet|[of] p2a: Great Tusk\n|-damage|p2a: Great Tusk|63\/100\n|-damage|p1a: Maushold|34\/100|[from] item: Rocky Helmet|[of] p2a: Great Tusk\n|-damage|p2a: Great Tusk|54\/100\n|-damage|p1a: Maushold|17\/100|[from] item: Rocky Helmet|[of] p2a: Great Tusk\n|-damage|p2a: Great Tusk|45\/100\n|-damage|p1a: Maushold|1\/100|[from] item: Rocky Helmet|[of] p2a: Great Tusk\n|-crit|p2a: Great Tusk\n|-damage|p2a: Great Tusk|31\/100\n|-damage|p1a: Maushold|0 fnt|[from] item: Rocky Helmet|[of] p2a: Great Tusk\n|faint|p1a: Maushold\n|-hitcount|p2a: Great Tusk|7\n|\n|-weather|none\n|upkeep\n|\n|t:|1700511978\n|switch|p1a: Ogerpon|Ogerpon, F|100\/100\n|turn|8\n|\n|t:|1700511990\n|move|p1a: Ogerpon|Superpower|p2a: Great Tusk\n|-damage|p2a: Great Tusk|0 fnt\n|-unboost|p1a: Ogerpon|atk|1\n|-unboost|p1a: Ogerpon|def|1\n|-damage|p1a: Ogerpon|84\/100|[from] item: Rocky Helmet|[of] p2a: Great Tusk\n|faint|p2a: Great Tusk\n|-end|p2a: Great Tusk|Protosynthesis|[silent]\n|\n|upkeep\n|\n|t:|1700511999\n|switch|p2a: Cinderace|Cinderace, F|100\/100\n|turn|9\n|\n|t:|1700512006\n|switch|p1a: Clodsire|Clodsire, F|100\/100\n|move|p2a: Cinderace|U-turn|p1a: Clodsire\n|-start|p2a: Cinderace|typechange|Bug|[from] ability: Libero\n|-resisted|p1a: Clodsire\n|-damage|p1a: Clodsire|89\/100\n|\n|t:|1700512020\n|switch|p2a: Slowking|Slowking-Galar, F, tera:Water|50\/100|[from] U-turn\n|\n|-heal|p1a: Clodsire|95\/100|[from] item: Leftovers\n|upkeep\n|turn|10\n|\n|t:|1700512032\n|move|p1a: Clodsire|Spikes|p2a: Slowking\n|-sidestart|p2: V1xen_120|Spikes\n|move|p2a: Slowking|Chilly Reception|p2a: Slowking\n|-weather|Snow\n|\n|t:|1700512048\n|switch|p2a: Kingambit|Kingambit, F|100\/100|[from] Chilly Reception\n|-damage|p2a: Kingambit|88\/100|[from] Spikes\n|-activate|p2a: Kingambit|ability: Supreme Overlord\n|-start|p2a: Kingambit|fallen1|[silent]\n|\n|-weather|Snow|[upkeep]\n|-heal|p2a: Kingambit|94\/100|[from] item: Leftovers\n|-heal|p1a: Clodsire|100\/100|[from] item: Leftovers\n|upkeep\n|turn|11\n|\n|t:|1700512054\n|move|p2a: Kingambit|Kowtow Cleave|p1a: Clodsire\n|-crit|p1a: Clodsire\n|-damage|p1a: Clodsire|39\/100\n|move|p1a: Clodsire|Earthquake|p2a: Kingambit\n|-supereffective|p2a: Kingambit\n|-damage|p2a: Kingambit|58\/100\n|\n|-weather|Snow|[upkeep]\n|-heal|p2a: Kingambit|64\/100|[from] item: Leftovers\n|-heal|p1a: Clodsire|45\/100|[from] item: Leftovers\n|upkeep\n|turn|12\n|\n|t:|1700512064\n|move|p2a: Kingambit|Kowtow Cleave|p1a: Clodsire\n|-damage|p1a: Clodsire|3\/100\n|move|p1a: Clodsire|Recover|p1a: Clodsire\n|-heal|p1a: Clodsire|53\/100\n|\n|-weather|Snow|[upkeep]\n|-heal|p2a: Kingambit|70\/100|[from] item: Leftovers\n|-heal|p1a: Clodsire|59\/100|[from] item: Leftovers\n|upkeep\n|turn|13\n|\n|t:|1700512084\n|move|p2a: Kingambit|Swords Dance|p2a: Kingambit\n|-boost|p2a: Kingambit|atk|2\n|move|p1a: Clodsire|Recover|p1a: Clodsire\n|-heal|p1a: Clodsire|100\/100\n|\n|-weather|Snow|[upkeep]\n|-heal|p2a: Kingambit|76\/100|[from] item: Leftovers\n|upkeep\n|turn|14\n|\n|t:|1700512091\n|move|p2a: Kingambit|Iron Head|p1a: Clodsire\n|-damage|p1a: Clodsire|65\/100\n|move|p1a: Clodsire|Earthquake|p2a: Kingambit\n|-supereffective|p2a: Kingambit\n|-damage|p2a: Kingambit|35\/100\n|\n|-weather|none\n|-heal|p2a: Kingambit|41\/100|[from] item: Leftovers\n|-heal|p1a: Clodsire|71\/100|[from] item: Leftovers\n|upkeep\n|turn|15\n|\n|t:|1700512099\n|move|p2a: Kingambit|Kowtow Cleave|p1a: Clodsire\n|-damage|p1a: Clodsire|34\/100\n|move|p1a: Clodsire|Recover|p1a: Clodsire\n|-heal|p1a: Clodsire|84\/100\n|\n|-heal|p2a: Kingambit|47\/100|[from] item: Leftovers\n|-heal|p1a: Clodsire|90\/100|[from] item: Leftovers\n|upkeep\n|turn|16\n|\n|t:|1700512107\n|move|p2a: Kingambit|Iron Head|p1a: Clodsire\n|-damage|p1a: Clodsire|54\/100\n|move|p1a: Clodsire|Earthquake|p2a: Kingambit\n|-supereffective|p2a: Kingambit\n|-damage|p2a: Kingambit|5\/100\n|\n|-heal|p2a: Kingambit|11\/100|[from] item: Leftovers\n|-heal|p1a: Clodsire|60\/100|[from] item: Leftovers\n|upkeep\n|turn|17\n|\n|t:|1700512120\n|move|p2a: Kingambit|Iron Head|p1a: Clodsire\n|-damage|p1a: Clodsire|20\/100\n|cant|p1a: Clodsire|flinch\n|\n|-heal|p2a: Kingambit|17\/100|[from] item: Leftovers\n|-heal|p1a: Clodsire|27\/100|[from] item: Leftovers\n|upkeep\n|turn|18\n|\n|t:|1700512125\n|move|p2a: Kingambit|Kowtow Cleave|p1a: Clodsire\n|-damage|p1a: Clodsire|0 fnt\n|faint|p1a: Clodsire\n|\n|-heal|p2a: Kingambit|23\/100|[from] item: Leftovers\n|upkeep\n|\n|t:|1700512129\n|switch|p1a: Gligar|Gligar, M|100\/100\n|turn|19\n|\n|t:|1700512136\n|move|p2a: Kingambit|Sucker Punch|p1a: Gligar\n|-damage|p1a: Gligar|43\/100\n|move|p1a: Gligar|Earthquake|p2a: Kingambit\n|-supereffective|p2a: Kingambit\n|-damage|p2a: Kingambit|0 fnt\n|faint|p2a: Kingambit\n|-end|p2a: Kingambit|fallen1|[silent]\n|\n|upkeep\n|\n|t:|1700512147\n|switch|p2a: Cinderace|Cinderace, F|100\/100\n|turn|20\n|\n|t:|1700512151\n|move|p2a: Cinderace|Pyro Ball|p1a: Gligar\n|-damage|p1a: Gligar|2\/100\n|move|p1a: Gligar|Earthquake|p2a: Cinderace\n|-supereffective|p2a: Cinderace\n|-damage|p2a: Cinderace|0 fnt\n|faint|p2a: Cinderace\n|\n|upkeep\n|\n|t:|1700512172\n|switch|p2a: Alomomola|Alomomola, F|100\/100\n|-damage|p2a: Alomomola|88\/100|[from] Spikes\n|turn|21\n|\n|t:|1700512180\n|move|p1a: Gligar|Swords Dance|p1a: Gligar\n|-boost|p1a: Gligar|atk|2\n|move|p2a: Alomomola|Acrobatics|p1a: Gligar\n|-damage|p1a: Gligar|0 fnt\n|faint|p1a: Gligar\n|\n|upkeep\n|\n|t:|1700512186\n|switch|p1a: Ogerpon|Ogerpon, F|84\/100\n|turn|22\n|\n|t:|1700512200\n|switch|p2a: Slowking|Slowking-Galar, F, tera:Water|83\/100\n|move|p1a: Ogerpon|Ivy Cudgel|p2a: Slowking\n|-supereffective|p2a: Slowking\n|-damage|p2a: Slowking|0 fnt\n|faint|p2a: Slowking\n|\n|upkeep\n|\n|t:|1700512215\n|switch|p2a: Thundurus|Thundurus-Therian, M|15\/100 brn\n|turn|23\n|\n|t:|1700512228\n|switch|p1a: Okidogi|Okidogi, M|100\/100\n|move|p2a: Thundurus|Tera Blast|p1a: Okidogi\n|-damage|p1a: Okidogi|58\/100\n|\n|-heal|p1a: Okidogi|64\/100|[from] item: Leftovers\n|-damage|p2a: Thundurus|9\/100 brn|[from] brn\n|upkeep\n|turn|24\n|\n|t:|1700512234\n|move|p2a: Thundurus|Tera Blast|p1a: Okidogi\n|-damage|p1a: Okidogi|18\/100\n|move|p1a: Okidogi|Ice Punch|p2a: Thundurus\n|-supereffective|p2a: Thundurus\n|-damage|p2a: Thundurus|0 fnt\n|faint|p2a: Thundurus\n|\n|-heal|p1a: Okidogi|24\/100|[from] item: Leftovers\n|upkeep\n|\n|t:|1700512239\n|switch|p2a: Alomomola|Alomomola, F|100\/100\n|-damage|p2a: Alomomola|88\/100|[from] Spikes\n|turn|25\n|-message|V1xen_120 forfeited.\n|\n|win|Zicofool\n|raw|Zicofool's rating: 1558 &rarr; <strong>1571<\/strong><br \/>(+13 for winning)\n|raw|V1xen_120's rating: 1430 &rarr; <strong>1417<\/strong><br \/>(-13 for losing)\n|l|\u2606V1xen_120\n","uploadtime":1700512246,"views":21,"p1id":"zicofool","p2id":"v1xen120","formatid":"gen9ou","rating":1417,"private":0,"password":""}