{"id":"gen9ou-1994424709","p1":"DoubleWarp","p2":"LegacyShowden","format":"[Gen 9] OU","log":"|j|\u2606DoubleWarp\n|j|\u2606LegacyShowden\n|t:|1700442428\n|gametype|singles\n|player|p1|DoubleWarp|169|1446\n|player|p2|LegacyShowden|rosa|1521\n|teamsize|p1|6\n|teamsize|p2|6\n|gen|9\n|tier|[Gen 9] OU\n|rated|\n|rule|Sleep Clause Mod: Limit one foe put to sleep\n|rule|Species Clause: Limit one of each Pok\u00e9mon\n|rule|OHKO Clause: OHKO moves are banned\n|rule|Evasion Items Clause: Evasion items are banned\n|rule|Evasion Moves Clause: Evasion moves are banned\n|rule|Endless Battle Clause: Forcing endless battles is banned\n|rule|HP Percentage Mod: HP is shown in percentages\n|clearpoke\n|poke|p1|Torkoal, F|\n|poke|p1|Walking Wake|\n|poke|p1|Hoopa-Unbound|\n|poke|p1|Corviknight, F|\n|poke|p1|Clodsire, F|\n|poke|p1|Zamazenta-*|\n|poke|p2|Great Tusk|\n|poke|p2|Samurott-Hisui, M|\n|poke|p2|Dragapult, M|\n|poke|p2|Gholdengo|\n|poke|p2|Heatran, M|\n|poke|p2|Rillaboom, M|\n|teampreview\n|inactive|Battle timer is ON: inactive players will automatically lose when time's up. (requested by LegacyShowden)\n|\n|t:|1700442437\n|start\n|switch|p1a: Torkoal|Torkoal, F|100\/100\n|switch|p2a: Dragapult|Dragapult, M, shiny|100\/100\n|-weather|SunnyDay|[from] ability: Drought|[of] p1a: Torkoal\n|turn|1\n|\n|t:|1700442442\n|move|p2a: Dragapult|Draco Meteor|p1a: Torkoal\n|-damage|p1a: Torkoal|0 fnt\n|-unboost|p2a: Dragapult|spa|2\n|faint|p1a: Torkoal\n|\n|-weather|SunnyDay|[upkeep]\n|upkeep\n|\n|t:|1700442448\n|switch|p1a: Clodsire|Clodsire, F|100\/100\n|turn|2\n|\n|t:|1700442460\n|switch|p2a: Great Tusk|Great Tusk|100\/100\n|-activate|p2a: Great Tusk|ability: Protosynthesis\n|-start|p2a: Great Tusk|protosynthesisatk\n|move|p1a: Clodsire|Earthquake|p2a: Great Tusk\n|-damage|p2a: Great Tusk|79\/100\n|\n|-weather|SunnyDay|[upkeep]\n|upkeep\n|turn|3\n|\n|t:|1700442466\n|switch|p1a: Corviknight|Corviknight, F|100\/100\n|-ability|p1a: Corviknight|Pressure\n|move|p2a: Great Tusk|Rapid Spin|p1a: Corviknight\n|-resisted|p1a: Corviknight\n|-damage|p1a: Corviknight|93\/100\n|-boost|p2a: Great Tusk|spe|1\n|-damage|p2a: Great Tusk|63\/100|[from] item: Rocky Helmet|[of] p1a: Corviknight\n|\n|-weather|SunnyDay|[upkeep]\n|upkeep\n|turn|4\n|\n|t:|1700442468\n|-end|p2a: Great Tusk|Protosynthesis|[silent]\n|switch|p2a: Heatran|Heatran, M, shiny|100\/100\n|move|p1a: Corviknight|U-turn|p2a: Heatran\n|-resisted|p2a: Heatran\n|-damage|p2a: Heatran|98\/100\n|\n|t:|1700442472\n|switch|p1a: Hoopa|Hoopa-Unbound|100\/100|[from] U-turn\n|\n|-weather|SunnyDay|[upkeep]\n|-heal|p2a: Heatran|100\/100|[from] item: Leftovers\n|upkeep\n|turn|5\n|\n|t:|1700442477\n|switch|p2a: Great Tusk|Great Tusk|63\/100\n|-activate|p2a: Great Tusk|ability: Protosynthesis\n|-start|p2a: Great Tusk|protosynthesisatk\n|move|p1a: Hoopa|Hyperspace Fury|p2a: Great Tusk\n|-resisted|p2a: Great Tusk\n|-damage|p2a: Great Tusk|26\/100\n|-unboost|p1a: Hoopa|def|1\n|-enditem|p2a: Great Tusk|Sitrus Berry|[eat]\n|-heal|p2a: Great Tusk|51\/100|[from] item: Sitrus Berry\n|\n|-weather|SunnyDay|[upkeep]\n|upkeep\n|turn|6\n|\n|t:|1700442485\n|move|p2a: Great Tusk|Close Combat|p1a: Hoopa\n|-damage|p1a: Hoopa|0 fnt\n|-unboost|p2a: Great Tusk|def|1\n|-unboost|p2a: Great Tusk|spd|1\n|faint|p1a: Hoopa\n|\n|-weather|SunnyDay|[upkeep]\n|upkeep\n|\n|t:|1700442488\n|switch|p1a: Corviknight|Corviknight, F|93\/100\n|-ability|p1a: Corviknight|Pressure\n|turn|7\n|\n|t:|1700442491\n|-end|p2a: Great Tusk|Protosynthesis|[silent]\n|switch|p2a: Heatran|Heatran, M, shiny|100\/100\n|move|p1a: Corviknight|U-turn|p2a: Heatran\n|-resisted|p2a: Heatran\n|-damage|p2a: Heatran|98\/100\n|\n|t:|1700442496\n|switch|p1a: Walking Wake|Walking Wake|100\/100|[from] U-turn\n|-activate|p1a: Walking Wake|ability: Protosynthesis\n|-start|p1a: Walking Wake|protosynthesisspa\n|\n|-weather|SunnyDay|[upkeep]\n|-heal|p2a: Heatran|100\/100|[from] item: Leftovers\n|upkeep\n|turn|8\n|\n|t:|1700442515\n|-terastallize|p2a: Heatran|Grass\n|move|p1a: Walking Wake|Draco Meteor|p2a: Heatran\n|-damage|p2a: Heatran|25\/100\n|-unboost|p1a: Walking Wake|spa|2\n|move|p2a: Heatran|Magma Storm|p1a: Walking Wake\n|-resisted|p1a: Walking Wake\n|-damage|p1a: Walking Wake|83\/100\n|-activate|p1a: Walking Wake|move: Magma Storm|[of] p2a: Heatran\n|\n|-weather|none\n|-end|p1a: Walking Wake|Protosynthesis\n|-heal|p2a: Heatran|31\/100|[from] item: Leftovers\n|-damage|p1a: Walking Wake|70\/100|[from] move: Magma Storm|[partiallytrapped]\n|upkeep\n|turn|9\n|\n|t:|1700442528\n|move|p1a: Walking Wake|Draco Meteor|p2a: Heatran\n|-damage|p2a: Heatran|0 fnt\n|-unboost|p1a: Walking Wake|spa|2\n|faint|p2a: Heatran\n|\n|-end|p1a: Walking Wake|Magma Storm|[partiallytrapped]|[silent]\n|upkeep\n|\n|t:|1700442538\n|switch|p2a: Dragapult|Dragapult, M, shiny|100\/100\n|turn|10\n|\n|t:|1700442541\n|-end|p1a: Walking Wake|Protosynthesis|[silent]\n|switch|p1a: Clodsire|Clodsire, F|100\/100\n|move|p2a: Dragapult|U-turn|p1a: Clodsire\n|-resisted|p1a: Clodsire\n|-damage|p1a: Clodsire|91\/100\n|\n|t:|1700442544\n|switch|p2a: Great Tusk|Great Tusk|51\/100|[from] U-turn\n|\n|-heal|p1a: Clodsire|97\/100|[from] item: Leftovers\n|upkeep\n|turn|11\n|\n|t:|1700442547\n|switch|p1a: Corviknight|Corviknight, F|93\/100\n|-ability|p1a: Corviknight|Pressure\n|move|p2a: Great Tusk|Earthquake|p1a: Corviknight\n|-immune|p1a: Corviknight\n|\n|upkeep\n|turn|12\n|\n|t:|1700442552\n|-end|p2a: Great Tusk|Protosynthesis|[silent]\n|switch|p2a: Dragapult|Dragapult, M, shiny|100\/100\n|move|p1a: Corviknight|U-turn|p2a: Dragapult\n|-resisted|p2a: Dragapult\n|-damage|p2a: Dragapult|91\/100\n|\n|t:|1700442557\n|switch|p1a: Clodsire|Clodsire, F|97\/100|[from] U-turn\n|\n|-heal|p1a: Clodsire|100\/100|[from] item: Leftovers\n|upkeep\n|turn|13\n|\n|t:|1700442569\n|move|p2a: Dragapult|U-turn|p1a: Clodsire\n|-resisted|p1a: Clodsire\n|-damage|p1a: Clodsire|92\/100\n|\n|t:|1700442572\n|switch|p2a: Rillaboom|Rillaboom, M|100\/100|[from] U-turn\n|-fieldstart|move: Grassy Terrain|[from] ability: Grassy Surge|[of] p2a: Rillaboom\n|move|p1a: Clodsire|Toxic|p2a: Rillaboom\n|-status|p2a: Rillaboom|tox\n|\n|-heal|p1a: Clodsire|98\/100|[from] Grassy Terrain\n|-heal|p1a: Clodsire|100\/100|[from] item: Leftovers\n|-damage|p2a: Rillaboom|94\/100 tox|[from] psn\n|upkeep\n|turn|14\n|\n|t:|1700442576\n|switch|p1a: Corviknight|Corviknight, F|93\/100\n|-ability|p1a: Corviknight|Pressure\n|move|p2a: Rillaboom|U-turn|p1a: Corviknight\n|-resisted|p1a: Corviknight\n|-damage|p1a: Corviknight|87\/100\n|-damage|p2a: Rillaboom|78\/100 tox|[from] item: Rocky Helmet|[of] p1a: Corviknight\n|\n|t:|1700442578\n|switch|p2a: Gholdengo|Gholdengo|100\/100|[from] U-turn\n|-item|p2a: Gholdengo|Air Balloon\n|\n|upkeep\n|turn|15\n|\n|t:|1700442582\n|move|p2a: Gholdengo|Thunder Wave|p1a: Corviknight\n|-status|p1a: Corviknight|par\n|move|p1a: Corviknight|U-turn|p2a: Gholdengo\n|-resisted|p2a: Gholdengo\n|-damage|p2a: Gholdengo|98\/100\n|-enditem|p2a: Gholdengo|Air Balloon\n|\n|t:|1700442588\n|switch|p1a: Walking Wake|Walking Wake|70\/100|[from] U-turn\n|\n|-heal|p1a: Walking Wake|76\/100|[from] Grassy Terrain\n|-heal|p2a: Gholdengo|100\/100|[from] Grassy Terrain\n|upkeep\n|turn|16\n|\n|t:|1700442596\n|move|p1a: Walking Wake|Flamethrower|p2a: Gholdengo\n|-supereffective|p2a: Gholdengo\n|-damage|p2a: Gholdengo|12\/100\n|move|p2a: Gholdengo|Thunder Wave|p1a: Walking Wake\n|-status|p1a: Walking Wake|par\n|\n|-heal|p2a: Gholdengo|18\/100|[from] Grassy Terrain\n|-heal|p1a: Walking Wake|83\/100 par|[from] Grassy Terrain\n|upkeep\n|turn|17\n|\n|t:|1700442601\n|switch|p2a: Dragapult|Dragapult, M, shiny|91\/100\n|move|p1a: Walking Wake|Flamethrower|p2a: Dragapult\n|-resisted|p2a: Dragapult\n|-damage|p2a: Dragapult|58\/100\n|\n|-heal|p2a: Dragapult|64\/100|[from] Grassy Terrain\n|-heal|p1a: Walking Wake|89\/100 par|[from] Grassy Terrain\n|-fieldend|move: Grassy Terrain\n|upkeep\n|turn|18\n|\n|t:|1700442608\n|-end|p1a: Walking Wake|Protosynthesis|[silent]\n|switch|p1a: Clodsire|Clodsire, F|100\/100\n|move|p2a: Dragapult|U-turn|p1a: Clodsire\n|-resisted|p1a: Clodsire\n|-damage|p1a: Clodsire|92\/100\n|\n|t:|1700442617\n|switch|p2a: Great Tusk|Great Tusk|51\/100|[from] U-turn\n|\n|-heal|p1a: Clodsire|98\/100|[from] item: Leftovers\n|upkeep\n|turn|19\n|\n|t:|1700442621\n|switch|p1a: Corviknight|Corviknight, F|87\/100 par\n|-ability|p1a: Corviknight|Pressure\n|move|p2a: Great Tusk|Close Combat|p1a: Corviknight\n|-damage|p1a: Corviknight|48\/100 par\n|-unboost|p2a: Great Tusk|def|1\n|-unboost|p2a: Great Tusk|spd|1\n|-damage|p2a: Great Tusk|35\/100|[from] item: Rocky Helmet|[of] p1a: Corviknight\n|\n|upkeep\n|turn|20\n|\n|t:|1700442625\n|move|p2a: Great Tusk|Close Combat|p1a: Corviknight\n|-damage|p1a: Corviknight|14\/100 par\n|-unboost|p2a: Great Tusk|def|1\n|-unboost|p2a: Great Tusk|spd|1\n|-damage|p2a: Great Tusk|18\/100|[from] item: Rocky Helmet|[of] p1a: Corviknight\n|move|p1a: Corviknight|Roost|p1a: Corviknight\n|-heal|p1a: Corviknight|64\/100 par\n|-singleturn|p1a: Corviknight|move: Roost\n|\n|upkeep\n|turn|21\n|\n|t:|1700442630\n|-end|p2a: Great Tusk|Protosynthesis|[silent]\n|switch|p2a: Gholdengo|Gholdengo|18\/100\n|cant|p1a: Corviknight|par\n|\n|upkeep\n|turn|22\n|\n|t:|1700442638\n|switch|p1a: Clodsire|Clodsire, F|98\/100\n|move|p2a: Gholdengo|Recover|p2a: Gholdengo\n|-heal|p2a: Gholdengo|68\/100\n|\n|-heal|p1a: Clodsire|100\/100|[from] item: Leftovers\n|upkeep\n|turn|23\n|\n|t:|1700442648\n|switch|p2a: Great Tusk|Great Tusk|18\/100\n|move|p1a: Clodsire|Earthquake|p2a: Great Tusk\n|-damage|p2a: Great Tusk|0 fnt\n|faint|p2a: Great Tusk\n|-end|p2a: Great Tusk|Protosynthesis|[silent]\n|\n|upkeep\n|\n|t:|1700442651\n|switch|p2a: Samurott|Samurott-Hisui, M|100\/100\n|turn|24\n|\n|t:|1700442656\n|switch|p1a: Corviknight|Corviknight, F|64\/100 par\n|-ability|p1a: Corviknight|Pressure\n|move|p2a: Samurott|Ceaseless Edge|p1a: Corviknight\n|-damage|p1a: Corviknight|35\/100 par\n|-damage|p2a: Samurott|84\/100|[from] item: Rocky Helmet|[of] p1a: Corviknight\n|-sidestart|p1: DoubleWarp|Spikes\n|\n|upkeep\n|turn|25\n|\n|t:|1700442662\n|switch|p2a: Gholdengo|Gholdengo|68\/100\n|cant|p1a: Corviknight|par\n|\n|upkeep\n|turn|26\n|\n|t:|1700442666\n|switch|p1a: Clodsire|Clodsire, F|100\/100\n|-damage|p1a: Clodsire|88\/100|[from] Spikes\n|move|p2a: Gholdengo|Hex|p1a: Clodsire\n|-damage|p1a: Clodsire|72\/100\n|\n|-heal|p1a: Clodsire|78\/100|[from] item: Leftovers\n|upkeep\n|turn|27\n|\n|t:|1700442672\n|switch|p2a: Rillaboom|Rillaboom, M|78\/100 tox\n|-fieldstart|move: Grassy Terrain|[from] ability: Grassy Surge|[of] p2a: Rillaboom\n|move|p1a: Clodsire|Toxic|p2a: Rillaboom\n|-fail|p2a: Rillaboom|tox\n|\n|-heal|p2a: Rillaboom|84\/100 tox|[from] Grassy Terrain\n|-heal|p1a: Clodsire|84\/100|[from] Grassy Terrain\n|-heal|p1a: Clodsire|91\/100|[from] item: Leftovers\n|-damage|p2a: Rillaboom|78\/100 tox|[from] psn\n|upkeep\n|turn|28\n|\n|t:|1700442678\n|switch|p1a: Corviknight|Corviknight, F|35\/100 par\n|-ability|p1a: Corviknight|Pressure\n|move|p2a: Rillaboom|Wood Hammer|p1a: Corviknight\n|-resisted|p1a: Corviknight\n|-damage|p1a: Corviknight|16\/100 par\n|-damage|p2a: Rillaboom|61\/100 tox|[from] item: Rocky Helmet|[of] p1a: Corviknight\n|-damage|p2a: Rillaboom|54\/100 tox|[from] Recoil\n|\n|-heal|p2a: Rillaboom|60\/100 tox|[from] Grassy Terrain\n|-damage|p2a: Rillaboom|48\/100 tox|[from] psn\n|upkeep\n|turn|29\n|\n|t:|1700442683\n|switch|p2a: Gholdengo|Gholdengo|68\/100\n|move|p1a: Corviknight|Roost|p1a: Corviknight\n|-heal|p1a: Corviknight|66\/100 par\n|-singleturn|p1a: Corviknight|move: Roost\n|\n|-heal|p2a: Gholdengo|74\/100|[from] Grassy Terrain\n|-heal|p1a: Corviknight|72\/100 par|[from] Grassy Terrain\n|upkeep\n|turn|30\n|\n|t:|1700442688\n|move|p2a: Gholdengo|Hex|p1a: Corviknight\n|-damage|p1a: Corviknight|21\/100 par\n|move|p1a: Corviknight|Roost|p1a: Corviknight\n|-heal|p1a: Corviknight|71\/100 par\n|-singleturn|p1a: Corviknight|move: Roost\n|\n|-heal|p2a: Gholdengo|80\/100|[from] Grassy Terrain\n|-heal|p1a: Corviknight|77\/100 par|[from] Grassy Terrain\n|upkeep\n|turn|31\n|\n|t:|1700442691\n|switch|p1a: Clodsire|Clodsire, F|91\/100\n|-damage|p1a: Clodsire|78\/100|[from] Spikes\n|move|p2a: Gholdengo|Hex|p1a: Clodsire\n|-damage|p1a: Clodsire|62\/100\n|\n|-heal|p2a: Gholdengo|86\/100|[from] Grassy Terrain\n|-heal|p1a: Clodsire|69\/100|[from] Grassy Terrain\n|-heal|p1a: Clodsire|75\/100|[from] item: Leftovers\n|-fieldend|move: Grassy Terrain\n|upkeep\n|turn|32\n|\n|t:|1700442701\n|switch|p2a: Samurott|Samurott-Hisui, M|84\/100\n|move|p1a: Clodsire|Earthquake|p2a: Samurott\n|-damage|p2a: Samurott|56\/100\n|\n|-heal|p1a: Clodsire|81\/100|[from] item: Leftovers\n|upkeep\n|turn|33\n|\n|t:|1700442714\n|switch|p1a: Walking Wake|Walking Wake|89\/100 par\n|-damage|p1a: Walking Wake|76\/100 par|[from] Spikes\n|move|p2a: Samurott|Ceaseless Edge|p1a: Walking Wake\n|-damage|p1a: Walking Wake|26\/100 par\n|-sidestart|p1: DoubleWarp|Spikes\n|\n|upkeep\n|turn|34\n|\n|t:|1700442728\n|move|p2a: Samurott|Sucker Punch|p1a: Walking Wake\n|-damage|p1a: Walking Wake|0 fnt\n|faint|p1a: Walking Wake\n|-end|p1a: Walking Wake|Protosynthesis|[silent]\n|\n|upkeep\n|\n|t:|1700442731\n|switch|p1a: Zamazenta|Zamazenta|100\/100\n|-damage|p1a: Zamazenta|84\/100|[from] Spikes\n|-ability|p1a: Zamazenta|Dauntless Shield|boost\n|-boost|p1a: Zamazenta|def|1\n|turn|35\n|\n|t:|1700442735\n|switch|p2a: Gholdengo|Gholdengo|86\/100\n|move|p1a: Zamazenta|Iron Defense|p1a: Zamazenta\n|-boost|p1a: Zamazenta|def|2\n|\n|-heal|p1a: Zamazenta|90\/100|[from] item: Leftovers\n|upkeep\n|turn|36\n|\n|t:|1700442741\n|move|p1a: Zamazenta|Crunch|p2a: Gholdengo\n|-supereffective|p2a: Gholdengo\n|-damage|p2a: Gholdengo|57\/100\n|move|p2a: Gholdengo|Thunder Wave|p1a: Zamazenta|[miss]\n|-miss|p2a: Gholdengo|p1a: Zamazenta\n|\n|-heal|p1a: Zamazenta|96\/100|[from] item: Leftovers\n|upkeep\n|turn|37\n|\n|t:|1700442749\n|move|p1a: Zamazenta|Crunch|p2a: Gholdengo\n|-supereffective|p2a: Gholdengo\n|-damage|p2a: Gholdengo|25\/100\n|move|p2a: Gholdengo|Recover|p2a: Gholdengo\n|-heal|p2a: Gholdengo|76\/100\n|\n|-heal|p1a: Zamazenta|100\/100|[from] item: Leftovers\n|upkeep\n|turn|38\n|\n|t:|1700442755\n|move|p1a: Zamazenta|Crunch|p2a: Gholdengo\n|-supereffective|p2a: Gholdengo\n|-damage|p2a: Gholdengo|49\/100\n|move|p2a: Gholdengo|Thunder Wave|p1a: Zamazenta\n|-status|p1a: Zamazenta|par\n|\n|upkeep\n|turn|39\n|\n|t:|1700442760\n|move|p2a: Gholdengo|Recover|p2a: Gholdengo\n|-heal|p2a: Gholdengo|99\/100\n|move|p1a: Zamazenta|Crunch|p2a: Gholdengo\n|-supereffective|p2a: Gholdengo\n|-damage|p2a: Gholdengo|68\/100\n|-unboost|p2a: Gholdengo|def|1\n|\n|upkeep\n|turn|40\n|\n|t:|1700442763\n|switch|p2a: Dragapult|Dragapult, M, shiny|64\/100\n|cant|p1a: Zamazenta|par\n|\n|upkeep\n|turn|41\n|\n|t:|1700442767\n|move|p2a: Dragapult|Shadow Ball|p1a: Zamazenta\n|-damage|p1a: Zamazenta|63\/100 par\n|cant|p1a: Zamazenta|par\n|\n|-heal|p1a: Zamazenta|69\/100 par|[from] item: Leftovers\n|upkeep\n|turn|42\n|\n|t:|1700442772\n|move|p2a: Dragapult|Shadow Ball|p1a: Zamazenta\n|-damage|p1a: Zamazenta|30\/100 par\n|-unboost|p1a: Zamazenta|spd|1\n|move|p1a: Zamazenta|Crunch|p2a: Dragapult\n|-supereffective|p2a: Dragapult\n|-damage|p2a: Dragapult|2\/100\n|\n|-heal|p1a: Zamazenta|36\/100 par|[from] item: Leftovers\n|upkeep\n|turn|43\n|\n|t:|1700442777\n|move|p2a: Dragapult|Shadow Ball|p1a: Zamazenta\n|-damage|p1a: Zamazenta|0 fnt\n|faint|p1a: Zamazenta\n|\n|upkeep\n|\n|t:|1700442783\n|switch|p1a: Clodsire|Clodsire, F|81\/100\n|-damage|p1a: Clodsire|65\/100|[from] Spikes\n|turn|44\n|\n|t:|1700442788\n|move|p2a: Dragapult|Shadow Ball|p1a: Clodsire\n|-damage|p1a: Clodsire|35\/100\n|move|p1a: Clodsire|Recover|p1a: Clodsire\n|-heal|p1a: Clodsire|85\/100\n|\n|-heal|p1a: Clodsire|91\/100|[from] item: Leftovers\n|upkeep\n|turn|45\n|\n|t:|1700442798\n|move|p2a: Dragapult|Shadow Ball|p1a: Clodsire\n|-damage|p1a: Clodsire|63\/100\n|-unboost|p1a: Clodsire|spd|1\n|move|p1a: Clodsire|Earthquake|p2a: Dragapult\n|-damage|p2a: Dragapult|0 fnt\n|faint|p2a: Dragapult\n|\n|-heal|p1a: Clodsire|69\/100|[from] item: Leftovers\n|upkeep\n|\n|t:|1700442808\n|switch|p2a: Samurott|Samurott-Hisui, M|56\/100\n|turn|46\n|\n|t:|1700442812\n|switch|p1a: Corviknight|Corviknight, F|77\/100 par\n|-ability|p1a: Corviknight|Pressure\n|move|p2a: Samurott|Ceaseless Edge|p1a: Corviknight\n|-damage|p1a: Corviknight|49\/100 par\n|-damage|p2a: Samurott|40\/100|[from] item: Rocky Helmet|[of] p1a: Corviknight\n|-sidestart|p1: DoubleWarp|Spikes\n|\n|upkeep\n|turn|47\n|\n|t:|1700442818\n|switch|p2a: Gholdengo|Gholdengo|68\/100\n|cant|p1a: Corviknight|par\n|\n|upkeep\n|turn|48\n|\n|t:|1700442841\n|switch|p1a: Clodsire|Clodsire, F|69\/100\n|-damage|p1a: Clodsire|44\/100|[from] Spikes\n|move|p2a: Gholdengo|Hex|p1a: Clodsire\n|-damage|p1a: Clodsire|30\/100\n|\n|-heal|p1a: Clodsire|36\/100|[from] item: Leftovers\n|upkeep\n|turn|49\n|\n|t:|1700442844\n|move|p2a: Gholdengo|Hex|p1a: Clodsire\n|-damage|p1a: Clodsire|20\/100\n|move|p1a: Clodsire|Recover|p1a: Clodsire\n|-heal|p1a: Clodsire|70\/100\n|\n|-heal|p1a: Clodsire|76\/100|[from] item: Leftovers\n|upkeep\n|turn|50\n|\n|t:|1700442849\n|switch|p2a: Rillaboom|Rillaboom, M|48\/100 tox\n|-fieldstart|move: Grassy Terrain|[from] ability: Grassy Surge|[of] p2a: Rillaboom\n|move|p1a: Clodsire|Recover|p1a: Clodsire\n|-heal|p1a: Clodsire|100\/100\n|\n|-heal|p2a: Rillaboom|54\/100 tox|[from] Grassy Terrain\n|-damage|p2a: Rillaboom|48\/100 tox|[from] psn\n|upkeep\n|turn|51\n|\n|t:|1700442852\n|switch|p1a: Corviknight|Corviknight, F|49\/100 par\n|-ability|p1a: Corviknight|Pressure\n|move|p2a: Rillaboom|Drain Punch|p1a: Corviknight\n|-damage|p1a: Corviknight|23\/100 par\n|-heal|p2a: Rillaboom|63\/100 tox|[from] drain|[of] p1a: Corviknight\n|-damage|p2a: Rillaboom|47\/100 tox|[from] item: Rocky Helmet|[of] p1a: Corviknight\n|\n|-heal|p2a: Rillaboom|53\/100 tox|[from] Grassy Terrain\n|-damage|p2a: Rillaboom|41\/100 tox|[from] psn\n|upkeep\n|turn|52\n|\n|t:|1700442856\n|move|p2a: Rillaboom|Drain Punch|p1a: Corviknight\n|-damage|p1a: Corviknight|0 fnt\n|-heal|p2a: Rillaboom|54\/100 tox|[from] drain|[of] p1a: Corviknight\n|-damage|p2a: Rillaboom|38\/100 tox|[from] item: Rocky Helmet|[of] p1a: Corviknight\n|faint|p1a: Corviknight\n|\n|-heal|p2a: Rillaboom|44\/100 tox|[from] Grassy Terrain\n|-damage|p2a: Rillaboom|25\/100 tox|[from] psn\n|upkeep\n|\n|t:|1700442859\n|switch|p1a: Clodsire|Clodsire, F|100\/100\n|-damage|p1a: Clodsire|75\/100|[from] Spikes\n|turn|53\n|\n|t:|1700442864\n|switch|p2a: Gholdengo|Gholdengo|68\/100\n|move|p1a: Clodsire|Gunk Shot|p2a: Gholdengo\n|-immune|p2a: Gholdengo\n|\n|-heal|p2a: Gholdengo|74\/100|[from] Grassy Terrain\n|-heal|p1a: Clodsire|82\/100|[from] Grassy Terrain\n|-heal|p1a: Clodsire|88\/100|[from] item: Leftovers\n|upkeep\n|turn|54\n|\n|t:|1700442869\n|switch|p2a: Rillaboom|Rillaboom, M|25\/100 tox\n|move|p1a: Clodsire|Earthquake|p2a: Rillaboom\n|-resisted|p2a: Rillaboom\n|-damage|p2a: Rillaboom|18\/100 tox\n|\n|-heal|p2a: Rillaboom|25\/100 tox|[from] Grassy Terrain\n|-heal|p1a: Clodsire|94\/100|[from] Grassy Terrain\n|-heal|p1a: Clodsire|100\/100|[from] item: Leftovers\n|-damage|p2a: Rillaboom|18\/100 tox|[from] psn\n|-fieldend|move: Grassy Terrain\n|upkeep\n|turn|55\n|\n|t:|1700442874\n|switch|p2a: Gholdengo|Gholdengo|74\/100\n|move|p1a: Clodsire|Gunk Shot|p2a: Gholdengo\n|-immune|p2a: Gholdengo\n|\n|upkeep\n|turn|56\n|\n|t:|1700442878\n|move|p2a: Gholdengo|Recover|p2a: Gholdengo\n|-heal|p2a: Gholdengo|100\/100\n|move|p1a: Clodsire|Earthquake|p2a: Gholdengo\n|-supereffective|p2a: Gholdengo\n|-damage|p2a: Gholdengo|67\/100\n|\n|upkeep\n|turn|57\n|\n|t:|1700442883\n|switch|p2a: Rillaboom|Rillaboom, M|18\/100 tox\n|-fieldstart|move: Grassy Terrain|[from] ability: Grassy Surge|[of] p2a: Rillaboom\n|move|p1a: Clodsire|Earthquake|p2a: Rillaboom\n|-resisted|p2a: Rillaboom\n|-damage|p2a: Rillaboom|11\/100 tox\n|\n|-heal|p2a: Rillaboom|17\/100 tox|[from] Grassy Terrain\n|-damage|p2a: Rillaboom|11\/100 tox|[from] psn\n|upkeep\n|turn|58\n|\n|t:|1700442887\n|move|p2a: Rillaboom|Wood Hammer|p1a: Clodsire\n|-damage|p1a: Clodsire|0 fnt\n|faint|p1a: Clodsire\n|-damage|p2a: Rillaboom|0 fnt|[from] Recoil\n|faint|p2a: Rillaboom\n|\n|win|LegacyShowden\n|raw|DoubleWarp's rating: 1446 &rarr; <strong>1430<\/strong><br \/>(-16 for losing)\n|raw|LegacyShowden's rating: 1521 &rarr; <strong>1537<\/strong><br \/>(+16 for winning)\n|l|\u2606DoubleWarp\n","uploadtime":1700443007,"views":10,"p1id":"doublewarp","p2id":"legacyshowden","formatid":"gen9ou","rating":1430,"private":0,"password":""}