{"id":"gen9ou-1994626607","p1":"Teo1212","p2":"Skaraptor2.1","format":"[Gen 9] OU","log":"|j|\u2606Teo1212\n|j|\u2606Skaraptor2.1\n|t:|1700471670\n|gametype|singles\n|player|p1|Teo1212|rocketgrunt|1279\n|player|p2|Skaraptor2.1|bodybuilderf-gen9|1216\n|teamsize|p1|6\n|teamsize|p2|6\n|gen|9\n|tier|[Gen 9] OU\n|rated|\n|rule|Sleep Clause Mod: Limit one foe put to sleep\n|rule|Species Clause: Limit one of each Pok\u00e9mon\n|rule|OHKO Clause: OHKO moves are banned\n|rule|Evasion Items Clause: Evasion items are banned\n|rule|Evasion Moves Clause: Evasion moves are banned\n|rule|Endless Battle Clause: Forcing endless battles is banned\n|rule|HP Percentage Mod: HP is shown in percentages\n|clearpoke\n|poke|p1|Glimmora, M|\n|poke|p1|Ribombee, M|\n|poke|p1|Gholdengo|\n|poke|p1|Manaphy|\n|poke|p1|Dragonite, M|\n|poke|p1|Ogerpon-Wellspring, F|\n|poke|p2|Ribombee, M|\n|poke|p2|Ogerpon-Wellspring, F|\n|poke|p2|Great Tusk|\n|poke|p2|Zamazenta-*|\n|poke|p2|Iron Valiant|\n|poke|p2|Kingambit, F|\n|teampreview\n|inactive|Battle timer is ON: inactive players will automatically lose when time's up. (requested by Teo1212)\n|inactive|Skaraptor2.1 also wants the timer to be on.\n|\n|t:|1700471676\n|start\n|switch|p1a: Ribombastick|Ribombee, M|100\/100\n|switch|p2a: Transfem|Ogerpon-Wellspring, F|100\/100\n|turn|1\n|\n|t:|1700471680\n|move|p1a: Ribombastick|Moonblast|p2a: Transfem\n|-damage|p2a: Transfem|56\/100\n|move|p2a: Transfem|Ivy Cudgel|p1a: Ribombastick|[anim] Ivy Cudgel Water\n|-crit|p1a: Ribombastick\n|-damage|p1a: Ribombastick|0 fnt\n|faint|p1a: Ribombastick\n|\n|upkeep\n|\n|t:|1700471687\n|switch|p1a: Ipkiss|Ogerpon-Wellspring, F|100\/100\n|turn|2\n|\n|t:|1700471689\n|move|p1a: Ipkiss|Encore|p2a: Transfem\n|-start|p2a: Transfem|Encore\n|move|p2a: Transfem|Ivy Cudgel|p1a: Ipkiss|[anim] Ivy Cudgel Water\n|-immune|p1a: Ipkiss|[from] ability: Water Absorb\n|\n|upkeep\n|turn|3\n|\n|t:|1700471695\n|switch|p2a: Bigender|Iron Valiant|100\/100\n|-enditem|p2a: Bigender|Booster Energy\n|-activate|p2a: Bigender|ability: Quark Drive|[fromitem]\n|-start|p2a: Bigender|quarkdrivespe\n|move|p1a: Ipkiss|Trailblaze|p2a: Bigender\n|-damage|p2a: Bigender|63\/100\n|-boost|p1a: Ipkiss|spe|1\n|\n|upkeep\n|turn|4\n|\n|t:|1700471699\n|move|p2a: Bigender|Destiny Bond|p2a: Bigender\n|-singlemove|p2a: Bigender|Destiny Bond\n|move|p1a: Ipkiss|Ivy Cudgel|p2a: Bigender|[anim] Ivy Cudgel Water\n|-crit|p2a: Bigender\n|-damage|p2a: Bigender|0 fnt\n|faint|p2a: Bigender\n|-activate|p2a: Bigender|move: Destiny Bond\n|-end|p2a: Bigender|Quark Drive|[silent]\n|faint|p1a: Ipkiss\n|\n|upkeep\n|\n|t:|1700471710\n|switch|p2a: Transfem|Ogerpon-Wellspring, F|56\/100\n|switch|p1a: Not Phione|Manaphy|100\/100\n|turn|5\n|\n|t:|1700471731\n|move|p2a: Transfem|Horn Leech|p1a: Not Phione\n|-supereffective|p1a: Not Phione\n|-damage|p1a: Not Phione|24\/100\n|-heal|p2a: Transfem|100\/100|[from] drain|[of] p1a: Not Phione\n|move|p1a: Not Phione|Acid Armor|p1a: Not Phione\n|-boost|p1a: Not Phione|def|2\n|\n|-heal|p1a: Not Phione|30\/100|[from] item: Leftovers\n|upkeep\n|turn|6\n|\n|t:|1700471738\n|move|p2a: Transfem|Knock Off|p1a: Not Phione\n|-damage|p1a: Not Phione|13\/100\n|-enditem|p1a: Not Phione|Leftovers|[from] move: Knock Off|[of] p2a: Transfem\n|move|p1a: Not Phione|Stored Power|p2a: Transfem\n|-damage|p2a: Transfem|80\/100\n|\n|upkeep\n|turn|7\n|\n|t:|1700471744\n|move|p2a: Transfem|Horn Leech|p1a: Not Phione\n|-supereffective|p1a: Not Phione\n|-damage|p1a: Not Phione|0 fnt\n|-heal|p2a: Transfem|88\/100|[from] drain|[of] p1a: Not Phione\n|faint|p1a: Not Phione\n|\n|upkeep\n|\n|t:|1700471748\n|switch|p1a: Uglymmora|Glimmora, M|100\/100\n|turn|8\n|\n|t:|1700471753\n|move|p2a: Transfem|Horn Leech|p1a: Uglymmora\n|-damage|p1a: Uglymmora|50\/100\n|-heal|p2a: Transfem|100\/100|[from] drain|[of] p1a: Uglymmora\n|-activate|p1a: Uglymmora|ability: Toxic Debris\n|-sidestart|p2: Skaraptor2.1|move: Toxic Spikes\n|move|p1a: Uglymmora|Sludge Bomb|p2a: Transfem\n|-supereffective|p2a: Transfem\n|-damage|p2a: Transfem|0 fnt\n|faint|p2a: Transfem\n|\n|upkeep\n|\n|t:|1700471758\n|switch|p2a: Raging Queer|Great Tusk|100\/100\n|turn|9\n|\n|t:|1700471764\n|move|p1a: Uglymmora|Earth Power|p2a: Raging Queer\n|-crit|p2a: Raging Queer\n|-damage|p2a: Raging Queer|35\/100\n|move|p2a: Raging Queer|Knock Off|p1a: Uglymmora\n|-damage|p1a: Uglymmora|2\/100\n|-activate|p1a: Uglymmora|ability: Toxic Debris\n|-sidestart|p2: Skaraptor2.1|move: Toxic Spikes\n|-enditem|p1a: Uglymmora|Heavy-Duty Boots|[from] move: Knock Off|[of] p2a: Raging Queer\n|\n|upkeep\n|turn|10\n|\n|t:|1700471768\n|move|p1a: Uglymmora|Earth Power|p2a: Raging Queer\n|-damage|p2a: Raging Queer|0 fnt\n|faint|p2a: Raging Queer\n|-end|p2a: Raging Queer|Protosynthesis|[silent]\n|\n|upkeep\n|\n|t:|1700471771\n|switch|p2a: Twink|Ribombee, M|100\/100\n|-status|p2a: Twink|tox\n|turn|11\n|\n|t:|1700471782\n|move|p2a: Twink|Skill Swap|p1a: Uglymmora\n|-activate|p2a: Twink|move: Skill Swap|Toxic Debris|Shield Dust|[of] p1a: Uglymmora\n|move|p1a: Uglymmora|Sludge Bomb|p2a: Twink\n|-supereffective|p2a: Twink\n|-enditem|p2a: Twink|Focus Sash\n|-damage|p2a: Twink|1\/100 tox\n|\n|-damage|p2a: Twink|0 fnt|[from] psn\n|faint|p2a: Twink\n|upkeep\n|\n|t:|1700471785\n|switch|p2a: Defender of Trans|Zamazenta, shiny|100\/100\n|-status|p2a: Defender of Trans|tox\n|-ability|p2a: Defender of Trans|Dauntless Shield|boost\n|-boost|p2a: Defender of Trans|def|1\n|turn|12\n|\n|t:|1700471792\n|move|p2a: Defender of Trans|Crunch|p1a: Uglymmora\n|-damage|p1a: Uglymmora|0 fnt\n|faint|p1a: Uglymmora\n|\n|-damage|p2a: Defender of Trans|94\/100 tox|[from] psn\n|upkeep\n|\n|t:|1700471796\n|switch|p1a: UwU|Dragonite, M|100\/100\n|turn|13\n|\n|t:|1700471799\n|move|p2a: Defender of Trans|Iron Defense|p2a: Defender of Trans\n|-boost|p2a: Defender of Trans|def|2\n|move|p1a: UwU|Dragon Dance|p1a: UwU\n|-boost|p1a: UwU|atk|1\n|-boost|p1a: UwU|spe|1\n|\n|-heal|p2a: Defender of Trans|100\/100 tox|[from] item: Leftovers\n|-damage|p2a: Defender of Trans|88\/100 tox|[from] psn\n|upkeep\n|turn|14\n|\n|t:|1700471802\n|move|p1a: UwU|Earthquake|p2a: Defender of Trans\n|-damage|p2a: Defender of Trans|72\/100 tox\n|move|p2a: Defender of Trans|Body Press|p1a: UwU\n|-resisted|p1a: UwU\n|-damage|p1a: UwU|75\/100\n|\n|-heal|p2a: Defender of Trans|79\/100 tox|[from] item: Leftovers\n|-damage|p2a: Defender of Trans|60\/100 tox|[from] psn\n|upkeep\n|turn|15\n|\n|t:|1700471808\n|move|p1a: UwU|Roost|p1a: UwU\n|-heal|p1a: UwU|100\/100\n|-singleturn|p1a: UwU|move: Roost\n|move|p2a: Defender of Trans|Body Press|p1a: UwU\n|-damage|p1a: UwU|52\/100\n|\n|-heal|p2a: Defender of Trans|66\/100 tox|[from] item: Leftovers\n|-damage|p2a: Defender of Trans|41\/100 tox|[from] psn\n|upkeep\n|turn|16\n|\n|t:|1700471812\n|move|p1a: UwU|Roost|p1a: UwU\n|-heal|p1a: UwU|100\/100\n|-singleturn|p1a: UwU|move: Roost\n|move|p2a: Defender of Trans|Body Press|p1a: UwU\n|-damage|p1a: UwU|52\/100\n|\n|-heal|p2a: Defender of Trans|48\/100 tox|[from] item: Leftovers\n|-damage|p2a: Defender of Trans|17\/100 tox|[from] psn\n|upkeep\n|turn|17\n|l|\u2606Skaraptor2.1\n|inactive|Skaraptor2.1 disconnected and has a minute to reconnect!\n|player|p2|\n|j|\u2606Skaraptor2.1\n|inactive|Skaraptor2.1 reconnected.\n|player|p2|Skaraptor2.1|bodybuilderf-gen9\n|\n|t:|1700471839\n|move|p1a: UwU|Roost|p1a: UwU\n|-heal|p1a: UwU|100\/100\n|-singleturn|p1a: UwU|move: Roost\n|move|p2a: Defender of Trans|Body Press|p1a: UwU\n|-damage|p1a: UwU|52\/100\n|\n|-heal|p2a: Defender of Trans|23\/100 tox|[from] item: Leftovers\n|-damage|p2a: Defender of Trans|0 fnt|[from] psn\n|faint|p2a: Defender of Trans\n|upkeep\n|\n|t:|1700471842\n|switch|p2a: Queengambit|Kingambit, F|100\/100\n|-activate|p2a: Queengambit|ability: Supreme Overlord\n|-start|p2a: Queengambit|fallen5|[silent]\n|turn|18\n|\n|t:|1700471856\n|move|p1a: UwU|Roost|p1a: UwU\n|-heal|p1a: UwU|100\/100\n|-singleturn|p1a: UwU|move: Roost\n|move|p2a: Queengambit|Iron Head|p1a: UwU\n|-damage|p1a: UwU|58\/100\n|\n|upkeep\n|turn|19\n|inactive|Skaraptor2.1 has 120 seconds left.\n|\n|t:|1700471900\n|move|p1a: UwU|Roost|p1a: UwU\n|-heal|p1a: UwU|100\/100\n|-singleturn|p1a: UwU|move: Roost\n|move|p2a: Queengambit|Swords Dance|p2a: Queengambit\n|-boost|p2a: Queengambit|atk|2\n|\n|upkeep\n|turn|20\n|\n|t:|1700471907\n|move|p1a: UwU|Earthquake|p2a: Queengambit\n|-supereffective|p2a: Queengambit\n|-damage|p2a: Queengambit|22\/100\n|move|p2a: Queengambit|Iron Head|p1a: UwU\n|-damage|p1a: UwU|21\/100\n|\n|-heal|p2a: Queengambit|28\/100|[from] item: Leftovers\n|upkeep\n|turn|21\n|\n|t:|1700471913\n|-terastallize|p1a: UwU|Normal\n|move|p1a: UwU|Extreme Speed|p2a: Queengambit\n|-resisted|p2a: Queengambit\n|-damage|p2a: Queengambit|3\/100\n|move|p2a: Queengambit|Iron Head|p1a: UwU\n|-damage|p1a: UwU|0 fnt\n|faint|p1a: UwU\n|\n|-heal|p2a: Queengambit|10\/100|[from] item: Leftovers\n|upkeep\n|\n|t:|1700471918\n|switch|p1a: L'ovni|Gholdengo|100\/100\n|-item|p1a: L'ovni|Air Balloon\n|turn|22\n|\n|t:|1700471927\n|move|p2a: Queengambit|Sucker Punch||[still]\n|-fail|p2a: Queengambit\n|move|p1a: L'ovni|Nasty Plot|p1a: L'ovni\n|-boost|p1a: L'ovni|spa|2\n|\n|-heal|p2a: Queengambit|16\/100|[from] item: Leftovers\n|upkeep\n|turn|23\n|\n|t:|1700471933\n|move|p1a: L'ovni|Nasty Plot|p1a: L'ovni\n|-boost|p1a: L'ovni|spa|2\n|move|p2a: Queengambit|Iron Head|p1a: L'ovni\n|-resisted|p1a: L'ovni\n|-damage|p1a: L'ovni|34\/100\n|-enditem|p1a: L'ovni|Air Balloon\n|\n|-heal|p2a: Queengambit|22\/100|[from] item: Leftovers\n|upkeep\n|turn|24\n|\n|t:|1700471938\n|move|p2a: Queengambit|Sucker Punch||[still]\n|-fail|p2a: Queengambit\n|move|p1a: L'ovni|Recover|p1a: L'ovni\n|-heal|p1a: L'ovni|84\/100\n|\n|-heal|p2a: Queengambit|28\/100|[from] item: Leftovers\n|upkeep\n|turn|25\n|\n|t:|1700471940\n|move|p1a: L'ovni|Shadow Ball|p2a: Queengambit\n|-resisted|p2a: Queengambit\n|-damage|p2a: Queengambit|0 fnt\n|faint|p2a: Queengambit\n|-end|p2a: Queengambit|fallen5|[silent]\n|\n|win|Teo1212\n|raw|Teo1212's rating: 1279 &rarr; <strong>1300<\/strong><br \/>(+21 for winning)\n|raw|Skaraptor2.1's rating: 1216 &rarr; <strong>1195<\/strong><br \/>(-21 for losing)\n","uploadtime":1700471943,"views":7,"p1id":"teo1212","p2id":"skaraptor21","formatid":"gen9ou","rating":1195,"private":0,"password":""}