{"id":"gen9ou-1989370928","p1":"S3PP1","p2":"CRIPPYwitdaGRIPPY","format":"[Gen 9] OU","log":"|j|\u2606S3PP1\n|j|\u2606CRIPPYwitdaGRIPPY\n|t:|1699841871\n|gametype|singles\n|player|p1|S3PP1|chuck|\n|player|p2|CRIPPYwitdaGRIPPY|caitlin|\n|teamsize|p1|6\n|teamsize|p2|6\n|gen|9\n|tier|[Gen 9] OU\n|rule|Sleep Clause Mod: Limit one foe put to sleep\n|rule|Species Clause: Limit one of each Pok\u00e9mon\n|rule|OHKO Clause: OHKO moves are banned\n|rule|Evasion Items Clause: Evasion items are banned\n|rule|Evasion Moves Clause: Evasion moves are banned\n|rule|Endless Battle Clause: Forcing endless battles is banned\n|rule|HP Percentage Mod: HP is shown in percentages\n|clearpoke\n|poke|p1|Ribombee, M|\n|poke|p1|Sandy Shocks|\n|poke|p1|Goodra-Hisui, F|\n|poke|p1|Rotom-Heat|\n|poke|p1|Spiritomb, M|\n|poke|p1|Murkrow, F|\n|poke|p2|Greninja-*, M|\n|poke|p2|Ceruledge, M|\n|poke|p2|Great Tusk|\n|poke|p2|Iron Leaves|\n|poke|p2|Bellibolt, F|\n|poke|p2|Dragalge, F|\n|teampreview\n|inactive|Battle timer is ON: inactive players will automatically lose when time's up. (requested by S3PP1)\n|\n|t:|1699841886\n|start\n|switch|p1a: Sugar Plum|Ribombee, M, shiny|100\/100\n|switch|p2a: blackboi|Greninja, M, shiny|100\/100\n|turn|1\n|\n|t:|1699841899\n|move|p1a: Sugar Plum|Sticky Web|p2a: blackboi\n|-sidestart|p2: CRIPPYwitdaGRIPPY|move: Sticky Web\n|move|p2a: blackboi|Blizzard|p1a: Sugar Plum\n|-start|p2a: blackboi|typechange|Ice|[from] ability: Protean\n|-enditem|p1a: Sugar Plum|Focus Sash\n|-damage|p1a: Sugar Plum|1\/100\n|-damage|p2a: blackboi|91\/100|[from] item: Life Orb\n|\n|upkeep\n|turn|2\n|\n|t:|1699841909\n|move|p1a: Sugar Plum|Stun Spore|p2a: blackboi\n|-status|p2a: blackboi|par\n|cant|p2a: blackboi|par\n|\n|upkeep\n|turn|3\n|\n|t:|1699841919\n|switch|p2a: fire man|Ceruledge, M|100\/100\n|-activate|p2a: fire man|move: Sticky Web\n|-unboost|p2a: fire man|spe|1\n|move|p1a: Sugar Plum|Moonblast|p2a: fire man\n|-resisted|p2a: fire man\n|-crit|p2a: fire man\n|-damage|p2a: fire man|67\/100\n|\n|upkeep\n|turn|4\n|\n|t:|1699841928\n|move|p1a: Sugar Plum|Stun Spore|p2a: fire man\n|-status|p2a: fire man|par\n|move|p2a: fire man|Close Combat|p1a: Sugar Plum\n|-resisted|p1a: Sugar Plum\n|-damage|p1a: Sugar Plum|0 fnt\n|-unboost|p2a: fire man|def|1\n|-unboost|p2a: fire man|spd|1\n|faint|p1a: Sugar Plum\n|\n|upkeep\n|\n|t:|1699841934\n|switch|p1a: da baby|Murkrow, F|100\/100\n|turn|5\n|\n|t:|1699841940\n|switch|p2a: great must|Great Tusk|100\/100\n|-activate|p2a: great must|move: Sticky Web\n|-unboost|p2a: great must|spe|1\n|move|p1a: da baby|Sunny Day|p1a: da baby\n|-weather|SunnyDay\n|-activate|p2a: great must|ability: Protosynthesis\n|-start|p2a: great must|protosynthesisatk\n|\n|-weather|SunnyDay|[upkeep]\n|upkeep\n|turn|6\n|\n|t:|1699841950\n|move|p1a: da baby|U-turn|p2a: great must\n|-resisted|p2a: great must\n|-damage|p2a: great must|94\/100\n|\n|t:|1699841956\n|switch|p1a: 1000 Plus|Spiritomb, M, shiny|100\/100|[from] U-turn\n|move|p2a: great must|Knock Off|p1a: 1000 Plus\n|-damage|p1a: 1000 Plus|54\/100\n|-enditem|p1a: 1000 Plus|Leftovers|[from] move: Knock Off|[of] p2a: great must\n|\n|-weather|SunnyDay|[upkeep]\n|-heal|p2a: great must|99\/100|[from] item: Leftovers\n|upkeep\n|turn|7\n|\n|t:|1699841976\n|move|p2a: great must|Close Combat|p1a: 1000 Plus\n|-immune|p1a: 1000 Plus\n|move|p1a: 1000 Plus|Will-O-Wisp|p2a: great must\n|-status|p2a: great must|brn\n|\n|-weather|SunnyDay|[upkeep]\n|-heal|p2a: great must|100\/100 brn|[from] item: Leftovers\n|-damage|p2a: great must|94\/100 brn|[from] brn\n|upkeep\n|turn|8\n|\n|t:|1699841987\n|move|p2a: great must|Earthquake|p1a: 1000 Plus\n|-damage|p1a: 1000 Plus|16\/100\n|move|p1a: 1000 Plus|Hex|p2a: great must\n|-damage|p2a: great must|29\/100 brn\n|\n|-weather|SunnyDay|[upkeep]\n|-heal|p2a: great must|35\/100 brn|[from] item: Leftovers\n|-damage|p2a: great must|29\/100 brn|[from] brn\n|upkeep\n|turn|9\n|\n|t:|1699841996\n|move|p1a: 1000 Plus|Sucker Punch|p2a: great must\n|-resisted|p2a: great must\n|-damage|p2a: great must|20\/100 brn\n|move|p2a: great must|Knock Off|p1a: 1000 Plus\n|-crit|p1a: 1000 Plus\n|-damage|p1a: 1000 Plus|0 fnt\n|faint|p1a: 1000 Plus\n|\n|-weather|SunnyDay|[upkeep]\n|-heal|p2a: great must|27\/100 brn|[from] item: Leftovers\n|-damage|p2a: great must|20\/100 brn|[from] brn\n|upkeep\n|\n|t:|1699842001\n|switch|p1a: JustAFuckingMagnet|Sandy Shocks|100\/100\n|-activate|p1a: JustAFuckingMagnet|ability: Protosynthesis\n|-start|p1a: JustAFuckingMagnet|protosynthesisspe\n|turn|10\n|\n|t:|1699842010\n|move|p1a: JustAFuckingMagnet|Flash Cannon|p2a: great must\n|-damage|p2a: great must|0 fnt\n|faint|p2a: great must\n|-end|p2a: great must|Protosynthesis|[silent]\n|-damage|p1a: JustAFuckingMagnet|91\/100|[from] item: Life Orb\n|\n|-weather|SunnyDay|[upkeep]\n|upkeep\n|\n|t:|1699842023\n|switch|p2a: Phycodurus eques|Dragalge, F|100\/100\n|-activate|p2a: Phycodurus eques|move: Sticky Web\n|-unboost|p2a: Phycodurus eques|spe|1\n|turn|11\n|j| BeardoftheRed\n|\n|t:|1699842031\n|move|p1a: JustAFuckingMagnet|Earth Power|p2a: Phycodurus eques\n|-supereffective|p2a: Phycodurus eques\n|-damage|p2a: Phycodurus eques|9\/100\n|-damage|p1a: JustAFuckingMagnet|81\/100|[from] item: Life Orb\n|move|p2a: Phycodurus eques|Draco Meteor|p1a: JustAFuckingMagnet\n|-damage|p1a: JustAFuckingMagnet|0 fnt\n|-unboost|p2a: Phycodurus eques|spa|2\n|faint|p1a: JustAFuckingMagnet\n|-end|p1a: JustAFuckingMagnet|Protosynthesis|[silent]\n|\n|-weather|SunnyDay|[upkeep]\n|-heal|p2a: Phycodurus eques|15\/100|[from] item: Leftovers\n|upkeep\n|\n|t:|1699842039\n|switch|p1a: da baby|Murkrow, F|100\/100\n|turn|12\n|\n|t:|1699842046\n|move|p1a: da baby|Sucker Punch|p2a: Phycodurus eques\n|-damage|p2a: Phycodurus eques|0 fnt\n|faint|p2a: Phycodurus eques\n|\n|-weather|none\n|upkeep\n|\n|t:|1699842054\n|switch|p2a: ironpuss|Iron Leaves|100\/100\n|-activate|p2a: ironpuss|move: Sticky Web\n|-unboost|p2a: ironpuss|spe|1\n|turn|13\n|\n|t:|1699842059\n|move|p1a: da baby|U-turn|p2a: ironpuss\n|-supereffective|p2a: ironpuss\n|-damage|p2a: ironpuss|20\/100\n|\n|t:|1699842064\n|switch|p1a: Easy Bake|Rotom-Heat, shiny|100\/100|[from] U-turn\n|move|p2a: ironpuss|Psyblade|p1a: Easy Bake\n|-damage|p1a: Easy Bake|28\/100\n|-damage|p2a: ironpuss|10\/100|[from] item: Life Orb\n|\n|upkeep\n|turn|14\n|\n|t:|1699842075\n|move|p1a: Easy Bake|Thunderbolt|p2a: ironpuss\n|-resisted|p2a: ironpuss\n|-damage|p2a: ironpuss|0 fnt\n|faint|p2a: ironpuss\n|-end|p2a: ironpuss|Quark Drive|[silent]\n|\n|upkeep\n|\n|t:|1699842080\n|switch|p2a: bellybussy|Bellibolt, F|100\/100\n|turn|15\n|\n|t:|1699842095\n|move|p1a: Easy Bake|Will-O-Wisp|p2a: bellybussy\n|-status|p2a: bellybussy|brn\n|move|p2a: bellybussy|Thunder|p1a: Easy Bake\n|-resisted|p1a: Easy Bake\n|-damage|p1a: Easy Bake|4\/100\n|\n|-damage|p2a: bellybussy|94\/100 brn|[from] brn\n|upkeep\n|turn|16\n|\n|t:|1699842106\n|move|p1a: Easy Bake|Overheat|p2a: bellybussy\n|-damage|p2a: bellybussy|42\/100 brn\n|-unboost|p1a: Easy Bake|spa|2\n|-start|p2a: bellybussy|Charge|Overheat|[from] ability: Electromorphosis\n|move|p2a: bellybussy|Thunder|p1a: Easy Bake|[miss]\n|-miss|p2a: bellybussy|p1a: Easy Bake\n|-end|p2a: bellybussy|Charge|[silent]\n|\n|-damage|p2a: bellybussy|36\/100 brn|[from] brn\n|upkeep\n|turn|17\n|\n|t:|1699842117\n|move|p1a: Easy Bake|Overheat|p2a: bellybussy\n|-damage|p2a: bellybussy|10\/100 brn\n|-unboost|p1a: Easy Bake|spa|2\n|-start|p2a: bellybussy|Charge|Overheat|[from] ability: Electromorphosis\n|move|p2a: bellybussy|Muddy Water|p1a: Easy Bake|[miss]\n|-miss|p2a: bellybussy|p1a: Easy Bake\n|\n|-damage|p2a: bellybussy|4\/100 brn|[from] brn\n|upkeep\n|turn|18\n|\n|t:|1699842128\n|move|p1a: Easy Bake|Overheat|p2a: bellybussy\n|-damage|p2a: bellybussy|0 fnt\n|-unboost|p1a: Easy Bake|spa|2\n|faint|p2a: bellybussy\n|\n|upkeep\n|\n|t:|1699842134\n|switch|p2a: blackboi|Greninja, M, shiny|91\/100 par\n|-activate|p2a: blackboi|move: Sticky Web\n|-unboost|p2a: blackboi|spe|1\n|turn|19\n|\n|t:|1699842139\n|move|p1a: Easy Bake|Volt Switch|p2a: blackboi\n|-supereffective|p2a: blackboi\n|-damage|p2a: blackboi|65\/100 par\n|\n|t:|1699842142\n|switch|p1a: da baby|Murkrow, F|100\/100|[from] Volt Switch\n|move|p2a: blackboi|Hydro Pump|p1a: da baby\n|-start|p2a: blackboi|typechange|Water|[from] ability: Protean\n|-damage|p1a: da baby|0 fnt\n|faint|p1a: da baby\n|-damage|p2a: blackboi|55\/100 par|[from] item: Life Orb\n|\n|upkeep\n|\n|t:|1699842149\n|switch|p1a: Easy Bake|Rotom-Heat, shiny|4\/100\n|turn|20\n|\n|t:|1699842153\n|move|p1a: Easy Bake|Thunderbolt|p2a: blackboi\n|-supereffective|p2a: blackboi\n|-damage|p2a: blackboi|0 fnt\n|faint|p2a: blackboi\n|\n|upkeep\n|\n|t:|1699842158\n|switch|p2a: fire man|Ceruledge, M|67\/100 par\n|-activate|p2a: fire man|move: Sticky Web\n|-unboost|p2a: fire man|spe|1\n|turn|21\n|\n|t:|1699842163\n|move|p1a: Easy Bake|Thunderbolt|p2a: fire man\n|-damage|p2a: fire man|16\/100 par\n|move|p2a: fire man|Fire Blast|p1a: Easy Bake|[miss]\n|-miss|p2a: fire man|p1a: Easy Bake\n|\n|upkeep\n|turn|22\n|\n|t:|1699842173\n|-terastallize|p1a: Easy Bake|Electric\n|-terastallize|p2a: fire man|Fire\n|move|p1a: Easy Bake|Volt Switch|p2a: fire man\n|-damage|p2a: fire man|0 fnt\n|faint|p2a: fire man\n|\n|win|S3PP1\n","uploadtime":1699842181,"views":19,"p1id":"s3pp1","p2id":"crippywitdagrippy","formatid":"gen9ou","rating":0,"private":0,"password":""}