{"id":"gen9ou-1989128709","p1":"PerhapsXolas","p2":"Exquil","format":"[Gen 9] OU","log":"|j|\u2606PerhapsXolas\n|j|\u2606Exquil\n|t:|1699815304\n|gametype|singles\n|player|p1|PerhapsXolas|1|\n|player|p2|Exquil|leon|\n|teamsize|p1|6\n|teamsize|p2|6\n|gen|9\n|tier|[Gen 9] OU\n|rule|Sleep Clause Mod: Limit one foe put to sleep\n|rule|Species Clause: Limit one of each Pok\u00e9mon\n|rule|OHKO Clause: OHKO moves are banned\n|rule|Evasion Items Clause: Evasion items are banned\n|rule|Evasion Moves Clause: Evasion moves are banned\n|rule|Endless Battle Clause: Forcing endless battles is banned\n|rule|HP Percentage Mod: HP is shown in percentages\n|clearpoke\n|poke|p1|Meowscarada, M|\n|poke|p1|Ogerpon-Cornerstone, F|\n|poke|p1|Decidueye-Hisui, M|\n|poke|p1|Ursaluna, F|\n|poke|p1|Zoroark-Hisui, F|\n|poke|p1|Grafaiai, M|\n|poke|p2|Decidueye, M|\n|poke|p2|Dusknoir, M|\n|poke|p2|Mamoswine, M|\n|poke|p2|Dragapult, M|\n|poke|p2|Garchomp, F|\n|poke|p2|Skeledirge, F|\n|teampreview\n|c|\u2606Exquil|;-;\n|j| Jumeninja\n|c|\u2606PerhapsXolas|B)\n|j| igorino02\n|j| quizumba\n|c|\u2606PerhapsXolas|B)\n|c| igorino02|:)\n|j| Kenpachikyouraku\n|c| quizumba|podem come\u00e7ar\n|\n|t:|1699815460\n|start\n|switch|p1a: Cotoca D. Pedra|Ogerpon-Cornerstone, F|100\/100\n|switch|p2a: Efi vinte dois|Dragapult, M|100\/100\n|turn|1\n|inactive|Battle timer is ON: inactive players will automatically lose when time's up. (requested by PerhapsXolas)\n|\n|t:|1699815496\n|switch|p2a: Kara|Garchomp, F|100\/100\n|move|p1a: Cotoca D. Pedra|Knock Off|p2a: Kara\n|-damage|p2a: Kara|60\/100\n|-damage|p1a: Cotoca D. Pedra|88\/100|[from] ability: Rough Skin|[of] p2a: Kara\n|-damage|p1a: Cotoca D. Pedra|72\/100|[from] item: Rocky Helmet|[of] p2a: Kara\n|-enditem|p2a: Kara|Rocky Helmet|[from] move: Knock Off|[of] p1a: Cotoca D. Pedra\n|\n|upkeep\n|turn|2\n|\n|t:|1699815517\n|move|p1a: Cotoca D. Pedra|Horn Leech|p2a: Kara\n|-damage|p2a: Kara|13\/100\n|-heal|p1a: Cotoca D. Pedra|99\/100|[from] drain|[of] p2a: Kara\n|-damage|p1a: Cotoca D. Pedra|88\/100|[from] ability: Rough Skin|[of] p2a: Kara\n|move|p2a: Kara|Iron Head|p1a: Cotoca D. Pedra\n|-supereffective|p1a: Cotoca D. Pedra\n|-damage|p1a: Cotoca D. Pedra|10\/100\n|\n|upkeep\n|turn|3\n|\n|t:|1699815535\n|switch|p2a: Robin|Decidueye, M, shiny|100\/100\n|move|p1a: Cotoca D. Pedra|Ivy Cudgel|p2a: Robin\n|-damage|p2a: Robin|34\/100\n|\n|upkeep\n|turn|4\n|inactive|PerhapsXolas has 270 seconds left.\n|\n|t:|1699815555\n|switch|p1a: Robin Alternate|Decidueye-Hisui, M, shiny|100\/100\n|move|p2a: Robin|Leaf Blade|p1a: Robin Alternate\n|-resisted|p1a: Robin Alternate\n|-damage|p1a: Robin Alternate|75\/100\n|\n|upkeep\n|turn|5\n|inactive|PerhapsXolas has 270 seconds left.\n|\n|t:|1699815567\n|move|p2a: Robin|Shadow Sneak|p1a: Robin Alternate\n|-damage|p1a: Robin Alternate|47\/100\n|move|p1a: Robin Alternate|Shadow Sneak|p2a: Robin\n|-supereffective|p2a: Robin\n|-damage|p2a: Robin|0 fnt\n|faint|p2a: Robin\n|\n|upkeep\n|inactive|Exquil has 270 seconds left.\n|\n|t:|1699815585\n|switch|p2a: Mannie|Mamoswine, M|100\/100\n|turn|6\n|inactive|Exquil has 270 seconds left.\n|\n|t:|1699815599\n|move|p2a: Mannie|Ice Shard|p1a: Robin Alternate\n|-supereffective|p1a: Robin Alternate\n|-damage|p1a: Robin Alternate|0 fnt\n|faint|p1a: Robin Alternate\n|-damage|p2a: Mannie|91\/100|[from] item: Life Orb\n|\n|upkeep\n|inactive|PerhapsXolas has 270 seconds left.\n|\n|t:|1699815617\n|switch|p1a: Escoliose|Ursaluna, F|100\/100\n|turn|7\n|inactive|PerhapsXolas has 270 seconds left.\n|inactive|Exquil has 270 seconds left.\n|\n|t:|1699815635\n|-terastallize|p2a: Mannie|Ghost\n|move|p1a: Escoliose|Grass Knot|p2a: Mannie\n|-damage|p2a: Mannie|35\/100\n|move|p2a: Mannie|Trailblaze|p1a: Escoliose\n|-damage|p1a: Escoliose|55\/100\n|-boost|p2a: Mannie|spe|1\n|replace|p1a: Mascarenhas|Zoroark-Hisui, F\n|-end|p1a: Mascarenhas|Illusion\n|-damage|p2a: Mannie|25\/100|[from] item: Life Orb\n|\n|upkeep\n|turn|8\n|inactive|PerhapsXolas has 270 seconds left.\n|inactive|Exquil has 270 seconds left.\n|\n|t:|1699815648\n|move|p1a: Mascarenhas|Grass Knot|p2a: Mannie\n|-damage|p2a: Mannie|0 fnt\n|faint|p2a: Mannie\n|\n|upkeep\n|inactive|Exquil has 270 seconds left.\n|\n|t:|1699815675\n|switch|p2a: Efi vinte dois|Dragapult, M|100\/100\n|turn|9\n|inactive|PerhapsXolas has 270 seconds left.\n|\n|t:|1699815692\n|switch|p1a: Dr. Pr\u00f3stata|Grafaiai, M|100\/100\n|move|p2a: Efi vinte dois|Dragon Pulse|p1a: Dr. Pr\u00f3stata\n|-damage|p1a: Dr. Pr\u00f3stata|48\/100\n|\n|upkeep\n|turn|10\n|inactive|PerhapsXolas has 270 seconds left.\n|\n|t:|1699815700\n|move|p1a: Dr. Pr\u00f3stata|Switcheroo|p2a: Efi vinte dois\n|-activate|p1a: Dr. Pr\u00f3stata|move: Trick|[of] p2a: Efi vinte dois\n|-item|p2a: Efi vinte dois|Lagging Tail|[from] move: Switcheroo\n|-item|p1a: Dr. Pr\u00f3stata|Choice Specs|[from] move: Switcheroo\n|move|p2a: Efi vinte dois|Dragon Pulse|p1a: Dr. Pr\u00f3stata\n|-damage|p1a: Dr. Pr\u00f3stata|13\/100\n|\n|upkeep\n|turn|11\n|inactive|Exquil has 270 seconds left.\n|inactive|PerhapsXolas has 270 seconds left.\n|\n|t:|1699815724\n|move|p1a: Dr. Pr\u00f3stata|Knock Off|p2a: Efi vinte dois\n|-supereffective|p2a: Efi vinte dois\n|-damage|p2a: Efi vinte dois|45\/100\n|-enditem|p2a: Efi vinte dois|Lagging Tail|[from] move: Knock Off|[of] p1a: Dr. Pr\u00f3stata\n|move|p2a: Efi vinte dois|Dragon Pulse|p1a: Dr. Pr\u00f3stata\n|-crit|p1a: Dr. Pr\u00f3stata\n|-damage|p1a: Dr. Pr\u00f3stata|0 fnt\n|faint|p1a: Dr. Pr\u00f3stata\n|\n|upkeep\n|\n|t:|1699815732\n|switch|p1a: Meowscaralho|Meowscarada, M|100\/100\n|turn|12\n|inactive|Exquil has 270 seconds left.\n|\n|t:|1699815745\n|switch|p2a: seu Barriga|Dusknoir, M|100\/100\n|-item|p1a: Meowscaralho|Expert Belt|[from] ability: Frisk|[of] p2a: seu Barriga|[identify]\n|move|p1a: Meowscaralho|Sucker Punch||[still]\n|-fail|p1a: Meowscaralho\n|\n|upkeep\n|turn|13\n|\n|t:|1699815752\n|switch|p1a: Escoliose|Ursaluna, F|100\/100\n|move|p2a: seu Barriga|Will-O-Wisp|p1a: Escoliose\n|-status|p1a: Escoliose|brn\n|\n|-damage|p1a: Escoliose|94\/100 brn|[from] brn\n|upkeep\n|turn|14\n|inactive|PerhapsXolas has 270 seconds left.\n|inactive|Exquil has 270 seconds left.\n|\n|t:|1699815781\n|move|p1a: Escoliose|Bulk Up|p1a: Escoliose\n|-boost|p1a: Escoliose|atk|1\n|-boost|p1a: Escoliose|def|1\n|move|p2a: seu Barriga|Ice Punch|p1a: Escoliose\n|-supereffective|p1a: Escoliose\n|-damage|p1a: Escoliose|78\/100 brn\n|\n|-damage|p1a: Escoliose|72\/100 brn|[from] brn\n|upkeep\n|turn|15\n|c| Kenpachikyouraku|Caiu na mesma estrategia do guts kkk\n|inactive|PerhapsXolas has 240 seconds left.\n|\n|t:|1699815810\n|-terastallize|p1a: Escoliose|Dark\n|move|p1a: Escoliose|Crunch|p2a: seu Barriga\n|-supereffective|p2a: seu Barriga\n|-damage|p2a: seu Barriga|0 fnt\n|faint|p2a: seu Barriga\n|\n|-damage|p1a: Escoliose|66\/100 brn|[from] brn\n|upkeep\n|inactive|Exquil has 270 seconds left.\n|\n|t:|1699815840\n|switch|p2a: Red Dragon B. Eyes|Skeledirge, F|100\/100\n|turn|16\n|\n|t:|1699815846\n|move|p2a: Red Dragon B. Eyes|Torch Song|p1a: Escoliose\n|-damage|p1a: Escoliose|30\/100 brn\n|-boost|p2a: Red Dragon B. Eyes|spa|1\n|move|p1a: Escoliose|Crunch|p2a: Red Dragon B. Eyes\n|-supereffective|p2a: Red Dragon B. Eyes\n|-damage|p2a: Red Dragon B. Eyes|0 fnt\n|faint|p2a: Red Dragon B. Eyes\n|\n|-damage|p1a: Escoliose|24\/100 brn|[from] brn\n|upkeep\n|\n|t:|1699815856\n|switch|p2a: Efi vinte dois|Dragapult, M|45\/100\n|turn|17\n|\n|t:|1699815866\n|move|p2a: Efi vinte dois|Dragon Pulse|p1a: Escoliose\n|-damage|p1a: Escoliose|2\/100 brn\n|move|p1a: Escoliose|Ice Punch|p2a: Efi vinte dois\n|-supereffective|p2a: Efi vinte dois\n|-damage|p2a: Efi vinte dois|0 fnt\n|faint|p2a: Efi vinte dois\n|\n|-damage|p1a: Escoliose|0 fnt|[from] brn\n|faint|p1a: Escoliose\n|upkeep\n|inactive|PerhapsXolas has 270 seconds left.\n|inactive|Exquil has 270 seconds left.\n|\n|t:|1699815881\n|switch|p2a: Kara|Garchomp, F|13\/100\n|switch|p1a: Meowscaralho|Meowscarada, M|55\/100\n|turn|18\n|\n|t:|1699815897\n|move|p1a: Meowscaralho|Grass Knot|p2a: Kara\n|-damage|p2a: Kara|0 fnt\n|-damage|p1a: Meowscaralho|43\/100|[from] ability: Rough Skin|[of] p2a: Kara\n|faint|p2a: Kara\n|\n|win|PerhapsXolas\n|c|\u2606PerhapsXolas|gg\n|c|\u2606Exquil|GG\n|l| Jumeninja\n|l| igorino02\n","uploadtime":1699815906,"views":17,"p1id":"perhapsxolas","p2id":"exquil","formatid":"gen9ou","rating":0,"private":0,"password":""}