{"id":"gen9ou-1994926396","p1":"nd9t2 gaming","p2":"cyclonez_","format":"[Gen 9] OU","log":"|j|\u2606nd9t2 gaming\n|j|\u2606cyclonez_\n|t:|1700505303\n|gametype|singles\n|player|p1|nd9t2 gaming|170|\n|player|p2|cyclonez_|170|\n|teamsize|p1|1\n|teamsize|p2|1\n|gen|9\n|tier|[Gen 9] OU\n|rule|Sleep Clause Mod: Limit one foe put to sleep\n|rule|Species Clause: Limit one of each Pok\u00e9mon\n|rule|OHKO Clause: OHKO moves are banned\n|rule|Evasion Items Clause: Evasion items are banned\n|rule|Evasion Moves Clause: Evasion moves are banned\n|rule|Endless Battle Clause: Forcing endless battles is banned\n|rule|HP Percentage Mod: HP is shown in percentages\n|clearpoke\n|poke|p1|Cleffa, F|\n|poke|p2|Rookidee, M|\n|teampreview\n|\n|t:|1700505307\n|start\n|switch|p1a: Cleffa|Cleffa, F|100\/100\n|switch|p2a: Rookidee|Rookidee, M|100\/100\n|turn|1\n|\n|t:|1700505317\n|move|p2a: Rookidee|Air Slash|p1a: Cleffa\n|-damage|p1a: Cleffa|87\/100\n|move|p1a: Cleffa|Wish|p1a: Cleffa\n|\n|upkeep\n|turn|2\n|\n|t:|1700505326\n|move|p2a: Rookidee|Taunt|p1a: Cleffa\n|-start|p1a: Cleffa|move: Taunt\n|cant|p1a: Cleffa|move: Taunt|Thunder Wave\n|\n|-heal|p1a: Cleffa|100\/100|[from] move: Wish|[wisher] Cleffa\n|upkeep\n|turn|3\n|\n|t:|1700505337\n|move|p2a: Rookidee|Spite|p1a: Cleffa\n|-activate|p1a: Cleffa|move: Spite|Wish|4\n|move|p1a: Cleffa|Dazzling Gleam|p2a: Rookidee\n|-damage|p2a: Rookidee|77\/100\n|\n|upkeep\n|turn|4\n|\n|t:|1700505378\n|-terastallize|p2a: Rookidee|Flying\n|-terastallize|p1a: Cleffa|Fairy\n|move|p2a: Rookidee|Air Slash|p1a: Cleffa\n|-damage|p1a: Cleffa|83\/100\n|move|p1a: Cleffa|Dazzling Gleam|p2a: Rookidee\n|-damage|p2a: Rookidee|48\/100\n|\n|-end|p1a: Cleffa|move: Taunt\n|upkeep\n|turn|5\n|\n|t:|1700505391\n|move|p2a: Rookidee|Air Slash|p1a: Cleffa\n|-damage|p1a: Cleffa|66\/100\n|move|p1a: Cleffa|Dazzling Gleam|p2a: Rookidee\n|-damage|p2a: Rookidee|14\/100\n|\n|upkeep\n|turn|6\n|\n|t:|1700505395\n|move|p2a: Rookidee|Roost|p2a: Rookidee\n|-heal|p2a: Rookidee|65\/100\n|-hint|If a Flying Terastallized Pokemon uses Roost, it remains Flying-type.\n|move|p1a: Cleffa|Dazzling Gleam|p2a: Rookidee\n|-damage|p2a: Rookidee|32\/100\n|\n|upkeep\n|turn|7\n|\n|t:|1700505405\n|move|p2a: Rookidee|Roost|p2a: Rookidee\n|-heal|p2a: Rookidee|83\/100\n|-hint|If a Flying Terastallized Pokemon uses Roost, it remains Flying-type.\n|move|p1a: Cleffa|Dazzling Gleam|p2a: Rookidee\n|-damage|p2a: Rookidee|52\/100\n|\n|upkeep\n|turn|8\n|\n|t:|1700505409\n|move|p2a: Rookidee|Spite|p1a: Cleffa\n|-activate|p1a: Cleffa|move: Spite|Dazzling Gleam|4\n|move|p1a: Cleffa|Dazzling Gleam|p2a: Rookidee\n|-damage|p2a: Rookidee|21\/100\n|\n|upkeep\n|turn|9\n|\n|t:|1700505414\n|move|p2a: Rookidee|Roost|p2a: Rookidee\n|-heal|p2a: Rookidee|71\/100\n|-hint|If a Flying Terastallized Pokemon uses Roost, it remains Flying-type.\n|move|p1a: Cleffa|Dazzling Gleam|p2a: Rookidee\n|-damage|p2a: Rookidee|39\/100\n|\n|upkeep\n|turn|10\n|\n|t:|1700505417\n|move|p2a: Rookidee|Roost|p2a: Rookidee\n|-heal|p2a: Rookidee|89\/100\n|-hint|If a Flying Terastallized Pokemon uses Roost, it remains Flying-type.\n|move|p1a: Cleffa|Dazzling Gleam|p2a: Rookidee\n|-damage|p2a: Rookidee|57\/100\n|\n|upkeep\n|turn|11\n|\n|t:|1700505421\n|move|p2a: Rookidee|Spite|p1a: Cleffa\n|-activate|p1a: Cleffa|move: Spite|Dazzling Gleam|4\n|cant|p1a: Cleffa|nopp|Dazzling Gleam\n|\n|upkeep\n|turn|12\n|-message|nd9t2 gaming forfeited.\n|\n|win|cyclonez_\n","uploadtime":1700505505,"views":14,"p1id":"nd9t2gaming","p2id":"cyclonez","formatid":"gen9ou","rating":0,"private":0,"password":""}