{"id":"gen9ou-1997814035","p1":"ArcticFox1","p2":"caimanvert","format":"[Gen 9] OU","log":"|j|\u2606ArcticFox1\n|j|\u2606caimanvert\n|t:|1700855544\n|gametype|singles\n|player|p1|ArcticFox1|169|1218\n|player|p2|caimanvert|biker-gen4|1181\n|teamsize|p1|6\n|teamsize|p2|6\n|gen|9\n|tier|[Gen 9] OU\n|rated|\n|rule|Sleep Clause Mod: Limit one foe put to sleep\n|rule|Species Clause: Limit one of each Pok\u00e9mon\n|rule|OHKO Clause: OHKO moves are banned\n|rule|Evasion Items Clause: Evasion items are banned\n|rule|Evasion Moves Clause: Evasion moves are banned\n|rule|Endless Battle Clause: Forcing endless battles is banned\n|rule|HP Percentage Mod: HP is shown in percentages\n|clearpoke\n|poke|p1|Poliwrath, F|\n|poke|p1|Pelipper, M|\n|poke|p1|Overqwil, F|\n|poke|p1|Rillaboom, M|\n|poke|p1|Iron Treads|\n|poke|p1|Zapdos|\n|poke|p2|Kingambit, F|\n|poke|p2|Ogerpon-Wellspring, F|\n|poke|p2|Clefable, M|\n|poke|p2|Great Tusk|\n|poke|p2|Slowking-Galar, M|\n|poke|p2|Enamorus, F|\n|teampreview\n|inactive|Battle timer is ON: inactive players will automatically lose when time's up. (requested by ArcticFox1)\n|\n|t:|1700855556\n|start\n|switch|p1a: Pelipper|Pelipper, M|100\/100\n|switch|p2a: balemasque|Ogerpon-Wellspring, F|100\/100\n|-weather|RainDance|[from] ability: Drizzle|[of] p1a: Pelipper\n|turn|1\n|\n|t:|1700855574\n|move|p2a: balemasque|Knock Off|p1a: Pelipper\n|-damage|p1a: Pelipper|61\/100\n|-enditem|p1a: Pelipper|Damp Rock|[from] move: Knock Off|[of] p2a: balemasque\n|move|p1a: Pelipper|U-turn|p2a: balemasque\n|-supereffective|p2a: balemasque\n|-damage|p2a: balemasque|77\/100\n|\n|t:|1700855577\n|switch|p1a: Poliwrath|Poliwrath, F|100\/100|[from] U-turn\n|\n|-weather|RainDance|[upkeep]\n|upkeep\n|turn|2\n|\n|t:|1700855592\n|switch|p2a: Slowking|Slowking-Galar, M|100\/100\n|-terastallize|p1a: Poliwrath|Poison\n|move|p1a: Poliwrath|Belly Drum|p1a: Poliwrath\n|-damage|p1a: Poliwrath|50\/100\n|-setboost|p1a: Poliwrath|atk|6|[from] move: Belly Drum\n|-enditem|p1a: Poliwrath|Sitrus Berry|[eat]\n|-heal|p1a: Poliwrath|75\/100|[from] item: Sitrus Berry\n|\n|-weather|RainDance|[upkeep]\n|upkeep\n|turn|3\n|\n|t:|1700855615\n|move|p1a: Poliwrath|Liquidation|p2a: Slowking\n|-damage|p2a: Slowking|0 fnt\n|faint|p2a: Slowking\n|\n|-weather|RainDance|[upkeep]\n|upkeep\n|\n|t:|1700855622\n|switch|p2a: Kingambit|Kingambit, F|100\/100\n|-activate|p2a: Kingambit|ability: Supreme Overlord\n|-start|p2a: Kingambit|fallen1|[silent]\n|turn|4\n|\n|t:|1700855630\n|-end|p2a: Kingambit|fallen1|[silent]\n|switch|p2a: Clefable|Clefable, M|100\/100\n|move|p1a: Poliwrath|Drain Punch|p2a: Clefable\n|-resisted|p2a: Clefable\n|-damage|p2a: Clefable|88\/100\n|-heal|p1a: Poliwrath|83\/100|[from] drain|[of] p2a: Clefable\n|\n|-weather|RainDance|[upkeep]\n|-heal|p2a: Clefable|94\/100|[from] item: Leftovers\n|upkeep\n|turn|5\n|\n|t:|1700855647\n|move|p2a: Clefable|Protect|p2a: Clefable\n|-singleturn|p2a: Clefable|Protect\n|move|p1a: Poliwrath|Liquidation|p2a: Clefable\n|-activate|p2a: Clefable|move: Protect\n|\n|-weather|RainDance|[upkeep]\n|-heal|p2a: Clefable|100\/100|[from] item: Leftovers\n|upkeep\n|turn|6\n|\n|t:|1700855655\n|move|p1a: Poliwrath|Tera Blast|p2a: Clefable|[anim] Tera Blast Poison\n|-supereffective|p2a: Clefable\n|-damage|p2a: Clefable|47\/100\n|move|p2a: Clefable|Thunder Wave|p1a: Poliwrath\n|-status|p1a: Poliwrath|par\n|\n|-weather|RainDance|[upkeep]\n|-heal|p2a: Clefable|53\/100|[from] item: Leftovers\n|upkeep\n|turn|7\n|\n|t:|1700855664\n|move|p2a: Clefable|Protect|p2a: Clefable\n|-singleturn|p2a: Clefable|Protect\n|move|p1a: Poliwrath|Liquidation|p2a: Clefable\n|-activate|p2a: Clefable|move: Protect\n|\n|-weather|RainDance|[upkeep]\n|-heal|p2a: Clefable|59\/100|[from] item: Leftovers\n|upkeep\n|turn|8\n|\n|t:|1700855672\n|move|p1a: Poliwrath|Liquidation|p2a: Clefable\n|-damage|p2a: Clefable|20\/100\n|move|p2a: Clefable|Wish|p2a: Clefable\n|\n|-weather|none\n|-heal|p2a: Clefable|26\/100|[from] item: Leftovers\n|upkeep\n|turn|9\n|\n|t:|1700855683\n|switch|p1a: Iron Treads|Iron Treads|100\/100\n|move|p2a: Clefable|Protect||[still]\n|-fail|p2a: Clefable\n|\n|-heal|p2a: Clefable|76\/100|[from] move: Wish|[wisher] Clefable\n|-heal|p2a: Clefable|82\/100|[from] item: Leftovers\n|upkeep\n|turn|10\n|\n|t:|1700855696\n|switch|p2a: Great Tusk|Great Tusk|100\/100\n|move|p1a: Iron Treads|Earth Power|p2a: Great Tusk\n|-damage|p2a: Great Tusk|58\/100\n|\n|-heal|p2a: Great Tusk|64\/100|[from] item: Leftovers\n|upkeep\n|turn|11\n|\n|t:|1700855706\n|-end|p1a: Iron Treads|Quark Drive|[silent]\n|switch|p1a: Pelipper|Pelipper, M|61\/100\n|-weather|RainDance|[from] ability: Drizzle|[of] p1a: Pelipper\n|move|p2a: Great Tusk|Stealth Rock|p1a: Pelipper\n|-sidestart|p1: ArcticFox1|move: Stealth Rock\n|\n|-weather|RainDance|[upkeep]\n|-heal|p2a: Great Tusk|70\/100|[from] item: Leftovers\n|upkeep\n|turn|12\n|\n|t:|1700855725\n|-end|p2a: Great Tusk|Protosynthesis|[silent]\n|switch|p2a: Clefable|Clefable, M|82\/100\n|move|p1a: Pelipper|Hurricane|p2a: Clefable\n|-damage|p2a: Clefable|47\/100\n|\n|-weather|RainDance|[upkeep]\n|-heal|p2a: Clefable|53\/100|[from] item: Leftovers\n|upkeep\n|turn|13\n|\n|t:|1700855733\n|move|p1a: Pelipper|U-turn|p2a: Clefable\n|-resisted|p2a: Clefable\n|-damage|p2a: Clefable|50\/100\n|\n|t:|1700855736\n|switch|p1a: Zapdos|Zapdos|100\/100|[from] U-turn\n|move|p2a: Clefable|Wish|p2a: Clefable\n|\n|-weather|RainDance|[upkeep]\n|-heal|p2a: Clefable|56\/100|[from] item: Leftovers\n|upkeep\n|turn|14\n|\n|t:|1700855744\n|move|p2a: Clefable|Protect|p2a: Clefable\n|-singleturn|p2a: Clefable|Protect\n|move|p1a: Zapdos|Thunder|p2a: Clefable\n|-activate|p2a: Clefable|move: Protect\n|\n|-weather|RainDance|[upkeep]\n|-heal|p2a: Clefable|100\/100|[from] move: Wish|[wisher] Clefable\n|upkeep\n|turn|15\n|\n|t:|1700855753\n|switch|p2a: Great Tusk|Great Tusk|70\/100\n|move|p1a: Zapdos|Hurricane|p2a: Great Tusk\n|-supereffective|p2a: Great Tusk\n|-damage|p2a: Great Tusk|0 fnt\n|faint|p2a: Great Tusk\n|-end|p2a: Great Tusk|Protosynthesis|[silent]\n|\n|-weather|none\n|upkeep\n|\n|t:|1700855769\n|switch|p2a: Clefable|Clefable, M|100\/100\n|turn|16\n|\n|t:|1700855782\n|switch|p1a: Poliwrath|Poliwrath, F, tera:Poison|83\/100 par\n|-damage|p1a: Poliwrath|70\/100 par|[from] Stealth Rock\n|move|p2a: Clefable|Moonblast|p1a: Poliwrath\n|-resisted|p1a: Poliwrath\n|-damage|p1a: Poliwrath|52\/100 par\n|-unboost|p1a: Poliwrath|spa|1\n|\n|upkeep\n|turn|17\n|\n|t:|1700855792\n|move|p2a: Clefable|Moonblast|p1a: Poliwrath\n|-resisted|p1a: Poliwrath\n|-damage|p1a: Poliwrath|32\/100 par\n|move|p1a: Poliwrath|Tera Blast|p2a: Clefable|[anim] Tera Blast Poison\n|-supereffective|p2a: Clefable\n|-crit|p2a: Clefable\n|-damage|p2a: Clefable|19\/100\n|\n|-heal|p2a: Clefable|25\/100|[from] item: Leftovers\n|upkeep\n|turn|18\n|\n|t:|1700855801\n|move|p2a: Clefable|Protect|p2a: Clefable\n|-singleturn|p2a: Clefable|Protect\n|move|p1a: Poliwrath|Tera Blast|p2a: Clefable|[anim] Tera Blast Poison\n|-activate|p2a: Clefable|move: Protect\n|\n|-heal|p2a: Clefable|31\/100|[from] item: Leftovers\n|upkeep\n|turn|19\n|\n|t:|1700855811\n|switch|p2a: Kingambit|Kingambit, F|100\/100\n|-activate|p2a: Kingambit|ability: Supreme Overlord\n|-start|p2a: Kingambit|fallen2|[silent]\n|move|p1a: Poliwrath|Tera Blast|p2a: Kingambit|[anim] Tera Blast Poison\n|-immune|p2a: Kingambit\n|\n|upkeep\n|turn|20\n|\n|t:|1700855823\n|move|p2a: Kingambit|Iron Head|p1a: Poliwrath\n|-damage|p1a: Poliwrath|0 fnt\n|faint|p1a: Poliwrath\n|\n|upkeep\n|\n|t:|1700855830\n|switch|p1a: Pelipper|Pelipper, M|61\/100\n|-damage|p1a: Pelipper|36\/100|[from] Stealth Rock\n|-weather|RainDance|[from] ability: Drizzle|[of] p1a: Pelipper\n|turn|21\n|\n|t:|1700855836\n|move|p2a: Kingambit|Sucker Punch|p1a: Pelipper\n|-damage|p1a: Pelipper|0 fnt\n|faint|p1a: Pelipper\n|\n|-weather|RainDance|[upkeep]\n|upkeep\n|\n|t:|1700855839\n|switch|p1a: Overqwil|Overqwil, F|100\/100\n|-damage|p1a: Overqwil|88\/100|[from] Stealth Rock\n|turn|22\n|\n|t:|1700855849\n|move|p1a: Overqwil|Swords Dance|p1a: Overqwil\n|-boost|p1a: Overqwil|atk|2\n|move|p2a: Kingambit|Iron Head|p1a: Overqwil\n|-damage|p1a: Overqwil|30\/100\n|\n|-weather|RainDance|[upkeep]\n|upkeep\n|turn|23\n|\n|t:|1700855857\n|move|p2a: Kingambit|Sucker Punch|p1a: Overqwil\n|-resisted|p1a: Overqwil\n|-damage|p1a: Overqwil|4\/100\n|move|p1a: Overqwil|Liquidation|p2a: Kingambit\n|-damage|p2a: Kingambit|17\/100\n|-unboost|p2a: Kingambit|def|1\n|-damage|p1a: Overqwil|0 fnt|[from] item: Life Orb\n|faint|p1a: Overqwil\n|\n|-weather|RainDance|[upkeep]\n|-heal|p2a: Kingambit|23\/100|[from] item: Leftovers\n|upkeep\n|\n|t:|1700855865\n|switch|p1a: Rillaboom|Rillaboom, M|100\/100\n|-damage|p1a: Rillaboom|88\/100|[from] Stealth Rock\n|-fieldstart|move: Grassy Terrain|[from] ability: Grassy Surge|[of] p1a: Rillaboom\n|turn|24\n|\n|t:|1700855880\n|-terastallize|p2a: Kingambit|Flying\n|move|p1a: Rillaboom|Grassy Glide|p2a: Kingambit\n|-resisted|p2a: Kingambit\n|-damage|p2a: Kingambit|0 fnt\n|faint|p2a: Kingambit\n|-end|p2a: Kingambit|fallen2|[silent]\n|\n|-weather|RainDance|[upkeep]\n|-heal|p1a: Rillaboom|94\/100|[from] Grassy Terrain\n|upkeep\n|\n|t:|1700855889\n|switch|p2a: Enamorus|Enamorus, F|100\/100\n|turn|25\n|\n|t:|1700855895\n|switch|p1a: Iron Treads|Iron Treads|100\/100\n|-damage|p1a: Iron Treads|97\/100|[from] Stealth Rock\n|move|p2a: Enamorus|Mystical Fire|p1a: Iron Treads\n|-supereffective|p1a: Iron Treads\n|-damage|p1a: Iron Treads|69\/100\n|-unboost|p1a: Iron Treads|spa|1\n|\n|-weather|none\n|-heal|p1a: Iron Treads|75\/100|[from] Grassy Terrain\n|upkeep\n|turn|26\n|\n|t:|1700855905\n|move|p2a: Enamorus|Mystical Fire|p1a: Iron Treads\n|-supereffective|p1a: Iron Treads\n|-damage|p1a: Iron Treads|17\/100\n|-unboost|p1a: Iron Treads|spa|1\n|move|p1a: Iron Treads|Thunder|p2a: Enamorus|[miss]\n|-miss|p1a: Iron Treads|p2a: Enamorus\n|\n|-heal|p1a: Iron Treads|23\/100|[from] Grassy Terrain\n|upkeep\n|turn|27\n|\n|t:|1700855917\n|move|p2a: Enamorus|Mystical Fire|p1a: Iron Treads\n|-supereffective|p1a: Iron Treads\n|-damage|p1a: Iron Treads|0 fnt\n|faint|p1a: Iron Treads\n|-end|p1a: Iron Treads|Quark Drive|[silent]\n|\n|upkeep\n|\n|t:|1700855920\n|switch|p1a: Zapdos|Zapdos|100\/100\n|turn|28\n|\n|t:|1700855926\n|switch|p2a: Clefable|Clefable, M|31\/100\n|move|p1a: Zapdos|Thunder|p2a: Clefable\n|-damage|p2a: Clefable|0 fnt\n|faint|p2a: Clefable\n|\n|-fieldend|move: Grassy Terrain\n|upkeep\n|\n|t:|1700855938\n|switch|p2a: balemasque|Ogerpon-Wellspring, F|77\/100\n|turn|29\n|\n|t:|1700855947\n|move|p2a: balemasque|Ivy Cudgel|p1a: Zapdos|[anim] Ivy Cudgel Water\n|-damage|p1a: Zapdos|31\/100\n|move|p1a: Zapdos|Hurricane|p2a: balemasque\n|-supereffective|p2a: balemasque\n|-damage|p2a: balemasque|0 fnt\n|faint|p2a: balemasque\n|\n|upkeep\n|\n|t:|1700855954\n|switch|p2a: Enamorus|Enamorus, F|100\/100\n|turn|30\n|\n|t:|1700855957\n|move|p2a: Enamorus|Mystical Fire|p1a: Zapdos\n|-damage|p1a: Zapdos|0 fnt\n|faint|p1a: Zapdos\n|\n|upkeep\n|\n|t:|1700855965\n|switch|p1a: Rillaboom|Rillaboom, M|94\/100\n|-damage|p1a: Rillaboom|82\/100|[from] Stealth Rock\n|-fieldstart|move: Grassy Terrain|[from] ability: Grassy Surge|[of] p1a: Rillaboom\n|turn|31\n|\n|t:|1700855974\n|move|p1a: Rillaboom|Grassy Glide|p2a: Enamorus\n|-resisted|p2a: Enamorus\n|-damage|p2a: Enamorus|55\/100\n|move|p2a: Enamorus|Mystical Fire|p1a: Rillaboom\n|-supereffective|p1a: Rillaboom\n|-damage|p1a: Rillaboom|9\/100\n|-unboost|p1a: Rillaboom|spa|1\n|\n|-heal|p1a: Rillaboom|15\/100|[from] Grassy Terrain\n|upkeep\n|turn|32\n|\n|t:|1700855984\n|move|p1a: Rillaboom|Grassy Glide|p2a: Enamorus\n|-resisted|p2a: Enamorus\n|-damage|p2a: Enamorus|8\/100\n|move|p2a: Enamorus|Mystical Fire|p1a: Rillaboom\n|-supereffective|p1a: Rillaboom\n|-damage|p1a: Rillaboom|0 fnt\n|faint|p1a: Rillaboom\n|\n|win|caimanvert\n|raw|ArcticFox1's rating: 1218 &rarr; <strong>1190<\/strong><br \/>(-28 for losing)\n|raw|caimanvert's rating: 1181 &rarr; <strong>1209<\/strong><br \/>(+28 for winning)\n","uploadtime":1700855996,"views":2,"p1id":"arcticfox1","p2id":"caimanvert","formatid":"gen9ou","rating":1190,"private":0,"password":""}