{"id":"gen9ou-1989347024","p1":"Retroredux11","p2":"Skrumply","format":"[Gen 9] OU","log":"|j|\u2606Retroredux11\n|j|\u2606Skrumply\n|t:|1699839070\n|gametype|singles\n|player|p1|Retroredux11|rosa|1035\n|player|p2|Skrumply|lucy|1000\n|teamsize|p1|6\n|teamsize|p2|6\n|gen|9\n|tier|[Gen 9] OU\n|rated|\n|rule|Sleep Clause Mod: Limit one foe put to sleep\n|rule|Species Clause: Limit one of each Pok\u00e9mon\n|rule|OHKO Clause: OHKO moves are banned\n|rule|Evasion Items Clause: Evasion items are banned\n|rule|Evasion Moves Clause: Evasion moves are banned\n|rule|Endless Battle Clause: Forcing endless battles is banned\n|rule|HP Percentage Mod: HP is shown in percentages\n|clearpoke\n|poke|p1|Samurott-Hisui, M|\n|poke|p1|Glimmora, M|\n|poke|p1|Ceruledge, F|\n|poke|p1|Ninetales-Alola, F|\n|poke|p1|Meowscarada, M|\n|poke|p1|Ribombee, F|\n|poke|p2|Ogerpon-Wellspring, F|\n|poke|p2|Iron Valiant|\n|poke|p2|Jirachi|\n|poke|p2|Moltres|\n|poke|p2|Weezing, F|\n|poke|p2|Cyclizar, M|\n|teampreview\n|\n|t:|1699839083\n|start\n|switch|p1a: Samurott|Samurott-Hisui, M|100\/100\n|switch|p2a: Christine|Ogerpon-Wellspring, F|100\/100\n|turn|1\n|\n|t:|1699839097\n|move|p2a: Christine|Leech Seed|p1a: Samurott\n|-start|p1a: Samurott|move: Leech Seed\n|move|p1a: Samurott|Ceaseless Edge|p2a: Christine\n|-damage|p2a: Christine|48\/100\n|-sidestart|p2: Skrumply|Spikes\n|\n|-damage|p1a: Samurott|88\/100|[from] Leech Seed|[of] p2a: Christine\n|-heal|p2a: Christine|59\/100|[silent]\n|upkeep\n|turn|2\n|\n|t:|1699839119\n|switch|p2a: Him?|Iron Valiant|100\/100\n|-damage|p2a: Him?|88\/100|[from] Spikes\n|-enditem|p2a: Him?|Booster Energy\n|-activate|p2a: Him?|ability: Quark Drive|[fromitem]\n|-start|p2a: Him?|quarkdrivespe\n|move|p1a: Samurott|Ceaseless Edge|p2a: Him?\n|-resisted|p2a: Him?\n|-damage|p2a: Him?|73\/100\n|-sidestart|p2: Skrumply|Spikes\n|\n|-damage|p1a: Samurott|76\/100|[from] Leech Seed|[of] p2a: Him?\n|-heal|p2a: Him?|87\/100|[silent]\n|upkeep\n|turn|3\n|\n|t:|1699839136\n|move|p2a: Him?|Spirit Break|p1a: Samurott\n|-supereffective|p1a: Samurott\n|-damage|p1a: Samurott|0 fnt\n|faint|p1a: Samurott\n|\n|upkeep\n|\n|t:|1699839146\n|switch|p1a: Ribombee|Ribombee, F|100\/100\n|turn|4\n|\n|t:|1699839153\n|move|p2a: Him?|Knock Off|p1a: Ribombee\n|-resisted|p1a: Ribombee\n|-damage|p1a: Ribombee|64\/100\n|-enditem|p1a: Ribombee|Heavy-Duty Boots|[from] move: Knock Off|[of] p2a: Him?\n|move|p1a: Ribombee|Stun Spore|p2a: Him?\n|-status|p2a: Him?|par\n|\n|upkeep\n|turn|5\n|\n|t:|1699839164\n|move|p1a: Ribombee|Sticky Web|p2a: Him?\n|-sidestart|p2: Skrumply|move: Sticky Web\n|move|p2a: Him?|Encore|p1a: Ribombee\n|-start|p1a: Ribombee|Encore\n|\n|upkeep\n|turn|6\n|\n|t:|1699839172\n|switch|p1a: Glimmora|Glimmora, M|100\/100\n|cant|p2a: Him?|par\n|\n|upkeep\n|turn|7\n|\n|t:|1699839190\n|-end|p2a: Him?|Quark Drive|[silent]\n|switch|p2a: Cloudbusting|Cyclizar, M|100\/100\n|-damage|p2a: Cloudbusting|84\/100|[from] Spikes\n|-activate|p2a: Cloudbusting|move: Sticky Web\n|-unboost|p2a: Cloudbusting|spe|1\n|move|p1a: Glimmora|Stealth Rock|p2a: Cloudbusting\n|-sidestart|p2: Skrumply|move: Stealth Rock\n|\n|upkeep\n|turn|8\n|\n|t:|1699839201\n|-terastallize|p1a: Glimmora|Ghost\n|move|p1a: Glimmora|Sludge Bomb|p2a: Cloudbusting\n|-damage|p2a: Cloudbusting|39\/100\n|move|p2a: Cloudbusting|Knock Off|p1a: Glimmora\n|-supereffective|p1a: Glimmora\n|-damage|p1a: Glimmora|44\/100\n|-activate|p1a: Glimmora|ability: Toxic Debris\n|-sidestart|p2: Skrumply|move: Toxic Spikes\n|-enditem|p1a: Glimmora|Heavy-Duty Boots|[from] move: Knock Off|[of] p2a: Cloudbusting\n|\n|upkeep\n|turn|9\n|\n|t:|1699839220\n|switch|p2a: The Argus|Weezing, F, shiny|100\/100\n|-damage|p2a: The Argus|88\/100|[from] Stealth Rock\n|move|p1a: Glimmora|Mortal Spin|p2a: The Argus\n|-resisted|p2a: The Argus\n|-damage|p2a: The Argus|86\/100\n|-damage|p1a: Glimmora|28\/100|[from] item: Rocky Helmet|[of] p2a: The Argus\n|\n|upkeep\n|turn|10\n|\n|t:|1699839230\n|move|p1a: Glimmora|Power Gem|p2a: The Argus\n|-damage|p2a: The Argus|31\/100\n|move|p2a: The Argus|Shadow Ball|p1a: Glimmora\n|-supereffective|p1a: Glimmora\n|-damage|p1a: Glimmora|0 fnt\n|faint|p1a: Glimmora\n|\n|upkeep\n|\n|t:|1699839242\n|switch|p1a: Ribombee|Ribombee, F|64\/100\n|turn|11\n|\n|t:|1699839250\n|move|p1a: Ribombee|Stun Spore|p2a: The Argus\n|-status|p2a: The Argus|par\n|move|p2a: The Argus|Sludge Bomb|p1a: Ribombee\n|-supereffective|p1a: Ribombee\n|-damage|p1a: Ribombee|0 fnt\n|faint|p1a: Ribombee\n|\n|upkeep\n|\n|t:|1699839259\n|switch|p1a: Ceruledge|Ceruledge, F|100\/100\n|turn|12\n|\n|t:|1699839265\n|move|p1a: Ceruledge|Swords Dance|p1a: Ceruledge\n|-boost|p1a: Ceruledge|atk|2\n|move|p2a: The Argus|Haze|p2a: The Argus\n|-clearallboost\n|\n|upkeep\n|turn|13\n|\n|t:|1699839274\n|switch|p1a: Meowscarada|Meowscarada, M|100\/100\n|move|p2a: The Argus|Shadow Ball|p1a: Meowscarada\n|-resisted|p1a: Meowscarada\n|-damage|p1a: Meowscarada|89\/100\n|\n|upkeep\n|turn|14\n|\n|t:|1699839283\n|move|p1a: Meowscarada|Flower Trick|p2a: The Argus\n|-start|p1a: Meowscarada|typechange|Grass|[from] ability: Protean\n|-resisted|p2a: The Argus\n|-crit|p2a: The Argus\n|-damage|p2a: The Argus|9\/100 par\n|cant|p2a: The Argus|par\n|\n|upkeep\n|turn|15\n|\n|t:|1699839302\n|switch|p2a: Soft Landing|Moltres|100\/100\n|move|p1a: Meowscarada|Flower Trick|p2a: Soft Landing\n|-resisted|p2a: Soft Landing\n|-crit|p2a: Soft Landing\n|-damage|p2a: Soft Landing|84\/100\n|\n|upkeep\n|turn|16\n|\n|t:|1699839310\n|switch|p1a: Ninetales|Ninetales-Alola, F|100\/100\n|-weather|Snow|[from] ability: Snow Warning|[of] p1a: Ninetales\n|move|p2a: Soft Landing|Hurricane|p1a: Ninetales\n|-damage|p1a: Ninetales|47\/100\n|-start|p1a: Ninetales|confusion\n|\n|-weather|Snow|[upkeep]\n|upkeep\n|turn|17\n|\n|t:|1699839321\n|-activate|p1a: Ninetales|confusion\n|move|p1a: Ninetales|Aurora Veil|p1a: Ninetales\n|-sidestart|p1: Retroredux11|move: Aurora Veil\n|move|p2a: Soft Landing|Flamethrower|p1a: Ninetales\n|-supereffective|p1a: Ninetales\n|-damage|p1a: Ninetales|4\/100\n|-status|p1a: Ninetales|brn\n|\n|-weather|Snow|[upkeep]\n|-damage|p1a: Ninetales|0 fnt|[from] brn\n|faint|p1a: Ninetales\n|upkeep\n|\n|t:|1699839332\n|switch|p1a: Ceruledge|Ceruledge, F|100\/100\n|turn|18\n|\n|t:|1699839359\n|switch|p2a: The Argus|Weezing, F, shiny|9\/100 par\n|-damage|p2a: The Argus|0 fnt|[from] Stealth Rock\n|faint|p2a: The Argus\n|move|p1a: Ceruledge|Swords Dance|p1a: Ceruledge\n|-boost|p1a: Ceruledge|atk|2\n|\n|-weather|Snow|[upkeep]\n|upkeep\n|\n|t:|1699839364\n|switch|p2a: Cloudbusting|Cyclizar, M|72\/100\n|-damage|p2a: Cloudbusting|56\/100|[from] Spikes\n|-activate|p2a: Cloudbusting|move: Sticky Web\n|-unboost|p2a: Cloudbusting|spe|1\n|-damage|p2a: Cloudbusting|43\/100|[from] Stealth Rock\n|-status|p2a: Cloudbusting|psn\n|turn|19\n|\n|t:|1699839376\n|move|p1a: Ceruledge|Brick Break|p2a: Cloudbusting\n|-supereffective|p2a: Cloudbusting\n|-damage|p2a: Cloudbusting|0 fnt\n|faint|p2a: Cloudbusting\n|\n|-weather|Snow|[upkeep]\n|upkeep\n|\n|t:|1699839385\n|switch|p2a: Christine|Ogerpon-Wellspring, F|59\/100\n|-damage|p2a: Christine|43\/100|[from] Spikes\n|-activate|p2a: Christine|move: Sticky Web\n|-unboost|p2a: Christine|spe|1\n|-damage|p2a: Christine|31\/100|[from] Stealth Rock\n|-status|p2a: Christine|psn\n|turn|20\n|\n|t:|1699839393\n|move|p1a: Ceruledge|Bitter Blade|p2a: Christine\n|-damage|p2a: Christine|0 fnt\n|faint|p2a: Christine\n|\n|-weather|none\n|upkeep\n|\n|t:|1699839402\n|switch|p2a: Him?|Iron Valiant|87\/100 par\n|-damage|p2a: Him?|70\/100 par|[from] Spikes\n|-activate|p2a: Him?|move: Sticky Web\n|-unboost|p2a: Him?|spe|1\n|-damage|p2a: Him?|64\/100 par|[from] Stealth Rock\n|turn|21\n|\n|t:|1699839411\n|move|p1a: Ceruledge|Bitter Blade|p2a: Him?\n|-damage|p2a: Him?|0 fnt\n|faint|p2a: Him?\n|-end|p2a: Him?|Quark Drive|[silent]\n|\n|upkeep\n|\n|t:|1699839414\n|switch|p2a: Soft Landing|Moltres|84\/100\n|turn|22\n|\n|t:|1699839422\n|move|p1a: Ceruledge|Swords Dance|p1a: Ceruledge\n|-boost|p1a: Ceruledge|atk|2\n|move|p2a: Soft Landing|Hurricane|p1a: Ceruledge\n|-damage|p1a: Ceruledge|72\/100\n|-start|p1a: Ceruledge|confusion\n|\n|upkeep\n|turn|23\n|\n|t:|1699839430\n|-activate|p1a: Ceruledge|confusion\n|move|p1a: Ceruledge|Bitter Blade|p2a: Soft Landing\n|-resisted|p2a: Soft Landing\n|-damage|p2a: Soft Landing|18\/100\n|-heal|p1a: Ceruledge|100\/100|[from] drain|[of] p2a: Soft Landing\n|move|p2a: Soft Landing|Hurricane|p1a: Ceruledge\n|-damage|p1a: Ceruledge|72\/100\n|\n|upkeep\n|turn|24\n|\n|t:|1699839438\n|-activate|p1a: Ceruledge|confusion\n|-damage|p1a: Ceruledge|14\/100|[from] confusion\n|move|p2a: Soft Landing|Roost|p2a: Soft Landing\n|-heal|p2a: Soft Landing|68\/100\n|-singleturn|p2a: Soft Landing|move: Roost\n|\n|-sideend|p1: Retroredux11|move: Aurora Veil\n|upkeep\n|turn|25\n|\n|t:|1699839447\n|-activate|p1a: Ceruledge|confusion\n|-damage|p1a: Ceruledge|0 fnt|[from] confusion\n|faint|p1a: Ceruledge\n|move|p2a: Soft Landing|Hurricane|p1: Ceruledge|[notarget]\n|-fail|p2a: Soft Landing\n|\n|upkeep\n|\n|t:|1699839453\n|switch|p1a: Meowscarada|Meowscarada, M|89\/100\n|turn|26\n|\n|t:|1699839457\n|move|p1a: Meowscarada|Knock Off|p2a: Soft Landing\n|-start|p1a: Meowscarada|typechange|Dark|[from] ability: Protean\n|-damage|p2a: Soft Landing|2\/100\n|-enditem|p2a: Soft Landing|Heavy-Duty Boots|[from] move: Knock Off|[of] p1a: Meowscarada\n|move|p2a: Soft Landing|Flamethrower|p1a: Meowscarada\n|-damage|p1a: Meowscarada|35\/100\n|\n|upkeep\n|turn|27\n|\n|t:|1699839468\n|move|p1a: Meowscarada|Knock Off|p2a: Soft Landing\n|-damage|p2a: Soft Landing|0 fnt\n|-status|p1a: Meowscarada|brn|[from] ability: Flame Body|[of] p2a: Soft Landing\n|faint|p2a: Soft Landing\n|\n|-damage|p1a: Meowscarada|28\/100 brn|[from] brn\n|upkeep\n|\n|t:|1699839470\n|switch|p2a: Turkish Cotton|Jirachi|100\/100\n|-damage|p2a: Turkish Cotton|84\/100|[from] Spikes\n|-activate|p2a: Turkish Cotton|move: Sticky Web\n|-unboost|p2a: Turkish Cotton|spe|1\n|-damage|p2a: Turkish Cotton|78\/100|[from] Stealth Rock\n|turn|28\n|\n|t:|1699839481\n|-terastallize|p2a: Turkish Cotton|Bug\n|move|p1a: Meowscarada|Knock Off|p2a: Turkish Cotton\n|-damage|p2a: Turkish Cotton|49\/100\n|-enditem|p2a: Turkish Cotton|Leftovers|[from] move: Knock Off|[of] p1a: Meowscarada\n|move|p2a: Turkish Cotton|U-turn|p1a: Meowscarada\n|-supereffective|p1a: Meowscarada\n|-damage|p1a: Meowscarada|0 fnt\n|faint|p1a: Meowscarada\n|\n|win|Skrumply\n|raw|Retroredux11's rating: 1035 &rarr; <strong>1020<\/strong><br \/>(-15 for losing)\n|raw|Skrumply's rating: 1046 &rarr; <strong>1078<\/strong><br \/>(+32 for winning)\n|c|\u2606Skrumply|Aint God good\n|l|\u2606Retroredux11\n","uploadtime":1699839508,"views":8,"p1id":"retroredux11","p2id":"skrumply","formatid":"gen9ou","rating":1020,"private":0,"password":""}