{"id":"gen9ou-1996775797","p1":"RYUZELIN","p2":"Supraxd","format":"[Gen 9] OU","log":"|j|\u2606RYUZELIN\n|j|\u2606Supraxd\n|t:|1700723333\n|gametype|singles\n|player|p1|RYUZELIN|169|1151\n|player|p2|Supraxd|steven|1242\n|teamsize|p1|6\n|teamsize|p2|6\n|gen|9\n|tier|[Gen 9] OU\n|rated|\n|rule|Sleep Clause Mod: Limit one foe put to sleep\n|rule|Species Clause: Limit one of each Pok\u00e9mon\n|rule|OHKO Clause: OHKO moves are banned\n|rule|Evasion Items Clause: Evasion items are banned\n|rule|Evasion Moves Clause: Evasion moves are banned\n|rule|Endless Battle Clause: Forcing endless battles is banned\n|rule|HP Percentage Mod: HP is shown in percentages\n|clearpoke\n|poke|p1|Skeledirge, M|\n|poke|p1|Greninja-*, M|\n|poke|p1|Ogerpon-Wellspring, F|\n|poke|p1|Dragapult, F|\n|poke|p1|Cinderace, M|\n|poke|p1|Kingambit, M|\n|poke|p2|Kingambit, F|\n|poke|p2|Manaphy|\n|poke|p2|Kommo-o, F|\n|poke|p2|Ogerpon-Cornerstone, F|\n|poke|p2|Iron Treads|\n|poke|p2|Iron Valiant|\n|teampreview\n|inactive|Battle timer is ON: inactive players will automatically lose when time's up. (requested by RYUZELIN)\n|inactive|Supraxd has 120 seconds left.\n|inactive|Supraxd has 90 seconds left.\n|inactive|Supraxd has 60 seconds left.\n|\n|t:|1700723480\n|start\n|switch|p1a: Skeledirge|Skeledirge, M|100\/100\n|switch|p2a: Ogerpon|Ogerpon-Cornerstone, F|100\/100\n|turn|1\n|\n|t:|1700723488\n|-terastallize|p2a: Ogerpon|Rock\n|detailschange|p2a: Ogerpon|Ogerpon-Cornerstone-Tera, F, tera:Rock\n|-ability|p2a: Ogerpon|Embody Aspect (Cornerstone)|boost\n|-boost|p2a: Ogerpon|def|1\n|move|p2a: Ogerpon|Ivy Cudgel|p1a: Skeledirge|[anim] Ivy Cudgel Rock\n|-supereffective|p1a: Skeledirge\n|-damage|p1a: Skeledirge|0 fnt\n|faint|p1a: Skeledirge\n|\n|upkeep\n|\n|t:|1700723497\n|switch|p1a: Ogerpon|Ogerpon-Wellspring, F|100\/100\n|turn|2\n|inactive|Supraxd has 120 seconds left.\n|l|\u2606Supraxd\n|inactive|Supraxd disconnected and has a minute to reconnect!\n|player|p2|\n|inactive|Supraxd has 30 seconds to reconnect!\n|j|\u2606Supraxd\n|inactive|Supraxd reconnected and has 65 seconds left.\n|player|p2|Supraxd|steven\n|\n|t:|1700723561\n|move|p2a: Ogerpon|Ivy Cudgel|p1a: Ogerpon|[anim] Ivy Cudgel Rock\n|-damage|p1a: Ogerpon|1\/100\n|move|p1a: Ogerpon|Ivy Cudgel|p2a: Ogerpon|[anim] Ivy Cudgel Water\n|-supereffective|p2a: Ogerpon\n|-damage|p2a: Ogerpon|5\/100\n|\n|upkeep\n|turn|3\n|\n|t:|1700723570\n|move|p2a: Ogerpon|Ivy Cudgel|p1a: Ogerpon|[anim] Ivy Cudgel Rock\n|-damage|p1a: Ogerpon|0 fnt\n|faint|p1a: Ogerpon\n|\n|upkeep\n|\n|t:|1700723580\n|switch|p1a: Cinderace|Cinderace, M|100\/100\n|turn|4\n|\n|t:|1700723592\n|move|p1a: Cinderace|Pyro Ball|p2a: Ogerpon\n|-resisted|p2a: Ogerpon\n|-damage|p2a: Ogerpon|0 fnt\n|faint|p2a: Ogerpon\n|\n|upkeep\n|\n|t:|1700723596\n|switch|p2a: Manaphy|Manaphy|100\/100\n|turn|5\n|\n|t:|1700723600\n|move|p1a: Cinderace|U-turn|p2a: Manaphy\n|-start|p1a: Cinderace|typechange|Bug|[from] ability: Libero\n|-damage|p2a: Manaphy|68\/100\n|\n|t:|1700723604\n|switch|p1a: Dragapult|Dragapult, F|100\/100|[from] U-turn\n|move|p2a: Manaphy|Tail Glow|p2a: Manaphy\n|-boost|p2a: Manaphy|spa|3\n|\n|-heal|p2a: Manaphy|74\/100|[from] item: Leftovers\n|upkeep\n|turn|6\n|inactive|Supraxd has 90 seconds left.\n|\n|t:|1700723638\n|move|p1a: Dragapult|Thunder Wave|p2a: Manaphy\n|-status|p2a: Manaphy|par\n|move|p2a: Manaphy|Ice Beam|p1a: Dragapult\n|-supereffective|p1a: Dragapult\n|-damage|p1a: Dragapult|0 fnt\n|faint|p1a: Dragapult\n|\n|-heal|p2a: Manaphy|80\/100 par|[from] item: Leftovers\n|upkeep\n|\n|t:|1700723649\n|switch|p1a: Greninja|Greninja, M|100\/100\n|turn|7\n|\n|t:|1700723664\n|move|p1a: Greninja|Grass Knot|p2a: Manaphy\n|-supereffective|p2a: Manaphy\n|-damage|p2a: Manaphy|63\/100 par\n|-damage|p1a: Greninja|91\/100|[from] item: Life Orb\n|move|p2a: Manaphy|Energy Ball|p1a: Greninja\n|-supereffective|p1a: Greninja\n|-damage|p1a: Greninja|0 fnt\n|faint|p1a: Greninja\n|\n|-heal|p2a: Manaphy|69\/100 par|[from] item: Leftovers\n|upkeep\n|\n|t:|1700723676\n|switch|p1a: Cinderace|Cinderace, M|100\/100\n|turn|8\n|\n|t:|1700723692\n|move|p1a: Cinderace|Gunk Shot|p2a: Manaphy\n|-start|p1a: Cinderace|typechange|Poison|[from] ability: Libero\n|-damage|p2a: Manaphy|11\/100 par\n|cant|p2a: Manaphy|par\n|\n|-heal|p2a: Manaphy|18\/100 par|[from] item: Leftovers\n|upkeep\n|turn|9\n|\n|t:|1700723707\n|move|p1a: Cinderace|Gunk Shot|p2a: Manaphy\n|-damage|p2a: Manaphy|0 fnt\n|faint|p2a: Manaphy\n|\n|upkeep\n|inactive|Supraxd has 90 seconds left.\n|\n|t:|1700723737\n|switch|p2a: Kommo-o|Kommo-o, F|100\/100\n|turn|10\n|\n|t:|1700723747\n|move|p1a: Cinderace|Gunk Shot|p2a: Kommo-o\n|-damage|p2a: Kommo-o|45\/100\n|-status|p2a: Kommo-o|psn\n|move|p2a: Kommo-o|Clangorous Soul|p2a: Kommo-o\n|-boost|p2a: Kommo-o|atk|1\n|-boost|p2a: Kommo-o|def|1\n|-boost|p2a: Kommo-o|spa|1\n|-boost|p2a: Kommo-o|spd|1\n|-boost|p2a: Kommo-o|spe|1\n|-damage|p2a: Kommo-o|12\/100 psn\n|-enditem|p2a: Kommo-o|Throat Spray\n|-boost|p2a: Kommo-o|spa|1|[from] item: Throat Spray\n|\n|-damage|p2a: Kommo-o|0 fnt|[from] psn\n|faint|p2a: Kommo-o\n|upkeep\n|inactive|Supraxd has 90 seconds left.\n|\n|t:|1700723766\n|switch|p2a: Iron Treads|Iron Treads|100\/100\n|-enditem|p2a: Iron Treads|Booster Energy\n|-activate|p2a: Iron Treads|ability: Quark Drive|[fromitem]\n|-start|p2a: Iron Treads|quarkdrivespe\n|turn|11\n|\n|t:|1700723774\n|move|p2a: Iron Treads|Earthquake|p1a: Cinderace\n|-supereffective|p1a: Cinderace\n|-damage|p1a: Cinderace|0 fnt\n|faint|p1a: Cinderace\n|\n|upkeep\n|\n|t:|1700723779\n|switch|p1a: Kingambit|Kingambit, M|100\/100\n|-activate|p1a: Kingambit|ability: Supreme Overlord\n|-start|p1a: Kingambit|fallen5|[silent]\n|turn|12\n|\n|t:|1700723790\n|-terastallize|p1a: Kingambit|Fairy\n|move|p2a: Iron Treads|Iron Head|p1a: Kingambit\n|-supereffective|p1a: Kingambit\n|-damage|p1a: Kingambit|45\/100\n|move|p1a: Kingambit|Kowtow Cleave|p2a: Iron Treads\n|-damage|p2a: Iron Treads|29\/100\n|\n|-heal|p1a: Kingambit|51\/100|[from] item: Leftovers\n|upkeep\n|turn|13\n|inactive|Supraxd has 90 seconds left.\n|\n|t:|1700723816\n|move|p1a: Kingambit|Sucker Punch|p2a: Iron Treads\n|-damage|p2a: Iron Treads|0 fnt\n|faint|p2a: Iron Treads\n|-end|p2a: Iron Treads|Quark Drive|[silent]\n|\n|-heal|p1a: Kingambit|57\/100|[from] item: Leftovers\n|upkeep\n|\n|t:|1700723821\n|switch|p2a: Kingambit|Kingambit, F|100\/100\n|-activate|p2a: Kingambit|ability: Supreme Overlord\n|-start|p2a: Kingambit|fallen4|[silent]\n|turn|14\n|inactive|RYUZELIN has 120 seconds left.\n|\n|t:|1700723853\n|move|p2a: Kingambit|Iron Head|p1a: Kingambit\n|-supereffective|p1a: Kingambit\n|-damage|p1a: Kingambit|0 fnt\n|faint|p1a: Kingambit\n|-end|p1a: Kingambit|fallen5|[silent]\n|\n|win|Supraxd\n|raw|RYUZELIN's rating: 1151 &rarr; <strong>1132<\/strong><br \/>(-19 for losing)\n|raw|Supraxd's rating: 1242 &rarr; <strong>1261<\/strong><br \/>(+19 for winning)\n|l|\u2606Supraxd\n|j|\u2606Supraxd\n|player|p2|Supraxd|steven\n|l|\u2606RYUZELIN\n","uploadtime":1700723863,"views":3,"p1id":"ryuzelin","p2id":"supraxd","formatid":"gen9ou","rating":1132,"private":0,"password":""}