{"id":"gen9ou-1996967202","p1":"El Lieceeee","p2":"yamiyami17","format":"[Gen 9] OU","log":"|j|\u2606El Lieceeee\n|j|\u2606yamiyami17\n|t:|1700750657\n|gametype|singles\n|player|p1|El Lieceeee|102|1181\n|player|p2|yamiyami17|265|1197\n|teamsize|p1|6\n|teamsize|p2|6\n|gen|9\n|tier|[Gen 9] OU\n|rated|\n|rule|Sleep Clause Mod: Limit one foe put to sleep\n|rule|Species Clause: Limit one of each Pok\u00e9mon\n|rule|OHKO Clause: OHKO moves are banned\n|rule|Evasion Items Clause: Evasion items are banned\n|rule|Evasion Moves Clause: Evasion moves are banned\n|rule|Endless Battle Clause: Forcing endless battles is banned\n|rule|HP Percentage Mod: HP is shown in percentages\n|clearpoke\n|poke|p1|Ogerpon-Wellspring, F|\n|poke|p1|Landorus-Therian, M|\n|poke|p1|Cinderace, M|\n|poke|p1|Hatterene, F|\n|poke|p1|Slowking-Galar, M|\n|poke|p1|Scizor, M|\n|poke|p2|Ribombee, M|\n|poke|p2|Grimmsnarl, M|\n|poke|p2|Cloyster, M|\n|poke|p2|Munkidori, M|\n|poke|p2|Heracross, F|\n|poke|p2|Chandelure, M|\n|teampreview\n|\n|t:|1700750674\n|start\n|switch|p1a: Scizor|Scizor, M|100\/100\n|switch|p2a: Heracross|Heracross, F|100\/100\n|turn|1\n|\n|t:|1700750679\n|move|p2a: Heracross|Rock Blast|p1a: Scizor\n|-damage|p1a: Scizor|92\/100\n|-damage|p1a: Scizor|84\/100\n|-crit|p1a: Scizor\n|-damage|p1a: Scizor|70\/100\n|-damage|p1a: Scizor|61\/100\n|-damage|p1a: Scizor|52\/100\n|-hitcount|p1a: Scizor|5\n|move|p1a: Scizor|Dual Wingbeat|p2a: Heracross\n|-supereffective|p2a: Heracross\n|-damage|p2a: Heracross|0 fnt\n|faint|p2a: Heracross\n|-hitcount|p2: Heracross|1\n|-damage|p1a: Scizor|42\/100|[from] item: Life Orb\n|\n|upkeep\n|\n|t:|1700750699\n|switch|p2a: Grimmsnarl|Grimmsnarl, M|100\/100\n|turn|2\n|\n|t:|1700750704\n|move|p2a: Grimmsnarl|Reflect|p2a: Grimmsnarl\n|-sidestart|p2: yamiyami17|Reflect\n|move|p1a: Scizor|Swords Dance|p1a: Scizor\n|-boost|p1a: Scizor|atk|2\n|\n|upkeep\n|turn|3\n|\n|t:|1700750707\n|move|p2a: Grimmsnarl|Thunder Wave|p1a: Scizor\n|-status|p1a: Scizor|par\n|move|p1a: Scizor|Swords Dance|p1a: Scizor\n|-boost|p1a: Scizor|atk|2\n|\n|upkeep\n|turn|4\n|\n|t:|1700750714\n|move|p2a: Grimmsnarl|Parting Shot|p1a: Scizor\n|-unboost|p1a: Scizor|atk|1\n|-unboost|p1a: Scizor|spa|1\n|\n|t:|1700750721\n|switch|p2a: Munkidori|Munkidori, M|100\/100|[from] Parting Shot\n|cant|p1a: Scizor|par\n|\n|upkeep\n|turn|5\n|\n|t:|1700750727\n|move|p1a: Scizor|Bullet Punch|p2a: Munkidori\n|-damage|p2a: Munkidori|22\/100\n|-damage|p1a: Scizor|32\/100 par|[from] item: Life Orb\n|move|p2a: Munkidori|Psychic Terrain|p2a: Munkidori\n|-fieldstart|move: Psychic Terrain\n|\n|-heal|p2a: Munkidori|28\/100|[from] item: Leftovers\n|upkeep\n|turn|6\n|\n|t:|1700750735\n|move|p2a: Munkidori|Psychic|p1a: Scizor\n|-resisted|p1a: Scizor\n|-damage|p1a: Scizor|0 fnt\n|faint|p1a: Scizor\n|\n|-heal|p2a: Munkidori|34\/100|[from] item: Leftovers\n|-sideend|p2: yamiyami17|Reflect\n|upkeep\n|\n|t:|1700750743\n|switch|p1a: Hatterene|Hatterene, F|100\/100\n|turn|7\n|\n|t:|1700750746\n|move|p2a: Munkidori|Sludge Bomb|p1a: Hatterene\n|-supereffective|p1a: Hatterene\n|-damage|p1a: Hatterene|7\/100\n|move|p1a: Hatterene|Calm Mind|p1a: Hatterene\n|-boost|p1a: Hatterene|spa|1\n|-boost|p1a: Hatterene|spd|1\n|\n|-heal|p2a: Munkidori|40\/100|[from] item: Leftovers\n|-heal|p1a: Hatterene|13\/100|[from] item: Leftovers\n|upkeep\n|turn|8\n|\n|t:|1700750753\n|move|p2a: Munkidori|Sludge Bomb|p1a: Hatterene\n|-supereffective|p1a: Hatterene\n|-damage|p1a: Hatterene|0 fnt\n|faint|p1a: Hatterene\n|\n|-heal|p2a: Munkidori|46\/100|[from] item: Leftovers\n|upkeep\n|\n|t:|1700750759\n|switch|p1a: Cinderace|Cinderace, M, shiny|100\/100\n|turn|9\n|\n|t:|1700750762\n|move|p1a: Cinderace|Pyro Ball|p2a: Munkidori\n|-crit|p2a: Munkidori\n|-damage|p2a: Munkidori|0 fnt\n|faint|p2a: Munkidori\n|\n|-fieldend|move: Psychic Terrain\n|upkeep\n|\n|t:|1700750765\n|switch|p2a: Grimmsnarl|Grimmsnarl, M|100\/100\n|turn|10\n|\n|t:|1700750768\n|move|p2a: Grimmsnarl|Thunder Wave|p1a: Cinderace\n|-status|p1a: Cinderace|par\n|move|p1a: Cinderace|Pyro Ball|p2a: Grimmsnarl\n|-damage|p2a: Grimmsnarl|27\/100\n|\n|-heal|p2a: Grimmsnarl|33\/100|[from] item: Leftovers\n|upkeep\n|turn|11\n|\n|t:|1700750772\n|move|p2a: Grimmsnarl|Reflect|p2a: Grimmsnarl\n|-sidestart|p2: yamiyami17|Reflect\n|move|p1a: Cinderace|Pyro Ball|p2a: Grimmsnarl\n|-damage|p2a: Grimmsnarl|0 fnt\n|faint|p2a: Grimmsnarl\n|\n|upkeep\n|\n|t:|1700750774\n|switch|p2a: Cloyster|Cloyster, M|100\/100\n|turn|12\n|\n|t:|1700750777\n|move|p2a: Cloyster|Shell Smash|p2a: Cloyster\n|-unboost|p2a: Cloyster|def|1\n|-unboost|p2a: Cloyster|spd|1\n|-boost|p2a: Cloyster|atk|2\n|-boost|p2a: Cloyster|spa|2\n|-boost|p2a: Cloyster|spe|2\n|-enditem|p2a: Cloyster|White Herb\n|-clearnegativeboost|p2a: Cloyster|[silent]\n|move|p1a: Cinderace|Pyro Ball|p2a: Cloyster\n|-damage|p2a: Cloyster|76\/100\n|\n|upkeep\n|turn|13\n|\n|t:|1700750781\n|move|p2a: Cloyster|Rock Blast|p1a: Cinderace\n|-supereffective|p1a: Cinderace\n|-damage|p1a: Cinderace|56\/100 par\n|-supereffective|p1a: Cinderace\n|-damage|p1a: Cinderace|11\/100 par\n|-supereffective|p1a: Cinderace\n|-damage|p1a: Cinderace|0 fnt\n|faint|p1a: Cinderace\n|-hitcount|p1: Cinderace|3\n|\n|upkeep\n|\n|t:|1700750788\n|switch|p1a: Ogerpon|Ogerpon-Wellspring, F|100\/100\n|turn|14\n|\n|t:|1700750795\n|switch|p1a: Landorus|Landorus-Therian, M|100\/100\n|-ability|p1a: Landorus|Intimidate|boost\n|-unboost|p2a: Cloyster|atk|1\n|move|p2a: Cloyster|Rock Blast|p1a: Landorus\n|-damage|p1a: Landorus|93\/100\n|-damage|p1a: Landorus|85\/100\n|-damage|p1a: Landorus|76\/100\n|-damage|p1a: Landorus|67\/100\n|-damage|p1a: Landorus|59\/100\n|-hitcount|p1a: Landorus|5\n|\n|upkeep\n|turn|15\n|\n|t:|1700750803\n|switch|p1a: Slowking|Slowking-Galar, M|100\/100\n|move|p2a: Cloyster|Icicle Spear|p1a: Slowking\n|-damage|p1a: Slowking|82\/100\n|-damage|p1a: Slowking|65\/100\n|-damage|p1a: Slowking|45\/100\n|-damage|p1a: Slowking|29\/100\n|-damage|p1a: Slowking|10\/100\n|-hitcount|p1a: Slowking|5\n|\n|-heal|p1a: Slowking|16\/100|[from] item: Black Sludge\n|-sideend|p2: yamiyami17|Reflect\n|upkeep\n|turn|16\n|\n|t:|1700750806\n|switch|p1a: Landorus|Landorus-Therian, M|59\/100\n|-ability|p1a: Landorus|Intimidate|boost\n|-unboost|p2a: Cloyster|atk|1\n|move|p2a: Cloyster|Icicle Spear|p1a: Landorus\n|-supereffective|p1a: Landorus\n|-damage|p1a: Landorus|24\/100\n|-supereffective|p1a: Landorus\n|-damage|p1a: Landorus|0 fnt\n|faint|p1a: Landorus\n|-hitcount|p1: Landorus|2\n|\n|upkeep\n|\n|t:|1700750809\n|switch|p1a: Ogerpon|Ogerpon-Wellspring, F|100\/100\n|turn|17\n|\n|t:|1700750817\n|-terastallize|p1a: Ogerpon|Water\n|detailschange|p1a: Ogerpon|Ogerpon-Wellspring-Tera, F, tera:Water\n|-ability|p1a: Ogerpon|Embody Aspect (Wellspring)|boost\n|-boost|p1a: Ogerpon|spd|1\n|move|p2a: Cloyster|Rock Blast|p1a: Ogerpon\n|-damage|p1a: Ogerpon|90\/100\n|-damage|p1a: Ogerpon|79\/100\n|-damage|p1a: Ogerpon|68\/100\n|-damage|p1a: Ogerpon|58\/100\n|-damage|p1a: Ogerpon|47\/100\n|-hitcount|p1a: Ogerpon|5\n|move|p1a: Ogerpon|Horn Leech|p2a: Cloyster\n|-supereffective|p2a: Cloyster\n|-damage|p2a: Cloyster|3\/100\n|-heal|p1a: Ogerpon|77\/100|[from] drain|[of] p2a: Cloyster\n|\n|upkeep\n|turn|18\n|\n|t:|1700750827\n|move|p2a: Cloyster|Rock Blast|p1a: Ogerpon\n|-damage|p1a: Ogerpon|66\/100\n|-damage|p1a: Ogerpon|55\/100\n|-damage|p1a: Ogerpon|45\/100\n|-damage|p1a: Ogerpon|35\/100\n|-damage|p1a: Ogerpon|25\/100\n|-hitcount|p1a: Ogerpon|5\n|move|p1a: Ogerpon|Horn Leech|p2a: Cloyster\n|-supereffective|p2a: Cloyster\n|-damage|p2a: Cloyster|0 fnt\n|-heal|p1a: Ogerpon|26\/100|[from] drain|[of] p2a: Cloyster\n|faint|p2a: Cloyster\n|\n|upkeep\n|\n|t:|1700750839\n|switch|p2a: Ribombee|Ribombee, M|100\/100\n|turn|19\n|\n|t:|1700750845\n|move|p2a: Ribombee|Moonblast|p1a: Ogerpon\n|-damage|p1a: Ogerpon|0 fnt\n|faint|p1a: Ogerpon\n|\n|upkeep\n|\n|t:|1700750849\n|switch|p1a: Slowking|Slowking-Galar, M|49\/100\n|turn|20\n|-message|El Lieceeee forfeited.\n|\n|win|yamiyami17\n|raw|El Lieceeee's rating: 1181 &rarr; <strong>1157<\/strong><br \/>(-24 for losing)\n|raw|yamiyami17's rating: 1197 &rarr; <strong>1221<\/strong><br \/>(+24 for winning)\n|l|\u2606El Lieceeee\n","uploadtime":1700750859,"views":0,"p1id":"ellieceeee","p2id":"yamiyami17","formatid":"gen9ou","rating":1157,"private":0,"password":""}