{"id":"gen9ou-1989233857","p1":"Frankybre","p2":"ILOVELANDORUSLFG","format":"[Gen 9] OU","log":"|j|\u2606Frankybre\n|j|\u2606ILOVELANDORUSLFG\n|t:|1699826251\n|gametype|singles\n|player|p1|Frankybre|morty|1290\n|player|p2|ILOVELANDORUSLFG|benga|1327\n|teamsize|p1|6\n|teamsize|p2|6\n|gen|9\n|tier|[Gen 9] OU\n|rated|\n|rule|Sleep Clause Mod: Limit one foe put to sleep\n|rule|Species Clause: Limit one of each Pok\u00e9mon\n|rule|OHKO Clause: OHKO moves are banned\n|rule|Evasion Items Clause: Evasion items are banned\n|rule|Evasion Moves Clause: Evasion moves are banned\n|rule|Endless Battle Clause: Forcing endless battles is banned\n|rule|HP Percentage Mod: HP is shown in percentages\n|clearpoke\n|poke|p1|Sneasler, M|\n|poke|p1|Zapdos|\n|poke|p1|Ogerpon-Cornerstone, F|\n|poke|p1|Gholdengo|\n|poke|p1|Great Tusk|\n|poke|p1|Dragonite, F|\n|poke|p2|Landorus-Therian, M|\n|poke|p2|Greninja-*, M|\n|poke|p2|Ogerpon-Wellspring, F|\n|poke|p2|Great Tusk|\n|poke|p2|Gligar, F|\n|poke|p2|Iron Valiant|\n|teampreview\n|\n|t:|1699826294\n|start\n|switch|p1a: Gholdengo|Gholdengo|100\/100\n|switch|p2a: Landorus|Landorus-Therian, M|100\/100\n|-ability|p2a: Landorus|Intimidate|boost\n|-unboost|p1a: Gholdengo|atk|1\n|-item|p1a: Gholdengo|Air Balloon\n|turn|1\n|\n|t:|1699826303\n|move|p2a: Landorus|U-turn|p1a: Gholdengo\n|-resisted|p1a: Gholdengo\n|-crit|p1a: Gholdengo\n|-damage|p1a: Gholdengo|90\/100\n|-enditem|p1a: Gholdengo|Air Balloon\n|\n|t:|1699826310\n|switch|p2a: Gligar|Gligar, F|100\/100|[from] U-turn\n|move|p1a: Gholdengo|Shadow Ball|p2a: Gligar\n|-damage|p2a: Gligar|56\/100\n|\n|upkeep\n|turn|2\n|\n|t:|1699826318\n|move|p1a: Gholdengo|Make It Rain|p2a: Gligar\n|-damage|p2a: Gligar|0 fnt\n|-unboost|p1a: Gholdengo|spa|1\n|faint|p2a: Gligar\n|\n|upkeep\n|\n|t:|1699826323\n|switch|p2a: Iron Valiant|Iron Valiant|100\/100\n|-enditem|p2a: Iron Valiant|Booster Energy\n|-activate|p2a: Iron Valiant|ability: Quark Drive|[fromitem]\n|-start|p2a: Iron Valiant|quarkdrivespe\n|turn|3\n|\n|t:|1699826335\n|move|p2a: Iron Valiant|Calm Mind|p2a: Iron Valiant\n|-boost|p2a: Iron Valiant|spa|1\n|-boost|p2a: Iron Valiant|spd|1\n|move|p1a: Gholdengo|Shadow Ball|p2a: Iron Valiant\n|-damage|p2a: Iron Valiant|67\/100\n|\n|upkeep\n|turn|4\n|l|\u2606ILOVELANDORUSLFG\n|player|p2|\n|j|\u2606ILOVELANDORUSLFG\n|player|p2|ILOVELANDORUSLFG|benga\n|\n|t:|1699826353\n|switch|p1a: Zapdos|Zapdos|100\/100\n|move|p2a: Iron Valiant|Calm Mind|p2a: Iron Valiant\n|-boost|p2a: Iron Valiant|spa|1\n|-boost|p2a: Iron Valiant|spd|1\n|\n|upkeep\n|turn|5\n|\n|t:|1699826359\n|move|p2a: Iron Valiant|Moonblast|p1a: Zapdos\n|-damage|p1a: Zapdos|0 fnt\n|faint|p1a: Zapdos\n|\n|upkeep\n|\n|t:|1699826364\n|switch|p1a: Ogerpon|Ogerpon-Cornerstone, F|100\/100\n|turn|6\n|\n|t:|1699826379\n|move|p2a: Iron Valiant|Aura Sphere|p1a: Ogerpon\n|-supereffective|p1a: Ogerpon\n|-ability|p1a: Ogerpon|Sturdy\n|-damage|p1a: Ogerpon|1\/100\n|move|p1a: Ogerpon|Play Rough|p2a: Iron Valiant\n|-supereffective|p2a: Iron Valiant\n|-crit|p2a: Iron Valiant\n|-damage|p2a: Iron Valiant|0 fnt\n|faint|p2a: Iron Valiant\n|-end|p2a: Iron Valiant|Quark Drive|[silent]\n|\n|upkeep\n|\n|t:|1699826384\n|switch|p2a: Greninja|Greninja, M|100\/100\n|turn|7\n|\n|t:|1699826409\n|switch|p1a: Gholdengo|Gholdengo|90\/100\n|move|p2a: Greninja|Ice Beam|p1a: Gholdengo\n|-resisted|p1a: Gholdengo\n|-damage|p1a: Gholdengo|74\/100\n|\n|upkeep\n|turn|8\n|\n|t:|1699826417\n|move|p2a: Greninja|Dark Pulse|p1a: Gholdengo\n|-supereffective|p1a: Gholdengo\n|-damage|p1a: Gholdengo|0 fnt\n|faint|p1a: Gholdengo\n|-ability|p2a: Greninja|Battle Bond|boost\n|-boost|p2a: Greninja|atk|1\n|-boost|p2a: Greninja|spa|1\n|-boost|p2a: Greninja|spe|1\n|-activate|p2a: Greninja|ability: Battle Bond\n|\n|upkeep\n|\n|t:|1699826427\n|switch|p1a: Sneasler|Sneasler, M|100\/100\n|turn|9\n|\n|t:|1699826435\n|-terastallize|p2a: Greninja|Water\n|move|p2a: Greninja|Water Shuriken|p1a: Sneasler\n|-damage|p1a: Sneasler|83\/100\n|-damage|p1a: Sneasler|66\/100\n|-damage|p1a: Sneasler|49\/100\n|-damage|p1a: Sneasler|30\/100\n|-hitcount|p1a: Sneasler|4\n|move|p1a: Sneasler|Close Combat|p2a: Greninja\n|-damage|p2a: Greninja|0 fnt\n|-unboost|p1a: Sneasler|def|1\n|-unboost|p1a: Sneasler|spd|1\n|faint|p2a: Greninja\n|\n|upkeep\n|\n|t:|1699826449\n|switch|p2a: Great Tusk|Great Tusk|100\/100\n|-enditem|p2a: Great Tusk|Booster Energy\n|-activate|p2a: Great Tusk|ability: Protosynthesis|[fromitem]\n|-start|p2a: Great Tusk|protosynthesisatk\n|turn|10\n|\n|t:|1699826459\n|-terastallize|p1a: Sneasler|Flying\n|move|p1a: Sneasler|Acrobatics|p2a: Great Tusk\n|-supereffective|p2a: Great Tusk\n|-damage|p2a: Great Tusk|48\/100\n|move|p2a: Great Tusk|Rapid Spin|p1a: Sneasler\n|-damage|p1a: Sneasler|0 fnt\n|-boost|p2a: Great Tusk|spe|1\n|faint|p1a: Sneasler\n|\n|upkeep\n|\n|t:|1699826470\n|switch|p1a: Dragonite|Dragonite, F|100\/100\n|turn|11\n|\n|t:|1699826475\n|move|p2a: Great Tusk|Rapid Spin|p1a: Dragonite\n|-damage|p1a: Dragonite|88\/100\n|-boost|p2a: Great Tusk|spe|1\n|move|p1a: Dragonite|Dragon Dance|p1a: Dragonite\n|-boost|p1a: Dragonite|atk|1\n|-boost|p1a: Dragonite|spe|1\n|\n|upkeep\n|turn|12\n|\n|t:|1699826483\n|move|p2a: Great Tusk|Bulk Up|p2a: Great Tusk\n|-boost|p2a: Great Tusk|atk|1\n|-boost|p2a: Great Tusk|def|1\n|move|p1a: Dragonite|Dragon Dance|p1a: Dragonite\n|-boost|p1a: Dragonite|atk|1\n|-boost|p1a: Dragonite|spe|1\n|\n|upkeep\n|turn|13\n|\n|t:|1699826492\n|move|p2a: Great Tusk|Close Combat|p1a: Dragonite\n|-resisted|p1a: Dragonite\n|-damage|p1a: Dragonite|15\/100\n|-unboost|p2a: Great Tusk|def|1\n|-unboost|p2a: Great Tusk|spd|1\n|move|p1a: Dragonite|Draco Meteor|p2a: Great Tusk\n|-damage|p2a: Great Tusk|0 fnt\n|-unboost|p1a: Dragonite|spa|2\n|faint|p2a: Great Tusk\n|-end|p2a: Great Tusk|Protosynthesis|[silent]\n|\n|upkeep\n|\n|t:|1699826507\n|switch|p2a: Landorus|Landorus-Therian, M|100\/100\n|-ability|p2a: Landorus|Intimidate|boost\n|-unboost|p1a: Dragonite|atk|1\n|turn|14\n|\n|t:|1699826514\n|move|p1a: Dragonite|Extreme Speed|p2a: Landorus\n|-damage|p2a: Landorus|53\/100\n|move|p2a: Landorus|Rock Slide|p1a: Dragonite\n|-supereffective|p1a: Dragonite\n|-damage|p1a: Dragonite|0 fnt\n|faint|p1a: Dragonite\n|\n|upkeep\n|\n|t:|1699826526\n|switch|p1a: Ogerpon|Ogerpon-Cornerstone, F|1\/100\n|turn|15\n|\n|t:|1699826530\n|move|p2a: Landorus|Rock Slide|p1a: Ogerpon\n|-damage|p1a: Ogerpon|0 fnt\n|faint|p1a: Ogerpon\n|\n|upkeep\n|\n|t:|1699826535\n|switch|p1a: Great Tusk|Great Tusk|100\/100\n|turn|16\n|\n|t:|1699826544\n|move|p2a: Landorus|Rock Slide|p1a: Great Tusk\n|-resisted|p1a: Great Tusk\n|-damage|p1a: Great Tusk|96\/100\n|cant|p1a: Great Tusk|flinch\n|\n|-heal|p1a: Great Tusk|100\/100|[from] item: Leftovers\n|upkeep\n|turn|17\n|\n|t:|1699826551\n|move|p2a: Landorus|Rock Slide|p1a: Great Tusk\n|-resisted|p1a: Great Tusk\n|-damage|p1a: Great Tusk|96\/100\n|cant|p1a: Great Tusk|flinch\n|\n|-heal|p1a: Great Tusk|100\/100|[from] item: Leftovers\n|upkeep\n|turn|18\n|\n|t:|1699826558\n|move|p2a: Landorus|Rock Slide|p1a: Great Tusk\n|-resisted|p1a: Great Tusk\n|-damage|p1a: Great Tusk|96\/100\n|move|p1a: Great Tusk|Knock Off|p2a: Landorus\n|-damage|p2a: Landorus|10\/100\n|-enditem|p2a: Landorus|Choice Scarf|[from] move: Knock Off|[of] p1a: Great Tusk\n|\n|-heal|p1a: Great Tusk|100\/100|[from] item: Leftovers\n|upkeep\n|turn|19\n|\n|t:|1699826568\n|move|p2a: Landorus|U-turn|p1a: Great Tusk\n|-resisted|p1a: Great Tusk\n|-damage|p1a: Great Tusk|92\/100\n|\n|t:|1699826570\n|switch|p2a: Ogerpon|Ogerpon-Wellspring, F|100\/100|[from] U-turn\n|move|p1a: Great Tusk|Knock Off|p2a: Ogerpon\n|-damage|p2a: Ogerpon|68\/100\n|\n|-heal|p1a: Great Tusk|99\/100|[from] item: Leftovers\n|upkeep\n|turn|20\n|\n|t:|1699826582\n|move|p2a: Ogerpon|Horn Leech|p1a: Great Tusk\n|-supereffective|p1a: Great Tusk\n|-damage|p1a: Great Tusk|45\/100\n|-heal|p2a: Ogerpon|100\/100|[from] drain|[of] p1a: Great Tusk\n|move|p1a: Great Tusk|Body Press|p2a: Ogerpon\n|-damage|p2a: Ogerpon|45\/100\n|\n|-heal|p1a: Great Tusk|51\/100|[from] item: Leftovers\n|upkeep\n|turn|21\n|\n|t:|1699826591\n|move|p2a: Ogerpon|Horn Leech|p1a: Great Tusk\n|-supereffective|p1a: Great Tusk\n|-damage|p1a: Great Tusk|1\/100\n|-heal|p2a: Ogerpon|77\/100|[from] drain|[of] p1a: Great Tusk\n|move|p1a: Great Tusk|Body Press|p2a: Ogerpon\n|-damage|p2a: Ogerpon|22\/100\n|\n|-heal|p1a: Great Tusk|7\/100|[from] item: Leftovers\n|upkeep\n|turn|22\n|\n|t:|1699826601\n|move|p2a: Ogerpon|Trailblaze|p1a: Great Tusk\n|-supereffective|p1a: Great Tusk\n|-damage|p1a: Great Tusk|0 fnt\n|-boost|p2a: Ogerpon|spe|1\n|faint|p1a: Great Tusk\n|-end|p1a: Great Tusk|Protosynthesis|[silent]\n|\n|win|ILOVELANDORUSLFG\n|raw|Frankybre's rating: 1290 &rarr; <strong>1268<\/strong><br \/>(-22 for losing)\n|raw|ILOVELANDORUSLFG's rating: 1327 &rarr; <strong>1345<\/strong><br \/>(+18 for winning)\n|l|\u2606Frankybre\n","uploadtime":1699826604,"views":15,"p1id":"frankybre","p2id":"ilovelandoruslfg","formatid":"gen9ou","rating":1268,"private":0,"password":""}