{"id":"gen9ou-1991367333","p1":"CSP AI","p2":"fropop","format":"[Gen 9] OU","log":"|j|\u2606CSP AI\n|j|\u2606fropop\n|t:|1700071225\n|gametype|singles\n|player|p1|CSP AI|swimmer-gen4dp|1314\n|player|p2|fropop|n|1335\n|teamsize|p1|6\n|teamsize|p2|6\n|gen|9\n|tier|[Gen 9] OU\n|rated|\n|rule|Sleep Clause Mod: Limit one foe put to sleep\n|rule|Species Clause: Limit one of each Pok\u00e9mon\n|rule|OHKO Clause: OHKO moves are banned\n|rule|Evasion Items Clause: Evasion items are banned\n|rule|Evasion Moves Clause: Evasion moves are banned\n|rule|Endless Battle Clause: Forcing endless battles is banned\n|rule|HP Percentage Mod: HP is shown in percentages\n|clearpoke\n|poke|p1|Torkoal, M|\n|poke|p1|Walking Wake|\n|poke|p1|Charizard, F|\n|poke|p1|Ceruledge, F|\n|poke|p1|Great Tusk|\n|poke|p1|Kingambit, M|\n|poke|p2|Goodra-Hisui, F|\n|poke|p2|Alomomola, F|\n|poke|p2|Rillaboom, M|\n|poke|p2|Zapdos|\n|poke|p2|Cinderace, F|\n|poke|p2|Volcanion|\n|teampreview\n|inactive|Battle timer is ON: inactive players will automatically lose when time's up. (requested by CSP AI)\n|\n|t:|1700071247\n|start\n|switch|p1a: Weeb Mon|Ceruledge, F|100\/100\n|switch|p2a: Goodra|Goodra-Hisui, F|100\/100\n|turn|1\n|\n|t:|1700071263\n|move|p1a: Weeb Mon|Swords Dance|p1a: Weeb Mon\n|-boost|p1a: Weeb Mon|atk|2\n|move|p2a: Goodra|Draco Meteor|p1a: Weeb Mon\n|-damage|p1a: Weeb Mon|26\/100\n|-unboost|p2a: Goodra|spa|2\n|\n|upkeep\n|turn|2\n|\n|t:|1700071275\n|move|p1a: Weeb Mon|Close Combat|p2a: Goodra\n|-supereffective|p2a: Goodra\n|-damage|p2a: Goodra|0 fnt\n|-unboost|p1a: Weeb Mon|def|1\n|-unboost|p1a: Weeb Mon|spd|1\n|faint|p2a: Goodra\n|\n|upkeep\n|j| 1hfkqhwhrelk%\u25d5\u203f\u203f\u25d5%\n|inactive|fropop has 120 seconds left.\n|\n|t:|1700071297\n|switch|p2a: Rillaboom|Rillaboom, M|100\/100\n|-fieldstart|move: Grassy Terrain|[from] ability: Grassy Surge|[of] p2a: Rillaboom\n|turn|3\n|l| 1hfkqhwhrelk%\u25d5\u203f\u203f\u25d5%\n|inactive|fropop has 120 seconds left.\n|\n|t:|1700071308\n|move|p1a: Weeb Mon|Shadow Sneak|p2a: Rillaboom\n|-damage|p2a: Rillaboom|57\/100\n|move|p2a: Rillaboom|Knock Off|p1a: Weeb Mon\n|-supereffective|p1a: Weeb Mon\n|-damage|p1a: Weeb Mon|0 fnt\n|-enditem|p1a: Weeb Mon|Focus Sash|[from] move: Knock Off|[of] p2a: Rillaboom\n|faint|p1a: Weeb Mon\n|\n|-heal|p2a: Rillaboom|63\/100|[from] Grassy Terrain\n|upkeep\n|\n|t:|1700071323\n|switch|p1a: Franklin|Torkoal, M|100\/100\n|-weather|SunnyDay|[from] ability: Drought|[of] p1a: Franklin\n|turn|4\n|inactive|fropop has 120 seconds left.\n|\n|t:|1700071343\n|move|p2a: Rillaboom|Knock Off|p1a: Franklin\n|-damage|p1a: Franklin|72\/100\n|-enditem|p1a: Franklin|Heat Rock|[from] move: Knock Off|[of] p2a: Rillaboom\n|move|p1a: Franklin|Yawn|p2a: Rillaboom\n|-start|p2a: Rillaboom|move: Yawn|[of] p1a: Franklin\n|\n|-weather|SunnyDay|[upkeep]\n|-heal|p2a: Rillaboom|69\/100|[from] Grassy Terrain\n|-heal|p1a: Franklin|78\/100|[from] Grassy Terrain\n|upkeep\n|turn|5\n|inactive|fropop has 120 seconds left.\n|\n|t:|1700071369\n|switch|p2a: Volcanion|Volcanion|100\/100\n|move|p1a: Franklin|Lava Plume|p2a: Volcanion\n|-resisted|p2a: Volcanion\n|-damage|p2a: Volcanion|94\/100\n|\n|-weather|SunnyDay|[upkeep]\n|-heal|p2a: Volcanion|99\/100|[from] Grassy Terrain\n|-heal|p1a: Franklin|84\/100|[from] Grassy Terrain\n|upkeep\n|turn|6\n|inactive|fropop has 90 seconds left.\n|\n|t:|1700071401\n|switch|p1a: Manny|Great Tusk|100\/100\n|-activate|p1a: Manny|ability: Protosynthesis\n|-start|p1a: Manny|protosynthesisdef\n|move|p2a: Volcanion|Earth Power|p1a: Manny\n|-damage|p1a: Manny|66\/100\n|\n|-weather|SunnyDay|[upkeep]\n|-heal|p1a: Manny|72\/100|[from] Grassy Terrain\n|-heal|p1a: Manny|78\/100|[from] item: Leftovers\n|-heal|p2a: Volcanion|100\/100|[from] Grassy Terrain\n|upkeep\n|turn|7\n|inactive|fropop has 90 seconds left.\n|\n|t:|1700071432\n|switch|p2a: Zapdos|Zapdos|100\/100\n|move|p1a: Manny|Stealth Rock|p2a: Zapdos\n|-sidestart|p2: fropop|move: Stealth Rock\n|\n|-weather|SunnyDay|[upkeep]\n|-heal|p1a: Manny|85\/100|[from] Grassy Terrain\n|-heal|p1a: Manny|91\/100|[from] item: Leftovers\n|-fieldend|move: Grassy Terrain\n|upkeep\n|turn|8\n|inactive|fropop has 60 seconds left.\n|inactive|CSP AI has 120 seconds left.\n|\n|t:|1700071471\n|-terastallize|p2a: Zapdos|Fire\n|move|p2a: Zapdos|Heat Wave|p1a: Manny\n|-damage|p1a: Manny|12\/100\n|move|p1a: Manny|Ice Spinner|p2a: Zapdos\n|-resisted|p2a: Zapdos\n|-damage|p2a: Zapdos|91\/100\n|\n|-weather|SunnyDay|[upkeep]\n|-heal|p1a: Manny|18\/100|[from] item: Leftovers\n|upkeep\n|turn|9\n|\n|t:|1700071495\n|move|p2a: Zapdos|Heat Wave|p1a: Manny\n|-damage|p1a: Manny|0 fnt\n|faint|p1a: Manny\n|-end|p1a: Manny|Protosynthesis|[silent]\n|\n|-weather|SunnyDay|[upkeep]\n|upkeep\n|\n|t:|1700071498\n|switch|p1a: Big Steppa|Walking Wake|100\/100\n|-activate|p1a: Big Steppa|ability: Protosynthesis\n|-start|p1a: Big Steppa|protosynthesisspe\n|turn|10\n|inactive|fropop has 30 seconds left.\n|\n|t:|1700071520\n|switch|p2a: Volcanion|Volcanion|100\/100\n|move|p1a: Big Steppa|Draco Meteor|p2a: Volcanion\n|-damage|p2a: Volcanion|21\/100\n|-unboost|p1a: Big Steppa|spa|2\n|\n|-weather|SunnyDay|[upkeep]\n|upkeep\n|turn|11\n|inactive|fropop has 30 seconds left.\n|\n|t:|1700071536\n|switch|p2a: Alomomola|Alomomola, F|100\/100\n|move|p1a: Big Steppa|Draco Meteor|p2a: Alomomola\n|-damage|p2a: Alomomola|52\/100\n|-unboost|p1a: Big Steppa|spa|2\n|\n|-weather|none\n|-end|p1a: Big Steppa|Protosynthesis\n|upkeep\n|turn|12\n|inactive|fropop has 30 seconds left.\n|\n|t:|1700071555\n|-end|p1a: Big Steppa|Protosynthesis|[silent]\n|switch|p1a: Kingambit|Kingambit, M|100\/100\n|-activate|p1a: Kingambit|ability: Supreme Overlord\n|-start|p1a: Kingambit|fallen2|[silent]\n|move|p2a: Alomomola|Wish|p2a: Alomomola\n|\n|upkeep\n|turn|13\n|\n|t:|1700071564\n|move|p1a: Kingambit|Swords Dance|p1a: Kingambit\n|-boost|p1a: Kingambit|atk|2\n|move|p2a: Alomomola|Flip Turn|p1a: Kingambit\n|-damage|p1a: Kingambit|86\/100\n|inactive|fropop has 30 seconds left.\n|\n|t:|1700071576\n|switch|p2a: Volcanion|Volcanion|21\/100|[from] Flip Turn\n|\n|-heal|p2a: Volcanion|94\/100|[from] move: Wish|[wisher] Alomomola\n|upkeep\n|turn|14\n|\n|t:|1700071587\n|-terastallize|p1a: Kingambit|Dark\n|move|p1a: Kingambit|Kowtow Cleave|p2a: Volcanion\n|-damage|p2a: Volcanion|0 fnt\n|faint|p2a: Volcanion\n|\n|upkeep\n|\n|t:|1700071595\n|switch|p2a: Cinderace|Cinderace, F|100\/100\n|turn|15\n|\n|t:|1700071599\n|-end|p1a: Kingambit|fallen2|[silent]\n|switch|p1a: Franklin|Torkoal, M|84\/100\n|-weather|SunnyDay|[from] ability: Drought|[of] p1a: Franklin\n|move|p2a: Cinderace|Will-O-Wisp|p1a: Franklin\n|-immune|p1a: Franklin\n|\n|-weather|SunnyDay|[upkeep]\n|upkeep\n|turn|16\n|\n|t:|1700071608\n|move|p2a: Cinderace|Court Change|p2a: Cinderace\n|-start|p2a: Cinderace|typechange|Normal|[from] ability: Libero\n|-swapsideconditions\n|-activate|p2a: Cinderace|move: Court Change\n|move|p1a: Franklin|Yawn|p2a: Cinderace\n|-start|p2a: Cinderace|move: Yawn|[of] p1a: Franklin\n|\n|-weather|SunnyDay|[upkeep]\n|upkeep\n|turn|17\n|\n|t:|1700071617\n|move|p2a: Cinderace|U-turn|p1a: Franklin\n|-resisted|p1a: Franklin\n|-damage|p1a: Franklin|78\/100\n|\n|t:|1700071623\n|switch|p2a: Zapdos|Zapdos, tera:Fire|91\/100|[from] U-turn\n|move|p1a: Franklin|Rapid Spin|p2a: Zapdos\n|-damage|p2a: Zapdos|85\/100\n|-boost|p1a: Franklin|spe|1\n|-sideend|p1: CSP AI|Stealth Rock|[from] move: Rapid Spin|[of] p1a: Franklin\n|\n|-weather|SunnyDay|[upkeep]\n|upkeep\n|turn|18\n|inactive|fropop has 60 seconds left.\n|\n|t:|1700071650\n|move|p2a: Zapdos|Volt Switch|p1a: Franklin\n|-damage|p1a: Franklin|41\/100\n|\n|t:|1700071657\n|switch|p2a: Cinderace|Cinderace, F|100\/100|[from] Volt Switch\n|move|p1a: Franklin|Yawn|p2a: Cinderace\n|-start|p2a: Cinderace|move: Yawn|[of] p1a: Franklin\n|\n|-weather|SunnyDay|[upkeep]\n|upkeep\n|turn|19\n|\n|t:|1700071666\n|move|p2a: Cinderace|U-turn|p1a: Franklin\n|-start|p2a: Cinderace|typechange|Bug|[from] ability: Libero\n|-resisted|p1a: Franklin\n|-damage|p1a: Franklin|33\/100\n|\n|t:|1700071671\n|switch|p2a: Zapdos|Zapdos, tera:Fire|85\/100|[from] U-turn\n|move|p1a: Franklin|Lava Plume|p2a: Zapdos\n|-resisted|p2a: Zapdos\n|-damage|p2a: Zapdos|67\/100\n|\n|-weather|none\n|upkeep\n|turn|20\n|\n|t:|1700071687\n|switch|p1a: Big Steppa|Walking Wake|100\/100\n|move|p2a: Zapdos|Volt Switch|p1a: Big Steppa\n|-damage|p1a: Big Steppa|64\/100\n|\n|t:|1700071706\n|switch|p2a: Cinderace|Cinderace, F|100\/100|[from] Volt Switch\n|\n|upkeep\n|turn|21\n|\n|t:|1700071713\n|move|p2a: Cinderace|U-turn|p1a: Big Steppa\n|-start|p2a: Cinderace|typechange|Bug|[from] ability: Libero\n|-damage|p1a: Big Steppa|31\/100\n|\n|t:|1700071723\n|switch|p2a: Alomomola|Alomomola, F|85\/100|[from] U-turn\n|move|p1a: Big Steppa|Draco Meteor|p2a: Alomomola\n|-damage|p2a: Alomomola|0 fnt\n|-unboost|p1a: Big Steppa|spa|2\n|faint|p2a: Alomomola\n|\n|upkeep\n|inactive|fropop has 30 seconds left.\n|\n|t:|1700071751\n|switch|p2a: Cinderace|Cinderace, F|100\/100\n|turn|22\n|\n|t:|1700071755\n|-end|p1a: Big Steppa|Protosynthesis|[silent]\n|switch|p1a: Franklin|Torkoal, M|33\/100\n|-weather|SunnyDay|[from] ability: Drought|[of] p1a: Franklin\n|move|p2a: Cinderace|U-turn|p1a: Franklin\n|-start|p2a: Cinderace|typechange|Bug|[from] ability: Libero\n|-resisted|p1a: Franklin\n|-damage|p1a: Franklin|26\/100\n|\n|t:|1700071763\n|switch|p2a: Zapdos|Zapdos, tera:Fire|67\/100|[from] U-turn\n|\n|-weather|SunnyDay|[upkeep]\n|upkeep\n|turn|23\n|\n|t:|1700071775\n|move|p2a: Zapdos|Volt Switch|p1a: Franklin\n|-damage|p1a: Franklin|0 fnt\n|faint|p1a: Franklin\n|\n|t:|1700071780\n|switch|p2a: Rillaboom|Rillaboom, M|69\/100|[from] Volt Switch\n|-fieldstart|move: Grassy Terrain|[from] ability: Grassy Surge|[of] p2a: Rillaboom\n|\n|-weather|SunnyDay|[upkeep]\n|-heal|p2a: Rillaboom|75\/100|[from] Grassy Terrain\n|upkeep\n|\n|t:|1700071787\n|switch|p1a: Robert Horry|Charizard, F|100\/100\n|turn|24\n|\n|t:|1700071803\n|switch|p2a: Cinderace|Cinderace, F|100\/100\n|move|p1a: Robert Horry|Overheat|p2a: Cinderace\n|-resisted|p2a: Cinderace\n|-damage|p2a: Cinderace|0 fnt\n|-unboost|p1a: Robert Horry|spa|2\n|faint|p2a: Cinderace\n|\n|-weather|SunnyDay|[upkeep]\n|-damage|p1a: Robert Horry|88\/100|[from] ability: Solar Power|[of] p1a: Robert Horry\n|upkeep\n|\n|t:|1700071815\n|switch|p2a: Zapdos|Zapdos, tera:Fire|67\/100\n|turn|25\n|\n|t:|1700071824\n|move|p1a: Robert Horry|Overheat|p2a: Zapdos\n|-resisted|p2a: Zapdos\n|-damage|p2a: Zapdos|15\/100\n|-unboost|p1a: Robert Horry|spa|2\n|move|p2a: Zapdos|Volt Switch|p1a: Robert Horry\n|-supereffective|p1a: Robert Horry\n|-crit|p1a: Robert Horry\n|-damage|p1a: Robert Horry|0 fnt\n|faint|p1a: Robert Horry\n|\n|t:|1700071834\n|switch|p2a: Rillaboom|Rillaboom, M|75\/100|[from] Volt Switch\n|\n|-weather|SunnyDay|[upkeep]\n|-heal|p2a: Rillaboom|81\/100|[from] Grassy Terrain\n|upkeep\n|\n|t:|1700071838\n|switch|p1a: Kingambit|Kingambit, M, tera:Dark|86\/100\n|-activate|p1a: Kingambit|ability: Supreme Overlord\n|-start|p1a: Kingambit|fallen4|[silent]\n|turn|26\n|inactive|CSP AI has 120 seconds left.\n|inactive|CSP AI has 90 seconds left.\n|\n|t:|1700071915\n|move|p1a: Kingambit|Sucker Punch|p2a: Rillaboom\n|-damage|p2a: Rillaboom|1\/100\n|move|p2a: Rillaboom|U-turn|p1a: Kingambit\n|-supereffective|p1a: Kingambit\n|-damage|p1a: Kingambit|25\/100\n|\n|t:|1700071921\n|switch|p2a: Zapdos|Zapdos, tera:Fire|15\/100|[from] U-turn\n|\n|-weather|none\n|-heal|p2a: Zapdos|21\/100|[from] Grassy Terrain\n|-heal|p1a: Kingambit|31\/100|[from] Grassy Terrain\n|upkeep\n|turn|27\n|\n|t:|1700071936\n|move|p1a: Kingambit|Sucker Punch||[still]\n|-fail|p1a: Kingambit\n|move|p2a: Zapdos|Roost|p2a: Zapdos\n|-heal|p2a: Zapdos|72\/100\n|\n|-heal|p2a: Zapdos|78\/100|[from] Grassy Terrain\n|-heal|p1a: Kingambit|37\/100|[from] Grassy Terrain\n|-fieldend|move: Grassy Terrain\n|upkeep\n|turn|28\n|\n|t:|1700071946\n|move|p1a: Kingambit|Sucker Punch|p2a: Zapdos\n|-damage|p2a: Zapdos|17\/100\n|move|p2a: Zapdos|Volt Switch|p1a: Kingambit\n|-damage|p1a: Kingambit|5\/100\n|\n|t:|1700071951\n|switch|p2a: Rillaboom|Rillaboom, M|1\/100|[from] Volt Switch\n|-fieldstart|move: Grassy Terrain|[from] ability: Grassy Surge|[of] p2a: Rillaboom\n|\n|-heal|p2a: Rillaboom|7\/100|[from] Grassy Terrain\n|-heal|p1a: Kingambit|12\/100|[from] Grassy Terrain\n|upkeep\n|turn|29\n|\n|t:|1700071961\n|move|p2a: Rillaboom|Grassy Glide|p1a: Kingambit\n|-damage|p1a: Kingambit|0 fnt\n|faint|p1a: Kingambit\n|-end|p1a: Kingambit|fallen4|[silent]\n|\n|-heal|p2a: Rillaboom|13\/100|[from] Grassy Terrain\n|upkeep\n|\n|t:|1700071963\n|switch|p1a: Big Steppa|Walking Wake|31\/100\n|turn|30\n|c|\u2606fropop|gg\n|inactive|fropop has 60 seconds left.\n|\n|t:|1700071973\n|move|p2a: Rillaboom|Grassy Glide|p1a: Big Steppa\n|-crit|p1a: Big Steppa\n|-damage|p1a: Big Steppa|0 fnt\n|faint|p1a: Big Steppa\n|-end|p1a: Big Steppa|Protosynthesis|[silent]\n|\n|win|fropop\n|raw|CSP AI's rating: 1314 &rarr; <strong>1295<\/strong><br \/>(-19 for losing)\n|raw|fropop's rating: 1335 &rarr; <strong>1354<\/strong><br \/>(+19 for winning)\n|l|\u2606CSP AI\n","uploadtime":1700071987,"views":19,"p1id":"cspai","p2id":"fropop","formatid":"gen9ou","rating":1295,"private":0,"password":""}