{"id":"gen9ou-1988811999","p1":"Official Poyo","p2":"SeeMeInTheHole","format":"[Gen 9] OU","log":"|j|\u2606Official Poyo\n|j|\u2606SeeMeInTheHole\n|t:|1699766732\n|gametype|singles\n|player|p1|Official Poyo|richboy-gen4|1571\n|player|p2|SeeMeInTheHole|2|1566\n|teamsize|p1|6\n|teamsize|p2|6\n|gen|9\n|tier|[Gen 9] OU\n|rated|\n|rule|Sleep Clause Mod: Limit one foe put to sleep\n|rule|Species Clause: Limit one of each Pok\u00e9mon\n|rule|OHKO Clause: OHKO moves are banned\n|rule|Evasion Items Clause: Evasion items are banned\n|rule|Evasion Moves Clause: Evasion moves are banned\n|rule|Endless Battle Clause: Forcing endless battles is banned\n|rule|HP Percentage Mod: HP is shown in percentages\n|clearpoke\n|poke|p1|Moltres|\n|poke|p1|Gliscor, M|\n|poke|p1|Gholdengo|\n|poke|p1|Tatsugiri, F|\n|poke|p1|Iron Valiant|\n|poke|p1|Clefable, M|\n|poke|p2|Dragapult, M|\n|poke|p2|Ceruledge, M|\n|poke|p2|Zamazenta-*|\n|poke|p2|Walking Wake|\n|poke|p2|Ogerpon, F|\n|poke|p2|Slowking-Galar, M|\n|teampreview\n|inactive|Battle timer is ON: inactive players will automatically lose when time's up. (requested by Official Poyo)\n|\n|t:|1699766779\n|start\n|switch|p1a: Gliscor|Gliscor, M|100\/100\n|switch|p2a: Ogerpon|Ogerpon, F|100\/100\n|turn|1\n|inactive|SeeMeInTheHole has 120 seconds left.\n|\n|t:|1699766820\n|switch|p2a: Walking Wake|Walking Wake|100\/100\n|-enditem|p2a: Walking Wake|Booster Energy\n|-activate|p2a: Walking Wake|ability: Protosynthesis|[fromitem]\n|-start|p2a: Walking Wake|protosynthesisspa\n|move|p1a: Gliscor|Protect||[still]\n|-fail|p1a: Gliscor\n|\n|-status|p1a: Gliscor|tox|[from] item: Toxic Orb\n|upkeep\n|turn|2\n|\n|t:|1699766840\n|switch|p1a: Clefable|Clefable, M|100\/100\n|move|p2a: Walking Wake|Agility|p2a: Walking Wake\n|-boost|p2a: Walking Wake|spe|2\n|\n|upkeep\n|turn|3\n|inactive|SeeMeInTheHole has 90 seconds left.\n|inactive|SeeMeInTheHole has 60 seconds left.\n|\n|t:|1699766895\n|-terastallize|p2a: Walking Wake|Steel\n|move|p2a: Walking Wake|Hydro Steam|p1a: Clefable\n|-damage|p1a: Clefable|63\/100\n|move|p1a: Clefable|Thunder Wave|p2a: Walking Wake\n|-status|p2a: Walking Wake|par\n|\n|-heal|p1a: Clefable|69\/100|[from] item: Leftovers\n|upkeep\n|turn|4\n|inactive|SeeMeInTheHole has 60 seconds left.\n|\n|t:|1699766923\n|move|p2a: Walking Wake|Hydro Steam|p1a: Clefable\n|-damage|p1a: Clefable|37\/100\n|move|p1a: Clefable|Wish|p1a: Clefable\n|\n|-heal|p1a: Clefable|43\/100|[from] item: Leftovers\n|upkeep\n|turn|5\n|\n|t:|1699766932\n|-end|p2a: Walking Wake|Protosynthesis|[silent]\n|switch|p2a: Slowking|Slowking-Galar, M|100\/100\n|move|p1a: Clefable|Protect||[still]\n|-fail|p1a: Clefable\n|\n|-heal|p1a: Clefable|93\/100|[from] move: Wish|[wisher] Clefable\n|-heal|p1a: Clefable|99\/100|[from] item: Leftovers\n|upkeep\n|turn|6\n|\n|t:|1699766943\n|move|p1a: Clefable|Thunder Wave|p2a: Slowking\n|-status|p2a: Slowking|par\n|move|p2a: Slowking|Future Sight|p1a: Clefable\n|-start|p2a: Slowking|move: Future Sight\n|\n|-heal|p1a: Clefable|100\/100|[from] item: Leftovers\n|upkeep\n|turn|7\n|\n|t:|1699766951\n|move|p1a: Clefable|Wish|p1a: Clefable\n|cant|p2a: Slowking|par\n|\n|upkeep\n|turn|8\n|inactive|SeeMeInTheHole has 60 seconds left.\n|\n|t:|1699766962\n|move|p1a: Clefable|Moonblast|p2a: Slowking\n|-resisted|p2a: Slowking\n|-damage|p2a: Slowking|87\/100 par\n|cant|p2a: Slowking|par\n|\n|-end|p1a: Clefable|move: Future Sight\n|-damage|p1a: Clefable|56\/100\n|-heal|p1a: Clefable|100\/100|[from] move: Wish|[wisher] Clefable\n|upkeep\n|turn|9\n|\n|t:|1699766971\n|move|p1a: Clefable|Wish|p1a: Clefable\n|move|p2a: Slowking|Future Sight|p1a: Clefable\n|-start|p2a: Slowking|move: Future Sight\n|\n|upkeep\n|turn|10\n|\n|t:|1699766976\n|switch|p1a: Gliscor|Gliscor, M|100\/100 tox\n|move|p2a: Slowking|Chilly Reception|p2a: Slowking\n|-weather|Snow\n|inactive|SeeMeInTheHole has 60 seconds left.\n|\n|t:|1699767012\n|switch|p2a: Zamazenta|Zamazenta|100\/100|[from] Chilly Reception\n|-ability|p2a: Zamazenta|Dauntless Shield|boost\n|-boost|p2a: Zamazenta|def|1\n|\n|-weather|Snow|[upkeep]\n|upkeep\n|turn|11\n|\n|t:|1699767030\n|move|p2a: Zamazenta|Iron Defense|p2a: Zamazenta\n|-boost|p2a: Zamazenta|def|2\n|move|p1a: Gliscor|U-turn|p2a: Zamazenta\n|-resisted|p2a: Zamazenta\n|-damage|p2a: Zamazenta|98\/100\n|\n|t:|1699767035\n|switch|p1a: Gholdengo|Gholdengo|100\/100|[from] U-turn\n|-item|p1a: Gholdengo|Air Balloon\n|\n|-weather|Snow|[upkeep]\n|-end|p1a: Gholdengo|move: Future Sight\n|-resisted|p1a: Gholdengo\n|-damage|p1a: Gholdengo|67\/100\n|-enditem|p1a: Gholdengo|Air Balloon\n|-heal|p2a: Zamazenta|100\/100|[from] item: Leftovers\n|upkeep\n|turn|12\n|\n|t:|1699767045\n|move|p2a: Zamazenta|Crunch|p1a: Gholdengo\n|-supereffective|p1a: Gholdengo\n|-damage|p1a: Gholdengo|9\/100\n|move|p1a: Gholdengo|Recover|p1a: Gholdengo\n|-heal|p1a: Gholdengo|59\/100\n|\n|-weather|Snow|[upkeep]\n|upkeep\n|turn|13\n|\n|t:|1699767054\n|move|p2a: Zamazenta|Crunch|p1a: Gholdengo\n|-supereffective|p1a: Gholdengo\n|-damage|p1a: Gholdengo|2\/100\n|-unboost|p1a: Gholdengo|def|1\n|move|p1a: Gholdengo|Recover|p1a: Gholdengo\n|-heal|p1a: Gholdengo|53\/100\n|\n|-weather|Snow|[upkeep]\n|upkeep\n|turn|14\n|inactive|SeeMeInTheHole has 60 seconds left.\n|\n|t:|1699767065\n|switch|p1a: Moltres|Moltres|100\/100\n|move|p2a: Zamazenta|Substitute|p2a: Zamazenta\n|-start|p2a: Zamazenta|Substitute\n|-damage|p2a: Zamazenta|75\/100\n|\n|-weather|none\n|-heal|p2a: Zamazenta|82\/100|[from] item: Leftovers\n|upkeep\n|turn|15\n|inactive|SeeMeInTheHole has 60 seconds left.\n|\n|t:|1699767091\n|switch|p2a: Slowking|Slowking-Galar, M|100\/100 par\n|move|p1a: Moltres|U-turn|p2a: Slowking\n|-damage|p2a: Slowking|77\/100 par\n|inactive|Official Poyo has 120 seconds left.\n|\n|t:|1699767129\n|switch|p1a: Gliscor|Gliscor, M|100\/100 tox|[from] U-turn\n|\n|upkeep\n|turn|16\n|inactive|SeeMeInTheHole has 30 seconds left.\n|\n|t:|1699767158\n|switch|p2a: Walking Wake|Walking Wake, tera:Steel|100\/100 par\n|move|p1a: Gliscor|Spikes|p2a: Walking Wake\n|-sidestart|p2: SeeMeInTheHole|Spikes\n|\n|upkeep\n|turn|17\n|\n|t:|1699767165\n|move|p1a: Gliscor|U-turn|p2a: Walking Wake\n|-resisted|p2a: Walking Wake\n|-damage|p2a: Walking Wake|92\/100 par\n|\n|t:|1699767166\n|switch|p1a: Clefable|Clefable, M|100\/100|[from] U-turn\n|move|p2a: Walking Wake|Hydro Steam|p1a: Clefable\n|-damage|p1a: Clefable|73\/100\n|\n|-heal|p1a: Clefable|79\/100|[from] item: Leftovers\n|upkeep\n|turn|18\n|\n|t:|1699767179\n|-end|p2a: Walking Wake|Protosynthesis|[silent]\n|switch|p2a: Slowking|Slowking-Galar, M|100\/100 par\n|switch|p1a: Tatsugiri|Tatsugiri, F|100\/100\n|\n|upkeep\n|turn|19\n|inactive|SeeMeInTheHole has 30 seconds left.\n|\n|t:|1699767201\n|switch|p1a: Gholdengo|Gholdengo|53\/100\n|move|p2a: Slowking|Future Sight|p1a: Gholdengo\n|-start|p2a: Slowking|move: Future Sight\n|\n|upkeep\n|turn|20\n|\n|t:|1699767210\n|move|p1a: Gholdengo|Shadow Ball|p2a: Slowking\n|-supereffective|p2a: Slowking\n|-damage|p2a: Slowking|31\/100 par\n|move|p2a: Slowking|Chilly Reception|p2a: Slowking\n|-weather|Snow\n|inactive|SeeMeInTheHole has 30 seconds left.\n|inactive|SeeMeInTheHole has 20 seconds left.\n|inactive|SeeMeInTheHole has 15 seconds left.\n|inactive|SeeMeInTheHole has 10 seconds left.\n|\n|t:|1699767240\n|switch|p2a: Dragapult|Dragapult, M|100\/100|[from] Chilly Reception\n|-damage|p2a: Dragapult|88\/100|[from] Spikes\n|\n|-weather|Snow|[upkeep]\n|upkeep\n|turn|21\n|inactive|SeeMeInTheHole has 20 seconds left this turn.\n|inactive|SeeMeInTheHole has 15 seconds left.\n|inactive|SeeMeInTheHole has 10 seconds left.\n|\n|t:|1699767251\n|switch|p1a: Clefable|Clefable, M|79\/100\n|move|p2a: Dragapult|Light Screen|p2a: Dragapult\n|-sidestart|p2: SeeMeInTheHole|move: Light Screen\n|\n|-weather|Snow|[upkeep]\n|-end|p1a: Clefable|move: Future Sight\n|-damage|p1a: Clefable|38\/100\n|-heal|p1a: Clefable|44\/100|[from] item: Leftovers\n|upkeep\n|turn|22\n|inactive|SeeMeInTheHole has 20 seconds left this turn.\n|inactive|SeeMeInTheHole has 15 seconds left.\n|inactive|SeeMeInTheHole has 10 seconds left.\n|\n|t:|1699767263\n|move|p2a: Dragapult|U-turn|p1a: Clefable\n|-resisted|p1a: Clefable\n|-damage|p1a: Clefable|34\/100\n|inactive|SeeMeInTheHole has 15 seconds left this turn.\n|\n|t:|1699767268\n|switch|p2a: Ceruledge|Ceruledge, M|100\/100|[from] U-turn\n|-damage|p2a: Ceruledge|88\/100|[from] Spikes\n|move|p1a: Clefable|Wish|p1a: Clefable\n|\n|-weather|Snow|[upkeep]\n|-heal|p1a: Clefable|40\/100|[from] item: Leftovers\n|upkeep\n|turn|23\n|inactive|SeeMeInTheHole has 25 seconds left this turn.\n|inactive|SeeMeInTheHole has 20 seconds left.\n|\n|t:|1699767278\n|move|p1a: Clefable|Protect|p1a: Clefable\n|-singleturn|p1a: Clefable|Protect\n|move|p2a: Ceruledge|Swords Dance|p2a: Ceruledge\n|-boost|p2a: Ceruledge|atk|2\n|\n|-weather|Snow|[upkeep]\n|-heal|p1a: Clefable|90\/100|[from] move: Wish|[wisher] Clefable\n|-heal|p1a: Clefable|96\/100|[from] item: Leftovers\n|upkeep\n|turn|24\n|inactive|SeeMeInTheHole has 30 seconds left this turn.\n|\n|t:|1699767286\n|switch|p1a: Gliscor|Gliscor, M|100\/100 tox\n|move|p2a: Ceruledge|Poltergeist|p1a: Gliscor|[miss]\n|-miss|p2a: Ceruledge|p1a: Gliscor\n|\n|-weather|none\n|upkeep\n|turn|25\n|inactive|SeeMeInTheHole has 30 seconds left.\n|\n|t:|1699767298\n|move|p2a: Ceruledge|Bitter Blade|p1a: Gliscor\n|-damage|p1a: Gliscor|34\/100 tox\n|-heal|p2a: Ceruledge|100\/100|[from] drain|[of] p1a: Gliscor\n|move|p1a: Gliscor|Earthquake|p2a: Ceruledge\n|-supereffective|p2a: Ceruledge\n|-damage|p2a: Ceruledge|9\/100\n|-ability|p2a: Ceruledge|Weak Armor|boost\n|-unboost|p2a: Ceruledge|def|1\n|-boost|p2a: Ceruledge|spe|2\n|\n|-heal|p1a: Gliscor|46\/100 tox|[from] ability: Poison Heal\n|upkeep\n|turn|26\n|inactive|SeeMeInTheHole has 30 seconds left.\n|inactive|SeeMeInTheHole has 20 seconds left.\n|\n|t:|1699767315\n|move|p1a: Gliscor|Protect|p1a: Gliscor\n|-singleturn|p1a: Gliscor|Protect\n|move|p2a: Ceruledge|Bitter Blade|p1a: Gliscor\n|-activate|p1a: Gliscor|move: Protect\n|\n|-heal|p1a: Gliscor|58\/100 tox|[from] ability: Poison Heal\n|upkeep\n|turn|27\n|inactive|SeeMeInTheHole has 30 seconds left this turn.\n|\n|t:|1699767324\n|switch|p1a: Moltres|Moltres|100\/100\n|move|p2a: Ceruledge|Bitter Blade|p1a: Moltres\n|-resisted|p1a: Moltres\n|-damage|p1a: Moltres|48\/100\n|-heal|p2a: Ceruledge|41\/100|[from] drain|[of] p1a: Moltres\n|\n|upkeep\n|turn|28\n|inactive|SeeMeInTheHole has 30 seconds left.\n|inactive|SeeMeInTheHole has 20 seconds left.\n|inactive|SeeMeInTheHole has 15 seconds left.\n|\n|t:|1699767350\n|move|p2a: Ceruledge|Bitter Blade|p1a: Moltres\n|-resisted|p1a: Moltres\n|-damage|p1a: Moltres|0 fnt\n|-heal|p2a: Ceruledge|71\/100|[from] drain|[of] p1a: Moltres\n|faint|p1a: Moltres\n|\n|-sideend|p2: SeeMeInTheHole|move: Light Screen\n|upkeep\n|inactive|SeeMeInTheHole has 20 seconds left this turn.\n|\n|t:|1699767352\n|switch|p1a: Gliscor|Gliscor, M|58\/100 tox\n|turn|29\n|inactive|SeeMeInTheHole has 30 seconds left this turn.\n|inactive|SeeMeInTheHole has 20 seconds left.\n|inactive|SeeMeInTheHole has 15 seconds left.\n|inactive|SeeMeInTheHole has 10 seconds left.\n|\n|t:|1699767373\n|move|p2a: Ceruledge|Poltergeist|p1a: Gliscor\n|-activate|p1a: Gliscor|move: Poltergeist|Toxic Orb\n|-damage|p1a: Gliscor|0 fnt\n|faint|p1a: Gliscor\n|\n|upkeep\n|inactive|SeeMeInTheHole has 15 seconds left this turn.\n|\n|t:|1699767384\n|switch|p1a: Iron Valiant|Iron Valiant|100\/100\n|-enditem|p1a: Iron Valiant|Booster Energy\n|-activate|p1a: Iron Valiant|ability: Quark Drive|[fromitem]\n|-start|p1a: Iron Valiant|quarkdrivespe\n|turn|30\n|inactive|SeeMeInTheHole has 25 seconds left this turn.\n|inactive|SeeMeInTheHole has 20 seconds left.\n|inactive|SeeMeInTheHole has 15 seconds left.\n|inactive|SeeMeInTheHole has 10 seconds left.\n|\n|t:|1699767404\n|switch|p2a: Slowking|Slowking-Galar, M|65\/100 par\n|move|p1a: Iron Valiant|Knock Off|p2a: Slowking\n|-supereffective|p2a: Slowking\n|-damage|p2a: Slowking|0 fnt\n|-enditem|p2a: Slowking|Heavy-Duty Boots|[from] move: Knock Off|[of] p1a: Iron Valiant\n|faint|p2a: Slowking\n|\n|upkeep\n|inactive|SeeMeInTheHole has 15 seconds left this turn.\n|inactive|SeeMeInTheHole has 10 seconds left.\n|inactive|SeeMeInTheHole has 5 seconds left.\n|\n|t:|1699767419\n|switch|p2a: Dragapult|Dragapult, M|88\/100\n|-damage|p2a: Dragapult|76\/100|[from] Spikes\n|turn|31\n|inactive|SeeMeInTheHole has 15 seconds left this turn.\n|inactive|SeeMeInTheHole has 10 seconds left.\n|\n|t:|1699767426\n|move|p1a: Iron Valiant|Swords Dance|p1a: Iron Valiant\n|-boost|p1a: Iron Valiant|atk|2\n|move|p2a: Dragapult|Will-O-Wisp|p1a: Iron Valiant\n|-status|p1a: Iron Valiant|brn\n|\n|-damage|p1a: Iron Valiant|94\/100 brn|[from] brn\n|upkeep\n|turn|32\n|inactive|SeeMeInTheHole has 20 seconds left this turn.\n|inactive|SeeMeInTheHole has 15 seconds left.\n|\n|t:|1699767434\n|move|p1a: Iron Valiant|Swords Dance|p1a: Iron Valiant\n|-boost|p1a: Iron Valiant|atk|2\n|move|p2a: Dragapult|Reflect|p2a: Dragapult\n|-sidestart|p2: SeeMeInTheHole|Reflect\n|\n|-damage|p1a: Iron Valiant|88\/100 brn|[from] brn\n|upkeep\n|turn|33\n|inactive|SeeMeInTheHole has 25 seconds left this turn.\n|inactive|SeeMeInTheHole has 20 seconds left.\n|\n|t:|1699767440\n|move|p1a: Iron Valiant|Swords Dance|p1a: Iron Valiant\n|-boost|p1a: Iron Valiant|atk|2\n|move|p2a: Dragapult|U-turn|p1a: Iron Valiant\n|-resisted|p1a: Iron Valiant\n|-damage|p1a: Iron Valiant|82\/100 brn\n|inactive|SeeMeInTheHole has 25 seconds left this turn.\n|inactive|SeeMeInTheHole has 20 seconds left.\n|\n|t:|1699767447\n|switch|p2a: Zamazenta|Zamazenta|82\/100|[from] U-turn\n|-damage|p2a: Zamazenta|69\/100|[from] Spikes\n|\n|-heal|p2a: Zamazenta|75\/100|[from] item: Leftovers\n|-damage|p1a: Iron Valiant|76\/100 brn|[from] brn\n|upkeep\n|turn|34\n|inactive|SeeMeInTheHole has 30 seconds left this turn.\n|inactive|SeeMeInTheHole has 20 seconds left.\n|\n|t:|1699767459\n|move|p1a: Iron Valiant|Close Combat|p2a: Zamazenta\n|-damage|p2a: Zamazenta|24\/100\n|-unboost|p1a: Iron Valiant|def|1\n|-unboost|p1a: Iron Valiant|spd|1\n|move|p2a: Zamazenta|Heavy Slam|p1a: Iron Valiant\n|-supereffective|p1a: Iron Valiant\n|-damage|p1a: Iron Valiant|0 fnt\n|faint|p1a: Iron Valiant\n|-end|p1a: Iron Valiant|Quark Drive|[silent]\n|\n|-heal|p2a: Zamazenta|31\/100|[from] item: Leftovers\n|upkeep\n|inactive|SeeMeInTheHole has 25 seconds left this turn.\n|\n|t:|1699767485\n|switch|p1a: Tatsugiri|Tatsugiri, F|100\/100\n|turn|35\n|inactive|SeeMeInTheHole has 30 seconds left.\n|\n|t:|1699767497\n|move|p2a: Zamazenta|Crunch|p1a: Tatsugiri\n|-damage|p1a: Tatsugiri|60\/100\n|move|p1a: Tatsugiri|Rapid Spin|p2a: Zamazenta\n|-damage|p2a: Zamazenta|28\/100\n|-boost|p1a: Tatsugiri|spe|1\n|\n|-heal|p2a: Zamazenta|35\/100|[from] item: Leftovers\n|upkeep\n|turn|36\n|inactive|SeeMeInTheHole has 30 seconds left.\n|inactive|SeeMeInTheHole has 20 seconds left.\n|\n|t:|1699767515\n|move|p1a: Tatsugiri|Surf|p2a: Zamazenta\n|-damage|p2a: Zamazenta|2\/100\n|move|p2a: Zamazenta|Crunch|p1a: Tatsugiri\n|-damage|p1a: Tatsugiri|18\/100\n|\n|-heal|p2a: Zamazenta|8\/100|[from] item: Leftovers\n|upkeep\n|turn|37\n|inactive|SeeMeInTheHole has 30 seconds left this turn.\n|\n|t:|1699767524\n|move|p1a: Tatsugiri|Surf|p2a: Zamazenta\n|-damage|p2a: Zamazenta|0 fnt\n|faint|p2a: Zamazenta\n|\n|upkeep\n|inactive|SeeMeInTheHole has 30 seconds left this turn.\n|inactive|SeeMeInTheHole has 20 seconds left.\n|inactive|SeeMeInTheHole has 15 seconds left.\n|inactive|SeeMeInTheHole has 10 seconds left.\n|\n|t:|1699767545\n|switch|p2a: Ogerpon|Ogerpon, F|100\/100\n|-damage|p2a: Ogerpon|88\/100|[from] Spikes\n|turn|38\n|inactive|SeeMeInTheHole has 20 seconds left this turn.\n|inactive|SeeMeInTheHole has 15 seconds left.\n|\n|t:|1699767560\n|move|p1a: Tatsugiri|Draco Meteor|p2a: Ogerpon\n|-damage|p2a: Ogerpon|19\/100\n|-unboost|p1a: Tatsugiri|spa|2\n|move|p2a: Ogerpon|Knock Off|p1a: Tatsugiri\n|-damage|p1a: Tatsugiri|0 fnt\n|-enditem|p1a: Tatsugiri|Heavy-Duty Boots|[from] move: Knock Off|[of] p2a: Ogerpon\n|faint|p1a: Tatsugiri\n|\n|upkeep\n|inactive|SeeMeInTheHole has 20 seconds left this turn.\n|\n|t:|1699767579\n|switch|p1a: Gholdengo|Gholdengo|53\/100\n|turn|39\n|inactive|SeeMeInTheHole has 30 seconds left this turn.\n|\n|t:|1699767583\n|-terastallize|p1a: Gholdengo|Fighting\n|move|p2a: Ogerpon|Knock Off|p1a: Gholdengo\n|-resisted|p1a: Gholdengo\n|-damage|p1a: Gholdengo|35\/100\n|move|p1a: Gholdengo|Shadow Ball|p2a: Ogerpon\n|-damage|p2a: Ogerpon|0 fnt\n|faint|p2a: Ogerpon\n|\n|-sideend|p2: SeeMeInTheHole|Reflect\n|upkeep\n|inactive|SeeMeInTheHole has 30 seconds left.\n|\n|t:|1699767597\n|switch|p2a: Dragapult|Dragapult, M|76\/100\n|-damage|p2a: Dragapult|63\/100|[from] Spikes\n|turn|40\n|\n|t:|1699767602\n|move|p2a: Dragapult|Light Screen|p2a: Dragapult\n|-sidestart|p2: SeeMeInTheHole|move: Light Screen\n|move|p1a: Gholdengo|Recover|p1a: Gholdengo\n|-heal|p1a: Gholdengo|85\/100\n|\n|upkeep\n|turn|41\n|\n|t:|1699767611\n|move|p2a: Dragapult|U-turn|p1a: Gholdengo\n|-resisted|p1a: Gholdengo\n|-damage|p1a: Gholdengo|75\/100\n|\n|t:|1699767617\n|switch|p2a: Walking Wake|Walking Wake, tera:Steel|92\/100 par|[from] U-turn\n|-damage|p2a: Walking Wake|80\/100 par|[from] Spikes\n|move|p1a: Gholdengo|Nasty Plot|p1a: Gholdengo\n|-boost|p1a: Gholdengo|spa|2\n|\n|upkeep\n|turn|42\n|\n|t:|1699767629\n|move|p1a: Gholdengo|Focus Blast|p2a: Walking Wake|[miss]\n|-miss|p1a: Gholdengo|p2a: Walking Wake\n|move|p2a: Walking Wake|Draco Meteor|p1a: Gholdengo\n|-damage|p1a: Gholdengo|4\/100\n|-unboost|p2a: Walking Wake|spa|2\n|\n|upkeep\n|turn|43\n|\n|t:|1699767642\n|move|p1a: Gholdengo|Recover|p1a: Gholdengo\n|-heal|p1a: Gholdengo|54\/100\n|cant|p2a: Walking Wake|par\n|\n|upkeep\n|turn|44\n|\n|t:|1699767657\n|-end|p2a: Walking Wake|Protosynthesis|[silent]\n|switch|p2a: Dragapult|Dragapult, M|63\/100\n|-damage|p2a: Dragapult|51\/100|[from] Spikes\n|move|p1a: Gholdengo|Recover|p1a: Gholdengo\n|-heal|p1a: Gholdengo|100\/100\n|\n|upkeep\n|turn|45\n|\n|t:|1699767667\n|move|p2a: Dragapult|U-turn|p1a: Gholdengo\n|-resisted|p1a: Gholdengo\n|-damage|p1a: Gholdengo|89\/100\n|\n|t:|1699767679\n|switch|p2a: Ceruledge|Ceruledge, M|71\/100|[from] U-turn\n|-damage|p2a: Ceruledge|58\/100|[from] Spikes\n|move|p1a: Gholdengo|Shadow Ball|p2a: Ceruledge\n|-supereffective|p2a: Ceruledge\n|-damage|p2a: Ceruledge|0 fnt\n|faint|p2a: Ceruledge\n|\n|upkeep\n|\n|t:|1699767688\n|switch|p2a: Walking Wake|Walking Wake, tera:Steel|80\/100 par\n|-damage|p2a: Walking Wake|67\/100 par|[from] Spikes\n|turn|46\n|\n|t:|1699767692\n|move|p1a: Gholdengo|Focus Blast|p2a: Walking Wake\n|-supereffective|p2a: Walking Wake\n|-damage|p2a: Walking Wake|0 fnt\n|faint|p2a: Walking Wake\n|-end|p2a: Walking Wake|Protosynthesis|[silent]\n|\n|upkeep\n|\n|t:|1699767698\n|switch|p2a: Dragapult|Dragapult, M|51\/100\n|-damage|p2a: Dragapult|39\/100|[from] Spikes\n|turn|47\n|c|\u2606Official Poyo|gg\n|\n|t:|1699767705\n|move|p2a: Dragapult|U-turn|p1a: Gholdengo\n|-resisted|p1a: Gholdengo\n|-damage|p1a: Gholdengo|78\/100\n|move|p1a: Gholdengo|Shadow Ball|p2a: Dragapult\n|-supereffective|p2a: Dragapult\n|-damage|p2a: Dragapult|0 fnt\n|faint|p2a: Dragapult\n|\n|win|Official Poyo\n|raw|Official Poyo's rating: 1571 &rarr; <strong>1591<\/strong><br \/>(+20 for winning)\n|raw|SeeMeInTheHole's rating: 1566 &rarr; <strong>1546<\/strong><br \/>(-20 for losing)\n|c|\u2606SeeMeInTheHole|ur ass\n|l|\u2606SeeMeInTheHole\n|c|\u2606Official Poyo|LOLLLLLLLLLLL\n","uploadtime":1699767741,"views":11,"p1id":"officialpoyo","p2id":"seemeinthehole","formatid":"gen9ou","rating":1546,"private":0,"password":""}