{"id":"gen9ou-1990959914","p1":"Sherlock4580","p2":"mzznc","format":"[Gen 9] OU","log":"|j|\u2606Sherlock4580\n|j|\u2606mzznc\n|t:|1700020004\n|gametype|singles\n|player|p1|Sherlock4580|silver|1107\n|player|p2|mzznc|266|1087\n|teamsize|p1|6\n|teamsize|p2|6\n|gen|9\n|tier|[Gen 9] OU\n|rated|\n|rule|Sleep Clause Mod: Limit one foe put to sleep\n|rule|Species Clause: Limit one of each Pok\u00e9mon\n|rule|OHKO Clause: OHKO moves are banned\n|rule|Evasion Items Clause: Evasion items are banned\n|rule|Evasion Moves Clause: Evasion moves are banned\n|rule|Endless Battle Clause: Forcing endless battles is banned\n|rule|HP Percentage Mod: HP is shown in percentages\n|clearpoke\n|poke|p1|Kingambit, F|\n|poke|p1|Great Tusk|\n|poke|p1|Breloom, F|\n|poke|p1|Heatran, M|\n|poke|p1|Zapdos|\n|poke|p1|Pelipper, M|\n|poke|p2|Alomomola, M|\n|poke|p2|Gholdengo|\n|poke|p2|Dragonite, M|\n|poke|p2|Great Tusk|\n|poke|p2|Ogerpon-Cornerstone, F|\n|poke|p2|Heatran, F|\n|teampreview\n|\n|t:|1700020029\n|start\n|switch|p1a: Heatran|Heatran, M|100\/100\n|switch|p2a: Ogerpon|Ogerpon-Cornerstone, F|100\/100\n|-item|p1a: Heatran|Air Balloon\n|turn|1\n|\n|t:|1700020052\n|switch|p2a: Alomomola|Alomomola, M|100\/100\n|move|p1a: Heatran|Magma Storm|p2a: Alomomola\n|-resisted|p2a: Alomomola\n|-crit|p2a: Alomomola\n|-damage|p2a: Alomomola|66\/100\n|-activate|p2a: Alomomola|move: Magma Storm|[of] p1a: Heatran\n|\n|-damage|p2a: Alomomola|53\/100|[from] move: Magma Storm|[partiallytrapped]\n|upkeep\n|turn|2\n|\n|t:|1700020063\n|move|p1a: Heatran|Earth Power|p2a: Alomomola\n|-damage|p2a: Alomomola|27\/100\n|move|p2a: Alomomola|Flip Turn|p1a: Heatran\n|-supereffective|p1a: Heatran\n|-damage|p1a: Heatran|72\/100\n|-enditem|p1a: Heatran|Air Balloon\n|\n|t:|1700020075\n|switch|p2a: Dragonite|Dragonite, M|100\/100|[from] Flip Turn\n|\n|upkeep\n|turn|3\n|\n|t:|1700020112\n|move|p2a: Dragonite|Earthquake|p1a: Heatran\n|-supereffective|p1a: Heatran\n|-crit|p1a: Heatran\n|-damage|p1a: Heatran|0 fnt\n|faint|p1a: Heatran\n|\n|upkeep\n|\n|t:|1700020119\n|switch|p1a: Great Tusk|Great Tusk|100\/100\n|turn|4\n|\n|t:|1700020131\n|switch|p2a: Alomomola|Alomomola, M|61\/100\n|move|p1a: Great Tusk|Rapid Spin|p2a: Alomomola\n|-damage|p2a: Alomomola|49\/100\n|-boost|p1a: Great Tusk|spe|1\n|-damage|p1a: Great Tusk|84\/100|[from] item: Rocky Helmet|[of] p2a: Alomomola\n|\n|upkeep\n|turn|5\n|\n|t:|1700020152\n|switch|p2a: Dragonite|Dragonite, M|100\/100\n|-terastallize|p1a: Great Tusk|Ground\n|move|p1a: Great Tusk|Headlong Rush|p2a: Dragonite\n|-immune|p2a: Dragonite\n|\n|upkeep\n|turn|6\n|\n|t:|1700020182\n|-end|p1a: Great Tusk|Protosynthesis|[silent]\n|switch|p1a: Pelipper|Pelipper, M|100\/100\n|-weather|RainDance|[from] ability: Drizzle|[of] p1a: Pelipper\n|switch|p2a: Alomomola|Alomomola, M|83\/100\n|\n|-weather|RainDance|[upkeep]\n|upkeep\n|turn|7\n|\n|t:|1700020195\n|move|p1a: Pelipper|Hurricane|p2a: Alomomola\n|-damage|p2a: Alomomola|39\/100\n|move|p2a: Alomomola|Flip Turn|p1a: Pelipper\n|-resisted|p1a: Pelipper\n|-damage|p1a: Pelipper|87\/100\n|\n|t:|1700020202\n|switch|p2a: Ogerpon|Ogerpon-Cornerstone, F|100\/100|[from] Flip Turn\n|\n|-weather|RainDance|[upkeep]\n|upkeep\n|turn|8\n|\n|t:|1700020215\n|move|p2a: Ogerpon|Swords Dance|p2a: Ogerpon\n|-boost|p2a: Ogerpon|atk|2\n|move|p1a: Pelipper|Ice Beam|p2a: Ogerpon\n|-supereffective|p2a: Ogerpon\n|-damage|p2a: Ogerpon|39\/100\n|\n|-weather|RainDance|[upkeep]\n|upkeep\n|turn|9\n|\n|t:|1700020225\n|move|p2a: Ogerpon|Ivy Cudgel|p1a: Pelipper|[anim] Ivy Cudgel Rock\n|-supereffective|p1a: Pelipper\n|-damage|p1a: Pelipper|0 fnt\n|faint|p1a: Pelipper\n|\n|-weather|RainDance|[upkeep]\n|upkeep\n|\n|t:|1700020233\n|switch|p1a: Kingambit|Kingambit, F|100\/100\n|-activate|p1a: Kingambit|ability: Supreme Overlord\n|-start|p1a: Kingambit|fallen2|[silent]\n|turn|10\n|\n|t:|1700020259\n|switch|p2a: Great Tusk|Great Tusk|100\/100\n|move|p1a: Kingambit|Sucker Punch||[still]\n|-fail|p1a: Kingambit\n|\n|-weather|none\n|upkeep\n|turn|11\n|\n|t:|1700020272\n|-end|p1a: Kingambit|fallen2|[silent]\n|switch|p1a: Zapdos|Zapdos|100\/100\n|move|p2a: Great Tusk|Stealth Rock|p1a: Zapdos\n|-sidestart|p1: Sherlock4580|move: Stealth Rock\n|\n|upkeep\n|turn|12\n|\n|t:|1700020284\n|-end|p2a: Great Tusk|Protosynthesis|[silent]\n|switch|p2a: Heatran|Heatran, F|100\/100\n|move|p1a: Zapdos|Heat Wave|p2a: Heatran\n|-start|p2a: Heatran|ability: Flash Fire\n|\n|upkeep\n|turn|13\n|\n|t:|1700020292\n|move|p1a: Zapdos|Thunder|p2a: Heatran|[miss]\n|-miss|p1a: Zapdos|p2a: Heatran\n|move|p2a: Heatran|Magma Storm|p1a: Zapdos\n|-damage|p1a: Zapdos|30\/100\n|-activate|p1a: Zapdos|move: Magma Storm|[of] p2a: Heatran\n|\n|-damage|p1a: Zapdos|17\/100|[from] move: Magma Storm|[partiallytrapped]\n|upkeep\n|turn|14\n|\n|t:|1700020307\n|move|p1a: Zapdos|Thunder|p2a: Heatran|[miss]\n|-miss|p1a: Zapdos|p2a: Heatran\n|move|p2a: Heatran|Tera Blast|p1a: Zapdos\n|-damage|p1a: Zapdos|0 fnt\n|faint|p1a: Zapdos\n|\n|upkeep\n|\n|t:|1700020314\n|switch|p1a: Great Tusk|Great Tusk, tera:Ground|84\/100\n|-damage|p1a: Great Tusk|78\/100|[from] Stealth Rock\n|turn|15\n|-message|Sherlock4580 forfeited.\n|\n|win|mzznc\n|raw|Sherlock4580's rating: 1107 &rarr; <strong>1081<\/strong><br \/>(-26 for losing)\n|raw|mzznc's rating: 1087 &rarr; <strong>1115<\/strong><br \/>(+28 for winning)\n|l|\u2606Sherlock4580\n","uploadtime":1700020379,"views":7,"p1id":"sherlock4580","p2id":"mzznc","formatid":"gen9ou","rating":1081,"private":0,"password":""}