{"id":"gen9ou-2000660670","p1":"Auburn Hills","p2":"Dingles Apetitosis","format":"[Gen 9] OU","log":"|j|\u2606Auburn Hills\n|j|\u2606Dingles Apetitosis\n|t:|1701215745\n|gametype|singles\n|player|p1|Auburn Hills|alder|1720\n|player|p2|Dingles Apetitosis|102|1667\n|teamsize|p1|6\n|teamsize|p2|6\n|gen|9\n|tier|[Gen 9] OU\n|rated|\n|rule|Sleep Clause Mod: Limit one foe put to sleep\n|rule|Species Clause: Limit one of each Pok\u00e9mon\n|rule|OHKO Clause: OHKO moves are banned\n|rule|Evasion Items Clause: Evasion items are banned\n|rule|Evasion Moves Clause: Evasion moves are banned\n|rule|Endless Battle Clause: Forcing endless battles is banned\n|rule|HP Percentage Mod: HP is shown in percentages\n|clearpoke\n|poke|p1|Iron Moth|\n|poke|p1|Umbreon, M|\n|poke|p1|Garchomp, M|\n|poke|p1|Glimmora, M|\n|poke|p1|Gholdengo|\n|poke|p1|Dragonite, F|\n|poke|p2|Rotom-Wash|\n|poke|p2|Cinderace, F|\n|poke|p2|Ursaluna, F|\n|poke|p2|Landorus-Therian, M|\n|poke|p2|Dragapult, M|\n|poke|p2|Kingambit, F|\n|teampreview\n|\n|t:|1701215754\n|start\n|switch|p1a: Julia Jacklin|Glimmora, M|100\/100\n|switch|p2a: Dragapult|Dragapult, M|100\/100\n|turn|1\n|\n|t:|1701215764\n|switch|p1a: Alvvays|Umbreon, M|100\/100\n|move|p2a: Dragapult|Draco Meteor|p1a: Alvvays\n|-damage|p1a: Alvvays|54\/100\n|-unboost|p2a: Dragapult|spa|2\n|\n|-heal|p1a: Alvvays|60\/100|[from] item: Leftovers\n|upkeep\n|turn|2\n|\n|t:|1701215773\n|switch|p2a: Landorus|Landorus-Therian, M|100\/100\n|-ability|p2a: Landorus|Intimidate|boost\n|-unboost|p1a: Alvvays|atk|1\n|switch|p1a: Julia Jacklin|Glimmora, M|100\/100\n|\n|upkeep\n|turn|3\n|\n|t:|1701215782\n|move|p1a: Julia Jacklin|Mortal Spin|p2a: Landorus\n|-resisted|p2a: Landorus\n|-damage|p2a: Landorus|98\/100\n|-status|p2a: Landorus|psn\n|-damage|p1a: Julia Jacklin|84\/100|[from] item: Rocky Helmet|[of] p2a: Landorus\n|move|p2a: Landorus|Earthquake|p1a: Julia Jacklin\n|-supereffective|p1a: Julia Jacklin\n|-damage|p1a: Julia Jacklin|0 fnt\n|-activate|p1a: Julia Jacklin|ability: Toxic Debris\n|-sidestart|p2: Dingles Apetitosis|move: Toxic Spikes\n|faint|p1a: Julia Jacklin\n|\n|-damage|p2a: Landorus|86\/100 psn|[from] psn\n|upkeep\n|\n|t:|1701215785\n|switch|p1a: Elucid|Dragonite, F|100\/100\n|turn|4\n|\n|t:|1701215794\n|move|p1a: Elucid|Ice Spinner|p2a: Landorus\n|-supereffective|p2a: Landorus\n|-damage|p2a: Landorus|0 fnt\n|-damage|p1a: Elucid|84\/100|[from] item: Rocky Helmet|[of] p2a: Landorus\n|faint|p2a: Landorus\n|\n|upkeep\n|\n|t:|1701215799\n|switch|p2a: Cinderace|Cinderace, F|100\/100\n|turn|5\n|\n|t:|1701215805\n|move|p2a: Cinderace|Will-O-Wisp|p1a: Elucid\n|-status|p1a: Elucid|brn\n|move|p1a: Elucid|Earthquake|p2a: Cinderace\n|-supereffective|p2a: Cinderace\n|-damage|p2a: Cinderace|51\/100\n|\n|-damage|p1a: Elucid|78\/100 brn|[from] brn\n|upkeep\n|turn|6\n|\n|t:|1701215818\n|move|p2a: Cinderace|Court Change|p2a: Cinderace\n|-swapsideconditions\n|-activate|p2a: Cinderace|move: Court Change\n|move|p1a: Elucid|Earthquake|p2a: Cinderace\n|-supereffective|p2a: Cinderace\n|-damage|p2a: Cinderace|4\/100\n|\n|-damage|p1a: Elucid|72\/100 brn|[from] brn\n|upkeep\n|turn|7\n|\n|t:|1701215823\n|switch|p2a: Rotom|Rotom-Wash|100\/100\n|move|p1a: Elucid|Extreme Speed|p2a: Rotom\n|-damage|p2a: Rotom|83\/100\n|\n|-heal|p2a: Rotom|89\/100|[from] item: Leftovers\n|-damage|p1a: Elucid|66\/100 brn|[from] brn\n|upkeep\n|turn|8\n|\n|t:|1701215830\n|switch|p2a: Dragapult|Dragapult, M|100\/100\n|move|p1a: Elucid|Dragon Dance|p1a: Elucid\n|-boost|p1a: Elucid|atk|1\n|-boost|p1a: Elucid|spe|1\n|\n|-damage|p1a: Elucid|59\/100 brn|[from] brn\n|upkeep\n|turn|9\n|\n|t:|1701215840\n|switch|p2a: Kingambit|Kingambit, F|100\/100\n|-activate|p2a: Kingambit|ability: Supreme Overlord\n|-start|p2a: Kingambit|fallen1|[silent]\n|move|p1a: Elucid|Ice Spinner|p2a: Kingambit\n|-resisted|p2a: Kingambit\n|-damage|p2a: Kingambit|92\/100\n|\n|-damage|p1a: Elucid|53\/100 brn|[from] brn\n|upkeep\n|turn|10\n|\n|t:|1701215852\n|-end|p2a: Kingambit|fallen1|[silent]\n|switch|p2a: Rotom|Rotom-Wash|89\/100\n|move|p1a: Elucid|Earthquake|p2a: Rotom\n|-immune|p2a: Rotom|[from] ability: Levitate\n|\n|-heal|p2a: Rotom|96\/100|[from] item: Leftovers\n|-damage|p1a: Elucid|47\/100 brn|[from] brn\n|upkeep\n|turn|11\n|j| dfghhhg\n|\n|t:|1701215873\n|move|p1a: Elucid|Extreme Speed|p2a: Rotom\n|-damage|p2a: Rotom|73\/100\n|move|p2a: Rotom|Volt Switch|p1a: Elucid\n|-damage|p1a: Elucid|19\/100 brn\n|\n|t:|1701215882\n|switch|p2a: AAAAAAAAAAAAAAAA|Ursaluna, F|100\/100|[from] Volt Switch\n|\n|-damage|p1a: Elucid|13\/100 brn|[from] brn\n|-status|p2a: AAAAAAAAAAAAAAAA|brn|[from] item: Flame Orb\n|upkeep\n|turn|12\n|\n|t:|1701215887\n|switch|p2a: Rotom|Rotom-Wash|73\/100\n|move|p1a: Elucid|Ice Spinner|p2a: Rotom\n|-resisted|p2a: Rotom\n|-damage|p2a: Rotom|59\/100\n|\n|-heal|p2a: Rotom|65\/100|[from] item: Leftovers\n|-damage|p1a: Elucid|6\/100 brn|[from] brn\n|upkeep\n|turn|13\n|\n|t:|1701215895\n|move|p2a: Rotom|Protect|p2a: Rotom\n|-singleturn|p2a: Rotom|Protect\n|move|p1a: Elucid|Extreme Speed|p2a: Rotom\n|-activate|p2a: Rotom|move: Protect\n|\n|-heal|p2a: Rotom|72\/100|[from] item: Leftovers\n|-damage|p1a: Elucid|0 fnt|[from] brn\n|faint|p1a: Elucid\n|upkeep\n|\n|t:|1701215900\n|switch|p1a: Carly Rae|Iron Moth|100\/100\n|-sideend|p1: Auburn Hills|move: Toxic Spikes|[of] p1a: Carly Rae\n|-enditem|p1a: Carly Rae|Booster Energy\n|-activate|p1a: Carly Rae|ability: Quark Drive|[fromitem]\n|-start|p1a: Carly Rae|quarkdrivespe\n|turn|14\n|\n|t:|1701215904\n|move|p1a: Carly Rae|Discharge|p2a: Rotom\n|-damage|p2a: Rotom|50\/100\n|move|p2a: Rotom|Thunder Wave|p1a: Carly Rae\n|-status|p1a: Carly Rae|par\n|\n|-heal|p2a: Rotom|56\/100|[from] item: Leftovers\n|upkeep\n|turn|15\n|\n|t:|1701215910\n|cant|p1a: Carly Rae|par\n|move|p2a: Rotom|Hydro Pump|p1a: Carly Rae\n|-supereffective|p1a: Carly Rae\n|-damage|p1a: Carly Rae|11\/100 par\n|\n|-heal|p2a: Rotom|63\/100|[from] item: Leftovers\n|upkeep\n|turn|16\n|\n|t:|1701215935\n|move|p1a: Carly Rae|Dazzling Gleam|p2a: Rotom\n|-damage|p2a: Rotom|43\/100\n|move|p2a: Rotom|Volt Switch|p1a: Carly Rae\n|-damage|p1a: Carly Rae|0 fnt\n|faint|p1a: Carly Rae\n|-end|p1a: Carly Rae|Quark Drive|[silent]\n|\n|t:|1701215940\n|switch|p2a: Dragapult|Dragapult, M|100\/100|[from] Volt Switch\n|\n|upkeep\n|\n|t:|1701215948\n|switch|p1a: Alvvays|Umbreon, M|60\/100\n|turn|17\n|\n|t:|1701215951\n|move|p1a: Alvvays|Protect|p1a: Alvvays\n|-singleturn|p1a: Alvvays|Protect\n|move|p2a: Dragapult|U-turn|p1a: Alvvays\n|-activate|p1a: Alvvays|move: Protect\n|\n|-heal|p1a: Alvvays|66\/100|[from] item: Leftovers\n|upkeep\n|turn|18\n|\n|t:|1701215955\n|move|p2a: Dragapult|U-turn|p1a: Alvvays\n|-supereffective|p1a: Alvvays\n|-crit|p1a: Alvvays\n|-damage|p1a: Alvvays|25\/100\n|\n|t:|1701215959\n|switch|p2a: AAAAAAAAAAAAAAAA|Ursaluna, F|100\/100 brn|[from] U-turn\n|move|p1a: Alvvays|Wish|p1a: Alvvays\n|\n|-heal|p1a: Alvvays|31\/100|[from] item: Leftovers\n|-damage|p2a: AAAAAAAAAAAAAAAA|94\/100 brn|[from] brn\n|upkeep\n|turn|19\n|\n|t:|1701215964\n|move|p1a: Alvvays|Protect|p1a: Alvvays\n|-singleturn|p1a: Alvvays|Protect\n|move|p2a: AAAAAAAAAAAAAAAA|Headlong Rush|p1a: Alvvays\n|-activate|p1a: Alvvays|move: Protect\n|\n|-heal|p1a: Alvvays|81\/100|[from] move: Wish|[wisher] Alvvays\n|-heal|p1a: Alvvays|87\/100|[from] item: Leftovers\n|-damage|p2a: AAAAAAAAAAAAAAAA|88\/100 brn|[from] brn\n|upkeep\n|turn|20\n|\n|t:|1701215970\n|-terastallize|p1a: Alvvays|Ghost\n|move|p2a: AAAAAAAAAAAAAAAA|Headlong Rush|p1a: Alvvays\n|-damage|p1a: Alvvays|6\/100\n|-unboost|p2a: AAAAAAAAAAAAAAAA|def|1\n|-unboost|p2a: AAAAAAAAAAAAAAAA|spd|1\n|move|p1a: Alvvays|Foul Play|p2a: AAAAAAAAAAAAAAAA\n|-damage|p2a: AAAAAAAAAAAAAAAA|23\/100 brn\n|\n|-heal|p1a: Alvvays|12\/100|[from] item: Leftovers\n|-damage|p2a: AAAAAAAAAAAAAAAA|17\/100 brn|[from] brn\n|upkeep\n|turn|21\n|\n|t:|1701215975\n|move|p1a: Alvvays|Protect|p1a: Alvvays\n|-singleturn|p1a: Alvvays|Protect\n|move|p2a: AAAAAAAAAAAAAAAA|Headlong Rush|p1a: Alvvays\n|-activate|p1a: Alvvays|move: Protect\n|\n|-heal|p1a: Alvvays|18\/100|[from] item: Leftovers\n|-damage|p2a: AAAAAAAAAAAAAAAA|10\/100 brn|[from] brn\n|upkeep\n|turn|22\n|\n|t:|1701215981\n|move|p2a: AAAAAAAAAAAAAAAA|Headlong Rush|p1a: Alvvays\n|-damage|p1a: Alvvays|0 fnt\n|-unboost|p2a: AAAAAAAAAAAAAAAA|def|1\n|-unboost|p2a: AAAAAAAAAAAAAAAA|spd|1\n|faint|p1a: Alvvays\n|\n|-damage|p2a: AAAAAAAAAAAAAAAA|4\/100 brn|[from] brn\n|upkeep\n|\n|t:|1701215983\n|switch|p1a: Rat Tally|Garchomp, M|100\/100\n|turn|23\n|\n|t:|1701215987\n|move|p1a: Rat Tally|Scale Shot|p2a: AAAAAAAAAAAAAAAA\n|-damage|p2a: AAAAAAAAAAAAAAAA|0 fnt\n|faint|p2a: AAAAAAAAAAAAAAAA\n|-hitcount|p2: AAAAAAAAAAAAAAAA|1\n|-unboost|p1a: Rat Tally|def|1\n|-boost|p1a: Rat Tally|spe|1\n|\n|upkeep\n|\n|t:|1701215991\n|switch|p2a: Kingambit|Kingambit, F|92\/100\n|-activate|p2a: Kingambit|ability: Supreme Overlord\n|-start|p2a: Kingambit|fallen2|[silent]\n|turn|24\n|\n|t:|1701215998\n|-terastallize|p2a: Kingambit|Fairy\n|move|p1a: Rat Tally|Earthquake|p2a: Kingambit\n|-damage|p2a: Kingambit|52\/100\n|move|p2a: Kingambit|Tera Blast|p1a: Rat Tally|[anim] Tera Blast Fairy\n|-supereffective|p1a: Rat Tally\n|-damage|p1a: Rat Tally|0 fnt\n|faint|p1a: Rat Tally\n|\n|upkeep\n|-message|Auburn Hills forfeited.\n|\n|win|Dingles Apetitosis\n|raw|Auburn Hills's rating: 1720 &rarr; <strong>1697<\/strong><br \/>(-23 for losing)\n|raw|Dingles Apetitosis's rating: 1667 &rarr; <strong>1690<\/strong><br \/>(+23 for winning)\n|l|\u2606Auburn Hills\n","uploadtime":1701216059,"views":0,"p1id":"auburnhills","p2id":"dinglesapetitosis","formatid":"gen9ou","rating":1690,"private":0,"password":""}