{"id":"gen9ou-1999707652","p1":"SpasDeUzi","p2":"VioladorMisterio","format":"[Gen 9] OU","log":"|j|\u2606SpasDeUzi\n|j|\u2606VioladorMisterio\n|t:|1701109637\n|gametype|singles\n|player|p1|SpasDeUzi|1|1130\n|player|p2|VioladorMisterio|janitor|1074\n|teamsize|p1|6\n|teamsize|p2|6\n|gen|9\n|tier|[Gen 9] OU\n|rated|\n|rule|Sleep Clause Mod: Limit one foe put to sleep\n|rule|Species Clause: Limit one of each Pok\u00e9mon\n|rule|OHKO Clause: OHKO moves are banned\n|rule|Evasion Items Clause: Evasion items are banned\n|rule|Evasion Moves Clause: Evasion moves are banned\n|rule|Endless Battle Clause: Forcing endless battles is banned\n|rule|HP Percentage Mod: HP is shown in percentages\n|clearpoke\n|poke|p1|Torterra, F|\n|poke|p1|Toxapex, M|\n|poke|p1|Grimmsnarl, M|\n|poke|p1|Skeledirge, M|\n|poke|p1|Ninetales-Alola, F|\n|poke|p1|Jirachi|\n|poke|p2|Ribombee, F|\n|poke|p2|Blissey, F|\n|poke|p2|Toxapex, F|\n|poke|p2|Rillaboom, M|\n|poke|p2|Ceruledge, M|\n|poke|p2|Rotom-Wash|\n|teampreview\n|inactive|Battle timer is ON: inactive players will automatically lose when time's up. (requested by SpasDeUzi)\n|\n|t:|1701109663\n|start\n|switch|p1a: Grimmsnarl|Grimmsnarl, M, shiny|100\/100\n|switch|p2a: Linda|Ribombee, F|100\/100\n|turn|1\n|\n|t:|1701109688\n|move|p1a: Grimmsnarl|Taunt|p2a: Linda\n|-start|p2a: Linda|move: Taunt\n|cant|p2a: Linda|move: Taunt|Sticky Web\n|\n|-damage|p1a: Grimmsnarl|88\/100|[from] item: Sticky Barb\n|upkeep\n|turn|2\n|inactive|VioladorMisterio has 120 seconds left.\n|\n|t:|1701109738\n|switch|p2a: Miguel|Rillaboom, M|100\/100\n|-fieldstart|move: Grassy Terrain|[from] ability: Grassy Surge|[of] p2a: Miguel\n|-enditem|p2a: Miguel|Grassy Seed\n|-boost|p2a: Miguel|def|1|[from] item: Grassy Seed\n|move|p1a: Grimmsnarl|Thunder Wave|p2a: Miguel\n|-status|p2a: Miguel|par\n|\n|-heal|p1a: Grimmsnarl|94\/100|[from] Grassy Terrain\n|-damage|p1a: Grimmsnarl|82\/100|[from] item: Sticky Barb\n|upkeep\n|turn|3\n|\n|t:|1701109750\n|move|p1a: Grimmsnarl|Trick|p2a: Miguel\n|-activate|p1a: Grimmsnarl|move: Trick|[of] p2a: Miguel\n|-item|p2a: Miguel|Sticky Barb|[from] move: Trick\n|-enditem|p1a: Grimmsnarl|Sticky Barb|[silent]|[from] move: Trick\n|move|p2a: Miguel|Acrobatics|p1a: Grimmsnarl\n|-damage|p1a: Grimmsnarl|57\/100\n|\n|-heal|p1a: Grimmsnarl|63\/100|[from] Grassy Terrain\n|-damage|p2a: Miguel|88\/100 par|[from] item: Sticky Barb\n|upkeep\n|turn|4\n|inactive|SpasDeUzi has 120 seconds left.\n|inactive|SpasDeUzi has 90 seconds left.\n|\n|t:|1701109817\n|switch|p1a: Skeledirge|Skeledirge, M, shiny|100\/100\n|move|p2a: Miguel|Wood Hammer|p1a: Skeledirge\n|-resisted|p1a: Skeledirge\n|-damage|p1a: Skeledirge|67\/100\n|-damage|p2a: Miguel|75\/100 par|[from] Recoil\n|\n|-heal|p1a: Skeledirge|73\/100|[from] Grassy Terrain\n|-heal|p1a: Skeledirge|79\/100|[from] item: Leftovers\n|-heal|p2a: Miguel|81\/100 par|[from] Grassy Terrain\n|-damage|p2a: Miguel|69\/100 par|[from] item: Sticky Barb\n|upkeep\n|turn|5\n|\n|t:|1701109839\n|switch|p2a: Monica|Toxapex, F|100\/100\n|move|p1a: Skeledirge|Fire Fang|p2a: Monica\n|-resisted|p2a: Monica\n|-damage|p2a: Monica|90\/100\n|\n|-heal|p1a: Skeledirge|85\/100|[from] Grassy Terrain\n|-heal|p1a: Skeledirge|91\/100|[from] item: Leftovers\n|-heal|p2a: Monica|96\/100|[from] Grassy Terrain\n|-heal|p2a: Monica|100\/100|[from] item: Leftovers\n|upkeep\n|turn|6\n|inactive|SpasDeUzi has 90 seconds left.\n|\n|t:|1701109854\n|move|p1a: Skeledirge|Earthquake|p2a: Monica\n|-supereffective|p2a: Monica\n|-damage|p2a: Monica|82\/100\n|move|p2a: Monica|Toxic Spikes|p1a: Skeledirge\n|-sidestart|p1: SpasDeUzi|move: Toxic Spikes\n|\n|-heal|p1a: Skeledirge|97\/100|[from] Grassy Terrain\n|-heal|p1a: Skeledirge|100\/100|[from] item: Leftovers\n|-heal|p2a: Monica|88\/100|[from] Grassy Terrain\n|-heal|p2a: Monica|94\/100|[from] item: Leftovers\n|-fieldend|move: Grassy Terrain\n|upkeep\n|turn|7\n|\n|t:|1701109861\n|move|p1a: Skeledirge|Earthquake|p2a: Monica\n|-supereffective|p2a: Monica\n|-damage|p2a: Monica|56\/100\n|move|p2a: Monica|Toxic Spikes|p1a: Skeledirge\n|-sidestart|p1: SpasDeUzi|move: Toxic Spikes\n|\n|-heal|p2a: Monica|62\/100|[from] item: Leftovers\n|upkeep\n|turn|8\n|inactive|SpasDeUzi has 90 seconds left.\n|\n|t:|1701109894\n|move|p2a: Monica|Baneful Bunker|p2a: Monica\n|-singleturn|p2a: Monica|move: Protect\n|move|p1a: Skeledirge|Fire Fang|p2a: Monica\n|-activate|p2a: Monica|move: Protect\n|-status|p1a: Skeledirge|psn\n|\n|-heal|p2a: Monica|68\/100|[from] item: Leftovers\n|-damage|p1a: Skeledirge|88\/100 psn|[from] psn\n|upkeep\n|turn|9\n|\n|t:|1701109905\n|switch|p1a: Toxapex|Toxapex, M, shiny|100\/100\n|-sideend|p1: SpasDeUzi|move: Toxic Spikes|[of] p1a: Toxapex\n|move|p2a: Monica|Liquidation|p1a: Toxapex\n|-resisted|p1a: Toxapex\n|-damage|p1a: Toxapex|90\/100\n|\n|-heal|p2a: Monica|74\/100|[from] item: Leftovers\n|-heal|p1a: Toxapex|97\/100|[from] item: Black Sludge\n|upkeep\n|turn|10\n|\n|t:|1701109912\n|move|p1a: Toxapex|Toxic Spikes|p2a: Monica\n|-sidestart|p2: VioladorMisterio|move: Toxic Spikes\n|move|p2a: Monica|Toxic Spikes|p1a: Toxapex\n|-sidestart|p1: SpasDeUzi|move: Toxic Spikes\n|\n|-heal|p1a: Toxapex|100\/100|[from] item: Black Sludge\n|-heal|p2a: Monica|80\/100|[from] item: Leftovers\n|upkeep\n|turn|11\n|inactive|VioladorMisterio has 120 seconds left.\n|inactive|SpasDeUzi has 90 seconds left.\n|inactive|VioladorMisterio has 90 seconds left.\n|\n|t:|1701109955\n|switch|p2a: Saul|Rotom-Wash|100\/100\n|move|p1a: Toxapex|Toxic Spikes|p2a: Saul\n|-sidestart|p2: VioladorMisterio|move: Toxic Spikes\n|\n|upkeep\n|turn|12\n|inactive|VioladorMisterio has 90 seconds left.\n|inactive|SpasDeUzi has 90 seconds left.\n|\n|t:|1701109976\n|switch|p1a: Ninetales|Ninetales-Alola, F, shiny|100\/100\n|-status|p1a: Ninetales|psn\n|-weather|Snow|[from] ability: Snow Warning|[of] p1a: Ninetales\n|move|p2a: Saul|Trick|p1a: Ninetales\n|-activate|p2a: Saul|move: Trick|[of] p1a: Ninetales\n|-item|p1a: Ninetales|Choice Specs|[from] move: Trick\n|-item|p2a: Saul|Light Clay|[from] move: Trick\n|\n|-weather|Snow|[upkeep]\n|-damage|p1a: Ninetales|88\/100 psn|[from] psn\n|upkeep\n|turn|13\n|inactive|SpasDeUzi has 90 seconds left.\n|inactive|SpasDeUzi has 60 seconds left.\n|\n|t:|1701110030\n|move|p1a: Ninetales|Blizzard|p2a: Saul\n|-resisted|p2a: Saul\n|-damage|p2a: Saul|60\/100\n|move|p2a: Saul|Thunderbolt|p1a: Ninetales\n|-damage|p1a: Ninetales|39\/100 psn\n|\n|-weather|Snow|[upkeep]\n|-damage|p1a: Ninetales|27\/100 psn|[from] psn\n|upkeep\n|turn|14\n|\n|t:|1701110059\n|switch|p1a: Skeledirge|Skeledirge, M, shiny|88\/100 psn\n|move|p2a: Saul|Thunderbolt|p1a: Skeledirge\n|-damage|p1a: Skeledirge|48\/100 psn\n|\n|-weather|Snow|[upkeep]\n|-heal|p1a: Skeledirge|54\/100 psn|[from] item: Leftovers\n|-damage|p1a: Skeledirge|42\/100 psn|[from] psn\n|upkeep\n|turn|15\n|inactive|SpasDeUzi has 60 seconds left.\n|\n|t:|1701110086\n|move|p2a: Saul|Trick|p1a: Skeledirge\n|-activate|p2a: Saul|move: Trick|[of] p1a: Skeledirge\n|-item|p1a: Skeledirge|Light Clay|[from] move: Trick\n|-item|p2a: Saul|Leftovers|[from] move: Trick\n|move|p1a: Skeledirge|Seed Bomb|p2a: Saul\n|-supereffective|p2a: Saul\n|-damage|p2a: Saul|5\/100\n|\n|-weather|Snow|[upkeep]\n|-heal|p2a: Saul|12\/100|[from] item: Leftovers\n|-damage|p1a: Skeledirge|29\/100 psn|[from] psn\n|upkeep\n|turn|16\n|\n|t:|1701110104\n|move|p2a: Saul|Volt Switch|p1a: Skeledirge\n|-damage|p1a: Skeledirge|0 fnt\n|faint|p1a: Skeledirge\n|\n|t:|1701110109\n|switch|p2a: Monica|Toxapex, F|80\/100|[from] Volt Switch\n|-sideend|p2: VioladorMisterio|move: Toxic Spikes|[of] p2a: Monica\n|\n|-weather|none\n|-heal|p2a: Monica|86\/100|[from] item: Leftovers\n|upkeep\n|\n|t:|1701110116\n|switch|p1a: Ninetales|Ninetales-Alola, F, shiny|27\/100 psn\n|-weather|Snow|[from] ability: Snow Warning|[of] p1a: Ninetales\n|turn|17\n|\n|t:|1701110123\n|move|p1a: Ninetales|Aurora Veil|p1a: Ninetales\n|-sidestart|p1: SpasDeUzi|move: Aurora Veil\n|move|p2a: Monica|Liquidation|p1a: Ninetales\n|-crit|p1a: Ninetales\n|-damage|p1a: Ninetales|0 fnt\n|faint|p1a: Ninetales\n|\n|-weather|Snow|[upkeep]\n|-heal|p2a: Monica|92\/100|[from] item: Leftovers\n|upkeep\n|\n|t:|1701110126\n|switch|p1a: Torterra|Torterra, F, shiny|100\/100\n|-status|p1a: Torterra|psn\n|turn|18\n|\n|t:|1701110138\n|move|p2a: Monica|Baneful Bunker|p2a: Monica\n|-singleturn|p2a: Monica|move: Protect\n|move|p1a: Torterra|Shell Smash|p1a: Torterra\n|-unboost|p1a: Torterra|def|1\n|-unboost|p1a: Torterra|spd|1\n|-boost|p1a: Torterra|atk|2\n|-boost|p1a: Torterra|spa|2\n|-boost|p1a: Torterra|spe|2\n|\n|-weather|Snow|[upkeep]\n|-heal|p2a: Monica|98\/100|[from] item: Leftovers\n|-damage|p1a: Torterra|88\/100 psn|[from] psn\n|upkeep\n|turn|19\n|\n|t:|1701110157\n|move|p2a: Monica|Baneful Bunker||[still]\n|-fail|p2a: Monica\n|move|p1a: Torterra|Headlong Rush|p2a: Monica\n|-supereffective|p2a: Monica\n|-damage|p2a: Monica|0 fnt\n|-unboost|p1a: Torterra|def|1\n|-unboost|p1a: Torterra|spd|1\n|faint|p2a: Monica\n|\n|-weather|Snow|[upkeep]\n|-damage|p1a: Torterra|76\/100 psn|[from] psn\n|upkeep\n|inactive|VioladorMisterio has 60 seconds left.\n|\n|t:|1701110200\n|switch|p2a: Miguel|Rillaboom, M|69\/100 par\n|-fieldstart|move: Grassy Terrain|[from] ability: Grassy Surge|[of] p2a: Miguel\n|turn|20\n|inactive|SpasDeUzi has 90 seconds left.\n|\n|t:|1701110210\n|-terastallize|p2a: Miguel|Flying\n|move|p1a: Torterra|Rock Blast|p2a: Miguel\n|-supereffective|p2a: Miguel\n|-damage|p2a: Miguel|29\/100 par\n|-supereffective|p2a: Miguel\n|-damage|p2a: Miguel|0 fnt\n|faint|p2a: Miguel\n|-hitcount|p2: Miguel|2\n|\n|-weather|Snow|[upkeep]\n|-heal|p1a: Torterra|82\/100 psn|[from] Grassy Terrain\n|-damage|p1a: Torterra|69\/100 psn|[from] psn\n|upkeep\n|\n|t:|1701110222\n|switch|p2a: Linda|Ribombee, F|100\/100\n|turn|21\n|\n|t:|1701110236\n|move|p1a: Torterra|Rock Blast|p2a: Linda\n|-supereffective|p2a: Linda\n|-damage|p2a: Linda|32\/100\n|-supereffective|p2a: Linda\n|-damage|p2a: Linda|0 fnt\n|faint|p2a: Linda\n|-hitcount|p2: Linda|2\n|\n|-weather|none\n|-heal|p1a: Torterra|75\/100 psn|[from] Grassy Terrain\n|-damage|p1a: Torterra|63\/100 psn|[from] psn\n|-sideend|p1: SpasDeUzi|move: Aurora Veil\n|upkeep\n|\n|t:|1701110245\n|switch|p2a: Mindy|Blissey, F|100\/100\n|turn|22\n|\n|t:|1701110254\n|move|p1a: Torterra|Bullet Seed|p2a: Mindy\n|-damage|p2a: Mindy|70\/100\n|-damage|p2a: Mindy|39\/100\n|-damage|p2a: Mindy|9\/100\n|-damage|p2a: Mindy|0 fnt\n|faint|p2a: Mindy\n|-hitcount|p2: Mindy|4\n|\n|-heal|p1a: Torterra|69\/100 psn|[from] Grassy Terrain\n|-damage|p1a: Torterra|57\/100 psn|[from] psn\n|upkeep\n|inactive|VioladorMisterio has 30 seconds left.\n|inactive|VioladorMisterio has 20 seconds left.\n|inactive|VioladorMisterio has 15 seconds left.\n|inactive|VioladorMisterio has 10 seconds left.\n|inactive|VioladorMisterio has 5 seconds left.\n|-message|VioladorMisterio lost due to inactivity.\n|\n|win|SpasDeUzi\n|raw|SpasDeUzi's rating: 1130 &rarr; <strong>1151<\/strong><br \/>(+21 for winning)\n|raw|VioladorMisterio's rating: 1074 &rarr; <strong>1056<\/strong><br \/>(-18 for losing)\n","uploadtime":1701110329,"views":9,"p1id":"spasdeuzi","p2id":"violadormisterio","formatid":"gen9ou","rating":1056,"private":0,"password":""}