{"id":"gen9ou-1989246716","p1":"Weather_Agent67","p2":"Cubik_msk","format":"[Gen 9] OU","log":"|j|\u2606Weather_Agent67\n|j|\u2606Cubik_msk\n|t:|1699827636\n|gametype|singles\n|player|p1|Weather_Agent67|lillie-masters2|1157\n|player|p2|Cubik_msk|scientistf|1099\n|teamsize|p1|6\n|teamsize|p2|6\n|gen|9\n|tier|[Gen 9] OU\n|rated|\n|rule|Sleep Clause Mod: Limit one foe put to sleep\n|rule|Species Clause: Limit one of each Pok\u00e9mon\n|rule|OHKO Clause: OHKO moves are banned\n|rule|Evasion Items Clause: Evasion items are banned\n|rule|Evasion Moves Clause: Evasion moves are banned\n|rule|Endless Battle Clause: Forcing endless battles is banned\n|rule|HP Percentage Mod: HP is shown in percentages\n|clearpoke\n|poke|p1|Torkoal, F|\n|poke|p1|Ceruledge, M|\n|poke|p1|Maushold-Four|\n|poke|p1|Walking Wake|\n|poke|p1|Rillaboom, F|\n|poke|p1|Gholdengo|\n|poke|p2|Ting-Lu|\n|poke|p2|Ninetales-Alola, F|\n|poke|p2|Alomomola, F|\n|poke|p2|Great Tusk|\n|poke|p2|Kingambit, F|\n|poke|p2|Thundurus-Therian, M|\n|teampreview\n|inactive|Battle timer is ON: inactive players will automatically lose when time's up. (requested by Weather_Agent67)\n|\n|t:|1699827647\n|start\n|switch|p1a: Gholdengo|Gholdengo|100\/100\n|switch|p2a: Great Tusk|Great Tusk|100\/100\n|turn|1\n|\n|t:|1699827659\n|switch|p1a: Rillaboom|Rillaboom, F, shiny|100\/100\n|-fieldstart|move: Grassy Terrain|[from] ability: Grassy Surge|[of] p1a: Rillaboom\n|move|p2a: Great Tusk|Stealth Rock|p1a: Rillaboom\n|-sidestart|p1: Weather_Agent67|move: Stealth Rock\n|\n|upkeep\n|turn|2\n|\n|t:|1699827667\n|move|p2a: Great Tusk|Ice Spinner|p1a: Rillaboom\n|-supereffective|p1a: Rillaboom\n|-damage|p1a: Rillaboom|44\/100\n|-fieldend|move: Grassy Terrain\n|move|p1a: Rillaboom|Knock Off|p2a: Great Tusk\n|-resisted|p2a: Great Tusk\n|-damage|p2a: Great Tusk|81\/100\n|-damage|p1a: Rillaboom|28\/100|[from] item: Rocky Helmet|[of] p2a: Great Tusk\n|-enditem|p2a: Great Tusk|Rocky Helmet|[from] move: Knock Off|[of] p1a: Rillaboom\n|\n|upkeep\n|turn|3\n|\n|t:|1699827677\n|switch|p1a: Torkoal|Torkoal, F|100\/100\n|-damage|p1a: Torkoal|76\/100|[from] Stealth Rock\n|-weather|SunnyDay|[from] ability: Drought|[of] p1a: Torkoal\n|-activate|p2a: Great Tusk|ability: Protosynthesis\n|-start|p2a: Great Tusk|protosynthesisatk\n|move|p2a: Great Tusk|Rapid Spin|p1a: Torkoal\n|-damage|p1a: Torkoal|62\/100\n|-boost|p2a: Great Tusk|spe|1\n|\n|-weather|SunnyDay|[upkeep]\n|upkeep\n|turn|4\n|\n|t:|1699827696\n|switch|p1a: Walking Wake|Walking Wake|100\/100\n|-damage|p1a: Walking Wake|88\/100|[from] Stealth Rock\n|-activate|p1a: Walking Wake|ability: Protosynthesis\n|-start|p1a: Walking Wake|protosynthesisspa\n|move|p2a: Great Tusk|Headlong Rush|p1a: Walking Wake\n|-damage|p1a: Walking Wake|0 fnt\n|-unboost|p2a: Great Tusk|def|1\n|-unboost|p2a: Great Tusk|spd|1\n|faint|p1a: Walking Wake\n|-end|p1a: Walking Wake|Protosynthesis|[silent]\n|\n|-weather|SunnyDay|[upkeep]\n|upkeep\n|\n|t:|1699827709\n|switch|p1a: Maushold|Maushold-Four, shiny|100\/100\n|-damage|p1a: Maushold|88\/100|[from] Stealth Rock\n|turn|5\n|\n|t:|1699827718\n|-terastallize|p1a: Maushold|Ghost\n|move|p2a: Great Tusk|Headlong Rush|p1a: Maushold\n|-damage|p1a: Maushold|0 fnt\n|-unboost|p2a: Great Tusk|def|1\n|-unboost|p2a: Great Tusk|spd|1\n|faint|p1a: Maushold\n|\n|-weather|SunnyDay|[upkeep]\n|upkeep\n|\n|t:|1699827731\n|switch|p1a: Ceruledge|Ceruledge, M|100\/100\n|-damage|p1a: Ceruledge|76\/100|[from] Stealth Rock\n|turn|6\n|\n|t:|1699827737\n|move|p2a: Great Tusk|Headlong Rush|p1a: Ceruledge\n|-supereffective|p1a: Ceruledge\n|-damage|p1a: Ceruledge|0 fnt\n|-unboost|p2a: Great Tusk|def|1\n|-unboost|p2a: Great Tusk|spd|1\n|faint|p1a: Ceruledge\n|\n|-weather|SunnyDay|[upkeep]\n|upkeep\n|\n|t:|1699827745\n|switch|p1a: Rillaboom|Rillaboom, F, shiny|28\/100\n|-damage|p1a: Rillaboom|15\/100|[from] Stealth Rock\n|-fieldstart|move: Grassy Terrain|[from] ability: Grassy Surge|[of] p1a: Rillaboom\n|turn|7\n|\n|t:|1699827750\n|move|p1a: Rillaboom|Grassy Glide|p2a: Great Tusk\n|-supereffective|p2a: Great Tusk\n|-crit|p2a: Great Tusk\n|-damage|p2a: Great Tusk|0 fnt\n|faint|p2a: Great Tusk\n|-end|p2a: Great Tusk|Protosynthesis|[silent]\n|\n|-weather|SunnyDay|[upkeep]\n|-heal|p1a: Rillaboom|22\/100|[from] Grassy Terrain\n|upkeep\n|\n|t:|1699827757\n|switch|p2a: Ninetales|Ninetales-Alola, F|100\/100\n|-weather|Snow|[from] ability: Snow Warning|[of] p2a: Ninetales\n|turn|8\n|\n|t:|1699827765\n|switch|p1a: Gholdengo|Gholdengo|100\/100\n|-damage|p1a: Gholdengo|94\/100|[from] Stealth Rock\n|move|p2a: Ninetales|Freeze-Dry|p1a: Gholdengo\n|-resisted|p1a: Gholdengo\n|-damage|p1a: Gholdengo|81\/100\n|\n|-weather|Snow|[upkeep]\n|-heal|p1a: Gholdengo|87\/100|[from] Grassy Terrain\n|upkeep\n|turn|9\n|\n|t:|1699827774\n|move|p2a: Ninetales|Aurora Veil|p2a: Ninetales\n|-sidestart|p2: Cubik_msk|move: Aurora Veil\n|move|p1a: Gholdengo|Focus Blast|p2a: Ninetales\n|-damage|p2a: Ninetales|64\/100\n|-unboost|p2a: Ninetales|spd|1\n|\n|-weather|Snow|[upkeep]\n|-heal|p2a: Ninetales|70\/100|[from] Grassy Terrain\n|-heal|p1a: Gholdengo|94\/100|[from] Grassy Terrain\n|upkeep\n|turn|10\n|\n|t:|1699827784\n|switch|p2a: Ting-Lu|Ting-Lu|100\/100\n|-ability|p2a: Ting-Lu|Vessel of Ruin\n|switch|p1a: Torkoal|Torkoal, F|62\/100\n|-damage|p1a: Torkoal|37\/100|[from] Stealth Rock\n|-weather|SunnyDay|[from] ability: Drought|[of] p1a: Torkoal\n|\n|-weather|SunnyDay|[upkeep]\n|-heal|p1a: Torkoal|43\/100|[from] Grassy Terrain\n|upkeep\n|turn|11\n|\n|t:|1699827792\n|move|p2a: Ting-Lu|Spikes|p1a: Torkoal\n|-sidestart|p1: Weather_Agent67|Spikes\n|move|p1a: Torkoal|Stealth Rock|p2a: Ting-Lu\n|-sidestart|p2: Cubik_msk|move: Stealth Rock\n|\n|-weather|SunnyDay|[upkeep]\n|-heal|p1a: Torkoal|49\/100|[from] Grassy Terrain\n|-fieldend|move: Grassy Terrain\n|upkeep\n|turn|12\n|\n|t:|1699827796\n|move|p2a: Ting-Lu|Spikes|p1a: Torkoal\n|-sidestart|p1: Weather_Agent67|Spikes\n|move|p1a: Torkoal|Rapid Spin|p2a: Ting-Lu\n|-damage|p2a: Ting-Lu|98\/100\n|-boost|p1a: Torkoal|spe|1\n|-sideend|p1: Weather_Agent67|Spikes|[from] move: Rapid Spin|[of] p1a: Torkoal\n|-sideend|p1: Weather_Agent67|Stealth Rock|[from] move: Rapid Spin|[of] p1a: Torkoal\n|\n|-weather|SunnyDay|[upkeep]\n|upkeep\n|turn|13\n|\n|t:|1699827803\n|move|p1a: Torkoal|Yawn|p2a: Ting-Lu\n|-start|p2a: Ting-Lu|move: Yawn|[of] p1a: Torkoal\n|move|p2a: Ting-Lu|Spikes|p1a: Torkoal\n|-sidestart|p1: Weather_Agent67|Spikes\n|\n|-weather|SunnyDay|[upkeep]\n|upkeep\n|turn|14\n|\n|t:|1699827810\n|move|p1a: Torkoal|Rapid Spin|p2a: Ting-Lu\n|-damage|p2a: Ting-Lu|95\/100\n|-boost|p1a: Torkoal|spe|1\n|-sideend|p1: Weather_Agent67|Spikes|[from] move: Rapid Spin|[of] p1a: Torkoal\n|move|p2a: Ting-Lu|Earthquake|p1a: Torkoal\n|-supereffective|p1a: Torkoal\n|-damage|p1a: Torkoal|9\/100\n|\n|-weather|SunnyDay|[upkeep]\n|-end|p2a: Ting-Lu|move: Yawn|[silent]\n|-status|p2a: Ting-Lu|slp\n|upkeep\n|turn|15\n|\n|t:|1699827819\n|switch|p1a: Rillaboom|Rillaboom, F, shiny|22\/100\n|-fieldstart|move: Grassy Terrain|[from] ability: Grassy Surge|[of] p1a: Rillaboom\n|cant|p2a: Ting-Lu|slp\n|\n|-weather|SunnyDay|[upkeep]\n|-heal|p1a: Rillaboom|28\/100|[from] Grassy Terrain\n|-heal|p2a: Ting-Lu|100\/100 slp|[from] Grassy Terrain\n|upkeep\n|turn|16\n|\n|t:|1699827827\n|move|p1a: Rillaboom|Grassy Glide|p2a: Ting-Lu\n|-supereffective|p2a: Ting-Lu\n|-damage|p2a: Ting-Lu|66\/100 slp\n|-enditem|p2a: Ting-Lu|Weakness Policy\n|-boost|p2a: Ting-Lu|atk|2|[from] item: Weakness Policy\n|-boost|p2a: Ting-Lu|spa|2|[from] item: Weakness Policy\n|cant|p2a: Ting-Lu|slp\n|\n|-weather|SunnyDay|[upkeep]\n|-heal|p1a: Rillaboom|34\/100|[from] Grassy Terrain\n|-heal|p2a: Ting-Lu|72\/100 slp|[from] Grassy Terrain\n|-sideend|p2: Cubik_msk|move: Aurora Veil\n|upkeep\n|turn|17\n|\n|t:|1699827837\n|-terastallize|p2a: Ting-Lu|Poison\n|move|p1a: Rillaboom|Grassy Glide|p2a: Ting-Lu\n|-resisted|p2a: Ting-Lu\n|-damage|p2a: Ting-Lu|56\/100 slp\n|-curestatus|p2a: Ting-Lu|slp|[msg]\n|move|p2a: Ting-Lu|Earthquake|p1a: Rillaboom\n|-resisted|p1a: Rillaboom\n|-damage|p1a: Rillaboom|15\/100\n|\n|-weather|none\n|-heal|p1a: Rillaboom|21\/100|[from] Grassy Terrain\n|-heal|p2a: Ting-Lu|63\/100|[from] Grassy Terrain\n|upkeep\n|turn|18\n|\n|t:|1699827850\n|move|p1a: Rillaboom|Grassy Glide|p2a: Ting-Lu\n|-resisted|p2a: Ting-Lu\n|-damage|p2a: Ting-Lu|45\/100\n|move|p2a: Ting-Lu|Spikes|p1a: Rillaboom\n|-sidestart|p1: Weather_Agent67|Spikes\n|\n|-heal|p1a: Rillaboom|27\/100|[from] Grassy Terrain\n|-heal|p2a: Ting-Lu|52\/100|[from] Grassy Terrain\n|upkeep\n|turn|19\n|\n|t:|1699827858\n|move|p1a: Rillaboom|Grassy Glide|p2a: Ting-Lu\n|-resisted|p2a: Ting-Lu\n|-damage|p2a: Ting-Lu|36\/100\n|move|p2a: Ting-Lu|Whirlwind|p1a: Rillaboom\n|drag|p1a: Gholdengo|Gholdengo|94\/100\n|-damage|p1a: Gholdengo|81\/100|[from] Spikes\n|\n|-heal|p1a: Gholdengo|87\/100|[from] Grassy Terrain\n|-heal|p2a: Ting-Lu|43\/100|[from] Grassy Terrain\n|-fieldend|move: Grassy Terrain\n|upkeep\n|turn|20\n|\n|t:|1699827867\n|move|p1a: Gholdengo|Focus Blast|p2a: Ting-Lu|[miss]\n|-miss|p1a: Gholdengo|p2a: Ting-Lu\n|move|p2a: Ting-Lu|Earthquake|p1a: Gholdengo\n|-supereffective|p1a: Gholdengo\n|-damage|p1a: Gholdengo|0 fnt\n|faint|p1a: Gholdengo\n|\n|upkeep\n|\n|t:|1699827874\n|switch|p1a: Rillaboom|Rillaboom, F, shiny|27\/100\n|-damage|p1a: Rillaboom|15\/100|[from] Spikes\n|-fieldstart|move: Grassy Terrain|[from] ability: Grassy Surge|[of] p1a: Rillaboom\n|turn|21\n|-message|Weather_Agent67 forfeited.\n|\n|win|Cubik_msk\n|raw|Weather_Agent67's rating: 1157 &rarr; <strong>1128<\/strong><br \/>(-29 for losing)\n|raw|Cubik_msk's rating: 1099 &rarr; <strong>1128<\/strong><br \/>(+29 for winning)\n|l|\u2606Weather_Agent67\n","uploadtime":1699827886,"views":19,"p1id":"weatheragent67","p2id":"cubikmsk","formatid":"gen9ou","rating":1128,"private":0,"password":""}