{"id":"gen9ou-1991440958","p1":"orlandont","p2":"64t","format":"[Gen 9] OU","log":"|j|\u2606orlandont\n|j|\u260664t\n|t:|1700077339\n|gametype|singles\n|player|p1|orlandont|101|1117\n|player|p2|64t|102|1171\n|teamsize|p1|6\n|teamsize|p2|6\n|gen|9\n|tier|[Gen 9] OU\n|rated|\n|rule|Sleep Clause Mod: Limit one foe put to sleep\n|rule|Species Clause: Limit one of each Pok\u00e9mon\n|rule|OHKO Clause: OHKO moves are banned\n|rule|Evasion Items Clause: Evasion items are banned\n|rule|Evasion Moves Clause: Evasion moves are banned\n|rule|Endless Battle Clause: Forcing endless battles is banned\n|rule|HP Percentage Mod: HP is shown in percentages\n|clearpoke\n|poke|p1|Slowking-Galar, M|\n|poke|p1|Cloyster, M|\n|poke|p1|Cinderace, M|\n|poke|p1|Zapdos|\n|poke|p1|Ribombee, F|\n|poke|p1|Sneasler, M|\n|poke|p2|Kingambit, F|\n|poke|p2|Dragapult, M|\n|poke|p2|Gholdengo|\n|poke|p2|Landorus-Therian, M|\n|poke|p2|Toxapex, M|\n|poke|p2|Iron Valiant|\n|teampreview\n|\n|t:|1700077363\n|start\n|switch|p1a: Ribombee|Ribombee, F|100\/100\n|switch|p2a: Landorus|Landorus-Therian, M|100\/100\n|-ability|p2a: Landorus|Intimidate|boost\n|-unboost|p1a: Ribombee|atk|1\n|turn|1\n|c|\u260664t|this little fucker\n|\n|t:|1700077418\n|switch|p1a: Zapdos|Zapdos|100\/100\n|move|p2a: Landorus|Substitute|p2a: Landorus\n|-start|p2a: Landorus|Substitute\n|-damage|p2a: Landorus|76\/100\n|\n|-heal|p2a: Landorus|82\/100|[from] item: Leftovers\n|upkeep\n|turn|2\n|\n|t:|1700077426\n|move|p1a: Zapdos|Hurricane|p2a: Landorus|[miss]\n|-miss|p1a: Zapdos|p2a: Landorus\n|move|p2a: Landorus|Smack Down|p1a: Zapdos\n|-supereffective|p1a: Zapdos\n|-damage|p1a: Zapdos|51\/100\n|-start|p1a: Zapdos|Smack Down\n|\n|-heal|p1a: Zapdos|58\/100|[from] item: Leftovers\n|-heal|p2a: Landorus|88\/100|[from] item: Leftovers\n|upkeep\n|turn|3\n|\n|t:|1700077434\n|move|p1a: Zapdos|Hurricane|p2a: Landorus\n|-end|p2a: Landorus|Substitute\n|move|p2a: Landorus|Earthquake|p1a: Zapdos\n|-supereffective|p1a: Zapdos\n|-damage|p1a: Zapdos|0 fnt\n|faint|p1a: Zapdos\n|\n|-heal|p2a: Landorus|94\/100|[from] item: Leftovers\n|upkeep\n|\n|t:|1700077441\n|switch|p1a: Cloyster|Cloyster, M, shiny|100\/100\n|turn|4\n|\n|t:|1700077467\n|move|p2a: Landorus|Substitute|p2a: Landorus\n|-start|p2a: Landorus|Substitute\n|-damage|p2a: Landorus|69\/100\n|move|p1a: Cloyster|Shell Smash|p1a: Cloyster\n|-unboost|p1a: Cloyster|def|1\n|-unboost|p1a: Cloyster|spd|1\n|-boost|p1a: Cloyster|atk|2\n|-boost|p1a: Cloyster|spa|2\n|-boost|p1a: Cloyster|spe|2\n|\n|-heal|p2a: Landorus|75\/100|[from] item: Leftovers\n|upkeep\n|turn|5\n|\n|t:|1700077482\n|move|p1a: Cloyster|Icicle Spear|p2a: Landorus\n|-supereffective|p2a: Landorus\n|-end|p2a: Landorus|Substitute\n|-supereffective|p2a: Landorus\n|-damage|p2a: Landorus|0 fnt\n|faint|p2a: Landorus\n|-hitcount|p2: Landorus|2\n|\n|upkeep\n|\n|t:|1700077491\n|switch|p2a: Gholdengo|Gholdengo|100\/100\n|turn|6\n|\n|t:|1700077504\n|move|p1a: Cloyster|Drill Run|p2a: Gholdengo\n|-supereffective|p2a: Gholdengo\n|-crit|p2a: Gholdengo\n|-damage|p2a: Gholdengo|0 fnt\n|faint|p2a: Gholdengo\n|\n|upkeep\n|\n|t:|1700077513\n|switch|p2a: Iron Valiant|Iron Valiant|100\/100\n|-enditem|p2a: Iron Valiant|Booster Energy\n|-activate|p2a: Iron Valiant|ability: Quark Drive|[fromitem]\n|-start|p2a: Iron Valiant|quarkdrivespe\n|turn|7\n|\n|t:|1700077533\n|move|p2a: Iron Valiant|Close Combat|p1a: Cloyster\n|-supereffective|p1a: Cloyster\n|-enditem|p1a: Cloyster|Focus Sash\n|-damage|p1a: Cloyster|1\/100\n|-unboost|p2a: Iron Valiant|def|1\n|-unboost|p2a: Iron Valiant|spd|1\n|move|p1a: Cloyster|Icicle Spear|p2a: Iron Valiant\n|-damage|p2a: Iron Valiant|52\/100\n|-damage|p2a: Iron Valiant|11\/100\n|-damage|p2a: Iron Valiant|0 fnt\n|faint|p2a: Iron Valiant\n|-end|p2a: Iron Valiant|Quark Drive|[silent]\n|-hitcount|p2: Iron Valiant|3\n|\n|upkeep\n|\n|t:|1700077544\n|switch|p2a: Kingambit|Kingambit, F|100\/100\n|-activate|p2a: Kingambit|ability: Supreme Overlord\n|-start|p2a: Kingambit|fallen3|[silent]\n|turn|8\n|c|\u260664t|sucker punch\n|\n|t:|1700077557\n|move|p1a: Cloyster|Drill Run|p2a: Kingambit\n|-supereffective|p2a: Kingambit\n|-crit|p2a: Kingambit\n|-damage|p2a: Kingambit|0 fnt\n|faint|p2a: Kingambit\n|-end|p2a: Kingambit|fallen3|[silent]\n|\n|upkeep\n|c|\u260664t|?????????????????????????????????????????????????????????????????????????????????????????????????????????????????????????????????????????????\n|c|\u2606orlandont|?\n|\n|t:|1700077570\n|switch|p2a: Dragapult|Dragapult, M, shiny|100\/100\n|turn|9\n|\n|t:|1700077573\n|move|p1a: Cloyster|Icicle Spear|p2a: Dragapult\n|-supereffective|p2a: Dragapult\n|-damage|p2a: Dragapult|36\/100\n|-supereffective|p2a: Dragapult\n|-damage|p2a: Dragapult|0 fnt\n|faint|p2a: Dragapult\n|-hitcount|p2: Dragapult|2\n|\n|upkeep\n|\n|t:|1700077575\n|switch|p2a: Toxapex|Toxapex, M|100\/100\n|turn|10\n|\n|t:|1700077581\n|move|p1a: Cloyster|Drill Run|p2a: Toxapex\n|-supereffective|p2a: Toxapex\n|-damage|p2a: Toxapex|43\/100\n|move|p2a: Toxapex|Surf|p1a: Cloyster\n|-resisted|p1a: Cloyster\n|-damage|p1a: Cloyster|0 fnt\n|faint|p1a: Cloyster\n|\n|-heal|p2a: Toxapex|50\/100|[from] item: Leftovers\n|upkeep\n|\n|t:|1700077584\n|switch|p1a: Slowking|Slowking-Galar, M, shiny|100\/100\n|turn|11\n|\n|t:|1700077591\n|move|p2a: Toxapex|Surf|p1a: Slowking\n|-damage|p1a: Slowking|85\/100\n|move|p1a: Slowking|Future Sight|p2a: Toxapex\n|-start|p1a: Slowking|move: Future Sight\n|\n|-heal|p2a: Toxapex|56\/100|[from] item: Leftovers\n|-heal|p1a: Slowking|91\/100|[from] item: Black Sludge\n|upkeep\n|turn|12\n|-message|64t forfeited.\n|\n|win|orlandont\n|raw|orlandont's rating: 1117 &rarr; <strong>1146<\/strong><br \/>(+29 for winning)\n|raw|64t's rating: 1171 &rarr; <strong>1142<\/strong><br \/>(-29 for losing)\n","uploadtime":1700077415,"views":8,"p1id":"orlandont","p2id":"64t","formatid":"gen9ou","rating":1142,"private":0,"password":""}