{"id":"gen9ou-1992699463","p1":"akapella","p2":"GGQQSAS","format":"[Gen 9] OU","log":"|j|\u2606akapella\n|j|\u2606GGQQSAS\n|t:|1700226697\n|gametype|singles\n|player|p1|akapella|2|1120\n|player|p2|GGQQSAS|101|1131\n|teamsize|p1|6\n|teamsize|p2|6\n|gen|9\n|tier|[Gen 9] OU\n|rated|\n|rule|Sleep Clause Mod: Limit one foe put to sleep\n|rule|Species Clause: Limit one of each Pok\u00e9mon\n|rule|OHKO Clause: OHKO moves are banned\n|rule|Evasion Items Clause: Evasion items are banned\n|rule|Evasion Moves Clause: Evasion moves are banned\n|rule|Endless Battle Clause: Forcing endless battles is banned\n|rule|HP Percentage Mod: HP is shown in percentages\n|clearpoke\n|poke|p1|Heatran, M|\n|poke|p1|Ogerpon-Cornerstone, F|\n|poke|p1|Dragapult, F|\n|poke|p1|Rillaboom, M|\n|poke|p1|Kingambit, M|\n|poke|p1|Sneasler, M|\n|poke|p2|Dragapult, F|\n|poke|p2|Gengar, F|\n|poke|p2|Sableye, M|\n|poke|p2|Drifblim, M|\n|poke|p2|Slowking-Galar, M|\n|poke|p2|Amoonguss, M|\n|teampreview\n|\n|t:|1700226703\n|start\n|switch|p1a: Heatran|Heatran, M|100\/100\n|switch|p2a: Drifblim|Drifblim, M|100\/100\n|-item|p2a: Drifblim|Air Balloon\n|turn|1\n|\n|t:|1700226706\n|move|p2a: Drifblim|Shadow Ball|p1a: Heatran\n|-damage|p1a: Heatran|75\/100\n|move|p1a: Heatran|Magma Storm|p2a: Drifblim\n|-damage|p2a: Drifblim|45\/100\n|-activate|p2a: Drifblim|move: Magma Storm|[of] p1a: Heatran\n|-enditem|p2a: Drifblim|Air Balloon\n|\n|-heal|p1a: Heatran|81\/100|[from] item: Leftovers\n|-damage|p2a: Drifblim|33\/100|[from] move: Magma Storm|[partiallytrapped]\n|upkeep\n|turn|2\n|\n|t:|1700226711\n|move|p1a: Heatran|Protect|p1a: Heatran\n|-singleturn|p1a: Heatran|Protect\n|move|p2a: Drifblim|Destiny Bond|p2a: Drifblim\n|-singlemove|p2a: Drifblim|Destiny Bond\n|\n|-heal|p1a: Heatran|87\/100|[from] item: Leftovers\n|-damage|p2a: Drifblim|20\/100|[from] move: Magma Storm|[partiallytrapped]\n|upkeep\n|turn|3\n|inactive|Battle timer is ON: inactive players will automatically lose when time's up. (requested by GGQQSAS)\n|\n|t:|1700226719\n|move|p2a: Drifblim|Shadow Ball|p1a: Heatran\n|-damage|p1a: Heatran|65\/100\n|-unboost|p1a: Heatran|spd|1\n|move|p1a: Heatran|Stealth Rock|p2a: Drifblim\n|-sidestart|p2: GGQQSAS|move: Stealth Rock\n|\n|-heal|p1a: Heatran|71\/100|[from] item: Leftovers\n|-damage|p2a: Drifblim|8\/100|[from] move: Magma Storm|[partiallytrapped]\n|upkeep\n|turn|4\n|\n|t:|1700226733\n|move|p1a: Heatran|Protect|p1a: Heatran\n|-singleturn|p1a: Heatran|Protect\n|move|p2a: Drifblim|Destiny Bond|p2a: Drifblim\n|-singlemove|p2a: Drifblim|Destiny Bond\n|\n|-heal|p1a: Heatran|77\/100|[from] item: Leftovers\n|-damage|p2a: Drifblim|0 fnt|[from] move: Magma Storm|[partiallytrapped]\n|faint|p2a: Drifblim\n|upkeep\n|\n|t:|1700226741\n|switch|p2a: Slowking|Slowking-Galar, M|100\/100\n|-damage|p2a: Slowking|88\/100|[from] Stealth Rock\n|turn|5\n|\n|t:|1700226753\n|switch|p1a: Dragapult|Dragapult, F|100\/100\n|-terastallize|p2a: Slowking|Water\n|move|p2a: Slowking|Calm Mind|p2a: Slowking\n|-boost|p2a: Slowking|spa|1\n|-boost|p2a: Slowking|spd|1\n|\n|-heal|p2a: Slowking|94\/100|[from] item: Leftovers\n|upkeep\n|turn|6\n|\n|t:|1700226778\n|move|p1a: Dragapult|U-turn|p2a: Slowking\n|-damage|p2a: Slowking|81\/100\n|\n|t:|1700226784\n|switch|p1a: Heatran|Heatran, M|77\/100|[from] U-turn\n|move|p2a: Slowking|Eerie Spell|p1a: Heatran\n|-resisted|p1a: Heatran\n|-damage|p1a: Heatran|61\/100\n|\n|-heal|p1a: Heatran|67\/100|[from] item: Leftovers\n|-heal|p2a: Slowking|87\/100|[from] item: Leftovers\n|upkeep\n|turn|7\n|\n|t:|1700226790\n|move|p1a: Heatran|Taunt|p2a: Slowking\n|-start|p2a: Slowking|move: Taunt\n|cant|p2a: Slowking|move: Taunt|Calm Mind\n|\n|-heal|p1a: Heatran|73\/100|[from] item: Leftovers\n|-heal|p2a: Slowking|93\/100|[from] item: Leftovers\n|upkeep\n|turn|8\n|\n|t:|1700226800\n|move|p1a: Heatran|Magma Storm|p2a: Slowking\n|-resisted|p2a: Slowking\n|-damage|p2a: Slowking|82\/100\n|-activate|p2a: Slowking|move: Magma Storm|[of] p1a: Heatran\n|move|p2a: Slowking|Shadow Ball|p1a: Heatran\n|-damage|p1a: Heatran|53\/100\n|\n|-heal|p1a: Heatran|59\/100|[from] item: Leftovers\n|-heal|p2a: Slowking|88\/100|[from] item: Leftovers\n|-damage|p2a: Slowking|76\/100|[from] move: Magma Storm|[partiallytrapped]\n|upkeep\n|turn|9\n|\n|t:|1700226807\n|move|p1a: Heatran|Protect|p1a: Heatran\n|-singleturn|p1a: Heatran|Protect\n|move|p2a: Slowking|Shadow Ball|p1a: Heatran\n|-activate|p1a: Heatran|move: Protect\n|\n|-heal|p1a: Heatran|65\/100|[from] item: Leftovers\n|-heal|p2a: Slowking|82\/100|[from] item: Leftovers\n|-damage|p2a: Slowking|70\/100|[from] move: Magma Storm|[partiallytrapped]\n|-end|p2a: Slowking|move: Taunt\n|upkeep\n|turn|10\n|\n|t:|1700226814\n|move|p1a: Heatran|Taunt|p2a: Slowking\n|-start|p2a: Slowking|move: Taunt\n|move|p2a: Slowking|Shadow Ball|p1a: Heatran\n|-crit|p1a: Heatran\n|-damage|p1a: Heatran|36\/100\n|\n|-heal|p1a: Heatran|42\/100|[from] item: Leftovers\n|-heal|p2a: Slowking|76\/100|[from] item: Leftovers\n|-damage|p2a: Slowking|63\/100|[from] move: Magma Storm|[partiallytrapped]\n|upkeep\n|turn|11\n|\n|t:|1700226820\n|switch|p1a: Ogerpon|Ogerpon-Cornerstone, F|100\/100\n|move|p2a: Slowking|Shadow Ball|p1a: Ogerpon\n|-damage|p1a: Ogerpon|63\/100\n|\n|-heal|p2a: Slowking|69\/100|[from] item: Leftovers\n|-end|p2a: Slowking|Magma Storm|[partiallytrapped]|[silent]\n|upkeep\n|turn|12\n|\n|t:|1700226827\n|switch|p2a: Sableye|Sableye, M|100\/100\n|-damage|p2a: Sableye|88\/100|[from] Stealth Rock\n|move|p1a: Ogerpon|Ivy Cudgel|p2a: Sableye|[anim] Ivy Cudgel Rock\n|-damage|p2a: Sableye|0 fnt\n|faint|p2a: Sableye\n|\n|upkeep\n|\n|t:|1700226838\n|switch|p2a: Gengar|Gengar, F|100\/100\n|turn|13\n|\n|t:|1700226848\n|move|p2a: Gengar|Nasty Plot|p2a: Gengar\n|-boost|p2a: Gengar|spa|2\n|move|p1a: Ogerpon|Ivy Cudgel|p2a: Gengar|[anim] Ivy Cudgel Rock\n|-damage|p2a: Gengar|0 fnt\n|-start|p1a: Ogerpon|Disable|Ivy Cudgel|[from] ability: Cursed Body|[of] p2a: Gengar\n|faint|p2a: Gengar\n|\n|upkeep\n|-message|GGQQSAS forfeited.\n|\n|win|akapella\n|raw|akapella's rating: 1120 &rarr; <strong>1146<\/strong><br \/>(+26 for winning)\n|raw|GGQQSAS's rating: 1131 &rarr; <strong>1105<\/strong><br \/>(-26 for losing)\n|l|\u2606GGQQSAS\n","uploadtime":1700226858,"views":8,"p1id":"akapella","p2id":"ggqqsas","formatid":"gen9ou","rating":1105,"private":0,"password":""}