{"id":"gen9ou-1989051233","p1":"Not_P_u_Sher","p2":"killernate","format":"[Gen 9] OU","log":"|j|\u2606Not_P_u_Sher\n|j|\u2606killernate\n|t:|1699806739\n|gametype|singles\n|player|p1|Not_P_u_Sher|elesa|1360\n|player|p2|killernate|1|1346\n|teamsize|p1|6\n|teamsize|p2|6\n|gen|9\n|tier|[Gen 9] OU\n|rated|\n|rule|Sleep Clause Mod: Limit one foe put to sleep\n|rule|Species Clause: Limit one of each Pok\u00e9mon\n|rule|OHKO Clause: OHKO moves are banned\n|rule|Evasion Items Clause: Evasion items are banned\n|rule|Evasion Moves Clause: Evasion moves are banned\n|rule|Endless Battle Clause: Forcing endless battles is banned\n|rule|HP Percentage Mod: HP is shown in percentages\n|clearpoke\n|poke|p1|Gholdengo|\n|poke|p1|Dragapult, F|\n|poke|p1|Torkoal, F|\n|poke|p1|Walking Wake|\n|poke|p1|Kingambit, M|\n|poke|p1|Glimmora, F|\n|poke|p2|Ogerpon-Wellspring, F|\n|poke|p2|Rillaboom, F|\n|poke|p2|Cinderace, M|\n|poke|p2|Greninja-*, M|\n|poke|p2|Moltres|\n|poke|p2|Maushold-Four|\n|teampreview\n|\n|t:|1699806744\n|start\n|switch|p1a: Glimmora|Glimmora, F|100\/100\n|switch|p2a: Maushold|Maushold-Four|100\/100\n|turn|1\n|inactive|Battle timer is ON: inactive players will automatically lose when time's up. (requested by Not_P_u_Sher)\n|\n|t:|1699806748\n|move|p2a: Maushold|Tidy Up|p2a: Maushold\n|-boost|p2a: Maushold|atk|1\n|-boost|p2a: Maushold|spe|1\n|move|p1a: Glimmora|Earth Power|p2a: Maushold\n|-damage|p2a: Maushold|45\/100\n|-damage|p1a: Glimmora|91\/100|[from] item: Life Orb\n|\n|upkeep\n|turn|2\n|\n|t:|1699806757\n|move|p2a: Maushold|Population Bomb|p1a: Glimmora\n|-resisted|p1a: Glimmora\n|-damage|p1a: Glimmora|81\/100\n|-activate|p1a: Glimmora|ability: Toxic Debris\n|-sidestart|p2: killernate|move: Toxic Spikes\n|-resisted|p1a: Glimmora\n|-damage|p1a: Glimmora|70\/100\n|-activate|p1a: Glimmora|ability: Toxic Debris\n|-sidestart|p2: killernate|move: Toxic Spikes\n|-resisted|p1a: Glimmora\n|-damage|p1a: Glimmora|59\/100\n|-resisted|p1a: Glimmora\n|-damage|p1a: Glimmora|49\/100\n|-resisted|p1a: Glimmora\n|-damage|p1a: Glimmora|39\/100\n|-resisted|p1a: Glimmora\n|-damage|p1a: Glimmora|30\/100\n|-resisted|p1a: Glimmora\n|-damage|p1a: Glimmora|20\/100\n|-resisted|p1a: Glimmora\n|-damage|p1a: Glimmora|9\/100\n|-resisted|p1a: Glimmora\n|-damage|p1a: Glimmora|0 fnt\n|faint|p1a: Glimmora\n|-hitcount|p1: Glimmora|9\n|\n|upkeep\n|\n|t:|1699806773\n|switch|p1a: Gholdengo|Gholdengo|100\/100\n|turn|3\n|\n|t:|1699806777\n|move|p2a: Maushold|Bite|p1a: Gholdengo\n|-supereffective|p1a: Gholdengo\n|-damage|p1a: Gholdengo|26\/100\n|cant|p1a: Gholdengo|flinch\n|\n|upkeep\n|turn|4\n|\n|t:|1699806783\n|switch|p1a: Torkoal|Torkoal, F, shiny|100\/100\n|-weather|SunnyDay|[from] ability: Drought|[of] p1a: Torkoal\n|move|p2a: Maushold|Bite|p1a: Torkoal\n|-damage|p1a: Torkoal|83\/100\n|\n|-weather|SunnyDay|[upkeep]\n|upkeep\n|turn|5\n|\n|t:|1699806798\n|move|p2a: Maushold|Population Bomb|p1a: Torkoal\n|-damage|p1a: Torkoal|73\/100\n|-crit|p1a: Torkoal\n|-damage|p1a: Torkoal|59\/100\n|-damage|p1a: Torkoal|50\/100\n|-crit|p1a: Torkoal\n|-damage|p1a: Torkoal|37\/100\n|-damage|p1a: Torkoal|27\/100\n|-damage|p1a: Torkoal|18\/100\n|-damage|p1a: Torkoal|9\/100\n|-damage|p1a: Torkoal|0 fnt\n|faint|p1a: Torkoal\n|-hitcount|p1: Torkoal|8\n|\n|-weather|SunnyDay|[upkeep]\n|upkeep\n|\n|t:|1699806801\n|switch|p1a: Walking Wake|Walking Wake|100\/100\n|-activate|p1a: Walking Wake|ability: Protosynthesis\n|-start|p1a: Walking Wake|protosynthesisspe\n|turn|6\n|\n|t:|1699806804\n|move|p2a: Maushold|Population Bomb|p1a: Walking Wake\n|-damage|p1a: Walking Wake|82\/100\n|-damage|p1a: Walking Wake|62\/100\n|-damage|p1a: Walking Wake|44\/100\n|-damage|p1a: Walking Wake|26\/100\n|-damage|p1a: Walking Wake|7\/100\n|-damage|p1a: Walking Wake|0 fnt\n|faint|p1a: Walking Wake\n|-end|p1a: Walking Wake|Protosynthesis|[silent]\n|-hitcount|p1: Walking Wake|6\n|\n|-weather|SunnyDay|[upkeep]\n|upkeep\n|\n|t:|1699806816\n|switch|p1a: Kingambit|Kingambit, M, shiny|100\/100\n|-activate|p1a: Kingambit|ability: Supreme Overlord\n|-start|p1a: Kingambit|fallen3|[silent]\n|turn|7\n|\n|t:|1699806820\n|move|p1a: Kingambit|Sucker Punch||[still]\n|-fail|p1a: Kingambit\n|move|p2a: Maushold|Tidy Up|p2a: Maushold\n|-sideend|p2: killernate|Toxic Spikes\n|-activate|p2a: Maushold|move: Tidy Up\n|-boost|p2a: Maushold|atk|1\n|-boost|p2a: Maushold|spe|1\n|\n|-weather|SunnyDay|[upkeep]\n|upkeep\n|turn|8\n|\n|t:|1699806826\n|move|p1a: Kingambit|Sucker Punch||[still]\n|-fail|p1a: Kingambit\n|move|p2a: Maushold|Encore|p1a: Kingambit\n|-start|p1a: Kingambit|Encore\n|\n|-weather|SunnyDay|[upkeep]\n|upkeep\n|turn|9\n|\n|t:|1699806833\n|-end|p1a: Kingambit|fallen3|[silent]\n|switch|p1a: Gholdengo|Gholdengo|26\/100\n|move|p2a: Maushold|Tidy Up|p2a: Maushold\n|-boost|p2a: Maushold|atk|1\n|-boost|p2a: Maushold|spe|1\n|\n|-weather|SunnyDay|[upkeep]\n|upkeep\n|turn|10\n|\n|t:|1699806837\n|move|p2a: Maushold|Bite|p1a: Gholdengo\n|-supereffective|p1a: Gholdengo\n|-damage|p1a: Gholdengo|0 fnt\n|faint|p1a: Gholdengo\n|\n|-weather|SunnyDay|[upkeep]\n|upkeep\n|\n|t:|1699806840\n|switch|p1a: Kingambit|Kingambit, M, shiny|100\/100\n|-activate|p1a: Kingambit|ability: Supreme Overlord\n|-start|p1a: Kingambit|fallen4|[silent]\n|turn|11\n|\n|t:|1699806842\n|move|p2a: Maushold|Population Bomb|p1a: Kingambit\n|-resisted|p1a: Kingambit\n|-damage|p1a: Kingambit|91\/100\n|-resisted|p1a: Kingambit\n|-damage|p1a: Kingambit|81\/100\n|-resisted|p1a: Kingambit\n|-damage|p1a: Kingambit|72\/100\n|-resisted|p1a: Kingambit\n|-damage|p1a: Kingambit|61\/100\n|-resisted|p1a: Kingambit\n|-damage|p1a: Kingambit|50\/100\n|-resisted|p1a: Kingambit\n|-damage|p1a: Kingambit|41\/100\n|-resisted|p1a: Kingambit\n|-damage|p1a: Kingambit|31\/100\n|-resisted|p1a: Kingambit\n|-damage|p1a: Kingambit|20\/100\n|-resisted|p1a: Kingambit\n|-damage|p1a: Kingambit|11\/100\n|-resisted|p1a: Kingambit\n|-damage|p1a: Kingambit|0 fnt\n|faint|p1a: Kingambit\n|-end|p1a: Kingambit|fallen4|[silent]\n|-hitcount|p1: Kingambit|10\n|\n|-weather|none\n|upkeep\n|\n|t:|1699806845\n|switch|p1a: Dragapult|Dragapult, F|100\/100\n|turn|12\n|\n|t:|1699806847\n|move|p2a: Maushold|Bite|p1a: Dragapult\n|-supereffective|p1a: Dragapult\n|-damage|p1a: Dragapult|0 fnt\n|faint|p1a: Dragapult\n|\n|win|killernate\n|raw|Not_P_u_Sher's rating: 1360 &rarr; <strong>1339<\/strong><br \/>(-21 for losing)\n|raw|killernate's rating: 1346 &rarr; <strong>1367<\/strong><br \/>(+21 for winning)\n|l|\u2606Not_P_u_Sher\n","uploadtime":1699806894,"views":24,"p1id":"notpusher","p2id":"killernate","formatid":"gen9ou","rating":1339,"private":0,"password":""}