{"id":"gen9ou-1989093410","p1":"Homero sompson","p2":"trying alinooy","format":"[Gen 9] OU","log":"|j|\u2606Homero sompson\n|j|\u2606trying alinooy\n|t:|1699811419\n|gametype|singles\n|player|p1|Homero sompson|265|1143\n|player|p2|trying alinooy|265|1138\n|teamsize|p1|6\n|teamsize|p2|6\n|gen|9\n|tier|[Gen 9] OU\n|rated|\n|rule|Sleep Clause Mod: Limit one foe put to sleep\n|rule|Species Clause: Limit one of each Pok\u00e9mon\n|rule|OHKO Clause: OHKO moves are banned\n|rule|Evasion Items Clause: Evasion items are banned\n|rule|Evasion Moves Clause: Evasion moves are banned\n|rule|Endless Battle Clause: Forcing endless battles is banned\n|rule|HP Percentage Mod: HP is shown in percentages\n|clearpoke\n|poke|p1|Iron Jugulis|\n|poke|p1|Ogerpon-Wellspring, F|\n|poke|p1|Tinkaton, F|\n|poke|p1|Iron Moth|\n|poke|p1|Great Tusk|\n|poke|p1|Dragapult, M|\n|poke|p2|Iron Jugulis|\n|poke|p2|Ogerpon-Wellspring, F|\n|poke|p2|Tinkaton, F|\n|poke|p2|Iron Moth|\n|poke|p2|Great Tusk|\n|poke|p2|Dragapult, F|\n|teampreview\n|inactive|Battle timer is ON: inactive players will automatically lose when time's up. (requested by trying alinooy)\n|\n|t:|1699811435\n|start\n|switch|p1a: Iron Moth|Iron Moth|100\/100\n|switch|p2a: TWINKATON|Tinkaton, F|100\/100\n|-item|p2a: TWINKATON|Air Balloon\n|-enditem|p1a: Iron Moth|Booster Energy\n|-activate|p1a: Iron Moth|ability: Quark Drive|[fromitem]\n|-start|p1a: Iron Moth|quarkdrivespe\n|turn|1\n|\n|t:|1699811449\n|move|p1a: Iron Moth|Fiery Dance|p2a: TWINKATON\n|-supereffective|p2a: TWINKATON\n|-damage|p2a: TWINKATON|25\/100\n|-enditem|p2a: TWINKATON|Air Balloon\n|move|p2a: TWINKATON|Thunder Wave|p1a: Iron Moth\n|-status|p1a: Iron Moth|par\n|\n|upkeep\n|turn|2\n|\n|t:|1699811458\n|move|p2a: TWINKATON|Stealth Rock|p1a: Iron Moth\n|-sidestart|p1: Homero sompson|move: Stealth Rock\n|move|p1a: Iron Moth|Fiery Dance|p2a: TWINKATON\n|-supereffective|p2a: TWINKATON\n|-damage|p2a: TWINKATON|0 fnt\n|faint|p2a: TWINKATON\n|\n|upkeep\n|\n|t:|1699811469\n|switch|p2a: Ogerpon|Ogerpon-Wellspring, F|100\/100\n|turn|3\n|\n|t:|1699811476\n|move|p2a: Ogerpon|Ivy Cudgel|p1a: Iron Moth\n|-supereffective|p1a: Iron Moth\n|-damage|p1a: Iron Moth|0 fnt\n|faint|p1a: Iron Moth\n|-end|p1a: Iron Moth|Quark Drive|[silent]\n|\n|upkeep\n|\n|t:|1699811491\n|switch|p1a: Dragapult|Dragapult, M|100\/100\n|-damage|p1a: Dragapult|88\/100|[from] Stealth Rock\n|turn|4\n|\n|t:|1699811513\n|move|p1a: Dragapult|Draco Meteor|p2a: Ogerpon\n|-damage|p2a: Ogerpon|0 fnt\n|-unboost|p1a: Dragapult|spa|2\n|faint|p2a: Ogerpon\n|\n|upkeep\n|\n|t:|1699811526\n|switch|p2a: Iron Moth|Iron Moth|100\/100\n|-enditem|p2a: Iron Moth|Booster Energy\n|-activate|p2a: Iron Moth|ability: Quark Drive|[fromitem]\n|-start|p2a: Iron Moth|quarkdrivespe\n|turn|5\n|inactive|Homero sompson has 120 seconds left.\n|\n|t:|1699811551\n|switch|p1a: Great Tusk|Great Tusk|100\/100\n|-damage|p1a: Great Tusk|98\/100|[from] Stealth Rock\n|-enditem|p1a: Great Tusk|Booster Energy\n|-activate|p1a: Great Tusk|ability: Protosynthesis|[fromitem]\n|-start|p1a: Great Tusk|protosynthesisspe\n|-terastallize|p2a: Iron Moth|Fairy\n|move|p2a: Iron Moth|Fiery Dance|p1a: Great Tusk\n|-crit|p1a: Great Tusk\n|-damage|p1a: Great Tusk|16\/100\n|-boost|p2a: Iron Moth|spa|1\n|\n|upkeep\n|turn|6\n|inactive|Homero sompson has 120 seconds left.\n|\n|t:|1699811567\n|move|p2a: Iron Moth|Fiery Dance|p1a: Great Tusk\n|-damage|p1a: Great Tusk|0 fnt\n|faint|p1a: Great Tusk\n|-end|p1a: Great Tusk|Protosynthesis|[silent]\n|\n|upkeep\n|\n|t:|1699811576\n|switch|p1a: Ogerpon|Ogerpon-Wellspring, F|100\/100\n|-damage|p1a: Ogerpon|88\/100|[from] Stealth Rock\n|turn|7\n|inactive|Homero sompson has 120 seconds left.\n|\n|t:|1699811587\n|move|p2a: Iron Moth|Sludge Wave|p1a: Ogerpon\n|-supereffective|p1a: Ogerpon\n|-damage|p1a: Ogerpon|0 fnt\n|faint|p1a: Ogerpon\n|\n|upkeep\n|\n|t:|1699811592\n|switch|p1a: TWINKATON|Tinkaton, F|100\/100\n|-damage|p1a: TWINKATON|94\/100|[from] Stealth Rock\n|-item|p1a: TWINKATON|Air Balloon\n|turn|8\n|inactive|Homero sompson has 120 seconds left.\n|-message|Homero sompson forfeited.\n|\n|win|trying alinooy\n|raw|Homero sompson's rating: 1143 &rarr; <strong>1118<\/strong><br \/>(-25 for losing)\n|raw|trying alinooy's rating: 1138 &rarr; <strong>1163<\/strong><br \/>(+25 for winning)\n|l|\u2606Homero sompson\n|c|\u2606trying alinooy|\/log trying alinooy made this room public.\n","uploadtime":1699811619,"views":18,"p1id":"homerosompson","p2id":"tryingalinooy","formatid":"gen9ou","rating":1118,"private":0,"password":""}