{"id":"gen9ou-1992386042","p1":"edicts","p2":"lieb330","format":"[Gen 9] OU","log":"|j|\u2606edicts\n|j|\u2606lieb330\n|t:|1700181548\n|gametype|singles\n|player|p1|edicts|kimonogirl|\n|player|p2|lieb330|1|\n|teamsize|p1|6\n|teamsize|p2|6\n|gen|9\n|tier|[Gen 9] OU\n|rule|Sleep Clause Mod: Limit one foe put to sleep\n|rule|Species Clause: Limit one of each Pok\u00e9mon\n|rule|OHKO Clause: OHKO moves are banned\n|rule|Evasion Items Clause: Evasion items are banned\n|rule|Evasion Moves Clause: Evasion moves are banned\n|rule|Endless Battle Clause: Forcing endless battles is banned\n|rule|HP Percentage Mod: HP is shown in percentages\n|clearpoke\n|poke|p1|Skeledirge, M|\n|poke|p1|Drednaw, M|\n|poke|p1|Ogerpon, F|\n|poke|p1|Pelipper, M|\n|poke|p1|Hatterene, F|\n|poke|p1|Kilowattrel, F|\n|poke|p2|Garganacl, M|\n|poke|p2|Volcanion|\n|poke|p2|Azelf|\n|poke|p2|Dragalge, M|\n|poke|p2|Toedscruel, M|\n|poke|p2|Lilligant-Hisui, F|\n|teampreview\n|inactive|Battle timer is ON: inactive players will automatically lose when time's up. (requested by lieb330)\n|inactiveoff|Battle timer is now OFF.\n|j| napg0d\n|j| poggerwog\n|\n|t:|1700181580\n|start\n|switch|p1a: \u53f0\u98a8\u6226\u968a|Pelipper, M, shiny|100\/100\n|switch|p2a: NICE FOR WHAT|Dragalge, M|100\/100\n|-weather|RainDance|[from] ability: Drizzle|[of] p1a: \u53f0\u98a8\u6226\u968a\n|turn|1\n|j| lumpfren\n|\n|t:|1700181608\n|move|p1a: \u53f0\u98a8\u6226\u968a|Hurricane|p2a: NICE FOR WHAT\n|-damage|p2a: NICE FOR WHAT|65\/100\n|move|p2a: NICE FOR WHAT|Draco Meteor|p1a: \u53f0\u98a8\u6226\u968a\n|-damage|p1a: \u53f0\u98a8\u6226\u968a|49\/100\n|-unboost|p2a: NICE FOR WHAT|spa|2\n|\n|-weather|RainDance|[upkeep]\n|-heal|p2a: NICE FOR WHAT|71\/100|[from] item: Leftovers\n|upkeep\n|turn|2\n|\n|t:|1700181622\n|switch|p1a: \u7c89\u7815\u6226\u968a|Drednaw, M, shiny|100\/100\n|move|p2a: NICE FOR WHAT|Rest|p2a: NICE FOR WHAT\n|-status|p2a: NICE FOR WHAT|slp|[from] move: Rest\n|-heal|p2a: NICE FOR WHAT|100\/100 slp|[silent]\n|\n|-weather|RainDance|[upkeep]\n|upkeep\n|turn|3\n|\n|t:|1700181629\n|move|p1a: \u7c89\u7815\u6226\u968a|Shell Smash|p1a: \u7c89\u7815\u6226\u968a\n|-unboost|p1a: \u7c89\u7815\u6226\u968a|def|1\n|-unboost|p1a: \u7c89\u7815\u6226\u968a|spd|1\n|-boost|p1a: \u7c89\u7815\u6226\u968a|atk|2\n|-boost|p1a: \u7c89\u7815\u6226\u968a|spa|2\n|-boost|p1a: \u7c89\u7815\u6226\u968a|spe|2\n|-enditem|p1a: \u7c89\u7815\u6226\u968a|White Herb\n|-clearnegativeboost|p1a: \u7c89\u7815\u6226\u968a|[silent]\n|cant|p2a: NICE FOR WHAT|slp\n|move|p2a: NICE FOR WHAT|Sleep Talk|p2a: NICE FOR WHAT\n|move|p2a: NICE FOR WHAT|Rest||[from]move: Sleep Talk|[still]\n|-fail|p2a: NICE FOR WHAT\n|\n|-weather|RainDance|[upkeep]\n|upkeep\n|turn|4\n|\n|t:|1700181641\n|move|p1a: \u7c89\u7815\u6226\u968a|Shell Smash|p1a: \u7c89\u7815\u6226\u968a\n|-unboost|p1a: \u7c89\u7815\u6226\u968a|def|1\n|-unboost|p1a: \u7c89\u7815\u6226\u968a|spd|1\n|-boost|p1a: \u7c89\u7815\u6226\u968a|atk|2\n|-boost|p1a: \u7c89\u7815\u6226\u968a|spa|2\n|-boost|p1a: \u7c89\u7815\u6226\u968a|spe|2\n|cant|p2a: NICE FOR WHAT|slp\n|move|p2a: NICE FOR WHAT|Sleep Talk|p2a: NICE FOR WHAT\n|move|p2a: NICE FOR WHAT|Haze|p2a: NICE FOR WHAT|[from]move: Sleep Talk\n|-clearallboost\n|\n|-weather|RainDance|[upkeep]\n|upkeep\n|turn|5\n|c| napg0d|wow\n|c| lumpfren|sleep talk haze is crazy\n|\n|t:|1700181702\n|switch|p1a: \u9b54\u5973\u6226\u968a|Hatterene, F, shiny|100\/100\n|switch|p2a: ONE DANCE|Lilligant-Hisui, F|100\/100\n|\n|-weather|none\n|upkeep\n|turn|6\n|\n|t:|1700181721\n|move|p2a: ONE DANCE|Swords Dance|p2a: ONE DANCE\n|-boost|p2a: ONE DANCE|atk|2\n|move|p1a: \u9b54\u5973\u6226\u968a|Calm Mind|p1a: \u9b54\u5973\u6226\u968a\n|-boost|p1a: \u9b54\u5973\u6226\u968a|spa|1\n|-boost|p1a: \u9b54\u5973\u6226\u968a|spd|1\n|\n|upkeep\n|turn|7\n|\n|t:|1700181733\n|move|p2a: ONE DANCE|Trailblaze|p1a: \u9b54\u5973\u6226\u968a\n|-damage|p1a: \u9b54\u5973\u6226\u968a|52\/100\n|-boost|p2a: ONE DANCE|spe|1\n|move|p1a: \u9b54\u5973\u6226\u968a|Psychic|p2a: ONE DANCE\n|-supereffective|p2a: ONE DANCE\n|-damage|p2a: ONE DANCE|0 fnt\n|faint|p2a: ONE DANCE\n|\n|-heal|p1a: \u9b54\u5973\u6226\u968a|58\/100|[from] item: Leftovers\n|upkeep\n|c| napg0d|TRAILBLAZE\n|\n|t:|1700181754\n|switch|p2a: RICH FLEX|Volcanion|100\/100\n|turn|8\n|\n|t:|1700181770\n|-terastallize|p1a: \u9b54\u5973\u6226\u968a|Dragon\n|move|p1a: \u9b54\u5973\u6226\u968a|Psychic|p2a: RICH FLEX\n|-damage|p2a: RICH FLEX|25\/100\n|move|p2a: RICH FLEX|Roar|p1a: \u9b54\u5973\u6226\u968a\n|move|p1a: \u9b54\u5973\u6226\u968a|Roar|p2a: RICH FLEX|[from]ability: Magic Bounce\n|drag|p2a: NICE FOR WHAT|Dragalge, M|100\/100 slp\n|\n|-heal|p1a: \u9b54\u5973\u6226\u968a|64\/100|[from] item: Leftovers\n|upkeep\n|turn|9\n|\n|t:|1700181794\n|-curestatus|p2a: NICE FOR WHAT|slp|[msg]\n|move|p2a: NICE FOR WHAT|Draco Meteor|p1a: \u9b54\u5973\u6226\u968a\n|-supereffective|p1a: \u9b54\u5973\u6226\u968a\n|-damage|p1a: \u9b54\u5973\u6226\u968a|0 fnt\n|-unboost|p2a: NICE FOR WHAT|spa|2\n|faint|p1a: \u9b54\u5973\u6226\u968a\n|\n|upkeep\n|\n|t:|1700181801\n|switch|p1a: \u53f0\u98a8\u6226\u968a|Pelipper, M, shiny|49\/100\n|-weather|RainDance|[from] ability: Drizzle|[of] p1a: \u53f0\u98a8\u6226\u968a\n|turn|10\n|\n|t:|1700181819\n|move|p1a: \u53f0\u98a8\u6226\u968a|U-turn|p2a: NICE FOR WHAT\n|-resisted|p2a: NICE FOR WHAT\n|-damage|p2a: NICE FOR WHAT|96\/100\n|\n|t:|1700181822\n|switch|p1a: \u7c89\u7815\u6226\u968a|Drednaw, M, shiny|100\/100|[from] U-turn\n|move|p2a: NICE FOR WHAT|Haze|p2a: NICE FOR WHAT\n|-clearallboost\n|\n|-weather|RainDance|[upkeep]\n|-heal|p2a: NICE FOR WHAT|100\/100|[from] item: Leftovers\n|upkeep\n|turn|11\n|\n|t:|1700181852\n|move|p1a: \u7c89\u7815\u6226\u968a|Earthquake|p2a: NICE FOR WHAT\n|-supereffective|p2a: NICE FOR WHAT\n|-damage|p2a: NICE FOR WHAT|29\/100\n|move|p2a: NICE FOR WHAT|Draco Meteor|p1a: \u7c89\u7815\u6226\u968a\n|-damage|p1a: \u7c89\u7815\u6226\u968a|1\/100\n|-unboost|p2a: NICE FOR WHAT|spa|2\n|\n|-weather|RainDance|[upkeep]\n|-heal|p2a: NICE FOR WHAT|35\/100|[from] item: Leftovers\n|upkeep\n|turn|12\n|c| poggerwog|NINETY NINE\n|c| napg0d|pain\n|\n|t:|1700181879\n|switch|p2a: MARVINS ROOM|Azelf|100\/100\n|move|p1a: \u7c89\u7815\u6226\u968a|Earthquake|p2a: MARVINS ROOM\n|-immune|p2a: MARVINS ROOM|[from] ability: Levitate\n|\n|-weather|RainDance|[upkeep]\n|upkeep\n|turn|13\n|\n|t:|1700181889\n|move|p1a: \u7c89\u7815\u6226\u968a|Liquidation|p2a: MARVINS ROOM\n|-damage|p2a: MARVINS ROOM|0 fnt\n|faint|p2a: MARVINS ROOM\n|\n|-weather|RainDance|[upkeep]\n|upkeep\n|\n|t:|1700181898\n|switch|p2a: JUMPMAN|Toedscruel, M|100\/100\n|turn|14\n|c| lumpfren|that rain boosted hit brah\n|\n|t:|1700181906\n|move|p1a: \u7c89\u7815\u6226\u968a|Ice Spinner|p2a: JUMPMAN\n|-supereffective|p2a: JUMPMAN\n|-damage|p2a: JUMPMAN|0 fnt\n|faint|p2a: JUMPMAN\n|\n|-weather|none\n|upkeep\n|\n|t:|1700181912\n|switch|p2a: GODS PLAN|Garganacl, M, shiny|100\/100\n|turn|15\n|\n|t:|1700181917\n|move|p1a: \u7c89\u7815\u6226\u968a|Liquidation|p2a: GODS PLAN\n|-supereffective|p2a: GODS PLAN\n|-damage|p2a: GODS PLAN|41\/100\n|move|p2a: GODS PLAN|Salt Cure|p1a: \u7c89\u7815\u6226\u968a\n|-damage|p1a: \u7c89\u7815\u6226\u968a|0 fnt\n|faint|p1a: \u7c89\u7815\u6226\u968a\n|\n|upkeep\n|\n|t:|1700181924\n|switch|p1a: \u711a\u706b\u6226\u968a|Skeledirge, M, shiny|100\/100\n|turn|16\n|\n|t:|1700181934\n|move|p1a: \u711a\u706b\u6226\u968a|Torch Song|p2a: GODS PLAN\n|-resisted|p2a: GODS PLAN\n|-damage|p2a: GODS PLAN|31\/100\n|-boost|p1a: \u711a\u706b\u6226\u968a|spa|1\n|move|p2a: GODS PLAN|Rest|p2a: GODS PLAN\n|-status|p2a: GODS PLAN|slp|[from] move: Rest\n|-heal|p2a: GODS PLAN|100\/100 slp|[silent]\n|\n|upkeep\n|turn|17\n|\n|t:|1700181951\n|move|p1a: \u711a\u706b\u6226\u968a|Torch Song|p2a: GODS PLAN\n|-resisted|p2a: GODS PLAN\n|-damage|p2a: GODS PLAN|87\/100 slp\n|-boost|p1a: \u711a\u706b\u6226\u968a|spa|1\n|cant|p2a: GODS PLAN|slp\n|move|p2a: GODS PLAN|Sleep Talk|p2a: GODS PLAN\n|move|p2a: GODS PLAN|Salt Cure|p1a: \u711a\u706b\u6226\u968a|[from]move: Sleep Talk\n|-supereffective|p1a: \u711a\u706b\u6226\u968a\n|-damage|p1a: \u711a\u706b\u6226\u968a|84\/100\n|\n|upkeep\n|turn|18\n|\n|t:|1700181965\n|move|p1a: \u711a\u706b\u6226\u968a|Torch Song|p2a: GODS PLAN\n|-resisted|p2a: GODS PLAN\n|-damage|p2a: GODS PLAN|67\/100 slp\n|-boost|p1a: \u711a\u706b\u6226\u968a|spa|1\n|cant|p2a: GODS PLAN|slp\n|move|p2a: GODS PLAN|Sleep Talk|p2a: GODS PLAN\n|move|p2a: GODS PLAN|Rest||[from]move: Sleep Talk|[still]\n|-fail|p2a: GODS PLAN\n|\n|upkeep\n|turn|19\n|\n|t:|1700181979\n|move|p1a: \u711a\u706b\u6226\u968a|Earth Power|p2a: GODS PLAN\n|-supereffective|p2a: GODS PLAN\n|-damage|p2a: GODS PLAN|0 fnt\n|faint|p2a: GODS PLAN\n|\n|upkeep\n|\n|t:|1700181987\n|switch|p2a: NICE FOR WHAT|Dragalge, M|35\/100\n|turn|20\n|\n|t:|1700181996\n|move|p1a: \u711a\u706b\u6226\u968a|Earth Power|p2a: NICE FOR WHAT\n|-supereffective|p2a: NICE FOR WHAT\n|-damage|p2a: NICE FOR WHAT|0 fnt\n|faint|p2a: NICE FOR WHAT\n|\n|upkeep\n|\n|t:|1700182000\n|switch|p2a: RICH FLEX|Volcanion|25\/100\n|turn|21\n|\n|t:|1700182006\n|move|p2a: RICH FLEX|Rest|p2a: RICH FLEX\n|-status|p2a: RICH FLEX|slp|[from] move: Rest\n|-heal|p2a: RICH FLEX|100\/100 slp|[silent]\n|move|p1a: \u711a\u706b\u6226\u968a|Earth Power|p2a: RICH FLEX\n|-supereffective|p2a: RICH FLEX\n|-damage|p2a: RICH FLEX|0 fnt\n|faint|p2a: RICH FLEX\n|\n|win|edicts\n","uploadtime":1700182016,"views":8,"p1id":"edicts","p2id":"lieb330","formatid":"gen9ou","rating":0,"private":0,"password":""}