{"id":"gen9ou-1988590591","p1":"brobot69420","p2":"zshmoneyy","format":"[Gen 9] OU","log":"|j|\u2606brobot69420\n|j|\u2606zshmoneyy\n|t:|1699739493\n|gametype|singles\n|player|p1|brobot69420|koga|1135\n|player|p2|zshmoneyy|blue-gen1|1139\n|teamsize|p1|6\n|teamsize|p2|6\n|gen|9\n|tier|[Gen 9] OU\n|rated|\n|rule|Sleep Clause Mod: Limit one foe put to sleep\n|rule|Species Clause: Limit one of each Pok\u00e9mon\n|rule|OHKO Clause: OHKO moves are banned\n|rule|Evasion Items Clause: Evasion items are banned\n|rule|Evasion Moves Clause: Evasion moves are banned\n|rule|Endless Battle Clause: Forcing endless battles is banned\n|rule|HP Percentage Mod: HP is shown in percentages\n|clearpoke\n|poke|p1|Breloom, F|\n|poke|p1|Corviknight, M|\n|poke|p1|Cinderace, M|\n|poke|p1|Greninja-*, M|\n|poke|p1|Garchomp, M|\n|poke|p1|Gengar, M|\n|poke|p2|Great Tusk|\n|poke|p2|Ribombee, F|\n|poke|p2|Mew|\n|poke|p2|Cinderace, F|\n|poke|p2|Gholdengo|\n|poke|p2|Honchkrow, F|\n|teampreview\n|inactive|Battle timer is ON: inactive players will automatically lose when time's up. (requested by brobot69420)\n|\n|t:|1699739518\n|start\n|switch|p1a: Garchomp|Garchomp, M|100\/100\n|switch|p2a: Pokelee|Ribombee, F|100\/100\n|turn|1\n|\n|t:|1699739525\n|-terastallize|p1a: Garchomp|Steel\n|move|p2a: Pokelee|Moonblast|p1a: Garchomp\n|-resisted|p1a: Garchomp\n|-damage|p1a: Garchomp|80\/100\n|move|p1a: Garchomp|Swords Dance|p1a: Garchomp\n|-boost|p1a: Garchomp|atk|2\n|\n|upkeep\n|turn|2\n|\n|t:|1699739536\n|move|p2a: Pokelee|Stun Spore|p1a: Garchomp\n|-status|p1a: Garchomp|par\n|move|p1a: Garchomp|Iron Head|p2a: Pokelee\n|-supereffective|p2a: Pokelee\n|-enditem|p2a: Pokelee|Focus Sash\n|-damage|p2a: Pokelee|1\/100\n|\n|upkeep\n|turn|3\n|\n|t:|1699739545\n|move|p2a: Pokelee|Sticky Web|p1a: Garchomp\n|-sidestart|p1: brobot69420|move: Sticky Web\n|move|p1a: Garchomp|Iron Head|p2a: Pokelee\n|-supereffective|p2a: Pokelee\n|-damage|p2a: Pokelee|0 fnt\n|faint|p2a: Pokelee\n|\n|upkeep\n|\n|t:|1699739556\n|switch|p2a: Frilleon|Cinderace, F|100\/100\n|turn|4\n|\n|t:|1699739571\n|switch|p1a: Cinderace|Cinderace, M|100\/100\n|move|p2a: Frilleon|Pyro Ball|p1a: Cinderace\n|-resisted|p1a: Cinderace\n|-crit|p1a: Cinderace\n|-damage|p1a: Cinderace|34\/100\n|\n|upkeep\n|turn|5\n|\n|t:|1699739586\n|move|p1a: Cinderace|Court Change|p1a: Cinderace\n|-start|p1a: Cinderace|typechange|Normal|[from] ability: Libero\n|-swapsideconditions\n|-activate|p1a: Cinderace|move: Court Change\n|move|p2a: Frilleon|Pyro Ball|p1a: Cinderace\n|-damage|p1a: Cinderace|0 fnt\n|faint|p1a: Cinderace\n|\n|upkeep\n|\n|t:|1699739594\n|switch|p1a: Gengar|Gengar, M|100\/100\n|turn|6\n|\n|t:|1699739600\n|move|p2a: Frilleon|Court Change|p2a: Frilleon\n|-start|p2a: Frilleon|typechange|Normal|[from] ability: Libero\n|-swapsideconditions\n|-activate|p2a: Frilleon|move: Court Change\n|move|p1a: Gengar|Shadow Ball|p2a: Frilleon\n|-immune|p2a: Frilleon\n|\n|upkeep\n|turn|7\n|-message|brobot69420 forfeited.\n|\n|win|zshmoneyy\n|raw|brobot69420's rating: 1135 &rarr; <strong>1110<\/strong><br \/>(-25 for losing)\n|raw|zshmoneyy's rating: 1139 &rarr; <strong>1164<\/strong><br \/>(+25 for winning)\n|l|\u2606brobot69420\n","uploadtime":1699739614,"views":10,"p1id":"brobot69420","p2id":"zshmoneyy","formatid":"gen9ou","rating":1110,"private":0,"password":""}