{"id":"gen9ou-1989786843","p1":"DannyKage","p2":"JustTweety","format":"[Gen 9] OU","log":"|j|\u2606DannyKage\n|j|\u2606JustTweety\n|t:|1699895679\n|gametype|singles\n|player|p1|DannyKage|benga|1082\n|player|p2|JustTweety|silver|1024\n|teamsize|p1|6\n|teamsize|p2|6\n|gen|9\n|tier|[Gen 9] OU\n|rated|\n|rule|Sleep Clause Mod: Limit one foe put to sleep\n|rule|Species Clause: Limit one of each Pok\u00e9mon\n|rule|OHKO Clause: OHKO moves are banned\n|rule|Evasion Items Clause: Evasion items are banned\n|rule|Evasion Moves Clause: Evasion moves are banned\n|rule|Endless Battle Clause: Forcing endless battles is banned\n|rule|HP Percentage Mod: HP is shown in percentages\n|clearpoke\n|poke|p1|Grimmsnarl, M|\n|poke|p1|Ceruledge, M|\n|poke|p1|Ambipom, M|\n|poke|p1|Kleavor, M|\n|poke|p1|Weavile, M|\n|poke|p1|Torterra, M|\n|poke|p2|Iron Leaves|\n|poke|p2|Grimmsnarl, M|\n|poke|p2|Goodra-Hisui, M|\n|poke|p2|Sneasler, F|\n|poke|p2|Ceruledge, M|\n|poke|p2|Ninetales-Alola, F|\n|teampreview\n|\n|t:|1699895697\n|start\n|switch|p1a: Ambipom|Ambipom, M|100\/100\n|switch|p2a: Papertowel|Grimmsnarl, M, shiny|100\/100\n|turn|1\n|\n|t:|1699895713\n|move|p1a: Ambipom|Fake Out|p2a: Papertowel\n|-damage|p2a: Papertowel|66\/100\n|-damage|p1a: Ambipom|91\/100|[from] item: Life Orb\n|cant|p2a: Papertowel|flinch\n|\n|upkeep\n|turn|2\n|\n|t:|1699895725\n|move|p2a: Papertowel|Thunder Wave|p1a: Ambipom\n|-status|p1a: Ambipom|par\n|move|p1a: Ambipom|Knock Off|p2a: Papertowel\n|-resisted|p2a: Papertowel\n|-damage|p2a: Papertowel|58\/100\n|-enditem|p2a: Papertowel|Light Clay|[from] move: Knock Off|[of] p1a: Ambipom\n|-damage|p1a: Ambipom|81\/100 par|[from] item: Life Orb\n|\n|upkeep\n|turn|3\n|\n|t:|1699895739\n|move|p2a: Papertowel|Light Screen|p2a: Papertowel\n|-sidestart|p2: JustTweety|move: Light Screen\n|cant|p1a: Ambipom|par\n|\n|upkeep\n|turn|4\n|\n|t:|1699895744\n|move|p2a: Papertowel|Reflect|p2a: Papertowel\n|-sidestart|p2: JustTweety|Reflect\n|move|p1a: Ambipom|Aerial Ace|p2a: Papertowel\n|-damage|p2a: Papertowel|39\/100\n|-damage|p1a: Ambipom|71\/100 par|[from] item: Life Orb\n|\n|upkeep\n|turn|5\n|\n|t:|1699895750\n|move|p1a: Ambipom|Trailblaze|p2a: Papertowel\n|-damage|p2a: Papertowel|26\/100\n|-boost|p1a: Ambipom|spe|1\n|-damage|p1a: Ambipom|61\/100 par|[from] item: Life Orb\n|move|p2a: Papertowel|Spirit Break|p1a: Ambipom\n|-damage|p1a: Ambipom|4\/100 par\n|-unboost|p1a: Ambipom|spa|1\n|\n|upkeep\n|turn|6\n|\n|t:|1699895761\n|move|p1a: Ambipom|Aerial Ace|p2a: Papertowel\n|-crit|p2a: Papertowel\n|-damage|p2a: Papertowel|0 fnt\n|faint|p2a: Papertowel\n|-damage|p1a: Ambipom|0 fnt|[from] item: Life Orb\n|faint|p1a: Ambipom\n|\n|upkeep\n|\n|t:|1699895777\n|switch|p1a: Grimmsnarl|Grimmsnarl, M|100\/100\n|switch|p2a: Lady|Ninetales-Alola, F|100\/100\n|-weather|Snow|[from] ability: Snow Warning|[of] p2a: Lady\n|turn|7\n|\n|t:|1699895784\n|move|p1a: Grimmsnarl|Thunder Wave|p2a: Lady\n|-status|p2a: Lady|par\n|move|p2a: Lady|Aurora Veil|p2a: Lady\n|-sidestart|p2: JustTweety|move: Aurora Veil\n|\n|-weather|Snow|[upkeep]\n|-sideend|p2: JustTweety|move: Light Screen\n|upkeep\n|turn|8\n|\n|t:|1699895794\n|move|p1a: Grimmsnarl|Parting Shot|p2a: Lady\n|-unboost|p2a: Lady|atk|1\n|-unboost|p2a: Lady|spa|1\n|\n|t:|1699895799\n|switch|p1a: Ceruledge|Ceruledge, M|100\/100|[from] Parting Shot\n|move|p2a: Lady|Blizzard|p1a: Ceruledge\n|-resisted|p1a: Ceruledge\n|-damage|p1a: Ceruledge|84\/100\n|\n|-weather|Snow|[upkeep]\n|-sideend|p2: JustTweety|Reflect\n|upkeep\n|turn|9\n|\n|t:|1699895811\n|move|p1a: Ceruledge|Bitter Blade|p2a: Lady\n|-supereffective|p2a: Lady\n|-damage|p2a: Lady|62\/100 par\n|-heal|p1a: Ceruledge|100\/100|[from] drain|[of] p2a: Lady\n|move|p2a: Lady|Calm Mind|p2a: Lady\n|-boost|p2a: Lady|spa|1\n|-boost|p2a: Lady|spd|1\n|\n|-weather|Snow|[upkeep]\n|upkeep\n|turn|10\n|\n|t:|1699895823\n|move|p1a: Ceruledge|Bitter Blade|p2a: Lady\n|-supereffective|p2a: Lady\n|-damage|p2a: Lady|26\/100 par\n|move|p2a: Lady|Blizzard|p1a: Ceruledge\n|-resisted|p1a: Ceruledge\n|-damage|p1a: Ceruledge|72\/100\n|\n|-weather|Snow|[upkeep]\n|upkeep\n|turn|11\n|\n|t:|1699895834\n|move|p1a: Ceruledge|Bitter Blade|p2a: Lady\n|-supereffective|p2a: Lady\n|-damage|p2a: Lady|0 fnt\n|-heal|p1a: Ceruledge|87\/100|[from] drain|[of] p2a: Lady\n|faint|p2a: Lady\n|\n|-weather|none\n|upkeep\n|\n|t:|1699895842\n|switch|p2a: Slice n dice|Ceruledge, M|100\/100\n|turn|12\n|\n|t:|1699895847\n|move|p1a: Ceruledge|Endure|p1a: Ceruledge\n|-singleturn|p1a: Ceruledge|move: Endure\n|move|p2a: Slice n dice|Light Screen|p2a: Slice n dice\n|-sidestart|p2: JustTweety|move: Light Screen\n|\n|upkeep\n|turn|13\n|\n|t:|1699895855\n|-terastallize|p1a: Ceruledge|Ghost\n|move|p1a: Ceruledge|Shadow Sneak|p2a: Slice n dice\n|-supereffective|p2a: Slice n dice\n|-damage|p2a: Slice n dice|63\/100\n|move|p2a: Slice n dice|Bitter Blade|p1a: Ceruledge\n|-damage|p1a: Ceruledge|18\/100\n|-heal|p2a: Slice n dice|100\/100|[from] drain|[of] p1a: Ceruledge\n|-ability|p1a: Ceruledge|Weak Armor|boost\n|-unboost|p1a: Ceruledge|def|1\n|-boost|p1a: Ceruledge|spe|2\n|\n|upkeep\n|turn|14\n|\n|t:|1699895869\n|move|p1a: Ceruledge|Endure|p1a: Ceruledge\n|-singleturn|p1a: Ceruledge|move: Endure\n|move|p2a: Slice n dice|Bitter Blade|p1a: Ceruledge\n|-activate|p1a: Ceruledge|move: Endure\n|-damage|p1a: Ceruledge|1\/100\n|-ability|p1a: Ceruledge|Weak Armor|boost\n|-unboost|p1a: Ceruledge|def|1\n|-boost|p1a: Ceruledge|spe|2\n|\n|-sideend|p2: JustTweety|move: Aurora Veil\n|upkeep\n|turn|15\n|\n|t:|1699895882\n|move|p1a: Ceruledge|Phantom Force||[still]\n|-prepare|p1a: Ceruledge|Phantom Force\n|move|p2a: Slice n dice|Bitter Blade|p1a: Ceruledge|[miss]\n|-miss|p2a: Slice n dice|p1a: Ceruledge\n|\n|upkeep\n|turn|16\n|\n|t:|1699895894\n|switch|p2a: Gooey|Goodra-Hisui, M|100\/100\n|move|p1a: Ceruledge|Phantom Force|p2a: Gooey|[from]lockedmove\n|-damage|p2a: Gooey|47\/100\n|\n|-sideend|p2: JustTweety|move: Light Screen\n|upkeep\n|turn|17\n|\n|t:|1699895902\n|move|p1a: Ceruledge|Phantom Force||[still]\n|-prepare|p1a: Ceruledge|Phantom Force\n|move|p2a: Gooey|Outrage|p1a: Ceruledge|[miss]\n|-miss|p2a: Gooey|p1a: Ceruledge\n|\n|upkeep\n|turn|18\n|\n|t:|1699895909\n|move|p1a: Ceruledge|Phantom Force|p2a: Gooey|[from]lockedmove\n|-damage|p2a: Gooey|0 fnt\n|faint|p2a: Gooey\n|\n|upkeep\n|\n|t:|1699895916\n|switch|p2a: Slice n dice|Ceruledge, M|100\/100\n|turn|19\n|\n|t:|1699895921\n|move|p1a: Ceruledge|Phantom Force||[still]\n|-prepare|p1a: Ceruledge|Phantom Force\n|move|p2a: Slice n dice|Will-O-Wisp|p1a: Ceruledge|[miss]\n|-miss|p2a: Slice n dice|p1a: Ceruledge\n|\n|upkeep\n|turn|20\n|\n|t:|1699895927\n|move|p1a: Ceruledge|Phantom Force|p2a: Slice n dice|[from]lockedmove\n|-supereffective|p2a: Slice n dice\n|-damage|p2a: Slice n dice|0 fnt\n|faint|p2a: Slice n dice\n|\n|upkeep\n|\n|t:|1699895934\n|switch|p2a: Tallman|Sneasler, F|100\/100\n|turn|21\n|\n|t:|1699895939\n|-terastallize|p2a: Tallman|Flying\n|move|p1a: Ceruledge|Phantom Force||[still]\n|-prepare|p1a: Ceruledge|Phantom Force\n|move|p2a: Tallman|Acrobatics|p1a: Ceruledge|[miss]\n|-miss|p2a: Tallman|p1a: Ceruledge\n|\n|upkeep\n|turn|22\n|\n|t:|1699895948\n|move|p1a: Ceruledge|Phantom Force|p2a: Tallman|[from]lockedmove\n|-damage|p2a: Tallman|0 fnt\n|faint|p2a: Tallman\n|\n|upkeep\n|\n|t:|1699895954\n|switch|p2a: Not Verizon|Iron Leaves|100\/100\n|-enditem|p2a: Not Verizon|Booster Energy\n|-activate|p2a: Not Verizon|ability: Quark Drive|[fromitem]\n|-start|p2a: Not Verizon|quarkdriveatk\n|turn|23\n|\n|t:|1699895963\n|move|p1a: Ceruledge|Phantom Force||[still]\n|-prepare|p1a: Ceruledge|Phantom Force\n|move|p2a: Not Verizon|X-Scissor|p1a: Ceruledge|[miss]\n|-miss|p2a: Not Verizon|p1a: Ceruledge\n|\n|upkeep\n|turn|24\n|\n|t:|1699895969\n|move|p1a: Ceruledge|Phantom Force|p2a: Not Verizon|[from]lockedmove\n|-supereffective|p2a: Not Verizon\n|-damage|p2a: Not Verizon|0 fnt\n|faint|p2a: Not Verizon\n|-end|p2a: Not Verizon|Quark Drive|[silent]\n|\n|win|DannyKage\n|raw|DannyKage's rating: 1082 &rarr; <strong>1105<\/strong><br \/>(+23 for winning)\n|raw|JustTweety's rating: 1024 &rarr; <strong>1013<\/strong><br \/>(-11 for losing)\n|l|\u2606JustTweety\n","uploadtime":1699895982,"views":7,"p1id":"dannykage","p2id":"justtweety","formatid":"gen9ou","rating":1013,"private":0,"password":""}