{"id":"gen9ou-1997113109","p1":"lull duhll","p2":"StinkyBinky609","format":"[Gen 9] OU","log":"|j|\u2606lull duhll\n|j|\u2606StinkyBinky609\n|t:|1700765806\n|gametype|singles\n|player|p1|lull duhll|102|1170\n|player|p2|StinkyBinky609|drayden|1085\n|teamsize|p1|6\n|teamsize|p2|6\n|gen|9\n|tier|[Gen 9] OU\n|rated|\n|rule|Sleep Clause Mod: Limit one foe put to sleep\n|rule|Species Clause: Limit one of each Pok\u00e9mon\n|rule|OHKO Clause: OHKO moves are banned\n|rule|Evasion Items Clause: Evasion items are banned\n|rule|Evasion Moves Clause: Evasion moves are banned\n|rule|Endless Battle Clause: Forcing endless battles is banned\n|rule|HP Percentage Mod: HP is shown in percentages\n|clearpoke\n|poke|p1|Scizor, F|\n|poke|p1|Ceruledge, F|\n|poke|p1|Rotom-Wash|\n|poke|p1|Zapdos-Galar|\n|poke|p1|Arboliva, M|\n|poke|p1|Kilowattrel, F|\n|poke|p2|Great Tusk|\n|poke|p2|Hawlucha, F|\n|poke|p2|Magnemite|\n|poke|p2|Chandelure, M|\n|poke|p2|Slowking, M|\n|poke|p2|Electrode-Hisui|\n|teampreview\n|\n|t:|1700765817\n|start\n|switch|p1a: Kilowattrel|Kilowattrel, F|100\/100\n|switch|p2a: God|Magnemite, shiny|100\/100\n|turn|1\n|\n|t:|1700765831\n|move|p1a: Kilowattrel|Volt Switch|p2a: God\n|-resisted|p2a: God\n|-damage|p2a: God|66\/100\n|\n|t:|1700765840\n|switch|p1a: Ceruledge|Ceruledge, F|100\/100|[from] Volt Switch\n|move|p2a: God|Volt Switch|p1a: Ceruledge\n|-damage|p1a: Ceruledge|59\/100\n|\n|t:|1700765850\n|switch|p2a: Chandelure|Chandelure, M|100\/100|[from] Volt Switch\n|\n|upkeep\n|turn|2\n|\n|t:|1700765855\n|move|p2a: Chandelure|Shadow Ball|p1a: Ceruledge\n|-supereffective|p1a: Ceruledge\n|-crit|p1a: Ceruledge\n|-damage|p1a: Ceruledge|0 fnt\n|faint|p1a: Ceruledge\n|\n|upkeep\n|\n|t:|1700765863\n|switch|p1a: Rotom|Rotom-Wash|100\/100\n|turn|3\n|\n|t:|1700765869\n|-terastallize|p2a: Chandelure|Ghost\n|move|p2a: Chandelure|Shadow Ball|p1a: Rotom\n|-damage|p1a: Rotom|0 fnt\n|faint|p1a: Rotom\n|\n|upkeep\n|\n|t:|1700765873\n|switch|p1a: Arboliva|Arboliva, M, shiny|100\/100\n|turn|4\n|\n|t:|1700765884\n|switch|p2a: Slowking|Slowking, M|100\/100\n|move|p1a: Arboliva|Dazzling Gleam|p2a: Slowking\n|-damage|p2a: Slowking|78\/100\n|\n|upkeep\n|turn|5\n|\n|t:|1700765888\n|move|p1a: Arboliva|Giga Drain|p2a: Slowking\n|-supereffective|p2a: Slowking\n|-damage|p2a: Slowking|22\/100\n|move|p2a: Slowking|Trick Room|p2a: Slowking\n|-fieldstart|move: Trick Room|[of] p2a: Slowking\n|\n|upkeep\n|turn|6\n|\n|t:|1700765894\n|move|p2a: Slowking|Chilly Reception|p2a: Slowking\n|-weather|Snow\n|\n|t:|1700765899\n|switch|p2a: God|Magnemite, shiny|66\/100|[from] Chilly Reception\n|move|p1a: Arboliva|Earth Power|p2a: God\n|-supereffective|p2a: God\n|-damage|p2a: God|0 fnt\n|faint|p2a: God\n|\n|-weather|Snow|[upkeep]\n|upkeep\n|\n|t:|1700765904\n|switch|p2a: F Hazards|Hawlucha, F|100\/100\n|-ability|p2a: F Hazards|Mold Breaker\n|turn|7\n|\n|t:|1700765912\n|-terastallize|p1a: Arboliva|Ghost\n|move|p1a: Arboliva|Dazzling Gleam|p2a: F Hazards\n|-supereffective|p2a: F Hazards\n|-damage|p2a: F Hazards|50\/100\n|move|p2a: F Hazards|Roost|p2a: F Hazards\n|-heal|p2a: F Hazards|99\/100\n|-singleturn|p2a: F Hazards|move: Roost\n|\n|-weather|Snow|[upkeep]\n|-heal|p2a: F Hazards|100\/100|[from] item: Leftovers\n|upkeep\n|turn|8\n|\n|t:|1700765923\n|move|p1a: Arboliva|Dazzling Gleam|p2a: F Hazards\n|-supereffective|p2a: F Hazards\n|-damage|p2a: F Hazards|50\/100\n|move|p2a: F Hazards|Roost|p2a: F Hazards\n|-heal|p2a: F Hazards|99\/100\n|-singleturn|p2a: F Hazards|move: Roost\n|\n|-weather|Snow|[upkeep]\n|-heal|p2a: F Hazards|100\/100|[from] item: Leftovers\n|upkeep\n|turn|9\n|\n|t:|1700765926\n|move|p1a: Arboliva|Dazzling Gleam|p2a: F Hazards\n|-supereffective|p2a: F Hazards\n|-damage|p2a: F Hazards|49\/100\n|move|p2a: F Hazards|U-turn|p1a: Arboliva\n|-resisted|p1a: Arboliva\n|-crit|p1a: Arboliva\n|-damage|p1a: Arboliva|90\/100\n|-fieldstart|move: Grassy Terrain|[from] ability: Seed Sower|[of] p1a: Arboliva\n|\n|t:|1700765929\n|switch|p2a: Chandelure|Chandelure, M, tera:Ghost|100\/100|[from] U-turn\n|\n|-weather|Snow|[upkeep]\n|-heal|p1a: Arboliva|96\/100|[from] Grassy Terrain\n|-fieldend|move: Trick Room\n|upkeep\n|turn|10\n|\n|t:|1700765938\n|move|p2a: Chandelure|Shadow Ball|p1a: Arboliva\n|-supereffective|p1a: Arboliva\n|-damage|p1a: Arboliva|0 fnt\n|faint|p1a: Arboliva\n|\n|-weather|none\n|upkeep\n|\n|t:|1700765942\n|switch|p1a: Kilowattrel|Kilowattrel, F|100\/100\n|turn|11\n|\n|t:|1700765947\n|move|p1a: Kilowattrel|Air Slash|p2a: Chandelure\n|-damage|p2a: Chandelure|55\/100\n|move|p2a: Chandelure|Shadow Ball|p1a: Kilowattrel\n|-damage|p1a: Kilowattrel|0 fnt\n|faint|p1a: Kilowattrel\n|\n|-heal|p2a: Chandelure|61\/100|[from] Grassy Terrain\n|upkeep\n|\n|t:|1700765950\n|switch|p1a: Scizor|Scizor, F|100\/100\n|turn|12\n|\n|t:|1700765953\n|switch|p2a: Slowking|Slowking, M|55\/100\n|move|p1a: Scizor|Bullet Punch|p2a: Slowking\n|-resisted|p2a: Slowking\n|-damage|p2a: Slowking|43\/100\n|\n|-heal|p2a: Slowking|49\/100|[from] Grassy Terrain\n|upkeep\n|turn|13\n|\n|t:|1700765958\n|move|p1a: Scizor|Dual Wingbeat|p2a: Slowking\n|-damage|p2a: Slowking|34\/100\n|-damage|p2a: Slowking|20\/100\n|-hitcount|p2a: Slowking|2\n|move|p2a: Slowking|Trick Room|p2a: Slowking\n|-fieldstart|move: Trick Room|[of] p2a: Slowking\n|\n|-heal|p2a: Slowking|26\/100|[from] Grassy Terrain\n|-fieldend|move: Grassy Terrain\n|upkeep\n|turn|14\n|\n|t:|1700765964\n|move|p2a: Slowking|Chilly Reception|p2a: Slowking\n|-weather|Snow\n|\n|t:|1700765967\n|switch|p2a: F Hazards|Hawlucha, F|49\/100|[from] Chilly Reception\n|-ability|p2a: F Hazards|Mold Breaker\n|move|p1a: Scizor|Dual Wingbeat|p2a: F Hazards|[miss]\n|-miss|p1a: Scizor|p2a: F Hazards\n|\n|-weather|Snow|[upkeep]\n|-heal|p2a: F Hazards|56\/100|[from] item: Leftovers\n|upkeep\n|turn|15\n|\n|t:|1700765972\n|move|p1a: Scizor|Dual Wingbeat|p2a: F Hazards\n|-supereffective|p2a: F Hazards\n|-damage|p2a: F Hazards|5\/100\n|-supereffective|p2a: F Hazards\n|-damage|p2a: F Hazards|0 fnt\n|faint|p2a: F Hazards\n|-hitcount|p2: F Hazards|2\n|\n|-weather|Snow|[upkeep]\n|upkeep\n|\n|t:|1700765979\n|switch|p2a: Slowking|Slowking, M|60\/100\n|turn|16\n|\n|t:|1700765984\n|move|p2a: Slowking|Future Sight|p1a: Scizor\n|-start|p2a: Slowking|move: Future Sight\n|move|p1a: Scizor|U-turn|p2a: Slowking\n|-supereffective|p2a: Slowking\n|-damage|p2a: Slowking|11\/100\n|\n|t:|1700765986\n|switch|p1a: Zapdos|Zapdos-Galar|100\/100|[from] U-turn\n|\n|-weather|Snow|[upkeep]\n|upkeep\n|turn|17\n|\n|t:|1700765990\n|move|p2a: Slowking|Ice Beam|p1a: Zapdos\n|-supereffective|p1a: Zapdos\n|-damage|p1a: Zapdos|55\/100\n|move|p1a: Zapdos|U-turn|p2a: Slowking\n|-supereffective|p2a: Slowking\n|-damage|p2a: Slowking|0 fnt\n|faint|p2a: Slowking\n|\n|t:|1700765993\n|switch|p1a: Scizor|Scizor, F|100\/100|[from] U-turn\n|\n|-weather|Snow|[upkeep]\n|-fieldend|move: Trick Room\n|upkeep\n|\n|t:|1700765996\n|switch|p2a: Chandelure|Chandelure, M, tera:Ghost|61\/100\n|turn|18\n|\n|t:|1700766000\n|move|p1a: Scizor|Bullet Punch|p2a: Chandelure\n|-damage|p2a: Chandelure|20\/100\n|move|p2a: Chandelure|Flamethrower|p1a: Scizor\n|-supereffective|p1a: Scizor\n|-damage|p1a: Scizor|0 fnt\n|faint|p1a: Scizor\n|\n|-weather|none\n|-hint|Future Sight did not hit because the target is fainted.\n|upkeep\n|\n|t:|1700766002\n|switch|p1a: Zapdos|Zapdos-Galar|55\/100\n|turn|19\n|\n|t:|1700766006\n|move|p1a: Zapdos|Brave Bird|p2a: Chandelure\n|-damage|p2a: Chandelure|0 fnt\n|faint|p2a: Chandelure\n|-damage|p1a: Zapdos|50\/100|[from] Recoil\n|\n|upkeep\n|\n|t:|1700766009\n|switch|p2a: Great Tusk|Great Tusk|100\/100\n|turn|20\n|\n|t:|1700766012\n|move|p1a: Zapdos|Brave Bird|p2a: Great Tusk\n|-supereffective|p2a: Great Tusk\n|-damage|p2a: Great Tusk|0 fnt\n|faint|p2a: Great Tusk\n|-end|p2a: Great Tusk|Protosynthesis|[silent]\n|-damage|p1a: Zapdos|12\/100|[from] Recoil\n|\n|upkeep\n|\n|t:|1700766015\n|switch|p2a: Electrode|Electrode-Hisui|100\/100\n|turn|21\n|\n|t:|1700766017\n|move|p2a: Electrode|Thunderbolt|p1a: Zapdos\n|-supereffective|p1a: Zapdos\n|-damage|p1a: Zapdos|0 fnt\n|faint|p1a: Zapdos\n|\n|win|StinkyBinky609\n|raw|lull duhll's rating: 1170 &rarr; <strong>1139<\/strong><br \/>(-31 for losing)\n|raw|StinkyBinky609's rating: 1085 &rarr; <strong>1119<\/strong><br \/>(+34 for winning)\n","uploadtime":1700766019,"views":4,"p1id":"lullduhll","p2id":"stinkybinky609","formatid":"gen9ou","rating":1119,"private":0,"password":""}