{"id":"gen9ou-1991429557","p1":"vkhss","p2":"SDK04","format":"[Gen 9] OU","log":"|j|\u2606vkhss\n|j|\u2606SDK04\n|inactive|Battle timer is ON: inactive players will automatically lose when time's up.\n|t:|1700076395\n|gametype|singles\n|player|p1|vkhss|clemont|\n|player|p2|SDK04|unknown|\n|teamsize|p1|6\n|teamsize|p2|6\n|gen|9\n|tier|[Gen 9] OU\n|rated|Tournament battle\n|rule|Sleep Clause Mod: Limit one foe put to sleep\n|rule|Species Clause: Limit one of each Pok\u00e9mon\n|rule|OHKO Clause: OHKO moves are banned\n|rule|Evasion Items Clause: Evasion items are banned\n|rule|Evasion Moves Clause: Evasion moves are banned\n|rule|Endless Battle Clause: Forcing endless battles is banned\n|rule|HP Percentage Mod: HP is shown in percentages\n|rule|Terastal Clause: You cannot Terastallize\n|clearpoke\n|poke|p1|Dragapult, M|\n|poke|p1|Heatran, M|\n|poke|p1|Great Tusk|\n|poke|p1|Walking Wake|\n|poke|p1|Torkoal, M|\n|poke|p1|Enamorus, F|\n|poke|p2|Ninetales-Alola, M|\n|poke|p2|Ogerpon-Wellspring, F|\n|poke|p2|Iron Valiant|\n|poke|p2|Kingambit, M|\n|poke|p2|Gholdengo|\n|poke|p2|Salamence, M|\n|teampreview\n|j| sandveil10\n|\n|t:|1700076411\n|start\n|switch|p1a: sufys12|Torkoal, M, shiny|100\/100\n|switch|p2a: cool window|Ninetales-Alola, M|100\/100\n|-weather|Snow|[from] ability: Snow Warning|[of] p2a: cool window\n|-weather|SunnyDay|[from] ability: Drought|[of] p1a: sufys12\n|turn|1\n|\n|t:|1700076417\n|move|p2a: cool window|Snowscape|p2a: cool window\n|-weather|Snow\n|move|p1a: sufys12|Stealth Rock|p2a: cool window\n|-sidestart|p2: SDK04|move: Stealth Rock\n|\n|-weather|Snow|[upkeep]\n|upkeep\n|turn|2\n|c| sandveil10|A battle for the ages\n|j| Dixie Ject\n|\n|t:|1700076422\n|switch|p1a: iron junk|Heatran, M, shiny|100\/100\n|move|p2a: cool window|Encore||[still]\n|-fail|p2a: cool window\n|\n|-weather|Snow|[upkeep]\n|upkeep\n|turn|3\n|\n|t:|1700076424\n|move|p1a: iron junk|Flash Cannon|p2a: cool window\n|-supereffective|p2a: cool window\n|-damage|p2a: cool window|0 fnt\n|faint|p2a: cool window\n|\n|-weather|Snow|[upkeep]\n|upkeep\n|\n|t:|1700076427\n|switch|p2a: \u201cI win\u201d button|Ogerpon-Wellspring, F|100\/100\n|-damage|p2a: \u201cI win\u201d button|88\/100|[from] Stealth Rock\n|turn|4\n|j| avramax20\n|\n|t:|1700076431\n|switch|p1a: Dragapult|Dragapult, M|100\/100\n|move|p2a: \u201cI win\u201d button|Swords Dance|p2a: \u201cI win\u201d button\n|-boost|p2a: \u201cI win\u201d button|atk|2\n|\n|-weather|Snow|[upkeep]\n|upkeep\n|turn|5\n|\n|t:|1700076434\n|move|p1a: Dragapult|Dragon Darts|p2a: \u201cI win\u201d button\n|-damage|p2a: \u201cI win\u201d button|40\/100\n|-anim|p1a: Dragapult|Dragon Darts|p2a: \u201cI win\u201d button\n|-damage|p2a: \u201cI win\u201d button|0 fnt\n|faint|p2a: \u201cI win\u201d button\n|\n|-weather|none\n|upkeep\n|\n|t:|1700076445\n|switch|p2a: Malicious Charity|Gholdengo|100\/100\n|-damage|p2a: Malicious Charity|94\/100|[from] Stealth Rock\n|-item|p2a: Malicious Charity|Air Balloon\n|turn|6\n|j| RendingScizor\n|\n|t:|1700076454\n|switch|p1a: sufys12|Torkoal, M, shiny|100\/100\n|-weather|SunnyDay|[from] ability: Drought|[of] p1a: sufys12\n|move|p2a: Malicious Charity|Shadow Ball|p1a: sufys12\n|-damage|p1a: sufys12|60\/100\n|\n|-weather|SunnyDay|[upkeep]\n|upkeep\n|turn|7\n|\n|t:|1700076459\n|switch|p1a: iron junk|Heatran, M, shiny|100\/100\n|move|p2a: Malicious Charity|Shadow Ball|p1a: iron junk\n|-damage|p1a: iron junk|55\/100\n|\n|-weather|SunnyDay|[upkeep]\n|upkeep\n|turn|8\n|\n|t:|1700076461\n|move|p1a: iron junk|Flamethrower|p2a: Malicious Charity\n|-supereffective|p2a: Malicious Charity\n|-damage|p2a: Malicious Charity|0 fnt\n|-enditem|p2a: Malicious Charity|Air Balloon\n|faint|p2a: Malicious Charity\n|\n|-weather|SunnyDay|[upkeep]\n|upkeep\n|\n|t:|1700076463\n|switch|p2a: I miss Himiko\u2026|Salamence, M|100\/100\n|turn|9\n|\n|t:|1700076468\n|switch|p1a: Walking Wake|Walking Wake|100\/100\n|-activate|p1a: Walking Wake|ability: Protosynthesis\n|-start|p1a: Walking Wake|protosynthesisspe\n|move|p2a: I miss Himiko\u2026|Dragon Dance|p2a: I miss Himiko\u2026\n|-boost|p2a: I miss Himiko\u2026|atk|1\n|-boost|p2a: I miss Himiko\u2026|spe|1\n|\n|-weather|SunnyDay|[upkeep]\n|upkeep\n|turn|10\n|\n|t:|1700076472\n|switch|p2a: Galladevoir|Iron Valiant|100\/100\n|-damage|p2a: Galladevoir|94\/100|[from] Stealth Rock\n|-enditem|p2a: Galladevoir|Booster Energy\n|-activate|p2a: Galladevoir|ability: Quark Drive|[fromitem]\n|-start|p2a: Galladevoir|quarkdrivespe\n|move|p1a: Walking Wake|Dragon Pulse|p2a: Galladevoir\n|-immune|p2a: Galladevoir\n|\n|-weather|SunnyDay|[upkeep]\n|upkeep\n|turn|11\n|\n|t:|1700076477\n|-end|p1a: Walking Wake|Protosynthesis|[silent]\n|switch|p1a: sufys12|Torkoal, M, shiny|60\/100\n|move|p2a: Galladevoir|Calm Mind|p2a: Galladevoir\n|-boost|p2a: Galladevoir|spa|1\n|-boost|p2a: Galladevoir|spd|1\n|\n|-weather|SunnyDay|[upkeep]\n|upkeep\n|turn|12\n|\n|t:|1700076480\n|move|p2a: Galladevoir|Calm Mind|p2a: Galladevoir\n|-boost|p2a: Galladevoir|spa|1\n|-boost|p2a: Galladevoir|spd|1\n|move|p1a: sufys12|Lava Plume|p2a: Galladevoir\n|-damage|p2a: Galladevoir|60\/100\n|\n|-weather|SunnyDay|[upkeep]\n|upkeep\n|turn|13\n|j| Bad Players\n|c|\u2606vkhss|I lose\n|c|\u2606vkhss|lmao\n|\n|t:|1700076497\n|move|p2a: Galladevoir|Thunderbolt|p1a: sufys12\n|-damage|p1a: sufys12|7\/100\n|move|p1a: sufys12|Lava Plume|p2a: Galladevoir\n|-damage|p2a: Galladevoir|24\/100\n|\n|-weather|none\n|upkeep\n|turn|14\n|\n|t:|1700076502\n|move|p2a: Galladevoir|Moonblast|p1a: sufys12\n|-resisted|p1a: sufys12\n|-damage|p1a: sufys12|0 fnt\n|faint|p1a: sufys12\n|\n|upkeep\n|\n|t:|1700076505\n|switch|p1a: iron junk|Heatran, M, shiny|55\/100\n|turn|15\n|\n|t:|1700076509\n|move|p2a: Galladevoir|Thunderbolt|p1a: iron junk\n|-damage|p1a: iron junk|0 fnt\n|faint|p1a: iron junk\n|\n|upkeep\n|c|\u2606SDK04|Ah rip\n|c|\u2606SDK04|gg\n|c|\u2606SDK04|wp\n|c|\u2606vkhss|gg\n|\n|t:|1700076528\n|switch|p1a: Walking Wake|Walking Wake|100\/100\n|turn|16\n|\n|t:|1700076530\n|move|p2a: Galladevoir|Moonblast|p1a: Walking Wake\n|-supereffective|p1a: Walking Wake\n|-damage|p1a: Walking Wake|0 fnt\n|faint|p1a: Walking Wake\n|-end|p1a: Walking Wake|Protosynthesis|[silent]\n|\n|upkeep\n|\n|t:|1700076532\n|switch|p1a: Dragapult|Dragapult, M|100\/100\n|turn|17\n|\n|t:|1700076536\n|move|p2a: Galladevoir|Moonblast|p1a: Dragapult\n|-supereffective|p1a: Dragapult\n|-damage|p1a: Dragapult|0 fnt\n|faint|p1a: Dragapult\n|\n|upkeep\n|-message|vkhss forfeited.\n|\n|win|SDK04\n|n|\u2606vkhss|vkhss\n|n|\u2606SDK04|sdk04\n|n| sandveil10|sandveil10\n|n| Dixie Ject|dixieject\n|n| avramax20|avramax20\n|n| RendingScizor|rendingscizor\n|n| Bad Players|badplayers\n|c|\u2606SDK04|Yeah, Valiant is king in this meta\n|l|\u2606vkhss\n|l| Dixie Ject\n|l| avramax20\n|c| sandveil10|yeah\n|c| RendingScizor|Gg\n|c| sandveil10|wp\n|c| RendingScizor|Wp\n|l| RendingScizor\n","uploadtime":1700076547,"views":10,"p1id":"vkhss","p2id":"sdk04","formatid":"gen9ou","rating":0,"private":0,"password":""}