{"id":"gen9ou-1999713918","p1":"Maric28","p2":"txxray","format":"[Gen 9] OU","log":"|j|\u2606Maric28\n|j|\u2606txxray\n|t:|1701110188\n|gametype|singles\n|player|p1|Maric28|101|1433\n|player|p2|txxray|169|1376\n|teamsize|p1|6\n|teamsize|p2|6\n|gen|9\n|tier|[Gen 9] OU\n|rated|\n|rule|Sleep Clause Mod: Limit one foe put to sleep\n|rule|Species Clause: Limit one of each Pok\u00e9mon\n|rule|OHKO Clause: OHKO moves are banned\n|rule|Evasion Items Clause: Evasion items are banned\n|rule|Evasion Moves Clause: Evasion moves are banned\n|rule|Endless Battle Clause: Forcing endless battles is banned\n|rule|HP Percentage Mod: HP is shown in percentages\n|clearpoke\n|poke|p1|Meowscarada, M|\n|poke|p1|Skeledirge, M|\n|poke|p1|Quaquaval, M|\n|poke|p1|Zoroark-Hisui, M|\n|poke|p1|Glimmora, M|\n|poke|p1|Mew|\n|poke|p2|Slowking-Galar, F|\n|poke|p2|Alomomola, F|\n|poke|p2|Dondozo, F|\n|poke|p2|Corviknight, F|\n|poke|p2|Toxapex, F|\n|poke|p2|Blissey, F|\n|teampreview\n|inactive|Battle timer is ON: inactive players will automatically lose when time's up. (requested by Maric28)\n|\n|t:|1701110200\n|start\n|switch|p1a: Meowscarada|Meowscarada, M|100\/100\n|switch|p2a: Corviknight|Corviknight, F|100\/100\n|-ability|p2a: Corviknight|Pressure\n|turn|1\n|\n|t:|1701110208\n|move|p1a: Meowscarada|Trick|p2a: Corviknight\n|-activate|p1a: Meowscarada|move: Trick|[of] p2a: Corviknight\n|-item|p2a: Corviknight|Choice Scarf|[from] move: Trick\n|-item|p1a: Meowscarada|Rocky Helmet|[from] move: Trick\n|move|p2a: Corviknight|Body Press|p1a: Meowscarada\n|-supereffective|p1a: Meowscarada\n|-damage|p1a: Meowscarada|35\/100\n|-damage|p2a: Corviknight|84\/100|[from] item: Rocky Helmet|[of] p1a: Meowscarada\n|\n|upkeep\n|turn|2\n|\n|t:|1701110218\n|switch|p2a: Toxapex|Toxapex, F|100\/100\n|move|p1a: Meowscarada|U-turn|p2a: Toxapex\n|-resisted|p2a: Toxapex\n|-damage|p2a: Toxapex|92\/100\n|\n|t:|1701110231\n|switch|p1a: Quaquaval|Quaquaval, M|100\/100|[from] U-turn\n|\n|upkeep\n|turn|3\n|\n|t:|1701110238\n|move|p1a: Quaquaval|Substitute|p1a: Quaquaval\n|-start|p1a: Quaquaval|Substitute\n|-damage|p1a: Quaquaval|76\/100\n|move|p2a: Toxapex|Toxic||[still]\n|-fail|p2a: Toxapex\n|\n|upkeep\n|turn|4\n|\n|t:|1701110244\n|switch|p2a: Dondozo|Dondozo, F|100\/100\n|move|p1a: Quaquaval|Encore||[still]\n|-fail|p1a: Quaquaval\n|\n|upkeep\n|turn|5\n|\n|t:|1701110249\n|move|p1a: Quaquaval|Close Combat|p2a: Dondozo\n|-damage|p2a: Dondozo|72\/100\n|-unboost|p1a: Quaquaval|def|1\n|-unboost|p1a: Quaquaval|spd|1\n|move|p2a: Dondozo|Body Press|p1a: Quaquaval\n|-end|p1a: Quaquaval|Substitute\n|\n|upkeep\n|turn|6\n|\n|t:|1701110258\n|switch|p1a: Glimmora|Glimmora, M|100\/100\n|move|p2a: Dondozo|Body Press|p1a: Glimmora\n|-damage|p1a: Glimmora|64\/100\n|-activate|p1a: Glimmora|ability: Toxic Debris\n|-sidestart|p2: txxray|move: Toxic Spikes\n|\n|upkeep\n|turn|7\n|\n|t:|1701110268\n|move|p1a: Glimmora|Sludge Wave|p2a: Dondozo\n|-damage|p2a: Dondozo|25\/100\n|move|p2a: Dondozo|Liquidation|p1a: Glimmora\n|-supereffective|p1a: Glimmora\n|-damage|p1a: Glimmora|0 fnt\n|-activate|p1a: Glimmora|ability: Toxic Debris\n|-sidestart|p2: txxray|move: Toxic Spikes\n|faint|p1a: Glimmora\n|\n|upkeep\n|\n|t:|1701110276\n|switch|p1a: Mew|Mew|100\/100\n|turn|8\n|\n|t:|1701110281\n|switch|p2a: Alomomola|Alomomola, F|100\/100\n|move|p1a: Mew|Dragon Dance|p1a: Mew\n|-boost|p1a: Mew|atk|1\n|-boost|p1a: Mew|spe|1\n|\n|upkeep\n|turn|9\n|\n|t:|1701110287\n|move|p1a: Mew|Dragon Dance|p1a: Mew\n|-boost|p1a: Mew|atk|1\n|-boost|p1a: Mew|spe|1\n|move|p2a: Alomomola|Wish|p2a: Alomomola\n|\n|upkeep\n|turn|10\n|\n|t:|1701110298\n|move|p1a: Mew|Psychic Fangs|p2a: Alomomola\n|-damage|p2a: Alomomola|59\/100\n|move|p2a: Alomomola|Flip Turn|p1a: Mew\n|-damage|p1a: Mew|85\/100\n|-enditem|p1a: Mew|Red Card|[of] p2a: Alomomola\n|drag|p2a: Corviknight|Corviknight, F|84\/100\n|-ability|p2a: Corviknight|Pressure\n|\n|-heal|p2a: Corviknight|100\/100|[from] move: Wish|[wisher] Alomomola\n|upkeep\n|turn|11\n|\n|t:|1701110314\n|switch|p2a: Alomomola|Alomomola, F|92\/100\n|move|p1a: Mew|Dragon Dance|p1a: Mew\n|-boost|p1a: Mew|atk|1\n|-boost|p1a: Mew|spe|1\n|\n|upkeep\n|turn|12\n|\n|t:|1701110321\n|move|p1a: Mew|Psychic Fangs|p2a: Alomomola\n|-damage|p2a: Alomomola|41\/100\n|move|p2a: Alomomola|Wish|p2a: Alomomola\n|\n|upkeep\n|turn|13\n|\n|t:|1701110333\n|move|p2a: Alomomola|Protect|p2a: Alomomola\n|-singleturn|p2a: Alomomola|Protect\n|move|p1a: Mew|Psychic Fangs|p2a: Alomomola\n|-activate|p2a: Alomomola|move: Protect\n|\n|-heal|p2a: Alomomola|91\/100|[from] move: Wish|[wisher] Alomomola\n|upkeep\n|turn|14\n|\n|t:|1701110341\n|switch|p2a: Corviknight|Corviknight, F|100\/100\n|-ability|p2a: Corviknight|Pressure\n|move|p1a: Mew|Psychic Fangs|p2a: Corviknight\n|-resisted|p2a: Corviknight\n|-damage|p2a: Corviknight|60\/100\n|\n|upkeep\n|turn|15\n|\n|t:|1701110354\n|switch|p2a: Alomomola|Alomomola, F|100\/100\n|move|p1a: Mew|Ice Spinner|p2a: Alomomola\n|-resisted|p2a: Alomomola\n|-damage|p2a: Alomomola|82\/100\n|\n|upkeep\n|turn|16\n|\n|t:|1701110362\n|move|p1a: Mew|Psychic Fangs|p2a: Alomomola\n|-damage|p2a: Alomomola|31\/100\n|move|p2a: Alomomola|Wish|p2a: Alomomola\n|\n|upkeep\n|turn|17\n|\n|t:|1701110366\n|move|p2a: Alomomola|Protect|p2a: Alomomola\n|-singleturn|p2a: Alomomola|Protect\n|move|p1a: Mew|Dragon Dance|p1a: Mew\n|-boost|p1a: Mew|atk|1\n|-boost|p1a: Mew|spe|1\n|\n|-heal|p2a: Alomomola|81\/100|[from] move: Wish|[wisher] Alomomola\n|upkeep\n|turn|18\n|\n|t:|1701110373\n|move|p1a: Mew|Psychic Fangs|p2a: Alomomola\n|-damage|p2a: Alomomola|16\/100\n|move|p2a: Alomomola|Wish|p2a: Alomomola\n|\n|upkeep\n|turn|19\n|\n|t:|1701110377\n|switch|p2a: Dondozo|Dondozo, F|25\/100\n|move|p1a: Mew|Psychic Fangs|p2a: Dondozo\n|-damage|p2a: Dondozo|7\/100\n|\n|-heal|p2a: Dondozo|60\/100|[from] move: Wish|[wisher] Alomomola\n|upkeep\n|turn|20\n|\n|t:|1701110386\n|switch|p1a: Meowscarada|Meowscarada, M|35\/100\n|move|p2a: Dondozo|Liquidation|p1a: Meowscarada\n|-resisted|p1a: Meowscarada\n|-damage|p1a: Meowscarada|13\/100\n|-damage|p2a: Dondozo|43\/100|[from] item: Rocky Helmet|[of] p1a: Meowscarada\n|\n|upkeep\n|turn|21\n|\n|t:|1701110395\n|switch|p2a: Corviknight|Corviknight, F|60\/100\n|-ability|p2a: Corviknight|Pressure\n|move|p1a: Meowscarada|Knock Off|p2a: Corviknight\n|-damage|p2a: Corviknight|23\/100\n|-enditem|p2a: Corviknight|Choice Scarf|[from] move: Knock Off|[of] p1a: Meowscarada\n|\n|upkeep\n|turn|22\n|\n|t:|1701110402\n|move|p1a: Meowscarada|Knock Off|p2a: Corviknight\n|-damage|p2a: Corviknight|0 fnt\n|faint|p2a: Corviknight\n|\n|upkeep\n|\n|t:|1701110410\n|switch|p2a: Toxapex|Toxapex, F|100\/100\n|-sideend|p2: txxray|move: Toxic Spikes|[of] p2a: Toxapex\n|turn|23\n|\n|t:|1701110416\n|move|p1a: Meowscarada|Knock Off|p2a: Toxapex\n|-damage|p2a: Toxapex|66\/100\n|-enditem|p2a: Toxapex|Heavy-Duty Boots|[from] move: Knock Off|[of] p1a: Meowscarada\n|move|p2a: Toxapex|Infestation|p1a: Meowscarada\n|-supereffective|p1a: Meowscarada\n|-damage|p1a: Meowscarada|0 fnt\n|-damage|p2a: Toxapex|50\/100|[from] item: Rocky Helmet|[of] p1a: Meowscarada\n|faint|p1a: Meowscarada\n|\n|upkeep\n|\n|t:|1701110424\n|switch|p1a: Mew|Mew|85\/100\n|turn|24\n|\n|t:|1701110427\n|switch|p2a: Dondozo|Dondozo, F|43\/100\n|move|p1a: Mew|Earthquake|p2a: Dondozo\n|-damage|p2a: Dondozo|30\/100\n|\n|upkeep\n|turn|25\n|\n|t:|1701110437\n|switch|p1a: Quaquaval|Quaquaval, M|100\/100\n|move|p2a: Dondozo|Rest|p2a: Dondozo\n|-status|p2a: Dondozo|slp|[from] move: Rest\n|-heal|p2a: Dondozo|100\/100 slp|[silent]\n|\n|upkeep\n|turn|26\n|\n|t:|1701110443\n|move|p1a: Quaquaval|Grass Knot|p2a: Dondozo\n|-supereffective|p2a: Dondozo\n|-damage|p2a: Dondozo|28\/100 slp\n|cant|p2a: Dondozo|slp\n|move|p2a: Dondozo|Sleep Talk|p2a: Dondozo\n|move|p2a: Dondozo|Body Press|p1a: Quaquaval|[from]move: Sleep Talk\n|-immune|p1a: Quaquaval\n|\n|upkeep\n|turn|27\n|\n|t:|1701110451\n|switch|p2a: Toxapex|Toxapex, F|83\/100\n|move|p1a: Quaquaval|Shadow Ball|p2a: Toxapex\n|-damage|p2a: Toxapex|55\/100\n|\n|upkeep\n|turn|28\n|\n|t:|1701110459\n|switch|p1a: Skeledirge|Skeledirge, M|100\/100\n|move|p2a: Toxapex|Infestation|p1a: Skeledirge\n|-resisted|p1a: Skeledirge\n|-damage|p1a: Skeledirge|99\/100\n|-activate|p1a: Skeledirge|move: Infestation|[of] p2a: Toxapex\n|\n|-heal|p1a: Skeledirge|100\/100|[from] item: Leftovers\n|-damage|p1a: Skeledirge|88\/100|[from] move: Infestation|[partiallytrapped]\n|upkeep\n|turn|29\n|\n|t:|1701110469\n|move|p1a: Skeledirge|Torch Song|p2a: Toxapex\n|-resisted|p2a: Toxapex\n|-damage|p2a: Toxapex|46\/100\n|-boost|p1a: Skeledirge|spa|1\n|move|p2a: Toxapex|Toxic|p1a: Skeledirge\n|-status|p1a: Skeledirge|tox\n|\n|-heal|p1a: Skeledirge|94\/100 tox|[from] item: Leftovers\n|-damage|p1a: Skeledirge|88\/100 tox|[from] psn\n|-damage|p1a: Skeledirge|76\/100 tox|[from] move: Infestation|[partiallytrapped]\n|upkeep\n|turn|30\n|\n|t:|1701110479\n|move|p1a: Skeledirge|Shadow Ball|p2a: Toxapex\n|-damage|p2a: Toxapex|20\/100\n|move|p2a: Toxapex|Recover|p2a: Toxapex\n|-heal|p2a: Toxapex|70\/100\n|\n|-heal|p1a: Skeledirge|82\/100 tox|[from] item: Leftovers\n|-damage|p1a: Skeledirge|70\/100 tox|[from] psn\n|-damage|p1a: Skeledirge|57\/100 tox|[from] move: Infestation|[partiallytrapped]\n|upkeep\n|turn|31\n|\n|t:|1701110488\n|move|p1a: Skeledirge|Torch Song|p2a: Toxapex\n|-resisted|p2a: Toxapex\n|-damage|p2a: Toxapex|56\/100\n|-boost|p1a: Skeledirge|spa|1\n|move|p2a: Toxapex|Haze|p2a: Toxapex\n|-clearallboost\n|\n|-heal|p1a: Skeledirge|63\/100 tox|[from] item: Leftovers\n|-damage|p1a: Skeledirge|45\/100 tox|[from] psn\n|-damage|p1a: Skeledirge|33\/100 tox|[from] move: Infestation|[partiallytrapped]\n|upkeep\n|turn|32\n|c|\u2606Maric28|wait this toxapex has zero attacking moves?\n|\n|t:|1701110506\n|move|p1a: Skeledirge|Rest|p1a: Skeledirge\n|-status|p1a: Skeledirge|slp|[from] move: Rest\n|-heal|p1a: Skeledirge|100\/100 slp|[silent]\n|move|p2a: Toxapex|Recover|p2a: Toxapex\n|-heal|p2a: Toxapex|100\/100\n|\n|-end|p1a: Skeledirge|Infestation|[partiallytrapped]\n|upkeep\n|turn|33\n|\n|t:|1701110513\n|cant|p1a: Skeledirge|slp\n|move|p1a: Skeledirge|Sleep Talk|p1a: Skeledirge\n|move|p1a: Skeledirge|Shadow Ball|p2a: Toxapex|[from]move: Sleep Talk\n|-damage|p2a: Toxapex|80\/100\n|-unboost|p2a: Toxapex|spd|1\n|move|p2a: Toxapex|Infestation|p1a: Skeledirge\n|-resisted|p1a: Skeledirge\n|-damage|p1a: Skeledirge|99\/100 slp\n|-activate|p1a: Skeledirge|move: Infestation|[of] p2a: Toxapex\n|\n|-heal|p1a: Skeledirge|100\/100 slp|[from] item: Leftovers\n|-damage|p1a: Skeledirge|88\/100 slp|[from] move: Infestation|[partiallytrapped]\n|upkeep\n|turn|34\n|\n|t:|1701110525\n|cant|p1a: Skeledirge|slp\n|move|p1a: Skeledirge|Sleep Talk|p1a: Skeledirge\n|move|p1a: Skeledirge|Shadow Ball|p2a: Toxapex|[from]move: Sleep Talk\n|-damage|p2a: Toxapex|63\/100\n|move|p2a: Toxapex|Haze|p2a: Toxapex\n|-clearallboost\n|\n|-heal|p1a: Skeledirge|94\/100 slp|[from] item: Leftovers\n|-damage|p1a: Skeledirge|82\/100 slp|[from] move: Infestation|[partiallytrapped]\n|upkeep\n|turn|35\n|\n|t:|1701110537\n|switch|p1a: Quaquaval|Quaquaval, M|76\/100\n|move|p2a: Toxapex|Toxic|p1a: Quaquaval\n|-status|p1a: Quaquaval|tox\n|\n|-damage|p1a: Quaquaval|70\/100 tox|[from] psn\n|upkeep\n|turn|36\n|\n|t:|1701110547\n|switch|p1a: Skeledirge|Skeledirge, M|82\/100 slp\n|move|p2a: Toxapex|Infestation|p1a: Skeledirge\n|-resisted|p1a: Skeledirge\n|-damage|p1a: Skeledirge|81\/100 slp\n|-activate|p1a: Skeledirge|move: Infestation|[of] p2a: Toxapex\n|\n|-heal|p1a: Skeledirge|87\/100 slp|[from] item: Leftovers\n|-damage|p1a: Skeledirge|75\/100 slp|[from] move: Infestation|[partiallytrapped]\n|upkeep\n|turn|37\n|\n|t:|1701110557\n|switch|p1a: Quaquaval|Quaquaval, M|70\/100 tox\n|move|p2a: Toxapex|Toxic|p1a: Quaquaval\n|-fail|p1a: Quaquaval|tox\n|\n|-damage|p1a: Quaquaval|64\/100 tox|[from] psn\n|upkeep\n|turn|38\n|\n|t:|1701110564\n|switch|p1a: Skeledirge|Skeledirge, M|75\/100 slp\n|move|p2a: Toxapex|Infestation|p1a: Skeledirge\n|-resisted|p1a: Skeledirge\n|-damage|p1a: Skeledirge|74\/100 slp\n|-activate|p1a: Skeledirge|move: Infestation|[of] p2a: Toxapex\n|\n|-heal|p1a: Skeledirge|80\/100 slp|[from] item: Leftovers\n|-damage|p1a: Skeledirge|68\/100 slp|[from] move: Infestation|[partiallytrapped]\n|upkeep\n|turn|39\n|\n|t:|1701110580\n|switch|p1a: Quaquaval|Quaquaval, M|64\/100 tox\n|move|p2a: Toxapex|Infestation|p1a: Quaquaval\n|-resisted|p1a: Quaquaval\n|-damage|p1a: Quaquaval|62\/100 tox\n|-activate|p1a: Quaquaval|move: Infestation|[of] p2a: Toxapex\n|\n|-damage|p1a: Quaquaval|55\/100 tox|[from] psn\n|-damage|p1a: Quaquaval|43\/100 tox|[from] move: Infestation|[partiallytrapped]\n|upkeep\n|turn|40\n|\n|t:|1701110588\n|move|p1a: Quaquaval|Encore|p2a: Toxapex\n|-start|p2a: Toxapex|Encore\n|move|p2a: Toxapex|Infestation|p1a: Quaquaval\n|-resisted|p1a: Quaquaval\n|-crit|p1a: Quaquaval\n|-damage|p1a: Quaquaval|40\/100 tox\n|\n|-damage|p1a: Quaquaval|28\/100 tox|[from] psn\n|-damage|p1a: Quaquaval|16\/100 tox|[from] move: Infestation|[partiallytrapped]\n|upkeep\n|turn|41\n|\n|t:|1701110597\n|move|p1a: Quaquaval|Close Combat|p2a: Toxapex\n|-resisted|p2a: Toxapex\n|-damage|p2a: Toxapex|40\/100\n|-unboost|p1a: Quaquaval|def|1\n|-unboost|p1a: Quaquaval|spd|1\n|move|p2a: Toxapex|Infestation|p1a: Quaquaval\n|-resisted|p1a: Quaquaval\n|-damage|p1a: Quaquaval|13\/100 tox\n|\n|-damage|p1a: Quaquaval|0 fnt|[from] psn\n|faint|p1a: Quaquaval\n|upkeep\n|\n|t:|1701110607\n|switch|p1a: Mew|Mew|85\/100\n|turn|42\n|\n|t:|1701110612\n|switch|p2a: Alomomola|Alomomola, F|49\/100\n|move|p1a: Mew|Psychic Fangs|p2a: Alomomola\n|-damage|p2a: Alomomola|27\/100\n|\n|upkeep\n|turn|43\n|\n|t:|1701110619\n|-terastallize|p1a: Mew|Psychic\n|move|p1a: Mew|Psychic Fangs|p2a: Alomomola\n|-damage|p2a: Alomomola|0 fnt\n|faint|p2a: Alomomola\n|\n|upkeep\n|\n|t:|1701110625\n|switch|p2a: Toxapex|Toxapex, F|73\/100\n|turn|44\n|\n|t:|1701110632\n|switch|p1a: Skeledirge|Skeledirge, M|68\/100 slp\n|move|p2a: Toxapex|Toxic||[still]\n|-fail|p2a: Toxapex\n|\n|-heal|p1a: Skeledirge|74\/100 slp|[from] item: Leftovers\n|upkeep\n|turn|45\n|\n|t:|1701110645\n|-curestatus|p1a: Skeledirge|slp|[msg]\n|move|p1a: Skeledirge|Torch Song|p2a: Toxapex\n|-resisted|p2a: Toxapex\n|-crit|p2a: Toxapex\n|-damage|p2a: Toxapex|58\/100\n|-boost|p1a: Skeledirge|spa|1\n|move|p2a: Toxapex|Infestation|p1a: Skeledirge\n|-resisted|p1a: Skeledirge\n|-damage|p1a: Skeledirge|73\/100\n|-activate|p1a: Skeledirge|move: Infestation|[of] p2a: Toxapex\n|\n|-heal|p1a: Skeledirge|79\/100|[from] item: Leftovers\n|-damage|p1a: Skeledirge|67\/100|[from] move: Infestation|[partiallytrapped]\n|upkeep\n|turn|46\n|\n|t:|1701110657\n|move|p1a: Skeledirge|Shadow Ball|p2a: Toxapex\n|-damage|p2a: Toxapex|29\/100\n|move|p2a: Toxapex|Haze|p2a: Toxapex\n|-clearallboost\n|\n|-heal|p1a: Skeledirge|73\/100|[from] item: Leftovers\n|-damage|p1a: Skeledirge|60\/100|[from] move: Infestation|[partiallytrapped]\n|upkeep\n|turn|47\n|\n|t:|1701110667\n|switch|p2a: Blissey|Blissey, F, shiny|100\/100\n|move|p1a: Skeledirge|Shadow Ball|p2a: Blissey\n|-immune|p2a: Blissey\n|\n|-heal|p1a: Skeledirge|67\/100|[from] item: Leftovers\n|-end|p1a: Skeledirge|Infestation|[partiallytrapped]|[silent]\n|upkeep\n|turn|48\n|\n|t:|1701110675\n|switch|p2a: Toxapex|Toxapex, F|62\/100\n|move|p1a: Skeledirge|Torch Song|p2a: Toxapex\n|-resisted|p2a: Toxapex\n|-damage|p2a: Toxapex|53\/100\n|-boost|p1a: Skeledirge|spa|1\n|\n|-heal|p1a: Skeledirge|73\/100|[from] item: Leftovers\n|upkeep\n|turn|49\n|\n|t:|1701110683\n|move|p1a: Skeledirge|Shadow Ball|p2a: Toxapex\n|-damage|p2a: Toxapex|25\/100\n|move|p2a: Toxapex|Haze|p2a: Toxapex\n|-clearallboost\n|\n|-heal|p1a: Skeledirge|79\/100|[from] item: Leftovers\n|upkeep\n|turn|50\n|\n|t:|1701110690\n|move|p1a: Skeledirge|Shadow Ball|p2a: Toxapex\n|-damage|p2a: Toxapex|6\/100\n|-unboost|p2a: Toxapex|spd|1\n|move|p2a: Toxapex|Recover|p2a: Toxapex\n|-heal|p2a: Toxapex|56\/100\n|\n|-heal|p1a: Skeledirge|85\/100|[from] item: Leftovers\n|upkeep\n|turn|51\n|\n|t:|1701110701\n|move|p1a: Skeledirge|Shadow Ball|p2a: Toxapex\n|-damage|p2a: Toxapex|37\/100\n|move|p2a: Toxapex|Toxic|p1a: Skeledirge\n|-status|p1a: Skeledirge|tox\n|\n|-heal|p1a: Skeledirge|91\/100 tox|[from] item: Leftovers\n|-damage|p1a: Skeledirge|85\/100 tox|[from] psn\n|upkeep\n|turn|52\n|\n|t:|1701110708\n|move|p1a: Skeledirge|Rest|p1a: Skeledirge\n|-status|p1a: Skeledirge|slp|[from] move: Rest\n|-heal|p1a: Skeledirge|100\/100 slp|[silent]\n|move|p2a: Toxapex|Recover|p2a: Toxapex\n|-heal|p2a: Toxapex|87\/100\n|\n|upkeep\n|turn|53\n|\n|t:|1701110714\n|switch|p2a: Dondozo|Dondozo, F|28\/100 slp\n|cant|p1a: Skeledirge|slp\n|move|p1a: Skeledirge|Sleep Talk|p1a: Skeledirge\n|move|p1a: Skeledirge|Rest||[from]move: Sleep Talk|[still]\n|-fail|p1a: Skeledirge\n|\n|upkeep\n|turn|54\n|\n|t:|1701110721\n|switch|p1a: Mew|Mew|100\/100\n|cant|p2a: Dondozo|slp\n|\n|upkeep\n|turn|55\n|\n|t:|1701110726\n|move|p1a: Mew|Grass Knot|p2a: Dondozo\n|-supereffective|p2a: Dondozo\n|-damage|p2a: Dondozo|0 fnt\n|faint|p2a: Dondozo\n|\n|upkeep\n|\n|t:|1701110741\n|switch|p2a: Toxapex|Toxapex, F|100\/100\n|turn|56\n|\n|t:|1701110746\n|switch|p1a: Skeledirge|Skeledirge, M|100\/100 slp\n|move|p2a: Toxapex|Infestation|p1a: Skeledirge\n|-resisted|p1a: Skeledirge\n|-damage|p1a: Skeledirge|99\/100 slp\n|-activate|p1a: Skeledirge|move: Infestation|[of] p2a: Toxapex\n|\n|-heal|p1a: Skeledirge|100\/100 slp|[from] item: Leftovers\n|-damage|p1a: Skeledirge|88\/100 slp|[from] move: Infestation|[partiallytrapped]\n|upkeep\n|turn|57\n|\n|t:|1701110755\n|cant|p1a: Skeledirge|slp\n|move|p1a: Skeledirge|Sleep Talk|p1a: Skeledirge\n|move|p1a: Skeledirge|Rest||[from]move: Sleep Talk|[still]\n|-fail|p1a: Skeledirge\n|move|p2a: Toxapex|Haze|p2a: Toxapex\n|-clearallboost\n|\n|-heal|p1a: Skeledirge|94\/100 slp|[from] item: Leftovers\n|-damage|p1a: Skeledirge|82\/100 slp|[from] move: Infestation|[partiallytrapped]\n|upkeep\n|turn|58\n|\n|t:|1701110765\n|-curestatus|p1a: Skeledirge|slp|[msg]\n|move|p1a: Skeledirge|Shadow Ball|p2a: Toxapex\n|-damage|p2a: Toxapex|81\/100\n|-unboost|p2a: Toxapex|spd|1\n|move|p2a: Toxapex|Toxic|p1a: Skeledirge\n|-status|p1a: Skeledirge|tox\n|\n|-heal|p1a: Skeledirge|88\/100 tox|[from] item: Leftovers\n|-damage|p1a: Skeledirge|82\/100 tox|[from] psn\n|-damage|p1a: Skeledirge|69\/100 tox|[from] move: Infestation|[partiallytrapped]\n|upkeep\n|turn|59\n|\n|t:|1701110786\n|move|p1a: Skeledirge|Shadow Ball|p2a: Toxapex\n|-damage|p2a: Toxapex|61\/100\n|-unboost|p2a: Toxapex|spd|1\n|move|p2a: Toxapex|Haze|p2a: Toxapex\n|-clearallboost\n|\n|-heal|p1a: Skeledirge|75\/100 tox|[from] item: Leftovers\n|-damage|p1a: Skeledirge|63\/100 tox|[from] psn\n|-damage|p1a: Skeledirge|51\/100 tox|[from] move: Infestation|[partiallytrapped]\n|upkeep\n|turn|60\n|\n|t:|1701110800\n|move|p1a: Skeledirge|Shadow Ball|p2a: Toxapex\n|-damage|p2a: Toxapex|43\/100\n|move|p2a: Toxapex|Haze|p2a: Toxapex\n|-clearallboost\n|\n|-heal|p1a: Skeledirge|57\/100 tox|[from] item: Leftovers\n|-damage|p1a: Skeledirge|39\/100 tox|[from] psn\n|-end|p1a: Skeledirge|Infestation|[partiallytrapped]\n|upkeep\n|turn|61\n|\n|t:|1701110812\n|move|p1a: Skeledirge|Shadow Ball|p2a: Toxapex\n|-damage|p2a: Toxapex|23\/100\n|-unboost|p2a: Toxapex|spd|1\n|move|p2a: Toxapex|Recover|p2a: Toxapex\n|-heal|p2a: Toxapex|73\/100\n|\n|-heal|p1a: Skeledirge|45\/100 tox|[from] item: Leftovers\n|-damage|p1a: Skeledirge|21\/100 tox|[from] psn\n|upkeep\n|turn|62\n|\n|t:|1701110821\n|move|p1a: Skeledirge|Rest|p1a: Skeledirge\n|-status|p1a: Skeledirge|slp|[from] move: Rest\n|-heal|p1a: Skeledirge|100\/100 slp|[silent]\n|move|p2a: Toxapex|Infestation|p1a: Skeledirge\n|-resisted|p1a: Skeledirge\n|-damage|p1a: Skeledirge|99\/100 slp\n|-activate|p1a: Skeledirge|move: Infestation|[of] p2a: Toxapex\n|\n|-heal|p1a: Skeledirge|100\/100 slp|[from] item: Leftovers\n|-damage|p1a: Skeledirge|88\/100 slp|[from] move: Infestation|[partiallytrapped]\n|upkeep\n|turn|63\n|\n|t:|1701110829\n|cant|p1a: Skeledirge|slp\n|move|p1a: Skeledirge|Sleep Talk|p1a: Skeledirge\n|move|p1a: Skeledirge|Torch Song|p2a: Toxapex|[from]move: Sleep Talk\n|-resisted|p2a: Toxapex\n|-damage|p2a: Toxapex|64\/100\n|-boost|p1a: Skeledirge|spa|1\n|move|p2a: Toxapex|Haze|p2a: Toxapex\n|-clearallboost\n|\n|-heal|p1a: Skeledirge|94\/100 slp|[from] item: Leftovers\n|-damage|p1a: Skeledirge|82\/100 slp|[from] move: Infestation|[partiallytrapped]\n|upkeep\n|turn|64\n|\n|t:|1701110840\n|cant|p1a: Skeledirge|slp\n|move|p1a: Skeledirge|Sleep Talk|p1a: Skeledirge\n|move|p1a: Skeledirge|Rest||[from]move: Sleep Talk|[still]\n|-fail|p1a: Skeledirge\n|move|p2a: Toxapex|Haze|p2a: Toxapex\n|-clearallboost\n|\n|-heal|p1a: Skeledirge|88\/100 slp|[from] item: Leftovers\n|-damage|p1a: Skeledirge|75\/100 slp|[from] move: Infestation|[partiallytrapped]\n|upkeep\n|turn|65\n|\n|t:|1701110851\n|-curestatus|p1a: Skeledirge|slp|[msg]\n|move|p1a: Skeledirge|Shadow Ball|p2a: Toxapex\n|-damage|p2a: Toxapex|46\/100\n|-unboost|p2a: Toxapex|spd|1\n|move|p2a: Toxapex|Toxic|p1a: Skeledirge\n|-status|p1a: Skeledirge|tox\n|\n|-heal|p1a: Skeledirge|82\/100 tox|[from] item: Leftovers\n|-damage|p1a: Skeledirge|75\/100 tox|[from] psn\n|-damage|p1a: Skeledirge|63\/100 tox|[from] move: Infestation|[partiallytrapped]\n|upkeep\n|turn|66\n|\n|t:|1701110862\n|move|p1a: Skeledirge|Shadow Ball|p2a: Toxapex\n|-damage|p2a: Toxapex|26\/100\n|move|p2a: Toxapex|Haze|p2a: Toxapex\n|-clearallboost\n|\n|-heal|p1a: Skeledirge|69\/100 tox|[from] item: Leftovers\n|-damage|p1a: Skeledirge|57\/100 tox|[from] psn\n|-damage|p1a: Skeledirge|45\/100 tox|[from] move: Infestation|[partiallytrapped]\n|upkeep\n|turn|67\n|\n|t:|1701110871\n|switch|p2a: Blissey|Blissey, F, shiny|100\/100\n|move|p1a: Skeledirge|Shadow Ball|p2a: Blissey\n|-immune|p2a: Blissey\n|\n|-heal|p1a: Skeledirge|51\/100 tox|[from] item: Leftovers\n|-damage|p1a: Skeledirge|33\/100 tox|[from] psn\n|-end|p1a: Skeledirge|Infestation|[partiallytrapped]\n|upkeep\n|turn|68\n|\n|t:|1701110884\n|switch|p2a: Toxapex|Toxapex, F|60\/100\n|move|p1a: Skeledirge|Rest|p1a: Skeledirge\n|-status|p1a: Skeledirge|slp|[from] move: Rest\n|-heal|p1a: Skeledirge|100\/100 slp|[silent]\n|\n|upkeep\n|turn|69\n|\n|t:|1701110890\n|cant|p1a: Skeledirge|slp\n|move|p1a: Skeledirge|Sleep Talk|p1a: Skeledirge\n|move|p1a: Skeledirge|Shadow Ball|p2a: Toxapex|[from]move: Sleep Talk\n|-damage|p2a: Toxapex|40\/100\n|move|p2a: Toxapex|Infestation|p1a: Skeledirge\n|-resisted|p1a: Skeledirge\n|-damage|p1a: Skeledirge|99\/100 slp\n|-activate|p1a: Skeledirge|move: Infestation|[of] p2a: Toxapex\n|\n|-heal|p1a: Skeledirge|100\/100 slp|[from] item: Leftovers\n|-damage|p1a: Skeledirge|88\/100 slp|[from] move: Infestation|[partiallytrapped]\n|upkeep\n|turn|70\n|\n|t:|1701110901\n|switch|p2a: Blissey|Blissey, F, shiny|100\/100\n|cant|p1a: Skeledirge|slp\n|move|p1a: Skeledirge|Sleep Talk|p1a: Skeledirge\n|move|p1a: Skeledirge|Rest||[from]move: Sleep Talk|[still]\n|-fail|p1a: Skeledirge\n|\n|-heal|p1a: Skeledirge|94\/100 slp|[from] item: Leftovers\n|-end|p1a: Skeledirge|Infestation|[partiallytrapped]|[silent]\n|upkeep\n|turn|71\n|\n|t:|1701110909\n|switch|p2a: Toxapex|Toxapex, F|73\/100\n|-curestatus|p1a: Skeledirge|slp|[msg]\n|move|p1a: Skeledirge|Torch Song|p2a: Toxapex\n|-resisted|p2a: Toxapex\n|-damage|p2a: Toxapex|63\/100\n|-boost|p1a: Skeledirge|spa|1\n|\n|-heal|p1a: Skeledirge|99\/100|[from] item: Leftovers\n|upkeep\n|turn|72\n|\n|t:|1701110918\n|move|p1a: Skeledirge|Shadow Ball|p2a: Toxapex\n|-damage|p2a: Toxapex|34\/100\n|move|p2a: Toxapex|Haze|p2a: Toxapex\n|-clearallboost\n|\n|-heal|p1a: Skeledirge|100\/100|[from] item: Leftovers\n|upkeep\n|turn|73\n|\n|t:|1701110925\n|move|p1a: Skeledirge|Torch Song|p2a: Toxapex\n|-resisted|p2a: Toxapex\n|-damage|p2a: Toxapex|25\/100\n|-boost|p1a: Skeledirge|spa|1\n|move|p2a: Toxapex|Toxic|p1a: Skeledirge\n|-status|p1a: Skeledirge|tox\n|\n|-damage|p1a: Skeledirge|94\/100 tox|[from] psn\n|upkeep\n|turn|74\n|\n|t:|1701110933\n|switch|p2a: Blissey|Blissey, F, shiny|100\/100\n|move|p1a: Skeledirge|Torch Song|p2a: Blissey\n|-damage|p2a: Blissey|87\/100\n|-boost|p1a: Skeledirge|spa|1\n|\n|-heal|p1a: Skeledirge|100\/100 tox|[from] item: Leftovers\n|-damage|p1a: Skeledirge|88\/100 tox|[from] psn\n|upkeep\n|turn|75\n|\n|t:|1701110949\n|move|p1a: Skeledirge|Shadow Ball|p2a: Blissey\n|-immune|p2a: Blissey\n|move|p2a: Blissey|Flamethrower|p1a: Skeledirge\n|-resisted|p1a: Skeledirge\n|-damage|p1a: Skeledirge|80\/100 tox\n|\n|-heal|p1a: Skeledirge|86\/100 tox|[from] item: Leftovers\n|-damage|p1a: Skeledirge|68\/100 tox|[from] psn\n|upkeep\n|turn|76\n|\n|t:|1701110957\n|move|p1a: Skeledirge|Torch Song|p2a: Blissey\n|-damage|p2a: Blissey|70\/100\n|-boost|p1a: Skeledirge|spa|1\n|move|p2a: Blissey|Flamethrower|p1a: Skeledirge\n|-resisted|p1a: Skeledirge\n|-damage|p1a: Skeledirge|59\/100 tox\n|\n|-heal|p1a: Skeledirge|66\/100 tox|[from] item: Leftovers\n|-damage|p1a: Skeledirge|41\/100 tox|[from] psn\n|upkeep\n|turn|77\n|\n|t:|1701110969\n|move|p1a: Skeledirge|Rest|p1a: Skeledirge\n|-status|p1a: Skeledirge|slp|[from] move: Rest\n|-heal|p1a: Skeledirge|100\/100 slp|[silent]\n|move|p2a: Blissey|Soft-Boiled|p2a: Blissey\n|-heal|p2a: Blissey|100\/100\n|\n|upkeep\n|turn|78\n|\n|t:|1701110976\n|switch|p2a: Toxapex|Toxapex, F|58\/100\n|cant|p1a: Skeledirge|slp\n|move|p1a: Skeledirge|Sleep Talk|p1a: Skeledirge\n|move|p1a: Skeledirge|Rest||[from]move: Sleep Talk|[still]\n|-fail|p1a: Skeledirge\n|\n|upkeep\n|turn|79\n|\n|t:|1701110983\n|cant|p1a: Skeledirge|slp\n|move|p1a: Skeledirge|Sleep Talk|p1a: Skeledirge\n|move|p1a: Skeledirge|Shadow Ball|p2a: Toxapex|[from]move: Sleep Talk\n|-damage|p2a: Toxapex|10\/100\n|-unboost|p2a: Toxapex|spd|1\n|move|p2a: Toxapex|Haze|p2a: Toxapex\n|-clearallboost\n|\n|upkeep\n|turn|80\n|\n|t:|1701110991\n|switch|p2a: Blissey|Blissey, F, shiny|100\/100\n|-curestatus|p1a: Skeledirge|slp|[msg]\n|move|p1a: Skeledirge|Torch Song|p2a: Blissey\n|-damage|p2a: Blissey|92\/100\n|-boost|p1a: Skeledirge|spa|1\n|\n|upkeep\n|turn|81\n|\n|t:|1701111001\n|switch|p2a: Toxapex|Toxapex, F|44\/100\n|move|p1a: Skeledirge|Torch Song|p2a: Toxapex\n|-resisted|p2a: Toxapex\n|-damage|p2a: Toxapex|30\/100\n|-boost|p1a: Skeledirge|spa|1\n|\n|upkeep\n|turn|82\n|\n|t:|1701111012\n|move|p1a: Skeledirge|Torch Song|p2a: Toxapex\n|-resisted|p2a: Toxapex\n|-crit|p2a: Toxapex\n|-damage|p2a: Toxapex|2\/100\n|-boost|p1a: Skeledirge|spa|1\n|move|p2a: Toxapex|Toxic|p1a: Skeledirge\n|-status|p1a: Skeledirge|tox\n|\n|-damage|p1a: Skeledirge|94\/100 tox|[from] psn\n|upkeep\n|turn|83\n|\n|t:|1701111020\n|switch|p2a: Blissey|Blissey, F, shiny|92\/100\n|move|p1a: Skeledirge|Torch Song|p2a: Blissey\n|-damage|p2a: Blissey|71\/100\n|-boost|p1a: Skeledirge|spa|1\n|\n|-heal|p1a: Skeledirge|100\/100 tox|[from] item: Leftovers\n|-damage|p1a: Skeledirge|88\/100 tox|[from] psn\n|upkeep\n|turn|84\n|\n|t:|1701111029\n|move|p1a: Skeledirge|Torch Song|p2a: Blissey\n|-damage|p2a: Blissey|46\/100\n|-boost|p1a: Skeledirge|spa|1\n|move|p2a: Blissey|Flamethrower|p1a: Skeledirge\n|-resisted|p1a: Skeledirge\n|-damage|p1a: Skeledirge|80\/100 tox\n|\n|-heal|p1a: Skeledirge|86\/100 tox|[from] item: Leftovers\n|-damage|p1a: Skeledirge|68\/100 tox|[from] psn\n|upkeep\n|turn|85\n|\n|t:|1701111039\n|move|p1a: Skeledirge|Torch Song|p2a: Blissey\n|-damage|p2a: Blissey|15\/100\n|-boost|p1a: Skeledirge|spa|1\n|move|p2a: Blissey|Soft-Boiled|p2a: Blissey\n|-heal|p2a: Blissey|65\/100\n|\n|-heal|p1a: Skeledirge|74\/100 tox|[from] item: Leftovers\n|-damage|p1a: Skeledirge|50\/100 tox|[from] psn\n|upkeep\n|turn|86\n|\n|t:|1701111048\n|move|p1a: Skeledirge|Rest|p1a: Skeledirge\n|-status|p1a: Skeledirge|slp|[from] move: Rest\n|-heal|p1a: Skeledirge|100\/100 slp|[silent]\n|move|p2a: Blissey|Soft-Boiled|p2a: Blissey\n|-heal|p2a: Blissey|100\/100\n|\n|upkeep\n|turn|87\n|\n|t:|1701111054\n|switch|p2a: Toxapex|Toxapex, F|35\/100\n|cant|p1a: Skeledirge|slp\n|move|p1a: Skeledirge|Sleep Talk|p1a: Skeledirge\n|move|p1a: Skeledirge|Torch Song|p2a: Toxapex|[from]move: Sleep Talk\n|-resisted|p2a: Toxapex\n|-damage|p2a: Toxapex|0 fnt\n|faint|p2a: Toxapex\n|\n|upkeep\n|-message|txxray forfeited.\n|\n|win|Maric28\n|raw|Maric28's rating: 1433 &rarr; <strong>1450<\/strong><br \/>(+17 for winning)\n|raw|txxray's rating: 1376 &rarr; <strong>1359<\/strong><br \/>(-17 for losing)\n|l|\u2606txxray\n|c|\u2606Maric28|your stall team\n","uploadtime":1701111137,"views":27,"p1id":"maric28","p2id":"txxray","formatid":"gen9ou","rating":1359,"private":0,"password":""}