{"id":"gen9ou-1989288430","p1":"CutieGrookey","p2":"dfgffdgfd","format":"[Gen 9] OU","log":"|j|\u2606CutieGrookey\n|j|\u2606dfgffdgfd\n|t:|1699832262\n|gametype|singles\n|player|p1|CutieGrookey|blackbelt-gen4|1116\n|player|p2|dfgffdgfd|101|1045\n|teamsize|p1|6\n|teamsize|p2|6\n|gen|9\n|tier|[Gen 9] OU\n|rated|\n|rule|Sleep Clause Mod: Limit one foe put to sleep\n|rule|Species Clause: Limit one of each Pok\u00e9mon\n|rule|OHKO Clause: OHKO moves are banned\n|rule|Evasion Items Clause: Evasion items are banned\n|rule|Evasion Moves Clause: Evasion moves are banned\n|rule|Endless Battle Clause: Forcing endless battles is banned\n|rule|HP Percentage Mod: HP is shown in percentages\n|clearpoke\n|poke|p1|Rillaboom, F|\n|poke|p1|Gholdengo|\n|poke|p1|Toxapex, M|\n|poke|p1|Zoroark-Hisui, F|\n|poke|p1|Dragonite, F|\n|poke|p1|Hatterene, F|\n|poke|p2|Ninetales-Alola, M|\n|poke|p2|Great Tusk|\n|poke|p2|Hatterene, F|\n|poke|p2|Iron Moth|\n|poke|p2|Zamazenta-*|\n|poke|p2|Dragonite, F|\n|teampreview\n|\n|t:|1699832289\n|start\n|switch|p1a: Hatterene|Hatterene, F|100\/100\n|switch|p2a: Dragonite|Dragonite, F|100\/100\n|turn|1\n|\n|t:|1699832302\n|switch|p2a: Hatterene|Hatterene, F|100\/100\n|move|p1a: Hatterene|Shadow Ball|p2a: Hatterene\n|-supereffective|p2a: Hatterene\n|-damage|p2a: Hatterene|6\/100\n|\n|-heal|p2a: Hatterene|12\/100|[from] item: Leftovers\n|upkeep\n|turn|2\n|\n|t:|1699832315\n|move|p1a: Hatterene|Hyper Voice|p2a: Hatterene\n|-damage|p2a: Hatterene|0 fnt\n|faint|p2a: Hatterene\n|-enditem|p1a: Hatterene|Throat Spray\n|-boost|p1a: Hatterene|spa|1|[from] item: Throat Spray\n|\n|upkeep\n|\n|t:|1699832326\n|switch|p2a: Zamazenta|Zamazenta|100\/100\n|-ability|p2a: Zamazenta|Dauntless Shield|boost\n|-boost|p2a: Zamazenta|def|1\n|turn|3\n|\n|t:|1699832335\n|move|p2a: Zamazenta|Crunch|p1a: Hatterene\n|-supereffective|p1a: Hatterene\n|-damage|p1a: Hatterene|14\/100\n|replace|p1a: Zoroark|Zoroark-Hisui, F\n|-end|p1a: Zoroark|Illusion\n|move|p1a: Zoroark|Agility|p1a: Zoroark\n|-boost|p1a: Zoroark|spe|2\n|\n|upkeep\n|turn|4\n|\n|t:|1699832343\n|move|p1a: Zoroark|Hyper Voice|p2a: Zamazenta\n|-damage|p2a: Zamazenta|37\/100\n|move|p2a: Zamazenta|Crunch|p1a: Zoroark\n|-supereffective|p1a: Zoroark\n|-damage|p1a: Zoroark|0 fnt\n|faint|p1a: Zoroark\n|\n|-heal|p2a: Zamazenta|43\/100|[from] item: Leftovers\n|upkeep\n|\n|t:|1699832345\n|switch|p1a: Toxapex|Toxapex, M|100\/100\n|turn|5\n|\n|t:|1699832348\n|move|p2a: Zamazenta|Substitute|p2a: Zamazenta\n|-start|p2a: Zamazenta|Substitute\n|-damage|p2a: Zamazenta|18\/100\n|move|p1a: Toxapex|Toxic Spikes|p2a: Zamazenta\n|-sidestart|p2: dfgffdgfd|move: Toxic Spikes\n|\n|-heal|p2a: Zamazenta|24\/100|[from] item: Leftovers\n|upkeep\n|turn|6\n|\n|t:|1699832353\n|move|p2a: Zamazenta|Iron Defense|p2a: Zamazenta\n|-boost|p2a: Zamazenta|def|2\n|move|p1a: Toxapex|Toxic Spikes|p2a: Zamazenta\n|-sidestart|p2: dfgffdgfd|move: Toxic Spikes\n|\n|-heal|p2a: Zamazenta|30\/100|[from] item: Leftovers\n|upkeep\n|turn|7\n|\n|t:|1699832358\n|move|p2a: Zamazenta|Body Press|p1a: Toxapex\n|-resisted|p1a: Toxapex\n|-damage|p1a: Toxapex|74\/100\n|move|p1a: Toxapex|Haze|p1a: Toxapex\n|-clearallboost\n|\n|-heal|p2a: Zamazenta|37\/100|[from] item: Leftovers\n|upkeep\n|turn|8\n|\n|t:|1699832370\n|switch|p1a: Rillaboom|Rillaboom, F|100\/100\n|-fieldstart|move: Grassy Terrain|[from] ability: Grassy Surge|[of] p1a: Rillaboom\n|move|p2a: Zamazenta|Iron Defense|p2a: Zamazenta\n|-boost|p2a: Zamazenta|def|2\n|\n|-heal|p2a: Zamazenta|43\/100|[from] Grassy Terrain\n|-heal|p2a: Zamazenta|49\/100|[from] item: Leftovers\n|upkeep\n|turn|9\n|\n|t:|1699832376\n|move|p2a: Zamazenta|Body Press|p1a: Rillaboom\n|-damage|p1a: Rillaboom|25\/100\n|move|p1a: Rillaboom|U-turn|p2a: Zamazenta\n|-resisted|p2a: Zamazenta\n|-activate|p2a: Zamazenta|move: Substitute|[damage]\n|\n|t:|1699832383\n|switch|p1a: Hatterene|Hatterene, F|100\/100|[from] U-turn\n|-enditem|p1a: Hatterene|Grassy Seed\n|-boost|p1a: Hatterene|def|1|[from] item: Grassy Seed\n|\n|-heal|p2a: Zamazenta|55\/100|[from] Grassy Terrain\n|-heal|p2a: Zamazenta|61\/100|[from] item: Leftovers\n|upkeep\n|turn|10\n|\n|t:|1699832393\n|switch|p2a: Iron Moth|Iron Moth|100\/100\n|-sideend|p2: dfgffdgfd|move: Toxic Spikes|[of] p2a: Iron Moth\n|-enditem|p2a: Iron Moth|Booster Energy\n|-activate|p2a: Iron Moth|ability: Quark Drive|[fromitem]\n|-start|p2a: Iron Moth|quarkdrivespe\n|move|p1a: Hatterene|Calm Mind|p1a: Hatterene\n|-boost|p1a: Hatterene|spa|1\n|-boost|p1a: Hatterene|spd|1\n|\n|upkeep\n|turn|11\n|\n|t:|1699832399\n|-terastallize|p2a: Iron Moth|Grass\n|move|p2a: Iron Moth|Sludge Wave|p1a: Hatterene\n|-supereffective|p1a: Hatterene\n|-damage|p1a: Hatterene|25\/100\n|move|p1a: Hatterene|Psyshock|p2a: Iron Moth\n|-damage|p2a: Iron Moth|0 fnt\n|faint|p2a: Iron Moth\n|-end|p2a: Iron Moth|Quark Drive|[silent]\n|\n|-heal|p1a: Hatterene|31\/100|[from] Grassy Terrain\n|upkeep\n|\n|t:|1699832421\n|switch|p2a: Great Tusk|Great Tusk|100\/100\n|-enditem|p2a: Great Tusk|Booster Energy\n|-activate|p2a: Great Tusk|ability: Protosynthesis|[fromitem]\n|-start|p2a: Great Tusk|protosynthesisspe\n|turn|12\n|c|\u2606CutieGrookey|not me putting 2 layers of spikes vs moth\n|c|\u2606CutieGrookey|lol\n|\n|t:|1699832438\n|move|p2a: Great Tusk|Headlong Rush|p1a: Hatterene\n|-damage|p1a: Hatterene|0 fnt\n|-unboost|p2a: Great Tusk|def|1\n|-unboost|p2a: Great Tusk|spd|1\n|faint|p1a: Hatterene\n|\n|-fieldend|move: Grassy Terrain\n|upkeep\n|\n|t:|1699832447\n|switch|p1a: Dragonite|Dragonite, F|100\/100\n|turn|13\n|\n|t:|1699832459\n|-terastallize|p1a: Dragonite|Normal\n|move|p1a: Dragonite|Extreme Speed|p2a: Great Tusk\n|-damage|p2a: Great Tusk|55\/100\n|move|p2a: Great Tusk|Bulk Up|p2a: Great Tusk\n|-boost|p2a: Great Tusk|atk|1\n|-boost|p2a: Great Tusk|def|1\n|\n|upkeep\n|turn|14\n|\n|t:|1699832466\n|move|p2a: Great Tusk|Close Combat|p1a: Dragonite\n|-supereffective|p1a: Dragonite\n|-damage|p1a: Dragonite|33\/100\n|-unboost|p2a: Great Tusk|def|1\n|-unboost|p2a: Great Tusk|spd|1\n|move|p1a: Dragonite|Encore|p2a: Great Tusk\n|-start|p2a: Great Tusk|Encore\n|\n|upkeep\n|turn|15\n|\n|t:|1699832471\n|switch|p1a: Toxapex|Toxapex, M|100\/100\n|move|p2a: Great Tusk|Close Combat|p1a: Toxapex\n|-resisted|p1a: Toxapex\n|-damage|p1a: Toxapex|76\/100\n|-unboost|p2a: Great Tusk|def|1\n|-unboost|p2a: Great Tusk|spd|1\n|\n|upkeep\n|turn|16\n|\n|t:|1699832487\n|-end|p2a: Great Tusk|Protosynthesis|[silent]\n|switch|p2a: Ninetales|Ninetales-Alola, M|100\/100\n|-weather|Snow|[from] ability: Snow Warning|[of] p2a: Ninetales\n|move|p1a: Toxapex|Toxic Spikes|p2a: Ninetales\n|-sidestart|p2: dfgffdgfd|move: Toxic Spikes\n|\n|-weather|Snow|[upkeep]\n|upkeep\n|turn|17\n|\n|t:|1699832490\n|move|p2a: Ninetales|Encore|p1a: Toxapex\n|-start|p1a: Toxapex|Encore\n|move|p1a: Toxapex|Toxic Spikes|p2a: Ninetales\n|-sidestart|p2: dfgffdgfd|move: Toxic Spikes\n|\n|-weather|Snow|[upkeep]\n|upkeep\n|turn|18\n|\n|t:|1699832496\n|switch|p2a: Dragonite|Dragonite, F|100\/100\n|switch|p1a: Gholdengo|Gholdengo|100\/100\n|\n|-weather|Snow|[upkeep]\n|upkeep\n|turn|19\n|\n|t:|1699832508\n|move|p1a: Gholdengo|Shadow Ball|p2a: Dragonite\n|-damage|p2a: Dragonite|77\/100\n|move|p2a: Dragonite|Dragon Dance|p2a: Dragonite\n|-boost|p2a: Dragonite|atk|1\n|-boost|p2a: Dragonite|spe|1\n|\n|-weather|Snow|[upkeep]\n|upkeep\n|turn|20\n|\n|t:|1699832520\n|move|p1a: Gholdengo|Shadow Ball|p2a: Dragonite\n|-damage|p2a: Dragonite|31\/100\n|move|p2a: Dragonite|Earthquake|p1a: Gholdengo\n|-supereffective|p1a: Gholdengo\n|-damage|p1a: Gholdengo|0 fnt\n|faint|p1a: Gholdengo\n|\n|-weather|none\n|upkeep\n|\n|t:|1699832524\n|switch|p1a: Dragonite|Dragonite, F, tera:Normal|33\/100\n|turn|21\n|\n|t:|1699832526\n|move|p2a: Dragonite|Extreme Speed|p1a: Dragonite\n|-damage|p1a: Dragonite|0 fnt\n|faint|p1a: Dragonite\n|\n|upkeep\n|\n|t:|1699832531\n|switch|p1a: Toxapex|Toxapex, M|100\/100\n|turn|22\n|\n|t:|1699832538\n|move|p2a: Dragonite|Earthquake|p1a: Toxapex\n|-supereffective|p1a: Toxapex\n|-damage|p1a: Toxapex|30\/100\n|move|p1a: Toxapex|Infestation|p2a: Dragonite\n|-resisted|p2a: Dragonite\n|-damage|p2a: Dragonite|30\/100\n|-activate|p2a: Dragonite|move: Infestation|[of] p1a: Toxapex\n|\n|-damage|p2a: Dragonite|17\/100|[from] move: Infestation|[partiallytrapped]\n|upkeep\n|turn|23\n|\n|t:|1699832542\n|switch|p1a: Rillaboom|Rillaboom, F|25\/100\n|-fieldstart|move: Grassy Terrain|[from] ability: Grassy Surge|[of] p1a: Rillaboom\n|move|p2a: Dragonite|Earthquake|p1a: Rillaboom\n|-resisted|p1a: Rillaboom\n|-damage|p1a: Rillaboom|8\/100\n|\n|-heal|p1a: Rillaboom|14\/100|[from] Grassy Terrain\n|-end|p2a: Dragonite|Infestation|[partiallytrapped]|[silent]\n|upkeep\n|turn|24\n|\n|t:|1699832545\n|move|p2a: Dragonite|Extreme Speed|p1a: Rillaboom\n|-damage|p1a: Rillaboom|0 fnt\n|faint|p1a: Rillaboom\n|\n|upkeep\n|\n|t:|1699832548\n|switch|p1a: Toxapex|Toxapex, M|63\/100\n|turn|25\n|\n|t:|1699832551\n|move|p2a: Dragonite|Extreme Speed|p1a: Toxapex\n|-crit|p1a: Toxapex\n|-damage|p1a: Toxapex|21\/100\n|move|p1a: Toxapex|Recover|p1a: Toxapex\n|-heal|p1a: Toxapex|71\/100\n|\n|-heal|p1a: Toxapex|77\/100|[from] Grassy Terrain\n|upkeep\n|turn|26\n|\n|t:|1699832557\n|switch|p2a: Ninetales|Ninetales-Alola, M|100\/100\n|-status|p2a: Ninetales|tox\n|-weather|Snow|[from] ability: Snow Warning|[of] p2a: Ninetales\n|move|p1a: Toxapex|Infestation|p2a: Ninetales\n|-resisted|p2a: Ninetales\n|-damage|p2a: Ninetales|99\/100 tox\n|-activate|p2a: Ninetales|move: Infestation|[of] p1a: Toxapex\n|\n|-weather|Snow|[upkeep]\n|-heal|p2a: Ninetales|100\/100 tox|[from] Grassy Terrain\n|-heal|p1a: Toxapex|83\/100|[from] Grassy Terrain\n|-damage|p2a: Ninetales|94\/100 tox|[from] psn\n|-damage|p2a: Ninetales|82\/100 tox|[from] move: Infestation|[partiallytrapped]\n|upkeep\n|turn|27\n|\n|t:|1699832568\n|move|p2a: Ninetales|Encore|p1a: Toxapex\n|-start|p1a: Toxapex|Encore\n|move|p1a: Toxapex|Infestation|p2a: Ninetales\n|-resisted|p2a: Ninetales\n|-damage|p2a: Ninetales|81\/100 tox\n|\n|-weather|Snow|[upkeep]\n|-heal|p2a: Ninetales|87\/100 tox|[from] Grassy Terrain\n|-heal|p1a: Toxapex|89\/100|[from] Grassy Terrain\n|-damage|p2a: Ninetales|75\/100 tox|[from] psn\n|-damage|p2a: Ninetales|62\/100 tox|[from] move: Infestation|[partiallytrapped]\n|-fieldend|move: Grassy Terrain\n|upkeep\n|turn|28\n|\n|t:|1699832570\n|move|p2a: Ninetales|Freeze-Dry|p1a: Toxapex\n|-supereffective|p1a: Toxapex\n|-damage|p1a: Toxapex|57\/100\n|move|p1a: Toxapex|Infestation|p2a: Ninetales\n|-resisted|p2a: Ninetales\n|-damage|p2a: Ninetales|61\/100 tox\n|\n|-weather|Snow|[upkeep]\n|-damage|p2a: Ninetales|43\/100 tox|[from] psn\n|-damage|p2a: Ninetales|31\/100 tox|[from] move: Infestation|[partiallytrapped]\n|upkeep\n|turn|29\n|\n|t:|1699832573\n|move|p2a: Ninetales|Freeze-Dry|p1a: Toxapex\n|-supereffective|p1a: Toxapex\n|-damage|p1a: Toxapex|25\/100\n|move|p1a: Toxapex|Infestation|p2a: Ninetales\n|-resisted|p2a: Ninetales\n|-damage|p2a: Ninetales|29\/100 tox\n|\n|-weather|Snow|[upkeep]\n|-damage|p2a: Ninetales|5\/100 tox|[from] psn\n|-damage|p2a: Ninetales|0 fnt|[from] move: Infestation|[partiallytrapped]\n|faint|p2a: Ninetales\n|-end|p1a: Toxapex|Encore\n|upkeep\n|\n|t:|1699832578\n|switch|p2a: Dragonite|Dragonite, F|17\/100\n|turn|30\n|\n|t:|1699832580\n|move|p2a: Dragonite|Earthquake|p1a: Toxapex\n|-supereffective|p1a: Toxapex\n|-damage|p1a: Toxapex|0 fnt\n|faint|p1a: Toxapex\n|\n|win|dfgffdgfd\n|raw|CutieGrookey's rating: 1116 &rarr; <strong>1086<\/strong><br \/>(-30 for losing)\n|raw|dfgffdgfd's rating: 1045 &rarr; <strong>1085<\/strong><br \/>(+40 for winning)\n","uploadtime":1699832586,"views":11,"p1id":"cutiegrookey","p2id":"dfgffdgfd","formatid":"gen9ou","rating":1085,"private":0,"password":""}