{"id":"gen9ou-1994062508","p1":"GabiruDelicia","p2":"xiselo157","format":"[Gen 9] OU","log":"|j|\u2606GabiruDelicia\n|j|\u2606xiselo157\n|t:|1700401810\n|gametype|singles\n|player|p1|GabiruDelicia|iris|\n|player|p2|xiselo157|parasollady|\n|teamsize|p1|6\n|teamsize|p2|6\n|gen|9\n|tier|[Gen 9] OU\n|rule|Sleep Clause Mod: Limit one foe put to sleep\n|rule|Species Clause: Limit one of each Pok\u00e9mon\n|rule|OHKO Clause: OHKO moves are banned\n|rule|Evasion Items Clause: Evasion items are banned\n|rule|Evasion Moves Clause: Evasion moves are banned\n|rule|Endless Battle Clause: Forcing endless battles is banned\n|rule|HP Percentage Mod: HP is shown in percentages\n|clearpoke\n|poke|p1|Rillaboom, F|\n|poke|p1|Sneasler, M|\n|poke|p1|Manaphy|\n|poke|p1|Great Tusk|\n|poke|p1|Kingambit, M|\n|poke|p1|Slowking-Galar, M|\n|poke|p2|Cinderace, M|\n|poke|p2|Slowking-Galar, F|\n|poke|p2|Inteleon, F|\n|poke|p2|Great Tusk|\n|poke|p2|Amoonguss, M|\n|poke|p2|Kingambit, M|\n|teampreview\n|inactive|Battle timer is ON: inactive players will automatically lose when time's up. (requested by GabiruDelicia)\n|c|\u2606xiselo157|forfrit\n|\n|t:|1700401826\n|start\n|switch|p1a: Rillaboom|Rillaboom, F|100\/100\n|switch|p2a: Amoonguss|Amoonguss, M|100\/100\n|-fieldstart|move: Grassy Terrain|[from] ability: Grassy Surge|[of] p1a: Rillaboom\n|turn|1\n|\n|t:|1700401838\n|move|p1a: Rillaboom|U-turn|p2a: Amoonguss\n|-damage|p2a: Amoonguss|75\/100\n|-enditem|p2a: Amoonguss|Red Card|[of] p1a: Rillaboom\n|drag|p1a: Kingambit|Kingambit, M|100\/100\n|move|p2a: Amoonguss|Sludge Bomb|p1a: Kingambit\n|-immune|p1a: Kingambit\n|\n|-heal|p2a: Amoonguss|81\/100|[from] Grassy Terrain\n|upkeep\n|turn|2\n|c|\u2606xiselo157|eu nunca acerto isso, vai se fuder\n|\n|t:|1700401855\n|-end|p1a: Kingambit|fallenundefined|[silent]\n|switch|p1a: Rillaboom|Rillaboom, F|100\/100\n|switch|p2a: Cinderace|Cinderace, M|100\/100\n|\n|upkeep\n|turn|3\n|\n|t:|1700401863\n|switch|p1a: Great Tusk|Great Tusk|100\/100\n|move|p2a: Cinderace|Pyro Ball|p1a: Great Tusk\n|-damage|p1a: Great Tusk|61\/100\n|\n|-heal|p1a: Great Tusk|67\/100|[from] Grassy Terrain\n|upkeep\n|turn|4\n|\n|t:|1700401879\n|move|p2a: Cinderace|U-turn|p1a: Great Tusk\n|-start|p2a: Cinderace|typechange|Bug|[from] ability: Libero\n|-resisted|p1a: Great Tusk\n|-damage|p1a: Great Tusk|54\/100\n|\n|t:|1700401893\n|switch|p2a: Great Tusk|Great Tusk|100\/100|[from] U-turn\n|move|p1a: Great Tusk|Knock Off|p2a: Great Tusk\n|-resisted|p2a: Great Tusk\n|-damage|p2a: Great Tusk|93\/100\n|-enditem|p2a: Great Tusk|Leftovers|[from] move: Knock Off|[of] p1a: Great Tusk\n|\n|-heal|p1a: Great Tusk|61\/100|[from] Grassy Terrain\n|-heal|p2a: Great Tusk|99\/100|[from] Grassy Terrain\n|upkeep\n|turn|5\n|inactive|GabiruDelicia has 270 seconds left.\n|\n|t:|1700401923\n|-end|p1a: Great Tusk|Protosynthesis|[silent]\n|switch|p1a: Slowking|Slowking-Galar, M|100\/100\n|move|p2a: Great Tusk|Rapid Spin|p1a: Slowking\n|-damage|p1a: Slowking|84\/100\n|-boost|p2a: Great Tusk|spe|1\n|\n|-heal|p2a: Great Tusk|100\/100|[from] Grassy Terrain\n|-heal|p1a: Slowking|90\/100|[from] Grassy Terrain\n|-fieldend|move: Grassy Terrain\n|upkeep\n|turn|6\n|\n|t:|1700401950\n|switch|p1a: Rillaboom|Rillaboom, F|100\/100\n|-fieldstart|move: Grassy Terrain|[from] ability: Grassy Surge|[of] p1a: Rillaboom\n|move|p2a: Great Tusk|Earthquake|p1a: Rillaboom\n|-resisted|p1a: Rillaboom\n|-damage|p1a: Rillaboom|89\/100\n|\n|-heal|p1a: Rillaboom|95\/100|[from] Grassy Terrain\n|upkeep\n|turn|7\n|\n|t:|1700401961\n|-end|p2a: Great Tusk|Protosynthesis|[silent]\n|switch|p2a: Amoonguss|Amoonguss, M|100\/100\n|move|p1a: Rillaboom|Knock Off|p2a: Amoonguss\n|-damage|p2a: Amoonguss|74\/100\n|\n|-heal|p1a: Rillaboom|100\/100|[from] Grassy Terrain\n|-heal|p2a: Amoonguss|80\/100|[from] Grassy Terrain\n|upkeep\n|turn|8\n|\n|t:|1700401974\n|switch|p1a: Slowking|Slowking-Galar, M|100\/100\n|move|p2a: Amoonguss|Giga Drain|p1a: Slowking\n|-resisted|p1a: Slowking\n|-damage|p1a: Slowking|89\/100\n|-heal|p2a: Amoonguss|86\/100|[from] drain|[of] p1a: Slowking\n|\n|-heal|p2a: Amoonguss|92\/100|[from] Grassy Terrain\n|-heal|p1a: Slowking|95\/100|[from] Grassy Terrain\n|upkeep\n|turn|9\n|\n|t:|1700401991\n|switch|p2a: Kingambit|Kingambit, M|100\/100\n|move|p1a: Slowking|Future Sight|p2a: Kingambit\n|-start|p1a: Slowking|move: Future Sight\n|\n|-heal|p1a: Slowking|100\/100|[from] Grassy Terrain\n|upkeep\n|turn|10\n|\n|t:|1700401999\n|-end|p2a: Kingambit|fallenundefined|[silent]\n|switch|p2a: Slowking|Slowking-Galar, F|100\/100\n|switch|p1a: Kingambit|Kingambit, M|100\/100\n|\n|-fieldend|move: Grassy Terrain\n|upkeep\n|turn|11\n|\n|t:|1700402011\n|move|p1a: Kingambit|Low Kick|p2a: Slowking\n|-resisted|p2a: Slowking\n|-damage|p2a: Slowking|93\/100\n|move|p2a: Slowking|Flamethrower|p1a: Kingambit\n|-supereffective|p1a: Kingambit\n|-damage|p1a: Kingambit|36\/100\n|\n|-end|p2a: Slowking|move: Future Sight\n|-damage|p2a: Slowking|42\/100\n|-heal|p1a: Kingambit|42\/100|[from] item: Leftovers\n|upkeep\n|turn|12\n|\n|t:|1700402021\n|switch|p2a: Amoonguss|Amoonguss, M|100\/100\n|move|p1a: Kingambit|Kowtow Cleave|p2a: Amoonguss\n|-damage|p2a: Amoonguss|59\/100\n|\n|-heal|p1a: Kingambit|48\/100|[from] item: Leftovers\n|upkeep\n|turn|13\n|\n|t:|1700402028\n|move|p1a: Kingambit|Kowtow Cleave|p2a: Amoonguss\n|-damage|p2a: Amoonguss|22\/100\n|move|p2a: Amoonguss|Spore|p1a: Kingambit\n|-status|p1a: Kingambit|slp|[from] move: Spore\n|\n|-heal|p1a: Kingambit|55\/100 slp|[from] item: Leftovers\n|upkeep\n|turn|14\n|\n|t:|1700402043\n|switch|p2a: Kingambit|Kingambit, M|100\/100\n|cant|p1a: Kingambit|slp\n|\n|-heal|p1a: Kingambit|61\/100 slp|[from] item: Leftovers\n|upkeep\n|turn|15\n|\n|t:|1700402049\n|-curestatus|p1a: Kingambit|slp|[msg]\n|move|p1a: Kingambit|Low Kick|p2a: Kingambit\n|-supereffective|p2a: Kingambit\n|-damage|p2a: Kingambit|0 fnt\n|faint|p2a: Kingambit\n|-end|p2a: Kingambit|fallenundefined|[silent]\n|\n|-heal|p1a: Kingambit|67\/100|[from] item: Leftovers\n|upkeep\n|c|\u2606xiselo157|odeio ndgros\n|\n|t:|1700402058\n|switch|p2a: Cinderace|Cinderace, M|100\/100\n|turn|16\n|\n|t:|1700402067\n|-end|p1a: Kingambit|fallenundefined|[silent]\n|switch|p1a: Manaphy|Manaphy|100\/100\n|move|p2a: Cinderace|Pyro Ball|p1a: Manaphy\n|-resisted|p1a: Manaphy\n|-damage|p1a: Manaphy|71\/100\n|\n|upkeep\n|turn|17\n|\n|t:|1700402083\n|move|p2a: Cinderace|U-turn|p1a: Manaphy\n|-start|p2a: Cinderace|typechange|Bug|[from] ability: Libero\n|-damage|p1a: Manaphy|35\/100\n|\n|t:|1700402089\n|switch|p2a: Slowking|Slowking-Galar, F|75\/100|[from] U-turn\n|move|p1a: Manaphy|Acid Armor|p1a: Manaphy\n|-boost|p1a: Manaphy|def|2\n|\n|upkeep\n|turn|18\n|\n|t:|1700402103\n|move|p1a: Manaphy|Scald|p2a: Slowking\n|-damage|p2a: Slowking|44\/100\n|move|p2a: Slowking|Sludge Bomb|p1a: Manaphy\n|-crit|p1a: Manaphy\n|-damage|p1a: Manaphy|0 fnt\n|faint|p1a: Manaphy\n|\n|upkeep\n|\n|t:|1700402107\n|switch|p1a: Great Tusk|Great Tusk|61\/100\n|turn|19\n|\n|t:|1700402113\n|switch|p2a: Great Tusk|Great Tusk|100\/100\n|move|p1a: Great Tusk|Earthquake|p2a: Great Tusk\n|-damage|p2a: Great Tusk|73\/100\n|\n|upkeep\n|turn|20\n|\n|t:|1700402120\n|move|p1a: Great Tusk|Earthquake|p2a: Great Tusk\n|-damage|p2a: Great Tusk|45\/100\n|move|p2a: Great Tusk|Rapid Spin|p1a: Great Tusk\n|-crit|p1a: Great Tusk\n|-damage|p1a: Great Tusk|45\/100\n|-boost|p2a: Great Tusk|spe|1\n|\n|upkeep\n|turn|21\n|\n|t:|1700402130\n|move|p2a: Great Tusk|Earthquake|p1a: Great Tusk\n|-damage|p1a: Great Tusk|13\/100\n|move|p1a: Great Tusk|Earthquake|p2a: Great Tusk\n|-damage|p2a: Great Tusk|20\/100\n|\n|upkeep\n|turn|22\n|\n|t:|1700402136\n|-end|p1a: Great Tusk|Protosynthesis|[silent]\n|switch|p1a: Rillaboom|Rillaboom, F|100\/100\n|-fieldstart|move: Grassy Terrain|[from] ability: Grassy Surge|[of] p1a: Rillaboom\n|move|p2a: Great Tusk|Earthquake|p1a: Rillaboom\n|-resisted|p1a: Rillaboom\n|-damage|p1a: Rillaboom|88\/100\n|\n|-heal|p2a: Great Tusk|26\/100|[from] Grassy Terrain\n|-heal|p1a: Rillaboom|95\/100|[from] Grassy Terrain\n|upkeep\n|turn|23\n|\n|t:|1700402141\n|move|p1a: Rillaboom|Grassy Glide|p2a: Great Tusk\n|-supereffective|p2a: Great Tusk\n|-damage|p2a: Great Tusk|0 fnt\n|faint|p2a: Great Tusk\n|-end|p2a: Great Tusk|Protosynthesis|[silent]\n|\n|-heal|p1a: Rillaboom|100\/100|[from] Grassy Terrain\n|upkeep\n|\n|t:|1700402145\n|switch|p2a: Cinderace|Cinderace, M|100\/100\n|turn|24\n|\n|t:|1700402171\n|switch|p1a: Great Tusk|Great Tusk|13\/100\n|move|p2a: Cinderace|Pyro Ball|p1a: Great Tusk\n|-damage|p1a: Great Tusk|0 fnt\n|faint|p1a: Great Tusk\n|-end|p1a: Great Tusk|Protosynthesis|[silent]\n|\n|upkeep\n|\n|t:|1700402179\n|switch|p1a: Slowking|Slowking-Galar, M|100\/100\n|turn|25\n|\n|t:|1700402183\n|move|p2a: Cinderace|U-turn|p1a: Slowking\n|-start|p2a: Cinderace|typechange|Bug|[from] ability: Libero\n|-damage|p1a: Slowking|65\/100\n|\n|t:|1700402187\n|switch|p2a: Slowking|Slowking-Galar, F|78\/100|[from] U-turn\n|move|p1a: Slowking|Future Sight|p2a: Slowking\n|-start|p1a: Slowking|move: Future Sight\n|\n|-heal|p1a: Slowking|71\/100|[from] Grassy Terrain\n|-heal|p2a: Slowking|84\/100|[from] Grassy Terrain\n|upkeep\n|turn|26\n|\n|t:|1700402191\n|move|p1a: Slowking|Chilly Reception|p1a: Slowking\n|-weather|Snow\n|\n|t:|1700402193\n|switch|p1a: Kingambit|Kingambit, M|67\/100|[from] Chilly Reception\n|-activate|p1a: Kingambit|ability: Supreme Overlord\n|-start|p1a: Kingambit|fallen2|[silent]\n|move|p2a: Slowking|Flamethrower|p1a: Kingambit\n|-supereffective|p1a: Kingambit\n|-damage|p1a: Kingambit|0 fnt\n|faint|p1a: Kingambit\n|-end|p1a: Kingambit|fallen2|[silent]\n|\n|-weather|Snow|[upkeep]\n|-heal|p2a: Slowking|90\/100|[from] Grassy Terrain\n|-fieldend|move: Grassy Terrain\n|upkeep\n|\n|t:|1700402198\n|switch|p1a: Rillaboom|Rillaboom, F|100\/100\n|-fieldstart|move: Grassy Terrain|[from] ability: Grassy Surge|[of] p1a: Rillaboom\n|turn|27\n|\n|t:|1700402203\n|switch|p2a: Amoonguss|Amoonguss, M|55\/100\n|move|p1a: Rillaboom|Knock Off|p2a: Amoonguss\n|-damage|p2a: Amoonguss|28\/100\n|\n|-weather|Snow|[upkeep]\n|-end|p2a: Amoonguss|move: Future Sight\n|-supereffective|p2a: Amoonguss\n|-damage|p2a: Amoonguss|0 fnt\n|faint|p2a: Amoonguss\n|upkeep\n|\n|t:|1700402213\n|switch|p2a: Cinderace|Cinderace, M|100\/100\n|turn|28\n|\n|t:|1700402221\n|switch|p1a: Slowking|Slowking-Galar, M|100\/100\n|move|p2a: Cinderace|Pyro Ball|p1a: Slowking\n|-crit|p1a: Slowking\n|-damage|p1a: Slowking|11\/100\n|\n|-weather|Snow|[upkeep]\n|-heal|p1a: Slowking|18\/100|[from] Grassy Terrain\n|upkeep\n|turn|29\n|\n|t:|1700402234\n|move|p2a: Cinderace|U-turn|p1a: Slowking\n|-start|p2a: Cinderace|typechange|Bug|[from] ability: Libero\n|-damage|p1a: Slowking|0 fnt\n|faint|p1a: Slowking\n|\n|t:|1700402253\n|switch|p2a: Slowking|Slowking-Galar, F|100\/100|[from] U-turn\n|\n|-weather|Snow|[upkeep]\n|upkeep\n|\n|t:|1700402256\n|switch|p1a: Sneasler|Sneasler, M|100\/100\n|-enditem|p1a: Sneasler|Grassy Seed\n|-boost|p1a: Sneasler|def|1|[from] item: Grassy Seed\n|turn|30\n|c|\u2606GabiruDelicia|Dei miss\n|c|\u2606GabiruDelicia|Skip se for humilde\n|\n|t:|1700402272\n|-terastallize|p1a: Sneasler|Dark\n|move|p1a: Sneasler|Swords Dance|p1a: Sneasler\n|-boost|p1a: Sneasler|atk|2\n|move|p2a: Slowking|Future Sight|p1a: Sneasler\n|-start|p2a: Slowking|move: Future Sight\n|\n|-weather|none\n|upkeep\n|turn|31\n|c|\u2606GabiruDelicia|Bait do gord\u00e3o\n|\n|t:|1700402288\n|move|p1a: Sneasler|Lash Out|p2a: Slowking\n|-supereffective|p2a: Slowking\n|-damage|p2a: Slowking|0 fnt\n|faint|p2a: Slowking\n|\n|-fieldend|move: Grassy Terrain\n|upkeep\n|\n|t:|1700402296\n|switch|p2a: Cinderace|Cinderace, M|100\/100\n|turn|32\n|c|\u2606xiselo157|\ud83d\ude14\n|c|\u2606xiselo157|skipa\n|c|\u2606xiselo157|\ud83d\ude45\u200d\u2642\ufe0f\n|inactive|GabiruDelicia has 270 seconds left.\n|\n|t:|1700402326\n|move|p1a: Sneasler|Lash Out|p2a: Cinderace\n|-damage|p2a: Cinderace|0 fnt\n|faint|p2a: Cinderace\n|\n|-end|p1a: Sneasler|move: Future Sight\n|-immune|p1a: Sneasler\n|upkeep\n|c|\u2606xiselo157|por issi odeio negros\n|c|\u2606GabiruDelicia|Sou lindo\n|\n|t:|1700402334\n|switch|p2a: Inteleon|Inteleon, F|100\/100\n|turn|33\n|\n|t:|1700402342\n|move|p1a: Sneasler|Close Combat|p2a: Inteleon\n|-damage|p2a: Inteleon|0 fnt\n|-unboost|p1a: Sneasler|def|1\n|-unboost|p1a: Sneasler|spd|1\n|faint|p2a: Inteleon\n|\n|win|GabiruDelicia\n","uploadtime":1700402348,"views":5,"p1id":"gabirudelicia","p2id":"xiselo157","formatid":"gen9ou","rating":0,"private":0,"password":""}