{"id":"gen9ou-1993414180","p1":"AltoMandoKuro","p2":"SweetNSourSpinda","format":"[Gen 9] OU","log":"|j|\u2606AltoMandoKuro\n|j|\u2606SweetNSourSpinda\n|inactive|Battle timer is ON: inactive players will automatically lose when time's up.\n|t:|1700314682\n|gametype|singles\n|player|p1|AltoMandoKuro|veteran|\n|player|p2|SweetNSourSpinda|schoolkidf|\n|teamsize|p1|5\n|teamsize|p2|5\n|gen|9\n|tier|[Gen 9] OU\n|rated|Tournament battle\n|rule|Sleep Clause Mod: Limit one foe put to sleep\n|rule|Species Clause: Limit one of each Pok\u00e9mon\n|rule|OHKO Clause: OHKO moves are banned\n|rule|Evasion Items Clause: Evasion items are banned\n|rule|Evasion Moves Clause: Evasion moves are banned\n|rule|Endless Battle Clause: Forcing endless battles is banned\n|rule|HP Percentage Mod: HP is shown in percentages\n|clearpoke\n|poke|p1|Naclstack, M|\n|poke|p1|Toxapex, F|\n|poke|p1|Rillaboom, M|\n|poke|p1|Chandelure, F|\n|poke|p1|Mudsdale, F|\n|poke|p2|Noivern, F|\n|poke|p2|Pelipper, F|\n|poke|p2|Sliggoo-Hisui, F|\n|poke|p2|Haxorus, F|\n|poke|p2|Samurott-Hisui, F|\n|teampreview\n|j|*Lady Monita \u2746\n|j| cesar dios pokemon\n|\n|t:|1700314704\n|start\n|switch|p1a: Juan Manuel|Toxapex, F, shiny|100\/100\n|switch|p2a: Pelipper|Pelipper, F|100\/100\n|-weather|RainDance|[from] ability: Drizzle|[of] p2a: Pelipper\n|turn|1\n|c|\u2606AltoMandoKuro|glhf\n|c|\u2606SweetNSourSpinda|u2\n|\n|t:|1700314715\n|move|p2a: Pelipper|Knock Off|p1a: Juan Manuel\n|-damage|p1a: Juan Manuel|93\/100\n|-enditem|p1a: Juan Manuel|Black Sludge|[from] move: Knock Off|[of] p2a: Pelipper\n|move|p1a: Juan Manuel|Toxic|p2a: Pelipper\n|-status|p2a: Pelipper|tox\n|\n|-weather|RainDance|[upkeep]\n|-damage|p2a: Pelipper|94\/100 tox|[from] psn\n|upkeep\n|turn|2\n|\n|t:|1700314723\n|move|p2a: Pelipper|Hurricane|p1a: Juan Manuel\n|-damage|p1a: Juan Manuel|51\/100\n|-start|p1a: Juan Manuel|confusion\n|-activate|p1a: Juan Manuel|confusion\n|-damage|p1a: Juan Manuel|49\/100|[from] confusion\n|\n|-weather|RainDance|[upkeep]\n|-heal|p2a: Pelipper|100\/100 tox|[from] item: Leftovers\n|-damage|p2a: Pelipper|88\/100 tox|[from] psn\n|upkeep\n|turn|3\n|c| cesar dios pokemon|Suerte kuro tt\n|c|\u2606AltoMandoKuro|grache\n|c|\u2606AltoMandoKuro|aun asi esta perdido XD\n|c|\u2606AltoMandoKuro|me tengo que ir a comer\n|c| cesar dios pokemon|F\n|l| cesar dios pokemon\n|\n|t:|1700314750\n|-activate|p1a: Juan Manuel|confusion\n|move|p1a: Juan Manuel|Baneful Bunker|p1a: Juan Manuel\n|-singleturn|p1a: Juan Manuel|move: Protect\n|move|p2a: Pelipper|Hurricane|p1a: Juan Manuel\n|-activate|p1a: Juan Manuel|move: Protect\n|\n|-weather|RainDance|[upkeep]\n|-heal|p2a: Pelipper|94\/100 tox|[from] item: Leftovers\n|-damage|p2a: Pelipper|76\/100 tox|[from] psn\n|upkeep\n|turn|4\n|\n|t:|1700314776\n|switch|p1a: Naclstack|Naclstack, M|100\/100\n|move|p2a: Pelipper|Hurricane|p1a: Naclstack\n|-resisted|p1a: Naclstack\n|-crit|p1a: Naclstack\n|-damage|p1a: Naclstack|67\/100\n|\n|-weather|RainDance|[upkeep]\n|-heal|p2a: Pelipper|82\/100 tox|[from] item: Leftovers\n|-damage|p2a: Pelipper|58\/100 tox|[from] psn\n|upkeep\n|turn|5\n|\n|t:|1700314792\n|move|p1a: Naclstack|Protect|p1a: Naclstack\n|-singleturn|p1a: Naclstack|Protect\n|move|p2a: Pelipper|Weather Ball|p1a: Naclstack\n|-activate|p1a: Naclstack|move: Protect\n|\n|-weather|none\n|-heal|p2a: Pelipper|64\/100 tox|[from] item: Leftovers\n|-damage|p2a: Pelipper|33\/100 tox|[from] psn\n|upkeep\n|turn|6\n|inactive|AltoMandoKuro has 120 seconds left.\n|\n|t:|1700314810\n|switch|p2a: Sliggoo|Sliggoo-Hisui, F|100\/100\n|switch|p1a: Juan Manuel|Toxapex, F, shiny|82\/100\n|\n|upkeep\n|turn|7\n|j| LOBATOS\n|inactive|AltoMandoKuro has 120 seconds left.\n|j| karameru_san\n|\n|t:|1700314828\n|switch|p2a: Samurott|Samurott-Hisui, F|100\/100\n|switch|p1a: Juan Alberto|Rillaboom, M, shiny|100\/100\n|-fieldstart|move: Grassy Terrain|[from] ability: Grassy Surge|[of] p1a: Juan Alberto\n|\n|upkeep\n|turn|8\n|c| karameru_san|vamos kuro\n|\n|t:|1700314837\n|-terastallize|p2a: Samurott|Steel\n|move|p1a: Juan Alberto|Swords Dance|p1a: Juan Alberto\n|-boost|p1a: Juan Alberto|atk|2\n|move|p2a: Samurott|Ceaseless Edge|p1a: Juan Alberto\n|-damage|p1a: Juan Alberto|55\/100\n|-sidestart|p1: AltoMandoKuro|Spikes\n|\n|-heal|p1a: Juan Alberto|61\/100|[from] Grassy Terrain\n|upkeep\n|turn|9\n|\n|t:|1700314847\n|move|p2a: Samurott|X-Scissor|p1a: Juan Alberto\n|-supereffective|p1a: Juan Alberto\n|-damage|p1a: Juan Alberto|0 fnt\n|faint|p1a: Juan Alberto\n|\n|upkeep\n|l| LOBATOS\n|\n|t:|1700314856\n|switch|p1a: Juan Miguel|Chandelure, F, shiny|100\/100\n|-damage|p1a: Juan Miguel|88\/100|[from] Spikes\n|turn|10\n|\n|t:|1700314870\n|switch|p2a: Pelipper|Pelipper, F|33\/100 tox\n|-weather|RainDance|[from] ability: Drizzle|[of] p2a: Pelipper\n|-terastallize|p1a: Juan Miguel|Grass\n|move|p1a: Juan Miguel|Flamethrower|p2a: Pelipper\n|-resisted|p2a: Pelipper\n|-damage|p2a: Pelipper|0 fnt\n|faint|p2a: Pelipper\n|\n|-weather|RainDance|[upkeep]\n|-heal|p1a: Juan Miguel|94\/100|[from] Grassy Terrain\n|upkeep\n|j| Blonking\n|\n|t:|1700314883\n|switch|p2a: Noivern|Noivern, F|100\/100\n|turn|11\n|\n|t:|1700314899\n|switch|p1a: Juan Manuel|Toxapex, F, shiny|100\/100\n|-damage|p1a: Juan Manuel|88\/100|[from] Spikes\n|move|p2a: Noivern|Air Slash|p1a: Juan Manuel\n|-damage|p1a: Juan Manuel|60\/100\n|\n|-weather|RainDance|[upkeep]\n|-heal|p1a: Juan Manuel|66\/100|[from] Grassy Terrain\n|-fieldend|move: Grassy Terrain\n|upkeep\n|turn|12\n|j| shiftygatito\n|\n|t:|1700314910\n|move|p2a: Noivern|Air Slash|p1a: Juan Manuel\n|-damage|p1a: Juan Manuel|42\/100\n|move|p1a: Juan Manuel|Toxic|p2a: Noivern\n|-status|p2a: Noivern|tox\n|\n|-weather|RainDance|[upkeep]\n|-damage|p2a: Noivern|94\/100 tox|[from] psn\n|upkeep\n|turn|13\n|\n|t:|1700314919\n|move|p1a: Juan Manuel|Baneful Bunker|p1a: Juan Manuel\n|-singleturn|p1a: Juan Manuel|move: Protect\n|move|p2a: Noivern|Boomburst|p1a: Juan Manuel\n|-activate|p1a: Juan Manuel|move: Protect\n|\n|-weather|RainDance|[upkeep]\n|-damage|p2a: Noivern|82\/100 tox|[from] psn\n|upkeep\n|turn|14\n|\n|t:|1700314948\n|switch|p1a: Naclstack|Naclstack, M|67\/100\n|-damage|p1a: Naclstack|55\/100|[from] Spikes\n|move|p2a: Noivern|Boomburst|p1a: Naclstack\n|-resisted|p1a: Naclstack\n|-damage|p1a: Naclstack|34\/100\n|\n|-weather|none\n|-damage|p2a: Noivern|64\/100 tox|[from] psn\n|upkeep\n|turn|15\n|inactive|AltoMandoKuro has 120 seconds left.\n|\n|t:|1700314966\n|switch|p2a: Sliggoo|Sliggoo-Hisui, F|100\/100\n|move|p1a: Naclstack|Recover|p1a: Naclstack\n|-heal|p1a: Naclstack|84\/100\n|\n|upkeep\n|turn|16\n|\n|t:|1700314972\n|move|p2a: Sliggoo|Dragon Breath|p1a: Naclstack\n|-damage|p1a: Naclstack|56\/100\n|move|p1a: Naclstack|Salt Cure|p2a: Sliggoo\n|-resisted|p2a: Sliggoo\n|-damage|p2a: Sliggoo|96\/100\n|-start|p2a: Sliggoo|Salt Cure\n|\n|-damage|p2a: Sliggoo|72\/100|[from] Salt Cure\n|upkeep\n|turn|17\n|inactive|AltoMandoKuro has 120 seconds left.\n|\n|t:|1700314989\n|switch|p2a: Samurott|Samurott-Hisui, F, tera:Steel|100\/100\n|move|p1a: Naclstack|Recover|p1a: Naclstack\n|-heal|p1a: Naclstack|100\/100\n|\n|upkeep\n|turn|18\n|\n|t:|1700314996\n|move|p2a: Samurott|Ceaseless Edge|p1a: Naclstack\n|-damage|p1a: Naclstack|79\/100\n|-sidestart|p1: AltoMandoKuro|Spikes\n|move|p1a: Naclstack|Salt Cure|p2a: Samurott\n|-resisted|p2a: Samurott\n|-damage|p2a: Samurott|94\/100\n|-start|p2a: Samurott|Salt Cure\n|\n|-damage|p2a: Samurott|69\/100|[from] Salt Cure\n|upkeep\n|turn|19\n|\n|t:|1700315006\n|move|p1a: Naclstack|Protect|p1a: Naclstack\n|-singleturn|p1a: Naclstack|Protect\n|move|p2a: Samurott|Aqua Cutter|p1a: Naclstack\n|-activate|p1a: Naclstack|move: Protect\n|\n|-damage|p2a: Samurott|44\/100|[from] Salt Cure\n|upkeep\n|turn|20\n|\n|t:|1700315014\n|move|p2a: Samurott|X-Scissor|p1a: Naclstack\n|-damage|p1a: Naclstack|59\/100\n|move|p1a: Naclstack|Recover|p1a: Naclstack\n|-heal|p1a: Naclstack|100\/100\n|\n|-damage|p2a: Samurott|20\/100|[from] Salt Cure\n|upkeep\n|turn|21\n|\n|t:|1700315029\n|switch|p2a: Noivern|Noivern, F|64\/100 tox\n|move|p1a: Naclstack|Protect||[still]\n|-fail|p1a: Naclstack\n|\n|-damage|p2a: Noivern|58\/100 tox|[from] psn\n|upkeep\n|turn|22\n|l| shiftygatito\n|\n|t:|1700315044\n|move|p2a: Noivern|Air Slash|p1a: Naclstack\n|-resisted|p1a: Naclstack\n|-crit|p1a: Naclstack\n|-damage|p1a: Naclstack|75\/100\n|move|p1a: Naclstack|Salt Cure|p2a: Noivern\n|-supereffective|p2a: Noivern\n|-damage|p2a: Noivern|34\/100 tox\n|-start|p2a: Noivern|Salt Cure\n|\n|-damage|p2a: Noivern|22\/100 tox|[from] psn\n|-damage|p2a: Noivern|10\/100 tox|[from] Salt Cure\n|upkeep\n|turn|23\n|\n|t:|1700315059\n|switch|p2a: Sliggoo|Sliggoo-Hisui, F|72\/100\n|move|p1a: Naclstack|Recover|p1a: Naclstack\n|-heal|p1a: Naclstack|100\/100\n|\n|upkeep\n|turn|24\n|\n|t:|1700315068\n|move|p2a: Sliggoo|Dragon Breath|p1a: Naclstack\n|-damage|p1a: Naclstack|77\/100\n|move|p1a: Naclstack|Salt Cure|p2a: Sliggoo\n|-resisted|p2a: Sliggoo\n|-damage|p2a: Sliggoo|68\/100\n|-start|p2a: Sliggoo|Salt Cure\n|\n|-damage|p2a: Sliggoo|43\/100|[from] Salt Cure\n|upkeep\n|turn|25\n|\n|t:|1700315085\n|move|p2a: Sliggoo|Dragon Breath|p1a: Naclstack\n|-damage|p1a: Naclstack|54\/100\n|move|p1a: Naclstack|Earthquake|p2a: Sliggoo\n|-supereffective|p2a: Sliggoo\n|-damage|p2a: Sliggoo|15\/100\n|\n|-damage|p2a: Sliggoo|0 fnt|[from] Salt Cure\n|faint|p2a: Sliggoo\n|upkeep\n|\n|t:|1700315098\n|switch|p2a: Haxorus|Haxorus, F|100\/100\n|-ability|p2a: Haxorus|Mold Breaker\n|turn|26\n|\n|t:|1700315107\n|move|p2a: Haxorus|First Impression|p1a: Naclstack\n|-damage|p1a: Naclstack|36\/100\n|move|p1a: Naclstack|Salt Cure|p2a: Haxorus\n|-damage|p2a: Haxorus|88\/100\n|-start|p2a: Haxorus|Salt Cure\n|\n|-damage|p2a: Haxorus|76\/100|[from] Salt Cure\n|upkeep\n|turn|27\n|\n|t:|1700315125\n|move|p2a: Haxorus|Iron Head|p1a: Naclstack\n|-supereffective|p1a: Naclstack\n|-damage|p1a: Naclstack|5\/100\n|move|p1a: Naclstack|Recover|p1a: Naclstack\n|-heal|p1a: Naclstack|55\/100\n|\n|-damage|p2a: Haxorus|64\/100|[from] Salt Cure\n|upkeep\n|turn|28\n|\n|t:|1700315142\n|move|p1a: Naclstack|Protect|p1a: Naclstack\n|-singleturn|p1a: Naclstack|Protect\n|move|p2a: Haxorus|Iron Head|p1a: Naclstack\n|-activate|p1a: Naclstack|move: Protect\n|\n|-damage|p2a: Haxorus|51\/100|[from] Salt Cure\n|upkeep\n|turn|29\n|\n|t:|1700315160\n|move|p2a: Haxorus|Iron Head|p1a: Naclstack\n|-supereffective|p1a: Naclstack\n|-damage|p1a: Naclstack|21\/100\n|move|p1a: Naclstack|Recover|p1a: Naclstack\n|-heal|p1a: Naclstack|71\/100\n|\n|-damage|p2a: Haxorus|39\/100|[from] Salt Cure\n|upkeep\n|turn|30\n|\n|t:|1700315170\n|move|p1a: Naclstack|Protect|p1a: Naclstack\n|-singleturn|p1a: Naclstack|Protect\n|move|p2a: Haxorus|Iron Head|p1a: Naclstack\n|-activate|p1a: Naclstack|move: Protect\n|\n|-damage|p2a: Haxorus|27\/100|[from] Salt Cure\n|upkeep\n|turn|31\n|\n|t:|1700315179\n|switch|p2a: Noivern|Noivern, F|10\/100 tox\n|move|p1a: Naclstack|Recover|p1a: Naclstack\n|-heal|p1a: Naclstack|100\/100\n|\n|-damage|p2a: Noivern|3\/100 tox|[from] psn\n|upkeep\n|turn|32\n|-message|SweetNSourSpinda forfeited.\n|\n|win|AltoMandoKuro\n|n|\u2606AltoMandoKuro|altomandokuro\n|n|\u2606SweetNSourSpinda|sweetnsourspinda\n|n|*Lady Monita \u2746|ladymonita\n|n| karameru_san|karamerusan\n|n| Blonking|blonking\n","uploadtime":1700315183,"views":7,"p1id":"altomandokuro","p2id":"sweetnsourspinda","formatid":"gen9ou","rating":0,"private":0,"password":""}