{"id":"gen9ou-1988703510","p1":"Wh03Ru","p2":"6FuckingTypes","format":"[Gen 9] OU","log":"|j|\u2606Wh03Ru\n|j|\u26066FuckingTypes\n|t:|1699752666\n|gametype|singles\n|player|p1|Wh03Ru|burglar|1038\n|player|p2|6FuckingTypes|allister|1116\n|teamsize|p1|6\n|teamsize|p2|6\n|gen|9\n|tier|[Gen 9] OU\n|rated|\n|rule|Sleep Clause Mod: Limit one foe put to sleep\n|rule|Species Clause: Limit one of each Pok\u00e9mon\n|rule|OHKO Clause: OHKO moves are banned\n|rule|Evasion Items Clause: Evasion items are banned\n|rule|Evasion Moves Clause: Evasion moves are banned\n|rule|Endless Battle Clause: Forcing endless battles is banned\n|rule|HP Percentage Mod: HP is shown in percentages\n|clearpoke\n|poke|p1|Breloom, F|\n|poke|p1|Zapdos|\n|poke|p1|Weavile, M|\n|poke|p1|Basculegion-F, F|\n|poke|p1|Great Tusk|\n|poke|p1|Dragapult, F|\n|poke|p2|Great Tusk|\n|poke|p2|Ting-Lu|\n|poke|p2|Landorus-Therian, M|\n|poke|p2|Garchomp, F|\n|poke|p2|Mamoswine, F|\n|poke|p2|Sandy Shocks|\n|teampreview\n|\n|t:|1699752681\n|start\n|switch|p1a: Dragapult|Dragapult, F|100\/100\n|switch|p2a: Ting-Lu|Ting-Lu|100\/100\n|-ability|p2a: Ting-Lu|Vessel of Ruin\n|turn|1\n|\n|t:|1699752688\n|move|p1a: Dragapult|Substitute|p1a: Dragapult\n|-start|p1a: Dragapult|Substitute\n|-damage|p1a: Dragapult|76\/100\n|move|p2a: Ting-Lu|Spikes|p1a: Dragapult\n|-sidestart|p1: Wh03Ru|Spikes\n|\n|upkeep\n|turn|2\n|\n|t:|1699752696\n|move|p1a: Dragapult|Flamethrower|p2a: Ting-Lu\n|-crit|p2a: Ting-Lu\n|-damage|p2a: Ting-Lu|75\/100\n|move|p2a: Ting-Lu|Throat Chop|p1a: Dragapult\n|-supereffective|p1a: Dragapult\n|-end|p1a: Dragapult|Substitute\n|\n|-heal|p2a: Ting-Lu|82\/100|[from] item: Leftovers\n|upkeep\n|turn|3\n|\n|t:|1699752705\n|move|p1a: Dragapult|Substitute|p1a: Dragapult\n|-start|p1a: Dragapult|Substitute\n|-damage|p1a: Dragapult|51\/100\n|move|p2a: Ting-Lu|Throat Chop|p1a: Dragapult\n|-supereffective|p1a: Dragapult\n|-end|p1a: Dragapult|Substitute\n|\n|-heal|p2a: Ting-Lu|88\/100|[from] item: Leftovers\n|upkeep\n|turn|4\n|\n|t:|1699752712\n|move|p1a: Dragapult|Substitute|p1a: Dragapult\n|-start|p1a: Dragapult|Substitute\n|-damage|p1a: Dragapult|26\/100\n|move|p2a: Ting-Lu|Stealth Rock|p1a: Dragapult\n|-sidestart|p1: Wh03Ru|move: Stealth Rock\n|\n|-heal|p2a: Ting-Lu|94\/100|[from] item: Leftovers\n|upkeep\n|turn|5\n|\n|t:|1699752719\n|move|p1a: Dragapult|Flamethrower|p2a: Ting-Lu\n|-damage|p2a: Ting-Lu|79\/100\n|move|p2a: Ting-Lu|Throat Chop|p1a: Dragapult\n|-supereffective|p1a: Dragapult\n|-end|p1a: Dragapult|Substitute\n|\n|-heal|p2a: Ting-Lu|85\/100|[from] item: Leftovers\n|upkeep\n|turn|6\n|\n|t:|1699752726\n|move|p1a: Dragapult|Substitute|p1a: Dragapult\n|-start|p1a: Dragapult|Substitute\n|-damage|p1a: Dragapult|1\/100\n|-enditem|p1a: Dragapult|Petaya Berry|[eat]\n|-boost|p1a: Dragapult|spa|1|[from] item: Petaya Berry\n|move|p2a: Ting-Lu|Throat Chop|p1a: Dragapult\n|-supereffective|p1a: Dragapult\n|-end|p1a: Dragapult|Substitute\n|\n|-heal|p2a: Ting-Lu|92\/100|[from] item: Leftovers\n|upkeep\n|turn|7\n|\n|t:|1699752734\n|move|p1a: Dragapult|Draco Meteor|p2a: Ting-Lu|[miss]\n|-miss|p1a: Dragapult|p2a: Ting-Lu\n|move|p2a: Ting-Lu|Throat Chop|p1a: Dragapult\n|-supereffective|p1a: Dragapult\n|-damage|p1a: Dragapult|0 fnt\n|faint|p1a: Dragapult\n|\n|-heal|p2a: Ting-Lu|98\/100|[from] item: Leftovers\n|upkeep\n|\n|t:|1699752739\n|switch|p1a: Great Tusk|Great Tusk|100\/100\n|turn|8\n|\n|t:|1699752746\n|switch|p2a: Landorus|Landorus-Therian, M|100\/100\n|-ability|p2a: Landorus|Intimidate|boost\n|-unboost|p1a: Great Tusk|atk|1\n|move|p1a: Great Tusk|Rapid Spin|p2a: Landorus\n|-damage|p2a: Landorus|86\/100\n|-boost|p1a: Great Tusk|spe|1\n|-sideend|p1: Wh03Ru|Spikes|[from] move: Rapid Spin|[of] p1a: Great Tusk\n|-sideend|p1: Wh03Ru|Stealth Rock|[from] move: Rapid Spin|[of] p1a: Great Tusk\n|\n|upkeep\n|turn|9\n|\n|t:|1699752756\n|-end|p1a: Great Tusk|Protosynthesis|[silent]\n|switch|p1a: Weavile|Weavile, M|100\/100\n|-ability|p1a: Weavile|Pressure\n|-terastallize|p2a: Landorus|Flying\n|move|p2a: Landorus|Tera Blast|p1a: Weavile|[anim] Tera Blast Flying\n|-damage|p1a: Weavile|0 fnt\n|faint|p1a: Weavile\n|\n|upkeep\n|\n|t:|1699752760\n|switch|p1a: Zapdos|Zapdos|100\/100\n|turn|10\n|\n|t:|1699752774\n|switch|p2a: Mamoswine|Mamoswine, F|100\/100\n|move|p1a: Zapdos|Heat Wave|p2a: Mamoswine\n|-supereffective|p2a: Mamoswine\n|-damage|p2a: Mamoswine|51\/100\n|\n|upkeep\n|turn|11\n|\n|t:|1699752782\n|move|p1a: Zapdos|Heat Wave|p2a: Mamoswine\n|-supereffective|p2a: Mamoswine\n|-damage|p2a: Mamoswine|8\/100\n|move|p2a: Mamoswine|Icicle Crash|p1a: Zapdos\n|-supereffective|p1a: Zapdos\n|-damage|p1a: Zapdos|0 fnt\n|faint|p1a: Zapdos\n|\n|upkeep\n|\n|t:|1699752786\n|switch|p1a: Great Tusk|Great Tusk|100\/100\n|turn|12\n|\n|t:|1699752792\n|move|p2a: Mamoswine|Ice Shard|p1a: Great Tusk\n|-supereffective|p1a: Great Tusk\n|-damage|p1a: Great Tusk|68\/100\n|move|p1a: Great Tusk|Knock Off|p2a: Mamoswine\n|-damage|p2a: Mamoswine|0 fnt\n|-enditem|p2a: Mamoswine|Heavy-Duty Boots|[from] move: Knock Off|[of] p1a: Great Tusk\n|faint|p2a: Mamoswine\n|\n|upkeep\n|\n|t:|1699752799\n|switch|p2a: Landorus|Landorus-Therian, M, tera:Flying|86\/100\n|-ability|p2a: Landorus|Intimidate|boost\n|-unboost|p1a: Great Tusk|atk|1\n|turn|13\n|\n|t:|1699752804\n|move|p2a: Landorus|Tera Blast|p1a: Great Tusk|[anim] Tera Blast Flying\n|-supereffective|p1a: Great Tusk\n|-damage|p1a: Great Tusk|0 fnt\n|faint|p1a: Great Tusk\n|-end|p1a: Great Tusk|Protosynthesis|[silent]\n|\n|upkeep\n|\n|t:|1699752807\n|switch|p1a: Basculegion|Basculegion-F, F|100\/100\n|turn|14\n|\n|t:|1699752813\n|move|p2a: Landorus|U-turn|p1a: Basculegion\n|-resisted|p1a: Basculegion\n|-damage|p1a: Basculegion|84\/100\n|\n|t:|1699752818\n|switch|p2a: Garchomp|Garchomp, F|100\/100|[from] U-turn\n|move|p1a: Basculegion|Head Smash|p2a: Garchomp\n|-resisted|p2a: Garchomp\n|-damage|p2a: Garchomp|80\/100\n|-damage|p1a: Basculegion|72\/100|[from] ability: Rough Skin|[of] p2a: Garchomp\n|-damage|p1a: Basculegion|64\/100|[from] Recoil\n|\n|-heal|p1a: Basculegion|70\/100|[from] item: Leftovers\n|upkeep\n|turn|15\n|-message|Wh03Ru forfeited.\n|\n|win|6FuckingTypes\n|raw|Wh03Ru's rating: 1038 &rarr; <strong>1026<\/strong><br \/>(-12 for losing)\n|raw|6FuckingTypes's rating: 1116 &rarr; <strong>1135<\/strong><br \/>(+19 for winning)\n|l|\u2606Wh03Ru\n","uploadtime":1699752834,"views":16,"p1id":"wh03ru","p2id":"6fuckingtypes","formatid":"gen9ou","rating":1026,"private":0,"password":""}