{"id":"gen9ou-1988726419","p1":"misplaymaker","p2":"tjamesbasketball","format":"[Gen 9] OU","log":"|j|\u2606misplaymaker\n|j|\u2606tjamesbasketball\n|t:|1699755398\n|gametype|singles\n|player|p1|misplaymaker|acetrainer|1489\n|player|p2|tjamesbasketball|2|1576\n|teamsize|p1|6\n|teamsize|p2|6\n|gen|9\n|tier|[Gen 9] OU\n|rated|\n|rule|Sleep Clause Mod: Limit one foe put to sleep\n|rule|Species Clause: Limit one of each Pok\u00e9mon\n|rule|OHKO Clause: OHKO moves are banned\n|rule|Evasion Items Clause: Evasion items are banned\n|rule|Evasion Moves Clause: Evasion moves are banned\n|rule|Endless Battle Clause: Forcing endless battles is banned\n|rule|HP Percentage Mod: HP is shown in percentages\n|clearpoke\n|poke|p1|Ninetales-Alola, F|\n|poke|p1|Enamorus-Therian, F|\n|poke|p1|Iron Hands|\n|poke|p1|Ursaluna, M|\n|poke|p1|Glastrier|\n|poke|p1|Slowbro-Galar, M|\n|poke|p2|Ogerpon-Cornerstone, F|\n|poke|p2|Ninetales-Alola, F|\n|poke|p2|Greninja-*, M|\n|poke|p2|Great Tusk|\n|poke|p2|Kingambit, M|\n|poke|p2|Enamorus, F|\n|teampreview\n|inactive|Battle timer is ON: inactive players will automatically lose when time's up. (requested by misplaymaker)\n|\n|t:|1699755423\n|start\n|switch|p1a: Ninetales|Ninetales-Alola, F|100\/100\n|switch|p2a: JoeverPon-Cashflow|Ogerpon-Cornerstone, F|100\/100\n|-weather|Snow|[from] ability: Snow Warning|[of] p1a: Ninetales\n|turn|1\n|\n|t:|1699755430\n|move|p2a: JoeverPon-Cashflow|Ivy Cudgel|p1a: Ninetales\n|-supereffective|p1a: Ninetales\n|-crit|p1a: Ninetales\n|-damage|p1a: Ninetales|0 fnt\n|faint|p1a: Ninetales\n|\n|-weather|Snow|[upkeep]\n|upkeep\n|\n|t:|1699755438\n|switch|p1a: Iron Hands|Iron Hands|100\/100\n|turn|2\n|\n|t:|1699755444\n|switch|p2a: Ninetales|Ninetales-Alola, F|100\/100\n|move|p1a: Iron Hands|Drain Punch|p2a: Ninetales\n|-damage|p2a: Ninetales|66\/100\n|\n|-weather|Snow|[upkeep]\n|upkeep\n|turn|3\n|\n|t:|1699755456\n|move|p2a: Ninetales|Aurora Veil|p2a: Ninetales\n|-sidestart|p2: tjamesbasketball|move: Aurora Veil\n|move|p1a: Iron Hands|Drain Punch|p2a: Ninetales\n|-damage|p2a: Ninetales|47\/100\n|\n|-weather|Snow|[upkeep]\n|upkeep\n|turn|4\n|-activate|p1a: Iron Hands|item: Quick Claw\n|\n|t:|1699755472\n|move|p1a: Iron Hands|Ice Punch|p2a: Ninetales\n|-resisted|p2a: Ninetales\n|-damage|p2a: Ninetales|40\/100\n|move|p2a: Ninetales|Moonblast|p1a: Iron Hands\n|-supereffective|p1a: Iron Hands\n|-damage|p1a: Iron Hands|48\/100\n|\n|-weather|Snow|[upkeep]\n|upkeep\n|turn|5\n|\n|t:|1699755481\n|-end|p1a: Iron Hands|Quark Drive|[silent]\n|switch|p1a: Slowbro|Slowbro-Galar, M|100\/100\n|move|p2a: Ninetales|Moonblast|p1a: Slowbro\n|-resisted|p1a: Slowbro\n|-damage|p1a: Slowbro|86\/100\n|\n|-weather|none\n|upkeep\n|turn|6\n|-activate|p1a: Slowbro|ability: Quick Draw\n|\n|t:|1699755493\n|switch|p2a: Kingambit|Kingambit, M|100\/100\n|move|p1a: Slowbro|Sludge Bomb|p2a: Kingambit\n|-immune|p2a: Kingambit\n|\n|upkeep\n|turn|7\n|\n|t:|1699755503\n|switch|p1a: Iron Hands|Iron Hands|48\/100\n|move|p2a: Kingambit|Swords Dance|p2a: Kingambit\n|-boost|p2a: Kingambit|atk|2\n|\n|upkeep\n|turn|8\n|-activate|p1a: Iron Hands|item: Quick Claw\n|\n|t:|1699755516\n|-terastallize|p2a: Kingambit|Fairy\n|move|p1a: Iron Hands|Drain Punch|p2a: Kingambit\n|-resisted|p2a: Kingambit\n|-damage|p2a: Kingambit|91\/100\n|-heal|p1a: Iron Hands|52\/100|[from] drain|[of] p2a: Kingambit\n|move|p2a: Kingambit|Tera Blast|p1a: Iron Hands|[anim] Tera Blast Fairy\n|-supereffective|p1a: Iron Hands\n|-damage|p1a: Iron Hands|0 fnt\n|faint|p1a: Iron Hands\n|-end|p1a: Iron Hands|Quark Drive|[silent]\n|\n|-heal|p2a: Kingambit|97\/100|[from] item: Leftovers\n|upkeep\n|\n|t:|1699755537\n|switch|p1a: Ursaluna|Ursaluna, M|100\/100\n|turn|9\n|\n|t:|1699755547\n|-terastallize|p1a: Ursaluna|Fairy\n|move|p2a: Kingambit|Kowtow Cleave|p1a: Ursaluna\n|-resisted|p1a: Ursaluna\n|-damage|p1a: Ursaluna|63\/100\n|move|p1a: Ursaluna|Swords Dance|p1a: Ursaluna\n|-boost|p1a: Ursaluna|atk|2\n|\n|-heal|p2a: Kingambit|100\/100|[from] item: Leftovers\n|upkeep\n|turn|10\n|-activate|p1a: Ursaluna|item: Quick Claw\n|\n|t:|1699755560\n|move|p1a: Ursaluna|Earthquake|p2a: Kingambit\n|-damage|p2a: Kingambit|46\/100\n|move|p2a: Kingambit|Tera Blast|p1a: Ursaluna|[anim] Tera Blast Fairy\n|-damage|p1a: Ursaluna|2\/100\n|\n|-heal|p2a: Kingambit|52\/100|[from] item: Leftovers\n|-sideend|p2: tjamesbasketball|move: Aurora Veil\n|upkeep\n|turn|11\n|-activate|p1a: Ursaluna|item: Quick Claw\n|\n|t:|1699755569\n|move|p2a: Kingambit|Sucker Punch|p1a: Ursaluna\n|-resisted|p1a: Ursaluna\n|-damage|p1a: Ursaluna|0 fnt\n|faint|p1a: Ursaluna\n|\n|-heal|p2a: Kingambit|58\/100|[from] item: Leftovers\n|upkeep\n|\n|t:|1699755576\n|switch|p1a: Enamorus|Enamorus-Therian, F|100\/100\n|turn|12\n|\n|t:|1699755582\n|move|p2a: Kingambit|Tera Blast|p1a: Enamorus|[anim] Tera Blast Fairy\n|-damage|p1a: Enamorus|19\/100\n|move|p1a: Enamorus|Moonblast|p2a: Kingambit\n|-damage|p2a: Kingambit|0 fnt\n|faint|p2a: Kingambit\n|-end|p2a: Kingambit|fallenundefined|[silent]\n|\n|upkeep\n|\n|t:|1699755594\n|switch|p2a: JoeverPon-Cashflow|Ogerpon-Cornerstone, F|100\/100\n|turn|13\n|\n|t:|1699755601\n|move|p2a: JoeverPon-Cashflow|Ivy Cudgel|p1a: Enamorus\n|-supereffective|p1a: Enamorus\n|-damage|p1a: Enamorus|0 fnt\n|faint|p1a: Enamorus\n|\n|upkeep\n|\n|t:|1699755605\n|switch|p1a: Slowbro|Slowbro-Galar, M|86\/100\n|turn|14\n|-activate|p1a: Slowbro|ability: Quick Draw\n|\n|t:|1699755610\n|move|p1a: Slowbro|Sludge Bomb|p2a: JoeverPon-Cashflow\n|-damage|p2a: JoeverPon-Cashflow|47\/100\n|-status|p2a: JoeverPon-Cashflow|psn\n|move|p2a: JoeverPon-Cashflow|Ivy Cudgel|p1a: Slowbro\n|-damage|p1a: Slowbro|34\/100\n|\n|-damage|p2a: JoeverPon-Cashflow|34\/100 psn|[from] psn\n|upkeep\n|turn|15\n|-activate|p1a: Slowbro|ability: Quick Draw\n|\n|t:|1699755620\n|move|p1a: Slowbro|Sludge Bomb|p2a: JoeverPon-Cashflow\n|-damage|p2a: JoeverPon-Cashflow|0 fnt\n|faint|p2a: JoeverPon-Cashflow\n|\n|upkeep\n|\n|t:|1699755634\n|switch|p2a: Greninja|Greninja, M|100\/100\n|turn|16\n|\n|t:|1699755639\n|move|p2a: Greninja|Night Slash|p1a: Slowbro\n|-supereffective|p1a: Slowbro\n|-damage|p1a: Slowbro|0 fnt\n|faint|p1a: Slowbro\n|-ability|p2a: Greninja|Battle Bond|boost\n|-boost|p2a: Greninja|atk|1\n|-boost|p2a: Greninja|spa|1\n|-boost|p2a: Greninja|spe|1\n|-activate|p2a: Greninja|ability: Battle Bond\n|-damage|p2a: Greninja|91\/100|[from] item: Life Orb\n|\n|upkeep\n|\n|t:|1699755643\n|switch|p1a: Glastrier|Glastrier|100\/100\n|turn|17\n|\n|t:|1699755646\n|move|p2a: Greninja|Liquidation|p1a: Glastrier\n|-damage|p1a: Glastrier|56\/100\n|-damage|p2a: Greninja|81\/100|[from] item: Life Orb\n|move|p1a: Glastrier|Close Combat|p2a: Greninja\n|-supereffective|p2a: Greninja\n|-damage|p2a: Greninja|0 fnt\n|-unboost|p1a: Glastrier|def|1\n|-unboost|p1a: Glastrier|spd|1\n|faint|p2a: Greninja\n|-ability|p1a: Glastrier|Chilling Neigh|boost\n|-boost|p1a: Glastrier|atk|1\n|\n|upkeep\n|\n|t:|1699755655\n|switch|p2a: Ninetales|Ninetales-Alola, F|40\/100\n|-weather|Snow|[from] ability: Snow Warning|[of] p2a: Ninetales\n|turn|18\n|-activate|p1a: Glastrier|item: Quick Claw\n|\n|t:|1699755662\n|move|p1a: Glastrier|Icicle Crash|p2a: Ninetales\n|-resisted|p2a: Ninetales\n|-damage|p2a: Ninetales|10\/100\n|move|p2a: Ninetales|Encore|p1a: Glastrier\n|-start|p1a: Glastrier|Encore\n|\n|-weather|Snow|[upkeep]\n|upkeep\n|turn|19\n|\n|t:|1699755681\n|move|p2a: Ninetales|Aurora Veil|p2a: Ninetales\n|-sidestart|p2: tjamesbasketball|move: Aurora Veil\n|move|p1a: Glastrier|Icicle Crash|p2a: Ninetales\n|-resisted|p2a: Ninetales\n|-damage|p2a: Ninetales|0 fnt\n|faint|p2a: Ninetales\n|-ability|p1a: Glastrier|Chilling Neigh|boost\n|-boost|p1a: Glastrier|atk|1\n|\n|-weather|Snow|[upkeep]\n|upkeep\n|\n|t:|1699755692\n|switch|p2a: Great Tusk|Great Tusk|100\/100\n|-enditem|p2a: Great Tusk|Booster Energy\n|-activate|p2a: Great Tusk|ability: Protosynthesis|[fromitem]\n|-start|p2a: Great Tusk|protosynthesisatk\n|turn|20\n|-activate|p1a: Glastrier|item: Quick Claw\n|\n|t:|1699755701\n|move|p1a: Glastrier|Icicle Crash|p2a: Great Tusk\n|-supereffective|p2a: Great Tusk\n|-damage|p2a: Great Tusk|19\/100\n|cant|p2a: Great Tusk|flinch\n|\n|-weather|Snow|[upkeep]\n|upkeep\n|turn|21\n|\n|t:|1699755709\n|move|p2a: Great Tusk|Headlong Rush|p1a: Glastrier\n|-damage|p1a: Glastrier|0 fnt\n|-unboost|p2a: Great Tusk|def|1\n|-unboost|p2a: Great Tusk|spd|1\n|faint|p1a: Glastrier\n|\n|win|tjamesbasketball\n|raw|misplaymaker's rating: 1489 &rarr; <strong>1474<\/strong><br \/>(-15 for losing)\n|raw|tjamesbasketball's rating: 1576 &rarr; <strong>1591<\/strong><br \/>(+15 for winning)\n|l|\u2606misplaymaker\n","uploadtime":1699755773,"views":11,"p1id":"misplaymaker","p2id":"tjamesbasketball","formatid":"gen9ou","rating":1474,"private":0,"password":""}