{"id":"gen9ou-1992535307","p1":"Himynameistanner","p2":"Kantonian Ash","format":"[Gen 9] OU","log":"|j|\u2606Himynameistanner\n|j|\u2606Kantonian Ash\n|t:|1700201302\n|gametype|singles\n|player|p1|Himynameistanner|265|1410\n|player|p2|Kantonian Ash|misty|1318\n|teamsize|p1|6\n|teamsize|p2|6\n|gen|9\n|tier|[Gen 9] OU\n|rated|\n|rule|Sleep Clause Mod: Limit one foe put to sleep\n|rule|Species Clause: Limit one of each Pok\u00e9mon\n|rule|OHKO Clause: OHKO moves are banned\n|rule|Evasion Items Clause: Evasion items are banned\n|rule|Evasion Moves Clause: Evasion moves are banned\n|rule|Endless Battle Clause: Forcing endless battles is banned\n|rule|HP Percentage Mod: HP is shown in percentages\n|clearpoke\n|poke|p1|Scizor, M|\n|poke|p1|Empoleon, F|\n|poke|p1|Iron Valiant|\n|poke|p1|Iron Moth|\n|poke|p1|Ogerpon-Wellspring, F|\n|poke|p1|Brambleghast, M|\n|poke|p2|Sneasler, M|\n|poke|p2|Zapdos|\n|poke|p2|Decidueye-Hisui, M|\n|poke|p2|Ceruledge, M|\n|poke|p2|Walking Wake|\n|poke|p2|Great Tusk|\n|teampreview\n|inactive|Battle timer is ON: inactive players will automatically lose when time's up. (requested by Kantonian Ash)\n|inactive|Himynameistanner has 120 seconds left.\n|\n|t:|1700201350\n|start\n|switch|p1a: Empoleon|Empoleon, F|100\/100\n|switch|p2a: Ceruledge|Ceruledge, M|100\/100\n|turn|1\n|\n|t:|1700201357\n|move|p2a: Ceruledge|Swords Dance|p2a: Ceruledge\n|-boost|p2a: Ceruledge|atk|2\n|move|p1a: Empoleon|Stealth Rock|p2a: Ceruledge\n|-sidestart|p2: Kantonian Ash|move: Stealth Rock\n|\n|upkeep\n|turn|2\n|\n|t:|1700201365\n|move|p2a: Ceruledge|Flame Charge|p1a: Empoleon\n|-damage|p1a: Empoleon|59\/100\n|-boost|p2a: Ceruledge|spe|1\n|-damage|p2a: Ceruledge|84\/100|[from] item: Rocky Helmet|[of] p1a: Empoleon\n|move|p1a: Empoleon|Yawn|p2a: Ceruledge\n|-start|p2a: Ceruledge|move: Yawn|[of] p1a: Empoleon\n|\n|-heal|p2a: Ceruledge|90\/100|[from] item: Leftovers\n|upkeep\n|turn|3\n|\n|t:|1700201378\n|move|p2a: Ceruledge|Bitter Blade|p1a: Empoleon\n|-damage|p1a: Empoleon|0 fnt\n|-heal|p2a: Ceruledge|100\/100|[from] drain|[of] p1a: Empoleon\n|-damage|p2a: Ceruledge|84\/100|[from] item: Rocky Helmet|[of] p1a: Empoleon\n|faint|p1a: Empoleon\n|\n|-heal|p2a: Ceruledge|90\/100|[from] item: Leftovers\n|-end|p2a: Ceruledge|move: Yawn|[silent]\n|-status|p2a: Ceruledge|slp\n|upkeep\n|\n|t:|1700201382\n|switch|p1a: Ogerpon|Ogerpon-Wellspring, F|100\/100\n|turn|4\n|\n|t:|1700201393\n|cant|p2a: Ceruledge|slp\n|move|p1a: Ogerpon|Swords Dance|p1a: Ogerpon\n|-boost|p1a: Ogerpon|atk|2\n|\n|-heal|p2a: Ceruledge|96\/100 slp|[from] item: Leftovers\n|upkeep\n|turn|5\n|\n|t:|1700201405\n|-curestatus|p2a: Ceruledge|slp|[msg]\n|move|p2a: Ceruledge|Bitter Blade|p1a: Ogerpon\n|-damage|p1a: Ogerpon|0 fnt\n|-heal|p2a: Ceruledge|100\/100|[from] drain|[of] p1a: Ogerpon\n|faint|p1a: Ogerpon\n|\n|upkeep\n|\n|t:|1700201411\n|switch|p1a: Iron Valiant|Iron Valiant|100\/100\n|-enditem|p1a: Iron Valiant|Booster Energy\n|-activate|p1a: Iron Valiant|ability: Quark Drive|[fromitem]\n|-start|p1a: Iron Valiant|quarkdrivespe\n|turn|6\n|\n|t:|1700201423\n|-terastallize|p2a: Ceruledge|Bug\n|move|p1a: Iron Valiant|Knock Off|p2a: Ceruledge\n|-damage|p2a: Ceruledge|51\/100\n|-enditem|p2a: Ceruledge|Leftovers|[from] move: Knock Off|[of] p1a: Iron Valiant\n|move|p2a: Ceruledge|Flame Charge|p1a: Iron Valiant\n|-damage|p1a: Iron Valiant|31\/100\n|-boost|p2a: Ceruledge|spe|1\n|\n|upkeep\n|turn|7\n|\n|t:|1700201433\n|move|p1a: Iron Valiant|Drain Punch|p2a: Ceruledge\n|-resisted|p2a: Ceruledge\n|-damage|p2a: Ceruledge|25\/100\n|-heal|p1a: Iron Valiant|44\/100|[from] drain|[of] p2a: Ceruledge\n|move|p2a: Ceruledge|Bitter Blade|p1a: Iron Valiant\n|-damage|p1a: Iron Valiant|0 fnt\n|-heal|p2a: Ceruledge|46\/100|[from] drain|[of] p1a: Iron Valiant\n|faint|p1a: Iron Valiant\n|-end|p1a: Iron Valiant|Quark Drive|[silent]\n|\n|upkeep\n|\n|t:|1700201437\n|switch|p1a: Scizor|Scizor, M|100\/100\n|turn|8\n|\n|t:|1700201444\n|move|p1a: Scizor|Bullet Punch|p2a: Ceruledge\n|-damage|p2a: Ceruledge|1\/100\n|move|p2a: Ceruledge|Bitter Blade|p1a: Scizor\n|-supereffective|p1a: Scizor\n|-damage|p1a: Scizor|0 fnt\n|-heal|p2a: Ceruledge|49\/100|[from] drain|[of] p1a: Scizor\n|faint|p1a: Scizor\n|\n|upkeep\n|inactive|Himynameistanner has 120 seconds left.\n|-message|Himynameistanner forfeited.\n|\n|win|Kantonian Ash\n|raw|Himynameistanner's rating: 1410 &rarr; <strong>1385<\/strong><br \/>(-25 for losing)\n|raw|Kantonian Ash's rating: 1318 &rarr; <strong>1343<\/strong><br \/>(+25 for winning)\n|l|\u2606Himynameistanner\n","uploadtime":1700201498,"views":15,"p1id":"himynameistanner","p2id":"kantonianash","formatid":"gen9ou","rating":1343,"private":0,"password":""}