{"id":"gen9ou-1997173593","p1":"Alderson","p2":"Prismai","format":"[Gen 9] OU","log":"|j|\u2606Alderson\n|j|\u2606Prismai\n|t:|1700772058\n|gametype|singles\n|player|p1|Alderson|1|1579\n|player|p2|Prismai|pokemaniac|1607\n|teamsize|p1|6\n|teamsize|p2|6\n|gen|9\n|tier|[Gen 9] OU\n|rated|\n|rule|Sleep Clause Mod: Limit one foe put to sleep\n|rule|Species Clause: Limit one of each Pok\u00e9mon\n|rule|OHKO Clause: OHKO moves are banned\n|rule|Evasion Items Clause: Evasion items are banned\n|rule|Evasion Moves Clause: Evasion moves are banned\n|rule|Endless Battle Clause: Forcing endless battles is banned\n|rule|HP Percentage Mod: HP is shown in percentages\n|clearpoke\n|poke|p1|Rillaboom, F|\n|poke|p1|Garganacl, F|\n|poke|p1|Landorus-Therian, M|\n|poke|p1|Mandibuzz, F|\n|poke|p1|Ogerpon-Wellspring, F|\n|poke|p1|Iron Moth|\n|poke|p2|Dragapult, M|\n|poke|p2|Hatterene, F|\n|poke|p2|Zapdos|\n|poke|p2|Zamazenta-*|\n|poke|p2|Clodsire, F|\n|poke|p2|Cloyster, M|\n|teampreview\n|inactive|Battle timer is ON: inactive players will automatically lose when time's up. (requested by Alderson)\n|\n|t:|1700772069\n|start\n|switch|p1a: Ogertime|Ogerpon-Wellspring, F|100\/100\n|switch|p2a: Cloyster|Cloyster, M|100\/100\n|turn|1\n|\n|t:|1700772080\n|move|p1a: Ogertime|Horn Leech|p2a: Cloyster\n|-supereffective|p2a: Cloyster\n|-damage|p2a: Cloyster|27\/100\n|move|p2a: Cloyster|Shell Smash|p2a: Cloyster\n|-unboost|p2a: Cloyster|def|1\n|-unboost|p2a: Cloyster|spd|1\n|-boost|p2a: Cloyster|atk|2\n|-boost|p2a: Cloyster|spa|2\n|-boost|p2a: Cloyster|spe|2\n|\n|upkeep\n|turn|2\n|inactive|Alderson has 120 seconds left.\n|\n|t:|1700772115\n|-terastallize|p1a: Ogertime|Water\n|detailschange|p1a: Ogertime|Ogerpon-Wellspring-Tera, F, tera:Water\n|-ability|p1a: Ogertime|Embody Aspect (Wellspring)|boost\n|-boost|p1a: Ogertime|spd|1\n|move|p2a: Cloyster|Icicle Spear|p1a: Ogertime\n|-resisted|p1a: Ogertime\n|-damage|p1a: Ogertime|85\/100\n|-resisted|p1a: Ogertime\n|-damage|p1a: Ogertime|71\/100\n|-resisted|p1a: Ogertime\n|-damage|p1a: Ogertime|56\/100\n|-resisted|p1a: Ogertime\n|-damage|p1a: Ogertime|42\/100\n|-resisted|p1a: Ogertime\n|-damage|p1a: Ogertime|27\/100\n|-hitcount|p1a: Ogertime|5\n|move|p1a: Ogertime|Horn Leech|p2a: Cloyster\n|-supereffective|p2a: Cloyster\n|-damage|p2a: Cloyster|0 fnt\n|-heal|p1a: Ogertime|38\/100|[from] drain|[of] p2a: Cloyster\n|faint|p2a: Cloyster\n|\n|upkeep\n|\n|t:|1700772130\n|switch|p2a: Dragapult|Dragapult, M, shiny|100\/100\n|turn|3\n|\n|t:|1700772133\n|switch|p1a: Nightcure|Garganacl, F, shiny|100\/100\n|move|p2a: Dragapult|Shadow Ball|p1a: Nightcure\n|-damage|p1a: Nightcure|84\/100\n|\n|-heal|p1a: Nightcure|90\/100|[from] item: Leftovers\n|upkeep\n|turn|4\n|\n|t:|1700772138\n|switch|p2a: Zamazenta|Zamazenta, shiny|100\/100\n|-ability|p2a: Zamazenta|Dauntless Shield|boost\n|-boost|p2a: Zamazenta|def|1\n|move|p1a: Nightcure|Salt Cure|p2a: Zamazenta\n|-resisted|p2a: Zamazenta\n|-damage|p2a: Zamazenta|97\/100\n|-start|p2a: Zamazenta|Salt Cure\n|\n|-heal|p2a: Zamazenta|100\/100|[from] item: Leftovers\n|-heal|p1a: Nightcure|96\/100|[from] item: Leftovers\n|-damage|p2a: Zamazenta|88\/100|[from] Salt Cure\n|upkeep\n|turn|5\n|\n|t:|1700772144\n|switch|p1a: Psyccubus|Landorus-Therian, M, shiny|100\/100\n|-ability|p1a: Psyccubus|Intimidate|boost\n|-unboost|p2a: Zamazenta|atk|1\n|move|p2a: Zamazenta|Body Press|p1a: Psyccubus\n|-resisted|p1a: Psyccubus\n|-damage|p1a: Psyccubus|74\/100\n|\n|-heal|p2a: Zamazenta|94\/100|[from] item: Leftovers\n|-heal|p1a: Psyccubus|80\/100|[from] item: Leftovers\n|-damage|p2a: Zamazenta|82\/100|[from] Salt Cure\n|upkeep\n|turn|6\n|\n|t:|1700772153\n|move|p2a: Zamazenta|Iron Defense|p2a: Zamazenta\n|-boost|p2a: Zamazenta|def|2\n|move|p1a: Psyccubus|Stealth Rock|p2a: Zamazenta\n|-sidestart|p2: Prismai|move: Stealth Rock\n|\n|-heal|p2a: Zamazenta|88\/100|[from] item: Leftovers\n|-heal|p1a: Psyccubus|86\/100|[from] item: Leftovers\n|-damage|p2a: Zamazenta|76\/100|[from] Salt Cure\n|upkeep\n|turn|7\n|\n|t:|1700772160\n|move|p2a: Zamazenta|Body Press|p1a: Psyccubus\n|-resisted|p1a: Psyccubus\n|-damage|p1a: Psyccubus|48\/100\n|move|p1a: Psyccubus|Earth Power|p2a: Zamazenta\n|-damage|p2a: Zamazenta|49\/100\n|\n|-heal|p2a: Zamazenta|55\/100|[from] item: Leftovers\n|-heal|p1a: Psyccubus|54\/100|[from] item: Leftovers\n|-damage|p2a: Zamazenta|43\/100|[from] Salt Cure\n|upkeep\n|turn|8\n|\n|t:|1700772165\n|move|p2a: Zamazenta|Body Press|p1a: Psyccubus\n|-resisted|p1a: Psyccubus\n|-damage|p1a: Psyccubus|12\/100\n|move|p1a: Psyccubus|Earth Power|p2a: Zamazenta\n|-damage|p2a: Zamazenta|17\/100\n|\n|-heal|p2a: Zamazenta|23\/100|[from] item: Leftovers\n|-heal|p1a: Psyccubus|18\/100|[from] item: Leftovers\n|-damage|p2a: Zamazenta|11\/100|[from] Salt Cure\n|upkeep\n|turn|9\n|\n|t:|1700772171\n|move|p2a: Zamazenta|Body Press|p1a: Psyccubus\n|-resisted|p1a: Psyccubus\n|-damage|p1a: Psyccubus|0 fnt\n|faint|p1a: Psyccubus\n|\n|-heal|p2a: Zamazenta|17\/100|[from] item: Leftovers\n|-damage|p2a: Zamazenta|5\/100|[from] Salt Cure\n|upkeep\n|\n|t:|1700772174\n|switch|p1a: Green Room|Rillaboom, F, shiny|100\/100\n|-fieldstart|move: Grassy Terrain|[from] ability: Grassy Surge|[of] p1a: Green Room\n|turn|10\n|\n|t:|1700772180\n|move|p1a: Green Room|Grassy Glide|p2a: Zamazenta\n|-damage|p2a: Zamazenta|0 fnt\n|faint|p2a: Zamazenta\n|\n|upkeep\n|\n|t:|1700772181\n|switch|p2a: Dragapult|Dragapult, M, shiny|100\/100\n|-damage|p2a: Dragapult|88\/100|[from] Stealth Rock\n|turn|11\n|\n|t:|1700772184\n|switch|p1a: Nightcure|Garganacl, F, shiny|96\/100\n|move|p2a: Dragapult|Draco Meteor|p1a: Nightcure|[miss]\n|-miss|p2a: Dragapult|p1a: Nightcure\n|\n|-heal|p2a: Dragapult|94\/100|[from] Grassy Terrain\n|-heal|p1a: Nightcure|100\/100|[from] Grassy Terrain\n|upkeep\n|turn|12\n|\n|t:|1700772190\n|move|p2a: Dragapult|Draco Meteor|p1a: Nightcure\n|-damage|p1a: Nightcure|42\/100\n|-unboost|p2a: Dragapult|spa|2\n|move|p1a: Nightcure|Salt Cure|p2a: Dragapult\n|-damage|p2a: Dragapult|74\/100\n|-start|p2a: Dragapult|Salt Cure\n|\n|-heal|p2a: Dragapult|80\/100|[from] Grassy Terrain\n|-heal|p1a: Nightcure|48\/100|[from] Grassy Terrain\n|-heal|p1a: Nightcure|54\/100|[from] item: Leftovers\n|-damage|p2a: Dragapult|68\/100|[from] Salt Cure\n|upkeep\n|turn|13\n|\n|t:|1700772193\n|switch|p2a: Clodsire|Clodsire, F|100\/100\n|-damage|p2a: Clodsire|94\/100|[from] Stealth Rock\n|move|p1a: Nightcure|Recover|p1a: Nightcure\n|-heal|p1a: Nightcure|100\/100\n|\n|-heal|p2a: Clodsire|100\/100|[from] Grassy Terrain\n|upkeep\n|turn|14\n|\n|t:|1700772197\n|move|p1a: Nightcure|Salt Cure|p2a: Clodsire\n|-resisted|p2a: Clodsire\n|-damage|p2a: Clodsire|92\/100\n|-start|p2a: Clodsire|Salt Cure\n|move|p2a: Clodsire|Stealth Rock|p1a: Nightcure\n|-sidestart|p1: Alderson|move: Stealth Rock\n|\n|-heal|p2a: Clodsire|98\/100|[from] Grassy Terrain\n|-heal|p2a: Clodsire|100\/100|[from] item: Black Sludge\n|-damage|p2a: Clodsire|88\/100|[from] Salt Cure\n|-fieldend|move: Grassy Terrain\n|upkeep\n|turn|15\n|\n|t:|1700772205\n|move|p1a: Nightcure|Iron Defense|p1a: Nightcure\n|-boost|p1a: Nightcure|def|2\n|move|p2a: Clodsire|Earthquake|p1a: Nightcure\n|-supereffective|p1a: Nightcure\n|-damage|p1a: Nightcure|79\/100\n|\n|-heal|p1a: Nightcure|86\/100|[from] item: Leftovers\n|-heal|p2a: Clodsire|94\/100|[from] item: Black Sludge\n|-damage|p2a: Clodsire|82\/100|[from] Salt Cure\n|upkeep\n|turn|16\n|\n|t:|1700772210\n|switch|p2a: Zapdos|Zapdos|100\/100\n|move|p1a: Nightcure|Iron Defense|p1a: Nightcure\n|-boost|p1a: Nightcure|def|2\n|\n|-heal|p1a: Nightcure|92\/100|[from] item: Leftovers\n|upkeep\n|turn|17\n|\n|t:|1700772212\n|move|p2a: Zapdos|Thunderbolt|p1a: Nightcure\n|-damage|p1a: Nightcure|61\/100\n|move|p1a: Nightcure|Salt Cure|p2a: Zapdos\n|-supereffective|p2a: Zapdos\n|-damage|p2a: Zapdos|69\/100\n|-start|p2a: Zapdos|Salt Cure\n|\n|-heal|p1a: Nightcure|67\/100|[from] item: Leftovers\n|-damage|p2a: Zapdos|57\/100|[from] Salt Cure\n|upkeep\n|turn|18\n|\n|t:|1700772216\n|move|p2a: Zapdos|Volt Switch|p1a: Nightcure\n|-damage|p1a: Nightcure|39\/100\n|\n|t:|1700772218\n|switch|p2a: Dragapult|Dragapult, M, shiny|68\/100|[from] Volt Switch\n|-damage|p2a: Dragapult|55\/100|[from] Stealth Rock\n|move|p1a: Nightcure|Recover|p1a: Nightcure\n|-heal|p1a: Nightcure|89\/100\n|\n|-heal|p1a: Nightcure|95\/100|[from] item: Leftovers\n|upkeep\n|turn|19\n|\n|t:|1700772222\n|move|p2a: Dragapult|Draco Meteor|p1a: Nightcure\n|-damage|p1a: Nightcure|35\/100\n|-unboost|p2a: Dragapult|spa|2\n|move|p1a: Nightcure|Salt Cure|p2a: Dragapult\n|-crit|p2a: Dragapult\n|-damage|p2a: Dragapult|28\/100\n|-start|p2a: Dragapult|Salt Cure\n|\n|-heal|p1a: Nightcure|41\/100|[from] item: Leftovers\n|-damage|p2a: Dragapult|16\/100|[from] Salt Cure\n|upkeep\n|turn|20\n|\n|t:|1700772227\n|switch|p2a: Clodsire|Clodsire, F|82\/100\n|-damage|p2a: Clodsire|75\/100|[from] Stealth Rock\n|move|p1a: Nightcure|Recover|p1a: Nightcure\n|-heal|p1a: Nightcure|91\/100\n|\n|-heal|p1a: Nightcure|98\/100|[from] item: Leftovers\n|-heal|p2a: Clodsire|82\/100|[from] item: Black Sludge\n|upkeep\n|turn|21\n|\n|t:|1700772230\n|move|p1a: Nightcure|Iron Defense|p1a: Nightcure\n|-boost|p1a: Nightcure|def|2\n|move|p2a: Clodsire|Earthquake|p1a: Nightcure\n|-supereffective|p1a: Nightcure\n|-damage|p1a: Nightcure|87\/100\n|\n|-heal|p1a: Nightcure|93\/100|[from] item: Leftovers\n|-heal|p2a: Clodsire|88\/100|[from] item: Black Sludge\n|upkeep\n|turn|22\n|\n|t:|1700772237\n|move|p1a: Nightcure|Body Press|p2a: Clodsire\n|-resisted|p2a: Clodsire\n|-damage|p2a: Clodsire|33\/100\n|move|p2a: Clodsire|Earthquake|p1a: Nightcure\n|-supereffective|p1a: Nightcure\n|-damage|p1a: Nightcure|84\/100\n|\n|-heal|p1a: Nightcure|90\/100|[from] item: Leftovers\n|-heal|p2a: Clodsire|39\/100|[from] item: Black Sludge\n|upkeep\n|turn|23\n|\n|t:|1700772241\n|move|p1a: Nightcure|Body Press|p2a: Clodsire\n|-resisted|p2a: Clodsire\n|-damage|p2a: Clodsire|0 fnt\n|faint|p2a: Clodsire\n|\n|-heal|p1a: Nightcure|96\/100|[from] item: Leftovers\n|upkeep\n|\n|t:|1700772243\n|switch|p2a: Dragapult|Dragapult, M, shiny|16\/100\n|-damage|p2a: Dragapult|3\/100|[from] Stealth Rock\n|turn|24\n|\n|t:|1700772247\n|move|p2a: Dragapult|Draco Meteor|p1a: Nightcure\n|-damage|p1a: Nightcure|38\/100\n|-unboost|p2a: Dragapult|spa|2\n|move|p1a: Nightcure|Recover|p1a: Nightcure\n|-heal|p1a: Nightcure|88\/100\n|\n|-heal|p1a: Nightcure|94\/100|[from] item: Leftovers\n|upkeep\n|turn|25\n|\n|t:|1700772251\n|move|p2a: Dragapult|Draco Meteor|p1a: Nightcure\n|-damage|p1a: Nightcure|67\/100\n|-unboost|p2a: Dragapult|spa|2\n|move|p1a: Nightcure|Salt Cure|p2a: Dragapult\n|-crit|p2a: Dragapult\n|-damage|p2a: Dragapult|0 fnt\n|faint|p2a: Dragapult\n|\n|-heal|p1a: Nightcure|73\/100|[from] item: Leftovers\n|upkeep\n|\n|t:|1700772254\n|switch|p2a: Zapdos|Zapdos|57\/100\n|turn|26\n|\n|t:|1700772256\n|move|p2a: Zapdos|Thunderbolt|p1a: Nightcure\n|-damage|p1a: Nightcure|42\/100\n|move|p1a: Nightcure|Recover|p1a: Nightcure\n|-heal|p1a: Nightcure|92\/100\n|\n|-heal|p1a: Nightcure|98\/100|[from] item: Leftovers\n|upkeep\n|turn|27\n|\n|t:|1700772258\n|move|p2a: Zapdos|Thunderbolt|p1a: Nightcure\n|-damage|p1a: Nightcure|63\/100\n|move|p1a: Nightcure|Salt Cure|p2a: Zapdos\n|-supereffective|p2a: Zapdos\n|-damage|p2a: Zapdos|27\/100\n|-start|p2a: Zapdos|Salt Cure\n|\n|-heal|p1a: Nightcure|70\/100|[from] item: Leftovers\n|-damage|p2a: Zapdos|14\/100|[from] Salt Cure\n|upkeep\n|turn|28\n|\n|t:|1700772262\n|move|p2a: Zapdos|Thunderbolt|p1a: Nightcure\n|-damage|p1a: Nightcure|34\/100\n|move|p1a: Nightcure|Recover|p1a: Nightcure\n|-heal|p1a: Nightcure|84\/100\n|\n|-heal|p1a: Nightcure|90\/100|[from] item: Leftovers\n|-damage|p2a: Zapdos|2\/100|[from] Salt Cure\n|upkeep\n|turn|29\n|\n|t:|1700772266\n|move|p2a: Zapdos|Thunderbolt|p1a: Nightcure\n|-damage|p1a: Nightcure|57\/100\n|move|p1a: Nightcure|Body Press|p2a: Zapdos\n|-resisted|p2a: Zapdos\n|-damage|p2a: Zapdos|0 fnt\n|faint|p2a: Zapdos\n|\n|-heal|p1a: Nightcure|63\/100|[from] item: Leftovers\n|upkeep\n|\n|t:|1700772268\n|switch|p2a: Hatterene|Hatterene, F|100\/100\n|-damage|p2a: Hatterene|88\/100|[from] Stealth Rock\n|turn|30\n|\n|t:|1700772270\n|move|p2a: Hatterene|Calm Mind|p2a: Hatterene\n|-boost|p2a: Hatterene|spa|1\n|-boost|p2a: Hatterene|spd|1\n|move|p1a: Nightcure|Salt Cure|p2a: Hatterene\n|-damage|p2a: Hatterene|77\/100\n|-start|p2a: Hatterene|Salt Cure\n|\n|-heal|p2a: Hatterene|83\/100|[from] item: Leftovers\n|-heal|p1a: Nightcure|69\/100|[from] item: Leftovers\n|-damage|p2a: Hatterene|71\/100|[from] Salt Cure\n|upkeep\n|turn|31\n|\n|t:|1700772274\n|move|p2a: Hatterene|Draining Kiss|p1a: Nightcure\n|-damage|p1a: Nightcure|45\/100\n|-heal|p2a: Hatterene|93\/100|[from] drain|[of] p1a: Nightcure\n|move|p1a: Nightcure|Body Press|p2a: Hatterene\n|-resisted|p2a: Hatterene\n|-damage|p2a: Hatterene|75\/100\n|\n|-heal|p2a: Hatterene|81\/100|[from] item: Leftovers\n|-heal|p1a: Nightcure|51\/100|[from] item: Leftovers\n|-damage|p2a: Hatterene|68\/100|[from] Salt Cure\n|upkeep\n|turn|32\n|\n|t:|1700772283\n|switch|p1a: It's Overheat|Iron Moth, shiny|100\/100\n|move|p2a: Hatterene|Draining Kiss|p1a: It's Overheat\n|-resisted|p1a: It's Overheat\n|-damage|p1a: It's Overheat|92\/100\n|-heal|p2a: Hatterene|74\/100|[from] drain|[of] p1a: It's Overheat\n|\n|-heal|p2a: Hatterene|80\/100|[from] item: Leftovers\n|-damage|p2a: Hatterene|68\/100|[from] Salt Cure\n|upkeep\n|turn|33\n|\n|t:|1700772288\n|-terastallize|p2a: Hatterene|Water\n|move|p1a: It's Overheat|Sludge Wave|p2a: Hatterene\n|-damage|p2a: Hatterene|29\/100\n|move|p2a: Hatterene|Psyshock|p1a: It's Overheat\n|-supereffective|p1a: It's Overheat\n|-damage|p1a: It's Overheat|0 fnt\n|faint|p1a: It's Overheat\n|-end|p1a: It's Overheat|Quark Drive|[silent]\n|\n|-heal|p2a: Hatterene|35\/100|[from] item: Leftovers\n|-damage|p2a: Hatterene|11\/100|[from] Salt Cure\n|upkeep\n|\n|t:|1700772290\n|switch|p1a: Green Room|Rillaboom, F, shiny|100\/100\n|-damage|p1a: Green Room|88\/100|[from] Stealth Rock\n|-fieldstart|move: Grassy Terrain|[from] ability: Grassy Surge|[of] p1a: Green Room\n|turn|34\n|\n|t:|1700772292\n|move|p1a: Green Room|Wood Hammer|p2a: Hatterene\n|-supereffective|p2a: Hatterene\n|-damage|p2a: Hatterene|0 fnt\n|faint|p2a: Hatterene\n|-damage|p1a: Green Room|85\/100|[from] Recoil\n|\n|win|Alderson\n|raw|Alderson's rating: 1579 &rarr; <strong>1601<\/strong><br \/>(+22 for winning)\n|raw|Prismai's rating: 1607 &rarr; <strong>1585<\/strong><br \/>(-22 for losing)\n|l|\u2606Prismai\n","uploadtime":1700772305,"views":20,"p1id":"alderson","p2id":"prismai","formatid":"gen9ou","rating":1585,"private":0,"password":""}