{"id":"gen9ou-1997515945","p1":"iCrowJ","p2":"jestercc","format":"[Gen 9] OU","log":"|j|\u2606iCrowJ\n|j|\u2606jestercc\n|t:|1700818654\n|gametype|singles\n|player|p1|iCrowJ|sada-ai|1000\n|player|p2|jestercc|hugh|1089\n|teamsize|p1|6\n|teamsize|p2|6\n|gen|9\n|tier|[Gen 9] OU\n|rated|\n|rule|Sleep Clause Mod: Limit one foe put to sleep\n|rule|Species Clause: Limit one of each Pok\u00e9mon\n|rule|OHKO Clause: OHKO moves are banned\n|rule|Evasion Items Clause: Evasion items are banned\n|rule|Evasion Moves Clause: Evasion moves are banned\n|rule|Endless Battle Clause: Forcing endless battles is banned\n|rule|HP Percentage Mod: HP is shown in percentages\n|clearpoke\n|poke|p1|Dragapult, F|\n|poke|p1|Alomomola, F|\n|poke|p1|Slowking-Galar, F|\n|poke|p1|Kingambit, F|\n|poke|p1|Great Tusk|\n|poke|p1|Cinderace, F|\n|poke|p2|Amoonguss, M|\n|poke|p2|Gholdengo|\n|poke|p2|Zamazenta-*|\n|poke|p2|Ting-Lu|\n|poke|p2|Zapdos|\n|poke|p2|Slowking, F|\n|teampreview\n|inactive|Battle timer is ON: inactive players will automatically lose when time's up. (requested by jestercc)\n|inactive|iCrowJ also wants the timer to be on.\n|\n|t:|1700818677\n|start\n|switch|p1a: Dragapult|Dragapult, F|100\/100\n|switch|p2a: Slowking|Slowking, F|100\/100\n|turn|1\n|\n|t:|1700818681\n|move|p1a: Dragapult|U-turn|p2a: Slowking\n|-supereffective|p2a: Slowking\n|-damage|p2a: Slowking|65\/100\n|\n|t:|1700818685\n|switch|p1a: Alomomola|Alomomola, F|100\/100|[from] U-turn\n|move|p2a: Slowking|Future Sight|p1a: Alomomola\n|-start|p2a: Slowking|move: Future Sight\n|\n|upkeep\n|turn|2\n|\n|t:|1700818693\n|move|p1a: Alomomola|Wish|p1a: Alomomola\n|move|p2a: Slowking|Chilly Reception|p2a: Slowking\n|-weather|Snow\n|\n|t:|1700818697\n|switch|p2a: Zapdos|Zapdos|100\/100|[from] Chilly Reception\n|\n|-weather|Snow|[upkeep]\n|upkeep\n|turn|3\n|\n|t:|1700818701\n|switch|p1a: Slowking|Slowking-Galar, F|100\/100\n|move|p2a: Zapdos|Hurricane|p1a: Slowking\n|-damage|p1a: Slowking|67\/100\n|\n|-weather|Snow|[upkeep]\n|-end|p1a: Slowking|move: Future Sight\n|-damage|p1a: Slowking|45\/100\n|-heal|p1a: Slowking|100\/100|[from] move: Wish|[wisher] Alomomola\n|upkeep\n|turn|4\n|\n|t:|1700818710\n|move|p2a: Zapdos|Volt Switch|p1a: Slowking\n|-damage|p1a: Slowking|80\/100\n|\n|t:|1700818720\n|switch|p2a: Ting-Lu|Ting-Lu|100\/100|[from] Volt Switch\n|-ability|p2a: Ting-Lu|Vessel of Ruin\n|move|p1a: Slowking|Future Sight|p2a: Ting-Lu\n|-start|p1a: Slowking|move: Future Sight\n|\n|-weather|Snow|[upkeep]\n|upkeep\n|turn|5\n|\n|t:|1700818723\n|switch|p1a: Great Tusk|Great Tusk|100\/100\n|move|p2a: Ting-Lu|Stealth Rock|p1a: Great Tusk\n|-sidestart|p1: iCrowJ|move: Stealth Rock\n|\n|-weather|Snow|[upkeep]\n|upkeep\n|turn|6\n|inactive|jestercc has 120 seconds left.\n|\n|t:|1700818755\n|move|p1a: Great Tusk|Rapid Spin|p2a: Ting-Lu\n|-damage|p2a: Ting-Lu|90\/100\n|-boost|p1a: Great Tusk|spe|1\n|-sideend|p1: iCrowJ|Stealth Rock|[from] move: Rapid Spin|[of] p1a: Great Tusk\n|move|p2a: Ting-Lu|Ruination|p1a: Great Tusk\n|-damage|p1a: Great Tusk|51\/100\n|\n|-weather|none\n|-end|p2a: Ting-Lu|move: Future Sight\n|-immune|p2a: Ting-Lu\n|upkeep\n|turn|7\n|inactive|jestercc has 120 seconds left.\n|\n|t:|1700818793\n|move|p1a: Great Tusk|Stealth Rock|p2a: Ting-Lu\n|-sidestart|p2: jestercc|move: Stealth Rock\n|move|p2a: Ting-Lu|Whirlwind|p1a: Great Tusk\n|-end|p1a: Great Tusk|Protosynthesis|[silent]\n|drag|p1a: Alomomola|Alomomola, F|100\/100\n|\n|upkeep\n|turn|8\n|\n|t:|1700818801\n|move|p2a: Ting-Lu|Stealth Rock|p1a: Alomomola\n|-sidestart|p1: iCrowJ|move: Stealth Rock\n|move|p1a: Alomomola|Flip Turn|p2a: Ting-Lu\n|-supereffective|p2a: Ting-Lu\n|-damage|p2a: Ting-Lu|72\/100\n|\n|t:|1700818805\n|switch|p1a: Great Tusk|Great Tusk|51\/100|[from] Flip Turn\n|-damage|p1a: Great Tusk|48\/100|[from] Stealth Rock\n|\n|upkeep\n|turn|9\n|inactive|jestercc has 90 seconds left.\n|\n|t:|1700818846\n|switch|p2a: Slowking|Slowking, F|99\/100\n|move|p1a: Great Tusk|Headlong Rush|p2a: Slowking\n|-damage|p2a: Slowking|32\/100\n|-unboost|p1a: Great Tusk|def|1\n|-unboost|p1a: Great Tusk|spd|1\n|\n|upkeep\n|turn|10\n|\n|t:|1700818852\n|-end|p1a: Great Tusk|Protosynthesis|[silent]\n|switch|p1a: Alomomola|Alomomola, F|100\/100\n|switch|p2a: Amoonguss|Amoonguss, M|100\/100\n|\n|upkeep\n|turn|11\n|\n|t:|1700818861\n|switch|p2a: Slowking|Slowking, F|65\/100\n|move|p1a: Alomomola|Flip Turn|p2a: Slowking\n|-resisted|p2a: Slowking\n|-crit|p2a: Slowking\n|-damage|p2a: Slowking|53\/100\n|\n|t:|1700818873\n|switch|p1a: Cinderace|Cinderace, F|100\/100|[from] Flip Turn\n|\n|upkeep\n|turn|12\n|\n|t:|1700818886\n|move|p1a: Cinderace|U-turn|p2a: Slowking\n|-start|p1a: Cinderace|typechange|Bug|[from] ability: Libero\n|-supereffective|p2a: Slowking\n|-damage|p2a: Slowking|0 fnt\n|faint|p2a: Slowking\n|\n|t:|1700818893\n|switch|p1a: Alomomola|Alomomola, F|100\/100|[from] U-turn\n|\n|upkeep\n|\n|t:|1700818902\n|switch|p2a: Gholdengo|Gholdengo|100\/100\n|-damage|p2a: Gholdengo|94\/100|[from] Stealth Rock\n|turn|13\n|\n|t:|1700818907\n|move|p2a: Gholdengo|Trick|p1a: Alomomola\n|-activate|p2a: Gholdengo|move: Trick|[of] p1a: Alomomola\n|-item|p1a: Alomomola|Choice Specs|[from] move: Trick\n|-item|p2a: Gholdengo|Heavy-Duty Boots|[from] move: Trick\n|move|p1a: Alomomola|Flip Turn|p2a: Gholdengo\n|-damage|p2a: Gholdengo|75\/100\n|\n|t:|1700818915\n|switch|p1a: Dragapult|Dragapult, F|100\/100|[from] Flip Turn\n|-damage|p1a: Dragapult|88\/100|[from] Stealth Rock\n|\n|upkeep\n|turn|14\n|\n|t:|1700818920\n|move|p1a: Dragapult|Shadow Ball|p2a: Gholdengo\n|-supereffective|p2a: Gholdengo\n|-damage|p2a: Gholdengo|0 fnt\n|faint|p2a: Gholdengo\n|\n|upkeep\n|-message|jestercc forfeited.\n|\n|win|iCrowJ\n|raw|iCrowJ's rating: 1000 &rarr; <strong>1050<\/strong><br \/>(+50 for winning)\n|raw|jestercc's rating: 1089 &rarr; <strong>1060<\/strong><br \/>(-29 for losing)\n|l|\u2606jestercc\n","uploadtime":1700818930,"views":2,"p1id":"icrowj","p2id":"jestercc","formatid":"gen9ou","rating":1050,"private":0,"password":""}