{"id":"gen9ou-1997083210","p1":"Aquanots","p2":"SuperXandu","format":"[Gen 9] OU","log":"|j|\u2606Aquanots\n|j|\u2606SuperXandu\n|t:|1700762779\n|gametype|singles\n|player|p1|Aquanots|shadowtriad|1083\n|player|p2|SuperXandu|102|1053\n|teamsize|p1|6\n|teamsize|p2|6\n|gen|9\n|tier|[Gen 9] OU\n|rated|\n|rule|Sleep Clause Mod: Limit one foe put to sleep\n|rule|Species Clause: Limit one of each Pok\u00e9mon\n|rule|OHKO Clause: OHKO moves are banned\n|rule|Evasion Items Clause: Evasion items are banned\n|rule|Evasion Moves Clause: Evasion moves are banned\n|rule|Endless Battle Clause: Forcing endless battles is banned\n|rule|HP Percentage Mod: HP is shown in percentages\n|clearpoke\n|poke|p1|Pelipper, F|\n|poke|p1|Quaquaval, F|\n|poke|p1|Quagsire, F|\n|poke|p1|Empoleon, M|\n|poke|p1|Greninja-*, M|\n|poke|p1|Ogerpon-Wellspring, F|\n|poke|p2|Kingambit, F|\n|poke|p2|Ribombee, M|\n|poke|p2|Garganacl, F|\n|poke|p2|Gholdengo|\n|poke|p2|Iron Moth|\n|poke|p2|Cinderace, F|\n|teampreview\n|inactive|Battle timer is ON: inactive players will automatically lose when time's up. (requested by SuperXandu)\n|\n|t:|1700762786\n|start\n|switch|p1a: Quaquaval|Quaquaval, F|100\/100\n|switch|p2a: Ribombee|Ribombee, M|100\/100\n|turn|1\n|\n|t:|1700762788\n|move|p2a: Ribombee|Sticky Web|p1a: Quaquaval\n|-sidestart|p1: Aquanots|move: Sticky Web\n|move|p1a: Quaquaval|Aqua Step|p2a: Ribombee\n|-damage|p2a: Ribombee|9\/100\n|-boost|p1a: Quaquaval|spe|1\n|\n|upkeep\n|turn|2\n|\n|t:|1700762794\n|move|p1a: Quaquaval|Rapid Spin|p2a: Ribombee\n|-damage|p2a: Ribombee|0 fnt\n|-boost|p1a: Quaquaval|spe|1\n|-sideend|p1: Aquanots|Sticky Web|[from] move: Rapid Spin|[of] p1a: Quaquaval\n|faint|p2a: Ribombee\n|-ability|p1a: Quaquaval|Moxie|boost\n|-boost|p1a: Quaquaval|atk|1\n|\n|upkeep\n|\n|t:|1700762804\n|switch|p2a: Gholdengo|Gholdengo|100\/100\n|turn|3\n|\n|t:|1700762809\n|move|p1a: Quaquaval|Aqua Step|p2a: Gholdengo\n|-damage|p2a: Gholdengo|47\/100\n|-boost|p1a: Quaquaval|spe|1\n|move|p2a: Gholdengo|Nasty Plot|p2a: Gholdengo\n|-boost|p2a: Gholdengo|spa|2\n|\n|upkeep\n|turn|4\n|\n|t:|1700762814\n|move|p1a: Quaquaval|Aqua Step|p2a: Gholdengo\n|-damage|p2a: Gholdengo|0 fnt\n|-boost|p1a: Quaquaval|spe|1\n|faint|p2a: Gholdengo\n|-ability|p1a: Quaquaval|Moxie|boost\n|-boost|p1a: Quaquaval|atk|1\n|\n|upkeep\n|\n|t:|1700762824\n|switch|p2a: Garganacl|Garganacl, F|100\/100\n|turn|5\n|\n|t:|1700762827\n|-terastallize|p2a: Garganacl|Ghost\n|move|p1a: Quaquaval|Brick Break|p2a: Garganacl\n|-immune|p2a: Garganacl\n|move|p2a: Garganacl|Salt Cure|p1a: Quaquaval\n|-resisted|p1a: Quaquaval\n|-damage|p1a: Quaquaval|91\/100\n|-start|p1a: Quaquaval|Salt Cure\n|\n|-damage|p1a: Quaquaval|66\/100|[from] Salt Cure\n|upkeep\n|turn|6\n|\n|t:|1700762833\n|move|p1a: Quaquaval|Aqua Step|p2a: Garganacl\n|-damage|p2a: Garganacl|56\/100\n|-boost|p1a: Quaquaval|spe|1\n|move|p2a: Garganacl|Stealth Rock|p1a: Quaquaval\n|-sidestart|p1: Aquanots|move: Stealth Rock\n|\n|-heal|p2a: Garganacl|62\/100|[from] item: Leftovers\n|-damage|p1a: Quaquaval|42\/100|[from] Salt Cure\n|upkeep\n|turn|7\n|\n|t:|1700762838\n|move|p1a: Quaquaval|Rapid Spin|p2a: Garganacl\n|-immune|p2a: Garganacl\n|move|p2a: Garganacl|Recover|p2a: Garganacl\n|-heal|p2a: Garganacl|100\/100\n|\n|-damage|p1a: Quaquaval|17\/100|[from] Salt Cure\n|upkeep\n|turn|8\n|\n|t:|1700762842\n|move|p2a: Garganacl|Protect|p2a: Garganacl\n|-singleturn|p2a: Garganacl|Protect\n|move|p1a: Quaquaval|Aqua Step|p2a: Garganacl\n|-activate|p2a: Garganacl|move: Protect\n|\n|-damage|p1a: Quaquaval|0 fnt|[from] Salt Cure\n|faint|p1a: Quaquaval\n|upkeep\n|\n|t:|1700762850\n|switch|p1a: Pelipper|Pelipper, F|100\/100\n|-damage|p1a: Pelipper|75\/100|[from] Stealth Rock\n|-weather|RainDance|[from] ability: Drizzle|[of] p1a: Pelipper\n|turn|9\n|\n|t:|1700762855\n|move|p1a: Pelipper|Weather Ball|p2a: Garganacl\n|-damage|p2a: Garganacl|23\/100\n|-damage|p1a: Pelipper|66\/100|[from] item: Life Orb\n|move|p2a: Garganacl|Salt Cure|p1a: Pelipper\n|-supereffective|p1a: Pelipper\n|-damage|p1a: Pelipper|37\/100\n|-start|p1a: Pelipper|Salt Cure\n|\n|-weather|RainDance|[upkeep]\n|-heal|p2a: Garganacl|29\/100|[from] item: Leftovers\n|-damage|p1a: Pelipper|12\/100|[from] Salt Cure\n|upkeep\n|turn|10\n|\n|t:|1700762858\n|move|p2a: Garganacl|Protect|p2a: Garganacl\n|-singleturn|p2a: Garganacl|Protect\n|move|p1a: Pelipper|Weather Ball|p2a: Garganacl\n|-activate|p2a: Garganacl|move: Protect\n|\n|-weather|RainDance|[upkeep]\n|-heal|p2a: Garganacl|35\/100|[from] item: Leftovers\n|-damage|p1a: Pelipper|0 fnt|[from] Salt Cure\n|faint|p1a: Pelipper\n|upkeep\n|\n|t:|1700762861\n|switch|p1a: Ogerpon|Ogerpon-Wellspring, F|100\/100\n|-damage|p1a: Ogerpon|88\/100|[from] Stealth Rock\n|turn|11\n|\n|t:|1700762869\n|switch|p2a: Cinderace|Cinderace, F|100\/100\n|move|p1a: Ogerpon|Ivy Cudgel|p2a: Cinderace|[anim] Ivy Cudgel Water\n|-supereffective|p2a: Cinderace\n|-crit|p2a: Cinderace\n|-damage|p2a: Cinderace|0 fnt\n|faint|p2a: Cinderace\n|\n|-weather|RainDance|[upkeep]\n|upkeep\n|\n|t:|1700762874\n|switch|p2a: Iron Moth|Iron Moth|100\/100\n|-enditem|p2a: Iron Moth|Booster Energy\n|-activate|p2a: Iron Moth|ability: Quark Drive|[fromitem]\n|-start|p2a: Iron Moth|quarkdrivespe\n|turn|12\n|\n|t:|1700762876\n|move|p2a: Iron Moth|Sludge Wave|p1a: Ogerpon\n|-supereffective|p1a: Ogerpon\n|-damage|p1a: Ogerpon|0 fnt\n|faint|p1a: Ogerpon\n|\n|-weather|RainDance|[upkeep]\n|upkeep\n|\n|t:|1700762880\n|switch|p1a: Empoleon|Empoleon, M|100\/100\n|-damage|p1a: Empoleon|94\/100|[from] Stealth Rock\n|turn|13\n|\n|t:|1700762884\n|move|p2a: Iron Moth|Fiery Dance|p1a: Empoleon\n|-damage|p1a: Empoleon|74\/100\n|move|p1a: Empoleon|Hydro Pump|p2a: Iron Moth\n|-supereffective|p2a: Iron Moth\n|-damage|p2a: Iron Moth|0 fnt\n|faint|p2a: Iron Moth\n|-end|p2a: Iron Moth|Quark Drive|[silent]\n|\n|-weather|none\n|upkeep\n|\n|t:|1700762890\n|switch|p2a: Kingambit|Kingambit, F|100\/100\n|-activate|p2a: Kingambit|ability: Supreme Overlord\n|-start|p2a: Kingambit|fallen4|[silent]\n|turn|14\n|\n|t:|1700762893\n|move|p1a: Empoleon|Vacuum Wave|p2a: Kingambit\n|-supereffective|p2a: Kingambit\n|-damage|p2a: Kingambit|52\/100\n|move|p2a: Kingambit|Swords Dance|p2a: Kingambit\n|-boost|p2a: Kingambit|atk|2\n|\n|upkeep\n|turn|15\n|\n|t:|1700762897\n|move|p1a: Empoleon|Vacuum Wave|p2a: Kingambit\n|-supereffective|p2a: Kingambit\n|-damage|p2a: Kingambit|0 fnt\n|faint|p2a: Kingambit\n|-end|p2a: Kingambit|fallen4|[silent]\n|\n|upkeep\n|\n|t:|1700762900\n|switch|p2a: Garganacl|Garganacl, F, tera:Ghost|35\/100\n|turn|16\n|\n|t:|1700762903\n|move|p1a: Empoleon|Hydro Pump|p2a: Garganacl|[miss]\n|-miss|p1a: Empoleon|p2a: Garganacl\n|-enditem|p1a: Empoleon|Blunder Policy\n|-boost|p1a: Empoleon|spe|2\n|move|p2a: Garganacl|Recover|p2a: Garganacl\n|-heal|p2a: Garganacl|85\/100\n|\n|-heal|p2a: Garganacl|92\/100|[from] item: Leftovers\n|upkeep\n|turn|17\n|\n|t:|1700762908\n|move|p1a: Empoleon|Hydro Pump|p2a: Garganacl|[miss]\n|-miss|p1a: Empoleon|p2a: Garganacl\n|move|p2a: Garganacl|Salt Cure|p1a: Empoleon\n|-resisted|p1a: Empoleon\n|-damage|p1a: Empoleon|66\/100\n|-start|p1a: Empoleon|Salt Cure\n|\n|-heal|p2a: Garganacl|98\/100|[from] item: Leftovers\n|-damage|p1a: Empoleon|41\/100|[from] Salt Cure\n|upkeep\n|turn|18\n|\n|t:|1700762910\n|move|p2a: Garganacl|Protect|p2a: Garganacl\n|-singleturn|p2a: Garganacl|Protect\n|move|p1a: Empoleon|Hydro Pump|p2a: Garganacl\n|-activate|p2a: Garganacl|move: Protect\n|\n|-heal|p2a: Garganacl|100\/100|[from] item: Leftovers\n|-damage|p1a: Empoleon|16\/100|[from] Salt Cure\n|upkeep\n|turn|19\n|\n|t:|1700762918\n|move|p2a: Garganacl|Protect|p2a: Garganacl\n|-singleturn|p2a: Garganacl|Protect\n|move|p1a: Empoleon|Hydro Pump|p2a: Garganacl\n|-activate|p2a: Garganacl|move: Protect\n|\n|-damage|p1a: Empoleon|0 fnt|[from] Salt Cure\n|faint|p1a: Empoleon\n|upkeep\n|c|\u2606Aquanots|You not ready this sh off this trash ass pokenob\n|\n|t:|1700762940\n|switch|p1a: Greninja|Greninja, M|100\/100\n|-damage|p1a: Greninja|88\/100|[from] Stealth Rock\n|turn|20\n|c|\u2606SuperXandu|After that min max on kingambit\n|\n|t:|1700762965\n|move|p1a: Greninja|Dark Pulse|p2a: Garganacl\n|-supereffective|p2a: Garganacl\n|-damage|p2a: Garganacl|10\/100\n|-damage|p1a: Greninja|78\/100|[from] item: Life Orb\n|move|p2a: Garganacl|Salt Cure|p1a: Greninja\n|-damage|p1a: Greninja|54\/100\n|-start|p1a: Greninja|Salt Cure\n|\n|-heal|p2a: Garganacl|16\/100|[from] item: Leftovers\n|-damage|p1a: Greninja|29\/100|[from] Salt Cure\n|upkeep\n|turn|21\n|\n|t:|1700762972\n|move|p2a: Garganacl|Protect|p2a: Garganacl\n|-singleturn|p2a: Garganacl|Protect\n|move|p1a: Greninja|Dark Pulse|p2a: Garganacl\n|-activate|p2a: Garganacl|move: Protect\n|\n|-heal|p2a: Garganacl|22\/100|[from] item: Leftovers\n|-damage|p1a: Greninja|4\/100|[from] Salt Cure\n|upkeep\n|turn|22\n|\n|t:|1700762976\n|move|p2a: Garganacl|Protect||[still]\n|-fail|p2a: Garganacl\n|move|p1a: Greninja|Dark Pulse|p2a: Garganacl\n|-supereffective|p2a: Garganacl\n|-damage|p2a: Garganacl|0 fnt\n|faint|p2a: Garganacl\n|-damage|p1a: Greninja|0 fnt|[from] item: Life Orb\n|faint|p1a: Greninja\n|\n|win|Aquanots\n|raw|Aquanots's rating: 1083 &rarr; <strong>1108<\/strong><br \/>(+25 for winning)\n|raw|SuperXandu's rating: 1053 &rarr; <strong>1037<\/strong><br \/>(-16 for losing)\n","uploadtime":1700762937,"views":4,"p1id":"aquanots","p2id":"superxandu","formatid":"gen9ou","rating":1037,"private":0,"password":""}