{"id":"gen9ou-1994986500","p1":"NajimiStann","p2":"dagger4275","format":"[Gen 9] OU","log":"|j|\u2606NajimiStann\n|j|\u2606dagger4275\n|t:|1700510718\n|gametype|singles\n|player|p1|NajimiStann|vessa|1037\n|player|p2|dagger4275|fisherman-gen4|1114\n|teamsize|p1|6\n|teamsize|p2|6\n|gen|9\n|tier|[Gen 9] OU\n|rated|\n|rule|Sleep Clause Mod: Limit one foe put to sleep\n|rule|Species Clause: Limit one of each Pok\u00e9mon\n|rule|OHKO Clause: OHKO moves are banned\n|rule|Evasion Items Clause: Evasion items are banned\n|rule|Evasion Moves Clause: Evasion moves are banned\n|rule|Endless Battle Clause: Forcing endless battles is banned\n|rule|HP Percentage Mod: HP is shown in percentages\n|clearpoke\n|poke|p1|Maushold-Four|\n|poke|p1|Brute Bonnet|\n|poke|p1|Ceruledge, M|\n|poke|p1|Tauros-Paldea-Aqua, M|\n|poke|p1|Glimmora, F|\n|poke|p1|Flamigo, F|\n|poke|p2|Noivern, F|\n|poke|p2|Infernape, F|\n|poke|p2|Empoleon, F|\n|poke|p2|Primeape, F|\n|poke|p2|Clodsire, F|\n|poke|p2|Brambleghast, M|\n|teampreview\n|inactive|Battle timer is ON: inactive players will automatically lose when time's up. (requested by dagger4275)\n|\n|t:|1700510738\n|start\n|switch|p1a: Them|Maushold-Four|100\/100\n|switch|p2a: Empoleon|Empoleon, F|100\/100\n|turn|1\n|\n|t:|1700510744\n|move|p1a: Them|Population Bomb|p2a: Empoleon\n|-resisted|p2a: Empoleon\n|-damage|p2a: Empoleon|95\/100\n|-resisted|p2a: Empoleon\n|-damage|p2a: Empoleon|89\/100\n|-resisted|p2a: Empoleon\n|-damage|p2a: Empoleon|84\/100\n|-resisted|p2a: Empoleon\n|-damage|p2a: Empoleon|78\/100\n|-resisted|p2a: Empoleon\n|-damage|p2a: Empoleon|73\/100\n|-resisted|p2a: Empoleon\n|-damage|p2a: Empoleon|67\/100\n|-resisted|p2a: Empoleon\n|-damage|p2a: Empoleon|62\/100\n|-resisted|p2a: Empoleon\n|-damage|p2a: Empoleon|57\/100\n|-hitcount|p2a: Empoleon|8\n|move|p2a: Empoleon|Hydro Pump|p1a: Them\n|-damage|p1a: Them|21\/100\n|\n|-heal|p2a: Empoleon|63\/100|[from] item: Leftovers\n|upkeep\n|turn|2\n|\n|t:|1700510751\n|switch|p1a: sus pls laugh|Brute Bonnet|100\/100\n|move|p2a: Empoleon|Flash Cannon|p1a: sus pls laugh\n|-damage|p1a: sus pls laugh|80\/100\n|\n|-heal|p2a: Empoleon|69\/100|[from] item: Leftovers\n|upkeep\n|turn|3\n|\n|t:|1700510760\n|switch|p2a: Noivern|Noivern, F|100\/100\n|move|p1a: sus pls laugh|Seed Bomb|p2a: Noivern\n|-resisted|p2a: Noivern\n|-damage|p2a: Noivern|85\/100\n|\n|upkeep\n|turn|4\n|\n|t:|1700510769\n|move|p2a: Noivern|Hurricane|p1a: sus pls laugh\n|-supereffective|p1a: sus pls laugh\n|-damage|p1a: sus pls laugh|12\/100\n|-start|p1a: sus pls laugh|confusion\n|-damage|p2a: Noivern|75\/100|[from] item: Life Orb\n|-activate|p1a: sus pls laugh|confusion\n|-damage|p1a: sus pls laugh|0 fnt|[from] confusion\n|faint|p1a: sus pls laugh\n|-end|p1a: sus pls laugh|Protosynthesis|[silent]\n|\n|upkeep\n|\n|t:|1700510781\n|switch|p1a: The Bull|Tauros-Paldea-Aqua, M|100\/100\n|-ability|p1a: The Bull|Intimidate|boost\n|-unboost|p2a: Noivern|atk|1\n|turn|5\n|\n|t:|1700510789\n|switch|p1a: just a bird|Flamigo, F|100\/100\n|move|p2a: Noivern|Hurricane|p1a: just a bird\n|-supereffective|p1a: just a bird\n|-damage|p1a: just a bird|0 fnt\n|faint|p1a: just a bird\n|-damage|p2a: Noivern|65\/100|[from] item: Life Orb\n|\n|upkeep\n|\n|t:|1700510795\n|switch|p1a: Them|Maushold-Four|21\/100\n|turn|6\n|-message|NajimiStann forfeited.\n|\n|win|dagger4275\n|raw|NajimiStann's rating: 1037 &rarr; <strong>1025<\/strong><br \/>(-12 for losing)\n|raw|dagger4275's rating: 1114 &rarr; <strong>1134<\/strong><br \/>(+20 for winning)\n|l|\u2606NajimiStann\n","uploadtime":1700510812,"views":18,"p1id":"najimistann","p2id":"dagger4275","formatid":"gen9ou","rating":1025,"private":0,"password":""}