{"id":"gen9ou-1994209731","p1":"Rothmund \ufe0f\u2662","p2":"Lethimcooke","format":"[Gen 9] OU","log":"|j|\u2606Rothmund \ufe0f\u2662\n|j|\u2606Lethimcooke\n|t:|1700419210\n|gametype|singles\n|player|p1|Rothmund \ufe0f\u2662|larry|1076\n|player|p2|Lethimcooke|265|1184\n|teamsize|p1|6\n|teamsize|p2|6\n|gen|9\n|tier|[Gen 9] OU\n|rated|\n|rule|Sleep Clause Mod: Limit one foe put to sleep\n|rule|Species Clause: Limit one of each Pok\u00e9mon\n|rule|OHKO Clause: OHKO moves are banned\n|rule|Evasion Items Clause: Evasion items are banned\n|rule|Evasion Moves Clause: Evasion moves are banned\n|rule|Endless Battle Clause: Forcing endless battles is banned\n|rule|HP Percentage Mod: HP is shown in percentages\n|clearpoke\n|poke|p1|Maushold-Four|\n|poke|p1|Rillaboom, M|\n|poke|p1|Great Tusk|\n|poke|p1|Heatran, M|\n|poke|p1|Enamorus, F|\n|poke|p1|Kingambit, F|\n|poke|p2|Walking Wake|\n|poke|p2|Torkoal, M|\n|poke|p2|Ceruledge, M|\n|poke|p2|Arcanine-Hisui, F|\n|poke|p2|Zoroark-Hisui, M|\n|poke|p2|Great Tusk|\n|teampreview\n|\n|t:|1700419218\n|start\n|switch|p1a: Iron Magma|Heatran, M|100\/100\n|switch|p2a: Great Tusk|Great Tusk|100\/100\n|turn|1\n|\n|t:|1700419241\n|switch|p1a: Monster Barbie|Enamorus, F|100\/100\n|move|p2a: Great Tusk|U-turn|p1a: Monster Barbie\n|-resisted|p1a: Monster Barbie\n|-damage|p1a: Monster Barbie|95\/100\n|\n|t:|1700419246\n|switch|p2a: Torkoal|Torkoal, M|100\/100|[from] U-turn\n|-weather|SunnyDay|[from] ability: Drought|[of] p2a: Torkoal\n|\n|-weather|SunnyDay|[upkeep]\n|upkeep\n|turn|2\n|\n|t:|1700419253\n|move|p1a: Monster Barbie|Earth Power|p2a: Torkoal\n|-supereffective|p2a: Torkoal\n|-damage|p2a: Torkoal|40\/100\n|move|p2a: Torkoal|Stealth Rock|p1a: Monster Barbie\n|-sidestart|p1: Rothmund \ufe0f\u2662|move: Stealth Rock\n|\n|-weather|SunnyDay|[upkeep]\n|upkeep\n|turn|3\n|\n|t:|1700419258\n|move|p1a: Monster Barbie|Earth Power|p2a: Torkoal\n|-supereffective|p2a: Torkoal\n|-damage|p2a: Torkoal|0 fnt\n|faint|p2a: Torkoal\n|\n|-weather|SunnyDay|[upkeep]\n|upkeep\n|\n|t:|1700419264\n|switch|p2a: Walking Wake|Walking Wake|100\/100\n|-activate|p2a: Walking Wake|ability: Protosynthesis\n|-start|p2a: Walking Wake|protosynthesisspe\n|turn|4\n|\n|t:|1700419280\n|switch|p1a: Amped Ppe|Rillaboom, M|100\/100\n|-damage|p1a: Amped Ppe|88\/100|[from] Stealth Rock\n|-fieldstart|move: Grassy Terrain|[from] ability: Grassy Surge|[of] p1a: Amped Ppe\n|move|p2a: Walking Wake|Snarl|p1a: Amped Ppe\n|-damage|p1a: Amped Ppe|65\/100\n|-unboost|p1a: Amped Ppe|spa|1\n|-enditem|p2a: Walking Wake|Throat Spray\n|-boost|p2a: Walking Wake|spa|1|[from] item: Throat Spray\n|\n|-weather|SunnyDay|[upkeep]\n|-heal|p1a: Amped Ppe|71\/100|[from] Grassy Terrain\n|upkeep\n|turn|5\n|\n|t:|1700419294\n|move|p1a: Amped Ppe|Grassy Glide|p2a: Walking Wake\n|-damage|p2a: Walking Wake|39\/100\n|move|p2a: Walking Wake|Dragon Pulse|p1a: Amped Ppe\n|-damage|p1a: Amped Ppe|0 fnt\n|faint|p1a: Amped Ppe\n|\n|-weather|SunnyDay|[upkeep]\n|-heal|p2a: Walking Wake|45\/100|[from] Grassy Terrain\n|upkeep\n|\n|t:|1700419302\n|switch|p1a: Monster Barbie|Enamorus, F|95\/100\n|-damage|p1a: Monster Barbie|70\/100|[from] Stealth Rock\n|turn|6\n|\n|t:|1700419305\n|move|p2a: Walking Wake|Hydro Steam|p1a: Monster Barbie\n|-damage|p1a: Monster Barbie|0 fnt\n|faint|p1a: Monster Barbie\n|\n|-weather|SunnyDay|[upkeep]\n|-heal|p2a: Walking Wake|52\/100|[from] Grassy Terrain\n|upkeep\n|\n|t:|1700419322\n|switch|p1a: Kawa no Hikari|Maushold-Four|100\/100\n|-damage|p1a: Kawa no Hikari|88\/100|[from] Stealth Rock\n|turn|7\n|\n|t:|1700419333\n|move|p2a: Walking Wake|Hydro Steam|p1a: Kawa no Hikari\n|-damage|p1a: Kawa no Hikari|0 fnt\n|faint|p1a: Kawa no Hikari\n|\n|-weather|SunnyDay|[upkeep]\n|-heal|p2a: Walking Wake|58\/100|[from] Grassy Terrain\n|upkeep\n|\n|t:|1700419340\n|switch|p1a: Pneumatic|Great Tusk|100\/100\n|-damage|p1a: Pneumatic|98\/100|[from] Stealth Rock\n|-activate|p1a: Pneumatic|ability: Protosynthesis\n|-start|p1a: Pneumatic|protosynthesisspe\n|turn|8\n|\n|t:|1700419348\n|move|p2a: Walking Wake|Hydro Steam|p1a: Pneumatic\n|-supereffective|p1a: Pneumatic\n|-damage|p1a: Pneumatic|0 fnt\n|faint|p1a: Pneumatic\n|-end|p1a: Pneumatic|Protosynthesis|[silent]\n|\n|-weather|none\n|-end|p2a: Walking Wake|Protosynthesis\n|-heal|p2a: Walking Wake|64\/100|[from] Grassy Terrain\n|-fieldend|move: Grassy Terrain\n|upkeep\n|\n|t:|1700419355\n|switch|p1a: Iron Magma|Heatran, M|100\/100\n|-damage|p1a: Iron Magma|88\/100|[from] Stealth Rock\n|turn|9\n|\n|t:|1700419369\n|-terastallize|p1a: Iron Magma|Grass\n|move|p2a: Walking Wake|Hydro Steam|p1a: Iron Magma\n|-resisted|p1a: Iron Magma\n|-damage|p1a: Iron Magma|66\/100\n|move|p1a: Iron Magma|Earth Power|p2a: Walking Wake\n|-damage|p2a: Walking Wake|33\/100\n|\n|-heal|p1a: Iron Magma|73\/100|[from] item: Leftovers\n|upkeep\n|turn|10\n|\n|t:|1700419382\n|move|p2a: Walking Wake|Flamethrower|p1a: Iron Magma\n|-start|p1a: Iron Magma|ability: Flash Fire\n|move|p1a: Iron Magma|Earth Power|p2a: Walking Wake\n|-damage|p2a: Walking Wake|4\/100\n|\n|-heal|p1a: Iron Magma|79\/100|[from] item: Leftovers\n|upkeep\n|turn|11\n|\n|t:|1700419390\n|move|p2a: Walking Wake|Dragon Pulse|p1a: Iron Magma\n|-damage|p1a: Iron Magma|39\/100\n|move|p1a: Iron Magma|Earth Power|p2a: Walking Wake\n|-damage|p2a: Walking Wake|0 fnt\n|faint|p2a: Walking Wake\n|-end|p2a: Walking Wake|Protosynthesis|[silent]\n|\n|-heal|p1a: Iron Magma|45\/100|[from] item: Leftovers\n|upkeep\n|\n|t:|1700419417\n|switch|p2a: Great Tusk|Great Tusk|100\/100\n|turn|12\n|\n|t:|1700419424\n|move|p2a: Great Tusk|Close Combat|p1a: Iron Magma\n|-damage|p1a: Iron Magma|0 fnt\n|-unboost|p2a: Great Tusk|def|1\n|-unboost|p2a: Great Tusk|spd|1\n|faint|p1a: Iron Magma\n|\n|upkeep\n|\n|t:|1700419427\n|switch|p1a: Onna-musha|Kingambit, F|100\/100\n|-damage|p1a: Onna-musha|94\/100|[from] Stealth Rock\n|-activate|p1a: Onna-musha|ability: Supreme Overlord\n|-start|p1a: Onna-musha|fallen5|[silent]\n|turn|13\n|\n|t:|1700419459\n|move|p2a: Great Tusk|Close Combat|p1a: Onna-musha\n|-supereffective|p1a: Onna-musha\n|-damage|p1a: Onna-musha|0 fnt\n|-unboost|p2a: Great Tusk|def|1\n|-unboost|p2a: Great Tusk|spd|1\n|faint|p1a: Onna-musha\n|-end|p1a: Onna-musha|fallen5|[silent]\n|\n|win|Lethimcooke\n|raw|Rothmund \ufe0f\u2662's rating: 1076 &rarr; <strong>1061<\/strong><br \/>(-15 for losing)\n|raw|Lethimcooke's rating: 1184 &rarr; <strong>1201<\/strong><br \/>(+17 for winning)\n|c|\u2606Rothmund \ufe0f\u2662|gg\n","uploadtime":1700419467,"views":8,"p1id":"rothmund","p2id":"lethimcooke","formatid":"gen9ou","rating":1061,"private":0,"password":""}