{"id":"gen9ou-1992914769","p1":"Ben3videz","p2":"Vizsla_falconer","format":"[Gen 9] OU","log":"|j|\u2606Ben3videz\n|j|\u2606Vizsla_falconer\n|t:|1700246421\n|gametype|singles\n|player|p1|Ben3videz|benga|1427\n|player|p2|Vizsla_falconer|101|1386\n|teamsize|p1|6\n|teamsize|p2|6\n|gen|9\n|tier|[Gen 9] OU\n|rated|\n|rule|Sleep Clause Mod: Limit one foe put to sleep\n|rule|Species Clause: Limit one of each Pok\u00e9mon\n|rule|OHKO Clause: OHKO moves are banned\n|rule|Evasion Items Clause: Evasion items are banned\n|rule|Evasion Moves Clause: Evasion moves are banned\n|rule|Endless Battle Clause: Forcing endless battles is banned\n|rule|HP Percentage Mod: HP is shown in percentages\n|clearpoke\n|poke|p1|Pelipper, F|\n|poke|p1|Toxicroak, M|\n|poke|p1|Maushold|\n|poke|p1|Ogerpon-Wellspring, F|\n|poke|p1|Barraskewda, F|\n|poke|p1|Thundurus-Therian, M|\n|poke|p2|Torkoal, F|\n|poke|p2|Walking Wake|\n|poke|p2|Scovillain, M|\n|poke|p2|Landorus-Therian, M|\n|poke|p2|Mimikyu, F|\n|poke|p2|Gholdengo|\n|teampreview\n|inactive|Battle timer is ON: inactive players will automatically lose when time's up. (requested by Ben3videz)\n|inactive|Ben3videz has 120 seconds left.\n|l|\u2606Vizsla_falconer\n|inactive|Vizsla_falconer disconnected and has a minute to reconnect!\n|player|p2|\n|j|\u2606Vizsla_falconer\n|inactive|Vizsla_falconer reconnected.\n|player|p2|Vizsla_falconer|101\n|inactive|Ben3videz has 90 seconds left.\n|\n|t:|1700246497\n|start\n|switch|p1a: Barraskewda|Barraskewda, F|100\/100\n|switch|p2a: Landorus|Landorus-Therian, M|100\/100\n|-ability|p2a: Landorus|Intimidate|boost\n|-unboost|p1a: Barraskewda|atk|1\n|turn|1\n|\n|t:|1700246514\n|switch|p2a: Torkoal|Torkoal, F|100\/100\n|-weather|SunnyDay|[from] ability: Drought|[of] p2a: Torkoal\n|move|p1a: Barraskewda|Flip Turn|p2a: Torkoal\n|-supereffective|p2a: Torkoal\n|-damage|p2a: Torkoal|84\/100\n|\n|t:|1700246523\n|switch|p1a: Pelipper|Pelipper, F|100\/100|[from] Flip Turn\n|-weather|RainDance|[from] ability: Drizzle|[of] p1a: Pelipper\n|\n|-weather|RainDance|[upkeep]\n|upkeep\n|turn|2\n|\n|t:|1700246548\n|switch|p2a: Landorus|Landorus-Therian, M|100\/100\n|-ability|p2a: Landorus|Intimidate|boost\n|-unboost|p1a: Pelipper|atk|1\n|move|p1a: Pelipper|U-turn|p2a: Landorus\n|-resisted|p2a: Landorus\n|-damage|p2a: Landorus|97\/100\n|-damage|p1a: Pelipper|84\/100|[from] item: Rocky Helmet|[of] p2a: Landorus\n|\n|t:|1700246558\n|switch|p1a: Barraskewda|Barraskewda, F|100\/100|[from] U-turn\n|\n|-weather|RainDance|[upkeep]\n|upkeep\n|turn|3\n|inactive|Vizsla_falconer has 120 seconds left.\n|\n|t:|1700246593\n|switch|p2a: Torkoal|Torkoal, F|84\/100\n|-weather|SunnyDay|[from] ability: Drought|[of] p2a: Torkoal\n|move|p1a: Barraskewda|Flip Turn|p2a: Torkoal\n|-supereffective|p2a: Torkoal\n|-damage|p2a: Torkoal|56\/100\n|\n|t:|1700246615\n|switch|p1a: Pelipper|Pelipper, F|84\/100|[from] Flip Turn\n|-weather|RainDance|[from] ability: Drizzle|[of] p1a: Pelipper\n|\n|-weather|RainDance|[upkeep]\n|upkeep\n|turn|4\n|inactive|Vizsla_falconer has 120 seconds left.\n|\n|t:|1700246623\n|switch|p2a: Walking Wake|Walking Wake|100\/100\n|move|p1a: Pelipper|U-turn|p2a: Walking Wake\n|-damage|p2a: Walking Wake|91\/100\n|\n|t:|1700246635\n|switch|p1a: Barraskewda|Barraskewda, F|100\/100|[from] U-turn\n|\n|-weather|RainDance|[upkeep]\n|upkeep\n|turn|5\n|\n|t:|1700246644\n|move|p1a: Barraskewda|Close Combat|p2a: Walking Wake\n|-damage|p2a: Walking Wake|25\/100\n|-unboost|p1a: Barraskewda|def|1\n|-unboost|p1a: Barraskewda|spd|1\n|move|p2a: Walking Wake|Agility|p2a: Walking Wake\n|-boost|p2a: Walking Wake|spe|2\n|\n|-weather|RainDance|[upkeep]\n|upkeep\n|turn|6\n|\n|t:|1700246665\n|-terastallize|p2a: Walking Wake|Fairy\n|move|p1a: Barraskewda|Close Combat|p2a: Walking Wake\n|-resisted|p2a: Walking Wake\n|-crit|p2a: Walking Wake\n|-damage|p2a: Walking Wake|0 fnt\n|-unboost|p1a: Barraskewda|def|1\n|-unboost|p1a: Barraskewda|spd|1\n|faint|p2a: Walking Wake\n|-end|p2a: Walking Wake|Protosynthesis|[silent]\n|\n|-weather|RainDance|[upkeep]\n|upkeep\n|inactive|Vizsla_falconer has 120 seconds left.\n|\n|t:|1700246679\n|switch|p2a: Mimikyu|Mimikyu, F|100\/100\n|turn|7\n|\n|t:|1700246687\n|switch|p1a: Toxicroak|Toxicroak, M|100\/100\n|move|p2a: Mimikyu|Swords Dance|p2a: Mimikyu\n|-boost|p2a: Mimikyu|atk|2\n|\n|-weather|RainDance|[upkeep]\n|upkeep\n|turn|8\n|inactive|Vizsla_falconer has 120 seconds left.\n|\n|t:|1700246710\n|move|p2a: Mimikyu|Play Rough|p1a: Toxicroak\n|-damage|p1a: Toxicroak|0 fnt\n|faint|p1a: Toxicroak\n|-damage|p2a: Mimikyu|91\/100|[from] item: Life Orb\n|\n|-weather|RainDance|[upkeep]\n|upkeep\n|inactive|Ben3videz has 120 seconds left.\n|\n|t:|1700246729\n|switch|p1a: Barraskewda|Barraskewda, F|100\/100\n|turn|9\n|\n|t:|1700246738\n|move|p1a: Barraskewda|Flip Turn|p2a: Mimikyu\n|-activate|p2a: Mimikyu|ability: Disguise\n|-damage|p2a: Mimikyu|91\/100\n|detailschange|p2a: Mimikyu|Mimikyu-Busted, F\n|-damage|p2a: Mimikyu|78\/100|[from] pokemon: Mimikyu-Busted\n|\n|t:|1700246742\n|switch|p1a: Thundurus|Thundurus-Therian, M|100\/100|[from] Flip Turn\n|move|p2a: Mimikyu|Swords Dance|p2a: Mimikyu\n|-boost|p2a: Mimikyu|atk|2\n|\n|-weather|RainDance|[upkeep]\n|upkeep\n|turn|10\n|\n|t:|1700246751\n|move|p2a: Mimikyu|Shadow Sneak|p1a: Thundurus\n|-damage|p1a: Thundurus|0 fnt\n|faint|p1a: Thundurus\n|-damage|p2a: Mimikyu|68\/100|[from] item: Life Orb\n|\n|-weather|none\n|upkeep\n|\n|t:|1700246754\n|switch|p1a: Maushold|Maushold|100\/100\n|turn|11\n|\n|t:|1700246762\n|move|p1a: Maushold|Encore|p2a: Mimikyu\n|-start|p2a: Mimikyu|Encore\n|move|p2a: Mimikyu|Shadow Sneak|p1a: Maushold\n|-immune|p1a: Maushold\n|\n|upkeep\n|turn|12\n|\n|t:|1700246776\n|switch|p2a: Gholdengo|Gholdengo|100\/100\n|move|p1a: Maushold|Bite|p2a: Gholdengo\n|-supereffective|p2a: Gholdengo\n|-damage|p2a: Gholdengo|52\/100\n|\n|-heal|p2a: Gholdengo|58\/100|[from] item: Leftovers\n|upkeep\n|turn|13\n|\n|t:|1700246794\n|move|p1a: Maushold|Bite|p2a: Gholdengo\n|-supereffective|p2a: Gholdengo\n|-damage|p2a: Gholdengo|7\/100\n|cant|p2a: Gholdengo|flinch\n|\n|-heal|p2a: Gholdengo|14\/100|[from] item: Leftovers\n|upkeep\n|turn|14\n|\n|t:|1700246804\n|switch|p2a: Torkoal|Torkoal, F|56\/100\n|-weather|SunnyDay|[from] ability: Drought|[of] p2a: Torkoal\n|move|p1a: Maushold|Bite|p2a: Torkoal\n|-damage|p2a: Torkoal|43\/100\n|\n|-weather|SunnyDay|[upkeep]\n|upkeep\n|turn|15\n|\n|t:|1700246816\n|switch|p1a: Pelipper|Pelipper, F|84\/100\n|-weather|RainDance|[from] ability: Drizzle|[of] p1a: Pelipper\n|switch|p2a: Mimikyu|Mimikyu-Busted, F|68\/100\n|\n|-weather|RainDance|[upkeep]\n|upkeep\n|turn|16\n|\n|t:|1700246830\n|move|p2a: Mimikyu|Drain Punch|p1a: Pelipper\n|-resisted|p1a: Pelipper\n|-crit|p1a: Pelipper\n|-damage|p1a: Pelipper|68\/100\n|-heal|p2a: Mimikyu|79\/100|[from] drain|[of] p1a: Pelipper\n|-damage|p2a: Mimikyu|69\/100|[from] item: Life Orb\n|move|p1a: Pelipper|Weather Ball|p2a: Mimikyu\n|-damage|p2a: Mimikyu|4\/100\n|\n|-weather|RainDance|[upkeep]\n|upkeep\n|turn|17\n|\n|t:|1700246851\n|move|p2a: Mimikyu|Play Rough|p1a: Pelipper\n|-damage|p1a: Pelipper|25\/100\n|-damage|p2a: Mimikyu|0 fnt|[from] item: Life Orb\n|faint|p2a: Mimikyu\n|move|p1a: Pelipper|U-turn|p2: Mimikyu|[notarget]\n|-fail|p1a: Pelipper\n|\n|-weather|RainDance|[upkeep]\n|upkeep\n|\n|t:|1700246862\n|switch|p2a: Gholdengo|Gholdengo|14\/100\n|turn|18\n|\n|t:|1700246871\n|switch|p1a: Maushold|Maushold|100\/100\n|move|p2a: Gholdengo|Make It Rain|p1a: Maushold\n|-damage|p1a: Maushold|5\/100\n|-unboost|p2a: Gholdengo|spa|1\n|\n|-weather|RainDance|[upkeep]\n|-heal|p2a: Gholdengo|20\/100|[from] item: Leftovers\n|upkeep\n|turn|19\n|\n|t:|1700246884\n|switch|p2a: Torkoal|Torkoal, F|43\/100\n|-weather|SunnyDay|[from] ability: Drought|[of] p2a: Torkoal\n|move|p1a: Maushold|Tidy Up|p1a: Maushold\n|-boost|p1a: Maushold|atk|1\n|-boost|p1a: Maushold|spe|1\n|\n|-weather|SunnyDay|[upkeep]\n|upkeep\n|turn|20\n|\n|t:|1700246894\n|switch|p2a: Landorus|Landorus-Therian, M|97\/100\n|-ability|p2a: Landorus|Intimidate|boost\n|-unboost|p1a: Maushold|atk|1\n|move|p1a: Maushold|Population Bomb|p2a: Landorus\n|-damage|p2a: Landorus|86\/100\n|-damage|p1a: Maushold|0 fnt|[from] item: Rocky Helmet|[of] p2a: Landorus\n|faint|p1a: Maushold\n|-hitcount|p2a: Landorus|1\n|\n|-weather|SunnyDay|[upkeep]\n|upkeep\n|\n|t:|1700246906\n|switch|p1a: Pelipper|Pelipper, F|25\/100\n|-weather|RainDance|[from] ability: Drizzle|[of] p1a: Pelipper\n|turn|21\n|\n|t:|1700246912\n|move|p2a: Landorus|Rock Slide|p1a: Pelipper\n|-supereffective|p1a: Pelipper\n|-damage|p1a: Pelipper|0 fnt\n|faint|p1a: Pelipper\n|\n|-weather|RainDance|[upkeep]\n|upkeep\n|\n|t:|1700246918\n|switch|p1a: Ogerpon|Ogerpon-Wellspring, F|100\/100\n|turn|22\n|\n|t:|1700246928\n|switch|p2a: Torkoal|Torkoal, F|43\/100\n|-weather|SunnyDay|[from] ability: Drought|[of] p2a: Torkoal\n|-terastallize|p1a: Ogerpon|Water\n|detailschange|p1a: Ogerpon|Ogerpon-Wellspring-Tera, F, tera:Water\n|-ability|p1a: Ogerpon|Embody Aspect (Wellspring)|boost\n|-boost|p1a: Ogerpon|spd|1\n|move|p1a: Ogerpon|Swords Dance|p1a: Ogerpon\n|-boost|p1a: Ogerpon|atk|2\n|\n|-weather|SunnyDay|[upkeep]\n|upkeep\n|turn|23\n|\n|t:|1700246941\n|move|p1a: Ogerpon|Trailblaze|p2a: Torkoal\n|-resisted|p2a: Torkoal\n|-damage|p2a: Torkoal|26\/100\n|-boost|p1a: Ogerpon|spe|1\n|move|p2a: Torkoal|Yawn|p1a: Ogerpon\n|-start|p1a: Ogerpon|move: Yawn|[of] p2a: Torkoal\n|\n|-weather|SunnyDay|[upkeep]\n|upkeep\n|turn|24\n|\n|t:|1700246965\n|switch|p1a: Barraskewda|Barraskewda, F|100\/100\n|switch|p2a: Landorus|Landorus-Therian, M|86\/100\n|-ability|p2a: Landorus|Intimidate|boost\n|-unboost|p1a: Barraskewda|atk|1\n|\n|-weather|SunnyDay|[upkeep]\n|upkeep\n|turn|25\n|\n|t:|1700246977\n|move|p1a: Barraskewda|Liquidation|p2a: Landorus\n|-supereffective|p2a: Landorus\n|-damage|p2a: Landorus|44\/100\n|-damage|p1a: Barraskewda|84\/100|[from] item: Rocky Helmet|[of] p2a: Landorus\n|move|p2a: Landorus|U-turn|p1a: Barraskewda\n|-damage|p1a: Barraskewda|42\/100\n|\n|t:|1700246984\n|switch|p2a: Scovillain|Scovillain, M|100\/100|[from] U-turn\n|\n|-weather|SunnyDay|[upkeep]\n|upkeep\n|turn|26\n|\n|t:|1700246992\n|move|p2a: Scovillain|Solar Beam||[still]\n|-prepare|p2a: Scovillain|Solar Beam\n|-anim|p2a: Scovillain|Solar Beam|p1a: Barraskewda\n|-supereffective|p1a: Barraskewda\n|-damage|p1a: Barraskewda|0 fnt\n|faint|p1a: Barraskewda\n|-damage|p2a: Scovillain|91\/100|[from] item: Life Orb\n|\n|-weather|SunnyDay|[upkeep]\n|upkeep\n|\n|t:|1700246998\n|switch|p1a: Ogerpon|Ogerpon-Wellspring-Tera, F, tera:Water|100\/100\n|-ability|p1a: Ogerpon|Embody Aspect (Wellspring)|boost\n|-boost|p1a: Ogerpon|spd|1\n|turn|27\n|\n|t:|1700247007\n|move|p2a: Scovillain|Solar Beam||[still]\n|-prepare|p2a: Scovillain|Solar Beam\n|-anim|p2a: Scovillain|Solar Beam|p1a: Ogerpon\n|-supereffective|p1a: Ogerpon\n|-damage|p1a: Ogerpon|0 fnt\n|faint|p1a: Ogerpon\n|-damage|p2a: Scovillain|81\/100|[from] item: Life Orb\n|\n|win|Vizsla_falconer\n|raw|Ben3videz's rating: 1427 &rarr; <strong>1405<\/strong><br \/>(-22 for losing)\n|raw|Vizsla_falconer's rating: 1386 &rarr; <strong>1408<\/strong><br \/>(+22 for winning)\n|l|\u2606Ben3videz\n","uploadtime":1700247034,"views":17,"p1id":"ben3videz","p2id":"vizslafalconer","formatid":"gen9ou","rating":1405,"private":0,"password":""}