{"id":"gen9ou-1999794196","p1":"PlasmaEnergised","p2":"Hamilton Boltunds","format":"[Gen 9] OU","log":"|j|\u2606PlasmaEnergised\n|j|\u2606Hamilton Boltunds\n|t:|1701117296\n|gametype|singles\n|player|p1|PlasmaEnergised|ingo|1246\n|player|p2|Hamilton Boltunds|juggler|1143\n|teamsize|p1|6\n|teamsize|p2|6\n|gen|9\n|tier|[Gen 9] OU\n|rated|\n|rule|Sleep Clause Mod: Limit one foe put to sleep\n|rule|Species Clause: Limit one of each Pok\u00e9mon\n|rule|OHKO Clause: OHKO moves are banned\n|rule|Evasion Items Clause: Evasion items are banned\n|rule|Evasion Moves Clause: Evasion moves are banned\n|rule|Endless Battle Clause: Forcing endless battles is banned\n|rule|HP Percentage Mod: HP is shown in percentages\n|clearpoke\n|poke|p1|Maushold-Four|\n|poke|p1|Kingambit, F|\n|poke|p1|Iron Moth|\n|poke|p1|Rillaboom, F|\n|poke|p1|Ceruledge, M|\n|poke|p1|Iron Hands|\n|poke|p2|Pincurchin, F|\n|poke|p2|Iron Moth|\n|poke|p2|Iron Valiant|\n|poke|p2|Ogerpon-Wellspring, F|\n|poke|p2|Dragapult, F|\n|poke|p2|Great Tusk|\n|teampreview\n|inactive|Battle timer is ON: inactive players will automatically lose when time's up. (requested by Hamilton Boltunds)\n|c|\u2606Hamilton Boltunds|glhf\n|\n|t:|1701117318\n|start\n|switch|p1a: Maushold|Maushold-Four|100\/100\n|switch|p2a: Pincurchin|Pincurchin, F|100\/100\n|-fieldstart|move: Electric Terrain|[from] ability: Electric Surge|[of] p2a: Pincurchin\n|turn|1\n|\n|t:|1701117328\n|switch|p1a: Iron Hands|Iron Hands|100\/100\n|-activate|p1a: Iron Hands|ability: Quark Drive\n|-start|p1a: Iron Hands|quarkdriveatk\n|move|p2a: Pincurchin|Memento|p1a: Iron Hands\n|-unboost|p1a: Iron Hands|atk|2\n|-unboost|p1a: Iron Hands|spa|2\n|faint|p2a: Pincurchin\n|\n|upkeep\n|\n|t:|1701117337\n|switch|p2a: Iron Valiant|Iron Valiant|100\/100\n|-activate|p2a: Iron Valiant|ability: Quark Drive\n|-start|p2a: Iron Valiant|quarkdrivespe\n|turn|2\n|\n|t:|1701117349\n|-end|p1a: Iron Hands|Quark Drive|[silent]\n|switch|p1a: Rillaboom|Rillaboom, F|100\/100\n|-fieldstart|move: Grassy Terrain|[from] ability: Grassy Surge|[of] p1a: Rillaboom\n|-end|p2a: Iron Valiant|Quark Drive\n|move|p2a: Iron Valiant|Spirit Break|p1a: Rillaboom\n|-damage|p1a: Rillaboom|38\/100\n|-unboost|p1a: Rillaboom|spa|1\n|\n|-heal|p1a: Rillaboom|44\/100|[from] Grassy Terrain\n|upkeep\n|turn|3\n|\n|t:|1701117363\n|-end|p2a: Iron Valiant|Quark Drive|[silent]\n|switch|p2a: Iron Moth|Iron Moth|100\/100\n|move|p1a: Rillaboom|Grassy Glide|p2a: Iron Moth\n|-resisted|p2a: Iron Moth\n|-damage|p2a: Iron Moth|79\/100\n|-damage|p1a: Rillaboom|34\/100|[from] item: Life Orb\n|\n|-heal|p2a: Iron Moth|85\/100|[from] Grassy Terrain\n|-heal|p1a: Rillaboom|40\/100|[from] Grassy Terrain\n|upkeep\n|turn|4\n|\n|t:|1701117373\n|move|p2a: Iron Moth|Fiery Dance|p1a: Rillaboom\n|-supereffective|p1a: Rillaboom\n|-damage|p1a: Rillaboom|0 fnt\n|faint|p1a: Rillaboom\n|\n|-heal|p2a: Iron Moth|91\/100|[from] Grassy Terrain\n|upkeep\n|\n|t:|1701117380\n|switch|p1a: Maushold|Maushold-Four|100\/100\n|turn|5\n|\n|t:|1701117384\n|move|p1a: Maushold|Tidy Up|p1a: Maushold\n|-boost|p1a: Maushold|atk|1\n|-boost|p1a: Maushold|spe|1\n|move|p2a: Iron Moth|Fiery Dance|p1a: Maushold\n|-damage|p1a: Maushold|17\/100\n|\n|-heal|p1a: Maushold|24\/100|[from] Grassy Terrain\n|-heal|p2a: Iron Moth|97\/100|[from] Grassy Terrain\n|upkeep\n|turn|6\n|\n|t:|1701117392\n|move|p1a: Maushold|Population Bomb|p2a: Iron Moth\n|-damage|p2a: Iron Moth|69\/100\n|-damage|p2a: Iron Moth|39\/100\n|-damage|p2a: Iron Moth|10\/100\n|-damage|p2a: Iron Moth|0 fnt\n|faint|p2a: Iron Moth\n|-end|p2a: Iron Moth|Quark Drive|[silent]\n|-hitcount|p2: Iron Moth|4\n|\n|-heal|p1a: Maushold|30\/100|[from] Grassy Terrain\n|-fieldend|move: Grassy Terrain\n|upkeep\n|c|\u2606Hamilton Boltunds|fuckkkkk\n|\n|t:|1701117409\n|switch|p2a: Great Tusk|Great Tusk|100\/100\n|turn|7\n|\n|t:|1701117415\n|move|p1a: Maushold|Population Bomb|p2a: Great Tusk\n|-damage|p2a: Great Tusk|92\/100\n|-damage|p2a: Great Tusk|84\/100\n|-damage|p2a: Great Tusk|77\/100\n|-damage|p2a: Great Tusk|68\/100\n|-damage|p2a: Great Tusk|61\/100\n|-damage|p2a: Great Tusk|53\/100\n|-damage|p2a: Great Tusk|46\/100\n|-damage|p2a: Great Tusk|37\/100\n|-damage|p2a: Great Tusk|29\/100\n|-damage|p2a: Great Tusk|21\/100\n|-hitcount|p2a: Great Tusk|10\n|move|p2a: Great Tusk|Earthquake|p1a: Maushold\n|-damage|p1a: Maushold|0 fnt\n|faint|p1a: Maushold\n|\n|-heal|p2a: Great Tusk|28\/100|[from] item: Leftovers\n|upkeep\n|c|\u2606Hamilton Boltunds|dont worry i eat this\n|\n|t:|1701117427\n|switch|p1a: Ceruledge|Ceruledge, M|100\/100\n|turn|8\n|c|\u2606Hamilton Boltunds|nice\n|\n|t:|1701117445\n|-end|p2a: Great Tusk|Protosynthesis|[silent]\n|switch|p2a: Iron Valiant|Iron Valiant|100\/100\n|move|p1a: Ceruledge|Swords Dance|p1a: Ceruledge\n|-boost|p1a: Ceruledge|atk|2\n|\n|upkeep\n|turn|9\n|\n|t:|1701117452\n|move|p2a: Iron Valiant|Knock Off|p1a: Ceruledge\n|-supereffective|p1a: Ceruledge\n|-enditem|p1a: Ceruledge|Focus Sash\n|-damage|p1a: Ceruledge|1\/100\n|-ability|p1a: Ceruledge|Weak Armor|boost\n|-unboost|p1a: Ceruledge|def|1\n|-boost|p1a: Ceruledge|spe|2\n|move|p1a: Ceruledge|Bitter Blade|p2a: Iron Valiant\n|-damage|p2a: Iron Valiant|0 fnt\n|-heal|p1a: Ceruledge|51\/100|[from] drain|[of] p2a: Iron Valiant\n|faint|p2a: Iron Valiant\n|-end|p2a: Iron Valiant|Quark Drive|[silent]\n|\n|upkeep\n|c|\u2606Hamilton Boltunds|damn\n|c|\u2606Hamilton Boltunds|ah\n|\n|t:|1701117468\n|switch|p2a: Dragapult|Dragapult, F|100\/100\n|turn|10\n|\n|t:|1701117473\n|move|p2a: Dragapult|Sucker Punch|p1a: Ceruledge\n|-supereffective|p1a: Ceruledge\n|-damage|p1a: Ceruledge|0 fnt\n|faint|p1a: Ceruledge\n|\n|upkeep\n|c|\u2606Hamilton Boltunds|LMAO\n|\n|t:|1701117483\n|switch|p1a: Kingambit|Kingambit, F|100\/100\n|-activate|p1a: Kingambit|ability: Supreme Overlord\n|-start|p1a: Kingambit|fallen3|[silent]\n|turn|11\n|\n|t:|1701117488\n|switch|p2a: Great Tusk|Great Tusk|28\/100\n|move|p1a: Kingambit|Kowtow Cleave|p2a: Great Tusk\n|-resisted|p2a: Great Tusk\n|-damage|p2a: Great Tusk|12\/100\n|\n|-heal|p2a: Great Tusk|18\/100|[from] item: Leftovers\n|upkeep\n|turn|12\n|\n|t:|1701117497\n|-terastallize|p1a: Kingambit|Fairy\n|move|p2a: Great Tusk|Earthquake|p1a: Kingambit\n|-damage|p1a: Kingambit|66\/100\n|move|p1a: Kingambit|Tera Blast|p2a: Great Tusk|[anim] Tera Blast Fairy\n|-supereffective|p2a: Great Tusk\n|-damage|p2a: Great Tusk|0 fnt\n|faint|p2a: Great Tusk\n|-end|p2a: Great Tusk|Protosynthesis|[silent]\n|\n|upkeep\n|c|\u2606Hamilton Boltunds|oh shit\n|\n|t:|1701117506\n|switch|p2a: Ogerpon|Ogerpon-Wellspring, F|100\/100\n|turn|13\n|\n|t:|1701117511\n|move|p2a: Ogerpon|Swords Dance|p2a: Ogerpon\n|-boost|p2a: Ogerpon|atk|2\n|move|p1a: Kingambit|Kowtow Cleave|p2a: Ogerpon\n|-damage|p2a: Ogerpon|17\/100\n|\n|upkeep\n|turn|14\n|\n|t:|1701117520\n|move|p1a: Kingambit|Sucker Punch|p2a: Ogerpon\n|-damage|p2a: Ogerpon|0 fnt\n|faint|p2a: Ogerpon\n|\n|upkeep\n|c|\u2606Hamilton Boltunds|damnnnn\n|\n|t:|1701117524\n|switch|p2a: Dragapult|Dragapult, F|100\/100\n|turn|15\n|c|\u2606PlasmaEnergised|get fucked\n|c|\u2606Hamilton Boltunds|ye\n|c|\u2606Hamilton Boltunds|gg\n|\n|t:|1701117535\n|-terastallize|p2a: Dragapult|Ghost\n|move|p1a: Kingambit|Sucker Punch|p2a: Dragapult\n|-supereffective|p2a: Dragapult\n|-damage|p2a: Dragapult|0 fnt\n|faint|p2a: Dragapult\n|\n|win|PlasmaEnergised\n|raw|PlasmaEnergised's rating: 1246 &rarr; <strong>1264<\/strong><br \/>(+18 for winning)\n|raw|Hamilton Boltunds's rating: 1143 &rarr; <strong>1125<\/strong><br \/>(-18 for losing)\n","uploadtime":1701117528,"views":2,"p1id":"plasmaenergised","p2id":"hamiltonboltunds","formatid":"gen9ou","rating":1125,"private":0,"password":""}