{"id":"gen9ou-1989303778","p1":"hs2000pt","p2":"AQWorld","format":"[Gen 9] OU","log":"|j|\u203dhs2000pt\n|j|\u2606AQWorld\n|t:|1699834057\n|gametype|singles\n|player|p1|hs2000pt|silver|1095\n|player|p2|AQWorld|firebreather|1107\n|teamsize|p1|1\n|teamsize|p2|6\n|gen|9\n|tier|[Gen 9] OU\n|rated|\n|rule|Sleep Clause Mod: Limit one foe put to sleep\n|rule|Species Clause: Limit one of each Pok\u00e9mon\n|rule|OHKO Clause: OHKO moves are banned\n|rule|Evasion Items Clause: Evasion items are banned\n|rule|Evasion Moves Clause: Evasion moves are banned\n|rule|Endless Battle Clause: Forcing endless battles is banned\n|rule|HP Percentage Mod: HP is shown in percentages\n|clearpoke\n|poke|p1|Kommo-o, M|\n|poke|p2|Dragapult, F|\n|poke|p2|Zapdos|\n|poke|p2|Ninetales-Alola, F|\n|poke|p2|Great Tusk|\n|poke|p2|Meloetta|\n|poke|p2|Empoleon, M|\n|teampreview\n|\n|t:|1699834068\n|start\n|switch|p1a: Kommo-o|Kommo-o, M|100\/100\n|switch|p2a: Meloetta|Meloetta|100\/100\n|turn|1\n|inactive|Battle timer is ON: inactive players will automatically lose when time's up. (requested by AQWorld)\n|\n|t:|1699834110\n|-terastallize|p1a: Kommo-o|Normal\n|-terastallize|p2a: Meloetta|Fairy\n|move|p1a: Kommo-o|Clangorous Soul|p1a: Kommo-o\n|-boost|p1a: Kommo-o|atk|1\n|-boost|p1a: Kommo-o|def|1\n|-boost|p1a: Kommo-o|spa|1\n|-boost|p1a: Kommo-o|spd|1\n|-boost|p1a: Kommo-o|spe|1\n|-damage|p1a: Kommo-o|68\/100\n|-enditem|p1a: Kommo-o|Throat Spray\n|-boost|p1a: Kommo-o|spa|1|[from] item: Throat Spray\n|move|p2a: Meloetta|Tera Blast|p1a: Kommo-o|[anim] Tera Blast Fairy\n|-damage|p1a: Kommo-o|36\/100\n|\n|upkeep\n|turn|2\n|\n|t:|1699834128\n|move|p1a: Kommo-o|Boomburst|p2a: Meloetta\n|-damage|p2a: Meloetta|27\/100\n|move|p2a: Meloetta|Calm Mind|p2a: Meloetta\n|-boost|p2a: Meloetta|spa|1\n|-boost|p2a: Meloetta|spd|1\n|\n|-heal|p2a: Meloetta|33\/100|[from] item: Leftovers\n|upkeep\n|turn|3\n|\n|t:|1699834133\n|move|p1a: Kommo-o|Boomburst|p2a: Meloetta\n|-damage|p2a: Meloetta|0 fnt\n|faint|p2a: Meloetta\n|\n|upkeep\n|\n|t:|1699834140\n|switch|p2a: Dragapult|Dragapult, F|100\/100\n|turn|4\n|\n|t:|1699834146\n|move|p1a: Kommo-o|Shadow Claw|p2a: Dragapult\n|-supereffective|p2a: Dragapult\n|-crit|p2a: Dragapult\n|-damage|p2a: Dragapult|0 fnt\n|faint|p2a: Dragapult\n|\n|upkeep\n|\n|t:|1699834162\n|switch|p2a: Ninetales|Ninetales-Alola, F|100\/100\n|-weather|Snow|[from] ability: Snow Warning|[of] p2a: Ninetales\n|turn|5\n|\n|t:|1699834165\n|move|p1a: Kommo-o|Boomburst|p2a: Ninetales\n|-damage|p2a: Ninetales|0 fnt\n|faint|p2a: Ninetales\n|\n|-weather|Snow|[upkeep]\n|upkeep\n|\n|t:|1699834174\n|switch|p2a: Great Tusk|Great Tusk|100\/100\n|-enditem|p2a: Great Tusk|Booster Energy\n|-activate|p2a: Great Tusk|ability: Protosynthesis|[fromitem]\n|-start|p2a: Great Tusk|protosynthesisatk\n|turn|6\n|\n|t:|1699834178\n|move|p1a: Kommo-o|Boomburst|p2a: Great Tusk\n|-damage|p2a: Great Tusk|0 fnt\n|faint|p2a: Great Tusk\n|-end|p2a: Great Tusk|Protosynthesis|[silent]\n|\n|-weather|Snow|[upkeep]\n|upkeep\n|\n|t:|1699834181\n|switch|p2a: Empoleon|Empoleon, M|100\/100\n|turn|7\n|\n|t:|1699834194\n|move|p1a: Kommo-o|Close Combat|p2a: Empoleon\n|-supereffective|p2a: Empoleon\n|-damage|p2a: Empoleon|0 fnt\n|-unboost|p1a: Kommo-o|def|1\n|-unboost|p1a: Kommo-o|spd|1\n|faint|p2a: Empoleon\n|\n|-weather|Snow|[upkeep]\n|upkeep\n|\n|t:|1699834200\n|switch|p2a: Zapdos|Zapdos|100\/100\n|turn|8\n|\n|t:|1699834204\n|move|p1a: Kommo-o|Boomburst|p2a: Zapdos\n|-damage|p2a: Zapdos|0 fnt\n|faint|p2a: Zapdos\n|\n|win|hs2000pt\n|raw|hs2000pt's rating: 1095 &rarr; <strong>1122<\/strong><br \/>(+27 for winning)\n|raw|AQWorld's rating: 1107 &rarr; <strong>1081<\/strong><br \/>(-26 for losing)\n|l|\u2606AQWorld\n","uploadtime":1699834227,"views":18,"p1id":"hs2000pt","p2id":"aqworld","formatid":"gen9ou","rating":1081,"private":0,"password":""}