{"id":"gen9ou-1995299684","p1":"soy bebe","p2":"bbyanime","format":"[Gen 9] OU","log":"|j|\u2606soy bebe\n|j|\u2606bbyanime\n|t:|1700549462\n|gametype|singles\n|player|p1|soy bebe|winona-gen3|\n|player|p2|bbyanime|169|\n|teamsize|p1|6\n|teamsize|p2|6\n|gen|9\n|tier|[Gen 9] OU\n|rule|Sleep Clause Mod: Limit one foe put to sleep\n|rule|Species Clause: Limit one of each Pok\u00e9mon\n|rule|OHKO Clause: OHKO moves are banned\n|rule|Evasion Items Clause: Evasion items are banned\n|rule|Evasion Moves Clause: Evasion moves are banned\n|rule|Endless Battle Clause: Forcing endless battles is banned\n|rule|HP Percentage Mod: HP is shown in percentages\n|clearpoke\n|poke|p1|Politoed, M|\n|poke|p1|Zapdos|\n|poke|p1|Iron Treads|\n|poke|p1|Basculegion-F, F|\n|poke|p1|Quaquaval, M|\n|poke|p1|Meowscarada, F|\n|poke|p2|Great Tusk|\n|poke|p2|Ninetales-Alola, M|\n|poke|p2|Garchomp, M|\n|poke|p2|Iron Valiant|\n|poke|p2|Kingambit, F|\n|poke|p2|Iron Moth|\n|teampreview\n|inactive|Battle timer is ON: inactive players will automatically lose when time's up. (requested by soy bebe)\n|\n|t:|1700549478\n|start\n|switch|p1a: Treadtianna|Iron Treads, shiny|100\/100\n|switch|p2a: Ninetales|Ninetales-Alola, M|100\/100\n|-weather|Snow|[from] ability: Snow Warning|[of] p2a: Ninetales\n|-enditem|p1a: Treadtianna|Booster Energy\n|-activate|p1a: Treadtianna|ability: Quark Drive|[fromitem]\n|-start|p1a: Treadtianna|quarkdrivespe\n|turn|1\n|\n|t:|1700549492\n|-end|p1a: Treadtianna|Quark Drive|[silent]\n|switch|p1a: PoliSwirl~|Politoed, M, shiny|100\/100\n|-weather|RainDance|[from] ability: Drizzle|[of] p1a: PoliSwirl~\n|move|p2a: Ninetales|Aurora Veil||[still]\n|-fail|p2a: Ninetales\n|\n|-weather|RainDance|[upkeep]\n|upkeep\n|turn|2\n|inactive|bbyanime has 270 seconds left.\n|\n|t:|1700549551\n|switch|p2a: Garchomp|Garchomp, M|100\/100\n|move|p1a: PoliSwirl~|Surf|p2a: Garchomp\n|-damage|p2a: Garchomp|39\/100\n|\n|-weather|RainDance|[upkeep]\n|upkeep\n|turn|3\n|\n|t:|1700549562\n|switch|p1a: Tempo|Zapdos, shiny|100\/100\n|move|p2a: Garchomp|Scale Shot|p1a: Tempo\n|-damage|p1a: Tempo|89\/100\n|-damage|p1a: Tempo|77\/100\n|-damage|p1a: Tempo|65\/100\n|-damage|p1a: Tempo|54\/100\n|-hitcount|p1a: Tempo|4\n|-unboost|p2a: Garchomp|def|1\n|-boost|p2a: Garchomp|spe|1\n|\n|-weather|RainDance|[upkeep]\n|upkeep\n|turn|4\n|inactive|bbyanime has 240 seconds left.\n|inactive|soy bebe has 270 seconds left.\n|\n|t:|1700549597\n|move|p2a: Garchomp|Scale Shot|p1a: Tempo\n|-damage|p1a: Tempo|43\/100\n|-damage|p1a: Tempo|31\/100\n|-damage|p1a: Tempo|20\/100\n|-damage|p1a: Tempo|9\/100\n|-damage|p1a: Tempo|0 fnt\n|faint|p1a: Tempo\n|-hitcount|p1: Tempo|5\n|-unboost|p2a: Garchomp|def|1\n|-boost|p2a: Garchomp|spe|1\n|\n|-weather|RainDance|[upkeep]\n|upkeep\n|\n|t:|1700549618\n|switch|p1a: Quavo|Quaquaval, M, shiny|100\/100\n|turn|5\n|inactive|bbyanime has 210 seconds left.\n|\n|t:|1700549671\n|switch|p2a: Iron Valiant|Iron Valiant|100\/100\n|-enditem|p2a: Iron Valiant|Booster Energy\n|-activate|p2a: Iron Valiant|ability: Quark Drive|[fromitem]\n|-start|p2a: Iron Valiant|quarkdrivespe\n|move|p1a: Quavo|Aqua Jet|p2a: Iron Valiant\n|-damage|p2a: Iron Valiant|54\/100\n|\n|-weather|RainDance|[upkeep]\n|upkeep\n|turn|6\n|inactive|bbyanime has 180 seconds left.\n|\n|t:|1700549700\n|switch|p1a: Treadtianna|Iron Treads, shiny|100\/100\n|move|p2a: Iron Valiant|Calm Mind|p2a: Iron Valiant\n|-boost|p2a: Iron Valiant|spa|1\n|-boost|p2a: Iron Valiant|spd|1\n|\n|-weather|RainDance|[upkeep]\n|upkeep\n|turn|7\n|inactive|bbyanime has 180 seconds left.\n|inactive|bbyanime has 150 seconds left.\n|\n|t:|1700549762\n|-terastallize|p2a: Iron Valiant|Electric\n|move|p2a: Iron Valiant|Thunderbolt|p1a: Treadtianna\n|-immune|p1a: Treadtianna\n|move|p1a: Treadtianna|Iron Head|p2a: Iron Valiant\n|-resisted|p2a: Iron Valiant\n|-damage|p2a: Iron Valiant|29\/100\n|\n|-weather|RainDance|[upkeep]\n|upkeep\n|turn|8\n|inactive|bbyanime has 120 seconds left.\n|\n|t:|1700549779\n|-end|p2a: Iron Valiant|Quark Drive|[silent]\n|switch|p2a: Ninetales|Ninetales-Alola, M|100\/100\n|-weather|Snow|[from] ability: Snow Warning|[of] p2a: Ninetales\n|move|p1a: Treadtianna|Earthquake|p2a: Ninetales\n|-damage|p2a: Ninetales|57\/100\n|\n|-weather|Snow|[upkeep]\n|upkeep\n|turn|9\n|inactive|bbyanime has 120 seconds left.\n|\n|t:|1700549791\n|-end|p1a: Treadtianna|Quark Drive|[silent]\n|switch|p1a: PoliSwirl~|Politoed, M, shiny|100\/100\n|-weather|RainDance|[from] ability: Drizzle|[of] p1a: PoliSwirl~\n|move|p2a: Ninetales|Aurora Veil||[still]\n|-fail|p2a: Ninetales\n|\n|-weather|RainDance|[upkeep]\n|upkeep\n|turn|10\n|inactive|soy bebe has 270 seconds left.\n|inactive|bbyanime has 120 seconds left.\n|inactive|bbyanime has 90 seconds left.\n|\n|t:|1700549840\n|switch|p2a: Garchomp|Garchomp, M|39\/100\n|move|p1a: PoliSwirl~|Surf|p2a: Garchomp\n|-damage|p2a: Garchomp|0 fnt\n|faint|p2a: Garchomp\n|\n|-weather|RainDance|[upkeep]\n|upkeep\n|\n|t:|1700549861\n|switch|p2a: Ninetales|Ninetales-Alola, M|57\/100\n|-weather|Snow|[from] ability: Snow Warning|[of] p2a: Ninetales\n|turn|11\n|\n|t:|1700549876\n|switch|p1a: Treadtianna|Iron Treads, shiny|100\/100\n|move|p2a: Ninetales|Aurora Veil|p2a: Ninetales\n|-sidestart|p2: bbyanime|move: Aurora Veil\n|\n|-weather|Snow|[upkeep]\n|upkeep\n|turn|12\n|inactive|bbyanime has 60 seconds left.\n|\n|t:|1700549902\n|move|p2a: Ninetales|Blizzard|p1a: Treadtianna\n|-damage|p1a: Treadtianna|36\/100\n|move|p1a: Treadtianna|Stealth Rock|p2a: Ninetales\n|-sidestart|p2: bbyanime|move: Stealth Rock\n|\n|-weather|Snow|[upkeep]\n|upkeep\n|turn|13\n|\n|t:|1700549913\n|-end|p1a: Treadtianna|Quark Drive|[silent]\n|switch|p1a: PoliSwirl~|Politoed, M, shiny|100\/100\n|-weather|RainDance|[from] ability: Drizzle|[of] p1a: PoliSwirl~\n|move|p2a: Ninetales|Moonblast|p1a: PoliSwirl~\n|-damage|p1a: PoliSwirl~|71\/100\n|\n|-weather|RainDance|[upkeep]\n|upkeep\n|turn|14\n|inactive|bbyanime has 60 seconds left.\n|\n|t:|1700549928\n|switch|p1a: Golden Girl|Basculegion-F, F, shiny|100\/100\n|move|p2a: Ninetales|Encore||[still]\n|-fail|p2a: Ninetales\n|\n|-weather|RainDance|[upkeep]\n|upkeep\n|turn|15\n|inactive|bbyanime has 60 seconds left.\n|\n|t:|1700549961\n|switch|p2a: Kingambit|Kingambit, F|100\/100\n|-damage|p2a: Kingambit|94\/100|[from] Stealth Rock\n|-activate|p2a: Kingambit|ability: Supreme Overlord\n|-start|p2a: Kingambit|fallen1|[silent]\n|move|p1a: Golden Girl|Hydro Pump|p2a: Kingambit\n|-damage|p2a: Kingambit|30\/100\n|\n|-weather|RainDance|[upkeep]\n|upkeep\n|turn|16\n|inactive|bbyanime has 30 seconds left.\n|inactive|bbyanime has 20 seconds left.\n|inactive|bbyanime has 15 seconds left.\n|inactive|bbyanime has 10 seconds left.\n|\n|t:|1700550002\n|-terastallize|p1a: Golden Girl|Water\n|move|p1a: Golden Girl|Hydro Pump|p2a: Kingambit\n|-damage|p2a: Kingambit|0 fnt\n|faint|p2a: Kingambit\n|-end|p2a: Kingambit|fallen1|[silent]\n|\n|-weather|RainDance|[upkeep]\n|upkeep\n|inactive|bbyanime has 15 seconds left this turn.\n|inactive|bbyanime has 10 seconds left.\n|\n|t:|1700550011\n|switch|p2a: Iron Valiant|Iron Valiant, tera:Electric|29\/100\n|-damage|p2a: Iron Valiant|16\/100|[from] Stealth Rock\n|turn|17\n|inactive|bbyanime has 20 seconds left this turn.\n|inactive|bbyanime has 15 seconds left.\n|inactiveoff|Battle timer is now OFF.\n|\n|t:|1700550025\n|move|p1a: Golden Girl|Hydro Pump|p2a: Iron Valiant\n|-damage|p2a: Iron Valiant|0 fnt\n|faint|p2a: Iron Valiant\n|-end|p2a: Iron Valiant|Quark Drive|[silent]\n|\n|-weather|RainDance|[upkeep]\n|upkeep\n|\n|t:|1700550032\n|switch|p2a: Ninetales|Ninetales-Alola, M|57\/100\n|-damage|p2a: Ninetales|32\/100|[from] Stealth Rock\n|-weather|Snow|[from] ability: Snow Warning|[of] p2a: Ninetales\n|turn|18\n|\n|t:|1700550058\n|move|p2a: Ninetales|Moonblast|p1a: Golden Girl\n|-damage|p1a: Golden Girl|61\/100\n|move|p1a: Golden Girl|Hydro Pump|p2a: Ninetales\n|-damage|p2a: Ninetales|0 fnt\n|faint|p2a: Ninetales\n|\n|-weather|Snow|[upkeep]\n|-sideend|p2: bbyanime|move: Aurora Veil\n|upkeep\n|\n|t:|1700550069\n|switch|p2a: Great Tusk|Great Tusk|100\/100\n|-damage|p2a: Great Tusk|98\/100|[from] Stealth Rock\n|-enditem|p2a: Great Tusk|Booster Energy\n|-activate|p2a: Great Tusk|ability: Protosynthesis|[fromitem]\n|-start|p2a: Great Tusk|protosynthesisatk\n|turn|19\n|\n|t:|1700550082\n|switch|p1a: PoliSwirl~|Politoed, M, shiny|71\/100\n|-weather|RainDance|[from] ability: Drizzle|[of] p1a: PoliSwirl~\n|move|p2a: Great Tusk|Ice Spinner|p1a: PoliSwirl~\n|-resisted|p1a: PoliSwirl~\n|-damage|p1a: PoliSwirl~|52\/100\n|\n|-weather|RainDance|[upkeep]\n|upkeep\n|turn|20\n|\n|t:|1700550100\n|move|p2a: Great Tusk|Rapid Spin|p1a: PoliSwirl~\n|-damage|p1a: PoliSwirl~|25\/100\n|-boost|p2a: Great Tusk|spe|1\n|-sideend|p2: bbyanime|Stealth Rock|[from] move: Rapid Spin|[of] p2a: Great Tusk\n|move|p1a: PoliSwirl~|Surf|p2a: Great Tusk\n|-supereffective|p2a: Great Tusk\n|-damage|p2a: Great Tusk|0 fnt\n|faint|p2a: Great Tusk\n|-end|p2a: Great Tusk|Protosynthesis|[silent]\n|\n|-weather|RainDance|[upkeep]\n|upkeep\n|\n|t:|1700550109\n|switch|p2a: Iron Moth|Iron Moth|100\/100\n|-enditem|p2a: Iron Moth|Booster Energy\n|-activate|p2a: Iron Moth|ability: Quark Drive|[fromitem]\n|-start|p2a: Iron Moth|quarkdrivespe\n|turn|21\n|\n|t:|1700550154\n|move|p2a: Iron Moth|Fiery Dance|p1a: PoliSwirl~\n|-resisted|p1a: PoliSwirl~\n|-damage|p1a: PoliSwirl~|16\/100\n|-boost|p2a: Iron Moth|spa|1\n|move|p1a: PoliSwirl~|Surf|p2a: Iron Moth\n|-supereffective|p2a: Iron Moth\n|-damage|p2a: Iron Moth|0 fnt\n|faint|p2a: Iron Moth\n|-end|p2a: Iron Moth|Quark Drive|[silent]\n|\n|win|soy bebe\n|l|\u2606soy bebe\n","uploadtime":1700550194,"views":6,"p1id":"soybebe","p2id":"bbyanime","formatid":"gen9ou","rating":0,"private":0,"password":""}