{"id":"gen9ou-1993241739","p1":"PrickFig","p2":"jimola","format":"[Gen 9] OU","log":"|j|\u2606PrickFig\n|j|\u2606jimola\n|t:|1700282936\n|gametype|singles\n|player|p1|PrickFig|acetrainer-gen4dp|1563\n|player|p2|jimola|169|1611\n|teamsize|p1|6\n|teamsize|p2|6\n|gen|9\n|tier|[Gen 9] OU\n|rated|\n|rule|Sleep Clause Mod: Limit one foe put to sleep\n|rule|Species Clause: Limit one of each Pok\u00e9mon\n|rule|OHKO Clause: OHKO moves are banned\n|rule|Evasion Items Clause: Evasion items are banned\n|rule|Evasion Moves Clause: Evasion moves are banned\n|rule|Endless Battle Clause: Forcing endless battles is banned\n|rule|HP Percentage Mod: HP is shown in percentages\n|clearpoke\n|poke|p1|Breloom, F|\n|poke|p1|Great Tusk|\n|poke|p1|Zapdos|\n|poke|p1|Gholdengo|\n|poke|p1|Dondozo, M|\n|poke|p1|Iron Moth|\n|poke|p2|Ribombee, F|\n|poke|p2|Gholdengo|\n|poke|p2|Gallade, M|\n|poke|p2|Ogerpon, F|\n|poke|p2|Glimmora, F|\n|poke|p2|Walking Wake|\n|teampreview\n|inactive|Battle timer is ON: inactive players will automatically lose when time's up. (requested by PrickFig)\n|j| DeepFriedMagikarp\n|l| DeepFriedMagikarp\n|\n|t:|1700282973\n|start\n|switch|p1a: Breloom|Breloom, F|100\/100\n|switch|p2a: Ribombee|Ribombee, F|100\/100\n|turn|1\n|\n|t:|1700282976\n|move|p2a: Ribombee|Sticky Web|p1a: Breloom\n|-sidestart|p1: PrickFig|move: Sticky Web\n|move|p1a: Breloom|Spore|p2a: Ribombee\n|-status|p2a: Ribombee|slp|[from] move: Spore\n|\n|upkeep\n|turn|2\n|\n|t:|1700282999\n|switch|p1a: Great Tusk|Great Tusk|100\/100\n|-activate|p1a: Great Tusk|move: Sticky Web\n|-unboost|p1a: Great Tusk|spe|1\n|cant|p2a: Ribombee|slp\n|\n|upkeep\n|turn|3\n|inactive|jimola has 120 seconds left.\n|\n|t:|1700283031\n|switch|p2a: Gallade|Gallade, M|100\/100\n|move|p1a: Great Tusk|Knock Off|p2a: Gallade\n|-damage|p2a: Gallade|31\/100\n|-enditem|p2a: Gallade|Choice Band|[from] move: Knock Off|[of] p1a: Great Tusk\n|\n|upkeep\n|turn|4\n|\n|t:|1700283051\n|switch|p2a: Gholdengo|Gholdengo|100\/100\n|-end|p1a: Great Tusk|Protosynthesis|[silent]\n|switch|p1a: Zapdos|Zapdos, shiny|100\/100\n|\n|upkeep\n|turn|5\n|\n|t:|1700283065\n|move|p2a: Gholdengo|Shadow Ball|p1a: Zapdos\n|-damage|p1a: Zapdos|72\/100\n|move|p1a: Zapdos|Hurricane|p2a: Gholdengo\n|-resisted|p2a: Gholdengo\n|-damage|p2a: Gholdengo|75\/100\n|-start|p2a: Gholdengo|confusion\n|\n|upkeep\n|turn|6\n|\n|t:|1700283071\n|switch|p2a: Glimmora|Glimmora, F|100\/100\n|move|p1a: Zapdos|Discharge|p2a: Glimmora\n|-damage|p2a: Glimmora|54\/100\n|\n|upkeep\n|turn|7\n|\n|t:|1700283078\n|move|p2a: Glimmora|Power Gem|p1a: Zapdos\n|-supereffective|p1a: Zapdos\n|-damage|p1a: Zapdos|0 fnt\n|faint|p1a: Zapdos\n|-damage|p2a: Glimmora|44\/100|[from] item: Life Orb\n|\n|upkeep\n|\n|t:|1700283092\n|switch|p1a: Great Tusk|Great Tusk|100\/100\n|-activate|p1a: Great Tusk|move: Sticky Web\n|-unboost|p1a: Great Tusk|spe|1\n|turn|8\n|inactive|jimola has 120 seconds left.\n|inactive|jimola has 90 seconds left.\n|\n|t:|1700283131\n|-terastallize|p2a: Glimmora|Fairy\n|move|p2a: Glimmora|Dazzling Gleam|p1a: Great Tusk\n|-supereffective|p1a: Great Tusk\n|-damage|p1a: Great Tusk|0 fnt\n|faint|p1a: Great Tusk\n|-end|p1a: Great Tusk|Protosynthesis|[silent]\n|-damage|p2a: Glimmora|35\/100|[from] item: Life Orb\n|\n|upkeep\n|\n|t:|1700283138\n|switch|p1a: Iron Moth|Iron Moth|100\/100\n|-activate|p1a: Iron Moth|move: Sticky Web\n|-unboost|p1a: Iron Moth|spe|1\n|turn|9\n|\n|t:|1700283145\n|move|p2a: Glimmora|Earth Power|p1a: Iron Moth\n|-supereffective|p1a: Iron Moth\n|-damage|p1a: Iron Moth|0 fnt\n|faint|p1a: Iron Moth\n|-end|p1a: Iron Moth|Quark Drive|[silent]\n|-damage|p2a: Glimmora|25\/100|[from] item: Life Orb\n|\n|upkeep\n|\n|t:|1700283152\n|switch|p1a: Gholdengo|Gholdengo|100\/100\n|-activate|p1a: Gholdengo|move: Sticky Web\n|-unboost|p1a: Gholdengo|spe|1\n|turn|10\n|\n|t:|1700283170\n|-terastallize|p1a: Gholdengo|Ghost\n|move|p2a: Glimmora|Earth Power|p1a: Gholdengo\n|-damage|p1a: Gholdengo|58\/100\n|-damage|p2a: Glimmora|15\/100|[from] item: Life Orb\n|move|p1a: Gholdengo|Substitute|p1a: Gholdengo\n|-start|p1a: Gholdengo|Substitute\n|-damage|p1a: Gholdengo|33\/100\n|\n|-heal|p1a: Gholdengo|39\/100|[from] item: Leftovers\n|upkeep\n|turn|11\n|\n|t:|1700283182\n|move|p2a: Glimmora|Earth Power|p1a: Gholdengo\n|-end|p1a: Gholdengo|Substitute\n|-damage|p2a: Glimmora|5\/100|[from] item: Life Orb\n|move|p1a: Gholdengo|Substitute|p1a: Gholdengo\n|-start|p1a: Gholdengo|Substitute\n|-damage|p1a: Gholdengo|14\/100\n|\n|-heal|p1a: Gholdengo|20\/100|[from] item: Leftovers\n|upkeep\n|turn|12\n|\n|t:|1700283191\n|move|p2a: Glimmora|Earth Power|p1a: Gholdengo\n|-end|p1a: Gholdengo|Substitute\n|-damage|p2a: Glimmora|0 fnt|[from] item: Life Orb\n|faint|p2a: Glimmora\n|move|p1a: Gholdengo|Nasty Plot|p1a: Gholdengo\n|-boost|p1a: Gholdengo|spa|2\n|\n|-heal|p1a: Gholdengo|26\/100|[from] item: Leftovers\n|upkeep\n|\n|t:|1700283211\n|switch|p2a: Gallade|Gallade, M|31\/100\n|turn|13\n|j| rykera\n|\n|t:|1700283215\n|move|p2a: Gallade|Knock Off|p1a: Gholdengo\n|-supereffective|p1a: Gholdengo\n|-damage|p1a: Gholdengo|0 fnt\n|-enditem|p1a: Gholdengo|Leftovers|[from] move: Knock Off|[of] p2a: Gallade\n|faint|p1a: Gholdengo\n|\n|upkeep\n|\n|t:|1700283219\n|switch|p1a: Dondozo|Dondozo, M|100\/100\n|-activate|p1a: Dondozo|move: Sticky Web\n|-unboost|p1a: Dondozo|spe|1\n|turn|14\n|\n|t:|1700283224\n|move|p2a: Gallade|Knock Off|p1a: Dondozo\n|-crit|p1a: Dondozo\n|-damage|p1a: Dondozo|78\/100\n|-enditem|p1a: Dondozo|Leftovers|[from] move: Knock Off|[of] p2a: Gallade\n|move|p1a: Dondozo|Curse|p1a: Dondozo\n|-unboost|p1a: Dondozo|spe|1\n|-boost|p1a: Dondozo|atk|1\n|-boost|p1a: Dondozo|def|1\n|\n|upkeep\n|turn|15\n|\n|t:|1700283229\n|move|p2a: Gallade|Sacred Sword|p1a: Dondozo\n|-damage|p1a: Dondozo|47\/100\n|move|p1a: Dondozo|Curse|p1a: Dondozo\n|-unboost|p1a: Dondozo|spe|1\n|-boost|p1a: Dondozo|atk|1\n|-boost|p1a: Dondozo|def|1\n|\n|upkeep\n|turn|16\n|\n|t:|1700283239\n|move|p2a: Gallade|Sacred Sword|p1a: Dondozo\n|-damage|p1a: Dondozo|15\/100\n|move|p1a: Dondozo|Curse|p1a: Dondozo\n|-unboost|p1a: Dondozo|spe|1\n|-boost|p1a: Dondozo|atk|1\n|-boost|p1a: Dondozo|def|1\n|\n|upkeep\n|turn|17\n|\n|t:|1700283242\n|move|p2a: Gallade|Sacred Sword|p1a: Dondozo\n|-damage|p1a: Dondozo|0 fnt\n|faint|p1a: Dondozo\n|\n|upkeep\n|\n|t:|1700283246\n|switch|p1a: Breloom|Breloom, F|100\/100\n|-activate|p1a: Breloom|move: Sticky Web\n|-unboost|p1a: Breloom|spe|1\n|turn|18\n|\n|t:|1700283251\n|move|p2a: Gallade|Shadow Sneak|p1a: Breloom\n|-damage|p1a: Breloom|81\/100\n|move|p1a: Breloom|Bullet Seed|p2a: Gallade\n|-damage|p2a: Gallade|0 fnt\n|faint|p2a: Gallade\n|-hitcount|p2: Gallade|1\n|\n|upkeep\n|-message|PrickFig forfeited.\n|\n|win|jimola\n|raw|PrickFig's rating: 1563 &rarr; <strong>1546<\/strong><br \/>(-17 for losing)\n|raw|jimola's rating: 1611 &rarr; <strong>1628<\/strong><br \/>(+17 for winning)\n|l|\u2606PrickFig\n|l| rykera\n","uploadtime":1700283289,"views":51,"p1id":"prickfig","p2id":"jimola","formatid":"gen9ou","rating":1546,"private":0,"password":""}