{"id":"gen9ou-1992537722","p1":"xxzfn","p2":"TrepYT","format":"[Gen 9] OU","log":"|j|\u2606xxzfn\n|j|\u203dTrepYT\n|t:|1700201733\n|gametype|singles\n|player|p1|xxzfn|2|1683\n|player|p2|TrepYT|swimmerf|1741\n|teamsize|p1|6\n|teamsize|p2|6\n|gen|9\n|tier|[Gen 9] OU\n|rated|\n|rule|Sleep Clause Mod: Limit one foe put to sleep\n|rule|Species Clause: Limit one of each Pok\u00e9mon\n|rule|OHKO Clause: OHKO moves are banned\n|rule|Evasion Items Clause: Evasion items are banned\n|rule|Evasion Moves Clause: Evasion moves are banned\n|rule|Endless Battle Clause: Forcing endless battles is banned\n|rule|HP Percentage Mod: HP is shown in percentages\n|clearpoke\n|poke|p1|Dondozo, F|\n|poke|p1|Gholdengo|\n|poke|p1|Corviknight, M|\n|poke|p1|Landorus-Therian, M|\n|poke|p1|Maushold-Four|\n|poke|p1|Hoopa-Unbound|\n|poke|p2|Samurott-Hisui, M|\n|poke|p2|Cresselia, F|\n|poke|p2|Kingambit, M|\n|poke|p2|Scizor, F|\n|poke|p2|Garchomp, F|\n|poke|p2|Heatran, F|\n|teampreview\n|inactive|Battle timer is ON: inactive players will automatically lose when time's up. (requested by xxzfn)\n|\n|t:|1700201740\n|start\n|switch|p1a: Landorus|Landorus-Therian, M|100\/100\n|switch|p2a: Garchomp|Garchomp, F|100\/100\n|-ability|p1a: Landorus|Intimidate|boost\n|-unboost|p2a: Garchomp|atk|1\n|turn|1\n|\n|t:|1700201748\n|move|p1a: Landorus|Earthquake|p2a: Garchomp\n|-damage|p2a: Garchomp|68\/100\n|move|p2a: Garchomp|Stealth Rock|p1a: Landorus\n|-sidestart|p1: xxzfn|move: Stealth Rock\n|\n|upkeep\n|turn|2\n|\n|t:|1700201753\n|switch|p1a: Corviknight|Corviknight, M|100\/100\n|-damage|p1a: Corviknight|88\/100|[from] Stealth Rock\n|-ability|p1a: Corviknight|Pressure\n|move|p2a: Garchomp|Dragon Tail|p1a: Corviknight|[miss]\n|-miss|p2a: Garchomp|p1a: Corviknight\n|\n|upkeep\n|turn|3\n|\n|t:|1700201762\n|switch|p2a: Heatran|Heatran, F|100\/100\n|move|p1a: Corviknight|Body Press|p2a: Heatran\n|-supereffective|p2a: Heatran\n|-damage|p2a: Heatran|63\/100\n|\n|-heal|p2a: Heatran|69\/100|[from] item: Leftovers\n|upkeep\n|turn|4\n|\n|t:|1700201765\n|switch|p1a: Hoopa|Hoopa-Unbound|100\/100\n|-damage|p1a: Hoopa|88\/100|[from] Stealth Rock\n|move|p2a: Heatran|Magma Storm|p1a: Hoopa\n|-damage|p1a: Hoopa|37\/100\n|-activate|p1a: Hoopa|move: Magma Storm|[of] p2a: Heatran\n|\n|-heal|p2a: Heatran|75\/100|[from] item: Leftovers\n|-damage|p1a: Hoopa|25\/100|[from] move: Magma Storm|[partiallytrapped]\n|upkeep\n|turn|5\n|\n|t:|1700201772\n|switch|p2a: Samurott|Samurott-Hisui, M|100\/100\n|move|p1a: Hoopa|Hyperspace Fury|p2a: Samurott\n|-resisted|p2a: Samurott\n|-damage|p2a: Samurott|52\/100\n|-unboost|p1a: Hoopa|def|1\n|\n|-end|p1a: Hoopa|Magma Storm|[partiallytrapped]|[silent]\n|upkeep\n|turn|6\n|\n|t:|1700201778\n|switch|p1a: Corviknight|Corviknight, M|88\/100\n|-damage|p1a: Corviknight|76\/100|[from] Stealth Rock\n|-ability|p1a: Corviknight|Pressure\n|move|p2a: Samurott|Aqua Jet|p1a: Corviknight\n|-damage|p1a: Corviknight|64\/100\n|-damage|p2a: Samurott|35\/100|[from] item: Rocky Helmet|[of] p1a: Corviknight\n|\n|upkeep\n|turn|7\n|\n|t:|1700201782\n|switch|p2a: Heatran|Heatran, F|75\/100\n|move|p1a: Corviknight|Body Press|p2a: Heatran\n|-supereffective|p2a: Heatran\n|-damage|p2a: Heatran|34\/100\n|-status|p1a: Corviknight|brn|[from] ability: Flame Body|[of] p2a: Heatran\n|\n|-heal|p2a: Heatran|40\/100|[from] item: Leftovers\n|-damage|p1a: Corviknight|58\/100 brn|[from] brn\n|upkeep\n|turn|8\n|\n|t:|1700201788\n|move|p2a: Heatran|Substitute|p2a: Heatran\n|-start|p2a: Heatran|Substitute\n|-damage|p2a: Heatran|15\/100\n|move|p1a: Corviknight|Body Press|p2a: Heatran\n|-supereffective|p2a: Heatran\n|-activate|p2a: Heatran|move: Substitute|[damage]\n|\n|-heal|p2a: Heatran|21\/100|[from] item: Leftovers\n|-damage|p1a: Corviknight|52\/100 brn|[from] brn\n|upkeep\n|turn|9\n|\n|t:|1700201791\n|move|p2a: Heatran|Magma Storm|p1a: Corviknight\n|-supereffective|p1a: Corviknight\n|-damage|p1a: Corviknight|0 fnt\n|faint|p1a: Corviknight\n|\n|-heal|p2a: Heatran|27\/100|[from] item: Leftovers\n|upkeep\n|\n|t:|1700201792\n|switch|p1a: Hoopa|Hoopa-Unbound|25\/100\n|-damage|p1a: Hoopa|13\/100|[from] Stealth Rock\n|turn|10\n|j| My Occult Deck\n|\n|t:|1700201797\n|switch|p2a: Garchomp|Garchomp, F|68\/100\n|move|p1a: Hoopa|Hyperspace Fury|p2a: Garchomp\n|-damage|p2a: Garchomp|16\/100\n|-unboost|p1a: Hoopa|def|1\n|\n|upkeep\n|turn|11\n|\n|t:|1700201800\n|switch|p1a: Landorus|Landorus-Therian, M|100\/100\n|-damage|p1a: Landorus|88\/100|[from] Stealth Rock\n|-ability|p1a: Landorus|Intimidate|boost\n|-unboost|p2a: Garchomp|atk|1\n|move|p2a: Garchomp|Dragon Tail|p1a: Landorus\n|-damage|p1a: Landorus|68\/100\n|drag|p1a: Maushold|Maushold-Four|100\/100\n|-damage|p1a: Maushold|88\/100|[from] Stealth Rock\n|\n|upkeep\n|turn|12\n|\n|t:|1700201807\n|move|p1a: Maushold|Tidy Up|p1a: Maushold\n|-sideend|p1: xxzfn|Stealth Rock\n|-activate|p1a: Maushold|move: Tidy Up\n|-boost|p1a: Maushold|atk|1\n|-boost|p1a: Maushold|spe|1\n|move|p2a: Garchomp|Dragon Tail|p1a: Maushold\n|-damage|p1a: Maushold|60\/100\n|drag|p1a: Dondozo|Dondozo, F|100\/100\n|\n|upkeep\n|turn|13\n|\n|t:|1700201810\n|move|p2a: Garchomp|Stealth Rock|p1a: Dondozo\n|-sidestart|p1: xxzfn|move: Stealth Rock\n|move|p1a: Dondozo|Liquidation|p2a: Garchomp\n|-damage|p2a: Garchomp|0 fnt\n|-damage|p1a: Dondozo|88\/100|[from] ability: Rough Skin|[of] p2a: Garchomp\n|-damage|p1a: Dondozo|72\/100|[from] item: Rocky Helmet|[of] p2a: Garchomp\n|faint|p2a: Garchomp\n|\n|-heal|p1a: Dondozo|78\/100|[from] item: Leftovers\n|upkeep\n|inactive|TrepYT has 120 seconds left.\n|inactive|TrepYT has 90 seconds left.\n|\n|t:|1700201876\n|switch|p2a: Cresselia|Cresselia, F|100\/100\n|turn|14\n|\n|t:|1700201880\n|switch|p1a: Maushold|Maushold-Four|60\/100\n|-damage|p1a: Maushold|48\/100|[from] Stealth Rock\n|move|p2a: Cresselia|Calm Mind|p2a: Cresselia\n|-boost|p2a: Cresselia|spa|1\n|-boost|p2a: Cresselia|spd|1\n|\n|upkeep\n|turn|15\n|\n|t:|1700201882\n|switch|p2a: Scizor|Scizor, F|100\/100\n|move|p1a: Maushold|Encore||[still]\n|-fail|p1a: Maushold\n|\n|upkeep\n|turn|16\n|\n|t:|1700201886\n|switch|p1a: Landorus|Landorus-Therian, M|68\/100\n|-damage|p1a: Landorus|56\/100|[from] Stealth Rock\n|-ability|p1a: Landorus|Intimidate|boost\n|-unboost|p2a: Scizor|atk|1\n|move|p2a: Scizor|U-turn|p1a: Landorus\n|-resisted|p1a: Landorus\n|-damage|p1a: Landorus|33\/100\n|\n|t:|1700201888\n|switch|p2a: Samurott|Samurott-Hisui, M|35\/100|[from] U-turn\n|\n|upkeep\n|turn|17\n|\n|t:|1700201890\n|move|p1a: Landorus|Stealth Rock|p2a: Samurott\n|-sidestart|p2: TrepYT|move: Stealth Rock\n|move|p2a: Samurott|Flip Turn|p1a: Landorus\n|-supereffective|p1a: Landorus\n|-damage|p1a: Landorus|0 fnt\n|faint|p1a: Landorus\n|\n|t:|1700201894\n|switch|p2a: Scizor|Scizor, F|100\/100|[from] Flip Turn\n|-damage|p2a: Scizor|88\/100|[from] Stealth Rock\n|\n|upkeep\n|\n|t:|1700201898\n|switch|p1a: Dondozo|Dondozo, F|78\/100\n|-damage|p1a: Dondozo|66\/100|[from] Stealth Rock\n|turn|18\n|\n|t:|1700201903\n|move|p2a: Scizor|U-turn|p1a: Dondozo\n|-damage|p1a: Dondozo|30\/100\n|\n|t:|1700201907\n|switch|p2a: Heatran|Heatran, F|27\/100|[from] U-turn\n|-damage|p2a: Heatran|15\/100|[from] Stealth Rock\n|move|p1a: Dondozo|Curse|p1a: Dondozo\n|-unboost|p1a: Dondozo|spe|1\n|-boost|p1a: Dondozo|atk|1\n|-boost|p1a: Dondozo|def|1\n|\n|-heal|p2a: Heatran|21\/100|[from] item: Leftovers\n|-heal|p1a: Dondozo|36\/100|[from] item: Leftovers\n|upkeep\n|turn|19\n|\n|t:|1700201913\n|move|p2a: Heatran|Taunt|p1a: Dondozo\n|-start|p1a: Dondozo|move: Taunt\n|move|p1a: Dondozo|Liquidation|p2a: Heatran\n|-supereffective|p2a: Heatran\n|-damage|p2a: Heatran|0 fnt\n|-status|p1a: Dondozo|brn|[from] ability: Flame Body|[of] p2a: Heatran\n|faint|p2a: Heatran\n|\n|-heal|p1a: Dondozo|42\/100 brn|[from] item: Leftovers\n|-damage|p1a: Dondozo|36\/100 brn|[from] brn\n|upkeep\n|\n|t:|1700201917\n|switch|p2a: Cresselia|Cresselia, F|100\/100\n|-damage|p2a: Cresselia|88\/100|[from] Stealth Rock\n|turn|20\n|\n|t:|1700201919\n|switch|p1a: Maushold|Maushold-Four|48\/100\n|-damage|p1a: Maushold|35\/100|[from] Stealth Rock\n|move|p2a: Cresselia|Calm Mind|p2a: Cresselia\n|-boost|p2a: Cresselia|spa|1\n|-boost|p2a: Cresselia|spd|1\n|\n|upkeep\n|turn|21\n|\n|t:|1700201922\n|move|p1a: Maushold|Population Bomb|p2a: Cresselia\n|-damage|p2a: Cresselia|82\/100\n|-crit|p2a: Cresselia\n|-damage|p2a: Cresselia|73\/100\n|-hitcount|p2a: Cresselia|2\n|-enditem|p2a: Cresselia|Kee Berry|[eat]\n|-boost|p2a: Cresselia|def|1|[from] item: Kee Berry\n|move|p2a: Cresselia|Stored Power|p1a: Maushold\n|-damage|p1a: Maushold|0 fnt\n|faint|p1a: Maushold\n|\n|upkeep\n|\n|t:|1700201926\n|switch|p1a: Dondozo|Dondozo, F|36\/100 brn\n|-damage|p1a: Dondozo|24\/100 brn|[from] Stealth Rock\n|turn|22\n|\n|t:|1700201928\n|move|p2a: Cresselia|Stored Power|p1a: Dondozo\n|-damage|p1a: Dondozo|10\/100 brn\n|move|p1a: Dondozo|Rest|p1a: Dondozo\n|-status|p1a: Dondozo|slp|[from] move: Rest\n|-heal|p1a: Dondozo|100\/100 slp|[silent]\n|\n|upkeep\n|turn|23\n|\n|t:|1700201931\n|move|p2a: Cresselia|Calm Mind|p2a: Cresselia\n|-boost|p2a: Cresselia|spa|1\n|-boost|p2a: Cresselia|spd|1\n|cant|p1a: Dondozo|slp\n|move|p1a: Dondozo|Sleep Talk|p1a: Dondozo\n|move|p1a: Dondozo|Liquidation|p2a: Cresselia|[from]move: Sleep Talk\n|-damage|p2a: Cresselia|59\/100\n|\n|upkeep\n|turn|24\n|\n|t:|1700201933\n|move|p2a: Cresselia|Calm Mind|p2a: Cresselia\n|-boost|p2a: Cresselia|spa|1\n|-boost|p2a: Cresselia|spd|1\n|cant|p1a: Dondozo|slp\n|move|p1a: Dondozo|Sleep Talk|p1a: Dondozo\n|move|p1a: Dondozo|Curse|p1a: Dondozo|[from]move: Sleep Talk\n|-unboost|p1a: Dondozo|spe|1\n|-boost|p1a: Dondozo|atk|1\n|-boost|p1a: Dondozo|def|1\n|\n|upkeep\n|turn|25\n|\n|t:|1700201936\n|move|p2a: Cresselia|Stored Power|p1a: Dondozo\n|-crit|p1a: Dondozo\n|-damage|p1a: Dondozo|56\/100 slp\n|-curestatus|p1a: Dondozo|slp|[msg]\n|move|p1a: Dondozo|Liquidation|p2a: Cresselia\n|-damage|p2a: Cresselia|36\/100\n|-unboost|p2a: Cresselia|def|1\n|\n|-heal|p1a: Dondozo|62\/100|[from] item: Leftovers\n|upkeep\n|turn|26\n|\n|t:|1700201940\n|move|p2a: Cresselia|Stored Power|p1a: Dondozo\n|-damage|p1a: Dondozo|36\/100\n|move|p1a: Dondozo|Liquidation|p2a: Cresselia\n|-damage|p2a: Cresselia|14\/100\n|\n|-heal|p1a: Dondozo|43\/100|[from] item: Leftovers\n|upkeep\n|turn|27\n|\n|t:|1700201944\n|move|p2a: Cresselia|Moonlight|p2a: Cresselia\n|-heal|p2a: Cresselia|64\/100\n|move|p1a: Dondozo|Rest|p1a: Dondozo\n|-status|p1a: Dondozo|slp|[from] move: Rest\n|-heal|p1a: Dondozo|100\/100 slp|[silent]\n|\n|upkeep\n|turn|28\n|\n|t:|1700201947\n|move|p2a: Cresselia|Calm Mind|p2a: Cresselia\n|-boost|p2a: Cresselia|spa|1\n|-boost|p2a: Cresselia|spd|1\n|cant|p1a: Dondozo|slp\n|move|p1a: Dondozo|Sleep Talk|p1a: Dondozo\n|move|p1a: Dondozo|Rest||[from]move: Sleep Talk|[still]\n|-fail|p1a: Dondozo\n|\n|upkeep\n|turn|29\n|\n|t:|1700201949\n|move|p2a: Cresselia|Calm Mind|p2a: Cresselia\n|-boost|p2a: Cresselia|spa|1\n|-boost|p2a: Cresselia|spd|1\n|cant|p1a: Dondozo|slp\n|move|p1a: Dondozo|Sleep Talk|p1a: Dondozo\n|move|p1a: Dondozo|Liquidation|p2a: Cresselia|[from]move: Sleep Talk\n|-damage|p2a: Cresselia|41\/100\n|\n|upkeep\n|turn|30\n|\n|t:|1700201952\n|move|p2a: Cresselia|Moonlight|p2a: Cresselia\n|-heal|p2a: Cresselia|91\/100\n|-curestatus|p1a: Dondozo|slp|[msg]\n|move|p1a: Dondozo|Liquidation|p2a: Cresselia\n|-damage|p2a: Cresselia|66\/100\n|\n|upkeep\n|turn|31\n|\n|t:|1700201953\n|move|p2a: Cresselia|Stored Power|p1a: Dondozo\n|-damage|p1a: Dondozo|65\/100\n|move|p1a: Dondozo|Liquidation|p2a: Cresselia\n|-damage|p2a: Cresselia|42\/100\n|-unboost|p2a: Cresselia|def|1\n|\n|-heal|p1a: Dondozo|71\/100|[from] item: Leftovers\n|upkeep\n|turn|32\n|\n|t:|1700201955\n|move|p2a: Cresselia|Stored Power|p1a: Dondozo\n|-damage|p1a: Dondozo|30\/100\n|move|p1a: Dondozo|Liquidation|p2a: Cresselia\n|-crit|p2a: Cresselia\n|-damage|p2a: Cresselia|7\/100\n|\n|-heal|p1a: Dondozo|36\/100|[from] item: Leftovers\n|upkeep\n|turn|33\n|\n|t:|1700201960\n|switch|p1a: Hoopa|Hoopa-Unbound|13\/100\n|-damage|p1a: Hoopa|0 fnt|[from] Stealth Rock\n|faint|p1a: Hoopa\n|move|p2a: Cresselia|Stored Power|p1: Hoopa|[notarget]\n|-fail|p2a: Cresselia\n|\n|upkeep\n|\n|t:|1700201965\n|switch|p1a: Gholdengo|Gholdengo|100\/100\n|-damage|p1a: Gholdengo|94\/100|[from] Stealth Rock\n|turn|34\n|\n|t:|1700201971\n|move|p2a: Cresselia|Stored Power|p1a: Gholdengo\n|-resisted|p1a: Gholdengo\n|-damage|p1a: Gholdengo|0 fnt\n|faint|p1a: Gholdengo\n|\n|upkeep\n|\n|t:|1700201974\n|switch|p1a: Dondozo|Dondozo, F|36\/100\n|-damage|p1a: Dondozo|23\/100|[from] Stealth Rock\n|turn|35\n|\n|t:|1700201977\n|move|p2a: Cresselia|Stored Power|p1a: Dondozo\n|-damage|p1a: Dondozo|0 fnt\n|faint|p1a: Dondozo\n|\n|win|TrepYT\n|raw|xxzfn's rating: 1683 &rarr; <strong>1666<\/strong><br \/>(-17 for losing)\n|raw|TrepYT's rating: 1741 &rarr; <strong>1758<\/strong><br \/>(+17 for winning)\n|l|\u2606xxzfn\n|l|\u203dTrepYT\n","uploadtime":1700201986,"views":27,"p1id":"xxzfn","p2id":"trepyt","formatid":"gen9ou","rating":1666,"private":0,"password":""}