{"id":"gen9ou-1994851866","p1":"bobbybomb12","p2":"Azelp20","format":"[Gen 9] OU","log":"|j|\u2606bobbybomb12\n|j|\u2606Azelp20\n|t:|1700498645\n|gametype|singles\n|player|p1|bobbybomb12|juggler|1035\n|player|p2|Azelp20|thorton|1005\n|teamsize|p1|6\n|teamsize|p2|6\n|gen|9\n|tier|[Gen 9] OU\n|rated|\n|rule|Sleep Clause Mod: Limit one foe put to sleep\n|rule|Species Clause: Limit one of each Pok\u00e9mon\n|rule|OHKO Clause: OHKO moves are banned\n|rule|Evasion Items Clause: Evasion items are banned\n|rule|Evasion Moves Clause: Evasion moves are banned\n|rule|Endless Battle Clause: Forcing endless battles is banned\n|rule|HP Percentage Mod: HP is shown in percentages\n|clearpoke\n|poke|p1|Ceruledge, M|\n|poke|p1|Samurott-Hisui, M|\n|poke|p1|Dragonite, F|\n|poke|p1|Iron Moth|\n|poke|p1|Hatterene, F|\n|poke|p1|Rotom-Wash|\n|poke|p2|Poliwrath, M|\n|poke|p2|Pelipper, F|\n|poke|p2|Overqwil, M|\n|poke|p2|Rillaboom, F|\n|poke|p2|Iron Treads|\n|poke|p2|Zapdos|\n|teampreview\n|\n|t:|1700498657\n|start\n|switch|p1a: Rotom|Rotom-Wash|100\/100\n|switch|p2a: Pelipper|Pelipper, F|100\/100\n|-weather|RainDance|[from] ability: Drizzle|[of] p2a: Pelipper\n|turn|1\n|\n|t:|1700498670\n|switch|p2a: Rillaboom|Rillaboom, F|100\/100\n|-fieldstart|move: Grassy Terrain|[from] ability: Grassy Surge|[of] p2a: Rillaboom\n|move|p1a: Rotom|Nasty Plot|p1a: Rotom\n|-boost|p1a: Rotom|spa|2\n|\n|-weather|RainDance|[upkeep]\n|upkeep\n|turn|2\n|\n|t:|1700498679\n|move|p1a: Rotom|Discharge|p2a: Rillaboom\n|-resisted|p2a: Rillaboom\n|-damage|p2a: Rillaboom|53\/100\n|-status|p2a: Rillaboom|par\n|move|p2a: Rillaboom|Wood Hammer|p1a: Rotom\n|-supereffective|p1a: Rotom\n|-damage|p1a: Rotom|0 fnt\n|faint|p1a: Rotom\n|-damage|p2a: Rillaboom|29\/100 par|[from] Recoil\n|\n|-weather|RainDance|[upkeep]\n|-heal|p2a: Rillaboom|35\/100 par|[from] Grassy Terrain\n|upkeep\n|\n|t:|1700498698\n|switch|p1a: Ceruledge|Ceruledge, M|100\/100\n|turn|3\n|\n|t:|1700498702\n|switch|p2a: Iron Treads|Iron Treads|100\/100\n|move|p1a: Ceruledge|Bulk Up|p1a: Ceruledge\n|-boost|p1a: Ceruledge|atk|1\n|-boost|p1a: Ceruledge|def|1\n|\n|-weather|RainDance|[upkeep]\n|upkeep\n|turn|4\n|\n|t:|1700498712\n|move|p1a: Ceruledge|Bulk Up|p1a: Ceruledge\n|-boost|p1a: Ceruledge|atk|1\n|-boost|p1a: Ceruledge|def|1\n|move|p2a: Iron Treads|Earth Power|p1a: Ceruledge\n|-supereffective|p1a: Ceruledge\n|-damage|p1a: Ceruledge|24\/100\n|-unboost|p1a: Ceruledge|spd|1\n|-enditem|p1a: Ceruledge|Weakness Policy\n|-boost|p1a: Ceruledge|atk|2|[from] item: Weakness Policy\n|-boost|p1a: Ceruledge|spa|2|[from] item: Weakness Policy\n|\n|-weather|RainDance|[upkeep]\n|-heal|p1a: Ceruledge|30\/100|[from] Grassy Terrain\n|upkeep\n|turn|5\n|\n|t:|1700498725\n|move|p1a: Ceruledge|Bitter Blade|p2a: Iron Treads\n|-supereffective|p2a: Iron Treads\n|-damage|p2a: Iron Treads|0 fnt\n|-heal|p1a: Ceruledge|87\/100|[from] drain|[of] p2a: Iron Treads\n|faint|p2a: Iron Treads\n|-end|p2a: Iron Treads|Quark Drive|[silent]\n|\n|-weather|RainDance|[upkeep]\n|-heal|p1a: Ceruledge|93\/100|[from] Grassy Terrain\n|-fieldend|move: Grassy Terrain\n|upkeep\n|\n|t:|1700498736\n|switch|p2a: Overqwil|Overqwil, M|100\/100\n|turn|6\n|\n|t:|1700498744\n|move|p2a: Overqwil|Liquidation|p1a: Ceruledge\n|-supereffective|p1a: Ceruledge\n|-damage|p1a: Ceruledge|22\/100\n|-ability|p1a: Ceruledge|Weak Armor|boost\n|-unboost|p1a: Ceruledge|def|1\n|-boost|p1a: Ceruledge|spe|2\n|-damage|p2a: Overqwil|91\/100|[from] item: Life Orb\n|move|p1a: Ceruledge|Bitter Blade|p2a: Overqwil\n|-damage|p2a: Overqwil|11\/100\n|-heal|p1a: Ceruledge|65\/100|[from] drain|[of] p2a: Overqwil\n|\n|-weather|RainDance|[upkeep]\n|upkeep\n|turn|7\n|\n|t:|1700498760\n|move|p1a: Ceruledge|Brick Break|p2a: Overqwil\n|-damage|p2a: Overqwil|0 fnt\n|faint|p2a: Overqwil\n|\n|-weather|RainDance|[upkeep]\n|upkeep\n|-message|Azelp20 forfeited.\n|\n|win|bobbybomb12\n|raw|bobbybomb12's rating: 1035 &rarr; <strong>1067<\/strong><br \/>(+32 for winning)\n|raw|Azelp20's rating: 1005 &rarr; <strong>1000<\/strong><br \/>(-5 for losing)\n|l|\u2606Azelp20\n","uploadtime":1700499063,"views":5,"p1id":"bobbybomb12","p2id":"azelp20","formatid":"gen9ou","rating":1000,"private":0,"password":""}