{"id":"gen9ou-1998154915","p1":"PK~Hunter\u2606","p2":"kuiperfl","format":"[Gen 9] OU","log":"|j|\u2606PK~Hunter\u2606\n|j|\u2606kuiperfl\n|t:|1700902125\n|gametype|singles\n|player|p1|PK~Hunter\u2606|steven|1064\n|player|p2|kuiperfl|hiker-gen4|1000\n|teamsize|p1|6\n|teamsize|p2|6\n|gen|9\n|tier|[Gen 9] OU\n|rated|\n|rule|Sleep Clause Mod: Limit one foe put to sleep\n|rule|Species Clause: Limit one of each Pok\u00e9mon\n|rule|OHKO Clause: OHKO moves are banned\n|rule|Evasion Items Clause: Evasion items are banned\n|rule|Evasion Moves Clause: Evasion moves are banned\n|rule|Endless Battle Clause: Forcing endless battles is banned\n|rule|HP Percentage Mod: HP is shown in percentages\n|clearpoke\n|poke|p1|Cinderace, M|\n|poke|p1|Klefki, F|\n|poke|p1|Zapdos|\n|poke|p1|Crawdaunt, M|\n|poke|p1|Amoonguss, M|\n|poke|p1|Ambipom, F|\n|poke|p2|Clawitzer, F|\n|poke|p2|Milotic, M|\n|poke|p2|Grimmsnarl, M|\n|poke|p2|Blissey, F|\n|poke|p2|Clefable, F|\n|poke|p2|Corviknight, M|\n|teampreview\n|inactive|Battle timer is ON: inactive players will automatically lose when time's up. (requested by kuiperfl)\n|\n|t:|1700902135\n|start\n|switch|p1a: Crawdaunt|Crawdaunt, M|100\/100\n|switch|p2a: Grimmsnarl|Grimmsnarl, M|100\/100\n|turn|1\n|\n|t:|1700902140\n|-terastallize|p1a: Crawdaunt|Water\n|move|p2a: Grimmsnarl|Reflect|p2a: Grimmsnarl\n|-sidestart|p2: kuiperfl|Reflect\n|move|p1a: Crawdaunt|Dragon Dance|p1a: Crawdaunt\n|-boost|p1a: Crawdaunt|atk|1\n|-boost|p1a: Crawdaunt|spe|1\n|\n|upkeep\n|turn|2\n|\n|t:|1700902147\n|move|p2a: Grimmsnarl|Thunder Wave|p1a: Crawdaunt\n|-status|p1a: Crawdaunt|par\n|move|p1a: Crawdaunt|Knock Off|p2a: Grimmsnarl\n|-resisted|p2a: Grimmsnarl\n|-damage|p2a: Grimmsnarl|85\/100\n|-enditem|p2a: Grimmsnarl|Light Clay|[from] move: Knock Off|[of] p1a: Crawdaunt\n|-damage|p1a: Crawdaunt|91\/100 par|[from] item: Life Orb\n|\n|upkeep\n|turn|3\n|\n|t:|1700902155\n|move|p2a: Grimmsnarl|Light Screen|p2a: Grimmsnarl\n|-sidestart|p2: kuiperfl|move: Light Screen\n|move|p1a: Crawdaunt|Liquidation|p2a: Grimmsnarl\n|-damage|p2a: Grimmsnarl|11\/100\n|-damage|p1a: Crawdaunt|81\/100 par|[from] item: Life Orb\n|\n|upkeep\n|turn|4\n|\n|t:|1700902159\n|move|p2a: Grimmsnarl|Parting Shot|p1a: Crawdaunt\n|-fail|p1a: Crawdaunt|unboost|Attack|[from] ability: Hyper Cutter|[of] p1a: Crawdaunt\n|-unboost|p1a: Crawdaunt|spa|1\n|\n|t:|1700902165\n|switch|p2a: Clawitzer|Clawitzer, F|100\/100|[from] Parting Shot\n|move|p1a: Crawdaunt|Liquidation|p2a: Clawitzer\n|-resisted|p2a: Clawitzer\n|-damage|p2a: Clawitzer|67\/100\n|-damage|p1a: Crawdaunt|71\/100 par|[from] item: Life Orb\n|\n|upkeep\n|turn|5\n|\n|t:|1700902175\n|move|p1a: Crawdaunt|Dragon Dance|p1a: Crawdaunt\n|-boost|p1a: Crawdaunt|atk|1\n|-boost|p1a: Crawdaunt|spe|1\n|move|p2a: Clawitzer|Aura Sphere|p1a: Crawdaunt\n|-damage|p1a: Crawdaunt|0 fnt\n|faint|p1a: Crawdaunt\n|\n|upkeep\n|\n|t:|1700902179\n|switch|p1a: Ambipom|Ambipom, F|100\/100\n|turn|6\n|\n|t:|1700902182\n|move|p1a: Ambipom|Fake Out|p2a: Clawitzer\n|-damage|p2a: Clawitzer|53\/100\n|cant|p2a: Clawitzer|flinch\n|\n|upkeep\n|turn|7\n|\n|t:|1700902185\n|move|p1a: Ambipom|Last Resort|p2a: Clawitzer\n|-damage|p2a: Clawitzer|18\/100\n|move|p2a: Clawitzer|Aura Sphere|p1a: Ambipom\n|-supereffective|p1a: Ambipom\n|-damage|p1a: Ambipom|0 fnt\n|faint|p1a: Ambipom\n|\n|-sideend|p2: kuiperfl|move: Light Screen\n|upkeep\n|\n|t:|1700902189\n|switch|p1a: Klefki|Klefki, F|100\/100\n|turn|8\n|\n|t:|1700902194\n|move|p1a: Klefki|Light Screen|p1a: Klefki\n|-sidestart|p1: PK~Hunter\u2606|move: Light Screen\n|move|p2a: Clawitzer|Aura Sphere|p1a: Klefki\n|-damage|p1a: Klefki|62\/100\n|\n|-sideend|p2: kuiperfl|Reflect\n|upkeep\n|turn|9\n|\n|t:|1700902197\n|move|p1a: Klefki|Spikes|p2a: Clawitzer\n|-sidestart|p2: kuiperfl|Spikes\n|move|p2a: Clawitzer|Aura Sphere|p1a: Klefki\n|-damage|p1a: Klefki|21\/100\n|\n|upkeep\n|turn|10\n|\n|t:|1700902200\n|move|p1a: Klefki|Rain Dance|p1a: Klefki\n|-weather|RainDance\n|move|p2a: Clawitzer|Aura Sphere|p1a: Klefki\n|-crit|p1a: Klefki\n|-damage|p1a: Klefki|0 fnt\n|faint|p1a: Klefki\n|\n|-weather|RainDance|[upkeep]\n|upkeep\n|\n|t:|1700902204\n|switch|p1a: Zapdos|Zapdos|100\/100\n|turn|11\n|\n|t:|1700902207\n|move|p1a: Zapdos|Thunder|p2a: Clawitzer\n|-supereffective|p2a: Clawitzer\n|-damage|p2a: Clawitzer|0 fnt\n|faint|p2a: Clawitzer\n|\n|-weather|RainDance|[upkeep]\n|upkeep\n|\n|t:|1700902216\n|switch|p2a: Grimmsnarl|Grimmsnarl, M|11\/100\n|-damage|p2a: Grimmsnarl|0 fnt|[from] Spikes\n|faint|p2a: Grimmsnarl\n|\n|t:|1700902220\n|switch|p2a: Corviknight|Corviknight, M|100\/100\n|-ability|p2a: Corviknight|Pressure\n|turn|12\n|\n|t:|1700902225\n|switch|p2a: Blissey|Blissey, F|100\/100\n|-damage|p2a: Blissey|88\/100|[from] Spikes\n|move|p1a: Zapdos|Thunder|p2a: Blissey\n|-damage|p2a: Blissey|67\/100\n|-status|p2a: Blissey|par\n|\n|-weather|RainDance|[upkeep]\n|-heal|p2a: Blissey|73\/100 par|[from] item: Leftovers\n|-sideend|p1: PK~Hunter\u2606|move: Light Screen\n|upkeep\n|turn|13\n|\n|t:|1700902234\n|switch|p1a: Cinderace|Cinderace, M|100\/100\n|cant|p2a: Blissey|par\n|\n|-weather|RainDance|[upkeep]\n|-heal|p2a: Blissey|79\/100 par|[from] item: Leftovers\n|upkeep\n|turn|14\n|\n|t:|1700902241\n|-curestatus|p2a: Blissey|par|[from] ability: Natural Cure\n|switch|p2a: Corviknight|Corviknight, M|100\/100\n|-ability|p2a: Corviknight|Pressure\n|move|p1a: Cinderace|High Jump Kick|p2a: Corviknight\n|-damage|p2a: Corviknight|81\/100\n|\n|-weather|RainDance|[upkeep]\n|-heal|p2a: Corviknight|87\/100|[from] item: Leftovers\n|upkeep\n|turn|15\n|\n|t:|1700902249\n|switch|p2a: Blissey|Blissey, F|79\/100\n|-damage|p2a: Blissey|67\/100|[from] Spikes\n|move|p1a: Cinderace|Will-O-Wisp|p2a: Blissey\n|-status|p2a: Blissey|brn\n|\n|-weather|RainDance|[upkeep]\n|-heal|p2a: Blissey|73\/100 brn|[from] item: Leftovers\n|-damage|p2a: Blissey|67\/100 brn|[from] brn\n|upkeep\n|turn|16\n|\n|t:|1700902256\n|-curestatus|p2a: Blissey|brn|[from] ability: Natural Cure\n|switch|p2a: Corviknight|Corviknight, M|87\/100\n|-ability|p2a: Corviknight|Pressure\n|move|p1a: Cinderace|High Jump Kick|p2a: Corviknight\n|-damage|p2a: Corviknight|68\/100\n|\n|-weather|RainDance|[upkeep]\n|-heal|p2a: Corviknight|75\/100|[from] item: Leftovers\n|upkeep\n|turn|17\n|\n|t:|1700902270\n|switch|p2a: Milotic|Milotic, M|100\/100\n|-damage|p2a: Milotic|88\/100|[from] Spikes\n|move|p1a: Cinderace|Will-O-Wisp|p2a: Milotic\n|-status|p2a: Milotic|brn\n|\n|-weather|none\n|-damage|p2a: Milotic|82\/100 brn|[from] brn\n|upkeep\n|turn|18\n|\n|t:|1700902280\n|switch|p1a: Amoonguss|Amoonguss, M|100\/100\n|move|p2a: Milotic|Dragon Dance|p2a: Milotic\n|-boost|p2a: Milotic|atk|1\n|-boost|p2a: Milotic|spe|1\n|\n|-damage|p2a: Milotic|76\/100 brn|[from] brn\n|upkeep\n|turn|19\n|\n|t:|1700902288\n|move|p2a: Milotic|Dragon Dance|p2a: Milotic\n|-boost|p2a: Milotic|atk|1\n|-boost|p2a: Milotic|spe|1\n|move|p1a: Amoonguss|Clear Smog|p2a: Milotic\n|-damage|p2a: Milotic|65\/100 brn\n|-clearboost|p2a: Milotic\n|\n|-damage|p2a: Milotic|59\/100 brn|[from] brn\n|upkeep\n|turn|20\n|-message|kuiperfl forfeited.\n|\n|win|PK~Hunter\u2606\n|raw|PK~Hunter\u2606's rating: 1064 &rarr; <strong>1089<\/strong><br \/>(+25 for winning)\n|raw|kuiperfl's rating: 1000 &rarr; <strong>1000<\/strong><br \/>(+0 for losing)\n|l|\u2606kuiperfl\n","uploadtime":1700902310,"views":3,"p1id":"pkhunter","p2id":"kuiperfl","formatid":"gen9ou","rating":1000,"private":0,"password":""}