{"id":"gen9ou-1996631846","p1":"Vivilia7982","p2":"saint_alphonso","format":"[Gen 9] OU","log":"|j|\u2606Vivilia7982\n|j|\u2606saint_alphonso\n|t:|1700702912\n|gametype|singles\n|player|p1|Vivilia7982|backersf|1158\n|player|p2|saint_alphonso|backpacker|1165\n|teamsize|p1|6\n|teamsize|p2|6\n|gen|9\n|tier|[Gen 9] OU\n|rated|\n|rule|Sleep Clause Mod: Limit one foe put to sleep\n|rule|Species Clause: Limit one of each Pok\u00e9mon\n|rule|OHKO Clause: OHKO moves are banned\n|rule|Evasion Items Clause: Evasion items are banned\n|rule|Evasion Moves Clause: Evasion moves are banned\n|rule|Endless Battle Clause: Forcing endless battles is banned\n|rule|HP Percentage Mod: HP is shown in percentages\n|clearpoke\n|poke|p1|Conkeldurr, M|\n|poke|p1|Iron Treads|\n|poke|p1|Dipplin, F|\n|poke|p1|Rotom-Wash|\n|poke|p1|Munkidori, M|\n|poke|p1|Salazzle, F|\n|poke|p2|Garganacl, F|\n|poke|p2|Maushold-Four|\n|poke|p2|Amoonguss, M|\n|poke|p2|Samurott-Hisui, M|\n|poke|p2|Iron Moth|\n|poke|p2|Kingambit, M|\n|teampreview\n|inactive|Battle timer is ON: inactive players will automatically lose when time's up. (requested by Vivilia7982)\n|\n|t:|1700702928\n|start\n|switch|p1a: Conkeldurr|Conkeldurr, M|100\/100\n|switch|p2a: Weeabo|Samurott-Hisui, M, shiny|100\/100\n|turn|1\n|\n|t:|1700702935\n|switch|p2a: Imposter|Amoonguss, M, shiny|100\/100\n|move|p1a: Conkeldurr|Knock Off|p2a: Imposter\n|-damage|p2a: Imposter|58\/100\n|-enditem|p2a: Imposter|Leftovers|[from] move: Knock Off|[of] p1a: Conkeldurr\n|\n|upkeep\n|turn|2\n|\n|t:|1700702942\n|move|p1a: Conkeldurr|Ice Punch|p2a: Imposter\n|-supereffective|p2a: Imposter\n|-damage|p2a: Imposter|0 fnt\n|faint|p2a: Imposter\n|\n|upkeep\n|\n|t:|1700702949\n|switch|p2a: Not Actually Steel|Iron Moth|100\/100\n|-enditem|p2a: Not Actually Steel|Booster Energy\n|-activate|p2a: Not Actually Steel|ability: Quark Drive|[fromitem]\n|-start|p2a: Not Actually Steel|quarkdrivespa\n|turn|3\n|\n|t:|1700702955\n|move|p2a: Not Actually Steel|Psychic|p1a: Conkeldurr\n|-supereffective|p1a: Conkeldurr\n|-damage|p1a: Conkeldurr|29\/100\n|move|p1a: Conkeldurr|Knock Off|p2a: Not Actually Steel\n|-damage|p2a: Not Actually Steel|52\/100\n|\n|upkeep\n|turn|4\n|\n|t:|1700702981\n|switch|p1a: Rotom|Rotom-Wash|100\/100\n|move|p2a: Not Actually Steel|Psychic|p1a: Rotom\n|-damage|p1a: Rotom|68\/100\n|\n|-heal|p1a: Rotom|74\/100|[from] item: Leftovers\n|upkeep\n|turn|5\n|\n|t:|1700702990\n|-end|p2a: Not Actually Steel|Quark Drive|[silent]\n|switch|p2a: Gen 9's Best Fairy|Garganacl, F, shiny|100\/100\n|move|p1a: Rotom|Hydro Pump|p2a: Gen 9's Best Fairy|[miss]\n|-miss|p1a: Rotom|p2a: Gen 9's Best Fairy\n|\n|-heal|p1a: Rotom|80\/100|[from] item: Leftovers\n|upkeep\n|turn|6\n|\n|t:|1700702999\n|move|p1a: Rotom|Volt Switch|p2a: Gen 9's Best Fairy\n|-damage|p2a: Gen 9's Best Fairy|84\/100\n|\n|t:|1700703007\n|switch|p1a: Iron Treads|Iron Treads|100\/100|[from] Volt Switch\n|move|p2a: Gen 9's Best Fairy|Salt Cure|p1a: Iron Treads\n|-resisted|p1a: Iron Treads\n|-damage|p1a: Iron Treads|98\/100\n|-start|p1a: Iron Treads|Salt Cure\n|\n|-heal|p2a: Gen 9's Best Fairy|90\/100|[from] item: Leftovers\n|-damage|p1a: Iron Treads|73\/100|[from] Salt Cure\n|upkeep\n|turn|7\n|\n|t:|1700703018\n|move|p1a: Iron Treads|Knock Off|p2a: Gen 9's Best Fairy\n|-damage|p2a: Gen 9's Best Fairy|74\/100\n|-enditem|p2a: Gen 9's Best Fairy|Leftovers|[from] move: Knock Off|[of] p1a: Iron Treads\n|move|p2a: Gen 9's Best Fairy|Body Press|p1a: Iron Treads\n|-supereffective|p1a: Iron Treads\n|-damage|p1a: Iron Treads|39\/100\n|\n|-damage|p1a: Iron Treads|14\/100|[from] Salt Cure\n|upkeep\n|turn|8\n|\n|t:|1700703027\n|move|p1a: Iron Treads|Volt Switch|p2a: Gen 9's Best Fairy\n|-damage|p2a: Gen 9's Best Fairy|67\/100\n|\n|t:|1700703036\n|-end|p1a: Iron Treads|Quark Drive|[silent]\n|switch|p1a: Conkeldurr|Conkeldurr, M|29\/100|[from] Volt Switch\n|move|p2a: Gen 9's Best Fairy|Body Press|p1a: Conkeldurr\n|-damage|p1a: Conkeldurr|9\/100\n|\n|upkeep\n|turn|9\n|\n|t:|1700703044\n|-terastallize|p2a: Gen 9's Best Fairy|Fairy\n|move|p1a: Conkeldurr|Drain Punch|p2a: Gen 9's Best Fairy\n|-resisted|p2a: Gen 9's Best Fairy\n|-damage|p2a: Gen 9's Best Fairy|48\/100\n|-heal|p1a: Conkeldurr|18\/100|[from] drain|[of] p2a: Gen 9's Best Fairy\n|move|p2a: Gen 9's Best Fairy|Salt Cure|p1a: Conkeldurr\n|-resisted|p1a: Conkeldurr\n|-damage|p1a: Conkeldurr|13\/100\n|-start|p1a: Conkeldurr|Salt Cure\n|\n|-damage|p1a: Conkeldurr|0 fnt|[from] Salt Cure\n|faint|p1a: Conkeldurr\n|upkeep\n|\n|t:|1700703058\n|switch|p1a: Salazzle|Salazzle, F|100\/100\n|turn|10\n|\n|t:|1700703062\n|move|p1a: Salazzle|Sludge Bomb|p2a: Gen 9's Best Fairy\n|-supereffective|p2a: Gen 9's Best Fairy\n|-damage|p2a: Gen 9's Best Fairy|0 fnt\n|faint|p2a: Gen 9's Best Fairy\n|\n|upkeep\n|\n|t:|1700703068\n|switch|p2a: Not Actually Steel|Iron Moth|52\/100\n|turn|11\n|\n|t:|1700703086\n|switch|p1a: Iron Treads|Iron Treads|14\/100\n|move|p2a: Not Actually Steel|Psychic|p1a: Iron Treads\n|-resisted|p1a: Iron Treads\n|-damage|p1a: Iron Treads|0 fnt\n|faint|p1a: Iron Treads\n|-end|p1a: Iron Treads|Quark Drive|[silent]\n|\n|upkeep\n|\n|t:|1700703103\n|switch|p1a: Rotom|Rotom-Wash|80\/100\n|turn|12\n|\n|t:|1700703110\n|move|p2a: Not Actually Steel|Sludge Wave|p1a: Rotom\n|-damage|p1a: Rotom|41\/100\n|move|p1a: Rotom|Hydro Pump|p2a: Not Actually Steel\n|-supereffective|p2a: Not Actually Steel\n|-damage|p2a: Not Actually Steel|0 fnt\n|faint|p2a: Not Actually Steel\n|-end|p2a: Not Actually Steel|Quark Drive|[silent]\n|\n|-heal|p1a: Rotom|47\/100|[from] item: Leftovers\n|upkeep\n|\n|t:|1700703119\n|switch|p2a: Divorce|Maushold-Four|100\/100\n|turn|13\n|\n|t:|1700703123\n|move|p2a: Divorce|Population Bomb|p1a: Rotom\n|-damage|p1a: Rotom|35\/100\n|-damage|p1a: Rotom|23\/100\n|-damage|p1a: Rotom|11\/100\n|-damage|p1a: Rotom|0 fnt\n|faint|p1a: Rotom\n|-hitcount|p1: Rotom|4\n|\n|upkeep\n|\n|t:|1700703140\n|switch|p1a: Dipplin|Dipplin, F|100\/100\n|turn|14\n|\n|t:|1700703150\n|move|p2a: Divorce|Tidy Up|p2a: Divorce\n|-boost|p2a: Divorce|atk|1\n|-boost|p2a: Divorce|spe|1\n|move|p1a: Dipplin|Dragon Tail|p2a: Divorce\n|-damage|p2a: Divorce|78\/100\n|drag|p2a: Weeabo|Samurott-Hisui, M, shiny|100\/100\n|\n|upkeep\n|turn|15\n|\n|t:|1700703160\n|move|p2a: Weeabo|Swords Dance|p2a: Weeabo\n|-boost|p2a: Weeabo|atk|2\n|move|p1a: Dipplin|Syrup Bomb|p2a: Weeabo\n|-supereffective|p2a: Weeabo\n|-damage|p2a: Weeabo|39\/100\n|-start|p2a: Weeabo|Syrup Bomb\n|\n|-unboost|p2a: Weeabo|spe|1\n|upkeep\n|turn|16\n|\n|t:|1700703173\n|move|p2a: Weeabo|Ceaseless Edge|p1a: Dipplin\n|-damage|p1a: Dipplin|62\/100\n|-sidestart|p1: Vivilia7982|Spikes\n|move|p1a: Dipplin|Syrup Bomb|p2a: Weeabo\n|-supereffective|p2a: Weeabo\n|-damage|p2a: Weeabo|0 fnt\n|faint|p2a: Weeabo\n|\n|upkeep\n|\n|t:|1700703182\n|switch|p2a: Divorce|Maushold-Four|78\/100\n|turn|17\n|\n|t:|1700703186\n|move|p2a: Divorce|Population Bomb|p1a: Dipplin\n|-damage|p1a: Dipplin|57\/100\n|-damage|p1a: Dipplin|52\/100\n|-damage|p1a: Dipplin|48\/100\n|-damage|p1a: Dipplin|44\/100\n|-damage|p1a: Dipplin|39\/100\n|-damage|p1a: Dipplin|34\/100\n|-damage|p1a: Dipplin|29\/100\n|-damage|p1a: Dipplin|24\/100\n|-damage|p1a: Dipplin|19\/100\n|-damage|p1a: Dipplin|15\/100\n|-hitcount|p1a: Dipplin|10\n|move|p1a: Dipplin|Recover|p1a: Dipplin\n|-heal|p1a: Dipplin|65\/100\n|\n|upkeep\n|turn|18\n|\n|t:|1700703203\n|-terastallize|p1a: Dipplin|Steel\n|move|p2a: Divorce|Tidy Up|p2a: Divorce\n|-sideend|p1: Vivilia7982|Spikes\n|-activate|p2a: Divorce|move: Tidy Up\n|-boost|p2a: Divorce|atk|1\n|-boost|p2a: Divorce|spe|1\n|move|p1a: Dipplin|Syrup Bomb|p2a: Divorce|[miss]\n|-miss|p1a: Dipplin|p2a: Divorce\n|\n|upkeep\n|turn|19\n|\n|t:|1700703212\n|move|p2a: Divorce|Population Bomb|p1a: Dipplin\n|-resisted|p1a: Dipplin\n|-damage|p1a: Dipplin|61\/100\n|-resisted|p1a: Dipplin\n|-damage|p1a: Dipplin|58\/100\n|-resisted|p1a: Dipplin\n|-damage|p1a: Dipplin|54\/100\n|-resisted|p1a: Dipplin\n|-damage|p1a: Dipplin|51\/100\n|-resisted|p1a: Dipplin\n|-damage|p1a: Dipplin|47\/100\n|-resisted|p1a: Dipplin\n|-damage|p1a: Dipplin|44\/100\n|-resisted|p1a: Dipplin\n|-damage|p1a: Dipplin|41\/100\n|-resisted|p1a: Dipplin\n|-damage|p1a: Dipplin|37\/100\n|-resisted|p1a: Dipplin\n|-damage|p1a: Dipplin|34\/100\n|-resisted|p1a: Dipplin\n|-damage|p1a: Dipplin|31\/100\n|-hitcount|p1a: Dipplin|10\n|move|p1a: Dipplin|Dragon Tail|p2a: Divorce\n|-damage|p2a: Divorce|55\/100\n|drag|p2a: Banmepls|Kingambit, M, shiny|100\/100\n|-activate|p2a: Banmepls|ability: Supreme Overlord\n|-start|p2a: Banmepls|fallen4|[silent]\n|\n|upkeep\n|turn|20\n|\n|t:|1700703236\n|move|p2a: Banmepls|Sucker Punch||[still]\n|-fail|p2a: Banmepls\n|move|p1a: Dipplin|Recover|p1a: Dipplin\n|-heal|p1a: Dipplin|81\/100\n|\n|upkeep\n|turn|21\n|\n|t:|1700703248\n|move|p2a: Banmepls|Brick Break|p1a: Dipplin\n|-supereffective|p1a: Dipplin\n|-damage|p1a: Dipplin|45\/100\n|move|p1a: Dipplin|Dragon Tail|p2a: Banmepls\n|-resisted|p2a: Banmepls\n|-damage|p2a: Banmepls|95\/100\n|-end|p2a: Banmepls|fallen4|[silent]\n|drag|p2a: Divorce|Maushold-Four|55\/100\n|\n|upkeep\n|turn|22\n|\n|t:|1700703257\n|move|p2a: Divorce|Population Bomb|p1a: Dipplin\n|-resisted|p1a: Dipplin\n|-damage|p1a: Dipplin|43\/100\n|-resisted|p1a: Dipplin\n|-damage|p1a: Dipplin|40\/100\n|-resisted|p1a: Dipplin\n|-damage|p1a: Dipplin|38\/100\n|-resisted|p1a: Dipplin\n|-damage|p1a: Dipplin|35\/100\n|-resisted|p1a: Dipplin\n|-damage|p1a: Dipplin|33\/100\n|-resisted|p1a: Dipplin\n|-damage|p1a: Dipplin|31\/100\n|-resisted|p1a: Dipplin\n|-damage|p1a: Dipplin|29\/100\n|-resisted|p1a: Dipplin\n|-damage|p1a: Dipplin|26\/100\n|-resisted|p1a: Dipplin\n|-damage|p1a: Dipplin|24\/100\n|-resisted|p1a: Dipplin\n|-damage|p1a: Dipplin|21\/100\n|-hitcount|p1a: Dipplin|10\n|move|p1a: Dipplin|Syrup Bomb|p2a: Divorce\n|-damage|p2a: Divorce|25\/100\n|-start|p2a: Divorce|Syrup Bomb\n|\n|-unboost|p2a: Divorce|spe|1\n|upkeep\n|turn|23\n|\n|t:|1700703282\n|move|p2a: Divorce|Population Bomb|p1a: Dipplin\n|-resisted|p1a: Dipplin\n|-damage|p1a: Dipplin|19\/100\n|-resisted|p1a: Dipplin\n|-damage|p1a: Dipplin|16\/100\n|-resisted|p1a: Dipplin\n|-damage|p1a: Dipplin|14\/100\n|-resisted|p1a: Dipplin\n|-damage|p1a: Dipplin|12\/100\n|-resisted|p1a: Dipplin\n|-damage|p1a: Dipplin|10\/100\n|-resisted|p1a: Dipplin\n|-damage|p1a: Dipplin|7\/100\n|-resisted|p1a: Dipplin\n|-damage|p1a: Dipplin|5\/100\n|-resisted|p1a: Dipplin\n|-damage|p1a: Dipplin|2\/100\n|-resisted|p1a: Dipplin\n|-damage|p1a: Dipplin|0 fnt\n|faint|p1a: Dipplin\n|-hitcount|p1: Dipplin|9\n|\n|-unboost|p2a: Divorce|spe|1\n|upkeep\n|\n|t:|1700703294\n|switch|p1a: Salazzle|Salazzle, F|100\/100\n|turn|24\n|\n|t:|1700703304\n|move|p1a: Salazzle|Flamethrower|p2a: Divorce\n|-damage|p2a: Divorce|0 fnt\n|faint|p2a: Divorce\n|\n|upkeep\n|\n|t:|1700703309\n|switch|p2a: Banmepls|Kingambit, M, shiny|95\/100\n|-activate|p2a: Banmepls|ability: Supreme Overlord\n|-start|p2a: Banmepls|fallen5|[silent]\n|turn|25\n|\n|t:|1700703315\n|move|p1a: Salazzle|Flamethrower|p2a: Banmepls\n|-supereffective|p2a: Banmepls\n|-damage|p2a: Banmepls|17\/100\n|move|p2a: Banmepls|Kowtow Cleave|p1a: Salazzle\n|-enditem|p1a: Salazzle|Focus Sash\n|-damage|p1a: Salazzle|1\/100\n|\n|upkeep\n|turn|26\n|\n|t:|1700703328\n|move|p2a: Banmepls|Sucker Punch||[still]\n|-fail|p2a: Banmepls\n|move|p1a: Salazzle|Taunt|p2a: Banmepls\n|-start|p2a: Banmepls|move: Taunt\n|\n|upkeep\n|turn|27\n|\n|t:|1700703334\n|move|p2a: Banmepls|Sucker Punch|p1a: Salazzle\n|-damage|p1a: Salazzle|0 fnt\n|faint|p1a: Salazzle\n|\n|upkeep\n|\n|t:|1700703336\n|switch|p1a: Munkidori|Munkidori, M|100\/100\n|turn|28\n|\n|t:|1700703344\n|move|p1a: Munkidori|Tera Blast|p2a: Banmepls\n|-resisted|p2a: Banmepls\n|-crit|p2a: Banmepls\n|-damage|p2a: Banmepls|0 fnt\n|faint|p2a: Banmepls\n|-end|p2a: Banmepls|fallen5|[silent]\n|\n|win|Vivilia7982\n|raw|Vivilia7982's rating: 1158 &rarr; <strong>1184<\/strong><br \/>(+26 for winning)\n|raw|saint_alphonso's rating: 1165 &rarr; <strong>1139<\/strong><br \/>(-26 for losing)\n|l|\u2606saint_alphonso\n|c|\u2606Vivilia7982|Gg\n","uploadtime":1700703355,"views":3,"p1id":"vivilia7982","p2id":"saintalphonso","formatid":"gen9ou","rating":1139,"private":0,"password":""}