{"id":"gen9ou-1990547698","p1":"ASNUFSANGU","p2":"thedebatablereaper","format":"[Gen 9] OU","log":"|j|\u2606ASNUFSANGU\n|j|\u2606thedebatablereaper\n|t:|1699980459\n|gametype|singles\n|player|p1|ASNUFSANGU|backpacker|1564\n|player|p2|thedebatablereaper|266|1594\n|teamsize|p1|6\n|teamsize|p2|6\n|gen|9\n|tier|[Gen 9] OU\n|rated|\n|rule|Sleep Clause Mod: Limit one foe put to sleep\n|rule|Species Clause: Limit one of each Pok\u00e9mon\n|rule|OHKO Clause: OHKO moves are banned\n|rule|Evasion Items Clause: Evasion items are banned\n|rule|Evasion Moves Clause: Evasion moves are banned\n|rule|Endless Battle Clause: Forcing endless battles is banned\n|rule|HP Percentage Mod: HP is shown in percentages\n|clearpoke\n|poke|p1|Landorus-Therian, M|\n|poke|p1|Hoopa-Unbound|\n|poke|p1|Ambipom, M|\n|poke|p1|Kingambit, M|\n|poke|p1|Dragonite, M|\n|poke|p1|Iron Hands|\n|poke|p2|Ribombee, F|\n|poke|p2|Manaphy|\n|poke|p2|Ogerpon-Cornerstone, F|\n|poke|p2|Gholdengo|\n|poke|p2|Crawdaunt, M|\n|poke|p2|Sneasler, M|\n|teampreview\n|\n|t:|1699980466\n|start\n|switch|p1a: Discount Machamp|Ambipom, M|100\/100\n|switch|p2a: Ribombee|Ribombee, F|100\/100\n|turn|1\n|inactive|Battle timer is ON: inactive players will automatically lose when time's up. (requested by ASNUFSANGU)\n|\n|t:|1699980481\n|switch|p2a: Ogerpon|Ogerpon-Cornerstone, F|100\/100\n|move|p1a: Discount Machamp|Double Hit|p2a: Ogerpon\n|-resisted|p2a: Ogerpon\n|-damage|p2a: Ogerpon|80\/100\n|-resisted|p2a: Ogerpon\n|-damage|p2a: Ogerpon|59\/100\n|-hitcount|p2a: Ogerpon|2\n|\n|upkeep\n|turn|2\n|\n|t:|1699980501\n|switch|p1a: Joy Buzzer|Iron Hands|100\/100\n|move|p2a: Ogerpon|Knock Off|p1a: Joy Buzzer\n|-resisted|p1a: Joy Buzzer\n|-damage|p1a: Joy Buzzer|87\/100\n|-enditem|p1a: Joy Buzzer|Assault Vest|[from] move: Knock Off|[of] p2a: Ogerpon\n|\n|upkeep\n|turn|3\n|j| crusadera2\n|\n|t:|1699980511\n|switch|p2a: Ribombee|Ribombee, F|100\/100\n|move|p1a: Joy Buzzer|Thunder Punch|p2a: Ribombee\n|-damage|p2a: Ribombee|12\/100\n|\n|upkeep\n|turn|4\n|\n|t:|1699980518\n|move|p2a: Ribombee|Sticky Web|p1a: Joy Buzzer\n|-sidestart|p1: ASNUFSANGU|move: Sticky Web\n|move|p1a: Joy Buzzer|Thunder Punch|p2a: Ribombee\n|-damage|p2a: Ribombee|0 fnt\n|faint|p2a: Ribombee\n|\n|upkeep\n|\n|t:|1699980530\n|switch|p2a: Gholdengo|Gholdengo|100\/100\n|-item|p2a: Gholdengo|Air Balloon\n|turn|5\n|\n|t:|1699980534\n|move|p2a: Gholdengo|Nasty Plot|p2a: Gholdengo\n|-boost|p2a: Gholdengo|spa|2\n|move|p1a: Joy Buzzer|Thunder Punch|p2a: Gholdengo\n|-damage|p2a: Gholdengo|53\/100\n|-status|p2a: Gholdengo|par\n|-enditem|p2a: Gholdengo|Air Balloon\n|\n|upkeep\n|turn|6\n|\n|t:|1699980542\n|move|p2a: Gholdengo|Make It Rain|p1a: Joy Buzzer\n|-resisted|p1a: Joy Buzzer\n|-damage|p1a: Joy Buzzer|26\/100\n|-unboost|p2a: Gholdengo|spa|1\n|move|p1a: Joy Buzzer|Earthquake|p2a: Gholdengo\n|-supereffective|p2a: Gholdengo\n|-damage|p2a: Gholdengo|0 fnt\n|faint|p2a: Gholdengo\n|\n|upkeep\n|c|\u2606ASNUFSANGU|moment\n|\n|t:|1699980560\n|switch|p2a: Ogerpon|Ogerpon-Cornerstone, F|59\/100\n|turn|7\n|\n|t:|1699980564\n|move|p2a: Ogerpon|Horn Leech|p1a: Joy Buzzer\n|-damage|p1a: Joy Buzzer|0 fnt\n|-heal|p2a: Ogerpon|80\/100|[from] drain|[of] p1a: Joy Buzzer\n|faint|p1a: Joy Buzzer\n|-end|p1a: Joy Buzzer|Quark Drive|[silent]\n|\n|upkeep\n|\n|t:|1699980579\n|switch|p1a: Discount Machamp|Ambipom, M|100\/100\n|-activate|p1a: Discount Machamp|move: Sticky Web\n|-unboost|p1a: Discount Machamp|spe|1\n|turn|8\n|\n|t:|1699980587\n|move|p2a: Ogerpon|Ivy Cudgel|p1a: Discount Machamp|[anim] Ivy Cudgel Rock\n|-damage|p1a: Discount Machamp|1\/100\n|move|p1a: Discount Machamp|U-turn|p2a: Ogerpon\n|-supereffective|p2a: Ogerpon\n|-damage|p2a: Ogerpon|0 fnt\n|faint|p2a: Ogerpon\n|c|\u2606ASNUFSANGU|ambipom balling\n|\n|t:|1699980602\n|switch|p1a: Puff|Dragonite, M|100\/100|[from] U-turn\n|\n|upkeep\n|\n|t:|1699980608\n|switch|p2a: Manaphy|Manaphy|100\/100\n|turn|9\n|\n|t:|1699980631\n|move|p2a: Manaphy|Tail Glow|p2a: Manaphy\n|-boost|p2a: Manaphy|spa|3\n|move|p1a: Puff|Dragon Dance|p1a: Puff\n|-boost|p1a: Puff|atk|1\n|-boost|p1a: Puff|spe|1\n|\n|upkeep\n|turn|10\n|\n|t:|1699980643\n|move|p1a: Puff|Dragon Dance|p1a: Puff\n|-boost|p1a: Puff|atk|1\n|-boost|p1a: Puff|spe|1\n|move|p2a: Manaphy|Ice Beam|p1a: Puff\n|-supereffective|p1a: Puff\n|-damage|p1a: Puff|0 fnt\n|faint|p1a: Puff\n|\n|upkeep\n|\n|t:|1699980651\n|switch|p1a: Event Horizon|Hoopa-Unbound|100\/100\n|-activate|p1a: Event Horizon|move: Sticky Web\n|-unboost|p1a: Event Horizon|spe|1\n|turn|11\n|\n|t:|1699980656\n|move|p2a: Manaphy|Surf|p1a: Event Horizon\n|-damage|p1a: Event Horizon|43\/100\n|move|p1a: Event Horizon|Knock Off|p2a: Manaphy\n|-damage|p2a: Manaphy|47\/100\n|-enditem|p2a: Manaphy|Leftovers|[from] move: Knock Off|[of] p1a: Event Horizon\n|\n|upkeep\n|turn|12\n|inactive|ASNUFSANGU has 120 seconds left.\n|\n|t:|1699980691\n|move|p2a: Manaphy|Surf|p1a: Event Horizon\n|-damage|p1a: Event Horizon|0 fnt\n|faint|p1a: Event Horizon\n|\n|upkeep\n|\n|t:|1699980708\n|switch|p1a: Discount Machamp|Ambipom, M|1\/100\n|-activate|p1a: Discount Machamp|move: Sticky Web\n|-unboost|p1a: Discount Machamp|spe|1\n|turn|13\n|\n|t:|1699980715\n|move|p1a: Discount Machamp|Fake Out|p2a: Manaphy\n|-damage|p2a: Manaphy|10\/100\n|cant|p2a: Manaphy|flinch\n|\n|upkeep\n|turn|14\n|inactive|ASNUFSANGU has 120 seconds left.\n|\n|t:|1699980726\n|switch|p1a: Lion King|Landorus-Therian, M|100\/100\n|-ability|p1a: Lion King|Intimidate|boost\n|-unboost|p2a: Manaphy|atk|1\n|move|p2a: Manaphy|Surf|p1a: Lion King\n|-supereffective|p1a: Lion King\n|-damage|p1a: Lion King|0 fnt\n|faint|p1a: Lion King\n|\n|upkeep\n|\n|t:|1699980732\n|switch|p1a: Ulysess|Kingambit, M|100\/100\n|-activate|p1a: Ulysess|move: Sticky Web\n|-unboost|p1a: Ulysess|spe|1\n|-activate|p1a: Ulysess|ability: Supreme Overlord\n|-start|p1a: Ulysess|fallen4|[silent]\n|turn|15\n|inactive|ASNUFSANGU has 120 seconds left.\n|\n|t:|1699980754\n|move|p1a: Ulysess|Sucker Punch|p2a: Manaphy\n|-damage|p2a: Manaphy|0 fnt\n|faint|p2a: Manaphy\n|\n|upkeep\n|\n|t:|1699980771\n|switch|p2a: Sneasler|Sneasler, M|100\/100\n|-item|p2a: Sneasler|Air Balloon\n|turn|16\n|\n|t:|1699980785\n|-end|p1a: Ulysess|fallen4|[silent]\n|switch|p1a: Discount Machamp|Ambipom, M|1\/100\n|-activate|p1a: Discount Machamp|move: Sticky Web\n|-unboost|p1a: Discount Machamp|spe|1\n|move|p2a: Sneasler|Swords Dance|p2a: Sneasler\n|-boost|p2a: Sneasler|atk|2\n|\n|upkeep\n|turn|17\n|inactive|ASNUFSANGU has 120 seconds left.\n|\n|t:|1699980793\n|move|p1a: Discount Machamp|Fake Out|p2a: Sneasler\n|-damage|p2a: Sneasler|38\/100\n|-enditem|p2a: Sneasler|Air Balloon\n|cant|p2a: Sneasler|flinch\n|\n|upkeep\n|turn|18\n|\n|t:|1699980800\n|move|p1a: Discount Machamp|Fake Out||[still]\n|-hint|Fake Out only works on your first turn out.\n|-fail|p1a: Discount Machamp\n|move|p2a: Sneasler|Dire Claw|p1a: Discount Machamp\n|-damage|p1a: Discount Machamp|0 fnt\n|faint|p1a: Discount Machamp\n|\n|upkeep\n|\n|t:|1699980802\n|switch|p1a: Ulysess|Kingambit, M|100\/100\n|-activate|p1a: Ulysess|move: Sticky Web\n|-unboost|p1a: Ulysess|spe|1\n|-activate|p1a: Ulysess|ability: Supreme Overlord\n|-start|p1a: Ulysess|fallen5|[silent]\n|turn|19\n|\n|t:|1699980812\n|move|p1a: Ulysess|Sucker Punch|p2a: Sneasler\n|-resisted|p2a: Sneasler\n|-damage|p2a: Sneasler|0 fnt\n|faint|p2a: Sneasler\n|\n|upkeep\n|\n|t:|1699980816\n|switch|p2a: Crawdaunt|Crawdaunt, M|100\/100\n|turn|20\n|\n|t:|1699980823\n|move|p2a: Crawdaunt|Crabhammer|p1a: Ulysess\n|-damage|p1a: Ulysess|35\/100\n|-damage|p2a: Crawdaunt|91\/100|[from] item: Life Orb\n|move|p1a: Ulysess|Kowtow Cleave|p2a: Crawdaunt\n|-resisted|p2a: Crawdaunt\n|-damage|p2a: Crawdaunt|40\/100\n|\n|-heal|p1a: Ulysess|41\/100|[from] item: Leftovers\n|upkeep\n|turn|21\n|\n|t:|1699980838\n|move|p1a: Ulysess|Sucker Punch|p2a: Crawdaunt\n|-resisted|p2a: Crawdaunt\n|-damage|p2a: Crawdaunt|0 fnt\n|faint|p2a: Crawdaunt\n|\n|win|ASNUFSANGU\n|raw|ASNUFSANGU's rating: 1564 &rarr; <strong>1586<\/strong><br \/>(+22 for winning)\n|raw|thedebatablereaper's rating: 1594 &rarr; <strong>1572<\/strong><br \/>(-22 for losing)\n|l|\u2606thedebatablereaper\n|c|\u2606ASNUFSANGU|gambit moment\n","uploadtime":1699980851,"views":5,"p1id":"asnufsangu","p2id":"thedebatablereaper","formatid":"gen9ou","rating":1572,"private":0,"password":""}