{"id":"gen9ou-1996851015","p1":"v3n0m.c4tch3r","p2":"yiyv1234321","format":"[Gen 9] OU","log":"|j|\u2606v3n0m.c4tch3r\n|j|\u2606yiyv1234321\n|t:|1700735341\n|gametype|singles\n|player|p1|v3n0m.c4tch3r|cynthia-gen4|1137\n|player|p2|yiyv1234321|170|1125\n|teamsize|p1|6\n|teamsize|p2|6\n|gen|9\n|tier|[Gen 9] OU\n|rated|\n|rule|Sleep Clause Mod: Limit one foe put to sleep\n|rule|Species Clause: Limit one of each Pok\u00e9mon\n|rule|OHKO Clause: OHKO moves are banned\n|rule|Evasion Items Clause: Evasion items are banned\n|rule|Evasion Moves Clause: Evasion moves are banned\n|rule|Endless Battle Clause: Forcing endless battles is banned\n|rule|HP Percentage Mod: HP is shown in percentages\n|clearpoke\n|poke|p1|Sinistcha|\n|poke|p1|Munkidori, M|\n|poke|p1|Ribombee, F|\n|poke|p1|Ambipom, M|\n|poke|p1|Goodra-Hisui, F|\n|poke|p1|Conkeldurr, M|\n|poke|p2|Ceruledge, F|\n|poke|p2|Gholdengo|\n|poke|p2|Landorus-Therian, M|\n|poke|p2|Tropius, M|\n|poke|p2|Meowscarada, F|\n|poke|p2|Zapdos|\n|teampreview\n|inactive|Battle timer is ON: inactive players will automatically lose when time's up. (requested by v3n0m.c4tch3r)\n|\n|t:|1700735348\n|start\n|switch|p1a: Ambipom|Ambipom, M|100\/100\n|switch|p2a: Landorus|Landorus-Therian, M|100\/100\n|-ability|p2a: Landorus|Intimidate|boost\n|-unboost|p1a: Ambipom|atk|1\n|turn|1\n|\n|t:|1700735359\n|move|p1a: Ambipom|Fake Out|p2a: Landorus\n|-damage|p2a: Landorus|71\/100\n|-damage|p1a: Ambipom|91\/100|[from] item: Life Orb\n|cant|p2a: Landorus|flinch\n|\n|upkeep\n|turn|2\n|\n|t:|1700735377\n|move|p2a: Landorus|U-turn|p1a: Ambipom\n|-damage|p1a: Ambipom|45\/100\n|\n|t:|1700735379\n|switch|p2a: Zapdos|Zapdos|100\/100|[from] U-turn\n|move|p1a: Ambipom|Taunt|p2a: Zapdos\n|-start|p2a: Zapdos|move: Taunt\n|\n|upkeep\n|turn|3\n|\n|t:|1700735395\n|switch|p1a: Ribombee|Ribombee, F|100\/100\n|move|p2a: Zapdos|Thunderbolt|p1a: Ribombee\n|-damage|p1a: Ribombee|21\/100\n|\n|upkeep\n|turn|4\n|\n|t:|1700735405\n|move|p1a: Ribombee|Quiver Dance|p1a: Ribombee\n|-boost|p1a: Ribombee|spa|1\n|-boost|p1a: Ribombee|spd|1\n|-boost|p1a: Ribombee|spe|1\n|move|p2a: Zapdos|Thunderbolt|p1a: Ribombee\n|-damage|p1a: Ribombee|0 fnt\n|faint|p1a: Ribombee\n|\n|-end|p2a: Zapdos|move: Taunt\n|upkeep\n|\n|t:|1700735423\n|switch|p1a: Sinistcha|Sinistcha|100\/100\n|turn|5\n|\n|t:|1700735438\n|move|p2a: Zapdos|Thunder Wave|p1a: Sinistcha\n|-status|p1a: Sinistcha|par\n|move|p1a: Sinistcha|Calm Mind|p1a: Sinistcha\n|-boost|p1a: Sinistcha|spa|1\n|-boost|p1a: Sinistcha|spd|1\n|\n|upkeep\n|turn|6\n|\n|t:|1700735460\n|switch|p2a: Ceruledge|Ceruledge, F|100\/100\n|cant|p1a: Sinistcha|par\n|\n|upkeep\n|turn|7\n|\n|t:|1700735470\n|move|p2a: Ceruledge|Bitter Blade|p1a: Sinistcha\n|-supereffective|p1a: Sinistcha\n|-damage|p1a: Sinistcha|58\/100 par\n|-damage|p2a: Ceruledge|84\/100|[from] item: Rocky Helmet|[of] p1a: Sinistcha\n|move|p1a: Sinistcha|Shadow Ball|p2a: Ceruledge\n|-supereffective|p2a: Ceruledge\n|-damage|p2a: Ceruledge|0 fnt\n|faint|p2a: Ceruledge\n|\n|upkeep\n|\n|t:|1700735482\n|switch|p2a: Tropius|Tropius, M|100\/100\n|turn|8\n|\n|t:|1700735487\n|move|p2a: Tropius|Dragon Dance|p2a: Tropius\n|-boost|p2a: Tropius|atk|1\n|-boost|p2a: Tropius|spe|1\n|cant|p1a: Sinistcha|par\n|\n|upkeep\n|turn|9\n|\n|t:|1700735493\n|move|p2a: Tropius|Dragon Dance|p2a: Tropius\n|-boost|p2a: Tropius|atk|1\n|-boost|p2a: Tropius|spe|1\n|move|p1a: Sinistcha|Strength Sap|p2a: Tropius\n|-unboost|p2a: Tropius|atk|1\n|-heal|p1a: Sinistcha|100\/100 par\n|\n|upkeep\n|turn|10\n|\n|t:|1700735502\n|move|p2a: Tropius|Substitute|p2a: Tropius\n|-start|p2a: Tropius|Substitute\n|-damage|p2a: Tropius|75\/100\n|move|p1a: Sinistcha|Shadow Ball|p2a: Tropius\n|-end|p2a: Tropius|Substitute\n|\n|upkeep\n|turn|11\n|\n|t:|1700735509\n|move|p2a: Tropius|Dragon Dance|p2a: Tropius\n|-boost|p2a: Tropius|atk|1\n|-boost|p2a: Tropius|spe|1\n|move|p1a: Sinistcha|Shadow Ball|p2a: Tropius\n|-damage|p2a: Tropius|20\/100\n|-enditem|p2a: Tropius|Starf Berry|[eat]\n|-boost|p2a: Tropius|def|2|[from] item: Starf Berry\n|\n|upkeep\n|turn|12\n|\n|t:|1700735518\n|move|p2a: Tropius|Protect|p2a: Tropius\n|-singleturn|p2a: Tropius|Protect\n|move|p1a: Sinistcha|Strength Sap|p2a: Tropius\n|-activate|p2a: Tropius|move: Protect\n|\n|upkeep\n|turn|13\n|\n|t:|1700735525\n|move|p2a: Tropius|Fly||[still]\n|-prepare|p2a: Tropius|Fly\n|move|p1a: Sinistcha|Strength Sap|p2a: Tropius|[miss]\n|-miss|p1a: Sinistcha|p2a: Tropius\n|\n|upkeep\n|turn|14\n|\n|t:|1700735535\n|move|p2a: Tropius|Fly|p1a: Sinistcha|[from]lockedmove\n|-supereffective|p1a: Sinistcha\n|-crit|p1a: Sinistcha\n|-damage|p1a: Sinistcha|0 fnt\n|-damage|p2a: Tropius|4\/100|[from] item: Rocky Helmet|[of] p1a: Sinistcha\n|faint|p1a: Sinistcha\n|\n|-item|p2a: Tropius|Starf Berry|[from] ability: Harvest\n|upkeep\n|-enditem|p2a: Tropius|Starf Berry|[eat]\n|-boost|p2a: Tropius|atk|2|[from] item: Starf Berry\n|\n|t:|1700735551\n|switch|p1a: Ambipom|Ambipom, M|45\/100\n|turn|15\n|\n|t:|1700735555\n|move|p2a: Tropius|Protect|p2a: Tropius\n|-singleturn|p2a: Tropius|Protect\n|move|p1a: Ambipom|Fake Out|p2a: Tropius\n|-activate|p2a: Tropius|move: Protect\n|\n|-item|p2a: Tropius|Starf Berry|[from] ability: Harvest\n|upkeep\n|-enditem|p2a: Tropius|Starf Berry|[eat]\n|-boost|p2a: Tropius|spe|2|[from] item: Starf Berry\n|turn|16\n|\n|t:|1700735568\n|switch|p1a: Munkidori|Munkidori, M|100\/100\n|move|p2a: Tropius|Fly||[still]\n|-prepare|p2a: Tropius|Fly\n|\n|-item|p2a: Tropius|Starf Berry|[from] ability: Harvest\n|upkeep\n|-enditem|p2a: Tropius|Starf Berry|[eat]\n|-boost|p2a: Tropius|spa|2|[from] item: Starf Berry\n|turn|17\n|\n|t:|1700735583\n|move|p2a: Tropius|Fly|p1a: Munkidori|[from]lockedmove\n|-damage|p1a: Munkidori|0 fnt\n|faint|p1a: Munkidori\n|\n|-item|p2a: Tropius|Starf Berry|[from] ability: Harvest\n|upkeep\n|-enditem|p2a: Tropius|Starf Berry|[eat]\n|-boost|p2a: Tropius|atk|2|[from] item: Starf Berry\n|\n|t:|1700735593\n|switch|p1a: Goodra|Goodra-Hisui, F|100\/100\n|turn|18\n|\n|t:|1700735599\n|move|p2a: Tropius|Protect|p2a: Tropius\n|-singleturn|p2a: Tropius|Protect\n|move|p1a: Goodra|Flamethrower|p2a: Tropius\n|-activate|p2a: Tropius|move: Protect\n|\n|-item|p2a: Tropius|Starf Berry|[from] ability: Harvest\n|upkeep\n|-enditem|p2a: Tropius|Starf Berry|[eat]\n|-boost|p2a: Tropius|spa|2|[from] item: Starf Berry\n|turn|19\n|\n|t:|1700735611\n|move|p2a: Tropius|Fly||[still]\n|-prepare|p2a: Tropius|Fly\n|move|p1a: Goodra|Chilling Water|p2a: Tropius|[miss]\n|-miss|p1a: Goodra|p2a: Tropius\n|\n|upkeep\n|turn|20\n|\n|t:|1700735617\n|move|p2a: Tropius|Fly|p1a: Goodra|[from]lockedmove\n|-resisted|p1a: Goodra\n|-damage|p1a: Goodra|45\/100\n|move|p1a: Goodra|Flamethrower|p2a: Tropius\n|-supereffective|p2a: Tropius\n|-damage|p2a: Tropius|0 fnt\n|faint|p2a: Tropius\n|\n|-heal|p1a: Goodra|51\/100|[from] item: Leftovers\n|upkeep\n|l|\u2606v3n0m.c4tch3r\n|inactive|v3n0m.c4tch3r disconnected and has a minute to reconnect!\n|player|p1|\n|\n|t:|1700735629\n|switch|p2a: Landorus|Landorus-Therian, M|71\/100\n|-ability|p2a: Landorus|Intimidate|boost\n|-unboost|p1a: Goodra|atk|1\n|turn|21\n|inactive|v3n0m.c4tch3r has 30 seconds to reconnect!\n|inactive|v3n0m.c4tch3r has 20 seconds to reconnect!\n|inactive|v3n0m.c4tch3r has 15 seconds to reconnect!\n|inactive|v3n0m.c4tch3r has 10 seconds to reconnect!\n|inactive|v3n0m.c4tch3r has 5 seconds to reconnect!\n|-message|v3n0m.c4tch3r lost due to inactivity.\n|\n|win|yiyv1234321\n|raw|v3n0m.c4tch3r's rating: 1106 &rarr; <strong>1082<\/strong><br \/>(-24 for losing)\n|raw|yiyv1234321's rating: 1125 &rarr; <strong>1149<\/strong><br \/>(+24 for winning)\n","uploadtime":1700735698,"views":8,"p1id":"v3n0mc4tch3r","p2id":"yiyv1234321","formatid":"gen9ou","rating":1082,"private":0,"password":""}