{"id":"gen9ou-1989379547","p1":"Mister_ttar","p2":"Steez Ibanez","format":"[Gen 9] OU","log":"|j|\u2606Mister_ttar\n|j|\u2606Steez Ibanez\n|t:|1699842881\n|gametype|singles\n|player|p1|Mister_ttar|tateandliza-gen6|1675\n|player|p2|Steez Ibanez|lance-gen2|1736\n|teamsize|p1|6\n|teamsize|p2|6\n|gen|9\n|tier|[Gen 9] OU\n|rated|\n|rule|Sleep Clause Mod: Limit one foe put to sleep\n|rule|Species Clause: Limit one of each Pok\u00e9mon\n|rule|OHKO Clause: OHKO moves are banned\n|rule|Evasion Items Clause: Evasion items are banned\n|rule|Evasion Moves Clause: Evasion moves are banned\n|rule|Endless Battle Clause: Forcing endless battles is banned\n|rule|HP Percentage Mod: HP is shown in percentages\n|clearpoke\n|poke|p1|Zamazenta-*|\n|poke|p1|Thundurus-Therian, M|\n|poke|p1|Kingambit, M|\n|poke|p1|Great Tusk|\n|poke|p1|Toxapex, F|\n|poke|p1|Skeledirge, F|\n|poke|p2|Samurott-Hisui, M|\n|poke|p2|Zapdos|\n|poke|p2|Dragapult, M|\n|poke|p2|Iron Moth|\n|poke|p2|Ting-Lu|\n|poke|p2|Ogerpon-Wellspring, F|\n|teampreview\n|\n|t:|1699842891\n|start\n|switch|p1a: Thundurus|Thundurus-Therian, M|100\/100\n|switch|p2a: Katara|Ogerpon-Wellspring, F|100\/100\n|turn|1\n|\n|t:|1699842896\n|switch|p1a: Zamazenta|Zamazenta|100\/100\n|-ability|p1a: Zamazenta|Dauntless Shield|boost\n|-boost|p1a: Zamazenta|def|1\n|move|p2a: Katara|Ivy Cudgel|p1a: Zamazenta\n|-damage|p1a: Zamazenta|70\/100\n|\n|-heal|p1a: Zamazenta|76\/100|[from] item: Leftovers\n|upkeep\n|turn|2\n|\n|t:|1699842904\n|switch|p2a: Clicker|Ting-Lu|100\/100\n|-ability|p2a: Clicker|Vessel of Ruin\n|move|p1a: Zamazenta|Iron Defense|p1a: Zamazenta\n|-boost|p1a: Zamazenta|def|2\n|\n|-heal|p1a: Zamazenta|82\/100|[from] item: Leftovers\n|upkeep\n|turn|3\n|\n|t:|1699842908\n|-terastallize|p2a: Clicker|Poison\n|move|p1a: Zamazenta|Body Press|p2a: Clicker\n|-resisted|p2a: Clicker\n|-damage|p2a: Clicker|78\/100\n|move|p2a: Clicker|Stealth Rock|p1a: Zamazenta\n|-sidestart|p1: Mister_ttar|move: Stealth Rock\n|\n|-heal|p1a: Zamazenta|89\/100|[from] item: Leftovers\n|-heal|p2a: Clicker|85\/100|[from] item: Leftovers\n|upkeep\n|turn|4\n|\n|t:|1699842914\n|move|p1a: Zamazenta|Body Press|p2a: Clicker\n|-resisted|p2a: Clicker\n|-damage|p2a: Clicker|63\/100\n|move|p2a: Clicker|Ruination|p1a: Zamazenta\n|-damage|p1a: Zamazenta|45\/100\n|\n|-heal|p1a: Zamazenta|51\/100|[from] item: Leftovers\n|-heal|p2a: Clicker|69\/100|[from] item: Leftovers\n|upkeep\n|turn|5\n|\n|t:|1699842919\n|move|p1a: Zamazenta|Body Press|p2a: Clicker\n|-resisted|p2a: Clicker\n|-damage|p2a: Clicker|48\/100\n|move|p2a: Clicker|Whirlwind|p1a: Zamazenta\n|drag|p1a: Toxapex|Toxapex, F|100\/100\n|-damage|p1a: Toxapex|88\/100|[from] Stealth Rock\n|\n|-heal|p2a: Clicker|54\/100|[from] item: Leftovers\n|upkeep\n|turn|6\n|\n|t:|1699842925\n|move|p2a: Clicker|Earthquake|p1a: Toxapex\n|-supereffective|p1a: Toxapex\n|-damage|p1a: Toxapex|27\/100\n|move|p1a: Toxapex|Surf|p2a: Clicker\n|-crit|p2a: Clicker\n|-damage|p2a: Clicker|37\/100\n|\n|-heal|p2a: Clicker|43\/100|[from] item: Leftovers\n|upkeep\n|turn|7\n|\n|t:|1699842930\n|switch|p2a: Katara|Ogerpon-Wellspring, F|100\/100\n|switch|p1a: Great Tusk|Great Tusk|100\/100\n|-damage|p1a: Great Tusk|98\/100|[from] Stealth Rock\n|\n|-heal|p1a: Great Tusk|100\/100|[from] item: Leftovers\n|upkeep\n|turn|8\n|\n|t:|1699842935\n|move|p2a: Katara|Swords Dance|p2a: Katara\n|-boost|p2a: Katara|atk|2\n|move|p1a: Great Tusk|Rapid Spin|p2a: Katara\n|-damage|p2a: Katara|83\/100\n|-boost|p1a: Great Tusk|spe|1\n|-sideend|p1: Mister_ttar|Stealth Rock|[from] move: Rapid Spin|[of] p1a: Great Tusk\n|\n|upkeep\n|turn|9\n|\n|t:|1699842953\n|move|p2a: Katara|Horn Leech|p1a: Great Tusk\n|-supereffective|p1a: Great Tusk\n|-damage|p1a: Great Tusk|17\/100\n|-heal|p2a: Katara|100\/100|[from] drain|[of] p1a: Great Tusk\n|move|p1a: Great Tusk|Knock Off|p2a: Katara\n|-damage|p2a: Katara|75\/100\n|\n|-heal|p1a: Great Tusk|23\/100|[from] item: Leftovers\n|upkeep\n|turn|10\n|\n|t:|1699842969\n|move|p2a: Katara|Ivy Cudgel|p1a: Great Tusk\n|-supereffective|p1a: Great Tusk\n|-damage|p1a: Great Tusk|0 fnt\n|faint|p1a: Great Tusk\n|-end|p1a: Great Tusk|Protosynthesis|[silent]\n|\n|upkeep\n|\n|t:|1699842972\n|switch|p1a: Skeledirge|Skeledirge, F|100\/100\n|turn|11\n|\n|t:|1699842978\n|-terastallize|p1a: Skeledirge|Fairy\n|move|p2a: Katara|Ivy Cudgel|p1a: Skeledirge\n|-damage|p1a: Skeledirge|51\/100\n|move|p1a: Skeledirge|Torch Song|p2a: Katara\n|-damage|p2a: Katara|39\/100\n|-boost|p1a: Skeledirge|spa|1\n|\n|upkeep\n|turn|12\n|\n|t:|1699842986\n|move|p2a: Katara|Ivy Cudgel|p1a: Skeledirge\n|-damage|p1a: Skeledirge|0 fnt\n|faint|p1a: Skeledirge\n|\n|upkeep\n|\n|t:|1699842991\n|switch|p1a: Zamazenta|Zamazenta|51\/100\n|turn|13\n|j| CutePokesOnly\n|\n|t:|1699842995\n|switch|p2a: Clicker|Ting-Lu, tera:Poison|43\/100\n|-ability|p2a: Clicker|Vessel of Ruin\n|move|p1a: Zamazenta|Body Press|p2a: Clicker\n|-resisted|p2a: Clicker\n|-damage|p2a: Clicker|34\/100\n|\n|-heal|p1a: Zamazenta|57\/100|[from] item: Leftovers\n|-heal|p2a: Clicker|41\/100|[from] item: Leftovers\n|upkeep\n|turn|14\n|\n|t:|1699843001\n|switch|p1a: Kingambit|Kingambit, M|100\/100\n|-activate|p1a: Kingambit|ability: Supreme Overlord\n|-start|p1a: Kingambit|fallen2|[silent]\n|move|p2a: Clicker|Stealth Rock|p1a: Kingambit\n|-sidestart|p1: Mister_ttar|move: Stealth Rock\n|\n|-heal|p2a: Clicker|47\/100|[from] item: Leftovers\n|upkeep\n|turn|15\n|\n|t:|1699843012\n|move|p1a: Kingambit|Iron Head|p2a: Clicker\n|-damage|p2a: Clicker|17\/100\n|move|p2a: Clicker|Whirlwind|p1a: Kingambit\n|-end|p1a: Kingambit|fallen2|[silent]\n|drag|p1a: Toxapex|Toxapex, F|60\/100\n|-damage|p1a: Toxapex|48\/100|[from] Stealth Rock\n|\n|-heal|p2a: Clicker|23\/100|[from] item: Leftovers\n|upkeep\n|turn|16\n|\n|t:|1699843023\n|switch|p1a: Thundurus|Thundurus-Therian, M|100\/100\n|move|p2a: Clicker|Earthquake|p1a: Thundurus\n|-immune|p1a: Thundurus\n|\n|-heal|p2a: Clicker|29\/100|[from] item: Leftovers\n|upkeep\n|turn|17\n|\n|t:|1699843030\n|move|p1a: Thundurus|Thunderbolt|p2a: Clicker\n|-damage|p2a: Clicker|10\/100\n|move|p2a: Clicker|Ruination|p1a: Thundurus\n|-damage|p1a: Thundurus|51\/100\n|\n|-heal|p2a: Clicker|16\/100|[from] item: Leftovers\n|upkeep\n|turn|18\n|\n|t:|1699843034\n|move|p1a: Thundurus|Thunderbolt|p2a: Clicker\n|-damage|p2a: Clicker|0 fnt\n|faint|p2a: Clicker\n|\n|upkeep\n|\n|t:|1699843036\n|switch|p2a: Katara|Ogerpon-Wellspring, F|39\/100\n|turn|19\n|\n|t:|1699843047\n|switch|p1a: Toxapex|Toxapex, F|81\/100\n|-damage|p1a: Toxapex|69\/100|[from] Stealth Rock\n|move|p2a: Katara|Ivy Cudgel|p1a: Toxapex\n|-resisted|p1a: Toxapex\n|-damage|p1a: Toxapex|44\/100\n|\n|upkeep\n|turn|20\n|\n|t:|1699843056\n|switch|p1a: Kingambit|Kingambit, M|100\/100\n|-damage|p1a: Kingambit|94\/100|[from] Stealth Rock\n|-activate|p1a: Kingambit|ability: Supreme Overlord\n|-start|p1a: Kingambit|fallen2|[silent]\n|move|p2a: Katara|Knock Off|p1a: Kingambit\n|-resisted|p1a: Kingambit\n|-damage|p1a: Kingambit|80\/100\n|-enditem|p1a: Kingambit|Leftovers|[from] move: Knock Off|[of] p2a: Katara\n|\n|upkeep\n|turn|21\n|\n|t:|1699843067\n|move|p2a: Katara|Ivy Cudgel|p1a: Kingambit\n|-damage|p1a: Kingambit|35\/100\n|move|p1a: Kingambit|Swords Dance|p1a: Kingambit\n|-boost|p1a: Kingambit|atk|2\n|\n|upkeep\n|turn|22\n|\n|t:|1699843073\n|switch|p2a: Darth Tyranus|Samurott-Hisui, M, shiny|100\/100\n|move|p1a: Kingambit|Sucker Punch||[still]\n|-fail|p1a: Kingambit\n|\n|upkeep\n|turn|23\n|\n|t:|1699843078\n|move|p1a: Kingambit|Sucker Punch|p2a: Darth Tyranus\n|-resisted|p2a: Darth Tyranus\n|-damage|p2a: Darth Tyranus|42\/100\n|move|p2a: Darth Tyranus|Aqua Cutter|p1a: Kingambit\n|-damage|p1a: Kingambit|0 fnt\n|faint|p1a: Kingambit\n|-end|p1a: Kingambit|fallen2|[silent]\n|\n|upkeep\n|j| Rainbow Chrome\n|\n|t:|1699843085\n|switch|p1a: Zamazenta|Zamazenta|57\/100\n|-damage|p1a: Zamazenta|51\/100|[from] Stealth Rock\n|turn|24\n|\n|t:|1699843094\n|switch|p2a: Toothless|Dragapult, M|100\/100\n|move|p1a: Zamazenta|Body Press|p2a: Toothless\n|-immune|p2a: Toothless\n|\n|-heal|p1a: Zamazenta|57\/100|[from] item: Leftovers\n|upkeep\n|turn|25\n|\n|t:|1699843103\n|switch|p1a: Toxapex|Toxapex, F|77\/100\n|-damage|p1a: Toxapex|65\/100|[from] Stealth Rock\n|move|p2a: Toothless|Thunder Wave|p1a: Toxapex\n|-status|p1a: Toxapex|par\n|\n|upkeep\n|turn|26\n|\n|t:|1699843111\n|switch|p2a: Darth Tyranus|Samurott-Hisui, M, shiny|42\/100\n|cant|p1a: Toxapex|par\n|\n|upkeep\n|turn|27\n|\n|t:|1699843117\n|move|p2a: Darth Tyranus|Ceaseless Edge|p1a: Toxapex\n|-damage|p1a: Toxapex|32\/100 par\n|-sidestart|p1: Mister_ttar|Spikes\n|move|p1a: Toxapex|Sludge Bomb|p2a: Darth Tyranus\n|-damage|p2a: Darth Tyranus|0 fnt\n|faint|p2a: Darth Tyranus\n|\n|upkeep\n|\n|t:|1699843122\n|switch|p2a: Amaterasu|Iron Moth|100\/100\n|turn|28\n|\n|t:|1699843128\n|move|p2a: Amaterasu|Toxic Spikes|p1a: Toxapex\n|-sidestart|p1: Mister_ttar|move: Toxic Spikes\n|move|p1a: Toxapex|Surf|p2a: Amaterasu\n|-supereffective|p2a: Amaterasu\n|-damage|p2a: Amaterasu|38\/100\n|\n|upkeep\n|turn|29\n|\n|t:|1699843139\n|switch|p1a: Thundurus|Thundurus-Therian, M|51\/100\n|move|p2a: Amaterasu|Flamethrower|p1a: Thundurus\n|-damage|p1a: Thundurus|0 fnt\n|faint|p1a: Thundurus\n|\n|upkeep\n|\n|t:|1699843147\n|switch|p1a: Toxapex|Toxapex, F|65\/100 par\n|-damage|p1a: Toxapex|53\/100 par|[from] Stealth Rock\n|-damage|p1a: Toxapex|40\/100 par|[from] Spikes\n|-sideend|p1: Mister_ttar|move: Toxic Spikes|[of] p1a: Toxapex\n|turn|30\n|\n|t:|1699843150\n|move|p2a: Amaterasu|Toxic Spikes|p1a: Toxapex\n|-sidestart|p1: Mister_ttar|move: Toxic Spikes\n|move|p1a: Toxapex|Surf|p2a: Amaterasu\n|-supereffective|p2a: Amaterasu\n|-damage|p2a: Amaterasu|0 fnt\n|faint|p2a: Amaterasu\n|-end|p2a: Amaterasu|Quark Drive|[silent]\n|\n|upkeep\n|\n|t:|1699843154\n|switch|p2a: Zeus|Zapdos|100\/100\n|turn|31\n|\n|t:|1699843158\n|move|p2a: Zeus|Volt Switch|p1a: Toxapex\n|-supereffective|p1a: Toxapex\n|-damage|p1a: Toxapex|5\/100 par\n|\n|t:|1699843161\n|switch|p2a: Toothless|Dragapult, M|100\/100|[from] Volt Switch\n|move|p1a: Toxapex|Sludge Bomb|p2a: Toothless\n|-resisted|p2a: Toothless\n|-damage|p2a: Toothless|79\/100\n|\n|upkeep\n|turn|32\n|\n|t:|1699843167\n|move|p2a: Toothless|Dragon Darts|p1a: Toxapex\n|-damage|p1a: Toxapex|0 fnt\n|faint|p1a: Toxapex\n|\n|upkeep\n|\n|t:|1699843171\n|switch|p1a: Zamazenta|Zamazenta|57\/100\n|-damage|p1a: Zamazenta|51\/100|[from] Stealth Rock\n|-damage|p1a: Zamazenta|38\/100|[from] Spikes\n|-status|p1a: Zamazenta|psn\n|turn|33\n|\n|t:|1699843175\n|move|p2a: Toothless|Hex|p1a: Zamazenta\n|-damage|p1a: Zamazenta|0 fnt\n|faint|p1a: Zamazenta\n|\n|win|Steez Ibanez\n|raw|Mister_ttar's rating: 1675 &rarr; <strong>1658<\/strong><br \/>(-17 for losing)\n|raw|Steez Ibanez's rating: 1736 &rarr; <strong>1753<\/strong><br \/>(+17 for winning)\n|l|\u2606Steez Ibanez\n|l|\u2606Mister_ttar\n|l| CutePokesOnly\n|j| YB is BETTER\n|l| Rainbow Chrome\n|l| YB is BETTER\n|j| Professor Aaron\n|l| Professor Aaron\n","uploadtime":1699843639,"views":21,"p1id":"misterttar","p2id":"steezibanez","formatid":"gen9ou","rating":1658,"private":0,"password":""}