{"id":"gen9ou-1993281976","p1":"DJ-MeteorMash","p2":"Fumimico","format":"[Gen 9] OU","log":"|j|\u2606DJ-MeteorMash\n|j|\u2606Fumimico\n|t:|1700289711\n|gametype|singles\n|player|p1|DJ-MeteorMash|steven|1349\n|player|p2|Fumimico|marnie|1298\n|teamsize|p1|6\n|teamsize|p2|6\n|gen|9\n|tier|[Gen 9] OU\n|rated|\n|rule|Sleep Clause Mod: Limit one foe put to sleep\n|rule|Species Clause: Limit one of each Pok\u00e9mon\n|rule|OHKO Clause: OHKO moves are banned\n|rule|Evasion Items Clause: Evasion items are banned\n|rule|Evasion Moves Clause: Evasion moves are banned\n|rule|Endless Battle Clause: Forcing endless battles is banned\n|rule|HP Percentage Mod: HP is shown in percentages\n|clearpoke\n|poke|p1|Greninja-*, F|\n|poke|p1|Iron Valiant|\n|poke|p1|Zapdos|\n|poke|p1|Ribombee, F|\n|poke|p1|Zamazenta-*|\n|poke|p1|Great Tusk|\n|poke|p2|Sylveon, M|\n|poke|p2|Zapdos|\n|poke|p2|Slowking-Galar, F|\n|poke|p2|Alomomola, M|\n|poke|p2|Meowscarada, M|\n|poke|p2|Great Tusk|\n|teampreview\n|inactive|Battle timer is ON: inactive players will automatically lose when time's up. (requested by Fumimico)\n|inactive|DJ-MeteorMash also wants the timer to be on.\n|\n|t:|1700289718\n|start\n|switch|p1a: Ribombee|Ribombee, F, shiny|100\/100\n|switch|p2a: Zapdos|Zapdos|100\/100\n|turn|1\n|\n|t:|1700289734\n|move|p1a: Ribombee|Sticky Web|p2a: Zapdos\n|-sidestart|p2: Fumimico|move: Sticky Web\n|move|p2a: Zapdos|Hurricane|p1a: Ribombee|[miss]\n|-miss|p2a: Zapdos|p1a: Ribombee\n|\n|upkeep\n|turn|2\n|\n|t:|1700289747\n|move|p1a: Ribombee|Moonblast|p2a: Zapdos\n|-damage|p2a: Zapdos|65\/100\n|-unboost|p2a: Zapdos|spa|1\n|move|p2a: Zapdos|Hurricane|p1a: Ribombee|[miss]\n|-miss|p2a: Zapdos|p1a: Ribombee\n|\n|upkeep\n|turn|3\n|\n|t:|1700289753\n|move|p1a: Ribombee|Moonblast|p2a: Zapdos\n|-damage|p2a: Zapdos|25\/100\n|move|p2a: Zapdos|Volt Switch|p1a: Ribombee\n|-damage|p1a: Ribombee|66\/100\n|\n|t:|1700289760\n|switch|p2a: Sylveon|Sylveon, M|100\/100|[from] Volt Switch\n|-activate|p2a: Sylveon|move: Sticky Web\n|-unboost|p2a: Sylveon|spe|1\n|\n|upkeep\n|turn|4\n|\n|t:|1700289766\n|move|p1a: Ribombee|Stun Spore|p2a: Sylveon\n|-status|p2a: Sylveon|par\n|move|p2a: Sylveon|Hyper Voice|p1a: Ribombee\n|-damage|p1a: Ribombee|0 fnt\n|faint|p1a: Ribombee\n|\n|upkeep\n|\n|t:|1700289787\n|switch|p1a: Zamazenta|Zamazenta, shiny|100\/100\n|-ability|p1a: Zamazenta|Dauntless Shield|boost\n|-boost|p1a: Zamazenta|def|1\n|turn|5\n|\n|t:|1700289792\n|move|p1a: Zamazenta|Heavy Slam|p2a: Sylveon\n|-supereffective|p2a: Sylveon\n|-damage|p2a: Sylveon|0 fnt\n|faint|p2a: Sylveon\n|\n|upkeep\n|\n|t:|1700289799\n|switch|p2a: Great Tusk|Great Tusk|100\/100\n|turn|6\n|\n|t:|1700289803\n|move|p1a: Zamazenta|Heavy Slam|p2a: Great Tusk\n|-damage|p2a: Great Tusk|87\/100\n|move|p2a: Great Tusk|Rapid Spin|p1a: Zamazenta\n|-damage|p1a: Zamazenta|90\/100\n|-boost|p2a: Great Tusk|spe|1\n|-sideend|p2: Fumimico|Sticky Web|[from] move: Rapid Spin|[of] p2a: Great Tusk\n|\n|upkeep\n|turn|7\n|\n|t:|1700289809\n|switch|p1a: Zapdos|Zapdos, shiny|100\/100\n|move|p2a: Great Tusk|Knock Off|p1a: Zapdos\n|-damage|p1a: Zapdos|75\/100\n|-enditem|p1a: Zapdos|Heavy-Duty Boots|[from] move: Knock Off|[of] p2a: Great Tusk\n|\n|upkeep\n|turn|8\n|\n|t:|1700289817\n|-end|p2a: Great Tusk|Protosynthesis|[silent]\n|switch|p2a: Slowking|Slowking-Galar, F|100\/100\n|move|p1a: Zapdos|Hurricane|p2a: Slowking\n|-damage|p2a: Slowking|76\/100\n|\n|upkeep\n|turn|9\n|\n|t:|1700289823\n|move|p1a: Zapdos|Volt Switch|p2a: Slowking\n|-damage|p2a: Slowking|58\/100\n|\n|t:|1700289831\n|switch|p1a: Zamazenta|Zamazenta, shiny|90\/100|[from] Volt Switch\n|move|p2a: Slowking|Future Sight|p1a: Zamazenta\n|-start|p2a: Slowking|move: Future Sight\n|\n|upkeep\n|turn|10\n|\n|t:|1700289841\n|switch|p2a: Great Tusk|Great Tusk|87\/100\n|move|p1a: Zamazenta|Close Combat|p2a: Great Tusk\n|-crit|p2a: Great Tusk\n|-damage|p2a: Great Tusk|0 fnt\n|-unboost|p1a: Zamazenta|def|1\n|-unboost|p1a: Zamazenta|spd|1\n|faint|p2a: Great Tusk\n|-end|p2a: Great Tusk|Protosynthesis|[silent]\n|\n|upkeep\n|\n|t:|1700289848\n|switch|p2a: Meowscarada|Meowscarada, M|100\/100\n|turn|11\n|\n|t:|1700289856\n|switch|p1a: Greninja|Greninja, F, shiny|100\/100\n|move|p2a: Meowscarada|U-turn|p1a: Greninja\n|-start|p2a: Meowscarada|typechange|Bug|[from] ability: Protean\n|-supereffective|p1a: Greninja\n|-damage|p1a: Greninja|0 fnt\n|faint|p1a: Greninja\n|\n|t:|1700289866\n|switch|p2a: Slowking|Slowking-Galar, F|91\/100|[from] U-turn\n|\n|-hint|Future Sight did not hit because the target is fainted.\n|upkeep\n|\n|t:|1700289874\n|switch|p1a: Zamazenta|Zamazenta, shiny|90\/100\n|turn|12\n|\n|t:|1700289878\n|move|p1a: Zamazenta|Crunch|p2a: Slowking\n|-supereffective|p2a: Slowking\n|-damage|p2a: Slowking|16\/100\n|move|p2a: Slowking|Future Sight|p1a: Zamazenta\n|-start|p2a: Slowking|move: Future Sight\n|\n|upkeep\n|turn|13\n|\n|t:|1700289883\n|switch|p2a: Zapdos|Zapdos|25\/100\n|move|p1a: Zamazenta|Crunch|p2a: Zapdos\n|-damage|p2a: Zapdos|0 fnt\n|-status|p1a: Zamazenta|par|[from] ability: Static|[of] p2a: Zapdos\n|faint|p2a: Zapdos\n|\n|upkeep\n|\n|t:|1700289889\n|switch|p2a: Alomomola|Alomomola, M|100\/100\n|turn|14\n|\n|t:|1700289895\n|switch|p1a: Great Tusk|Great Tusk, shiny|100\/100\n|move|p2a: Alomomola|Flip Turn|p1a: Great Tusk\n|-supereffective|p1a: Great Tusk\n|-damage|p1a: Great Tusk|84\/100\n|\n|t:|1700289911\n|switch|p2a: Slowking|Slowking-Galar, F|49\/100|[from] Flip Turn\n|\n|-end|p1a: Great Tusk|move: Future Sight\n|-supereffective|p1a: Great Tusk\n|-damage|p1a: Great Tusk|0 fnt\n|faint|p1a: Great Tusk\n|-end|p1a: Great Tusk|Protosynthesis|[silent]\n|upkeep\n|\n|t:|1700289928\n|switch|p1a: Iron Valiant|Iron Valiant, shiny|100\/100\n|-enditem|p1a: Iron Valiant|Booster Energy\n|-activate|p1a: Iron Valiant|ability: Quark Drive|[fromitem]\n|-start|p1a: Iron Valiant|quarkdrivespe\n|turn|15\n|\n|t:|1700289948\n|-terastallize|p1a: Iron Valiant|Electric\n|move|p1a: Iron Valiant|Thunderbolt|p2a: Slowking\n|-damage|p2a: Slowking|21\/100\n|move|p2a: Slowking|Sludge Bomb|p1a: Iron Valiant\n|-damage|p1a: Iron Valiant|33\/100\n|\n|upkeep\n|turn|16\n|\n|t:|1700289957\n|switch|p2a: Meowscarada|Meowscarada, M|100\/100\n|move|p1a: Iron Valiant|Thunderbolt|p2a: Meowscarada\n|-resisted|p2a: Meowscarada\n|-damage|p2a: Meowscarada|66\/100\n|\n|upkeep\n|turn|17\n|\n|t:|1700289963\n|move|p2a: Meowscarada|Sucker Punch|p1a: Iron Valiant\n|-start|p2a: Meowscarada|typechange|Dark|[from] ability: Protean\n|-damage|p1a: Iron Valiant|0 fnt\n|faint|p1a: Iron Valiant\n|-end|p1a: Iron Valiant|Quark Drive|[silent]\n|\n|upkeep\n|\n|t:|1700289973\n|switch|p1a: Zapdos|Zapdos, shiny|75\/100\n|turn|18\n|\n|t:|1700289977\n|switch|p2a: Slowking|Slowking-Galar, F|54\/100\n|move|p1a: Zapdos|Hurricane|p2a: Slowking|[miss]\n|-miss|p1a: Zapdos|p2a: Slowking\n|\n|upkeep\n|turn|19\n|\n|t:|1700289987\n|move|p1a: Zapdos|Hurricane|p2a: Slowking\n|-damage|p2a: Slowking|27\/100\n|move|p2a: Slowking|Future Sight|p1a: Zapdos\n|-start|p2a: Slowking|move: Future Sight\n|\n|upkeep\n|turn|20\n|\n|t:|1700289994\n|switch|p2a: Alomomola|Alomomola, M|100\/100\n|move|p1a: Zapdos|Hurricane|p2a: Alomomola\n|-damage|p2a: Alomomola|61\/100\n|\n|upkeep\n|turn|21\n|\n|t:|1700290005\n|move|p1a: Zapdos|Roost|p1a: Zapdos\n|-heal|p1a: Zapdos|100\/100\n|-singleturn|p1a: Zapdos|move: Roost\n|move|p2a: Alomomola|Mirror Coat||[still]\n|-fail|p2a: Alomomola\n|\n|-end|p1a: Zapdos|move: Future Sight\n|-damage|p1a: Zapdos|54\/100\n|upkeep\n|turn|22\n|\n|t:|1700290015\n|move|p1a: Zapdos|Roost|p1a: Zapdos\n|-heal|p1a: Zapdos|100\/100\n|-singleturn|p1a: Zapdos|move: Roost\n|move|p2a: Alomomola|Wish|p2a: Alomomola\n|\n|upkeep\n|turn|23\n|\n|t:|1700290021\n|switch|p2a: Slowking|Slowking-Galar, F|60\/100\n|move|p1a: Zapdos|Hurricane|p2a: Slowking\n|-damage|p2a: Slowking|33\/100\n|-start|p2a: Slowking|confusion\n|\n|-heal|p2a: Slowking|100\/100|[from] move: Wish|[wisher] Alomomola\n|upkeep\n|turn|24\n|\n|t:|1700290031\n|move|p1a: Zapdos|Volt Switch|p2a: Slowking\n|-damage|p2a: Slowking|84\/100\n|\n|t:|1700290034\n|switch|p1a: Zamazenta|Zamazenta, shiny|90\/100 par|[from] Volt Switch\n|-activate|p2a: Slowking|confusion\n|-damage|p2a: Slowking|78\/100|[from] confusion\n|\n|upkeep\n|turn|25\n|\n|t:|1700290045\n|switch|p2a: Alomomola|Alomomola, M|94\/100\n|move|p1a: Zamazenta|Crunch|p2a: Alomomola\n|-damage|p2a: Alomomola|68\/100\n|\n|upkeep\n|turn|26\n|\n|t:|1700290051\n|switch|p1a: Zapdos|Zapdos, shiny|100\/100\n|move|p2a: Alomomola|Scald|p1a: Zapdos\n|-damage|p1a: Zapdos|88\/100\n|\n|upkeep\n|turn|27\n|\n|t:|1700290055\n|move|p1a: Zapdos|Volt Switch|p2a: Alomomola\n|-supereffective|p2a: Alomomola\n|-damage|p2a: Alomomola|11\/100\n|\n|t:|1700290058\n|switch|p1a: Zamazenta|Zamazenta, shiny|90\/100 par|[from] Volt Switch\n|move|p2a: Alomomola|Mirror Coat|p1a: Zamazenta\n|-damage|p1a: Zamazenta|0 fnt\n|faint|p1a: Zamazenta\n|\n|upkeep\n|\n|t:|1700290060\n|switch|p1a: Zapdos|Zapdos, shiny|88\/100\n|turn|28\n|\n|t:|1700290065\n|switch|p2a: Slowking|Slowking-Galar, F|100\/100\n|move|p1a: Zapdos|Hurricane|p2a: Slowking\n|-damage|p2a: Slowking|74\/100\n|-start|p2a: Slowking|confusion\n|\n|upkeep\n|turn|29\n|\n|t:|1700290070\n|move|p1a: Zapdos|Heat Wave|p2a: Slowking|[miss]\n|-miss|p1a: Zapdos|p2a: Slowking\n|-activate|p2a: Slowking|confusion\n|move|p2a: Slowking|Sludge Bomb|p1a: Zapdos\n|-damage|p1a: Zapdos|54\/100\n|-status|p1a: Zapdos|psn\n|\n|-damage|p1a: Zapdos|41\/100 psn|[from] psn\n|upkeep\n|turn|30\n|\n|t:|1700290077\n|switch|p2a: Alomomola|Alomomola, M|45\/100\n|move|p1a: Zapdos|Heat Wave|p2a: Alomomola\n|-resisted|p2a: Alomomola\n|-damage|p2a: Alomomola|32\/100\n|\n|-damage|p1a: Zapdos|29\/100 psn|[from] psn\n|upkeep\n|turn|31\n|\n|t:|1700290082\n|switch|p2a: Slowking|Slowking-Galar, F|100\/100\n|move|p1a: Zapdos|Volt Switch|p2a: Slowking\n|-damage|p2a: Slowking|83\/100\n|\n|-damage|p1a: Zapdos|16\/100 psn|[from] psn\n|upkeep\n|turn|32\n|-message|DJ-MeteorMash forfeited.\n|\n|win|Fumimico\n|raw|DJ-MeteorMash's rating: 1349 &rarr; <strong>1326<\/strong><br \/>(-23 for losing)\n|raw|Fumimico's rating: 1298 &rarr; <strong>1327<\/strong><br \/>(+29 for winning)\n|l|\u2606DJ-MeteorMash\n","uploadtime":1700290090,"views":11,"p1id":"djmeteormash","p2id":"fumimico","formatid":"gen9ou","rating":1326,"private":0,"password":""}