{"id":"gen9ou-1996282985","p1":"andresmauro","p2":"Rekt_3001","format":"[Gen 9] OU","log":"|j|\u2606andresmauro\n|j|\u2606Rekt_3001\n|t:|1700667293\n|gametype|singles\n|player|p1|andresmauro|102|1640\n|player|p2|Rekt_3001|170|1565\n|teamsize|p1|6\n|teamsize|p2|6\n|gen|9\n|tier|[Gen 9] OU\n|rated|\n|rule|Sleep Clause Mod: Limit one foe put to sleep\n|rule|Species Clause: Limit one of each Pok\u00e9mon\n|rule|OHKO Clause: OHKO moves are banned\n|rule|Evasion Items Clause: Evasion items are banned\n|rule|Evasion Moves Clause: Evasion moves are banned\n|rule|Endless Battle Clause: Forcing endless battles is banned\n|rule|HP Percentage Mod: HP is shown in percentages\n|clearpoke\n|poke|p1|Weezing-Galar, M|\n|poke|p1|Ceruledge, F|\n|poke|p1|Dragapult, F|\n|poke|p1|Ursaluna, F|\n|poke|p1|Rillaboom, M|\n|poke|p1|Kingambit, F|\n|poke|p2|Ribombee, F|\n|poke|p2|Heatran, M|\n|poke|p2|Great Tusk|\n|poke|p2|Ogerpon-Wellspring, F|\n|poke|p2|Corviknight, F|\n|poke|p2|Samurott-Hisui, F|\n|teampreview\n|inactive|Battle timer is ON: inactive players will automatically lose when time's up. (requested by Rekt_3001)\n|j| Seleukos\n|inactive|andresmauro has 120 seconds left.\n|inactive|andresmauro has 90 seconds left.\n|\n|t:|1700667358\n|start\n|switch|p1a: Ceruledge|Ceruledge, F|100\/100\n|switch|p2a: Ribombee|Ribombee, F|100\/100\n|turn|1\n|\n|t:|1700667363\n|move|p2a: Ribombee|U-turn|p1a: Ceruledge\n|-resisted|p1a: Ceruledge\n|-damage|p1a: Ceruledge|95\/100\n|-ability|p1a: Ceruledge|Weak Armor|boost\n|-unboost|p1a: Ceruledge|def|1\n|-boost|p1a: Ceruledge|spe|2\n|\n|t:|1700667371\n|switch|p2a: Samurott|Samurott-Hisui, F|100\/100|[from] U-turn\n|move|p1a: Ceruledge|Bitter Blade|p2a: Samurott\n|-resisted|p2a: Samurott\n|-damage|p2a: Samurott|78\/100\n|-heal|p1a: Ceruledge|100\/100|[from] drain|[of] p2a: Samurott\n|\n|upkeep\n|turn|2\n|\n|t:|1700667378\n|switch|p1a: Weezing|Weezing-Galar, M, shiny|100\/100\n|-ability|p1a: Weezing|Neutralizing Gas\n|move|p2a: Samurott|Ceaseless Edge|p1a: Weezing\n|-resisted|p1a: Weezing\n|-damage|p1a: Weezing|91\/100\n|-sidestart|p1: andresmauro|Spikes\n|\n|-heal|p1a: Weezing|97\/100|[from] item: Leftovers\n|upkeep\n|turn|3\n|\n|t:|1700667387\n|move|p2a: Samurott|Flip Turn|p1a: Weezing\n|-damage|p1a: Weezing|79\/100\n|\n|t:|1700667390\n|switch|p2a: Heatran|Heatran, M|100\/100|[from] Flip Turn\n|move|p1a: Weezing|Defog|p2a: Heatran\n|-unboost|p2a: Heatran|evasion|1\n|-sideend|p1: andresmauro|Spikes|[from] move: Defog|[of] p1a: Weezing\n|\n|-heal|p1a: Weezing|85\/100|[from] item: Leftovers\n|upkeep\n|turn|4\n|\n|t:|1700667399\n|-end|p1a: Weezing|ability: Neutralizing Gas\n|switch|p1a: Dragapult|Dragapult, F|100\/100\n|move|p2a: Heatran|Magma Storm|p1a: Dragapult|[miss]\n|-miss|p2a: Heatran|p1a: Dragapult\n|\n|upkeep\n|turn|5\n|\n|t:|1700667407\n|move|p1a: Dragapult|Shadow Ball|p2a: Heatran\n|-damage|p2a: Heatran|64\/100\n|-unboost|p2a: Heatran|spd|1\n|move|p2a: Heatran|Magma Storm|p1a: Dragapult\n|-resisted|p1a: Dragapult\n|-damage|p1a: Dragapult|71\/100\n|-activate|p1a: Dragapult|move: Magma Storm|[of] p2a: Heatran\n|\n|-heal|p2a: Heatran|70\/100|[from] item: Leftovers\n|-damage|p1a: Dragapult|58\/100|[from] move: Magma Storm|[partiallytrapped]\n|upkeep\n|turn|6\n|\n|t:|1700667416\n|switch|p2a: Samurott|Samurott-Hisui, F|78\/100\n|move|p1a: Dragapult|Shadow Ball|p2a: Samurott\n|-resisted|p2a: Samurott\n|-damage|p2a: Samurott|54\/100\n|\n|-end|p1a: Dragapult|Magma Storm|[partiallytrapped]|[silent]\n|upkeep\n|turn|7\n|\n|t:|1700667425\n|switch|p1a: Weezing|Weezing-Galar, M, shiny|85\/100\n|-ability|p1a: Weezing|Neutralizing Gas\n|move|p2a: Samurott|Flip Turn|p1a: Weezing\n|-damage|p1a: Weezing|69\/100\n|\n|t:|1700667429\n|switch|p2a: Heatran|Heatran, M|70\/100|[from] Flip Turn\n|\n|-heal|p2a: Heatran|76\/100|[from] item: Leftovers\n|-heal|p1a: Weezing|75\/100|[from] item: Leftovers\n|upkeep\n|turn|8\n|\n|t:|1700667435\n|-end|p1a: Weezing|ability: Neutralizing Gas\n|switch|p1a: Dragapult|Dragapult, F|58\/100\n|move|p2a: Heatran|Stealth Rock|p1a: Dragapult\n|-sidestart|p1: andresmauro|move: Stealth Rock\n|\n|-heal|p2a: Heatran|82\/100|[from] item: Leftovers\n|upkeep\n|turn|9\n|\n|t:|1700667440\n|switch|p2a: Ribombee|Ribombee, F|100\/100\n|move|p1a: Dragapult|Shadow Ball|p2a: Ribombee\n|-damage|p2a: Ribombee|6\/100\n|\n|upkeep\n|turn|10\n|\n|t:|1700667445\n|switch|p2a: Heatran|Heatran, M|82\/100\n|move|p1a: Dragapult|Shadow Ball|p2a: Heatran\n|-damage|p2a: Heatran|44\/100\n|\n|-heal|p2a: Heatran|50\/100|[from] item: Leftovers\n|upkeep\n|turn|11\n|\n|t:|1700667449\n|move|p1a: Dragapult|Shadow Ball|p2a: Heatran\n|-damage|p2a: Heatran|9\/100\n|move|p2a: Heatran|Magma Storm|p1a: Dragapult\n|-resisted|p1a: Dragapult\n|-crit|p1a: Dragapult\n|-damage|p1a: Dragapult|12\/100\n|-activate|p1a: Dragapult|move: Magma Storm|[of] p2a: Heatran\n|\n|-heal|p2a: Heatran|15\/100|[from] item: Leftovers\n|-damage|p1a: Dragapult|0 fnt|[from] move: Magma Storm|[partiallytrapped]\n|faint|p1a: Dragapult\n|upkeep\n|c|\u2606andresmauro|GOOD HAX BRO\n|\n|t:|1700667461\n|switch|p1a: Rillaboom|Rillaboom, M|100\/100\n|-damage|p1a: Rillaboom|88\/100|[from] Stealth Rock\n|-fieldstart|move: Grassy Terrain|[from] ability: Grassy Surge|[of] p1a: Rillaboom\n|turn|12\n|\n|t:|1700667474\n|switch|p2a: Corviknight|Corviknight, F|100\/100\n|-ability|p2a: Corviknight|Pressure\n|move|p1a: Rillaboom|Knock Off|p2a: Corviknight\n|-damage|p2a: Corviknight|66\/100\n|-damage|p1a: Rillaboom|72\/100|[from] item: Rocky Helmet|[of] p2a: Corviknight\n|-enditem|p2a: Corviknight|Rocky Helmet|[from] move: Knock Off|[of] p1a: Rillaboom\n|\n|-heal|p1a: Rillaboom|78\/100|[from] Grassy Terrain\n|upkeep\n|turn|13\n|\n|t:|1700667478\n|switch|p1a: Ceruledge|Ceruledge, F|100\/100\n|-damage|p1a: Ceruledge|76\/100|[from] Stealth Rock\n|move|p2a: Corviknight|U-turn|p1a: Ceruledge\n|-resisted|p1a: Ceruledge\n|-damage|p1a: Ceruledge|70\/100\n|-ability|p1a: Ceruledge|Weak Armor|boost\n|-unboost|p1a: Ceruledge|def|1\n|-boost|p1a: Ceruledge|spe|2\n|\n|t:|1700667482\n|switch|p2a: Samurott|Samurott-Hisui, F|54\/100|[from] U-turn\n|\n|-heal|p1a: Ceruledge|76\/100|[from] Grassy Terrain\n|-heal|p2a: Samurott|61\/100|[from] Grassy Terrain\n|upkeep\n|turn|14\n|\n|t:|1700667489\n|move|p1a: Ceruledge|Bitter Blade|p2a: Samurott\n|-resisted|p2a: Samurott\n|-damage|p2a: Samurott|36\/100\n|-heal|p1a: Ceruledge|91\/100|[from] drain|[of] p2a: Samurott\n|move|p2a: Samurott|Flip Turn|p1a: Ceruledge\n|-supereffective|p1a: Ceruledge\n|-damage|p1a: Ceruledge|0 fnt\n|faint|p1a: Ceruledge\n|\n|t:|1700667508\n|switch|p2a: Corviknight|Corviknight, F|66\/100|[from] Flip Turn\n|-ability|p2a: Corviknight|Pressure\n|\n|upkeep\n|\n|t:|1700667512\n|switch|p1a: Weezing|Weezing-Galar, M, shiny|75\/100\n|-ability|p1a: Weezing|Neutralizing Gas\n|-damage|p1a: Weezing|62\/100|[from] Stealth Rock\n|turn|15\n|\n|t:|1700667520\n|move|p1a: Weezing|Defog|p2a: Corviknight\n|-unboost|p2a: Corviknight|evasion|1\n|-sideend|p1: andresmauro|Stealth Rock|[from] move: Defog|[of] p1a: Weezing\n|-fieldend|move: Grassy Terrain\n|move|p2a: Corviknight|U-turn|p1a: Weezing\n|-resisted|p1a: Weezing\n|-damage|p1a: Weezing|60\/100\n|\n|t:|1700667523\n|switch|p2a: Heatran|Heatran, M|15\/100|[from] U-turn\n|\n|-heal|p2a: Heatran|21\/100|[from] item: Leftovers\n|-heal|p1a: Weezing|66\/100|[from] item: Leftovers\n|upkeep\n|turn|16\n|\n|t:|1700667530\n|move|p2a: Heatran|Magma Storm|p1a: Weezing\n|-damage|p1a: Weezing|0 fnt\n|faint|p1a: Weezing\n|-end|p1a: Weezing|ability: Neutralizing Gas\n|\n|-heal|p2a: Heatran|27\/100|[from] item: Leftovers\n|upkeep\n|\n|t:|1700667536\n|switch|p1a: Ursaluna|Ursaluna, F|100\/100\n|turn|17\n|\n|t:|1700667542\n|move|p2a: Heatran|Stealth Rock|p1a: Ursaluna\n|-sidestart|p1: andresmauro|move: Stealth Rock\n|move|p1a: Ursaluna|Swords Dance|p1a: Ursaluna\n|-boost|p1a: Ursaluna|atk|2\n|\n|-heal|p2a: Heatran|33\/100|[from] item: Leftovers\n|-status|p1a: Ursaluna|brn|[from] item: Flame Orb\n|upkeep\n|turn|18\n|\n|t:|1700667548\n|move|p2a: Heatran|Lava Plume|p1a: Ursaluna\n|-crit|p1a: Ursaluna\n|-damage|p1a: Ursaluna|45\/100 brn\n|move|p1a: Ursaluna|Thunder Punch|p2a: Heatran\n|-damage|p2a: Heatran|0 fnt\n|faint|p2a: Heatran\n|\n|-damage|p1a: Ursaluna|39\/100 brn|[from] brn\n|upkeep\n|c|\u2606andresmauro|MEN\n|\n|t:|1700667552\n|switch|p2a: Ogerpon|Ogerpon-Wellspring, F|100\/100\n|turn|19\n|c|\u2606andresmauro|YOUR FOUCKINX HAX\n|\n|t:|1700667556\n|switch|p1a: Rillaboom|Rillaboom, M|78\/100\n|-damage|p1a: Rillaboom|66\/100|[from] Stealth Rock\n|-fieldstart|move: Grassy Terrain|[from] ability: Grassy Surge|[of] p1a: Rillaboom\n|move|p2a: Ogerpon|Spiky Shield||[still]\n|-fail|p2a: Ogerpon\n|\n|-heal|p1a: Rillaboom|72\/100|[from] Grassy Terrain\n|upkeep\n|turn|20\n|\n|t:|1700667560\n|move|p2a: Ogerpon|U-turn|p1a: Rillaboom\n|-supereffective|p1a: Rillaboom\n|-damage|p1a: Rillaboom|11\/100\n|\n|t:|1700667562\n|switch|p2a: Corviknight|Corviknight, F|66\/100|[from] U-turn\n|-ability|p2a: Corviknight|Pressure\n|move|p1a: Rillaboom|U-turn|p2a: Corviknight\n|-resisted|p2a: Corviknight\n|-damage|p2a: Corviknight|59\/100\n|\n|t:|1700667565\n|switch|p1a: Kingambit|Kingambit, F|100\/100|[from] U-turn\n|-damage|p1a: Kingambit|95\/100|[from] Stealth Rock\n|-activate|p1a: Kingambit|ability: Supreme Overlord\n|-start|p1a: Kingambit|fallen3|[silent]\n|\n|-heal|p1a: Kingambit|100\/100|[from] Grassy Terrain\n|upkeep\n|turn|21\n|\n|t:|1700667568\n|-terastallize|p1a: Kingambit|Fighting\n|move|p1a: Kingambit|Swords Dance|p1a: Kingambit\n|-boost|p1a: Kingambit|atk|2\n|move|p2a: Corviknight|Body Press|p1a: Kingambit\n|-damage|p1a: Kingambit|80\/100\n|\n|-heal|p1a: Kingambit|86\/100|[from] Grassy Terrain\n|upkeep\n|turn|22\n|\n|t:|1700667576\n|move|p1a: Kingambit|Kowtow Cleave|p2a: Corviknight\n|-damage|p2a: Corviknight|0 fnt\n|faint|p2a: Corviknight\n|\n|-heal|p1a: Kingambit|92\/100|[from] Grassy Terrain\n|upkeep\n|\n|t:|1700667580\n|switch|p2a: Great Tusk|Great Tusk|100\/100\n|turn|23\n|\n|t:|1700667590\n|move|p2a: Great Tusk|Knock Off|p1a: Kingambit\n|-resisted|p1a: Kingambit\n|-damage|p1a: Kingambit|77\/100\n|-enditem|p1a: Kingambit|Black Glasses|[from] move: Knock Off|[of] p2a: Great Tusk\n|move|p1a: Kingambit|Low Kick|p2a: Great Tusk\n|-damage|p2a: Great Tusk|1\/100\n|\n|-heal|p2a: Great Tusk|7\/100|[from] Grassy Terrain\n|-heal|p2a: Great Tusk|13\/100|[from] item: Leftovers\n|-heal|p1a: Kingambit|83\/100|[from] Grassy Terrain\n|-fieldend|move: Grassy Terrain\n|upkeep\n|turn|24\n|\n|t:|1700667609\n|-end|p2a: Great Tusk|Protosynthesis|[silent]\n|switch|p2a: Samurott|Samurott-Hisui, F|36\/100\n|move|p1a: Kingambit|Sucker Punch||[still]\n|-fail|p1a: Kingambit\n|\n|upkeep\n|turn|25\n|\n|t:|1700667614\n|move|p1a: Kingambit|Sucker Punch|p2a: Samurott\n|-resisted|p2a: Samurott\n|-damage|p2a: Samurott|0 fnt\n|faint|p2a: Samurott\n|\n|upkeep\n|\n|t:|1700667615\n|switch|p2a: Ribombee|Ribombee, F|6\/100\n|turn|26\n|\n|t:|1700667619\n|move|p2a: Ribombee|Trick|p1a: Kingambit\n|-activate|p2a: Ribombee|move: Trick|[of] p1a: Kingambit\n|-item|p1a: Kingambit|Choice Specs|[from] move: Trick\n|-enditem|p2a: Ribombee|Choice Specs|[silent]|[from] move: Trick\n|move|p1a: Kingambit|Kowtow Cleave|p2a: Ribombee\n|-resisted|p2a: Ribombee\n|-damage|p2a: Ribombee|0 fnt\n|faint|p2a: Ribombee\n|\n|upkeep\n|\n|t:|1700667625\n|switch|p2a: Ogerpon|Ogerpon-Wellspring, F|100\/100\n|turn|27\n|\n|t:|1700667628\n|move|p2a: Ogerpon|Spiky Shield|p2a: Ogerpon\n|-singleturn|p2a: Ogerpon|move: Protect\n|move|p1a: Kingambit|Kowtow Cleave|p2a: Ogerpon\n|-activate|p2a: Ogerpon|move: Protect\n|-damage|p1a: Kingambit|71\/100|[from] Spiky Shield|[of] p2a: Ogerpon\n|\n|upkeep\n|turn|28\n|\n|t:|1700667639\n|-terastallize|p2a: Ogerpon|Water\n|detailschange|p2a: Ogerpon|Ogerpon-Wellspring-Tera, F, tera:Water\n|-ability|p2a: Ogerpon|Embody Aspect (Wellspring)|boost\n|-boost|p2a: Ogerpon|spd|1\n|move|p2a: Ogerpon|Ivy Cudgel|p1a: Kingambit|[anim] Ivy Cudgel Water\n|-damage|p1a: Kingambit|2\/100\n|move|p1a: Kingambit|Kowtow Cleave|p2a: Ogerpon\n|-damage|p2a: Ogerpon|0 fnt\n|faint|p2a: Ogerpon\n|\n|upkeep\n|\n|t:|1700667645\n|switch|p2a: Great Tusk|Great Tusk|13\/100\n|turn|29\n|\n|t:|1700667649\n|move|p2a: Great Tusk|Earthquake|p1a: Kingambit\n|-damage|p1a: Kingambit|0 fnt\n|faint|p1a: Kingambit\n|-end|p1a: Kingambit|fallen3|[silent]\n|\n|-heal|p2a: Great Tusk|19\/100|[from] item: Leftovers\n|upkeep\n|\n|t:|1700667652\n|switch|p1a: Rillaboom|Rillaboom, M|11\/100\n|-damage|p1a: Rillaboom|0 fnt|[from] Stealth Rock\n|faint|p1a: Rillaboom\n|\n|t:|1700667654\n|switch|p1a: Ursaluna|Ursaluna, F|39\/100 brn\n|-damage|p1a: Ursaluna|33\/100 brn|[from] Stealth Rock\n|turn|30\n|\n|t:|1700667661\n|move|p2a: Great Tusk|Earthquake|p1a: Ursaluna\n|-damage|p1a: Ursaluna|0 fnt\n|faint|p1a: Ursaluna\n|\n|win|Rekt_3001\n|raw|andresmauro's rating: 1640 &rarr; <strong>1616<\/strong><br \/>(-24 for losing)\n|raw|Rekt_3001's rating: 1565 &rarr; <strong>1589<\/strong><br \/>(+24 for winning)\n","uploadtime":1700667555,"views":0,"p1id":"andresmauro","p2id":"rekt3001","formatid":"gen9ou","rating":1589,"private":0,"password":""}