{"id":"gen9ou-1993411857","p1":"Hanhook","p2":"SirBoogerBrain","format":"[Gen 9] OU","log":"|j|\u2606Hanhook\n|j|\u2606SirBoogerBrain\n|t:|1700314342\n|gametype|singles\n|player|p1|Hanhook|1|1171\n|player|p2|SirBoogerBrain|burglar-gen2|1170\n|teamsize|p1|6\n|teamsize|p2|6\n|gen|9\n|tier|[Gen 9] OU\n|rated|\n|rule|Sleep Clause Mod: Limit one foe put to sleep\n|rule|Species Clause: Limit one of each Pok\u00e9mon\n|rule|OHKO Clause: OHKO moves are banned\n|rule|Evasion Items Clause: Evasion items are banned\n|rule|Evasion Moves Clause: Evasion moves are banned\n|rule|Endless Battle Clause: Forcing endless battles is banned\n|rule|HP Percentage Mod: HP is shown in percentages\n|clearpoke\n|poke|p1|Corviknight, M|\n|poke|p1|Iron Valiant|\n|poke|p1|Ogerpon-Cornerstone, F|\n|poke|p1|Samurott-Hisui, M|\n|poke|p1|Dragapult, F|\n|poke|p1|Iron Moth|\n|poke|p2|Iron Valiant|\n|poke|p2|Kingambit, M|\n|poke|p2|Great Tusk|\n|poke|p2|Garchomp, F|\n|poke|p2|Moltres|\n|poke|p2|Amoonguss, F|\n|teampreview\n|inactive|Battle timer is ON: inactive players will automatically lose when time's up. (requested by SirBoogerBrain)\n|inactive|SirBoogerBrain has 120 seconds left.\n|\n|t:|1700314380\n|start\n|switch|p1a: Iron Moth|Iron Moth|100\/100\n|switch|p2a: Bloom Warden|Amoonguss, F|100\/100\n|-enditem|p1a: Iron Moth|Booster Energy\n|-activate|p1a: Iron Moth|ability: Quark Drive|[fromitem]\n|-start|p1a: Iron Moth|quarkdrivespa\n|turn|1\n|\n|t:|1700314395\n|switch|p2a: Abyssal Fin|Garchomp, F|100\/100\n|-terastallize|p1a: Iron Moth|Grass\n|move|p1a: Iron Moth|Agility|p1a: Iron Moth\n|-boost|p1a: Iron Moth|spe|2\n|\n|upkeep\n|turn|2\n|\n|t:|1700314422\n|move|p1a: Iron Moth|Fiery Dance|p2a: Abyssal Fin\n|-resisted|p2a: Abyssal Fin\n|-damage|p2a: Abyssal Fin|75\/100\n|move|p2a: Abyssal Fin|Earthquake|p1a: Iron Moth\n|-resisted|p1a: Iron Moth\n|-damage|p1a: Iron Moth|64\/100\n|\n|-heal|p2a: Abyssal Fin|82\/100|[from] item: Leftovers\n|upkeep\n|turn|3\n|\n|t:|1700314433\n|move|p1a: Iron Moth|Fiery Dance|p2a: Abyssal Fin\n|-resisted|p2a: Abyssal Fin\n|-damage|p2a: Abyssal Fin|60\/100\n|-boost|p1a: Iron Moth|spa|1\n|move|p2a: Abyssal Fin|Earthquake|p1a: Iron Moth\n|-resisted|p1a: Iron Moth\n|-damage|p1a: Iron Moth|27\/100\n|\n|-heal|p2a: Abyssal Fin|66\/100|[from] item: Leftovers\n|upkeep\n|turn|4\n|inactive|SirBoogerBrain has 120 seconds left.\n|\n|t:|1700314464\n|move|p1a: Iron Moth|Energy Ball|p2a: Abyssal Fin\n|-damage|p2a: Abyssal Fin|0 fnt\n|faint|p2a: Abyssal Fin\n|\n|upkeep\n|\n|t:|1700314484\n|switch|p2a: Onyx Razor|Kingambit, M|100\/100\n|-activate|p2a: Onyx Razor|ability: Supreme Overlord\n|-start|p2a: Onyx Razor|fallen1|[silent]\n|turn|5\n|\n|t:|1700314489\n|move|p2a: Onyx Razor|Sucker Punch||[still]\n|-fail|p2a: Onyx Razor\n|move|p1a: Iron Moth|Agility|p1a: Iron Moth\n|-boost|p1a: Iron Moth|spe|2\n|\n|upkeep\n|turn|6\n|\n|t:|1700314495\n|move|p2a: Onyx Razor|Sucker Punch||[still]\n|-fail|p2a: Onyx Razor\n|move|p1a: Iron Moth|Agility|p1a: Iron Moth\n|-boost|p1a: Iron Moth|spe|2\n|\n|upkeep\n|turn|7\n|\n|t:|1700314501\n|move|p2a: Onyx Razor|Sucker Punch|p1a: Iron Moth\n|-damage|p1a: Iron Moth|0 fnt\n|faint|p1a: Iron Moth\n|-end|p1a: Iron Moth|Quark Drive|[silent]\n|\n|upkeep\n|\n|t:|1700314522\n|switch|p1a: Samurott|Samurott-Hisui, M|100\/100\n|turn|8\n|\n|t:|1700314535\n|-end|p2a: Onyx Razor|fallen1|[silent]\n|switch|p2a: Bloom Warden|Amoonguss, F|100\/100\n|move|p1a: Samurott|Ceaseless Edge|p2a: Bloom Warden\n|-damage|p2a: Bloom Warden|49\/100\n|-damage|p1a: Samurott|84\/100|[from] item: Rocky Helmet|[of] p2a: Bloom Warden\n|-sidestart|p2: SirBoogerBrain|Spikes\n|\n|upkeep\n|turn|9\n|inactive|SirBoogerBrain has 120 seconds left.\n|\n|t:|1700314564\n|switch|p2a: Stonebreaker|Great Tusk|100\/100\n|-damage|p2a: Stonebreaker|88\/100|[from] Spikes\n|move|p1a: Samurott|Ceaseless Edge|p2a: Stonebreaker\n|-resisted|p2a: Stonebreaker\n|-damage|p2a: Stonebreaker|73\/100\n|-sidestart|p2: SirBoogerBrain|Spikes\n|\n|-heal|p2a: Stonebreaker|79\/100|[from] item: Leftovers\n|upkeep\n|turn|10\n|inactive|SirBoogerBrain has 120 seconds left.\n|\n|t:|1700314574\n|switch|p1a: Dragapult|Dragapult, F|100\/100\n|move|p2a: Stonebreaker|Body Press|p1a: Dragapult\n|-immune|p1a: Dragapult\n|\n|-heal|p2a: Stonebreaker|85\/100|[from] item: Leftovers\n|upkeep\n|turn|11\n|inactive|SirBoogerBrain has 120 seconds left.\n|\n|t:|1700314590\n|switch|p1a: Samurott|Samurott-Hisui, M|84\/100\n|move|p2a: Stonebreaker|Earthquake|p1a: Samurott\n|-damage|p1a: Samurott|31\/100\n|\n|-heal|p2a: Stonebreaker|92\/100|[from] item: Leftovers\n|upkeep\n|turn|12\n|inactive|SirBoogerBrain has 120 seconds left.\n|\n|t:|1700314606\n|-end|p2a: Stonebreaker|Protosynthesis|[silent]\n|switch|p2a: Bloom Warden|Amoonguss, F|82\/100\n|-damage|p2a: Bloom Warden|66\/100|[from] Spikes\n|move|p1a: Samurott|Aqua Cutter|p2a: Bloom Warden\n|-resisted|p2a: Bloom Warden\n|-damage|p2a: Bloom Warden|36\/100\n|\n|upkeep\n|turn|13\n|inactive|SirBoogerBrain has 120 seconds left.\n|\n|t:|1700314611\n|switch|p1a: Ogerpon|Ogerpon-Cornerstone, F|100\/100\n|move|p2a: Bloom Warden|Giga Drain|p1a: Ogerpon\n|-damage|p1a: Ogerpon|73\/100\n|-heal|p2a: Bloom Warden|46\/100|[from] drain|[of] p1a: Ogerpon\n|\n|upkeep\n|turn|14\n|inactive|SirBoogerBrain has 120 seconds left.\n|\n|t:|1700314626\n|switch|p2a: Stonebreaker|Great Tusk|92\/100\n|-damage|p2a: Stonebreaker|75\/100|[from] Spikes\n|move|p1a: Ogerpon|Ivy Cudgel|p2a: Stonebreaker|[anim] Ivy Cudgel Rock\n|-resisted|p2a: Stonebreaker\n|-damage|p2a: Stonebreaker|68\/100\n|\n|-heal|p2a: Stonebreaker|74\/100|[from] item: Leftovers\n|upkeep\n|turn|15\n|inactive|SirBoogerBrain has 120 seconds left.\n|-message|Hanhook forfeited.\n|\n|win|SirBoogerBrain\n|raw|Hanhook's rating: 1171 &rarr; <strong>1146<\/strong><br \/>(-25 for losing)\n|raw|SirBoogerBrain's rating: 1170 &rarr; <strong>1195<\/strong><br \/>(+25 for winning)\n|c|\u2606SirBoogerBrain|why forfeit?\n|c|\u2606SirBoogerBrain|gg regardless, but I thought we were having a great game\n","uploadtime":1700314725,"views":8,"p1id":"hanhook","p2id":"sirboogerbrain","formatid":"gen9ou","rating":1146,"private":0,"password":""}