{"id":"gen9ou-1989357733","p1":"CyrusD","p2":"skyblade64","format":"[Gen 9] OU","log":"|j|\u2606CyrusD\n|j|\u2606skyblade64\n|t:|1699840317\n|gametype|singles\n|player|p1|CyrusD|265|1373\n|player|p2|skyblade64|cynthia-masters|1426\n|teamsize|p1|6\n|teamsize|p2|6\n|gen|9\n|tier|[Gen 9] OU\n|rated|\n|rule|Sleep Clause Mod: Limit one foe put to sleep\n|rule|Species Clause: Limit one of each Pok\u00e9mon\n|rule|OHKO Clause: OHKO moves are banned\n|rule|Evasion Items Clause: Evasion items are banned\n|rule|Evasion Moves Clause: Evasion moves are banned\n|rule|Endless Battle Clause: Forcing endless battles is banned\n|rule|HP Percentage Mod: HP is shown in percentages\n|clearpoke\n|poke|p1|Great Tusk|\n|poke|p1|Conkeldurr, M|\n|poke|p1|Samurott-Hisui, M|\n|poke|p1|Rillaboom, M|\n|poke|p1|Tyranitar, M|\n|poke|p1|Jirachi|\n|poke|p2|Ting-Lu|\n|poke|p2|Gholdengo|\n|poke|p2|Iron Valiant|\n|poke|p2|Kingambit, M|\n|poke|p2|Great Tusk|\n|poke|p2|Zapdos|\n|teampreview\n|c|\u2606skyblade64|glhf\n|inactive|Battle timer is ON: inactive players will automatically lose when time's up. (requested by CyrusD)\n|c|\u2606CyrusD|hf\n|\n|t:|1699840350\n|start\n|switch|p1a: Tyranitar|Tyranitar, M|100\/100\n|switch|p2a: Zapdos|Zapdos|100\/100\n|-weather|Sandstorm|[from] ability: Sand Stream|[of] p1a: Tyranitar\n|turn|1\n|\n|t:|1699840355\n|move|p2a: Zapdos|Volt Switch|p1a: Tyranitar\n|-damage|p1a: Tyranitar|88\/100\n|\n|t:|1699840358\n|switch|p2a: Great Tusk|Great Tusk|100\/100|[from] Volt Switch\n|move|p1a: Tyranitar|Stealth Rock|p2a: Great Tusk\n|-sidestart|p2: skyblade64|move: Stealth Rock\n|\n|-weather|Sandstorm|[upkeep]\n|-heal|p1a: Tyranitar|94\/100|[from] item: Leftovers\n|upkeep\n|turn|2\n|\n|t:|1699840362\n|switch|p1a: Great Tusk|Great Tusk|100\/100\n|move|p2a: Great Tusk|Stealth Rock|p1a: Great Tusk\n|-sidestart|p1: CyrusD|move: Stealth Rock\n|\n|-weather|Sandstorm|[upkeep]\n|upkeep\n|turn|3\n|\n|t:|1699840369\n|-end|p2a: Great Tusk|Protosynthesis|[silent]\n|switch|p2a: Zapdos|Zapdos|100\/100\n|move|p1a: Great Tusk|Ice Spinner|p2a: Zapdos\n|-supereffective|p2a: Zapdos\n|-damage|p2a: Zapdos|48\/100\n|-status|p1a: Great Tusk|par|[from] ability: Static|[of] p2a: Zapdos\n|\n|-weather|Sandstorm|[upkeep]\n|-damage|p2a: Zapdos|42\/100|[from] Sandstorm\n|upkeep\n|turn|4\n|\n|t:|1699840375\n|-terastallize|p1a: Great Tusk|Steel\n|move|p2a: Zapdos|Roost|p2a: Zapdos\n|-heal|p2a: Zapdos|92\/100\n|-singleturn|p2a: Zapdos|move: Roost\n|move|p1a: Great Tusk|High Horsepower|p2a: Zapdos\n|-supereffective|p2a: Zapdos\n|-damage|p2a: Zapdos|0 fnt\n|faint|p2a: Zapdos\n|\n|-weather|Sandstorm|[upkeep]\n|upkeep\n|\n|t:|1699840383\n|switch|p2a: Great Tusk|Great Tusk|100\/100\n|-damage|p2a: Great Tusk|98\/100|[from] Stealth Rock\n|turn|5\n|\n|t:|1699840392\n|-end|p1a: Great Tusk|Protosynthesis|[silent]\n|switch|p1a: Conkeldurr|Conkeldurr, M|100\/100\n|-damage|p1a: Conkeldurr|94\/100|[from] Stealth Rock\n|move|p2a: Great Tusk|Earthquake|p1a: Conkeldurr\n|-damage|p1a: Conkeldurr|65\/100\n|\n|-weather|none\n|-heal|p2a: Great Tusk|100\/100|[from] item: Leftovers\n|upkeep\n|turn|6\n|c|\u2606skyblade64|ok that prediction was kinda fire ngl\n|\n|t:|1699840405\n|move|p2a: Great Tusk|Earthquake|p1a: Conkeldurr\n|-damage|p1a: Conkeldurr|37\/100\n|move|p1a: Conkeldurr|Counter|p2a: Great Tusk\n|-damage|p2a: Great Tusk|49\/100\n|\n|-heal|p2a: Great Tusk|55\/100|[from] item: Leftovers\n|upkeep\n|turn|7\n|c|\u2606CyrusD|thank you thank you\n|\n|t:|1699840424\n|-end|p2a: Great Tusk|Protosynthesis|[silent]\n|switch|p2a: Gholdengo|Gholdengo|100\/100\n|-damage|p2a: Gholdengo|94\/100|[from] Stealth Rock\n|-item|p2a: Gholdengo|Air Balloon\n|move|p1a: Conkeldurr|Ice Punch|p2a: Gholdengo\n|-resisted|p2a: Gholdengo\n|-damage|p2a: Gholdengo|81\/100\n|-enditem|p2a: Gholdengo|Air Balloon\n|\n|upkeep\n|turn|8\n|\n|t:|1699840446\n|switch|p1a: Samurott|Samurott-Hisui, M|100\/100\n|-damage|p1a: Samurott|88\/100|[from] Stealth Rock\n|move|p2a: Gholdengo|Make It Rain|p1a: Samurott\n|-resisted|p1a: Samurott\n|-damage|p1a: Samurott|49\/100\n|-unboost|p2a: Gholdengo|spa|1\n|\n|upkeep\n|turn|9\n|\n|t:|1699840464\n|switch|p2a: Iron Valiant|Iron Valiant|100\/100\n|-damage|p2a: Iron Valiant|94\/100|[from] Stealth Rock\n|-enditem|p2a: Iron Valiant|Booster Energy\n|-activate|p2a: Iron Valiant|ability: Quark Drive|[fromitem]\n|-start|p2a: Iron Valiant|quarkdrivespe\n|move|p1a: Samurott|Razor Shell|p2a: Iron Valiant\n|-crit|p2a: Iron Valiant\n|-damage|p2a: Iron Valiant|0 fnt\n|faint|p2a: Iron Valiant\n|-end|p2a: Iron Valiant|Quark Drive|[silent]\n|\n|upkeep\n|c|\u2606CyrusD|mb\n|inactive|skyblade64 has 120 seconds left.\n|\n|t:|1699840488\n|switch|p2a: Ting-Lu|Ting-Lu|100\/100\n|-damage|p2a: Ting-Lu|94\/100|[from] Stealth Rock\n|-ability|p2a: Ting-Lu|Vessel of Ruin\n|turn|10\n|\n|t:|1699840495\n|move|p1a: Samurott|Swords Dance|p1a: Samurott\n|-boost|p1a: Samurott|atk|2\n|move|p2a: Ting-Lu|Earthquake|p1a: Samurott\n|-damage|p1a: Samurott|9\/100\n|\n|-heal|p2a: Ting-Lu|100\/100|[from] item: Leftovers\n|upkeep\n|turn|11\n|\n|t:|1699840499\n|move|p1a: Samurott|Razor Shell|p2a: Ting-Lu\n|-supereffective|p2a: Ting-Lu\n|-damage|p2a: Ting-Lu|0 fnt\n|faint|p2a: Ting-Lu\n|\n|upkeep\n|\n|t:|1699840501\n|switch|p2a: Kingambit|Kingambit, M|100\/100\n|-damage|p2a: Kingambit|94\/100|[from] Stealth Rock\n|-activate|p2a: Kingambit|ability: Supreme Overlord\n|-start|p2a: Kingambit|fallen3|[silent]\n|turn|12\n|\n|t:|1699840504\n|move|p1a: Samurott|Sucker Punch|p2a: Kingambit\n|-resisted|p2a: Kingambit\n|-damage|p2a: Kingambit|66\/100\n|move|p2a: Kingambit|Sucker Punch||[still]\n|-fail|p2a: Kingambit\n|\n|-heal|p2a: Kingambit|72\/100|[from] item: Leftovers\n|upkeep\n|turn|13\n|\n|t:|1699840507\n|move|p1a: Samurott|Sucker Punch|p2a: Kingambit\n|-resisted|p2a: Kingambit\n|-damage|p2a: Kingambit|42\/100\n|move|p2a: Kingambit|Sucker Punch||[still]\n|-fail|p2a: Kingambit\n|\n|-heal|p2a: Kingambit|48\/100|[from] item: Leftovers\n|upkeep\n|turn|14\n|\n|t:|1699840510\n|move|p2a: Kingambit|Sucker Punch|p1a: Samurott\n|-resisted|p1a: Samurott\n|-damage|p1a: Samurott|0 fnt\n|faint|p1a: Samurott\n|\n|-heal|p2a: Kingambit|54\/100|[from] item: Leftovers\n|upkeep\n|\n|t:|1699840513\n|switch|p1a: Conkeldurr|Conkeldurr, M|37\/100\n|-damage|p1a: Conkeldurr|31\/100|[from] Stealth Rock\n|turn|15\n|\n|t:|1699840519\n|-end|p2a: Kingambit|fallen3|[silent]\n|switch|p2a: Gholdengo|Gholdengo|81\/100\n|-damage|p2a: Gholdengo|75\/100|[from] Stealth Rock\n|move|p1a: Conkeldurr|Knock Off|p2a: Gholdengo\n|-supereffective|p2a: Gholdengo\n|-damage|p2a: Gholdengo|26\/100\n|\n|upkeep\n|turn|16\n|c|\u2606CyrusD|bros getting smoked\n|\n|t:|1699840527\n|move|p2a: Gholdengo|Recover|p2a: Gholdengo\n|-heal|p2a: Gholdengo|76\/100\n|move|p1a: Conkeldurr|Knock Off|p2a: Gholdengo\n|-supereffective|p2a: Gholdengo\n|-damage|p2a: Gholdengo|30\/100\n|\n|upkeep\n|turn|17\n|\n|t:|1699840531\n|move|p2a: Gholdengo|Recover|p2a: Gholdengo\n|-heal|p2a: Gholdengo|80\/100\n|move|p1a: Conkeldurr|Knock Off|p2a: Gholdengo\n|-supereffective|p2a: Gholdengo\n|-damage|p2a: Gholdengo|30\/100\n|\n|upkeep\n|turn|18\n|\n|t:|1699840533\n|move|p2a: Gholdengo|Recover|p2a: Gholdengo\n|-heal|p2a: Gholdengo|80\/100\n|move|p1a: Conkeldurr|Knock Off|p2a: Gholdengo\n|-supereffective|p2a: Gholdengo\n|-crit|p2a: Gholdengo\n|-damage|p2a: Gholdengo|5\/100\n|\n|upkeep\n|turn|19\n|\n|t:|1699840535\n|move|p2a: Gholdengo|Recover|p2a: Gholdengo\n|-heal|p2a: Gholdengo|55\/100\n|move|p1a: Conkeldurr|Knock Off|p2a: Gholdengo\n|-supereffective|p2a: Gholdengo\n|-damage|p2a: Gholdengo|7\/100\n|\n|upkeep\n|turn|20\n|\n|t:|1699840537\n|move|p2a: Gholdengo|Recover|p2a: Gholdengo\n|-heal|p2a: Gholdengo|58\/100\n|move|p1a: Conkeldurr|Knock Off|p2a: Gholdengo\n|-supereffective|p2a: Gholdengo\n|-damage|p2a: Gholdengo|11\/100\n|\n|upkeep\n|turn|21\n|\n|t:|1699840539\n|move|p2a: Gholdengo|Recover|p2a: Gholdengo\n|-heal|p2a: Gholdengo|61\/100\n|move|p1a: Conkeldurr|Knock Off|p2a: Gholdengo\n|-supereffective|p2a: Gholdengo\n|-damage|p2a: Gholdengo|11\/100\n|\n|upkeep\n|turn|22\n|\n|t:|1699840541\n|move|p2a: Gholdengo|Recover|p2a: Gholdengo\n|-heal|p2a: Gholdengo|61\/100\n|move|p1a: Conkeldurr|Knock Off|p2a: Gholdengo\n|-supereffective|p2a: Gholdengo\n|-damage|p2a: Gholdengo|18\/100\n|\n|upkeep\n|turn|23\n|\n|t:|1699840543\n|move|p2a: Gholdengo|Recover|p2a: Gholdengo\n|-heal|p2a: Gholdengo|68\/100\n|move|p1a: Conkeldurr|Knock Off|p2a: Gholdengo\n|-supereffective|p2a: Gholdengo\n|-damage|p2a: Gholdengo|20\/100\n|\n|upkeep\n|turn|24\n|\n|t:|1699840547\n|move|p2a: Gholdengo|Shadow Ball|p1a: Conkeldurr\n|-damage|p1a: Conkeldurr|0 fnt\n|faint|p1a: Conkeldurr\n|\n|upkeep\n|\n|t:|1699840559\n|switch|p1a: Jirachi|Jirachi|100\/100\n|-damage|p1a: Jirachi|95\/100|[from] Stealth Rock\n|turn|25\n|\n|t:|1699840575\n|move|p1a: Jirachi|Thunderbolt|p2a: Gholdengo\n|-damage|p2a: Gholdengo|0 fnt\n|faint|p2a: Gholdengo\n|-damage|p1a: Jirachi|85\/100|[from] item: Life Orb\n|\n|upkeep\n|\n|t:|1699840579\n|switch|p2a: Great Tusk|Great Tusk|55\/100\n|-damage|p2a: Great Tusk|52\/100|[from] Stealth Rock\n|turn|26\n|\n|t:|1699840581\n|move|p1a: Jirachi|Flash Cannon|p2a: Great Tusk\n|-damage|p2a: Great Tusk|0 fnt\n|faint|p2a: Great Tusk\n|-end|p2a: Great Tusk|Protosynthesis|[silent]\n|-damage|p1a: Jirachi|75\/100|[from] item: Life Orb\n|\n|upkeep\n|\n|t:|1699840583\n|switch|p2a: Kingambit|Kingambit, M|54\/100\n|-damage|p2a: Kingambit|48\/100|[from] Stealth Rock\n|-activate|p2a: Kingambit|ability: Supreme Overlord\n|-start|p2a: Kingambit|fallen5|[silent]\n|turn|27\n|\n|t:|1699840586\n|move|p2a: Kingambit|Sucker Punch|p1a: Jirachi\n|-supereffective|p1a: Jirachi\n|-damage|p1a: Jirachi|0 fnt\n|faint|p1a: Jirachi\n|\n|-heal|p2a: Kingambit|54\/100|[from] item: Leftovers\n|upkeep\n|\n|t:|1699840590\n|switch|p1a: Great Tusk|Great Tusk, tera:Steel|100\/100 par\n|-damage|p1a: Great Tusk|94\/100 par|[from] Stealth Rock\n|turn|28\n|\n|t:|1699840599\n|-terastallize|p2a: Kingambit|Fairy\n|move|p2a: Kingambit|Swords Dance|p2a: Kingambit\n|-boost|p2a: Kingambit|atk|2\n|move|p1a: Great Tusk|Close Combat|p2a: Kingambit\n|-resisted|p2a: Kingambit\n|-damage|p2a: Kingambit|33\/100\n|-unboost|p1a: Great Tusk|def|1\n|-unboost|p1a: Great Tusk|spd|1\n|\n|-heal|p2a: Kingambit|40\/100|[from] item: Leftovers\n|upkeep\n|turn|29\n|\n|t:|1699840607\n|move|p2a: Kingambit|Kowtow Cleave|p1a: Great Tusk\n|-damage|p1a: Great Tusk|0 fnt\n|-damage|p2a: Kingambit|23\/100|[from] item: Rocky Helmet|[of] p1a: Great Tusk\n|faint|p1a: Great Tusk\n|-end|p1a: Great Tusk|Protosynthesis|[silent]\n|\n|-heal|p2a: Kingambit|29\/100|[from] item: Leftovers\n|upkeep\n|\n|t:|1699840610\n|switch|p1a: Rillaboom|Rillaboom, M|100\/100\n|-damage|p1a: Rillaboom|88\/100|[from] Stealth Rock\n|-fieldstart|move: Grassy Terrain|[from] ability: Grassy Surge|[of] p1a: Rillaboom\n|turn|30\n|c|\u2606CyrusD|gg\n|\n|t:|1699840619\n|move|p1a: Rillaboom|Grassy Glide|p2a: Kingambit\n|-damage|p2a: Kingambit|0 fnt\n|faint|p2a: Kingambit\n|-end|p2a: Kingambit|fallen5|[silent]\n|\n|win|CyrusD\n|raw|CyrusD's rating: 1373 &rarr; <strong>1396<\/strong><br \/>(+23 for winning)\n|raw|skyblade64's rating: 1426 &rarr; <strong>1403<\/strong><br \/>(-23 for losing)\n|c|\u2606skyblade64|gg\n","uploadtime":1699840626,"views":8,"p1id":"cyrusd","p2id":"skyblade64","formatid":"gen9ou","rating":1396,"private":0,"password":""}