{"id":"gen9ou-1995759703","p1":"TacoSmellsLikePiss","p2":"OhLookARock3","format":"[Gen 9] OU","log":"|j|\u203dTacoSmellsLikePiss\n|j|\u2606OhLookARock3\n|t:|1700600527\n|gametype|singles\n|player|p1|TacoSmellsLikePiss|pokemonbreederf-gen4|1489\n|player|p2|OhLookARock3|lady|1387\n|teamsize|p1|6\n|teamsize|p2|6\n|gen|9\n|tier|[Gen 9] OU\n|rated|\n|rule|Sleep Clause Mod: Limit one foe put to sleep\n|rule|Species Clause: Limit one of each Pok\u00e9mon\n|rule|OHKO Clause: OHKO moves are banned\n|rule|Evasion Items Clause: Evasion items are banned\n|rule|Evasion Moves Clause: Evasion moves are banned\n|rule|Endless Battle Clause: Forcing endless battles is banned\n|rule|HP Percentage Mod: HP is shown in percentages\n|clearpoke\n|poke|p1|Ogerpon-Wellspring, F|\n|poke|p1|Landorus-Therian, M|\n|poke|p1|Iron Valiant|\n|poke|p1|Moltres|\n|poke|p1|Weavile, F|\n|poke|p1|Toxapex, F|\n|poke|p2|Glimmora, F|\n|poke|p2|Great Tusk|\n|poke|p2|Gholdengo|\n|poke|p2|Dondozo, M|\n|poke|p2|Meowscarada, F|\n|poke|p2|Corviknight, F|\n|teampreview\n|inactive|Battle timer is ON: inactive players will automatically lose when time's up. (requested by OhLookARock3)\n|inactive|TacoSmellsLikePiss also wants the timer to be on.\n|c|\u2606OhLookARock3|glhf!\n|\n|t:|1700600542\n|start\n|switch|p1a: Iron Valiant|Iron Valiant|100\/100\n|switch|p2a: Mike|Meowscarada, F, shiny|100\/100\n|turn|1\n|\n|t:|1700600551\n|move|p2a: Mike|Spikes|p1a: Iron Valiant\n|-sidestart|p1: TacoSmellsLikePiss|Spikes\n|move|p1a: Iron Valiant|Calm Mind|p1a: Iron Valiant\n|-boost|p1a: Iron Valiant|spa|1\n|-boost|p1a: Iron Valiant|spd|1\n|\n|upkeep\n|turn|2\n|\n|t:|1700600555\n|move|p2a: Mike|Taunt|p1a: Iron Valiant\n|-start|p1a: Iron Valiant|move: Taunt\n|move|p1a: Iron Valiant|Aura Sphere|p2a: Mike\n|-supereffective|p2a: Mike\n|-enditem|p2a: Mike|Focus Sash\n|-damage|p2a: Mike|1\/100\n|\n|upkeep\n|turn|3\n|\n|t:|1700600562\n|move|p2a: Mike|Leaf Storm|p1a: Iron Valiant\n|-damage|p1a: Iron Valiant|10\/100\n|-unboost|p2a: Mike|spa|2\n|move|p1a: Iron Valiant|Thunderbolt|p2a: Mike\n|-resisted|p2a: Mike\n|-damage|p2a: Mike|0 fnt\n|faint|p2a: Mike\n|\n|upkeep\n|\n|t:|1700600567\n|switch|p2a: Misumaru|Glimmora, F|100\/100\n|turn|4\n|\n|t:|1700600574\n|move|p1a: Iron Valiant|Aura Sphere|p2a: Misumaru\n|-damage|p2a: Misumaru|24\/100\n|move|p2a: Misumaru|Stealth Rock|p1a: Iron Valiant\n|-sidestart|p1: TacoSmellsLikePiss|move: Stealth Rock\n|\n|-end|p1a: Iron Valiant|move: Taunt\n|upkeep\n|turn|5\n|\n|t:|1700600582\n|switch|p2a: Chimata|Gholdengo|100\/100\n|move|p1a: Iron Valiant|Thunderbolt|p2a: Chimata\n|-damage|p2a: Chimata|52\/100\n|-status|p2a: Chimata|par\n|\n|upkeep\n|turn|6\n|\n|t:|1700600589\n|-terastallize|p1a: Iron Valiant|Electric\n|move|p1a: Iron Valiant|Thunderbolt|p2a: Chimata\n|-damage|p2a: Chimata|0 fnt\n|faint|p2a: Chimata\n|\n|upkeep\n|\n|t:|1700600593\n|switch|p2a: Yuugi|Great Tusk|100\/100\n|-enditem|p2a: Yuugi|Booster Energy\n|-activate|p2a: Yuugi|ability: Protosynthesis|[fromitem]\n|-start|p2a: Yuugi|protosynthesisspe\n|turn|7\n|\n|t:|1700600597\n|move|p2a: Yuugi|Ice Spinner|p1a: Iron Valiant\n|-damage|p1a: Iron Valiant|0 fnt\n|faint|p1a: Iron Valiant\n|-end|p1a: Iron Valiant|Quark Drive|[silent]\n|\n|upkeep\n|\n|t:|1700600601\n|switch|p1a: Moltres|Moltres|100\/100\n|turn|8\n|\n|t:|1700600616\n|move|p2a: Yuugi|Ice Spinner|p1a: Moltres\n|-damage|p1a: Moltres|80\/100\n|-status|p2a: Yuugi|brn|[from] ability: Flame Body|[of] p1a: Moltres\n|move|p1a: Moltres|Flamethrower|p2a: Yuugi\n|-damage|p2a: Yuugi|53\/100 brn\n|\n|-damage|p2a: Yuugi|47\/100 brn|[from] brn\n|upkeep\n|turn|9\n|\n|t:|1700600620\n|move|p2a: Yuugi|Ice Spinner|p1a: Moltres\n|-damage|p1a: Moltres|69\/100\n|move|p1a: Moltres|Flamethrower|p2a: Yuugi\n|-damage|p2a: Yuugi|2\/100 brn\n|\n|-damage|p2a: Yuugi|0 fnt|[from] brn\n|faint|p2a: Yuugi\n|-end|p2a: Yuugi|Protosynthesis|[silent]\n|upkeep\n|\n|t:|1700600628\n|switch|p2a: Taisui|Dondozo, M, shiny|100\/100\n|turn|10\n|\n|t:|1700600631\n|move|p1a: Moltres|Will-O-Wisp|p2a: Taisui\n|-status|p2a: Taisui|brn\n|move|p2a: Taisui|Wave Crash|p1a: Moltres\n|-supereffective|p1a: Moltres\n|-damage|p1a: Moltres|34\/100\n|-damage|p2a: Taisui|92\/100 brn|[from] Recoil\n|\n|-heal|p2a: Taisui|98\/100 brn|[from] item: Leftovers\n|-damage|p2a: Taisui|92\/100 brn|[from] brn\n|upkeep\n|turn|11\n|\n|t:|1700600634\n|move|p1a: Moltres|U-turn|p2a: Taisui\n|-damage|p2a: Taisui|85\/100 brn\n|\n|t:|1700600637\n|switch|p1a: Landorus|Landorus-Therian, M|100\/100|[from] U-turn\n|-damage|p1a: Landorus|88\/100|[from] Stealth Rock\n|-ability|p1a: Landorus|Intimidate|boost\n|-unboost|p2a: Taisui|atk|1\n|move|p2a: Taisui|Rest|p2a: Taisui\n|-status|p2a: Taisui|slp|[from] move: Rest\n|-heal|p2a: Taisui|100\/100 slp|[silent]\n|\n|upkeep\n|turn|12\n|\n|t:|1700600659\n|move|p1a: Landorus|Grass Knot|p2a: Taisui\n|-supereffective|p2a: Taisui\n|-damage|p2a: Taisui|40\/100 slp\n|cant|p2a: Taisui|slp\n|move|p2a: Taisui|Sleep Talk|p2a: Taisui\n|move|p2a: Taisui|Curse|p2a: Taisui|[from]move: Sleep Talk\n|-unboost|p2a: Taisui|spe|1\n|-boost|p2a: Taisui|atk|1\n|-boost|p2a: Taisui|def|1\n|\n|-heal|p2a: Taisui|47\/100 slp|[from] item: Leftovers\n|upkeep\n|turn|13\n|\n|t:|1700600669\n|switch|p1a: Moltres|Moltres|34\/100\n|-terastallize|p2a: Taisui|Grass\n|cant|p2a: Taisui|slp\n|move|p2a: Taisui|Sleep Talk|p2a: Taisui\n|move|p2a: Taisui|Curse|p2a: Taisui|[from]move: Sleep Talk\n|-unboost|p2a: Taisui|spe|1\n|-boost|p2a: Taisui|atk|1\n|-boost|p2a: Taisui|def|1\n|\n|-heal|p2a: Taisui|53\/100 slp|[from] item: Leftovers\n|upkeep\n|turn|14\n|\n|t:|1700600675\n|move|p1a: Moltres|Flamethrower|p2a: Taisui\n|-supereffective|p2a: Taisui\n|-damage|p2a: Taisui|0 fnt\n|faint|p2a: Taisui\n|\n|upkeep\n|-message|OhLookARock3 forfeited.\n|\n|win|TacoSmellsLikePiss\n|raw|TacoSmellsLikePiss's rating: 1489 &rarr; <strong>1503<\/strong><br \/>(+14 for winning)\n|raw|OhLookARock3's rating: 1387 &rarr; <strong>1373<\/strong><br \/>(-14 for losing)\n|l|\u2606OhLookARock3\n","uploadtime":1700600681,"views":5,"p1id":"tacosmellslikepiss","p2id":"ohlookarock3","formatid":"gen9ou","rating":1373,"private":0,"password":""}