{"id":"gen9ou-1993948122","p1":"did it done","p2":"cactusdestroyer","format":"[Gen 9] OU","log":"|j|\u2606did it done\n|j|\u2606cactusdestroyer\n|t:|1700380838\n|gametype|singles\n|player|p1|did it done|will-gen2|1422\n|player|p2|cactusdestroyer|benga|1543\n|teamsize|p1|6\n|teamsize|p2|6\n|gen|9\n|tier|[Gen 9] OU\n|rated|\n|rule|Sleep Clause Mod: Limit one foe put to sleep\n|rule|Species Clause: Limit one of each Pok\u00e9mon\n|rule|OHKO Clause: OHKO moves are banned\n|rule|Evasion Items Clause: Evasion items are banned\n|rule|Evasion Moves Clause: Evasion moves are banned\n|rule|Endless Battle Clause: Forcing endless battles is banned\n|rule|HP Percentage Mod: HP is shown in percentages\n|clearpoke\n|poke|p1|Garchomp, M|\n|poke|p1|Corviknight, M|\n|poke|p1|Ninetales-Alola, F|\n|poke|p1|Tyranitar, M|\n|poke|p1|Ceruledge, M|\n|poke|p1|Iron Valiant|\n|poke|p2|Lokix, F|\n|poke|p2|Dragonite, M|\n|poke|p2|Cresselia, F|\n|poke|p2|Hoopa-Unbound|\n|poke|p2|Kingambit, M|\n|poke|p2|Glimmora, F|\n|teampreview\n|\n|t:|1700380851\n|start\n|switch|p1a: Garchomp|Garchomp, M, shiny|100\/100\n|switch|p2a: Dragonite|Dragonite, M|100\/100\n|turn|1\n|\n|t:|1700380855\n|move|p1a: Garchomp|Scale Shot|p2a: Dragonite\n|-supereffective|p2a: Dragonite\n|-damage|p2a: Dragonite|87\/100\n|-supereffective|p2a: Dragonite\n|-damage|p2a: Dragonite|62\/100\n|-supereffective|p2a: Dragonite\n|-damage|p2a: Dragonite|36\/100\n|-supereffective|p2a: Dragonite\n|-damage|p2a: Dragonite|9\/100\n|-supereffective|p2a: Dragonite\n|-damage|p2a: Dragonite|0 fnt\n|faint|p2a: Dragonite\n|-hitcount|p2: Dragonite|5\n|-unboost|p1a: Garchomp|def|1\n|-boost|p1a: Garchomp|spe|1\n|\n|upkeep\n|\n|t:|1700380871\n|switch|p2a: Lokix|Lokix, F|100\/100\n|turn|2\n|inactive|Battle timer is ON: inactive players will automatically lose when time's up. (requested by cactusdestroyer)\n|\n|t:|1700380885\n|move|p1a: Garchomp|Scale Shot|p2a: Lokix\n|-damage|p2a: Lokix|79\/100\n|-damage|p2a: Lokix|59\/100\n|-damage|p2a: Lokix|38\/100\n|-damage|p2a: Lokix|17\/100\n|-hitcount|p2a: Lokix|4\n|-unboost|p1a: Garchomp|def|1\n|-boost|p1a: Garchomp|spe|1\n|move|p2a: Lokix|Knock Off|p1a: Garchomp\n|-damage|p1a: Garchomp|0 fnt\n|-damage|p2a: Lokix|4\/100|[from] ability: Rough Skin|[of] p1a: Garchomp\n|-enditem|p1a: Garchomp|Loaded Dice|[from] move: Knock Off|[of] p2a: Lokix\n|faint|p1a: Garchomp\n|-damage|p2a: Lokix|0 fnt|[from] item: Life Orb\n|faint|p2a: Lokix\n|\n|upkeep\n|\n|t:|1700380904\n|switch|p1a: Tyranitar|Tyranitar, M, shiny|100\/100\n|switch|p2a: Glimmora|Glimmora, F|100\/100\n|-weather|Sandstorm|[from] ability: Sand Stream|[of] p1a: Tyranitar\n|turn|3\n|\n|t:|1700380906\n|move|p2a: Glimmora|Stealth Rock|p1a: Tyranitar\n|-sidestart|p1: did it done|move: Stealth Rock\n|move|p1a: Tyranitar|Earthquake|p2a: Glimmora\n|-supereffective|p2a: Glimmora\n|-enditem|p2a: Glimmora|Focus Sash\n|-damage|p2a: Glimmora|1\/100\n|-activate|p2a: Glimmora|ability: Toxic Debris\n|-sidestart|p1: did it done|move: Toxic Spikes\n|\n|-weather|Sandstorm|[upkeep]\n|upkeep\n|turn|4\n|inactive|did it done has 120 seconds left.\n|\n|t:|1700380939\n|move|p2a: Glimmora|Spikes|p1a: Tyranitar\n|-sidestart|p1: did it done|Spikes\n|move|p1a: Tyranitar|Knock Off|p2a: Glimmora\n|-damage|p2a: Glimmora|0 fnt\n|-activate|p2a: Glimmora|ability: Toxic Debris\n|-sidestart|p1: did it done|move: Toxic Spikes\n|faint|p2a: Glimmora\n|\n|-weather|Sandstorm|[upkeep]\n|upkeep\n|\n|t:|1700380946\n|switch|p2a: Kingambit|Kingambit, M|100\/100\n|-activate|p2a: Kingambit|ability: Supreme Overlord\n|-start|p2a: Kingambit|fallen3|[silent]\n|turn|5\n|inactive|did it done has 120 seconds left.\n|\n|t:|1700380966\n|move|p2a: Kingambit|Swords Dance|p2a: Kingambit\n|-boost|p2a: Kingambit|atk|2\n|move|p1a: Tyranitar|Ice Punch|p2a: Kingambit\n|-resisted|p2a: Kingambit\n|-damage|p2a: Kingambit|88\/100\n|\n|-weather|Sandstorm|[upkeep]\n|-heal|p2a: Kingambit|94\/100|[from] item: Leftovers\n|upkeep\n|turn|6\n|\n|t:|1700380971\n|move|p2a: Kingambit|Low Kick|p1a: Tyranitar\n|-supereffective|p1a: Tyranitar\n|-damage|p1a: Tyranitar|0 fnt\n|faint|p1a: Tyranitar\n|\n|-weather|Sandstorm|[upkeep]\n|-heal|p2a: Kingambit|99\/100|[from] item: Leftovers\n|upkeep\n|inactive|did it done has 120 seconds left.\n|inactive|did it done has 90 seconds left.\n|\n|t:|1700381029\n|switch|p1a: Iron Valiant|Iron Valiant|100\/100\n|-damage|p1a: Iron Valiant|94\/100|[from] Stealth Rock\n|-status|p1a: Iron Valiant|tox\n|-damage|p1a: Iron Valiant|82\/100 tox|[from] Spikes\n|-enditem|p1a: Iron Valiant|Booster Energy\n|-activate|p1a: Iron Valiant|ability: Quark Drive|[fromitem]\n|-start|p1a: Iron Valiant|quarkdrivespe\n|turn|7\n|inactive|cactusdestroyer has 120 seconds left.\n|inactive|did it done has 60 seconds left.\n|\n|t:|1700381074\n|-terastallize|p2a: Kingambit|Flying\n|move|p1a: Iron Valiant|Moonblast|p2a: Kingambit\n|-damage|p2a: Kingambit|50\/100\n|move|p2a: Kingambit|Iron Head|p1a: Iron Valiant\n|-supereffective|p1a: Iron Valiant\n|-damage|p1a: Iron Valiant|0 fnt\n|faint|p1a: Iron Valiant\n|-end|p1a: Iron Valiant|Quark Drive|[silent]\n|\n|-weather|none\n|-heal|p2a: Kingambit|56\/100|[from] item: Leftovers\n|upkeep\n|inactive|did it done has 30 seconds left.\n|\n|t:|1700381106\n|switch|p1a: Corviknight|Corviknight, M, shiny|100\/100\n|-damage|p1a: Corviknight|88\/100|[from] Stealth Rock\n|-ability|p1a: Corviknight|Pressure\n|turn|8\n|\n|t:|1700381113\n|move|p2a: Kingambit|Low Kick|p1a: Corviknight\n|-damage|p1a: Corviknight|37\/100\n|-damage|p2a: Kingambit|39\/100|[from] item: Rocky Helmet|[of] p1a: Corviknight\n|move|p1a: Corviknight|Defog|p2a: Kingambit\n|-unboost|p2a: Kingambit|evasion|1\n|-sideend|p1: did it done|Spikes|[from] move: Defog|[of] p1a: Corviknight\n|-sideend|p1: did it done|Toxic Spikes|[from] move: Defog|[of] p1a: Corviknight\n|-sideend|p1: did it done|Stealth Rock|[from] move: Defog|[of] p1a: Corviknight\n|\n|-heal|p2a: Kingambit|46\/100|[from] item: Leftovers\n|upkeep\n|turn|9\n|inactive|cactusdestroyer has 120 seconds left.\n|\n|t:|1700381133\n|move|p2a: Kingambit|Iron Head|p1a: Corviknight\n|-resisted|p1a: Corviknight\n|-damage|p1a: Corviknight|1\/100\n|-damage|p2a: Kingambit|29\/100|[from] item: Rocky Helmet|[of] p1a: Corviknight\n|move|p1a: Corviknight|Roost|p1a: Corviknight\n|-heal|p1a: Corviknight|51\/100\n|-singleturn|p1a: Corviknight|move: Roost\n|\n|-heal|p2a: Kingambit|35\/100|[from] item: Leftovers\n|upkeep\n|turn|10\n|inactive|did it done has 30 seconds left.\n|inactive|did it done has 20 seconds left.\n|inactive|did it done has 15 seconds left.\n|\n|t:|1700381167\n|move|p2a: Kingambit|Swords Dance|p2a: Kingambit\n|-boost|p2a: Kingambit|atk|2\n|move|p1a: Corviknight|Roost|p1a: Corviknight\n|-heal|p1a: Corviknight|100\/100\n|-singleturn|p1a: Corviknight|move: Roost\n|\n|-heal|p2a: Kingambit|41\/100|[from] item: Leftovers\n|upkeep\n|turn|11\n|inactive|did it done has 25 seconds left this turn.\n|\n|t:|1700381173\n|move|p2a: Kingambit|Swords Dance|p2a: Kingambit\n|-boost|p2a: Kingambit|atk|2\n|move|p1a: Corviknight|Brave Bird|p2a: Kingambit\n|-damage|p2a: Kingambit|4\/100\n|-damage|p1a: Corviknight|90\/100|[from] Recoil\n|\n|-heal|p2a: Kingambit|10\/100|[from] item: Leftovers\n|upkeep\n|turn|12\n|inactive|did it done has 30 seconds left.\n|\n|t:|1700381179\n|move|p2a: Kingambit|Low Kick|p1a: Corviknight\n|-damage|p1a: Corviknight|0 fnt\n|-damage|p2a: Kingambit|0 fnt|[from] item: Rocky Helmet|[of] p1a: Corviknight\n|faint|p1a: Corviknight\n|faint|p2a: Kingambit\n|-end|p2a: Kingambit|fallen3|[silent]\n|\n|upkeep\n|inactive|did it done has 30 seconds left.\n|\n|t:|1700381198\n|switch|p2a: Hoopa|Hoopa-Unbound|100\/100\n|switch|p1a: Ceruledge|Ceruledge, M, shiny|100\/100\n|turn|13\n|inactive|did it done has 30 seconds left.\n|\n|t:|1700381207\n|switch|p1a: Ninetales|Ninetales-Alola, F, shiny|100\/100\n|-weather|Snow|[from] ability: Snow Warning|[of] p1a: Ninetales\n|move|p2a: Hoopa|Psychic|p1a: Ninetales\n|-damage|p1a: Ninetales|30\/100\n|\n|-weather|Snow|[upkeep]\n|upkeep\n|turn|14\n|\n|t:|1700381228\n|move|p2a: Hoopa|Psychic|p1a: Ninetales\n|-damage|p1a: Ninetales|0 fnt\n|faint|p1a: Ninetales\n|\n|-weather|Snow|[upkeep]\n|upkeep\n|\n|t:|1700381233\n|switch|p1a: Ceruledge|Ceruledge, M, shiny|100\/100\n|turn|15\n|\n|t:|1700381235\n|move|p2a: Hoopa|Psychic|p1a: Ceruledge\n|-crit|p1a: Ceruledge\n|-damage|p1a: Ceruledge|36\/100\n|move|p1a: Ceruledge|Bulk Up|p1a: Ceruledge\n|-boost|p1a: Ceruledge|atk|1\n|-boost|p1a: Ceruledge|def|1\n|\n|-weather|Snow|[upkeep]\n|-heal|p1a: Ceruledge|42\/100|[from] item: Leftovers\n|upkeep\n|turn|16\n|\n|t:|1700381247\n|move|p2a: Hoopa|Psychic|p1a: Ceruledge\n|-damage|p1a: Ceruledge|2\/100\n|move|p1a: Ceruledge|Bitter Blade|p2a: Hoopa\n|-damage|p2a: Hoopa|10\/100\n|-heal|p1a: Ceruledge|41\/100|[from] drain|[of] p2a: Hoopa\n|\n|-weather|Snow|[upkeep]\n|-heal|p1a: Ceruledge|47\/100|[from] item: Leftovers\n|upkeep\n|turn|17\n|inactive|did it done has 60 seconds left.\n|\n|t:|1700381254\n|move|p1a: Ceruledge|Shadow Sneak|p2a: Hoopa\n|-damage|p2a: Hoopa|0 fnt\n|faint|p2a: Hoopa\n|\n|-weather|none\n|-heal|p1a: Ceruledge|54\/100|[from] item: Leftovers\n|upkeep\n|\n|t:|1700381256\n|switch|p2a: Cresselia|Cresselia, F|100\/100\n|turn|18\n|\n|t:|1700381263\n|move|p2a: Cresselia|Calm Mind|p2a: Cresselia\n|-boost|p2a: Cresselia|spa|1\n|-boost|p2a: Cresselia|spd|1\n|move|p1a: Ceruledge|Bulk Up|p1a: Ceruledge\n|-boost|p1a: Ceruledge|atk|1\n|-boost|p1a: Ceruledge|def|1\n|\n|-heal|p1a: Ceruledge|60\/100|[from] item: Leftovers\n|upkeep\n|turn|19\n|\n|t:|1700381269\n|move|p2a: Cresselia|Calm Mind|p2a: Cresselia\n|-boost|p2a: Cresselia|spa|1\n|-boost|p2a: Cresselia|spd|1\n|move|p1a: Ceruledge|Bitter Blade|p2a: Cresselia\n|-damage|p2a: Cresselia|64\/100\n|-heal|p1a: Ceruledge|83\/100|[from] drain|[of] p2a: Cresselia\n|\n|-heal|p2a: Cresselia|70\/100|[from] item: Leftovers\n|-heal|p1a: Ceruledge|89\/100|[from] item: Leftovers\n|upkeep\n|turn|20\n|\n|t:|1700381274\n|move|p1a: Ceruledge|Bulk Up|p1a: Ceruledge\n|-boost|p1a: Ceruledge|atk|1\n|-boost|p1a: Ceruledge|def|1\n|move|p2a: Cresselia|Stored Power|p1a: Ceruledge\n|-damage|p1a: Ceruledge|54\/100\n|\n|-heal|p1a: Ceruledge|60\/100|[from] item: Leftovers\n|-heal|p2a: Cresselia|76\/100|[from] item: Leftovers\n|upkeep\n|turn|21\n|\n|t:|1700381285\n|move|p1a: Ceruledge|Bitter Blade|p2a: Cresselia\n|-damage|p2a: Cresselia|23\/100\n|-heal|p1a: Ceruledge|93\/100|[from] drain|[of] p2a: Cresselia\n|move|p2a: Cresselia|Stored Power|p1a: Ceruledge\n|-damage|p1a: Ceruledge|54\/100\n|\n|-heal|p1a: Ceruledge|60\/100|[from] item: Leftovers\n|-heal|p2a: Cresselia|30\/100|[from] item: Leftovers\n|upkeep\n|turn|22\n|\n|t:|1700381291\n|move|p2a: Cresselia|Stored Power|p1a: Ceruledge\n|-damage|p1a: Ceruledge|25\/100\n|move|p1a: Ceruledge|Bitter Blade|p2a: Cresselia\n|-damage|p2a: Cresselia|0 fnt\n|-heal|p1a: Ceruledge|44\/100|[from] drain|[of] p2a: Cresselia\n|faint|p2a: Cresselia\n|\n|win|did it done\n|raw|did it done's rating: 1422 &rarr; <strong>1448<\/strong><br \/>(+26 for winning)\n|raw|cactusdestroyer's rating: 1530 &rarr; <strong>1504<\/strong><br \/>(-26 for losing)\n|l|\u2606cactusdestroyer\n|c|\u2606did it done|gg\n","uploadtime":1700381297,"views":19,"p1id":"diditdone","p2id":"cactusdestroyer","formatid":"gen9ou","rating":1448,"private":0,"password":""}