{"id":"gen9ou-1988400430","p1":"ShadowTwo","p2":"littensalt","format":"[Gen 9] OU","log":"|j|\u2606ShadowTwo\n|j|\u2606littensalt\n|t:|1699718739\n|gametype|singles\n|player|p1|ShadowTwo|grimsley|1315\n|player|p2|littensalt|hugh|1236\n|teamsize|p1|6\n|teamsize|p2|6\n|gen|9\n|tier|[Gen 9] OU\n|rated|\n|rule|Sleep Clause Mod: Limit one foe put to sleep\n|rule|Species Clause: Limit one of each Pok\u00e9mon\n|rule|OHKO Clause: OHKO moves are banned\n|rule|Evasion Items Clause: Evasion items are banned\n|rule|Evasion Moves Clause: Evasion moves are banned\n|rule|Endless Battle Clause: Forcing endless battles is banned\n|rule|HP Percentage Mod: HP is shown in percentages\n|clearpoke\n|poke|p1|Garganacl, F|\n|poke|p1|Gliscor, F|\n|poke|p1|Gholdengo|\n|poke|p1|Iron Valiant|\n|poke|p1|Dragonite, F|\n|poke|p1|Zapdos|\n|poke|p2|Thundurus-Therian, M|\n|poke|p2|Weezing-Galar, M|\n|poke|p2|Cinderace, F|\n|poke|p2|Dragapult, M|\n|poke|p2|Greninja-*, M|\n|poke|p2|Gliscor, F|\n|teampreview\n|inactive|Battle timer is ON: inactive players will automatically lose when time's up. (requested by littensalt)\n|\n|t:|1699718788\n|start\n|switch|p1a: Iron Valiant|Iron Valiant|100\/100\n|switch|p2a: FRANCHISE|Cinderace, F|100\/100\n|turn|1\n|\n|t:|1699718797\n|move|p2a: FRANCHISE|U-turn|p1a: Iron Valiant\n|-start|p2a: FRANCHISE|typechange|Bug|[from] ability: Libero\n|-resisted|p1a: Iron Valiant\n|-damage|p1a: Iron Valiant|90\/100\n|\n|t:|1699718808\n|switch|p2a: KIDS SEE GHOST|Dragapult, M, shiny|100\/100|[from] U-turn\n|move|p1a: Iron Valiant|Knock Off|p2a: KIDS SEE GHOST\n|-supereffective|p2a: KIDS SEE GHOST\n|-damage|p2a: KIDS SEE GHOST|25\/100\n|-enditem|p2a: KIDS SEE GHOST|Choice Specs|[from] move: Knock Off|[of] p1a: Iron Valiant\n|\n|upkeep\n|turn|2\n|\n|t:|1699718824\n|-end|p1a: Iron Valiant|Quark Drive|[silent]\n|switch|p1a: Zapdos|Zapdos|100\/100\n|move|p2a: KIDS SEE GHOST|U-turn|p1a: Zapdos\n|-resisted|p1a: Zapdos\n|-damage|p1a: Zapdos|91\/100\n|\n|t:|1699718830\n|switch|p2a: the spot|Gliscor, F, shiny|100\/100|[from] U-turn\n|\n|-status|p2a: the spot|tox|[from] item: Toxic Orb\n|upkeep\n|turn|3\n|\n|t:|1699718846\n|switch|p1a: Garganacl|Garganacl, F|100\/100\n|move|p2a: the spot|Swords Dance|p2a: the spot\n|-boost|p2a: the spot|atk|2\n|\n|upkeep\n|turn|4\n|\n|t:|1699718861\n|-terastallize|p1a: Garganacl|Water\n|move|p2a: the spot|Swords Dance|p2a: the spot\n|-boost|p2a: the spot|atk|2\n|move|p1a: Garganacl|Salt Cure|p2a: the spot\n|-damage|p2a: the spot|91\/100 tox\n|-start|p2a: the spot|Salt Cure\n|\n|-heal|p2a: the spot|100\/100 tox|[from] ability: Poison Heal\n|-damage|p2a: the spot|88\/100 tox|[from] Salt Cure\n|upkeep\n|turn|5\n|\n|t:|1699718876\n|move|p2a: the spot|Taunt|p1a: Garganacl\n|-start|p1a: Garganacl|move: Taunt\n|cant|p1a: Garganacl|move: Taunt|Curse\n|\n|-heal|p2a: the spot|100\/100 tox|[from] ability: Poison Heal\n|-damage|p2a: the spot|88\/100 tox|[from] Salt Cure\n|upkeep\n|turn|6\n|\n|t:|1699718893\n|switch|p2a: FRANCHISE|Cinderace, F|100\/100\n|move|p1a: Garganacl|Salt Cure|p2a: FRANCHISE\n|-supereffective|p2a: FRANCHISE\n|-damage|p2a: FRANCHISE|63\/100\n|-start|p2a: FRANCHISE|Salt Cure\n|\n|-damage|p2a: FRANCHISE|50\/100|[from] Salt Cure\n|upkeep\n|turn|7\n|\n|t:|1699718902\n|move|p2a: FRANCHISE|U-turn|p1a: Garganacl\n|-start|p2a: FRANCHISE|typechange|Bug|[from] ability: Libero\n|-damage|p1a: Garganacl|82\/100\n|\n|t:|1699718903\n|switch|p2a: wheezy outta here|Weezing-Galar, M, shiny|100\/100|[from] U-turn\n|-ability|p2a: wheezy outta here|Neutralizing Gas\n|move|p1a: Garganacl|Salt Cure|p2a: wheezy outta here\n|-damage|p2a: wheezy outta here|91\/100\n|-start|p2a: wheezy outta here|Salt Cure\n|\n|-heal|p1a: Garganacl|88\/100|[from] item: Leftovers\n|-damage|p2a: wheezy outta here|79\/100|[from] Salt Cure\n|-end|p1a: Garganacl|move: Taunt\n|upkeep\n|turn|8\n|\n|t:|1699718928\n|switch|p1a: Gholdengo|Gholdengo|100\/100\n|-item|p1a: Gholdengo|Air Balloon\n|move|p2a: wheezy outta here|Will-O-Wisp|p1a: Gholdengo\n|-status|p1a: Gholdengo|brn\n|\n|-damage|p1a: Gholdengo|94\/100 brn|[from] brn\n|-damage|p2a: wheezy outta here|66\/100|[from] Salt Cure\n|upkeep\n|turn|9\n|\n|t:|1699718943\n|-end|p2a: wheezy outta here|ability: Neutralizing Gas\n|switch|p2a: FRANCHISE|Cinderace, F|50\/100\n|move|p1a: Gholdengo|Make It Rain|p2a: FRANCHISE\n|-resisted|p2a: FRANCHISE\n|-damage|p2a: FRANCHISE|10\/100\n|-unboost|p1a: Gholdengo|spa|1\n|\n|-damage|p1a: Gholdengo|88\/100 brn|[from] brn\n|upkeep\n|turn|10\n|\n|t:|1699718958\n|switch|p1a: Dragonite|Dragonite, F|100\/100\n|move|p2a: FRANCHISE|Pyro Ball|p1a: Dragonite\n|-resisted|p1a: Dragonite\n|-damage|p1a: Dragonite|86\/100\n|\n|upkeep\n|turn|11\n|\n|t:|1699718965\n|move|p2a: FRANCHISE|U-turn|p1a: Dragonite\n|-start|p2a: FRANCHISE|typechange|Bug|[from] ability: Libero\n|-resisted|p1a: Dragonite\n|-damage|p1a: Dragonite|68\/100\n|\n|t:|1699718967\n|switch|p2a: wheezy outta here|Weezing-Galar, M, shiny|66\/100|[from] U-turn\n|-ability|p2a: wheezy outta here|Neutralizing Gas\n|move|p1a: Dragonite|Dragon Dance|p1a: Dragonite\n|-boost|p1a: Dragonite|atk|1\n|-boost|p1a: Dragonite|spe|1\n|\n|upkeep\n|turn|12\n|\n|t:|1699718978\n|move|p1a: Dragonite|Earthquake|p2a: wheezy outta here\n|-supereffective|p2a: wheezy outta here\n|-damage|p2a: wheezy outta here|0 fnt\n|faint|p2a: wheezy outta here\n|-end|p2a: wheezy outta here|ability: Neutralizing Gas\n|\n|upkeep\n|\n|t:|1699718986\n|switch|p2a: KIDS SEE GHOST|Dragapult, M, shiny|25\/100\n|turn|13\n|\n|t:|1699718990\n|move|p2a: KIDS SEE GHOST|Draco Meteor|p1a: Dragonite\n|-supereffective|p1a: Dragonite\n|-damage|p1a: Dragonite|0 fnt\n|-unboost|p2a: KIDS SEE GHOST|spa|2\n|faint|p1a: Dragonite\n|\n|upkeep\n|\n|t:|1699719011\n|switch|p1a: Iron Valiant|Iron Valiant|90\/100\n|turn|14\n|\n|t:|1699719023\n|move|p2a: KIDS SEE GHOST|U-turn|p1a: Iron Valiant\n|-resisted|p1a: Iron Valiant\n|-damage|p1a: Iron Valiant|84\/100\n|\n|t:|1699719027\n|switch|p2a: the spot|Gliscor, F, shiny|88\/100 tox|[from] U-turn\n|move|p1a: Iron Valiant|Moonblast|p2a: the spot\n|-damage|p2a: the spot|35\/100 tox\n|\n|-heal|p2a: the spot|48\/100 tox|[from] ability: Poison Heal\n|upkeep\n|turn|15\n|\n|t:|1699719038\n|switch|p2a: FRANCHISE|Cinderace, F|10\/100\n|move|p1a: Iron Valiant|Moonblast|p2a: FRANCHISE\n|-resisted|p2a: FRANCHISE\n|-damage|p2a: FRANCHISE|0 fnt\n|faint|p2a: FRANCHISE\n|\n|upkeep\n|\n|t:|1699719042\n|switch|p2a: Thundurus|Thundurus-Therian, M, shiny|100\/100\n|turn|16\n|\n|t:|1699719051\n|-end|p1a: Iron Valiant|Quark Drive|[silent]\n|switch|p1a: Garganacl|Garganacl, F, tera:Water|88\/100\n|move|p2a: Thundurus|Volt Switch|p1a: Garganacl\n|-supereffective|p1a: Garganacl\n|-damage|p1a: Garganacl|0 fnt\n|faint|p1a: Garganacl\n|\n|t:|1699719055\n|switch|p2a: KIDS SEE GHOST|Dragapult, M, shiny|25\/100|[from] Volt Switch\n|\n|upkeep\n|\n|t:|1699719068\n|switch|p1a: Zapdos|Zapdos|91\/100\n|turn|17\n|\n|t:|1699719075\n|move|p2a: KIDS SEE GHOST|Draco Meteor|p1a: Zapdos\n|-damage|p1a: Zapdos|54\/100\n|-unboost|p2a: KIDS SEE GHOST|spa|2\n|move|p1a: Zapdos|Hurricane|p2a: KIDS SEE GHOST\n|-damage|p2a: KIDS SEE GHOST|0 fnt\n|faint|p2a: KIDS SEE GHOST\n|\n|upkeep\n|\n|t:|1699719081\n|switch|p2a: Thundurus|Thundurus-Therian, M, shiny|100\/100\n|turn|18\n|\n|t:|1699719088\n|move|p2a: Thundurus|Volt Switch|p1a: Zapdos\n|-damage|p1a: Zapdos|11\/100\n|\n|t:|1699719092\n|switch|p2a: the spot|Gliscor, F, shiny|48\/100 tox|[from] Volt Switch\n|move|p1a: Zapdos|Roost|p1a: Zapdos\n|-heal|p1a: Zapdos|61\/100\n|-singleturn|p1a: Zapdos|move: Roost\n|\n|-heal|p2a: the spot|60\/100 tox|[from] ability: Poison Heal\n|upkeep\n|turn|19\n|\n|t:|1699719102\n|move|p2a: the spot|Taunt|p1a: Zapdos\n|-start|p1a: Zapdos|move: Taunt\n|move|p1a: Zapdos|Hurricane|p2a: the spot\n|-damage|p2a: the spot|6\/100 tox\n|\n|-heal|p2a: the spot|19\/100 tox|[from] ability: Poison Heal\n|upkeep\n|turn|20\n|\n|t:|1699719111\n|switch|p2a: Thundurus|Thundurus-Therian, M, shiny|100\/100\n|move|p1a: Zapdos|Heat Wave|p2a: Thundurus\n|-damage|p2a: Thundurus|64\/100\n|\n|upkeep\n|turn|21\n|\n|t:|1699719123\n|switch|p1a: Gliscor|Gliscor, F|100\/100\n|move|p2a: Thundurus|Volt Switch|p1a: Gliscor\n|-immune|p1a: Gliscor\n|\n|-status|p1a: Gliscor|tox|[from] item: Toxic Orb\n|upkeep\n|turn|22\n|\n|t:|1699719138\n|switch|p2a: the spot|Gliscor, F, shiny|19\/100 tox\n|move|p1a: Gliscor|Stealth Rock|p2a: the spot\n|-sidestart|p2: littensalt|move: Stealth Rock\n|\n|-heal|p2a: the spot|31\/100 tox|[from] ability: Poison Heal\n|upkeep\n|turn|23\n|\n|t:|1699719149\n|switch|p1a: Gholdengo|Gholdengo|88\/100 brn\n|-item|p1a: Gholdengo|Air Balloon\n|move|p2a: the spot|Taunt|p1a: Gholdengo\n|-immune|p1a: Gholdengo|[from] ability: Good as Gold\n|\n|-heal|p2a: the spot|44\/100 tox|[from] ability: Poison Heal\n|-damage|p1a: Gholdengo|82\/100 brn|[from] brn\n|upkeep\n|turn|24\n|\n|t:|1699719162\n|switch|p2a: Thundurus|Thundurus-Therian, M, shiny|64\/100\n|-damage|p2a: Thundurus|40\/100|[from] Stealth Rock\n|move|p1a: Gholdengo|Make It Rain|p2a: Thundurus\n|-resisted|p2a: Thundurus\n|-damage|p2a: Thundurus|5\/100\n|-unboost|p1a: Gholdengo|spa|1\n|\n|-damage|p1a: Gholdengo|76\/100 brn|[from] brn\n|upkeep\n|turn|25\n|\n|t:|1699719177\n|switch|p1a: Gliscor|Gliscor, F|100\/100 tox\n|move|p2a: Thundurus|Tera Blast|p1a: Gliscor\n|-damage|p1a: Gliscor|36\/100 tox\n|\n|-heal|p1a: Gliscor|49\/100 tox|[from] ability: Poison Heal\n|upkeep\n|turn|26\n|\n|t:|1699719185\n|move|p1a: Gliscor|Protect|p1a: Gliscor\n|-singleturn|p1a: Gliscor|Protect\n|move|p2a: Thundurus|Tera Blast|p1a: Gliscor\n|-activate|p1a: Gliscor|move: Protect\n|\n|-heal|p1a: Gliscor|61\/100 tox|[from] ability: Poison Heal\n|upkeep\n|turn|27\n|\n|t:|1699719195\n|switch|p1a: Gholdengo|Gholdengo|76\/100 brn\n|-item|p1a: Gholdengo|Air Balloon\n|move|p2a: Thundurus|Tera Blast|p1a: Gholdengo\n|-immune|p1a: Gholdengo\n|\n|-damage|p1a: Gholdengo|70\/100 brn|[from] brn\n|upkeep\n|turn|28\n|\n|t:|1699719205\n|move|p2a: Thundurus|Tera Blast|p1a: Gholdengo\n|-immune|p1a: Gholdengo\n|move|p1a: Gholdengo|Shadow Ball|p2a: Thundurus\n|-damage|p2a: Thundurus|0 fnt\n|faint|p2a: Thundurus\n|\n|-damage|p1a: Gholdengo|63\/100 brn|[from] brn\n|upkeep\n|\n|t:|1699719208\n|switch|p2a: N95|Greninja, M|100\/100\n|-damage|p2a: N95|88\/100|[from] Stealth Rock\n|turn|29\n|\n|t:|1699719223\n|move|p2a: N95|Dark Pulse|p1a: Gholdengo\n|-supereffective|p1a: Gholdengo\n|-damage|p1a: Gholdengo|0 fnt\n|-enditem|p1a: Gholdengo|Air Balloon\n|faint|p1a: Gholdengo\n|-ability|p2a: N95|Battle Bond|boost\n|-boost|p2a: N95|atk|1\n|-boost|p2a: N95|spa|1\n|-boost|p2a: N95|spe|1\n|-activate|p2a: N95|ability: Battle Bond\n|-damage|p2a: N95|78\/100|[from] item: Life Orb\n|\n|upkeep\n|\n|t:|1699719235\n|switch|p1a: Iron Valiant|Iron Valiant|84\/100\n|turn|30\n|\n|t:|1699719248\n|-terastallize|p2a: N95|Water\n|move|p2a: N95|Water Shuriken|p1a: Iron Valiant\n|-damage|p1a: Iron Valiant|47\/100\n|-damage|p1a: Iron Valiant|9\/100\n|-damage|p1a: Iron Valiant|0 fnt\n|faint|p1a: Iron Valiant\n|-end|p1a: Iron Valiant|Quark Drive|[silent]\n|-hitcount|p1: Iron Valiant|3\n|-damage|p2a: N95|69\/100|[from] item: Life Orb\n|\n|upkeep\n|\n|t:|1699719257\n|switch|p1a: Zapdos|Zapdos|61\/100\n|turn|31\n|\n|t:|1699719262\n|move|p2a: N95|Dark Pulse|p1a: Zapdos\n|-damage|p1a: Zapdos|14\/100\n|-damage|p2a: N95|59\/100|[from] item: Life Orb\n|move|p1a: Zapdos|Discharge|p2a: N95\n|-supereffective|p2a: N95\n|-damage|p2a: N95|0 fnt\n|faint|p2a: N95\n|\n|upkeep\n|\n|t:|1699719264\n|switch|p2a: the spot|Gliscor, F, shiny|44\/100 tox\n|-damage|p2a: the spot|31\/100 tox|[from] Stealth Rock\n|turn|32\n|\n|t:|1699719274\n|move|p2a: the spot|Ice Fang|p1a: Zapdos\n|-supereffective|p1a: Zapdos\n|-damage|p1a: Zapdos|0 fnt\n|faint|p1a: Zapdos\n|\n|-heal|p2a: the spot|44\/100 tox|[from] ability: Poison Heal\n|upkeep\n|\n|t:|1699719280\n|switch|p1a: Gliscor|Gliscor, F|61\/100 tox\n|turn|33\n|\n|t:|1699719288\n|move|p1a: Gliscor|Protect|p1a: Gliscor\n|-singleturn|p1a: Gliscor|Protect\n|move|p2a: the spot|Swords Dance|p2a: the spot\n|-boost|p2a: the spot|atk|2\n|\n|-heal|p2a: the spot|56\/100 tox|[from] ability: Poison Heal\n|-heal|p1a: Gliscor|74\/100 tox|[from] ability: Poison Heal\n|upkeep\n|turn|34\n|-message|ShadowTwo forfeited.\n|\n|win|littensalt\n|raw|ShadowTwo's rating: 1315 &rarr; <strong>1291<\/strong><br \/>(-24 for losing)\n|raw|littensalt's rating: 1236 &rarr; <strong>1267<\/strong><br \/>(+31 for winning)\n|l|\u2606ShadowTwo\n","uploadtime":1699719299,"views":16,"p1id":"shadowtwo","p2id":"littensalt","formatid":"gen9ou","rating":1267,"private":0,"password":""}