{"id":"gen9ou-1991031395","p1":"Alien Apparatus","p2":"NinHR","format":"[Gen 9] OU","log":"|j|\u2606Alien Apparatus\n|j|\u2606NinHR\n|t:|1700031221\n|gametype|singles\n|player|p1|Alien Apparatus|265|1143\n|player|p2|NinHR|266|1114\n|teamsize|p1|6\n|teamsize|p2|6\n|gen|9\n|tier|[Gen 9] OU\n|rated|\n|rule|Sleep Clause Mod: Limit one foe put to sleep\n|rule|Species Clause: Limit one of each Pok\u00e9mon\n|rule|OHKO Clause: OHKO moves are banned\n|rule|Evasion Items Clause: Evasion items are banned\n|rule|Evasion Moves Clause: Evasion moves are banned\n|rule|Endless Battle Clause: Forcing endless battles is banned\n|rule|HP Percentage Mod: HP is shown in percentages\n|clearpoke\n|poke|p1|Samurott-Hisui, M|\n|poke|p1|Gholdengo|\n|poke|p1|Kingambit, F|\n|poke|p1|Great Tusk|\n|poke|p1|Iron Moth|\n|poke|p1|Slowking-Galar, F|\n|poke|p2|Walking Wake|\n|poke|p2|Landorus-Therian, M|\n|poke|p2|Toxapex, F|\n|poke|p2|Torkoal, F|\n|poke|p2|Gholdengo|\n|poke|p2|Dragonite, M|\n|teampreview\n|inactive|Battle timer is ON: inactive players will automatically lose when time's up. (requested by Alien Apparatus)\n|\n|t:|1700031244\n|start\n|switch|p1a: Great Tusk|Great Tusk|100\/100\n|switch|p2a: Torkoal|Torkoal, F|100\/100\n|-weather|SunnyDay|[from] ability: Drought|[of] p2a: Torkoal\n|-activate|p1a: Great Tusk|ability: Protosynthesis\n|-start|p1a: Great Tusk|protosynthesisatk\n|turn|1\n|\n|t:|1700031260\n|move|p1a: Great Tusk|Ice Spinner|p2a: Torkoal\n|-resisted|p2a: Torkoal\n|-damage|p2a: Torkoal|86\/100\n|move|p2a: Torkoal|Yawn|p1a: Great Tusk\n|-start|p1a: Great Tusk|move: Yawn|[of] p2a: Torkoal\n|\n|-weather|SunnyDay|[upkeep]\n|upkeep\n|turn|2\n|\n|t:|1700031270\n|switch|p2a: Walking Wake|Walking Wake|100\/100\n|-activate|p2a: Walking Wake|ability: Protosynthesis\n|-start|p2a: Walking Wake|protosynthesisspa\n|move|p1a: Great Tusk|Earthquake|p2a: Walking Wake\n|-damage|p2a: Walking Wake|18\/100\n|\n|-weather|SunnyDay|[upkeep]\n|-end|p1a: Great Tusk|move: Yawn|[silent]\n|-status|p1a: Great Tusk|slp\n|upkeep\n|turn|3\n|\n|t:|1700031292\n|-end|p1a: Great Tusk|Protosynthesis|[silent]\n|switch|p1a: Slowking|Slowking-Galar, F, shiny|100\/100\n|move|p2a: Walking Wake|Hydro Steam|p1a: Slowking\n|-damage|p1a: Slowking|11\/100\n|\n|-weather|SunnyDay|[upkeep]\n|-heal|p1a: Slowking|18\/100|[from] item: Leftovers\n|upkeep\n|turn|4\n|\n|t:|1700031306\n|move|p2a: Walking Wake|Hydro Steam|p1a: Slowking\n|-damage|p1a: Slowking|0 fnt\n|faint|p1a: Slowking\n|\n|-weather|SunnyDay|[upkeep]\n|upkeep\n|\n|t:|1700031312\n|switch|p1a: Iron Moth|Iron Moth|100\/100\n|turn|5\n|\n|t:|1700031316\n|move|p1a: Iron Moth|Energy Ball|p2a: Walking Wake\n|-damage|p2a: Walking Wake|0 fnt\n|faint|p2a: Walking Wake\n|-end|p2a: Walking Wake|Protosynthesis|[silent]\n|\n|-weather|SunnyDay|[upkeep]\n|upkeep\n|\n|t:|1700031334\n|switch|p2a: Landorus|Landorus-Therian, M|100\/100\n|-ability|p2a: Landorus|Intimidate|boost\n|-unboost|p1a: Iron Moth|atk|1\n|turn|6\n|\n|t:|1700031351\n|-end|p1a: Iron Moth|Quark Drive|[silent]\n|switch|p1a: Great Tusk|Great Tusk|100\/100 slp\n|-activate|p1a: Great Tusk|ability: Protosynthesis\n|-start|p1a: Great Tusk|protosynthesisatk\n|move|p2a: Landorus|Stone Edge|p1a: Great Tusk\n|-resisted|p1a: Great Tusk\n|-damage|p1a: Great Tusk|92\/100 slp\n|\n|-weather|SunnyDay|[upkeep]\n|upkeep\n|turn|7\n|\n|t:|1700031362\n|move|p2a: Landorus|Earthquake|p1a: Great Tusk\n|-damage|p1a: Great Tusk|44\/100 slp\n|cant|p1a: Great Tusk|slp\n|\n|-weather|SunnyDay|[upkeep]\n|upkeep\n|turn|8\n|\n|t:|1700031370\n|move|p2a: Landorus|Earthquake|p1a: Great Tusk\n|-damage|p1a: Great Tusk|0 fnt\n|faint|p1a: Great Tusk\n|-end|p1a: Great Tusk|Protosynthesis|[silent]\n|\n|-weather|none\n|upkeep\n|\n|t:|1700031378\n|switch|p1a: Samurott|Samurott-Hisui, M, shiny|100\/100\n|turn|9\n|\n|t:|1700031383\n|switch|p2a: Gholdengo|Gholdengo|100\/100\n|-item|p2a: Gholdengo|Air Balloon\n|move|p1a: Samurott|Ceaseless Edge|p2a: Gholdengo\n|-supereffective|p2a: Gholdengo\n|-damage|p2a: Gholdengo|0 fnt\n|-enditem|p2a: Gholdengo|Air Balloon\n|-sidestart|p2: NinHR|Spikes\n|faint|p2a: Gholdengo\n|\n|upkeep\n|\n|t:|1700031405\n|switch|p2a: Torkoal|Torkoal, F|86\/100\n|-damage|p2a: Torkoal|74\/100|[from] Spikes\n|-weather|SunnyDay|[from] ability: Drought|[of] p2a: Torkoal\n|turn|10\n|\n|t:|1700031415\n|move|p1a: Samurott|Ceaseless Edge|p2a: Torkoal\n|-damage|p2a: Torkoal|29\/100\n|-sidestart|p2: NinHR|Spikes\n|move|p2a: Torkoal|Will-O-Wisp|p1a: Samurott\n|-status|p1a: Samurott|brn\n|\n|-weather|SunnyDay|[upkeep]\n|-damage|p1a: Samurott|94\/100 brn|[from] brn\n|upkeep\n|turn|11\n|\n|t:|1700031427\n|move|p1a: Samurott|Ceaseless Edge|p2a: Torkoal\n|-damage|p2a: Torkoal|4\/100\n|-sidestart|p2: NinHR|Spikes\n|move|p2a: Torkoal|Earthquake|p1a: Samurott\n|-damage|p1a: Samurott|69\/100 brn\n|\n|-weather|SunnyDay|[upkeep]\n|-damage|p1a: Samurott|63\/100 brn|[from] brn\n|upkeep\n|turn|12\n|\n|t:|1700031438\n|move|p1a: Samurott|Ceaseless Edge|p2a: Torkoal\n|-damage|p2a: Torkoal|0 fnt\n|faint|p2a: Torkoal\n|\n|-weather|SunnyDay|[upkeep]\n|-damage|p1a: Samurott|57\/100 brn|[from] brn\n|upkeep\n|\n|t:|1700031449\n|switch|p2a: Toxapex|Toxapex, F|100\/100\n|-damage|p2a: Toxapex|75\/100|[from] Spikes\n|turn|13\n|\n|t:|1700031461\n|move|p1a: Samurott|Ceaseless Edge|p2a: Toxapex\n|-damage|p2a: Toxapex|54\/100\n|-damage|p1a: Samurott|40\/100 brn|[from] item: Rocky Helmet|[of] p2a: Toxapex\n|move|p2a: Toxapex|Toxic Spikes|p1a: Samurott\n|-sidestart|p1: Alien Apparatus|move: Toxic Spikes\n|\n|-weather|SunnyDay|[upkeep]\n|-damage|p1a: Samurott|34\/100 brn|[from] brn\n|upkeep\n|turn|14\n|\n|t:|1700031473\n|move|p1a: Samurott|Ceaseless Edge|p2a: Toxapex\n|-damage|p2a: Toxapex|30\/100\n|-damage|p1a: Samurott|17\/100 brn|[from] item: Rocky Helmet|[of] p2a: Toxapex\n|move|p2a: Toxapex|Recover|p2a: Toxapex\n|-heal|p2a: Toxapex|80\/100\n|\n|-weather|SunnyDay|[upkeep]\n|-damage|p1a: Samurott|11\/100 brn|[from] brn\n|upkeep\n|turn|15\n|\n|t:|1700031488\n|move|p1a: Samurott|Ceaseless Edge|p2a: Toxapex\n|-damage|p2a: Toxapex|57\/100\n|-damage|p1a: Samurott|0 fnt|[from] item: Rocky Helmet|[of] p2a: Toxapex\n|faint|p1a: Samurott\n|move|p2a: Toxapex|Recover|p2a: Toxapex\n|-heal|p2a: Toxapex|100\/100\n|\n|-weather|SunnyDay|[upkeep]\n|upkeep\n|\n|t:|1700031513\n|switch|p1a: Iron Moth|Iron Moth|100\/100\n|-sideend|p1: Alien Apparatus|move: Toxic Spikes|[of] p1a: Iron Moth\n|turn|16\n|\n|t:|1700031524\n|move|p2a: Toxapex|Baneful Bunker|p2a: Toxapex\n|-singleturn|p2a: Toxapex|move: Protect\n|move|p1a: Iron Moth|Discharge|p2a: Toxapex\n|-activate|p2a: Toxapex|move: Protect\n|\n|-weather|SunnyDay|[upkeep]\n|upkeep\n|turn|17\n|\n|t:|1700031533\n|switch|p2a: Dragonite|Dragonite, M|100\/100\n|move|p1a: Iron Moth|Discharge|p2a: Dragonite\n|-damage|p2a: Dragonite|86\/100\n|\n|-weather|none\n|upkeep\n|turn|18\n|\n|t:|1700031548\n|-end|p1a: Iron Moth|Quark Drive|[silent]\n|switch|p1a: Gholdengo|Gholdengo|100\/100\n|move|p2a: Dragonite|Dragon Dance|p2a: Dragonite\n|-boost|p2a: Dragonite|atk|1\n|-boost|p2a: Dragonite|spe|1\n|\n|upkeep\n|turn|19\n|\n|t:|1700031562\n|move|p1a: Gholdengo|Trick|p2a: Dragonite\n|-activate|p1a: Gholdengo|move: Trick|[of] p2a: Dragonite\n|-item|p2a: Dragonite|Choice Scarf|[from] move: Trick\n|-item|p1a: Gholdengo|Weakness Policy|[from] move: Trick\n|move|p2a: Dragonite|Dragon Claw|p1a: Gholdengo\n|-resisted|p1a: Gholdengo\n|-damage|p1a: Gholdengo|62\/100\n|\n|upkeep\n|turn|20\n|\n|t:|1700031581\n|move|p2a: Dragonite|Dragon Claw|p1a: Gholdengo\n|-resisted|p1a: Gholdengo\n|-damage|p1a: Gholdengo|22\/100\n|move|p1a: Gholdengo|Make It Rain|p2a: Dragonite\n|-damage|p2a: Dragonite|21\/100\n|-unboost|p1a: Gholdengo|spa|1\n|\n|upkeep\n|turn|21\n|\n|t:|1700031591\n|move|p2a: Dragonite|Dragon Claw|p1a: Gholdengo\n|-resisted|p1a: Gholdengo\n|-damage|p1a: Gholdengo|0 fnt\n|faint|p1a: Gholdengo\n|\n|upkeep\n|\n|t:|1700031595\n|switch|p1a: Kingambit|Kingambit, F, shiny|100\/100\n|-activate|p1a: Kingambit|ability: Supreme Overlord\n|-start|p1a: Kingambit|fallen4|[silent]\n|turn|22\n|\n|t:|1700031602\n|move|p1a: Kingambit|Sucker Punch|p2a: Dragonite\n|-damage|p2a: Dragonite|0 fnt\n|faint|p2a: Dragonite\n|\n|upkeep\n|\n|t:|1700031611\n|switch|p2a: Landorus|Landorus-Therian, M|100\/100\n|-ability|p2a: Landorus|Intimidate|boost\n|-unboost|p1a: Kingambit|atk|1\n|turn|23\n|\n|t:|1700031631\n|-terastallize|p1a: Kingambit|Fairy\n|move|p2a: Landorus|Taunt|p1a: Kingambit\n|-start|p1a: Kingambit|move: Taunt\n|move|p1a: Kingambit|Kowtow Cleave|p2a: Landorus\n|-damage|p2a: Landorus|49\/100\n|-damage|p1a: Kingambit|84\/100|[from] item: Rocky Helmet|[of] p2a: Landorus\n|\n|-heal|p1a: Kingambit|90\/100|[from] item: Leftovers\n|upkeep\n|turn|24\n|inactive|Alien Apparatus has 120 seconds left.\n|\n|t:|1700031653\n|move|p2a: Landorus|Earthquake|p1a: Kingambit\n|-damage|p1a: Kingambit|48\/100\n|move|p1a: Kingambit|Kowtow Cleave|p2a: Landorus\n|-damage|p2a: Landorus|0 fnt\n|-damage|p1a: Kingambit|31\/100|[from] item: Rocky Helmet|[of] p2a: Landorus\n|faint|p2a: Landorus\n|\n|-heal|p1a: Kingambit|37\/100|[from] item: Leftovers\n|upkeep\n|\n|t:|1700031664\n|switch|p2a: Toxapex|Toxapex, F|100\/100\n|-damage|p2a: Toxapex|75\/100|[from] Spikes\n|turn|25\n|\n|t:|1700031677\n|move|p1a: Kingambit|Kowtow Cleave|p2a: Toxapex\n|-damage|p2a: Toxapex|43\/100\n|-damage|p1a: Kingambit|21\/100|[from] item: Rocky Helmet|[of] p2a: Toxapex\n|move|p2a: Toxapex|Recover|p2a: Toxapex\n|-heal|p2a: Toxapex|93\/100\n|\n|-heal|p1a: Kingambit|27\/100|[from] item: Leftovers\n|-end|p1a: Kingambit|move: Taunt\n|upkeep\n|turn|26\n|\n|t:|1700031690\n|move|p1a: Kingambit|Kowtow Cleave|p2a: Toxapex\n|-damage|p2a: Toxapex|60\/100\n|-damage|p1a: Kingambit|10\/100|[from] item: Rocky Helmet|[of] p2a: Toxapex\n|move|p2a: Toxapex|Toxic|p1a: Kingambit\n|-status|p1a: Kingambit|tox\n|\n|-heal|p1a: Kingambit|16\/100 tox|[from] item: Leftovers\n|-damage|p1a: Kingambit|10\/100 tox|[from] psn\n|upkeep\n|turn|27\n|\n|t:|1700031702\n|move|p1a: Kingambit|Kowtow Cleave|p2a: Toxapex\n|-damage|p2a: Toxapex|27\/100\n|-damage|p1a: Kingambit|0 fnt|[from] item: Rocky Helmet|[of] p2a: Toxapex\n|faint|p1a: Kingambit\n|-end|p1a: Kingambit|fallen4|[silent]\n|move|p2a: Toxapex|Recover|p2a: Toxapex\n|-heal|p2a: Toxapex|77\/100\n|\n|upkeep\n|c|\u2606Alien Apparatus|bro what is that toxapex set\n|\n|t:|1700031718\n|switch|p1a: Iron Moth|Iron Moth|100\/100\n|turn|28\n|\n|t:|1700031724\n|move|p1a: Iron Moth|Discharge|p2a: Toxapex\n|-supereffective|p2a: Toxapex\n|-damage|p2a: Toxapex|36\/100\n|move|p2a: Toxapex|Toxic|p1a: Iron Moth\n|-immune|p1a: Iron Moth\n|\n|upkeep\n|turn|29\n|\n|t:|1700031735\n|move|p1a: Iron Moth|Fiery Dance|p2a: Toxapex\n|-resisted|p2a: Toxapex\n|-damage|p2a: Toxapex|19\/100\n|move|p2a: Toxapex|Recover|p2a: Toxapex\n|-heal|p2a: Toxapex|69\/100\n|\n|upkeep\n|turn|30\n|\n|t:|1700031744\n|move|p2a: Toxapex|Baneful Bunker|p2a: Toxapex\n|-singleturn|p2a: Toxapex|move: Protect\n|move|p1a: Iron Moth|Fiery Dance|p2a: Toxapex\n|-activate|p2a: Toxapex|move: Protect\n|\n|upkeep\n|turn|31\n|\n|t:|1700031752\n|move|p1a: Iron Moth|Fiery Dance|p2a: Toxapex\n|-resisted|p2a: Toxapex\n|-damage|p2a: Toxapex|52\/100\n|-boost|p1a: Iron Moth|spa|1\n|move|p2a: Toxapex|Recover|p2a: Toxapex\n|-heal|p2a: Toxapex|100\/100\n|\n|upkeep\n|turn|32\n|\n|t:|1700031763\n|move|p1a: Iron Moth|Fiery Dance|p2a: Toxapex\n|-resisted|p2a: Toxapex\n|-crit|p2a: Toxapex\n|-damage|p2a: Toxapex|60\/100\n|-boost|p1a: Iron Moth|spa|1\n|move|p2a: Toxapex|Toxic Spikes|p1a: Iron Moth\n|-sidestart|p1: Alien Apparatus|move: Toxic Spikes\n|\n|upkeep\n|turn|33\n|inactive|NinHR has 120 seconds left.\n|-message|NinHR forfeited.\n|\n|win|Alien Apparatus\n|raw|Alien Apparatus's rating: 1143 &rarr; <strong>1167<\/strong><br \/>(+24 for winning)\n|raw|NinHR's rating: 1134 &rarr; <strong>1110<\/strong><br \/>(-24 for losing)\n|l|\u2606NinHR\n","uploadtime":1700031811,"views":5,"p1id":"alienapparatus","p2id":"ninhr","formatid":"gen9ou","rating":1110,"private":0,"password":""}