{"id":"gen9ou-1988713884","p1":"TrueSkyKing","p2":"Usopp D Gawd","format":"[Gen 9] OU","log":"|j|\u2606TrueSkyKing\n|j|\u2606Usopp D Gawd\n|t:|1699753897\n|gametype|singles\n|player|p1|TrueSkyKing|red|\n|player|p2|Usopp D Gawd|blue|\n|teamsize|p1|6\n|teamsize|p2|6\n|gen|9\n|tier|[Gen 9] OU\n|rule|Sleep Clause Mod: Limit one foe put to sleep\n|rule|Species Clause: Limit one of each Pok\u00e9mon\n|rule|OHKO Clause: OHKO moves are banned\n|rule|Evasion Items Clause: Evasion items are banned\n|rule|Evasion Moves Clause: Evasion moves are banned\n|rule|Endless Battle Clause: Forcing endless battles is banned\n|rule|HP Percentage Mod: HP is shown in percentages\n|clearpoke\n|poke|p1|Ting-Lu|\n|poke|p1|Ribombee, F|\n|poke|p1|Skeledirge, M|\n|poke|p1|Great Tusk|\n|poke|p1|Gengar, F|\n|poke|p1|Quaquaval, M|\n|poke|p2|Clefable, F|\n|poke|p2|Samurott-Hisui, M|\n|poke|p2|Uxie|\n|poke|p2|Great Tusk|\n|poke|p2|Dragapult, M|\n|poke|p2|Cinderace, M|\n|teampreview\n|inactive|Battle timer is ON: inactive players will automatically lose when time's up. (requested by TrueSkyKing)\n|\n|t:|1699753906\n|start\n|switch|p1a: Bee Gees|Ribombee, F|100\/100\n|switch|p2a: The Fur.|Uxie|100\/100\n|turn|1\n|\n|t:|1699753922\n|switch|p1a: Deltarune|Ting-Lu|100\/100\n|-ability|p1a: Deltarune|Vessel of Ruin\n|move|p2a: The Fur.|Yawn|p1a: Deltarune\n|-start|p1a: Deltarune|move: Yawn|[of] p2a: The Fur.\n|\n|upkeep\n|turn|2\n|\n|t:|1699753932\n|move|p2a: The Fur.|Knock Off|p1a: Deltarune\n|-resisted|p1a: Deltarune\n|-damage|p1a: Deltarune|96\/100\n|-enditem|p1a: Deltarune|Leftovers|[from] move: Knock Off|[of] p2a: The Fur.\n|move|p1a: Deltarune|Ruination|p2a: The Fur.\n|-damage|p2a: The Fur.|50\/100\n|\n|-end|p1a: Deltarune|move: Yawn|[silent]\n|-status|p1a: Deltarune|slp\n|upkeep\n|turn|3\n|\n|t:|1699753942\n|move|p2a: The Fur.|Stealth Rock|p1a: Deltarune\n|-sidestart|p1: TrueSkyKing|move: Stealth Rock\n|cant|p1a: Deltarune|slp\n|\n|upkeep\n|turn|4\n|\n|t:|1699753954\n|switch|p2a: Ace Spectrum|Clefable, F|100\/100\n|cant|p1a: Deltarune|slp\n|\n|upkeep\n|turn|5\n|\n|t:|1699753961\n|move|p2a: Ace Spectrum|Calm Mind|p2a: Ace Spectrum\n|-boost|p2a: Ace Spectrum|spa|1\n|-boost|p2a: Ace Spectrum|spd|1\n|-curestatus|p1a: Deltarune|slp|[msg]\n|move|p1a: Deltarune|Whirlwind|p2a: Ace Spectrum\n|drag|p2a: Jay Safari|Dragapult, M|100\/100\n|\n|upkeep\n|turn|6\n|\n|t:|1699753974\n|-terastallize|p2a: Jay Safari|Steel\n|move|p2a: Jay Safari|Surf|p1a: Deltarune\n|-supereffective|p1a: Deltarune\n|-damage|p1a: Deltarune|64\/100\n|move|p1a: Deltarune|Stealth Rock|p2a: Jay Safari\n|-sidestart|p2: Usopp D Gawd|move: Stealth Rock\n|\n|upkeep\n|turn|7\n|\n|t:|1699753983\n|move|p2a: Jay Safari|Surf|p1a: Deltarune\n|-supereffective|p1a: Deltarune\n|-damage|p1a: Deltarune|28\/100\n|move|p1a: Deltarune|Ruination|p2a: Jay Safari\n|-damage|p2a: Jay Safari|51\/100\n|\n|upkeep\n|turn|8\n|\n|t:|1699753997\n|move|p2a: Jay Safari|Surf|p1a: Deltarune\n|-supereffective|p1a: Deltarune\n|-damage|p1a: Deltarune|0 fnt\n|faint|p1a: Deltarune\n|\n|upkeep\n|\n|t:|1699754016\n|switch|p1a: Oakland|Great Tusk|100\/100\n|turn|9\n|\n|t:|1699754021\n|-terastallize|p1a: Oakland|Fighting\n|move|p2a: Jay Safari|Surf|p1a: Oakland\n|-damage|p1a: Oakland|37\/100\n|move|p1a: Oakland|Rapid Spin|p2a: Jay Safari\n|-resisted|p2a: Jay Safari\n|-damage|p2a: Jay Safari|38\/100\n|-boost|p1a: Oakland|spe|1\n|-sideend|p1: TrueSkyKing|Stealth Rock|[from] move: Rapid Spin|[of] p1a: Oakland\n|\n|upkeep\n|turn|10\n|\n|t:|1699754032\n|move|p1a: Oakland|Headlong Rush|p2a: Jay Safari\n|-supereffective|p2a: Jay Safari\n|-damage|p2a: Jay Safari|0 fnt\n|-unboost|p1a: Oakland|def|1\n|-unboost|p1a: Oakland|spd|1\n|faint|p2a: Jay Safari\n|\n|upkeep\n|\n|t:|1699754039\n|switch|p2a: The Fur.|Uxie|50\/100\n|-damage|p2a: The Fur.|38\/100|[from] Stealth Rock\n|turn|11\n|\n|t:|1699754044\n|move|p1a: Oakland|Knock Off|p2a: The Fur.\n|-supereffective|p2a: The Fur.\n|-damage|p2a: The Fur.|0 fnt\n|-damage|p1a: Oakland|21\/100|[from] item: Rocky Helmet|[of] p2a: The Fur.\n|-enditem|p2a: The Fur.|Rocky Helmet|[from] move: Knock Off|[of] p1a: Oakland\n|faint|p2a: The Fur.\n|\n|upkeep\n|\n|t:|1699754052\n|switch|p2a: Shelly|Samurott-Hisui, M|100\/100\n|-damage|p2a: Shelly|88\/100|[from] Stealth Rock\n|turn|12\n|\n|t:|1699754061\n|-end|p1a: Oakland|Protosynthesis|[silent]\n|switch|p1a: Maria Maria|Quaquaval, M|100\/100\n|move|p2a: Shelly|Aqua Jet|p1a: Maria Maria\n|-resisted|p1a: Maria Maria\n|-damage|p1a: Maria Maria|89\/100\n|\n|upkeep\n|turn|13\n|\n|t:|1699754069\n|switch|p2a: Ace Spectrum|Clefable, F|100\/100\n|-damage|p2a: Ace Spectrum|88\/100|[from] Stealth Rock\n|move|p1a: Maria Maria|Brick Break|p2a: Ace Spectrum\n|-resisted|p2a: Ace Spectrum\n|-damage|p2a: Ace Spectrum|67\/100\n|\n|-heal|p2a: Ace Spectrum|73\/100|[from] item: Leftovers\n|upkeep\n|turn|14\n|\n|t:|1699754078\n|move|p1a: Maria Maria|Aqua Step|p2a: Ace Spectrum\n|-damage|p2a: Ace Spectrum|31\/100\n|-boost|p1a: Maria Maria|spe|1\n|move|p2a: Ace Spectrum|Draining Kiss|p1a: Maria Maria\n|-supereffective|p1a: Maria Maria\n|-damage|p1a: Maria Maria|44\/100\n|-heal|p2a: Ace Spectrum|58\/100|[from] drain|[of] p1a: Maria Maria\n|\n|-heal|p2a: Ace Spectrum|64\/100|[from] item: Leftovers\n|upkeep\n|turn|15\n|\n|t:|1699754089\n|switch|p1a: Bee Gees|Ribombee, F|100\/100\n|move|p2a: Ace Spectrum|Draining Kiss|p1a: Bee Gees\n|-damage|p1a: Bee Gees|67\/100\n|-heal|p2a: Ace Spectrum|83\/100|[from] drain|[of] p1a: Bee Gees\n|\n|-heal|p2a: Ace Spectrum|89\/100|[from] item: Leftovers\n|upkeep\n|turn|16\n|\n|t:|1699754104\n|move|p1a: Bee Gees|Skill Swap|p2a: Ace Spectrum\n|-activate|p1a: Bee Gees|move: Skill Swap|Unaware|Sweet Veil|[of] p2a: Ace Spectrum\n|move|p2a: Ace Spectrum|Ice Beam|p1a: Bee Gees\n|-damage|p1a: Bee Gees|24\/100\n|\n|-heal|p2a: Ace Spectrum|95\/100|[from] item: Leftovers\n|upkeep\n|turn|17\n|\n|t:|1699754128\n|switch|p2a: Cochise|Cinderace, M|100\/100\n|move|p1a: Bee Gees|Sticky Web|p2a: Cochise\n|-sidestart|p2: Usopp D Gawd|move: Sticky Web\n|\n|upkeep\n|turn|18\n|\n|t:|1699754151\n|switch|p1a: Monte Carlo|Skeledirge, M|100\/100\n|move|p2a: Cochise|Swords Dance|p2a: Cochise\n|-start|p2a: Cochise|typechange|Normal|[from] ability: Libero\n|-boost|p2a: Cochise|atk|2\n|\n|upkeep\n|turn|19\n|\n|t:|1699754159\n|move|p2a: Cochise|Sucker Punch||[still]\n|-fail|p2a: Cochise\n|move|p1a: Monte Carlo|Will-O-Wisp|p2a: Cochise|[miss]\n|-miss|p1a: Monte Carlo|p2a: Cochise\n|\n|upkeep\n|turn|20\n|\n|t:|1699754168\n|switch|p2a: Shelly|Samurott-Hisui, M|88\/100\n|-damage|p2a: Shelly|76\/100|[from] Stealth Rock\n|-activate|p2a: Shelly|move: Sticky Web\n|-unboost|p2a: Shelly|spe|1\n|move|p1a: Monte Carlo|Torch Song|p2a: Shelly\n|-resisted|p2a: Shelly\n|-damage|p2a: Shelly|62\/100\n|-boost|p1a: Monte Carlo|spa|1\n|\n|upkeep\n|turn|21\n|\n|t:|1699754184\n|move|p1a: Monte Carlo|Protect|p1a: Monte Carlo\n|-singleturn|p1a: Monte Carlo|Protect\n|move|p2a: Shelly|Knock Off|p1a: Monte Carlo\n|-activate|p1a: Monte Carlo|move: Protect\n|\n|upkeep\n|turn|22\n|\n|t:|1699754203\n|move|p2a: Shelly|Knock Off|p1a: Monte Carlo\n|-supereffective|p1a: Monte Carlo\n|-damage|p1a: Monte Carlo|34\/100\n|-enditem|p1a: Monte Carlo|Leftovers|[from] move: Knock Off|[of] p2a: Shelly\n|move|p1a: Monte Carlo|Will-O-Wisp|p2a: Shelly\n|-status|p2a: Shelly|brn\n|\n|-damage|p2a: Shelly|56\/100 brn|[from] brn\n|upkeep\n|turn|23\n|\n|t:|1699754213\n|move|p1a: Monte Carlo|Protect|p1a: Monte Carlo\n|-singleturn|p1a: Monte Carlo|Protect\n|move|p2a: Shelly|Ceaseless Edge|p1a: Monte Carlo\n|-activate|p1a: Monte Carlo|move: Protect\n|\n|-damage|p2a: Shelly|50\/100 brn|[from] brn\n|upkeep\n|turn|24\n|\n|t:|1699754226\n|switch|p1a: Maria Maria|Quaquaval, M|44\/100\n|move|p2a: Shelly|Ceaseless Edge|p1a: Maria Maria\n|-resisted|p1a: Maria Maria\n|-damage|p1a: Maria Maria|30\/100\n|-sidestart|p1: TrueSkyKing|Spikes\n|\n|-damage|p2a: Shelly|43\/100 brn|[from] brn\n|upkeep\n|turn|25\n|\n|t:|1699754246\n|switch|p2a: Ace Spectrum|Clefable, F|95\/100\n|-damage|p2a: Ace Spectrum|83\/100|[from] Stealth Rock\n|-activate|p2a: Ace Spectrum|move: Sticky Web\n|-unboost|p2a: Ace Spectrum|spe|1\n|move|p1a: Maria Maria|Aqua Step|p2a: Ace Spectrum\n|-damage|p2a: Ace Spectrum|44\/100\n|-boost|p1a: Maria Maria|spe|1\n|\n|-heal|p2a: Ace Spectrum|50\/100|[from] item: Leftovers\n|upkeep\n|turn|26\n|\n|t:|1699754260\n|move|p1a: Maria Maria|Aqua Step|p2a: Ace Spectrum\n|-damage|p2a: Ace Spectrum|10\/100\n|-boost|p1a: Maria Maria|spe|1\n|move|p2a: Ace Spectrum|Thunderbolt|p1a: Maria Maria\n|-supereffective|p1a: Maria Maria\n|-damage|p1a: Maria Maria|0 fnt\n|faint|p1a: Maria Maria\n|\n|-heal|p2a: Ace Spectrum|16\/100|[from] item: Leftovers\n|upkeep\n|\n|t:|1699754269\n|switch|p1a: Oakland|Great Tusk, tera:Fighting|21\/100\n|turn|27\n|\n|t:|1699754276\n|move|p1a: Oakland|Rapid Spin|p2a: Ace Spectrum\n|-damage|p2a: Ace Spectrum|0 fnt\n|-boost|p1a: Oakland|spe|1\n|-sideend|p1: TrueSkyKing|Spikes|[from] move: Rapid Spin|[of] p1a: Oakland\n|faint|p2a: Ace Spectrum\n|\n|upkeep\n|\n|t:|1699754283\n|switch|p2a: Shelly|Samurott-Hisui, M|43\/100 brn\n|-damage|p2a: Shelly|31\/100 brn|[from] Stealth Rock\n|-activate|p2a: Shelly|move: Sticky Web\n|-unboost|p2a: Shelly|spe|1\n|turn|28\n|\n|t:|1699754294\n|move|p2a: Shelly|Aqua Jet|p1a: Oakland\n|-damage|p1a: Oakland|14\/100\n|move|p1a: Oakland|Rapid Spin|p2a: Shelly\n|-damage|p2a: Shelly|8\/100 brn\n|-boost|p1a: Oakland|spe|1\n|\n|-damage|p2a: Shelly|1\/100 brn|[from] brn\n|upkeep\n|turn|29\n|\n|t:|1699754303\n|move|p2a: Shelly|Aqua Jet|p1a: Oakland\n|-damage|p1a: Oakland|8\/100\n|move|p1a: Oakland|Rapid Spin|p2a: Shelly\n|-damage|p2a: Shelly|0 fnt\n|-boost|p1a: Oakland|spe|1\n|faint|p2a: Shelly\n|\n|upkeep\n|\n|t:|1699754315\n|switch|p2a: ScrewStache|Great Tusk|100\/100\n|turn|30\n|\n|t:|1699754321\n|move|p1a: Oakland|Ice Spinner|p2a: ScrewStache\n|-supereffective|p2a: ScrewStache\n|-damage|p2a: ScrewStache|58\/100\n|move|p2a: ScrewStache|Rapid Spin|p1a: Oakland\n|-damage|p1a: Oakland|0 fnt\n|-boost|p2a: ScrewStache|spe|1\n|-sideend|p2: Usopp D Gawd|Stealth Rock|[from] move: Rapid Spin|[of] p2a: ScrewStache\n|-sideend|p2: Usopp D Gawd|Sticky Web|[from] move: Rapid Spin|[of] p2a: ScrewStache\n|faint|p1a: Oakland\n|-end|p1a: Oakland|Protosynthesis|[silent]\n|\n|upkeep\n|\n|t:|1699754329\n|switch|p1a: Ricin|Gengar, F|100\/100\n|turn|31\n|inactive|TrueSkyKing has 270 seconds left.\n|\n|t:|1699754370\n|switch|p1a: Monte Carlo|Skeledirge, M|34\/100\n|move|p2a: ScrewStache|Headlong Rush|p1a: Monte Carlo\n|-supereffective|p1a: Monte Carlo\n|-damage|p1a: Monte Carlo|0 fnt\n|-unboost|p2a: ScrewStache|def|1\n|-unboost|p2a: ScrewStache|spd|1\n|faint|p1a: Monte Carlo\n|\n|upkeep\n|inactive|TrueSkyKing has 240 seconds left.\n|\n|t:|1699754405\n|switch|p1a: Bee Gees|Ribombee, F|24\/100\n|turn|32\n|\n|t:|1699754413\n|move|p2a: ScrewStache|Ice Spinner|p1a: Bee Gees\n|-damage|p1a: Bee Gees|0 fnt\n|faint|p1a: Bee Gees\n|\n|upkeep\n|\n|t:|1699754416\n|switch|p1a: Ricin|Gengar, F|100\/100\n|turn|33\n|\n|t:|1699754420\n|move|p2a: ScrewStache|Headlong Rush|p1a: Ricin\n|-supereffective|p1a: Ricin\n|-damage|p1a: Ricin|0 fnt\n|-unboost|p2a: ScrewStache|def|1\n|-unboost|p2a: ScrewStache|spd|1\n|faint|p1a: Ricin\n|\n|win|Usopp D Gawd\n","uploadtime":1699754434,"views":10,"p1id":"trueskyking","p2id":"usoppdgawd","formatid":"gen9ou","rating":0,"private":0,"password":""}