{"id":"gen9ou-1994786732","p1":"Loneverfe","p2":"fazbeared","format":"[Gen 9] OU","log":"|j|\u2606Loneverfe\n|j|\u2606fazbeared\n|t:|1700492680\n|gametype|singles\n|player|p1|Loneverfe|cress|1346\n|player|p2|fazbeared|lass-gen4dp|1385\n|teamsize|p1|6\n|teamsize|p2|6\n|gen|9\n|tier|[Gen 9] OU\n|rated|\n|rule|Sleep Clause Mod: Limit one foe put to sleep\n|rule|Species Clause: Limit one of each Pok\u00e9mon\n|rule|OHKO Clause: OHKO moves are banned\n|rule|Evasion Items Clause: Evasion items are banned\n|rule|Evasion Moves Clause: Evasion moves are banned\n|rule|Endless Battle Clause: Forcing endless battles is banned\n|rule|HP Percentage Mod: HP is shown in percentages\n|clearpoke\n|poke|p1|Alomomola, F|\n|poke|p1|Great Tusk|\n|poke|p1|Heatran, M|\n|poke|p1|Ogerpon-Wellspring, F|\n|poke|p1|Clefable, M|\n|poke|p1|Dragonite, M|\n|poke|p2|Weezing-Galar, M|\n|poke|p2|Rotom-Wash|\n|poke|p2|Dragapult, F|\n|poke|p2|Heatran, F|\n|poke|p2|Meowscarada, F|\n|poke|p2|Garchomp, M|\n|teampreview\n|\n|t:|1700492709\n|start\n|switch|p1a: Heatran|Heatran, M|100\/100\n|switch|p2a: Meowscarada|Meowscarada, F|100\/100\n|turn|1\n|\n|t:|1700492713\n|move|p2a: Meowscarada|U-turn|p1a: Heatran\n|-resisted|p1a: Heatran\n|-damage|p1a: Heatran|96\/100\n|\n|t:|1700492714\n|switch|p2a: Rotom|Rotom-Wash|100\/100|[from] U-turn\n|move|p1a: Heatran|Magma Storm|p2a: Rotom\n|-resisted|p2a: Rotom\n|-damage|p2a: Rotom|83\/100\n|-activate|p2a: Rotom|move: Magma Storm|[of] p1a: Heatran\n|\n|-heal|p2a: Rotom|90\/100|[from] item: Leftovers\n|-heal|p1a: Heatran|100\/100|[from] item: Leftovers\n|-damage|p2a: Rotom|77\/100|[from] move: Magma Storm|[partiallytrapped]\n|upkeep\n|turn|2\n|\n|t:|1700492725\n|switch|p1a: Clefable|Clefable, M|100\/100\n|move|p2a: Rotom|Thunder Wave|p1a: Clefable\n|-status|p1a: Clefable|par\n|\n|-heal|p2a: Rotom|83\/100|[from] item: Leftovers\n|-end|p2a: Rotom|Magma Storm|[partiallytrapped]|[silent]\n|upkeep\n|turn|3\n|\n|t:|1700492728\n|move|p2a: Rotom|Volt Switch|p1a: Clefable\n|-damage|p1a: Clefable|77\/100 par\n|\n|t:|1700492734\n|switch|p2a: Weezing|Weezing-Galar, M|100\/100|[from] Volt Switch\n|-ability|p2a: Weezing|Neutralizing Gas\n|cant|p1a: Clefable|par\n|\n|upkeep\n|turn|4\n|\n|t:|1700492742\n|-end|p2a: Weezing|ability: Neutralizing Gas\n|switch|p2a: Rotom|Rotom-Wash|83\/100\n|switch|p1a: Alomomola|Alomomola, F|100\/100\n|\n|-heal|p2a: Rotom|90\/100|[from] item: Leftovers\n|upkeep\n|turn|5\n|\n|t:|1700492745\n|move|p1a: Alomomola|Protect|p1a: Alomomola\n|-singleturn|p1a: Alomomola|Protect\n|move|p2a: Rotom|Volt Switch|p1a: Alomomola\n|-activate|p1a: Alomomola|move: Protect\n|\n|-heal|p2a: Rotom|96\/100|[from] item: Leftovers\n|upkeep\n|turn|6\n|\n|t:|1700492750\n|switch|p1a: Great Tusk|Great Tusk|100\/100\n|move|p2a: Rotom|Thunder Wave|p1a: Great Tusk\n|-immune|p1a: Great Tusk\n|\n|-heal|p2a: Rotom|100\/100|[from] item: Leftovers\n|upkeep\n|turn|7\n|\n|t:|1700492758\n|move|p1a: Great Tusk|Close Combat|p2a: Rotom\n|-damage|p2a: Rotom|39\/100\n|-unboost|p1a: Great Tusk|def|1\n|-unboost|p1a: Great Tusk|spd|1\n|move|p2a: Rotom|Thunder Wave|p1a: Great Tusk\n|-immune|p1a: Great Tusk\n|\n|-heal|p2a: Rotom|45\/100|[from] item: Leftovers\n|upkeep\n|turn|8\n|\n|t:|1700492767\n|switch|p2a: Dragapult|Dragapult, F|100\/100\n|move|p1a: Great Tusk|Knock Off|p2a: Dragapult\n|-supereffective|p2a: Dragapult\n|-damage|p2a: Dragapult|6\/100\n|-enditem|p2a: Dragapult|Choice Specs|[from] move: Knock Off|[of] p1a: Great Tusk\n|\n|upkeep\n|turn|9\n|\n|t:|1700492773\n|-end|p1a: Great Tusk|Protosynthesis|[silent]\n|switch|p1a: Clefable|Clefable, M|77\/100 par\n|move|p2a: Dragapult|Shadow Ball|p1a: Clefable\n|-damage|p1a: Clefable|44\/100 par\n|\n|upkeep\n|turn|10\n|\n|t:|1700492777\n|move|p2a: Dragapult|Hex|p1a: Clefable\n|-damage|p1a: Clefable|0 fnt\n|faint|p1a: Clefable\n|\n|upkeep\n|\n|t:|1700492782\n|switch|p1a: Heatran|Heatran, M|100\/100\n|turn|11\n|\n|t:|1700492786\n|switch|p2a: Rotom|Rotom-Wash|45\/100\n|move|p1a: Heatran|Earth Power|p2a: Rotom\n|-immune|p2a: Rotom|[from] ability: Levitate\n|\n|-heal|p2a: Rotom|51\/100|[from] item: Leftovers\n|upkeep\n|turn|12\n|\n|t:|1700492790\n|move|p2a: Rotom|Thunder Wave|p1a: Heatran\n|-status|p1a: Heatran|par\n|move|p1a: Heatran|Taunt|p2a: Rotom\n|-start|p2a: Rotom|move: Taunt\n|\n|-heal|p2a: Rotom|58\/100|[from] item: Leftovers\n|upkeep\n|turn|13\n|\n|t:|1700492793\n|move|p2a: Rotom|Hydro Pump|p1a: Heatran\n|-supereffective|p1a: Heatran\n|-damage|p1a: Heatran|49\/100 par\n|move|p1a: Heatran|Stealth Rock|p2a: Rotom\n|-sidestart|p2: fazbeared|move: Stealth Rock\n|\n|-heal|p2a: Rotom|64\/100|[from] item: Leftovers\n|-heal|p1a: Heatran|55\/100 par|[from] item: Leftovers\n|upkeep\n|turn|14\n|\n|t:|1700492797\n|move|p2a: Rotom|Volt Switch|p1a: Heatran\n|-damage|p1a: Heatran|38\/100 par\n|\n|t:|1700492800\n|switch|p2a: Heatran|Heatran, F, shiny|100\/100|[from] Volt Switch\n|-damage|p2a: Heatran|88\/100|[from] Stealth Rock\n|move|p1a: Heatran|Magma Storm|p2a: Heatran\n|-start|p2a: Heatran|ability: Flash Fire\n|\n|-heal|p2a: Heatran|94\/100|[from] item: Leftovers\n|-heal|p1a: Heatran|44\/100 par|[from] item: Leftovers\n|upkeep\n|turn|15\n|\n|t:|1700492804\n|move|p2a: Heatran|Earth Power|p1a: Heatran\n|-supereffective|p1a: Heatran\n|-damage|p1a: Heatran|0 fnt\n|faint|p1a: Heatran\n|\n|-heal|p2a: Heatran|100\/100|[from] item: Leftovers\n|upkeep\n|\n|t:|1700492806\n|switch|p1a: Ogerpon|Ogerpon-Wellspring, F|100\/100\n|turn|16\n|\n|t:|1700492813\n|move|p1a: Ogerpon|Swords Dance|p1a: Ogerpon\n|-boost|p1a: Ogerpon|atk|2\n|move|p2a: Heatran|Magma Storm|p1a: Ogerpon|[miss]\n|-miss|p2a: Heatran|p1a: Ogerpon\n|\n|upkeep\n|turn|17\n|\n|t:|1700492817\n|move|p1a: Ogerpon|Trailblaze|p2a: Heatran\n|-resisted|p2a: Heatran\n|-damage|p2a: Heatran|85\/100\n|-boost|p1a: Ogerpon|spe|1\n|move|p2a: Heatran|Magma Storm|p1a: Ogerpon|[miss]\n|-miss|p2a: Heatran|p1a: Ogerpon\n|\n|-heal|p2a: Heatran|91\/100|[from] item: Leftovers\n|upkeep\n|turn|18\n|c|\u2606fazbeared|oops\n|\n|t:|1700492834\n|move|p1a: Ogerpon|Trailblaze|p2a: Heatran\n|-resisted|p2a: Heatran\n|-damage|p2a: Heatran|75\/100\n|-boost|p1a: Ogerpon|spe|1\n|move|p2a: Heatran|Magma Storm|p1a: Ogerpon|[miss]\n|-miss|p2a: Heatran|p1a: Ogerpon\n|\n|-heal|p2a: Heatran|82\/100|[from] item: Leftovers\n|upkeep\n|turn|19\n|c|\u2606fazbeared|DUDE??\n|\n|t:|1700492850\n|move|p1a: Ogerpon|Ivy Cudgel|p2a: Heatran|[anim] Ivy Cudgel Water\n|-supereffective|p2a: Heatran\n|-crit|p2a: Heatran\n|-damage|p2a: Heatran|0 fnt\n|faint|p2a: Heatran\n|\n|upkeep\n|\n|t:|1700492853\n|switch|p2a: Garchomp|Garchomp, M|100\/100\n|-damage|p2a: Garchomp|94\/100|[from] Stealth Rock\n|turn|20\n|\n|t:|1700492855\n|-terastallize|p2a: Garchomp|Water\n|move|p1a: Ogerpon|Ivy Cudgel|p2a: Garchomp|[anim] Ivy Cudgel Water\n|-resisted|p2a: Garchomp\n|-damage|p2a: Garchomp|32\/100\n|move|p2a: Garchomp|Scale Shot|p1a: Ogerpon\n|-damage|p1a: Ogerpon|83\/100\n|-damage|p1a: Ogerpon|64\/100\n|-damage|p1a: Ogerpon|48\/100\n|-damage|p1a: Ogerpon|32\/100\n|-damage|p1a: Ogerpon|14\/100\n|-hitcount|p1a: Ogerpon|5\n|-unboost|p2a: Garchomp|def|1\n|-boost|p2a: Garchomp|spe|1\n|\n|upkeep\n|turn|21\n|\n|t:|1700492860\n|move|p1a: Ogerpon|Trailblaze|p2a: Garchomp\n|-supereffective|p2a: Garchomp\n|-damage|p2a: Garchomp|0 fnt\n|-boost|p1a: Ogerpon|spe|1\n|-damage|p1a: Ogerpon|2\/100|[from] ability: Rough Skin|[of] p2a: Garchomp\n|faint|p2a: Garchomp\n|\n|upkeep\n|\n|t:|1700492862\n|switch|p2a: Weezing|Weezing-Galar, M|100\/100\n|-ability|p2a: Weezing|Neutralizing Gas\n|-damage|p2a: Weezing|88\/100|[from] Stealth Rock\n|turn|22\n|\n|t:|1700492865\n|move|p1a: Ogerpon|Ivy Cudgel|p2a: Weezing|[anim] Ivy Cudgel Water\n|-damage|p2a: Weezing|13\/100\n|move|p2a: Weezing|Sludge Bomb|p1a: Ogerpon\n|-supereffective|p1a: Ogerpon\n|-damage|p1a: Ogerpon|0 fnt\n|faint|p1a: Ogerpon\n|\n|upkeep\n|\n|t:|1700492871\n|switch|p1a: Great Tusk|Great Tusk|100\/100\n|turn|23\n|\n|t:|1700492875\n|move|p1a: Great Tusk|Rapid Spin|p2a: Weezing\n|-damage|p2a: Weezing|2\/100\n|-boost|p1a: Great Tusk|spe|1\n|-damage|p1a: Great Tusk|84\/100|[from] item: Rocky Helmet|[of] p2a: Weezing\n|move|p2a: Weezing|Pain Split|p1a: Great Tusk\n|-sethp|p1a: Great Tusk|43\/100|[from] move: Pain Split|[silent]\n|-sethp|p2a: Weezing|48\/100|[from] move: Pain Split\n|\n|upkeep\n|turn|24\n|\n|t:|1700492884\n|move|p1a: Great Tusk|Headlong Rush|p2a: Weezing\n|-supereffective|p2a: Weezing\n|-damage|p2a: Weezing|0 fnt\n|-unboost|p1a: Great Tusk|def|1\n|-unboost|p1a: Great Tusk|spd|1\n|-damage|p1a: Great Tusk|26\/100|[from] item: Rocky Helmet|[of] p2a: Weezing\n|faint|p2a: Weezing\n|-end|p2a: Weezing|ability: Neutralizing Gas\n|\n|upkeep\n|\n|t:|1700492887\n|switch|p2a: Meowscarada|Meowscarada, F|100\/100\n|turn|25\n|\n|t:|1700492901\n|move|p1a: Great Tusk|Close Combat|p2a: Meowscarada\n|-supereffective|p2a: Meowscarada\n|-damage|p2a: Meowscarada|0 fnt\n|-unboost|p1a: Great Tusk|def|1\n|-unboost|p1a: Great Tusk|spd|1\n|faint|p2a: Meowscarada\n|\n|upkeep\n|\n|t:|1700492904\n|switch|p2a: Rotom|Rotom-Wash|64\/100\n|-damage|p2a: Rotom|51\/100|[from] Stealth Rock\n|turn|26\n|\n|t:|1700492909\n|move|p2a: Rotom|Protect|p2a: Rotom\n|-singleturn|p2a: Rotom|Protect\n|move|p1a: Great Tusk|Close Combat|p2a: Rotom\n|-activate|p2a: Rotom|move: Protect\n|\n|-heal|p2a: Rotom|58\/100|[from] item: Leftovers\n|upkeep\n|turn|27\n|\n|t:|1700492913\n|move|p1a: Great Tusk|Close Combat|p2a: Rotom\n|-damage|p2a: Rotom|0 fnt\n|-unboost|p1a: Great Tusk|def|1\n|-unboost|p1a: Great Tusk|spd|1\n|faint|p2a: Rotom\n|\n|upkeep\n|\n|t:|1700492915\n|switch|p2a: Dragapult|Dragapult, F|6\/100\n|-damage|p2a: Dragapult|0 fnt|[from] Stealth Rock\n|faint|p2a: Dragapult\n|\n|win|Loneverfe\n|raw|Loneverfe's rating: 1346 &rarr; <strong>1368<\/strong><br \/>(+22 for winning)\n|raw|fazbeared's rating: 1385 &rarr; <strong>1363<\/strong><br \/>(-22 for losing)\n|l|\u2606Loneverfe\n","uploadtime":1700493070,"views":4,"p1id":"loneverfe","p2id":"fazbeared","formatid":"gen9ou","rating":1363,"private":0,"password":""}