{"id":"gen9ou-1988465399","p1":"FigurativeIQ","p2":"SianShouldShutUp","format":"[Gen 9] OU","log":"|j|\u2606FigurativeIQ\n|j|\u2606SianShouldShutUp\n|t:|1699725848\n|gametype|singles\n|player|p1|FigurativeIQ|ballguy|\n|player|p2|SianShouldShutUp|lady|\n|teamsize|p1|6\n|teamsize|p2|6\n|gen|9\n|tier|[Gen 9] OU\n|rule|Sleep Clause Mod: Limit one foe put to sleep\n|rule|Species Clause: Limit one of each Pok\u00e9mon\n|rule|OHKO Clause: OHKO moves are banned\n|rule|Evasion Items Clause: Evasion items are banned\n|rule|Evasion Moves Clause: Evasion moves are banned\n|rule|Endless Battle Clause: Forcing endless battles is banned\n|rule|HP Percentage Mod: HP is shown in percentages\n|clearpoke\n|poke|p1|Klefki, M|\n|poke|p1|Clodsire, F|\n|poke|p1|Brute Bonnet|\n|poke|p1|Quaquaval, M|\n|poke|p1|Quagsire, M|\n|poke|p1|Dudunsparce-*, F|\n|poke|p2|Azumarill, F|\n|poke|p2|Scream Tail|\n|poke|p2|Typhlosion-Hisui, F|\n|poke|p2|Appletun, F|\n|poke|p2|Altaria, F|\n|poke|p2|Mismagius, M|\n|teampreview\n|j| Karpsy\n|j| thesunthesunthesun\n|j| Col Spiffington\n|j| kronk104\n|j| ArchBaka\n|\n|t:|1699725870\n|start\n|switch|p1a: brain?|Quagsire, M|100\/100\n|switch|p2a: Azumarill|Azumarill, F|100\/100\n|turn|1\n|\n|t:|1699725911\n|move|p2a: Azumarill|Aqua Jet|p1a: brain?\n|-immune|p1a: brain?|[from] ability: Water Absorb\n|move|p1a: brain?|Toxic Spikes|p2a: Azumarill\n|-sidestart|p2: SianShouldShutUp|move: Toxic Spikes\n|\n|upkeep\n|turn|2\n|\n|t:|1699725920\n|move|p2a: Azumarill|Play Rough|p1a: brain?|[miss]\n|-miss|p2a: Azumarill|p1a: brain?\n|move|p1a: brain?|Toxic Spikes|p2a: Azumarill\n|-sidestart|p2: SianShouldShutUp|move: Toxic Spikes\n|\n|upkeep\n|turn|3\n|\n|t:|1699725929\n|move|p2a: Azumarill|Knock Off|p1a: brain?\n|-damage|p1a: brain?|70\/100\n|-enditem|p1a: brain?|Leftovers|[from] move: Knock Off|[of] p2a: Azumarill\n|move|p1a: brain?|Curse|p1a: brain?\n|-unboost|p1a: brain?|spe|1\n|-boost|p1a: brain?|atk|1\n|-boost|p1a: brain?|def|1\n|\n|upkeep\n|turn|4\n|\n|t:|1699725946\n|switch|p1a: Keys Yourself|Klefki, M|100\/100\n|move|p2a: Azumarill|Belly Drum|p2a: Azumarill\n|-damage|p2a: Azumarill|50\/100\n|-setboost|p2a: Azumarill|atk|6|[from] move: Belly Drum\n|-enditem|p2a: Azumarill|Sitrus Berry|[eat]\n|-heal|p2a: Azumarill|75\/100|[from] item: Sitrus Berry\n|\n|upkeep\n|turn|5\n|\n|t:|1699725972\n|move|p2a: Azumarill|Aqua Jet|p1a: Keys Yourself\n|-damage|p1a: Keys Yourself|17\/100\n|move|p1a: Keys Yourself|Thunder Wave|p2a: Azumarill\n|-status|p2a: Azumarill|par\n|\n|upkeep\n|turn|6\n|\n|t:|1699725982\n|switch|p1a: brain?|Quagsire, M|70\/100\n|move|p2a: Azumarill|Aqua Jet|p1a: brain?\n|-heal|p1a: brain?|94\/100|[from] ability: Water Absorb|[of] p2a: Azumarill\n|\n|upkeep\n|turn|7\n|\n|t:|1699726004\n|switch|p2a: Appletun|Appletun, F|100\/100\n|move|p1a: brain?|Curse|p1a: brain?\n|-unboost|p1a: brain?|spe|1\n|-boost|p1a: brain?|atk|1\n|-boost|p1a: brain?|def|1\n|\n|upkeep\n|turn|8\n|\n|t:|1699726021\n|switch|p1a: Ancient Sus|Brute Bonnet|100\/100\n|-enditem|p1a: Ancient Sus|Booster Energy\n|-activate|p1a: Ancient Sus|ability: Protosynthesis|[fromitem]\n|-start|p1a: Ancient Sus|protosynthesisatk\n|move|p2a: Appletun|Leech Seed|p1a: Ancient Sus\n|-immune|p1a: Ancient Sus\n|\n|upkeep\n|turn|9\n|\n|t:|1699726044\n|move|p1a: Ancient Sus|Outrage|p2a: Appletun\n|-supereffective|p2a: Appletun\n|-damage|p2a: Appletun|0 fnt\n|faint|p2a: Appletun\n|\n|upkeep\n|\n|t:|1699726057\n|switch|p2a: Typhlosion|Typhlosion-Hisui, F|100\/100\n|turn|10\n|\n|t:|1699726068\n|move|p2a: Typhlosion|Will-O-Wisp|p1a: Ancient Sus\n|-status|p1a: Ancient Sus|brn\n|move|p1a: Ancient Sus|Outrage|p2a: Typhlosion|[from]lockedmove\n|-damage|p2a: Typhlosion|58\/100\n|\n|-damage|p1a: Ancient Sus|94\/100 brn|[from] brn\n|upkeep\n|turn|11\n|\n|t:|1699726076\n|move|p2a: Typhlosion|Fire Blast|p1a: Ancient Sus\n|-supereffective|p1a: Ancient Sus\n|-damage|p1a: Ancient Sus|2\/100 brn\n|move|p1a: Ancient Sus|Outrage|p2a: Typhlosion|[from]lockedmove\n|-damage|p2a: Typhlosion|19\/100\n|-start|p1a: Ancient Sus|confusion|[fatigue]\n|\n|-damage|p1a: Ancient Sus|0 fnt|[from] brn\n|faint|p1a: Ancient Sus\n|-end|p1a: Ancient Sus|Protosynthesis|[silent]\n|upkeep\n|\n|t:|1699726124\n|switch|p1a: brain?|Quagsire, M|94\/100\n|turn|12\n|\n|t:|1699726158\n|switch|p2a: Altaria|Altaria, F|100\/100\n|move|p1a: brain?|Curse|p1a: brain?\n|-unboost|p1a: brain?|spe|1\n|-boost|p1a: brain?|atk|1\n|-boost|p1a: brain?|def|1\n|\n|upkeep\n|turn|13\n|\n|t:|1699726176\n|move|p2a: Altaria|Defog|p1a: brain?\n|-unboost|p1a: brain?|evasion|1\n|-sideend|p2: SianShouldShutUp|Toxic Spikes|[from] move: Defog|[of] p2a: Altaria\n|move|p1a: brain?|Ice Punch|p2a: Altaria\n|-supereffective|p2a: Altaria\n|-damage|p2a: Altaria|32\/100\n|\n|upkeep\n|turn|14\n|\n|t:|1699726184\n|move|p2a: Altaria|Brave Bird|p1a: brain?\n|-damage|p1a: brain?|80\/100\n|-damage|p2a: Altaria|26\/100|[from] Recoil\n|move|p1a: brain?|Ice Punch|p2a: Altaria\n|-supereffective|p2a: Altaria\n|-damage|p2a: Altaria|0 fnt\n|faint|p2a: Altaria\n|\n|upkeep\n|\n|t:|1699726198\n|switch|p2a: Mismagius|Mismagius, M|100\/100\n|turn|15\n|\n|t:|1699726210\n|move|p2a: Mismagius|Shadow Ball|p1a: brain?\n|-damage|p1a: brain?|33\/100\n|move|p1a: brain?|Toxic Spikes|p2a: Mismagius\n|-sidestart|p2: SianShouldShutUp|move: Toxic Spikes\n|\n|upkeep\n|turn|16\n|\n|t:|1699726220\n|switch|p1a: The Lord|Dudunsparce-Three-Segment, F|100\/100\n|move|p2a: Mismagius|Shadow Ball|p1a: The Lord\n|-immune|p1a: The Lord\n|\n|upkeep\n|turn|17\n|\n|t:|1699726235\n|switch|p2a: Scream Tail|Scream Tail|100\/100\n|-status|p2a: Scream Tail|psn\n|move|p1a: The Lord|Agility|p1a: The Lord\n|-boost|p1a: The Lord|spe|2\n|\n|-damage|p2a: Scream Tail|88\/100 psn|[from] psn\n|upkeep\n|turn|18\n|\n|t:|1699726317\n|move|p2a: Scream Tail|Dazzling Gleam|p1a: The Lord\n|-damage|p1a: The Lord|85\/100\n|move|p1a: The Lord|Boomburst|p2a: Scream Tail\n|-damage|p2a: Scream Tail|47\/100 psn\n|-enditem|p1a: The Lord|Throat Spray\n|-boost|p1a: The Lord|spa|1|[from] item: Throat Spray\n|\n|-heal|p2a: Scream Tail|53\/100 psn|[from] item: Leftovers\n|-damage|p2a: Scream Tail|40\/100 psn|[from] psn\n|upkeep\n|turn|19\n|\n|t:|1699726339\n|move|p2a: Scream Tail|Wish|p2a: Scream Tail\n|move|p1a: The Lord|Boomburst|p2a: Scream Tail\n|-damage|p2a: Scream Tail|0 fnt\n|faint|p2a: Scream Tail\n|-end|p2a: Scream Tail|Protosynthesis|[silent]\n|\n|upkeep\n|\n|t:|1699726355\n|switch|p2a: Typhlosion|Typhlosion-Hisui, F|19\/100\n|turn|20\n|\n|t:|1699726364\n|move|p2a: Typhlosion|Shadow Ball|p1a: The Lord\n|-immune|p1a: The Lord\n|move|p1a: The Lord|Shadow Ball|p2a: Typhlosion\n|-supereffective|p2a: Typhlosion\n|-damage|p2a: Typhlosion|0 fnt\n|faint|p2a: Typhlosion\n|\n|upkeep\n|\n|t:|1699726378\n|switch|p2a: Azumarill|Azumarill, F|75\/100 par\n|turn|21\n|\n|t:|1699726395\n|move|p1a: The Lord|Boomburst|p2a: Azumarill\n|-damage|p2a: Azumarill|0 fnt\n|faint|p2a: Azumarill\n|\n|upkeep\n|\n|t:|1699726400\n|switch|p2a: Mismagius|Mismagius, M|100\/100\n|turn|22\n|\n|t:|1699726407\n|move|p2a: Mismagius|Dazzling Gleam|p1a: The Lord\n|-damage|p1a: The Lord|64\/100\n|move|p1a: The Lord|Shadow Ball|p2a: Mismagius\n|-supereffective|p2a: Mismagius\n|-damage|p2a: Mismagius|21\/100\n|-unboost|p2a: Mismagius|spd|1\n|\n|upkeep\n|turn|23\n|\n|t:|1699726418\n|-terastallize|p2a: Mismagius|Fairy\n|move|p2a: Mismagius|Dazzling Gleam|p1a: The Lord\n|-damage|p1a: The Lord|31\/100\n|move|p1a: The Lord|Shadow Ball|p2a: Mismagius\n|-damage|p2a: Mismagius|0 fnt\n|faint|p2a: Mismagius\n|\n|win|FigurativeIQ\n|l| Col Spiffington\n","uploadtime":1699726467,"views":27,"p1id":"figurativeiq","p2id":"sianshouldshutup","formatid":"gen9ou","rating":0,"private":0,"password":""}