{"id":"gen9ou-1995359408","p1":"liaoya","p2":"coolaidt","format":"[Gen 9] OU","log":"|j|\u2606liaoya\n|j|\u2606coolaidt\n|t:|1700559595\n|gametype|singles\n|player|p1|liaoya|petrel|1548\n|player|p2|coolaidt|169|1480\n|teamsize|p1|6\n|teamsize|p2|6\n|gen|9\n|tier|[Gen 9] OU\n|rated|\n|rule|Sleep Clause Mod: Limit one foe put to sleep\n|rule|Species Clause: Limit one of each Pok\u00e9mon\n|rule|OHKO Clause: OHKO moves are banned\n|rule|Evasion Items Clause: Evasion items are banned\n|rule|Evasion Moves Clause: Evasion moves are banned\n|rule|Endless Battle Clause: Forcing endless battles is banned\n|rule|HP Percentage Mod: HP is shown in percentages\n|clearpoke\n|poke|p1|Drifblim, M|\n|poke|p1|Garganacl, M|\n|poke|p1|Umbreon, F|\n|poke|p1|Rotom-Wash|\n|poke|p1|Glimmora, F|\n|poke|p1|Espeon, F|\n|poke|p2|Gholdengo|\n|poke|p2|Garganacl, M|\n|poke|p2|Landorus-Therian, M|\n|poke|p2|Hatterene, F|\n|poke|p2|Cinderace, M|\n|poke|p2|Ogerpon-Cornerstone, F|\n|teampreview\n|inactive|Battle timer is ON: inactive players will automatically lose when time's up. (requested by liaoya)\n|\n|t:|1700559615\n|start\n|switch|p1a: Rotom|Rotom-Wash|100\/100\n|switch|p2a: Gholdengo|Gholdengo|100\/100\n|turn|1\n|\n|t:|1700559629\n|move|p1a: Rotom|Hydro Pump|p2a: Gholdengo|[miss]\n|-miss|p1a: Rotom|p2a: Gholdengo\n|move|p2a: Gholdengo|Nasty Plot|p2a: Gholdengo\n|-boost|p2a: Gholdengo|spa|2\n|\n|upkeep\n|turn|2\n|\n|t:|1700559633\n|move|p1a: Rotom|Hydro Pump|p2a: Gholdengo|[miss]\n|-miss|p1a: Rotom|p2a: Gholdengo\n|move|p2a: Gholdengo|Shadow Ball|p1a: Rotom\n|-damage|p1a: Rotom|22\/100\n|\n|upkeep\n|turn|3\n|\n|t:|1700559647\n|move|p1a: Rotom|Hydro Pump|p2a: Gholdengo\n|-damage|p2a: Gholdengo|49\/100\n|move|p2a: Gholdengo|Shadow Ball|p1a: Rotom\n|-damage|p1a: Rotom|0 fnt\n|faint|p1a: Rotom\n|\n|-heal|p2a: Gholdengo|56\/100|[from] item: Leftovers\n|upkeep\n|\n|t:|1700559655\n|switch|p1a: Garganacl|Garganacl, M, shiny|100\/100\n|turn|4\n|\n|t:|1700559663\n|-terastallize|p1a: Garganacl|Ghost\n|move|p2a: Gholdengo|Recover|p2a: Gholdengo\n|-heal|p2a: Gholdengo|100\/100\n|move|p1a: Garganacl|Salt Cure|p2a: Gholdengo\n|-resisted|p2a: Gholdengo\n|-damage|p2a: Gholdengo|95\/100\n|-start|p2a: Gholdengo|Salt Cure\n|\n|-heal|p2a: Gholdengo|100\/100|[from] item: Leftovers\n|-damage|p2a: Gholdengo|76\/100|[from] Salt Cure\n|upkeep\n|turn|5\n|\n|t:|1700559680\n|move|p2a: Gholdengo|Nasty Plot|p2a: Gholdengo\n|-boost|p2a: Gholdengo|spa|2\n|move|p1a: Garganacl|Recover||[still]\n|-fail|p1a: Garganacl|heal\n|\n|-heal|p2a: Gholdengo|82\/100|[from] item: Leftovers\n|-damage|p2a: Gholdengo|57\/100|[from] Salt Cure\n|upkeep\n|turn|6\n|\n|t:|1700559697\n|switch|p1a: Drifblim|Drifblim, M|100\/100\n|move|p2a: Gholdengo|Recover|p2a: Gholdengo\n|-heal|p2a: Gholdengo|100\/100\n|\n|-damage|p2a: Gholdengo|76\/100|[from] Salt Cure\n|upkeep\n|turn|7\n|inactive|coolaidt has 120 seconds left.\n|\n|t:|1700559734\n|-terastallize|p2a: Gholdengo|Flying\n|move|p1a: Drifblim|Destiny Bond|p1a: Drifblim\n|-singlemove|p1a: Drifblim|Destiny Bond\n|move|p2a: Gholdengo|Shadow Ball|p1a: Drifblim\n|-supereffective|p1a: Drifblim\n|-damage|p1a: Drifblim|0 fnt\n|faint|p1a: Drifblim\n|-activate|p1a: Drifblim|move: Destiny Bond\n|faint|p2a: Gholdengo\n|\n|upkeep\n|\n|t:|1700559750\n|switch|p1a: Espeon|Espeon, F|100\/100\n|switch|p2a: Landorus|Landorus-Therian, M|100\/100\n|-ability|p2a: Landorus|Intimidate|boost\n|-unboost|p1a: Espeon|atk|1\n|turn|8\n|\n|t:|1700559756\n|switch|p1a: Umbreon|Umbreon, F, shiny|100\/100\n|switch|p2a: Hatterene|Hatterene, F|100\/100\n|\n|upkeep\n|turn|9\n|\n|t:|1700559762\n|switch|p1a: Espeon|Espeon, F|100\/100\n|move|p2a: Hatterene|Dazzling Gleam|p1a: Espeon\n|-damage|p1a: Espeon|36\/100\n|\n|upkeep\n|turn|10\n|inactive|coolaidt has 120 seconds left.\n|\n|t:|1700559768\n|move|p1a: Espeon|Trick|p2a: Hatterene\n|-activate|p1a: Espeon|move: Trick|[of] p2a: Hatterene\n|-item|p2a: Hatterene|Choice Scarf|[from] move: Trick\n|-item|p1a: Espeon|Choice Specs|[from] move: Trick\n|move|p2a: Hatterene|Dazzling Gleam|p1a: Espeon\n|-damage|p1a: Espeon|0 fnt\n|faint|p1a: Espeon\n|\n|upkeep\n|\n|t:|1700559776\n|switch|p1a: Garganacl|Garganacl, M, shiny, tera:Ghost|100\/100\n|turn|11\n|\n|t:|1700559783\n|switch|p2a: Garganacl|Garganacl, M|100\/100\n|move|p1a: Garganacl|Iron Defense|p1a: Garganacl\n|-boost|p1a: Garganacl|def|2\n|\n|upkeep\n|turn|12\n|\n|t:|1700559795\n|move|p1a: Garganacl|Salt Cure|p2a: Garganacl\n|-damage|p2a: Garganacl|92\/100\n|-start|p2a: Garganacl|Salt Cure\n|move|p2a: Garganacl|Salt Cure|p1a: Garganacl\n|-damage|p1a: Garganacl|96\/100\n|-start|p1a: Garganacl|Salt Cure\n|\n|-heal|p1a: Garganacl|100\/100|[from] item: Leftovers\n|-heal|p2a: Garganacl|99\/100|[from] item: Leftovers\n|-damage|p2a: Garganacl|86\/100|[from] Salt Cure\n|-damage|p1a: Garganacl|88\/100|[from] Salt Cure\n|upkeep\n|turn|13\n|\n|t:|1700559803\n|switch|p2a: Hatterene|Hatterene, F|100\/100\n|move|p1a: Garganacl|Iron Defense|p1a: Garganacl\n|-boost|p1a: Garganacl|def|2\n|\n|-heal|p1a: Garganacl|94\/100|[from] item: Leftovers\n|-damage|p1a: Garganacl|82\/100|[from] Salt Cure\n|upkeep\n|turn|14\n|\n|t:|1700559810\n|move|p2a: Hatterene|Psychic|p1a: Garganacl\n|-damage|p1a: Garganacl|51\/100\n|move|p1a: Garganacl|Salt Cure|p2a: Hatterene\n|-damage|p2a: Hatterene|87\/100\n|-start|p2a: Hatterene|Salt Cure\n|\n|-heal|p1a: Garganacl|57\/100|[from] item: Leftovers\n|-damage|p2a: Hatterene|75\/100|[from] Salt Cure\n|-damage|p1a: Garganacl|45\/100|[from] Salt Cure\n|upkeep\n|turn|15\n|\n|t:|1700559832\n|switch|p2a: Landorus|Landorus-Therian, M|100\/100\n|-ability|p2a: Landorus|Intimidate|boost\n|-unboost|p1a: Garganacl|atk|1\n|move|p1a: Garganacl|Recover|p1a: Garganacl\n|-heal|p1a: Garganacl|95\/100\n|\n|-heal|p1a: Garganacl|100\/100|[from] item: Leftovers\n|-damage|p1a: Garganacl|88\/100|[from] Salt Cure\n|upkeep\n|turn|16\n|\n|t:|1700559846\n|switch|p1a: Umbreon|Umbreon, F, shiny|100\/100\n|move|p2a: Landorus|Substitute|p2a: Landorus\n|-start|p2a: Landorus|Substitute\n|-damage|p2a: Landorus|76\/100\n|\n|-heal|p2a: Landorus|82\/100|[from] item: Leftovers\n|upkeep\n|turn|17\n|\n|t:|1700559856\n|move|p2a: Landorus|Earthquake|p1a: Umbreon\n|-damage|p1a: Umbreon|65\/100\n|move|p1a: Umbreon|Foul Play|p2a: Landorus\n|-end|p2a: Landorus|Substitute\n|\n|-heal|p2a: Landorus|88\/100|[from] item: Leftovers\n|-heal|p1a: Umbreon|72\/100|[from] item: Leftovers\n|upkeep\n|turn|18\n|\n|t:|1700559866\n|switch|p2a: Garganacl|Garganacl, M|86\/100\n|move|p1a: Umbreon|Wish|p1a: Umbreon\n|\n|-heal|p1a: Umbreon|78\/100|[from] item: Leftovers\n|-heal|p2a: Garganacl|92\/100|[from] item: Leftovers\n|upkeep\n|turn|19\n|\n|t:|1700559872\n|switch|p1a: Garganacl|Garganacl, M, shiny, tera:Ghost|88\/100\n|move|p2a: Garganacl|Salt Cure|p1a: Garganacl\n|-damage|p1a: Garganacl|79\/100\n|-start|p1a: Garganacl|Salt Cure\n|\n|-heal|p1a: Garganacl|100\/100|[from] move: Wish|[wisher] Umbreon\n|-heal|p2a: Garganacl|99\/100|[from] item: Leftovers\n|-damage|p1a: Garganacl|88\/100|[from] Salt Cure\n|upkeep\n|turn|20\n|\n|t:|1700559900\n|switch|p2a: Landorus|Landorus-Therian, M|88\/100\n|-ability|p2a: Landorus|Intimidate|boost\n|-unboost|p1a: Garganacl|atk|1\n|move|p1a: Garganacl|Salt Cure|p2a: Landorus\n|-damage|p2a: Landorus|76\/100\n|-start|p2a: Landorus|Salt Cure\n|\n|-heal|p2a: Landorus|82\/100|[from] item: Leftovers\n|-heal|p1a: Garganacl|94\/100|[from] item: Leftovers\n|-damage|p2a: Landorus|70\/100|[from] Salt Cure\n|-damage|p1a: Garganacl|82\/100|[from] Salt Cure\n|upkeep\n|turn|21\n|inactive|coolaidt has 120 seconds left.\n|\n|t:|1700559916\n|switch|p2a: Cinderace|Cinderace, M|100\/100\n|move|p1a: Garganacl|Iron Defense|p1a: Garganacl\n|-boost|p1a: Garganacl|def|2\n|\n|-heal|p1a: Garganacl|88\/100|[from] item: Leftovers\n|-damage|p1a: Garganacl|76\/100|[from] Salt Cure\n|upkeep\n|turn|22\n|inactive|coolaidt has 120 seconds left.\n|\n|t:|1700559930\n|move|p2a: Cinderace|U-turn|p1a: Garganacl\n|-start|p2a: Cinderace|typechange|Bug|[from] ability: Libero\n|-resisted|p1a: Garganacl\n|-damage|p1a: Garganacl|67\/100\n|inactive|coolaidt has 120 seconds left.\n|\n|t:|1700559936\n|switch|p2a: Landorus|Landorus-Therian, M|70\/100|[from] U-turn\n|-ability|p2a: Landorus|Intimidate|boost\n|-unboost|p1a: Garganacl|atk|1\n|move|p1a: Garganacl|Salt Cure|p2a: Landorus\n|-damage|p2a: Landorus|62\/100\n|-start|p2a: Landorus|Salt Cure\n|\n|-heal|p2a: Landorus|68\/100|[from] item: Leftovers\n|-heal|p1a: Garganacl|73\/100|[from] item: Leftovers\n|-damage|p2a: Landorus|55\/100|[from] Salt Cure\n|-damage|p1a: Garganacl|60\/100|[from] Salt Cure\n|upkeep\n|turn|23\n|inactive|coolaidt has 120 seconds left.\n|\n|t:|1700559947\n|switch|p2a: Cinderace|Cinderace, M|100\/100\n|move|p1a: Garganacl|Recover|p1a: Garganacl\n|-heal|p1a: Garganacl|100\/100\n|\n|-damage|p1a: Garganacl|88\/100|[from] Salt Cure\n|upkeep\n|turn|24\n|\n|t:|1700559955\n|switch|p1a: Glimmora|Glimmora, F|100\/100\n|move|p2a: Cinderace|Pyro Ball|p1a: Glimmora\n|-resisted|p1a: Glimmora\n|-damage|p1a: Glimmora|66\/100\n|-activate|p1a: Glimmora|ability: Toxic Debris\n|-sidestart|p2: coolaidt|move: Toxic Spikes\n|\n|upkeep\n|turn|25\n|\n|t:|1700559967\n|switch|p2a: Landorus|Landorus-Therian, M|55\/100\n|-ability|p2a: Landorus|Intimidate|boost\n|-unboost|p1a: Glimmora|atk|1\n|switch|p1a: Umbreon|Umbreon, F, shiny|78\/100\n|\n|-heal|p2a: Landorus|61\/100|[from] item: Leftovers\n|-heal|p1a: Umbreon|84\/100|[from] item: Leftovers\n|upkeep\n|turn|26\n|inactive|coolaidt has 120 seconds left.\n|\n|t:|1700559983\n|switch|p2a: Garganacl|Garganacl, M|99\/100\n|move|p1a: Umbreon|Foul Play|p2a: Garganacl\n|-damage|p2a: Garganacl|80\/100\n|\n|-heal|p1a: Umbreon|90\/100|[from] item: Leftovers\n|-heal|p2a: Garganacl|87\/100|[from] item: Leftovers\n|upkeep\n|turn|27\n|\n|t:|1700559991\n|switch|p1a: Garganacl|Garganacl, M, shiny, tera:Ghost|88\/100\n|move|p2a: Garganacl|Salt Cure|p1a: Garganacl\n|-damage|p1a: Garganacl|79\/100\n|-start|p1a: Garganacl|Salt Cure\n|\n|-heal|p1a: Garganacl|85\/100|[from] item: Leftovers\n|-heal|p2a: Garganacl|93\/100|[from] item: Leftovers\n|-damage|p1a: Garganacl|73\/100|[from] Salt Cure\n|upkeep\n|turn|28\n|\n|t:|1700560007\n|switch|p2a: Landorus|Landorus-Therian, M|61\/100\n|-ability|p2a: Landorus|Intimidate|boost\n|-unboost|p1a: Garganacl|atk|1\n|move|p1a: Garganacl|Salt Cure|p2a: Landorus\n|-damage|p2a: Landorus|51\/100\n|-start|p2a: Landorus|Salt Cure\n|\n|-heal|p2a: Landorus|57\/100|[from] item: Leftovers\n|-heal|p1a: Garganacl|79\/100|[from] item: Leftovers\n|-damage|p2a: Landorus|44\/100|[from] Salt Cure\n|-damage|p1a: Garganacl|67\/100|[from] Salt Cure\n|upkeep\n|turn|29\n|\n|t:|1700560019\n|switch|p1a: Umbreon|Umbreon, F, shiny|90\/100\n|move|p2a: Landorus|Earthquake|p1a: Umbreon\n|-damage|p1a: Umbreon|53\/100\n|\n|-heal|p2a: Landorus|50\/100|[from] item: Leftovers\n|-heal|p1a: Umbreon|59\/100|[from] item: Leftovers\n|-damage|p2a: Landorus|38\/100|[from] Salt Cure\n|upkeep\n|turn|30\n|\n|t:|1700560023\n|switch|p2a: Garganacl|Garganacl, M|93\/100\n|move|p1a: Umbreon|Wish|p1a: Umbreon\n|\n|-heal|p1a: Umbreon|65\/100|[from] item: Leftovers\n|-heal|p2a: Garganacl|99\/100|[from] item: Leftovers\n|upkeep\n|turn|31\n|\n|t:|1700560033\n|move|p1a: Umbreon|Protect|p1a: Umbreon\n|-singleturn|p1a: Umbreon|Protect\n|move|p2a: Garganacl|Salt Cure|p1a: Umbreon\n|-activate|p1a: Umbreon|move: Protect\n|\n|-heal|p1a: Umbreon|100\/100|[from] move: Wish|[wisher] Umbreon\n|-heal|p2a: Garganacl|100\/100|[from] item: Leftovers\n|upkeep\n|turn|32\n|\n|t:|1700560039\n|switch|p1a: Garganacl|Garganacl, M, shiny, tera:Ghost|67\/100\n|move|p2a: Garganacl|Salt Cure|p1a: Garganacl\n|-damage|p1a: Garganacl|58\/100\n|-start|p1a: Garganacl|Salt Cure\n|\n|-heal|p1a: Garganacl|64\/100|[from] item: Leftovers\n|-damage|p1a: Garganacl|52\/100|[from] Salt Cure\n|upkeep\n|turn|33\n|\n|t:|1700560048\n|move|p2a: Garganacl|Iron Defense|p2a: Garganacl\n|-boost|p2a: Garganacl|def|2\n|move|p1a: Garganacl|Recover|p1a: Garganacl\n|-heal|p1a: Garganacl|100\/100\n|\n|-damage|p1a: Garganacl|88\/100|[from] Salt Cure\n|upkeep\n|turn|34\n|\n|t:|1700560056\n|move|p1a: Garganacl|Salt Cure|p2a: Garganacl\n|-crit|p2a: Garganacl\n|-damage|p2a: Garganacl|89\/100\n|-start|p2a: Garganacl|Salt Cure\n|move|p2a: Garganacl|Iron Defense|p2a: Garganacl\n|-boost|p2a: Garganacl|def|2\n|\n|-heal|p2a: Garganacl|95\/100|[from] item: Leftovers\n|-heal|p1a: Garganacl|94\/100|[from] item: Leftovers\n|-damage|p2a: Garganacl|83\/100|[from] Salt Cure\n|-damage|p1a: Garganacl|82\/100|[from] Salt Cure\n|upkeep\n|turn|35\n|\n|t:|1700560076\n|switch|p2a: Landorus|Landorus-Therian, M|38\/100\n|-ability|p2a: Landorus|Intimidate|boost\n|-unboost|p1a: Garganacl|atk|1\n|move|p1a: Garganacl|Iron Defense|p1a: Garganacl\n|-boost|p1a: Garganacl|def|2\n|\n|-heal|p2a: Landorus|44\/100|[from] item: Leftovers\n|-heal|p1a: Garganacl|88\/100|[from] item: Leftovers\n|-damage|p1a: Garganacl|76\/100|[from] Salt Cure\n|upkeep\n|turn|36\n|\n|t:|1700560096\n|switch|p2a: Cinderace|Cinderace, M|100\/100\n|-status|p2a: Cinderace|psn\n|move|p1a: Garganacl|Salt Cure|p2a: Cinderace\n|-supereffective|p2a: Cinderace\n|-damage|p2a: Cinderace|71\/100 psn\n|-start|p2a: Cinderace|Salt Cure\n|\n|-heal|p1a: Garganacl|82\/100|[from] item: Leftovers\n|-damage|p2a: Cinderace|58\/100 psn|[from] psn\n|-damage|p2a: Cinderace|46\/100 psn|[from] Salt Cure\n|-damage|p1a: Garganacl|70\/100|[from] Salt Cure\n|upkeep\n|turn|37\n|\n|t:|1700560102\n|move|p2a: Cinderace|U-turn|p1a: Garganacl\n|-start|p2a: Cinderace|typechange|Bug|[from] ability: Libero\n|-resisted|p1a: Garganacl\n|-damage|p1a: Garganacl|61\/100\n|\n|t:|1700560107\n|switch|p2a: Garganacl|Garganacl, M|83\/100|[from] U-turn\n|move|p1a: Garganacl|Recover|p1a: Garganacl\n|-heal|p1a: Garganacl|100\/100\n|\n|-heal|p2a: Garganacl|89\/100|[from] item: Leftovers\n|-damage|p1a: Garganacl|88\/100|[from] Salt Cure\n|upkeep\n|turn|38\n|\n|t:|1700560129\n|move|p1a: Garganacl|Iron Defense|p1a: Garganacl\n|-boost|p1a: Garganacl|def|2\n|move|p2a: Garganacl|Iron Defense|p2a: Garganacl\n|-boost|p2a: Garganacl|def|2\n|\n|-heal|p1a: Garganacl|94\/100|[from] item: Leftovers\n|-heal|p2a: Garganacl|95\/100|[from] item: Leftovers\n|-damage|p1a: Garganacl|82\/100|[from] Salt Cure\n|upkeep\n|turn|39\n|\n|t:|1700560137\n|move|p1a: Garganacl|Body Press|p2a: Garganacl\n|-supereffective|p2a: Garganacl\n|-damage|p2a: Garganacl|51\/100\n|move|p2a: Garganacl|Iron Defense|p2a: Garganacl\n|-boost|p2a: Garganacl|def|2\n|\n|-heal|p2a: Garganacl|57\/100|[from] item: Leftovers\n|-heal|p1a: Garganacl|88\/100|[from] item: Leftovers\n|-damage|p1a: Garganacl|76\/100|[from] Salt Cure\n|upkeep\n|turn|40\n|\n|t:|1700560150\n|move|p1a: Garganacl|Salt Cure|p2a: Garganacl\n|-damage|p2a: Garganacl|55\/100\n|-start|p2a: Garganacl|Salt Cure\n|move|p2a: Garganacl|Recover|p2a: Garganacl\n|-heal|p2a: Garganacl|100\/100\n|\n|-heal|p1a: Garganacl|82\/100|[from] item: Leftovers\n|-damage|p1a: Garganacl|70\/100|[from] Salt Cure\n|-damage|p2a: Garganacl|88\/100|[from] Salt Cure\n|upkeep\n|turn|41\n|\n|t:|1700560156\n|move|p2a: Garganacl|Iron Defense|p2a: Garganacl\n|-boost|p2a: Garganacl|def|2\n|move|p1a: Garganacl|Iron Defense|p1a: Garganacl\n|-boost|p1a: Garganacl|def|2\n|\n|-heal|p2a: Garganacl|94\/100|[from] item: Leftovers\n|-heal|p1a: Garganacl|76\/100|[from] item: Leftovers\n|-damage|p1a: Garganacl|63\/100|[from] Salt Cure\n|-damage|p2a: Garganacl|82\/100|[from] Salt Cure\n|upkeep\n|turn|42\n|\n|t:|1700560176\n|move|p1a: Garganacl|Body Press|p2a: Garganacl\n|-supereffective|p2a: Garganacl\n|-damage|p2a: Garganacl|57\/100\n|move|p2a: Garganacl|Salt Cure|p1a: Garganacl\n|-damage|p1a: Garganacl|61\/100\n|\n|-heal|p1a: Garganacl|67\/100|[from] item: Leftovers\n|-heal|p2a: Garganacl|63\/100|[from] item: Leftovers\n|-damage|p2a: Garganacl|50\/100|[from] Salt Cure\n|-damage|p1a: Garganacl|55\/100|[from] Salt Cure\n|upkeep\n|turn|43\n|\n|t:|1700560181\n|move|p2a: Garganacl|Recover|p2a: Garganacl\n|-heal|p2a: Garganacl|100\/100\n|move|p1a: Garganacl|Recover|p1a: Garganacl\n|-heal|p1a: Garganacl|100\/100\n|\n|-damage|p1a: Garganacl|88\/100|[from] Salt Cure\n|-damage|p2a: Garganacl|88\/100|[from] Salt Cure\n|upkeep\n|turn|44\n|inactive|coolaidt has 120 seconds left.\n|\n|t:|1700560216\n|move|p1a: Garganacl|Body Press|p2a: Garganacl\n|-supereffective|p2a: Garganacl\n|-damage|p2a: Garganacl|63\/100\n|move|p2a: Garganacl|Salt Cure|p1a: Garganacl\n|-damage|p1a: Garganacl|86\/100\n|\n|-heal|p1a: Garganacl|92\/100|[from] item: Leftovers\n|-heal|p2a: Garganacl|69\/100|[from] item: Leftovers\n|-damage|p2a: Garganacl|57\/100|[from] Salt Cure\n|-damage|p1a: Garganacl|79\/100|[from] Salt Cure\n|upkeep\n|turn|45\n|inactive|coolaidt has 120 seconds left.\n|\n|t:|1700560227\n|move|p2a: Garganacl|Recover|p2a: Garganacl\n|-heal|p2a: Garganacl|100\/100\n|move|p1a: Garganacl|Body Press|p2a: Garganacl\n|-supereffective|p2a: Garganacl\n|-damage|p2a: Garganacl|74\/100\n|\n|-heal|p1a: Garganacl|86\/100|[from] item: Leftovers\n|-heal|p2a: Garganacl|80\/100|[from] item: Leftovers\n|-damage|p2a: Garganacl|68\/100|[from] Salt Cure\n|-damage|p1a: Garganacl|73\/100|[from] Salt Cure\n|upkeep\n|turn|46\n|\n|t:|1700560232\n|move|p2a: Garganacl|Earthquake|p1a: Garganacl\n|-damage|p1a: Garganacl|69\/100\n|move|p1a: Garganacl|Body Press|p2a: Garganacl\n|-supereffective|p2a: Garganacl\n|-damage|p2a: Garganacl|40\/100\n|\n|-heal|p2a: Garganacl|47\/100|[from] item: Leftovers\n|-heal|p1a: Garganacl|75\/100|[from] item: Leftovers\n|-damage|p2a: Garganacl|34\/100|[from] Salt Cure\n|-damage|p1a: Garganacl|63\/100|[from] Salt Cure\n|upkeep\n|turn|47\n|\n|t:|1700560243\n|move|p1a: Garganacl|Body Press|p2a: Garganacl\n|-supereffective|p2a: Garganacl\n|-damage|p2a: Garganacl|9\/100\n|move|p2a: Garganacl|Recover|p2a: Garganacl\n|-heal|p2a: Garganacl|59\/100\n|\n|-heal|p1a: Garganacl|69\/100|[from] item: Leftovers\n|-heal|p2a: Garganacl|65\/100|[from] item: Leftovers\n|-damage|p1a: Garganacl|57\/100|[from] Salt Cure\n|-damage|p2a: Garganacl|53\/100|[from] Salt Cure\n|upkeep\n|turn|48\n|\n|t:|1700560255\n|move|p1a: Garganacl|Body Press|p2a: Garganacl\n|-supereffective|p2a: Garganacl\n|-damage|p2a: Garganacl|25\/100\n|move|p2a: Garganacl|Recover|p2a: Garganacl\n|-heal|p2a: Garganacl|75\/100\n|\n|-heal|p1a: Garganacl|63\/100|[from] item: Leftovers\n|-heal|p2a: Garganacl|81\/100|[from] item: Leftovers\n|-damage|p2a: Garganacl|69\/100|[from] Salt Cure\n|-damage|p1a: Garganacl|50\/100|[from] Salt Cure\n|upkeep\n|turn|49\n|\n|t:|1700560269\n|move|p2a: Garganacl|Earthquake|p1a: Garganacl\n|-damage|p1a: Garganacl|47\/100\n|move|p1a: Garganacl|Body Press|p2a: Garganacl\n|-supereffective|p2a: Garganacl\n|-damage|p2a: Garganacl|42\/100\n|\n|-heal|p2a: Garganacl|48\/100|[from] item: Leftovers\n|-heal|p1a: Garganacl|53\/100|[from] item: Leftovers\n|-damage|p2a: Garganacl|35\/100|[from] Salt Cure\n|-damage|p1a: Garganacl|40\/100|[from] Salt Cure\n|upkeep\n|turn|50\n|\n|t:|1700560281\n|move|p2a: Garganacl|Recover|p2a: Garganacl\n|-heal|p2a: Garganacl|85\/100\n|move|p1a: Garganacl|Recover|p1a: Garganacl\n|-heal|p1a: Garganacl|90\/100\n|\n|-heal|p1a: Garganacl|97\/100|[from] item: Leftovers\n|-heal|p2a: Garganacl|92\/100|[from] item: Leftovers\n|-damage|p1a: Garganacl|84\/100|[from] Salt Cure\n|-damage|p2a: Garganacl|79\/100|[from] Salt Cure\n|upkeep\n|turn|51\n|\n|t:|1700560292\n|switch|p2a: Landorus|Landorus-Therian, M|44\/100\n|-ability|p2a: Landorus|Intimidate|boost\n|-unboost|p1a: Garganacl|atk|1\n|move|p1a: Garganacl|Body Press|p2a: Landorus\n|-resisted|p2a: Landorus\n|-damage|p2a: Landorus|0 fnt\n|faint|p2a: Landorus\n|\n|-heal|p1a: Garganacl|90\/100|[from] item: Leftovers\n|-damage|p1a: Garganacl|78\/100|[from] Salt Cure\n|upkeep\n|inactive|coolaidt has 120 seconds left.\n|\n|t:|1700560311\n|switch|p2a: Hatterene|Hatterene, F|75\/100\n|-status|p2a: Hatterene|psn\n|turn|52\n|inactive|coolaidt has 120 seconds left.\n|\n|t:|1700560320\n|move|p2a: Hatterene|Psychic|p1a: Garganacl\n|-damage|p1a: Garganacl|47\/100\n|move|p1a: Garganacl|Salt Cure|p2a: Hatterene\n|-damage|p2a: Hatterene|67\/100 psn\n|-start|p2a: Hatterene|Salt Cure\n|\n|-heal|p1a: Garganacl|53\/100|[from] item: Leftovers\n|-damage|p2a: Hatterene|55\/100 psn|[from] psn\n|-damage|p2a: Hatterene|42\/100 psn|[from] Salt Cure\n|-damage|p1a: Garganacl|41\/100|[from] Salt Cure\n|upkeep\n|turn|53\n|\n|t:|1700560326\n|switch|p1a: Umbreon|Umbreon, F, shiny|100\/100\n|move|p2a: Hatterene|Psychic|p1a: Umbreon\n|-immune|p1a: Umbreon\n|\n|-damage|p2a: Hatterene|30\/100 psn|[from] psn\n|-damage|p2a: Hatterene|18\/100 psn|[from] Salt Cure\n|upkeep\n|turn|54\n|\n|t:|1700560337\n|switch|p2a: Garganacl|Garganacl, M|79\/100\n|move|p1a: Umbreon|Wish|p1a: Umbreon\n|\n|-heal|p2a: Garganacl|85\/100|[from] item: Leftovers\n|upkeep\n|turn|55\n|\n|t:|1700560343\n|switch|p1a: Garganacl|Garganacl, M, shiny, tera:Ghost|41\/100\n|move|p2a: Garganacl|Salt Cure|p1a: Garganacl\n|-damage|p1a: Garganacl|31\/100\n|-start|p1a: Garganacl|Salt Cure\n|\n|-heal|p1a: Garganacl|80\/100|[from] move: Wish|[wisher] Umbreon\n|-heal|p2a: Garganacl|92\/100|[from] item: Leftovers\n|-heal|p1a: Garganacl|86\/100|[from] item: Leftovers\n|-damage|p1a: Garganacl|74\/100|[from] Salt Cure\n|upkeep\n|turn|56\n|\n|t:|1700560354\n|move|p2a: Garganacl|Iron Defense|p2a: Garganacl\n|-boost|p2a: Garganacl|def|2\n|move|p1a: Garganacl|Iron Defense|p1a: Garganacl\n|-boost|p1a: Garganacl|def|2\n|\n|-heal|p2a: Garganacl|98\/100|[from] item: Leftovers\n|-heal|p1a: Garganacl|80\/100|[from] item: Leftovers\n|-damage|p1a: Garganacl|67\/100|[from] Salt Cure\n|upkeep\n|turn|57\n|\n|t:|1700560366\n|move|p2a: Garganacl|Iron Defense|p2a: Garganacl\n|-boost|p2a: Garganacl|def|2\n|move|p1a: Garganacl|Iron Defense|p1a: Garganacl\n|-boost|p1a: Garganacl|def|2\n|\n|-heal|p1a: Garganacl|74\/100|[from] item: Leftovers\n|-heal|p2a: Garganacl|100\/100|[from] item: Leftovers\n|-damage|p1a: Garganacl|61\/100|[from] Salt Cure\n|upkeep\n|turn|58\n|\n|t:|1700560373\n|move|p2a: Garganacl|Iron Defense|p2a: Garganacl\n|-boost|p2a: Garganacl|def|2\n|move|p1a: Garganacl|Iron Defense|p1a: Garganacl\n|-boost|p1a: Garganacl|def|2\n|\n|-heal|p1a: Garganacl|67\/100|[from] item: Leftovers\n|-damage|p1a: Garganacl|55\/100|[from] Salt Cure\n|upkeep\n|turn|59\n|\n|t:|1700560381\n|move|p2a: Garganacl|Earthquake|p1a: Garganacl\n|-damage|p1a: Garganacl|51\/100\n|move|p1a: Garganacl|Body Press|p2a: Garganacl\n|-supereffective|p2a: Garganacl\n|-damage|p2a: Garganacl|73\/100\n|\n|-heal|p1a: Garganacl|57\/100|[from] item: Leftovers\n|-heal|p2a: Garganacl|79\/100|[from] item: Leftovers\n|-damage|p1a: Garganacl|45\/100|[from] Salt Cure\n|upkeep\n|turn|60\n|\n|t:|1700560391\n|move|p1a: Garganacl|Salt Cure|p2a: Garganacl\n|-damage|p2a: Garganacl|77\/100\n|-start|p2a: Garganacl|Salt Cure\n|move|p2a: Garganacl|Earthquake|p1a: Garganacl\n|-damage|p1a: Garganacl|41\/100\n|\n|-heal|p2a: Garganacl|83\/100|[from] item: Leftovers\n|-heal|p1a: Garganacl|47\/100|[from] item: Leftovers\n|-damage|p2a: Garganacl|71\/100|[from] Salt Cure\n|-damage|p1a: Garganacl|35\/100|[from] Salt Cure\n|upkeep\n|turn|61\n|\n|t:|1700560401\n|move|p2a: Garganacl|Earthquake|p1a: Garganacl\n|-damage|p1a: Garganacl|31\/100\n|move|p1a: Garganacl|Body Press|p2a: Garganacl\n|-supereffective|p2a: Garganacl\n|-damage|p2a: Garganacl|46\/100\n|\n|-heal|p1a: Garganacl|37\/100|[from] item: Leftovers\n|-heal|p2a: Garganacl|52\/100|[from] item: Leftovers\n|-damage|p2a: Garganacl|40\/100|[from] Salt Cure\n|-damage|p1a: Garganacl|25\/100|[from] Salt Cure\n|upkeep\n|turn|62\n|\n|t:|1700560412\n|move|p1a: Garganacl|Recover|p1a: Garganacl\n|-heal|p1a: Garganacl|75\/100\n|move|p2a: Garganacl|Recover|p2a: Garganacl\n|-heal|p2a: Garganacl|90\/100\n|\n|-heal|p2a: Garganacl|96\/100|[from] item: Leftovers\n|-heal|p1a: Garganacl|81\/100|[from] item: Leftovers\n|-damage|p2a: Garganacl|83\/100|[from] Salt Cure\n|-damage|p1a: Garganacl|69\/100|[from] Salt Cure\n|upkeep\n|turn|63\n|\n|t:|1700560441\n|move|p1a: Garganacl|Body Press|p2a: Garganacl\n|-supereffective|p2a: Garganacl\n|-damage|p2a: Garganacl|56\/100\n|move|p2a: Garganacl|Earthquake|p1a: Garganacl\n|-damage|p1a: Garganacl|64\/100\n|\n|-heal|p2a: Garganacl|62\/100|[from] item: Leftovers\n|-heal|p1a: Garganacl|71\/100|[from] item: Leftovers\n|-damage|p1a: Garganacl|58\/100|[from] Salt Cure\n|-damage|p2a: Garganacl|50\/100|[from] Salt Cure\n|upkeep\n|turn|64\n|\n|t:|1700560452\n|move|p1a: Garganacl|Body Press|p2a: Garganacl\n|-supereffective|p2a: Garganacl\n|-damage|p2a: Garganacl|23\/100\n|move|p2a: Garganacl|Recover|p2a: Garganacl\n|-heal|p2a: Garganacl|73\/100\n|\n|-heal|p2a: Garganacl|79\/100|[from] item: Leftovers\n|-heal|p1a: Garganacl|64\/100|[from] item: Leftovers\n|-damage|p2a: Garganacl|67\/100|[from] Salt Cure\n|-damage|p1a: Garganacl|52\/100|[from] Salt Cure\n|upkeep\n|turn|65\n|inactive|coolaidt has 120 seconds left.\n|\n|t:|1700560469\n|move|p2a: Garganacl|Earthquake|p1a: Garganacl\n|-damage|p1a: Garganacl|48\/100\n|move|p1a: Garganacl|Body Press|p2a: Garganacl\n|-supereffective|p2a: Garganacl\n|-crit|p2a: Garganacl\n|-damage|p2a: Garganacl|0 fnt\n|faint|p2a: Garganacl\n|\n|-heal|p1a: Garganacl|54\/100|[from] item: Leftovers\n|-damage|p1a: Garganacl|42\/100|[from] Salt Cure\n|upkeep\n|inactive|coolaidt has 120 seconds left.\n|\n|t:|1700560482\n|switch|p2a: Hatterene|Hatterene, F|18\/100 psn\n|turn|66\n|\n|t:|1700560489\n|move|p2a: Hatterene|Dazzling Gleam|p1a: Garganacl\n|-damage|p1a: Garganacl|10\/100\n|move|p1a: Garganacl|Salt Cure|p2a: Hatterene\n|-damage|p2a: Hatterene|3\/100 psn\n|-start|p2a: Hatterene|Salt Cure\n|\n|-heal|p1a: Garganacl|16\/100|[from] item: Leftovers\n|-damage|p2a: Hatterene|0 fnt|[from] psn\n|faint|p2a: Hatterene\n|-damage|p1a: Garganacl|4\/100|[from] Salt Cure\n|upkeep\n|inactive|coolaidt has 120 seconds left.\n|\n|t:|1700560508\n|switch|p2a: Cinderace|Cinderace, M|46\/100 psn\n|turn|67\n|\n|t:|1700560512\n|move|p2a: Cinderace|U-turn|p1a: Garganacl\n|-start|p2a: Cinderace|typechange|Bug|[from] ability: Libero\n|-resisted|p1a: Garganacl\n|-damage|p1a: Garganacl|0 fnt\n|faint|p1a: Garganacl\n|\n|t:|1700560517\n|switch|p2a: Ogerpon|Ogerpon-Cornerstone, F|100\/100|[from] U-turn\n|-status|p2a: Ogerpon|psn\n|\n|-damage|p2a: Ogerpon|88\/100 psn|[from] psn\n|upkeep\n|\n|t:|1700560521\n|switch|p1a: Umbreon|Umbreon, F, shiny|100\/100\n|turn|68\n|\n|t:|1700560531\n|move|p2a: Ogerpon|Ivy Cudgel|p1a: Umbreon|[anim] Ivy Cudgel Rock\n|-damage|p1a: Umbreon|64\/100\n|move|p1a: Umbreon|Foul Play|p2a: Ogerpon\n|-damage|p2a: Ogerpon|21\/100 psn\n|\n|-heal|p1a: Umbreon|70\/100|[from] item: Leftovers\n|-damage|p2a: Ogerpon|9\/100 psn|[from] psn\n|upkeep\n|turn|69\n|\n|t:|1700560536\n|move|p2a: Ogerpon|Power Whip|p1a: Umbreon\n|-damage|p1a: Umbreon|26\/100\n|move|p1a: Umbreon|Wish|p1a: Umbreon\n|\n|-heal|p1a: Umbreon|32\/100|[from] item: Leftovers\n|-damage|p2a: Ogerpon|0 fnt|[from] psn\n|faint|p2a: Ogerpon\n|upkeep\n|\n|t:|1700560542\n|switch|p2a: Cinderace|Cinderace, M|46\/100 psn\n|turn|70\n|\n|t:|1700560544\n|move|p1a: Umbreon|Protect|p1a: Umbreon\n|-singleturn|p1a: Umbreon|Protect\n|move|p2a: Cinderace|U-turn|p1a: Umbreon\n|-start|p2a: Cinderace|typechange|Bug|[from] ability: Libero\n|-activate|p1a: Umbreon|move: Protect\n|\n|-heal|p1a: Umbreon|82\/100|[from] move: Wish|[wisher] Umbreon\n|-heal|p1a: Umbreon|88\/100|[from] item: Leftovers\n|-damage|p2a: Cinderace|34\/100 psn|[from] psn\n|upkeep\n|turn|71\n|\n|t:|1700560549\n|switch|p1a: Glimmora|Glimmora, F|66\/100\n|move|p2a: Cinderace|U-turn|p1a: Glimmora\n|-resisted|p1a: Glimmora\n|-damage|p1a: Glimmora|48\/100\n|-activate|p1a: Glimmora|ability: Toxic Debris\n|-sidestart|p2: coolaidt|move: Toxic Spikes\n|\n|-damage|p2a: Cinderace|21\/100 psn|[from] psn\n|upkeep\n|turn|72\n|\n|t:|1700560553\n|move|p2a: Cinderace|U-turn|p1a: Glimmora\n|-resisted|p1a: Glimmora\n|-crit|p1a: Glimmora\n|-damage|p1a: Glimmora|18\/100\n|move|p1a: Glimmora|Light Screen|p1a: Glimmora\n|-sidestart|p1: liaoya|move: Light Screen\n|\n|-damage|p2a: Cinderace|9\/100 psn|[from] psn\n|upkeep\n|turn|73\n|\n|t:|1700560556\n|move|p2a: Cinderace|U-turn|p1a: Glimmora\n|-resisted|p1a: Glimmora\n|-damage|p1a: Glimmora|0 fnt\n|faint|p1a: Glimmora\n|\n|-damage|p2a: Cinderace|0 fnt|[from] psn\n|faint|p2a: Cinderace\n|\n|win|liaoya\n|upkeep\n|raw|liaoya's rating: 1548 &rarr; <strong>1564<\/strong><br \/>(+16 for winning)\n|raw|coolaidt's rating: 1480 &rarr; <strong>1464<\/strong><br \/>(-16 for losing)\n|l|\u2606coolaidt\n","uploadtime":1700560559,"views":4,"p1id":"liaoya","p2id":"coolaidt","formatid":"gen9ou","rating":1464,"private":0,"password":""}