{"id":"gen9ou-1995327971","p1":"OU noooob 1","p2":"OrionTheCat","format":"[Gen 9] OU","log":"|j|\u2606OU noooob 1\n|j|\u2606OrionTheCat\n|t:|1700554424\n|gametype|singles\n|player|p1|OU noooob 1|preschooler|1180\n|player|p2|OrionTheCat|n-masters|1112\n|teamsize|p1|6\n|teamsize|p2|6\n|gen|9\n|tier|[Gen 9] OU\n|rated|\n|rule|Sleep Clause Mod: Limit one foe put to sleep\n|rule|Species Clause: Limit one of each Pok\u00e9mon\n|rule|OHKO Clause: OHKO moves are banned\n|rule|Evasion Items Clause: Evasion items are banned\n|rule|Evasion Moves Clause: Evasion moves are banned\n|rule|Endless Battle Clause: Forcing endless battles is banned\n|rule|HP Percentage Mod: HP is shown in percentages\n|clearpoke\n|poke|p1|Iron Moth|\n|poke|p1|Iron Valiant|\n|poke|p1|Kingambit, F|\n|poke|p1|Great Tusk|\n|poke|p1|Samurott-Hisui, M|\n|poke|p1|Enamorus, F|\n|poke|p2|Pelipper, M|\n|poke|p2|Amoonguss, F|\n|poke|p2|Basculegion-F, F|\n|poke|p2|Manaphy|\n|poke|p2|Corviknight, F|\n|poke|p2|Iron Treads|\n|teampreview\n|inactive|Battle timer is ON: inactive players will automatically lose when time's up. (requested by OrionTheCat)\n|\n|t:|1700554439\n|start\n|switch|p1a: Samurott|Samurott-Hisui, M|100\/100\n|switch|p2a: birb|Pelipper, M|100\/100\n|-weather|RainDance|[from] ability: Drizzle|[of] p2a: birb\n|turn|1\n|inactiveoff|Battle timer is now OFF.\n|\n|t:|1700554461\n|switch|p2a: friend shaped|Manaphy|100\/100\n|move|p1a: Samurott|Ceaseless Edge|p2a: friend shaped\n|-damage|p2a: friend shaped|52\/100\n|-sidestart|p2: OrionTheCat|Spikes\n|\n|-weather|RainDance|[upkeep]\n|-heal|p2a: friend shaped|58\/100|[from] item: Leftovers\n|upkeep\n|turn|2\n|c|\u2606OU noooob 1|manaphy is so friend shaped\n|c|\u2606OrionTheCat|indeed\n|\n|t:|1700554484\n|move|p2a: friend shaped|Tail Glow|p2a: friend shaped\n|-boost|p2a: friend shaped|spa|3\n|move|p1a: Samurott|Ceaseless Edge|p2a: friend shaped\n|-damage|p2a: friend shaped|11\/100\n|-sidestart|p2: OrionTheCat|Spikes\n|\n|-weather|RainDance|[upkeep]\n|-heal|p2a: friend shaped|17\/100|[from] item: Leftovers\n|upkeep\n|turn|3\n|\n|t:|1700554492\n|move|p1a: Samurott|Sucker Punch||[still]\n|-fail|p1a: Samurott\n|move|p2a: friend shaped|Rest|p2a: friend shaped\n|-status|p2a: friend shaped|slp|[from] move: Rest\n|-heal|p2a: friend shaped|100\/100 slp|[silent]\n|\n|-weather|RainDance|[upkeep]\n|-activate|p2a: friend shaped|ability: Hydration\n|-curestatus|p2a: friend shaped|slp|[msg]\n|upkeep\n|turn|4\n|\n|t:|1700554504\n|move|p2a: friend shaped|Energy Ball|p1a: Samurott\n|-supereffective|p1a: Samurott\n|-enditem|p1a: Samurott|Focus Sash\n|-damage|p1a: Samurott|1\/100\n|-unboost|p1a: Samurott|spd|1\n|move|p1a: Samurott|Ceaseless Edge|p2a: friend shaped\n|-damage|p2a: friend shaped|55\/100\n|-sidestart|p2: OrionTheCat|Spikes\n|\n|-weather|RainDance|[upkeep]\n|-heal|p2a: friend shaped|61\/100|[from] item: Leftovers\n|upkeep\n|turn|5\n|\n|t:|1700554520\n|move|p2a: friend shaped|Rest|p2a: friend shaped\n|-status|p2a: friend shaped|slp|[from] move: Rest\n|-heal|p2a: friend shaped|100\/100 slp|[silent]\n|move|p1a: Samurott|Ceaseless Edge|p2a: friend shaped\n|-damage|p2a: friend shaped|54\/100 slp\n|\n|-weather|RainDance|[upkeep]\n|-activate|p2a: friend shaped|ability: Hydration\n|-curestatus|p2a: friend shaped|slp|[msg]\n|-heal|p2a: friend shaped|60\/100|[from] item: Leftovers\n|upkeep\n|turn|6\n|\n|t:|1700554529\n|move|p1a: Samurott|Sucker Punch|p2a: friend shaped\n|-damage|p2a: friend shaped|29\/100\n|move|p2a: friend shaped|Surf|p1a: Samurott\n|-resisted|p1a: Samurott\n|-damage|p1a: Samurott|0 fnt\n|faint|p1a: Samurott\n|\n|-weather|RainDance|[upkeep]\n|-heal|p2a: friend shaped|35\/100|[from] item: Leftovers\n|upkeep\n|c|\u2606OrionTheCat|stop thinking pla\n|c|\u2606OrionTheCat|*plz\n|\n|t:|1700554542\n|switch|p1a: Iron Moth|Iron Moth|100\/100\n|-enditem|p1a: Iron Moth|Booster Energy\n|-activate|p1a: Iron Moth|ability: Quark Drive|[fromitem]\n|-start|p1a: Iron Moth|quarkdrivespe\n|turn|7\n|\n|t:|1700554550\n|move|p1a: Iron Moth|Substitute|p1a: Iron Moth\n|-start|p1a: Iron Moth|Substitute\n|-damage|p1a: Iron Moth|76\/100\n|move|p2a: friend shaped|Rest|p2a: friend shaped\n|-status|p2a: friend shaped|slp|[from] move: Rest\n|-heal|p2a: friend shaped|100\/100 slp|[silent]\n|\n|-weather|RainDance|[upkeep]\n|-activate|p2a: friend shaped|ability: Hydration\n|-curestatus|p2a: friend shaped|slp|[msg]\n|upkeep\n|turn|8\n|\n|t:|1700554557\n|move|p1a: Iron Moth|Sludge Wave|p2a: friend shaped\n|-damage|p2a: friend shaped|49\/100\n|-status|p2a: friend shaped|psn\n|move|p2a: friend shaped|Surf|p1a: Iron Moth\n|-supereffective|p1a: Iron Moth\n|-end|p1a: Iron Moth|Substitute\n|\n|-weather|none\n|-heal|p2a: friend shaped|56\/100 psn|[from] item: Leftovers\n|-damage|p2a: friend shaped|43\/100 psn|[from] psn\n|upkeep\n|turn|9\n|\n|t:|1700554569\n|move|p1a: Iron Moth|Sludge Wave|p2a: friend shaped\n|-damage|p2a: friend shaped|0 fnt\n|faint|p2a: friend shaped\n|\n|upkeep\n|c|\u2606OU noooob 1|sry abt psn\n|\n|t:|1700554575\n|switch|p2a: birb|Pelipper, M|100\/100\n|-weather|RainDance|[from] ability: Drizzle|[of] p2a: birb\n|turn|10\n|c|\u2606OrionTheCat|nah that's the game\n|\n|t:|1700554585\n|switch|p2a: spain without a|Iron Treads|100\/100\n|-damage|p2a: spain without a|76\/100|[from] Spikes\n|-terastallize|p1a: Iron Moth|Water\n|move|p1a: Iron Moth|Sludge Wave|p2a: spain without a\n|-immune|p2a: spain without a\n|\n|-weather|RainDance|[upkeep]\n|upkeep\n|turn|11\n|\n|t:|1700554596\n|move|p1a: Iron Moth|Tera Blast|p2a: spain without a|[anim] Tera Blast Water\n|-supereffective|p2a: spain without a\n|-damage|p2a: spain without a|0 fnt\n|faint|p2a: spain without a\n|-end|p2a: spain without a|Quark Drive|[silent]\n|\n|-weather|RainDance|[upkeep]\n|upkeep\n|c|\u2606OrionTheCat|gg wp\n|-message|OrionTheCat forfeited.\n|\n|win|OU noooob 1\n|raw|OU noooob 1's rating: 1180 &rarr; <strong>1200<\/strong><br \/>(+20 for winning)\n|raw|OrionTheCat's rating: 1112 &rarr; <strong>1092<\/strong><br \/>(-20 for losing)\n|l|\u2606OrionTheCat\n|c|\u2606OU noooob 1|u2\n|j| Coffee&whiskey\n","uploadtime":1700554644,"views":3,"p1id":"ounoooob1","p2id":"orionthecat","formatid":"gen9ou","rating":1092,"private":0,"password":""}