{"id":"gen9ou-1994391047","p1":"Rodriguin_Gamer23","p2":"puterrier","format":"[Gen 9] OU","log":"|j|\u2606Rodriguin_Gamer23\n|j|\u2606puterrier\n|inactive|Battle timer is ON: inactive players will automatically lose when time's up.\n|t:|1700438531\n|gametype|singles\n|player|p1|Rodriguin_Gamer23|carmine|\n|player|p2|puterrier|blackbelt|\n|teamsize|p1|6\n|teamsize|p2|6\n|gen|9\n|tier|[Gen 9] OU\n|rated|Tournament battle\n|rule|Sleep Clause Mod: Limit one foe put to sleep\n|rule|Species Clause: Limit one of each Pok\u00e9mon\n|rule|OHKO Clause: OHKO moves are banned\n|rule|Evasion Items Clause: Evasion items are banned\n|rule|Evasion Moves Clause: Evasion moves are banned\n|rule|Endless Battle Clause: Forcing endless battles is banned\n|rule|HP Percentage Mod: HP is shown in percentages\n|clearpoke\n|poke|p1|Talonflame, M|\n|poke|p1|Landorus-Therian, M|\n|poke|p1|Forretress, F|\n|poke|p1|Enamorus, F|\n|poke|p1|Cyclizar, F|\n|poke|p1|Blissey, F|\n|poke|p2|Rillaboom, M|\n|poke|p2|Cinderace, M|\n|poke|p2|Ogerpon-Cornerstone, F|\n|poke|p2|Kingambit, M|\n|poke|p2|Great Tusk|\n|poke|p2|Iron Valiant|\n|teampreview\n|c|\u2606Rodriguin_Gamer23|glhf\n|c|\u2606Rodriguin_Gamer23|perdi\n|c|\u2606puterrier|vc tb\n|c|\u2606Rodriguin_Gamer23|nussa perdi\n|inactive|Rodriguin_Gamer23 has 120 seconds left.\n|c|\u2606Rodriguin_Gamer23|se eu so tivesse um ogerpon\n|\n|t:|1700438568\n|start\n|switch|p1a: Landorus|Landorus-Therian, M|100\/100\n|switch|p2a: Cinderace|Cinderace, M|100\/100\n|-ability|p1a: Landorus|Intimidate|boost\n|-unboost|p2a: Cinderace|atk|1\n|turn|1\n|\n|t:|1700438575\n|move|p2a: Cinderace|Will-O-Wisp|p1a: Landorus\n|-status|p1a: Landorus|brn\n|move|p1a: Landorus|Stealth Rock|p2a: Cinderace\n|-sidestart|p2: puterrier|move: Stealth Rock\n|\n|-damage|p1a: Landorus|94\/100 brn|[from] brn\n|upkeep\n|turn|2\n|\n|t:|1700438579\n|move|p2a: Cinderace|Court Change|p2a: Cinderace\n|-swapsideconditions\n|-activate|p2a: Cinderace|move: Court Change\n|move|p1a: Landorus|Earthquake|p2a: Cinderace\n|-supereffective|p2a: Cinderace\n|-damage|p2a: Cinderace|43\/100\n|\n|-damage|p1a: Landorus|88\/100 brn|[from] brn\n|upkeep\n|turn|3\n|\n|t:|1700438587\n|move|p2a: Cinderace|U-turn|p1a: Landorus\n|-resisted|p1a: Landorus\n|-damage|p1a: Landorus|80\/100 brn\n|-damage|p2a: Cinderace|27\/100|[from] item: Rocky Helmet|[of] p1a: Landorus\n|\n|t:|1700438595\n|switch|p2a: Iron Valiant|Iron Valiant|100\/100|[from] U-turn\n|-enditem|p2a: Iron Valiant|Booster Energy\n|-activate|p2a: Iron Valiant|ability: Quark Drive|[fromitem]\n|-start|p2a: Iron Valiant|quarkdrivespe\n|move|p1a: Landorus|U-turn|p2a: Iron Valiant\n|-resisted|p2a: Iron Valiant\n|-damage|p2a: Iron Valiant|97\/100\n|\n|t:|1700438609\n|switch|p1a: Talonflame|Talonflame, M|100\/100|[from] U-turn\n|\n|upkeep\n|turn|4\n|\n|t:|1700438613\n|move|p1a: Talonflame|Brave Bird|p2a: Iron Valiant\n|-supereffective|p2a: Iron Valiant\n|-damage|p2a: Iron Valiant|0 fnt\n|faint|p2a: Iron Valiant\n|-end|p2a: Iron Valiant|Quark Drive|[silent]\n|-damage|p1a: Talonflame|70\/100|[from] Recoil\n|\n|upkeep\n|\n|t:|1700438626\n|switch|p2a: Ogerpon|Ogerpon-Cornerstone, F|100\/100\n|turn|5\n|c|\u2606Rodriguin_Gamer23|c\u00f3c\u00f3\n|\n|t:|1700438640\n|-terastallize|p1a: Talonflame|Ground\n|-terastallize|p2a: Ogerpon|Rock\n|detailschange|p2a: Ogerpon|Ogerpon-Cornerstone-Tera, F, tera:Rock\n|-ability|p2a: Ogerpon|Embody Aspect (Cornerstone)|boost\n|-boost|p2a: Ogerpon|def|1\n|move|p1a: Talonflame|U-turn|p2a: Ogerpon\n|-damage|p2a: Ogerpon|86\/100\n|c|\u2606Rodriguin_Gamer23|q merda eu fiz\n|inactive|Rodriguin_Gamer23 has 120 seconds left.\n|c|\u2606Rodriguin_Gamer23|ta bom peguei\n|\n|t:|1700438668\n|switch|p1a: Landorus|Landorus-Therian, M|80\/100 brn|[from] U-turn\n|-damage|p1a: Landorus|68\/100 brn|[from] Stealth Rock\n|-ability|p1a: Landorus|Intimidate|boost\n|-unboost|p2a: Ogerpon|atk|1\n|move|p2a: Ogerpon|Swords Dance|p2a: Ogerpon\n|-boost|p2a: Ogerpon|atk|2\n|\n|-damage|p1a: Landorus|62\/100 brn|[from] brn\n|upkeep\n|turn|6\n|c|\u2606Rodriguin_Gamer23|vixi\n|inactive|Rodriguin_Gamer23 has 120 seconds left.\n|c|\u2606Rodriguin_Gamer23|nussa\n|c|\u2606Rodriguin_Gamer23|rapaiz\n|\n|t:|1700438686\n|move|p2a: Ogerpon|Power Whip|p1a: Landorus\n|-damage|p1a: Landorus|0 fnt\n|-damage|p2a: Ogerpon|69\/100|[from] item: Rocky Helmet|[of] p1a: Landorus\n|faint|p1a: Landorus\n|\n|upkeep\n|\n|t:|1700438696\n|switch|p1a: Cyclizar|Cyclizar, F|100\/100\n|-damage|p1a: Cyclizar|88\/100|[from] Stealth Rock\n|turn|7\n|\n|t:|1700438706\n|move|p1a: Cyclizar|Iron Head|p2a: Ogerpon\n|-supereffective|p2a: Ogerpon\n|-damage|p2a: Ogerpon|13\/100\n|-damage|p1a: Cyclizar|78\/100|[from] item: Life Orb\n|move|p2a: Ogerpon|Low Kick|p1a: Cyclizar\n|-supereffective|p1a: Cyclizar\n|-damage|p1a: Cyclizar|0 fnt\n|faint|p1a: Cyclizar\n|\n|upkeep\n|inactive|Rodriguin_Gamer23 has 120 seconds left.\n|c|\u2606Rodriguin_Gamer23|so queria pega tua main\n|\n|t:|1700438715\n|switch|p1a: Enamorus|Enamorus, F|100\/100\n|-damage|p1a: Enamorus|76\/100|[from] Stealth Rock\n|turn|8\n|c|\u2606puterrier|que\n|\n|t:|1700438724\n|move|p1a: Enamorus|Earth Power|p2a: Ogerpon\n|-supereffective|p2a: Ogerpon\n|-damage|p2a: Ogerpon|0 fnt\n|faint|p2a: Ogerpon\n|\n|upkeep\n|\n|t:|1700438730\n|switch|p2a: Rillaboom|Rillaboom, M|100\/100\n|-fieldstart|move: Grassy Terrain|[from] ability: Grassy Surge|[of] p2a: Rillaboom\n|turn|9\n|c|\u2606Rodriguin_Gamer23|tua mae\n|\n|t:|1700438736\n|switch|p1a: Forretress|Forretress, F|100\/100\n|-damage|p1a: Forretress|88\/100|[from] Stealth Rock\n|move|p2a: Rillaboom|Wood Hammer|p1a: Forretress\n|-resisted|p1a: Forretress\n|-damage|p1a: Forretress|64\/100\n|-damage|p2a: Rillaboom|92\/100|[from] Recoil\n|\n|-heal|p2a: Rillaboom|98\/100|[from] Grassy Terrain\n|-heal|p1a: Forretress|71\/100|[from] Grassy Terrain\n|-heal|p1a: Forretress|77\/100|[from] item: Leftovers\n|upkeep\n|turn|10\n|\n|t:|1700438744\n|switch|p2a: Cinderace|Cinderace, M|27\/100\n|move|p1a: Forretress|Rapid Spin|p2a: Cinderace\n|-damage|p2a: Cinderace|14\/100\n|-boost|p1a: Forretress|spe|1\n|-sideend|p1: Rodriguin_Gamer23|Stealth Rock|[from] move: Rapid Spin|[of] p1a: Forretress\n|\n|-heal|p2a: Cinderace|20\/100|[from] Grassy Terrain\n|-heal|p1a: Forretress|83\/100|[from] Grassy Terrain\n|-heal|p1a: Forretress|89\/100|[from] item: Leftovers\n|upkeep\n|turn|11\n|c|\u2606Rodriguin_Gamer23|ela e mo bonita\n|\n|t:|1700438772\n|switch|p1a: Blissey|Blissey, F|100\/100\n|move|p2a: Cinderace|Will-O-Wisp|p1a: Blissey\n|-status|p1a: Blissey|brn\n|\n|-heal|p2a: Cinderace|26\/100|[from] Grassy Terrain\n|-damage|p1a: Blissey|94\/100 brn|[from] brn\n|upkeep\n|turn|12\n|j|@Irly\n|c|\u2606Rodriguin_Gamer23|blz\n|inactive|Rodriguin_Gamer23 has 120 seconds left.\n|c|\u2606Rodriguin_Gamer23|tadin do cara q eu dei um time\n|c|@Irly|\/log Rodriguin_Gamer23 was muted by Irly for 1 hour.\n|hidelines|unlink|rodriguingamer23\n|n|!Rodriguin_Gamer23|rodriguingamer23\n|\n|t:|1700438802\n|move|p2a: Cinderace|U-turn|p1a: Blissey\n|-damage|p1a: Blissey|75\/100 brn\n|\n|t:|1700438809\n|switch|p2a: Great Tusk|Great Tusk|100\/100|[from] U-turn\n|move|p1a: Blissey|Thunder Wave|p2a: Great Tusk\n|-immune|p2a: Great Tusk\n|\n|-heal|p1a: Blissey|81\/100 brn|[from] Grassy Terrain\n|-heal|p1a: Blissey|87\/100 brn|[from] item: Leftovers\n|-damage|p1a: Blissey|81\/100 brn|[from] brn\n|upkeep\n|turn|13\n|inactive|Rodriguin_Gamer23 has 120 seconds left.\n|\n|t:|1700438816\n|move|p2a: Great Tusk|Stealth Rock|p1a: Blissey\n|-sidestart|p1: Rodriguin_Gamer23|move: Stealth Rock\n|move|p1a: Blissey|Seismic Toss|p2a: Great Tusk\n|-damage|p2a: Great Tusk|77\/100\n|-damage|p1a: Blissey|64\/100 brn|[from] item: Rocky Helmet|[of] p2a: Great Tusk\n|\n|-heal|p2a: Great Tusk|84\/100|[from] Grassy Terrain\n|-heal|p1a: Blissey|70\/100 brn|[from] Grassy Terrain\n|-heal|p1a: Blissey|76\/100 brn|[from] item: Leftovers\n|-damage|p1a: Blissey|70\/100 brn|[from] brn\n|-fieldend|move: Grassy Terrain\n|upkeep\n|turn|14\n|\n|t:|1700438820\n|move|p2a: Great Tusk|Earthquake|p1a: Blissey\n|-crit|p1a: Blissey\n|-damage|p1a: Blissey|0 fnt\n|faint|p1a: Blissey\n|\n|upkeep\n|n|!Rodriguin_Gamer23|rodriguingamer23\n|\n|t:|1700438832\n|switch|p1a: Talonflame|Talonflame, M, tera:Ground|70\/100\n|turn|15\n|\n|t:|1700438839\n|move|p1a: Talonflame|Flare Blitz|p2a: Great Tusk\n|-damage|p2a: Great Tusk|56\/100\n|-damage|p1a: Talonflame|53\/100|[from] item: Rocky Helmet|[of] p2a: Great Tusk\n|-damage|p1a: Talonflame|40\/100|[from] Recoil\n|move|p2a: Great Tusk|Ice Spinner|p1a: Talonflame\n|-supereffective|p1a: Talonflame\n|-damage|p1a: Talonflame|0 fnt\n|faint|p1a: Talonflame\n|\n|upkeep\n|\n|t:|1700438845\n|switch|p1a: Forretress|Forretress, F|89\/100\n|-damage|p1a: Forretress|77\/100|[from] Stealth Rock\n|turn|16\n|j|@Scizor Boladao\n|\n|t:|1700438856\n|-end|p2a: Great Tusk|Protosynthesis|[silent]\n|switch|p2a: Cinderace|Cinderace, M|26\/100\n|move|p1a: Forretress|Gyro Ball|p2a: Cinderace\n|-resisted|p2a: Cinderace\n|-damage|p2a: Cinderace|2\/100\n|\n|-heal|p1a: Forretress|83\/100|[from] item: Leftovers\n|upkeep\n|turn|17\n|j|+ghiteoff\n|\n|t:|1700438864\n|move|p2a: Cinderace|Pyro Ball|p1a: Forretress\n|-supereffective|p1a: Forretress\n|-damage|p1a: Forretress|0 fnt\n|faint|p1a: Forretress\n|\n|upkeep\n|l|+ghiteoff\n|\n|t:|1700438870\n|switch|p1a: Enamorus|Enamorus, F|76\/100\n|-damage|p1a: Enamorus|51\/100|[from] Stealth Rock\n|turn|18\n|\n|t:|1700438878\n|move|p1a: Enamorus|Moonblast|p2a: Cinderace\n|-resisted|p2a: Cinderace\n|-damage|p2a: Cinderace|0 fnt\n|faint|p2a: Cinderace\n|\n|upkeep\n|\n|t:|1700438885\n|switch|p2a: Rillaboom|Rillaboom, M|98\/100\n|-fieldstart|move: Grassy Terrain|[from] ability: Grassy Surge|[of] p2a: Rillaboom\n|turn|19\n|\n|t:|1700438901\n|move|p1a: Enamorus|Moonblast|p2a: Rillaboom\n|-damage|p2a: Rillaboom|33\/100\n|move|p2a: Rillaboom|Wood Hammer|p1a: Enamorus\n|-resisted|p1a: Enamorus\n|-damage|p1a: Enamorus|0 fnt\n|faint|p1a: Enamorus\n|-damage|p2a: Rillaboom|19\/100|[from] Recoil\n|\n|win|puterrier\n|n|!Rodriguin_Gamer23|rodriguingamer23\n|n|\u2606puterrier|puterrier\n|n|+Irly|irly\n|n|+Scizor Boladao|scizorboladao\n","uploadtime":1700438905,"views":7,"p1id":"rodriguingamer23","p2id":"puterrier","formatid":"gen9ou","rating":0,"private":0,"password":""}