{"id":"gen9ou-1994243440","p1":"fropop","p2":"Flamin_snorlax","format":"[Gen 9] OU","log":"|j|\u2606fropop\n|j|\u2606Flamin_snorlax\n|t:|1700422731\n|gametype|singles\n|player|p1|fropop|n|1438\n|player|p2|Flamin_snorlax|marlon|1448\n|teamsize|p1|6\n|teamsize|p2|6\n|gen|9\n|tier|[Gen 9] OU\n|rated|\n|rule|Sleep Clause Mod: Limit one foe put to sleep\n|rule|Species Clause: Limit one of each Pok\u00e9mon\n|rule|OHKO Clause: OHKO moves are banned\n|rule|Evasion Items Clause: Evasion items are banned\n|rule|Evasion Moves Clause: Evasion moves are banned\n|rule|Endless Battle Clause: Forcing endless battles is banned\n|rule|HP Percentage Mod: HP is shown in percentages\n|clearpoke\n|poke|p1|Goodra-Hisui, F|\n|poke|p1|Alomomola, F|\n|poke|p1|Rillaboom, M|\n|poke|p1|Zapdos|\n|poke|p1|Cinderace, F|\n|poke|p1|Volcanion|\n|poke|p2|Clefable, M|\n|poke|p2|Alomomola, M|\n|poke|p2|Blissey, F|\n|poke|p2|Clodsire, M|\n|poke|p2|Dondozo, F|\n|poke|p2|Amoonguss, M|\n|teampreview\n|\n|t:|1700422768\n|start\n|switch|p1a: Rillaboom|Rillaboom, M|100\/100\n|switch|p2a: Alomomola|Alomomola, M|100\/100\n|-fieldstart|move: Grassy Terrain|[from] ability: Grassy Surge|[of] p1a: Rillaboom\n|turn|1\n|\n|t:|1700422787\n|switch|p2a: Amoonguss|Amoonguss, M, shiny|100\/100\n|move|p1a: Rillaboom|Knock Off|p2a: Amoonguss\n|-crit|p2a: Amoonguss\n|-damage|p2a: Amoonguss|52\/100\n|-enditem|p2a: Amoonguss|Heavy-Duty Boots|[from] move: Knock Off|[of] p1a: Rillaboom\n|\n|-heal|p2a: Amoonguss|58\/100|[from] Grassy Terrain\n|upkeep\n|turn|2\n|\n|t:|1700422801\n|switch|p1a: Goodra|Goodra-Hisui, F|100\/100\n|move|p2a: Amoonguss|Clear Smog|p1a: Goodra\n|-immune|p1a: Goodra\n|\n|-heal|p2a: Amoonguss|64\/100|[from] Grassy Terrain\n|upkeep\n|turn|3\n|\n|t:|1700422821\n|switch|p2a: Clodsire|Clodsire, M|100\/100\n|move|p1a: Goodra|Ice Beam|p2a: Clodsire\n|-supereffective|p2a: Clodsire\n|-damage|p2a: Clodsire|66\/100\n|\n|-heal|p2a: Clodsire|72\/100|[from] Grassy Terrain\n|upkeep\n|turn|4\n|\n|t:|1700422831\n|move|p1a: Goodra|Ice Beam|p2a: Clodsire\n|-supereffective|p2a: Clodsire\n|-damage|p2a: Clodsire|40\/100\n|-status|p2a: Clodsire|frz\n|-curestatus|p2a: Clodsire|frz|[msg]\n|move|p2a: Clodsire|Amnesia|p2a: Clodsire\n|-boost|p2a: Clodsire|spd|2\n|\n|-heal|p2a: Clodsire|47\/100|[from] Grassy Terrain\n|upkeep\n|turn|5\n|\n|t:|1700422850\n|move|p1a: Goodra|Ice Beam|p2a: Clodsire\n|-supereffective|p2a: Clodsire\n|-damage|p2a: Clodsire|30\/100\n|move|p2a: Clodsire|Recover|p2a: Clodsire\n|-heal|p2a: Clodsire|80\/100\n|\n|-heal|p2a: Clodsire|86\/100|[from] Grassy Terrain\n|-fieldend|move: Grassy Terrain\n|upkeep\n|turn|6\n|\n|t:|1700422860\n|move|p1a: Goodra|Earthquake|p2a: Clodsire\n|-supereffective|p2a: Clodsire\n|-damage|p2a: Clodsire|36\/100\n|move|p2a: Clodsire|Spikes|p1a: Goodra\n|-sidestart|p1: fropop|Spikes\n|\n|upkeep\n|turn|7\n|\n|t:|1700422867\n|switch|p2a: Alomomola|Alomomola, M|100\/100\n|move|p1a: Goodra|Earthquake|p2a: Alomomola\n|-damage|p2a: Alomomola|88\/100\n|\n|upkeep\n|turn|8\n|\n|t:|1700422877\n|move|p2a: Alomomola|Wish|p2a: Alomomola\n|move|p1a: Goodra|Earthquake|p2a: Alomomola\n|-damage|p2a: Alomomola|76\/100\n|\n|upkeep\n|turn|9\n|\n|t:|1700422886\n|move|p2a: Alomomola|Flip Turn|p1a: Goodra\n|-resisted|p1a: Goodra\n|-damage|p1a: Goodra|93\/100\n|\n|t:|1700422888\n|switch|p2a: Clodsire|Clodsire, M|36\/100|[from] Flip Turn\n|move|p1a: Goodra|Earthquake|p2a: Clodsire\n|-supereffective|p2a: Clodsire\n|-damage|p2a: Clodsire|0 fnt\n|faint|p2a: Clodsire\n|\n|upkeep\n|\n|t:|1700422894\n|switch|p2a: Alomomola|Alomomola, M|100\/100\n|turn|10\n|\n|t:|1700422905\n|move|p2a: Alomomola|Wish|p2a: Alomomola\n|move|p1a: Goodra|Earthquake|p2a: Alomomola\n|-damage|p2a: Alomomola|88\/100\n|\n|upkeep\n|turn|11\n|\n|t:|1700422913\n|move|p2a: Alomomola|Protect|p2a: Alomomola\n|-singleturn|p2a: Alomomola|Protect\n|move|p1a: Goodra|Draco Meteor|p2a: Alomomola\n|-activate|p2a: Alomomola|move: Protect\n|\n|-heal|p2a: Alomomola|100\/100|[from] move: Wish|[wisher] Alomomola\n|upkeep\n|turn|12\n|\n|t:|1700422924\n|move|p1a: Goodra|Flash Cannon|p2a: Alomomola\n|-resisted|p2a: Alomomola\n|-damage|p2a: Alomomola|78\/100\n|move|p2a: Alomomola|Mirror Coat|p1a: Goodra\n|-damage|p1a: Goodra|27\/100\n|\n|upkeep\n|turn|13\n|\n|t:|1700422940\n|switch|p1a: Alomomola|Alomomola, F|100\/100\n|move|p2a: Alomomola|Wish|p2a: Alomomola\n|\n|upkeep\n|turn|14\n|\n|t:|1700422947\n|switch|p2a: Amoonguss|Amoonguss, M, shiny|97\/100\n|move|p1a: Alomomola|Wish|p1a: Alomomola\n|\n|-heal|p2a: Amoonguss|100\/100|[from] move: Wish|[wisher] Alomomola\n|upkeep\n|turn|15\n|\n|t:|1700422959\n|switch|p1a: Goodra|Goodra-Hisui, F|27\/100\n|-damage|p1a: Goodra|15\/100|[from] Spikes\n|move|p2a: Amoonguss|Spore|p1a: Goodra\n|-ability|p1a: Goodra|Sap Sipper|boost\n|-boost|p1a: Goodra|atk|1\n|\n|-heal|p1a: Goodra|88\/100|[from] move: Wish|[wisher] Alomomola\n|upkeep\n|turn|16\n|\n|t:|1700422971\n|move|p1a: Goodra|Earthquake|p2a: Amoonguss\n|-damage|p2a: Amoonguss|75\/100\n|move|p2a: Amoonguss|Foul Play|p1a: Goodra\n|-damage|p1a: Goodra|59\/100\n|\n|upkeep\n|turn|17\n|\n|t:|1700422979\n|switch|p2a: Alomomola|Alomomola, M|100\/100\n|move|p1a: Goodra|Ice Beam|p2a: Alomomola\n|-resisted|p2a: Alomomola\n|-damage|p2a: Alomomola|83\/100\n|-status|p2a: Alomomola|frz\n|\n|upkeep\n|turn|18\n|\n|t:|1700422987\n|-curestatus|p2a: Alomomola|frz|[msg]\n|move|p2a: Alomomola|Wish|p2a: Alomomola\n|move|p1a: Goodra|Flash Cannon|p2a: Alomomola\n|-resisted|p2a: Alomomola\n|-damage|p2a: Alomomola|59\/100\n|\n|upkeep\n|turn|19\n|\n|t:|1700422999\n|move|p1a: Goodra|Draco Meteor|p2a: Alomomola\n|-damage|p2a: Alomomola|0 fnt\n|-unboost|p1a: Goodra|spa|2\n|faint|p2a: Alomomola\n|\n|upkeep\n|-message|Flamin_snorlax forfeited.\n|\n|win|fropop\n|raw|fropop's rating: 1438 &rarr; <strong>1459<\/strong><br \/>(+21 for winning)\n|raw|Flamin_snorlax's rating: 1448 &rarr; <strong>1427<\/strong><br \/>(-21 for losing)\n|l|\u2606Flamin_snorlax\n","uploadtime":1700423022,"views":24,"p1id":"fropop","p2id":"flaminsnorlax","formatid":"gen9ou","rating":1427,"private":0,"password":""}