{"id":"gen9ou-1991574466","p1":"dusteet","p2":"littensalt","format":"[Gen 9] OU","log":"|j|\u2606dusteet\n|j|\u2606littensalt\n|t:|1700089938\n|gametype|singles\n|player|p1|dusteet|karen|1311\n|player|p2|littensalt|calem|1373\n|teamsize|p1|6\n|teamsize|p2|6\n|gen|9\n|tier|[Gen 9] OU\n|rated|\n|rule|Sleep Clause Mod: Limit one foe put to sleep\n|rule|Species Clause: Limit one of each Pok\u00e9mon\n|rule|OHKO Clause: OHKO moves are banned\n|rule|Evasion Items Clause: Evasion items are banned\n|rule|Evasion Moves Clause: Evasion moves are banned\n|rule|Endless Battle Clause: Forcing endless battles is banned\n|rule|HP Percentage Mod: HP is shown in percentages\n|clearpoke\n|poke|p1|Rillaboom, F|\n|poke|p1|Garganacl, F|\n|poke|p1|Great Tusk|\n|poke|p1|Heatran, F|\n|poke|p1|Zapdos|\n|poke|p1|Walking Wake|\n|poke|p2|Thundurus-Therian, M|\n|poke|p2|Weezing-Galar, M|\n|poke|p2|Cinderace, F|\n|poke|p2|Dragapult, F|\n|poke|p2|Greninja-*, M|\n|poke|p2|Zamazenta-*|\n|teampreview\n|inactive|Battle timer is ON: inactive players will automatically lose when time's up. (requested by littensalt)\n|\n|t:|1700089957\n|start\n|switch|p1a: Garganacl|Garganacl, F|100\/100\n|switch|p2a: 5g|Thundurus-Therian, M, shiny|100\/100\n|turn|1\n|\n|t:|1700089966\n|-terastallize|p1a: Garganacl|Fairy\n|move|p2a: 5g|Grass Knot|p1a: Garganacl\n|-damage|p1a: Garganacl|52\/100\n|move|p1a: Garganacl|Iron Defense|p1a: Garganacl\n|-boost|p1a: Garganacl|def|2\n|\n|-heal|p1a: Garganacl|58\/100|[from] item: Leftovers\n|upkeep\n|turn|2\n|\n|t:|1700089972\n|switch|p2a: wheezy outta here|Weezing-Galar, M, shiny|100\/100\n|-ability|p2a: wheezy outta here|Neutralizing Gas\n|move|p1a: Garganacl|Iron Defense|p1a: Garganacl\n|-boost|p1a: Garganacl|def|2\n|\n|-heal|p1a: Garganacl|64\/100|[from] item: Leftovers\n|upkeep\n|turn|3\n|\n|t:|1700089977\n|move|p2a: wheezy outta here|Haze|p2a: wheezy outta here\n|-clearallboost\n|move|p1a: Garganacl|Recover|p1a: Garganacl\n|-heal|p1a: Garganacl|100\/100\n|\n|upkeep\n|turn|4\n|\n|t:|1700089982\n|move|p2a: wheezy outta here|Will-O-Wisp|p1a: Garganacl\n|-status|p1a: Garganacl|brn\n|move|p1a: Garganacl|Salt Cure|p2a: wheezy outta here\n|-damage|p2a: wheezy outta here|96\/100\n|-start|p2a: wheezy outta here|Salt Cure\n|\n|-damage|p1a: Garganacl|94\/100 brn|[from] brn\n|-damage|p2a: wheezy outta here|84\/100|[from] Salt Cure\n|upkeep\n|turn|5\n|\n|t:|1700089991\n|move|p2a: wheezy outta here|Strange Steam|p1a: Garganacl\n|-damage|p1a: Garganacl|76\/100 brn\n|move|p1a: Garganacl|Iron Defense|p1a: Garganacl\n|-boost|p1a: Garganacl|def|2\n|\n|-heal|p1a: Garganacl|82\/100 brn|[from] item: Leftovers\n|-damage|p1a: Garganacl|76\/100 brn|[from] brn\n|-damage|p2a: wheezy outta here|71\/100|[from] Salt Cure\n|upkeep\n|turn|6\n|\n|t:|1700089996\n|move|p2a: wheezy outta here|Haze|p2a: wheezy outta here\n|-clearallboost\n|move|p1a: Garganacl|Recover|p1a: Garganacl\n|-heal|p1a: Garganacl|100\/100 brn\n|\n|-damage|p1a: Garganacl|94\/100 brn|[from] brn\n|-damage|p2a: wheezy outta here|59\/100|[from] Salt Cure\n|upkeep\n|turn|7\n|\n|t:|1700090005\n|move|p2a: wheezy outta here|Pain Split|p1a: Garganacl\n|-sethp|p1a: Garganacl|71\/100 brn|[from] move: Pain Split|[silent]\n|-sethp|p2a: wheezy outta here|86\/100|[from] move: Pain Split\n|move|p1a: Garganacl|Salt Cure|p2a: wheezy outta here\n|-damage|p2a: wheezy outta here|82\/100\n|\n|-heal|p1a: Garganacl|78\/100 brn|[from] item: Leftovers\n|-damage|p1a: Garganacl|71\/100 brn|[from] brn\n|-damage|p2a: wheezy outta here|69\/100|[from] Salt Cure\n|upkeep\n|turn|8\n|\n|t:|1700090016\n|switch|p1a: Heatran|Heatran, F|100\/100\n|move|p2a: wheezy outta here|Strange Steam|p1a: Heatran\n|-resisted|p1a: Heatran\n|-damage|p1a: Heatran|96\/100\n|-start|p1a: Heatran|confusion\n|\n|-heal|p1a: Heatran|100\/100|[from] item: Leftovers\n|-damage|p2a: wheezy outta here|57\/100|[from] Salt Cure\n|upkeep\n|turn|9\n|\n|t:|1700090023\n|-end|p2a: wheezy outta here|ability: Neutralizing Gas\n|switch|p2a: FRANCHISE|Cinderace, F|100\/100\n|-activate|p1a: Heatran|confusion\n|move|p1a: Heatran|Stealth Rock|p2a: FRANCHISE\n|-sidestart|p2: littensalt|move: Stealth Rock\n|\n|upkeep\n|turn|10\n|\n|t:|1700090032\n|move|p2a: FRANCHISE|Court Change|p2a: FRANCHISE\n|-start|p2a: FRANCHISE|typechange|Normal|[from] ability: Libero\n|-swapsideconditions\n|-activate|p2a: FRANCHISE|move: Court Change\n|-activate|p1a: Heatran|confusion\n|-damage|p1a: Heatran|95\/100|[from] confusion\n|\n|-heal|p1a: Heatran|100\/100|[from] item: Leftovers\n|upkeep\n|turn|11\n|\n|t:|1700090038\n|move|p2a: FRANCHISE|U-turn|p1a: Heatran\n|-resisted|p1a: Heatran\n|-damage|p1a: Heatran|96\/100\n|\n|t:|1700090040\n|switch|p2a: N95|Greninja, M|100\/100|[from] U-turn\n|-end|p1a: Heatran|confusion\n|move|p1a: Heatran|Magma Storm|p2a: N95|[miss]\n|-miss|p1a: Heatran|p2a: N95\n|\n|-heal|p1a: Heatran|100\/100|[from] item: Leftovers\n|upkeep\n|turn|12\n|\n|t:|1700090047\n|move|p2a: N95|Dark Pulse|p1a: Heatran\n|-damage|p1a: Heatran|72\/100\n|-damage|p2a: N95|91\/100|[from] item: Life Orb\n|move|p1a: Heatran|Magma Storm|p2a: N95\n|-resisted|p2a: N95\n|-damage|p2a: N95|57\/100\n|-activate|p2a: N95|move: Magma Storm|[of] p1a: Heatran\n|\n|-heal|p1a: Heatran|78\/100|[from] item: Leftovers\n|-damage|p2a: N95|45\/100|[from] move: Magma Storm|[partiallytrapped]\n|upkeep\n|turn|13\n|\n|t:|1700090051\n|move|p2a: N95|Hydro Pump|p1a: Heatran\n|-supereffective|p1a: Heatran\n|-crit|p1a: Heatran\n|-damage|p1a: Heatran|0 fnt\n|faint|p1a: Heatran\n|-ability|p2a: N95|Battle Bond|boost\n|-boost|p2a: N95|atk|1\n|-boost|p2a: N95|spa|1\n|-boost|p2a: N95|spe|1\n|-activate|p2a: N95|ability: Battle Bond\n|-damage|p2a: N95|35\/100|[from] item: Life Orb\n|\n|-end|p2a: N95|Magma Storm|[partiallytrapped]|[silent]\n|upkeep\n|\n|t:|1700090058\n|switch|p1a: Rillaboom|Rillaboom, F|100\/100\n|-damage|p1a: Rillaboom|88\/100|[from] Stealth Rock\n|-fieldstart|move: Grassy Terrain|[from] ability: Grassy Surge|[of] p1a: Rillaboom\n|turn|14\n|\n|t:|1700090063\n|move|p2a: N95|Water Shuriken|p1a: Rillaboom\n|-resisted|p1a: Rillaboom\n|-damage|p1a: Rillaboom|80\/100\n|-resisted|p1a: Rillaboom\n|-damage|p1a: Rillaboom|71\/100\n|-resisted|p1a: Rillaboom\n|-damage|p1a: Rillaboom|62\/100\n|-hitcount|p1a: Rillaboom|3\n|-damage|p2a: N95|25\/100|[from] item: Life Orb\n|move|p1a: Rillaboom|Grassy Glide|p2a: N95\n|-supereffective|p2a: N95\n|-damage|p2a: N95|0 fnt\n|faint|p2a: N95\n|\n|-heal|p1a: Rillaboom|68\/100|[from] Grassy Terrain\n|upkeep\n|\n|t:|1700090073\n|switch|p2a: wheezy outta here|Weezing-Galar, M, shiny|57\/100\n|-ability|p2a: wheezy outta here|Neutralizing Gas\n|turn|15\n|\n|t:|1700090078\n|switch|p1a: Garganacl|Garganacl, F, tera:Fairy|71\/100 brn\n|-damage|p1a: Garganacl|59\/100 brn|[from] Stealth Rock\n|move|p2a: wheezy outta here|Will-O-Wisp|p1a: Garganacl|[miss]\n|-miss|p2a: wheezy outta here|p1a: Garganacl\n|\n|-heal|p2a: wheezy outta here|63\/100|[from] Grassy Terrain\n|-heal|p1a: Garganacl|65\/100 brn|[from] Grassy Terrain\n|-heal|p1a: Garganacl|71\/100 brn|[from] item: Leftovers\n|-damage|p1a: Garganacl|65\/100 brn|[from] brn\n|upkeep\n|turn|16\n|\n|t:|1700090083\n|move|p2a: wheezy outta here|Strange Steam|p1a: Garganacl\n|-damage|p1a: Garganacl|46\/100 brn\n|move|p1a: Garganacl|Recover|p1a: Garganacl\n|-heal|p1a: Garganacl|96\/100 brn\n|\n|-heal|p2a: wheezy outta here|69\/100|[from] Grassy Terrain\n|-heal|p1a: Garganacl|100\/100 brn|[from] Grassy Terrain\n|-damage|p1a: Garganacl|94\/100 brn|[from] brn\n|upkeep\n|turn|17\n|\n|t:|1700090102\n|move|p2a: wheezy outta here|Pain Split|p1a: Garganacl\n|-sethp|p1a: Garganacl|76\/100 brn|[from] move: Pain Split|[silent]\n|-sethp|p2a: wheezy outta here|91\/100|[from] move: Pain Split\n|move|p1a: Garganacl|Salt Cure|p2a: wheezy outta here\n|-damage|p2a: wheezy outta here|87\/100\n|-start|p2a: wheezy outta here|Salt Cure\n|\n|-heal|p2a: wheezy outta here|93\/100|[from] Grassy Terrain\n|-heal|p1a: Garganacl|82\/100 brn|[from] Grassy Terrain\n|-heal|p1a: Garganacl|88\/100 brn|[from] item: Leftovers\n|-damage|p1a: Garganacl|82\/100 brn|[from] brn\n|-damage|p2a: wheezy outta here|81\/100|[from] Salt Cure\n|upkeep\n|turn|18\n|\n|t:|1700090118\n|switch|p1a: Great Tusk|Great Tusk|100\/100\n|-damage|p1a: Great Tusk|97\/100|[from] Stealth Rock\n|move|p2a: wheezy outta here|Strange Steam|p1a: Great Tusk\n|-supereffective|p1a: Great Tusk\n|-damage|p1a: Great Tusk|22\/100\n|\n|-heal|p1a: Great Tusk|28\/100|[from] Grassy Terrain\n|-heal|p1a: Great Tusk|35\/100|[from] item: Leftovers\n|-heal|p2a: wheezy outta here|87\/100|[from] Grassy Terrain\n|-damage|p2a: wheezy outta here|74\/100|[from] Salt Cure\n|-fieldend|move: Grassy Terrain\n|upkeep\n|turn|19\n|\n|t:|1700090130\n|-end|p2a: wheezy outta here|ability: Neutralizing Gas\n|switch|p2a: 5g|Thundurus-Therian, M, shiny|100\/100\n|move|p1a: Great Tusk|Ice Spinner|p2a: 5g\n|-supereffective|p2a: 5g\n|-damage|p2a: 5g|31\/100\n|\n|-heal|p1a: Great Tusk|41\/100|[from] item: Leftovers\n|upkeep\n|turn|20\n|\n|t:|1700090144\n|-end|p1a: Great Tusk|Protosynthesis|[silent]\n|switch|p1a: Zapdos|Zapdos|100\/100\n|move|p2a: 5g|Tera Blast|p1a: Zapdos\n|-damage|p1a: Zapdos|53\/100\n|\n|upkeep\n|turn|21\n|\n|t:|1700090157\n|switch|p2a: FRANCHISE|Cinderace, F|100\/100\n|move|p1a: Zapdos|Hurricane|p2a: FRANCHISE|[miss]\n|-miss|p1a: Zapdos|p2a: FRANCHISE\n|\n|upkeep\n|turn|22\n|\n|t:|1700090164\n|move|p2a: FRANCHISE|Pyro Ball|p1a: Zapdos\n|-damage|p1a: Zapdos|0 fnt\n|faint|p1a: Zapdos\n|\n|upkeep\n|\n|t:|1700090167\n|switch|p1a: Walking Wake|Walking Wake|100\/100\n|turn|23\n|\n|t:|1700090172\n|move|p2a: FRANCHISE|U-turn|p1a: Walking Wake\n|-start|p2a: FRANCHISE|typechange|Bug|[from] ability: Libero\n|-damage|p1a: Walking Wake|63\/100\n|\n|t:|1700090186\n|switch|p2a: wheezy outta here|Weezing-Galar, M, shiny|74\/100|[from] U-turn\n|-ability|p2a: wheezy outta here|Neutralizing Gas\n|move|p1a: Walking Wake|Knock Off|p2a: wheezy outta here\n|-resisted|p2a: wheezy outta here\n|-damage|p2a: wheezy outta here|69\/100\n|-damage|p1a: Walking Wake|46\/100|[from] item: Rocky Helmet|[of] p2a: wheezy outta here\n|-enditem|p2a: wheezy outta here|Rocky Helmet|[from] move: Knock Off|[of] p1a: Walking Wake\n|\n|upkeep\n|turn|24\n|\n|t:|1700090202\n|-end|p2a: wheezy outta here|ability: Neutralizing Gas\n|switch|p2a: KIDS SEE GHOST|Dragapult, F, shiny|100\/100\n|move|p1a: Walking Wake|Scald|p2a: KIDS SEE GHOST\n|-resisted|p2a: KIDS SEE GHOST\n|-damage|p2a: KIDS SEE GHOST|71\/100\n|\n|upkeep\n|turn|25\n|\n|t:|1700090211\n|move|p2a: KIDS SEE GHOST|Shadow Ball|p1a: Walking Wake\n|-damage|p1a: Walking Wake|0 fnt\n|faint|p1a: Walking Wake\n|-end|p1a: Walking Wake|Protosynthesis|[silent]\n|\n|upkeep\n|\n|t:|1700090218\n|switch|p1a: Rillaboom|Rillaboom, F|68\/100\n|-damage|p1a: Rillaboom|55\/100|[from] Stealth Rock\n|-fieldstart|move: Grassy Terrain|[from] ability: Grassy Surge|[of] p1a: Rillaboom\n|turn|26\n|\n|t:|1700090222\n|switch|p2a: wheezy outta here|Weezing-Galar, M, shiny|69\/100\n|-ability|p2a: wheezy outta here|Neutralizing Gas\n|move|p1a: Rillaboom|Knock Off|p2a: wheezy outta here\n|-resisted|p2a: wheezy outta here\n|-damage|p2a: wheezy outta here|57\/100\n|\n|-heal|p1a: Rillaboom|62\/100|[from] Grassy Terrain\n|-heal|p2a: wheezy outta here|63\/100|[from] Grassy Terrain\n|upkeep\n|turn|27\n|\n|t:|1700090231\n|switch|p1a: Great Tusk|Great Tusk|41\/100\n|-damage|p1a: Great Tusk|38\/100|[from] Stealth Rock\n|move|p2a: wheezy outta here|Will-O-Wisp|p1a: Great Tusk|[miss]\n|-miss|p2a: wheezy outta here|p1a: Great Tusk\n|\n|-heal|p1a: Great Tusk|44\/100|[from] Grassy Terrain\n|-heal|p1a: Great Tusk|50\/100|[from] item: Leftovers\n|-heal|p2a: wheezy outta here|69\/100|[from] Grassy Terrain\n|upkeep\n|turn|28\n|\n|t:|1700090238\n|move|p1a: Great Tusk|Headlong Rush|p2a: wheezy outta here\n|-supereffective|p2a: wheezy outta here\n|-crit|p2a: wheezy outta here\n|-damage|p2a: wheezy outta here|0 fnt\n|-unboost|p1a: Great Tusk|def|1\n|-unboost|p1a: Great Tusk|spd|1\n|faint|p2a: wheezy outta here\n|-end|p2a: wheezy outta here|ability: Neutralizing Gas\n|\n|-heal|p1a: Great Tusk|57\/100|[from] Grassy Terrain\n|-heal|p1a: Great Tusk|63\/100|[from] item: Leftovers\n|upkeep\n|\n|t:|1700090242\n|switch|p2a: FRANCHISE|Cinderace, F|100\/100\n|turn|29\n|\n|t:|1700090244\n|move|p2a: FRANCHISE|Pyro Ball|p1a: Great Tusk\n|-damage|p1a: Great Tusk|8\/100\n|move|p1a: Great Tusk|Rapid Spin|p2a: FRANCHISE\n|-damage|p2a: FRANCHISE|79\/100\n|-boost|p1a: Great Tusk|spe|1\n|-sideend|p1: dusteet|Stealth Rock|[from] move: Rapid Spin|[of] p1a: Great Tusk\n|\n|-heal|p1a: Great Tusk|14\/100|[from] Grassy Terrain\n|-heal|p1a: Great Tusk|20\/100|[from] item: Leftovers\n|-heal|p2a: FRANCHISE|85\/100|[from] Grassy Terrain\n|upkeep\n|turn|30\n|\n|t:|1700090248\n|move|p2a: FRANCHISE|Sucker Punch|p1a: Great Tusk\n|-start|p2a: FRANCHISE|typechange|Dark|[from] ability: Libero\n|-resisted|p1a: Great Tusk\n|-damage|p1a: Great Tusk|3\/100\n|move|p1a: Great Tusk|Headlong Rush|p2a: FRANCHISE\n|-damage|p2a: FRANCHISE|10\/100\n|-unboost|p1a: Great Tusk|def|1\n|-unboost|p1a: Great Tusk|spd|1\n|\n|-heal|p1a: Great Tusk|9\/100|[from] Grassy Terrain\n|-heal|p1a: Great Tusk|15\/100|[from] item: Leftovers\n|-heal|p2a: FRANCHISE|16\/100|[from] Grassy Terrain\n|-fieldend|move: Grassy Terrain\n|upkeep\n|turn|31\n|\n|t:|1700090256\n|switch|p2a: 5g|Thundurus-Therian, M, shiny|31\/100\n|move|p1a: Great Tusk|Bulk Up|p1a: Great Tusk\n|-boost|p1a: Great Tusk|atk|1\n|-boost|p1a: Great Tusk|def|1\n|\n|-heal|p1a: Great Tusk|22\/100|[from] item: Leftovers\n|upkeep\n|turn|32\n|\n|t:|1700090262\n|move|p1a: Great Tusk|Ice Spinner|p2a: 5g\n|-supereffective|p2a: 5g\n|-damage|p2a: 5g|0 fnt\n|faint|p2a: 5g\n|\n|-heal|p1a: Great Tusk|28\/100|[from] item: Leftovers\n|upkeep\n|\n|t:|1700090267\n|switch|p2a: FRANCHISE|Cinderace, F|16\/100\n|turn|33\n|\n|t:|1700090275\n|move|p1a: Great Tusk|Ice Spinner|p2a: FRANCHISE\n|-resisted|p2a: FRANCHISE\n|-damage|p2a: FRANCHISE|0 fnt\n|faint|p2a: FRANCHISE\n|\n|-heal|p1a: Great Tusk|34\/100|[from] item: Leftovers\n|upkeep\n|\n|t:|1700090278\n|switch|p2a: november|Zamazenta|100\/100\n|-ability|p2a: november|Dauntless Shield|boost\n|-boost|p2a: november|def|1\n|turn|34\n|\n|t:|1700090285\n|move|p1a: Great Tusk|Headlong Rush|p2a: november\n|-damage|p2a: november|62\/100\n|-unboost|p1a: Great Tusk|def|1\n|-unboost|p1a: Great Tusk|spd|1\n|move|p2a: november|Substitute|p2a: november\n|-start|p2a: november|Substitute\n|-damage|p2a: november|37\/100\n|\n|-heal|p1a: Great Tusk|40\/100|[from] item: Leftovers\n|-heal|p2a: november|43\/100|[from] item: Leftovers\n|upkeep\n|turn|35\n|\n|t:|1700090291\n|move|p1a: Great Tusk|Headlong Rush|p2a: november\n|-end|p2a: november|Substitute\n|-unboost|p1a: Great Tusk|def|1\n|-unboost|p1a: Great Tusk|spd|1\n|move|p2a: november|Iron Defense|p2a: november\n|-boost|p2a: november|def|2\n|\n|-heal|p1a: Great Tusk|47\/100|[from] item: Leftovers\n|-heal|p2a: november|49\/100|[from] item: Leftovers\n|upkeep\n|turn|36\n|\n|t:|1700090298\n|move|p1a: Great Tusk|Headlong Rush|p2a: november\n|-damage|p2a: november|25\/100\n|-unboost|p1a: Great Tusk|def|1\n|-unboost|p1a: Great Tusk|spd|1\n|move|p2a: november|Body Press|p1a: Great Tusk\n|-damage|p1a: Great Tusk|0 fnt\n|faint|p1a: Great Tusk\n|-end|p1a: Great Tusk|Protosynthesis|[silent]\n|\n|-heal|p2a: november|32\/100|[from] item: Leftovers\n|upkeep\n|\n|t:|1700090306\n|switch|p1a: Rillaboom|Rillaboom, F|62\/100\n|-fieldstart|move: Grassy Terrain|[from] ability: Grassy Surge|[of] p1a: Rillaboom\n|turn|37\n|\n|t:|1700090307\n|move|p2a: november|Body Press|p1a: Rillaboom\n|-damage|p1a: Rillaboom|0 fnt\n|faint|p1a: Rillaboom\n|\n|-heal|p2a: november|38\/100|[from] Grassy Terrain\n|-heal|p2a: november|44\/100|[from] item: Leftovers\n|upkeep\n|\n|t:|1700090310\n|switch|p1a: Garganacl|Garganacl, F, tera:Fairy|82\/100 brn\n|turn|38\n|\n|t:|1700090314\n|move|p2a: november|Substitute|p2a: november\n|-start|p2a: november|Substitute\n|-damage|p2a: november|19\/100\n|move|p1a: Garganacl|Iron Defense|p1a: Garganacl\n|-boost|p1a: Garganacl|def|2\n|\n|-heal|p2a: november|25\/100|[from] Grassy Terrain\n|-heal|p2a: november|31\/100|[from] item: Leftovers\n|-heal|p1a: Garganacl|88\/100 brn|[from] Grassy Terrain\n|-heal|p1a: Garganacl|94\/100 brn|[from] item: Leftovers\n|-damage|p1a: Garganacl|88\/100 brn|[from] brn\n|upkeep\n|turn|39\n|\n|t:|1700090320\n|move|p2a: november|Iron Defense|p2a: november\n|-boost|p2a: november|def|2\n|move|p1a: Garganacl|Iron Defense|p1a: Garganacl\n|-boost|p1a: Garganacl|def|2\n|\n|-heal|p2a: november|38\/100|[from] Grassy Terrain\n|-heal|p2a: november|44\/100|[from] item: Leftovers\n|-heal|p1a: Garganacl|94\/100 brn|[from] Grassy Terrain\n|-heal|p1a: Garganacl|100\/100 brn|[from] item: Leftovers\n|-damage|p1a: Garganacl|94\/100 brn|[from] brn\n|upkeep\n|turn|40\n|\n|t:|1700090322\n|move|p2a: november|Iron Defense|p2a: november\n|-boost|p2a: november|def|1\n|move|p1a: Garganacl|Iron Defense|p1a: Garganacl\n|-boost|p1a: Garganacl|def|2\n|\n|-heal|p2a: november|50\/100|[from] Grassy Terrain\n|-heal|p2a: november|56\/100|[from] item: Leftovers\n|-heal|p1a: Garganacl|100\/100 brn|[from] Grassy Terrain\n|-damage|p1a: Garganacl|94\/100 brn|[from] brn\n|upkeep\n|turn|41\n|\n|t:|1700090325\n|move|p2a: november|Body Press|p1a: Garganacl\n|-resisted|p1a: Garganacl\n|-damage|p1a: Garganacl|82\/100 brn\n|move|p1a: Garganacl|Body Press|p2a: november\n|-activate|p2a: november|move: Substitute|[damage]\n|\n|-heal|p2a: november|62\/100|[from] Grassy Terrain\n|-heal|p2a: november|69\/100|[from] item: Leftovers\n|-heal|p1a: Garganacl|88\/100 brn|[from] Grassy Terrain\n|-heal|p1a: Garganacl|95\/100 brn|[from] item: Leftovers\n|-damage|p1a: Garganacl|88\/100 brn|[from] brn\n|-fieldend|move: Grassy Terrain\n|upkeep\n|turn|42\n|\n|t:|1700090332\n|move|p2a: november|Body Press|p1a: Garganacl\n|-resisted|p1a: Garganacl\n|-crit|p1a: Garganacl\n|-damage|p1a: Garganacl|25\/100 brn\n|move|p1a: Garganacl|Body Press|p2a: november\n|-activate|p2a: november|move: Substitute|[damage]\n|\n|-heal|p2a: november|75\/100|[from] item: Leftovers\n|-heal|p1a: Garganacl|31\/100 brn|[from] item: Leftovers\n|-damage|p1a: Garganacl|25\/100 brn|[from] brn\n|upkeep\n|turn|43\n|\n|t:|1700090338\n|move|p2a: november|Body Press|p1a: Garganacl\n|-resisted|p1a: Garganacl\n|-crit|p1a: Garganacl\n|-damage|p1a: Garganacl|0 fnt\n|faint|p1a: Garganacl\n|\n|win|littensalt\n|raw|dusteet's rating: 1311 &rarr; <strong>1295<\/strong><br \/>(-16 for losing)\n|raw|littensalt's rating: 1373 &rarr; <strong>1389<\/strong><br \/>(+16 for winning)\n|c|\u2606littensalt|ggwp\n|l|\u2606dusteet\n","uploadtime":1700090349,"views":13,"p1id":"dusteet","p2id":"littensalt","formatid":"gen9ou","rating":1295,"private":0,"password":""}