{"id":"gen9ou-1993792633","p1":"Docter_Peng99","p2":"FloweryFocus","format":"[Gen 9] OU","log":"|j|\u2606Docter_Peng99\n|j|\u2606FloweryFocus\n|t:|1700357876\n|gametype|singles\n|player|p1|Docter_Peng99|larry|1364\n|player|p2|FloweryFocus|101|1342\n|teamsize|p1|6\n|teamsize|p2|6\n|gen|9\n|tier|[Gen 9] OU\n|rated|\n|rule|Sleep Clause Mod: Limit one foe put to sleep\n|rule|Species Clause: Limit one of each Pok\u00e9mon\n|rule|OHKO Clause: OHKO moves are banned\n|rule|Evasion Items Clause: Evasion items are banned\n|rule|Evasion Moves Clause: Evasion moves are banned\n|rule|Endless Battle Clause: Forcing endless battles is banned\n|rule|HP Percentage Mod: HP is shown in percentages\n|clearpoke\n|poke|p1|Clodsire, M|\n|poke|p1|Great Tusk|\n|poke|p1|Iron Moth|\n|poke|p1|Iron Valiant|\n|poke|p1|Dragapult, M|\n|poke|p1|Kingambit, M|\n|poke|p2|Tyranitar, F|\n|poke|p2|Rillaboom, M|\n|poke|p2|Hatterene, F|\n|poke|p2|Alomomola, M|\n|poke|p2|Dragapult, M|\n|poke|p2|Scizor, M|\n|teampreview\n|\n|t:|1700357907\n|start\n|switch|p1a: Ancient Elephant|Great Tusk|100\/100\n|switch|p2a: Hatterene|Hatterene, F|100\/100\n|turn|1\n|\n|t:|1700357911\n|move|p1a: Ancient Elephant|Knock Off|p2a: Hatterene\n|-damage|p2a: Hatterene|70\/100\n|-enditem|p2a: Hatterene|Leftovers|[from] move: Knock Off|[of] p1a: Ancient Elephant\n|move|p2a: Hatterene|Draining Kiss|p1a: Ancient Elephant\n|-supereffective|p1a: Ancient Elephant\n|-damage|p1a: Ancient Elephant|60\/100\n|-heal|p2a: Hatterene|100\/100|[from] drain|[of] p1a: Ancient Elephant\n|\n|upkeep\n|turn|2\n|\n|t:|1700357920\n|move|p1a: Ancient Elephant|Earthquake|p2a: Hatterene\n|-damage|p2a: Hatterene|53\/100\n|move|p2a: Hatterene|Calm Mind|p2a: Hatterene\n|-boost|p2a: Hatterene|spa|1\n|-boost|p2a: Hatterene|spd|1\n|\n|upkeep\n|turn|3\n|\n|t:|1700357922\n|move|p1a: Ancient Elephant|Earthquake|p2a: Hatterene\n|-damage|p2a: Hatterene|9\/100\n|move|p2a: Hatterene|Draining Kiss|p1a: Ancient Elephant\n|-supereffective|p1a: Ancient Elephant\n|-damage|p1a: Ancient Elephant|0 fnt\n|-heal|p2a: Hatterene|70\/100|[from] drain|[of] p1a: Ancient Elephant\n|faint|p1a: Ancient Elephant\n|-end|p1a: Ancient Elephant|Protosynthesis|[silent]\n|\n|upkeep\n|\n|t:|1700357925\n|switch|p1a: Solarflare|Iron Moth|100\/100\n|-enditem|p1a: Solarflare|Booster Energy\n|-activate|p1a: Solarflare|ability: Quark Drive|[fromitem]\n|-start|p1a: Solarflare|quarkdrivespe\n|turn|4\n|\n|t:|1700357945\n|-terastallize|p2a: Hatterene|Water\n|move|p1a: Solarflare|Sludge Wave|p2a: Hatterene\n|-damage|p2a: Hatterene|33\/100\n|move|p2a: Hatterene|Psyshock|p1a: Solarflare\n|-supereffective|p1a: Solarflare\n|-damage|p1a: Solarflare|0 fnt\n|faint|p1a: Solarflare\n|-end|p1a: Solarflare|Quark Drive|[silent]\n|\n|upkeep\n|\n|t:|1700357951\n|switch|p1a: Gotta Sweep|Dragapult, M, shiny|100\/100\n|turn|5\n|\n|t:|1700357954\n|move|p1a: Gotta Sweep|Dragon Darts|p2a: Hatterene\n|-damage|p2a: Hatterene|1\/100\n|-anim|p1a: Gotta Sweep|Dragon Darts|p2a: Hatterene\n|-damage|p2a: Hatterene|0 fnt\n|faint|p2a: Hatterene\n|\n|upkeep\n|\n|t:|1700357961\n|switch|p2a: Tyranitar|Tyranitar, F|100\/100\n|-weather|Sandstorm|[from] ability: Sand Stream|[of] p2a: Tyranitar\n|turn|6\n|\n|t:|1700357965\n|switch|p1a: GodClod|Clodsire, M, shiny|100\/100\n|move|p2a: Tyranitar|Knock Off|p1a: GodClod\n|-damage|p1a: GodClod|36\/100\n|-enditem|p1a: GodClod|Leftovers|[from] move: Knock Off|[of] p2a: Tyranitar\n|\n|-weather|Sandstorm|[upkeep]\n|upkeep\n|turn|7\n|\n|t:|1700357969\n|move|p2a: Tyranitar|Earthquake|p1a: GodClod\n|-supereffective|p1a: GodClod\n|-damage|p1a: GodClod|0 fnt\n|faint|p1a: GodClod\n|\n|-weather|Sandstorm|[upkeep]\n|upkeep\n|\n|t:|1700357970\n|switch|p1a: Metaslayer|Iron Valiant|100\/100\n|-enditem|p1a: Metaslayer|Booster Energy\n|-activate|p1a: Metaslayer|ability: Quark Drive|[fromitem]\n|-start|p1a: Metaslayer|quarkdrivespe\n|turn|8\n|\n|t:|1700357978\n|switch|p2a: Alomomola|Alomomola, M|100\/100\n|move|p1a: Metaslayer|Close Combat|p2a: Alomomola\n|-damage|p2a: Alomomola|71\/100\n|-unboost|p1a: Metaslayer|def|1\n|-unboost|p1a: Metaslayer|spd|1\n|\n|-weather|Sandstorm|[upkeep]\n|-damage|p1a: Metaslayer|94\/100|[from] Sandstorm\n|-damage|p2a: Alomomola|65\/100|[from] Sandstorm\n|upkeep\n|turn|9\n|\n|t:|1700357994\n|move|p1a: Metaslayer|Moonblast|p2a: Alomomola\n|-damage|p2a: Alomomola|5\/100\n|move|p2a: Alomomola|Flip Turn|p1a: Metaslayer\n|-damage|p1a: Metaslayer|61\/100\n|\n|t:|1700358001\n|switch|p2a: Scizor|Scizor, M|100\/100|[from] Flip Turn\n|\n|-weather|Sandstorm|[upkeep]\n|-damage|p1a: Metaslayer|55\/100|[from] Sandstorm\n|upkeep\n|turn|10\n|\n|t:|1700358004\n|move|p2a: Scizor|Bullet Punch|p1a: Metaslayer\n|-supereffective|p1a: Metaslayer\n|-damage|p1a: Metaslayer|0 fnt\n|faint|p1a: Metaslayer\n|-end|p1a: Metaslayer|Quark Drive|[silent]\n|-damage|p2a: Scizor|90\/100|[from] item: Life Orb\n|\n|-weather|none\n|upkeep\n|\n|t:|1700358006\n|switch|p1a: Gotta Sweep|Dragapult, M, shiny|100\/100\n|turn|11\n|\n|t:|1700358011\n|switch|p2a: Alomomola|Alomomola, M|39\/100\n|move|p1a: Gotta Sweep|Dragon Darts|p2a: Alomomola\n|-damage|p2a: Alomomola|19\/100\n|-anim|p1a: Gotta Sweep|Dragon Darts|p2a: Alomomola\n|-damage|p2a: Alomomola|0 fnt\n|faint|p2a: Alomomola\n|\n|upkeep\n|\n|t:|1700358023\n|switch|p2a: Tyranitar|Tyranitar, F|100\/100\n|-weather|Sandstorm|[from] ability: Sand Stream|[of] p2a: Tyranitar\n|turn|12\n|\n|t:|1700358024\n|move|p1a: Gotta Sweep|Dragon Darts|p2a: Tyranitar\n|-damage|p2a: Tyranitar|71\/100\n|-anim|p1a: Gotta Sweep|Dragon Darts|p2a: Tyranitar\n|-damage|p2a: Tyranitar|40\/100\n|move|p2a: Tyranitar|Knock Off|p1a: Gotta Sweep\n|-supereffective|p1a: Gotta Sweep\n|-damage|p1a: Gotta Sweep|0 fnt\n|-enditem|p1a: Gotta Sweep|Choice Band|[from] move: Knock Off|[of] p2a: Tyranitar\n|faint|p1a: Gotta Sweep\n|\n|-weather|Sandstorm|[upkeep]\n|upkeep\n|\n|t:|1700358026\n|switch|p1a: Checkmate|Kingambit, M, shiny|100\/100\n|-activate|p1a: Checkmate|ability: Supreme Overlord\n|-start|p1a: Checkmate|fallen5|[silent]\n|turn|13\n|\n|t:|1700358030\n|-terastallize|p1a: Checkmate|Flying\n|move|p1a: Checkmate|Swords Dance|p1a: Checkmate\n|-boost|p1a: Checkmate|atk|2\n|move|p2a: Tyranitar|Stone Edge|p1a: Checkmate\n|-supereffective|p1a: Checkmate\n|-damage|p1a: Checkmate|3\/100\n|\n|-weather|Sandstorm|[upkeep]\n|-damage|p1a: Checkmate|0 fnt|[from] Sandstorm\n|faint|p1a: Checkmate\n|-end|p1a: Checkmate|fallen5|[silent]\n|\n|win|FloweryFocus\n|upkeep\n|raw|Docter_Peng99's rating: 1364 &rarr; <strong>1343<\/strong><br \/>(-21 for losing)\n|raw|FloweryFocus's rating: 1342 &rarr; <strong>1363<\/strong><br \/>(+21 for winning)\n|l|\u2606Docter_Peng99\n","uploadtime":1700358048,"views":8,"p1id":"docterpeng99","p2id":"floweryfocus","formatid":"gen9ou","rating":1343,"private":0,"password":""}