{"id":"gen9ou-1997356873","p1":"eltodo13","p2":"SilphGambleR","format":"[Gen 9] OU","log":"|j|\u2606eltodo13\n|j|\u2606SilphGambleR\n|t:|1700793609\n|gametype|singles\n|player|p1|eltodo13|1|1544\n|player|p2|SilphGambleR|lady-gen4|1655\n|teamsize|p1|6\n|teamsize|p2|6\n|gen|9\n|tier|[Gen 9] OU\n|rated|\n|rule|Sleep Clause Mod: Limit one foe put to sleep\n|rule|Species Clause: Limit one of each Pok\u00e9mon\n|rule|OHKO Clause: OHKO moves are banned\n|rule|Evasion Items Clause: Evasion items are banned\n|rule|Evasion Moves Clause: Evasion moves are banned\n|rule|Endless Battle Clause: Forcing endless battles is banned\n|rule|HP Percentage Mod: HP is shown in percentages\n|clearpoke\n|poke|p1|Ogerpon-Cornerstone, F|\n|poke|p1|Garchomp, F|\n|poke|p1|Avalugg-Hisui, M|\n|poke|p1|Dragapult, F|\n|poke|p1|Gholdengo|\n|poke|p1|Dragonite, M|\n|poke|p2|Azumarill, F|\n|poke|p2|Zapdos|\n|poke|p2|Slowking-Galar, F|\n|poke|p2|Greninja-*, M|\n|poke|p2|Iron Valiant|\n|poke|p2|Salamence, M|\n|teampreview\n|inactive|Battle timer is ON: inactive players will automatically lose when time's up. (requested by eltodo13)\n|\n|t:|1700793615\n|start\n|switch|p1a: Avalugg|Avalugg-Hisui, M|100\/100\n|switch|p2a: Greninja|Greninja, M|100\/100\n|turn|1\n|\n|t:|1700793622\n|move|p2a: Greninja|Surf|p1a: Avalugg\n|-start|p2a: Greninja|typechange|Water|[from] ability: Protean\n|-supereffective|p1a: Avalugg\n|-ability|p1a: Avalugg|Sturdy\n|-damage|p1a: Avalugg|1\/100\n|move|p1a: Avalugg|Mirror Coat|p2a: Greninja\n|-damage|p2a: Greninja|0 fnt\n|faint|p2a: Greninja\n|\n|upkeep\n|\n|t:|1700793630\n|switch|p2a: Azumarill|Azumarill, F|100\/100\n|turn|2\n|-enditem|p1a: Avalugg|Custap Berry|[eat]\n|-activate|p1a: Avalugg|item: Custap Berry|[consumed]\n|\n|t:|1700793633\n|move|p2a: Azumarill|Aqua Jet|p1a: Avalugg\n|-supereffective|p1a: Avalugg\n|-damage|p1a: Avalugg|0 fnt\n|faint|p1a: Avalugg\n|\n|upkeep\n|\n|t:|1700793641\n|switch|p1a: Ogerpon|Ogerpon-Cornerstone, F|100\/100\n|turn|3\n|\n|t:|1700793647\n|-terastallize|p2a: Azumarill|Poison\n|move|p1a: Ogerpon|U-turn|p2a: Azumarill\n|-resisted|p2a: Azumarill\n|-damage|p2a: Azumarill|85\/100\n|\n|t:|1700793650\n|switch|p1a: Garchomp|Garchomp, F|100\/100|[from] U-turn\n|move|p2a: Azumarill|Brick Break|p1a: Garchomp\n|-damage|p1a: Garchomp|73\/100\n|-damage|p2a: Azumarill|73\/100|[from] ability: Rough Skin|[of] p1a: Garchomp\n|-damage|p2a: Azumarill|56\/100|[from] item: Rocky Helmet|[of] p1a: Garchomp\n|\n|upkeep\n|turn|4\n|\n|t:|1700793657\n|switch|p2a: Salamence|Salamence, M|100\/100\n|-ability|p2a: Salamence|Intimidate|boost\n|-unboost|p1a: Garchomp|atk|1\n|move|p1a: Garchomp|Stealth Rock|p2a: Salamence\n|-sidestart|p2: SilphGambleR|move: Stealth Rock\n|\n|upkeep\n|turn|5\n|\n|t:|1700793659\n|-terastallize|p1a: Garchomp|Fairy\n|move|p1a: Garchomp|Tera Blast|p2a: Salamence|[anim] Tera Blast Fairy\n|-supereffective|p2a: Salamence\n|-damage|p2a: Salamence|36\/100\n|move|p2a: Salamence|Draco Meteor|p1a: Garchomp\n|-immune|p1a: Garchomp\n|\n|upkeep\n|turn|6\n|\n|t:|1700793672\n|move|p1a: Garchomp|Tera Blast|p2a: Salamence|[anim] Tera Blast Fairy\n|-supereffective|p2a: Salamence\n|-damage|p2a: Salamence|0 fnt\n|faint|p2a: Salamence\n|\n|upkeep\n|\n|t:|1700793676\n|switch|p2a: Iron Valiant|Iron Valiant|100\/100\n|-damage|p2a: Iron Valiant|94\/100|[from] Stealth Rock\n|-enditem|p2a: Iron Valiant|Booster Energy\n|-activate|p2a: Iron Valiant|ability: Quark Drive|[fromitem]\n|-start|p2a: Iron Valiant|quarkdrivespe\n|turn|7\n|\n|t:|1700793681\n|move|p2a: Iron Valiant|Destiny Bond|p2a: Iron Valiant\n|-singlemove|p2a: Iron Valiant|Destiny Bond\n|move|p1a: Garchomp|Earthquake|p2a: Iron Valiant\n|-damage|p2a: Iron Valiant|58\/100\n|\n|upkeep\n|turn|8\n|\n|t:|1700793685\n|move|p2a: Iron Valiant|Moonblast|p1a: Garchomp\n|-damage|p1a: Garchomp|24\/100\n|move|p1a: Garchomp|Tera Blast|p2a: Iron Valiant|[anim] Tera Blast Fairy\n|-supereffective|p2a: Iron Valiant\n|-damage|p2a: Iron Valiant|0 fnt\n|faint|p2a: Iron Valiant\n|-end|p2a: Iron Valiant|Quark Drive|[silent]\n|\n|upkeep\n|\n|t:|1700793693\n|switch|p2a: Azumarill|Azumarill, F, tera:Poison|56\/100\n|-damage|p2a: Azumarill|44\/100|[from] Stealth Rock\n|turn|9\n|c|\u2606eltodo13|lmao dude\n|\n|t:|1700793697\n|move|p2a: Azumarill|Aqua Jet|p1a: Garchomp\n|-damage|p1a: Garchomp|3\/100\n|-damage|p2a: Azumarill|32\/100|[from] ability: Rough Skin|[of] p1a: Garchomp\n|-damage|p2a: Azumarill|15\/100|[from] item: Rocky Helmet|[of] p1a: Garchomp\n|move|p1a: Garchomp|Earthquake|p2a: Azumarill\n|-supereffective|p2a: Azumarill\n|-damage|p2a: Azumarill|0 fnt\n|faint|p2a: Azumarill\n|\n|upkeep\n|-message|SilphGambleR forfeited.\n|\n|win|eltodo13\n|raw|eltodo13's rating: 1544 &rarr; <strong>1570<\/strong><br \/>(+26 for winning)\n|raw|SilphGambleR's rating: 1655 &rarr; <strong>1629<\/strong><br \/>(-26 for losing)\n|l|\u2606SilphGambleR\n","uploadtime":1700793712,"views":21,"p1id":"eltodo13","p2id":"silphgambler","formatid":"gen9ou","rating":1570,"private":0,"password":""}