{"id":"gen9ou-1997460832","p1":"Nemo864","p2":"ItsLeggy","format":"[Gen 9] OU","log":"|j|\u2606Nemo864\n|j|\u2606ItsLeggy\n|t:|1700809292\n|gametype|singles\n|player|p1|Nemo864|hugh|1071\n|player|p2|ItsLeggy|266|1045\n|teamsize|p1|6\n|teamsize|p2|6\n|gen|9\n|tier|[Gen 9] OU\n|rated|\n|rule|Sleep Clause Mod: Limit one foe put to sleep\n|rule|Species Clause: Limit one of each Pok\u00e9mon\n|rule|OHKO Clause: OHKO moves are banned\n|rule|Evasion Items Clause: Evasion items are banned\n|rule|Evasion Moves Clause: Evasion moves are banned\n|rule|Endless Battle Clause: Forcing endless battles is banned\n|rule|HP Percentage Mod: HP is shown in percentages\n|clearpoke\n|poke|p1|Garganacl, M|\n|poke|p1|Mew|\n|poke|p1|Gholdengo|\n|poke|p1|Komala, M|\n|poke|p1|Mienshao, M|\n|poke|p1|Ribombee, F|\n|poke|p2|Hatterene, F|\n|poke|p2|Iron Valiant|\n|poke|p2|Polteageist|\n|poke|p2|Slowbro-Galar, M|\n|poke|p2|Eiscue, M|\n|poke|p2|Ninetales-Alola, M|\n|teampreview\n|\n|t:|1700809301\n|start\n|switch|p1a: Ribombee|Ribombee, F|100\/100\n|switch|p2a: Hatterene|Hatterene, F|100\/100\n|turn|1\n|\n|t:|1700809311\n|move|p1a: Ribombee|Sticky Web|p2a: Hatterene\n|move|p2a: Hatterene|Sticky Web|p1a: Ribombee|[from]ability: Magic Bounce\n|-sidestart|p1: Nemo864|move: Sticky Web\n|move|p2a: Hatterene|Calm Mind|p2a: Hatterene\n|-boost|p2a: Hatterene|spa|1\n|-boost|p2a: Hatterene|spd|1\n|\n|upkeep\n|turn|2\n|\n|t:|1700809319\n|move|p1a: Ribombee|Bug Buzz|p2a: Hatterene\n|-damage|p2a: Hatterene|73\/100\n|move|p2a: Hatterene|Calm Mind|p2a: Hatterene\n|-boost|p2a: Hatterene|spa|1\n|-boost|p2a: Hatterene|spd|1\n|\n|-heal|p2a: Hatterene|79\/100|[from] item: Leftovers\n|upkeep\n|turn|3\n|\n|t:|1700809327\n|switch|p1a: Rock Pretzel|Garganacl, M|100\/100\n|-activate|p1a: Rock Pretzel|move: Sticky Web\n|-unboost|p1a: Rock Pretzel|spe|1\n|move|p2a: Hatterene|Calm Mind|p2a: Hatterene\n|-boost|p2a: Hatterene|spa|1\n|-boost|p2a: Hatterene|spd|1\n|\n|-heal|p2a: Hatterene|85\/100|[from] item: Leftovers\n|upkeep\n|turn|4\n|\n|t:|1700809339\n|move|p2a: Hatterene|Draining Kiss|p1a: Rock Pretzel\n|-damage|p1a: Rock Pretzel|48\/100\n|-heal|p2a: Hatterene|100\/100|[from] drain|[of] p1a: Rock Pretzel\n|move|p1a: Rock Pretzel|Salt Cure|p2a: Hatterene\n|-damage|p2a: Hatterene|84\/100\n|-start|p2a: Hatterene|Salt Cure\n|\n|-heal|p2a: Hatterene|90\/100|[from] item: Leftovers\n|-heal|p1a: Rock Pretzel|54\/100|[from] item: Leftovers\n|-damage|p2a: Hatterene|78\/100|[from] Salt Cure\n|upkeep\n|turn|5\n|\n|t:|1700809349\n|move|p2a: Hatterene|Draining Kiss|p1a: Rock Pretzel\n|-damage|p1a: Rock Pretzel|0 fnt\n|-heal|p2a: Hatterene|100\/100|[from] drain|[of] p1a: Rock Pretzel\n|faint|p1a: Rock Pretzel\n|\n|-damage|p2a: Hatterene|88\/100|[from] Salt Cure\n|upkeep\n|\n|t:|1700809356\n|switch|p1a: Gholdengo|Gholdengo|100\/100\n|-activate|p1a: Gholdengo|move: Sticky Web\n|-unboost|p1a: Gholdengo|spe|1\n|turn|6\n|\n|t:|1700809360\n|move|p1a: Gholdengo|Substitute|p1a: Gholdengo\n|-start|p1a: Gholdengo|Substitute\n|-damage|p1a: Gholdengo|76\/100\n|move|p2a: Hatterene|Mystical Fire|p1a: Gholdengo\n|-supereffective|p1a: Gholdengo\n|-end|p1a: Gholdengo|Substitute\n|\n|-heal|p2a: Hatterene|94\/100|[from] item: Leftovers\n|-damage|p2a: Hatterene|82\/100|[from] Salt Cure\n|upkeep\n|turn|7\n|\n|t:|1700809368\n|move|p1a: Gholdengo|Make It Rain|p2a: Hatterene\n|-supereffective|p2a: Hatterene\n|-damage|p2a: Hatterene|35\/100\n|-unboost|p1a: Gholdengo|spa|1\n|move|p2a: Hatterene|Mystical Fire|p1a: Gholdengo\n|-supereffective|p1a: Gholdengo\n|-damage|p1a: Gholdengo|0 fnt\n|faint|p1a: Gholdengo\n|\n|-heal|p2a: Hatterene|41\/100|[from] item: Leftovers\n|-damage|p2a: Hatterene|28\/100|[from] Salt Cure\n|upkeep\n|\n|t:|1700809381\n|switch|p1a: Komala|Komala, M|100\/100\n|-activate|p1a: Komala|move: Sticky Web\n|-unboost|p1a: Komala|spe|1\n|-ability|p1a: Komala|Comatose\n|turn|8\n|\n|t:|1700809387\n|move|p1a: Komala|Rapid Spin|p2a: Hatterene\n|-damage|p2a: Hatterene|5\/100\n|-boost|p1a: Komala|spe|1\n|-sideend|p1: Nemo864|Sticky Web|[from] move: Rapid Spin|[of] p1a: Komala\n|move|p2a: Hatterene|Draining Kiss|p1a: Komala\n|-damage|p1a: Komala|28\/100\n|-heal|p2a: Hatterene|51\/100|[from] drain|[of] p1a: Komala\n|\n|-heal|p2a: Hatterene|57\/100|[from] item: Leftovers\n|-damage|p2a: Hatterene|45\/100|[from] Salt Cure\n|upkeep\n|turn|9\n|\n|t:|1700809397\n|move|p1a: Komala|Wish|p1a: Komala\n|move|p2a: Hatterene|Draining Kiss|p1a: Komala\n|-damage|p1a: Komala|0 fnt\n|-heal|p2a: Hatterene|62\/100|[from] drain|[of] p1a: Komala\n|faint|p1a: Komala\n|\n|-heal|p2a: Hatterene|68\/100|[from] item: Leftovers\n|-damage|p2a: Hatterene|56\/100|[from] Salt Cure\n|upkeep\n|\n|t:|1700809407\n|switch|p1a: Mienshao|Mienshao, M|100\/100\n|turn|10\n|\n|t:|1700809414\n|move|p1a: Mienshao|Poison Jab|p2a: Hatterene\n|-supereffective|p2a: Hatterene\n|-damage|p2a: Hatterene|0 fnt\n|faint|p2a: Hatterene\n|-damage|p1a: Mienshao|91\/100|[from] item: Life Orb\n|\n|-heal|p1a: Mienshao|100\/100|[from] move: Wish|[wisher] Komala\n|upkeep\n|\n|t:|1700809422\n|switch|p2a: Iron Valiant|Iron Valiant|100\/100\n|turn|11\n|\n|t:|1700809436\n|switch|p1a: Ribombee|Ribombee, F|100\/100\n|move|p2a: Iron Valiant|Spirit Break|p1a: Ribombee\n|-damage|p1a: Ribombee|32\/100\n|-unboost|p1a: Ribombee|spa|1\n|\n|upkeep\n|turn|12\n|\n|t:|1700809445\n|move|p1a: Ribombee|Stun Spore|p2a: Iron Valiant|[miss]\n|-miss|p1a: Ribombee|p2a: Iron Valiant\n|move|p2a: Iron Valiant|Spirit Break|p1a: Ribombee\n|-damage|p1a: Ribombee|0 fnt\n|faint|p1a: Ribombee\n|\n|upkeep\n|\n|t:|1700809454\n|switch|p1a: new|Mew|100\/100\n|turn|13\n|\n|t:|1700809464\n|-terastallize|p1a: new|Psychic\n|move|p2a: Iron Valiant|Swords Dance|p2a: Iron Valiant\n|-boost|p2a: Iron Valiant|atk|2\n|move|p1a: new|Psychic|p2a: Iron Valiant\n|-supereffective|p2a: Iron Valiant\n|-damage|p2a: Iron Valiant|0 fnt\n|faint|p2a: Iron Valiant\n|-end|p2a: Iron Valiant|Quark Drive|[silent]\n|\n|upkeep\n|\n|t:|1700809472\n|switch|p2a: Slowbro|Slowbro-Galar, M|100\/100\n|turn|14\n|\n|t:|1700809477\n|move|p1a: new|Psychic|p2a: Slowbro\n|-damage|p2a: Slowbro|17\/100\n|move|p2a: Slowbro|Sludge Bomb|p1a: new\n|-damage|p1a: new|60\/100\n|\n|upkeep\n|turn|15\n|\n|t:|1700809483\n|move|p1a: new|Psychic|p2a: Slowbro\n|-damage|p2a: Slowbro|0 fnt\n|faint|p2a: Slowbro\n|\n|upkeep\n|\n|t:|1700809488\n|switch|p2a: Eiscue|Eiscue, M|100\/100\n|turn|16\n|\n|t:|1700809492\n|switch|p1a: Mienshao|Mienshao, M|100\/100\n|move|p2a: Eiscue|Substitute|p2a: Eiscue\n|-start|p2a: Eiscue|Substitute\n|-damage|p2a: Eiscue|75\/100\n|\n|upkeep\n|turn|17\n|\n|t:|1700809501\n|move|p1a: Mienshao|Close Combat|p2a: Eiscue\n|-supereffective|p2a: Eiscue\n|-end|p2a: Eiscue|Substitute\n|-unboost|p1a: Mienshao|def|1\n|-unboost|p1a: Mienshao|spd|1\n|-damage|p1a: Mienshao|91\/100|[from] item: Life Orb\n|move|p2a: Eiscue|Belly Drum|p2a: Eiscue\n|-damage|p2a: Eiscue|25\/100\n|-setboost|p2a: Eiscue|atk|6|[from] move: Belly Drum\n|-enditem|p2a: Eiscue|Sitrus Berry|[eat]\n|-heal|p2a: Eiscue|50\/100|[from] item: Sitrus Berry\n|\n|upkeep\n|turn|18\n|\n|t:|1700809514\n|-terastallize|p2a: Eiscue|Ice\n|move|p1a: Mienshao|Close Combat|p2a: Eiscue\n|-activate|p2a: Eiscue|ability: Ice Face\n|-damage|p2a: Eiscue|50\/100\n|-unboost|p1a: Mienshao|def|1\n|-unboost|p1a: Mienshao|spd|1\n|detailschange|p2a: Eiscue|Eiscue-Noice, M, tera:Ice\n|-damage|p1a: Mienshao|81\/100|[from] item: Life Orb\n|move|p2a: Eiscue|Icicle Crash|p1a: Mienshao\n|-damage|p1a: Mienshao|0 fnt\n|faint|p1a: Mienshao\n|\n|upkeep\n|\n|t:|1700809526\n|switch|p1a: new|Mew, tera:Psychic|60\/100\n|turn|19\n|\n|t:|1700809530\n|move|p2a: Eiscue|Icicle Crash|p1a: new\n|-damage|p1a: new|0 fnt\n|faint|p1a: new\n|\n|win|ItsLeggy\n|raw|Nemo864's rating: 1071 &rarr; <strong>1049<\/strong><br \/>(-22 for losing)\n|raw|ItsLeggy's rating: 1045 &rarr; <strong>1081<\/strong><br \/>(+36 for winning)\n|l|\u2606Nemo864\n","uploadtime":1700809536,"views":2,"p1id":"nemo864","p2id":"itsleggy","formatid":"gen9ou","rating":1049,"private":0,"password":""}