{"id":"gen9ou-1997516925","p1":"SkyPrincess420","p2":"Project-LOL","format":"[Gen 9] OU","log":"|j|\u2606SkyPrincess420\n|j|\u2606Project-LOL\n|t:|1700818816\n|gametype|singles\n|player|p1|SkyPrincess420|caitlin|1409\n|player|p2|Project-LOL|266|1397\n|teamsize|p1|6\n|teamsize|p2|6\n|gen|9\n|tier|[Gen 9] OU\n|rated|\n|rule|Sleep Clause Mod: Limit one foe put to sleep\n|rule|Species Clause: Limit one of each Pok\u00e9mon\n|rule|OHKO Clause: OHKO moves are banned\n|rule|Evasion Items Clause: Evasion items are banned\n|rule|Evasion Moves Clause: Evasion moves are banned\n|rule|Endless Battle Clause: Forcing endless battles is banned\n|rule|HP Percentage Mod: HP is shown in percentages\n|clearpoke\n|poke|p1|Rillaboom, F|\n|poke|p1|Hawlucha, F|\n|poke|p1|Great Tusk|\n|poke|p1|Landorus-Therian, M|\n|poke|p1|Gholdengo|\n|poke|p1|Empoleon, F|\n|poke|p2|Arcanine-Hisui, F|\n|poke|p2|Enamorus, F|\n|poke|p2|Great Tusk|\n|poke|p2|Slowking-Galar, M|\n|poke|p2|Weavile, M|\n|poke|p2|Hawlucha, F|\n|teampreview\n|inactive|Battle timer is ON: inactive players will automatically lose when time's up. (requested by Project-LOL)\n|\n|t:|1700818831\n|start\n|switch|p1a: Landorus|Landorus-Therian, M|100\/100\n|switch|p2a: Enamorus|Enamorus, F|100\/100\n|-ability|p1a: Landorus|Intimidate|boost\n|-unboost|p2a: Enamorus|atk|1\n|turn|1\n|\n|t:|1700818840\n|switch|p1a: Empoleon|Empoleon, F|100\/100\n|move|p2a: Enamorus|Substitute|p2a: Enamorus\n|-start|p2a: Enamorus|Substitute\n|-damage|p2a: Enamorus|76\/100\n|\n|-heal|p2a: Enamorus|82\/100|[from] item: Leftovers\n|upkeep\n|turn|2\n|\n|t:|1700818857\n|-terastallize|p1a: Empoleon|Water\n|move|p2a: Enamorus|Earth Power|p1a: Empoleon\n|-damage|p1a: Empoleon|79\/100\n|move|p1a: Empoleon|Ice Beam|p2a: Enamorus\n|-supereffective|p2a: Enamorus\n|-end|p2a: Enamorus|Substitute\n|\n|-heal|p2a: Enamorus|88\/100|[from] item: Leftovers\n|-heal|p1a: Empoleon|85\/100|[from] item: Leftovers\n|upkeep\n|turn|3\n|\n|t:|1700818866\n|move|p2a: Enamorus|Substitute|p2a: Enamorus\n|-start|p2a: Enamorus|Substitute\n|-damage|p2a: Enamorus|63\/100\n|move|p1a: Empoleon|Ice Beam|p2a: Enamorus\n|-supereffective|p2a: Enamorus\n|-end|p2a: Enamorus|Substitute\n|\n|-heal|p2a: Enamorus|69\/100|[from] item: Leftovers\n|-heal|p1a: Empoleon|91\/100|[from] item: Leftovers\n|upkeep\n|turn|4\n|\n|t:|1700818871\n|switch|p2a: Weavile|Weavile, M|100\/100\n|move|p1a: Empoleon|Ice Beam|p2a: Weavile\n|-resisted|p2a: Weavile\n|-damage|p2a: Weavile|84\/100\n|\n|-heal|p1a: Empoleon|98\/100|[from] item: Leftovers\n|upkeep\n|turn|5\n|\n|t:|1700818880\n|switch|p1a: Landorus|Landorus-Therian, M|100\/100\n|-ability|p1a: Landorus|Intimidate|boost\n|-unboost|p2a: Weavile|atk|1\n|move|p2a: Weavile|Knock Off|p1a: Landorus\n|-damage|p1a: Landorus|79\/100\n|-enditem|p1a: Landorus|Leftovers|[from] move: Knock Off|[of] p2a: Weavile\n|\n|upkeep\n|turn|6\n|\n|t:|1700818890\n|move|p2a: Weavile|Icicle Crash|p1a: Landorus\n|-supereffective|p1a: Landorus\n|-damage|p1a: Landorus|0 fnt\n|faint|p1a: Landorus\n|\n|upkeep\n|\n|t:|1700818894\n|switch|p1a: Rillaboom|Rillaboom, F|100\/100\n|-fieldstart|move: Grassy Terrain|[from] ability: Grassy Surge|[of] p1a: Rillaboom\n|turn|7\n|\n|t:|1700818900\n|switch|p2a: Enamorus|Enamorus, F|69\/100\n|move|p1a: Rillaboom|Grassy Glide|p2a: Enamorus\n|-resisted|p2a: Enamorus\n|-damage|p2a: Enamorus|20\/100\n|\n|-heal|p2a: Enamorus|26\/100|[from] item: Leftovers\n|upkeep\n|turn|8\n|\n|t:|1700818907\n|move|p1a: Rillaboom|Grassy Glide|p2a: Enamorus\n|-resisted|p2a: Enamorus\n|-damage|p2a: Enamorus|0 fnt\n|faint|p2a: Enamorus\n|\n|upkeep\n|\n|t:|1700818911\n|switch|p2a: Hawlucha|Hawlucha, F|100\/100\n|turn|9\n|\n|t:|1700818917\n|switch|p1a: Gholdengo|Gholdengo|100\/100\n|move|p2a: Hawlucha|Fling|p1a: Gholdengo\n|-supereffective|p1a: Gholdengo\n|-damage|p1a: Gholdengo|80\/100\n|-enditem|p2a: Hawlucha|Mirror Herb|[from] move: Fling\n|\n|-heal|p1a: Gholdengo|86\/100|[from] Grassy Terrain\n|upkeep\n|turn|10\n|\n|t:|1700818941\n|switch|p2a: Slowking|Slowking-Galar, M|100\/100\n|move|p1a: Gholdengo|Make It Rain|p2a: Slowking\n|-damage|p2a: Slowking|60\/100\n|-unboost|p1a: Gholdengo|spa|1\n|\n|-heal|p1a: Gholdengo|92\/100|[from] Grassy Terrain\n|-heal|p2a: Slowking|66\/100|[from] Grassy Terrain\n|upkeep\n|turn|11\n|\n|t:|1700818948\n|switch|p1a: Empoleon|Empoleon, F, tera:Water|98\/100\n|move|p2a: Slowking|Chilly Reception|p2a: Slowking\n|-weather|Snow\n|\n|t:|1700818954\n|switch|p2a: Hawlucha|Hawlucha, F|100\/100|[from] Chilly Reception\n|\n|-weather|Snow|[upkeep]\n|-heal|p1a: Empoleon|100\/100|[from] Grassy Terrain\n|-fieldend|move: Grassy Terrain\n|upkeep\n|turn|12\n|\n|t:|1700818964\n|move|p2a: Hawlucha|Swords Dance|p2a: Hawlucha\n|-boost|p2a: Hawlucha|atk|2\n|move|p1a: Empoleon|Ice Beam|p2a: Hawlucha\n|-supereffective|p2a: Hawlucha\n|-damage|p2a: Hawlucha|41\/100\n|\n|-weather|Snow|[upkeep]\n|upkeep\n|turn|13\n|\n|t:|1700818972\n|switch|p1a: Gholdengo|Gholdengo|92\/100\n|move|p2a: Hawlucha|High Jump Kick|p1a: Gholdengo\n|-immune|p1a: Gholdengo\n|-damage|p2a: Hawlucha|0 fnt|[from] highjumpkick\n|faint|p2a: Hawlucha\n|\n|-weather|Snow|[upkeep]\n|upkeep\n|\n|t:|1700818979\n|switch|p2a: Arcanine|Arcanine-Hisui, F|100\/100\n|-item|p2a: Arcanine|Air Balloon\n|turn|14\n|\n|t:|1700818991\n|switch|p1a: Great Tusk|Great Tusk|100\/100\n|move|p2a: Arcanine|Flare Blitz|p1a: Great Tusk\n|-damage|p1a: Great Tusk|60\/100\n|-status|p1a: Great Tusk|brn\n|\n|-weather|Snow|[upkeep]\n|-heal|p1a: Great Tusk|66\/100 brn|[from] item: Leftovers\n|-damage|p1a: Great Tusk|60\/100 brn|[from] brn\n|upkeep\n|turn|15\n|\n|t:|1700819003\n|switch|p2a: Great Tusk|Great Tusk|100\/100\n|move|p1a: Great Tusk|Headlong Rush|p2a: Great Tusk\n|-damage|p2a: Great Tusk|78\/100\n|-unboost|p1a: Great Tusk|def|1\n|-unboost|p1a: Great Tusk|spd|1\n|\n|-weather|none\n|-heal|p1a: Great Tusk|66\/100 brn|[from] item: Leftovers\n|-damage|p1a: Great Tusk|60\/100 brn|[from] brn\n|upkeep\n|turn|16\n|\n|t:|1700819014\n|-end|p1a: Great Tusk|Protosynthesis|[silent]\n|switch|p1a: Rillaboom|Rillaboom, F|100\/100\n|-fieldstart|move: Grassy Terrain|[from] ability: Grassy Surge|[of] p1a: Rillaboom\n|move|p2a: Great Tusk|Knock Off|p1a: Rillaboom\n|-damage|p1a: Rillaboom|71\/100\n|-enditem|p1a: Rillaboom|Choice Band|[from] move: Knock Off|[of] p2a: Great Tusk\n|\n|-heal|p2a: Great Tusk|84\/100|[from] Grassy Terrain\n|-heal|p1a: Rillaboom|77\/100|[from] Grassy Terrain\n|upkeep\n|turn|17\n|\n|t:|1700819023\n|-end|p2a: Great Tusk|Protosynthesis|[silent]\n|switch|p2a: Slowking|Slowking-Galar, M|99\/100\n|move|p1a: Rillaboom|Grassy Glide|p2a: Slowking\n|-resisted|p2a: Slowking\n|-damage|p2a: Slowking|78\/100\n|\n|-heal|p1a: Rillaboom|83\/100|[from] Grassy Terrain\n|-heal|p2a: Slowking|84\/100|[from] Grassy Terrain\n|upkeep\n|turn|18\n|\n|t:|1700819029\n|move|p1a: Rillaboom|U-turn|p2a: Slowking\n|-damage|p2a: Slowking|57\/100\n|\n|t:|1700819037\n|switch|p1a: Empoleon|Empoleon, F, tera:Water|100\/100|[from] U-turn\n|move|p2a: Slowking|Future Sight|p1a: Empoleon\n|-start|p2a: Slowking|move: Future Sight\n|\n|-heal|p2a: Slowking|63\/100|[from] Grassy Terrain\n|upkeep\n|turn|19\n|\n|t:|1700819049\n|move|p1a: Empoleon|Ice Beam|p2a: Slowking\n|-damage|p2a: Slowking|49\/100\n|move|p2a: Slowking|Sludge Bomb|p1a: Empoleon\n|-damage|p1a: Empoleon|77\/100\n|\n|-heal|p1a: Empoleon|83\/100|[from] Grassy Terrain\n|-heal|p1a: Empoleon|89\/100|[from] item: Leftovers\n|-heal|p2a: Slowking|55\/100|[from] Grassy Terrain\n|upkeep\n|turn|20\n|\n|t:|1700819056\n|move|p1a: Empoleon|Ice Beam|p2a: Slowking\n|-crit|p2a: Slowking\n|-damage|p2a: Slowking|35\/100\n|move|p2a: Slowking|Sludge Bomb|p1a: Empoleon\n|-damage|p1a: Empoleon|69\/100\n|\n|-end|p1a: Empoleon|move: Future Sight\n|-damage|p1a: Empoleon|41\/100\n|-heal|p1a: Empoleon|47\/100|[from] Grassy Terrain\n|-heal|p1a: Empoleon|53\/100|[from] item: Leftovers\n|-heal|p2a: Slowking|41\/100|[from] Grassy Terrain\n|-fieldend|move: Grassy Terrain\n|upkeep\n|turn|21\n|\n|t:|1700819064\n|switch|p1a: Gholdengo|Gholdengo|92\/100\n|move|p2a: Slowking|Sludge Bomb|p1a: Gholdengo\n|-immune|p1a: Gholdengo\n|\n|upkeep\n|turn|22\n|\n|t:|1700819070\n|switch|p2a: Great Tusk|Great Tusk|84\/100\n|move|p1a: Gholdengo|Shadow Ball|p2a: Great Tusk\n|-damage|p2a: Great Tusk|51\/100\n|\n|upkeep\n|turn|23\n|\n|t:|1700819091\n|switch|p1a: Rillaboom|Rillaboom, F|83\/100\n|-fieldstart|move: Grassy Terrain|[from] ability: Grassy Surge|[of] p1a: Rillaboom\n|move|p2a: Great Tusk|Earthquake|p1a: Rillaboom\n|-resisted|p1a: Rillaboom\n|-damage|p1a: Rillaboom|71\/100\n|\n|-heal|p2a: Great Tusk|57\/100|[from] Grassy Terrain\n|-heal|p1a: Rillaboom|77\/100|[from] Grassy Terrain\n|upkeep\n|turn|24\n|\n|t:|1700819106\n|move|p2a: Great Tusk|Stone Edge|p1a: Rillaboom\n|-damage|p1a: Rillaboom|47\/100\n|move|p1a: Rillaboom|U-turn|p2a: Great Tusk\n|-resisted|p2a: Great Tusk\n|-damage|p2a: Great Tusk|47\/100\n|\n|t:|1700819120\n|switch|p1a: Gholdengo|Gholdengo|92\/100|[from] U-turn\n|\n|-heal|p1a: Gholdengo|98\/100|[from] Grassy Terrain\n|-heal|p2a: Great Tusk|53\/100|[from] Grassy Terrain\n|upkeep\n|turn|25\n|\n|t:|1700819126\n|switch|p1a: Hawlucha|Hawlucha, F|100\/100\n|-enditem|p1a: Hawlucha|Grassy Seed\n|-boost|p1a: Hawlucha|def|1|[from] item: Grassy Seed\n|move|p2a: Great Tusk|Earthquake|p1a: Hawlucha\n|-immune|p1a: Hawlucha\n|\n|-heal|p2a: Great Tusk|59\/100|[from] Grassy Terrain\n|upkeep\n|turn|26\n|\n|t:|1700819129\n|move|p1a: Hawlucha|Encore|p2a: Great Tusk\n|-start|p2a: Great Tusk|Encore\n|move|p2a: Great Tusk|Earthquake|p1a: Hawlucha\n|-immune|p1a: Hawlucha\n|\n|-heal|p2a: Great Tusk|66\/100|[from] Grassy Terrain\n|upkeep\n|turn|27\n|\n|t:|1700819145\n|-end|p2a: Great Tusk|Protosynthesis|[silent]\n|switch|p2a: Slowking|Slowking-Galar, M|75\/100\n|move|p1a: Hawlucha|Swords Dance|p1a: Hawlucha\n|-boost|p1a: Hawlucha|atk|2\n|\n|-heal|p2a: Slowking|81\/100|[from] Grassy Terrain\n|-fieldend|move: Grassy Terrain\n|upkeep\n|turn|28\n|\n|t:|1700819149\n|move|p1a: Hawlucha|Acrobatics|p2a: Slowking\n|-damage|p2a: Slowking|0 fnt\n|faint|p2a: Slowking\n|\n|upkeep\n|\n|t:|1700819152\n|switch|p2a: Weavile|Weavile, M|84\/100\n|turn|29\n|\n|t:|1700819164\n|move|p2a: Weavile|Ice Shard|p1a: Hawlucha\n|-supereffective|p1a: Hawlucha\n|-damage|p1a: Hawlucha|63\/100\n|move|p1a: Hawlucha|Acrobatics|p2a: Weavile\n|-damage|p2a: Weavile|0 fnt\n|faint|p2a: Weavile\n|\n|upkeep\n|\n|t:|1700819168\n|switch|p2a: Arcanine|Arcanine-Hisui, F|100\/100\n|-item|p2a: Arcanine|Air Balloon\n|turn|30\n|\n|t:|1700819173\n|move|p1a: Hawlucha|Close Combat|p2a: Arcanine\n|-supereffective|p2a: Arcanine\n|-damage|p2a: Arcanine|0 fnt\n|-unboost|p1a: Hawlucha|def|1\n|-unboost|p1a: Hawlucha|spd|1\n|-enditem|p2a: Arcanine|Air Balloon\n|faint|p2a: Arcanine\n|\n|upkeep\n|-message|Project-LOL forfeited.\n|\n|win|SkyPrincess420\n|raw|SkyPrincess420's rating: 1409 &rarr; <strong>1428<\/strong><br \/>(+19 for winning)\n|raw|Project-LOL's rating: 1397 &rarr; <strong>1378<\/strong><br \/>(-19 for losing)\n|l|\u2606Project-LOL\n","uploadtime":1700819182,"views":9,"p1id":"skyprincess420","p2id":"projectlol","formatid":"gen9ou","rating":1378,"private":0,"password":""}