{"id":"gen9ou-2000035905","p1":"CFgenesis","p2":"Brigandine","format":"[Gen 9] OU","log":"|j|\u2606CFgenesis\n|j|\u2606Brigandine\n|t:|1701144114\n|gametype|singles\n|player|p1|CFgenesis|170|1199\n|player|p2|Brigandine|1|1109\n|teamsize|p1|6\n|teamsize|p2|6\n|gen|9\n|tier|[Gen 9] OU\n|rated|\n|rule|Sleep Clause Mod: Limit one foe put to sleep\n|rule|Species Clause: Limit one of each Pok\u00e9mon\n|rule|OHKO Clause: OHKO moves are banned\n|rule|Evasion Items Clause: Evasion items are banned\n|rule|Evasion Moves Clause: Evasion moves are banned\n|rule|Endless Battle Clause: Forcing endless battles is banned\n|rule|HP Percentage Mod: HP is shown in percentages\n|clearpoke\n|poke|p1|Dragapult, F|\n|poke|p1|Iron Valiant|\n|poke|p1|Ninetales-Alola, F|\n|poke|p1|Great Tusk|\n|poke|p1|Ogerpon-Wellspring, F|\n|poke|p1|Jirachi|\n|poke|p2|Garchomp, M|\n|poke|p2|Corviknight, M|\n|poke|p2|Floatzel, M|\n|poke|p2|Pelipper, M|\n|poke|p2|Kilowattrel, M|\n|poke|p2|Ninetales-Alola, M|\n|teampreview\n|\n|t:|1701144121\n|start\n|switch|p1a: Jirachi|Jirachi, shiny|100\/100\n|switch|p2a: Pelipper|Pelipper, M|100\/100\n|-weather|RainDance|[from] ability: Drizzle|[of] p2a: Pelipper\n|turn|1\n|\n|t:|1701144130\n|move|p1a: Jirachi|U-turn|p2a: Pelipper\n|-resisted|p2a: Pelipper\n|-damage|p2a: Pelipper|92\/100\n|\n|t:|1701144133\n|switch|p1a: Ninetales|Ninetales-Alola, F, shiny|100\/100|[from] U-turn\n|-weather|Snow|[from] ability: Snow Warning|[of] p1a: Ninetales\n|move|p2a: Pelipper|Hydro Pump|p1a: Ninetales|[miss]\n|-miss|p2a: Pelipper|p1a: Ninetales\n|\n|-weather|Snow|[upkeep]\n|upkeep\n|turn|2\n|\n|t:|1701144142\n|move|p1a: Ninetales|Freeze-Dry|p2a: Pelipper\n|-supereffective|p2a: Pelipper\n|-damage|p2a: Pelipper|0 fnt\n|faint|p2a: Pelipper\n|\n|-weather|Snow|[upkeep]\n|upkeep\n|\n|t:|1701144150\n|switch|p2a: Corviknight|Corviknight, M|100\/100\n|turn|3\n|\n|t:|1701144204\n|move|p1a: Ninetales|Aurora Veil|p1a: Ninetales\n|-sidestart|p1: CFgenesis|move: Aurora Veil\n|move|p2a: Corviknight|Iron Head|p1a: Ninetales\n|-supereffective|p1a: Ninetales\n|-damage|p1a: Ninetales|42\/100\n|\n|-weather|Snow|[upkeep]\n|upkeep\n|turn|4\n|\n|t:|1701144215\n|switch|p1a: Dragapult|Dragapult, F, shiny|100\/100\n|move|p2a: Corviknight|Iron Head|p1a: Dragapult\n|-damage|p1a: Dragapult|79\/100\n|\n|-weather|Snow|[upkeep]\n|upkeep\n|turn|5\n|\n|t:|1701144235\n|move|p1a: Dragapult|Dragon Dance|p1a: Dragapult\n|-boost|p1a: Dragapult|atk|1\n|-boost|p1a: Dragapult|spe|1\n|move|p2a: Corviknight|Brave Bird|p1a: Dragapult\n|-damage|p1a: Dragapult|44\/100\n|-damage|p2a: Corviknight|90\/100|[from] Recoil\n|\n|-weather|none\n|upkeep\n|turn|6\n|l|\u2606CFgenesis\n|player|p1|\n|j|\u2606CFgenesis\n|player|p1|CFgenesis|170\n|\n|t:|1701144250\n|move|p1a: Dragapult|Sucker Punch|p2a: Corviknight\n|-damage|p2a: Corviknight|58\/100\n|move|p2a: Corviknight|Brave Bird|p1a: Dragapult\n|-damage|p1a: Dragapult|11\/100\n|-damage|p2a: Corviknight|47\/100|[from] Recoil\n|\n|upkeep\n|turn|7\n|\n|t:|1701144256\n|move|p1a: Dragapult|Dragon Darts|p2a: Corviknight\n|-resisted|p2a: Corviknight\n|-damage|p2a: Corviknight|30\/100\n|-anim|p1a: Dragapult|Dragon Darts|p2a: Corviknight\n|-resisted|p2a: Corviknight\n|-damage|p2a: Corviknight|12\/100\n|move|p2a: Corviknight|Roost|p2a: Corviknight\n|-heal|p2a: Corviknight|62\/100\n|-singleturn|p2a: Corviknight|move: Roost\n|\n|upkeep\n|turn|8\n|\n|t:|1701144263\n|move|p1a: Dragapult|Sucker Punch||[still]\n|-fail|p1a: Dragapult\n|move|p2a: Corviknight|Roost|p2a: Corviknight\n|-heal|p2a: Corviknight|100\/100\n|-singleturn|p2a: Corviknight|move: Roost\n|\n|upkeep\n|turn|9\n|\n|t:|1701144268\n|move|p1a: Dragapult|Dragon Dance|p1a: Dragapult\n|-boost|p1a: Dragapult|atk|1\n|-boost|p1a: Dragapult|spe|1\n|move|p2a: Corviknight|Brave Bird|p1a: Dragapult\n|-crit|p1a: Dragapult\n|-damage|p1a: Dragapult|0 fnt\n|faint|p1a: Dragapult\n|-damage|p2a: Corviknight|97\/100|[from] Recoil\n|\n|upkeep\n|\n|t:|1701144271\n|switch|p1a: Iron Valiant|Iron Valiant, shiny|100\/100\n|-enditem|p1a: Iron Valiant|Booster Energy\n|-activate|p1a: Iron Valiant|ability: Quark Drive|[fromitem]\n|-start|p1a: Iron Valiant|quarkdrivespe\n|turn|10\n|\n|t:|1701144275\n|move|p1a: Iron Valiant|Calm Mind|p1a: Iron Valiant\n|-boost|p1a: Iron Valiant|spa|1\n|-boost|p1a: Iron Valiant|spd|1\n|move|p2a: Corviknight|Brave Bird|p1a: Iron Valiant\n|-supereffective|p1a: Iron Valiant\n|-damage|p1a: Iron Valiant|45\/100\n|-damage|p2a: Corviknight|82\/100|[from] Recoil\n|\n|-sideend|p1: CFgenesis|move: Aurora Veil\n|upkeep\n|turn|11\n|\n|t:|1701144283\n|move|p1a: Iron Valiant|Aura Sphere|p2a: Corviknight\n|-damage|p2a: Corviknight|28\/100\n|move|p2a: Corviknight|Brave Bird|p1a: Iron Valiant\n|-supereffective|p1a: Iron Valiant\n|-damage|p1a: Iron Valiant|0 fnt\n|faint|p1a: Iron Valiant\n|-end|p1a: Iron Valiant|Quark Drive|[silent]\n|-damage|p2a: Corviknight|15\/100|[from] Recoil\n|\n|upkeep\n|\n|t:|1701144295\n|switch|p1a: Ogerpon|Ogerpon-Wellspring, F|100\/100\n|turn|12\n|\n|t:|1701144304\n|move|p1a: Ogerpon|Ivy Cudgel|p2a: Corviknight|[anim] Ivy Cudgel Water\n|-damage|p2a: Corviknight|0 fnt\n|faint|p2a: Corviknight\n|\n|upkeep\n|\n|t:|1701144309\n|switch|p2a: Ninetales|Ninetales-Alola, M|100\/100\n|-weather|Snow|[from] ability: Snow Warning|[of] p2a: Ninetales\n|turn|13\n|\n|t:|1701144314\n|switch|p1a: Jirachi|Jirachi, shiny|100\/100\n|move|p2a: Ninetales|Freeze-Dry|p1a: Jirachi\n|-resisted|p1a: Jirachi\n|-damage|p1a: Jirachi|92\/100\n|\n|-weather|Snow|[upkeep]\n|upkeep\n|turn|14\n|\n|t:|1701144326\n|switch|p2a: Garchomp|Garchomp, M|100\/100\n|move|p1a: Jirachi|Iron Head|p2a: Garchomp\n|-damage|p2a: Garchomp|76\/100\n|-damage|p1a: Jirachi|79\/100|[from] ability: Rough Skin|[of] p2a: Garchomp\n|-damage|p1a: Jirachi|63\/100|[from] item: Rocky Helmet|[of] p2a: Garchomp\n|\n|-weather|Snow|[upkeep]\n|upkeep\n|turn|15\n|\n|t:|1701144346\n|switch|p1a: Ninetales|Ninetales-Alola, F, shiny|42\/100\n|move|p2a: Garchomp|Earthquake|p1a: Ninetales\n|-damage|p1a: Ninetales|0 fnt\n|faint|p1a: Ninetales\n|\n|-weather|Snow|[upkeep]\n|upkeep\n|\n|t:|1701144363\n|switch|p1a: Great Tusk|Great Tusk, shiny|100\/100\n|turn|16\n|\n|t:|1701144383\n|move|p2a: Garchomp|Swords Dance|p2a: Garchomp\n|-boost|p2a: Garchomp|atk|2\n|move|p1a: Great Tusk|Ice Spinner|p2a: Garchomp\n|-supereffective|p2a: Garchomp\n|-damage|p2a: Garchomp|0 fnt\n|-damage|p1a: Great Tusk|88\/100|[from] ability: Rough Skin|[of] p2a: Garchomp\n|-damage|p1a: Great Tusk|71\/100|[from] item: Rocky Helmet|[of] p2a: Garchomp\n|faint|p2a: Garchomp\n|\n|-weather|Snow|[upkeep]\n|upkeep\n|\n|t:|1701144391\n|switch|p2a: Ninetales|Ninetales-Alola, M|100\/100\n|turn|17\n|\n|t:|1701144409\n|move|p2a: Ninetales|Moonblast|p1a: Great Tusk\n|-supereffective|p1a: Great Tusk\n|-damage|p1a: Great Tusk|13\/100\n|move|p1a: Great Tusk|Knock Off|p2a: Ninetales\n|-resisted|p2a: Ninetales\n|-damage|p2a: Ninetales|84\/100\n|-enditem|p2a: Ninetales|Expert Belt|[from] move: Knock Off|[of] p1a: Great Tusk\n|\n|-weather|none\n|upkeep\n|turn|18\n|\n|t:|1701144434\n|move|p2a: Ninetales|Moonblast|p1a: Great Tusk\n|-supereffective|p1a: Great Tusk\n|-damage|p1a: Great Tusk|0 fnt\n|faint|p1a: Great Tusk\n|-end|p1a: Great Tusk|Protosynthesis|[silent]\n|\n|upkeep\n|\n|t:|1701144438\n|switch|p1a: Jirachi|Jirachi, shiny|63\/100\n|turn|19\n|\n|t:|1701144443\n|switch|p2a: Floatzel|Floatzel, M|100\/100\n|move|p1a: Jirachi|U-turn|p2a: Floatzel\n|-damage|p2a: Floatzel|77\/100\n|\n|t:|1701144447\n|switch|p1a: Ogerpon|Ogerpon-Wellspring, F|100\/100|[from] U-turn\n|\n|upkeep\n|turn|20\n|\n|t:|1701144451\n|move|p2a: Floatzel|Rain Dance|p2a: Floatzel\n|-weather|RainDance\n|move|p1a: Ogerpon|Swords Dance|p1a: Ogerpon\n|-boost|p1a: Ogerpon|atk|2\n|\n|-weather|RainDance|[upkeep]\n|upkeep\n|turn|21\n|\n|t:|1701144460\n|switch|p2a: Ninetales|Ninetales-Alola, M|84\/100\n|-weather|Snow|[from] ability: Snow Warning|[of] p2a: Ninetales\n|move|p1a: Ogerpon|Horn Leech|p2a: Ninetales\n|-damage|p2a: Ninetales|12\/100\n|\n|-weather|Snow|[upkeep]\n|upkeep\n|turn|22\n|\n|t:|1701144467\n|move|p1a: Ogerpon|Ivy Cudgel|p2a: Ninetales|[anim] Ivy Cudgel Water\n|-damage|p2a: Ninetales|0 fnt\n|faint|p2a: Ninetales\n|\n|-weather|Snow|[upkeep]\n|upkeep\n|\n|t:|1701144469\n|switch|p2a: Kilowattrel|Kilowattrel, M|100\/100\n|turn|23\n|\n|t:|1701144474\n|-terastallize|p1a: Ogerpon|Water\n|detailschange|p1a: Ogerpon|Ogerpon-Wellspring-Tera, F, tera:Water\n|-ability|p1a: Ogerpon|Embody Aspect (Wellspring)|boost\n|-boost|p1a: Ogerpon|spd|1\n|move|p2a: Kilowattrel|Air Slash|p1a: Ogerpon\n|-damage|p1a: Ogerpon|78\/100\n|move|p1a: Ogerpon|Ivy Cudgel|p2a: Kilowattrel|[anim] Ivy Cudgel Water\n|-damage|p2a: Kilowattrel|0 fnt\n|faint|p2a: Kilowattrel\n|\n|-weather|Snow|[upkeep]\n|upkeep\n|\n|t:|1701144482\n|switch|p2a: Floatzel|Floatzel, M|77\/100\n|turn|24\n|\n|t:|1701144485\n|move|p2a: Floatzel|Ice Spinner|p1a: Ogerpon\n|-resisted|p1a: Ogerpon\n|-damage|p1a: Ogerpon|65\/100\n|move|p1a: Ogerpon|Horn Leech|p2a: Floatzel\n|-supereffective|p2a: Floatzel\n|-damage|p2a: Floatzel|0 fnt\n|-heal|p1a: Ogerpon|100\/100|[from] drain|[of] p2a: Floatzel\n|faint|p2a: Floatzel\n|\n|win|CFgenesis\n|raw|CFgenesis's rating: 1199 &rarr; <strong>1218<\/strong><br \/>(+19 for winning)\n|raw|Brigandine's rating: 1109 &rarr; <strong>1090<\/strong><br \/>(-19 for losing)\n|l|\u2606Brigandine\n|c|\u2606CFgenesis|Gg\n","uploadtime":1701144507,"views":2,"p1id":"cfgenesis","p2id":"brigandine","formatid":"gen9ou","rating":1090,"private":0,"password":""}