{"id":"gen9ou-1998338128","p1":"real boston richie","p2":"bojacksonisapimp","format":"[Gen 9] OU","log":"|j|\u2606real boston richie\n|j|\u2606bojacksonisapimp\n|t:|1700931120\n|gametype|singles\n|player|p1|real boston richie|265|1567\n|player|p2|bojacksonisapimp|swimmerf|1532\n|teamsize|p1|6\n|teamsize|p2|6\n|gen|9\n|tier|[Gen 9] OU\n|rated|\n|rule|Sleep Clause Mod: Limit one foe put to sleep\n|rule|Species Clause: Limit one of each Pok\u00e9mon\n|rule|OHKO Clause: OHKO moves are banned\n|rule|Evasion Items Clause: Evasion items are banned\n|rule|Evasion Moves Clause: Evasion moves are banned\n|rule|Endless Battle Clause: Forcing endless battles is banned\n|rule|HP Percentage Mod: HP is shown in percentages\n|clearpoke\n|poke|p1|Ribombee, M|\n|poke|p1|Ogerpon-Wellspring, F|\n|poke|p1|Iron Moth|\n|poke|p1|Kingambit, F|\n|poke|p1|Gholdengo|\n|poke|p1|Iron Valiant|\n|poke|p2|Skeledirge, F|\n|poke|p2|Samurott-Hisui, F|\n|poke|p2|Clodsire, F|\n|poke|p2|Great Tusk|\n|poke|p2|Tornadus-Therian, M|\n|poke|p2|Decidueye-Hisui, F|\n|teampreview\n|\n|t:|1700931157\n|start\n|switch|p1a: Ribombee|Ribombee, M|100\/100\n|switch|p2a: Samurott|Samurott-Hisui, F, shiny|100\/100\n|turn|1\n|\n|t:|1700931164\n|move|p1a: Ribombee|Moonblast|p2a: Samurott\n|-supereffective|p2a: Samurott\n|-crit|p2a: Samurott\n|-damage|p2a: Samurott|8\/100\n|-unboost|p2a: Samurott|spa|1\n|move|p2a: Samurott|Ceaseless Edge|p1a: Ribombee\n|-resisted|p1a: Ribombee\n|-damage|p1a: Ribombee|51\/100\n|-sidestart|p1: real boston richie|Spikes\n|\n|upkeep\n|turn|2\n|\n|t:|1700931173\n|move|p1a: Ribombee|Sticky Web|p2a: Samurott\n|-sidestart|p2: bojacksonisapimp|move: Sticky Web\n|move|p2a: Samurott|Razor Shell|p1a: Ribombee\n|-damage|p1a: Ribombee|0 fnt\n|faint|p1a: Ribombee\n|\n|upkeep\n|\n|t:|1700931178\n|switch|p1a: Ogerpon|Ogerpon-Wellspring, F|100\/100\n|-damage|p1a: Ogerpon|88\/100|[from] Spikes\n|turn|3\n|\n|t:|1700931183\n|move|p2a: Samurott|Sucker Punch|p1a: Ogerpon\n|-damage|p1a: Ogerpon|40\/100\n|move|p1a: Ogerpon|Ivy Cudgel|p2a: Samurott|[anim] Ivy Cudgel Water\n|-resisted|p2a: Samurott\n|-damage|p2a: Samurott|0 fnt\n|faint|p2a: Samurott\n|\n|upkeep\n|\n|t:|1700931192\n|switch|p2a: Decidueye|Decidueye-Hisui, F, shiny|100\/100\n|-activate|p2a: Decidueye|move: Sticky Web\n|-unboost|p2a: Decidueye|spe|1\n|turn|4\n|\n|t:|1700931196\n|switch|p1a: Gholdengo|Gholdengo|100\/100\n|-item|p1a: Gholdengo|Air Balloon\n|move|p2a: Decidueye|U-turn|p1a: Gholdengo\n|-resisted|p1a: Gholdengo\n|-damage|p1a: Gholdengo|95\/100\n|-enditem|p1a: Gholdengo|Air Balloon\n|\n|t:|1700931208\n|switch|p2a: Clodsire|Clodsire, F, shiny|100\/100|[from] U-turn\n|-activate|p2a: Clodsire|move: Sticky Web\n|-unboost|p2a: Clodsire|spe|1\n|\n|upkeep\n|turn|5\n|\n|t:|1700931215\n|move|p1a: Gholdengo|Nasty Plot|p1a: Gholdengo\n|-boost|p1a: Gholdengo|spa|2\n|move|p2a: Clodsire|Stealth Rock|p1a: Gholdengo\n|-sidestart|p1: real boston richie|move: Stealth Rock\n|\n|upkeep\n|turn|6\n|\n|t:|1700931223\n|move|p1a: Gholdengo|Psyshock|p2a: Clodsire\n|-supereffective|p2a: Clodsire\n|-crit|p2a: Clodsire\n|-damage|p2a: Clodsire|0 fnt\n|faint|p2a: Clodsire\n|\n|upkeep\n|\n|t:|1700931232\n|switch|p2a: Tornanus|Tornadus-Therian, M|100\/100\n|turn|7\n|\n|t:|1700931237\n|-terastallize|p2a: Tornanus|Fire\n|move|p2a: Tornanus|Heat Wave|p1a: Gholdengo\n|-supereffective|p1a: Gholdengo\n|-damage|p1a: Gholdengo|0 fnt\n|faint|p1a: Gholdengo\n|\n|upkeep\n|\n|t:|1700931246\n|switch|p1a: Iron Moth|Iron Moth|100\/100\n|-damage|p1a: Iron Moth|88\/100|[from] Spikes\n|-damage|p1a: Iron Moth|63\/100|[from] Stealth Rock\n|-enditem|p1a: Iron Moth|Booster Energy\n|-activate|p1a: Iron Moth|ability: Quark Drive|[fromitem]\n|-start|p1a: Iron Moth|quarkdrivespa\n|turn|8\n|\n|t:|1700931256\n|move|p2a: Tornanus|U-turn|p1a: Iron Moth\n|-resisted|p1a: Iron Moth\n|-damage|p1a: Iron Moth|57\/100\n|\n|t:|1700931260\n|switch|p2a: Skeledirge|Skeledirge, F|100\/100|[from] U-turn\n|-activate|p2a: Skeledirge|move: Sticky Web\n|-unboost|p2a: Skeledirge|spe|1\n|move|p1a: Iron Moth|Sludge Wave|p2a: Skeledirge\n|-resisted|p2a: Skeledirge\n|-damage|p2a: Skeledirge|76\/100\n|\n|-heal|p2a: Skeledirge|82\/100|[from] item: Leftovers\n|upkeep\n|turn|9\n|\n|t:|1700931276\n|-end|p1a: Iron Moth|Quark Drive|[silent]\n|switch|p1a: Kingambit|Kingambit, F|100\/100\n|-damage|p1a: Kingambit|88\/100|[from] Spikes\n|-damage|p1a: Kingambit|82\/100|[from] Stealth Rock\n|-activate|p1a: Kingambit|ability: Supreme Overlord\n|-start|p1a: Kingambit|fallen2|[silent]\n|move|p2a: Skeledirge|Torch Song|p1a: Kingambit\n|-supereffective|p1a: Kingambit\n|-damage|p1a: Kingambit|19\/100\n|-boost|p2a: Skeledirge|spa|1\n|\n|-heal|p2a: Skeledirge|88\/100|[from] item: Leftovers\n|upkeep\n|turn|10\n|\n|t:|1700931289\n|switch|p2a: Decidueye|Decidueye-Hisui, F, shiny|100\/100\n|-activate|p2a: Decidueye|move: Sticky Web\n|-unboost|p2a: Decidueye|spe|1\n|move|p1a: Kingambit|Iron Head|p2a: Decidueye\n|-damage|p2a: Decidueye|59\/100\n|-damage|p1a: Kingambit|2\/100|[from] item: Rocky Helmet|[of] p2a: Decidueye\n|\n|upkeep\n|turn|11\n|\n|t:|1700931302\n|move|p1a: Kingambit|Iron Head|p2a: Decidueye\n|-damage|p2a: Decidueye|18\/100\n|-damage|p1a: Kingambit|0 fnt|[from] item: Rocky Helmet|[of] p2a: Decidueye\n|faint|p1a: Kingambit\n|-end|p1a: Kingambit|fallen2|[silent]\n|move|p2a: Decidueye|Roost|p2a: Decidueye\n|-heal|p2a: Decidueye|68\/100\n|-singleturn|p2a: Decidueye|move: Roost\n|\n|upkeep\n|\n|t:|1700931311\n|switch|p1a: Ogerpon|Ogerpon-Wellspring, F|40\/100\n|-damage|p1a: Ogerpon|28\/100|[from] Spikes\n|-damage|p1a: Ogerpon|16\/100|[from] Stealth Rock\n|turn|12\n|\n|t:|1700931316\n|move|p1a: Ogerpon|Play Rough|p2a: Decidueye\n|-supereffective|p2a: Decidueye\n|-damage|p2a: Decidueye|18\/100\n|-damage|p1a: Ogerpon|0 fnt|[from] item: Rocky Helmet|[of] p2a: Decidueye\n|faint|p1a: Ogerpon\n|move|p2a: Decidueye|U-turn|p1: Ogerpon|[notarget]\n|-fail|p2a: Decidueye\n|\n|upkeep\n|\n|t:|1700931327\n|switch|p1a: Iron Valiant|Iron Valiant|100\/100\n|-damage|p1a: Iron Valiant|88\/100|[from] Spikes\n|-damage|p1a: Iron Valiant|82\/100|[from] Stealth Rock\n|-enditem|p1a: Iron Valiant|Booster Energy\n|-activate|p1a: Iron Valiant|ability: Quark Drive|[fromitem]\n|-start|p1a: Iron Valiant|quarkdrivespe\n|turn|13\n|\n|t:|1700931334\n|move|p1a: Iron Valiant|Moonblast|p2a: Decidueye\n|-supereffective|p2a: Decidueye\n|-damage|p2a: Decidueye|0 fnt\n|faint|p2a: Decidueye\n|\n|upkeep\n|\n|t:|1700931344\n|switch|p2a: Skeledirge|Skeledirge, F|88\/100\n|-activate|p2a: Skeledirge|move: Sticky Web\n|-unboost|p2a: Skeledirge|spe|1\n|turn|14\n|\n|t:|1700931355\n|move|p1a: Iron Valiant|Knock Off|p2a: Skeledirge\n|-supereffective|p2a: Skeledirge\n|-damage|p2a: Skeledirge|29\/100\n|-enditem|p2a: Skeledirge|Leftovers|[from] move: Knock Off|[of] p1a: Iron Valiant\n|move|p2a: Skeledirge|Torch Song|p1a: Iron Valiant\n|-damage|p1a: Iron Valiant|8\/100\n|-boost|p2a: Skeledirge|spa|1\n|\n|upkeep\n|turn|15\n|\n|t:|1700931367\n|move|p1a: Iron Valiant|Knock Off|p2a: Skeledirge\n|-supereffective|p2a: Skeledirge\n|-damage|p2a: Skeledirge|0 fnt\n|faint|p2a: Skeledirge\n|\n|upkeep\n|\n|t:|1700931372\n|switch|p2a: Tornanus|Tornadus-Therian, M, tera:Fire|100\/100\n|turn|16\n|\n|t:|1700931379\n|move|p1a: Iron Valiant|Destiny Bond|p1a: Iron Valiant\n|-singlemove|p1a: Iron Valiant|Destiny Bond\n|move|p2a: Tornanus|Bleakwind Storm|p1a: Iron Valiant\n|-supereffective|p1a: Iron Valiant\n|-damage|p1a: Iron Valiant|0 fnt\n|faint|p1a: Iron Valiant\n|-activate|p1a: Iron Valiant|move: Destiny Bond\n|-end|p1a: Iron Valiant|Quark Drive|[silent]\n|faint|p2a: Tornanus\n|\n|upkeep\n|c|\u2606bojacksonisapimp|F\n|\n|t:|1700931390\n|switch|p2a: Great Tusk|Great Tusk, shiny|100\/100\n|switch|p1a: Iron Moth|Iron Moth|57\/100\n|-damage|p1a: Iron Moth|45\/100|[from] Spikes\n|-damage|p1a: Iron Moth|20\/100|[from] Stealth Rock\n|-activate|p2a: Great Tusk|move: Sticky Web\n|-unboost|p2a: Great Tusk|spe|1\n|-enditem|p2a: Great Tusk|Booster Energy\n|-activate|p2a: Great Tusk|ability: Protosynthesis|[fromitem]\n|-start|p2a: Great Tusk|protosynthesisatk\n|turn|17\n|\n|t:|1700931401\n|-terastallize|p1a: Iron Moth|Ghost\n|move|p1a: Iron Moth|Psychic|p2a: Great Tusk\n|-supereffective|p2a: Great Tusk\n|-damage|p2a: Great Tusk|8\/100\n|move|p2a: Great Tusk|Headlong Rush|p1a: Iron Moth\n|-damage|p1a: Iron Moth|0 fnt\n|-unboost|p2a: Great Tusk|def|1\n|-unboost|p2a: Great Tusk|spd|1\n|faint|p1a: Iron Moth\n|-end|p1a: Iron Moth|Quark Drive|[silent]\n|\n|win|bojacksonisapimp\n|raw|real boston richie's rating: 1567 &rarr; <strong>1545<\/strong><br \/>(-22 for losing)\n|raw|bojacksonisapimp's rating: 1532 &rarr; <strong>1554<\/strong><br \/>(+22 for winning)\n|c|\u2606bojacksonisapimp|So close\n|c|\u2606bojacksonisapimp|Gg\n|l|\u2606real boston richie\n","uploadtime":1700931429,"views":9,"p1id":"realbostonrichie","p2id":"bojacksonisapimp","formatid":"gen9ou","rating":1545,"private":0,"password":""}