{"id":"gen9ou-1993200784","p1":"RR_Uzui","p2":"Blurred Ace","format":"[Gen 9] OU","log":"|j|\u2606RR_Uzui\n|j|\u2606Blurred Ace\n|t:|1700277230\n|gametype|singles\n|player|p1|RR_Uzui|169|1634\n|player|p2|Blurred Ace|gambler|1656\n|teamsize|p1|6\n|teamsize|p2|6\n|gen|9\n|tier|[Gen 9] OU\n|rated|\n|rule|Sleep Clause Mod: Limit one foe put to sleep\n|rule|Species Clause: Limit one of each Pok\u00e9mon\n|rule|OHKO Clause: OHKO moves are banned\n|rule|Evasion Items Clause: Evasion items are banned\n|rule|Evasion Moves Clause: Evasion moves are banned\n|rule|Endless Battle Clause: Forcing endless battles is banned\n|rule|HP Percentage Mod: HP is shown in percentages\n|clearpoke\n|poke|p1|Kingambit, F|\n|poke|p1|Ogerpon-Wellspring, F|\n|poke|p1|Enamorus, F|\n|poke|p1|Gholdengo|\n|poke|p1|Heatran, M|\n|poke|p1|Corviknight, F|\n|poke|p2|Dragapult, M|\n|poke|p2|Scizor, M|\n|poke|p2|Samurott-Hisui, M|\n|poke|p2|Garchomp, M|\n|poke|p2|Great Tusk|\n|poke|p2|Slowking, M|\n|teampreview\n|\n|t:|1700277238\n|start\n|switch|p1a: Enamorus|Enamorus, F|100\/100\n|switch|p2a: Dragapult|Dragapult, M|100\/100\n|turn|1\n|j| Porycomingback\n|\n|t:|1700277244\n|switch|p2a: Slowking|Slowking, M|100\/100\n|move|p1a: Enamorus|Moonblast|p2a: Slowking\n|-damage|p2a: Slowking|55\/100\n|\n|-heal|p2a: Slowking|61\/100|[from] item: Leftovers\n|upkeep\n|turn|2\n|\n|t:|1700277252\n|move|p1a: Enamorus|Moonblast|p2a: Slowking\n|-damage|p2a: Slowking|14\/100\n|move|p2a: Slowking|Chilly Reception|p2a: Slowking\n|-weather|Snow\n|\n|t:|1700277262\n|switch|p2a: Scizor|Scizor, M|100\/100|[from] Chilly Reception\n|\n|-weather|Snow|[upkeep]\n|upkeep\n|turn|3\n|\n|t:|1700277268\n|switch|p1a: Corviknight|Corviknight, F|100\/100\n|-ability|p1a: Corviknight|Pressure\n|move|p2a: Scizor|Bullet Punch|p1a: Corviknight\n|-resisted|p1a: Corviknight\n|-damage|p1a: Corviknight|85\/100\n|-damage|p2a: Scizor|84\/100|[from] item: Rocky Helmet|[of] p1a: Corviknight\n|\n|-weather|Snow|[upkeep]\n|upkeep\n|turn|4\n|\n|t:|1700277279\n|switch|p2a: Garchomp|Garchomp, M|100\/100\n|move|p1a: Corviknight|U-turn|p2a: Garchomp\n|-damage|p2a: Garchomp|86\/100\n|-damage|p1a: Corviknight|73\/100|[from] ability: Rough Skin|[of] p2a: Garchomp\n|-damage|p1a: Corviknight|57\/100|[from] item: Rocky Helmet|[of] p2a: Garchomp\n|\n|t:|1700277287\n|switch|p1a: Enamorus|Enamorus, F|100\/100|[from] U-turn\n|\n|-weather|Snow|[upkeep]\n|upkeep\n|turn|5\n|\n|t:|1700277294\n|switch|p2a: Slowking|Slowking, M|47\/100\n|move|p1a: Enamorus|Moonblast|p2a: Slowking\n|-damage|p2a: Slowking|5\/100\n|\n|-weather|Snow|[upkeep]\n|-heal|p2a: Slowking|11\/100|[from] item: Leftovers\n|upkeep\n|turn|6\n|j| dwokow\n|\n|t:|1700277308\n|switch|p2a: Scizor|Scizor, M|84\/100\n|move|p1a: Enamorus|Moonblast|p2a: Scizor\n|-resisted|p2a: Scizor\n|-damage|p2a: Scizor|38\/100\n|\n|-weather|none\n|upkeep\n|turn|7\n|\n|t:|1700277320\n|switch|p1a: Corviknight|Corviknight, F|57\/100\n|-ability|p1a: Corviknight|Pressure\n|move|p2a: Scizor|Knock Off|p1a: Corviknight\n|-damage|p1a: Corviknight|26\/100\n|-damage|p2a: Scizor|21\/100|[from] item: Rocky Helmet|[of] p1a: Corviknight\n|-enditem|p1a: Corviknight|Rocky Helmet|[from] move: Knock Off|[of] p2a: Scizor\n|\n|upkeep\n|turn|8\n|\n|t:|1700277333\n|switch|p2a: Garchomp|Garchomp, M|86\/100\n|move|p1a: Corviknight|Roost|p1a: Corviknight\n|-heal|p1a: Corviknight|76\/100\n|-singleturn|p1a: Corviknight|move: Roost\n|\n|upkeep\n|turn|9\n|\n|t:|1700277341\n|switch|p1a: Enamorus|Enamorus, F|100\/100\n|move|p2a: Garchomp|Stealth Rock|p1a: Enamorus\n|-sidestart|p1: RR_Uzui|move: Stealth Rock\n|\n|upkeep\n|turn|10\n|j|+Shellnuts\n|\n|t:|1700277351\n|move|p1a: Enamorus|Moonblast|p2a: Garchomp\n|-supereffective|p2a: Garchomp\n|-damage|p2a: Garchomp|0 fnt\n|faint|p2a: Garchomp\n|\n|upkeep\n|\n|t:|1700277359\n|switch|p2a: Scizor|Scizor, M|21\/100\n|turn|11\n|\n|t:|1700277365\n|switch|p1a: Corviknight|Corviknight, F|76\/100\n|-damage|p1a: Corviknight|64\/100|[from] Stealth Rock\n|-ability|p1a: Corviknight|Pressure\n|move|p2a: Scizor|Bullet Punch|p1a: Corviknight\n|-resisted|p1a: Corviknight\n|-crit|p1a: Corviknight\n|-damage|p1a: Corviknight|39\/100\n|\n|upkeep\n|turn|12\n|\n|t:|1700277374\n|switch|p2a: Great Tusk|Great Tusk|100\/100\n|move|p1a: Corviknight|Roost|p1a: Corviknight\n|-heal|p1a: Corviknight|89\/100\n|-singleturn|p1a: Corviknight|move: Roost\n|\n|upkeep\n|turn|13\n|\n|t:|1700277381\n|move|p2a: Great Tusk|Rapid Spin|p1a: Corviknight\n|-resisted|p1a: Corviknight\n|-damage|p1a: Corviknight|83\/100\n|-boost|p2a: Great Tusk|spe|1\n|move|p1a: Corviknight|Defog|p2a: Great Tusk\n|-unboost|p2a: Great Tusk|evasion|1\n|-sideend|p1: RR_Uzui|Stealth Rock|[from] move: Defog|[of] p1a: Corviknight\n|\n|upkeep\n|turn|14\n|\n|t:|1700277391\n|move|p2a: Great Tusk|Rapid Spin|p1a: Corviknight\n|-resisted|p1a: Corviknight\n|-damage|p1a: Corviknight|77\/100\n|-boost|p2a: Great Tusk|spe|1\n|move|p1a: Corviknight|Brave Bird|p2a: Great Tusk\n|-supereffective|p2a: Great Tusk\n|-damage|p2a: Great Tusk|58\/100\n|-damage|p1a: Corviknight|62\/100|[from] Recoil\n|\n|-heal|p2a: Great Tusk|64\/100|[from] item: Leftovers\n|upkeep\n|turn|15\n|\n|t:|1700277403\n|-terastallize|p2a: Great Tusk|Water\n|move|p2a: Great Tusk|Bulk Up|p2a: Great Tusk\n|-boost|p2a: Great Tusk|atk|1\n|-boost|p2a: Great Tusk|def|1\n|move|p1a: Corviknight|Roost|p1a: Corviknight\n|-heal|p1a: Corviknight|100\/100\n|-singleturn|p1a: Corviknight|move: Roost\n|\n|-heal|p2a: Great Tusk|70\/100|[from] item: Leftovers\n|upkeep\n|turn|16\n|\n|t:|1700277416\n|move|p2a: Great Tusk|Bulk Up|p2a: Great Tusk\n|-boost|p2a: Great Tusk|atk|1\n|-boost|p2a: Great Tusk|def|1\n|move|p1a: Corviknight|U-turn|p2a: Great Tusk\n|-damage|p2a: Great Tusk|65\/100\n|\n|t:|1700277425\n|switch|p1a: Kingambit|Kingambit, F|100\/100|[from] U-turn\n|\n|-heal|p2a: Great Tusk|71\/100|[from] item: Leftovers\n|upkeep\n|turn|17\n|\n|t:|1700277432\n|-terastallize|p1a: Kingambit|Ghost\n|move|p2a: Great Tusk|Earthquake|p1a: Kingambit\n|-damage|p1a: Kingambit|7\/100\n|move|p1a: Kingambit|Swords Dance|p1a: Kingambit\n|-boost|p1a: Kingambit|atk|2\n|\n|-heal|p2a: Great Tusk|78\/100|[from] item: Leftovers\n|upkeep\n|turn|18\n|\n|t:|1700277442\n|move|p1a: Kingambit|Sucker Punch||[still]\n|-fail|p1a: Kingambit\n|move|p2a: Great Tusk|Bulk Up|p2a: Great Tusk\n|-boost|p2a: Great Tusk|atk|1\n|-boost|p2a: Great Tusk|def|1\n|\n|-heal|p2a: Great Tusk|84\/100|[from] item: Leftovers\n|upkeep\n|turn|19\n|c| dwokow|uh oh\n|-message|RR_Uzui forfeited.\n|\n|win|Blurred Ace\n|raw|RR_Uzui's rating: 1634 &rarr; <strong>1615<\/strong><br \/>(-19 for losing)\n|raw|Blurred Ace's rating: 1656 &rarr; <strong>1675<\/strong><br \/>(+19 for winning)\n|l|\u2606RR_Uzui\n|l|+Shellnuts\n|c| dwokow|gg\n|c|\u2606Blurred Ace|GG\n|l| dwokow\n","uploadtime":1700277479,"views":20,"p1id":"rruzui","p2id":"blurredace","formatid":"gen9ou","rating":1615,"private":0,"password":""}