{"id":"gen9ou-1997078649","p1":"Spix on YT","p2":"fireisnice","format":"[Gen 9] OU","log":"|j|\u2606Spix on YT\n|j|\u2606fireisnice\n|t:|1700762323\n|gametype|singles\n|player|p1|Spix on YT|burnet|1114\n|player|p2|fireisnice|102|1118\n|teamsize|p1|6\n|teamsize|p2|6\n|gen|9\n|tier|[Gen 9] OU\n|rated|\n|rule|Sleep Clause Mod: Limit one foe put to sleep\n|rule|Species Clause: Limit one of each Pok\u00e9mon\n|rule|OHKO Clause: OHKO moves are banned\n|rule|Evasion Items Clause: Evasion items are banned\n|rule|Evasion Moves Clause: Evasion moves are banned\n|rule|Endless Battle Clause: Forcing endless battles is banned\n|rule|HP Percentage Mod: HP is shown in percentages\n|clearpoke\n|poke|p1|Moltres-Galar|\n|poke|p1|Great Tusk|\n|poke|p1|Corviknight, M|\n|poke|p1|Typhlosion-Hisui, M|\n|poke|p1|Ogerpon, F|\n|poke|p1|Barraskewda, M|\n|poke|p2|Dragapult, M|\n|poke|p2|Volcanion|\n|poke|p2|Great Tusk|\n|poke|p2|Gardevoir, F|\n|poke|p2|Sinistcha-Masterpiece|\n|poke|p2|Scizor, F|\n|teampreview\n|\n|t:|1700762347\n|start\n|switch|p1a: Ogerpon|Ogerpon, F|100\/100\n|switch|p2a: Sinistcha|Sinistcha-Masterpiece|100\/100\n|turn|1\n|\n|t:|1700762354\n|move|p1a: Ogerpon|U-turn|p2a: Sinistcha\n|-damage|p2a: Sinistcha|79\/100\n|\n|t:|1700762363\n|switch|p1a: Typhlosion|Typhlosion-Hisui, M|100\/100|[from] U-turn\n|-item|p2a: Sinistcha|Blunder Policy|[from] ability: Frisk|[of] p1a: Typhlosion|[identify]\n|move|p2a: Sinistcha|Trick Room|p2a: Sinistcha\n|-fieldstart|move: Trick Room|[of] p2a: Sinistcha\n|\n|upkeep\n|turn|2\n|\n|t:|1700762378\n|switch|p1a: Corviknight|Corviknight, M, shiny|100\/100\n|move|p2a: Sinistcha|Shadow Ball|p1a: Corviknight\n|-damage|p1a: Corviknight|60\/100\n|\n|-heal|p1a: Corviknight|66\/100|[from] item: Leftovers\n|upkeep\n|turn|3\n|\n|t:|1700762390\n|move|p1a: Corviknight|Taunt|p2a: Sinistcha\n|-start|p2a: Sinistcha|move: Taunt\n|move|p2a: Sinistcha|Scald|p1a: Corviknight\n|-damage|p1a: Corviknight|39\/100\n|\n|-heal|p1a: Corviknight|45\/100|[from] item: Leftovers\n|upkeep\n|turn|4\n|\n|t:|1700762398\n|move|p1a: Corviknight|Roost|p1a: Corviknight\n|-heal|p1a: Corviknight|95\/100\n|-singleturn|p1a: Corviknight|move: Roost\n|move|p2a: Sinistcha|Shadow Ball|p1a: Corviknight\n|-damage|p1a: Corviknight|52\/100\n|\n|-heal|p1a: Corviknight|58\/100|[from] item: Leftovers\n|upkeep\n|turn|5\n|\n|t:|1700762408\n|move|p1a: Corviknight|Roost|p1a: Corviknight\n|-heal|p1a: Corviknight|100\/100\n|-singleturn|p1a: Corviknight|move: Roost\n|move|p2a: Sinistcha|Shadow Ball|p1a: Corviknight\n|-damage|p1a: Corviknight|54\/100\n|\n|-heal|p1a: Corviknight|60\/100|[from] item: Leftovers\n|-end|p2a: Sinistcha|move: Taunt\n|-fieldend|move: Trick Room\n|upkeep\n|turn|6\n|\n|t:|1700762424\n|switch|p2a: Volcanion|Volcanion|100\/100\n|move|p1a: Corviknight|Taunt|p2a: Volcanion\n|-start|p2a: Volcanion|move: Taunt\n|\n|-heal|p1a: Corviknight|66\/100|[from] item: Leftovers\n|upkeep\n|turn|7\n|\n|t:|1700762432\n|move|p1a: Corviknight|U-turn|p2a: Volcanion\n|-resisted|p2a: Volcanion\n|-damage|p2a: Volcanion|95\/100\n|\n|t:|1700762435\n|switch|p1a: Barraskewda|Barraskewda, M|100\/100|[from] U-turn\n|move|p2a: Volcanion|Flamethrower|p1a: Barraskewda\n|-resisted|p1a: Barraskewda\n|-damage|p1a: Barraskewda|43\/100\n|\n|upkeep\n|turn|8\n|\n|t:|1700762449\n|move|p1a: Barraskewda|Drill Run|p2a: Volcanion\n|-supereffective|p2a: Volcanion\n|-damage|p2a: Volcanion|27\/100\n|move|p2a: Volcanion|Flamethrower|p1a: Barraskewda\n|-resisted|p1a: Barraskewda\n|-damage|p1a: Barraskewda|0 fnt\n|faint|p1a: Barraskewda\n|\n|-end|p2a: Volcanion|move: Taunt\n|upkeep\n|\n|t:|1700762463\n|switch|p1a: Moltres|Moltres-Galar|100\/100\n|turn|9\n|\n|t:|1700762477\n|switch|p2a: Gardevoir|Gardevoir, F|100\/100\n|-ability|p2a: Gardevoir|Berserk|[from] ability: Trace|[of] p1a: Moltres\n|move|p1a: Moltres|Agility|p1a: Moltres\n|-boost|p1a: Moltres|spe|2\n|\n|upkeep\n|turn|10\n|\n|t:|1700762489\n|move|p1a: Moltres|Air Slash|p2a: Gardevoir\n|-damage|p2a: Gardevoir|58\/100\n|cant|p2a: Gardevoir|flinch\n|\n|upkeep\n|turn|11\n|\n|t:|1700762494\n|move|p1a: Moltres|Air Slash|p2a: Gardevoir\n|-damage|p2a: Gardevoir|22\/100\n|-ability|p2a: Gardevoir|Berserk|boost\n|-boost|p2a: Gardevoir|spa|1\n|cant|p2a: Gardevoir|flinch\n|\n|upkeep\n|turn|12\n|\n|t:|1700762506\n|switch|p2a: Scizor|Scizor, F|100\/100\n|move|p1a: Moltres|Air Slash|p2a: Scizor\n|-damage|p2a: Scizor|58\/100\n|\n|upkeep\n|turn|13\n|\n|t:|1700762524\n|move|p1a: Moltres|Air Slash|p2a: Scizor\n|-damage|p2a: Scizor|19\/100\n|move|p2a: Scizor|Iron Head|p1a: Moltres\n|-damage|p1a: Moltres|46\/100\n|-ability|p1a: Moltres|Berserk|boost\n|-boost|p1a: Moltres|spa|1\n|\n|upkeep\n|turn|14\n|\n|t:|1700762544\n|switch|p2a: Dragapult|Dragapult, M|100\/100\n|move|p1a: Moltres|Fiery Wrath|p2a: Dragapult\n|-supereffective|p2a: Dragapult\n|-damage|p2a: Dragapult|0 fnt\n|faint|p2a: Dragapult\n|\n|upkeep\n|\n|t:|1700762578\n|switch|p2a: Gardevoir|Gardevoir, F|22\/100\n|-ability|p2a: Gardevoir|Berserk|[from] ability: Trace|[of] p1a: Moltres\n|turn|15\n|\n|t:|1700762583\n|move|p1a: Moltres|Fiery Wrath|p2a: Gardevoir\n|-damage|p2a: Gardevoir|0 fnt\n|faint|p2a: Gardevoir\n|\n|upkeep\n|\n|t:|1700762590\n|switch|p2a: Scizor|Scizor, F|19\/100\n|turn|16\n|\n|t:|1700762599\n|move|p1a: Moltres|Fiery Wrath|p2a: Scizor\n|-damage|p2a: Scizor|0 fnt\n|faint|p2a: Scizor\n|\n|upkeep\n|\n|t:|1700762606\n|switch|p2a: Volcanion|Volcanion|27\/100\n|turn|17\n|\n|t:|1700762612\n|move|p1a: Moltres|Fiery Wrath|p2a: Volcanion\n|-damage|p2a: Volcanion|0 fnt\n|faint|p2a: Volcanion\n|\n|upkeep\n|\n|t:|1700762617\n|switch|p2a: Sinistcha|Sinistcha-Masterpiece|79\/100\n|turn|18\n|\n|t:|1700762625\n|move|p1a: Moltres|Air Slash|p2a: Sinistcha\n|-supereffective|p2a: Sinistcha\n|-damage|p2a: Sinistcha|0 fnt\n|faint|p2a: Sinistcha\n|\n|upkeep\n|\n|t:|1700762629\n|switch|p2a: Great Tusk|Great Tusk|100\/100\n|-enditem|p2a: Great Tusk|Booster Energy\n|-activate|p2a: Great Tusk|ability: Protosynthesis|[fromitem]\n|-start|p2a: Great Tusk|protosynthesisatk\n|turn|19\n|\n|t:|1700762636\n|move|p1a: Moltres|Air Slash|p2a: Great Tusk\n|-supereffective|p2a: Great Tusk\n|-damage|p2a: Great Tusk|0 fnt\n|faint|p2a: Great Tusk\n|-end|p2a: Great Tusk|Protosynthesis|[silent]\n|\n|win|Spix on YT\n|raw|Spix on YT's rating: 1114 &rarr; <strong>1139<\/strong><br \/>(+25 for winning)\n|raw|fireisnice's rating: 1118 &rarr; <strong>1093<\/strong><br \/>(-25 for losing)\n|c|\u2606Spix on YT|gg\n|l|\u2606fireisnice\n","uploadtime":1700762643,"views":8,"p1id":"spixonyt","p2id":"fireisnice","formatid":"gen9ou","rating":1093,"private":0,"password":""}