{"id":"gen9ou-1990274159","p1":"itsgentlecrab","p2":"AkiDes","format":"[Gen 9] OU","log":"|j|\u2606itsgentlecrab\n|j|\u2606AkiDes\n|t:|1699948862\n|gametype|singles\n|player|p1|itsgentlecrab|anabel|1217\n|player|p2|AkiDes|volkner|1211\n|teamsize|p1|6\n|teamsize|p2|6\n|gen|9\n|tier|[Gen 9] OU\n|rated|\n|rule|Sleep Clause Mod: Limit one foe put to sleep\n|rule|Species Clause: Limit one of each Pok\u00e9mon\n|rule|OHKO Clause: OHKO moves are banned\n|rule|Evasion Items Clause: Evasion items are banned\n|rule|Evasion Moves Clause: Evasion moves are banned\n|rule|Endless Battle Clause: Forcing endless battles is banned\n|rule|HP Percentage Mod: HP is shown in percentages\n|clearpoke\n|poke|p1|Pelipper, F|\n|poke|p1|Manaphy|\n|poke|p1|Zapdos|\n|poke|p1|Basculegion, M|\n|poke|p1|Greninja-*, M|\n|poke|p1|Thundurus-Therian, M|\n|poke|p2|Greninja-*, M|\n|poke|p2|Dragonite, M|\n|poke|p2|Cinderace, F|\n|poke|p2|Mandibuzz, F|\n|poke|p2|Jolteon, M|\n|poke|p2|Gengar, M|\n|teampreview\n|\n|t:|1699948875\n|start\n|switch|p1a: Pelipper|Pelipper, F|100\/100\n|switch|p2a: Jolteon|Jolteon, M|100\/100\n|-weather|RainDance|[from] ability: Drizzle|[of] p1a: Pelipper\n|turn|1\n|\n|t:|1699948880\n|switch|p1a: Thundurus|Thundurus-Therian, M|100\/100\n|-terastallize|p2a: Jolteon|Ice\n|move|p2a: Jolteon|Tera Blast|p1a: Thundurus|[anim] Tera Blast Ice\n|-supereffective|p1a: Thundurus\n|-damage|p1a: Thundurus|0 fnt\n|faint|p1a: Thundurus\n|\n|-weather|RainDance|[upkeep]\n|upkeep\n|\n|t:|1699948890\n|switch|p1a: Basculegion|Basculegion, M|100\/100\n|turn|2\n|\n|t:|1699948896\n|switch|p2a: Mandibuzz|Mandibuzz, F|100\/100\n|move|p1a: Basculegion|Head Smash|p2a: Mandibuzz\n|-supereffective|p2a: Mandibuzz\n|-damage|p2a: Mandibuzz|12\/100\n|-damage|p1a: Basculegion|51\/100|[from] Recoil\n|\n|-weather|RainDance|[upkeep]\n|upkeep\n|turn|3\n|\n|t:|1699948904\n|move|p1a: Basculegion|Head Smash|p2a: Mandibuzz\n|-supereffective|p2a: Mandibuzz\n|-damage|p2a: Mandibuzz|0 fnt\n|faint|p2a: Mandibuzz\n|-damage|p1a: Basculegion|45\/100|[from] Recoil\n|\n|-weather|RainDance|[upkeep]\n|upkeep\n|\n|t:|1699948909\n|switch|p2a: Cinderace|Cinderace, F|100\/100\n|turn|4\n|\n|t:|1699948913\n|move|p2a: Cinderace|Sucker Punch|p1a: Basculegion\n|-start|p2a: Cinderace|typechange|Dark|[from] ability: Libero\n|-supereffective|p1a: Basculegion\n|-damage|p1a: Basculegion|0 fnt\n|faint|p1a: Basculegion\n|\n|-weather|RainDance|[upkeep]\n|upkeep\n|\n|t:|1699948923\n|switch|p1a: Greninja|Greninja, M|100\/100\n|turn|5\n|\n|t:|1699948930\n|move|p1a: Greninja|Hydro Pump|p2a: Cinderace|[miss]\n|-miss|p1a: Greninja|p2a: Cinderace\n|move|p2a: Cinderace|High Jump Kick|p1a: Greninja\n|-supereffective|p1a: Greninja\n|-damage|p1a: Greninja|0 fnt\n|faint|p1a: Greninja\n|\n|-weather|RainDance|[upkeep]\n|upkeep\n|\n|t:|1699948938\n|switch|p1a: Zapdos|Zapdos|100\/100\n|turn|6\n|\n|t:|1699948946\n|move|p2a: Cinderace|U-turn|p1a: Zapdos\n|-resisted|p1a: Zapdos\n|-damage|p1a: Zapdos|86\/100\n|\n|t:|1699948950\n|switch|p2a: Dragonite|Dragonite, M|100\/100|[from] U-turn\n|move|p1a: Zapdos|Hurricane|p2a: Dragonite\n|-damage|p2a: Dragonite|70\/100\n|\n|-weather|RainDance|[upkeep]\n|upkeep\n|turn|7\n|\n|t:|1699948959\n|-terastallize|p1a: Zapdos|Electric\n|move|p1a: Zapdos|Thunder|p2a: Dragonite\n|-damage|p2a: Dragonite|0 fnt\n|faint|p2a: Dragonite\n|\n|-weather|RainDance|[upkeep]\n|upkeep\n|\n|t:|1699948968\n|switch|p2a: Greninja|Greninja, M, shiny|100\/100\n|turn|8\n|\n|t:|1699948976\n|move|p2a: Greninja|Hydro Pump|p1a: Zapdos|[miss]\n|-start|p2a: Greninja|typechange|Water|[from] ability: Protean\n|-miss|p2a: Greninja|p1a: Zapdos\n|move|p1a: Zapdos|Volt Switch|p2a: Greninja\n|-supereffective|p2a: Greninja\n|-damage|p2a: Greninja|0 fnt\n|faint|p2a: Greninja\n|\n|t:|1699948985\n|switch|p1a: Manaphy|Manaphy|100\/100|[from] Volt Switch\n|\n|-weather|none\n|upkeep\n|\n|t:|1699948991\n|switch|p2a: Jolteon|Jolteon, M, tera:Ice|100\/100\n|turn|9\n|\n|t:|1699948997\n|switch|p1a: Pelipper|Pelipper, F|100\/100\n|-weather|RainDance|[from] ability: Drizzle|[of] p1a: Pelipper\n|move|p2a: Jolteon|Volt Switch|p1a: Pelipper\n|-supereffective|p1a: Pelipper\n|-damage|p1a: Pelipper|0 fnt\n|faint|p1a: Pelipper\n|\n|t:|1699949006\n|switch|p2a: Gengar|Gengar, M|100\/100|[from] Volt Switch\n|\n|-weather|RainDance|[upkeep]\n|upkeep\n|\n|t:|1699949023\n|switch|p1a: Zapdos|Zapdos, tera:Electric|86\/100\n|turn|10\n|\n|t:|1699949027\n|move|p2a: Gengar|Substitute|p2a: Gengar\n|-start|p2a: Gengar|Substitute\n|-damage|p2a: Gengar|76\/100\n|move|p1a: Zapdos|Thunder|p2a: Gengar\n|-end|p2a: Gengar|Substitute\n|\n|-weather|RainDance|[upkeep]\n|-heal|p2a: Gengar|82\/100|[from] item: Leftovers\n|upkeep\n|turn|11\n|\n|t:|1699949037\n|move|p2a: Gengar|Substitute|p2a: Gengar\n|-start|p2a: Gengar|Substitute\n|-damage|p2a: Gengar|57\/100\n|move|p1a: Zapdos|Volt Switch|p2a: Gengar\n|-end|p2a: Gengar|Substitute\n|\n|t:|1699949040\n|switch|p1a: Manaphy|Manaphy|100\/100|[from] Volt Switch\n|\n|-weather|RainDance|[upkeep]\n|-heal|p2a: Gengar|63\/100|[from] item: Leftovers\n|upkeep\n|turn|12\n|\n|t:|1699949044\n|move|p2a: Gengar|Substitute|p2a: Gengar\n|-start|p2a: Gengar|Substitute\n|-damage|p2a: Gengar|38\/100\n|move|p1a: Manaphy|Tail Glow|p1a: Manaphy\n|-boost|p1a: Manaphy|spa|3\n|\n|-weather|RainDance|[upkeep]\n|-heal|p2a: Gengar|44\/100|[from] item: Leftovers\n|upkeep\n|turn|13\n|\n|t:|1699949049\n|move|p2a: Gengar|Sludge Bomb|p1a: Manaphy\n|-damage|p1a: Manaphy|54\/100\n|move|p1a: Manaphy|Surf|p2a: Gengar\n|-end|p2a: Gengar|Substitute\n|\n|-weather|RainDance|[upkeep]\n|-heal|p2a: Gengar|50\/100|[from] item: Leftovers\n|-heal|p1a: Manaphy|61\/100|[from] item: Leftovers\n|upkeep\n|turn|14\n|\n|t:|1699949056\n|move|p2a: Gengar|Substitute|p2a: Gengar\n|-start|p2a: Gengar|Substitute\n|-damage|p2a: Gengar|25\/100\n|move|p1a: Manaphy|Rest|p1a: Manaphy\n|-status|p1a: Manaphy|slp|[from] move: Rest\n|-heal|p1a: Manaphy|100\/100 slp|[silent]\n|\n|-weather|RainDance|[upkeep]\n|-heal|p2a: Gengar|32\/100|[from] item: Leftovers\n|-activate|p1a: Manaphy|ability: Hydration\n|-curestatus|p1a: Manaphy|slp|[msg]\n|upkeep\n|turn|15\n|\n|t:|1699949062\n|move|p2a: Gengar|Sludge Bomb|p1a: Manaphy\n|-damage|p1a: Manaphy|56\/100\n|move|p1a: Manaphy|Surf|p2a: Gengar\n|-end|p2a: Gengar|Substitute\n|\n|-weather|RainDance|[upkeep]\n|-heal|p2a: Gengar|38\/100|[from] item: Leftovers\n|-heal|p1a: Manaphy|62\/100|[from] item: Leftovers\n|upkeep\n|turn|16\n|\n|t:|1699949069\n|move|p2a: Gengar|Substitute|p2a: Gengar\n|-start|p2a: Gengar|Substitute\n|-damage|p2a: Gengar|13\/100\n|move|p1a: Manaphy|Surf|p2a: Gengar\n|-end|p2a: Gengar|Substitute\n|\n|-weather|none\n|-heal|p2a: Gengar|19\/100|[from] item: Leftovers\n|-heal|p1a: Manaphy|68\/100|[from] item: Leftovers\n|upkeep\n|turn|17\n|\n|t:|1699949072\n|move|p2a: Gengar|Destiny Bond|p2a: Gengar\n|-singlemove|p2a: Gengar|Destiny Bond\n|move|p1a: Manaphy|Surf|p2a: Gengar\n|-damage|p2a: Gengar|0 fnt\n|faint|p2a: Gengar\n|-activate|p2a: Gengar|move: Destiny Bond\n|faint|p1a: Manaphy\n|\n|upkeep\n|\n|t:|1699949078\n|switch|p2a: Jolteon|Jolteon, M, tera:Ice|100\/100\n|switch|p1a: Zapdos|Zapdos, tera:Electric|86\/100\n|turn|18\n|\n|t:|1699949085\n|move|p2a: Jolteon|Tera Blast|p1a: Zapdos|[anim] Tera Blast Ice\n|-damage|p1a: Zapdos|19\/100\n|move|p1a: Zapdos|Hurricane|p2a: Jolteon\n|-damage|p2a: Jolteon|29\/100\n|-start|p2a: Jolteon|confusion\n|\n|upkeep\n|turn|19\n|\n|t:|1699949091\n|-activate|p2a: Jolteon|confusion\n|-damage|p2a: Jolteon|20\/100|[from] confusion\n|move|p1a: Zapdos|Roost|p1a: Zapdos\n|-heal|p1a: Zapdos|69\/100\n|\n|upkeep\n|turn|20\n|\n|t:|1699949097\n|-activate|p2a: Jolteon|confusion\n|move|p2a: Jolteon|Tera Blast|p1a: Zapdos|[anim] Tera Blast Ice\n|-damage|p1a: Zapdos|7\/100\n|move|p1a: Zapdos|Roost|p1a: Zapdos\n|-heal|p1a: Zapdos|57\/100\n|\n|upkeep\n|turn|21\n|\n|t:|1699949104\n|-activate|p2a: Jolteon|confusion\n|move|p2a: Jolteon|Tera Blast|p1a: Zapdos|[anim] Tera Blast Ice\n|-damage|p1a: Zapdos|0 fnt\n|faint|p1a: Zapdos\n|\n|win|AkiDes\n|raw|itsgentlecrab's rating: 1217 &rarr; <strong>1192<\/strong><br \/>(-25 for losing)\n|raw|AkiDes's rating: 1211 &rarr; <strong>1236<\/strong><br \/>(+25 for winning)\n|c|\u2606itsgentlecrab|gg\n|l|\u2606itsgentlecrab\n","uploadtime":1699949111,"views":9,"p1id":"itsgentlecrab","p2id":"akides","formatid":"gen9ou","rating":1192,"private":0,"password":""}