{"id":"gen9ou-1989438471","p1":"rkimbo","p2":"Zkeem1","format":"[Gen 9] OU","log":"|j|\u2606rkimbo\n|j|\u2606Zkeem1\n|t:|1699850509\n|gametype|singles\n|player|p1|rkimbo|169|1406\n|player|p2|Zkeem1|dawn-gen4pt|1359\n|teamsize|p1|6\n|teamsize|p2|6\n|gen|9\n|tier|[Gen 9] OU\n|rated|\n|rule|Sleep Clause Mod: Limit one foe put to sleep\n|rule|Species Clause: Limit one of each Pok\u00e9mon\n|rule|OHKO Clause: OHKO moves are banned\n|rule|Evasion Items Clause: Evasion items are banned\n|rule|Evasion Moves Clause: Evasion moves are banned\n|rule|Endless Battle Clause: Forcing endless battles is banned\n|rule|HP Percentage Mod: HP is shown in percentages\n|clearpoke\n|poke|p1|Ribombee, M|\n|poke|p1|Gholdengo|\n|poke|p1|Ogerpon-Wellspring, F|\n|poke|p1|Zamazenta-*|\n|poke|p1|Great Tusk|\n|poke|p1|Iron Valiant|\n|poke|p2|Alomomola, F|\n|poke|p2|Ting-Lu|\n|poke|p2|Gholdengo|\n|poke|p2|Weezing-Galar, M|\n|poke|p2|Dragonite, F|\n|poke|p2|Sneasler, M|\n|teampreview\n|\n|t:|1699850517\n|start\n|switch|p1a: Ribombee|Ribombee, M|100\/100\n|switch|p2a: Weezing|Weezing-Galar, M|100\/100\n|turn|1\n|inactive|Battle timer is ON: inactive players will automatically lose when time's up. (requested by rkimbo)\n|\n|t:|1699850525\n|move|p1a: Ribombee|Psychic|p2a: Weezing\n|-supereffective|p2a: Weezing\n|-damage|p2a: Weezing|34\/100\n|move|p2a: Weezing|Flamethrower|p1a: Ribombee\n|-supereffective|p1a: Ribombee\n|-damage|p1a: Ribombee|37\/100\n|\n|upkeep\n|turn|2\n|\n|t:|1699850532\n|switch|p2a: Ting-Lu|Ting-Lu|100\/100\n|-ability|p2a: Ting-Lu|Vessel of Ruin\n|move|p1a: Ribombee|Sticky Web|p2a: Ting-Lu\n|-sidestart|p2: Zkeem1|move: Sticky Web\n|\n|upkeep\n|turn|3\n|\n|t:|1699850541\n|move|p1a: Ribombee|Moonblast|p2a: Ting-Lu\n|-supereffective|p2a: Ting-Lu\n|-damage|p2a: Ting-Lu|67\/100\n|-unboost|p2a: Ting-Lu|spa|1\n|move|p2a: Ting-Lu|Stone Edge|p1a: Ribombee\n|-supereffective|p1a: Ribombee\n|-damage|p1a: Ribombee|0 fnt\n|faint|p1a: Ribombee\n|\n|-heal|p2a: Ting-Lu|74\/100|[from] item: Leftovers\n|upkeep\n|\n|t:|1699850559\n|switch|p1a: Zamazenta|Zamazenta|100\/100\n|-ability|p1a: Zamazenta|Dauntless Shield|boost\n|-boost|p1a: Zamazenta|def|1\n|turn|4\n|\n|t:|1699850572\n|switch|p2a: Weezing|Weezing-Galar, M|34\/100\n|move|p1a: Zamazenta|Close Combat|p2a: Weezing\n|-resisted|p2a: Weezing\n|-damage|p2a: Weezing|21\/100\n|-unboost|p1a: Zamazenta|def|1\n|-unboost|p1a: Zamazenta|spd|1\n|-damage|p1a: Zamazenta|84\/100|[from] item: Rocky Helmet|[of] p2a: Weezing\n|\n|upkeep\n|turn|5\n|\n|t:|1699850583\n|switch|p1a: Gholdengo|Gholdengo|100\/100\n|-item|p1a: Gholdengo|Air Balloon\n|move|p2a: Weezing|Pain Split|p1a: Gholdengo\n|-immune|p1a: Gholdengo|[from] ability: Good as Gold\n|\n|upkeep\n|turn|6\n|\n|t:|1699850592\n|switch|p2a: Ting-Lu|Ting-Lu|74\/100\n|-activate|p2a: Ting-Lu|move: Sticky Web\n|-unboost|p2a: Ting-Lu|spe|1\n|-ability|p2a: Ting-Lu|Vessel of Ruin\n|move|p1a: Gholdengo|Make It Rain|p2a: Ting-Lu\n|-damage|p2a: Ting-Lu|48\/100\n|-unboost|p1a: Gholdengo|spa|1\n|\n|-heal|p2a: Ting-Lu|54\/100|[from] item: Leftovers\n|upkeep\n|turn|7\n|\n|t:|1699850607\n|switch|p1a: Ogerpon|Ogerpon-Wellspring, F|100\/100\n|move|p2a: Ting-Lu|Stealth Rock|p1a: Ogerpon\n|-sidestart|p1: rkimbo|move: Stealth Rock\n|\n|-heal|p2a: Ting-Lu|60\/100|[from] item: Leftovers\n|upkeep\n|turn|8\n|\n|t:|1699850619\n|switch|p2a: Dragonite|Dragonite, F|100\/100\n|move|p1a: Ogerpon|Swords Dance|p1a: Ogerpon\n|-boost|p1a: Ogerpon|atk|2\n|\n|upkeep\n|turn|9\n|\n|t:|1699850626\n|-terastallize|p2a: Dragonite|Normal\n|move|p2a: Dragonite|Extreme Speed|p1a: Ogerpon\n|-damage|p1a: Ogerpon|4\/100\n|move|p1a: Ogerpon|Play Rough|p2a: Dragonite\n|-damage|p2a: Dragonite|62\/100\n|\n|upkeep\n|turn|10\n|\n|t:|1699850636\n|switch|p1a: Great Tusk|Great Tusk|100\/100\n|move|p2a: Dragonite|Extreme Speed|p1a: Great Tusk\n|-damage|p1a: Great Tusk|52\/100\n|\n|upkeep\n|turn|11\n|\n|t:|1699850647\n|switch|p2a: Alomomola|Alomomola, F|100\/100\n|-activate|p2a: Alomomola|move: Sticky Web\n|-unboost|p2a: Alomomola|spe|1\n|move|p1a: Great Tusk|Rapid Spin|p2a: Alomomola\n|-damage|p2a: Alomomola|91\/100\n|-boost|p1a: Great Tusk|spe|1\n|-damage|p1a: Great Tusk|35\/100|[from] item: Rocky Helmet|[of] p2a: Alomomola\n|-sideend|p1: rkimbo|Stealth Rock|[from] move: Rapid Spin|[of] p1a: Great Tusk\n|\n|upkeep\n|turn|12\n|\n|t:|1699850657\n|move|p1a: Great Tusk|Headlong Rush|p2a: Alomomola\n|-damage|p2a: Alomomola|54\/100\n|-unboost|p1a: Great Tusk|def|1\n|-unboost|p1a: Great Tusk|spd|1\n|-damage|p1a: Great Tusk|19\/100|[from] item: Rocky Helmet|[of] p2a: Alomomola\n|move|p2a: Alomomola|Wish|p2a: Alomomola\n|\n|upkeep\n|turn|13\n|\n|t:|1699850666\n|switch|p2a: Weezing|Weezing-Galar, M|21\/100\n|move|p1a: Great Tusk|Knock Off|p2a: Weezing\n|-resisted|p2a: Weezing\n|-damage|p2a: Weezing|9\/100\n|-damage|p1a: Great Tusk|2\/100|[from] item: Rocky Helmet|[of] p2a: Weezing\n|-enditem|p2a: Weezing|Rocky Helmet|[from] move: Knock Off|[of] p1a: Great Tusk\n|\n|-heal|p2a: Weezing|88\/100|[from] move: Wish|[wisher] Alomomola\n|upkeep\n|turn|14\n|\n|t:|1699850678\n|move|p1a: Great Tusk|Headlong Rush|p2a: Weezing\n|-immune|p2a: Weezing|[from] ability: Levitate\n|move|p2a: Weezing|Defog|p1a: Great Tusk\n|-unboost|p1a: Great Tusk|evasion|1\n|-sideend|p2: Zkeem1|Sticky Web|[from] move: Defog|[of] p2a: Weezing\n|\n|upkeep\n|turn|15\n|\n|t:|1699850699\n|move|p1a: Great Tusk|Rapid Spin|p2a: Weezing\n|-damage|p2a: Weezing|75\/100\n|-boost|p1a: Great Tusk|spe|1\n|move|p2a: Weezing|Flamethrower|p1a: Great Tusk\n|-damage|p1a: Great Tusk|0 fnt\n|faint|p1a: Great Tusk\n|-end|p1a: Great Tusk|Protosynthesis|[silent]\n|\n|upkeep\n|\n|t:|1699850703\n|switch|p1a: Gholdengo|Gholdengo|100\/100\n|-item|p1a: Gholdengo|Air Balloon\n|turn|16\n|\n|t:|1699850710\n|switch|p2a: Alomomola|Alomomola, F|87\/100\n|move|p1a: Gholdengo|Make It Rain|p2a: Alomomola\n|-resisted|p2a: Alomomola\n|-damage|p2a: Alomomola|49\/100\n|-unboost|p1a: Gholdengo|spa|1\n|\n|upkeep\n|turn|17\n|\n|t:|1699850719\n|switch|p1a: Ogerpon|Ogerpon-Wellspring, F|4\/100\n|move|p2a: Alomomola|Wish|p2a: Alomomola\n|\n|upkeep\n|turn|18\n|\n|t:|1699850725\n|switch|p2a: Dragonite|Dragonite, F, tera:Normal|62\/100\n|move|p1a: Ogerpon|Horn Leech|p2a: Dragonite\n|-damage|p2a: Dragonite|14\/100\n|-heal|p1a: Ogerpon|30\/100|[from] drain|[of] p2a: Dragonite\n|\n|-heal|p2a: Dragonite|94\/100|[from] move: Wish|[wisher] Alomomola\n|upkeep\n|turn|19\n|\n|t:|1699850742\n|switch|p1a: Gholdengo|Gholdengo|100\/100\n|-item|p1a: Gholdengo|Air Balloon\n|move|p2a: Dragonite|Ice Spinner|p1a: Gholdengo\n|-resisted|p1a: Gholdengo\n|-damage|p1a: Gholdengo|74\/100\n|-enditem|p1a: Gholdengo|Air Balloon\n|\n|upkeep\n|turn|20\n|\n|t:|1699850753\n|switch|p2a: Ting-Lu|Ting-Lu|60\/100\n|-ability|p2a: Ting-Lu|Vessel of Ruin\n|move|p1a: Gholdengo|Make It Rain|p2a: Ting-Lu\n|-damage|p2a: Ting-Lu|32\/100\n|-unboost|p1a: Gholdengo|spa|1\n|\n|-heal|p2a: Ting-Lu|38\/100|[from] item: Leftovers\n|upkeep\n|turn|21\n|\n|t:|1699850765\n|switch|p1a: Ogerpon|Ogerpon-Wellspring, F|30\/100\n|move|p2a: Ting-Lu|Stealth Rock|p1a: Ogerpon\n|-sidestart|p1: rkimbo|move: Stealth Rock\n|\n|-heal|p2a: Ting-Lu|45\/100|[from] item: Leftovers\n|upkeep\n|turn|22\n|\n|t:|1699850774\n|switch|p2a: Weezing|Weezing-Galar, M|75\/100\n|move|p1a: Ogerpon|Horn Leech|p2a: Weezing\n|-resisted|p2a: Weezing\n|-damage|p2a: Weezing|61\/100\n|-heal|p1a: Ogerpon|38\/100|[from] drain|[of] p2a: Weezing\n|\n|upkeep\n|turn|23\n|\n|t:|1699850782\n|move|p1a: Ogerpon|Ivy Cudgel|p2a: Weezing\n|-damage|p2a: Weezing|25\/100\n|move|p2a: Weezing|Will-O-Wisp|p1a: Ogerpon\n|-status|p1a: Ogerpon|brn\n|\n|-damage|p1a: Ogerpon|32\/100 brn|[from] brn\n|upkeep\n|turn|24\n|\n|t:|1699850793\n|switch|p2a: Alomomola|Alomomola, F|82\/100\n|move|p1a: Ogerpon|Ivy Cudgel|p2a: Alomomola\n|-resisted|p2a: Alomomola\n|-damage|p2a: Alomomola|74\/100\n|\n|-damage|p1a: Ogerpon|26\/100 brn|[from] brn\n|upkeep\n|turn|25\n|\n|t:|1699850802\n|move|p2a: Alomomola|Protect|p2a: Alomomola\n|-singleturn|p2a: Alomomola|Protect\n|move|p1a: Ogerpon|Horn Leech|p2a: Alomomola\n|-activate|p2a: Alomomola|move: Protect\n|\n|-damage|p1a: Ogerpon|20\/100 brn|[from] brn\n|upkeep\n|turn|26\n|\n|t:|1699850809\n|move|p1a: Ogerpon|Horn Leech|p2a: Alomomola\n|-supereffective|p2a: Alomomola\n|-damage|p2a: Alomomola|47\/100\n|-heal|p1a: Ogerpon|43\/100 brn|[from] drain|[of] p2a: Alomomola\n|-damage|p1a: Ogerpon|26\/100 brn|[from] item: Rocky Helmet|[of] p2a: Alomomola\n|move|p2a: Alomomola|Wish|p2a: Alomomola\n|\n|-damage|p1a: Ogerpon|20\/100 brn|[from] brn\n|upkeep\n|turn|27\n|\n|t:|1699850820\n|switch|p2a: Weezing|Weezing-Galar, M|25\/100\n|move|p1a: Ogerpon|Swords Dance|p1a: Ogerpon\n|-boost|p1a: Ogerpon|atk|2\n|\n|-heal|p2a: Weezing|100\/100|[from] move: Wish|[wisher] Alomomola\n|-damage|p1a: Ogerpon|14\/100 brn|[from] brn\n|upkeep\n|turn|28\n|\n|t:|1699850828\n|move|p1a: Ogerpon|Ivy Cudgel|p2a: Weezing\n|-damage|p2a: Weezing|59\/100\n|move|p2a: Weezing|Flamethrower|p1a: Ogerpon\n|-damage|p1a: Ogerpon|0 fnt\n|faint|p1a: Ogerpon\n|\n|upkeep\n|\n|t:|1699850834\n|switch|p1a: Zamazenta|Zamazenta|84\/100\n|-damage|p1a: Zamazenta|78\/100|[from] Stealth Rock\n|turn|29\n|\n|t:|1699850839\n|move|p1a: Zamazenta|Heavy Slam|p2a: Weezing\n|-supereffective|p2a: Weezing\n|-damage|p2a: Weezing|0 fnt\n|faint|p2a: Weezing\n|\n|upkeep\n|inactive|Zkeem1 has 120 seconds left.\n|\n|t:|1699850870\n|switch|p2a: Gholdengo|Gholdengo|100\/100\n|turn|30\n|inactive|rkimbo has 120 seconds left.\n|inactive|rkimbo has 90 seconds left.\n|\n|t:|1699850954\n|switch|p1a: Gholdengo|Gholdengo|74\/100\n|-damage|p1a: Gholdengo|68\/100|[from] Stealth Rock\n|move|p2a: Gholdengo|Trick|p1a: Gholdengo\n|-immune|p1a: Gholdengo|[from] ability: Good as Gold\n|\n|upkeep\n|turn|31\n|\n|t:|1699850968\n|switch|p2a: Alomomola|Alomomola, F|81\/100\n|-terastallize|p1a: Gholdengo|Fighting\n|move|p1a: Gholdengo|Recover|p1a: Gholdengo\n|-heal|p1a: Gholdengo|100\/100\n|\n|upkeep\n|turn|32\n|\n|t:|1699850975\n|move|p1a: Gholdengo|Nasty Plot|p1a: Gholdengo\n|-boost|p1a: Gholdengo|spa|2\n|move|p2a: Alomomola|Wish|p2a: Alomomola\n|\n|upkeep\n|turn|33\n|\n|t:|1699850981\n|switch|p2a: Ting-Lu|Ting-Lu|45\/100\n|-ability|p2a: Ting-Lu|Vessel of Ruin\n|move|p1a: Gholdengo|Nasty Plot|p1a: Gholdengo\n|-boost|p1a: Gholdengo|spa|2\n|\n|-heal|p2a: Ting-Lu|95\/100|[from] move: Wish|[wisher] Alomomola\n|-heal|p2a: Ting-Lu|100\/100|[from] item: Leftovers\n|upkeep\n|turn|34\n|\n|t:|1699850993\n|move|p1a: Gholdengo|Make It Rain|p2a: Ting-Lu\n|-damage|p2a: Ting-Lu|15\/100\n|-unboost|p1a: Gholdengo|spa|1\n|move|p2a: Ting-Lu|Whirlwind|p1a: Gholdengo\n|-immune|p1a: Gholdengo|[from] ability: Good as Gold\n|\n|-heal|p2a: Ting-Lu|21\/100|[from] item: Leftovers\n|upkeep\n|turn|35\n|\n|t:|1699851003\n|move|p1a: Gholdengo|Make It Rain|p2a: Ting-Lu\n|-damage|p2a: Ting-Lu|0 fnt\n|-unboost|p1a: Gholdengo|spa|1\n|faint|p2a: Ting-Lu\n|\n|upkeep\n|\n|t:|1699851011\n|switch|p2a: Gholdengo|Gholdengo|100\/100\n|turn|36\n|\n|t:|1699851022\n|move|p2a: Gholdengo|Shadow Ball|p1a: Gholdengo\n|-damage|p1a: Gholdengo|49\/100\n|move|p1a: Gholdengo|Shadow Ball|p2a: Gholdengo\n|-supereffective|p2a: Gholdengo\n|-damage|p2a: Gholdengo|0 fnt\n|faint|p2a: Gholdengo\n|\n|upkeep\n|\n|t:|1699851029\n|switch|p2a: Dragonite|Dragonite, F, tera:Normal|94\/100\n|turn|37\n|inactive|rkimbo has 120 seconds left.\n|\n|t:|1699851037\n|move|p2a: Dragonite|Extreme Speed|p1a: Gholdengo\n|-crit|p1a: Gholdengo\n|-damage|p1a: Gholdengo|0 fnt\n|faint|p1a: Gholdengo\n|\n|upkeep\n|\n|t:|1699851039\n|switch|p1a: Zamazenta|Zamazenta|78\/100\n|-damage|p1a: Zamazenta|72\/100|[from] Stealth Rock\n|turn|38\n|\n|t:|1699851046\n|switch|p2a: Alomomola|Alomomola, F|100\/100\n|move|p1a: Zamazenta|Close Combat|p2a: Alomomola\n|-damage|p2a: Alomomola|53\/100\n|-unboost|p1a: Zamazenta|def|1\n|-unboost|p1a: Zamazenta|spd|1\n|-damage|p1a: Zamazenta|55\/100|[from] item: Rocky Helmet|[of] p2a: Alomomola\n|\n|upkeep\n|turn|39\n|\n|t:|1699851055\n|switch|p1a: Iron Valiant|Iron Valiant|100\/100\n|-damage|p1a: Iron Valiant|94\/100|[from] Stealth Rock\n|-enditem|p1a: Iron Valiant|Booster Energy\n|-activate|p1a: Iron Valiant|ability: Quark Drive|[fromitem]\n|-start|p1a: Iron Valiant|quarkdrivespe\n|move|p2a: Alomomola|Flip Turn|p1a: Iron Valiant\n|-damage|p1a: Iron Valiant|75\/100\n|\n|t:|1699851063\n|switch|p2a: Dragonite|Dragonite, F, tera:Normal|94\/100|[from] Flip Turn\n|\n|upkeep\n|turn|40\n|inactive|rkimbo has 120 seconds left.\n|\n|t:|1699851095\n|move|p2a: Dragonite|Extreme Speed|p1a: Iron Valiant\n|-damage|p1a: Iron Valiant|0 fnt\n|faint|p1a: Iron Valiant\n|-end|p1a: Iron Valiant|Quark Drive|[silent]\n|\n|upkeep\n|-message|rkimbo forfeited.\n|\n|win|Zkeem1\n|raw|rkimbo's rating: 1406 &rarr; <strong>1383<\/strong><br \/>(-23 for losing)\n|raw|Zkeem1's rating: 1359 &rarr; <strong>1382<\/strong><br \/>(+23 for winning)\n|l|\u2606rkimbo\n","uploadtime":1699851104,"views":11,"p1id":"rkimbo","p2id":"zkeem1","formatid":"gen9ou","rating":1382,"private":0,"password":""}