{"id":"gen9ou-1992096236","p1":"Sk3sanchez","p2":"keykiko","format":"[Gen 9] OU","log":"|j|\u203dSk3sanchez\n|j|\u2606keykiko\n|t:|1700154759\n|gametype|singles\n|player|p1|Sk3sanchez|101|1332\n|player|p2|keykiko|lillie|1308\n|teamsize|p1|6\n|teamsize|p2|6\n|gen|9\n|tier|[Gen 9] OU\n|rated|\n|rule|Sleep Clause Mod: Limit one foe put to sleep\n|rule|Species Clause: Limit one of each Pok\u00e9mon\n|rule|OHKO Clause: OHKO moves are banned\n|rule|Evasion Items Clause: Evasion items are banned\n|rule|Evasion Moves Clause: Evasion moves are banned\n|rule|Endless Battle Clause: Forcing endless battles is banned\n|rule|HP Percentage Mod: HP is shown in percentages\n|clearpoke\n|poke|p1|Pelipper, M|\n|poke|p1|Floatzel, M|\n|poke|p1|Ludicolo, M|\n|poke|p1|Zapdos|\n|poke|p1|Walking Wake|\n|poke|p1|Sinistcha|\n|poke|p2|Gholdengo|\n|poke|p2|Overqwil, M|\n|poke|p2|Great Tusk|\n|poke|p2|Zapdos|\n|poke|p2|Iron Valiant|\n|poke|p2|Ogerpon, F|\n|teampreview\n|inactive|Battle timer is ON: inactive players will automatically lose when time's up. (requested by Sk3sanchez)\n|\n|t:|1700154775\n|start\n|switch|p1a: Pelipper|Pelipper, M|100\/100\n|switch|p2a: Zapdos|Zapdos|100\/100\n|-weather|RainDance|[from] ability: Drizzle|[of] p1a: Pelipper\n|turn|1\n|\n|t:|1700154783\n|switch|p1a: Ludicolo|Ludicolo, M, shiny|100\/100\n|move|p2a: Zapdos|Volt Switch|p1a: Ludicolo\n|-damage|p1a: Ludicolo|61\/100\n|\n|t:|1700154795\n|switch|p2a: Overqwil|Overqwil, M|100\/100|[from] Volt Switch\n|-ability|p2a: Overqwil|Intimidate|boost\n|-unboost|p1a: Ludicolo|atk|1\n|\n|-weather|RainDance|[upkeep]\n|upkeep\n|turn|2\n|\n|t:|1700154800\n|move|p1a: Ludicolo|Hydro Pump|p2a: Overqwil\n|-damage|p2a: Overqwil|24\/100\n|-damage|p1a: Ludicolo|51\/100|[from] item: Life Orb\n|move|p2a: Overqwil|Poison Jab|p1a: Ludicolo\n|-supereffective|p1a: Ludicolo\n|-damage|p1a: Ludicolo|0 fnt\n|faint|p1a: Ludicolo\n|\n|-weather|RainDance|[upkeep]\n|upkeep\n|\n|t:|1700154804\n|switch|p1a: Floatzel|Floatzel, M|100\/100\n|turn|3\n|\n|t:|1700154810\n|move|p2a: Overqwil|Aqua Jet|p1a: Floatzel\n|-resisted|p1a: Floatzel\n|-damage|p1a: Floatzel|83\/100\n|move|p1a: Floatzel|Flip Turn|p2a: Overqwil\n|-crit|p2a: Overqwil\n|-damage|p2a: Overqwil|0 fnt\n|faint|p2a: Overqwil\n|\n|t:|1700154816\n|switch|p1a: Walking Wake|Walking Wake|100\/100|[from] Flip Turn\n|\n|-weather|RainDance|[upkeep]\n|upkeep\n|\n|t:|1700154827\n|switch|p2a: \u53ef\u7231\u634f|Ogerpon, F|100\/100\n|turn|4\n|\n|t:|1700154832\n|-terastallize|p2a: \u53ef\u7231\u634f|Grass\n|detailschange|p2a: \u53ef\u7231\u634f|Ogerpon-Teal-Tera, F, tera:Grass\n|-ability|p2a: \u53ef\u7231\u634f|Embody Aspect (Teal)|boost\n|-boost|p2a: \u53ef\u7231\u634f|spe|1\n|move|p2a: \u53ef\u7231\u634f|Ivy Cudgel|p1a: Walking Wake\n|-damage|p1a: Walking Wake|7\/100\n|move|p1a: Walking Wake|Hurricane|p2a: \u53ef\u7231\u634f\n|-supereffective|p2a: \u53ef\u7231\u634f\n|-damage|p2a: \u53ef\u7231\u634f|5\/100\n|\n|-weather|RainDance|[upkeep]\n|upkeep\n|turn|5\n|\n|t:|1700154848\n|-end|p1a: Walking Wake|Protosynthesis|[silent]\n|switch|p1a: Sinistcha|Sinistcha|100\/100\n|move|p2a: \u53ef\u7231\u634f|Swords Dance|p2a: \u53ef\u7231\u634f\n|-boost|p2a: \u53ef\u7231\u634f|atk|2\n|\n|-weather|RainDance|[upkeep]\n|upkeep\n|turn|6\n|\n|t:|1700154853\n|move|p2a: \u53ef\u7231\u634f|Ivy Cudgel|p1a: Sinistcha\n|-resisted|p1a: Sinistcha\n|-crit|p1a: Sinistcha\n|-damage|p1a: Sinistcha|0 fnt\n|faint|p1a: Sinistcha\n|\n|-weather|RainDance|[upkeep]\n|upkeep\n|\n|t:|1700154857\n|switch|p1a: Floatzel|Floatzel, M|83\/100\n|turn|7\n|\n|t:|1700154873\n|switch|p2a: Great Tusk|Great Tusk|100\/100\n|move|p1a: Floatzel|Aqua Jet|p2a: Great Tusk\n|-supereffective|p2a: Great Tusk\n|-damage|p2a: Great Tusk|30\/100\n|\n|-weather|RainDance|[upkeep]\n|-heal|p2a: Great Tusk|37\/100|[from] item: Leftovers\n|upkeep\n|turn|8\n|\n|t:|1700154880\n|-end|p2a: Great Tusk|Protosynthesis|[silent]\n|switch|p2a: Zapdos|Zapdos|100\/100\n|move|p1a: Floatzel|Aqua Jet|p2a: Zapdos\n|-damage|p2a: Zapdos|61\/100\n|\n|-weather|none\n|upkeep\n|turn|9\n|\n|t:|1700154890\n|switch|p1a: Pelipper|Pelipper, M|100\/100\n|-weather|RainDance|[from] ability: Drizzle|[of] p1a: Pelipper\n|move|p2a: Zapdos|Thunderbolt|p1a: Pelipper\n|-supereffective|p1a: Pelipper\n|-damage|p1a: Pelipper|0 fnt\n|faint|p1a: Pelipper\n|\n|-weather|RainDance|[upkeep]\n|upkeep\n|\n|t:|1700154904\n|switch|p1a: Walking Wake|Walking Wake|7\/100\n|turn|10\n|\n|t:|1700154916\n|switch|p2a: Great Tusk|Great Tusk|37\/100\n|move|p1a: Walking Wake|Hydro Pump|p2a: Great Tusk\n|-supereffective|p2a: Great Tusk\n|-damage|p2a: Great Tusk|0 fnt\n|faint|p2a: Great Tusk\n|-end|p2a: Great Tusk|Protosynthesis|[silent]\n|\n|-weather|RainDance|[upkeep]\n|upkeep\n|\n|t:|1700154922\n|switch|p2a: \u53ef\u7231\u634f|Ogerpon-Teal-Tera, F, tera:Grass|5\/100\n|-ability|p2a: \u53ef\u7231\u634f|Embody Aspect (Teal)|boost\n|-boost|p2a: \u53ef\u7231\u634f|spe|1\n|turn|11\n|\n|t:|1700154929\n|move|p2a: \u53ef\u7231\u634f|Ivy Cudgel|p1a: Walking Wake\n|-damage|p1a: Walking Wake|0 fnt\n|faint|p1a: Walking Wake\n|-end|p1a: Walking Wake|Protosynthesis|[silent]\n|\n|-weather|RainDance|[upkeep]\n|upkeep\n|\n|t:|1700154932\n|switch|p1a: Floatzel|Floatzel, M|83\/100\n|turn|12\n|\n|t:|1700154936\n|switch|p2a: Zapdos|Zapdos|61\/100\n|move|p1a: Floatzel|Wave Crash|p2a: Zapdos\n|-damage|p2a: Zapdos|0 fnt\n|-status|p1a: Floatzel|par|[from] ability: Static|[of] p2a: Zapdos\n|faint|p2a: Zapdos\n|-damage|p1a: Floatzel|63\/100 par|[from] Recoil\n|\n|-weather|RainDance|[upkeep]\n|upkeep\n|\n|t:|1700154942\n|switch|p2a: \u53ef\u7231\u634f|Ogerpon-Teal-Tera, F, tera:Grass|5\/100\n|-ability|p2a: \u53ef\u7231\u634f|Embody Aspect (Teal)|boost\n|-boost|p2a: \u53ef\u7231\u634f|spe|1\n|turn|13\n|\n|t:|1700154948\n|move|p2a: \u53ef\u7231\u634f|Ivy Cudgel|p1a: Floatzel\n|-supereffective|p1a: Floatzel\n|-damage|p1a: Floatzel|0 fnt\n|faint|p1a: Floatzel\n|\n|-weather|RainDance|[upkeep]\n|upkeep\n|\n|t:|1700154951\n|switch|p1a: Zapdos|Zapdos, shiny|100\/100\n|turn|14\n|\n|t:|1700154956\n|move|p2a: \u53ef\u7231\u634f|Play Rough|p1a: Zapdos\n|-damage|p1a: Zapdos|58\/100\n|move|p1a: Zapdos|Hurricane|p2a: \u53ef\u7231\u634f\n|-supereffective|p2a: \u53ef\u7231\u634f\n|-damage|p2a: \u53ef\u7231\u634f|0 fnt\n|faint|p2a: \u53ef\u7231\u634f\n|\n|-weather|RainDance|[upkeep]\n|upkeep\n|\n|t:|1700154963\n|switch|p2a: Gholdengo|Gholdengo|100\/100\n|-item|p2a: Gholdengo|Air Balloon\n|turn|15\n|\n|t:|1700154964\n|move|p1a: Zapdos|Thunder|p2a: Gholdengo\n|-damage|p2a: Gholdengo|33\/100\n|-status|p2a: Gholdengo|par\n|-enditem|p2a: Gholdengo|Air Balloon\n|move|p2a: Gholdengo|Shadow Ball|p1a: Zapdos\n|-damage|p1a: Zapdos|24\/100\n|-unboost|p1a: Zapdos|spd|1\n|\n|-weather|RainDance|[upkeep]\n|upkeep\n|turn|16\n|\n|t:|1700154970\n|move|p1a: Zapdos|Weather Ball|p2a: Gholdengo\n|-damage|p2a: Gholdengo|0 fnt\n|faint|p2a: Gholdengo\n|\n|-weather|none\n|upkeep\n|\n|t:|1700154972\n|switch|p2a: Iron Valiant|Iron Valiant|100\/100\n|-enditem|p2a: Iron Valiant|Booster Energy\n|-activate|p2a: Iron Valiant|ability: Quark Drive|[fromitem]\n|-start|p2a: Iron Valiant|quarkdrivespe\n|turn|17\n|c|\u2606keykiko|gg\n|\n|t:|1700154979\n|move|p2a: Iron Valiant|Moonblast|p1a: Zapdos\n|-damage|p1a: Zapdos|0 fnt\n|faint|p1a: Zapdos\n|\n|win|keykiko\n|raw|Sk3sanchez's rating: 1332 &rarr; <strong>1311<\/strong><br \/>(-21 for losing)\n|raw|keykiko's rating: 1308 &rarr; <strong>1329<\/strong><br \/>(+21 for winning)\n|l|\u203dSk3sanchez\n","uploadtime":1700155007,"views":9,"p1id":"sk3sanchez","p2id":"keykiko","formatid":"gen9ou","rating":1311,"private":0,"password":""}