{"id":"gen9ou-1994942659","p1":"Pikoow","p2":"CejTo10","format":"[Gen 9] OU","log":"|j|\u2606Pikoow\n|j|\u2606CejTo10\n|t:|1700506735\n|gametype|singles\n|player|p1|Pikoow|aaron|1581\n|player|p2|CejTo10|emmet|1651\n|teamsize|p1|6\n|teamsize|p2|6\n|gen|9\n|tier|[Gen 9] OU\n|rated|\n|rule|Sleep Clause Mod: Limit one foe put to sleep\n|rule|Species Clause: Limit one of each Pok\u00e9mon\n|rule|OHKO Clause: OHKO moves are banned\n|rule|Evasion Items Clause: Evasion items are banned\n|rule|Evasion Moves Clause: Evasion moves are banned\n|rule|Endless Battle Clause: Forcing endless battles is banned\n|rule|HP Percentage Mod: HP is shown in percentages\n|clearpoke\n|poke|p1|Weavile, F|\n|poke|p1|Great Tusk|\n|poke|p1|Slowking-Galar, F|\n|poke|p1|Ogerpon-Wellspring, F|\n|poke|p1|Enamorus, F|\n|poke|p1|Gholdengo|\n|poke|p2|Grimmsnarl, M|\n|poke|p2|Iron Moth|\n|poke|p2|Ogerpon-Cornerstone, F|\n|poke|p2|Mew|\n|poke|p2|Great Tusk|\n|poke|p2|Dragonite, F|\n|teampreview\n|inactive|Battle timer is ON: inactive players will automatically lose when time's up. (requested by Pikoow)\n|\n|t:|1700506751\n|start\n|switch|p1a: Enamorus|Enamorus, F|100\/100\n|switch|p2a: Great Tusk|Great Tusk|100\/100\n|-enditem|p2a: Great Tusk|Booster Energy\n|-activate|p2a: Great Tusk|ability: Protosynthesis|[fromitem]\n|-start|p2a: Great Tusk|protosynthesisspe\n|turn|1\n|\n|t:|1700506756\n|-end|p2a: Great Tusk|Protosynthesis|[silent]\n|switch|p2a: Iron Moth|Iron Moth|100\/100\n|-enditem|p2a: Iron Moth|Booster Energy\n|-activate|p2a: Iron Moth|ability: Quark Drive|[fromitem]\n|-start|p2a: Iron Moth|quarkdrivespa\n|move|p1a: Enamorus|Moonblast|p2a: Iron Moth\n|-resisted|p2a: Iron Moth\n|-damage|p2a: Iron Moth|88\/100\n|\n|upkeep\n|turn|2\n|j| outdated ahh team\n|\n|t:|1700506762\n|switch|p1a: Slowking|Slowking-Galar, F|100\/100\n|move|p2a: Iron Moth|Fiery Dance|p1a: Slowking\n|-damage|p1a: Slowking|68\/100\n|-boost|p2a: Iron Moth|spa|1\n|\n|upkeep\n|turn|3\n|\n|t:|1700506767\n|move|p2a: Iron Moth|Agility|p2a: Iron Moth\n|-boost|p2a: Iron Moth|spe|2\n|move|p1a: Slowking|Future Sight|p2a: Iron Moth\n|-start|p1a: Slowking|move: Future Sight\n|\n|upkeep\n|turn|4\n|\n|t:|1700506773\n|move|p2a: Iron Moth|Fiery Dance|p1a: Slowking\n|-damage|p1a: Slowking|12\/100\n|-boost|p2a: Iron Moth|spa|1\n|move|p1a: Slowking|Chilly Reception|p1a: Slowking\n|-weather|Snow\n|\n|t:|1700506786\n|switch|p1a: Weavile|Weavile, F|100\/100|[from] Chilly Reception\n|-ability|p1a: Weavile|Pressure\n|\n|-weather|Snow|[upkeep]\n|upkeep\n|turn|5\n|\n|t:|1700506793\n|move|p2a: Iron Moth|Fiery Dance|p1a: Weavile\n|-supereffective|p1a: Weavile\n|-damage|p1a: Weavile|0 fnt\n|-boost|p2a: Iron Moth|spa|1\n|faint|p1a: Weavile\n|\n|-weather|Snow|[upkeep]\n|-end|p2a: Iron Moth|move: Future Sight\n|-supereffective|p2a: Iron Moth\n|-damage|p2a: Iron Moth|0 fnt\n|faint|p2a: Iron Moth\n|-end|p2a: Iron Moth|Quark Drive|[silent]\n|upkeep\n|\n|t:|1700506805\n|switch|p1a: Enamorus|Enamorus, F|100\/100\n|switch|p2a: Great Tusk|Great Tusk|100\/100\n|turn|6\n|\n|t:|1700506810\n|-end|p2a: Great Tusk|Protosynthesis|[silent]\n|switch|p2a: Mew|Mew|100\/100\n|move|p1a: Enamorus|Moonblast|p2a: Mew\n|-damage|p2a: Mew|55\/100\n|\n|-weather|Snow|[upkeep]\n|upkeep\n|turn|7\n|\n|t:|1700506814\n|move|p1a: Enamorus|Moonblast|p2a: Mew\n|-damage|p2a: Mew|12\/100\n|move|p2a: Mew|Draining Kiss|p1a: Enamorus\n|-damage|p1a: Enamorus|85\/100\n|-heal|p2a: Mew|21\/100|[from] drain|[of] p1a: Enamorus\n|\n|-weather|Snow|[upkeep]\n|upkeep\n|turn|8\n|\n|t:|1700506817\n|move|p1a: Enamorus|Moonblast|p2a: Mew\n|-damage|p2a: Mew|0 fnt\n|faint|p2a: Mew\n|\n|-weather|none\n|upkeep\n|\n|t:|1700506824\n|switch|p2a: Ogerpon|Ogerpon-Cornerstone, F|100\/100\n|turn|9\n|\n|t:|1700506829\n|switch|p1a: Gholdengo|Gholdengo|100\/100\n|-item|p1a: Gholdengo|Air Balloon\n|move|p2a: Ogerpon|Trailblaze|p1a: Gholdengo\n|-resisted|p1a: Gholdengo\n|-damage|p1a: Gholdengo|91\/100\n|-boost|p2a: Ogerpon|spe|1\n|-enditem|p1a: Gholdengo|Air Balloon\n|\n|upkeep\n|turn|10\n|\n|t:|1700506836\n|move|p2a: Ogerpon|Stomping Tantrum|p1a: Gholdengo\n|-supereffective|p1a: Gholdengo\n|-damage|p1a: Gholdengo|51\/100\n|move|p1a: Gholdengo|Make It Rain|p2a: Ogerpon\n|-supereffective|p2a: Ogerpon\n|-ability|p2a: Ogerpon|Sturdy\n|-damage|p2a: Ogerpon|1\/100\n|-unboost|p1a: Gholdengo|spa|1\n|\n|upkeep\n|turn|11\n|\n|t:|1700506840\n|move|p2a: Ogerpon|Stomping Tantrum|p1a: Gholdengo\n|-supereffective|p1a: Gholdengo\n|-damage|p1a: Gholdengo|13\/100\n|move|p1a: Gholdengo|Shadow Ball|p2a: Ogerpon\n|-damage|p2a: Ogerpon|0 fnt\n|faint|p2a: Ogerpon\n|\n|upkeep\n|\n|t:|1700506843\n|switch|p2a: Dragonite|Dragonite, F|100\/100\n|turn|12\n|\n|t:|1700506846\n|move|p2a: Dragonite|Dragon Dance|p2a: Dragonite\n|-boost|p2a: Dragonite|atk|1\n|-boost|p2a: Dragonite|spe|1\n|move|p1a: Gholdengo|Make It Rain|p2a: Dragonite\n|-damage|p2a: Dragonite|83\/100\n|-unboost|p1a: Gholdengo|spa|1\n|\n|upkeep\n|turn|13\n|\n|t:|1700506848\n|move|p2a: Dragonite|Dragon Dance|p2a: Dragonite\n|-boost|p2a: Dragonite|atk|1\n|-boost|p2a: Dragonite|spe|1\n|move|p1a: Gholdengo|Make It Rain|p2a: Dragonite\n|-damage|p2a: Dragonite|57\/100\n|-unboost|p1a: Gholdengo|spa|1\n|\n|upkeep\n|turn|14\n|\n|t:|1700506850\n|move|p2a: Dragonite|Dragon Dance|p2a: Dragonite\n|-boost|p2a: Dragonite|atk|1\n|-boost|p2a: Dragonite|spe|1\n|move|p1a: Gholdengo|Make It Rain|p2a: Dragonite\n|-damage|p2a: Dragonite|33\/100\n|-unboost|p1a: Gholdengo|spa|1\n|\n|upkeep\n|turn|15\n|\n|t:|1700506854\n|move|p2a: Dragonite|Dragon Dance|p2a: Dragonite\n|-boost|p2a: Dragonite|atk|1\n|-boost|p2a: Dragonite|spe|1\n|move|p1a: Gholdengo|Make It Rain|p2a: Dragonite\n|-damage|p2a: Dragonite|16\/100\n|-unboost|p1a: Gholdengo|spa|1\n|\n|upkeep\n|turn|16\n|\n|t:|1700506856\n|move|p2a: Dragonite|Fire Punch|p1a: Gholdengo\n|-supereffective|p1a: Gholdengo\n|-damage|p1a: Gholdengo|0 fnt\n|faint|p1a: Gholdengo\n|\n|upkeep\n|\n|t:|1700506871\n|switch|p1a: Great Tusk|Great Tusk|100\/100\n|turn|17\n|\n|t:|1700506881\n|-terastallize|p2a: Dragonite|Normal\n|move|p2a: Dragonite|Extreme Speed|p1a: Great Tusk\n|-damage|p1a: Great Tusk|8\/100\n|move|p1a: Great Tusk|Knock Off|p2a: Dragonite\n|-damage|p2a: Dragonite|0 fnt\n|-enditem|p2a: Dragonite|Heavy-Duty Boots|[from] move: Knock Off|[of] p1a: Great Tusk\n|faint|p2a: Dragonite\n|\n|-heal|p1a: Great Tusk|14\/100|[from] item: Leftovers\n|upkeep\n|c|\u2606CejTo10|How\n|c|\u2606CejTo10|Is that possible\n|-message|CejTo10 forfeited.\n|\n|win|Pikoow\n|raw|Pikoow's rating: 1581 &rarr; <strong>1605<\/strong><br \/>(+24 for winning)\n|raw|CejTo10's rating: 1651 &rarr; <strong>1627<\/strong><br \/>(-24 for losing)\n|l|\u2606CejTo10\n|l|\u2606Pikoow\n","uploadtime":1700506906,"views":10,"p1id":"pikoow","p2id":"cejto10","formatid":"gen9ou","rating":1605,"private":0,"password":""}