{"id":"gen9ou-1998047334","p1":"Dr. Drake6782","p2":"k0hara","format":"[Gen 9] OU","log":"|j|\u203dDr. Drake6782\n|j|\u2606k0hara\n|t:|1700883410\n|gametype|singles\n|player|p1|Dr. Drake6782|hilbert-masters|1202\n|player|p2|k0hara|lucas|1120\n|teamsize|p1|6\n|teamsize|p2|6\n|gen|9\n|tier|[Gen 9] OU\n|rated|\n|rule|Sleep Clause Mod: Limit one foe put to sleep\n|rule|Species Clause: Limit one of each Pok\u00e9mon\n|rule|OHKO Clause: OHKO moves are banned\n|rule|Evasion Items Clause: Evasion items are banned\n|rule|Evasion Moves Clause: Evasion moves are banned\n|rule|Endless Battle Clause: Forcing endless battles is banned\n|rule|HP Percentage Mod: HP is shown in percentages\n|clearpoke\n|poke|p1|Maushold|\n|poke|p1|Samurott-Hisui, M|\n|poke|p1|Kingambit, F|\n|poke|p1|Garganacl, M|\n|poke|p1|Amoonguss, M|\n|poke|p1|Weavile, F|\n|poke|p2|Manaphy|\n|poke|p2|Garchomp, M|\n|poke|p2|Zapdos|\n|poke|p2|Iron Valiant|\n|poke|p2|Tinkaton, F|\n|poke|p2|Dragapult, M|\n|teampreview\n|inactive|Battle timer is ON: inactive players will automatically lose when time's up. (requested by Dr. Drake6782)\n|\n|t:|1700883425\n|start\n|switch|p1a: Samurott|Samurott-Hisui, M, shiny|100\/100\n|switch|p2a: Manaphy|Manaphy|100\/100\n|turn|1\n|\n|t:|1700883431\n|move|p2a: Manaphy|Energy Ball|p1a: Samurott\n|-supereffective|p1a: Samurott\n|-damage|p1a: Samurott|32\/100\n|move|p1a: Samurott|Ceaseless Edge|p2a: Manaphy\n|-damage|p2a: Manaphy|56\/100\n|-sidestart|p2: k0hara|Spikes\n|\n|upkeep\n|turn|2\n|\n|t:|1700883442\n|switch|p1a: Kingambit|Kingambit, F|100\/100\n|move|p2a: Manaphy|Energy Ball|p1a: Kingambit\n|-resisted|p1a: Kingambit\n|-damage|p1a: Kingambit|86\/100\n|\n|-heal|p1a: Kingambit|92\/100|[from] item: Leftovers\n|upkeep\n|turn|3\n|\n|t:|1700883454\n|switch|p2a: Garchomp|Garchomp, M, shiny|100\/100\n|-damage|p2a: Garchomp|88\/100|[from] Spikes\n|move|p1a: Kingambit|Kowtow Cleave|p2a: Garchomp\n|-damage|p2a: Garchomp|38\/100\n|-damage|p1a: Kingambit|80\/100|[from] ability: Rough Skin|[of] p2a: Garchomp\n|-damage|p1a: Kingambit|63\/100|[from] item: Rocky Helmet|[of] p2a: Garchomp\n|\n|-heal|p1a: Kingambit|70\/100|[from] item: Leftovers\n|upkeep\n|turn|4\n|\n|t:|1700883484\n|-end|p1a: Kingambit|fallenundefined|[silent]\n|switch|p1a: Amoonguss|Amoonguss, M, shiny|100\/100\n|move|p2a: Garchomp|Earthquake|p1a: Amoonguss\n|-damage|p1a: Amoonguss|66\/100\n|-enditem|p1a: Amoonguss|Red Card|[of] p2a: Garchomp\n|drag|p2a: Zapdos|Zapdos, shiny|100\/100\n|\n|upkeep\n|turn|5\n|\n|t:|1700883495\n|switch|p1a: Garganacl|Garganacl, M, shiny|100\/100\n|move|p2a: Zapdos|Acrobatics|p1a: Garganacl\n|-resisted|p1a: Garganacl\n|-damage|p1a: Garganacl|89\/100\n|\n|-heal|p1a: Garganacl|96\/100|[from] item: Leftovers\n|upkeep\n|turn|6\n|\n|t:|1700883505\n|move|p2a: Zapdos|U-turn|p1a: Garganacl\n|-damage|p1a: Garganacl|85\/100\n|\n|t:|1700883508\n|switch|p2a: Manaphy|Manaphy|56\/100|[from] U-turn\n|-damage|p2a: Manaphy|43\/100|[from] Spikes\n|move|p1a: Garganacl|Salt Cure|p2a: Manaphy\n|-damage|p2a: Manaphy|29\/100\n|-start|p2a: Manaphy|Salt Cure\n|\n|-heal|p1a: Garganacl|91\/100|[from] item: Leftovers\n|-damage|p2a: Manaphy|4\/100|[from] Salt Cure\n|upkeep\n|-enditem|p2a: Manaphy|Iapapa Berry|[eat]\n|-heal|p2a: Manaphy|37\/100|[from] item: Iapapa Berry\n|turn|7\n|\n|t:|1700883522\n|switch|p1a: Amoonguss|Amoonguss, M, shiny|99\/100\n|move|p2a: Manaphy|Hydro Pump|p1a: Amoonguss\n|-resisted|p1a: Amoonguss\n|-damage|p1a: Amoonguss|76\/100\n|\n|-damage|p2a: Manaphy|12\/100|[from] Salt Cure\n|upkeep\n|turn|8\n|\n|t:|1700883535\n|move|p2a: Manaphy|Ice Beam|p1a: Amoonguss\n|-supereffective|p1a: Amoonguss\n|-damage|p1a: Amoonguss|30\/100\n|move|p1a: Amoonguss|Spore|p2a: Manaphy\n|-status|p2a: Manaphy|slp|[from] move: Spore\n|\n|-damage|p2a: Manaphy|0 fnt|[from] Salt Cure\n|faint|p2a: Manaphy\n|upkeep\n|\n|t:|1700883545\n|switch|p2a: Zapdos|Zapdos, shiny|100\/100\n|turn|9\n|\n|t:|1700883550\n|switch|p1a: Garganacl|Garganacl, M, shiny|91\/100\n|move|p2a: Zapdos|Acrobatics|p1a: Garganacl\n|-resisted|p1a: Garganacl\n|-damage|p1a: Garganacl|80\/100\n|\n|-heal|p1a: Garganacl|86\/100|[from] item: Leftovers\n|upkeep\n|turn|10\n|inactive|Dr. Drake6782 has 120 seconds left.\n|\n|t:|1700883583\n|move|p2a: Zapdos|U-turn|p1a: Garganacl\n|-damage|p1a: Garganacl|76\/100\n|\n|t:|1700883589\n|switch|p2a: Garchomp|Garchomp, M, shiny|38\/100|[from] U-turn\n|-damage|p2a: Garchomp|26\/100|[from] Spikes\n|move|p1a: Garganacl|Salt Cure|p2a: Garchomp\n|-resisted|p2a: Garchomp\n|-damage|p2a: Garchomp|19\/100\n|-start|p2a: Garchomp|Salt Cure\n|\n|-heal|p1a: Garganacl|83\/100|[from] item: Leftovers\n|-damage|p2a: Garchomp|6\/100|[from] Salt Cure\n|upkeep\n|turn|11\n|inactive|Dr. Drake6782 has 120 seconds left.\n|\n|t:|1700883614\n|switch|p1a: Amoonguss|Amoonguss, M, shiny|63\/100\n|move|p2a: Garchomp|Earthquake|p1a: Amoonguss\n|-damage|p1a: Amoonguss|23\/100\n|\n|-damage|p2a: Garchomp|0 fnt|[from] Salt Cure\n|faint|p2a: Garchomp\n|upkeep\n|\n|t:|1700883622\n|switch|p2a: Zapdos|Zapdos, shiny|100\/100\n|turn|12\n|inactive|Dr. Drake6782 has 120 seconds left.\n|\n|t:|1700883638\n|switch|p1a: Garganacl|Garganacl, M, shiny|83\/100\n|move|p2a: Zapdos|Acrobatics|p1a: Garganacl\n|-resisted|p1a: Garganacl\n|-damage|p1a: Garganacl|71\/100\n|\n|-heal|p1a: Garganacl|77\/100|[from] item: Leftovers\n|upkeep\n|turn|13\n|\n|t:|1700883648\n|move|p2a: Zapdos|U-turn|p1a: Garganacl\n|-damage|p1a: Garganacl|66\/100\n|\n|t:|1700883652\n|switch|p2a: Iron Valiant|Iron Valiant|100\/100|[from] U-turn\n|-damage|p2a: Iron Valiant|88\/100|[from] Spikes\n|-enditem|p2a: Iron Valiant|Booster Energy\n|-activate|p2a: Iron Valiant|ability: Quark Drive|[fromitem]\n|-start|p2a: Iron Valiant|quarkdrivespe\n|move|p1a: Garganacl|Salt Cure|p2a: Iron Valiant\n|-resisted|p2a: Iron Valiant\n|-damage|p2a: Iron Valiant|79\/100\n|-start|p2a: Iron Valiant|Salt Cure\n|\n|-heal|p1a: Garganacl|72\/100|[from] item: Leftovers\n|-damage|p2a: Iron Valiant|67\/100|[from] Salt Cure\n|upkeep\n|turn|14\n|\n|t:|1700883667\n|switch|p1a: Amoonguss|Amoonguss, M, shiny|57\/100\n|move|p2a: Iron Valiant|Brick Break|p1a: Amoonguss\n|-resisted|p1a: Amoonguss\n|-damage|p1a: Amoonguss|43\/100\n|\n|-damage|p2a: Iron Valiant|54\/100|[from] Salt Cure\n|upkeep\n|turn|15\n|\n|t:|1700883677\n|-end|p2a: Iron Valiant|Quark Drive|[silent]\n|switch|p2a: Zapdos|Zapdos, shiny|100\/100\n|switch|p1a: Samurott|Samurott-Hisui, M, shiny|32\/100\n|\n|upkeep\n|turn|16\n|\n|t:|1700883685\n|move|p1a: Samurott|Aqua Jet|p2a: Zapdos\n|-damage|p2a: Zapdos|67\/100\n|move|p2a: Zapdos|Thunder|p1a: Samurott\n|-supereffective|p1a: Samurott\n|-damage|p1a: Samurott|0 fnt\n|faint|p1a: Samurott\n|\n|upkeep\n|\n|t:|1700883695\n|switch|p1a: Maushold|Maushold|100\/100\n|turn|17\n|\n|t:|1700883703\n|switch|p2a: Iron Valiant|Iron Valiant|54\/100\n|-damage|p2a: Iron Valiant|42\/100|[from] Spikes\n|move|p1a: Maushold|Population Bomb|p2a: Iron Valiant\n|-damage|p2a: Iron Valiant|27\/100\n|-damage|p2a: Iron Valiant|12\/100\n|-damage|p2a: Iron Valiant|0 fnt\n|faint|p2a: Iron Valiant\n|-end|p2a: Iron Valiant|Quark Drive|[silent]\n|-hitcount|p2: Iron Valiant|3\n|\n|upkeep\n|\n|t:|1700883717\n|switch|p2a: Dragapult|Dragapult, M|100\/100\n|-damage|p2a: Dragapult|88\/100|[from] Spikes\n|turn|18\n|\n|t:|1700883724\n|switch|p1a: Amoonguss|Amoonguss, M, shiny|76\/100\n|move|p2a: Dragapult|Draco Meteor|p1a: Amoonguss\n|-damage|p1a: Amoonguss|30\/100\n|-unboost|p2a: Dragapult|spa|2\n|\n|upkeep\n|turn|19\n|\n|t:|1700883733\n|switch|p2a: Zapdos|Zapdos, shiny|67\/100\n|switch|p1a: Weavile|Weavile, F|100\/100\n|-ability|p1a: Weavile|Pressure\n|\n|upkeep\n|turn|20\n|\n|t:|1700883746\n|switch|p2a: Tinkaton|Tinkaton, F|100\/100\n|-damage|p2a: Tinkaton|88\/100|[from] Spikes\n|-ability|p2a: Tinkaton|Mold Breaker\n|move|p1a: Weavile|Ice Spinner|p2a: Tinkaton\n|-resisted|p2a: Tinkaton\n|-crit|p2a: Tinkaton\n|-damage|p2a: Tinkaton|52\/100\n|\n|upkeep\n|turn|21\n|\n|t:|1700883755\n|switch|p1a: Kingambit|Kingambit, F|70\/100\n|-activate|p1a: Kingambit|ability: Supreme Overlord\n|-start|p1a: Kingambit|fallen1|[silent]\n|move|p2a: Tinkaton|Play Rough|p1a: Kingambit|[miss]\n|-miss|p2a: Tinkaton|p1a: Kingambit\n|\n|-heal|p1a: Kingambit|76\/100|[from] item: Leftovers\n|upkeep\n|turn|22\n|\n|t:|1700883780\n|-terastallize|p1a: Kingambit|Fighting\n|move|p2a: Tinkaton|Play Rough|p1a: Kingambit\n|-supereffective|p1a: Kingambit\n|-damage|p1a: Kingambit|4\/100\n|move|p1a: Kingambit|Low Kick|p2a: Tinkaton\n|-damage|p2a: Tinkaton|0 fnt\n|faint|p2a: Tinkaton\n|\n|-heal|p1a: Kingambit|10\/100|[from] item: Leftovers\n|upkeep\n|\n|t:|1700883791\n|switch|p2a: Zapdos|Zapdos, shiny|67\/100\n|turn|23\n|\n|t:|1700883796\n|-end|p1a: Kingambit|fallen1|[silent]\n|switch|p1a: Garganacl|Garganacl, M, shiny|72\/100\n|move|p2a: Zapdos|Acrobatics|p1a: Garganacl\n|-resisted|p1a: Garganacl\n|-damage|p1a: Garganacl|60\/100\n|\n|-heal|p1a: Garganacl|67\/100|[from] item: Leftovers\n|upkeep\n|turn|24\n|\n|t:|1700883810\n|move|p2a: Zapdos|U-turn|p1a: Garganacl\n|-damage|p1a: Garganacl|56\/100\n|\n|t:|1700883813\n|switch|p2a: Dragapult|Dragapult, M|88\/100|[from] U-turn\n|-damage|p2a: Dragapult|76\/100|[from] Spikes\n|move|p1a: Garganacl|Salt Cure|p2a: Dragapult\n|-damage|p2a: Dragapult|53\/100\n|-start|p2a: Dragapult|Salt Cure\n|\n|-heal|p1a: Garganacl|63\/100|[from] item: Leftovers\n|-damage|p2a: Dragapult|41\/100|[from] Salt Cure\n|upkeep\n|turn|25\n|\n|t:|1700883826\n|move|p2a: Dragapult|Draco Meteor|p1a: Garganacl\n|-damage|p1a: Garganacl|31\/100\n|-unboost|p2a: Dragapult|spa|2\n|move|p1a: Garganacl|Recover|p1a: Garganacl\n|-heal|p1a: Garganacl|81\/100\n|\n|-heal|p1a: Garganacl|88\/100|[from] item: Leftovers\n|-damage|p2a: Dragapult|29\/100|[from] Salt Cure\n|upkeep\n|turn|26\n|-message|k0hara forfeited.\n|\n|win|Dr. Drake6782\n|raw|Dr. Drake6782's rating: 1202 &rarr; <strong>1221<\/strong><br \/>(+19 for winning)\n|raw|k0hara's rating: 1120 &rarr; <strong>1101<\/strong><br \/>(-19 for losing)\n|l|\u2606k0hara\n","uploadtime":1700883838,"views":1,"p1id":"drdrake6782","p2id":"k0hara","formatid":"gen9ou","rating":1101,"private":0,"password":""}