{"id":"gen9ou-1994972314","p1":"Hi Kako s2","p2":"DarkGamesShiny","format":"[Gen 9] OU","log":"|j|\u2606Hi Kako s2\n|j|\u2606DarkGamesShiny\n|t:|1700509319\n|gametype|singles\n|player|p1|Hi Kako s2|nurseryaide|\n|player|p2|DarkGamesShiny|silver|\n|teamsize|p1|6\n|teamsize|p2|6\n|gen|9\n|tier|[Gen 9] OU\n|rule|Sleep Clause Mod: Limit one foe put to sleep\n|rule|Species Clause: Limit one of each Pok\u00e9mon\n|rule|OHKO Clause: OHKO moves are banned\n|rule|Evasion Items Clause: Evasion items are banned\n|rule|Evasion Moves Clause: Evasion moves are banned\n|rule|Endless Battle Clause: Forcing endless battles is banned\n|rule|HP Percentage Mod: HP is shown in percentages\n|rule|Terastal Clause: You cannot Terastallize\n|clearpoke\n|poke|p1|Tinkaton, F|\n|poke|p1|Zapdos|\n|poke|p1|Rillaboom, M|\n|poke|p1|Dragapult, F|\n|poke|p1|Cinderace, F|\n|poke|p1|Gliscor, M|\n|poke|p2|Rillaboom, F|\n|poke|p2|Maushold-Four|\n|poke|p2|Dragapult, F|\n|poke|p2|Corviknight, F|\n|poke|p2|Toxapex, M|\n|poke|p2|Skeledirge, F|\n|teampreview\n|l|\u2606DarkGamesShiny\n|player|p2|\n|j| Dollynho3856\n|inactive|Battle timer is ON: inactive players will automatically lose when time's up. (requested by Hi Kako s2)\n|j|\u2606DarkGamesShiny\n|inactive|DarkGamesShiny reconnected and has 300 seconds left.\n|player|p2|DarkGamesShiny|silver\n|c|\u2606Hi Kako s2|ganhei\n|c|\u2606Hi Kako s2|porra\n|c|\u2606DarkGamesShiny|Calmo precoce\n|inactiveoff|Battle timer is now OFF.\n|c|\u2606DarkGamesShiny|Minha net pode nem cair em paz\n|c|\u2606DarkGamesShiny|Bora kadu clica bot\u00e3o\n|c|\u2606DarkGamesShiny|O 6x0 ta facil\n|c| Dollynho3856|Como tu consegue pensar tanto toda partida Kako?\n|c|\u2606DarkGamesShiny|Queria ativar o timer mas minha net n deixa\n|c|\u2606Hi Kako s2|voce faz isso mais do que eu\n|c|\u2606Hi Kako s2|dolly\n|c|\u2606DarkGamesShiny|Sem nem qual ta menos pior\n|c| Dollynho3856|Mas s\u00f3 contra vc\n|\n|t:|1700509497\n|start\n|switch|p1a: Zapdos|Zapdos|100\/100\n|switch|p2a: George o curioso|Rillaboom, F|100\/100\n|-fieldstart|move: Grassy Terrain|[from] ability: Grassy Surge|[of] p2a: George o curioso\n|turn|1\n|c|\u2606DarkGamesShiny|4g fudido e a net s\u00f3 caindo\n|c|\u2606DarkGamesShiny|Ah, se eu sumir\n|\n|t:|1700509543\n|move|p1a: Zapdos|Volt Switch|p2a: George o curioso\n|-resisted|p2a: George o curioso\n|-damage|p2a: George o curioso|82\/100\n|c| Dollynho3856|KKKKKKK\n|c|\u2606DarkGamesShiny|Come\u00e7ou a chover e precisei tirar minha cachorra da chuva\n|c| Dollynho3856|Dark mostrando\n|c| Dollynho3856|Suas play absurdas\n|c|\u2606Hi Kako s2|eu esqueci que eu era mais rapido\n|c|\u2606Hi Kako s2|erro meu\n|\n|t:|1700509578\n|switch|p1a: Tinkaton|Tinkaton, F|100\/100|[from] Volt Switch\n|-ability|p1a: Tinkaton|Mold Breaker\n|move|p2a: George o curioso|U-turn|p1a: Tinkaton\n|-resisted|p1a: Tinkaton\n|-damage|p1a: Tinkaton|94\/100\n|\n|t:|1700509586\n|switch|p2a: Voodo \u00e9 pra Jacu|Skeledirge, F|100\/100|[from] U-turn\n|\n|-heal|p1a: Tinkaton|99\/100|[from] Grassy Terrain\n|-heal|p1a: Tinkaton|100\/100|[from] item: Leftovers\n|upkeep\n|turn|2\n|c|\u2606DarkGamesShiny|Pensar n\u00e3o\n|c|\u2606DarkGamesShiny|So bot\u00e3o\n|c|\u2606DarkGamesShiny|Perder logo q a dor acaba\n|c|\u2606DarkGamesShiny|4g foi embora\n|\n|t:|1700509725\n|move|p1a: Tinkaton|Thunder Wave|p2a: Voodo \u00e9 pra Jacu\n|-status|p2a: Voodo \u00e9 pra Jacu|par\n|cant|p2a: Voodo \u00e9 pra Jacu|par\n|\n|upkeep\n|turn|3\n|c|\u2606DarkGamesShiny|Maravilha\n|c| Dollynho3856|Boa\n|\n|t:|1700509734\n|switch|p1a: Cinderace|Cinderace, F|100\/100\n|move|p2a: Voodo \u00e9 pra Jacu|Flame Charge|p1a: Cinderace\n|-resisted|p1a: Cinderace\n|-damage|p1a: Cinderace|94\/100\n|-boost|p2a: Voodo \u00e9 pra Jacu|spe|1\n|\n|-heal|p1a: Cinderace|99\/100|[from] Grassy Terrain\n|upkeep\n|turn|4\n|\n|t:|1700509750\n|switch|p2a: Mariana conta um|Toxapex, M|100\/100\n|move|p1a: Cinderace|U-turn|p2a: Mariana conta um\n|-start|p1a: Cinderace|typechange|Bug|[from] ability: Libero\n|-resisted|p2a: Mariana conta um\n|-damage|p2a: Mariana conta um|90\/100\n|c|\u2606DarkGamesShiny|Bora kadu\n|c|\u2606DarkGamesShiny|Pensar praq \u00e9 Showdown\n|\n|t:|1700509809\n|switch|p1a: Rillaboom|Rillaboom, M|100\/100|[from] U-turn\n|\n|-heal|p2a: Mariana conta um|96\/100|[from] Grassy Terrain\n|-heal|p2a: Mariana conta um|100\/100|[from] item: Black Sludge\n|upkeep\n|turn|5\n|c|\u2606DarkGamesShiny|Clica bot\u00e3o logo\n|\n|t:|1700509827\n|switch|p2a: Zeca Urubu|Corviknight, F|100\/100\n|move|p1a: Rillaboom|Wood Hammer|p2a: Zeca Urubu\n|-resisted|p2a: Zeca Urubu\n|-damage|p2a: Zeca Urubu|81\/100\n|-damage|p1a: Rillaboom|93\/100|[from] Recoil\n|\n|-heal|p1a: Rillaboom|99\/100|[from] Grassy Terrain\n|-heal|p2a: Zeca Urubu|87\/100|[from] item: Leftovers\n|-fieldend|move: Grassy Terrain\n|upkeep\n|turn|6\n|c| Dollynho3856|DARK TA PENSANDO\n|\n|t:|1700509849\n|switch|p1a: Tinkaton|Tinkaton, F|100\/100\n|-ability|p1a: Tinkaton|Mold Breaker\n|move|p2a: Zeca Urubu|Body Press|p1a: Tinkaton\n|-damage|p1a: Tinkaton|72\/100\n|\n|-heal|p1a: Tinkaton|78\/100|[from] item: Leftovers\n|-heal|p2a: Zeca Urubu|93\/100|[from] item: Leftovers\n|upkeep\n|turn|7\n|\n|t:|1700509870\n|switch|p2a: Voodo \u00e9 pra Jacu|Skeledirge, F|100\/100 par\n|move|p1a: Tinkaton|Knock Off|p2a: Voodo \u00e9 pra Jacu\n|-supereffective|p2a: Voodo \u00e9 pra Jacu\n|-damage|p2a: Voodo \u00e9 pra Jacu|72\/100 par\n|-enditem|p2a: Voodo \u00e9 pra Jacu|Heavy-Duty Boots|[from] move: Knock Off|[of] p1a: Tinkaton\n|\n|-heal|p1a: Tinkaton|84\/100|[from] item: Leftovers\n|upkeep\n|turn|8\n|\n|t:|1700509896\n|switch|p1a: Cinderace|Cinderace, F|99\/100\n|move|p2a: Voodo \u00e9 pra Jacu|Shadow Ball|p1a: Cinderace\n|-damage|p1a: Cinderace|53\/100\n|\n|upkeep\n|turn|9\n|\n|t:|1700509908\n|move|p1a: Cinderace|U-turn|p2a: Voodo \u00e9 pra Jacu\n|-start|p1a: Cinderace|typechange|Bug|[from] ability: Libero\n|-resisted|p2a: Voodo \u00e9 pra Jacu\n|-damage|p2a: Voodo \u00e9 pra Jacu|66\/100 par\n|\n|t:|1700509918\n|switch|p1a: Rillaboom|Rillaboom, M|99\/100|[from] U-turn\n|-fieldstart|move: Grassy Terrain|[from] ability: Grassy Surge|[of] p1a: Rillaboom\n|cant|p2a: Voodo \u00e9 pra Jacu|par\n|\n|-heal|p1a: Rillaboom|100\/100|[from] Grassy Terrain\n|-heal|p2a: Voodo \u00e9 pra Jacu|72\/100 par|[from] Grassy Terrain\n|upkeep\n|turn|10\n|c|\u2606DarkGamesShiny|Nem sempre um paralize\n|c|\u2606DarkGamesShiny|Mas todo paralize\n|\n|t:|1700509945\n|switch|p2a: Zeca Urubu|Corviknight, F|93\/100\n|move|p1a: Rillaboom|Knock Off|p2a: Zeca Urubu\n|-damage|p2a: Zeca Urubu|60\/100\n|-enditem|p2a: Zeca Urubu|Leftovers|[from] move: Knock Off|[of] p1a: Rillaboom\n|\n|upkeep\n|turn|11\n|\n|t:|1700509959\n|switch|p1a: Zapdos|Zapdos|100\/100\n|move|p2a: Zeca Urubu|Brave Bird|p1a: Zapdos\n|-resisted|p1a: Zapdos\n|-damage|p1a: Zapdos|85\/100\n|-status|p2a: Zeca Urubu|par|[from] ability: Static|[of] p1a: Zapdos\n|-damage|p2a: Zeca Urubu|56\/100 par|[from] Recoil\n|\n|upkeep\n|turn|12\n|c| Dollynho3856|KKKKKK\n|c|\u2606Hi Kako s2|ta mal ein\n|c|\u2606DarkGamesShiny|Essa sorte eu normalmente n tenho\n|c|\u2606DarkGamesShiny|To come\u00e7ando a lembrar pq larguei esse simulador\n|\n|t:|1700510007\n|move|p1a: Zapdos|Volt Switch|p2a: Zeca Urubu\n|-supereffective|p2a: Zeca Urubu\n|-damage|p2a: Zeca Urubu|0 fnt\n|faint|p2a: Zeca Urubu\n|c| Dollynho3856|\u00c9\n|c| Dollynho3856|6x0 lindo\n|c|\u2606DarkGamesShiny|Dmais\n|c|\u2606Hi Kako s2|calma meu\n|c|\u2606Hi Kako s2|eu posso perder essa facil\n|c|\u2606DarkGamesShiny|Se nao fosse o paralize no skelerdige\n|c|\u2606Hi Kako s2|cala a boca dark\n|c|\u2606DarkGamesShiny|Mas tbm to pedindo dmais pra errar o Twave\n|c|\u2606Hi Kako s2|tu ia dar flame charge\n|c|\u2606Hi Kako s2|safado\n|\n|t:|1700510079\n|switch|p1a: Dragapult|Dragapult, F|100\/100|[from] Volt Switch\n|\n|upkeep\n|c|\u2606DarkGamesShiny|Ue \u00f3bvio\n|c|\u2606Hi Kako s2|n ia matar e eu ia continuar sendo mais rapido\n|c|\u2606DarkGamesShiny|Dolly\n|c|\u2606DarkGamesShiny|Segura a loucura\n|\n|t:|1700510108\n|switch|p2a: Ratatouille|Maushold-Four|100\/100\n|turn|13\n|c| Dollynho3856|Sabe muito\n|c|\u2606DarkGamesShiny|Faz o L por sinal\n|c|\u2606DarkGamesShiny|Turno 13\n|\n|t:|1700510190\n|move|p1a: Dragapult|Draco Meteor|p2a: Ratatouille\n|-damage|p2a: Ratatouille|0 fnt\n|-unboost|p1a: Dragapult|spa|2\n|faint|p2a: Ratatouille\n|\n|-fieldend|move: Grassy Terrain\n|upkeep\n|\n|t:|1700510199\n|switch|p2a: Mariana conta um|Toxapex, M|100\/100\n|turn|14\n|c| Dollynho3856|S\u00f3 segurar ate o turno 70\n|c|\u2606DarkGamesShiny|Ah vlw\n|c|\u2606DarkGamesShiny|Vou mt ein\n|\n|t:|1700510226\n|switch|p1a: Zapdos|Zapdos|85\/100\n|move|p2a: Mariana conta um|Toxic|p1a: Zapdos\n|-status|p1a: Zapdos|tox\n|\n|-damage|p1a: Zapdos|79\/100 tox|[from] psn\n|upkeep\n|turn|15\n|\n|t:|1700510268\n|move|p1a: Zapdos|Volt Switch|p2a: Mariana conta um\n|-supereffective|p2a: Mariana conta um\n|-damage|p2a: Mariana conta um|64\/100\n|\n|t:|1700510342\n|switch|p1a: Rillaboom|Rillaboom, M|100\/100|[from] Volt Switch\n|-fieldstart|move: Grassy Terrain|[from] ability: Grassy Surge|[of] p1a: Rillaboom\n|move|p2a: Mariana conta um|Liquidation|p1a: Rillaboom\n|-resisted|p1a: Rillaboom\n|-damage|p1a: Rillaboom|89\/100\n|\n|-heal|p1a: Rillaboom|95\/100|[from] Grassy Terrain\n|-heal|p2a: Mariana conta um|71\/100|[from] Grassy Terrain\n|-heal|p2a: Mariana conta um|77\/100|[from] item: Black Sludge\n|upkeep\n|turn|16\n|c| Dollynho3856|Curou o macaco\n|\n|t:|1700510357\n|switch|p2a: George o curioso|Rillaboom, F|82\/100\n|move|p1a: Rillaboom|Wood Hammer|p2a: George o curioso\n|-resisted|p2a: George o curioso\n|-damage|p2a: George o curioso|13\/100\n|-damage|p1a: Rillaboom|72\/100|[from] Recoil\n|\n|-heal|p2a: George o curioso|19\/100|[from] Grassy Terrain\n|-heal|p2a: George o curioso|25\/100|[from] item: Leftovers\n|-heal|p1a: Rillaboom|79\/100|[from] Grassy Terrain\n|upkeep\n|turn|17\n|c| Dollynho3856|Lapada\n|c|\u2606DarkGamesShiny|E esse band a\u00ed ein\n|c| Dollynho3856|Ser\u00e1\n|c|\u2606DarkGamesShiny|Mt foda q todo mundo sabe q vai ser 6x0\n|\n|t:|1700510406\n|switch|p1a: Tinkaton|Tinkaton, F|84\/100\n|-ability|p1a: Tinkaton|Mold Breaker\n|move|p2a: George o curioso|U-turn|p1a: Tinkaton\n|-resisted|p1a: Tinkaton\n|-damage|p1a: Tinkaton|77\/100\n|c|\u2606DarkGamesShiny|E o kadu segurando n sei praq\n|\n|t:|1700510425\n|switch|p2a: Voodo \u00e9 pra Jacu|Skeledirge, F|72\/100 par|[from] U-turn\n|\n|-heal|p1a: Tinkaton|84\/100|[from] Grassy Terrain\n|-heal|p1a: Tinkaton|90\/100|[from] item: Leftovers\n|-heal|p2a: Voodo \u00e9 pra Jacu|78\/100 par|[from] Grassy Terrain\n|upkeep\n|turn|18\n|c|\u2606Hi Kako s2|quem n entende de jogo acha que \u00e9 6x0 msm\n|c| Dollynho3856|Pse\n|c| Dollynho3856|Um claro 6x0\n|c|\u2606Hi Kako s2|eu posso perder muito facil ainda\n|c|\u2606DarkGamesShiny|O cara tentando catar saldo tlgd\n|c| Dollynho3856|Eu devia ter feito isso\n|c| Dollynho3856|S\u00f3 nn tenho a habilidade necess\u00e1ria\n|c| Dollynho3856|Saldo vai me fuder hard\n|\n|t:|1700510521\n|switch|p1a: Dragapult|Dragapult, F|100\/100\n|move|p2a: Voodo \u00e9 pra Jacu|Torch Song|p1a: Dragapult\n|-resisted|p1a: Dragapult\n|-damage|p1a: Dragapult|74\/100\n|-boost|p2a: Voodo \u00e9 pra Jacu|spa|1\n|\n|-heal|p1a: Dragapult|80\/100|[from] Grassy Terrain\n|-heal|p2a: Voodo \u00e9 pra Jacu|84\/100 par|[from] Grassy Terrain\n|upkeep\n|turn|19\n|\n|t:|1700510534\n|switch|p2a: Mariana conta um|Toxapex, M|100\/100\n|move|p1a: Dragapult|Shadow Ball|p2a: Mariana conta um\n|-damage|p2a: Mariana conta um|69\/100\n|\n|-heal|p1a: Dragapult|86\/100|[from] Grassy Terrain\n|-heal|p2a: Mariana conta um|75\/100|[from] Grassy Terrain\n|-heal|p2a: Mariana conta um|81\/100|[from] item: Black Sludge\n|-fieldend|move: Grassy Terrain\n|upkeep\n|turn|20\n|c| Dollynho3856|Belo dano bro\n|\n|t:|1700510553\n|switch|p1a: Zapdos|Zapdos|79\/100 tox\n|move|p2a: Mariana conta um|Toxic|p1a: Zapdos\n|-fail|p1a: Zapdos|tox\n|\n|-heal|p2a: Mariana conta um|87\/100|[from] item: Black Sludge\n|-damage|p1a: Zapdos|73\/100 tox|[from] psn\n|upkeep\n|turn|21\n|\n|t:|1700510563\n|move|p1a: Zapdos|Volt Switch|p2a: Mariana conta um\n|-supereffective|p2a: Mariana conta um\n|-damage|p2a: Mariana conta um|50\/100\n|\n|t:|1700510570\n|switch|p1a: Rillaboom|Rillaboom, M|79\/100|[from] Volt Switch\n|-fieldstart|move: Grassy Terrain|[from] ability: Grassy Surge|[of] p1a: Rillaboom\n|move|p2a: Mariana conta um|Gunk Shot|p1a: Rillaboom\n|-supereffective|p1a: Rillaboom\n|-damage|p1a: Rillaboom|15\/100\n|\n|-heal|p1a: Rillaboom|21\/100|[from] Grassy Terrain\n|-heal|p2a: Mariana conta um|56\/100|[from] Grassy Terrain\n|-heal|p2a: Mariana conta um|62\/100|[from] item: Black Sludge\n|upkeep\n|turn|22\n|c| Dollynho3856|NUSS\n|\n|t:|1700510588\n|switch|p2a: George o curioso|Rillaboom, F|25\/100\n|move|p1a: Rillaboom|Wood Hammer|p2a: George o curioso\n|-resisted|p2a: George o curioso\n|-damage|p2a: George o curioso|0 fnt\n|faint|p2a: George o curioso\n|-damage|p1a: Rillaboom|13\/100|[from] Recoil\n|\n|-heal|p1a: Rillaboom|19\/100|[from] Grassy Terrain\n|upkeep\n|c| Dollynho3856|Quase a Mariana conta uma kill\n|\n|t:|1700510605\n|switch|p2a: Oscar Oasis|Dragapult, F|100\/100\n|turn|23\n|\n|t:|1700510622\n|switch|p1a: Tinkaton|Tinkaton, F|90\/100\n|-ability|p1a: Tinkaton|Mold Breaker\n|move|p2a: Oscar Oasis|U-turn|p1a: Tinkaton\n|-resisted|p1a: Tinkaton\n|-damage|p1a: Tinkaton|81\/100\n|-damage|p2a: Oscar Oasis|91\/100|[from] item: Life Orb\n|\n|t:|1700510631\n|switch|p2a: Voodo \u00e9 pra Jacu|Skeledirge, F|84\/100 par|[from] U-turn\n|\n|-heal|p1a: Tinkaton|87\/100|[from] Grassy Terrain\n|-heal|p1a: Tinkaton|94\/100|[from] item: Leftovers\n|-heal|p2a: Voodo \u00e9 pra Jacu|91\/100 par|[from] Grassy Terrain\n|upkeep\n|turn|24\n|c| Dollynho3856|Epic Sweep\n|c| Dollynho3856|Gliscor vendo a partida de camarote\n|c|\u2606DarkGamesShiny|Ss\n|c|\u2606DarkGamesShiny|Pior q ta tudo m\u00f3 \u00f3bvio\n|c|\u2606DarkGamesShiny|N entendo pq o kadu ta segurando\n|c| Dollynho3856|Porra de m\u00f3 \u00f3bvio\n|c| Dollynho3856|Ele quer dar o perfect\n|c| Dollynho3856|Tem q pensar msm\n|c| Dollynho3856|Se vacilar F saldo\n|inactive|Battle timer is ON: inactive players will automatically lose when time's up. (requested by DarkGamesShiny)\n|c|\u2606DarkGamesShiny|Tmnc\n|c| Dollynho3856|Que isso Dark\n|c|\u2606Hi Kako s2|desliga idiota\n|c|\u2606Hi Kako s2|sua internet ta ruim\n|inactive|Hi Kako s2 has 270 seconds left.\n|c|\u2606DarkGamesShiny|Problema n\u00e3o\n|c| Dollynho3856|KKKKKKKKKK\n|c|\u2606Hi Kako s2|se cair dnv e tu n conseguir voltar a partida termina antes\n|c|\u2606Hi Kako s2|n pode mlk\n|c|\u2606DarkGamesShiny|At\u00e9 pq se ela cair ce ganha do msm jeito\n|c| Dollynho3856|Para de ser desgra\u00e7ado Dark\n|c|\u2606Hi Kako s2|mas n pode forfeit fdp\n|inactive|Hi Kako s2 has 240 seconds left.\n|c|\u2606DarkGamesShiny|Da nada n\u00e3o\n|\n|t:|1700510865\n|move|p1a: Tinkaton|Protect|p1a: Tinkaton\n|-singleturn|p1a: Tinkaton|Protect\n|move|p2a: Voodo \u00e9 pra Jacu|Shadow Ball|p1a: Tinkaton\n|-activate|p1a: Tinkaton|move: Protect\n|\n|-heal|p1a: Tinkaton|99\/100|[from] Grassy Terrain\n|-heal|p1a: Tinkaton|100\/100|[from] item: Leftovers\n|-heal|p2a: Voodo \u00e9 pra Jacu|97\/100 par|[from] Grassy Terrain\n|upkeep\n|turn|25\n|c|\u2606DarkGamesShiny|Agora joga\n|inactive|Hi Kako s2 has 240 seconds left.\n|c|\u2606Hi Kako s2|para de gra\u00e7a caralho\n|c|\u2606Hi Kako s2|\u00e9 regra do bglh\n|c|\u2606Hi Kako s2|respeita\n|c| Dollynho3856|Desrespeito com bacate isso\n|inactive|Hi Kako s2 has 210 seconds left.\n|c|\u2606DarkGamesShiny|Me resolve com ele dps suave\n|c|\u2606Hi Kako s2|crian\u00e7a do caralho\n|c| Dollynho3856|Dark ta com o patati hoje\n|inactive|Hi Kako s2 has 180 seconds left.\n|inactive|Hi Kako s2 has 150 seconds left.\n|\n|t:|1700510963\n|switch|p1a: Zapdos|Zapdos|73\/100 tox\n|cant|p2a: Voodo \u00e9 pra Jacu|par\n|\n|-heal|p2a: Voodo \u00e9 pra Jacu|100\/100 par|[from] Grassy Terrain\n|-damage|p1a: Zapdos|66\/100 tox|[from] psn\n|-fieldend|move: Grassy Terrain\n|upkeep\n|turn|26\n|\n|t:|1700510973\n|move|p1a: Zapdos|Hurricane|p2a: Voodo \u00e9 pra Jacu\n|-damage|p2a: Voodo \u00e9 pra Jacu|49\/100 par\n|move|p2a: Voodo \u00e9 pra Jacu|Torch Song|p1a: Zapdos\n|-damage|p1a: Zapdos|27\/100 tox\n|-boost|p2a: Voodo \u00e9 pra Jacu|spa|1\n|\n|-damage|p1a: Zapdos|15\/100 tox|[from] psn\n|upkeep\n|turn|27\n|\n|t:|1700510985\n|switch|p2a: Mariana conta um|Toxapex, M|96\/100\n|move|p1a: Zapdos|Volt Switch|p2a: Mariana conta um\n|-supereffective|p2a: Mariana conta um\n|-damage|p2a: Mariana conta um|60\/100\n|inactive|Hi Kako s2 has 150 seconds left.\n|\n|t:|1700511008\n|switch|p1a: Gliscor|Gliscor, M|100\/100|[from] Volt Switch\n|\n|-heal|p2a: Mariana conta um|66\/100|[from] item: Black Sludge\n|-status|p1a: Gliscor|tox|[from] item: Toxic Orb\n|upkeep\n|turn|28\n|inactive|Hi Kako s2 has 150 seconds left.\n|\n|t:|1700511019\n|move|p1a: Gliscor|Stealth Rock|p2a: Mariana conta um\n|-sidestart|p2: DarkGamesShiny|move: Stealth Rock\n|move|p2a: Mariana conta um|Liquidation|p1a: Gliscor\n|-supereffective|p1a: Gliscor\n|-damage|p1a: Gliscor|74\/100 tox\n|\n|-heal|p2a: Mariana conta um|73\/100|[from] item: Black Sludge\n|-heal|p1a: Gliscor|87\/100 tox|[from] ability: Poison Heal\n|upkeep\n|turn|29\n|\n|t:|1700511026\n|move|p1a: Gliscor|High Horsepower|p2a: Mariana conta um\n|-supereffective|p2a: Mariana conta um\n|-damage|p2a: Mariana conta um|21\/100\n|move|p2a: Mariana conta um|Liquidation|p1a: Gliscor\n|-supereffective|p1a: Gliscor\n|-damage|p1a: Gliscor|64\/100 tox\n|\n|-heal|p2a: Mariana conta um|27\/100|[from] item: Black Sludge\n|-heal|p1a: Gliscor|77\/100 tox|[from] ability: Poison Heal\n|upkeep\n|turn|30\n|c| Dollynho3856|Belo dano\n|inactive|Hi Kako s2 has 150 seconds left.\n|c| Dollynho3856|Pensei q ia arrancar o 6x0 do Kako na base da pressa\n|inactive|Hi Kako s2 has 120 seconds left.\n|c|\u2606DarkGamesShiny|Ele vai pegar o 6x0 de qualquer jeito\n|c| Dollynho3856|Mas nn pode caralho\n|inactive|Hi Kako s2 has 90 seconds left.\n|c| Dollynho3856|MANJKKKJJK\n|\n|t:|1700511118\n|move|p1a: Gliscor|High Horsepower|p2a: Mariana conta um\n|-supereffective|p2a: Mariana conta um\n|-damage|p2a: Mariana conta um|0 fnt\n|faint|p2a: Mariana conta um\n|\n|-heal|p1a: Gliscor|89\/100 tox|[from] ability: Poison Heal\n|upkeep\n|\n|t:|1700511127\n|switch|p2a: Oscar Oasis|Dragapult, F|91\/100\n|-damage|p2a: Oscar Oasis|78\/100|[from] Stealth Rock\n|turn|31\n|inactive|Hi Kako s2 has 90 seconds left.\n|\n|t:|1700511140\n|move|p2a: Oscar Oasis|Dragon Dance|p2a: Oscar Oasis\n|-boost|p2a: Oscar Oasis|atk|1\n|-boost|p2a: Oscar Oasis|spe|1\n|move|p1a: Gliscor|Toxic|p2a: Oscar Oasis\n|-status|p2a: Oscar Oasis|tox\n|\n|-damage|p2a: Oscar Oasis|72\/100 tox|[from] psn\n|-heal|p1a: Gliscor|100\/100 tox|[from] ability: Poison Heal\n|upkeep\n|turn|32\n|inactive|Hi Kako s2 has 90 seconds left.\n|c| Dollynho3856|G\n|c| Dollynho3856|F\n|\n|t:|1700511149\n|switch|p1a: Tinkaton|Tinkaton, F|100\/100\n|-ability|p1a: Tinkaton|Mold Breaker\n|move|p2a: Oscar Oasis|U-turn|p1a: Tinkaton\n|-resisted|p1a: Tinkaton\n|-damage|p1a: Tinkaton|87\/100\n|-damage|p2a: Oscar Oasis|63\/100 tox|[from] item: Life Orb\n|\n|t:|1700511152\n|switch|p2a: Voodo \u00e9 pra Jacu|Skeledirge, F|49\/100 par|[from] U-turn\n|-damage|p2a: Voodo \u00e9 pra Jacu|24\/100 par|[from] Stealth Rock\n|\n|-heal|p1a: Tinkaton|93\/100|[from] item: Leftovers\n|upkeep\n|turn|33\n|c| Dollynho3856|Kel\n|c| Dollynho3856|Foi boa\n|\n|t:|1700511165\n|move|p1a: Tinkaton|Knock Off|p2a: Voodo \u00e9 pra Jacu\n|-supereffective|p2a: Voodo \u00e9 pra Jacu\n|-damage|p2a: Voodo \u00e9 pra Jacu|3\/100 par\n|cant|p2a: Voodo \u00e9 pra Jacu|par\n|\n|-heal|p1a: Tinkaton|99\/100|[from] item: Leftovers\n|upkeep\n|turn|34\n|c| Dollynho3856|SABE MUITO\n|c|\u2606DarkGamesShiny|Pronto\n|c|\u2606DarkGamesShiny|Doeu kadu\n|c|\u2606Hi Kako s2|n ia matar do msm jeito\n|c|\u2606DarkGamesShiny|Arrancou um pedaco?\n|c|\u2606DarkGamesShiny|Deve ter arrancado tlgd\n|inactive|DarkGamesShiny has 270 seconds left.\n|\n|t:|1700511202\n|move|p1a: Tinkaton|Knock Off|p2a: Voodo \u00e9 pra Jacu\n|-supereffective|p2a: Voodo \u00e9 pra Jacu\n|-damage|p2a: Voodo \u00e9 pra Jacu|0 fnt\n|faint|p2a: Voodo \u00e9 pra Jacu\n|\n|-heal|p1a: Tinkaton|100\/100|[from] item: Leftovers\n|upkeep\n|\n|t:|1700511207\n|switch|p2a: Oscar Oasis|Dragapult, F|63\/100 tox\n|-damage|p2a: Oscar Oasis|50\/100 tox|[from] Stealth Rock\n|turn|35\n|inactive|DarkGamesShiny has 270 seconds left.\n|c| Dollynho3856|Bora fi\n|inactive|DarkGamesShiny has 240 seconds left.\n|c|\u2606Hi Kako s2|bora dark\n|c|\u2606DarkGamesShiny|Ah agora q eu demoro ce quer cobrar?\n|c| Dollynho3856|KKKKKKK\n|c|\u2606Hi Kako s2|\u00e9 bom ne\n|c| Dollynho3856|\u00c9 um com\u00e9dia\n|inactive|DarkGamesShiny has 210 seconds left.\n|inactive|DarkGamesShiny has 180 seconds left.\n|c| Dollynho3856|Ah nn lek\n|c|\u2606Hi Kako s2|ele vai esperar ate o ultimo minuto tlgd\n|c|\u2606DarkGamesShiny|Calmo q to pensando\n|c|\u2606DarkGamesShiny|Posso n\u00e3o?\n|inactive|DarkGamesShiny has 150 seconds left.\n|c| Dollynho3856|Eu punia\n|c|\u2606Hi Kako s2|a vontade\n|c| Dollynho3856|Anulando a vit\u00f3ria dele\n|inactive|DarkGamesShiny has 120 seconds left.\n|c|\u2606Hi Kako s2|borboletinha\n|c|\u2606Hi Kako s2|ta na cozinha\n|inactive|DarkGamesShiny has 90 seconds left.\n|c|\u2606Hi Kako s2|fazendo chocolate\n|c|\u2606Hi Kako s2|para a madrinha\n|c|\u2606Hi Kako s2|poti poti\n|c|\u2606Hi Kako s2|perna de pau\n|c|\u2606Hi Kako s2|nariz de vidro\n|inactive|DarkGamesShiny has 60 seconds left.\n|c|\u2606Hi Kako s2|e asa de pica pau\n|l|\u2606DarkGamesShiny\n|inactive|DarkGamesShiny disconnected and has 300 seconds to reconnect!\n|player|p2|\n|c|\u2606Hi Kako s2|pau pau\n|c| Dollynho3856|KKKKKKKKK\n|c|\u2606Hi Kako s2|caba\u00e7o\n|c|\u2606Hi Kako s2|eu avisei\n|c| Dollynho3856|MANO\n|inactive|DarkGamesShiny has 270 seconds to reconnect!\n|j|\u2606DarkGamesShiny\n|inactive|DarkGamesShiny reconnected and has 55 seconds left.\n|player|p2|DarkGamesShiny|silver\n|c| Dollynho3856|Boa\n|c|\u2606DarkGamesShiny|Calmo kadu\n|inactive|DarkGamesShiny has 30 seconds left.\n|c|\u2606Hi Kako s2|to super calmo\n|c| Dollynho3856|No ultimo segundo\n|inactive|DarkGamesShiny has 20 seconds left.\n|inactive|DarkGamesShiny has 15 seconds left.\n|inactive|DarkGamesShiny has 10 seconds left.\n|inactiveoff|Battle timer is now OFF.\n|c|\u2606Hi Kako s2|ele n vai conseguir pegar o tempo certo\n|c|\u2606Hi Kako s2|de clicar no ultimo segundo\n|inactive|Battle timer is ON: inactive players will automatically lose when time's up. (requested by Hi Kako s2)\n|inactive|DarkGamesShiny has 15 seconds left this turn.\n|c|\u2606Hi Kako s2|se fode\n|\n|t:|1700511527\n|move|p2a: Oscar Oasis|Shadow Ball|p1a: Tinkaton\n|-damage|p1a: Tinkaton|68\/100\n|-damage|p2a: Oscar Oasis|41\/100 tox|[from] item: Life Orb\n|move|p1a: Tinkaton|Gigaton Hammer|p2a: Oscar Oasis\n|-damage|p2a: Oscar Oasis|0 fnt\n|faint|p2a: Oscar Oasis\n|\n|win|Hi Kako s2\n|inactive|DarkGamesShiny has 20 seconds left this turn.\n|c|\u2606Hi Kako s2|tinkaton\n|c|\u2606Hi Kako s2|vulgo\n|c|\u2606Hi Kako s2|assassina de dragapult\n|l| Dollynho3856\n|l|\u2606DarkGamesShiny\n|j| Dollynho3856\n|l| Dollynho3856\n","uploadtime":1700511550,"views":23,"p1id":"hikakos2","p2id":"darkgamesshiny","formatid":"gen9ou","rating":0,"private":0,"password":""}