{"id":"gen9ou-1997843178","p1":"barbatosheavenly","p2":"Heitor 999k","format":"[Gen 9] OU","log":"|j|\u203dbarbatosheavenly\n|j|\u2606Heitor 999k\n|t:|1700858770\n|gametype|singles\n|player|p1|barbatosheavenly|giovanni|1062\n|player|p2|Heitor 999k|steven|1171\n|teamsize|p1|6\n|teamsize|p2|6\n|gen|9\n|tier|[Gen 9] OU\n|rated|\n|rule|Sleep Clause Mod: Limit one foe put to sleep\n|rule|Species Clause: Limit one of each Pok\u00e9mon\n|rule|OHKO Clause: OHKO moves are banned\n|rule|Evasion Items Clause: Evasion items are banned\n|rule|Evasion Moves Clause: Evasion moves are banned\n|rule|Endless Battle Clause: Forcing endless battles is banned\n|rule|HP Percentage Mod: HP is shown in percentages\n|clearpoke\n|poke|p1|Ninetales-Alola, F|\n|poke|p1|Toxapex, F|\n|poke|p1|Torkoal, F|\n|poke|p1|Sandslash-Alola, F|\n|poke|p1|Moltres|\n|poke|p1|Garganacl, F|\n|poke|p2|Samurott-Hisui, M|\n|poke|p2|Landorus-Therian, M|\n|poke|p2|Kingambit, M|\n|poke|p2|Heatran, F|\n|poke|p2|Dragapult, F|\n|poke|p2|Great Tusk|\n|teampreview\n|inactive|Battle timer is ON: inactive players will automatically lose when time's up. (requested by Heitor 999k)\n|\n|t:|1700858780\n|start\n|switch|p1a: Garganacl|Garganacl, F|100\/100\n|switch|p2a: Samurott|Samurott-Hisui, M, shiny|100\/100\n|turn|1\n|\n|t:|1700858797\n|switch|p2a: Great Tusk|Great Tusk|100\/100\n|move|p1a: Garganacl|Stealth Rock|p2a: Great Tusk\n|-sidestart|p2: Heitor 999k|move: Stealth Rock\n|\n|upkeep\n|turn|2\n|\n|t:|1700858802\n|move|p2a: Great Tusk|Headlong Rush|p1a: Garganacl\n|-supereffective|p1a: Garganacl\n|-damage|p1a: Garganacl|29\/100\n|-unboost|p2a: Great Tusk|def|1\n|-unboost|p2a: Great Tusk|spd|1\n|move|p1a: Garganacl|Salt Cure|p2a: Great Tusk\n|-resisted|p2a: Great Tusk\n|-damage|p2a: Great Tusk|96\/100\n|-start|p2a: Great Tusk|Salt Cure\n|\n|-heal|p2a: Great Tusk|100\/100|[from] item: Leftovers\n|-heal|p1a: Garganacl|35\/100|[from] item: Leftovers\n|-damage|p2a: Great Tusk|88\/100|[from] Salt Cure\n|upkeep\n|turn|3\n|\n|t:|1700858815\n|move|p1a: Garganacl|Protect|p1a: Garganacl\n|-singleturn|p1a: Garganacl|Protect\n|move|p2a: Great Tusk|Headlong Rush|p1a: Garganacl\n|-activate|p1a: Garganacl|move: Protect\n|\n|-heal|p2a: Great Tusk|94\/100|[from] item: Leftovers\n|-heal|p1a: Garganacl|41\/100|[from] item: Leftovers\n|-damage|p2a: Great Tusk|82\/100|[from] Salt Cure\n|upkeep\n|turn|4\n|\n|t:|1700858827\n|switch|p1a: Ninetales|Ninetales-Alola, F, shiny|100\/100\n|-weather|Snow|[from] ability: Snow Warning|[of] p1a: Ninetales\n|move|p2a: Great Tusk|Headlong Rush|p1a: Ninetales\n|-damage|p1a: Ninetales|29\/100\n|-unboost|p2a: Great Tusk|def|1\n|-unboost|p2a: Great Tusk|spd|1\n|\n|-weather|Snow|[upkeep]\n|-heal|p1a: Ninetales|35\/100|[from] item: Leftovers\n|-heal|p2a: Great Tusk|88\/100|[from] item: Leftovers\n|-damage|p2a: Great Tusk|76\/100|[from] Salt Cure\n|upkeep\n|turn|5\n|\n|t:|1700858842\n|-end|p2a: Great Tusk|Protosynthesis|[silent]\n|switch|p2a: Heatran|Heatran, F, shiny|100\/100\n|-damage|p2a: Heatran|88\/100|[from] Stealth Rock\n|move|p1a: Ninetales|Blizzard|p2a: Heatran\n|-resisted|p2a: Heatran\n|-damage|p2a: Heatran|78\/100\n|\n|-weather|Snow|[upkeep]\n|-heal|p1a: Ninetales|41\/100|[from] item: Leftovers\n|-heal|p2a: Heatran|85\/100|[from] item: Leftovers\n|upkeep\n|turn|6\n|\n|t:|1700858852\n|move|p1a: Ninetales|Protect|p1a: Ninetales\n|-singleturn|p1a: Ninetales|Protect\n|move|p2a: Heatran|Flash Cannon|p1a: Ninetales\n|-activate|p1a: Ninetales|move: Protect\n|\n|-weather|Snow|[upkeep]\n|-heal|p1a: Ninetales|47\/100|[from] item: Leftovers\n|-heal|p2a: Heatran|91\/100|[from] item: Leftovers\n|upkeep\n|turn|7\n|\n|t:|1700858874\n|switch|p1a: Sandslash|Sandslash-Alola, F|100\/100\n|move|p2a: Heatran|Flash Cannon|p1a: Sandslash\n|-damage|p1a: Sandslash|18\/100\n|-unboost|p1a: Sandslash|spd|1\n|\n|-weather|Snow|[upkeep]\n|-heal|p1a: Sandslash|24\/100|[from] item: Leftovers\n|-heal|p2a: Heatran|97\/100|[from] item: Leftovers\n|upkeep\n|turn|8\n|\n|t:|1700858890\n|move|p1a: Sandslash|Drill Run|p2a: Heatran\n|-supereffective|p2a: Heatran\n|-damage|p2a: Heatran|5\/100\n|move|p2a: Heatran|Magma Storm|p1a: Sandslash|[miss]\n|-miss|p2a: Heatran|p1a: Sandslash\n|\n|-weather|none\n|-heal|p1a: Sandslash|30\/100|[from] item: Leftovers\n|-heal|p2a: Heatran|11\/100|[from] item: Leftovers\n|upkeep\n|turn|9\n|\n|t:|1700858899\n|move|p1a: Sandslash|Ice Shard|p2a: Heatran\n|-resisted|p2a: Heatran\n|-damage|p2a: Heatran|7\/100\n|move|p2a: Heatran|Rest|p2a: Heatran\n|-status|p2a: Heatran|slp|[from] move: Rest\n|-heal|p2a: Heatran|100\/100 slp|[silent]\n|\n|-heal|p1a: Sandslash|36\/100|[from] item: Leftovers\n|upkeep\n|turn|10\n|\n|t:|1700858908\n|move|p1a: Sandslash|Drill Run|p2a: Heatran\n|-supereffective|p2a: Heatran\n|-damage|p2a: Heatran|16\/100 slp\n|cant|p2a: Heatran|slp\n|move|p2a: Heatran|Sleep Talk|p2a: Heatran\n|move|p2a: Heatran|Flash Cannon|p1a: Sandslash|[from]move: Sleep Talk\n|-damage|p1a: Sandslash|0 fnt\n|faint|p1a: Sandslash\n|\n|-heal|p2a: Heatran|22\/100 slp|[from] item: Leftovers\n|upkeep\n|inactive|barbatosheavenly has 120 seconds left.\n|\n|t:|1700858940\n|switch|p1a: Ninetales|Ninetales-Alola, F, shiny|47\/100\n|-weather|Snow|[from] ability: Snow Warning|[of] p1a: Ninetales\n|turn|11\n|\n|t:|1700858953\n|-terastallize|p1a: Ninetales|Ice\n|move|p1a: Ninetales|Blizzard|p2a: Heatran\n|-resisted|p2a: Heatran\n|-damage|p2a: Heatran|9\/100 slp\n|cant|p2a: Heatran|slp\n|move|p2a: Heatran|Sleep Talk|p2a: Heatran\n|move|p2a: Heatran|Magma Storm|p1a: Ninetales|[from]move: Sleep Talk\n|-supereffective|p1a: Ninetales\n|-damage|p1a: Ninetales|0 fnt\n|faint|p1a: Ninetales\n|\n|-weather|Snow|[upkeep]\n|-heal|p2a: Heatran|15\/100 slp|[from] item: Leftovers\n|upkeep\n|\n|t:|1700858966\n|switch|p1a: Torkoal|Torkoal, F, shiny|100\/100\n|-weather|SunnyDay|[from] ability: Drought|[of] p1a: Torkoal\n|turn|12\n|\n|t:|1700858972\n|-curestatus|p2a: Heatran|slp|[msg]\n|move|p2a: Heatran|Rest|p2a: Heatran\n|-status|p2a: Heatran|slp|[from] move: Rest\n|-heal|p2a: Heatran|100\/100 slp|[silent]\n|move|p1a: Torkoal|Ancient Power|p2a: Heatran\n|-damage|p2a: Heatran|86\/100 slp\n|\n|-weather|SunnyDay|[upkeep]\n|-heal|p2a: Heatran|92\/100 slp|[from] item: Leftovers\n|upkeep\n|turn|13\n|\n|t:|1700858982\n|cant|p2a: Heatran|slp\n|move|p2a: Heatran|Sleep Talk|p2a: Heatran\n|move|p2a: Heatran|Rest||[from]move: Sleep Talk|[still]\n|-fail|p2a: Heatran\n|move|p1a: Torkoal|Ancient Power|p2a: Heatran\n|-damage|p2a: Heatran|78\/100 slp\n|\n|-weather|SunnyDay|[upkeep]\n|-heal|p2a: Heatran|84\/100 slp|[from] item: Leftovers\n|upkeep\n|turn|14\n|inactive|barbatosheavenly has 120 seconds left.\n|\n|t:|1700858991\n|cant|p2a: Heatran|slp\n|move|p2a: Heatran|Sleep Talk|p2a: Heatran\n|move|p2a: Heatran|Magma Storm|p1a: Torkoal|[from]move: Sleep Talk|[miss]\n|-miss|p2a: Heatran|p1a: Torkoal\n|move|p1a: Torkoal|Ancient Power|p2a: Heatran\n|-damage|p2a: Heatran|69\/100 slp\n|\n|-weather|SunnyDay|[upkeep]\n|-heal|p2a: Heatran|75\/100 slp|[from] item: Leftovers\n|upkeep\n|turn|15\n|\n|t:|1700859000\n|-curestatus|p2a: Heatran|slp|[msg]\n|move|p2a: Heatran|Sleep Talk||[still]\n|-fail|p2a: Heatran\n|move|p1a: Torkoal|Ancient Power|p2a: Heatran\n|-damage|p2a: Heatran|60\/100\n|\n|-weather|SunnyDay|[upkeep]\n|-heal|p2a: Heatran|67\/100|[from] item: Leftovers\n|upkeep\n|turn|16\n|\n|t:|1700859008\n|move|p2a: Heatran|Magma Storm|p1a: Torkoal\n|-resisted|p1a: Torkoal\n|-crit|p1a: Torkoal\n|-damage|p1a: Torkoal|0 fnt\n|faint|p1a: Torkoal\n|\n|-weather|none\n|-heal|p2a: Heatran|73\/100|[from] item: Leftovers\n|upkeep\n|\n|t:|1700859016\n|switch|p1a: Toxapex|Toxapex, F|100\/100\n|turn|17\n|-message|barbatosheavenly forfeited.\n|\n|win|Heitor 999k\n|raw|barbatosheavenly's rating: 1062 &rarr; <strong>1049<\/strong><br \/>(-13 for losing)\n|raw|Heitor 999k's rating: 1171 &rarr; <strong>1188<\/strong><br \/>(+17 for winning)\n|l|\u203dbarbatosheavenly\n","uploadtime":1700859026,"views":2,"p1id":"barbatosheavenly","p2id":"heitor999k","formatid":"gen9ou","rating":1049,"private":0,"password":""}