{"id":"gen9ou-1997152657","p1":"Ghettocatfish","p2":"ReaperOverwatch41","format":"[Gen 9] OU","log":"|j|\u2606Ghettocatfish\n|j|\u2606ReaperOverwatch41\n|t:|1700769854\n|gametype|singles\n|player|p1|Ghettocatfish|2|1210\n|player|p2|ReaperOverwatch41|1|1152\n|teamsize|p1|6\n|teamsize|p2|6\n|gen|9\n|tier|[Gen 9] OU\n|rated|\n|rule|Sleep Clause Mod: Limit one foe put to sleep\n|rule|Species Clause: Limit one of each Pok\u00e9mon\n|rule|OHKO Clause: OHKO moves are banned\n|rule|Evasion Items Clause: Evasion items are banned\n|rule|Evasion Moves Clause: Evasion moves are banned\n|rule|Endless Battle Clause: Forcing endless battles is banned\n|rule|HP Percentage Mod: HP is shown in percentages\n|clearpoke\n|poke|p1|Ogerpon-Wellspring, F|\n|poke|p1|Heatran, F|\n|poke|p1|Clefable, M|\n|poke|p1|Garchomp, M|\n|poke|p1|Iron Valiant|\n|poke|p1|Jirachi|\n|poke|p2|Ceruledge, M|\n|poke|p2|Kingambit, M|\n|poke|p2|Iron Valiant|\n|poke|p2|Rotom-Wash|\n|poke|p2|Ursaluna, M|\n|poke|p2|Torkoal, M|\n|teampreview\n|inactive|Battle timer is ON: inactive players will automatically lose when time's up. (requested by Ghettocatfish)\n|\n|t:|1700769880\n|start\n|switch|p1a: Heatran|Heatran, F|100\/100\n|switch|p2a: Kingambit|Kingambit, M|100\/100\n|turn|1\n|\n|t:|1700769887\n|move|p1a: Heatran|Magma Storm|p2a: Kingambit\n|-supereffective|p2a: Kingambit\n|-damage|p2a: Kingambit|43\/100\n|-activate|p2a: Kingambit|move: Magma Storm|[of] p1a: Heatran\n|move|p2a: Kingambit|Brick Break|p1a: Heatran\n|-supereffective|p1a: Heatran\n|-damage|p1a: Heatran|52\/100\n|\n|-heal|p1a: Heatran|59\/100|[from] item: Leftovers\n|-damage|p2a: Kingambit|30\/100|[from] move: Magma Storm|[partiallytrapped]\n|upkeep\n|turn|2\n|\n|t:|1700769898\n|move|p1a: Heatran|Protect|p1a: Heatran\n|-singleturn|p1a: Heatran|Protect\n|move|p2a: Kingambit|Sucker Punch||[still]\n|-fail|p2a: Kingambit\n|\n|-heal|p1a: Heatran|65\/100|[from] item: Leftovers\n|-damage|p2a: Kingambit|18\/100|[from] move: Magma Storm|[partiallytrapped]\n|upkeep\n|turn|3\n|\n|t:|1700769927\n|move|p1a: Heatran|Earthquake|p2a: Kingambit\n|-supereffective|p2a: Kingambit\n|-damage|p2a: Kingambit|0 fnt\n|faint|p2a: Kingambit\n|-end|p2a: Kingambit|fallenundefined|[silent]\n|\n|-heal|p1a: Heatran|71\/100|[from] item: Leftovers\n|upkeep\n|\n|t:|1700769934\n|switch|p2a: Iron Valiant|Iron Valiant|100\/100\n|-enditem|p2a: Iron Valiant|Booster Energy\n|-activate|p2a: Iron Valiant|ability: Quark Drive|[fromitem]\n|-start|p2a: Iron Valiant|quarkdrivespe\n|turn|4\n|\n|t:|1700769948\n|switch|p1a: Clefable|Clefable, M|100\/100\n|move|p2a: Iron Valiant|Aura Sphere|p1a: Clefable\n|-resisted|p1a: Clefable\n|-damage|p1a: Clefable|81\/100\n|\n|upkeep\n|turn|5\n|\n|t:|1700769958\n|-end|p2a: Iron Valiant|Quark Drive|[silent]\n|switch|p2a: Ursaluna|Ursaluna, M|100\/100\n|move|p1a: Clefable|Thunder Wave|p2a: Ursaluna\n|-immune|p2a: Ursaluna\n|\n|-status|p2a: Ursaluna|brn|[from] item: Flame Orb\n|upkeep\n|turn|6\n|\n|t:|1700769967\n|move|p1a: Clefable|Stealth Rock|p2a: Ursaluna\n|-sidestart|p2: ReaperOverwatch41|move: Stealth Rock\n|move|p2a: Ursaluna|Facade|p1a: Clefable\n|-damage|p1a: Clefable|0 fnt\n|faint|p1a: Clefable\n|\n|-damage|p2a: Ursaluna|94\/100 brn|[from] brn\n|upkeep\n|\n|t:|1700769989\n|switch|p1a: Ogerpon|Ogerpon-Wellspring, F|100\/100\n|turn|7\n|\n|t:|1700769998\n|move|p1a: Ogerpon|Ivy Cudgel|p2a: Ursaluna|[anim] Ivy Cudgel Water\n|-supereffective|p2a: Ursaluna\n|-damage|p2a: Ursaluna|18\/100 brn\n|move|p2a: Ursaluna|Facade|p1a: Ogerpon\n|-damage|p1a: Ogerpon|0 fnt\n|faint|p1a: Ogerpon\n|\n|-damage|p2a: Ursaluna|11\/100 brn|[from] brn\n|upkeep\n|\n|t:|1700770012\n|switch|p1a: Iron Valiant|Iron Valiant|100\/100\n|turn|8\n|\n|t:|1700770021\n|move|p1a: Iron Valiant|Moonblast|p2a: Ursaluna\n|-damage|p2a: Ursaluna|0 fnt\n|faint|p2a: Ursaluna\n|\n|upkeep\n|\n|t:|1700770026\n|switch|p2a: Iron Valiant|Iron Valiant|100\/100\n|-damage|p2a: Iron Valiant|94\/100|[from] Stealth Rock\n|turn|9\n|\n|t:|1700770035\n|-end|p1a: Iron Valiant|Quark Drive|[silent]\n|switch|p1a: Heatran|Heatran, F|71\/100\n|move|p2a: Iron Valiant|Moonblast|p1a: Heatran\n|-resisted|p1a: Heatran\n|-damage|p1a: Heatran|64\/100\n|\n|-heal|p1a: Heatran|70\/100|[from] item: Leftovers\n|upkeep\n|turn|10\n|\n|t:|1700770054\n|move|p2a: Iron Valiant|Aura Sphere|p1a: Heatran\n|-supereffective|p1a: Heatran\n|-damage|p1a: Heatran|20\/100\n|move|p1a: Heatran|Magma Storm|p2a: Iron Valiant|[miss]\n|-miss|p1a: Heatran|p2a: Iron Valiant\n|\n|-heal|p1a: Heatran|26\/100|[from] item: Leftovers\n|upkeep\n|turn|11\n|\n|t:|1700770063\n|move|p1a: Heatran|Protect|p1a: Heatran\n|-singleturn|p1a: Heatran|Protect\n|move|p2a: Iron Valiant|Aura Sphere|p1a: Heatran\n|-activate|p1a: Heatran|move: Protect\n|\n|-heal|p1a: Heatran|32\/100|[from] item: Leftovers\n|upkeep\n|turn|12\n|\n|t:|1700770071\n|move|p2a: Iron Valiant|Aura Sphere|p1a: Heatran\n|-supereffective|p1a: Heatran\n|-damage|p1a: Heatran|0 fnt\n|faint|p1a: Heatran\n|\n|upkeep\n|\n|t:|1700770073\n|switch|p1a: Jirachi|Jirachi|100\/100\n|turn|13\n|\n|t:|1700770082\n|move|p2a: Iron Valiant|Aura Sphere|p1a: Jirachi\n|-damage|p1a: Jirachi|65\/100\n|move|p1a: Jirachi|Thunder Wave|p2a: Iron Valiant\n|-status|p2a: Iron Valiant|par\n|\n|-heal|p1a: Jirachi|71\/100|[from] item: Leftovers\n|upkeep\n|turn|14\n|\n|t:|1700770092\n|move|p1a: Jirachi|Cosmic Power|p1a: Jirachi\n|-boost|p1a: Jirachi|def|1\n|-boost|p1a: Jirachi|spd|1\n|move|p2a: Iron Valiant|Aura Sphere|p1a: Jirachi\n|-damage|p1a: Jirachi|47\/100\n|\n|-heal|p1a: Jirachi|53\/100|[from] item: Leftovers\n|upkeep\n|turn|15\n|\n|t:|1700770101\n|-end|p2a: Iron Valiant|Quark Drive|[silent]\n|switch|p2a: Torkoal|Torkoal, M|100\/100\n|-damage|p2a: Torkoal|75\/100|[from] Stealth Rock\n|-weather|SunnyDay|[from] ability: Drought|[of] p2a: Torkoal\n|move|p1a: Jirachi|Cosmic Power|p1a: Jirachi\n|-boost|p1a: Jirachi|def|1\n|-boost|p1a: Jirachi|spd|1\n|\n|-weather|SunnyDay|[upkeep]\n|-heal|p1a: Jirachi|59\/100|[from] item: Leftovers\n|upkeep\n|turn|16\n|\n|t:|1700770112\n|move|p1a: Jirachi|Thunder Wave|p2a: Torkoal|[miss]\n|-miss|p1a: Jirachi|p2a: Torkoal\n|move|p2a: Torkoal|Yawn|p1a: Jirachi\n|-start|p1a: Jirachi|move: Yawn|[of] p2a: Torkoal\n|\n|-weather|SunnyDay|[upkeep]\n|-heal|p1a: Jirachi|66\/100|[from] item: Leftovers\n|upkeep\n|turn|17\n|\n|t:|1700770121\n|move|p1a: Jirachi|Thunder Wave|p2a: Torkoal\n|-status|p2a: Torkoal|par\n|move|p2a: Torkoal|Rapid Spin|p1a: Jirachi\n|-resisted|p1a: Jirachi\n|-damage|p1a: Jirachi|64\/100\n|-boost|p2a: Torkoal|spe|1\n|-sideend|p2: ReaperOverwatch41|Stealth Rock|[from] move: Rapid Spin|[of] p2a: Torkoal\n|\n|-weather|SunnyDay|[upkeep]\n|-heal|p1a: Jirachi|70\/100|[from] item: Leftovers\n|-end|p1a: Jirachi|move: Yawn|[silent]\n|-status|p1a: Jirachi|slp\n|upkeep\n|turn|18\n|\n|t:|1700770133\n|switch|p2a: Ceruledge|Ceruledge, M|100\/100\n|cant|p1a: Jirachi|slp\n|\n|-weather|SunnyDay|[upkeep]\n|-heal|p1a: Jirachi|76\/100 slp|[from] item: Leftovers\n|upkeep\n|turn|19\n|\n|t:|1700770143\n|move|p2a: Ceruledge|Swords Dance|p2a: Ceruledge\n|-boost|p2a: Ceruledge|atk|2\n|cant|p1a: Jirachi|slp\n|\n|-weather|SunnyDay|[upkeep]\n|-heal|p1a: Jirachi|82\/100 slp|[from] item: Leftovers\n|upkeep\n|turn|20\n|\n|t:|1700770151\n|-terastallize|p2a: Ceruledge|Fire\n|move|p2a: Ceruledge|Bitter Blade|p1a: Jirachi\n|-supereffective|p1a: Jirachi\n|-damage|p1a: Jirachi|0 fnt\n|faint|p1a: Jirachi\n|\n|-weather|SunnyDay|[upkeep]\n|upkeep\n|\n|t:|1700770156\n|switch|p1a: Garchomp|Garchomp, M|100\/100\n|turn|21\n|\n|t:|1700770161\n|move|p1a: Garchomp|Earthquake|p2a: Ceruledge\n|-supereffective|p2a: Ceruledge\n|-enditem|p2a: Ceruledge|Focus Sash\n|-damage|p2a: Ceruledge|1\/100\n|-ability|p2a: Ceruledge|Weak Armor|boost\n|-unboost|p2a: Ceruledge|def|1\n|-boost|p2a: Ceruledge|spe|2\n|move|p2a: Ceruledge|Poltergeist|p1a: Garchomp\n|-activate|p1a: Garchomp|move: Poltergeist|Loaded Dice\n|-damage|p1a: Garchomp|0 fnt\n|faint|p1a: Garchomp\n|\n|-weather|SunnyDay|[upkeep]\n|upkeep\n|c|\u2606Ghettocatfish|All luck\n|\n|t:|1700770172\n|switch|p1a: Iron Valiant|Iron Valiant|100\/100\n|turn|22\n|\n|t:|1700770177\n|move|p2a: Ceruledge|Bitter Blade|p1a: Iron Valiant\n|-crit|p1a: Iron Valiant\n|-damage|p1a: Iron Valiant|0 fnt\n|-heal|p2a: Ceruledge|51\/100|[from] drain|[of] p1a: Iron Valiant\n|faint|p1a: Iron Valiant\n|-end|p1a: Iron Valiant|Quark Drive|[silent]\n|\n|win|ReaperOverwatch41\n|raw|Ghettocatfish's rating: 1210 &rarr; <strong>1181<\/strong><br \/>(-29 for losing)\n|raw|ReaperOverwatch41's rating: 1152 &rarr; <strong>1181<\/strong><br \/>(+29 for winning)\n|l|\u2606Ghettocatfish\n","uploadtime":1700770185,"views":4,"p1id":"ghettocatfish","p2id":"reaperoverwatch41","formatid":"gen9ou","rating":1181,"private":0,"password":""}