{"id":"gen9ou-1997778331","p1":"Magiquaza","p2":"BlisseyHasSpecsKEK","format":"[Gen 9] OU","log":"|j|\u2606Magiquaza\n|j|\u2606BlisseyHasSpecsKEK\n|inactive|Battle timer is ON: inactive players will automatically lose when time's up.\n|t:|1700851664\n|gametype|singles\n|player|p1|Magiquaza|266|\n|player|p2|BlisseyHasSpecsKEK|266|\n|teamsize|p1|5\n|teamsize|p2|5\n|gen|9\n|tier|[Gen 9] OU\n|rated|Tournament battle\n|rule|Sleep Clause Mod: Limit one foe put to sleep\n|rule|Species Clause: Limit one of each Pok\u00e9mon\n|rule|OHKO Clause: OHKO moves are banned\n|rule|Evasion Items Clause: Evasion items are banned\n|rule|Evasion Moves Clause: Evasion moves are banned\n|rule|Endless Battle Clause: Forcing endless battles is banned\n|rule|HP Percentage Mod: HP is shown in percentages\n|clearpoke\n|poke|p1|Maushold|\n|poke|p1|Chimecho, F|\n|poke|p1|Ursaluna, F|\n|poke|p1|Greninja-*, M|\n|poke|p1|Meowscarada, M|\n|poke|p2|Floatzel, M|\n|poke|p2|Lucario, F|\n|poke|p2|Hariyama, F|\n|poke|p2|Barraskewda, M|\n|poke|p2|Blissey, F|\n|teampreview\n|j|*Lady Monita \u2746\n|inactive|Magiquaza also wants the timer to be on.\n|inactive|BlisseyHasSpecsKEK also wants the timer to be on.\n|c|\u2606Magiquaza|specs blissey is my fave set\n|j| lobatos\n|\n|t:|1700851687\n|start\n|switch|p1a: Meowscarada|Meowscarada, M|100\/100\n|switch|p2a: Blissey|Blissey, F|100\/100\n|turn|1\n|\n|t:|1700851693\n|move|p1a: Meowscarada|U-turn|p2a: Blissey\n|-start|p1a: Meowscarada|typechange|Bug|[from] ability: Protean\n|-damage|p2a: Blissey|7\/100\n|\n|t:|1700851699\n|switch|p1a: Chimecho|Chimecho, F|100\/100|[from] U-turn\n|move|p2a: Blissey|Ice Beam|p1a: Chimecho\n|-damage|p1a: Chimecho|66\/100\n|\n|upkeep\n|turn|2\n|j| Neomycin\n|\n|t:|1700851708\n|switch|p2a: MrMimikyu|Lucario, F, shiny|100\/100\n|move|p1a: Chimecho|Light Screen|p1a: Chimecho\n|-sidestart|p1: Magiquaza|move: Light Screen\n|\n|upkeep\n|turn|3\n|\n|t:|1700851717\n|move|p2a: MrMimikyu|Rain Dance|p2a: MrMimikyu\n|-weather|RainDance\n|move|p1a: Chimecho|Thunder Wave|p2a: MrMimikyu\n|-status|p2a: MrMimikyu|par\n|\n|-weather|RainDance|[upkeep]\n|upkeep\n|turn|4\n|\n|t:|1700851737\n|switch|p2a: HelpImUndaDaWater|Floatzel, M, shiny|100\/100\n|move|p1a: Chimecho|Reflect|p1a: Chimecho\n|-sidestart|p1: Magiquaza|Reflect\n|\n|-weather|RainDance|[upkeep]\n|upkeep\n|turn|5\n|\n|t:|1700851745\n|-terastallize|p2a: HelpImUndaDaWater|Water\n|move|p2a: HelpImUndaDaWater|Wave Crash|p1a: Chimecho\n|-crit|p1a: Chimecho\n|-damage|p1a: Chimecho|0 fnt\n|faint|p1a: Chimecho\n|-damage|p2a: HelpImUndaDaWater|76\/100|[from] Recoil\n|\n|-weather|RainDance|[upkeep]\n|upkeep\n|\n|t:|1700851756\n|switch|p1a: Greninja|Greninja, M|100\/100\n|turn|6\n|\n|t:|1700851763\n|move|p2a: HelpImUndaDaWater|Wave Crash|p1a: Greninja\n|-resisted|p1a: Greninja\n|-damage|p1a: Greninja|28\/100\n|-damage|p2a: HelpImUndaDaWater|54\/100|[from] Recoil\n|move|p1a: Greninja|Hydro Pump|p2a: HelpImUndaDaWater|[miss]\n|-start|p1a: Greninja|typechange|Water|[from] ability: Protean\n|-miss|p1a: Greninja|p2a: HelpImUndaDaWater\n|\n|-weather|RainDance|[upkeep]\n|upkeep\n|turn|7\n|c|\u2606Magiquaza|..\n|\n|t:|1700851769\n|move|p2a: HelpImUndaDaWater|Wave Crash|p1a: Greninja\n|-resisted|p1a: Greninja\n|-damage|p1a: Greninja|0 fnt\n|faint|p1a: Greninja\n|-damage|p2a: HelpImUndaDaWater|46\/100|[from] Recoil\n|\n|-weather|none\n|upkeep\n|\n|t:|1700851775\n|switch|p1a: Meowscarada|Meowscarada, M|100\/100\n|turn|8\n|\n|t:|1700851783\n|switch|p2a: Blissey|Blissey, F|7\/100\n|move|p1a: Meowscarada|U-turn|p2a: Blissey\n|-start|p1a: Meowscarada|typechange|Bug|[from] ability: Protean\n|-crit|p2a: Blissey\n|-damage|p2a: Blissey|0 fnt\n|faint|p2a: Blissey\n|l| lobatos\n|\n|t:|1700851794\n|switch|p1a: Ursaluna|Ursaluna, F|100\/100|[from] U-turn\n|\n|-status|p1a: Ursaluna|brn|[from] item: Flame Orb\n|upkeep\n|c|\u2606BlisseyHasSpecsKEK|Sry blissey u did ur job\n|c|\u2606Magiquaza|you needed hyper beam\n|\n|t:|1700851813\n|switch|p2a: FakeBrianHands|Hariyama, F, shiny|100\/100\n|turn|9\n|c|\u2606BlisseyHasSpecsKEK|!showset 4\n|c| BlisseyHasSpecsKEK|\/raw <div class=\"infobox\">Kebab (Barraskewda) (M) @ Choice Band  <br \/>Ability: Swift Swim  <br \/>Shiny: Yes  <br \/>Tera Type: Water  <br \/>EVs: 252 Atk &#x2f; 4 SpD &#x2f; 252 Spe  <br \/>Adamant Nature  <br \/>- Liquidation  <br \/>- Crunch  <br \/>- Ice Fang  <br \/>- Drill Run  <br \/><br \/><\/div>\n|c|\u2606BlisseyHasSpecsKEK|!showset 3\n|c| BlisseyHasSpecsKEK|\/raw <div class=\"infobox\">FakeBrianHands (Hariyama) (F) @ Assault Vest  <br \/>Ability: Thick Fat  <br \/>Shiny: Yes  <br \/>Tera Type: Fighting  <br \/>EVs: 252 HP &#x2f; 252 Atk &#x2f; 4 SpD  <br \/>Adamant Nature  <br \/>- Fake Out  <br \/>- Drain Punch  <br \/>- Ice Punch  <br \/>- Heavy Slam  <br \/><br \/><\/div>\n|\n|t:|1700851834\n|-terastallize|p1a: Ursaluna|Ghost\n|move|p2a: FakeBrianHands|Fake Out|p1a: Ursaluna\n|-immune|p1a: Ursaluna\n|move|p1a: Ursaluna|Swords Dance|p1a: Ursaluna\n|-boost|p1a: Ursaluna|atk|2\n|\n|-damage|p1a: Ursaluna|94\/100 brn|[from] brn\n|-sideend|p1: Magiquaza|move: Light Screen\n|upkeep\n|turn|10\n|c|\u2606BlisseyHasSpecsKEK|!showset 5\n|c| BlisseyHasSpecsKEK|\/raw <div class=\"infobox\">Blissey (F) @ Choice Specs  <br \/>Ability: Serene Grace  <br \/>Tera Type: Normal  <br \/>EVs: 252 HP &#x2f; 252 SpA &#x2f; 4 SpD  <br \/>Modest Nature  <br \/>IVs: 0 Atk  <br \/>- Ice Beam  <br \/>- Thunder  <br \/>- Hyper Beam  <br \/>- Dazzling Gleam  <br \/><br \/><\/div>\n|c|\u2606BlisseyHasSpecsKEK|There we go\n|c|\u2606Magiquaza|gigachad\n|\n|t:|1700851856\n|move|p1a: Ursaluna|Facade|p2a: FakeBrianHands\n|-damage|p2a: FakeBrianHands|0 fnt\n|faint|p2a: FakeBrianHands\n|\n|-damage|p1a: Ursaluna|88\/100 brn|[from] brn\n|upkeep\n|\n|t:|1700851868\n|switch|p2a: MrMimikyu|Lucario, F, shiny|100\/100 par\n|turn|11\n|\n|t:|1700851873\n|move|p2a: MrMimikyu|Rain Dance|p2a: MrMimikyu\n|-weather|RainDance\n|move|p1a: Ursaluna|Drain Punch|p2a: MrMimikyu\n|-supereffective|p2a: MrMimikyu\n|-enditem|p2a: MrMimikyu|Focus Sash\n|-damage|p2a: MrMimikyu|1\/100 par\n|-heal|p1a: Ursaluna|100\/100 brn|[from] drain|[of] p2a: MrMimikyu\n|\n|-weather|RainDance|[upkeep]\n|-damage|p1a: Ursaluna|94\/100 brn|[from] brn\n|-sideend|p1: Magiquaza|Reflect\n|upkeep\n|turn|12\n|\n|t:|1700851879\n|move|p2a: MrMimikyu|Flash Cannon|p1a: Ursaluna\n|-damage|p1a: Ursaluna|62\/100 brn\n|move|p1a: Ursaluna|Drain Punch|p2a: MrMimikyu\n|-supereffective|p2a: MrMimikyu\n|-crit|p2a: MrMimikyu\n|-damage|p2a: MrMimikyu|0 fnt\n|-heal|p1a: Ursaluna|62\/100 brn|[from] drain|[of] p2a: MrMimikyu\n|faint|p2a: MrMimikyu\n|\n|-weather|RainDance|[upkeep]\n|-damage|p1a: Ursaluna|56\/100 brn|[from] brn\n|upkeep\n|\n|t:|1700851882\n|switch|p2a: Kebab|Barraskewda, M, shiny|100\/100\n|turn|13\n|\n|t:|1700851886\n|move|p2a: Kebab|Liquidation|p1a: Ursaluna\n|-damage|p1a: Ursaluna|0 fnt\n|faint|p1a: Ursaluna\n|\n|-weather|RainDance|[upkeep]\n|upkeep\n|\n|t:|1700851891\n|switch|p1a: Meowscarada|Meowscarada, M|100\/100\n|turn|14\n|l|\u2606Magiquaza\n|inactive|Magiquaza disconnected and has a minute to reconnect!\n|player|p1|\n|inactive|BlisseyHasSpecsKEK has 120 seconds left.\n|j| Brendon rulzs\n|j| Cruido\n|inactive|Magiquaza has 30 seconds to reconnect!\n|j|\u2606Magiquaza\n|inactive|Magiquaza reconnected and has 90 seconds left.\n|player|p1|Magiquaza|266\n|l| Brendon rulzs\n|\n|t:|1700851959\n|move|p2a: Kebab|Liquidation|p1a: Meowscarada\n|-resisted|p1a: Meowscarada\n|-damage|p1a: Meowscarada|21\/100\n|move|p1a: Meowscarada|Flower Trick|p2a: Kebab\n|-start|p1a: Meowscarada|typechange|Grass|[from] ability: Protean\n|-supereffective|p2a: Kebab\n|-crit|p2a: Kebab\n|-damage|p2a: Kebab|0 fnt\n|faint|p2a: Kebab\n|\n|-weather|RainDance|[upkeep]\n|upkeep\n|\n|t:|1700851962\n|switch|p2a: HelpImUndaDaWater|Floatzel, M, shiny, tera:Water|46\/100\n|turn|15\n|c|\u2606Magiquaza|sry internet died\n|inactive|Magiquaza has 90 seconds left.\n|\n|t:|1700851981\n|switch|p1a: Maushold|Maushold|100\/100\n|move|p2a: HelpImUndaDaWater|Wave Crash|p1a: Maushold\n|-damage|p1a: Maushold|0 fnt\n|faint|p1a: Maushold\n|-damage|p2a: HelpImUndaDaWater|15\/100|[from] Recoil\n|\n|-weather|none\n|upkeep\n|j| Maxecuter Executor\n|\n|t:|1700851985\n|switch|p1a: Meowscarada|Meowscarada, M|21\/100\n|turn|16\n|\n|t:|1700851989\n|move|p1a: Meowscarada|Flower Trick|p2a: HelpImUndaDaWater\n|-start|p1a: Meowscarada|typechange|Grass|[from] ability: Protean\n|-supereffective|p2a: HelpImUndaDaWater\n|-crit|p2a: HelpImUndaDaWater\n|-damage|p2a: HelpImUndaDaWater|0 fnt\n|faint|p2a: HelpImUndaDaWater\n|\n|win|Magiquaza\n|n|\u2606BlisseyHasSpecsKEK|blisseyhasspecskek\n|n|*Lady Monita \u2746|ladymonita\n|n| Neomycin|neomycin\n|n| Cruido|cruido\n|n|\u2606Magiquaza|magiquaza\n|n| Maxecuter Executor|maxecuterexecutor\n","uploadtime":1700851990,"views":3,"p1id":"magiquaza","p2id":"blisseyhasspecskek","formatid":"gen9ou","rating":0,"private":0,"password":""}