{"id":"gen9ou-1997403971","p1":"TY SM MY GUY","p2":"kvrv","format":"[Gen 9] OU","log":"|j|\u2606TY SM MY GUY\n|j|\u2606kvrv\n|t:|1700799862\n|gametype|singles\n|player|p1|TY SM MY GUY|hoopster|1227\n|player|p2|kvrv|ghetsis|1222\n|teamsize|p1|6\n|teamsize|p2|6\n|gen|9\n|tier|[Gen 9] OU\n|rated|\n|rule|Sleep Clause Mod: Limit one foe put to sleep\n|rule|Species Clause: Limit one of each Pok\u00e9mon\n|rule|OHKO Clause: OHKO moves are banned\n|rule|Evasion Items Clause: Evasion items are banned\n|rule|Evasion Moves Clause: Evasion moves are banned\n|rule|Endless Battle Clause: Forcing endless battles is banned\n|rule|HP Percentage Mod: HP is shown in percentages\n|clearpoke\n|poke|p1|Glimmora, F|\n|poke|p1|Great Tusk|\n|poke|p1|Hatterene, F|\n|poke|p1|Greninja-*, M|\n|poke|p1|Brambleghast, M|\n|poke|p1|Zoroark-Hisui, M|\n|poke|p2|Gholdengo|\n|poke|p2|Iron Valiant|\n|poke|p2|Kingambit, F|\n|poke|p2|Zapdos|\n|poke|p2|Great Tusk|\n|poke|p2|Ting-Lu|\n|teampreview\n|\n|t:|1700799885\n|start\n|switch|p1a: Greninja|Greninja, M|100\/100\n|switch|p2a: Ting-Lu|Ting-Lu|100\/100\n|-ability|p2a: Ting-Lu|Vessel of Ruin\n|turn|1\n|inactive|Battle timer is ON: inactive players will automatically lose when time's up. (requested by kvrv)\n|\n|t:|1700799889\n|move|p1a: Greninja|Trick|p2a: Ting-Lu\n|-activate|p1a: Greninja|move: Trick|[of] p2a: Ting-Lu\n|-item|p2a: Ting-Lu|Choice Scarf|[from] move: Trick\n|-item|p1a: Greninja|Leftovers|[from] move: Trick\n|move|p2a: Ting-Lu|Ruination|p1a: Greninja\n|-damage|p1a: Greninja|50\/100\n|replace|p1a: Zoroark|Zoroark-Hisui, M, shiny\n|-end|p1a: Zoroark|Illusion\n|\n|-heal|p1a: Zoroark|56\/100|[from] item: Leftovers\n|upkeep\n|turn|2\n|\n|t:|1700799895\n|move|p1a: Zoroark|Bitter Malice|p2a: Ting-Lu\n|-resisted|p2a: Ting-Lu\n|-damage|p2a: Ting-Lu|91\/100\n|-unboost|p2a: Ting-Lu|atk|1\n|move|p2a: Ting-Lu|Ruination|p1a: Zoroark\n|-damage|p1a: Zoroark|29\/100\n|\n|-heal|p1a: Zoroark|35\/100|[from] item: Leftovers\n|upkeep\n|turn|3\n|\n|t:|1700799907\n|switch|p1a: Glimmora|Glimmora, F, shiny|100\/100\n|-item|p1a: Glimmora|Air Balloon\n|switch|p2a: Iron Valiant|Iron Valiant|100\/100\n|-enditem|p2a: Iron Valiant|Booster Energy\n|-activate|p2a: Iron Valiant|ability: Quark Drive|[fromitem]\n|-start|p2a: Iron Valiant|quarkdrivespe\n|\n|upkeep\n|turn|4\n|\n|t:|1700799912\n|move|p2a: Iron Valiant|Swords Dance|p2a: Iron Valiant\n|-boost|p2a: Iron Valiant|atk|2\n|move|p1a: Glimmora|Dazzling Gleam|p2a: Iron Valiant\n|-supereffective|p2a: Iron Valiant\n|-damage|p2a: Iron Valiant|16\/100\n|\n|upkeep\n|turn|5\n|\n|t:|1700799918\n|-terastallize|p1a: Glimmora|Ghost\n|move|p2a: Iron Valiant|Close Combat|p1a: Glimmora\n|-immune|p1a: Glimmora\n|move|p1a: Glimmora|Dazzling Gleam|p2a: Iron Valiant\n|-supereffective|p2a: Iron Valiant\n|-damage|p2a: Iron Valiant|0 fnt\n|faint|p2a: Iron Valiant\n|-end|p2a: Iron Valiant|Quark Drive|[silent]\n|\n|upkeep\n|n|!kvrv|kvrv\n|\n|t:|1700799930\n|switch|p2a: Gholdengo|Gholdengo|100\/100\n|turn|6\n|\n|t:|1700799933\n|move|p2a: Gholdengo|Shadow Ball|p1a: Glimmora\n|-supereffective|p1a: Glimmora\n|-damage|p1a: Glimmora|0 fnt\n|-enditem|p1a: Glimmora|Air Balloon\n|faint|p1a: Glimmora\n|\n|upkeep\n|\n|t:|1700799943\n|switch|p1a: Greninja|Greninja, M|35\/100\n|turn|7\n|\n|t:|1700799947\n|move|p2a: Gholdengo|Shadow Ball|p1a: Greninja\n|-immune|p1a: Greninja\n|move|p1a: Greninja|Bitter Malice|p2a: Gholdengo\n|-supereffective|p2a: Gholdengo\n|-crit|p2a: Gholdengo\n|-damage|p2a: Gholdengo|0 fnt\n|faint|p2a: Gholdengo\n|\n|-heal|p1a: Greninja|41\/100|[from] item: Leftovers\n|upkeep\n|\n|t:|1700799953\n|switch|p2a: Kingambit|Kingambit, F|100\/100\n|-activate|p2a: Kingambit|ability: Supreme Overlord\n|-start|p2a: Kingambit|fallen2|[silent]\n|turn|8\n|\n|t:|1700799960\n|move|p1a: Greninja|Flamethrower|p2a: Kingambit\n|-supereffective|p2a: Kingambit\n|-damage|p2a: Kingambit|32\/100\n|move|p2a: Kingambit|Swords Dance|p2a: Kingambit\n|-boost|p2a: Kingambit|atk|2\n|\n|-heal|p1a: Greninja|47\/100|[from] item: Leftovers\n|-heal|p2a: Kingambit|38\/100|[from] item: Leftovers\n|upkeep\n|turn|9\n|\n|t:|1700799965\n|move|p2a: Kingambit|Sucker Punch||[still]\n|-fail|p2a: Kingambit\n|move|p1a: Greninja|Trick|p2a: Kingambit\n|-activate|p1a: Greninja|move: Trick|[of] p2a: Kingambit\n|-item|p2a: Kingambit|Leftovers|[from] move: Trick\n|-item|p1a: Greninja|Leftovers|[from] move: Trick\n|\n|-heal|p1a: Greninja|52\/100|[from] item: Leftovers\n|-heal|p2a: Kingambit|45\/100|[from] item: Leftovers\n|upkeep\n|turn|10\n|\n|t:|1700799969\n|move|p1a: Greninja|Flamethrower|p2a: Kingambit\n|-supereffective|p2a: Kingambit\n|-damage|p2a: Kingambit|0 fnt\n|faint|p2a: Kingambit\n|-end|p2a: Kingambit|fallen2|[silent]\n|\n|-heal|p1a: Greninja|58\/100|[from] item: Leftovers\n|upkeep\n|-message|kvrv forfeited.\n|\n|win|TY SM MY GUY\n|raw|TY SM MY GUY's rating: 1227 &rarr; <strong>1252<\/strong><br \/>(+25 for winning)\n|raw|kvrv's rating: 1222 &rarr; <strong>1197<\/strong><br \/>(-25 for losing)\n","uploadtime":1700799928,"views":8,"p1id":"tysmmyguy","p2id":"kvrv","formatid":"gen9ou","rating":1197,"private":0,"password":""}