{"id":"gen9ou-1994964052","p1":"eaakis","p2":"alliumsea","format":"[Gen 9] OU","log":"|j|\u2606eaakis\n|j|\u2606alliumsea\n|t:|1700508601\n|gametype|singles\n|player|p1|eaakis|steven|\n|player|p2|alliumsea|lady|\n|teamsize|p1|6\n|teamsize|p2|6\n|gen|9\n|tier|[Gen 9] OU\n|rule|Sleep Clause Mod: Limit one foe put to sleep\n|rule|Species Clause: Limit one of each Pok\u00e9mon\n|rule|OHKO Clause: OHKO moves are banned\n|rule|Evasion Items Clause: Evasion items are banned\n|rule|Evasion Moves Clause: Evasion moves are banned\n|rule|Endless Battle Clause: Forcing endless battles is banned\n|rule|HP Percentage Mod: HP is shown in percentages\n|clearpoke\n|poke|p1|Gholdengo|\n|poke|p1|Zapdos|\n|poke|p1|Amoonguss, F|\n|poke|p1|Pelipper, M|\n|poke|p1|Empoleon, F|\n|poke|p1|Barraskewda, F|\n|poke|p2|Ninetales-Alola, F|\n|poke|p2|Landorus-Therian, M|\n|poke|p2|Scream Tail|\n|poke|p2|Kingambit, F|\n|poke|p2|Jirachi|\n|poke|p2|Weavile, M|\n|teampreview\n|\n|t:|1700508634\n|start\n|switch|p1a: Pelipper|Pelipper, M|100\/100\n|switch|p2a: Landorus|Landorus-Therian, M|100\/100\n|-ability|p2a: Landorus|Intimidate|boost\n|-unboost|p1a: Pelipper|atk|1\n|-weather|RainDance|[from] ability: Drizzle|[of] p1a: Pelipper\n|turn|1\n|\n|t:|1700508645\n|move|p2a: Landorus|U-turn|p1a: Pelipper\n|-resisted|p1a: Pelipper\n|-damage|p1a: Pelipper|90\/100\n|\n|t:|1700508649\n|switch|p2a: Ninetales|Ninetales-Alola, F|100\/100|[from] U-turn\n|-weather|Snow|[from] ability: Snow Warning|[of] p2a: Ninetales\n|move|p1a: Pelipper|Ice Beam|p2a: Ninetales\n|-resisted|p2a: Ninetales\n|-damage|p2a: Ninetales|88\/100\n|\n|-weather|Snow|[upkeep]\n|-heal|p1a: Pelipper|96\/100|[from] item: Leftovers\n|upkeep\n|turn|2\n|\n|t:|1700508706\n|switch|p1a: Gholdengo|Gholdengo|100\/100\n|move|p2a: Ninetales|Blizzard|p1a: Gholdengo\n|-resisted|p1a: Gholdengo\n|-damage|p1a: Gholdengo|79\/100\n|\n|-weather|Snow|[upkeep]\n|-heal|p1a: Gholdengo|85\/100|[from] item: Leftovers\n|upkeep\n|turn|3\n|\n|t:|1700508727\n|move|p2a: Ninetales|Moonblast|p1a: Gholdengo\n|-resisted|p1a: Gholdengo\n|-damage|p1a: Gholdengo|69\/100\n|-unboost|p1a: Gholdengo|spa|1\n|move|p1a: Gholdengo|Shadow Ball|p2a: Ninetales\n|-damage|p2a: Ninetales|51\/100\n|\n|-weather|Snow|[upkeep]\n|-heal|p1a: Gholdengo|75\/100|[from] item: Leftovers\n|upkeep\n|turn|4\n|\n|t:|1700508778\n|switch|p2a: Kingambit|Kingambit, F|100\/100\n|move|p1a: Gholdengo|Nasty Plot|p1a: Gholdengo\n|-boost|p1a: Gholdengo|spa|2\n|\n|-weather|Snow|[upkeep]\n|-heal|p1a: Gholdengo|81\/100|[from] item: Leftovers\n|upkeep\n|turn|5\n|\n|t:|1700508793\n|move|p2a: Kingambit|Sucker Punch|p1a: Gholdengo\n|-supereffective|p1a: Gholdengo\n|-damage|p1a: Gholdengo|0 fnt\n|faint|p1a: Gholdengo\n|\n|-weather|none\n|upkeep\n|\n|t:|1700508804\n|switch|p1a: Pelipper|Pelipper, M|96\/100\n|-weather|RainDance|[from] ability: Drizzle|[of] p1a: Pelipper\n|turn|6\n|\n|t:|1700508832\n|move|p1a: Pelipper|Hurricane|p2a: Kingambit\n|-resisted|p2a: Kingambit\n|-damage|p2a: Kingambit|82\/100\n|move|p2a: Kingambit|Kowtow Cleave|p1a: Pelipper\n|-damage|p1a: Pelipper|57\/100\n|\n|-weather|RainDance|[upkeep]\n|-heal|p1a: Pelipper|63\/100|[from] item: Leftovers\n|upkeep\n|turn|7\n|\n|t:|1700508854\n|switch|p1a: Barraskewda|Barraskewda, F|100\/100\n|move|p2a: Kingambit|Iron Head|p1a: Barraskewda\n|-resisted|p1a: Barraskewda\n|-damage|p1a: Barraskewda|58\/100\n|\n|-weather|RainDance|[upkeep]\n|upkeep\n|turn|8\n|\n|t:|1700508879\n|-end|p2a: Kingambit|fallenundefined|[silent]\n|switch|p2a: Jirachi|Jirachi|100\/100\n|-terastallize|p1a: Barraskewda|Ground\n|move|p1a: Barraskewda|Tera Blast|p2a: Jirachi|[anim] Tera Blast Ground\n|-supereffective|p2a: Jirachi\n|-crit|p2a: Jirachi\n|-damage|p2a: Jirachi|0 fnt\n|faint|p2a: Jirachi\n|\n|-weather|RainDance|[upkeep]\n|upkeep\n|\n|t:|1700508896\n|switch|p2a: Scream Tail|Scream Tail|100\/100\n|-enditem|p2a: Scream Tail|Booster Energy\n|-activate|p2a: Scream Tail|ability: Protosynthesis|[fromitem]\n|-start|p2a: Scream Tail|protosynthesisspe\n|turn|9\n|\n|t:|1700508907\n|switch|p1a: Zapdos|Zapdos|100\/100\n|move|p2a: Scream Tail|Thunder|p1a: Zapdos\n|-damage|p1a: Zapdos|81\/100\n|\n|-weather|RainDance|[upkeep]\n|upkeep\n|turn|10\n|\n|t:|1700508921\n|move|p2a: Scream Tail|Blizzard|p1a: Zapdos|[miss]\n|-miss|p2a: Scream Tail|p1a: Zapdos\n|move|p1a: Zapdos|U-turn|p2a: Scream Tail\n|-damage|p2a: Scream Tail|91\/100\n|\n|t:|1700508926\n|switch|p1a: Amoonguss|Amoonguss, F|100\/100|[from] U-turn\n|\n|-weather|none\n|upkeep\n|turn|11\n|\n|t:|1700509008\n|move|p2a: Scream Tail|Blizzard|p1a: Amoonguss\n|-supereffective|p1a: Amoonguss\n|-damage|p1a: Amoonguss|70\/100\n|move|p1a: Amoonguss|Spore|p2a: Scream Tail\n|-status|p2a: Scream Tail|slp|[from] move: Spore\n|\n|upkeep\n|turn|12\n|\n|t:|1700509027\n|cant|p2a: Scream Tail|slp\n|move|p1a: Amoonguss|Sludge Bomb|p2a: Scream Tail\n|-supereffective|p2a: Scream Tail\n|-damage|p2a: Scream Tail|49\/100 slp\n|\n|upkeep\n|turn|13\n|\n|t:|1700509036\n|-end|p2a: Scream Tail|Protosynthesis|[silent]\n|switch|p2a: Ninetales|Ninetales-Alola, F|51\/100\n|-weather|Snow|[from] ability: Snow Warning|[of] p2a: Ninetales\n|move|p1a: Amoonguss|Sludge Bomb|p2a: Ninetales\n|-supereffective|p2a: Ninetales\n|-damage|p2a: Ninetales|0 fnt\n|faint|p2a: Ninetales\n|\n|-weather|Snow|[upkeep]\n|upkeep\n|\n|t:|1700509056\n|switch|p2a: Weavile|Weavile, M|100\/100\n|-ability|p2a: Weavile|Pressure\n|turn|14\n|\n|t:|1700509070\n|switch|p1a: Pelipper|Pelipper, M|63\/100\n|-weather|RainDance|[from] ability: Drizzle|[of] p1a: Pelipper\n|move|p2a: Weavile|Ice Shard|p1a: Pelipper\n|-damage|p1a: Pelipper|48\/100\n|\n|-weather|RainDance|[upkeep]\n|-heal|p1a: Pelipper|54\/100|[from] item: Leftovers\n|upkeep\n|turn|15\n|\n|t:|1700509108\n|move|p2a: Weavile|Knock Off|p1a: Pelipper\n|-damage|p1a: Pelipper|19\/100\n|-enditem|p1a: Pelipper|Leftovers|[from] move: Knock Off|[of] p2a: Weavile\n|move|p1a: Pelipper|Roost|p1a: Pelipper\n|-heal|p1a: Pelipper|69\/100\n|-singleturn|p1a: Pelipper|move: Roost\n|\n|-weather|RainDance|[upkeep]\n|upkeep\n|turn|16\n|\n|t:|1700509142\n|switch|p1a: Empoleon|Empoleon, F|100\/100\n|move|p2a: Weavile|Knock Off|p1a: Empoleon\n|-damage|p1a: Empoleon|53\/100\n|-enditem|p1a: Empoleon|Leftovers|[from] move: Knock Off|[of] p2a: Weavile\n|\n|-weather|RainDance|[upkeep]\n|upkeep\n|turn|17\n|\n|t:|1700509162\n|move|p2a: Weavile|Knock Off|p1a: Empoleon\n|-damage|p1a: Empoleon|22\/100\n|move|p1a: Empoleon|Flip Turn|p2a: Weavile\n|-damage|p2a: Weavile|50\/100\n|\n|t:|1700509170\n|switch|p1a: Barraskewda|Barraskewda, F, tera:Ground|58\/100|[from] Flip Turn\n|\n|-weather|RainDance|[upkeep]\n|upkeep\n|turn|18\n|\n|t:|1700509181\n|switch|p2a: Landorus|Landorus-Therian, M|100\/100\n|-ability|p2a: Landorus|Intimidate|boost\n|-unboost|p1a: Barraskewda|atk|1\n|move|p1a: Barraskewda|Tera Blast|p2a: Landorus|[anim] Tera Blast Ground\n|-immune|p2a: Landorus\n|\n|-weather|none\n|upkeep\n|turn|19\n|\n|t:|1700509192\n|switch|p1a: Pelipper|Pelipper, M|69\/100\n|-weather|RainDance|[from] ability: Drizzle|[of] p1a: Pelipper\n|move|p2a: Landorus|Stealth Rock|p1a: Pelipper\n|-sidestart|p1: eaakis|move: Stealth Rock\n|\n|-weather|RainDance|[upkeep]\n|upkeep\n|turn|20\n|\n|t:|1700509205\n|move|p2a: Landorus|Swords Dance|p2a: Landorus\n|-boost|p2a: Landorus|atk|2\n|move|p1a: Pelipper|Ice Beam|p2a: Landorus\n|-supereffective|p2a: Landorus\n|-damage|p2a: Landorus|0 fnt\n|faint|p2a: Landorus\n|\n|-weather|RainDance|[upkeep]\n|upkeep\n|\n|t:|1700509214\n|switch|p2a: Kingambit|Kingambit, F|82\/100\n|-activate|p2a: Kingambit|ability: Supreme Overlord\n|-start|p2a: Kingambit|fallen3|[silent]\n|turn|21\n|\n|t:|1700509242\n|switch|p1a: Empoleon|Empoleon, F|22\/100\n|-damage|p1a: Empoleon|16\/100|[from] Stealth Rock\n|move|p2a: Kingambit|Sucker Punch||[still]\n|-fail|p2a: Kingambit\n|\n|-weather|RainDance|[upkeep]\n|upkeep\n|turn|22\n|\n|t:|1700509258\n|move|p1a: Empoleon|Roost|p1a: Empoleon\n|-heal|p1a: Empoleon|66\/100\n|-singleturn|p1a: Empoleon|move: Roost\n|move|p2a: Kingambit|Iron Head|p1a: Empoleon\n|-resisted|p1a: Empoleon\n|-damage|p1a: Empoleon|50\/100\n|\n|-weather|RainDance|[upkeep]\n|upkeep\n|turn|23\n|\n|t:|1700509266\n|move|p1a: Empoleon|Knock Off|p2a: Kingambit\n|-resisted|p2a: Kingambit\n|-damage|p2a: Kingambit|75\/100\n|-enditem|p2a: Kingambit|Expert Belt|[from] move: Knock Off|[of] p1a: Empoleon\n|move|p2a: Kingambit|Kowtow Cleave|p1a: Empoleon\n|-damage|p1a: Empoleon|0 fnt\n|faint|p1a: Empoleon\n|\n|-weather|none\n|upkeep\n|\n|t:|1700509273\n|switch|p1a: Barraskewda|Barraskewda, F, tera:Ground|58\/100\n|-damage|p1a: Barraskewda|51\/100|[from] Stealth Rock\n|turn|24\n|\n|t:|1700509283\n|move|p1a: Barraskewda|Tera Blast|p2a: Kingambit|[anim] Tera Blast Ground\n|-supereffective|p2a: Kingambit\n|-damage|p2a: Kingambit|0 fnt\n|faint|p2a: Kingambit\n|-end|p2a: Kingambit|fallen3|[silent]\n|\n|upkeep\n|\n|t:|1700509305\n|switch|p2a: Scream Tail|Scream Tail|49\/100 slp\n|turn|25\n|\n|t:|1700509325\n|-curestatus|p2a: Scream Tail|slp|[msg]\n|move|p2a: Scream Tail|Protect|p2a: Scream Tail\n|-singleturn|p2a: Scream Tail|Protect\n|move|p1a: Barraskewda|Tera Blast|p2a: Scream Tail|[anim] Tera Blast Ground\n|-activate|p2a: Scream Tail|move: Protect\n|\n|upkeep\n|turn|26\n|\n|t:|1700509388\n|move|p1a: Barraskewda|Tera Blast|p2a: Scream Tail|[anim] Tera Blast Ground\n|-damage|p2a: Scream Tail|0 fnt\n|faint|p2a: Scream Tail\n|-end|p2a: Scream Tail|Protosynthesis|[silent]\n|\n|upkeep\n|\n|t:|1700509392\n|switch|p2a: Weavile|Weavile, M|50\/100\n|-ability|p2a: Weavile|Pressure\n|turn|27\n|\n|t:|1700509410\n|switch|p1a: Pelipper|Pelipper, M|69\/100\n|-damage|p1a: Pelipper|44\/100|[from] Stealth Rock\n|-weather|RainDance|[from] ability: Drizzle|[of] p1a: Pelipper\n|move|p2a: Weavile|Fake Out|p1a: Pelipper\n|-damage|p1a: Pelipper|33\/100\n|\n|-weather|RainDance|[upkeep]\n|upkeep\n|turn|28\n|\n|t:|1700509430\n|move|p2a: Weavile|Ice Shard|p1a: Pelipper\n|-damage|p1a: Pelipper|18\/100\n|move|p1a: Pelipper|Hurricane|p2a: Weavile\n|-damage|p2a: Weavile|0 fnt\n|faint|p2a: Weavile\n|\n|win|eaakis\n","uploadtime":1700509446,"views":6,"p1id":"eaakis","p2id":"alliumsea","formatid":"gen9ou","rating":0,"private":0,"password":""}