{"id":"gen9ou-1994001821","p1":"black the builder","p2":"6APA","format":"[Gen 9] OU","log":"|j|\u2606black the builder\n|j|\u26066APA\n|t:|1700391423\n|gametype|singles\n|player|p1|black the builder|102|1108\n|player|p2|6APA|hiker-gen4|1178\n|teamsize|p1|6\n|teamsize|p2|6\n|gen|9\n|tier|[Gen 9] OU\n|rated|\n|rule|Sleep Clause Mod: Limit one foe put to sleep\n|rule|Species Clause: Limit one of each Pok\u00e9mon\n|rule|OHKO Clause: OHKO moves are banned\n|rule|Evasion Items Clause: Evasion items are banned\n|rule|Evasion Moves Clause: Evasion moves are banned\n|rule|Endless Battle Clause: Forcing endless battles is banned\n|rule|HP Percentage Mod: HP is shown in percentages\n|clearpoke\n|poke|p1|Mandibuzz, F|\n|poke|p1|Jirachi|\n|poke|p1|Garchomp, F|\n|poke|p1|Slowking-Galar, M|\n|poke|p1|Ogerpon, F|\n|poke|p1|Tauros-Paldea-Aqua, M|\n|poke|p2|Zapdos|\n|poke|p2|Garchomp, M|\n|poke|p2|Amoonguss, F|\n|poke|p2|Tyranitar, F|\n|poke|p2|Gholdengo|\n|poke|p2|Corviknight, M|\n|teampreview\n|\n|t:|1700391487\n|start\n|switch|p1a: Happy|Jirachi|100\/100\n|switch|p2a: Zapdos|Zapdos|100\/100\n|turn|1\n|inactive|Battle timer is ON: inactive players will automatically lose when time's up. (requested by black the builder)\n|\n|t:|1700391514\n|switch|p1a: Slowking|Slowking-Galar, M|100\/100\n|move|p2a: Zapdos|Heat Wave|p1a: Slowking\n|-damage|p1a: Slowking|80\/100\n|\n|-heal|p1a: Slowking|87\/100|[from] item: Black Sludge\n|upkeep\n|turn|2\n|\n|t:|1700391543\n|move|p2a: Zapdos|Discharge|p1a: Slowking\n|-damage|p1a: Slowking|60\/100\n|move|p1a: Slowking|Trick|p2a: Zapdos\n|-activate|p1a: Slowking|move: Trick|[of] p2a: Zapdos\n|-item|p2a: Zapdos|Black Sludge|[from] move: Trick\n|-item|p1a: Slowking|Heavy-Duty Boots|[from] move: Trick\n|\n|-damage|p2a: Zapdos|88\/100|[from] item: Black Sludge\n|upkeep\n|turn|3\n|inactive|black the builder has 120 seconds left.\n|\n|t:|1700391562\n|move|p2a: Zapdos|Volt Switch|p1a: Slowking\n|-damage|p1a: Slowking|36\/100\n|\n|t:|1700391567\n|switch|p2a: Tyranitar|Tyranitar, F|100\/100|[from] Volt Switch\n|-weather|Sandstorm|[from] ability: Sand Stream|[of] p2a: Tyranitar\n|move|p1a: Slowking|Chilly Reception|p1a: Slowking\n|-weather|Snow\n|inactive|black the builder has 120 seconds left.\n|\n|t:|1700391580\n|switch|p1a: Tauros|Tauros-Paldea-Aqua, M|100\/100|[from] Chilly Reception\n|-ability|p1a: Tauros|Intimidate|boost\n|-unboost|p2a: Tyranitar|atk|1\n|\n|-weather|Snow|[upkeep]\n|upkeep\n|turn|4\n|inactive|black the builder has 120 seconds left.\n|\n|t:|1700391606\n|switch|p1a: Happy|Jirachi|100\/100\n|switch|p2a: Amoonguss|Amoonguss, F|100\/100\n|\n|-weather|Snow|[upkeep]\n|upkeep\n|turn|5\n|\n|t:|1700391614\n|move|p1a: Happy|Doom Desire|p2a: Amoonguss\n|-start|p1a: Happy|Doom Desire\n|move|p2a: Amoonguss|Spore|p1a: Happy\n|-status|p1a: Happy|slp|[from] move: Spore\n|\n|-weather|Snow|[upkeep]\n|upkeep\n|turn|6\n|\n|t:|1700391622\n|switch|p2a: Garchomp|Garchomp, M|100\/100\n|cant|p1a: Happy|slp\n|\n|-weather|Snow|[upkeep]\n|upkeep\n|turn|7\n|inactive|black the builder has 120 seconds left.\n|\n|t:|1700391646\n|switch|p1a: Mandibuzz|Mandibuzz, F|100\/100\n|move|p2a: Garchomp|Swords Dance|p2a: Garchomp\n|-boost|p2a: Garchomp|atk|2\n|\n|-weather|none\n|-end|p2a: Garchomp|move: Doom Desire\n|-damage|p2a: Garchomp|30\/100\n|upkeep\n|turn|8\n|\n|t:|1700391653\n|-terastallize|p2a: Garchomp|Water\n|move|p2a: Garchomp|Liquidation|p1a: Mandibuzz\n|-damage|p1a: Mandibuzz|54\/100\n|move|p1a: Mandibuzz|Foul Play|p2a: Garchomp\n|-damage|p2a: Garchomp|0 fnt\n|-damage|p1a: Mandibuzz|41\/100|[from] ability: Rough Skin|[of] p2a: Garchomp\n|faint|p2a: Garchomp\n|\n|upkeep\n|\n|t:|1700391656\n|switch|p2a: Corviknight|Corviknight, M|100\/100\n|-ability|p2a: Corviknight|Pressure\n|turn|9\n|c|\u26066APA|Nah, stall\n|-message|6APA forfeited.\n|\n|win|black the builder\n|raw|black the builder's rating: 1108 &rarr; <strong>1138<\/strong><br \/>(+30 for winning)\n|raw|6APA's rating: 1178 &rarr; <strong>1148<\/strong><br \/>(-30 for losing)\n|l|\u26066APA\n","uploadtime":1700391667,"views":9,"p1id":"blackthebuilder","p2id":"6apa","formatid":"gen9ou","rating":1138,"private":0,"password":""}