{"id":"gen9ou-1994588216","p1":"banjoindamanjo","p2":"Vigilante V8","format":"[Gen 9] OU","log":"|j|\u2606banjoindamanjo\n|j|\u2606Vigilante V8\n|t:|1700465021\n|gametype|singles\n|player|p1|banjoindamanjo|musician|1527\n|player|p2|Vigilante V8|170|1741\n|teamsize|p1|6\n|teamsize|p2|6\n|gen|9\n|tier|[Gen 9] OU\n|rated|\n|rule|Sleep Clause Mod: Limit one foe put to sleep\n|rule|Species Clause: Limit one of each Pok\u00e9mon\n|rule|OHKO Clause: OHKO moves are banned\n|rule|Evasion Items Clause: Evasion items are banned\n|rule|Evasion Moves Clause: Evasion moves are banned\n|rule|Endless Battle Clause: Forcing endless battles is banned\n|rule|HP Percentage Mod: HP is shown in percentages\n|clearpoke\n|poke|p1|Hawlucha, F|\n|poke|p1|Great Tusk|\n|poke|p1|Rillaboom, F|\n|poke|p1|Heatran, F|\n|poke|p1|Dragapult, F|\n|poke|p1|Toxapex, F|\n|poke|p2|Clodsire, M|\n|poke|p2|Corviknight, F|\n|poke|p2|Dondozo, F|\n|poke|p2|Kingambit, M|\n|poke|p2|Weavile, F|\n|poke|p2|Garganacl, F|\n|teampreview\n|\n|t:|1700465038\n|start\n|switch|p1a: Heatran|Heatran, F|100\/100\n|switch|p2a: Garganacl|Garganacl, F|100\/100\n|turn|1\n|\n|t:|1700465061\n|switch|p1a: Great Tusk|Great Tusk|100\/100\n|move|p2a: Garganacl|Salt Cure|p1a: Great Tusk\n|-resisted|p1a: Great Tusk\n|-damage|p1a: Great Tusk|98\/100\n|-start|p1a: Great Tusk|Salt Cure\n|\n|-damage|p1a: Great Tusk|86\/100|[from] Salt Cure\n|upkeep\n|turn|2\n|\n|t:|1700465068\n|move|p2a: Garganacl|Protect|p2a: Garganacl\n|-singleturn|p2a: Garganacl|Protect\n|move|p1a: Great Tusk|Knock Off|p2a: Garganacl\n|-activate|p2a: Garganacl|move: Protect\n|\n|-damage|p1a: Great Tusk|73\/100|[from] Salt Cure\n|upkeep\n|turn|3\n|\n|t:|1700465074\n|move|p1a: Great Tusk|Knock Off|p2a: Garganacl\n|-damage|p2a: Garganacl|66\/100\n|-enditem|p2a: Garganacl|Leftovers|[from] move: Knock Off|[of] p1a: Great Tusk\n|move|p2a: Garganacl|Stealth Rock|p1a: Great Tusk\n|-sidestart|p1: banjoindamanjo|move: Stealth Rock\n|\n|-damage|p1a: Great Tusk|61\/100|[from] Salt Cure\n|upkeep\n|turn|4\n|j| ttyyuui55erreqq122\n|\n|t:|1700465085\n|-end|p1a: Great Tusk|Protosynthesis|[silent]\n|switch|p1a: Hawlucha|Hawlucha, F|100\/100\n|-damage|p1a: Hawlucha|88\/100|[from] Stealth Rock\n|-ability|p1a: Hawlucha|Mold Breaker\n|move|p2a: Garganacl|Protect||[still]\n|-fail|p2a: Garganacl\n|\n|upkeep\n|turn|5\n|\n|t:|1700465093\n|switch|p2a: Corviknight|Corviknight, F|100\/100\n|-ability|p2a: Corviknight|Pressure\n|move|p1a: Hawlucha|Defog|p2a: Corviknight\n|-unboost|p2a: Corviknight|evasion|1\n|-sideend|p1: banjoindamanjo|Stealth Rock|[from] move: Defog|[of] p1a: Hawlucha\n|\n|upkeep\n|turn|6\n|\n|t:|1700465096\n|switch|p1a: Heatran|Heatran, F|100\/100\n|move|p2a: Corviknight|U-turn|p1a: Heatran\n|-resisted|p1a: Heatran\n|-damage|p1a: Heatran|98\/100\n|\n|t:|1700465099\n|switch|p2a: Garganacl|Garganacl, F|66\/100|[from] U-turn\n|\n|-heal|p1a: Heatran|100\/100|[from] item: Leftovers\n|upkeep\n|turn|7\n|\n|t:|1700465101\n|move|p1a: Heatran|Earth Power|p2a: Garganacl\n|-supereffective|p2a: Garganacl\n|-damage|p2a: Garganacl|34\/100\n|move|p2a: Garganacl|Salt Cure|p1a: Heatran\n|-damage|p1a: Heatran|89\/100\n|-start|p1a: Heatran|Salt Cure\n|\n|-heal|p1a: Heatran|96\/100|[from] item: Leftovers\n|-damage|p1a: Heatran|71\/100|[from] Salt Cure\n|upkeep\n|turn|8\n|\n|t:|1700465109\n|move|p1a: Heatran|Stealth Rock|p2a: Garganacl\n|-sidestart|p2: Vigilante V8|move: Stealth Rock\n|move|p2a: Garganacl|Recover|p2a: Garganacl\n|-heal|p2a: Garganacl|84\/100\n|\n|-heal|p1a: Heatran|77\/100|[from] item: Leftovers\n|-damage|p1a: Heatran|52\/100|[from] Salt Cure\n|upkeep\n|turn|9\n|\n|t:|1700465114\n|switch|p1a: Great Tusk|Great Tusk|61\/100\n|move|p2a: Garganacl|Protect||[still]\n|-fail|p2a: Garganacl\n|\n|upkeep\n|turn|10\n|\n|t:|1700465119\n|switch|p2a: Corviknight|Corviknight, F|100\/100\n|-damage|p2a: Corviknight|88\/100|[from] Stealth Rock\n|-ability|p2a: Corviknight|Pressure\n|move|p1a: Great Tusk|Close Combat|p2a: Corviknight\n|-damage|p2a: Corviknight|33\/100\n|-unboost|p1a: Great Tusk|def|1\n|-unboost|p1a: Great Tusk|spd|1\n|-damage|p1a: Great Tusk|44\/100|[from] item: Rocky Helmet|[of] p2a: Corviknight\n|\n|upkeep\n|turn|11\n|\n|t:|1700465122\n|move|p1a: Great Tusk|Close Combat|p2a: Corviknight\n|-damage|p2a: Corviknight|0 fnt\n|-unboost|p1a: Great Tusk|def|1\n|-unboost|p1a: Great Tusk|spd|1\n|-damage|p1a: Great Tusk|28\/100|[from] item: Rocky Helmet|[of] p2a: Corviknight\n|faint|p2a: Corviknight\n|\n|upkeep\n|\n|t:|1700465149\n|switch|p2a: Kingambit|Kingambit, M|100\/100\n|-damage|p2a: Kingambit|94\/100|[from] Stealth Rock\n|-activate|p2a: Kingambit|ability: Supreme Overlord\n|-start|p2a: Kingambit|fallen1|[silent]\n|turn|12\n|\n|t:|1700465154\n|-end|p1a: Great Tusk|Protosynthesis|[silent]\n|switch|p1a: Hawlucha|Hawlucha, F|88\/100\n|-ability|p1a: Hawlucha|Mold Breaker\n|move|p2a: Kingambit|Sucker Punch||[still]\n|-fail|p2a: Kingambit\n|\n|upkeep\n|turn|13\n|\n|t:|1700465161\n|-end|p2a: Kingambit|fallen1|[silent]\n|switch|p2a: Dondozo|Dondozo, F|100\/100\n|-damage|p2a: Dondozo|88\/100|[from] Stealth Rock\n|move|p1a: Hawlucha|Brave Bird|p2a: Dondozo\n|-damage|p2a: Dondozo|71\/100\n|-damage|p1a: Hawlucha|80\/100|[from] Recoil\n|\n|-heal|p2a: Dondozo|77\/100|[from] item: Leftovers\n|upkeep\n|turn|14\n|\n|t:|1700465168\n|switch|p1a: Toxapex|Toxapex, F|100\/100\n|move|p2a: Dondozo|Curse|p2a: Dondozo\n|-unboost|p2a: Dondozo|spe|1\n|-boost|p2a: Dondozo|atk|1\n|-boost|p2a: Dondozo|def|1\n|\n|-heal|p2a: Dondozo|84\/100|[from] item: Leftovers\n|upkeep\n|turn|15\n|\n|t:|1700465171\n|move|p1a: Toxapex|Haze|p1a: Toxapex\n|-clearallboost\n|move|p2a: Dondozo|Earthquake|p1a: Toxapex\n|-supereffective|p1a: Toxapex\n|-crit|p1a: Toxapex\n|-damage|p1a: Toxapex|52\/100\n|-enditem|p1a: Toxapex|Eject Button\n|j| OUVT fantominus\n|\n|t:|1700465174\n|switch|p1a: Rillaboom|Rillaboom, F|100\/100\n|-fieldstart|move: Grassy Terrain|[from] ability: Grassy Surge|[of] p1a: Rillaboom\n|\n|-heal|p2a: Dondozo|90\/100|[from] Grassy Terrain\n|-heal|p2a: Dondozo|96\/100|[from] item: Leftovers\n|upkeep\n|turn|16\n|\n|t:|1700465182\n|-terastallize|p1a: Rillaboom|Grass\n|-terastallize|p2a: Dondozo|Grass\n|move|p1a: Rillaboom|Wood Hammer|p2a: Dondozo\n|-resisted|p2a: Dondozo\n|-damage|p2a: Dondozo|58\/100\n|-damage|p1a: Rillaboom|85\/100|[from] Recoil\n|move|p2a: Dondozo|Curse|p2a: Dondozo\n|-unboost|p2a: Dondozo|spe|1\n|-boost|p2a: Dondozo|atk|1\n|-boost|p2a: Dondozo|def|1\n|\n|-heal|p1a: Rillaboom|91\/100|[from] Grassy Terrain\n|-heal|p2a: Dondozo|64\/100|[from] Grassy Terrain\n|-heal|p2a: Dondozo|70\/100|[from] item: Leftovers\n|upkeep\n|turn|17\n|\n|t:|1700465196\n|switch|p1a: Toxapex|Toxapex, F|85\/100\n|switch|p2a: Garganacl|Garganacl, F|84\/100\n|-damage|p2a: Garganacl|72\/100|[from] Stealth Rock\n|\n|-heal|p2a: Garganacl|78\/100|[from] Grassy Terrain\n|-heal|p1a: Toxapex|91\/100|[from] Grassy Terrain\n|upkeep\n|turn|18\n|\n|t:|1700465200\n|move|p1a: Toxapex|Surf|p2a: Garganacl\n|-supereffective|p2a: Garganacl\n|-damage|p2a: Garganacl|52\/100\n|move|p2a: Garganacl|Salt Cure|p1a: Toxapex\n|-damage|p1a: Toxapex|81\/100\n|-start|p1a: Toxapex|Salt Cure\n|\n|-heal|p1a: Toxapex|87\/100|[from] Grassy Terrain\n|-heal|p2a: Garganacl|58\/100|[from] Grassy Terrain\n|-damage|p1a: Toxapex|62\/100|[from] Salt Cure\n|upkeep\n|turn|19\n|l| OUVT fantominus\n|\n|t:|1700465208\n|switch|p1a: Rillaboom|Rillaboom, F, tera:Grass|91\/100\n|move|p2a: Garganacl|Salt Cure|p1a: Rillaboom\n|-damage|p1a: Rillaboom|79\/100\n|-start|p1a: Rillaboom|Salt Cure\n|\n|-heal|p1a: Rillaboom|85\/100|[from] Grassy Terrain\n|-heal|p2a: Garganacl|64\/100|[from] Grassy Terrain\n|-damage|p1a: Rillaboom|73\/100|[from] Salt Cure\n|-fieldend|move: Grassy Terrain\n|upkeep\n|turn|20\n|\n|t:|1700465212\n|move|p2a: Garganacl|Protect|p2a: Garganacl\n|-singleturn|p2a: Garganacl|Protect\n|move|p1a: Rillaboom|U-turn|p2a: Garganacl\n|-activate|p2a: Garganacl|move: Protect\n|\n|-damage|p1a: Rillaboom|60\/100|[from] Salt Cure\n|upkeep\n|turn|21\n|\n|t:|1700465219\n|move|p1a: Rillaboom|U-turn|p2a: Garganacl\n|-crit|p2a: Garganacl\n|-damage|p2a: Garganacl|27\/100\n|\n|t:|1700465230\n|switch|p1a: Toxapex|Toxapex, F|96\/100|[from] U-turn\n|move|p2a: Garganacl|Salt Cure|p1a: Toxapex\n|-damage|p1a: Toxapex|85\/100\n|-start|p1a: Toxapex|Salt Cure\n|\n|-damage|p1a: Toxapex|60\/100|[from] Salt Cure\n|upkeep\n|turn|22\n|\n|t:|1700465235\n|switch|p1a: Great Tusk|Great Tusk|28\/100\n|move|p2a: Garganacl|Stealth Rock|p1a: Great Tusk\n|-sidestart|p1: banjoindamanjo|move: Stealth Rock\n|\n|upkeep\n|turn|23\n|\n|t:|1700465239\n|move|p2a: Garganacl|Protect|p2a: Garganacl\n|-singleturn|p2a: Garganacl|Protect\n|move|p1a: Great Tusk|Headlong Rush|p2a: Garganacl\n|-activate|p2a: Garganacl|move: Protect\n|\n|upkeep\n|turn|24\n|\n|t:|1700465245\n|switch|p2a: Dondozo|Dondozo, F, tera:Grass|70\/100\n|-damage|p2a: Dondozo|57\/100|[from] Stealth Rock\n|move|p1a: Great Tusk|Headlong Rush|p2a: Dondozo\n|-resisted|p2a: Dondozo\n|-damage|p2a: Dondozo|35\/100\n|-unboost|p1a: Great Tusk|def|1\n|-unboost|p1a: Great Tusk|spd|1\n|\n|-heal|p2a: Dondozo|42\/100|[from] item: Leftovers\n|upkeep\n|turn|25\n|\n|t:|1700465249\n|-end|p1a: Great Tusk|Protosynthesis|[silent]\n|switch|p1a: Toxapex|Toxapex, F|94\/100\n|-damage|p1a: Toxapex|81\/100|[from] Stealth Rock\n|move|p2a: Dondozo|Earthquake|p1a: Toxapex\n|-supereffective|p1a: Toxapex\n|-damage|p1a: Toxapex|46\/100\n|\n|-heal|p2a: Dondozo|48\/100|[from] item: Leftovers\n|upkeep\n|turn|26\n|\n|t:|1700465255\n|switch|p2a: Clodsire|Clodsire, M|100\/100\n|-damage|p2a: Clodsire|94\/100|[from] Stealth Rock\n|move|p1a: Toxapex|Recover|p1a: Toxapex\n|-heal|p1a: Toxapex|96\/100\n|\n|-heal|p2a: Clodsire|100\/100|[from] item: Black Sludge\n|upkeep\n|turn|27\n|\n|t:|1700465261\n|move|p1a: Toxapex|Surf|p2a: Clodsire\n|-immune|p2a: Clodsire|[from] ability: Water Absorb\n|move|p2a: Clodsire|Spikes|p1a: Toxapex\n|-sidestart|p1: banjoindamanjo|Spikes\n|\n|upkeep\n|turn|28\n|\n|t:|1700465265\n|switch|p1a: Hawlucha|Hawlucha, F|80\/100\n|-damage|p1a: Hawlucha|68\/100|[from] Stealth Rock\n|-ability|p1a: Hawlucha|Mold Breaker\n|move|p2a: Clodsire|Earthquake|p1a: Hawlucha\n|-immune|p1a: Hawlucha\n|\n|upkeep\n|turn|29\n|\n|t:|1700465269\n|move|p1a: Hawlucha|Defog|p2a: Clodsire\n|-unboost|p2a: Clodsire|evasion|1\n|-sideend|p2: Vigilante V8|Stealth Rock|[from] move: Defog|[of] p1a: Hawlucha\n|-sideend|p1: banjoindamanjo|Spikes|[from] move: Defog|[of] p1a: Hawlucha\n|-sideend|p1: banjoindamanjo|Stealth Rock|[from] move: Defog|[of] p1a: Hawlucha\n|move|p2a: Clodsire|Toxic|p1a: Hawlucha\n|-status|p1a: Hawlucha|tox\n|\n|-damage|p1a: Hawlucha|62\/100 tox|[from] psn\n|upkeep\n|turn|30\n|\n|t:|1700465276\n|switch|p1a: Rillaboom|Rillaboom, F, tera:Grass|60\/100\n|-fieldstart|move: Grassy Terrain|[from] ability: Grassy Surge|[of] p1a: Rillaboom\n|move|p2a: Clodsire|Toxic|p1a: Rillaboom\n|-status|p1a: Rillaboom|tox\n|\n|-heal|p1a: Rillaboom|67\/100 tox|[from] Grassy Terrain\n|-damage|p1a: Rillaboom|60\/100 tox|[from] psn\n|upkeep\n|turn|31\n|\n|t:|1700465284\n|switch|p2a: Dondozo|Dondozo, F, tera:Grass|48\/100\n|move|p1a: Rillaboom|Wood Hammer|p2a: Dondozo\n|-resisted|p2a: Dondozo\n|-damage|p2a: Dondozo|6\/100\n|-damage|p1a: Rillaboom|43\/100 tox|[from] Recoil\n|\n|-heal|p1a: Rillaboom|50\/100 tox|[from] Grassy Terrain\n|-heal|p2a: Dondozo|12\/100|[from] Grassy Terrain\n|-heal|p2a: Dondozo|18\/100|[from] item: Leftovers\n|-damage|p1a: Rillaboom|37\/100 tox|[from] psn\n|upkeep\n|turn|32\n|\n|t:|1700465293\n|move|p1a: Rillaboom|Wood Hammer|p2a: Dondozo\n|-resisted|p2a: Dondozo\n|-damage|p2a: Dondozo|0 fnt\n|faint|p2a: Dondozo\n|-damage|p1a: Rillaboom|30\/100 tox|[from] Recoil\n|\n|-heal|p1a: Rillaboom|36\/100 tox|[from] Grassy Terrain\n|-damage|p1a: Rillaboom|17\/100 tox|[from] psn\n|upkeep\n|\n|t:|1700465312\n|switch|p2a: Garganacl|Garganacl, F|27\/100\n|turn|33\n|\n|t:|1700465317\n|switch|p1a: Great Tusk|Great Tusk|28\/100\n|move|p2a: Garganacl|Protect||[still]\n|-fail|p2a: Garganacl\n|\n|-heal|p1a: Great Tusk|34\/100|[from] Grassy Terrain\n|-heal|p2a: Garganacl|33\/100|[from] Grassy Terrain\n|upkeep\n|turn|34\n|\n|t:|1700465321\n|move|p2a: Garganacl|Protect|p2a: Garganacl\n|-singleturn|p2a: Garganacl|Protect\n|move|p1a: Great Tusk|Headlong Rush|p2a: Garganacl\n|-activate|p2a: Garganacl|move: Protect\n|\n|-heal|p1a: Great Tusk|40\/100|[from] Grassy Terrain\n|-heal|p2a: Garganacl|39\/100|[from] Grassy Terrain\n|-fieldend|move: Grassy Terrain\n|upkeep\n|turn|35\n|\n|t:|1700465327\n|switch|p2a: Clodsire|Clodsire, M|100\/100\n|move|p1a: Great Tusk|Headlong Rush|p2a: Clodsire\n|-supereffective|p2a: Clodsire\n|-damage|p2a: Clodsire|0 fnt\n|-unboost|p1a: Great Tusk|def|1\n|-unboost|p1a: Great Tusk|spd|1\n|faint|p2a: Clodsire\n|\n|upkeep\n|\n|t:|1700465330\n|switch|p2a: Weavile|Weavile, F|100\/100\n|-ability|p2a: Weavile|Pressure\n|turn|36\n|\n|t:|1700465334\n|-end|p1a: Great Tusk|Protosynthesis|[silent]\n|switch|p1a: Toxapex|Toxapex, F|100\/100\n|move|p2a: Weavile|Knock Off|p1a: Toxapex\n|-damage|p1a: Toxapex|68\/100\n|\n|upkeep\n|turn|37\n|\n|t:|1700465338\n|switch|p2a: Kingambit|Kingambit, M|94\/100\n|-activate|p2a: Kingambit|ability: Supreme Overlord\n|-start|p2a: Kingambit|fallen3|[silent]\n|move|p1a: Toxapex|Sludge Bomb|p2a: Kingambit\n|-immune|p2a: Kingambit\n|\n|upkeep\n|turn|38\n|\n|t:|1700465346\n|switch|p1a: Hawlucha|Hawlucha, F|62\/100 tox\n|-ability|p1a: Hawlucha|Mold Breaker\n|move|p2a: Kingambit|Swords Dance|p2a: Kingambit\n|-boost|p2a: Kingambit|atk|2\n|\n|-damage|p1a: Hawlucha|56\/100 tox|[from] psn\n|upkeep\n|turn|39\n|\n|t:|1700465351\n|move|p2a: Kingambit|Sucker Punch||[still]\n|-fail|p2a: Kingambit\n|move|p1a: Hawlucha|Encore|p2a: Kingambit\n|-start|p2a: Kingambit|Encore\n|\n|-damage|p1a: Hawlucha|43\/100 tox|[from] psn\n|upkeep\n|turn|40\n|\n|t:|1700465357\n|switch|p1a: Dragapult|Dragapult, F|100\/100\n|move|p2a: Kingambit|Sucker Punch||[still]\n|-fail|p2a: Kingambit\n|\n|upkeep\n|turn|41\n|\n|t:|1700465372\n|switch|p1a: Heatran|Heatran, F|52\/100\n|-end|p2a: Kingambit|fallen3|[silent]\n|switch|p2a: Garganacl|Garganacl, F|39\/100\n|\n|-heal|p1a: Heatran|58\/100|[from] item: Leftovers\n|upkeep\n|turn|42\n|\n|t:|1700465380\n|move|p1a: Heatran|Earth Power|p2a: Garganacl\n|-supereffective|p2a: Garganacl\n|-damage|p2a: Garganacl|4\/100\n|move|p2a: Garganacl|Salt Cure|p1a: Heatran\n|-damage|p1a: Heatran|47\/100\n|-start|p1a: Heatran|Salt Cure\n|\n|-heal|p1a: Heatran|53\/100|[from] item: Leftovers\n|-damage|p1a: Heatran|29\/100|[from] Salt Cure\n|upkeep\n|turn|43\n|\n|t:|1700465384\n|move|p1a: Heatran|Earth Power|p2a: Garganacl\n|-supereffective|p2a: Garganacl\n|-damage|p2a: Garganacl|0 fnt\n|faint|p2a: Garganacl\n|\n|-heal|p1a: Heatran|35\/100|[from] item: Leftovers\n|-damage|p1a: Heatran|10\/100|[from] Salt Cure\n|upkeep\n|\n|t:|1700465393\n|switch|p2a: Weavile|Weavile, F|100\/100\n|-ability|p2a: Weavile|Pressure\n|turn|44\n|\n|t:|1700465399\n|switch|p2a: Kingambit|Kingambit, M|94\/100\n|-activate|p2a: Kingambit|ability: Supreme Overlord\n|-start|p2a: Kingambit|fallen4|[silent]\n|switch|p1a: Toxapex|Toxapex, F|100\/100\n|\n|upkeep\n|turn|45\n|\n|t:|1700465406\n|switch|p1a: Hawlucha|Hawlucha, F|43\/100 tox\n|-ability|p1a: Hawlucha|Mold Breaker\n|move|p2a: Kingambit|Swords Dance|p2a: Kingambit\n|-boost|p2a: Kingambit|atk|2\n|\n|-damage|p1a: Hawlucha|37\/100 tox|[from] psn\n|upkeep\n|turn|46\n|\n|t:|1700465409\n|move|p2a: Kingambit|Sucker Punch||[still]\n|-fail|p2a: Kingambit\n|move|p1a: Hawlucha|Encore|p2a: Kingambit\n|-start|p2a: Kingambit|Encore\n|\n|-damage|p1a: Hawlucha|25\/100 tox|[from] psn\n|upkeep\n|turn|47\n|\n|t:|1700465413\n|switch|p1a: Heatran|Heatran, F|10\/100\n|-end|p2a: Kingambit|fallen4|[silent]\n|switch|p2a: Weavile|Weavile, F|100\/100\n|-ability|p2a: Weavile|Pressure\n|\n|-heal|p1a: Heatran|16\/100|[from] item: Leftovers\n|upkeep\n|turn|48\n|\n|t:|1700465418\n|switch|p1a: Toxapex|Toxapex, F|100\/100\n|move|p2a: Weavile|Knock Off|p1a: Toxapex\n|-damage|p1a: Toxapex|63\/100\n|\n|upkeep\n|turn|49\n|\n|t:|1700465424\n|switch|p1a: Heatran|Heatran, F|16\/100\n|move|p2a: Weavile|Knock Off|p1a: Heatran\n|-damage|p1a: Heatran|0 fnt\n|-enditem|p1a: Heatran|Leftovers|[from] move: Knock Off|[of] p2a: Weavile\n|faint|p1a: Heatran\n|\n|upkeep\n|\n|t:|1700465438\n|switch|p1a: Dragapult|Dragapult, F|100\/100\n|turn|50\n|\n|t:|1700465442\n|move|p1a: Dragapult|Flamethrower|p2a: Weavile\n|-supereffective|p2a: Weavile\n|-damage|p2a: Weavile|0 fnt\n|faint|p2a: Weavile\n|\n|upkeep\n|\n|t:|1700465445\n|switch|p2a: Kingambit|Kingambit, M|94\/100\n|-activate|p2a: Kingambit|ability: Supreme Overlord\n|-start|p2a: Kingambit|fallen5|[silent]\n|turn|51\n|\n|t:|1700465450\n|move|p1a: Dragapult|Flamethrower|p2a: Kingambit\n|-supereffective|p2a: Kingambit\n|-damage|p2a: Kingambit|2\/100\n|move|p2a: Kingambit|Swords Dance|p2a: Kingambit\n|-boost|p2a: Kingambit|atk|2\n|\n|upkeep\n|turn|52\n|\n|t:|1700465455\n|move|p2a: Kingambit|Sucker Punch|p1a: Dragapult\n|-supereffective|p1a: Dragapult\n|-damage|p1a: Dragapult|0 fnt\n|faint|p1a: Dragapult\n|\n|upkeep\n|\n|t:|1700465459\n|switch|p1a: Hawlucha|Hawlucha, F|25\/100 tox\n|-ability|p1a: Hawlucha|Mold Breaker\n|turn|53\n|-message|Vigilante V8 forfeited.\n|\n|win|banjoindamanjo\n|raw|banjoindamanjo's rating: 1527 &rarr; <strong>1558<\/strong><br \/>(+31 for winning)\n|raw|Vigilante V8's rating: 1741 &rarr; <strong>1710<\/strong><br \/>(-31 for losing)\n|l|\u2606Vigilante V8\n|l|\u2606banjoindamanjo\n","uploadtime":1700465657,"views":10,"p1id":"banjoindamanjo","p2id":"vigilantev8","formatid":"gen9ou","rating":1558,"private":0,"password":""}