{"id":"gen9ou-1994349975","p1":"Mops_ausington","p2":"Zuela","format":"[Gen 9] OU","log":"|j|\u2606Mops_ausington\n|j|\u2606Zuela\n|t:|1700433936\n|gametype|singles\n|player|p1|Mops_ausington|blackbelt-gen4|\n|player|p2|Zuela|steven|\n|teamsize|p1|4\n|teamsize|p2|4\n|gen|9\n|tier|[Gen 9] OU\n|rule|Sleep Clause Mod: Limit one foe put to sleep\n|rule|Species Clause: Limit one of each Pok\u00e9mon\n|rule|OHKO Clause: OHKO moves are banned\n|rule|Evasion Items Clause: Evasion items are banned\n|rule|Evasion Moves Clause: Evasion moves are banned\n|rule|Endless Battle Clause: Forcing endless battles is banned\n|rule|HP Percentage Mod: HP is shown in percentages\n|clearpoke\n|poke|p1|Vivillon-High Plains, M|\n|poke|p1|Masquerain, F|\n|poke|p1|Dragalge, F|\n|poke|p1|Dragonite, F|\n|poke|p2|Clefable, F|\n|poke|p2|Cinderace, M|\n|poke|p2|Skeledirge, M|\n|poke|p2|Kommo-o, M|\n|teampreview\n|inactive|Battle timer is ON: inactive players will automatically lose when time's up. (requested by Mops_ausington)\n|\n|t:|1700433947\n|start\n|switch|p1a: Vivillon|Vivillon-High Plains, M|100\/100\n|switch|p2a: Clefable|Clefable, F, shiny|100\/100\n|turn|1\n|\n|t:|1700433955\n|move|p1a: Vivillon|Sleep Powder|p2a: Clefable\n|-status|p2a: Clefable|slp|[from] move: Sleep Powder\n|cant|p2a: Clefable|slp\n|\n|upkeep\n|turn|2\n|\n|t:|1700433963\n|move|p1a: Vivillon|Quiver Dance|p1a: Vivillon\n|-boost|p1a: Vivillon|spa|1\n|-boost|p1a: Vivillon|spd|1\n|-boost|p1a: Vivillon|spe|1\n|cant|p2a: Clefable|slp\n|\n|upkeep\n|turn|3\n|j| Tubaguia_Ofc\n|\n|t:|1700433985\n|switch|p2a: Skeledirge|Skeledirge, M, shiny|100\/100\n|move|p1a: Vivillon|Quiver Dance|p1a: Vivillon\n|-boost|p1a: Vivillon|spa|1\n|-boost|p1a: Vivillon|spd|1\n|-boost|p1a: Vivillon|spe|1\n|\n|upkeep\n|turn|4\n|\n|t:|1700433992\n|-terastallize|p1a: Vivillon|Ground\n|move|p1a: Vivillon|Tera Blast|p2a: Skeledirge|[anim] Tera Blast Ground\n|-supereffective|p2a: Skeledirge\n|-damage|p2a: Skeledirge|49\/100\n|move|p2a: Skeledirge|Torch Song|p1a: Vivillon\n|-damage|p1a: Vivillon|45\/100\n|-boost|p2a: Skeledirge|spa|1\n|\n|upkeep\n|turn|5\n|\n|t:|1700434009\n|switch|p2a: Kommo-o|Kommo-o, M, shiny|100\/100\n|move|p1a: Vivillon|Tera Blast|p2a: Kommo-o|[anim] Tera Blast Ground\n|-damage|p2a: Kommo-o|19\/100\n|-enditem|p2a: Kommo-o|Sitrus Berry|[eat]\n|-heal|p2a: Kommo-o|43\/100|[from] item: Sitrus Berry\n|\n|upkeep\n|turn|6\n|\n|t:|1700434022\n|move|p1a: Vivillon|Hurricane|p2a: Kommo-o\n|-supereffective|p2a: Kommo-o\n|-damage|p2a: Kommo-o|0 fnt\n|faint|p2a: Kommo-o\n|\n|upkeep\n|\n|t:|1700434029\n|switch|p2a: Cinderace|Cinderace, M, shiny|100\/100\n|turn|7\n|\n|t:|1700434033\n|move|p2a: Cinderace|Sucker Punch|p1a: Vivillon\n|-start|p2a: Cinderace|typechange|Dark|[from] ability: Libero\n|-damage|p1a: Vivillon|0 fnt\n|faint|p1a: Vivillon\n|-damage|p2a: Cinderace|91\/100|[from] item: Life Orb\n|\n|upkeep\n|\n|t:|1700434040\n|switch|p1a: Masquerain|Masquerain, F|100\/100\n|-ability|p1a: Masquerain|Intimidate|boost\n|-unboost|p2a: Cinderace|atk|1\n|turn|8\n|\n|t:|1700434045\n|move|p2a: Cinderace|Pyro Ball|p1a: Masquerain|[miss]\n|-miss|p2a: Cinderace|p1a: Masquerain\n|move|p1a: Masquerain|Tailwind|p1a: Masquerain\n|-sidestart|p1: Mops_ausington|move: Tailwind\n|\n|upkeep\n|turn|9\n|\n|t:|1700434058\n|move|p1a: Masquerain|Air Slash|p2a: Cinderace\n|-damage|p2a: Cinderace|43\/100\n|move|p2a: Cinderace|U-turn|p1a: Masquerain\n|-resisted|p1a: Masquerain\n|-damage|p1a: Masquerain|85\/100\n|-damage|p2a: Cinderace|33\/100|[from] item: Life Orb\n|\n|t:|1700434066\n|switch|p2a: Clefable|Clefable, F, shiny|100\/100 slp|[from] U-turn\n|\n|upkeep\n|turn|10\n|\n|t:|1700434071\n|switch|p1a: Dragalge|Dragalge, F|100\/100\n|cant|p2a: Clefable|slp\n|\n|upkeep\n|turn|11\n|\n|t:|1700434077\n|move|p1a: Dragalge|Sludge Bomb|p2a: Clefable\n|-supereffective|p2a: Clefable\n|-damage|p2a: Clefable|3\/100 slp\n|-curestatus|p2a: Clefable|slp|[msg]\n|move|p2a: Clefable|Cosmic Power|p2a: Clefable\n|-boost|p2a: Clefable|def|1\n|-boost|p2a: Clefable|spd|1\n|\n|-heal|p2a: Clefable|9\/100|[from] item: Leftovers\n|-sideend|p1: Mops_ausington|move: Tailwind\n|upkeep\n|turn|12\n|\n|t:|1700434101\n|switch|p2a: Skeledirge|Skeledirge, M, shiny|49\/100\n|move|p1a: Dragalge|Sludge Bomb|p2a: Skeledirge\n|-resisted|p2a: Skeledirge\n|-damage|p2a: Skeledirge|30\/100\n|\n|upkeep\n|turn|13\n|\n|t:|1700434109\n|move|p2a: Skeledirge|Slack Off|p2a: Skeledirge\n|-heal|p2a: Skeledirge|80\/100\n|move|p1a: Dragalge|Toxic|p2a: Skeledirge\n|-status|p2a: Skeledirge|tox\n|\n|-damage|p2a: Skeledirge|74\/100 tox|[from] psn\n|upkeep\n|turn|14\n|\n|t:|1700434117\n|move|p2a: Skeledirge|Will-O-Wisp|p1a: Dragalge\n|-status|p1a: Dragalge|brn\n|move|p1a: Dragalge|Flip Turn|p2a: Skeledirge\n|-supereffective|p2a: Skeledirge\n|-damage|p2a: Skeledirge|65\/100 tox\n|\n|t:|1700434122\n|switch|p1a: Masquerain|Masquerain, F|85\/100|[from] Flip Turn\n|-ability|p1a: Masquerain|Intimidate|boost\n|-unboost|p2a: Skeledirge|atk|1\n|\n|-damage|p2a: Skeledirge|53\/100 tox|[from] psn\n|upkeep\n|turn|15\n|\n|t:|1700434133\n|move|p1a: Masquerain|Tailwind|p1a: Masquerain\n|-sidestart|p1: Mops_ausington|move: Tailwind\n|move|p2a: Skeledirge|Torch Song|p1a: Masquerain\n|-supereffective|p1a: Masquerain\n|-crit|p1a: Masquerain\n|-damage|p1a: Masquerain|0 fnt\n|-boost|p2a: Skeledirge|spa|1\n|faint|p1a: Masquerain\n|\n|-damage|p2a: Skeledirge|35\/100 tox|[from] psn\n|upkeep\n|\n|t:|1700434139\n|switch|p1a: Dragonite|Dragonite, F|100\/100\n|turn|16\n|\n|t:|1700434153\n|switch|p2a: Clefable|Clefable, F, shiny|9\/100\n|move|p1a: Dragonite|Surf|p2a: Clefable\n|-damage|p2a: Clefable|0 fnt\n|faint|p2a: Clefable\n|\n|upkeep\n|\n|t:|1700434160\n|switch|p2a: Cinderace|Cinderace, M, shiny|33\/100\n|turn|17\n|\n|t:|1700434167\n|move|p2a: Cinderace|Sucker Punch|p1a: Dragonite\n|-start|p2a: Cinderace|typechange|Dark|[from] ability: Libero\n|-damage|p1a: Dragonite|80\/100\n|-damage|p2a: Cinderace|23\/100|[from] item: Life Orb\n|move|p1a: Dragonite|Surf|p2a: Cinderace\n|-damage|p2a: Cinderace|0 fnt\n|faint|p2a: Cinderace\n|\n|upkeep\n|\n|t:|1700434177\n|switch|p2a: Skeledirge|Skeledirge, M, shiny|35\/100 tox\n|turn|18\n|\n|t:|1700434189\n|-terastallize|p2a: Skeledirge|Fairy\n|move|p1a: Dragonite|Surf|p2a: Skeledirge\n|-damage|p2a: Skeledirge|15\/100 tox\n|move|p2a: Skeledirge|Will-O-Wisp|p1a: Dragonite\n|-status|p1a: Dragonite|brn\n|\n|-damage|p2a: Skeledirge|9\/100 tox|[from] psn\n|-damage|p1a: Dragonite|73\/100 brn|[from] brn\n|-sideend|p1: Mops_ausington|move: Tailwind\n|upkeep\n|turn|19\n|\n|t:|1700434201\n|move|p1a: Dragonite|Iron Head|p2a: Skeledirge\n|-supereffective|p2a: Skeledirge\n|-crit|p2a: Skeledirge\n|-damage|p2a: Skeledirge|0 fnt\n|faint|p2a: Skeledirge\n|\n|win|Mops_ausington\n","uploadtime":1700434207,"views":15,"p1id":"mopsausington","p2id":"zuela","formatid":"gen9ou","rating":0,"private":0,"password":""}