{"id":"gen9ou-1995355507","p1":"AaronXu","p2":"Techvast","format":"[Gen 9] OU","log":"|j|\u2606AaronXu\n|j|\u2606Techvast\n|t:|1700558983\n|gametype|singles\n|player|p1|AaronXu|hilbert|1176\n|player|p2|Techvast|170|1177\n|teamsize|p1|6\n|teamsize|p2|6\n|gen|9\n|tier|[Gen 9] OU\n|rated|\n|rule|Sleep Clause Mod: Limit one foe put to sleep\n|rule|Species Clause: Limit one of each Pok\u00e9mon\n|rule|OHKO Clause: OHKO moves are banned\n|rule|Evasion Items Clause: Evasion items are banned\n|rule|Evasion Moves Clause: Evasion moves are banned\n|rule|Endless Battle Clause: Forcing endless battles is banned\n|rule|HP Percentage Mod: HP is shown in percentages\n|clearpoke\n|poke|p1|Iron Treads|\n|poke|p1|Greninja-*, M|\n|poke|p1|Thundurus, M|\n|poke|p1|Pelipper, M|\n|poke|p1|Munkidori, M|\n|poke|p1|Heracross, M|\n|poke|p2|Maushold|\n|poke|p2|Samurott-Hisui, M|\n|poke|p2|Kingambit, M|\n|poke|p2|Garganacl, M|\n|poke|p2|Amoonguss, M|\n|poke|p2|Weavile, F|\n|teampreview\n|inactive|Battle timer is ON: inactive players will automatically lose when time's up. (requested by AaronXu)\n|\n|t:|1700558993\n|start\n|switch|p1a: Thundurus|Thundurus, M|100\/100\n|switch|p2a: Maushold|Maushold|100\/100\n|turn|1\n|\n|t:|1700559008\n|move|p1a: Thundurus|Thunder Wave|p2a: Maushold\n|-status|p2a: Maushold|par\n|move|p2a: Maushold|Population Bomb|p1a: Thundurus\n|-damage|p1a: Thundurus|88\/100\n|-damage|p1a: Thundurus|76\/100\n|-damage|p1a: Thundurus|65\/100\n|-damage|p1a: Thundurus|54\/100\n|-damage|p1a: Thundurus|43\/100\n|-damage|p1a: Thundurus|32\/100\n|-crit|p1a: Thundurus\n|-damage|p1a: Thundurus|14\/100\n|-damage|p1a: Thundurus|3\/100\n|-damage|p1a: Thundurus|0 fnt\n|faint|p1a: Thundurus\n|-hitcount|p1: Thundurus|9\n|\n|upkeep\n|\n|t:|1700559037\n|switch|p1a: Munkidori|Munkidori, M|100\/100\n|turn|2\n|\n|t:|1700559062\n|-terastallize|p2a: Maushold|Ghost\n|move|p1a: Munkidori|Fake Out|p2a: Maushold\n|-immune|p2a: Maushold\n|move|p2a: Maushold|Population Bomb|p1a: Munkidori\n|-damage|p1a: Munkidori|84\/100\n|-damage|p1a: Munkidori|67\/100\n|-damage|p1a: Munkidori|50\/100\n|-crit|p1a: Munkidori\n|-damage|p1a: Munkidori|26\/100\n|-damage|p1a: Munkidori|11\/100\n|-damage|p1a: Munkidori|0 fnt\n|faint|p1a: Munkidori\n|-hitcount|p1: Munkidori|6\n|\n|upkeep\n|\n|t:|1700559081\n|switch|p1a: Pelipper|Pelipper, M|100\/100\n|-weather|RainDance|[from] ability: Drizzle|[of] p1a: Pelipper\n|turn|3\n|\n|t:|1700559087\n|move|p1a: Pelipper|Knock Off|p2a: Maushold\n|-supereffective|p2a: Maushold\n|-damage|p2a: Maushold|62\/100 par\n|-enditem|p2a: Maushold|Wide Lens|[from] move: Knock Off|[of] p1a: Pelipper\n|move|p2a: Maushold|Population Bomb|p1a: Pelipper\n|-damage|p1a: Pelipper|85\/100\n|-hitcount|p1a: Pelipper|1\n|\n|-weather|RainDance|[upkeep]\n|upkeep\n|turn|4\n|\n|t:|1700559103\n|move|p1a: Pelipper|U-turn|p2a: Maushold\n|-resisted|p2a: Maushold\n|-damage|p2a: Maushold|56\/100 par\n|inactive|AaronXu has 120 seconds left.\n|\n|t:|1700559119\n|switch|p1a: Iron Treads|Iron Treads|100\/100|[from] U-turn\n|-enditem|p1a: Iron Treads|Booster Energy\n|-activate|p1a: Iron Treads|ability: Quark Drive|[fromitem]\n|-start|p1a: Iron Treads|quarkdrivespe\n|move|p2a: Maushold|Population Bomb|p1a: Iron Treads\n|-resisted|p1a: Iron Treads\n|-damage|p1a: Iron Treads|96\/100\n|-resisted|p1a: Iron Treads\n|-damage|p1a: Iron Treads|91\/100\n|-hitcount|p1a: Iron Treads|2\n|\n|-weather|RainDance|[upkeep]\n|upkeep\n|turn|5\n|inactive|AaronXu has 120 seconds left.\n|\n|t:|1700559144\n|move|p1a: Iron Treads|Knock Off|p2a: Maushold\n|-supereffective|p2a: Maushold\n|-damage|p2a: Maushold|0 fnt\n|faint|p2a: Maushold\n|\n|-weather|RainDance|[upkeep]\n|upkeep\n|\n|t:|1700559153\n|switch|p2a: Kingambit|Kingambit, M|100\/100\n|-activate|p2a: Kingambit|ability: Supreme Overlord\n|-start|p2a: Kingambit|fallen1|[silent]\n|turn|6\n|\n|t:|1700559159\n|move|p1a: Iron Treads|Knock Off|p2a: Kingambit\n|-resisted|p2a: Kingambit\n|-damage|p2a: Kingambit|89\/100\n|-enditem|p2a: Kingambit|Leftovers|[from] move: Knock Off|[of] p1a: Iron Treads\n|move|p2a: Kingambit|Low Kick|p1a: Iron Treads\n|-supereffective|p1a: Iron Treads\n|-damage|p1a: Iron Treads|0 fnt\n|faint|p1a: Iron Treads\n|-end|p1a: Iron Treads|Quark Drive|[silent]\n|\n|-weather|RainDance|[upkeep]\n|upkeep\n|inactive|AaronXu has 120 seconds left.\n|\n|t:|1700559175\n|switch|p1a: Heracross|Heracross, M|100\/100\n|turn|7\n|inactive|Techvast has 120 seconds left.\n|\n|t:|1700559210\n|-end|p2a: Kingambit|fallen1|[silent]\n|switch|p2a: Weavile|Weavile, F|100\/100\n|-ability|p2a: Weavile|Pressure\n|move|p1a: Heracross|Trailblaze|p2a: Weavile\n|-damage|p2a: Weavile|67\/100\n|-boost|p1a: Heracross|spe|1\n|\n|-weather|RainDance|[upkeep]\n|upkeep\n|turn|8\n|inactive|Techvast has 120 seconds left.\n|inactive|AaronXu has 120 seconds left.\n|\n|t:|1700559226\n|move|p1a: Heracross|Rock Blast|p2a: Weavile\n|-supereffective|p2a: Weavile\n|-damage|p2a: Weavile|36\/100\n|-supereffective|p2a: Weavile\n|-damage|p2a: Weavile|2\/100\n|-supereffective|p2a: Weavile\n|-damage|p2a: Weavile|0 fnt\n|faint|p2a: Weavile\n|-ability|p1a: Heracross|Moxie|boost\n|-boost|p1a: Heracross|atk|1\n|-hitcount|p2: Weavile|3\n|\n|-weather|RainDance|[upkeep]\n|upkeep\n|\n|t:|1700559232\n|switch|p2a: Amoonguss|Amoonguss, M, shiny|100\/100\n|turn|9\n|inactive|Techvast has 120 seconds left.\n|\n|t:|1700559241\n|move|p1a: Heracross|Pin Missile|p2a: Amoonguss\n|-damage|p2a: Amoonguss|85\/100\n|-damage|p2a: Amoonguss|71\/100\n|-damage|p2a: Amoonguss|56\/100\n|-damage|p2a: Amoonguss|39\/100\n|-hitcount|p2a: Amoonguss|4\n|-enditem|p2a: Amoonguss|Red Card|[of] p1a: Heracross\n|drag|p1a: Pelipper|Pelipper, M|85\/100\n|move|p2a: Amoonguss|Spore|p1a: Pelipper\n|-status|p1a: Pelipper|slp|[from] move: Spore\n|\n|-weather|RainDance|[upkeep]\n|upkeep\n|turn|10\n|\n|t:|1700559253\n|switch|p2a: Kingambit|Kingambit, M|89\/100\n|-activate|p2a: Kingambit|ability: Supreme Overlord\n|-start|p2a: Kingambit|fallen2|[silent]\n|cant|p1a: Pelipper|slp\n|\n|-weather|none\n|upkeep\n|turn|11\n|\n|t:|1700559262\n|switch|p1a: Heracross|Heracross, M|100\/100\n|move|p2a: Kingambit|Swords Dance|p2a: Kingambit\n|-boost|p2a: Kingambit|atk|2\n|\n|upkeep\n|turn|12\n|inactive|Techvast has 120 seconds left.\n|\n|t:|1700559305\n|switch|p1a: Pelipper|Pelipper, M|85\/100 slp\n|-weather|RainDance|[from] ability: Drizzle|[of] p1a: Pelipper\n|move|p2a: Kingambit|Kowtow Cleave|p1a: Pelipper\n|-damage|p1a: Pelipper|0 fnt\n|faint|p1a: Pelipper\n|\n|-weather|RainDance|[upkeep]\n|upkeep\n|\n|t:|1700559314\n|switch|p1a: Greninja|Greninja, M|100\/100\n|turn|13\n|\n|t:|1700559335\n|move|p1a: Greninja|Water Shuriken|p2a: Kingambit\n|-damage|p2a: Kingambit|74\/100\n|-damage|p2a: Kingambit|62\/100\n|-damage|p2a: Kingambit|50\/100\n|-damage|p2a: Kingambit|36\/100\n|-hitcount|p2a: Kingambit|4\n|move|p2a: Kingambit|Low Kick|p1a: Greninja\n|-supereffective|p1a: Greninja\n|-damage|p1a: Greninja|0 fnt\n|faint|p1a: Greninja\n|\n|-weather|RainDance|[upkeep]\n|upkeep\n|\n|t:|1700559345\n|switch|p1a: Heracross|Heracross, M|100\/100\n|turn|14\n|\n|t:|1700559352\n|-end|p2a: Kingambit|fallen2|[silent]\n|switch|p2a: Amoonguss|Amoonguss, M, shiny|73\/100\n|move|p1a: Heracross|Trailblaze|p2a: Amoonguss\n|-resisted|p2a: Amoonguss\n|-damage|p2a: Amoonguss|69\/100\n|-boost|p1a: Heracross|spe|1\n|\n|-weather|RainDance|[upkeep]\n|upkeep\n|turn|15\n|inactive|AaronXu has 120 seconds left.\n|inactive|AaronXu has 90 seconds left.\n|\n|t:|1700559424\n|move|p1a: Heracross|Pin Missile|p2a: Amoonguss\n|-damage|p2a: Amoonguss|60\/100\n|-damage|p2a: Amoonguss|51\/100\n|-damage|p2a: Amoonguss|41\/100\n|-damage|p2a: Amoonguss|30\/100\n|-hitcount|p2a: Amoonguss|4\n|move|p2a: Amoonguss|Spore|p1a: Heracross\n|-status|p1a: Heracross|slp|[from] move: Spore\n|\n|-weather|RainDance|[upkeep]\n|upkeep\n|turn|16\n|inactive|Techvast has 120 seconds left.\n|\n|t:|1700559444\n|switch|p2a: Garganacl|Garganacl, M|100\/100\n|cant|p1a: Heracross|slp\n|\n|-weather|RainDance|[upkeep]\n|upkeep\n|turn|17\n|\n|t:|1700559455\n|cant|p1a: Heracross|slp\n|move|p2a: Garganacl|Iron Defense|p2a: Garganacl\n|-boost|p2a: Garganacl|def|2\n|\n|-weather|RainDance|[upkeep]\n|upkeep\n|turn|18\n|\n|t:|1700559462\n|cant|p1a: Heracross|slp\n|move|p2a: Garganacl|Iron Defense|p2a: Garganacl\n|-boost|p2a: Garganacl|def|2\n|\n|-weather|RainDance|[upkeep]\n|upkeep\n|turn|19\n|\n|t:|1700559468\n|-curestatus|p1a: Heracross|slp|[msg]\n|move|p1a: Heracross|Bullet Seed|p2a: Garganacl\n|-supereffective|p2a: Garganacl\n|-damage|p2a: Garganacl|96\/100\n|-supereffective|p2a: Garganacl\n|-damage|p2a: Garganacl|91\/100\n|-supereffective|p2a: Garganacl\n|-damage|p2a: Garganacl|86\/100\n|-supereffective|p2a: Garganacl\n|-damage|p2a: Garganacl|81\/100\n|-supereffective|p2a: Garganacl\n|-damage|p2a: Garganacl|76\/100\n|-hitcount|p2a: Garganacl|5\n|move|p2a: Garganacl|Iron Defense|p2a: Garganacl\n|-boost|p2a: Garganacl|def|2\n|\n|-weather|none\n|-heal|p2a: Garganacl|82\/100|[from] item: Leftovers\n|upkeep\n|turn|20\n|inactive|AaronXu has 90 seconds left.\n|\n|t:|1700559484\n|move|p1a: Heracross|Trailblaze|p2a: Garganacl\n|-supereffective|p2a: Garganacl\n|-damage|p2a: Garganacl|76\/100\n|-boost|p1a: Heracross|spe|1\n|move|p2a: Garganacl|Body Press|p1a: Heracross\n|-resisted|p1a: Heracross\n|-damage|p1a: Heracross|38\/100\n|\n|-heal|p2a: Garganacl|82\/100|[from] item: Leftovers\n|upkeep\n|turn|21\n|-message|AaronXu forfeited.\n|\n|win|Techvast\n|raw|AaronXu's rating: 1176 &rarr; <strong>1151<\/strong><br \/>(-25 for losing)\n|raw|Techvast's rating: 1177 &rarr; <strong>1202<\/strong><br \/>(+25 for winning)\n|l|\u2606AaronXu\n|l|\u2606Techvast\n|j|\u2606Techvast\n|player|p2|Techvast|170\n","uploadtime":1700559742,"views":12,"p1id":"aaronxu","p2id":"techvast","formatid":"gen9ou","rating":1151,"private":0,"password":""}