{"id":"gen9ou-1997237536","p1":"1017 Gucci","p2":"rtytrytr","format":"[Gen 9] OU","log":"|j|\u26061017 Gucci\n|j|\u2606rtytrytr\n|t:|1700778947\n|gametype|singles\n|player|p1|1017 Gucci|burglar|1094\n|player|p2|rtytrytr|101|1134\n|teamsize|p1|6\n|teamsize|p2|6\n|gen|9\n|tier|[Gen 9] OU\n|rated|\n|rule|Sleep Clause Mod: Limit one foe put to sleep\n|rule|Species Clause: Limit one of each Pok\u00e9mon\n|rule|OHKO Clause: OHKO moves are banned\n|rule|Evasion Items Clause: Evasion items are banned\n|rule|Evasion Moves Clause: Evasion moves are banned\n|rule|Endless Battle Clause: Forcing endless battles is banned\n|rule|HP Percentage Mod: HP is shown in percentages\n|clearpoke\n|poke|p1|Umbreon, F|\n|poke|p1|Decidueye, F|\n|poke|p1|Ambipom, M|\n|poke|p1|Infernape, F|\n|poke|p1|Kommo-o, M|\n|poke|p1|Empoleon, F|\n|poke|p2|Ribombee, F|\n|poke|p2|Gholdengo|\n|poke|p2|Samurott-Hisui, M|\n|poke|p2|Thundurus-Therian, M|\n|poke|p2|Arcanine-Hisui, M|\n|poke|p2|Ceruledge, M|\n|teampreview\n|\n|t:|1700778955\n|start\n|switch|p1a: Umbreon|Umbreon, F, shiny|100\/100\n|switch|p2a: Ribombee|Ribombee, F|100\/100\n|turn|1\n|\n|t:|1700778964\n|move|p2a: Ribombee|Sticky Web|p1a: Umbreon\n|-sidestart|p1: 1017 Gucci|move: Sticky Web\n|move|p1a: Umbreon|Light Screen|p1a: Umbreon\n|-sidestart|p1: 1017 Gucci|move: Light Screen\n|\n|upkeep\n|turn|2\n|\n|t:|1700778979\n|move|p2a: Ribombee|Moonblast|p1a: Umbreon\n|-supereffective|p1a: Umbreon\n|-damage|p1a: Umbreon|71\/100\n|move|p1a: Umbreon|Reflect|p1a: Umbreon\n|-sidestart|p1: 1017 Gucci|Reflect\n|\n|upkeep\n|turn|3\n|\n|t:|1700778995\n|switch|p1a: Decidueye|Decidueye, F, shiny|100\/100\n|-activate|p1a: Decidueye|move: Sticky Web\n|-unboost|p1a: Decidueye|spe|1\n|move|p2a: Ribombee|Moonblast|p1a: Decidueye\n|-damage|p1a: Decidueye|84\/100\n|\n|upkeep\n|turn|4\n|\n|t:|1700779016\n|move|p2a: Ribombee|Moonblast|p1a: Decidueye\n|-crit|p1a: Decidueye\n|-damage|p1a: Decidueye|33\/100\n|move|p1a: Decidueye|Defog|p2a: Ribombee\n|-unboost|p2a: Ribombee|evasion|1\n|-sideend|p1: 1017 Gucci|Sticky Web|[from] move: Defog|[of] p1a: Decidueye\n|\n|upkeep\n|turn|5\n|\n|t:|1700779038\n|move|p2a: Ribombee|Sticky Web|p1a: Decidueye\n|-sidestart|p1: 1017 Gucci|move: Sticky Web\n|move|p1a: Decidueye|Brave Bird|p2a: Ribombee\n|-supereffective|p2a: Ribombee\n|-enditem|p2a: Ribombee|Focus Sash\n|-damage|p2a: Ribombee|1\/100\n|-damage|p1a: Decidueye|8\/100|[from] Recoil\n|-damage|p1a: Decidueye|0 fnt|[from] item: Life Orb\n|faint|p1a: Decidueye\n|\n|upkeep\n|\n|t:|1700779060\n|switch|p1a: Empoleon|Empoleon, F, shiny|100\/100\n|-activate|p1a: Empoleon|move: Sticky Web\n|-unboost|p1a: Empoleon|spe|1\n|-ability|p1a: Empoleon|Competitive|boost\n|-boost|p1a: Empoleon|spa|2\n|turn|6\n|\n|t:|1700779072\n|move|p2a: Ribombee|Moonblast|p1a: Empoleon\n|-resisted|p1a: Empoleon\n|-damage|p1a: Empoleon|93\/100\n|-unboost|p1a: Empoleon|spa|1\n|-ability|p1a: Empoleon|Competitive|boost\n|-boost|p1a: Empoleon|spa|2\n|move|p1a: Empoleon|Swords Dance|p1a: Empoleon\n|-boost|p1a: Empoleon|atk|2\n|\n|upkeep\n|turn|7\n|\n|t:|1700779115\n|switch|p2a: Samurott|Samurott-Hisui, M|100\/100\n|move|p1a: Empoleon|Aqua Jet|p2a: Samurott\n|-resisted|p2a: Samurott\n|-damage|p2a: Samurott|75\/100\n|-damage|p1a: Empoleon|83\/100|[from] item: Life Orb\n|\n|upkeep\n|turn|8\n|\n|t:|1700779133\n|switch|p2a: Ribombee|Ribombee, F|1\/100\n|move|p1a: Empoleon|Aqua Jet|p2a: Ribombee\n|-damage|p2a: Ribombee|0 fnt\n|faint|p2a: Ribombee\n|-damage|p1a: Empoleon|73\/100|[from] item: Life Orb\n|\n|-sideend|p1: 1017 Gucci|move: Light Screen\n|upkeep\n|\n|t:|1700779136\n|switch|p2a: Thundurus|Thundurus-Therian, M|100\/100\n|turn|9\n|\n|t:|1700779180\n|move|p1a: Empoleon|Aqua Jet|p2a: Thundurus\n|-damage|p2a: Thundurus|44\/100\n|-damage|p1a: Empoleon|63\/100|[from] item: Life Orb\n|move|p2a: Thundurus|Volt Switch|p1a: Empoleon\n|-supereffective|p1a: Empoleon\n|-damage|p1a: Empoleon|0 fnt\n|faint|p1a: Empoleon\n|\n|t:|1700779199\n|switch|p2a: Ceruledge|Ceruledge, M|100\/100|[from] Volt Switch\n|\n|-sideend|p1: 1017 Gucci|Reflect\n|upkeep\n|\n|t:|1700779224\n|switch|p1a: Umbreon|Umbreon, F, shiny|71\/100\n|-activate|p1a: Umbreon|move: Sticky Web\n|-unboost|p1a: Umbreon|spe|1\n|turn|10\n|\n|t:|1700779252\n|move|p2a: Ceruledge|Close Combat|p1a: Umbreon\n|-supereffective|p1a: Umbreon\n|-damage|p1a: Umbreon|19\/100\n|-unboost|p2a: Ceruledge|def|1\n|-unboost|p2a: Ceruledge|spd|1\n|move|p1a: Umbreon|Reflect|p1a: Umbreon\n|-sidestart|p1: 1017 Gucci|Reflect\n|\n|upkeep\n|turn|11\n|\n|t:|1700779282\n|move|p2a: Ceruledge|Close Combat|p1a: Umbreon\n|-supereffective|p1a: Umbreon\n|-damage|p1a: Umbreon|0 fnt\n|-unboost|p2a: Ceruledge|def|1\n|-unboost|p2a: Ceruledge|spd|1\n|faint|p1a: Umbreon\n|\n|upkeep\n|\n|t:|1700779356\n|switch|p1a: Kommo-o|Kommo-o, M|100\/100\n|-activate|p1a: Kommo-o|move: Sticky Web\n|-unboost|p1a: Kommo-o|spe|1\n|turn|12\n|\n|t:|1700779380\n|move|p2a: Ceruledge|Swords Dance|p2a: Ceruledge\n|-boost|p2a: Ceruledge|atk|2\n|move|p1a: Kommo-o|Clangorous Soul|p1a: Kommo-o\n|-boost|p1a: Kommo-o|atk|1\n|-boost|p1a: Kommo-o|def|1\n|-boost|p1a: Kommo-o|spa|1\n|-boost|p1a: Kommo-o|spd|1\n|-boost|p1a: Kommo-o|spe|1\n|-damage|p1a: Kommo-o|68\/100\n|\n|upkeep\n|turn|13\n|\n|t:|1700779412\n|move|p2a: Ceruledge|Swords Dance|p2a: Ceruledge\n|-boost|p2a: Ceruledge|atk|2\n|move|p1a: Kommo-o|Clanging Scales|p2a: Ceruledge\n|-enditem|p2a: Ceruledge|Focus Sash\n|-damage|p2a: Ceruledge|1\/100\n|-unboost|p1a: Kommo-o|def|1\n|\n|upkeep\n|turn|14\n|\n|t:|1700779427\n|move|p2a: Ceruledge|Poltergeist|p1a: Kommo-o\n|-activate|p1a: Kommo-o|move: Poltergeist|Sitrus Berry\n|-damage|p1a: Kommo-o|0 fnt\n|faint|p1a: Kommo-o\n|\n|upkeep\n|-message|1017 Gucci forfeited.\n|\n|win|rtytrytr\n|raw|1017 Gucci's rating: 1094 &rarr; <strong>1073<\/strong><br \/>(-21 for losing)\n|raw|rtytrytr's rating: 1134 &rarr; <strong>1156<\/strong><br \/>(+22 for winning)\n|l|\u26061017 Gucci\n","uploadtime":1700779438,"views":5,"p1id":"1017gucci","p2id":"rtytrytr","formatid":"gen9ou","rating":1073,"private":0,"password":""}