{"id":"gen9ou-1994638980","p1":"TJ799","p2":"Big-Wx","format":"[Gen 9] OU","log":"|j|\u2606TJ799\n|j|\u2606Big-Wx\n|inactive|Battle timer is ON: inactive players will automatically lose when time's up.\n|t:|1700473703\n|gametype|singles\n|player|p1|TJ799|170|\n|player|p2|Big-Wx|101|\n|teamsize|p1|6\n|teamsize|p2|6\n|gen|9\n|tier|[Gen 9] OU\n|rated|Tournament battle\n|rule|Sleep Clause Mod: Limit one foe put to sleep\n|rule|Species Clause: Limit one of each Pok\u00e9mon\n|rule|OHKO Clause: OHKO moves are banned\n|rule|Evasion Items Clause: Evasion items are banned\n|rule|Evasion Moves Clause: Evasion moves are banned\n|rule|Endless Battle Clause: Forcing endless battles is banned\n|rule|HP Percentage Mod: HP is shown in percentages\n|clearpoke\n|poke|p1|Flareon, M|\n|poke|p1|Cacturne, M|\n|poke|p1|Kleavor, F|\n|poke|p1|Iron Treads|\n|poke|p1|Haxorus, M|\n|poke|p1|Toedscruel, F|\n|poke|p2|Flareon, M|\n|poke|p2|Cacturne, F|\n|poke|p2|Kleavor, M|\n|poke|p2|Toedscruel, M|\n|poke|p2|Haxorus, F|\n|poke|p2|Iron Treads|\n|teampreview\n|j|*Lady Monita \u2746\n|\n|t:|1700473710\n|start\n|switch|p1a: Kleavor|Kleavor, F|100\/100\n|switch|p2a: Kleavor|Kleavor, M|100\/100\n|turn|1\n|\n|t:|1700473715\n|move|p2a: Kleavor|Stone Axe|p1a: Kleavor\n|-supereffective|p1a: Kleavor\n|-damage|p1a: Kleavor|0 fnt\n|-sidestart|p1: TJ799|move: Stealth Rock\n|faint|p1a: Kleavor\n|\n|upkeep\n|\n|t:|1700473731\n|switch|p1a: Toedscruel|Toedscruel, F|100\/100\n|-damage|p1a: Toedscruel|94\/100|[from] Stealth Rock\n|turn|2\n|\n|t:|1700473736\n|switch|p2a: Cacturne|Cacturne, F|100\/100\n|move|p1a: Toedscruel|Leech Seed|p2a: Cacturne\n|-immune|p2a: Cacturne\n|\n|-heal|p1a: Toedscruel|100\/100|[from] item: Leftovers\n|upkeep\n|turn|3\n|\n|t:|1700473748\n|switch|p1a: Cacturne|Cacturne, M|100\/100\n|-damage|p1a: Cacturne|88\/100|[from] Stealth Rock\n|move|p2a: Cacturne|Pin Missile|p1a: Cacturne\n|-supereffective|p1a: Cacturne\n|-damage|p1a: Cacturne|31\/100\n|-supereffective|p1a: Cacturne\n|-damage|p1a: Cacturne|0 fnt\n|faint|p1a: Cacturne\n|-hitcount|p1: Cacturne|2\n|\n|upkeep\n|\n|t:|1700473755\n|switch|p1a: Flareon|Flareon, M|100\/100\n|-damage|p1a: Flareon|76\/100|[from] Stealth Rock\n|turn|4\n|\n|t:|1700473780\n|move|p2a: Cacturne|Sucker Punch|p1a: Flareon\n|-damage|p1a: Flareon|5\/100\n|move|p1a: Flareon|Flare Blitz|p2a: Cacturne\n|-supereffective|p2a: Cacturne\n|-damage|p2a: Cacturne|0 fnt\n|faint|p2a: Cacturne\n|-damage|p1a: Flareon|0 fnt|[from] Recoil\n|faint|p1a: Flareon\n|\n|upkeep\n|c|\u2606TJ799|ive built this team horrificly\n|\n|t:|1700473808\n|switch|p1a: Toedscruel|Toedscruel, F|100\/100\n|switch|p2a: Flareon|Flareon, M|100\/100\n|-damage|p1a: Toedscruel|94\/100|[from] Stealth Rock\n|turn|5\n|\n|t:|1700473814\n|move|p2a: Flareon|Trailblaze|p1a: Toedscruel\n|-damage|p1a: Toedscruel|69\/100\n|-boost|p2a: Flareon|spe|1\n|move|p1a: Toedscruel|Leech Seed|p2a: Flareon\n|-start|p2a: Flareon|move: Leech Seed\n|\n|-heal|p1a: Toedscruel|75\/100|[from] item: Leftovers\n|-damage|p2a: Flareon|88\/100|[from] Leech Seed|[of] p1a: Toedscruel\n|-heal|p1a: Toedscruel|85\/100|[silent]\n|-status|p2a: Flareon|tox|[from] item: Toxic Orb\n|upkeep\n|turn|6\n|inactive|TJ799 has 120 seconds left.\n|\n|t:|1700473837\n|move|p2a: Flareon|Flare Blitz|p1a: Toedscruel\n|-supereffective|p1a: Toedscruel\n|-damage|p1a: Toedscruel|0 fnt\n|faint|p1a: Toedscruel\n|-damage|p2a: Flareon|51\/100 tox|[from] Recoil\n|\n|-damage|p2a: Flareon|45\/100 tox|[from] psn\n|upkeep\n|inactive|TJ799 has 120 seconds left.\n|\n|t:|1700473844\n|switch|p1a: Haxorus|Haxorus, M|100\/100\n|-damage|p1a: Haxorus|88\/100|[from] Stealth Rock\n|-ability|p1a: Haxorus|Mold Breaker\n|turn|7\n|\n|t:|1700473851\n|move|p1a: Haxorus|Earthquake|p2a: Flareon\n|-supereffective|p2a: Flareon\n|-damage|p2a: Flareon|0 fnt\n|faint|p2a: Flareon\n|\n|upkeep\n|\n|t:|1700473857\n|switch|p2a: Haxorus|Haxorus, F|100\/100\n|turn|8\n|\n|t:|1700473863\n|switch|p1a: Iron Treads|Iron Treads|100\/100\n|-damage|p1a: Iron Treads|97\/100|[from] Stealth Rock\n|move|p2a: Haxorus|First Impression|p1a: Iron Treads\n|-resisted|p1a: Iron Treads\n|-damage|p1a: Iron Treads|79\/100\n|\n|-heal|p1a: Iron Treads|85\/100|[from] item: Leftovers\n|upkeep\n|turn|9\n|\n|t:|1700473877\n|move|p1a: Iron Treads|Ice Spinner|p2a: Haxorus\n|-supereffective|p2a: Haxorus\n|-damage|p2a: Haxorus|50\/100\n|move|p2a: Haxorus|Earthquake|p1a: Iron Treads\n|-supereffective|p1a: Iron Treads\n|-damage|p1a: Iron Treads|15\/100\n|\n|-heal|p1a: Iron Treads|21\/100|[from] item: Leftovers\n|upkeep\n|turn|10\n|\n|t:|1700473886\n|switch|p2a: Toedscruel|Toedscruel, M|100\/100\n|move|p1a: Iron Treads|Ice Spinner|p2a: Toedscruel\n|-supereffective|p2a: Toedscruel\n|-crit|p2a: Toedscruel\n|-damage|p2a: Toedscruel|0 fnt\n|faint|p2a: Toedscruel\n|\n|-heal|p1a: Iron Treads|27\/100|[from] item: Leftovers\n|upkeep\n|\n|t:|1700473889\n|switch|p2a: Kleavor|Kleavor, M|100\/100\n|turn|11\n|\n|t:|1700473910\n|-end|p1a: Iron Treads|Quark Drive|[silent]\n|switch|p1a: Haxorus|Haxorus, M|88\/100\n|-damage|p1a: Haxorus|76\/100|[from] Stealth Rock\n|-ability|p1a: Haxorus|Mold Breaker\n|move|p2a: Kleavor|Close Combat|p1a: Haxorus\n|-crit|p1a: Haxorus\n|-damage|p1a: Haxorus|0 fnt\n|-unboost|p2a: Kleavor|def|1\n|-unboost|p2a: Kleavor|spd|1\n|faint|p1a: Haxorus\n|\n|upkeep\n|\n|t:|1700473914\n|switch|p1a: Iron Treads|Iron Treads|27\/100\n|-damage|p1a: Iron Treads|24\/100|[from] Stealth Rock\n|turn|12\n|c|\u2606TJ799|gg\n|c|\u2606TJ799|wp\n|\n|t:|1700473917\n|move|p2a: Kleavor|Close Combat|p1a: Iron Treads\n|-supereffective|p1a: Iron Treads\n|-damage|p1a: Iron Treads|0 fnt\n|-unboost|p2a: Kleavor|def|1\n|-unboost|p2a: Kleavor|spd|1\n|faint|p1a: Iron Treads\n|-end|p1a: Iron Treads|Quark Drive|[silent]\n|\n|win|Big-Wx\n|n|\u2606TJ799|tj799\n|n|\u2606Big-Wx|bigwx\n|n|*Lady Monita \u2746|ladymonita\n","uploadtime":1700473918,"views":12,"p1id":"tj799","p2id":"bigwx","formatid":"gen9ou","rating":0,"private":0,"password":""}