{"id":"gen9ou-1992487293","p1":"Traivy","p2":"Zague24","format":"[Gen 9] OU","log":"|j|\u203dTraivy\n|j|\u2606Zague24\n|t:|1700193772\n|gametype|singles\n|player|p1|Traivy|emmet|1150\n|player|p2|Zague24|101|1119\n|teamsize|p1|6\n|teamsize|p2|6\n|gen|9\n|tier|[Gen 9] OU\n|rated|\n|rule|Sleep Clause Mod: Limit one foe put to sleep\n|rule|Species Clause: Limit one of each Pok\u00e9mon\n|rule|OHKO Clause: OHKO moves are banned\n|rule|Evasion Items Clause: Evasion items are banned\n|rule|Evasion Moves Clause: Evasion moves are banned\n|rule|Endless Battle Clause: Forcing endless battles is banned\n|rule|HP Percentage Mod: HP is shown in percentages\n|clearpoke\n|poke|p1|Kingambit, M|\n|poke|p1|Enamorus, F|\n|poke|p1|Great Tusk|\n|poke|p1|Ogerpon-Wellspring, F|\n|poke|p1|Iron Moth|\n|poke|p1|Dragapult, F|\n|poke|p2|Zapdos|\n|poke|p2|Muk-Alola, M|\n|poke|p2|Dusclops, M|\n|poke|p2|Slowbro, M|\n|poke|p2|Chandelure, M|\n|poke|p2|Conkeldurr, M|\n|teampreview\n|inactive|Battle timer is ON: inactive players will automatically lose when time's up. (requested by Zague24)\n|\n|t:|1700193784\n|start\n|switch|p1a: Ogerpon|Ogerpon-Wellspring, F|100\/100\n|switch|p2a: Conkeldurr|Conkeldurr, M|100\/100\n|turn|1\n|\n|t:|1700193790\n|move|p1a: Ogerpon|U-turn|p2a: Conkeldurr\n|-resisted|p2a: Conkeldurr\n|-damage|p2a: Conkeldurr|89\/100\n|\n|t:|1700193797\n|switch|p1a: Enamorus|Enamorus, F|100\/100|[from] U-turn\n|move|p2a: Conkeldurr|Drain Punch|p1a: Enamorus\n|-resisted|p1a: Enamorus\n|-damage|p1a: Enamorus|81\/100\n|-heal|p2a: Conkeldurr|97\/100|[from] drain|[of] p1a: Enamorus\n|\n|upkeep\n|turn|2\n|\n|t:|1700193807\n|switch|p2a: Slowbro|Slowbro, M|100\/100\n|move|p1a: Enamorus|Moonblast|p2a: Slowbro\n|-damage|p2a: Slowbro|40\/100\n|\n|-heal|p2a: Slowbro|46\/100|[from] item: Leftovers\n|upkeep\n|turn|3\n|\n|t:|1700193816\n|switch|p2a: Muk|Muk-Alola, M|100\/100\n|move|p1a: Enamorus|Moonblast|p2a: Muk\n|-damage|p2a: Muk|62\/100\n|-unboost|p2a: Muk|spa|1\n|\n|-heal|p2a: Muk|68\/100|[from] item: Black Sludge\n|upkeep\n|turn|4\n|\n|t:|1700193827\n|move|p1a: Enamorus|Earth Power|p2a: Muk\n|-supereffective|p2a: Muk\n|-damage|p2a: Muk|7\/100\n|-unboost|p2a: Muk|spd|1\n|move|p2a: Muk|Knock Off|p1a: Enamorus\n|-resisted|p1a: Enamorus\n|-damage|p1a: Enamorus|55\/100\n|-start|p2a: Muk|Attract|[from] ability: Cute Charm|[of] p1a: Enamorus\n|-status|p1a: Enamorus|psn|[from] ability: Poison Touch|[of] p2a: Muk\n|-enditem|p1a: Enamorus|Expert Belt|[from] move: Knock Off|[of] p2a: Muk\n|\n|-heal|p2a: Muk|13\/100|[from] item: Black Sludge\n|-damage|p1a: Enamorus|43\/100 psn|[from] psn\n|upkeep\n|turn|5\n|\n|t:|1700193843\n|move|p1a: Enamorus|Earth Power|p2a: Muk\n|-supereffective|p2a: Muk\n|-damage|p2a: Muk|0 fnt\n|faint|p2a: Muk\n|\n|-damage|p1a: Enamorus|30\/100 psn|[from] psn\n|upkeep\n|\n|t:|1700193851\n|switch|p2a: Zapdos|Zapdos|100\/100\n|turn|6\n|\n|t:|1700193855\n|move|p1a: Enamorus|Moonblast|p2a: Zapdos\n|-damage|p2a: Zapdos|45\/100\n|-unboost|p2a: Zapdos|spa|1\n|move|p2a: Zapdos|Thunderbolt|p1a: Enamorus\n|-supereffective|p1a: Enamorus\n|-damage|p1a: Enamorus|0 fnt\n|faint|p1a: Enamorus\n|\n|upkeep\n|\n|t:|1700193868\n|switch|p1a: Dragapult|Dragapult, F|100\/100\n|turn|7\n|\n|t:|1700193873\n|move|p1a: Dragapult|Dragon Darts|p2a: Zapdos\n|-damage|p2a: Zapdos|22\/100\n|-anim|p1a: Dragapult|Dragon Darts|p2a: Zapdos\n|-damage|p2a: Zapdos|1\/100\n|-damage|p1a: Dragapult|91\/100|[from] item: Life Orb\n|move|p2a: Zapdos|Thunderbolt|p1a: Dragapult\n|-resisted|p1a: Dragapult\n|-damage|p1a: Dragapult|71\/100\n|\n|upkeep\n|turn|8\n|\n|t:|1700193883\n|move|p1a: Dragapult|Shadow Ball|p2a: Zapdos\n|-damage|p2a: Zapdos|0 fnt\n|faint|p2a: Zapdos\n|-damage|p1a: Dragapult|61\/100|[from] item: Life Orb\n|\n|upkeep\n|\n|t:|1700193889\n|switch|p2a: Conkeldurr|Conkeldurr, M|97\/100\n|turn|9\n|\n|t:|1700193899\n|switch|p1a: Great Tusk|Great Tusk|100\/100\n|move|p2a: Conkeldurr|Ice Punch|p1a: Great Tusk\n|-supereffective|p1a: Great Tusk\n|-damage|p1a: Great Tusk|53\/100\n|\n|-heal|p1a: Great Tusk|59\/100|[from] item: Leftovers\n|upkeep\n|turn|10\n|\n|t:|1700193908\n|move|p1a: Great Tusk|Knock Off|p2a: Conkeldurr\n|-resisted|p2a: Conkeldurr\n|-damage|p2a: Conkeldurr|83\/100\n|-enditem|p2a: Conkeldurr|Assault Vest|[from] move: Knock Off|[of] p1a: Great Tusk\n|move|p2a: Conkeldurr|Ice Punch|p1a: Great Tusk\n|-supereffective|p1a: Great Tusk\n|-damage|p1a: Great Tusk|15\/100\n|\n|-heal|p1a: Great Tusk|22\/100|[from] item: Leftovers\n|upkeep\n|turn|11\n|\n|t:|1700193916\n|move|p1a: Great Tusk|Close Combat|p2a: Conkeldurr\n|-damage|p2a: Conkeldurr|29\/100\n|-unboost|p1a: Great Tusk|def|1\n|-unboost|p1a: Great Tusk|spd|1\n|move|p2a: Conkeldurr|Ice Punch|p1a: Great Tusk\n|-supereffective|p1a: Great Tusk\n|-damage|p1a: Great Tusk|0 fnt\n|faint|p1a: Great Tusk\n|-end|p1a: Great Tusk|Protosynthesis|[silent]\n|\n|upkeep\n|\n|t:|1700193925\n|switch|p1a: Iron Moth|Iron Moth|100\/100\n|-enditem|p1a: Iron Moth|Booster Energy\n|-activate|p1a: Iron Moth|ability: Quark Drive|[fromitem]\n|-start|p1a: Iron Moth|quarkdrivespe\n|turn|12\n|\n|t:|1700193930\n|move|p1a: Iron Moth|Fiery Dance|p2a: Conkeldurr\n|-damage|p2a: Conkeldurr|0 fnt\n|faint|p2a: Conkeldurr\n|\n|upkeep\n|\n|t:|1700193940\n|switch|p2a: Slowbro|Slowbro, M|79\/100\n|turn|13\n|\n|t:|1700193953\n|move|p1a: Iron Moth|Energy Ball|p2a: Slowbro\n|-supereffective|p2a: Slowbro\n|-damage|p2a: Slowbro|0 fnt\n|faint|p2a: Slowbro\n|\n|upkeep\n|\n|t:|1700193959\n|switch|p2a: Chandelure|Chandelure, M|100\/100\n|turn|14\n|\n|t:|1700193965\n|move|p1a: Iron Moth|Psychic|p2a: Chandelure\n|-damage|p2a: Chandelure|58\/100\n|move|p2a: Chandelure|Shadow Ball|p1a: Iron Moth\n|-damage|p1a: Iron Moth|26\/100\n|-unboost|p1a: Iron Moth|spd|1\n|\n|upkeep\n|turn|15\n|\n|t:|1700193972\n|move|p1a: Iron Moth|Psychic|p2a: Chandelure\n|-damage|p2a: Chandelure|10\/100\n|move|p2a: Chandelure|Shadow Ball|p1a: Iron Moth\n|-damage|p1a: Iron Moth|0 fnt\n|faint|p1a: Iron Moth\n|-end|p1a: Iron Moth|Quark Drive|[silent]\n|\n|upkeep\n|\n|t:|1700193978\n|switch|p1a: Dragapult|Dragapult, F|61\/100\n|turn|16\n|\n|t:|1700193982\n|move|p1a: Dragapult|Shadow Ball|p2a: Chandelure\n|-supereffective|p2a: Chandelure\n|-damage|p2a: Chandelure|0 fnt\n|faint|p2a: Chandelure\n|-damage|p1a: Dragapult|52\/100|[from] item: Life Orb\n|\n|upkeep\n|\n|t:|1700193984\n|switch|p2a: Dusclops|Dusclops, M|100\/100\n|-item|p1a: Dragapult|Life Orb|[from] ability: Frisk|[of] p2a: Dusclops|[identify]\n|turn|17\n|\n|t:|1700193990\n|move|p1a: Dragapult|Shadow Ball|p2a: Dusclops\n|-supereffective|p2a: Dusclops\n|-damage|p2a: Dusclops|34\/100\n|-damage|p1a: Dragapult|42\/100|[from] item: Life Orb\n|move|p2a: Dusclops|Night Shade|p1a: Dragapult\n|-damage|p1a: Dragapult|10\/100\n|\n|upkeep\n|turn|18\n|\n|t:|1700193998\n|move|p1a: Dragapult|Shadow Ball|p2a: Dusclops\n|-supereffective|p2a: Dusclops\n|-damage|p2a: Dusclops|0 fnt\n|faint|p2a: Dusclops\n|-damage|p1a: Dragapult|0 fnt|[from] item: Life Orb\n|faint|p1a: Dragapult\n|\n|win|Traivy\n|raw|Traivy's rating: 1150 &rarr; <strong>1173<\/strong><br \/>(+23 for winning)\n|raw|Zague24's rating: 1119 &rarr; <strong>1096<\/strong><br \/>(-23 for losing)\n|l|\u2606Zague24\n","uploadtime":1700194006,"views":8,"p1id":"traivy","p2id":"zague24","formatid":"gen9ou","rating":1096,"private":0,"password":""}