{"id":"gen9ou-1994289651","p1":"CreatedToFail","p2":"yaboiAshK.","format":"[Gen 9] OU","log":"|j|\u2606CreatedToFail\n|j|\u2606yaboiAshK.\n|t:|1700427510\n|gametype|singles\n|player|p1|CreatedToFail|266|1533\n|player|p2|yaboiAshK.|ash-johto|1411\n|teamsize|p1|6\n|teamsize|p2|6\n|gen|9\n|tier|[Gen 9] OU\n|rated|\n|rule|Sleep Clause Mod: Limit one foe put to sleep\n|rule|Species Clause: Limit one of each Pok\u00e9mon\n|rule|OHKO Clause: OHKO moves are banned\n|rule|Evasion Items Clause: Evasion items are banned\n|rule|Evasion Moves Clause: Evasion moves are banned\n|rule|Endless Battle Clause: Forcing endless battles is banned\n|rule|HP Percentage Mod: HP is shown in percentages\n|clearpoke\n|poke|p1|Enamorus, F|\n|poke|p1|Gholdengo|\n|poke|p1|Glimmora, M|\n|poke|p1|Iron Treads|\n|poke|p1|Ogerpon-Wellspring, F|\n|poke|p1|Ceruledge, M|\n|poke|p2|Samurott-Hisui, M|\n|poke|p2|Gholdengo|\n|poke|p2|Ceruledge, M|\n|poke|p2|Rillaboom, M|\n|poke|p2|Zamazenta-*|\n|poke|p2|Great Tusk|\n|teampreview\n|inactive|Battle timer is ON: inactive players will automatically lose when time's up. (requested by yaboiAshK.)\n|\n|t:|1700427518\n|start\n|switch|p1a: Iron Treads|Iron Treads|100\/100\n|switch|p2a: Samurott|Samurott-Hisui, M, shiny|100\/100\n|-enditem|p1a: Iron Treads|Booster Energy\n|-activate|p1a: Iron Treads|ability: Quark Drive|[fromitem]\n|-start|p1a: Iron Treads|quarkdrivespe\n|turn|1\n|\n|t:|1700427528\n|move|p1a: Iron Treads|Stealth Rock|p2a: Samurott\n|-sidestart|p2: yaboiAshK.|move: Stealth Rock\n|move|p2a: Samurott|Ceaseless Edge|p1a: Iron Treads\n|-damage|p1a: Iron Treads|45\/100\n|-sidestart|p1: CreatedToFail|Spikes\n|\n|upkeep\n|turn|2\n|\n|t:|1700427535\n|move|p1a: Iron Treads|Rapid Spin|p2a: Samurott\n|-damage|p2a: Samurott|85\/100\n|-boost|p1a: Iron Treads|spe|1\n|-sideend|p1: CreatedToFail|Spikes|[from] move: Rapid Spin|[of] p1a: Iron Treads\n|move|p2a: Samurott|Ceaseless Edge|p1a: Iron Treads\n|-damage|p1a: Iron Treads|0 fnt\n|-sidestart|p1: CreatedToFail|Spikes\n|faint|p1a: Iron Treads\n|-end|p1a: Iron Treads|Quark Drive|[silent]\n|\n|upkeep\n|\n|t:|1700427547\n|switch|p1a: Enamorus|Enamorus, F|100\/100\n|turn|3\n|\n|t:|1700427564\n|move|p1a: Enamorus|Moonblast|p2a: Samurott\n|-supereffective|p2a: Samurott\n|-damage|p2a: Samurott|0 fnt\n|faint|p2a: Samurott\n|\n|upkeep\n|\n|t:|1700427569\n|switch|p2a: Gholdengo|Gholdengo|100\/100\n|-damage|p2a: Gholdengo|94\/100|[from] Stealth Rock\n|turn|4\n|\n|t:|1700427576\n|switch|p1a: Ceruledge|Ceruledge, M|100\/100\n|-damage|p1a: Ceruledge|88\/100|[from] Spikes\n|move|p2a: Gholdengo|Make It Rain|p1a: Ceruledge\n|-resisted|p1a: Ceruledge\n|-crit|p1a: Ceruledge\n|-damage|p1a: Ceruledge|31\/100\n|-unboost|p2a: Gholdengo|spa|1\n|\n|upkeep\n|turn|5\n|\n|t:|1700427587\n|switch|p2a: Great Tusk|Great Tusk|100\/100\n|-damage|p2a: Great Tusk|98\/100|[from] Stealth Rock\n|-enditem|p2a: Great Tusk|Booster Energy\n|-activate|p2a: Great Tusk|ability: Protosynthesis|[fromitem]\n|-start|p2a: Great Tusk|protosynthesisspe\n|move|p1a: Ceruledge|Bitter Blade|p2a: Great Tusk\n|-damage|p2a: Great Tusk|64\/100\n|-heal|p1a: Ceruledge|56\/100|[from] drain|[of] p2a: Great Tusk\n|\n|upkeep\n|turn|6\n|\n|t:|1700427598\n|move|p1a: Ceruledge|Shadow Sneak|p2a: Great Tusk\n|-damage|p2a: Great Tusk|50\/100\n|move|p2a: Great Tusk|Bulk Up|p2a: Great Tusk\n|-boost|p2a: Great Tusk|atk|1\n|-boost|p2a: Great Tusk|def|1\n|\n|upkeep\n|turn|7\n|\n|t:|1700427608\n|move|p1a: Ceruledge|Shadow Sneak|p2a: Great Tusk\n|-damage|p2a: Great Tusk|41\/100\n|move|p2a: Great Tusk|High Horsepower|p1a: Ceruledge\n|-supereffective|p1a: Ceruledge\n|-crit|p1a: Ceruledge\n|-damage|p1a: Ceruledge|0 fnt\n|faint|p1a: Ceruledge\n|\n|upkeep\n|\n|t:|1700427620\n|switch|p1a: Ogerpon|Ogerpon-Wellspring, F|100\/100\n|-damage|p1a: Ogerpon|88\/100|[from] Spikes\n|turn|8\n|\n|t:|1700427626\n|-terastallize|p2a: Great Tusk|Poison\n|move|p2a: Great Tusk|Rapid Spin|p1a: Ogerpon\n|-damage|p1a: Ogerpon|62\/100\n|-boost|p2a: Great Tusk|spe|1\n|-sideend|p2: yaboiAshK.|Stealth Rock|[from] move: Rapid Spin|[of] p2a: Great Tusk\n|move|p1a: Ogerpon|Ivy Cudgel|p2a: Great Tusk|[anim] Ivy Cudgel Water\n|-crit|p2a: Great Tusk\n|-damage|p2a: Great Tusk|0 fnt\n|faint|p2a: Great Tusk\n|-end|p2a: Great Tusk|Protosynthesis|[silent]\n|\n|upkeep\n|\n|t:|1700427639\n|switch|p2a: Rillaboom|Rillaboom, M|100\/100\n|-fieldstart|move: Grassy Terrain|[from] ability: Grassy Surge|[of] p2a: Rillaboom\n|turn|9\n|\n|t:|1700427649\n|move|p1a: Ogerpon|Knock Off|p2a: Rillaboom\n|-damage|p2a: Rillaboom|61\/100\n|-enditem|p2a: Rillaboom|Life Orb|[from] move: Knock Off|[of] p1a: Ogerpon\n|move|p2a: Rillaboom|Knock Off|p1a: Ogerpon\n|-damage|p1a: Ogerpon|32\/100\n|\n|-heal|p1a: Ogerpon|38\/100|[from] Grassy Terrain\n|-heal|p2a: Rillaboom|67\/100|[from] Grassy Terrain\n|upkeep\n|turn|10\n|\n|t:|1700427665\n|move|p2a: Rillaboom|Grassy Glide|p1a: Ogerpon\n|-damage|p1a: Ogerpon|0 fnt\n|faint|p1a: Ogerpon\n|\n|-heal|p2a: Rillaboom|73\/100|[from] Grassy Terrain\n|upkeep\n|\n|t:|1700427675\n|switch|p1a: Glimmora|Glimmora, M|100\/100\n|-damage|p1a: Glimmora|88\/100|[from] Spikes\n|turn|11\n|\n|t:|1700427682\n|switch|p2a: Gholdengo|Gholdengo|94\/100\n|move|p1a: Glimmora|Sludge Bomb|p2a: Gholdengo\n|-immune|p2a: Gholdengo\n|\n|-heal|p2a: Gholdengo|100\/100|[from] Grassy Terrain\n|-heal|p1a: Glimmora|94\/100|[from] Grassy Terrain\n|upkeep\n|turn|12\n|\n|t:|1700427691\n|switch|p1a: Gholdengo|Gholdengo|100\/100\n|-item|p1a: Gholdengo|Air Balloon\n|move|p2a: Gholdengo|Shadow Ball|p1a: Gholdengo\n|-supereffective|p1a: Gholdengo\n|-damage|p1a: Gholdengo|0 fnt\n|-enditem|p1a: Gholdengo|Air Balloon\n|faint|p1a: Gholdengo\n|\n|upkeep\n|-message|CreatedToFail forfeited.\n|\n|win|yaboiAshK.\n|raw|CreatedToFail's rating: 1533 &rarr; <strong>1506<\/strong><br \/>(-27 for losing)\n|raw|yaboiAshK.'s rating: 1411 &rarr; <strong>1438<\/strong><br \/>(+27 for winning)\n|l|\u2606CreatedToFail\n","uploadtime":1700427701,"views":7,"p1id":"createdtofail","p2id":"yaboiashk","formatid":"gen9ou","rating":1438,"private":0,"password":""}