{"id":"gen9ou-1991013511","p1":"michaelgenitc","p2":"punkmag","format":"[Gen 9] OU","log":"|j|\u2606michaelgenitc\n|j|\u2606punkmag\n|t:|1700028003\n|gametype|singles\n|player|p1|michaelgenitc|lucas-gen4pt|1318\n|player|p2|punkmag|waitress-gen4|1262\n|teamsize|p1|6\n|teamsize|p2|6\n|gen|9\n|tier|[Gen 9] OU\n|rated|\n|rule|Sleep Clause Mod: Limit one foe put to sleep\n|rule|Species Clause: Limit one of each Pok\u00e9mon\n|rule|OHKO Clause: OHKO moves are banned\n|rule|Evasion Items Clause: Evasion items are banned\n|rule|Evasion Moves Clause: Evasion moves are banned\n|rule|Endless Battle Clause: Forcing endless battles is banned\n|rule|HP Percentage Mod: HP is shown in percentages\n|clearpoke\n|poke|p1|Kingambit, M|\n|poke|p1|Garchomp, F|\n|poke|p1|Corviknight, F|\n|poke|p1|Greninja-*, M|\n|poke|p1|Glimmora, M|\n|poke|p1|Gholdengo|\n|poke|p2|Mienshao, F|\n|poke|p2|Sneasler, F|\n|poke|p2|Corviknight, F|\n|poke|p2|Illumise, F|\n|poke|p2|Cresselia, F|\n|poke|p2|Walking Wake|\n|teampreview\n|inactive|Battle timer is ON: inactive players will automatically lose when time's up. (requested by punkmag)\n|inactive|punkmag has 120 seconds left.\n|\n|t:|1700028036\n|start\n|switch|p1a: Corviknight|Corviknight, F|100\/100\n|switch|p2a: Walking Wake|Walking Wake|100\/100\n|-ability|p1a: Corviknight|Pressure\n|turn|1\n|inactive|michaelgenitc has 120 seconds left.\n|\n|t:|1700028074\n|move|p2a: Walking Wake|Hydro Steam|p1a: Corviknight\n|-damage|p1a: Corviknight|36\/100\n|move|p1a: Corviknight|U-turn|p2a: Walking Wake\n|-damage|p2a: Walking Wake|84\/100\n|\n|t:|1700028090\n|switch|p1a: Glimmora|Glimmora, M|100\/100|[from] U-turn\n|\n|upkeep\n|turn|2\n|\n|t:|1700028107\n|switch|p1a: Corviknight|Corviknight, F|36\/100\n|-ability|p1a: Corviknight|Pressure\n|move|p2a: Walking Wake|Hydro Steam|p1a: Corviknight\n|-damage|p1a: Corviknight|0 fnt\n|faint|p1a: Corviknight\n|\n|upkeep\n|inactive|michaelgenitc has 90 seconds left.\n|\n|t:|1700028133\n|switch|p1a: Garchomp|Garchomp, F|100\/100\n|turn|3\n|\n|t:|1700028140\n|-end|p2a: Walking Wake|Protosynthesis|[silent]\n|switch|p2a: Illumise|Illumise, F|100\/100\n|-terastallize|p1a: Garchomp|Poison\n|move|p1a: Garchomp|Scale Shot|p2a: Illumise|[miss]\n|-miss|p1a: Garchomp|p2a: Illumise\n|\n|upkeep\n|turn|4\n|\n|t:|1700028166\n|move|p2a: Illumise|Trick|p1a: Garchomp\n|-activate|p2a: Illumise|move: Trick|[of] p1a: Garchomp\n|-item|p1a: Garchomp|Iron Ball|[from] move: Trick\n|-item|p2a: Illumise|Rocky Helmet|[from] move: Trick\n|move|p1a: Garchomp|Scale Shot|p2a: Illumise|[miss]\n|-miss|p1a: Garchomp|p2a: Illumise\n|\n|upkeep\n|turn|5\n|\n|t:|1700028183\n|move|p2a: Illumise|Thunder Wave|p1a: Garchomp\n|-status|p1a: Garchomp|par\n|move|p1a: Garchomp|Scale Shot|p2a: Illumise\n|-damage|p2a: Illumise|86\/100\n|-damage|p2a: Illumise|71\/100\n|-damage|p2a: Illumise|56\/100\n|-damage|p2a: Illumise|41\/100\n|-hitcount|p2a: Illumise|4\n|-unboost|p1a: Garchomp|def|1\n|-boost|p1a: Garchomp|spe|1\n|\n|upkeep\n|turn|6\n|inactive|michaelgenitc has 90 seconds left.\n|inactive|punkmag has 120 seconds left.\n|\n|t:|1700028206\n|move|p2a: Illumise|Sunny Day|p2a: Illumise\n|-weather|SunnyDay\n|move|p1a: Garchomp|Scale Shot|p2a: Illumise\n|-damage|p2a: Illumise|26\/100\n|-damage|p2a: Illumise|11\/100\n|-hitcount|p2a: Illumise|2\n|-unboost|p1a: Garchomp|def|1\n|-boost|p1a: Garchomp|spe|1\n|\n|-weather|SunnyDay|[upkeep]\n|upkeep\n|turn|7\n|inactive|punkmag has 120 seconds left.\n|\n|t:|1700028222\n|switch|p2a: Corviknight|Corviknight, F|100\/100\n|-ability|p2a: Corviknight|Pressure\n|cant|p1a: Garchomp|par\n|\n|-weather|SunnyDay|[upkeep]\n|upkeep\n|turn|8\n|inactive|punkmag has 120 seconds left.\n|\n|t:|1700028235\n|move|p2a: Corviknight|Brave Bird|p1a: Garchomp\n|-damage|p1a: Garchomp|40\/100 par\n|-damage|p2a: Corviknight|88\/100|[from] ability: Rough Skin|[of] p1a: Garchomp\n|-damage|p2a: Corviknight|67\/100|[from] Recoil\n|move|p1a: Garchomp|Scale Shot|p2a: Corviknight\n|-resisted|p2a: Corviknight\n|-damage|p2a: Corviknight|64\/100\n|-resisted|p2a: Corviknight\n|-damage|p2a: Corviknight|60\/100\n|-resisted|p2a: Corviknight\n|-damage|p2a: Corviknight|57\/100\n|-resisted|p2a: Corviknight\n|-damage|p2a: Corviknight|54\/100\n|-resisted|p2a: Corviknight\n|-damage|p2a: Corviknight|51\/100\n|-hitcount|p2a: Corviknight|5\n|-unboost|p1a: Garchomp|def|1\n|-boost|p1a: Garchomp|spe|1\n|\n|-weather|SunnyDay|[upkeep]\n|upkeep\n|turn|9\n|inactive|punkmag has 120 seconds left.\n|inactive|michaelgenitc has 90 seconds left.\n|\n|t:|1700028257\n|cant|p1a: Garchomp|par\n|move|p2a: Corviknight|Roost|p2a: Corviknight\n|-heal|p2a: Corviknight|100\/100\n|-singleturn|p2a: Corviknight|move: Roost\n|\n|-weather|SunnyDay|[upkeep]\n|upkeep\n|turn|10\n|\n|t:|1700028264\n|cant|p1a: Garchomp|par\n|move|p2a: Corviknight|Brave Bird|p1a: Garchomp\n|-damage|p1a: Garchomp|0 fnt\n|-damage|p2a: Corviknight|88\/100|[from] ability: Rough Skin|[of] p1a: Garchomp\n|faint|p1a: Garchomp\n|-damage|p2a: Corviknight|74\/100|[from] Recoil\n|\n|-weather|none\n|upkeep\n|inactive|michaelgenitc has 90 seconds left.\n|\n|t:|1700028280\n|switch|p1a: Glimmora|Glimmora, M|100\/100\n|turn|11\n|inactive|punkmag has 120 seconds left.\n|\n|t:|1700028291\n|move|p1a: Glimmora|Power Gem|p2a: Corviknight\n|-damage|p2a: Corviknight|31\/100\n|move|p2a: Corviknight|U-turn|p1a: Glimmora\n|-resisted|p1a: Glimmora\n|-damage|p1a: Glimmora|92\/100\n|-activate|p1a: Glimmora|ability: Toxic Debris\n|-sidestart|p2: punkmag|move: Toxic Spikes\n|inactive|punkmag has 90 seconds left.\n|\n|t:|1700028330\n|switch|p2a: Mienshao|Mienshao, F|100\/100|[from] U-turn\n|-status|p2a: Mienshao|psn\n|\n|-damage|p2a: Mienshao|88\/100 psn|[from] psn\n|upkeep\n|turn|12\n|inactive|punkmag has 90 seconds left.\n|\n|t:|1700028352\n|move|p1a: Glimmora|Power Gem|p2a: Mienshao\n|-resisted|p2a: Mienshao\n|-damage|p2a: Mienshao|47\/100 psn\n|move|p2a: Mienshao|U-turn|p1a: Glimmora\n|-resisted|p1a: Glimmora\n|-damage|p1a: Glimmora|77\/100\n|-activate|p1a: Glimmora|ability: Toxic Debris\n|-sidestart|p2: punkmag|move: Toxic Spikes\n|\n|t:|1700028360\n|switch|p2a: Sneasler|Sneasler, F|100\/100|[from] U-turn\n|-sideend|p2: punkmag|move: Toxic Spikes|[of] p2a: Sneasler\n|\n|upkeep\n|turn|13\n|inactive|punkmag has 90 seconds left.\n|\n|t:|1700028382\n|switch|p1a: Gholdengo|Gholdengo|100\/100\n|move|p2a: Sneasler|Close Combat|p1a: Gholdengo\n|-immune|p1a: Gholdengo\n|\n|upkeep\n|turn|14\n|\n|t:|1700028391\n|move|p2a: Sneasler|Fling|p1a: Gholdengo\n|-supereffective|p1a: Gholdengo\n|-damage|p1a: Gholdengo|0 fnt\n|-enditem|p2a: Sneasler|Big Nugget|[from] move: Fling\n|faint|p1a: Gholdengo\n|\n|upkeep\n|\n|t:|1700028399\n|switch|p1a: Glimmora|Glimmora, M|77\/100\n|turn|15\n|inactive|punkmag has 90 seconds left.\n|\n|t:|1700028423\n|move|p2a: Sneasler|Close Combat|p1a: Glimmora\n|-damage|p1a: Glimmora|7\/100\n|-unboost|p2a: Sneasler|def|1\n|-unboost|p2a: Sneasler|spd|1\n|-activate|p1a: Glimmora|ability: Toxic Debris\n|-sidestart|p2: punkmag|move: Toxic Spikes\n|move|p1a: Glimmora|Earth Power|p2a: Sneasler\n|-supereffective|p2a: Sneasler\n|-damage|p2a: Sneasler|0 fnt\n|faint|p2a: Sneasler\n|\n|upkeep\n|\n|t:|1700028440\n|switch|p2a: Corviknight|Corviknight, F|31\/100\n|-ability|p2a: Corviknight|Pressure\n|turn|16\n|\n|t:|1700028449\n|switch|p1a: Greninja|Greninja, M|100\/100\n|move|p2a: Corviknight|Roost|p2a: Corviknight\n|-heal|p2a: Corviknight|81\/100\n|-singleturn|p2a: Corviknight|move: Roost\n|\n|upkeep\n|turn|17\n|\n|t:|1700028460\n|move|p1a: Greninja|Dark Pulse|p2a: Corviknight\n|-damage|p2a: Corviknight|48\/100\n|move|p2a: Corviknight|U-turn|p1a: Greninja\n|-supereffective|p1a: Greninja\n|-damage|p1a: Greninja|50\/100\n|inactive|punkmag has 60 seconds left.\n|\n|t:|1700028476\n|switch|p2a: Mienshao|Mienshao, F|80\/100 psn|[from] U-turn\n|\n|-damage|p2a: Mienshao|68\/100 psn|[from] psn\n|upkeep\n|turn|18\n|\n|t:|1700028482\n|move|p1a: Greninja|Water Shuriken|p2a: Mienshao\n|-damage|p2a: Mienshao|55\/100 psn\n|-damage|p2a: Mienshao|42\/100 psn\n|-damage|p2a: Mienshao|29\/100 psn\n|-damage|p2a: Mienshao|15\/100 psn\n|-damage|p2a: Mienshao|3\/100 psn\n|-hitcount|p2a: Mienshao|5\n|move|p2a: Mienshao|U-turn|p1a: Greninja\n|-supereffective|p1a: Greninja\n|-damage|p1a: Greninja|0 fnt\n|faint|p1a: Greninja\n|inactive|punkmag has 60 seconds left.\n|\n|t:|1700028495\n|switch|p2a: Illumise|Illumise, F|11\/100|[from] U-turn\n|-status|p2a: Illumise|psn\n|\n|-damage|p2a: Illumise|0 fnt|[from] psn\n|faint|p2a: Illumise\n|upkeep\n|inactive|punkmag has 60 seconds left.\n|\n|t:|1700028510\n|switch|p1a: Glimmora|Glimmora, M|7\/100\n|switch|p2a: Walking Wake|Walking Wake|84\/100\n|-status|p2a: Walking Wake|psn\n|turn|19\n|inactive|punkmag has 60 seconds left.\n|\n|t:|1700028524\n|move|p1a: Glimmora|Power Gem|p2a: Walking Wake\n|-damage|p2a: Walking Wake|35\/100 psn\n|move|p2a: Walking Wake|Hydro Steam|p1a: Glimmora\n|-supereffective|p1a: Glimmora\n|-damage|p1a: Glimmora|0 fnt\n|faint|p1a: Glimmora\n|\n|-damage|p2a: Walking Wake|23\/100 psn|[from] psn\n|upkeep\n|\n|t:|1700028529\n|switch|p1a: Kingambit|Kingambit, M|100\/100\n|-activate|p1a: Kingambit|ability: Supreme Overlord\n|-start|p1a: Kingambit|fallen5|[silent]\n|turn|20\n|\n|t:|1700028538\n|move|p2a: Walking Wake|Hydro Steam|p1a: Kingambit\n|-damage|p1a: Kingambit|59\/100\n|move|p1a: Kingambit|Kowtow Cleave|p2a: Walking Wake\n|-damage|p2a: Walking Wake|0 fnt\n|faint|p2a: Walking Wake\n|-end|p2a: Walking Wake|Protosynthesis|[silent]\n|\n|upkeep\n|\n|t:|1700028546\n|switch|p2a: Mienshao|Mienshao, F|36\/100 psn\n|turn|21\n|inactive|punkmag has 60 seconds left.\n|\n|t:|1700028573\n|move|p1a: Kingambit|Sucker Punch|p2a: Mienshao\n|-resisted|p2a: Mienshao\n|-damage|p2a: Mienshao|0 fnt\n|faint|p2a: Mienshao\n|\n|upkeep\n|\n|t:|1700028583\n|switch|p2a: Cresselia|Cresselia, F|100\/100\n|turn|22\n|inactive|punkmag has 60 seconds left.\n|\n|t:|1700028589\n|-terastallize|p2a: Cresselia|Poison\n|move|p2a: Cresselia|Moonblast|p1a: Kingambit\n|-damage|p1a: Kingambit|48\/100\n|move|p1a: Kingambit|Kowtow Cleave|p2a: Cresselia\n|-damage|p2a: Cresselia|60\/100\n|\n|-heal|p2a: Cresselia|66\/100|[from] item: Leftovers\n|upkeep\n|turn|23\n|inactive|punkmag has 60 seconds left.\n|\n|t:|1700028602\n|move|p2a: Cresselia|Calm Mind|p2a: Cresselia\n|-boost|p2a: Cresselia|spa|1\n|-boost|p2a: Cresselia|spd|1\n|move|p1a: Kingambit|Kowtow Cleave|p2a: Cresselia\n|-damage|p2a: Cresselia|27\/100\n|\n|-heal|p2a: Cresselia|33\/100|[from] item: Leftovers\n|upkeep\n|turn|24\n|\n|t:|1700028610\n|move|p2a: Cresselia|Moonlight|p2a: Cresselia\n|-heal|p2a: Cresselia|83\/100\n|move|p1a: Kingambit|Kowtow Cleave|p2a: Cresselia\n|-damage|p2a: Cresselia|44\/100\n|\n|-heal|p2a: Cresselia|50\/100|[from] item: Leftovers\n|upkeep\n|turn|25\n|\n|t:|1700028617\n|move|p2a: Cresselia|Moonblast|p1a: Kingambit\n|-damage|p1a: Kingambit|32\/100\n|-unboost|p1a: Kingambit|spa|1\n|move|p1a: Kingambit|Kowtow Cleave|p2a: Cresselia\n|-damage|p2a: Cresselia|10\/100\n|\n|-heal|p2a: Cresselia|16\/100|[from] item: Leftovers\n|upkeep\n|turn|26\n|\n|t:|1700028625\n|move|p2a: Cresselia|Moonlight|p2a: Cresselia\n|-heal|p2a: Cresselia|66\/100\n|move|p1a: Kingambit|Kowtow Cleave|p2a: Cresselia\n|-damage|p2a: Cresselia|28\/100\n|\n|-heal|p2a: Cresselia|34\/100|[from] item: Leftovers\n|upkeep\n|turn|27\n|\n|t:|1700028634\n|move|p1a: Kingambit|Sucker Punch||[still]\n|-fail|p1a: Kingambit\n|move|p2a: Cresselia|Moonlight|p2a: Cresselia\n|-heal|p2a: Cresselia|84\/100\n|\n|-heal|p2a: Cresselia|90\/100|[from] item: Leftovers\n|upkeep\n|turn|28\n|-message|michaelgenitc forfeited.\n|\n|win|punkmag\n|raw|michaelgenitc's rating: 1318 &rarr; <strong>1295<\/strong><br \/>(-23 for losing)\n|raw|punkmag's rating: 1262 &rarr; <strong>1291<\/strong><br \/>(+29 for winning)\n|l|\u2606michaelgenitc\n","uploadtime":1700028643,"views":6,"p1id":"michaelgenitc","p2id":"punkmag","formatid":"gen9ou","rating":1291,"private":0,"password":""}