{"id":"gen9ou-1991124637","p1":"Dripsona","p2":"illuzionist test","format":"[Gen 9] OU","log":"|j|\u2606Dripsona\n|j|\u2606illuzionist test\n|t:|1700046696\n|gametype|singles\n|player|p1|Dripsona|cowgirl|1638\n|player|p2|illuzionist test|oak-gen1|1728\n|teamsize|p1|6\n|teamsize|p2|6\n|gen|9\n|tier|[Gen 9] OU\n|rated|\n|rule|Sleep Clause Mod: Limit one foe put to sleep\n|rule|Species Clause: Limit one of each Pok\u00e9mon\n|rule|OHKO Clause: OHKO moves are banned\n|rule|Evasion Items Clause: Evasion items are banned\n|rule|Evasion Moves Clause: Evasion moves are banned\n|rule|Endless Battle Clause: Forcing endless battles is banned\n|rule|HP Percentage Mod: HP is shown in percentages\n|clearpoke\n|poke|p1|Lilligant-Hisui, F|\n|poke|p1|Torkoal, F|\n|poke|p1|Brute Bonnet|\n|poke|p1|Great Tusk|\n|poke|p1|Walking Wake|\n|poke|p1|Iron Moth|\n|poke|p2|Torkoal, F|\n|poke|p2|Hatterene, F|\n|poke|p2|Lilligant, F|\n|poke|p2|Walking Wake|\n|poke|p2|Kingambit, M|\n|poke|p2|Landorus-Therian, M|\n|teampreview\n|inactive|Battle timer is ON: inactive players will automatically lose when time's up. (requested by Dripsona)\n|\n|t:|1700046721\n|start\n|switch|p1a: Drop it|Walking Wake|100\/100\n|switch|p2a: Landorus|Landorus-Therian, M|100\/100\n|-ability|p2a: Landorus|Intimidate|boost\n|-unboost|p1a: Drop it|atk|1\n|turn|1\n|\n|t:|1700046729\n|switch|p2a: Hatterene|Hatterene, F|100\/100\n|move|p1a: Drop it|Hydro Steam|p2a: Hatterene\n|-damage|p2a: Hatterene|52\/100\n|-enditem|p2a: Hatterene|Eject Button\n|\n|t:|1700046733\n|switch|p2a: Walking Wake|Walking Wake|100\/100\n|\n|upkeep\n|turn|2\n|\n|t:|1700046738\n|-end|p1a: Drop it|Protosynthesis|[silent]\n|switch|p1a: MMMMMM|Torkoal, F, shiny|100\/100\n|-weather|SunnyDay|[from] ability: Drought|[of] p1a: MMMMMM\n|-activate|p2a: Walking Wake|ability: Protosynthesis\n|-start|p2a: Walking Wake|protosynthesisspa\n|move|p2a: Walking Wake|Dragon Pulse|p1a: MMMMMM\n|-damage|p1a: MMMMMM|0 fnt\n|faint|p1a: MMMMMM\n|\n|-weather|SunnyDay|[upkeep]\n|upkeep\n|\n|t:|1700046745\n|switch|p1a: Drop it|Walking Wake|100\/100\n|-activate|p1a: Drop it|ability: Protosynthesis\n|-start|p1a: Drop it|protosynthesisspa\n|turn|3\n|\n|t:|1700046751\n|-end|p2a: Walking Wake|Protosynthesis|[silent]\n|switch|p2a: Hatterene|Hatterene, F|52\/100\n|move|p1a: Drop it|Dragon Pulse|p2a: Hatterene\n|-immune|p2a: Hatterene\n|\n|-weather|SunnyDay|[upkeep]\n|upkeep\n|turn|4\n|\n|t:|1700046760\n|-end|p1a: Drop it|Protosynthesis|[silent]\n|switch|p1a: Volc at Home?|Iron Moth|100\/100\n|-enditem|p1a: Volc at Home?|Booster Energy\n|-activate|p1a: Volc at Home?|ability: Quark Drive|[fromitem]\n|-start|p1a: Volc at Home?|quarkdrivespe\n|move|p2a: Hatterene|Nuzzle|p1a: Volc at Home?\n|-damage|p1a: Volc at Home?|94\/100\n|-status|p1a: Volc at Home?|par\n|\n|-weather|SunnyDay|[upkeep]\n|upkeep\n|turn|5\n|\n|t:|1700046766\n|switch|p2a: Landorus|Landorus-Therian, M|100\/100\n|-ability|p2a: Landorus|Intimidate|boost\n|-unboost|p1a: Volc at Home?|atk|1\n|move|p1a: Volc at Home?|Sludge Wave|p2a: Landorus\n|-resisted|p2a: Landorus\n|-damage|p2a: Landorus|89\/100\n|\n|-weather|SunnyDay|[upkeep]\n|upkeep\n|turn|6\n|\n|t:|1700046776\n|move|p1a: Volc at Home?|Fiery Dance|p2a: Landorus\n|-damage|p2a: Landorus|57\/100\n|move|p2a: Landorus|U-turn|p1a: Volc at Home?\n|-resisted|p1a: Volc at Home?\n|-damage|p1a: Volc at Home?|85\/100 par\n|\n|t:|1700046783\n|switch|p2a: Walking Wake|Walking Wake|100\/100|[from] U-turn\n|-activate|p2a: Walking Wake|ability: Protosynthesis\n|-start|p2a: Walking Wake|protosynthesisspa\n|\n|-weather|SunnyDay|[upkeep]\n|upkeep\n|turn|7\n|\n|t:|1700046792\n|move|p2a: Walking Wake|Draco Meteor|p1a: Volc at Home?|[miss]\n|-miss|p2a: Walking Wake|p1a: Volc at Home?\n|move|p1a: Volc at Home?|Sludge Wave|p2a: Walking Wake\n|-damage|p2a: Walking Wake|40\/100\n|\n|-weather|SunnyDay|[upkeep]\n|upkeep\n|turn|8\n|\n|t:|1700046798\n|move|p2a: Walking Wake|Draco Meteor|p1a: Volc at Home?\n|-damage|p1a: Volc at Home?|0 fnt\n|-unboost|p2a: Walking Wake|spa|2\n|faint|p1a: Volc at Home?\n|-end|p1a: Volc at Home?|Quark Drive|[silent]\n|\n|-weather|SunnyDay|[upkeep]\n|upkeep\n|\n|t:|1700046811\n|switch|p1a: Bop it|Brute Bonnet|100\/100\n|-activate|p1a: Bop it|ability: Protosynthesis\n|-start|p1a: Bop it|protosynthesisatk\n|turn|9\n|\n|t:|1700046816\n|-end|p2a: Walking Wake|Protosynthesis|[silent]\n|switch|p2a: Landorus|Landorus-Therian, M|57\/100\n|-ability|p2a: Landorus|Intimidate|boost\n|-unboost|p1a: Bop it|atk|1\n|move|p1a: Bop it|Crunch|p2a: Landorus\n|-damage|p2a: Landorus|14\/100\n|\n|-weather|none\n|-end|p1a: Bop it|Protosynthesis\n|upkeep\n|turn|10\n|\n|t:|1700046823\n|move|p1a: Bop it|Sucker Punch|p2a: Landorus\n|-damage|p2a: Landorus|0 fnt\n|faint|p2a: Landorus\n|\n|upkeep\n|\n|t:|1700046826\n|switch|p2a: Hatterene|Hatterene, F|52\/100\n|turn|11\n|\n|t:|1700046835\n|move|p1a: Bop it|Crunch|p2a: Hatterene\n|-damage|p2a: Hatterene|15\/100\n|move|p2a: Hatterene|Healing Wish|p2a: Hatterene\n|faint|p2a: Hatterene\n|\n|upkeep\n|\n|t:|1700046845\n|switch|p2a: Torkoal|Torkoal, F|100\/100\n|-weather|SunnyDay|[from] ability: Drought|[of] p2a: Torkoal\n|-activate|p1a: Bop it|ability: Protosynthesis\n|-start|p1a: Bop it|protosynthesisatk\n|turn|12\n|\n|t:|1700046859\n|switch|p2a: Lilligant|Lilligant, F, shiny|100\/100\n|move|p1a: Bop it|Spore|p2a: Lilligant\n|-immune|p2a: Lilligant\n|\n|-weather|SunnyDay|[upkeep]\n|upkeep\n|turn|13\n|\n|t:|1700046867\n|move|p2a: Lilligant|Weather Ball|p1a: Bop it\n|-supereffective|p1a: Bop it\n|-damage|p1a: Bop it|0 fnt\n|faint|p1a: Bop it\n|-end|p1a: Bop it|Protosynthesis|[silent]\n|-damage|p2a: Lilligant|91\/100|[from] item: Life Orb\n|\n|-weather|SunnyDay|[upkeep]\n|upkeep\n|\n|t:|1700046872\n|switch|p1a: Drop it|Walking Wake|100\/100\n|-activate|p1a: Drop it|ability: Protosynthesis\n|-start|p1a: Drop it|protosynthesisspa\n|turn|14\n|\n|t:|1700046878\n|move|p2a: Lilligant|Sleep Powder|p1a: Drop it\n|-status|p1a: Drop it|slp|[from] move: Sleep Powder\n|cant|p1a: Drop it|slp\n|\n|-weather|SunnyDay|[upkeep]\n|upkeep\n|turn|15\n|\n|t:|1700046882\n|move|p2a: Lilligant|Growth|p2a: Lilligant\n|-boost|p2a: Lilligant|atk|2\n|-boost|p2a: Lilligant|spa|2\n|cant|p1a: Drop it|slp\n|\n|-weather|SunnyDay|[upkeep]\n|upkeep\n|turn|16\n|\n|t:|1700046889\n|move|p2a: Lilligant|Giga Drain|p1a: Drop it\n|-damage|p1a: Drop it|0 fnt\n|-heal|p2a: Lilligant|100\/100|[from] drain|[of] p1a: Drop it\n|faint|p1a: Drop it\n|-end|p1a: Drop it|Protosynthesis|[silent]\n|-damage|p2a: Lilligant|91\/100|[from] item: Life Orb\n|\n|-weather|SunnyDay|[upkeep]\n|upkeep\n|\n|t:|1700046892\n|switch|p1a: Volc At Home|Lilligant-Hisui, F, shiny|100\/100\n|turn|17\n|\n|t:|1700046907\n|move|p1a: Volc At Home|Ice Spinner|p2a: Lilligant\n|-supereffective|p2a: Lilligant\n|-damage|p2a: Lilligant|15\/100\n|move|p2a: Lilligant|Weather Ball|p1a: Volc At Home\n|-supereffective|p1a: Volc At Home\n|-damage|p1a: Volc At Home|0 fnt\n|faint|p1a: Volc At Home\n|-damage|p2a: Lilligant|5\/100|[from] item: Life Orb\n|\n|-weather|SunnyDay|[upkeep]\n|upkeep\n|c|\u2606Dripsona|gg\n|c|\u2606illuzionist test|gg\n|-message|Dripsona forfeited.\n|\n|win|illuzionist test\n|raw|Dripsona's rating: 1638 &rarr; <strong>1623<\/strong><br \/>(-15 for losing)\n|raw|illuzionist test's rating: 1728 &rarr; <strong>1743<\/strong><br \/>(+15 for winning)\n|l|\u2606illuzionist test\n|l|\u2606Dripsona\n","uploadtime":1700046921,"views":5,"p1id":"dripsona","p2id":"illuzionisttest","formatid":"gen9ou","rating":1623,"private":0,"password":""}