{"id":"gen9ou-1999751747","p1":"CDfromtheP","p2":"UltraSwagGaming","format":"[Gen 9] OU","log":"|j|\u2606CDfromtheP\n|j|\u2606UltraSwagGaming\n|t:|1701113500\n|gametype|singles\n|player|p1|CDfromtheP|blackbelt-gen2|1476\n|player|p2|UltraSwagGaming|alec-anime|1469\n|teamsize|p1|6\n|teamsize|p2|6\n|gen|9\n|tier|[Gen 9] OU\n|rated|\n|rule|Sleep Clause Mod: Limit one foe put to sleep\n|rule|Species Clause: Limit one of each Pok\u00e9mon\n|rule|OHKO Clause: OHKO moves are banned\n|rule|Evasion Items Clause: Evasion items are banned\n|rule|Evasion Moves Clause: Evasion moves are banned\n|rule|Endless Battle Clause: Forcing endless battles is banned\n|rule|HP Percentage Mod: HP is shown in percentages\n|clearpoke\n|poke|p1|Weavile, F|\n|poke|p1|Heatran, F|\n|poke|p1|Great Tusk|\n|poke|p1|Landorus-Therian, M|\n|poke|p1|Ogerpon-Wellspring, F|\n|poke|p1|Gholdengo|\n|poke|p2|Thundurus-Therian, M|\n|poke|p2|Ninetales-Alola, F|\n|poke|p2|Kingambit, F|\n|poke|p2|Ogerpon-Wellspring, F|\n|poke|p2|Skeledirge, F|\n|poke|p2|Kommo-o, F|\n|teampreview\n|inactive|Battle timer is ON: inactive players will automatically lose when time's up. (requested by CDfromtheP)\n|\n|t:|1701113529\n|start\n|switch|p1a: Heatran|Heatran, F|100\/100\n|switch|p2a: Thundurus|Thundurus-Therian, M|100\/100\n|turn|1\n|\n|t:|1701113558\n|switch|p2a: Tony Komo|Kommo-o, F|100\/100\n|switch|p1a: Great Tusk|Great Tusk|100\/100\n|\n|upkeep\n|turn|2\n|inactive|UltraSwagGaming has 120 seconds left.\n|\n|t:|1701113576\n|switch|p2a: Ninetales|Ninetales-Alola, F|100\/100\n|-weather|Snow|[from] ability: Snow Warning|[of] p2a: Ninetales\n|move|p1a: Great Tusk|Headlong Rush|p2a: Ninetales\n|-damage|p2a: Ninetales|61\/100\n|-unboost|p1a: Great Tusk|def|1\n|-unboost|p1a: Great Tusk|spd|1\n|\n|-weather|Snow|[upkeep]\n|upkeep\n|turn|3\n|inactive|UltraSwagGaming has 120 seconds left.\n|\n|t:|1701113588\n|-end|p1a: Great Tusk|Protosynthesis|[silent]\n|switch|p1a: Heatran|Heatran, F|100\/100\n|move|p2a: Ninetales|Hypnosis|p1a: Heatran|[miss]\n|-miss|p2a: Ninetales|p1a: Heatran\n|\n|-weather|Snow|[upkeep]\n|upkeep\n|turn|4\n|\n|t:|1701113594\n|switch|p1a: Gholdengo|Gholdengo|100\/100\n|move|p2a: Ninetales|Aurora Veil|p2a: Ninetales\n|-sidestart|p2: UltraSwagGaming|move: Aurora Veil\n|\n|-weather|Snow|[upkeep]\n|upkeep\n|turn|5\n|inactive|UltraSwagGaming has 120 seconds left.\n|\n|t:|1701113611\n|switch|p1a: Weavile|Weavile, F|100\/100\n|-ability|p1a: Weavile|Pressure\n|move|p2a: Ninetales|Hypnosis|p1a: Weavile\n|-status|p1a: Weavile|slp|[from] move: Hypnosis\n|\n|-weather|Snow|[upkeep]\n|upkeep\n|turn|6\n|inactive|UltraSwagGaming has 120 seconds left.\n|\n|t:|1701113625\n|switch|p2a: Ogerpon|Ogerpon-Wellspring, F|100\/100\n|cant|p1a: Weavile|slp\n|\n|-weather|none\n|upkeep\n|turn|7\n|\n|t:|1701113633\n|switch|p1a: Ogerpon|Ogerpon-Wellspring, F|100\/100\n|move|p2a: Ogerpon|Swords Dance|p2a: Ogerpon\n|-boost|p2a: Ogerpon|atk|2\n|\n|upkeep\n|turn|8\n|\n|t:|1701113639\n|move|p1a: Ogerpon|Encore|p2a: Ogerpon\n|-start|p2a: Ogerpon|Encore\n|move|p2a: Ogerpon|Swords Dance|p2a: Ogerpon\n|-boost|p2a: Ogerpon|atk|2\n|\n|upkeep\n|turn|9\n|inactive|UltraSwagGaming has 120 seconds left.\n|\n|t:|1701113659\n|switch|p2a: Tony Komo|Kommo-o, F|100\/100\n|move|p1a: Ogerpon|Power Whip|p2a: Tony Komo\n|-resisted|p2a: Tony Komo\n|-damage|p2a: Tony Komo|83\/100\n|\n|-heal|p2a: Tony Komo|89\/100|[from] item: Leftovers\n|upkeep\n|turn|10\n|inactive|UltraSwagGaming has 120 seconds left.\n|inactive|CDfromtheP has 120 seconds left.\n|\n|t:|1701113695\n|switch|p1a: Landorus|Landorus-Therian, M|100\/100\n|-ability|p1a: Landorus|Intimidate|boost\n|-unboost|p2a: Tony Komo|atk|1\n|switch|p2a: Ninetales|Ninetales-Alola, F|61\/100\n|-weather|Snow|[from] ability: Snow Warning|[of] p2a: Ninetales\n|\n|-weather|Snow|[upkeep]\n|upkeep\n|turn|11\n|inactive|CDfromtheP has 120 seconds left.\n|inactive|UltraSwagGaming has 120 seconds left.\n|\n|t:|1701113704\n|switch|p1a: Heatran|Heatran, F|100\/100\n|move|p2a: Ninetales|Freeze-Dry|p1a: Heatran\n|-resisted|p1a: Heatran\n|-damage|p1a: Heatran|97\/100\n|\n|-weather|Snow|[upkeep]\n|-heal|p1a: Heatran|100\/100|[from] item: Leftovers\n|-sideend|p2: UltraSwagGaming|move: Aurora Veil\n|upkeep\n|turn|12\n|inactive|UltraSwagGaming has 120 seconds left.\n|\n|t:|1701113718\n|move|p2a: Ninetales|Aurora Veil|p2a: Ninetales\n|-sidestart|p2: UltraSwagGaming|move: Aurora Veil\n|move|p1a: Heatran|Magma Storm|p2a: Ninetales\n|-supereffective|p2a: Ninetales\n|-damage|p2a: Ninetales|20\/100\n|-activate|p2a: Ninetales|move: Magma Storm|[of] p1a: Heatran\n|\n|-weather|Snow|[upkeep]\n|-damage|p2a: Ninetales|8\/100|[from] move: Magma Storm|[partiallytrapped]\n|upkeep\n|turn|13\n|inactive|CDfromtheP has 120 seconds left.\n|\n|t:|1701113735\n|move|p2a: Ninetales|Encore|p1a: Heatran\n|-start|p1a: Heatran|Encore\n|move|p1a: Heatran|Magma Storm|p2a: Ninetales\n|-supereffective|p2a: Ninetales\n|-damage|p2a: Ninetales|0 fnt\n|faint|p2a: Ninetales\n|\n|-weather|Snow|[upkeep]\n|upkeep\n|inactive|UltraSwagGaming has 120 seconds left.\n|\n|t:|1701113748\n|switch|p2a: Tony Komo|Kommo-o, F|89\/100\n|turn|14\n|\n|t:|1701113756\n|switch|p1a: Landorus|Landorus-Therian, M|100\/100\n|-ability|p1a: Landorus|Intimidate|boost\n|-unboost|p2a: Tony Komo|atk|1\n|move|p2a: Tony Komo|Clangorous Soul|p2a: Tony Komo\n|-boost|p2a: Tony Komo|atk|1\n|-boost|p2a: Tony Komo|def|1\n|-boost|p2a: Tony Komo|spa|1\n|-boost|p2a: Tony Komo|spd|1\n|-boost|p2a: Tony Komo|spe|1\n|-damage|p2a: Tony Komo|56\/100\n|\n|-weather|none\n|-heal|p2a: Tony Komo|62\/100|[from] item: Leftovers\n|upkeep\n|turn|15\n|inactive|UltraSwagGaming has 120 seconds left.\n|\n|t:|1701113794\n|move|p1a: Landorus|U-turn|p2a: Tony Komo\n|-resisted|p2a: Tony Komo\n|-damage|p2a: Tony Komo|59\/100\n|\n|t:|1701113804\n|switch|p1a: Heatran|Heatran, F|100\/100|[from] U-turn\n|move|p2a: Tony Komo|Clangorous Soul|p2a: Tony Komo\n|-boost|p2a: Tony Komo|atk|1\n|-boost|p2a: Tony Komo|def|1\n|-boost|p2a: Tony Komo|spa|1\n|-boost|p2a: Tony Komo|spd|1\n|-boost|p2a: Tony Komo|spe|1\n|-damage|p2a: Tony Komo|26\/100\n|\n|-heal|p2a: Tony Komo|32\/100|[from] item: Leftovers\n|upkeep\n|turn|16\n|\n|t:|1701113817\n|move|p2a: Tony Komo|Drain Punch|p1a: Heatran\n|-supereffective|p1a: Heatran\n|-damage|p1a: Heatran|29\/100\n|-heal|p2a: Tony Komo|79\/100|[from] drain|[of] p1a: Heatran\n|move|p1a: Heatran|Will-O-Wisp|p2a: Tony Komo\n|-status|p2a: Tony Komo|brn\n|\n|-heal|p2a: Tony Komo|85\/100 brn|[from] item: Leftovers\n|-heal|p1a: Heatran|35\/100|[from] item: Leftovers\n|-damage|p2a: Tony Komo|79\/100 brn|[from] brn\n|upkeep\n|turn|17\n|\n|t:|1701113828\n|switch|p1a: Landorus|Landorus-Therian, M|100\/100\n|-ability|p1a: Landorus|Intimidate|boost\n|-unboost|p2a: Tony Komo|atk|1\n|move|p2a: Tony Komo|Drain Punch|p1a: Landorus\n|-resisted|p1a: Landorus\n|-damage|p1a: Landorus|92\/100\n|-heal|p2a: Tony Komo|84\/100 brn|[from] drain|[of] p1a: Landorus\n|\n|-heal|p2a: Tony Komo|90\/100 brn|[from] item: Leftovers\n|-damage|p2a: Tony Komo|84\/100 brn|[from] brn\n|upkeep\n|turn|18\n|\n|t:|1701113848\n|switch|p1a: Great Tusk|Great Tusk|100\/100\n|move|p2a: Tony Komo|Clanging Scales|p1a: Great Tusk\n|-damage|p1a: Great Tusk|0 fnt\n|faint|p1a: Great Tusk\n|-end|p1a: Great Tusk|Protosynthesis|[silent]\n|-unboost|p2a: Tony Komo|def|1\n|\n|-heal|p2a: Tony Komo|90\/100 brn|[from] item: Leftovers\n|-damage|p2a: Tony Komo|84\/100 brn|[from] brn\n|upkeep\n|\n|t:|1701113857\n|switch|p1a: Weavile|Weavile, F|100\/100 slp\n|-ability|p1a: Weavile|Pressure\n|turn|19\n|\n|t:|1701113878\n|switch|p1a: Gholdengo|Gholdengo|100\/100\n|move|p2a: Tony Komo|Flamethrower|p1a: Gholdengo\n|-supereffective|p1a: Gholdengo\n|-damage|p1a: Gholdengo|0 fnt\n|faint|p1a: Gholdengo\n|\n|-heal|p2a: Tony Komo|90\/100 brn|[from] item: Leftovers\n|-damage|p2a: Tony Komo|84\/100 brn|[from] brn\n|-sideend|p2: UltraSwagGaming|move: Aurora Veil\n|upkeep\n|\n|t:|1701113886\n|switch|p1a: Ogerpon|Ogerpon-Wellspring, F|100\/100\n|turn|20\n|\n|t:|1701113902\n|move|p2a: Tony Komo|Clanging Scales|p1a: Ogerpon\n|-damage|p1a: Ogerpon|0 fnt\n|faint|p1a: Ogerpon\n|-unboost|p2a: Tony Komo|def|1\n|\n|-heal|p2a: Tony Komo|90\/100 brn|[from] item: Leftovers\n|-damage|p2a: Tony Komo|84\/100 brn|[from] brn\n|upkeep\n|\n|t:|1701113906\n|switch|p1a: Weavile|Weavile, F|100\/100 slp\n|-ability|p1a: Weavile|Pressure\n|turn|21\n|inactive|UltraSwagGaming has 120 seconds left.\n|\n|t:|1701113912\n|-terastallize|p2a: Tony Komo|Fire\n|-terastallize|p1a: Weavile|Ice\n|cant|p1a: Weavile|slp\n|move|p2a: Tony Komo|Flamethrower|p1a: Weavile\n|-supereffective|p1a: Weavile\n|-damage|p1a: Weavile|0 fnt\n|faint|p1a: Weavile\n|\n|-heal|p2a: Tony Komo|90\/100 brn|[from] item: Leftovers\n|-damage|p2a: Tony Komo|84\/100 brn|[from] brn\n|upkeep\n|\n|t:|1701113919\n|switch|p1a: Landorus|Landorus-Therian, M|92\/100\n|-ability|p1a: Landorus|Intimidate|boost\n|-unboost|p2a: Tony Komo|atk|1\n|turn|22\n|\n|t:|1701113924\n|move|p2a: Tony Komo|Clanging Scales|p1a: Landorus\n|-damage|p1a: Landorus|0 fnt\n|faint|p1a: Landorus\n|-unboost|p2a: Tony Komo|def|1\n|\n|-heal|p2a: Tony Komo|90\/100 brn|[from] item: Leftovers\n|-damage|p2a: Tony Komo|84\/100 brn|[from] brn\n|upkeep\n|-message|CDfromtheP forfeited.\n|\n|win|UltraSwagGaming\n|raw|CDfromtheP's rating: 1476 &rarr; <strong>1456<\/strong><br \/>(-20 for losing)\n|raw|UltraSwagGaming's rating: 1469 &rarr; <strong>1489<\/strong><br \/>(+20 for winning)\n|l|\u2606CDfromtheP\n","uploadtime":1701115385,"views":12,"p1id":"cdfromthep","p2id":"ultraswaggaming","formatid":"gen9ou","rating":1456,"private":0,"password":""}