{"id":"gen9ou-1994765692","p1":"yomommasbf","p2":"perol","format":"[Gen 9] OU","log":"|j|\u2606yomommasbf\n|j|\u2606perol\n|t:|1700490591\n|gametype|singles\n|player|p1|yomommasbf|battlegirl-gen4|1355\n|player|p2|perol|alder|1437\n|teamsize|p1|6\n|teamsize|p2|6\n|gen|9\n|tier|[Gen 9] OU\n|rated|\n|rule|Sleep Clause Mod: Limit one foe put to sleep\n|rule|Species Clause: Limit one of each Pok\u00e9mon\n|rule|OHKO Clause: OHKO moves are banned\n|rule|Evasion Items Clause: Evasion items are banned\n|rule|Evasion Moves Clause: Evasion moves are banned\n|rule|Endless Battle Clause: Forcing endless battles is banned\n|rule|HP Percentage Mod: HP is shown in percentages\n|clearpoke\n|poke|p1|Thundurus-Therian, M|\n|poke|p1|Zamazenta-*|\n|poke|p1|Corviknight, F|\n|poke|p1|Toxapex, M|\n|poke|p1|Gholdengo|\n|poke|p1|Kingambit, M|\n|poke|p2|Gholdengo|\n|poke|p2|Garganacl, M|\n|poke|p2|Samurott-Hisui, F|\n|poke|p2|Ogerpon-Wellspring, F|\n|poke|p2|Slowking-Galar, M|\n|poke|p2|Landorus-Therian, M|\n|teampreview\n|inactive|Battle timer is ON: inactive players will automatically lose when time's up. (requested by perol)\n|\n|t:|1700490596\n|start\n|switch|p1a: Zeus|Thundurus-Therian, M, shiny|100\/100\n|switch|p2a: Samurott|Samurott-Hisui, F|100\/100\n|turn|1\n|\n|t:|1700490605\n|switch|p2a: Landorus|Landorus-Therian, M|100\/100\n|-ability|p2a: Landorus|Intimidate|boost\n|-unboost|p1a: Zeus|atk|1\n|move|p1a: Zeus|Thunderbolt|p2a: Landorus\n|-immune|p2a: Landorus\n|\n|upkeep\n|turn|2\n|\n|t:|1700490614\n|-terastallize|p1a: Zeus|Ice\n|move|p1a: Zeus|Tera Blast|p2a: Landorus|[anim] Tera Blast Ice\n|-supereffective|p2a: Landorus\n|-damage|p2a: Landorus|0 fnt\n|faint|p2a: Landorus\n|\n|upkeep\n|\n|t:|1700490621\n|switch|p2a: Slowking|Slowking-Galar, M|100\/100\n|turn|3\n|\n|t:|1700490637\n|switch|p1a: Kingambit|Kingambit, M, shiny|100\/100\n|move|p2a: Slowking|Trick|p1a: Kingambit\n|-activate|p2a: Slowking|move: Trick|[of] p1a: Kingambit\n|-item|p1a: Kingambit|Black Sludge|[from] move: Trick\n|-item|p2a: Slowking|Lum Berry|[from] move: Trick\n|\n|-damage|p1a: Kingambit|88\/100|[from] item: Black Sludge\n|upkeep\n|turn|4\n|\n|t:|1700490648\n|switch|p2a: Samurott|Samurott-Hisui, F|100\/100\n|move|p1a: Kingambit|Kowtow Cleave|p2a: Samurott\n|-resisted|p2a: Samurott\n|-damage|p2a: Samurott|66\/100\n|\n|-heal|p2a: Samurott|72\/100|[from] item: Leftovers\n|-damage|p1a: Kingambit|76\/100|[from] item: Black Sludge\n|upkeep\n|turn|5\n|\n|t:|1700490658\n|move|p2a: Samurott|Ceaseless Edge|p1a: Kingambit\n|-resisted|p1a: Kingambit\n|-damage|p1a: Kingambit|60\/100\n|-sidestart|p1: yomommasbf|Spikes\n|move|p1a: Kingambit|Low Kick|p2a: Samurott\n|-supereffective|p2a: Samurott\n|-damage|p2a: Samurott|0 fnt\n|faint|p2a: Samurott\n|\n|-damage|p1a: Kingambit|48\/100|[from] item: Black Sludge\n|upkeep\n|\n|t:|1700490676\n|switch|p2a: Garganacl|Garganacl, M|100\/100\n|turn|6\n|\n|t:|1700490686\n|-terastallize|p2a: Garganacl|Water\n|move|p1a: Kingambit|Iron Head|p2a: Garganacl\n|-resisted|p2a: Garganacl\n|-damage|p2a: Garganacl|86\/100\n|cant|p2a: Garganacl|flinch\n|\n|-damage|p1a: Kingambit|36\/100|[from] item: Black Sludge\n|-heal|p2a: Garganacl|92\/100|[from] item: Leftovers\n|upkeep\n|turn|7\n|\n|t:|1700490707\n|-end|p1a: Kingambit|fallenundefined|[silent]\n|switch|p1a: Toxapex|Toxapex, M, shiny|100\/100\n|-damage|p1a: Toxapex|88\/100|[from] Spikes\n|move|p2a: Garganacl|Iron Defense|p2a: Garganacl\n|-boost|p2a: Garganacl|def|2\n|\n|-heal|p1a: Toxapex|94\/100|[from] item: Black Sludge\n|-heal|p2a: Garganacl|98\/100|[from] item: Leftovers\n|upkeep\n|turn|8\n|\n|t:|1700490719\n|move|p2a: Garganacl|Salt Cure|p1a: Toxapex\n|-damage|p1a: Toxapex|86\/100\n|-start|p1a: Toxapex|Salt Cure\n|move|p1a: Toxapex|Toxic|p2a: Garganacl\n|-immune|p2a: Garganacl|[from] ability: Purifying Salt\n|\n|-heal|p2a: Garganacl|100\/100|[from] item: Leftovers\n|-heal|p1a: Toxapex|92\/100|[from] item: Black Sludge\n|-damage|p1a: Toxapex|67\/100|[from] Salt Cure\n|upkeep\n|turn|9\n|c|\u2606yomommasbf|ah forgot about that\n|\n|t:|1700490737\n|move|p2a: Garganacl|Iron Defense|p2a: Garganacl\n|-boost|p2a: Garganacl|def|2\n|move|p1a: Toxapex|Haze|p1a: Toxapex\n|-clearallboost\n|\n|-heal|p1a: Toxapex|73\/100|[from] item: Black Sludge\n|-damage|p1a: Toxapex|48\/100|[from] Salt Cure\n|upkeep\n|turn|10\n|\n|t:|1700490751\n|switch|p1a: Zeus|Thundurus-Therian, M, shiny, tera:Ice|100\/100\n|move|p2a: Garganacl|Salt Cure|p1a: Zeus\n|-supereffective|p1a: Zeus\n|-damage|p1a: Zeus|54\/100\n|-start|p1a: Zeus|Salt Cure\n|\n|-damage|p1a: Zeus|42\/100|[from] Salt Cure\n|upkeep\n|turn|11\n|\n|t:|1700490761\n|switch|p2a: Slowking|Slowking-Galar, M|100\/100\n|move|p1a: Zeus|Thunderbolt|p2a: Slowking\n|-damage|p2a: Slowking|72\/100\n|\n|-damage|p1a: Zeus|30\/100|[from] Salt Cure\n|upkeep\n|turn|12\n|\n|t:|1700490775\n|switch|p1a: Corviknight|Corviknight, F, shiny|100\/100\n|move|p2a: Slowking|Chilly Reception|p2a: Slowking\n|-weather|Snow\n|\n|t:|1700490780\n|switch|p2a: Gholdengo|Gholdengo|100\/100|[from] Chilly Reception\n|-item|p2a: Gholdengo|Air Balloon\n|\n|-weather|Snow|[upkeep]\n|upkeep\n|turn|13\n|\n|t:|1700490800\n|move|p2a: Gholdengo|Shadow Ball|p1a: Corviknight\n|-damage|p1a: Corviknight|65\/100\n|-ability|p1a: Corviknight|Mirror Armor\n|-unboost|p2a: Gholdengo|spd|1\n|move|p1a: Corviknight|Bulk Up|p1a: Corviknight\n|-boost|p1a: Corviknight|atk|1\n|-boost|p1a: Corviknight|def|1\n|\n|-weather|Snow|[upkeep]\n|upkeep\n|turn|14\n|inactive|yomommasbf has 120 seconds left.\n|\n|t:|1700490819\n|switch|p1a: dawg|Zamazenta, shiny|100\/100\n|-damage|p1a: dawg|88\/100|[from] Spikes\n|-ability|p1a: dawg|Dauntless Shield|boost\n|-boost|p1a: dawg|def|1\n|move|p2a: Gholdengo|Nasty Plot|p2a: Gholdengo\n|-boost|p2a: Gholdengo|spa|2\n|\n|-weather|Snow|[upkeep]\n|-heal|p1a: dawg|94\/100|[from] item: Leftovers\n|upkeep\n|turn|15\n|inactive|yomommasbf has 120 seconds left.\n|\n|t:|1700490833\n|switch|p1a: Kingambit|Kingambit, M, shiny|36\/100\n|-damage|p1a: Kingambit|23\/100|[from] Spikes\n|move|p2a: Gholdengo|Shadow Ball|p1a: Kingambit\n|-resisted|p1a: Kingambit\n|-damage|p1a: Kingambit|0 fnt\n|faint|p1a: Kingambit\n|-end|p1a: Kingambit|fallenundefined|[silent]\n|\n|-weather|Snow|[upkeep]\n|upkeep\n|inactive|yomommasbf has 120 seconds left.\n|\n|t:|1700490842\n|switch|p1a: Gholdengo|Gholdengo, shiny|100\/100\n|-damage|p1a: Gholdengo|88\/100|[from] Spikes\n|turn|16\n|\n|t:|1700490850\n|switch|p2a: Garganacl|Garganacl, M, tera:Water|100\/100\n|move|p1a: Gholdengo|Shadow Ball|p2a: Garganacl\n|-damage|p2a: Garganacl|86\/100\n|\n|-weather|none\n|-heal|p2a: Garganacl|92\/100|[from] item: Leftovers\n|upkeep\n|turn|17\n|inactive|yomommasbf has 120 seconds left.\n|\n|t:|1700490873\n|switch|p1a: Corviknight|Corviknight, F, shiny|65\/100\n|move|p2a: Garganacl|Salt Cure|p1a: Corviknight\n|-damage|p1a: Corviknight|53\/100\n|-start|p1a: Corviknight|Salt Cure\n|\n|-heal|p2a: Garganacl|98\/100|[from] item: Leftovers\n|-damage|p1a: Corviknight|28\/100|[from] Salt Cure\n|upkeep\n|turn|18\n|inactive|yomommasbf has 120 seconds left.\n|\n|t:|1700490883\n|move|p1a: Corviknight|Defog|p2a: Garganacl\n|-unboost|p2a: Garganacl|evasion|1\n|-sideend|p1: yomommasbf|Spikes|[from] move: Defog|[of] p1a: Corviknight\n|move|p2a: Garganacl|Iron Defense|p2a: Garganacl\n|-boost|p2a: Garganacl|def|2\n|\n|-heal|p2a: Garganacl|100\/100|[from] item: Leftovers\n|-damage|p1a: Corviknight|3\/100|[from] Salt Cure\n|upkeep\n|turn|19\n|inactive|yomommasbf has 120 seconds left.\n|\n|t:|1700490917\n|move|p1a: Corviknight|Brave Bird|p2a: Garganacl\n|-damage|p2a: Garganacl|83\/100\n|-damage|p1a: Corviknight|0 fnt|[from] Recoil\n|faint|p1a: Corviknight\n|move|p2a: Garganacl|Salt Cure|p1: Corviknight|[notarget]\n|-fail|p2a: Garganacl\n|\n|-heal|p2a: Garganacl|89\/100|[from] item: Leftovers\n|upkeep\n|\n|t:|1700490926\n|switch|p1a: Zeus|Thundurus-Therian, M, shiny, tera:Ice|30\/100\n|turn|20\n|\n|t:|1700490932\n|switch|p2a: Ogerpon|Ogerpon-Wellspring, F|100\/100\n|move|p1a: Zeus|Thunderbolt|p2a: Ogerpon\n|-damage|p2a: Ogerpon|38\/100\n|\n|upkeep\n|turn|21\n|\n|t:|1700490958\n|switch|p1a: Gholdengo|Gholdengo, shiny|88\/100\n|move|p2a: Ogerpon|Ivy Cudgel|p1a: Gholdengo|[anim] Ivy Cudgel Water\n|-damage|p1a: Gholdengo|26\/100\n|\n|upkeep\n|turn|22\n|\n|t:|1700490967\n|switch|p2a: Garganacl|Garganacl, M, tera:Water|89\/100\n|move|p1a: Gholdengo|Shadow Ball|p2a: Garganacl\n|-damage|p2a: Garganacl|75\/100\n|\n|-heal|p2a: Garganacl|81\/100|[from] item: Leftovers\n|upkeep\n|turn|23\n|\n|t:|1700490979\n|switch|p1a: Toxapex|Toxapex, M, shiny|48\/100\n|move|p2a: Garganacl|Salt Cure|p1a: Toxapex\n|-damage|p1a: Toxapex|40\/100\n|-start|p1a: Toxapex|Salt Cure\n|\n|-heal|p1a: Toxapex|46\/100|[from] item: Black Sludge\n|-heal|p2a: Garganacl|87\/100|[from] item: Leftovers\n|-damage|p1a: Toxapex|22\/100|[from] Salt Cure\n|upkeep\n|turn|24\n|\n|t:|1700490989\n|move|p2a: Garganacl|Recover|p2a: Garganacl\n|-heal|p2a: Garganacl|100\/100\n|move|p1a: Toxapex|Recover|p1a: Toxapex\n|-heal|p1a: Toxapex|72\/100\n|\n|-heal|p1a: Toxapex|78\/100|[from] item: Black Sludge\n|-damage|p1a: Toxapex|53\/100|[from] Salt Cure\n|upkeep\n|turn|25\n|\n|t:|1700491000\n|move|p1a: Toxapex|Recover|p1a: Toxapex\n|-heal|p1a: Toxapex|100\/100\n|move|p2a: Garganacl|Iron Defense|p2a: Garganacl\n|-boost|p2a: Garganacl|def|2\n|\n|-damage|p1a: Toxapex|76\/100|[from] Salt Cure\n|upkeep\n|turn|26\n|\n|t:|1700491008\n|move|p2a: Garganacl|Salt Cure|p1a: Toxapex\n|-damage|p1a: Toxapex|67\/100\n|move|p1a: Toxapex|Haze|p1a: Toxapex\n|-clearallboost\n|\n|-heal|p1a: Toxapex|73\/100|[from] item: Black Sludge\n|-damage|p1a: Toxapex|48\/100|[from] Salt Cure\n|upkeep\n|turn|27\n|\n|t:|1700491019\n|switch|p1a: Zeus|Thundurus-Therian, M, shiny, tera:Ice|30\/100\n|move|p2a: Garganacl|Iron Defense|p2a: Garganacl\n|-boost|p2a: Garganacl|def|2\n|\n|upkeep\n|turn|28\n|inactive|yomommasbf has 120 seconds left.\n|\n|t:|1700491031\n|move|p1a: Zeus|Nasty Plot|p1a: Zeus\n|-boost|p1a: Zeus|spa|2\n|move|p2a: Garganacl|Body Press|p1a: Zeus\n|-supereffective|p1a: Zeus\n|-damage|p1a: Zeus|0 fnt\n|faint|p1a: Zeus\n|\n|upkeep\n|\n|t:|1700491046\n|switch|p1a: Gholdengo|Gholdengo, shiny|26\/100\n|turn|29\n|\n|t:|1700491054\n|move|p1a: Gholdengo|Trick|p2a: Garganacl\n|-activate|p1a: Gholdengo|move: Trick|[of] p2a: Garganacl\n|-item|p2a: Garganacl|Choice Scarf|[from] move: Trick\n|-item|p1a: Gholdengo|Leftovers|[from] move: Trick\n|move|p2a: Garganacl|Salt Cure|p1a: Gholdengo\n|-resisted|p1a: Gholdengo\n|-damage|p1a: Gholdengo|18\/100\n|-start|p1a: Gholdengo|Salt Cure\n|\n|-heal|p1a: Gholdengo|24\/100|[from] item: Leftovers\n|-damage|p1a: Gholdengo|0 fnt|[from] Salt Cure\n|faint|p1a: Gholdengo\n|upkeep\n|\n|t:|1700491064\n|switch|p1a: dawg|Zamazenta, shiny|94\/100\n|turn|30\n|\n|t:|1700491070\n|move|p1a: dawg|Iron Defense|p1a: dawg\n|-boost|p1a: dawg|def|2\n|move|p2a: Garganacl|Salt Cure|p1a: dawg\n|-resisted|p1a: dawg\n|-damage|p1a: dawg|92\/100\n|-start|p1a: dawg|Salt Cure\n|\n|-heal|p1a: dawg|98\/100|[from] item: Leftovers\n|-damage|p1a: dawg|85\/100|[from] Salt Cure\n|upkeep\n|turn|31\n|\n|t:|1700491081\n|switch|p2a: Gholdengo|Gholdengo|100\/100\n|-item|p2a: Gholdengo|Air Balloon\n|move|p1a: dawg|Iron Defense|p1a: dawg\n|-boost|p1a: dawg|def|2\n|\n|-heal|p1a: dawg|92\/100|[from] item: Leftovers\n|-damage|p1a: dawg|79\/100|[from] Salt Cure\n|upkeep\n|turn|32\n|\n|t:|1700491095\n|move|p1a: dawg|Iron Head|p2a: Gholdengo\n|-resisted|p2a: Gholdengo\n|-damage|p2a: Gholdengo|93\/100\n|-enditem|p2a: Gholdengo|Air Balloon\n|cant|p2a: Gholdengo|flinch\n|\n|-heal|p1a: dawg|85\/100|[from] item: Leftovers\n|-damage|p1a: dawg|73\/100|[from] Salt Cure\n|upkeep\n|turn|33\n|\n|t:|1700491105\n|move|p1a: dawg|Iron Head|p2a: Gholdengo\n|-resisted|p2a: Gholdengo\n|-damage|p2a: Gholdengo|85\/100\n|cant|p2a: Gholdengo|flinch\n|\n|-heal|p1a: dawg|79\/100|[from] item: Leftovers\n|-damage|p1a: dawg|67\/100|[from] Salt Cure\n|upkeep\n|turn|34\n|\n|t:|1700491115\n|move|p1a: dawg|Iron Head|p2a: Gholdengo\n|-resisted|p2a: Gholdengo\n|-damage|p2a: Gholdengo|78\/100\n|move|p2a: Gholdengo|Nasty Plot|p2a: Gholdengo\n|-boost|p2a: Gholdengo|spa|2\n|\n|-heal|p1a: dawg|73\/100|[from] item: Leftovers\n|-damage|p1a: dawg|61\/100|[from] Salt Cure\n|upkeep\n|turn|35\n|\n|t:|1700491125\n|move|p1a: dawg|Iron Head|p2a: Gholdengo\n|-resisted|p2a: Gholdengo\n|-damage|p2a: Gholdengo|69\/100\n|cant|p2a: Gholdengo|flinch\n|\n|-heal|p1a: dawg|67\/100|[from] item: Leftovers\n|-damage|p1a: dawg|55\/100|[from] Salt Cure\n|upkeep\n|turn|36\n|\n|t:|1700491133\n|move|p1a: dawg|Iron Head|p2a: Gholdengo\n|-resisted|p2a: Gholdengo\n|-damage|p2a: Gholdengo|62\/100\n|cant|p2a: Gholdengo|flinch\n|\n|-heal|p1a: dawg|61\/100|[from] item: Leftovers\n|-damage|p1a: dawg|48\/100|[from] Salt Cure\n|upkeep\n|turn|37\n|\n|t:|1700491142\n|move|p1a: dawg|Iron Head|p2a: Gholdengo\n|-resisted|p2a: Gholdengo\n|-damage|p2a: Gholdengo|55\/100\n|move|p2a: Gholdengo|Nasty Plot|p2a: Gholdengo\n|-boost|p2a: Gholdengo|spa|2\n|\n|-heal|p1a: dawg|55\/100|[from] item: Leftovers\n|-damage|p1a: dawg|42\/100|[from] Salt Cure\n|upkeep\n|turn|38\n|\n|t:|1700491153\n|move|p1a: dawg|Iron Head|p2a: Gholdengo\n|-resisted|p2a: Gholdengo\n|-damage|p2a: Gholdengo|47\/100\n|cant|p2a: Gholdengo|flinch\n|\n|-heal|p1a: dawg|48\/100|[from] item: Leftovers\n|-damage|p1a: dawg|36\/100|[from] Salt Cure\n|upkeep\n|turn|39\n|\n|t:|1700491162\n|move|p1a: dawg|Iron Head|p2a: Gholdengo\n|-resisted|p2a: Gholdengo\n|-damage|p2a: Gholdengo|38\/100\n|move|p2a: Gholdengo|Recover|p2a: Gholdengo\n|-heal|p2a: Gholdengo|88\/100\n|\n|-heal|p1a: dawg|42\/100|[from] item: Leftovers\n|-damage|p1a: dawg|30\/100|[from] Salt Cure\n|upkeep\n|turn|40\n|-message|yomommasbf forfeited.\n|\n|win|perol\n|raw|yomommasbf's rating: 1355 &rarr; <strong>1340<\/strong><br \/>(-15 for losing)\n|raw|perol's rating: 1437 &rarr; <strong>1452<\/strong><br \/>(+15 for winning)\n|l|\u2606yomommasbf\n","uploadtime":1700491218,"views":21,"p1id":"yomommasbf","p2id":"perol","formatid":"gen9ou","rating":1340,"private":0,"password":""}