{"id":"gen9ou-1989555113","p1":"ElvisYonario","p2":"meiwodsa","format":"[Gen 9] OU","log":"|j|\u2606ElvisYonario\n|j|\u2606meiwodsa\n|t:|1699870540\n|gametype|singles\n|player|p1|ElvisYonario|2|1032\n|player|p2|meiwodsa|2|1000\n|teamsize|p1|6\n|teamsize|p2|6\n|gen|9\n|tier|[Gen 9] OU\n|rated|\n|rule|Sleep Clause Mod: Limit one foe put to sleep\n|rule|Species Clause: Limit one of each Pok\u00e9mon\n|rule|OHKO Clause: OHKO moves are banned\n|rule|Evasion Items Clause: Evasion items are banned\n|rule|Evasion Moves Clause: Evasion moves are banned\n|rule|Endless Battle Clause: Forcing endless battles is banned\n|rule|HP Percentage Mod: HP is shown in percentages\n|clearpoke\n|poke|p1|Decidueye-Hisui, M|\n|poke|p1|Grimmsnarl, M|\n|poke|p1|Staraptor, M|\n|poke|p1|Vaporeon, F|\n|poke|p1|Garchomp, M|\n|poke|p1|Chandelure, M|\n|poke|p2|Espeon, F|\n|poke|p2|Umbreon, F|\n|poke|p2|Sylveon, F|\n|poke|p2|Leafeon, M|\n|poke|p2|Glaceon, F|\n|poke|p2|Vaporeon, F|\n|teampreview\n|\n|t:|1699870561\n|start\n|switch|p1a: Martin|Staraptor, M|100\/100\n|switch|p2a: Vaporeon|Vaporeon, F|100\/100\n|turn|1\n|\n|t:|1699870572\n|move|p1a: Martin|U-turn|p2a: Vaporeon\n|-damage|p2a: Vaporeon|77\/100\n|\n|t:|1699870579\n|switch|p1a: Becario Pana|Decidueye-Hisui, M|100\/100|[from] U-turn\n|move|p2a: Vaporeon|Yawn|p1a: Becario Pana\n|-start|p1a: Becario Pana|move: Yawn|[of] p2a: Vaporeon\n|\n|upkeep\n|turn|2\n|\n|t:|1699870609\n|switch|p2a: Espeon|Espeon, F, shiny|100\/100\n|switch|p1a: Cartos Carlstro|Grimmsnarl, M|100\/100\n|\n|upkeep\n|turn|3\n|\n|t:|1699870648\n|move|p1a: Cartos Carlstro|Light Screen|p1a: Cartos Carlstro\n|-sidestart|p1: ElvisYonario|move: Light Screen\n|move|p2a: Espeon|Sunny Day|p2a: Espeon\n|-weather|SunnyDay\n|\n|-weather|SunnyDay|[upkeep]\n|upkeep\n|turn|4\n|\n|t:|1699870655\n|switch|p2a: Leafeon|Leafeon, M|100\/100\n|move|p1a: Cartos Carlstro|Reflect|p1a: Cartos Carlstro\n|-sidestart|p1: ElvisYonario|Reflect\n|\n|-weather|SunnyDay|[upkeep]\n|upkeep\n|turn|5\n|\n|t:|1699870667\n|-terastallize|p2a: Leafeon|Grass\n|move|p1a: Cartos Carlstro|Parting Shot|p2a: Leafeon\n|-unboost|p2a: Leafeon|atk|1\n|-unboost|p2a: Leafeon|spa|1\n|\n|t:|1699870674\n|switch|p1a: EL FLORO|Chandelure, M|100\/100|[from] Parting Shot\n|move|p2a: Leafeon|Knock Off|p1a: EL FLORO\n|-supereffective|p1a: EL FLORO\n|-damage|p1a: EL FLORO|70\/100\n|-enditem|p1a: EL FLORO|Assault Vest|[from] move: Knock Off|[of] p2a: Leafeon\n|\n|-weather|SunnyDay|[upkeep]\n|upkeep\n|turn|6\n|\n|t:|1699870685\n|switch|p2a: Vaporeon|Vaporeon, F|77\/100\n|move|p1a: EL FLORO|Fire Blast|p2a: Vaporeon\n|-resisted|p2a: Vaporeon\n|-damage|p2a: Vaporeon|50\/100\n|\n|-weather|SunnyDay|[upkeep]\n|upkeep\n|turn|7\n|\n|t:|1699870693\n|move|p1a: EL FLORO|Energy Ball|p2a: Vaporeon\n|-supereffective|p2a: Vaporeon\n|-damage|p2a: Vaporeon|12\/100\n|-enditem|p2a: Vaporeon|Aguav Berry|[eat]\n|-heal|p2a: Vaporeon|46\/100|[from] item: Aguav Berry\n|move|p2a: Vaporeon|Wish|p2a: Vaporeon\n|\n|-weather|none\n|upkeep\n|turn|8\n|\n|t:|1699870704\n|move|p1a: EL FLORO|Shadow Ball|p2a: Vaporeon\n|-damage|p2a: Vaporeon|21\/100\n|move|p2a: Vaporeon|Scald|p1a: EL FLORO\n|-supereffective|p1a: EL FLORO\n|-damage|p1a: EL FLORO|31\/100\n|\n|-heal|p2a: Vaporeon|71\/100|[from] move: Wish|[wisher] Vaporeon\n|upkeep\n|turn|9\n|\n|t:|1699870714\n|-terastallize|p1a: EL FLORO|Grass\n|move|p1a: EL FLORO|Energy Ball|p2a: Vaporeon\n|-supereffective|p2a: Vaporeon\n|-damage|p2a: Vaporeon|18\/100\n|move|p2a: Vaporeon|Yawn|p1a: EL FLORO\n|-start|p1a: EL FLORO|move: Yawn|[of] p2a: Vaporeon\n|\n|upkeep\n|turn|10\n|\n|t:|1699870737\n|switch|p1a: Reyes|Vaporeon, F|100\/100\n|switch|p2a: Leafeon|Leafeon, M, tera:Grass|100\/100\n|\n|-sideend|p1: ElvisYonario|move: Light Screen\n|upkeep\n|turn|11\n|\n|t:|1699870748\n|move|p2a: Leafeon|Knock Off|p1a: Reyes\n|-damage|p1a: Reyes|89\/100\n|-enditem|p1a: Reyes|Leftovers|[from] move: Knock Off|[of] p2a: Leafeon\n|move|p1a: Reyes|Wish|p1a: Reyes\n|\n|-sideend|p1: ElvisYonario|Reflect\n|upkeep\n|turn|12\n|\n|t:|1699870756\n|switch|p1a: EL FLORO|Chandelure, M, tera:Grass|31\/100\n|move|p2a: Leafeon|Leaf Blade|p1a: EL FLORO\n|-resisted|p1a: EL FLORO\n|-crit|p1a: EL FLORO\n|-damage|p1a: EL FLORO|0 fnt\n|faint|p1a: EL FLORO\n|\n|upkeep\n|\n|t:|1699870762\n|switch|p1a: Martin|Staraptor, M|100\/100\n|turn|13\n|\n|t:|1699870776\n|switch|p2a: Umbreon|Umbreon, F, shiny|100\/100\n|move|p1a: Martin|Brave Bird|p2a: Umbreon\n|-damage|p2a: Umbreon|62\/100\n|-damage|p1a: Martin|84\/100|[from] Recoil\n|\n|-heal|p2a: Umbreon|68\/100|[from] item: Leftovers\n|upkeep\n|turn|14\n|\n|t:|1699870793\n|switch|p1a: Cartos Carlstro|Grimmsnarl, M|100\/100\n|move|p2a: Umbreon|Toxic|p1a: Cartos Carlstro\n|-status|p1a: Cartos Carlstro|tox\n|\n|-heal|p2a: Umbreon|74\/100|[from] item: Leftovers\n|-damage|p1a: Cartos Carlstro|94\/100 tox|[from] psn\n|upkeep\n|turn|15\n|\n|t:|1699870835\n|switch|p2a: Sylveon|Sylveon, F, shiny|100\/100\n|move|p1a: Cartos Carlstro|Light Screen|p1a: Cartos Carlstro\n|-sidestart|p1: ElvisYonario|move: Light Screen\n|\n|-damage|p1a: Cartos Carlstro|82\/100 tox|[from] psn\n|upkeep\n|turn|16\n|\n|t:|1699870845\n|move|p1a: Cartos Carlstro|Parting Shot|p2a: Sylveon\n|-unboost|p2a: Sylveon|atk|1\n|-unboost|p2a: Sylveon|spa|1\n|\n|t:|1699870853\n|switch|p1a: Martin|Staraptor, M|84\/100|[from] Parting Shot\n|move|p2a: Sylveon|Hyper Voice|p1a: Martin\n|-damage|p1a: Martin|46\/100\n|-damage|p2a: Sylveon|91\/100|[from] item: Life Orb\n|\n|upkeep\n|turn|17\n|\n|t:|1699870865\n|switch|p2a: Umbreon|Umbreon, F, shiny|74\/100\n|move|p1a: Martin|Brave Bird|p2a: Umbreon\n|-damage|p2a: Umbreon|34\/100\n|-damage|p1a: Martin|29\/100|[from] Recoil\n|\n|-heal|p2a: Umbreon|40\/100|[from] item: Leftovers\n|upkeep\n|turn|18\n|\n|t:|1699870874\n|move|p2a: Umbreon|Protect|p2a: Umbreon\n|-singleturn|p2a: Umbreon|Protect\n|move|p1a: Martin|Brave Bird|p2a: Umbreon\n|-activate|p2a: Umbreon|move: Protect\n|\n|-heal|p2a: Umbreon|46\/100|[from] item: Leftovers\n|upkeep\n|turn|19\n|\n|t:|1699870883\n|move|p1a: Martin|Brave Bird|p2a: Umbreon\n|-damage|p2a: Umbreon|3\/100\n|-damage|p1a: Martin|11\/100|[from] Recoil\n|move|p2a: Umbreon|Foul Play|p1a: Martin\n|-damage|p1a: Martin|0 fnt\n|faint|p1a: Martin\n|\n|-heal|p2a: Umbreon|9\/100|[from] item: Leftovers\n|upkeep\n|\n|t:|1699870898\n|switch|p1a: Dani|Garchomp, M|100\/100\n|turn|20\n|\n|t:|1699870903\n|move|p2a: Umbreon|Protect|p2a: Umbreon\n|-singleturn|p2a: Umbreon|Protect\n|move|p1a: Dani|Earthquake|p2a: Umbreon\n|-activate|p2a: Umbreon|move: Protect\n|\n|-heal|p2a: Umbreon|15\/100|[from] item: Leftovers\n|upkeep\n|turn|21\n|\n|t:|1699870925\n|move|p1a: Dani|Earthquake|p2a: Umbreon\n|-damage|p2a: Umbreon|0 fnt\n|faint|p2a: Umbreon\n|\n|upkeep\n|\n|t:|1699870930\n|switch|p2a: Glaceon|Glaceon, F|100\/100\n|turn|22\n|\n|t:|1699870941\n|move|p1a: Dani|Outrage|p2a: Glaceon\n|-damage|p2a: Glaceon|29\/100\n|move|p2a: Glaceon|Freeze-Dry|p1a: Dani\n|-supereffective|p1a: Dani\n|-damage|p1a: Dani|0 fnt\n|faint|p1a: Dani\n|\n|-sideend|p1: ElvisYonario|move: Light Screen\n|upkeep\n|\n|t:|1699870949\n|switch|p1a: Cartos Carlstro|Grimmsnarl, M|82\/100 tox\n|turn|23\n|\n|t:|1699870953\n|switch|p2a: Sylveon|Sylveon, F, shiny|91\/100\n|move|p1a: Cartos Carlstro|Spirit Break|p2a: Sylveon\n|-damage|p2a: Sylveon|47\/100\n|-unboost|p2a: Sylveon|spa|1\n|\n|-damage|p1a: Cartos Carlstro|76\/100 tox|[from] psn\n|upkeep\n|turn|24\n|\n|t:|1699870971\n|move|p1a: Cartos Carlstro|Light Screen|p1a: Cartos Carlstro\n|-sidestart|p1: ElvisYonario|move: Light Screen\n|move|p2a: Sylveon|Hyper Voice|p1a: Cartos Carlstro\n|-supereffective|p1a: Cartos Carlstro\n|-damage|p1a: Cartos Carlstro|42\/100 tox\n|-damage|p2a: Sylveon|37\/100|[from] item: Life Orb\n|\n|-damage|p1a: Cartos Carlstro|29\/100 tox|[from] psn\n|upkeep\n|turn|25\n|\n|t:|1699870984\n|move|p1a: Cartos Carlstro|Parting Shot|p2a: Sylveon\n|-unboost|p2a: Sylveon|atk|1\n|-unboost|p2a: Sylveon|spa|1\n|\n|t:|1699870988\n|switch|p1a: Becario Pana|Decidueye-Hisui, M|100\/100|[from] Parting Shot\n|move|p2a: Sylveon|Hyper Voice|p1a: Becario Pana\n|-supereffective|p1a: Becario Pana\n|-damage|p1a: Becario Pana|80\/100\n|-damage|p2a: Sylveon|27\/100|[from] item: Life Orb\n|\n|upkeep\n|turn|26\n|\n|t:|1699871000\n|switch|p2a: Vaporeon|Vaporeon, F|18\/100\n|move|p1a: Becario Pana|Leaf Blade|p2a: Vaporeon\n|-supereffective|p2a: Vaporeon\n|-damage|p2a: Vaporeon|0 fnt\n|faint|p2a: Vaporeon\n|\n|upkeep\n|\n|t:|1699871011\n|switch|p2a: Glaceon|Glaceon, F|29\/100\n|turn|27\n|\n|t:|1699871017\n|move|p2a: Glaceon|Freeze-Dry|p1a: Becario Pana\n|-supereffective|p1a: Becario Pana\n|-damage|p1a: Becario Pana|43\/100\n|move|p1a: Becario Pana|Leaf Blade|p2a: Glaceon\n|-damage|p2a: Glaceon|0 fnt\n|faint|p2a: Glaceon\n|\n|upkeep\n|\n|t:|1699871024\n|switch|p2a: Leafeon|Leafeon, M, tera:Grass|100\/100\n|turn|28\n|\n|t:|1699871032\n|move|p2a: Leafeon|X-Scissor|p1a: Becario Pana\n|-damage|p1a: Becario Pana|17\/100\n|move|p1a: Becario Pana|Roost|p1a: Becario Pana\n|-heal|p1a: Becario Pana|67\/100\n|-singleturn|p1a: Becario Pana|move: Roost\n|\n|upkeep\n|turn|29\n|\n|t:|1699871046\n|move|p2a: Leafeon|X-Scissor|p1a: Becario Pana\n|-damage|p1a: Becario Pana|42\/100\n|move|p1a: Becario Pana|Close Combat|p2a: Leafeon\n|-damage|p2a: Leafeon|52\/100\n|-unboost|p1a: Becario Pana|def|1\n|-unboost|p1a: Becario Pana|spd|1\n|\n|upkeep\n|turn|30\n|\n|t:|1699871054\n|move|p2a: Leafeon|Synthesis|p2a: Leafeon\n|-heal|p2a: Leafeon|100\/100\n|move|p1a: Becario Pana|Close Combat|p2a: Leafeon\n|-damage|p2a: Leafeon|57\/100\n|-unboost|p1a: Becario Pana|def|1\n|-unboost|p1a: Becario Pana|spd|1\n|\n|upkeep\n|turn|31\n|\n|t:|1699871061\n|switch|p1a: Reyes|Vaporeon, F|89\/100\n|move|p2a: Leafeon|X-Scissor|p1a: Reyes\n|-damage|p1a: Reyes|71\/100\n|\n|-sideend|p1: ElvisYonario|move: Light Screen\n|upkeep\n|turn|32\n|\n|t:|1699871068\n|move|p2a: Leafeon|Synthesis|p2a: Leafeon\n|-heal|p2a: Leafeon|100\/100\n|move|p1a: Reyes|Wish|p1a: Reyes\n|\n|upkeep\n|turn|33\n|\n|t:|1699871078\n|switch|p1a: Becario Pana|Decidueye-Hisui, M|42\/100\n|move|p2a: Leafeon|X-Scissor|p1a: Becario Pana\n|-damage|p1a: Becario Pana|13\/100\n|\n|-heal|p1a: Becario Pana|74\/100|[from] move: Wish|[wisher] Reyes\n|upkeep\n|turn|34\n|\n|t:|1699871087\n|move|p2a: Leafeon|X-Scissor|p1a: Becario Pana\n|-damage|p1a: Becario Pana|48\/100\n|move|p1a: Becario Pana|Roost|p1a: Becario Pana\n|-heal|p1a: Becario Pana|98\/100\n|-singleturn|p1a: Becario Pana|move: Roost\n|\n|upkeep\n|turn|35\n|\n|t:|1699871093\n|move|p2a: Leafeon|X-Scissor|p1a: Becario Pana\n|-damage|p1a: Becario Pana|70\/100\n|move|p1a: Becario Pana|Close Combat|p2a: Leafeon\n|-damage|p2a: Leafeon|57\/100\n|-unboost|p1a: Becario Pana|def|1\n|-unboost|p1a: Becario Pana|spd|1\n|\n|upkeep\n|turn|36\n|\n|t:|1699871101\n|switch|p1a: Cartos Carlstro|Grimmsnarl, M|29\/100 tox\n|move|p2a: Leafeon|X-Scissor|p1a: Cartos Carlstro\n|-damage|p1a: Cartos Carlstro|0 fnt\n|faint|p1a: Cartos Carlstro\n|\n|upkeep\n|\n|t:|1699871108\n|switch|p1a: Reyes|Vaporeon, F|71\/100\n|turn|37\n|\n|t:|1699871112\n|move|p2a: Leafeon|Leaf Blade|p1a: Reyes\n|-supereffective|p1a: Reyes\n|-damage|p1a: Reyes|0 fnt\n|faint|p1a: Reyes\n|\n|upkeep\n|\n|t:|1699871114\n|switch|p1a: Becario Pana|Decidueye-Hisui, M|70\/100\n|turn|38\n|\n|t:|1699871122\n|move|p2a: Leafeon|Synthesis|p2a: Leafeon\n|-heal|p2a: Leafeon|100\/100\n|move|p1a: Becario Pana|Close Combat|p2a: Leafeon\n|-damage|p2a: Leafeon|56\/100\n|-unboost|p1a: Becario Pana|def|1\n|-unboost|p1a: Becario Pana|spd|1\n|\n|upkeep\n|turn|39\n|\n|t:|1699871129\n|move|p2a: Leafeon|X-Scissor|p1a: Becario Pana\n|-damage|p1a: Becario Pana|29\/100\n|move|p1a: Becario Pana|Close Combat|p2a: Leafeon\n|-damage|p2a: Leafeon|8\/100\n|-unboost|p1a: Becario Pana|def|1\n|-unboost|p1a: Becario Pana|spd|1\n|\n|upkeep\n|turn|40\n|\n|t:|1699871137\n|move|p2a: Leafeon|X-Scissor|p1a: Becario Pana\n|-damage|p1a: Becario Pana|0 fnt\n|faint|p1a: Becario Pana\n|\n|win|meiwodsa\n|raw|ElvisYonario's rating: 1032 &rarr; <strong>1016<\/strong><br \/>(-16 for losing)\n|raw|meiwodsa's rating: 1000 &rarr; <strong>1044<\/strong><br \/>(+44 for winning)\n|l|\u2606ElvisYonario\n","uploadtime":1699871414,"views":14,"p1id":"elvisyonario","p2id":"meiwodsa","formatid":"gen9ou","rating":1016,"private":0,"password":""}