{"id":"gen9ou-1996732925","p1":"billy_billyboy","p2":"Ben10law","format":"[Gen 9] OU","log":"|j|\u2606billy_billyboy\n|j|\u2606Ben10law\n|t:|1700716131\n|gametype|singles\n|player|p1|billy_billyboy|cyrus|1473\n|player|p2|Ben10law|170|1420\n|teamsize|p1|6\n|teamsize|p2|6\n|gen|9\n|tier|[Gen 9] OU\n|rated|\n|rule|Sleep Clause Mod: Limit one foe put to sleep\n|rule|Species Clause: Limit one of each Pok\u00e9mon\n|rule|OHKO Clause: OHKO moves are banned\n|rule|Evasion Items Clause: Evasion items are banned\n|rule|Evasion Moves Clause: Evasion moves are banned\n|rule|Endless Battle Clause: Forcing endless battles is banned\n|rule|HP Percentage Mod: HP is shown in percentages\n|clearpoke\n|poke|p1|Ogerpon-Wellspring, F|\n|poke|p1|Zapdos|\n|poke|p1|Great Tusk|\n|poke|p1|Heatran, M|\n|poke|p1|Iron Valiant|\n|poke|p1|Samurott-Hisui, M|\n|poke|p2|Maushold|\n|poke|p2|Rillaboom, M|\n|poke|p2|Great Tusk|\n|poke|p2|Heatran, M|\n|poke|p2|Enamorus, F|\n|poke|p2|Kingambit, M|\n|teampreview\n|\n|t:|1700716136\n|start\n|switch|p1a: Samurott|Samurott-Hisui, M|100\/100\n|switch|p2a: Maushold|Maushold|100\/100\n|turn|1\n|\n|t:|1700716140\n|move|p1a: Samurott|Sacred Sword|p2a: Maushold\n|-supereffective|p2a: Maushold\n|-damage|p2a: Maushold|0 fnt\n|faint|p2a: Maushold\n|\n|upkeep\n|\n|t:|1700716143\n|switch|p2a: Great Tusk|Great Tusk|100\/100\n|turn|2\n|\n|t:|1700716148\n|switch|p1a: Ogerpon|Ogerpon-Wellspring, F|100\/100\n|move|p2a: Great Tusk|Bulk Up|p2a: Great Tusk\n|-boost|p2a: Great Tusk|atk|1\n|-boost|p2a: Great Tusk|def|1\n|\n|upkeep\n|turn|3\n|\n|t:|1700716160\n|move|p1a: Ogerpon|Encore|p2a: Great Tusk\n|-start|p2a: Great Tusk|Encore\n|move|p2a: Great Tusk|Bulk Up|p2a: Great Tusk\n|-boost|p2a: Great Tusk|atk|1\n|-boost|p2a: Great Tusk|def|1\n|\n|upkeep\n|turn|4\n|\n|t:|1700716163\n|-end|p2a: Great Tusk|Protosynthesis|[silent]\n|switch|p2a: Rillaboom|Rillaboom, M|100\/100\n|-fieldstart|move: Grassy Terrain|[from] ability: Grassy Surge|[of] p2a: Rillaboom\n|move|p1a: Ogerpon|U-turn|p2a: Rillaboom\n|-supereffective|p2a: Rillaboom\n|-damage|p2a: Rillaboom|36\/100\n|\n|t:|1700716167\n|switch|p1a: Zapdos|Zapdos|100\/100|[from] U-turn\n|\n|-heal|p2a: Rillaboom|42\/100|[from] Grassy Terrain\n|upkeep\n|turn|5\n|\n|t:|1700716173\n|switch|p2a: Heatran|Heatran, M|100\/100\n|move|p1a: Zapdos|Volt Switch|p2a: Heatran\n|-damage|p2a: Heatran|82\/100\n|\n|t:|1700716183\n|switch|p1a: Ogerpon|Ogerpon-Wellspring, F|100\/100|[from] Volt Switch\n|\n|-heal|p2a: Heatran|89\/100|[from] Grassy Terrain\n|-heal|p2a: Heatran|95\/100|[from] item: Leftovers\n|upkeep\n|turn|6\n|\n|t:|1700716187\n|-terastallize|p2a: Heatran|Grass\n|move|p1a: Ogerpon|U-turn|p2a: Heatran\n|-supereffective|p2a: Heatran\n|-damage|p2a: Heatran|49\/100\n|\n|t:|1700716194\n|switch|p1a: Heatran|Heatran, M|100\/100|[from] U-turn\n|move|p2a: Heatran|Magma Storm|p1a: Heatran\n|-start|p1a: Heatran|ability: Flash Fire\n|\n|-heal|p2a: Heatran|55\/100|[from] Grassy Terrain\n|-heal|p2a: Heatran|62\/100|[from] item: Leftovers\n|upkeep\n|turn|7\n|\n|t:|1700716204\n|-end|p1a: Heatran|ability: Flash Fire|[silent]\n|switch|p1a: Zapdos|Zapdos|100\/100\n|move|p2a: Heatran|Stealth Rock|p1a: Zapdos\n|-sidestart|p1: billy_billyboy|move: Stealth Rock\n|\n|-heal|p2a: Heatran|68\/100|[from] Grassy Terrain\n|-heal|p2a: Heatran|74\/100|[from] item: Leftovers\n|upkeep\n|turn|8\n|\n|t:|1700716209\n|move|p1a: Zapdos|Hurricane|p2a: Heatran\n|-supereffective|p2a: Heatran\n|-damage|p2a: Heatran|13\/100\n|-start|p2a: Heatran|confusion\n|-activate|p2a: Heatran|confusion\n|-damage|p2a: Heatran|7\/100|[from] confusion\n|\n|-heal|p2a: Heatran|14\/100|[from] Grassy Terrain\n|-heal|p2a: Heatran|20\/100|[from] item: Leftovers\n|-fieldend|move: Grassy Terrain\n|upkeep\n|turn|9\n|-message|Ben10law forfeited.\n|\n|win|billy_billyboy\n|raw|billy_billyboy's rating: 1473 &rarr; <strong>1490<\/strong><br \/>(+17 for winning)\n|raw|Ben10law's rating: 1420 &rarr; <strong>1403<\/strong><br \/>(-17 for losing)\n|l|\u2606Ben10law\n","uploadtime":1700716236,"views":4,"p1id":"billybillyboy","p2id":"ben10law","formatid":"gen9ou","rating":1403,"private":0,"password":""}