{"id":"gen9ou-1989442778","p1":"Best Gal","p2":"BillyNelson","format":"[Gen 9] OU","log":"|j|\u2606Best Gal\n|j|\u2606BillyNelson\n|inactive|Battle timer is ON: inactive players will automatically lose when time's up.\n|t:|1699851154\n|gametype|singles\n|player|p1|Best Gal|lass-gen2|\n|player|p2|BillyNelson|volkner|\n|teamsize|p1|6\n|teamsize|p2|6\n|gen|9\n|tier|[Gen 9] OU\n|rated|Tournament battle\n|rule|Sleep Clause Mod: Limit one foe put to sleep\n|rule|Species Clause: Limit one of each Pok\u00e9mon\n|rule|OHKO Clause: OHKO moves are banned\n|rule|Evasion Items Clause: Evasion items are banned\n|rule|Evasion Moves Clause: Evasion moves are banned\n|rule|Endless Battle Clause: Forcing endless battles is banned\n|rule|HP Percentage Mod: HP is shown in percentages\n|clearpoke\n|poke|p1|Rillaboom, F|\n|poke|p1|Garganacl, F|\n|poke|p1|Great Tusk|\n|poke|p1|Heatran, F|\n|poke|p1|Zapdos|\n|poke|p1|Walking Wake|\n|poke|p2|Dragonite, F|\n|poke|p2|Eelektross, F|\n|poke|p2|Krookodile, F|\n|poke|p2|Iron Valiant|\n|poke|p2|Gholdengo|\n|poke|p2|Garganacl, F|\n|teampreview\n|j|*Lady Monita \u2746\n|inactive|Best Gal also wants the timer to be on.\n|c|\u2606Best Gal|big fan of eel\n|c|\u2606BillyNelson|Thank you\n|\n|t:|1699851181\n|start\n|switch|p1a: Rillaboom|Rillaboom, F|100\/100\n|switch|p2a: Iron Valiant|Iron Valiant|100\/100\n|-fieldstart|move: Grassy Terrain|[from] ability: Grassy Surge|[of] p1a: Rillaboom\n|turn|1\n|c|\u2606BillyNelson|It's a personal favourite of mines\n|inactive|Best Gal has 120 seconds left.\n|\n|t:|1699851218\n|-end|p2a: Iron Valiant|Quark Drive|[silent]\n|switch|p2a: Gholdengo|Gholdengo|100\/100\n|switch|p1a: Zapdos|Zapdos|100\/100\n|\n|upkeep\n|turn|2\n|\n|t:|1699851222\n|move|p2a: Gholdengo|Shadow Ball|p1a: Zapdos\n|-damage|p1a: Zapdos|58\/100\n|move|p1a: Zapdos|Volt Switch|p2a: Gholdengo\n|-damage|p2a: Gholdengo|67\/100\n|\n|t:|1699851227\n|switch|p1a: Garganacl|Garganacl, F|100\/100|[from] Volt Switch\n|\n|-heal|p2a: Gholdengo|73\/100|[from] Grassy Terrain\n|upkeep\n|turn|3\n|\n|t:|1699851236\n|switch|p2a: Eelektross|Eelektross, F|100\/100\n|move|p1a: Garganacl|Iron Defense|p1a: Garganacl\n|-boost|p1a: Garganacl|def|2\n|\n|upkeep\n|turn|4\n|\n|t:|1699851239\n|move|p2a: Eelektross|Gastro Acid|p1a: Garganacl\n|-endability|p1a: Garganacl\n|move|p1a: Garganacl|Body Press|p2a: Eelektross\n|-damage|p2a: Eelektross|60\/100\n|\n|upkeep\n|turn|5\n|\n|t:|1699851245\n|switch|p1a: Great Tusk|Great Tusk|100\/100\n|move|p2a: Eelektross|Thunder Wave|p1a: Great Tusk\n|-immune|p1a: Great Tusk\n|\n|-fieldend|move: Grassy Terrain\n|upkeep\n|turn|6\n|c|\u2606BillyNelson|Smart\n|\n|t:|1699851258\n|move|p1a: Great Tusk|Bulk Up|p1a: Great Tusk\n|-boost|p1a: Great Tusk|atk|1\n|-boost|p1a: Great Tusk|def|1\n|move|p2a: Eelektross|Flamethrower|p1a: Great Tusk\n|-damage|p1a: Great Tusk|71\/100\n|\n|-heal|p1a: Great Tusk|77\/100|[from] item: Leftovers\n|upkeep\n|turn|7\n|\n|t:|1699851263\n|move|p1a: Great Tusk|Ice Spinner|p2a: Eelektross\n|-crit|p2a: Eelektross\n|-damage|p2a: Eelektross|15\/100\n|-enditem|p2a: Eelektross|Sitrus Berry|[eat]\n|-heal|p2a: Eelektross|40\/100|[from] item: Sitrus Berry\n|move|p2a: Eelektross|Dragon Tail|p1a: Great Tusk|[miss]\n|-miss|p2a: Eelektross|p1a: Great Tusk\n|\n|-heal|p1a: Great Tusk|83\/100|[from] item: Leftovers\n|upkeep\n|turn|8\n|c|\u2606Best Gal|what a weird fuckin set lol\n|\n|t:|1699851288\n|move|p1a: Great Tusk|Ice Spinner|p2a: Eelektross\n|-damage|p2a: Eelektross|8\/100\n|move|p2a: Eelektross|Dragon Tail|p1a: Great Tusk\n|-damage|p1a: Great Tusk|76\/100\n|-end|p1a: Great Tusk|Protosynthesis|[silent]\n|drag|p1a: Rillaboom|Rillaboom, F|100\/100\n|-fieldstart|move: Grassy Terrain|[from] ability: Grassy Surge|[of] p1a: Rillaboom\n|\n|upkeep\n|turn|9\n|\n|t:|1699851293\n|move|p1a: Rillaboom|U-turn|p2a: Eelektross\n|-damage|p2a: Eelektross|0 fnt\n|faint|p2a: Eelektross\n|\n|t:|1699851300\n|switch|p1a: Great Tusk|Great Tusk|76\/100|[from] U-turn\n|\n|-heal|p1a: Great Tusk|83\/100|[from] Grassy Terrain\n|-heal|p1a: Great Tusk|89\/100|[from] item: Leftovers\n|upkeep\n|c|\u2606BillyNelson|Thsts my eel\n|\n|t:|1699851313\n|switch|p2a: Iron Valiant|Iron Valiant|100\/100\n|turn|10\n|\n|t:|1699851321\n|-end|p1a: Great Tusk|Protosynthesis|[silent]\n|switch|p1a: Heatran|Heatran, F|100\/100\n|move|p2a: Iron Valiant|Moonblast|p1a: Heatran\n|-resisted|p1a: Heatran\n|-damage|p1a: Heatran|94\/100\n|\n|-heal|p1a: Heatran|99\/100|[from] Grassy Terrain\n|-heal|p1a: Heatran|100\/100|[from] item: Leftovers\n|upkeep\n|turn|11\n|\n|t:|1699851332\n|switch|p1a: Zapdos|Zapdos|58\/100\n|move|p2a: Iron Valiant|Close Combat|p1a: Zapdos\n|-resisted|p1a: Zapdos\n|-damage|p1a: Zapdos|31\/100\n|-unboost|p2a: Iron Valiant|def|1\n|-unboost|p2a: Iron Valiant|spd|1\n|\n|upkeep\n|turn|12\n|\n|t:|1699851338\n|switch|p1a: Heatran|Heatran, F|100\/100\n|move|p2a: Iron Valiant|Moonblast|p1a: Heatran\n|-resisted|p1a: Heatran\n|-damage|p1a: Heatran|95\/100\n|\n|-heal|p1a: Heatran|100\/100|[from] Grassy Terrain\n|-fieldend|move: Grassy Terrain\n|upkeep\n|turn|13\n|\n|t:|1699851344\n|move|p2a: Iron Valiant|Close Combat|p1a: Heatran\n|-supereffective|p1a: Heatran\n|-damage|p1a: Heatran|0 fnt\n|-unboost|p2a: Iron Valiant|def|1\n|-unboost|p2a: Iron Valiant|spd|1\n|faint|p1a: Heatran\n|\n|upkeep\n|\n|t:|1699851348\n|switch|p1a: Walking Wake|Walking Wake|100\/100\n|turn|14\n|\n|t:|1699851358\n|-end|p2a: Iron Valiant|Quark Drive|[silent]\n|switch|p2a: Gholdengo|Gholdengo|73\/100\n|move|p1a: Walking Wake|Scald|p2a: Gholdengo\n|-damage|p2a: Gholdengo|29\/100\n|\n|upkeep\n|turn|15\n|\n|t:|1699851364\n|move|p2a: Gholdengo|Shadow Ball|p1a: Walking Wake\n|-damage|p1a: Walking Wake|50\/100\n|move|p1a: Walking Wake|Flip Turn|p2a: Gholdengo\n|-damage|p2a: Gholdengo|10\/100\n|\n|t:|1699851369\n|-end|p1a: Walking Wake|Protosynthesis|[silent]\n|switch|p1a: Rillaboom|Rillaboom, F|100\/100|[from] Flip Turn\n|-fieldstart|move: Grassy Terrain|[from] ability: Grassy Surge|[of] p1a: Rillaboom\n|\n|-heal|p2a: Gholdengo|16\/100|[from] Grassy Terrain\n|upkeep\n|turn|16\n|\n|t:|1699851380\n|switch|p2a: Krookodile|Krookodile, F|100\/100\n|-ability|p2a: Krookodile|Intimidate|boost\n|-unboost|p1a: Rillaboom|atk|1\n|switch|p1a: Garganacl|Garganacl, F|100\/100\n|\n|-status|p2a: Krookodile|brn|[from] item: Flame Orb\n|upkeep\n|turn|17\n|c|\u2606Best Gal|i'm so confused lol\n|inactive|Best Gal has 120 seconds left.\n|\n|t:|1699851410\n|switch|p2a: Gholdengo|Gholdengo|16\/100\n|move|p1a: Garganacl|Iron Defense|p1a: Garganacl\n|-boost|p1a: Garganacl|def|2\n|\n|-heal|p2a: Gholdengo|22\/100|[from] Grassy Terrain\n|upkeep\n|turn|18\n|c|\u2606BillyNelson|Yeah I have some weird sets\n|\n|t:|1699851418\n|switch|p1a: Zapdos|Zapdos|31\/100\n|move|p2a: Gholdengo|Make It Rain|p1a: Zapdos\n|-resisted|p1a: Zapdos\n|-damage|p1a: Zapdos|0 fnt\n|-unboost|p2a: Gholdengo|spa|1\n|faint|p1a: Zapdos\n|\n|-heal|p2a: Gholdengo|28\/100|[from] Grassy Terrain\n|upkeep\n|\n|t:|1699851423\n|switch|p1a: Great Tusk|Great Tusk|89\/100\n|turn|19\n|\n|t:|1699851427\n|switch|p2a: Krookodile|Krookodile, F|100\/100 brn\n|-ability|p2a: Krookodile|Intimidate|boost\n|-unboost|p1a: Great Tusk|atk|1\n|move|p1a: Great Tusk|Bulk Up|p1a: Great Tusk\n|-boost|p1a: Great Tusk|atk|1\n|-boost|p1a: Great Tusk|def|1\n|\n|-heal|p1a: Great Tusk|95\/100|[from] Grassy Terrain\n|-heal|p1a: Great Tusk|100\/100|[from] item: Leftovers\n|-damage|p2a: Krookodile|94\/100 brn|[from] brn\n|-fieldend|move: Grassy Terrain\n|upkeep\n|turn|20\n|\n|t:|1699851431\n|move|p2a: Krookodile|Fling|p1a: Great Tusk\n|-resisted|p1a: Great Tusk\n|-damage|p1a: Great Tusk|99\/100\n|-status|p1a: Great Tusk|brn\n|-enditem|p2a: Krookodile|Flame Orb|[from] move: Fling\n|move|p1a: Great Tusk|Bulk Up|p1a: Great Tusk\n|-boost|p1a: Great Tusk|atk|1\n|-boost|p1a: Great Tusk|def|1\n|\n|-heal|p1a: Great Tusk|100\/100 brn|[from] item: Leftovers\n|-damage|p2a: Krookodile|88\/100 brn|[from] brn\n|-damage|p1a: Great Tusk|94\/100 brn|[from] brn\n|upkeep\n|turn|21\n|\n|t:|1699851437\n|switch|p2a: Iron Valiant|Iron Valiant|100\/100\n|move|p1a: Great Tusk|Bulk Up|p1a: Great Tusk\n|-boost|p1a: Great Tusk|atk|1\n|-boost|p1a: Great Tusk|def|1\n|\n|-heal|p1a: Great Tusk|100\/100 brn|[from] item: Leftovers\n|-damage|p1a: Great Tusk|94\/100 brn|[from] brn\n|upkeep\n|turn|22\n|\n|t:|1699851441\n|move|p2a: Iron Valiant|Moonblast|p1a: Great Tusk\n|-supereffective|p1a: Great Tusk\n|-damage|p1a: Great Tusk|0 fnt\n|faint|p1a: Great Tusk\n|-end|p1a: Great Tusk|Protosynthesis|[silent]\n|\n|upkeep\n|\n|t:|1699851444\n|switch|p1a: Rillaboom|Rillaboom, F|100\/100\n|-fieldstart|move: Grassy Terrain|[from] ability: Grassy Surge|[of] p1a: Rillaboom\n|turn|23\n|\n|t:|1699851451\n|-end|p2a: Iron Valiant|Quark Drive|[silent]\n|switch|p2a: Krookodile|Krookodile, F|88\/100 brn\n|-ability|p2a: Krookodile|Intimidate|boost\n|-unboost|p1a: Rillaboom|atk|1\n|move|p1a: Rillaboom|U-turn|p2a: Krookodile\n|-supereffective|p2a: Krookodile\n|-damage|p2a: Krookodile|28\/100 brn\n|\n|t:|1699851454\n|switch|p1a: Walking Wake|Walking Wake|50\/100|[from] U-turn\n|\n|-heal|p1a: Walking Wake|56\/100|[from] Grassy Terrain\n|-heal|p2a: Krookodile|34\/100 brn|[from] Grassy Terrain\n|-damage|p2a: Krookodile|28\/100 brn|[from] brn\n|upkeep\n|turn|24\n|\n|t:|1699851458\n|move|p1a: Walking Wake|Flip Turn|p2a: Krookodile\n|-supereffective|p2a: Krookodile\n|-damage|p2a: Krookodile|0 fnt\n|faint|p2a: Krookodile\n|\n|t:|1699851460\n|-end|p1a: Walking Wake|Protosynthesis|[silent]\n|switch|p1a: Garganacl|Garganacl, F|100\/100|[from] Flip Turn\n|\n|upkeep\n|\n|t:|1699851465\n|switch|p2a: Gholdengo|Gholdengo|28\/100\n|turn|25\n|\n|t:|1699851467\n|switch|p1a: Rillaboom|Rillaboom, F|100\/100\n|move|p2a: Gholdengo|Make It Rain|p1a: Rillaboom\n|-damage|p1a: Rillaboom|15\/100\n|-unboost|p2a: Gholdengo|spa|1\n|\n|-heal|p2a: Gholdengo|34\/100|[from] Grassy Terrain\n|-heal|p1a: Rillaboom|21\/100|[from] Grassy Terrain\n|upkeep\n|turn|26\n|\n|t:|1699851476\n|-terastallize|p1a: Rillaboom|Grass\n|move|p1a: Rillaboom|Grassy Glide|p2a: Gholdengo\n|-resisted|p2a: Gholdengo\n|-damage|p2a: Gholdengo|0 fnt\n|faint|p2a: Gholdengo\n|\n|-heal|p1a: Rillaboom|27\/100|[from] Grassy Terrain\n|upkeep\n|c|\u2606BillyNelson|Banded rillaboom?\n|c|\u2606Best Gal|to be very honest i didnt mean to go to rilla but i was clicking very fast\n|c|\u2606Best Gal|so thats on me\n|\n|t:|1699851497\n|switch|p2a: Dragonite|Dragonite, F|100\/100\n|turn|27\n|\n|t:|1699851501\n|switch|p1a: Garganacl|Garganacl, F|100\/100\n|move|p2a: Dragonite|Dragon Dance|p2a: Dragonite\n|-boost|p2a: Dragonite|atk|1\n|-boost|p2a: Dragonite|spe|1\n|\n|-fieldend|move: Grassy Terrain\n|upkeep\n|turn|28\n|\n|t:|1699851508\n|move|p2a: Dragonite|Brick Break|p1a: Garganacl\n|-supereffective|p1a: Garganacl\n|-damage|p1a: Garganacl|64\/100\n|move|p1a: Garganacl|Iron Defense|p1a: Garganacl\n|-boost|p1a: Garganacl|def|2\n|\n|-heal|p1a: Garganacl|70\/100|[from] item: Leftovers\n|upkeep\n|turn|29\n|\n|t:|1699851516\n|switch|p2a: Garganacl|Garganacl, F|100\/100\n|move|p1a: Garganacl|Salt Cure|p2a: Garganacl\n|-damage|p2a: Garganacl|90\/100\n|-start|p2a: Garganacl|Salt Cure\n|\n|-heal|p1a: Garganacl|76\/100|[from] item: Leftovers\n|-damage|p2a: Garganacl|78\/100|[from] Salt Cure\n|upkeep\n|turn|30\n|\n|t:|1699851520\n|move|p1a: Garganacl|Body Press|p2a: Garganacl\n|-supereffective|p2a: Garganacl\n|-damage|p2a: Garganacl|12\/100\n|move|p2a: Garganacl|Salt Cure|p1a: Garganacl\n|-damage|p1a: Garganacl|69\/100\n|-start|p1a: Garganacl|Salt Cure\n|\n|-heal|p1a: Garganacl|76\/100|[from] item: Leftovers\n|-damage|p2a: Garganacl|0 fnt|[from] Salt Cure\n|faint|p2a: Garganacl\n|-damage|p1a: Garganacl|63\/100|[from] Salt Cure\n|upkeep\n|\n|t:|1699851524\n|switch|p2a: Iron Valiant|Iron Valiant|100\/100\n|turn|31\n|\n|t:|1699851526\n|move|p2a: Iron Valiant|Moonblast|p1a: Garganacl\n|-damage|p1a: Garganacl|39\/100\n|move|p1a: Garganacl|Body Press|p2a: Iron Valiant\n|-resisted|p2a: Iron Valiant\n|-damage|p2a: Iron Valiant|70\/100\n|\n|-heal|p1a: Garganacl|45\/100|[from] item: Leftovers\n|-damage|p1a: Garganacl|33\/100|[from] Salt Cure\n|upkeep\n|turn|32\n|\n|t:|1699851537\n|switch|p1a: Walking Wake|Walking Wake|56\/100\n|-terastallize|p2a: Iron Valiant|Fairy\n|move|p2a: Iron Valiant|Moonblast|p1a: Walking Wake\n|-supereffective|p1a: Walking Wake\n|-damage|p1a: Walking Wake|0 fnt\n|faint|p1a: Walking Wake\n|-end|p1a: Walking Wake|Protosynthesis|[silent]\n|\n|upkeep\n|\n|t:|1699851539\n|switch|p1a: Rillaboom|Rillaboom, F, tera:Grass|27\/100\n|-fieldstart|move: Grassy Terrain|[from] ability: Grassy Surge|[of] p1a: Rillaboom\n|turn|33\n|\n|t:|1699851543\n|-end|p2a: Iron Valiant|Quark Drive|[silent]\n|switch|p2a: Dragonite|Dragonite, F|100\/100\n|move|p1a: Rillaboom|Grassy Glide|p2a: Dragonite\n|-resisted|p2a: Dragonite\n|-damage|p2a: Dragonite|91\/100\n|\n|-heal|p1a: Rillaboom|33\/100|[from] Grassy Terrain\n|upkeep\n|turn|34\n|-message|Best Gal forfeited.\n|\n|win|BillyNelson\n|n|\u2606Best Gal|bestgal\n|n|\u2606BillyNelson|billynelson\n|n|*Lady Monita \u2746|ladymonita\n|l|*Lady Monita \u2746\n|l|\u2606Best Gal\n","uploadtime":1699852368,"views":10,"p1id":"bestgal","p2id":"billynelson","formatid":"gen9ou","rating":0,"private":0,"password":""}