{"id":"gen9ou-2000325899","p1":"jiangjunzhi1","p2":"liaoya","format":"[Gen 9] OU","log":"|j|\u2606jiangjunzhi1\n|j|\u2606liaoya\n|t:|1701185163\n|gametype|singles\n|player|p1|jiangjunzhi1|red|1545\n|player|p2|liaoya|petrel|1570\n|teamsize|p1|6\n|teamsize|p2|6\n|gen|9\n|tier|[Gen 9] OU\n|rated|\n|rule|Sleep Clause Mod: Limit one foe put to sleep\n|rule|Species Clause: Limit one of each Pok\u00e9mon\n|rule|OHKO Clause: OHKO moves are banned\n|rule|Evasion Items Clause: Evasion items are banned\n|rule|Evasion Moves Clause: Evasion moves are banned\n|rule|Endless Battle Clause: Forcing endless battles is banned\n|rule|HP Percentage Mod: HP is shown in percentages\n|clearpoke\n|poke|p1|Overqwil, M|\n|poke|p1|Gengar, M|\n|poke|p1|Espeon, M|\n|poke|p1|Vaporeon, M|\n|poke|p1|Cinderace, F|\n|poke|p1|Scyther, M|\n|poke|p2|Drifblim, M|\n|poke|p2|Garganacl, F|\n|poke|p2|Umbreon, M|\n|poke|p2|Rotom-Wash|\n|poke|p2|Glimmora, M|\n|poke|p2|Espeon, F|\n|teampreview\n|inactive|Battle timer is ON: inactive players will automatically lose when time's up. (requested by jiangjunzhi1)\n|\n|t:|1701185175\n|start\n|switch|p1a: Cinderace|Cinderace, F|100\/100\n|switch|p2a: Rotom|Rotom-Wash|100\/100\n|turn|1\n|\n|t:|1701185181\n|switch|p1a: Vaporeon|Vaporeon, M|100\/100\n|move|p2a: Rotom|Trick|p1a: Vaporeon\n|-activate|p2a: Rotom|move: Trick|[of] p1a: Vaporeon\n|-item|p1a: Vaporeon|Choice Scarf|[from] move: Trick\n|-item|p2a: Rotom|Leftovers|[from] move: Trick\n|\n|upkeep\n|turn|2\n|\n|t:|1701185190\n|move|p1a: Vaporeon|Scald|p2a: Rotom\n|-resisted|p2a: Rotom\n|-damage|p2a: Rotom|81\/100\n|-status|p2a: Rotom|brn\n|move|p2a: Rotom|Volt Switch|p1a: Vaporeon\n|-supereffective|p1a: Vaporeon\n|-damage|p1a: Vaporeon|58\/100\n|\n|t:|1701185197\n|switch|p2a: Garganacl|Garganacl, F, shiny|100\/100|[from] Volt Switch\n|\n|upkeep\n|turn|3\n|\n|t:|1701185202\n|switch|p1a: Espeon|Espeon, M|100\/100\n|-terastallize|p2a: Garganacl|Ghost\n|move|p2a: Garganacl|Salt Cure|p1a: Espeon\n|-damage|p1a: Espeon|76\/100\n|-start|p1a: Espeon|Salt Cure\n|\n|-damage|p1a: Espeon|63\/100|[from] Salt Cure\n|upkeep\n|turn|4\n|\n|t:|1701185211\n|switch|p2a: Rotom|Rotom-Wash|81\/100 brn\n|move|p1a: Espeon|Trick|p2a: Rotom\n|-activate|p1a: Espeon|move: Trick|[of] p2a: Rotom\n|-item|p2a: Rotom|Choice Specs|[from] move: Trick\n|-item|p1a: Espeon|Leftovers|[from] move: Trick\n|\n|-heal|p1a: Espeon|69\/100|[from] item: Leftovers\n|-damage|p2a: Rotom|75\/100 brn|[from] brn\n|-damage|p1a: Espeon|57\/100|[from] Salt Cure\n|upkeep\n|turn|5\n|\n|t:|1701185221\n|switch|p1a: Vaporeon|Vaporeon, M|58\/100\n|move|p2a: Rotom|Hydro Pump|p1a: Vaporeon\n|-heal|p1a: Vaporeon|83\/100|[from] ability: Water Absorb|[of] p2a: Rotom\n|\n|-damage|p2a: Rotom|69\/100 brn|[from] brn\n|upkeep\n|turn|6\n|\n|t:|1701185231\n|switch|p2a: Garganacl|Garganacl, F, shiny, tera:Ghost|100\/100\n|move|p1a: Vaporeon|Wish|p1a: Vaporeon\n|\n|upkeep\n|turn|7\n|\n|t:|1701185242\n|switch|p1a: Espeon|Espeon, M|57\/100\n|move|p2a: Garganacl|Salt Cure|p1a: Espeon\n|-damage|p1a: Espeon|32\/100\n|-start|p1a: Espeon|Salt Cure\n|\n|-heal|p1a: Espeon|100\/100|[from] move: Wish|[wisher] Vaporeon\n|-damage|p1a: Espeon|88\/100|[from] Salt Cure\n|upkeep\n|turn|8\n|j| kaedehara\n|\n|t:|1701185262\n|move|p1a: Espeon|Psychic|p2a: Garganacl\n|-damage|p2a: Garganacl|67\/100\n|move|p2a: Garganacl|Iron Defense|p2a: Garganacl\n|-boost|p2a: Garganacl|def|2\n|\n|-heal|p1a: Espeon|94\/100|[from] item: Leftovers\n|-heal|p2a: Garganacl|73\/100|[from] item: Leftovers\n|-damage|p1a: Espeon|82\/100|[from] Salt Cure\n|upkeep\n|turn|9\n|\n|t:|1701185272\n|move|p1a: Espeon|Psychic|p2a: Garganacl\n|-damage|p2a: Garganacl|37\/100\n|move|p2a: Garganacl|Salt Cure|p1a: Espeon\n|-damage|p1a: Espeon|55\/100\n|\n|-heal|p1a: Espeon|61\/100|[from] item: Leftovers\n|-heal|p2a: Garganacl|43\/100|[from] item: Leftovers\n|-damage|p1a: Espeon|48\/100|[from] Salt Cure\n|upkeep\n|turn|10\n|\n|t:|1701185282\n|-terastallize|p1a: Espeon|Fairy\n|move|p1a: Espeon|Draining Kiss|p2a: Garganacl\n|-damage|p2a: Garganacl|19\/100\n|-heal|p1a: Espeon|74\/100|[from] drain|[of] p2a: Garganacl\n|move|p2a: Garganacl|Recover|p2a: Garganacl\n|-heal|p2a: Garganacl|69\/100\n|\n|-heal|p1a: Espeon|80\/100|[from] item: Leftovers\n|-heal|p2a: Garganacl|75\/100|[from] item: Leftovers\n|-damage|p1a: Espeon|67\/100|[from] Salt Cure\n|upkeep\n|turn|11\n|\n|t:|1701185298\n|switch|p2a: Rotom|Rotom-Wash|69\/100 brn\n|move|p1a: Espeon|Draining Kiss|p2a: Rotom\n|-damage|p2a: Rotom|29\/100 brn\n|-heal|p1a: Espeon|99\/100|[from] drain|[of] p2a: Rotom\n|\n|-heal|p1a: Espeon|100\/100|[from] item: Leftovers\n|-damage|p2a: Rotom|23\/100 brn|[from] brn\n|-damage|p1a: Espeon|88\/100|[from] Salt Cure\n|upkeep\n|turn|12\n|\n|t:|1701185310\n|move|p1a: Espeon|Draining Kiss|p2a: Rotom\n|-damage|p2a: Rotom|0 fnt\n|-heal|p1a: Espeon|100\/100|[from] drain|[of] p2a: Rotom\n|faint|p2a: Rotom\n|\n|-damage|p1a: Espeon|88\/100|[from] Salt Cure\n|upkeep\n|\n|t:|1701185314\n|switch|p2a: Glimmora|Glimmora, M|100\/100\n|turn|13\n|\n|t:|1701185320\n|move|p1a: Espeon|Psychic|p2a: Glimmora\n|-supereffective|p2a: Glimmora\n|-enditem|p2a: Glimmora|Focus Sash\n|-damage|p2a: Glimmora|1\/100\n|move|p2a: Glimmora|Mortal Spin|p1a: Espeon\n|-supereffective|p1a: Espeon\n|-damage|p1a: Espeon|66\/100\n|-status|p1a: Espeon|psn\n|\n|-heal|p1a: Espeon|72\/100 psn|[from] item: Leftovers\n|-damage|p1a: Espeon|60\/100 psn|[from] psn\n|-damage|p1a: Espeon|47\/100 psn|[from] Salt Cure\n|upkeep\n|turn|14\n|\n|t:|1701185334\n|switch|p2a: Umbreon|Umbreon, M, shiny|100\/100\n|move|p1a: Espeon|Draining Kiss|p2a: Umbreon\n|-supereffective|p2a: Umbreon\n|-damage|p2a: Umbreon|55\/100\n|-heal|p1a: Espeon|95\/100 psn|[from] drain|[of] p2a: Umbreon\n|\n|-heal|p1a: Espeon|100\/100 psn|[from] item: Leftovers\n|-heal|p2a: Umbreon|61\/100|[from] item: Leftovers\n|-damage|p1a: Espeon|88\/100 psn|[from] psn\n|-damage|p1a: Espeon|76\/100 psn|[from] Salt Cure\n|upkeep\n|turn|15\n|\n|t:|1701185346\n|switch|p1a: Scyther|Scyther, M|100\/100\n|move|p2a: Umbreon|Protect||[still]\n|-fail|p2a: Umbreon\n|\n|-heal|p2a: Umbreon|67\/100|[from] item: Leftovers\n|upkeep\n|turn|16\n|\n|t:|1701185354\n|move|p2a: Umbreon|Protect|p2a: Umbreon\n|-singleturn|p2a: Umbreon|Protect\n|move|p1a: Scyther|U-turn|p2a: Umbreon\n|-activate|p2a: Umbreon|move: Protect\n|\n|-heal|p2a: Umbreon|73\/100|[from] item: Leftovers\n|upkeep\n|turn|17\n|\n|t:|1701185364\n|move|p1a: Scyther|U-turn|p2a: Umbreon\n|-supereffective|p2a: Umbreon\n|-damage|p2a: Umbreon|27\/100\n|\n|t:|1701185374\n|switch|p1a: Cinderace|Cinderace, F|100\/100|[from] U-turn\n|move|p2a: Umbreon|Wish|p2a: Umbreon\n|\n|-heal|p2a: Umbreon|33\/100|[from] item: Leftovers\n|upkeep\n|turn|18\n|\n|t:|1701185384\n|move|p2a: Umbreon|Protect|p2a: Umbreon\n|-singleturn|p2a: Umbreon|Protect\n|move|p1a: Cinderace|Pyro Ball|p2a: Umbreon\n|-activate|p2a: Umbreon|move: Protect\n|\n|-heal|p2a: Umbreon|83\/100|[from] move: Wish|[wisher] Umbreon\n|-heal|p2a: Umbreon|90\/100|[from] item: Leftovers\n|upkeep\n|turn|19\n|\n|t:|1701185393\n|move|p1a: Cinderace|Will-O-Wisp|p2a: Umbreon\n|-status|p2a: Umbreon|brn\n|move|p2a: Umbreon|Foul Play|p1a: Cinderace\n|-damage|p1a: Cinderace|71\/100\n|\n|-heal|p2a: Umbreon|96\/100 brn|[from] item: Leftovers\n|-damage|p2a: Umbreon|90\/100 brn|[from] brn\n|upkeep\n|turn|20\n|\n|t:|1701185407\n|switch|p1a: Overqwil|Overqwil, M|100\/100\n|-ability|p1a: Overqwil|Intimidate|boost\n|-fail|p2a: Umbreon|unboost|Attack|[from] ability: Inner Focus|[of] p2a: Umbreon\n|move|p2a: Umbreon|Wish|p2a: Umbreon\n|\n|-heal|p2a: Umbreon|96\/100 brn|[from] item: Leftovers\n|-damage|p2a: Umbreon|90\/100 brn|[from] brn\n|upkeep\n|turn|21\n|\n|t:|1701185415\n|switch|p2a: Espeon|Espeon, F|100\/100\n|move|p1a: Overqwil|Spikes|p2a: Espeon\n|move|p2a: Espeon|Spikes|p1a: Overqwil|[from]ability: Magic Bounce\n|-sidestart|p1: jiangjunzhi1|Spikes\n|\n|upkeep\n|turn|22\n|\n|t:|1701185422\n|move|p2a: Espeon|Trick|p1a: Overqwil\n|-activate|p2a: Espeon|move: Trick|[of] p1a: Overqwil\n|-item|p1a: Overqwil|Choice Scarf|[from] move: Trick\n|-item|p2a: Espeon|Rocky Helmet|[from] move: Trick\n|move|p1a: Overqwil|Crunch|p2a: Espeon\n|-supereffective|p2a: Espeon\n|-damage|p2a: Espeon|27\/100\n|-unboost|p2a: Espeon|def|1\n|-damage|p1a: Overqwil|84\/100|[from] item: Rocky Helmet|[of] p2a: Espeon\n|\n|upkeep\n|turn|23\n|\n|t:|1701185434\n|switch|p2a: Umbreon|Umbreon, M, shiny|90\/100 brn\n|move|p1a: Overqwil|Crunch|p2a: Umbreon\n|-resisted|p2a: Umbreon\n|-damage|p2a: Umbreon|79\/100 brn\n|\n|-heal|p2a: Umbreon|85\/100 brn|[from] item: Leftovers\n|-damage|p2a: Umbreon|79\/100 brn|[from] brn\n|upkeep\n|turn|24\n|\n|t:|1701185445\n|switch|p1a: Scyther|Scyther, M|100\/100\n|move|p2a: Umbreon|Wish|p2a: Umbreon\n|\n|-heal|p2a: Umbreon|85\/100 brn|[from] item: Leftovers\n|-damage|p2a: Umbreon|79\/100 brn|[from] brn\n|upkeep\n|turn|25\n|\n|t:|1701185452\n|switch|p2a: Garganacl|Garganacl, F, shiny, tera:Ghost|75\/100\n|move|p1a: Scyther|U-turn|p2a: Garganacl\n|-resisted|p2a: Garganacl\n|-damage|p2a: Garganacl|63\/100\n|\n|t:|1701185461\n|switch|p1a: Espeon|Espeon, M, tera:Fairy|76\/100 psn|[from] U-turn\n|-damage|p1a: Espeon|63\/100 psn|[from] Spikes\n|\n|-heal|p2a: Garganacl|100\/100|[from] move: Wish|[wisher] Umbreon\n|-heal|p1a: Espeon|69\/100 psn|[from] item: Leftovers\n|-damage|p1a: Espeon|57\/100 psn|[from] psn\n|upkeep\n|turn|26\n|\n|t:|1701185470\n|move|p1a: Espeon|Draining Kiss|p2a: Garganacl\n|-damage|p2a: Garganacl|78\/100\n|-heal|p1a: Espeon|81\/100 psn|[from] drain|[of] p2a: Garganacl\n|move|p2a: Garganacl|Salt Cure|p1a: Espeon\n|-damage|p1a: Espeon|55\/100 psn\n|-start|p1a: Espeon|Salt Cure\n|\n|-heal|p1a: Espeon|61\/100 psn|[from] item: Leftovers\n|-heal|p2a: Garganacl|84\/100|[from] item: Leftovers\n|-damage|p1a: Espeon|49\/100 psn|[from] psn\n|-damage|p1a: Espeon|36\/100 psn|[from] Salt Cure\n|upkeep\n|turn|27\n|\n|t:|1701185481\n|switch|p1a: Vaporeon|Vaporeon, M|83\/100\n|-damage|p1a: Vaporeon|70\/100|[from] Spikes\n|move|p2a: Garganacl|Salt Cure|p1a: Vaporeon\n|-damage|p1a: Vaporeon|57\/100\n|-start|p1a: Vaporeon|Salt Cure\n|\n|-heal|p2a: Garganacl|91\/100|[from] item: Leftovers\n|-damage|p1a: Vaporeon|33\/100|[from] Salt Cure\n|upkeep\n|turn|28\n|\n|t:|1701185491\n|move|p1a: Vaporeon|Wish|p1a: Vaporeon\n|move|p2a: Garganacl|Iron Defense|p2a: Garganacl\n|-boost|p2a: Garganacl|def|2\n|\n|-heal|p2a: Garganacl|97\/100|[from] item: Leftovers\n|-damage|p1a: Vaporeon|8\/100|[from] Salt Cure\n|upkeep\n|turn|29\n|\n|t:|1701185499\n|switch|p1a: Espeon|Espeon, M, tera:Fairy|36\/100 psn\n|-damage|p1a: Espeon|24\/100 psn|[from] Spikes\n|move|p2a: Garganacl|Salt Cure|p1a: Espeon\n|-damage|p1a: Espeon|0 fnt\n|faint|p1a: Espeon\n|\n|-heal|p2a: Garganacl|100\/100|[from] item: Leftovers\n|upkeep\n|-message|jiangjunzhi1 forfeited.\n|\n|win|liaoya\n|raw|jiangjunzhi1's rating: 1545 &rarr; <strong>1526<\/strong><br \/>(-19 for losing)\n|raw|liaoya's rating: 1570 &rarr; <strong>1589<\/strong><br \/>(+19 for winning)\n|l|\u2606jiangjunzhi1\n","uploadtime":1701185509,"views":22,"p1id":"jiangjunzhi1","p2id":"liaoya","formatid":"gen9ou","rating":1526,"private":0,"password":""}