{"id":"gen9ou-1990560989","p1":"PerhapsXolas","p2":"LipeZero","format":"[Gen 9] OU","log":"|j|\u2606PerhapsXolas\n|j|\u2606LipeZero\n|t:|1699981539\n|gametype|singles\n|player|p1|PerhapsXolas|cynthia-gen4|\n|player|p2|LipeZero|n|\n|teamsize|p1|6\n|teamsize|p2|6\n|gen|9\n|tier|[Gen 9] OU\n|rule|Sleep Clause Mod: Limit one foe put to sleep\n|rule|Species Clause: Limit one of each Pok\u00e9mon\n|rule|OHKO Clause: OHKO moves are banned\n|rule|Evasion Items Clause: Evasion items are banned\n|rule|Evasion Moves Clause: Evasion moves are banned\n|rule|Endless Battle Clause: Forcing endless battles is banned\n|rule|HP Percentage Mod: HP is shown in percentages\n|clearpoke\n|poke|p1|Ogerpon-Wellspring, F|\n|poke|p1|Meowscarada, M|\n|poke|p1|Torterra, M|\n|poke|p1|Meloetta|\n|poke|p1|Indeedee, M|\n|poke|p1|Ursaluna, F|\n|poke|p2|Zoroark-Hisui, F|\n|poke|p2|Dragapult, F|\n|poke|p2|Kingambit, F|\n|poke|p2|Skeledirge, F|\n|poke|p2|Ting-Lu|\n|poke|p2|Ceruledge, F|\n|teampreview\n|c|\u2606LipeZero|Pra fazer o que mesmo?\n|c|\u2606PerhapsXolas|mesmo de sempre\n|c|\u2606PerhapsXolas|s\u00f3 q eu vou dar trail primei\n|c|\u2606PerhapsXolas|primeiro\n|\n|t:|1699981564\n|start\n|switch|p1a: Cotoca D. \u00c1gua|Ogerpon-Wellspring, F|100\/100\n|switch|p2a: Kingambit|Kingambit, F|100\/100\n|turn|1\n|c|\u2606PerhapsXolas|ao inv\u00e9s de swords\n|\n|t:|1699981575\n|move|p2a: Kingambit|Trick||[still]\n|-fail|p2a: Kingambit\n|move|p1a: Cotoca D. \u00c1gua|Trailblaze|p2a: Kingambit\n|-damage|p2a: Kingambit|37\/100\n|-boost|p1a: Cotoca D. \u00c1gua|spe|1\n|replace|p2a: Zoroark|Zoroark-Hisui, F\n|-end|p2a: Zoroark|Illusion\n|\n|upkeep\n|turn|2\n|c|\u2606PerhapsXolas|caraio o dano\n|c|\u2606PerhapsXolas|vai vendoKKKKKKK\n|\n|t:|1699981594\n|switch|p2a: Skeledirge|Skeledirge, F|100\/100\n|move|p1a: Cotoca D. \u00c1gua|Swords Dance|p1a: Cotoca D. \u00c1gua\n|-boost|p1a: Cotoca D. \u00c1gua|atk|2\n|\n|upkeep\n|turn|3\n|\n|t:|1699981602\n|move|p1a: Cotoca D. \u00c1gua|Ivy Cudgel|p2a: Skeledirge|[anim] Ivy Cudgel Water\n|-supereffective|p2a: Skeledirge\n|-damage|p2a: Skeledirge|0 fnt\n|faint|p2a: Skeledirge\n|\n|upkeep\n|\n|t:|1699981608\n|switch|p2a: Ceruledge|Ceruledge, F|100\/100\n|turn|4\n|\n|t:|1699981614\n|move|p1a: Cotoca D. \u00c1gua|Ivy Cudgel|p2a: Ceruledge|[anim] Ivy Cudgel Water\n|-supereffective|p2a: Ceruledge\n|-damage|p2a: Ceruledge|0 fnt\n|faint|p2a: Ceruledge\n|\n|upkeep\n|\n|t:|1699981619\n|switch|p2a: Dragapult|Dragapult, F|100\/100\n|turn|5\n|\n|t:|1699981628\n|-terastallize|p2a: Dragapult|Dragon\n|move|p1a: Cotoca D. \u00c1gua|Knock Off|p2a: Dragapult\n|-damage|p2a: Dragapult|0 fnt\n|-enditem|p2a: Dragapult|Choice Specs|[from] move: Knock Off|[of] p1a: Cotoca D. \u00c1gua\n|faint|p2a: Dragapult\n|\n|upkeep\n|c|\u2606PerhapsXolas|KKKKKKKKKKKKKKKKKKKKKKKKKKKKKKKKKKKKKKKKKKKKKKK\n|c|\u2606PerhapsXolas|NEM FUDENDO\n|\n|t:|1699981636\n|switch|p2a: Kingambit|Kingambit, F|37\/100\n|turn|6\n|c|\u2606LipeZero|Cabou n\u00e9\n|\n|t:|1699981653\n|move|p2a: Kingambit|Sludge Bomb|p1a: Cotoca D. \u00c1gua\n|-supereffective|p1a: Cotoca D. \u00c1gua\n|-damage|p1a: Cotoca D. \u00c1gua|27\/100\n|move|p1a: Cotoca D. \u00c1gua|Trailblaze|p2a: Kingambit\n|-damage|p2a: Kingambit|0 fnt\n|-boost|p1a: Cotoca D. \u00c1gua|spe|1\n|replace|p2a: Zoroark|Zoroark-Hisui, F\n|-end|p2a: Zoroark|Illusion\n|faint|p2a: Zoroark\n|\n|upkeep\n|c|\u2606PerhapsXolas|caralho\n|c|\u2606PerhapsXolas|mais rapido ainda\n|\n|t:|1699981663\n|switch|p2a: Ting-Lu|Ting-Lu|100\/100\n|-ability|p2a: Ting-Lu|Vessel of Ruin\n|turn|7\n|c|\u2606PerhapsXolas|q isso\n|\n|t:|1699981671\n|move|p1a: Cotoca D. \u00c1gua|Ivy Cudgel|p2a: Ting-Lu|[anim] Ivy Cudgel Water\n|-supereffective|p2a: Ting-Lu\n|-damage|p2a: Ting-Lu|0 fnt\n|faint|p2a: Ting-Lu\n|\n|upkeep\n|c|\u2606LipeZero|Choice\n|\n|t:|1699981678\n|switch|p2a: Kingambit|Kingambit, F|100\/100\n|-activate|p2a: Kingambit|ability: Supreme Overlord\n|-start|p2a: Kingambit|fallen5|[silent]\n|turn|8\n|c|\u2606PerhapsXolas|te falar q foi speed tie\n|c|\u2606PerhapsXolas|os dois tinham 350 de spe base\n|c|\u2606PerhapsXolas|e os dois tavam com 1.5x\n|c|\u2606PerhapsXolas|tu deu sorte\n|c|\u2606LipeZero|Justo\n|\n|t:|1699981703\n|switch|p1a: Kapet|Indeedee, M|100\/100\n|-fieldstart|move: Psychic Terrain|[from] ability: Psychic Surge|[of] p1a: Kapet\n|move|p2a: Kingambit|Sucker Punch||[still]\n|-fail|p2a: Kingambit\n|\n|upkeep\n|turn|9\n|\n|t:|1699981711\n|-terastallize|p1a: Kapet|Fighting\n|move|p1a: Kapet|Tera Blast|p2a: Kingambit|[anim] Tera Blast Fighting\n|-supereffective|p2a: Kingambit\n|-damage|p2a: Kingambit|0 fnt\n|faint|p2a: Kingambit\n|-end|p2a: Kingambit|fallen5|[silent]\n|\n|win|PerhapsXolas\n|c|\u2606PerhapsXolas|vo salvar esse replay\n|c|\u2606LipeZero|D\u00e1 pra brincar\n|c|\u2606PerhapsXolas|e pedir pra tocarem l\u00e1\n|c|\u2606PerhapsXolas|depois da batalha\n|l|\u2606LipeZero\n|c|\u2606PerhapsXolas|se minha previs\u00e3o for certa\n","uploadtime":1699981739,"views":7,"p1id":"perhapsxolas","p2id":"lipezero","formatid":"gen9ou","rating":0,"private":0,"password":""}