{"id":"gen9ou-1997099224","p1":"ChefSkips","p2":"360Yes","format":"[Gen 9] OU","log":"|j|\u2606ChefSkips\n|j|\u2606360Yes\n|t:|1700764414\n|gametype|singles\n|player|p1|ChefSkips|n|1000\n|player|p2|360Yes|benga|1109\n|teamsize|p1|6\n|teamsize|p2|6\n|gen|9\n|tier|[Gen 9] OU\n|rated|\n|rule|Sleep Clause Mod: Limit one foe put to sleep\n|rule|Species Clause: Limit one of each Pok\u00e9mon\n|rule|OHKO Clause: OHKO moves are banned\n|rule|Evasion Items Clause: Evasion items are banned\n|rule|Evasion Moves Clause: Evasion moves are banned\n|rule|Endless Battle Clause: Forcing endless battles is banned\n|rule|HP Percentage Mod: HP is shown in percentages\n|clearpoke\n|poke|p1|Hatterene, F|\n|poke|p1|Blissey, F|\n|poke|p1|Dragonite, M|\n|poke|p1|Iron Moth|\n|poke|p1|Ninetales-Alola, M|\n|poke|p1|Dondozo, M|\n|poke|p2|Samurott-Hisui, F|\n|poke|p2|Great Tusk|\n|poke|p2|Gholdengo|\n|poke|p2|Ceruledge, F|\n|poke|p2|Thundurus-Therian, M|\n|poke|p2|Slowking-Galar, M|\n|teampreview\n|\n|t:|1700764427\n|start\n|switch|p1a: Iron Moth|Iron Moth|100\/100\n|switch|p2a: Ceruledge|Ceruledge, F|100\/100\n|turn|1\n|\n|t:|1700764438\n|move|p2a: Ceruledge|Shadow Sneak|p1a: Iron Moth\n|-damage|p1a: Iron Moth|59\/100\n|-damage|p2a: Ceruledge|91\/100|[from] item: Life Orb\n|move|p1a: Iron Moth|Toxic Spikes|p2a: Ceruledge\n|-sidestart|p2: 360Yes|move: Toxic Spikes\n|\n|upkeep\n|turn|2\n|inactive|Battle timer is ON: inactive players will automatically lose when time's up. (requested by 360Yes)\n|\n|t:|1700764465\n|-end|p1a: Iron Moth|Quark Drive|[silent]\n|switch|p1a: Dondozo|Dondozo, M|100\/100\n|move|p2a: Ceruledge|Shadow Sneak|p1a: Dondozo\n|-damage|p1a: Dondozo|83\/100\n|-damage|p2a: Ceruledge|81\/100|[from] item: Life Orb\n|\n|upkeep\n|turn|3\n|\n|t:|1700764472\n|switch|p2a: Slowking|Slowking-Galar, M|100\/100\n|-sideend|p2: 360Yes|move: Toxic Spikes|[of] p2a: Slowking\n|move|p1a: Dondozo|Aqua Tail|p2a: Slowking\n|-damage|p2a: Slowking|34\/100\n|\n|upkeep\n|turn|4\n|\n|t:|1700764486\n|switch|p2a: Gholdengo|Gholdengo|100\/100\n|-item|p2a: Gholdengo|Air Balloon\n|move|p1a: Dondozo|Aqua Tail|p2a: Gholdengo\n|-damage|p2a: Gholdengo|42\/100\n|-enditem|p2a: Gholdengo|Air Balloon\n|\n|upkeep\n|turn|5\n|\n|t:|1700764495\n|-terastallize|p1a: Dondozo|Water\n|move|p2a: Gholdengo|Recover|p2a: Gholdengo\n|-heal|p2a: Gholdengo|92\/100\n|move|p1a: Dondozo|Aqua Tail|p2a: Gholdengo\n|-damage|p2a: Gholdengo|11\/100\n|\n|upkeep\n|turn|6\n|\n|t:|1700764502\n|move|p2a: Gholdengo|Thunder Wave|p1a: Dondozo\n|-status|p1a: Dondozo|par\n|move|p1a: Dondozo|Aqua Tail|p2a: Gholdengo\n|-damage|p2a: Gholdengo|0 fnt\n|faint|p2a: Gholdengo\n|\n|upkeep\n|\n|t:|1700764508\n|switch|p2a: Samurott|Samurott-Hisui, F, shiny|100\/100\n|turn|7\n|\n|t:|1700764513\n|switch|p1a: Blissey|Blissey, F|100\/100\n|move|p2a: Samurott|Ceaseless Edge|p1a: Blissey\n|-damage|p1a: Blissey|62\/100\n|-sidestart|p1: ChefSkips|Spikes\n|\n|-heal|p1a: Blissey|68\/100|[from] item: Leftovers\n|upkeep\n|turn|8\n|\n|t:|1700764525\n|move|p2a: Samurott|Ceaseless Edge|p1a: Blissey\n|-damage|p1a: Blissey|29\/100\n|-sidestart|p1: ChefSkips|Spikes\n|move|p1a: Blissey|Thunderbolt|p2a: Samurott\n|-supereffective|p2a: Samurott\n|-damage|p2a: Samurott|52\/100\n|\n|-heal|p1a: Blissey|36\/100|[from] item: Leftovers\n|upkeep\n|turn|9\n|\n|t:|1700764533\n|move|p2a: Samurott|Ceaseless Edge|p1a: Blissey\n|-damage|p1a: Blissey|0 fnt\n|-sidestart|p1: ChefSkips|Spikes\n|faint|p1a: Blissey\n|\n|upkeep\n|\n|t:|1700764548\n|switch|p1a: Hatterene|Hatterene, F|100\/100\n|-damage|p1a: Hatterene|76\/100|[from] Spikes\n|turn|10\n|\n|t:|1700764554\n|switch|p2a: Ceruledge|Ceruledge, F|81\/100\n|move|p1a: Hatterene|Draining Kiss|p2a: Ceruledge\n|-resisted|p2a: Ceruledge\n|-damage|p2a: Ceruledge|67\/100\n|-heal|p1a: Hatterene|85\/100|[from] drain|[of] p2a: Ceruledge\n|\n|upkeep\n|turn|11\n|\n|t:|1700764560\n|move|p2a: Ceruledge|Bitter Blade|p1a: Hatterene\n|-damage|p1a: Hatterene|16\/100\n|-heal|p2a: Ceruledge|100\/100|[from] drain|[of] p1a: Hatterene\n|-damage|p2a: Ceruledge|91\/100|[from] item: Life Orb\n|move|p1a: Hatterene|Psychic|p2a: Ceruledge\n|-damage|p2a: Ceruledge|46\/100\n|\n|upkeep\n|turn|12\n|\n|t:|1700764568\n|move|p1a: Hatterene|Protect|p1a: Hatterene\n|-singleturn|p1a: Hatterene|Protect\n|move|p2a: Ceruledge|Bitter Blade|p1a: Hatterene\n|-activate|p1a: Hatterene|move: Protect\n|\n|upkeep\n|turn|13\n|\n|t:|1700764587\n|move|p2a: Ceruledge|Bitter Blade|p1a: Hatterene\n|-damage|p1a: Hatterene|0 fnt\n|-heal|p2a: Ceruledge|54\/100|[from] drain|[of] p1a: Hatterene\n|faint|p1a: Hatterene\n|-damage|p2a: Ceruledge|44\/100|[from] item: Life Orb\n|\n|upkeep\n|\n|t:|1700764602\n|switch|p1a: Dondozo|Dondozo, M, tera:Water|83\/100 par\n|-damage|p1a: Dondozo|58\/100 par|[from] Spikes\n|turn|14\n|\n|t:|1700764611\n|switch|p2a: Samurott|Samurott-Hisui, F, shiny|52\/100\n|move|p1a: Dondozo|Aqua Tail|p2a: Samurott\n|-resisted|p2a: Samurott\n|-damage|p2a: Samurott|0 fnt\n|faint|p2a: Samurott\n|\n|upkeep\n|\n|t:|1700764613\n|switch|p2a: Thundurus|Thundurus-Therian, M|100\/100\n|turn|15\n|\n|t:|1700764627\n|switch|p1a: Iron Moth|Iron Moth|59\/100\n|-damage|p1a: Iron Moth|34\/100|[from] Spikes\n|move|p2a: Thundurus|Thunderbolt|p1a: Iron Moth\n|-damage|p1a: Iron Moth|0 fnt\n|faint|p1a: Iron Moth\n|-end|p1a: Iron Moth|Quark Drive|[silent]\n|\n|upkeep\n|\n|t:|1700764642\n|switch|p1a: Ninetales|Ninetales-Alola, M|100\/100\n|-damage|p1a: Ninetales|76\/100|[from] Spikes\n|-weather|Snow|[from] ability: Snow Warning|[of] p1a: Ninetales\n|turn|16\n|\n|t:|1700764647\n|switch|p2a: Slowking|Slowking-Galar, M|67\/100\n|move|p1a: Ninetales|Ice Shard|p2a: Slowking\n|-damage|p2a: Slowking|57\/100\n|\n|-weather|Snow|[upkeep]\n|upkeep\n|turn|17\n|\n|t:|1700764659\n|move|p1a: Ninetales|Calm Mind|p1a: Ninetales\n|-boost|p1a: Ninetales|spa|1\n|-boost|p1a: Ninetales|spd|1\n|move|p2a: Slowking|Yawn|p1a: Ninetales\n|-start|p1a: Ninetales|move: Yawn|[of] p2a: Slowking\n|\n|-weather|Snow|[upkeep]\n|upkeep\n|turn|18\n|\n|t:|1700764674\n|move|p1a: Ninetales|Hex|p2a: Slowking\n|-supereffective|p2a: Slowking\n|-damage|p2a: Slowking|24\/100\n|move|p2a: Slowking|Chilly Reception|p2a: Slowking\n|\n|t:|1700764681\n|switch|p2a: Ceruledge|Ceruledge, F|44\/100|[from] Chilly Reception\n|\n|-weather|Snow|[upkeep]\n|-end|p1a: Ninetales|move: Yawn|[silent]\n|-status|p1a: Ninetales|slp\n|upkeep\n|turn|19\n|\n|t:|1700764690\n|switch|p1a: Dragonite|Dragonite, M|100\/100\n|move|p2a: Ceruledge|Bitter Blade|p1a: Dragonite\n|-resisted|p1a: Dragonite\n|-damage|p1a: Dragonite|67\/100\n|-heal|p2a: Ceruledge|63\/100|[from] drain|[of] p1a: Dragonite\n|-damage|p2a: Ceruledge|53\/100|[from] item: Life Orb\n|\n|-weather|Snow|[upkeep]\n|upkeep\n|turn|20\n|\n|t:|1700764699\n|move|p1a: Dragonite|Earthquake|p2a: Ceruledge\n|-supereffective|p2a: Ceruledge\n|-damage|p2a: Ceruledge|0 fnt\n|faint|p2a: Ceruledge\n|\n|-weather|none\n|upkeep\n|\n|t:|1700764703\n|switch|p2a: Thundurus|Thundurus-Therian, M|100\/100\n|turn|21\n|\n|t:|1700764710\n|switch|p1a: Ninetales|Ninetales-Alola, M|76\/100 slp\n|-damage|p1a: Ninetales|51\/100 slp|[from] Spikes\n|-weather|Snow|[from] ability: Snow Warning|[of] p1a: Ninetales\n|-terastallize|p2a: Thundurus|Ice\n|move|p2a: Thundurus|Tera Blast|p1a: Ninetales|[anim] Tera Blast Ice\n|-resisted|p1a: Ninetales\n|-damage|p1a: Ninetales|12\/100 slp\n|\n|-weather|Snow|[upkeep]\n|upkeep\n|turn|22\n|\n|t:|1700764722\n|cant|p1a: Ninetales|slp\n|move|p2a: Thundurus|Tera Blast|p1a: Ninetales|[anim] Tera Blast Ice\n|-resisted|p1a: Ninetales\n|-damage|p1a: Ninetales|0 fnt\n|faint|p1a: Ninetales\n|\n|-weather|Snow|[upkeep]\n|upkeep\n|\n|t:|1700764738\n|switch|p1a: Dondozo|Dondozo, M, tera:Water|58\/100 par\n|-damage|p1a: Dondozo|34\/100 par|[from] Spikes\n|turn|23\n|\n|t:|1700764749\n|switch|p2a: Slowking|Slowking-Galar, M|58\/100\n|move|p1a: Dondozo|Double-Edge|p2a: Slowking\n|-damage|p2a: Slowking|0 fnt\n|faint|p2a: Slowking\n|-damage|p1a: Dondozo|19\/100 par|[from] Recoil\n|\n|-weather|Snow|[upkeep]\n|upkeep\n|\n|t:|1700764753\n|switch|p2a: Great Tusk|Great Tusk|100\/100\n|turn|24\n|\n|t:|1700764758\n|move|p2a: Great Tusk|Rapid Spin|p1a: Dondozo\n|-damage|p1a: Dondozo|7\/100 par\n|-boost|p2a: Great Tusk|spe|1\n|move|p1a: Dondozo|Double-Edge|p2a: Great Tusk\n|-damage|p2a: Great Tusk|67\/100\n|-damage|p1a: Dondozo|0 fnt|[from] Recoil\n|faint|p1a: Dondozo\n|\n|-weather|Snow|[upkeep]\n|upkeep\n|\n|t:|1700764767\n|switch|p1a: Dragonite|Dragonite, M|67\/100\n|turn|25\n|\n|t:|1700764780\n|move|p1a: Dragonite|Iron Head|p2a: Great Tusk\n|-damage|p2a: Great Tusk|47\/100\n|move|p2a: Great Tusk|Ice Spinner|p1a: Dragonite\n|-supereffective|p1a: Dragonite\n|-damage|p1a: Dragonite|0 fnt\n|faint|p1a: Dragonite\n|\n|win|360Yes\n|raw|ChefSkips's rating: 1000 &rarr; <strong>1000<\/strong><br \/>(+0 for losing)\n|raw|360Yes's rating: 1109 &rarr; <strong>1126<\/strong><br \/>(+17 for winning)\n|c|\u2606360Yes|GG\n|l|\u2606ChefSkips\n|c|\u2606360Yes|Donbozo couldn't carry\n","uploadtime":1700764805,"views":4,"p1id":"chefskips","p2id":"360yes","formatid":"gen9ou","rating":1000,"private":0,"password":""}