{"id":"gen9ou-1996359980","p1":"red violet blue","p2":"PokeFan1748","format":"[Gen 9] OU","log":"|j|\u2606red violet blue\n|j|\u2606PokeFan1748\n|t:|1700674592\n|gametype|singles\n|player|p1|red violet blue|101|1599\n|player|p2|PokeFan1748|1|1566\n|teamsize|p1|6\n|teamsize|p2|6\n|gen|9\n|tier|[Gen 9] OU\n|rated|\n|rule|Sleep Clause Mod: Limit one foe put to sleep\n|rule|Species Clause: Limit one of each Pok\u00e9mon\n|rule|OHKO Clause: OHKO moves are banned\n|rule|Evasion Items Clause: Evasion items are banned\n|rule|Evasion Moves Clause: Evasion moves are banned\n|rule|Endless Battle Clause: Forcing endless battles is banned\n|rule|HP Percentage Mod: HP is shown in percentages\n|clearpoke\n|poke|p1|Ribombee, F|\n|poke|p1|Kingambit, F|\n|poke|p1|Greninja-*, M|\n|poke|p1|Iron Valiant|\n|poke|p1|Manaphy|\n|poke|p1|Gholdengo|\n|poke|p2|Dragapult, F|\n|poke|p2|Great Tusk|\n|poke|p2|Slowking-Galar, F|\n|poke|p2|Kingambit, F|\n|poke|p2|Ogerpon-Wellspring, F|\n|poke|p2|Walking Wake|\n|teampreview\n|inactive|Battle timer is ON: inactive players will automatically lose when time's up. (requested by red violet blue)\n|j| Mulememe\n|\n|t:|1700674610\n|start\n|switch|p1a: Ribombee|Ribombee, F|100\/100\n|switch|p2a: Dragapult|Dragapult, F|100\/100\n|turn|1\n|\n|t:|1700674624\n|move|p2a: Dragapult|Shadow Ball|p1a: Ribombee\n|-damage|p1a: Ribombee|10\/100\n|move|p1a: Ribombee|Sticky Web|p2a: Dragapult\n|-sidestart|p2: PokeFan1748|move: Sticky Web\n|\n|upkeep\n|turn|2\n|\n|t:|1700674640\n|switch|p2a: Great Tusk|Great Tusk|100\/100\n|-activate|p2a: Great Tusk|move: Sticky Web\n|-unboost|p2a: Great Tusk|spe|1\n|move|p1a: Ribombee|Moonblast|p2a: Great Tusk\n|-supereffective|p2a: Great Tusk\n|-damage|p2a: Great Tusk|0 fnt\n|faint|p2a: Great Tusk\n|-end|p2a: Great Tusk|Protosynthesis|[silent]\n|\n|upkeep\n|\n|t:|1700674651\n|switch|p2a: Slowking|Slowking-Galar, F|100\/100\n|turn|3\n|\n|t:|1700674668\n|move|p1a: Ribombee|Stun Spore|p2a: Slowking|[miss]\n|-miss|p1a: Ribombee|p2a: Slowking\n|move|p2a: Slowking|Ice Beam|p1a: Ribombee\n|-damage|p1a: Ribombee|0 fnt\n|faint|p1a: Ribombee\n|\n|upkeep\n|\n|t:|1700674672\n|switch|p1a: Kingambit|Kingambit, F|100\/100\n|-activate|p1a: Kingambit|ability: Supreme Overlord\n|-start|p1a: Kingambit|fallen1|[silent]\n|turn|4\n|inactive|PokeFan1748 has 120 seconds left.\n|\n|t:|1700674693\n|move|p1a: Kingambit|Kowtow Cleave|p2a: Slowking\n|-supereffective|p2a: Slowking\n|-damage|p2a: Slowking|3\/100\n|move|p2a: Slowking|Chilly Reception|p2a: Slowking\n|-weather|Snow\n|inactive|PokeFan1748 has 120 seconds left.\n|\n|t:|1700674704\n|switch|p2a: Walking Wake|Walking Wake|100\/100|[from] Chilly Reception\n|-activate|p2a: Walking Wake|move: Sticky Web\n|-unboost|p2a: Walking Wake|spe|1\n|-enditem|p2a: Walking Wake|Booster Energy\n|-activate|p2a: Walking Wake|ability: Protosynthesis|[fromitem]\n|-start|p2a: Walking Wake|protosynthesisspa\n|\n|-weather|Snow|[upkeep]\n|upkeep\n|turn|5\n|inactive|PokeFan1748 has 120 seconds left.\n|\n|t:|1700674715\n|-end|p1a: Kingambit|fallen1|[silent]\n|switch|p1a: Manaphy|Manaphy|100\/100\n|move|p2a: Walking Wake|Flamethrower|p1a: Manaphy\n|-resisted|p1a: Manaphy\n|-damage|p1a: Manaphy|83\/100\n|\n|-weather|Snow|[upkeep]\n|-heal|p1a: Manaphy|90\/100|[from] item: Leftovers\n|upkeep\n|turn|6\n|inactive|PokeFan1748 has 120 seconds left.\n|\n|t:|1700674723\n|move|p1a: Manaphy|Take Heart|p1a: Manaphy\n|-boost|p1a: Manaphy|spa|1\n|-boost|p1a: Manaphy|spd|1\n|move|p2a: Walking Wake|Agility|p2a: Walking Wake\n|-boost|p2a: Walking Wake|spe|2\n|\n|-weather|Snow|[upkeep]\n|-heal|p1a: Manaphy|96\/100|[from] item: Leftovers\n|upkeep\n|turn|7\n|\n|t:|1700674731\n|move|p2a: Walking Wake|Dragon Pulse|p1a: Manaphy\n|-damage|p1a: Manaphy|64\/100\n|move|p1a: Manaphy|Take Heart|p1a: Manaphy\n|-boost|p1a: Manaphy|spa|1\n|-boost|p1a: Manaphy|spd|1\n|\n|-weather|Snow|[upkeep]\n|-heal|p1a: Manaphy|70\/100|[from] item: Leftovers\n|upkeep\n|turn|8\n|\n|t:|1700674740\n|move|p2a: Walking Wake|Dragon Pulse|p1a: Manaphy\n|-damage|p1a: Manaphy|41\/100\n|move|p1a: Manaphy|Take Heart|p1a: Manaphy\n|-boost|p1a: Manaphy|spa|1\n|-boost|p1a: Manaphy|spd|1\n|\n|-weather|none\n|-heal|p1a: Manaphy|48\/100|[from] item: Leftovers\n|upkeep\n|turn|9\n|\n|t:|1700674747\n|move|p2a: Walking Wake|Dragon Pulse|p1a: Manaphy\n|-damage|p1a: Manaphy|27\/100\n|move|p1a: Manaphy|Stored Power|p2a: Walking Wake\n|-damage|p2a: Walking Wake|14\/100\n|\n|-heal|p1a: Manaphy|33\/100|[from] item: Leftovers\n|upkeep\n|turn|10\n|\n|t:|1700674755\n|move|p2a: Walking Wake|Dragon Pulse|p1a: Manaphy\n|-damage|p1a: Manaphy|13\/100\n|move|p1a: Manaphy|Stored Power|p2a: Walking Wake\n|-damage|p2a: Walking Wake|0 fnt\n|faint|p2a: Walking Wake\n|-end|p2a: Walking Wake|Protosynthesis|[silent]\n|\n|-heal|p1a: Manaphy|19\/100|[from] item: Leftovers\n|upkeep\n|\n|t:|1700674775\n|switch|p2a: Kingambit|Kingambit, F|100\/100\n|-activate|p2a: Kingambit|move: Sticky Web\n|-unboost|p2a: Kingambit|spe|1\n|-activate|p2a: Kingambit|ability: Supreme Overlord\n|-start|p2a: Kingambit|fallen2|[silent]\n|turn|11\n|\n|t:|1700674784\n|move|p1a: Manaphy|Acid Armor|p1a: Manaphy\n|-boost|p1a: Manaphy|def|2\n|move|p2a: Kingambit|Kowtow Cleave|p1a: Manaphy\n|-damage|p1a: Manaphy|0 fnt\n|faint|p1a: Manaphy\n|\n|upkeep\n|\n|t:|1700674788\n|switch|p1a: Kingambit|Kingambit, F|100\/100\n|-activate|p1a: Kingambit|ability: Supreme Overlord\n|-start|p1a: Kingambit|fallen2|[silent]\n|turn|12\n|\n|t:|1700674810\n|-end|p2a: Kingambit|fallen2|[silent]\n|switch|p2a: Ogerpon|Ogerpon-Wellspring, F|100\/100\n|-activate|p2a: Ogerpon|move: Sticky Web\n|-unboost|p2a: Ogerpon|spe|1\n|move|p1a: Kingambit|Low Kick|p2a: Ogerpon\n|-damage|p2a: Ogerpon|65\/100\n|\n|upkeep\n|turn|13\n|\n|t:|1700674828\n|-end|p1a: Kingambit|fallen2|[silent]\n|switch|p1a: Greninja|Greninja, M|100\/100\n|move|p2a: Ogerpon|Ivy Cudgel|p1a: Greninja|[anim] Ivy Cudgel Water\n|-resisted|p1a: Greninja\n|-damage|p1a: Greninja|54\/100\n|\n|upkeep\n|turn|14\n|\n|t:|1700674840\n|move|p1a: Greninja|Dark Pulse|p2a: Ogerpon\n|-damage|p2a: Ogerpon|8\/100\n|-damage|p1a: Greninja|44\/100|[from] item: Life Orb\n|move|p2a: Ogerpon|Power Whip|p1a: Greninja\n|-supereffective|p1a: Greninja\n|-damage|p1a: Greninja|0 fnt\n|faint|p1a: Greninja\n|\n|upkeep\n|\n|t:|1700674849\n|switch|p1a: Iron Valiant|Iron Valiant|100\/100\n|-enditem|p1a: Iron Valiant|Booster Energy\n|-activate|p1a: Iron Valiant|ability: Quark Drive|[fromitem]\n|-start|p1a: Iron Valiant|quarkdrivespe\n|turn|15\n|\n|t:|1700674865\n|move|p1a: Iron Valiant|Knock Off|p2a: Ogerpon\n|-damage|p2a: Ogerpon|0 fnt\n|faint|p2a: Ogerpon\n|\n|upkeep\n|inactive|PokeFan1748 has 120 seconds left.\n|\n|t:|1700674892\n|switch|p2a: Kingambit|Kingambit, F|100\/100\n|-activate|p2a: Kingambit|move: Sticky Web\n|-unboost|p2a: Kingambit|spe|1\n|-activate|p2a: Kingambit|ability: Supreme Overlord\n|-start|p2a: Kingambit|fallen3|[silent]\n|turn|16\n|\n|t:|1700674899\n|-terastallize|p2a: Kingambit|Flying\n|move|p1a: Iron Valiant|Close Combat|p2a: Kingambit\n|-resisted|p2a: Kingambit\n|-damage|p2a: Kingambit|77\/100\n|-unboost|p1a: Iron Valiant|def|1\n|-unboost|p1a: Iron Valiant|spd|1\n|move|p2a: Kingambit|Iron Head|p1a: Iron Valiant\n|-supereffective|p1a: Iron Valiant\n|-damage|p1a: Iron Valiant|0 fnt\n|faint|p1a: Iron Valiant\n|-end|p1a: Iron Valiant|Quark Drive|[silent]\n|\n|-heal|p2a: Kingambit|83\/100|[from] item: Leftovers\n|upkeep\n|\n|t:|1700674919\n|switch|p1a: Kingambit|Kingambit, F|100\/100\n|-activate|p1a: Kingambit|ability: Supreme Overlord\n|-start|p1a: Kingambit|fallen4|[silent]\n|turn|17\n|inactive|PokeFan1748 has 120 seconds left.\n|\n|t:|1700674935\n|move|p1a: Kingambit|Kowtow Cleave|p2a: Kingambit\n|-damage|p2a: Kingambit|34\/100\n|move|p2a: Kingambit|Kowtow Cleave|p1a: Kingambit\n|-resisted|p1a: Kingambit\n|-damage|p1a: Kingambit|71\/100\n|\n|-heal|p2a: Kingambit|40\/100|[from] item: Leftovers\n|upkeep\n|turn|18\n|\n|t:|1700674954\n|move|p1a: Kingambit|Kowtow Cleave|p2a: Kingambit\n|-damage|p2a: Kingambit|0 fnt\n|faint|p2a: Kingambit\n|-end|p2a: Kingambit|fallen3|[silent]\n|\n|upkeep\n|\n|t:|1700674965\n|switch|p2a: Dragapult|Dragapult, F|100\/100\n|-activate|p2a: Dragapult|move: Sticky Web\n|-unboost|p2a: Dragapult|spe|1\n|turn|19\n|\n|t:|1700674970\n|move|p1a: Kingambit|Sucker Punch|p2a: Dragapult\n|-supereffective|p2a: Dragapult\n|-damage|p2a: Dragapult|0 fnt\n|faint|p2a: Dragapult\n|\n|upkeep\n|-message|PokeFan1748 forfeited.\n|\n|win|red violet blue\n|raw|red violet blue's rating: 1599 &rarr; <strong>1617<\/strong><br \/>(+18 for winning)\n|raw|PokeFan1748's rating: 1566 &rarr; <strong>1548<\/strong><br \/>(-18 for losing)\n|l|\u2606PokeFan1748\n","uploadtime":1700674988,"views":6,"p1id":"redvioletblue","p2id":"pokefan1748","formatid":"gen9ou","rating":1548,"private":0,"password":""}