{"id":"gen9ou-1996997968","p1":"qiuw","p2":"meghlomaniac","format":"[Gen 9] OU","log":"|j|\u2606qiuw\n|j|\u2606meghlomaniac\n|t:|1700754013\n|gametype|singles\n|player|p1|qiuw|preschooler|1227\n|player|p2|meghlomaniac|hoopster|1167\n|teamsize|p1|6\n|teamsize|p2|6\n|gen|9\n|tier|[Gen 9] OU\n|rated|\n|rule|Sleep Clause Mod: Limit one foe put to sleep\n|rule|Species Clause: Limit one of each Pok\u00e9mon\n|rule|OHKO Clause: OHKO moves are banned\n|rule|Evasion Items Clause: Evasion items are banned\n|rule|Evasion Moves Clause: Evasion moves are banned\n|rule|Endless Battle Clause: Forcing endless battles is banned\n|rule|HP Percentage Mod: HP is shown in percentages\n|clearpoke\n|poke|p1|Great Tusk|\n|poke|p1|Zapdos|\n|poke|p1|Heatran, M|\n|poke|p1|Iron Valiant|\n|poke|p1|Kingambit, M|\n|poke|p1|Dragapult, M|\n|poke|p2|Alomomola, F|\n|poke|p2|Slowking-Galar, F|\n|poke|p2|Kingambit, F|\n|poke|p2|Great Tusk|\n|poke|p2|Cinderace, F|\n|poke|p2|Thundurus-Therian, M|\n|teampreview\n|inactive|Battle timer is ON: inactive players will automatically lose when time's up. (requested by meghlomaniac)\n|inactive|qiuw also wants the timer to be on.\n|\n|t:|1700754038\n|start\n|switch|p1a: Heatran|Heatran, M|100\/100\n|switch|p2a: Cinderace|Cinderace, F|100\/100\n|turn|1\n|\n|t:|1700754043\n|move|p2a: Cinderace|U-turn|p1a: Heatran\n|-start|p2a: Cinderace|typechange|Bug|[from] ability: Libero\n|-resisted|p1a: Heatran\n|-damage|p1a: Heatran|93\/100\n|\n|t:|1700754046\n|switch|p2a: Alomomola|Alomomola, F|100\/100|[from] U-turn\n|move|p1a: Heatran|Magma Storm|p2a: Alomomola|[miss]\n|-miss|p1a: Heatran|p2a: Alomomola\n|\n|-heal|p1a: Heatran|99\/100|[from] item: Leftovers\n|upkeep\n|turn|2\n|\n|t:|1700754063\n|switch|p1a: Dragapult|Dragapult, M|100\/100\n|move|p2a: Alomomola|Flip Turn|p1a: Dragapult\n|-resisted|p1a: Dragapult\n|-damage|p1a: Dragapult|90\/100\n|inactive|meghlomaniac has 120 seconds left.\n|inactive|meghlomaniac has 90 seconds left.\n|\n|t:|1700754123\n|switch|p2a: Kingambit|Kingambit, F|100\/100|[from] Flip Turn\n|\n|upkeep\n|turn|3\n|inactive|qiuw has 120 seconds left.\n|\n|t:|1700754156\n|switch|p1a: Heatran|Heatran, M|99\/100\n|move|p2a: Kingambit|Kowtow Cleave|p1a: Heatran\n|-damage|p1a: Heatran|58\/100\n|\n|-heal|p1a: Heatran|64\/100|[from] item: Leftovers\n|upkeep\n|turn|4\n|\n|t:|1700754171\n|switch|p1a: Great Tusk|Great Tusk|100\/100\n|-end|p2a: Kingambit|fallenundefined|[silent]\n|switch|p2a: Alomomola|Alomomola, F|100\/100\n|\n|upkeep\n|turn|5\n|\n|t:|1700754181\n|-end|p1a: Great Tusk|Protosynthesis|[silent]\n|switch|p1a: Dragapult|Dragapult, M|90\/100\n|move|p2a: Alomomola|Flip Turn|p1a: Dragapult\n|-resisted|p1a: Dragapult\n|-damage|p1a: Dragapult|78\/100\n|\n|t:|1700754187\n|switch|p2a: Kingambit|Kingambit, F|100\/100|[from] Flip Turn\n|\n|upkeep\n|turn|6\n|\n|t:|1700754190\n|move|p1a: Dragapult|Flamethrower|p2a: Kingambit\n|-supereffective|p2a: Kingambit\n|-damage|p2a: Kingambit|20\/100\n|move|p2a: Kingambit|Kowtow Cleave|p1a: Dragapult\n|-supereffective|p1a: Dragapult\n|-damage|p1a: Dragapult|0 fnt\n|faint|p1a: Dragapult\n|\n|upkeep\n|\n|t:|1700754198\n|switch|p1a: Heatran|Heatran, M|64\/100\n|turn|7\n|\n|t:|1700754203\n|-end|p2a: Kingambit|fallenundefined|[silent]\n|switch|p2a: Alomomola|Alomomola, F|100\/100\n|move|p1a: Heatran|Stealth Rock|p2a: Alomomola\n|-sidestart|p2: meghlomaniac|move: Stealth Rock\n|\n|-heal|p1a: Heatran|71\/100|[from] item: Leftovers\n|upkeep\n|turn|8\n|\n|t:|1700754211\n|switch|p1a: Kingambit|Kingambit, M|100\/100\n|-activate|p1a: Kingambit|ability: Supreme Overlord\n|-start|p1a: Kingambit|fallen1|[silent]\n|move|p2a: Alomomola|Wish|p2a: Alomomola\n|\n|upkeep\n|turn|9\n|\n|t:|1700754220\n|move|p1a: Kingambit|Kowtow Cleave|p2a: Alomomola\n|-damage|p2a: Alomomola|68\/100\n|move|p2a: Alomomola|Flip Turn|p1a: Kingambit\n|-damage|p1a: Kingambit|88\/100\n|\n|t:|1700754225\n|switch|p2a: Kingambit|Kingambit, F|20\/100|[from] Flip Turn\n|-damage|p2a: Kingambit|13\/100|[from] Stealth Rock\n|\n|-heal|p2a: Kingambit|77\/100|[from] move: Wish|[wisher] Alomomola\n|-heal|p1a: Kingambit|94\/100|[from] item: Leftovers\n|upkeep\n|turn|10\n|\n|t:|1700754237\n|-end|p1a: Kingambit|fallen1|[silent]\n|switch|p1a: Great Tusk|Great Tusk|100\/100\n|-end|p2a: Kingambit|fallenundefined|[silent]\n|switch|p2a: Great Tusk|Great Tusk|100\/100\n|-damage|p2a: Great Tusk|98\/100|[from] Stealth Rock\n|\n|upkeep\n|turn|11\n|\n|t:|1700754247\n|move|p2a: Great Tusk|Stealth Rock|p1a: Great Tusk\n|-sidestart|p1: qiuw|move: Stealth Rock\n|move|p1a: Great Tusk|Rapid Spin|p2a: Great Tusk\n|-damage|p2a: Great Tusk|86\/100\n|-boost|p1a: Great Tusk|spe|1\n|-damage|p1a: Great Tusk|84\/100|[from] item: Rocky Helmet|[of] p2a: Great Tusk\n|-sideend|p1: qiuw|Stealth Rock|[from] move: Rapid Spin|[of] p1a: Great Tusk\n|\n|-heal|p1a: Great Tusk|90\/100|[from] item: Leftovers\n|upkeep\n|turn|12\n|\n|t:|1700754255\n|move|p1a: Great Tusk|Knock Off|p2a: Great Tusk\n|-resisted|p2a: Great Tusk\n|-damage|p2a: Great Tusk|75\/100\n|-damage|p1a: Great Tusk|74\/100|[from] item: Rocky Helmet|[of] p2a: Great Tusk\n|-enditem|p2a: Great Tusk|Rocky Helmet|[from] move: Knock Off|[of] p1a: Great Tusk\n|move|p2a: Great Tusk|Ice Spinner|p1a: Great Tusk\n|-supereffective|p1a: Great Tusk\n|-damage|p1a: Great Tusk|46\/100\n|\n|-heal|p1a: Great Tusk|53\/100|[from] item: Leftovers\n|upkeep\n|turn|13\n|\n|t:|1700754276\n|move|p1a: Great Tusk|Ice Spinner|p2a: Great Tusk\n|-supereffective|p2a: Great Tusk\n|-damage|p2a: Great Tusk|40\/100\n|move|p2a: Great Tusk|Ice Spinner|p1a: Great Tusk\n|-supereffective|p1a: Great Tusk\n|-damage|p1a: Great Tusk|26\/100\n|\n|-heal|p1a: Great Tusk|33\/100|[from] item: Leftovers\n|upkeep\n|turn|14\n|\n|t:|1700754283\n|-end|p2a: Great Tusk|Protosynthesis|[silent]\n|switch|p2a: Alomomola|Alomomola, F|100\/100\n|move|p1a: Great Tusk|Ice Spinner|p2a: Alomomola\n|-resisted|p2a: Alomomola\n|-damage|p2a: Alomomola|93\/100\n|\n|-heal|p1a: Great Tusk|39\/100|[from] item: Leftovers\n|upkeep\n|turn|15\n|\n|t:|1700754292\n|move|p1a: Great Tusk|Knock Off|p2a: Alomomola\n|-crit|p2a: Alomomola\n|-damage|p2a: Alomomola|69\/100\n|-enditem|p2a: Alomomola|Heavy-Duty Boots|[from] move: Knock Off|[of] p1a: Great Tusk\n|move|p2a: Alomomola|Wish|p2a: Alomomola\n|\n|-heal|p1a: Great Tusk|45\/100|[from] item: Leftovers\n|upkeep\n|turn|16\n|\n|t:|1700754312\n|move|p1a: Great Tusk|Ice Spinner|p2a: Alomomola\n|-resisted|p2a: Alomomola\n|-damage|p2a: Alomomola|63\/100\n|move|p2a: Alomomola|Flip Turn|p1a: Great Tusk\n|-supereffective|p1a: Great Tusk\n|-damage|p1a: Great Tusk|28\/100\n|\n|t:|1700754321\n|switch|p2a: Great Tusk|Great Tusk|40\/100|[from] Flip Turn\n|-damage|p2a: Great Tusk|37\/100|[from] Stealth Rock\n|\n|-heal|p2a: Great Tusk|100\/100|[from] move: Wish|[wisher] Alomomola\n|-heal|p1a: Great Tusk|35\/100|[from] item: Leftovers\n|upkeep\n|turn|17\n|\n|t:|1700754325\n|move|p1a: Great Tusk|Ice Spinner|p2a: Great Tusk\n|-supereffective|p2a: Great Tusk\n|-damage|p2a: Great Tusk|67\/100\n|move|p2a: Great Tusk|Rapid Spin|p1a: Great Tusk\n|-damage|p1a: Great Tusk|25\/100\n|-boost|p2a: Great Tusk|spe|1\n|-sideend|p2: meghlomaniac|Stealth Rock|[from] move: Rapid Spin|[of] p2a: Great Tusk\n|\n|-heal|p1a: Great Tusk|32\/100|[from] item: Leftovers\n|upkeep\n|turn|18\n|\n|t:|1700754333\n|move|p2a: Great Tusk|Stealth Rock|p1a: Great Tusk\n|-sidestart|p1: qiuw|move: Stealth Rock\n|move|p1a: Great Tusk|Ice Spinner|p2a: Great Tusk\n|-supereffective|p2a: Great Tusk\n|-damage|p2a: Great Tusk|29\/100\n|\n|-heal|p1a: Great Tusk|38\/100|[from] item: Leftovers\n|upkeep\n|turn|19\n|\n|t:|1700754339\n|-end|p2a: Great Tusk|Protosynthesis|[silent]\n|switch|p2a: Alomomola|Alomomola, F|96\/100\n|move|p1a: Great Tusk|Rapid Spin|p2a: Alomomola\n|-damage|p2a: Alomomola|88\/100\n|-boost|p1a: Great Tusk|spe|1\n|-sideend|p1: qiuw|Stealth Rock|[from] move: Rapid Spin|[of] p1a: Great Tusk\n|\n|-heal|p1a: Great Tusk|44\/100|[from] item: Leftovers\n|upkeep\n|turn|20\n|\n|t:|1700754348\n|move|p1a: Great Tusk|Earthquake|p2a: Alomomola\n|-damage|p2a: Alomomola|63\/100\n|move|p2a: Alomomola|Wish|p2a: Alomomola\n|\n|-heal|p1a: Great Tusk|50\/100|[from] item: Leftovers\n|upkeep\n|turn|21\n|\n|t:|1700754354\n|-end|p1a: Great Tusk|Protosynthesis|[silent]\n|switch|p1a: Zapdos|Zapdos|100\/100\n|move|p2a: Alomomola|Flip Turn|p1a: Zapdos\n|-damage|p1a: Zapdos|89\/100\n|\n|t:|1700754358\n|switch|p2a: Thundurus|Thundurus-Therian, M|100\/100|[from] Flip Turn\n|\n|upkeep\n|turn|22\n|\n|t:|1700754369\n|switch|p1a: Heatran|Heatran, M|71\/100\n|move|p2a: Thundurus|Volt Switch|p1a: Heatran\n|-damage|p1a: Heatran|47\/100\n|\n|t:|1700754377\n|switch|p2a: Alomomola|Alomomola, F|97\/100|[from] Volt Switch\n|\n|-heal|p1a: Heatran|53\/100|[from] item: Leftovers\n|upkeep\n|turn|23\n|\n|t:|1700754382\n|move|p1a: Heatran|Taunt|p2a: Alomomola\n|-start|p2a: Alomomola|move: Taunt\n|cant|p2a: Alomomola|move: Taunt|Wish\n|\n|-heal|p1a: Heatran|60\/100|[from] item: Leftovers\n|upkeep\n|turn|24\n|\n|t:|1700754390\n|switch|p1a: Zapdos|Zapdos|89\/100\n|move|p2a: Alomomola|Flip Turn|p1a: Zapdos\n|-damage|p1a: Zapdos|77\/100\n|\n|t:|1700754393\n|switch|p2a: Thundurus|Thundurus-Therian, M|100\/100|[from] Flip Turn\n|\n|upkeep\n|turn|25\n|\n|t:|1700754408\n|switch|p1a: Great Tusk|Great Tusk|50\/100\n|move|p2a: Thundurus|Volt Switch|p1a: Great Tusk\n|-immune|p1a: Great Tusk\n|\n|-heal|p1a: Great Tusk|56\/100|[from] item: Leftovers\n|upkeep\n|turn|26\n|\n|t:|1700754416\n|-end|p1a: Great Tusk|Protosynthesis|[silent]\n|switch|p1a: Zapdos|Zapdos|77\/100\n|move|p2a: Thundurus|Grass Knot|p1a: Zapdos\n|-resisted|p1a: Zapdos\n|-damage|p1a: Zapdos|64\/100\n|\n|upkeep\n|turn|27\n|\n|t:|1700754422\n|move|p2a: Thundurus|Volt Switch|p1a: Zapdos\n|-damage|p1a: Zapdos|25\/100\n|\n|t:|1700754426\n|switch|p2a: Slowking|Slowking-Galar, F|100\/100|[from] Volt Switch\n|move|p1a: Zapdos|Roost|p1a: Zapdos\n|-heal|p1a: Zapdos|75\/100\n|-singleturn|p1a: Zapdos|move: Roost\n|\n|upkeep\n|turn|28\n|\n|t:|1700754434\n|move|p1a: Zapdos|Volt Switch|p2a: Slowking\n|-crit|p2a: Slowking\n|-damage|p2a: Slowking|76\/100\n|\n|t:|1700754444\n|switch|p1a: Heatran|Heatran, M|60\/100|[from] Volt Switch\n|move|p2a: Slowking|Future Sight|p1a: Heatran\n|-start|p2a: Slowking|move: Future Sight\n|\n|-heal|p1a: Heatran|66\/100|[from] item: Leftovers\n|-heal|p2a: Slowking|82\/100|[from] item: Black Sludge\n|upkeep\n|turn|29\n|\n|t:|1700754451\n|move|p1a: Heatran|Magma Storm|p2a: Slowking\n|-damage|p2a: Slowking|58\/100\n|-activate|p2a: Slowking|move: Magma Storm|[of] p1a: Heatran\n|move|p2a: Slowking|Chilly Reception|p2a: Slowking\n|-weather|Snow\n|\n|t:|1700754458\n|switch|p2a: Alomomola|Alomomola, F|100\/100|[from] Chilly Reception\n|\n|-weather|Snow|[upkeep]\n|-heal|p1a: Heatran|72\/100|[from] item: Leftovers\n|upkeep\n|turn|30\n|\n|t:|1700754463\n|move|p1a: Heatran|Taunt|p2a: Alomomola\n|-start|p2a: Alomomola|move: Taunt\n|move|p2a: Alomomola|Flip Turn|p1a: Heatran\n|-supereffective|p1a: Heatran\n|-damage|p1a: Heatran|44\/100\n|inactive|meghlomaniac has 120 seconds left.\n|\n|t:|1700754509\n|switch|p2a: Cinderace|Cinderace, F|100\/100|[from] Flip Turn\n|\n|-weather|Snow|[upkeep]\n|-end|p1a: Heatran|move: Future Sight\n|-resisted|p1a: Heatran\n|-damage|p1a: Heatran|29\/100\n|-heal|p1a: Heatran|35\/100|[from] item: Leftovers\n|upkeep\n|turn|31\n|\n|t:|1700754517\n|move|p2a: Cinderace|U-turn|p1a: Heatran\n|-start|p2a: Cinderace|typechange|Bug|[from] ability: Libero\n|-resisted|p1a: Heatran\n|-damage|p1a: Heatran|27\/100\n|\n|t:|1700754523\n|switch|p2a: Alomomola|Alomomola, F|100\/100|[from] U-turn\n|move|p1a: Heatran|Earth Power|p2a: Alomomola\n|-damage|p2a: Alomomola|72\/100\n|\n|-weather|Snow|[upkeep]\n|-heal|p1a: Heatran|34\/100|[from] item: Leftovers\n|upkeep\n|turn|32\n|\n|t:|1700754545\n|move|p1a: Heatran|Stealth Rock|p2a: Alomomola\n|-sidestart|p2: meghlomaniac|move: Stealth Rock\n|move|p2a: Alomomola|Wish|p2a: Alomomola\n|\n|-weather|Snow|[upkeep]\n|-heal|p1a: Heatran|40\/100|[from] item: Leftovers\n|upkeep\n|turn|33\n|\n|t:|1700754561\n|switch|p1a: Iron Valiant|Iron Valiant|100\/100\n|-enditem|p1a: Iron Valiant|Booster Energy\n|-activate|p1a: Iron Valiant|ability: Quark Drive|[fromitem]\n|-start|p1a: Iron Valiant|quarkdrivespe\n|move|p2a: Alomomola|Flip Turn|p1a: Iron Valiant\n|-damage|p1a: Iron Valiant|78\/100\n|\n|t:|1700754569\n|switch|p2a: Great Tusk|Great Tusk|29\/100|[from] Flip Turn\n|-damage|p2a: Great Tusk|26\/100|[from] Stealth Rock\n|\n|-weather|none\n|-heal|p2a: Great Tusk|95\/100|[from] move: Wish|[wisher] Alomomola\n|upkeep\n|turn|34\n|\n|t:|1700754576\n|-end|p2a: Great Tusk|Protosynthesis|[silent]\n|switch|p2a: Slowking|Slowking-Galar, F|92\/100\n|-damage|p2a: Slowking|79\/100|[from] Stealth Rock\n|move|p1a: Iron Valiant|Moonblast|p2a: Slowking\n|-resisted|p2a: Slowking\n|-crit|p2a: Slowking\n|-damage|p2a: Slowking|57\/100\n|\n|-heal|p2a: Slowking|63\/100|[from] item: Black Sludge\n|upkeep\n|turn|35\n|\n|t:|1700754586\n|move|p1a: Iron Valiant|Shadow Ball|p2a: Slowking\n|-supereffective|p2a: Slowking\n|-damage|p2a: Slowking|31\/100\n|move|p2a: Slowking|Sludge Bomb|p1a: Iron Valiant\n|-supereffective|p1a: Iron Valiant\n|-damage|p1a: Iron Valiant|0 fnt\n|faint|p1a: Iron Valiant\n|-end|p1a: Iron Valiant|Quark Drive|[silent]\n|\n|-heal|p2a: Slowking|37\/100|[from] item: Black Sludge\n|upkeep\n|\n|t:|1700754598\n|switch|p1a: Heatran|Heatran, M|40\/100\n|turn|36\n|\n|t:|1700754610\n|switch|p2a: Thundurus|Thundurus-Therian, M|100\/100\n|move|p1a: Heatran|Earth Power|p2a: Thundurus\n|-immune|p2a: Thundurus\n|\n|-heal|p1a: Heatran|46\/100|[from] item: Leftovers\n|upkeep\n|turn|37\n|\n|t:|1700754619\n|move|p2a: Thundurus|Volt Switch|p1a: Heatran\n|-damage|p1a: Heatran|23\/100\n|\n|t:|1700754624\n|switch|p2a: Alomomola|Alomomola, F|100\/100|[from] Volt Switch\n|-damage|p2a: Alomomola|88\/100|[from] Stealth Rock\n|move|p1a: Heatran|Magma Storm|p2a: Alomomola\n|-resisted|p2a: Alomomola\n|-damage|p2a: Alomomola|68\/100\n|-activate|p2a: Alomomola|move: Magma Storm|[of] p1a: Heatran\n|\n|-heal|p1a: Heatran|29\/100|[from] item: Leftovers\n|-damage|p2a: Alomomola|55\/100|[from] move: Magma Storm|[partiallytrapped]\n|upkeep\n|turn|38\n|\n|t:|1700754636\n|switch|p1a: Zapdos|Zapdos|75\/100\n|move|p2a: Alomomola|Flip Turn|p1a: Zapdos\n|-damage|p1a: Zapdos|63\/100\n|\n|t:|1700754640\n|switch|p2a: Thundurus|Thundurus-Therian, M|100\/100|[from] Flip Turn\n|\n|upkeep\n|turn|39\n|\n|t:|1700754647\n|move|p2a: Thundurus|Knock Off|p1a: Zapdos\n|-damage|p1a: Zapdos|49\/100\n|-enditem|p1a: Zapdos|Heavy-Duty Boots|[from] move: Knock Off|[of] p2a: Thundurus\n|move|p1a: Zapdos|Roost|p1a: Zapdos\n|-heal|p1a: Zapdos|99\/100\n|-singleturn|p1a: Zapdos|move: Roost\n|\n|upkeep\n|turn|40\n|\n|t:|1700754654\n|move|p2a: Thundurus|Taunt|p1a: Zapdos\n|-start|p1a: Zapdos|move: Taunt\n|move|p1a: Zapdos|Hurricane|p2a: Thundurus|[miss]\n|-miss|p1a: Zapdos|p2a: Thundurus\n|\n|upkeep\n|turn|41\n|\n|t:|1700754662\n|move|p2a: Thundurus|Volt Switch|p1a: Zapdos\n|-damage|p1a: Zapdos|63\/100\n|\n|t:|1700754667\n|switch|p2a: Slowking|Slowking-Galar, F|70\/100|[from] Volt Switch\n|-damage|p2a: Slowking|58\/100|[from] Stealth Rock\n|move|p1a: Zapdos|Hurricane|p2a: Slowking\n|-damage|p2a: Slowking|33\/100\n|\n|-heal|p2a: Slowking|39\/100|[from] item: Black Sludge\n|upkeep\n|turn|42\n|\n|t:|1700754675\n|move|p1a: Zapdos|Volt Switch|p2a: Slowking\n|-crit|p2a: Slowking\n|-damage|p2a: Slowking|11\/100\n|\n|t:|1700754681\n|switch|p1a: Heatran|Heatran, M|29\/100|[from] Volt Switch\n|move|p2a: Slowking|Sludge Bomb|p1a: Heatran\n|-immune|p1a: Heatran\n|\n|-heal|p1a: Heatran|35\/100|[from] item: Leftovers\n|-heal|p2a: Slowking|17\/100|[from] item: Black Sludge\n|upkeep\n|turn|43\n|\n|t:|1700754690\n|switch|p2a: Thundurus|Thundurus-Therian, M|100\/100\n|move|p1a: Heatran|Magma Storm|p2a: Thundurus|[miss]\n|-miss|p1a: Heatran|p2a: Thundurus\n|\n|-heal|p1a: Heatran|41\/100|[from] item: Leftovers\n|upkeep\n|turn|44\n|\n|t:|1700754701\n|move|p2a: Thundurus|Volt Switch|p1a: Heatran\n|-damage|p1a: Heatran|17\/100\n|\n|t:|1700754704\n|switch|p2a: Alomomola|Alomomola, F|89\/100|[from] Volt Switch\n|-damage|p2a: Alomomola|76\/100|[from] Stealth Rock\n|move|p1a: Heatran|Magma Storm|p2a: Alomomola\n|-resisted|p2a: Alomomola\n|-damage|p2a: Alomomola|54\/100\n|-activate|p2a: Alomomola|move: Magma Storm|[of] p1a: Heatran\n|\n|-heal|p1a: Heatran|23\/100|[from] item: Leftovers\n|-damage|p2a: Alomomola|41\/100|[from] move: Magma Storm|[partiallytrapped]\n|upkeep\n|turn|45\n|\n|t:|1700754720\n|switch|p1a: Zapdos|Zapdos|63\/100\n|move|p2a: Alomomola|Flip Turn|p1a: Zapdos\n|-damage|p1a: Zapdos|51\/100\n|\n|t:|1700754728\n|switch|p2a: Slowking|Slowking-Galar, F|51\/100|[from] Flip Turn\n|-damage|p2a: Slowking|38\/100|[from] Stealth Rock\n|\n|-heal|p2a: Slowking|44\/100|[from] item: Black Sludge\n|upkeep\n|turn|46\n|\n|t:|1700754736\n|switch|p1a: Heatran|Heatran, M|23\/100\n|move|p2a: Slowking|Future Sight|p1a: Heatran\n|-start|p2a: Slowking|move: Future Sight\n|\n|-heal|p1a: Heatran|29\/100|[from] item: Leftovers\n|-heal|p2a: Slowking|50\/100|[from] item: Black Sludge\n|upkeep\n|turn|47\n|\n|t:|1700754748\n|switch|p2a: Thundurus|Thundurus-Therian, M|100\/100\n|move|p1a: Heatran|Magma Storm|p2a: Thundurus\n|-damage|p2a: Thundurus|50\/100\n|-activate|p2a: Thundurus|move: Magma Storm|[of] p1a: Heatran\n|\n|-heal|p1a: Heatran|35\/100|[from] item: Leftovers\n|-damage|p2a: Thundurus|38\/100|[from] move: Magma Storm|[partiallytrapped]\n|upkeep\n|turn|48\n|\n|t:|1700754761\n|switch|p1a: Kingambit|Kingambit, M|94\/100\n|-activate|p1a: Kingambit|ability: Supreme Overlord\n|-start|p1a: Kingambit|fallen2|[silent]\n|move|p2a: Thundurus|Volt Switch|p1a: Kingambit\n|-damage|p1a: Kingambit|61\/100\n|\n|t:|1700754765\n|switch|p2a: Great Tusk|Great Tusk|95\/100|[from] Volt Switch\n|-damage|p2a: Great Tusk|92\/100|[from] Stealth Rock\n|\n|-end|p1a: Kingambit|move: Future Sight\n|-immune|p1a: Kingambit\n|-heal|p1a: Kingambit|67\/100|[from] item: Leftovers\n|upkeep\n|turn|49\n|\n|t:|1700754775\n|move|p2a: Great Tusk|Stealth Rock|p1a: Kingambit\n|-sidestart|p1: qiuw|move: Stealth Rock\n|move|p1a: Kingambit|Iron Head|p2a: Great Tusk\n|-damage|p2a: Great Tusk|50\/100\n|\n|-heal|p1a: Kingambit|73\/100|[from] item: Leftovers\n|upkeep\n|turn|50\n|\n|t:|1700754788\n|-end|p1a: Kingambit|fallen2|[silent]\n|switch|p1a: Zapdos|Zapdos|51\/100\n|-damage|p1a: Zapdos|26\/100|[from] Stealth Rock\n|move|p2a: Great Tusk|Headlong Rush|p1a: Zapdos\n|-immune|p1a: Zapdos\n|\n|upkeep\n|turn|51\n|\n|t:|1700754794\n|move|p2a: Great Tusk|Ice Spinner|p1a: Zapdos\n|-supereffective|p1a: Zapdos\n|-damage|p1a: Zapdos|0 fnt\n|faint|p1a: Zapdos\n|\n|upkeep\n|\n|t:|1700754801\n|switch|p1a: Great Tusk|Great Tusk|56\/100\n|-damage|p1a: Great Tusk|53\/100|[from] Stealth Rock\n|turn|52\n|\n|t:|1700754811\n|move|p2a: Great Tusk|Headlong Rush|p1a: Great Tusk\n|-damage|p1a: Great Tusk|20\/100\n|-unboost|p2a: Great Tusk|def|1\n|-unboost|p2a: Great Tusk|spd|1\n|move|p1a: Great Tusk|Rapid Spin|p2a: Great Tusk\n|-damage|p2a: Great Tusk|34\/100\n|-boost|p1a: Great Tusk|spe|1\n|-sideend|p1: qiuw|Stealth Rock|[from] move: Rapid Spin|[of] p1a: Great Tusk\n|\n|-heal|p1a: Great Tusk|26\/100|[from] item: Leftovers\n|upkeep\n|turn|53\n|\n|t:|1700754818\n|move|p1a: Great Tusk|Ice Spinner|p2a: Great Tusk\n|-supereffective|p2a: Great Tusk\n|-damage|p2a: Great Tusk|0 fnt\n|faint|p2a: Great Tusk\n|-end|p2a: Great Tusk|Protosynthesis|[silent]\n|\n|-heal|p1a: Great Tusk|33\/100|[from] item: Leftovers\n|upkeep\n|\n|t:|1700754827\n|switch|p2a: Alomomola|Alomomola, F|74\/100\n|-damage|p2a: Alomomola|62\/100|[from] Stealth Rock\n|turn|54\n|\n|t:|1700754847\n|move|p1a: Great Tusk|Earthquake|p2a: Alomomola\n|-damage|p2a: Alomomola|36\/100\n|move|p2a: Alomomola|Scald|p1a: Great Tusk\n|-supereffective|p1a: Great Tusk\n|-damage|p1a: Great Tusk|0 fnt\n|faint|p1a: Great Tusk\n|-end|p1a: Great Tusk|Protosynthesis|[silent]\n|\n|upkeep\n|\n|t:|1700754852\n|switch|p1a: Kingambit|Kingambit, M|73\/100\n|-activate|p1a: Kingambit|ability: Supreme Overlord\n|-start|p1a: Kingambit|fallen4|[silent]\n|turn|55\n|\n|t:|1700754866\n|switch|p2a: Slowking|Slowking-Galar, F|84\/100\n|-damage|p2a: Slowking|71\/100|[from] Stealth Rock\n|move|p1a: Kingambit|Swords Dance|p1a: Kingambit\n|-boost|p1a: Kingambit|atk|2\n|\n|-heal|p1a: Kingambit|79\/100|[from] item: Leftovers\n|-heal|p2a: Slowking|77\/100|[from] item: Black Sludge\n|upkeep\n|turn|56\n|\n|t:|1700754874\n|move|p1a: Kingambit|Kowtow Cleave|p2a: Slowking\n|-supereffective|p2a: Slowking\n|-damage|p2a: Slowking|0 fnt\n|faint|p2a: Slowking\n|\n|-heal|p1a: Kingambit|86\/100|[from] item: Leftovers\n|upkeep\n|\n|t:|1700754876\n|switch|p2a: Kingambit|Kingambit, F|77\/100\n|-damage|p2a: Kingambit|71\/100|[from] Stealth Rock\n|-activate|p2a: Kingambit|ability: Supreme Overlord\n|-start|p2a: Kingambit|fallen2|[silent]\n|turn|57\n|c|\u2606meghlomaniac|misclick fuck\n|c|\u2606qiuw|i lost anyways\n|inactive|qiuw has 120 seconds left.\n|\n|t:|1700754908\n|-terastallize|p1a: Kingambit|Fairy\n|move|p1a: Kingambit|Iron Head|p2a: Kingambit\n|-resisted|p2a: Kingambit\n|-damage|p2a: Kingambit|27\/100\n|cant|p2a: Kingambit|flinch\n|\n|-heal|p1a: Kingambit|92\/100|[from] item: Leftovers\n|upkeep\n|turn|58\n|c|\u2606meghlomaniac|idk i've pulled games from a worse situation using gambit\n|\n|t:|1700754915\n|move|p2a: Kingambit|Sucker Punch|p1a: Kingambit\n|-resisted|p1a: Kingambit\n|-damage|p1a: Kingambit|73\/100\n|move|p1a: Kingambit|Iron Head|p2a: Kingambit\n|-resisted|p2a: Kingambit\n|-damage|p2a: Kingambit|0 fnt\n|faint|p2a: Kingambit\n|-end|p2a: Kingambit|fallen2|[silent]\n|\n|-heal|p1a: Kingambit|79\/100|[from] item: Leftovers\n|upkeep\n|\n|t:|1700754919\n|switch|p2a: Cinderace|Cinderace, F|100\/100\n|turn|59\n|c|\u2606qiuw|i thought u had lowkick\n|c|\u2606meghlomaniac|nah\n|\n|t:|1700754936\n|move|p2a: Cinderace|Will-O-Wisp|p1a: Kingambit|[miss]\n|-miss|p2a: Cinderace|p1a: Kingambit\n|move|p1a: Kingambit|Kowtow Cleave|p2a: Cinderace\n|-damage|p2a: Cinderace|0 fnt\n|faint|p2a: Cinderace\n|\n|-heal|p1a: Kingambit|85\/100|[from] item: Leftovers\n|upkeep\n|c|\u2606meghlomaniac|nooooo\n|\n|t:|1700754941\n|switch|p2a: Alomomola|Alomomola, F|69\/100\n|-damage|p2a: Alomomola|57\/100|[from] Stealth Rock\n|turn|60\n|c|\u2606qiuw|daaamn\n|\n|t:|1700754947\n|move|p1a: Kingambit|Kowtow Cleave|p2a: Alomomola\n|-damage|p2a: Alomomola|0 fnt\n|faint|p2a: Alomomola\n|\n|-heal|p1a: Kingambit|92\/100|[from] item: Leftovers\n|upkeep\n|c|\u2606meghlomaniac|gg i think\n|\n|t:|1700754950\n|switch|p2a: Thundurus|Thundurus-Therian, M|38\/100\n|turn|61\n|c|\u2606qiuw|looks like it\n|c|\u2606meghlomaniac|yeah\n|\n|t:|1700754958\n|move|p2a: Thundurus|Taunt|p1a: Kingambit\n|-start|p1a: Kingambit|move: Taunt\n|move|p1a: Kingambit|Kowtow Cleave|p2a: Thundurus\n|-damage|p2a: Thundurus|0 fnt\n|faint|p2a: Thundurus\n|\n|win|qiuw\n|raw|qiuw's rating: 1227 &rarr; <strong>1248<\/strong><br \/>(+21 for winning)\n|raw|meghlomaniac's rating: 1167 &rarr; <strong>1146<\/strong><br \/>(-21 for losing)\n","uploadtime":1700754885,"views":0,"p1id":"qiuw","p2id":"meghlomaniac","formatid":"gen9ou","rating":1146,"private":0,"password":""}