{"id":"gen9ou-1991020898","p1":"tacodog 123412","p2":"RayParK_","format":"[Gen 9] OU","log":"|j|\u2606tacodog 123412\n|j|\u2606RayParK_\n|t:|1700029309\n|gametype|singles\n|player|p1|tacodog 123412|kieran-festival|1553\n|player|p2|RayParK_|2|1669\n|teamsize|p1|6\n|teamsize|p2|6\n|gen|9\n|tier|[Gen 9] OU\n|rated|\n|rule|Sleep Clause Mod: Limit one foe put to sleep\n|rule|Species Clause: Limit one of each Pok\u00e9mon\n|rule|OHKO Clause: OHKO moves are banned\n|rule|Evasion Items Clause: Evasion items are banned\n|rule|Evasion Moves Clause: Evasion moves are banned\n|rule|Endless Battle Clause: Forcing endless battles is banned\n|rule|HP Percentage Mod: HP is shown in percentages\n|clearpoke\n|poke|p1|Weavile, F|\n|poke|p1|Amoonguss, M|\n|poke|p1|Garganacl, M|\n|poke|p1|Maushold|\n|poke|p1|Kingambit, F|\n|poke|p1|Samurott-Hisui, M|\n|poke|p2|Great Tusk|\n|poke|p2|Slowking-Galar, M|\n|poke|p2|Kingambit, M|\n|poke|p2|Zamazenta-*|\n|poke|p2|Landorus-Therian, M|\n|poke|p2|Gholdengo|\n|teampreview\n|\n|t:|1700029324\n|start\n|switch|p1a: Garganacl|Garganacl, M|100\/100\n|switch|p2a: Zamazenta|Zamazenta|100\/100\n|-ability|p2a: Zamazenta|Dauntless Shield|boost\n|-boost|p2a: Zamazenta|def|1\n|turn|1\n|\n|t:|1700029331\n|-terastallize|p1a: Garganacl|Fairy\n|move|p2a: Zamazenta|Close Combat|p1a: Garganacl\n|-resisted|p1a: Garganacl\n|-damage|p1a: Garganacl|70\/100\n|-unboost|p2a: Zamazenta|def|1\n|-unboost|p2a: Zamazenta|spd|1\n|move|p1a: Garganacl|Iron Defense|p1a: Garganacl\n|-boost|p1a: Garganacl|def|2\n|\n|-heal|p1a: Garganacl|76\/100|[from] item: Leftovers\n|upkeep\n|turn|2\n|\n|t:|1700029343\n|switch|p2a: Gholdengo|Gholdengo|100\/100\n|move|p1a: Garganacl|Salt Cure|p2a: Gholdengo\n|-resisted|p2a: Gholdengo\n|-damage|p2a: Gholdengo|93\/100\n|-start|p2a: Gholdengo|Salt Cure\n|\n|-heal|p1a: Garganacl|83\/100|[from] item: Leftovers\n|-damage|p2a: Gholdengo|68\/100|[from] Salt Cure\n|upkeep\n|turn|3\n|\n|t:|1700029354\n|switch|p1a: Samurott|Samurott-Hisui, M, shiny|100\/100\n|move|p2a: Gholdengo|Focus Blast|p1a: Samurott|[miss]\n|-miss|p2a: Gholdengo|p1a: Samurott\n|\n|-damage|p2a: Gholdengo|43\/100|[from] Salt Cure\n|upkeep\n|turn|4\n|\n|t:|1700029372\n|switch|p2a: Landorus|Landorus-Therian, M, shiny|100\/100\n|-ability|p2a: Landorus|Intimidate|boost\n|-unboost|p1a: Samurott|atk|1\n|move|p1a: Samurott|Ceaseless Edge|p2a: Landorus\n|-damage|p2a: Landorus|79\/100\n|-sidestart|p2: RayParK_|Spikes\n|\n|upkeep\n|turn|5\n|\n|t:|1700029380\n|-terastallize|p2a: Landorus|Water\n|move|p1a: Samurott|Swords Dance|p1a: Samurott\n|-boost|p1a: Samurott|atk|2\n|move|p2a: Landorus|Earthquake|p1a: Samurott\n|-damage|p1a: Samurott|47\/100\n|\n|upkeep\n|turn|6\n|\n|t:|1700029386\n|move|p1a: Samurott|Ceaseless Edge|p2a: Landorus\n|-damage|p2a: Landorus|28\/100\n|-sidestart|p2: RayParK_|Spikes\n|move|p2a: Landorus|Earthquake|p1a: Samurott\n|-damage|p1a: Samurott|0 fnt\n|faint|p1a: Samurott\n|\n|upkeep\n|\n|t:|1700029392\n|switch|p1a: Weavile|Weavile, F|100\/100\n|-ability|p1a: Weavile|Pressure\n|turn|7\n|\n|t:|1700029398\n|move|p1a: Weavile|Knock Off|p2a: Landorus\n|-damage|p2a: Landorus|0 fnt\n|-enditem|p2a: Landorus|Yache Berry|[from] move: Knock Off|[of] p1a: Weavile\n|faint|p2a: Landorus\n|\n|upkeep\n|\n|t:|1700029408\n|switch|p2a: Zamazenta|Zamazenta|100\/100\n|-damage|p2a: Zamazenta|84\/100|[from] Spikes\n|turn|8\n|\n|t:|1700029414\n|switch|p2a: Gholdengo|Gholdengo|43\/100\n|-damage|p2a: Gholdengo|26\/100|[from] Spikes\n|switch|p1a: Garganacl|Garganacl, M, tera:Fairy|83\/100\n|\n|-heal|p1a: Garganacl|89\/100|[from] item: Leftovers\n|upkeep\n|turn|9\n|inactive|Battle timer is ON: inactive players will automatically lose when time's up. (requested by tacodog 123412)\n|\n|t:|1700029429\n|move|p2a: Gholdengo|Focus Blast|p1a: Garganacl\n|-resisted|p1a: Garganacl\n|-damage|p1a: Garganacl|75\/100\n|move|p1a: Garganacl|Salt Cure|p2a: Gholdengo\n|-resisted|p2a: Gholdengo\n|-damage|p2a: Gholdengo|19\/100\n|-start|p2a: Gholdengo|Salt Cure\n|\n|-heal|p1a: Garganacl|81\/100|[from] item: Leftovers\n|-damage|p2a: Gholdengo|0 fnt|[from] Salt Cure\n|faint|p2a: Gholdengo\n|upkeep\n|\n|t:|1700029440\n|switch|p2a: Kingambit|Kingambit, M|100\/100\n|-damage|p2a: Kingambit|84\/100|[from] Spikes\n|-activate|p2a: Kingambit|ability: Supreme Overlord\n|-start|p2a: Kingambit|fallen2|[silent]\n|turn|10\n|\n|t:|1700029456\n|switch|p1a: Amoonguss|Amoonguss, M, shiny|100\/100\n|move|p2a: Kingambit|Iron Head|p1a: Amoonguss\n|-damage|p1a: Amoonguss|61\/100\n|-enditem|p1a: Amoonguss|Red Card|[of] p2a: Kingambit\n|-end|p2a: Kingambit|fallen2|[silent]\n|drag|p2a: Zamazenta|Zamazenta|84\/100\n|-damage|p2a: Zamazenta|67\/100|[from] Spikes\n|\n|upkeep\n|turn|11\n|\n|t:|1700029473\n|move|p2a: Zamazenta|Ice Fang|p1a: Amoonguss\n|-supereffective|p1a: Amoonguss\n|-damage|p1a: Amoonguss|19\/100\n|move|p1a: Amoonguss|Grass Knot|p2a: Zamazenta\n|-damage|p2a: Zamazenta|34\/100\n|\n|upkeep\n|turn|12\n|\n|t:|1700029480\n|switch|p1a: Garganacl|Garganacl, M, tera:Fairy|81\/100\n|move|p2a: Zamazenta|Ice Fang|p1a: Garganacl\n|-damage|p1a: Garganacl|58\/100\n|\n|-heal|p1a: Garganacl|64\/100|[from] item: Leftovers\n|upkeep\n|turn|13\n|\n|t:|1700029489\n|switch|p2a: Kingambit|Kingambit, M|84\/100\n|-damage|p2a: Kingambit|67\/100|[from] Spikes\n|-activate|p2a: Kingambit|ability: Supreme Overlord\n|-start|p2a: Kingambit|fallen2|[silent]\n|move|p1a: Garganacl|Recover|p1a: Garganacl\n|-heal|p1a: Garganacl|100\/100\n|\n|upkeep\n|turn|14\n|\n|t:|1700029498\n|move|p2a: Kingambit|Swords Dance|p2a: Kingambit\n|-boost|p2a: Kingambit|atk|2\n|move|p1a: Garganacl|Salt Cure|p2a: Kingambit\n|-resisted|p2a: Kingambit\n|-damage|p2a: Kingambit|62\/100\n|-start|p2a: Kingambit|Salt Cure\n|\n|-damage|p2a: Kingambit|37\/100|[from] Salt Cure\n|upkeep\n|turn|15\n|\n|t:|1700029507\n|switch|p1a: Kingambit|Kingambit, F|100\/100\n|-activate|p1a: Kingambit|ability: Supreme Overlord\n|-start|p1a: Kingambit|fallen1|[silent]\n|move|p2a: Kingambit|Iron Head|p1a: Kingambit\n|-resisted|p1a: Kingambit\n|-damage|p1a: Kingambit|50\/100\n|\n|-heal|p1a: Kingambit|57\/100|[from] item: Leftovers\n|-damage|p2a: Kingambit|12\/100|[from] Salt Cure\n|upkeep\n|turn|16\n|\n|t:|1700029517\n|move|p2a: Kingambit|Sucker Punch|p1a: Kingambit\n|-resisted|p1a: Kingambit\n|-damage|p1a: Kingambit|4\/100\n|move|p1a: Kingambit|Low Kick|p2a: Kingambit\n|-supereffective|p2a: Kingambit\n|-damage|p2a: Kingambit|0 fnt\n|faint|p2a: Kingambit\n|-end|p2a: Kingambit|fallen2|[silent]\n|\n|-heal|p1a: Kingambit|10\/100|[from] item: Leftovers\n|upkeep\n|\n|t:|1700029527\n|switch|p2a: Great Tusk|Great Tusk|100\/100\n|-damage|p2a: Great Tusk|84\/100|[from] Spikes\n|turn|17\n|\n|t:|1700029535\n|-end|p1a: Kingambit|fallen1|[silent]\n|switch|p1a: Garganacl|Garganacl, M, tera:Fairy|100\/100\n|move|p2a: Great Tusk|Rapid Spin|p1a: Garganacl\n|-damage|p1a: Garganacl|90\/100\n|-boost|p2a: Great Tusk|spe|1\n|-sideend|p2: RayParK_|Spikes|[from] move: Rapid Spin|[of] p2a: Great Tusk\n|\n|-heal|p1a: Garganacl|97\/100|[from] item: Leftovers\n|upkeep\n|turn|18\n|\n|t:|1700029543\n|move|p2a: Great Tusk|Earthquake|p1a: Garganacl\n|-damage|p1a: Garganacl|68\/100\n|move|p1a: Garganacl|Iron Defense|p1a: Garganacl\n|-boost|p1a: Garganacl|def|2\n|\n|-heal|p1a: Garganacl|74\/100|[from] item: Leftovers\n|upkeep\n|turn|19\n|\n|t:|1700029551\n|-end|p2a: Great Tusk|Protosynthesis|[silent]\n|switch|p2a: Slowking|Slowking-Galar, M|100\/100\n|move|p1a: Garganacl|Iron Defense|p1a: Garganacl\n|-boost|p1a: Garganacl|def|2\n|\n|-heal|p1a: Garganacl|80\/100|[from] item: Leftovers\n|upkeep\n|turn|20\n|\n|t:|1700029558\n|move|p1a: Garganacl|Salt Cure|p2a: Slowking\n|-damage|p2a: Slowking|85\/100\n|-start|p2a: Slowking|Salt Cure\n|move|p2a: Slowking|Psychic|p1a: Garganacl\n|-damage|p1a: Garganacl|57\/100\n|\n|-heal|p1a: Garganacl|64\/100|[from] item: Leftovers\n|-damage|p2a: Slowking|73\/100|[from] Salt Cure\n|upkeep\n|turn|21\n|\n|t:|1700029567\n|move|p1a: Garganacl|Recover|p1a: Garganacl\n|-heal|p1a: Garganacl|100\/100\n|move|p2a: Slowking|Psychic|p1a: Garganacl\n|-damage|p1a: Garganacl|78\/100\n|\n|-heal|p1a: Garganacl|84\/100|[from] item: Leftovers\n|-damage|p2a: Slowking|60\/100|[from] Salt Cure\n|upkeep\n|turn|22\n|\n|t:|1700029574\n|move|p1a: Garganacl|Iron Defense|p1a: Garganacl\n|-boost|p1a: Garganacl|def|2\n|move|p2a: Slowking|Psychic|p1a: Garganacl\n|-damage|p1a: Garganacl|63\/100\n|\n|-heal|p1a: Garganacl|69\/100|[from] item: Leftovers\n|-damage|p2a: Slowking|48\/100|[from] Salt Cure\n|upkeep\n|turn|23\n|\n|t:|1700029582\n|move|p1a: Garganacl|Body Press|p2a: Slowking\n|-resisted|p2a: Slowking\n|-damage|p2a: Slowking|24\/100\n|move|p2a: Slowking|Psychic|p1a: Garganacl\n|-damage|p1a: Garganacl|45\/100\n|\n|-heal|p1a: Garganacl|51\/100|[from] item: Leftovers\n|-damage|p2a: Slowking|12\/100|[from] Salt Cure\n|upkeep\n|turn|24\n|\n|t:|1700029590\n|move|p1a: Garganacl|Body Press|p2a: Slowking\n|-resisted|p2a: Slowking\n|-damage|p2a: Slowking|0 fnt\n|faint|p2a: Slowking\n|\n|-heal|p1a: Garganacl|57\/100|[from] item: Leftovers\n|upkeep\n|-message|RayParK_ forfeited.\n|\n|win|tacodog 123412\n|raw|tacodog 123412's rating: 1553 &rarr; <strong>1579<\/strong><br \/>(+26 for winning)\n|raw|RayParK_'s rating: 1669 &rarr; <strong>1643<\/strong><br \/>(-26 for losing)\n|l|\u2606RayParK_\n","uploadtime":1700029600,"views":20,"p1id":"tacodog123412","p2id":"raypark","formatid":"gen9ou","rating":1579,"private":0,"password":""}