{"id":"gen9ou-1997127700","p1":"Toucna","p2":"hhhet'","format":"[Gen 9] OU","log":"|j|\u2606Toucna\n|j|\u2606hhhet'\n|t:|1700767289\n|gametype|singles\n|player|p1|Toucna|nate|1000\n|player|p2|hhhet'|lady-gen4|1046\n|teamsize|p1|6\n|teamsize|p2|6\n|gen|9\n|tier|[Gen 9] OU\n|rated|\n|rule|Sleep Clause Mod: Limit one foe put to sleep\n|rule|Species Clause: Limit one of each Pok\u00e9mon\n|rule|OHKO Clause: OHKO moves are banned\n|rule|Evasion Items Clause: Evasion items are banned\n|rule|Evasion Moves Clause: Evasion moves are banned\n|rule|Endless Battle Clause: Forcing endless battles is banned\n|rule|HP Percentage Mod: HP is shown in percentages\n|clearpoke\n|poke|p1|Scizor, M|\n|poke|p1|Glimmora, M|\n|poke|p1|Rillaboom, M|\n|poke|p1|Manaphy|\n|poke|p1|Dragapult, F|\n|poke|p1|Iron Moth|\n|poke|p2|Manaphy|\n|poke|p2|Charmeleon, M|\n|poke|p2|Illumise, F|\n|poke|p2|Slowking-Galar, F|\n|poke|p2|Eelektross, M|\n|poke|p2|Arboliva, F|\n|teampreview\n|\n|t:|1700767308\n|start\n|switch|p1a: Glimmora|Glimmora, M|100\/100\n|switch|p2a: Eelektross|Eelektross, M|100\/100\n|turn|1\n|\n|t:|1700767317\n|move|p1a: Glimmora|Stealth Rock|p2a: Eelektross\n|-sidestart|p2: hhhet'|move: Stealth Rock\n|move|p2a: Eelektross|Volt Switch|p1a: Glimmora\n|-damage|p1a: Glimmora|66\/100\n|\n|t:|1700767323\n|switch|p2a: Manaphy|Manaphy|100\/100|[from] Volt Switch\n|-damage|p2a: Manaphy|88\/100|[from] Stealth Rock\n|\n|upkeep\n|turn|2\n|\n|t:|1700767330\n|move|p2a: Manaphy|Surf|p1a: Glimmora\n|-supereffective|p1a: Glimmora\n|-damage|p1a: Glimmora|0 fnt\n|faint|p1a: Glimmora\n|\n|upkeep\n|inactive|Battle timer is ON: inactive players will automatically lose when time's up. (requested by hhhet')\n|\n|t:|1700767355\n|switch|p1a: Rillaboom|Rillaboom, M, shiny|100\/100\n|-fieldstart|move: Grassy Terrain|[from] ability: Grassy Surge|[of] p1a: Rillaboom\n|turn|3\n|\n|t:|1700767364\n|switch|p2a: Slowking|Slowking-Galar, F|100\/100\n|-damage|p2a: Slowking|88\/100|[from] Stealth Rock\n|move|p1a: Rillaboom|Sunny Day|p1a: Rillaboom\n|-weather|SunnyDay\n|\n|-weather|SunnyDay|[upkeep]\n|-heal|p2a: Slowking|94\/100|[from] Grassy Terrain\n|upkeep\n|turn|4\n|\n|t:|1700767374\n|move|p1a: Rillaboom|Earth Power|p2a: Slowking\n|-supereffective|p2a: Slowking\n|-damage|p2a: Slowking|69\/100\n|move|p2a: Slowking|Fire Blast|p1a: Rillaboom\n|-supereffective|p1a: Rillaboom\n|-enditem|p1a: Rillaboom|Focus Sash\n|-damage|p1a: Rillaboom|1\/100\n|\n|-weather|SunnyDay|[upkeep]\n|-heal|p1a: Rillaboom|7\/100|[from] Grassy Terrain\n|-heal|p2a: Slowking|75\/100|[from] Grassy Terrain\n|upkeep\n|turn|5\n|\n|t:|1700767386\n|move|p1a: Rillaboom|Solar Blade||[still]\n|-prepare|p1a: Rillaboom|Solar Blade\n|-anim|p1a: Rillaboom|Solar Blade|p2a: Slowking\n|-resisted|p2a: Slowking\n|-damage|p2a: Slowking|23\/100\n|move|p2a: Slowking|Fire Blast|p1a: Rillaboom\n|-supereffective|p1a: Rillaboom\n|-damage|p1a: Rillaboom|0 fnt\n|faint|p1a: Rillaboom\n|\n|-weather|SunnyDay|[upkeep]\n|-heal|p2a: Slowking|30\/100|[from] Grassy Terrain\n|upkeep\n|\n|t:|1700767404\n|switch|p1a: Scizor|Scizor, M, shiny|100\/100\n|turn|6\n|\n|t:|1700767411\n|switch|p2a: Charmeleon|Charmeleon, M|100\/100\n|-damage|p2a: Charmeleon|75\/100|[from] Stealth Rock\n|move|p1a: Scizor|Bullet Punch|p2a: Charmeleon\n|-resisted|p2a: Charmeleon\n|-damage|p2a: Charmeleon|42\/100\n|\n|-weather|SunnyDay|[upkeep]\n|-damage|p2a: Charmeleon|30\/100|[from] ability: Solar Power|[of] p2a: Charmeleon\n|-heal|p2a: Charmeleon|36\/100|[from] Grassy Terrain\n|upkeep\n|turn|7\n|\n|t:|1700767426\n|move|p1a: Scizor|Bullet Punch|p2a: Charmeleon\n|-resisted|p2a: Charmeleon\n|-damage|p2a: Charmeleon|2\/100\n|move|p2a: Charmeleon|Overheat|p1a: Scizor\n|-supereffective|p1a: Scizor\n|-damage|p1a: Scizor|0 fnt\n|-unboost|p2a: Charmeleon|spa|2\n|faint|p1a: Scizor\n|\n|-weather|none\n|-heal|p2a: Charmeleon|9\/100|[from] Grassy Terrain\n|-fieldend|move: Grassy Terrain\n|upkeep\n|-message|Toucna forfeited.\n|\n|win|hhhet'\n|raw|Toucna's rating: 1000 &rarr; <strong>1000<\/strong><br \/>(+0 for losing)\n|raw|hhhet&apos;'s rating: 1046 &rarr; <strong>1075<\/strong><br \/>(+29 for winning)\n|l|\u2606Toucna\n","uploadtime":1700767436,"views":5,"p1id":"toucna","p2id":"hhhet","formatid":"gen9ou","rating":1000,"private":0,"password":""}