{"id":"gen9ou-1990917219","p1":"KOTONOHOUSE","p2":"LucyLikePizza","format":"[Gen 9] OU","log":"|j|\u2606KOTONOHOUSE\n|j|\u2606LucyLikePizza\n|t:|1700014899\n|gametype|singles\n|player|p1|KOTONOHOUSE|unknown|1430\n|player|p2|LucyLikePizza|266|1441\n|teamsize|p1|6\n|teamsize|p2|6\n|gen|9\n|tier|[Gen 9] OU\n|rated|\n|rule|Sleep Clause Mod: Limit one foe put to sleep\n|rule|Species Clause: Limit one of each Pok\u00e9mon\n|rule|OHKO Clause: OHKO moves are banned\n|rule|Evasion Items Clause: Evasion items are banned\n|rule|Evasion Moves Clause: Evasion moves are banned\n|rule|Endless Battle Clause: Forcing endless battles is banned\n|rule|HP Percentage Mod: HP is shown in percentages\n|clearpoke\n|poke|p1|Garchomp, F|\n|poke|p1|Ogerpon-Wellspring, F|\n|poke|p1|Arcanine-Hisui, F|\n|poke|p1|Thundurus-Therian, M|\n|poke|p1|Corviknight, F|\n|poke|p1|Great Tusk|\n|poke|p2|Kilowattrel, F|\n|poke|p2|Great Tusk|\n|poke|p2|Gholdengo|\n|poke|p2|Greninja-*, M|\n|poke|p2|Ceruledge, M|\n|poke|p2|Weavile, F|\n|teampreview\n|inactive|Battle timer is ON: inactive players will automatically lose when time's up. (requested by KOTONOHOUSE)\n|\n|t:|1700014914\n|start\n|switch|p1a: Arcanine|Arcanine-Hisui, F|100\/100\n|switch|p2a: Greninja|Greninja, M|100\/100\n|turn|1\n|\n|t:|1700014927\n|move|p2a: Greninja|Surf|p1a: Arcanine\n|-supereffective|p1a: Arcanine\n|-damage|p1a: Arcanine|0 fnt\n|faint|p1a: Arcanine\n|\n|upkeep\n|\n|t:|1700014934\n|switch|p1a: Ogerpon|Ogerpon-Wellspring, F|100\/100\n|turn|2\n|\n|t:|1700014939\n|move|p2a: Greninja|Taunt|p1a: Ogerpon\n|-start|p1a: Ogerpon|move: Taunt\n|move|p1a: Ogerpon|Horn Leech|p2a: Greninja\n|-supereffective|p2a: Greninja\n|-enditem|p2a: Greninja|Focus Sash\n|-damage|p2a: Greninja|1\/100\n|\n|upkeep\n|turn|3\n|\n|t:|1700014948\n|move|p2a: Greninja|Toxic Spikes|p1a: Ogerpon\n|-sidestart|p1: KOTONOHOUSE|move: Toxic Spikes\n|move|p1a: Ogerpon|Horn Leech|p2a: Greninja\n|-supereffective|p2a: Greninja\n|-damage|p2a: Greninja|0 fnt\n|faint|p2a: Greninja\n|\n|upkeep\n|\n|t:|1700014952\n|switch|p2a: Kilowattrel|Kilowattrel, F|100\/100\n|turn|4\n|\n|t:|1700014959\n|move|p2a: Kilowattrel|Discharge|p1a: Ogerpon\n|-damage|p1a: Ogerpon|59\/100\n|move|p1a: Ogerpon|Ivy Cudgel|p2a: Kilowattrel|[anim] Ivy Cudgel Water\n|-damage|p2a: Kilowattrel|0 fnt\n|faint|p2a: Kilowattrel\n|\n|-end|p1a: Ogerpon|move: Taunt\n|upkeep\n|\n|t:|1700014965\n|switch|p2a: Weavile|Weavile, F|100\/100\n|-ability|p2a: Weavile|Pressure\n|turn|5\n|\n|t:|1700014974\n|-terastallize|p2a: Weavile|Dark\n|move|p2a: Weavile|Knock Off|p1a: Ogerpon\n|-damage|p1a: Ogerpon|3\/100\n|move|p1a: Ogerpon|Ivy Cudgel|p2a: Weavile|[anim] Ivy Cudgel Water\n|-crit|p2a: Weavile\n|-damage|p2a: Weavile|0 fnt\n|faint|p2a: Weavile\n|\n|upkeep\n|\n|t:|1700014980\n|switch|p2a: Ceruledge|Ceruledge, M|100\/100\n|turn|6\n|\n|t:|1700014986\n|move|p2a: Ceruledge|Shadow Sneak|p1a: Ogerpon\n|-damage|p1a: Ogerpon|0 fnt\n|faint|p1a: Ogerpon\n|\n|upkeep\n|\n|t:|1700014994\n|switch|p1a: Great Tusk|Great Tusk|100\/100\n|-status|p1a: Great Tusk|psn\n|-enditem|p1a: Great Tusk|Booster Energy\n|-activate|p1a: Great Tusk|ability: Protosynthesis|[fromitem]\n|-start|p1a: Great Tusk|protosynthesisspe\n|turn|7\n|\n|t:|1700015001\n|switch|p2a: Gholdengo|Gholdengo|100\/100\n|-item|p2a: Gholdengo|Air Balloon\n|move|p1a: Great Tusk|Knock Off|p2a: Gholdengo\n|-supereffective|p2a: Gholdengo\n|-damage|p2a: Gholdengo|47\/100\n|-enditem|p2a: Gholdengo|Air Balloon\n|\n|-damage|p1a: Great Tusk|88\/100 psn|[from] psn\n|upkeep\n|turn|8\n|\n|t:|1700015011\n|switch|p2a: Great Tusk|Great Tusk|100\/100\n|move|p1a: Great Tusk|Earthquake|p2a: Great Tusk\n|-damage|p2a: Great Tusk|68\/100\n|\n|-heal|p2a: Great Tusk|74\/100|[from] item: Leftovers\n|-damage|p1a: Great Tusk|76\/100 psn|[from] psn\n|upkeep\n|turn|9\n|\n|t:|1700015020\n|move|p1a: Great Tusk|Ice Spinner|p2a: Great Tusk\n|-supereffective|p2a: Great Tusk\n|-damage|p2a: Great Tusk|43\/100\n|move|p2a: Great Tusk|Rapid Spin|p1a: Great Tusk\n|-damage|p1a: Great Tusk|65\/100 psn\n|-boost|p2a: Great Tusk|spe|1\n|\n|-heal|p2a: Great Tusk|49\/100|[from] item: Leftovers\n|-damage|p1a: Great Tusk|53\/100 psn|[from] psn\n|upkeep\n|turn|10\n|\n|t:|1700015031\n|move|p2a: Great Tusk|Ice Spinner|p1a: Great Tusk\n|-supereffective|p1a: Great Tusk\n|-damage|p1a: Great Tusk|18\/100 psn\n|move|p1a: Great Tusk|Ice Spinner|p2a: Great Tusk\n|-supereffective|p2a: Great Tusk\n|-damage|p2a: Great Tusk|17\/100\n|\n|-heal|p2a: Great Tusk|23\/100|[from] item: Leftovers\n|-damage|p1a: Great Tusk|5\/100 psn|[from] psn\n|upkeep\n|turn|11\n|\n|t:|1700015042\n|move|p2a: Great Tusk|Rapid Spin|p1a: Great Tusk\n|-damage|p1a: Great Tusk|0 fnt\n|-boost|p2a: Great Tusk|spe|1\n|faint|p1a: Great Tusk\n|-end|p1a: Great Tusk|Protosynthesis|[silent]\n|\n|-heal|p2a: Great Tusk|29\/100|[from] item: Leftovers\n|upkeep\n|\n|t:|1700015051\n|switch|p1a: Corviknight|Corviknight, F|100\/100\n|-ability|p1a: Corviknight|Pressure\n|turn|12\n|\n|t:|1700015058\n|-end|p2a: Great Tusk|Protosynthesis|[silent]\n|switch|p2a: Ceruledge|Ceruledge, M|100\/100\n|move|p1a: Corviknight|Brave Bird|p2a: Ceruledge\n|-damage|p2a: Ceruledge|55\/100\n|-damage|p1a: Corviknight|87\/100|[from] Recoil\n|\n|-heal|p1a: Corviknight|93\/100|[from] item: Leftovers\n|upkeep\n|turn|13\n|\n|t:|1700015073\n|move|p2a: Ceruledge|Bitter Blade|p1a: Corviknight\n|-supereffective|p1a: Corviknight\n|-damage|p1a: Corviknight|51\/100\n|-heal|p2a: Ceruledge|79\/100|[from] drain|[of] p1a: Corviknight\n|move|p1a: Corviknight|U-turn|p2a: Ceruledge\n|-resisted|p2a: Ceruledge\n|-crit|p2a: Ceruledge\n|-damage|p2a: Ceruledge|73\/100\n|\n|t:|1700015081\n|switch|p1a: Garchomp|Garchomp, F|100\/100|[from] U-turn\n|-status|p1a: Garchomp|psn\n|\n|-damage|p1a: Garchomp|88\/100 psn|[from] psn\n|upkeep\n|turn|14\n|\n|t:|1700015090\n|move|p2a: Ceruledge|Shadow Sneak|p1a: Garchomp\n|-damage|p1a: Garchomp|71\/100 psn\n|-damage|p2a: Ceruledge|60\/100|[from] ability: Rough Skin|[of] p1a: Garchomp\n|move|p1a: Garchomp|Earthquake|p2a: Ceruledge\n|-supereffective|p2a: Ceruledge\n|-damage|p2a: Ceruledge|0 fnt\n|faint|p2a: Ceruledge\n|\n|-heal|p1a: Garchomp|77\/100 psn|[from] item: Leftovers\n|-damage|p1a: Garchomp|64\/100 psn|[from] psn\n|upkeep\n|\n|t:|1700015093\n|switch|p2a: Gholdengo|Gholdengo|47\/100\n|turn|15\n|\n|t:|1700015104\n|move|p1a: Garchomp|Earthquake|p2a: Gholdengo\n|-supereffective|p2a: Gholdengo\n|-damage|p2a: Gholdengo|0 fnt\n|faint|p2a: Gholdengo\n|\n|-heal|p1a: Garchomp|71\/100 psn|[from] item: Leftovers\n|-damage|p1a: Garchomp|58\/100 psn|[from] psn\n|upkeep\n|\n|t:|1700015107\n|switch|p2a: Great Tusk|Great Tusk|29\/100\n|turn|16\n|\n|t:|1700015115\n|move|p1a: Garchomp|Earthquake|p2a: Great Tusk\n|-damage|p2a: Great Tusk|0 fnt\n|faint|p2a: Great Tusk\n|-end|p2a: Great Tusk|Protosynthesis|[silent]\n|\n|win|KOTONOHOUSE\n|raw|KOTONOHOUSE's rating: 1430 &rarr; <strong>1451<\/strong><br \/>(+21 for winning)\n|raw|LucyLikePizza's rating: 1441 &rarr; <strong>1420<\/strong><br \/>(-21 for losing)\n|l|\u2606LucyLikePizza\n|c|\u2606KOTONOHOUSE|gg\n","uploadtime":1700015172,"views":7,"p1id":"kotonohouse","p2id":"lucylikepizza","formatid":"gen9ou","rating":1420,"private":0,"password":""}