{"id":"gen9ou-1991655165","p1":"l3vics","p2":"Mymomsaidyourmom","format":"[Gen 9] OU","log":"|j|\u2606l3vics\n|j|\u2606Mymomsaidyourmom\n|t:|1700099016\n|gametype|singles\n|player|p1|l3vics|266|1364\n|player|p2|Mymomsaidyourmom|ltsurge|1373\n|teamsize|p1|6\n|teamsize|p2|6\n|gen|9\n|tier|[Gen 9] OU\n|rated|\n|rule|Sleep Clause Mod: Limit one foe put to sleep\n|rule|Species Clause: Limit one of each Pok\u00e9mon\n|rule|OHKO Clause: OHKO moves are banned\n|rule|Evasion Items Clause: Evasion items are banned\n|rule|Evasion Moves Clause: Evasion moves are banned\n|rule|Endless Battle Clause: Forcing endless battles is banned\n|rule|HP Percentage Mod: HP is shown in percentages\n|clearpoke\n|poke|p1|Hydreigon, M|\n|poke|p1|Sneasler, F|\n|poke|p1|Rotom-Wash|\n|poke|p1|Corviknight, M|\n|poke|p1|Skeledirge, F|\n|poke|p1|Ting-Lu|\n|poke|p2|Yanmega, F|\n|poke|p2|Iron Treads|\n|poke|p2|Volcanion|\n|poke|p2|Iron Valiant|\n|poke|p2|Sneasler, F|\n|poke|p2|Kingambit, M|\n|teampreview\n|inactive|Battle timer is ON: inactive players will automatically lose when time's up. (requested by l3vics)\n|\n|t:|1700099025\n|start\n|switch|p1a: Sneasler|Sneasler, F, shiny|100\/100\n|switch|p2a: Iron Treads|Iron Treads|100\/100\n|-enditem|p2a: Iron Treads|Booster Energy\n|-activate|p2a: Iron Treads|ability: Quark Drive|[fromitem]\n|-start|p2a: Iron Treads|quarkdrivespe\n|turn|1\n|\n|t:|1700099030\n|move|p1a: Sneasler|Fake Out|p2a: Iron Treads\n|-resisted|p2a: Iron Treads\n|-damage|p2a: Iron Treads|94\/100\n|cant|p2a: Iron Treads|flinch\n|\n|upkeep\n|turn|2\n|\n|t:|1700099057\n|switch|p1a: Corviknight|Corviknight, M|100\/100\n|-ability|p1a: Corviknight|Pressure\n|move|p2a: Iron Treads|Earth Power|p1a: Corviknight\n|-immune|p1a: Corviknight\n|\n|upkeep\n|turn|3\n|\n|t:|1700099063\n|-end|p2a: Iron Treads|Quark Drive|[silent]\n|switch|p2a: Volcanion|Volcanion|100\/100\n|move|p1a: Corviknight|Brave Bird|p2a: Volcanion\n|-crit|p2a: Volcanion\n|-damage|p2a: Volcanion|57\/100\n|-damage|p1a: Corviknight|88\/100|[from] Recoil\n|\n|upkeep\n|turn|4\n|\n|t:|1700099075\n|switch|p1a: Rotom|Rotom-Wash, shiny|100\/100\n|move|p2a: Volcanion|Steam Eruption|p1a: Rotom\n|-resisted|p1a: Rotom\n|-damage|p1a: Rotom|78\/100\n|\n|-heal|p1a: Rotom|84\/100|[from] item: Leftovers\n|upkeep\n|turn|5\n|\n|t:|1700099089\n|switch|p2a: Iron Treads|Iron Treads|94\/100\n|move|p1a: Rotom|Volt Switch|p2a: Iron Treads\n|-immune|p2a: Iron Treads\n|\n|-heal|p1a: Rotom|91\/100|[from] item: Leftovers\n|upkeep\n|turn|6\n|\n|t:|1700099096\n|move|p1a: Rotom|Protect|p1a: Rotom\n|-singleturn|p1a: Rotom|Protect\n|move|p2a: Iron Treads|Stealth Rock|p1a: Rotom\n|-sidestart|p1: l3vics|move: Stealth Rock\n|\n|-heal|p1a: Rotom|97\/100|[from] item: Leftovers\n|upkeep\n|turn|7\n|\n|t:|1700099117\n|-end|p2a: Iron Treads|Quark Drive|[silent]\n|switch|p2a: Volcanion|Volcanion|57\/100\n|move|p1a: Rotom|Volt Switch|p2a: Volcanion\n|-supereffective|p2a: Volcanion\n|-damage|p2a: Volcanion|0 fnt\n|faint|p2a: Volcanion\n|\n|t:|1700099126\n|switch|p1a: Sneasler|Sneasler, F, shiny|100\/100|[from] Volt Switch\n|-damage|p1a: Sneasler|95\/100|[from] Stealth Rock\n|\n|upkeep\n|\n|t:|1700099136\n|switch|p2a: Yanmega|Yanmega, F|100\/100\n|turn|8\n|\n|t:|1700099139\n|move|p2a: Yanmega|Protect|p2a: Yanmega\n|-singleturn|p2a: Yanmega|Protect\n|move|p1a: Sneasler|Fake Out|p2a: Yanmega\n|-activate|p2a: Yanmega|move: Protect\n|\n|-ability|p2a: Yanmega|Speed Boost|boost\n|-boost|p2a: Yanmega|spe|1\n|upkeep\n|turn|9\n|\n|t:|1700099150\n|move|p2a: Yanmega|Air Slash|p1a: Sneasler\n|-supereffective|p1a: Sneasler\n|-damage|p1a: Sneasler|0 fnt\n|faint|p1a: Sneasler\n|\n|-ability|p2a: Yanmega|Speed Boost|boost\n|-boost|p2a: Yanmega|spe|1\n|upkeep\n|\n|t:|1700099155\n|switch|p1a: Skeledirge|Skeledirge, F|100\/100\n|turn|10\n|\n|t:|1700099165\n|-terastallize|p2a: Yanmega|Ground\n|move|p2a: Yanmega|Tera Blast|p1a: Skeledirge|[anim] Tera Blast Ground\n|-supereffective|p1a: Skeledirge\n|-damage|p1a: Skeledirge|34\/100\n|move|p1a: Skeledirge|Torch Song|p2a: Yanmega\n|-damage|p2a: Yanmega|49\/100\n|-boost|p1a: Skeledirge|spa|1\n|\n|-ability|p2a: Yanmega|Speed Boost|boost\n|-boost|p2a: Yanmega|spe|1\n|upkeep\n|turn|11\n|\n|t:|1700099174\n|switch|p1a: Ting-Lu|Ting-Lu|100\/100\n|-damage|p1a: Ting-Lu|94\/100|[from] Stealth Rock\n|-ability|p1a: Ting-Lu|Vessel of Ruin\n|move|p2a: Yanmega|Tera Blast|p1a: Ting-Lu|[anim] Tera Blast Ground\n|-damage|p1a: Ting-Lu|75\/100\n|\n|-heal|p1a: Ting-Lu|82\/100|[from] item: Leftovers\n|-ability|p2a: Yanmega|Speed Boost|boost\n|-boost|p2a: Yanmega|spe|1\n|upkeep\n|turn|12\n|\n|t:|1700099184\n|move|p2a: Yanmega|Bug Buzz|p1a: Ting-Lu\n|-supereffective|p1a: Ting-Lu\n|-damage|p1a: Ting-Lu|42\/100\n|-enditem|p2a: Yanmega|Throat Spray\n|-boost|p2a: Yanmega|spa|1|[from] item: Throat Spray\n|move|p1a: Ting-Lu|Spikes|p2a: Yanmega\n|-sidestart|p2: Mymomsaidyourmom|Spikes\n|\n|-heal|p1a: Ting-Lu|48\/100|[from] item: Leftovers\n|-ability|p2a: Yanmega|Speed Boost|boost\n|-boost|p2a: Yanmega|spe|1\n|upkeep\n|turn|13\n|\n|t:|1700099192\n|move|p2a: Yanmega|Bug Buzz|p1a: Ting-Lu\n|-supereffective|p1a: Ting-Lu\n|-damage|p1a: Ting-Lu|0 fnt\n|faint|p1a: Ting-Lu\n|\n|-ability|p2a: Yanmega|Speed Boost|boost\n|-boost|p2a: Yanmega|spe|1\n|upkeep\n|\n|t:|1700099200\n|switch|p1a: Skeledirge|Skeledirge, F|34\/100\n|turn|14\n|\n|t:|1700099204\n|-terastallize|p1a: Skeledirge|Fairy\n|move|p2a: Yanmega|Tera Blast|p1a: Skeledirge|[anim] Tera Blast Ground\n|-damage|p1a: Skeledirge|0 fnt\n|faint|p1a: Skeledirge\n|\n|upkeep\n|\n|t:|1700099209\n|switch|p1a: Hydreigon|Hydreigon, M|100\/100\n|-damage|p1a: Hydreigon|88\/100|[from] Stealth Rock\n|turn|15\n|\n|t:|1700099213\n|move|p2a: Yanmega|Bug Buzz|p1a: Hydreigon\n|-supereffective|p1a: Hydreigon\n|-damage|p1a: Hydreigon|0 fnt\n|faint|p1a: Hydreigon\n|\n|upkeep\n|\n|t:|1700099215\n|switch|p1a: Rotom|Rotom-Wash, shiny|97\/100\n|-damage|p1a: Rotom|84\/100|[from] Stealth Rock\n|turn|16\n|\n|t:|1700099217\n|move|p2a: Yanmega|Bug Buzz|p1a: Rotom\n|-damage|p1a: Rotom|30\/100\n|move|p1a: Rotom|Hydro Pump|p2a: Yanmega\n|-supereffective|p2a: Yanmega\n|-damage|p2a: Yanmega|0 fnt\n|faint|p2a: Yanmega\n|\n|-heal|p1a: Rotom|36\/100|[from] item: Leftovers\n|upkeep\n|-message|l3vics forfeited.\n|\n|win|Mymomsaidyourmom\n|raw|l3vics's rating: 1364 &rarr; <strong>1345<\/strong><br \/>(-19 for losing)\n|raw|Mymomsaidyourmom's rating: 1373 &rarr; <strong>1392<\/strong><br \/>(+19 for winning)\n|l|\u2606l3vics\n","uploadtime":1700099240,"views":12,"p1id":"l3vics","p2id":"mymomsaidyourmom","formatid":"gen9ou","rating":1345,"private":0,"password":""}