{"id":"gen9ou-1989255699","p1":"SheLuvH","p2":"yamiyami17","format":"[Gen 9] OU","log":"|j|\u2606SheLuvH\n|j|\u2606yamiyami17\n|t:|1699828603\n|gametype|singles\n|player|p1|SheLuvH|101|1135\n|player|p2|yamiyami17|2|1130\n|teamsize|p1|6\n|teamsize|p2|6\n|gen|9\n|tier|[Gen 9] OU\n|rated|\n|rule|Sleep Clause Mod: Limit one foe put to sleep\n|rule|Species Clause: Limit one of each Pok\u00e9mon\n|rule|OHKO Clause: OHKO moves are banned\n|rule|Evasion Items Clause: Evasion items are banned\n|rule|Evasion Moves Clause: Evasion moves are banned\n|rule|Endless Battle Clause: Forcing endless battles is banned\n|rule|HP Percentage Mod: HP is shown in percentages\n|clearpoke\n|poke|p1|Quagsire, M|\n|poke|p1|Bisharp, F|\n|poke|p1|Snorlax, F|\n|poke|p1|Zoroark, M|\n|poke|p1|Ceruledge, M|\n|poke|p1|Avalugg, F|\n|poke|p2|Quaquaval, M|\n|poke|p2|Salamence, F|\n|poke|p2|Gyarados, F|\n|poke|p2|Krookodile, F|\n|poke|p2|Heracross, M|\n|poke|p2|Honchkrow, M|\n|teampreview\n|\n|t:|1699828614\n|start\n|switch|p1a: Avalugg|Avalugg, F|100\/100\n|switch|p2a: Quaquaval|Quaquaval, M|100\/100\n|turn|1\n|\n|t:|1699828647\n|move|p1a: Avalugg|Extrasensory|p2a: Quaquaval\n|-supereffective|p2a: Quaquaval\n|-crit|p2a: Quaquaval\n|-damage|p2a: Quaquaval|0 fnt\n|faint|p2a: Quaquaval\n|\n|upkeep\n|\n|t:|1699828665\n|switch|p2a: Krookodile|Krookodile, F|100\/100\n|turn|2\n|\n|t:|1699828687\n|switch|p1a: Avalugg|Avalugg, F|100\/100\n|move|p2a: Krookodile|Earthquake|p1a: Avalugg\n|-damage|p1a: Avalugg|69\/100\n|\n|upkeep\n|turn|3\n|\n|t:|1699828696\n|switch|p2a: Gyarados|Gyarados, F|100\/100\n|move|p1a: Avalugg|Snowscape|p1a: Avalugg\n|-weather|Snow\n|\n|-weather|Snow|[upkeep]\n|-heal|p1a: Avalugg|75\/100|[from] ability: Ice Body\n|upkeep\n|turn|4\n|\n|t:|1699828711\n|switch|p1a: Quagsire|Quagsire, M, shiny|100\/100\n|move|p2a: Gyarados|Taunt|p1a: Quagsire\n|-start|p1a: Quagsire|move: Taunt\n|\n|-weather|Snow|[upkeep]\n|upkeep\n|turn|5\n|\n|t:|1699828730\n|switch|p1a: Snorlax|Snorlax, F, shiny|100\/100\n|move|p2a: Gyarados|Dragon Dance|p2a: Gyarados\n|-boost|p2a: Gyarados|atk|1\n|-boost|p2a: Gyarados|spe|1\n|\n|-weather|Snow|[upkeep]\n|upkeep\n|turn|6\n|\n|t:|1699828738\n|move|p2a: Gyarados|Waterfall|p1a: Snorlax\n|-damage|p1a: Snorlax|15\/100\n|-enditem|p1a: Snorlax|Figy Berry|[eat]\n|-heal|p1a: Snorlax|48\/100|[from] item: Figy Berry\n|-damage|p2a: Gyarados|91\/100|[from] item: Life Orb\n|cant|p1a: Snorlax|flinch\n|\n|-weather|Snow|[upkeep]\n|upkeep\n|turn|7\n|\n|t:|1699828750\n|switch|p1a: Quagsire|Quagsire, M, shiny|100\/100\n|move|p2a: Gyarados|Waterfall|p1a: Quagsire\n|-immune|p1a: Quagsire|[from] ability: Water Absorb\n|\n|-weather|none\n|upkeep\n|turn|8\n|\n|t:|1699828761\n|move|p2a: Gyarados|Taunt|p1a: Quagsire\n|-start|p1a: Quagsire|move: Taunt\n|cant|p1a: Quagsire|move: Taunt|Haze\n|\n|upkeep\n|turn|9\n|\n|t:|1699828766\n|move|p2a: Gyarados|Earthquake|p1a: Quagsire\n|-damage|p1a: Quagsire|49\/100\n|-damage|p2a: Gyarados|81\/100|[from] item: Life Orb\n|move|p1a: Quagsire|Earthquake|p2a: Gyarados\n|-immune|p2a: Gyarados\n|\n|upkeep\n|turn|10\n|\n|t:|1699828779\n|switch|p1a: Avalugg|Avalugg, F|75\/100\n|move|p2a: Gyarados|Earthquake|p1a: Avalugg\n|-damage|p1a: Avalugg|47\/100\n|-damage|p2a: Gyarados|71\/100|[from] item: Life Orb\n|\n|upkeep\n|turn|11\n|\n|t:|1699828799\n|switch|p1a: Quagsire|Quagsire, M, shiny|49\/100\n|move|p2a: Gyarados|Earthquake|p1a: Quagsire\n|-damage|p1a: Quagsire|0 fnt\n|faint|p1a: Quagsire\n|-ability|p2a: Gyarados|Moxie|boost\n|-boost|p2a: Gyarados|atk|1\n|-damage|p2a: Gyarados|61\/100|[from] item: Life Orb\n|\n|upkeep\n|\n|t:|1699828812\n|switch|p1a: Ceruledge|Ceruledge, M|100\/100\n|turn|12\n|\n|t:|1699828824\n|move|p2a: Gyarados|Waterfall|p1a: Ceruledge\n|-supereffective|p1a: Ceruledge\n|-enditem|p1a: Ceruledge|Focus Sash\n|-damage|p1a: Ceruledge|1\/100\n|-ability|p1a: Ceruledge|Weak Armor|boost\n|-unboost|p1a: Ceruledge|def|1\n|-boost|p1a: Ceruledge|spe|2\n|-damage|p2a: Gyarados|51\/100|[from] item: Life Orb\n|cant|p1a: Ceruledge|flinch\n|\n|upkeep\n|turn|13\n|\n|t:|1699828837\n|move|p1a: Ceruledge|Brick Break|p2a: Gyarados\n|-resisted|p2a: Gyarados\n|-damage|p2a: Gyarados|34\/100\n|move|p2a: Gyarados|Waterfall|p1a: Ceruledge\n|-supereffective|p1a: Ceruledge\n|-damage|p1a: Ceruledge|0 fnt\n|faint|p1a: Ceruledge\n|-ability|p2a: Gyarados|Moxie|boost\n|-boost|p2a: Gyarados|atk|1\n|-damage|p2a: Gyarados|24\/100|[from] item: Life Orb\n|\n|upkeep\n|\n|t:|1699828850\n|switch|p1a: Bisharp|Bisharp, F, shiny|100\/100\n|turn|14\n|\n|t:|1699828854\n|move|p1a: Bisharp|U-turn|p2a: Gyarados\n|-resisted|p2a: Gyarados\n|-damage|p2a: Gyarados|11\/100\n|\n|t:|1699828858\n|switch|p1a: Avalugg|Avalugg, F|47\/100|[from] U-turn\n|move|p2a: Gyarados|Earthquake|p1a: Avalugg\n|-damage|p1a: Avalugg|0 fnt\n|faint|p1a: Avalugg\n|-ability|p2a: Gyarados|Moxie|boost\n|-boost|p2a: Gyarados|atk|1\n|-damage|p2a: Gyarados|1\/100|[from] item: Life Orb\n|\n|upkeep\n|\n|t:|1699828869\n|switch|p1a: Bisharp|Bisharp, F, shiny|100\/100\n|turn|15\n|\n|t:|1699828874\n|move|p1a: Bisharp|Sucker Punch|p2a: Gyarados\n|-damage|p2a: Gyarados|0 fnt\n|faint|p2a: Gyarados\n|\n|upkeep\n|\n|t:|1699828881\n|switch|p2a: Heracross|Heracross, M|100\/100\n|turn|16\n|c|\u2606SheLuvH|sigh so braindead\n|\n|t:|1699828901\n|switch|p1a: Snorlax|Snorlax, F, shiny|48\/100\n|move|p2a: Heracross|Close Combat|p1a: Snorlax\n|-supereffective|p1a: Snorlax\n|-damage|p1a: Snorlax|0 fnt\n|-unboost|p2a: Heracross|def|1\n|-unboost|p2a: Heracross|spd|1\n|faint|p1a: Snorlax\n|-ability|p2a: Heracross|Moxie|boost\n|-boost|p2a: Heracross|atk|1\n|\n|upkeep\n|\n|t:|1699828913\n|switch|p1a: Bisharp|Bisharp, F, shiny|100\/100\n|turn|17\n|\n|t:|1699828922\n|move|p1a: Bisharp|Extrasensory|p2a: Heracross\n|-supereffective|p2a: Heracross\n|-damage|p2a: Heracross|7\/100\n|cant|p2a: Heracross|flinch\n|\n|upkeep\n|turn|18\n|\n|t:|1699828932\n|switch|p2a: Krookodile|Krookodile, F|100\/100\n|move|p1a: Bisharp|Extrasensory|p2a: Krookodile\n|-immune|p2a: Krookodile\n|\n|upkeep\n|turn|19\n|\n|t:|1699828939\n|switch|p1a: Bisharp|Bisharp, F, shiny|100\/100\n|move|p2a: Krookodile|Earthquake|p1a: Bisharp\n|-supereffective|p1a: Bisharp\n|-damage|p1a: Bisharp|0 fnt\n|faint|p1a: Bisharp\n|-ability|p2a: Krookodile|Moxie|boost\n|-boost|p2a: Krookodile|atk|1\n|\n|upkeep\n|\n|t:|1699828948\n|switch|p1a: Zoroark|Zoroark, M, shiny|100\/100\n|turn|20\n|\n|t:|1699828958\n|move|p1a: Zoroark|U-turn|p2a: Krookodile\n|-supereffective|p2a: Krookodile\n|-damage|p2a: Krookodile|56\/100\n|move|p2a: Krookodile|Earthquake|p1a: Zoroark\n|-damage|p1a: Zoroark|0 fnt\n|faint|p1a: Zoroark\n|\n|win|yamiyami17\n|raw|SheLuvH's rating: 1135 &rarr; <strong>1110<\/strong><br \/>(-25 for losing)\n|raw|yamiyami17's rating: 1130 &rarr; <strong>1155<\/strong><br \/>(+25 for winning)\n|l|\u2606SheLuvH\n","uploadtime":1699828978,"views":16,"p1id":"sheluvh","p2id":"yamiyami17","formatid":"gen9ou","rating":1110,"private":0,"password":""}