{"id":"gen9ou-1994762949","p1":"thedebatablereaper","p2":"1owercase","format":"[Gen 9] OU","log":"|j|\u2606thedebatablereaper\n|j|\u26061owercase\n|t:|1700490307\n|gametype|singles\n|player|p1|thedebatablereaper|266|1701\n|player|p2|1owercase|flannery|1714\n|teamsize|p1|6\n|teamsize|p2|6\n|gen|9\n|tier|[Gen 9] OU\n|rated|\n|rule|Sleep Clause Mod: Limit one foe put to sleep\n|rule|Species Clause: Limit one of each Pok\u00e9mon\n|rule|OHKO Clause: OHKO moves are banned\n|rule|Evasion Items Clause: Evasion items are banned\n|rule|Evasion Moves Clause: Evasion moves are banned\n|rule|Endless Battle Clause: Forcing endless battles is banned\n|rule|HP Percentage Mod: HP is shown in percentages\n|clearpoke\n|poke|p1|Rillaboom, F|\n|poke|p1|Ogerpon-Wellspring, F|\n|poke|p1|Gholdengo|\n|poke|p1|Landorus-Therian, M|\n|poke|p1|Dragapult, F|\n|poke|p1|Ursaluna, F|\n|poke|p2|Torkoal, F|\n|poke|p2|Walking Wake|\n|poke|p2|Great Tusk|\n|poke|p2|Cinderace, F|\n|poke|p2|Sandy Shocks|\n|poke|p2|Brute Bonnet|\n|teampreview\n|inactive|Battle timer is ON: inactive players will automatically lose when time's up. (requested by 1owercase)\n|inactive|thedebatablereaper has 120 seconds left.\n|\n|t:|1700490347\n|start\n|switch|p1a: Landorus|Landorus-Therian, M|100\/100\n|switch|p2a: Hotter Than Hell|Torkoal, F|100\/100\n|-ability|p1a: Landorus|Intimidate|boost\n|-unboost|p2a: Hotter Than Hell|atk|1\n|-weather|SunnyDay|[from] ability: Drought|[of] p2a: Hotter Than Hell\n|turn|1\n|\n|t:|1700490355\n|switch|p2a: Homesick|Great Tusk|100\/100\n|-activate|p2a: Homesick|ability: Protosynthesis\n|-start|p2a: Homesick|protosynthesisdef\n|move|p1a: Landorus|Sandsear Storm|p2a: Homesick|[miss]\n|-miss|p1a: Landorus|p2a: Homesick\n|\n|-weather|SunnyDay|[upkeep]\n|upkeep\n|turn|2\n|\n|t:|1700490363\n|move|p1a: Landorus|Grass Knot|p2a: Homesick\n|-supereffective|p2a: Homesick\n|-damage|p2a: Homesick|0 fnt\n|faint|p2a: Homesick\n|-end|p2a: Homesick|Protosynthesis|[silent]\n|\n|-weather|SunnyDay|[upkeep]\n|upkeep\n|\n|t:|1700490366\n|switch|p2a: Blow Your Mind|Walking Wake|100\/100\n|-activate|p2a: Blow Your Mind|ability: Protosynthesis\n|-start|p2a: Blow Your Mind|protosynthesisspa\n|turn|3\n|\n|t:|1700490374\n|switch|p1a: Gholdengo|Gholdengo|100\/100\n|-item|p1a: Gholdengo|Air Balloon\n|move|p2a: Blow Your Mind|Dragon Pulse|p1a: Gholdengo\n|-resisted|p1a: Gholdengo\n|-damage|p1a: Gholdengo|51\/100\n|-enditem|p1a: Gholdengo|Air Balloon\n|\n|-weather|SunnyDay|[upkeep]\n|upkeep\n|turn|4\n|j| AntiDinkus\n|\n|t:|1700490386\n|move|p2a: Blow Your Mind|Dragon Pulse|p1a: Gholdengo\n|-resisted|p1a: Gholdengo\n|-damage|p1a: Gholdengo|2\/100\n|move|p1a: Gholdengo|Shadow Ball|p2a: Blow Your Mind\n|-damage|p2a: Blow Your Mind|49\/100\n|\n|-weather|SunnyDay|[upkeep]\n|upkeep\n|turn|5\n|j| mew852\n|\n|t:|1700490393\n|move|p2a: Blow Your Mind|Dragon Pulse|p1a: Gholdengo\n|-resisted|p1a: Gholdengo\n|-damage|p1a: Gholdengo|0 fnt\n|faint|p1a: Gholdengo\n|\n|-weather|SunnyDay|[upkeep]\n|upkeep\n|\n|t:|1700490398\n|switch|p1a: Rillaboom|Rillaboom, F|100\/100\n|-fieldstart|move: Grassy Terrain|[from] ability: Grassy Surge|[of] p1a: Rillaboom\n|turn|6\n|j| Seleukos\n|\n|t:|1700490410\n|-end|p2a: Blow Your Mind|Protosynthesis|[silent]\n|switch|p2a: Hotter Than Hell|Torkoal, F|100\/100\n|move|p1a: Rillaboom|Knock Off|p2a: Hotter Than Hell\n|-damage|p2a: Hotter Than Hell|76\/100\n|-enditem|p2a: Hotter Than Hell|Heat Rock|[from] move: Knock Off|[of] p1a: Rillaboom\n|\n|-weather|SunnyDay|[upkeep]\n|-heal|p2a: Hotter Than Hell|82\/100|[from] Grassy Terrain\n|upkeep\n|turn|7\n|\n|t:|1700490420\n|switch|p1a: Landorus|Landorus-Therian, M|100\/100\n|-ability|p1a: Landorus|Intimidate|boost\n|-unboost|p2a: Hotter Than Hell|atk|1\n|move|p2a: Hotter Than Hell|Lava Plume|p1a: Landorus\n|-damage|p1a: Landorus|53\/100\n|\n|-weather|SunnyDay|[upkeep]\n|-heal|p1a: Landorus|59\/100|[from] item: Leftovers\n|-heal|p2a: Hotter Than Hell|88\/100|[from] Grassy Terrain\n|upkeep\n|turn|8\n|\n|t:|1700490430\n|switch|p2a: Blow Your Mind|Walking Wake|49\/100\n|-activate|p2a: Blow Your Mind|ability: Protosynthesis\n|-start|p2a: Blow Your Mind|protosynthesisspa\n|move|p1a: Landorus|Sandsear Storm|p2a: Blow Your Mind\n|-damage|p2a: Blow Your Mind|0 fnt\n|faint|p2a: Blow Your Mind\n|-end|p2a: Blow Your Mind|Protosynthesis|[silent]\n|\n|-weather|none\n|-heal|p1a: Landorus|65\/100|[from] item: Leftovers\n|upkeep\n|\n|t:|1700490456\n|switch|p2a: IDGAF|Sandy Shocks|100\/100\n|turn|9\n|\n|t:|1700490467\n|-terastallize|p2a: IDGAF|Fairy\n|-terastallize|p1a: Landorus|Water\n|move|p2a: IDGAF|Tera Blast|p1a: Landorus|[anim] Tera Blast Fairy\n|-damage|p1a: Landorus|14\/100\n|move|p1a: Landorus|Sandsear Storm|p2a: IDGAF\n|-damage|p2a: IDGAF|58\/100\n|\n|-heal|p2a: IDGAF|64\/100|[from] Grassy Terrain\n|-heal|p1a: Landorus|20\/100|[from] Grassy Terrain\n|-heal|p1a: Landorus|26\/100|[from] item: Leftovers\n|upkeep\n|turn|10\n|j| Golden Oreos\n|\n|t:|1700490482\n|switch|p1a: Dragapult|Dragapult, F|100\/100\n|move|p2a: IDGAF|Tera Blast|p1a: Dragapult|[anim] Tera Blast Fairy\n|-supereffective|p1a: Dragapult\n|-damage|p1a: Dragapult|0 fnt\n|faint|p1a: Dragapult\n|\n|-heal|p2a: IDGAF|70\/100|[from] Grassy Terrain\n|-fieldend|move: Grassy Terrain\n|upkeep\n|\n|t:|1700490494\n|switch|p1a: Rillaboom|Rillaboom, F|100\/100\n|-fieldstart|move: Grassy Terrain|[from] ability: Grassy Surge|[of] p1a: Rillaboom\n|turn|11\n|\n|t:|1700490500\n|-end|p2a: IDGAF|Protosynthesis|[silent]\n|switch|p2a: Hotter Than Hell|Torkoal, F|88\/100\n|-weather|SunnyDay|[from] ability: Drought|[of] p2a: Hotter Than Hell\n|move|p1a: Rillaboom|Wood Hammer|p2a: Hotter Than Hell\n|-resisted|p2a: Hotter Than Hell\n|-damage|p2a: Hotter Than Hell|62\/100\n|-damage|p1a: Rillaboom|92\/100|[from] Recoil\n|\n|-weather|SunnyDay|[upkeep]\n|-heal|p1a: Rillaboom|98\/100|[from] Grassy Terrain\n|-heal|p2a: Hotter Than Hell|68\/100|[from] Grassy Terrain\n|upkeep\n|turn|12\n|\n|t:|1700490521\n|switch|p1a: Landorus|Landorus-Therian, M, tera:Water|26\/100\n|-ability|p1a: Landorus|Intimidate|boost\n|-unboost|p2a: Hotter Than Hell|atk|1\n|move|p2a: Hotter Than Hell|Lava Plume|p1a: Landorus\n|-resisted|p1a: Landorus\n|-damage|p1a: Landorus|0 fnt\n|faint|p1a: Landorus\n|\n|-weather|SunnyDay|[upkeep]\n|-heal|p2a: Hotter Than Hell|75\/100|[from] Grassy Terrain\n|upkeep\n|\n|t:|1700490530\n|switch|p1a: Ursaluna|Ursaluna, F|100\/100\n|turn|13\n|\n|t:|1700490540\n|switch|p2a: Garden|Brute Bonnet|100\/100\n|-activate|p2a: Garden|ability: Protosynthesis\n|-start|p2a: Garden|protosynthesisatk\n|move|p1a: Ursaluna|Headlong Rush|p2a: Garden\n|-resisted|p2a: Garden\n|-damage|p2a: Garden|66\/100\n|-unboost|p1a: Ursaluna|def|1\n|-unboost|p1a: Ursaluna|spd|1\n|\n|-weather|SunnyDay|[upkeep]\n|-heal|p2a: Garden|72\/100|[from] Grassy Terrain\n|-status|p1a: Ursaluna|brn|[from] item: Flame Orb\n|upkeep\n|turn|14\n|\n|t:|1700490554\n|switch|p1a: Rillaboom|Rillaboom, F|98\/100\n|move|p2a: Garden|Bullet Seed|p1a: Rillaboom\n|-resisted|p1a: Rillaboom\n|-crit|p1a: Rillaboom\n|-damage|p1a: Rillaboom|78\/100\n|-resisted|p1a: Rillaboom\n|-crit|p1a: Rillaboom\n|-damage|p1a: Rillaboom|59\/100\n|-resisted|p1a: Rillaboom\n|-damage|p1a: Rillaboom|46\/100\n|-resisted|p1a: Rillaboom\n|-damage|p1a: Rillaboom|32\/100\n|-hitcount|p1a: Rillaboom|4\n|\n|-weather|SunnyDay|[upkeep]\n|-heal|p1a: Rillaboom|38\/100|[from] Grassy Terrain\n|-heal|p2a: Garden|78\/100|[from] Grassy Terrain\n|upkeep\n|turn|15\n|\n|t:|1700490566\n|move|p2a: Garden|Sucker Punch|p1a: Rillaboom\n|-damage|p1a: Rillaboom|0 fnt\n|faint|p1a: Rillaboom\n|\n|-weather|none\n|-end|p2a: Garden|Protosynthesis\n|-heal|p2a: Garden|84\/100|[from] Grassy Terrain\n|-fieldend|move: Grassy Terrain\n|upkeep\n|j| dentine\n|\n|t:|1700490572\n|switch|p1a: Ursaluna|Ursaluna, F|100\/100 brn\n|turn|16\n|\n|t:|1700490579\n|-end|p2a: Garden|Protosynthesis|[silent]\n|switch|p2a: Hotter Than Hell|Torkoal, F|75\/100\n|-weather|SunnyDay|[from] ability: Drought|[of] p2a: Hotter Than Hell\n|move|p1a: Ursaluna|Facade|p2a: Hotter Than Hell\n|-damage|p2a: Hotter Than Hell|0 fnt\n|faint|p2a: Hotter Than Hell\n|\n|-weather|SunnyDay|[upkeep]\n|-damage|p1a: Ursaluna|94\/100 brn|[from] brn\n|upkeep\n|\n|t:|1700490581\n|switch|p2a: Garden|Brute Bonnet|84\/100\n|-activate|p2a: Garden|ability: Protosynthesis\n|-start|p2a: Garden|protosynthesisatk\n|turn|17\n|\n|t:|1700490591\n|move|p2a: Garden|Bullet Seed|p1a: Ursaluna\n|-supereffective|p1a: Ursaluna\n|-damage|p1a: Ursaluna|63\/100 brn\n|-supereffective|p1a: Ursaluna\n|-damage|p1a: Ursaluna|34\/100 brn\n|-supereffective|p1a: Ursaluna\n|-crit|p1a: Ursaluna\n|-damage|p1a: Ursaluna|0 fnt\n|faint|p1a: Ursaluna\n|-hitcount|p1: Ursaluna|3\n|\n|-weather|SunnyDay|[upkeep]\n|upkeep\n|\n|t:|1700490599\n|switch|p1a: Ogerpon|Ogerpon-Wellspring, F|100\/100\n|turn|18\n|\n|t:|1700490603\n|move|p1a: Ogerpon|Ivy Cudgel|p2a: Garden|[anim] Ivy Cudgel Water\n|-resisted|p2a: Garden\n|-damage|p2a: Garden|71\/100\n|move|p2a: Garden|Bullet Seed|p1a: Ogerpon\n|-damage|p1a: Ogerpon|76\/100\n|-damage|p1a: Ogerpon|52\/100\n|-damage|p1a: Ogerpon|28\/100\n|-damage|p1a: Ogerpon|4\/100\n|-hitcount|p1a: Ogerpon|4\n|\n|-weather|SunnyDay|[upkeep]\n|upkeep\n|turn|19\n|-message|thedebatablereaper forfeited.\n|\n|win|1owercase\n|raw|thedebatablereaper's rating: 1701 &rarr; <strong>1682<\/strong><br \/>(-19 for losing)\n|raw|1owercase's rating: 1714 &rarr; <strong>1733<\/strong><br \/>(+19 for winning)\n|l|\u2606thedebatablereaper\n|l|\u26061owercase\n|l| Golden Oreos\n|l| Seleukos\n","uploadtime":1700490789,"views":22,"p1id":"thedebatablereaper","p2id":"1owercase","formatid":"gen9ou","rating":1682,"private":0,"password":""}