{"id":"gen9ou-1991994483","p1":"Atomic_Hedgefox","p2":"Tubaguia_Ofc","format":"[Gen 9] OU","log":"|j|\u203dAtomic_Hedgefox\n|j|\u2606Tubaguia_Ofc\n|t:|1700146034\n|gametype|singles\n|player|p1|Atomic_Hedgefox|169|1088\n|player|p2|Tubaguia_Ofc|iris-gen5bw2|1163\n|teamsize|p1|6\n|teamsize|p2|6\n|gen|9\n|tier|[Gen 9] OU\n|rated|\n|rule|Sleep Clause Mod: Limit one foe put to sleep\n|rule|Species Clause: Limit one of each Pok\u00e9mon\n|rule|OHKO Clause: OHKO moves are banned\n|rule|Evasion Items Clause: Evasion items are banned\n|rule|Evasion Moves Clause: Evasion moves are banned\n|rule|Endless Battle Clause: Forcing endless battles is banned\n|rule|HP Percentage Mod: HP is shown in percentages\n|clearpoke\n|poke|p1|Torkoal, F|\n|poke|p1|Great Tusk|\n|poke|p1|Charizard, F|\n|poke|p1|Ribombee, F|\n|poke|p1|Hatterene, F|\n|poke|p1|Dragapult, F|\n|poke|p2|Heatran, F|\n|poke|p2|Iron Treads|\n|poke|p2|Gholdengo|\n|poke|p2|Scizor, M|\n|poke|p2|Kingambit, F|\n|poke|p2|Corviknight, F|\n|teampreview\n|\n|t:|1700146084\n|start\n|switch|p1a: Ribombee|Ribombee, F|100\/100\n|switch|p2a: Spin round round|Iron Treads, shiny|100\/100\n|-enditem|p2a: Spin round round|Booster Energy\n|-activate|p2a: Spin round round|ability: Quark Drive|[fromitem]\n|-start|p2a: Spin round round|quarkdrivespe\n|turn|1\n|\n|t:|1700146092\n|move|p2a: Spin round round|Iron Head|p1a: Ribombee\n|-supereffective|p1a: Ribombee\n|-enditem|p1a: Ribombee|Focus Sash\n|-damage|p1a: Ribombee|1\/100\n|move|p1a: Ribombee|Sticky Web|p2a: Spin round round\n|-sidestart|p2: Tubaguia_Ofc|move: Sticky Web\n|\n|upkeep\n|turn|2\n|\n|t:|1700146099\n|move|p2a: Spin round round|Rapid Spin|p1a: Ribombee\n|-damage|p1a: Ribombee|0 fnt\n|-boost|p2a: Spin round round|spe|1\n|-sideend|p2: Tubaguia_Ofc|Sticky Web|[from] move: Rapid Spin|[of] p2a: Spin round round\n|faint|p1a: Ribombee\n|\n|upkeep\n|\n|t:|1700146118\n|switch|p1a: Torkoal|Torkoal, F|100\/100\n|-weather|SunnyDay|[from] ability: Drought|[of] p1a: Torkoal\n|turn|3\n|\n|t:|1700146127\n|move|p2a: Spin round round|Earthquake|p1a: Torkoal\n|-supereffective|p1a: Torkoal\n|-damage|p1a: Torkoal|52\/100\n|-enditem|p1a: Torkoal|Red Card|[of] p2a: Spin round round\n|-end|p2a: Spin round round|Quark Drive|[silent]\n|drag|p2a: Golden radiance|Gholdengo, shiny|100\/100\n|move|p1a: Torkoal|Will-O-Wisp|p2a: Golden radiance\n|-immune|p2a: Golden radiance|[from] ability: Good as Gold\n|\n|-weather|SunnyDay|[upkeep]\n|upkeep\n|turn|4\n|\n|t:|1700146139\n|switch|p2a: Fire blob :3|Heatran, F, shiny|100\/100\n|switch|p1a: Charizard|Charizard, F|100\/100\n|\n|-weather|SunnyDay|[upkeep]\n|-damage|p1a: Charizard|88\/100|[from] ability: Solar Power|[of] p1a: Charizard\n|upkeep\n|turn|5\n|\n|t:|1700146146\n|switch|p1a: Great Tusk|Great Tusk|100\/100\n|-activate|p1a: Great Tusk|ability: Protosynthesis\n|-start|p1a: Great Tusk|protosynthesisatk\n|move|p2a: Fire blob :3|Substitute|p2a: Fire blob :3\n|-start|p2a: Fire blob :3|Substitute\n|-damage|p2a: Fire blob :3|76\/100\n|\n|-weather|SunnyDay|[upkeep]\n|upkeep\n|turn|6\n|\n|t:|1700146160\n|move|p1a: Great Tusk|Earthquake|p2a: Fire blob :3\n|-supereffective|p2a: Fire blob :3\n|-end|p2a: Fire blob :3|Substitute\n|move|p2a: Fire blob :3|Flash Cannon|p1a: Great Tusk\n|-damage|p1a: Great Tusk|68\/100\n|-unboost|p1a: Great Tusk|spd|1\n|\n|-weather|SunnyDay|[upkeep]\n|upkeep\n|turn|7\n|\n|t:|1700146170\n|switch|p2a: Birb|Corviknight, F, shiny|100\/100\n|-ability|p2a: Birb|Pressure\n|move|p1a: Great Tusk|Earthquake|p2a: Birb\n|-immune|p2a: Birb\n|\n|-weather|none\n|-end|p1a: Great Tusk|Protosynthesis\n|upkeep\n|turn|8\n|\n|t:|1700146178\n|-end|p1a: Great Tusk|Protosynthesis|[silent]\n|switch|p1a: Torkoal|Torkoal, F|52\/100\n|-weather|SunnyDay|[from] ability: Drought|[of] p1a: Torkoal\n|move|p2a: Birb|Tailwind|p2a: Birb\n|-sidestart|p2: Tubaguia_Ofc|move: Tailwind\n|\n|-weather|SunnyDay|[upkeep]\n|upkeep\n|turn|9\n|\n|t:|1700146185\n|switch|p2a: Fire blob :3|Heatran, F, shiny|76\/100\n|switch|p1a: Charizard|Charizard, F|88\/100\n|\n|-weather|SunnyDay|[upkeep]\n|-damage|p1a: Charizard|76\/100|[from] ability: Solar Power|[of] p1a: Charizard\n|upkeep\n|turn|10\n|\n|t:|1700146196\n|switch|p1a: Great Tusk|Great Tusk|68\/100\n|-activate|p1a: Great Tusk|ability: Protosynthesis\n|-start|p1a: Great Tusk|protosynthesisatk\n|move|p2a: Fire blob :3|Flash Cannon|p1a: Great Tusk\n|-damage|p1a: Great Tusk|36\/100\n|\n|-weather|SunnyDay|[upkeep]\n|upkeep\n|turn|11\n|\n|t:|1700146219\n|move|p2a: Fire blob :3|Substitute|p2a: Fire blob :3\n|-start|p2a: Fire blob :3|Substitute\n|-damage|p2a: Fire blob :3|51\/100\n|move|p1a: Great Tusk|Earthquake|p2a: Fire blob :3\n|-supereffective|p2a: Fire blob :3\n|-end|p2a: Fire blob :3|Substitute\n|\n|-weather|SunnyDay|[upkeep]\n|-sideend|p2: Tubaguia_Ofc|move: Tailwind\n|upkeep\n|turn|12\n|\n|t:|1700146226\n|switch|p2a: Birb|Corviknight, F, shiny|100\/100\n|-ability|p2a: Birb|Pressure\n|move|p1a: Great Tusk|Earthquake|p2a: Birb\n|-immune|p2a: Birb\n|\n|-weather|none\n|-end|p1a: Great Tusk|Protosynthesis\n|upkeep\n|turn|13\n|\n|t:|1700146233\n|-end|p1a: Great Tusk|Protosynthesis|[silent]\n|switch|p1a: Dragapult|Dragapult, F|100\/100\n|move|p2a: Birb|Body Press|p1a: Dragapult\n|-immune|p1a: Dragapult\n|\n|upkeep\n|turn|14\n|\n|t:|1700146239\n|move|p1a: Dragapult|Thunderbolt|p2a: Birb\n|-supereffective|p2a: Birb\n|-damage|p2a: Birb|22\/100\n|move|p2a: Birb|Tailwind|p2a: Birb\n|-sidestart|p2: Tubaguia_Ofc|move: Tailwind\n|\n|-heal|p2a: Birb|28\/100|[from] item: Leftovers\n|upkeep\n|turn|15\n|\n|t:|1700146274\n|switch|p1a: Hatterene|Hatterene, F|100\/100\n|switch|p2a: Golden radiance|Gholdengo, shiny|100\/100\n|\n|upkeep\n|turn|16\n|\n|t:|1700146329\n|move|p2a: Golden radiance|Thunder Wave|p1a: Hatterene\n|move|p1a: Hatterene|Thunder Wave|p2a: Golden radiance|[from]ability: Magic Bounce\n|-immune|p2a: Golden radiance|[from] ability: Good as Gold\n|move|p1a: Hatterene|Mystical Fire|p2a: Golden radiance\n|-supereffective|p2a: Golden radiance\n|-damage|p2a: Golden radiance|52\/100\n|-unboost|p2a: Golden radiance|spa|1\n|\n|upkeep\n|turn|17\n|\n|t:|1700146338\n|switch|p2a: Fire blob :3|Heatran, F, shiny|51\/100\n|move|p1a: Hatterene|Mystical Fire|p2a: Fire blob :3\n|-start|p2a: Fire blob :3|ability: Flash Fire\n|\n|-sideend|p2: Tubaguia_Ofc|move: Tailwind\n|upkeep\n|turn|18\n|\n|t:|1700146347\n|-terastallize|p1a: Hatterene|Water\n|move|p2a: Fire blob :3|Flash Cannon|p1a: Hatterene\n|-resisted|p1a: Hatterene\n|-damage|p1a: Hatterene|81\/100\n|move|p1a: Hatterene|Calm Mind|p1a: Hatterene\n|-boost|p1a: Hatterene|spa|1\n|-boost|p1a: Hatterene|spd|1\n|\n|-heal|p1a: Hatterene|87\/100|[from] item: Leftovers\n|upkeep\n|turn|19\n|\n|t:|1700146353\n|move|p2a: Fire blob :3|Substitute|p2a: Fire blob :3\n|-start|p2a: Fire blob :3|Substitute\n|-damage|p2a: Fire blob :3|26\/100\n|move|p1a: Hatterene|Calm Mind|p1a: Hatterene\n|-boost|p1a: Hatterene|spa|1\n|-boost|p1a: Hatterene|spd|1\n|\n|-heal|p1a: Hatterene|93\/100|[from] item: Leftovers\n|upkeep\n|turn|20\n|\n|t:|1700146359\n|move|p2a: Fire blob :3|Body Press|p1a: Hatterene\n|-damage|p1a: Hatterene|71\/100\n|move|p1a: Hatterene|Draining Kiss|p2a: Fire blob :3\n|-resisted|p2a: Fire blob :3\n|-activate|p2a: Fire blob :3|move: Substitute|[damage]\n|-heal|p1a: Hatterene|78\/100|[from] drain|[of] p2a: Fire blob :3\n|\n|-heal|p1a: Hatterene|84\/100|[from] item: Leftovers\n|upkeep\n|turn|21\n|\n|t:|1700146376\n|move|p2a: Fire blob :3|Body Press|p1a: Hatterene\n|-damage|p1a: Hatterene|63\/100\n|move|p1a: Hatterene|Draining Kiss|p2a: Fire blob :3\n|-resisted|p2a: Fire blob :3\n|-activate|p2a: Fire blob :3|move: Substitute|[damage]\n|-heal|p1a: Hatterene|71\/100|[from] drain|[of] p2a: Fire blob :3\n|\n|-heal|p1a: Hatterene|77\/100|[from] item: Leftovers\n|upkeep\n|turn|22\n|\n|t:|1700146393\n|move|p2a: Fire blob :3|Body Press|p1a: Hatterene\n|-damage|p1a: Hatterene|57\/100\n|move|p1a: Hatterene|Calm Mind|p1a: Hatterene\n|-boost|p1a: Hatterene|spa|1\n|-boost|p1a: Hatterene|spd|1\n|\n|-heal|p1a: Hatterene|63\/100|[from] item: Leftovers\n|upkeep\n|turn|23\n|\n|t:|1700146404\n|-end|p2a: Fire blob :3|ability: Flash Fire|[silent]\n|switch|p2a: Cuttin nd punchin|Scizor, M, shiny|100\/100\n|move|p1a: Hatterene|Draining Kiss|p2a: Cuttin nd punchin\n|-resisted|p2a: Cuttin nd punchin\n|-damage|p2a: Cuttin nd punchin|64\/100\n|-heal|p1a: Hatterene|89\/100|[from] drain|[of] p2a: Cuttin nd punchin\n|\n|-heal|p1a: Hatterene|95\/100|[from] item: Leftovers\n|upkeep\n|turn|24\n|\n|t:|1700146410\n|move|p2a: Cuttin nd punchin|Trailblaze|p1a: Hatterene\n|-supereffective|p1a: Hatterene\n|-damage|p1a: Hatterene|44\/100\n|-boost|p2a: Cuttin nd punchin|spe|1\n|move|p1a: Hatterene|Mystical Fire|p2a: Cuttin nd punchin\n|-supereffective|p2a: Cuttin nd punchin\n|-damage|p2a: Cuttin nd punchin|0 fnt\n|faint|p2a: Cuttin nd punchin\n|\n|-heal|p1a: Hatterene|50\/100|[from] item: Leftovers\n|upkeep\n|\n|t:|1700146428\n|switch|p2a: Spin round round|Iron Treads, shiny|100\/100\n|turn|25\n|\n|t:|1700146432\n|move|p2a: Spin round round|Earthquake|p1a: Hatterene\n|-damage|p1a: Hatterene|12\/100\n|move|p1a: Hatterene|Mystical Fire|p2a: Spin round round\n|-supereffective|p2a: Spin round round\n|-damage|p2a: Spin round round|0 fnt\n|faint|p2a: Spin round round\n|-end|p2a: Spin round round|Quark Drive|[silent]\n|\n|-heal|p1a: Hatterene|18\/100|[from] item: Leftovers\n|upkeep\n|\n|t:|1700146472\n|switch|p2a: Fire blob :3|Heatran, F, shiny|26\/100\n|turn|26\n|\n|t:|1700146477\n|move|p2a: Fire blob :3|Earth Power|p1a: Hatterene\n|-damage|p1a: Hatterene|6\/100\n|move|p1a: Hatterene|Draining Kiss|p2a: Fire blob :3\n|-resisted|p2a: Fire blob :3\n|-damage|p2a: Fire blob :3|14\/100\n|-heal|p1a: Hatterene|16\/100|[from] drain|[of] p2a: Fire blob :3\n|\n|-heal|p1a: Hatterene|22\/100|[from] item: Leftovers\n|upkeep\n|turn|27\n|\n|t:|1700146486\n|move|p2a: Fire blob :3|Body Press|p1a: Hatterene\n|-damage|p1a: Hatterene|2\/100\n|move|p1a: Hatterene|Draining Kiss|p2a: Fire blob :3\n|-resisted|p2a: Fire blob :3\n|-damage|p2a: Fire blob :3|2\/100\n|-heal|p1a: Hatterene|12\/100|[from] drain|[of] p2a: Fire blob :3\n|\n|-heal|p1a: Hatterene|17\/100|[from] item: Leftovers\n|upkeep\n|turn|28\n|\n|t:|1700146497\n|move|p2a: Fire blob :3|Body Press|p1a: Hatterene\n|-damage|p1a: Hatterene|0 fnt\n|faint|p1a: Hatterene\n|\n|upkeep\n|\n|t:|1700146503\n|switch|p1a: Torkoal|Torkoal, F|52\/100\n|-weather|SunnyDay|[from] ability: Drought|[of] p1a: Torkoal\n|turn|29\n|\n|t:|1700146513\n|switch|p2a: Golden radiance|Gholdengo, shiny|52\/100\n|move|p1a: Torkoal|Body Press|p2a: Golden radiance\n|-immune|p2a: Golden radiance\n|\n|-weather|SunnyDay|[upkeep]\n|upkeep\n|turn|30\n|\n|t:|1700146524\n|switch|p1a: Dragapult|Dragapult, F|100\/100\n|move|p2a: Golden radiance|Recover|p2a: Golden radiance\n|-heal|p2a: Golden radiance|100\/100\n|\n|-weather|SunnyDay|[upkeep]\n|upkeep\n|turn|31\n|\n|t:|1700146530\n|move|p1a: Dragapult|Shadow Ball|p2a: Golden radiance\n|-supereffective|p2a: Golden radiance\n|-damage|p2a: Golden radiance|0 fnt\n|faint|p2a: Golden radiance\n|\n|-weather|SunnyDay|[upkeep]\n|upkeep\n|\n|t:|1700146539\n|switch|p2a: Queenambit|Kingambit, F, shiny|100\/100\n|-activate|p2a: Queenambit|ability: Supreme Overlord\n|-start|p2a: Queenambit|fallen3|[silent]\n|turn|32\n|\n|t:|1700146547\n|switch|p1a: Torkoal|Torkoal, F|52\/100\n|move|p2a: Queenambit|Swords Dance|p2a: Queenambit\n|-boost|p2a: Queenambit|atk|2\n|\n|-weather|SunnyDay|[upkeep]\n|upkeep\n|turn|33\n|\n|t:|1700146578\n|move|p2a: Queenambit|Iron Head|p1a: Torkoal\n|-resisted|p1a: Torkoal\n|-damage|p1a: Torkoal|17\/100\n|move|p1a: Torkoal|Body Press|p2a: Queenambit\n|-supereffective|p2a: Queenambit\n|-damage|p2a: Queenambit|0 fnt\n|faint|p2a: Queenambit\n|-end|p2a: Queenambit|fallen3|[silent]\n|\n|-weather|none\n|upkeep\n|\n|t:|1700146585\n|switch|p2a: Birb|Corviknight, F, shiny|28\/100\n|-ability|p2a: Birb|Pressure\n|turn|34\n|\n|t:|1700146592\n|switch|p1a: Dragapult|Dragapult, F|100\/100\n|move|p2a: Birb|Roost|p2a: Birb\n|-heal|p2a: Birb|78\/100\n|-singleturn|p2a: Birb|move: Roost\n|\n|-heal|p2a: Birb|84\/100|[from] item: Leftovers\n|upkeep\n|turn|35\n|\n|t:|1700146601\n|move|p1a: Dragapult|Thunderbolt|p2a: Birb\n|-supereffective|p2a: Birb\n|-damage|p2a: Birb|7\/100\n|move|p2a: Birb|Tailwind|p2a: Birb\n|-sidestart|p2: Tubaguia_Ofc|move: Tailwind\n|\n|-heal|p2a: Birb|13\/100|[from] item: Leftovers\n|upkeep\n|turn|36\n|\n|t:|1700146607\n|move|p1a: Dragapult|Thunderbolt|p2a: Birb\n|-supereffective|p2a: Birb\n|-damage|p2a: Birb|0 fnt\n|faint|p2a: Birb\n|\n|upkeep\n|\n|t:|1700146609\n|switch|p2a: Fire blob :3|Heatran, F, shiny|2\/100\n|turn|37\n|\n|t:|1700146612\n|move|p1a: Dragapult|Thunderbolt|p2a: Fire blob :3\n|-damage|p2a: Fire blob :3|0 fnt\n|faint|p2a: Fire blob :3\n|\n|win|Atomic_Hedgefox\n|raw|Atomic_Hedgefox's rating: 1088 &rarr; <strong>1120<\/strong><br \/>(+32 for winning)\n|raw|Tubaguia_Ofc's rating: 1163 &rarr; <strong>1133<\/strong><br \/>(-30 for losing)\n|l|\u2606Tubaguia_Ofc\n","uploadtime":1700146618,"views":10,"p1id":"atomichedgefox","p2id":"tubaguiaofc","formatid":"gen9ou","rating":1120,"private":0,"password":""}