{"id":"gen9ou-1990316001","p1":"waha8","p2":"gonning","format":"[Gen 9] OU","log":"|j|\u2606waha8\n|j|\u2606gonning\n|t:|1699955599\n|gametype|singles\n|player|p1|waha8|1|1565\n|player|p2|gonning|1|1572\n|teamsize|p1|6\n|teamsize|p2|6\n|gen|9\n|tier|[Gen 9] OU\n|rated|\n|rule|Sleep Clause Mod: Limit one foe put to sleep\n|rule|Species Clause: Limit one of each Pok\u00e9mon\n|rule|OHKO Clause: OHKO moves are banned\n|rule|Evasion Items Clause: Evasion items are banned\n|rule|Evasion Moves Clause: Evasion moves are banned\n|rule|Endless Battle Clause: Forcing endless battles is banned\n|rule|HP Percentage Mod: HP is shown in percentages\n|clearpoke\n|poke|p1|Indeedee, M|\n|poke|p1|Ninetales-Alola, F|\n|poke|p1|Sneasler, F|\n|poke|p1|Gallade, M|\n|poke|p1|Slowking-Galar, F|\n|poke|p1|Haxorus, M|\n|poke|p2|Iron Valiant|\n|poke|p2|Glimmora, F|\n|poke|p2|Iron Moth|\n|poke|p2|Gholdengo|\n|poke|p2|Kingambit, M|\n|poke|p2|Samurott-Hisui, M|\n|teampreview\n|inactive|Battle timer is ON: inactive players will automatically lose when time's up. (requested by gonning)\n|\n|t:|1699955620\n|start\n|switch|p1a: DeeDee|Indeedee, M|100\/100\n|switch|p2a: Glimmora|Glimmora, F|100\/100\n|-fieldstart|move: Psychic Terrain|[from] ability: Psychic Surge|[of] p1a: DeeDee\n|turn|1\n|\n|t:|1699955626\n|switch|p2a: Kingambit|Kingambit, M|100\/100\n|move|p1a: DeeDee|Psychic|p2a: Kingambit\n|-immune|p2a: Kingambit\n|\n|upkeep\n|turn|2\n|\n|t:|1699955631\n|switch|p1a: DoNotCare|Haxorus, M|100\/100\n|-ability|p1a: DoNotCare|Mold Breaker\n|move|p2a: Kingambit|Iron Head|p1a: DoNotCare\n|-damage|p1a: DoNotCare|46\/100\n|\n|upkeep\n|turn|3\n|\n|t:|1699955640\n|-end|p2a: Kingambit|fallenundefined|[silent]\n|switch|p2a: Glimmora|Glimmora, F|100\/100\n|move|p1a: DoNotCare|Dragon Dance|p1a: DoNotCare\n|-boost|p1a: DoNotCare|atk|1\n|-boost|p1a: DoNotCare|spe|1\n|\n|upkeep\n|turn|4\n|\n|t:|1699955646\n|move|p1a: DoNotCare|Earthquake|p2a: Glimmora\n|-supereffective|p2a: Glimmora\n|-damage|p2a: Glimmora|0 fnt\n|-activate|p2a: Glimmora|ability: Toxic Debris\n|-sidestart|p1: waha8|move: Toxic Spikes\n|faint|p2a: Glimmora\n|-damage|p1a: DoNotCare|37\/100|[from] item: Life Orb\n|\n|upkeep\n|\n|t:|1699955648\n|switch|p2a: Samurott|Samurott-Hisui, M|100\/100\n|turn|5\n|\n|t:|1699955655\n|move|p1a: DoNotCare|Close Combat|p2a: Samurott\n|-supereffective|p2a: Samurott\n|-enditem|p2a: Samurott|Focus Sash\n|-damage|p2a: Samurott|1\/100\n|-unboost|p1a: DoNotCare|def|1\n|-unboost|p1a: DoNotCare|spd|1\n|-damage|p1a: DoNotCare|27\/100|[from] item: Life Orb\n|move|p2a: Samurott|Ceaseless Edge|p1a: DoNotCare\n|-damage|p1a: DoNotCare|0 fnt\n|-sidestart|p1: waha8|Spikes\n|faint|p1a: DoNotCare\n|\n|upkeep\n|\n|t:|1699955665\n|switch|p1a: Sonic|Sneasler, F|100\/100\n|-sideend|p1: waha8|move: Toxic Spikes|[of] p1a: Sonic\n|-damage|p1a: Sonic|88\/100|[from] Spikes\n|-enditem|p1a: Sonic|Psychic Seed\n|-boost|p1a: Sonic|spd|1|[from] item: Psychic Seed\n|turn|6\n|\n|t:|1699955670\n|move|p1a: Sonic|Acrobatics|p2a: Samurott\n|-crit|p2a: Samurott\n|-damage|p2a: Samurott|0 fnt\n|faint|p2a: Samurott\n|\n|upkeep\n|\n|t:|1699955676\n|switch|p2a: Gholdengo|Gholdengo|100\/100\n|-item|p2a: Gholdengo|Air Balloon\n|turn|7\n|\n|t:|1699955679\n|move|p1a: Sonic|Swords Dance|p1a: Sonic\n|-boost|p1a: Sonic|atk|2\n|move|p2a: Gholdengo|Nasty Plot|p2a: Gholdengo\n|-boost|p2a: Gholdengo|spa|2\n|\n|upkeep\n|turn|8\n|\n|t:|1699955685\n|-terastallize|p1a: Sonic|Flying\n|-terastallize|p2a: Gholdengo|Fairy\n|move|p1a: Sonic|Acrobatics|p2a: Gholdengo\n|-damage|p2a: Gholdengo|0 fnt\n|-enditem|p2a: Gholdengo|Air Balloon\n|faint|p2a: Gholdengo\n|\n|-fieldend|move: Psychic Terrain\n|upkeep\n|c|\u2606gonning|lmfaoooo\n|c|\u2606gonning|what are you doing\n|c|\u2606gonning|lmfaooo\n|-message|gonning forfeited.\n|\n|win|waha8\n|raw|waha8's rating: 1565 &rarr; <strong>1585<\/strong><br \/>(+20 for winning)\n|raw|gonning's rating: 1572 &rarr; <strong>1552<\/strong><br \/>(-20 for losing)\n|l|\u2606gonning\n","uploadtime":1699955722,"views":6,"p1id":"waha8","p2id":"gonning","formatid":"gen9ou","rating":1552,"private":0,"password":""}