{"id":"gen9ou-1989049402","p1":"Philipp1995","p2":"Thefatguinea","format":"[Gen 9] OU","log":"|j|\u2606Philipp1995\n|j|\u203dThefatguinea\n|t:|1699806522\n|gametype|singles\n|player|p1|Philipp1995|bruno|1221\n|player|p2|Thefatguinea|linebacker|1284\n|teamsize|p1|6\n|teamsize|p2|6\n|gen|9\n|tier|[Gen 9] OU\n|rated|\n|rule|Sleep Clause Mod: Limit one foe put to sleep\n|rule|Species Clause: Limit one of each Pok\u00e9mon\n|rule|OHKO Clause: OHKO moves are banned\n|rule|Evasion Items Clause: Evasion items are banned\n|rule|Evasion Moves Clause: Evasion moves are banned\n|rule|Endless Battle Clause: Forcing endless battles is banned\n|rule|HP Percentage Mod: HP is shown in percentages\n|clearpoke\n|poke|p1|Kommo-o, M|\n|poke|p1|Ninetales-Alola, M|\n|poke|p1|Gholdengo|\n|poke|p1|Zapdos|\n|poke|p1|Ceruledge, M|\n|poke|p1|Great Tusk|\n|poke|p2|Zapdos-Galar|\n|poke|p2|Ceruledge, M|\n|poke|p2|Manaphy|\n|poke|p2|Lokix, M|\n|poke|p2|Weezing-Galar, F|\n|poke|p2|Clodsire, F|\n|teampreview\n|inactive|Battle timer is ON: inactive players will automatically lose when time's up. (requested by Philipp1995)\n|\n|t:|1699806527\n|start\n|switch|p1a: Ninetales|Ninetales-Alola, M, shiny|100\/100\n|switch|p2a: Ceruledge|Ceruledge, M|100\/100\n|-weather|Snow|[from] ability: Snow Warning|[of] p1a: Ninetales\n|turn|1\n|\n|t:|1699806531\n|move|p1a: Ninetales|Aurora Veil|p1a: Ninetales\n|-sidestart|p1: Philipp1995|move: Aurora Veil\n|move|p2a: Ceruledge|Bitter Blade|p1a: Ninetales\n|-supereffective|p1a: Ninetales\n|-damage|p1a: Ninetales|64\/100\n|\n|-weather|Snow|[upkeep]\n|upkeep\n|turn|2\n|\n|t:|1699806541\n|move|p1a: Ninetales|Encore|p2a: Ceruledge\n|-start|p2a: Ceruledge|Encore\n|move|p2a: Ceruledge|Bitter Blade|p1a: Ninetales\n|-supereffective|p1a: Ninetales\n|-damage|p1a: Ninetales|26\/100\n|\n|-weather|Snow|[upkeep]\n|upkeep\n|turn|3\n|\n|t:|1699806545\n|switch|p1a: Kommo-o|Kommo-o, M, shiny|100\/100\n|move|p2a: Ceruledge|Bitter Blade|p1a: Kommo-o\n|-resisted|p1a: Kommo-o\n|-damage|p1a: Kommo-o|92\/100\n|\n|-weather|Snow|[upkeep]\n|upkeep\n|turn|4\n|\n|t:|1699806547\n|switch|p2a: Weezing|Weezing-Galar, F|100\/100\n|move|p1a: Kommo-o|Clangorous Soul|p1a: Kommo-o\n|-boost|p1a: Kommo-o|atk|1\n|-boost|p1a: Kommo-o|def|1\n|-boost|p1a: Kommo-o|spa|1\n|-boost|p1a: Kommo-o|spd|1\n|-boost|p1a: Kommo-o|spe|1\n|-damage|p1a: Kommo-o|59\/100\n|-enditem|p1a: Kommo-o|Throat Spray\n|-boost|p1a: Kommo-o|spa|1|[from] item: Throat Spray\n|\n|-weather|Snow|[upkeep]\n|upkeep\n|turn|5\n|\n|t:|1699806551\n|-terastallize|p1a: Kommo-o|Steel\n|move|p1a: Kommo-o|Flash Cannon|p2a: Weezing\n|-supereffective|p2a: Weezing\n|-damage|p2a: Weezing|0 fnt\n|faint|p2a: Weezing\n|\n|-weather|none\n|upkeep\n|\n|t:|1699806558\n|switch|p2a: Clodsire|Clodsire, F|100\/100\n|turn|6\n|\n|t:|1699806562\n|move|p1a: Kommo-o|Clanging Scales|p2a: Clodsire\n|-damage|p2a: Clodsire|77\/100\n|-unboost|p1a: Kommo-o|def|1\n|move|p2a: Clodsire|Stealth Rock|p1a: Kommo-o\n|-sidestart|p1: Philipp1995|move: Stealth Rock\n|\n|-heal|p2a: Clodsire|83\/100|[from] item: Leftovers\n|upkeep\n|turn|7\n|\n|t:|1699806567\n|switch|p1a: Great Tusk|Great Tusk, shiny|100\/100\n|-damage|p1a: Great Tusk|98\/100|[from] Stealth Rock\n|move|p2a: Clodsire|Earthquake|p1a: Great Tusk\n|-crit|p1a: Great Tusk\n|-damage|p1a: Great Tusk|71\/100\n|\n|-heal|p2a: Clodsire|89\/100|[from] item: Leftovers\n|upkeep\n|turn|8\n|\n|t:|1699806571\n|switch|p2a: Zapdos|Zapdos-Galar|100\/100\n|move|p1a: Great Tusk|Knock Off|p2a: Zapdos\n|-resisted|p2a: Zapdos\n|-damage|p2a: Zapdos|81\/100\n|-enditem|p2a: Zapdos|Leftovers|[from] move: Knock Off|[of] p1a: Great Tusk\n|\n|-sideend|p1: Philipp1995|move: Aurora Veil\n|upkeep\n|turn|9\n|\n|t:|1699806577\n|move|p2a: Zapdos|Bulk Up|p2a: Zapdos\n|-boost|p2a: Zapdos|atk|1\n|-boost|p2a: Zapdos|def|1\n|move|p1a: Great Tusk|Rapid Spin|p2a: Zapdos\n|-damage|p2a: Zapdos|64\/100\n|-boost|p1a: Great Tusk|spe|1\n|-sideend|p1: Philipp1995|Stealth Rock|[from] move: Rapid Spin|[of] p1a: Great Tusk\n|\n|upkeep\n|turn|10\n|\n|t:|1699806582\n|move|p2a: Zapdos|Thunderous Kick|p1a: Great Tusk\n|-damage|p1a: Great Tusk|30\/100\n|-unboost|p1a: Great Tusk|def|1\n|move|p1a: Great Tusk|Close Combat|p2a: Zapdos\n|-resisted|p2a: Zapdos\n|-damage|p2a: Zapdos|39\/100\n|-unboost|p1a: Great Tusk|def|1\n|-unboost|p1a: Great Tusk|spd|1\n|\n|upkeep\n|turn|11\n|\n|t:|1699806587\n|move|p2a: Zapdos|Thunderous Kick|p1a: Great Tusk\n|-damage|p1a: Great Tusk|0 fnt\n|faint|p1a: Great Tusk\n|-end|p1a: Great Tusk|Protosynthesis|[silent]\n|\n|upkeep\n|\n|t:|1699806595\n|switch|p1a: Gholdengo|Gholdengo, shiny|100\/100\n|turn|12\n|\n|t:|1699806597\n|move|p1a: Gholdengo|Shadow Ball|p2a: Zapdos\n|-damage|p2a: Zapdos|0 fnt\n|faint|p2a: Zapdos\n|\n|upkeep\n|\n|t:|1699806602\n|switch|p2a: Clodsire|Clodsire, F|89\/100\n|turn|13\n|\n|t:|1699806606\n|switch|p1a: Ninetales|Ninetales-Alola, M, shiny|26\/100\n|-weather|Snow|[from] ability: Snow Warning|[of] p1a: Ninetales\n|move|p2a: Clodsire|Stealth Rock|p1a: Ninetales\n|-sidestart|p1: Philipp1995|move: Stealth Rock\n|\n|-weather|Snow|[upkeep]\n|-heal|p2a: Clodsire|95\/100|[from] item: Leftovers\n|upkeep\n|turn|14\n|\n|t:|1699806613\n|move|p1a: Ninetales|Aurora Veil|p1a: Ninetales\n|-sidestart|p1: Philipp1995|move: Aurora Veil\n|move|p2a: Clodsire|Earthquake|p1a: Ninetales\n|-damage|p1a: Ninetales|11\/100\n|\n|-weather|Snow|[upkeep]\n|-heal|p2a: Clodsire|100\/100|[from] item: Leftovers\n|upkeep\n|turn|15\n|\n|t:|1699806624\n|switch|p1a: Ceruledge|Ceruledge, M, shiny|100\/100\n|-damage|p1a: Ceruledge|76\/100|[from] Stealth Rock\n|move|p2a: Clodsire|Earthquake|p1a: Ceruledge\n|-supereffective|p1a: Ceruledge\n|-damage|p1a: Ceruledge|35\/100\n|-ability|p1a: Ceruledge|Weak Armor|boost\n|-unboost|p1a: Ceruledge|def|1\n|-boost|p1a: Ceruledge|spe|2\n|\n|-weather|Snow|[upkeep]\n|upkeep\n|turn|16\n|\n|t:|1699806627\n|move|p1a: Ceruledge|Poltergeist|p2a: Clodsire\n|-activate|p2a: Clodsire|move: Poltergeist|Leftovers\n|-damage|p2a: Clodsire|43\/100\n|move|p2a: Clodsire|Earthquake|p1a: Ceruledge\n|-supereffective|p1a: Ceruledge\n|-damage|p1a: Ceruledge|0 fnt\n|faint|p1a: Ceruledge\n|\n|-weather|Snow|[upkeep]\n|-heal|p2a: Clodsire|50\/100|[from] item: Leftovers\n|upkeep\n|-message|Philipp1995 forfeited.\n|\n|win|Thefatguinea\n|raw|Philipp1995's rating: 1221 &rarr; <strong>1200<\/strong><br \/>(-21 for losing)\n|raw|Thefatguinea's rating: 1284 &rarr; <strong>1305<\/strong><br \/>(+21 for winning)\n|l|\u2606Philipp1995\n","uploadtime":1699806643,"views":14,"p1id":"philipp1995","p2id":"thefatguinea","formatid":"gen9ou","rating":1200,"private":0,"password":""}