{"id":"gen9ou-1999461163","p1":"ArsenalVGL","p2":"dhduissiska","format":"[Gen 9] OU","log":"|j|\u2606ArsenalVGL\n|j|\u2606dhduissiska\n|t:|1701084112\n|gametype|singles\n|player|p1|ArsenalVGL|101|1069\n|player|p2|dhduissiska|266|1025\n|teamsize|p1|6\n|teamsize|p2|6\n|gen|9\n|tier|[Gen 9] OU\n|rated|\n|rule|Sleep Clause Mod: Limit one foe put to sleep\n|rule|Species Clause: Limit one of each Pok\u00e9mon\n|rule|OHKO Clause: OHKO moves are banned\n|rule|Evasion Items Clause: Evasion items are banned\n|rule|Evasion Moves Clause: Evasion moves are banned\n|rule|Endless Battle Clause: Forcing endless battles is banned\n|rule|HP Percentage Mod: HP is shown in percentages\n|clearpoke\n|poke|p1|Altaria, F|\n|poke|p1|Dragonite, M|\n|poke|p1|Garchomp, M|\n|poke|p1|Goodra-Hisui, M|\n|poke|p1|Dragapult, M|\n|poke|p1|Haxorus, M|\n|poke|p2|Gholdengo|\n|poke|p2|Kingambit, F|\n|poke|p2|Alomomola, M|\n|poke|p2|Dragapult, F|\n|poke|p2|Great Tusk|\n|poke|p2|Landorus-Therian, M|\n|teampreview\n|inactive|Battle timer is ON: inactive players will automatically lose when time's up. (requested by ArsenalVGL)\n|\n|t:|1701084120\n|start\n|switch|p1a: Altaria|Altaria, F|100\/100\n|switch|p2a: Landorus|Landorus-Therian, M|100\/100\n|-ability|p2a: Landorus|Intimidate|boost\n|-unboost|p1a: Altaria|atk|1\n|turn|1\n|\n|t:|1701084126\n|move|p2a: Landorus|Taunt|p1a: Altaria\n|-start|p1a: Altaria|move: Taunt\n|cant|p1a: Altaria|move: Taunt|Will-O-Wisp\n|\n|upkeep\n|turn|2\n|\n|t:|1701084132\n|move|p2a: Landorus|Stealth Rock|p1a: Altaria\n|-sidestart|p1: ArsenalVGL|move: Stealth Rock\n|move|p1a: Altaria|Draco Meteor|p2a: Landorus\n|-damage|p2a: Landorus|72\/100\n|-unboost|p1a: Altaria|spa|2\n|\n|-heal|p2a: Landorus|78\/100|[from] item: Leftovers\n|upkeep\n|turn|3\n|\n|t:|1701084144\n|switch|p1a: Goodra|Goodra-Hisui, M|100\/100\n|-damage|p1a: Goodra|94\/100|[from] Stealth Rock\n|move|p2a: Landorus|U-turn|p1a: Goodra\n|-resisted|p1a: Goodra\n|-damage|p1a: Goodra|83\/100\n|-ability|p1a: Goodra|Gooey\n|-unboost|p2a: Landorus|spe|1\n|\n|t:|1701084156\n|switch|p2a: Alomomola|Alomomola, M|100\/100|[from] U-turn\n|\n|upkeep\n|turn|4\n|\n|t:|1701084165\n|move|p2a: Alomomola|Flip Turn|p1a: Goodra\n|-resisted|p1a: Goodra\n|-damage|p1a: Goodra|77\/100\n|-ability|p1a: Goodra|Gooey\n|-unboost|p2a: Alomomola|spe|1\n|\n|t:|1701084171\n|switch|p2a: Gholdengo|Gholdengo|100\/100|[from] Flip Turn\n|move|p1a: Goodra|Flash Cannon|p2a: Gholdengo\n|-resisted|p2a: Gholdengo\n|-damage|p2a: Gholdengo|86\/100\n|\n|upkeep\n|turn|5\n|\n|t:|1701084177\n|move|p2a: Gholdengo|Shadow Ball|p1a: Goodra\n|-damage|p1a: Goodra|65\/100\n|move|p1a: Goodra|Fire Blast|p2a: Gholdengo\n|-supereffective|p2a: Gholdengo\n|-damage|p2a: Gholdengo|36\/100\n|\n|upkeep\n|turn|6\n|\n|t:|1701084184\n|move|p2a: Gholdengo|Recover|p2a: Gholdengo\n|-heal|p2a: Gholdengo|86\/100\n|move|p1a: Goodra|Fire Blast|p2a: Gholdengo\n|-supereffective|p2a: Gholdengo\n|-crit|p2a: Gholdengo\n|-damage|p2a: Gholdengo|9\/100\n|\n|upkeep\n|turn|7\n|\n|t:|1701084191\n|move|p2a: Gholdengo|Recover|p2a: Gholdengo\n|-heal|p2a: Gholdengo|59\/100\n|move|p1a: Goodra|Fire Blast|p2a: Gholdengo\n|-supereffective|p2a: Gholdengo\n|-damage|p2a: Gholdengo|8\/100\n|\n|upkeep\n|turn|8\n|\n|t:|1701084199\n|switch|p1a: Obsidian|Haxorus, M, shiny|100\/100\n|-damage|p1a: Obsidian|88\/100|[from] Stealth Rock\n|-ability|p1a: Obsidian|Mold Breaker\n|-terastallize|p2a: Gholdengo|Water\n|move|p2a: Gholdengo|Recover|p2a: Gholdengo\n|-heal|p2a: Gholdengo|58\/100\n|\n|upkeep\n|turn|9\n|\n|t:|1701084209\n|switch|p2a: Great Tusk|Great Tusk|100\/100\n|move|p1a: Obsidian|Outrage|p2a: Great Tusk\n|-damage|p2a: Great Tusk|69\/100\n|\n|-heal|p2a: Great Tusk|76\/100|[from] item: Leftovers\n|upkeep\n|turn|10\n|\n|t:|1701084218\n|move|p1a: Obsidian|Outrage|p2a: Great Tusk|[from]lockedmove\n|-damage|p2a: Great Tusk|43\/100\n|-start|p1a: Obsidian|confusion|[fatigue]\n|move|p2a: Great Tusk|Earthquake|p1a: Obsidian\n|-damage|p1a: Obsidian|33\/100\n|\n|-heal|p2a: Great Tusk|49\/100|[from] item: Leftovers\n|upkeep\n|turn|11\n|\n|t:|1701084221\n|-activate|p1a: Obsidian|confusion\n|move|p1a: Obsidian|Outrage|p2a: Great Tusk\n|-damage|p2a: Great Tusk|16\/100\n|move|p2a: Great Tusk|Rapid Spin|p1a: Obsidian\n|-damage|p1a: Obsidian|14\/100\n|-boost|p2a: Great Tusk|spe|1\n|\n|-heal|p2a: Great Tusk|22\/100|[from] item: Leftovers\n|upkeep\n|turn|12\n|\n|t:|1701084228\n|-end|p1a: Obsidian|confusion\n|move|p1a: Obsidian|Outrage|p2a: Great Tusk|[from]lockedmove\n|-damage|p2a: Great Tusk|0 fnt\n|faint|p2a: Great Tusk\n|-end|p2a: Great Tusk|Protosynthesis|[silent]\n|\n|upkeep\n|\n|t:|1701084231\n|switch|p2a: Dragapult|Dragapult, F|100\/100\n|turn|13\n|\n|t:|1701084234\n|move|p1a: Obsidian|Outrage|p2a: Dragapult|[from]lockedmove\n|-supereffective|p2a: Dragapult\n|-damage|p2a: Dragapult|0 fnt\n|faint|p2a: Dragapult\n|-start|p1a: Obsidian|confusion|[fatigue]\n|\n|upkeep\n|\n|t:|1701084239\n|switch|p2a: Landorus|Landorus-Therian, M|78\/100\n|-ability|p2a: Landorus|Intimidate|boost\n|-unboost|p1a: Obsidian|atk|1\n|turn|14\n|\n|t:|1701084242\n|-activate|p1a: Obsidian|confusion\n|move|p1a: Obsidian|Outrage|p2a: Landorus\n|-damage|p2a: Landorus|33\/100\n|move|p2a: Landorus|U-turn|p1a: Obsidian\n|-damage|p1a: Obsidian|0 fnt\n|faint|p1a: Obsidian\n|\n|t:|1701084245\n|switch|p2a: Alomomola|Alomomola, M|100\/100|[from] U-turn\n|\n|upkeep\n|\n|t:|1701084249\n|switch|p1a: Dragapult|Dragapult, M, shiny|100\/100\n|-damage|p1a: Dragapult|88\/100|[from] Stealth Rock\n|turn|15\n|\n|t:|1701084253\n|move|p2a: Alomomola|Protect|p2a: Alomomola\n|-singleturn|p2a: Alomomola|Protect\n|move|p1a: Dragapult|Thunderbolt|p2a: Alomomola\n|-activate|p2a: Alomomola|move: Protect\n|\n|upkeep\n|turn|16\n|\n|t:|1701084266\n|switch|p1a: Dragonite|Dragonite, M|100\/100\n|-damage|p1a: Dragonite|76\/100|[from] Stealth Rock\n|move|p2a: Alomomola|Scald|p1a: Dragonite\n|-resisted|p1a: Dragonite\n|-damage|p1a: Dragonite|68\/100\n|\n|upkeep\n|turn|17\n|\n|t:|1701084274\n|move|p1a: Dragonite|Agility|p1a: Dragonite\n|-boost|p1a: Dragonite|spe|2\n|move|p2a: Alomomola|Scald|p1a: Dragonite\n|-resisted|p1a: Dragonite\n|-damage|p1a: Dragonite|60\/100\n|-status|p1a: Dragonite|brn\n|\n|-damage|p1a: Dragonite|54\/100 brn|[from] brn\n|upkeep\n|turn|18\n|\n|t:|1701084279\n|move|p1a: Dragonite|Extreme Speed|p2a: Alomomola\n|-damage|p2a: Alomomola|92\/100\n|move|p2a: Alomomola|Flip Turn|p1a: Dragonite\n|-resisted|p1a: Dragonite\n|-damage|p1a: Dragonite|46\/100 brn\n|\n|t:|1701084283\n|switch|p2a: Landorus|Landorus-Therian, M|33\/100|[from] Flip Turn\n|-ability|p2a: Landorus|Intimidate|boost\n|-unboost|p1a: Dragonite|atk|1\n|\n|-heal|p2a: Landorus|39\/100|[from] item: Leftovers\n|-damage|p1a: Dragonite|40\/100 brn|[from] brn\n|upkeep\n|turn|19\n|\n|t:|1701084291\n|switch|p2a: Alomomola|Alomomola, M|100\/100\n|move|p1a: Dragonite|Fire Blast|p2a: Alomomola\n|-resisted|p2a: Alomomola\n|-damage|p2a: Alomomola|87\/100\n|\n|-damage|p1a: Dragonite|34\/100 brn|[from] brn\n|upkeep\n|turn|20\n|\n|t:|1701084300\n|move|p1a: Dragonite|Extreme Speed|p2a: Alomomola\n|-damage|p2a: Alomomola|81\/100\n|move|p2a: Alomomola|Wish|p2a: Alomomola\n|\n|-damage|p1a: Dragonite|28\/100 brn|[from] brn\n|upkeep\n|turn|21\n|\n|t:|1701084305\n|move|p1a: Dragonite|Outrage|p2a: Alomomola\n|-damage|p2a: Alomomola|69\/100\n|move|p2a: Alomomola|Flip Turn|p1a: Dragonite\n|-resisted|p1a: Dragonite\n|-damage|p1a: Dragonite|20\/100 brn\n|\n|t:|1701084312\n|switch|p2a: Landorus|Landorus-Therian, M|39\/100|[from] Flip Turn\n|-ability|p2a: Landorus|Intimidate|boost\n|-unboost|p1a: Dragonite|atk|1\n|\n|-heal|p2a: Landorus|100\/100|[from] move: Wish|[wisher] Alomomola\n|-damage|p1a: Dragonite|14\/100 brn|[from] brn\n|upkeep\n|turn|22\n|\n|t:|1701084320\n|switch|p2a: Alomomola|Alomomola, M|100\/100\n|move|p1a: Dragonite|Outrage|p2a: Alomomola|[from]lockedmove\n|-damage|p2a: Alomomola|92\/100\n|-start|p1a: Dragonite|confusion|[fatigue]\n|\n|-damage|p1a: Dragonite|7\/100 brn|[from] brn\n|upkeep\n|turn|23\n|\n|t:|1701084328\n|-activate|p1a: Dragonite|confusion\n|move|p1a: Dragonite|Outrage|p2a: Alomomola\n|-damage|p2a: Alomomola|82\/100\n|move|p2a: Alomomola|Wish|p2a: Alomomola\n|\n|-damage|p1a: Dragonite|1\/100 brn|[from] brn\n|upkeep\n|turn|24\n|\n|t:|1701084332\n|-activate|p1a: Dragonite|confusion\n|-damage|p1a: Dragonite|0 fnt|[from] confusion\n|faint|p1a: Dragonite\n|move|p2a: Alomomola|Flip Turn|p1: Dragonite|[notarget]\n|-fail|p2a: Alomomola\n|\n|-heal|p2a: Alomomola|100\/100|[from] move: Wish|[wisher] Alomomola\n|upkeep\n|\n|t:|1701084345\n|switch|p1a: Garchomp|Garchomp, M|100\/100\n|-damage|p1a: Garchomp|94\/100|[from] Stealth Rock\n|turn|25\n|\n|t:|1701084349\n|move|p1a: Garchomp|Stealth Rock|p2a: Alomomola\n|-sidestart|p2: dhduissiska|move: Stealth Rock\n|move|p2a: Alomomola|Scald|p1a: Garchomp\n|-damage|p1a: Garchomp|78\/100\n|\n|upkeep\n|turn|26\n|\n|t:|1701084357\n|-terastallize|p1a: Garchomp|Dragon\n|move|p1a: Garchomp|Outrage|p2a: Alomomola\n|-damage|p2a: Alomomola|54\/100\n|move|p2a: Alomomola|Scald|p1a: Garchomp\n|-resisted|p1a: Garchomp\n|-damage|p1a: Garchomp|70\/100\n|\n|upkeep\n|turn|27\n|\n|t:|1701084367\n|move|p1a: Garchomp|Outrage|p2a: Alomomola|[from]lockedmove\n|-damage|p2a: Alomomola|7\/100\n|-start|p1a: Garchomp|confusion|[fatigue]\n|move|p2a: Alomomola|Wish|p2a: Alomomola\n|\n|upkeep\n|turn|28\n|\n|t:|1701084371\n|move|p2a: Alomomola|Protect|p2a: Alomomola\n|-singleturn|p2a: Alomomola|Protect\n|-activate|p1a: Garchomp|confusion\n|-damage|p1a: Garchomp|55\/100|[from] confusion\n|\n|-heal|p2a: Alomomola|57\/100|[from] move: Wish|[wisher] Alomomola\n|upkeep\n|turn|29\n|\n|t:|1701084376\n|-activate|p1a: Garchomp|confusion\n|-damage|p1a: Garchomp|41\/100|[from] confusion\n|move|p2a: Alomomola|Wish|p2a: Alomomola\n|\n|upkeep\n|turn|30\n|\n|t:|1701084381\n|move|p2a: Alomomola|Protect|p2a: Alomomola\n|-singleturn|p2a: Alomomola|Protect\n|-activate|p1a: Garchomp|confusion\n|move|p1a: Garchomp|Outrage|p2a: Alomomola\n|-activate|p2a: Alomomola|move: Protect\n|\n|-heal|p2a: Alomomola|100\/100|[from] move: Wish|[wisher] Alomomola\n|upkeep\n|turn|31\n|\n|t:|1701084389\n|switch|p1a: Dragapult|Dragapult, M, shiny|88\/100\n|-damage|p1a: Dragapult|76\/100|[from] Stealth Rock\n|move|p2a: Alomomola|Wish|p2a: Alomomola\n|\n|upkeep\n|turn|32\n|\n|t:|1701084396\n|move|p2a: Alomomola|Protect|p2a: Alomomola\n|-singleturn|p2a: Alomomola|Protect\n|move|p1a: Dragapult|Shadow Ball|p2a: Alomomola\n|-activate|p2a: Alomomola|move: Protect\n|\n|upkeep\n|turn|33\n|\n|t:|1701084404\n|switch|p2a: Kingambit|Kingambit, F|100\/100\n|-damage|p2a: Kingambit|94\/100|[from] Stealth Rock\n|-activate|p2a: Kingambit|ability: Supreme Overlord\n|-start|p2a: Kingambit|fallen2|[silent]\n|move|p1a: Dragapult|Shadow Ball|p2a: Kingambit\n|-resisted|p2a: Kingambit\n|-damage|p2a: Kingambit|71\/100\n|\n|-heal|p2a: Kingambit|77\/100|[from] item: Leftovers\n|upkeep\n|turn|34\n|\n|t:|1701084410\n|switch|p1a: Altaria|Altaria, F|100\/100\n|-damage|p1a: Altaria|76\/100|[from] Stealth Rock\n|move|p2a: Kingambit|Kowtow Cleave|p1a: Altaria\n|-damage|p1a: Altaria|27\/100\n|-enditem|p1a: Altaria|Sitrus Berry|[eat]\n|-heal|p1a: Altaria|52\/100|[from] item: Sitrus Berry\n|\n|-heal|p2a: Kingambit|83\/100|[from] item: Leftovers\n|upkeep\n|turn|35\n|\n|t:|1701084422\n|-end|p2a: Kingambit|fallen2|[silent]\n|switch|p2a: Gholdengo|Gholdengo, tera:Water|58\/100\n|-damage|p2a: Gholdengo|46\/100|[from] Stealth Rock\n|move|p1a: Altaria|Will-O-Wisp|p2a: Gholdengo\n|-immune|p2a: Gholdengo|[from] ability: Good as Gold\n|\n|upkeep\n|turn|36\n|\n|t:|1701084431\n|switch|p2a: Alomomola|Alomomola, M|100\/100\n|move|p1a: Altaria|Draco Meteor|p2a: Alomomola\n|-damage|p2a: Alomomola|65\/100\n|-unboost|p1a: Altaria|spa|2\n|\n|upkeep\n|turn|37\n|\n|t:|1701084438\n|move|p1a: Altaria|Draco Meteor|p2a: Alomomola\n|-damage|p2a: Alomomola|48\/100\n|-unboost|p1a: Altaria|spa|2\n|move|p2a: Alomomola|Wish|p2a: Alomomola\n|\n|upkeep\n|turn|38\n|\n|t:|1701084440\n|move|p1a: Altaria|Haze|p1a: Altaria\n|-clearallboost\n|move|p2a: Alomomola|Flip Turn|p1a: Altaria\n|-resisted|p1a: Altaria\n|-damage|p1a: Altaria|45\/100\n|\n|t:|1701084444\n|switch|p2a: Gholdengo|Gholdengo, tera:Water|46\/100|[from] Flip Turn\n|-damage|p2a: Gholdengo|34\/100|[from] Stealth Rock\n|\n|-heal|p2a: Gholdengo|97\/100|[from] move: Wish|[wisher] Alomomola\n|upkeep\n|turn|39\n|\n|t:|1701084448\n|move|p2a: Gholdengo|Recover|p2a: Gholdengo\n|-heal|p2a: Gholdengo|100\/100\n|move|p1a: Altaria|Draco Meteor|p2a: Gholdengo\n|-damage|p2a: Gholdengo|65\/100\n|-unboost|p1a: Altaria|spa|2\n|\n|upkeep\n|turn|40\n|\n|t:|1701084453\n|move|p2a: Gholdengo|Make It Rain|p1a: Altaria\n|-damage|p1a: Altaria|0 fnt\n|-unboost|p2a: Gholdengo|spa|1\n|faint|p1a: Altaria\n|\n|upkeep\n|\n|t:|1701084456\n|switch|p1a: Garchomp|Garchomp, M, tera:Dragon|41\/100\n|-damage|p1a: Garchomp|29\/100|[from] Stealth Rock\n|turn|41\n|\n|t:|1701084460\n|switch|p2a: Landorus|Landorus-Therian, M|100\/100\n|-damage|p2a: Landorus|88\/100|[from] Stealth Rock\n|-ability|p2a: Landorus|Intimidate|boost\n|-unboost|p1a: Garchomp|atk|1\n|move|p1a: Garchomp|Outrage|p2a: Landorus\n|-damage|p2a: Landorus|32\/100\n|\n|-heal|p2a: Landorus|38\/100|[from] item: Leftovers\n|upkeep\n|turn|42\n|\n|t:|1701084472\n|switch|p2a: Alomomola|Alomomola, M|81\/100\n|move|p1a: Garchomp|Outrage|p2a: Alomomola|[from]lockedmove\n|-damage|p2a: Alomomola|50\/100\n|\n|upkeep\n|turn|43\n|\n|t:|1701084477\n|move|p1a: Garchomp|Outrage|p2a: Alomomola|[from]lockedmove\n|-damage|p2a: Alomomola|20\/100\n|-start|p1a: Garchomp|confusion|[fatigue]\n|move|p2a: Alomomola|Wish|p2a: Alomomola\n|\n|upkeep\n|turn|44\n|\n|t:|1701084482\n|move|p2a: Alomomola|Protect|p2a: Alomomola\n|-singleturn|p2a: Alomomola|Protect\n|-activate|p1a: Garchomp|confusion\n|move|p1a: Garchomp|Outrage|p2a: Alomomola\n|-activate|p2a: Alomomola|move: Protect\n|\n|-heal|p2a: Alomomola|70\/100|[from] move: Wish|[wisher] Alomomola\n|upkeep\n|turn|45\n|\n|t:|1701084488\n|-activate|p1a: Garchomp|confusion\n|-damage|p1a: Garchomp|20\/100|[from] confusion\n|move|p2a: Alomomola|Wish|p2a: Alomomola\n|\n|upkeep\n|turn|46\n|inactive|ArsenalVGL has 120 seconds left.\n|inactive|ArsenalVGL has 90 seconds left.\n|inactive|ArsenalVGL has 60 seconds left.\n|inactive|ArsenalVGL has 30 seconds left.\n|inactive|ArsenalVGL has 20 seconds left.\n|inactive|ArsenalVGL has 15 seconds left.\n|inactive|ArsenalVGL has 10 seconds left.\n|inactive|ArsenalVGL has 5 seconds left.\n|-message|ArsenalVGL lost due to inactivity.\n|\n|win|dhduissiska\n|raw|ArsenalVGL's rating: 1069 &rarr; <strong>1046<\/strong><br \/>(-23 for losing)\n|raw|dhduissiska's rating: 1025 &rarr; <strong>1066<\/strong><br \/>(+41 for winning)\n","uploadtime":1701084654,"views":14,"p1id":"arsenalvgl","p2id":"dhduissiska","formatid":"gen9ou","rating":1046,"private":0,"password":""}