{"id":"gen9ou-1995851162","p1":"Rufurufusito","p2":"Sensei Milia","format":"[Gen 9] OU","log":"|j|\u2606Rufurufusito\n|j|\u2606Sensei Milia\n|t:|1700609612\n|gametype|singles\n|player|p1|Rufurufusito|cilan|1351\n|player|p2|Sensei Milia|swimmerf|1373\n|teamsize|p1|6\n|teamsize|p2|6\n|gen|9\n|tier|[Gen 9] OU\n|rated|\n|rule|Sleep Clause Mod: Limit one foe put to sleep\n|rule|Species Clause: Limit one of each Pok\u00e9mon\n|rule|OHKO Clause: OHKO moves are banned\n|rule|Evasion Items Clause: Evasion items are banned\n|rule|Evasion Moves Clause: Evasion moves are banned\n|rule|Endless Battle Clause: Forcing endless battles is banned\n|rule|HP Percentage Mod: HP is shown in percentages\n|clearpoke\n|poke|p1|Iron Moth|\n|poke|p1|Hoopa-Unbound|\n|poke|p1|Garchomp, F|\n|poke|p1|Rillaboom, F|\n|poke|p1|Great Tusk|\n|poke|p1|Crawdaunt, M|\n|poke|p2|Heatran, M|\n|poke|p2|Garganacl, M|\n|poke|p2|Ceruledge, M|\n|poke|p2|Clodsire, F|\n|poke|p2|Breloom, F|\n|poke|p2|Clefable, F|\n|teampreview\n|inactive|Battle timer is ON: inactive players will automatically lose when time's up. (requested by Rufurufusito)\n|\n|t:|1700609625\n|start\n|switch|p1a: Hoopa|Hoopa-Unbound|100\/100\n|switch|p2a: Heatran|Heatran, M, shiny|100\/100\n|-item|p2a: Heatran|Air Balloon\n|turn|1\n|\n|t:|1700609631\n|move|p1a: Hoopa|Dark Pulse|p2a: Heatran\n|-damage|p2a: Heatran|26\/100\n|-enditem|p2a: Heatran|Air Balloon\n|move|p2a: Heatran|Magma Storm|p1a: Hoopa|[miss]\n|-miss|p2a: Heatran|p1a: Hoopa\n|\n|upkeep\n|turn|2\n|\n|t:|1700609639\n|move|p1a: Hoopa|Dark Pulse|p2a: Heatran\n|-damage|p2a: Heatran|0 fnt\n|faint|p2a: Heatran\n|\n|upkeep\n|\n|t:|1700609642\n|switch|p2a: Breloom|Breloom, F|100\/100\n|turn|3\n|\n|t:|1700609647\n|switch|p1a: Rillaboom|Rillaboom, F|100\/100\n|-fieldstart|move: Grassy Terrain|[from] ability: Grassy Surge|[of] p1a: Rillaboom\n|move|p2a: Breloom|Bulk Up|p2a: Breloom\n|-boost|p2a: Breloom|atk|1\n|-boost|p2a: Breloom|def|1\n|\n|-status|p2a: Breloom|tox|[from] item: Toxic Orb\n|upkeep\n|turn|4\n|\n|t:|1700609656\n|move|p1a: Rillaboom|Hammer Arm|p2a: Breloom\n|-crit|p2a: Breloom\n|-damage|p2a: Breloom|31\/100 tox\n|-unboost|p1a: Rillaboom|spe|1\n|move|p2a: Breloom|Bulk Up|p2a: Breloom\n|-boost|p2a: Breloom|atk|1\n|-boost|p2a: Breloom|def|1\n|\n|-heal|p2a: Breloom|37\/100 tox|[from] Grassy Terrain\n|-heal|p2a: Breloom|49\/100 tox|[from] ability: Poison Heal\n|upkeep\n|turn|5\n|\n|t:|1700609669\n|switch|p1a: Iron Moth|Iron Moth|100\/100\n|move|p2a: Breloom|Drain Punch|p1a: Iron Moth\n|-resisted|p1a: Iron Moth\n|-damage|p1a: Iron Moth|49\/100\n|-heal|p2a: Breloom|73\/100 tox|[from] drain|[of] p1a: Iron Moth\n|\n|-heal|p1a: Iron Moth|55\/100|[from] Grassy Terrain\n|-heal|p2a: Breloom|80\/100 tox|[from] Grassy Terrain\n|-heal|p2a: Breloom|92\/100 tox|[from] ability: Poison Heal\n|upkeep\n|turn|6\n|\n|t:|1700609680\n|switch|p2a: Ceruledge|Ceruledge, M|100\/100\n|move|p1a: Iron Moth|Fiery Dance|p2a: Ceruledge\n|-resisted|p2a: Ceruledge\n|-crit|p2a: Ceruledge\n|-damage|p2a: Ceruledge|68\/100\n|-boost|p1a: Iron Moth|spa|1\n|\n|-heal|p1a: Iron Moth|61\/100|[from] Grassy Terrain\n|-heal|p2a: Ceruledge|75\/100|[from] Grassy Terrain\n|upkeep\n|turn|7\n|\n|t:|1700609691\n|move|p1a: Iron Moth|Fiery Dance|p2a: Ceruledge\n|-resisted|p2a: Ceruledge\n|-damage|p2a: Ceruledge|44\/100\n|-boost|p1a: Iron Moth|spa|1\n|move|p2a: Ceruledge|Swords Dance|p2a: Ceruledge\n|-boost|p2a: Ceruledge|atk|2\n|\n|-heal|p1a: Iron Moth|67\/100|[from] Grassy Terrain\n|-heal|p2a: Ceruledge|50\/100|[from] Grassy Terrain\n|-fieldend|move: Grassy Terrain\n|upkeep\n|turn|8\n|\n|t:|1700609696\n|move|p1a: Iron Moth|Fiery Dance|p2a: Ceruledge\n|-resisted|p2a: Ceruledge\n|-damage|p2a: Ceruledge|5\/100\n|-boost|p1a: Iron Moth|spa|1\n|move|p2a: Ceruledge|Bitter Blade|p1a: Iron Moth\n|-resisted|p1a: Iron Moth\n|-damage|p1a: Iron Moth|4\/100\n|-heal|p2a: Ceruledge|32\/100|[from] drain|[of] p1a: Iron Moth\n|\n|upkeep\n|turn|9\n|\n|t:|1700609705\n|move|p2a: Ceruledge|Shadow Sneak|p1a: Iron Moth\n|-damage|p1a: Iron Moth|0 fnt\n|faint|p1a: Iron Moth\n|-end|p1a: Iron Moth|Quark Drive|[silent]\n|\n|upkeep\n|\n|t:|1700609708\n|switch|p1a: Crawdaunt|Crawdaunt, M|100\/100\n|turn|10\n|\n|t:|1700609716\n|move|p1a: Crawdaunt|Aqua Jet|p2a: Ceruledge\n|-supereffective|p2a: Ceruledge\n|-damage|p2a: Ceruledge|0 fnt\n|faint|p2a: Ceruledge\n|\n|upkeep\n|\n|t:|1700609720\n|switch|p2a: Breloom|Breloom, F|92\/100 tox\n|turn|11\n|\n|t:|1700609734\n|move|p1a: Crawdaunt|Dragon Dance|p1a: Crawdaunt\n|-boost|p1a: Crawdaunt|atk|1\n|-boost|p1a: Crawdaunt|spe|1\n|move|p2a: Breloom|Bulk Up|p2a: Breloom\n|-boost|p2a: Breloom|atk|1\n|-boost|p2a: Breloom|def|1\n|\n|-heal|p2a: Breloom|100\/100 tox|[from] ability: Poison Heal\n|upkeep\n|turn|12\n|\n|t:|1700609745\n|move|p1a: Crawdaunt|Knock Off|p2a: Breloom\n|-resisted|p2a: Breloom\n|-damage|p2a: Breloom|58\/100 tox\n|-enditem|p2a: Breloom|Toxic Orb|[from] move: Knock Off|[of] p1a: Crawdaunt\n|move|p2a: Breloom|Spore|p1a: Crawdaunt\n|-status|p1a: Crawdaunt|slp|[from] move: Spore\n|\n|-heal|p2a: Breloom|71\/100 tox|[from] ability: Poison Heal\n|upkeep\n|turn|13\n|\n|t:|1700609756\n|switch|p1a: Garchomp|Garchomp, F|100\/100\n|move|p2a: Breloom|Bulk Up|p2a: Breloom\n|-boost|p2a: Breloom|atk|1\n|-boost|p2a: Breloom|def|1\n|\n|-heal|p2a: Breloom|83\/100 tox|[from] ability: Poison Heal\n|upkeep\n|turn|14\n|\n|t:|1700609763\n|move|p2a: Breloom|Bulk Up|p2a: Breloom\n|-boost|p2a: Breloom|atk|1\n|-boost|p2a: Breloom|def|1\n|move|p1a: Garchomp|Dragon Tail|p2a: Breloom\n|-damage|p2a: Breloom|69\/100 tox\n|drag|p2a: Clodsire|Clodsire, F|100\/100\n|\n|upkeep\n|turn|15\n|\n|t:|1700609770\n|switch|p1a: Crawdaunt|Crawdaunt, M|100\/100 slp\n|move|p2a: Clodsire|Toxic||[still]\n|-fail|p2a: Clodsire\n|\n|upkeep\n|turn|16\n|\n|t:|1700609777\n|cant|p1a: Crawdaunt|slp\n|move|p2a: Clodsire|Stealth Rock|p1a: Crawdaunt\n|-sidestart|p1: Rufurufusito|move: Stealth Rock\n|\n|upkeep\n|turn|17\n|\n|t:|1700609783\n|switch|p2a: Breloom|Breloom, F|69\/100 tox\n|cant|p1a: Crawdaunt|slp\n|\n|-heal|p2a: Breloom|81\/100 tox|[from] ability: Poison Heal\n|upkeep\n|turn|18\n|\n|t:|1700609789\n|switch|p1a: Great Tusk|Great Tusk|100\/100\n|-damage|p1a: Great Tusk|98\/100|[from] Stealth Rock\n|move|p2a: Breloom|Drain Punch|p1a: Great Tusk\n|-damage|p1a: Great Tusk|79\/100\n|-heal|p2a: Breloom|94\/100 tox|[from] drain|[of] p1a: Great Tusk\n|\n|-heal|p1a: Great Tusk|85\/100|[from] item: Leftovers\n|-heal|p2a: Breloom|100\/100 tox|[from] ability: Poison Heal\n|upkeep\n|turn|19\n|\n|t:|1700609799\n|move|p1a: Great Tusk|Bulk Up|p1a: Great Tusk\n|-boost|p1a: Great Tusk|atk|1\n|-boost|p1a: Great Tusk|def|1\n|move|p2a: Breloom|Bulk Up|p2a: Breloom\n|-boost|p2a: Breloom|atk|1\n|-boost|p2a: Breloom|def|1\n|\n|-heal|p1a: Great Tusk|91\/100|[from] item: Leftovers\n|upkeep\n|turn|20\n|\n|t:|1700609809\n|move|p1a: Great Tusk|Ice Spinner|p2a: Breloom\n|-supereffective|p2a: Breloom\n|-damage|p2a: Breloom|37\/100 tox\n|move|p2a: Breloom|Bulk Up|p2a: Breloom\n|-boost|p2a: Breloom|atk|1\n|-boost|p2a: Breloom|def|1\n|\n|-heal|p1a: Great Tusk|98\/100|[from] item: Leftovers\n|-heal|p2a: Breloom|49\/100 tox|[from] ability: Poison Heal\n|upkeep\n|turn|21\n|\n|t:|1700609815\n|move|p1a: Great Tusk|Ice Spinner|p2a: Breloom\n|-supereffective|p2a: Breloom\n|-damage|p2a: Breloom|2\/100 tox\n|move|p2a: Breloom|Drain Punch|p1a: Great Tusk\n|-crit|p1a: Great Tusk\n|-damage|p1a: Great Tusk|35\/100\n|-heal|p2a: Breloom|44\/100 tox|[from] drain|[of] p1a: Great Tusk\n|\n|-heal|p1a: Great Tusk|42\/100|[from] item: Leftovers\n|-heal|p2a: Breloom|56\/100 tox|[from] ability: Poison Heal\n|upkeep\n|turn|22\n|\n|t:|1700609833\n|move|p1a: Great Tusk|Bulk Up|p1a: Great Tusk\n|-boost|p1a: Great Tusk|atk|1\n|-boost|p1a: Great Tusk|def|1\n|move|p2a: Breloom|Drain Punch|p1a: Great Tusk\n|-damage|p1a: Great Tusk|20\/100\n|-heal|p2a: Breloom|71\/100 tox|[from] drain|[of] p1a: Great Tusk\n|\n|-heal|p1a: Great Tusk|26\/100|[from] item: Leftovers\n|-heal|p2a: Breloom|83\/100 tox|[from] ability: Poison Heal\n|upkeep\n|turn|23\n|\n|t:|1700609848\n|move|p1a: Great Tusk|Ice Spinner|p2a: Breloom\n|-supereffective|p2a: Breloom\n|-damage|p2a: Breloom|21\/100 tox\n|move|p2a: Breloom|Drain Punch|p1a: Great Tusk\n|-damage|p1a: Great Tusk|7\/100\n|-heal|p2a: Breloom|34\/100 tox|[from] drain|[of] p1a: Great Tusk\n|\n|-heal|p1a: Great Tusk|14\/100|[from] item: Leftovers\n|-heal|p2a: Breloom|46\/100 tox|[from] ability: Poison Heal\n|upkeep\n|turn|24\n|\n|t:|1700609855\n|move|p1a: Great Tusk|Ice Spinner|p2a: Breloom\n|-supereffective|p2a: Breloom\n|-damage|p2a: Breloom|0 fnt\n|faint|p2a: Breloom\n|\n|-heal|p1a: Great Tusk|20\/100|[from] item: Leftovers\n|upkeep\n|\n|t:|1700609861\n|switch|p2a: Clodsire|Clodsire, F|100\/100\n|turn|25\n|\n|t:|1700609866\n|move|p1a: Great Tusk|Earthquake|p2a: Clodsire\n|-supereffective|p2a: Clodsire\n|-damage|p2a: Clodsire|11\/100\n|move|p2a: Clodsire|Toxic|p1a: Great Tusk\n|-status|p1a: Great Tusk|tox\n|\n|-heal|p1a: Great Tusk|26\/100 tox|[from] item: Leftovers\n|-heal|p2a: Clodsire|18\/100|[from] item: Leftovers\n|-damage|p1a: Great Tusk|20\/100 tox|[from] psn\n|upkeep\n|turn|26\n|\n|t:|1700609873\n|move|p2a: Clodsire|Protect|p2a: Clodsire\n|-singleturn|p2a: Clodsire|Protect\n|move|p1a: Great Tusk|Bulk Up|p1a: Great Tusk\n|-boost|p1a: Great Tusk|atk|1\n|-boost|p1a: Great Tusk|def|1\n|\n|-heal|p1a: Great Tusk|26\/100 tox|[from] item: Leftovers\n|-heal|p2a: Clodsire|24\/100|[from] item: Leftovers\n|-damage|p1a: Great Tusk|14\/100 tox|[from] psn\n|upkeep\n|turn|27\n|\n|t:|1700609882\n|move|p1a: Great Tusk|Earthquake|p2a: Clodsire\n|-supereffective|p2a: Clodsire\n|-damage|p2a: Clodsire|0 fnt\n|faint|p2a: Clodsire\n|\n|-heal|p1a: Great Tusk|20\/100 tox|[from] item: Leftovers\n|-damage|p1a: Great Tusk|1\/100 tox|[from] psn\n|upkeep\n|\n|t:|1700609890\n|switch|p2a: Clefable|Clefable, F|100\/100\n|turn|28\n|\n|t:|1700609900\n|move|p1a: Great Tusk|Earthquake|p2a: Clefable\n|-damage|p2a: Clefable|0 fnt\n|faint|p2a: Clefable\n|\n|-heal|p1a: Great Tusk|7\/100 tox|[from] item: Leftovers\n|-damage|p1a: Great Tusk|0 fnt|[from] psn\n|faint|p1a: Great Tusk\n|-end|p1a: Great Tusk|Protosynthesis|[silent]\n|upkeep\n|\n|t:|1700609912\n|switch|p1a: Garchomp|Garchomp, F|100\/100\n|switch|p2a: Garganacl|Garganacl, M, shiny|100\/100\n|-damage|p1a: Garchomp|94\/100|[from] Stealth Rock\n|turn|29\n|\n|t:|1700609925\n|switch|p1a: Rillaboom|Rillaboom, F|100\/100\n|-damage|p1a: Rillaboom|88\/100|[from] Stealth Rock\n|-fieldstart|move: Grassy Terrain|[from] ability: Grassy Surge|[of] p1a: Rillaboom\n|-terastallize|p2a: Garganacl|Water\n|move|p2a: Garganacl|Iron Defense|p2a: Garganacl\n|-boost|p2a: Garganacl|def|2\n|\n|-heal|p1a: Rillaboom|94\/100|[from] Grassy Terrain\n|-heal|p1a: Rillaboom|100\/100|[from] item: Leftovers\n|upkeep\n|turn|30\n|\n|t:|1700609931\n|move|p1a: Rillaboom|Knock Off|p2a: Garganacl\n|-damage|p2a: Garganacl|89\/100\n|-enditem|p2a: Garganacl|Leftovers|[from] move: Knock Off|[of] p1a: Rillaboom\n|move|p2a: Garganacl|Iron Defense|p2a: Garganacl\n|-boost|p2a: Garganacl|def|2\n|\n|-heal|p2a: Garganacl|95\/100|[from] Grassy Terrain\n|upkeep\n|turn|31\n|\n|t:|1700609937\n|move|p1a: Rillaboom|Grassy Glide|p2a: Garganacl\n|-supereffective|p2a: Garganacl\n|-damage|p2a: Garganacl|78\/100\n|move|p2a: Garganacl|Iron Defense|p2a: Garganacl\n|-boost|p2a: Garganacl|def|2\n|\n|-heal|p2a: Garganacl|85\/100|[from] Grassy Terrain\n|upkeep\n|turn|32\n|\n|t:|1700609949\n|move|p1a: Rillaboom|Grassy Glide|p2a: Garganacl\n|-supereffective|p2a: Garganacl\n|-damage|p2a: Garganacl|70\/100\n|move|p2a: Garganacl|Body Press|p1a: Rillaboom\n|-damage|p1a: Rillaboom|3\/100\n|\n|-heal|p1a: Rillaboom|9\/100|[from] Grassy Terrain\n|-heal|p1a: Rillaboom|15\/100|[from] item: Leftovers\n|-heal|p2a: Garganacl|76\/100|[from] Grassy Terrain\n|upkeep\n|turn|33\n|\n|t:|1700609959\n|move|p1a: Rillaboom|Protect|p1a: Rillaboom\n|-singleturn|p1a: Rillaboom|Protect\n|move|p2a: Garganacl|Recover|p2a: Garganacl\n|-heal|p2a: Garganacl|100\/100\n|\n|-heal|p1a: Rillaboom|22\/100|[from] Grassy Terrain\n|-heal|p1a: Rillaboom|28\/100|[from] item: Leftovers\n|-fieldend|move: Grassy Terrain\n|upkeep\n|turn|34\n|\n|t:|1700609967\n|switch|p1a: Garchomp|Garchomp, F|94\/100\n|-damage|p1a: Garchomp|88\/100|[from] Stealth Rock\n|move|p2a: Garganacl|Body Press|p1a: Garchomp\n|-damage|p1a: Garchomp|34\/100\n|-damage|p2a: Garganacl|88\/100|[from] ability: Rough Skin|[of] p1a: Garchomp\n|-damage|p2a: Garganacl|72\/100|[from] item: Rocky Helmet|[of] p1a: Garchomp\n|\n|upkeep\n|turn|35\n|\n|t:|1700609979\n|move|p1a: Garchomp|Earthquake|p2a: Garganacl\n|-damage|p2a: Garganacl|64\/100\n|move|p2a: Garganacl|Recover|p2a: Garganacl\n|-heal|p2a: Garganacl|100\/100\n|\n|upkeep\n|turn|36\n|inactive|Rufurufusito has 120 seconds left.\n|\n|t:|1700610025\n|move|p1a: Garchomp|Earthquake|p2a: Garganacl\n|-damage|p2a: Garganacl|93\/100\n|move|p2a: Garganacl|Salt Cure|p1a: Garchomp\n|-resisted|p1a: Garchomp\n|-damage|p1a: Garchomp|30\/100\n|-start|p1a: Garchomp|Salt Cure\n|\n|-damage|p1a: Garchomp|18\/100|[from] Salt Cure\n|upkeep\n|turn|37\n|\n|t:|1700610035\n|move|p1a: Garchomp|Earthquake|p2a: Garganacl\n|-damage|p2a: Garganacl|85\/100\n|move|p2a: Garganacl|Salt Cure|p1a: Garchomp\n|-resisted|p1a: Garchomp\n|-damage|p1a: Garchomp|13\/100\n|\n|-damage|p1a: Garchomp|1\/100|[from] Salt Cure\n|upkeep\n|turn|38\n|inactive|Rufurufusito has 120 seconds left.\n|\n|t:|1700610042\n|move|p1a: Garchomp|Earthquake|p2a: Garganacl\n|-damage|p2a: Garganacl|77\/100\n|move|p2a: Garganacl|Recover|p2a: Garganacl\n|-heal|p2a: Garganacl|100\/100\n|\n|-damage|p1a: Garchomp|0 fnt|[from] Salt Cure\n|faint|p1a: Garchomp\n|upkeep\n|inactive|Rufurufusito has 120 seconds left.\n|\n|t:|1700610064\n|switch|p1a: Hoopa|Hoopa-Unbound|100\/100\n|-damage|p1a: Hoopa|88\/100|[from] Stealth Rock\n|turn|39\n|\n|t:|1700610068\n|move|p1a: Hoopa|Thunderbolt|p2a: Garganacl\n|-supereffective|p2a: Garganacl\n|-damage|p2a: Garganacl|16\/100\n|move|p2a: Garganacl|Body Press|p1a: Hoopa\n|-damage|p1a: Hoopa|0 fnt\n|faint|p1a: Hoopa\n|\n|upkeep\n|\n|t:|1700610073\n|switch|p1a: Rillaboom|Rillaboom, F|28\/100\n|-damage|p1a: Rillaboom|15\/100|[from] Stealth Rock\n|-fieldstart|move: Grassy Terrain|[from] ability: Grassy Surge|[of] p1a: Rillaboom\n|turn|40\n|\n|t:|1700610079\n|move|p1a: Rillaboom|Grassy Glide|p2a: Garganacl\n|-supereffective|p2a: Garganacl\n|-damage|p2a: Garganacl|2\/100\n|move|p2a: Garganacl|Recover|p2a: Garganacl\n|-heal|p2a: Garganacl|52\/100\n|\n|-heal|p1a: Rillaboom|22\/100|[from] Grassy Terrain\n|-heal|p1a: Rillaboom|28\/100|[from] item: Leftovers\n|-heal|p2a: Garganacl|59\/100|[from] Grassy Terrain\n|upkeep\n|turn|41\n|\n|t:|1700610088\n|move|p1a: Rillaboom|Grassy Glide|p2a: Garganacl\n|-supereffective|p2a: Garganacl\n|-damage|p2a: Garganacl|44\/100\n|move|p2a: Garganacl|Recover|p2a: Garganacl\n|-heal|p2a: Garganacl|94\/100\n|\n|-heal|p1a: Rillaboom|34\/100|[from] Grassy Terrain\n|-heal|p1a: Rillaboom|40\/100|[from] item: Leftovers\n|-heal|p2a: Garganacl|99\/100|[from] Grassy Terrain\n|upkeep\n|turn|42\n|-message|Rufurufusito forfeited.\n|\n|win|Sensei Milia\n|raw|Rufurufusito's rating: 1351 &rarr; <strong>1332<\/strong><br \/>(-19 for losing)\n|raw|Sensei Milia's rating: 1373 &rarr; <strong>1392<\/strong><br \/>(+19 for winning)\n|l|\u2606Rufurufusito\n","uploadtime":1700610104,"views":8,"p1id":"rufurufusito","p2id":"senseimilia","formatid":"gen9ou","rating":1332,"private":0,"password":""}