{"id":"gen9ou-1997254130","p1":"NotAPersonHere","p2":"tinkatooni","format":"[Gen 9] OU","log":"|j|\u2606NotAPersonHere\n|j|\u2606tinkatooni\n|t:|1700780883\n|gametype|singles\n|player|p1|NotAPersonHere|youngster-gen4dp|1000\n|player|p2|tinkatooni|265|1060\n|teamsize|p1|6\n|teamsize|p2|6\n|gen|9\n|tier|[Gen 9] OU\n|rated|\n|rule|Sleep Clause Mod: Limit one foe put to sleep\n|rule|Species Clause: Limit one of each Pok\u00e9mon\n|rule|OHKO Clause: OHKO moves are banned\n|rule|Evasion Items Clause: Evasion items are banned\n|rule|Evasion Moves Clause: Evasion moves are banned\n|rule|Endless Battle Clause: Forcing endless battles is banned\n|rule|HP Percentage Mod: HP is shown in percentages\n|clearpoke\n|poke|p1|Dragonite, M|\n|poke|p1|Ceruledge, F|\n|poke|p1|Alomomola, F|\n|poke|p1|Great Tusk|\n|poke|p1|Iron Valiant|\n|poke|p1|Slowking-Galar, M|\n|poke|p2|Grafaiai, M|\n|poke|p2|Donphan, L10, F|\n|poke|p2|Tornadus-Therian, M|\n|poke|p2|Grimmsnarl, M|\n|poke|p2|Noivern, F|\n|poke|p2|Toxapex, F|\n|teampreview\n|\n|t:|1700780897\n|start\n|switch|p1a: Dragonite|Dragonite, M, shiny|100\/100\n|switch|p2a: Toxapex|Toxapex, F|100\/100\n|turn|1\n|\n|t:|1700780941\n|switch|p1a: Great Tusk|Great Tusk, shiny|100\/100\n|move|p2a: Toxapex|Ice Beam|p1a: Great Tusk\n|-supereffective|p1a: Great Tusk\n|-damage|p1a: Great Tusk|44\/100\n|\n|upkeep\n|turn|2\n|\n|t:|1700780957\n|-end|p1a: Great Tusk|Protosynthesis|[silent]\n|switch|p1a: Alomomola|Alomomola, F, shiny|100\/100\n|move|p2a: Toxapex|Ice Beam|p1a: Alomomola\n|-resisted|p1a: Alomomola\n|-damage|p1a: Alomomola|89\/100\n|-enditem|p1a: Alomomola|Red Card|[of] p2a: Toxapex\n|drag|p2a: Grimmsnarl|Grimmsnarl, M|100\/100\n|\n|upkeep\n|turn|3\n|\n|t:|1700780981\n|move|p1a: Alomomola|Protect|p1a: Alomomola\n|-singleturn|p1a: Alomomola|Protect\n|move|p2a: Grimmsnarl|Fake Out|p1a: Alomomola\n|-activate|p1a: Alomomola|move: Protect\n|\n|upkeep\n|turn|4\n|\n|t:|1700780992\n|switch|p1a: Slowking|Slowking-Galar, M, shiny|100\/100\n|move|p2a: Grimmsnarl|Parting Shot|p1a: Slowking\n|-unboost|p1a: Slowking|atk|1\n|-unboost|p1a: Slowking|spa|1\n|\n|t:|1700780996\n|switch|p2a: Grafaiai|Grafaiai, M|100\/100|[from] Parting Shot\n|\n|upkeep\n|turn|5\n|\n|t:|1700781007\n|move|p2a: Grafaiai|Parting Shot|p1a: Slowking\n|-unboost|p1a: Slowking|atk|1\n|-unboost|p1a: Slowking|spa|1\n|\n|t:|1700781018\n|switch|p2a: Tornadus|Tornadus-Therian, M|100\/100|[from] Parting Shot\n|move|p1a: Slowking|Brick Break|p2a: Tornadus\n|-resisted|p2a: Tornadus\n|-damage|p2a: Tornadus|95\/100\n|\n|-heal|p2a: Tornadus|100\/100|[from] item: Leftovers\n|upkeep\n|turn|6\n|\n|t:|1700781035\n|move|p2a: Tornadus|Tailwind|p2a: Tornadus\n|-sidestart|p2: tinkatooni|move: Tailwind\n|move|p1a: Slowking|Blizzard|p2a: Tornadus\n|-supereffective|p2a: Tornadus\n|-damage|p2a: Tornadus|68\/100\n|-status|p2a: Tornadus|frz\n|\n|-heal|p2a: Tornadus|74\/100 frz|[from] item: Leftovers\n|upkeep\n|turn|7\n|\n|t:|1700781062\n|switch|p1a: Dragonite|Dragonite, M, shiny|100\/100\n|cant|p2a: Tornadus|frz\n|\n|-heal|p2a: Tornadus|80\/100 frz|[from] item: Leftovers\n|upkeep\n|turn|8\n|\n|t:|1700781070\n|cant|p2a: Tornadus|frz\n|move|p1a: Dragonite|Chilling Water|p2a: Tornadus\n|-damage|p2a: Tornadus|66\/100 frz\n|-unboost|p2a: Tornadus|atk|1\n|\n|-heal|p2a: Tornadus|72\/100 frz|[from] item: Leftovers\n|upkeep\n|turn|9\n|\n|t:|1700781079\n|-curestatus|p2a: Tornadus|frz|[msg]\n|move|p2a: Tornadus|Hyper Beam|p1a: Dragonite\n|-damage|p1a: Dragonite|62\/100\n|-mustrecharge|p2a: Tornadus\n|move|p1a: Dragonite|Thunder|p2a: Tornadus\n|-supereffective|p2a: Tornadus\n|-damage|p2a: Tornadus|12\/100\n|\n|-heal|p2a: Tornadus|18\/100|[from] item: Leftovers\n|-sideend|p2: tinkatooni|move: Tailwind\n|upkeep\n|turn|10\n|\n|t:|1700781091\n|move|p1a: Dragonite|Blizzard|p2a: Tornadus\n|-supereffective|p2a: Tornadus\n|-damage|p2a: Tornadus|0 fnt\n|faint|p2a: Tornadus\n|\n|upkeep\n|\n|t:|1700781107\n|switch|p2a: Grimmsnarl|Grimmsnarl, M|100\/100\n|turn|11\n|\n|t:|1700781120\n|switch|p1a: Slowking|Slowking-Galar, M, shiny|100\/100\n|move|p2a: Grimmsnarl|Fake Out|p1a: Slowking\n|-damage|p1a: Slowking|85\/100\n|\n|upkeep\n|turn|12\n|\n|t:|1700781139\n|switch|p1a: Ceruledge|Ceruledge, F, shiny|100\/100\n|move|p2a: Grimmsnarl|Parting Shot|p1a: Ceruledge\n|-unboost|p1a: Ceruledge|atk|1\n|-unboost|p1a: Ceruledge|spa|1\n|\n|t:|1700781148\n|switch|p2a: Toxapex|Toxapex, F|100\/100|[from] Parting Shot\n|\n|upkeep\n|turn|13\n|\n|t:|1700781154\n|switch|p1a: Dragonite|Dragonite, M, shiny|62\/100\n|move|p2a: Toxapex|Toxic Spikes|p1a: Dragonite\n|-sidestart|p1: NotAPersonHere|move: Toxic Spikes\n|\n|upkeep\n|turn|14\n|\n|t:|1700781160\n|move|p1a: Dragonite|Thunder|p2a: Toxapex\n|-supereffective|p2a: Toxapex\n|-damage|p2a: Toxapex|44\/100\n|move|p2a: Toxapex|Ice Beam|p1a: Dragonite\n|-supereffective|p1a: Dragonite\n|-damage|p1a: Dragonite|4\/100\n|\n|-heal|p2a: Toxapex|50\/100|[from] item: Leftovers\n|upkeep\n|turn|15\n|\n|t:|1700781169\n|move|p2a: Toxapex|Baneful Bunker|p2a: Toxapex\n|-singleturn|p2a: Toxapex|move: Protect\n|move|p1a: Dragonite|Thunder|p2a: Toxapex\n|-activate|p2a: Toxapex|move: Protect\n|\n|-heal|p2a: Toxapex|56\/100|[from] item: Leftovers\n|upkeep\n|turn|16\n|\n|t:|1700781179\n|switch|p2a: Donphan|Donphan, L10, F|100\/100\n|move|p1a: Dragonite|Thunder|p2a: Donphan\n|-immune|p2a: Donphan\n|\n|upkeep\n|turn|17\n|\n|t:|1700781188\n|switch|p2a: Grimmsnarl|Grimmsnarl, M|100\/100\n|move|p1a: Dragonite|Draco Meteor|p2a: Grimmsnarl\n|-immune|p2a: Grimmsnarl\n|\n|upkeep\n|turn|18\n|\n|t:|1700781205\n|move|p2a: Grimmsnarl|Fake Out|p1a: Dragonite\n|-damage|p1a: Dragonite|0 fnt\n|faint|p1a: Dragonite\n|\n|upkeep\n|\n|t:|1700781212\n|switch|p1a: Slowking|Slowking-Galar, M, shiny|85\/100\n|-sideend|p1: NotAPersonHere|move: Toxic Spikes|[of] p1a: Slowking\n|turn|19\n|\n|t:|1700781222\n|move|p2a: Grimmsnarl|Parting Shot|p1a: Slowking\n|-unboost|p1a: Slowking|atk|1\n|-unboost|p1a: Slowking|spa|1\n|\n|t:|1700781226\n|switch|p2a: Grafaiai|Grafaiai, M|100\/100|[from] Parting Shot\n|move|p1a: Slowking|Brick Break|p2a: Grafaiai\n|-damage|p2a: Grafaiai|82\/100\n|\n|upkeep\n|turn|20\n|\n|t:|1700781238\n|switch|p1a: Alomomola|Alomomola, F, shiny|89\/100\n|move|p2a: Grafaiai|Parting Shot|p1a: Alomomola\n|-unboost|p1a: Alomomola|atk|1\n|-unboost|p1a: Alomomola|spa|1\n|\n|t:|1700781246\n|switch|p2a: Donphan|Donphan, L10, F|100\/100|[from] Parting Shot\n|\n|upkeep\n|turn|21\n|\n|t:|1700781256\n|move|p1a: Alomomola|Wish|p1a: Alomomola\n|move|p2a: Donphan|Endeavor|p1a: Alomomola\n|-damage|p1a: Alomomola|8\/100\n|\n|upkeep\n|turn|22\n|\n|t:|1700781261\n|move|p1a: Alomomola|Flip Turn|p2a: Donphan\n|-supereffective|p2a: Donphan\n|-ability|p2a: Donphan|Sturdy\n|-damage|p2a: Donphan|3\/100\n|\n|t:|1700781274\n|switch|p1a: Iron Valiant|Iron Valiant|100\/100|[from] Flip Turn\n|move|p2a: Donphan|Stealth Rock|p1a: Iron Valiant\n|-sidestart|p1: NotAPersonHere|move: Stealth Rock\n|\n|upkeep\n|turn|23\n|\n|t:|1700781288\n|move|p1a: Iron Valiant|Close Combat|p2a: Donphan\n|-crit|p2a: Donphan\n|-damage|p2a: Donphan|0 fnt\n|-unboost|p1a: Iron Valiant|def|1\n|-unboost|p1a: Iron Valiant|spd|1\n|faint|p2a: Donphan\n|\n|upkeep\n|\n|t:|1700781293\n|switch|p2a: Toxapex|Toxapex, F|89\/100\n|turn|24\n|\n|t:|1700781308\n|-end|p1a: Iron Valiant|Quark Drive|[silent]\n|switch|p1a: Ceruledge|Ceruledge, F, shiny|100\/100\n|-damage|p1a: Ceruledge|76\/100|[from] Stealth Rock\n|move|p2a: Toxapex|Baneful Bunker||[still]\n|-fail|p2a: Toxapex\n|\n|-heal|p2a: Toxapex|95\/100|[from] item: Leftovers\n|upkeep\n|turn|25\n|\n|t:|1700781323\n|move|p1a: Ceruledge|Shadow Sneak|p2a: Toxapex\n|-damage|p2a: Toxapex|80\/100\n|move|p2a: Toxapex|Toxic Spikes|p1a: Ceruledge\n|-sidestart|p1: NotAPersonHere|move: Toxic Spikes\n|\n|-heal|p2a: Toxapex|86\/100|[from] item: Leftovers\n|upkeep\n|turn|26\n|\n|t:|1700781331\n|switch|p1a: Slowking|Slowking-Galar, M, shiny|85\/100\n|-damage|p1a: Slowking|72\/100|[from] Stealth Rock\n|-sideend|p1: NotAPersonHere|move: Toxic Spikes|[of] p1a: Slowking\n|move|p2a: Toxapex|Toxic Spikes|p1a: Slowking\n|-sidestart|p1: NotAPersonHere|move: Toxic Spikes\n|\n|-heal|p2a: Toxapex|92\/100|[from] item: Leftovers\n|upkeep\n|turn|27\n|\n|t:|1700781341\n|move|p2a: Toxapex|Toxic Spikes|p1a: Slowking\n|-sidestart|p1: NotAPersonHere|move: Toxic Spikes\n|move|p1a: Slowking|Avalanche|p2a: Toxapex\n|-resisted|p2a: Toxapex\n|-damage|p2a: Toxapex|86\/100\n|\n|-heal|p2a: Toxapex|92\/100|[from] item: Leftovers\n|upkeep\n|turn|28\n|\n|t:|1700781358\n|switch|p2a: Grimmsnarl|Grimmsnarl, M|100\/100\n|switch|p1a: Great Tusk|Great Tusk, shiny|44\/100\n|-damage|p1a: Great Tusk|41\/100|[from] Stealth Rock\n|-status|p1a: Great Tusk|tox\n|\n|-damage|p1a: Great Tusk|35\/100 tox|[from] psn\n|upkeep\n|turn|29\n|\n|t:|1700781371\n|move|p1a: Great Tusk|Knock Off|p2a: Grimmsnarl\n|-resisted|p2a: Grimmsnarl\n|-damage|p2a: Grimmsnarl|90\/100\n|-enditem|p2a: Grimmsnarl|Leftovers|[from] move: Knock Off|[of] p1a: Great Tusk\n|move|p2a: Grimmsnarl|Draining Kiss|p1a: Great Tusk\n|-supereffective|p1a: Great Tusk\n|-damage|p1a: Great Tusk|0 fnt\n|-heal|p2a: Grimmsnarl|100\/100|[from] drain|[of] p1a: Great Tusk\n|-damage|p2a: Grimmsnarl|84\/100|[from] item: Rocky Helmet|[of] p1a: Great Tusk\n|faint|p1a: Great Tusk\n|-end|p1a: Great Tusk|Protosynthesis|[silent]\n|\n|upkeep\n|\n|t:|1700781382\n|switch|p1a: Iron Valiant|Iron Valiant|100\/100\n|-damage|p1a: Iron Valiant|94\/100|[from] Stealth Rock\n|-status|p1a: Iron Valiant|tox\n|turn|30\n|\n|t:|1700781391\n|-terastallize|p1a: Iron Valiant|Fairy\n|move|p2a: Grimmsnarl|Parting Shot|p1a: Iron Valiant\n|-unboost|p1a: Iron Valiant|atk|1\n|-unboost|p1a: Iron Valiant|spa|1\n|\n|t:|1700781396\n|switch|p2a: Grafaiai|Grafaiai, M|82\/100|[from] Parting Shot\n|move|p1a: Iron Valiant|Aura Sphere|p2a: Grafaiai\n|-damage|p2a: Grafaiai|61\/100\n|\n|-damage|p1a: Iron Valiant|88\/100 tox|[from] psn\n|upkeep\n|turn|31\n|\n|t:|1700781404\n|move|p2a: Grafaiai|Parting Shot|p1a: Iron Valiant\n|-unboost|p1a: Iron Valiant|atk|1\n|-unboost|p1a: Iron Valiant|spa|1\n|\n|t:|1700781410\n|switch|p2a: Toxapex|Toxapex, F|100\/100|[from] Parting Shot\n|move|p1a: Iron Valiant|Energy Ball|p2a: Toxapex\n|-damage|p2a: Toxapex|89\/100\n|\n|-heal|p2a: Toxapex|95\/100|[from] item: Leftovers\n|-damage|p1a: Iron Valiant|76\/100 tox|[from] psn\n|upkeep\n|turn|32\n|-message|NotAPersonHere forfeited.\n|\n|win|tinkatooni\n|raw|NotAPersonHere's rating: 1000 &rarr; <strong>1000<\/strong><br \/>(+0 for losing)\n|raw|tinkatooni's rating: 1060 &rarr; <strong>1086<\/strong><br \/>(+26 for winning)\n|l|\u2606NotAPersonHere\n","uploadtime":1700781456,"views":5,"p1id":"notapersonhere","p2id":"tinkatooni","formatid":"gen9ou","rating":1000,"private":0,"password":""}