{"id":"gen9ou-1991184536","p1":"Queen Furina","p2":"yyysneasel","format":"[Gen 9] OU","log":"|j|\u2606Queen Furina\n|j|\u2606yyysneasel\n|t:|1700054707\n|gametype|singles\n|player|p1|Queen Furina|winona|1545\n|player|p2|yyysneasel|bugcatcher-gen4dp|1566\n|teamsize|p1|6\n|teamsize|p2|6\n|gen|9\n|tier|[Gen 9] OU\n|rated|\n|rule|Sleep Clause Mod: Limit one foe put to sleep\n|rule|Species Clause: Limit one of each Pok\u00e9mon\n|rule|OHKO Clause: OHKO moves are banned\n|rule|Evasion Items Clause: Evasion items are banned\n|rule|Evasion Moves Clause: Evasion moves are banned\n|rule|Endless Battle Clause: Forcing endless battles is banned\n|rule|HP Percentage Mod: HP is shown in percentages\n|clearpoke\n|poke|p1|Dragapult, M|\n|poke|p1|Ogerpon, F|\n|poke|p1|Heatran, M|\n|poke|p1|Rillaboom, F|\n|poke|p1|Clefable, F|\n|poke|p1|Landorus-Therian, M|\n|poke|p2|Tornadus-Therian, M|\n|poke|p2|Toxapex, F|\n|poke|p2|Dondozo, M|\n|poke|p2|Slowking-Galar, M|\n|poke|p2|Blissey, F|\n|poke|p2|Clefable, F|\n|teampreview\n|j| ApostleMC\n|inactive|Battle timer is ON: inactive players will automatically lose when time's up. (requested by Queen Furina)\n|\n|t:|1700054717\n|start\n|switch|p1a: Dragapult|Dragapult, M|100\/100\n|switch|p2a: FreePalestine\ud83c\uddf5\ud83c\uddf8|Tornadus-Therian, M|100\/100\n|turn|1\n|\n|t:|1700054720\n|move|p1a: Dragapult|U-turn|p2a: FreePalestine\ud83c\uddf5\ud83c\uddf8\n|-resisted|p2a: FreePalestine\ud83c\uddf5\ud83c\uddf8\n|-damage|p2a: FreePalestine\ud83c\uddf5\ud83c\uddf8|89\/100\n|\n|t:|1700054722\n|switch|p1a: Landorus|Landorus-Therian, M|100\/100|[from] U-turn\n|-ability|p1a: Landorus|Intimidate|boost\n|-unboost|p2a: FreePalestine\ud83c\uddf5\ud83c\uddf8|atk|1\n|move|p2a: FreePalestine\ud83c\uddf5\ud83c\uddf8|Knock Off|p1a: Landorus\n|-damage|p1a: Landorus|87\/100\n|-damage|p2a: FreePalestine\ud83c\uddf5\ud83c\uddf8|73\/100|[from] item: Rocky Helmet|[of] p1a: Landorus\n|-enditem|p1a: Landorus|Rocky Helmet|[from] move: Knock Off|[of] p2a: FreePalestine\ud83c\uddf5\ud83c\uddf8\n|\n|upkeep\n|turn|2\n|\n|t:|1700054727\n|move|p2a: FreePalestine\ud83c\uddf5\ud83c\uddf8|Bleakwind Storm|p1a: Landorus\n|-damage|p1a: Landorus|50\/100\n|-unboost|p1a: Landorus|spe|1\n|move|p1a: Landorus|Stealth Rock|p2a: FreePalestine\ud83c\uddf5\ud83c\uddf8\n|-sidestart|p2: yyysneasel|move: Stealth Rock\n|\n|upkeep\n|turn|3\n|\n|t:|1700054734\n|switch|p1a: Heatran|Heatran, M|100\/100\n|move|p2a: FreePalestine\ud83c\uddf5\ud83c\uddf8|Bleakwind Storm|p1a: Heatran\n|-resisted|p1a: Heatran\n|-damage|p1a: Heatran|86\/100\n|\n|upkeep\n|turn|4\n|\n|t:|1700054739\n|move|p2a: FreePalestine\ud83c\uddf5\ud83c\uddf8|Knock Off|p1a: Heatran\n|-damage|p1a: Heatran|75\/100\n|-enditem|p1a: Heatran|Heavy-Duty Boots|[from] move: Knock Off|[of] p2a: FreePalestine\ud83c\uddf5\ud83c\uddf8\n|move|p1a: Heatran|Magma Storm|p2a: FreePalestine\ud83c\uddf5\ud83c\uddf8\n|-crit|p2a: FreePalestine\ud83c\uddf5\ud83c\uddf8\n|-damage|p2a: FreePalestine\ud83c\uddf5\ud83c\uddf8|0 fnt\n|faint|p2a: FreePalestine\ud83c\uddf5\ud83c\uddf8\n|\n|upkeep\n|\n|t:|1700054744\n|switch|p2a: Ripbozo \ud83d\ude02 \ud83d\ude02|Dondozo, M|100\/100\n|-damage|p2a: Ripbozo \ud83d\ude02 \ud83d\ude02|88\/100|[from] Stealth Rock\n|turn|5\n|\n|t:|1700054767\n|switch|p1a: Rillaboom|Rillaboom, F|100\/100\n|-fieldstart|move: Grassy Terrain|[from] ability: Grassy Surge|[of] p1a: Rillaboom\n|move|p2a: Ripbozo \ud83d\ude02 \ud83d\ude02|Wave Crash|p1a: Rillaboom\n|-resisted|p1a: Rillaboom\n|-damage|p1a: Rillaboom|81\/100\n|-damage|p2a: Ripbozo \ud83d\ude02 \ud83d\ude02|83\/100|[from] Recoil\n|\n|-heal|p1a: Rillaboom|87\/100|[from] Grassy Terrain\n|-heal|p2a: Ripbozo \ud83d\ude02 \ud83d\ude02|89\/100|[from] Grassy Terrain\n|-heal|p2a: Ripbozo \ud83d\ude02 \ud83d\ude02|95\/100|[from] item: Leftovers\n|upkeep\n|turn|6\n|\n|t:|1700054772\n|-terastallize|p2a: Ripbozo \ud83d\ude02 \ud83d\ude02|Dragon\n|move|p1a: Rillaboom|Knock Off|p2a: Ripbozo \ud83d\ude02 \ud83d\ude02\n|-damage|p2a: Ripbozo \ud83d\ude02 \ud83d\ude02|78\/100\n|-enditem|p2a: Ripbozo \ud83d\ude02 \ud83d\ude02|Leftovers|[from] move: Knock Off|[of] p1a: Rillaboom\n|move|p2a: Ripbozo \ud83d\ude02 \ud83d\ude02|Curse|p2a: Ripbozo \ud83d\ude02 \ud83d\ude02\n|-unboost|p2a: Ripbozo \ud83d\ude02 \ud83d\ude02|spe|1\n|-boost|p2a: Ripbozo \ud83d\ude02 \ud83d\ude02|atk|1\n|-boost|p2a: Ripbozo \ud83d\ude02 \ud83d\ude02|def|1\n|\n|-heal|p1a: Rillaboom|94\/100|[from] Grassy Terrain\n|-heal|p2a: Ripbozo \ud83d\ude02 \ud83d\ude02|84\/100|[from] Grassy Terrain\n|upkeep\n|turn|7\n|\n|t:|1700054783\n|move|p1a: Rillaboom|U-turn|p2a: Ripbozo \ud83d\ude02 \ud83d\ude02\n|-damage|p2a: Ripbozo \ud83d\ude02 \ud83d\ude02|76\/100\n|\n|t:|1700054784\n|switch|p1a: Dragapult|Dragapult, M|100\/100|[from] U-turn\n|move|p2a: Ripbozo \ud83d\ude02 \ud83d\ude02|Wave Crash|p1a: Dragapult\n|-resisted|p1a: Dragapult\n|-damage|p1a: Dragapult|58\/100\n|-damage|p2a: Ripbozo \ud83d\ude02 \ud83d\ude02|68\/100|[from] Recoil\n|\n|-heal|p1a: Dragapult|64\/100|[from] Grassy Terrain\n|-heal|p2a: Ripbozo \ud83d\ude02 \ud83d\ude02|74\/100|[from] Grassy Terrain\n|upkeep\n|turn|8\n|\n|t:|1700054789\n|switch|p2a: stannin on bihness|Toxapex, F|100\/100\n|move|p1a: Dragapult|U-turn|p2a: stannin on bihness\n|-resisted|p2a: stannin on bihness\n|-damage|p2a: stannin on bihness|96\/100\n|\n|t:|1700054795\n|switch|p1a: Ogerpon|Ogerpon, F|100\/100|[from] U-turn\n|\n|-heal|p2a: stannin on bihness|100\/100|[from] Grassy Terrain\n|upkeep\n|turn|9\n|\n|t:|1700054811\n|-terastallize|p1a: Ogerpon|Grass\n|detailschange|p1a: Ogerpon|Ogerpon-Teal-Tera, F, tera:Grass\n|-ability|p1a: Ogerpon|Embody Aspect (Teal)|boost\n|-boost|p1a: Ogerpon|spe|1\n|move|p1a: Ogerpon|Ivy Cudgel|p2a: stannin on bihness\n|-damage|p2a: stannin on bihness|25\/100\n|move|p2a: stannin on bihness|Toxic|p1a: Ogerpon\n|-status|p1a: Ogerpon|tox\n|\n|-heal|p2a: stannin on bihness|31\/100|[from] Grassy Terrain\n|-damage|p1a: Ogerpon|95\/100 tox|[from] psn\n|-fieldend|move: Grassy Terrain\n|upkeep\n|turn|10\n|\n|t:|1700054822\n|switch|p1a: Rillaboom|Rillaboom, F|94\/100\n|-fieldstart|move: Grassy Terrain|[from] ability: Grassy Surge|[of] p1a: Rillaboom\n|switch|p2a: Ripbozo \ud83d\ude02 \ud83d\ude02|Dondozo, M, tera:Dragon|74\/100\n|-damage|p2a: Ripbozo \ud83d\ude02 \ud83d\ude02|61\/100|[from] Stealth Rock\n|\n|-heal|p1a: Rillaboom|99\/100|[from] Grassy Terrain\n|-heal|p2a: Ripbozo \ud83d\ude02 \ud83d\ude02|67\/100|[from] Grassy Terrain\n|upkeep\n|turn|11\n|\n|t:|1700054828\n|move|p1a: Rillaboom|U-turn|p2a: Ripbozo \ud83d\ude02 \ud83d\ude02\n|-damage|p2a: Ripbozo \ud83d\ude02 \ud83d\ude02|56\/100\n|\n|t:|1700054831\n|switch|p1a: Dragapult|Dragapult, M|64\/100|[from] U-turn\n|move|p2a: Ripbozo \ud83d\ude02 \ud83d\ude02|Wave Crash|p1a: Dragapult\n|-resisted|p1a: Dragapult\n|-damage|p1a: Dragapult|38\/100\n|-damage|p2a: Ripbozo \ud83d\ude02 \ud83d\ude02|50\/100|[from] Recoil\n|\n|-heal|p1a: Dragapult|44\/100|[from] Grassy Terrain\n|-heal|p2a: Ripbozo \ud83d\ude02 \ud83d\ude02|57\/100|[from] Grassy Terrain\n|upkeep\n|turn|12\n|\n|t:|1700054839\n|switch|p2a: Clefable|Clefable, F|100\/100\n|-damage|p2a: Clefable|88\/100|[from] Stealth Rock\n|move|p1a: Dragapult|Draco Meteor|p2a: Clefable\n|-immune|p2a: Clefable\n|\n|-heal|p1a: Dragapult|50\/100|[from] Grassy Terrain\n|-heal|p2a: Clefable|94\/100|[from] Grassy Terrain\n|-heal|p2a: Clefable|99\/100|[from] item: Leftovers\n|upkeep\n|turn|13\n|\n|t:|1700054843\n|switch|p1a: Heatran|Heatran, M|75\/100\n|move|p2a: Clefable|Wish|p2a: Clefable\n|\n|-heal|p1a: Heatran|81\/100|[from] Grassy Terrain\n|-heal|p2a: Clefable|100\/100|[from] Grassy Terrain\n|upkeep\n|turn|14\n|\n|t:|1700054848\n|move|p1a: Heatran|Will-O-Wisp|p2a: Clefable\n|-status|p2a: Clefable|brn\n|move|p2a: Clefable|Moonblast|p1a: Heatran\n|-resisted|p1a: Heatran\n|-damage|p1a: Heatran|76\/100\n|-unboost|p1a: Heatran|spa|1\n|\n|-heal|p1a: Heatran|82\/100|[from] Grassy Terrain\n|-damage|p2a: Clefable|94\/100 brn|[from] brn\n|-fieldend|move: Grassy Terrain\n|upkeep\n|turn|15\n|\n|t:|1700054859\n|move|p1a: Heatran|Magma Storm|p2a: Clefable\n|-damage|p2a: Clefable|67\/100 brn\n|-activate|p2a: Clefable|move: Magma Storm|[of] p1a: Heatran\n|move|p2a: Clefable|Wish|p2a: Clefable\n|\n|-heal|p2a: Clefable|73\/100 brn|[from] item: Leftovers\n|-damage|p2a: Clefable|67\/100 brn|[from] brn\n|-damage|p2a: Clefable|54\/100 brn|[from] move: Magma Storm|[partiallytrapped]\n|upkeep\n|turn|16\n|\n|t:|1700054862\n|move|p1a: Heatran|Taunt|p2a: Clefable\n|-start|p2a: Clefable|move: Taunt\n|move|p2a: Clefable|Moonblast|p1a: Heatran\n|-resisted|p1a: Heatran\n|-damage|p1a: Heatran|78\/100\n|-unboost|p1a: Heatran|spa|1\n|\n|-heal|p2a: Clefable|100\/100 brn|[from] move: Wish|[wisher] Clefable\n|-damage|p2a: Clefable|94\/100 brn|[from] brn\n|-damage|p2a: Clefable|82\/100 brn|[from] move: Magma Storm|[partiallytrapped]\n|upkeep\n|turn|17\n|\n|t:|1700054866\n|move|p1a: Heatran|Magma Storm|p2a: Clefable\n|-damage|p2a: Clefable|55\/100 brn\n|move|p2a: Clefable|Moonblast|p1a: Heatran\n|-resisted|p1a: Heatran\n|-damage|p1a: Heatran|72\/100\n|\n|-heal|p2a: Clefable|61\/100 brn|[from] item: Leftovers\n|-damage|p2a: Clefable|55\/100 brn|[from] brn\n|-damage|p2a: Clefable|43\/100 brn|[from] move: Magma Storm|[partiallytrapped]\n|upkeep\n|turn|18\n|\n|t:|1700054870\n|move|p1a: Heatran|Earth Power|p2a: Clefable\n|-damage|p2a: Clefable|26\/100 brn\n|move|p2a: Clefable|Moonblast|p1a: Heatran\n|-resisted|p1a: Heatran\n|-damage|p1a: Heatran|68\/100\n|\n|-heal|p2a: Clefable|32\/100 brn|[from] item: Leftovers\n|-damage|p2a: Clefable|26\/100 brn|[from] brn\n|-damage|p2a: Clefable|13\/100 brn|[from] move: Magma Storm|[partiallytrapped]\n|-end|p2a: Clefable|move: Taunt\n|upkeep\n|turn|19\n|\n|t:|1700054873\n|move|p1a: Heatran|Taunt|p2a: Clefable\n|-start|p2a: Clefable|move: Taunt\n|cant|p2a: Clefable|move: Taunt|Wish\n|\n|-heal|p2a: Clefable|20\/100 brn|[from] item: Leftovers\n|-damage|p2a: Clefable|13\/100 brn|[from] brn\n|-end|p2a: Clefable|Magma Storm|[partiallytrapped]\n|upkeep\n|turn|20\n|\n|t:|1700054880\n|switch|p2a: Blissey|Blissey, F|100\/100\n|move|p1a: Heatran|Earth Power|p2a: Blissey\n|-damage|p2a: Blissey|96\/100\n|-unboost|p2a: Blissey|spd|1\n|\n|upkeep\n|turn|21\n|\n|t:|1700054887\n|switch|p1a: Rillaboom|Rillaboom, F|99\/100\n|-fieldstart|move: Grassy Terrain|[from] ability: Grassy Surge|[of] p1a: Rillaboom\n|switch|p2a: Clefable|Clefable, F|13\/100 brn\n|-damage|p2a: Clefable|1\/100 brn|[from] Stealth Rock\n|\n|-heal|p1a: Rillaboom|100\/100|[from] Grassy Terrain\n|-heal|p2a: Clefable|7\/100 brn|[from] Grassy Terrain\n|-heal|p2a: Clefable|13\/100 brn|[from] item: Leftovers\n|-damage|p2a: Clefable|7\/100 brn|[from] brn\n|upkeep\n|turn|22\n|\n|t:|1700054893\n|move|p2a: Clefable|Protect|p2a: Clefable\n|-singleturn|p2a: Clefable|Protect\n|move|p1a: Rillaboom|Grassy Glide|p2a: Clefable\n|-activate|p2a: Clefable|move: Protect\n|\n|-heal|p2a: Clefable|13\/100 brn|[from] Grassy Terrain\n|-heal|p2a: Clefable|19\/100 brn|[from] item: Leftovers\n|-damage|p2a: Clefable|13\/100 brn|[from] brn\n|upkeep\n|turn|23\n|\n|t:|1700054899\n|switch|p2a: stannin on bihness|Toxapex, F|65\/100\n|move|p1a: Rillaboom|Grassy Glide|p2a: stannin on bihness\n|-damage|p2a: stannin on bihness|41\/100\n|\n|-heal|p2a: stannin on bihness|47\/100|[from] Grassy Terrain\n|upkeep\n|turn|24\n|\n|t:|1700054903\n|move|p1a: Rillaboom|High Horsepower|p2a: stannin on bihness\n|-supereffective|p2a: stannin on bihness\n|-damage|p2a: stannin on bihness|1\/100\n|move|p2a: stannin on bihness|Infestation|p1a: Rillaboom\n|-supereffective|p1a: Rillaboom\n|-damage|p1a: Rillaboom|95\/100\n|-activate|p1a: Rillaboom|move: Infestation|[of] p2a: stannin on bihness\n|\n|-heal|p1a: Rillaboom|100\/100|[from] Grassy Terrain\n|-heal|p2a: stannin on bihness|7\/100|[from] Grassy Terrain\n|-damage|p1a: Rillaboom|88\/100|[from] move: Infestation|[partiallytrapped]\n|upkeep\n|turn|25\n|\n|t:|1700054907\n|switch|p2a: Ripbozo \ud83d\ude02 \ud83d\ude02|Dondozo, M, tera:Dragon|57\/100\n|-damage|p2a: Ripbozo \ud83d\ude02 \ud83d\ude02|44\/100|[from] Stealth Rock\n|move|p1a: Rillaboom|Knock Off|p2a: Ripbozo \ud83d\ude02 \ud83d\ude02\n|-damage|p2a: Ripbozo \ud83d\ude02 \ud83d\ude02|33\/100\n|\n|-heal|p1a: Rillaboom|94\/100|[from] Grassy Terrain\n|-heal|p2a: Ripbozo \ud83d\ude02 \ud83d\ude02|39\/100|[from] Grassy Terrain\n|-end|p1a: Rillaboom|Infestation|[partiallytrapped]|[silent]\n|-fieldend|move: Grassy Terrain\n|upkeep\n|turn|26\n|\n|t:|1700054912\n|move|p1a: Rillaboom|High Horsepower|p2a: Ripbozo \ud83d\ude02 \ud83d\ude02\n|-damage|p2a: Ripbozo \ud83d\ude02 \ud83d\ude02|25\/100\n|move|p2a: Ripbozo \ud83d\ude02 \ud83d\ude02|Rest|p2a: Ripbozo \ud83d\ude02 \ud83d\ude02\n|-status|p2a: Ripbozo \ud83d\ude02 \ud83d\ude02|slp|[from] move: Rest\n|-heal|p2a: Ripbozo \ud83d\ude02 \ud83d\ude02|100\/100 slp|[silent]\n|\n|upkeep\n|turn|27\n|\n|t:|1700054915\n|move|p1a: Rillaboom|U-turn|p2a: Ripbozo \ud83d\ude02 \ud83d\ude02\n|-damage|p2a: Ripbozo \ud83d\ude02 \ud83d\ude02|90\/100 slp\n|\n|t:|1700054918\n|switch|p1a: Dragapult|Dragapult, M|50\/100|[from] U-turn\n|cant|p2a: Ripbozo \ud83d\ude02 \ud83d\ude02|slp\n|move|p2a: Ripbozo \ud83d\ude02 \ud83d\ude02|Sleep Talk|p2a: Ripbozo \ud83d\ude02 \ud83d\ude02\n|move|p2a: Ripbozo \ud83d\ude02 \ud83d\ude02|Rest||[from]move: Sleep Talk|[still]\n|-fail|p2a: Ripbozo \ud83d\ude02 \ud83d\ude02\n|\n|upkeep\n|turn|28\n|\n|t:|1700054922\n|switch|p2a: Clefable|Clefable, F|13\/100 brn\n|-damage|p2a: Clefable|1\/100 brn|[from] Stealth Rock\n|move|p1a: Dragapult|Shadow Ball|p2a: Clefable\n|-damage|p2a: Clefable|0 fnt\n|faint|p2a: Clefable\n|\n|upkeep\n|\n|t:|1700054928\n|switch|p2a: stannin on bihness|Toxapex, F|40\/100\n|turn|29\n|\n|t:|1700054931\n|switch|p2a: Blissey|Blissey, F|96\/100\n|move|p1a: Dragapult|Shadow Ball|p2a: Blissey\n|-immune|p2a: Blissey\n|\n|upkeep\n|turn|30\n|\n|t:|1700054935\n|switch|p1a: Clefable|Clefable, F|100\/100\n|move|p2a: Blissey|Stealth Rock|p1a: Clefable\n|-sidestart|p1: Queen Furina|move: Stealth Rock\n|\n|upkeep\n|turn|31\n|\n|t:|1700054942\n|switch|p2a: stannin on bihness|Toxapex, F|74\/100\n|move|p1a: Clefable|Calm Mind|p1a: Clefable\n|-boost|p1a: Clefable|spa|1\n|-boost|p1a: Clefable|spd|1\n|\n|upkeep\n|turn|32\n|\n|t:|1700054945\n|switch|p2a: Slowking|Slowking-Galar, M|100\/100\n|-damage|p2a: Slowking|88\/100|[from] Stealth Rock\n|move|p1a: Clefable|Calm Mind|p1a: Clefable\n|-boost|p1a: Clefable|spa|1\n|-boost|p1a: Clefable|spd|1\n|\n|upkeep\n|turn|33\n|\n|t:|1700054948\n|move|p2a: Slowking|Trick|p1a: Clefable\n|-activate|p2a: Slowking|move: Trick|[of] p1a: Clefable\n|-item|p1a: Clefable|Choice Scarf|[from] move: Trick\n|-item|p2a: Slowking|Leftovers|[from] move: Trick\n|move|p1a: Clefable|Calm Mind|p1a: Clefable\n|-boost|p1a: Clefable|spa|1\n|-boost|p1a: Clefable|spd|1\n|\n|-heal|p2a: Slowking|94\/100|[from] item: Leftovers\n|upkeep\n|turn|34\n|j| Lario\n|\n|t:|1700054954\n|switch|p1a: Rillaboom|Rillaboom, F|94\/100\n|-damage|p1a: Rillaboom|82\/100|[from] Stealth Rock\n|-fieldstart|move: Grassy Terrain|[from] ability: Grassy Surge|[of] p1a: Rillaboom\n|move|p2a: Slowking|Future Sight|p1a: Rillaboom\n|-start|p2a: Slowking|move: Future Sight\n|\n|-heal|p1a: Rillaboom|88\/100|[from] Grassy Terrain\n|-heal|p2a: Slowking|99\/100|[from] Grassy Terrain\n|-heal|p2a: Slowking|100\/100|[from] item: Leftovers\n|upkeep\n|turn|35\n|\n|t:|1700054960\n|switch|p2a: stannin on bihness|Toxapex, F|100\/100\n|move|p1a: Rillaboom|Knock Off|p2a: stannin on bihness\n|-damage|p2a: stannin on bihness|79\/100\n|-enditem|p2a: stannin on bihness|Heavy-Duty Boots|[from] move: Knock Off|[of] p1a: Rillaboom\n|\n|-heal|p1a: Rillaboom|94\/100|[from] Grassy Terrain\n|-heal|p2a: stannin on bihness|85\/100|[from] Grassy Terrain\n|upkeep\n|turn|36\n|j| TerroristTolaj\n|\n|t:|1700054964\n|move|p1a: Rillaboom|U-turn|p2a: stannin on bihness\n|-resisted|p2a: stannin on bihness\n|-damage|p2a: stannin on bihness|77\/100\n|\n|t:|1700054966\n|switch|p1a: Clefable|Clefable, F|100\/100|[from] U-turn\n|move|p2a: stannin on bihness|Infestation|p1a: Clefable\n|-resisted|p1a: Clefable\n|-crit|p1a: Clefable\n|-damage|p1a: Clefable|98\/100\n|-activate|p1a: Clefable|move: Infestation|[of] p2a: stannin on bihness\n|\n|-end|p1a: Clefable|move: Future Sight\n|-damage|p1a: Clefable|47\/100\n|-heal|p1a: Clefable|53\/100|[from] Grassy Terrain\n|-heal|p2a: stannin on bihness|83\/100|[from] Grassy Terrain\n|upkeep\n|turn|37\n|\n|t:|1700054978\n|move|p1a: Clefable|Flamethrower|p2a: stannin on bihness\n|-resisted|p2a: stannin on bihness\n|-damage|p2a: stannin on bihness|74\/100\n|-status|p2a: stannin on bihness|brn\n|move|p2a: stannin on bihness|Toxic|p1a: Clefable\n|-status|p1a: Clefable|tox\n|\n|-heal|p1a: Clefable|59\/100 tox|[from] Grassy Terrain\n|-heal|p2a: stannin on bihness|80\/100 brn|[from] Grassy Terrain\n|-damage|p2a: stannin on bihness|74\/100 brn|[from] brn\n|upkeep\n|turn|38\n|\n|t:|1700054983\n|move|p1a: Clefable|Flamethrower|p2a: stannin on bihness\n|-resisted|p2a: stannin on bihness\n|-damage|p2a: stannin on bihness|66\/100 brn\n|move|p2a: stannin on bihness|Surf|p1a: Clefable\n|-damage|p1a: Clefable|40\/100 tox\n|\n|-heal|p1a: Clefable|46\/100 tox|[from] Grassy Terrain\n|-heal|p2a: stannin on bihness|72\/100 brn|[from] Grassy Terrain\n|-damage|p2a: stannin on bihness|66\/100 brn|[from] brn\n|-fieldend|move: Grassy Terrain\n|upkeep\n|turn|39\n|\n|t:|1700054985\n|move|p1a: Clefable|Flamethrower|p2a: stannin on bihness\n|-resisted|p2a: stannin on bihness\n|-damage|p2a: stannin on bihness|57\/100 brn\n|move|p2a: stannin on bihness|Surf|p1a: Clefable\n|-damage|p1a: Clefable|29\/100 tox\n|\n|-damage|p2a: stannin on bihness|51\/100 brn|[from] brn\n|upkeep\n|turn|40\n|\n|t:|1700054988\n|move|p1a: Clefable|Flamethrower|p2a: stannin on bihness\n|-resisted|p2a: stannin on bihness\n|-damage|p2a: stannin on bihness|43\/100 brn\n|move|p2a: stannin on bihness|Recover|p2a: stannin on bihness\n|-heal|p2a: stannin on bihness|93\/100 brn\n|\n|-damage|p2a: stannin on bihness|87\/100 brn|[from] brn\n|-end|p1a: Clefable|Infestation|[partiallytrapped]\n|upkeep\n|turn|41\n|\n|t:|1700054991\n|switch|p1a: Landorus|Landorus-Therian, M|50\/100\n|-damage|p1a: Landorus|38\/100|[from] Stealth Rock\n|-ability|p1a: Landorus|Intimidate|boost\n|-unboost|p2a: stannin on bihness|atk|1\n|move|p2a: stannin on bihness|Infestation|p1a: Landorus\n|-resisted|p1a: Landorus\n|-damage|p1a: Landorus|37\/100\n|-activate|p1a: Landorus|move: Infestation|[of] p2a: stannin on bihness\n|\n|-damage|p2a: stannin on bihness|81\/100 brn|[from] brn\n|-damage|p1a: Landorus|25\/100|[from] move: Infestation|[partiallytrapped]\n|upkeep\n|turn|42\n|\n|t:|1700054997\n|switch|p2a: Ripbozo \ud83d\ude02 \ud83d\ude02|Dondozo, M, tera:Dragon|90\/100 slp\n|-damage|p2a: Ripbozo \ud83d\ude02 \ud83d\ude02|77\/100 slp|[from] Stealth Rock\n|move|p1a: Landorus|Earth Power|p2a: Ripbozo \ud83d\ude02 \ud83d\ude02\n|-damage|p2a: Ripbozo \ud83d\ude02 \ud83d\ude02|45\/100 slp\n|\n|-end|p1a: Landorus|Infestation|[partiallytrapped]|[silent]\n|upkeep\n|turn|43\n|\n|t:|1700055002\n|switch|p2a: Blissey|Blissey, F|96\/100\n|move|p1a: Landorus|Earth Power|p2a: Blissey\n|-damage|p2a: Blissey|84\/100\n|\n|upkeep\n|turn|44\n|\n|t:|1700055006\n|move|p1a: Landorus|U-turn|p2a: Blissey\n|-damage|p2a: Blissey|65\/100\n|\n|t:|1700055007\n|switch|p1a: Rillaboom|Rillaboom, F|94\/100|[from] U-turn\n|-damage|p1a: Rillaboom|81\/100|[from] Stealth Rock\n|-fieldstart|move: Grassy Terrain|[from] ability: Grassy Surge|[of] p1a: Rillaboom\n|move|p2a: Blissey|Seismic Toss|p1a: Rillaboom\n|-damage|p1a: Rillaboom|56\/100\n|\n|-heal|p1a: Rillaboom|62\/100|[from] Grassy Terrain\n|-heal|p2a: Blissey|71\/100|[from] Grassy Terrain\n|upkeep\n|turn|45\n|j| Memelover87\n|\n|t:|1700055015\n|switch|p2a: stannin on bihness|Toxapex, F|100\/100 brn\n|-damage|p2a: stannin on bihness|88\/100 brn|[from] Stealth Rock\n|move|p1a: Rillaboom|High Horsepower|p2a: stannin on bihness\n|-supereffective|p2a: stannin on bihness\n|-damage|p2a: stannin on bihness|45\/100 brn\n|\n|-heal|p1a: Rillaboom|68\/100|[from] Grassy Terrain\n|-heal|p2a: stannin on bihness|51\/100 brn|[from] Grassy Terrain\n|-damage|p2a: stannin on bihness|45\/100 brn|[from] brn\n|upkeep\n|turn|46\n|\n|t:|1700055021\n|move|p1a: Rillaboom|High Horsepower|p2a: stannin on bihness\n|-supereffective|p2a: stannin on bihness\n|-damage|p2a: stannin on bihness|2\/100 brn\n|move|p2a: stannin on bihness|Recover|p2a: stannin on bihness\n|-heal|p2a: stannin on bihness|53\/100 brn\n|\n|-heal|p1a: Rillaboom|74\/100|[from] Grassy Terrain\n|-heal|p2a: stannin on bihness|59\/100 brn|[from] Grassy Terrain\n|-damage|p2a: stannin on bihness|53\/100 brn|[from] brn\n|upkeep\n|turn|47\n|\n|t:|1700055029\n|move|p1a: Rillaboom|High Horsepower|p2a: stannin on bihness\n|-supereffective|p2a: stannin on bihness\n|-damage|p2a: stannin on bihness|11\/100 brn\n|move|p2a: stannin on bihness|Toxic|p1a: Rillaboom\n|-status|p1a: Rillaboom|tox\n|\n|-heal|p1a: Rillaboom|80\/100 tox|[from] Grassy Terrain\n|-heal|p2a: stannin on bihness|17\/100 brn|[from] Grassy Terrain\n|-damage|p1a: Rillaboom|74\/100 tox|[from] psn\n|-damage|p2a: stannin on bihness|11\/100 brn|[from] brn\n|upkeep\n|turn|48\n|\n|t:|1700055035\n|switch|p2a: Ripbozo \ud83d\ude02 \ud83d\ude02|Dondozo, M, tera:Dragon|45\/100 slp\n|-damage|p2a: Ripbozo \ud83d\ude02 \ud83d\ude02|32\/100 slp|[from] Stealth Rock\n|move|p1a: Rillaboom|U-turn|p2a: Ripbozo \ud83d\ude02 \ud83d\ude02\n|-damage|p2a: Ripbozo \ud83d\ude02 \ud83d\ude02|21\/100 slp\n|\n|t:|1700055042\n|switch|p1a: Landorus|Landorus-Therian, M|25\/100|[from] U-turn\n|-damage|p1a: Landorus|13\/100|[from] Stealth Rock\n|-ability|p1a: Landorus|Intimidate|boost\n|-unboost|p2a: Ripbozo \ud83d\ude02 \ud83d\ude02|atk|1\n|\n|-heal|p2a: Ripbozo \ud83d\ude02 \ud83d\ude02|27\/100 slp|[from] Grassy Terrain\n|-fieldend|move: Grassy Terrain\n|upkeep\n|turn|49\n|\n|t:|1700055047\n|switch|p2a: Blissey|Blissey, F|71\/100\n|move|p1a: Landorus|Earth Power|p2a: Blissey\n|-damage|p2a: Blissey|60\/100\n|-unboost|p2a: Blissey|spd|1\n|\n|upkeep\n|turn|50\n|\n|t:|1700055053\n|move|p1a: Landorus|Smack Down|p2a: Blissey\n|-damage|p2a: Blissey|47\/100\n|move|p2a: Blissey|Soft-Boiled|p2a: Blissey\n|-heal|p2a: Blissey|97\/100\n|\n|upkeep\n|turn|51\n|\n|t:|1700055058\n|move|p1a: Landorus|U-turn|p2a: Blissey\n|-damage|p2a: Blissey|80\/100\n|\n|t:|1700055061\n|switch|p1a: Rillaboom|Rillaboom, F|74\/100 tox|[from] U-turn\n|-damage|p1a: Rillaboom|62\/100 tox|[from] Stealth Rock\n|-fieldstart|move: Grassy Terrain|[from] ability: Grassy Surge|[of] p1a: Rillaboom\n|move|p2a: Blissey|Soft-Boiled|p2a: Blissey\n|-heal|p2a: Blissey|100\/100\n|\n|-heal|p1a: Rillaboom|68\/100 tox|[from] Grassy Terrain\n|-damage|p1a: Rillaboom|62\/100 tox|[from] psn\n|upkeep\n|turn|52\n|\n|t:|1700055067\n|switch|p2a: Ripbozo \ud83d\ude02 \ud83d\ude02|Dondozo, M, tera:Dragon|27\/100 slp\n|-damage|p2a: Ripbozo \ud83d\ude02 \ud83d\ude02|15\/100 slp|[from] Stealth Rock\n|move|p1a: Rillaboom|U-turn|p2a: Ripbozo \ud83d\ude02 \ud83d\ude02\n|-damage|p2a: Ripbozo \ud83d\ude02 \ud83d\ude02|3\/100 slp\n|\n|t:|1700055071\n|switch|p1a: Landorus|Landorus-Therian, M|13\/100|[from] U-turn\n|-damage|p1a: Landorus|0 fnt|[from] Stealth Rock\n|faint|p1a: Landorus\n|\n|-heal|p2a: Ripbozo \ud83d\ude02 \ud83d\ude02|9\/100 slp|[from] Grassy Terrain\n|upkeep\n|\n|t:|1700055073\n|switch|p1a: Ogerpon|Ogerpon-Teal-Tera, F, tera:Grass|95\/100 tox\n|-damage|p1a: Ogerpon|82\/100 tox|[from] Stealth Rock\n|-ability|p1a: Ogerpon|Embody Aspect (Teal)|boost\n|-boost|p1a: Ogerpon|spe|1\n|turn|53\n|\n|t:|1700055078\n|move|p1a: Ogerpon|Ivy Cudgel|p2a: Ripbozo \ud83d\ude02 \ud83d\ude02\n|-resisted|p2a: Ripbozo \ud83d\ude02 \ud83d\ude02\n|-damage|p2a: Ripbozo \ud83d\ude02 \ud83d\ude02|0 fnt\n|faint|p2a: Ripbozo \ud83d\ude02 \ud83d\ude02\n|\n|-heal|p1a: Ogerpon|88\/100 tox|[from] Grassy Terrain\n|-damage|p1a: Ogerpon|82\/100 tox|[from] psn\n|upkeep\n|\n|t:|1700055086\n|switch|p2a: stannin on bihness|Toxapex, F|44\/100 brn\n|-damage|p2a: stannin on bihness|32\/100 brn|[from] Stealth Rock\n|turn|54\n|\n|t:|1700055088\n|switch|p2a: Slowking|Slowking-Galar, M|100\/100\n|-damage|p2a: Slowking|88\/100|[from] Stealth Rock\n|move|p1a: Ogerpon|Ivy Cudgel|p2a: Slowking\n|-resisted|p2a: Slowking\n|-damage|p2a: Slowking|8\/100\n|\n|-heal|p1a: Ogerpon|88\/100 tox|[from] Grassy Terrain\n|-heal|p2a: Slowking|14\/100|[from] Grassy Terrain\n|-heal|p2a: Slowking|20\/100|[from] item: Leftovers\n|-damage|p1a: Ogerpon|76\/100 tox|[from] psn\n|upkeep\n|turn|55\n|\n|t:|1700055096\n|switch|p2a: stannin on bihness|Toxapex, F|66\/100 brn\n|-damage|p2a: stannin on bihness|53\/100 brn|[from] Stealth Rock\n|move|p1a: Ogerpon|Ivy Cudgel|p2a: stannin on bihness\n|-damage|p2a: stannin on bihness|0 fnt\n|faint|p2a: stannin on bihness\n|\n|-heal|p1a: Ogerpon|82\/100 tox|[from] Grassy Terrain\n|-damage|p1a: Ogerpon|64\/100 tox|[from] psn\n|-fieldend|move: Grassy Terrain\n|upkeep\n|\n|t:|1700055099\n|switch|p2a: Slowking|Slowking-Galar, M|53\/100\n|-damage|p2a: Slowking|41\/100|[from] Stealth Rock\n|turn|56\n|j| Topgap69\n|\n|t:|1700055101\n|move|p1a: Ogerpon|Ivy Cudgel|p2a: Slowking\n|-resisted|p2a: Slowking\n|-damage|p2a: Slowking|0 fnt\n|faint|p2a: Slowking\n|\n|-damage|p1a: Ogerpon|40\/100 tox|[from] psn\n|upkeep\n|\n|t:|1700055103\n|switch|p2a: Blissey|Blissey, F|100\/100\n|turn|57\n|c|\u2606Queen Furina|Gg\n|l| Lario\n|\n|t:|1700055110\n|move|p1a: Ogerpon|Ivy Cudgel|p2a: Blissey\n|-damage|p2a: Blissey|21\/100\n|move|p2a: Blissey|Soft-Boiled|p2a: Blissey\n|-heal|p2a: Blissey|71\/100\n|\n|-damage|p1a: Ogerpon|10\/100 tox|[from] psn\n|upkeep\n|turn|58\n|\n|t:|1700055115\n|move|p1a: Ogerpon|Ivy Cudgel|p2a: Blissey\n|-damage|p2a: Blissey|0 fnt\n|faint|p2a: Blissey\n|\n|win|Queen Furina\n|raw|Queen Furina's rating: 1545 &rarr; <strong>1566<\/strong><br \/>(+21 for winning)\n|raw|yyysneasel's rating: 1566 &rarr; <strong>1545<\/strong><br \/>(-21 for losing)\n|c|\u2606yyysneasel|is it?\n|l|\u2606yyysneasel\n|l| Topgap69\n|l|\u2606Queen Furina\n|l| Memelover87\n|l| ApostleMC\n|j|\u2606Queen Furina\n|player|p1|Queen Furina|winona\n","uploadtime":1700055194,"views":22,"p1id":"queenfurina","p2id":"yyysneasel","formatid":"gen9ou","rating":1545,"private":0,"password":""}