{"id":"gen9ou-1991183044","p1":"sentic.D","p2":"bigbeansixnine","format":"[Gen 9] OU","log":"|j|\u2606sentic.D\n|j|\u2606bigbeansixnine\n|t:|1700054533\n|gametype|singles\n|player|p1|sentic.D|clown|1041\n|player|p2|bigbeansixnine|169|1138\n|teamsize|p1|6\n|teamsize|p2|6\n|gen|9\n|tier|[Gen 9] OU\n|rated|\n|rule|Sleep Clause Mod: Limit one foe put to sleep\n|rule|Species Clause: Limit one of each Pok\u00e9mon\n|rule|OHKO Clause: OHKO moves are banned\n|rule|Evasion Items Clause: Evasion items are banned\n|rule|Evasion Moves Clause: Evasion moves are banned\n|rule|Endless Battle Clause: Forcing endless battles is banned\n|rule|HP Percentage Mod: HP is shown in percentages\n|clearpoke\n|poke|p1|Noivern, F|\n|poke|p1|Pelipper, F|\n|poke|p1|Greninja-*, M|\n|poke|p1|Gholdengo|\n|poke|p1|Great Tusk|\n|poke|p1|Blissey, F|\n|poke|p2|Dragapult, F|\n|poke|p2|Toxapex, M|\n|poke|p2|Kingambit, M|\n|poke|p2|Sneasler, M|\n|poke|p2|Thundurus-Therian, M|\n|poke|p2|Corviknight, F|\n|teampreview\n|\n|t:|1700054552\n|start\n|switch|p1a: Pelipper|Pelipper, F|100\/100\n|switch|p2a: Sneasler|Sneasler, M|100\/100\n|-item|p2a: Sneasler|Air Balloon\n|-weather|RainDance|[from] ability: Drizzle|[of] p1a: Pelipper\n|turn|1\n|\n|t:|1700054564\n|move|p2a: Sneasler|Fake Out|p1a: Pelipper\n|-damage|p1a: Pelipper|91\/100\n|cant|p1a: Pelipper|flinch\n|\n|-weather|RainDance|[upkeep]\n|upkeep\n|turn|2\n|\n|t:|1700054573\n|move|p2a: Sneasler|Swords Dance|p2a: Sneasler\n|-boost|p2a: Sneasler|atk|2\n|move|p1a: Pelipper|Tailwind|p1a: Pelipper\n|-sidestart|p1: sentic.D|move: Tailwind\n|\n|-weather|RainDance|[upkeep]\n|upkeep\n|turn|3\n|\n|t:|1700054580\n|move|p2a: Sneasler|Dire Claw|p1a: Pelipper\n|-damage|p1a: Pelipper|32\/100\n|move|p1a: Pelipper|U-turn|p2a: Sneasler\n|-resisted|p2a: Sneasler\n|-damage|p2a: Sneasler|97\/100\n|-enditem|p2a: Sneasler|Air Balloon\n|\n|t:|1700054590\n|switch|p1a: Noivern|Noivern, F|100\/100|[from] U-turn\n|\n|-weather|RainDance|[upkeep]\n|upkeep\n|turn|4\n|\n|t:|1700054600\n|-terastallize|p2a: Sneasler|Flying\n|move|p2a: Sneasler|Dire Claw|p1a: Noivern\n|-damage|p1a: Noivern|0 fnt\n|faint|p1a: Noivern\n|\n|-weather|RainDance|[upkeep]\n|upkeep\n|c|\u2606sentic.D|am i stupid\n|c|\u2606sentic.D|how did i get outsped in tailwind\n|c|\u2606bigbeansixnine|unburden\n|c|\u2606sentic.D|!dt dire claw\n|raw|<ul class=\"utilichart\"><li class=\"result\"><span class=\"col movenamecol\"><a href=\"https:\/\/dex.pokemonshowdown.com\/moves\/direclaw\">Dire Claw<\/a><\/span> <span class=\"col typecol\"><img src=\"\/\/play.pokemonshowdown.com\/sprites\/types\/Poison.png\" alt=\"Poison\" width=\"32\" height=\"14\"><img src=\"\/\/play.pokemonshowdown.com\/sprites\/categories\/Physical.png\" alt=\"Physical\" width=\"32\" height=\"14\"><\/span> <span class=\"col labelcol\"><em>Power<\/em><br>80<\/span> <span class=\"col widelabelcol\"><em>Accuracy<\/em><br>100%<\/span> <span class=\"col pplabelcol\"><em>PP<\/em><br>24<\/span> <span class=\"col movedesccol\">50% chance to sleep, poison, or paralyze target.<\/span> <\/li><li style=\"clear:both\"><\/li><\/ul>\n|raw|<font size=\"1\"><font color=\"#686868\">Priority:<\/font> 0&nbsp;|&ThickSpace;<font color=\"#686868\">Gen:<\/font> 9&nbsp;|&ThickSpace;&#10003; Boosted by Sheer Force&nbsp;|&ThickSpace;&#10003; Contact&nbsp;|&ThickSpace;<font color=\"#686868\">Z-Power:<\/font> 160&nbsp;|&ThickSpace;<font color=\"#686868\">Dynamax Power:<\/font> 90&nbsp;|&ThickSpace;<font color=\"#686868\">Target:<\/font> One Adjacent Pok\u00e9mon<\/font>\n\n|c|\u2606sentic.D|!dt unburden\n|raw|<ul class=\"utilichart\"><li class=\"result\"><span class=\"col namecol\"><a href=\"https:\/\/dex.pokemonshowdown.com\/abilities\/unburden\">Unburden<\/a><\/span> <span class=\"col abilitydesccol\">Speed is doubled on held item loss; boost is lost if it switches, gets new item\/Ability.<\/span> <\/li><li style=\"clear:both\"><\/li><\/ul>\n|raw|<font size=\"1\"><font color=\"#686868\">Gen:<\/font> 4<\/font>\n\n|c|\u2606bigbeansixnine|my speed is 744\n|\n|t:|1700054644\n|switch|p1a: Greninja|Greninja, M|100\/100\n|turn|5\n|\n|t:|1700054649\n|move|p1a: Greninja|Hydro Pump|p2a: Sneasler\n|-damage|p2a: Sneasler|0 fnt\n|faint|p2a: Sneasler\n|-ability|p1a: Greninja|Battle Bond|boost\n|-boost|p1a: Greninja|atk|1\n|-boost|p1a: Greninja|spa|1\n|-boost|p1a: Greninja|spe|1\n|-activate|p1a: Greninja|ability: Battle Bond\n|-damage|p1a: Greninja|91\/100|[from] item: Life Orb\n|\n|-weather|RainDance|[upkeep]\n|-sideend|p1: sentic.D|move: Tailwind\n|upkeep\n|c|\u2606sentic.D|i see\n|c|\u2606sentic.D|wasn't aware of how that worked\n|c|\u2606bigbeansixnine|good bye cool guy\n|\n|t:|1700054678\n|switch|p2a: Corviknight|Corviknight, F|100\/100\n|turn|6\n|\n|t:|1700054694\n|-terastallize|p1a: Greninja|Water\n|move|p1a: Greninja|Hydro Pump|p2a: Corviknight\n|-damage|p2a: Corviknight|0 fnt\n|faint|p2a: Corviknight\n|-damage|p1a: Greninja|81\/100|[from] item: Life Orb\n|\n|-weather|RainDance|[upkeep]\n|upkeep\n|c|\u2606bigbeansixnine|sneasler is crazy with air balloon cuz of the immunity to ground\n|c|\u2606sentic.D|its nuts\n|c|\u2606bigbeansixnine|it gives you a free chance to set up swords\n|\n|t:|1700054723\n|switch|p2a: Kingambit|Kingambit, M|100\/100\n|-activate|p2a: Kingambit|ability: Supreme Overlord\n|-start|p2a: Kingambit|fallen2|[silent]\n|turn|7\n|\n|t:|1700054731\n|move|p2a: Kingambit|Sucker Punch|p1a: Greninja\n|-damage|p1a: Greninja|23\/100\n|move|p1a: Greninja|Hydro Pump|p2a: Kingambit\n|-damage|p2a: Kingambit|4\/100\n|-damage|p1a: Greninja|13\/100|[from] item: Life Orb\n|\n|-weather|RainDance|[upkeep]\n|upkeep\n|turn|8\n|c|\u2606bigbeansixnine|that hurt\n|\n|t:|1700054742\n|move|p1a: Greninja|Water Shuriken|p2a: Kingambit\n|-damage|p2a: Kingambit|0 fnt\n|faint|p2a: Kingambit\n|-end|p2a: Kingambit|fallen2|[silent]\n|-hitcount|p2: Kingambit|1\n|-damage|p1a: Greninja|3\/100|[from] item: Life Orb\n|\n|-weather|none\n|upkeep\n|c|\u2606sentic.D|greninja lowkey insane too\n|c|\u2606sentic.D|with the rain and tera he just kills everything tbh\n|c|\u2606bigbeansixnine|hes a little frail tho\n|c|\u2606sentic.D|he is especially with life orb\n|c|\u2606bigbeansixnine|i had him on teams before but hes just to week\n|\n|t:|1700054788\n|switch|p2a: Dragapult|Dragapult, F, shiny|100\/100\n|turn|9\n|\n|t:|1700054810\n|move|p2a: Dragapult|Sucker Punch|p1a: Greninja\n|-damage|p1a: Greninja|0 fnt\n|faint|p1a: Greninja\n|\n|upkeep\n|c|\u2606bigbeansixnine|on a rain team he can be deadly tho\n|c|\u2606sentic.D|thats why i have my man pelliper\n|\n|t:|1700054851\n|switch|p1a: Pelipper|Pelipper, F|32\/100\n|-weather|RainDance|[from] ability: Drizzle|[of] p1a: Pelipper\n|turn|10\n|\n|t:|1700054857\n|move|p2a: Dragapult|Dragon Dance|p2a: Dragapult\n|-boost|p2a: Dragapult|atk|1\n|-boost|p2a: Dragapult|spe|1\n|move|p1a: Pelipper|Tailwind|p1a: Pelipper\n|-sidestart|p1: sentic.D|move: Tailwind\n|\n|-weather|RainDance|[upkeep]\n|upkeep\n|turn|11\n|\n|t:|1700054872\n|move|p2a: Dragapult|Dragon Dance|p2a: Dragapult\n|-boost|p2a: Dragapult|atk|1\n|-boost|p2a: Dragapult|spe|1\n|move|p1a: Pelipper|U-turn|p2a: Dragapult\n|-resisted|p2a: Dragapult\n|-damage|p2a: Dragapult|95\/100\n|\n|t:|1700054882\n|switch|p1a: Gholdengo|Gholdengo|100\/100|[from] U-turn\n|\n|-weather|RainDance|[upkeep]\n|-heal|p2a: Dragapult|100\/100|[from] item: Leftovers\n|upkeep\n|turn|12\n|c|\u2606sentic.D|i forgot i used tera lmaooooooo\n|c|\u2606sentic.D|man im dead\n|\n|t:|1700054902\n|move|p2a: Dragapult|Sucker Punch|p1a: Gholdengo\n|-supereffective|p1a: Gholdengo\n|-damage|p1a: Gholdengo|5\/100\n|move|p1a: Gholdengo|Shadow Ball|p2a: Dragapult\n|-supereffective|p2a: Dragapult\n|-damage|p2a: Dragapult|0 fnt\n|faint|p2a: Dragapult\n|\n|-weather|RainDance|[upkeep]\n|upkeep\n|c|\u2606bigbeansixnine|ive had that happen so many time\n|c|\u2606bigbeansixnine|i have tera ghost on my kingambit\n|c|\u2606bigbeansixnine|and i uassuly tera my sneasler for free picks\n|\n|t:|1700054937\n|switch|p2a: Toxapex|Toxapex, M|100\/100\n|turn|13\n|\n|t:|1700054945\n|move|p1a: Gholdengo|Make It Rain|p2a: Toxapex\n|-resisted|p2a: Toxapex\n|-damage|p2a: Toxapex|77\/100\n|-unboost|p1a: Gholdengo|spa|1\n|move|p2a: Toxapex|Infestation|p1a: Gholdengo\n|-resisted|p1a: Gholdengo\n|-damage|p1a: Gholdengo|4\/100\n|-activate|p1a: Gholdengo|move: Infestation|[of] p2a: Toxapex\n|\n|-weather|RainDance|[upkeep]\n|-heal|p2a: Toxapex|83\/100|[from] item: Black Sludge\n|-damage|p1a: Gholdengo|0 fnt|[from] move: Infestation|[partiallytrapped]\n|faint|p1a: Gholdengo\n|-sideend|p1: sentic.D|move: Tailwind\n|upkeep\n|c|\u2606sentic.D|yeah u got unlucky with the sneasler honestly\n|c|\u2606sentic.D|i had like one of 5 pokemon that outpspeeds it\n|c|\u2606sentic.D|and only cos of tailwind\n|\n|t:|1700055005\n|switch|p1a: Great Tusk|Great Tusk|100\/100\n|-enditem|p1a: Great Tusk|Booster Energy\n|-activate|p1a: Great Tusk|ability: Protosynthesis|[fromitem]\n|-start|p1a: Great Tusk|protosynthesisatk\n|turn|14\n|c|\u2606bigbeansixnine|tail wind is really the only thing counters it\n|\n|t:|1700055012\n|move|p2a: Toxapex|Baneful Bunker|p2a: Toxapex\n|-singleturn|p2a: Toxapex|move: Protect\n|move|p1a: Great Tusk|Earthquake|p2a: Toxapex\n|-activate|p2a: Toxapex|move: Protect\n|\n|-weather|RainDance|[upkeep]\n|-heal|p2a: Toxapex|89\/100|[from] item: Black Sludge\n|upkeep\n|turn|15\n|c|\u2606sentic.D|yeah\n|\n|t:|1700055032\n|switch|p2a: Thundurus|Thundurus-Therian, M|100\/100\n|move|p1a: Great Tusk|Earthquake|p2a: Thundurus\n|-immune|p2a: Thundurus\n|\n|-weather|RainDance|[upkeep]\n|upkeep\n|turn|16\n|\n|t:|1700055046\n|move|p2a: Thundurus|U-turn|p1a: Great Tusk\n|-resisted|p1a: Great Tusk\n|-damage|p1a: Great Tusk|94\/100\n|\n|t:|1700055050\n|switch|p2a: Toxapex|Toxapex, M|100\/100|[from] U-turn\n|move|p1a: Great Tusk|Ice Spinner|p2a: Toxapex\n|-resisted|p2a: Toxapex\n|-crit|p2a: Toxapex\n|-damage|p2a: Toxapex|82\/100\n|\n|-weather|RainDance|[upkeep]\n|-heal|p2a: Toxapex|88\/100|[from] item: Black Sludge\n|upkeep\n|turn|17\n|\n|t:|1700055076\n|move|p2a: Toxapex|Baneful Bunker|p2a: Toxapex\n|-singleturn|p2a: Toxapex|move: Protect\n|move|p1a: Great Tusk|Rapid Spin|p2a: Toxapex\n|-activate|p2a: Toxapex|move: Protect\n|-status|p1a: Great Tusk|psn\n|\n|-weather|none\n|-heal|p2a: Toxapex|94\/100|[from] item: Black Sludge\n|-damage|p1a: Great Tusk|82\/100 psn|[from] psn\n|upkeep\n|turn|18\n|c|\u2606sentic.D|LET ME HIT YOU\n|c|\u2606bigbeansixnine|gimmie like 5 mins i gotta walk to my next calss\n|c|\u2606sentic.D|lmao\n|c|\u2606sentic.D|no worries i gotchu\n|c|\u2606bigbeansixnine|im back\n|\n|t:|1700055281\n|move|p1a: Great Tusk|Ice Spinner|p2a: Toxapex\n|-resisted|p2a: Toxapex\n|-damage|p2a: Toxapex|80\/100\n|move|p2a: Toxapex|Infestation|p1a: Great Tusk\n|-resisted|p1a: Great Tusk\n|-damage|p1a: Great Tusk|79\/100 psn\n|-activate|p1a: Great Tusk|move: Infestation|[of] p2a: Toxapex\n|\n|-heal|p2a: Toxapex|86\/100|[from] item: Black Sludge\n|-damage|p1a: Great Tusk|66\/100 psn|[from] psn\n|-damage|p1a: Great Tusk|54\/100 psn|[from] move: Infestation|[partiallytrapped]\n|upkeep\n|turn|19\n|\n|t:|1700055301\n|switch|p2a: Thundurus|Thundurus-Therian, M|100\/100\n|move|p1a: Great Tusk|Rapid Spin|p2a: Thundurus\n|-damage|p2a: Thundurus|67\/100\n|-boost|p1a: Great Tusk|spe|1\n|-end|p1a: Great Tusk|Infestation|[partiallytrapped]\n|\n|-damage|p1a: Great Tusk|41\/100 psn|[from] psn\n|upkeep\n|turn|20\n|\n|t:|1700055318\n|move|p1a: Great Tusk|Rapid Spin|p2a: Thundurus\n|-damage|p2a: Thundurus|34\/100\n|-boost|p1a: Great Tusk|spe|1\n|move|p2a: Thundurus|U-turn|p1a: Great Tusk\n|-resisted|p1a: Great Tusk\n|-damage|p1a: Great Tusk|36\/100 psn\n|\n|t:|1700055324\n|switch|p2a: Toxapex|Toxapex, M|100\/100|[from] U-turn\n|\n|-damage|p1a: Great Tusk|23\/100 psn|[from] psn\n|upkeep\n|turn|21\n|\n|t:|1700055332\n|move|p2a: Toxapex|Baneful Bunker|p2a: Toxapex\n|-singleturn|p2a: Toxapex|move: Protect\n|move|p1a: Great Tusk|Earthquake|p2a: Toxapex\n|-activate|p2a: Toxapex|move: Protect\n|\n|-damage|p1a: Great Tusk|11\/100 psn|[from] psn\n|upkeep\n|turn|22\n|c|\u2606bigbeansixnine|in late rounds of matches my team kinda turns stally\n|\n|t:|1700055364\n|move|p1a: Great Tusk|Ice Spinner|p2a: Toxapex\n|-resisted|p2a: Toxapex\n|-damage|p2a: Toxapex|86\/100\n|move|p2a: Toxapex|Venoshock|p1a: Great Tusk\n|-resisted|p1a: Great Tusk\n|-damage|p1a: Great Tusk|0 fnt\n|faint|p1a: Great Tusk\n|-end|p1a: Great Tusk|Protosynthesis|[silent]\n|\n|-heal|p2a: Toxapex|93\/100|[from] item: Black Sludge\n|upkeep\n|c|\u2606sentic.D|same\n|\n|t:|1700055380\n|switch|p1a: Pelipper|Pelipper, F|32\/100\n|-weather|RainDance|[from] ability: Drizzle|[of] p1a: Pelipper\n|turn|23\n|\n|t:|1700055389\n|move|p1a: Pelipper|Roost|p1a: Pelipper\n|-heal|p1a: Pelipper|82\/100\n|-singleturn|p1a: Pelipper|move: Roost\n|move|p2a: Toxapex|Infestation|p1a: Pelipper\n|-damage|p1a: Pelipper|77\/100\n|-activate|p1a: Pelipper|move: Infestation|[of] p2a: Toxapex\n|\n|-weather|RainDance|[upkeep]\n|-heal|p2a: Toxapex|99\/100|[from] item: Black Sludge\n|-damage|p1a: Pelipper|65\/100|[from] move: Infestation|[partiallytrapped]\n|upkeep\n|turn|24\n|\n|t:|1700055399\n|move|p1a: Pelipper|Tailwind|p1a: Pelipper\n|-sidestart|p1: sentic.D|move: Tailwind\n|move|p2a: Toxapex|Toxic|p1a: Pelipper\n|-status|p1a: Pelipper|tox\n|\n|-weather|RainDance|[upkeep]\n|-heal|p2a: Toxapex|100\/100|[from] item: Black Sludge\n|-damage|p1a: Pelipper|58\/100 tox|[from] psn\n|-damage|p1a: Pelipper|46\/100 tox|[from] move: Infestation|[partiallytrapped]\n|upkeep\n|turn|25\n|\n|t:|1700055413\n|move|p1a: Pelipper|Hydro Pump|p2a: Toxapex|[miss]\n|-miss|p1a: Pelipper|p2a: Toxapex\n|move|p2a: Toxapex|Venoshock|p1a: Pelipper\n|-damage|p1a: Pelipper|0 fnt\n|faint|p1a: Pelipper\n|\n|-weather|RainDance|[upkeep]\n|upkeep\n|\n|t:|1700055421\n|switch|p1a: Blissey|Blissey, F|100\/100\n|turn|26\n|c|\u2606bigbeansixnine|this is my pprobllem\n|c|\u2606bigbeansixnine|this mother fucker right here\n|c|\u2606sentic.D|:D\n|\n|t:|1700055437\n|move|p1a: Blissey|Seismic Toss|p2a: Toxapex\n|-damage|p2a: Toxapex|68\/100\n|move|p2a: Toxapex|Infestation|p1a: Blissey\n|-damage|p1a: Blissey|99\/100\n|-activate|p1a: Blissey|move: Infestation|[of] p2a: Toxapex\n|\n|-weather|RainDance|[upkeep]\n|-heal|p1a: Blissey|100\/100|[from] item: Leftovers\n|-heal|p2a: Toxapex|74\/100|[from] item: Black Sludge\n|-damage|p1a: Blissey|88\/100|[from] move: Infestation|[partiallytrapped]\n|upkeep\n|turn|27\n|\n|t:|1700055450\n|move|p1a: Blissey|Seismic Toss|p2a: Toxapex\n|-damage|p2a: Toxapex|41\/100\n|move|p2a: Toxapex|Toxic|p1a: Blissey\n|-status|p1a: Blissey|tox\n|\n|-weather|RainDance|[upkeep]\n|-heal|p1a: Blissey|94\/100 tox|[from] item: Leftovers\n|-heal|p2a: Toxapex|47\/100|[from] item: Black Sludge\n|-damage|p1a: Blissey|88\/100 tox|[from] psn\n|-damage|p1a: Blissey|76\/100 tox|[from] move: Infestation|[partiallytrapped]\n|-sideend|p1: sentic.D|move: Tailwind\n|upkeep\n|turn|28\n|\n|t:|1700055473\n|move|p1a: Blissey|Heal Bell|p1a: Blissey\n|-activate|p1a: Blissey|move: Heal Bell\n|-curestatus|p1a: Blissey|tox|[msg]\n|move|p2a: Toxapex|Venoshock|p1a: Blissey\n|-damage|p1a: Blissey|69\/100\n|\n|-weather|RainDance|[upkeep]\n|-heal|p1a: Blissey|75\/100|[from] item: Leftovers\n|-heal|p2a: Toxapex|53\/100|[from] item: Black Sludge\n|-damage|p1a: Blissey|63\/100|[from] move: Infestation|[partiallytrapped]\n|upkeep\n|turn|29\n|\n|t:|1700055484\n|move|p1a: Blissey|Seismic Toss|p2a: Toxapex\n|-damage|p2a: Toxapex|21\/100\n|move|p2a: Toxapex|Infestation|p1a: Blissey\n|-damage|p1a: Blissey|61\/100\n|\n|-weather|RainDance|[upkeep]\n|-heal|p1a: Blissey|67\/100|[from] item: Leftovers\n|-heal|p2a: Toxapex|27\/100|[from] item: Black Sludge\n|-damage|p1a: Blissey|55\/100|[from] move: Infestation|[partiallytrapped]\n|upkeep\n|turn|30\n|c|\u2606bigbeansixnine|i have dragapuly to stop this guy\n|c|\u2606bigbeansixnine|but unfourtunatly hes not here right now\n|\n|t:|1700055513\n|move|p1a: Blissey|Seismic Toss|p2a: Toxapex\n|-damage|p2a: Toxapex|0 fnt\n|faint|p2a: Toxapex\n|\n|-weather|none\n|-heal|p1a: Blissey|61\/100|[from] item: Leftovers\n|-end|p1a: Blissey|Infestation|[partiallytrapped]|[silent]\n|upkeep\n|c|\u2606sentic.D|dragapult is not here to save you\n|\n|t:|1700055522\n|switch|p2a: Thundurus|Thundurus-Therian, M|34\/100\n|turn|31\n|\n|t:|1700055529\n|move|p2a: Thundurus|U-turn|p1a: Blissey\n|-damage|p1a: Blissey|47\/100\n|move|p1a: Blissey|Substitute|p1a: Blissey\n|-start|p1a: Blissey|Substitute\n|-damage|p1a: Blissey|22\/100\n|\n|-heal|p1a: Blissey|28\/100|[from] item: Leftovers\n|upkeep\n|turn|32\n|\n|t:|1700055541\n|move|p2a: Thundurus|U-turn|p1a: Blissey\n|-activate|p1a: Blissey|move: Substitute|[damage]\n|move|p1a: Blissey|Seismic Toss|p2a: Thundurus\n|-damage|p2a: Thundurus|0 fnt\n|faint|p2a: Thundurus\n|\n|win|sentic.D\n|raw|sentic.D's rating: 1041 &rarr; <strong>1084<\/strong><br \/>(+43 for winning)\n|raw|bigbeansixnine's rating: 1138 &rarr; <strong>1106<\/strong><br \/>(-32 for losing)\n","uploadtime":1700055433,"views":6,"p1id":"senticd","p2id":"bigbeansixnine","formatid":"gen9ou","rating":1084,"private":0,"password":""}