{"id":"gen9ou-1996350806","p1":"SmokePape","p2":"Andrews Finn3","format":"[Gen 9] OU","log":"|j|\u2606SmokePape\n|j|\u2606Andrews Finn3\n|t:|1700673732\n|gametype|singles\n|player|p1|SmokePape|unknown|1228\n|player|p2|Andrews Finn3|steven|1143\n|teamsize|p1|6\n|teamsize|p2|6\n|gen|9\n|tier|[Gen 9] OU\n|rated|\n|rule|Sleep Clause Mod: Limit one foe put to sleep\n|rule|Species Clause: Limit one of each Pok\u00e9mon\n|rule|OHKO Clause: OHKO moves are banned\n|rule|Evasion Items Clause: Evasion items are banned\n|rule|Evasion Moves Clause: Evasion moves are banned\n|rule|Endless Battle Clause: Forcing endless battles is banned\n|rule|HP Percentage Mod: HP is shown in percentages\n|clearpoke\n|poke|p1|Iron Treads|\n|poke|p1|Zapdos|\n|poke|p1|Dragonite, F|\n|poke|p1|Enamorus, F|\n|poke|p1|Maushold-Four|\n|poke|p1|Iron Moth|\n|poke|p2|Alomomola, F|\n|poke|p2|Slowking-Galar, F|\n|poke|p2|Kingambit, F|\n|poke|p2|Great Tusk|\n|poke|p2|Cinderace, F|\n|poke|p2|Thundurus-Therian, M|\n|teampreview\n|inactive|Battle timer is ON: inactive players will automatically lose when time's up. (requested by SmokePape)\n|\n|t:|1700673760\n|start\n|switch|p1a: Iron Treads|Iron Treads|100\/100\n|switch|p2a: Great Tusk|Great Tusk|100\/100\n|turn|1\n|\n|t:|1700673765\n|move|p1a: Iron Treads|Stealth Rock|p2a: Great Tusk\n|-sidestart|p2: Andrews Finn3|move: Stealth Rock\n|move|p2a: Great Tusk|Stealth Rock|p1a: Iron Treads\n|-sidestart|p1: SmokePape|move: Stealth Rock\n|\n|upkeep\n|turn|2\n|\n|t:|1700673773\n|move|p1a: Iron Treads|Rapid Spin|p2a: Great Tusk\n|-damage|p2a: Great Tusk|92\/100\n|-boost|p1a: Iron Treads|spe|1\n|-damage|p1a: Iron Treads|84\/100|[from] item: Rocky Helmet|[of] p2a: Great Tusk\n|-sideend|p1: SmokePape|Stealth Rock|[from] move: Rapid Spin|[of] p1a: Iron Treads\n|move|p2a: Great Tusk|Rapid Spin|p1a: Iron Treads\n|-resisted|p1a: Iron Treads\n|-damage|p1a: Iron Treads|77\/100\n|-boost|p2a: Great Tusk|spe|1\n|-damage|p2a: Great Tusk|75\/100|[from] item: Rocky Helmet|[of] p1a: Iron Treads\n|-sideend|p2: Andrews Finn3|Stealth Rock|[from] move: Rapid Spin|[of] p2a: Great Tusk\n|\n|upkeep\n|turn|3\n|\n|t:|1700673784\n|move|p1a: Iron Treads|Stealth Rock|p2a: Great Tusk\n|-sidestart|p2: Andrews Finn3|move: Stealth Rock\n|move|p2a: Great Tusk|Stealth Rock|p1a: Iron Treads\n|-sidestart|p1: SmokePape|move: Stealth Rock\n|\n|upkeep\n|turn|4\n|\n|t:|1700673795\n|-end|p1a: Iron Treads|Quark Drive|[silent]\n|switch|p1a: Wypipo Dreadz|Zapdos|100\/100\n|move|p2a: Great Tusk|Headlong Rush|p1a: Wypipo Dreadz\n|-immune|p1a: Wypipo Dreadz\n|\n|upkeep\n|turn|5\n|\n|t:|1700673800\n|-end|p2a: Great Tusk|Protosynthesis|[silent]\n|switch|p2a: Slowking|Slowking-Galar, F|100\/100\n|move|p1a: Wypipo Dreadz|Hurricane|p2a: Slowking|[miss]\n|-miss|p1a: Wypipo Dreadz|p2a: Slowking\n|\n|upkeep\n|turn|6\n|\n|t:|1700673806\n|move|p1a: Wypipo Dreadz|Volt Switch|p2a: Slowking\n|-damage|p2a: Slowking|82\/100\n|\n|t:|1700673810\n|switch|p1a: Iron Treads|Iron Treads|77\/100|[from] Volt Switch\n|-damage|p1a: Iron Treads|74\/100|[from] Stealth Rock\n|move|p2a: Slowking|Ice Beam|p1a: Iron Treads\n|-damage|p1a: Iron Treads|49\/100\n|\n|upkeep\n|turn|7\n|\n|t:|1700673819\n|switch|p2a: Alomomola|Alomomola, F|100\/100\n|-damage|p2a: Alomomola|88\/100|[from] Stealth Rock\n|move|p1a: Iron Treads|Rapid Spin|p2a: Alomomola\n|-crit|p2a: Alomomola\n|-damage|p2a: Alomomola|76\/100\n|-boost|p1a: Iron Treads|spe|1\n|-sideend|p1: SmokePape|Stealth Rock|[from] move: Rapid Spin|[of] p1a: Iron Treads\n|-enditem|p2a: Alomomola|Red Card|[of] p1a: Iron Treads\n|-end|p1a: Iron Treads|Quark Drive|[silent]\n|drag|p1a: Baby Bop|Dragonite, F, shiny|100\/100\n|\n|upkeep\n|turn|8\n|\n|t:|1700673830\n|switch|p1a: Iron Treads|Iron Treads|49\/100\n|move|p2a: Alomomola|Flip Turn|p1a: Iron Treads\n|-supereffective|p1a: Iron Treads\n|-damage|p1a: Iron Treads|23\/100\n|-damage|p2a: Alomomola|59\/100|[from] item: Rocky Helmet|[of] p1a: Iron Treads\n|\n|t:|1700673838\n|switch|p2a: Great Tusk|Great Tusk|75\/100|[from] Flip Turn\n|-damage|p2a: Great Tusk|72\/100|[from] Stealth Rock\n|\n|upkeep\n|turn|9\n|\n|t:|1700673845\n|-end|p1a: Iron Treads|Quark Drive|[silent]\n|switch|p1a: Wypipo Dreadz|Zapdos|100\/100\n|move|p2a: Great Tusk|Rapid Spin|p1a: Wypipo Dreadz\n|-damage|p1a: Wypipo Dreadz|88\/100\n|-boost|p2a: Great Tusk|spe|1\n|-sideend|p2: Andrews Finn3|Stealth Rock|[from] move: Rapid Spin|[of] p2a: Great Tusk\n|\n|upkeep\n|turn|10\n|\n|t:|1700673853\n|-end|p2a: Great Tusk|Protosynthesis|[silent]\n|switch|p2a: Slowking|Slowking-Galar, F|100\/100\n|move|p1a: Wypipo Dreadz|Hurricane|p2a: Slowking\n|-damage|p2a: Slowking|76\/100\n|-start|p2a: Slowking|confusion\n|\n|upkeep\n|turn|11\n|\n|t:|1700673861\n|move|p1a: Wypipo Dreadz|Volt Switch|p2a: Slowking\n|-damage|p2a: Slowking|59\/100\n|\n|t:|1700673864\n|switch|p1a: Iron Treads|Iron Treads|23\/100|[from] Volt Switch\n|-activate|p2a: Slowking|confusion\n|move|p2a: Slowking|Chilly Reception|p2a: Slowking\n|-weather|Snow\n|\n|t:|1700673879\n|switch|p2a: Great Tusk|Great Tusk|72\/100|[from] Chilly Reception\n|\n|-weather|Snow|[upkeep]\n|upkeep\n|turn|12\n|\n|t:|1700673888\n|move|p1a: Iron Treads|Stealth Rock|p2a: Great Tusk\n|-sidestart|p2: Andrews Finn3|move: Stealth Rock\n|move|p2a: Great Tusk|Stealth Rock|p1a: Iron Treads\n|-sidestart|p1: SmokePape|move: Stealth Rock\n|\n|-weather|Snow|[upkeep]\n|upkeep\n|turn|13\n|\n|t:|1700673893\n|-end|p1a: Iron Treads|Quark Drive|[silent]\n|switch|p1a: Wypipo Dreadz|Zapdos|88\/100\n|move|p2a: Great Tusk|Rapid Spin|p1a: Wypipo Dreadz\n|-damage|p1a: Wypipo Dreadz|75\/100\n|-boost|p2a: Great Tusk|spe|1\n|-sideend|p2: Andrews Finn3|Stealth Rock|[from] move: Rapid Spin|[of] p2a: Great Tusk\n|\n|-weather|Snow|[upkeep]\n|upkeep\n|turn|14\n|\n|t:|1700673900\n|-end|p2a: Great Tusk|Protosynthesis|[silent]\n|switch|p2a: Slowking|Slowking-Galar, F|92\/100\n|move|p1a: Wypipo Dreadz|Volt Switch|p2a: Slowking\n|-damage|p2a: Slowking|75\/100\n|\n|t:|1700673902\n|switch|p1a: Iron Treads|Iron Treads|23\/100|[from] Volt Switch\n|-damage|p1a: Iron Treads|20\/100|[from] Stealth Rock\n|\n|-weather|Snow|[upkeep]\n|upkeep\n|turn|15\n|\n|t:|1700673911\n|move|p1a: Iron Treads|Rapid Spin|p2a: Slowking\n|-damage|p2a: Slowking|62\/100\n|-boost|p1a: Iron Treads|spe|1\n|-sideend|p1: SmokePape|Stealth Rock|[from] move: Rapid Spin|[of] p1a: Iron Treads\n|move|p2a: Slowking|Chilly Reception|p2a: Slowking\n|\n|t:|1700673920\n|switch|p2a: Alomomola|Alomomola, F|93\/100|[from] Chilly Reception\n|\n|-weather|none\n|upkeep\n|turn|16\n|\n|t:|1700673926\n|move|p1a: Iron Treads|Stealth Rock|p2a: Alomomola\n|-sidestart|p2: Andrews Finn3|move: Stealth Rock\n|move|p2a: Alomomola|Wish|p2a: Alomomola\n|\n|upkeep\n|turn|17\n|\n|t:|1700673930\n|move|p1a: Iron Treads|Knock Off|p2a: Alomomola\n|-damage|p2a: Alomomola|82\/100\n|move|p2a: Alomomola|Flip Turn|p1a: Iron Treads\n|-supereffective|p1a: Iron Treads\n|-damage|p1a: Iron Treads|0 fnt\n|-damage|p2a: Alomomola|65\/100|[from] item: Rocky Helmet|[of] p1a: Iron Treads\n|faint|p1a: Iron Treads\n|-end|p1a: Iron Treads|Quark Drive|[silent]\n|\n|t:|1700673938\n|switch|p2a: Great Tusk|Great Tusk|72\/100|[from] Flip Turn\n|-damage|p2a: Great Tusk|69\/100|[from] Stealth Rock\n|\n|-heal|p2a: Great Tusk|100\/100|[from] move: Wish|[wisher] Alomomola\n|upkeep\n|inactive|SmokePape has 120 seconds left.\n|\n|t:|1700673986\n|switch|p1a: Taylor Swift|Enamorus, F|100\/100\n|turn|18\n|\n|t:|1700674009\n|-end|p2a: Great Tusk|Protosynthesis|[silent]\n|switch|p2a: Slowking|Slowking-Galar, F|95\/100\n|move|p1a: Taylor Swift|Earth Power|p2a: Slowking\n|-supereffective|p2a: Slowking\n|-damage|p2a: Slowking|38\/100\n|\n|upkeep\n|turn|19\n|inactive|SmokePape has 90 seconds left.\n|\n|t:|1700674030\n|switch|p1a: Sellin Dope|Iron Moth|100\/100\n|-enditem|p1a: Sellin Dope|Booster Energy\n|-activate|p1a: Sellin Dope|ability: Quark Drive|[fromitem]\n|-start|p1a: Sellin Dope|quarkdrivespe\n|switch|p2a: Thundurus|Thundurus-Therian, M|100\/100\n|-damage|p2a: Thundurus|76\/100|[from] Stealth Rock\n|\n|upkeep\n|turn|20\n|inactive|SmokePape has 90 seconds left.\n|\n|t:|1700674046\n|move|p1a: Sellin Dope|Fiery Dance|p2a: Thundurus\n|-damage|p2a: Thundurus|19\/100\n|move|p2a: Thundurus|Volt Switch|p1a: Sellin Dope\n|-damage|p1a: Sellin Dope|40\/100\n|\n|t:|1700674054\n|switch|p2a: Slowking|Slowking-Galar, F|71\/100|[from] Volt Switch\n|\n|upkeep\n|turn|21\n|\n|t:|1700674059\n|move|p1a: Sellin Dope|Fiery Dance|p2a: Slowking\n|-damage|p2a: Slowking|49\/100\n|move|p2a: Slowking|Future Sight|p1a: Sellin Dope\n|-start|p2a: Slowking|move: Future Sight\n|\n|upkeep\n|turn|22\n|\n|t:|1700674068\n|move|p1a: Sellin Dope|Fiery Dance|p2a: Slowking\n|-damage|p2a: Slowking|24\/100\n|move|p2a: Slowking|Sludge Bomb|p1a: Sellin Dope\n|-resisted|p1a: Sellin Dope\n|-damage|p1a: Sellin Dope|21\/100\n|\n|upkeep\n|turn|23\n|\n|t:|1700674089\n|switch|p2a: Alomomola|Alomomola, F|99\/100\n|-damage|p2a: Alomomola|86\/100|[from] Stealth Rock\n|move|p1a: Sellin Dope|Energy Ball|p2a: Alomomola\n|-supereffective|p2a: Alomomola\n|-damage|p2a: Alomomola|34\/100\n|\n|-end|p1a: Sellin Dope|move: Future Sight\n|-supereffective|p1a: Sellin Dope\n|-damage|p1a: Sellin Dope|0 fnt\n|faint|p1a: Sellin Dope\n|-end|p1a: Sellin Dope|Quark Drive|[silent]\n|upkeep\n|inactive|SmokePape has 90 seconds left.\n|l|\u2606SmokePape\n|inactive|SmokePape disconnected and has a minute to reconnect!\n|player|p1|\n|j|\u2606SmokePape\n|inactive|SmokePape reconnected and has 55 seconds left.\n|player|p1|SmokePape|unknown\n|\n|t:|1700674147\n|switch|p1a: Taylor Swift|Enamorus, F|100\/100\n|turn|24\n|\n|t:|1700674158\n|switch|p2a: Thundurus|Thundurus-Therian, M|19\/100\n|-damage|p2a: Thundurus|0 fnt|[from] Stealth Rock\n|faint|p2a: Thundurus\n|move|p1a: Taylor Swift|Moonblast|p2: Thundurus|[notarget]\n|-fail|p1a: Taylor Swift\n|\n|upkeep\n|\n|t:|1700674164\n|switch|p2a: Slowking|Slowking-Galar, F|57\/100\n|turn|25\n|inactive|SmokePape has 60 seconds left.\n|\n|t:|1700674180\n|switch|p1a: 4Nem|Maushold-Four|100\/100\n|move|p2a: Slowking|Chilly Reception|p2a: Slowking\n|-weather|Snow\n|\n|t:|1700674186\n|switch|p2a: Cinderace|Cinderace, F|100\/100|[from] Chilly Reception\n|\n|-weather|Snow|[upkeep]\n|upkeep\n|turn|26\n|\n|t:|1700674199\n|move|p2a: Cinderace|Will-O-Wisp|p1a: 4Nem\n|-status|p1a: 4Nem|brn\n|move|p1a: 4Nem|Encore|p2a: Cinderace\n|-start|p2a: Cinderace|Encore\n|\n|-weather|Snow|[upkeep]\n|-damage|p1a: 4Nem|94\/100 brn|[from] brn\n|upkeep\n|turn|27\n|inactive|SmokePape has 60 seconds left.\n|\n|t:|1700674227\n|switch|p2a: Great Tusk|Great Tusk|100\/100\n|-damage|p2a: Great Tusk|98\/100|[from] Stealth Rock\n|switch|p1a: Taylor Swift|Enamorus, F|100\/100\n|\n|-weather|Snow|[upkeep]\n|upkeep\n|turn|28\n|inactive|Andrews Finn3 has 120 seconds left.\n|\n|t:|1700674255\n|-end|p2a: Great Tusk|Protosynthesis|[silent]\n|switch|p2a: Slowking|Slowking-Galar, F|91\/100\n|-terastallize|p1a: Taylor Swift|Fairy\n|move|p1a: Taylor Swift|Moonblast|p2a: Slowking\n|-resisted|p2a: Slowking\n|-damage|p2a: Slowking|59\/100\n|-unboost|p2a: Slowking|spa|1\n|\n|-weather|Snow|[upkeep]\n|upkeep\n|turn|29\n|inactive|SmokePape has 30 seconds left.\n|inactive|SmokePape has 20 seconds left.\n|inactive|SmokePape has 15 seconds left.\n|\n|t:|1700674294\n|move|p1a: Taylor Swift|Moonblast|p2a: Slowking\n|-resisted|p2a: Slowking\n|-damage|p2a: Slowking|27\/100\n|-unboost|p2a: Slowking|spa|1\n|move|p2a: Slowking|Chilly Reception|p2a: Slowking\n|inactive|SmokePape has 20 seconds left this turn.\n|inactive|Andrews Finn3 has 120 seconds left.\n|\n|t:|1700674306\n|switch|p2a: Kingambit|Kingambit, F|100\/100|[from] Chilly Reception\n|-damage|p2a: Kingambit|94\/100|[from] Stealth Rock\n|-activate|p2a: Kingambit|ability: Supreme Overlord\n|-start|p2a: Kingambit|fallen1|[silent]\n|\n|-weather|none\n|-heal|p2a: Kingambit|100\/100|[from] item: Leftovers\n|upkeep\n|turn|30\n|inactive|SmokePape has 30 seconds left this turn.\n|\n|t:|1700674311\n|move|p1a: Taylor Swift|Moonblast|p2a: Kingambit\n|-damage|p2a: Kingambit|0 fnt\n|faint|p2a: Kingambit\n|-end|p2a: Kingambit|fallen1|[silent]\n|\n|upkeep\n|inactive|Andrews Finn3 has 120 seconds left.\n|\n|t:|1700674336\n|switch|p2a: Cinderace|Cinderace, F|100\/100\n|turn|31\n|\n|t:|1700674350\n|move|p2a: Cinderace|Pyro Ball|p1a: Taylor Swift\n|-damage|p1a: Taylor Swift|3\/100\n|move|p1a: Taylor Swift|Moonblast|p2a: Cinderace\n|-resisted|p2a: Cinderace\n|-damage|p2a: Cinderace|33\/100\n|\n|upkeep\n|turn|32\n|\n|t:|1700674356\n|switch|p1a: 4Nem|Maushold-Four|94\/100 brn\n|move|p2a: Cinderace|U-turn|p1a: 4Nem\n|-start|p2a: Cinderace|typechange|Bug|[from] ability: Libero\n|-damage|p1a: 4Nem|43\/100 brn\n|\n|t:|1700674363\n|switch|p2a: Great Tusk|Great Tusk|98\/100|[from] U-turn\n|-damage|p2a: Great Tusk|95\/100|[from] Stealth Rock\n|\n|-damage|p1a: 4Nem|36\/100 brn|[from] brn\n|upkeep\n|turn|33\n|\n|t:|1700674372\n|switch|p1a: Taylor Swift|Enamorus, F, tera:Fairy|3\/100\n|move|p2a: Great Tusk|Rapid Spin|p1a: Taylor Swift\n|-damage|p1a: Taylor Swift|0 fnt\n|-boost|p2a: Great Tusk|spe|1\n|-sideend|p2: Andrews Finn3|Stealth Rock|[from] move: Rapid Spin|[of] p2a: Great Tusk\n|faint|p1a: Taylor Swift\n|\n|upkeep\n|\n|t:|1700674381\n|switch|p1a: Wypipo Dreadz|Zapdos|75\/100\n|turn|34\n|\n|t:|1700674385\n|-end|p2a: Great Tusk|Protosynthesis|[silent]\n|switch|p2a: Slowking|Slowking-Galar, F|60\/100\n|move|p1a: Wypipo Dreadz|Hurricane|p2a: Slowking|[miss]\n|-miss|p1a: Wypipo Dreadz|p2a: Slowking\n|\n|upkeep\n|turn|35\n|\n|t:|1700674392\n|move|p1a: Wypipo Dreadz|Volt Switch|p2a: Slowking\n|-damage|p2a: Slowking|42\/100\n|\n|t:|1700674395\n|switch|p1a: 4Nem|Maushold-Four|36\/100 brn|[from] Volt Switch\n|move|p2a: Slowking|Ice Beam|p1a: 4Nem\n|-damage|p1a: 4Nem|3\/100 brn\n|\n|-damage|p1a: 4Nem|0 fnt|[from] brn\n|faint|p1a: 4Nem\n|upkeep\n|inactive|SmokePape has 60 seconds left.\n|\n|t:|1700674433\n|switch|p1a: Baby Bop|Dragonite, F, shiny|100\/100\n|turn|36\n|inactive|SmokePape has 30 seconds left.\n|\n|t:|1700674458\n|move|p1a: Baby Bop|Earthquake|p2a: Slowking\n|-supereffective|p2a: Slowking\n|-damage|p2a: Slowking|0 fnt\n|faint|p2a: Slowking\n|\n|upkeep\n|\n|t:|1700674463\n|switch|p2a: Great Tusk|Great Tusk|95\/100\n|turn|37\n|\n|t:|1700674467\n|switch|p1a: Wypipo Dreadz|Zapdos|75\/100\n|move|p2a: Great Tusk|Ice Spinner|p1a: Wypipo Dreadz\n|-supereffective|p1a: Wypipo Dreadz\n|-damage|p1a: Wypipo Dreadz|33\/100\n|\n|upkeep\n|turn|38\n|\n|t:|1700674481\n|-end|p2a: Great Tusk|Protosynthesis|[silent]\n|switch|p2a: Alomomola|Alomomola, F|67\/100\n|move|p1a: Wypipo Dreadz|Roost|p1a: Wypipo Dreadz\n|-heal|p1a: Wypipo Dreadz|83\/100\n|-singleturn|p1a: Wypipo Dreadz|move: Roost\n|\n|upkeep\n|turn|39\n|\n|t:|1700674490\n|move|p1a: Wypipo Dreadz|Discharge|p2a: Alomomola\n|-supereffective|p2a: Alomomola\n|-damage|p2a: Alomomola|11\/100\n|move|p2a: Alomomola|Wish|p2a: Alomomola\n|\n|upkeep\n|turn|40\n|inactive|SmokePape has 60 seconds left.\n|\n|t:|1700674500\n|move|p1a: Wypipo Dreadz|Hurricane|p2a: Alomomola\n|-damage|p2a: Alomomola|0 fnt\n|faint|p2a: Alomomola\n|\n|upkeep\n|\n|t:|1700674504\n|switch|p2a: Cinderace|Cinderace, F|33\/100\n|turn|41\n|\n|t:|1700674514\n|move|p2a: Cinderace|Pyro Ball|p1a: Wypipo Dreadz\n|-damage|p1a: Wypipo Dreadz|42\/100\n|move|p1a: Wypipo Dreadz|Volt Switch|p2a: Cinderace\n|-damage|p2a: Cinderace|0 fnt\n|faint|p2a: Cinderace\n|\n|t:|1700674518\n|switch|p1a: Baby Bop|Dragonite, F, shiny|100\/100|[from] Volt Switch\n|\n|upkeep\n|\n|t:|1700674523\n|switch|p2a: Great Tusk|Great Tusk|95\/100\n|turn|42\n|\n|t:|1700674529\n|switch|p1a: Wypipo Dreadz|Zapdos|42\/100\n|move|p2a: Great Tusk|Ice Spinner|p1a: Wypipo Dreadz\n|-supereffective|p1a: Wypipo Dreadz\n|-damage|p1a: Wypipo Dreadz|1\/100\n|\n|upkeep\n|turn|43\n|inactive|SmokePape has 90 seconds left.\n|\n|t:|1700674543\n|move|p2a: Great Tusk|Ice Spinner|p1a: Wypipo Dreadz\n|-supereffective|p1a: Wypipo Dreadz\n|-damage|p1a: Wypipo Dreadz|0 fnt\n|faint|p1a: Wypipo Dreadz\n|\n|upkeep\n|inactive|SmokePape has 90 seconds left.\n|\n|t:|1700674549\n|switch|p1a: Baby Bop|Dragonite, F, shiny|100\/100\n|turn|44\n|\n|t:|1700674554\n|move|p2a: Great Tusk|Ice Spinner|p1a: Baby Bop\n|-supereffective|p1a: Baby Bop\n|-damage|p1a: Baby Bop|49\/100\n|move|p1a: Baby Bop|Dragon Dance|p1a: Baby Bop\n|-boost|p1a: Baby Bop|atk|1\n|-boost|p1a: Baby Bop|spe|1\n|\n|upkeep\n|turn|45\n|inactive|SmokePape has 90 seconds left.\n|inactive|SmokePape has 60 seconds left.\n|\n|t:|1700674604\n|move|p1a: Baby Bop|Roost|p1a: Baby Bop\n|-heal|p1a: Baby Bop|99\/100\n|-singleturn|p1a: Baby Bop|move: Roost\n|move|p2a: Great Tusk|Ice Spinner|p1a: Baby Bop\n|-supereffective|p1a: Baby Bop\n|-damage|p1a: Baby Bop|40\/100\n|\n|upkeep\n|turn|46\n|inactive|SmokePape has 60 seconds left.\n|c|\u2606SmokePape|Gg\n|inactive|SmokePape has 30 seconds left.\n|\n|t:|1700674641\n|move|p1a: Baby Bop|Earthquake|p2a: Great Tusk\n|-damage|p2a: Great Tusk|54\/100\n|move|p2a: Great Tusk|Ice Spinner|p1a: Baby Bop\n|-supereffective|p1a: Baby Bop\n|-damage|p1a: Baby Bop|0 fnt\n|faint|p1a: Baby Bop\n|\n|win|Andrews Finn3\n|raw|SmokePape's rating: 1228 &rarr; <strong>1195<\/strong><br \/>(-33 for losing)\n|raw|Andrews Finn3's rating: 1116 &rarr; <strong>1149<\/strong><br \/>(+33 for winning)\n|c|\u2606Andrews Finn3|gg\n","uploadtime":1700674656,"views":2,"p1id":"smokepape","p2id":"andrewsfinn3","formatid":"gen9ou","rating":1149,"private":0,"password":""}