{"id":"gen9ou-1994618230","p1":"HaxxInProgress","p2":"Magikarp Soup","format":"[Gen 9] OU","log":"|j|\u2606HaxxInProgress\n|j|\u2606Magikarp Soup\n|t:|1700470266\n|gametype|singles\n|player|p1|HaxxInProgress|266|1297\n|player|p2|Magikarp Soup|acetrainer-gen1|1347\n|teamsize|p1|6\n|teamsize|p2|6\n|gen|9\n|tier|[Gen 9] OU\n|rated|\n|rule|Sleep Clause Mod: Limit one foe put to sleep\n|rule|Species Clause: Limit one of each Pok\u00e9mon\n|rule|OHKO Clause: OHKO moves are banned\n|rule|Evasion Items Clause: Evasion items are banned\n|rule|Evasion Moves Clause: Evasion moves are banned\n|rule|Endless Battle Clause: Forcing endless battles is banned\n|rule|HP Percentage Mod: HP is shown in percentages\n|clearpoke\n|poke|p1|Great Tusk|\n|poke|p1|Dragonite, M|\n|poke|p1|Ogerpon-Wellspring, F|\n|poke|p1|Kingambit, M|\n|poke|p1|Cinderace, M|\n|poke|p1|Zapdos|\n|poke|p2|Breloom, F|\n|poke|p2|Salamence, M|\n|poke|p2|Alomomola, M|\n|poke|p2|Amoonguss, F|\n|poke|p2|Great Tusk|\n|poke|p2|Blissey, F|\n|teampreview\n|\n|t:|1700470272\n|start\n|switch|p1a: Great Tusk|Great Tusk|100\/100\n|switch|p2a: Breloom|Breloom, F|100\/100\n|turn|1\n|\n|t:|1700470279\n|move|p2a: Breloom|Bullet Seed|p1a: Great Tusk\n|-supereffective|p1a: Great Tusk\n|-damage|p1a: Great Tusk|80\/100\n|-supereffective|p1a: Great Tusk\n|-damage|p1a: Great Tusk|61\/100\n|-supereffective|p1a: Great Tusk\n|-damage|p1a: Great Tusk|43\/100\n|-supereffective|p1a: Great Tusk\n|-damage|p1a: Great Tusk|22\/100\n|-supereffective|p1a: Great Tusk\n|-damage|p1a: Great Tusk|4\/100\n|-hitcount|p1a: Great Tusk|5\n|move|p1a: Great Tusk|Knock Off|p2a: Breloom\n|-resisted|p2a: Breloom\n|-damage|p2a: Breloom|79\/100\n|-enditem|p2a: Breloom|Loaded Dice|[from] move: Knock Off|[of] p1a: Great Tusk\n|\n|-heal|p1a: Great Tusk|10\/100|[from] item: Leftovers\n|upkeep\n|turn|2\n|\n|t:|1700470301\n|-end|p1a: Great Tusk|Protosynthesis|[silent]\n|switch|p1a: Zapdos|Zapdos|100\/100\n|move|p2a: Breloom|Bullet Seed|p1a: Zapdos\n|-resisted|p1a: Zapdos\n|-damage|p1a: Zapdos|92\/100\n|-resisted|p1a: Zapdos\n|-damage|p1a: Zapdos|82\/100\n|-resisted|p1a: Zapdos\n|-damage|p1a: Zapdos|74\/100\n|-resisted|p1a: Zapdos\n|-damage|p1a: Zapdos|66\/100\n|-resisted|p1a: Zapdos\n|-damage|p1a: Zapdos|58\/100\n|-hitcount|p1a: Zapdos|5\n|\n|upkeep\n|turn|3\n|\n|t:|1700470314\n|switch|p2a: Blissey|Blissey, F|100\/100\n|move|p1a: Zapdos|Thunder Wave|p2a: Blissey\n|-status|p2a: Blissey|par\n|\n|upkeep\n|turn|4\n|\n|t:|1700470327\n|-curestatus|p2a: Blissey|par|[from] ability: Natural Cure\n|switch|p2a: Great Tusk|Great Tusk|100\/100\n|move|p1a: Zapdos|Roost|p1a: Zapdos\n|-heal|p1a: Zapdos|100\/100\n|-singleturn|p1a: Zapdos|move: Roost\n|\n|upkeep\n|turn|5\n|\n|t:|1700470337\n|-end|p2a: Great Tusk|Protosynthesis|[silent]\n|switch|p2a: Blissey|Blissey, F|100\/100\n|move|p1a: Zapdos|Hurricane|p2a: Blissey|[miss]\n|-miss|p1a: Zapdos|p2a: Blissey\n|\n|upkeep\n|turn|6\n|\n|t:|1700470345\n|move|p1a: Zapdos|Volt Switch|p2a: Blissey\n|-damage|p2a: Blissey|93\/100\n|\n|t:|1700470353\n|switch|p1a: Ogerpon|Ogerpon-Wellspring, F|100\/100|[from] Volt Switch\n|move|p2a: Blissey|Seismic Toss|p1a: Ogerpon\n|-damage|p1a: Ogerpon|67\/100\n|\n|upkeep\n|turn|7\n|\n|t:|1700470392\n|switch|p2a: Amoonguss|Amoonguss, F|100\/100\n|move|p1a: Ogerpon|Swords Dance|p1a: Ogerpon\n|-boost|p1a: Ogerpon|atk|2\n|\n|upkeep\n|turn|8\n|\n|t:|1700470399\n|move|p1a: Ogerpon|Knock Off|p2a: Amoonguss\n|-damage|p2a: Amoonguss|63\/100\n|move|p2a: Amoonguss|Foul Play|p1a: Ogerpon\n|-damage|p1a: Ogerpon|0 fnt\n|faint|p1a: Ogerpon\n|\n|upkeep\n|\n|t:|1700470416\n|switch|p1a: Cinderace|Cinderace, M|100\/100\n|turn|9\n|\n|t:|1700470426\n|switch|p2a: Alomomola|Alomomola, M|100\/100\n|move|p1a: Cinderace|Pyro Ball|p2a: Alomomola\n|-resisted|p2a: Alomomola\n|-damage|p2a: Alomomola|88\/100\n|\n|upkeep\n|turn|10\n|\n|t:|1700470431\n|move|p1a: Cinderace|U-turn|p2a: Alomomola\n|-damage|p2a: Alomomola|77\/100\n|\n|t:|1700470434\n|switch|p1a: Zapdos|Zapdos|100\/100|[from] U-turn\n|move|p2a: Alomomola|Flip Turn|p1a: Zapdos\n|-damage|p1a: Zapdos|87\/100\n|\n|t:|1700470438\n|switch|p2a: Blissey|Blissey, F|93\/100|[from] Flip Turn\n|\n|upkeep\n|turn|11\n|\n|t:|1700470443\n|move|p1a: Zapdos|Volt Switch|p2a: Blissey\n|-damage|p2a: Blissey|85\/100\n|\n|t:|1700470450\n|switch|p1a: Cinderace|Cinderace, M|100\/100|[from] Volt Switch\n|move|p2a: Blissey|Seismic Toss|p1a: Cinderace\n|-damage|p1a: Cinderace|72\/100\n|\n|upkeep\n|turn|12\n|\n|t:|1700470492\n|switch|p2a: Alomomola|Alomomola, M|100\/100\n|move|p1a: Cinderace|Pyro Ball|p2a: Alomomola\n|-resisted|p2a: Alomomola\n|-damage|p2a: Alomomola|87\/100\n|\n|upkeep\n|turn|13\n|\n|t:|1700470502\n|move|p1a: Cinderace|U-turn|p2a: Alomomola\n|-damage|p2a: Alomomola|76\/100\n|\n|t:|1700470506\n|switch|p1a: Great Tusk|Great Tusk|10\/100|[from] U-turn\n|move|p2a: Alomomola|Flip Turn|p1a: Great Tusk\n|-supereffective|p1a: Great Tusk\n|-damage|p1a: Great Tusk|0 fnt\n|faint|p1a: Great Tusk\n|-end|p1a: Great Tusk|Protosynthesis|[silent]\n|\n|t:|1700470517\n|switch|p2a: Breloom|Breloom, F|79\/100|[from] Flip Turn\n|\n|upkeep\n|\n|t:|1700470521\n|switch|p1a: Dragonite|Dragonite, M|100\/100\n|turn|14\n|\n|t:|1700470527\n|move|p2a: Breloom|Spore|p1a: Dragonite\n|-status|p1a: Dragonite|slp|[from] move: Spore\n|cant|p1a: Dragonite|slp\n|\n|upkeep\n|turn|15\n|\n|t:|1700470530\n|move|p2a: Breloom|Bullet Seed|p1a: Dragonite\n|-resisted|p1a: Dragonite\n|-damage|p1a: Dragonite|98\/100 slp\n|-resisted|p1a: Dragonite\n|-damage|p1a: Dragonite|93\/100 slp\n|-hitcount|p1a: Dragonite|2\n|cant|p1a: Dragonite|slp\n|\n|upkeep\n|turn|16\n|\n|t:|1700470537\n|switch|p2a: Great Tusk|Great Tusk|100\/100\n|cant|p1a: Dragonite|slp\n|\n|upkeep\n|turn|17\n|\n|t:|1700470541\n|-curestatus|p1a: Dragonite|slp|[msg]\n|move|p1a: Dragonite|Dragon Dance|p1a: Dragonite\n|-boost|p1a: Dragonite|atk|1\n|-boost|p1a: Dragonite|spe|1\n|move|p2a: Great Tusk|Stealth Rock|p1a: Dragonite\n|-sidestart|p1: HaxxInProgress|move: Stealth Rock\n|\n|upkeep\n|turn|18\n|\n|t:|1700470548\n|move|p1a: Dragonite|Dragon Dance|p1a: Dragonite\n|-boost|p1a: Dragonite|atk|1\n|-boost|p1a: Dragonite|spe|1\n|move|p2a: Great Tusk|Knock Off|p1a: Dragonite\n|-damage|p1a: Dragonite|67\/100\n|-enditem|p1a: Dragonite|Heavy-Duty Boots|[from] move: Knock Off|[of] p2a: Great Tusk\n|\n|upkeep\n|turn|19\n|\n|t:|1700470552\n|move|p1a: Dragonite|Roost|p1a: Dragonite\n|-heal|p1a: Dragonite|100\/100\n|-singleturn|p1a: Dragonite|move: Roost\n|move|p2a: Great Tusk|Rapid Spin|p1a: Dragonite\n|-damage|p1a: Dragonite|94\/100\n|-boost|p2a: Great Tusk|spe|1\n|\n|upkeep\n|turn|20\n|\n|t:|1700470563\n|-terastallize|p1a: Dragonite|Normal\n|move|p1a: Dragonite|Extreme Speed|p2a: Great Tusk\n|-damage|p2a: Great Tusk|60\/100\n|move|p2a: Great Tusk|Rapid Spin|p1a: Dragonite\n|-damage|p1a: Dragonite|80\/100\n|-boost|p2a: Great Tusk|spe|1\n|\n|-heal|p2a: Great Tusk|66\/100|[from] item: Leftovers\n|upkeep\n|turn|21\n|\n|t:|1700470572\n|move|p1a: Dragonite|Extreme Speed|p2a: Great Tusk\n|-damage|p2a: Great Tusk|19\/100\n|move|p2a: Great Tusk|Body Press|p1a: Dragonite\n|-supereffective|p1a: Dragonite\n|-damage|p1a: Dragonite|0 fnt\n|faint|p1a: Dragonite\n|\n|-heal|p2a: Great Tusk|25\/100|[from] item: Leftovers\n|upkeep\n|\n|t:|1700470578\n|switch|p1a: Cinderace|Cinderace, M|72\/100\n|turn|22\n|\n|t:|1700470583\n|-end|p2a: Great Tusk|Protosynthesis|[silent]\n|switch|p2a: Alomomola|Alomomola, M|100\/100\n|move|p1a: Cinderace|Will-O-Wisp|p2a: Alomomola\n|-status|p2a: Alomomola|brn\n|\n|-damage|p2a: Alomomola|94\/100 brn|[from] brn\n|upkeep\n|turn|23\n|\n|t:|1700470586\n|move|p1a: Cinderace|Court Change|p1a: Cinderace\n|-swapsideconditions\n|-activate|p1a: Cinderace|move: Court Change\n|move|p2a: Alomomola|Wish|p2a: Alomomola\n|\n|-damage|p2a: Alomomola|88\/100 brn|[from] brn\n|upkeep\n|turn|24\n|\n|t:|1700470591\n|move|p1a: Cinderace|U-turn|p2a: Alomomola\n|-damage|p2a: Alomomola|78\/100 brn\n|\n|t:|1700470596\n|switch|p1a: Kingambit|Kingambit, M|100\/100|[from] U-turn\n|-activate|p1a: Kingambit|ability: Supreme Overlord\n|-start|p1a: Kingambit|fallen3|[silent]\n|move|p2a: Alomomola|Flip Turn|p1a: Kingambit\n|-damage|p1a: Kingambit|94\/100\n|\n|t:|1700470599\n|switch|p2a: Great Tusk|Great Tusk|25\/100|[from] Flip Turn\n|-damage|p2a: Great Tusk|22\/100|[from] Stealth Rock\n|\n|-heal|p2a: Great Tusk|83\/100|[from] move: Wish|[wisher] Alomomola\n|-heal|p2a: Great Tusk|90\/100|[from] item: Leftovers\n|-heal|p1a: Kingambit|100\/100|[from] item: Leftovers\n|upkeep\n|turn|25\n|\n|t:|1700470612\n|-end|p1a: Kingambit|fallen3|[silent]\n|switch|p1a: Zapdos|Zapdos|87\/100\n|move|p2a: Great Tusk|Rapid Spin|p1a: Zapdos\n|-damage|p1a: Zapdos|75\/100\n|-boost|p2a: Great Tusk|spe|1\n|-sideend|p2: Magikarp Soup|Stealth Rock|[from] move: Rapid Spin|[of] p2a: Great Tusk\n|\n|-heal|p2a: Great Tusk|96\/100|[from] item: Leftovers\n|upkeep\n|turn|26\n|\n|t:|1700470616\n|-end|p2a: Great Tusk|Protosynthesis|[silent]\n|switch|p2a: Blissey|Blissey, F|85\/100\n|move|p1a: Zapdos|Hurricane|p2a: Blissey\n|-damage|p2a: Blissey|72\/100\n|\n|upkeep\n|turn|27\n|-message|HaxxInProgress forfeited.\n|\n|win|Magikarp Soup\n|raw|HaxxInProgress's rating: 1297 &rarr; <strong>1276<\/strong><br \/>(-21 for losing)\n|raw|Magikarp Soup's rating: 1347 &rarr; <strong>1364<\/strong><br \/>(+17 for winning)\n|l|\u2606HaxxInProgress\n","uploadtime":1700470627,"views":8,"p1id":"haxxinprogress","p2id":"magikarpsoup","formatid":"gen9ou","rating":1276,"private":0,"password":""}