{"id":"gen9ou-1990844640","p1":"Luiscbc","p2":"windieskf","format":"[Gen 9] OU","log":"|j|\u2606Luiscbc\n|j|\u2606windieskf\n|t:|1700006809\n|gametype|singles\n|player|p1|Luiscbc|volkner|1170\n|player|p2|windieskf|colress|1250\n|teamsize|p1|6\n|teamsize|p2|6\n|gen|9\n|tier|[Gen 9] OU\n|rated|\n|rule|Sleep Clause Mod: Limit one foe put to sleep\n|rule|Species Clause: Limit one of each Pok\u00e9mon\n|rule|OHKO Clause: OHKO moves are banned\n|rule|Evasion Items Clause: Evasion items are banned\n|rule|Evasion Moves Clause: Evasion moves are banned\n|rule|Endless Battle Clause: Forcing endless battles is banned\n|rule|HP Percentage Mod: HP is shown in percentages\n|clearpoke\n|poke|p1|Okidogi, M|\n|poke|p1|Ceruledge, M|\n|poke|p1|Umbreon, M|\n|poke|p1|Munkidori, M|\n|poke|p1|Torkoal, M|\n|poke|p1|Typhlosion-Hisui, M|\n|poke|p2|Torkoal, M|\n|poke|p2|Ceruledge, F|\n|poke|p2|Scovillain, M|\n|poke|p2|Lilligant-Hisui, F|\n|poke|p2|Empoleon, F|\n|poke|p2|Walking Wake|\n|teampreview\n|inactive|Battle timer is ON: inactive players will automatically lose when time's up. (requested by Luiscbc)\n|inactive|windieskf has 120 seconds left.\n|\n|t:|1700006847\n|start\n|switch|p1a: Torkoal|Torkoal, M|100\/100\n|switch|p2a: Empoleon|Empoleon, F|100\/100\n|-weather|SunnyDay|[from] ability: Drought|[of] p1a: Torkoal\n|turn|1\n|\n|t:|1700006859\n|move|p2a: Empoleon|Stealth Rock|p1a: Torkoal\n|-sidestart|p1: Luiscbc|move: Stealth Rock\n|move|p1a: Torkoal|Stealth Rock|p2a: Empoleon\n|-sidestart|p2: windieskf|move: Stealth Rock\n|\n|-weather|SunnyDay|[upkeep]\n|upkeep\n|turn|2\n|\n|t:|1700006866\n|move|p1a: Torkoal|Eruption|p2a: Empoleon\n|-damage|p2a: Empoleon|54\/100\n|move|p2a: Empoleon|Roar|p1a: Torkoal\n|drag|p1a: Ceruledge|Ceruledge, M|100\/100\n|-damage|p1a: Ceruledge|76\/100|[from] Stealth Rock\n|\n|-weather|SunnyDay|[upkeep]\n|-heal|p2a: Empoleon|60\/100|[from] item: Leftovers\n|upkeep\n|turn|3\n|\n|t:|1700006884\n|move|p1a: Ceruledge|Bitter Blade|p2a: Empoleon\n|-damage|p2a: Empoleon|0 fnt\n|-heal|p1a: Ceruledge|100\/100|[from] drain|[of] p2a: Empoleon\n|faint|p2a: Empoleon\n|\n|-weather|SunnyDay|[upkeep]\n|upkeep\n|inactive|windieskf has 120 seconds left.\n|\n|t:|1700006906\n|switch|p2a: Walking Wake|Walking Wake|100\/100\n|-damage|p2a: Walking Wake|88\/100|[from] Stealth Rock\n|-activate|p2a: Walking Wake|ability: Protosynthesis\n|-start|p2a: Walking Wake|protosynthesisspe\n|turn|4\n|\n|t:|1700006924\n|-terastallize|p1a: Ceruledge|Grass\n|move|p2a: Walking Wake|Hydro Steam|p1a: Ceruledge\n|-resisted|p1a: Ceruledge\n|-damage|p1a: Ceruledge|68\/100\n|move|p1a: Ceruledge|Solar Blade||[still]\n|-prepare|p1a: Ceruledge|Solar Blade\n|-anim|p1a: Ceruledge|Solar Blade|p2a: Walking Wake\n|-damage|p2a: Walking Wake|9\/100\n|\n|-weather|SunnyDay|[upkeep]\n|upkeep\n|turn|5\n|inactive|windieskf has 120 seconds left.\n|\n|t:|1700006942\n|move|p1a: Ceruledge|Shadow Sneak|p2a: Walking Wake\n|-damage|p2a: Walking Wake|0 fnt\n|faint|p2a: Walking Wake\n|-end|p2a: Walking Wake|Protosynthesis|[silent]\n|\n|-weather|SunnyDay|[upkeep]\n|upkeep\n|inactive|windieskf has 120 seconds left.\n|\n|t:|1700006972\n|switch|p2a: Scovillain|Scovillain, M|100\/100\n|-damage|p2a: Scovillain|75\/100|[from] Stealth Rock\n|turn|6\n|\n|t:|1700006987\n|switch|p1a: Umbreon|Umbreon, M|100\/100\n|-damage|p1a: Umbreon|88\/100|[from] Stealth Rock\n|-terastallize|p2a: Scovillain|Ice\n|move|p2a: Scovillain|Tera Blast|p1a: Umbreon|[anim] Tera Blast Ice\n|-damage|p1a: Umbreon|65\/100\n|-damage|p2a: Scovillain|66\/100|[from] item: Life Orb\n|\n|-weather|SunnyDay|[upkeep]\n|-heal|p1a: Umbreon|71\/100|[from] item: Leftovers\n|upkeep\n|turn|7\n|\n|t:|1700007001\n|move|p2a: Scovillain|Fire Blast|p1a: Umbreon\n|-damage|p1a: Umbreon|18\/100\n|-damage|p2a: Scovillain|56\/100|[from] item: Life Orb\n|move|p1a: Umbreon|Wish|p1a: Umbreon\n|\n|-weather|SunnyDay|[upkeep]\n|-heal|p1a: Umbreon|24\/100|[from] item: Leftovers\n|upkeep\n|turn|8\n|\n|t:|1700007011\n|move|p1a: Umbreon|Protect|p1a: Umbreon\n|-singleturn|p1a: Umbreon|Protect\n|move|p2a: Scovillain|Fire Blast|p1a: Umbreon\n|-activate|p1a: Umbreon|move: Protect\n|\n|-weather|none\n|-heal|p1a: Umbreon|74\/100|[from] move: Wish|[wisher] Umbreon\n|-heal|p1a: Umbreon|80\/100|[from] item: Leftovers\n|upkeep\n|turn|9\n|\n|t:|1700007021\n|move|p2a: Scovillain|Substitute|p2a: Scovillain\n|-start|p2a: Scovillain|Substitute\n|-damage|p2a: Scovillain|31\/100\n|move|p1a: Umbreon|Toxic||[still]\n|-fail|p1a: Umbreon\n|\n|-heal|p1a: Umbreon|87\/100|[from] item: Leftovers\n|upkeep\n|turn|10\n|\n|t:|1700007029\n|move|p2a: Scovillain|Giga Drain|p1a: Umbreon\n|-damage|p1a: Umbreon|63\/100\n|-heal|p2a: Scovillain|48\/100|[from] drain|[of] p1a: Umbreon\n|-damage|p2a: Scovillain|38\/100|[from] item: Life Orb\n|move|p1a: Umbreon|Wish|p1a: Umbreon\n|\n|-heal|p1a: Umbreon|70\/100|[from] item: Leftovers\n|upkeep\n|turn|11\n|inactive|windieskf has 120 seconds left.\n|\n|t:|1700007045\n|move|p2a: Scovillain|Giga Drain|p1a: Umbreon\n|-damage|p1a: Umbreon|46\/100\n|-heal|p2a: Scovillain|55\/100|[from] drain|[of] p1a: Umbreon\n|-damage|p2a: Scovillain|45\/100|[from] item: Life Orb\n|move|p1a: Umbreon|Foul Play|p2a: Scovillain\n|-end|p2a: Scovillain|Substitute\n|\n|-heal|p1a: Umbreon|96\/100|[from] move: Wish|[wisher] Umbreon\n|-heal|p1a: Umbreon|100\/100|[from] item: Leftovers\n|upkeep\n|turn|12\n|\n|t:|1700007057\n|switch|p2a: Torkoal|Torkoal, M|100\/100\n|-damage|p2a: Torkoal|75\/100|[from] Stealth Rock\n|-weather|SunnyDay|[from] ability: Drought|[of] p2a: Torkoal\n|move|p1a: Umbreon|Foul Play|p2a: Torkoal\n|-damage|p2a: Torkoal|62\/100\n|\n|-weather|SunnyDay|[upkeep]\n|upkeep\n|turn|13\n|\n|t:|1700007069\n|move|p1a: Umbreon|Toxic|p2a: Torkoal\n|-status|p2a: Torkoal|tox\n|move|p2a: Torkoal|Rapid Spin|p1a: Umbreon\n|-damage|p1a: Umbreon|93\/100\n|-boost|p2a: Torkoal|spe|1\n|-sideend|p2: windieskf|Stealth Rock|[from] move: Rapid Spin|[of] p2a: Torkoal\n|\n|-weather|SunnyDay|[upkeep]\n|-heal|p1a: Umbreon|99\/100|[from] item: Leftovers\n|-damage|p2a: Torkoal|56\/100 tox|[from] psn\n|upkeep\n|turn|14\n|\n|t:|1700007088\n|switch|p1a: Torkoal|Torkoal, M|100\/100\n|-damage|p1a: Torkoal|75\/100|[from] Stealth Rock\n|move|p2a: Torkoal|Yawn|p1a: Torkoal\n|-start|p1a: Torkoal|move: Yawn|[of] p2a: Torkoal\n|\n|-weather|SunnyDay|[upkeep]\n|-damage|p2a: Torkoal|44\/100 tox|[from] psn\n|upkeep\n|turn|15\n|\n|t:|1700007098\n|switch|p2a: Ceruledge|Ceruledge, F|100\/100\n|move|p1a: Torkoal|Stealth Rock|p2a: Ceruledge\n|-sidestart|p2: windieskf|move: Stealth Rock\n|\n|-weather|SunnyDay|[upkeep]\n|-end|p1a: Torkoal|move: Yawn|[silent]\n|-status|p1a: Torkoal|slp\n|upkeep\n|turn|16\n|\n|t:|1700007110\n|move|p2a: Ceruledge|Bulk Up|p2a: Ceruledge\n|-boost|p2a: Ceruledge|atk|1\n|-boost|p2a: Ceruledge|def|1\n|cant|p1a: Torkoal|slp\n|\n|-weather|SunnyDay|[upkeep]\n|upkeep\n|turn|17\n|\n|t:|1700007132\n|move|p2a: Ceruledge|Bulk Up|p2a: Ceruledge\n|-boost|p2a: Ceruledge|atk|1\n|-boost|p2a: Ceruledge|def|1\n|cant|p1a: Torkoal|slp\n|\n|-weather|SunnyDay|[upkeep]\n|upkeep\n|turn|18\n|\n|t:|1700007155\n|move|p2a: Ceruledge|Bitter Blade|p1a: Torkoal\n|-resisted|p1a: Torkoal\n|-damage|p1a: Torkoal|39\/100 slp\n|-curestatus|p1a: Torkoal|slp|[msg]\n|move|p1a: Torkoal|Rapid Spin|p2a: Ceruledge\n|-immune|p2a: Ceruledge\n|\n|-weather|SunnyDay|[upkeep]\n|upkeep\n|turn|19\n|\n|t:|1700007170\n|move|p2a: Ceruledge|Bitter Blade|p1a: Torkoal\n|-resisted|p1a: Torkoal\n|-damage|p1a: Torkoal|0 fnt\n|faint|p1a: Torkoal\n|\n|-weather|none\n|upkeep\n|\n|t:|1700007176\n|switch|p1a: Typhlosion|Typhlosion-Hisui, M|100\/100\n|-damage|p1a: Typhlosion|76\/100|[from] Stealth Rock\n|-item|p2a: Ceruledge|Heavy-Duty Boots|[from] ability: Frisk|[of] p1a: Typhlosion|[identify]\n|turn|20\n|\n|t:|1700007182\n|move|p2a: Ceruledge|Shadow Sneak|p1a: Typhlosion\n|-supereffective|p1a: Typhlosion\n|-damage|p1a: Typhlosion|0 fnt\n|faint|p1a: Typhlosion\n|\n|upkeep\n|\n|t:|1700007192\n|switch|p1a: Munkidori|Munkidori, M|100\/100\n|-damage|p1a: Munkidori|88\/100|[from] Stealth Rock\n|turn|21\n|\n|t:|1700007200\n|move|p1a: Munkidori|Psychic|p2a: Ceruledge\n|-damage|p2a: Ceruledge|53\/100\n|move|p2a: Ceruledge|Bitter Blade|p1a: Munkidori\n|-damage|p1a: Munkidori|0 fnt\n|-heal|p2a: Ceruledge|97\/100|[from] drain|[of] p1a: Munkidori\n|faint|p1a: Munkidori\n|\n|upkeep\n|\n|t:|1700007208\n|switch|p1a: Umbreon|Umbreon, M|99\/100\n|-damage|p1a: Umbreon|86\/100|[from] Stealth Rock\n|turn|22\n|\n|t:|1700007215\n|move|p2a: Ceruledge|Bitter Blade|p1a: Umbreon\n|-damage|p1a: Umbreon|10\/100\n|-heal|p2a: Ceruledge|100\/100|[from] drain|[of] p1a: Umbreon\n|move|p1a: Umbreon|Foul Play|p2a: Ceruledge\n|-supereffective|p2a: Ceruledge\n|-damage|p2a: Ceruledge|0 fnt\n|faint|p2a: Ceruledge\n|\n|-heal|p1a: Umbreon|16\/100|[from] item: Leftovers\n|upkeep\n|\n|t:|1700007230\n|switch|p2a: Lilligant|Lilligant-Hisui, F|100\/100\n|-damage|p2a: Lilligant|94\/100|[from] Stealth Rock\n|turn|23\n|\n|t:|1700007242\n|move|p2a: Lilligant|Close Combat|p1a: Umbreon\n|-supereffective|p1a: Umbreon\n|-damage|p1a: Umbreon|0 fnt\n|-unboost|p2a: Lilligant|def|1\n|-unboost|p2a: Lilligant|spd|1\n|faint|p1a: Umbreon\n|-damage|p2a: Lilligant|85\/100|[from] item: Life Orb\n|\n|upkeep\n|\n|t:|1700007252\n|switch|p1a: Okidogi|Okidogi, M|100\/100\n|-damage|p1a: Okidogi|95\/100|[from] Stealth Rock\n|turn|24\n|\n|t:|1700007263\n|switch|p2a: Torkoal|Torkoal, M|44\/100 tox\n|-damage|p2a: Torkoal|19\/100 tox|[from] Stealth Rock\n|-weather|SunnyDay|[from] ability: Drought|[of] p2a: Torkoal\n|move|p1a: Okidogi|Gunk Shot|p2a: Torkoal\n|-damage|p2a: Torkoal|0 fnt\n|faint|p2a: Torkoal\n|\n|-weather|SunnyDay|[upkeep]\n|-heal|p1a: Okidogi|100\/100|[from] item: Black Sludge\n|upkeep\n|\n|t:|1700007280\n|switch|p2a: Scovillain|Scovillain, M, tera:Ice|45\/100\n|-damage|p2a: Scovillain|20\/100|[from] Stealth Rock\n|turn|25\n|\n|t:|1700007285\n|move|p2a: Scovillain|Fire Blast|p1a: Okidogi|[miss]\n|-miss|p2a: Scovillain|p1a: Okidogi\n|move|p1a: Okidogi|Drain Punch|p2a: Scovillain\n|-supereffective|p2a: Scovillain\n|-damage|p2a: Scovillain|0 fnt\n|faint|p2a: Scovillain\n|\n|-weather|SunnyDay|[upkeep]\n|upkeep\n|\n|t:|1700007294\n|switch|p2a: Lilligant|Lilligant-Hisui, F|85\/100\n|-damage|p2a: Lilligant|79\/100|[from] Stealth Rock\n|turn|26\n|\n|t:|1700007300\n|move|p2a: Lilligant|Sleep Powder|p1a: Okidogi\n|-status|p1a: Okidogi|slp|[from] move: Sleep Powder\n|cant|p1a: Okidogi|slp\n|\n|-weather|SunnyDay|[upkeep]\n|upkeep\n|turn|27\n|\n|t:|1700007306\n|switch|p1a: Ceruledge|Ceruledge, M, tera:Grass|68\/100\n|-damage|p1a: Ceruledge|55\/100|[from] Stealth Rock\n|move|p2a: Lilligant|Victory Dance|p2a: Lilligant\n|-boost|p2a: Lilligant|atk|1\n|-boost|p2a: Lilligant|def|1\n|-boost|p2a: Lilligant|spe|1\n|\n|-weather|SunnyDay|[upkeep]\n|upkeep\n|turn|28\n|\n|t:|1700007316\n|move|p2a: Lilligant|Close Combat|p1a: Ceruledge\n|-damage|p1a: Ceruledge|0 fnt\n|-unboost|p2a: Lilligant|def|1\n|-unboost|p2a: Lilligant|spd|1\n|faint|p1a: Ceruledge\n|-damage|p2a: Lilligant|69\/100|[from] item: Life Orb\n|\n|-weather|SunnyDay|[upkeep]\n|upkeep\n|\n|t:|1700007324\n|switch|p1a: Okidogi|Okidogi, M|100\/100 slp\n|-damage|p1a: Okidogi|95\/100 slp|[from] Stealth Rock\n|turn|29\n|\n|t:|1700007332\n|move|p2a: Lilligant|Victory Dance|p2a: Lilligant\n|-boost|p2a: Lilligant|atk|1\n|-boost|p2a: Lilligant|def|1\n|-boost|p2a: Lilligant|spe|1\n|-curestatus|p1a: Okidogi|slp|[msg]\n|move|p1a: Okidogi|Gunk Shot|p2a: Lilligant|[miss]\n|-miss|p1a: Okidogi|p2a: Lilligant\n|\n|-weather|SunnyDay|[upkeep]\n|-heal|p1a: Okidogi|100\/100|[from] item: Black Sludge\n|upkeep\n|turn|30\n|c|\u2606windieskf|omg\n|\n|t:|1700007351\n|move|p2a: Lilligant|Sleep Powder|p1a: Okidogi|[miss]\n|-miss|p2a: Lilligant|p1a: Okidogi\n|move|p1a: Okidogi|Gunk Shot|p2a: Lilligant\n|-supereffective|p2a: Lilligant\n|-damage|p2a: Lilligant|0 fnt\n|faint|p2a: Lilligant\n|\n|win|Luiscbc\n|raw|Luiscbc's rating: 1170 &rarr; <strong>1201<\/strong><br \/>(+31 for winning)\n|raw|windieskf's rating: 1250 &rarr; <strong>1219<\/strong><br \/>(-31 for losing)\n|c|\u2606Luiscbc|hax crazy\n|c|\u2606windieskf|real\n|c|\u2606Luiscbc|jajaja\n|c|\u2606Luiscbc|gg\n|l|\u2606windieskf\n","uploadtime":1700007369,"views":14,"p1id":"luiscbc","p2id":"windieskf","formatid":"gen9ou","rating":1201,"private":0,"password":""}