{"id":"gen9ou-1990762991","p1":"Zaciantousshini","p2":"TheRobotYoshi","format":"[Gen 9] OU","log":"|j|\u2606Zaciantousshini\n|j|\u2606TheRobotYoshi\n|t:|1699998496\n|gametype|singles\n|player|p1|Zaciantousshini|tate|1211\n|player|p2|TheRobotYoshi|emmet|1283\n|teamsize|p1|6\n|teamsize|p2|6\n|gen|9\n|tier|[Gen 9] OU\n|rated|\n|rule|Sleep Clause Mod: Limit one foe put to sleep\n|rule|Species Clause: Limit one of each Pok\u00e9mon\n|rule|OHKO Clause: OHKO moves are banned\n|rule|Evasion Items Clause: Evasion items are banned\n|rule|Evasion Moves Clause: Evasion moves are banned\n|rule|Endless Battle Clause: Forcing endless battles is banned\n|rule|HP Percentage Mod: HP is shown in percentages\n|clearpoke\n|poke|p1|Gholdengo|\n|poke|p1|Walking Wake|\n|poke|p1|Iron Moth|\n|poke|p1|Landorus-Therian, M|\n|poke|p1|Ting-Lu|\n|poke|p1|Iron Valiant|\n|poke|p2|Iron Jugulis|\n|poke|p2|Ogerpon-Wellspring, F|\n|poke|p2|Tinkaton, F|\n|poke|p2|Iron Moth|\n|poke|p2|Great Tusk|\n|poke|p2|Dragapult, M|\n|teampreview\n|inactive|Battle timer is ON: inactive players will automatically lose when time's up. (requested by Zaciantousshini)\n|inactive|TheRobotYoshi also wants the timer to be on.\n|\n|t:|1699998503\n|start\n|switch|p1a: Landorus|Landorus-Therian, M|100\/100\n|switch|p2a: Ogerpon|Ogerpon-Wellspring, F|100\/100\n|-ability|p1a: Landorus|Intimidate|boost\n|-unboost|p2a: Ogerpon|atk|1\n|turn|1\n|\n|t:|1699998524\n|switch|p1a: Walking Wake|Walking Wake|100\/100\n|move|p2a: Ogerpon|Spikes|p1a: Walking Wake\n|-sidestart|p1: Zaciantousshini|Spikes\n|\n|upkeep\n|turn|2\n|\n|t:|1699998542\n|move|p2a: Ogerpon|Spikes|p1a: Walking Wake\n|-sidestart|p1: Zaciantousshini|Spikes\n|move|p1a: Walking Wake|Flamethrower|p2a: Ogerpon\n|-damage|p2a: Ogerpon|44\/100\n|\n|upkeep\n|turn|3\n|\n|t:|1699998549\n|move|p2a: Ogerpon|Horn Leech|p1a: Walking Wake\n|-damage|p1a: Walking Wake|71\/100\n|-heal|p2a: Ogerpon|61\/100|[from] drain|[of] p1a: Walking Wake\n|move|p1a: Walking Wake|Flamethrower|p2a: Ogerpon\n|-damage|p2a: Ogerpon|9\/100\n|\n|upkeep\n|turn|4\n|\n|t:|1699998561\n|-end|p1a: Walking Wake|Protosynthesis|[silent]\n|switch|p1a: Iron Moth|Iron Moth|100\/100\n|-damage|p1a: Iron Moth|84\/100|[from] Spikes\n|move|p2a: Ogerpon|U-turn|p1a: Iron Moth\n|-resisted|p1a: Iron Moth\n|-damage|p1a: Iron Moth|76\/100\n|inactive|TheRobotYoshi has 120 seconds left.\n|\n|t:|1699998616\n|switch|p2a: Iron Jugulis|Iron Jugulis, shiny|100\/100|[from] U-turn\n|-enditem|p2a: Iron Jugulis|Booster Energy\n|-activate|p2a: Iron Jugulis|ability: Quark Drive|[fromitem]\n|-start|p2a: Iron Jugulis|quarkdrivespe\n|\n|upkeep\n|turn|5\n|\n|t:|1699998631\n|-end|p1a: Iron Moth|Quark Drive|[silent]\n|switch|p1a: Landorus|Landorus-Therian, M|100\/100\n|-ability|p1a: Landorus|Intimidate|boost\n|-unboost|p2a: Iron Jugulis|atk|1\n|move|p2a: Iron Jugulis|Earth Power|p1a: Landorus\n|-immune|p1a: Landorus\n|\n|upkeep\n|turn|6\n|\n|t:|1699998642\n|move|p2a: Iron Jugulis|Hurricane|p1a: Landorus\n|-damage|p1a: Landorus|25\/100\n|-start|p1a: Landorus|confusion\n|-activate|p1a: Landorus|confusion\n|move|p1a: Landorus|Stealth Rock|p2a: Iron Jugulis\n|-sidestart|p2: TheRobotYoshi|move: Stealth Rock\n|\n|-heal|p1a: Landorus|31\/100|[from] item: Leftovers\n|upkeep\n|turn|7\n|\n|t:|1699998650\n|move|p2a: Iron Jugulis|Hurricane|p1a: Landorus|[miss]\n|-miss|p2a: Iron Jugulis|p1a: Landorus\n|-end|p1a: Landorus|confusion\n|move|p1a: Landorus|U-turn|p2a: Iron Jugulis\n|-damage|p2a: Iron Jugulis|68\/100\n|\n|t:|1699998661\n|switch|p1a: Iron Valiant|Iron Valiant|100\/100|[from] U-turn\n|-damage|p1a: Iron Valiant|84\/100|[from] Spikes\n|-enditem|p1a: Iron Valiant|Booster Energy\n|-activate|p1a: Iron Valiant|ability: Quark Drive|[fromitem]\n|-start|p1a: Iron Valiant|quarkdrivespe\n|\n|upkeep\n|turn|8\n|inactive|TheRobotYoshi has 120 seconds left.\n|\n|t:|1699998670\n|-terastallize|p2a: Iron Jugulis|Steel\n|move|p1a: Iron Valiant|Moonblast|p2a: Iron Jugulis\n|-resisted|p2a: Iron Jugulis\n|-damage|p2a: Iron Jugulis|37\/100\n|-unboost|p2a: Iron Jugulis|spa|1\n|move|p2a: Iron Jugulis|Hurricane|p1a: Iron Valiant\n|-supereffective|p1a: Iron Valiant\n|-damage|p1a: Iron Valiant|0 fnt\n|faint|p1a: Iron Valiant\n|-end|p1a: Iron Valiant|Quark Drive|[silent]\n|\n|upkeep\n|inactive|Zaciantousshini has 120 seconds left.\n|\n|t:|1699998708\n|switch|p1a: Walking Wake|Walking Wake|71\/100\n|-damage|p1a: Walking Wake|54\/100|[from] Spikes\n|turn|9\n|inactive|Zaciantousshini has 120 seconds left.\n|\n|t:|1699998719\n|-end|p2a: Iron Jugulis|Quark Drive|[silent]\n|switch|p2a: Ogerpon|Ogerpon-Wellspring, F|9\/100\n|-damage|p2a: Ogerpon|0 fnt|[from] Stealth Rock\n|faint|p2a: Ogerpon\n|move|p1a: Walking Wake|Flamethrower|p2: Ogerpon|[notarget]\n|-fail|p1a: Walking Wake\n|\n|upkeep\n|\n|t:|1699998724\n|switch|p2a: Iron Moth|Iron Moth|100\/100\n|-damage|p2a: Iron Moth|76\/100|[from] Stealth Rock\n|-enditem|p2a: Iron Moth|Booster Energy\n|-activate|p2a: Iron Moth|ability: Quark Drive|[fromitem]\n|-start|p2a: Iron Moth|quarkdrivespe\n|turn|10\n|\n|t:|1699998733\n|-end|p1a: Walking Wake|Protosynthesis|[silent]\n|switch|p1a: Gholdengo|Gholdengo|100\/100\n|-item|p1a: Gholdengo|Air Balloon\n|move|p2a: Iron Moth|Dazzling Gleam|p1a: Gholdengo\n|-resisted|p1a: Gholdengo\n|-damage|p1a: Gholdengo|85\/100\n|-enditem|p1a: Gholdengo|Air Balloon\n|\n|upkeep\n|turn|11\n|inactive|Zaciantousshini has 120 seconds left.\n|\n|t:|1699998750\n|switch|p1a: Ting-Lu|Ting-Lu|100\/100\n|-damage|p1a: Ting-Lu|84\/100|[from] Spikes\n|-ability|p1a: Ting-Lu|Vessel of Ruin\n|move|p2a: Iron Moth|Fiery Dance|p1a: Ting-Lu\n|-damage|p1a: Ting-Lu|67\/100\n|\n|-heal|p1a: Ting-Lu|73\/100|[from] item: Leftovers\n|upkeep\n|turn|12\n|\n|t:|1699998765\n|-end|p2a: Iron Moth|Quark Drive|[silent]\n|switch|p2a: Great Tusk|Great Tusk|100\/100\n|-damage|p2a: Great Tusk|98\/100|[from] Stealth Rock\n|-enditem|p2a: Great Tusk|Booster Energy\n|-activate|p2a: Great Tusk|ability: Protosynthesis|[fromitem]\n|-start|p2a: Great Tusk|protosynthesisspe\n|move|p1a: Ting-Lu|Whirlwind|p2a: Great Tusk\n|-end|p2a: Great Tusk|Protosynthesis|[silent]\n|drag|p2a: Iron Moth|Iron Moth|76\/100\n|-damage|p2a: Iron Moth|51\/100|[from] Stealth Rock\n|\n|-heal|p1a: Ting-Lu|79\/100|[from] item: Leftovers\n|upkeep\n|turn|13\n|\n|t:|1699998777\n|-end|p2a: Iron Moth|Quark Drive|[silent]\n|switch|p2a: Great Tusk|Great Tusk|98\/100\n|-damage|p2a: Great Tusk|95\/100|[from] Stealth Rock\n|move|p1a: Ting-Lu|Earthquake|p2a: Great Tusk\n|-damage|p2a: Great Tusk|72\/100\n|\n|-heal|p1a: Ting-Lu|85\/100|[from] item: Leftovers\n|upkeep\n|turn|14\n|\n|t:|1699998790\n|move|p2a: Great Tusk|Rapid Spin|p1a: Ting-Lu\n|-damage|p1a: Ting-Lu|77\/100\n|-boost|p2a: Great Tusk|spe|1\n|-sideend|p2: TheRobotYoshi|Stealth Rock|[from] move: Rapid Spin|[of] p2a: Great Tusk\n|move|p1a: Ting-Lu|Ruination|p2a: Great Tusk\n|-damage|p2a: Great Tusk|36\/100\n|\n|-heal|p1a: Ting-Lu|84\/100|[from] item: Leftovers\n|upkeep\n|turn|15\n|\n|t:|1699998802\n|move|p2a: Great Tusk|Bulk Up|p2a: Great Tusk\n|-boost|p2a: Great Tusk|atk|1\n|-boost|p2a: Great Tusk|def|1\n|move|p1a: Ting-Lu|Earthquake|p2a: Great Tusk\n|-damage|p2a: Great Tusk|20\/100\n|\n|-heal|p1a: Ting-Lu|90\/100|[from] item: Leftovers\n|upkeep\n|turn|16\n|\n|t:|1699998814\n|switch|p1a: Landorus|Landorus-Therian, M|31\/100\n|-ability|p1a: Landorus|Intimidate|boost\n|-unboost|p2a: Great Tusk|atk|1\n|move|p2a: Great Tusk|Ice Spinner|p1a: Landorus\n|-supereffective|p1a: Landorus\n|-damage|p1a: Landorus|0 fnt\n|faint|p1a: Landorus\n|\n|upkeep\n|inactive|Zaciantousshini has 120 seconds left.\n|\n|t:|1699998835\n|switch|p1a: Ting-Lu|Ting-Lu|90\/100\n|-damage|p1a: Ting-Lu|73\/100|[from] Spikes\n|-ability|p1a: Ting-Lu|Vessel of Ruin\n|turn|17\n|inactive|Zaciantousshini has 120 seconds left.\n|\n|t:|1699998853\n|-terastallize|p1a: Ting-Lu|Water\n|move|p2a: Great Tusk|Ice Spinner|p1a: Ting-Lu\n|-resisted|p1a: Ting-Lu\n|-damage|p1a: Ting-Lu|68\/100\n|move|p1a: Ting-Lu|Whirlwind|p2a: Great Tusk\n|-end|p2a: Great Tusk|Protosynthesis|[silent]\n|drag|p2a: Dragapult|Dragapult, M, shiny|100\/100\n|\n|-heal|p1a: Ting-Lu|74\/100|[from] item: Leftovers\n|upkeep\n|turn|18\n|\n|t:|1699998867\n|move|p2a: Dragapult|Thunderbolt|p1a: Ting-Lu\n|-supereffective|p1a: Ting-Lu\n|-damage|p1a: Ting-Lu|44\/100\n|move|p1a: Ting-Lu|Ruination|p2a: Dragapult\n|-damage|p2a: Dragapult|51\/100\n|\n|-heal|p1a: Ting-Lu|50\/100|[from] item: Leftovers\n|upkeep\n|turn|19\n|inactive|Zaciantousshini has 120 seconds left.\n|\n|t:|1699998881\n|switch|p1a: Gholdengo|Gholdengo|85\/100\n|-damage|p1a: Gholdengo|68\/100|[from] Spikes\n|move|p2a: Dragapult|Thunderbolt|p1a: Gholdengo\n|-damage|p1a: Gholdengo|24\/100\n|\n|upkeep\n|turn|20\n|inactive|Zaciantousshini has 120 seconds left.\n|inactive|Zaciantousshini has 90 seconds left.\n|\n|t:|1699998917\n|switch|p1a: Ting-Lu|Ting-Lu, tera:Water|50\/100\n|-damage|p1a: Ting-Lu|33\/100|[from] Spikes\n|-ability|p1a: Ting-Lu|Vessel of Ruin\n|move|p2a: Dragapult|Thunderbolt|p1a: Ting-Lu\n|-supereffective|p1a: Ting-Lu\n|-damage|p1a: Ting-Lu|1\/100\n|\n|-heal|p1a: Ting-Lu|7\/100|[from] item: Leftovers\n|upkeep\n|turn|21\n|\n|t:|1699998926\n|move|p2a: Dragapult|Thunderbolt|p1a: Ting-Lu\n|-supereffective|p1a: Ting-Lu\n|-damage|p1a: Ting-Lu|0 fnt\n|faint|p1a: Ting-Lu\n|\n|upkeep\n|\n|t:|1699998931\n|switch|p1a: Iron Moth|Iron Moth|76\/100\n|-damage|p1a: Iron Moth|59\/100|[from] Spikes\n|turn|22\n|\n|t:|1699998959\n|switch|p2a: Great Tusk|Great Tusk|20\/100\n|move|p1a: Iron Moth|Psychic|p2a: Great Tusk\n|-supereffective|p2a: Great Tusk\n|-damage|p2a: Great Tusk|0 fnt\n|faint|p2a: Great Tusk\n|-end|p2a: Great Tusk|Protosynthesis|[silent]\n|\n|upkeep\n|\n|t:|1699998962\n|switch|p2a: TWINKATON|Tinkaton, F, shiny|100\/100\n|-item|p2a: TWINKATON|Air Balloon\n|turn|23\n|\n|t:|1699998966\n|-end|p1a: Iron Moth|Quark Drive|[silent]\n|switch|p1a: Gholdengo|Gholdengo|24\/100\n|-damage|p1a: Gholdengo|7\/100|[from] Spikes\n|move|p2a: TWINKATON|Thunder Wave|p1a: Gholdengo\n|-immune|p1a: Gholdengo|[from] ability: Good as Gold\n|\n|upkeep\n|turn|24\n|\n|t:|1699998974\n|move|p2a: TWINKATON|Play Rough|p1a: Gholdengo\n|-resisted|p1a: Gholdengo\n|-damage|p1a: Gholdengo|0 fnt\n|faint|p1a: Gholdengo\n|\n|upkeep\n|\n|t:|1699998978\n|switch|p1a: Iron Moth|Iron Moth|59\/100\n|-damage|p1a: Iron Moth|43\/100|[from] Spikes\n|turn|25\n|\n|t:|1699998988\n|move|p1a: Iron Moth|Psychic|p2a: TWINKATON\n|-resisted|p2a: TWINKATON\n|-damage|p2a: TWINKATON|80\/100\n|-enditem|p2a: TWINKATON|Air Balloon\n|move|p2a: TWINKATON|Thunder Wave|p1a: Iron Moth\n|-status|p1a: Iron Moth|par\n|\n|upkeep\n|turn|26\n|\n|t:|1699998999\n|-end|p1a: Iron Moth|Quark Drive|[silent]\n|switch|p1a: Walking Wake|Walking Wake|54\/100\n|-damage|p1a: Walking Wake|37\/100|[from] Spikes\n|move|p2a: TWINKATON|Stealth Rock|p1a: Walking Wake\n|-sidestart|p1: Zaciantousshini|move: Stealth Rock\n|\n|upkeep\n|turn|27\n|\n|t:|1699999002\n|move|p1a: Walking Wake|Flamethrower|p2a: TWINKATON\n|-supereffective|p2a: TWINKATON\n|-damage|p2a: TWINKATON|2\/100\n|move|p2a: TWINKATON|Play Rough|p1a: Walking Wake\n|-supereffective|p1a: Walking Wake\n|-damage|p1a: Walking Wake|0 fnt\n|faint|p1a: Walking Wake\n|-end|p1a: Walking Wake|Protosynthesis|[silent]\n|\n|upkeep\n|\n|t:|1699999005\n|switch|p1a: Iron Moth|Iron Moth|43\/100 par\n|-damage|p1a: Iron Moth|26\/100 par|[from] Spikes\n|-damage|p1a: Iron Moth|1\/100 par|[from] Stealth Rock\n|turn|28\n|\n|t:|1699999011\n|move|p2a: TWINKATON|Play Rough|p1a: Iron Moth\n|-resisted|p1a: Iron Moth\n|-damage|p1a: Iron Moth|0 fnt\n|faint|p1a: Iron Moth\n|-end|p1a: Iron Moth|Quark Drive|[silent]\n|\n|win|TheRobotYoshi\n|raw|Zaciantousshini's rating: 1211 &rarr; <strong>1191<\/strong><br \/>(-20 for losing)\n|raw|TheRobotYoshi's rating: 1283 &rarr; <strong>1303<\/strong><br \/>(+20 for winning)\n|c|\u2606TheRobotYoshi|Gg\n|l|\u2606Zaciantousshini\n","uploadtime":1699999023,"views":12,"p1id":"zaciantousshini","p2id":"therobotyoshi","formatid":"gen9ou","rating":1191,"private":0,"password":""}