{"id":"gen9ou-1989937663","p1":"Jrmoore896","p2":"TheGr8est2EverDoIt","format":"[Gen 9] OU","log":"|j|\u2606Jrmoore896\n|j|\u2606TheGr8est2EverDoIt\n|t:|1699908328\n|gametype|singles\n|player|p1|Jrmoore896|lucas-gen4pt|1480\n|player|p2|TheGr8est2EverDoIt|lucas|1572\n|teamsize|p1|6\n|teamsize|p2|6\n|gen|9\n|tier|[Gen 9] OU\n|rated|\n|rule|Sleep Clause Mod: Limit one foe put to sleep\n|rule|Species Clause: Limit one of each Pok\u00e9mon\n|rule|OHKO Clause: OHKO moves are banned\n|rule|Evasion Items Clause: Evasion items are banned\n|rule|Evasion Moves Clause: Evasion moves are banned\n|rule|Endless Battle Clause: Forcing endless battles is banned\n|rule|HP Percentage Mod: HP is shown in percentages\n|clearpoke\n|poke|p1|Sneasler, M|\n|poke|p1|Rillaboom, M|\n|poke|p1|Dondozo, M|\n|poke|p1|Clodsire, M|\n|poke|p1|Great Tusk|\n|poke|p1|Enamorus, F|\n|poke|p2|Ninetales-Alola, F|\n|poke|p2|Toxtricity, M|\n|poke|p2|Samurott-Hisui, F|\n|poke|p2|Zamazenta-*|\n|poke|p2|Torterra, M|\n|poke|p2|Frosmoth, M|\n|teampreview\n|inactive|Battle timer is ON: inactive players will automatically lose when time's up. (requested by Jrmoore896)\n|\n|t:|1699908351\n|start\n|switch|p1a: Clodsire|Clodsire, M, shiny|100\/100\n|switch|p2a: Samurott|Samurott-Hisui, F|100\/100\n|turn|1\n|\n|t:|1699908360\n|switch|p1a: Rillaboom|Rillaboom, M|100\/100\n|-fieldstart|move: Grassy Terrain|[from] ability: Grassy Surge|[of] p1a: Rillaboom\n|move|p2a: Samurott|Ceaseless Edge|p1a: Rillaboom\n|-damage|p1a: Rillaboom|58\/100\n|-sidestart|p1: Jrmoore896|Spikes\n|\n|-heal|p1a: Rillaboom|64\/100|[from] Grassy Terrain\n|upkeep\n|turn|2\n|\n|t:|1699908371\n|move|p2a: Samurott|Ceaseless Edge|p1a: Rillaboom\n|-damage|p1a: Rillaboom|23\/100\n|-sidestart|p1: Jrmoore896|Spikes\n|move|p1a: Rillaboom|U-turn|p2a: Samurott\n|-supereffective|p2a: Samurott\n|-crit|p2a: Samurott\n|-enditem|p2a: Samurott|Focus Sash\n|-damage|p2a: Samurott|1\/100\n|\n|t:|1699908383\n|switch|p1a: Great Tusk|Great Tusk|100\/100|[from] U-turn\n|\n|-heal|p2a: Samurott|7\/100|[from] Grassy Terrain\n|upkeep\n|turn|3\n|\n|t:|1699908390\n|-terastallize|p2a: Samurott|Ghost\n|move|p1a: Great Tusk|Rapid Spin|p2a: Samurott\n|-immune|p2a: Samurott\n|move|p2a: Samurott|Razor Shell|p1a: Great Tusk\n|-supereffective|p1a: Great Tusk\n|-damage|p1a: Great Tusk|29\/100\n|-unboost|p1a: Great Tusk|def|1\n|\n|-heal|p1a: Great Tusk|36\/100|[from] Grassy Terrain\n|-heal|p2a: Samurott|13\/100|[from] Grassy Terrain\n|upkeep\n|turn|4\n|\n|t:|1699908403\n|-end|p1a: Great Tusk|Protosynthesis|[silent]\n|switch|p1a: Enamorus|Enamorus, F|100\/100\n|move|p2a: Samurott|Aqua Jet|p1a: Enamorus\n|-damage|p1a: Enamorus|69\/100\n|\n|-heal|p2a: Samurott|20\/100|[from] Grassy Terrain\n|upkeep\n|turn|5\n|\n|t:|1699908413\n|move|p2a: Samurott|Aqua Jet|p1a: Enamorus\n|-damage|p1a: Enamorus|42\/100\n|move|p1a: Enamorus|Moonblast|p2a: Samurott\n|-damage|p2a: Samurott|0 fnt\n|faint|p2a: Samurott\n|\n|-fieldend|move: Grassy Terrain\n|upkeep\n|\n|t:|1699908422\n|switch|p2a: Ninetales|Ninetales-Alola, F|100\/100\n|-weather|Snow|[from] ability: Snow Warning|[of] p2a: Ninetales\n|turn|6\n|\n|t:|1699908430\n|move|p1a: Enamorus|Moonblast|p2a: Ninetales\n|-damage|p2a: Ninetales|41\/100\n|-unboost|p2a: Ninetales|spa|1\n|move|p2a: Ninetales|Aurora Veil|p2a: Ninetales\n|-sidestart|p2: TheGr8est2EverDoIt|move: Aurora Veil\n|\n|-weather|Snow|[upkeep]\n|upkeep\n|turn|7\n|\n|t:|1699908446\n|switch|p2a: Frosmoth|Frosmoth, M|100\/100\n|move|p1a: Enamorus|Moonblast|p2a: Frosmoth\n|-damage|p2a: Frosmoth|82\/100\n|-unboost|p2a: Frosmoth|spa|1\n|\n|-weather|Snow|[upkeep]\n|upkeep\n|turn|8\n|\n|t:|1699908457\n|switch|p1a: Clodsire|Clodsire, M, shiny|100\/100\n|-damage|p1a: Clodsire|84\/100|[from] Spikes\n|move|p2a: Frosmoth|Quiver Dance|p2a: Frosmoth\n|-boost|p2a: Frosmoth|spa|1\n|-boost|p2a: Frosmoth|spd|1\n|-boost|p2a: Frosmoth|spe|1\n|\n|-weather|Snow|[upkeep]\n|-heal|p1a: Clodsire|90\/100|[from] item: Leftovers\n|upkeep\n|turn|9\n|\n|t:|1699908467\n|switch|p2a: Toxtricity|Toxtricity, M|100\/100\n|move|p1a: Clodsire|Toxic|p2a: Toxtricity\n|-immune|p2a: Toxtricity\n|\n|-weather|Snow|[upkeep]\n|-heal|p1a: Clodsire|96\/100|[from] item: Leftovers\n|upkeep\n|turn|10\n|\n|t:|1699908478\n|switch|p2a: Torterra|Torterra, M|100\/100\n|move|p1a: Clodsire|Stealth Rock|p2a: Torterra\n|-sidestart|p2: TheGr8est2EverDoIt|move: Stealth Rock\n|\n|-weather|none\n|-heal|p1a: Clodsire|100\/100|[from] item: Leftovers\n|upkeep\n|turn|11\n|\n|t:|1699908496\n|switch|p1a: Rillaboom|Rillaboom, M|23\/100\n|-damage|p1a: Rillaboom|7\/100|[from] Spikes\n|-fieldstart|move: Grassy Terrain|[from] ability: Grassy Surge|[of] p1a: Rillaboom\n|move|p2a: Torterra|Substitute|p2a: Torterra\n|-start|p2a: Torterra|Substitute\n|-damage|p2a: Torterra|76\/100\n|\n|-heal|p2a: Torterra|82\/100|[from] Grassy Terrain\n|-heal|p1a: Rillaboom|13\/100|[from] Grassy Terrain\n|upkeep\n|turn|12\n|\n|t:|1699908511\n|move|p1a: Rillaboom|Grassy Glide|p2a: Torterra\n|-end|p2a: Torterra|Substitute\n|move|p2a: Torterra|Shell Smash|p2a: Torterra\n|-unboost|p2a: Torterra|def|1\n|-unboost|p2a: Torterra|spd|1\n|-boost|p2a: Torterra|atk|2\n|-boost|p2a: Torterra|spa|2\n|-boost|p2a: Torterra|spe|2\n|\n|-heal|p2a: Torterra|88\/100|[from] Grassy Terrain\n|-heal|p1a: Rillaboom|19\/100|[from] Grassy Terrain\n|upkeep\n|turn|13\n|\n|t:|1699908530\n|-terastallize|p1a: Rillaboom|Grass\n|move|p1a: Rillaboom|Grassy Glide|p2a: Torterra\n|-damage|p2a: Torterra|28\/100\n|move|p2a: Torterra|Headlong Rush|p1a: Rillaboom\n|-resisted|p1a: Rillaboom\n|-damage|p1a: Rillaboom|0 fnt\n|-unboost|p2a: Torterra|def|1\n|-unboost|p2a: Torterra|spd|1\n|faint|p1a: Rillaboom\n|\n|-heal|p2a: Torterra|34\/100|[from] Grassy Terrain\n|-sideend|p2: TheGr8est2EverDoIt|move: Aurora Veil\n|upkeep\n|inactive|Jrmoore896 has 120 seconds left.\n|\n|t:|1699908544\n|switch|p1a: Sneasler|Sneasler, M, shiny|100\/100\n|-damage|p1a: Sneasler|84\/100|[from] Spikes\n|-enditem|p1a: Sneasler|Grassy Seed\n|-boost|p1a: Sneasler|def|1|[from] item: Grassy Seed\n|turn|14\n|\n|t:|1699908552\n|move|p1a: Sneasler|Dire Claw|p2a: Torterra\n|-damage|p2a: Torterra|0 fnt\n|faint|p2a: Torterra\n|\n|-heal|p1a: Sneasler|90\/100|[from] Grassy Terrain\n|upkeep\n|\n|t:|1699908559\n|switch|p2a: Zamazenta|Zamazenta|100\/100\n|-damage|p2a: Zamazenta|94\/100|[from] Stealth Rock\n|-ability|p2a: Zamazenta|Dauntless Shield|boost\n|-boost|p2a: Zamazenta|def|1\n|turn|15\n|\n|t:|1699908567\n|move|p1a: Sneasler|Swords Dance|p1a: Sneasler\n|-boost|p1a: Sneasler|atk|2\n|move|p2a: Zamazenta|Iron Defense|p2a: Zamazenta\n|-boost|p2a: Zamazenta|def|2\n|\n|-heal|p1a: Sneasler|96\/100|[from] Grassy Terrain\n|-heal|p2a: Zamazenta|100\/100|[from] Grassy Terrain\n|-fieldend|move: Grassy Terrain\n|upkeep\n|turn|16\n|\n|t:|1699908578\n|move|p1a: Sneasler|Swords Dance|p1a: Sneasler\n|-boost|p1a: Sneasler|atk|2\n|move|p2a: Zamazenta|Body Press|p1a: Sneasler\n|-resisted|p1a: Sneasler\n|-damage|p1a: Sneasler|44\/100\n|\n|upkeep\n|turn|17\n|\n|t:|1699908586\n|move|p1a: Sneasler|Acrobatics|p2a: Zamazenta\n|-supereffective|p2a: Zamazenta\n|-damage|p2a: Zamazenta|29\/100\n|move|p2a: Zamazenta|Body Press|p1a: Sneasler\n|-resisted|p1a: Sneasler\n|-damage|p1a: Sneasler|0 fnt\n|faint|p1a: Sneasler\n|\n|upkeep\n|\n|t:|1699908595\n|switch|p1a: Enamorus|Enamorus, F|42\/100\n|turn|18\n|\n|t:|1699908601\n|move|p1a: Enamorus|Moonblast|p2a: Zamazenta\n|-supereffective|p2a: Zamazenta\n|-damage|p2a: Zamazenta|0 fnt\n|faint|p2a: Zamazenta\n|\n|upkeep\n|\n|t:|1699908604\n|switch|p2a: Frosmoth|Frosmoth, M|82\/100\n|turn|19\n|\n|t:|1699908613\n|switch|p1a: Clodsire|Clodsire, M, shiny|100\/100\n|-damage|p1a: Clodsire|84\/100|[from] Spikes\n|move|p2a: Frosmoth|Quiver Dance|p2a: Frosmoth\n|-boost|p2a: Frosmoth|spa|1\n|-boost|p2a: Frosmoth|spd|1\n|-boost|p2a: Frosmoth|spe|1\n|\n|-heal|p1a: Clodsire|90\/100|[from] item: Leftovers\n|upkeep\n|turn|20\n|\n|t:|1699908625\n|move|p2a: Frosmoth|Ice Beam|p1a: Clodsire\n|-supereffective|p1a: Clodsire\n|-damage|p1a: Clodsire|38\/100\n|move|p1a: Clodsire|Toxic|p2a: Frosmoth\n|-status|p2a: Frosmoth|tox\n|\n|-heal|p1a: Clodsire|45\/100|[from] item: Leftovers\n|-damage|p2a: Frosmoth|76\/100 tox|[from] psn\n|upkeep\n|turn|21\n|\n|t:|1699908639\n|move|p2a: Frosmoth|Ice Beam|p1a: Clodsire\n|-supereffective|p1a: Clodsire\n|-damage|p1a: Clodsire|0 fnt\n|faint|p1a: Clodsire\n|\n|-damage|p2a: Frosmoth|64\/100 tox|[from] psn\n|upkeep\n|\n|t:|1699908650\n|switch|p1a: Dondozo|Dondozo, M|100\/100\n|-damage|p1a: Dondozo|84\/100|[from] Spikes\n|turn|22\n|\n|t:|1699908661\n|move|p2a: Frosmoth|Bug Buzz|p1a: Dondozo\n|-damage|p1a: Dondozo|47\/100\n|move|p1a: Dondozo|Liquidation|p2a: Frosmoth\n|-damage|p2a: Frosmoth|11\/100 tox\n|\n|-heal|p1a: Dondozo|53\/100|[from] item: Leftovers\n|-damage|p2a: Frosmoth|0 fnt|[from] psn\n|faint|p2a: Frosmoth\n|upkeep\n|\n|t:|1699908663\n|switch|p2a: Toxtricity|Toxtricity, M|100\/100\n|-damage|p2a: Toxtricity|88\/100|[from] Stealth Rock\n|turn|23\n|\n|t:|1699908682\n|move|p2a: Toxtricity|Shift Gear|p2a: Toxtricity\n|-boost|p2a: Toxtricity|spe|2\n|-boost|p2a: Toxtricity|atk|1\n|move|p1a: Dondozo|Earthquake|p2a: Toxtricity\n|-supereffective|p2a: Toxtricity\n|-damage|p2a: Toxtricity|0 fnt\n|faint|p2a: Toxtricity\n|\n|-heal|p1a: Dondozo|59\/100|[from] item: Leftovers\n|upkeep\n|c|\u2606TheGr8est2EverDoIt|gg\n|-message|TheGr8est2EverDoIt forfeited.\n|\n|win|Jrmoore896\n|raw|Jrmoore896's rating: 1480 &rarr; <strong>1505<\/strong><br \/>(+25 for winning)\n|raw|TheGr8est2EverDoIt's rating: 1572 &rarr; <strong>1547<\/strong><br \/>(-25 for losing)\n|l|\u2606TheGr8est2EverDoIt\n","uploadtime":1699908701,"views":10,"p1id":"jrmoore896","p2id":"thegr8est2everdoit","formatid":"gen9ou","rating":1505,"private":0,"password":""}