{"id":"gen9ou-1990707696","p1":"local girl kisser","p2":"ewqfewqfewq","format":"[Gen 9] OU","log":"|j|\u2606local girl kisser\n|j|\u2606ewqfewqfewq\n|t:|1699993569\n|gametype|singles\n|player|p1|local girl kisser|102|1085\n|player|p2|ewqfewqfewq|schoolkidf-gen4|1000\n|teamsize|p1|6\n|teamsize|p2|6\n|gen|9\n|tier|[Gen 9] OU\n|rated|\n|rule|Sleep Clause Mod: Limit one foe put to sleep\n|rule|Species Clause: Limit one of each Pok\u00e9mon\n|rule|OHKO Clause: OHKO moves are banned\n|rule|Evasion Items Clause: Evasion items are banned\n|rule|Evasion Moves Clause: Evasion moves are banned\n|rule|Endless Battle Clause: Forcing endless battles is banned\n|rule|HP Percentage Mod: HP is shown in percentages\n|clearpoke\n|poke|p1|Dragapult, F|\n|poke|p1|Torkoal, F|\n|poke|p1|Walking Wake|\n|poke|p1|Iron Valiant|\n|poke|p1|Ting-Lu|\n|poke|p1|Kingambit, M|\n|poke|p2|Cinderace, M|\n|poke|p2|Fezandipiti, M|\n|poke|p2|Corviknight, F|\n|poke|p2|Regidrago|\n|poke|p2|Ambipom, F|\n|poke|p2|Umbreon, F|\n|teampreview\n|\n|t:|1699993579\n|start\n|switch|p1a: Ting-Lu|Ting-Lu|100\/100\n|switch|p2a: Umbreon|Umbreon, F|100\/100\n|-ability|p1a: Ting-Lu|Vessel of Ruin\n|turn|1\n|\n|t:|1699993588\n|move|p2a: Umbreon|Toxic|p1a: Ting-Lu\n|-status|p1a: Ting-Lu|tox\n|move|p1a: Ting-Lu|Stealth Rock|p2a: Umbreon\n|-sidestart|p2: ewqfewqfewq|move: Stealth Rock\n|\n|-damage|p1a: Ting-Lu|94\/100 tox|[from] psn\n|upkeep\n|turn|2\n|\n|t:|1699993596\n|move|p2a: Umbreon|Wish|p2a: Umbreon\n|move|p1a: Ting-Lu|Taunt|p2a: Umbreon\n|-start|p2a: Umbreon|move: Taunt\n|\n|-damage|p1a: Ting-Lu|82\/100 tox|[from] psn\n|upkeep\n|turn|3\n|\n|t:|1699993606\n|switch|p2a: Cinderace|Cinderace, M, shiny|100\/100\n|switch|p1a: Iron Valiant|Iron Valiant, shiny|100\/100\n|-enditem|p1a: Iron Valiant|Booster Energy\n|-activate|p1a: Iron Valiant|ability: Quark Drive|[fromitem]\n|-start|p1a: Iron Valiant|quarkdrivespe\n|\n|upkeep\n|turn|4\n|\n|t:|1699993626\n|-end|p1a: Iron Valiant|Quark Drive|[silent]\n|switch|p1a: Torkoal|Torkoal, F|100\/100\n|-weather|SunnyDay|[from] ability: Drought|[of] p1a: Torkoal\n|move|p2a: Cinderace|Court Change|p2a: Cinderace\n|-start|p2a: Cinderace|typechange|Normal|[from] ability: Libero\n|-swapsideconditions\n|-activate|p2a: Cinderace|move: Court Change\n|\n|-weather|SunnyDay|[upkeep]\n|upkeep\n|turn|5\n|\n|t:|1699993636\n|switch|p2a: Fezandipiti|Fezandipiti, M|100\/100\n|move|p1a: Torkoal|Rapid Spin|p2a: Fezandipiti\n|-damage|p2a: Fezandipiti|92\/100\n|-boost|p1a: Torkoal|spe|1\n|-sideend|p1: local girl kisser|Stealth Rock|[from] move: Rapid Spin|[of] p1a: Torkoal\n|\n|-weather|SunnyDay|[upkeep]\n|-heal|p2a: Fezandipiti|98\/100|[from] item: Leftovers\n|upkeep\n|turn|6\n|\n|t:|1699993646\n|move|p2a: Fezandipiti|Toxic|p1a: Torkoal\n|-status|p1a: Torkoal|tox\n|move|p1a: Torkoal|Shell Smash|p1a: Torkoal\n|-unboost|p1a: Torkoal|def|1\n|-unboost|p1a: Torkoal|spd|1\n|-boost|p1a: Torkoal|atk|2\n|-boost|p1a: Torkoal|spa|2\n|-boost|p1a: Torkoal|spe|2\n|\n|-weather|SunnyDay|[upkeep]\n|-heal|p2a: Fezandipiti|100\/100|[from] item: Leftovers\n|-damage|p1a: Torkoal|94\/100 tox|[from] psn\n|upkeep\n|turn|7\n|\n|t:|1699993665\n|move|p2a: Fezandipiti|U-turn|p1a: Torkoal\n|-resisted|p1a: Torkoal\n|-damage|p1a: Torkoal|87\/100 tox\n|\n|t:|1699993671\n|switch|p2a: Umbreon|Umbreon, F|100\/100|[from] U-turn\n|move|p1a: Torkoal|Heat Wave|p2a: Umbreon\n|-damage|p2a: Umbreon|54\/100\n|\n|-weather|SunnyDay|[upkeep]\n|-heal|p2a: Umbreon|60\/100|[from] item: Leftovers\n|-damage|p1a: Torkoal|74\/100 tox|[from] psn\n|upkeep\n|turn|8\n|\n|t:|1699993692\n|move|p2a: Umbreon|Protect|p2a: Umbreon\n|-singleturn|p2a: Umbreon|Protect\n|move|p1a: Torkoal|Heat Wave|p2a: Umbreon\n|-activate|p2a: Umbreon|move: Protect\n|\n|-weather|SunnyDay|[upkeep]\n|-heal|p2a: Umbreon|66\/100|[from] item: Leftovers\n|-damage|p1a: Torkoal|56\/100 tox|[from] psn\n|upkeep\n|turn|9\n|\n|t:|1699993700\n|switch|p1a: Iron Valiant|Iron Valiant, shiny|100\/100\n|move|p2a: Umbreon|Wish|p2a: Umbreon\n|\n|-weather|SunnyDay|[upkeep]\n|-heal|p2a: Umbreon|72\/100|[from] item: Leftovers\n|upkeep\n|turn|10\n|\n|t:|1699993708\n|switch|p2a: Fezandipiti|Fezandipiti, M|100\/100\n|move|p1a: Iron Valiant|Moonblast|p2a: Fezandipiti\n|-resisted|p2a: Fezandipiti\n|-damage|p2a: Fezandipiti|88\/100\n|\n|-weather|SunnyDay|[upkeep]\n|-heal|p2a: Fezandipiti|100\/100|[from] move: Wish|[wisher] Umbreon\n|upkeep\n|turn|11\n|\n|t:|1699993720\n|-end|p1a: Iron Valiant|Quark Drive|[silent]\n|switch|p1a: Kingambit|Kingambit, M, shiny|100\/100\n|move|p2a: Fezandipiti|Play Rough|p1a: Kingambit\n|-damage|p1a: Kingambit|78\/100\n|\n|-weather|none\n|upkeep\n|turn|12\n|\n|t:|1699993728\n|switch|p2a: Corviknight|Corviknight, F|100\/100\n|move|p1a: Kingambit|Iron Head|p2a: Corviknight\n|-resisted|p2a: Corviknight\n|-damage|p2a: Corviknight|88\/100\n|\n|-heal|p2a: Corviknight|94\/100|[from] item: Leftovers\n|upkeep\n|turn|13\n|\n|t:|1699993739\n|-end|p1a: Kingambit|fallenundefined|[silent]\n|switch|p1a: Walking Wake|Walking Wake|100\/100\n|move|p2a: Corviknight|Body Press|p1a: Walking Wake\n|-damage|p1a: Walking Wake|72\/100\n|\n|-heal|p2a: Corviknight|99\/100|[from] item: Leftovers\n|upkeep\n|turn|14\n|\n|t:|1699993748\n|switch|p2a: Fezandipiti|Fezandipiti, M|100\/100\n|move|p1a: Walking Wake|Flamethrower|p2a: Fezandipiti\n|-damage|p2a: Fezandipiti|75\/100\n|\n|-heal|p2a: Fezandipiti|81\/100|[from] item: Leftovers\n|upkeep\n|turn|15\n|\n|t:|1699993762\n|-end|p1a: Walking Wake|Protosynthesis|[silent]\n|switch|p1a: Kingambit|Kingambit, M, shiny|78\/100\n|move|p2a: Fezandipiti|Toxic|p1a: Kingambit\n|-immune|p1a: Kingambit\n|\n|-heal|p2a: Fezandipiti|87\/100|[from] item: Leftovers\n|upkeep\n|turn|16\n|\n|t:|1699993770\n|switch|p2a: Corviknight|Corviknight, F|99\/100\n|move|p1a: Kingambit|Swords Dance|p1a: Kingambit\n|-boost|p1a: Kingambit|atk|2\n|\n|-heal|p2a: Corviknight|100\/100|[from] item: Leftovers\n|upkeep\n|turn|17\n|\n|t:|1699993785\n|move|p1a: Kingambit|Kowtow Cleave|p2a: Corviknight\n|-damage|p2a: Corviknight|47\/100\n|move|p2a: Corviknight|Body Press|p1a: Kingambit\n|-supereffective|p1a: Kingambit\n|-damage|p1a: Kingambit|0 fnt\n|faint|p1a: Kingambit\n|-end|p1a: Kingambit|fallenundefined|[silent]\n|\n|-heal|p2a: Corviknight|53\/100|[from] item: Leftovers\n|upkeep\n|\n|t:|1699993798\n|switch|p1a: Torkoal|Torkoal, F|56\/100 tox\n|-weather|SunnyDay|[from] ability: Drought|[of] p1a: Torkoal\n|turn|18\n|\n|t:|1699993805\n|switch|p2a: Fezandipiti|Fezandipiti, M|87\/100\n|move|p1a: Torkoal|Heat Wave|p2a: Fezandipiti|[miss]\n|-miss|p1a: Torkoal|p2a: Fezandipiti\n|\n|-weather|SunnyDay|[upkeep]\n|-heal|p2a: Fezandipiti|93\/100|[from] item: Leftovers\n|-damage|p1a: Torkoal|50\/100 tox|[from] psn\n|upkeep\n|turn|19\n|\n|t:|1699993815\n|switch|p1a: Ting-Lu|Ting-Lu|82\/100 tox\n|-ability|p1a: Ting-Lu|Vessel of Ruin\n|move|p2a: Fezandipiti|Play Rough|p1a: Ting-Lu\n|-supereffective|p1a: Ting-Lu\n|-damage|p1a: Ting-Lu|52\/100 tox\n|-enditem|p1a: Ting-Lu|Red Card|[of] p2a: Fezandipiti\n|drag|p2a: Regidrago|Regidrago|100\/100\n|\n|-weather|SunnyDay|[upkeep]\n|-damage|p1a: Ting-Lu|46\/100 tox|[from] psn\n|upkeep\n|turn|20\n|\n|t:|1699993828\n|move|p2a: Regidrago|Dragon Energy|p1a: Ting-Lu\n|-damage|p1a: Ting-Lu|3\/100 tox\n|move|p1a: Ting-Lu|Earthquake|p2a: Regidrago\n|-damage|p2a: Regidrago|60\/100\n|\n|-weather|SunnyDay|[upkeep]\n|-damage|p1a: Ting-Lu|0 fnt|[from] psn\n|faint|p1a: Ting-Lu\n|upkeep\n|\n|t:|1699993833\n|switch|p1a: Iron Valiant|Iron Valiant, shiny|100\/100\n|turn|21\n|\n|t:|1699993841\n|switch|p2a: Fezandipiti|Fezandipiti, M|93\/100\n|move|p1a: Iron Valiant|Knock Off|p2a: Fezandipiti\n|-resisted|p2a: Fezandipiti\n|-crit|p2a: Fezandipiti\n|-damage|p2a: Fezandipiti|70\/100\n|-enditem|p2a: Fezandipiti|Leftovers|[from] move: Knock Off|[of] p1a: Iron Valiant\n|\n|-weather|SunnyDay|[upkeep]\n|upkeep\n|turn|22\n|\n|t:|1699993863\n|-end|p1a: Iron Valiant|Quark Drive|[silent]\n|switch|p1a: Walking Wake|Walking Wake|72\/100\n|-activate|p1a: Walking Wake|ability: Protosynthesis\n|-start|p1a: Walking Wake|protosynthesisspe\n|move|p2a: Fezandipiti|Toxic|p1a: Walking Wake\n|-status|p1a: Walking Wake|tox\n|\n|-weather|SunnyDay|[upkeep]\n|-damage|p1a: Walking Wake|65\/100 tox|[from] psn\n|upkeep\n|turn|23\n|\n|t:|1699993872\n|-terastallize|p1a: Walking Wake|Water\n|move|p1a: Walking Wake|Hydro Steam|p2a: Fezandipiti\n|-damage|p2a: Fezandipiti|0 fnt\n|faint|p2a: Fezandipiti\n|\n|-weather|SunnyDay|[upkeep]\n|-damage|p1a: Walking Wake|53\/100 tox|[from] psn\n|upkeep\n|\n|t:|1699993880\n|switch|p2a: Umbreon|Umbreon, F|72\/100\n|turn|24\n|\n|t:|1699993884\n|move|p2a: Umbreon|Protect|p2a: Umbreon\n|-singleturn|p2a: Umbreon|Protect\n|move|p1a: Walking Wake|Hydro Steam|p2a: Umbreon\n|-activate|p2a: Umbreon|move: Protect\n|\n|-weather|SunnyDay|[upkeep]\n|-heal|p2a: Umbreon|78\/100|[from] item: Leftovers\n|-damage|p1a: Walking Wake|34\/100 tox|[from] psn\n|upkeep\n|turn|25\n|\n|t:|1699993892\n|move|p1a: Walking Wake|Hydro Steam|p2a: Umbreon\n|-damage|p2a: Umbreon|10\/100\n|move|p2a: Umbreon|Wish|p2a: Umbreon\n|\n|-weather|none\n|-end|p1a: Walking Wake|Protosynthesis\n|-heal|p2a: Umbreon|16\/100|[from] item: Leftovers\n|-damage|p1a: Walking Wake|10\/100 tox|[from] psn\n|upkeep\n|turn|26\n|\n|t:|1699993901\n|move|p2a: Umbreon|Protect|p2a: Umbreon\n|-singleturn|p2a: Umbreon|Protect\n|move|p1a: Walking Wake|Hydro Steam|p2a: Umbreon\n|-activate|p2a: Umbreon|move: Protect\n|\n|-heal|p2a: Umbreon|66\/100|[from] move: Wish|[wisher] Umbreon\n|-heal|p2a: Umbreon|72\/100|[from] item: Leftovers\n|-damage|p1a: Walking Wake|0 fnt|[from] psn\n|faint|p1a: Walking Wake\n|-end|p1a: Walking Wake|Protosynthesis|[silent]\n|upkeep\n|\n|t:|1699993905\n|switch|p1a: Iron Valiant|Iron Valiant, shiny|100\/100\n|turn|27\n|\n|t:|1699993920\n|move|p1a: Iron Valiant|Close Combat|p2a: Umbreon\n|-supereffective|p2a: Umbreon\n|-damage|p2a: Umbreon|0 fnt\n|-unboost|p1a: Iron Valiant|def|1\n|-unboost|p1a: Iron Valiant|spd|1\n|faint|p2a: Umbreon\n|\n|upkeep\n|\n|t:|1699993931\n|switch|p2a: Corviknight|Corviknight, F|53\/100\n|turn|28\n|\n|t:|1699993937\n|move|p1a: Iron Valiant|Close Combat|p2a: Corviknight\n|-damage|p2a: Corviknight|20\/100\n|-unboost|p1a: Iron Valiant|def|1\n|-unboost|p1a: Iron Valiant|spd|1\n|move|p2a: Corviknight|Roost|p2a: Corviknight\n|-heal|p2a: Corviknight|70\/100\n|-singleturn|p2a: Corviknight|move: Roost\n|\n|-heal|p2a: Corviknight|77\/100|[from] item: Leftovers\n|upkeep\n|turn|29\n|\n|t:|1699993952\n|-end|p1a: Iron Valiant|Quark Drive|[silent]\n|switch|p1a: Torkoal|Torkoal, F|50\/100 tox\n|-weather|SunnyDay|[from] ability: Drought|[of] p1a: Torkoal\n|move|p2a: Corviknight|U-turn|p1a: Torkoal\n|-resisted|p1a: Torkoal\n|-damage|p1a: Torkoal|45\/100 tox\n|\n|t:|1699993959\n|switch|p2a: Ambipom|Ambipom, F|100\/100|[from] U-turn\n|\n|-weather|SunnyDay|[upkeep]\n|-damage|p1a: Torkoal|38\/100 tox|[from] psn\n|upkeep\n|turn|30\n|\n|t:|1699993971\n|move|p2a: Ambipom|Fake Out|p1a: Torkoal\n|-damage|p1a: Torkoal|9\/100 tox\n|cant|p1a: Torkoal|flinch\n|\n|-weather|SunnyDay|[upkeep]\n|-damage|p1a: Torkoal|0 fnt|[from] psn\n|faint|p1a: Torkoal\n|upkeep\n|\n|t:|1699993974\n|switch|p1a: Dragapult|Dragapult, F|100\/100\n|turn|31\n|\n|t:|1699993994\n|switch|p2a: Corviknight|Corviknight, F|77\/100\n|move|p1a: Dragapult|Substitute|p1a: Dragapult\n|-start|p1a: Dragapult|Substitute\n|-damage|p1a: Dragapult|76\/100\n|\n|-weather|SunnyDay|[upkeep]\n|-heal|p1a: Dragapult|82\/100|[from] item: Leftovers\n|-heal|p2a: Corviknight|83\/100|[from] item: Leftovers\n|upkeep\n|turn|32\n|\n|t:|1699994003\n|move|p1a: Dragapult|Dragon Dance|p1a: Dragapult\n|-boost|p1a: Dragapult|atk|1\n|-boost|p1a: Dragapult|spe|1\n|move|p2a: Corviknight|U-turn|p1a: Dragapult\n|-resisted|p1a: Dragapult\n|-activate|p1a: Dragapult|move: Substitute|[damage]\n|\n|t:|1699994021\n|switch|p2a: Cinderace|Cinderace, M, shiny|100\/100|[from] U-turn\n|\n|-weather|SunnyDay|[upkeep]\n|-heal|p1a: Dragapult|88\/100|[from] item: Leftovers\n|upkeep\n|turn|33\n|\n|t:|1699994033\n|move|p1a: Dragapult|Dragon Dance|p1a: Dragapult\n|-boost|p1a: Dragapult|atk|1\n|-boost|p1a: Dragapult|spe|1\n|move|p2a: Cinderace|Pyro Ball|p1a: Dragapult\n|-resisted|p1a: Dragapult\n|-end|p1a: Dragapult|Substitute\n|\n|-weather|SunnyDay|[upkeep]\n|-heal|p1a: Dragapult|94\/100|[from] item: Leftovers\n|upkeep\n|turn|34\n|\n|t:|1699994048\n|switch|p2a: Ambipom|Ambipom, F|100\/100\n|move|p1a: Dragapult|Dragon Darts|p2a: Ambipom\n|-damage|p2a: Ambipom|8\/100\n|-anim|p1a: Dragapult|Dragon Darts|p2a: Ambipom\n|-damage|p2a: Ambipom|0 fnt\n|faint|p2a: Ambipom\n|\n|-weather|SunnyDay|[upkeep]\n|-heal|p1a: Dragapult|99\/100|[from] item: Leftovers\n|upkeep\n|\n|t:|1699994062\n|switch|p2a: Corviknight|Corviknight, F|83\/100\n|turn|35\n|\n|t:|1699994069\n|move|p1a: Dragapult|Substitute|p1a: Dragapult\n|-start|p1a: Dragapult|Substitute\n|-damage|p1a: Dragapult|75\/100\n|move|p2a: Corviknight|Iron Defense|p2a: Corviknight\n|-boost|p2a: Corviknight|def|2\n|\n|-weather|SunnyDay|[upkeep]\n|-heal|p1a: Dragapult|81\/100|[from] item: Leftovers\n|-heal|p2a: Corviknight|89\/100|[from] item: Leftovers\n|upkeep\n|turn|36\n|\n|t:|1699994093\n|move|p1a: Dragapult|Phantom Force||[still]\n|-prepare|p1a: Dragapult|Phantom Force\n|move|p2a: Corviknight|Iron Defense|p2a: Corviknight\n|-boost|p2a: Corviknight|def|2\n|\n|-weather|none\n|-heal|p1a: Dragapult|87\/100|[from] item: Leftovers\n|-heal|p2a: Corviknight|95\/100|[from] item: Leftovers\n|upkeep\n|turn|37\n|\n|t:|1699994102\n|move|p1a: Dragapult|Phantom Force|p2a: Corviknight|[from]lockedmove\n|-damage|p2a: Corviknight|75\/100\n|move|p2a: Corviknight|Iron Defense|p2a: Corviknight\n|-boost|p2a: Corviknight|def|2\n|\n|-heal|p1a: Dragapult|93\/100|[from] item: Leftovers\n|-heal|p2a: Corviknight|81\/100|[from] item: Leftovers\n|upkeep\n|turn|38\n|\n|t:|1699994112\n|move|p1a: Dragapult|Dragon Dance|p1a: Dragapult\n|-boost|p1a: Dragapult|atk|1\n|-boost|p1a: Dragapult|spe|1\n|move|p2a: Corviknight|Iron Defense|p2a: Corviknight\n|-boost|p2a: Corviknight|def|0\n|\n|-heal|p1a: Dragapult|99\/100|[from] item: Leftovers\n|-heal|p2a: Corviknight|88\/100|[from] item: Leftovers\n|upkeep\n|turn|39\n|\n|t:|1699994130\n|move|p1a: Dragapult|Dragon Dance|p1a: Dragapult\n|-boost|p1a: Dragapult|atk|1\n|-boost|p1a: Dragapult|spe|1\n|move|p2a: Corviknight|Iron Defense|p2a: Corviknight\n|-boost|p2a: Corviknight|def|0\n|\n|-heal|p1a: Dragapult|100\/100|[from] item: Leftovers\n|-heal|p2a: Corviknight|94\/100|[from] item: Leftovers\n|upkeep\n|turn|40\n|\n|t:|1699994145\n|move|p1a: Dragapult|Dragon Dance|p1a: Dragapult\n|-boost|p1a: Dragapult|atk|1\n|-boost|p1a: Dragapult|spe|1\n|move|p2a: Corviknight|Iron Defense|p2a: Corviknight\n|-boost|p2a: Corviknight|def|0\n|\n|-heal|p2a: Corviknight|99\/100|[from] item: Leftovers\n|upkeep\n|turn|41\n|\n|t:|1699994152\n|move|p1a: Dragapult|Dragon Dance|p1a: Dragapult\n|-boost|p1a: Dragapult|atk|1\n|-boost|p1a: Dragapult|spe|1\n|move|p2a: Corviknight|Iron Defense|p2a: Corviknight\n|-boost|p2a: Corviknight|def|0\n|\n|-heal|p2a: Corviknight|100\/100|[from] item: Leftovers\n|upkeep\n|turn|42\n|\n|t:|1699994160\n|move|p1a: Dragapult|Phantom Force||[still]\n|-prepare|p1a: Dragapult|Phantom Force\n|move|p2a: Corviknight|Iron Defense|p2a: Corviknight\n|-boost|p2a: Corviknight|def|0\n|\n|upkeep\n|turn|43\n|\n|t:|1699994165\n|move|p1a: Dragapult|Phantom Force|p2a: Corviknight|[from]lockedmove\n|-damage|p2a: Corviknight|71\/100\n|move|p2a: Corviknight|Iron Defense|p2a: Corviknight\n|-boost|p2a: Corviknight|def|0\n|\n|-heal|p2a: Corviknight|77\/100|[from] item: Leftovers\n|upkeep\n|turn|44\n|\n|t:|1699994173\n|move|p1a: Dragapult|Phantom Force||[still]\n|-prepare|p1a: Dragapult|Phantom Force\n|move|p2a: Corviknight|Iron Defense|p2a: Corviknight\n|-boost|p2a: Corviknight|def|0\n|\n|-heal|p2a: Corviknight|84\/100|[from] item: Leftovers\n|upkeep\n|turn|45\n|\n|t:|1699994178\n|move|p1a: Dragapult|Phantom Force|p2a: Corviknight|[from]lockedmove\n|-damage|p2a: Corviknight|57\/100\n|move|p2a: Corviknight|Iron Defense|p2a: Corviknight\n|-boost|p2a: Corviknight|def|0\n|\n|-heal|p2a: Corviknight|63\/100|[from] item: Leftovers\n|upkeep\n|turn|46\n|\n|t:|1699994186\n|move|p1a: Dragapult|Phantom Force||[still]\n|-prepare|p1a: Dragapult|Phantom Force\n|move|p2a: Corviknight|Iron Defense|p2a: Corviknight\n|-boost|p2a: Corviknight|def|0\n|\n|-heal|p2a: Corviknight|70\/100|[from] item: Leftovers\n|upkeep\n|turn|47\n|\n|t:|1699994192\n|move|p1a: Dragapult|Phantom Force|p2a: Corviknight|[from]lockedmove\n|-damage|p2a: Corviknight|40\/100\n|move|p2a: Corviknight|Roost|p2a: Corviknight\n|-heal|p2a: Corviknight|90\/100\n|-singleturn|p2a: Corviknight|move: Roost\n|\n|-heal|p2a: Corviknight|97\/100|[from] item: Leftovers\n|upkeep\n|turn|48\n|\n|t:|1699994206\n|move|p1a: Dragapult|Phantom Force||[still]\n|-prepare|p1a: Dragapult|Phantom Force\n|move|p2a: Corviknight|Iron Defense|p2a: Corviknight\n|-boost|p2a: Corviknight|def|0\n|\n|-heal|p2a: Corviknight|100\/100|[from] item: Leftovers\n|upkeep\n|turn|49\n|\n|t:|1699994212\n|move|p1a: Dragapult|Phantom Force|p2a: Corviknight|[from]lockedmove\n|-damage|p2a: Corviknight|70\/100\n|move|p2a: Corviknight|Iron Defense|p2a: Corviknight\n|-boost|p2a: Corviknight|def|0\n|\n|-heal|p2a: Corviknight|76\/100|[from] item: Leftovers\n|upkeep\n|turn|50\n|\n|t:|1699994226\n|move|p1a: Dragapult|Dragon Darts|p2a: Corviknight\n|-resisted|p2a: Corviknight\n|-damage|p2a: Corviknight|68\/100\n|-anim|p1a: Dragapult|Dragon Darts|p2a: Corviknight\n|-resisted|p2a: Corviknight\n|-damage|p2a: Corviknight|61\/100\n|move|p2a: Corviknight|Roost|p2a: Corviknight\n|-heal|p2a: Corviknight|100\/100\n|-singleturn|p2a: Corviknight|move: Roost\n|\n|upkeep\n|turn|51\n|\n|t:|1699994238\n|move|p1a: Dragapult|Dragon Dance|p1a: Dragapult\n|-boost|p1a: Dragapult|atk|0\n|-boost|p1a: Dragapult|spe|0\n|move|p2a: Corviknight|Iron Defense|p2a: Corviknight\n|-boost|p2a: Corviknight|def|0\n|\n|upkeep\n|turn|52\n|\n|t:|1699994244\n|move|p1a: Dragapult|Dragon Dance|p1a: Dragapult\n|-boost|p1a: Dragapult|atk|0\n|-boost|p1a: Dragapult|spe|0\n|move|p2a: Corviknight|Iron Defense|p2a: Corviknight\n|-boost|p2a: Corviknight|def|0\n|\n|upkeep\n|turn|53\n|\n|t:|1699994250\n|move|p1a: Dragapult|Phantom Force||[still]\n|-prepare|p1a: Dragapult|Phantom Force\n|move|p2a: Corviknight|Iron Defense|p2a: Corviknight\n|-boost|p2a: Corviknight|def|0\n|\n|upkeep\n|turn|54\n|\n|t:|1699994255\n|move|p1a: Dragapult|Phantom Force|p2a: Corviknight|[from]lockedmove\n|-damage|p2a: Corviknight|72\/100\n|move|p2a: Corviknight|Iron Defense|p2a: Corviknight\n|-boost|p2a: Corviknight|def|0\n|\n|-heal|p2a: Corviknight|79\/100|[from] item: Leftovers\n|upkeep\n|turn|55\n|\n|t:|1699994262\n|move|p1a: Dragapult|Phantom Force||[still]\n|-prepare|p1a: Dragapult|Phantom Force\n|move|p2a: Corviknight|Iron Defense|p2a: Corviknight\n|-boost|p2a: Corviknight|def|0\n|\n|-heal|p2a: Corviknight|85\/100|[from] item: Leftovers\n|upkeep\n|turn|56\n|\n|t:|1699994267\n|move|p1a: Dragapult|Phantom Force|p2a: Corviknight|[from]lockedmove\n|-damage|p2a: Corviknight|58\/100\n|move|p2a: Corviknight|Iron Defense|p2a: Corviknight\n|-boost|p2a: Corviknight|def|0\n|\n|-heal|p2a: Corviknight|64\/100|[from] item: Leftovers\n|upkeep\n|turn|57\n|\n|t:|1699994275\n|move|p1a: Dragapult|Phantom Force||[still]\n|-prepare|p1a: Dragapult|Phantom Force\n|move|p2a: Corviknight|Iron Defense|p2a: Corviknight\n|-boost|p2a: Corviknight|def|0\n|\n|-heal|p2a: Corviknight|70\/100|[from] item: Leftovers\n|upkeep\n|turn|58\n|\n|t:|1699994280\n|move|p1a: Dragapult|Phantom Force|p2a: Corviknight|[from]lockedmove\n|-damage|p2a: Corviknight|42\/100\n|move|p2a: Corviknight|Iron Defense|p2a: Corviknight\n|-boost|p2a: Corviknight|def|0\n|\n|-heal|p2a: Corviknight|49\/100|[from] item: Leftovers\n|upkeep\n|turn|59\n|\n|t:|1699994290\n|move|p1a: Dragapult|Phantom Force||[still]\n|-prepare|p1a: Dragapult|Phantom Force\n|move|p2a: Corviknight|Roost|p2a: Corviknight\n|-heal|p2a: Corviknight|99\/100\n|-singleturn|p2a: Corviknight|move: Roost\n|\n|-heal|p2a: Corviknight|100\/100|[from] item: Leftovers\n|upkeep\n|turn|60\n|\n|t:|1699994296\n|move|p1a: Dragapult|Phantom Force|p2a: Corviknight|[from]lockedmove\n|-damage|p2a: Corviknight|71\/100\n|move|p2a: Corviknight|Iron Defense|p2a: Corviknight\n|-boost|p2a: Corviknight|def|0\n|\n|-heal|p2a: Corviknight|77\/100|[from] item: Leftovers\n|upkeep\n|turn|61\n|\n|t:|1699994309\n|move|p1a: Dragapult|Phantom Force||[still]\n|-prepare|p1a: Dragapult|Phantom Force\n|move|p2a: Corviknight|Iron Defense|p2a: Corviknight\n|-boost|p2a: Corviknight|def|0\n|\n|-heal|p2a: Corviknight|84\/100|[from] item: Leftovers\n|upkeep\n|turn|62\n|\n|t:|1699994315\n|move|p1a: Dragapult|Phantom Force|p2a: Corviknight|[from]lockedmove\n|-damage|p2a: Corviknight|54\/100\n|move|p2a: Corviknight|Body Press|p1a: Dragapult\n|-immune|p1a: Dragapult\n|\n|-heal|p2a: Corviknight|60\/100|[from] item: Leftovers\n|upkeep\n|turn|63\n|c|\u2606local girl kisser|are you having fun man\n|\n|t:|1699994324\n|move|p1a: Dragapult|Phantom Force||[still]\n|-prepare|p1a: Dragapult|Phantom Force\n|move|p2a: Corviknight|Roost|p2a: Corviknight\n|-heal|p2a: Corviknight|100\/100\n|-singleturn|p2a: Corviknight|move: Roost\n|\n|upkeep\n|turn|64\n|\n|t:|1699994331\n|move|p1a: Dragapult|Phantom Force|p2a: Corviknight|[from]lockedmove\n|-damage|p2a: Corviknight|73\/100\n|move|p2a: Corviknight|Body Press|p1a: Dragapult\n|-immune|p1a: Dragapult\n|\n|-heal|p2a: Corviknight|79\/100|[from] item: Leftovers\n|upkeep\n|turn|65\n|\n|t:|1699994339\n|move|p1a: Dragapult|Phantom Force||[still]\n|-prepare|p1a: Dragapult|Phantom Force\n|move|p2a: Corviknight|Body Press|p1a: Dragapult|[miss]\n|-miss|p2a: Corviknight|p1a: Dragapult\n|\n|-heal|p2a: Corviknight|85\/100|[from] item: Leftovers\n|upkeep\n|turn|66\n|\n|t:|1699994346\n|move|p1a: Dragapult|Phantom Force|p2a: Corviknight|[from]lockedmove\n|-damage|p2a: Corviknight|58\/100\n|move|p2a: Corviknight|Body Press|p1a: Dragapult\n|-immune|p1a: Dragapult\n|\n|-heal|p2a: Corviknight|64\/100|[from] item: Leftovers\n|upkeep\n|turn|67\n|\n|t:|1699994357\n|move|p1a: Dragapult|Dragon Darts|p2a: Corviknight\n|-resisted|p2a: Corviknight\n|-damage|p2a: Corviknight|56\/100\n|-anim|p1a: Dragapult|Dragon Darts|p2a: Corviknight\n|-resisted|p2a: Corviknight\n|-damage|p2a: Corviknight|48\/100\n|move|p2a: Corviknight|Body Press|p1a: Dragapult\n|-immune|p1a: Dragapult\n|\n|-heal|p2a: Corviknight|54\/100|[from] item: Leftovers\n|upkeep\n|turn|68\n|\n|t:|1699994368\n|move|p1a: Dragapult|Dragon Darts|p2a: Corviknight\n|-resisted|p2a: Corviknight\n|-crit|p2a: Corviknight\n|-damage|p2a: Corviknight|8\/100\n|-anim|p1a: Dragapult|Dragon Darts|p2a: Corviknight\n|-resisted|p2a: Corviknight\n|-damage|p2a: Corviknight|0 fnt\n|faint|p2a: Corviknight\n|\n|upkeep\n|c|\u2606local girl kisser|FINALLY\n|\n|t:|1699994376\n|switch|p2a: Cinderace|Cinderace, M, shiny|100\/100\n|turn|69\n|\n|t:|1699994384\n|move|p1a: Dragapult|Dragon Darts|p2a: Cinderace\n|-damage|p2a: Cinderace|0 fnt\n|faint|p2a: Cinderace\n|\n|upkeep\n|\n|t:|1699994389\n|switch|p2a: Regidrago|Regidrago|60\/100\n|turn|70\n|\n|t:|1699994393\n|-terastallize|p2a: Regidrago|Dragon\n|move|p1a: Dragapult|Dragon Darts|p2a: Regidrago\n|-supereffective|p2a: Regidrago\n|-damage|p2a: Regidrago|0 fnt\n|faint|p2a: Regidrago\n|\n|win|local girl kisser\n|raw|local girl kisser's rating: 1085 &rarr; <strong>1106<\/strong><br \/>(+21 for winning)\n|raw|ewqfewqfewq's rating: 1000 &rarr; <strong>1000<\/strong><br \/>(+0 for losing)\n|c|\u2606local girl kisser|ggs\n|l|\u2606ewqfewqfewq\n","uploadtime":1699994414,"views":11,"p1id":"localgirlkisser","p2id":"ewqfewqfewq","formatid":"gen9ou","rating":1000,"private":0,"password":""}