{"id":"gen9ou-1994444674","p1":"LazyForReal","p2":"localdealerr","format":"[Gen 9] OU","log":"|j|\u2606LazyForReal\n|j|\u2606localdealerr\n|t:|1700444680\n|gametype|singles\n|player|p1|LazyForReal|n-masters|1758\n|player|p2|localdealerr|170|1814\n|teamsize|p1|6\n|teamsize|p2|6\n|gen|9\n|tier|[Gen 9] OU\n|rated|\n|rule|Sleep Clause Mod: Limit one foe put to sleep\n|rule|Species Clause: Limit one of each Pok\u00e9mon\n|rule|OHKO Clause: OHKO moves are banned\n|rule|Evasion Items Clause: Evasion items are banned\n|rule|Evasion Moves Clause: Evasion moves are banned\n|rule|Endless Battle Clause: Forcing endless battles is banned\n|rule|HP Percentage Mod: HP is shown in percentages\n|clearpoke\n|poke|p1|Glimmora, M|\n|poke|p1|Iron Valiant|\n|poke|p1|Hawlucha, F|\n|poke|p1|Armarouge, M|\n|poke|p1|Indeedee, M|\n|poke|p1|Ogerpon-Wellspring, F|\n|poke|p2|Glimmora, F|\n|poke|p2|Ogerpon-Wellspring, F|\n|poke|p2|Great Tusk|\n|poke|p2|Gholdengo|\n|poke|p2|Kingambit, M|\n|poke|p2|Zapdos|\n|teampreview\n|inactive|Battle timer is ON: inactive players will automatically lose when time's up. (requested by LazyForReal)\n|j| diyuenji\n|\n|t:|1700444702\n|start\n|switch|p1a: SZA|Indeedee, M|100\/100\n|switch|p2a: ocky rocky.|Glimmora, F|100\/100\n|-fieldstart|move: Psychic Terrain|[from] ability: Psychic Surge|[of] p1a: SZA\n|turn|1\n|\n|t:|1700444708\n|switch|p2a: freebandgang.|Gholdengo|100\/100\n|move|p1a: SZA|Psyshock|p2a: freebandgang.\n|-resisted|p2a: freebandgang.\n|-damage|p2a: freebandgang.|85\/100\n|\n|-heal|p2a: freebandgang.|91\/100|[from] item: Leftovers\n|upkeep\n|turn|2\n|\n|t:|1700444712\n|switch|p1a: RICK ROSS|Glimmora, M, shiny|100\/100\n|move|p2a: freebandgang.|Thunder Wave|p1a: RICK ROSS|[miss]\n|-miss|p2a: freebandgang.|p1a: RICK ROSS\n|\n|-heal|p2a: freebandgang.|97\/100|[from] item: Leftovers\n|upkeep\n|turn|3\n|\n|t:|1700444719\n|move|p1a: RICK ROSS|Stealth Rock|p2a: freebandgang.\n|-sidestart|p2: localdealerr|move: Stealth Rock\n|move|p2a: freebandgang.|Thunder Wave|p1a: RICK ROSS\n|-status|p1a: RICK ROSS|par\n|\n|-heal|p2a: freebandgang.|100\/100|[from] item: Leftovers\n|upkeep\n|turn|4\n|\n|t:|1700444723\n|move|p2a: freebandgang.|Hex|p1a: RICK ROSS\n|-damage|p1a: RICK ROSS|19\/100 par\n|move|p1a: RICK ROSS|Earth Power|p2a: freebandgang.\n|-supereffective|p2a: freebandgang.\n|-damage|p2a: freebandgang.|38\/100\n|\n|-heal|p2a: freebandgang.|45\/100|[from] item: Leftovers\n|upkeep\n|turn|5\n|\n|t:|1700444726\n|move|p2a: freebandgang.|Recover|p2a: freebandgang.\n|-heal|p2a: freebandgang.|95\/100\n|move|p1a: RICK ROSS|Earth Power|p2a: freebandgang.\n|-supereffective|p2a: freebandgang.\n|-damage|p2a: freebandgang.|37\/100\n|\n|-heal|p2a: freebandgang.|43\/100|[from] item: Leftovers\n|upkeep\n|turn|6\n|j| t-modesty\n|\n|t:|1700444729\n|switch|p1a: HENDRIX|Ogerpon-Wellspring, F|100\/100\n|move|p2a: freebandgang.|Recover|p2a: freebandgang.\n|-heal|p2a: freebandgang.|94\/100\n|\n|-heal|p2a: freebandgang.|99\/100|[from] item: Leftovers\n|upkeep\n|turn|7\n|j| Sbejgkdnf\n|l| Sbejgkdnf\n|\n|t:|1700444747\n|switch|p1a: RICK ROSS|Glimmora, M, shiny|19\/100 par\n|move|p2a: freebandgang.|Thunder Wave|p1a: RICK ROSS\n|-fail|p1a: RICK ROSS|par\n|\n|-heal|p2a: freebandgang.|100\/100|[from] item: Leftovers\n|upkeep\n|turn|8\n|\n|t:|1700444751\n|move|p2a: freebandgang.|Hex|p1a: RICK ROSS\n|-damage|p1a: RICK ROSS|0 fnt\n|faint|p1a: RICK ROSS\n|\n|-fieldend|move: Psychic Terrain\n|upkeep\n|\n|t:|1700444758\n|switch|p1a: MEGAMAN|Armarouge, M|100\/100\n|turn|9\n|j| HereForFrens\n|\n|t:|1700444764\n|switch|p2a: ocky rocky.|Glimmora, F|100\/100\n|-damage|p2a: ocky rocky.|88\/100|[from] Stealth Rock\n|move|p1a: MEGAMAN|Armor Cannon|p2a: ocky rocky.\n|-resisted|p2a: ocky rocky.\n|-damage|p2a: ocky rocky.|45\/100\n|-unboost|p1a: MEGAMAN|def|1\n|-unboost|p1a: MEGAMAN|spd|1\n|\n|upkeep\n|turn|10\n|\n|t:|1700444769\n|switch|p1a: SZA|Indeedee, M|100\/100\n|-fieldstart|move: Psychic Terrain|[from] ability: Psychic Surge|[of] p1a: SZA\n|move|p2a: ocky rocky.|Sludge Wave|p1a: SZA\n|-damage|p1a: SZA|4\/100\n|\n|upkeep\n|turn|11\n|\n|t:|1700444772\n|switch|p2a: freebandgang.|Gholdengo|100\/100\n|-damage|p2a: freebandgang.|94\/100|[from] Stealth Rock\n|move|p1a: SZA|Psyshock|p2a: freebandgang.\n|-resisted|p2a: freebandgang.\n|-damage|p2a: freebandgang.|76\/100\n|\n|-heal|p2a: freebandgang.|82\/100|[from] item: Leftovers\n|upkeep\n|turn|12\n|j| Seleukos\n|\n|t:|1700444790\n|move|p1a: SZA|Healing Wish|p1a: SZA\n|faint|p1a: SZA\n|move|p2a: freebandgang.|Thunder Wave|p1: SZA|[notarget]\n|-fail|p2a: freebandgang.\n|\n|-heal|p2a: freebandgang.|88\/100|[from] item: Leftovers\n|upkeep\n|\n|t:|1700444795\n|switch|p1a: MEGAMAN|Armarouge, M|100\/100\n|turn|13\n|\n|t:|1700444801\n|switch|p2a: ocky rocky.|Glimmora, F|45\/100\n|-damage|p2a: ocky rocky.|33\/100|[from] Stealth Rock\n|move|p1a: MEGAMAN|Armor Cannon|p2a: ocky rocky.\n|-resisted|p2a: ocky rocky.\n|-damage|p2a: ocky rocky.|0 fnt\n|-unboost|p1a: MEGAMAN|def|1\n|-unboost|p1a: MEGAMAN|spd|1\n|faint|p2a: ocky rocky.\n|\n|upkeep\n|\n|t:|1700444809\n|switch|p2a: 2 twin tusks.|Great Tusk|100\/100\n|-damage|p2a: 2 twin tusks.|98\/100|[from] Stealth Rock\n|-enditem|p2a: 2 twin tusks.|Booster Energy\n|-activate|p2a: 2 twin tusks.|ability: Protosynthesis|[fromitem]\n|-start|p2a: 2 twin tusks.|protosynthesisspe\n|turn|14\n|\n|t:|1700444819\n|move|p2a: 2 twin tusks.|Ice Spinner|p1a: MEGAMAN\n|-resisted|p1a: MEGAMAN\n|-damage|p1a: MEGAMAN|82\/100\n|-ability|p1a: MEGAMAN|Weak Armor|boost\n|-unboost|p1a: MEGAMAN|def|1\n|-boost|p1a: MEGAMAN|spe|2\n|-fieldend|move: Psychic Terrain\n|move|p1a: MEGAMAN|Expanding Force|p2a: 2 twin tusks.\n|-supereffective|p2a: 2 twin tusks.\n|-damage|p2a: 2 twin tusks.|0 fnt\n|faint|p2a: 2 twin tusks.\n|-end|p2a: 2 twin tusks.|Protosynthesis|[silent]\n|\n|upkeep\n|l| HereForFrens\n|j| HereForFrens\n|l| HereForFrens\n|\n|t:|1700444846\n|switch|p2a: skillgambit.|Kingambit, M|100\/100\n|-damage|p2a: skillgambit.|94\/100|[from] Stealth Rock\n|-activate|p2a: skillgambit.|ability: Supreme Overlord\n|-start|p2a: skillgambit.|fallen2|[silent]\n|turn|15\n|\n|t:|1700444849\n|move|p2a: skillgambit.|Sucker Punch||[still]\n|-fail|p2a: skillgambit.\n|move|p1a: MEGAMAN|Destiny Bond|p1a: MEGAMAN\n|-singlemove|p1a: MEGAMAN|Destiny Bond\n|\n|upkeep\n|turn|16\n|\n|t:|1700444854\n|move|p2a: skillgambit.|Sucker Punch|p1a: MEGAMAN\n|-supereffective|p1a: MEGAMAN\n|-damage|p1a: MEGAMAN|0 fnt\n|faint|p1a: MEGAMAN\n|-activate|p1a: MEGAMAN|move: Destiny Bond\n|faint|p2a: skillgambit.\n|-end|p2a: skillgambit.|fallen2|[silent]\n|\n|upkeep\n|\n|t:|1700444868\n|switch|p1a: LIL WAYNE|Iron Valiant, shiny|100\/100\n|switch|p2a: freebandgang.|Gholdengo|88\/100\n|-damage|p2a: freebandgang.|82\/100|[from] Stealth Rock\n|-enditem|p1a: LIL WAYNE|Booster Energy\n|-activate|p1a: LIL WAYNE|ability: Quark Drive|[fromitem]\n|-start|p1a: LIL WAYNE|quarkdrivespe\n|turn|17\n|\n|t:|1700444870\n|-end|p1a: LIL WAYNE|Quark Drive|[silent]\n|switch|p1a: DRAKE!???|Hawlucha, F, shiny|100\/100\n|move|p2a: freebandgang.|Thunder Wave|p1a: DRAKE!???\n|-status|p1a: DRAKE!???|par\n|\n|-heal|p2a: freebandgang.|88\/100|[from] item: Leftovers\n|upkeep\n|turn|18\n|\n|t:|1700444873\n|move|p2a: freebandgang.|Hex|p1a: DRAKE!???\n|-damage|p1a: DRAKE!???|0 fnt\n|faint|p1a: DRAKE!???\n|\n|-heal|p2a: freebandgang.|94\/100|[from] item: Leftovers\n|upkeep\n|\n|t:|1700444875\n|switch|p1a: HENDRIX|Ogerpon-Wellspring, F|100\/100\n|turn|19\n|\n|t:|1700444880\n|move|p1a: HENDRIX|Ivy Cudgel|p2a: freebandgang.|[anim] Ivy Cudgel Water\n|-crit|p2a: freebandgang.\n|-damage|p2a: freebandgang.|29\/100\n|move|p2a: freebandgang.|Thunder Wave|p1a: HENDRIX\n|-status|p1a: HENDRIX|par\n|\n|-heal|p2a: freebandgang.|35\/100|[from] item: Leftovers\n|upkeep\n|turn|20\n|j| dealmaker\n|\n|t:|1700444886\n|move|p2a: freebandgang.|Recover|p2a: freebandgang.\n|-heal|p2a: freebandgang.|85\/100\n|move|p1a: HENDRIX|Horn Leech|p2a: freebandgang.\n|-resisted|p2a: freebandgang.\n|-damage|p2a: freebandgang.|71\/100\n|\n|-heal|p2a: freebandgang.|77\/100|[from] item: Leftovers\n|upkeep\n|turn|21\n|\n|t:|1700444893\n|-terastallize|p1a: HENDRIX|Water\n|detailschange|p1a: HENDRIX|Ogerpon-Wellspring-Tera, F, tera:Water\n|-ability|p1a: HENDRIX|Embody Aspect (Wellspring)|boost\n|-boost|p1a: HENDRIX|spd|1\n|move|p2a: freebandgang.|Hex|p1a: HENDRIX\n|-damage|p1a: HENDRIX|58\/100 par\n|move|p1a: HENDRIX|Ivy Cudgel|p2a: freebandgang.|[anim] Ivy Cudgel Water\n|-damage|p2a: freebandgang.|20\/100\n|\n|-heal|p2a: freebandgang.|26\/100|[from] item: Leftovers\n|upkeep\n|turn|22\n|\n|t:|1700444902\n|move|p2a: freebandgang.|Hex|p1a: HENDRIX\n|-damage|p1a: HENDRIX|11\/100 par\n|cant|p1a: HENDRIX|par\n|\n|-heal|p2a: freebandgang.|33\/100|[from] item: Leftovers\n|upkeep\n|turn|23\n|\n|t:|1700444906\n|move|p2a: freebandgang.|Hex|p1a: HENDRIX\n|-damage|p1a: HENDRIX|0 fnt\n|faint|p1a: HENDRIX\n|\n|-heal|p2a: freebandgang.|39\/100|[from] item: Leftovers\n|upkeep\n|\n|t:|1700444907\n|switch|p1a: LIL WAYNE|Iron Valiant, shiny|100\/100\n|turn|24\n|\n|t:|1700444920\n|move|p1a: LIL WAYNE|Moonblast|p2a: freebandgang.\n|-resisted|p2a: freebandgang.\n|-damage|p2a: freebandgang.|17\/100\n|move|p2a: freebandgang.|Make It Rain|p1a: LIL WAYNE\n|-supereffective|p1a: LIL WAYNE\n|-damage|p1a: LIL WAYNE|0 fnt\n|-unboost|p2a: freebandgang.|spa|1\n|faint|p1a: LIL WAYNE\n|-end|p1a: LIL WAYNE|Quark Drive|[silent]\n|\n|win|localdealerr\n|raw|LazyForReal's rating: 1758 &rarr; <strong>1741<\/strong><br \/>(-17 for losing)\n|raw|localdealerr's rating: 1814 &rarr; <strong>1831<\/strong><br \/>(+17 for winning)\n|c|\u2606localdealerr|gg\n|l| diyuenji\n|c|\u2606localdealerr|wp\n|c|\u2606LazyForReal|gg\n","uploadtime":1700444937,"views":9,"p1id":"lazyforreal","p2id":"localdealerr","formatid":"gen9ou","rating":1741,"private":0,"password":""}