{"id":"gen9ou-1995441647","p1":"Shoma Yusa","p2":"50.cal Bonk!","format":"[Gen 9] OU","log":"|j|\u2606Shoma Yusa\n|j|\u260650.cal Bonk!\n|t:|1700571202\n|gametype|singles\n|player|p1|Shoma Yusa|grimsley|1216\n|player|p2|50.cal Bonk!|hilbert|1195\n|teamsize|p1|6\n|teamsize|p2|6\n|gen|9\n|tier|[Gen 9] OU\n|rated|\n|rule|Sleep Clause Mod: Limit one foe put to sleep\n|rule|Species Clause: Limit one of each Pok\u00e9mon\n|rule|OHKO Clause: OHKO moves are banned\n|rule|Evasion Items Clause: Evasion items are banned\n|rule|Evasion Moves Clause: Evasion moves are banned\n|rule|Endless Battle Clause: Forcing endless battles is banned\n|rule|HP Percentage Mod: HP is shown in percentages\n|clearpoke\n|poke|p1|Iron Valiant|\n|poke|p1|Kingambit, F|\n|poke|p1|Greninja-*, M|\n|poke|p1|Manaphy|\n|poke|p1|Hatterene, F|\n|poke|p1|Enamorus, F|\n|poke|p2|Samurott-Hisui, M|\n|poke|p2|Slowking-Galar, M|\n|poke|p2|Cinderace, M|\n|poke|p2|Corviknight, M|\n|poke|p2|Grimmsnarl, M|\n|poke|p2|Kingambit, M|\n|teampreview\n|\n|t:|1700571220\n|start\n|switch|p1a: Manaphy|Manaphy|100\/100\n|switch|p2a: Samurott|Samurott-Hisui, M, shiny|100\/100\n|turn|1\n|\n|t:|1700571232\n|move|p2a: Samurott|Flip Turn|p1a: Manaphy\n|-resisted|p1a: Manaphy\n|-damage|p1a: Manaphy|86\/100\n|\n|t:|1700571236\n|switch|p2a: Grimmsnarl|Grimmsnarl, M, shiny|100\/100|[from] Flip Turn\n|move|p1a: Manaphy|Tail Glow|p1a: Manaphy\n|-boost|p1a: Manaphy|spa|3\n|\n|-heal|p1a: Manaphy|92\/100|[from] item: Leftovers\n|upkeep\n|turn|2\n|\n|t:|1700571243\n|move|p2a: Grimmsnarl|Light Screen|p2a: Grimmsnarl\n|-sidestart|p2: 50.cal Bonk!|move: Light Screen\n|move|p1a: Manaphy|Scald|p2a: Grimmsnarl\n|-damage|p2a: Grimmsnarl|68\/100\n|\n|-heal|p1a: Manaphy|99\/100|[from] item: Leftovers\n|upkeep\n|turn|3\n|\n|t:|1700571249\n|move|p2a: Grimmsnarl|Parting Shot|p1a: Manaphy\n|-unboost|p1a: Manaphy|atk|1\n|-unboost|p1a: Manaphy|spa|1\n|\n|t:|1700571257\n|switch|p2a: Samurott|Samurott-Hisui, M, shiny|100\/100|[from] Parting Shot\n|move|p1a: Manaphy|Tail Glow|p1a: Manaphy\n|-boost|p1a: Manaphy|spa|3\n|\n|-heal|p1a: Manaphy|100\/100|[from] item: Leftovers\n|upkeep\n|turn|4\n|\n|t:|1700571264\n|move|p2a: Samurott|Ceaseless Edge|p1a: Manaphy\n|-damage|p1a: Manaphy|60\/100\n|-sidestart|p1: Shoma Yusa|Spikes\n|move|p1a: Manaphy|Energy Ball|p2a: Samurott\n|-supereffective|p2a: Samurott\n|-damage|p2a: Samurott|0 fnt\n|faint|p2a: Samurott\n|\n|-heal|p1a: Manaphy|66\/100|[from] item: Leftovers\n|upkeep\n|\n|t:|1700571274\n|switch|p2a: Cinderace|Cinderace, M, shiny|100\/100\n|turn|5\n|\n|t:|1700571277\n|move|p2a: Cinderace|High Jump Kick|p1a: Manaphy\n|-start|p2a: Cinderace|typechange|Fighting|[from] ability: Libero\n|-damage|p1a: Manaphy|0 fnt\n|faint|p1a: Manaphy\n|\n|upkeep\n|\n|t:|1700571292\n|switch|p1a: Iron Valiant|Iron Valiant|100\/100\n|-damage|p1a: Iron Valiant|88\/100|[from] Spikes\n|-enditem|p1a: Iron Valiant|Booster Energy\n|-activate|p1a: Iron Valiant|ability: Quark Drive|[fromitem]\n|-start|p1a: Iron Valiant|quarkdrivespe\n|turn|6\n|\n|t:|1700571304\n|switch|p2a: Slowking|Slowking-Galar, M, shiny|100\/100\n|move|p1a: Iron Valiant|Psyshock|p2a: Slowking\n|-damage|p2a: Slowking|87\/100\n|\n|upkeep\n|turn|7\n|\n|t:|1700571313\n|move|p1a: Iron Valiant|Moonblast|p2a: Slowking\n|-resisted|p2a: Slowking\n|-damage|p2a: Slowking|78\/100\n|move|p2a: Slowking|Future Sight|p1a: Iron Valiant\n|-start|p2a: Slowking|move: Future Sight\n|\n|upkeep\n|turn|8\n|\n|t:|1700571322\n|-end|p1a: Iron Valiant|Quark Drive|[silent]\n|switch|p1a: Hatterene|Hatterene, F|100\/100\n|move|p2a: Slowking|Chilly Reception|p2a: Slowking\n|-weather|Snow\n|\n|t:|1700571331\n|switch|p2a: Kingambit|Kingambit, M, shiny|100\/100|[from] Chilly Reception\n|-activate|p2a: Kingambit|ability: Supreme Overlord\n|-start|p2a: Kingambit|fallen1|[silent]\n|\n|-weather|Snow|[upkeep]\n|upkeep\n|turn|9\n|\n|t:|1700571339\n|move|p2a: Kingambit|Iron Head|p1a: Hatterene\n|-supereffective|p1a: Hatterene\n|-damage|p1a: Hatterene|0 fnt\n|faint|p1a: Hatterene\n|\n|-weather|Snow|[upkeep]\n|-hint|Future Sight did not hit because the target is fainted.\n|-sideend|p2: 50.cal Bonk!|move: Light Screen\n|upkeep\n|\n|t:|1700571345\n|switch|p1a: Enamorus|Enamorus, F|100\/100\n|turn|10\n|\n|t:|1700571352\n|-end|p2a: Kingambit|fallen1|[silent]\n|switch|p2a: Corviknight|Corviknight, M, shiny|100\/100\n|-ability|p2a: Corviknight|Pressure\n|move|p1a: Enamorus|Superpower|p2a: Corviknight\n|-damage|p2a: Corviknight|76\/100\n|-boost|p1a: Enamorus|atk|1\n|-boost|p1a: Enamorus|def|1\n|-damage|p1a: Enamorus|84\/100|[from] item: Rocky Helmet|[of] p2a: Corviknight\n|\n|-weather|Snow|[upkeep]\n|-heal|p1a: Enamorus|90\/100|[from] item: Leftovers\n|upkeep\n|turn|11\n|\n|t:|1700571363\n|move|p1a: Enamorus|Substitute|p1a: Enamorus\n|-start|p1a: Enamorus|Substitute\n|-damage|p1a: Enamorus|65\/100\n|move|p2a: Corviknight|U-turn|p1a: Enamorus\n|-resisted|p1a: Enamorus\n|-activate|p1a: Enamorus|move: Substitute|[damage]\n|\n|t:|1700571373\n|switch|p2a: Grimmsnarl|Grimmsnarl, M, shiny|68\/100|[from] U-turn\n|\n|-weather|Snow|[upkeep]\n|-heal|p1a: Enamorus|71\/100|[from] item: Leftovers\n|upkeep\n|turn|12\n|\n|t:|1700571377\n|move|p2a: Grimmsnarl|Reflect|p2a: Grimmsnarl\n|-sidestart|p2: 50.cal Bonk!|Reflect\n|move|p1a: Enamorus|Superpower|p2a: Grimmsnarl\n|-damage|p2a: Grimmsnarl|31\/100\n|-boost|p1a: Enamorus|atk|1\n|-boost|p1a: Enamorus|def|1\n|\n|-weather|none\n|-heal|p1a: Enamorus|78\/100|[from] item: Leftovers\n|upkeep\n|turn|13\n|\n|t:|1700571382\n|move|p2a: Grimmsnarl|Light Screen|p2a: Grimmsnarl\n|-sidestart|p2: 50.cal Bonk!|move: Light Screen\n|move|p1a: Enamorus|Superpower|p2a: Grimmsnarl\n|-damage|p2a: Grimmsnarl|0 fnt\n|-boost|p1a: Enamorus|atk|1\n|-boost|p1a: Enamorus|def|1\n|faint|p2a: Grimmsnarl\n|\n|-heal|p1a: Enamorus|84\/100|[from] item: Leftovers\n|upkeep\n|\n|t:|1700571398\n|switch|p2a: Slowking|Slowking-Galar, M, shiny|100\/100\n|turn|14\n|\n|t:|1700571401\n|move|p1a: Enamorus|Fly||[still]\n|-prepare|p1a: Enamorus|Fly\n|move|p2a: Slowking|Future Sight|p1a: Enamorus\n|-start|p2a: Slowking|move: Future Sight\n|\n|-heal|p1a: Enamorus|90\/100|[from] item: Leftovers\n|upkeep\n|turn|15\n|\n|t:|1700571408\n|switch|p2a: Corviknight|Corviknight, M, shiny|76\/100\n|-ability|p2a: Corviknight|Pressure\n|move|p1a: Enamorus|Fly|p2a: Corviknight|[from]lockedmove\n|-resisted|p2a: Corviknight\n|-damage|p2a: Corviknight|60\/100\n|-damage|p1a: Enamorus|74\/100|[from] item: Rocky Helmet|[of] p2a: Corviknight\n|\n|-heal|p1a: Enamorus|80\/100|[from] item: Leftovers\n|upkeep\n|turn|16\n|\n|t:|1700571424\n|move|p1a: Enamorus|Fly||[still]\n|-prepare|p1a: Enamorus|Fly\n|move|p2a: Corviknight|Roost|p2a: Corviknight|[miss]\n|-heal|p2a: Corviknight|100\/100\n|-singleturn|p2a: Corviknight|move: Roost\n|\n|-end|p1a: Enamorus|move: Future Sight\n|-miss|p2: Slowking|p1a: Enamorus\n|-heal|p1a: Enamorus|86\/100|[from] item: Leftovers\n|upkeep\n|turn|17\n|\n|t:|1700571435\n|move|p1a: Enamorus|Fly|p2a: Corviknight|[from]lockedmove\n|-resisted|p2a: Corviknight\n|-damage|p2a: Corviknight|86\/100\n|-damage|p1a: Enamorus|69\/100|[from] item: Rocky Helmet|[of] p2a: Corviknight\n|move|p2a: Corviknight|Brave Bird|p1a: Enamorus\n|-end|p1a: Enamorus|Substitute\n|-damage|p2a: Corviknight|81\/100|[from] Recoil|[of] p1a: Enamorus\n|\n|-heal|p1a: Enamorus|76\/100|[from] item: Leftovers\n|upkeep\n|turn|18\n|\n|t:|1700571444\n|move|p1a: Enamorus|Superpower|p2a: Corviknight\n|-damage|p2a: Corviknight|52\/100\n|-boost|p1a: Enamorus|atk|1\n|-boost|p1a: Enamorus|def|1\n|-damage|p1a: Enamorus|59\/100|[from] item: Rocky Helmet|[of] p2a: Corviknight\n|move|p2a: Corviknight|Taunt|p1a: Enamorus\n|-start|p1a: Enamorus|move: Taunt\n|\n|-heal|p1a: Enamorus|65\/100|[from] item: Leftovers\n|upkeep\n|turn|19\n|\n|t:|1700571452\n|move|p1a: Enamorus|Superpower|p2a: Corviknight\n|-damage|p2a: Corviknight|18\/100\n|-boost|p1a: Enamorus|atk|1\n|-boost|p1a: Enamorus|def|1\n|-damage|p1a: Enamorus|49\/100|[from] item: Rocky Helmet|[of] p2a: Corviknight\n|move|p2a: Corviknight|Roost|p2a: Corviknight\n|-heal|p2a: Corviknight|68\/100\n|-singleturn|p2a: Corviknight|move: Roost\n|\n|-heal|p1a: Enamorus|55\/100|[from] item: Leftovers\n|-sideend|p2: 50.cal Bonk!|Reflect\n|upkeep\n|turn|20\n|\n|t:|1700571463\n|switch|p2a: Slowking|Slowking-Galar, M, shiny|100\/100\n|move|p1a: Enamorus|Fly||[still]\n|-prepare|p1a: Enamorus|Fly\n|\n|-heal|p1a: Enamorus|61\/100|[from] item: Leftovers\n|-sideend|p2: 50.cal Bonk!|move: Light Screen\n|upkeep\n|turn|21\n|\n|t:|1700571472\n|move|p1a: Enamorus|Fly|p2a: Slowking|[from]lockedmove\n|-damage|p2a: Slowking|0 fnt\n|faint|p2a: Slowking\n|\n|-heal|p1a: Enamorus|67\/100|[from] item: Leftovers\n|-end|p1a: Enamorus|move: Taunt\n|upkeep\n|\n|t:|1700571477\n|switch|p2a: Cinderace|Cinderace, M, shiny|100\/100\n|turn|22\n|\n|t:|1700571484\n|-terastallize|p2a: Cinderace|Fire\n|move|p2a: Cinderace|Pyro Ball|p1a: Enamorus\n|-damage|p1a: Enamorus|14\/100\n|move|p1a: Enamorus|Play Rough|p2a: Cinderace\n|-resisted|p2a: Cinderace\n|-damage|p2a: Cinderace|0 fnt\n|faint|p2a: Cinderace\n|\n|-heal|p1a: Enamorus|20\/100|[from] item: Leftovers\n|upkeep\n|\n|t:|1700571492\n|switch|p2a: Kingambit|Kingambit, M, shiny|100\/100\n|-activate|p2a: Kingambit|ability: Supreme Overlord\n|-start|p2a: Kingambit|fallen4|[silent]\n|turn|23\n|\n|t:|1700571498\n|move|p2a: Kingambit|Sucker Punch||[still]\n|-fail|p2a: Kingambit\n|move|p1a: Enamorus|Substitute|p1a: Enamorus\n|-fail|p1a: Enamorus|move: Substitute|[weak]\n|\n|-heal|p1a: Enamorus|26\/100|[from] item: Leftovers\n|upkeep\n|turn|24\n|\n|t:|1700571505\n|move|p2a: Kingambit|Sucker Punch|p1a: Enamorus\n|-resisted|p1a: Enamorus\n|-damage|p1a: Enamorus|11\/100\n|move|p1a: Enamorus|Play Rough|p2a: Kingambit\n|-damage|p2a: Kingambit|0 fnt\n|faint|p2a: Kingambit\n|-end|p2a: Kingambit|fallen4|[silent]\n|\n|-heal|p1a: Enamorus|17\/100|[from] item: Leftovers\n|upkeep\n|\n|t:|1700571510\n|switch|p2a: Corviknight|Corviknight, M, shiny|68\/100\n|-ability|p2a: Corviknight|Pressure\n|turn|25\n|\n|t:|1700571515\n|move|p1a: Enamorus|Play Rough|p2a: Corviknight\n|-resisted|p2a: Corviknight\n|-damage|p2a: Corviknight|23\/100\n|-damage|p1a: Enamorus|0 fnt|[from] item: Rocky Helmet|[of] p2a: Corviknight\n|faint|p1a: Enamorus\n|move|p2a: Corviknight|Roost|p2a: Corviknight\n|-heal|p2a: Corviknight|73\/100\n|-singleturn|p2a: Corviknight|move: Roost\n|\n|upkeep\n|\n|t:|1700571519\n|switch|p1a: Iron Valiant|Iron Valiant|88\/100\n|-damage|p1a: Iron Valiant|76\/100|[from] Spikes\n|turn|26\n|\n|t:|1700571523\n|move|p1a: Iron Valiant|Thunderbolt|p2a: Corviknight\n|-supereffective|p2a: Corviknight\n|-damage|p2a: Corviknight|19\/100\n|move|p2a: Corviknight|Brave Bird|p1a: Iron Valiant\n|-supereffective|p1a: Iron Valiant\n|-damage|p1a: Iron Valiant|0 fnt\n|faint|p1a: Iron Valiant\n|-end|p1a: Iron Valiant|Quark Drive|[silent]\n|-damage|p2a: Corviknight|1\/100|[from] Recoil\n|\n|upkeep\n|\n|t:|1700571528\n|switch|p1a: Greninja|Greninja, M|100\/100\n|-damage|p1a: Greninja|88\/100|[from] Spikes\n|turn|27\n|\n|t:|1700571531\n|move|p1a: Greninja|Water Shuriken|p2a: Corviknight\n|-damage|p2a: Corviknight|0 fnt\n|faint|p2a: Corviknight\n|-hitcount|p2: Corviknight|1\n|\n|win|Shoma Yusa\n|raw|Shoma Yusa's rating: 1216 &rarr; <strong>1239<\/strong><br \/>(+23 for winning)\n|raw|50.cal Bonk!'s rating: 1195 &rarr; <strong>1172<\/strong><br \/>(-23 for losing)\n|l|\u260650.cal Bonk!\n|c|\u2606Shoma Yusa|Gg\n","uploadtime":1700571544,"views":4,"p1id":"shomayusa","p2id":"50calbonk","formatid":"gen9ou","rating":1172,"private":0,"password":""}