{"id":"gen9ou-1999958309","p1":"riverrhodes","p2":"Cyrozen","format":"[Gen 9] OU","log":"|j|\u2606riverrhodes\n|j|\u2606Cyrozen\n|t:|1701134593\n|gametype|singles\n|player|p1|riverrhodes|veteran-gen4|1314\n|player|p2|Cyrozen|265|1272\n|teamsize|p1|6\n|teamsize|p2|6\n|gen|9\n|tier|[Gen 9] OU\n|rated|\n|rule|Sleep Clause Mod: Limit one foe put to sleep\n|rule|Species Clause: Limit one of each Pok\u00e9mon\n|rule|OHKO Clause: OHKO moves are banned\n|rule|Evasion Items Clause: Evasion items are banned\n|rule|Evasion Moves Clause: Evasion moves are banned\n|rule|Endless Battle Clause: Forcing endless battles is banned\n|rule|HP Percentage Mod: HP is shown in percentages\n|clearpoke\n|poke|p1|Ditto|\n|poke|p1|Ting-Lu|\n|poke|p1|Gholdengo|\n|poke|p1|Great Tusk|\n|poke|p1|Iron Valiant|\n|poke|p1|Zapdos|\n|poke|p2|Garganacl, F|\n|poke|p2|Kingambit, M|\n|poke|p2|Cinderace, F|\n|poke|p2|Landorus-Therian, M|\n|poke|p2|Iron Valiant|\n|poke|p2|Greninja-*, M|\n|teampreview\n|inactive|Battle timer is ON: inactive players will automatically lose when time's up. (requested by Cyrozen)\n|\n|t:|1701134598\n|start\n|switch|p1a: Zapdos|Zapdos, shiny|100\/100\n|switch|p2a: Iron Valiant|Iron Valiant|100\/100\n|-enditem|p2a: Iron Valiant|Booster Energy\n|-activate|p2a: Iron Valiant|ability: Quark Drive|[fromitem]\n|-start|p2a: Iron Valiant|quarkdrivespe\n|turn|1\n|\n|t:|1701134603\n|move|p2a: Iron Valiant|Moonblast|p1a: Zapdos\n|-damage|p1a: Zapdos|58\/100\n|-unboost|p1a: Zapdos|spa|1\n|move|p1a: Zapdos|Hurricane|p2a: Iron Valiant|[miss]\n|-miss|p1a: Zapdos|p2a: Iron Valiant\n|\n|upkeep\n|turn|2\n|\n|t:|1701134609\n|move|p2a: Iron Valiant|Moonblast|p1a: Zapdos\n|-damage|p1a: Zapdos|14\/100\n|-unboost|p1a: Zapdos|spa|1\n|move|p1a: Zapdos|Hurricane|p2a: Iron Valiant|[miss]\n|-miss|p1a: Zapdos|p2a: Iron Valiant\n|\n|upkeep\n|turn|3\n|n|!riverrhodes|riverrhodes\n|\n|t:|1701134626\n|switch|p1a: Gholdengo|Gholdengo, shiny|100\/100\n|move|p2a: Iron Valiant|Moonblast|p1a: Gholdengo\n|-resisted|p1a: Gholdengo\n|-damage|p1a: Gholdengo|80\/100\n|\n|-heal|p1a: Gholdengo|86\/100|[from] item: Leftovers\n|upkeep\n|turn|4\n|\n|t:|1701134641\n|-end|p2a: Iron Valiant|Quark Drive|[silent]\n|switch|p2a: Kingambit|Kingambit, M|100\/100\n|move|p1a: Gholdengo|Thunder Wave|p2a: Kingambit\n|-status|p2a: Kingambit|par\n|\n|-heal|p1a: Gholdengo|92\/100|[from] item: Leftovers\n|upkeep\n|turn|5\n|\n|t:|1701134651\n|move|p1a: Gholdengo|Nasty Plot|p1a: Gholdengo\n|-boost|p1a: Gholdengo|spa|2\n|move|p2a: Kingambit|Swords Dance|p2a: Kingambit\n|-boost|p2a: Kingambit|atk|2\n|\n|-heal|p1a: Gholdengo|98\/100|[from] item: Leftovers\n|upkeep\n|turn|6\n|\n|t:|1701134660\n|-terastallize|p1a: Gholdengo|Flying\n|move|p1a: Gholdengo|Hex|p2a: Kingambit\n|-resisted|p2a: Kingambit\n|-damage|p2a: Kingambit|35\/100 par\n|move|p2a: Kingambit|Iron Head|p1a: Gholdengo\n|-damage|p1a: Gholdengo|44\/100\n|\n|-heal|p1a: Gholdengo|50\/100|[from] item: Leftovers\n|upkeep\n|turn|7\n|\n|t:|1701134668\n|move|p2a: Kingambit|Sucker Punch||[still]\n|-fail|p2a: Kingambit\n|move|p1a: Gholdengo|Recover|p1a: Gholdengo\n|-heal|p1a: Gholdengo|99\/100\n|\n|-heal|p1a: Gholdengo|100\/100|[from] item: Leftovers\n|upkeep\n|turn|8\n|\n|t:|1701134671\n|cant|p2a: Kingambit|par\n|move|p1a: Gholdengo|Hex|p2a: Kingambit\n|-resisted|p2a: Kingambit\n|-damage|p2a: Kingambit|0 fnt\n|faint|p2a: Kingambit\n|-end|p2a: Kingambit|fallenundefined|[silent]\n|\n|upkeep\n|\n|t:|1701134674\n|switch|p2a: Greninja|Greninja, M|100\/100\n|turn|9\n|\n|t:|1701134700\n|-terastallize|p2a: Greninja|Water\n|move|p2a: Greninja|Hydro Cannon|p1a: Gholdengo\n|-damage|p1a: Gholdengo|0 fnt\n|-mustrecharge|p2a: Greninja\n|faint|p1a: Gholdengo\n|-ability|p2a: Greninja|Battle Bond|boost\n|-boost|p2a: Greninja|atk|1\n|-boost|p2a: Greninja|spa|1\n|-boost|p2a: Greninja|spe|1\n|-activate|p2a: Greninja|ability: Battle Bond\n|\n|upkeep\n|\n|t:|1701134708\n|switch|p1a: Ditto|Ditto, shiny|100\/100\n|-transform|p1a: Ditto|p2a: Greninja|[from] ability: Imposter\n|-start|p1a: Ditto|typechange|Water\/Dark|[silent]\n|turn|10\n|\n|t:|1701134716\n|move|p1a: Ditto|Dark Pulse|p2a: Greninja\n|-damage|p2a: Greninja|5\/100\n|cant|p2a: Greninja|recharge\n|\n|upkeep\n|turn|11\n|\n|t:|1701134735\n|move|p1a: Ditto|Dark Pulse|p2a: Greninja\n|-damage|p2a: Greninja|0 fnt\n|faint|p2a: Greninja\n|\n|upkeep\n|-message|Cyrozen forfeited.\n|\n|win|riverrhodes\n|raw|riverrhodes's rating: 1314 &rarr; <strong>1332<\/strong><br \/>(+18 for winning)\n|raw|Cyrozen's rating: 1272 &rarr; <strong>1250<\/strong><br \/>(-22 for losing)\n","uploadtime":1701134615,"views":2,"p1id":"riverrhodes","p2id":"cyrozen","formatid":"gen9ou","rating":1250,"private":0,"password":""}