{"id":"gen9ou-1992447157","p1":"This-Fcucking-Guy","p2":"comden","format":"[Gen 9] OU","log":"|j|\u2606This-Fcucking-Guy\n|j|\u2606comden\n|t:|1700188686\n|gametype|singles\n|player|p1|This-Fcucking-Guy|170|1051\n|player|p2|comden|170|1063\n|teamsize|p1|6\n|teamsize|p2|6\n|gen|9\n|tier|[Gen 9] OU\n|rated|\n|rule|Sleep Clause Mod: Limit one foe put to sleep\n|rule|Species Clause: Limit one of each Pok\u00e9mon\n|rule|OHKO Clause: OHKO moves are banned\n|rule|Evasion Items Clause: Evasion items are banned\n|rule|Evasion Moves Clause: Evasion moves are banned\n|rule|Endless Battle Clause: Forcing endless battles is banned\n|rule|HP Percentage Mod: HP is shown in percentages\n|clearpoke\n|poke|p1|Dragonair, M|\n|poke|p1|Milotic, F|\n|poke|p1|Arbok, F|\n|poke|p1|Sandaconda, F|\n|poke|p1|Eelektross, M|\n|poke|p1|Seviper, F|\n|poke|p2|Breloom, M|\n|poke|p2|Dragapult, M|\n|poke|p2|Rotom-Wash|\n|poke|p2|Salazzle, F|\n|poke|p2|Sylveon, F|\n|poke|p2|Kingambit, M|\n|teampreview\n|\n|t:|1700188695\n|start\n|switch|p1a: Dodge Viper|Seviper, F|100\/100\n|switch|p2a: Dragapult|Dragapult, M|100\/100\n|turn|1\n|\n|t:|1700188720\n|-terastallize|p2a: Dragapult|Dragon\n|move|p2a: Dragapult|Dragon Darts|p1a: Dodge Viper\n|-damage|p1a: Dodge Viper|10\/100\n|-anim|p2a: Dragapult|Dragon Darts|p1a: Dodge Viper\n|-damage|p1a: Dodge Viper|0 fnt\n|faint|p1a: Dodge Viper\n|\n|upkeep\n|\n|t:|1700188738\n|switch|p1a: Poop|Sandaconda, F|100\/100\n|turn|2\n|\n|t:|1700188745\n|move|p2a: Dragapult|Dragon Darts|p1a: Poop\n|-damage|p1a: Poop|61\/100\n|-anim|p2a: Dragapult|Dragon Darts|p1a: Poop\n|-damage|p1a: Poop|20\/100\n|move|p1a: Poop|Coil|p1a: Poop\n|-boost|p1a: Poop|atk|1\n|-boost|p1a: Poop|def|1\n|-boost|p1a: Poop|accuracy|1\n|\n|-heal|p1a: Poop|26\/100|[from] item: Leftovers\n|upkeep\n|turn|3\n|\n|t:|1700188761\n|move|p2a: Dragapult|Dragon Darts|p1a: Poop\n|-damage|p1a: Poop|2\/100\n|-anim|p2a: Dragapult|Dragon Darts|p1a: Poop\n|-damage|p1a: Poop|0 fnt\n|faint|p1a: Poop\n|\n|upkeep\n|\n|t:|1700188768\n|switch|p1a: Melatonin|Milotic, F, shiny|100\/100\n|turn|4\n|\n|t:|1700188775\n|switch|p2a: Rotom|Rotom-Wash|100\/100\n|move|p1a: Melatonin|Ice Beam|p2a: Rotom\n|-resisted|p2a: Rotom\n|-damage|p2a: Rotom|85\/100\n|\n|-heal|p2a: Rotom|91\/100|[from] item: Leftovers\n|upkeep\n|turn|5\n|\n|t:|1700188787\n|switch|p1a: Sand Worm|Eelektross, M, shiny|100\/100\n|move|p2a: Rotom|Discharge|p1a: Sand Worm\n|-resisted|p1a: Sand Worm\n|-damage|p1a: Sand Worm|84\/100\n|\n|-heal|p2a: Rotom|97\/100|[from] item: Leftovers\n|upkeep\n|turn|6\n|\n|t:|1700188800\n|switch|p2a: Kingambit|Kingambit, M|100\/100\n|move|p1a: Sand Worm|Coil|p1a: Sand Worm\n|-boost|p1a: Sand Worm|atk|1\n|-boost|p1a: Sand Worm|def|1\n|-boost|p1a: Sand Worm|accuracy|1\n|\n|upkeep\n|turn|7\n|\n|t:|1700188809\n|-end|p2a: Kingambit|fallenundefined|[silent]\n|switch|p2a: Breloom|Breloom, M|100\/100\n|move|p1a: Sand Worm|Coil|p1a: Sand Worm\n|-boost|p1a: Sand Worm|atk|1\n|-boost|p1a: Sand Worm|def|1\n|-boost|p1a: Sand Worm|accuracy|1\n|\n|upkeep\n|turn|8\n|\n|t:|1700188821\n|move|p2a: Breloom|Leech Seed|p1a: Sand Worm\n|-start|p1a: Sand Worm|move: Leech Seed\n|move|p1a: Sand Worm|Lunge|p2a: Breloom\n|-damage|p2a: Breloom|14\/100\n|-unboost|p2a: Breloom|atk|1\n|\n|-heal|p2a: Breloom|20\/100|[from] item: Leftovers\n|-damage|p1a: Sand Worm|72\/100|[from] Leech Seed|[of] p2a: Breloom\n|-heal|p2a: Breloom|35\/100|[silent]\n|upkeep\n|turn|9\n|\n|t:|1700188842\n|move|p2a: Breloom|Protect|p2a: Breloom\n|-singleturn|p2a: Breloom|Protect\n|move|p1a: Sand Worm|Drain Punch|p2a: Breloom\n|-activate|p2a: Breloom|move: Protect\n|\n|-heal|p2a: Breloom|41\/100|[from] item: Leftovers\n|-damage|p1a: Sand Worm|60\/100|[from] Leech Seed|[of] p2a: Breloom\n|-heal|p2a: Breloom|55\/100|[silent]\n|upkeep\n|turn|10\n|\n|t:|1700188858\n|move|p2a: Breloom|Drain Punch|p1a: Sand Worm\n|-damage|p1a: Sand Worm|44\/100\n|-heal|p2a: Breloom|64\/100|[from] drain|[of] p1a: Sand Worm\n|move|p1a: Sand Worm|Lunge|p2a: Breloom\n|-damage|p2a: Breloom|0 fnt\n|faint|p2a: Breloom\n|\n|upkeep\n|\n|t:|1700188869\n|switch|p2a: Dragapult|Dragapult, M, tera:Dragon|100\/100\n|turn|11\n|\n|t:|1700188883\n|move|p2a: Dragapult|Dragon Darts|p1a: Sand Worm\n|-damage|p1a: Sand Worm|14\/100\n|-enditem|p1a: Sand Worm|Iapapa Berry|[eat]\n|-heal|p1a: Sand Worm|47\/100|[from] item: Iapapa Berry\n|-anim|p2a: Dragapult|Dragon Darts|p1a: Sand Worm\n|-damage|p1a: Sand Worm|18\/100\n|move|p1a: Sand Worm|Lunge|p2a: Dragapult\n|-damage|p2a: Dragapult|28\/100\n|-unboost|p2a: Dragapult|atk|1\n|-start|p1a: Sand Worm|Disable|Lunge|[from] ability: Cursed Body|[of] p2a: Dragapult\n|\n|-damage|p1a: Sand Worm|5\/100|[from] Leech Seed|[of] p2a: Dragapult\n|-heal|p2a: Dragapult|40\/100|[silent]\n|upkeep\n|turn|12\n|\n|t:|1700188897\n|move|p2a: Dragapult|Dragon Darts|p1a: Sand Worm\n|-damage|p1a: Sand Worm|0 fnt\n|faint|p1a: Sand Worm\n|\n|upkeep\n|\n|t:|1700188909\n|switch|p1a: Arbitration|Arbok, F|100\/100\n|-ability|p1a: Arbitration|Intimidate|boost\n|-unboost|p2a: Dragapult|atk|1\n|turn|13\n|\n|t:|1700188922\n|move|p2a: Dragapult|Dragon Darts|p1a: Arbitration\n|-damage|p1a: Arbitration|67\/100\n|-anim|p2a: Dragapult|Dragon Darts|p1a: Arbitration\n|-damage|p1a: Arbitration|32\/100\n|move|p1a: Arbitration|Coil|p1a: Arbitration\n|-boost|p1a: Arbitration|atk|1\n|-boost|p1a: Arbitration|def|1\n|-boost|p1a: Arbitration|accuracy|1\n|\n|upkeep\n|turn|14\n|\n|t:|1700188931\n|move|p2a: Dragapult|Dragon Darts|p1a: Arbitration\n|-damage|p1a: Arbitration|8\/100\n|-anim|p2a: Dragapult|Dragon Darts|p1a: Arbitration\n|-damage|p1a: Arbitration|0 fnt\n|faint|p1a: Arbitration\n|\n|upkeep\n|\n|t:|1700188938\n|switch|p1a: Melatonin|Milotic, F, shiny|100\/100\n|turn|15\n|\n|t:|1700188948\n|move|p2a: Dragapult|Dragon Darts|p1a: Melatonin\n|-damage|p1a: Melatonin|69\/100\n|-anim|p2a: Dragapult|Dragon Darts|p1a: Melatonin\n|-damage|p1a: Melatonin|38\/100\n|move|p1a: Melatonin|Ice Beam|p2a: Dragapult\n|-supereffective|p2a: Dragapult\n|-damage|p2a: Dragapult|0 fnt\n|faint|p2a: Dragapult\n|\n|upkeep\n|\n|t:|1700188963\n|switch|p2a: Rotom|Rotom-Wash|97\/100\n|turn|16\n|\n|t:|1700188972\n|move|p2a: Rotom|Discharge|p1a: Melatonin\n|-supereffective|p1a: Melatonin\n|-damage|p1a: Melatonin|1\/100\n|move|p1a: Melatonin|Recover|p1a: Melatonin\n|-heal|p1a: Melatonin|51\/100\n|\n|-heal|p2a: Rotom|100\/100|[from] item: Leftovers\n|upkeep\n|turn|17\n|\n|t:|1700188996\n|move|p2a: Rotom|Discharge|p1a: Melatonin\n|-supereffective|p1a: Melatonin\n|-damage|p1a: Melatonin|7\/100\n|-status|p1a: Melatonin|par\n|move|p1a: Melatonin|Scald|p2a: Rotom\n|-resisted|p2a: Rotom\n|-damage|p2a: Rotom|82\/100\n|-status|p2a: Rotom|brn\n|\n|-heal|p2a: Rotom|88\/100 brn|[from] item: Leftovers\n|-damage|p2a: Rotom|82\/100 brn|[from] brn\n|upkeep\n|turn|18\n|\n|t:|1700189009\n|move|p2a: Rotom|Discharge|p1a: Melatonin\n|-supereffective|p1a: Melatonin\n|-damage|p1a: Melatonin|0 fnt\n|faint|p1a: Melatonin\n|\n|-heal|p2a: Rotom|88\/100 brn|[from] item: Leftovers\n|-damage|p2a: Rotom|82\/100 brn|[from] brn\n|upkeep\n|\n|t:|1700189017\n|switch|p1a: Pink Charmander|Dragonair, M, shiny|100\/100\n|turn|19\n|\n|t:|1700189026\n|move|p2a: Rotom|Hydro Pump|p1a: Pink Charmander\n|-resisted|p1a: Pink Charmander\n|-damage|p1a: Pink Charmander|81\/100\n|move|p1a: Pink Charmander|Dragon Dance|p1a: Pink Charmander\n|-boost|p1a: Pink Charmander|atk|1\n|-boost|p1a: Pink Charmander|spe|1\n|\n|-heal|p2a: Rotom|88\/100 brn|[from] item: Leftovers\n|-damage|p2a: Rotom|82\/100 brn|[from] brn\n|upkeep\n|turn|20\n|\n|t:|1700189036\n|move|p2a: Rotom|Hydro Pump|p1a: Pink Charmander\n|-resisted|p1a: Pink Charmander\n|-damage|p1a: Pink Charmander|63\/100\n|move|p1a: Pink Charmander|Dragon Dance|p1a: Pink Charmander\n|-boost|p1a: Pink Charmander|atk|1\n|-boost|p1a: Pink Charmander|spe|1\n|\n|-heal|p2a: Rotom|88\/100 brn|[from] item: Leftovers\n|-damage|p2a: Rotom|82\/100 brn|[from] brn\n|upkeep\n|turn|21\n|\n|t:|1700189046\n|switch|p2a: Sylveon|Sylveon, F|100\/100\n|move|p1a: Pink Charmander|Dragon Dance|p1a: Pink Charmander\n|-boost|p1a: Pink Charmander|atk|1\n|-boost|p1a: Pink Charmander|spe|1\n|\n|upkeep\n|turn|22\n|\n|t:|1700189053\n|move|p1a: Pink Charmander|Iron Head|p2a: Sylveon\n|-supereffective|p2a: Sylveon\n|-damage|p2a: Sylveon|0 fnt\n|faint|p2a: Sylveon\n|\n|upkeep\n|\n|t:|1700189057\n|switch|p2a: Kingambit|Kingambit, M|100\/100\n|-activate|p2a: Kingambit|ability: Supreme Overlord\n|-start|p2a: Kingambit|fallen3|[silent]\n|turn|23\n|\n|t:|1700189069\n|move|p1a: Pink Charmander|Aqua Jet|p2a: Kingambit\n|-damage|p2a: Kingambit|77\/100\n|move|p2a: Kingambit|Steel Beam|p1a: Pink Charmander\n|-damage|p1a: Pink Charmander|15\/100\n|-damage|p2a: Kingambit|27\/100|[from] steelbeam\n|-damage|p2a: Kingambit|17\/100|[from] item: Life Orb\n|\n|upkeep\n|turn|24\n|\n|t:|1700189083\n|move|p1a: Pink Charmander|Aqua Jet|p2a: Kingambit\n|-damage|p2a: Kingambit|0 fnt\n|faint|p2a: Kingambit\n|-end|p2a: Kingambit|fallen3|[silent]\n|\n|upkeep\n|\n|t:|1700189087\n|switch|p2a: Rotom|Rotom-Wash|82\/100 brn\n|turn|25\n|\n|t:|1700189095\n|move|p1a: Pink Charmander|Outrage|p2a: Rotom\n|-damage|p2a: Rotom|0 fnt\n|faint|p2a: Rotom\n|\n|upkeep\n|\n|t:|1700189099\n|switch|p2a: Salazzle|Salazzle, F|100\/100\n|turn|26\n|\n|t:|1700189103\n|move|p2a: Salazzle|Protect|p2a: Salazzle\n|-singleturn|p2a: Salazzle|Protect\n|move|p1a: Pink Charmander|Outrage|p2a: Salazzle|[from]lockedmove\n|-activate|p2a: Salazzle|move: Protect\n|\n|upkeep\n|turn|27\n|\n|t:|1700189114\n|move|p1a: Pink Charmander|Aqua Jet|p2a: Salazzle\n|-supereffective|p2a: Salazzle\n|-damage|p2a: Salazzle|0 fnt\n|faint|p2a: Salazzle\n|\n|win|This-Fcucking-Guy\n|raw|This-Fcucking-Guy's rating: 1051 &rarr; <strong>1084<\/strong><br \/>(+33 for winning)\n|raw|comden's rating: 1063 &rarr; <strong>1043<\/strong><br \/>(-20 for losing)\n|l|\u2606comden\n","uploadtime":1700189126,"views":7,"p1id":"thisfcuckingguy","p2id":"comden","formatid":"gen9ou","rating":1043,"private":0,"password":""}