{"id":"gen9ou-1991068873","p1":"Ghigghino05","p2":"liaoya","format":"[Gen 9] OU","log":"|j|\u2606Ghigghino05\n|j|\u2606liaoya\n|t:|1700037852\n|gametype|singles\n|player|p1|Ghigghino05|zinzolin|1522\n|player|p2|liaoya|petrel|1416\n|teamsize|p1|6\n|teamsize|p2|6\n|gen|9\n|tier|[Gen 9] OU\n|rated|\n|rule|Sleep Clause Mod: Limit one foe put to sleep\n|rule|Species Clause: Limit one of each Pok\u00e9mon\n|rule|OHKO Clause: OHKO moves are banned\n|rule|Evasion Items Clause: Evasion items are banned\n|rule|Evasion Moves Clause: Evasion moves are banned\n|rule|Endless Battle Clause: Forcing endless battles is banned\n|rule|HP Percentage Mod: HP is shown in percentages\n|clearpoke\n|poke|p1|Maushold|\n|poke|p1|Rillaboom, F|\n|poke|p1|Great Tusk|\n|poke|p1|Heatran, M|\n|poke|p1|Enamorus, F|\n|poke|p1|Kingambit, M|\n|poke|p2|Drifblim, M|\n|poke|p2|Garganacl, M|\n|poke|p2|Umbreon, M|\n|poke|p2|Rotom-Wash|\n|poke|p2|Glimmora, F|\n|poke|p2|Espeon, M|\n|teampreview\n|inactive|Battle timer is ON: inactive players will automatically lose when time's up. (requested by Ghigghino05)\n|\n|t:|1700037861\n|start\n|switch|p1a: Heatran|Heatran, M|100\/100\n|switch|p2a: Rotom|Rotom-Wash|100\/100\n|turn|1\n|\n|t:|1700037866\n|move|p2a: Rotom|Trick|p1a: Heatran\n|-activate|p2a: Rotom|move: Trick|[of] p1a: Heatran\n|-item|p1a: Heatran|Choice Scarf|[from] move: Trick\n|-item|p2a: Rotom|Leftovers|[from] move: Trick\n|move|p1a: Heatran|Stealth Rock|p2a: Rotom\n|-sidestart|p2: liaoya|move: Stealth Rock\n|\n|upkeep\n|turn|2\n|\n|t:|1700037880\n|switch|p1a: Rillaboom|Rillaboom, F|100\/100\n|-fieldstart|move: Grassy Terrain|[from] ability: Grassy Surge|[of] p1a: Rillaboom\n|move|p2a: Rotom|Will-O-Wisp|p1a: Rillaboom\n|-status|p1a: Rillaboom|brn\n|\n|-damage|p1a: Rillaboom|94\/100 brn|[from] brn\n|upkeep\n|turn|3\n|\n|t:|1700037898\n|switch|p2a: Glimmora|Glimmora, F|100\/100\n|-damage|p2a: Glimmora|88\/100|[from] Stealth Rock\n|move|p1a: Rillaboom|Wood Hammer|p2a: Glimmora\n|-damage|p2a: Glimmora|42\/100\n|-activate|p2a: Glimmora|ability: Toxic Debris\n|-sidestart|p1: Ghigghino05|move: Toxic Spikes\n|-damage|p1a: Rillaboom|78\/100 brn|[from] Recoil\n|\n|-heal|p1a: Rillaboom|84\/100 brn|[from] Grassy Terrain\n|-heal|p2a: Glimmora|48\/100|[from] Grassy Terrain\n|-damage|p1a: Rillaboom|78\/100 brn|[from] brn\n|upkeep\n|turn|4\n|\n|t:|1700037903\n|move|p1a: Rillaboom|Wood Hammer|p2a: Glimmora\n|-damage|p2a: Glimmora|0 fnt\n|-activate|p2a: Glimmora|ability: Toxic Debris\n|-sidestart|p1: Ghigghino05|move: Toxic Spikes\n|faint|p2a: Glimmora\n|-damage|p1a: Rillaboom|61\/100 brn|[from] Recoil\n|\n|-heal|p1a: Rillaboom|67\/100 brn|[from] Grassy Terrain\n|-damage|p1a: Rillaboom|61\/100 brn|[from] brn\n|upkeep\n|\n|t:|1700037911\n|switch|p2a: Umbreon|Umbreon, M, shiny|100\/100\n|-damage|p2a: Umbreon|88\/100|[from] Stealth Rock\n|turn|5\n|\n|t:|1700037915\n|move|p1a: Rillaboom|Wood Hammer|p2a: Umbreon\n|-damage|p2a: Umbreon|48\/100\n|-damage|p1a: Rillaboom|46\/100 brn|[from] Recoil\n|move|p2a: Umbreon|Wish|p2a: Umbreon\n|\n|-heal|p1a: Rillaboom|52\/100 brn|[from] Grassy Terrain\n|-heal|p2a: Umbreon|55\/100|[from] Grassy Terrain\n|-heal|p2a: Umbreon|61\/100|[from] item: Leftovers\n|-damage|p1a: Rillaboom|46\/100 brn|[from] brn\n|upkeep\n|turn|6\n|\n|t:|1700037921\n|move|p1a: Rillaboom|Wood Hammer|p2a: Umbreon\n|-damage|p2a: Umbreon|21\/100\n|-damage|p1a: Rillaboom|30\/100 brn|[from] Recoil\n|move|p2a: Umbreon|Foul Play|p1a: Rillaboom\n|-damage|p1a: Rillaboom|0 fnt\n|faint|p1a: Rillaboom\n|\n|-heal|p2a: Umbreon|71\/100|[from] move: Wish|[wisher] Umbreon\n|-heal|p2a: Umbreon|77\/100|[from] Grassy Terrain\n|-heal|p2a: Umbreon|83\/100|[from] item: Leftovers\n|-fieldend|move: Grassy Terrain\n|upkeep\n|\n|t:|1700037932\n|switch|p1a: Great Tusk|Great Tusk|100\/100\n|-status|p1a: Great Tusk|tox\n|turn|7\n|\n|t:|1700037935\n|switch|p2a: Drifblim|Drifblim, M|100\/100\n|-damage|p2a: Drifblim|76\/100|[from] Stealth Rock\n|move|p1a: Great Tusk|Rapid Spin|p2a: Drifblim\n|-immune|p2a: Drifblim\n|\n|-damage|p1a: Great Tusk|94\/100 tox|[from] psn\n|upkeep\n|turn|8\n|\n|t:|1700037947\n|move|p2a: Drifblim|Destiny Bond|p2a: Drifblim\n|-singlemove|p2a: Drifblim|Destiny Bond\n|move|p1a: Great Tusk|Ice Spinner|p2a: Drifblim\n|-supereffective|p2a: Drifblim\n|-damage|p2a: Drifblim|10\/100\n|\n|-heal|p1a: Great Tusk|100\/100 tox|[from] item: Leftovers\n|-damage|p1a: Great Tusk|88\/100 tox|[from] psn\n|upkeep\n|turn|9\n|\n|t:|1700037954\n|move|p2a: Drifblim|Destiny Bond||[still]\n|-fail|p2a: Drifblim\n|move|p1a: Great Tusk|Ice Spinner|p2a: Drifblim\n|-supereffective|p2a: Drifblim\n|-damage|p2a: Drifblim|0 fnt\n|-damage|p1a: Great Tusk|63\/100 tox|[from] ability: Aftermath|[of] p2a: Drifblim\n|faint|p2a: Drifblim\n|\n|-heal|p1a: Great Tusk|69\/100 tox|[from] item: Leftovers\n|-damage|p1a: Great Tusk|51\/100 tox|[from] psn\n|upkeep\n|\n|t:|1700037956\n|switch|p2a: Garganacl|Garganacl, M, shiny|100\/100\n|-damage|p2a: Garganacl|88\/100|[from] Stealth Rock\n|turn|10\n|\n|t:|1700037958\n|-terastallize|p2a: Garganacl|Ghost\n|move|p1a: Great Tusk|Rapid Spin|p2a: Garganacl\n|-immune|p2a: Garganacl\n|move|p2a: Garganacl|Iron Defense|p2a: Garganacl\n|-boost|p2a: Garganacl|def|2\n|\n|-heal|p1a: Great Tusk|57\/100 tox|[from] item: Leftovers\n|-heal|p2a: Garganacl|94\/100|[from] item: Leftovers\n|-damage|p1a: Great Tusk|32\/100 tox|[from] psn\n|upkeep\n|turn|11\n|\n|t:|1700037963\n|move|p1a: Great Tusk|Headlong Rush|p2a: Garganacl\n|-damage|p2a: Garganacl|78\/100\n|-unboost|p1a: Great Tusk|def|1\n|-unboost|p1a: Great Tusk|spd|1\n|move|p2a: Garganacl|Recover|p2a: Garganacl\n|-heal|p2a: Garganacl|100\/100\n|\n|-heal|p1a: Great Tusk|38\/100 tox|[from] item: Leftovers\n|-damage|p1a: Great Tusk|7\/100 tox|[from] psn\n|upkeep\n|turn|12\n|\n|t:|1700037968\n|move|p1a: Great Tusk|Headlong Rush|p2a: Garganacl\n|-damage|p2a: Garganacl|82\/100\n|-unboost|p1a: Great Tusk|def|1\n|-unboost|p1a: Great Tusk|spd|1\n|move|p2a: Garganacl|Iron Defense|p2a: Garganacl\n|-boost|p2a: Garganacl|def|2\n|\n|-heal|p1a: Great Tusk|13\/100 tox|[from] item: Leftovers\n|-heal|p2a: Garganacl|88\/100|[from] item: Leftovers\n|-damage|p1a: Great Tusk|0 fnt|[from] psn\n|faint|p1a: Great Tusk\n|-end|p1a: Great Tusk|Protosynthesis|[silent]\n|upkeep\n|\n|t:|1700037973\n|switch|p1a: Enamorus|Enamorus, F|100\/100\n|turn|13\n|\n|t:|1700037976\n|move|p1a: Enamorus|Moonblast|p2a: Garganacl\n|-damage|p2a: Garganacl|56\/100\n|move|p2a: Garganacl|Salt Cure|p1a: Enamorus\n|-supereffective|p1a: Enamorus\n|-damage|p1a: Enamorus|56\/100\n|-start|p1a: Enamorus|Salt Cure\n|\n|-heal|p2a: Garganacl|62\/100|[from] item: Leftovers\n|-damage|p1a: Enamorus|44\/100|[from] Salt Cure\n|upkeep\n|turn|14\n|\n|t:|1700037980\n|move|p1a: Enamorus|Moonblast|p2a: Garganacl\n|-damage|p2a: Garganacl|31\/100\n|-unboost|p2a: Garganacl|spa|1\n|move|p2a: Garganacl|Recover|p2a: Garganacl\n|-heal|p2a: Garganacl|81\/100\n|\n|-heal|p2a: Garganacl|87\/100|[from] item: Leftovers\n|-damage|p1a: Enamorus|31\/100|[from] Salt Cure\n|upkeep\n|turn|15\n|\n|t:|1700037983\n|move|p1a: Enamorus|Moonblast|p2a: Garganacl\n|-damage|p2a: Garganacl|53\/100\n|move|p2a: Garganacl|Recover|p2a: Garganacl\n|-heal|p2a: Garganacl|100\/100\n|\n|-damage|p1a: Enamorus|19\/100|[from] Salt Cure\n|upkeep\n|turn|16\n|\n|t:|1700037987\n|move|p1a: Enamorus|Moonblast|p2a: Garganacl\n|-damage|p2a: Garganacl|66\/100\n|-unboost|p2a: Garganacl|spa|1\n|move|p2a: Garganacl|Recover|p2a: Garganacl\n|-heal|p2a: Garganacl|100\/100\n|\n|-damage|p1a: Enamorus|6\/100|[from] Salt Cure\n|upkeep\n|turn|17\n|\n|t:|1700037989\n|move|p1a: Enamorus|Moonblast|p2a: Garganacl\n|-damage|p2a: Garganacl|66\/100\n|move|p2a: Garganacl|Salt Cure|p1a: Enamorus\n|-supereffective|p1a: Enamorus\n|-damage|p1a: Enamorus|0 fnt\n|faint|p1a: Enamorus\n|\n|-heal|p2a: Garganacl|73\/100|[from] item: Leftovers\n|upkeep\n|\n|t:|1700037998\n|switch|p1a: Heatran|Heatran, M|100\/100\n|turn|18\n|\n|t:|1700038002\n|move|p1a: Heatran|Magma Storm|p2a: Garganacl\n|-damage|p2a: Garganacl|44\/100\n|-activate|p2a: Garganacl|move: Magma Storm|[of] p1a: Heatran\n|move|p2a: Garganacl|Body Press|p1a: Heatran\n|-supereffective|p1a: Heatran\n|-damage|p1a: Heatran|0 fnt\n|faint|p1a: Heatran\n|\n|-heal|p2a: Garganacl|50\/100|[from] item: Leftovers\n|-end|p2a: Garganacl|Magma Storm|[partiallytrapped]|[silent]\n|upkeep\n|\n|t:|1700038007\n|switch|p1a: Maushold|Maushold|100\/100\n|-status|p1a: Maushold|tox\n|turn|19\n|\n|t:|1700038011\n|-terastallize|p1a: Maushold|Ghost\n|move|p1a: Maushold|Tidy Up|p1a: Maushold\n|-sideend|p1: Ghigghino05|Toxic Spikes\n|-sideend|p2: liaoya|Stealth Rock\n|-activate|p1a: Maushold|move: Tidy Up\n|-boost|p1a: Maushold|atk|1\n|-boost|p1a: Maushold|spe|1\n|move|p2a: Garganacl|Recover|p2a: Garganacl\n|-heal|p2a: Garganacl|99\/100\n|\n|-heal|p2a: Garganacl|100\/100|[from] item: Leftovers\n|-damage|p1a: Maushold|94\/100 tox|[from] psn\n|upkeep\n|turn|20\n|\n|t:|1700038019\n|move|p1a: Maushold|Encore|p2a: Garganacl\n|-start|p2a: Garganacl|Encore\n|move|p2a: Garganacl|Recover||[still]\n|-fail|p2a: Garganacl|heal\n|\n|-damage|p1a: Maushold|82\/100 tox|[from] psn\n|upkeep\n|turn|21\n|\n|t:|1700038029\n|switch|p2a: Espeon|Espeon, M|100\/100\n|move|p1a: Maushold|Tidy Up|p1a: Maushold\n|-boost|p1a: Maushold|atk|1\n|-boost|p1a: Maushold|spe|1\n|\n|-damage|p1a: Maushold|63\/100 tox|[from] psn\n|upkeep\n|turn|22\n|\n|t:|1700038031\n|move|p1a: Maushold|Bite|p2a: Espeon\n|-supereffective|p2a: Espeon\n|-damage|p2a: Espeon|0 fnt\n|faint|p2a: Espeon\n|\n|-damage|p1a: Maushold|38\/100 tox|[from] psn\n|upkeep\n|\n|t:|1700038035\n|switch|p2a: Rotom|Rotom-Wash|100\/100\n|turn|23\n|\n|t:|1700038037\n|move|p1a: Maushold|Population Bomb|p2a: Rotom\n|-damage|p2a: Rotom|78\/100\n|-damage|p2a: Rotom|55\/100\n|-damage|p2a: Rotom|34\/100\n|-damage|p2a: Rotom|12\/100\n|-damage|p2a: Rotom|0 fnt\n|faint|p2a: Rotom\n|-hitcount|p2: Rotom|5\n|\n|-damage|p1a: Maushold|7\/100 tox|[from] psn\n|upkeep\n|\n|t:|1700038041\n|switch|p2a: Umbreon|Umbreon, M, shiny|83\/100\n|turn|24\n|\n|t:|1700038045\n|move|p2a: Umbreon|Protect|p2a: Umbreon\n|-singleturn|p2a: Umbreon|Protect\n|move|p1a: Maushold|Population Bomb|p2a: Umbreon\n|-activate|p2a: Umbreon|move: Protect\n|\n|-heal|p2a: Umbreon|89\/100|[from] item: Leftovers\n|-damage|p1a: Maushold|0 fnt|[from] psn\n|faint|p1a: Maushold\n|upkeep\n|\n|t:|1700038047\n|switch|p1a: devindian|Kingambit, M|100\/100\n|-activate|p1a: devindian|ability: Supreme Overlord\n|-start|p1a: devindian|fallen5|[silent]\n|turn|25\n|\n|t:|1700038050\n|move|p2a: Umbreon|Yawn|p1a: devindian\n|-start|p1a: devindian|move: Yawn|[of] p2a: Umbreon\n|move|p1a: devindian|Swords Dance|p1a: devindian\n|-boost|p1a: devindian|atk|2\n|\n|-heal|p2a: Umbreon|95\/100|[from] item: Leftovers\n|upkeep\n|turn|26\n|\n|t:|1700038057\n|move|p2a: Umbreon|Protect|p2a: Umbreon\n|-singleturn|p2a: Umbreon|Protect\n|move|p1a: devindian|Iron Head|p2a: Umbreon\n|-activate|p2a: Umbreon|move: Protect\n|\n|-heal|p2a: Umbreon|100\/100|[from] item: Leftovers\n|-end|p1a: devindian|move: Yawn|[silent]\n|-status|p1a: devindian|slp\n|upkeep\n|turn|27\n|\n|t:|1700038061\n|move|p2a: Umbreon|Foul Play|p1a: devindian\n|-resisted|p1a: devindian\n|-damage|p1a: devindian|57\/100 slp\n|cant|p1a: devindian|slp\n|\n|-heal|p1a: devindian|63\/100 slp|[from] item: Leftovers\n|upkeep\n|turn|28\n|\n|t:|1700038065\n|move|p2a: Umbreon|Foul Play|p1a: devindian\n|-resisted|p1a: devindian\n|-damage|p1a: devindian|21\/100 slp\n|-curestatus|p1a: devindian|slp|[msg]\n|move|p1a: devindian|Iron Head|p2a: Umbreon\n|-damage|p2a: Umbreon|10\/100\n|\n|-heal|p2a: Umbreon|16\/100|[from] item: Leftovers\n|-heal|p1a: devindian|27\/100|[from] item: Leftovers\n|upkeep\n|turn|29\n|\n|t:|1700038070\n|move|p1a: devindian|Sucker Punch||[still]\n|-fail|p1a: devindian\n|move|p2a: Umbreon|Yawn|p1a: devindian\n|-start|p1a: devindian|move: Yawn|[of] p2a: Umbreon\n|\n|-heal|p2a: Umbreon|22\/100|[from] item: Leftovers\n|-heal|p1a: devindian|33\/100|[from] item: Leftovers\n|upkeep\n|turn|30\n|\n|t:|1700038076\n|move|p2a: Umbreon|Protect|p2a: Umbreon\n|-singleturn|p2a: Umbreon|Protect\n|move|p1a: devindian|Iron Head|p2a: Umbreon\n|-activate|p2a: Umbreon|move: Protect\n|\n|-heal|p2a: Umbreon|28\/100|[from] item: Leftovers\n|-heal|p1a: devindian|40\/100|[from] item: Leftovers\n|-end|p1a: devindian|move: Yawn|[silent]\n|-status|p1a: devindian|slp\n|upkeep\n|turn|31\n|\n|t:|1700038079\n|move|p2a: Umbreon|Foul Play|p1a: devindian\n|-resisted|p1a: devindian\n|-damage|p1a: devindian|0 fnt\n|faint|p1a: devindian\n|-end|p1a: devindian|fallen5|[silent]\n|\n|win|liaoya\n|raw|Ghigghino05's rating: 1522 &rarr; <strong>1496<\/strong><br \/>(-26 for losing)\n|raw|liaoya's rating: 1416 &rarr; <strong>1442<\/strong><br \/>(+26 for winning)\n","uploadtime":1700038083,"views":16,"p1id":"ghigghino05","p2id":"liaoya","formatid":"gen9ou","rating":1442,"private":0,"password":""}