{"id":"gen9ou-1990126405","p1":"VirgoQc","p2":"ScarlettNights","format":"[Gen 9] OU","log":"|j|\u2606VirgoQc\n|j|\u2606ScarlettNights\n|t:|1699927380\n|gametype|singles\n|player|p1|VirgoQc|sabrina|1256\n|player|p2|ScarlettNights|wallace|1214\n|teamsize|p1|6\n|teamsize|p2|6\n|gen|9\n|tier|[Gen 9] OU\n|rated|\n|rule|Sleep Clause Mod: Limit one foe put to sleep\n|rule|Species Clause: Limit one of each Pok\u00e9mon\n|rule|OHKO Clause: OHKO moves are banned\n|rule|Evasion Items Clause: Evasion items are banned\n|rule|Evasion Moves Clause: Evasion moves are banned\n|rule|Endless Battle Clause: Forcing endless battles is banned\n|rule|HP Percentage Mod: HP is shown in percentages\n|clearpoke\n|poke|p1|Flareon, F|\n|poke|p1|Glaceon, M|\n|poke|p1|Jolteon, F|\n|poke|p1|Espeon, M|\n|poke|p1|Sylveon, F|\n|poke|p1|Leafeon, M|\n|poke|p2|Torkoal, M|\n|poke|p2|Walking Wake|\n|poke|p2|Leavanny, F|\n|poke|p2|Arboliva, M|\n|poke|p2|Cinderace, F|\n|poke|p2|Zapdos|\n|teampreview\n|inactive|Battle timer is ON: inactive players will automatically lose when time's up. (requested by ScarlettNights)\n|c|\u2606ScarlettNights|glhf\n|\n|t:|1699927403\n|start\n|switch|p1a: Jolteon|Jolteon, F|100\/100\n|switch|p2a: Cinderace|Cinderace, F|100\/100\n|turn|1\n|\n|t:|1699927410\n|move|p1a: Jolteon|Protect|p1a: Jolteon\n|-singleturn|p1a: Jolteon|Protect\n|move|p2a: Cinderace|U-turn|p1a: Jolteon\n|-start|p2a: Cinderace|typechange|Bug|[from] ability: Libero\n|-activate|p1a: Jolteon|move: Protect\n|\n|-status|p1a: Jolteon|brn|[from] item: Flame Orb\n|upkeep\n|turn|2\n|\n|t:|1699927418\n|move|p1a: Jolteon|Volt Switch|p2a: Cinderace\n|-damage|p2a: Cinderace|52\/100\n|\n|t:|1699927421\n|switch|p1a: Glaceon|Glaceon, M|100\/100|[from] Volt Switch\n|move|p2a: Cinderace|U-turn|p1a: Glaceon\n|-damage|p1a: Glaceon|62\/100\n|\n|t:|1699927429\n|switch|p2a: Torkoal|Torkoal, M|100\/100|[from] U-turn\n|-weather|SunnyDay|[from] ability: Drought|[of] p2a: Torkoal\n|\n|-weather|SunnyDay|[upkeep]\n|upkeep\n|turn|3\n|\n|t:|1699927437\n|move|p1a: Glaceon|Snowscape|p1a: Glaceon\n|-weather|Snow\n|move|p2a: Torkoal|Stealth Rock|p1a: Glaceon\n|-sidestart|p1: VirgoQc|move: Stealth Rock\n|\n|-weather|Snow|[upkeep]\n|-heal|p1a: Glaceon|68\/100|[from] ability: Ice Body\n|upkeep\n|turn|4\n|\n|t:|1699927447\n|switch|p2a: Zapdos|Zapdos|100\/100\n|move|p1a: Glaceon|Wish|p1a: Glaceon\n|\n|-weather|Snow|[upkeep]\n|-heal|p1a: Glaceon|74\/100|[from] ability: Ice Body\n|upkeep\n|turn|5\n|\n|t:|1699927450\n|move|p2a: Zapdos|Thunderbolt|p1a: Glaceon\n|-damage|p1a: Glaceon|24\/100\n|move|p1a: Glaceon|Freeze-Dry|p2a: Zapdos\n|-supereffective|p2a: Zapdos\n|-damage|p2a: Zapdos|37\/100\n|\n|-weather|Snow|[upkeep]\n|-heal|p1a: Glaceon|30\/100|[from] ability: Ice Body\n|-heal|p1a: Glaceon|80\/100|[from] move: Wish|[wisher] Glaceon\n|upkeep\n|turn|6\n|\n|t:|1699927457\n|move|p2a: Zapdos|Hurricane|p1a: Glaceon\n|-damage|p1a: Glaceon|20\/100\n|move|p1a: Glaceon|Wish|p1a: Glaceon\n|\n|-weather|Snow|[upkeep]\n|-heal|p1a: Glaceon|26\/100|[from] ability: Ice Body\n|upkeep\n|turn|7\n|\n|t:|1699927478\n|move|p2a: Zapdos|Roost|p2a: Zapdos\n|-heal|p2a: Zapdos|87\/100\n|-singleturn|p2a: Zapdos|move: Roost\n|move|p1a: Glaceon|Freeze-Dry|p2a: Zapdos\n|-damage|p2a: Zapdos|59\/100\n|\n|-weather|Snow|[upkeep]\n|-heal|p1a: Glaceon|32\/100|[from] ability: Ice Body\n|-heal|p1a: Glaceon|82\/100|[from] move: Wish|[wisher] Glaceon\n|upkeep\n|turn|8\n|\n|t:|1699927485\n|move|p2a: Zapdos|Hurricane|p1a: Glaceon\n|-damage|p1a: Glaceon|18\/100\n|move|p1a: Glaceon|Wish|p1a: Glaceon\n|\n|-weather|Snow|[upkeep]\n|-heal|p1a: Glaceon|24\/100|[from] ability: Ice Body\n|upkeep\n|turn|9\n|\n|t:|1699927491\n|switch|p1a: Jolteon|Jolteon, F|100\/100 brn\n|-damage|p1a: Jolteon|88\/100 brn|[from] Stealth Rock\n|move|p2a: Zapdos|Thunderbolt|p1a: Jolteon\n|-resisted|p1a: Jolteon\n|-damage|p1a: Jolteon|57\/100 brn\n|\n|-weather|Snow|[upkeep]\n|-heal|p1a: Jolteon|100\/100 brn|[from] move: Wish|[wisher] Glaceon\n|-damage|p1a: Jolteon|94\/100 brn|[from] brn\n|upkeep\n|turn|10\n|\n|t:|1699927495\n|move|p1a: Jolteon|Weather Ball|p2a: Zapdos\n|-supereffective|p2a: Zapdos\n|-damage|p2a: Zapdos|0 fnt\n|faint|p2a: Zapdos\n|\n|-weather|none\n|-damage|p1a: Jolteon|88\/100 brn|[from] brn\n|upkeep\n|\n|t:|1699927499\n|switch|p2a: Torkoal|Torkoal, M|100\/100\n|-weather|SunnyDay|[from] ability: Drought|[of] p2a: Torkoal\n|turn|11\n|\n|t:|1699927512\n|switch|p1a: Sylveon|Sylveon, F|100\/100\n|-damage|p1a: Sylveon|88\/100|[from] Stealth Rock\n|move|p2a: Torkoal|Yawn|p1a: Sylveon\n|-start|p1a: Sylveon|move: Yawn|[of] p2a: Torkoal\n|\n|-weather|SunnyDay|[upkeep]\n|upkeep\n|turn|12\n|\n|t:|1699927520\n|switch|p1a: Jolteon|Jolteon, F|88\/100 brn\n|-damage|p1a: Jolteon|75\/100 brn|[from] Stealth Rock\n|switch|p2a: Arboliva|Arboliva, M|100\/100\n|\n|-weather|SunnyDay|[upkeep]\n|-damage|p1a: Jolteon|69\/100 brn|[from] brn\n|upkeep\n|turn|13\n|\n|t:|1699927526\n|switch|p2a: Cinderace|Cinderace, F|52\/100\n|move|p1a: Jolteon|Weather Ball|p2a: Cinderace\n|-resisted|p2a: Cinderace\n|-damage|p2a: Cinderace|13\/100\n|\n|-weather|SunnyDay|[upkeep]\n|-damage|p1a: Jolteon|63\/100 brn|[from] brn\n|upkeep\n|turn|14\n|\n|t:|1699927532\n|switch|p1a: Glaceon|Glaceon, M|24\/100\n|-damage|p1a: Glaceon|0 fnt|[from] Stealth Rock\n|faint|p1a: Glaceon\n|move|p2a: Cinderace|Pyro Ball|p1: Glaceon|[notarget]\n|-fail|p2a: Cinderace\n|\n|-weather|SunnyDay|[upkeep]\n|upkeep\n|\n|t:|1699927542\n|switch|p1a: Jolteon|Jolteon, F|63\/100 brn\n|-damage|p1a: Jolteon|50\/100 brn|[from] Stealth Rock\n|turn|15\n|\n|t:|1699927546\n|move|p1a: Jolteon|Protect|p1a: Jolteon\n|-singleturn|p1a: Jolteon|Protect\n|move|p2a: Cinderace|Pyro Ball|p1a: Jolteon\n|-activate|p1a: Jolteon|move: Protect\n|\n|-weather|SunnyDay|[upkeep]\n|-damage|p1a: Jolteon|44\/100 brn|[from] brn\n|upkeep\n|turn|16\n|\n|t:|1699927550\n|move|p1a: Jolteon|Volt Switch|p2a: Cinderace\n|-damage|p2a: Cinderace|0 fnt\n|faint|p2a: Cinderace\n|\n|t:|1699927558\n|switch|p1a: Espeon|Espeon, M|100\/100|[from] Volt Switch\n|-damage|p1a: Espeon|88\/100|[from] Stealth Rock\n|\n|-weather|SunnyDay|[upkeep]\n|upkeep\n|\n|t:|1699927561\n|switch|p2a: Leavanny|Leavanny, F|100\/100\n|turn|17\n|\n|t:|1699927588\n|switch|p1a: Flareon|Flareon, F|100\/100\n|-damage|p1a: Flareon|75\/100|[from] Stealth Rock\n|move|p2a: Leavanny|Knock Off|p1a: Flareon\n|-damage|p1a: Flareon|21\/100\n|-enditem|p1a: Flareon|Toxic Orb|[from] move: Knock Off|[of] p2a: Leavanny\n|\n|-weather|SunnyDay|[upkeep]\n|upkeep\n|turn|18\n|\n|t:|1699927605\n|move|p2a: Leavanny|Knock Off|p1a: Flareon\n|-damage|p1a: Flareon|0 fnt\n|faint|p1a: Flareon\n|\n|-weather|none\n|upkeep\n|\n|t:|1699927610\n|switch|p1a: Sylveon|Sylveon, F|88\/100\n|-damage|p1a: Sylveon|76\/100|[from] Stealth Rock\n|turn|19\n|\n|t:|1699927613\n|switch|p2a: Torkoal|Torkoal, M|100\/100\n|-weather|SunnyDay|[from] ability: Drought|[of] p2a: Torkoal\n|move|p1a: Sylveon|Reflect|p1a: Sylveon\n|-sidestart|p1: VirgoQc|Reflect\n|\n|-weather|SunnyDay|[upkeep]\n|upkeep\n|turn|20\n|\n|t:|1699927620\n|move|p1a: Sylveon|Light Screen|p1a: Sylveon\n|-sidestart|p1: VirgoQc|move: Light Screen\n|move|p2a: Torkoal|Lava Plume|p1a: Sylveon\n|-damage|p1a: Sylveon|66\/100\n|-status|p1a: Sylveon|brn\n|\n|-weather|SunnyDay|[upkeep]\n|-damage|p1a: Sylveon|60\/100 brn|[from] brn\n|upkeep\n|turn|21\n|\n|t:|1699927626\n|switch|p1a: Espeon|Espeon, M|88\/100\n|-damage|p1a: Espeon|75\/100|[from] Stealth Rock\n|move|p2a: Torkoal|Lava Plume|p1a: Espeon\n|-damage|p1a: Espeon|52\/100\n|\n|-weather|SunnyDay|[upkeep]\n|upkeep\n|turn|22\n|\n|t:|1699927635\n|move|p1a: Espeon|Psyshock|p2a: Torkoal\n|-damage|p2a: Torkoal|77\/100\n|move|p2a: Torkoal|Lava Plume|p1a: Espeon\n|-damage|p1a: Espeon|30\/100\n|\n|-weather|SunnyDay|[upkeep]\n|upkeep\n|turn|23\n|\n|t:|1699927638\n|move|p1a: Espeon|Psyshock|p2a: Torkoal\n|-damage|p2a: Torkoal|54\/100\n|move|p2a: Torkoal|Lava Plume|p1a: Espeon\n|-damage|p1a: Espeon|5\/100\n|-status|p1a: Espeon|brn\n|\n|-weather|SunnyDay|[upkeep]\n|-damage|p1a: Espeon|0 fnt|[from] brn\n|faint|p1a: Espeon\n|upkeep\n|\n|t:|1699927659\n|switch|p1a: Leafeon|Leafeon, M|100\/100\n|-damage|p1a: Leafeon|88\/100|[from] Stealth Rock\n|turn|24\n|\n|t:|1699927665\n|-terastallize|p1a: Leafeon|Fire\n|move|p1a: Leafeon|Swords Dance|p1a: Leafeon\n|-boost|p1a: Leafeon|atk|2\n|move|p2a: Torkoal|Yawn|p1a: Leafeon\n|-start|p1a: Leafeon|move: Yawn|[of] p2a: Torkoal\n|\n|-weather|SunnyDay|[upkeep]\n|upkeep\n|turn|25\n|\n|t:|1699927679\n|move|p1a: Leafeon|Solar Blade||[still]\n|-prepare|p1a: Leafeon|Solar Blade\n|-anim|p1a: Leafeon|Solar Blade|p2a: Torkoal\n|-resisted|p2a: Torkoal\n|-damage|p2a: Torkoal|12\/100\n|-damage|p1a: Leafeon|78\/100|[from] item: Life Orb\n|move|p2a: Torkoal|Lava Plume|p1a: Leafeon\n|-resisted|p1a: Leafeon\n|-damage|p1a: Leafeon|62\/100\n|\n|-weather|SunnyDay|[upkeep]\n|-end|p1a: Leafeon|move: Yawn|[silent]\n|-status|p1a: Leafeon|slp\n|upkeep\n|turn|26\n|\n|t:|1699927684\n|switch|p2a: Walking Wake|Walking Wake|100\/100\n|-activate|p2a: Walking Wake|ability: Protosynthesis\n|-start|p2a: Walking Wake|protosynthesisspe\n|cant|p1a: Leafeon|slp\n|\n|-weather|none\n|-end|p2a: Walking Wake|Protosynthesis\n|-sideend|p1: VirgoQc|Reflect\n|upkeep\n|turn|27\n|\n|t:|1699927688\n|-end|p2a: Walking Wake|Protosynthesis|[silent]\n|switch|p2a: Torkoal|Torkoal, M|12\/100\n|-weather|SunnyDay|[from] ability: Drought|[of] p2a: Torkoal\n|cant|p1a: Leafeon|slp\n|\n|-weather|SunnyDay|[upkeep]\n|-sideend|p1: VirgoQc|move: Light Screen\n|upkeep\n|turn|28\n|\n|t:|1699927692\n|-curestatus|p1a: Leafeon|slp|[msg]\n|move|p1a: Leafeon|Knock Off|p2a: Torkoal\n|-damage|p2a: Torkoal|0 fnt\n|-enditem|p2a: Torkoal|Heat Rock|[from] move: Knock Off|[of] p1a: Leafeon\n|faint|p2a: Torkoal\n|-damage|p1a: Leafeon|52\/100|[from] item: Life Orb\n|\n|-weather|SunnyDay|[upkeep]\n|upkeep\n|\n|t:|1699927695\n|switch|p2a: Leavanny|Leavanny, F|100\/100\n|turn|29\n|\n|t:|1699927707\n|move|p1a: Leafeon|Tera Blast|p2a: Leavanny|[anim] Tera Blast Fire\n|-supereffective|p2a: Leavanny\n|-crit|p2a: Leavanny\n|-enditem|p2a: Leavanny|Focus Sash\n|-damage|p2a: Leavanny|1\/100\n|-damage|p1a: Leafeon|42\/100|[from] item: Life Orb\n|move|p2a: Leavanny|Knock Off|p1a: Leafeon\n|-damage|p1a: Leafeon|12\/100\n|-enditem|p1a: Leafeon|Life Orb|[from] move: Knock Off|[of] p2a: Leavanny\n|\n|-weather|SunnyDay|[upkeep]\n|upkeep\n|turn|30\n|\n|t:|1699927712\n|move|p1a: Leafeon|Knock Off|p2a: Leavanny\n|-damage|p2a: Leavanny|0 fnt\n|faint|p2a: Leavanny\n|\n|-weather|SunnyDay|[upkeep]\n|upkeep\n|\n|t:|1699927718\n|switch|p2a: Walking Wake|Walking Wake|100\/100\n|-activate|p2a: Walking Wake|ability: Protosynthesis\n|-start|p2a: Walking Wake|protosynthesisspe\n|turn|31\n|\n|t:|1699927722\n|-terastallize|p2a: Walking Wake|Steel\n|move|p1a: Leafeon|Solar Blade||[still]\n|-prepare|p1a: Leafeon|Solar Blade\n|-anim|p1a: Leafeon|Solar Blade|p2a: Walking Wake\n|-resisted|p2a: Walking Wake\n|-damage|p2a: Walking Wake|37\/100\n|move|p2a: Walking Wake|Hydro Steam|p1a: Leafeon\n|-supereffective|p1a: Leafeon\n|-damage|p1a: Leafeon|0 fnt\n|faint|p1a: Leafeon\n|-damage|p2a: Walking Wake|27\/100|[from] item: Life Orb\n|\n|-weather|SunnyDay|[upkeep]\n|upkeep\n|\n|t:|1699927737\n|switch|p1a: Jolteon|Jolteon, F|44\/100 brn\n|-damage|p1a: Jolteon|32\/100 brn|[from] Stealth Rock\n|turn|32\n|\n|t:|1699927740\n|move|p1a: Jolteon|Weather Ball|p2a: Walking Wake\n|-supereffective|p2a: Walking Wake\n|-damage|p2a: Walking Wake|0 fnt\n|faint|p2a: Walking Wake\n|-end|p2a: Walking Wake|Protosynthesis|[silent]\n|\n|-weather|SunnyDay|[upkeep]\n|-damage|p1a: Jolteon|25\/100 brn|[from] brn\n|upkeep\n|\n|t:|1699927742\n|switch|p2a: Arboliva|Arboliva, M|100\/100\n|turn|33\n|\n|t:|1699927746\n|move|p1a: Jolteon|Weather Ball|p2a: Arboliva\n|-supereffective|p2a: Arboliva\n|-damage|p2a: Arboliva|6\/100\n|-fieldstart|move: Grassy Terrain|[from] ability: Seed Sower|[of] p2a: Arboliva\n|move|p2a: Arboliva|Energy Ball|p1a: Jolteon\n|-damage|p1a: Jolteon|0 fnt\n|faint|p1a: Jolteon\n|\n|-weather|SunnyDay|[upkeep]\n|-heal|p2a: Arboliva|12\/100|[from] Grassy Terrain\n|upkeep\n|\n|t:|1699927750\n|switch|p1a: Sylveon|Sylveon, F|60\/100 brn\n|-damage|p1a: Sylveon|47\/100 brn|[from] Stealth Rock\n|turn|34\n|\n|t:|1699927752\n|move|p1a: Sylveon|Hyper Voice|p2a: Arboliva\n|-damage|p2a: Arboliva|0 fnt\n|faint|p2a: Arboliva\n|\n|win|VirgoQc\n|raw|VirgoQc's rating: 1256 &rarr; <strong>1278<\/strong><br \/>(+22 for winning)\n|raw|ScarlettNights's rating: 1214 &rarr; <strong>1192<\/strong><br \/>(-22 for losing)\n|c|\u2606ScarlettNights|gg\n|l|\u2606ScarlettNights\n","uploadtime":1699927788,"views":14,"p1id":"virgoqc","p2id":"scarlettnights","formatid":"gen9ou","rating":1192,"private":0,"password":""}