{"id":"gen9ou-1991421195","p1":"VectorAMV","p2":"chewycompa","format":"[Gen 9] OU","log":"|j|\u2606VectorAMV\n|j|\u2606chewycompa\n|t:|1700075695\n|gametype|singles\n|player|p1|VectorAMV|nate|1062\n|player|p2|chewycompa|169|1000\n|teamsize|p1|6\n|teamsize|p2|6\n|gen|9\n|tier|[Gen 9] OU\n|rated|\n|rule|Sleep Clause Mod: Limit one foe put to sleep\n|rule|Species Clause: Limit one of each Pok\u00e9mon\n|rule|OHKO Clause: OHKO moves are banned\n|rule|Evasion Items Clause: Evasion items are banned\n|rule|Evasion Moves Clause: Evasion moves are banned\n|rule|Endless Battle Clause: Forcing endless battles is banned\n|rule|HP Percentage Mod: HP is shown in percentages\n|clearpoke\n|poke|p1|Tinkatuff, F|\n|poke|p1|Ceruledge, M|\n|poke|p1|Great Tusk|\n|poke|p1|Glimmora, F|\n|poke|p1|Greninja-*, M|\n|poke|p1|Rillaboom, M|\n|poke|p2|Arbok, M|\n|poke|p2|Noctowl, M|\n|poke|p2|Coalossal, M|\n|poke|p2|Dusknoir, M|\n|poke|p2|Ariados, M|\n|poke|p2|Eelektross, M|\n|teampreview\n|inactive|Battle timer is ON: inactive players will automatically lose when time's up. (requested by VectorAMV)\n|\n|t:|1700075721\n|start\n|switch|p1a: Carl|Ceruledge, M|100\/100\n|switch|p2a: strawberry frap|Ariados, M, shiny|100\/100\n|turn|1\n|\n|t:|1700075735\n|move|p1a: Carl|Swords Dance|p1a: Carl\n|-boost|p1a: Carl|atk|2\n|move|p2a: strawberry frap|Sticky Web|p1a: Carl\n|-sidestart|p1: VectorAMV|move: Sticky Web\n|\n|upkeep\n|turn|2\n|\n|t:|1700075742\n|move|p2a: strawberry frap|Sucker Punch|p1a: Carl\n|-supereffective|p1a: Carl\n|-damage|p1a: Carl|48\/100\n|-ability|p1a: Carl|Weak Armor|boost\n|-unboost|p1a: Carl|def|1\n|-boost|p1a: Carl|spe|2\n|-enditem|p1a: Carl|White Herb\n|-clearnegativeboost|p1a: Carl|[silent]\n|move|p1a: Carl|Bitter Blade|p2a: strawberry frap\n|-supereffective|p2a: strawberry frap\n|-enditem|p2a: strawberry frap|Focus Sash\n|-damage|p2a: strawberry frap|1\/100\n|-heal|p1a: Carl|100\/100|[from] drain|[of] p2a: strawberry frap\n|\n|upkeep\n|turn|3\n|\n|t:|1700075756\n|move|p2a: strawberry frap|Sucker Punch||[still]\n|-fail|p2a: strawberry frap\n|move|p1a: Carl|Swords Dance|p1a: Carl\n|-boost|p1a: Carl|atk|2\n|\n|upkeep\n|turn|4\n|\n|t:|1700075768\n|move|p2a: strawberry frap|Sucker Punch||[still]\n|-fail|p2a: strawberry frap\n|move|p1a: Carl|Swords Dance|p1a: Carl\n|-boost|p1a: Carl|atk|2\n|\n|upkeep\n|turn|5\n|\n|t:|1700075781\n|move|p1a: Carl|Shadow Sneak|p2a: strawberry frap\n|-damage|p2a: strawberry frap|0 fnt\n|faint|p2a: strawberry frap\n|\n|upkeep\n|\n|t:|1700075794\n|switch|p2a: macha latte|Eelektross, M, shiny|100\/100\n|turn|6\n|\n|t:|1700075810\n|-terastallize|p1a: Carl|Fairy\n|move|p1a: Carl|Bitter Blade|p2a: macha latte\n|-damage|p2a: macha latte|0 fnt\n|faint|p2a: macha latte\n|\n|upkeep\n|\n|t:|1700075821\n|switch|p2a: starbok|Arbok, M, shiny|100\/100\n|-ability|p2a: starbok|Intimidate|boost\n|-unboost|p1a: Carl|atk|1\n|turn|7\n|\n|t:|1700075834\n|move|p1a: Carl|Bitter Blade|p2a: starbok\n|-damage|p2a: starbok|0 fnt\n|faint|p2a: starbok\n|\n|upkeep\n|inactive|chewycompa has 120 seconds left.\n|\n|t:|1700075865\n|switch|p2a: magic coffee|Dusknoir, M, shiny|100\/100\n|turn|8\n|inactive|chewycompa has 120 seconds left.\n|\n|t:|1700075886\n|-terastallize|p2a: magic coffee|Ghost\n|move|p1a: Carl|Tera Blast|p2a: magic coffee|[anim] Tera Blast Fairy\n|-damage|p2a: magic coffee|0 fnt\n|faint|p2a: magic coffee\n|\n|upkeep\n|\n|t:|1700075899\n|switch|p2a: lemon tea|Noctowl, M, shiny|100\/100\n|turn|9\n|\n|t:|1700075904\n|move|p1a: Carl|Tera Blast|p2a: lemon tea|[anim] Tera Blast Fairy\n|-damage|p2a: lemon tea|0 fnt\n|faint|p2a: lemon tea\n|\n|upkeep\n|c|\u2606chewycompa|\ud83d\ude2d\n|inactive|chewycompa has 90 seconds left.\n|c|\u2606VectorAMV|Sorry for the 1st ever sweep, Chewy. ;n;\n|\n|t:|1700075936\n|switch|p2a: extra sugaor coffe|Coalossal, M, shiny|100\/100\n|turn|10\n|inactive|chewycompa has 90 seconds left.\n|\n|t:|1700075942\n|move|p1a: Carl|Tera Blast|p2a: extra sugaor coffe|[anim] Tera Blast Fairy\n|-resisted|p2a: extra sugaor coffe\n|-damage|p2a: extra sugaor coffe|57\/100\n|move|p2a: extra sugaor coffe|Earth Power|p1a: Carl\n|-damage|p1a: Carl|77\/100\n|\n|upkeep\n|turn|11\n|\n|t:|1700075950\n|move|p1a: Carl|Tera Blast|p2a: extra sugaor coffe|[anim] Tera Blast Fairy\n|-resisted|p2a: extra sugaor coffe\n|-damage|p2a: extra sugaor coffe|17\/100\n|move|p2a: extra sugaor coffe|Earth Power|p1a: Carl\n|-damage|p1a: Carl|53\/100\n|\n|upkeep\n|turn|12\n|\n|t:|1700075962\n|move|p1a: Carl|Shadow Sneak|p2a: extra sugaor coffe\n|-damage|p2a: extra sugaor coffe|0 fnt\n|faint|p2a: extra sugaor coffe\n|\n|win|VectorAMV\n|raw|VectorAMV's rating: 1062 &rarr; <strong>1087<\/strong><br \/>(+25 for winning)\n|raw|chewycompa's rating: 1000 &rarr; <strong>1000<\/strong><br \/>(+0 for losing)\n","uploadtime":1700075979,"views":7,"p1id":"vectoramv","p2id":"chewycompa","formatid":"gen9ou","rating":1000,"private":0,"password":""}