{"id":"gen9ou-1991621630","p1":"Gen 9 Dr Eggman","p2":"Ger0o","format":"[Gen 9] OU","log":"|j|\u2606Gen 9 Dr Eggman\n|j|\u2606Ger0o\n|t:|1700095210\n|gametype|singles\n|player|p1|Gen 9 Dr Eggman|265|1147\n|player|p2|Ger0o|nate|1076\n|teamsize|p1|6\n|teamsize|p2|6\n|gen|9\n|tier|[Gen 9] OU\n|rated|\n|rule|Sleep Clause Mod: Limit one foe put to sleep\n|rule|Species Clause: Limit one of each Pok\u00e9mon\n|rule|OHKO Clause: OHKO moves are banned\n|rule|Evasion Items Clause: Evasion items are banned\n|rule|Evasion Moves Clause: Evasion moves are banned\n|rule|Endless Battle Clause: Forcing endless battles is banned\n|rule|HP Percentage Mod: HP is shown in percentages\n|clearpoke\n|poke|p1|Ogerpon-Cornerstone, F|\n|poke|p1|Greninja-*, M|\n|poke|p1|Rillaboom, F|\n|poke|p1|Iron Valiant|\n|poke|p1|Slowking-Galar, F|\n|poke|p1|Hawlucha, M|\n|poke|p2|Sableye, M|\n|poke|p2|Meowscarada, F|\n|poke|p2|Cloyster, F|\n|poke|p2|Great Tusk|\n|poke|p2|Ceruledge, F|\n|poke|p2|Landorus-Therian, M|\n|teampreview\n|\n|t:|1700095215\n|start\n|switch|p1a: Greninja|Greninja, M|100\/100\n|switch|p2a: Meowscarada|Meowscarada, F|100\/100\n|turn|1\n|\n|t:|1700095225\n|switch|p1a: Slowking|Slowking-Galar, F|100\/100\n|move|p2a: Meowscarada|U-turn|p1a: Slowking\n|-start|p2a: Meowscarada|typechange|Bug|[from] ability: Protean\n|-damage|p1a: Slowking|45\/100\n|\n|t:|1700095240\n|switch|p2a: Landorus|Landorus-Therian, M|100\/100|[from] U-turn\n|-ability|p2a: Landorus|Intimidate|boost\n|-unboost|p1a: Slowking|atk|1\n|\n|upkeep\n|turn|2\n|\n|t:|1700095246\n|switch|p1a: Rillaboom|Rillaboom, F|100\/100\n|-fieldstart|move: Grassy Terrain|[from] ability: Grassy Surge|[of] p1a: Rillaboom\n|move|p2a: Landorus|U-turn|p1a: Rillaboom\n|-supereffective|p1a: Rillaboom\n|-damage|p1a: Rillaboom|31\/100\n|\n|t:|1700095259\n|switch|p2a: Sableye|Sableye, M|100\/100|[from] U-turn\n|\n|-heal|p1a: Rillaboom|37\/100|[from] Grassy Terrain\n|upkeep\n|turn|3\n|\n|t:|1700095264\n|move|p1a: Rillaboom|Drum Beating|p2a: Sableye\n|-damage|p2a: Sableye|0 fnt\n|faint|p2a: Sableye\n|\n|-heal|p1a: Rillaboom|44\/100|[from] Grassy Terrain\n|upkeep\n|\n|t:|1700095271\n|switch|p2a: Meowscarada|Meowscarada, F|100\/100\n|turn|4\n|\n|t:|1700095274\n|switch|p1a: Slowking|Slowking-Galar, F|79\/100\n|move|p2a: Meowscarada|U-turn|p1a: Slowking\n|-start|p2a: Meowscarada|typechange|Bug|[from] ability: Protean\n|-damage|p1a: Slowking|26\/100\n|\n|t:|1700095281\n|switch|p2a: Landorus|Landorus-Therian, M|100\/100|[from] U-turn\n|-ability|p2a: Landorus|Intimidate|boost\n|-unboost|p1a: Slowking|atk|1\n|\n|-heal|p1a: Slowking|32\/100|[from] Grassy Terrain\n|upkeep\n|turn|5\n|\n|t:|1700095287\n|switch|p1a: Hawlucha|Hawlucha, M|100\/100\n|-enditem|p1a: Hawlucha|Grassy Seed\n|-boost|p1a: Hawlucha|def|1|[from] item: Grassy Seed\n|move|p2a: Landorus|U-turn|p1a: Hawlucha\n|-resisted|p1a: Hawlucha\n|-damage|p1a: Hawlucha|93\/100\n|\n|t:|1700095296\n|switch|p2a: Cloyster|Cloyster, F, shiny|100\/100|[from] U-turn\n|\n|upkeep\n|turn|6\n|\n|t:|1700095308\n|move|p1a: Hawlucha|Swords Dance|p1a: Hawlucha\n|-boost|p1a: Hawlucha|atk|2\n|move|p2a: Cloyster|Shell Smash|p2a: Cloyster\n|-unboost|p2a: Cloyster|def|1\n|-unboost|p2a: Cloyster|spd|1\n|-boost|p2a: Cloyster|atk|2\n|-boost|p2a: Cloyster|spa|2\n|-boost|p2a: Cloyster|spe|2\n|\n|-fieldend|move: Grassy Terrain\n|upkeep\n|turn|7\n|\n|t:|1700095316\n|move|p1a: Hawlucha|Encore|p2a: Cloyster\n|-start|p2a: Cloyster|Encore\n|move|p2a: Cloyster|Shell Smash|p2a: Cloyster\n|-unboost|p2a: Cloyster|def|1\n|-unboost|p2a: Cloyster|spd|1\n|-boost|p2a: Cloyster|atk|2\n|-boost|p2a: Cloyster|spa|2\n|-boost|p2a: Cloyster|spe|2\n|\n|upkeep\n|turn|8\n|\n|t:|1700095331\n|move|p2a: Cloyster|Shell Smash|p2a: Cloyster\n|-unboost|p2a: Cloyster|def|1\n|-unboost|p2a: Cloyster|spd|1\n|-boost|p2a: Cloyster|atk|2\n|-boost|p2a: Cloyster|spa|2\n|-boost|p2a: Cloyster|spe|2\n|move|p1a: Hawlucha|Acrobatics|p2a: Cloyster\n|-enditem|p2a: Cloyster|Focus Sash\n|-damage|p2a: Cloyster|1\/100\n|\n|upkeep\n|turn|9\n|\n|t:|1700095342\n|move|p2a: Cloyster|Shell Smash|p2a: Cloyster\n|-unboost|p2a: Cloyster|def|1\n|-unboost|p2a: Cloyster|spd|1\n|-boost|p2a: Cloyster|atk|0\n|-boost|p2a: Cloyster|spa|0\n|-boost|p2a: Cloyster|spe|0\n|move|p1a: Hawlucha|Acrobatics|p2a: Cloyster\n|-damage|p2a: Cloyster|0 fnt\n|faint|p2a: Cloyster\n|\n|upkeep\n|\n|t:|1700095351\n|switch|p2a: Ceruledge|Ceruledge, F|100\/100\n|turn|10\n|\n|t:|1700095379\n|move|p1a: Hawlucha|Acrobatics|p2a: Ceruledge\n|-damage|p2a: Ceruledge|0 fnt\n|faint|p2a: Ceruledge\n|\n|upkeep\n|-message|Ger0o forfeited.\n|\n|win|Gen 9 Dr Eggman\n|raw|Gen 9 Dr Eggman's rating: 1147 &rarr; <strong>1167<\/strong><br \/>(+20 for winning)\n|raw|Ger0o's rating: 1076 &rarr; <strong>1059<\/strong><br \/>(-17 for losing)\n|l|\u2606Ger0o\n","uploadtime":1700095397,"views":7,"p1id":"gen9dreggman","p2id":"ger0o","formatid":"gen9ou","rating":1059,"private":0,"password":""}