{"id":"gen9ou-1993656625","p1":"Markuso100","p2":"hehemrow","format":"[Gen 9] OU","log":"|j|\u2606Markuso100\n|j|\u2606hehemrow\n|t:|1700342265\n|gametype|singles\n|player|p1|Markuso100|169|\n|player|p2|hehemrow|lady|\n|teamsize|p1|6\n|teamsize|p2|6\n|gen|9\n|tier|[Gen 9] OU\n|rule|Sleep Clause Mod: Limit one foe put to sleep\n|rule|Species Clause: Limit one of each Pok\u00e9mon\n|rule|OHKO Clause: OHKO moves are banned\n|rule|Evasion Items Clause: Evasion items are banned\n|rule|Evasion Moves Clause: Evasion moves are banned\n|rule|Endless Battle Clause: Forcing endless battles is banned\n|rule|HP Percentage Mod: HP is shown in percentages\n|clearpoke\n|poke|p1|Zapdos-Galar|\n|poke|p1|Kingambit, F|\n|poke|p1|Slowking-Galar, F|\n|poke|p1|Dragonite, M|\n|poke|p1|Bellibolt, M|\n|poke|p1|Quaquaval, M|\n|poke|p2|Iron Valiant|\n|poke|p2|Ogerpon-Cornerstone, F|\n|poke|p2|Manaphy|\n|poke|p2|Kilowattrel, M|\n|poke|p2|Iron Treads|\n|poke|p2|Crocalor, M|\n|teampreview\n|\n|t:|1700342298\n|start\n|switch|p1a: Dragonite|Dragonite, M|100\/100\n|switch|p2a: Ogerpon|Ogerpon-Cornerstone, F|100\/100\n|turn|1\n|\n|t:|1700342327\n|move|p2a: Ogerpon|Taunt|p1a: Dragonite\n|-start|p1a: Dragonite|move: Taunt\n|cant|p1a: Dragonite|move: Taunt|Dragon Dance\n|\n|upkeep\n|turn|2\n|c|\u2606Markuso100|you bitch\n|\n|t:|1700342358\n|move|p2a: Ogerpon|Spikes|p1a: Dragonite\n|-sidestart|p1: Markuso100|Spikes\n|move|p1a: Dragonite|Earthquake|p2a: Ogerpon\n|-damage|p2a: Ogerpon|54\/100\n|\n|upkeep\n|turn|3\n|\n|t:|1700342382\n|move|p2a: Ogerpon|Ivy Cudgel|p1a: Dragonite|[anim] Ivy Cudgel Rock\n|-supereffective|p1a: Dragonite\n|-damage|p1a: Dragonite|34\/100\n|move|p1a: Dragonite|Earthquake|p2a: Ogerpon\n|-damage|p2a: Ogerpon|6\/100\n|\n|-end|p1a: Dragonite|move: Taunt\n|upkeep\n|turn|4\n|\n|t:|1700342391\n|move|p1a: Dragonite|Extreme Speed|p2a: Ogerpon\n|-resisted|p2a: Ogerpon\n|-damage|p2a: Ogerpon|0 fnt\n|faint|p2a: Ogerpon\n|\n|upkeep\n|\n|t:|1700342400\n|switch|p2a: Kilowattrel|Kilowattrel, M|100\/100\n|turn|5\n|\n|t:|1700342464\n|switch|p2a: Iron Valiant|Iron Valiant|100\/100\n|-enditem|p2a: Iron Valiant|Booster Energy\n|-activate|p2a: Iron Valiant|ability: Quark Drive|[fromitem]\n|-start|p2a: Iron Valiant|quarkdrivespe\n|move|p1a: Dragonite|Extreme Speed|p2a: Iron Valiant\n|-damage|p2a: Iron Valiant|63\/100\n|\n|upkeep\n|turn|6\n|\n|t:|1700342487\n|move|p1a: Dragonite|Extreme Speed|p2a: Iron Valiant\n|-damage|p2a: Iron Valiant|24\/100\n|move|p2a: Iron Valiant|Swords Dance|p2a: Iron Valiant\n|-boost|p2a: Iron Valiant|atk|2\n|\n|upkeep\n|turn|7\n|c|\u2606Markuso100|what are you cooking\n|c|\u2606hehemrow|theres no way u\n|c|\u2606hehemrow|stayed in\n|c|\u2606Markuso100|?!?!?!\n|c|\u2606hehemrow|both times\n|c|\u2606Markuso100|bro\n|c|\u2606Markuso100|i have zero reason to switch.\n|\n|t:|1700342532\n|move|p1a: Dragonite|Extreme Speed|p2a: Iron Valiant\n|-damage|p2a: Iron Valiant|0 fnt\n|faint|p2a: Iron Valiant\n|-end|p2a: Iron Valiant|Quark Drive|[silent]\n|\n|upkeep\n|\n|t:|1700342540\n|switch|p2a: Iron Treads|Iron Treads|100\/100\n|turn|8\n|\n|t:|1700342584\n|move|p1a: Dragonite|Extreme Speed|p2a: Iron Treads\n|-resisted|p2a: Iron Treads\n|-damage|p2a: Iron Treads|87\/100\n|move|p2a: Iron Treads|Stealth Rock|p1a: Dragonite\n|-sidestart|p1: Markuso100|move: Stealth Rock\n|\n|upkeep\n|turn|9\n|c|\u2606Markuso100|i hate you\n|\n|t:|1700342642\n|move|p2a: Iron Treads|Iron Head|p1a: Dragonite\n|-damage|p1a: Dragonite|0 fnt\n|faint|p1a: Dragonite\n|\n|upkeep\n|\n|t:|1700342725\n|switch|p1a: Quaquaval|Quaquaval, M|100\/100\n|-damage|p1a: Quaquaval|88\/100|[from] Spikes\n|-damage|p1a: Quaquaval|82\/100|[from] Stealth Rock\n|turn|10\n|\n|t:|1700342769\n|-end|p2a: Iron Treads|Quark Drive|[silent]\n|switch|p2a: Manaphy|Manaphy, shiny|100\/100\n|move|p1a: Quaquaval|Close Combat|p2a: Manaphy\n|-damage|p2a: Manaphy|46\/100\n|-unboost|p1a: Quaquaval|def|1\n|-unboost|p1a: Quaquaval|spd|1\n|\n|-heal|p2a: Manaphy|52\/100|[from] item: Leftovers\n|upkeep\n|turn|11\n|\n|t:|1700342793\n|move|p1a: Quaquaval|Close Combat|p2a: Manaphy\n|-damage|p2a: Manaphy|0 fnt\n|-unboost|p1a: Quaquaval|def|1\n|-unboost|p1a: Quaquaval|spd|1\n|faint|p2a: Manaphy\n|-ability|p1a: Quaquaval|Moxie|boost\n|-boost|p1a: Quaquaval|atk|1\n|\n|upkeep\n|\n|t:|1700342815\n|switch|p2a: Kilowattrel|Kilowattrel, M|100\/100\n|turn|12\n|\n|t:|1700342827\n|switch|p1a: Slowking|Slowking-Galar, F|100\/100\n|-damage|p1a: Slowking|88\/100|[from] Spikes\n|-damage|p1a: Slowking|76\/100|[from] Stealth Rock\n|move|p2a: Kilowattrel|Volt Switch|p1a: Slowking\n|-damage|p1a: Slowking|55\/100\n|-damage|p2a: Kilowattrel|91\/100|[from] item: Life Orb\n|\n|t:|1700342844\n|switch|p2a: Iron Treads|Iron Treads|87\/100|[from] Volt Switch\n|\n|upkeep\n|turn|13\n|c|\u2606Markuso100|i hate you so much\n|\n|t:|1700342899\n|switch|p1a: Zapdos|Zapdos-Galar|100\/100\n|-damage|p1a: Zapdos|88\/100|[from] Stealth Rock\n|move|p2a: Iron Treads|Earthquake|p1a: Zapdos\n|-immune|p1a: Zapdos\n|\n|upkeep\n|turn|14\n|\n|t:|1700342931\n|-end|p2a: Iron Treads|Quark Drive|[silent]\n|switch|p2a: Crocalor|Crocalor, M|100\/100\n|move|p1a: Zapdos|U-turn|p2a: Crocalor\n|-resisted|p2a: Crocalor\n|-damage|p2a: Crocalor|91\/100\n|\n|t:|1700342941\n|switch|p1a: Bellibolt|Bellibolt, M|100\/100|[from] U-turn\n|-damage|p1a: Bellibolt|88\/100|[from] Spikes\n|-damage|p1a: Bellibolt|75\/100|[from] Stealth Rock\n|\n|upkeep\n|turn|15\n|\n|t:|1700342967\n|switch|p2a: Iron Treads|Iron Treads|87\/100\n|move|p1a: Bellibolt|Muddy Water|p2a: Iron Treads\n|-supereffective|p2a: Iron Treads\n|-damage|p2a: Iron Treads|0 fnt\n|faint|p2a: Iron Treads\n|-end|p2a: Iron Treads|Quark Drive|[silent]\n|\n|upkeep\n|\n|t:|1700342985\n|switch|p2a: Kilowattrel|Kilowattrel, M|91\/100\n|turn|16\n|\n|t:|1700343024\n|switch|p1a: Slowking|Slowking-Galar, F|88\/100\n|-damage|p1a: Slowking|76\/100|[from] Spikes\n|-damage|p1a: Slowking|63\/100|[from] Stealth Rock\n|-terastallize|p2a: Kilowattrel|Ice\n|move|p2a: Kilowattrel|Tera Blast|p1a: Slowking|[anim] Tera Blast Ice\n|-damage|p1a: Slowking|42\/100\n|-damage|p2a: Kilowattrel|81\/100|[from] item: Life Orb\n|\n|upkeep\n|turn|17\n|\n|t:|1700343068\n|move|p2a: Kilowattrel|Volt Switch|p1a: Slowking\n|-damage|p1a: Slowking|22\/100\n|-damage|p2a: Kilowattrel|71\/100|[from] item: Life Orb\n|\n|t:|1700343072\n|switch|p2a: Crocalor|Crocalor, M|91\/100|[from] Volt Switch\n|move|p1a: Slowking|Flamethrower|p2a: Crocalor\n|-resisted|p2a: Crocalor\n|-damage|p2a: Crocalor|78\/100\n|\n|upkeep\n|turn|18\n|\n|t:|1700343102\n|switch|p1a: Bellibolt|Bellibolt, M|75\/100\n|-damage|p1a: Bellibolt|63\/100|[from] Spikes\n|-damage|p1a: Bellibolt|50\/100|[from] Stealth Rock\n|move|p2a: Crocalor|Roar|p1a: Bellibolt\n|drag|p1a: Kingambit|Kingambit, F|100\/100\n|-damage|p1a: Kingambit|88\/100|[from] Spikes\n|-damage|p1a: Kingambit|82\/100|[from] Stealth Rock\n|-activate|p1a: Kingambit|ability: Supreme Overlord\n|-start|p1a: Kingambit|fallen1|[silent]\n|\n|upkeep\n|turn|19\n|\n|t:|1700343124\n|move|p1a: Kingambit|Sucker Punch||[still]\n|-fail|p1a: Kingambit\n|move|p2a: Crocalor|Will-O-Wisp|p1a: Kingambit\n|-status|p1a: Kingambit|brn\n|\n|-damage|p1a: Kingambit|76\/100 brn|[from] brn\n|upkeep\n|turn|20\n|\n|t:|1700343140\n|move|p1a: Kingambit|Kowtow Cleave|p2a: Crocalor\n|-damage|p2a: Crocalor|63\/100\n|move|p2a: Crocalor|Roar|p1a: Kingambit\n|-end|p1a: Kingambit|fallen1|[silent]\n|drag|p1a: Slowking|Slowking-Galar, F|56\/100\n|-damage|p1a: Slowking|43\/100|[from] Spikes\n|-damage|p1a: Slowking|31\/100|[from] Stealth Rock\n|\n|upkeep\n|turn|21\n|\n|t:|1700343160\n|switch|p1a: Zapdos|Zapdos-Galar|88\/100\n|-damage|p1a: Zapdos|76\/100|[from] Stealth Rock\n|move|p2a: Crocalor|Roar|p1a: Zapdos\n|drag|p1a: Quaquaval|Quaquaval, M|82\/100\n|-damage|p1a: Quaquaval|70\/100|[from] Spikes\n|-damage|p1a: Quaquaval|64\/100|[from] Stealth Rock\n|\n|upkeep\n|turn|22\n|c|\u2606hehemrow|AY\n|c|\u2606Markuso100|YOU PUSSY\n|\n|t:|1700343182\n|move|p1a: Quaquaval|Close Combat|p2a: Crocalor\n|-damage|p2a: Crocalor|31\/100\n|-unboost|p1a: Quaquaval|def|1\n|-unboost|p1a: Quaquaval|spd|1\n|move|p2a: Crocalor|Slack Off|p2a: Crocalor\n|-heal|p2a: Crocalor|81\/100\n|\n|upkeep\n|turn|23\n|c|\u2606Markuso100|I HATE YOU\n|c|\u2606Markuso100|SO MUCH\n|\n|t:|1700343199\n|switch|p1a: Slowking|Slowking-Galar, F|64\/100\n|-damage|p1a: Slowking|52\/100|[from] Spikes\n|-damage|p1a: Slowking|39\/100|[from] Stealth Rock\n|move|p2a: Crocalor|Will-O-Wisp|p1a: Slowking\n|-status|p1a: Slowking|brn\n|\n|-damage|p1a: Slowking|33\/100 brn|[from] brn\n|upkeep\n|turn|24\n|\n|t:|1700343219\n|switch|p1a: Bellibolt|Bellibolt, M|50\/100\n|-damage|p1a: Bellibolt|38\/100|[from] Spikes\n|-damage|p1a: Bellibolt|25\/100|[from] Stealth Rock\n|move|p2a: Crocalor|Roar|p1a: Bellibolt\n|drag|p1a: Slowking|Slowking-Galar, F|66\/100 brn\n|-damage|p1a: Slowking|54\/100 brn|[from] Spikes\n|-damage|p1a: Slowking|41\/100 brn|[from] Stealth Rock\n|\n|-damage|p1a: Slowking|35\/100 brn|[from] brn\n|upkeep\n|turn|25\n|c|\u2606Markuso100|YOU\n|c|\u2606Markuso100|ARE\n|c|\u2606Markuso100|SO\n|c|\u2606Markuso100|CRINGE\n|\n|t:|1700343246\n|move|p1a: Slowking|Sludge Bomb|p2a: Crocalor\n|-damage|p2a: Crocalor|45\/100\n|move|p2a: Crocalor|Roar|p1a: Slowking\n|drag|p1a: Zapdos|Zapdos-Galar|76\/100\n|-damage|p1a: Zapdos|63\/100|[from] Stealth Rock\n|\n|upkeep\n|turn|26\n|c|\u2606Markuso100|IM DONE\n|c|\u2606Markuso100|NAH\n|c|\u2606Markuso100|THIS IS\n|c|\u2606Markuso100|SO AIDS\n|c|\u2606Markuso100|ITS NOT EVEN GOOD\n|\n|t:|1700343272\n|move|p1a: Zapdos|Close Combat|p2a: Crocalor\n|-damage|p2a: Crocalor|0 fnt\n|-unboost|p1a: Zapdos|def|1\n|-unboost|p1a: Zapdos|spd|1\n|faint|p2a: Crocalor\n|\n|upkeep\n|\n|t:|1700343276\n|switch|p2a: Kilowattrel|Kilowattrel, M, tera:Ice|71\/100\n|turn|27\n|\n|t:|1700343302\n|move|p2a: Kilowattrel|Tera Blast|p1a: Zapdos|[anim] Tera Blast Ice\n|-supereffective|p1a: Zapdos\n|-damage|p1a: Zapdos|0 fnt\n|faint|p1a: Zapdos\n|-damage|p2a: Kilowattrel|61\/100|[from] item: Life Orb\n|\n|upkeep\n|\n|t:|1700343315\n|switch|p1a: Quaquaval|Quaquaval, M|64\/100\n|-damage|p1a: Quaquaval|52\/100|[from] Spikes\n|-damage|p1a: Quaquaval|46\/100|[from] Stealth Rock\n|turn|28\n|\n|t:|1700343327\n|move|p1a: Quaquaval|Close Combat|p2a: Kilowattrel\n|-supereffective|p2a: Kilowattrel\n|-damage|p2a: Kilowattrel|0 fnt\n|-unboost|p1a: Quaquaval|def|1\n|-unboost|p1a: Quaquaval|spd|1\n|faint|p2a: Kilowattrel\n|\n|win|Markuso100\n|c|\u2606hehemrow|no way ur scarf\n|c|\u2606Markuso100|I KNEW\n|c|\u2606Markuso100|YOUD BE PULLNIG SOME BULLSHIT\n|c|\u2606Markuso100|SO I HAD\n|c|\u2606Markuso100|TO DO WHATEVER IT TOOK\n|c|\u2606Markuso100|YOU BITHC\n|c|\u2606Markuso100|THA TWAS\n|c|\u2606Markuso100|SO AIDS\n|c|\u2606Markuso100|FOR ZERO\n|c|\u2606Markuso100|BTW\n|c|\u2606hehemrow|go again\n|l|\u2606hehemrow\n|c|\u2606Markuso100|can we change teams in between or no\n","uploadtime":1700343356,"views":34,"p1id":"markuso100","p2id":"hehemrow","formatid":"gen9ou","rating":0,"private":0,"password":""}