{"id":"gen9ou-1988372608","p1":"Zenadark","p2":"II Armando II","format":"[Gen 9] OU","log":"|j|\u2606Zenadark\n|j|\u2606II Armando II\n|t:|1699715396\n|gametype|singles\n|player|p1|Zenadark|#stt5noadkokoroyal|1564\n|player|p2|II Armando II|hilbert|1512\n|teamsize|p1|6\n|teamsize|p2|6\n|gen|9\n|tier|[Gen 9] OU\n|rated|\n|rule|Sleep Clause Mod: Limit one foe put to sleep\n|rule|Species Clause: Limit one of each Pok\u00e9mon\n|rule|OHKO Clause: OHKO moves are banned\n|rule|Evasion Items Clause: Evasion items are banned\n|rule|Evasion Moves Clause: Evasion moves are banned\n|rule|Endless Battle Clause: Forcing endless battles is banned\n|rule|HP Percentage Mod: HP is shown in percentages\n|clearpoke\n|poke|p1|Pelipper, M|\n|poke|p1|Dragonite, M|\n|poke|p1|Kingambit, M|\n|poke|p1|Basculegion, M|\n|poke|p1|Great Tusk|\n|poke|p1|Manaphy|\n|poke|p2|Glimmora, M|\n|poke|p2|Lucario, M|\n|poke|p2|Staraptor, M|\n|poke|p2|Veluza, F|\n|poke|p2|Squawkabilly-Blue, M|\n|poke|p2|Kingambit, M|\n|teampreview\n|c|\u2606Zenadark|full final gambit team\n|\n|t:|1699715439\n|start\n|switch|p1a: Manaphy|Manaphy|100\/100\n|switch|p2a: Staraptor|Staraptor, M|100\/100\n|-ability|p2a: Staraptor|Intimidate|boost\n|-unboost|p1a: Manaphy|atk|1\n|turn|1\n|\n|t:|1699715458\n|switch|p1a: Basculegion|Basculegion, M, shiny|100\/100\n|move|p2a: Staraptor|U-turn|p1a: Basculegion\n|-resisted|p1a: Basculegion\n|-damage|p1a: Basculegion|87\/100\n|\n|t:|1699715464\n|switch|p2a: Glimmora|Glimmora, M|100\/100|[from] U-turn\n|\n|upkeep\n|turn|2\n|\n|t:|1699715471\n|switch|p1a: Manaphy|Manaphy|100\/100\n|move|p2a: Glimmora|Stealth Rock|p1a: Manaphy\n|-sidestart|p1: Zenadark|move: Stealth Rock\n|\n|upkeep\n|turn|3\n|\n|t:|1699715480\n|switch|p2a: Veluza|Veluza, F|100\/100\n|switch|p1a: Pelipper|Pelipper, M, shiny|100\/100\n|-damage|p1a: Pelipper|76\/100|[from] Stealth Rock\n|-weather|RainDance|[from] ability: Drizzle|[of] p1a: Pelipper\n|\n|-weather|RainDance|[upkeep]\n|upkeep\n|turn|4\n|\n|t:|1699715487\n|switch|p1a: Basculegion|Basculegion, M, shiny|87\/100\n|-damage|p1a: Basculegion|75\/100|[from] Stealth Rock\n|move|p2a: Veluza|Psycho Cut|p1a: Basculegion\n|-crit|p1a: Basculegion\n|-damage|p1a: Basculegion|1\/100\n|\n|-weather|RainDance|[upkeep]\n|upkeep\n|turn|5\n|\n|t:|1699715494\n|move|p1a: Basculegion|Wave Crash|p2a: Veluza\n|-resisted|p2a: Veluza\n|-damage|p2a: Veluza|23\/100\n|-damage|p1a: Basculegion|0 fnt|[from] Recoil\n|faint|p1a: Basculegion\n|move|p2a: Veluza|Psycho Cut|p1: Basculegion|[notarget]\n|-fail|p2a: Veluza\n|\n|-weather|RainDance|[upkeep]\n|upkeep\n|\n|t:|1699715502\n|switch|p1a: Great Tusk|Great Tusk, shiny|100\/100\n|-damage|p1a: Great Tusk|98\/100|[from] Stealth Rock\n|turn|6\n|\n|t:|1699715505\n|move|p2a: Veluza|Psycho Cut|p1a: Great Tusk\n|-supereffective|p1a: Great Tusk\n|-damage|p1a: Great Tusk|64\/100\n|move|p1a: Great Tusk|Rapid Spin|p2a: Veluza\n|-damage|p2a: Veluza|7\/100\n|-boost|p1a: Great Tusk|spe|1\n|-sideend|p1: Zenadark|Stealth Rock|[from] move: Rapid Spin|[of] p1a: Great Tusk\n|\n|-weather|RainDance|[upkeep]\n|-heal|p1a: Great Tusk|70\/100|[from] item: Leftovers\n|upkeep\n|turn|7\n|\n|t:|1699715509\n|move|p2a: Veluza|Psycho Cut|p1a: Great Tusk\n|-supereffective|p1a: Great Tusk\n|-damage|p1a: Great Tusk|36\/100\n|move|p1a: Great Tusk|Rapid Spin|p2a: Veluza\n|-damage|p2a: Veluza|0 fnt\n|-boost|p1a: Great Tusk|spe|1\n|faint|p2a: Veluza\n|\n|-weather|RainDance|[upkeep]\n|-heal|p1a: Great Tusk|42\/100|[from] item: Leftovers\n|upkeep\n|j| Jan7498\n|l| Jan7498\n|\n|t:|1699715542\n|switch|p2a: Staraptor|Staraptor, M|100\/100\n|-ability|p2a: Staraptor|Intimidate|boost\n|-unboost|p1a: Great Tusk|atk|1\n|turn|8\n|\n|t:|1699715550\n|move|p2a: Staraptor|Brave Bird|p1a: Great Tusk\n|-supereffective|p1a: Great Tusk\n|-damage|p1a: Great Tusk|0 fnt\n|faint|p1a: Great Tusk\n|-end|p1a: Great Tusk|Protosynthesis|[silent]\n|-damage|p2a: Staraptor|85\/100|[from] Recoil\n|\n|-weather|RainDance|[upkeep]\n|upkeep\n|\n|t:|1699715560\n|switch|p1a: Kingambit|Kingambit, M, shiny|100\/100\n|-activate|p1a: Kingambit|ability: Supreme Overlord\n|-start|p1a: Kingambit|fallen2|[silent]\n|turn|9\n|\n|t:|1699715572\n|switch|p2a: Squawkabilly|Squawkabilly-Blue, M|100\/100\n|-ability|p2a: Squawkabilly|Intimidate|boost\n|-unboost|p1a: Kingambit|atk|1\n|move|p1a: Kingambit|Swords Dance|p1a: Kingambit\n|-boost|p1a: Kingambit|atk|2\n|\n|-weather|RainDance|[upkeep]\n|upkeep\n|turn|10\n|\n|t:|1699715584\n|move|p1a: Kingambit|Sucker Punch|p2a: Squawkabilly\n|-damage|p2a: Squawkabilly|0 fnt\n|faint|p2a: Squawkabilly\n|\n|-weather|none\n|upkeep\n|\n|t:|1699715588\n|switch|p2a: Lucario|Lucario, M|100\/100\n|turn|11\n|\n|t:|1699715598\n|-end|p1a: Kingambit|fallen2|[silent]\n|switch|p1a: Pelipper|Pelipper, M, shiny|76\/100\n|-weather|RainDance|[from] ability: Drizzle|[of] p1a: Pelipper\n|move|p2a: Lucario|Close Combat|p1a: Pelipper\n|-resisted|p1a: Pelipper\n|-damage|p1a: Pelipper|59\/100\n|-unboost|p2a: Lucario|def|1\n|-unboost|p2a: Lucario|spd|1\n|\n|-weather|RainDance|[upkeep]\n|upkeep\n|turn|12\n|\n|t:|1699715603\n|switch|p2a: Glimmora|Glimmora, M|100\/100\n|move|p1a: Pelipper|Roost|p1a: Pelipper\n|-heal|p1a: Pelipper|100\/100\n|-singleturn|p1a: Pelipper|move: Roost\n|\n|-weather|RainDance|[upkeep]\n|upkeep\n|turn|13\n|\n|t:|1699715608\n|switch|p1a: Manaphy|Manaphy|100\/100\n|move|p2a: Glimmora|Stealth Rock|p1a: Manaphy\n|-sidestart|p1: Zenadark|move: Stealth Rock\n|\n|-weather|RainDance|[upkeep]\n|upkeep\n|turn|14\n|\n|t:|1699715634\n|move|p2a: Glimmora|Explosion|p1a: Manaphy\n|-damage|p1a: Manaphy|66\/100\n|faint|p2a: Glimmora\n|move|p1a: Manaphy|Take Heart|p1a: Manaphy\n|-boost|p1a: Manaphy|spa|1\n|-boost|p1a: Manaphy|spd|1\n|\n|-weather|RainDance|[upkeep]\n|-heal|p1a: Manaphy|72\/100|[from] item: Leftovers\n|upkeep\n|\n|t:|1699715661\n|switch|p2a: Staraptor|Staraptor, M|85\/100\n|-ability|p2a: Staraptor|Intimidate|boost\n|-unboost|p1a: Manaphy|atk|1\n|turn|15\n|\n|t:|1699715664\n|move|p2a: Staraptor|Final Gambit|p1a: Manaphy\n|-damage|p1a: Manaphy|0 fnt\n|faint|p2a: Staraptor\n|faint|p1a: Manaphy\n|\n|-weather|RainDance|[upkeep]\n|upkeep\n|\n|t:|1699715675\n|switch|p2a: Lucario|Lucario, M|100\/100\n|switch|p1a: Dragonite|Dragonite, M, shiny|100\/100\n|turn|16\n|j| Jan7498\n|\n|t:|1699715681\n|move|p2a: Lucario|Final Gambit|p1a: Dragonite\n|-damage|p1a: Dragonite|0 fnt\n|faint|p2a: Lucario\n|faint|p1a: Dragonite\n|\n|-weather|RainDance|[upkeep]\n|upkeep\n|\n|t:|1699715687\n|switch|p2a: Kingambit|Kingambit, M|100\/100\n|switch|p1a: Kingambit|Kingambit, M, shiny|100\/100\n|-damage|p1a: Kingambit|94\/100|[from] Stealth Rock\n|-activate|p1a: Kingambit|ability: Supreme Overlord\n|-start|p1a: Kingambit|fallen4|[silent]\n|-activate|p2a: Kingambit|ability: Supreme Overlord\n|-start|p2a: Kingambit|fallen5|[silent]\n|turn|17\n|\n|t:|1699715692\n|-end|p1a: Kingambit|fallen4|[silent]\n|switch|p1a: Pelipper|Pelipper, M, shiny|100\/100\n|-damage|p1a: Pelipper|76\/100|[from] Stealth Rock\n|-terastallize|p2a: Kingambit|Dark\n|move|p2a: Kingambit|Low Kick|p1a: Pelipper\n|-resisted|p1a: Pelipper\n|-damage|p1a: Pelipper|62\/100\n|\n|-weather|RainDance|[upkeep]\n|upkeep\n|turn|18\n|\n|t:|1699715698\n|move|p2a: Kingambit|Kowtow Cleave|p1a: Pelipper\n|-damage|p1a: Pelipper|0 fnt\n|faint|p1a: Pelipper\n|\n|-weather|none\n|upkeep\n|\n|t:|1699715701\n|switch|p1a: Kingambit|Kingambit, M, shiny|94\/100\n|-damage|p1a: Kingambit|88\/100|[from] Stealth Rock\n|-activate|p1a: Kingambit|ability: Supreme Overlord\n|-start|p1a: Kingambit|fallen5|[silent]\n|turn|19\n|\n|t:|1699715704\n|-terastallize|p1a: Kingambit|Dark\n|move|p1a: Kingambit|Iron Head|p2a: Kingambit\n|-damage|p2a: Kingambit|48\/100\n|move|p2a: Kingambit|Low Kick|p1a: Kingambit\n|-supereffective|p1a: Kingambit\n|-damage|p1a: Kingambit|0 fnt\n|faint|p1a: Kingambit\n|-end|p1a: Kingambit|fallen5|[silent]\n|\n|win|II Armando II\n|raw|Zenadark's rating: 1564 &rarr; <strong>1541<\/strong><br \/>(-23 for losing)\n|raw|II Armando II's rating: 1512 &rarr; <strong>1535<\/strong><br \/>(+23 for winning)\n|l|\u2606Zenadark\n","uploadtime":1699715724,"views":14,"p1id":"zenadark","p2id":"iiarmandoii","formatid":"gen9ou","rating":1535,"private":0,"password":""}