{"id":"gen9ou-1991667323","p1":"CKBars","p2":"deadsass","format":"[Gen 9] OU","log":"|j|\u2606CKBars\n|j|\u2606deadsass\n|t:|1700100399\n|gametype|singles\n|player|p1|CKBars|102|1076\n|player|p2|deadsass|169|1140\n|teamsize|p1|6\n|teamsize|p2|6\n|gen|9\n|tier|[Gen 9] OU\n|rated|\n|rule|Sleep Clause Mod: Limit one foe put to sleep\n|rule|Species Clause: Limit one of each Pok\u00e9mon\n|rule|OHKO Clause: OHKO moves are banned\n|rule|Evasion Items Clause: Evasion items are banned\n|rule|Evasion Moves Clause: Evasion moves are banned\n|rule|Endless Battle Clause: Forcing endless battles is banned\n|rule|HP Percentage Mod: HP is shown in percentages\n|clearpoke\n|poke|p1|Gholdengo|\n|poke|p1|Great Tusk|\n|poke|p1|Ninetales-Alola, F|\n|poke|p1|Glimmora, M|\n|poke|p1|Kingambit, F|\n|poke|p1|Landorus-Therian, M|\n|poke|p2|Scizor, M|\n|poke|p2|Thundurus-Therian, M|\n|poke|p2|Vaporeon, F|\n|poke|p2|Ting-Lu|\n|poke|p2|Maushold-Four|\n|poke|p2|Corviknight, M|\n|teampreview\n|\n|t:|1700100401\n|start\n|switch|p1a: Landorus|Landorus-Therian, M|100\/100\n|switch|p2a: Scizor|Scizor, M, shiny|100\/100\n|-ability|p1a: Landorus|Intimidate|boost\n|-unboost|p2a: Scizor|atk|1\n|turn|1\n|\n|t:|1700100407\n|switch|p2a: Corviknight|Corviknight, M|100\/100\n|-ability|p2a: Corviknight|Pressure\n|move|p1a: Landorus|Stealth Rock|p2a: Corviknight\n|-sidestart|p2: deadsass|move: Stealth Rock\n|\n|upkeep\n|turn|2\n|\n|t:|1700100417\n|move|p1a: Landorus|Rock Slide|p2a: Corviknight\n|-damage|p2a: Corviknight|85\/100\n|cant|p2a: Corviknight|flinch\n|\n|upkeep\n|turn|3\n|\n|t:|1700100422\n|move|p1a: Landorus|Crunch|p2a: Corviknight\n|-damage|p2a: Corviknight|66\/100\n|-damage|p1a: Landorus|84\/100|[from] item: Rocky Helmet|[of] p2a: Corviknight\n|move|p2a: Corviknight|U-turn|p1a: Landorus\n|-resisted|p1a: Landorus\n|-damage|p1a: Landorus|76\/100\n|\n|t:|1700100425\n|switch|p2a: Maushold|Maushold-Four|100\/100|[from] U-turn\n|\n|-heal|p1a: Landorus|82\/100|[from] item: Leftovers\n|upkeep\n|turn|4\n|\n|t:|1700100430\n|move|p1a: Landorus|Protect|p1a: Landorus\n|-singleturn|p1a: Landorus|Protect\n|move|p2a: Maushold|Tidy Up|p2a: Maushold\n|-sideend|p2: deadsass|Stealth Rock\n|-activate|p2a: Maushold|move: Tidy Up\n|-boost|p2a: Maushold|atk|1\n|-boost|p2a: Maushold|spe|1\n|\n|-heal|p1a: Landorus|88\/100|[from] item: Leftovers\n|upkeep\n|turn|5\n|\n|t:|1700100437\n|move|p2a: Maushold|Population Bomb|p1a: Landorus\n|-damage|p1a: Landorus|69\/100\n|-damage|p1a: Landorus|51\/100\n|-damage|p1a: Landorus|33\/100\n|-damage|p1a: Landorus|14\/100\n|-damage|p1a: Landorus|0 fnt\n|faint|p1a: Landorus\n|-hitcount|p1: Landorus|5\n|\n|upkeep\n|\n|t:|1700100456\n|switch|p1a: Gholdengo|Gholdengo|100\/100\n|turn|6\n|\n|t:|1700100475\n|switch|p2a: Ting-Lu|Ting-Lu|100\/100\n|-ability|p2a: Ting-Lu|Vessel of Ruin\n|move|p1a: Gholdengo|Make It Rain|p2a: Ting-Lu\n|-damage|p2a: Ting-Lu|75\/100\n|-unboost|p1a: Gholdengo|spa|1\n|\n|-heal|p2a: Ting-Lu|81\/100|[from] item: Leftovers\n|upkeep\n|turn|7\n|\n|t:|1700100483\n|switch|p1a: Ninetales|Ninetales-Alola, F|100\/100\n|-weather|Snow|[from] ability: Snow Warning|[of] p1a: Ninetales\n|move|p2a: Ting-Lu|Spikes|p1a: Ninetales\n|-sidestart|p1: CKBars|Spikes\n|\n|-weather|Snow|[upkeep]\n|-heal|p2a: Ting-Lu|87\/100|[from] item: Leftovers\n|upkeep\n|turn|8\n|\n|t:|1700100494\n|move|p1a: Ninetales|Aurora Veil|p1a: Ninetales\n|-sidestart|p1: CKBars|move: Aurora Veil\n|move|p2a: Ting-Lu|Ruination|p1a: Ninetales\n|-damage|p1a: Ninetales|51\/100\n|\n|-weather|Snow|[upkeep]\n|-heal|p1a: Ninetales|57\/100|[from] item: Leftovers\n|-heal|p2a: Ting-Lu|93\/100|[from] item: Leftovers\n|upkeep\n|turn|9\n|\n|t:|1700100499\n|move|p1a: Ninetales|Ice Beam|p2a: Ting-Lu\n|-supereffective|p2a: Ting-Lu\n|-damage|p2a: Ting-Lu|63\/100\n|move|p2a: Ting-Lu|Spikes|p1a: Ninetales\n|-sidestart|p1: CKBars|Spikes\n|\n|-weather|Snow|[upkeep]\n|-heal|p1a: Ninetales|63\/100|[from] item: Leftovers\n|-heal|p2a: Ting-Lu|69\/100|[from] item: Leftovers\n|upkeep\n|turn|10\n|\n|t:|1700100502\n|move|p1a: Ninetales|Ice Beam|p2a: Ting-Lu\n|-supereffective|p2a: Ting-Lu\n|-damage|p2a: Ting-Lu|42\/100\n|move|p2a: Ting-Lu|Spikes|p1a: Ninetales\n|-sidestart|p1: CKBars|Spikes\n|\n|-weather|Snow|[upkeep]\n|-heal|p1a: Ninetales|68\/100|[from] item: Leftovers\n|-heal|p2a: Ting-Lu|48\/100|[from] item: Leftovers\n|upkeep\n|turn|11\n|\n|t:|1700100508\n|move|p1a: Ninetales|Dazzling Gleam|p2a: Ting-Lu\n|-supereffective|p2a: Ting-Lu\n|-damage|p2a: Ting-Lu|24\/100\n|move|p2a: Ting-Lu|Whirlwind|p1a: Ninetales\n|drag|p1a: Great Tusk|Great Tusk|100\/100\n|-damage|p1a: Great Tusk|76\/100|[from] Spikes\n|\n|-weather|none\n|-heal|p2a: Ting-Lu|31\/100|[from] item: Leftovers\n|upkeep\n|turn|12\n|\n|t:|1700100519\n|move|p1a: Great Tusk|Close Combat|p2a: Ting-Lu\n|-supereffective|p2a: Ting-Lu\n|-damage|p2a: Ting-Lu|0 fnt\n|-unboost|p1a: Great Tusk|def|1\n|-unboost|p1a: Great Tusk|spd|1\n|faint|p2a: Ting-Lu\n|\n|-sideend|p1: CKBars|move: Aurora Veil\n|upkeep\n|\n|t:|1700100548\n|switch|p2a: Thundurus|Thundurus-Therian, M|100\/100\n|turn|13\n|\n|t:|1700100561\n|-end|p1a: Great Tusk|Protosynthesis|[silent]\n|switch|p1a: Gholdengo|Gholdengo|100\/100\n|-damage|p1a: Gholdengo|76\/100|[from] Spikes\n|move|p2a: Thundurus|Grass Knot|p1a: Gholdengo\n|-resisted|p1a: Gholdengo\n|-damage|p1a: Gholdengo|53\/100\n|\n|upkeep\n|turn|14\n|\n|t:|1700100571\n|switch|p2a: Maushold|Maushold-Four|100\/100\n|move|p1a: Gholdengo|Dazzling Gleam|p2a: Maushold\n|-damage|p2a: Maushold|58\/100\n|\n|upkeep\n|turn|15\n|\n|t:|1700100576\n|move|p1a: Gholdengo|Dazzling Gleam|p2a: Maushold\n|-damage|p2a: Maushold|18\/100\n|move|p2a: Maushold|Bite|p1a: Gholdengo\n|-supereffective|p1a: Gholdengo\n|-damage|p1a: Gholdengo|0 fnt\n|faint|p1a: Gholdengo\n|\n|upkeep\n|\n|t:|1700100579\n|switch|p1a: Great Tusk|Great Tusk|76\/100\n|-damage|p1a: Great Tusk|51\/100|[from] Spikes\n|turn|16\n|\n|t:|1700100583\n|move|p2a: Maushold|Population Bomb|p1a: Great Tusk\n|-damage|p1a: Great Tusk|43\/100\n|-damage|p1a: Great Tusk|36\/100\n|-damage|p1a: Great Tusk|29\/100\n|-damage|p1a: Great Tusk|22\/100\n|-damage|p1a: Great Tusk|15\/100\n|-damage|p1a: Great Tusk|8\/100\n|-damage|p1a: Great Tusk|1\/100\n|-damage|p1a: Great Tusk|0 fnt\n|faint|p1a: Great Tusk\n|-end|p1a: Great Tusk|Protosynthesis|[silent]\n|-hitcount|p1: Great Tusk|8\n|\n|upkeep\n|\n|t:|1700100595\n|switch|p1a: Ninetales|Ninetales-Alola, F|68\/100\n|-damage|p1a: Ninetales|44\/100|[from] Spikes\n|-weather|Snow|[from] ability: Snow Warning|[of] p1a: Ninetales\n|turn|17\n|\n|t:|1700100599\n|move|p2a: Maushold|Population Bomb|p1a: Ninetales|[miss]\n|-miss|p2a: Maushold|p1a: Ninetales\n|move|p1a: Ninetales|Ice Beam|p2a: Maushold\n|-damage|p2a: Maushold|0 fnt\n|faint|p2a: Maushold\n|\n|-weather|Snow|[upkeep]\n|-heal|p1a: Ninetales|50\/100|[from] item: Leftovers\n|upkeep\n|\n|t:|1700100602\n|switch|p2a: Scizor|Scizor, M, shiny|100\/100\n|turn|18\n|\n|t:|1700100607\n|move|p2a: Scizor|Bullet Punch|p1a: Ninetales\n|-supereffective|p1a: Ninetales\n|-damage|p1a: Ninetales|0 fnt\n|faint|p1a: Ninetales\n|-damage|p2a: Scizor|90\/100|[from] item: Life Orb\n|\n|-weather|Snow|[upkeep]\n|upkeep\n|\n|t:|1700100609\n|switch|p1a: Glimmora|Glimmora, M|100\/100\n|-damage|p1a: Glimmora|76\/100|[from] Spikes\n|turn|19\n|\n|t:|1700100613\n|move|p1a: Glimmora|Protect|p1a: Glimmora\n|-singleturn|p1a: Glimmora|Protect\n|move|p2a: Scizor|Bullet Punch|p1a: Glimmora\n|-activate|p1a: Glimmora|move: Protect\n|\n|-weather|Snow|[upkeep]\n|-heal|p1a: Glimmora|82\/100|[from] item: Leftovers\n|upkeep\n|turn|20\n|\n|t:|1700100616\n|move|p2a: Scizor|Bullet Punch|p1a: Glimmora\n|-supereffective|p1a: Glimmora\n|-damage|p1a: Glimmora|22\/100\n|-damage|p2a: Scizor|80\/100|[from] item: Life Orb\n|move|p1a: Glimmora|Earth Power|p2a: Scizor\n|-damage|p2a: Scizor|45\/100\n|\n|-weather|Snow|[upkeep]\n|-heal|p1a: Glimmora|28\/100|[from] item: Leftovers\n|upkeep\n|turn|21\n|\n|t:|1700100624\n|move|p1a: Glimmora|Protect|p1a: Glimmora\n|-singleturn|p1a: Glimmora|Protect\n|move|p2a: Scizor|Bullet Punch|p1a: Glimmora\n|-activate|p1a: Glimmora|move: Protect\n|\n|-weather|none\n|-heal|p1a: Glimmora|35\/100|[from] item: Leftovers\n|upkeep\n|turn|22\n|\n|t:|1700100629\n|move|p2a: Scizor|Bullet Punch|p1a: Glimmora\n|-supereffective|p1a: Glimmora\n|-damage|p1a: Glimmora|0 fnt\n|faint|p1a: Glimmora\n|-damage|p2a: Scizor|35\/100|[from] item: Life Orb\n|\n|upkeep\n|\n|t:|1700100632\n|switch|p1a: Kingambit|Kingambit, F|100\/100\n|-damage|p1a: Kingambit|75\/100|[from] Spikes\n|-activate|p1a: Kingambit|ability: Supreme Overlord\n|-start|p1a: Kingambit|fallen5|[silent]\n|turn|23\n|\n|t:|1700100649\n|move|p2a: Scizor|Close Combat|p1a: Kingambit\n|-supereffective|p1a: Kingambit\n|-damage|p1a: Kingambit|0 fnt\n|-unboost|p2a: Scizor|def|1\n|-unboost|p2a: Scizor|spd|1\n|faint|p1a: Kingambit\n|-end|p1a: Kingambit|fallen5|[silent]\n|-damage|p2a: Scizor|25\/100|[from] item: Life Orb\n|\n|win|deadsass\n|raw|CKBars's rating: 1076 &rarr; <strong>1058<\/strong><br \/>(-18 for losing)\n|raw|deadsass's rating: 1140 &rarr; <strong>1160<\/strong><br \/>(+20 for winning)\n|l|\u2606CKBars\n","uploadtime":1700100663,"views":10,"p1id":"ckbars","p2id":"deadsass","formatid":"gen9ou","rating":1058,"private":0,"password":""}