{"id":"gen9ou-1990180019","p1":"ENV inspector","p2":"Rekless_Zombie","format":"[Gen 9] OU","log":"|j|\u2606ENV inspector\n|j|\u2606Rekless_Zombie\n|inactive|Battle timer is ON: inactive players will automatically lose when time's up.\n|t:|1699933669\n|gametype|singles\n|player|p1|ENV inspector|lucian|\n|player|p2|Rekless_Zombie|169|\n|teamsize|p1|6\n|teamsize|p2|6\n|gen|9\n|tier|[Gen 9] OU\n|rated|Tournament battle\n|rule|Sleep Clause Mod: Limit one foe put to sleep\n|rule|Species Clause: Limit one of each Pok\u00e9mon\n|rule|OHKO Clause: OHKO moves are banned\n|rule|Evasion Items Clause: Evasion items are banned\n|rule|Evasion Moves Clause: Evasion moves are banned\n|rule|Endless Battle Clause: Forcing endless battles is banned\n|rule|HP Percentage Mod: HP is shown in percentages\n|clearpoke\n|poke|p1|Ursaluna-Bloodmoon, M|\n|poke|p1|Espathra, M|\n|poke|p1|Arceus-Poison|\n|poke|p1|Landorus, M|\n|poke|p1|Palafin, F|\n|poke|p1|Volcarona, F|\n|poke|p2|Masquerain, F|\n|poke|p2|Zacian-*|\n|poke|p2|Walking Wake|\n|poke|p2|Palafin, M|\n|poke|p2|Sneasler, F|\n|poke|p2|Ceruledge, M|\n|teampreview\n|j|@Disorient\n|c|\u2606ENV inspector|guess whos heavy slam\n|inactive|ENV inspector has 120 seconds left.\n|c|\u2606Rekless_Zombie|i dont want to\n|\n|t:|1699933703\n|start\n|switch|p1a: Landorus|Landorus, M|100\/100\n|switch|p2a: Masquerain|Masquerain, F|100\/100\n|-ability|p2a: Masquerain|Intimidate|boost\n|-unboost|p1a: Landorus|atk|1\n|turn|1\n|\n|t:|1699933714\n|move|p1a: Landorus|Taunt|p2a: Masquerain\n|-start|p2a: Masquerain|move: Taunt\n|cant|p2a: Masquerain|move: Taunt|Stun Spore\n|\n|upkeep\n|turn|2\n|\n|t:|1699933728\n|switch|p2a: Palafin|Palafin, M|100\/100\n|move|p1a: Landorus|Smack Down|p2a: Palafin\n|-damage|p2a: Palafin|88\/100\n|\n|upkeep\n|turn|3\n|\n|t:|1699933736\n|move|p1a: Landorus|Stealth Rock|p2a: Palafin\n|-sidestart|p2: Rekless_Zombie|move: Stealth Rock\n|move|p2a: Palafin|Flip Turn|p1a: Landorus\n|-supereffective|p1a: Landorus\n|-damage|p1a: Landorus|37\/100\n|\n|t:|1699933745\n|detailschange|p2a: Palafin|Palafin-Hero, M\n|switch|p2a: Masquerain|Masquerain, F|100\/100|[from] Flip Turn\n|-damage|p2a: Masquerain|51\/100|[from] Stealth Rock\n|-ability|p2a: Masquerain|Intimidate|boost\n|-unboost|p1a: Landorus|atk|1\n|\n|upkeep\n|turn|4\n|\n|t:|1699933751\n|move|p1a: Landorus|Smack Down|p2a: Masquerain\n|-supereffective|p2a: Masquerain\n|-crit|p2a: Masquerain\n|-damage|p2a: Masquerain|0 fnt\n|faint|p2a: Masquerain\n|\n|upkeep\n|\n|t:|1699933760\n|switch|p2a: Palafin|Palafin-Hero, M|88\/100\n|-damage|p2a: Palafin|76\/100|[from] Stealth Rock\n|-activate|p2a: Palafin|ability: Zero to Hero\n|turn|5\n|\n|t:|1699933770\n|move|p1a: Landorus|Earth Power|p2a: Palafin\n|-damage|p2a: Palafin|31\/100\n|move|p2a: Palafin|Flip Turn|p1a: Landorus\n|-supereffective|p1a: Landorus\n|-damage|p1a: Landorus|0 fnt\n|faint|p1a: Landorus\n|\n|t:|1699933791\n|switch|p2a: Sneasler|Sneasler, F|100\/100|[from] Flip Turn\n|-damage|p2a: Sneasler|95\/100|[from] Stealth Rock\n|\n|upkeep\n|inactive|ENV inspector has 120 seconds left.\n|\n|t:|1699933850\n|switch|p1a: Arceus|Arceus-Poison|100\/100\n|turn|6\n|\n|t:|1699933858\n|move|p1a: Arceus|Swords Dance|p1a: Arceus\n|-boost|p1a: Arceus|atk|2\n|move|p2a: Sneasler|Fling|p1a: Arceus\n|-damage|p1a: Arceus|67\/100\n|-enditem|p2a: Sneasler|Big Nugget|[from] move: Fling\n|\n|upkeep\n|turn|7\n|c|\u2606ENV inspector|tf\n|j| DARARI\n|\n|t:|1699933878\n|move|p2a: Sneasler|Dire Claw|p1a: Arceus\n|-resisted|p1a: Arceus\n|-damage|p1a: Arceus|50\/100\n|move|p1a: Arceus|Earthquake|p2a: Sneasler\n|-supereffective|p2a: Sneasler\n|-damage|p2a: Sneasler|0 fnt\n|faint|p2a: Sneasler\n|\n|upkeep\n|\n|t:|1699933887\n|switch|p2a: Walking Wake|Walking Wake|100\/100\n|-damage|p2a: Walking Wake|88\/100|[from] Stealth Rock\n|-enditem|p2a: Walking Wake|Booster Energy\n|-activate|p2a: Walking Wake|ability: Protosynthesis|[fromitem]\n|-start|p2a: Walking Wake|protosynthesisspa\n|turn|8\n|\n|t:|1699933891\n|move|p1a: Arceus|Gunk Shot|p2a: Walking Wake\n|-damage|p2a: Walking Wake|0 fnt\n|faint|p2a: Walking Wake\n|-end|p2a: Walking Wake|Protosynthesis|[silent]\n|\n|upkeep\n|\n|t:|1699933894\n|switch|p2a: Palafin|Palafin-Hero, M|31\/100\n|-damage|p2a: Palafin|19\/100|[from] Stealth Rock\n|turn|9\n|\n|t:|1699933898\n|move|p1a: Arceus|Earthquake|p2a: Palafin\n|-damage|p2a: Palafin|0 fnt\n|faint|p2a: Palafin\n|\n|upkeep\n|\n|t:|1699933900\n|switch|p2a: Ceruledge|Ceruledge, M|100\/100\n|turn|10\n|\n|t:|1699933903\n|move|p1a: Arceus|Earthquake|p2a: Ceruledge\n|-supereffective|p2a: Ceruledge\n|-damage|p2a: Ceruledge|0 fnt\n|faint|p2a: Ceruledge\n|\n|upkeep\n|\n|t:|1699933905\n|switch|p2a: Zacian|Zacian, shiny|100\/100\n|-ability|p2a: Zacian|Intrepid Sword|boost\n|-boost|p2a: Zacian|atk|1\n|turn|11\n|\n|t:|1699933908\n|move|p2a: Zacian|Play Rough|p1a: Arceus|[miss]\n|-miss|p2a: Zacian|p1a: Arceus\n|move|p1a: Arceus|Gunk Shot|p2a: Zacian\n|-supereffective|p2a: Zacian\n|-damage|p2a: Zacian|0 fnt\n|faint|p2a: Zacian\n|\n|win|ENV inspector\n|n|\u2606ENV inspector|envinspector\n|n|\u2606Rekless_Zombie|reklesszombie\n|n|+Disorient|disorient\n|n| DARARI|darari\n|l|\u2606Rekless_Zombie\n|c|\u2606ENV inspector|gs\n|c|\u2606ENV inspector|ggs\n|l|\u2606ENV inspector\n","uploadtime":1699933966,"views":11,"p1id":"envinspector","p2id":"reklesszombie","formatid":"gen9ou","rating":0,"private":0,"password":""}