{"id":"gen9ou-1997855249","p1":"Imanjoneser","p2":"gmast","format":"[Gen 9] OU","log":"|j|\u2606Imanjoneser\n|j|\u2606gmast\n|t:|1700860152\n|gametype|singles\n|player|p1|Imanjoneser|bugcatcher-gen4dp|1109\n|player|p2|gmast|101|1000\n|teamsize|p1|6\n|teamsize|p2|6\n|gen|9\n|tier|[Gen 9] OU\n|rated|\n|rule|Sleep Clause Mod: Limit one foe put to sleep\n|rule|Species Clause: Limit one of each Pok\u00e9mon\n|rule|OHKO Clause: OHKO moves are banned\n|rule|Evasion Items Clause: Evasion items are banned\n|rule|Evasion Moves Clause: Evasion moves are banned\n|rule|Endless Battle Clause: Forcing endless battles is banned\n|rule|HP Percentage Mod: HP is shown in percentages\n|clearpoke\n|poke|p1|Chesnaught, F|\n|poke|p1|Infernape, F|\n|poke|p1|Meowscarada, M|\n|poke|p1|Skeledirge, F|\n|poke|p1|Quaquaval, M|\n|poke|p1|Inteleon, F|\n|poke|p2|Ceruledge, M|\n|poke|p2|Greninja-*, M|\n|poke|p2|Blissey, F|\n|poke|p2|Great Tusk|\n|poke|p2|Corviknight, M|\n|poke|p2|Amoonguss, F|\n|teampreview\n|\n|t:|1700860159\n|start\n|switch|p1a: Meowscarada|Meowscarada, M, shiny|100\/100\n|switch|p2a: Blissey|Blissey, F|100\/100\n|turn|1\n|\n|t:|1700860168\n|move|p1a: Meowscarada|Flower Trick|p2a: Blissey\n|-start|p1a: Meowscarada|typechange|Grass|[from] ability: Protean\n|-crit|p2a: Blissey\n|-damage|p2a: Blissey|55\/100\n|move|p2a: Blissey|Stealth Rock|p1a: Meowscarada\n|-sidestart|p1: Imanjoneser|move: Stealth Rock\n|\n|-heal|p2a: Blissey|61\/100|[from] item: Leftovers\n|upkeep\n|turn|2\n|\n|t:|1700860183\n|move|p1a: Meowscarada|Knock Off|p2a: Blissey\n|-damage|p2a: Blissey|36\/100\n|-enditem|p2a: Blissey|Leftovers|[from] move: Knock Off|[of] p1a: Meowscarada\n|move|p2a: Blissey|Thunder Wave|p1a: Meowscarada\n|-status|p1a: Meowscarada|par\n|\n|upkeep\n|turn|3\n|\n|t:|1700860204\n|switch|p2a: Ceruledge|Ceruledge, M|100\/100\n|move|p1a: Meowscarada|Flower Trick|p2a: Ceruledge\n|-resisted|p2a: Ceruledge\n|-crit|p2a: Ceruledge\n|-damage|p2a: Ceruledge|65\/100\n|\n|upkeep\n|turn|4\n|\n|t:|1700860213\n|move|p2a: Ceruledge|Bitter Blade|p1a: Meowscarada\n|-supereffective|p1a: Meowscarada\n|-enditem|p1a: Meowscarada|Focus Sash\n|-damage|p1a: Meowscarada|1\/100 par\n|-heal|p2a: Ceruledge|100\/100|[from] drain|[of] p1a: Meowscarada\n|-damage|p2a: Ceruledge|91\/100|[from] item: Life Orb\n|cant|p1a: Meowscarada|par\n|\n|upkeep\n|turn|5\n|\n|t:|1700860224\n|move|p2a: Ceruledge|Shadow Sneak|p1a: Meowscarada\n|-damage|p1a: Meowscarada|0 fnt\n|faint|p1a: Meowscarada\n|-damage|p2a: Ceruledge|81\/100|[from] item: Life Orb\n|\n|upkeep\n|\n|t:|1700860234\n|switch|p1a: Inteleon|Inteleon, F, shiny|100\/100\n|-damage|p1a: Inteleon|88\/100|[from] Stealth Rock\n|turn|6\n|\n|t:|1700860250\n|move|p1a: Inteleon|Snipe Shot|p2a: Ceruledge\n|-supereffective|p2a: Ceruledge\n|-crit|p2a: Ceruledge\n|-damage|p2a: Ceruledge|0 fnt\n|faint|p2a: Ceruledge\n|\n|upkeep\n|\n|t:|1700860258\n|switch|p2a: Amoonguss|Amoonguss, F|100\/100\n|turn|7\n|\n|t:|1700860269\n|move|p1a: Inteleon|Ice Beam|p2a: Amoonguss\n|-supereffective|p2a: Amoonguss\n|-damage|p2a: Amoonguss|58\/100\n|-status|p2a: Amoonguss|frz\n|-enditem|p2a: Amoonguss|Red Card|[of] p1a: Inteleon\n|drag|p1a: Chesnaught|Chesnaught, F, shiny|100\/100\n|-damage|p1a: Chesnaught|94\/100|[from] Stealth Rock\n|cant|p2a: Amoonguss|frz\n|\n|upkeep\n|turn|8\n|\n|t:|1700860284\n|cant|p2a: Amoonguss|frz\n|move|p1a: Chesnaught|Knock Off|p2a: Amoonguss\n|-damage|p2a: Amoonguss|33\/100 frz\n|\n|upkeep\n|turn|9\n|\n|t:|1700860298\n|switch|p1a: Inteleon|Inteleon, F, shiny|88\/100\n|-damage|p1a: Inteleon|76\/100|[from] Stealth Rock\n|cant|p2a: Amoonguss|frz\n|\n|upkeep\n|turn|10\n|\n|t:|1700860306\n|cant|p2a: Amoonguss|frz\n|move|p1a: Inteleon|Ice Beam|p2a: Amoonguss\n|-supereffective|p2a: Amoonguss\n|-crit|p2a: Amoonguss\n|-damage|p2a: Amoonguss|0 fnt\n|faint|p2a: Amoonguss\n|\n|upkeep\n|\n|t:|1700860329\n|switch|p2a: Greninja|Greninja, M|100\/100\n|turn|11\n|\n|t:|1700860337\n|move|p1a: Inteleon|Vacuum Wave|p2a: Greninja\n|-supereffective|p2a: Greninja\n|-crit|p2a: Greninja\n|-damage|p2a: Greninja|8\/100\n|move|p2a: Greninja|Dark Pulse|p1a: Inteleon\n|-damage|p1a: Inteleon|15\/100\n|\n|upkeep\n|turn|12\n|\n|t:|1700860346\n|move|p2a: Greninja|Water Shuriken|p1a: Inteleon\n|-resisted|p1a: Inteleon\n|-damage|p1a: Inteleon|9\/100\n|-resisted|p1a: Inteleon\n|-damage|p1a: Inteleon|3\/100\n|-resisted|p1a: Inteleon\n|-damage|p1a: Inteleon|0 fnt\n|faint|p1a: Inteleon\n|-ability|p2a: Greninja|Battle Bond|boost\n|-boost|p2a: Greninja|atk|1\n|-boost|p2a: Greninja|spa|1\n|-boost|p2a: Greninja|spe|1\n|-activate|p2a: Greninja|ability: Battle Bond\n|-hitcount|p1: Inteleon|3\n|\n|upkeep\n|\n|t:|1700860360\n|switch|p1a: Chesnaught|Chesnaught, F, shiny|94\/100\n|-damage|p1a: Chesnaught|88\/100|[from] Stealth Rock\n|turn|13\n|\n|t:|1700860367\n|move|p1a: Chesnaught|Spiky Shield|p1a: Chesnaught\n|-singleturn|p1a: Chesnaught|move: Protect\n|move|p2a: Greninja|Dark Pulse|p1a: Chesnaught\n|-activate|p1a: Chesnaught|move: Protect\n|\n|upkeep\n|turn|14\n|\n|t:|1700860376\n|move|p2a: Greninja|Dark Pulse|p1a: Chesnaught\n|-resisted|p1a: Chesnaught\n|-damage|p1a: Chesnaught|56\/100\n|move|p1a: Chesnaught|Drain Punch|p2a: Greninja\n|-supereffective|p2a: Greninja\n|-damage|p2a: Greninja|0 fnt\n|-heal|p1a: Chesnaught|59\/100|[from] drain|[of] p2a: Greninja\n|faint|p2a: Greninja\n|\n|upkeep\n|\n|t:|1700860394\n|switch|p2a: Corviknight|Corviknight, M|100\/100\n|-ability|p2a: Corviknight|Unnerve\n|turn|15\n|\n|t:|1700860409\n|move|p1a: Chesnaught|Spiky Shield|p1a: Chesnaught\n|-singleturn|p1a: Chesnaught|move: Protect\n|move|p2a: Corviknight|Brave Bird|p1a: Chesnaught\n|-activate|p1a: Chesnaught|move: Protect\n|-damage|p2a: Corviknight|88\/100|[from] Spiky Shield|[of] p1a: Chesnaught\n|\n|upkeep\n|turn|16\n|\n|t:|1700860418\n|move|p2a: Corviknight|Brave Bird|p1a: Chesnaught\n|-supereffective|p1a: Chesnaught\n|-damage|p1a: Chesnaught|0 fnt\n|-damage|p2a: Corviknight|72\/100|[from] item: Rocky Helmet|[of] p1a: Chesnaught\n|faint|p1a: Chesnaught\n|-damage|p2a: Corviknight|53\/100|[from] Recoil\n|\n|upkeep\n|\n|t:|1700860427\n|switch|p1a: Infernape|Infernape, F, shiny|100\/100\n|-damage|p1a: Infernape|88\/100|[from] Stealth Rock\n|turn|17\n|\n|t:|1700860437\n|switch|p2a: Blissey|Blissey, F|36\/100\n|move|p1a: Infernape|Fire Punch|p2a: Blissey\n|-damage|p2a: Blissey|3\/100\n|\n|upkeep\n|turn|18\n|\n|t:|1700860449\n|move|p1a: Infernape|Drain Punch|p2a: Blissey\n|-supereffective|p2a: Blissey\n|-damage|p2a: Blissey|0 fnt\n|-heal|p1a: Infernape|92\/100|[from] drain|[of] p2a: Blissey\n|faint|p2a: Blissey\n|\n|upkeep\n|\n|t:|1700860461\n|switch|p2a: Great Tusk|Great Tusk|100\/100\n|turn|19\n|\n|t:|1700860482\n|move|p1a: Infernape|Drain Punch|p2a: Great Tusk\n|-damage|p2a: Great Tusk|82\/100\n|-heal|p1a: Infernape|100\/100|[from] drain|[of] p2a: Great Tusk\n|-damage|p1a: Infernape|84\/100|[from] item: Rocky Helmet|[of] p2a: Great Tusk\n|move|p2a: Great Tusk|Earthquake|p1a: Infernape\n|-supereffective|p1a: Infernape\n|-damage|p1a: Infernape|0 fnt\n|faint|p1a: Infernape\n|\n|upkeep\n|\n|t:|1700860492\n|switch|p1a: Quaquaval|Quaquaval, M, shiny|100\/100\n|-damage|p1a: Quaquaval|94\/100|[from] Stealth Rock\n|turn|20\n|\n|t:|1700860513\n|move|p1a: Quaquaval|Aqua Step|p2a: Great Tusk\n|-supereffective|p2a: Great Tusk\n|-damage|p2a: Great Tusk|47\/100\n|-boost|p1a: Quaquaval|spe|1\n|-damage|p1a: Quaquaval|78\/100|[from] item: Rocky Helmet|[of] p2a: Great Tusk\n|move|p2a: Great Tusk|Roar|p1a: Quaquaval\n|drag|p1a: Skeledirge|Skeledirge, F, shiny|100\/100\n|-damage|p1a: Skeledirge|76\/100|[from] Stealth Rock\n|\n|-heal|p1a: Skeledirge|82\/100|[from] item: Leftovers\n|upkeep\n|turn|21\n|\n|t:|1700860532\n|switch|p1a: Quaquaval|Quaquaval, M, shiny|78\/100\n|-damage|p1a: Quaquaval|72\/100|[from] Stealth Rock\n|move|p2a: Great Tusk|Earthquake|p1a: Quaquaval\n|-damage|p1a: Quaquaval|11\/100\n|\n|-heal|p1a: Quaquaval|17\/100|[from] item: Leftovers\n|upkeep\n|turn|22\n|\n|t:|1700860547\n|-terastallize|p1a: Quaquaval|Water\n|move|p1a: Quaquaval|Aqua Step|p2a: Great Tusk\n|-supereffective|p2a: Great Tusk\n|-damage|p2a: Great Tusk|0 fnt\n|-boost|p1a: Quaquaval|spe|1\n|-damage|p1a: Quaquaval|1\/100|[from] item: Rocky Helmet|[of] p2a: Great Tusk\n|faint|p2a: Great Tusk\n|-end|p2a: Great Tusk|Protosynthesis|[silent]\n|-ability|p1a: Quaquaval|Moxie|boost\n|-boost|p1a: Quaquaval|atk|1\n|\n|-heal|p1a: Quaquaval|7\/100|[from] item: Leftovers\n|upkeep\n|\n|t:|1700860560\n|switch|p2a: Corviknight|Corviknight, M|53\/100\n|-ability|p2a: Corviknight|Unnerve\n|turn|23\n|\n|t:|1700860576\n|move|p1a: Quaquaval|Aqua Step|p2a: Corviknight\n|-damage|p2a: Corviknight|0 fnt\n|-boost|p1a: Quaquaval|spe|1\n|faint|p2a: Corviknight\n|\n|win|Imanjoneser\n|raw|Imanjoneser's rating: 1109 &rarr; <strong>1126<\/strong><br \/>(+17 for winning)\n|raw|gmast's rating: 1000 &rarr; <strong>1000<\/strong><br \/>(+0 for losing)\n","uploadtime":1700860585,"views":3,"p1id":"imanjoneser","p2id":"gmast","formatid":"gen9ou","rating":1000,"private":0,"password":""}