{"id":"gen9ou-1999842331","p1":"Dragon is Uber","p2":"Skully tree","format":"[Gen 9] OU","log":"|j|\u2606Dragon is Uber\n|j|\u2606Skully tree\n|t:|1701121864\n|gametype|singles\n|player|p1|Dragon is Uber|shadowtriad|1497\n|player|p2|Skully tree|1|1515\n|teamsize|p1|6\n|teamsize|p2|6\n|gen|9\n|tier|[Gen 9] OU\n|rated|\n|rule|Sleep Clause Mod: Limit one foe put to sleep\n|rule|Species Clause: Limit one of each Pok\u00e9mon\n|rule|OHKO Clause: OHKO moves are banned\n|rule|Evasion Items Clause: Evasion items are banned\n|rule|Evasion Moves Clause: Evasion moves are banned\n|rule|Endless Battle Clause: Forcing endless battles is banned\n|rule|HP Percentage Mod: HP is shown in percentages\n|clearpoke\n|poke|p1|Amoonguss, F|\n|poke|p1|Garganacl, F|\n|poke|p1|Weavile, F|\n|poke|p1|Dragapult, F|\n|poke|p1|Corviknight, M|\n|poke|p1|Ting-Lu|\n|poke|p2|Gholdengo|\n|poke|p2|Great Tusk|\n|poke|p2|Dragonite, F|\n|poke|p2|Tornadus-Therian, M|\n|poke|p2|Dondozo, F|\n|poke|p2|Clodsire, F|\n|teampreview\n|\n|t:|1701121881\n|start\n|switch|p1a: Griming Moon|Weavile, F|100\/100\n|switch|p2a: Great Tusk|Great Tusk|100\/100\n|-ability|p1a: Griming Moon|Pressure\n|turn|1\n|\n|t:|1701121885\n|switch|p1a: Nice to Spore U|Amoonguss, F|100\/100\n|move|p2a: Great Tusk|Body Press|p1a: Nice to Spore U\n|-resisted|p1a: Nice to Spore U\n|-damage|p1a: Nice to Spore U|83\/100\n|-damage|p2a: Great Tusk|84\/100|[from] item: Rocky Helmet|[of] p1a: Nice to Spore U\n|\n|-heal|p2a: Great Tusk|90\/100|[from] item: Leftovers\n|upkeep\n|turn|2\n|\n|t:|1701121891\n|-end|p2a: Great Tusk|Protosynthesis|[silent]\n|switch|p2a: Gholdengo|Gholdengo|100\/100\n|move|p1a: Nice to Spore U|Giga Drain|p2a: Gholdengo\n|-resisted|p2a: Gholdengo\n|-damage|p2a: Gholdengo|88\/100\n|-heal|p1a: Nice to Spore U|88\/100|[from] drain|[of] p2a: Gholdengo\n|\n|upkeep\n|turn|3\n|\n|t:|1701121905\n|switch|p1a: Ting-Loser|Ting-Lu|100\/100\n|-ability|p1a: Ting-Loser|Vessel of Ruin\n|move|p2a: Gholdengo|Trick|p1a: Ting-Loser\n|-activate|p2a: Gholdengo|move: Trick|[of] p1a: Ting-Loser\n|-item|p1a: Ting-Loser|Choice Scarf|[from] move: Trick\n|-item|p2a: Gholdengo|Leftovers|[from] move: Trick\n|\n|-heal|p2a: Gholdengo|94\/100|[from] item: Leftovers\n|upkeep\n|turn|4\n|\n|t:|1701121909\n|switch|p2a: Great Tusk|Great Tusk|90\/100\n|move|p1a: Ting-Loser|Stealth Rock|p2a: Great Tusk\n|-sidestart|p2: Skully tree|move: Stealth Rock\n|\n|-heal|p2a: Great Tusk|96\/100|[from] item: Leftovers\n|upkeep\n|turn|5\n|\n|t:|1701121917\n|switch|p1a: TAKE MY KIDS|Dragapult, F|100\/100\n|move|p2a: Great Tusk|Stealth Rock|p1a: TAKE MY KIDS\n|-sidestart|p1: Dragon is Uber|move: Stealth Rock\n|\n|-heal|p2a: Great Tusk|100\/100|[from] item: Leftovers\n|upkeep\n|turn|6\n|\n|t:|1701121921\n|-end|p2a: Great Tusk|Protosynthesis|[silent]\n|switch|p2a: Clodsire|Clodsire, F|100\/100\n|-damage|p2a: Clodsire|94\/100|[from] Stealth Rock\n|move|p1a: TAKE MY KIDS|Draco Meteor|p2a: Clodsire\n|-damage|p2a: Clodsire|48\/100\n|-unboost|p1a: TAKE MY KIDS|spa|2\n|\n|-heal|p2a: Clodsire|54\/100|[from] item: Leftovers\n|upkeep\n|turn|7\n|\n|t:|1701121959\n|switch|p1a: Nice to Spore U|Amoonguss, F|100\/100\n|-damage|p1a: Nice to Spore U|88\/100|[from] Stealth Rock\n|move|p2a: Clodsire|Recover|p2a: Clodsire\n|-heal|p2a: Clodsire|100\/100\n|\n|upkeep\n|turn|8\n|\n|t:|1701121965\n|switch|p1a: Ting-Loser|Ting-Lu|100\/100\n|-damage|p1a: Ting-Loser|94\/100|[from] Stealth Rock\n|-ability|p1a: Ting-Loser|Vessel of Ruin\n|move|p2a: Clodsire|Spikes|p1a: Ting-Loser\n|-sidestart|p1: Dragon is Uber|Spikes\n|\n|upkeep\n|turn|9\n|\n|t:|1701121971\n|switch|p2a: Great Tusk|Great Tusk|100\/100\n|-damage|p2a: Great Tusk|98\/100|[from] Stealth Rock\n|move|p1a: Ting-Loser|Earthquake|p2a: Great Tusk\n|-damage|p2a: Great Tusk|81\/100\n|\n|-heal|p2a: Great Tusk|87\/100|[from] item: Leftovers\n|upkeep\n|turn|10\n|\n|t:|1701121978\n|move|p2a: Great Tusk|Earthquake|p1a: Ting-Loser\n|-damage|p1a: Ting-Loser|68\/100\n|move|p1a: Ting-Loser|Earthquake|p2a: Great Tusk\n|-damage|p2a: Great Tusk|71\/100\n|\n|-heal|p2a: Great Tusk|77\/100|[from] item: Leftovers\n|upkeep\n|turn|11\n|\n|t:|1701121983\n|switch|p1a: Armor Night|Corviknight, M, shiny|100\/100\n|-damage|p1a: Armor Night|88\/100|[from] Stealth Rock\n|move|p2a: Great Tusk|Rapid Spin|p1a: Armor Night\n|-resisted|p1a: Armor Night\n|-damage|p1a: Armor Night|84\/100\n|-boost|p2a: Great Tusk|spe|1\n|-damage|p2a: Great Tusk|60\/100|[from] item: Rocky Helmet|[of] p1a: Armor Night\n|-sideend|p2: Skully tree|Stealth Rock|[from] move: Rapid Spin|[of] p2a: Great Tusk\n|\n|-heal|p2a: Great Tusk|66\/100|[from] item: Leftovers\n|upkeep\n|turn|12\n|\n|t:|1701121988\n|-end|p2a: Great Tusk|Protosynthesis|[silent]\n|switch|p2a: Gholdengo|Gholdengo|94\/100\n|move|p1a: Armor Night|U-turn|p2a: Gholdengo\n|-resisted|p2a: Gholdengo\n|-damage|p2a: Gholdengo|91\/100\n|\n|t:|1701121989\n|switch|p1a: TAKE MY KIDS|Dragapult, F|100\/100|[from] U-turn\n|-damage|p1a: TAKE MY KIDS|88\/100|[from] Stealth Rock\n|-damage|p1a: TAKE MY KIDS|76\/100|[from] Spikes\n|\n|-heal|p2a: Gholdengo|97\/100|[from] item: Leftovers\n|upkeep\n|turn|13\n|\n|t:|1701121994\n|switch|p2a: Tornadus|Tornadus-Therian, M|100\/100\n|move|p1a: TAKE MY KIDS|Flamethrower|p2a: Tornadus\n|-damage|p2a: Tornadus|61\/100\n|-status|p2a: Tornadus|brn\n|\n|-damage|p2a: Tornadus|55\/100 brn|[from] brn\n|upkeep\n|turn|14\n|\n|t:|1701122002\n|switch|p1a: Ting-Loser|Ting-Lu|68\/100\n|-damage|p1a: Ting-Loser|62\/100|[from] Stealth Rock\n|-damage|p1a: Ting-Loser|50\/100|[from] Spikes\n|-ability|p1a: Ting-Loser|Vessel of Ruin\n|move|p2a: Tornadus|U-turn|p1a: Ting-Loser\n|-supereffective|p1a: Ting-Loser\n|-damage|p1a: Ting-Loser|41\/100\n|\n|t:|1701122009\n|switch|p2a: Dragonite|Dragonite, F|100\/100|[from] U-turn\n|\n|upkeep\n|turn|15\n|\n|t:|1701122021\n|move|p2a: Dragonite|Dragon Dance|p2a: Dragonite\n|-boost|p2a: Dragonite|atk|1\n|-boost|p2a: Dragonite|spe|1\n|move|p1a: Ting-Loser|Stealth Rock|p2a: Dragonite\n|-sidestart|p2: Skully tree|move: Stealth Rock\n|\n|upkeep\n|turn|16\n|\n|t:|1701122037\n|switch|p1a: Armor Night|Corviknight, M, shiny|84\/100\n|-damage|p1a: Armor Night|72\/100|[from] Stealth Rock\n|move|p2a: Dragonite|Dragon Dance|p2a: Dragonite\n|-boost|p2a: Dragonite|atk|1\n|-boost|p2a: Dragonite|spe|1\n|\n|upkeep\n|turn|17\n|\n|t:|1701122040\n|switch|p2a: Gholdengo|Gholdengo|97\/100\n|-damage|p2a: Gholdengo|91\/100|[from] Stealth Rock\n|move|p1a: Armor Night|Defog|p2a: Gholdengo\n|-immune|p2a: Gholdengo|[from] ability: Good as Gold\n|\n|-heal|p2a: Gholdengo|97\/100|[from] item: Leftovers\n|upkeep\n|turn|18\n|\n|t:|1701122045\n|move|p2a: Gholdengo|Shadow Ball|p1a: Armor Night\n|-damage|p1a: Armor Night|33\/100\n|-ability|p1a: Armor Night|Mirror Armor\n|-unboost|p2a: Gholdengo|spd|1\n|move|p1a: Armor Night|Roost|p1a: Armor Night\n|-heal|p1a: Armor Night|83\/100\n|-singleturn|p1a: Armor Night|move: Roost\n|\n|-heal|p2a: Gholdengo|100\/100|[from] item: Leftovers\n|upkeep\n|turn|19\n|\n|t:|1701122051\n|move|p2a: Gholdengo|Shadow Ball|p1a: Armor Night\n|-damage|p1a: Armor Night|45\/100\n|move|p1a: Armor Night|U-turn|p2a: Gholdengo\n|-resisted|p2a: Gholdengo\n|-damage|p2a: Gholdengo|97\/100\n|\n|t:|1701122055\n|switch|p1a: TAKE MY KIDS|Dragapult, F|76\/100|[from] U-turn\n|-damage|p1a: TAKE MY KIDS|64\/100|[from] Stealth Rock\n|-damage|p1a: TAKE MY KIDS|51\/100|[from] Spikes\n|\n|-heal|p2a: Gholdengo|100\/100|[from] item: Leftovers\n|upkeep\n|turn|20\n|\n|t:|1701122060\n|switch|p2a: Clodsire|Clodsire, F|100\/100\n|-damage|p2a: Clodsire|94\/100|[from] Stealth Rock\n|move|p1a: TAKE MY KIDS|Draco Meteor|p2a: Clodsire\n|-damage|p2a: Clodsire|53\/100\n|-unboost|p1a: TAKE MY KIDS|spa|2\n|\n|-heal|p2a: Clodsire|59\/100|[from] item: Leftovers\n|upkeep\n|turn|21\n|\n|t:|1701122072\n|move|p1a: TAKE MY KIDS|Draco Meteor|p2a: Clodsire\n|-damage|p2a: Clodsire|38\/100\n|-unboost|p1a: TAKE MY KIDS|spa|2\n|move|p2a: Clodsire|Recover|p2a: Clodsire\n|-heal|p2a: Clodsire|88\/100\n|\n|-heal|p2a: Clodsire|94\/100|[from] item: Leftovers\n|upkeep\n|turn|22\n|\n|t:|1701122081\n|switch|p1a: Griming Moon|Weavile, F|100\/100\n|-ability|p1a: Griming Moon|Pressure\n|move|p2a: Clodsire|Spikes|p1a: Griming Moon\n|-sidestart|p1: Dragon is Uber|Spikes\n|\n|-heal|p2a: Clodsire|100\/100|[from] item: Leftovers\n|upkeep\n|turn|23\n|\n|t:|1701122085\n|switch|p2a: Dondozo|Dondozo, F|100\/100\n|-damage|p2a: Dondozo|88\/100|[from] Stealth Rock\n|move|p1a: Griming Moon|Icicle Crash|p2a: Dondozo\n|-resisted|p2a: Dondozo\n|-damage|p2a: Dondozo|79\/100\n|\n|-heal|p2a: Dondozo|86\/100|[from] item: Leftovers\n|upkeep\n|turn|24\n|\n|t:|1701122090\n|switch|p1a: Nice to Spore U|Amoonguss, F|100\/100\n|-damage|p1a: Nice to Spore U|88\/100|[from] Stealth Rock\n|-damage|p1a: Nice to Spore U|71\/100|[from] Spikes\n|move|p2a: Dondozo|Body Press|p1a: Nice to Spore U\n|-resisted|p1a: Nice to Spore U\n|-damage|p1a: Nice to Spore U|61\/100\n|-damage|p2a: Dondozo|69\/100|[from] item: Rocky Helmet|[of] p1a: Nice to Spore U\n|\n|-heal|p2a: Dondozo|75\/100|[from] item: Leftovers\n|upkeep\n|turn|25\n|\n|t:|1701122095\n|switch|p2a: Gholdengo|Gholdengo|100\/100\n|-damage|p2a: Gholdengo|94\/100|[from] Stealth Rock\n|switch|p1a: Griming Moon|Weavile, F|100\/100\n|-ability|p1a: Griming Moon|Pressure\n|\n|-heal|p2a: Gholdengo|100\/100|[from] item: Leftovers\n|upkeep\n|turn|26\n|\n|t:|1701122102\n|switch|p2a: Dondozo|Dondozo, F|75\/100\n|-damage|p2a: Dondozo|63\/100|[from] Stealth Rock\n|move|p1a: Griming Moon|Knock Off|p2a: Dondozo\n|-damage|p2a: Dondozo|42\/100\n|-enditem|p2a: Dondozo|Leftovers|[from] move: Knock Off|[of] p1a: Griming Moon\n|\n|upkeep\n|turn|27\n|\n|t:|1701122144\n|switch|p1a: Nice to Spore U|Amoonguss, F|94\/100\n|-damage|p1a: Nice to Spore U|82\/100|[from] Stealth Rock\n|-damage|p1a: Nice to Spore U|65\/100|[from] Spikes\n|move|p2a: Dondozo|Rest|p2a: Dondozo\n|-status|p2a: Dondozo|slp|[from] move: Rest\n|-heal|p2a: Dondozo|100\/100 slp|[silent]\n|\n|upkeep\n|turn|28\n|\n|t:|1701122150\n|switch|p2a: Tornadus|Tornadus-Therian, M|88\/100 brn\n|switch|p1a: Armor Night|Corviknight, M, shiny|45\/100\n|-damage|p1a: Armor Night|32\/100|[from] Stealth Rock\n|\n|-damage|p2a: Tornadus|82\/100 brn|[from] brn\n|upkeep\n|turn|29\n|\n|t:|1701122155\n|move|p2a: Tornadus|Taunt|p1a: Armor Night\n|-start|p1a: Armor Night|move: Taunt\n|cant|p1a: Armor Night|move: Taunt|Roost\n|\n|-damage|p2a: Tornadus|76\/100 brn|[from] brn\n|upkeep\n|turn|30\n|\n|t:|1701122159\n|move|p2a: Tornadus|Knock Off|p1a: Armor Night\n|-damage|p1a: Armor Night|26\/100\n|-damage|p2a: Tornadus|59\/100 brn|[from] item: Rocky Helmet|[of] p1a: Armor Night\n|-enditem|p1a: Armor Night|Rocky Helmet|[from] move: Knock Off|[of] p2a: Tornadus\n|move|p1a: Armor Night|U-turn|p2a: Tornadus\n|-resisted|p2a: Tornadus\n|-damage|p2a: Tornadus|51\/100 brn\n|\n|t:|1701122162\n|switch|p1a: Griming Moon|Weavile, F|100\/100|[from] U-turn\n|-ability|p1a: Griming Moon|Pressure\n|\n|-damage|p2a: Tornadus|45\/100 brn|[from] brn\n|upkeep\n|turn|31\n|\n|t:|1701122170\n|switch|p2a: Dondozo|Dondozo, F|100\/100 slp\n|-damage|p2a: Dondozo|88\/100 slp|[from] Stealth Rock\n|move|p1a: Griming Moon|Knock Off|p2a: Dondozo\n|-damage|p2a: Dondozo|74\/100 slp\n|\n|upkeep\n|turn|32\n|\n|t:|1701122173\n|move|p1a: Griming Moon|Low Kick|p2a: Dondozo\n|-damage|p2a: Dondozo|58\/100 slp\n|cant|p2a: Dondozo|slp\n|move|p2a: Dondozo|Sleep Talk|p2a: Dondozo\n|move|p2a: Dondozo|Rest||[from]move: Sleep Talk|[still]\n|-fail|p2a: Dondozo\n|\n|upkeep\n|turn|33\n|\n|t:|1701122177\n|switch|p1a: Nice to Spore U|Amoonguss, F|98\/100\n|-damage|p1a: Nice to Spore U|86\/100|[from] Stealth Rock\n|-damage|p1a: Nice to Spore U|69\/100|[from] Spikes\n|cant|p2a: Dondozo|slp\n|move|p2a: Dondozo|Sleep Talk|p2a: Dondozo\n|move|p2a: Dondozo|Wave Crash|p1a: Nice to Spore U|[from]move: Sleep Talk\n|-resisted|p1a: Nice to Spore U\n|-damage|p1a: Nice to Spore U|53\/100\n|-damage|p2a: Dondozo|41\/100 slp|[from] item: Rocky Helmet|[of] p1a: Nice to Spore U\n|-damage|p2a: Dondozo|37\/100 slp|[from] Recoil\n|\n|upkeep\n|turn|34\n|\n|t:|1701122188\n|-curestatus|p2a: Dondozo|slp|[msg]\n|move|p2a: Dondozo|Rest|p2a: Dondozo\n|-status|p2a: Dondozo|slp|[from] move: Rest\n|-heal|p2a: Dondozo|100\/100 slp|[silent]\n|move|p1a: Nice to Spore U|Giga Drain|p2a: Dondozo\n|-supereffective|p2a: Dondozo\n|-damage|p2a: Dondozo|60\/100 slp\n|-heal|p1a: Nice to Spore U|77\/100|[from] drain|[of] p2a: Dondozo\n|\n|upkeep\n|turn|35\n|\n|t:|1701122198\n|switch|p2a: Tornadus|Tornadus-Therian, M|78\/100 brn\n|move|p1a: Nice to Spore U|Giga Drain|p2a: Tornadus\n|-resisted|p2a: Tornadus\n|-damage|p2a: Tornadus|68\/100 brn\n|-heal|p1a: Nice to Spore U|81\/100|[from] drain|[of] p2a: Tornadus\n|\n|-damage|p2a: Tornadus|62\/100 brn|[from] brn\n|upkeep\n|turn|36\n|\n|t:|1701122203\n|move|p2a: Tornadus|Bleakwind Storm|p1a: Nice to Spore U|[miss]\n|-miss|p2a: Tornadus|p1a: Nice to Spore U\n|move|p1a: Nice to Spore U|Sludge Bomb|p2a: Tornadus\n|-damage|p2a: Tornadus|37\/100 brn\n|\n|-damage|p2a: Tornadus|31\/100 brn|[from] brn\n|upkeep\n|turn|37\n|\n|t:|1701122210\n|switch|p1a: Cure for all|Garganacl, F|100\/100\n|-damage|p1a: Cure for all|88\/100|[from] Stealth Rock\n|-damage|p1a: Cure for all|72\/100|[from] Spikes\n|move|p2a: Tornadus|Bleakwind Storm|p1a: Cure for all\n|-resisted|p1a: Cure for all\n|-damage|p1a: Cure for all|56\/100\n|\n|-heal|p1a: Cure for all|62\/100|[from] item: Leftovers\n|-damage|p2a: Tornadus|25\/100 brn|[from] brn\n|upkeep\n|turn|38\n|\n|t:|1701122218\n|move|p2a: Tornadus|U-turn|p1a: Cure for all\n|-damage|p1a: Cure for all|59\/100\n|\n|t:|1701122221\n|switch|p2a: Great Tusk|Great Tusk|66\/100|[from] U-turn\n|-damage|p2a: Great Tusk|63\/100|[from] Stealth Rock\n|move|p1a: Cure for all|Salt Cure|p2a: Great Tusk\n|-resisted|p2a: Great Tusk\n|-damage|p2a: Great Tusk|62\/100\n|-start|p2a: Great Tusk|Salt Cure\n|\n|-heal|p2a: Great Tusk|68\/100|[from] item: Leftovers\n|-heal|p1a: Cure for all|65\/100|[from] item: Leftovers\n|-damage|p2a: Great Tusk|56\/100|[from] Salt Cure\n|upkeep\n|turn|39\n|\n|t:|1701122224\n|move|p1a: Cure for all|Protect|p1a: Cure for all\n|-singleturn|p1a: Cure for all|Protect\n|move|p2a: Great Tusk|Rapid Spin|p1a: Cure for all\n|-activate|p1a: Cure for all|move: Protect\n|\n|-heal|p2a: Great Tusk|62\/100|[from] item: Leftovers\n|-heal|p1a: Cure for all|71\/100|[from] item: Leftovers\n|-damage|p2a: Great Tusk|50\/100|[from] Salt Cure\n|upkeep\n|turn|40\n|\n|t:|1701122237\n|-terastallize|p1a: Cure for all|Water\n|move|p2a: Great Tusk|Earthquake|p1a: Cure for all\n|-damage|p1a: Cure for all|47\/100\n|move|p1a: Cure for all|Recover|p1a: Cure for all\n|-heal|p1a: Cure for all|97\/100\n|\n|-heal|p2a: Great Tusk|56\/100|[from] item: Leftovers\n|-heal|p1a: Cure for all|100\/100|[from] item: Leftovers\n|-damage|p2a: Great Tusk|43\/100|[from] Salt Cure\n|upkeep\n|turn|41\n|\n|t:|1701122245\n|move|p1a: Cure for all|Protect|p1a: Cure for all\n|-singleturn|p1a: Cure for all|Protect\n|move|p2a: Great Tusk|Rapid Spin|p1a: Cure for all\n|-activate|p1a: Cure for all|move: Protect\n|\n|-heal|p2a: Great Tusk|50\/100|[from] item: Leftovers\n|-damage|p2a: Great Tusk|37\/100|[from] Salt Cure\n|upkeep\n|turn|42\n|\n|t:|1701122251\n|switch|p1a: TAKE MY KIDS|Dragapult, F|51\/100\n|-damage|p1a: TAKE MY KIDS|39\/100|[from] Stealth Rock\n|-damage|p1a: TAKE MY KIDS|23\/100|[from] Spikes\n|move|p2a: Great Tusk|Rapid Spin|p1a: TAKE MY KIDS\n|-immune|p1a: TAKE MY KIDS\n|\n|-heal|p2a: Great Tusk|43\/100|[from] item: Leftovers\n|-damage|p2a: Great Tusk|31\/100|[from] Salt Cure\n|upkeep\n|turn|43\n|\n|t:|1701122255\n|-end|p2a: Great Tusk|Protosynthesis|[silent]\n|switch|p2a: Gholdengo|Gholdengo|100\/100\n|-damage|p2a: Gholdengo|94\/100|[from] Stealth Rock\n|move|p1a: TAKE MY KIDS|U-turn|p2a: Gholdengo\n|-resisted|p2a: Gholdengo\n|-damage|p2a: Gholdengo|90\/100\n|\n|t:|1701122257\n|switch|p1a: Griming Moon|Weavile, F|100\/100|[from] U-turn\n|-ability|p1a: Griming Moon|Pressure\n|\n|-heal|p2a: Gholdengo|96\/100|[from] item: Leftovers\n|upkeep\n|turn|44\n|\n|t:|1701122262\n|move|p1a: Griming Moon|Knock Off|p2a: Gholdengo\n|-supereffective|p2a: Gholdengo\n|-damage|p2a: Gholdengo|0 fnt\n|-enditem|p2a: Gholdengo|Leftovers|[from] move: Knock Off|[of] p1a: Griming Moon\n|faint|p2a: Gholdengo\n|\n|upkeep\n|\n|t:|1701122278\n|switch|p2a: Dondozo|Dondozo, F|60\/100 slp\n|-damage|p2a: Dondozo|47\/100 slp|[from] Stealth Rock\n|turn|45\n|\n|t:|1701122281\n|switch|p1a: Nice to Spore U|Amoonguss, F|100\/100\n|-damage|p1a: Nice to Spore U|88\/100|[from] Stealth Rock\n|-damage|p1a: Nice to Spore U|71\/100|[from] Spikes\n|switch|p2a: Tornadus|Tornadus-Therian, M|58\/100 brn\n|\n|-damage|p2a: Tornadus|52\/100 brn|[from] brn\n|upkeep\n|turn|46\n|\n|t:|1701122287\n|switch|p1a: Cure for all|Garganacl, F, tera:Water|100\/100\n|-damage|p1a: Cure for all|88\/100|[from] Stealth Rock\n|-damage|p1a: Cure for all|72\/100|[from] Spikes\n|move|p2a: Tornadus|Bleakwind Storm|p1a: Cure for all\n|-damage|p1a: Cure for all|39\/100\n|-unboost|p1a: Cure for all|spe|1\n|\n|-heal|p1a: Cure for all|45\/100|[from] item: Leftovers\n|-damage|p2a: Tornadus|46\/100 brn|[from] brn\n|upkeep\n|turn|47\n|\n|t:|1701122295\n|move|p2a: Tornadus|Knock Off|p1a: Cure for all\n|-damage|p1a: Cure for all|39\/100\n|-enditem|p1a: Cure for all|Leftovers|[from] move: Knock Off|[of] p2a: Tornadus\n|move|p1a: Cure for all|Recover|p1a: Cure for all\n|-heal|p1a: Cure for all|89\/100\n|\n|-damage|p2a: Tornadus|40\/100 brn|[from] brn\n|upkeep\n|turn|48\n|\n|t:|1701122308\n|move|p2a: Tornadus|U-turn|p1a: Cure for all\n|-damage|p1a: Cure for all|86\/100\n|\n|t:|1701122310\n|switch|p2a: Clodsire|Clodsire, F|100\/100|[from] U-turn\n|-damage|p2a: Clodsire|94\/100|[from] Stealth Rock\n|move|p1a: Cure for all|Salt Cure|p2a: Clodsire\n|-resisted|p2a: Clodsire\n|-damage|p2a: Clodsire|86\/100\n|-start|p2a: Clodsire|Salt Cure\n|\n|-heal|p2a: Clodsire|93\/100|[from] item: Leftovers\n|-damage|p2a: Clodsire|80\/100|[from] Salt Cure\n|upkeep\n|turn|49\n|\n|t:|1701122319\n|switch|p1a: Armor Night|Corviknight, M, shiny|26\/100\n|-damage|p1a: Armor Night|14\/100|[from] Stealth Rock\n|move|p2a: Clodsire|Spikes|p1a: Armor Night\n|-sidestart|p1: Dragon is Uber|Spikes\n|\n|-heal|p2a: Clodsire|86\/100|[from] item: Leftovers\n|-damage|p2a: Clodsire|74\/100|[from] Salt Cure\n|upkeep\n|turn|50\n|-message|Skully tree forfeited.\n|\n|win|Dragon is Uber\n|raw|Dragon is Uber's rating: 1497 &rarr; <strong>1518<\/strong><br \/>(+21 for winning)\n|raw|Skully tree's rating: 1515 &rarr; <strong>1494<\/strong><br \/>(-21 for losing)\n|l|\u2606Skully tree\n","uploadtime":1701122335,"views":14,"p1id":"dragonisuber","p2id":"skullytree","formatid":"gen9ou","rating":1494,"private":0,"password":""}