{"id":"gen9ou-1999963900","p1":"xxCOALLAxx","p2":"mangolol","format":"[Gen 9] OU","log":"|j|\u2606xxCOALLAxx\n|j|\u2606mangolol\n|t:|1701135249\n|gametype|singles\n|player|p1|xxCOALLAxx|benga|1477\n|player|p2|mangolol|adaman|1356\n|teamsize|p1|6\n|teamsize|p2|6\n|gen|9\n|tier|[Gen 9] OU\n|rated|\n|rule|Sleep Clause Mod: Limit one foe put to sleep\n|rule|Species Clause: Limit one of each Pok\u00e9mon\n|rule|OHKO Clause: OHKO moves are banned\n|rule|Evasion Items Clause: Evasion items are banned\n|rule|Evasion Moves Clause: Evasion moves are banned\n|rule|Endless Battle Clause: Forcing endless battles is banned\n|rule|HP Percentage Mod: HP is shown in percentages\n|clearpoke\n|poke|p1|Indeedee, M|\n|poke|p1|Polteageist|\n|poke|p1|Maushold|\n|poke|p1|Hatterene, F|\n|poke|p1|Armarouge, F|\n|poke|p1|Zamazenta-*|\n|poke|p2|Ribombee, M|\n|poke|p2|Samurott-Hisui, M|\n|poke|p2|Greninja-*, M|\n|poke|p2|Iron Moth|\n|poke|p2|Iron Valiant|\n|poke|p2|Kingambit, M|\n|teampreview\n|inactive|Battle timer is ON: inactive players will automatically lose when time's up. (requested by xxCOALLAxx)\n|\n|t:|1701135258\n|start\n|switch|p1a: Maushold|Maushold|100\/100\n|switch|p2a: THE GOAT|Samurott-Hisui, M|100\/100\n|turn|1\n|\n|t:|1701135269\n|move|p2a: THE GOAT|Flip Turn|p1a: Maushold\n|-damage|p1a: Maushold|58\/100\n|\n|t:|1701135272\n|switch|p2a: more usg thn lando|Ribombee, M|100\/100|[from] Flip Turn\n|move|p1a: Maushold|Population Bomb|p2a: more usg thn lando|[miss]\n|-miss|p1a: Maushold|p2a: more usg thn lando\n|\n|upkeep\n|turn|2\n|c|\u2606xxCOALLAxx|GIVE ME A FUCKING BREAK\n|c|\u2606xxCOALLAxx|that is why i have tilted 300 elo in the last hour\n|inactive|xxCOALLAxx has 120 seconds left.\n|c|\u2606mangolol|dawg im fucking sorry\n|c|\u2606xxCOALLAxx|i\u2019m done after that one\n|c|\u2606xxCOALLAxx|no worries\n|c|\u2606xxCOALLAxx|not your fault\n|c|\u2606mangolol|wanna drink?\n|c|\u2606xxCOALLAxx|game is just dog shit lol\n|c|\u2606xxCOALLAxx|ye\n|c|\u2606mangolol|aight bet\n|c|\u2606xxCOALLAxx|haha\n|inactive|xxCOALLAxx has 90 seconds left.\n|c|\u2606mangolol|i'll let you have this one i feel bad\n|\n|t:|1701135338\n|move|p2a: more usg thn lando|Stun Spore|p1a: Maushold\n|-status|p1a: Maushold|par\n|move|p1a: Maushold|Tidy Up|p1a: Maushold\n|-boost|p1a: Maushold|atk|1\n|-boost|p1a: Maushold|spe|1\n|\n|upkeep\n|turn|3\n|inactive|xxCOALLAxx has 90 seconds left.\n|c|\u2606xxCOALLAxx|nah\n|c|\u2606mangolol|oh alr\n|c|\u2606xxCOALLAxx|go ahead and win lol\n|\n|t:|1701135359\n|switch|p1a: Hatterene|Hatterene, F, shiny|100\/100\n|move|p2a: more usg thn lando|Moonblast|p1a: Hatterene\n|-damage|p1a: Hatterene|53\/100\n|-unboost|p1a: Hatterene|spa|1\n|-enditem|p1a: Hatterene|Eject Button\n|c|\u2606xxCOALLAxx|thanks tho\n|inactive|xxCOALLAxx has 90 seconds left.\n|c|\u2606xxCOALLAxx|that was literally a game losing miss tho\n|\n|t:|1701135382\n|switch|p1a: Indeedee|Indeedee, M, shiny|100\/100\n|-fieldstart|move: Psychic Terrain|[from] ability: Psychic Surge|[of] p1a: Indeedee\n|\n|upkeep\n|turn|4\n|\n|t:|1701135389\n|move|p2a: more usg thn lando|Psychic|p1a: Indeedee\n|-resisted|p1a: Indeedee\n|-damage|p1a: Indeedee|79\/100\n|move|p1a: Indeedee|Encore|p2a: more usg thn lando\n|-start|p2a: more usg thn lando|Encore\n|\n|upkeep\n|turn|5\n|\n|t:|1701135409\n|move|p2a: more usg thn lando|Psychic|p1a: Indeedee\n|-resisted|p1a: Indeedee\n|-damage|p1a: Indeedee|57\/100\n|move|p1a: Indeedee|Dazzling Gleam|p2a: more usg thn lando\n|-damage|p2a: more usg thn lando|61\/100\n|\n|upkeep\n|turn|6\n|\n|t:|1701135415\n|move|p2a: more usg thn lando|Psychic|p1a: Indeedee\n|-resisted|p1a: Indeedee\n|-damage|p1a: Indeedee|35\/100\n|move|p1a: Indeedee|Psychic|p2a: more usg thn lando\n|-damage|p2a: more usg thn lando|0 fnt\n|faint|p2a: more usg thn lando\n|\n|upkeep\n|\n|t:|1701135419\n|switch|p2a: THE GOAT|Samurott-Hisui, M|100\/100\n|turn|7\n|\n|t:|1701135427\n|switch|p1a: Armarouge|Armarouge, F, shiny|100\/100\n|move|p2a: THE GOAT|Ceaseless Edge|p1a: Armarouge\n|-supereffective|p1a: Armarouge\n|-damage|p1a: Armarouge|5\/100\n|-ability|p1a: Armarouge|Weak Armor|boost\n|-unboost|p1a: Armarouge|def|1\n|-boost|p1a: Armarouge|spe|2\n|-sidestart|p1: xxCOALLAxx|Spikes\n|\n|upkeep\n|turn|8\n|\n|t:|1701135430\n|move|p1a: Armarouge|Destiny Bond|p1a: Armarouge\n|-singlemove|p1a: Armarouge|Destiny Bond\n|move|p2a: THE GOAT|Ceaseless Edge|p1a: Armarouge\n|-supereffective|p1a: Armarouge\n|-damage|p1a: Armarouge|0 fnt\n|-sidestart|p1: xxCOALLAxx|Spikes\n|faint|p1a: Armarouge\n|-activate|p1a: Armarouge|move: Destiny Bond\n|faint|p2a: THE GOAT\n|\n|upkeep\n|\n|t:|1701135445\n|switch|p2a: hank|Greninja, M|100\/100\n|switch|p1a: Polteageist|Polteageist, shiny|100\/100\n|-damage|p1a: Polteageist|84\/100|[from] Spikes\n|turn|9\n|\n|t:|1701135457\n|-terastallize|p1a: Polteageist|Fighting\n|move|p2a: hank|Dark Pulse|p1a: Polteageist\n|-resisted|p1a: Polteageist\n|-damage|p1a: Polteageist|57\/100\n|-damage|p2a: hank|91\/100|[from] item: Life Orb\n|move|p1a: Polteageist|Tera Blast|p2a: hank|[anim] Tera Blast Fighting\n|-supereffective|p2a: hank\n|-damage|p2a: hank|0 fnt\n|faint|p2a: hank\n|\n|upkeep\n|\n|t:|1701135460\n|switch|p2a: wonyoungfan95|Iron Moth|100\/100\n|-enditem|p2a: wonyoungfan95|Booster Energy\n|-activate|p2a: wonyoungfan95|ability: Quark Drive|[fromitem]\n|-start|p2a: wonyoungfan95|quarkdrivespe\n|turn|10\n|\n|t:|1701135474\n|switch|p1a: Hatterene|Hatterene, F, shiny|53\/100\n|-damage|p1a: Hatterene|36\/100|[from] Spikes\n|move|p2a: wonyoungfan95|Fiery Dance|p1a: Hatterene\n|-damage|p1a: Hatterene|0 fnt\n|faint|p1a: Hatterene\n|\n|-fieldend|move: Psychic Terrain\n|upkeep\n|\n|t:|1701135477\n|switch|p1a: Indeedee|Indeedee, M, shiny|35\/100\n|-damage|p1a: Indeedee|19\/100|[from] Spikes\n|-fieldstart|move: Psychic Terrain|[from] ability: Psychic Surge|[of] p1a: Indeedee\n|turn|11\n|\n|t:|1701135480\n|move|p2a: wonyoungfan95|Fiery Dance|p1a: Indeedee\n|-damage|p1a: Indeedee|0 fnt\n|-boost|p2a: wonyoungfan95|spa|1\n|faint|p1a: Indeedee\n|\n|upkeep\n|\n|t:|1701135482\n|switch|p1a: Zamazenta|Zamazenta|100\/100\n|-damage|p1a: Zamazenta|84\/100|[from] Spikes\n|-ability|p1a: Zamazenta|Dauntless Shield|boost\n|-boost|p1a: Zamazenta|def|1\n|-enditem|p1a: Zamazenta|Psychic Seed\n|-boost|p1a: Zamazenta|spd|1|[from] item: Psychic Seed\n|turn|12\n|\n|t:|1701135486\n|move|p2a: wonyoungfan95|Sludge Wave|p1a: Zamazenta\n|-damage|p1a: Zamazenta|40\/100\n|move|p1a: Zamazenta|Crunch|p2a: wonyoungfan95\n|-damage|p2a: wonyoungfan95|61\/100\n|-unboost|p2a: wonyoungfan95|def|1\n|\n|upkeep\n|turn|13\n|\n|t:|1701135491\n|move|p2a: wonyoungfan95|Sludge Wave|p1a: Zamazenta\n|-damage|p1a: Zamazenta|0 fnt\n|faint|p1a: Zamazenta\n|\n|upkeep\n|c|\u2606xxCOALLAxx|have a good one dude\n|c|\u2606xxCOALLAxx|imma go never play this shit again haha\n|c|\u2606xxCOALLAxx|gg\n|c|\u2606mangolol|gg\n|inactive|xxCOALLAxx has 120 seconds left.\n|c|\u2606mangolol|im sorry\n|-message|xxCOALLAxx forfeited.\n|\n|win|mangolol\n|raw|xxCOALLAxx's rating: 1477 &rarr; <strong>1450<\/strong><br \/>(-27 for losing)\n|raw|mangolol's rating: 1356 &rarr; <strong>1383<\/strong><br \/>(+27 for winning)\n|l|\u2606xxCOALLAxx\n","uploadtime":1701135547,"views":2,"p1id":"xxcoallaxx","p2id":"mangolol","formatid":"gen9ou","rating":1383,"private":0,"password":""}