{"id":"gen9ou-1993761260","p1":"Hugh's Jass","p2":"jouos","format":"[Gen 9] OU","log":"|j|\u2606Hugh's Jass\n|j|\u2606jouos\n|t:|1700354120\n|gametype|singles\n|player|p1|Hugh's Jass|hugh|1361\n|player|p2|jouos|cynthia-masters|1430\n|teamsize|p1|6\n|teamsize|p2|6\n|gen|9\n|tier|[Gen 9] OU\n|rated|\n|rule|Sleep Clause Mod: Limit one foe put to sleep\n|rule|Species Clause: Limit one of each Pok\u00e9mon\n|rule|OHKO Clause: OHKO moves are banned\n|rule|Evasion Items Clause: Evasion items are banned\n|rule|Evasion Moves Clause: Evasion moves are banned\n|rule|Endless Battle Clause: Forcing endless battles is banned\n|rule|HP Percentage Mod: HP is shown in percentages\n|clearpoke\n|poke|p1|Dragonite, M|\n|poke|p1|Amoonguss, M|\n|poke|p1|Walking Wake|\n|poke|p1|Jirachi|\n|poke|p1|Slowking-Galar, F|\n|poke|p1|Garchomp, M|\n|poke|p2|Samurott-Hisui, F|\n|poke|p2|Cinderace, M|\n|poke|p2|Heatran, M|\n|poke|p2|Iron Valiant|\n|poke|p2|Toxapex, F|\n|poke|p2|Dragonite, M|\n|teampreview\n|inactive|Battle timer is ON: inactive players will automatically lose when time's up. (requested by Hugh's Jass)\n|\n|t:|1700354148\n|start\n|switch|p1a: Amoonguss|Amoonguss, M|100\/100\n|switch|p2a: Samurott|Samurott-Hisui, F|100\/100\n|turn|1\n|\n|t:|1700354152\n|move|p2a: Samurott|Flip Turn|p1a: Amoonguss\n|-resisted|p1a: Amoonguss\n|-damage|p1a: Amoonguss|89\/100\n|-enditem|p1a: Amoonguss|Red Card|[of] p2a: Samurott\n|drag|p2a: Dragonite|Dragonite, M|100\/100\n|move|p1a: Amoonguss|Spore|p2a: Dragonite\n|-status|p2a: Dragonite|slp|[from] move: Spore\n|\n|upkeep\n|turn|2\n|\n|t:|1700354168\n|switch|p2a: Heatran|Heatran, M|100\/100\n|switch|p1a: Garchomp|Garchomp, M|100\/100\n|\n|upkeep\n|turn|3\n|inactive|jouos has 120 seconds left.\n|\n|t:|1700354202\n|-terastallize|p2a: Heatran|Grass\n|move|p1a: Garchomp|Swords Dance|p1a: Garchomp\n|-boost|p1a: Garchomp|atk|2\n|move|p2a: Heatran|Will-O-Wisp|p1a: Garchomp\n|-status|p1a: Garchomp|brn\n|\n|-damage|p1a: Garchomp|94\/100 brn|[from] brn\n|upkeep\n|turn|4\n|\n|t:|1700354206\n|move|p1a: Garchomp|Swords Dance|p1a: Garchomp\n|-boost|p1a: Garchomp|atk|2\n|move|p2a: Heatran|Magma Storm|p1a: Garchomp|[miss]\n|-miss|p2a: Heatran|p1a: Garchomp\n|\n|-damage|p1a: Garchomp|88\/100 brn|[from] brn\n|upkeep\n|turn|5\n|\n|t:|1700354221\n|move|p1a: Garchomp|Swords Dance|p1a: Garchomp\n|-boost|p1a: Garchomp|atk|2\n|move|p2a: Heatran|Magma Storm|p1a: Garchomp\n|-resisted|p1a: Garchomp\n|-damage|p1a: Garchomp|63\/100 brn\n|-activate|p1a: Garchomp|move: Magma Storm|[of] p2a: Heatran\n|\n|-damage|p1a: Garchomp|57\/100 brn|[from] brn\n|-damage|p1a: Garchomp|44\/100 brn|[from] move: Magma Storm|[partiallytrapped]\n|upkeep\n|turn|6\n|\n|t:|1700354237\n|move|p1a: Garchomp|Scale Shot|p2a: Heatran\n|-damage|p2a: Heatran|77\/100\n|-damage|p2a: Heatran|56\/100\n|-damage|p2a: Heatran|33\/100\n|-damage|p2a: Heatran|12\/100\n|-crit|p2a: Heatran\n|-damage|p2a: Heatran|0 fnt\n|faint|p2a: Heatran\n|-hitcount|p2: Heatran|5\n|-unboost|p1a: Garchomp|def|1\n|-boost|p1a: Garchomp|spe|1\n|\n|-damage|p1a: Garchomp|38\/100 brn|[from] brn\n|-end|p1a: Garchomp|Magma Storm|[partiallytrapped]|[silent]\n|upkeep\n|inactive|jouos has 120 seconds left.\n|\n|t:|1700354257\n|switch|p2a: Toxapex|Toxapex, F|100\/100\n|turn|7\n|\n|t:|1700354264\n|switch|p2a: Dragonite|Dragonite, M|100\/100 slp\n|move|p1a: Garchomp|Earthquake|p2a: Dragonite\n|-immune|p2a: Dragonite\n|\n|-damage|p1a: Garchomp|32\/100 brn|[from] brn\n|upkeep\n|turn|8\n|\n|t:|1700354274\n|switch|p2a: Toxapex|Toxapex, F|100\/100\n|move|p1a: Garchomp|Earthquake|p2a: Toxapex\n|-supereffective|p2a: Toxapex\n|-damage|p2a: Toxapex|0 fnt\n|faint|p2a: Toxapex\n|\n|-damage|p1a: Garchomp|26\/100 brn|[from] brn\n|upkeep\n|inactive|jouos has 120 seconds left.\n|\n|t:|1700354288\n|switch|p2a: Iron Valiant|Iron Valiant|100\/100\n|-enditem|p2a: Iron Valiant|Booster Energy\n|-activate|p2a: Iron Valiant|ability: Quark Drive|[fromitem]\n|-start|p2a: Iron Valiant|quarkdrivespa\n|turn|9\n|inactive|jouos has 120 seconds left.\n|\n|t:|1700354299\n|move|p1a: Garchomp|Earthquake|p2a: Iron Valiant\n|-crit|p2a: Iron Valiant\n|-damage|p2a: Iron Valiant|0 fnt\n|faint|p2a: Iron Valiant\n|-end|p2a: Iron Valiant|Quark Drive|[silent]\n|\n|-damage|p1a: Garchomp|20\/100 brn|[from] brn\n|upkeep\n|inactive|jouos has 120 seconds left.\n|\n|t:|1700354304\n|switch|p2a: Dragonite|Dragonite, M|100\/100 slp\n|turn|10\n|\n|t:|1700354308\n|cant|p2a: Dragonite|slp\n|move|p1a: Garchomp|Scale Shot|p2a: Dragonite\n|-supereffective|p2a: Dragonite\n|-damage|p2a: Dragonite|74\/100 slp\n|-supereffective|p2a: Dragonite\n|-damage|p2a: Dragonite|23\/100 slp\n|-supereffective|p2a: Dragonite\n|-damage|p2a: Dragonite|0 fnt\n|faint|p2a: Dragonite\n|-hitcount|p2: Dragonite|3\n|-unboost|p1a: Garchomp|def|1\n|-boost|p1a: Garchomp|spe|1\n|\n|-damage|p1a: Garchomp|13\/100 brn|[from] brn\n|upkeep\n|\n|t:|1700354310\n|switch|p2a: Cinderace|Cinderace, M|100\/100\n|turn|11\n|-message|jouos forfeited.\n|\n|win|Hugh's Jass\n|raw|Hugh&apos;s Jass's rating: 1361 &rarr; <strong>1385<\/strong><br \/>(+24 for winning)\n|raw|jouos's rating: 1430 &rarr; <strong>1406<\/strong><br \/>(-24 for losing)\n|l|\u2606jouos\n","uploadtime":1700354318,"views":17,"p1id":"hughsjass","p2id":"jouos","formatid":"gen9ou","rating":1385,"private":0,"password":""}