{"id":"gen9ou-1998032764","p1":"Cardo Pixelado","p2":"Imanjoneser","format":"[Gen 9] OU","log":"|j|\u2606Cardo Pixelado\n|j|\u2606Imanjoneser\n|t:|1700881465\n|gametype|singles\n|player|p1|Cardo Pixelado|veteran|\n|player|p2|Imanjoneser|bugcatcher-gen4dp|\n|teamsize|p1|6\n|teamsize|p2|6\n|gen|9\n|tier|[Gen 9] OU\n|rule|Sleep Clause Mod: Limit one foe put to sleep\n|rule|Species Clause: Limit one of each Pok\u00e9mon\n|rule|OHKO Clause: OHKO moves are banned\n|rule|Evasion Items Clause: Evasion items are banned\n|rule|Evasion Moves Clause: Evasion moves are banned\n|rule|Endless Battle Clause: Forcing endless battles is banned\n|rule|HP Percentage Mod: HP is shown in percentages\n|clearpoke\n|poke|p1|Ninetales-Alola, F|\n|poke|p1|Blissey, F|\n|poke|p1|Dragonite, M|\n|poke|p1|Dragapult, F|\n|poke|p1|Cinderace, M|\n|poke|p1|Toxapex, F|\n|poke|p2|Heracross, M|\n|poke|p2|Volbeat, M|\n|poke|p2|Kleavor, F|\n|poke|p2|Illumise, F|\n|poke|p2|Rabsca, F|\n|poke|p2|Yanmega, M|\n|teampreview\n|c|\u2606Cardo Pixelado|It's me again :3\n|c|\u2606Imanjoneser|Hey there\n|c|\u2606Cardo Pixelado|buggo team? Me likey\n|c|\u2606Imanjoneser|Thanks!\n|\n|t:|1700881522\n|start\n|switch|p1a: Dragapult|Dragapult, F|100\/100\n|switch|p2a: Yanmega|Yanmega, M, shiny|100\/100\n|turn|1\n|c|\u2606Cardo Pixelado|This is my \"almost Pkmn Unite\" team :P\n|\n|t:|1700881541\n|move|p2a: Yanmega|Protect|p2a: Yanmega\n|-singleturn|p2a: Yanmega|Protect\n|move|p1a: Dragapult|Reflect|p1a: Dragapult\n|-sidestart|p1: Cardo Pixelado|Reflect\n|\n|-ability|p2a: Yanmega|Speed Boost|boost\n|-boost|p2a: Yanmega|spe|1\n|upkeep\n|turn|2\n|\n|t:|1700881554\n|move|p2a: Yanmega|Shadow Ball|p1a: Dragapult\n|-supereffective|p1a: Dragapult\n|-damage|p1a: Dragapult|41\/100\n|move|p1a: Dragapult|Light Screen|p1a: Dragapult\n|-sidestart|p1: Cardo Pixelado|move: Light Screen\n|\n|-ability|p2a: Yanmega|Speed Boost|boost\n|-boost|p2a: Yanmega|spe|1\n|upkeep\n|turn|3\n|\n|t:|1700881568\n|switch|p1a: Ninetales|Ninetales-Alola, F|100\/100\n|-weather|Snow|[from] ability: Snow Warning|[of] p1a: Ninetales\n|-terastallize|p2a: Yanmega|Ghost\n|move|p2a: Yanmega|Shadow Ball|p1a: Ninetales\n|-damage|p1a: Ninetales|80\/100\n|\n|-weather|Snow|[upkeep]\n|-ability|p2a: Yanmega|Speed Boost|boost\n|-boost|p2a: Yanmega|spe|1\n|upkeep\n|turn|4\n|c|\u2606Imanjoneser|Oh you play unite nice!\n|c|\u2606Imanjoneser|I've never played\n|\n|t:|1700881587\n|move|p2a: Yanmega|Struggle Bug|p1a: Ninetales\n|-resisted|p1a: Ninetales\n|-damage|p1a: Ninetales|74\/100\n|-unboost|p1a: Ninetales|spa|1\n|move|p1a: Ninetales|Aurora Veil|p1a: Ninetales\n|-sidestart|p1: Cardo Pixelado|move: Aurora Veil\n|\n|-weather|Snow|[upkeep]\n|-ability|p2a: Yanmega|Speed Boost|boost\n|-boost|p2a: Yanmega|spe|1\n|upkeep\n|turn|5\n|c|\u2606Cardo Pixelado|I'm in the 3rd highest tier there\n|c|\u2606Imanjoneser|:0\n|c|\u2606Imanjoneser|Oh shoot\n|\n|t:|1700881629\n|switch|p2a: Volbeat|Volbeat, M, shiny|100\/100\n|move|p1a: Ninetales|Freeze-Dry|p2a: Volbeat\n|-crit|p2a: Volbeat\n|-damage|p2a: Volbeat|53\/100\n|\n|-weather|Snow|[upkeep]\n|upkeep\n|turn|6\n|c|\u2606Cardo Pixelado|is nuts there mah guy\n|\n|t:|1700881640\n|move|p2a: Volbeat|Thunder Wave|p1a: Ninetales\n|-status|p1a: Ninetales|par\n|move|p1a: Ninetales|Freeze-Dry|p2a: Volbeat\n|-damage|p2a: Volbeat|32\/100\n|-status|p2a: Volbeat|frz\n|\n|-weather|Snow|[upkeep]\n|upkeep\n|turn|7\n|c|\u2606Cardo Pixelado|I'm telling u,  nuts\n|\n|t:|1700881649\n|cant|p2a: Volbeat|frz\n|cant|p1a: Ninetales|par\n|\n|-weather|none\n|upkeep\n|turn|8\n|\n|t:|1700881655\n|cant|p2a: Volbeat|frz\n|cant|p1a: Ninetales|par\n|\n|-sideend|p1: Cardo Pixelado|Reflect\n|upkeep\n|turn|9\n|c|\u2606Imanjoneser|Nuts as in hyped?\n|\n|t:|1700881665\n|switch|p1a: Dragapult|Dragapult, F|41\/100\n|cant|p2a: Volbeat|frz\n|\n|-sideend|p1: Cardo Pixelado|move: Light Screen\n|upkeep\n|turn|10\n|\n|t:|1700881671\n|cant|p2a: Volbeat|frz\n|move|p1a: Dragapult|Reflect|p1a: Dragapult\n|-sidestart|p1: Cardo Pixelado|Reflect\n|\n|upkeep\n|turn|11\n|c|\u2606Cardo Pixelado|nuts as in pay to win XD\n|c|\u2606Imanjoneser|OK THIS IS OD\n|\n|t:|1700881684\n|cant|p2a: Volbeat|frz\n|move|p1a: Dragapult|Dragon Darts|p2a: Volbeat\n|-damage|p2a: Volbeat|0 fnt\n|faint|p2a: Volbeat\n|\n|-sideend|p1: Cardo Pixelado|move: Aurora Veil\n|upkeep\n|c|\u2606Imanjoneser|DUDE\n|c|\u2606Imanjoneser|That freeze was not fair at all lol\n|c|\u2606Cardo Pixelado|imagine that in a competitve MOBA\n|c|\u2606Imanjoneser|Ah I used to play dragon ball Z dokkan battle haha\n|c|\u2606Cardo Pixelado|yeah, alolan nintelaes can freeze with the autoattacks\n|\n|t:|1700881733\n|switch|p2a: Illumise|Illumise, F, shiny|100\/100\n|turn|12\n|c|\u2606Cardo Pixelado|its nuts\n|\n|t:|1700881739\n|move|p2a: Illumise|Trick|p1a: Dragapult\n|-activate|p2a: Illumise|move: Trick|[of] p1a: Dragapult\n|-item|p1a: Dragapult|Flame Orb|[from] move: Trick\n|-item|p2a: Illumise|Light Clay|[from] move: Trick\n|move|p1a: Dragapult|Dragon Darts|p2a: Illumise\n|-damage|p2a: Illumise|77\/100\n|-anim|p1a: Dragapult|Dragon Darts|p2a: Illumise\n|-damage|p2a: Illumise|51\/100\n|\n|-status|p1a: Dragapult|brn|[from] item: Flame Orb\n|upkeep\n|turn|13\n|\n|t:|1700881754\n|move|p2a: Illumise|Light Screen|p2a: Illumise\n|-sidestart|p2: Imanjoneser|move: Light Screen\n|move|p1a: Dragapult|Reflect||[still]\n|-fail|p1a: Dragapult\n|\n|-damage|p1a: Dragapult|35\/100 brn|[from] brn\n|upkeep\n|turn|14\n|c|\u2606Imanjoneser|The freeze is kinda acceptable  how many teams it lasted was not lol\n|\n|t:|1700881767\n|move|p2a: Illumise|Wish|p2a: Illumise\n|move|p1a: Dragapult|Light Screen|p1a: Dragapult\n|-sidestart|p1: Cardo Pixelado|move: Light Screen\n|\n|-damage|p1a: Dragapult|29\/100 brn|[from] brn\n|upkeep\n|turn|15\n|\n|t:|1700881774\n|move|p1a: Dragapult|Dragon Darts|p2a: Illumise\n|-damage|p2a: Illumise|39\/100\n|-anim|p1a: Dragapult|Dragon Darts|p2a: Illumise\n|-damage|p2a: Illumise|27\/100\n|move|p2a: Illumise|Draining Kiss|p1a: Dragapult\n|-supereffective|p1a: Dragapult\n|-damage|p1a: Dragapult|18\/100 brn\n|-heal|p2a: Illumise|37\/100|[from] drain|[of] p1a: Dragapult\n|\n|-heal|p2a: Illumise|87\/100|[from] move: Wish|[wisher] Illumise\n|-damage|p1a: Dragapult|12\/100 brn|[from] brn\n|upkeep\n|turn|16\n|\n|t:|1700881788\n|switch|p1a: Dragonite|Dragonite, M|100\/100\n|move|p2a: Illumise|Wish|p2a: Illumise\n|\n|upkeep\n|turn|17\n|\n|t:|1700881796\n|move|p1a: Dragonite|Extreme Speed|p2a: Illumise\n|-damage|p2a: Illumise|44\/100\n|move|p2a: Illumise|Trick|p1a: Dragonite\n|-activate|p2a: Illumise|move: Trick|[of] p1a: Dragonite\n|-item|p1a: Dragonite|Light Clay|[from] move: Trick\n|-item|p2a: Illumise|Heavy-Duty Boots|[from] move: Trick\n|\n|-heal|p2a: Illumise|94\/100|[from] move: Wish|[wisher] Illumise\n|-sideend|p1: Cardo Pixelado|Reflect\n|upkeep\n|turn|18\n|\n|t:|1700881823\n|switch|p2a: Kleavor|Kleavor, F, shiny|100\/100\n|move|p1a: Dragonite|Extreme Speed|p2a: Kleavor\n|-resisted|p2a: Kleavor\n|-crit|p2a: Kleavor\n|-damage|p2a: Kleavor|72\/100\n|\n|-sideend|p1: Cardo Pixelado|move: Light Screen\n|upkeep\n|turn|19\n|\n|t:|1700881834\n|move|p2a: Kleavor|Stone Axe|p1a: Dragonite\n|-supereffective|p1a: Dragonite\n|-damage|p1a: Dragonite|40\/100\n|-sidestart|p1: Cardo Pixelado|move: Stealth Rock\n|move|p1a: Dragonite|Dragon Dance|p1a: Dragonite\n|-boost|p1a: Dragonite|atk|1\n|-boost|p1a: Dragonite|spe|1\n|\n|upkeep\n|turn|20\n|\n|t:|1700881844\n|move|p1a: Dragonite|Roost|p1a: Dragonite\n|-heal|p1a: Dragonite|90\/100\n|-singleturn|p1a: Dragonite|move: Roost\n|move|p2a: Kleavor|Stone Axe|p1a: Dragonite\n|-damage|p1a: Dragonite|30\/100\n|\n|-sideend|p2: Imanjoneser|move: Light Screen\n|upkeep\n|turn|21\n|\n|t:|1700881853\n|move|p1a: Dragonite|Earthquake|p2a: Kleavor\n|-damage|p2a: Kleavor|2\/100\n|move|p2a: Kleavor|Trailblaze|p1a: Dragonite\n|-resisted|p1a: Dragonite\n|-damage|p1a: Dragonite|25\/100\n|-boost|p2a: Kleavor|spe|1\n|\n|upkeep\n|turn|22\n|\n|t:|1700881864\n|move|p1a: Dragonite|Extreme Speed|p2a: Kleavor\n|-resisted|p2a: Kleavor\n|-damage|p2a: Kleavor|0 fnt\n|faint|p2a: Kleavor\n|\n|upkeep\n|\n|t:|1700881870\n|switch|p2a: Rabsca|Rabsca, F, shiny|100\/100\n|turn|23\n|\n|t:|1700881874\n|move|p1a: Dragonite|Roost|p1a: Dragonite\n|-heal|p1a: Dragonite|75\/100\n|-singleturn|p1a: Dragonite|move: Roost\n|move|p2a: Rabsca|Reflect|p2a: Rabsca\n|-sidestart|p2: Imanjoneser|Reflect\n|\n|upkeep\n|turn|24\n|\n|t:|1700881883\n|move|p1a: Dragonite|Earthquake|p2a: Rabsca\n|-resisted|p2a: Rabsca\n|-damage|p2a: Rabsca|84\/100\n|move|p2a: Rabsca|Speed Swap|p1a: Dragonite\n|-activate|p2a: Rabsca|move: Speed Swap|[of] p1a: Dragonite\n|\n|upkeep\n|turn|25\n|\n|t:|1700881893\n|switch|p1a: Cinderace|Cinderace, M, shiny|100\/100\n|move|p2a: Rabsca|Skill Swap|p1a: Cinderace\n|-activate|p2a: Rabsca|move: Skill Swap|Libero|Telepathy|[of] p1a: Cinderace\n|\n|upkeep\n|turn|26\n|\n|t:|1700881902\n|move|p1a: Cinderace|Pyro Ball|p2a: Rabsca\n|-supereffective|p2a: Rabsca\n|-damage|p2a: Rabsca|22\/100\n|move|p2a: Rabsca|Revival Blessing|p2a: Rabsca\n|-start|p2a: Rabsca|typechange|Normal|[from] ability: Libero\n|\n|t:|1700881911\n|-heal|p2: Volbeat|50\/100|[from] move: Revival Blessing\n|\n|upkeep\n|turn|27\n|\n|t:|1700881919\n|move|p1a: Cinderace|Pyro Ball|p2a: Rabsca\n|-damage|p2a: Rabsca|0 fnt\n|faint|p2a: Rabsca\n|\n|-sideend|p2: Imanjoneser|Reflect\n|upkeep\n|\n|t:|1700881929\n|switch|p2a: Yanmega|Yanmega, M, shiny, tera:Ghost|100\/100\n|turn|28\n|c|\u2606Cardo Pixelado|bunny powah!!!\n|\n|t:|1700881941\n|-terastallize|p1a: Cinderace|Fire\n|move|p2a: Yanmega|Protect|p2a: Yanmega\n|-singleturn|p2a: Yanmega|Protect\n|move|p1a: Cinderace|Pyro Ball|p2a: Yanmega\n|-activate|p2a: Yanmega|move: Protect\n|\n|-ability|p2a: Yanmega|Speed Boost|boost\n|-boost|p2a: Yanmega|spe|1\n|upkeep\n|turn|29\n|c|\u2606Imanjoneser|:0\n|\n|t:|1700881953\n|move|p2a: Yanmega|Air Slash|p1a: Cinderace\n|-damage|p1a: Cinderace|51\/100\n|move|p1a: Cinderace|Pyro Ball|p2a: Yanmega\n|-damage|p2a: Yanmega|0 fnt\n|faint|p2a: Yanmega\n|\n|upkeep\n|\n|t:|1700881959\n|switch|p2a: Volbeat|Volbeat, M, shiny|50\/100\n|turn|30\n|c|\u2606Imanjoneser|awww lol\n|\n|t:|1700881964\n|move|p2a: Volbeat|Thunder Wave|p1a: Cinderace\n|-status|p1a: Cinderace|par\n|move|p1a: Cinderace|Pyro Ball|p2a: Volbeat\n|-supereffective|p2a: Volbeat\n|-damage|p2a: Volbeat|0 fnt\n|faint|p2a: Volbeat\n|\n|upkeep\n|\n|t:|1700881975\n|switch|p2a: Heracross|Heracross, M, shiny|100\/100\n|turn|31\n|\n|t:|1700881984\n|move|p2a: Heracross|Earthquake|p1a: Cinderace\n|-supereffective|p1a: Cinderace\n|-damage|p1a: Cinderace|0 fnt\n|faint|p1a: Cinderace\n|\n|upkeep\n|c|\u2606Cardo Pixelado|aw... shoot\n|\n|t:|1700881996\n|switch|p1a: Toxapex|Toxapex, F, shiny|100\/100\n|-damage|p1a: Toxapex|88\/100|[from] Stealth Rock\n|turn|32\n|\n|t:|1700882003\n|move|p2a: Heracross|Bulk Up|p2a: Heracross\n|-boost|p2a: Heracross|atk|1\n|-boost|p2a: Heracross|def|1\n|move|p1a: Toxapex|Toxic Spikes|p2a: Heracross\n|-sidestart|p2: Imanjoneser|move: Toxic Spikes\n|\n|upkeep\n|turn|33\n|\n|t:|1700882012\n|move|p2a: Heracross|Trailblaze|p1a: Toxapex\n|-damage|p1a: Toxapex|72\/100\n|-boost|p2a: Heracross|spe|1\n|move|p1a: Toxapex|Surf|p2a: Heracross\n|-crit|p2a: Heracross\n|-damage|p2a: Heracross|68\/100\n|\n|upkeep\n|turn|34\n|c|\u2606Imanjoneser|Ser\n|\n|t:|1700882024\n|move|p2a: Heracross|Earthquake|p1a: Toxapex\n|-supereffective|p1a: Toxapex\n|-damage|p1a: Toxapex|7\/100\n|move|p1a: Toxapex|Recover|p1a: Toxapex\n|-heal|p1a: Toxapex|57\/100\n|\n|upkeep\n|turn|35\n|\n|t:|1700882034\n|move|p2a: Heracross|Earthquake|p1a: Toxapex\n|-supereffective|p1a: Toxapex\n|-damage|p1a: Toxapex|0 fnt\n|faint|p1a: Toxapex\n|\n|upkeep\n|\n|t:|1700882041\n|switch|p1a: Blissey|Blissey, F|100\/100\n|turn|36\n|\n|t:|1700882051\n|move|p2a: Heracross|Brick Break|p1a: Blissey\n|-supereffective|p1a: Blissey\n|-damage|p1a: Blissey|0 fnt\n|faint|p1a: Blissey\n|\n|upkeep\n|c|\u2606Cardo Pixelado|darn it\n|\n|t:|1700882060\n|switch|p1a: Dragonite|Dragonite, M|75\/100\n|-damage|p1a: Dragonite|50\/100|[from] Stealth Rock\n|turn|37\n|\n|t:|1700882070\n|move|p1a: Dragonite|Extreme Speed|p2a: Heracross\n|-damage|p2a: Heracross|36\/100\n|move|p2a: Heracross|Brick Break|p1a: Dragonite\n|-resisted|p1a: Dragonite\n|-damage|p1a: Dragonite|14\/100\n|\n|upkeep\n|turn|38\n|\n|t:|1700882077\n|move|p2a: Heracross|Brick Break|p1a: Dragonite\n|-resisted|p1a: Dragonite\n|-damage|p1a: Dragonite|0 fnt\n|faint|p1a: Dragonite\n|\n|upkeep\n|c|\u2606Cardo Pixelado|that stupidly powerful bug XD\n|\n|t:|1700882090\n|switch|p1a: Ninetales|Ninetales-Alola, F|74\/100 par\n|-damage|p1a: Ninetales|49\/100 par|[from] Stealth Rock\n|-weather|Snow|[from] ability: Snow Warning|[of] p1a: Ninetales\n|turn|39\n|c|\u2606Imanjoneser|I should play unite some day\n|c|\u2606Imanjoneser|LOL Respect the heracross XD\n|\n|t:|1700882106\n|move|p2a: Heracross|Brick Break|p1a: Ninetales\n|-damage|p1a: Ninetales|0 fnt\n|faint|p1a: Ninetales\n|\n|-weather|Snow|[upkeep]\n|upkeep\n|c|\u2606Imanjoneser|OMG\n|c|\u2606Imanjoneser|:0\n|c|\u2606Cardo Pixelado|Praise da bugs! XD\n|\n|t:|1700882124\n|switch|p1a: Dragapult|Dragapult, F|12\/100 brn\n|-damage|p1a: Dragapult|0 fnt|[from] Stealth Rock\n|faint|p1a: Dragapult\n|\n|win|Imanjoneser\n|c|\u2606Imanjoneser|LOL\n|c|\u2606Imanjoneser|No way!\n","uploadtime":1700882134,"views":4,"p1id":"cardopixelado","p2id":"imanjoneser","formatid":"gen9ou","rating":0,"private":0,"password":""}