{"id":"gen9ou-1993064361","p1":"jburgzzz","p2":"HyperDood","format":"[Gen 9] OU","log":"|j|\u2606jburgzzz\n|j|\u2606HyperDood\n|t:|1700260736\n|gametype|singles\n|player|p1|jburgzzz|101|1375\n|player|p2|HyperDood|zinnia|1312\n|teamsize|p1|6\n|teamsize|p2|6\n|gen|9\n|tier|[Gen 9] OU\n|rated|\n|rule|Sleep Clause Mod: Limit one foe put to sleep\n|rule|Species Clause: Limit one of each Pok\u00e9mon\n|rule|OHKO Clause: OHKO moves are banned\n|rule|Evasion Items Clause: Evasion items are banned\n|rule|Evasion Moves Clause: Evasion moves are banned\n|rule|Endless Battle Clause: Forcing endless battles is banned\n|rule|HP Percentage Mod: HP is shown in percentages\n|clearpoke\n|poke|p1|Vikavolt, M|\n|poke|p1|Enamorus, F|\n|poke|p1|Great Tusk|\n|poke|p1|Gholdengo|\n|poke|p1|Kommo-o, M|\n|poke|p1|Iron Moth|\n|poke|p2|Toxapex, F|\n|poke|p2|Dondozo, M|\n|poke|p2|Skeledirge, M|\n|poke|p2|Blissey, F|\n|poke|p2|Kingambit, F|\n|poke|p2|Slowking-Galar, F|\n|teampreview\n|inactive|Battle timer is ON: inactive players will automatically lose when time's up. (requested by HyperDood)\n|\n|t:|1700260766\n|start\n|switch|p1a: Vicodi\u00f1o|Vikavolt, M|100\/100\n|switch|p2a: Slowking|Slowking-Galar, F|100\/100\n|turn|1\n|\n|t:|1700260771\n|move|p1a: Vicodi\u00f1o|Volt Switch|p2a: Slowking\n|-crit|p2a: Slowking\n|-damage|p2a: Slowking|49\/100\n|\n|t:|1700260781\n|switch|p1a: Dentist G-Ram|Great Tusk|100\/100|[from] Volt Switch\n|-enditem|p1a: Dentist G-Ram|Booster Energy\n|-activate|p1a: Dentist G-Ram|ability: Protosynthesis|[fromitem]\n|-start|p1a: Dentist G-Ram|protosynthesisatk\n|move|p2a: Slowking|Future Sight|p1a: Dentist G-Ram\n|-start|p2a: Slowking|move: Future Sight\n|\n|upkeep\n|turn|2\n|\n|t:|1700260791\n|switch|p2a: Dondozo|Dondozo, M|100\/100\n|move|p1a: Dentist G-Ram|Stealth Rock|p2a: Dondozo\n|-sidestart|p2: HyperDood|move: Stealth Rock\n|\n|upkeep\n|turn|3\n|\n|t:|1700260797\n|-end|p1a: Dentist G-Ram|Protosynthesis|[silent]\n|switch|p1a: Vicodi\u00f1o|Vikavolt, M|100\/100\n|move|p2a: Dondozo|Curse|p2a: Dondozo\n|-unboost|p2a: Dondozo|spe|1\n|-boost|p2a: Dondozo|atk|1\n|-boost|p2a: Dondozo|def|1\n|\n|-end|p1a: Vicodi\u00f1o|move: Future Sight\n|-damage|p1a: Vicodi\u00f1o|45\/100\n|upkeep\n|turn|4\n|\n|t:|1700260803\n|move|p2a: Dondozo|Protect|p2a: Dondozo\n|-singleturn|p2a: Dondozo|Protect\n|move|p1a: Vicodi\u00f1o|Volt Switch|p2a: Dondozo\n|-activate|p2a: Dondozo|move: Protect\n|\n|upkeep\n|turn|5\n|\n|t:|1700260812\n|switch|p2a: Blissey|Blissey, F|100\/100\n|move|p1a: Vicodi\u00f1o|Volt Switch|p2a: Blissey\n|-damage|p2a: Blissey|88\/100\n|\n|t:|1700260819\n|switch|p1a: Tony Komo|Kommo-o, M|100\/100|[from] Volt Switch\n|\n|upkeep\n|turn|6\n|\n|t:|1700260835\n|switch|p1a: Dentist G-Ram|Great Tusk|100\/100\n|move|p2a: Blissey|Stealth Rock|p1a: Dentist G-Ram\n|-sidestart|p1: jburgzzz|move: Stealth Rock\n|\n|upkeep\n|turn|7\n|\n|t:|1700260844\n|switch|p2a: Dondozo|Dondozo, M|100\/100\n|-damage|p2a: Dondozo|88\/100|[from] Stealth Rock\n|move|p1a: Dentist G-Ram|Rapid Spin|p2a: Dondozo\n|-damage|p2a: Dondozo|77\/100\n|-boost|p1a: Dentist G-Ram|spe|1\n|-sideend|p1: jburgzzz|Stealth Rock|[from] move: Rapid Spin|[of] p1a: Dentist G-Ram\n|\n|-heal|p2a: Dondozo|84\/100|[from] item: Leftovers\n|upkeep\n|turn|8\n|\n|t:|1700260852\n|-end|p1a: Dentist G-Ram|Protosynthesis|[silent]\n|switch|p1a: Vicodi\u00f1o|Vikavolt, M|45\/100\n|move|p2a: Dondozo|Liquidation|p1a: Vicodi\u00f1o\n|-damage|p1a: Vicodi\u00f1o|16\/100\n|-unboost|p1a: Vicodi\u00f1o|def|1\n|\n|-heal|p2a: Dondozo|90\/100|[from] item: Leftovers\n|upkeep\n|turn|9\n|\n|t:|1700260858\n|move|p2a: Dondozo|Protect|p2a: Dondozo\n|-singleturn|p2a: Dondozo|Protect\n|move|p1a: Vicodi\u00f1o|Volt Switch|p2a: Dondozo\n|-activate|p2a: Dondozo|move: Protect\n|\n|-heal|p2a: Dondozo|96\/100|[from] item: Leftovers\n|upkeep\n|turn|10\n|\n|t:|1700260872\n|move|p1a: Vicodi\u00f1o|Volt Switch|p2a: Dondozo\n|-supereffective|p2a: Dondozo\n|-damage|p2a: Dondozo|45\/100\n|\n|t:|1700260890\n|switch|p1a: Pink Flyday|Enamorus, F, shiny|100\/100|[from] Volt Switch\n|move|p2a: Dondozo|Liquidation|p1a: Pink Flyday\n|-damage|p1a: Pink Flyday|60\/100\n|\n|-heal|p2a: Dondozo|51\/100|[from] item: Leftovers\n|upkeep\n|turn|11\n|\n|t:|1700260898\n|switch|p1a: Dentist G-Ram|Great Tusk|100\/100\n|move|p2a: Dondozo|Protect||[still]\n|-fail|p2a: Dondozo\n|\n|-heal|p2a: Dondozo|57\/100|[from] item: Leftovers\n|upkeep\n|turn|12\n|\n|t:|1700260904\n|-end|p1a: Dentist G-Ram|Protosynthesis|[silent]\n|switch|p1a: Vicodi\u00f1o|Vikavolt, M|16\/100\n|move|p2a: Dondozo|Protect||[still]\n|-fail|p2a: Dondozo\n|\n|-heal|p2a: Dondozo|63\/100|[from] item: Leftovers\n|upkeep\n|turn|13\n|\n|t:|1700260910\n|switch|p2a: Blissey|Blissey, F|88\/100\n|move|p1a: Vicodi\u00f1o|Volt Switch|p2a: Blissey\n|-damage|p2a: Blissey|75\/100\n|\n|t:|1700260916\n|switch|p1a: Tony Komo|Kommo-o, M|100\/100|[from] Volt Switch\n|\n|upkeep\n|turn|14\n|\n|t:|1700260922\n|switch|p2a: Toxapex|Toxapex, F|100\/100\n|-damage|p2a: Toxapex|88\/100|[from] Stealth Rock\n|move|p1a: Tony Komo|Drain Punch|p2a: Toxapex\n|-resisted|p2a: Toxapex\n|-damage|p2a: Toxapex|79\/100\n|\n|-heal|p2a: Toxapex|85\/100|[from] item: Leftovers\n|upkeep\n|turn|15\n|\n|t:|1700260932\n|switch|p1a: Djengo Unrained|Gholdengo|100\/100\n|-item|p1a: Djengo Unrained|Air Balloon\n|move|p2a: Toxapex|Surf|p1a: Djengo Unrained\n|-damage|p1a: Djengo Unrained|80\/100\n|-enditem|p1a: Djengo Unrained|Air Balloon\n|\n|-heal|p2a: Toxapex|92\/100|[from] item: Leftovers\n|upkeep\n|turn|16\n|\n|t:|1700260951\n|switch|p2a: Slowking|Slowking-Galar, F|83\/100\n|move|p1a: Djengo Unrained|Thunderbolt|p2a: Slowking\n|-damage|p2a: Slowking|59\/100\n|\n|upkeep\n|turn|17\n|\n|t:|1700260956\n|move|p1a: Djengo Unrained|Psyshock|p2a: Slowking\n|-damage|p2a: Slowking|40\/100\n|move|p2a: Slowking|Future Sight|p1a: Djengo Unrained\n|-start|p2a: Slowking|move: Future Sight\n|\n|upkeep\n|turn|18\n|\n|t:|1700260964\n|switch|p1a: Vicodi\u00f1o|Vikavolt, M|16\/100\n|move|p2a: Slowking|Chilly Reception|p2a: Slowking\n|-weather|Snow\n|\n|t:|1700260969\n|switch|p2a: Kingambit|Kingambit, F|100\/100|[from] Chilly Reception\n|-damage|p2a: Kingambit|94\/100|[from] Stealth Rock\n|\n|-weather|Snow|[upkeep]\n|upkeep\n|turn|19\n|\n|t:|1700260974\n|move|p2a: Kingambit|Kowtow Cleave|p1a: Vicodi\u00f1o\n|-damage|p1a: Vicodi\u00f1o|0 fnt\n|faint|p1a: Vicodi\u00f1o\n|-damage|p2a: Kingambit|84\/100|[from] item: Life Orb\n|\n|-weather|Snow|[upkeep]\n|-hint|Future Sight did not hit because the target is fainted.\n|upkeep\n|\n|t:|1700260981\n|switch|p1a: Tony Komo|Kommo-o, M|100\/100\n|turn|20\n|\n|t:|1700260988\n|switch|p1a: Dentist G-Ram|Great Tusk|100\/100\n|-end|p2a: Kingambit|fallenundefined|[silent]\n|switch|p2a: Toxapex|Toxapex, F|100\/100\n|-damage|p2a: Toxapex|88\/100|[from] Stealth Rock\n|\n|-weather|Snow|[upkeep]\n|-heal|p2a: Toxapex|94\/100|[from] item: Leftovers\n|upkeep\n|turn|21\n|\n|t:|1700260993\n|move|p1a: Dentist G-Ram|Headlong Rush|p2a: Toxapex\n|-supereffective|p2a: Toxapex\n|-damage|p2a: Toxapex|19\/100\n|-unboost|p1a: Dentist G-Ram|def|1\n|-unboost|p1a: Dentist G-Ram|spd|1\n|move|p2a: Toxapex|Surf|p1a: Dentist G-Ram\n|-supereffective|p1a: Dentist G-Ram\n|-damage|p1a: Dentist G-Ram|10\/100\n|\n|-weather|Snow|[upkeep]\n|-heal|p2a: Toxapex|25\/100|[from] item: Leftovers\n|upkeep\n|turn|22\n|\n|t:|1700261002\n|switch|p2a: Dondozo|Dondozo, M|63\/100\n|-damage|p2a: Dondozo|51\/100|[from] Stealth Rock\n|move|p1a: Dentist G-Ram|Headlong Rush|p2a: Dondozo\n|-damage|p2a: Dondozo|13\/100\n|-unboost|p1a: Dentist G-Ram|def|1\n|-unboost|p1a: Dentist G-Ram|spd|1\n|\n|-weather|none\n|-heal|p2a: Dondozo|19\/100|[from] item: Leftovers\n|upkeep\n|turn|23\n|\n|t:|1700261013\n|move|p2a: Dondozo|Protect|p2a: Dondozo\n|-singleturn|p2a: Dondozo|Protect\n|move|p1a: Dentist G-Ram|Headlong Rush|p2a: Dondozo\n|-activate|p2a: Dondozo|move: Protect\n|\n|-heal|p2a: Dondozo|25\/100|[from] item: Leftovers\n|upkeep\n|turn|24\n|\n|t:|1700261018\n|move|p1a: Dentist G-Ram|Headlong Rush|p2a: Dondozo\n|-damage|p2a: Dondozo|0 fnt\n|-unboost|p1a: Dentist G-Ram|def|1\n|-unboost|p1a: Dentist G-Ram|spd|1\n|faint|p2a: Dondozo\n|\n|upkeep\n|\n|t:|1700261032\n|switch|p2a: Kingambit|Kingambit, F|84\/100\n|-damage|p2a: Kingambit|78\/100|[from] Stealth Rock\n|-activate|p2a: Kingambit|ability: Supreme Overlord\n|-start|p2a: Kingambit|fallen1|[silent]\n|turn|25\n|\n|t:|1700261049\n|-end|p1a: Dentist G-Ram|Protosynthesis|[silent]\n|switch|p1a: Tony Komo|Kommo-o, M|100\/100\n|move|p2a: Kingambit|Sucker Punch||[still]\n|-fail|p2a: Kingambit\n|\n|upkeep\n|turn|26\n|\n|t:|1700261056\n|-end|p2a: Kingambit|fallen1|[silent]\n|switch|p2a: Slowking|Slowking-Galar, F|74\/100\n|move|p1a: Tony Komo|Drain Punch|p2a: Slowking\n|-resisted|p2a: Slowking\n|-damage|p2a: Slowking|69\/100\n|\n|upkeep\n|turn|27\n|inactive|jburgzzz has 120 seconds left.\n|\n|t:|1700261107\n|switch|p1a: Pink Flyday|Enamorus, F, shiny|60\/100\n|move|p2a: Slowking|Future Sight|p1a: Pink Flyday\n|-start|p2a: Slowking|move: Future Sight\n|\n|upkeep\n|turn|28\n|\n|t:|1700261124\n|move|p1a: Pink Flyday|Earth Power|p2a: Slowking\n|-supereffective|p2a: Slowking\n|-damage|p2a: Slowking|3\/100\n|-damage|p1a: Pink Flyday|50\/100|[from] item: Life Orb\n|move|p2a: Slowking|Sludge Bomb|p1a: Pink Flyday\n|-supereffective|p1a: Pink Flyday\n|-damage|p1a: Pink Flyday|0 fnt\n|faint|p1a: Pink Flyday\n|\n|upkeep\n|inactive|jburgzzz has 90 seconds left.\n|\n|t:|1700261164\n|switch|p1a: Dentist G-Ram|Great Tusk|10\/100\n|turn|29\n|\n|t:|1700261182\n|move|p1a: Dentist G-Ram|Headlong Rush|p2a: Slowking\n|-supereffective|p2a: Slowking\n|-damage|p2a: Slowking|0 fnt\n|-unboost|p1a: Dentist G-Ram|def|1\n|-unboost|p1a: Dentist G-Ram|spd|1\n|faint|p2a: Slowking\n|\n|-end|p1a: Dentist G-Ram|move: Future Sight\n|-supereffective|p1a: Dentist G-Ram\n|-damage|p1a: Dentist G-Ram|0 fnt\n|faint|p1a: Dentist G-Ram\n|-end|p1a: Dentist G-Ram|Protosynthesis|[silent]\n|upkeep\n|inactive|jburgzzz has 90 seconds left.\n|\n|t:|1700261200\n|switch|p1a: Djengo Unrained|Gholdengo|80\/100\n|switch|p2a: Toxapex|Toxapex, F|59\/100\n|-damage|p2a: Toxapex|46\/100|[from] Stealth Rock\n|turn|30\n|\n|t:|1700261208\n|switch|p2a: Blissey|Blissey, F|75\/100\n|move|p1a: Djengo Unrained|Psyshock|p2a: Blissey\n|-damage|p2a: Blissey|46\/100\n|\n|upkeep\n|turn|31\n|\n|t:|1700261217\n|switch|p1a: Tony Komo|Kommo-o, M|100\/100\n|move|p2a: Blissey|Stealth Rock|p1a: Tony Komo\n|-sidestart|p1: jburgzzz|move: Stealth Rock\n|\n|upkeep\n|turn|32\n|inactive|jburgzzz has 90 seconds left.\n|\n|t:|1700261248\n|switch|p1a: Djengo Unrained|Gholdengo|80\/100\n|-damage|p1a: Djengo Unrained|74\/100|[from] Stealth Rock\n|switch|p2a: Toxapex|Toxapex, F|79\/100\n|-damage|p2a: Toxapex|67\/100|[from] Stealth Rock\n|\n|-heal|p2a: Toxapex|73\/100|[from] item: Leftovers\n|upkeep\n|turn|33\n|\n|t:|1700261254\n|move|p1a: Djengo Unrained|Thunderbolt|p2a: Toxapex\n|-supereffective|p2a: Toxapex\n|-damage|p2a: Toxapex|19\/100\n|move|p2a: Toxapex|Surf|p1a: Djengo Unrained\n|-damage|p1a: Djengo Unrained|54\/100\n|\n|-heal|p2a: Toxapex|25\/100|[from] item: Leftovers\n|upkeep\n|turn|34\n|\n|t:|1700261259\n|move|p1a: Djengo Unrained|Thunderbolt|p2a: Toxapex\n|-supereffective|p2a: Toxapex\n|-damage|p2a: Toxapex|0 fnt\n|faint|p2a: Toxapex\n|\n|upkeep\n|\n|t:|1700261261\n|switch|p2a: Skeledirge|Skeledirge, M|100\/100\n|turn|35\n|inactive|jburgzzz has 90 seconds left.\n|\n|t:|1700261279\n|move|p1a: Djengo Unrained|Thunderbolt|p2a: Skeledirge\n|-damage|p2a: Skeledirge|77\/100\n|move|p2a: Skeledirge|Torch Song|p1a: Djengo Unrained\n|-supereffective|p1a: Djengo Unrained\n|-damage|p1a: Djengo Unrained|0 fnt\n|-boost|p2a: Skeledirge|spa|1\n|faint|p1a: Djengo Unrained\n|\n|upkeep\n|inactive|jburgzzz has 90 seconds left.\n|\n|t:|1700261284\n|switch|p1a: Boss Baby|Iron Moth|100\/100\n|-damage|p1a: Boss Baby|76\/100|[from] Stealth Rock\n|-enditem|p1a: Boss Baby|Booster Energy\n|-activate|p1a: Boss Baby|ability: Quark Drive|[fromitem]\n|-start|p1a: Boss Baby|quarkdrivespe\n|turn|36\n|\n|t:|1700261290\n|switch|p2a: Blissey|Blissey, F|46\/100\n|-terastallize|p1a: Boss Baby|Ground\n|move|p1a: Boss Baby|Tera Blast|p2a: Blissey|[anim] Tera Blast Ground\n|-damage|p2a: Blissey|33\/100\n|\n|upkeep\n|turn|37\n|\n|t:|1700261297\n|-end|p1a: Boss Baby|Quark Drive|[silent]\n|switch|p1a: Tony Komo|Kommo-o, M|100\/100\n|-damage|p1a: Tony Komo|94\/100|[from] Stealth Rock\n|move|p2a: Blissey|Soft-Boiled|p2a: Blissey\n|-heal|p2a: Blissey|83\/100\n|\n|-heal|p1a: Tony Komo|100\/100|[from] item: Leftovers\n|upkeep\n|turn|38\n|\n|t:|1700261309\n|switch|p2a: Skeledirge|Skeledirge, M|77\/100\n|move|p1a: Tony Komo|Drain Punch|p2a: Skeledirge\n|-immune|p2a: Skeledirge\n|\n|upkeep\n|turn|39\n|\n|t:|1700261319\n|switch|p1a: Boss Baby|Iron Moth, tera:Ground|76\/100\n|-damage|p1a: Boss Baby|70\/100|[from] Stealth Rock\n|move|p2a: Skeledirge|Will-O-Wisp|p1a: Boss Baby\n|-status|p1a: Boss Baby|brn\n|\n|-damage|p1a: Boss Baby|64\/100 brn|[from] brn\n|upkeep\n|turn|40\n|\n|t:|1700261331\n|-terastallize|p2a: Skeledirge|Fairy\n|move|p1a: Boss Baby|Fiery Dance|p2a: Skeledirge\n|-damage|p2a: Skeledirge|50\/100\n|-boost|p1a: Boss Baby|spa|1\n|move|p2a: Skeledirge|Hex|p1a: Boss Baby\n|-damage|p1a: Boss Baby|10\/100 brn\n|\n|-damage|p1a: Boss Baby|4\/100 brn|[from] brn\n|upkeep\n|turn|41\n|\n|t:|1700261341\n|switch|p2a: Blissey|Blissey, F|83\/100\n|move|p1a: Boss Baby|Sludge Wave|p2a: Blissey\n|-damage|p2a: Blissey|62\/100\n|\n|-damage|p1a: Boss Baby|0 fnt|[from] brn\n|faint|p1a: Boss Baby\n|-end|p1a: Boss Baby|Quark Drive|[silent]\n|upkeep\n|\n|t:|1700261345\n|switch|p1a: Tony Komo|Kommo-o, M|100\/100\n|-damage|p1a: Tony Komo|94\/100|[from] Stealth Rock\n|turn|42\n|\n|t:|1700261350\n|move|p1a: Tony Komo|Clangorous Soul|p1a: Tony Komo\n|-boost|p1a: Tony Komo|atk|1\n|-boost|p1a: Tony Komo|def|1\n|-boost|p1a: Tony Komo|spa|1\n|-boost|p1a: Tony Komo|spd|1\n|-boost|p1a: Tony Komo|spe|1\n|-damage|p1a: Tony Komo|61\/100\n|move|p2a: Blissey|Stealth Rock||[still]\n|-fail|p2a: Blissey\n|\n|-heal|p1a: Tony Komo|68\/100|[from] item: Leftovers\n|upkeep\n|turn|43\n|\n|t:|1700261359\n|move|p1a: Tony Komo|Drain Punch|p2a: Blissey\n|-supereffective|p2a: Blissey\n|-damage|p2a: Blissey|0 fnt\n|-heal|p1a: Tony Komo|100\/100|[from] drain|[of] p2a: Blissey\n|faint|p2a: Blissey\n|\n|upkeep\n|\n|t:|1700261364\n|switch|p2a: Skeledirge|Skeledirge, M, tera:Fairy|50\/100\n|turn|44\n|\n|t:|1700261367\n|move|p1a: Tony Komo|Flamethrower|p2a: Skeledirge\n|-damage|p2a: Skeledirge|32\/100\n|move|p2a: Skeledirge|Will-O-Wisp|p1a: Tony Komo\n|-status|p1a: Tony Komo|brn\n|\n|-damage|p1a: Tony Komo|94\/100 brn|[from] brn\n|upkeep\n|turn|45\n|\n|t:|1700261373\n|move|p1a: Tony Komo|Flamethrower|p2a: Skeledirge\n|-damage|p2a: Skeledirge|15\/100\n|move|p2a: Skeledirge|Slack Off|p2a: Skeledirge\n|-heal|p2a: Skeledirge|65\/100\n|\n|-heal|p1a: Tony Komo|100\/100 brn|[from] item: Leftovers\n|-damage|p1a: Tony Komo|94\/100 brn|[from] brn\n|upkeep\n|turn|46\n|\n|t:|1700261378\n|move|p1a: Tony Komo|Flamethrower|p2a: Skeledirge\n|-crit|p2a: Skeledirge\n|-damage|p2a: Skeledirge|36\/100\n|move|p2a: Skeledirge|Hex|p1a: Tony Komo\n|-damage|p1a: Tony Komo|32\/100 brn\n|\n|-heal|p1a: Tony Komo|38\/100 brn|[from] item: Leftovers\n|-damage|p1a: Tony Komo|32\/100 brn|[from] brn\n|upkeep\n|turn|47\n|\n|t:|1700261384\n|move|p1a: Tony Komo|Flamethrower|p2a: Skeledirge\n|-damage|p2a: Skeledirge|17\/100\n|move|p2a: Skeledirge|Slack Off|p2a: Skeledirge\n|-heal|p2a: Skeledirge|67\/100\n|\n|-heal|p1a: Tony Komo|38\/100 brn|[from] item: Leftovers\n|-damage|p1a: Tony Komo|32\/100 brn|[from] brn\n|upkeep\n|turn|48\n|\n|t:|1700261389\n|move|p1a: Tony Komo|Flamethrower|p2a: Skeledirge\n|-damage|p2a: Skeledirge|48\/100\n|move|p2a: Skeledirge|Hex|p1a: Tony Komo\n|-damage|p1a: Tony Komo|0 fnt\n|faint|p1a: Tony Komo\n|\n|win|HyperDood\n|raw|jburgzzz's rating: 1375 &rarr; <strong>1351<\/strong><br \/>(-24 for losing)\n|raw|HyperDood's rating: 1312 &rarr; <strong>1336<\/strong><br \/>(+24 for winning)\n|l|\u2606jburgzzz\n","uploadtime":1700261395,"views":22,"p1id":"jburgzzz","p2id":"hyperdood","formatid":"gen9ou","rating":1336,"private":0,"password":""}