{"id":"gen9ou-1993504910","p1":"Aquil0n_","p2":"It's classified","format":"[Gen 9] OU","log":"|j|\u2606Aquil0n_\n|j|\u2606It's classified\n|t:|1700325765\n|gametype|singles\n|player|p1|Aquil0n_|102|1449\n|player|p2|It's classified|pokemonranger-gen4|1553\n|teamsize|p1|6\n|teamsize|p2|6\n|gen|9\n|tier|[Gen 9] OU\n|rated|\n|rule|Sleep Clause Mod: Limit one foe put to sleep\n|rule|Species Clause: Limit one of each Pok\u00e9mon\n|rule|OHKO Clause: OHKO moves are banned\n|rule|Evasion Items Clause: Evasion items are banned\n|rule|Evasion Moves Clause: Evasion moves are banned\n|rule|Endless Battle Clause: Forcing endless battles is banned\n|rule|HP Percentage Mod: HP is shown in percentages\n|clearpoke\n|poke|p1|Ogerpon-Cornerstone, F|\n|poke|p1|Kingambit, F|\n|poke|p1|Iron Moth|\n|poke|p1|Rillaboom, M|\n|poke|p1|Ceruledge, M|\n|poke|p1|Iron Hands|\n|poke|p2|Ceruledge, M|\n|poke|p2|Ninetales-Alola, F|\n|poke|p2|Iron Valiant|\n|poke|p2|Great Tusk|\n|poke|p2|Manaphy|\n|poke|p2|Kingambit, M|\n|teampreview\n|inactive|Battle timer is ON: inactive players will automatically lose when time's up. (requested by It's classified)\n|\n|t:|1700325773\n|start\n|switch|p1a: Ogerpon|Ogerpon-Cornerstone, F|100\/100\n|switch|p2a: Ninetales|Ninetales-Alola, F|100\/100\n|-weather|Snow|[from] ability: Snow Warning|[of] p2a: Ninetales\n|turn|1\n|\n|t:|1700325779\n|move|p1a: Ogerpon|Ivy Cudgel|p2a: Ninetales|[anim] Ivy Cudgel Rock\n|-supereffective|p2a: Ninetales\n|-damage|p2a: Ninetales|7\/100\n|move|p2a: Ninetales|Aurora Veil|p2a: Ninetales\n|-sidestart|p2: It's classified|move: Aurora Veil\n|\n|-weather|Snow|[upkeep]\n|upkeep\n|turn|2\n|\n|t:|1700325804\n|switch|p2a: Kingambit|Kingambit, M|100\/100\n|move|p1a: Ogerpon|Ivy Cudgel|p2a: Kingambit|[anim] Ivy Cudgel Rock\n|-resisted|p2a: Kingambit\n|-damage|p2a: Kingambit|88\/100\n|\n|-weather|Snow|[upkeep]\n|upkeep\n|turn|3\n|\n|t:|1700325813\n|switch|p1a: Iron Hands|Iron Hands|100\/100\n|move|p2a: Kingambit|Swords Dance|p2a: Kingambit\n|-boost|p2a: Kingambit|atk|2\n|\n|-weather|Snow|[upkeep]\n|upkeep\n|turn|4\n|\n|t:|1700325826\n|-terastallize|p2a: Kingambit|Flying\n|move|p1a: Iron Hands|Drain Punch|p2a: Kingambit\n|-resisted|p2a: Kingambit\n|-damage|p2a: Kingambit|79\/100\n|move|p2a: Kingambit|Iron Head|p1a: Iron Hands\n|-resisted|p1a: Iron Hands\n|-damage|p1a: Iron Hands|69\/100\n|\n|-weather|Snow|[upkeep]\n|-heal|p1a: Iron Hands|75\/100|[from] item: Leftovers\n|upkeep\n|turn|5\n|\n|t:|1700325837\n|-end|p2a: Kingambit|fallenundefined|[silent]\n|switch|p2a: Great Tusk|Great Tusk|100\/100\n|-enditem|p2a: Great Tusk|Booster Energy\n|-activate|p2a: Great Tusk|ability: Protosynthesis|[fromitem]\n|-start|p2a: Great Tusk|protosynthesisspe\n|move|p1a: Iron Hands|Swords Dance|p1a: Iron Hands\n|-boost|p1a: Iron Hands|atk|2\n|\n|-weather|none\n|-heal|p1a: Iron Hands|81\/100|[from] item: Leftovers\n|upkeep\n|turn|6\n|\n|t:|1700325842\n|move|p2a: Great Tusk|Bulk Up|p2a: Great Tusk\n|-boost|p2a: Great Tusk|atk|1\n|-boost|p2a: Great Tusk|def|1\n|move|p1a: Iron Hands|Ice Punch|p2a: Great Tusk\n|-supereffective|p2a: Great Tusk\n|-damage|p2a: Great Tusk|76\/100\n|\n|-heal|p1a: Iron Hands|87\/100|[from] item: Leftovers\n|upkeep\n|turn|7\n|\n|t:|1700325849\n|-end|p1a: Iron Hands|Quark Drive|[silent]\n|switch|p1a: Rillaboom|Rillaboom, M|100\/100\n|-fieldstart|move: Grassy Terrain|[from] ability: Grassy Surge|[of] p1a: Rillaboom\n|move|p2a: Great Tusk|Bulk Up|p2a: Great Tusk\n|-boost|p2a: Great Tusk|atk|1\n|-boost|p2a: Great Tusk|def|1\n|\n|-heal|p2a: Great Tusk|83\/100|[from] Grassy Terrain\n|upkeep\n|turn|8\n|\n|t:|1700325852\n|move|p2a: Great Tusk|Ice Spinner|p1a: Rillaboom\n|-supereffective|p1a: Rillaboom\n|-damage|p1a: Rillaboom|3\/100\n|-fieldend|move: Grassy Terrain\n|move|p1a: Rillaboom|Swords Dance|p1a: Rillaboom\n|-boost|p1a: Rillaboom|atk|2\n|\n|-sideend|p2: It's classified|move: Aurora Veil\n|upkeep\n|turn|9\n|\n|t:|1700325862\n|move|p2a: Great Tusk|Rapid Spin|p1a: Rillaboom\n|-damage|p1a: Rillaboom|0 fnt\n|-boost|p2a: Great Tusk|spe|1\n|faint|p1a: Rillaboom\n|\n|upkeep\n|\n|t:|1700325870\n|switch|p1a: Ceruledge|Ceruledge, M|100\/100\n|turn|10\n|\n|t:|1700325881\n|move|p2a: Great Tusk|Headlong Rush|p1a: Ceruledge\n|-supereffective|p1a: Ceruledge\n|-enditem|p1a: Ceruledge|Focus Sash\n|-damage|p1a: Ceruledge|1\/100\n|-unboost|p2a: Great Tusk|def|1\n|-unboost|p2a: Great Tusk|spd|1\n|-ability|p1a: Ceruledge|Weak Armor|boost\n|-unboost|p1a: Ceruledge|def|1\n|-boost|p1a: Ceruledge|spe|2\n|move|p1a: Ceruledge|Bitter Blade|p2a: Great Tusk\n|-damage|p2a: Great Tusk|65\/100\n|-heal|p1a: Ceruledge|14\/100|[from] drain|[of] p2a: Great Tusk\n|\n|upkeep\n|turn|11\n|\n|t:|1700325900\n|move|p2a: Great Tusk|Ice Spinner|p1a: Ceruledge\n|-resisted|p1a: Ceruledge\n|-damage|p1a: Ceruledge|0 fnt\n|faint|p1a: Ceruledge\n|\n|upkeep\n|\n|t:|1700325902\n|switch|p1a: Ogerpon|Ogerpon-Cornerstone, F|100\/100\n|turn|12\n|\n|t:|1700325909\n|move|p2a: Great Tusk|Ice Spinner|p1a: Ogerpon\n|-supereffective|p1a: Ogerpon\n|-ability|p1a: Ogerpon|Sturdy\n|-damage|p1a: Ogerpon|1\/100\n|move|p1a: Ogerpon|Power Whip|p2a: Great Tusk|[miss]\n|-miss|p1a: Ogerpon|p2a: Great Tusk\n|\n|upkeep\n|turn|13\n|-message|Aquil0n_ forfeited.\n|\n|win|It's classified\n|raw|Aquil0n_'s rating: 1449 &rarr; <strong>1435<\/strong><br \/>(-14 for losing)\n|raw|It&apos;s classified's rating: 1553 &rarr; <strong>1567<\/strong><br \/>(+14 for winning)\n|l|\u2606Aquil0n_\n","uploadtime":1700325922,"views":19,"p1id":"aquil0n","p2id":"itsclassified","formatid":"gen9ou","rating":1435,"private":0,"password":""}