{"id":"gen9ou-1996953721","p1":"astroland","p2":"GWeather","format":"[Gen 9] OU","log":"|j|\u2606astroland\n|j|\u2606GWeather\n|t:|1700749087\n|gametype|singles\n|player|p1|astroland|brock|1047\n|player|p2|GWeather|169|1028\n|teamsize|p1|6\n|teamsize|p2|6\n|gen|9\n|tier|[Gen 9] OU\n|rated|\n|rule|Sleep Clause Mod: Limit one foe put to sleep\n|rule|Species Clause: Limit one of each Pok\u00e9mon\n|rule|OHKO Clause: OHKO moves are banned\n|rule|Evasion Items Clause: Evasion items are banned\n|rule|Evasion Moves Clause: Evasion moves are banned\n|rule|Endless Battle Clause: Forcing endless battles is banned\n|rule|HP Percentage Mod: HP is shown in percentages\n|clearpoke\n|poke|p1|Skeledirge, M|\n|poke|p1|Dragonite, M|\n|poke|p1|Zapdos|\n|poke|p1|Garchomp, M|\n|poke|p1|Hatterene, F|\n|poke|p1|Haxorus, M|\n|poke|p2|Ogerpon-Wellspring, F|\n|poke|p2|Cinderace, F|\n|poke|p2|Slowking-Galar, F|\n|poke|p2|Gholdengo|\n|poke|p2|Kingambit, M|\n|poke|p2|Enamorus, F|\n|teampreview\n|inactive|Battle timer is ON: inactive players will automatically lose when time's up. (requested by GWeather)\n|\n|t:|1700749110\n|start\n|switch|p1a: Garchomp|Garchomp, M|100\/100\n|switch|p2a: Slowking|Slowking-Galar, F|100\/100\n|turn|1\n|\n|t:|1700749116\n|move|p1a: Garchomp|Stealth Rock|p2a: Slowking\n|-sidestart|p2: GWeather|move: Stealth Rock\n|move|p2a: Slowking|Future Sight|p1a: Garchomp\n|-start|p2a: Slowking|move: Future Sight\n|\n|upkeep\n|turn|2\n|\n|t:|1700749134\n|switch|p2a: Enamorus|Enamorus, F|100\/100\n|move|p1a: Garchomp|Earthquake|p2a: Enamorus\n|-immune|p2a: Enamorus\n|\n|upkeep\n|turn|3\n|\n|t:|1700749145\n|switch|p1a: Skeledirge|Skeledirge, M|100\/100\n|move|p2a: Enamorus|Play Rough|p1a: Skeledirge\n|-resisted|p1a: Skeledirge\n|-damage|p1a: Skeledirge|84\/100\n|\n|-end|p1a: Skeledirge|move: Future Sight\n|-damage|p1a: Skeledirge|43\/100\n|upkeep\n|turn|4\n|\n|t:|1700749155\n|move|p2a: Enamorus|Play Rough|p1a: Skeledirge\n|-resisted|p1a: Skeledirge\n|-damage|p1a: Skeledirge|25\/100\n|-enditem|p1a: Skeledirge|Aguav Berry|[eat]\n|-heal|p1a: Skeledirge|58\/100|[from] item: Aguav Berry\n|move|p1a: Skeledirge|Slack Off|p1a: Skeledirge\n|-heal|p1a: Skeledirge|100\/100\n|\n|upkeep\n|turn|5\n|\n|t:|1700749171\n|move|p2a: Enamorus|Taunt|p1a: Skeledirge\n|-start|p1a: Skeledirge|move: Taunt\n|cant|p1a: Skeledirge|move: Taunt|Will-O-Wisp\n|\n|upkeep\n|turn|6\n|\n|t:|1700749180\n|switch|p2a: Cinderace|Cinderace, F|100\/100\n|switch|p1a: Zapdos|Zapdos|100\/100\n|\n|upkeep\n|turn|7\n|\n|t:|1700749191\n|move|p2a: Cinderace|Court Change|p2a: Cinderace\n|-swapsideconditions\n|-activate|p2a: Cinderace|move: Court Change\n|move|p1a: Zapdos|Discharge|p2a: Cinderace\n|-damage|p2a: Cinderace|41\/100\n|\n|upkeep\n|turn|8\n|\n|t:|1700749201\n|move|p2a: Cinderace|U-turn|p1a: Zapdos\n|-resisted|p1a: Zapdos\n|-damage|p1a: Zapdos|90\/100\n|-damage|p2a: Cinderace|25\/100|[from] item: Rocky Helmet|[of] p1a: Zapdos\n|\n|t:|1700749210\n|switch|p2a: Slowking|Slowking-Galar, F|100\/100|[from] U-turn\n|move|p1a: Zapdos|Discharge|p2a: Slowking\n|-damage|p2a: Slowking|74\/100\n|\n|-heal|p2a: Slowking|80\/100|[from] item: Leftovers\n|upkeep\n|turn|9\n|\n|t:|1700749224\n|switch|p1a: Garchomp|Garchomp, M|100\/100\n|-damage|p1a: Garchomp|94\/100|[from] Stealth Rock\n|move|p2a: Slowking|Sludge Bomb|p1a: Garchomp\n|-resisted|p1a: Garchomp\n|-damage|p1a: Garchomp|80\/100\n|\n|-heal|p2a: Slowking|87\/100|[from] item: Leftovers\n|upkeep\n|turn|10\n|\n|t:|1700749234\n|switch|p2a: Enamorus|Enamorus, F|100\/100\n|move|p1a: Garchomp|Stealth Rock|p2a: Enamorus\n|-sidestart|p2: GWeather|move: Stealth Rock\n|\n|upkeep\n|turn|11\n|\n|t:|1700749241\n|switch|p1a: Zapdos|Zapdos|90\/100\n|-damage|p1a: Zapdos|65\/100|[from] Stealth Rock\n|move|p2a: Enamorus|Taunt|p1a: Zapdos\n|-start|p1a: Zapdos|move: Taunt\n|\n|upkeep\n|turn|12\n|\n|t:|1700749249\n|move|p2a: Enamorus|Play Rough|p1a: Zapdos\n|-crit|p1a: Zapdos\n|-damage|p1a: Zapdos|12\/100\n|-unboost|p1a: Zapdos|atk|1\n|-damage|p2a: Enamorus|84\/100|[from] item: Rocky Helmet|[of] p1a: Zapdos\n|-status|p2a: Enamorus|par|[from] ability: Static|[of] p1a: Zapdos\n|move|p1a: Zapdos|Discharge|p2a: Enamorus\n|-supereffective|p2a: Enamorus\n|-damage|p2a: Enamorus|0 fnt\n|faint|p2a: Enamorus\n|\n|upkeep\n|\n|t:|1700749269\n|switch|p2a: Cinderace|Cinderace, F|25\/100\n|turn|13\n|\n|t:|1700749276\n|move|p2a: Cinderace|Pyro Ball|p1a: Zapdos\n|-damage|p1a: Zapdos|0 fnt\n|faint|p1a: Zapdos\n|\n|upkeep\n|\n|t:|1700749290\n|switch|p1a: Garchomp|Garchomp, M|80\/100\n|-damage|p1a: Garchomp|74\/100|[from] Stealth Rock\n|turn|14\n|\n|t:|1700749308\n|switch|p2a: Gholdengo|Gholdengo|100\/100\n|-damage|p2a: Gholdengo|94\/100|[from] Stealth Rock\n|-item|p2a: Gholdengo|Air Balloon\n|move|p1a: Garchomp|Earthquake|p2a: Gholdengo\n|-immune|p2a: Gholdengo\n|\n|upkeep\n|turn|15\n|\n|t:|1700749324\n|move|p1a: Garchomp|Liquidation|p2a: Gholdengo\n|-damage|p2a: Gholdengo|67\/100\n|-enditem|p2a: Gholdengo|Air Balloon\n|move|p2a: Gholdengo|Nasty Plot|p2a: Gholdengo\n|-boost|p2a: Gholdengo|spa|2\n|\n|upkeep\n|turn|16\n|\n|t:|1700749333\n|-terastallize|p2a: Gholdengo|Water\n|move|p1a: Garchomp|Earthquake|p2a: Gholdengo\n|-damage|p2a: Gholdengo|21\/100\n|move|p2a: Gholdengo|Make It Rain|p1a: Garchomp\n|-damage|p1a: Garchomp|0 fnt\n|-unboost|p2a: Gholdengo|spa|1\n|faint|p1a: Garchomp\n|\n|upkeep\n|\n|t:|1700749345\n|switch|p1a: Skeledirge|Skeledirge, M|100\/100\n|-damage|p1a: Skeledirge|76\/100|[from] Stealth Rock\n|turn|17\n|\n|t:|1700749353\n|-terastallize|p1a: Skeledirge|Flying\n|move|p2a: Gholdengo|Shadow Ball|p1a: Skeledirge\n|-damage|p1a: Skeledirge|36\/100\n|-unboost|p1a: Skeledirge|spd|1\n|move|p1a: Skeledirge|Torch Song|p2a: Gholdengo\n|-resisted|p2a: Gholdengo\n|-damage|p2a: Gholdengo|6\/100\n|-boost|p1a: Skeledirge|spa|1\n|\n|upkeep\n|turn|18\n|\n|t:|1700749368\n|move|p2a: Gholdengo|Recover|p2a: Gholdengo\n|-heal|p2a: Gholdengo|56\/100\n|move|p1a: Skeledirge|Slack Off|p1a: Skeledirge\n|-heal|p1a: Skeledirge|86\/100\n|\n|upkeep\n|turn|19\n|\n|t:|1700749380\n|switch|p2a: Slowking|Slowking-Galar, F|100\/100\n|-damage|p2a: Slowking|88\/100|[from] Stealth Rock\n|move|p1a: Skeledirge|Torch Song|p2a: Slowking\n|-damage|p2a: Slowking|58\/100\n|-boost|p1a: Skeledirge|spa|1\n|\n|-heal|p2a: Slowking|64\/100|[from] item: Leftovers\n|upkeep\n|turn|20\n|\n|t:|1700749400\n|switch|p1a: Dragonite|Dragonite, M|100\/100\n|-damage|p1a: Dragonite|76\/100|[from] Stealth Rock\n|move|p2a: Slowking|Sludge Bomb|p1a: Dragonite\n|-damage|p1a: Dragonite|46\/100\n|-status|p1a: Dragonite|psn\n|\n|-heal|p2a: Slowking|71\/100|[from] item: Leftovers\n|-damage|p1a: Dragonite|34\/100 psn|[from] psn\n|upkeep\n|turn|21\n|\n|t:|1700749416\n|move|p1a: Dragonite|Dragon Dance|p1a: Dragonite\n|-boost|p1a: Dragonite|atk|1\n|-boost|p1a: Dragonite|spe|1\n|move|p2a: Slowking|Future Sight|p1a: Dragonite\n|-start|p2a: Slowking|move: Future Sight\n|\n|-heal|p2a: Slowking|77\/100|[from] item: Leftovers\n|-damage|p1a: Dragonite|22\/100 psn|[from] psn\n|upkeep\n|turn|22\n|inactive|GWeather has 120 seconds left.\n|\n|t:|1700749448\n|move|p1a: Dragonite|Earthquake|p2a: Slowking\n|-supereffective|p2a: Slowking\n|-damage|p2a: Slowking|0 fnt\n|faint|p2a: Slowking\n|\n|-damage|p1a: Dragonite|10\/100 psn|[from] psn\n|upkeep\n|inactive|GWeather has 90 seconds left.\n|\n|t:|1700749481\n|switch|p2a: Ogerpon|Ogerpon-Wellspring, F|100\/100\n|-damage|p2a: Ogerpon|88\/100|[from] Stealth Rock\n|turn|23\n|\n|t:|1700749488\n|move|p1a: Dragonite|Extreme Speed|p2a: Ogerpon\n|-damage|p2a: Ogerpon|44\/100\n|move|p2a: Ogerpon|Swords Dance|p2a: Ogerpon\n|-boost|p2a: Ogerpon|atk|2\n|\n|-end|p1a: Dragonite|move: Future Sight\n|-damage|p1a: Dragonite|0 fnt\n|faint|p1a: Dragonite\n|upkeep\n|\n|t:|1700749505\n|switch|p1a: Hatterene|Hatterene, F|100\/100\n|-damage|p1a: Hatterene|88\/100|[from] Stealth Rock\n|turn|24\n|\n|t:|1700749518\n|move|p2a: Ogerpon|Ivy Cudgel|p1a: Hatterene|[anim] Ivy Cudgel Water\n|-damage|p1a: Hatterene|0 fnt\n|faint|p1a: Hatterene\n|\n|upkeep\n|-message|astroland forfeited.\n|\n|win|GWeather\n|raw|astroland's rating: 1047 &rarr; <strong>1029<\/strong><br \/>(-18 for losing)\n|raw|GWeather's rating: 1028 &rarr; <strong>1066<\/strong><br \/>(+38 for winning)\n|l|\u2606astroland\n","uploadtime":1700749536,"views":0,"p1id":"astroland","p2id":"gweather","formatid":"gen9ou","rating":1029,"private":0,"password":""}