{"id":"gen9ou-1988728412","p1":"Alice-chan89","p2":"RovaRed","format":"[Gen 9] OU","log":"|j|\u2606Alice-chan89\n|j|\u2606RovaRed\n|t:|1699755646\n|gametype|singles\n|player|p1|Alice-chan89|elesa|1310\n|player|p2|RovaRed|wicke|1430\n|teamsize|p1|6\n|teamsize|p2|6\n|gen|9\n|tier|[Gen 9] OU\n|rated|\n|rule|Sleep Clause Mod: Limit one foe put to sleep\n|rule|Species Clause: Limit one of each Pok\u00e9mon\n|rule|OHKO Clause: OHKO moves are banned\n|rule|Evasion Items Clause: Evasion items are banned\n|rule|Evasion Moves Clause: Evasion moves are banned\n|rule|Endless Battle Clause: Forcing endless battles is banned\n|rule|HP Percentage Mod: HP is shown in percentages\n|clearpoke\n|poke|p1|Great Tusk|\n|poke|p1|Iron Hands|\n|poke|p1|Enamorus, F|\n|poke|p1|Gholdengo|\n|poke|p1|Torkoal, M|\n|poke|p1|Walking Wake|\n|poke|p2|Shiftry, M|\n|poke|p2|Iron Moth|\n|poke|p2|Rillaboom, M|\n|poke|p2|Brambleghast, F|\n|poke|p2|Sneasler, M|\n|poke|p2|Great Tusk|\n|teampreview\n|\n|t:|1699755664\n|start\n|switch|p1a: Enamorus|Enamorus, F|100\/100\n|switch|p2a: The Fumble|Shiftry, M|100\/100\n|turn|1\n|\n|t:|1699755695\n|move|p1a: Enamorus|Superpower|p2a: The Fumble\n|-supereffective|p2a: The Fumble\n|-enditem|p2a: The Fumble|Focus Sash\n|-damage|p2a: The Fumble|1\/100\n|-boost|p1a: Enamorus|atk|1\n|-boost|p1a: Enamorus|def|1\n|move|p2a: The Fumble|Tailwind|p2a: The Fumble\n|-sidestart|p2: RovaRed|move: Tailwind\n|-ability|p2a: The Fumble|Wind Rider|boost\n|-boost|p2a: The Fumble|atk|1\n|\n|upkeep\n|turn|2\n|\n|t:|1699755723\n|switch|p1a: Goldmember|Gholdengo, shiny|100\/100\n|move|p2a: The Fumble|Explosion|p1a: Goldmember\n|-immune|p1a: Goldmember\n|faint|p2a: The Fumble\n|\n|upkeep\n|\n|t:|1699755729\n|switch|p2a: The Tumble|Brambleghast, F|100\/100\n|-ability|p2a: The Tumble|Wind Rider|boost\n|-boost|p2a: The Tumble|atk|1\n|turn|3\n|\n|t:|1699755748\n|switch|p1a: Raphael|Torkoal, M, shiny|100\/100\n|-weather|SunnyDay|[from] ability: Drought|[of] p1a: Raphael\n|move|p2a: The Tumble|Poltergeist|p1a: Raphael\n|-activate|p1a: Raphael|move: Poltergeist|Heat Rock\n|-damage|p1a: Raphael|43\/100\n|\n|-weather|SunnyDay|[upkeep]\n|upkeep\n|turn|4\n|\n|t:|1699755768\n|switch|p1a: Enamorus|Enamorus, F|100\/100\n|move|p2a: The Tumble|Poltergeist|p1a: Enamorus\n|-activate|p1a: Enamorus|move: Poltergeist|Assault Vest\n|-damage|p1a: Enamorus|0 fnt\n|faint|p1a: Enamorus\n|\n|-weather|SunnyDay|[upkeep]\n|-sideend|p2: RovaRed|move: Tailwind\n|upkeep\n|\n|t:|1699755780\n|switch|p1a: Blue|Walking Wake|100\/100\n|-activate|p1a: Blue|ability: Protosynthesis\n|-start|p1a: Blue|protosynthesisspe\n|turn|5\n|\n|t:|1699755788\n|move|p1a: Blue|Flamethrower|p2a: The Tumble\n|-supereffective|p2a: The Tumble\n|-damage|p2a: The Tumble|0 fnt\n|faint|p2a: The Tumble\n|\n|-weather|SunnyDay|[upkeep]\n|upkeep\n|\n|t:|1699755797\n|switch|p2a: Hookline|Rillaboom, M|100\/100\n|-fieldstart|move: Grassy Terrain|[from] ability: Grassy Surge|[of] p2a: Hookline\n|turn|6\n|\n|t:|1699755822\n|move|p2a: Hookline|Grassy Glide|p1a: Blue\n|-damage|p1a: Blue|54\/100\n|move|p1a: Blue|Flamethrower|p2a: Hookline\n|-supereffective|p2a: Hookline\n|-damage|p2a: Hookline|2\/100\n|\n|-weather|SunnyDay|[upkeep]\n|-heal|p1a: Blue|60\/100|[from] Grassy Terrain\n|-heal|p2a: Hookline|9\/100|[from] Grassy Terrain\n|upkeep\n|turn|7\n|\n|t:|1699755835\n|-end|p1a: Blue|Protosynthesis|[silent]\n|switch|p1a: Goldmember|Gholdengo, shiny|100\/100\n|move|p2a: Hookline|Grassy Glide|p1a: Goldmember\n|-resisted|p1a: Goldmember\n|-damage|p1a: Goldmember|77\/100\n|\n|-weather|SunnyDay|[upkeep]\n|-heal|p1a: Goldmember|83\/100|[from] Grassy Terrain\n|-heal|p2a: Hookline|15\/100|[from] Grassy Terrain\n|upkeep\n|turn|8\n|\n|t:|1699755846\n|move|p1a: Goldmember|Shadow Ball|p2a: Hookline\n|-damage|p2a: Hookline|0 fnt\n|faint|p2a: Hookline\n|\n|-weather|SunnyDay|[upkeep]\n|-heal|p1a: Goldmember|89\/100|[from] Grassy Terrain\n|upkeep\n|\n|t:|1699755863\n|switch|p2a: Tuskathy|Great Tusk|100\/100\n|-activate|p2a: Tuskathy|ability: Protosynthesis\n|-start|p2a: Tuskathy|protosynthesisspe\n|turn|9\n|\n|t:|1699755877\n|switch|p1a: Shep|Great Tusk, shiny|100\/100\n|-activate|p1a: Shep|ability: Protosynthesis\n|-start|p1a: Shep|protosynthesisatk\n|move|p2a: Tuskathy|Headlong Rush|p1a: Shep\n|-damage|p1a: Shep|61\/100\n|-unboost|p2a: Tuskathy|def|1\n|-unboost|p2a: Tuskathy|spd|1\n|\n|-weather|SunnyDay|[upkeep]\n|-heal|p1a: Shep|67\/100|[from] Grassy Terrain\n|upkeep\n|turn|10\n|\n|t:|1699755888\n|move|p2a: Tuskathy|Bulk Up|p2a: Tuskathy\n|-boost|p2a: Tuskathy|atk|1\n|-boost|p2a: Tuskathy|def|1\n|move|p1a: Shep|Ice Spinner|p2a: Tuskathy\n|-supereffective|p2a: Tuskathy\n|-damage|p2a: Tuskathy|51\/100\n|-fieldend|move: Grassy Terrain\n|\n|-weather|none\n|-end|p2a: Tuskathy|Protosynthesis\n|-end|p1a: Shep|Protosynthesis\n|upkeep\n|-enditem|p2a: Tuskathy|Booster Energy\n|-activate|p2a: Tuskathy|ability: Protosynthesis|[fromitem]\n|-start|p2a: Tuskathy|protosynthesisatk\n|turn|11\n|\n|t:|1699755918\n|move|p2a: Tuskathy|Bulk Up|p2a: Tuskathy\n|-boost|p2a: Tuskathy|atk|1\n|-boost|p2a: Tuskathy|def|1\n|move|p1a: Shep|Rapid Spin|p2a: Tuskathy\n|-damage|p2a: Tuskathy|44\/100\n|-boost|p1a: Shep|spe|1\n|\n|upkeep\n|turn|12\n|\n|t:|1699755932\n|move|p1a: Shep|Ice Spinner|p2a: Tuskathy\n|-supereffective|p2a: Tuskathy\n|-damage|p2a: Tuskathy|21\/100\n|move|p2a: Tuskathy|Headlong Rush|p1a: Shep\n|-damage|p1a: Shep|0 fnt\n|-unboost|p2a: Tuskathy|def|1\n|-unboost|p2a: Tuskathy|spd|1\n|faint|p1a: Shep\n|-end|p1a: Shep|Protosynthesis|[silent]\n|\n|upkeep\n|\n|t:|1699755943\n|switch|p1a: Blue|Walking Wake|60\/100\n|turn|13\n|\n|t:|1699755968\n|move|p1a: Blue|Hydro Steam|p2a: Tuskathy\n|-supereffective|p2a: Tuskathy\n|-damage|p2a: Tuskathy|0 fnt\n|faint|p2a: Tuskathy\n|-end|p2a: Tuskathy|Protosynthesis|[silent]\n|\n|upkeep\n|\n|t:|1699755971\n|switch|p2a: & Sinker|Sneasler, M|100\/100\n|turn|14\n|\n|t:|1699755976\n|-end|p1a: Blue|Protosynthesis|[silent]\n|switch|p1a: Goldmember|Gholdengo, shiny|89\/100\n|move|p2a: & Sinker|Close Combat|p1a: Goldmember\n|-immune|p1a: Goldmember\n|\n|upkeep\n|turn|15\n|\n|t:|1699755984\n|switch|p2a: Ron Moth|Iron Moth|100\/100\n|-enditem|p2a: Ron Moth|Booster Energy\n|-activate|p2a: Ron Moth|ability: Quark Drive|[fromitem]\n|-start|p2a: Ron Moth|quarkdrivespe\n|move|p1a: Goldmember|Trick|p2a: Ron Moth\n|-activate|p1a: Goldmember|move: Trick|[of] p2a: Ron Moth\n|-item|p2a: Ron Moth|Choice Scarf|[from] move: Trick\n|-enditem|p1a: Goldmember|Choice Scarf|[silent]|[from] move: Trick\n|\n|upkeep\n|turn|16\n|\n|t:|1699755995\n|switch|p1a: Raphael|Torkoal, M, shiny|43\/100\n|-weather|SunnyDay|[from] ability: Drought|[of] p1a: Raphael\n|move|p2a: Ron Moth|Fiery Dance|p1a: Raphael\n|-resisted|p1a: Raphael\n|-damage|p1a: Raphael|16\/100\n|\n|-weather|SunnyDay|[upkeep]\n|upkeep\n|turn|17\n|\n|t:|1699756008\n|switch|p1a: Blue|Walking Wake|60\/100\n|-activate|p1a: Blue|ability: Protosynthesis\n|-start|p1a: Blue|protosynthesisspe\n|move|p2a: Ron Moth|Fiery Dance|p1a: Blue\n|-resisted|p1a: Blue\n|-damage|p1a: Blue|42\/100\n|-boost|p2a: Ron Moth|spa|1\n|\n|-weather|SunnyDay|[upkeep]\n|upkeep\n|turn|18\n|\n|t:|1699756019\n|-terastallize|p2a: Ron Moth|Grass\n|move|p2a: Ron Moth|Fiery Dance|p1a: Blue\n|-resisted|p1a: Blue\n|-damage|p1a: Blue|18\/100\n|move|p1a: Blue|Hydro Steam|p2a: Ron Moth\n|-resisted|p2a: Ron Moth\n|-damage|p2a: Ron Moth|66\/100\n|\n|-weather|SunnyDay|[upkeep]\n|upkeep\n|turn|19\n|\n|t:|1699756030\n|-end|p1a: Blue|Protosynthesis|[silent]\n|switch|p1a: Raphael|Torkoal, M, shiny|16\/100\n|move|p2a: Ron Moth|Fiery Dance|p1a: Raphael\n|-resisted|p1a: Raphael\n|-damage|p1a: Raphael|0 fnt\n|-boost|p2a: Ron Moth|spa|1\n|faint|p1a: Raphael\n|\n|-weather|SunnyDay|[upkeep]\n|upkeep\n|\n|t:|1699756038\n|switch|p1a: Alpha|Iron Hands, shiny|100\/100\n|turn|20\n|\n|t:|1699756042\n|move|p1a: Alpha|Fake Out|p2a: Ron Moth\n|-damage|p2a: Ron Moth|41\/100\n|cant|p2a: Ron Moth|flinch\n|\n|-weather|SunnyDay|[upkeep]\n|upkeep\n|turn|21\n|\n|t:|1699756049\n|move|p2a: Ron Moth|Fiery Dance|p1a: Alpha\n|-damage|p1a: Alpha|24\/100\n|-boost|p2a: Ron Moth|spa|1\n|move|p1a: Alpha|Close Combat|p2a: Ron Moth\n|-damage|p2a: Ron Moth|0 fnt\n|-unboost|p1a: Alpha|def|1\n|-unboost|p1a: Alpha|spd|1\n|faint|p2a: Ron Moth\n|-end|p2a: Ron Moth|Quark Drive|[silent]\n|\n|-weather|SunnyDay|[upkeep]\n|upkeep\n|\n|t:|1699756057\n|switch|p2a: & Sinker|Sneasler, M|100\/100\n|turn|22\n|\n|t:|1699756066\n|-end|p1a: Alpha|Quark Drive|[silent]\n|switch|p1a: Goldmember|Gholdengo, shiny|89\/100\n|move|p2a: & Sinker|Swords Dance|p2a: & Sinker\n|-boost|p2a: & Sinker|atk|2\n|\n|-weather|SunnyDay|[upkeep]\n|upkeep\n|turn|23\n|\n|t:|1699756110\n|move|p2a: & Sinker|Swords Dance|p2a: & Sinker\n|-boost|p2a: & Sinker|atk|2\n|move|p1a: Goldmember|Charge Beam|p2a: & Sinker\n|-damage|p2a: & Sinker|77\/100\n|-boost|p1a: Goldmember|spa|1\n|\n|-weather|none\n|upkeep\n|turn|24\n|\n|t:|1699756126\n|move|p2a: & Sinker|Acrobatics|p1a: Goldmember\n|-resisted|p1a: Goldmember\n|-damage|p1a: Goldmember|53\/100\n|move|p1a: Goldmember|Make It Rain|p2a: & Sinker\n|-damage|p2a: & Sinker|0 fnt\n|-unboost|p1a: Goldmember|spa|1\n|faint|p2a: & Sinker\n|\n|win|Alice-chan89\n|raw|Alice-chan89's rating: 1310 &rarr; <strong>1337<\/strong><br \/>(+27 for winning)\n|raw|RovaRed's rating: 1430 &rarr; <strong>1403<\/strong><br \/>(-27 for losing)\n|l|\u2606RovaRed\n","uploadtime":1699756137,"views":14,"p1id":"alicechan89","p2id":"rovared","formatid":"gen9ou","rating":1337,"private":0,"password":""}