{"id":"gen9ou-1991773078","p1":"Prav33n","p2":"dawdwwdawd","format":"[Gen 9] OU","log":"|j|\u2606Prav33n\n|j|\u2606dawdwwdawd\n|t:|1700114670\n|gametype|singles\n|player|p1|Prav33n|swimmer-gen4|1375\n|player|p2|dawdwwdawd|geeta|1388\n|teamsize|p1|6\n|teamsize|p2|6\n|gen|9\n|tier|[Gen 9] OU\n|rated|\n|rule|Sleep Clause Mod: Limit one foe put to sleep\n|rule|Species Clause: Limit one of each Pok\u00e9mon\n|rule|OHKO Clause: OHKO moves are banned\n|rule|Evasion Items Clause: Evasion items are banned\n|rule|Evasion Moves Clause: Evasion moves are banned\n|rule|Endless Battle Clause: Forcing endless battles is banned\n|rule|HP Percentage Mod: HP is shown in percentages\n|clearpoke\n|poke|p1|Iron Moth|\n|poke|p1|Gholdengo|\n|poke|p1|Kommo-o, F|\n|poke|p1|Great Tusk|\n|poke|p1|Rillaboom, M|\n|poke|p1|Ogerpon-Cornerstone, F|\n|poke|p2|Rillaboom, F|\n|poke|p2|Kingambit, M|\n|poke|p2|Ceruledge, F|\n|poke|p2|Dragapult, M|\n|poke|p2|Samurott-Hisui, M|\n|poke|p2|Iron Valiant|\n|teampreview\n|inactive|Battle timer is ON: inactive players will automatically lose when time's up. (requested by dawdwwdawd)\n|\n|t:|1700114692\n|start\n|switch|p1a: Ogerpon|Ogerpon-Cornerstone, F|100\/100\n|switch|p2a: Samurott|Samurott-Hisui, M|100\/100\n|turn|1\n|\n|t:|1700114700\n|move|p2a: Samurott|Ceaseless Edge|p1a: Ogerpon\n|-damage|p1a: Ogerpon|40\/100\n|-sidestart|p1: Prav33n|Spikes\n|move|p1a: Ogerpon|Horn Leech|p2a: Samurott\n|-supereffective|p2a: Samurott\n|-damage|p2a: Samurott|0 fnt\n|-heal|p1a: Ogerpon|94\/100|[from] drain|[of] p2a: Samurott\n|faint|p2a: Samurott\n|\n|upkeep\n|\n|t:|1700114705\n|switch|p2a: Dragapult|Dragapult, M|100\/100\n|turn|2\n|\n|t:|1700114724\n|move|p2a: Dragapult|Draco Meteor|p1a: Ogerpon\n|-damage|p1a: Ogerpon|3\/100\n|-unboost|p2a: Dragapult|spa|2\n|move|p1a: Ogerpon|Spikes|p2a: Dragapult\n|-sidestart|p2: dawdwwdawd|Spikes\n|\n|upkeep\n|turn|3\n|\n|t:|1700114727\n|move|p2a: Dragapult|Draco Meteor|p1a: Ogerpon|[miss]\n|-miss|p2a: Dragapult|p1a: Ogerpon\n|move|p1a: Ogerpon|Spikes|p2a: Dragapult\n|-sidestart|p2: dawdwwdawd|Spikes\n|\n|upkeep\n|turn|4\n|\n|t:|1700114733\n|move|p2a: Dragapult|Draco Meteor|p1a: Ogerpon\n|-damage|p1a: Ogerpon|0 fnt\n|-unboost|p2a: Dragapult|spa|2\n|faint|p1a: Ogerpon\n|\n|upkeep\n|\n|t:|1700114744\n|switch|p1a: Kommo-o|Kommo-o, F|100\/100\n|-damage|p1a: Kommo-o|88\/100|[from] Spikes\n|turn|5\n|\n|t:|1700114752\n|switch|p2a: Iron Valiant|Iron Valiant|100\/100\n|-damage|p2a: Iron Valiant|84\/100|[from] Spikes\n|-enditem|p2a: Iron Valiant|Booster Energy\n|-activate|p2a: Iron Valiant|ability: Quark Drive|[fromitem]\n|-start|p2a: Iron Valiant|quarkdrivespe\n|-terastallize|p1a: Kommo-o|Fire\n|move|p1a: Kommo-o|Clangorous Soul|p1a: Kommo-o\n|-boost|p1a: Kommo-o|atk|1\n|-boost|p1a: Kommo-o|def|1\n|-boost|p1a: Kommo-o|spa|1\n|-boost|p1a: Kommo-o|spd|1\n|-boost|p1a: Kommo-o|spe|1\n|-damage|p1a: Kommo-o|55\/100\n|-enditem|p1a: Kommo-o|Throat Spray\n|-boost|p1a: Kommo-o|spa|1|[from] item: Throat Spray\n|\n|upkeep\n|turn|6\n|\n|t:|1700114756\n|move|p2a: Iron Valiant|Moonblast|p1a: Kommo-o\n|-resisted|p1a: Kommo-o\n|-damage|p1a: Kommo-o|35\/100\n|move|p1a: Kommo-o|Clangorous Soul|p1a: Kommo-o\n|-boost|p1a: Kommo-o|atk|1\n|-boost|p1a: Kommo-o|def|1\n|-boost|p1a: Kommo-o|spa|1\n|-boost|p1a: Kommo-o|spd|1\n|-boost|p1a: Kommo-o|spe|1\n|-damage|p1a: Kommo-o|2\/100\n|\n|upkeep\n|turn|7\n|\n|t:|1700114766\n|move|p1a: Kommo-o|Drain Punch|p2a: Iron Valiant\n|-resisted|p2a: Iron Valiant\n|-damage|p2a: Iron Valiant|47\/100\n|-heal|p1a: Kommo-o|21\/100|[from] drain|[of] p2a: Iron Valiant\n|move|p2a: Iron Valiant|Moonblast|p1a: Kommo-o\n|-resisted|p1a: Kommo-o\n|-damage|p1a: Kommo-o|6\/100\n|-unboost|p1a: Kommo-o|spa|1\n|\n|upkeep\n|turn|8\n|\n|t:|1700114781\n|move|p1a: Kommo-o|Drain Punch|p2a: Iron Valiant\n|-resisted|p2a: Iron Valiant\n|-damage|p2a: Iron Valiant|11\/100\n|-heal|p1a: Kommo-o|24\/100|[from] drain|[of] p2a: Iron Valiant\n|move|p2a: Iron Valiant|Aura Sphere|p1a: Kommo-o\n|-immune|p1a: Kommo-o|[from] ability: Bulletproof\n|\n|upkeep\n|turn|9\n|\n|t:|1700114788\n|-end|p2a: Iron Valiant|Quark Drive|[silent]\n|switch|p2a: Ceruledge|Ceruledge, F|100\/100\n|-damage|p2a: Ceruledge|84\/100|[from] Spikes\n|move|p1a: Kommo-o|Drain Punch|p2a: Ceruledge\n|-immune|p2a: Ceruledge\n|\n|upkeep\n|turn|10\n|\n|t:|1700114799\n|move|p2a: Ceruledge|Endure|p2a: Ceruledge\n|-singleturn|p2a: Ceruledge|move: Endure\n|move|p1a: Kommo-o|Clanging Scales|p2a: Ceruledge\n|-activate|p2a: Ceruledge|move: Endure\n|-damage|p2a: Ceruledge|1\/100\n|-unboost|p1a: Kommo-o|def|1\n|\n|upkeep\n|turn|11\n|\n|t:|1700114811\n|move|p2a: Ceruledge|Shadow Sneak|p1a: Kommo-o\n|-damage|p1a: Kommo-o|10\/100\n|move|p1a: Kommo-o|Flamethrower|p2a: Ceruledge\n|-resisted|p2a: Ceruledge\n|-damage|p2a: Ceruledge|0 fnt\n|faint|p2a: Ceruledge\n|\n|upkeep\n|\n|t:|1700114813\n|switch|p2a: Rillaboom|Rillaboom, F|100\/100\n|-damage|p2a: Rillaboom|84\/100|[from] Spikes\n|-fieldstart|move: Grassy Terrain|[from] ability: Grassy Surge|[of] p2a: Rillaboom\n|turn|12\n|\n|t:|1700114820\n|move|p2a: Rillaboom|Grassy Glide|p1a: Kommo-o\n|-resisted|p1a: Kommo-o\n|-damage|p1a: Kommo-o|0 fnt\n|faint|p1a: Kommo-o\n|\n|-heal|p2a: Rillaboom|90\/100|[from] Grassy Terrain\n|upkeep\n|\n|t:|1700114829\n|switch|p1a: Iron Moth|Iron Moth|100\/100\n|-damage|p1a: Iron Moth|88\/100|[from] Spikes\n|-enditem|p1a: Iron Moth|Booster Energy\n|-activate|p1a: Iron Moth|ability: Quark Drive|[fromitem]\n|-start|p1a: Iron Moth|quarkdrivespe\n|turn|13\n|\n|t:|1700114847\n|switch|p2a: Iron Valiant|Iron Valiant|11\/100\n|-damage|p2a: Iron Valiant|0 fnt|[from] Spikes\n|faint|p2a: Iron Valiant\n|-end|p2a: Iron Valiant|Quark Drive|[silent]\n|move|p1a: Iron Moth|Substitute|p1a: Iron Moth\n|-start|p1a: Iron Moth|Substitute\n|-damage|p1a: Iron Moth|63\/100\n|\n|-heal|p1a: Iron Moth|69\/100|[from] Grassy Terrain\n|upkeep\n|\n|t:|1700114861\n|switch|p2a: Rillaboom|Rillaboom, F|90\/100\n|-damage|p2a: Rillaboom|74\/100|[from] Spikes\n|turn|14\n|\n|t:|1700114864\n|move|p2a: Rillaboom|Grassy Glide|p1a: Iron Moth\n|-resisted|p1a: Iron Moth\n|-activate|p1a: Iron Moth|move: Substitute|[damage]\n|move|p1a: Iron Moth|Fiery Dance|p2a: Rillaboom\n|-supereffective|p2a: Rillaboom\n|-damage|p2a: Rillaboom|0 fnt\n|faint|p2a: Rillaboom\n|\n|-heal|p1a: Iron Moth|75\/100|[from] Grassy Terrain\n|upkeep\n|\n|t:|1700114868\n|switch|p2a: Kingambit|Kingambit, M|100\/100\n|-damage|p2a: Kingambit|84\/100|[from] Spikes\n|turn|15\n|\n|t:|1700114872\n|-terastallize|p2a: Kingambit|Dark\n|move|p1a: Iron Moth|Fiery Dance|p2a: Kingambit\n|-damage|p2a: Kingambit|42\/100\n|-boost|p1a: Iron Moth|spa|1\n|move|p2a: Kingambit|Kowtow Cleave|p1a: Iron Moth\n|-end|p1a: Iron Moth|Substitute\n|\n|-heal|p1a: Iron Moth|81\/100|[from] Grassy Terrain\n|-heal|p2a: Kingambit|48\/100|[from] Grassy Terrain\n|upkeep\n|turn|16\n|\n|t:|1700114877\n|move|p1a: Iron Moth|Fiery Dance|p2a: Kingambit\n|-damage|p2a: Kingambit|0 fnt\n|-boost|p1a: Iron Moth|spa|1\n|faint|p2a: Kingambit\n|\n|-heal|p1a: Iron Moth|87\/100|[from] Grassy Terrain\n|-fieldend|move: Grassy Terrain\n|upkeep\n|\n|t:|1700114879\n|switch|p2a: Dragapult|Dragapult, M|100\/100\n|-damage|p2a: Dragapult|84\/100|[from] Spikes\n|turn|17\n|\n|t:|1700114883\n|move|p1a: Iron Moth|Sludge Wave|p2a: Dragapult\n|-resisted|p2a: Dragapult\n|-damage|p2a: Dragapult|15\/100\n|move|p2a: Dragapult|Shadow Ball|p1a: Iron Moth\n|-damage|p1a: Iron Moth|29\/100\n|\n|upkeep\n|turn|18\n|-message|dawdwwdawd forfeited.\n|\n|win|Prav33n\n|raw|Prav33n's rating: 1375 &rarr; <strong>1396<\/strong><br \/>(+21 for winning)\n|raw|dawdwwdawd's rating: 1388 &rarr; <strong>1367<\/strong><br \/>(-21 for losing)\n|l|\u2606dawdwwdawd\n","uploadtime":1700114895,"views":8,"p1id":"prav33n","p2id":"dawdwwdawd","formatid":"gen9ou","rating":1367,"private":0,"password":""}