{"id":"gen9ou-1990164086","p1":"tagyournot","p2":"spicy_borrito","format":"[Gen 9] OU","log":"|j|\u2606tagyournot\n|j|\u2606spicy_borrito\n|t:|1699931660\n|gametype|singles\n|player|p1|tagyournot|maid|1131\n|player|p2|spicy_borrito|266|1124\n|teamsize|p1|6\n|teamsize|p2|6\n|gen|9\n|tier|[Gen 9] OU\n|rated|\n|rule|Sleep Clause Mod: Limit one foe put to sleep\n|rule|Species Clause: Limit one of each Pok\u00e9mon\n|rule|OHKO Clause: OHKO moves are banned\n|rule|Evasion Items Clause: Evasion items are banned\n|rule|Evasion Moves Clause: Evasion moves are banned\n|rule|Endless Battle Clause: Forcing endless battles is banned\n|rule|HP Percentage Mod: HP is shown in percentages\n|clearpoke\n|poke|p1|Cinderace, M|\n|poke|p1|Ogerpon-Wellspring, F|\n|poke|p1|Clodsire, M|\n|poke|p1|Iron Moth|\n|poke|p1|Enamorus, F|\n|poke|p1|Great Tusk|\n|poke|p2|Enamorus, F|\n|poke|p2|Chandelure, F|\n|poke|p2|Ogerpon-Wellspring, F|\n|poke|p2|Scizor, F|\n|poke|p2|Zapdos|\n|poke|p2|Greninja-*, M|\n|teampreview\n|inactive|Battle timer is ON: inactive players will automatically lose when time's up. (requested by spicy_borrito)\n|inactive|tagyournot has 120 seconds left.\n|\n|t:|1699931701\n|start\n|switch|p1a: Waterrr|Ogerpon-Wellspring, F|100\/100\n|switch|p2a: Greninja|Greninja, M|100\/100\n|turn|1\n|\n|t:|1699931708\n|move|p2a: Greninja|Gunk Shot|p1a: Waterrr\n|-supereffective|p1a: Waterrr\n|-damage|p1a: Waterrr|27\/100\n|-status|p1a: Waterrr|psn\n|move|p1a: Waterrr|Power Whip|p2a: Greninja|[miss]\n|-miss|p1a: Waterrr|p2a: Greninja\n|\n|-damage|p1a: Waterrr|14\/100 psn|[from] psn\n|upkeep\n|turn|2\n|\n|t:|1699931723\n|switch|p1a: muddy boy|Clodsire, M|100\/100\n|move|p2a: Greninja|Dark Pulse|p1a: muddy boy\n|-crit|p1a: muddy boy\n|-damage|p1a: muddy boy|60\/100\n|\n|-heal|p1a: muddy boy|66\/100|[from] item: Leftovers\n|upkeep\n|turn|3\n|\n|t:|1699931731\n|move|p2a: Greninja|Water Shuriken|p1a: muddy boy\n|-heal|p1a: muddy boy|91\/100|[from] ability: Water Absorb|[of] p2a: Greninja\n|move|p1a: muddy boy|Stealth Rock|p2a: Greninja\n|-sidestart|p2: spicy_borrito|move: Stealth Rock\n|\n|-heal|p1a: muddy boy|97\/100|[from] item: Leftovers\n|upkeep\n|turn|4\n|\n|t:|1699931743\n|move|p2a: Greninja|Ice Beam|p1a: muddy boy\n|-supereffective|p1a: muddy boy\n|-damage|p1a: muddy boy|54\/100\n|move|p1a: muddy boy|Gunk Shot|p2a: Greninja\n|-damage|p2a: Greninja|30\/100\n|\n|-heal|p1a: muddy boy|60\/100|[from] item: Leftovers\n|upkeep\n|turn|5\n|inactive|tagyournot has 120 seconds left.\n|\n|t:|1699931780\n|move|p2a: Greninja|Ice Beam|p1a: muddy boy\n|-supereffective|p1a: muddy boy\n|-damage|p1a: muddy boy|21\/100\n|move|p1a: muddy boy|Recover|p1a: muddy boy\n|-heal|p1a: muddy boy|71\/100\n|\n|-heal|p1a: muddy boy|78\/100|[from] item: Leftovers\n|upkeep\n|turn|6\n|inactive|tagyournot has 120 seconds left.\n|\n|t:|1699931788\n|move|p2a: Greninja|Ice Beam|p1a: muddy boy\n|-supereffective|p1a: muddy boy\n|-damage|p1a: muddy boy|39\/100\n|-status|p1a: muddy boy|frz\n|-curestatus|p1a: muddy boy|frz|[msg]\n|move|p1a: muddy boy|Recover|p1a: muddy boy\n|-heal|p1a: muddy boy|89\/100\n|\n|-heal|p1a: muddy boy|95\/100|[from] item: Leftovers\n|upkeep\n|turn|7\n|\n|t:|1699931797\n|move|p2a: Greninja|Ice Beam|p1a: muddy boy\n|-supereffective|p1a: muddy boy\n|-damage|p1a: muddy boy|57\/100\n|move|p1a: muddy boy|Gunk Shot|p2a: Greninja\n|-damage|p2a: Greninja|0 fnt\n|faint|p2a: Greninja\n|\n|-heal|p1a: muddy boy|63\/100|[from] item: Leftovers\n|upkeep\n|\n|t:|1699931801\n|switch|p2a: Ogerpon|Ogerpon-Wellspring, F|100\/100\n|-damage|p2a: Ogerpon|88\/100|[from] Stealth Rock\n|turn|8\n|\n|t:|1699931810\n|move|p2a: Ogerpon|Swords Dance|p2a: Ogerpon\n|-boost|p2a: Ogerpon|atk|2\n|move|p1a: muddy boy|Gunk Shot|p2a: Ogerpon\n|-supereffective|p2a: Ogerpon\n|-damage|p2a: Ogerpon|0 fnt\n|faint|p2a: Ogerpon\n|\n|-heal|p1a: muddy boy|69\/100|[from] item: Leftovers\n|upkeep\n|\n|t:|1699931825\n|switch|p2a: Chandelure|Chandelure, F|100\/100\n|-damage|p2a: Chandelure|76\/100|[from] Stealth Rock\n|turn|9\n|\n|t:|1699931831\n|move|p2a: Chandelure|Energy Ball|p1a: muddy boy\n|-damage|p1a: muddy boy|43\/100\n|move|p1a: muddy boy|Recover|p1a: muddy boy\n|-heal|p1a: muddy boy|93\/100\n|\n|-heal|p1a: muddy boy|99\/100|[from] item: Leftovers\n|upkeep\n|turn|10\n|-message|spicy_borrito forfeited.\n|\n|win|tagyournot\n|raw|tagyournot's rating: 1131 &rarr; <strong>1155<\/strong><br \/>(+24 for winning)\n|raw|spicy_borrito's rating: 1124 &rarr; <strong>1100<\/strong><br \/>(-24 for losing)\n|l|\u2606spicy_borrito\n","uploadtime":1699931841,"views":18,"p1id":"tagyournot","p2id":"spicyborrito","formatid":"gen9ou","rating":1100,"private":0,"password":""}