{"id":"gen9ou-2000032272","p1":"MountCoroscept","p2":"gock glocker","format":"[Gen 9] OU","log":"|j|\u2606MountCoroscept\n|j|\u2606gock glocker\n|t:|1701143622\n|gametype|singles\n|player|p1|MountCoroscept|rocketgrunt|1787\n|player|p2|gock glocker|acerola-masters|1711\n|teamsize|p1|6\n|teamsize|p2|6\n|gen|9\n|tier|[Gen 9] OU\n|rated|\n|rule|Sleep Clause Mod: Limit one foe put to sleep\n|rule|Species Clause: Limit one of each Pok\u00e9mon\n|rule|OHKO Clause: OHKO moves are banned\n|rule|Evasion Items Clause: Evasion items are banned\n|rule|Evasion Moves Clause: Evasion moves are banned\n|rule|Endless Battle Clause: Forcing endless battles is banned\n|rule|HP Percentage Mod: HP is shown in percentages\n|clearpoke\n|poke|p1|Jirachi|\n|poke|p1|Corviknight, F|\n|poke|p1|Greninja-*, M|\n|poke|p1|Iron Valiant|\n|poke|p1|Heatran, M|\n|poke|p1|Garchomp, M|\n|poke|p2|Manaphy|\n|poke|p2|Kingambit, F|\n|poke|p2|Ribombee, M|\n|poke|p2|Gholdengo|\n|poke|p2|Iron Moth|\n|poke|p2|Ogerpon-Wellspring, F|\n|teampreview\n|inactive|Battle timer is ON: inactive players will automatically lose when time's up. (requested by gock glocker)\n|j| MysticStylezz\n|inactive|gock glocker has 120 seconds left.\n|\n|t:|1701143661\n|start\n|switch|p1a: Heatran|Heatran, M|100\/100\n|switch|p2a: wildfiree|Ribombee, M, shiny|100\/100\n|turn|1\n|inactive|MountCoroscept has 120 seconds left.\n|\n|t:|1701143701\n|move|p2a: wildfiree|Sticky Web|p1a: Heatran\n|-sidestart|p1: MountCoroscept|move: Sticky Web\n|move|p1a: Heatran|Magma Storm|p2a: wildfiree|[miss]\n|-miss|p1a: Heatran|p2a: wildfiree\n|\n|upkeep\n|turn|2\n|\n|t:|1701143704\n|move|p2a: wildfiree|Stun Spore|p1a: Heatran\n|-status|p1a: Heatran|par\n|move|p1a: Heatran|Magma Storm|p2a: wildfiree\n|-supereffective|p2a: wildfiree\n|-enditem|p2a: wildfiree|Focus Sash\n|-damage|p2a: wildfiree|1\/100\n|-activate|p2a: wildfiree|move: Magma Storm|[of] p1a: Heatran\n|\n|-damage|p2a: wildfiree|0 fnt|[from] move: Magma Storm|[partiallytrapped]\n|faint|p2a: wildfiree\n|upkeep\n|\n|t:|1701143708\n|switch|p2a: faya|Ogerpon-Wellspring, F|100\/100\n|turn|3\n|\n|t:|1701143715\n|-terastallize|p2a: faya|Water\n|detailschange|p2a: faya|Ogerpon-Wellspring-Tera, F, tera:Water\n|-ability|p2a: faya|Embody Aspect (Wellspring)|boost\n|-boost|p2a: faya|spd|1\n|move|p2a: faya|Swords Dance|p2a: faya\n|-boost|p2a: faya|atk|2\n|move|p1a: Heatran|Magma Storm|p2a: faya|[miss]\n|-miss|p1a: Heatran|p2a: faya\n|\n|upkeep\n|turn|4\n|\n|t:|1701143720\n|move|p2a: faya|Ivy Cudgel|p1a: Heatran|[anim] Ivy Cudgel Water\n|-supereffective|p1a: Heatran\n|-damage|p1a: Heatran|0 fnt\n|faint|p1a: Heatran\n|\n|upkeep\n|c|\u2606gock glocker|im going to lie\n|j| Ctannn\n|\n|t:|1701143731\n|switch|p1a: Garchomp|Garchomp, M|100\/100\n|-activate|p1a: Garchomp|move: Sticky Web\n|-unboost|p1a: Garchomp|spe|1\n|turn|5\n|c|\u2606gock glocker|this couldnt have gone worse for you\n|\n|t:|1701143740\n|-terastallize|p1a: Garchomp|Dragon\n|move|p2a: faya|Ivy Cudgel|p1a: Garchomp|[anim] Ivy Cudgel Water\n|-resisted|p1a: Garchomp\n|-damage|p1a: Garchomp|15\/100\n|move|p1a: Garchomp|Scale Shot|p2a: faya\n|-crit|p2a: faya\n|-damage|p2a: faya|63\/100\n|-damage|p2a: faya|37\/100\n|-damage|p2a: faya|14\/100\n|-damage|p2a: faya|0 fnt\n|faint|p2a: faya\n|-hitcount|p2: faya|4\n|-unboost|p1a: Garchomp|def|1\n|-boost|p1a: Garchomp|spe|1\n|\n|upkeep\n|c|\u2606MountCoroscept|i cant keep doing this\n|c|\u2606MountCoroscept|every battle\n|c|\u2606MountCoroscept|is webs\n|c|\u2606MountCoroscept|every single one\n|c| MysticStylezz|nice\n|c|\u2606MountCoroscept|im trapped in a genjutsu or a stand or some shit\n|\n|t:|1701143756\n|switch|p2a: scarlet|Iron Moth|100\/100\n|-enditem|p2a: scarlet|Booster Energy\n|-activate|p2a: scarlet|ability: Quark Drive|[fromitem]\n|-start|p2a: scarlet|quarkdrivespe\n|turn|6\n|\n|t:|1701143767\n|move|p2a: scarlet|Fiery Dance|p1a: Garchomp\n|-resisted|p1a: Garchomp\n|-damage|p1a: Garchomp|0 fnt\n|-boost|p2a: scarlet|spa|1\n|faint|p1a: Garchomp\n|\n|upkeep\n|\n|t:|1701143772\n|switch|p1a: Greninja|Greninja, M|100\/100\n|-activate|p1a: Greninja|move: Sticky Web\n|-unboost|p1a: Greninja|spe|1\n|turn|7\n|\n|t:|1701143778\n|move|p1a: Greninja|Water Shuriken|p2a: scarlet\n|-supereffective|p2a: scarlet\n|-damage|p2a: scarlet|82\/100\n|-supereffective|p2a: scarlet\n|-damage|p2a: scarlet|63\/100\n|-supereffective|p2a: scarlet\n|-damage|p2a: scarlet|44\/100\n|-hitcount|p2a: scarlet|3\n|-damage|p1a: Greninja|91\/100|[from] item: Life Orb\n|move|p2a: scarlet|Energy Ball|p1a: Greninja\n|-supereffective|p1a: Greninja\n|-damage|p1a: Greninja|0 fnt\n|faint|p1a: Greninja\n|\n|upkeep\n|c| MysticStylezz|both\n|l| MysticStylezz\n|-message|MountCoroscept forfeited.\n|\n|win|gock glocker\n|raw|MountCoroscept's rating: 1787 &rarr; <strong>1763<\/strong><br \/>(-24 for losing)\n|raw|gock glocker's rating: 1711 &rarr; <strong>1735<\/strong><br \/>(+24 for winning)\n|l|\u2606MountCoroscept\n","uploadtime":1701143795,"views":4,"p1id":"mountcoroscept","p2id":"gockglocker","formatid":"gen9ou","rating":1735,"private":0,"password":""}