{"id":"gen9ou-1996264443","p1":"fqfsqfqdqf","p2":"flash_train","format":"[Gen 9] OU","log":"|j|\u2606fqfsqfqdqf\n|j|\u2606flash_train\n|t:|1700665427\n|gametype|singles\n|player|p1|fqfsqfqdqf|1|1248\n|player|p2|flash_train|hugh|1254\n|teamsize|p1|6\n|teamsize|p2|6\n|gen|9\n|tier|[Gen 9] OU\n|rated|\n|rule|Sleep Clause Mod: Limit one foe put to sleep\n|rule|Species Clause: Limit one of each Pok\u00e9mon\n|rule|OHKO Clause: OHKO moves are banned\n|rule|Evasion Items Clause: Evasion items are banned\n|rule|Evasion Moves Clause: Evasion moves are banned\n|rule|Endless Battle Clause: Forcing endless battles is banned\n|rule|HP Percentage Mod: HP is shown in percentages\n|clearpoke\n|poke|p1|Sandy Shocks|\n|poke|p1|Slowking-Galar, F|\n|poke|p1|Dragonite, F|\n|poke|p1|Corviknight, M|\n|poke|p1|Cinderace, M|\n|poke|p1|Iron Valiant|\n|poke|p2|Dragapult, M|\n|poke|p2|Skeledirge, F|\n|poke|p2|Mandibuzz, F|\n|poke|p2|Weezing-Galar, M|\n|poke|p2|Milotic, F|\n|poke|p2|Ting-Lu|\n|teampreview\n|inactive|Battle timer is ON: inactive players will automatically lose when time's up. (requested by fqfsqfqdqf)\n|\n|t:|1700665442\n|start\n|switch|p1a: Jeaneau|Cinderace, M, shiny|100\/100\n|switch|p2a: Ting-Lu|Ting-Lu|100\/100\n|-ability|p2a: Ting-Lu|Vessel of Ruin\n|turn|1\n|\n|t:|1700665448\n|move|p1a: Jeaneau|U-turn|p2a: Ting-Lu\n|-start|p1a: Jeaneau|typechange|Bug|[from] ability: Libero\n|-supereffective|p2a: Ting-Lu\n|-damage|p2a: Ting-Lu|64\/100\n|\n|t:|1700665454\n|switch|p1a: Dragonite|Dragonite, F|100\/100|[from] U-turn\n|move|p2a: Ting-Lu|Earthquake|p1a: Dragonite\n|-immune|p1a: Dragonite\n|\n|-heal|p2a: Ting-Lu|71\/100|[from] item: Leftovers\n|upkeep\n|turn|2\n|\n|t:|1700665458\n|move|p1a: Dragonite|Dragon Dance|p1a: Dragonite\n|-boost|p1a: Dragonite|atk|1\n|-boost|p1a: Dragonite|spe|1\n|move|p2a: Ting-Lu|Ruination|p1a: Dragonite\n|-damage|p1a: Dragonite|51\/100\n|\n|-heal|p2a: Ting-Lu|77\/100|[from] item: Leftovers\n|upkeep\n|turn|3\n|\n|t:|1700665462\n|switch|p2a: Skeledirge|Skeledirge, F|100\/100\n|move|p1a: Dragonite|Dragon Dance|p1a: Dragonite\n|-boost|p1a: Dragonite|atk|1\n|-boost|p1a: Dragonite|spe|1\n|\n|upkeep\n|turn|4\n|\n|t:|1700665467\n|switch|p1a: Kouign Amann|Sandy Shocks|100\/100\n|move|p2a: Skeledirge|Will-O-Wisp|p1a: Kouign Amann|[miss]\n|-miss|p2a: Skeledirge|p1a: Kouign Amann\n|\n|upkeep\n|turn|5\n|\n|t:|1700665478\n|switch|p2a: Ting-Lu|Ting-Lu|77\/100\n|-ability|p2a: Ting-Lu|Vessel of Ruin\n|move|p1a: Kouign Amann|Earth Power|p2a: Ting-Lu\n|-damage|p2a: Ting-Lu|47\/100\n|\n|-heal|p2a: Ting-Lu|54\/100|[from] item: Leftovers\n|upkeep\n|turn|6\n|\n|t:|1700665486\n|-end|p1a: Kouign Amann|Protosynthesis|[silent]\n|switch|p1a: Corviknight|Corviknight, M|100\/100\n|-ability|p1a: Corviknight|Pressure\n|move|p2a: Ting-Lu|Spikes|p1a: Corviknight\n|-sidestart|p1: fqfsqfqdqf|Spikes\n|\n|-heal|p2a: Ting-Lu|60\/100|[from] item: Leftovers\n|upkeep\n|turn|7\n|\n|t:|1700665491\n|switch|p2a: Skeledirge|Skeledirge, F|100\/100\n|move|p1a: Corviknight|U-turn|p2a: Skeledirge\n|-resisted|p2a: Skeledirge\n|-damage|p2a: Skeledirge|98\/100\n|\n|t:|1700665505\n|switch|p1a: Kouign Amann|Sandy Shocks|100\/100|[from] U-turn\n|-damage|p1a: Kouign Amann|88\/100|[from] Spikes\n|\n|upkeep\n|turn|8\n|\n|t:|1700665517\n|move|p1a: Kouign Amann|Earth Power|p2a: Skeledirge\n|-supereffective|p2a: Skeledirge\n|-damage|p2a: Skeledirge|0 fnt\n|faint|p2a: Skeledirge\n|\n|upkeep\n|\n|t:|1700665524\n|switch|p2a: Mandibuzz|Mandibuzz, F|100\/100\n|turn|9\n|\n|t:|1700665536\n|-end|p1a: Kouign Amann|Protosynthesis|[silent]\n|switch|p1a: Iron Valiant|Iron Valiant|100\/100\n|-damage|p1a: Iron Valiant|88\/100|[from] Spikes\n|move|p2a: Mandibuzz|Toxic|p1a: Iron Valiant\n|-status|p1a: Iron Valiant|tox\n|\n|-damage|p1a: Iron Valiant|82\/100 tox|[from] psn\n|upkeep\n|turn|10\n|\n|t:|1700665547\n|switch|p2a: Weezing|Weezing-Galar, M|100\/100\n|-ability|p2a: Weezing|Neutralizing Gas\n|move|p1a: Iron Valiant|Moonblast|p2a: Weezing\n|-resisted|p2a: Weezing\n|-damage|p2a: Weezing|73\/100\n|\n|-heal|p2a: Weezing|79\/100|[from] item: Leftovers\n|-damage|p1a: Iron Valiant|69\/100 tox|[from] psn\n|upkeep\n|turn|11\n|\n|t:|1700665556\n|-end|p1a: Iron Valiant|Quark Drive|[silent]\n|switch|p1a: Jeaneau|Cinderace, M, shiny|100\/100\n|move|p2a: Weezing|Will-O-Wisp|p1a: Jeaneau\n|-immune|p1a: Jeaneau\n|\n|-heal|p2a: Weezing|85\/100|[from] item: Leftovers\n|upkeep\n|turn|12\n|\n|t:|1700665562\n|move|p1a: Jeaneau|Court Change|p1a: Jeaneau\n|-swapsideconditions\n|-activate|p1a: Jeaneau|move: Court Change\n|move|p2a: Weezing|Sludge Bomb|p1a: Jeaneau\n|-damage|p1a: Jeaneau|61\/100\n|\n|-heal|p2a: Weezing|91\/100|[from] item: Leftovers\n|upkeep\n|turn|13\n|\n|t:|1700665568\n|move|p1a: Jeaneau|Pyro Ball|p2a: Weezing|[miss]\n|-miss|p1a: Jeaneau|p2a: Weezing\n|move|p2a: Weezing|Defog|p1a: Jeaneau\n|-unboost|p1a: Jeaneau|evasion|1\n|-sideend|p2: flash_train|Spikes|[from] move: Defog|[of] p2a: Weezing\n|\n|-heal|p2a: Weezing|97\/100|[from] item: Leftovers\n|upkeep\n|turn|14\n|\n|t:|1700665572\n|move|p1a: Jeaneau|U-turn|p2a: Weezing\n|-resisted|p2a: Weezing\n|-damage|p2a: Weezing|93\/100\n|\n|t:|1700665581\n|switch|p1a: Slowking|Slowking-Galar, F|100\/100|[from] U-turn\n|move|p2a: Weezing|Sludge Bomb|p1a: Slowking\n|-resisted|p1a: Slowking\n|-damage|p1a: Slowking|93\/100\n|\n|-heal|p2a: Weezing|99\/100|[from] item: Leftovers\n|-heal|p1a: Slowking|99\/100|[from] item: Leftovers\n|upkeep\n|turn|15\n|\n|t:|1700665587\n|move|p2a: Weezing|Will-O-Wisp|p1a: Slowking\n|-status|p1a: Slowking|brn\n|move|p1a: Slowking|Future Sight|p2a: Weezing\n|-start|p1a: Slowking|move: Future Sight\n|\n|-heal|p2a: Weezing|100\/100|[from] item: Leftovers\n|-heal|p1a: Slowking|100\/100 brn|[from] item: Leftovers\n|-damage|p1a: Slowking|94\/100 brn|[from] brn\n|upkeep\n|turn|16\n|\n|t:|1700665595\n|move|p2a: Weezing|Sludge Bomb|p1a: Slowking\n|-resisted|p1a: Slowking\n|-damage|p1a: Slowking|87\/100 brn\n|move|p1a: Slowking|Sludge Bomb|p2a: Weezing\n|-damage|p2a: Weezing|56\/100\n|\n|-heal|p2a: Weezing|62\/100|[from] item: Leftovers\n|-heal|p1a: Slowking|93\/100 brn|[from] item: Leftovers\n|-damage|p1a: Slowking|87\/100 brn|[from] brn\n|upkeep\n|turn|17\n|\n|t:|1700665599\n|-end|p2a: Weezing|ability: Neutralizing Gas\n|switch|p2a: Ting-Lu|Ting-Lu|60\/100\n|-ability|p2a: Ting-Lu|Vessel of Ruin\n|move|p1a: Slowking|Sludge Bomb|p2a: Ting-Lu\n|-resisted|p2a: Ting-Lu\n|-damage|p2a: Ting-Lu|53\/100\n|\n|-end|p2a: Ting-Lu|move: Future Sight\n|-immune|p2a: Ting-Lu\n|-heal|p2a: Ting-Lu|59\/100|[from] item: Leftovers\n|-heal|p1a: Slowking|93\/100 brn|[from] item: Leftovers\n|-damage|p1a: Slowking|87\/100 brn|[from] brn\n|upkeep\n|turn|18\n|\n|t:|1700665606\n|move|p2a: Ting-Lu|Ruination|p1a: Slowking\n|-damage|p1a: Slowking|44\/100 brn\n|move|p1a: Slowking|Chilly Reception|p1a: Slowking\n|-weather|Snow\n|\n|t:|1700665611\n|switch|p1a: Kouign Amann|Sandy Shocks|88\/100|[from] Chilly Reception\n|\n|-weather|Snow|[upkeep]\n|-heal|p2a: Ting-Lu|65\/100|[from] item: Leftovers\n|upkeep\n|turn|19\n|\n|t:|1700665614\n|-terastallize|p1a: Kouign Amann|Ice\n|move|p1a: Kouign Amann|Tera Blast|p2a: Ting-Lu|[anim] Tera Blast Ice\n|-supereffective|p2a: Ting-Lu\n|-damage|p2a: Ting-Lu|12\/100\n|move|p2a: Ting-Lu|Earthquake|p1a: Kouign Amann\n|-damage|p1a: Kouign Amann|59\/100\n|\n|-weather|Snow|[upkeep]\n|-heal|p2a: Ting-Lu|18\/100|[from] item: Leftovers\n|upkeep\n|turn|20\n|\n|t:|1700665623\n|switch|p2a: Milotic|Milotic, F|100\/100\n|move|p1a: Kouign Amann|Tera Blast|p2a: Milotic|[anim] Tera Blast Ice\n|-resisted|p2a: Milotic\n|-damage|p2a: Milotic|85\/100\n|\n|-weather|Snow|[upkeep]\n|upkeep\n|turn|21\n|\n|t:|1700665628\n|-end|p1a: Kouign Amann|Protosynthesis|[silent]\n|switch|p1a: Slowking|Slowking-Galar, F|77\/100 brn\n|move|p2a: Milotic|Scald|p1a: Slowking\n|-crit|p1a: Slowking\n|-damage|p1a: Slowking|54\/100 brn\n|\n|-weather|Snow|[upkeep]\n|-heal|p1a: Slowking|60\/100 brn|[from] item: Leftovers\n|-damage|p1a: Slowking|54\/100 brn|[from] brn\n|upkeep\n|turn|22\n|\n|t:|1700665634\n|move|p2a: Milotic|Scald|p1a: Slowking\n|-damage|p1a: Slowking|37\/100 brn\n|move|p1a: Slowking|Future Sight|p2a: Milotic\n|-start|p1a: Slowking|move: Future Sight\n|\n|-weather|none\n|-heal|p1a: Slowking|43\/100 brn|[from] item: Leftovers\n|-damage|p1a: Slowking|37\/100 brn|[from] brn\n|upkeep\n|turn|23\n|\n|t:|1700665640\n|move|p2a: Milotic|Scald|p1a: Slowking\n|-damage|p1a: Slowking|21\/100 brn\n|move|p1a: Slowking|Chilly Reception|p1a: Slowking\n|-weather|Snow\n|\n|t:|1700665642\n|switch|p1a: Kouign Amann|Sandy Shocks, tera:Ice|59\/100|[from] Chilly Reception\n|\n|-weather|Snow|[upkeep]\n|upkeep\n|turn|24\n|\n|t:|1700665651\n|-terastallize|p2a: Milotic|Dragon\n|move|p1a: Kouign Amann|Tera Blast|p2a: Milotic|[anim] Tera Blast Ice\n|-supereffective|p2a: Milotic\n|-damage|p2a: Milotic|13\/100\n|move|p2a: Milotic|Mirror Coat|p1a: Kouign Amann\n|-damage|p1a: Kouign Amann|0 fnt\n|faint|p1a: Kouign Amann\n|-end|p1a: Kouign Amann|Protosynthesis|[silent]\n|\n|-weather|Snow|[upkeep]\n|-end|p2a: Milotic|move: Future Sight\n|-damage|p2a: Milotic|0 fnt\n|faint|p2a: Milotic\n|upkeep\n|\n|t:|1700665666\n|switch|p1a: Slowking|Slowking-Galar, F|54\/100 brn\n|switch|p2a: Dragapult|Dragapult, M|100\/100\n|turn|25\n|\n|t:|1700665680\n|move|p2a: Dragapult|Shadow Ball|p1a: Slowking\n|-supereffective|p1a: Slowking\n|-damage|p1a: Slowking|0 fnt\n|faint|p1a: Slowking\n|\n|-weather|Snow|[upkeep]\n|upkeep\n|\n|t:|1700665683\n|switch|p1a: Iron Valiant|Iron Valiant|69\/100 tox\n|turn|26\n|\n|t:|1700665696\n|switch|p2a: Ting-Lu|Ting-Lu|18\/100\n|-ability|p2a: Ting-Lu|Vessel of Ruin\n|move|p1a: Iron Valiant|Moonblast|p2a: Ting-Lu\n|-supereffective|p2a: Ting-Lu\n|-damage|p2a: Ting-Lu|0 fnt\n|faint|p2a: Ting-Lu\n|\n|-weather|Snow|[upkeep]\n|-damage|p1a: Iron Valiant|63\/100 tox|[from] psn\n|upkeep\n|\n|t:|1700665700\n|switch|p2a: Weezing|Weezing-Galar, M|62\/100\n|-ability|p2a: Weezing|Neutralizing Gas\n|turn|27\n|\n|t:|1700665707\n|-end|p1a: Iron Valiant|Quark Drive|[silent]\n|switch|p1a: Dragonite|Dragonite, F|51\/100\n|move|p2a: Weezing|Will-O-Wisp|p1a: Dragonite\n|-status|p1a: Dragonite|brn\n|\n|-weather|none\n|-heal|p2a: Weezing|68\/100|[from] item: Leftovers\n|-damage|p1a: Dragonite|45\/100 brn|[from] brn\n|upkeep\n|turn|28\n|\n|t:|1700665714\n|move|p1a: Dragonite|Earthquake|p2a: Weezing\n|-supereffective|p2a: Weezing\n|-damage|p2a: Weezing|45\/100\n|move|p2a: Weezing|Sludge Bomb|p1a: Dragonite\n|-damage|p1a: Dragonite|18\/100 brn\n|\n|-heal|p2a: Weezing|51\/100|[from] item: Leftovers\n|-damage|p1a: Dragonite|12\/100 brn|[from] brn\n|upkeep\n|turn|29\n|\n|t:|1700665720\n|-end|p2a: Weezing|ability: Neutralizing Gas\n|switch|p2a: Mandibuzz|Mandibuzz, F|100\/100\n|move|p1a: Dragonite|Earthquake|p2a: Mandibuzz\n|-immune|p2a: Mandibuzz\n|\n|-damage|p1a: Dragonite|6\/100 brn|[from] brn\n|upkeep\n|turn|30\n|\n|t:|1700665730\n|move|p1a: Dragonite|Extreme Speed|p2a: Mandibuzz\n|-damage|p2a: Mandibuzz|91\/100\n|move|p2a: Mandibuzz|Roost|p2a: Mandibuzz\n|-heal|p2a: Mandibuzz|100\/100\n|-singleturn|p2a: Mandibuzz|move: Roost\n|\n|-damage|p1a: Dragonite|0 fnt|[from] brn\n|faint|p1a: Dragonite\n|upkeep\n|\n|t:|1700665736\n|switch|p1a: Iron Valiant|Iron Valiant|63\/100 tox\n|turn|31\n|\n|t:|1700665751\n|move|p1a: Iron Valiant|Moonblast|p2a: Mandibuzz\n|-supereffective|p2a: Mandibuzz\n|-damage|p2a: Mandibuzz|38\/100\n|move|p2a: Mandibuzz|Roost|p2a: Mandibuzz\n|-heal|p2a: Mandibuzz|88\/100\n|-singleturn|p2a: Mandibuzz|move: Roost\n|\n|-damage|p1a: Iron Valiant|57\/100 tox|[from] psn\n|upkeep\n|turn|32\n|\n|t:|1700665758\n|-end|p1a: Iron Valiant|Quark Drive|[silent]\n|switch|p1a: Corviknight|Corviknight, M|100\/100\n|-ability|p1a: Corviknight|Pressure\n|move|p2a: Mandibuzz|Roost|p2a: Mandibuzz\n|-heal|p2a: Mandibuzz|100\/100\n|-singleturn|p2a: Mandibuzz|move: Roost\n|\n|upkeep\n|turn|33\n|\n|t:|1700665763\n|move|p2a: Mandibuzz|Foul Play|p1a: Corviknight\n|-damage|p1a: Corviknight|83\/100\n|move|p1a: Corviknight|Iron Defense|p1a: Corviknight\n|-boost|p1a: Corviknight|def|2\n|\n|-heal|p1a: Corviknight|89\/100|[from] item: Leftovers\n|upkeep\n|turn|34\n|\n|t:|1700665770\n|switch|p2a: Weezing|Weezing-Galar, M|51\/100\n|-ability|p2a: Weezing|Neutralizing Gas\n|move|p1a: Corviknight|Iron Defense|p1a: Corviknight\n|-boost|p1a: Corviknight|def|2\n|\n|-heal|p1a: Corviknight|95\/100|[from] item: Leftovers\n|-heal|p2a: Weezing|57\/100|[from] item: Leftovers\n|upkeep\n|turn|35\n|\n|t:|1700665775\n|move|p1a: Corviknight|Body Press|p2a: Weezing\n|-resisted|p2a: Weezing\n|-damage|p2a: Weezing|44\/100\n|move|p2a: Weezing|Will-O-Wisp|p1a: Corviknight\n|-status|p1a: Corviknight|brn\n|\n|-heal|p1a: Corviknight|100\/100 brn|[from] item: Leftovers\n|-heal|p2a: Weezing|50\/100|[from] item: Leftovers\n|-damage|p1a: Corviknight|94\/100 brn|[from] brn\n|upkeep\n|turn|36\n|\n|t:|1700665782\n|move|p1a: Corviknight|Iron Defense|p1a: Corviknight\n|-boost|p1a: Corviknight|def|2\n|move|p2a: Weezing|Pain Split|p1a: Corviknight\n|-sethp|p1a: Corviknight|68\/100 brn|[from] move: Pain Split|[silent]\n|-sethp|p2a: Weezing|82\/100|[from] move: Pain Split\n|\n|-heal|p1a: Corviknight|74\/100 brn|[from] item: Leftovers\n|-heal|p2a: Weezing|88\/100|[from] item: Leftovers\n|-damage|p1a: Corviknight|68\/100 brn|[from] brn\n|upkeep\n|turn|37\n|\n|t:|1700665797\n|-end|p2a: Weezing|ability: Neutralizing Gas\n|-ability|p1a: Corviknight|Pressure\n|switch|p2a: Dragapult|Dragapult, M|100\/100\n|move|p1a: Corviknight|Body Press|p2a: Dragapult\n|-immune|p2a: Dragapult\n|\n|-heal|p1a: Corviknight|74\/100 brn|[from] item: Leftovers\n|-damage|p1a: Corviknight|68\/100 brn|[from] brn\n|upkeep\n|turn|38\n|\n|t:|1700665806\n|move|p2a: Dragapult|Shadow Ball|p1a: Corviknight\n|-damage|p1a: Corviknight|21\/100 brn\n|move|p1a: Corviknight|U-turn|p2a: Dragapult\n|-resisted|p2a: Dragapult\n|-damage|p2a: Dragapult|97\/100\n|\n|t:|1700665810\n|switch|p1a: Iron Valiant|Iron Valiant|57\/100 tox|[from] U-turn\n|\n|-damage|p1a: Iron Valiant|51\/100 tox|[from] psn\n|upkeep\n|turn|39\n|\n|t:|1700665815\n|switch|p2a: Weezing|Weezing-Galar, M|88\/100\n|-ability|p2a: Weezing|Neutralizing Gas\n|move|p1a: Iron Valiant|Trick|p2a: Weezing\n|-activate|p1a: Iron Valiant|move: Trick|[of] p2a: Weezing\n|-item|p2a: Weezing|Choice Scarf|[from] move: Trick\n|-item|p1a: Iron Valiant|Leftovers|[from] move: Trick\n|\n|-heal|p1a: Iron Valiant|57\/100 tox|[from] item: Leftovers\n|-damage|p1a: Iron Valiant|44\/100 tox|[from] psn\n|upkeep\n|turn|40\n|\n|t:|1700665825\n|-end|p1a: Iron Valiant|Quark Drive|[silent]\n|switch|p1a: Corviknight|Corviknight, M|21\/100 brn\n|move|p2a: Weezing|Sludge Bomb|p1a: Corviknight\n|-immune|p1a: Corviknight\n|\n|-heal|p1a: Corviknight|27\/100 brn|[from] item: Leftovers\n|-damage|p1a: Corviknight|21\/100 brn|[from] brn\n|upkeep\n|turn|41\n|\n|t:|1700665832\n|switch|p1a: Jeaneau|Cinderace, M, shiny|61\/100\n|move|p2a: Weezing|Sludge Bomb|p1a: Jeaneau\n|-damage|p1a: Jeaneau|20\/100\n|\n|upkeep\n|turn|42\n|\n|t:|1700665838\n|move|p1a: Jeaneau|Pyro Ball|p2a: Weezing\n|-damage|p2a: Weezing|50\/100\n|move|p2a: Weezing|Sludge Bomb|p1a: Jeaneau\n|-damage|p1a: Jeaneau|0 fnt\n|faint|p1a: Jeaneau\n|\n|upkeep\n|-message|fqfsqfqdqf forfeited.\n|\n|win|flash_train\n|raw|fqfsqfqdqf's rating: 1248 &rarr; <strong>1223<\/strong><br \/>(-25 for losing)\n|raw|flash_train's rating: 1254 &rarr; <strong>1279<\/strong><br \/>(+25 for winning)\n|l|\u2606fqfsqfqdqf\n","uploadtime":1700665883,"views":3,"p1id":"fqfsqfqdqf","p2id":"flashtrain","formatid":"gen9ou","rating":1223,"private":0,"password":""}