{"id":"gen9ou-1994425683","p1":"widerodri122","p2":"Zomberino","format":"[Gen 9] OU","log":"|j|\u2606widerodri122\n|j|\u2606Zomberino\n|t:|1700442538\n|gametype|singles\n|player|p1|widerodri122|brycenman|1273\n|player|p2|Zomberino|whitney|1290\n|teamsize|p1|6\n|teamsize|p2|6\n|gen|9\n|tier|[Gen 9] OU\n|rated|\n|rule|Sleep Clause Mod: Limit one foe put to sleep\n|rule|Species Clause: Limit one of each Pok\u00e9mon\n|rule|OHKO Clause: OHKO moves are banned\n|rule|Evasion Items Clause: Evasion items are banned\n|rule|Evasion Moves Clause: Evasion moves are banned\n|rule|Endless Battle Clause: Forcing endless battles is banned\n|rule|HP Percentage Mod: HP is shown in percentages\n|clearpoke\n|poke|p1|Feebas, M|\n|poke|p1|Magikarp, F|\n|poke|p1|Mareanie, M|\n|poke|p1|Marill, M|\n|poke|p1|Hoppip, F|\n|poke|p1|Ogerpon-Cornerstone, F|\n|poke|p2|Iron Hands|\n|poke|p2|Iron Moth|\n|poke|p2|Iron Valiant|\n|poke|p2|Iron Treads|\n|poke|p2|Ogerpon-Wellspring, F|\n|poke|p2|Kingambit, M|\n|teampreview\n|\n|t:|1700442563\n|start\n|switch|p1a: Feebas|Feebas, M|100\/100\n|switch|p2a: Iron Treads|Iron Treads|100\/100\n|turn|1\n|inactive|Battle timer is ON: inactive players will automatically lose when time's up. (requested by Zomberino)\n|\n|t:|1700442597\n|move|p1a: Feebas|Confuse Ray|p2a: Iron Treads\n|-start|p2a: Iron Treads|confusion\n|-activate|p2a: Iron Treads|confusion\n|move|p2a: Iron Treads|Volt Switch|p1a: Feebas\n|-supereffective|p1a: Feebas\n|-damage|p1a: Feebas|67\/100\n|\n|t:|1700442605\n|-end|p2a: Iron Treads|Quark Drive|[silent]\n|switch|p2a: Iron Hands|Iron Hands|100\/100|[from] Volt Switch\n|\n|upkeep\n|turn|2\n|\n|t:|1700442611\n|move|p1a: Feebas|Hypnosis|p2a: Iron Hands\n|-status|p2a: Iron Hands|slp|[from] move: Hypnosis\n|cant|p2a: Iron Hands|slp\n|\n|upkeep\n|turn|3\n|\n|t:|1700442621\n|-end|p2a: Iron Hands|Quark Drive|[silent]\n|switch|p2a: Iron Treads|Iron Treads|100\/100\n|move|p1a: Feebas|Confuse Ray|p2a: Iron Treads\n|-start|p2a: Iron Treads|confusion\n|\n|upkeep\n|turn|4\n|\n|t:|1700442632\n|move|p1a: Feebas|Hypnosis|p2a: Iron Treads|[miss]\n|-miss|p1a: Feebas|p2a: Iron Treads\n|-activate|p2a: Iron Treads|confusion\n|move|p2a: Iron Treads|Knock Off|p1a: Feebas\n|-damage|p1a: Feebas|0 fnt\n|-enditem|p1a: Feebas|Eviolite|[from] move: Knock Off|[of] p2a: Iron Treads\n|faint|p1a: Feebas\n|\n|upkeep\n|c|\u2606widerodri122|feebas i love you\n|\n|t:|1700442641\n|switch|p1a: Hoppip|Hoppip, F|100\/100\n|turn|5\n|\n|t:|1700442644\n|-end|p2a: Iron Treads|confusion\n|move|p2a: Iron Treads|Knock Off|p1a: Hoppip\n|-damage|p1a: Hoppip|20\/100\n|-enditem|p1a: Hoppip|Leftovers|[from] move: Knock Off|[of] p2a: Iron Treads\n|move|p1a: Hoppip|Sleep Powder|p2a: Iron Treads|[miss]\n|-miss|p1a: Hoppip|p2a: Iron Treads\n|\n|upkeep\n|turn|6\n|\n|t:|1700442655\n|move|p2a: Iron Treads|Knock Off|p1a: Hoppip\n|-damage|p1a: Hoppip|0 fnt\n|faint|p1a: Hoppip\n|\n|upkeep\n|\n|t:|1700442665\n|switch|p1a: Magikarp|Magikarp, F|100\/100\n|turn|7\n|\n|t:|1700442670\n|move|p1a: Magikarp|Splash|p1a: Magikarp\n|-nothing\n|move|p2a: Iron Treads|Volt Switch|p1a: Magikarp\n|-supereffective|p1a: Magikarp\n|-damage|p1a: Magikarp|21\/100\n|\n|t:|1700442676\n|-end|p2a: Iron Treads|Quark Drive|[silent]\n|switch|p2a: Iron Hands|Iron Hands|100\/100 slp|[from] Volt Switch\n|\n|upkeep\n|turn|8\n|\n|t:|1700442682\n|move|p1a: Magikarp|Flail|p2a: Iron Hands\n|-damage|p2a: Iron Hands|95\/100 slp\n|-curestatus|p2a: Iron Hands|slp|[msg]\n|move|p2a: Iron Hands|Electric Terrain|p2a: Iron Hands\n|-fieldstart|move: Electric Terrain\n|-activate|p2a: Iron Hands|ability: Quark Drive\n|-start|p2a: Iron Hands|quarkdrivedef\n|\n|-heal|p2a: Iron Hands|100\/100|[from] item: Leftovers\n|upkeep\n|turn|9\n|\n|t:|1700442692\n|move|p1a: Magikarp|Splash|p1a: Magikarp\n|-nothing\n|move|p2a: Iron Hands|Thunder Punch|p1a: Magikarp\n|-supereffective|p1a: Magikarp\n|-damage|p1a: Magikarp|0 fnt\n|faint|p1a: Magikarp\n|\n|upkeep\n|\n|t:|1700442697\n|switch|p1a: Marill|Marill, M|100\/100\n|turn|10\n|\n|t:|1700442709\n|switch|p1a: Mareanie|Mareanie, M|100\/100\n|move|p2a: Iron Hands|Thunder Punch|p1a: Mareanie\n|-supereffective|p1a: Mareanie\n|-damage|p1a: Mareanie|0 fnt\n|faint|p1a: Mareanie\n|\n|upkeep\n|c|\u2606widerodri122|you hate mareanie?\n|\n|t:|1700442723\n|switch|p1a: Ogerpon|Ogerpon-Cornerstone, F|100\/100\n|turn|11\n|\n|t:|1700442732\n|-terastallize|p1a: Ogerpon|Rock\n|detailschange|p1a: Ogerpon|Ogerpon-Cornerstone-Tera, F, tera:Rock\n|-ability|p1a: Ogerpon|Embody Aspect (Cornerstone)|boost\n|-boost|p1a: Ogerpon|def|1\n|move|p1a: Ogerpon|Ivy Cudgel|p2a: Iron Hands|[anim] Ivy Cudgel Rock\n|-resisted|p2a: Iron Hands\n|-damage|p2a: Iron Hands|88\/100\n|move|p2a: Iron Hands|Drain Punch|p1a: Ogerpon\n|-supereffective|p1a: Ogerpon\n|-damage|p1a: Ogerpon|39\/100\n|-heal|p2a: Iron Hands|100\/100|[from] drain|[of] p1a: Ogerpon\n|\n|upkeep\n|turn|12\n|\n|t:|1700442746\n|move|p1a: Ogerpon|Encore|p2a: Iron Hands\n|-start|p2a: Iron Hands|Encore\n|move|p2a: Iron Hands|Drain Punch|p1a: Ogerpon\n|-supereffective|p1a: Ogerpon\n|-damage|p1a: Ogerpon|0 fnt\n|faint|p1a: Ogerpon\n|\n|-fieldend|move: Electric Terrain\n|-end|p2a: Iron Hands|Quark Drive\n|upkeep\n|\n|t:|1700442755\n|switch|p1a: Marill|Marill, M|100\/100\n|turn|13\n|\n|t:|1700442760\n|move|p2a: Iron Hands|Drain Punch|p1a: Marill\n|-resisted|p1a: Marill\n|-damage|p1a: Marill|73\/100\n|move|p1a: Marill|Belly Drum|p1a: Marill\n|-damage|p1a: Marill|23\/100\n|-setboost|p1a: Marill|atk|6|[from] move: Belly Drum\n|-enditem|p1a: Marill|Aguav Berry|[eat]\n|-heal|p1a: Marill|56\/100|[from] item: Aguav Berry\n|\n|upkeep\n|turn|14\n|\n|t:|1700442771\n|move|p1a: Marill|Aqua Jet|p2a: Iron Hands\n|-damage|p2a: Iron Hands|66\/100\n|move|p2a: Iron Hands|Drain Punch|p1a: Marill\n|-resisted|p1a: Marill\n|-damage|p1a: Marill|27\/100\n|-heal|p2a: Iron Hands|76\/100|[from] drain|[of] p1a: Marill\n|\n|-heal|p2a: Iron Hands|82\/100|[from] item: Leftovers\n|-end|p2a: Iron Hands|Encore\n|upkeep\n|turn|15\n|\n|t:|1700442778\n|move|p2a: Iron Hands|Electric Terrain|p2a: Iron Hands\n|-fieldstart|move: Electric Terrain\n|-activate|p2a: Iron Hands|ability: Quark Drive\n|-start|p2a: Iron Hands|quarkdrivedef\n|move|p1a: Marill|Aqua Tail|p2a: Iron Hands\n|-damage|p2a: Iron Hands|29\/100\n|\n|-heal|p2a: Iron Hands|35\/100|[from] item: Leftovers\n|upkeep\n|turn|16\n|\n|t:|1700442788\n|move|p1a: Marill|Aqua Jet|p2a: Iron Hands\n|-damage|p2a: Iron Hands|9\/100\n|move|p2a: Iron Hands|Thunder Punch|p1a: Marill\n|-supereffective|p1a: Marill\n|-damage|p1a: Marill|0 fnt\n|faint|p1a: Marill\n|\n|win|Zomberino\n|raw|widerodri122's rating: 1273 &rarr; <strong>1249<\/strong><br \/>(-24 for losing)\n|raw|Zomberino's rating: 1290 &rarr; <strong>1314<\/strong><br \/>(+24 for winning)\n","uploadtime":1700442797,"views":9,"p1id":"widerodri122","p2id":"zomberino","formatid":"gen9ou","rating":1249,"private":0,"password":""}