{"id":"gen9ou-1998294699","p1":"morlyaur","p2":"ghcut6fu","format":"[Gen 9] OU","log":"|j|\u2606morlyaur\n|j|\u2606ghcut6fu\n|t:|1700925918\n|gametype|singles\n|player|p1|morlyaur|artist-gen4|1132\n|player|p2|ghcut6fu|265|1067\n|teamsize|p1|6\n|teamsize|p2|6\n|gen|9\n|tier|[Gen 9] OU\n|rated|\n|rule|Sleep Clause Mod: Limit one foe put to sleep\n|rule|Species Clause: Limit one of each Pok\u00e9mon\n|rule|OHKO Clause: OHKO moves are banned\n|rule|Evasion Items Clause: Evasion items are banned\n|rule|Evasion Moves Clause: Evasion moves are banned\n|rule|Endless Battle Clause: Forcing endless battles is banned\n|rule|HP Percentage Mod: HP is shown in percentages\n|clearpoke\n|poke|p1|Cinderace, F|\n|poke|p1|Dragapult, M|\n|poke|p1|Iron Valiant|\n|poke|p1|Kingambit, F|\n|poke|p1|Ting-Lu|\n|poke|p1|Gholdengo|\n|poke|p2|Gholdengo|\n|poke|p2|Landorus-Therian, M|\n|poke|p2|Toxapex, F|\n|poke|p2|Scyther, F|\n|poke|p2|Heatran, F|\n|poke|p2|Manaphy|\n|teampreview\n|\n|t:|1700925935\n|start\n|switch|p1a: Kingambit|Kingambit, F|100\/100\n|switch|p2a: Scyther|Scyther, F, shiny|100\/100\n|turn|1\n|\n|t:|1700925943\n|move|p2a: Scyther|Brick Break|p1a: Kingambit\n|-supereffective|p1a: Kingambit\n|-damage|p1a: Kingambit|34\/100\n|move|p1a: Kingambit|Kowtow Cleave|p2a: Scyther\n|-damage|p2a: Scyther|52\/100\n|\n|-heal|p1a: Kingambit|41\/100|[from] item: Leftovers\n|upkeep\n|turn|2\n|\n|t:|1700925952\n|-end|p1a: Kingambit|fallenundefined|[silent]\n|switch|p1a: Dragapult|Dragapult, M|100\/100\n|move|p2a: Scyther|Brick Break|p1a: Dragapult\n|-immune|p1a: Dragapult\n|\n|upkeep\n|turn|3\n|\n|t:|1700925965\n|move|p1a: Dragapult|Will-O-Wisp|p2a: Scyther\n|-status|p2a: Scyther|brn\n|move|p2a: Scyther|Swords Dance|p2a: Scyther\n|-boost|p2a: Scyther|atk|2\n|\n|-damage|p2a: Scyther|46\/100 brn|[from] brn\n|upkeep\n|turn|4\n|\n|t:|1700925972\n|move|p1a: Dragapult|Hex|p2a: Scyther\n|-damage|p2a: Scyther|0 fnt\n|faint|p2a: Scyther\n|\n|upkeep\n|\n|t:|1700925977\n|switch|p2a: Toxapex|Toxapex, F, shiny|100\/100\n|turn|5\n|\n|t:|1700925980\n|move|p1a: Dragapult|Will-O-Wisp|p2a: Toxapex|[miss]\n|-miss|p1a: Dragapult|p2a: Toxapex\n|move|p2a: Toxapex|Toxic Spikes|p1a: Dragapult\n|-sidestart|p1: morlyaur|move: Toxic Spikes\n|\n|upkeep\n|turn|6\n|\n|t:|1700925987\n|move|p2a: Toxapex|Baneful Bunker|p2a: Toxapex\n|-singleturn|p2a: Toxapex|move: Protect\n|move|p1a: Dragapult|Will-O-Wisp|p2a: Toxapex\n|-activate|p2a: Toxapex|move: Protect\n|\n|upkeep\n|turn|7\n|\n|t:|1700925995\n|switch|p2a: Heatran|Heatran, F|100\/100\n|move|p1a: Dragapult|Will-O-Wisp|p2a: Heatran\n|-start|p2a: Heatran|ability: Flash Fire\n|\n|upkeep\n|turn|8\n|\n|t:|1700926007\n|move|p1a: Dragapult|U-turn|p2a: Heatran\n|-resisted|p2a: Heatran\n|-damage|p2a: Heatran|96\/100\n|\n|t:|1700926011\n|switch|p1a: Ting-Lu|Ting-Lu|100\/100|[from] U-turn\n|-status|p1a: Ting-Lu|psn\n|-ability|p1a: Ting-Lu|Vessel of Ruin\n|move|p2a: Heatran|Sunny Day|p2a: Heatran\n|-weather|SunnyDay\n|\n|-weather|SunnyDay|[upkeep]\n|-heal|p2a: Heatran|100\/100|[from] item: Leftovers\n|-damage|p1a: Ting-Lu|88\/100 psn|[from] psn\n|upkeep\n|turn|9\n|\n|t:|1700926027\n|-terastallize|p2a: Heatran|Water\n|move|p2a: Heatran|Solar Beam||[still]\n|-prepare|p2a: Heatran|Solar Beam\n|-anim|p2a: Heatran|Solar Beam|p1a: Ting-Lu\n|-supereffective|p1a: Ting-Lu\n|-damage|p1a: Ting-Lu|53\/100 psn\n|move|p1a: Ting-Lu|Earthquake|p2a: Heatran\n|-damage|p2a: Heatran|72\/100\n|\n|-weather|SunnyDay|[upkeep]\n|-heal|p2a: Heatran|78\/100|[from] item: Leftovers\n|-heal|p1a: Ting-Lu|59\/100 psn|[from] item: Leftovers\n|-damage|p1a: Ting-Lu|47\/100 psn|[from] psn\n|upkeep\n|turn|10\n|\n|t:|1700926045\n|move|p2a: Heatran|Solar Beam||[still]\n|-prepare|p2a: Heatran|Solar Beam\n|-anim|p2a: Heatran|Solar Beam|p1a: Ting-Lu\n|-supereffective|p1a: Ting-Lu\n|-damage|p1a: Ting-Lu|11\/100 psn\n|move|p1a: Ting-Lu|Ruination|p2a: Heatran\n|-damage|p2a: Heatran|39\/100\n|\n|-weather|SunnyDay|[upkeep]\n|-heal|p2a: Heatran|46\/100|[from] item: Leftovers\n|-heal|p1a: Ting-Lu|17\/100 psn|[from] item: Leftovers\n|-damage|p1a: Ting-Lu|4\/100 psn|[from] psn\n|upkeep\n|turn|11\n|\n|t:|1700926057\n|move|p2a: Heatran|Solar Beam||[still]\n|-prepare|p2a: Heatran|Solar Beam\n|-anim|p2a: Heatran|Solar Beam|p1a: Ting-Lu\n|-supereffective|p1a: Ting-Lu\n|-damage|p1a: Ting-Lu|0 fnt\n|faint|p1a: Ting-Lu\n|\n|-weather|SunnyDay|[upkeep]\n|-heal|p2a: Heatran|52\/100|[from] item: Leftovers\n|upkeep\n|\n|t:|1700926069\n|switch|p1a: Dragapult|Dragapult, M|100\/100\n|-status|p1a: Dragapult|psn\n|turn|12\n|\n|t:|1700926075\n|move|p1a: Dragapult|Dragon Darts|p2a: Heatran\n|-damage|p2a: Heatran|33\/100\n|-anim|p1a: Dragapult|Dragon Darts|p2a: Heatran\n|-damage|p2a: Heatran|17\/100\n|move|p2a: Heatran|Flamethrower|p1a: Dragapult\n|-resisted|p1a: Dragapult\n|-damage|p1a: Dragapult|21\/100 psn\n|\n|-weather|none\n|-heal|p1a: Dragapult|27\/100 psn|[from] item: Leftovers\n|-heal|p2a: Heatran|23\/100|[from] item: Leftovers\n|-damage|p1a: Dragapult|15\/100 psn|[from] psn\n|upkeep\n|turn|13\n|\n|t:|1700926092\n|move|p1a: Dragapult|Dragon Darts|p2a: Heatran\n|-damage|p2a: Heatran|5\/100\n|-anim|p1a: Dragapult|Dragon Darts|p2a: Heatran\n|-damage|p2a: Heatran|0 fnt\n|faint|p2a: Heatran\n|\n|-heal|p1a: Dragapult|21\/100 psn|[from] item: Leftovers\n|-damage|p1a: Dragapult|8\/100 psn|[from] psn\n|upkeep\n|\n|t:|1700926100\n|switch|p2a: Toxapex|Toxapex, F, shiny|100\/100\n|turn|14\n|\n|t:|1700926110\n|switch|p1a: Gholdengo|Gholdengo|100\/100\n|-item|p1a: Gholdengo|Air Balloon\n|move|p2a: Toxapex|Toxic Spikes|p1a: Gholdengo\n|-sidestart|p1: morlyaur|move: Toxic Spikes\n|\n|upkeep\n|turn|15\n|\n|t:|1700926127\n|move|p2a: Toxapex|Baneful Bunker|p2a: Toxapex\n|-singleturn|p2a: Toxapex|move: Protect\n|move|p1a: Gholdengo|Nasty Plot|p1a: Gholdengo\n|-boost|p1a: Gholdengo|spa|2\n|\n|upkeep\n|turn|16\n|\n|t:|1700926136\n|switch|p2a: Gholdengo|Gholdengo, shiny|100\/100\n|move|p1a: Gholdengo|Shadow Ball|p2a: Gholdengo\n|-supereffective|p2a: Gholdengo\n|-enditem|p2a: Gholdengo|Focus Sash\n|-damage|p2a: Gholdengo|1\/100\n|\n|upkeep\n|turn|17\n|\n|t:|1700926154\n|switch|p1a: Cinderace|Cinderace, F|100\/100\n|move|p2a: Gholdengo|Thunder Wave|p1a: Cinderace\n|-status|p1a: Cinderace|par\n|\n|upkeep\n|turn|18\n|\n|t:|1700926166\n|switch|p2a: Landorus|Landorus-Therian, M|100\/100\n|-ability|p2a: Landorus|Intimidate|boost\n|-unboost|p1a: Cinderace|atk|1\n|move|p1a: Cinderace|U-turn|p2a: Landorus\n|-resisted|p2a: Landorus\n|-damage|p2a: Landorus|94\/100\n|\n|t:|1700926184\n|switch|p1a: Iron Valiant|Iron Valiant|100\/100|[from] U-turn\n|-status|p1a: Iron Valiant|tox\n|-enditem|p1a: Iron Valiant|Booster Energy\n|-activate|p1a: Iron Valiant|ability: Quark Drive|[fromitem]\n|-start|p1a: Iron Valiant|quarkdrivespe\n|\n|-heal|p2a: Landorus|99\/100|[from] item: Leftovers\n|-damage|p1a: Iron Valiant|94\/100 tox|[from] psn\n|upkeep\n|turn|19\n|\n|t:|1700926196\n|move|p1a: Iron Valiant|Knock Off|p2a: Landorus\n|-damage|p2a: Landorus|58\/100\n|-enditem|p2a: Landorus|Leftovers|[from] move: Knock Off|[of] p1a: Iron Valiant\n|move|p2a: Landorus|Stealth Rock|p1a: Iron Valiant\n|-sidestart|p1: morlyaur|move: Stealth Rock\n|\n|-damage|p1a: Iron Valiant|82\/100 tox|[from] psn\n|upkeep\n|turn|20\n|\n|t:|1700926210\n|switch|p2a: Toxapex|Toxapex, F, shiny|100\/100\n|move|p1a: Iron Valiant|Encore||[still]\n|-fail|p1a: Iron Valiant\n|\n|-damage|p1a: Iron Valiant|63\/100 tox|[from] psn\n|upkeep\n|turn|21\n|\n|t:|1700926220\n|-end|p1a: Iron Valiant|Quark Drive|[silent]\n|switch|p1a: Gholdengo|Gholdengo|100\/100\n|-damage|p1a: Gholdengo|94\/100|[from] Stealth Rock\n|-item|p1a: Gholdengo|Air Balloon\n|move|p2a: Toxapex|Chilling Water|p1a: Gholdengo\n|-damage|p1a: Gholdengo|81\/100\n|-unboost|p1a: Gholdengo|atk|1\n|-enditem|p1a: Gholdengo|Air Balloon\n|\n|upkeep\n|turn|22\n|\n|t:|1700926233\n|move|p1a: Gholdengo|Nasty Plot|p1a: Gholdengo\n|-boost|p1a: Gholdengo|spa|2\n|move|p2a: Toxapex|Chilling Water|p1a: Gholdengo\n|-damage|p1a: Gholdengo|68\/100\n|-unboost|p1a: Gholdengo|atk|1\n|\n|upkeep\n|turn|23\n|\n|t:|1700926243\n|move|p2a: Toxapex|Baneful Bunker|p2a: Toxapex\n|-singleturn|p2a: Toxapex|move: Protect\n|move|p1a: Gholdengo|Recover|p1a: Gholdengo\n|-heal|p1a: Gholdengo|100\/100\n|\n|upkeep\n|turn|24\n|\n|t:|1700926252\n|switch|p2a: Gholdengo|Gholdengo, shiny|1\/100\n|move|p1a: Gholdengo|Nasty Plot|p1a: Gholdengo\n|-boost|p1a: Gholdengo|spa|2\n|\n|upkeep\n|turn|25\n|\n|t:|1700926258\n|move|p1a: Gholdengo|Shadow Ball|p2a: Gholdengo\n|-supereffective|p2a: Gholdengo\n|-damage|p2a: Gholdengo|0 fnt\n|faint|p2a: Gholdengo\n|\n|upkeep\n|\n|t:|1700926263\n|switch|p2a: Manaphy|Manaphy|100\/100\n|turn|26\n|\n|t:|1700926275\n|move|p2a: Manaphy|Tail Glow|p2a: Manaphy\n|-boost|p2a: Manaphy|spa|3\n|move|p1a: Gholdengo|Shadow Ball|p2a: Manaphy\n|-damage|p2a: Manaphy|0 fnt\n|faint|p2a: Manaphy\n|\n|upkeep\n|inactive|Battle timer is ON: inactive players will automatically lose when time's up. (requested by morlyaur)\n|\n|t:|1700926282\n|switch|p2a: Landorus|Landorus-Therian, M|58\/100\n|-ability|p2a: Landorus|Intimidate|boost\n|-unboost|p1a: Gholdengo|atk|1\n|turn|27\n|\n|t:|1700926286\n|-terastallize|p1a: Gholdengo|Fairy\n|move|p2a: Landorus|Earthquake|p1a: Gholdengo\n|-damage|p1a: Gholdengo|31\/100\n|move|p1a: Gholdengo|Shadow Ball|p2a: Landorus\n|-damage|p2a: Landorus|0 fnt\n|faint|p2a: Landorus\n|\n|upkeep\n|-message|ghcut6fu forfeited.\n|\n|win|morlyaur\n|raw|morlyaur's rating: 1132 &rarr; <strong>1152<\/strong><br \/>(+20 for winning)\n|raw|ghcut6fu's rating: 1067 &rarr; <strong>1051<\/strong><br \/>(-16 for losing)\n|l|\u2606ghcut6fu\n","uploadtime":1700926295,"views":1,"p1id":"morlyaur","p2id":"ghcut6fu","formatid":"gen9ou","rating":1051,"private":0,"password":""}