{"id":"gen9ou-1994324796","p1":"enterzync","p2":"FoodieTheFood","format":"[Gen 9] OU","log":"|j|\u203denterzync\n|j|\u2606FoodieTheFood\n|t:|1700431229\n|gametype|singles\n|player|p1|enterzync|170|1222\n|player|p2|FoodieTheFood|iris-gen5bw2|1204\n|teamsize|p1|6\n|teamsize|p2|6\n|gen|9\n|tier|[Gen 9] OU\n|rated|\n|rule|Sleep Clause Mod: Limit one foe put to sleep\n|rule|Species Clause: Limit one of each Pok\u00e9mon\n|rule|OHKO Clause: OHKO moves are banned\n|rule|Evasion Items Clause: Evasion items are banned\n|rule|Evasion Moves Clause: Evasion moves are banned\n|rule|Endless Battle Clause: Forcing endless battles is banned\n|rule|HP Percentage Mod: HP is shown in percentages\n|clearpoke\n|poke|p1|Mienshao, F|\n|poke|p1|Heatran, M|\n|poke|p1|Rotom-Wash|\n|poke|p1|Iron Treads|\n|poke|p1|Amoonguss, F|\n|poke|p1|Conkeldurr, F|\n|poke|p2|Glimmora, M|\n|poke|p2|Gholdengo|\n|poke|p2|Mimikyu, M|\n|poke|p2|Rillaboom, M|\n|poke|p2|Sneasler, M|\n|poke|p2|Iron Moth|\n|teampreview\n|\n|t:|1700431238\n|start\n|switch|p1a: Iron Treads|Iron Treads|100\/100\n|switch|p2a: Glimmora|Glimmora, M|100\/100\n|turn|1\n|\n|t:|1700431245\n|switch|p2a: Rillaboom|Rillaboom, M|100\/100\n|-fieldstart|move: Grassy Terrain|[from] ability: Grassy Surge|[of] p2a: Rillaboom\n|move|p1a: Iron Treads|Earthquake|p2a: Rillaboom\n|-resisted|p2a: Rillaboom\n|-damage|p2a: Rillaboom|87\/100\n|\n|-heal|p2a: Rillaboom|93\/100|[from] Grassy Terrain\n|upkeep\n|turn|2\n|\n|t:|1700431251\n|move|p1a: Iron Treads|Stealth Rock|p2a: Rillaboom\n|-sidestart|p2: FoodieTheFood|move: Stealth Rock\n|move|p2a: Rillaboom|U-turn|p1a: Iron Treads\n|-resisted|p1a: Iron Treads\n|-damage|p1a: Iron Treads|82\/100\n|\n|t:|1700431258\n|switch|p2a: Glimmora|Glimmora, M|100\/100|[from] U-turn\n|-damage|p2a: Glimmora|88\/100|[from] Stealth Rock\n|\n|-heal|p1a: Iron Treads|88\/100|[from] Grassy Terrain\n|-heal|p2a: Glimmora|94\/100|[from] Grassy Terrain\n|upkeep\n|turn|3\n|\n|t:|1700431266\n|move|p1a: Iron Treads|Knock Off|p2a: Glimmora\n|-damage|p2a: Glimmora|60\/100\n|-activate|p2a: Glimmora|ability: Toxic Debris\n|-sidestart|p1: enterzync|move: Toxic Spikes\n|-enditem|p2a: Glimmora|Focus Sash|[from] move: Knock Off|[of] p1a: Iron Treads\n|move|p2a: Glimmora|Stealth Rock|p1a: Iron Treads\n|-sidestart|p1: enterzync|move: Stealth Rock\n|\n|-heal|p1a: Iron Treads|94\/100|[from] Grassy Terrain\n|-heal|p2a: Glimmora|67\/100|[from] Grassy Terrain\n|upkeep\n|turn|4\n|\n|t:|1700431272\n|switch|p2a: Gholdengo|Gholdengo|100\/100\n|-damage|p2a: Gholdengo|94\/100|[from] Stealth Rock\n|-item|p2a: Gholdengo|Air Balloon\n|move|p1a: Iron Treads|Knock Off|p2a: Gholdengo\n|-supereffective|p2a: Gholdengo\n|-damage|p2a: Gholdengo|29\/100\n|-enditem|p2a: Gholdengo|Air Balloon\n|\n|-heal|p1a: Iron Treads|100\/100|[from] Grassy Terrain\n|-heal|p2a: Gholdengo|35\/100|[from] Grassy Terrain\n|upkeep\n|turn|5\n|\n|t:|1700431281\n|move|p1a: Iron Treads|Knock Off|p2a: Gholdengo\n|-supereffective|p2a: Gholdengo\n|-damage|p2a: Gholdengo|0 fnt\n|faint|p2a: Gholdengo\n|\n|-fieldend|move: Grassy Terrain\n|upkeep\n|\n|t:|1700431283\n|switch|p2a: Mimikyu|Mimikyu, M|100\/100\n|-damage|p2a: Mimikyu|88\/100|[from] Stealth Rock\n|turn|6\n|\n|t:|1700431292\n|-end|p1a: Iron Treads|Quark Drive|[silent]\n|switch|p1a: Amoonguss|Amoonguss, F|100\/100\n|-sideend|p1: enterzync|move: Toxic Spikes|[of] p1a: Amoonguss\n|-damage|p1a: Amoonguss|88\/100|[from] Stealth Rock\n|move|p2a: Mimikyu|Shadow Claw|p1a: Amoonguss\n|-damage|p1a: Amoonguss|64\/100\n|-damage|p2a: Mimikyu|72\/100|[from] item: Rocky Helmet|[of] p1a: Amoonguss\n|\n|upkeep\n|turn|7\n|\n|t:|1700431304\n|switch|p2a: Rillaboom|Rillaboom, M|93\/100\n|-damage|p2a: Rillaboom|81\/100|[from] Stealth Rock\n|-fieldstart|move: Grassy Terrain|[from] ability: Grassy Surge|[of] p2a: Rillaboom\n|move|p1a: Amoonguss|Spore|p2a: Rillaboom\n|-immune|p2a: Rillaboom\n|\n|-heal|p2a: Rillaboom|87\/100|[from] Grassy Terrain\n|-heal|p1a: Amoonguss|70\/100|[from] Grassy Terrain\n|upkeep\n|turn|8\n|\n|t:|1700431307\n|move|p2a: Rillaboom|Knock Off|p1a: Amoonguss\n|-damage|p1a: Amoonguss|26\/100\n|-damage|p2a: Rillaboom|71\/100|[from] item: Rocky Helmet|[of] p1a: Amoonguss\n|-enditem|p1a: Amoonguss|Rocky Helmet|[from] move: Knock Off|[of] p2a: Rillaboom\n|move|p1a: Amoonguss|Sludge Bomb|p2a: Rillaboom\n|-supereffective|p2a: Rillaboom\n|-damage|p2a: Rillaboom|0 fnt\n|faint|p2a: Rillaboom\n|\n|-heal|p1a: Amoonguss|33\/100|[from] Grassy Terrain\n|upkeep\n|\n|t:|1700431310\n|switch|p2a: Sneasler|Sneasler, M|100\/100\n|-damage|p2a: Sneasler|95\/100|[from] Stealth Rock\n|-enditem|p2a: Sneasler|Grassy Seed\n|-boost|p2a: Sneasler|def|1|[from] item: Grassy Seed\n|turn|9\n|\n|t:|1700431326\n|switch|p1a: Conkeldurr|Conkeldurr, F|100\/100\n|-damage|p1a: Conkeldurr|94\/100|[from] Stealth Rock\n|move|p2a: Sneasler|Acrobatics|p1a: Conkeldurr\n|-supereffective|p1a: Conkeldurr\n|-damage|p1a: Conkeldurr|21\/100\n|\n|-heal|p2a: Sneasler|100\/100|[from] Grassy Terrain\n|-heal|p1a: Conkeldurr|28\/100|[from] Grassy Terrain\n|-status|p1a: Conkeldurr|brn|[from] item: Flame Orb\n|upkeep\n|turn|10\n|\n|t:|1700431336\n|move|p1a: Conkeldurr|Mach Punch|p2a: Sneasler\n|-resisted|p2a: Sneasler\n|-damage|p2a: Sneasler|78\/100\n|move|p2a: Sneasler|Swords Dance|p2a: Sneasler\n|-boost|p2a: Sneasler|atk|2\n|\n|-heal|p2a: Sneasler|84\/100|[from] Grassy Terrain\n|-heal|p1a: Conkeldurr|34\/100 brn|[from] Grassy Terrain\n|-damage|p1a: Conkeldurr|28\/100 brn|[from] brn\n|upkeep\n|turn|11\n|\n|t:|1700431343\n|move|p2a: Sneasler|Acrobatics|p1a: Conkeldurr\n|-supereffective|p1a: Conkeldurr\n|-damage|p1a: Conkeldurr|0 fnt\n|faint|p1a: Conkeldurr\n|\n|-heal|p2a: Sneasler|90\/100|[from] Grassy Terrain\n|-fieldend|move: Grassy Terrain\n|upkeep\n|\n|t:|1700431346\n|switch|p1a: Rotom|Rotom-Wash|100\/100\n|-damage|p1a: Rotom|88\/100|[from] Stealth Rock\n|turn|12\n|\n|t:|1700431362\n|-terastallize|p1a: Rotom|Fairy\n|move|p2a: Sneasler|Close Combat|p1a: Rotom\n|-resisted|p1a: Rotom\n|-damage|p1a: Rotom|39\/100\n|-unboost|p2a: Sneasler|def|1\n|-unboost|p2a: Sneasler|spd|1\n|move|p1a: Rotom|Will-O-Wisp|p2a: Sneasler\n|-status|p2a: Sneasler|brn\n|\n|-heal|p1a: Rotom|45\/100|[from] item: Leftovers\n|-damage|p2a: Sneasler|84\/100 brn|[from] brn\n|upkeep\n|turn|13\n|\n|t:|1700431376\n|switch|p1a: Iron Treads|Iron Treads|100\/100\n|move|p2a: Sneasler|Dire Claw|p1a: Iron Treads\n|-immune|p1a: Iron Treads\n|\n|-damage|p2a: Sneasler|78\/100 brn|[from] brn\n|upkeep\n|turn|14\n|\n|t:|1700431382\n|move|p2a: Sneasler|Close Combat|p1a: Iron Treads\n|-supereffective|p1a: Iron Treads\n|-damage|p1a: Iron Treads|0 fnt\n|-unboost|p2a: Sneasler|def|1\n|-unboost|p2a: Sneasler|spd|1\n|faint|p1a: Iron Treads\n|-end|p1a: Iron Treads|Quark Drive|[silent]\n|\n|-damage|p2a: Sneasler|72\/100 brn|[from] brn\n|upkeep\n|\n|t:|1700431394\n|switch|p1a: Mienshao|Mienshao, F|100\/100\n|-damage|p1a: Mienshao|95\/100|[from] Stealth Rock\n|turn|15\n|\n|t:|1700431398\n|switch|p1a: Amoonguss|Amoonguss, F|66\/100\n|-damage|p1a: Amoonguss|54\/100|[from] Stealth Rock\n|-terastallize|p2a: Sneasler|Flying\n|move|p2a: Sneasler|Acrobatics|p1a: Amoonguss\n|-supereffective|p1a: Amoonguss\n|-damage|p1a: Amoonguss|0 fnt\n|faint|p1a: Amoonguss\n|\n|-damage|p2a: Sneasler|66\/100 brn|[from] brn\n|upkeep\n|\n|t:|1700431406\n|switch|p1a: Rotom|Rotom-Wash, tera:Fairy|45\/100\n|-damage|p1a: Rotom|32\/100|[from] Stealth Rock\n|turn|16\n|\n|t:|1700431410\n|move|p2a: Sneasler|Dire Claw|p1a: Rotom\n|-supereffective|p1a: Rotom\n|-damage|p1a: Rotom|0 fnt\n|faint|p1a: Rotom\n|\n|-damage|p2a: Sneasler|60\/100 brn|[from] brn\n|upkeep\n|\n|t:|1700431413\n|switch|p1a: Heatran|Heatran, M|100\/100\n|-damage|p1a: Heatran|88\/100|[from] Stealth Rock\n|-item|p1a: Heatran|Air Balloon\n|turn|17\n|\n|t:|1700431415\n|move|p2a: Sneasler|Close Combat|p1a: Heatran\n|-supereffective|p1a: Heatran\n|-damage|p1a: Heatran|0 fnt\n|-unboost|p2a: Sneasler|def|1\n|-unboost|p2a: Sneasler|spd|1\n|-enditem|p1a: Heatran|Air Balloon\n|faint|p1a: Heatran\n|\n|-damage|p2a: Sneasler|54\/100 brn|[from] brn\n|upkeep\n|\n|t:|1700431418\n|switch|p1a: Mienshao|Mienshao, F|100\/100\n|-damage|p1a: Mienshao|95\/100|[from] Stealth Rock\n|turn|18\n|\n|t:|1700431421\n|move|p2a: Sneasler|Acrobatics|p1a: Mienshao\n|-supereffective|p1a: Mienshao\n|-damage|p1a: Mienshao|0 fnt\n|faint|p1a: Mienshao\n|\n|win|FoodieTheFood\n|raw|enterzync's rating: 1222 &rarr; <strong>1196<\/strong><br \/>(-26 for losing)\n|raw|FoodieTheFood's rating: 1204 &rarr; <strong>1230<\/strong><br \/>(+26 for winning)\n","uploadtime":1700431425,"views":14,"p1id":"enterzync","p2id":"foodiethefood","formatid":"gen9ou","rating":1196,"private":0,"password":""}