{"id":"gen9ou-1989199981","p1":"ThatAnonOverThere","p2":"NiceJynxFan","format":"[Gen 9] OU","log":"|j|\u2606ThatAnonOverThere\n|j|\u2606NiceJynxFan\n|t:|1699822684\n|gametype|singles\n|player|p1|ThatAnonOverThere|hilbert|1330\n|player|p2|NiceJynxFan|hugh|1393\n|teamsize|p1|6\n|teamsize|p2|6\n|gen|9\n|tier|[Gen 9] OU\n|rated|\n|rule|Sleep Clause Mod: Limit one foe put to sleep\n|rule|Species Clause: Limit one of each Pok\u00e9mon\n|rule|OHKO Clause: OHKO moves are banned\n|rule|Evasion Items Clause: Evasion items are banned\n|rule|Evasion Moves Clause: Evasion moves are banned\n|rule|Endless Battle Clause: Forcing endless battles is banned\n|rule|HP Percentage Mod: HP is shown in percentages\n|clearpoke\n|poke|p1|Ceruledge, M|\n|poke|p1|Greninja-*, M|\n|poke|p1|Iron Valiant|\n|poke|p1|Glimmora, F|\n|poke|p1|Kingambit, F|\n|poke|p1|Zapdos|\n|poke|p2|Rillaboom, F|\n|poke|p2|Great Tusk|\n|poke|p2|Kingambit, F|\n|poke|p2|Zapdos|\n|poke|p2|Slowking-Galar, M|\n|poke|p2|Cinderace, M|\n|teampreview\n|inactive|Battle timer is ON: inactive players will automatically lose when time's up. (requested by ThatAnonOverThere)\n|\n|t:|1699822706\n|start\n|switch|p1a: Ceruledge|Ceruledge, M|100\/100\n|switch|p2a: raf simons|Slowking-Galar, M|100\/100\n|turn|1\n|\n|t:|1699822711\n|move|p1a: Ceruledge|Bulk Up|p1a: Ceruledge\n|-boost|p1a: Ceruledge|atk|1\n|-boost|p1a: Ceruledge|def|1\n|move|p2a: raf simons|Surf|p1a: Ceruledge\n|-supereffective|p1a: Ceruledge\n|-damage|p1a: Ceruledge|64\/100\n|\n|upkeep\n|turn|2\n|\n|t:|1699822723\n|switch|p2a: Great Tusk|Great Tusk|100\/100\n|move|p1a: Ceruledge|Bitter Blade|p2a: Great Tusk\n|-damage|p2a: Great Tusk|68\/100\n|-heal|p1a: Ceruledge|84\/100|[from] drain|[of] p2a: Great Tusk\n|\n|-heal|p2a: Great Tusk|74\/100|[from] item: Leftovers\n|upkeep\n|turn|3\n|\n|t:|1699822729\n|-terastallize|p1a: Ceruledge|Bug\n|move|p2a: Great Tusk|Headlong Rush|p1a: Ceruledge\n|-resisted|p1a: Ceruledge\n|-damage|p1a: Ceruledge|65\/100\n|-unboost|p2a: Great Tusk|def|1\n|-unboost|p2a: Great Tusk|spd|1\n|move|p1a: Ceruledge|Bulk Up|p1a: Ceruledge\n|-boost|p1a: Ceruledge|atk|1\n|-boost|p1a: Ceruledge|def|1\n|\n|-heal|p2a: Great Tusk|80\/100|[from] item: Leftovers\n|upkeep\n|turn|4\n|\n|t:|1699822740\n|-end|p2a: Great Tusk|Protosynthesis|[silent]\n|switch|p2a: Zapdos|Zapdos|100\/100\n|move|p1a: Ceruledge|Bitter Blade|p2a: Zapdos\n|-damage|p2a: Zapdos|41\/100\n|-heal|p1a: Ceruledge|96\/100|[from] drain|[of] p2a: Zapdos\n|\n|upkeep\n|turn|5\n|\n|t:|1699822749\n|move|p2a: Zapdos|Thunder Wave|p1a: Ceruledge\n|-status|p1a: Ceruledge|par\n|move|p1a: Ceruledge|Bitter Blade|p2a: Zapdos\n|-damage|p2a: Zapdos|0 fnt\n|-heal|p1a: Ceruledge|100\/100 par|[from] drain|[of] p2a: Zapdos\n|faint|p2a: Zapdos\n|\n|upkeep\n|\n|t:|1699822760\n|switch|p2a: raf simons|Slowking-Galar, M|100\/100\n|turn|6\n|\n|t:|1699822764\n|-terastallize|p2a: raf simons|Water\n|move|p1a: Ceruledge|Bitter Blade|p2a: raf simons\n|-resisted|p2a: raf simons\n|-damage|p2a: raf simons|63\/100\n|move|p2a: raf simons|Sludge Bomb|p1a: Ceruledge\n|-damage|p1a: Ceruledge|73\/100 par\n|\n|upkeep\n|turn|7\n|\n|t:|1699822771\n|move|p1a: Ceruledge|Shadow Sneak|p2a: raf simons\n|-crit|p2a: raf simons\n|-damage|p2a: raf simons|7\/100\n|move|p2a: raf simons|Sludge Bomb|p1a: Ceruledge\n|-damage|p1a: Ceruledge|48\/100 par\n|\n|upkeep\n|turn|8\n|inactive|NiceJynxFan has 120 seconds left.\n|\n|t:|1699822809\n|switch|p2a: Kingambit|Kingambit, F|100\/100\n|-activate|p2a: Kingambit|ability: Supreme Overlord\n|-start|p2a: Kingambit|fallen1|[silent]\n|cant|p1a: Ceruledge|par\n|\n|upkeep\n|turn|9\n|inactive|NiceJynxFan has 120 seconds left.\n|\n|t:|1699822815\n|move|p2a: Kingambit|Iron Head|p1a: Ceruledge\n|-damage|p1a: Ceruledge|17\/100 par\n|move|p1a: Ceruledge|Bitter Blade|p2a: Kingambit\n|-supereffective|p2a: Kingambit\n|-damage|p2a: Kingambit|0 fnt\n|-heal|p1a: Ceruledge|69\/100 par|[from] drain|[of] p2a: Kingambit\n|faint|p2a: Kingambit\n|-end|p2a: Kingambit|fallen1|[silent]\n|\n|upkeep\n|\n|t:|1699822820\n|switch|p2a: Rillaboom|Rillaboom, F|100\/100\n|-fieldstart|move: Grassy Terrain|[from] ability: Grassy Surge|[of] p2a: Rillaboom\n|turn|10\n|\n|t:|1699822825\n|move|p2a: Rillaboom|Knock Off|p1a: Ceruledge\n|-damage|p1a: Ceruledge|36\/100 par\n|-enditem|p1a: Ceruledge|Heavy-Duty Boots|[from] move: Knock Off|[of] p2a: Rillaboom\n|move|p1a: Ceruledge|Bitter Blade|p2a: Rillaboom\n|-supereffective|p2a: Rillaboom\n|-damage|p2a: Rillaboom|0 fnt\n|-heal|p1a: Ceruledge|84\/100 par|[from] drain|[of] p2a: Rillaboom\n|faint|p2a: Rillaboom\n|\n|-heal|p1a: Ceruledge|90\/100 par|[from] Grassy Terrain\n|upkeep\n|-message|NiceJynxFan forfeited.\n|\n|win|ThatAnonOverThere\n|raw|ThatAnonOverThere's rating: 1330 &rarr; <strong>1354<\/strong><br \/>(+24 for winning)\n|raw|NiceJynxFan's rating: 1393 &rarr; <strong>1369<\/strong><br \/>(-24 for losing)\n|l|\u2606NiceJynxFan\n|c|\u2606ThatAnonOverThere|gg\n","uploadtime":1699822839,"views":9,"p1id":"thatanonoverthere","p2id":"nicejynxfan","formatid":"gen9ou","rating":1354,"private":0,"password":""}