{"id":"gen9ou-1996849999","p1":"Xaro369","p2":"Skaraptor2.1","format":"[Gen 9] OU","log":"|j|\u2606Xaro369\n|j|\u2606Skaraptor2.1\n|t:|1700735193\n|gametype|singles\n|player|p1|Xaro369|colress|1422\n|player|p2|Skaraptor2.1|bodybuilderf-gen9|1437\n|teamsize|p1|6\n|teamsize|p2|6\n|gen|9\n|tier|[Gen 9] OU\n|rated|\n|rule|Sleep Clause Mod: Limit one foe put to sleep\n|rule|Species Clause: Limit one of each Pok\u00e9mon\n|rule|OHKO Clause: OHKO moves are banned\n|rule|Evasion Items Clause: Evasion items are banned\n|rule|Evasion Moves Clause: Evasion moves are banned\n|rule|Endless Battle Clause: Forcing endless battles is banned\n|rule|HP Percentage Mod: HP is shown in percentages\n|clearpoke\n|poke|p1|Ceruledge, M|\n|poke|p1|Walking Wake|\n|poke|p1|Hatterene, F|\n|poke|p1|Kingambit, F|\n|poke|p1|Ogerpon-Cornerstone, F|\n|poke|p1|Enamorus, F|\n|poke|p2|Ribombee, M|\n|poke|p2|Ogerpon-Wellspring, F|\n|poke|p2|Great Tusk|\n|poke|p2|Zamazenta-*|\n|poke|p2|Iron Valiant|\n|poke|p2|Kingambit, F|\n|teampreview\n|inactive|Battle timer is ON: inactive players will automatically lose when time's up. (requested by Skaraptor2.1)\n|\n|t:|1700735212\n|start\n|switch|p1a: Hatterene|Hatterene, F|100\/100\n|switch|p2a: Twink|Ribombee, M|100\/100\n|turn|1\n|\n|t:|1700735217\n|move|p2a: Twink|Skill Swap|p1a: Hatterene\n|-activate|p2a: Twink|move: Skill Swap|Magic Bounce|Shield Dust|[of] p1a: Hatterene\n|move|p1a: Hatterene|Mystical Fire|p2a: Twink\n|-supereffective|p2a: Twink\n|-damage|p2a: Twink|37\/100\n|-unboost|p2a: Twink|spa|1\n|\n|upkeep\n|turn|2\n|\n|t:|1700735223\n|move|p2a: Twink|Sticky Web|p1a: Hatterene\n|-sidestart|p1: Xaro369|move: Sticky Web\n|move|p1a: Hatterene|Mystical Fire|p2a: Twink\n|-supereffective|p2a: Twink\n|-damage|p2a: Twink|0 fnt\n|faint|p2a: Twink\n|\n|upkeep\n|\n|t:|1700735233\n|switch|p2a: Queengambit|Kingambit, F|100\/100\n|-activate|p2a: Queengambit|ability: Supreme Overlord\n|-start|p2a: Queengambit|fallen1|[silent]\n|turn|3\n|\n|t:|1700735239\n|-terastallize|p1a: Hatterene|Water\n|move|p2a: Queengambit|Iron Head|p1a: Hatterene\n|-resisted|p1a: Hatterene\n|-damage|p1a: Hatterene|80\/100\n|move|p1a: Hatterene|Mystical Fire|p2a: Queengambit\n|-supereffective|p2a: Queengambit\n|-damage|p2a: Queengambit|57\/100\n|-unboost|p2a: Queengambit|spa|1\n|\n|-heal|p2a: Queengambit|64\/100|[from] item: Leftovers\n|-heal|p1a: Hatterene|86\/100|[from] item: Leftovers\n|upkeep\n|turn|4\n|\n|t:|1700735246\n|move|p2a: Queengambit|Sucker Punch|p1a: Hatterene\n|-damage|p1a: Hatterene|53\/100\n|move|p1a: Hatterene|Mystical Fire|p2a: Queengambit\n|-supereffective|p2a: Queengambit\n|-damage|p2a: Queengambit|22\/100\n|-unboost|p2a: Queengambit|spa|1\n|\n|-heal|p2a: Queengambit|28\/100|[from] item: Leftovers\n|-heal|p1a: Hatterene|59\/100|[from] item: Leftovers\n|upkeep\n|turn|5\n|\n|t:|1700735252\n|move|p2a: Queengambit|Sucker Punch|p1a: Hatterene\n|-damage|p1a: Hatterene|24\/100\n|move|p1a: Hatterene|Mystical Fire|p2a: Queengambit\n|-supereffective|p2a: Queengambit\n|-crit|p2a: Queengambit\n|-damage|p2a: Queengambit|0 fnt\n|faint|p2a: Queengambit\n|-end|p2a: Queengambit|fallen1|[silent]\n|\n|-heal|p1a: Hatterene|30\/100|[from] item: Leftovers\n|upkeep\n|\n|t:|1700735257\n|switch|p2a: Transfem|Ogerpon-Wellspring, F|100\/100\n|turn|6\n|\n|t:|1700735262\n|move|p2a: Transfem|Horn Leech|p1a: Hatterene\n|-supereffective|p1a: Hatterene\n|-crit|p1a: Hatterene\n|-damage|p1a: Hatterene|0 fnt\n|faint|p1a: Hatterene\n|\n|upkeep\n|\n|t:|1700735266\n|switch|p1a: Ceruledge|Ceruledge, M|100\/100\n|-activate|p1a: Ceruledge|move: Sticky Web\n|-unboost|p1a: Ceruledge|spe|1\n|turn|7\n|\n|t:|1700735276\n|move|p2a: Transfem|Knock Off|p1a: Ceruledge\n|-supereffective|p1a: Ceruledge\n|-enditem|p1a: Ceruledge|Focus Sash\n|-damage|p1a: Ceruledge|1\/100\n|-ability|p1a: Ceruledge|Weak Armor|boost\n|-unboost|p1a: Ceruledge|def|1\n|-boost|p1a: Ceruledge|spe|2\n|move|p1a: Ceruledge|Poltergeist|p2a: Transfem\n|-activate|p2a: Transfem|move: Poltergeist|Wellspring Mask\n|-damage|p2a: Transfem|29\/100\n|\n|upkeep\n|turn|8\n|\n|t:|1700735287\n|move|p1a: Ceruledge|Bitter Blade|p2a: Transfem\n|-damage|p2a: Transfem|0 fnt\n|-heal|p1a: Ceruledge|16\/100|[from] drain|[of] p2a: Transfem\n|faint|p2a: Transfem\n|\n|upkeep\n|\n|t:|1700735292\n|switch|p2a: Bigender|Iron Valiant|100\/100\n|-enditem|p2a: Bigender|Booster Energy\n|-activate|p2a: Bigender|ability: Quark Drive|[fromitem]\n|-start|p2a: Bigender|quarkdrivespe\n|turn|9\n|\n|t:|1700735295\n|move|p1a: Ceruledge|Shadow Sneak|p2a: Bigender\n|-damage|p2a: Bigender|74\/100\n|move|p2a: Bigender|Moonblast|p1a: Ceruledge\n|-resisted|p1a: Ceruledge\n|-damage|p1a: Ceruledge|0 fnt\n|faint|p1a: Ceruledge\n|\n|upkeep\n|\n|t:|1700735300\n|switch|p1a: Ogerpon|Ogerpon-Cornerstone, F|100\/100\n|-activate|p1a: Ogerpon|move: Sticky Web\n|-unboost|p1a: Ogerpon|spe|1\n|turn|10\n|\n|t:|1700735304\n|move|p2a: Bigender|Moonblast|p1a: Ogerpon\n|-damage|p1a: Ogerpon|49\/100\n|move|p1a: Ogerpon|Horn Leech|p2a: Bigender\n|-damage|p2a: Bigender|16\/100\n|-heal|p1a: Ogerpon|77\/100|[from] drain|[of] p2a: Bigender\n|\n|upkeep\n|turn|11\n|\n|t:|1700735312\n|move|p2a: Bigender|Destiny Bond|p2a: Bigender\n|-singlemove|p2a: Bigender|Destiny Bond\n|move|p1a: Ogerpon|Horn Leech|p2a: Bigender\n|-damage|p2a: Bigender|0 fnt\n|-heal|p1a: Ogerpon|85\/100|[from] drain|[of] p2a: Bigender\n|faint|p2a: Bigender\n|-activate|p2a: Bigender|move: Destiny Bond\n|-end|p2a: Bigender|Quark Drive|[silent]\n|faint|p1a: Ogerpon\n|\n|upkeep\n|\n|t:|1700735316\n|switch|p2a: Raging Queer|Great Tusk|100\/100\n|switch|p1a: Enamorus|Enamorus, F|100\/100\n|turn|12\n|\n|t:|1700735318\n|move|p1a: Enamorus|Moonblast|p2a: Raging Queer\n|-supereffective|p2a: Raging Queer\n|-damage|p2a: Raging Queer|0 fnt\n|faint|p2a: Raging Queer\n|-end|p2a: Raging Queer|Protosynthesis|[silent]\n|\n|upkeep\n|\n|t:|1700735320\n|switch|p2a: Defender of Trans|Zamazenta, shiny|100\/100\n|-ability|p2a: Defender of Trans|Dauntless Shield|boost\n|-boost|p2a: Defender of Trans|def|1\n|turn|13\n|\n|t:|1700735323\n|-terastallize|p2a: Defender of Trans|Fire\n|move|p1a: Enamorus|Moonblast|p2a: Defender of Trans\n|-resisted|p2a: Defender of Trans\n|-damage|p2a: Defender of Trans|80\/100\n|move|p2a: Defender of Trans|Heavy Slam|p1a: Enamorus\n|-supereffective|p1a: Enamorus\n|-damage|p1a: Enamorus|18\/100\n|\n|-heal|p2a: Defender of Trans|86\/100|[from] item: Leftovers\n|upkeep\n|turn|14\n|inactive|Skaraptor2.1 has 120 seconds left.\n|\n|t:|1700735378\n|move|p1a: Enamorus|Moonblast|p2a: Defender of Trans\n|-resisted|p2a: Defender of Trans\n|-damage|p2a: Defender of Trans|66\/100\n|-unboost|p2a: Defender of Trans|spa|1\n|move|p2a: Defender of Trans|Body Press|p1a: Enamorus\n|-resisted|p1a: Enamorus\n|-damage|p1a: Enamorus|0 fnt\n|faint|p1a: Enamorus\n|\n|-heal|p2a: Defender of Trans|72\/100|[from] item: Leftovers\n|upkeep\n|\n|t:|1700735389\n|switch|p1a: Walking Wake|Walking Wake|100\/100\n|-activate|p1a: Walking Wake|move: Sticky Web\n|-unboost|p1a: Walking Wake|spe|1\n|-enditem|p1a: Walking Wake|Booster Energy\n|-activate|p1a: Walking Wake|ability: Protosynthesis|[fromitem]\n|-start|p1a: Walking Wake|protosynthesisspa\n|turn|15\n|\n|t:|1700735394\n|move|p2a: Defender of Trans|Body Press|p1a: Walking Wake\n|-damage|p1a: Walking Wake|42\/100\n|move|p1a: Walking Wake|Hydro Steam|p2a: Defender of Trans\n|-supereffective|p2a: Defender of Trans\n|-damage|p2a: Defender of Trans|0 fnt\n|faint|p2a: Defender of Trans\n|\n|win|Xaro369\n|raw|Xaro369's rating: 1422 &rarr; <strong>1443<\/strong><br \/>(+21 for winning)\n|raw|Skaraptor2.1's rating: 1437 &rarr; <strong>1416<\/strong><br \/>(-21 for losing)\n","uploadtime":1700735397,"views":2,"p1id":"xaro369","p2id":"skaraptor21","formatid":"gen9ou","rating":1416,"private":0,"password":""}