{"id":"gen9ou-1995913254","p1":"mau0032","p2":"Black sheeps","format":"[Gen 9] OU","log":"|j|\u2606mau0032\n|j|\u2606Black sheeps\n|t:|1700616726\n|gametype|singles\n|player|p1|mau0032|red|\n|player|p2|Black sheeps|roxie|\n|teamsize|p1|6\n|teamsize|p2|6\n|gen|9\n|tier|[Gen 9] OU\n|rule|Sleep Clause Mod: Limit one foe put to sleep\n|rule|Species Clause: Limit one of each Pok\u00e9mon\n|rule|OHKO Clause: OHKO moves are banned\n|rule|Evasion Items Clause: Evasion items are banned\n|rule|Evasion Moves Clause: Evasion moves are banned\n|rule|Endless Battle Clause: Forcing endless battles is banned\n|rule|HP Percentage Mod: HP is shown in percentages\n|clearpoke\n|poke|p1|Samurott-Hisui, M|\n|poke|p1|Corviknight, M|\n|poke|p1|Toedscruel, M|\n|poke|p1|Ditto|\n|poke|p1|Dudunsparce-*, F|\n|poke|p1|Slowking-Galar, F|\n|poke|p2|Heatran, M|\n|poke|p2|Florges, F|\n|poke|p2|Sableye, M|\n|poke|p2|Hydreigon, M|\n|poke|p2|Tornadus-Therian, M|\n|poke|p2|Electrode-Hisui|\n|teampreview\n|c|\u2606Black sheeps|Suerte\n|\n|t:|1700616744\n|start\n|switch|p1a: Toedscruel|Toedscruel, M|100\/100\n|switch|p2a: Electrode|Electrode-Hisui|100\/100\n|turn|1\n|\n|t:|1700616767\n|switch|p2a: Tornadus|Tornadus-Therian, M|100\/100\n|move|p1a: Toedscruel|Knock Off|p2a: Tornadus\n|-damage|p2a: Tornadus|79\/100\n|-damage|p1a: Toedscruel|84\/100|[from] item: Rocky Helmet|[of] p2a: Tornadus\n|-enditem|p2a: Tornadus|Rocky Helmet|[from] move: Knock Off|[of] p1a: Toedscruel\n|\n|upkeep\n|turn|2\n|\n|t:|1700616778\n|switch|p1a: Corviknight|Corviknight, M|100\/100\n|-ability|p1a: Corviknight|Pressure\n|move|p2a: Tornadus|Heat Wave|p1a: Corviknight\n|-supereffective|p1a: Corviknight\n|-damage|p1a: Corviknight|43\/100\n|-status|p1a: Corviknight|brn\n|\n|-heal|p1a: Corviknight|49\/100 brn|[from] item: Leftovers\n|-damage|p1a: Corviknight|43\/100 brn|[from] brn\n|upkeep\n|turn|3\n|\n|t:|1700616791\n|switch|p1a: Slowking|Slowking-Galar, F|100\/100\n|move|p2a: Tornadus|Heat Wave|p1a: Slowking\n|-damage|p1a: Slowking|85\/100\n|\n|upkeep\n|turn|4\n|\n|t:|1700616803\n|move|p2a: Tornadus|Knock Off|p1a: Slowking\n|-supereffective|p1a: Slowking\n|-damage|p1a: Slowking|37\/100\n|-enditem|p1a: Slowking|Assault Vest|[from] move: Knock Off|[of] p2a: Tornadus\n|move|p1a: Slowking|Future Sight|p2a: Tornadus\n|-start|p1a: Slowking|move: Future Sight\n|\n|upkeep\n|turn|5\n|\n|t:|1700616813\n|move|p2a: Tornadus|U-turn|p1a: Slowking\n|-damage|p1a: Slowking|20\/100\n|\n|t:|1700616817\n|switch|p2a: Hydreigon|Hydreigon, M|100\/100|[from] U-turn\n|move|p1a: Slowking|Surf|p2a: Hydreigon\n|-resisted|p2a: Hydreigon\n|-damage|p2a: Hydreigon|84\/100\n|\n|upkeep\n|turn|6\n|\n|t:|1700616828\n|switch|p1a: Toedscruel|Toedscruel, M|84\/100\n|move|p2a: Hydreigon|Dark Pulse|p1a: Toedscruel\n|-damage|p1a: Toedscruel|53\/100\n|\n|-end|p2a: Hydreigon|move: Future Sight\n|-immune|p2a: Hydreigon\n|upkeep\n|turn|7\n|\n|t:|1700616840\n|switch|p2a: Tornadus|Tornadus-Therian, M|100\/100\n|move|p1a: Toedscruel|Spore|p2a: Tornadus\n|-status|p2a: Tornadus|slp|[from] move: Spore\n|\n|upkeep\n|turn|8\n|\n|t:|1700616848\n|cant|p2a: Tornadus|slp\n|move|p1a: Toedscruel|Leech Seed|p2a: Tornadus\n|-start|p2a: Tornadus|move: Leech Seed\n|\n|-damage|p2a: Tornadus|88\/100 slp|[from] Leech Seed|[of] p1a: Toedscruel\n|-heal|p1a: Toedscruel|65\/100|[silent]\n|upkeep\n|turn|9\n|\n|t:|1700616856\n|switch|p1a: Slowking|Slowking-Galar, F|54\/100\n|-curestatus|p2a: Tornadus|slp|[msg]\n|move|p2a: Tornadus|U-turn|p1a: Slowking\n|-damage|p1a: Slowking|36\/100\n|\n|t:|1700616876\n|switch|p2a: Heatran|Heatran, M|100\/100|[from] U-turn\n|\n|upkeep\n|turn|10\n|\n|t:|1700616885\n|move|p2a: Heatran|Substitute|p2a: Heatran\n|-start|p2a: Heatran|Substitute\n|-damage|p2a: Heatran|76\/100\n|move|p1a: Slowking|Surf|p2a: Heatran\n|-supereffective|p2a: Heatran\n|-end|p2a: Heatran|Substitute\n|\n|-heal|p2a: Heatran|82\/100|[from] item: Leftovers\n|upkeep\n|turn|11\n|\n|t:|1700616894\n|move|p2a: Heatran|Magma Storm|p1a: Slowking\n|-damage|p1a: Slowking|0 fnt\n|faint|p1a: Slowking\n|\n|-heal|p2a: Heatran|88\/100|[from] item: Leftovers\n|upkeep\n|\n|t:|1700616902\n|switch|p1a: Samurott|Samurott-Hisui, M|100\/100\n|turn|12\n|\n|t:|1700616917\n|switch|p2a: Florges|Florges, F|100\/100\n|-terastallize|p1a: Samurott|Water\n|move|p1a: Samurott|Swords Dance|p1a: Samurott\n|-boost|p1a: Samurott|atk|2\n|\n|upkeep\n|turn|13\n|\n|t:|1700616939\n|move|p1a: Samurott|Aqua Cutter|p2a: Florges\n|-damage|p2a: Florges|0 fnt\n|faint|p2a: Florges\n|\n|upkeep\n|\n|t:|1700616950\n|switch|p2a: Electrode|Electrode-Hisui|100\/100\n|turn|14\n|\n|t:|1700616977\n|switch|p1a: Toedscruel|Toedscruel, M|65\/100\n|move|p2a: Electrode|Thunderbolt|p1a: Toedscruel\n|-immune|p1a: Toedscruel\n|\n|upkeep\n|turn|15\n|\n|t:|1700616996\n|switch|p2a: Tornadus|Tornadus-Therian, M|100\/100\n|move|p1a: Toedscruel|Toxic|p2a: Tornadus\n|-status|p2a: Tornadus|tox\n|\n|-damage|p2a: Tornadus|94\/100 tox|[from] psn\n|upkeep\n|turn|16\n|\n|t:|1700617006\n|switch|p1a: Corviknight|Corviknight, M|43\/100 brn\n|-ability|p1a: Corviknight|Pressure\n|move|p2a: Tornadus|Bleakwind Storm|p1a: Corviknight\n|-resisted|p1a: Corviknight\n|-damage|p1a: Corviknight|18\/100 brn\n|-unboost|p1a: Corviknight|spe|1\n|\n|-heal|p1a: Corviknight|25\/100 brn|[from] item: Leftovers\n|-damage|p2a: Tornadus|82\/100 tox|[from] psn\n|-damage|p1a: Corviknight|18\/100 brn|[from] brn\n|upkeep\n|turn|17\n|\n|t:|1700617024\n|move|p2a: Tornadus|Heat Wave|p1a: Corviknight|[miss]\n|-miss|p2a: Tornadus|p1a: Corviknight\n|move|p1a: Corviknight|Body Press|p2a: Tornadus\n|-resisted|p2a: Tornadus\n|-damage|p2a: Tornadus|72\/100 tox\n|\n|-heal|p1a: Corviknight|25\/100 brn|[from] item: Leftovers\n|-damage|p2a: Tornadus|54\/100 tox|[from] psn\n|-damage|p1a: Corviknight|18\/100 brn|[from] brn\n|upkeep\n|turn|18\n|\n|t:|1700617036\n|move|p2a: Tornadus|Knock Off|p1a: Corviknight\n|-damage|p1a: Corviknight|5\/100 brn\n|-enditem|p1a: Corviknight|Leftovers|[from] move: Knock Off|[of] p2a: Tornadus\n|move|p1a: Corviknight|Roost|p1a: Corviknight\n|-heal|p1a: Corviknight|55\/100 brn\n|-singleturn|p1a: Corviknight|move: Roost\n|\n|-damage|p2a: Tornadus|30\/100 tox|[from] psn\n|-damage|p1a: Corviknight|48\/100 brn|[from] brn\n|upkeep\n|turn|19\n|\n|t:|1700617047\n|move|p2a: Tornadus|U-turn|p1a: Corviknight\n|-resisted|p1a: Corviknight\n|-damage|p1a: Corviknight|46\/100 brn\n|\n|t:|1700617052\n|switch|p2a: Electrode|Electrode-Hisui|100\/100|[from] U-turn\n|move|p1a: Corviknight|Roost|p1a: Corviknight\n|-heal|p1a: Corviknight|96\/100 brn\n|-singleturn|p1a: Corviknight|move: Roost\n|\n|-damage|p1a: Corviknight|90\/100 brn|[from] brn\n|upkeep\n|turn|20\n|\n|t:|1700617068\n|switch|p1a: Toedscruel|Toedscruel, M|65\/100\n|move|p2a: Electrode|Chloroblast|p1a: Toedscruel\n|-damage|p1a: Toedscruel|0 fnt\n|faint|p1a: Toedscruel\n|-damage|p2a: Electrode|50\/100|[from] Recoil\n|\n|upkeep\n|\n|t:|1700617077\n|switch|p1a: Ditto|Ditto|100\/100\n|-transform|p1a: Ditto|p2a: Electrode|[from] ability: Imposter\n|turn|21\n|\n|t:|1700617143\n|switch|p2a: Sableye|Sableye, M|100\/100\n|move|p1a: Ditto|Thunderbolt|p2a: Sableye\n|-damage|p2a: Sableye|65\/100\n|-status|p2a: Sableye|par\n|\n|-heal|p2a: Sableye|71\/100 par|[from] item: Leftovers\n|upkeep\n|turn|22\n|\n|t:|1700617161\n|switch|p1a: Dudunsparce|Dudunsparce, F|100\/100\n|cant|p2a: Sableye|par\n|\n|-heal|p2a: Sableye|77\/100 par|[from] item: Leftovers\n|upkeep\n|turn|23\n|\n|t:|1700617169\n|move|p2a: Sableye|Will-O-Wisp|p1a: Dudunsparce\n|-status|p1a: Dudunsparce|brn\n|move|p1a: Dudunsparce|Lunge|p2a: Sableye\n|-damage|p2a: Sableye|65\/100 par\n|-unboost|p2a: Sableye|atk|1\n|\n|-heal|p2a: Sableye|71\/100 par|[from] item: Leftovers\n|-damage|p1a: Dudunsparce|94\/100 brn|[from] brn\n|upkeep\n|turn|24\n|\n|t:|1700617186\n|switch|p2a: Heatran|Heatran, M|88\/100\n|move|p1a: Dudunsparce|Lunge|p2a: Heatran\n|-resisted|p2a: Heatran\n|-damage|p2a: Heatran|87\/100\n|-unboost|p2a: Heatran|atk|1\n|\n|-heal|p1a: Dudunsparce|100\/100 brn|[from] item: Leftovers\n|-heal|p2a: Heatran|93\/100|[from] item: Leftovers\n|-damage|p1a: Dudunsparce|94\/100 brn|[from] brn\n|upkeep\n|turn|25\n|\n|t:|1700617200\n|move|p1a: Dudunsparce|Glare|p2a: Heatran\n|-status|p2a: Heatran|par\n|move|p2a: Heatran|Substitute|p2a: Heatran\n|-start|p2a: Heatran|Substitute\n|-damage|p2a: Heatran|68\/100 par\n|\n|-heal|p1a: Dudunsparce|100\/100 brn|[from] item: Leftovers\n|-heal|p2a: Heatran|74\/100 par|[from] item: Leftovers\n|-damage|p1a: Dudunsparce|94\/100 brn|[from] brn\n|upkeep\n|turn|26\n|\n|t:|1700617212\n|move|p1a: Dudunsparce|Headbutt|p2a: Heatran\n|-resisted|p2a: Heatran\n|-activate|p2a: Heatran|move: Substitute|[damage]\n|cant|p2a: Heatran|par\n|\n|-heal|p1a: Dudunsparce|100\/100 brn|[from] item: Leftovers\n|-heal|p2a: Heatran|81\/100 par|[from] item: Leftovers\n|-damage|p1a: Dudunsparce|94\/100 brn|[from] brn\n|upkeep\n|turn|27\n|\n|t:|1700617221\n|move|p1a: Dudunsparce|Headbutt|p2a: Heatran\n|-resisted|p2a: Heatran\n|-activate|p2a: Heatran|move: Substitute|[damage]\n|move|p2a: Heatran|Magma Storm|p1a: Dudunsparce|[miss]\n|-miss|p2a: Heatran|p1a: Dudunsparce\n|\n|-heal|p1a: Dudunsparce|100\/100 brn|[from] item: Leftovers\n|-heal|p2a: Heatran|87\/100 par|[from] item: Leftovers\n|-damage|p1a: Dudunsparce|94\/100 brn|[from] brn\n|upkeep\n|turn|28\n|\n|t:|1700617244\n|switch|p1a: Ditto|Ditto|100\/100\n|cant|p2a: Heatran|par\n|\n|-heal|p2a: Heatran|93\/100 par|[from] item: Leftovers\n|upkeep\n|turn|29\n|c|\u2606mau0032|xd\n|c|\u2606Black sheeps|Aaaaaa\n|c|\u2606Black sheeps|Que mala suerte carajo\n|c|\u2606Black sheeps|Justo en este turno\n|\n|t:|1700617265\n|switch|p1a: Dudunsparce|Dudunsparce, F|94\/100 brn\n|move|p2a: Heatran|Magma Storm|p1a: Dudunsparce|[miss]\n|-miss|p2a: Heatran|p1a: Dudunsparce\n|\n|-heal|p1a: Dudunsparce|100\/100 brn|[from] item: Leftovers\n|-heal|p2a: Heatran|99\/100 par|[from] item: Leftovers\n|-damage|p1a: Dudunsparce|94\/100 brn|[from] brn\n|upkeep\n|turn|30\n|\n|t:|1700617276\n|move|p1a: Dudunsparce|Headbutt|p2a: Heatran\n|-resisted|p2a: Heatran\n|-activate|p2a: Heatran|move: Substitute|[damage]\n|cant|p2a: Heatran|par\n|\n|-heal|p1a: Dudunsparce|100\/100 brn|[from] item: Leftovers\n|-heal|p2a: Heatran|100\/100 par|[from] item: Leftovers\n|-damage|p1a: Dudunsparce|94\/100 brn|[from] brn\n|upkeep\n|turn|31\n|c|\u2606Black sheeps|Ya bye\n|c|\u2606Black sheeps|Puto heattran JAJa\n|\n|t:|1700617297\n|move|p1a: Dudunsparce|Headbutt|p2a: Heatran\n|-resisted|p2a: Heatran\n|-activate|p2a: Heatran|move: Substitute|[damage]\n|move|p2a: Heatran|Magma Storm|p1a: Dudunsparce\n|-crit|p1a: Dudunsparce\n|-damage|p1a: Dudunsparce|27\/100 brn\n|-activate|p1a: Dudunsparce|move: Magma Storm|[of] p2a: Heatran\n|\n|-heal|p1a: Dudunsparce|33\/100 brn|[from] item: Leftovers\n|-damage|p1a: Dudunsparce|27\/100 brn|[from] brn\n|-damage|p1a: Dudunsparce|14\/100 brn|[from] move: Magma Storm|[partiallytrapped]\n|upkeep\n|turn|32\n|c|\u2606mau0032|no quiere jugar hot xd\n|c|\u2606mau0032|hoy\n|\n|t:|1700617310\n|move|p2a: Heatran|Protect|p2a: Heatran\n|-singleturn|p2a: Heatran|Protect\n|move|p1a: Dudunsparce|Headbutt|p2a: Heatran\n|-activate|p2a: Heatran|move: Protect\n|\n|-heal|p1a: Dudunsparce|20\/100 brn|[from] item: Leftovers\n|-damage|p1a: Dudunsparce|14\/100 brn|[from] brn\n|-damage|p1a: Dudunsparce|2\/100 brn|[from] move: Magma Storm|[partiallytrapped]\n|upkeep\n|turn|33\n|\n|t:|1700617321\n|move|p1a: Dudunsparce|Headbutt|p2a: Heatran\n|-resisted|p2a: Heatran\n|-activate|p2a: Heatran|move: Substitute|[damage]\n|move|p2a: Heatran|Flash Cannon|p1a: Dudunsparce\n|-damage|p1a: Dudunsparce|0 fnt\n|faint|p1a: Dudunsparce\n|\n|upkeep\n|\n|t:|1700617328\n|switch|p1a: Samurott|Samurott-Hisui, M, tera:Water|100\/100\n|turn|34\n|\n|t:|1700617333\n|move|p1a: Samurott|Swords Dance|p1a: Samurott\n|-boost|p1a: Samurott|atk|2\n|move|p2a: Heatran|Magma Storm|p1a: Samurott\n|-resisted|p1a: Samurott\n|-damage|p1a: Samurott|67\/100\n|-activate|p1a: Samurott|move: Magma Storm|[of] p2a: Heatran\n|\n|-damage|p1a: Samurott|55\/100|[from] move: Magma Storm|[partiallytrapped]\n|upkeep\n|turn|35\n|\n|t:|1700617344\n|move|p2a: Heatran|Protect|p2a: Heatran\n|-singleturn|p2a: Heatran|Protect\n|move|p1a: Samurott|Aqua Jet|p2a: Heatran\n|-activate|p2a: Heatran|move: Protect\n|\n|-damage|p1a: Samurott|43\/100|[from] move: Magma Storm|[partiallytrapped]\n|upkeep\n|turn|36\n|\n|t:|1700617358\n|move|p1a: Samurott|Aqua Jet|p2a: Heatran\n|-supereffective|p2a: Heatran\n|-end|p2a: Heatran|Substitute\n|cant|p2a: Heatran|par\n|\n|-damage|p1a: Samurott|30\/100|[from] move: Magma Storm|[partiallytrapped]\n|upkeep\n|turn|37\n|c|\u2606Black sheeps|Noooooooo\n|c|\u2606Black sheeps|La re ptm\n|\n|t:|1700617371\n|cant|p2a: Heatran|par\n|move|p1a: Samurott|Aqua Cutter|p2a: Heatran\n|-supereffective|p2a: Heatran\n|-damage|p2a: Heatran|0 fnt\n|faint|p2a: Heatran\n|\n|-end|p1a: Samurott|Magma Storm|[partiallytrapped]|[silent]\n|upkeep\n|\n|t:|1700617382\n|switch|p2a: Electrode|Electrode-Hisui|50\/100\n|turn|38\n|\n|t:|1700617413\n|switch|p2a: Tornadus|Tornadus-Therian, M|63\/100 tox\n|move|p1a: Samurott|Aqua Jet|p2a: Tornadus\n|-crit|p2a: Tornadus\n|-damage|p2a: Tornadus|0 fnt\n|faint|p2a: Tornadus\n|\n|upkeep\n|\n|t:|1700617421\n|switch|p2a: Sableye|Sableye, M|71\/100 par\n|turn|39\n|\n|t:|1700617442\n|cant|p2a: Sableye|par\n|move|p1a: Samurott|Aqua Cutter|p2a: Sableye\n|-damage|p2a: Sableye|0 fnt\n|faint|p2a: Sableye\n|\n|upkeep\n|c|\u2606mau0032|xd\n|c|\u2606Black sheeps|Ten\u00eda que ser\n|\n|t:|1700617454\n|switch|p2a: Hydreigon|Hydreigon, M|84\/100\n|turn|40\n|\n|t:|1700617478\n|move|p1a: Samurott|Aqua Jet|p2a: Hydreigon\n|-resisted|p2a: Hydreigon\n|-damage|p2a: Hydreigon|50\/100\n|move|p2a: Hydreigon|Dark Pulse|p1a: Samurott\n|-damage|p1a: Samurott|0 fnt\n|faint|p1a: Samurott\n|\n|upkeep\n|\n|t:|1700617486\n|switch|p1a: Ditto|Ditto|100\/100\n|-transform|p1a: Ditto|p2a: Hydreigon|[from] ability: Imposter\n|turn|41\n|\n|t:|1700617491\n|move|p1a: Ditto|Draco Meteor|p2a: Hydreigon\n|-supereffective|p2a: Hydreigon\n|-damage|p2a: Hydreigon|0 fnt\n|-unboost|p1a: Ditto|spa|2\n|faint|p2a: Hydreigon\n|\n|upkeep\n|\n|t:|1700617497\n|switch|p2a: Electrode|Electrode-Hisui|50\/100\n|turn|42\n|\n|t:|1700617502\n|switch|p1a: Corviknight|Corviknight, M|90\/100 brn\n|-ability|p1a: Corviknight|Pressure\n|move|p2a: Electrode|Thunderbolt|p1a: Corviknight\n|-supereffective|p1a: Corviknight\n|-damage|p1a: Corviknight|0 fnt\n|faint|p1a: Corviknight\n|\n|upkeep\n|\n|t:|1700617506\n|switch|p1a: Ditto|Ditto|100\/100\n|-transform|p1a: Ditto|p2a: Electrode|[from] ability: Imposter\n|turn|43\n|\n|t:|1700617534\n|move|p1a: Ditto|Thunderbolt|p2a: Electrode\n|-resisted|p2a: Electrode\n|-damage|p2a: Electrode|36\/100\n|move|p2a: Electrode|Thunderbolt|p1a: Ditto\n|-resisted|p1a: Ditto\n|-damage|p1a: Ditto|83\/100\n|\n|upkeep\n|turn|44\n|\n|t:|1700617541\n|move|p1a: Ditto|Thunderbolt|p2a: Electrode\n|-resisted|p2a: Electrode\n|-damage|p2a: Electrode|23\/100\n|move|p2a: Electrode|Thunderbolt|p1a: Ditto\n|-resisted|p1a: Ditto\n|-damage|p1a: Ditto|66\/100\n|\n|upkeep\n|turn|45\n|\n|t:|1700617548\n|move|p1a: Ditto|Thunderbolt|p2a: Electrode\n|-resisted|p2a: Electrode\n|-damage|p2a: Electrode|10\/100\n|move|p2a: Electrode|Thunderbolt|p1a: Ditto\n|-resisted|p1a: Ditto\n|-crit|p1a: Ditto\n|-damage|p1a: Ditto|41\/100\n|\n|upkeep\n|turn|46\n|\n|t:|1700617556\n|move|p1a: Ditto|Thunderbolt|p2a: Electrode\n|-resisted|p2a: Electrode\n|-damage|p2a: Electrode|0 fnt\n|faint|p2a: Electrode\n|\n|win|mau0032\n|c|\u2606mau0032|buena xd\n","uploadtime":1700617561,"views":21,"p1id":"mau0032","p2id":"blacksheeps","formatid":"gen9ou","rating":0,"private":0,"password":""}