{"id":"gen9ou-1996461093","p1":"Sir_Excalibur205","p2":"PLAYB0I R0BBIE B","format":"[Gen 9] OU","log":"|j|\u2606Sir_Excalibur205\n|j|\u2606PLAYB0I R0BBIE B\n|t:|1700684236\n|gametype|singles\n|player|p1|Sir_Excalibur205|veteran|1476\n|player|p2|PLAYB0I R0BBIE B|eusine|1449\n|teamsize|p1|6\n|teamsize|p2|6\n|gen|9\n|tier|[Gen 9] OU\n|rated|\n|rule|Sleep Clause Mod: Limit one foe put to sleep\n|rule|Species Clause: Limit one of each Pok\u00e9mon\n|rule|OHKO Clause: OHKO moves are banned\n|rule|Evasion Items Clause: Evasion items are banned\n|rule|Evasion Moves Clause: Evasion moves are banned\n|rule|Endless Battle Clause: Forcing endless battles is banned\n|rule|HP Percentage Mod: HP is shown in percentages\n|clearpoke\n|poke|p1|Iron Hands|\n|poke|p1|Brambleghast, M|\n|poke|p1|Ninetales-Alola, F|\n|poke|p1|Ceruledge, M|\n|poke|p1|Ribombee, F|\n|poke|p1|Walking Wake|\n|poke|p2|Zapdos|\n|poke|p2|Azumarill, M|\n|poke|p2|Hoopa-Unbound|\n|poke|p2|Dragapult, F|\n|poke|p2|Garganacl, F|\n|poke|p2|Great Tusk|\n|teampreview\n|inactive|Battle timer is ON: inactive players will automatically lose when time's up. (requested by PLAYB0I R0BBIE B)\n|\n|t:|1700684249\n|start\n|switch|p1a: Ceruledge|Ceruledge, M|100\/100\n|switch|p2a: P2|Zapdos|100\/100\n|turn|1\n|\n|t:|1700684252\n|move|p2a: P2|Thunder Wave|p1a: Ceruledge\n|-status|p1a: Ceruledge|par\n|move|p1a: Ceruledge|Swords Dance|p1a: Ceruledge\n|-boost|p1a: Ceruledge|atk|2\n|\n|upkeep\n|turn|2\n|\n|t:|1700684259\n|move|p2a: P2|Volt Switch|p1a: Ceruledge\n|-damage|p1a: Ceruledge|64\/100 par\n|\n|t:|1700684262\n|switch|p2a: Yessirskiii|Garganacl, F|100\/100|[from] Volt Switch\n|move|p1a: Ceruledge|Swords Dance|p1a: Ceruledge\n|-boost|p1a: Ceruledge|atk|2\n|\n|upkeep\n|turn|3\n|\n|t:|1700684266\n|move|p1a: Ceruledge|Bitter Blade|p2a: Yessirskiii\n|-resisted|p2a: Yessirskiii\n|-damage|p2a: Yessirskiii|62\/100\n|-heal|p1a: Ceruledge|91\/100 par|[from] drain|[of] p2a: Yessirskiii\n|move|p2a: Yessirskiii|Salt Cure|p1a: Ceruledge\n|-supereffective|p1a: Ceruledge\n|-damage|p1a: Ceruledge|53\/100 par\n|-start|p1a: Ceruledge|Salt Cure\n|-ability|p1a: Ceruledge|Weak Armor|boost\n|-unboost|p1a: Ceruledge|def|1\n|-boost|p1a: Ceruledge|spe|2\n|\n|-heal|p2a: Yessirskiii|68\/100|[from] item: Leftovers\n|-damage|p1a: Ceruledge|41\/100 par|[from] Salt Cure\n|upkeep\n|turn|4\n|\n|t:|1700684272\n|switch|p1a: Walking Wake|Walking Wake|100\/100\n|move|p2a: Yessirskiii|Stealth Rock|p1a: Walking Wake\n|-sidestart|p1: Sir_Excalibur205|move: Stealth Rock\n|\n|-heal|p2a: Yessirskiii|74\/100|[from] item: Leftovers\n|upkeep\n|turn|5\n|\n|t:|1700684275\n|move|p2a: Yessirskiii|Protect|p2a: Yessirskiii\n|-singleturn|p2a: Yessirskiii|Protect\n|move|p1a: Walking Wake|Hydro Steam|p2a: Yessirskiii\n|-activate|p2a: Yessirskiii|move: Protect\n|\n|-heal|p2a: Yessirskiii|80\/100|[from] item: Leftovers\n|upkeep\n|turn|6\n|\n|t:|1700684279\n|-end|p1a: Walking Wake|Protosynthesis|[silent]\n|switch|p1a: Ceruledge|Ceruledge, M|41\/100 par\n|-damage|p1a: Ceruledge|16\/100 par|[from] Stealth Rock\n|switch|p2a: Baby Pluto|Azumarill, M|100\/100\n|\n|upkeep\n|turn|7\n|\n|t:|1700684285\n|move|p2a: Baby Pluto|Aqua Jet|p1a: Ceruledge\n|-supereffective|p1a: Ceruledge\n|-damage|p1a: Ceruledge|0 fnt\n|faint|p1a: Ceruledge\n|\n|upkeep\n|\n|t:|1700684289\n|switch|p1a: Ninetales|Ninetales-Alola, F, shiny|100\/100\n|-damage|p1a: Ninetales|76\/100|[from] Stealth Rock\n|-weather|Snow|[from] ability: Snow Warning|[of] p1a: Ninetales\n|turn|8\n|\n|t:|1700684292\n|move|p1a: Ninetales|Aurora Veil|p1a: Ninetales\n|-sidestart|p1: Sir_Excalibur205|move: Aurora Veil\n|move|p2a: Baby Pluto|Liquidation|p1a: Ninetales\n|-damage|p1a: Ninetales|48\/100\n|\n|-weather|Snow|[upkeep]\n|upkeep\n|turn|9\n|\n|t:|1700684297\n|switch|p2a: Yessirskiii|Garganacl, F|80\/100\n|move|p1a: Ninetales|Freeze-Dry|p2a: Yessirskiii\n|-damage|p2a: Yessirskiii|55\/100\n|\n|-weather|Snow|[upkeep]\n|-heal|p2a: Yessirskiii|61\/100|[from] item: Leftovers\n|upkeep\n|turn|10\n|\n|t:|1700684305\n|move|p1a: Ninetales|Moonblast|p2a: Yessirskiii\n|-damage|p2a: Yessirskiii|30\/100\n|move|p2a: Yessirskiii|Salt Cure|p1a: Ninetales\n|-supereffective|p1a: Ninetales\n|-damage|p1a: Ninetales|33\/100\n|-start|p1a: Ninetales|Salt Cure\n|\n|-weather|Snow|[upkeep]\n|-heal|p2a: Yessirskiii|36\/100|[from] item: Leftovers\n|-damage|p1a: Ninetales|21\/100|[from] Salt Cure\n|upkeep\n|turn|11\n|\n|t:|1700684310\n|move|p1a: Ninetales|Encore|p2a: Yessirskiii\n|-start|p2a: Yessirskiii|Encore\n|move|p2a: Yessirskiii|Salt Cure|p1a: Ninetales\n|-supereffective|p1a: Ninetales\n|-damage|p1a: Ninetales|8\/100\n|\n|-weather|Snow|[upkeep]\n|-heal|p2a: Yessirskiii|42\/100|[from] item: Leftovers\n|-damage|p1a: Ninetales|0 fnt|[from] Salt Cure\n|faint|p1a: Ninetales\n|upkeep\n|\n|t:|1700684314\n|switch|p1a: Non-Stop|Iron Hands|100\/100\n|-damage|p1a: Non-Stop|94\/100|[from] Stealth Rock\n|turn|12\n|\n|t:|1700684320\n|switch|p2a: Myron|Great Tusk|100\/100\n|move|p1a: Non-Stop|Swords Dance|p1a: Non-Stop\n|-boost|p1a: Non-Stop|atk|2\n|\n|-weather|none\n|upkeep\n|turn|13\n|\n|t:|1700684325\n|move|p2a: Myron|Headlong Rush|p1a: Non-Stop\n|-supereffective|p1a: Non-Stop\n|-damage|p1a: Non-Stop|53\/100\n|-unboost|p2a: Myron|def|1\n|-unboost|p2a: Myron|spd|1\n|move|p1a: Non-Stop|Swords Dance|p1a: Non-Stop\n|-boost|p1a: Non-Stop|atk|2\n|\n|upkeep\n|turn|14\n|\n|t:|1700684332\n|-terastallize|p1a: Non-Stop|Flying\n|move|p2a: Myron|Headlong Rush|p1a: Non-Stop\n|-immune|p1a: Non-Stop\n|move|p1a: Non-Stop|Drain Punch|p2a: Myron\n|-crit|p2a: Myron\n|-damage|p2a: Myron|0 fnt\n|-heal|p1a: Non-Stop|90\/100|[from] drain|[of] p2a: Myron\n|faint|p2a: Myron\n|-end|p2a: Myron|Protosynthesis|[silent]\n|\n|upkeep\n|\n|t:|1700684344\n|switch|p2a: P2|Zapdos|100\/100\n|turn|15\n|\n|t:|1700684347\n|move|p2a: P2|Thunder Wave|p1a: Non-Stop\n|-status|p1a: Non-Stop|par\n|-enditem|p1a: Non-Stop|Lum Berry|[eat]\n|-curestatus|p1a: Non-Stop|par|[msg]\n|move|p1a: Non-Stop|Thunder Punch|p2a: P2\n|-damage|p2a: P2|7\/100\n|\n|-sideend|p1: Sir_Excalibur205|move: Aurora Veil\n|upkeep\n|turn|16\n|\n|t:|1700684352\n|move|p2a: P2|Thunder Wave|p1a: Non-Stop\n|-status|p1a: Non-Stop|par\n|move|p1a: Non-Stop|Tera Blast|p2a: P2|[anim] Tera Blast Flying\n|-resisted|p2a: P2\n|-damage|p2a: P2|0 fnt\n|faint|p2a: P2\n|\n|upkeep\n|\n|t:|1700684355\n|switch|p2a: Lo Mein|Dragapult, F|100\/100\n|turn|17\n|\n|t:|1700684362\n|move|p2a: Lo Mein|Draco Meteor|p1a: Non-Stop\n|-damage|p1a: Non-Stop|37\/100 par\n|-unboost|p2a: Lo Mein|spa|2\n|move|p1a: Non-Stop|Tera Blast|p2a: Lo Mein|[anim] Tera Blast Flying\n|-damage|p2a: Lo Mein|0 fnt\n|faint|p2a: Lo Mein\n|\n|upkeep\n|\n|t:|1700684373\n|switch|p2a: Chrome Heart Tags|Hoopa-Unbound|100\/100\n|turn|18\n|\n|t:|1700684376\n|move|p2a: Chrome Heart Tags|Hyperspace Fury|p1a: Non-Stop\n|-damage|p1a: Non-Stop|0 fnt\n|-unboost|p2a: Chrome Heart Tags|def|1\n|faint|p1a: Non-Stop\n|-end|p1a: Non-Stop|Quark Drive|[silent]\n|\n|upkeep\n|\n|t:|1700684380\n|switch|p1a: Ribombee|Ribombee, F, shiny|100\/100\n|-damage|p1a: Ribombee|76\/100|[from] Stealth Rock\n|turn|19\n|\n|t:|1700684392\n|switch|p2a: Yessirskiii|Garganacl, F|42\/100\n|move|p1a: Ribombee|Moonblast|p2a: Yessirskiii\n|-damage|p2a: Yessirskiii|8\/100\n|-unboost|p2a: Yessirskiii|spa|1\n|\n|-heal|p2a: Yessirskiii|14\/100|[from] item: Leftovers\n|upkeep\n|turn|20\n|\n|t:|1700684396\n|move|p1a: Ribombee|Moonblast|p2a: Yessirskiii\n|-damage|p2a: Yessirskiii|0 fnt\n|faint|p2a: Yessirskiii\n|\n|upkeep\n|\n|t:|1700684399\n|switch|p2a: Baby Pluto|Azumarill, M|100\/100\n|turn|21\n|\n|t:|1700684406\n|move|p1a: Ribombee|Tailwind|p1a: Ribombee\n|-sidestart|p1: Sir_Excalibur205|move: Tailwind\n|move|p2a: Baby Pluto|Liquidation|p1a: Ribombee\n|-damage|p1a: Ribombee|0 fnt\n|faint|p1a: Ribombee\n|\n|upkeep\n|\n|t:|1700684409\n|switch|p1a: Brambleghast|Brambleghast, M|100\/100\n|-damage|p1a: Brambleghast|88\/100|[from] Stealth Rock\n|-ability|p1a: Brambleghast|Wind Rider|boost\n|-boost|p1a: Brambleghast|atk|1\n|turn|22\n|\n|t:|1700684416\n|move|p1a: Brambleghast|Poltergeist|p2a: Baby Pluto\n|-activate|p2a: Baby Pluto|move: Poltergeist|Assault Vest\n|-crit|p2a: Baby Pluto\n|-damage|p2a: Baby Pluto|0 fnt\n|faint|p2a: Baby Pluto\n|\n|upkeep\n|\n|t:|1700684419\n|switch|p2a: Chrome Heart Tags|Hoopa-Unbound|100\/100\n|turn|23\n|\n|t:|1700684422\n|-terastallize|p2a: Chrome Heart Tags|Dark\n|move|p1a: Brambleghast|Poltergeist|p2a: Chrome Heart Tags\n|-activate|p2a: Chrome Heart Tags|move: Poltergeist|Choice Band\n|-resisted|p2a: Chrome Heart Tags\n|-damage|p2a: Chrome Heart Tags|15\/100\n|move|p2a: Chrome Heart Tags|Hyperspace Fury|p1a: Brambleghast\n|-supereffective|p1a: Brambleghast\n|-damage|p1a: Brambleghast|0 fnt\n|-unboost|p2a: Chrome Heart Tags|def|1\n|faint|p1a: Brambleghast\n|\n|upkeep\n|\n|t:|1700684430\n|switch|p1a: Walking Wake|Walking Wake|100\/100\n|-damage|p1a: Walking Wake|88\/100|[from] Stealth Rock\n|turn|24\n|\n|t:|1700684434\n|move|p1a: Walking Wake|Hydro Steam|p2a: Chrome Heart Tags\n|-damage|p2a: Chrome Heart Tags|0 fnt\n|faint|p2a: Chrome Heart Tags\n|\n|win|Sir_Excalibur205\n|raw|Sir_Excalibur205's rating: 1476 &rarr; <strong>1494<\/strong><br \/>(+18 for winning)\n|raw|PLAYB0I R0BBIE B's rating: 1449 &rarr; <strong>1431<\/strong><br \/>(-18 for losing)\n","uploadtime":1700684439,"views":0,"p1id":"sirexcalibur205","p2id":"playb0ir0bbieb","formatid":"gen9ou","rating":1431,"private":0,"password":""}