{"id":"gen9ou-1992084244","p1":"GrassyStandard","p2":"Pledge929","format":"[Gen 9] OU","log":"|j|\u2606GrassyStandard\n|j|\u2606Pledge929\n|t:|1700153741\n|gametype|singles\n|player|p1|GrassyStandard|koga|1122\n|player|p2|Pledge929|101|1181\n|teamsize|p1|6\n|teamsize|p2|6\n|gen|9\n|tier|[Gen 9] OU\n|rated|\n|rule|Sleep Clause Mod: Limit one foe put to sleep\n|rule|Species Clause: Limit one of each Pok\u00e9mon\n|rule|OHKO Clause: OHKO moves are banned\n|rule|Evasion Items Clause: Evasion items are banned\n|rule|Evasion Moves Clause: Evasion moves are banned\n|rule|Endless Battle Clause: Forcing endless battles is banned\n|rule|HP Percentage Mod: HP is shown in percentages\n|clearpoke\n|poke|p1|Ogerpon-Wellspring, F|\n|poke|p1|Rillaboom, F|\n|poke|p1|Sneasler, F|\n|poke|p1|Zamazenta-*|\n|poke|p1|Hatterene, F|\n|poke|p1|Heatran, M|\n|poke|p2|Sneasler, M|\n|poke|p2|Rillaboom, F|\n|poke|p2|Samurott-Hisui, F|\n|poke|p2|Great Tusk|\n|poke|p2|Clefable, M|\n|poke|p2|Dragonite, M|\n|teampreview\n|\n|t:|1700153759\n|start\n|switch|p1a: Monke|Rillaboom, F|100\/100\n|switch|p2a: Dragonite|Dragonite, M|100\/100\n|-fieldstart|move: Grassy Terrain|[from] ability: Grassy Surge|[of] p1a: Monke\n|turn|1\n|\n|t:|1700153767\n|move|p2a: Dragonite|Dragon Dance|p2a: Dragonite\n|-boost|p2a: Dragonite|atk|1\n|-boost|p2a: Dragonite|spe|1\n|move|p1a: Monke|U-turn|p2a: Dragonite\n|-resisted|p2a: Dragonite\n|-damage|p2a: Dragonite|90\/100\n|\n|t:|1700153775\n|switch|p1a: Fidora|Hatterene, F|100\/100|[from] U-turn\n|-enditem|p1a: Fidora|Grassy Seed\n|-boost|p1a: Fidora|def|1|[from] item: Grassy Seed\n|\n|upkeep\n|turn|2\n|\n|t:|1700153786\n|-terastallize|p2a: Dragonite|Normal\n|move|p2a: Dragonite|Dragon Dance|p2a: Dragonite\n|-boost|p2a: Dragonite|atk|1\n|-boost|p2a: Dragonite|spe|1\n|move|p1a: Fidora|Nuzzle|p2a: Dragonite\n|-damage|p2a: Dragonite|85\/100\n|-status|p2a: Dragonite|par\n|\n|-heal|p2a: Dragonite|92\/100 par|[from] Grassy Terrain\n|upkeep\n|turn|3\n|\n|t:|1700153801\n|cant|p2a: Dragonite|par\n|move|p1a: Fidora|Draining Kiss|p2a: Dragonite\n|-damage|p2a: Dragonite|66\/100 par\n|\n|-heal|p2a: Dragonite|72\/100 par|[from] Grassy Terrain\n|upkeep\n|turn|4\n|\n|t:|1700153806\n|move|p2a: Dragonite|Extreme Speed|p1a: Fidora\n|-damage|p1a: Fidora|56\/100\n|move|p1a: Fidora|Calm Mind|p1a: Fidora\n|-boost|p1a: Fidora|spa|1\n|-boost|p1a: Fidora|spd|1\n|\n|-heal|p2a: Dragonite|79\/100 par|[from] Grassy Terrain\n|-heal|p1a: Fidora|62\/100|[from] Grassy Terrain\n|upkeep\n|turn|5\n|\n|t:|1700153813\n|move|p2a: Dragonite|Extreme Speed|p1a: Fidora\n|-damage|p1a: Fidora|14\/100\n|move|p1a: Fidora|Draining Kiss|p2a: Dragonite\n|-damage|p2a: Dragonite|40\/100 par\n|-heal|p1a: Fidora|43\/100|[from] drain|[of] p2a: Dragonite\n|\n|-heal|p2a: Dragonite|47\/100 par|[from] Grassy Terrain\n|-heal|p1a: Fidora|49\/100|[from] Grassy Terrain\n|-fieldend|move: Grassy Terrain\n|upkeep\n|turn|6\n|\n|t:|1700153819\n|cant|p2a: Dragonite|par\n|move|p1a: Fidora|Draining Kiss|p2a: Dragonite\n|-damage|p2a: Dragonite|9\/100 par\n|-heal|p1a: Fidora|77\/100|[from] drain|[of] p2a: Dragonite\n|\n|upkeep\n|turn|7\n|\n|t:|1700153824\n|move|p2a: Dragonite|Extreme Speed|p1a: Fidora\n|-damage|p1a: Fidora|33\/100\n|move|p1a: Fidora|Draining Kiss|p2a: Dragonite\n|-damage|p2a: Dragonite|0 fnt\n|-heal|p1a: Fidora|40\/100|[from] drain|[of] p2a: Dragonite\n|faint|p2a: Dragonite\n|\n|upkeep\n|\n|t:|1700153836\n|switch|p2a: Sneasler|Sneasler, M|100\/100\n|turn|8\n|\n|t:|1700153841\n|move|p2a: Sneasler|Close Combat|p1a: Fidora\n|-resisted|p1a: Fidora\n|-damage|p1a: Fidora|30\/100\n|-unboost|p2a: Sneasler|def|1\n|-unboost|p2a: Sneasler|spd|1\n|move|p1a: Fidora|Psyshock|p2a: Sneasler\n|-supereffective|p2a: Sneasler\n|-damage|p2a: Sneasler|0 fnt\n|faint|p2a: Sneasler\n|\n|upkeep\n|-message|Pledge929 forfeited.\n|\n|win|GrassyStandard\n|raw|GrassyStandard's rating: 1122 &rarr; <strong>1151<\/strong><br \/>(+29 for winning)\n|raw|Pledge929's rating: 1181 &rarr; <strong>1152<\/strong><br \/>(-29 for losing)\n|l|\u2606Pledge929\n","uploadtime":1700153852,"views":14,"p1id":"grassystandard","p2id":"pledge929","formatid":"gen9ou","rating":1151,"private":0,"password":""}