{"id":"gen9ou-1989403983","p1":"TomokasGG","p2":"Erick1607","format":"[Gen 9] OU","log":"|j|\u2606TomokasGG\n|j|\u2606Erick1607\n|t:|1699845872\n|gametype|singles\n|player|p1|TomokasGG|buck|1186\n|player|p2|Erick1607|red|1221\n|teamsize|p1|6\n|teamsize|p2|6\n|gen|9\n|tier|[Gen 9] OU\n|rated|\n|rule|Sleep Clause Mod: Limit one foe put to sleep\n|rule|Species Clause: Limit one of each Pok\u00e9mon\n|rule|OHKO Clause: OHKO moves are banned\n|rule|Evasion Items Clause: Evasion items are banned\n|rule|Evasion Moves Clause: Evasion moves are banned\n|rule|Endless Battle Clause: Forcing endless battles is banned\n|rule|HP Percentage Mod: HP is shown in percentages\n|clearpoke\n|poke|p1|Torkoal, F|\n|poke|p1|Walking Wake|\n|poke|p1|Kleavor, M|\n|poke|p1|Skeledirge, F|\n|poke|p1|Lokix, F|\n|poke|p1|Meowscarada, F|\n|poke|p2|Ninetales-Alola, M|\n|poke|p2|Sandslash-Alola, M|\n|poke|p2|Politoed, M|\n|poke|p2|Poliwrath, F|\n|poke|p2|Sinistcha|\n|poke|p2|Probopass, M|\n|teampreview\n|inactive|Battle timer is ON: inactive players will automatically lose when time's up. (requested by Erick1607)\n|\n|t:|1699845886\n|start\n|switch|p1a: Lokix|Lokix, F|100\/100\n|switch|p2a: Ninetales|Ninetales-Alola, M|100\/100\n|-weather|Snow|[from] ability: Snow Warning|[of] p2a: Ninetales\n|turn|1\n|\n|t:|1699845894\n|switch|p2a: Probopass|Probopass, M|100\/100\n|switch|p1a: Torkoal|Torkoal, F|100\/100\n|-weather|SunnyDay|[from] ability: Drought|[of] p1a: Torkoal\n|\n|-weather|SunnyDay|[upkeep]\n|upkeep\n|turn|2\n|\n|t:|1699845921\n|switch|p2a: Politoed|Politoed, M|100\/100\n|-weather|RainDance|[from] ability: Drizzle|[of] p2a: Politoed\n|switch|p1a: Kleavor|Kleavor, M|100\/100\n|\n|-weather|RainDance|[upkeep]\n|upkeep\n|turn|3\n|inactive|Erick1607 has 120 seconds left.\n|\n|t:|1699845952\n|move|p1a: Kleavor|Stone Axe|p2a: Politoed\n|-damage|p2a: Politoed|41\/100\n|-sidestart|p2: Erick1607|move: Stealth Rock\n|move|p2a: Politoed|Chilling Water|p1a: Kleavor\n|-supereffective|p1a: Kleavor\n|-damage|p1a: Kleavor|0 fnt\n|faint|p1a: Kleavor\n|\n|-weather|RainDance|[upkeep]\n|upkeep\n|\n|t:|1699845962\n|switch|p1a: Meowscarada|Meowscarada, F|100\/100\n|turn|4\n|\n|t:|1699845967\n|move|p1a: Meowscarada|Knock Off|p2a: Politoed\n|-start|p1a: Meowscarada|typechange|Dark|[from] ability: Protean\n|-damage|p2a: Politoed|0 fnt\n|-enditem|p2a: Politoed|Damp Rock|[from] move: Knock Off|[of] p1a: Meowscarada\n|faint|p2a: Politoed\n|\n|-weather|RainDance|[upkeep]\n|upkeep\n|\n|t:|1699845971\n|switch|p2a: Poliwrath|Poliwrath, F|100\/100\n|-damage|p2a: Poliwrath|94\/100|[from] Stealth Rock\n|turn|5\n|\n|t:|1699845982\n|switch|p1a: Walking Wake|Walking Wake|100\/100\n|move|p2a: Poliwrath|Bulk Up|p2a: Poliwrath\n|-boost|p2a: Poliwrath|atk|1\n|-boost|p2a: Poliwrath|def|1\n|\n|-weather|RainDance|[upkeep]\n|upkeep\n|turn|6\n|\n|t:|1699845994\n|move|p2a: Poliwrath|Knock Off|p1a: Walking Wake\n|-damage|p1a: Walking Wake|36\/100\n|-enditem|p1a: Walking Wake|Life Orb|[from] move: Knock Off|[of] p2a: Poliwrath\n|-damage|p2a: Poliwrath|84\/100|[from] item: Life Orb\n|move|p1a: Walking Wake|Hydro Steam|p2a: Poliwrath\n|-resisted|p2a: Poliwrath\n|-damage|p2a: Poliwrath|47\/100\n|\n|-weather|RainDance|[upkeep]\n|upkeep\n|turn|7\n|\n|t:|1699846012\n|-end|p1a: Walking Wake|Protosynthesis|[silent]\n|switch|p1a: Torkoal|Torkoal, F|100\/100\n|-weather|SunnyDay|[from] ability: Drought|[of] p1a: Torkoal\n|move|p2a: Poliwrath|Close Combat|p1a: Torkoal\n|-damage|p1a: Torkoal|43\/100\n|-unboost|p2a: Poliwrath|def|1\n|-unboost|p2a: Poliwrath|spd|1\n|-damage|p2a: Poliwrath|37\/100|[from] item: Life Orb\n|\n|-weather|SunnyDay|[upkeep]\n|upkeep\n|turn|8\n|\n|t:|1699846035\n|switch|p1a: Meowscarada|Meowscarada, F|100\/100\n|move|p2a: Poliwrath|Knock Off|p1a: Meowscarada\n|-resisted|p1a: Meowscarada\n|-damage|p1a: Meowscarada|56\/100\n|-enditem|p1a: Meowscarada|Focus Sash|[from] move: Knock Off|[of] p2a: Poliwrath\n|-damage|p2a: Poliwrath|27\/100|[from] item: Life Orb\n|\n|-weather|SunnyDay|[upkeep]\n|upkeep\n|turn|9\n|inactive|TomokasGG has 120 seconds left.\n|\n|t:|1699846054\n|move|p1a: Meowscarada|Knock Off|p2a: Poliwrath\n|-start|p1a: Meowscarada|typechange|Dark|[from] ability: Protean\n|-resisted|p2a: Poliwrath\n|-damage|p2a: Poliwrath|3\/100\n|-enditem|p2a: Poliwrath|Life Orb|[from] move: Knock Off|[of] p1a: Meowscarada\n|move|p2a: Poliwrath|Close Combat|p1a: Meowscarada\n|-supereffective|p1a: Meowscarada\n|-damage|p1a: Meowscarada|0 fnt\n|-unboost|p2a: Poliwrath|def|1\n|-unboost|p2a: Poliwrath|spd|1\n|faint|p1a: Meowscarada\n|\n|-weather|SunnyDay|[upkeep]\n|upkeep\n|inactive|TomokasGG has 120 seconds left.\n|\n|t:|1699846071\n|switch|p1a: Lokix|Lokix, F|100\/100\n|turn|10\n|\n|t:|1699846092\n|move|p1a: Lokix|U-turn|p2a: Poliwrath\n|-resisted|p2a: Poliwrath\n|-damage|p2a: Poliwrath|0 fnt\n|faint|p2a: Poliwrath\n|\n|t:|1699846097\n|switch|p1a: Walking Wake|Walking Wake|36\/100|[from] U-turn\n|-activate|p1a: Walking Wake|ability: Protosynthesis\n|-start|p1a: Walking Wake|protosynthesisspe\n|\n|-weather|SunnyDay|[upkeep]\n|upkeep\n|\n|t:|1699846102\n|switch|p2a: Ninetales|Ninetales-Alola, M|100\/100\n|-damage|p2a: Ninetales|76\/100|[from] Stealth Rock\n|-weather|Snow|[from] ability: Snow Warning|[of] p2a: Ninetales\n|-end|p1a: Walking Wake|Protosynthesis\n|turn|11\n|\n|t:|1699846109\n|-end|p1a: Walking Wake|Protosynthesis|[silent]\n|switch|p1a: Torkoal|Torkoal, F|43\/100\n|-weather|SunnyDay|[from] ability: Drought|[of] p1a: Torkoal\n|move|p2a: Ninetales|Chilling Water|p1a: Torkoal\n|-supereffective|p1a: Torkoal\n|-damage|p1a: Torkoal|26\/100\n|-unboost|p1a: Torkoal|atk|1\n|\n|-weather|SunnyDay|[upkeep]\n|upkeep\n|turn|12\n|inactive|TomokasGG has 120 seconds left.\n|\n|t:|1699846123\n|move|p2a: Ninetales|Moonblast|p1a: Torkoal\n|-resisted|p1a: Torkoal\n|-damage|p1a: Torkoal|4\/100\n|move|p1a: Torkoal|Rest|p1a: Torkoal\n|-status|p1a: Torkoal|slp|[from] move: Rest\n|-heal|p1a: Torkoal|100\/100 slp|[silent]\n|\n|-weather|SunnyDay|[upkeep]\n|upkeep\n|turn|13\n|inactive|TomokasGG has 120 seconds left.\n|\n|t:|1699846134\n|switch|p2a: Probopass|Probopass, M|100\/100\n|-damage|p2a: Probopass|94\/100|[from] Stealth Rock\n|cant|p1a: Torkoal|slp\n|\n|-weather|SunnyDay|[upkeep]\n|-heal|p2a: Probopass|100\/100|[from] item: Leftovers\n|upkeep\n|turn|14\n|inactive|TomokasGG has 120 seconds left.\n|\n|t:|1699846146\n|move|p2a: Probopass|Iron Defense|p2a: Probopass\n|-boost|p2a: Probopass|def|2\n|cant|p1a: Torkoal|slp\n|\n|-weather|SunnyDay|[upkeep]\n|upkeep\n|turn|15\n|inactive|TomokasGG has 120 seconds left.\n|\n|t:|1699846154\n|move|p2a: Probopass|Body Press|p1a: Torkoal\n|-damage|p1a: Torkoal|70\/100 slp\n|-curestatus|p1a: Torkoal|slp|[msg]\n|move|p1a: Torkoal|Flamethrower|p2a: Probopass\n|-damage|p2a: Probopass|78\/100\n|\n|-weather|SunnyDay|[upkeep]\n|-heal|p2a: Probopass|84\/100|[from] item: Leftovers\n|upkeep\n|turn|16\n|inactive|TomokasGG has 120 seconds left.\n|\n|t:|1699846166\n|move|p2a: Probopass|Body Press|p1a: Torkoal\n|-damage|p1a: Torkoal|39\/100\n|move|p1a: Torkoal|Flamethrower|p2a: Probopass\n|-damage|p2a: Probopass|60\/100\n|\n|-weather|SunnyDay|[upkeep]\n|-heal|p2a: Probopass|66\/100|[from] item: Leftovers\n|upkeep\n|turn|17\n|\n|t:|1699846176\n|switch|p1a: Skeledirge|Skeledirge, F|100\/100\n|move|p2a: Probopass|Iron Defense|p2a: Probopass\n|-boost|p2a: Probopass|def|2\n|\n|-weather|SunnyDay|[upkeep]\n|-heal|p2a: Probopass|72\/100|[from] item: Leftovers\n|upkeep\n|turn|18\n|\n|t:|1699846185\n|switch|p2a: Ninetales|Ninetales-Alola, M|76\/100\n|-damage|p2a: Ninetales|51\/100|[from] Stealth Rock\n|-weather|Snow|[from] ability: Snow Warning|[of] p2a: Ninetales\n|move|p1a: Skeledirge|Yawn|p2a: Ninetales\n|-start|p2a: Ninetales|move: Yawn|[of] p1a: Skeledirge\n|\n|-weather|Snow|[upkeep]\n|upkeep\n|turn|19\n|\n|t:|1699846196\n|switch|p2a: Probopass|Probopass, M|72\/100\n|-damage|p2a: Probopass|66\/100|[from] Stealth Rock\n|switch|p1a: Torkoal|Torkoal, F|39\/100\n|-weather|SunnyDay|[from] ability: Drought|[of] p1a: Torkoal\n|\n|-weather|SunnyDay|[upkeep]\n|-heal|p2a: Probopass|72\/100|[from] item: Leftovers\n|upkeep\n|turn|20\n|\n|t:|1699846212\n|move|p2a: Probopass|Body Press|p1a: Torkoal\n|-damage|p1a: Torkoal|24\/100\n|move|p1a: Torkoal|Rest|p1a: Torkoal\n|-status|p1a: Torkoal|slp|[from] move: Rest\n|-heal|p1a: Torkoal|100\/100 slp|[silent]\n|\n|-weather|SunnyDay|[upkeep]\n|-heal|p2a: Probopass|79\/100|[from] item: Leftovers\n|upkeep\n|turn|21\n|\n|t:|1699846224\n|switch|p2a: Ninetales|Ninetales-Alola, M|51\/100\n|-damage|p2a: Ninetales|26\/100|[from] Stealth Rock\n|-weather|Snow|[from] ability: Snow Warning|[of] p2a: Ninetales\n|switch|p1a: Walking Wake|Walking Wake|36\/100\n|\n|-weather|Snow|[upkeep]\n|upkeep\n|turn|22\n|\n|t:|1699846235\n|-end|p1a: Walking Wake|Protosynthesis|[silent]\n|switch|p1a: Torkoal|Torkoal, F|100\/100 slp\n|-weather|SunnyDay|[from] ability: Drought|[of] p1a: Torkoal\n|move|p2a: Ninetales|Moonblast|p1a: Torkoal\n|-resisted|p1a: Torkoal\n|-damage|p1a: Torkoal|75\/100 slp\n|\n|-weather|SunnyDay|[upkeep]\n|upkeep\n|turn|23\n|\n|t:|1699846249\n|move|p2a: Ninetales|Moonblast|p1a: Torkoal\n|-resisted|p1a: Torkoal\n|-damage|p1a: Torkoal|52\/100 slp\n|cant|p1a: Torkoal|slp\n|\n|-weather|SunnyDay|[upkeep]\n|upkeep\n|turn|24\n|\n|t:|1699846259\n|switch|p2a: Probopass|Probopass, M|79\/100\n|-damage|p2a: Probopass|72\/100|[from] Stealth Rock\n|cant|p1a: Torkoal|slp\n|\n|-weather|SunnyDay|[upkeep]\n|-heal|p2a: Probopass|79\/100|[from] item: Leftovers\n|upkeep\n|turn|25\n|\n|t:|1699846267\n|move|p2a: Probopass|Thunderbolt|p1a: Torkoal\n|-damage|p1a: Torkoal|31\/100 slp\n|-curestatus|p1a: Torkoal|slp|[msg]\n|move|p1a: Torkoal|Flamethrower|p2a: Probopass\n|-damage|p2a: Probopass|57\/100\n|\n|-weather|SunnyDay|[upkeep]\n|-heal|p2a: Probopass|63\/100|[from] item: Leftovers\n|upkeep\n|turn|26\n|\n|t:|1699846283\n|switch|p2a: Ninetales|Ninetales-Alola, M|26\/100\n|-damage|p2a: Ninetales|2\/100|[from] Stealth Rock\n|-weather|Snow|[from] ability: Snow Warning|[of] p2a: Ninetales\n|move|p1a: Torkoal|Rest|p1a: Torkoal\n|-status|p1a: Torkoal|slp|[from] move: Rest\n|-heal|p1a: Torkoal|100\/100 slp|[silent]\n|\n|-weather|Snow|[upkeep]\n|upkeep\n|turn|27\n|\n|t:|1699846300\n|switch|p1a: Walking Wake|Walking Wake|36\/100\n|move|p2a: Ninetales|Aurora Veil|p2a: Ninetales\n|-sidestart|p2: Erick1607|move: Aurora Veil\n|\n|-weather|Snow|[upkeep]\n|upkeep\n|turn|28\n|\n|t:|1699846318\n|move|p1a: Walking Wake|Hydro Steam|p2a: Ninetales\n|-damage|p2a: Ninetales|0 fnt\n|faint|p2a: Ninetales\n|\n|-weather|Snow|[upkeep]\n|upkeep\n|\n|t:|1699846334\n|switch|p2a: Sandslash|Sandslash-Alola, M|100\/100\n|-damage|p2a: Sandslash|88\/100|[from] Stealth Rock\n|turn|29\n|\n|t:|1699846342\n|-end|p1a: Walking Wake|Protosynthesis|[silent]\n|switch|p1a: Torkoal|Torkoal, F|100\/100 slp\n|-weather|SunnyDay|[from] ability: Drought|[of] p1a: Torkoal\n|move|p2a: Sandslash|Drill Run|p1a: Torkoal\n|-supereffective|p1a: Torkoal\n|-damage|p1a: Torkoal|65\/100 slp\n|\n|-weather|SunnyDay|[upkeep]\n|upkeep\n|turn|30\n|\n|t:|1699846352\n|move|p2a: Sandslash|Drill Run|p1a: Torkoal\n|-supereffective|p1a: Torkoal\n|-damage|p1a: Torkoal|28\/100 slp\n|cant|p1a: Torkoal|slp\n|\n|-weather|SunnyDay|[upkeep]\n|upkeep\n|turn|31\n|\n|t:|1699846359\n|move|p2a: Sandslash|Drill Run|p1a: Torkoal\n|-supereffective|p1a: Torkoal\n|-damage|p1a: Torkoal|0 fnt\n|faint|p1a: Torkoal\n|\n|-weather|SunnyDay|[upkeep]\n|upkeep\n|\n|t:|1699846365\n|switch|p1a: Walking Wake|Walking Wake|36\/100\n|-activate|p1a: Walking Wake|ability: Protosynthesis\n|-start|p1a: Walking Wake|protosynthesisspe\n|turn|32\n|\n|t:|1699846372\n|move|p1a: Walking Wake|Flamethrower|p2a: Sandslash\n|-supereffective|p2a: Sandslash\n|-damage|p2a: Sandslash|0 fnt\n|faint|p2a: Sandslash\n|\n|-weather|SunnyDay|[upkeep]\n|upkeep\n|\n|t:|1699846380\n|switch|p2a: Probopass|Probopass, M|63\/100\n|-damage|p2a: Probopass|57\/100|[from] Stealth Rock\n|turn|33\n|\n|t:|1699846387\n|move|p1a: Walking Wake|Flamethrower|p2a: Probopass\n|-damage|p2a: Probopass|43\/100\n|-status|p2a: Probopass|brn\n|move|p2a: Probopass|Dazzling Gleam|p1a: Walking Wake\n|-supereffective|p1a: Walking Wake\n|-damage|p1a: Walking Wake|1\/100\n|\n|-weather|SunnyDay|[upkeep]\n|-heal|p2a: Probopass|49\/100 brn|[from] item: Leftovers\n|-damage|p2a: Probopass|43\/100 brn|[from] brn\n|upkeep\n|turn|34\n|\n|t:|1699846400\n|move|p1a: Walking Wake|Hydro Steam|p2a: Probopass\n|-supereffective|p2a: Probopass\n|-damage|p2a: Probopass|10\/100 brn\n|move|p2a: Probopass|Thunderbolt|p1a: Walking Wake\n|-damage|p1a: Walking Wake|0 fnt\n|faint|p1a: Walking Wake\n|-end|p1a: Walking Wake|Protosynthesis|[silent]\n|\n|-weather|SunnyDay|[upkeep]\n|-heal|p2a: Probopass|16\/100 brn|[from] item: Leftovers\n|-damage|p2a: Probopass|10\/100 brn|[from] brn\n|-sideend|p2: Erick1607|move: Aurora Veil\n|upkeep\n|\n|t:|1699846412\n|switch|p1a: Lokix|Lokix, F|100\/100\n|turn|35\n|\n|t:|1699846421\n|move|p1a: Lokix|U-turn|p2a: Probopass\n|-resisted|p2a: Probopass\n|-damage|p2a: Probopass|0 fnt\n|faint|p2a: Probopass\n|\n|t:|1699846425\n|switch|p1a: Skeledirge|Skeledirge, F|100\/100|[from] U-turn\n|\n|-weather|SunnyDay|[upkeep]\n|upkeep\n|\n|t:|1699846427\n|switch|p2a: Sinistcha|Sinistcha|100\/100\n|-damage|p2a: Sinistcha|88\/100|[from] Stealth Rock\n|turn|36\n|\n|t:|1699846437\n|move|p2a: Sinistcha|Calm Mind|p2a: Sinistcha\n|-boost|p2a: Sinistcha|spa|1\n|-boost|p2a: Sinistcha|spd|1\n|move|p1a: Skeledirge|Yawn|p2a: Sinistcha\n|-start|p2a: Sinistcha|move: Yawn|[of] p1a: Skeledirge\n|\n|-weather|none\n|-heal|p2a: Sinistcha|94\/100|[from] item: Leftovers\n|upkeep\n|turn|37\n|\n|t:|1699846447\n|move|p2a: Sinistcha|Shadow Ball|p1a: Skeledirge\n|-supereffective|p1a: Skeledirge\n|-damage|p1a: Skeledirge|30\/100\n|move|p1a: Skeledirge|Torch Song|p2a: Sinistcha\n|-supereffective|p2a: Sinistcha\n|-damage|p2a: Sinistcha|57\/100\n|-boost|p1a: Skeledirge|spa|1\n|\n|-heal|p2a: Sinistcha|63\/100|[from] item: Leftovers\n|-heal|p1a: Skeledirge|36\/100|[from] item: Leftovers\n|-end|p2a: Sinistcha|move: Yawn|[silent]\n|-status|p2a: Sinistcha|slp\n|upkeep\n|turn|38\n|\n|t:|1699846460\n|cant|p2a: Sinistcha|slp\n|move|p1a: Skeledirge|Torch Song|p2a: Sinistcha\n|-supereffective|p2a: Sinistcha\n|-damage|p2a: Sinistcha|11\/100 slp\n|-boost|p1a: Skeledirge|spa|1\n|\n|-heal|p2a: Sinistcha|17\/100 slp|[from] item: Leftovers\n|-heal|p1a: Skeledirge|42\/100|[from] item: Leftovers\n|upkeep\n|turn|39\n|\n|t:|1699846470\n|-curestatus|p2a: Sinistcha|slp|[msg]\n|move|p2a: Sinistcha|Strength Sap|p1a: Skeledirge\n|-unboost|p1a: Skeledirge|atk|1\n|-heal|p2a: Sinistcha|57\/100\n|move|p1a: Skeledirge|Torch Song|p2a: Sinistcha\n|-supereffective|p2a: Sinistcha\n|-damage|p2a: Sinistcha|0 fnt\n|-boost|p1a: Skeledirge|spa|1\n|faint|p2a: Sinistcha\n|\n|win|TomokasGG\n|raw|TomokasGG's rating: 1186 &rarr; <strong>1214<\/strong><br \/>(+28 for winning)\n|raw|Erick1607's rating: 1221 &rarr; <strong>1193<\/strong><br \/>(-28 for losing)\n|l|\u2606Erick1607\n","uploadtime":1699846483,"views":35,"p1id":"tomokasgg","p2id":"erick1607","formatid":"gen9ou","rating":1193,"private":0,"password":""}