{"id":"gen9ou-1993094536","p1":"kantofriedchansey","p2":"littensalt","format":"[Gen 9] OU","log":"|j|\u2606kantofriedchansey\n|j|\u2606littensalt\n|t:|1700264100\n|gametype|singles\n|player|p1|kantofriedchansey|waiter-gen4dp|1372\n|player|p2|littensalt|calem|1432\n|teamsize|p1|6\n|teamsize|p2|6\n|gen|9\n|tier|[Gen 9] OU\n|rated|\n|rule|Sleep Clause Mod: Limit one foe put to sleep\n|rule|Species Clause: Limit one of each Pok\u00e9mon\n|rule|OHKO Clause: OHKO moves are banned\n|rule|Evasion Items Clause: Evasion items are banned\n|rule|Evasion Moves Clause: Evasion moves are banned\n|rule|Endless Battle Clause: Forcing endless battles is banned\n|rule|HP Percentage Mod: HP is shown in percentages\n|clearpoke\n|poke|p1|Ninetales-Alola, F|\n|poke|p1|Gholdengo|\n|poke|p1|Samurott-Hisui, F|\n|poke|p1|Skeledirge, F|\n|poke|p1|Great Tusk|\n|poke|p1|Ogerpon-Wellspring, F|\n|poke|p2|Thundurus-Therian, M|\n|poke|p2|Weezing-Galar, M|\n|poke|p2|Cinderace, M|\n|poke|p2|Dragapult, M|\n|poke|p2|Ting-Lu|\n|poke|p2|Zamazenta-*|\n|teampreview\n|\n|t:|1700264105\n|start\n|switch|p1a: Samurott|Samurott-Hisui, F|100\/100\n|switch|p2a: FRANCHISE|Cinderace, M|100\/100\n|turn|1\n|\n|t:|1700264112\n|move|p1a: Samurott|Razor Shell|p2a: FRANCHISE\n|-supereffective|p2a: FRANCHISE\n|-damage|p2a: FRANCHISE|0 fnt\n|faint|p2a: FRANCHISE\n|\n|upkeep\n|\n|t:|1700264116\n|switch|p2a: wheezy outta here|Weezing-Galar, M, shiny|100\/100\n|-ability|p2a: wheezy outta here|Neutralizing Gas\n|turn|2\n|\n|t:|1700264131\n|switch|p1a: Gholdengo|Gholdengo|100\/100\n|-item|p1a: Gholdengo|Air Balloon\n|move|p2a: wheezy outta here|Will-O-Wisp|p1a: Gholdengo\n|-status|p1a: Gholdengo|brn\n|\n|-damage|p1a: Gholdengo|94\/100 brn|[from] brn\n|upkeep\n|turn|3\n|\n|t:|1700264138\n|-end|p2a: wheezy outta here|ability: Neutralizing Gas\n|switch|p2a: Ting-Lu|Ting-Lu|100\/100\n|-ability|p2a: Ting-Lu|Vessel of Ruin\n|move|p1a: Gholdengo|Make It Rain|p2a: Ting-Lu\n|-damage|p2a: Ting-Lu|75\/100\n|-unboost|p1a: Gholdengo|spa|1\n|\n|-heal|p2a: Ting-Lu|81\/100|[from] item: Leftovers\n|-damage|p1a: Gholdengo|88\/100 brn|[from] brn\n|upkeep\n|turn|4\n|\n|t:|1700264149\n|switch|p1a: Ogerpon|Ogerpon-Wellspring, F|100\/100\n|move|p2a: Ting-Lu|Whirlwind|p1a: Ogerpon\n|drag|p1a: Samurott|Samurott-Hisui, F|100\/100\n|\n|-heal|p2a: Ting-Lu|87\/100|[from] item: Leftovers\n|upkeep\n|turn|5\n|\n|t:|1700264155\n|move|p1a: Samurott|Flip Turn|p2a: Ting-Lu\n|-supereffective|p2a: Ting-Lu\n|-damage|p2a: Ting-Lu|55\/100\n|\n|t:|1700264161\n|switch|p1a: Ninetales|Ninetales-Alola, F|100\/100|[from] Flip Turn\n|-weather|Snow|[from] ability: Snow Warning|[of] p1a: Ninetales\n|move|p2a: Ting-Lu|Whirlwind|p1a: Ninetales\n|drag|p1a: Skeledirge|Skeledirge, F|100\/100\n|\n|-weather|Snow|[upkeep]\n|-heal|p2a: Ting-Lu|62\/100|[from] item: Leftovers\n|upkeep\n|turn|6\n|\n|t:|1700264170\n|move|p1a: Skeledirge|Will-O-Wisp|p2a: Ting-Lu|[miss]\n|-miss|p1a: Skeledirge|p2a: Ting-Lu\n|move|p2a: Ting-Lu|Spikes|p1a: Skeledirge\n|-sidestart|p1: kantofriedchansey|Spikes\n|\n|-weather|Snow|[upkeep]\n|-heal|p2a: Ting-Lu|68\/100|[from] item: Leftovers\n|upkeep\n|turn|7\n|\n|t:|1700264175\n|switch|p2a: 5g|Thundurus-Therian, M, shiny|100\/100\n|move|p1a: Skeledirge|Will-O-Wisp|p2a: 5g\n|-status|p2a: 5g|brn\n|\n|-weather|Snow|[upkeep]\n|-damage|p2a: 5g|94\/100 brn|[from] brn\n|upkeep\n|turn|8\n|\n|t:|1700264182\n|move|p2a: 5g|Grass Knot|p1a: Skeledirge\n|-resisted|p1a: Skeledirge\n|-damage|p1a: Skeledirge|68\/100\n|move|p1a: Skeledirge|Torch Song|p2a: 5g\n|-damage|p2a: 5g|55\/100 brn\n|-boost|p1a: Skeledirge|spa|1\n|\n|-weather|Snow|[upkeep]\n|-damage|p2a: 5g|49\/100 brn|[from] brn\n|upkeep\n|turn|9\n|\n|t:|1700264193\n|switch|p2a: Ting-Lu|Ting-Lu|68\/100\n|-ability|p2a: Ting-Lu|Vessel of Ruin\n|move|p1a: Skeledirge|Will-O-Wisp|p2a: Ting-Lu\n|-status|p2a: Ting-Lu|brn\n|\n|-weather|none\n|-heal|p2a: Ting-Lu|74\/100 brn|[from] item: Leftovers\n|-damage|p2a: Ting-Lu|68\/100 brn|[from] brn\n|upkeep\n|turn|10\n|\n|t:|1700264203\n|move|p1a: Skeledirge|Torch Song|p2a: Ting-Lu\n|-damage|p2a: Ting-Lu|48\/100 brn\n|-boost|p1a: Skeledirge|spa|1\n|move|p2a: Ting-Lu|Ruination|p1a: Skeledirge\n|-damage|p1a: Skeledirge|34\/100\n|\n|-heal|p2a: Ting-Lu|55\/100 brn|[from] item: Leftovers\n|-damage|p2a: Ting-Lu|48\/100 brn|[from] brn\n|upkeep\n|turn|11\n|\n|t:|1700264209\n|move|p1a: Skeledirge|Slack Off|p1a: Skeledirge\n|-heal|p1a: Skeledirge|84\/100\n|move|p2a: Ting-Lu|Whirlwind|p1a: Skeledirge\n|drag|p1a: Samurott|Samurott-Hisui, F|100\/100\n|-damage|p1a: Samurott|88\/100|[from] Spikes\n|\n|-heal|p2a: Ting-Lu|55\/100 brn|[from] item: Leftovers\n|-damage|p2a: Ting-Lu|48\/100 brn|[from] brn\n|upkeep\n|turn|12\n|\n|t:|1700264214\n|switch|p2a: wheezy outta here|Weezing-Galar, M, shiny|100\/100\n|-ability|p2a: wheezy outta here|Neutralizing Gas\n|move|p1a: Samurott|Razor Shell|p2a: wheezy outta here\n|-damage|p2a: wheezy outta here|79\/100\n|-unboost|p2a: wheezy outta here|def|1\n|-damage|p1a: Samurott|72\/100|[from] item: Rocky Helmet|[of] p2a: wheezy outta here\n|\n|upkeep\n|turn|13\n|\n|t:|1700264221\n|switch|p1a: Gholdengo|Gholdengo|88\/100 brn\n|-item|p1a: Gholdengo|Air Balloon\n|move|p2a: wheezy outta here|Will-O-Wisp|p1a: Gholdengo\n|-fail|p1a: Gholdengo|brn\n|\n|-damage|p1a: Gholdengo|82\/100 brn|[from] brn\n|upkeep\n|turn|14\n|\n|t:|1700264228\n|-end|p2a: wheezy outta here|ability: Neutralizing Gas\n|switch|p2a: Ting-Lu|Ting-Lu|48\/100 brn\n|-ability|p2a: Ting-Lu|Vessel of Ruin\n|move|p1a: Gholdengo|Make It Rain|p2a: Ting-Lu\n|-damage|p2a: Ting-Lu|21\/100 brn\n|-unboost|p1a: Gholdengo|spa|1\n|\n|-heal|p2a: Ting-Lu|27\/100 brn|[from] item: Leftovers\n|-damage|p1a: Gholdengo|76\/100 brn|[from] brn\n|-damage|p2a: Ting-Lu|21\/100 brn|[from] brn\n|upkeep\n|turn|15\n|\n|t:|1700264243\n|switch|p1a: Ogerpon|Ogerpon-Wellspring, F|100\/100\n|-damage|p1a: Ogerpon|88\/100|[from] Spikes\n|move|p2a: Ting-Lu|Spikes|p1a: Ogerpon\n|-sidestart|p1: kantofriedchansey|Spikes\n|\n|-heal|p2a: Ting-Lu|27\/100 brn|[from] item: Leftovers\n|-damage|p2a: Ting-Lu|21\/100 brn|[from] brn\n|upkeep\n|turn|16\n|\n|t:|1700264251\n|switch|p2a: wheezy outta here|Weezing-Galar, M, shiny|79\/100\n|-ability|p2a: wheezy outta here|Neutralizing Gas\n|move|p1a: Ogerpon|Ivy Cudgel|p2a: wheezy outta here|[anim] Ivy Cudgel Water\n|-damage|p2a: wheezy outta here|43\/100\n|\n|upkeep\n|turn|17\n|\n|t:|1700264259\n|move|p1a: Ogerpon|U-turn|p2a: wheezy outta here\n|-resisted|p2a: wheezy outta here\n|-damage|p2a: wheezy outta here|39\/100\n|-damage|p1a: Ogerpon|72\/100|[from] item: Rocky Helmet|[of] p2a: wheezy outta here\n|\n|t:|1700264264\n|switch|p1a: Great Tusk|Great Tusk|100\/100|[from] U-turn\n|move|p2a: wheezy outta here|Pain Split|p1a: Great Tusk\n|-sethp|p1a: Great Tusk|67\/100|[from] move: Pain Split|[silent]\n|-sethp|p2a: wheezy outta here|75\/100|[from] move: Pain Split\n|\n|upkeep\n|turn|18\n|\n|t:|1700264269\n|-end|p2a: wheezy outta here|ability: Neutralizing Gas\n|switch|p2a: KIDS SEE GHOST|Dragapult, M, shiny|100\/100\n|move|p1a: Great Tusk|Rapid Spin|p2a: KIDS SEE GHOST\n|-immune|p2a: KIDS SEE GHOST\n|\n|upkeep\n|turn|19\n|\n|t:|1700264278\n|move|p2a: KIDS SEE GHOST|Shadow Ball|p1a: Great Tusk\n|-damage|p1a: Great Tusk|0 fnt\n|faint|p1a: Great Tusk\n|-end|p1a: Great Tusk|Protosynthesis|[silent]\n|\n|upkeep\n|\n|t:|1700264283\n|switch|p1a: Samurott|Samurott-Hisui, F|72\/100\n|-damage|p1a: Samurott|55\/100|[from] Spikes\n|turn|20\n|\n|t:|1700264285\n|switch|p2a: wheezy outta here|Weezing-Galar, M, shiny|75\/100\n|-ability|p2a: wheezy outta here|Neutralizing Gas\n|move|p1a: Samurott|Ceaseless Edge|p2a: wheezy outta here\n|-resisted|p2a: wheezy outta here\n|-damage|p2a: wheezy outta here|65\/100\n|-damage|p1a: Samurott|39\/100|[from] item: Rocky Helmet|[of] p2a: wheezy outta here\n|-sidestart|p2: littensalt|Spikes\n|\n|upkeep\n|turn|21\n|\n|t:|1700264299\n|switch|p1a: Gholdengo|Gholdengo|76\/100 brn\n|-item|p1a: Gholdengo|Air Balloon\n|move|p2a: wheezy outta here|Strange Steam|p1a: Gholdengo\n|-resisted|p1a: Gholdengo\n|-damage|p1a: Gholdengo|60\/100 brn\n|-enditem|p1a: Gholdengo|Air Balloon\n|\n|-damage|p1a: Gholdengo|54\/100 brn|[from] brn\n|upkeep\n|turn|22\n|\n|t:|1700264307\n|-end|p2a: wheezy outta here|ability: Neutralizing Gas\n|switch|p2a: Ting-Lu|Ting-Lu|21\/100 brn\n|-damage|p2a: Ting-Lu|8\/100 brn|[from] Spikes\n|-ability|p2a: Ting-Lu|Vessel of Ruin\n|move|p1a: Gholdengo|Make It Rain|p2a: Ting-Lu\n|-damage|p2a: Ting-Lu|0 fnt\n|-unboost|p1a: Gholdengo|spa|1\n|faint|p2a: Ting-Lu\n|\n|-damage|p1a: Gholdengo|48\/100 brn|[from] brn\n|upkeep\n|\n|t:|1700264326\n|switch|p2a: KIDS SEE GHOST|Dragapult, M, shiny|100\/100\n|-damage|p2a: KIDS SEE GHOST|88\/100|[from] Spikes\n|turn|23\n|\n|t:|1700264338\n|move|p2a: KIDS SEE GHOST|Shadow Ball|p1a: Gholdengo\n|-supereffective|p1a: Gholdengo\n|-damage|p1a: Gholdengo|0 fnt\n|faint|p1a: Gholdengo\n|\n|upkeep\n|inactive|Battle timer is ON: inactive players will automatically lose when time's up. (requested by littensalt)\n|\n|t:|1700264370\n|switch|p1a: Samurott|Samurott-Hisui, F|39\/100\n|-damage|p1a: Samurott|22\/100|[from] Spikes\n|turn|24\n|\n|t:|1700264377\n|switch|p2a: wheezy outta here|Weezing-Galar, M, shiny|65\/100\n|-ability|p2a: wheezy outta here|Neutralizing Gas\n|-damage|p2a: wheezy outta here|53\/100|[from] Spikes\n|move|p1a: Samurott|Ceaseless Edge|p2a: wheezy outta here\n|-resisted|p2a: wheezy outta here\n|-damage|p2a: wheezy outta here|42\/100\n|-damage|p1a: Samurott|5\/100|[from] item: Rocky Helmet|[of] p2a: wheezy outta here\n|-sidestart|p2: littensalt|Spikes\n|\n|upkeep\n|turn|25\n|\n|t:|1700264389\n|move|p1a: Samurott|Ceaseless Edge|p2a: wheezy outta here\n|-resisted|p2a: wheezy outta here\n|-damage|p2a: wheezy outta here|32\/100\n|-damage|p1a: Samurott|0 fnt|[from] item: Rocky Helmet|[of] p2a: wheezy outta here\n|faint|p1a: Samurott\n|move|p2a: wheezy outta here|Strange Steam|p1: Samurott|[notarget]\n|-fail|p2a: wheezy outta here\n|\n|upkeep\n|\n|t:|1700264400\n|switch|p1a: Ogerpon|Ogerpon-Wellspring, F|72\/100\n|-damage|p1a: Ogerpon|55\/100|[from] Spikes\n|turn|26\n|\n|t:|1700264402\n|move|p1a: Ogerpon|Ivy Cudgel|p2a: wheezy outta here|[anim] Ivy Cudgel Water\n|-damage|p2a: wheezy outta here|0 fnt\n|faint|p2a: wheezy outta here\n|-end|p2a: wheezy outta here|ability: Neutralizing Gas\n|\n|upkeep\n|\n|t:|1700264411\n|switch|p2a: KIDS SEE GHOST|Dragapult, M, shiny|88\/100\n|-damage|p2a: KIDS SEE GHOST|72\/100|[from] Spikes\n|turn|27\n|\n|t:|1700264416\n|-terastallize|p1a: Ogerpon|Water\n|detailschange|p1a: Ogerpon|Ogerpon-Wellspring-Tera, F, tera:Water\n|-ability|p1a: Ogerpon|Embody Aspect (Wellspring)|boost\n|-boost|p1a: Ogerpon|spd|1\n|move|p2a: KIDS SEE GHOST|Shadow Ball|p1a: Ogerpon\n|-damage|p1a: Ogerpon|13\/100\n|move|p1a: Ogerpon|Knock Off|p2a: KIDS SEE GHOST\n|-supereffective|p2a: KIDS SEE GHOST\n|-damage|p2a: KIDS SEE GHOST|0 fnt\n|-enditem|p2a: KIDS SEE GHOST|Choice Specs|[from] move: Knock Off|[of] p1a: Ogerpon\n|faint|p2a: KIDS SEE GHOST\n|\n|upkeep\n|\n|t:|1700264427\n|switch|p2a: november|Zamazenta|100\/100\n|-damage|p2a: november|84\/100|[from] Spikes\n|-ability|p2a: november|Dauntless Shield|boost\n|-boost|p2a: november|def|1\n|turn|28\n|\n|t:|1700264429\n|move|p2a: november|Substitute|p2a: november\n|-start|p2a: november|Substitute\n|-damage|p2a: november|59\/100\n|move|p1a: Ogerpon|U-turn|p2a: november\n|-resisted|p2a: november\n|-activate|p2a: november|move: Substitute|[damage]\n|\n|t:|1700264436\n|switch|p1a: Skeledirge|Skeledirge, F|84\/100|[from] U-turn\n|\n|-heal|p2a: november|65\/100|[from] item: Leftovers\n|upkeep\n|turn|29\n|\n|t:|1700264439\n|move|p2a: november|Crunch|p1a: Skeledirge\n|-supereffective|p1a: Skeledirge\n|-damage|p1a: Skeledirge|48\/100\n|move|p1a: Skeledirge|Torch Song|p2a: november\n|-damage|p2a: november|41\/100\n|-boost|p1a: Skeledirge|spa|1\n|\n|-heal|p2a: november|47\/100|[from] item: Leftovers\n|upkeep\n|turn|30\n|\n|t:|1700264444\n|move|p2a: november|Crunch|p1a: Skeledirge\n|-supereffective|p1a: Skeledirge\n|-damage|p1a: Skeledirge|13\/100\n|move|p1a: Skeledirge|Slack Off|p1a: Skeledirge\n|-heal|p1a: Skeledirge|63\/100\n|\n|-heal|p2a: november|54\/100|[from] item: Leftovers\n|upkeep\n|turn|31\n|\n|t:|1700264450\n|move|p2a: november|Crunch|p1a: Skeledirge\n|-supereffective|p1a: Skeledirge\n|-damage|p1a: Skeledirge|29\/100\n|move|p1a: Skeledirge|Torch Song|p2a: november\n|-damage|p2a: november|17\/100\n|-boost|p1a: Skeledirge|spa|1\n|\n|-heal|p2a: november|23\/100|[from] item: Leftovers\n|upkeep\n|turn|32\n|\n|t:|1700264455\n|move|p2a: november|Crunch|p1a: Skeledirge\n|-supereffective|p1a: Skeledirge\n|-damage|p1a: Skeledirge|0 fnt\n|faint|p1a: Skeledirge\n|\n|-heal|p2a: november|29\/100|[from] item: Leftovers\n|upkeep\n|\n|t:|1700264461\n|switch|p1a: Ninetales|Ninetales-Alola, F|100\/100\n|-damage|p1a: Ninetales|84\/100|[from] Spikes\n|-weather|Snow|[from] ability: Snow Warning|[of] p1a: Ninetales\n|turn|33\n|\n|t:|1700264464\n|move|p2a: november|Body Press|p1a: Ninetales\n|-crit|p1a: Ninetales\n|-damage|p1a: Ninetales|19\/100\n|move|p1a: Ninetales|Aurora Veil|p1a: Ninetales\n|-sidestart|p1: kantofriedchansey|move: Aurora Veil\n|\n|-weather|Snow|[upkeep]\n|-heal|p2a: november|36\/100|[from] item: Leftovers\n|upkeep\n|turn|34\n|\n|t:|1700264469\n|move|p2a: november|Iron Defense|p2a: november\n|-boost|p2a: november|def|2\n|move|p1a: Ninetales|Moonblast|p2a: november\n|-supereffective|p2a: november\n|-end|p2a: november|Substitute\n|\n|-weather|Snow|[upkeep]\n|-heal|p2a: november|42\/100|[from] item: Leftovers\n|upkeep\n|turn|35\n|\n|t:|1700264473\n|-terastallize|p2a: november|Steel\n|move|p2a: november|Substitute|p2a: november\n|-start|p2a: november|Substitute\n|-damage|p2a: november|17\/100\n|move|p1a: Ninetales|Moonblast|p2a: november\n|-resisted|p2a: november\n|-activate|p2a: november|move: Substitute|[damage]\n|\n|-weather|Snow|[upkeep]\n|-heal|p2a: november|23\/100|[from] item: Leftovers\n|upkeep\n|turn|36\n|-message|kantofriedchansey forfeited.\n|\n|win|littensalt\n|raw|kantofriedchansey's rating: 1372 &rarr; <strong>1355<\/strong><br \/>(-17 for losing)\n|raw|littensalt's rating: 1432 &rarr; <strong>1449<\/strong><br \/>(+17 for winning)\n|l|\u2606kantofriedchansey\n","uploadtime":1700264486,"views":11,"p1id":"kantofriedchansey","p2id":"littensalt","formatid":"gen9ou","rating":1355,"private":0,"password":""}