{"id":"gen9ou-1994526551","p1":"Redribbonrenegade","p2":"Thunder437","format":"[Gen 9] OU","log":"|j|\u2606Redribbonrenegade\n|j|\u2606Thunder437\n|t:|1700454733\n|gametype|singles\n|player|p1|Redribbonrenegade|marshal|1317\n|player|p2|Thunder437|steven|1348\n|teamsize|p1|6\n|teamsize|p2|6\n|gen|9\n|tier|[Gen 9] OU\n|rated|\n|rule|Sleep Clause Mod: Limit one foe put to sleep\n|rule|Species Clause: Limit one of each Pok\u00e9mon\n|rule|OHKO Clause: OHKO moves are banned\n|rule|Evasion Items Clause: Evasion items are banned\n|rule|Evasion Moves Clause: Evasion moves are banned\n|rule|Endless Battle Clause: Forcing endless battles is banned\n|rule|HP Percentage Mod: HP is shown in percentages\n|clearpoke\n|poke|p1|Ursaluna, M|\n|poke|p1|Cresselia, F|\n|poke|p1|Volcanion|\n|poke|p1|Garganacl, M|\n|poke|p1|Sinistcha-Masterpiece|\n|poke|p1|Altaria, F|\n|poke|p2|Rotom-Wash|\n|poke|p2|Meowscarada, F|\n|poke|p2|Cinderace, M|\n|poke|p2|Manaphy|\n|poke|p2|Garchomp, M|\n|poke|p2|Clefable, F|\n|teampreview\n|inactive|Battle timer is ON: inactive players will automatically lose when time's up. (requested by Thunder437)\n|\n|t:|1700454739\n|start\n|switch|p1a: Forge \ud83d\ude82|Volcanion|100\/100\n|switch|p2a: Meowscarada|Meowscarada, F|100\/100\n|turn|1\n|\n|t:|1700454745\n|move|p2a: Meowscarada|U-turn|p1a: Forge \ud83d\ude82\n|-start|p2a: Meowscarada|typechange|Bug|[from] ability: Protean\n|-resisted|p1a: Forge \ud83d\ude82\n|-damage|p1a: Forge \ud83d\ude82|81\/100\n|\n|t:|1700454753\n|switch|p2a: Rotom|Rotom-Wash, shiny|100\/100|[from] U-turn\n|move|p1a: Forge \ud83d\ude82|Sludge Bomb|p2a: Rotom\n|-damage|p2a: Rotom|59\/100\n|\n|upkeep\n|turn|2\n|\n|t:|1700454770\n|move|p2a: Rotom|Thunderbolt|p1a: Forge \ud83d\ude82\n|-supereffective|p1a: Forge \ud83d\ude82\n|-damage|p1a: Forge \ud83d\ude82|38\/100\n|-status|p1a: Forge \ud83d\ude82|par\n|move|p1a: Forge \ud83d\ude82|Sludge Bomb|p2a: Rotom\n|-damage|p2a: Rotom|20\/100\n|-status|p2a: Rotom|psn\n|\n|-damage|p2a: Rotom|8\/100 psn|[from] psn\n|upkeep\n|turn|3\n|\n|t:|1700454774\n|switch|p1a: Kim Joe Un \u26f0\ufe0f|Ursaluna, M, shiny|100\/100\n|move|p2a: Rotom|Thunderbolt|p1a: Kim Joe Un \u26f0\ufe0f\n|-immune|p1a: Kim Joe Un \u26f0\ufe0f\n|\n|-damage|p2a: Rotom|0 fnt|[from] psn\n|faint|p2a: Rotom\n|upkeep\n|\n|t:|1700454781\n|switch|p2a: Meowscarada|Meowscarada, F|100\/100\n|turn|4\n|\n|t:|1700454789\n|switch|p1a: Lotus \ud83d\udca3|Altaria, F, shiny|100\/100\n|move|p2a: Meowscarada|Flower Trick|p1a: Lotus \ud83d\udca3\n|-start|p2a: Meowscarada|typechange|Grass|[from] ability: Protean\n|-resisted|p1a: Lotus \ud83d\udca3\n|-crit|p1a: Lotus \ud83d\udca3\n|-damage|p1a: Lotus \ud83d\udca3|80\/100\n|\n|upkeep\n|turn|5\n|\n|t:|1700454795\n|switch|p2a: Clefable|Clefable, F|100\/100\n|move|p1a: Lotus \ud83d\udca3|Will-O-Wisp|p2a: Clefable\n|-status|p2a: Clefable|brn\n|\n|upkeep\n|turn|6\n|\n|t:|1700454809\n|switch|p1a: Wojbomb \ud83d\udce0|Garganacl, M|100\/100\n|move|p2a: Clefable|Moonblast|p1a: Wojbomb \ud83d\udce0\n|-damage|p1a: Wojbomb \ud83d\udce0|79\/100\n|\n|upkeep\n|turn|7\n|\n|t:|1700454815\n|switch|p2a: Garchomp|Garchomp, M, shiny|100\/100\n|move|p1a: Wojbomb \ud83d\udce0|Stealth Rock|p2a: Garchomp\n|-sidestart|p2: Thunder437|move: Stealth Rock\n|\n|upkeep\n|turn|8\n|\n|t:|1700454822\n|switch|p1a: Rennala \ud83c\udf19|Cresselia, F|100\/100\n|move|p2a: Garchomp|Earthquake|p1a: Rennala \ud83c\udf19\n|-immune|p1a: Rennala \ud83c\udf19|[from] ability: Levitate\n|\n|upkeep\n|turn|9\n|\n|t:|1700454842\n|move|p2a: Garchomp|Scale Shot|p1a: Rennala \ud83c\udf19|[miss]\n|-miss|p2a: Garchomp|p1a: Rennala \ud83c\udf19\n|move|p1a: Rennala \ud83c\udf19|Trick Room|p1a: Rennala \ud83c\udf19\n|-fieldstart|move: Trick Room|[of] p1a: Rennala \ud83c\udf19\n|\n|upkeep\n|turn|10\n|\n|t:|1700454850\n|move|p1a: Rennala \ud83c\udf19|Future Sight|p2a: Garchomp\n|-start|p1a: Rennala \ud83c\udf19|move: Future Sight\n|move|p2a: Garchomp|Swords Dance|p2a: Garchomp\n|-boost|p2a: Garchomp|atk|2\n|\n|upkeep\n|turn|11\n|\n|t:|1700454869\n|-terastallize|p2a: Garchomp|Water\n|move|p1a: Rennala \ud83c\udf19|Lunar Dance|p1a: Rennala \ud83c\udf19\n|faint|p1a: Rennala \ud83c\udf19\n|move|p2a: Garchomp|Swords Dance|p2a: Garchomp\n|-boost|p2a: Garchomp|atk|2\n|\n|upkeep\n|\n|t:|1700454875\n|switch|p1a: Chi-Chi \ud83c\udf75|Sinistcha-Masterpiece, shiny|100\/100\n|turn|12\n|\n|t:|1700454882\n|move|p1a: Chi-Chi \ud83c\udf75|Iron Defense|p1a: Chi-Chi \ud83c\udf75\n|-boost|p1a: Chi-Chi \ud83c\udf75|def|2\n|move|p2a: Garchomp|Scale Shot|p1a: Chi-Chi \ud83c\udf75|[miss]\n|-miss|p2a: Garchomp|p1a: Chi-Chi \ud83c\udf75\n|\n|-end|p2a: Garchomp|move: Future Sight\n|-damage|p2a: Garchomp|68\/100\n|upkeep\n|turn|13\n|\n|t:|1700454887\n|move|p1a: Chi-Chi \ud83c\udf75|Iron Defense|p1a: Chi-Chi \ud83c\udf75\n|-boost|p1a: Chi-Chi \ud83c\udf75|def|2\n|move|p2a: Garchomp|Scale Shot|p1a: Chi-Chi \ud83c\udf75\n|-damage|p1a: Chi-Chi \ud83c\udf75|90\/100\n|-damage|p1a: Chi-Chi \ud83c\udf75|80\/100\n|-damage|p1a: Chi-Chi \ud83c\udf75|71\/100\n|-damage|p1a: Chi-Chi \ud83c\udf75|61\/100\n|-hitcount|p1a: Chi-Chi \ud83c\udf75|4\n|-unboost|p2a: Garchomp|def|1\n|-boost|p2a: Garchomp|spe|1\n|\n|-fieldend|move: Trick Room\n|upkeep\n|turn|14\n|\n|t:|1700454891\n|move|p2a: Garchomp|Scale Shot|p1a: Chi-Chi \ud83c\udf75\n|-damage|p1a: Chi-Chi \ud83c\udf75|51\/100\n|-damage|p1a: Chi-Chi \ud83c\udf75|41\/100\n|-damage|p1a: Chi-Chi \ud83c\udf75|31\/100\n|-damage|p1a: Chi-Chi \ud83c\udf75|22\/100\n|-hitcount|p1a: Chi-Chi \ud83c\udf75|4\n|-unboost|p2a: Garchomp|def|1\n|-boost|p2a: Garchomp|spe|1\n|move|p1a: Chi-Chi \ud83c\udf75|Strength Sap|p2a: Garchomp\n|-unboost|p2a: Garchomp|atk|1\n|-heal|p1a: Chi-Chi \ud83c\udf75|100\/100\n|\n|upkeep\n|turn|15\n|\n|t:|1700454903\n|move|p2a: Garchomp|Swords Dance|p2a: Garchomp\n|-boost|p2a: Garchomp|atk|2\n|move|p1a: Chi-Chi \ud83c\udf75|Iron Defense|p1a: Chi-Chi \ud83c\udf75\n|-boost|p1a: Chi-Chi \ud83c\udf75|def|2\n|\n|upkeep\n|turn|16\n|\n|t:|1700454906\n|switch|p2a: Manaphy|Manaphy, shiny|100\/100\n|-damage|p2a: Manaphy|88\/100|[from] Stealth Rock\n|move|p1a: Chi-Chi \ud83c\udf75|Matcha Gotcha|p2a: Manaphy\n|-supereffective|p2a: Manaphy\n|-damage|p2a: Manaphy|33\/100\n|\n|-heal|p2a: Manaphy|39\/100|[from] item: Leftovers\n|upkeep\n|turn|17\n|\n|t:|1700454913\n|move|p2a: Manaphy|Ice Beam|p1a: Chi-Chi \ud83c\udf75\n|-supereffective|p1a: Chi-Chi \ud83c\udf75\n|-damage|p1a: Chi-Chi \ud83c\udf75|38\/100\n|move|p1a: Chi-Chi \ud83c\udf75|Matcha Gotcha|p2a: Manaphy\n|-supereffective|p2a: Manaphy\n|-damage|p2a: Manaphy|0 fnt\n|-heal|p1a: Chi-Chi \ud83c\udf75|60\/100|[from] drain|[of] p2a: Manaphy\n|faint|p2a: Manaphy\n|\n|upkeep\n|\n|t:|1700454916\n|switch|p2a: Cinderace|Cinderace, M, shiny|100\/100\n|turn|18\n|\n|t:|1700454922\n|move|p2a: Cinderace|Gunk Shot|p1a: Chi-Chi \ud83c\udf75|[miss]\n|-start|p2a: Cinderace|typechange|Poison|[from] ability: Libero\n|-miss|p2a: Cinderace|p1a: Chi-Chi \ud83c\udf75\n|move|p1a: Chi-Chi \ud83c\udf75|Strength Sap|p2a: Cinderace\n|-unboost|p2a: Cinderace|atk|1\n|-heal|p1a: Chi-Chi \ud83c\udf75|100\/100\n|\n|upkeep\n|turn|19\n|\n|t:|1700454926\n|move|p2a: Cinderace|U-turn|p1a: Chi-Chi \ud83c\udf75\n|-crit|p1a: Chi-Chi \ud83c\udf75\n|-damage|p1a: Chi-Chi \ud83c\udf75|74\/100\n|\n|t:|1700454928\n|switch|p2a: Clefable|Clefable, F|100\/100 brn|[from] U-turn\n|move|p1a: Chi-Chi \ud83c\udf75|Calm Mind|p1a: Chi-Chi \ud83c\udf75\n|-boost|p1a: Chi-Chi \ud83c\udf75|spa|1\n|-boost|p1a: Chi-Chi \ud83c\udf75|spd|1\n|\n|upkeep\n|turn|20\n|\n|t:|1700454938\n|move|p1a: Chi-Chi \ud83c\udf75|Calm Mind|p1a: Chi-Chi \ud83c\udf75\n|-boost|p1a: Chi-Chi \ud83c\udf75|spa|1\n|-boost|p1a: Chi-Chi \ud83c\udf75|spd|1\n|move|p2a: Clefable|Thunder Wave|p1a: Chi-Chi \ud83c\udf75\n|-status|p1a: Chi-Chi \ud83c\udf75|par\n|\n|upkeep\n|turn|21\n|\n|t:|1700454940\n|move|p2a: Clefable|Moonblast|p1a: Chi-Chi \ud83c\udf75\n|-damage|p1a: Chi-Chi \ud83c\udf75|54\/100 par\n|-unboost|p1a: Chi-Chi \ud83c\udf75|spa|1\n|move|p1a: Chi-Chi \ud83c\udf75|Matcha Gotcha|p2a: Clefable\n|-damage|p2a: Clefable|70\/100 brn\n|-heal|p1a: Chi-Chi \ud83c\udf75|71\/100 par|[from] drain|[of] p2a: Clefable\n|\n|-heal|p2a: Clefable|76\/100 brn|[from] item: Leftovers\n|upkeep\n|turn|22\n|\n|t:|1700454943\n|move|p2a: Clefable|Wish|p2a: Clefable\n|cant|p1a: Chi-Chi \ud83c\udf75|par\n|\n|-heal|p2a: Clefable|82\/100 brn|[from] item: Leftovers\n|upkeep\n|turn|23\n|\n|t:|1700454946\n|move|p2a: Clefable|Moonblast|p1a: Chi-Chi \ud83c\udf75\n|-damage|p1a: Chi-Chi \ud83c\udf75|51\/100 par\n|-unboost|p1a: Chi-Chi \ud83c\udf75|spa|1\n|move|p1a: Chi-Chi \ud83c\udf75|Calm Mind|p1a: Chi-Chi \ud83c\udf75\n|-boost|p1a: Chi-Chi \ud83c\udf75|spa|1\n|-boost|p1a: Chi-Chi \ud83c\udf75|spd|1\n|\n|-heal|p2a: Clefable|100\/100 brn|[from] move: Wish|[wisher] Clefable\n|upkeep\n|turn|24\n|\n|t:|1700454951\n|move|p2a: Clefable|Moonblast|p1a: Chi-Chi \ud83c\udf75\n|-damage|p1a: Chi-Chi \ud83c\udf75|35\/100 par\n|move|p1a: Chi-Chi \ud83c\udf75|Calm Mind|p1a: Chi-Chi \ud83c\udf75\n|-boost|p1a: Chi-Chi \ud83c\udf75|spa|1\n|-boost|p1a: Chi-Chi \ud83c\udf75|spd|1\n|\n|upkeep\n|turn|25\n|\n|t:|1700454953\n|move|p2a: Clefable|Wish|p2a: Clefable\n|move|p1a: Chi-Chi \ud83c\udf75|Matcha Gotcha|p2a: Clefable\n|-damage|p2a: Clefable|54\/100 brn\n|-heal|p1a: Chi-Chi \ud83c\udf75|62\/100 par|[from] drain|[of] p2a: Clefable\n|\n|-heal|p2a: Clefable|60\/100 brn|[from] item: Leftovers\n|upkeep\n|turn|26\n|\n|t:|1700454956\n|move|p2a: Clefable|Moonblast|p1a: Chi-Chi \ud83c\udf75\n|-damage|p1a: Chi-Chi \ud83c\udf75|48\/100 par\n|-unboost|p1a: Chi-Chi \ud83c\udf75|spa|1\n|move|p1a: Chi-Chi \ud83c\udf75|Calm Mind|p1a: Chi-Chi \ud83c\udf75\n|-boost|p1a: Chi-Chi \ud83c\udf75|spa|1\n|-boost|p1a: Chi-Chi \ud83c\udf75|spd|1\n|\n|-heal|p2a: Clefable|100\/100 brn|[from] move: Wish|[wisher] Clefable\n|upkeep\n|turn|27\n|\n|t:|1700454960\n|move|p2a: Clefable|Wish|p2a: Clefable\n|move|p1a: Chi-Chi \ud83c\udf75|Matcha Gotcha|p2a: Clefable|[miss]\n|-miss|p1a: Chi-Chi \ud83c\udf75|p2a: Clefable\n|\n|upkeep\n|turn|28\n|\n|t:|1700454962\n|move|p2a: Clefable|Moonblast|p1a: Chi-Chi \ud83c\udf75\n|-damage|p1a: Chi-Chi \ud83c\udf75|38\/100 par\n|move|p1a: Chi-Chi \ud83c\udf75|Matcha Gotcha|p2a: Clefable\n|-damage|p2a: Clefable|56\/100 brn\n|-heal|p1a: Chi-Chi \ud83c\udf75|63\/100 par|[from] drain|[of] p2a: Clefable\n|\n|-heal|p2a: Clefable|100\/100 brn|[from] move: Wish|[wisher] Clefable\n|upkeep\n|turn|29\n|\n|t:|1700454966\n|move|p2a: Clefable|Moonblast|p1a: Chi-Chi \ud83c\udf75\n|-damage|p1a: Chi-Chi \ud83c\udf75|51\/100 par\n|-unboost|p1a: Chi-Chi \ud83c\udf75|spa|1\n|cant|p1a: Chi-Chi \ud83c\udf75|par\n|\n|upkeep\n|turn|30\n|\n|t:|1700454988\n|move|p2a: Clefable|Wish|p2a: Clefable\n|cant|p1a: Chi-Chi \ud83c\udf75|par\n|\n|upkeep\n|turn|31\n|\n|t:|1700454995\n|move|p2a: Clefable|Moonblast|p1a: Chi-Chi \ud83c\udf75\n|-damage|p1a: Chi-Chi \ud83c\udf75|39\/100 par\n|move|p1a: Chi-Chi \ud83c\udf75|Matcha Gotcha|p2a: Clefable\n|-damage|p2a: Clefable|67\/100 brn\n|-heal|p1a: Chi-Chi \ud83c\udf75|58\/100 par|[from] drain|[of] p2a: Clefable\n|\n|-heal|p2a: Clefable|100\/100 brn|[from] move: Wish|[wisher] Clefable\n|upkeep\n|turn|32\n|\n|t:|1700455002\n|move|p2a: Clefable|Moonblast|p1a: Chi-Chi \ud83c\udf75\n|-damage|p1a: Chi-Chi \ud83c\udf75|47\/100 par\n|move|p1a: Chi-Chi \ud83c\udf75|Matcha Gotcha|p2a: Clefable\n|-crit|p2a: Clefable\n|-damage|p2a: Clefable|50\/100 brn\n|-heal|p1a: Chi-Chi \ud83c\udf75|75\/100 par|[from] drain|[of] p2a: Clefable\n|\n|-heal|p2a: Clefable|56\/100 brn|[from] item: Leftovers\n|upkeep\n|turn|33\n|\n|t:|1700455005\n|move|p2a: Clefable|Wish|p2a: Clefable\n|move|p1a: Chi-Chi \ud83c\udf75|Calm Mind|p1a: Chi-Chi \ud83c\udf75\n|-boost|p1a: Chi-Chi \ud83c\udf75|spa|1\n|-boost|p1a: Chi-Chi \ud83c\udf75|spd|1\n|\n|-heal|p2a: Clefable|62\/100 brn|[from] item: Leftovers\n|upkeep\n|turn|34\n|\n|t:|1700455008\n|move|p2a: Clefable|Moonblast|p1a: Chi-Chi \ud83c\udf75\n|-damage|p1a: Chi-Chi \ud83c\udf75|65\/100 par\n|move|p1a: Chi-Chi \ud83c\udf75|Matcha Gotcha|p2a: Clefable|[miss]\n|-miss|p1a: Chi-Chi \ud83c\udf75|p2a: Clefable\n|\n|-heal|p2a: Clefable|100\/100 brn|[from] move: Wish|[wisher] Clefable\n|upkeep\n|turn|35\n|\n|t:|1700455016\n|move|p2a: Clefable|Wish|p2a: Clefable\n|move|p1a: Chi-Chi \ud83c\udf75|Matcha Gotcha|p2a: Clefable\n|-damage|p2a: Clefable|55\/100 brn\n|-heal|p1a: Chi-Chi \ud83c\udf75|92\/100 par|[from] drain|[of] p2a: Clefable\n|\n|-heal|p2a: Clefable|61\/100 brn|[from] item: Leftovers\n|upkeep\n|turn|36\n|\n|t:|1700455020\n|move|p2a: Clefable|Moonblast|p1a: Chi-Chi \ud83c\udf75\n|-damage|p1a: Chi-Chi \ud83c\udf75|82\/100 par\n|move|p1a: Chi-Chi \ud83c\udf75|Calm Mind|p1a: Chi-Chi \ud83c\udf75\n|-boost|p1a: Chi-Chi \ud83c\udf75|spa|1\n|-boost|p1a: Chi-Chi \ud83c\udf75|spd|0\n|\n|-heal|p2a: Clefable|100\/100 brn|[from] move: Wish|[wisher] Clefable\n|upkeep\n|turn|37\n|\n|t:|1700455027\n|move|p2a: Clefable|Moonblast|p1a: Chi-Chi \ud83c\udf75\n|-damage|p1a: Chi-Chi \ud83c\udf75|72\/100 par\n|cant|p1a: Chi-Chi \ud83c\udf75|par\n|\n|upkeep\n|turn|38\n|\n|t:|1700455031\n|move|p2a: Clefable|Wish|p2a: Clefable\n|cant|p1a: Chi-Chi \ud83c\udf75|par\n|\n|upkeep\n|turn|39\n|\n|t:|1700455035\n|move|p2a: Clefable|Moonblast|p1a: Chi-Chi \ud83c\udf75\n|-damage|p1a: Chi-Chi \ud83c\udf75|63\/100 par\n|move|p1a: Chi-Chi \ud83c\udf75|Calm Mind|p1a: Chi-Chi \ud83c\udf75\n|-boost|p1a: Chi-Chi \ud83c\udf75|spa|1\n|-boost|p1a: Chi-Chi \ud83c\udf75|spd|0\n|\n|upkeep\n|turn|40\n|\n|t:|1700455039\n|move|p2a: Clefable|Moonblast|p1a: Chi-Chi \ud83c\udf75\n|-damage|p1a: Chi-Chi \ud83c\udf75|54\/100 par\n|-unboost|p1a: Chi-Chi \ud83c\udf75|spa|1\n|move|p1a: Chi-Chi \ud83c\udf75|Matcha Gotcha|p2a: Clefable\n|-damage|p2a: Clefable|42\/100 brn\n|-heal|p1a: Chi-Chi \ud83c\udf75|88\/100 par|[from] drain|[of] p2a: Clefable\n|\n|-heal|p2a: Clefable|48\/100 brn|[from] item: Leftovers\n|upkeep\n|turn|41\n|\n|t:|1700455043\n|move|p2a: Clefable|Wish|p2a: Clefable\n|move|p1a: Chi-Chi \ud83c\udf75|Calm Mind|p1a: Chi-Chi \ud83c\udf75\n|-boost|p1a: Chi-Chi \ud83c\udf75|spa|1\n|-boost|p1a: Chi-Chi \ud83c\udf75|spd|0\n|\n|-heal|p2a: Clefable|54\/100 brn|[from] item: Leftovers\n|upkeep\n|turn|42\n|\n|t:|1700455045\n|move|p2a: Clefable|Moonblast|p1a: Chi-Chi \ud83c\udf75\n|-damage|p1a: Chi-Chi \ud83c\udf75|78\/100 par\n|move|p1a: Chi-Chi \ud83c\udf75|Calm Mind|p1a: Chi-Chi \ud83c\udf75\n|-boost|p1a: Chi-Chi \ud83c\udf75|spa|1\n|-boost|p1a: Chi-Chi \ud83c\udf75|spd|0\n|\n|-heal|p2a: Clefable|100\/100 brn|[from] move: Wish|[wisher] Clefable\n|upkeep\n|turn|43\n|\n|t:|1700455052\n|move|p2a: Clefable|Stealth Rock|p1a: Chi-Chi \ud83c\udf75\n|-sidestart|p1: Redribbonrenegade|move: Stealth Rock\n|cant|p1a: Chi-Chi \ud83c\udf75|par\n|\n|upkeep\n|turn|44\n|\n|t:|1700455075\n|move|p2a: Clefable|Wish|p2a: Clefable\n|cant|p1a: Chi-Chi \ud83c\udf75|par\n|\n|upkeep\n|turn|45\n|\n|t:|1700455093\n|move|p2a: Clefable|Moonblast|p1a: Chi-Chi \ud83c\udf75\n|-damage|p1a: Chi-Chi \ud83c\udf75|68\/100 par\n|move|p1a: Chi-Chi \ud83c\udf75|Calm Mind|p1a: Chi-Chi \ud83c\udf75\n|-boost|p1a: Chi-Chi \ud83c\udf75|spa|1\n|-boost|p1a: Chi-Chi \ud83c\udf75|spd|0\n|\n|upkeep\n|turn|46\n|\n|t:|1700455098\n|move|p2a: Clefable|Thunder Wave|p1a: Chi-Chi \ud83c\udf75\n|-fail|p1a: Chi-Chi \ud83c\udf75|par\n|cant|p1a: Chi-Chi \ud83c\udf75|par\n|\n|upkeep\n|turn|47\n|\n|t:|1700455103\n|move|p2a: Clefable|Stealth Rock||[still]\n|-fail|p2a: Clefable\n|move|p1a: Chi-Chi \ud83c\udf75|Matcha Gotcha|p2a: Clefable\n|-damage|p2a: Clefable|18\/100 brn\n|-heal|p1a: Chi-Chi \ud83c\udf75|100\/100 par|[from] drain|[of] p2a: Clefable\n|\n|-heal|p2a: Clefable|24\/100 brn|[from] item: Leftovers\n|upkeep\n|turn|48\n|\n|t:|1700455106\n|move|p2a: Clefable|Wish|p2a: Clefable\n|move|p1a: Chi-Chi \ud83c\udf75|Matcha Gotcha|p2a: Clefable\n|-crit|p2a: Clefable\n|-damage|p2a: Clefable|0 fnt\n|faint|p2a: Clefable\n|\n|upkeep\n|\n|t:|1700455110\n|switch|p2a: Meowscarada|Meowscarada, F|100\/100\n|-damage|p2a: Meowscarada|88\/100|[from] Stealth Rock\n|turn|49\n|\n|t:|1700455114\n|move|p2a: Meowscarada|Flower Trick|p1a: Chi-Chi \ud83c\udf75\n|-start|p2a: Meowscarada|typechange|Grass|[from] ability: Protean\n|-resisted|p1a: Chi-Chi \ud83c\udf75\n|-crit|p1a: Chi-Chi \ud83c\udf75\n|-damage|p1a: Chi-Chi \ud83c\udf75|75\/100 par\n|cant|p1a: Chi-Chi \ud83c\udf75|par\n|\n|-heal|p2a: Meowscarada|100\/100|[from] move: Wish|[wisher] Clefable\n|upkeep\n|turn|50\n|\n|t:|1700455121\n|move|p2a: Meowscarada|Flower Trick|p1a: Chi-Chi \ud83c\udf75\n|-resisted|p1a: Chi-Chi \ud83c\udf75\n|-crit|p1a: Chi-Chi \ud83c\udf75\n|-damage|p1a: Chi-Chi \ud83c\udf75|49\/100 par\n|move|p1a: Chi-Chi \ud83c\udf75|Matcha Gotcha|p2a: Meowscarada\n|-resisted|p2a: Meowscarada\n|-damage|p2a: Meowscarada|1\/100\n|-heal|p1a: Chi-Chi \ud83c\udf75|92\/100 par|[from] drain|[of] p2a: Meowscarada\n|\n|upkeep\n|turn|51\n|\n|t:|1700455125\n|move|p2a: Meowscarada|Flower Trick|p1a: Chi-Chi \ud83c\udf75\n|-resisted|p1a: Chi-Chi \ud83c\udf75\n|-crit|p1a: Chi-Chi \ud83c\udf75\n|-damage|p1a: Chi-Chi \ud83c\udf75|66\/100 par\n|move|p1a: Chi-Chi \ud83c\udf75|Matcha Gotcha|p2a: Meowscarada\n|-resisted|p2a: Meowscarada\n|-damage|p2a: Meowscarada|0 fnt\n|-heal|p1a: Chi-Chi \ud83c\udf75|66\/100 par|[from] drain|[of] p2a: Meowscarada\n|faint|p2a: Meowscarada\n|\n|upkeep\n|\n|t:|1700455127\n|switch|p2a: Cinderace|Cinderace, M, shiny|100\/100\n|turn|52\n|\n|t:|1700455130\n|move|p2a: Cinderace|Pyro Ball|p1a: Chi-Chi \ud83c\udf75|[miss]\n|-miss|p2a: Cinderace|p1a: Chi-Chi \ud83c\udf75\n|cant|p1a: Chi-Chi \ud83c\udf75|par\n|\n|upkeep\n|turn|53\n|\n|t:|1700455132\n|move|p2a: Cinderace|Pyro Ball|p1a: Chi-Chi \ud83c\udf75\n|-supereffective|p1a: Chi-Chi \ud83c\udf75\n|-damage|p1a: Chi-Chi \ud83c\udf75|55\/100 par\n|cant|p1a: Chi-Chi \ud83c\udf75|par\n|\n|upkeep\n|turn|54\n|\n|t:|1700455134\n|move|p2a: Cinderace|Pyro Ball|p1a: Chi-Chi \ud83c\udf75\n|-supereffective|p1a: Chi-Chi \ud83c\udf75\n|-damage|p1a: Chi-Chi \ud83c\udf75|43\/100 par\n|move|p1a: Chi-Chi \ud83c\udf75|Matcha Gotcha|p2a: Cinderace\n|-resisted|p2a: Cinderace\n|-damage|p2a: Cinderace|15\/100\n|-heal|p1a: Chi-Chi \ud83c\udf75|80\/100 par|[from] drain|[of] p2a: Cinderace\n|\n|upkeep\n|turn|55\n|\n|t:|1700455142\n|move|p2a: Cinderace|Pyro Ball|p1a: Chi-Chi \ud83c\udf75\n|-supereffective|p1a: Chi-Chi \ud83c\udf75\n|-damage|p1a: Chi-Chi \ud83c\udf75|69\/100 par\n|move|p1a: Chi-Chi \ud83c\udf75|Matcha Gotcha|p2a: Cinderace\n|-resisted|p2a: Cinderace\n|-damage|p2a: Cinderace|0 fnt\n|-heal|p1a: Chi-Chi \ud83c\udf75|76\/100 par|[from] drain|[of] p2a: Cinderace\n|faint|p2a: Cinderace\n|\n|upkeep\n|-message|Thunder437 forfeited.\n|\n|win|Redribbonrenegade\n|raw|Redribbonrenegade's rating: 1317 &rarr; <strong>1339<\/strong><br \/>(+22 for winning)\n|raw|Thunder437's rating: 1348 &rarr; <strong>1326<\/strong><br \/>(-22 for losing)\n|l|\u2606Thunder437\n","uploadtime":1700455161,"views":10,"p1id":"redribbonrenegade","p2id":"thunder437","formatid":"gen9ou","rating":1326,"private":0,"password":""}