{"id":"gen9ou-1992956155","p1":"Sokass","p2":"GoTE Heartless","format":"[Gen 9] OU","log":"|j|\u2606Sokass\n|j|\u2606GoTE Heartless\n|t:|1700250107\n|gametype|singles\n|player|p1|Sokass|psychic-gen4|1317\n|player|p2|GoTE Heartless|guzma|1257\n|teamsize|p1|6\n|teamsize|p2|6\n|gen|9\n|tier|[Gen 9] OU\n|rated|\n|rule|Sleep Clause Mod: Limit one foe put to sleep\n|rule|Species Clause: Limit one of each Pok\u00e9mon\n|rule|OHKO Clause: OHKO moves are banned\n|rule|Evasion Items Clause: Evasion items are banned\n|rule|Evasion Moves Clause: Evasion moves are banned\n|rule|Endless Battle Clause: Forcing endless battles is banned\n|rule|HP Percentage Mod: HP is shown in percentages\n|clearpoke\n|poke|p1|Glimmora, M|\n|poke|p1|Gholdengo|\n|poke|p1|Ogerpon-Wellspring, F|\n|poke|p1|Kingambit, M|\n|poke|p1|Iron Moth|\n|poke|p1|Enamorus, F|\n|poke|p2|Ceruledge, F|\n|poke|p2|Gholdengo|\n|poke|p2|Rillaboom, M|\n|poke|p2|Cinderace, M|\n|poke|p2|Toxapex, F|\n|poke|p2|Meowscarada, F|\n|teampreview\n|inactive|Battle timer is ON: inactive players will automatically lose when time's up. (requested by GoTE Heartless)\n|\n|t:|1700250119\n|start\n|switch|p1a: Glimmora|Glimmora, M|100\/100\n|switch|p2a: Toxapex|Toxapex, F|100\/100\n|turn|1\n|\n|t:|1700250131\n|move|p1a: Glimmora|Stealth Rock|p2a: Toxapex\n|-sidestart|p2: GoTE Heartless|move: Stealth Rock\n|move|p2a: Toxapex|Surf|p1a: Glimmora\n|-supereffective|p1a: Glimmora\n|-damage|p1a: Glimmora|48\/100\n|\n|upkeep\n|turn|2\n|\n|t:|1700250141\n|move|p1a: Glimmora|Earth Power|p2a: Toxapex\n|-supereffective|p2a: Toxapex\n|-damage|p2a: Toxapex|54\/100\n|move|p2a: Toxapex|Surf|p1a: Glimmora\n|-supereffective|p1a: Glimmora\n|-damage|p1a: Glimmora|0 fnt\n|faint|p1a: Glimmora\n|\n|-heal|p2a: Toxapex|61\/100|[from] item: Leftovers\n|upkeep\n|\n|t:|1700250160\n|switch|p1a: Ogerpon|Ogerpon-Wellspring, F|100\/100\n|turn|3\n|\n|t:|1700250165\n|move|p1a: Ogerpon|Encore|p2a: Toxapex\n|-start|p2a: Toxapex|Encore\n|move|p2a: Toxapex|Surf|p1a: Ogerpon\n|-immune|p1a: Ogerpon|[from] ability: Water Absorb\n|\n|-heal|p2a: Toxapex|67\/100|[from] item: Leftovers\n|upkeep\n|turn|4\n|\n|t:|1700250171\n|switch|p2a: Rillaboom|Rillaboom, M|100\/100\n|-damage|p2a: Rillaboom|88\/100|[from] Stealth Rock\n|-fieldstart|move: Grassy Terrain|[from] ability: Grassy Surge|[of] p2a: Rillaboom\n|move|p1a: Ogerpon|Swords Dance|p1a: Ogerpon\n|-boost|p1a: Ogerpon|atk|2\n|\n|-heal|p2a: Rillaboom|94\/100|[from] Grassy Terrain\n|upkeep\n|turn|5\n|\n|t:|1700250186\n|move|p1a: Ogerpon|Power Whip|p2a: Rillaboom|[miss]\n|-miss|p1a: Ogerpon|p2a: Rillaboom\n|move|p2a: Rillaboom|Wood Hammer|p1a: Ogerpon\n|-damage|p1a: Ogerpon|0 fnt\n|faint|p1a: Ogerpon\n|-damage|p2a: Rillaboom|67\/100|[from] Recoil\n|\n|-heal|p2a: Rillaboom|73\/100|[from] Grassy Terrain\n|upkeep\n|\n|t:|1700250209\n|switch|p1a: Iron Moth|Iron Moth|100\/100\n|-enditem|p1a: Iron Moth|Booster Energy\n|-activate|p1a: Iron Moth|ability: Quark Drive|[fromitem]\n|-start|p1a: Iron Moth|quarkdrivespe\n|turn|6\n|\n|t:|1700250215\n|switch|p2a: Toxapex|Toxapex, F|99\/100\n|-damage|p2a: Toxapex|88\/100|[from] Stealth Rock\n|move|p1a: Iron Moth|Substitute|p1a: Iron Moth\n|-start|p1a: Iron Moth|Substitute\n|-damage|p1a: Iron Moth|76\/100\n|\n|-heal|p1a: Iron Moth|82\/100|[from] Grassy Terrain\n|-heal|p2a: Toxapex|94\/100|[from] Grassy Terrain\n|-heal|p2a: Toxapex|99\/100|[from] item: Leftovers\n|upkeep\n|turn|7\n|\n|t:|1700250235\n|-terastallize|p1a: Iron Moth|Ground\n|move|p1a: Iron Moth|Tera Blast|p2a: Toxapex|[anim] Tera Blast Ground\n|-supereffective|p2a: Toxapex\n|-damage|p2a: Toxapex|33\/100\n|move|p2a: Toxapex|Surf|p1a: Iron Moth\n|-supereffective|p1a: Iron Moth\n|-end|p1a: Iron Moth|Substitute\n|\n|-heal|p1a: Iron Moth|88\/100|[from] Grassy Terrain\n|-heal|p2a: Toxapex|39\/100|[from] Grassy Terrain\n|-heal|p2a: Toxapex|46\/100|[from] item: Leftovers\n|upkeep\n|turn|8\n|\n|t:|1700250246\n|-terastallize|p2a: Toxapex|Water\n|move|p1a: Iron Moth|Tera Blast|p2a: Toxapex|[anim] Tera Blast Ground\n|-damage|p2a: Toxapex|15\/100\n|move|p2a: Toxapex|Recover|p2a: Toxapex\n|-heal|p2a: Toxapex|65\/100\n|\n|-heal|p1a: Iron Moth|94\/100|[from] Grassy Terrain\n|-heal|p2a: Toxapex|71\/100|[from] Grassy Terrain\n|-heal|p2a: Toxapex|77\/100|[from] item: Leftovers\n|-fieldend|move: Grassy Terrain\n|upkeep\n|turn|9\n|inactive|Sokass has 120 seconds left.\n|\n|t:|1700250263\n|move|p1a: Iron Moth|Sludge Wave|p2a: Toxapex\n|-crit|p2a: Toxapex\n|-damage|p2a: Toxapex|17\/100\n|move|p2a: Toxapex|Surf|p1a: Iron Moth\n|-supereffective|p1a: Iron Moth\n|-damage|p1a: Iron Moth|39\/100\n|\n|-heal|p2a: Toxapex|23\/100|[from] item: Leftovers\n|upkeep\n|turn|10\n|\n|t:|1700250273\n|move|p1a: Iron Moth|Fiery Dance|p2a: Toxapex\n|-resisted|p2a: Toxapex\n|-damage|p2a: Toxapex|7\/100\n|-boost|p1a: Iron Moth|spa|1\n|move|p2a: Toxapex|Recover|p2a: Toxapex\n|-heal|p2a: Toxapex|57\/100\n|\n|-heal|p2a: Toxapex|64\/100|[from] item: Leftovers\n|upkeep\n|turn|11\n|\n|t:|1700250282\n|move|p1a: Iron Moth|Sludge Wave|p2a: Toxapex\n|-damage|p2a: Toxapex|10\/100\n|move|p2a: Toxapex|Recover|p2a: Toxapex\n|-heal|p2a: Toxapex|60\/100\n|\n|-heal|p2a: Toxapex|66\/100|[from] item: Leftovers\n|upkeep\n|turn|12\n|\n|t:|1700250289\n|move|p1a: Iron Moth|Substitute|p1a: Iron Moth\n|-start|p1a: Iron Moth|Substitute\n|-damage|p1a: Iron Moth|14\/100\n|move|p2a: Toxapex|Haze|p2a: Toxapex\n|-clearallboost\n|\n|-heal|p2a: Toxapex|73\/100|[from] item: Leftovers\n|upkeep\n|turn|13\n|\n|t:|1700250298\n|move|p1a: Iron Moth|Sludge Wave|p2a: Toxapex\n|-damage|p2a: Toxapex|31\/100\n|move|p2a: Toxapex|Surf|p1a: Iron Moth\n|-supereffective|p1a: Iron Moth\n|-end|p1a: Iron Moth|Substitute\n|\n|-heal|p2a: Toxapex|37\/100|[from] item: Leftovers\n|upkeep\n|turn|14\n|\n|t:|1700250311\n|switch|p2a: Gholdengo|Gholdengo|100\/100\n|-damage|p2a: Gholdengo|94\/100|[from] Stealth Rock\n|move|p1a: Iron Moth|Sludge Wave|p2a: Gholdengo\n|-immune|p2a: Gholdengo\n|\n|-heal|p2a: Gholdengo|100\/100|[from] item: Leftovers\n|upkeep\n|turn|15\n|\n|t:|1700250319\n|switch|p2a: Toxapex|Toxapex, F, tera:Water|71\/100\n|-damage|p2a: Toxapex|58\/100|[from] Stealth Rock\n|move|p1a: Iron Moth|Fiery Dance|p2a: Toxapex\n|-resisted|p2a: Toxapex\n|-damage|p2a: Toxapex|43\/100\n|\n|-heal|p2a: Toxapex|50\/100|[from] item: Leftovers\n|upkeep\n|turn|16\n|\n|t:|1700250328\n|move|p1a: Iron Moth|Sludge Wave|p2a: Toxapex\n|-damage|p2a: Toxapex|8\/100\n|move|p2a: Toxapex|Surf|p1a: Iron Moth\n|-supereffective|p1a: Iron Moth\n|-damage|p1a: Iron Moth|0 fnt\n|faint|p1a: Iron Moth\n|-end|p1a: Iron Moth|Quark Drive|[silent]\n|\n|-heal|p2a: Toxapex|14\/100|[from] item: Leftovers\n|upkeep\n|\n|t:|1700250347\n|switch|p1a: Kingambit|Kingambit, M|100\/100\n|-activate|p1a: Kingambit|ability: Supreme Overlord\n|-start|p1a: Kingambit|fallen3|[silent]\n|turn|17\n|\n|t:|1700250354\n|switch|p2a: Rillaboom|Rillaboom, M|73\/100\n|-damage|p2a: Rillaboom|60\/100|[from] Stealth Rock\n|-fieldstart|move: Grassy Terrain|[from] ability: Grassy Surge|[of] p2a: Rillaboom\n|move|p1a: Kingambit|Swords Dance|p1a: Kingambit\n|-boost|p1a: Kingambit|atk|2\n|\n|-heal|p2a: Rillaboom|67\/100|[from] Grassy Terrain\n|upkeep\n|turn|18\n|\n|t:|1700250364\n|move|p1a: Kingambit|Sucker Punch|p2a: Rillaboom\n|-damage|p2a: Rillaboom|0 fnt\n|faint|p2a: Rillaboom\n|\n|upkeep\n|\n|t:|1700250366\n|switch|p2a: Cinderace|Cinderace, M|100\/100\n|turn|19\n|\n|t:|1700250372\n|move|p2a: Cinderace|Will-O-Wisp|p1a: Kingambit\n|-status|p1a: Kingambit|brn\n|move|p1a: Kingambit|Kowtow Cleave|p2a: Cinderace\n|-damage|p2a: Cinderace|3\/100\n|\n|-heal|p2a: Cinderace|9\/100|[from] Grassy Terrain\n|-damage|p1a: Kingambit|94\/100 brn|[from] brn\n|upkeep\n|turn|20\n|\n|t:|1700250380\n|move|p1a: Kingambit|Sucker Punch||[still]\n|-fail|p1a: Kingambit\n|move|p2a: Cinderace|Court Change|p2a: Cinderace\n|-swapsideconditions\n|-activate|p2a: Cinderace|move: Court Change\n|\n|-heal|p2a: Cinderace|16\/100|[from] Grassy Terrain\n|-heal|p1a: Kingambit|100\/100 brn|[from] Grassy Terrain\n|-damage|p1a: Kingambit|94\/100 brn|[from] brn\n|upkeep\n|turn|21\n|\n|t:|1700250388\n|move|p2a: Cinderace|Pyro Ball|p1a: Kingambit\n|-supereffective|p1a: Kingambit\n|-damage|p1a: Kingambit|0 fnt\n|faint|p1a: Kingambit\n|-end|p1a: Kingambit|fallen3|[silent]\n|\n|-heal|p2a: Cinderace|22\/100|[from] Grassy Terrain\n|-fieldend|move: Grassy Terrain\n|upkeep\n|-message|Sokass forfeited.\n|\n|win|GoTE Heartless\n|raw|Sokass's rating: 1317 &rarr; <strong>1294<\/strong><br \/>(-23 for losing)\n|raw|GoTE Heartless's rating: 1257 &rarr; <strong>1286<\/strong><br \/>(+29 for winning)\n|l|\u2606Sokass\n","uploadtime":1700250399,"views":10,"p1id":"sokass","p2id":"goteheartless","formatid":"gen9ou","rating":1286,"private":0,"password":""}