{"id":"gen9ou-1997228403","p1":"Boc0aa","p2":"Darkmaniman+Minus","format":"[Gen 9] OU","log":"|j|\u2606Boc0aa\n|j|\u2606Darkmaniman+Minus\n|t:|1700777912\n|gametype|singles\n|player|p1|Boc0aa|yellow|1471\n|player|p2|Darkmaniman+Minus|170|1564\n|teamsize|p1|6\n|teamsize|p2|6\n|gen|9\n|tier|[Gen 9] OU\n|rated|\n|rule|Sleep Clause Mod: Limit one foe put to sleep\n|rule|Species Clause: Limit one of each Pok\u00e9mon\n|rule|OHKO Clause: OHKO moves are banned\n|rule|Evasion Items Clause: Evasion items are banned\n|rule|Evasion Moves Clause: Evasion moves are banned\n|rule|Endless Battle Clause: Forcing endless battles is banned\n|rule|HP Percentage Mod: HP is shown in percentages\n|clearpoke\n|poke|p1|Meowscarada, F|\n|poke|p1|Ting-Lu|\n|poke|p1|Kingambit, F|\n|poke|p1|Toxapex, F|\n|poke|p1|Zapdos|\n|poke|p1|Gholdengo|\n|poke|p2|Rillaboom, M|\n|poke|p2|Drifblim, F|\n|poke|p2|Hawlucha, M|\n|poke|p2|Blissey, F|\n|poke|p2|Great Tusk|\n|poke|p2|Greninja-*, M|\n|teampreview\n|inactive|Battle timer is ON: inactive players will automatically lose when time's up. (requested by Boc0aa)\n|\n|t:|1700777917\n|start\n|switch|p1a: Gholdengo|Gholdengo|100\/100\n|switch|p2a: No Eye Contact|Rillaboom, M|100\/100\n|-fieldstart|move: Grassy Terrain|[from] ability: Grassy Surge|[of] p2a: No Eye Contact\n|turn|1\n|\n|t:|1700777923\n|switch|p1a: Ting-Lu|Ting-Lu|100\/100\n|-ability|p1a: Ting-Lu|Vessel of Ruin\n|move|p2a: No Eye Contact|Knock Off|p1a: Ting-Lu\n|-resisted|p1a: Ting-Lu\n|-damage|p1a: Ting-Lu|87\/100\n|-enditem|p1a: Ting-Lu|Leftovers|[from] move: Knock Off|[of] p2a: No Eye Contact\n|\n|-heal|p1a: Ting-Lu|93\/100|[from] Grassy Terrain\n|upkeep\n|turn|2\n|\n|t:|1700777932\n|switch|p2a: Thick And Creamy|Hawlucha, M|100\/100\n|-enditem|p2a: Thick And Creamy|Grassy Seed\n|-boost|p2a: Thick And Creamy|def|1|[from] item: Grassy Seed\n|move|p1a: Ting-Lu|Stealth Rock|p2a: Thick And Creamy\n|-sidestart|p2: Darkmaniman+Minus|move: Stealth Rock\n|\n|-heal|p1a: Ting-Lu|99\/100|[from] Grassy Terrain\n|upkeep\n|turn|3\n|\n|t:|1700777934\n|move|p2a: Thick And Creamy|Encore|p1a: Ting-Lu\n|-start|p1a: Ting-Lu|Encore\n|move|p1a: Ting-Lu|Stealth Rock||[still]\n|-fail|p1a: Ting-Lu\n|\n|-heal|p1a: Ting-Lu|100\/100|[from] Grassy Terrain\n|upkeep\n|turn|4\n|\n|t:|1700777940\n|switch|p1a: Zapdos|Zapdos|100\/100\n|move|p2a: Thick And Creamy|Swords Dance|p2a: Thick And Creamy\n|-boost|p2a: Thick And Creamy|atk|2\n|\n|upkeep\n|turn|5\n|\n|t:|1700777950\n|move|p2a: Thick And Creamy|Acrobatics|p1a: Zapdos\n|-resisted|p1a: Zapdos\n|-damage|p1a: Zapdos|49\/100\n|-status|p2a: Thick And Creamy|par|[from] ability: Static|[of] p1a: Zapdos\n|move|p1a: Zapdos|Volt Switch|p2a: Thick And Creamy\n|-supereffective|p2a: Thick And Creamy\n|-damage|p2a: Thick And Creamy|0 fnt\n|faint|p2a: Thick And Creamy\n|\n|t:|1700777955\n|switch|p1a: Meowscarada|Meowscarada, F|100\/100|[from] Volt Switch\n|\n|-fieldend|move: Grassy Terrain\n|upkeep\n|inactive|Darkmaniman+Minus has 120 seconds left.\n|\n|t:|1700777997\n|switch|p2a: No Eye Contact|Rillaboom, M|100\/100\n|-damage|p2a: No Eye Contact|88\/100|[from] Stealth Rock\n|-fieldstart|move: Grassy Terrain|[from] ability: Grassy Surge|[of] p2a: No Eye Contact\n|turn|6\n|\n|t:|1700778004\n|move|p1a: Meowscarada|Knock Off|p2a: No Eye Contact\n|-start|p1a: Meowscarada|typechange|Dark|[from] ability: Protean\n|-damage|p2a: No Eye Contact|46\/100\n|-enditem|p2a: No Eye Contact|Choice Band|[from] move: Knock Off|[of] p1a: Meowscarada\n|move|p2a: No Eye Contact|U-turn|p1a: Meowscarada\n|-supereffective|p1a: Meowscarada\n|-damage|p1a: Meowscarada|21\/100\n|\n|t:|1700778009\n|switch|p2a: Greninja|Greninja, M|100\/100|[from] U-turn\n|-damage|p2a: Greninja|88\/100|[from] Stealth Rock\n|\n|-heal|p1a: Meowscarada|27\/100|[from] Grassy Terrain\n|-heal|p2a: Greninja|94\/100|[from] Grassy Terrain\n|upkeep\n|turn|7\n|\n|t:|1700778022\n|switch|p1a: Zapdos|Zapdos|49\/100\n|move|p2a: Greninja|Dark Pulse|p1a: Zapdos\n|-damage|p1a: Zapdos|0 fnt\n|faint|p1a: Zapdos\n|-ability|p2a: Greninja|Battle Bond|boost\n|-boost|p2a: Greninja|atk|1\n|-boost|p2a: Greninja|spa|1\n|-boost|p2a: Greninja|spe|1\n|-activate|p2a: Greninja|ability: Battle Bond\n|\n|-heal|p2a: Greninja|99\/100|[from] Grassy Terrain\n|upkeep\n|\n|t:|1700778035\n|switch|p1a: Meowscarada|Meowscarada, F|27\/100\n|turn|8\n|\n|t:|1700778039\n|move|p1a: Meowscarada|Flower Trick|p2a: Greninja\n|-start|p1a: Meowscarada|typechange|Grass|[from] ability: Protean\n|-supereffective|p2a: Greninja\n|-crit|p2a: Greninja\n|-damage|p2a: Greninja|0 fnt\n|faint|p2a: Greninja\n|\n|-heal|p1a: Meowscarada|33\/100|[from] Grassy Terrain\n|upkeep\n|\n|t:|1700778043\n|switch|p2a: Hypervortex7|Drifblim, F|100\/100\n|-damage|p2a: Hypervortex7|76\/100|[from] Stealth Rock\n|-enditem|p2a: Hypervortex7|Grassy Seed\n|-boost|p2a: Hypervortex7|def|1|[from] item: Grassy Seed\n|turn|9\n|\n|t:|1700778048\n|switch|p1a: Ting-Lu|Ting-Lu|100\/100\n|-ability|p1a: Ting-Lu|Vessel of Ruin\n|move|p2a: Hypervortex7|Calm Mind|p2a: Hypervortex7\n|-boost|p2a: Hypervortex7|spa|1\n|-boost|p2a: Hypervortex7|spd|1\n|\n|upkeep\n|turn|10\n|\n|t:|1700778053\n|move|p2a: Hypervortex7|Will-O-Wisp|p1a: Ting-Lu|[miss]\n|-miss|p2a: Hypervortex7|p1a: Ting-Lu\n|move|p1a: Ting-Lu|Whirlwind|p2a: Hypervortex7\n|drag|p2a: Great Tusk|Great Tusk|100\/100\n|-damage|p2a: Great Tusk|98\/100|[from] Stealth Rock\n|\n|-heal|p2a: Great Tusk|100\/100|[from] Grassy Terrain\n|-fieldend|move: Grassy Terrain\n|upkeep\n|turn|11\n|\n|t:|1700778057\n|switch|p1a: Meowscarada|Meowscarada, F|33\/100\n|move|p2a: Great Tusk|Rapid Spin|p1a: Meowscarada\n|-damage|p1a: Meowscarada|8\/100\n|-boost|p2a: Great Tusk|spe|1\n|-sideend|p2: Darkmaniman+Minus|Stealth Rock|[from] move: Rapid Spin|[of] p2a: Great Tusk\n|\n|upkeep\n|turn|12\n|\n|t:|1700778061\n|-end|p2a: Great Tusk|Protosynthesis|[silent]\n|switch|p2a: Hypervortex7|Drifblim, F|76\/100\n|move|p1a: Meowscarada|Play Rough|p2a: Hypervortex7\n|-start|p1a: Meowscarada|typechange|Fairy|[from] ability: Protean\n|-damage|p2a: Hypervortex7|28\/100\n|\n|upkeep\n|turn|13\n|\n|t:|1700778065\n|switch|p2a: Stallomometer|Blissey, F|100\/100\n|move|p1a: Meowscarada|Play Rough|p2a: Stallomometer\n|-damage|p2a: Stallomometer|63\/100\n|\n|upkeep\n|turn|14\n|\n|t:|1700778067\n|move|p1a: Meowscarada|Play Rough|p2a: Stallomometer\n|-damage|p2a: Stallomometer|22\/100\n|move|p2a: Stallomometer|Soft-Boiled|p2a: Stallomometer\n|-heal|p2a: Stallomometer|72\/100\n|\n|upkeep\n|turn|15\n|\n|t:|1700778070\n|move|p1a: Meowscarada|Play Rough|p2a: Stallomometer\n|-damage|p2a: Stallomometer|35\/100\n|-unboost|p2a: Stallomometer|atk|1\n|move|p2a: Stallomometer|Soft-Boiled|p2a: Stallomometer\n|-heal|p2a: Stallomometer|85\/100\n|\n|upkeep\n|turn|16\n|\n|t:|1700778072\n|move|p1a: Meowscarada|Play Rough|p2a: Stallomometer\n|-damage|p2a: Stallomometer|46\/100\n|move|p2a: Stallomometer|Stealth Rock|p1a: Meowscarada\n|-sidestart|p1: Boc0aa|move: Stealth Rock\n|\n|upkeep\n|turn|17\n|\n|t:|1700778079\n|move|p1a: Meowscarada|Play Rough|p2a: Stallomometer\n|-damage|p2a: Stallomometer|6\/100\n|move|p2a: Stallomometer|Soft-Boiled|p2a: Stallomometer\n|-heal|p2a: Stallomometer|56\/100\n|\n|upkeep\n|turn|18\n|\n|t:|1700778081\n|move|p1a: Meowscarada|Play Rough|p2a: Stallomometer\n|-damage|p2a: Stallomometer|18\/100\n|move|p2a: Stallomometer|Soft-Boiled|p2a: Stallomometer\n|-heal|p2a: Stallomometer|68\/100\n|\n|upkeep\n|turn|19\n|\n|t:|1700778084\n|move|p1a: Meowscarada|Play Rough|p2a: Stallomometer\n|-damage|p2a: Stallomometer|25\/100\n|move|p2a: Stallomometer|Soft-Boiled|p2a: Stallomometer\n|-heal|p2a: Stallomometer|75\/100\n|\n|upkeep\n|turn|20\n|\n|t:|1700778087\n|move|p1a: Meowscarada|Play Rough|p2a: Stallomometer\n|-damage|p2a: Stallomometer|37\/100\n|move|p2a: Stallomometer|Soft-Boiled|p2a: Stallomometer\n|-heal|p2a: Stallomometer|87\/100\n|\n|upkeep\n|turn|21\n|\n|t:|1700778091\n|move|p1a: Meowscarada|Play Rough|p2a: Stallomometer\n|-damage|p2a: Stallomometer|50\/100\n|move|p2a: Stallomometer|Seismic Toss|p1a: Meowscarada\n|-damage|p1a: Meowscarada|0 fnt\n|faint|p1a: Meowscarada\n|\n|upkeep\n|\n|t:|1700778094\n|switch|p1a: Ting-Lu|Ting-Lu|100\/100\n|-damage|p1a: Ting-Lu|94\/100|[from] Stealth Rock\n|-ability|p1a: Ting-Lu|Vessel of Ruin\n|turn|22\n|\n|t:|1700778102\n|switch|p2a: No Eye Contact|Rillaboom, M|46\/100\n|-fieldstart|move: Grassy Terrain|[from] ability: Grassy Surge|[of] p2a: No Eye Contact\n|move|p1a: Ting-Lu|Stealth Rock|p2a: No Eye Contact\n|-sidestart|p2: Darkmaniman+Minus|move: Stealth Rock\n|\n|-heal|p2a: No Eye Contact|52\/100|[from] Grassy Terrain\n|-heal|p1a: Ting-Lu|100\/100|[from] Grassy Terrain\n|upkeep\n|turn|23\n|\n|t:|1700778108\n|move|p2a: No Eye Contact|Wood Hammer|p1a: Ting-Lu\n|-supereffective|p1a: Ting-Lu\n|-damage|p1a: Ting-Lu|2\/100\n|-damage|p2a: No Eye Contact|10\/100|[from] Recoil\n|move|p1a: Ting-Lu|Whirlwind|p2a: No Eye Contact\n|drag|p2a: Hypervortex7|Drifblim, F|28\/100\n|-damage|p2a: Hypervortex7|3\/100|[from] Stealth Rock\n|\n|-heal|p1a: Ting-Lu|8\/100|[from] Grassy Terrain\n|upkeep\n|turn|24\n|\n|t:|1700778112\n|move|p2a: Hypervortex7|Strength Sap|p1a: Ting-Lu\n|-unboost|p1a: Ting-Lu|atk|1\n|-heal|p2a: Hypervortex7|83\/100\n|move|p1a: Ting-Lu|Throat Chop|p2a: Hypervortex7\n|-supereffective|p2a: Hypervortex7\n|-damage|p2a: Hypervortex7|22\/100\n|-start|p2a: Hypervortex7|Throat Chop|[silent]\n|\n|-heal|p1a: Ting-Lu|15\/100|[from] Grassy Terrain\n|upkeep\n|turn|25\n|\n|t:|1700778117\n|move|p2a: Hypervortex7|Will-O-Wisp|p1a: Ting-Lu|[miss]\n|-miss|p2a: Hypervortex7|p1a: Ting-Lu\n|move|p1a: Ting-Lu|Whirlwind|p2a: Hypervortex7\n|drag|p2a: No Eye Contact|Rillaboom, M|10\/100\n|-damage|p2a: No Eye Contact|0 fnt|[from] Stealth Rock\n|faint|p2a: No Eye Contact\n|\n|-heal|p1a: Ting-Lu|21\/100|[from] Grassy Terrain\n|upkeep\n|c|\u2606Darkmaniman+Minus|Brorkfkrkdddzuoslld\n|c|\u2606Darkmaniman+Minus|Dd\n|c|\u2606Darkmaniman+Minus|F\n|c|\u2606Darkmaniman+Minus|Ride\n|c|\u2606Darkmaniman+Minus|Meruj\n|c|\u2606Darkmaniman+Minus|Miss every fucking wisp u dumbass balloon\n|\n|t:|1700778137\n|switch|p2a: Great Tusk|Great Tusk|100\/100\n|-damage|p2a: Great Tusk|98\/100|[from] Stealth Rock\n|turn|26\n|\n|t:|1700778142\n|switch|p1a: Gholdengo|Gholdengo|100\/100\n|-damage|p1a: Gholdengo|94\/100|[from] Stealth Rock\n|move|p2a: Great Tusk|Knock Off|p1a: Gholdengo\n|-supereffective|p1a: Gholdengo\n|-damage|p1a: Gholdengo|32\/100\n|-enditem|p1a: Gholdengo|Choice Scarf|[from] move: Knock Off|[of] p2a: Great Tusk\n|\n|-heal|p1a: Gholdengo|38\/100|[from] Grassy Terrain\n|-heal|p2a: Great Tusk|100\/100|[from] Grassy Terrain\n|-fieldend|move: Grassy Terrain\n|upkeep\n|turn|27\n|\n|t:|1700778146\n|-end|p2a: Great Tusk|Protosynthesis|[silent]\n|switch|p2a: Stallomometer|Blissey, F|50\/100\n|move|p1a: Gholdengo|Make It Rain|p2a: Stallomometer\n|-damage|p2a: Stallomometer|27\/100\n|-unboost|p1a: Gholdengo|spa|1\n|\n|upkeep\n|turn|28\n|\n|t:|1700778151\n|move|p1a: Gholdengo|Focus Blast|p2a: Stallomometer|[miss]\n|-miss|p1a: Gholdengo|p2a: Stallomometer\n|move|p2a: Stallomometer|Soft-Boiled|p2a: Stallomometer\n|-heal|p2a: Stallomometer|77\/100\n|\n|upkeep\n|turn|29\n|\n|t:|1700778154\n|switch|p1a: Ting-Lu|Ting-Lu|21\/100\n|-damage|p1a: Ting-Lu|15\/100|[from] Stealth Rock\n|-ability|p1a: Ting-Lu|Vessel of Ruin\n|switch|p2a: Great Tusk|Great Tusk|100\/100\n|-damage|p2a: Great Tusk|98\/100|[from] Stealth Rock\n|\n|-heal|p2a: Great Tusk|100\/100|[from] item: Leftovers\n|upkeep\n|turn|30\n|\n|t:|1700778158\n|move|p2a: Great Tusk|Earthquake|p1a: Ting-Lu\n|-damage|p1a: Ting-Lu|0 fnt\n|faint|p1a: Ting-Lu\n|\n|upkeep\n|\n|t:|1700778162\n|switch|p1a: Toxapex|Toxapex, F|100\/100\n|-damage|p1a: Toxapex|88\/100|[from] Stealth Rock\n|turn|31\n|\n|t:|1700778173\n|-end|p2a: Great Tusk|Protosynthesis|[silent]\n|switch|p2a: Stallomometer|Blissey, F|77\/100\n|-terastallize|p1a: Toxapex|Flying\n|move|p1a: Toxapex|Acid Spray|p2a: Stallomometer\n|-damage|p2a: Stallomometer|73\/100\n|-unboost|p2a: Stallomometer|spd|2\n|\n|upkeep\n|turn|32\n|\n|t:|1700778176\n|move|p2a: Stallomometer|Seismic Toss|p1a: Toxapex\n|-damage|p1a: Toxapex|55\/100\n|move|p1a: Toxapex|Acid Spray|p2a: Stallomometer\n|-damage|p2a: Stallomometer|64\/100\n|-unboost|p2a: Stallomometer|spd|2\n|\n|upkeep\n|turn|33\n|\n|t:|1700778180\n|switch|p2a: Great Tusk|Great Tusk|100\/100\n|-damage|p2a: Great Tusk|98\/100|[from] Stealth Rock\n|move|p1a: Toxapex|Sludge Bomb|p2a: Great Tusk\n|-resisted|p2a: Great Tusk\n|-damage|p2a: Great Tusk|79\/100\n|\n|-heal|p2a: Great Tusk|85\/100|[from] item: Leftovers\n|upkeep\n|turn|34\n|\n|t:|1700778183\n|move|p2a: Great Tusk|Knock Off|p1a: Toxapex\n|-damage|p1a: Toxapex|31\/100\n|-enditem|p1a: Toxapex|Assault Vest|[from] move: Knock Off|[of] p2a: Great Tusk\n|move|p1a: Toxapex|Surf|p2a: Great Tusk\n|-supereffective|p2a: Great Tusk\n|-damage|p2a: Great Tusk|17\/100\n|\n|-heal|p2a: Great Tusk|23\/100|[from] item: Leftovers\n|upkeep\n|turn|35\n|\n|t:|1700778191\n|-end|p2a: Great Tusk|Protosynthesis|[silent]\n|switch|p2a: Stallomometer|Blissey, F|64\/100\n|move|p1a: Toxapex|Surf|p2a: Stallomometer\n|-damage|p2a: Stallomometer|55\/100\n|\n|upkeep\n|turn|36\n|\n|t:|1700778193\n|move|p2a: Stallomometer|Seismic Toss|p1a: Toxapex\n|-damage|p1a: Toxapex|0 fnt\n|faint|p1a: Toxapex\n|\n|upkeep\n|\n|t:|1700778196\n|switch|p1a: fair and balanced|Kingambit, F|100\/100\n|-damage|p1a: fair and balanced|94\/100|[from] Stealth Rock\n|-activate|p1a: fair and balanced|ability: Supreme Overlord\n|-start|p1a: fair and balanced|fallen4|[silent]\n|turn|37\n|\n|t:|1700778201\n|switch|p2a: Hypervortex7|Drifblim, F|22\/100\n|-damage|p2a: Hypervortex7|0 fnt|[from] Stealth Rock\n|faint|p2a: Hypervortex7\n|move|p1a: fair and balanced|Swords Dance|p1a: fair and balanced\n|-boost|p1a: fair and balanced|atk|2\n|\n|upkeep\n|\n|t:|1700778203\n|switch|p2a: Great Tusk|Great Tusk|23\/100\n|-damage|p2a: Great Tusk|20\/100|[from] Stealth Rock\n|turn|38\n|\n|t:|1700778207\n|move|p1a: fair and balanced|Sucker Punch||[still]\n|-fail|p1a: fair and balanced\n|move|p2a: Great Tusk|Bulk Up|p2a: Great Tusk\n|-boost|p2a: Great Tusk|atk|1\n|-boost|p2a: Great Tusk|def|1\n|\n|-heal|p2a: Great Tusk|26\/100|[from] item: Leftovers\n|upkeep\n|turn|39\n|\n|t:|1700778211\n|move|p1a: fair and balanced|Iron Head|p2a: Great Tusk\n|-damage|p2a: Great Tusk|0 fnt\n|faint|p2a: Great Tusk\n|-end|p2a: Great Tusk|Protosynthesis|[silent]\n|\n|upkeep\n|\n|t:|1700778215\n|switch|p2a: Stallomometer|Blissey, F|55\/100\n|turn|40\n|-message|Darkmaniman+Minus forfeited.\n|\n|win|Boc0aa\n|raw|Boc0aa's rating: 1471 &rarr; <strong>1496<\/strong><br \/>(+25 for winning)\n|raw|Darkmaniman+Minus's rating: 1564 &rarr; <strong>1539<\/strong><br \/>(-25 for losing)\n","uploadtime":1700778133,"views":4,"p1id":"boc0aa","p2id":"darkmanimanminus","formatid":"gen9ou","rating":1496,"private":0,"password":""}