{"id":"gen9ou-1992628360","p1":"tyecameo","p2":"Cragu","format":"[Gen 9] OU","log":"|j|\u2606tyecameo\n|j|\u2606Cragu\n|t:|1700217185\n|gametype|singles\n|player|p1|tyecameo|shadowtriad|1011\n|player|p2|Cragu|jasmine|1111\n|teamsize|p1|6\n|teamsize|p2|6\n|gen|9\n|tier|[Gen 9] OU\n|rated|\n|rule|Sleep Clause Mod: Limit one foe put to sleep\n|rule|Species Clause: Limit one of each Pok\u00e9mon\n|rule|OHKO Clause: OHKO moves are banned\n|rule|Evasion Items Clause: Evasion items are banned\n|rule|Evasion Moves Clause: Evasion moves are banned\n|rule|Endless Battle Clause: Forcing endless battles is banned\n|rule|HP Percentage Mod: HP is shown in percentages\n|clearpoke\n|poke|p1|Zoroark-Hisui, F|\n|poke|p1|Cinderace, M|\n|poke|p1|Meowscarada, F|\n|poke|p1|Iron Valiant|\n|poke|p1|Garchomp, F|\n|poke|p1|Zapdos|\n|poke|p2|Alomomola, M|\n|poke|p2|Iron Valiant|\n|poke|p2|Zapdos|\n|poke|p2|Ninetales-Alola, F|\n|poke|p2|Umbreon, M|\n|poke|p2|Iron Treads|\n|teampreview\n|inactive|Battle timer is ON: inactive players will automatically lose when time's up. (requested by Cragu)\n|\n|t:|1700217202\n|start\n|switch|p1a: Zapdos|Zapdos|100\/100\n|switch|p2a: Iron Treads|Iron Treads|100\/100\n|-ability|p1a: Zapdos|Pressure\n|-enditem|p2a: Iron Treads|Booster Energy\n|-activate|p2a: Iron Treads|ability: Quark Drive|[fromitem]\n|-start|p2a: Iron Treads|quarkdrivespe\n|turn|1\n|inactive|tyecameo has 120 seconds left.\n|\n|t:|1700217238\n|move|p2a: Iron Treads|Stealth Rock|p1a: Zapdos\n|-sidestart|p1: tyecameo|move: Stealth Rock\n|move|p1a: Zapdos|Heat Wave|p2a: Iron Treads\n|-supereffective|p2a: Iron Treads\n|-damage|p2a: Iron Treads|10\/100\n|-status|p2a: Iron Treads|brn\n|\n|-damage|p2a: Iron Treads|4\/100 brn|[from] brn\n|upkeep\n|turn|2\n|inactive|tyecameo has 120 seconds left.\n|inactive|Cragu has 120 seconds left.\n|\n|t:|1700217271\n|switch|p1a: Cinderace|Cinderace, M|100\/100\n|move|p2a: Iron Treads|Rapid Spin|p1a: Cinderace\n|-damage|p1a: Cinderace|91\/100\n|-boost|p2a: Iron Treads|spe|1\n|\n|-damage|p2a: Iron Treads|0 fnt|[from] brn\n|faint|p2a: Iron Treads\n|-end|p2a: Iron Treads|Quark Drive|[silent]\n|upkeep\n|inactive|Cragu has 120 seconds left.\n|\n|t:|1700217283\n|switch|p2a: Alomomola|Alomomola, M|100\/100\n|turn|3\n|inactive|Cragu has 120 seconds left.\n|\n|t:|1700217305\n|move|p1a: Cinderace|Court Change|p1a: Cinderace\n|-start|p1a: Cinderace|typechange|Normal|[from] ability: Libero\n|-swapsideconditions\n|-activate|p1a: Cinderace|move: Court Change\n|move|p2a: Alomomola|Flip Turn|p1a: Cinderace\n|-damage|p1a: Cinderace|68\/100\n|\n|t:|1700217318\n|switch|p2a: Iron Valiant|Iron Valiant|100\/100|[from] Flip Turn\n|-damage|p2a: Iron Valiant|94\/100|[from] Stealth Rock\n|\n|upkeep\n|turn|4\n|\n|t:|1700217333\n|move|p1a: Cinderace|U-turn|p2a: Iron Valiant\n|-resisted|p2a: Iron Valiant\n|-damage|p2a: Iron Valiant|87\/100\n|\n|t:|1700217341\n|switch|p1a: Zapdos|Zapdos|100\/100|[from] U-turn\n|-ability|p1a: Zapdos|Pressure\n|move|p2a: Iron Valiant|Drain Punch|p1a: Zapdos\n|-resisted|p1a: Zapdos\n|-damage|p1a: Zapdos|69\/100\n|-heal|p2a: Iron Valiant|100\/100|[from] drain|[of] p1a: Zapdos\n|-damage|p2a: Iron Valiant|91\/100|[from] item: Life Orb\n|\n|upkeep\n|turn|5\n|inactive|Cragu has 90 seconds left.\n|\n|t:|1700217385\n|move|p2a: Iron Valiant|Spirit Break|p1a: Zapdos\n|-damage|p1a: Zapdos|0 fnt\n|faint|p1a: Zapdos\n|-damage|p2a: Iron Valiant|81\/100|[from] item: Life Orb\n|\n|upkeep\n|inactive|tyecameo has 120 seconds left.\n|\n|t:|1700217436\n|switch|p1a: Iron Valiant|Iron Valiant|100\/100\n|-enditem|p1a: Iron Valiant|Booster Energy\n|-activate|p1a: Iron Valiant|ability: Quark Drive|[fromitem]\n|-start|p1a: Iron Valiant|quarkdrivespe\n|turn|6\n|inactive|Cragu has 60 seconds left.\n|\n|t:|1700217473\n|-end|p2a: Iron Valiant|Quark Drive|[silent]\n|switch|p2a: Alomomola|Alomomola, M|100\/100\n|-damage|p2a: Alomomola|88\/100|[from] Stealth Rock\n|move|p1a: Iron Valiant|Moonblast|p2a: Alomomola\n|-damage|p2a: Alomomola|35\/100\n|\n|-heal|p2a: Alomomola|41\/100|[from] item: Leftovers\n|upkeep\n|turn|7\n|inactive|Cragu has 60 seconds left.\n|inactive|Cragu has 30 seconds left.\n|\n|t:|1700217510\n|move|p1a: Iron Valiant|Future Sight|p2a: Alomomola\n|-start|p1a: Iron Valiant|move: Future Sight\n|move|p2a: Alomomola|Flip Turn|p1a: Iron Valiant\n|-damage|p1a: Iron Valiant|81\/100\n|\n|t:|1700217514\n|switch|p2a: Umbreon|Umbreon, M|100\/100|[from] Flip Turn\n|-damage|p2a: Umbreon|88\/100|[from] Stealth Rock\n|\n|-heal|p2a: Umbreon|94\/100|[from] item: Leftovers\n|upkeep\n|turn|8\n|\n|t:|1700217525\n|move|p2a: Umbreon|Protect|p2a: Umbreon\n|-singleturn|p2a: Umbreon|Protect\n|move|p1a: Iron Valiant|Aura Sphere|p2a: Umbreon\n|-activate|p2a: Umbreon|move: Protect\n|\n|-heal|p2a: Umbreon|99\/100|[from] item: Leftovers\n|upkeep\n|turn|9\n|inactive|Cragu has 30 seconds left.\n|inactive|Cragu has 20 seconds left.\n|\n|t:|1700217557\n|switch|p2a: Zapdos|Zapdos|100\/100\n|-damage|p2a: Zapdos|76\/100|[from] Stealth Rock\n|move|p1a: Iron Valiant|Moonblast|p2a: Zapdos\n|-damage|p2a: Zapdos|28\/100\n|\n|-end|p2a: Zapdos|move: Future Sight\n|-damage|p2a: Zapdos|0 fnt\n|faint|p2a: Zapdos\n|upkeep\n|inactive|Cragu has 25 seconds left this turn.\n|inactive|Cragu has 20 seconds left.\n|inactive|Cragu has 15 seconds left.\n|\n|t:|1700217570\n|switch|p2a: Ninetales|Ninetales-Alola, F|100\/100\n|-damage|p2a: Ninetales|76\/100|[from] Stealth Rock\n|-weather|Snow|[from] ability: Snow Warning|[of] p2a: Ninetales\n|turn|10\n|inactive|Cragu has 25 seconds left this turn.\n|inactive|Cragu has 20 seconds left.\n|inactive|Cragu has 15 seconds left.\n|\n|t:|1700217582\n|move|p1a: Iron Valiant|Future Sight|p2a: Ninetales\n|-start|p1a: Iron Valiant|move: Future Sight\n|move|p2a: Ninetales|Moonblast|p1a: Iron Valiant\n|-supereffective|p1a: Iron Valiant\n|-damage|p1a: Iron Valiant|0 fnt\n|faint|p1a: Iron Valiant\n|-end|p1a: Iron Valiant|Quark Drive|[silent]\n|\n|-weather|Snow|[upkeep]\n|upkeep\n|inactive|Cragu has 20 seconds left this turn.\n|\n|t:|1700217592\n|switch|p1a: Cinderace|Cinderace, M|68\/100\n|turn|11\n|inactive|Cragu has 30 seconds left this turn.\n|inactive|Cragu has 20 seconds left.\n|\n|t:|1700217603\n|switch|p2a: Alomomola|Alomomola, M|74\/100\n|-damage|p2a: Alomomola|62\/100|[from] Stealth Rock\n|move|p1a: Cinderace|Pyro Ball|p2a: Alomomola\n|-resisted|p2a: Alomomola\n|-damage|p2a: Alomomola|47\/100\n|\n|-weather|Snow|[upkeep]\n|-heal|p2a: Alomomola|53\/100|[from] item: Leftovers\n|upkeep\n|turn|12\n|inactive|Cragu has 30 seconds left this turn.\n|inactive|tyecameo has 120 seconds left.\n|\n|t:|1700217614\n|move|p1a: Cinderace|U-turn|p2a: Alomomola\n|-start|p1a: Cinderace|typechange|Bug|[from] ability: Libero\n|-damage|p2a: Alomomola|35\/100\n|inactive|Cragu has 30 seconds left this turn.\n|inactive|tyecameo has 120 seconds left.\n|\n|t:|1700217621\n|switch|p1a: Garchomp|Garchomp, F, shiny|100\/100|[from] U-turn\n|move|p2a: Alomomola|Wish|p2a: Alomomola\n|\n|-weather|Snow|[upkeep]\n|-end|p2a: Alomomola|move: Future Sight\n|-damage|p2a: Alomomola|0 fnt\n|faint|p2a: Alomomola\n|upkeep\n|inactive|Cragu has 30 seconds left.\n|\n|t:|1700217630\n|switch|p2a: Ninetales|Ninetales-Alola, F|76\/100\n|-damage|p2a: Ninetales|51\/100|[from] Stealth Rock\n|turn|13\n|inactive|Cragu has 30 seconds left.\n|inactive|Cragu has 20 seconds left.\n|inactive|Cragu has 15 seconds left.\n|\n|t:|1700217656\n|-terastallize|p1a: Garchomp|Steel\n|move|p1a: Garchomp|Iron Head|p2a: Ninetales\n|-supereffective|p2a: Ninetales\n|-damage|p2a: Ninetales|0 fnt\n|faint|p2a: Ninetales\n|\n|-weather|Snow|[upkeep]\n|upkeep\n|inactive|Cragu has 20 seconds left this turn.\n|inactive|Cragu has 15 seconds left.\n|\n|t:|1700217664\n|switch|p2a: Umbreon|Umbreon, M|99\/100\n|-damage|p2a: Umbreon|88\/100|[from] Stealth Rock\n|turn|14\n|inactive|Cragu has 25 seconds left this turn.\n|inactive|Cragu has 20 seconds left.\n|\n|t:|1700217671\n|move|p1a: Garchomp|Iron Head|p2a: Umbreon\n|-damage|p2a: Umbreon|60\/100\n|cant|p2a: Umbreon|flinch\n|\n|-weather|Snow|[upkeep]\n|-heal|p2a: Umbreon|66\/100|[from] item: Leftovers\n|upkeep\n|turn|15\n|inactive|Cragu has 30 seconds left this turn.\n|\n|t:|1700217680\n|move|p1a: Garchomp|Iron Head|p2a: Umbreon\n|-damage|p2a: Umbreon|35\/100\n|cant|p2a: Umbreon|flinch\n|\n|-weather|Snow|[upkeep]\n|-heal|p2a: Umbreon|41\/100|[from] item: Leftovers\n|upkeep\n|turn|16\n|inactive|Cragu has 30 seconds left.\n|\n|t:|1700217688\n|move|p1a: Garchomp|Iron Head|p2a: Umbreon\n|-damage|p2a: Umbreon|12\/100\n|move|p2a: Umbreon|Wish|p2a: Umbreon\n|\n|-weather|Snow|[upkeep]\n|-heal|p2a: Umbreon|18\/100|[from] item: Leftovers\n|upkeep\n|turn|17\n|inactive|Cragu has 30 seconds left.\n|\n|t:|1700217705\n|move|p1a: Garchomp|Iron Head|p2a: Umbreon\n|-crit|p2a: Umbreon\n|-damage|p2a: Umbreon|0 fnt\n|faint|p2a: Umbreon\n|\n|-weather|none\n|upkeep\n|inactive|Cragu has 30 seconds left this turn.\n|\n|t:|1700217710\n|switch|p2a: Iron Valiant|Iron Valiant|81\/100\n|-damage|p2a: Iron Valiant|75\/100|[from] Stealth Rock\n|turn|18\n|\n|t:|1700217716\n|move|p1a: Garchomp|Iron Head|p2a: Iron Valiant\n|-supereffective|p2a: Iron Valiant\n|-damage|p2a: Iron Valiant|0 fnt\n|faint|p2a: Iron Valiant\n|-end|p2a: Iron Valiant|Quark Drive|[silent]\n|\n|win|tyecameo\n|raw|tyecameo's rating: 1011 &rarr; <strong>1060<\/strong><br \/>(+49 for winning)\n|raw|Cragu's rating: 1111 &rarr; <strong>1079<\/strong><br \/>(-32 for losing)\n","uploadtime":1700217727,"views":17,"p1id":"tyecameo","p2id":"cragu","formatid":"gen9ou","rating":1060,"private":0,"password":""}