{"id":"gen9ou-1991375859","p1":"fsalt","p2":"Art and Em","format":"[Gen 9] OU","log":"|j|\u2606fsalt\n|j|\u2606Art and Em\n|t:|1700071934\n|gametype|singles\n|player|p1|fsalt|169|1396\n|player|p2|Art and Em|steven|1411\n|teamsize|p1|6\n|teamsize|p2|6\n|gen|9\n|tier|[Gen 9] OU\n|rated|\n|rule|Sleep Clause Mod: Limit one foe put to sleep\n|rule|Species Clause: Limit one of each Pok\u00e9mon\n|rule|OHKO Clause: OHKO moves are banned\n|rule|Evasion Items Clause: Evasion items are banned\n|rule|Evasion Moves Clause: Evasion moves are banned\n|rule|Endless Battle Clause: Forcing endless battles is banned\n|rule|HP Percentage Mod: HP is shown in percentages\n|clearpoke\n|poke|p1|Ribombee, M|\n|poke|p1|Manaphy|\n|poke|p1|Kingambit, M|\n|poke|p1|Great Tusk|\n|poke|p1|Iron Moth|\n|poke|p1|Gholdengo|\n|poke|p2|Rillaboom, M|\n|poke|p2|Gholdengo|\n|poke|p2|Iron Valiant|\n|poke|p2|Iron Treads|\n|poke|p2|Ceruledge, F|\n|poke|p2|Dragapult, M|\n|teampreview\n|inactive|Battle timer is ON: inactive players will automatically lose when time's up. (requested by Art and Em)\n|\n|t:|1700071943\n|start\n|switch|p1a: Ribombee|Ribombee, M, shiny|100\/100\n|switch|p2a: Iron Treads|Iron Treads|100\/100\n|-enditem|p2a: Iron Treads|Booster Energy\n|-activate|p2a: Iron Treads|ability: Quark Drive|[fromitem]\n|-start|p2a: Iron Treads|quarkdriveatk\n|turn|1\n|\n|t:|1700071950\n|switch|p1a: Gholdengo|Gholdengo|100\/100\n|-item|p1a: Gholdengo|Air Balloon\n|move|p2a: Iron Treads|Rapid Spin|p1a: Gholdengo\n|-immune|p1a: Gholdengo\n|\n|upkeep\n|turn|2\n|\n|t:|1700071953\n|move|p2a: Iron Treads|Iron Head|p1a: Gholdengo\n|-resisted|p1a: Gholdengo\n|-damage|p1a: Gholdengo|71\/100\n|-enditem|p1a: Gholdengo|Air Balloon\n|cant|p1a: Gholdengo|flinch\n|\n|upkeep\n|turn|3\n|\n|t:|1700071961\n|switch|p1a: Great Tusk|Great Tusk|100\/100\n|move|p2a: Iron Treads|High Horsepower|p1a: Great Tusk\n|-damage|p1a: Great Tusk|52\/100\n|\n|upkeep\n|turn|4\n|\n|t:|1700071974\n|move|p2a: Iron Treads|Iron Head|p1a: Great Tusk\n|-damage|p1a: Great Tusk|15\/100\n|move|p1a: Great Tusk|Headlong Rush|p2a: Iron Treads\n|-supereffective|p2a: Iron Treads\n|-damage|p2a: Iron Treads|0 fnt\n|-unboost|p1a: Great Tusk|def|1\n|-unboost|p1a: Great Tusk|spd|1\n|faint|p2a: Iron Treads\n|-end|p2a: Iron Treads|Quark Drive|[silent]\n|\n|upkeep\n|\n|t:|1700071979\n|switch|p2a: Rillaboom|Rillaboom, M|100\/100\n|-fieldstart|move: Grassy Terrain|[from] ability: Grassy Surge|[of] p2a: Rillaboom\n|turn|5\n|\n|t:|1700071985\n|-end|p1a: Great Tusk|Protosynthesis|[silent]\n|switch|p1a: Ribombee|Ribombee, M, shiny|100\/100\n|move|p2a: Rillaboom|U-turn|p1a: Ribombee\n|-resisted|p1a: Ribombee\n|-damage|p1a: Ribombee|65\/100\n|\n|t:|1700071989\n|switch|p2a: Gholdengo|Gholdengo|100\/100|[from] U-turn\n|\n|-heal|p1a: Ribombee|71\/100|[from] Grassy Terrain\n|upkeep\n|turn|6\n|\n|t:|1700071995\n|move|p2a: Gholdengo|Make It Rain|p1a: Ribombee\n|-supereffective|p1a: Ribombee\n|-damage|p1a: Ribombee|0 fnt\n|-unboost|p2a: Gholdengo|spa|1\n|faint|p1a: Ribombee\n|\n|upkeep\n|\n|t:|1700072020\n|switch|p1a: Manaphy|Manaphy|100\/100\n|turn|7\n|\n|t:|1700072023\n|switch|p2a: Rillaboom|Rillaboom, M|100\/100\n|move|p1a: Manaphy|Acid Armor|p1a: Manaphy\n|-boost|p1a: Manaphy|def|2\n|\n|upkeep\n|turn|8\n|\n|t:|1700072029\n|-terastallize|p1a: Manaphy|Dragon\n|move|p2a: Rillaboom|Wood Hammer|p1a: Manaphy\n|-resisted|p1a: Manaphy\n|-damage|p1a: Manaphy|75\/100\n|-damage|p2a: Rillaboom|91\/100|[from] Recoil\n|move|p1a: Manaphy|Take Heart|p1a: Manaphy\n|-boost|p1a: Manaphy|spa|1\n|-boost|p1a: Manaphy|spd|1\n|\n|-heal|p2a: Rillaboom|97\/100|[from] Grassy Terrain\n|-heal|p1a: Manaphy|81\/100|[from] Grassy Terrain\n|-heal|p1a: Manaphy|87\/100|[from] item: Leftovers\n|upkeep\n|turn|9\n|\n|t:|1700072036\n|switch|p2a: Iron Valiant|Iron Valiant|100\/100\n|-enditem|p2a: Iron Valiant|Booster Energy\n|-activate|p2a: Iron Valiant|ability: Quark Drive|[fromitem]\n|-start|p2a: Iron Valiant|quarkdrivespe\n|move|p1a: Manaphy|Take Heart|p1a: Manaphy\n|-boost|p1a: Manaphy|spa|1\n|-boost|p1a: Manaphy|spd|1\n|\n|-heal|p1a: Manaphy|93\/100|[from] Grassy Terrain\n|-heal|p1a: Manaphy|99\/100|[from] item: Leftovers\n|-fieldend|move: Grassy Terrain\n|upkeep\n|turn|10\n|\n|t:|1700072044\n|move|p2a: Iron Valiant|Moonblast|p1a: Manaphy\n|-supereffective|p1a: Manaphy\n|-damage|p1a: Manaphy|61\/100\n|move|p1a: Manaphy|Scald|p2a: Iron Valiant\n|-damage|p2a: Iron Valiant|0 fnt\n|faint|p2a: Iron Valiant\n|-end|p2a: Iron Valiant|Quark Drive|[silent]\n|\n|-heal|p1a: Manaphy|67\/100|[from] item: Leftovers\n|upkeep\n|\n|t:|1700072046\n|switch|p2a: Dragapult|Dragapult, M|100\/100\n|turn|11\n|\n|t:|1700072051\n|-terastallize|p2a: Dragapult|Fire\n|move|p2a: Dragapult|Dragon Darts|p1a: Manaphy\n|-supereffective|p1a: Manaphy\n|-damage|p1a: Manaphy|43\/100\n|-anim|p2a: Dragapult|Dragon Darts|p1a: Manaphy\n|-supereffective|p1a: Manaphy\n|-damage|p1a: Manaphy|19\/100\n|move|p1a: Manaphy|Stored Power|p2a: Dragapult\n|-damage|p2a: Dragapult|0 fnt\n|faint|p2a: Dragapult\n|\n|-heal|p1a: Manaphy|25\/100|[from] item: Leftovers\n|upkeep\n|\n|t:|1700072055\n|switch|p2a: Gholdengo|Gholdengo|100\/100\n|turn|12\n|\n|t:|1700072058\n|move|p2a: Gholdengo|Make It Rain|p1a: Manaphy\n|-damage|p1a: Manaphy|0 fnt\n|-unboost|p2a: Gholdengo|spa|1\n|faint|p1a: Manaphy\n|\n|upkeep\n|\n|t:|1700072061\n|switch|p1a: Iron Moth|Iron Moth|100\/100\n|-enditem|p1a: Iron Moth|Booster Energy\n|-activate|p1a: Iron Moth|ability: Quark Drive|[fromitem]\n|-start|p1a: Iron Moth|quarkdrivespe\n|turn|13\n|\n|t:|1700072072\n|switch|p2a: Ceruledge|Ceruledge, F|100\/100\n|move|p1a: Iron Moth|Psychic|p2a: Ceruledge\n|-damage|p2a: Ceruledge|64\/100\n|\n|upkeep\n|turn|14\n|\n|t:|1700072081\n|move|p1a: Iron Moth|Psychic|p2a: Ceruledge\n|-damage|p2a: Ceruledge|29\/100\n|move|p2a: Ceruledge|Bitter Blade|p1a: Iron Moth\n|-resisted|p1a: Iron Moth\n|-damage|p1a: Iron Moth|65\/100\n|-heal|p2a: Ceruledge|49\/100|[from] drain|[of] p1a: Iron Moth\n|\n|upkeep\n|turn|15\n|\n|t:|1700072088\n|move|p1a: Iron Moth|Psychic|p2a: Ceruledge\n|-damage|p2a: Ceruledge|16\/100\n|move|p2a: Ceruledge|Bitter Blade|p1a: Iron Moth\n|-resisted|p1a: Iron Moth\n|-damage|p1a: Iron Moth|30\/100\n|-heal|p2a: Ceruledge|36\/100|[from] drain|[of] p1a: Iron Moth\n|\n|upkeep\n|turn|16\n|\n|t:|1700072092\n|move|p1a: Iron Moth|Psychic|p2a: Ceruledge\n|-damage|p2a: Ceruledge|3\/100\n|move|p2a: Ceruledge|Bitter Blade|p1a: Iron Moth\n|-resisted|p1a: Iron Moth\n|-damage|p1a: Iron Moth|0 fnt\n|-heal|p2a: Ceruledge|19\/100|[from] drain|[of] p1a: Iron Moth\n|faint|p1a: Iron Moth\n|-end|p1a: Iron Moth|Quark Drive|[silent]\n|\n|upkeep\n|\n|t:|1700072104\n|switch|p1a: Great Tusk|Great Tusk|15\/100\n|turn|17\n|\n|t:|1700072107\n|switch|p2a: Rillaboom|Rillaboom, M|97\/100\n|-fieldstart|move: Grassy Terrain|[from] ability: Grassy Surge|[of] p2a: Rillaboom\n|move|p1a: Great Tusk|Knock Off|p2a: Rillaboom\n|-damage|p2a: Rillaboom|63\/100\n|-enditem|p2a: Rillaboom|Choice Band|[from] move: Knock Off|[of] p1a: Great Tusk\n|\n|-heal|p1a: Great Tusk|21\/100|[from] Grassy Terrain\n|-heal|p2a: Rillaboom|69\/100|[from] Grassy Terrain\n|upkeep\n|turn|18\n|\n|t:|1700072112\n|-end|p1a: Great Tusk|Protosynthesis|[silent]\n|switch|p1a: Gholdengo|Gholdengo|71\/100\n|move|p2a: Rillaboom|Grassy Glide|p1a: Gholdengo\n|-resisted|p1a: Gholdengo\n|-damage|p1a: Gholdengo|51\/100\n|\n|-heal|p2a: Rillaboom|75\/100|[from] Grassy Terrain\n|-heal|p1a: Gholdengo|57\/100|[from] Grassy Terrain\n|upkeep\n|turn|19\n|\n|t:|1700072118\n|move|p2a: Rillaboom|Knock Off|p1a: Gholdengo\n|-supereffective|p1a: Gholdengo\n|-damage|p1a: Gholdengo|8\/100\n|move|p1a: Gholdengo|Shadow Ball|p2a: Rillaboom\n|-damage|p2a: Rillaboom|7\/100\n|\n|-heal|p2a: Rillaboom|13\/100|[from] Grassy Terrain\n|-heal|p1a: Gholdengo|14\/100|[from] Grassy Terrain\n|upkeep\n|turn|20\n|\n|t:|1700072121\n|move|p2a: Rillaboom|Grassy Glide|p1a: Gholdengo\n|-resisted|p1a: Gholdengo\n|-damage|p1a: Gholdengo|0 fnt\n|faint|p1a: Gholdengo\n|\n|-heal|p2a: Rillaboom|19\/100|[from] Grassy Terrain\n|upkeep\n|\n|t:|1700072133\n|switch|p1a: Great Tusk|Great Tusk|21\/100\n|turn|21\n|\n|t:|1700072136\n|move|p2a: Rillaboom|Grassy Glide|p1a: Great Tusk\n|-supereffective|p1a: Great Tusk\n|-damage|p1a: Great Tusk|0 fnt\n|faint|p1a: Great Tusk\n|-end|p1a: Great Tusk|Protosynthesis|[silent]\n|\n|-heal|p2a: Rillaboom|25\/100|[from] Grassy Terrain\n|-fieldend|move: Grassy Terrain\n|upkeep\n|\n|t:|1700072138\n|switch|p1a: Kingambit|Kingambit, M|100\/100\n|-activate|p1a: Kingambit|ability: Supreme Overlord\n|-start|p1a: Kingambit|fallen5|[silent]\n|turn|22\n|\n|t:|1700072141\n|move|p2a: Rillaboom|U-turn|p1a: Kingambit\n|-damage|p1a: Kingambit|78\/100\n|\n|t:|1700072144\n|switch|p2a: Gholdengo|Gholdengo|100\/100|[from] U-turn\n|move|p1a: Kingambit|Swords Dance|p1a: Kingambit\n|-boost|p1a: Kingambit|atk|2\n|\n|upkeep\n|turn|23\n|\n|t:|1700072146\n|move|p1a: Kingambit|Sucker Punch||[still]\n|-fail|p1a: Kingambit\n|move|p2a: Gholdengo|Trick|p1a: Kingambit\n|-activate|p2a: Gholdengo|move: Trick|[of] p1a: Kingambit\n|-item|p1a: Kingambit|Choice Scarf|[from] move: Trick\n|-item|p2a: Gholdengo|Black Glasses|[from] move: Trick\n|\n|upkeep\n|turn|24\n|\n|t:|1700072153\n|move|p1a: Kingambit|Kowtow Cleave|p2a: Gholdengo\n|-supereffective|p2a: Gholdengo\n|-damage|p2a: Gholdengo|0 fnt\n|faint|p2a: Gholdengo\n|\n|upkeep\n|\n|t:|1700072157\n|switch|p2a: Ceruledge|Ceruledge, F|19\/100\n|turn|25\n|\n|t:|1700072160\n|move|p1a: Kingambit|Kowtow Cleave|p2a: Ceruledge\n|-supereffective|p2a: Ceruledge\n|-damage|p2a: Ceruledge|0 fnt\n|faint|p2a: Ceruledge\n|\n|upkeep\n|c|\u2606Art and Em|oh shit\n|\n|t:|1700072165\n|switch|p2a: Rillaboom|Rillaboom, M|25\/100\n|-fieldstart|move: Grassy Terrain|[from] ability: Grassy Surge|[of] p2a: Rillaboom\n|turn|26\n|\n|t:|1700072167\n|move|p1a: Kingambit|Kowtow Cleave|p2a: Rillaboom\n|-damage|p2a: Rillaboom|0 fnt\n|faint|p2a: Rillaboom\n|\n|win|fsalt\n|raw|fsalt's rating: 1396 &rarr; <strong>1417<\/strong><br \/>(+21 for winning)\n|raw|Art and Em's rating: 1411 &rarr; <strong>1390<\/strong><br \/>(-21 for losing)\n|l|\u2606fsalt\n|l|\u2606Art and Em\n|j|\u2606fsalt\n|player|p1|fsalt|169\n","uploadtime":1700072228,"views":8,"p1id":"fsalt","p2id":"artandem","formatid":"gen9ou","rating":1390,"private":0,"password":""}