{"id":"gen9ou-1990312108","p1":"Marattyy","p2":"Bruhitsjhian","format":"[Gen 9] OU","log":"|j|\u2606Marattyy\n|j|\u2606Bruhitsjhian\n|t:|1699955014\n|gametype|singles\n|player|p1|Marattyy|169|1066\n|player|p2|Bruhitsjhian|az|1106\n|teamsize|p1|6\n|teamsize|p2|6\n|gen|9\n|tier|[Gen 9] OU\n|rated|\n|rule|Sleep Clause Mod: Limit one foe put to sleep\n|rule|Species Clause: Limit one of each Pok\u00e9mon\n|rule|OHKO Clause: OHKO moves are banned\n|rule|Evasion Items Clause: Evasion items are banned\n|rule|Evasion Moves Clause: Evasion moves are banned\n|rule|Endless Battle Clause: Forcing endless battles is banned\n|rule|HP Percentage Mod: HP is shown in percentages\n|clearpoke\n|poke|p1|Torterra, M|\n|poke|p1|Ribombee, F|\n|poke|p1|Gholdengo|\n|poke|p1|Iron Moth|\n|poke|p1|Great Tusk|\n|poke|p1|Walking Wake|\n|poke|p2|Regidrago|\n|poke|p2|Cresselia, F|\n|poke|p2|Iron Moth|\n|poke|p2|Walking Wake|\n|poke|p2|Toxapex, M|\n|poke|p2|Rillaboom, M|\n|teampreview\n|\n|t:|1699955029\n|start\n|switch|p1a: SpiderWoman|Ribombee, F|100\/100\n|switch|p2a: Iron Moth|Iron Moth|100\/100\n|-enditem|p2a: Iron Moth|Booster Energy\n|-activate|p2a: Iron Moth|ability: Quark Drive|[fromitem]\n|-start|p2a: Iron Moth|quarkdrivespa\n|turn|1\n|\n|t:|1699955040\n|move|p1a: SpiderWoman|Stun Spore|p2a: Iron Moth\n|-status|p2a: Iron Moth|par\n|cant|p2a: Iron Moth|par\n|\n|upkeep\n|turn|2\n|\n|t:|1699955046\n|move|p1a: SpiderWoman|Sticky Web|p2a: Iron Moth\n|-sidestart|p2: Bruhitsjhian|move: Sticky Web\n|move|p2a: Iron Moth|Fiery Dance|p1a: SpiderWoman\n|-supereffective|p1a: SpiderWoman\n|-enditem|p1a: SpiderWoman|Focus Sash\n|-damage|p1a: SpiderWoman|1\/100\n|\n|upkeep\n|turn|3\n|\n|t:|1699955057\n|move|p1a: SpiderWoman|Psychic|p2a: Iron Moth\n|-supereffective|p2a: Iron Moth\n|-damage|p2a: Iron Moth|43\/100 par\n|move|p2a: Iron Moth|Fiery Dance|p1a: SpiderWoman\n|-supereffective|p1a: SpiderWoman\n|-damage|p1a: SpiderWoman|0 fnt\n|-boost|p2a: Iron Moth|spa|1\n|faint|p1a: SpiderWoman\n|\n|upkeep\n|\n|t:|1699955066\n|switch|p1a: Young Oogway|Torterra, M|100\/100\n|turn|4\n|\n|t:|1699955074\n|move|p1a: Young Oogway|Shell Smash|p1a: Young Oogway\n|-unboost|p1a: Young Oogway|def|1\n|-unboost|p1a: Young Oogway|spd|1\n|-boost|p1a: Young Oogway|atk|2\n|-boost|p1a: Young Oogway|spa|2\n|-boost|p1a: Young Oogway|spe|2\n|move|p2a: Iron Moth|Whirlwind|p1a: Young Oogway\n|drag|p1a: FreeVolc|Iron Moth|100\/100\n|-enditem|p1a: FreeVolc|Booster Energy\n|-activate|p1a: FreeVolc|ability: Quark Drive|[fromitem]\n|-start|p1a: FreeVolc|quarkdrivespa\n|\n|upkeep\n|turn|5\n|\n|t:|1699955085\n|move|p1a: FreeVolc|Psychic|p2a: Iron Moth\n|-supereffective|p2a: Iron Moth\n|-damage|p2a: Iron Moth|0 fnt\n|faint|p2a: Iron Moth\n|-end|p2a: Iron Moth|Quark Drive|[silent]\n|\n|upkeep\n|\n|t:|1699955091\n|switch|p2a: Walking Wake|Walking Wake|100\/100\n|-activate|p2a: Walking Wake|move: Sticky Web\n|-unboost|p2a: Walking Wake|spe|1\n|-enditem|p2a: Walking Wake|Booster Energy\n|-activate|p2a: Walking Wake|ability: Protosynthesis|[fromitem]\n|-start|p2a: Walking Wake|protosynthesisspa\n|turn|6\n|\n|t:|1699955106\n|-end|p1a: FreeVolc|Quark Drive|[silent]\n|switch|p1a: Young Oogway|Torterra, M|100\/100\n|-terastallize|p2a: Walking Wake|Water\n|move|p2a: Walking Wake|Hydro Steam|p1a: Young Oogway\n|-damage|p1a: Young Oogway|10\/100\n|\n|upkeep\n|turn|7\n|\n|t:|1699955116\n|move|p2a: Walking Wake|Hydro Steam|p1a: Young Oogway\n|-damage|p1a: Young Oogway|0 fnt\n|faint|p1a: Young Oogway\n|\n|upkeep\n|\n|t:|1699955138\n|switch|p1a: McFries|Gholdengo|100\/100\n|-item|p1a: McFries|Air Balloon\n|turn|8\n|\n|t:|1699955147\n|move|p2a: Walking Wake|Flamethrower|p1a: McFries\n|-supereffective|p1a: McFries\n|-damage|p1a: McFries|25\/100\n|-enditem|p1a: McFries|Air Balloon\n|move|p1a: McFries|Nasty Plot|p1a: McFries\n|-boost|p1a: McFries|spa|2\n|\n|upkeep\n|turn|9\n|\n|t:|1699955158\n|move|p2a: Walking Wake|Hydro Steam|p1a: McFries\n|-damage|p1a: McFries|0 fnt\n|faint|p1a: McFries\n|\n|upkeep\n|\n|t:|1699955173\n|switch|p1a: Tusky|Great Tusk|100\/100\n|-enditem|p1a: Tusky|Booster Energy\n|-activate|p1a: Tusky|ability: Protosynthesis|[fromitem]\n|-start|p1a: Tusky|protosynthesisatk\n|turn|10\n|\n|t:|1699955183\n|-terastallize|p1a: Tusky|Fire\n|move|p1a: Tusky|Earthquake|p2a: Walking Wake\n|-damage|p2a: Walking Wake|23\/100\n|move|p2a: Walking Wake|Hydro Steam|p1a: Tusky\n|-supereffective|p1a: Tusky\n|-damage|p1a: Tusky|0 fnt\n|faint|p1a: Tusky\n|-end|p1a: Tusky|Protosynthesis|[silent]\n|\n|upkeep\n|\n|t:|1699955191\n|switch|p1a: WhenSeptEnds|Walking Wake|100\/100\n|-enditem|p1a: WhenSeptEnds|Booster Energy\n|-activate|p1a: WhenSeptEnds|ability: Protosynthesis|[fromitem]\n|-start|p1a: WhenSeptEnds|protosynthesisspa\n|turn|11\n|\n|t:|1699955208\n|move|p1a: WhenSeptEnds|Dragon Pulse|p2a: Walking Wake\n|-damage|p2a: Walking Wake|0 fnt\n|faint|p2a: Walking Wake\n|-end|p2a: Walking Wake|Protosynthesis|[silent]\n|\n|upkeep\n|\n|t:|1699955212\n|switch|p2a: Regidrago|Regidrago, shiny|100\/100\n|-activate|p2a: Regidrago|move: Sticky Web\n|-unboost|p2a: Regidrago|spe|1\n|turn|12\n|\n|t:|1699955232\n|switch|p2a: Toxapex|Toxapex, M|100\/100\n|-activate|p2a: Toxapex|move: Sticky Web\n|-unboost|p2a: Toxapex|spe|1\n|move|p1a: WhenSeptEnds|Dragon Pulse|p2a: Toxapex\n|-damage|p2a: Toxapex|52\/100\n|\n|-heal|p2a: Toxapex|58\/100|[from] item: Black Sludge\n|upkeep\n|turn|13\n|\n|t:|1699955255\n|move|p1a: WhenSeptEnds|Dragon Pulse|p2a: Toxapex\n|-damage|p2a: Toxapex|9\/100\n|move|p2a: Toxapex|Recover|p2a: Toxapex\n|-heal|p2a: Toxapex|59\/100\n|\n|-heal|p2a: Toxapex|65\/100|[from] item: Black Sludge\n|upkeep\n|turn|14\n|\n|t:|1699955261\n|move|p1a: WhenSeptEnds|Dragon Pulse|p2a: Toxapex\n|-damage|p2a: Toxapex|17\/100\n|move|p2a: Toxapex|Toxic|p1a: WhenSeptEnds\n|-status|p1a: WhenSeptEnds|tox\n|\n|-heal|p2a: Toxapex|24\/100|[from] item: Black Sludge\n|-damage|p1a: WhenSeptEnds|94\/100 tox|[from] psn\n|upkeep\n|turn|15\n|\n|t:|1699955270\n|move|p2a: Toxapex|Baneful Bunker|p2a: Toxapex\n|-singleturn|p2a: Toxapex|move: Protect\n|move|p1a: WhenSeptEnds|Substitute|p1a: WhenSeptEnds\n|-start|p1a: WhenSeptEnds|Substitute\n|-damage|p1a: WhenSeptEnds|70\/100 tox\n|\n|-heal|p2a: Toxapex|30\/100|[from] item: Black Sludge\n|-damage|p1a: WhenSeptEnds|57\/100 tox|[from] psn\n|upkeep\n|turn|16\n|\n|t:|1699955280\n|move|p1a: WhenSeptEnds|Dragon Pulse|p2a: Toxapex\n|-damage|p2a: Toxapex|0 fnt\n|faint|p2a: Toxapex\n|\n|-damage|p1a: WhenSeptEnds|39\/100 tox|[from] psn\n|upkeep\n|\n|t:|1699955286\n|switch|p2a: Rillaboom|Rillaboom, M, shiny|100\/100\n|-activate|p2a: Rillaboom|move: Sticky Web\n|-unboost|p2a: Rillaboom|spe|1\n|-fieldstart|move: Grassy Terrain|[from] ability: Grassy Surge|[of] p2a: Rillaboom\n|turn|17\n|\n|t:|1699955294\n|move|p2a: Rillaboom|Grassy Glide|p1a: WhenSeptEnds\n|-end|p1a: WhenSeptEnds|Substitute\n|move|p1a: WhenSeptEnds|Flamethrower|p2a: Rillaboom\n|-supereffective|p2a: Rillaboom\n|-damage|p2a: Rillaboom|0 fnt\n|faint|p2a: Rillaboom\n|\n|-heal|p1a: WhenSeptEnds|45\/100 tox|[from] Grassy Terrain\n|-damage|p1a: WhenSeptEnds|20\/100 tox|[from] psn\n|upkeep\n|\n|t:|1699955304\n|switch|p2a: Cresselia|Cresselia, F, shiny|100\/100\n|turn|18\n|\n|t:|1699955312\n|move|p1a: WhenSeptEnds|Flamethrower|p2a: Cresselia\n|-damage|p2a: Cresselia|70\/100\n|move|p2a: Cresselia|Trick Room|p2a: Cresselia\n|-fieldstart|move: Trick Room|[of] p2a: Cresselia\n|\n|-heal|p1a: WhenSeptEnds|26\/100 tox|[from] Grassy Terrain\n|-damage|p1a: WhenSeptEnds|0 fnt|[from] psn\n|faint|p1a: WhenSeptEnds\n|-end|p1a: WhenSeptEnds|Protosynthesis|[silent]\n|upkeep\n|\n|t:|1699955329\n|switch|p1a: FreeVolc|Iron Moth|100\/100\n|turn|19\n|\n|t:|1699955336\n|move|p2a: Cresselia|Future Sight|p1a: FreeVolc\n|-start|p2a: Cresselia|move: Future Sight\n|move|p1a: FreeVolc|Substitute|p1a: FreeVolc\n|-start|p1a: FreeVolc|Substitute\n|-damage|p1a: FreeVolc|76\/100\n|\n|-heal|p1a: FreeVolc|82\/100|[from] Grassy Terrain\n|upkeep\n|turn|20\n|\n|t:|1699955348\n|move|p2a: Cresselia|Psyshock|p1a: FreeVolc\n|-supereffective|p1a: FreeVolc\n|-end|p1a: FreeVolc|Substitute\n|move|p1a: FreeVolc|Fiery Dance|p2a: Cresselia\n|-crit|p2a: Cresselia\n|-damage|p2a: Cresselia|24\/100\n|\n|-heal|p1a: FreeVolc|88\/100|[from] Grassy Terrain\n|upkeep\n|turn|21\n|\n|t:|1699955359\n|move|p2a: Cresselia|Psyshock|p1a: FreeVolc\n|-supereffective|p1a: FreeVolc\n|-damage|p1a: FreeVolc|7\/100\n|move|p1a: FreeVolc|Substitute|p1a: FreeVolc\n|-fail|p1a: FreeVolc|move: Substitute|[weak]\n|\n|-end|p1a: FreeVolc|move: Future Sight\n|-supereffective|p1a: FreeVolc\n|-damage|p1a: FreeVolc|0 fnt\n|faint|p1a: FreeVolc\n|-end|p1a: FreeVolc|Quark Drive|[silent]\n|\n|win|Bruhitsjhian\n|upkeep\n|raw|Marattyy's rating: 1066 &rarr; <strong>1048<\/strong><br \/>(-18 for losing)\n|raw|Bruhitsjhian's rating: 1106 &rarr; <strong>1128<\/strong><br \/>(+22 for winning)\n|l|\u2606Marattyy\n|l|\u2606Bruhitsjhian\n|j|\u2606Bruhitsjhian\n|player|p2|Bruhitsjhian|az\n","uploadtime":1699955442,"views":6,"p1id":"marattyy","p2id":"bruhitsjhian","formatid":"gen9ou","rating":1048,"private":0,"password":""}