{"id":"gen9ou-1990192478","p1":"SpookySlime","p2":"VYK3","format":"[Gen 9] OU","log":"|j|\u2606SpookySlime\n|j|\u2606VYK3\n|t:|1699935310\n|gametype|singles\n|player|p1|SpookySlime|roxie|1113\n|player|p2|VYK3|veteranf|1212\n|teamsize|p1|6\n|teamsize|p2|6\n|gen|9\n|tier|[Gen 9] OU\n|rated|\n|rule|Sleep Clause Mod: Limit one foe put to sleep\n|rule|Species Clause: Limit one of each Pok\u00e9mon\n|rule|OHKO Clause: OHKO moves are banned\n|rule|Evasion Items Clause: Evasion items are banned\n|rule|Evasion Moves Clause: Evasion moves are banned\n|rule|Endless Battle Clause: Forcing endless battles is banned\n|rule|HP Percentage Mod: HP is shown in percentages\n|clearpoke\n|poke|p1|Mimikyu, F|\n|poke|p1|Empoleon, M|\n|poke|p1|Garchomp, F|\n|poke|p1|Scream Tail|\n|poke|p1|Kleavor, M|\n|poke|p1|Weezing-Galar, M|\n|poke|p2|Samurott-Hisui, M|\n|poke|p2|Great Tusk|\n|poke|p2|Clefable, F|\n|poke|p2|Slowking-Galar, F|\n|poke|p2|Ogerpon-Wellspring, F|\n|poke|p2|Gholdengo|\n|teampreview\n|inactive|Battle timer is ON: inactive players will automatically lose when time's up. (requested by VYK3)\n|\n|t:|1699935315\n|start\n|switch|p1a: Rocky|Kleavor, M|100\/100\n|switch|p2a: Clefable|Clefable, F|100\/100\n|turn|1\n|\n|t:|1699935321\n|move|p1a: Rocky|Stone Axe|p2a: Clefable\n|-damage|p2a: Clefable|55\/100\n|-sidestart|p2: VYK3|move: Stealth Rock\n|move|p2a: Clefable|Stealth Rock|p1a: Rocky\n|-sidestart|p1: SpookySlime|move: Stealth Rock\n|\n|-heal|p2a: Clefable|61\/100|[from] item: Leftovers\n|upkeep\n|turn|2\n|\n|t:|1699935327\n|move|p1a: Rocky|Stone Axe|p2a: Clefable\n|-crit|p2a: Clefable\n|-damage|p2a: Clefable|0 fnt\n|faint|p2a: Clefable\n|\n|upkeep\n|\n|t:|1699935331\n|switch|p2a: Gholdengo|Gholdengo|100\/100\n|-damage|p2a: Gholdengo|94\/100|[from] Stealth Rock\n|-item|p2a: Gholdengo|Air Balloon\n|turn|3\n|\n|t:|1699935337\n|switch|p1a: Leon|Empoleon, M|100\/100\n|-damage|p1a: Leon|94\/100|[from] Stealth Rock\n|move|p2a: Gholdengo|Make It Rain|p1a: Leon\n|-resisted|p1a: Leon\n|-damage|p1a: Leon|81\/100\n|-unboost|p2a: Gholdengo|spa|1\n|\n|-heal|p1a: Leon|87\/100|[from] item: Leftovers\n|upkeep\n|turn|4\n|\n|t:|1699935351\n|switch|p2a: Ogerpon|Ogerpon-Wellspring, F|100\/100\n|-damage|p2a: Ogerpon|88\/100|[from] Stealth Rock\n|move|p1a: Leon|Yawn|p2a: Ogerpon\n|-start|p2a: Ogerpon|move: Yawn|[of] p1a: Leon\n|\n|-heal|p1a: Leon|93\/100|[from] item: Leftovers\n|upkeep\n|turn|5\n|\n|t:|1699935363\n|switch|p1a: Geez|Weezing-Galar, M|100\/100\n|-damage|p1a: Geez|88\/100|[from] Stealth Rock\n|move|p2a: Ogerpon|U-turn|p1a: Geez\n|-resisted|p1a: Geez\n|-damage|p1a: Geez|84\/100\n|\n|t:|1699935367\n|switch|p2a: Great Tusk|Great Tusk|100\/100|[from] U-turn\n|\n|-heal|p1a: Geez|90\/100|[from] item: Leftovers\n|upkeep\n|turn|6\n|\n|t:|1699935385\n|-end|p2a: Great Tusk|Protosynthesis|[silent]\n|switch|p2a: Slowking|Slowking-Galar, F|100\/100\n|-damage|p2a: Slowking|88\/100|[from] Stealth Rock\n|move|p1a: Geez|Strange Steam|p2a: Slowking|[miss]\n|-miss|p1a: Geez|p2a: Slowking\n|\n|-heal|p1a: Geez|96\/100|[from] item: Leftovers\n|-heal|p2a: Slowking|94\/100|[from] item: Black Sludge\n|upkeep\n|turn|7\n|\n|t:|1699935390\n|move|p1a: Geez|Defog|p2a: Slowking\n|-unboost|p2a: Slowking|evasion|1\n|-sideend|p2: VYK3|Stealth Rock|[from] move: Defog|[of] p1a: Geez\n|-sideend|p1: SpookySlime|Stealth Rock|[from] move: Defog|[of] p1a: Geez\n|move|p2a: Slowking|Future Sight|p1a: Geez\n|-start|p2a: Slowking|move: Future Sight\n|\n|-heal|p1a: Geez|100\/100|[from] item: Leftovers\n|-heal|p2a: Slowking|99\/100|[from] item: Black Sludge\n|upkeep\n|turn|8\n|\n|t:|1699935400\n|switch|p1a: Leon|Empoleon, M|93\/100\n|move|p2a: Slowking|Chilly Reception|p2a: Slowking\n|-weather|Snow\n|\n|t:|1699935404\n|switch|p2a: Great Tusk|Great Tusk|100\/100|[from] Chilly Reception\n|\n|-weather|Snow|[upkeep]\n|-heal|p1a: Leon|99\/100|[from] item: Leftovers\n|upkeep\n|turn|9\n|\n|t:|1699935422\n|switch|p1a: Pika-Boo|Mimikyu, F, shiny|100\/100\n|move|p2a: Great Tusk|Close Combat|p1a: Pika-Boo\n|-immune|p1a: Pika-Boo\n|\n|-weather|Snow|[upkeep]\n|-end|p1a: Pika-Boo|move: Future Sight\n|-activate|p1a: Pika-Boo|ability: Disguise\n|-damage|p1a: Pika-Boo|100\/100\n|detailschange|p1a: Pika-Boo|Mimikyu-Busted, F, shiny\n|-damage|p1a: Pika-Boo|88\/100|[from] pokemon: Mimikyu-Busted\n|-heal|p1a: Pika-Boo|94\/100|[from] item: Leftovers\n|upkeep\n|turn|10\n|\n|t:|1699935437\n|-end|p2a: Great Tusk|Protosynthesis|[silent]\n|switch|p2a: Ogerpon|Ogerpon-Wellspring, F|88\/100\n|move|p1a: Pika-Boo|Will-O-Wisp|p2a: Ogerpon|[miss]\n|-miss|p1a: Pika-Boo|p2a: Ogerpon\n|\n|-weather|Snow|[upkeep]\n|-heal|p1a: Pika-Boo|99\/100|[from] item: Leftovers\n|upkeep\n|turn|11\n|\n|t:|1699935444\n|move|p2a: Ogerpon|Ivy Cudgel|p1a: Pika-Boo\n|-crit|p1a: Pika-Boo\n|-damage|p1a: Pika-Boo|0 fnt\n|faint|p1a: Pika-Boo\n|\n|-weather|Snow|[upkeep]\n|upkeep\n|\n|t:|1699935466\n|switch|p1a: Geez|Weezing-Galar, M|100\/100\n|turn|12\n|\n|t:|1699935473\n|move|p2a: Ogerpon|U-turn|p1a: Geez\n|-resisted|p1a: Geez\n|-damage|p1a: Geez|96\/100\n|\n|t:|1699935476\n|switch|p2a: Gholdengo|Gholdengo|94\/100|[from] U-turn\n|-item|p2a: Gholdengo|Air Balloon\n|move|p1a: Geez|Thunderbolt|p2a: Gholdengo\n|-damage|p2a: Gholdengo|74\/100\n|-enditem|p2a: Gholdengo|Air Balloon\n|\n|-weather|none\n|-heal|p1a: Geez|100\/100|[from] item: Leftovers\n|upkeep\n|turn|13\n|\n|t:|1699935485\n|switch|p2a: Great Tusk|Great Tusk|100\/100\n|switch|p1a: Leon|Empoleon, M|99\/100\n|\n|-heal|p1a: Leon|100\/100|[from] item: Leftovers\n|upkeep\n|turn|14\n|\n|t:|1699935488\n|switch|p1a: Geez|Weezing-Galar, M|100\/100\n|move|p2a: Great Tusk|Knock Off|p1a: Geez\n|-resisted|p1a: Geez\n|-damage|p1a: Geez|89\/100\n|-enditem|p1a: Geez|Leftovers|[from] move: Knock Off|[of] p2a: Great Tusk\n|\n|upkeep\n|turn|15\n|\n|t:|1699935493\n|-end|p2a: Great Tusk|Protosynthesis|[silent]\n|switch|p2a: Slowking|Slowking-Galar, F|100\/100\n|move|p1a: Geez|Strange Steam|p2a: Slowking\n|-resisted|p2a: Slowking\n|-damage|p2a: Slowking|93\/100\n|\n|-heal|p2a: Slowking|99\/100|[from] item: Black Sludge\n|upkeep\n|turn|16\n|\n|t:|1699935499\n|switch|p1a: Rocky|Kleavor, M|100\/100\n|move|p2a: Slowking|Future Sight|p1a: Rocky\n|-start|p2a: Slowking|move: Future Sight\n|\n|-heal|p2a: Slowking|100\/100|[from] item: Black Sludge\n|upkeep\n|turn|17\n|\n|t:|1699935502\n|switch|p2a: Gholdengo|Gholdengo|74\/100\n|move|p1a: Rocky|Stone Axe|p2a: Gholdengo\n|-resisted|p2a: Gholdengo\n|-damage|p2a: Gholdengo|42\/100\n|-sidestart|p2: VYK3|move: Stealth Rock\n|\n|upkeep\n|turn|18\n|l|\u2606SpookySlime\n|inactive|SpookySlime disconnected and has a minute to reconnect!\n|player|p1|\n|inactive|SpookySlime has 30 seconds to reconnect!\n|inactive|SpookySlime has 20 seconds to reconnect!\n|inactive|SpookySlime has 15 seconds to reconnect!\n|inactive|SpookySlime has 10 seconds to reconnect!\n|inactive|SpookySlime has 5 seconds to reconnect!\n|-message|SpookySlime lost due to inactivity.\n|\n|win|VYK3\n|raw|SpookySlime's rating: 1113 &rarr; <strong>1095<\/strong><br \/>(-18 for losing)\n|raw|VYK3's rating: 1212 &rarr; <strong>1230<\/strong><br \/>(+18 for winning)\n","uploadtime":1699935571,"views":15,"p1id":"spookyslime","p2id":"vyk3","formatid":"gen9ou","rating":1095,"private":0,"password":""}