{"id":"gen9ou-1992661536","p1":"CrossRebellion","p2":"sanvasc","format":"[Gen 9] OU","log":"|j|\u2606CrossRebellion\n|j|\u2606sanvasc\n|t:|1700221961\n|gametype|singles\n|player|p1|CrossRebellion|clair|1209\n|player|p2|sanvasc|2|1164\n|teamsize|p1|6\n|teamsize|p2|6\n|gen|9\n|tier|[Gen 9] OU\n|rated|\n|rule|Sleep Clause Mod: Limit one foe put to sleep\n|rule|Species Clause: Limit one of each Pok\u00e9mon\n|rule|OHKO Clause: OHKO moves are banned\n|rule|Evasion Items Clause: Evasion items are banned\n|rule|Evasion Moves Clause: Evasion moves are banned\n|rule|Endless Battle Clause: Forcing endless battles is banned\n|rule|HP Percentage Mod: HP is shown in percentages\n|clearpoke\n|poke|p1|Lokix, M|\n|poke|p1|Ribombee, M|\n|poke|p1|Great Tusk|\n|poke|p1|Gholdengo|\n|poke|p1|Iron Valiant|\n|poke|p1|Ogerpon-Wellspring, F|\n|poke|p2|Mismagius, M|\n|poke|p2|Gengar, F|\n|poke|p2|Gardevoir, M|\n|poke|p2|Toxapex, F|\n|poke|p2|Illumise, F|\n|poke|p2|Hoopa-Unbound|\n|teampreview\n|\n|t:|1700221979\n|start\n|switch|p1a: Mr Beest|Ribombee, M, shiny|100\/100\n|switch|p2a: Illumise|Illumise, F|100\/100\n|turn|1\n|\n|t:|1700221990\n|move|p2a: Illumise|Thunder Wave|p1a: Mr Beest\n|-status|p1a: Mr Beest|par\n|cant|p1a: Mr Beest|par\n|\n|upkeep\n|turn|2\n|\n|t:|1700221996\n|move|p2a: Illumise|Air Slash|p1a: Mr Beest\n|-supereffective|p1a: Mr Beest\n|-damage|p1a: Mr Beest|35\/100 par\n|cant|p1a: Mr Beest|par\n|\n|upkeep\n|turn|3\n|\n|t:|1700222013\n|switch|p1a: Big Iron|Gholdengo|100\/100\n|-item|p1a: Big Iron|Air Balloon\n|move|p2a: Illumise|Air Slash|p1a: Big Iron\n|-resisted|p1a: Big Iron\n|-crit|p1a: Big Iron\n|-damage|p1a: Big Iron|86\/100\n|-enditem|p1a: Big Iron|Air Balloon\n|\n|upkeep\n|turn|4\n|\n|t:|1700222033\n|switch|p2a: Hoopa|Hoopa-Unbound|100\/100\n|move|p1a: Big Iron|Shadow Ball|p2a: Hoopa\n|-damage|p2a: Hoopa|60\/100\n|\n|upkeep\n|turn|5\n|inactive|Battle timer is ON: inactive players will automatically lose when time's up. (requested by CrossRebellion)\n|\n|t:|1700222062\n|switch|p1a: Dr kill|Ogerpon-Wellspring, F|100\/100\n|move|p2a: Hoopa|Knock Off|p1a: Dr kill\n|-damage|p1a: Dr kill|57\/100\n|\n|upkeep\n|turn|6\n|\n|t:|1700222077\n|move|p1a: Dr kill|Play Rough|p2a: Hoopa\n|-supereffective|p2a: Hoopa\n|-damage|p2a: Hoopa|0 fnt\n|faint|p2a: Hoopa\n|\n|upkeep\n|\n|t:|1700222085\n|switch|p2a: Toxapex|Toxapex, F|100\/100\n|turn|7\n|\n|t:|1700222090\n|switch|p1a: Mr Beest|Ribombee, M, shiny|35\/100 par\n|move|p2a: Toxapex|Infestation|p1a: Mr Beest\n|-resisted|p1a: Mr Beest\n|-damage|p1a: Mr Beest|32\/100 par\n|-activate|p1a: Mr Beest|move: Infestation|[of] p2a: Toxapex\n|\n|-damage|p1a: Mr Beest|20\/100 par|[from] move: Infestation|[partiallytrapped]\n|upkeep\n|turn|8\n|\n|t:|1700222100\n|move|p1a: Mr Beest|Sticky Web|p2a: Toxapex\n|-sidestart|p2: sanvasc|move: Sticky Web\n|move|p2a: Toxapex|Venoshock|p1a: Mr Beest\n|-supereffective|p1a: Mr Beest\n|-damage|p1a: Mr Beest|0 fnt\n|faint|p1a: Mr Beest\n|\n|upkeep\n|inactive|CrossRebellion has 120 seconds left.\n|\n|t:|1700222133\n|switch|p1a: Tusk|Great Tusk|100\/100\n|turn|9\n|\n|t:|1700222139\n|move|p1a: Tusk|Knock Off|p2a: Toxapex\n|-damage|p2a: Toxapex|80\/100\n|move|p2a: Toxapex|Toxic|p1a: Tusk\n|-status|p1a: Tusk|tox\n|\n|-damage|p1a: Tusk|94\/100 tox|[from] psn\n|upkeep\n|turn|10\n|\n|t:|1700222147\n|move|p1a: Tusk|Headlong Rush|p2a: Toxapex\n|-supereffective|p2a: Toxapex\n|-damage|p2a: Toxapex|0 fnt\n|-unboost|p1a: Tusk|def|1\n|-unboost|p1a: Tusk|spd|1\n|faint|p2a: Toxapex\n|\n|-damage|p1a: Tusk|82\/100 tox|[from] psn\n|upkeep\n|\n|t:|1700222160\n|switch|p2a: Illumise|Illumise, F|100\/100\n|-activate|p2a: Illumise|move: Sticky Web\n|-unboost|p2a: Illumise|spe|1\n|turn|11\n|\n|t:|1700222168\n|move|p2a: Illumise|Encore|p1a: Tusk\n|-start|p1a: Tusk|Encore\n|move|p1a: Tusk|Headlong Rush|p2a: Illumise\n|-resisted|p2a: Illumise\n|-damage|p2a: Illumise|46\/100\n|-unboost|p1a: Tusk|def|1\n|-unboost|p1a: Tusk|spd|1\n|\n|-damage|p1a: Tusk|63\/100 tox|[from] psn\n|upkeep\n|turn|12\n|\n|t:|1700222177\n|move|p1a: Tusk|Headlong Rush|p2a: Illumise\n|-resisted|p2a: Illumise\n|-damage|p2a: Illumise|0 fnt\n|-unboost|p1a: Tusk|def|1\n|-unboost|p1a: Tusk|spd|1\n|faint|p2a: Illumise\n|\n|-damage|p1a: Tusk|39\/100 tox|[from] psn\n|upkeep\n|\n|t:|1700222188\n|switch|p2a: Gardevoir|Gardevoir, M|100\/100\n|-activate|p2a: Gardevoir|move: Sticky Web\n|-unboost|p2a: Gardevoir|spe|1\n|turn|13\n|\n|t:|1700222194\n|move|p1a: Tusk|Headlong Rush|p2a: Gardevoir\n|-damage|p2a: Gardevoir|0 fnt\n|-unboost|p1a: Tusk|def|1\n|-unboost|p1a: Tusk|spd|1\n|faint|p2a: Gardevoir\n|\n|-damage|p1a: Tusk|8\/100 tox|[from] psn\n|-end|p1a: Tusk|Encore\n|upkeep\n|\n|t:|1700222202\n|switch|p2a: Gengar|Gengar, F|100\/100\n|-activate|p2a: Gengar|move: Sticky Web\n|-unboost|p2a: Gengar|spe|1\n|turn|14\n|\n|t:|1700222212\n|move|p1a: Tusk|Headlong Rush|p2a: Gengar\n|-supereffective|p2a: Gengar\n|-damage|p2a: Gengar|0 fnt\n|-unboost|p1a: Tusk|def|1\n|-unboost|p1a: Tusk|spd|1\n|faint|p2a: Gengar\n|\n|-damage|p1a: Tusk|0 fnt|[from] psn\n|faint|p1a: Tusk\n|-end|p1a: Tusk|Protosynthesis|[silent]\n|upkeep\n|\n|t:|1700222227\n|switch|p2a: Mismagius|Mismagius, M|100\/100\n|switch|p1a: Mr Electric|Iron Valiant|100\/100\n|turn|15\n|\n|t:|1700222232\n|move|p1a: Mr Electric|Shadow Ball|p2a: Mismagius\n|-supereffective|p2a: Mismagius\n|-crit|p2a: Mismagius\n|-enditem|p2a: Mismagius|Focus Sash\n|-damage|p2a: Mismagius|1\/100\n|move|p2a: Mismagius|Perish Song|p2a: Mismagius\n|-start|p1a: Mr Electric|perish3|[silent]\n|-start|p2a: Mismagius|perish3|[silent]\n|-fieldactivate|move: Perish Song\n|\n|-start|p1a: Mr Electric|perish3\n|-start|p2a: Mismagius|perish3\n|upkeep\n|turn|16\n|\n|t:|1700222242\n|move|p1a: Mr Electric|Shadow Ball|p2a: Mismagius\n|-supereffective|p2a: Mismagius\n|-damage|p2a: Mismagius|0 fnt\n|faint|p2a: Mismagius\n|\n|win|CrossRebellion\n|raw|CrossRebellion's rating: 1209 &rarr; <strong>1231<\/strong><br \/>(+22 for winning)\n|raw|sanvasc's rating: 1164 &rarr; <strong>1142<\/strong><br \/>(-22 for losing)\n|l|\u2606sanvasc\n","uploadtime":1700222393,"views":8,"p1id":"crossrebellion","p2id":"sanvasc","formatid":"gen9ou","rating":1142,"private":0,"password":""}