{"id":"gen9ou-1992393474","p1":"Rekt_3001","p2":"cerberus sama","format":"[Gen 9] OU","log":"|j|\u2606Rekt_3001\n|j|\u2606cerberus sama\n|t:|1700182388\n|gametype|singles\n|player|p1|Rekt_3001|170|1586\n|player|p2|cerberus sama|266|1647\n|teamsize|p1|6\n|teamsize|p2|6\n|gen|9\n|tier|[Gen 9] OU\n|rated|\n|rule|Sleep Clause Mod: Limit one foe put to sleep\n|rule|Species Clause: Limit one of each Pok\u00e9mon\n|rule|OHKO Clause: OHKO moves are banned\n|rule|Evasion Items Clause: Evasion items are banned\n|rule|Evasion Moves Clause: Evasion moves are banned\n|rule|Endless Battle Clause: Forcing endless battles is banned\n|rule|HP Percentage Mod: HP is shown in percentages\n|clearpoke\n|poke|p1|Ribombee, F|\n|poke|p1|Heatran, M|\n|poke|p1|Great Tusk|\n|poke|p1|Ogerpon-Wellspring, F|\n|poke|p1|Corviknight, M|\n|poke|p1|Samurott-Hisui, F|\n|poke|p2|Garganacl, F|\n|poke|p2|Great Tusk|\n|poke|p2|Clodsire, F|\n|poke|p2|Landorus-Therian, M|\n|poke|p2|Iron Valiant|\n|poke|p2|Skeledirge, F|\n|teampreview\n|inactive|Battle timer is ON: inactive players will automatically lose when time's up. (requested by cerberus sama)\n|inactive|Rekt_3001 has 120 seconds left.\n|\n|t:|1700182422\n|start\n|switch|p1a: Samurott|Samurott-Hisui, F|100\/100\n|switch|p2a: Clodsire|Clodsire, F|100\/100\n|turn|1\n|\n|t:|1700182427\n|move|p1a: Samurott|Ceaseless Edge|p2a: Clodsire\n|-damage|p2a: Clodsire|53\/100\n|-sidestart|p2: cerberus sama|Spikes\n|move|p2a: Clodsire|Stealth Rock|p1a: Samurott\n|-sidestart|p1: Rekt_3001|move: Stealth Rock\n|\n|-heal|p2a: Clodsire|59\/100|[from] item: Black Sludge\n|upkeep\n|turn|2\n|\n|t:|1700182435\n|switch|p2a: Landorus|Landorus-Therian, M|100\/100\n|-ability|p2a: Landorus|Intimidate|boost\n|-unboost|p1a: Samurott|atk|1\n|move|p1a: Samurott|Ceaseless Edge|p2a: Landorus|[miss]\n|-miss|p1a: Samurott|p2a: Landorus\n|\n|upkeep\n|turn|3\n|\n|t:|1700182439\n|move|p2a: Landorus|U-turn|p1a: Samurott\n|-supereffective|p1a: Samurott\n|-damage|p1a: Samurott|60\/100\n|\n|t:|1700182441\n|switch|p2a: Great Tusk|Great Tusk|100\/100|[from] U-turn\n|-damage|p2a: Great Tusk|88\/100|[from] Spikes\n|move|p1a: Samurott|Flip Turn|p2a: Great Tusk\n|-supereffective|p2a: Great Tusk\n|-damage|p2a: Great Tusk|68\/100\n|\n|t:|1700182450\n|switch|p1a: Ribombee|Ribombee, F|100\/100|[from] Flip Turn\n|-damage|p1a: Ribombee|76\/100|[from] Stealth Rock\n|\n|upkeep\n|turn|4\n|\n|t:|1700182456\n|-end|p2a: Great Tusk|Protosynthesis|[silent]\n|switch|p2a: Landorus|Landorus-Therian, M|100\/100\n|-ability|p2a: Landorus|Intimidate|boost\n|-unboost|p1a: Ribombee|atk|1\n|move|p1a: Ribombee|Psychic|p2a: Landorus\n|-damage|p2a: Landorus|50\/100\n|\n|-heal|p2a: Landorus|56\/100|[from] item: Leftovers\n|upkeep\n|turn|5\n|\n|t:|1700182464\n|switch|p1a: Corviknight|Corviknight, M|100\/100\n|-damage|p1a: Corviknight|88\/100|[from] Stealth Rock\n|-ability|p1a: Corviknight|Pressure\n|move|p2a: Landorus|Sludge Bomb|p1a: Corviknight\n|-immune|p1a: Corviknight\n|\n|-heal|p2a: Landorus|62\/100|[from] item: Leftovers\n|upkeep\n|turn|6\n|\n|t:|1700182470\n|move|p2a: Landorus|Sludge Bomb|p1a: Corviknight\n|-immune|p1a: Corviknight\n|move|p1a: Corviknight|U-turn|p2a: Landorus\n|-resisted|p2a: Landorus\n|-damage|p2a: Landorus|53\/100\n|\n|t:|1700182476\n|switch|p1a: Great Tusk|Great Tusk|100\/100|[from] U-turn\n|-damage|p1a: Great Tusk|98\/100|[from] Stealth Rock\n|\n|-heal|p2a: Landorus|59\/100|[from] item: Leftovers\n|-heal|p1a: Great Tusk|100\/100|[from] item: Leftovers\n|upkeep\n|turn|7\n|\n|t:|1700182479\n|move|p2a: Landorus|Grass Knot|p1a: Great Tusk\n|-supereffective|p1a: Great Tusk\n|-damage|p1a: Great Tusk|0 fnt\n|faint|p1a: Great Tusk\n|-end|p1a: Great Tusk|Protosynthesis|[silent]\n|\n|-heal|p2a: Landorus|65\/100|[from] item: Leftovers\n|upkeep\n|\n|t:|1700182494\n|switch|p1a: Corviknight|Corviknight, M|88\/100\n|-damage|p1a: Corviknight|75\/100|[from] Stealth Rock\n|-ability|p1a: Corviknight|Pressure\n|turn|8\n|\n|t:|1700182498\n|move|p2a: Landorus|U-turn|p1a: Corviknight\n|-resisted|p1a: Corviknight\n|-damage|p1a: Corviknight|72\/100\n|-damage|p2a: Landorus|48\/100|[from] item: Rocky Helmet|[of] p1a: Corviknight\n|\n|t:|1700182501\n|switch|p2a: Garganacl|Garganacl, F|100\/100|[from] U-turn\n|-damage|p2a: Garganacl|88\/100|[from] Spikes\n|move|p1a: Corviknight|Brave Bird|p2a: Garganacl\n|-resisted|p2a: Garganacl\n|-damage|p2a: Garganacl|77\/100\n|-damage|p1a: Corviknight|68\/100|[from] Recoil\n|\n|-heal|p2a: Garganacl|84\/100|[from] item: Leftovers\n|upkeep\n|turn|9\n|\n|t:|1700182505\n|move|p1a: Corviknight|U-turn|p2a: Garganacl\n|-damage|p2a: Garganacl|75\/100\n|\n|t:|1700182521\n|switch|p1a: Samurott|Samurott-Hisui, F|60\/100|[from] U-turn\n|-damage|p1a: Samurott|47\/100|[from] Stealth Rock\n|move|p2a: Garganacl|Salt Cure|p1a: Samurott\n|-damage|p1a: Samurott|33\/100\n|-start|p1a: Samurott|Salt Cure\n|\n|-heal|p2a: Garganacl|81\/100|[from] item: Leftovers\n|-damage|p1a: Samurott|8\/100|[from] Salt Cure\n|upkeep\n|turn|10\n|\n|t:|1700182525\n|move|p2a: Garganacl|Protect|p2a: Garganacl\n|-singleturn|p2a: Garganacl|Protect\n|move|p1a: Samurott|Ceaseless Edge|p2a: Garganacl\n|-activate|p2a: Garganacl|move: Protect\n|\n|-heal|p2a: Garganacl|87\/100|[from] item: Leftovers\n|-damage|p1a: Samurott|0 fnt|[from] Salt Cure\n|faint|p1a: Samurott\n|upkeep\n|\n|t:|1700182531\n|switch|p1a: Ribombee|Ribombee, F|76\/100\n|-damage|p1a: Ribombee|51\/100|[from] Stealth Rock\n|turn|11\n|\n|t:|1700182535\n|move|p1a: Ribombee|Trick|p2a: Garganacl\n|-activate|p1a: Ribombee|move: Trick|[of] p2a: Garganacl\n|-item|p2a: Garganacl|Choice Specs|[from] move: Trick\n|-item|p1a: Ribombee|Leftovers|[from] move: Trick\n|move|p2a: Garganacl|Salt Cure|p1a: Ribombee\n|-supereffective|p1a: Ribombee\n|-damage|p1a: Ribombee|0 fnt\n|faint|p1a: Ribombee\n|\n|upkeep\n|\n|t:|1700182539\n|switch|p1a: Heatran|Heatran, M|100\/100\n|-damage|p1a: Heatran|88\/100|[from] Stealth Rock\n|turn|12\n|\n|t:|1700182544\n|move|p1a: Heatran|Stealth Rock|p2a: Garganacl\n|-sidestart|p2: cerberus sama|move: Stealth Rock\n|move|p2a: Garganacl|Salt Cure|p1a: Heatran\n|-damage|p1a: Heatran|77\/100\n|-start|p1a: Heatran|Salt Cure\n|\n|-heal|p1a: Heatran|83\/100|[from] item: Leftovers\n|-damage|p1a: Heatran|58\/100|[from] Salt Cure\n|upkeep\n|turn|13\n|\n|t:|1700182551\n|switch|p2a: Skeledirge|Skeledirge, F|100\/100\n|move|p1a: Heatran|Magma Storm|p2a: Skeledirge|[miss]\n|-miss|p1a: Heatran|p2a: Skeledirge\n|\n|-heal|p1a: Heatran|64\/100|[from] item: Leftovers\n|-damage|p1a: Heatran|39\/100|[from] Salt Cure\n|upkeep\n|turn|14\n|\n|t:|1700182559\n|switch|p1a: Corviknight|Corviknight, M|68\/100\n|-damage|p1a: Corviknight|56\/100|[from] Stealth Rock\n|-ability|p1a: Corviknight|Pressure\n|switch|p2a: Landorus|Landorus-Therian, M|48\/100\n|-damage|p2a: Landorus|36\/100|[from] Stealth Rock\n|-ability|p2a: Landorus|Intimidate|boost\n|-unboost|p1a: Corviknight|atk|1\n|\n|-heal|p2a: Landorus|42\/100|[from] item: Leftovers\n|upkeep\n|turn|15\n|\n|t:|1700182563\n|move|p2a: Landorus|U-turn|p1a: Corviknight\n|-resisted|p1a: Corviknight\n|-damage|p1a: Corviknight|53\/100\n|-damage|p2a: Landorus|26\/100|[from] item: Rocky Helmet|[of] p1a: Corviknight\n|\n|t:|1700182565\n|switch|p2a: Great Tusk|Great Tusk|68\/100|[from] U-turn\n|-damage|p2a: Great Tusk|56\/100|[from] Spikes\n|-damage|p2a: Great Tusk|53\/100|[from] Stealth Rock\n|move|p1a: Corviknight|U-turn|p2a: Great Tusk\n|-resisted|p2a: Great Tusk\n|-damage|p2a: Great Tusk|49\/100\n|\n|t:|1700182569\n|switch|p1a: Ogerpon|Ogerpon-Wellspring, F|100\/100|[from] U-turn\n|-damage|p1a: Ogerpon|88\/100|[from] Stealth Rock\n|\n|upkeep\n|turn|16\n|\n|t:|1700182572\n|-end|p2a: Great Tusk|Protosynthesis|[silent]\n|switch|p2a: Landorus|Landorus-Therian, M|26\/100\n|-damage|p2a: Landorus|13\/100|[from] Stealth Rock\n|-ability|p2a: Landorus|Intimidate|boost\n|-unboost|p1a: Ogerpon|atk|1\n|move|p1a: Ogerpon|Horn Leech|p2a: Landorus\n|-damage|p2a: Landorus|0 fnt\n|-heal|p1a: Ogerpon|95\/100|[from] drain|[of] p2a: Landorus\n|faint|p2a: Landorus\n|\n|upkeep\n|\n|t:|1700182580\n|switch|p2a: Garganacl|Garganacl, F|87\/100\n|-damage|p2a: Garganacl|75\/100|[from] Spikes\n|-damage|p2a: Garganacl|63\/100|[from] Stealth Rock\n|turn|17\n|\n|t:|1700182583\n|-terastallize|p2a: Garganacl|Ghost\n|move|p1a: Ogerpon|Spiky Shield|p1a: Ogerpon\n|-singleturn|p1a: Ogerpon|move: Protect\n|move|p2a: Garganacl|Salt Cure|p1a: Ogerpon\n|-activate|p1a: Ogerpon|move: Protect\n|\n|upkeep\n|turn|18\n|\n|t:|1700182593\n|move|p1a: Ogerpon|Ivy Cudgel|p2a: Garganacl|[anim] Ivy Cudgel Water\n|-crit|p2a: Garganacl\n|-damage|p2a: Garganacl|14\/100\n|move|p2a: Garganacl|Salt Cure|p1a: Ogerpon\n|-damage|p1a: Ogerpon|76\/100\n|-start|p1a: Ogerpon|Salt Cure\n|\n|-damage|p1a: Ogerpon|51\/100|[from] Salt Cure\n|upkeep\n|turn|19\n|\n|t:|1700182597\n|move|p1a: Ogerpon|U-turn|p2a: Garganacl\n|-resisted|p2a: Garganacl\n|-damage|p2a: Garganacl|9\/100\n|\n|t:|1700182604\n|switch|p1a: Corviknight|Corviknight, M|53\/100|[from] U-turn\n|-damage|p1a: Corviknight|40\/100|[from] Stealth Rock\n|-ability|p1a: Corviknight|Pressure\n|move|p2a: Garganacl|Salt Cure|p1a: Corviknight\n|-damage|p1a: Corviknight|30\/100\n|-start|p1a: Corviknight|Salt Cure\n|\n|-damage|p1a: Corviknight|5\/100|[from] Salt Cure\n|upkeep\n|turn|20\n|\n|t:|1700182612\n|switch|p2a: Great Tusk|Great Tusk|49\/100\n|-damage|p2a: Great Tusk|37\/100|[from] Spikes\n|-damage|p2a: Great Tusk|34\/100|[from] Stealth Rock\n|move|p1a: Corviknight|Roost|p1a: Corviknight\n|-heal|p1a: Corviknight|55\/100\n|-singleturn|p1a: Corviknight|move: Roost\n|\n|-damage|p1a: Corviknight|30\/100|[from] Salt Cure\n|upkeep\n|turn|21\n|\n|t:|1700182628\n|move|p2a: Great Tusk|Rapid Spin|p1a: Corviknight\n|-resisted|p1a: Corviknight\n|-damage|p1a: Corviknight|26\/100\n|-boost|p2a: Great Tusk|spe|1\n|-damage|p2a: Great Tusk|17\/100|[from] item: Rocky Helmet|[of] p1a: Corviknight\n|-sideend|p2: cerberus sama|Spikes|[from] move: Rapid Spin|[of] p2a: Great Tusk\n|-sideend|p2: cerberus sama|Stealth Rock|[from] move: Rapid Spin|[of] p2a: Great Tusk\n|move|p1a: Corviknight|Brave Bird|p2a: Great Tusk\n|-supereffective|p2a: Great Tusk\n|-damage|p2a: Great Tusk|0 fnt\n|faint|p2a: Great Tusk\n|-end|p2a: Great Tusk|Protosynthesis|[silent]\n|-damage|p1a: Corviknight|20\/100|[from] Recoil\n|\n|-damage|p1a: Corviknight|0 fnt|[from] Salt Cure\n|faint|p1a: Corviknight\n|upkeep\n|\n|t:|1700182649\n|switch|p2a: Iron Valiant|Iron Valiant|100\/100\n|switch|p1a: Ogerpon|Ogerpon-Wellspring, F|51\/100\n|-damage|p1a: Ogerpon|38\/100|[from] Stealth Rock\n|turn|22\n|\n|t:|1700182654\n|-terastallize|p1a: Ogerpon|Water\n|detailschange|p1a: Ogerpon|Ogerpon-Wellspring-Tera, F, tera:Water\n|-ability|p1a: Ogerpon|Embody Aspect (Wellspring)|boost\n|-boost|p1a: Ogerpon|spd|1\n|move|p2a: Iron Valiant|Moonblast|p1a: Ogerpon\n|-damage|p1a: Ogerpon|5\/100\n|move|p1a: Ogerpon|Ivy Cudgel|p2a: Iron Valiant|[anim] Ivy Cudgel Water\n|-crit|p2a: Iron Valiant\n|-damage|p2a: Iron Valiant|0 fnt\n|faint|p2a: Iron Valiant\n|-end|p2a: Iron Valiant|Quark Drive|[silent]\n|\n|upkeep\n|\n|t:|1700182667\n|switch|p2a: Skeledirge|Skeledirge, F|100\/100\n|turn|23\n|\n|t:|1700182670\n|switch|p2a: Clodsire|Clodsire, F|59\/100\n|move|p1a: Ogerpon|Ivy Cudgel|p2a: Clodsire|[anim] Ivy Cudgel Water\n|-heal|p2a: Clodsire|84\/100|[from] ability: Water Absorb|[of] p1a: Ogerpon\n|\n|-heal|p2a: Clodsire|91\/100|[from] item: Black Sludge\n|upkeep\n|turn|24\n|\n|t:|1700182673\n|switch|p2a: Garganacl|Garganacl, F, tera:Ghost|9\/100\n|move|p1a: Ogerpon|Horn Leech|p2a: Garganacl\n|-damage|p2a: Garganacl|0 fnt\n|-heal|p1a: Ogerpon|11\/100|[from] drain|[of] p2a: Garganacl\n|faint|p2a: Garganacl\n|\n|upkeep\n|\n|t:|1700182680\n|switch|p2a: Skeledirge|Skeledirge, F|100\/100\n|turn|25\n|\n|t:|1700182685\n|move|p1a: Ogerpon|Spiky Shield|p1a: Ogerpon\n|-singleturn|p1a: Ogerpon|move: Protect\n|move|p2a: Skeledirge|Will-O-Wisp|p1a: Ogerpon\n|-activate|p1a: Ogerpon|move: Protect\n|\n|upkeep\n|turn|26\n|\n|t:|1700182688\n|move|p1a: Ogerpon|Ivy Cudgel|p2a: Skeledirge|[anim] Ivy Cudgel Water\n|-supereffective|p2a: Skeledirge\n|-damage|p2a: Skeledirge|0 fnt\n|faint|p2a: Skeledirge\n|\n|upkeep\n|\n|t:|1700182690\n|switch|p2a: Clodsire|Clodsire, F|91\/100\n|turn|27\n|\n|t:|1700182691\n|move|p1a: Ogerpon|Horn Leech|p2a: Clodsire\n|-damage|p2a: Clodsire|33\/100\n|-heal|p1a: Ogerpon|53\/100|[from] drain|[of] p2a: Clodsire\n|move|p2a: Clodsire|Earthquake|p1a: Ogerpon\n|-damage|p1a: Ogerpon|17\/100\n|\n|-heal|p2a: Clodsire|39\/100|[from] item: Black Sludge\n|upkeep\n|turn|28\n|\n|t:|1700182695\n|move|p1a: Ogerpon|Horn Leech|p2a: Clodsire\n|-damage|p2a: Clodsire|0 fnt\n|-heal|p1a: Ogerpon|45\/100|[from] drain|[of] p2a: Clodsire\n|faint|p2a: Clodsire\n|\n|win|Rekt_3001\n|raw|Rekt_3001's rating: 1586 &rarr; <strong>1609<\/strong><br \/>(+23 for winning)\n|raw|cerberus sama's rating: 1647 &rarr; <strong>1624<\/strong><br \/>(-23 for losing)\n|l|\u2606cerberus sama\n","uploadtime":1700182700,"views":11,"p1id":"rekt3001","p2id":"cerberussama","formatid":"gen9ou","rating":1609,"private":0,"password":""}