{"id":"gen9ou-1996829948","p1":"superhjk detective","p2":"spicy piquant","format":"[Gen 9] OU","log":"|j|\u2606superhjk detective\n|j|\u2606spicy piquant\n|t:|1700732129\n|gametype|singles\n|player|p1|superhjk detective|proton|1809\n|player|p2|spicy piquant|170|1763\n|teamsize|p1|6\n|teamsize|p2|6\n|gen|9\n|tier|[Gen 9] OU\n|rated|\n|rule|Sleep Clause Mod: Limit one foe put to sleep\n|rule|Species Clause: Limit one of each Pok\u00e9mon\n|rule|OHKO Clause: OHKO moves are banned\n|rule|Evasion Items Clause: Evasion items are banned\n|rule|Evasion Moves Clause: Evasion moves are banned\n|rule|Endless Battle Clause: Forcing endless battles is banned\n|rule|HP Percentage Mod: HP is shown in percentages\n|clearpoke\n|poke|p1|Kingambit, F|\n|poke|p1|Torkoal, F|\n|poke|p1|Iron Moth|\n|poke|p1|Great Tusk|\n|poke|p1|Walking Wake|\n|poke|p1|Brute Bonnet|\n|poke|p2|Iron Valiant|\n|poke|p2|Gholdengo|\n|poke|p2|Cinderace, M|\n|poke|p2|Toxapex, M|\n|poke|p2|Corviknight, F|\n|poke|p2|Ursaluna, M|\n|teampreview\n|inactive|Battle timer is ON: inactive players will automatically lose when time's up. (requested by superhjk detective)\n|inactive|spicy piquant also wants the timer to be on.\n|inactive|superhjk detective has 120 seconds left.\n|\n|t:|1700732165\n|start\n|switch|p1a: Torkoal|Torkoal, F|100\/100\n|switch|p2a: Toxapex|Toxapex, M|100\/100\n|-weather|SunnyDay|[from] ability: Drought|[of] p1a: Torkoal\n|turn|1\n|\n|t:|1700732170\n|move|p2a: Toxapex|Infestation|p1a: Torkoal\n|-resisted|p1a: Torkoal\n|-damage|p1a: Torkoal|98\/100\n|-activate|p1a: Torkoal|move: Infestation|[of] p2a: Toxapex\n|move|p1a: Torkoal|Stealth Rock|p2a: Toxapex\n|-sidestart|p2: spicy piquant|move: Stealth Rock\n|\n|-weather|SunnyDay|[upkeep]\n|-damage|p1a: Torkoal|86\/100|[from] move: Infestation|[partiallytrapped]\n|upkeep\n|turn|2\n|\n|t:|1700732174\n|move|p2a: Toxapex|Acid Spray|p1a: Torkoal\n|-damage|p1a: Torkoal|75\/100\n|-unboost|p1a: Torkoal|spd|2\n|move|p1a: Torkoal|Yawn|p2a: Toxapex\n|-start|p2a: Toxapex|move: Yawn|[of] p1a: Torkoal\n|\n|-weather|SunnyDay|[upkeep]\n|-damage|p1a: Torkoal|63\/100|[from] move: Infestation|[partiallytrapped]\n|upkeep\n|turn|3\n|inactive|superhjk detective has 120 seconds left.\n|l|\u2606superhjk detective\n|inactive|superhjk detective disconnected and has a minute to reconnect!\n|player|p1|\n|inactive|superhjk detective has 30 seconds to reconnect!\n|inactive|superhjk detective has 20 seconds to reconnect!\n|inactive|superhjk detective has 15 seconds to reconnect!\n|j|\u2606superhjk detective\n|inactive|superhjk detective reconnected and has 55 seconds left.\n|player|p1|superhjk detective|proton\n|\n|t:|1700732275\n|move|p2a: Toxapex|Acid Spray|p1a: Torkoal\n|-damage|p1a: Torkoal|40\/100\n|-unboost|p1a: Torkoal|spd|2\n|move|p1a: Torkoal|Lava Plume|p2a: Toxapex\n|-resisted|p2a: Toxapex\n|-damage|p2a: Toxapex|91\/100\n|-status|p2a: Toxapex|brn\n|\n|-weather|SunnyDay|[upkeep]\n|-damage|p2a: Toxapex|85\/100 brn|[from] brn\n|-damage|p1a: Torkoal|28\/100|[from] move: Infestation|[partiallytrapped]\n|-end|p2a: Toxapex|move: Yawn|[silent]\n|upkeep\n|turn|4\n|j| avernux\n|\n|t:|1700732284\n|move|p2a: Toxapex|Sludge Bomb|p1a: Torkoal\n|-damage|p1a: Torkoal|0 fnt\n|faint|p1a: Torkoal\n|\n|-weather|SunnyDay|[upkeep]\n|-damage|p2a: Toxapex|79\/100 brn|[from] brn\n|upkeep\n|\n|t:|1700732292\n|switch|p1a: Great Tusk|Great Tusk|100\/100\n|-activate|p1a: Great Tusk|ability: Protosynthesis\n|-start|p1a: Great Tusk|protosynthesisspe\n|turn|5\n|inactive|superhjk detective has 60 seconds left.\n|j| mew852\n|\n|t:|1700732313\n|switch|p2a: Corviknight|Corviknight, F|100\/100\n|-damage|p2a: Corviknight|88\/100|[from] Stealth Rock\n|-ability|p2a: Corviknight|Pressure\n|move|p1a: Great Tusk|Bulk Up|p1a: Great Tusk\n|-boost|p1a: Great Tusk|atk|1\n|-boost|p1a: Great Tusk|def|1\n|\n|-weather|SunnyDay|[upkeep]\n|upkeep\n|turn|6\n|\n|t:|1700732321\n|move|p1a: Great Tusk|Head Smash|p2a: Corviknight\n|-damage|p2a: Corviknight|47\/100\n|-damage|p1a: Great Tusk|84\/100|[from] item: Rocky Helmet|[of] p2a: Corviknight\n|-damage|p1a: Great Tusk|65\/100|[from] Recoil\n|move|p2a: Corviknight|Iron Defense|p2a: Corviknight\n|-boost|p2a: Corviknight|def|2\n|\n|-weather|SunnyDay|[upkeep]\n|-heal|p1a: Great Tusk|71\/100|[from] item: Leftovers\n|upkeep\n|turn|7\n|\n|t:|1700732336\n|-end|p1a: Great Tusk|Protosynthesis|[silent]\n|switch|p1a: Iron Moth|Iron Moth|100\/100\n|-enditem|p1a: Iron Moth|Booster Energy\n|-activate|p1a: Iron Moth|ability: Quark Drive|[fromitem]\n|-start|p1a: Iron Moth|quarkdrivespe\n|move|p2a: Corviknight|Roost|p2a: Corviknight\n|-heal|p2a: Corviknight|97\/100\n|-singleturn|p2a: Corviknight|move: Roost\n|\n|-weather|SunnyDay|[upkeep]\n|upkeep\n|turn|8\n|\n|t:|1700732340\n|switch|p2a: Toxapex|Toxapex, M|100\/100 brn\n|-damage|p2a: Toxapex|88\/100 brn|[from] Stealth Rock\n|move|p1a: Iron Moth|Fiery Dance|p2a: Toxapex\n|-resisted|p2a: Toxapex\n|-damage|p2a: Toxapex|71\/100 brn\n|\n|-weather|none\n|-damage|p2a: Toxapex|66\/100 brn|[from] brn\n|upkeep\n|turn|9\n|\n|t:|1700732361\n|move|p1a: Iron Moth|Substitute|p1a: Iron Moth\n|-start|p1a: Iron Moth|Substitute\n|-damage|p1a: Iron Moth|76\/100\n|move|p2a: Toxapex|Surf|p1a: Iron Moth\n|-supereffective|p1a: Iron Moth\n|-end|p1a: Iron Moth|Substitute\n|\n|-damage|p2a: Toxapex|60\/100 brn|[from] brn\n|upkeep\n|turn|10\n|\n|t:|1700732367\n|move|p1a: Iron Moth|Fiery Dance|p2a: Toxapex\n|-resisted|p2a: Toxapex\n|-crit|p2a: Toxapex\n|-damage|p2a: Toxapex|42\/100 brn\n|move|p2a: Toxapex|Surf|p1a: Iron Moth\n|-supereffective|p1a: Iron Moth\n|-damage|p1a: Iron Moth|18\/100\n|\n|-damage|p2a: Toxapex|36\/100 brn|[from] brn\n|upkeep\n|turn|11\n|\n|t:|1700732394\n|-end|p1a: Iron Moth|Quark Drive|[silent]\n|switch|p1a: Kingambit|Kingambit, F|100\/100\n|-activate|p1a: Kingambit|ability: Supreme Overlord\n|-start|p1a: Kingambit|fallen1|[silent]\n|move|p2a: Toxapex|Surf|p1a: Kingambit\n|-damage|p1a: Kingambit|71\/100\n|\n|-heal|p1a: Kingambit|77\/100|[from] item: Leftovers\n|-damage|p2a: Toxapex|30\/100 brn|[from] brn\n|upkeep\n|turn|12\n|j| Yuriaa\n|\n|t:|1700732418\n|switch|p2a: Corviknight|Corviknight, F|97\/100\n|-damage|p2a: Corviknight|85\/100|[from] Stealth Rock\n|-ability|p2a: Corviknight|Pressure\n|move|p1a: Kingambit|Swords Dance|p1a: Kingambit\n|-boost|p1a: Kingambit|atk|2\n|\n|-heal|p1a: Kingambit|83\/100|[from] item: Leftovers\n|upkeep\n|turn|13\n|\n|t:|1700732425\n|move|p1a: Kingambit|Kowtow Cleave|p2a: Corviknight\n|-damage|p2a: Corviknight|22\/100\n|-damage|p1a: Kingambit|67\/100|[from] item: Rocky Helmet|[of] p2a: Corviknight\n|move|p2a: Corviknight|Body Press|p1a: Kingambit\n|-supereffective|p1a: Kingambit\n|-damage|p1a: Kingambit|0 fnt\n|faint|p1a: Kingambit\n|-end|p1a: Kingambit|fallen1|[silent]\n|\n|upkeep\n|\n|t:|1700732433\n|switch|p1a: Iron Moth|Iron Moth|18\/100\n|turn|14\n|\n|t:|1700732448\n|-end|p1a: Iron Moth|Quark Drive|[silent]\n|switch|p1a: Great Tusk|Great Tusk|71\/100\n|switch|p2a: Toxapex|Toxapex, M|63\/100 brn\n|-damage|p2a: Toxapex|51\/100 brn|[from] Stealth Rock\n|\n|-heal|p1a: Great Tusk|77\/100|[from] item: Leftovers\n|-damage|p2a: Toxapex|45\/100 brn|[from] brn\n|upkeep\n|turn|15\n|\n|t:|1700732453\n|switch|p2a: Iron Valiant|Iron Valiant|100\/100\n|-damage|p2a: Iron Valiant|94\/100|[from] Stealth Rock\n|-enditem|p2a: Iron Valiant|Booster Energy\n|-activate|p2a: Iron Valiant|ability: Quark Drive|[fromitem]\n|-start|p2a: Iron Valiant|quarkdrivespe\n|move|p1a: Great Tusk|Bulk Up|p1a: Great Tusk\n|-boost|p1a: Great Tusk|atk|1\n|-boost|p1a: Great Tusk|def|1\n|\n|-heal|p1a: Great Tusk|84\/100|[from] item: Leftovers\n|upkeep\n|turn|16\n|\n|t:|1700732457\n|-terastallize|p1a: Great Tusk|Steel\n|move|p2a: Iron Valiant|Moonblast|p1a: Great Tusk\n|-resisted|p1a: Great Tusk\n|-damage|p1a: Great Tusk|51\/100\n|move|p1a: Great Tusk|Headlong Rush|p2a: Iron Valiant\n|-damage|p2a: Iron Valiant|0 fnt\n|-unboost|p1a: Great Tusk|def|1\n|-unboost|p1a: Great Tusk|spd|1\n|faint|p2a: Iron Valiant\n|-end|p2a: Iron Valiant|Quark Drive|[silent]\n|\n|-heal|p1a: Great Tusk|57\/100|[from] item: Leftovers\n|upkeep\n|\n|t:|1700732463\n|switch|p2a: Gholdengo|Gholdengo|100\/100\n|-damage|p2a: Gholdengo|94\/100|[from] Stealth Rock\n|turn|17\n|\n|t:|1700732475\n|-end|p1a: Great Tusk|Protosynthesis|[silent]\n|switch|p1a: Brute Bonnet|Brute Bonnet|100\/100\n|move|p2a: Gholdengo|Shadow Ball|p1a: Brute Bonnet\n|-resisted|p1a: Brute Bonnet\n|-damage|p1a: Brute Bonnet|82\/100\n|-unboost|p1a: Brute Bonnet|spd|1\n|\n|upkeep\n|turn|18\n|\n|t:|1700732497\n|switch|p2a: Corviknight|Corviknight, F|22\/100\n|-damage|p2a: Corviknight|10\/100|[from] Stealth Rock\n|-ability|p2a: Corviknight|Pressure\n|move|p1a: Brute Bonnet|Bullet Seed|p2a: Corviknight\n|-resisted|p2a: Corviknight\n|-damage|p2a: Corviknight|8\/100\n|-resisted|p2a: Corviknight\n|-damage|p2a: Corviknight|6\/100\n|-resisted|p2a: Corviknight\n|-damage|p2a: Corviknight|4\/100\n|-resisted|p2a: Corviknight\n|-damage|p2a: Corviknight|2\/100\n|-resisted|p2a: Corviknight\n|-damage|p2a: Corviknight|0 fnt\n|faint|p2a: Corviknight\n|-hitcount|p2: Corviknight|5\n|\n|upkeep\n|\n|t:|1700732500\n|switch|p2a: Ursaluna|Ursaluna, M, shiny|100\/100\n|-damage|p2a: Ursaluna|94\/100|[from] Stealth Rock\n|turn|19\n|\n|t:|1700732504\n|move|p2a: Ursaluna|Protect|p2a: Ursaluna\n|-singleturn|p2a: Ursaluna|Protect\n|move|p1a: Brute Bonnet|Bullet Seed|p2a: Ursaluna\n|-activate|p2a: Ursaluna|move: Protect\n|\n|-status|p2a: Ursaluna|brn|[from] item: Flame Orb\n|upkeep\n|turn|20\n|\n|t:|1700732511\n|move|p1a: Brute Bonnet|Bullet Seed|p2a: Ursaluna\n|-supereffective|p2a: Ursaluna\n|-damage|p2a: Ursaluna|72\/100 brn\n|-supereffective|p2a: Ursaluna\n|-damage|p2a: Ursaluna|47\/100 brn\n|-supereffective|p2a: Ursaluna\n|-damage|p2a: Ursaluna|26\/100 brn\n|-supereffective|p2a: Ursaluna\n|-damage|p2a: Ursaluna|5\/100 brn\n|-hitcount|p2a: Ursaluna|4\n|move|p2a: Ursaluna|Facade|p1a: Brute Bonnet\n|-damage|p1a: Brute Bonnet|0 fnt\n|faint|p1a: Brute Bonnet\n|-end|p1a: Brute Bonnet|Protosynthesis|[silent]\n|\n|-damage|p2a: Ursaluna|0 fnt|[from] brn\n|faint|p2a: Ursaluna\n|upkeep\n|\n|t:|1700732526\n|switch|p1a: Great Tusk|Great Tusk, tera:Steel|57\/100\n|switch|p2a: Cinderace|Cinderace, M|100\/100\n|turn|21\n|\n|t:|1700732541\n|-end|p1a: Great Tusk|Protosynthesis|[silent]\n|switch|p1a: Walking Wake|Walking Wake|100\/100\n|move|p2a: Cinderace|Pyro Ball|p1a: Walking Wake\n|-resisted|p1a: Walking Wake\n|-damage|p1a: Walking Wake|86\/100\n|\n|upkeep\n|turn|22\n|\n|t:|1700732547\n|switch|p2a: Toxapex|Toxapex, M|78\/100 brn\n|-damage|p2a: Toxapex|66\/100 brn|[from] Stealth Rock\n|move|p1a: Walking Wake|Draco Meteor|p2a: Toxapex\n|-damage|p2a: Toxapex|13\/100 brn\n|-unboost|p1a: Walking Wake|spa|2\n|\n|-damage|p2a: Toxapex|7\/100 brn|[from] brn\n|upkeep\n|turn|23\n|inactive|superhjk detective has 120 seconds left.\n|\n|t:|1700732595\n|switch|p2a: Gholdengo|Gholdengo|94\/100\n|-damage|p2a: Gholdengo|88\/100|[from] Stealth Rock\n|move|p1a: Walking Wake|Draco Meteor|p2a: Gholdengo\n|-resisted|p2a: Gholdengo\n|-damage|p2a: Gholdengo|58\/100\n|-unboost|p1a: Walking Wake|spa|2\n|\n|upkeep\n|turn|24\n|inactive|spicy piquant has 120 seconds left.\n|\n|t:|1700732628\n|-end|p1a: Walking Wake|Protosynthesis|[silent]\n|switch|p1a: Iron Moth|Iron Moth|18\/100\n|move|p2a: Gholdengo|Shadow Ball|p1a: Iron Moth\n|-damage|p1a: Iron Moth|0 fnt\n|faint|p1a: Iron Moth\n|-end|p1a: Iron Moth|Quark Drive|[silent]\n|\n|upkeep\n|inactive|superhjk detective has 90 seconds left.\n|j| t-modesty\n|\n|t:|1700732657\n|switch|p1a: Great Tusk|Great Tusk, tera:Steel|57\/100\n|turn|25\n|\n|t:|1700732662\n|move|p2a: Gholdengo|Shadow Ball|p1a: Great Tusk\n|-damage|p1a: Great Tusk|2\/100\n|move|p1a: Great Tusk|Headlong Rush|p2a: Gholdengo\n|-supereffective|p2a: Gholdengo\n|-damage|p2a: Gholdengo|0 fnt\n|-unboost|p1a: Great Tusk|def|1\n|-unboost|p1a: Great Tusk|spd|1\n|faint|p2a: Gholdengo\n|\n|-heal|p1a: Great Tusk|8\/100|[from] item: Leftovers\n|upkeep\n|j| atec123\n|\n|t:|1700732669\n|switch|p2a: Cinderace|Cinderace, M|100\/100\n|turn|26\n|inactive|superhjk detective has 90 seconds left.\n|\n|t:|1700732674\n|move|p2a: Cinderace|Pyro Ball|p1a: Great Tusk\n|-supereffective|p1a: Great Tusk\n|-damage|p1a: Great Tusk|0 fnt\n|faint|p1a: Great Tusk\n|-end|p1a: Great Tusk|Protosynthesis|[silent]\n|\n|upkeep\n|\n|t:|1700732676\n|switch|p1a: Walking Wake|Walking Wake|86\/100\n|turn|27\n|\n|t:|1700732679\n|move|p2a: Cinderace|Sucker Punch|p1a: Walking Wake\n|-start|p2a: Cinderace|typechange|Dark|[from] ability: Libero\n|-damage|p1a: Walking Wake|51\/100\n|move|p1a: Walking Wake|Hydro Steam|p2a: Cinderace\n|-damage|p2a: Cinderace|19\/100\n|\n|upkeep\n|turn|28\n|l| atec123\n|\n|t:|1700732684\n|move|p2a: Cinderace|Sucker Punch|p1a: Walking Wake\n|-damage|p1a: Walking Wake|13\/100\n|move|p1a: Walking Wake|Hydro Steam|p2a: Cinderace\n|-damage|p2a: Cinderace|0 fnt\n|faint|p2a: Cinderace\n|\n|upkeep\n|\n|t:|1700732686\n|switch|p2a: Toxapex|Toxapex, M|40\/100 brn\n|-damage|p2a: Toxapex|28\/100 brn|[from] Stealth Rock\n|turn|29\n|j| ayayaphone\n|\n|t:|1700732690\n|move|p1a: Walking Wake|Hydro Steam|p2a: Toxapex\n|-resisted|p2a: Toxapex\n|-damage|p2a: Toxapex|11\/100 brn\n|move|p2a: Toxapex|Sludge Bomb|p1a: Walking Wake\n|-damage|p1a: Walking Wake|0 fnt\n|faint|p1a: Walking Wake\n|-end|p1a: Walking Wake|Protosynthesis|[silent]\n|\n|win|spicy piquant\n|raw|superhjk detective's rating: 1809 &rarr; <strong>1785<\/strong><br \/>(-24 for losing)\n|raw|spicy piquant's rating: 1735 &rarr; <strong>1759<\/strong><br \/>(+24 for winning)\n|l|\u2606spicy piquant\n|l| t-modesty\n|l| Yuriaa\n|l| ayayaphone\n|l|\u2606superhjk detective\n|l| avernux\n","uploadtime":1700733231,"views":3,"p1id":"superhjkdetective","p2id":"spicypiquant","formatid":"gen9ou","rating":1759,"private":0,"password":""}