{"id":"gen9ou-1994201040","p1":"pelukas","p2":"dingus47","format":"[Gen 9] OU","log":"|j|\u2606pelukas\n|j|\u2606dingus47\n|t:|1700418265\n|gametype|singles\n|player|p1|pelukas|grimsley|1129\n|player|p2|dingus47|170|1034\n|teamsize|p1|6\n|teamsize|p2|6\n|gen|9\n|tier|[Gen 9] OU\n|rated|\n|rule|Sleep Clause Mod: Limit one foe put to sleep\n|rule|Species Clause: Limit one of each Pok\u00e9mon\n|rule|OHKO Clause: OHKO moves are banned\n|rule|Evasion Items Clause: Evasion items are banned\n|rule|Evasion Moves Clause: Evasion moves are banned\n|rule|Endless Battle Clause: Forcing endless battles is banned\n|rule|HP Percentage Mod: HP is shown in percentages\n|clearpoke\n|poke|p1|Hoopa-Unbound|\n|poke|p1|Hydreigon, M|\n|poke|p1|Moltres-Galar|\n|poke|p1|Ting-Lu|\n|poke|p1|Qwilfish-Hisui, M|\n|poke|p1|Meowscarada, F|\n|poke|p2|Kingambit, M|\n|poke|p2|Toxapex, F|\n|poke|p2|Great Tusk|\n|poke|p2|Rillaboom, M|\n|poke|p2|Cinderace, M|\n|poke|p2|Zapdos|\n|teampreview\n|inactive|Battle timer is ON: inactive players will automatically lose when time's up. (requested by pelukas)\n|\n|t:|1700418291\n|start\n|switch|p1a: Meowscarada|Meowscarada, F, shiny|100\/100\n|switch|p2a: Great Tusk|Great Tusk|100\/100\n|turn|1\n|\n|t:|1700418302\n|move|p1a: Meowscarada|Flower Trick|p2a: Great Tusk\n|-start|p1a: Meowscarada|typechange|Grass|[from] ability: Protean\n|-supereffective|p2a: Great Tusk\n|-crit|p2a: Great Tusk\n|-damage|p2a: Great Tusk|37\/100\n|move|p2a: Great Tusk|Close Combat|p1a: Meowscarada\n|-damage|p1a: Meowscarada|7\/100\n|-unboost|p2a: Great Tusk|def|1\n|-unboost|p2a: Great Tusk|spd|1\n|\n|upkeep\n|turn|2\n|\n|t:|1700418321\n|-end|p2a: Great Tusk|Protosynthesis|[silent]\n|switch|p2a: Toxapex|Toxapex, F|100\/100\n|move|p1a: Meowscarada|Flower Trick|p2a: Toxapex\n|-crit|p2a: Toxapex\n|-damage|p2a: Toxapex|64\/100\n|\n|-heal|p2a: Toxapex|70\/100|[from] item: Leftovers\n|upkeep\n|turn|3\n|\n|t:|1700418327\n|switch|p1a: Hydreigon|Hydreigon, M, shiny|100\/100\n|move|p2a: Toxapex|Sludge Bomb|p1a: Hydreigon\n|-damage|p1a: Hydreigon|64\/100\n|\n|-heal|p1a: Hydreigon|71\/100|[from] item: Leftovers\n|-heal|p2a: Toxapex|76\/100|[from] item: Leftovers\n|upkeep\n|turn|4\n|\n|t:|1700418339\n|-terastallize|p1a: Hydreigon|Poison\n|move|p1a: Hydreigon|Dragon Dance|p1a: Hydreigon\n|-boost|p1a: Hydreigon|atk|1\n|-boost|p1a: Hydreigon|spe|1\n|move|p2a: Toxapex|Haze|p2a: Toxapex\n|-clearallboost\n|\n|-heal|p1a: Hydreigon|77\/100|[from] item: Leftovers\n|-heal|p2a: Toxapex|82\/100|[from] item: Leftovers\n|upkeep\n|turn|5\n|inactive|dingus47 has 120 seconds left.\n|\n|t:|1700418371\n|switch|p2a: Great Tusk|Great Tusk|37\/100\n|move|p1a: Hydreigon|Substitute|p1a: Hydreigon\n|-start|p1a: Hydreigon|Substitute\n|-damage|p1a: Hydreigon|52\/100\n|\n|-heal|p1a: Hydreigon|58\/100|[from] item: Leftovers\n|upkeep\n|turn|6\n|inactive|dingus47 has 120 seconds left.\n|\n|t:|1700418389\n|move|p1a: Hydreigon|Dragon Dance|p1a: Hydreigon\n|-boost|p1a: Hydreigon|atk|1\n|-boost|p1a: Hydreigon|spe|1\n|move|p2a: Great Tusk|Headlong Rush|p1a: Hydreigon\n|-immune|p1a: Hydreigon|[from] ability: Levitate\n|\n|-heal|p1a: Hydreigon|64\/100|[from] item: Leftovers\n|upkeep\n|turn|7\n|inactive|dingus47 has 120 seconds left.\n|\n|t:|1700418402\n|move|p1a: Hydreigon|Dragon Dance|p1a: Hydreigon\n|-boost|p1a: Hydreigon|atk|1\n|-boost|p1a: Hydreigon|spe|1\n|move|p2a: Great Tusk|Close Combat|p1a: Hydreigon\n|-resisted|p1a: Hydreigon\n|-end|p1a: Hydreigon|Substitute\n|-unboost|p2a: Great Tusk|def|1\n|-unboost|p2a: Great Tusk|spd|1\n|\n|-heal|p1a: Hydreigon|70\/100|[from] item: Leftovers\n|upkeep\n|turn|8\n|\n|t:|1700418412\n|move|p1a: Hydreigon|Earthquake|p2a: Great Tusk\n|-damage|p2a: Great Tusk|0 fnt\n|faint|p2a: Great Tusk\n|-end|p2a: Great Tusk|Protosynthesis|[silent]\n|\n|-heal|p1a: Hydreigon|76\/100|[from] item: Leftovers\n|upkeep\n|\n|t:|1700418414\n|switch|p2a: Toxapex|Toxapex, F|100\/100\n|turn|9\n|\n|t:|1700418422\n|move|p1a: Hydreigon|Earthquake|p2a: Toxapex\n|-supereffective|p2a: Toxapex\n|-damage|p2a: Toxapex|3\/100\n|move|p2a: Toxapex|Haze|p2a: Toxapex\n|-clearallboost\n|\n|-heal|p1a: Hydreigon|83\/100|[from] item: Leftovers\n|-heal|p2a: Toxapex|9\/100|[from] item: Leftovers\n|upkeep\n|turn|10\n|\n|t:|1700418437\n|switch|p2a: Rillaboom|Rillaboom, M|100\/100\n|-fieldstart|move: Grassy Terrain|[from] ability: Grassy Surge|[of] p2a: Rillaboom\n|-enditem|p2a: Rillaboom|Grassy Seed\n|-boost|p2a: Rillaboom|def|1|[from] item: Grassy Seed\n|move|p1a: Hydreigon|Dragon Dance|p1a: Hydreigon\n|-boost|p1a: Hydreigon|atk|1\n|-boost|p1a: Hydreigon|spe|1\n|\n|-heal|p1a: Hydreigon|89\/100|[from] item: Leftovers\n|upkeep\n|turn|11\n|\n|t:|1700418457\n|move|p1a: Hydreigon|Substitute|p1a: Hydreigon\n|-start|p1a: Hydreigon|Substitute\n|-damage|p1a: Hydreigon|64\/100\n|move|p2a: Rillaboom|Acrobatics|p1a: Hydreigon\n|-end|p1a: Hydreigon|Substitute\n|\n|-heal|p1a: Hydreigon|70\/100|[from] item: Leftovers\n|upkeep\n|turn|12\n|\n|t:|1700418472\n|switch|p1a: Qwilfish|Qwilfish-Hisui, M|100\/100\n|-ability|p1a: Qwilfish|Intimidate|boost\n|-unboost|p2a: Rillaboom|atk|1\n|move|p2a: Rillaboom|Acrobatics|p1a: Qwilfish\n|-damage|p1a: Qwilfish|86\/100\n|\n|-heal|p1a: Qwilfish|92\/100|[from] Grassy Terrain\n|upkeep\n|turn|13\n|\n|t:|1700418480\n|move|p2a: Rillaboom|High Horsepower|p1a: Qwilfish\n|-supereffective|p1a: Qwilfish\n|-damage|p1a: Qwilfish|68\/100\n|move|p1a: Qwilfish|Barb Barrage|p2a: Rillaboom\n|-supereffective|p2a: Rillaboom\n|-damage|p2a: Rillaboom|75\/100\n|-status|p2a: Rillaboom|psn\n|\n|-heal|p2a: Rillaboom|81\/100 psn|[from] Grassy Terrain\n|-heal|p1a: Qwilfish|74\/100|[from] Grassy Terrain\n|-damage|p2a: Rillaboom|69\/100 psn|[from] psn\n|upkeep\n|turn|14\n|\n|t:|1700418485\n|move|p2a: Rillaboom|High Horsepower|p1a: Qwilfish\n|-supereffective|p1a: Qwilfish\n|-damage|p1a: Qwilfish|52\/100\n|move|p1a: Qwilfish|Barb Barrage|p2a: Rillaboom\n|-supereffective|p2a: Rillaboom\n|-crit|p2a: Rillaboom\n|-damage|p2a: Rillaboom|0 fnt\n|faint|p2a: Rillaboom\n|\n|-heal|p1a: Qwilfish|58\/100|[from] Grassy Terrain\n|-fieldend|move: Grassy Terrain\n|upkeep\n|\n|t:|1700418504\n|switch|p2a: Zapdos|Zapdos|100\/100\n|turn|15\n|\n|t:|1700418512\n|switch|p1a: Ting-Lu|Ting-Lu|100\/100\n|-ability|p1a: Ting-Lu|Vessel of Ruin\n|move|p2a: Zapdos|Discharge|p1a: Ting-Lu\n|-immune|p1a: Ting-Lu\n|\n|upkeep\n|turn|16\n|\n|t:|1700418524\n|switch|p2a: Toxapex|Toxapex, F|42\/100\n|move|p1a: Ting-Lu|Stealth Rock|p2a: Toxapex\n|-sidestart|p2: dingus47|move: Stealth Rock\n|\n|-heal|p2a: Toxapex|48\/100|[from] item: Leftovers\n|upkeep\n|turn|17\n|\n|t:|1700418532\n|move|p1a: Ting-Lu|Earthquake|p2a: Toxapex\n|-supereffective|p2a: Toxapex\n|-damage|p2a: Toxapex|0 fnt\n|faint|p2a: Toxapex\n|\n|upkeep\n|\n|t:|1700418538\n|switch|p2a: Cinderace|Cinderace, M|100\/100\n|turn|18\n|\n|t:|1700418549\n|move|p2a: Cinderace|Court Change|p2a: Cinderace\n|-start|p2a: Cinderace|typechange|Normal|[from] ability: Libero\n|-swapsideconditions\n|-activate|p2a: Cinderace|move: Court Change\n|move|p1a: Ting-Lu|Earthquake|p2a: Cinderace\n|-damage|p2a: Cinderace|38\/100\n|\n|upkeep\n|turn|19\n|\n|t:|1700418551\n|move|p2a: Cinderace|U-turn|p1a: Ting-Lu\n|-supereffective|p1a: Ting-Lu\n|-damage|p1a: Ting-Lu|76\/100\n|\n|t:|1700418555\n|switch|p2a: Zapdos|Zapdos|100\/100|[from] U-turn\n|move|p1a: Ting-Lu|Stealth Rock|p2a: Zapdos\n|-sidestart|p2: dingus47|move: Stealth Rock\n|\n|-heal|p1a: Ting-Lu|83\/100|[from] item: Leftovers\n|upkeep\n|turn|20\n|\n|t:|1700418563\n|move|p2a: Zapdos|Hurricane|p1a: Ting-Lu\n|-damage|p1a: Ting-Lu|56\/100\n|move|p1a: Ting-Lu|Whirlwind|p2a: Zapdos\n|drag|p2a: Kingambit|Kingambit, M|100\/100\n|-damage|p2a: Kingambit|94\/100|[from] Stealth Rock\n|-activate|p2a: Kingambit|ability: Supreme Overlord\n|-start|p2a: Kingambit|fallen3|[silent]\n|\n|-heal|p1a: Ting-Lu|62\/100|[from] item: Leftovers\n|upkeep\n|turn|21\n|\n|t:|1700418571\n|-end|p2a: Kingambit|fallen3|[silent]\n|switch|p2a: Cinderace|Cinderace, M|38\/100\n|move|p1a: Ting-Lu|Earthquake|p2a: Cinderace\n|-supereffective|p2a: Cinderace\n|-damage|p2a: Cinderace|0 fnt\n|faint|p2a: Cinderace\n|\n|-heal|p1a: Ting-Lu|68\/100|[from] item: Leftovers\n|upkeep\n|\n|t:|1700418576\n|switch|p2a: Zapdos|Zapdos|100\/100\n|turn|22\n|\n|t:|1700418580\n|move|p2a: Zapdos|Hurricane|p1a: Ting-Lu\n|-damage|p1a: Ting-Lu|43\/100\n|-start|p1a: Ting-Lu|confusion\n|-activate|p1a: Ting-Lu|confusion\n|move|p1a: Ting-Lu|Whirlwind|p2a: Zapdos\n|drag|p2a: Kingambit|Kingambit, M|94\/100\n|-damage|p2a: Kingambit|88\/100|[from] Stealth Rock\n|-activate|p2a: Kingambit|ability: Supreme Overlord\n|-start|p2a: Kingambit|fallen4|[silent]\n|\n|-heal|p1a: Ting-Lu|49\/100|[from] item: Leftovers\n|upkeep\n|turn|23\n|\n|t:|1700418606\n|switch|p1a: Qwilfish|Qwilfish-Hisui, M|58\/100\n|-damage|p1a: Qwilfish|45\/100|[from] Stealth Rock\n|-ability|p1a: Qwilfish|Intimidate|boost\n|-unboost|p2a: Kingambit|atk|1\n|-terastallize|p2a: Kingambit|Fairy\n|move|p2a: Kingambit|Swords Dance|p2a: Kingambit\n|-boost|p2a: Kingambit|atk|2\n|\n|upkeep\n|turn|24\n|\n|t:|1700418614\n|move|p2a: Kingambit|Sucker Punch|p1a: Qwilfish\n|-resisted|p1a: Qwilfish\n|-damage|p1a: Qwilfish|18\/100\n|move|p1a: Qwilfish|Barb Barrage|p2a: Kingambit\n|-supereffective|p2a: Kingambit\n|-damage|p2a: Kingambit|59\/100\n|-status|p2a: Kingambit|psn\n|\n|-damage|p2a: Kingambit|47\/100 psn|[from] psn\n|upkeep\n|turn|25\n|\n|t:|1700418618\n|move|p2a: Kingambit|Sucker Punch||[still]\n|-fail|p2a: Kingambit\n|move|p1a: Qwilfish|Haze|p1a: Qwilfish\n|-clearallboost\n|\n|-damage|p2a: Kingambit|35\/100 psn|[from] psn\n|upkeep\n|turn|26\n|inactive|pelukas has 120 seconds left.\n|\n|t:|1700418655\n|move|p2a: Kingambit|Sucker Punch|p1a: Qwilfish\n|-resisted|p1a: Qwilfish\n|-damage|p1a: Qwilfish|0 fnt\n|faint|p1a: Qwilfish\n|\n|-damage|p2a: Kingambit|22\/100 psn|[from] psn\n|upkeep\n|\n|t:|1700418659\n|switch|p1a: Moltres|Moltres-Galar|100\/100\n|turn|27\n|\n|t:|1700418663\n|-end|p2a: Kingambit|fallen4|[silent]\n|switch|p2a: Zapdos|Zapdos|100\/100\n|move|p1a: Moltres|Agility|p1a: Moltres\n|-boost|p1a: Moltres|spe|2\n|\n|upkeep\n|turn|28\n|\n|t:|1700418665\n|move|p1a: Moltres|Fiery Wrath|p2a: Zapdos\n|-damage|p2a: Zapdos|52\/100\n|move|p2a: Zapdos|Discharge|p1a: Moltres\n|-supereffective|p1a: Moltres\n|-damage|p1a: Moltres|23\/100\n|-ability|p1a: Moltres|Berserk|boost\n|-boost|p1a: Moltres|spa|1\n|\n|upkeep\n|turn|29\n|\n|t:|1700418671\n|move|p1a: Moltres|Fiery Wrath|p2a: Zapdos\n|-damage|p2a: Zapdos|0 fnt\n|faint|p2a: Zapdos\n|\n|upkeep\n|\n|t:|1700418674\n|switch|p2a: Kingambit|Kingambit, M, tera:Fairy|22\/100 psn\n|-damage|p2a: Kingambit|10\/100 psn|[from] Stealth Rock\n|-activate|p2a: Kingambit|ability: Supreme Overlord\n|-start|p2a: Kingambit|fallen5|[silent]\n|turn|30\n|\n|t:|1700418677\n|move|p2a: Kingambit|Sucker Punch||[still]\n|-fail|p2a: Kingambit\n|move|p1a: Moltres|Agility|p1a: Moltres\n|-boost|p1a: Moltres|spe|2\n|\n|-damage|p2a: Kingambit|0 fnt|[from] psn\n|faint|p2a: Kingambit\n|-end|p2a: Kingambit|fallen5|[silent]\n|\n|win|pelukas\n|upkeep\n|raw|pelukas's rating: 1129 &rarr; <strong>1147<\/strong><br \/>(+18 for winning)\n|raw|dingus47's rating: 1034 &rarr; <strong>1023<\/strong><br \/>(-11 for losing)\n","uploadtime":1700418683,"views":15,"p1id":"pelukas","p2id":"dingus47","formatid":"gen9ou","rating":1023,"private":0,"password":""}