{"id":"gen9ou-1991280243","p1":"Bruhmomentous","p2":"vartholomeus","format":"[Gen 9] OU","log":"|j|\u2606Bruhmomentous\n|j|\u2606vartholomeus\n|t:|1700063873\n|gametype|singles\n|player|p1|Bruhmomentous|steven|1410\n|player|p2|vartholomeus|brock|1359\n|teamsize|p1|6\n|teamsize|p2|6\n|gen|9\n|tier|[Gen 9] OU\n|rated|\n|rule|Sleep Clause Mod: Limit one foe put to sleep\n|rule|Species Clause: Limit one of each Pok\u00e9mon\n|rule|OHKO Clause: OHKO moves are banned\n|rule|Evasion Items Clause: Evasion items are banned\n|rule|Evasion Moves Clause: Evasion moves are banned\n|rule|Endless Battle Clause: Forcing endless battles is banned\n|rule|HP Percentage Mod: HP is shown in percentages\n|clearpoke\n|poke|p1|Great Tusk|\n|poke|p1|Hoopa-Unbound|\n|poke|p1|Zapdos|\n|poke|p1|Iron Valiant|\n|poke|p1|Zamazenta-*|\n|poke|p1|Slowking-Galar, F|\n|poke|p2|Manaphy|\n|poke|p2|Maushold|\n|poke|p2|Moltres|\n|poke|p2|Regidrago|\n|poke|p2|Zamazenta-*|\n|poke|p2|Meowscarada, F|\n|teampreview\n|inactive|Battle timer is ON: inactive players will automatically lose when time's up. (requested by Bruhmomentous)\n|inactive|vartholomeus also wants the timer to be on.\n|\n|t:|1700063886\n|start\n|switch|p1a: Slowking|Slowking-Galar, F|100\/100\n|switch|p2a: Drogon|Regidrago, shiny|100\/100\n|turn|1\n|\n|t:|1700063889\n|move|p2a: Drogon|Dragon Energy|p1a: Slowking\n|-damage|p1a: Slowking|37\/100\n|move|p1a: Slowking|Ice Beam|p2a: Drogon\n|-supereffective|p2a: Drogon\n|-damage|p2a: Drogon|29\/100\n|\n|upkeep\n|turn|2\n|inactive|Bruhmomentous has 120 seconds left.\n|\n|t:|1700063940\n|move|p2a: Drogon|Earth Power|p1a: Slowking\n|-supereffective|p1a: Slowking\n|-damage|p1a: Slowking|5\/100\n|move|p1a: Slowking|Ice Beam|p2a: Drogon\n|-supereffective|p2a: Drogon\n|-damage|p2a: Drogon|0 fnt\n|faint|p2a: Drogon\n|\n|upkeep\n|\n|t:|1700063949\n|switch|p2a: Lolos|Maushold|100\/100\n|turn|3\n|\n|t:|1700063955\n|switch|p1a: Zapdos|Zapdos|100\/100\n|move|p2a: Lolos|Population Bomb|p1a: Zapdos\n|-damage|p1a: Zapdos|90\/100\n|-damage|p1a: Zapdos|80\/100\n|-damage|p1a: Zapdos|70\/100\n|-damage|p1a: Zapdos|61\/100\n|-damage|p1a: Zapdos|50\/100\n|-damage|p1a: Zapdos|41\/100\n|-damage|p1a: Zapdos|30\/100\n|-damage|p1a: Zapdos|20\/100\n|-damage|p1a: Zapdos|10\/100\n|-status|p2a: Lolos|par|[from] ability: Static|[of] p1a: Zapdos\n|-crit|p1a: Zapdos\n|-damage|p1a: Zapdos|0 fnt\n|faint|p1a: Zapdos\n|-hitcount|p1: Zapdos|10\n|\n|upkeep\n|\n|t:|1700063978\n|switch|p1a: Zamazenta|Zamazenta|100\/100\n|-ability|p1a: Zamazenta|Dauntless Shield|boost\n|-boost|p1a: Zamazenta|def|1\n|turn|4\n|\n|t:|1700063983\n|move|p1a: Zamazenta|Iron Defense|p1a: Zamazenta\n|-boost|p1a: Zamazenta|def|2\n|move|p2a: Lolos|Population Bomb|p1a: Zamazenta\n|-damage|p1a: Zamazenta|97\/100\n|-damage|p1a: Zamazenta|93\/100\n|-damage|p1a: Zamazenta|89\/100\n|-damage|p1a: Zamazenta|85\/100\n|-damage|p1a: Zamazenta|80\/100\n|-damage|p1a: Zamazenta|77\/100\n|-damage|p1a: Zamazenta|73\/100\n|-damage|p1a: Zamazenta|69\/100\n|-damage|p1a: Zamazenta|65\/100\n|-damage|p1a: Zamazenta|60\/100\n|-hitcount|p1a: Zamazenta|10\n|\n|-heal|p1a: Zamazenta|67\/100|[from] item: Leftovers\n|upkeep\n|turn|5\n|\n|t:|1700063989\n|switch|p2a: Moltres|Moltres|100\/100\n|move|p1a: Zamazenta|Iron Defense|p1a: Zamazenta\n|-boost|p1a: Zamazenta|def|2\n|\n|-heal|p1a: Zamazenta|73\/100|[from] item: Leftovers\n|upkeep\n|turn|6\n|\n|t:|1700063991\n|move|p1a: Zamazenta|Stone Edge|p2a: Moltres\n|-supereffective|p2a: Moltres\n|-crit|p2a: Moltres\n|-damage|p2a: Moltres|0 fnt\n|faint|p2a: Moltres\n|\n|-heal|p1a: Zamazenta|79\/100|[from] item: Leftovers\n|upkeep\n|c|\u2606Bruhmomentous|gg\n|\n|t:|1700063999\n|switch|p2a: Gouta|Manaphy|100\/100\n|turn|7\n|\n|t:|1700064004\n|-terastallize|p1a: Zamazenta|Fighting\n|-terastallize|p2a: Gouta|Poison\n|move|p1a: Zamazenta|Body Press|p2a: Gouta\n|-resisted|p2a: Gouta\n|-damage|p2a: Gouta|53\/100\n|move|p2a: Gouta|Acid Armor|p2a: Gouta\n|-boost|p2a: Gouta|def|2\n|\n|-heal|p1a: Zamazenta|85\/100|[from] item: Leftovers\n|-heal|p2a: Gouta|59\/100|[from] item: Leftovers\n|upkeep\n|turn|8\n|\n|t:|1700064013\n|move|p1a: Zamazenta|Body Press|p2a: Gouta\n|-resisted|p2a: Gouta\n|-crit|p2a: Gouta\n|-damage|p2a: Gouta|0 fnt\n|faint|p2a: Gouta\n|\n|-heal|p1a: Zamazenta|91\/100|[from] item: Leftovers\n|upkeep\n|\n|t:|1700064021\n|switch|p2a: Miau|Meowscarada, F|100\/100\n|turn|9\n|\n|t:|1700064025\n|move|p1a: Zamazenta|Body Press|p2a: Miau\n|-supereffective|p2a: Miau\n|-damage|p2a: Miau|0 fnt\n|faint|p2a: Miau\n|\n|-heal|p1a: Zamazenta|97\/100|[from] item: Leftovers\n|upkeep\n|\n|t:|1700064028\n|switch|p2a: Zamasu|Zamazenta, shiny|100\/100\n|-ability|p2a: Zamasu|Dauntless Shield|boost\n|-boost|p2a: Zamasu|def|1\n|turn|10\n|\n|t:|1700064031\n|move|p1a: Zamazenta|Body Press|p2a: Zamasu\n|-crit|p2a: Zamasu\n|-damage|p2a: Zamasu|0 fnt\n|faint|p2a: Zamasu\n|\n|-heal|p1a: Zamazenta|100\/100|[from] item: Leftovers\n|upkeep\n|\n|t:|1700064034\n|switch|p2a: Lolos|Maushold|100\/100 par\n|turn|11\n|\n|t:|1700064037\n|move|p1a: Zamazenta|Body Press|p2a: Lolos\n|-supereffective|p2a: Lolos\n|-damage|p2a: Lolos|0 fnt\n|faint|p2a: Lolos\n|\n|win|Bruhmomentous\n|raw|Bruhmomentous's rating: 1410 &rarr; <strong>1427<\/strong><br \/>(+17 for winning)\n|raw|vartholomeus's rating: 1359 &rarr; <strong>1342<\/strong><br \/>(-17 for losing)\n|l|\u2606vartholomeus\n","uploadtime":1700064045,"views":17,"p1id":"bruhmomentous","p2id":"vartholomeus","formatid":"gen9ou","rating":1342,"private":0,"password":""}