{"id":"gen9ou-1990939556","p1":"Typ3wr1ter","p2":"Corvinights","format":"[Gen 9] OU","log":"|j|\u2606Typ3wr1ter\n|j|\u2606Corvinights\n|t:|1700017467\n|gametype|singles\n|player|p1|Typ3wr1ter|infielder|1072\n|player|p2|Corvinights|hiker-gen4|1000\n|teamsize|p1|6\n|teamsize|p2|6\n|gen|9\n|tier|[Gen 9] OU\n|rated|\n|rule|Sleep Clause Mod: Limit one foe put to sleep\n|rule|Species Clause: Limit one of each Pok\u00e9mon\n|rule|OHKO Clause: OHKO moves are banned\n|rule|Evasion Items Clause: Evasion items are banned\n|rule|Evasion Moves Clause: Evasion moves are banned\n|rule|Endless Battle Clause: Forcing endless battles is banned\n|rule|HP Percentage Mod: HP is shown in percentages\n|clearpoke\n|poke|p1|Pelipper, F|\n|poke|p1|Samurott-Hisui, F|\n|poke|p1|Zapdos|\n|poke|p1|Clodsire, F|\n|poke|p1|Greninja-*, M|\n|poke|p1|Heatran, F|\n|poke|p2|Goodra-Hisui, F|\n|poke|p2|Grimmsnarl, M|\n|poke|p2|Hawlucha, M|\n|poke|p2|Rillaboom, M|\n|poke|p2|Inteleon, M|\n|poke|p2|Armarouge, F|\n|teampreview\n|\n|t:|1700017484\n|start\n|switch|p1a: Pelipper|Pelipper, F|100\/100\n|switch|p2a: Inteleon|Inteleon, M|100\/100\n|-weather|RainDance|[from] ability: Drizzle|[of] p1a: Pelipper\n|turn|1\n|\n|t:|1700017519\n|-terastallize|p2a: Inteleon|Water\n|move|p2a: Inteleon|Snipe Shot|p1a: Pelipper\n|-resisted|p1a: Pelipper\n|-damage|p1a: Pelipper|43\/100\n|move|p1a: Pelipper|Hurricane|p2a: Inteleon\n|-damage|p2a: Inteleon|38\/100\n|\n|-weather|RainDance|[upkeep]\n|upkeep\n|turn|2\n|\n|t:|1700017549\n|switch|p1a: Samurott|Samurott-Hisui, F|100\/100\n|move|p2a: Inteleon|Substitute|p2a: Inteleon\n|-start|p2a: Inteleon|Substitute\n|-damage|p2a: Inteleon|14\/100\n|-enditem|p2a: Inteleon|Lansat Berry|[eat]\n|-start|p2a: Inteleon|move: Focus Energy\n|\n|-weather|RainDance|[upkeep]\n|upkeep\n|turn|3\n|\n|t:|1700017569\n|move|p2a: Inteleon|Snipe Shot|p1a: Samurott\n|-resisted|p1a: Samurott\n|-crit|p1a: Samurott\n|-damage|p1a: Samurott|8\/100\n|move|p1a: Samurott|Ceaseless Edge|p2a: Inteleon\n|-end|p2a: Inteleon|Substitute\n|-sidestart|p2: Corvinights|Spikes\n|\n|-weather|RainDance|[upkeep]\n|upkeep\n|turn|4\n|\n|t:|1700017577\n|move|p1a: Samurott|Aqua Jet|p2a: Inteleon\n|-resisted|p2a: Inteleon\n|-damage|p2a: Inteleon|0 fnt\n|faint|p2a: Inteleon\n|\n|-weather|RainDance|[upkeep]\n|upkeep\n|\n|t:|1700017587\n|switch|p2a: Rillaboom|Rillaboom, M|100\/100\n|-damage|p2a: Rillaboom|88\/100|[from] Spikes\n|-fieldstart|move: Grassy Terrain|[from] ability: Grassy Surge|[of] p2a: Rillaboom\n|-enditem|p2a: Rillaboom|Grassy Seed\n|-boost|p2a: Rillaboom|def|1|[from] item: Grassy Seed\n|turn|5\n|\n|t:|1700017599\n|move|p2a: Rillaboom|Grassy Glide|p1a: Samurott\n|-supereffective|p1a: Samurott\n|-damage|p1a: Samurott|0 fnt\n|faint|p1a: Samurott\n|\n|-weather|RainDance|[upkeep]\n|-heal|p2a: Rillaboom|94\/100|[from] Grassy Terrain\n|upkeep\n|\n|t:|1700017620\n|switch|p1a: Clodsire|Clodsire, F|100\/100\n|turn|6\n|\n|t:|1700017629\n|move|p2a: Rillaboom|Knock Off|p1a: Clodsire\n|-damage|p1a: Clodsire|65\/100\n|-enditem|p1a: Clodsire|Aguav Berry|[from] move: Knock Off|[of] p2a: Rillaboom\n|move|p1a: Clodsire|Yawn|p2a: Rillaboom\n|-start|p2a: Rillaboom|move: Yawn|[of] p1a: Clodsire\n|\n|-weather|RainDance|[upkeep]\n|-heal|p2a: Rillaboom|100\/100|[from] Grassy Terrain\n|-heal|p1a: Clodsire|71\/100|[from] Grassy Terrain\n|upkeep\n|turn|7\n|\n|t:|1700017642\n|switch|p2a: Armarouge|Armarouge, F|100\/100\n|-damage|p2a: Armarouge|88\/100|[from] Spikes\n|move|p1a: Clodsire|Stealth Rock|p2a: Armarouge\n|-sidestart|p2: Corvinights|move: Stealth Rock\n|\n|-weather|RainDance|[upkeep]\n|-heal|p2a: Armarouge|94\/100|[from] Grassy Terrain\n|-heal|p1a: Clodsire|77\/100|[from] Grassy Terrain\n|upkeep\n|turn|8\n|\n|t:|1700017657\n|move|p2a: Armarouge|Calm Mind|p2a: Armarouge\n|-boost|p2a: Armarouge|spa|1\n|-boost|p2a: Armarouge|spd|1\n|move|p1a: Clodsire|Earthquake|p2a: Armarouge\n|-supereffective|p2a: Armarouge\n|-damage|p2a: Armarouge|73\/100\n|-ability|p2a: Armarouge|Weak Armor|boost\n|-unboost|p2a: Armarouge|def|1\n|-boost|p2a: Armarouge|spe|2\n|-enditem|p2a: Armarouge|Weakness Policy\n|-boost|p2a: Armarouge|atk|2|[from] item: Weakness Policy\n|-boost|p2a: Armarouge|spa|2|[from] item: Weakness Policy\n|\n|-weather|none\n|-heal|p2a: Armarouge|80\/100|[from] Grassy Terrain\n|-heal|p1a: Clodsire|84\/100|[from] Grassy Terrain\n|upkeep\n|turn|9\n|\n|t:|1700017676\n|move|p2a: Armarouge|Stored Power|p1a: Clodsire\n|-supereffective|p1a: Clodsire\n|-damage|p1a: Clodsire|0 fnt\n|faint|p1a: Clodsire\n|\n|-heal|p2a: Armarouge|86\/100|[from] Grassy Terrain\n|-fieldend|move: Grassy Terrain\n|upkeep\n|\n|t:|1700017694\n|switch|p1a: Pelipper|Pelipper, F|43\/100\n|-weather|RainDance|[from] ability: Drizzle|[of] p1a: Pelipper\n|turn|10\n|\n|t:|1700017703\n|move|p2a: Armarouge|Stored Power|p1a: Pelipper\n|-damage|p1a: Pelipper|0 fnt\n|faint|p1a: Pelipper\n|\n|-weather|RainDance|[upkeep]\n|upkeep\n|\n|t:|1700017712\n|switch|p1a: Greninja|Greninja, M|100\/100\n|turn|11\n|\n|t:|1700017728\n|-terastallize|p1a: Greninja|Water\n|move|p1a: Greninja|Water Shuriken|p2a: Armarouge\n|-supereffective|p2a: Armarouge\n|-damage|p2a: Armarouge|54\/100\n|-supereffective|p2a: Armarouge\n|-damage|p2a: Armarouge|24\/100\n|-supereffective|p2a: Armarouge\n|-damage|p2a: Armarouge|0 fnt\n|faint|p2a: Armarouge\n|-ability|p1a: Greninja|Battle Bond|boost\n|-boost|p1a: Greninja|atk|1\n|-boost|p1a: Greninja|spa|1\n|-boost|p1a: Greninja|spe|1\n|-activate|p1a: Greninja|ability: Battle Bond\n|-hitcount|p2: Armarouge|3\n|-damage|p1a: Greninja|91\/100|[from] item: Life Orb\n|\n|-weather|RainDance|[upkeep]\n|upkeep\n|\n|t:|1700017742\n|switch|p2a: Iron Heart|Goodra-Hisui, F|100\/100\n|-damage|p2a: Iron Heart|88\/100|[from] Spikes\n|-damage|p2a: Iron Heart|82\/100|[from] Stealth Rock\n|turn|12\n|\n|t:|1700017762\n|move|p1a: Greninja|Dark Pulse|p2a: Iron Heart\n|-damage|p2a: Iron Heart|54\/100\n|-damage|p1a: Greninja|81\/100|[from] item: Life Orb\n|move|p2a: Iron Heart|Body Press|p1a: Greninja\n|-damage|p1a: Greninja|42\/100\n|\n|-weather|RainDance|[upkeep]\n|upkeep\n|turn|13\n|\n|t:|1700017776\n|move|p1a: Greninja|U-turn|p2a: Iron Heart\n|-resisted|p2a: Iron Heart\n|-damage|p2a: Iron Heart|44\/100\n|-damage|p1a: Greninja|32\/100|[from] item: Life Orb\n|\n|t:|1700017782\n|switch|p1a: Zapdos|Zapdos, shiny|100\/100|[from] U-turn\n|move|p2a: Iron Heart|Body Press|p1a: Zapdos\n|-resisted|p1a: Zapdos\n|-damage|p1a: Zapdos|89\/100\n|\n|-weather|RainDance|[upkeep]\n|-heal|p1a: Zapdos|95\/100|[from] item: Leftovers\n|upkeep\n|turn|14\n|\n|t:|1700017794\n|move|p1a: Zapdos|Protect|p1a: Zapdos\n|-singleturn|p1a: Zapdos|Protect\n|move|p2a: Iron Heart|Ice Beam|p1a: Zapdos\n|-activate|p1a: Zapdos|move: Protect\n|\n|-weather|RainDance|[upkeep]\n|-heal|p1a: Zapdos|100\/100|[from] item: Leftovers\n|upkeep\n|turn|15\n|\n|t:|1700017828\n|switch|p1a: Greninja|Greninja, M, tera:Water|32\/100\n|move|p2a: Iron Heart|Body Press|p1a: Greninja\n|-damage|p1a: Greninja|0 fnt\n|faint|p1a: Greninja\n|\n|-weather|RainDance|[upkeep]\n|upkeep\n|inactive|Battle timer is ON: inactive players will automatically lose when time's up. (requested by Corvinights)\n|\n|t:|1700017834\n|switch|p1a: Zapdos|Zapdos, shiny|100\/100\n|turn|16\n|\n|t:|1700017838\n|move|p1a: Zapdos|Protect|p1a: Zapdos\n|-singleturn|p1a: Zapdos|Protect\n|move|p2a: Iron Heart|Ice Beam|p1a: Zapdos\n|-activate|p1a: Zapdos|move: Protect\n|\n|-weather|RainDance|[upkeep]\n|upkeep\n|turn|17\n|\n|t:|1700017845\n|move|p1a: Zapdos|Roost||[still]\n|-fail|p1a: Zapdos|heal\n|move|p2a: Iron Heart|Ice Beam|p1a: Zapdos\n|-supereffective|p1a: Zapdos\n|-damage|p1a: Zapdos|54\/100\n|\n|-weather|none\n|-heal|p1a: Zapdos|60\/100|[from] item: Leftovers\n|upkeep\n|turn|18\n|\n|t:|1700017854\n|switch|p1a: Heatran|Heatran, F|100\/100\n|-item|p1a: Heatran|Air Balloon\n|move|p2a: Iron Heart|Ice Beam|p1a: Heatran\n|-resisted|p1a: Heatran\n|-damage|p1a: Heatran|97\/100\n|-enditem|p1a: Heatran|Air Balloon\n|\n|upkeep\n|turn|19\n|\n|t:|1700017867\n|move|p1a: Heatran|Body Press|p2a: Iron Heart\n|-supereffective|p2a: Iron Heart\n|-damage|p2a: Iron Heart|17\/100\n|move|p2a: Iron Heart|Body Press|p1a: Heatran\n|-supereffective|p1a: Heatran\n|-damage|p1a: Heatran|52\/100\n|\n|upkeep\n|turn|20\n|\n|t:|1700017874\n|move|p1a: Heatran|Body Press|p2a: Iron Heart\n|-supereffective|p2a: Iron Heart\n|-damage|p2a: Iron Heart|0 fnt\n|faint|p2a: Iron Heart\n|\n|upkeep\n|\n|t:|1700017880\n|switch|p2a: Rillaboom|Rillaboom, M|100\/100\n|-damage|p2a: Rillaboom|88\/100|[from] Spikes\n|-damage|p2a: Rillaboom|76\/100|[from] Stealth Rock\n|-fieldstart|move: Grassy Terrain|[from] ability: Grassy Surge|[of] p2a: Rillaboom\n|turn|21\n|\n|t:|1700017890\n|move|p2a: Rillaboom|Drain Punch|p1a: Heatran\n|-supereffective|p1a: Heatran\n|-damage|p1a: Heatran|4\/100\n|-heal|p2a: Rillaboom|99\/100|[from] drain|[of] p1a: Heatran\n|move|p1a: Heatran|Will-O-Wisp|p2a: Rillaboom\n|-status|p2a: Rillaboom|brn\n|\n|-heal|p2a: Rillaboom|100\/100 brn|[from] Grassy Terrain\n|-heal|p1a: Heatran|10\/100|[from] Grassy Terrain\n|-damage|p2a: Rillaboom|94\/100 brn|[from] brn\n|upkeep\n|turn|22\n|\n|t:|1700017902\n|move|p2a: Rillaboom|Grassy Glide|p1a: Heatran\n|-resisted|p1a: Heatran\n|-damage|p1a: Heatran|6\/100\n|move|p1a: Heatran|Flamethrower|p2a: Rillaboom\n|-supereffective|p2a: Rillaboom\n|-damage|p2a: Rillaboom|5\/100 brn\n|\n|-heal|p2a: Rillaboom|11\/100 brn|[from] Grassy Terrain\n|-heal|p1a: Heatran|13\/100|[from] Grassy Terrain\n|-damage|p2a: Rillaboom|5\/100 brn|[from] brn\n|upkeep\n|turn|23\n|\n|t:|1700017913\n|move|p2a: Rillaboom|Drain Punch|p1a: Heatran\n|-supereffective|p1a: Heatran\n|-damage|p1a: Heatran|0 fnt\n|-heal|p2a: Rillaboom|11\/100 brn|[from] drain|[of] p1a: Heatran\n|faint|p1a: Heatran\n|\n|-heal|p2a: Rillaboom|17\/100 brn|[from] Grassy Terrain\n|-damage|p2a: Rillaboom|11\/100 brn|[from] brn\n|upkeep\n|\n|t:|1700017921\n|switch|p1a: Zapdos|Zapdos, shiny|60\/100\n|turn|24\n|\n|t:|1700017925\n|move|p1a: Zapdos|Discharge|p2a: Rillaboom\n|-resisted|p2a: Rillaboom\n|-damage|p2a: Rillaboom|0 fnt\n|faint|p2a: Rillaboom\n|\n|-heal|p1a: Zapdos|66\/100|[from] item: Leftovers\n|upkeep\n|\n|t:|1700017932\n|switch|p2a: Hawlucha|Hawlucha, M|100\/100\n|-damage|p2a: Hawlucha|88\/100|[from] Stealth Rock\n|-enditem|p2a: Hawlucha|Grassy Seed\n|-boost|p2a: Hawlucha|def|1|[from] item: Grassy Seed\n|turn|25\n|\n|t:|1700017941\n|move|p2a: Hawlucha|Acrobatics|p1a: Zapdos\n|-resisted|p1a: Zapdos\n|-damage|p1a: Zapdos|43\/100\n|move|p1a: Zapdos|Thunder Wave|p2a: Hawlucha\n|-status|p2a: Hawlucha|par\n|\n|-heal|p1a: Zapdos|50\/100|[from] item: Leftovers\n|-fieldend|move: Grassy Terrain\n|upkeep\n|turn|26\n|\n|t:|1700017951\n|move|p2a: Hawlucha|Acrobatics|p1a: Zapdos\n|-resisted|p1a: Zapdos\n|-damage|p1a: Zapdos|26\/100\n|move|p1a: Zapdos|Roost|p1a: Zapdos\n|-heal|p1a: Zapdos|76\/100\n|-singleturn|p1a: Zapdos|move: Roost\n|\n|-heal|p1a: Zapdos|83\/100|[from] item: Leftovers\n|upkeep\n|turn|27\n|\n|t:|1700017960\n|switch|p2a: Loki|Grimmsnarl, M|100\/100\n|-damage|p2a: Loki|88\/100|[from] Spikes\n|-damage|p2a: Loki|76\/100|[from] Stealth Rock\n|move|p1a: Zapdos|Roost|p1a: Zapdos\n|-heal|p1a: Zapdos|100\/100\n|-singleturn|p1a: Zapdos|move: Roost\n|\n|upkeep\n|turn|28\n|\n|t:|1700017974\n|move|p2a: Loki|Light Screen|p2a: Loki\n|-sidestart|p2: Corvinights|move: Light Screen\n|move|p1a: Zapdos|Discharge|p2a: Loki\n|-damage|p2a: Loki|58\/100\n|\n|upkeep\n|turn|29\n|\n|t:|1700017984\n|move|p1a: Zapdos|Thunder Wave|p2a: Loki|[miss]\n|-miss|p1a: Zapdos|p2a: Loki\n|move|p2a: Loki|Spirit Break|p1a: Zapdos\n|-damage|p1a: Zapdos|71\/100\n|-unboost|p1a: Zapdos|spa|1\n|\n|-heal|p1a: Zapdos|78\/100|[from] item: Leftovers\n|upkeep\n|turn|30\n|\n|t:|1700017992\n|move|p1a: Zapdos|Thunder Wave|p2a: Loki\n|-status|p2a: Loki|par\n|move|p2a: Loki|Spirit Break|p1a: Zapdos\n|-damage|p1a: Zapdos|46\/100\n|-unboost|p1a: Zapdos|spa|1\n|\n|-heal|p1a: Zapdos|53\/100|[from] item: Leftovers\n|upkeep\n|turn|31\n|\n|t:|1700018001\n|move|p1a: Zapdos|Discharge|p2a: Loki\n|-damage|p2a: Loki|48\/100 par\n|move|p2a: Loki|Spirit Break|p1a: Zapdos\n|-damage|p1a: Zapdos|20\/100\n|-unboost|p1a: Zapdos|spa|1\n|\n|-heal|p1a: Zapdos|26\/100|[from] item: Leftovers\n|upkeep\n|turn|32\n|\n|t:|1700018008\n|move|p1a: Zapdos|Discharge|p2a: Loki\n|-crit|p2a: Loki\n|-damage|p2a: Loki|0 fnt\n|faint|p2a: Loki\n|\n|-heal|p1a: Zapdos|32\/100|[from] item: Leftovers\n|upkeep\n|\n|t:|1700018015\n|switch|p2a: Hawlucha|Hawlucha, M|88\/100 par\n|-damage|p2a: Hawlucha|76\/100 par|[from] Stealth Rock\n|turn|33\n|\n|t:|1700018020\n|move|p1a: Zapdos|Discharge|p2a: Hawlucha\n|-supereffective|p2a: Hawlucha\n|-damage|p2a: Hawlucha|50\/100 par\n|move|p2a: Hawlucha|Swords Dance|p2a: Hawlucha\n|-boost|p2a: Hawlucha|atk|2\n|\n|-heal|p1a: Zapdos|39\/100|[from] item: Leftovers\n|upkeep\n|turn|34\n|\n|t:|1700018029\n|move|p1a: Zapdos|Roost|p1a: Zapdos\n|-heal|p1a: Zapdos|89\/100\n|-singleturn|p1a: Zapdos|move: Roost\n|move|p2a: Hawlucha|Acrobatics|p1a: Zapdos\n|-resisted|p1a: Zapdos\n|-damage|p1a: Zapdos|46\/100\n|\n|-heal|p1a: Zapdos|52\/100|[from] item: Leftovers\n|upkeep\n|turn|35\n|\n|t:|1700018043\n|move|p1a: Zapdos|Roost|p1a: Zapdos\n|-heal|p1a: Zapdos|100\/100\n|-singleturn|p1a: Zapdos|move: Roost\n|move|p2a: Hawlucha|Acrobatics|p1a: Zapdos\n|-resisted|p1a: Zapdos\n|-damage|p1a: Zapdos|53\/100\n|\n|-heal|p1a: Zapdos|59\/100|[from] item: Leftovers\n|-sideend|p2: Corvinights|move: Light Screen\n|upkeep\n|turn|36\n|\n|t:|1700018054\n|move|p1a: Zapdos|Discharge|p2a: Hawlucha\n|-supereffective|p2a: Hawlucha\n|-damage|p2a: Hawlucha|3\/100 par\n|move|p2a: Hawlucha|Drain Punch|p1a: Zapdos\n|-resisted|p1a: Zapdos\n|-damage|p1a: Zapdos|26\/100\n|-heal|p2a: Hawlucha|24\/100 par|[from] drain|[of] p1a: Zapdos\n|\n|-heal|p1a: Zapdos|32\/100|[from] item: Leftovers\n|upkeep\n|turn|37\n|\n|t:|1700018063\n|move|p1a: Zapdos|Discharge|p2a: Hawlucha\n|-supereffective|p2a: Hawlucha\n|-damage|p2a: Hawlucha|0 fnt\n|faint|p2a: Hawlucha\n|\n|win|Typ3wr1ter\n|raw|Typ3wr1ter's rating: 1072 &rarr; <strong>1099<\/strong><br \/>(+27 for winning)\n|raw|Corvinights's rating: 1048 &rarr; <strong>1032<\/strong><br \/>(-16 for losing)\n|l|\u2606Corvinights\n","uploadtime":1700018070,"views":24,"p1id":"typ3wr1ter","p2id":"corvinights","formatid":"gen9ou","rating":1032,"private":0,"password":""}