{"id":"gen9ou-1997204284","p1":"E4Everyone","p2":"wkreid","format":"[Gen 9] OU","log":"|j|\u2606E4Everyone\n|j|\u2606wkreid\n|inactive|Battle timer is ON: inactive players will automatically lose when time's up.\n|t:|1700775281\n|gametype|singles\n|player|p1|E4Everyone|hugh|\n|player|p2|wkreid|265|\n|teamsize|p1|4\n|teamsize|p2|4\n|gen|9\n|tier|[Gen 9] OU\n|rated|Tournament battle\n|rule|Sleep Clause Mod: Limit one foe put to sleep\n|rule|Species Clause: Limit one of each Pok\u00e9mon\n|rule|OHKO Clause: OHKO moves are banned\n|rule|Evasion Items Clause: Evasion items are banned\n|rule|Evasion Moves Clause: Evasion moves are banned\n|rule|Endless Battle Clause: Forcing endless battles is banned\n|rule|HP Percentage Mod: HP is shown in percentages\n|clearpoke\n|poke|p1|Donphan, M|\n|poke|p1|Weavile, M|\n|poke|p1|Gurdurr, F|\n|poke|p1|Bisharp, M|\n|poke|p2|Gogoat, F|\n|poke|p2|Sandaconda, F|\n|poke|p2|Arboliva, M|\n|poke|p2|Drifloon, F|\n|teampreview\n|j|*Lady Monita \u2746\n|j| zacianboi101\n|\n|t:|1700775287\n|start\n|switch|p1a: Donphan|Donphan, M|100\/100\n|switch|p2a: Arboliva|Arboliva, M|100\/100\n|turn|1\n|c|\u2606wkreid|the first game i get to play lmao\n|j| Blonking\n|\n|t:|1700775300\n|move|p1a: Donphan|Stealth Rock|p2a: Arboliva\n|-sidestart|p2: wkreid|move: Stealth Rock\n|move|p2a: Arboliva|Encore|p1a: Donphan\n|-start|p1a: Donphan|Encore\n|\n|upkeep\n|turn|2\n|c|\u2606E4Everyone|wow\n|c| zacianboi101|my name is pippa\n|\n|t:|1700775313\n|switch|p1a: Gurdurr|Gurdurr, F|100\/100\n|move|p2a: Arboliva|Leaf Storm|p1a: Gurdurr\n|-damage|p1a: Gurdurr|42\/100\n|-unboost|p2a: Arboliva|spa|2\n|\n|upkeep\n|turn|3\n|l| Blonking\n|\n|t:|1700775323\n|move|p1a: Gurdurr|Bulk Up|p1a: Gurdurr\n|-boost|p1a: Gurdurr|atk|1\n|-boost|p1a: Gurdurr|def|1\n|move|p2a: Arboliva|Encore|p1a: Gurdurr\n|-start|p1a: Gurdurr|Encore\n|\n|upkeep\n|turn|4\n|j| munchkinp\n|c| zacianboi101|im just kidding\n|\n|t:|1700775336\n|move|p1a: Gurdurr|Bulk Up|p1a: Gurdurr\n|-boost|p1a: Gurdurr|atk|1\n|-boost|p1a: Gurdurr|def|1\n|move|p2a: Arboliva|Leaf Storm|p1a: Gurdurr\n|-damage|p1a: Gurdurr|15\/100\n|-unboost|p2a: Arboliva|spa|2\n|\n|upkeep\n|turn|5\n|\n|t:|1700775355\n|move|p1a: Gurdurr|Bulk Up|p1a: Gurdurr\n|-boost|p1a: Gurdurr|atk|1\n|-boost|p1a: Gurdurr|def|1\n|move|p2a: Arboliva|Leaf Storm|p1a: Gurdurr\n|-damage|p1a: Gurdurr|0 fnt\n|-unboost|p2a: Arboliva|spa|2\n|faint|p1a: Gurdurr\n|\n|upkeep\n|\n|t:|1700775361\n|switch|p1a: Weavile|Weavile, M|100\/100\n|-ability|p1a: Weavile|Pressure\n|turn|6\n|\n|t:|1700775369\n|move|p1a: Weavile|Fake Out|p2a: Arboliva\n|-damage|p2a: Arboliva|83\/100\n|-fieldstart|move: Grassy Terrain|[from] ability: Seed Sower|[of] p2a: Arboliva\n|-damage|p1a: Weavile|91\/100|[from] item: Life Orb\n|cant|p2a: Arboliva|flinch\n|\n|-heal|p1a: Weavile|97\/100|[from] Grassy Terrain\n|-heal|p2a: Arboliva|89\/100|[from] Grassy Terrain\n|-heal|p2a: Arboliva|95\/100|[from] item: Leftovers\n|upkeep\n|turn|7\n|\n|t:|1700775386\n|-terastallize|p1a: Weavile|Ice\n|move|p1a: Weavile|Ice Spinner|p2a: Arboliva\n|-supereffective|p2a: Arboliva\n|-damage|p2a: Arboliva|0 fnt\n|-fieldend|move: Grassy Terrain\n|faint|p2a: Arboliva\n|-damage|p1a: Weavile|87\/100|[from] item: Life Orb\n|\n|upkeep\n|\n|t:|1700775394\n|switch|p2a: Drifloon|Drifloon, F|100\/100\n|-damage|p2a: Drifloon|76\/100|[from] Stealth Rock\n|turn|8\n|\n|t:|1700775403\n|move|p2a: Drifloon|Protect|p2a: Drifloon\n|-singleturn|p2a: Drifloon|Protect\n|move|p1a: Weavile|Ice Spinner|p2a: Drifloon\n|-activate|p2a: Drifloon|move: Protect\n|\n|upkeep\n|turn|9\n|j| Blonking\n|\n|t:|1700775414\n|-terastallize|p2a: Drifloon|Ghost\n|move|p1a: Weavile|Ice Spinner|p2a: Drifloon\n|-damage|p2a: Drifloon|0 fnt\n|faint|p2a: Drifloon\n|-damage|p1a: Weavile|77\/100|[from] item: Life Orb\n|\n|upkeep\n|\n|t:|1700775427\n|switch|p2a: Sandaconda|Sandaconda, F|100\/100\n|-damage|p2a: Sandaconda|94\/100|[from] Stealth Rock\n|turn|10\n|j|^HEAVY-DUTY B0OTY\n|\n|t:|1700775433\n|move|p1a: Weavile|Ice Spinner|p2a: Sandaconda\n|-supereffective|p2a: Sandaconda\n|-crit|p2a: Sandaconda\n|-damage|p2a: Sandaconda|0 fnt\n|-damage|p1a: Weavile|60\/100|[from] item: Rocky Helmet|[of] p2a: Sandaconda\n|faint|p2a: Sandaconda\n|-damage|p1a: Weavile|50\/100|[from] item: Life Orb\n|\n|upkeep\n|\n|t:|1700775439\n|switch|p2a: Gogoat|Gogoat, F|100\/100\n|-damage|p2a: Gogoat|88\/100|[from] Stealth Rock\n|turn|11\n|\n|t:|1700775445\n|move|p1a: Weavile|Ice Spinner|p2a: Gogoat\n|-supereffective|p2a: Gogoat\n|-damage|p2a: Gogoat|0 fnt\n|faint|p2a: Gogoat\n|-damage|p1a: Weavile|40\/100|[from] item: Life Orb\n|\n|win|E4Everyone\n|n|\u2606E4Everyone|e4everyone\n|n|\u2606wkreid|wkreid\n|n|*Lady Monita \u2746|ladymonita\n|n| zacianboi101|zacianboi101\n|n| munchkinp|munchkinp\n|n| Blonking|blonking\n|n| HEAVY-DUTY B0OTY|heavydutyb0oty\n","uploadtime":1700775446,"views":7,"p1id":"e4everyone","p2id":"wkreid","formatid":"gen9ou","rating":0,"private":0,"password":""}