{"id":"gen9ou-1988628128","p1":"StupidGoose","p2":"A KlNG\u2655","format":"[Gen 9] OU","log":"|j|\u2606StupidGoose\n|j|\u2606A KlNG\u2655\n|t:|1699743691\n|gametype|singles\n|player|p1|StupidGoose|birdkeeper-gen4dp|1481\n|player|p2|A KlNG\u2655|rocketexecutive-gen2|1489\n|teamsize|p1|6\n|teamsize|p2|6\n|gen|9\n|tier|[Gen 9] OU\n|rated|\n|rule|Sleep Clause Mod: Limit one foe put to sleep\n|rule|Species Clause: Limit one of each Pok\u00e9mon\n|rule|OHKO Clause: OHKO moves are banned\n|rule|Evasion Items Clause: Evasion items are banned\n|rule|Evasion Moves Clause: Evasion moves are banned\n|rule|Endless Battle Clause: Forcing endless battles is banned\n|rule|HP Percentage Mod: HP is shown in percentages\n|clearpoke\n|poke|p1|Sneasler, M|\n|poke|p1|Corviknight, M|\n|poke|p1|Zapdos|\n|poke|p1|Glimmora, M|\n|poke|p1|Dragapult, M|\n|poke|p1|Iron Valiant|\n|poke|p2|Kingambit, M|\n|poke|p2|Dragapult, M|\n|poke|p2|Grimmsnarl, M|\n|poke|p2|Tornadus-Therian, M|\n|poke|p2|Greninja-*, M|\n|poke|p2|Dragonite, F|\n|teampreview\n|\n|t:|1699743696\n|start\n|switch|p1a: Flowey|Glimmora, M|100\/100\n|switch|p2a: Greninja|Greninja, M|100\/100\n|turn|1\n|\n|t:|1699743699\n|-terastallize|p1a: Flowey|Grass\n|move|p1a: Flowey|Energy Ball|p2a: Greninja\n|-supereffective|p2a: Greninja\n|-damage|p2a: Greninja|0 fnt\n|faint|p2a: Greninja\n|\n|upkeep\n|\n|t:|1699743705\n|switch|p2a: Dragonite|Dragonite, F|100\/100\n|turn|2\n|\n|t:|1699743709\n|switch|p1a: Taxiknight|Corviknight, M|100\/100\n|switch|p2a: Tornadus|Tornadus-Therian, M|100\/100\n|\n|upkeep\n|turn|3\n|\n|t:|1699743712\n|switch|p1a: \u26a1|Zapdos|100\/100\n|move|p2a: Tornadus|Nasty Plot|p2a: Tornadus\n|-boost|p2a: Tornadus|spa|2\n|\n|upkeep\n|turn|4\n|\n|t:|1699743718\n|switch|p2a: Dragapult|Dragapult, M|100\/100\n|move|p1a: \u26a1|Charge|p1a: \u26a1\n|-boost|p1a: \u26a1|spd|1\n|-start|p1a: \u26a1|Charge\n|\n|upkeep\n|turn|5\n|\n|t:|1699743722\n|move|p2a: Dragapult|Dragon Darts|p1a: \u26a1\n|-crit|p1a: \u26a1\n|-damage|p1a: \u26a1|49\/100\n|-anim|p2a: Dragapult|Dragon Darts|p1a: \u26a1\n|-damage|p1a: \u26a1|18\/100\n|-damage|p2a: Dragapult|91\/100|[from] item: Life Orb\n|move|p1a: \u26a1|Thunderbolt|p2a: Dragapult\n|-resisted|p2a: Dragapult\n|-damage|p2a: Dragapult|41\/100\n|-end|p1a: \u26a1|Charge|[silent]\n|\n|-heal|p1a: \u26a1|24\/100|[from] item: Leftovers\n|upkeep\n|turn|6\n|\n|t:|1699743734\n|switch|p1a: Mecha Waifu|Iron Valiant|100\/100\n|-enditem|p1a: Mecha Waifu|Booster Energy\n|-activate|p1a: Mecha Waifu|ability: Quark Drive|[fromitem]\n|-start|p1a: Mecha Waifu|quarkdrivespe\n|move|p2a: Dragapult|Dragon Darts|p1a: Mecha Waifu\n|-immune|p1a: Mecha Waifu\n|\n|upkeep\n|turn|7\n|\n|t:|1699743748\n|-terastallize|p2a: Dragapult|Poison\n|move|p1a: Mecha Waifu|Knock Off|p2a: Dragapult\n|-damage|p2a: Dragapult|0 fnt\n|-enditem|p2a: Dragapult|Life Orb|[from] move: Knock Off|[of] p1a: Mecha Waifu\n|faint|p2a: Dragapult\n|\n|upkeep\n|\n|t:|1699743753\n|switch|p2a: Grimmsnarl|Grimmsnarl, M|100\/100\n|turn|8\n|\n|t:|1699743757\n|move|p2a: Grimmsnarl|Reflect|p2a: Grimmsnarl\n|-sidestart|p2: A KlNG\u2655|Reflect\n|move|p1a: Mecha Waifu|Moonblast|p2a: Grimmsnarl\n|-supereffective|p2a: Grimmsnarl\n|-damage|p2a: Grimmsnarl|27\/100\n|\n|upkeep\n|turn|9\n|\n|t:|1699743763\n|move|p2a: Grimmsnarl|Light Screen|p2a: Grimmsnarl\n|-sidestart|p2: A KlNG\u2655|move: Light Screen\n|move|p1a: Mecha Waifu|Moonblast|p2a: Grimmsnarl\n|-supereffective|p2a: Grimmsnarl\n|-damage|p2a: Grimmsnarl|0 fnt\n|faint|p2a: Grimmsnarl\n|\n|upkeep\n|\n|t:|1699743766\n|switch|p2a: Dragonite|Dragonite, F|100\/100\n|turn|10\n|\n|t:|1699743769\n|move|p1a: Mecha Waifu|Knock Off|p2a: Dragonite\n|-damage|p2a: Dragonite|91\/100\n|-enditem|p2a: Dragonite|Metronome|[from] move: Knock Off|[of] p1a: Mecha Waifu\n|move|p2a: Dragonite|Hurricane|p1a: Mecha Waifu\n|-supereffective|p1a: Mecha Waifu\n|-damage|p1a: Mecha Waifu|0 fnt\n|faint|p1a: Mecha Waifu\n|-end|p1a: Mecha Waifu|Quark Drive|[silent]\n|\n|upkeep\n|\n|t:|1699743775\n|switch|p1a: \u26a1|Zapdos|24\/100\n|turn|11\n|\n|t:|1699743777\n|move|p2a: Dragonite|Extreme Speed|p1a: \u26a1\n|-damage|p1a: \u26a1|0 fnt\n|faint|p1a: \u26a1\n|\n|upkeep\n|\n|t:|1699743787\n|switch|p1a: Baby yeeter|Dragapult, M|100\/100\n|turn|12\n|\n|t:|1699743792\n|move|p1a: Baby yeeter|Draco Meteor|p2a: Dragonite\n|-supereffective|p2a: Dragonite\n|-damage|p2a: Dragonite|0 fnt\n|-unboost|p1a: Baby yeeter|spa|2\n|faint|p2a: Dragonite\n|-damage|p1a: Baby yeeter|91\/100|[from] item: Life Orb\n|\n|upkeep\n|\n|t:|1699743794\n|switch|p2a: Tornadus|Tornadus-Therian, M|100\/100\n|turn|13\n|\n|t:|1699743802\n|move|p1a: Baby yeeter|Draco Meteor|p2a: Tornadus\n|-damage|p2a: Tornadus|42\/100\n|-unboost|p1a: Baby yeeter|spa|2\n|-damage|p1a: Baby yeeter|81\/100|[from] item: Life Orb\n|move|p2a: Tornadus|Nasty Plot|p2a: Tornadus\n|-boost|p2a: Tornadus|spa|2\n|\n|upkeep\n|turn|14\n|\n|t:|1699743809\n|move|p1a: Baby yeeter|Draco Meteor|p2a: Tornadus\n|-damage|p2a: Tornadus|3\/100\n|-unboost|p1a: Baby yeeter|spa|2\n|-damage|p1a: Baby yeeter|71\/100|[from] item: Life Orb\n|move|p2a: Tornadus|Air Slash|p1a: Baby yeeter\n|-damage|p1a: Baby yeeter|0 fnt\n|faint|p1a: Baby yeeter\n|\n|upkeep\n|\n|t:|1699743816\n|switch|p1a: Flowey|Glimmora, M, tera:Grass|100\/100\n|turn|15\n|\n|t:|1699743820\n|move|p1a: Flowey|Power Gem|p2a: Tornadus\n|-supereffective|p2a: Tornadus\n|-damage|p2a: Tornadus|0 fnt\n|faint|p2a: Tornadus\n|\n|-sideend|p2: A KlNG\u2655|Reflect\n|upkeep\n|\n|t:|1699743824\n|switch|p2a: Blues|Kingambit, M|100\/100\n|-activate|p2a: Blues|ability: Supreme Overlord\n|-start|p2a: Blues|fallen5|[silent]\n|turn|16\n|\n|t:|1699743830\n|switch|p1a: Taxiknight|Corviknight, M|100\/100\n|move|p2a: Blues|Swords Dance|p2a: Blues\n|-boost|p2a: Blues|atk|2\n|\n|-sideend|p2: A KlNG\u2655|move: Light Screen\n|upkeep\n|turn|17\n|\n|t:|1699743833\n|move|p2a: Blues|Kowtow Cleave|p1a: Taxiknight\n|-damage|p1a: Taxiknight|25\/100\n|-damage|p2a: Blues|84\/100|[from] item: Rocky Helmet|[of] p1a: Taxiknight\n|move|p1a: Taxiknight|Iron Defense|p1a: Taxiknight\n|-boost|p1a: Taxiknight|def|2\n|\n|upkeep\n|turn|18\n|\n|t:|1699743839\n|move|p2a: Blues|Kowtow Cleave|p1a: Taxiknight\n|-damage|p1a: Taxiknight|0 fnt\n|-damage|p2a: Blues|68\/100|[from] item: Rocky Helmet|[of] p1a: Taxiknight\n|faint|p1a: Taxiknight\n|\n|upkeep\n|\n|t:|1699743842\n|switch|p1a: The claws|Sneasler, M|100\/100\n|-item|p1a: The claws|Air Balloon\n|turn|19\n|\n|t:|1699743846\n|move|p2a: Blues|Sucker Punch|p1a: The claws\n|-resisted|p1a: The claws\n|-damage|p1a: The claws|46\/100\n|-enditem|p1a: The claws|Air Balloon\n|move|p1a: The claws|Close Combat|p2a: Blues\n|-supereffective|p2a: Blues\n|-damage|p2a: Blues|0 fnt\n|-unboost|p1a: The claws|def|1\n|-unboost|p1a: The claws|spd|1\n|faint|p2a: Blues\n|-end|p2a: Blues|fallen5|[silent]\n|\n|win|StupidGoose\n|raw|StupidGoose's rating: 1481 &rarr; <strong>1501<\/strong><br \/>(+20 for winning)\n|raw|A KlNG\u2655's rating: 1489 &rarr; <strong>1469<\/strong><br \/>(-20 for losing)\n|l|\u2606A KlNG\u2655\n","uploadtime":1699743869,"views":32,"p1id":"stupidgoose","p2id":"aklng","formatid":"gen9ou","rating":1469,"private":0,"password":""}