{"id":"gen9ou-1996871455","p1":"Citrusfunk","p2":"Indomitonius","format":"[Gen 9] OU","log":"|j|\u2606Citrusfunk\n|j|\u2606Indomitonius\n|t:|1700738301\n|gametype|singles\n|player|p1|Citrusfunk|alec-anime|1102\n|player|p2|Indomitonius|266|1095\n|teamsize|p1|6\n|teamsize|p2|6\n|gen|9\n|tier|[Gen 9] OU\n|rated|\n|rule|Sleep Clause Mod: Limit one foe put to sleep\n|rule|Species Clause: Limit one of each Pok\u00e9mon\n|rule|OHKO Clause: OHKO moves are banned\n|rule|Evasion Items Clause: Evasion items are banned\n|rule|Evasion Moves Clause: Evasion moves are banned\n|rule|Endless Battle Clause: Forcing endless battles is banned\n|rule|HP Percentage Mod: HP is shown in percentages\n|clearpoke\n|poke|p1|Iron Valiant|\n|poke|p1|Kingambit, M|\n|poke|p1|Gyarados, M|\n|poke|p1|Ninetales-Alola, F|\n|poke|p1|Espeon, F|\n|poke|p1|Oricorio, F|\n|poke|p2|Pelipper, M|\n|poke|p2|Barraskewda, M|\n|poke|p2|Dragonite, M|\n|poke|p2|Volcanion|\n|poke|p2|Kingambit, M|\n|poke|p2|Ting-Lu|\n|teampreview\n|\n|t:|1700738306\n|start\n|switch|p1a: cool ass freezer|Ninetales-Alola, F|100\/100\n|switch|p2a: Pelipper|Pelipper, M|100\/100\n|-weather|Snow|[from] ability: Snow Warning|[of] p1a: cool ass freezer\n|-weather|RainDance|[from] ability: Drizzle|[of] p2a: Pelipper\n|turn|1\n|inactive|Battle timer is ON: inactive players will automatically lose when time's up. (requested by Citrusfunk)\n|inactive|Indomitonius also wants the timer to be on.\n|\n|t:|1700738312\n|move|p1a: cool ass freezer|Freeze-Dry|p2a: Pelipper\n|-supereffective|p2a: Pelipper\n|-damage|p2a: Pelipper|0 fnt\n|faint|p2a: Pelipper\n|\n|-weather|RainDance|[upkeep]\n|upkeep\n|\n|t:|1700738325\n|switch|p2a: Barraskewda|Barraskewda, M|100\/100\n|turn|2\n|\n|t:|1700738331\n|switch|p1a: Oricorio|Oricorio, F|100\/100\n|move|p2a: Barraskewda|Liquidation|p1a: Oricorio\n|-supereffective|p1a: Oricorio\n|-damage|p1a: Oricorio|0 fnt\n|faint|p1a: Oricorio\n|\n|-weather|RainDance|[upkeep]\n|upkeep\n|\n|t:|1700738333\n|switch|p1a: cool ass freezer|Ninetales-Alola, F|100\/100\n|-weather|Snow|[from] ability: Snow Warning|[of] p1a: cool ass freezer\n|turn|3\n|\n|t:|1700738338\n|move|p2a: Barraskewda|Liquidation|p1a: cool ass freezer\n|-damage|p1a: cool ass freezer|36\/100\n|move|p1a: cool ass freezer|Aurora Veil|p1a: cool ass freezer\n|-sidestart|p1: Citrusfunk|move: Aurora Veil\n|\n|-weather|Snow|[upkeep]\n|upkeep\n|turn|4\n|\n|t:|1700738342\n|move|p2a: Barraskewda|Liquidation|p1a: cool ass freezer\n|-damage|p1a: cool ass freezer|3\/100\n|-unboost|p1a: cool ass freezer|def|1\n|move|p1a: cool ass freezer|Freeze-Dry|p2a: Barraskewda\n|-supereffective|p2a: Barraskewda\n|-damage|p2a: Barraskewda|0 fnt\n|faint|p2a: Barraskewda\n|\n|-weather|Snow|[upkeep]\n|upkeep\n|\n|t:|1700738350\n|switch|p2a: Dragonite|Dragonite, M|100\/100\n|turn|5\n|\n|t:|1700738354\n|move|p2a: Dragonite|Extreme Speed|p1a: cool ass freezer\n|-damage|p1a: cool ass freezer|0 fnt\n|faint|p1a: cool ass freezer\n|\n|-weather|Snow|[upkeep]\n|upkeep\n|\n|t:|1700738359\n|switch|p1a: Nemo|Gyarados, M, shiny|100\/100\n|-ability|p1a: Nemo|Intimidate|boost\n|-unboost|p2a: Dragonite|atk|1\n|turn|6\n|\n|t:|1700738366\n|move|p1a: Nemo|Dragon Dance|p1a: Nemo\n|-boost|p1a: Nemo|atk|1\n|-boost|p1a: Nemo|spe|1\n|move|p2a: Dragonite|Dragon Claw|p1a: Nemo\n|-damage|p1a: Nemo|83\/100\n|\n|-weather|Snow|[upkeep]\n|upkeep\n|turn|7\n|\n|t:|1700738372\n|move|p1a: Nemo|Waterfall|p2a: Dragonite\n|-resisted|p2a: Dragonite\n|-crit|p2a: Dragonite\n|-damage|p2a: Dragonite|72\/100\n|move|p2a: Dragonite|Dragon Dance|p2a: Dragonite\n|-boost|p2a: Dragonite|atk|1\n|-boost|p2a: Dragonite|spe|1\n|\n|-weather|none\n|upkeep\n|turn|8\n|\n|t:|1700738376\n|move|p1a: Nemo|Ice Fang|p2a: Dragonite\n|-supereffective|p2a: Dragonite\n|-damage|p2a: Dragonite|0 fnt\n|faint|p2a: Dragonite\n|\n|upkeep\n|-message|Indomitonius forfeited.\n|\n|win|Citrusfunk\n|raw|Citrusfunk's rating: 1102 &rarr; <strong>1126<\/strong><br \/>(+24 for winning)\n|raw|Indomitonius's rating: 1095 &rarr; <strong>1071<\/strong><br \/>(-24 for losing)\n|l|\u2606Indomitonius\n","uploadtime":1700738389,"views":2,"p1id":"citrusfunk","p2id":"indomitonius","formatid":"gen9ou","rating":1071,"private":0,"password":""}