{"id":"gen9ou-1988483162","p1":"punkmag","p2":"ViceEater","format":"[Gen 9] OU","log":"|j|\u2606punkmag\n|j|\u2606ViceEater\n|t:|1699727775\n|gametype|singles\n|player|p1|punkmag|waitress-gen4|1167\n|player|p2|ViceEater|170|1143\n|teamsize|p1|6\n|teamsize|p2|6\n|gen|9\n|tier|[Gen 9] OU\n|rated|\n|rule|Sleep Clause Mod: Limit one foe put to sleep\n|rule|Species Clause: Limit one of each Pok\u00e9mon\n|rule|OHKO Clause: OHKO moves are banned\n|rule|Evasion Items Clause: Evasion items are banned\n|rule|Evasion Moves Clause: Evasion moves are banned\n|rule|Endless Battle Clause: Forcing endless battles is banned\n|rule|HP Percentage Mod: HP is shown in percentages\n|clearpoke\n|poke|p1|Hoopa-Unbound|\n|poke|p1|Dragapult, M|\n|poke|p1|Maushold|\n|poke|p1|Gliscor, M|\n|poke|p1|Fezandipiti, M|\n|poke|p1|Grafaiai, F|\n|poke|p2|Gliscor, M|\n|poke|p2|Dragapult, F|\n|poke|p2|Corviknight, F|\n|poke|p2|Heatran, F|\n|poke|p2|Ogerpon-Wellspring, F|\n|poke|p2|Zamazenta-*|\n|teampreview\n|inactive|Battle timer is ON: inactive players will automatically lose when time's up. (requested by punkmag)\n|\n|t:|1699727792\n|start\n|switch|p1a: Grafaiai|Grafaiai, F|100\/100\n|switch|p2a: Glicky|Gliscor, M|100\/100\n|turn|1\n|\n|t:|1699727800\n|move|p1a: Grafaiai|Knock Off|p2a: Glicky\n|-damage|p2a: Glicky|86\/100\n|-enditem|p2a: Glicky|Toxic Orb|[from] move: Knock Off|[of] p1a: Grafaiai\n|move|p2a: Glicky|Knock Off|p1a: Grafaiai\n|-damage|p1a: Grafaiai|67\/100\n|-enditem|p1a: Grafaiai|Leftovers|[from] move: Knock Off|[of] p2a: Glicky\n|\n|upkeep\n|turn|2\n|\n|t:|1699727809\n|move|p1a: Grafaiai|Parting Shot|p2a: Glicky\n|-unboost|p2a: Glicky|atk|1\n|-unboost|p2a: Glicky|spa|1\n|\n|t:|1699727815\n|switch|p1a: Gliscor|Gliscor, M|100\/100|[from] Parting Shot\n|move|p2a: Glicky|Toxic|p1a: Gliscor\n|-status|p1a: Gliscor|tox\n|\n|upkeep\n|turn|3\n|\n|t:|1699727831\n|switch|p2a: Idontlikethisone|Ogerpon-Wellspring, F|100\/100\n|move|p1a: Gliscor|Stealth Rock|p2a: Idontlikethisone\n|-sidestart|p2: ViceEater|move: Stealth Rock\n|\n|upkeep\n|turn|4\n|\n|t:|1699727839\n|switch|p1a: Grafaiai|Grafaiai, F|67\/100\n|move|p2a: Idontlikethisone|Ivy Cudgel|p1a: Grafaiai\n|-damage|p1a: Grafaiai|0 fnt\n|faint|p1a: Grafaiai\n|\n|upkeep\n|\n|t:|1699727856\n|switch|p1a: Fezandipiti|Fezandipiti, M|100\/100\n|-item|p1a: Fezandipiti|Air Balloon\n|turn|5\n|\n|t:|1699727869\n|-terastallize|p2a: Idontlikethisone|Water\n|detailschange|p2a: Idontlikethisone|Ogerpon-Wellspring-Tera, F, tera:Water\n|-ability|p2a: Idontlikethisone|Embody Aspect (Wellspring)|boost\n|-boost|p2a: Idontlikethisone|spd|1\n|move|p2a: Idontlikethisone|Swords Dance|p2a: Idontlikethisone\n|-boost|p2a: Idontlikethisone|atk|2\n|move|p1a: Fezandipiti|Play Rough|p2a: Idontlikethisone\n|-damage|p2a: Idontlikethisone|62\/100\n|\n|upkeep\n|turn|6\n|\n|t:|1699727880\n|move|p2a: Idontlikethisone|Ivy Cudgel|p1a: Fezandipiti\n|-damage|p1a: Fezandipiti|0 fnt\n|-enditem|p1a: Fezandipiti|Air Balloon\n|faint|p1a: Fezandipiti\n|\n|upkeep\n|\n|t:|1699727887\n|switch|p1a: Maushold|Maushold|100\/100\n|turn|7\n|\n|t:|1699727892\n|move|p1a: Maushold|Population Bomb|p2a: Idontlikethisone\n|-damage|p2a: Idontlikethisone|48\/100\n|-damage|p2a: Idontlikethisone|35\/100\n|-damage|p2a: Idontlikethisone|21\/100\n|-damage|p2a: Idontlikethisone|6\/100\n|-damage|p2a: Idontlikethisone|0 fnt\n|faint|p2a: Idontlikethisone\n|-hitcount|p2: Idontlikethisone|5\n|\n|upkeep\n|\n|t:|1699727903\n|switch|p2a: DRAGON QUEEN|Dragapult, F|100\/100\n|-damage|p2a: DRAGON QUEEN|88\/100|[from] Stealth Rock\n|turn|8\n|\n|t:|1699727918\n|move|p2a: DRAGON QUEEN|Draco Meteor|p1a: Maushold\n|-damage|p1a: Maushold|0 fnt\n|-unboost|p2a: DRAGON QUEEN|spa|2\n|faint|p1a: Maushold\n|\n|upkeep\n|\n|t:|1699727941\n|switch|p1a: Dragapult|Dragapult, M|100\/100\n|turn|9\n|\n|t:|1699727949\n|switch|p2a: BURD KNIGHT|Corviknight, F|100\/100\n|-damage|p2a: BURD KNIGHT|88\/100|[from] Stealth Rock\n|-ability|p2a: BURD KNIGHT|Pressure\n|move|p1a: Dragapult|Shadow Ball|p2a: BURD KNIGHT\n|-crit|p2a: BURD KNIGHT\n|-damage|p2a: BURD KNIGHT|16\/100\n|\n|upkeep\n|turn|10\n|\n|t:|1699727958\n|move|p1a: Dragapult|Shadow Ball|p2a: BURD KNIGHT\n|-damage|p2a: BURD KNIGHT|0 fnt\n|faint|p2a: BURD KNIGHT\n|\n|upkeep\n|\n|t:|1699727966\n|switch|p2a: Stitch's Revenge|Heatran, F, shiny|100\/100\n|-damage|p2a: Stitch's Revenge|88\/100|[from] Stealth Rock\n|-item|p2a: Stitch's Revenge|Air Balloon\n|turn|11\n|\n|t:|1699727971\n|switch|p1a: Gliscor|Gliscor, M|100\/100 tox\n|move|p2a: Stitch's Revenge|Magma Storm|p1a: Gliscor|[miss]\n|-miss|p2a: Stitch's Revenge|p1a: Gliscor\n|\n|upkeep\n|turn|12\n|\n|t:|1699727983\n|move|p1a: Gliscor|Facade|p2a: Stitch's Revenge\n|-resisted|p2a: Stitch's Revenge\n|-damage|p2a: Stitch's Revenge|75\/100\n|-enditem|p2a: Stitch's Revenge|Air Balloon\n|move|p2a: Stitch's Revenge|Taunt|p1a: Gliscor\n|-start|p1a: Gliscor|move: Taunt\n|\n|upkeep\n|turn|13\n|inactive|ViceEater has 120 seconds left.\n|\n|t:|1699728017\n|switch|p2a: Glicky|Gliscor, M|86\/100\n|-damage|p2a: Glicky|74\/100|[from] Stealth Rock\n|move|p1a: Gliscor|Earthquake|p2a: Glicky\n|-immune|p2a: Glicky\n|\n|upkeep\n|turn|14\n|\n|t:|1699728027\n|move|p1a: Gliscor|Earthquake|p2a: Glicky\n|-immune|p2a: Glicky\n|move|p2a: Glicky|Spikes|p1a: Gliscor\n|-sidestart|p1: punkmag|Spikes\n|\n|upkeep\n|turn|15\n|\n|t:|1699728033\n|move|p1a: Gliscor|Facade|p2a: Glicky\n|-damage|p2a: Glicky|55\/100\n|move|p2a: Glicky|Spikes|p1a: Gliscor\n|-sidestart|p1: punkmag|Spikes\n|\n|-end|p1a: Gliscor|move: Taunt\n|upkeep\n|turn|16\n|\n|t:|1699728048\n|switch|p1a: Dragapult|Dragapult, M|100\/100\n|-damage|p1a: Dragapult|84\/100|[from] Spikes\n|move|p2a: Glicky|Spikes|p1a: Dragapult\n|-sidestart|p1: punkmag|Spikes\n|\n|upkeep\n|turn|17\n|\n|t:|1699728056\n|move|p2a: Glicky|Protect|p2a: Glicky\n|-singleturn|p2a: Glicky|Protect\n|move|p1a: Dragapult|Shadow Ball|p2a: Glicky\n|-activate|p2a: Glicky|move: Protect\n|\n|upkeep\n|turn|18\n|\n|t:|1699728063\n|move|p1a: Dragapult|Shadow Ball|p2a: Glicky\n|-damage|p2a: Glicky|0 fnt\n|faint|p2a: Glicky\n|\n|upkeep\n|\n|t:|1699728069\n|switch|p2a: DRAGON QUEEN|Dragapult, F|88\/100\n|-damage|p2a: DRAGON QUEEN|76\/100|[from] Stealth Rock\n|turn|19\n|\n|t:|1699728078\n|switch|p1a: Gliscor|Gliscor, M|100\/100 tox\n|move|p2a: DRAGON QUEEN|Draco Meteor|p1a: Gliscor\n|-damage|p1a: Gliscor|0 fnt\n|-unboost|p2a: DRAGON QUEEN|spa|2\n|faint|p1a: Gliscor\n|\n|upkeep\n|\n|t:|1699728092\n|switch|p1a: Dragapult|Dragapult, M|84\/100\n|-damage|p1a: Dragapult|59\/100|[from] Spikes\n|turn|20\n|\n|t:|1699728097\n|switch|p2a: Stitch's Revenge|Heatran, F, shiny|75\/100\n|-damage|p2a: Stitch's Revenge|63\/100|[from] Stealth Rock\n|move|p1a: Dragapult|Shadow Ball|p2a: Stitch's Revenge\n|-damage|p2a: Stitch's Revenge|32\/100\n|\n|upkeep\n|turn|21\n|\n|t:|1699728108\n|move|p1a: Dragapult|Shadow Ball|p2a: Stitch's Revenge\n|-damage|p2a: Stitch's Revenge|2\/100\n|move|p2a: Stitch's Revenge|Magma Storm|p1a: Dragapult\n|-resisted|p1a: Dragapult\n|-damage|p1a: Dragapult|33\/100\n|-activate|p1a: Dragapult|move: Magma Storm|[of] p2a: Stitch's Revenge\n|\n|-damage|p1a: Dragapult|20\/100|[from] move: Magma Storm|[partiallytrapped]\n|upkeep\n|turn|22\n|\n|t:|1699728117\n|move|p1a: Dragapult|Shadow Ball|p2a: Stitch's Revenge\n|-damage|p2a: Stitch's Revenge|0 fnt\n|faint|p2a: Stitch's Revenge\n|\n|-end|p1a: Dragapult|Magma Storm|[partiallytrapped]|[silent]\n|upkeep\n|\n|t:|1699728122\n|switch|p2a: DRAGON QUEEN|Dragapult, F|76\/100\n|-damage|p2a: DRAGON QUEEN|64\/100|[from] Stealth Rock\n|turn|23\n|\n|t:|1699728129\n|move|p1a: Dragapult|Shadow Ball|p2a: DRAGON QUEEN\n|-supereffective|p2a: DRAGON QUEEN\n|-damage|p2a: DRAGON QUEEN|0 fnt\n|faint|p2a: DRAGON QUEEN\n|\n|upkeep\n|\n|t:|1699728131\n|switch|p2a: Clifford|Zamazenta|100\/100\n|-damage|p2a: Clifford|94\/100|[from] Stealth Rock\n|-ability|p2a: Clifford|Dauntless Shield|boost\n|-boost|p2a: Clifford|def|1\n|turn|24\n|\n|t:|1699728137\n|move|p1a: Dragapult|Shadow Ball|p2a: Clifford\n|-damage|p2a: Clifford|52\/100\n|move|p2a: Clifford|Heavy Slam|p1a: Dragapult\n|-damage|p1a: Dragapult|0 fnt\n|faint|p1a: Dragapult\n|\n|-heal|p2a: Clifford|58\/100|[from] item: Leftovers\n|upkeep\n|\n|t:|1699728145\n|switch|p1a: Hoopa|Hoopa-Unbound|100\/100\n|-damage|p1a: Hoopa|76\/100|[from] Spikes\n|turn|25\n|\n|t:|1699728169\n|move|p1a: Hoopa|Psychic|p2a: Clifford\n|-supereffective|p2a: Clifford\n|-damage|p2a: Clifford|0 fnt\n|faint|p2a: Clifford\n|\n|win|punkmag\n|raw|punkmag's rating: 1167 &rarr; <strong>1190<\/strong><br \/>(+23 for winning)\n|raw|ViceEater's rating: 1143 &rarr; <strong>1120<\/strong><br \/>(-23 for losing)\n","uploadtime":1699728177,"views":14,"p1id":"punkmag","p2id":"viceeater","formatid":"gen9ou","rating":1120,"private":0,"password":""}