{"id":"gen9ou-1993696314","p1":"Gatrekd","p2":"Moteeky","format":"[Gen 9] OU","log":"|j|\u2606Gatrekd\n|j|\u2606Moteeky\n|t:|1700346605\n|gametype|singles\n|player|p1|Gatrekd|marlon|1122\n|player|p2|Moteeky|flint|1071\n|teamsize|p1|6\n|teamsize|p2|6\n|gen|9\n|tier|[Gen 9] OU\n|rated|\n|rule|Sleep Clause Mod: Limit one foe put to sleep\n|rule|Species Clause: Limit one of each Pok\u00e9mon\n|rule|OHKO Clause: OHKO moves are banned\n|rule|Evasion Items Clause: Evasion items are banned\n|rule|Evasion Moves Clause: Evasion moves are banned\n|rule|Endless Battle Clause: Forcing endless battles is banned\n|rule|HP Percentage Mod: HP is shown in percentages\n|clearpoke\n|poke|p1|Ribombee, F|\n|poke|p1|Gholdengo|\n|poke|p1|Landorus-Therian, M|\n|poke|p1|Walking Wake|\n|poke|p1|Ogerpon-Cornerstone, F|\n|poke|p1|Skeledirge, M|\n|poke|p2|Corviknight, M|\n|poke|p2|Walking Wake|\n|poke|p2|Glimmora, F|\n|poke|p2|Dragapult, M|\n|poke|p2|Zamazenta-*|\n|poke|p2|Hatterene, F|\n|teampreview\n|inactive|Battle timer is ON: inactive players will automatically lose when time's up. (requested by Moteeky)\n|\n|t:|1700346628\n|start\n|switch|p1a: IDFK|Landorus-Therian, M|100\/100\n|switch|p2a: Zamazenta|Zamazenta|100\/100\n|-ability|p2a: Zamazenta|Dauntless Shield|boost\n|-boost|p2a: Zamazenta|def|1\n|-ability|p1a: IDFK|Intimidate|boost\n|-unboost|p2a: Zamazenta|atk|1\n|turn|1\n|\n|t:|1700346639\n|move|p2a: Zamazenta|Body Press|p1a: IDFK\n|-resisted|p1a: IDFK\n|-damage|p1a: IDFK|71\/100\n|move|p1a: IDFK|Swords Dance|p1a: IDFK\n|-boost|p1a: IDFK|atk|2\n|\n|upkeep\n|turn|2\n|\n|t:|1700346648\n|move|p2a: Zamazenta|Play Rough|p1a: IDFK\n|-damage|p1a: IDFK|46\/100\n|move|p1a: IDFK|Earthquake|p2a: Zamazenta\n|-damage|p2a: Zamazenta|38\/100\n|\n|upkeep\n|turn|3\n|\n|t:|1700346656\n|move|p2a: Zamazenta|Close Combat|p1a: IDFK\n|-resisted|p1a: IDFK\n|-damage|p1a: IDFK|23\/100\n|-unboost|p2a: Zamazenta|def|1\n|-unboost|p2a: Zamazenta|spd|1\n|move|p1a: IDFK|Earthquake|p2a: Zamazenta\n|-damage|p2a: Zamazenta|0 fnt\n|faint|p2a: Zamazenta\n|\n|upkeep\n|\n|t:|1700346665\n|switch|p2a: Walking Wake|Walking Wake|100\/100\n|turn|4\n|\n|t:|1700346676\n|move|p2a: Walking Wake|Scald|p1a: IDFK\n|-supereffective|p1a: IDFK\n|-damage|p1a: IDFK|0 fnt\n|faint|p1a: IDFK\n|\n|upkeep\n|\n|t:|1700346684\n|switch|p1a: Buzz Buzz|Ribombee, F|100\/100\n|turn|5\n|\n|t:|1700346691\n|-end|p2a: Walking Wake|Protosynthesis|[silent]\n|switch|p2a: Corviknight|Corviknight, M|100\/100\n|move|p1a: Buzz Buzz|Quiver Dance|p1a: Buzz Buzz\n|-boost|p1a: Buzz Buzz|spa|1\n|-boost|p1a: Buzz Buzz|spd|1\n|-boost|p1a: Buzz Buzz|spe|1\n|\n|upkeep\n|turn|6\n|\n|t:|1700346702\n|-terastallize|p2a: Corviknight|Steel\n|move|p1a: Buzz Buzz|Sticky Web|p2a: Corviknight\n|-sidestart|p2: Moteeky|move: Sticky Web\n|move|p2a: Corviknight|Iron Head|p1a: Buzz Buzz\n|-supereffective|p1a: Buzz Buzz\n|-enditem|p1a: Buzz Buzz|Focus Sash\n|-damage|p1a: Buzz Buzz|1\/100\n|\n|upkeep\n|turn|7\n|\n|t:|1700346720\n|move|p1a: Buzz Buzz|Bug Buzz|p2a: Corviknight\n|-resisted|p2a: Corviknight\n|-damage|p2a: Corviknight|72\/100\n|move|p2a: Corviknight|Defog|p1a: Buzz Buzz\n|-unboost|p1a: Buzz Buzz|evasion|1\n|-sideend|p2: Moteeky|Sticky Web|[from] move: Defog|[of] p2a: Corviknight\n|\n|upkeep\n|turn|8\n|\n|t:|1700346727\n|move|p1a: Buzz Buzz|Sticky Web|p2a: Corviknight\n|-sidestart|p2: Moteeky|move: Sticky Web\n|move|p2a: Corviknight|Roost|p2a: Corviknight\n|-heal|p2a: Corviknight|100\/100\n|\n|upkeep\n|turn|9\n|\n|t:|1700346733\n|move|p1a: Buzz Buzz|Moonblast|p2a: Corviknight\n|-resisted|p2a: Corviknight\n|-damage|p2a: Corviknight|71\/100\n|move|p2a: Corviknight|Defog|p1a: Buzz Buzz\n|-unboost|p1a: Buzz Buzz|evasion|1\n|-sideend|p2: Moteeky|Sticky Web|[from] move: Defog|[of] p2a: Corviknight\n|\n|upkeep\n|turn|10\n|\n|t:|1700346742\n|move|p1a: Buzz Buzz|Sticky Web|p2a: Corviknight\n|-sidestart|p2: Moteeky|move: Sticky Web\n|move|p2a: Corviknight|Iron Head|p1a: Buzz Buzz\n|-supereffective|p1a: Buzz Buzz\n|-damage|p1a: Buzz Buzz|0 fnt\n|faint|p1a: Buzz Buzz\n|\n|upkeep\n|\n|t:|1700346753\n|switch|p1a: Suicune?|Walking Wake|100\/100\n|turn|11\n|\n|t:|1700346763\n|move|p1a: Suicune?|Flamethrower|p2a: Corviknight\n|-supereffective|p2a: Corviknight\n|-damage|p2a: Corviknight|0 fnt\n|faint|p2a: Corviknight\n|\n|upkeep\n|\n|t:|1700346768\n|switch|p2a: Hatterene|Hatterene, F|100\/100\n|-activate|p2a: Hatterene|move: Sticky Web\n|-unboost|p2a: Hatterene|spe|1\n|turn|12\n|\n|t:|1700346775\n|-end|p1a: Suicune?|Protosynthesis|[silent]\n|switch|p1a: Kash Krabs|Gholdengo|100\/100\n|move|p2a: Hatterene|Calm Mind|p2a: Hatterene\n|-boost|p2a: Hatterene|spa|1\n|-boost|p2a: Hatterene|spd|1\n|\n|upkeep\n|turn|13\n|\n|t:|1700346783\n|move|p1a: Kash Krabs|Make It Rain|p2a: Hatterene\n|-supereffective|p2a: Hatterene\n|-damage|p2a: Hatterene|22\/100\n|-unboost|p1a: Kash Krabs|spa|1\n|-enditem|p2a: Hatterene|Aguav Berry|[eat]\n|-heal|p2a: Hatterene|55\/100|[from] item: Aguav Berry\n|-damage|p1a: Kash Krabs|91\/100|[from] item: Life Orb\n|move|p2a: Hatterene|Psychic|p1a: Kash Krabs\n|-resisted|p1a: Kash Krabs\n|-damage|p1a: Kash Krabs|54\/100\n|\n|upkeep\n|turn|14\n|\n|t:|1700346796\n|move|p1a: Kash Krabs|Make It Rain|p2a: Hatterene\n|-supereffective|p2a: Hatterene\n|-damage|p2a: Hatterene|0 fnt\n|-unboost|p1a: Kash Krabs|spa|1\n|faint|p2a: Hatterene\n|-damage|p1a: Kash Krabs|44\/100|[from] item: Life Orb\n|\n|upkeep\n|\n|t:|1700346805\n|switch|p2a: Walking Wake|Walking Wake|100\/100\n|-activate|p2a: Walking Wake|move: Sticky Web\n|-unboost|p2a: Walking Wake|spe|1\n|turn|15\n|l|\u2606Gatrekd\n|inactive|Gatrekd disconnected and has a minute to reconnect!\n|player|p1|\n|inactive|Gatrekd has 30 seconds to reconnect!\n|inactive|Gatrekd has 20 seconds to reconnect!\n|inactive|Gatrekd has 15 seconds to reconnect!\n|j|\u2606Gatrekd\n|inactive|Gatrekd reconnected and has 85 seconds left.\n|player|p1|Gatrekd|marlon\n|\n|t:|1700346880\n|move|p2a: Walking Wake|Hydro Pump|p1a: Kash Krabs|[miss]\n|-miss|p2a: Walking Wake|p1a: Kash Krabs\n|move|p1a: Kash Krabs|Shadow Ball|p2a: Walking Wake\n|-damage|p2a: Walking Wake|66\/100\n|-damage|p1a: Kash Krabs|34\/100|[from] item: Life Orb\n|\n|upkeep\n|turn|16\n|inactive|Moteeky has 120 seconds left.\n|\n|t:|1700346915\n|move|p2a: Walking Wake|Hydro Pump|p1a: Kash Krabs|[miss]\n|-miss|p2a: Walking Wake|p1a: Kash Krabs\n|move|p1a: Kash Krabs|Recover|p1a: Kash Krabs\n|-heal|p1a: Kash Krabs|85\/100\n|\n|upkeep\n|turn|17\n|-message|Moteeky forfeited.\n|\n|win|Gatrekd\n|raw|Gatrekd's rating: 1122 &rarr; <strong>1143<\/strong><br \/>(+21 for winning)\n|raw|Moteeky's rating: 1071 &rarr; <strong>1053<\/strong><br \/>(-18 for losing)\n|l|\u2606Moteeky\n","uploadtime":1700346926,"views":9,"p1id":"gatrekd","p2id":"moteeky","formatid":"gen9ou","rating":1053,"private":0,"password":""}