{"id":"gen9ou-1990509880","p1":"yummyVictorius","p2":"Roxss","format":"[Gen 9] OU","log":"|j|\u2606yummyVictorius\n|j|\u2606Roxss\n|t:|1699977350\n|gametype|singles\n|player|p1|yummyVictorius|266|1193\n|player|p2|Roxss|guitarist|1219\n|teamsize|p1|6\n|teamsize|p2|6\n|gen|9\n|tier|[Gen 9] OU\n|rated|\n|rule|Sleep Clause Mod: Limit one foe put to sleep\n|rule|Species Clause: Limit one of each Pok\u00e9mon\n|rule|OHKO Clause: OHKO moves are banned\n|rule|Evasion Items Clause: Evasion items are banned\n|rule|Evasion Moves Clause: Evasion moves are banned\n|rule|Endless Battle Clause: Forcing endless battles is banned\n|rule|HP Percentage Mod: HP is shown in percentages\n|clearpoke\n|poke|p1|Dragalge, M|\n|poke|p1|Landorus-Therian, M|\n|poke|p1|Azumarill, F|\n|poke|p1|Zamazenta-*|\n|poke|p1|Garganacl, F|\n|poke|p1|Drifblim, F|\n|poke|p2|Walking Wake|\n|poke|p2|Torkoal, F|\n|poke|p2|Great Tusk|\n|poke|p2|Hydreigon, F|\n|poke|p2|Skeledirge, M|\n|poke|p2|Glimmora, M|\n|teampreview\n|\n|t:|1699977362\n|start\n|switch|p1a: Landorus|Landorus-Therian, M|100\/100\n|switch|p2a: Boosted Hoop|Glimmora, M|100\/100\n|-ability|p1a: Landorus|Intimidate|boost\n|-unboost|p2a: Boosted Hoop|atk|1\n|turn|1\n|\n|t:|1699977369\n|move|p1a: Landorus|Stealth Rock|p2a: Boosted Hoop\n|-sidestart|p2: Roxss|move: Stealth Rock\n|move|p2a: Boosted Hoop|Stealth Rock|p1a: Landorus\n|-sidestart|p1: yummyVictorius|move: Stealth Rock\n|\n|upkeep\n|turn|2\n|\n|t:|1699977376\n|move|p1a: Landorus|Earthquake|p2a: Boosted Hoop\n|-supereffective|p2a: Boosted Hoop\n|-enditem|p2a: Boosted Hoop|Focus Sash\n|-damage|p2a: Boosted Hoop|1\/100\n|-activate|p2a: Boosted Hoop|ability: Toxic Debris\n|-sidestart|p1: yummyVictorius|move: Toxic Spikes\n|move|p2a: Boosted Hoop|Mortal Spin|p1a: Landorus\n|-resisted|p1a: Landorus\n|-damage|p1a: Landorus|99\/100\n|-status|p1a: Landorus|psn\n|-damage|p2a: Boosted Hoop|0 fnt|[from] item: Rocky Helmet|[of] p1a: Landorus\n|faint|p2a: Boosted Hoop\n|\n|-damage|p1a: Landorus|86\/100 psn|[from] psn\n|upkeep\n|\n|t:|1699977397\n|switch|p2a: Walking Wake|Walking Wake|100\/100\n|-damage|p2a: Walking Wake|88\/100|[from] Stealth Rock\n|turn|3\n|\n|t:|1699977405\n|move|p2a: Walking Wake|Hydro Steam|p1a: Landorus\n|-supereffective|p1a: Landorus\n|-damage|p1a: Landorus|0 fnt\n|faint|p1a: Landorus\n|\n|upkeep\n|\n|t:|1699977418\n|switch|p1a: Garganacl|Garganacl, F|100\/100\n|-damage|p1a: Garganacl|88\/100|[from] Stealth Rock\n|turn|4\n|\n|t:|1699977423\n|move|p2a: Walking Wake|Hydro Steam|p1a: Garganacl\n|-supereffective|p1a: Garganacl\n|-damage|p1a: Garganacl|24\/100\n|move|p1a: Garganacl|Salt Cure|p2a: Walking Wake\n|-damage|p2a: Walking Wake|74\/100\n|-start|p2a: Walking Wake|Salt Cure\n|\n|-damage|p2a: Walking Wake|49\/100|[from] Salt Cure\n|upkeep\n|turn|5\n|\n|t:|1699977432\n|move|p2a: Walking Wake|Hydro Steam|p1a: Garganacl\n|-supereffective|p1a: Garganacl\n|-damage|p1a: Garganacl|0 fnt\n|faint|p1a: Garganacl\n|\n|-damage|p2a: Walking Wake|24\/100|[from] Salt Cure\n|upkeep\n|\n|t:|1699977438\n|switch|p1a: Azumarill|Azumarill, F|100\/100\n|-damage|p1a: Azumarill|88\/100|[from] Stealth Rock\n|-status|p1a: Azumarill|psn\n|turn|6\n|\n|t:|1699977446\n|move|p1a: Azumarill|Aqua Jet|p2a: Walking Wake\n|-resisted|p2a: Walking Wake\n|-damage|p2a: Walking Wake|17\/100\n|move|p2a: Walking Wake|Dragon Pulse|p1a: Azumarill\n|-immune|p1a: Azumarill\n|\n|-damage|p1a: Azumarill|76\/100 psn|[from] psn\n|-damage|p2a: Walking Wake|0 fnt|[from] Salt Cure\n|faint|p2a: Walking Wake\n|-end|p2a: Walking Wake|Protosynthesis|[silent]\n|upkeep\n|\n|t:|1699977461\n|switch|p2a: Zazou|Hydreigon, F|100\/100\n|-damage|p2a: Zazou|88\/100|[from] Stealth Rock\n|turn|7\n|\n|t:|1699977470\n|-terastallize|p2a: Zazou|Electric\n|move|p2a: Zazou|Tera Blast|p1a: Azumarill|[anim] Tera Blast Electric\n|-supereffective|p1a: Azumarill\n|-damage|p1a: Azumarill|13\/100 psn\n|move|p1a: Azumarill|Play Rough|p2a: Zazou\n|-damage|p2a: Zazou|18\/100\n|\n|-damage|p1a: Azumarill|1\/100 psn|[from] psn\n|upkeep\n|turn|8\n|\n|t:|1699977480\n|move|p1a: Azumarill|Aqua Jet|p2a: Zazou\n|-damage|p2a: Zazou|0 fnt\n|faint|p2a: Zazou\n|\n|-damage|p1a: Azumarill|0 fnt|[from] psn\n|faint|p1a: Azumarill\n|upkeep\n|\n|t:|1699977488\n|switch|p2a: Sunny D light|Torkoal, F|100\/100\n|switch|p1a: Drifblim|Drifblim, F|100\/100\n|-damage|p2a: Sunny D light|75\/100|[from] Stealth Rock\n|-weather|SunnyDay|[from] ability: Drought|[of] p2a: Sunny D light\n|turn|9\n|inactive|Battle timer is ON: inactive players will automatically lose when time's up. (requested by Roxss)\n|\n|t:|1699977531\n|move|p1a: Drifblim|Defog|p2a: Sunny D light\n|-unboost|p2a: Sunny D light|evasion|1\n|-sideend|p2: Roxss|Stealth Rock|[from] move: Defog|[of] p1a: Drifblim\n|-sideend|p1: yummyVictorius|Toxic Spikes|[from] move: Defog|[of] p1a: Drifblim\n|-sideend|p1: yummyVictorius|Stealth Rock|[from] move: Defog|[of] p1a: Drifblim\n|move|p2a: Sunny D light|Lava Plume|p1a: Drifblim\n|-damage|p1a: Drifblim|62\/100\n|\n|-weather|SunnyDay|[upkeep]\n|upkeep\n|turn|10\n|\n|t:|1699977544\n|move|p1a: Drifblim|Strength Sap|p2a: Sunny D light\n|-unboost|p2a: Sunny D light|atk|1\n|-heal|p1a: Drifblim|95\/100\n|move|p2a: Sunny D light|Yawn|p1a: Drifblim\n|-start|p1a: Drifblim|move: Yawn|[of] p2a: Sunny D light\n|\n|-weather|SunnyDay|[upkeep]\n|upkeep\n|turn|11\n|\n|t:|1699977558\n|switch|p2a: Cococrock|Skeledirge, M|100\/100\n|move|p1a: Drifblim|Will-O-Wisp|p2a: Cococrock\n|-immune|p2a: Cococrock\n|\n|-weather|SunnyDay|[upkeep]\n|-end|p1a: Drifblim|move: Yawn|[silent]\n|-status|p1a: Drifblim|slp\n|upkeep\n|turn|12\n|\n|t:|1699977571\n|move|p2a: Cococrock|Torch Song|p1a: Drifblim\n|-damage|p1a: Drifblim|23\/100 slp\n|-boost|p2a: Cococrock|spa|1\n|-enditem|p2a: Cococrock|Throat Spray\n|-boost|p2a: Cococrock|spa|1|[from] item: Throat Spray\n|cant|p1a: Drifblim|slp\n|\n|-weather|SunnyDay|[upkeep]\n|upkeep\n|turn|13\n|\n|t:|1699977579\n|move|p2a: Cococrock|Torch Song|p1a: Drifblim\n|-damage|p1a: Drifblim|0 fnt\n|-boost|p2a: Cococrock|spa|1\n|faint|p1a: Drifblim\n|\n|-weather|SunnyDay|[upkeep]\n|upkeep\n|\n|t:|1699977592\n|switch|p1a: Zamazenta|Zamazenta|100\/100\n|-ability|p1a: Zamazenta|Dauntless Shield|boost\n|-boost|p1a: Zamazenta|def|1\n|turn|14\n|\n|t:|1699977601\n|switch|p1a: Dragalge|Dragalge, M|100\/100\n|move|p2a: Cococrock|Torch Song|p1a: Dragalge\n|-resisted|p1a: Dragalge\n|-damage|p1a: Dragalge|22\/100\n|-boost|p2a: Cococrock|spa|1\n|\n|-weather|SunnyDay|[upkeep]\n|upkeep\n|turn|15\n|\n|t:|1699977608\n|move|p2a: Cococrock|Torch Song|p1a: Dragalge\n|-resisted|p1a: Dragalge\n|-damage|p1a: Dragalge|0 fnt\n|-boost|p2a: Cococrock|spa|1\n|faint|p1a: Dragalge\n|\n|-weather|SunnyDay|[upkeep]\n|upkeep\n|\n|t:|1699977610\n|switch|p1a: Zamazenta|Zamazenta|100\/100\n|turn|16\n|\n|t:|1699977616\n|move|p1a: Zamazenta|Substitute|p1a: Zamazenta\n|-start|p1a: Zamazenta|Substitute\n|-damage|p1a: Zamazenta|76\/100\n|move|p2a: Cococrock|Torch Song|p1a: Zamazenta\n|-damage|p1a: Zamazenta|0 fnt\n|-boost|p2a: Cococrock|spa|1\n|faint|p1a: Zamazenta\n|\n|win|Roxss\n|raw|yummyVictorius's rating: 1193 &rarr; <strong>1170<\/strong><br \/>(-23 for losing)\n|raw|Roxss's rating: 1219 &rarr; <strong>1242<\/strong><br \/>(+23 for winning)\n|l|\u2606yummyVictorius\n","uploadtime":1699977683,"views":6,"p1id":"yummyvictorius","p2id":"roxss","formatid":"gen9ou","rating":1170,"private":0,"password":""}