{"id":"gen9ou-1989388939","p1":"ilovegremmy","p2":"Mrchistoso","format":"[Gen 9] OU","log":"|j|\u2606ilovegremmy\n|j|\u2606Mrchistoso\n|t:|1699844010\n|gametype|singles\n|player|p1|ilovegremmy|2|1045\n|player|p2|Mrchistoso|hugh|1128\n|teamsize|p1|6\n|teamsize|p2|6\n|gen|9\n|tier|[Gen 9] OU\n|rated|\n|rule|Sleep Clause Mod: Limit one foe put to sleep\n|rule|Species Clause: Limit one of each Pok\u00e9mon\n|rule|OHKO Clause: OHKO moves are banned\n|rule|Evasion Items Clause: Evasion items are banned\n|rule|Evasion Moves Clause: Evasion moves are banned\n|rule|Endless Battle Clause: Forcing endless battles is banned\n|rule|HP Percentage Mod: HP is shown in percentages\n|clearpoke\n|poke|p1|Alomomola, F|\n|poke|p1|Slowking-Galar, F|\n|poke|p1|Kingambit, F|\n|poke|p1|Great Tusk|\n|poke|p1|Cinderace, F|\n|poke|p1|Thundurus-Therian, M|\n|poke|p2|Landorus-Therian, M|\n|poke|p2|Dragapult, F|\n|poke|p2|Walking Wake|\n|poke|p2|Garchomp, F|\n|poke|p2|Gyarados, F|\n|poke|p2|Krookodile, F|\n|teampreview\n|inactive|Battle timer is ON: inactive players will automatically lose when time's up. (requested by Mrchistoso)\n|\n|t:|1699844031\n|start\n|switch|p1a: Cinderace|Cinderace, F, shiny|100\/100\n|switch|p2a: Krookodile|Krookodile, F|100\/100\n|-ability|p2a: Krookodile|Intimidate|boost\n|-unboost|p1a: Cinderace|atk|1\n|turn|1\n|\n|t:|1699844041\n|move|p1a: Cinderace|Will-O-Wisp|p2a: Krookodile\n|-status|p2a: Krookodile|brn\n|move|p2a: Krookodile|Earthquake|p1a: Cinderace\n|-supereffective|p1a: Cinderace\n|-damage|p1a: Cinderace|0 fnt\n|faint|p1a: Cinderace\n|\n|-damage|p2a: Krookodile|94\/100 brn|[from] brn\n|upkeep\n|\n|t:|1699844051\n|switch|p1a: Great Tusk|Great Tusk|100\/100\n|turn|2\n|\n|t:|1699844056\n|switch|p2a: Gyarados|Gyarados, F|100\/100\n|move|p1a: Great Tusk|Stealth Rock|p2a: Gyarados\n|-sidestart|p2: Mrchistoso|move: Stealth Rock\n|\n|upkeep\n|turn|3\n|\n|t:|1699844067\n|-end|p1a: Great Tusk|Protosynthesis|[silent]\n|switch|p1a: Alomomola|Alomomola, F, shiny|100\/100\n|move|p2a: Gyarados|Dragon Dance|p2a: Gyarados\n|-boost|p2a: Gyarados|atk|1\n|-boost|p2a: Gyarados|spe|1\n|\n|upkeep\n|turn|4\n|\n|t:|1699844075\n|move|p2a: Gyarados|Taunt|p1a: Alomomola\n|-start|p1a: Alomomola|move: Taunt\n|move|p1a: Alomomola|Scald|p2a: Gyarados\n|-resisted|p2a: Gyarados\n|-damage|p2a: Gyarados|94\/100\n|\n|upkeep\n|turn|5\n|\n|t:|1699844089\n|move|p2a: Gyarados|Outrage|p1a: Alomomola\n|-damage|p1a: Alomomola|66\/100\n|-enditem|p1a: Alomomola|Red Card|[of] p2a: Gyarados\n|drag|p2a: Landorus|Landorus-Therian, M|100\/100\n|-damage|p2a: Landorus|88\/100|[from] Stealth Rock\n|-ability|p2a: Landorus|Intimidate|boost\n|-unboost|p1a: Alomomola|atk|1\n|move|p1a: Alomomola|Flip Turn|p2a: Landorus\n|-supereffective|p2a: Landorus\n|-damage|p2a: Landorus|64\/100\n|\n|t:|1699844101\n|switch|p1a: Great Tusk|Great Tusk|100\/100|[from] Flip Turn\n|\n|-heal|p2a: Landorus|70\/100|[from] item: Leftovers\n|upkeep\n|turn|6\n|\n|t:|1699844108\n|move|p2a: Landorus|Substitute|p2a: Landorus\n|-start|p2a: Landorus|Substitute\n|-damage|p2a: Landorus|45\/100\n|move|p1a: Great Tusk|Ice Spinner|p2a: Landorus\n|-supereffective|p2a: Landorus\n|-end|p2a: Landorus|Substitute\n|\n|-heal|p2a: Landorus|51\/100|[from] item: Leftovers\n|upkeep\n|turn|7\n|\n|t:|1699844118\n|switch|p2a: Krookodile|Krookodile, F|94\/100 brn\n|-damage|p2a: Krookodile|88\/100 brn|[from] Stealth Rock\n|-ability|p2a: Krookodile|Intimidate|boost\n|-unboost|p1a: Great Tusk|atk|1\n|move|p1a: Great Tusk|Rapid Spin|p2a: Krookodile\n|-damage|p2a: Krookodile|74\/100 brn\n|-boost|p1a: Great Tusk|spe|1\n|\n|-damage|p2a: Krookodile|68\/100 brn|[from] brn\n|upkeep\n|turn|8\n|\n|t:|1699844135\n|move|p1a: Great Tusk|Ice Spinner|p2a: Krookodile\n|-supereffective|p2a: Krookodile\n|-damage|p2a: Krookodile|24\/100 brn\n|move|p2a: Krookodile|Knock Off|p1a: Great Tusk\n|-resisted|p1a: Great Tusk\n|-damage|p1a: Great Tusk|89\/100\n|-damage|p2a: Krookodile|7\/100 brn|[from] item: Rocky Helmet|[of] p1a: Great Tusk\n|-enditem|p1a: Great Tusk|Rocky Helmet|[from] move: Knock Off|[of] p2a: Krookodile\n|\n|-damage|p2a: Krookodile|1\/100 brn|[from] brn\n|upkeep\n|turn|9\n|\n|t:|1699844151\n|-end|p1a: Great Tusk|Protosynthesis|[silent]\n|switch|p1a: Alomomola|Alomomola, F, shiny|99\/100\n|move|p2a: Krookodile|Knock Off|p1a: Alomomola\n|-damage|p1a: Alomomola|86\/100\n|\n|-damage|p2a: Krookodile|0 fnt|[from] brn\n|faint|p2a: Krookodile\n|upkeep\n|\n|t:|1699844171\n|switch|p2a: Walking Wake|Walking Wake|100\/100\n|-damage|p2a: Walking Wake|88\/100|[from] Stealth Rock\n|turn|10\n|\n|t:|1699844178\n|move|p2a: Walking Wake|Substitute|p2a: Walking Wake\n|-start|p2a: Walking Wake|Substitute\n|-damage|p2a: Walking Wake|63\/100\n|move|p1a: Alomomola|Wish|p1a: Alomomola\n|\n|-heal|p2a: Walking Wake|70\/100|[from] item: Leftovers\n|upkeep\n|turn|11\n|\n|t:|1699844185\n|move|p1a: Alomomola|Flip Turn|p2a: Walking Wake\n|-resisted|p2a: Walking Wake\n|-activate|p2a: Walking Wake|move: Substitute|[damage]\n|\n|t:|1699844190\n|switch|p1a: Slowking|Slowking-Galar, F, shiny|100\/100|[from] Flip Turn\n|move|p2a: Walking Wake|Roar|p1a: Slowking\n|drag|p1a: Thundurus|Thundurus-Therian, M, shiny|100\/100\n|\n|-heal|p2a: Walking Wake|76\/100|[from] item: Leftovers\n|upkeep\n|turn|12\n|\n|t:|1699844202\n|move|p2a: Walking Wake|Dragon Pulse|p1a: Thundurus\n|-damage|p1a: Thundurus|42\/100\n|move|p1a: Thundurus|Volt Switch|p2a: Walking Wake\n|-end|p2a: Walking Wake|Substitute\n|inactive|ilovegremmy has 120 seconds left.\n|\n|t:|1699844228\n|switch|p1a: Great Tusk|Great Tusk|89\/100|[from] Volt Switch\n|\n|-heal|p2a: Walking Wake|82\/100|[from] item: Leftovers\n|upkeep\n|turn|13\n|inactive|ilovegremmy has 120 seconds left.\n|\n|t:|1699844246\n|-terastallize|p1a: Great Tusk|Dragon\n|move|p2a: Walking Wake|Hydro Steam|p1a: Great Tusk\n|-resisted|p1a: Great Tusk\n|-damage|p1a: Great Tusk|56\/100\n|move|p1a: Great Tusk|Headlong Rush|p2a: Walking Wake\n|-damage|p2a: Walking Wake|19\/100\n|-unboost|p1a: Great Tusk|def|1\n|-unboost|p1a: Great Tusk|spd|1\n|\n|-heal|p2a: Walking Wake|25\/100|[from] item: Leftovers\n|upkeep\n|turn|14\n|inactive|ilovegremmy has 120 seconds left.\n|inactive|Mrchistoso has 120 seconds left.\n|\n|t:|1699844279\n|-end|p1a: Great Tusk|Protosynthesis|[silent]\n|switch|p1a: Alomomola|Alomomola, F, shiny|100\/100\n|move|p2a: Walking Wake|Dragon Pulse|p1a: Alomomola\n|-damage|p1a: Alomomola|59\/100\n|\n|-heal|p2a: Walking Wake|31\/100|[from] item: Leftovers\n|upkeep\n|turn|15\n|\n|t:|1699844292\n|move|p2a: Walking Wake|Dragon Pulse|p1a: Alomomola\n|-damage|p1a: Alomomola|19\/100\n|move|p1a: Alomomola|Flip Turn|p2a: Walking Wake\n|-resisted|p2a: Walking Wake\n|-damage|p2a: Walking Wake|27\/100\n|\n|t:|1699844300\n|switch|p1a: Great Tusk|Great Tusk, tera:Dragon|56\/100|[from] Flip Turn\n|\n|-heal|p2a: Walking Wake|33\/100|[from] item: Leftovers\n|upkeep\n|turn|16\n|\n|t:|1699844319\n|-end|p1a: Great Tusk|Protosynthesis|[silent]\n|switch|p1a: Slowking|Slowking-Galar, F, shiny|100\/100\n|move|p2a: Walking Wake|Dragon Pulse|p1a: Slowking\n|-damage|p1a: Slowking|74\/100\n|\n|-heal|p2a: Walking Wake|39\/100|[from] item: Leftovers\n|upkeep\n|turn|17\n|\n|t:|1699844327\n|move|p2a: Walking Wake|Substitute|p2a: Walking Wake\n|-start|p2a: Walking Wake|Substitute\n|-damage|p2a: Walking Wake|15\/100\n|move|p1a: Slowking|Ice Beam|p2a: Walking Wake\n|-activate|p2a: Walking Wake|move: Substitute|[damage]\n|\n|-heal|p2a: Walking Wake|21\/100|[from] item: Leftovers\n|upkeep\n|turn|18\n|\n|t:|1699844335\n|move|p1a: Slowking|Ice Beam|p2a: Walking Wake\n|-end|p2a: Walking Wake|Substitute\n|move|p2a: Walking Wake|Roar|p1a: Slowking\n|drag|p1a: Alomomola|Alomomola, F, shiny|52\/100\n|\n|-heal|p2a: Walking Wake|27\/100|[from] item: Leftovers\n|upkeep\n|turn|19\n|inactive|ilovegremmy has 120 seconds left.\n|\n|t:|1699844343\n|move|p2a: Walking Wake|Substitute|p2a: Walking Wake\n|-start|p2a: Walking Wake|Substitute\n|-damage|p2a: Walking Wake|2\/100\n|move|p1a: Alomomola|Scald|p2a: Walking Wake\n|-resisted|p2a: Walking Wake\n|-crit|p2a: Walking Wake\n|-activate|p2a: Walking Wake|move: Substitute|[damage]\n|\n|-heal|p2a: Walking Wake|8\/100|[from] item: Leftovers\n|upkeep\n|turn|20\n|\n|t:|1699844352\n|move|p2a: Walking Wake|Dragon Pulse|p1a: Alomomola\n|-damage|p1a: Alomomola|16\/100\n|move|p1a: Alomomola|Flip Turn|p2a: Walking Wake\n|-resisted|p2a: Walking Wake\n|-activate|p2a: Walking Wake|move: Substitute|[damage]\n|\n|t:|1699844361\n|switch|p1a: Slowking|Slowking-Galar, F, shiny|100\/100|[from] Flip Turn\n|\n|-heal|p2a: Walking Wake|15\/100|[from] item: Leftovers\n|upkeep\n|turn|21\n|\n|t:|1699844368\n|move|p1a: Slowking|Ice Beam|p2a: Walking Wake\n|-end|p2a: Walking Wake|Substitute\n|move|p2a: Walking Wake|Roar|p1a: Slowking\n|drag|p1a: Alomomola|Alomomola, F, shiny|50\/100\n|\n|-heal|p2a: Walking Wake|21\/100|[from] item: Leftovers\n|upkeep\n|turn|22\n|\n|t:|1699844377\n|move|p2a: Walking Wake|Dragon Pulse|p1a: Alomomola\n|-damage|p1a: Alomomola|9\/100\n|move|p1a: Alomomola|Scald|p2a: Walking Wake\n|-resisted|p2a: Walking Wake\n|-damage|p2a: Walking Wake|17\/100\n|\n|-heal|p2a: Walking Wake|23\/100|[from] item: Leftovers\n|upkeep\n|turn|23\n|\n|t:|1699844387\n|switch|p1a: Slowking|Slowking-Galar, F, shiny|100\/100\n|move|p2a: Walking Wake|Dragon Pulse|p1a: Slowking\n|-damage|p1a: Slowking|74\/100\n|\n|-heal|p2a: Walking Wake|29\/100|[from] item: Leftovers\n|upkeep\n|turn|24\n|\n|t:|1699844395\n|move|p2a: Walking Wake|Substitute|p2a: Walking Wake\n|-start|p2a: Walking Wake|Substitute\n|-damage|p2a: Walking Wake|5\/100\n|move|p1a: Slowking|Ice Beam|p2a: Walking Wake\n|-end|p2a: Walking Wake|Substitute\n|\n|-heal|p2a: Walking Wake|11\/100|[from] item: Leftovers\n|upkeep\n|turn|25\n|\n|t:|1699844403\n|move|p2a: Walking Wake|Dragon Pulse|p1a: Slowking\n|-damage|p1a: Slowking|47\/100\n|move|p1a: Slowking|Ice Beam|p2a: Walking Wake\n|-damage|p2a: Walking Wake|0 fnt\n|faint|p2a: Walking Wake\n|-end|p2a: Walking Wake|Protosynthesis|[silent]\n|\n|upkeep\n|\n|t:|1699844416\n|switch|p2a: Garchomp|Garchomp, F|100\/100\n|-damage|p2a: Garchomp|94\/100|[from] Stealth Rock\n|turn|26\n|\n|t:|1699844422\n|switch|p1a: Thundurus|Thundurus-Therian, M, shiny|42\/100\n|-terastallize|p2a: Garchomp|Ghost\n|move|p2a: Garchomp|Stealth Rock|p1a: Thundurus\n|-sidestart|p1: ilovegremmy|move: Stealth Rock\n|\n|upkeep\n|turn|27\n|\n|t:|1699844444\n|switch|p2a: Landorus|Landorus-Therian, M|51\/100\n|-damage|p2a: Landorus|39\/100|[from] Stealth Rock\n|-ability|p2a: Landorus|Intimidate|boost\n|-unboost|p1a: Thundurus|atk|1\n|move|p1a: Thundurus|Volt Switch|p2a: Landorus\n|-immune|p2a: Landorus\n|\n|-heal|p2a: Landorus|45\/100|[from] item: Leftovers\n|upkeep\n|turn|28\n|\n|t:|1699844456\n|switch|p1a: Great Tusk|Great Tusk, tera:Dragon|56\/100\n|-damage|p1a: Great Tusk|43\/100|[from] Stealth Rock\n|move|p2a: Landorus|Substitute|p2a: Landorus\n|-start|p2a: Landorus|Substitute\n|-damage|p2a: Landorus|20\/100\n|\n|-heal|p2a: Landorus|26\/100|[from] item: Leftovers\n|upkeep\n|turn|29\n|\n|t:|1699844465\n|move|p2a: Landorus|Swords Dance|p2a: Landorus\n|-boost|p2a: Landorus|atk|2\n|move|p1a: Great Tusk|Rapid Spin|p2a: Landorus\n|-activate|p2a: Landorus|move: Substitute|[damage]\n|-sideend|p1: ilovegremmy|Stealth Rock|[from] move: Rapid Spin|[of] p1a: Great Tusk\n|-boost|p1a: Great Tusk|spe|1\n|\n|-heal|p2a: Landorus|32\/100|[from] item: Leftovers\n|upkeep\n|turn|30\n|\n|t:|1699844475\n|move|p1a: Great Tusk|Ice Spinner|p2a: Landorus\n|-supereffective|p2a: Landorus\n|-end|p2a: Landorus|Substitute\n|move|p2a: Landorus|Earthquake|p1a: Great Tusk\n|-damage|p1a: Great Tusk|0 fnt\n|faint|p1a: Great Tusk\n|-end|p1a: Great Tusk|Protosynthesis|[silent]\n|\n|-heal|p2a: Landorus|38\/100|[from] item: Leftovers\n|upkeep\n|\n|t:|1699844486\n|switch|p1a: Thundurus|Thundurus-Therian, M, shiny|42\/100\n|turn|31\n|\n|t:|1699844492\n|move|p1a: Thundurus|Tera Blast|p2a: Landorus\n|-crit|p2a: Landorus\n|-damage|p2a: Landorus|0 fnt\n|faint|p2a: Landorus\n|\n|upkeep\n|\n|t:|1699844497\n|switch|p2a: Garchomp|Garchomp, F, tera:Ghost|94\/100\n|-damage|p2a: Garchomp|82\/100|[from] Stealth Rock\n|turn|32\n|\n|t:|1699844503\n|switch|p1a: Slowking|Slowking-Galar, F, shiny|80\/100\n|move|p2a: Garchomp|Stealth Rock|p1a: Slowking\n|-sidestart|p1: ilovegremmy|move: Stealth Rock\n|\n|upkeep\n|turn|33\n|\n|t:|1699844510\n|move|p2a: Garchomp|Spikes|p1a: Slowking\n|-sidestart|p1: ilovegremmy|Spikes\n|move|p1a: Slowking|Ice Beam|p2a: Garchomp\n|-damage|p2a: Garchomp|61\/100\n|\n|upkeep\n|turn|34\n|\n|t:|1699844518\n|move|p2a: Garchomp|Spikes|p1a: Slowking\n|-sidestart|p1: ilovegremmy|Spikes\n|move|p1a: Slowking|Chilly Reception|p1a: Slowking\n|-weather|Snow\n|\n|t:|1699844525\n|switch|p1a: Thundurus|Thundurus-Therian, M, shiny|42\/100|[from] Chilly Reception\n|-damage|p1a: Thundurus|17\/100|[from] Stealth Rock\n|\n|-weather|Snow|[upkeep]\n|upkeep\n|turn|35\n|\n|t:|1699844537\n|move|p1a: Thundurus|Knock Off|p2a: Garchomp\n|-supereffective|p2a: Garchomp\n|-damage|p2a: Garchomp|25\/100\n|-damage|p1a: Thundurus|5\/100|[from] ability: Rough Skin|[of] p2a: Garchomp\n|-damage|p1a: Thundurus|0 fnt|[from] item: Rocky Helmet|[of] p2a: Garchomp\n|faint|p1a: Thundurus\n|move|p2a: Garchomp|Dragon Tail|p1: Thundurus|[notarget]\n|-fail|p2a: Garchomp\n|\n|-weather|Snow|[upkeep]\n|upkeep\n|\n|t:|1699844557\n|switch|p1a: Slowking|Slowking-Galar, F, shiny|100\/100\n|turn|36\n|\n|t:|1699844567\n|move|p2a: Garchomp|Earthquake|p1a: Slowking\n|-supereffective|p1a: Slowking\n|-damage|p1a: Slowking|4\/100\n|move|p1a: Slowking|Future Sight|p2a: Garchomp\n|-start|p1a: Slowking|move: Future Sight\n|\n|-weather|Snow|[upkeep]\n|upkeep\n|turn|37\n|\n|t:|1699844587\n|move|p2a: Garchomp|Earthquake|p1a: Slowking\n|-supereffective|p1a: Slowking\n|-damage|p1a: Slowking|0 fnt\n|faint|p1a: Slowking\n|\n|-weather|Snow|[upkeep]\n|upkeep\n|\n|t:|1699844594\n|switch|p1a: Kingambit|Kingambit, F|100\/100\n|-damage|p1a: Kingambit|94\/100|[from] Stealth Rock\n|-damage|p1a: Kingambit|78\/100|[from] Spikes\n|-activate|p1a: Kingambit|ability: Supreme Overlord\n|-start|p1a: Kingambit|fallen4|[silent]\n|turn|38\n|\n|t:|1699844601\n|move|p1a: Kingambit|Sucker Punch|p2a: Garchomp\n|-supereffective|p2a: Garchomp\n|-damage|p2a: Garchomp|0 fnt\n|-damage|p1a: Kingambit|65\/100|[from] ability: Rough Skin|[of] p2a: Garchomp\n|-damage|p1a: Kingambit|49\/100|[from] item: Rocky Helmet|[of] p2a: Garchomp\n|faint|p2a: Garchomp\n|\n|-weather|none\n|-hint|Future Sight did not hit because the target is fainted.\n|-heal|p1a: Kingambit|55\/100|[from] item: Leftovers\n|upkeep\n|\n|t:|1699844615\n|switch|p2a: Gyarados|Gyarados, F|94\/100\n|-damage|p2a: Gyarados|69\/100|[from] Stealth Rock\n|turn|39\n|\n|t:|1699844623\n|move|p2a: Gyarados|Waterfall|p1a: Kingambit\n|-damage|p1a: Kingambit|25\/100\n|cant|p1a: Kingambit|flinch\n|\n|-heal|p1a: Kingambit|31\/100|[from] item: Leftovers\n|upkeep\n|turn|40\n|\n|t:|1699844630\n|move|p1a: Kingambit|Sucker Punch|p2a: Gyarados\n|-crit|p2a: Gyarados\n|-damage|p2a: Gyarados|0 fnt\n|faint|p2a: Gyarados\n|\n|-heal|p1a: Kingambit|38\/100|[from] item: Leftovers\n|upkeep\n|\n|t:|1699844635\n|switch|p2a: Dragapult|Dragapult, F|100\/100\n|-damage|p2a: Dragapult|88\/100|[from] Stealth Rock\n|turn|41\n|\n|t:|1699844640\n|move|p1a: Kingambit|Sucker Punch||[still]\n|-fail|p1a: Kingambit\n|move|p2a: Dragapult|Substitute|p2a: Dragapult\n|-start|p2a: Dragapult|Substitute\n|-damage|p2a: Dragapult|63\/100\n|\n|-heal|p2a: Dragapult|69\/100|[from] item: Leftovers\n|-heal|p1a: Kingambit|44\/100|[from] item: Leftovers\n|upkeep\n|turn|42\n|\n|t:|1699844653\n|-end|p1a: Kingambit|fallen4|[silent]\n|switch|p1a: Alomomola|Alomomola, F, shiny|42\/100\n|-damage|p1a: Alomomola|30\/100|[from] Stealth Rock\n|-damage|p1a: Alomomola|13\/100|[from] Spikes\n|move|p2a: Dragapult|Dragon Darts|p1a: Alomomola\n|-damage|p1a: Alomomola|0 fnt\n|faint|p1a: Alomomola\n|\n|-heal|p2a: Dragapult|75\/100|[from] item: Leftovers\n|upkeep\n|\n|t:|1699844662\n|switch|p1a: Kingambit|Kingambit, F|44\/100\n|-damage|p1a: Kingambit|38\/100|[from] Stealth Rock\n|-damage|p1a: Kingambit|21\/100|[from] Spikes\n|-activate|p1a: Kingambit|ability: Supreme Overlord\n|-start|p1a: Kingambit|fallen5|[silent]\n|turn|43\n|\n|t:|1699844671\n|move|p1a: Kingambit|Sucker Punch|p2a: Dragapult\n|-supereffective|p2a: Dragapult\n|-end|p2a: Dragapult|Substitute\n|move|p2a: Dragapult|Dragon Darts|p1a: Kingambit\n|-resisted|p1a: Kingambit\n|-damage|p1a: Kingambit|11\/100\n|-anim|p2a: Dragapult|Dragon Darts|p1a: Kingambit\n|-resisted|p1a: Kingambit\n|-damage|p1a: Kingambit|1\/100\n|\n|-heal|p2a: Dragapult|81\/100|[from] item: Leftovers\n|-heal|p1a: Kingambit|7\/100|[from] item: Leftovers\n|upkeep\n|turn|44\n|\n|t:|1699844682\n|move|p2a: Dragapult|Substitute|p2a: Dragapult\n|-start|p2a: Dragapult|Substitute\n|-damage|p2a: Dragapult|56\/100\n|move|p1a: Kingambit|Kowtow Cleave|p2a: Dragapult\n|-supereffective|p2a: Dragapult\n|-end|p2a: Dragapult|Substitute\n|\n|-heal|p2a: Dragapult|62\/100|[from] item: Leftovers\n|-heal|p1a: Kingambit|13\/100|[from] item: Leftovers\n|upkeep\n|turn|45\n|\n|t:|1699844691\n|move|p1a: Kingambit|Sucker Punch|p2a: Dragapult\n|-supereffective|p2a: Dragapult\n|-damage|p2a: Dragapult|0 fnt\n|faint|p2a: Dragapult\n|\n|win|ilovegremmy\n|raw|ilovegremmy's rating: 1045 &rarr; <strong>1086<\/strong><br \/>(+41 for winning)\n|raw|Mrchistoso's rating: 1128 &rarr; <strong>1097<\/strong><br \/>(-31 for losing)\n|l|\u2606Mrchistoso\n","uploadtime":1699844703,"views":41,"p1id":"ilovegremmy","p2id":"mrchistoso","formatid":"gen9ou","rating":1086,"private":0,"password":""}