{"id":"gen9ou-1996926792","p1":"SweatyRon","p2":"jw0311","format":"[Gen 9] OU","log":"|j|\u2606SweatyRon\n|j|\u2606jw0311\n|t:|1700745788\n|gametype|singles\n|player|p1|SweatyRon|pokefan-gen4|1755\n|player|p2|jw0311|ghetsis-gen5bw|1813\n|teamsize|p1|6\n|teamsize|p2|6\n|gen|9\n|tier|[Gen 9] OU\n|rated|\n|rule|Sleep Clause Mod: Limit one foe put to sleep\n|rule|Species Clause: Limit one of each Pok\u00e9mon\n|rule|OHKO Clause: OHKO moves are banned\n|rule|Evasion Items Clause: Evasion items are banned\n|rule|Evasion Moves Clause: Evasion moves are banned\n|rule|Endless Battle Clause: Forcing endless battles is banned\n|rule|HP Percentage Mod: HP is shown in percentages\n|clearpoke\n|poke|p1|Dragapult, F|\n|poke|p1|Meowscarada, F|\n|poke|p1|Dondozo, F|\n|poke|p1|Heatran, M|\n|poke|p1|Zapdos|\n|poke|p1|Great Tusk|\n|poke|p2|Dragapult, F|\n|poke|p2|Toxapex, F|\n|poke|p2|Infernape, F|\n|poke|p2|Kingambit, M|\n|poke|p2|Great Tusk|\n|poke|p2|Dondozo, M|\n|teampreview\n|inactive|Battle timer is ON: inactive players will automatically lose when time's up. (requested by jw0311)\n|inactive|SweatyRon also wants the timer to be on.\n|\n|t:|1700745812\n|start\n|switch|p1a: Great Tusk|Great Tusk|100\/100\n|switch|p2a: Dragapult|Dragapult, F|100\/100\n|turn|1\n|\n|t:|1700745822\n|move|p2a: Dragapult|U-turn|p1a: Great Tusk\n|-resisted|p1a: Great Tusk\n|-damage|p1a: Great Tusk|87\/100\n|\n|t:|1700745824\n|switch|p2a: Great Tusk|Great Tusk|100\/100|[from] U-turn\n|move|p1a: Great Tusk|Knock Off|p2a: Great Tusk\n|-resisted|p2a: Great Tusk\n|-damage|p2a: Great Tusk|94\/100\n|-enditem|p2a: Great Tusk|Leftovers|[from] move: Knock Off|[of] p1a: Great Tusk\n|\n|upkeep\n|turn|2\n|j| ayayaphone\n|j| Large_Rodent\n|\n|t:|1700745834\n|-end|p1a: Great Tusk|Protosynthesis|[silent]\n|switch|p1a: Zapdos|Zapdos|100\/100\n|move|p2a: Great Tusk|Knock Off|p1a: Zapdos\n|-crit|p1a: Zapdos\n|-damage|p1a: Zapdos|61\/100\n|-damage|p2a: Great Tusk|77\/100|[from] item: Rocky Helmet|[of] p1a: Zapdos\n|-enditem|p1a: Zapdos|Rocky Helmet|[from] move: Knock Off|[of] p2a: Great Tusk\n|\n|upkeep\n|turn|3\n|j| adyu1\n|\n|t:|1700745839\n|-end|p2a: Great Tusk|Protosynthesis|[silent]\n|switch|p2a: Toxapex|Toxapex, F|100\/100\n|move|p1a: Zapdos|Roost|p1a: Zapdos\n|-heal|p1a: Zapdos|100\/100\n|-singleturn|p1a: Zapdos|move: Roost\n|\n|upkeep\n|turn|4\n|\n|t:|1700745843\n|move|p1a: Zapdos|Volt Switch|p2a: Toxapex\n|-supereffective|p2a: Toxapex\n|-damage|p2a: Toxapex|68\/100\n|\n|t:|1700745855\n|switch|p1a: Heatran|Heatran, M|100\/100|[from] Volt Switch\n|move|p2a: Toxapex|Infestation|p1a: Heatran\n|-resisted|p1a: Heatran\n|-damage|p1a: Heatran|99\/100\n|-activate|p1a: Heatran|move: Infestation|[of] p2a: Toxapex\n|\n|-heal|p1a: Heatran|100\/100|[from] item: Leftovers\n|-damage|p1a: Heatran|88\/100|[from] move: Infestation|[partiallytrapped]\n|upkeep\n|turn|5\n|\n|t:|1700745859\n|move|p1a: Heatran|Magma Storm|p2a: Toxapex\n|-resisted|p2a: Toxapex\n|-damage|p2a: Toxapex|56\/100\n|-activate|p2a: Toxapex|move: Magma Storm|[of] p1a: Heatran\n|move|p2a: Toxapex|Surf|p1a: Heatran\n|-supereffective|p1a: Heatran\n|-damage|p1a: Heatran|49\/100\n|\n|-heal|p1a: Heatran|55\/100|[from] item: Leftovers\n|-damage|p1a: Heatran|43\/100|[from] move: Infestation|[partiallytrapped]\n|-damage|p2a: Toxapex|44\/100|[from] move: Magma Storm|[partiallytrapped]\n|upkeep\n|turn|6\n|\n|t:|1700745869\n|-terastallize|p1a: Heatran|Grass\n|move|p1a: Heatran|Earth Power|p2a: Toxapex\n|-supereffective|p2a: Toxapex\n|-damage|p2a: Toxapex|16\/100\n|move|p2a: Toxapex|Surf|p1a: Heatran\n|-resisted|p1a: Heatran\n|-damage|p1a: Heatran|33\/100\n|\n|-heal|p1a: Heatran|39\/100|[from] item: Leftovers\n|-damage|p1a: Heatran|27\/100|[from] move: Infestation|[partiallytrapped]\n|-damage|p2a: Toxapex|3\/100|[from] move: Magma Storm|[partiallytrapped]\n|upkeep\n|turn|7\n|\n|t:|1700745873\n|move|p1a: Heatran|Earth Power|p2a: Toxapex\n|-supereffective|p2a: Toxapex\n|-damage|p2a: Toxapex|0 fnt\n|faint|p2a: Toxapex\n|\n|-heal|p1a: Heatran|33\/100|[from] item: Leftovers\n|-end|p1a: Heatran|Infestation|[partiallytrapped]|[silent]\n|upkeep\n|\n|t:|1700745878\n|switch|p2a: Infernape|Infernape, F|100\/100\n|turn|8\n|\n|t:|1700745885\n|switch|p1a: Zapdos|Zapdos|100\/100\n|move|p2a: Infernape|Mach Punch|p1a: Zapdos\n|-resisted|p1a: Zapdos\n|-damage|p1a: Zapdos|91\/100\n|-status|p2a: Infernape|par|[from] ability: Static|[of] p1a: Zapdos\n|\n|upkeep\n|turn|9\n|\n|t:|1700745893\n|move|p1a: Zapdos|Hurricane|p2a: Infernape\n|-supereffective|p2a: Infernape\n|-damage|p2a: Infernape|0 fnt\n|faint|p2a: Infernape\n|\n|upkeep\n|\n|t:|1700745895\n|switch|p2a: Dragapult|Dragapult, F|100\/100\n|turn|10\n|\n|t:|1700745910\n|-terastallize|p2a: Dragapult|Dragon\n|move|p2a: Dragapult|Dragon Darts|p1a: Zapdos\n|-damage|p1a: Zapdos|45\/100\n|-anim|p2a: Dragapult|Dragon Darts|p1a: Zapdos\n|-damage|p1a: Zapdos|0 fnt\n|faint|p1a: Zapdos\n|\n|upkeep\n|\n|t:|1700745925\n|switch|p1a: Meowscarada|Meowscarada, F|100\/100\n|turn|11\n|\n|t:|1700745927\n|move|p1a: Meowscarada|Play Rough|p2a: Dragapult\n|-start|p1a: Meowscarada|typechange|Fairy|[from] ability: Protean\n|-supereffective|p2a: Dragapult\n|-damage|p2a: Dragapult|0 fnt\n|faint|p2a: Dragapult\n|\n|upkeep\n|\n|t:|1700745931\n|switch|p2a: Kingambit|Kingambit, M|100\/100\n|-activate|p2a: Kingambit|ability: Supreme Overlord\n|-start|p2a: Kingambit|fallen3|[silent]\n|turn|12\n|\n|t:|1700745937\n|switch|p1a: Great Tusk|Great Tusk|87\/100\n|move|p2a: Kingambit|Swords Dance|p2a: Kingambit\n|-boost|p2a: Kingambit|atk|2\n|\n|upkeep\n|turn|13\n|\n|t:|1700745942\n|move|p1a: Great Tusk|Earthquake|p2a: Kingambit\n|-supereffective|p2a: Kingambit\n|-damage|p2a: Kingambit|41\/100\n|move|p2a: Kingambit|Iron Head|p1a: Great Tusk\n|-damage|p1a: Great Tusk|6\/100\n|\n|-heal|p2a: Kingambit|47\/100|[from] item: Leftovers\n|upkeep\n|turn|14\n|\n|t:|1700745946\n|-end|p1a: Great Tusk|Protosynthesis|[silent]\n|switch|p1a: Heatran|Heatran, M, tera:Grass|33\/100\n|move|p2a: Kingambit|Sucker Punch||[still]\n|-fail|p2a: Kingambit\n|\n|-heal|p1a: Heatran|39\/100|[from] item: Leftovers\n|-heal|p2a: Kingambit|53\/100|[from] item: Leftovers\n|upkeep\n|turn|15\n|\n|t:|1700745955\n|move|p1a: Heatran|Stealth Rock|p2a: Kingambit\n|-sidestart|p2: jw0311|move: Stealth Rock\n|move|p2a: Kingambit|Kowtow Cleave|p1a: Heatran\n|-damage|p1a: Heatran|0 fnt\n|faint|p1a: Heatran\n|\n|-heal|p2a: Kingambit|59\/100|[from] item: Leftovers\n|upkeep\n|\n|t:|1700745971\n|switch|p1a: Dondozo|Dondozo, F|100\/100\n|turn|16\n|\n|t:|1700745978\n|-end|p2a: Kingambit|fallen3|[silent]\n|switch|p2a: Great Tusk|Great Tusk|77\/100\n|-damage|p2a: Great Tusk|74\/100|[from] Stealth Rock\n|move|p1a: Dondozo|Curse|p1a: Dondozo\n|-unboost|p1a: Dondozo|spe|1\n|-boost|p1a: Dondozo|atk|1\n|-boost|p1a: Dondozo|def|1\n|\n|upkeep\n|turn|17\n|\n|t:|1700745984\n|move|p2a: Great Tusk|Rapid Spin|p1a: Dondozo\n|-damage|p1a: Dondozo|95\/100\n|-boost|p2a: Great Tusk|spe|1\n|-sideend|p2: jw0311|Stealth Rock|[from] move: Rapid Spin|[of] p2a: Great Tusk\n|move|p1a: Dondozo|Waterfall|p2a: Great Tusk\n|-supereffective|p2a: Great Tusk\n|-damage|p2a: Great Tusk|35\/100\n|\n|-heal|p1a: Dondozo|100\/100|[from] item: Leftovers\n|upkeep\n|turn|18\n|\n|t:|1700745988\n|move|p2a: Great Tusk|Knock Off|p1a: Dondozo\n|-crit|p1a: Dondozo\n|-damage|p1a: Dondozo|77\/100\n|-enditem|p1a: Dondozo|Leftovers|[from] move: Knock Off|[of] p2a: Great Tusk\n|move|p1a: Dondozo|Waterfall|p2a: Great Tusk\n|-supereffective|p2a: Great Tusk\n|-damage|p2a: Great Tusk|0 fnt\n|faint|p2a: Great Tusk\n|-end|p2a: Great Tusk|Protosynthesis|[silent]\n|\n|upkeep\n|\n|t:|1700745992\n|switch|p2a: Dondozo|Dondozo, M|100\/100\n|turn|19\n|j| dfghhhg\n|\n|t:|1700746003\n|switch|p1a: Great Tusk|Great Tusk|6\/100\n|move|p2a: Dondozo|Waterfall|p1a: Great Tusk\n|-supereffective|p1a: Great Tusk\n|-damage|p1a: Great Tusk|0 fnt\n|faint|p1a: Great Tusk\n|-end|p1a: Great Tusk|Protosynthesis|[silent]\n|\n|upkeep\n|\n|t:|1700746006\n|switch|p1a: Meowscarada|Meowscarada, F|100\/100\n|turn|20\n|\n|t:|1700746011\n|switch|p2a: Kingambit|Kingambit, M|59\/100\n|-activate|p2a: Kingambit|ability: Supreme Overlord\n|-start|p2a: Kingambit|fallen4|[silent]\n|move|p1a: Meowscarada|Flower Trick|p2a: Kingambit\n|-start|p1a: Meowscarada|typechange|Grass|[from] ability: Protean\n|-resisted|p2a: Kingambit\n|-crit|p2a: Kingambit\n|-damage|p2a: Kingambit|43\/100\n|\n|-heal|p2a: Kingambit|49\/100|[from] item: Leftovers\n|upkeep\n|turn|21\n|\n|t:|1700746017\n|switch|p1a: Dondozo|Dondozo, F|77\/100\n|move|p2a: Kingambit|Kowtow Cleave|p1a: Dondozo\n|-damage|p1a: Dondozo|41\/100\n|\n|-heal|p2a: Kingambit|55\/100|[from] item: Leftovers\n|upkeep\n|turn|22\n|\n|t:|1700746021\n|move|p2a: Kingambit|Kowtow Cleave|p1a: Dondozo\n|-damage|p1a: Dondozo|3\/100\n|move|p1a: Dondozo|Rest|p1a: Dondozo\n|-status|p1a: Dondozo|slp|[from] move: Rest\n|-heal|p1a: Dondozo|100\/100 slp|[silent]\n|\n|-heal|p2a: Kingambit|62\/100|[from] item: Leftovers\n|upkeep\n|turn|23\n|\n|t:|1700746026\n|move|p2a: Kingambit|Kowtow Cleave|p1a: Dondozo\n|-damage|p1a: Dondozo|67\/100 slp\n|cant|p1a: Dondozo|slp\n|move|p1a: Dondozo|Sleep Talk|p1a: Dondozo\n|move|p1a: Dondozo|Waterfall|p2a: Kingambit|[from]move: Sleep Talk\n|-damage|p2a: Kingambit|43\/100\n|\n|-heal|p2a: Kingambit|49\/100|[from] item: Leftovers\n|upkeep\n|turn|24\n|\n|t:|1700746039\n|move|p2a: Kingambit|Kowtow Cleave|p1a: Dondozo\n|-damage|p1a: Dondozo|32\/100 slp\n|cant|p1a: Dondozo|slp\n|move|p1a: Dondozo|Sleep Talk|p1a: Dondozo\n|move|p1a: Dondozo|Waterfall|p2a: Kingambit|[from]move: Sleep Talk\n|-damage|p2a: Kingambit|30\/100\n|\n|-heal|p2a: Kingambit|36\/100|[from] item: Leftovers\n|upkeep\n|turn|25\n|\n|t:|1700746059\n|switch|p1a: Meowscarada|Meowscarada, F|100\/100\n|move|p2a: Kingambit|Kowtow Cleave|p1a: Meowscarada\n|-resisted|p1a: Meowscarada\n|-damage|p1a: Meowscarada|47\/100\n|\n|-heal|p2a: Kingambit|43\/100|[from] item: Leftovers\n|upkeep\n|turn|26\n|\n|t:|1700746068\n|-end|p2a: Kingambit|fallen4|[silent]\n|switch|p2a: Dondozo|Dondozo, M|100\/100\n|move|p1a: Meowscarada|Play Rough|p2a: Dondozo\n|-start|p1a: Meowscarada|typechange|Fairy|[from] ability: Protean\n|-damage|p2a: Dondozo|83\/100\n|-damage|p1a: Meowscarada|31\/100|[from] item: Rocky Helmet|[of] p2a: Dondozo\n|\n|upkeep\n|turn|27\n|\n|t:|1700746072\n|switch|p1a: Dondozo|Dondozo, F|32\/100 slp\n|switch|p2a: Kingambit|Kingambit, M|43\/100\n|-activate|p2a: Kingambit|ability: Supreme Overlord\n|-start|p2a: Kingambit|fallen4|[silent]\n|\n|-heal|p2a: Kingambit|49\/100|[from] item: Leftovers\n|upkeep\n|turn|28\n|\n|t:|1700746077\n|switch|p1a: Meowscarada|Meowscarada, F|31\/100\n|move|p2a: Kingambit|Kowtow Cleave|p1a: Meowscarada\n|-resisted|p1a: Meowscarada\n|-damage|p1a: Meowscarada|0 fnt\n|faint|p1a: Meowscarada\n|\n|-heal|p2a: Kingambit|55\/100|[from] item: Leftovers\n|upkeep\n|\n|t:|1700746080\n|switch|p1a: Dragapult|Dragapult, F|100\/100\n|turn|29\n|\n|t:|1700746082\n|switch|p1a: Dondozo|Dondozo, F|32\/100 slp\n|move|p2a: Kingambit|Kowtow Cleave|p1a: Dondozo\n|-damage|p1a: Dondozo|0 fnt\n|faint|p1a: Dondozo\n|\n|-heal|p2a: Kingambit|61\/100|[from] item: Leftovers\n|upkeep\n|-message|SweatyRon forfeited.\n|\n|win|jw0311\n|raw|SweatyRon's rating: 1755 &rarr; <strong>1738<\/strong><br \/>(-17 for losing)\n|raw|jw0311's rating: 1813 &rarr; <strong>1830<\/strong><br \/>(+17 for winning)\n|l|\u2606SweatyRon\n|l| ayayaphone\n|l|\u2606jw0311\n","uploadtime":1700746798,"views":4,"p1id":"sweatyron","p2id":"jw0311","formatid":"gen9ou","rating":1738,"private":0,"password":""}