{"id":"gen9ou-1990067223","p1":"Archeis","p2":"Prof Balls","format":"[Gen 9] OU","log":"|j|\u2606Archeis\n|j|\u2606Prof Balls\n|t:|1699921002\n|gametype|singles\n|player|p1|Archeis|170|1172\n|player|p2|Prof Balls|brycenman|1070\n|teamsize|p1|6\n|teamsize|p2|6\n|gen|9\n|tier|[Gen 9] OU\n|rated|\n|rule|Sleep Clause Mod: Limit one foe put to sleep\n|rule|Species Clause: Limit one of each Pok\u00e9mon\n|rule|OHKO Clause: OHKO moves are banned\n|rule|Evasion Items Clause: Evasion items are banned\n|rule|Evasion Moves Clause: Evasion moves are banned\n|rule|Endless Battle Clause: Forcing endless battles is banned\n|rule|HP Percentage Mod: HP is shown in percentages\n|clearpoke\n|poke|p1|Skeledirge, M|\n|poke|p1|Alomomola, F|\n|poke|p1|Ting-Lu|\n|poke|p1|Zapdos|\n|poke|p1|Hoopa-Unbound|\n|poke|p1|Dragapult, F|\n|poke|p2|Ogerpon-Wellspring, F|\n|poke|p2|Dragapult, M|\n|poke|p2|Great Tusk|\n|poke|p2|Zapdos|\n|poke|p2|Gholdengo|\n|poke|p2|Heatran, F|\n|teampreview\n|\n|t:|1699921020\n|start\n|switch|p1a: Ting-Lu|Ting-Lu|100\/100\n|switch|p2a: Among Us|Zapdos, shiny|100\/100\n|-ability|p1a: Ting-Lu|Vessel of Ruin\n|turn|1\n|\n|t:|1699921030\n|move|p2a: Among Us|Volt Switch|p1a: Ting-Lu\n|-immune|p1a: Ting-Lu\n|move|p1a: Ting-Lu|Stealth Rock|p2a: Among Us\n|-sidestart|p2: Prof Balls|move: Stealth Rock\n|\n|upkeep\n|turn|2\n|\n|t:|1699921051\n|switch|p2a: Kai Cenat|Great Tusk|100\/100\n|-damage|p2a: Kai Cenat|98\/100|[from] Stealth Rock\n|-enditem|p2a: Kai Cenat|Booster Energy\n|-activate|p2a: Kai Cenat|ability: Protosynthesis|[fromitem]\n|-start|p2a: Kai Cenat|protosynthesisatk\n|move|p1a: Ting-Lu|Ruination|p2a: Kai Cenat|[miss]\n|-miss|p1a: Ting-Lu|p2a: Kai Cenat\n|\n|upkeep\n|turn|3\n|\n|t:|1699921059\n|move|p2a: Kai Cenat|Rapid Spin|p1a: Ting-Lu\n|-damage|p1a: Ting-Lu|87\/100\n|-boost|p2a: Kai Cenat|spe|1\n|-sideend|p2: Prof Balls|Stealth Rock|[from] move: Rapid Spin|[of] p2a: Kai Cenat\n|move|p1a: Ting-Lu|Whirlwind|p2a: Kai Cenat\n|-end|p2a: Kai Cenat|Protosynthesis|[silent]\n|drag|p2a: Fanum Tax|Dragapult, M, shiny|100\/100\n|\n|upkeep\n|turn|4\n|\n|t:|1699921069\n|move|p2a: Fanum Tax|U-turn|p1a: Ting-Lu\n|-supereffective|p1a: Ting-Lu\n|-damage|p1a: Ting-Lu|51\/100\n|\n|t:|1699921076\n|switch|p2a: Skibidy|Ogerpon-Wellspring, F|100\/100|[from] U-turn\n|move|p1a: Ting-Lu|Stealth Rock|p2a: Skibidy\n|-sidestart|p2: Prof Balls|move: Stealth Rock\n|\n|upkeep\n|turn|5\n|\n|t:|1699921086\n|move|p2a: Skibidy|Ivy Cudgel|p1a: Ting-Lu\n|-supereffective|p1a: Ting-Lu\n|-damage|p1a: Ting-Lu|0 fnt\n|faint|p1a: Ting-Lu\n|\n|upkeep\n|\n|t:|1699921093\n|switch|p1a: Zapdos|Zapdos|100\/100\n|turn|6\n|\n|t:|1699921106\n|switch|p2a: Mr Beast|Heatran, F|100\/100\n|-damage|p2a: Mr Beast|88\/100|[from] Stealth Rock\n|move|p1a: Zapdos|Hurricane|p2a: Mr Beast|[miss]\n|-miss|p1a: Zapdos|p2a: Mr Beast\n|\n|upkeep\n|turn|7\n|\n|t:|1699921118\n|switch|p1a: Alomomola|Alomomola, F|100\/100\n|move|p2a: Mr Beast|Magma Storm|p1a: Alomomola|[miss]\n|-miss|p2a: Mr Beast|p1a: Alomomola\n|\n|upkeep\n|turn|8\n|\n|t:|1699921130\n|switch|p2a: Among Us|Zapdos, shiny|100\/100\n|move|p1a: Alomomola|Scald|p2a: Among Us\n|-damage|p2a: Among Us|87\/100\n|\n|upkeep\n|turn|9\n|\n|t:|1699921147\n|move|p1a: Alomomola|Protect|p1a: Alomomola\n|-singleturn|p1a: Alomomola|Protect\n|move|p2a: Among Us|Hurricane|p1a: Alomomola\n|-activate|p1a: Alomomola|move: Protect\n|\n|upkeep\n|turn|10\n|\n|t:|1699921183\n|switch|p1a: Zapdos|Zapdos|100\/100\n|move|p2a: Among Us|Hurricane|p1a: Zapdos\n|-resisted|p1a: Zapdos\n|-damage|p1a: Zapdos|78\/100\n|-start|p1a: Zapdos|confusion\n|\n|upkeep\n|turn|11\n|\n|t:|1699921199\n|switch|p2a: Mr Beast|Heatran, F|88\/100\n|-damage|p2a: Mr Beast|76\/100|[from] Stealth Rock\n|-terastallize|p1a: Zapdos|Dragon\n|-activate|p1a: Zapdos|confusion\n|move|p1a: Zapdos|Thunder Wave|p2a: Mr Beast\n|-status|p2a: Mr Beast|par\n|\n|upkeep\n|turn|12\n|\n|t:|1699921222\n|-end|p1a: Zapdos|confusion\n|move|p1a: Zapdos|Hurricane|p2a: Mr Beast\n|-resisted|p2a: Mr Beast\n|-damage|p2a: Mr Beast|54\/100 par\n|cant|p2a: Mr Beast|par\n|\n|upkeep\n|turn|13\n|\n|t:|1699921245\n|move|p1a: Zapdos|Volt Switch|p2a: Mr Beast\n|-damage|p2a: Mr Beast|23\/100 par\n|\n|t:|1699921251\n|switch|p1a: Alomomola|Alomomola, F|100\/100|[from] Volt Switch\n|move|p2a: Mr Beast|Flash Cannon|p1a: Alomomola\n|-resisted|p1a: Alomomola\n|-damage|p1a: Alomomola|83\/100\n|\n|upkeep\n|turn|14\n|\n|t:|1699921302\n|switch|p2a: Among Us|Zapdos, shiny|87\/100\n|move|p1a: Alomomola|Scald|p2a: Among Us\n|-damage|p2a: Among Us|73\/100\n|\n|upkeep\n|turn|15\n|\n|t:|1699921326\n|switch|p1a: Zapdos|Zapdos, tera:Dragon|78\/100\n|move|p2a: Among Us|Hurricane|p1a: Zapdos\n|-damage|p1a: Zapdos|27\/100\n|\n|upkeep\n|turn|16\n|\n|t:|1699921349\n|move|p1a: Zapdos|Roost|p1a: Zapdos\n|-heal|p1a: Zapdos|77\/100\n|move|p2a: Among Us|Hurricane|p1a: Zapdos\n|-damage|p1a: Zapdos|28\/100\n|\n|upkeep\n|turn|17\n|\n|t:|1699921454\n|move|p1a: Zapdos|Roost|p1a: Zapdos\n|-heal|p1a: Zapdos|78\/100\n|move|p2a: Among Us|Hurricane|p1a: Zapdos|[miss]\n|-miss|p2a: Among Us|p1a: Zapdos\n|\n|upkeep\n|turn|18\n|\n|t:|1699921494\n|move|p1a: Zapdos|Volt Switch|p2a: Among Us\n|-damage|p2a: Among Us|46\/100\n|\n|t:|1699921508\n|switch|p1a: Hoopa|Hoopa-Unbound|100\/100|[from] Volt Switch\n|move|p2a: Among Us|Hurricane|p1a: Hoopa|[miss]\n|-miss|p2a: Among Us|p1a: Hoopa\n|\n|upkeep\n|turn|19\n|\n|t:|1699921521\n|switch|p2a: Kai Cenat|Great Tusk|98\/100\n|-damage|p2a: Kai Cenat|95\/100|[from] Stealth Rock\n|move|p1a: Hoopa|Nasty Plot|p1a: Hoopa\n|-boost|p1a: Hoopa|spa|2\n|\n|upkeep\n|turn|20\n|\n|t:|1699921528\n|move|p2a: Kai Cenat|Headlong Rush|p1a: Hoopa\n|-damage|p1a: Hoopa|30\/100\n|-unboost|p2a: Kai Cenat|def|1\n|-unboost|p2a: Kai Cenat|spd|1\n|move|p1a: Hoopa|Psychic|p2a: Kai Cenat\n|-supereffective|p2a: Kai Cenat\n|-damage|p2a: Kai Cenat|0 fnt\n|faint|p2a: Kai Cenat\n|-end|p2a: Kai Cenat|Protosynthesis|[silent]\n|\n|upkeep\n|\n|t:|1699921542\n|switch|p2a: The Tism|Gholdengo|100\/100\n|-damage|p2a: The Tism|94\/100|[from] Stealth Rock\n|turn|21\n|\n|t:|1699921554\n|move|p1a: Hoopa|Knock Off|p2a: The Tism\n|-supereffective|p2a: The Tism\n|-damage|p2a: The Tism|13\/100\n|-enditem|p2a: The Tism|Leftovers|[from] move: Knock Off|[of] p1a: Hoopa\n|move|p2a: The Tism|Shadow Ball|p1a: Hoopa\n|-damage|p1a: Hoopa|0 fnt\n|faint|p1a: Hoopa\n|\n|upkeep\n|\n|t:|1699921557\n|switch|p1a: Skeledirge|Skeledirge, M|100\/100\n|turn|22\n|\n|t:|1699921570\n|switch|p2a: Skibidy|Ogerpon-Wellspring, F|100\/100\n|-damage|p2a: Skibidy|88\/100|[from] Stealth Rock\n|switch|p1a: Alomomola|Alomomola, F|100\/100\n|\n|upkeep\n|turn|23\n|\n|t:|1699921583\n|switch|p1a: Zapdos|Zapdos, tera:Dragon|78\/100\n|move|p2a: Skibidy|Taunt|p1a: Zapdos\n|-start|p1a: Zapdos|move: Taunt\n|\n|upkeep\n|turn|24\n|\n|t:|1699921592\n|switch|p2a: Fanum Tax|Dragapult, M, shiny|100\/100\n|-damage|p2a: Fanum Tax|88\/100|[from] Stealth Rock\n|move|p1a: Zapdos|Hurricane|p2a: Fanum Tax\n|-damage|p2a: Fanum Tax|23\/100\n|\n|upkeep\n|turn|25\n|\n|t:|1699921632\n|move|p2a: Fanum Tax|Dragon Darts|p1a: Zapdos\n|-supereffective|p1a: Zapdos\n|-damage|p1a: Zapdos|15\/100\n|-anim|p2a: Fanum Tax|Dragon Darts|p1a: Zapdos\n|-supereffective|p1a: Zapdos\n|-damage|p1a: Zapdos|0 fnt\n|faint|p1a: Zapdos\n|\n|upkeep\n|\n|t:|1699921638\n|switch|p1a: Skeledirge|Skeledirge, M|100\/100\n|turn|26\n|\n|t:|1699921682\n|switch|p2a: Skibidy|Ogerpon-Wellspring, F|88\/100\n|-damage|p2a: Skibidy|76\/100|[from] Stealth Rock\n|move|p1a: Skeledirge|Hex|p2a: Skibidy\n|-damage|p2a: Skibidy|46\/100\n|\n|upkeep\n|turn|27\n|\n|t:|1699921723\n|-terastallize|p2a: Skibidy|Water\n|detailschange|p2a: Skibidy|Ogerpon-Wellspring-Tera, F, tera:Water\n|-ability|p2a: Skibidy|Embody Aspect (Wellspring)|boost\n|-boost|p2a: Skibidy|spd|1\n|move|p2a: Skibidy|Ivy Cudgel|p1a: Skeledirge\n|-supereffective|p1a: Skeledirge\n|-damage|p1a: Skeledirge|0 fnt\n|faint|p1a: Skeledirge\n|\n|upkeep\n|inactive|Battle timer is ON: inactive players will automatically lose when time's up. (requested by Prof Balls)\n|\n|t:|1699921787\n|switch|p1a: Dragapult|Dragapult, F|100\/100\n|turn|28\n|\n|t:|1699921815\n|move|p1a: Dragapult|U-turn|p2a: Skibidy\n|-damage|p2a: Skibidy|23\/100\n|\n|t:|1699921824\n|switch|p1a: Alomomola|Alomomola, F|100\/100|[from] U-turn\n|move|p2a: Skibidy|Horn Leech|p1a: Alomomola\n|-supereffective|p1a: Alomomola\n|-damage|p1a: Alomomola|46\/100\n|-heal|p2a: Skibidy|65\/100|[from] drain|[of] p1a: Alomomola\n|\n|upkeep\n|turn|29\n|-message|Archeis forfeited.\n|\n|win|Prof Balls\n|raw|Archeis's rating: 1172 &rarr; <strong>1140<\/strong><br \/>(-32 for losing)\n|raw|Prof Balls's rating: 1070 &rarr; <strong>1108<\/strong><br \/>(+38 for winning)\n|l|\u2606Archeis\n|c|\u2606Prof Balls|gg\n","uploadtime":1699921841,"views":18,"p1id":"archeis","p2id":"profballs","formatid":"gen9ou","rating":1108,"private":0,"password":""}