{"id":"gen9ou-1991246471","p1":"273_Kalstor","p2":"Zykill","format":"[Gen 9] OU","log":"|j|\u2606273_Kalstor\n|j|\u2606Zykill\n|t:|1700060921\n|gametype|singles\n|player|p1|273_Kalstor|acetrainerf-gen4dp|1026\n|player|p2|Zykill|veteran|1063\n|teamsize|p1|6\n|teamsize|p2|6\n|gen|9\n|tier|[Gen 9] OU\n|rated|\n|rule|Sleep Clause Mod: Limit one foe put to sleep\n|rule|Species Clause: Limit one of each Pok\u00e9mon\n|rule|OHKO Clause: OHKO moves are banned\n|rule|Evasion Items Clause: Evasion items are banned\n|rule|Evasion Moves Clause: Evasion moves are banned\n|rule|Endless Battle Clause: Forcing endless battles is banned\n|rule|HP Percentage Mod: HP is shown in percentages\n|clearpoke\n|poke|p1|Chandelure, M|\n|poke|p1|Torkoal, F|\n|poke|p1|Great Tusk|\n|poke|p1|Sneasler, F|\n|poke|p1|Zapdos|\n|poke|p1|Rillaboom, M|\n|poke|p2|Clodsire, M|\n|poke|p2|Kingambit, F|\n|poke|p2|Gholdengo|\n|poke|p2|Greninja-*, M|\n|poke|p2|Ceruledge, F|\n|poke|p2|Dragonite, F|\n|teampreview\n|inactive|Battle timer is ON: inactive players will automatically lose when time's up. (requested by Zykill)\n|c|\u2606Zykill|hello\n|\n|t:|1700060941\n|start\n|switch|p1a: Torkoal|Torkoal, F|100\/100\n|switch|p2a: Bean bag|Clodsire, M|100\/100\n|-weather|SunnyDay|[from] ability: Drought|[of] p1a: Torkoal\n|turn|1\n|\n|t:|1700060960\n|move|p2a: Bean bag|Stealth Rock|p1a: Torkoal\n|-sidestart|p1: 273_Kalstor|move: Stealth Rock\n|move|p1a: Torkoal|Yawn|p2a: Bean bag\n|-start|p2a: Bean bag|move: Yawn|[of] p1a: Torkoal\n|\n|-weather|SunnyDay|[upkeep]\n|upkeep\n|turn|2\n|\n|t:|1700060967\n|switch|p2a: Blue frog|Greninja, M|100\/100\n|move|p1a: Torkoal|Stealth Rock|p2a: Blue frog\n|-sidestart|p2: Zykill|move: Stealth Rock\n|\n|-weather|SunnyDay|[upkeep]\n|upkeep\n|turn|3\n|\n|t:|1700060975\n|move|p2a: Blue frog|Surf|p1a: Torkoal\n|-supereffective|p1a: Torkoal\n|-damage|p1a: Torkoal|46\/100\n|move|p1a: Torkoal|Solar Beam||[still]\n|-prepare|p1a: Torkoal|Solar Beam\n|-anim|p1a: Torkoal|Solar Beam|p2a: Blue frog\n|-supereffective|p2a: Blue frog\n|-damage|p2a: Blue frog|0 fnt\n|faint|p2a: Blue frog\n|\n|-weather|SunnyDay|[upkeep]\n|upkeep\n|\n|t:|1700060983\n|switch|p2a: Goldy|Gholdengo|100\/100\n|-damage|p2a: Goldy|94\/100|[from] Stealth Rock\n|-item|p2a: Goldy|Air Balloon\n|turn|4\n|\n|t:|1700060993\n|move|p2a: Goldy|Shadow Ball|p1a: Torkoal\n|-damage|p1a: Torkoal|0 fnt\n|faint|p1a: Torkoal\n|\n|-weather|SunnyDay|[upkeep]\n|upkeep\n|\n|t:|1700060996\n|switch|p1a: Great Tusk|Great Tusk|100\/100\n|-damage|p1a: Great Tusk|98\/100|[from] Stealth Rock\n|-activate|p1a: Great Tusk|ability: Protosynthesis\n|-start|p1a: Great Tusk|protosynthesisatk\n|turn|5\n|\n|t:|1700061011\n|switch|p2a: Bean bag|Clodsire, M|100\/100\n|-damage|p2a: Bean bag|94\/100|[from] Stealth Rock\n|move|p1a: Great Tusk|Headlong Rush|p2a: Bean bag\n|-supereffective|p2a: Bean bag\n|-damage|p2a: Bean bag|0 fnt\n|-unboost|p1a: Great Tusk|def|1\n|-unboost|p1a: Great Tusk|spd|1\n|-status|p1a: Great Tusk|psn|[from] ability: Poison Point|[of] p2a: Bean bag\n|faint|p2a: Bean bag\n|\n|-weather|SunnyDay|[upkeep]\n|-damage|p1a: Great Tusk|85\/100 psn|[from] psn\n|upkeep\n|\n|t:|1700061017\n|switch|p2a: Goldy|Gholdengo|94\/100\n|-damage|p2a: Goldy|88\/100|[from] Stealth Rock\n|-item|p2a: Goldy|Air Balloon\n|turn|6\n|\n|t:|1700061031\n|-end|p1a: Great Tusk|Protosynthesis|[silent]\n|switch|p1a: Rillaboom|Rillaboom, M|100\/100\n|-damage|p1a: Rillaboom|88\/100|[from] Stealth Rock\n|-fieldstart|move: Grassy Terrain|[from] ability: Grassy Surge|[of] p1a: Rillaboom\n|move|p2a: Goldy|Make It Rain|p1a: Rillaboom\n|-damage|p1a: Rillaboom|8\/100\n|-unboost|p2a: Goldy|spa|1\n|\n|-weather|SunnyDay|[upkeep]\n|-heal|p1a: Rillaboom|14\/100|[from] Grassy Terrain\n|upkeep\n|turn|7\n|\n|t:|1700061043\n|move|p1a: Rillaboom|Grassy Glide|p2a: Goldy\n|-resisted|p2a: Goldy\n|-damage|p2a: Goldy|62\/100\n|-enditem|p2a: Goldy|Air Balloon\n|move|p2a: Goldy|Shadow Ball|p1a: Rillaboom\n|-damage|p1a: Rillaboom|0 fnt\n|faint|p1a: Rillaboom\n|\n|-weather|SunnyDay|[upkeep]\n|-heal|p2a: Goldy|68\/100|[from] Grassy Terrain\n|upkeep\n|\n|t:|1700061050\n|switch|p1a: Sneasler|Sneasler, F|100\/100\n|-damage|p1a: Sneasler|95\/100|[from] Stealth Rock\n|turn|8\n|\n|t:|1700061058\n|move|p1a: Sneasler|Night Slash|p2a: Goldy\n|-supereffective|p2a: Goldy\n|-damage|p2a: Goldy|3\/100\n|move|p2a: Goldy|Make It Rain|p1a: Sneasler\n|-damage|p1a: Sneasler|41\/100\n|-unboost|p2a: Goldy|spa|1\n|\n|-weather|none\n|-heal|p1a: Sneasler|47\/100|[from] Grassy Terrain\n|-heal|p2a: Goldy|9\/100|[from] Grassy Terrain\n|upkeep\n|turn|9\n|\n|t:|1700061070\n|move|p1a: Sneasler|Night Slash|p2a: Goldy\n|-supereffective|p2a: Goldy\n|-crit|p2a: Goldy\n|-damage|p2a: Goldy|0 fnt\n|faint|p2a: Goldy\n|\n|-heal|p1a: Sneasler|53\/100|[from] Grassy Terrain\n|upkeep\n|\n|t:|1700061078\n|switch|p2a: Ceruledge|Ceruledge, F|100\/100\n|turn|10\n|\n|t:|1700061086\n|move|p1a: Sneasler|Night Slash|p2a: Ceruledge\n|-supereffective|p2a: Ceruledge\n|-damage|p2a: Ceruledge|38\/100\n|move|p2a: Ceruledge|Bitter Blade|p1a: Sneasler\n|-damage|p1a: Sneasler|0 fnt\n|-heal|p2a: Ceruledge|61\/100|[from] drain|[of] p1a: Sneasler\n|faint|p1a: Sneasler\n|\n|-heal|p2a: Ceruledge|67\/100|[from] Grassy Terrain\n|-fieldend|move: Grassy Terrain\n|upkeep\n|\n|t:|1700061092\n|switch|p1a: Chandelure|Chandelure, M|100\/100\n|-damage|p1a: Chandelure|76\/100|[from] Stealth Rock\n|turn|11\n|\n|t:|1700061099\n|move|p2a: Ceruledge|Shadow Sneak|p1a: Chandelure\n|-supereffective|p1a: Chandelure\n|-damage|p1a: Chandelure|31\/100\n|move|p1a: Chandelure|Shadow Ball|p2a: Ceruledge\n|-supereffective|p2a: Ceruledge\n|-damage|p2a: Ceruledge|0 fnt\n|faint|p2a: Ceruledge\n|\n|upkeep\n|\n|t:|1700061106\n|switch|p2a: Pacos|Dragonite, F|100\/100\n|turn|12\n|\n|t:|1700061113\n|-terastallize|p1a: Chandelure|Steel\n|move|p1a: Chandelure|Shadow Ball|p2a: Pacos\n|-damage|p2a: Pacos|67\/100\n|move|p2a: Pacos|Earthquake|p1a: Chandelure\n|-supereffective|p1a: Chandelure\n|-damage|p1a: Chandelure|0 fnt\n|faint|p1a: Chandelure\n|\n|upkeep\n|\n|t:|1700061119\n|switch|p1a: Zapdos|Zapdos|100\/100\n|-ability|p1a: Zapdos|Pressure\n|turn|13\n|c|\u2606Zykill|why did you tera\n|\n|t:|1700061130\n|-terastallize|p2a: Pacos|Normal\n|move|p2a: Pacos|Dragon Dance|p2a: Pacos\n|-boost|p2a: Pacos|atk|1\n|-boost|p2a: Pacos|spe|1\n|move|p1a: Zapdos|Discharge|p2a: Pacos\n|-damage|p2a: Pacos|16\/100\n|-status|p2a: Pacos|par\n|\n|upkeep\n|turn|14\n|\n|t:|1700061146\n|move|p2a: Pacos|Extreme Speed|p1a: Zapdos\n|-damage|p1a: Zapdos|34\/100\n|move|p1a: Zapdos|Air Cutter|p2a: Pacos\n|-damage|p2a: Pacos|0 fnt\n|faint|p2a: Pacos\n|\n|upkeep\n|\n|t:|1700061153\n|switch|p2a: Revenge|Kingambit, F, shiny|100\/100\n|-damage|p2a: Revenge|94\/100|[from] Stealth Rock\n|-activate|p2a: Revenge|ability: Supreme Overlord\n|-start|p2a: Revenge|fallen5|[silent]\n|turn|15\n|\n|t:|1700061159\n|move|p2a: Revenge|Sucker Punch|p1a: Zapdos\n|-damage|p1a: Zapdos|0 fnt\n|faint|p1a: Zapdos\n|\n|upkeep\n|\n|t:|1700061161\n|switch|p1a: Great Tusk|Great Tusk|85\/100 psn\n|-damage|p1a: Great Tusk|82\/100 psn|[from] Stealth Rock\n|turn|16\n|\n|t:|1700061171\n|move|p2a: Revenge|Sucker Punch|p1a: Great Tusk\n|-resisted|p1a: Great Tusk\n|-damage|p1a: Great Tusk|61\/100 psn\n|move|p1a: Great Tusk|Headlong Rush|p2a: Revenge\n|-supereffective|p2a: Revenge\n|-damage|p2a: Revenge|0 fnt\n|-unboost|p1a: Great Tusk|def|1\n|-unboost|p1a: Great Tusk|spd|1\n|faint|p2a: Revenge\n|-end|p2a: Revenge|fallen5|[silent]\n|\n|win|273_Kalstor\n|raw|273_Kalstor's rating: 1026 &rarr; <strong>1066<\/strong><br \/>(+40 for winning)\n|raw|Zykill's rating: 1063 &rarr; <strong>1041<\/strong><br \/>(-22 for losing)\n|c|\u2606Zykill|gg\n|l|\u2606Zykill\n|c|\u2606273_Kalstor|Gg\n","uploadtime":1700061188,"views":18,"p1id":"273kalstor","p2id":"zykill","formatid":"gen9ou","rating":1041,"private":0,"password":""}