{"id":"gen9ou-1993237429","p1":"AnnaRose96","p2":"CyberH3","format":"[Gen 9] OU","log":"|j|\u2606AnnaRose96\n|j|\u2606CyberH3\n|t:|1700282304\n|gametype|singles\n|player|p1|AnnaRose96|2|1354\n|player|p2|CyberH3|mars|1467\n|teamsize|p1|6\n|teamsize|p2|6\n|gen|9\n|tier|[Gen 9] OU\n|rated|\n|rule|Sleep Clause Mod: Limit one foe put to sleep\n|rule|Species Clause: Limit one of each Pok\u00e9mon\n|rule|OHKO Clause: OHKO moves are banned\n|rule|Evasion Items Clause: Evasion items are banned\n|rule|Evasion Moves Clause: Evasion moves are banned\n|rule|Endless Battle Clause: Forcing endless battles is banned\n|rule|HP Percentage Mod: HP is shown in percentages\n|clearpoke\n|poke|p1|Ninetales, M|\n|poke|p1|Ceruledge, M|\n|poke|p1|Iron Treads|\n|poke|p1|Zapdos|\n|poke|p1|Slowking, M|\n|poke|p1|Tornadus-Therian, M|\n|poke|p2|Goodra-Hisui, M|\n|poke|p2|Scizor, F|\n|poke|p2|Mimikyu, F|\n|poke|p2|Iron Valiant|\n|poke|p2|Talonflame, F|\n|poke|p2|Lokix, M|\n|teampreview\n|inactive|Battle timer is ON: inactive players will automatically lose when time's up. (requested by AnnaRose96)\n|\n|t:|1700282310\n|start\n|switch|p1a: Iron Treads|Iron Treads|100\/100\n|switch|p2a: The XO|Talonflame, F|100\/100\n|turn|1\n|\n|t:|1700282316\n|move|p2a: The XO|Taunt|p1a: Iron Treads\n|-start|p1a: Iron Treads|move: Taunt\n|cant|p1a: Iron Treads|move: Taunt|Stealth Rock\n|\n|upkeep\n|turn|2\n|\n|t:|1700282322\n|-end|p1a: Iron Treads|Quark Drive|[silent]\n|switch|p1a: Zapdos|Zapdos|100\/100\n|move|p2a: The XO|Will-O-Wisp|p1a: Zapdos\n|-status|p1a: Zapdos|brn\n|\n|-damage|p1a: Zapdos|94\/100 brn|[from] brn\n|upkeep\n|turn|3\n|\n|t:|1700282330\n|move|p2a: The XO|Flare Blitz|p1a: Zapdos\n|-damage|p1a: Zapdos|64\/100 brn\n|-damage|p2a: The XO|84\/100|[from] item: Rocky Helmet|[of] p1a: Zapdos\n|-status|p2a: The XO|par|[from] ability: Static|[of] p1a: Zapdos\n|-damage|p2a: The XO|71\/100 par|[from] Recoil\n|move|p1a: Zapdos|Volt Switch|p2a: The XO\n|-supereffective|p2a: The XO\n|-damage|p2a: The XO|0 fnt\n|faint|p2a: The XO\n|\n|t:|1700282341\n|switch|p1a: Iron Treads|Iron Treads|100\/100|[from] Volt Switch\n|\n|upkeep\n|\n|t:|1700282352\n|switch|p2a: R-TRUS|Iron Valiant|100\/100\n|-enditem|p2a: R-TRUS|Booster Energy\n|-activate|p2a: R-TRUS|ability: Quark Drive|[fromitem]\n|-start|p2a: R-TRUS|quarkdrivespe\n|turn|4\n|\n|t:|1700282358\n|move|p2a: R-TRUS|Aura Sphere|p1a: Iron Treads\n|-supereffective|p1a: Iron Treads\n|-crit|p1a: Iron Treads\n|-enditem|p1a: Iron Treads|Focus Sash\n|-damage|p1a: Iron Treads|1\/100\n|move|p1a: Iron Treads|Iron Head|p2a: R-TRUS\n|-supereffective|p2a: R-TRUS\n|-damage|p2a: R-TRUS|0 fnt\n|faint|p2a: R-TRUS\n|-end|p2a: R-TRUS|Quark Drive|[silent]\n|\n|upkeep\n|\n|t:|1700282365\n|switch|p2a: OHAYOLLIE|Mimikyu, F|100\/100\n|turn|5\n|\n|t:|1700282370\n|move|p1a: Iron Treads|Stealth Rock|p2a: OHAYOLLIE\n|-sidestart|p2: CyberH3|move: Stealth Rock\n|move|p2a: OHAYOLLIE|Swords Dance|p2a: OHAYOLLIE\n|-boost|p2a: OHAYOLLIE|atk|2\n|\n|upkeep\n|turn|6\n|\n|t:|1700282376\n|move|p2a: OHAYOLLIE|Shadow Sneak|p1a: Iron Treads\n|-damage|p1a: Iron Treads|0 fnt\n|faint|p1a: Iron Treads\n|-end|p1a: Iron Treads|Quark Drive|[silent]\n|-damage|p2a: OHAYOLLIE|91\/100|[from] item: Life Orb\n|\n|upkeep\n|\n|t:|1700282381\n|switch|p1a: Zapdos|Zapdos|64\/100 brn\n|turn|7\n|\n|t:|1700282388\n|-terastallize|p2a: OHAYOLLIE|Ghost\n|move|p2a: OHAYOLLIE|Shadow Sneak|p1a: Zapdos\n|-damage|p1a: Zapdos|27\/100 brn\n|-damage|p2a: OHAYOLLIE|74\/100|[from] item: Rocky Helmet|[of] p1a: Zapdos\n|-damage|p2a: OHAYOLLIE|64\/100|[from] item: Life Orb\n|move|p1a: Zapdos|Discharge|p2a: OHAYOLLIE\n|-activate|p2a: OHAYOLLIE|ability: Disguise\n|-damage|p2a: OHAYOLLIE|64\/100\n|detailschange|p2a: OHAYOLLIE|Mimikyu-Busted, F, tera:Ghost\n|-damage|p2a: OHAYOLLIE|52\/100|[from] pokemon: Mimikyu-Busted\n|\n|-damage|p1a: Zapdos|20\/100 brn|[from] brn\n|upkeep\n|turn|8\n|\n|t:|1700282402\n|move|p2a: OHAYOLLIE|Shadow Sneak|p1a: Zapdos\n|-damage|p1a: Zapdos|0 fnt\n|-damage|p2a: OHAYOLLIE|36\/100|[from] item: Rocky Helmet|[of] p1a: Zapdos\n|faint|p1a: Zapdos\n|-damage|p2a: OHAYOLLIE|26\/100|[from] item: Life Orb\n|\n|upkeep\n|\n|t:|1700282412\n|switch|p1a: Tornadus|Tornadus-Therian, M|100\/100\n|turn|9\n|\n|t:|1700282418\n|switch|p2a: Snailtare|Goodra-Hisui, M|100\/100\n|-damage|p2a: Snailtare|94\/100|[from] Stealth Rock\n|move|p1a: Tornadus|Knock Off|p2a: Snailtare\n|-damage|p2a: Snailtare|75\/100\n|-enditem|p2a: Snailtare|Leftovers|[from] move: Knock Off|[of] p1a: Tornadus\n|\n|upkeep\n|turn|10\n|\n|t:|1700282427\n|move|p1a: Tornadus|Air Slash|p2a: Snailtare\n|-resisted|p2a: Snailtare\n|-damage|p2a: Snailtare|65\/100\n|cant|p2a: Snailtare|flinch\n|\n|upkeep\n|turn|11\n|\n|t:|1700282434\n|move|p1a: Tornadus|U-turn|p2a: Snailtare\n|-resisted|p2a: Snailtare\n|-damage|p2a: Snailtare|58\/100\n|\n|t:|1700282437\n|switch|p1a: Ninetales|Ninetales, M|100\/100|[from] U-turn\n|-weather|SunnyDay|[from] ability: Drought|[of] p1a: Ninetales\n|move|p2a: Snailtare|Ice Beam|p1a: Ninetales\n|-resisted|p1a: Ninetales\n|-damage|p1a: Ninetales|83\/100\n|\n|-weather|SunnyDay|[upkeep]\n|upkeep\n|turn|12\n|\n|t:|1700282447\n|move|p1a: Ninetales|Weather Ball|p2a: Snailtare\n|-damage|p2a: Snailtare|2\/100\n|move|p2a: Snailtare|Draco Meteor|p1a: Ninetales\n|-damage|p1a: Ninetales|6\/100\n|-unboost|p2a: Snailtare|spa|2\n|\n|-weather|SunnyDay|[upkeep]\n|upkeep\n|turn|13\n|\n|t:|1700282456\n|move|p2a: Snailtare|Protect|p2a: Snailtare\n|-singleturn|p2a: Snailtare|Protect\n|move|p1a: Ninetales|Weather Ball|p2a: Snailtare\n|-activate|p2a: Snailtare|move: Protect\n|\n|-weather|SunnyDay|[upkeep]\n|upkeep\n|turn|14\n|\n|t:|1700282465\n|switch|p1a: Tornadus|Tornadus-Therian, M|100\/100\n|move|p2a: Snailtare|Draco Meteor|p1a: Tornadus\n|-damage|p1a: Tornadus|65\/100\n|-unboost|p2a: Snailtare|spa|2\n|\n|-weather|SunnyDay|[upkeep]\n|upkeep\n|turn|15\n|\n|t:|1700282476\n|move|p2a: Snailtare|Protect|p2a: Snailtare\n|-singleturn|p2a: Snailtare|Protect\n|move|p1a: Tornadus|Air Slash|p2a: Snailtare\n|-activate|p2a: Snailtare|move: Protect\n|\n|-weather|none\n|upkeep\n|turn|16\n|\n|t:|1700282483\n|move|p1a: Tornadus|Air Slash|p2a: Snailtare\n|-resisted|p2a: Snailtare\n|-damage|p2a: Snailtare|0 fnt\n|faint|p2a: Snailtare\n|\n|upkeep\n|\n|t:|1700282497\n|switch|p2a: Eat With Scissors|Scizor, F|100\/100\n|-damage|p2a: Eat With Scissors|88\/100|[from] Stealth Rock\n|turn|17\n|\n|t:|1700282503\n|move|p2a: Eat With Scissors|Bullet Punch|p1a: Tornadus\n|-crit|p1a: Tornadus\n|-damage|p1a: Tornadus|0 fnt\n|faint|p1a: Tornadus\n|-damage|p2a: Eat With Scissors|78\/100|[from] item: Life Orb\n|\n|upkeep\n|\n|t:|1700282510\n|switch|p1a: Ninetales|Ninetales, M|6\/100\n|-weather|SunnyDay|[from] ability: Drought|[of] p1a: Ninetales\n|turn|18\n|c|\u2606CyberH3|that probably mattered but we take it\n|\n|t:|1700282516\n|move|p2a: Eat With Scissors|Bullet Punch|p1a: Ninetales\n|-resisted|p1a: Ninetales\n|-damage|p1a: Ninetales|0 fnt\n|faint|p1a: Ninetales\n|-damage|p2a: Eat With Scissors|68\/100|[from] item: Life Orb\n|\n|-weather|SunnyDay|[upkeep]\n|upkeep\n|\n|t:|1700282523\n|switch|p1a: Ceruledge|Ceruledge, M|100\/100\n|turn|19\n|\n|t:|1700282527\n|move|p1a: Ceruledge|Bitter Blade|p2a: Eat With Scissors\n|-supereffective|p2a: Eat With Scissors\n|-damage|p2a: Eat With Scissors|0 fnt\n|faint|p2a: Eat With Scissors\n|\n|-weather|SunnyDay|[upkeep]\n|upkeep\n|\n|t:|1700282534\n|switch|p2a: OHAYOLLIE|Mimikyu-Busted, F, tera:Ghost|26\/100\n|-damage|p2a: OHAYOLLIE|13\/100|[from] Stealth Rock\n|turn|20\n|\n|t:|1700282539\n|move|p2a: OHAYOLLIE|Shadow Sneak|p1a: Ceruledge\n|-supereffective|p1a: Ceruledge\n|-damage|p1a: Ceruledge|33\/100\n|-damage|p2a: OHAYOLLIE|3\/100|[from] item: Life Orb\n|move|p1a: Ceruledge|Shadow Sneak|p2a: OHAYOLLIE\n|-supereffective|p2a: OHAYOLLIE\n|-damage|p2a: OHAYOLLIE|0 fnt\n|faint|p2a: OHAYOLLIE\n|\n|-weather|SunnyDay|[upkeep]\n|upkeep\n|\n|t:|1700282542\n|switch|p2a: Morf LeRosh|Lokix, M|100\/100\n|-damage|p2a: Morf LeRosh|76\/100|[from] Stealth Rock\n|turn|21\n|\n|t:|1700282556\n|-terastallize|p1a: Ceruledge|Bug\n|move|p2a: Morf LeRosh|First Impression|p1a: Ceruledge\n|-damage|p1a: Ceruledge|0 fnt\n|faint|p1a: Ceruledge\n|-damage|p2a: Morf LeRosh|66\/100|[from] item: Life Orb\n|\n|-weather|SunnyDay|[upkeep]\n|upkeep\n|\n|t:|1700282567\n|switch|p1a: Slowking|Slowking, M|100\/100\n|turn|22\n|\n|t:|1700282575\n|move|p2a: Morf LeRosh|Knock Off|p1a: Slowking\n|-supereffective|p1a: Slowking\n|-damage|p1a: Slowking|0 fnt\n|-enditem|p1a: Slowking|Leftovers|[from] move: Knock Off|[of] p2a: Morf LeRosh\n|faint|p1a: Slowking\n|-damage|p2a: Morf LeRosh|56\/100|[from] item: Life Orb\n|\n|win|CyberH3\n|raw|AnnaRose96's rating: 1354 &rarr; <strong>1340<\/strong><br \/>(-14 for losing)\n|raw|CyberH3's rating: 1467 &rarr; <strong>1481<\/strong><br \/>(+14 for winning)\n|c|\u2606CyberH3|gg\n|l|\u2606AnnaRose96\n","uploadtime":1700282586,"views":29,"p1id":"annarose96","p2id":"cyberh3","formatid":"gen9ou","rating":1340,"private":0,"password":""}