{"id":"gen9ou-1994564955","p1":"AlexXploud","p2":"Corvin Fulgur","format":"[Gen 9] OU","log":"|j|\u2606AlexXploud\n|j|\u2606Corvin Fulgur\n|t:|1700460750\n|gametype|singles\n|player|p1|AlexXploud|102|1426\n|player|p2|Corvin Fulgur|hilda|1485\n|teamsize|p1|6\n|teamsize|p2|6\n|gen|9\n|tier|[Gen 9] OU\n|rated|\n|rule|Sleep Clause Mod: Limit one foe put to sleep\n|rule|Species Clause: Limit one of each Pok\u00e9mon\n|rule|OHKO Clause: OHKO moves are banned\n|rule|Evasion Items Clause: Evasion items are banned\n|rule|Evasion Moves Clause: Evasion moves are banned\n|rule|Endless Battle Clause: Forcing endless battles is banned\n|rule|HP Percentage Mod: HP is shown in percentages\n|clearpoke\n|poke|p1|Gholdengo|\n|poke|p1|Samurott-Hisui, F|\n|poke|p1|Clefable, M|\n|poke|p1|Kingambit, F|\n|poke|p1|Kommo-o, F|\n|poke|p1|Iron Treads|\n|poke|p2|Ninetales-Alola, M|\n|poke|p2|Garchomp, M|\n|poke|p2|Mew|\n|poke|p2|Great Tusk|\n|poke|p2|Ogerpon-Wellspring, F|\n|poke|p2|Iron Moth|\n|teampreview\n|inactive|Battle timer is ON: inactive players will automatically lose when time's up. (requested by Corvin Fulgur)\n|\n|t:|1700460762\n|start\n|switch|p1a: Gholdengo|Gholdengo|100\/100\n|switch|p2a: Garchomp|Garchomp, M|100\/100\n|turn|1\n|\n|t:|1700460769\n|switch|p2a: Great Tusk|Great Tusk|100\/100\n|move|p1a: Gholdengo|Trick|p2a: Great Tusk\n|-activate|p1a: Gholdengo|move: Trick|[of] p2a: Great Tusk\n|-item|p2a: Great Tusk|Choice Scarf|[from] move: Trick\n|-item|p1a: Gholdengo|Assault Vest|[from] move: Trick\n|\n|upkeep\n|turn|2\n|\n|t:|1700460778\n|switch|p1a: Samurott|Samurott-Hisui, F|100\/100\n|move|p2a: Great Tusk|Headlong Rush|p1a: Samurott\n|-damage|p1a: Samurott|36\/100\n|-unboost|p2a: Great Tusk|def|1\n|-unboost|p2a: Great Tusk|spd|1\n|\n|upkeep\n|turn|3\n|\n|t:|1700460800\n|move|p1a: Samurott|Aqua Jet|p2a: Great Tusk\n|-supereffective|p2a: Great Tusk\n|-damage|p2a: Great Tusk|64\/100\n|move|p2a: Great Tusk|Headlong Rush|p1a: Samurott\n|-damage|p1a: Samurott|0 fnt\n|-unboost|p2a: Great Tusk|def|1\n|-unboost|p2a: Great Tusk|spd|1\n|faint|p1a: Samurott\n|\n|upkeep\n|\n|t:|1700460803\n|switch|p1a: Kommo-o|Kommo-o, F|100\/100\n|turn|4\n|\n|t:|1700460807\n|-end|p2a: Great Tusk|Protosynthesis|[silent]\n|switch|p2a: Ninetales|Ninetales-Alola, M|100\/100\n|-weather|Snow|[from] ability: Snow Warning|[of] p2a: Ninetales\n|move|p1a: Kommo-o|Clangorous Soul|p1a: Kommo-o\n|-boost|p1a: Kommo-o|atk|1\n|-boost|p1a: Kommo-o|def|1\n|-boost|p1a: Kommo-o|spa|1\n|-boost|p1a: Kommo-o|spd|1\n|-boost|p1a: Kommo-o|spe|1\n|-damage|p1a: Kommo-o|68\/100\n|-enditem|p1a: Kommo-o|Throat Spray\n|-boost|p1a: Kommo-o|spa|1|[from] item: Throat Spray\n|\n|-weather|Snow|[upkeep]\n|upkeep\n|turn|5\n|\n|t:|1700460815\n|-terastallize|p2a: Ninetales|Water\n|move|p1a: Kommo-o|Flamethrower|p2a: Ninetales\n|-resisted|p2a: Ninetales\n|-damage|p2a: Ninetales|73\/100\n|move|p2a: Ninetales|Aurora Veil|p2a: Ninetales\n|-sidestart|p2: Corvin Fulgur|move: Aurora Veil\n|\n|-weather|Snow|[upkeep]\n|upkeep\n|turn|6\n|\n|t:|1700460824\n|-terastallize|p1a: Kommo-o|Normal\n|move|p1a: Kommo-o|Clangorous Soul|p1a: Kommo-o\n|-boost|p1a: Kommo-o|atk|1\n|-boost|p1a: Kommo-o|def|1\n|-boost|p1a: Kommo-o|spa|1\n|-boost|p1a: Kommo-o|spd|1\n|-boost|p1a: Kommo-o|spe|1\n|-damage|p1a: Kommo-o|35\/100\n|move|p2a: Ninetales|Draining Kiss|p1a: Kommo-o\n|-damage|p1a: Kommo-o|25\/100\n|-heal|p2a: Ninetales|79\/100|[from] drain|[of] p1a: Kommo-o\n|\n|-weather|Snow|[upkeep]\n|upkeep\n|turn|7\n|\n|t:|1700460828\n|move|p1a: Kommo-o|Drain Punch|p2a: Ninetales\n|-damage|p2a: Ninetales|45\/100\n|-heal|p1a: Kommo-o|46\/100|[from] drain|[of] p2a: Ninetales\n|move|p2a: Ninetales|Draining Kiss|p1a: Kommo-o\n|-damage|p1a: Kommo-o|37\/100\n|-heal|p2a: Ninetales|50\/100|[from] drain|[of] p1a: Kommo-o\n|\n|-weather|Snow|[upkeep]\n|upkeep\n|turn|8\n|\n|t:|1700460836\n|switch|p2a: Garchomp|Garchomp, M|100\/100\n|move|p1a: Kommo-o|Drain Punch|p2a: Garchomp\n|-damage|p2a: Garchomp|80\/100\n|-heal|p1a: Kommo-o|51\/100|[from] drain|[of] p2a: Garchomp\n|-damage|p1a: Kommo-o|39\/100|[from] ability: Rough Skin|[of] p2a: Garchomp\n|-damage|p1a: Kommo-o|22\/100|[from] item: Rocky Helmet|[of] p2a: Garchomp\n|\n|-weather|none\n|upkeep\n|turn|9\n|\n|t:|1700460843\n|move|p1a: Kommo-o|Boomburst|p2a: Garchomp\n|-damage|p2a: Garchomp|15\/100\n|move|p2a: Garchomp|Earthquake|p1a: Kommo-o\n|-damage|p1a: Kommo-o|1\/100\n|\n|upkeep\n|turn|10\n|\n|t:|1700460851\n|move|p1a: Kommo-o|Boomburst|p2a: Garchomp\n|-damage|p2a: Garchomp|0 fnt\n|faint|p2a: Garchomp\n|\n|upkeep\n|\n|t:|1700460857\n|switch|p2a: Ninetales|Ninetales-Alola, M, tera:Water|50\/100\n|-weather|Snow|[from] ability: Snow Warning|[of] p2a: Ninetales\n|turn|11\n|\n|t:|1700460860\n|move|p1a: Kommo-o|Drain Punch|p2a: Ninetales\n|-damage|p2a: Ninetales|18\/100\n|-heal|p1a: Kommo-o|20\/100|[from] drain|[of] p2a: Ninetales\n|move|p2a: Ninetales|Draining Kiss|p1a: Kommo-o\n|-damage|p1a: Kommo-o|11\/100\n|-heal|p2a: Ninetales|24\/100|[from] drain|[of] p1a: Kommo-o\n|\n|-weather|Snow|[upkeep]\n|upkeep\n|turn|12\n|\n|t:|1700460864\n|move|p1a: Kommo-o|Drain Punch|p2a: Ninetales\n|-damage|p2a: Ninetales|0 fnt\n|-heal|p1a: Kommo-o|25\/100|[from] drain|[of] p2a: Ninetales\n|faint|p2a: Ninetales\n|\n|-weather|Snow|[upkeep]\n|-sideend|p2: Corvin Fulgur|move: Aurora Veil\n|upkeep\n|\n|t:|1700460877\n|switch|p2a: Mew|Mew|100\/100\n|turn|13\n|\n|t:|1700460881\n|move|p1a: Kommo-o|Boomburst|p2a: Mew\n|-damage|p2a: Mew|0 fnt\n|faint|p2a: Mew\n|\n|-weather|Snow|[upkeep]\n|upkeep\n|-message|Corvin Fulgur forfeited.\n|\n|win|AlexXploud\n|raw|AlexXploud's rating: 1426 &rarr; <strong>1449<\/strong><br \/>(+23 for winning)\n|raw|Corvin Fulgur's rating: 1485 &rarr; <strong>1462<\/strong><br \/>(-23 for losing)\n|l|\u2606Corvin Fulgur\n","uploadtime":1700461015,"views":16,"p1id":"alexxploud","p2id":"corvinfulgur","formatid":"gen9ou","rating":1449,"private":0,"password":""}