{"id":"gen9ou-1995480614","p1":"RUMYMOME","p2":"Penter","format":"[Gen 9] OU","log":"|j|\u2606RUMYMOME\n|j|\u2606Penter\n|inactive|Battle timer is ON: inactive players will automatically lose when time's up.\n|t:|1700575507\n|gametype|singles\n|player|p1|RUMYMOME|marshal|\n|player|p2|Penter|n|\n|teamsize|p1|6\n|teamsize|p2|6\n|gen|9\n|tier|[Gen 9] OU\n|rated|Tournament battle\n|rule|Sleep Clause Mod: Limit one foe put to sleep\n|rule|Species Clause: Limit one of each Pok\u00e9mon\n|rule|OHKO Clause: OHKO moves are banned\n|rule|Evasion Items Clause: Evasion items are banned\n|rule|Evasion Moves Clause: Evasion moves are banned\n|rule|Endless Battle Clause: Forcing endless battles is banned\n|rule|HP Percentage Mod: HP is shown in percentages\n|clearpoke\n|poke|p1|Torterra, F|\n|poke|p1|Walking Wake|\n|poke|p1|Torkoal, F|\n|poke|p1|Dragonite, M|\n|poke|p1|Hoopa-Unbound|\n|poke|p1|Glimmora, M|\n|poke|p2|Basculegion-F, F|\n|poke|p2|Pelipper, M|\n|poke|p2|Amoonguss, F|\n|poke|p2|Ogerpon-Wellspring, F|\n|poke|p2|Ting-Lu|\n|poke|p2|Zapdos|\n|teampreview|3\n|j|*Lady Monita \u2746\n|inactive|RUMYMOME has 120 seconds left.\n|inactive|Penter has 120 seconds left.\n|inactive|RUMYMOME has 90 seconds left.\n|inactive|Penter has 90 seconds left.\n|\n|t:|1700575579\n|start\n|switch|p1a: Torterra|Torterra, F|100\/100\n|switch|p2a: Basculegion|Basculegion-F, F|100\/100\n|turn|1\n|\n|t:|1700575586\n|-terastallize|p1a: Torterra|Water\n|move|p2a: Basculegion|Ice Beam|p1a: Torterra\n|-resisted|p1a: Torterra\n|-damage|p1a: Torterra|77\/100\n|move|p1a: Torterra|Shell Smash|p1a: Torterra\n|-unboost|p1a: Torterra|def|1\n|-unboost|p1a: Torterra|spd|1\n|-boost|p1a: Torterra|atk|2\n|-boost|p1a: Torterra|spa|2\n|-boost|p1a: Torterra|spe|2\n|\n|upkeep\n|turn|2\n|j| Skwovetboi\n|l| Skwovetboi\n|\n|t:|1700575602\n|move|p1a: Torterra|Bullet Seed|p2a: Basculegion\n|-supereffective|p2a: Basculegion\n|-damage|p2a: Basculegion|35\/100\n|-supereffective|p2a: Basculegion\n|-damage|p2a: Basculegion|0 fnt\n|faint|p2a: Basculegion\n|-hitcount|p2: Basculegion|2\n|\n|upkeep\n|inactive|Penter has 120 seconds left.\n|\n|t:|1700575632\n|switch|p2a: Ting-Lu|Ting-Lu|100\/100\n|-ability|p2a: Ting-Lu|Vessel of Ruin\n|turn|3\n|\n|t:|1700575643\n|-terastallize|p2a: Ting-Lu|Dark\n|move|p1a: Torterra|Bullet Seed|p2a: Ting-Lu\n|-damage|p2a: Ting-Lu|85\/100\n|-damage|p2a: Ting-Lu|68\/100\n|-damage|p2a: Ting-Lu|53\/100\n|-damage|p2a: Ting-Lu|37\/100\n|-hitcount|p2a: Ting-Lu|4\n|move|p2a: Ting-Lu|Payback|p1a: Torterra\n|-damage|p1a: Torterra|0 fnt\n|faint|p1a: Torterra\n|\n|upkeep\n|\n|t:|1700575652\n|switch|p1a: Torkoal|Torkoal, F|100\/100\n|-weather|SunnyDay|[from] ability: Drought|[of] p1a: Torkoal\n|turn|4\n|inactive|Penter has 120 seconds left.\n|\n|t:|1700575660\n|switch|p2a: Ogerpon|Ogerpon-Wellspring, F|100\/100\n|move|p1a: Torkoal|Fire Blast|p2a: Ogerpon\n|-damage|p2a: Ogerpon|24\/100\n|\n|-weather|SunnyDay|[upkeep]\n|upkeep\n|turn|5\n|\n|t:|1700575668\n|move|p2a: Ogerpon|Ivy Cudgel|p1a: Torkoal|[anim] Ivy Cudgel Water\n|-supereffective|p1a: Torkoal\n|-damage|p1a: Torkoal|53\/100\n|move|p1a: Torkoal|Solar Beam||[still]\n|-prepare|p1a: Torkoal|Solar Beam\n|-anim|p1a: Torkoal|Solar Beam|p2a: Ogerpon\n|-damage|p2a: Ogerpon|0 fnt\n|faint|p2a: Ogerpon\n|\n|-weather|SunnyDay|[upkeep]\n|upkeep\n|\n|t:|1700575671\n|switch|p2a: Ting-Lu|Ting-Lu, tera:Dark|37\/100\n|-ability|p2a: Ting-Lu|Vessel of Ruin\n|turn|6\n|\n|t:|1700575675\n|move|p2a: Ting-Lu|Earthquake|p1a: Torkoal\n|-supereffective|p1a: Torkoal\n|-damage|p1a: Torkoal|0 fnt\n|faint|p1a: Torkoal\n|\n|-weather|SunnyDay|[upkeep]\n|upkeep\n|\n|t:|1700575677\n|switch|p1a: Walking Wake|Walking Wake|100\/100\n|-activate|p1a: Walking Wake|ability: Protosynthesis\n|-start|p1a: Walking Wake|protosynthesisspe\n|turn|7\n|\n|t:|1700575682\n|move|p1a: Walking Wake|Hydro Steam|p2a: Ting-Lu\n|-damage|p2a: Ting-Lu|0 fnt\n|faint|p2a: Ting-Lu\n|-damage|p1a: Walking Wake|91\/100|[from] item: Life Orb\n|\n|win|RUMYMOME\n|n|\u2606RUMYMOME|rumymome\n|n|\u2606Penter|penter\n|n|*Lady Monita \u2746|ladymonita\n","uploadtime":1700575683,"views":1,"p1id":"rumymome","p2id":"penter","formatid":"gen9ou","rating":0,"private":0,"password":""}