{"id":"gen9ou-1995257595","p1":"YokaiCrystal","p2":"Javy11","format":"[Gen 9] OU","log":"|j|\u2606YokaiCrystal\n|j|\u2606Javy11\n|t:|1700542299\n|gametype|singles\n|player|p1|YokaiCrystal|ghetsis|1088\n|player|p2|Javy11|shadowtriad|1108\n|teamsize|p1|6\n|teamsize|p2|6\n|gen|9\n|tier|[Gen 9] OU\n|rated|\n|rule|Sleep Clause Mod: Limit one foe put to sleep\n|rule|Species Clause: Limit one of each Pok\u00e9mon\n|rule|OHKO Clause: OHKO moves are banned\n|rule|Evasion Items Clause: Evasion items are banned\n|rule|Evasion Moves Clause: Evasion moves are banned\n|rule|Endless Battle Clause: Forcing endless battles is banned\n|rule|HP Percentage Mod: HP is shown in percentages\n|clearpoke\n|poke|p1|Thundurus, M|\n|poke|p1|Politoed, F|\n|poke|p1|Overqwil, F|\n|poke|p1|Greninja-*, M|\n|poke|p1|Gholdengo|\n|poke|p1|Slowbro-Galar, F|\n|poke|p2|Gallade, M|\n|poke|p2|Ninetales-Alola, F|\n|poke|p2|Ting-Lu|\n|poke|p2|Gholdengo|\n|poke|p2|Great Tusk|\n|poke|p2|Zamazenta-*|\n|teampreview\n|inactive|Battle timer is ON: inactive players will automatically lose when time's up. (requested by Javy11)\n|\n|t:|1700542313\n|start\n|switch|p1a: Politoed|Politoed, F|100\/100\n|switch|p2a: Ninetales|Ninetales-Alola, F|100\/100\n|-weather|Snow|[from] ability: Snow Warning|[of] p2a: Ninetales\n|-weather|RainDance|[from] ability: Drizzle|[of] p1a: Politoed\n|turn|1\n|\n|t:|1700542328\n|move|p2a: Ninetales|Freeze-Dry|p1a: Politoed\n|-supereffective|p1a: Politoed\n|-damage|p1a: Politoed|64\/100\n|move|p1a: Politoed|Hydro Pump|p2a: Ninetales\n|-crit|p2a: Ninetales\n|-damage|p2a: Ninetales|0 fnt\n|faint|p2a: Ninetales\n|\n|-weather|RainDance|[upkeep]\n|upkeep\n|\n|t:|1700542349\n|switch|p2a: Gholdengo|Gholdengo|100\/100\n|turn|2\n|\n|t:|1700542354\n|move|p2a: Gholdengo|Shadow Ball|p1a: Politoed\n|-damage|p1a: Politoed|4\/100\n|move|p1a: Politoed|Hydro Pump|p2a: Gholdengo\n|-damage|p2a: Gholdengo|12\/100\n|\n|-weather|RainDance|[upkeep]\n|upkeep\n|turn|3\n|\n|t:|1700542361\n|switch|p1a: Overqwil|Overqwil, F|100\/100\n|move|p2a: Gholdengo|Shadow Ball|p1a: Overqwil\n|-resisted|p1a: Overqwil\n|-damage|p1a: Overqwil|48\/100\n|\n|-weather|RainDance|[upkeep]\n|upkeep\n|turn|4\n|\n|t:|1700542371\n|move|p1a: Overqwil|Liquidation|p2a: Gholdengo\n|-damage|p2a: Gholdengo|0 fnt\n|faint|p2a: Gholdengo\n|\n|-weather|RainDance|[upkeep]\n|upkeep\n|\n|t:|1700542380\n|switch|p2a: Gallade|Gallade, M|100\/100\n|turn|5\n|\n|t:|1700542388\n|switch|p1a: Gholdengo|Gholdengo|100\/100\n|move|p2a: Gallade|Sacred Sword|p1a: Gholdengo\n|-immune|p1a: Gholdengo\n|\n|-weather|RainDance|[upkeep]\n|upkeep\n|turn|6\n|\n|t:|1700542395\n|move|p1a: Gholdengo|Dazzling Gleam|p2a: Gallade\n|-supereffective|p2a: Gallade\n|-damage|p2a: Gallade|33\/100\n|-enditem|p2a: Gallade|Weakness Policy\n|-boost|p2a: Gallade|atk|2|[from] item: Weakness Policy\n|-boost|p2a: Gallade|spa|2|[from] item: Weakness Policy\n|move|p2a: Gallade|Agility|p2a: Gallade\n|-boost|p2a: Gallade|spe|2\n|\n|-weather|RainDance|[upkeep]\n|upkeep\n|turn|7\n|\n|t:|1700542415\n|switch|p1a: Politoed|Politoed, F|4\/100\n|move|p2a: Gallade|Endure||[still]\n|-fail|p2a: Gallade\n|\n|-weather|RainDance|[upkeep]\n|upkeep\n|turn|8\n|\n|t:|1700542422\n|move|p2a: Gallade|Psycho Cut|p1a: Politoed\n|-crit|p1a: Politoed\n|-damage|p1a: Politoed|0 fnt\n|faint|p1a: Politoed\n|\n|-weather|none\n|upkeep\n|c|\u2606Javy11|YESSS\n|\n|t:|1700542428\n|switch|p1a: Slowbro|Slowbro-Galar, F|100\/100\n|turn|9\n|c|\u2606Javy11|NO MORE RAIN\n|c|\u2606YokaiCrystal|: )\n|c|\u2606Javy11|if the quick draw or quick claw pops im gonna be mad\n|-activate|p1a: Slowbro|ability: Quick Draw\n|\n|t:|1700542458\n|move|p1a: Slowbro|Foul Play|p2a: Gallade\n|-damage|p2a: Gallade|0 fnt\n|faint|p2a: Gallade\n|\n|upkeep\n|c|\u2606YokaiCrystal|lmfaooooo\n|c|\u2606YokaiCrystal|LMFAOOOOO\n|c|\u2606Javy11|BROOOOOOO\n|inactive|Javy11 has 120 seconds left.\n|c|\u2606Javy11|THERE IS NO WAYYYYYY\n|c|\u2606YokaiCrystal|LMFAOOOOOO\n|c|\u2606YokaiCrystal|I'M DEAD\n|c|\u2606Javy11|I FUCKING HATE THIS GAME\n|\n|t:|1700542484\n|switch|p2a: Great Tusk|Great Tusk|100\/100\n|-enditem|p2a: Great Tusk|Booster Energy\n|-activate|p2a: Great Tusk|ability: Protosynthesis|[fromitem]\n|-start|p2a: Great Tusk|protosynthesisatk\n|turn|10\n|\n|t:|1700542509\n|switch|p1a: Thundurus|Thundurus, M|100\/100\n|-terastallize|p2a: Great Tusk|Water\n|move|p2a: Great Tusk|Rapid Spin|p1a: Thundurus\n|-damage|p1a: Thundurus|65\/100\n|-boost|p2a: Great Tusk|spe|1\n|\n|upkeep\n|turn|11\n|\n|t:|1700542517\n|move|p1a: Thundurus|Rain Dance|p1a: Thundurus\n|-weather|RainDance\n|move|p2a: Great Tusk|Ice Spinner|p1a: Thundurus\n|-supereffective|p1a: Thundurus\n|-damage|p1a: Thundurus|0 fnt\n|faint|p1a: Thundurus\n|\n|-weather|RainDance|[upkeep]\n|upkeep\n|c|\u2606Javy11|oh fuck\n|\n|t:|1700542524\n|switch|p1a: Gholdengo|Gholdengo|100\/100\n|turn|12\n|\n|t:|1700542530\n|-terastallize|p1a: Gholdengo|Steel\n|move|p2a: Great Tusk|Headlong Rush|p1a: Gholdengo\n|-supereffective|p1a: Gholdengo\n|-damage|p1a: Gholdengo|0 fnt\n|-unboost|p2a: Great Tusk|def|1\n|-unboost|p2a: Great Tusk|spd|1\n|faint|p1a: Gholdengo\n|\n|-weather|RainDance|[upkeep]\n|upkeep\n|\n|t:|1700542538\n|switch|p1a: Overqwil|Overqwil, F|48\/100\n|turn|13\n|c|\u2606YokaiCrystal|Well damn\n|c|\u2606YokaiCrystal|I think you Win\n|\n|t:|1700542551\n|move|p1a: Overqwil|Barb Barrage|p2a: Great Tusk\n|-damage|p2a: Great Tusk|52\/100\n|move|p2a: Great Tusk|Headlong Rush|p1a: Overqwil\n|-supereffective|p1a: Overqwil\n|-damage|p1a: Overqwil|0 fnt\n|-unboost|p2a: Great Tusk|def|1\n|-unboost|p2a: Great Tusk|spd|1\n|faint|p1a: Overqwil\n|\n|-weather|RainDance|[upkeep]\n|upkeep\n|\n|t:|1700542560\n|switch|p1a: Slowbro|Slowbro-Galar, F|100\/100\n|turn|14\n|c|\u2606Javy11|i thought you one shot\n|c|\u2606Javy11|i sweaarrrrrrr\n|c|\u2606YokaiCrystal|I was hoping I would\n|c|\u2606Javy11|if that quick draw pops again im forfeting\n|-activate|p1a: Slowbro|item: Quick Claw\n|\n|t:|1700542589\n|move|p1a: Slowbro|Foul Play|p2a: Great Tusk\n|-damage|p2a: Great Tusk|5\/100\n|move|p2a: Great Tusk|Headlong Rush|p1a: Slowbro\n|-supereffective|p1a: Slowbro\n|-damage|p1a: Slowbro|0 fnt\n|-unboost|p2a: Great Tusk|def|1\n|-unboost|p2a: Great Tusk|spd|1\n|faint|p1a: Slowbro\n|\n|-weather|RainDance|[upkeep]\n|upkeep\n|c|\u2606YokaiCrystal|LMFAOOO\n|-message|Javy11 forfeited.\n|\n|win|YokaiCrystal\n|raw|YokaiCrystal's rating: 1088 &rarr; <strong>1116<\/strong><br \/>(+28 for winning)\n|raw|Javy11's rating: 1108 &rarr; <strong>1082<\/strong><br \/>(-26 for losing)\n|l|\u2606Javy11\n","uploadtime":1700542479,"views":2,"p1id":"yokaicrystal","p2id":"javy11","formatid":"gen9ou","rating":1082,"private":0,"password":""}