{"id":"gen9ou-2000419422","p1":"AkiDes","p2":"Biiarde 3","format":"[Gen 9] OU","log":"|j|\u2606AkiDes\n|j|\u2606Biiarde 3\n|t:|1701193236\n|gametype|singles\n|player|p1|AkiDes|volkner|1090\n|player|p2|Biiarde 3|ghetsis-gen5bw|1068\n|teamsize|p1|6\n|teamsize|p2|6\n|gen|9\n|tier|[Gen 9] OU\n|rated|\n|rule|Sleep Clause Mod: Limit one foe put to sleep\n|rule|Species Clause: Limit one of each Pok\u00e9mon\n|rule|OHKO Clause: OHKO moves are banned\n|rule|Evasion Items Clause: Evasion items are banned\n|rule|Evasion Moves Clause: Evasion moves are banned\n|rule|Endless Battle Clause: Forcing endless battles is banned\n|rule|HP Percentage Mod: HP is shown in percentages\n|clearpoke\n|poke|p1|Dragonite, F|\n|poke|p1|Cinderace, F|\n|poke|p1|Mandibuzz, F|\n|poke|p1|Jolteon, F|\n|poke|p1|Landorus-Therian, M|\n|poke|p1|Greninja-*, M|\n|poke|p2|Toxicroak, M|\n|poke|p2|Politoed, M|\n|poke|p2|Breloom, F|\n|poke|p2|Samurott, F|\n|poke|p2|Chandelure, F|\n|poke|p2|Eelektross, M|\n|teampreview\n|\n|t:|1701193240\n|start\n|switch|p1a: Jarcres|Jolteon, F|100\/100\n|switch|p2a: Politoed|Politoed, M|100\/100\n|-weather|RainDance|[from] ability: Drizzle|[of] p2a: Politoed\n|turn|1\n|\n|t:|1701193249\n|move|p1a: Jarcres|Volt Switch|p2a: Politoed\n|-supereffective|p2a: Politoed\n|-damage|p2a: Politoed|6\/100\n|\n|t:|1701193252\n|switch|p1a: Festin celestial|Mandibuzz, F|100\/100|[from] Volt Switch\n|move|p2a: Politoed|Earth Power|p1a: Festin celestial\n|-immune|p1a: Festin celestial\n|\n|-weather|RainDance|[upkeep]\n|upkeep\n|turn|2\n|\n|t:|1701193262\n|switch|p2a: Eelektross|Eelektross, M|100\/100\n|move|p1a: Festin celestial|Foul Play|p2a: Eelektross\n|-damage|p2a: Eelektross|58\/100\n|\n|-weather|RainDance|[upkeep]\n|upkeep\n|turn|3\n|\n|t:|1701193267\n|switch|p1a: Jarcres|Jolteon, F|100\/100\n|move|p2a: Eelektross|Thunder|p1a: Jarcres\n|-immune|p1a: Jarcres|[from] ability: Volt Absorb\n|\n|-weather|RainDance|[upkeep]\n|upkeep\n|turn|4\n|\n|t:|1701193273\n|move|p1a: Jarcres|Volt Switch|p2a: Eelektross\n|-resisted|p2a: Eelektross\n|-damage|p2a: Eelektross|38\/100\n|\n|t:|1701193277\n|switch|p1a: Prueba nomas|Landorus-Therian, M|100\/100|[from] Volt Switch\n|-ability|p1a: Prueba nomas|Intimidate|boost\n|-unboost|p2a: Eelektross|atk|1\n|move|p2a: Eelektross|Giga Drain|p1a: Prueba nomas\n|-damage|p1a: Prueba nomas|75\/100\n|-heal|p2a: Eelektross|50\/100|[from] drain|[of] p1a: Prueba nomas\n|\n|-weather|RainDance|[upkeep]\n|upkeep\n|turn|5\n|\n|t:|1701193290\n|switch|p2a: Chandelure|Chandelure, F|100\/100\n|move|p1a: Prueba nomas|Stealth Rock|p2a: Chandelure\n|-sidestart|p2: Biiarde 3|move: Stealth Rock\n|\n|-weather|RainDance|[upkeep]\n|upkeep\n|turn|6\n|\n|t:|1701193303\n|move|p1a: Prueba nomas|Earthquake|p2a: Chandelure\n|-supereffective|p2a: Chandelure\n|-damage|p2a: Chandelure|0 fnt\n|faint|p2a: Chandelure\n|\n|-weather|RainDance|[upkeep]\n|upkeep\n|\n|t:|1701193309\n|switch|p2a: Carlin|Breloom, F, shiny|100\/100\n|-damage|p2a: Carlin|94\/100|[from] Stealth Rock\n|turn|7\n|\n|t:|1701193326\n|switch|p1a: Festin celestial|Mandibuzz, F|100\/100\n|-terastallize|p2a: Carlin|Poison\n|move|p2a: Carlin|Substitute|p2a: Carlin\n|-start|p2a: Carlin|Substitute\n|-damage|p2a: Carlin|69\/100\n|\n|-weather|RainDance|[upkeep]\n|upkeep\n|turn|8\n|\n|t:|1701193337\n|move|p2a: Carlin|Sludge Bomb|p1a: Festin celestial\n|-damage|p1a: Festin celestial|84\/100\n|-status|p1a: Festin celestial|psn\n|move|p1a: Festin celestial|Foul Play|p2a: Carlin\n|-end|p2a: Carlin|Substitute\n|\n|-weather|none\n|-damage|p1a: Festin celestial|72\/100 psn|[from] psn\n|upkeep\n|turn|9\n|\n|t:|1701193352\n|move|p2a: Carlin|Leech Seed|p1a: Festin celestial\n|-start|p1a: Festin celestial|move: Leech Seed\n|move|p1a: Festin celestial|Foul Play|p2a: Carlin\n|-damage|p2a: Carlin|4\/100\n|\n|-damage|p1a: Festin celestial|60\/100 psn|[from] Leech Seed|[of] p2a: Carlin\n|-heal|p2a: Carlin|24\/100|[silent]\n|-damage|p1a: Festin celestial|47\/100 psn|[from] psn\n|upkeep\n|turn|10\n|\n|t:|1701193366\n|move|p2a: Carlin|Substitute|p2a: Carlin\n|-fail|p2a: Carlin|move: Substitute|[weak]\n|move|p1a: Festin celestial|Roost|p1a: Festin celestial\n|-heal|p1a: Festin celestial|97\/100 psn\n|-singleturn|p1a: Festin celestial|move: Roost\n|\n|-damage|p1a: Festin celestial|85\/100 psn|[from] Leech Seed|[of] p2a: Carlin\n|-heal|p2a: Carlin|44\/100|[silent]\n|-damage|p1a: Festin celestial|73\/100 psn|[from] psn\n|upkeep\n|turn|11\n|\n|t:|1701193371\n|move|p2a: Carlin|Substitute|p2a: Carlin\n|-start|p2a: Carlin|Substitute\n|-damage|p2a: Carlin|19\/100\n|move|p1a: Festin celestial|Foul Play|p2a: Carlin\n|-end|p2a: Carlin|Substitute\n|\n|-damage|p1a: Festin celestial|61\/100 psn|[from] Leech Seed|[of] p2a: Carlin\n|-heal|p2a: Carlin|39\/100|[silent]\n|-damage|p1a: Festin celestial|48\/100 psn|[from] psn\n|upkeep\n|turn|12\n|\n|t:|1701193375\n|move|p2a: Carlin|Drain Punch|p1a: Festin celestial\n|-damage|p1a: Festin celestial|27\/100 psn\n|-heal|p2a: Carlin|56\/100|[from] drain|[of] p1a: Festin celestial\n|move|p1a: Festin celestial|Foul Play|p2a: Carlin\n|-damage|p2a: Carlin|0 fnt\n|faint|p2a: Carlin\n|\n|-damage|p1a: Festin celestial|15\/100 psn|[from] psn\n|upkeep\n|\n|t:|1701193380\n|switch|p2a: Daddy|Toxicroak, M, shiny|100\/100\n|-damage|p2a: Daddy|94\/100|[from] Stealth Rock\n|turn|13\n|\n|t:|1701193386\n|move|p2a: Daddy|Tera Blast|p1a: Festin celestial\n|-damage|p1a: Festin celestial|1\/100 psn\n|move|p1a: Festin celestial|Roost|p1a: Festin celestial\n|-heal|p1a: Festin celestial|51\/100 psn\n|-singleturn|p1a: Festin celestial|move: Roost\n|\n|-damage|p1a: Festin celestial|39\/100 psn|[from] Leech Seed|[of] p2a: Daddy\n|-heal|p2a: Daddy|100\/100|[silent]\n|-damage|p1a: Festin celestial|27\/100 psn|[from] psn\n|upkeep\n|turn|14\n|\n|t:|1701193395\n|move|p2a: Daddy|Rain Dance|p2a: Daddy\n|-weather|RainDance\n|move|p1a: Festin celestial|Roost|p1a: Festin celestial\n|-heal|p1a: Festin celestial|77\/100 psn\n|-singleturn|p1a: Festin celestial|move: Roost\n|\n|-weather|RainDance|[upkeep]\n|-damage|p1a: Festin celestial|65\/100 psn|[from] Leech Seed|[of] p2a: Daddy\n|-damage|p1a: Festin celestial|52\/100 psn|[from] psn\n|upkeep\n|turn|15\n|\n|t:|1701193405\n|switch|p1a: Prueba nomas|Landorus-Therian, M|75\/100\n|-ability|p1a: Prueba nomas|Intimidate|boost\n|-unboost|p2a: Daddy|atk|1\n|move|p2a: Daddy|Tera Blast|p1a: Prueba nomas\n|-damage|p1a: Prueba nomas|54\/100\n|\n|-weather|RainDance|[upkeep]\n|upkeep\n|turn|16\n|\n|t:|1701193413\n|move|p1a: Prueba nomas|Earthquake|p2a: Daddy\n|-supereffective|p2a: Daddy\n|-damage|p2a: Daddy|0 fnt\n|faint|p2a: Daddy\n|\n|-weather|RainDance|[upkeep]\n|upkeep\n|\n|t:|1701193436\n|switch|p2a: Samurott|Samurott, F|100\/100\n|-damage|p2a: Samurott|88\/100|[from] Stealth Rock\n|turn|17\n|\n|t:|1701193450\n|switch|p1a: Festin celestial|Mandibuzz, F|52\/100 psn\n|move|p2a: Samurott|Blizzard|p1a: Festin celestial\n|-supereffective|p1a: Festin celestial\n|-damage|p1a: Festin celestial|9\/100 psn\n|\n|-weather|RainDance|[upkeep]\n|-damage|p1a: Festin celestial|0 fnt|[from] psn\n|faint|p1a: Festin celestial\n|upkeep\n|\n|t:|1701193458\n|switch|p1a: Jarcres|Jolteon, F|100\/100\n|turn|18\n|\n|t:|1701193468\n|switch|p2a: Eelektross|Eelektross, M|50\/100\n|-damage|p2a: Eelektross|38\/100|[from] Stealth Rock\n|move|p1a: Jarcres|Volt Switch|p2a: Eelektross\n|-resisted|p2a: Eelektross\n|-damage|p2a: Eelektross|17\/100\n|\n|t:|1701193472\n|switch|p1a: Cacahuate|Dragonite, F|100\/100|[from] Volt Switch\n|\n|-weather|none\n|upkeep\n|turn|19\n|\n|t:|1701193490\n|move|p1a: Cacahuate|Extreme Speed|p2a: Eelektross\n|-damage|p2a: Eelektross|0 fnt\n|faint|p2a: Eelektross\n|\n|upkeep\n|\n|t:|1701193501\n|switch|p2a: Samurott|Samurott, F|88\/100\n|-damage|p2a: Samurott|76\/100|[from] Stealth Rock\n|turn|20\n|\n|t:|1701193508\n|move|p1a: Cacahuate|Dragon Dance|p1a: Cacahuate\n|-boost|p1a: Cacahuate|atk|1\n|-boost|p1a: Cacahuate|spe|1\n|move|p2a: Samurott|Blizzard|p1a: Cacahuate|[miss]\n|-miss|p2a: Samurott|p1a: Cacahuate\n|\n|upkeep\n|turn|21\n|\n|t:|1701193512\n|-terastallize|p1a: Cacahuate|Normal\n|move|p1a: Cacahuate|Dragon Dance|p1a: Cacahuate\n|-boost|p1a: Cacahuate|atk|1\n|-boost|p1a: Cacahuate|spe|1\n|move|p2a: Samurott|Blizzard|p1a: Cacahuate\n|-damage|p1a: Cacahuate|86\/100\n|\n|upkeep\n|turn|22\n|\n|t:|1701193519\n|move|p1a: Cacahuate|Dragon Dance|p1a: Cacahuate\n|-boost|p1a: Cacahuate|atk|1\n|-boost|p1a: Cacahuate|spe|1\n|move|p2a: Samurott|Blizzard|p1a: Cacahuate|[miss]\n|-miss|p2a: Samurott|p1a: Cacahuate\n|\n|upkeep\n|turn|23\n|\n|t:|1701193530\n|move|p1a: Cacahuate|Dragon Dance|p1a: Cacahuate\n|-boost|p1a: Cacahuate|atk|1\n|-boost|p1a: Cacahuate|spe|1\n|move|p2a: Samurott|Blizzard|p1a: Cacahuate|[miss]\n|-miss|p2a: Samurott|p1a: Cacahuate\n|\n|upkeep\n|turn|24\n|\n|t:|1701193557\n|move|p1a: Cacahuate|Dragon Dance|p1a: Cacahuate\n|-boost|p1a: Cacahuate|atk|1\n|-boost|p1a: Cacahuate|spe|1\n|move|p2a: Samurott|Blizzard|p1a: Cacahuate|[miss]\n|-miss|p2a: Samurott|p1a: Cacahuate\n|\n|upkeep\n|turn|25\n|-message|Biiarde 3 forfeited.\n|\n|win|AkiDes\n|raw|AkiDes's rating: 1090 &rarr; <strong>1115<\/strong><br \/>(+25 for winning)\n|raw|Biiarde 3's rating: 1068 &rarr; <strong>1049<\/strong><br \/>(-19 for losing)\n|l|\u2606Biiarde 3\n","uploadtime":1701193580,"views":1,"p1id":"akides","p2id":"biiarde3","formatid":"gen9ou","rating":1049,"private":0,"password":""}