{"id":"gen9ou-1990540355","p1":"Maxmillion999","p2":"Jrmoore896","format":"[Gen 9] OU","log":"|j|\u2606Maxmillion999\n|j|\u2606Jrmoore896\n|t:|1699979863\n|gametype|singles\n|player|p1|Maxmillion999|rei|1540\n|player|p2|Jrmoore896|lucas-gen4pt|1588\n|teamsize|p1|6\n|teamsize|p2|6\n|gen|9\n|tier|[Gen 9] OU\n|rated|\n|rule|Sleep Clause Mod: Limit one foe put to sleep\n|rule|Species Clause: Limit one of each Pok\u00e9mon\n|rule|OHKO Clause: OHKO moves are banned\n|rule|Evasion Items Clause: Evasion items are banned\n|rule|Evasion Moves Clause: Evasion moves are banned\n|rule|Endless Battle Clause: Forcing endless battles is banned\n|rule|HP Percentage Mod: HP is shown in percentages\n|clearpoke\n|poke|p1|Garchomp, M|\n|poke|p1|Heatran, F|\n|poke|p1|Samurott-Hisui, F|\n|poke|p1|Dragapult, M|\n|poke|p1|Corviknight, F|\n|poke|p1|Zapdos-Galar|\n|poke|p2|Sneasler, M|\n|poke|p2|Rillaboom, M|\n|poke|p2|Dondozo, M|\n|poke|p2|Clodsire, M|\n|poke|p2|Great Tusk|\n|poke|p2|Enamorus, F|\n|teampreview\n|inactive|Battle timer is ON: inactive players will automatically lose when time's up. (requested by Maxmillion999)\n|\n|t:|1699979874\n|start\n|switch|p1a: Zapdos|Zapdos-Galar|100\/100\n|switch|p2a: Rillaboom|Rillaboom, M|100\/100\n|-fieldstart|move: Grassy Terrain|[from] ability: Grassy Surge|[of] p2a: Rillaboom\n|turn|1\n|\n|t:|1699979883\n|switch|p2a: Enamorus|Enamorus, F|100\/100\n|move|p1a: Zapdos|U-turn|p2a: Enamorus\n|-resisted|p2a: Enamorus\n|-crit|p2a: Enamorus\n|-damage|p2a: Enamorus|80\/100\n|\n|t:|1699979894\n|switch|p1a: Corviknight|Corviknight, F|100\/100|[from] U-turn\n|-ability|p1a: Corviknight|Pressure\n|\n|upkeep\n|turn|2\n|\n|t:|1699979903\n|switch|p2a: Dondozo|Dondozo, M|100\/100\n|move|p1a: Corviknight|Brave Bird|p2a: Dondozo\n|-damage|p2a: Dondozo|83\/100\n|-damage|p1a: Corviknight|93\/100|[from] Recoil\n|\n|-heal|p2a: Dondozo|89\/100|[from] Grassy Terrain\n|-heal|p2a: Dondozo|96\/100|[from] item: Leftovers\n|upkeep\n|turn|3\n|\n|t:|1699979914\n|move|p1a: Corviknight|U-turn|p2a: Dondozo\n|-damage|p2a: Dondozo|89\/100\n|\n|t:|1699979927\n|switch|p1a: Samurott|Samurott-Hisui, F|100\/100|[from] U-turn\n|move|p2a: Dondozo|Curse|p2a: Dondozo\n|-unboost|p2a: Dondozo|spe|1\n|-boost|p2a: Dondozo|atk|1\n|-boost|p2a: Dondozo|def|1\n|\n|-heal|p2a: Dondozo|95\/100|[from] Grassy Terrain\n|-heal|p2a: Dondozo|100\/100|[from] item: Leftovers\n|upkeep\n|turn|4\n|\n|t:|1699979939\n|move|p1a: Samurott|Knock Off|p2a: Dondozo\n|-damage|p2a: Dondozo|86\/100\n|-enditem|p2a: Dondozo|Leftovers|[from] move: Knock Off|[of] p1a: Samurott\n|move|p2a: Dondozo|Curse|p2a: Dondozo\n|-unboost|p2a: Dondozo|spe|1\n|-boost|p2a: Dondozo|atk|1\n|-boost|p2a: Dondozo|def|1\n|\n|-heal|p2a: Dondozo|92\/100|[from] Grassy Terrain\n|upkeep\n|turn|5\n|\n|t:|1699979959\n|switch|p1a: Corviknight|Corviknight, F|93\/100\n|-ability|p1a: Corviknight|Pressure\n|move|p2a: Dondozo|Earthquake|p1a: Corviknight\n|-immune|p1a: Corviknight\n|\n|-heal|p2a: Dondozo|98\/100|[from] Grassy Terrain\n|-fieldend|move: Grassy Terrain\n|upkeep\n|turn|6\n|\n|t:|1699979971\n|move|p1a: Corviknight|U-turn|p2a: Dondozo\n|-damage|p2a: Dondozo|95\/100\n|\n|t:|1699979974\n|switch|p1a: Dragapult|Dragapult, M|100\/100|[from] U-turn\n|move|p2a: Dondozo|Curse|p2a: Dondozo\n|-unboost|p2a: Dondozo|spe|1\n|-boost|p2a: Dondozo|atk|1\n|-boost|p2a: Dondozo|def|1\n|\n|upkeep\n|turn|7\n|\n|t:|1699979984\n|move|p1a: Dragapult|Draco Meteor|p2a: Dondozo\n|-damage|p2a: Dondozo|15\/100\n|-unboost|p1a: Dragapult|spa|2\n|move|p2a: Dondozo|Earthquake|p1a: Dragapult\n|-damage|p1a: Dragapult|13\/100\n|\n|upkeep\n|turn|8\n|\n|t:|1699979993\n|switch|p2a: Enamorus|Enamorus, F|80\/100\n|move|p1a: Dragapult|Draco Meteor|p2a: Enamorus\n|-immune|p2a: Enamorus\n|\n|upkeep\n|turn|9\n|\n|t:|1699980003\n|switch|p1a: Corviknight|Corviknight, F|93\/100\n|-ability|p1a: Corviknight|Pressure\n|move|p2a: Enamorus|Moonblast|p1a: Corviknight\n|-resisted|p1a: Corviknight\n|-damage|p1a: Corviknight|65\/100\n|\n|upkeep\n|turn|10\n|\n|t:|1699980018\n|switch|p2a: Dondozo|Dondozo, M|15\/100\n|move|p1a: Corviknight|U-turn|p2a: Dondozo\n|-damage|p2a: Dondozo|8\/100\n|\n|t:|1699980026\n|switch|p1a: Dragapult|Dragapult, M|13\/100|[from] U-turn\n|\n|upkeep\n|turn|11\n|\n|t:|1699980032\n|switch|p2a: Clodsire|Clodsire, M, shiny|100\/100\n|move|p1a: Dragapult|Shadow Ball|p2a: Clodsire\n|-damage|p2a: Clodsire|73\/100\n|\n|-heal|p2a: Clodsire|80\/100|[from] item: Leftovers\n|upkeep\n|turn|12\n|\n|t:|1699980043\n|switch|p1a: Corviknight|Corviknight, F|65\/100\n|-ability|p1a: Corviknight|Pressure\n|move|p2a: Clodsire|Stealth Rock|p1a: Corviknight\n|-sidestart|p1: Maxmillion999|move: Stealth Rock\n|\n|-heal|p2a: Clodsire|86\/100|[from] item: Leftovers\n|upkeep\n|turn|13\n|\n|t:|1699980059\n|switch|p2a: Rillaboom|Rillaboom, M|100\/100\n|-fieldstart|move: Grassy Terrain|[from] ability: Grassy Surge|[of] p2a: Rillaboom\n|move|p1a: Corviknight|Defog|p2a: Rillaboom\n|-unboost|p2a: Rillaboom|evasion|1\n|-sideend|p1: Maxmillion999|Stealth Rock|[from] move: Defog|[of] p1a: Corviknight\n|-fieldend|move: Grassy Terrain\n|\n|upkeep\n|turn|14\n|\n|t:|1699980070\n|move|p2a: Rillaboom|Knock Off|p1a: Corviknight\n|-damage|p1a: Corviknight|32\/100\n|-damage|p2a: Rillaboom|84\/100|[from] item: Rocky Helmet|[of] p1a: Corviknight\n|-enditem|p1a: Corviknight|Rocky Helmet|[from] move: Knock Off|[of] p2a: Rillaboom\n|move|p1a: Corviknight|U-turn|p2a: Rillaboom\n|-supereffective|p2a: Rillaboom\n|-damage|p2a: Rillaboom|56\/100\n|\n|t:|1699980081\n|switch|p1a: Zapdos|Zapdos-Galar|100\/100|[from] U-turn\n|\n|upkeep\n|turn|15\n|\n|t:|1699980089\n|switch|p2a: Dondozo|Dondozo, M|8\/100\n|move|p1a: Zapdos|Brave Bird|p2a: Dondozo\n|-damage|p2a: Dondozo|0 fnt\n|faint|p2a: Dondozo\n|-damage|p1a: Zapdos|97\/100|[from] Recoil\n|\n|upkeep\n|\n|t:|1699980099\n|switch|p2a: Enamorus|Enamorus, F|80\/100\n|turn|16\n|\n|t:|1699980104\n|switch|p1a: Heatran|Heatran, F|100\/100\n|move|p2a: Enamorus|Moonblast|p1a: Heatran\n|-resisted|p1a: Heatran\n|-damage|p1a: Heatran|87\/100\n|\n|-heal|p1a: Heatran|93\/100|[from] item: Leftovers\n|upkeep\n|turn|17\n|\n|t:|1699980118\n|switch|p2a: Rillaboom|Rillaboom, M|56\/100\n|-fieldstart|move: Grassy Terrain|[from] ability: Grassy Surge|[of] p2a: Rillaboom\n|switch|p1a: Corviknight|Corviknight, F|32\/100\n|-ability|p1a: Corviknight|Pressure\n|\n|-heal|p2a: Rillaboom|62\/100|[from] Grassy Terrain\n|upkeep\n|turn|18\n|\n|t:|1699980135\n|move|p2a: Rillaboom|U-turn|p1a: Corviknight\n|-resisted|p1a: Corviknight\n|-damage|p1a: Corviknight|26\/100\n|\n|t:|1699980141\n|switch|p2a: Sneasler|Sneasler, M, shiny|100\/100|[from] U-turn\n|-enditem|p2a: Sneasler|Grassy Seed\n|-boost|p2a: Sneasler|def|1|[from] item: Grassy Seed\n|move|p1a: Corviknight|Roost|p1a: Corviknight\n|-heal|p1a: Corviknight|76\/100\n|-singleturn|p1a: Corviknight|move: Roost\n|\n|-heal|p1a: Corviknight|82\/100|[from] Grassy Terrain\n|upkeep\n|turn|19\n|inactive|Maxmillion999 has 120 seconds left.\n|\n|t:|1699980186\n|-terastallize|p2a: Sneasler|Flying\n|-terastallize|p1a: Corviknight|Flying\n|move|p2a: Sneasler|Swords Dance|p2a: Sneasler\n|-boost|p2a: Sneasler|atk|2\n|move|p1a: Corviknight|Brave Bird|p2a: Sneasler\n|-damage|p2a: Sneasler|48\/100\n|-damage|p1a: Corviknight|69\/100|[from] Recoil\n|\n|upkeep\n|turn|20\n|inactive|Maxmillion999 has 120 seconds left.\n|\n|t:|1699980202\n|move|p2a: Sneasler|Acrobatics|p1a: Corviknight\n|-damage|p1a: Corviknight|0 fnt\n|faint|p1a: Corviknight\n|\n|upkeep\n|\n|t:|1699980214\n|switch|p1a: Garchomp|Garchomp, M|100\/100\n|turn|21\n|\n|t:|1699980225\n|move|p2a: Sneasler|Acrobatics|p1a: Garchomp\n|-damage|p1a: Garchomp|0 fnt\n|-damage|p2a: Sneasler|36\/100|[from] ability: Rough Skin|[of] p1a: Garchomp\n|faint|p1a: Garchomp\n|\n|-fieldend|move: Grassy Terrain\n|upkeep\n|\n|t:|1699980238\n|switch|p1a: Dragapult|Dragapult, M|13\/100\n|turn|22\n|\n|t:|1699980242\n|move|p2a: Sneasler|Dire Claw|p1a: Dragapult\n|-resisted|p1a: Dragapult\n|-damage|p1a: Dragapult|0 fnt\n|faint|p1a: Dragapult\n|\n|upkeep\n|-message|Maxmillion999 forfeited.\n|\n|win|Jrmoore896\n|raw|Maxmillion999's rating: 1540 &rarr; <strong>1523<\/strong><br \/>(-17 for losing)\n|raw|Jrmoore896's rating: 1588 &rarr; <strong>1605<\/strong><br \/>(+17 for winning)\n|l|\u2606Maxmillion999\n","uploadtime":1699980270,"views":4,"p1id":"maxmillion999","p2id":"jrmoore896","formatid":"gen9ou","rating":1523,"private":0,"password":""}