{"id":"gen9ou-1999502433","p1":"Master runt","p2":"combat wattson","format":"[Gen 9] OU","log":"|j|\u2606Master runt\n|j|\u2606combat wattson\n|t:|1701089799\n|gametype|singles\n|player|p1|Master runt|1|1104\n|player|p2|combat wattson|wattson|1021\n|teamsize|p1|6\n|teamsize|p2|6\n|gen|9\n|tier|[Gen 9] OU\n|rated|\n|rule|Sleep Clause Mod: Limit one foe put to sleep\n|rule|Species Clause: Limit one of each Pok\u00e9mon\n|rule|OHKO Clause: OHKO moves are banned\n|rule|Evasion Items Clause: Evasion items are banned\n|rule|Evasion Moves Clause: Evasion moves are banned\n|rule|Endless Battle Clause: Forcing endless battles is banned\n|rule|HP Percentage Mod: HP is shown in percentages\n|clearpoke\n|poke|p1|Cinderace, F|\n|poke|p1|Iron Hands|\n|poke|p1|Ogerpon-Wellspring, F|\n|poke|p1|Grimmsnarl, M|\n|poke|p1|Glimmora, M|\n|poke|p1|Iron Moth|\n|poke|p2|Forretress, M|\n|poke|p2|Glimmora, F|\n|poke|p2|Kingambit, F|\n|poke|p2|Staraptor, F|\n|poke|p2|Primeape, M|\n|poke|p2|Drifblim, F|\n|teampreview\n|\n|t:|1701089804\n|start\n|switch|p1a: Grimmsnarl|Grimmsnarl, M|100\/100\n|switch|p2a: Glimmora|Glimmora, F|100\/100\n|turn|1\n|\n|t:|1701089810\n|move|p1a: Grimmsnarl|Light Screen|p1a: Grimmsnarl\n|-sidestart|p1: Master runt|move: Light Screen\n|move|p2a: Glimmora|Stealth Rock|p1a: Grimmsnarl\n|-sidestart|p1: Master runt|move: Stealth Rock\n|\n|upkeep\n|turn|2\n|\n|t:|1701089815\n|move|p1a: Grimmsnarl|Reflect|p1a: Grimmsnarl\n|-sidestart|p1: Master runt|Reflect\n|move|p2a: Glimmora|Spikes|p1a: Grimmsnarl\n|-sidestart|p1: Master runt|Spikes\n|\n|upkeep\n|turn|3\n|\n|t:|1701089819\n|move|p1a: Grimmsnarl|Taunt|p2a: Glimmora\n|-start|p2a: Glimmora|move: Taunt\n|cant|p2a: Glimmora|move: Taunt|Spikes\n|\n|upkeep\n|turn|4\n|\n|t:|1701089826\n|move|p1a: Grimmsnarl|Parting Shot|p2a: Glimmora\n|-unboost|p2a: Glimmora|atk|1\n|-unboost|p2a: Glimmora|spa|1\n|\n|t:|1701089828\n|switch|p1a: Iron Moth|Iron Moth|100\/100|[from] Parting Shot\n|-damage|p1a: Iron Moth|76\/100|[from] Stealth Rock\n|-damage|p1a: Iron Moth|63\/100|[from] Spikes\n|-enditem|p1a: Iron Moth|Booster Energy\n|-activate|p1a: Iron Moth|ability: Quark Drive|[fromitem]\n|-start|p1a: Iron Moth|quarkdrivespe\n|move|p2a: Glimmora|Explosion|p1a: Iron Moth\n|-damage|p1a: Iron Moth|37\/100\n|faint|p2a: Glimmora\n|\n|upkeep\n|\n|t:|1701089840\n|switch|p2a: Forretress|Forretress, M|100\/100\n|turn|5\n|\n|t:|1701089845\n|move|p1a: Iron Moth|Fiery Dance|p2a: Forretress\n|-supereffective|p2a: Forretress\n|-ability|p2a: Forretress|Sturdy\n|-damage|p2a: Forretress|1\/100\n|-boost|p1a: Iron Moth|spa|1\n|move|p2a: Forretress|Explosion|p1a: Iron Moth\n|-damage|p1a: Iron Moth|0 fnt\n|faint|p2a: Forretress\n|faint|p1a: Iron Moth\n|-end|p1a: Iron Moth|Quark Drive|[silent]\n|\n|upkeep\n|\n|t:|1701089856\n|switch|p1a: Cinderace|Cinderace, F|100\/100\n|switch|p2a: Primeape|Primeape, M|100\/100\n|turn|6\n|\n|t:|1701089861\n|move|p1a: Cinderace|Pyro Ball|p2a: Primeape\n|-damage|p2a: Primeape|0 fnt\n|faint|p2a: Primeape\n|\n|upkeep\n|\n|t:|1701089865\n|switch|p2a: Drifblim|Drifblim, F|100\/100\n|turn|7\n|\n|t:|1701089870\n|move|p1a: Cinderace|Pyro Ball|p2a: Drifblim\n|-damage|p2a: Drifblim|16\/100\n|move|p2a: Drifblim|Destiny Bond|p2a: Drifblim\n|-singlemove|p2a: Drifblim|Destiny Bond\n|\n|upkeep\n|turn|8\n|\n|t:|1701089884\n|switch|p1a: Grimmsnarl|Grimmsnarl, M|100\/100\n|-damage|p1a: Grimmsnarl|88\/100|[from] Stealth Rock\n|-damage|p1a: Grimmsnarl|76\/100|[from] Spikes\n|move|p2a: Drifblim|Explosion|p1a: Grimmsnarl\n|-damage|p1a: Grimmsnarl|18\/100\n|faint|p2a: Drifblim\n|\n|-sideend|p1: Master runt|move: Light Screen\n|upkeep\n|\n|t:|1701089894\n|switch|p2a: Staraptor|Staraptor, F|100\/100\n|turn|9\n|\n|t:|1701089909\n|move|p1a: Grimmsnarl|Reflect||[still]\n|-fail|p1a: Grimmsnarl\n|move|p2a: Staraptor|Double-Edge|p1a: Grimmsnarl\n|-damage|p1a: Grimmsnarl|0 fnt\n|faint|p1a: Grimmsnarl\n|-damage|p2a: Staraptor|93\/100|[from] Recoil\n|\n|-sideend|p1: Master runt|Reflect\n|upkeep\n|\n|t:|1701089915\n|switch|p1a: Glimmora|Glimmora, M|100\/100\n|-damage|p1a: Glimmora|88\/100|[from] Stealth Rock\n|-damage|p1a: Glimmora|76\/100|[from] Spikes\n|turn|10\n|\n|t:|1701089929\n|move|p2a: Staraptor|Final Gambit|p1a: Glimmora\n|-damage|p1a: Glimmora|0 fnt\n|faint|p2a: Staraptor\n|faint|p1a: Glimmora\n|\n|upkeep\n|\n|t:|1701089934\n|switch|p2a: Kingambit|Kingambit, F|100\/100\n|switch|p1a: Iron Hands|Iron Hands|100\/100\n|-activate|p2a: Kingambit|ability: Supreme Overlord\n|-start|p2a: Kingambit|fallen5|[silent]\n|-damage|p1a: Iron Hands|94\/100|[from] Stealth Rock\n|-damage|p1a: Iron Hands|82\/100|[from] Spikes\n|-enditem|p1a: Iron Hands|Booster Energy\n|-activate|p1a: Iron Hands|ability: Quark Drive|[fromitem]\n|-start|p1a: Iron Hands|quarkdriveatk\n|turn|11\n|inactive|Battle timer is ON: inactive players will automatically lose when time's up. (requested by Master runt)\n|\n|t:|1701089949\n|-terastallize|p2a: Kingambit|Fairy\n|move|p2a: Kingambit|Swords Dance|p2a: Kingambit\n|-boost|p2a: Kingambit|atk|2\n|move|p1a: Iron Hands|Drain Punch|p2a: Kingambit\n|-resisted|p2a: Kingambit\n|-damage|p2a: Kingambit|76\/100\n|-heal|p1a: Iron Hands|91\/100|[from] drain|[of] p2a: Kingambit\n|\n|upkeep\n|turn|12\n|\n|t:|1701089965\n|move|p2a: Kingambit|Kowtow Cleave|p1a: Iron Hands\n|-resisted|p1a: Iron Hands\n|-damage|p1a: Iron Hands|39\/100\n|move|p1a: Iron Hands|Swords Dance|p1a: Iron Hands\n|-boost|p1a: Iron Hands|atk|2\n|\n|upkeep\n|turn|13\n|\n|t:|1701089972\n|move|p2a: Kingambit|Kowtow Cleave|p1a: Iron Hands\n|-resisted|p1a: Iron Hands\n|-damage|p1a: Iron Hands|0 fnt\n|faint|p1a: Iron Hands\n|-end|p1a: Iron Hands|Quark Drive|[silent]\n|\n|upkeep\n|\n|t:|1701089975\n|switch|p1a: Cinderace|Cinderace, F|100\/100\n|turn|14\n|\n|t:|1701089984\n|-terastallize|p1a: Cinderace|Fire\n|move|p1a: Cinderace|Pyro Ball|p2a: Kingambit|[miss]\n|-miss|p1a: Cinderace|p2a: Kingambit\n|move|p2a: Kingambit|Kowtow Cleave|p1a: Cinderace\n|-damage|p1a: Cinderace|0 fnt\n|faint|p1a: Cinderace\n|\n|upkeep\n|\n|t:|1701089988\n|switch|p1a: Ogerpon|Ogerpon-Wellspring, F|100\/100\n|-damage|p1a: Ogerpon|88\/100|[from] Stealth Rock\n|-damage|p1a: Ogerpon|76\/100|[from] Spikes\n|turn|15\n|\n|t:|1701089999\n|move|p1a: Ogerpon|Ivy Cudgel|p2a: Kingambit|[anim] Ivy Cudgel Water\n|-damage|p2a: Kingambit|23\/100\n|-enditem|p2a: Kingambit|Salac Berry|[eat]\n|-boost|p2a: Kingambit|spe|1|[from] item: Salac Berry\n|move|p2a: Kingambit|Kowtow Cleave|p1a: Ogerpon\n|-crit|p1a: Ogerpon\n|-damage|p1a: Ogerpon|0 fnt\n|faint|p1a: Ogerpon\n|\n|win|combat wattson\n|raw|Master runt's rating: 1104 &rarr; <strong>1073<\/strong><br \/>(-31 for losing)\n|raw|combat wattson's rating: 1021 &rarr; <strong>1066<\/strong><br \/>(+45 for winning)\n|l|\u2606Master runt\n","uploadtime":1701090015,"views":18,"p1id":"masterrunt","p2id":"combatwattson","formatid":"gen9ou","rating":1066,"private":0,"password":""}