{"id":"gen9ou-1992126994","p1":"GrassyStandard","p2":"Kefneko","format":"[Gen 9] OU","log":"|j|\u2606GrassyStandard\n|j|\u2606Kefneko\n|t:|1700157279\n|gametype|singles\n|player|p1|GrassyStandard|koga|1169\n|player|p2|Kefneko|li|1096\n|teamsize|p1|6\n|teamsize|p2|6\n|gen|9\n|tier|[Gen 9] OU\n|rated|\n|rule|Sleep Clause Mod: Limit one foe put to sleep\n|rule|Species Clause: Limit one of each Pok\u00e9mon\n|rule|OHKO Clause: OHKO moves are banned\n|rule|Evasion Items Clause: Evasion items are banned\n|rule|Evasion Moves Clause: Evasion moves are banned\n|rule|Endless Battle Clause: Forcing endless battles is banned\n|rule|HP Percentage Mod: HP is shown in percentages\n|clearpoke\n|poke|p1|Ogerpon-Wellspring, F|\n|poke|p1|Rillaboom, F|\n|poke|p1|Sneasler, F|\n|poke|p1|Zamazenta-*|\n|poke|p1|Hatterene, F|\n|poke|p1|Heatran, M|\n|poke|p2|Iron Valiant|\n|poke|p2|Haxorus, M|\n|poke|p2|Zamazenta-*|\n|poke|p2|Heatran, F|\n|poke|p2|Zapdos|\n|poke|p2|Great Tusk|\n|teampreview\n|inactive|Battle timer is ON: inactive players will automatically lose when time's up. (requested by Kefneko)\n|\n|t:|1700157300\n|start\n|switch|p1a: Monke|Rillaboom, F|100\/100\n|switch|p2a: 8FGT|Heatran, F|100\/100\n|-fieldstart|move: Grassy Terrain|[from] ability: Grassy Surge|[of] p1a: Monke\n|turn|1\n|\n|t:|1700157307\n|switch|p1a: ShineBright|Heatran, M|100\/100\n|-item|p1a: ShineBright|Air Balloon\n|move|p2a: 8FGT|Earth Power|p1a: ShineBright\n|-immune|p1a: ShineBright\n|\n|upkeep\n|turn|2\n|\n|t:|1700157316\n|switch|p2a: Homosexual|Zapdos|100\/100\n|move|p1a: ShineBright|Earth Power|p2a: Homosexual\n|-immune|p2a: Homosexual\n|\n|upkeep\n|turn|3\n|\n|t:|1700157319\n|move|p2a: Homosexual|Thunderbolt|p1a: ShineBright\n|-damage|p1a: ShineBright|74\/100\n|-enditem|p1a: ShineBright|Air Balloon\n|move|p1a: ShineBright|Magma Storm|p2a: Homosexual\n|-damage|p2a: Homosexual|54\/100\n|-activate|p2a: Homosexual|move: Magma Storm|[of] p1a: ShineBright\n|\n|-heal|p1a: ShineBright|80\/100|[from] Grassy Terrain\n|-damage|p2a: Homosexual|41\/100|[from] move: Magma Storm|[partiallytrapped]\n|upkeep\n|turn|4\n|\n|t:|1700157325\n|move|p2a: Homosexual|Hurricane|p1a: ShineBright|[miss]\n|-miss|p2a: Homosexual|p1a: ShineBright\n|move|p1a: ShineBright|Taunt|p2a: Homosexual\n|-start|p2a: Homosexual|move: Taunt\n|\n|-heal|p1a: ShineBright|86\/100|[from] Grassy Terrain\n|-damage|p2a: Homosexual|29\/100|[from] move: Magma Storm|[partiallytrapped]\n|upkeep\n|turn|5\n|\n|t:|1700157330\n|move|p2a: Homosexual|Hurricane|p1a: ShineBright\n|-resisted|p1a: ShineBright\n|-damage|p1a: ShineBright|68\/100\n|move|p1a: ShineBright|Magma Storm|p2a: Homosexual\n|-damage|p2a: Homosexual|0 fnt\n|faint|p2a: Homosexual\n|\n|-heal|p1a: ShineBright|74\/100|[from] Grassy Terrain\n|-fieldend|move: Grassy Terrain\n|upkeep\n|\n|t:|1700157341\n|switch|p2a: Haxorus|Haxorus, M|100\/100\n|-ability|p2a: Haxorus|Mold Breaker\n|turn|6\n|\n|t:|1700157344\n|move|p2a: Haxorus|Dragon Dance|p2a: Haxorus\n|-boost|p2a: Haxorus|atk|1\n|-boost|p2a: Haxorus|spe|1\n|move|p1a: ShineBright|Will-O-Wisp|p2a: Haxorus|[miss]\n|-miss|p1a: ShineBright|p2a: Haxorus\n|\n|upkeep\n|turn|7\n|\n|t:|1700157349\n|move|p2a: Haxorus|Dragon Dance|p2a: Haxorus\n|-boost|p2a: Haxorus|atk|1\n|-boost|p2a: Haxorus|spe|1\n|move|p1a: ShineBright|Will-O-Wisp|p2a: Haxorus|[miss]\n|-miss|p1a: ShineBright|p2a: Haxorus\n|\n|upkeep\n|turn|8\n|\n|t:|1700157354\n|move|p2a: Haxorus|Earthquake|p1a: ShineBright\n|-supereffective|p1a: ShineBright\n|-damage|p1a: ShineBright|0 fnt\n|faint|p1a: ShineBright\n|\n|upkeep\n|c|\u2606GrassyStandard|Bruh\n|\n|t:|1700157365\n|switch|p1a: Monke|Rillaboom, F|100\/100\n|-fieldstart|move: Grassy Terrain|[from] ability: Grassy Surge|[of] p1a: Monke\n|turn|9\n|c|\u2606Kefneko|we take those\n|\n|t:|1700157372\n|move|p1a: Monke|Grassy Glide|p2a: Haxorus\n|-resisted|p2a: Haxorus\n|-damage|p2a: Haxorus|65\/100\n|move|p2a: Haxorus|Poison Jab|p1a: Monke\n|-supereffective|p1a: Monke\n|-damage|p1a: Monke|0 fnt\n|faint|p1a: Monke\n|\n|-heal|p2a: Haxorus|71\/100|[from] Grassy Terrain\n|upkeep\n|\n|t:|1700157378\n|switch|p1a: GoldenGun|Sneasler, F, shiny|100\/100\n|-enditem|p1a: GoldenGun|Grassy Seed\n|-boost|p1a: GoldenGun|def|1|[from] item: Grassy Seed\n|turn|10\n|\n|t:|1700157387\n|move|p1a: GoldenGun|Dire Claw|p2a: Haxorus\n|-damage|p2a: Haxorus|17\/100\n|move|p2a: Haxorus|Earthquake|p1a: GoldenGun\n|-supereffective|p1a: GoldenGun\n|-damage|p1a: GoldenGun|14\/100\n|\n|-heal|p1a: GoldenGun|21\/100|[from] Grassy Terrain\n|-heal|p2a: Haxorus|23\/100|[from] Grassy Terrain\n|upkeep\n|turn|11\n|\n|t:|1700157403\n|move|p1a: GoldenGun|Dire Claw|p2a: Haxorus\n|-damage|p2a: Haxorus|0 fnt\n|faint|p2a: Haxorus\n|\n|-heal|p1a: GoldenGun|27\/100|[from] Grassy Terrain\n|upkeep\n|inactive|Kefneko has 120 seconds left.\n|\n|t:|1700157433\n|switch|p2a: Manny|Great Tusk|100\/100\n|turn|12\n|inactive|Kefneko has 120 seconds left.\n|\n|t:|1700157442\n|move|p1a: GoldenGun|Dire Claw|p2a: Manny\n|-resisted|p2a: Manny\n|-damage|p2a: Manny|84\/100\n|-status|p2a: Manny|slp\n|cant|p2a: Manny|slp\n|\n|-heal|p1a: GoldenGun|33\/100|[from] Grassy Terrain\n|-heal|p2a: Manny|90\/100 slp|[from] Grassy Terrain\n|upkeep\n|turn|13\n|\n|t:|1700157448\n|move|p1a: GoldenGun|Close Combat|p2a: Manny\n|-damage|p2a: Manny|38\/100 slp\n|-unboost|p1a: GoldenGun|def|1\n|-unboost|p1a: GoldenGun|spd|1\n|cant|p2a: Manny|slp\n|\n|-heal|p1a: GoldenGun|39\/100|[from] Grassy Terrain\n|-heal|p2a: Manny|44\/100 slp|[from] Grassy Terrain\n|-fieldend|move: Grassy Terrain\n|upkeep\n|turn|14\n|\n|t:|1700157456\n|-terastallize|p2a: Manny|Ghost\n|move|p1a: GoldenGun|Close Combat|p2a: Manny\n|-immune|p2a: Manny\n|-curestatus|p2a: Manny|slp|[msg]\n|move|p2a: Manny|Rapid Spin|p1a: GoldenGun\n|-damage|p1a: GoldenGun|12\/100\n|-boost|p2a: Manny|spe|1\n|\n|upkeep\n|turn|15\n|\n|t:|1700157465\n|move|p1a: GoldenGun|Dire Claw|p2a: Manny\n|-resisted|p2a: Manny\n|-damage|p2a: Manny|28\/100\n|-status|p2a: Manny|psn\n|move|p2a: Manny|Rapid Spin|p1a: GoldenGun\n|-damage|p1a: GoldenGun|0 fnt\n|-boost|p2a: Manny|spe|1\n|faint|p1a: GoldenGun\n|\n|-damage|p2a: Manny|16\/100 psn|[from] psn\n|upkeep\n|\n|t:|1700157475\n|switch|p1a: Fidora|Hatterene, F|100\/100\n|turn|16\n|\n|t:|1700157481\n|move|p2a: Manny|Earthquake|p1a: Fidora\n|-damage|p1a: Fidora|56\/100\n|move|p1a: Fidora|Draining Kiss|p2a: Manny\n|-damage|p2a: Manny|0 fnt\n|-heal|p1a: Fidora|69\/100|[from] drain|[of] p2a: Manny\n|faint|p2a: Manny\n|-end|p2a: Manny|Protosynthesis|[silent]\n|\n|upkeep\n|\n|t:|1700157488\n|switch|p2a: Fraud|Zamazenta|100\/100\n|-ability|p2a: Fraud|Dauntless Shield|boost\n|-boost|p2a: Fraud|def|1\n|turn|17\n|\n|t:|1700157500\n|-terastallize|p1a: Fidora|Water\n|move|p2a: Fraud|Heavy Slam|p1a: Fidora\n|-resisted|p1a: Fidora\n|-damage|p1a: Fidora|53\/100\n|move|p1a: Fidora|Nuzzle|p2a: Fraud\n|-damage|p2a: Fraud|98\/100\n|-status|p2a: Fraud|par\n|\n|-heal|p2a: Fraud|100\/100 par|[from] item: Leftovers\n|upkeep\n|turn|18\n|\n|t:|1700157508\n|cant|p2a: Fraud|par\n|move|p1a: Fidora|Calm Mind|p1a: Fidora\n|-boost|p1a: Fidora|spa|1\n|-boost|p1a: Fidora|spd|1\n|\n|upkeep\n|turn|19\n|\n|t:|1700157514\n|cant|p2a: Fraud|par\n|move|p1a: Fidora|Draining Kiss|p2a: Fraud\n|-supereffective|p2a: Fraud\n|-damage|p2a: Fraud|36\/100 par\n|-heal|p1a: Fidora|100\/100|[from] drain|[of] p2a: Fraud\n|\n|-heal|p2a: Fraud|42\/100 par|[from] item: Leftovers\n|upkeep\n|turn|20\n|\n|t:|1700157520\n|move|p2a: Fraud|Trailblaze|p1a: Fidora\n|-supereffective|p1a: Fidora\n|-damage|p1a: Fidora|72\/100\n|-boost|p2a: Fraud|spe|1\n|move|p1a: Fidora|Draining Kiss|p2a: Fraud\n|-supereffective|p2a: Fraud\n|-damage|p2a: Fraud|0 fnt\n|-heal|p1a: Fidora|100\/100|[from] drain|[of] p2a: Fraud\n|faint|p2a: Fraud\n|\n|upkeep\n|\n|t:|1700157524\n|switch|p2a: Iron Valiant|Iron Valiant|100\/100\n|-enditem|p2a: Iron Valiant|Booster Energy\n|-activate|p2a: Iron Valiant|ability: Quark Drive|[fromitem]\n|-start|p2a: Iron Valiant|quarkdrivespe\n|turn|21\n|\n|t:|1700157531\n|move|p2a: Iron Valiant|Spirit Break|p1a: Fidora\n|-damage|p1a: Fidora|67\/100\n|-unboost|p1a: Fidora|spa|1\n|move|p1a: Fidora|Draining Kiss|p2a: Iron Valiant\n|-supereffective|p2a: Iron Valiant\n|-damage|p2a: Iron Valiant|27\/100\n|-heal|p1a: Fidora|100\/100|[from] drain|[of] p2a: Iron Valiant\n|\n|upkeep\n|turn|22\n|\n|t:|1700157538\n|move|p2a: Iron Valiant|Spirit Break|p1a: Fidora\n|-crit|p1a: Fidora\n|-damage|p1a: Fidora|51\/100\n|-unboost|p1a: Fidora|spa|1\n|move|p1a: Fidora|Draining Kiss|p2a: Iron Valiant\n|-supereffective|p2a: Iron Valiant\n|-damage|p2a: Iron Valiant|0 fnt\n|-heal|p1a: Fidora|70\/100|[from] drain|[of] p2a: Iron Valiant\n|faint|p2a: Iron Valiant\n|-end|p2a: Iron Valiant|Quark Drive|[silent]\n|\n|upkeep\n|\n|t:|1700157541\n|switch|p2a: 8FGT|Heatran, F|100\/100\n|turn|23\n|\n|t:|1700157547\n|move|p2a: 8FGT|Magma Storm|p1a: Fidora\n|-resisted|p1a: Fidora\n|-damage|p1a: Fidora|48\/100\n|-activate|p1a: Fidora|move: Magma Storm|[of] p2a: 8FGT\n|move|p1a: Fidora|Nuzzle|p2a: 8FGT\n|-damage|p2a: 8FGT|97\/100\n|-status|p2a: 8FGT|par\n|\n|-damage|p1a: Fidora|36\/100|[from] move: Magma Storm|[partiallytrapped]\n|upkeep\n|turn|24\n|\n|t:|1700157555\n|move|p1a: Fidora|Draining Kiss|p2a: 8FGT\n|-resisted|p2a: 8FGT\n|-damage|p2a: 8FGT|94\/100 par\n|-heal|p1a: Fidora|39\/100|[from] drain|[of] p2a: 8FGT\n|cant|p2a: 8FGT|par\n|\n|-damage|p1a: Fidora|26\/100|[from] move: Magma Storm|[partiallytrapped]\n|upkeep\n|turn|25\n|\n|t:|1700157564\n|move|p1a: Fidora|Draining Kiss|p2a: 8FGT\n|-resisted|p2a: 8FGT\n|-damage|p2a: 8FGT|91\/100 par\n|-heal|p1a: Fidora|29\/100|[from] drain|[of] p2a: 8FGT\n|move|p2a: 8FGT|Earth Power|p1a: Fidora\n|-damage|p1a: Fidora|5\/100\n|\n|-damage|p1a: Fidora|0 fnt|[from] move: Magma Storm|[partiallytrapped]\n|faint|p1a: Fidora\n|upkeep\n|\n|t:|1700157567\n|switch|p1a: WashedUp|Ogerpon-Wellspring, F|100\/100\n|turn|26\n|\n|t:|1700157571\n|move|p1a: WashedUp|Ivy Cudgel|p2a: 8FGT|[anim] Ivy Cudgel Water\n|-supereffective|p2a: 8FGT\n|-damage|p2a: 8FGT|0 fnt\n|faint|p2a: 8FGT\n|\n|win|GrassyStandard\n|raw|GrassyStandard's rating: 1169 &rarr; <strong>1189<\/strong><br \/>(+20 for winning)\n|raw|Kefneko's rating: 1096 &rarr; <strong>1077<\/strong><br \/>(-19 for losing)\n|l|\u2606Kefneko\n","uploadtime":1700157578,"views":8,"p1id":"grassystandard","p2id":"kefneko","formatid":"gen9ou","rating":1077,"private":0,"password":""}