{"id":"gen9ou-1991888386","p1":"xWescombe","p2":"Diatere","format":"[Gen 9] OU","log":"|j|\u2606xWescombe\n|j|\u2606Diatere\n|t:|1700133986\n|gametype|singles\n|player|p1|xWescombe|carmine|1264\n|player|p2|Diatere|mina|1364\n|teamsize|p1|6\n|teamsize|p2|6\n|gen|9\n|tier|[Gen 9] OU\n|rated|\n|rule|Sleep Clause Mod: Limit one foe put to sleep\n|rule|Species Clause: Limit one of each Pok\u00e9mon\n|rule|OHKO Clause: OHKO moves are banned\n|rule|Evasion Items Clause: Evasion items are banned\n|rule|Evasion Moves Clause: Evasion moves are banned\n|rule|Endless Battle Clause: Forcing endless battles is banned\n|rule|HP Percentage Mod: HP is shown in percentages\n|clearpoke\n|poke|p1|Dondozo, F|\n|poke|p1|Gholdengo|\n|poke|p1|Iron Moth|\n|poke|p1|Kingambit, F|\n|poke|p1|Thundurus-Therian, M|\n|poke|p1|Corviknight, F|\n|poke|p2|Ninetales-Alola, M|\n|poke|p2|Sneasler, M|\n|poke|p2|Hatterene, F|\n|poke|p2|Manaphy|\n|poke|p2|Ogerpon-Cornerstone, F|\n|poke|p2|Rillaboom, M|\n|teampreview\n|inactive|Battle timer is ON: inactive players will automatically lose when time's up. (requested by xWescombe)\n|c|\u2606Diatere|glhf\n|c|\u2606xWescombe|u2\n|\n|t:|1700134004\n|start\n|switch|p1a: Thundurus|Thundurus-Therian, M|100\/100\n|switch|p2a: Tavros|Ninetales-Alola, M|100\/100\n|-weather|Snow|[from] ability: Snow Warning|[of] p2a: Tavros\n|turn|1\n|\n|t:|1700134029\n|move|p1a: Thundurus|Volt Switch|p2a: Tavros\n|-damage|p2a: Tavros|62\/100\n|\n|t:|1700134034\n|switch|p1a: Dondozo|Dondozo, F, shiny|100\/100|[from] Volt Switch\n|move|p2a: Tavros|Aurora Veil|p2a: Tavros\n|-sidestart|p2: Diatere|move: Aurora Veil\n|\n|-weather|Snow|[upkeep]\n|upkeep\n|turn|2\n|\n|t:|1700134044\n|switch|p2a: Gamzee|Rillaboom, M|100\/100\n|-fieldstart|move: Grassy Terrain|[from] ability: Grassy Surge|[of] p2a: Gamzee\n|move|p1a: Dondozo|Yawn|p2a: Gamzee\n|-start|p2a: Gamzee|move: Yawn|[of] p1a: Dondozo\n|\n|-weather|Snow|[upkeep]\n|upkeep\n|turn|3\n|\n|t:|1700134051\n|switch|p1a: Corviknight|Corviknight, F|100\/100\n|move|p2a: Gamzee|U-turn|p1a: Corviknight\n|-resisted|p1a: Corviknight\n|-damage|p1a: Corviknight|95\/100\n|-damage|p2a: Gamzee|84\/100|[from] item: Rocky Helmet|[of] p1a: Corviknight\n|\n|t:|1700134055\n|switch|p2a: Karkat|Sneasler, M|100\/100|[from] U-turn\n|-enditem|p2a: Karkat|Grassy Seed\n|-boost|p2a: Karkat|def|1|[from] item: Grassy Seed\n|\n|-weather|Snow|[upkeep]\n|upkeep\n|turn|4\n|\n|t:|1700134063\n|move|p2a: Karkat|Swords Dance|p2a: Karkat\n|-boost|p2a: Karkat|atk|2\n|move|p1a: Corviknight|Defog|p2a: Karkat\n|-unboost|p2a: Karkat|evasion|1\n|-sideend|p2: Diatere|move: Aurora Veil\n|-fieldend|move: Grassy Terrain\n|\n|-weather|Snow|[upkeep]\n|upkeep\n|turn|5\n|\n|t:|1700134086\n|move|p2a: Karkat|Close Combat|p1a: Corviknight\n|-damage|p1a: Corviknight|19\/100\n|-unboost|p2a: Karkat|def|1\n|-unboost|p2a: Karkat|spd|1\n|-damage|p2a: Karkat|84\/100|[from] item: Rocky Helmet|[of] p1a: Corviknight\n|move|p1a: Corviknight|Brave Bird|p2a: Karkat\n|-supereffective|p2a: Karkat\n|-damage|p2a: Karkat|0 fnt\n|faint|p2a: Karkat\n|-damage|p1a: Corviknight|0 fnt|[from] Recoil\n|faint|p1a: Corviknight\n|\n|-weather|none\n|upkeep\n|\n|t:|1700134101\n|switch|p2a: Tavros|Ninetales-Alola, M|62\/100\n|switch|p1a: Dondozo|Dondozo, F, shiny|100\/100\n|-weather|Snow|[from] ability: Snow Warning|[of] p2a: Tavros\n|turn|6\n|inactive|Diatere has 120 seconds left.\n|\n|t:|1700134135\n|move|p2a: Tavros|Aurora Veil|p2a: Tavros\n|-sidestart|p2: Diatere|move: Aurora Veil\n|move|p1a: Dondozo|Yawn|p2a: Tavros\n|-start|p2a: Tavros|move: Yawn|[of] p1a: Dondozo\n|\n|-weather|Snow|[upkeep]\n|upkeep\n|turn|7\n|\n|t:|1700134152\n|switch|p2a: Terezi|Manaphy|100\/100\n|switch|p1a: Iron Moth|Iron Moth|100\/100\n|-enditem|p1a: Iron Moth|Booster Energy\n|-activate|p1a: Iron Moth|ability: Quark Drive|[fromitem]\n|-start|p1a: Iron Moth|quarkdrivespe\n|\n|-weather|Snow|[upkeep]\n|upkeep\n|turn|8\n|\n|t:|1700134162\n|move|p1a: Iron Moth|Energy Ball|p2a: Terezi\n|-supereffective|p2a: Terezi\n|-damage|p2a: Terezi|73\/100\n|move|p2a: Terezi|Take Heart|p2a: Terezi\n|-boost|p2a: Terezi|spa|1\n|-boost|p2a: Terezi|spd|1\n|\n|-weather|Snow|[upkeep]\n|-heal|p2a: Terezi|80\/100|[from] item: Leftovers\n|upkeep\n|turn|9\n|inactive|Diatere has 120 seconds left.\n|\n|t:|1700134173\n|-end|p1a: Iron Moth|Quark Drive|[silent]\n|switch|p1a: Dondozo|Dondozo, F, shiny|100\/100\n|move|p2a: Terezi|Take Heart|p2a: Terezi\n|-boost|p2a: Terezi|spa|1\n|-boost|p2a: Terezi|spd|1\n|\n|-weather|Snow|[upkeep]\n|-heal|p2a: Terezi|86\/100|[from] item: Leftovers\n|upkeep\n|turn|10\n|\n|t:|1700134176\n|move|p2a: Terezi|Acid Armor|p2a: Terezi\n|-boost|p2a: Terezi|def|2\n|move|p1a: Dondozo|Yawn|p2a: Terezi\n|-start|p2a: Terezi|move: Yawn|[of] p1a: Dondozo\n|\n|-weather|none\n|-heal|p2a: Terezi|92\/100|[from] item: Leftovers\n|upkeep\n|turn|11\n|inactive|Diatere has 120 seconds left.\n|\n|t:|1700134193\n|move|p2a: Terezi|Take Heart|p2a: Terezi\n|-boost|p2a: Terezi|spa|1\n|-boost|p2a: Terezi|spd|1\n|move|p1a: Dondozo|Body Press|p2a: Terezi\n|-damage|p2a: Terezi|83\/100\n|\n|-heal|p2a: Terezi|89\/100|[from] item: Leftovers\n|-end|p2a: Terezi|move: Yawn|[silent]\n|-status|p2a: Terezi|slp\n|upkeep\n|turn|12\n|\n|t:|1700134203\n|cant|p2a: Terezi|slp\n|move|p1a: Dondozo|Curse|p1a: Dondozo\n|-unboost|p1a: Dondozo|spe|1\n|-boost|p1a: Dondozo|atk|1\n|-boost|p1a: Dondozo|def|1\n|\n|-heal|p2a: Terezi|95\/100 slp|[from] item: Leftovers\n|upkeep\n|turn|13\n|inactive|Diatere has 120 seconds left.\n|\n|t:|1700134225\n|cant|p2a: Terezi|slp\n|move|p1a: Dondozo|Body Press|p2a: Terezi\n|-damage|p2a: Terezi|82\/100 slp\n|\n|-heal|p2a: Terezi|88\/100 slp|[from] item: Leftovers\n|-sideend|p2: Diatere|move: Aurora Veil\n|upkeep\n|turn|14\n|\n|t:|1700134239\n|-curestatus|p2a: Terezi|slp|[msg]\n|move|p2a: Terezi|Acid Armor|p2a: Terezi\n|-boost|p2a: Terezi|def|2\n|move|p1a: Dondozo|Body Press|p2a: Terezi\n|-crit|p2a: Terezi\n|-damage|p2a: Terezi|49\/100\n|\n|-heal|p2a: Terezi|55\/100|[from] item: Leftovers\n|upkeep\n|turn|15\n|\n|t:|1700134250\n|move|p2a: Terezi|Stored Power|p1a: Dondozo\n|-damage|p1a: Dondozo|55\/100\n|move|p1a: Dondozo|Yawn|p2a: Terezi\n|-start|p2a: Terezi|move: Yawn|[of] p1a: Dondozo\n|\n|-heal|p2a: Terezi|61\/100|[from] item: Leftovers\n|-heal|p1a: Dondozo|61\/100|[from] item: Leftovers\n|upkeep\n|turn|16\n|\n|t:|1700134256\n|move|p2a: Terezi|Stored Power|p1a: Dondozo\n|-damage|p1a: Dondozo|17\/100\n|move|p1a: Dondozo|Body Press|p2a: Terezi\n|-damage|p2a: Terezi|37\/100\n|\n|-heal|p2a: Terezi|43\/100|[from] item: Leftovers\n|-heal|p1a: Dondozo|23\/100|[from] item: Leftovers\n|-end|p2a: Terezi|move: Yawn|[silent]\n|-status|p2a: Terezi|slp\n|upkeep\n|turn|17\n|\n|t:|1700134261\n|cant|p2a: Terezi|slp\n|move|p1a: Dondozo|Body Press|p2a: Terezi\n|-damage|p2a: Terezi|16\/100 slp\n|\n|-heal|p2a: Terezi|22\/100 slp|[from] item: Leftovers\n|-heal|p1a: Dondozo|29\/100|[from] item: Leftovers\n|upkeep\n|turn|18\n|\n|t:|1700134269\n|-curestatus|p2a: Terezi|slp|[msg]\n|move|p2a: Terezi|Stored Power|p1a: Dondozo\n|-damage|p1a: Dondozo|0 fnt\n|faint|p1a: Dondozo\n|\n|-heal|p2a: Terezi|29\/100|[from] item: Leftovers\n|upkeep\n|c|\u2606xWescombe|imagine losing to a one turn wake up\n|\n|t:|1700134285\n|switch|p1a: Thundurus|Thundurus-Therian, M|100\/100\n|turn|19\n|\n|t:|1700134293\n|-terastallize|p2a: Terezi|Poison\n|move|p1a: Thundurus|Volt Switch|p2a: Terezi\n|-damage|p2a: Terezi|13\/100\n|\n|t:|1700134301\n|switch|p1a: Kingambit|Kingambit, F|100\/100|[from] Volt Switch\n|-activate|p1a: Kingambit|ability: Supreme Overlord\n|-start|p1a: Kingambit|fallen2|[silent]\n|move|p2a: Terezi|Stored Power|p1a: Kingambit\n|-immune|p1a: Kingambit\n|\n|-heal|p2a: Terezi|19\/100|[from] item: Leftovers\n|upkeep\n|turn|20\n|\n|t:|1700134310\n|move|p1a: Kingambit|Sucker Punch|p2a: Terezi\n|-damage|p2a: Terezi|5\/100\n|move|p2a: Terezi|Scald|p1a: Kingambit\n|-damage|p1a: Kingambit|13\/100\n|\n|-heal|p2a: Terezi|11\/100|[from] item: Leftovers\n|-heal|p1a: Kingambit|19\/100|[from] item: Leftovers\n|upkeep\n|turn|21\n|c|\u2606Diatere|it was preceded by a 3-turn wake up i think it balances out hjdhdf\n|\n|t:|1700134330\n|move|p2a: Terezi|Acid Armor|p2a: Terezi\n|-boost|p2a: Terezi|def|2\n|move|p1a: Kingambit|Kowtow Cleave|p2a: Terezi\n|-crit|p2a: Terezi\n|-damage|p2a: Terezi|0 fnt\n|faint|p2a: Terezi\n|\n|-heal|p1a: Kingambit|25\/100|[from] item: Leftovers\n|upkeep\n|c|\u2606xWescombe|lol\n|\n|t:|1700134343\n|switch|p2a: Tavros|Ninetales-Alola, M|62\/100\n|-weather|Snow|[from] ability: Snow Warning|[of] p2a: Tavros\n|turn|22\n|\n|t:|1700134367\n|move|p2a: Tavros|Aurora Veil|p2a: Tavros\n|-sidestart|p2: Diatere|move: Aurora Veil\n|move|p1a: Kingambit|Iron Head|p2a: Tavros\n|-supereffective|p2a: Tavros\n|-damage|p2a: Tavros|0 fnt\n|faint|p2a: Tavros\n|\n|-weather|Snow|[upkeep]\n|-heal|p1a: Kingambit|31\/100|[from] item: Leftovers\n|upkeep\n|inactive|Diatere has 120 seconds left.\n|\n|t:|1700134392\n|switch|p2a: Vriska|Ogerpon-Cornerstone, F|100\/100\n|turn|23\n|\n|t:|1700134417\n|move|p2a: Vriska|Low Kick|p1a: Kingambit\n|-supereffective|p1a: Kingambit\n|-damage|p1a: Kingambit|0 fnt\n|faint|p1a: Kingambit\n|-end|p1a: Kingambit|fallen2|[silent]\n|\n|-weather|Snow|[upkeep]\n|upkeep\n|inactive|xWescombe has 120 seconds left.\n|\n|t:|1700134430\n|switch|p1a: Thundurus|Thundurus-Therian, M|100\/100\n|turn|24\n|inactive|Diatere has 120 seconds left.\n|\n|t:|1700134457\n|move|p1a: Thundurus|Volt Switch|p2a: Vriska\n|-resisted|p2a: Vriska\n|-damage|p2a: Vriska|88\/100\n|\n|t:|1700134465\n|switch|p1a: Gholdengo|Gholdengo|100\/100|[from] Volt Switch\n|-item|p1a: Gholdengo|Air Balloon\n|move|p2a: Vriska|Ivy Cudgel|p1a: Gholdengo|[anim] Ivy Cudgel Rock\n|-resisted|p1a: Gholdengo\n|-damage|p1a: Gholdengo|64\/100\n|-enditem|p1a: Gholdengo|Air Balloon\n|\n|-weather|Snow|[upkeep]\n|upkeep\n|turn|25\n|\n|t:|1700134476\n|switch|p2a: Gamzee|Rillaboom, M|84\/100\n|-fieldstart|move: Grassy Terrain|[from] ability: Grassy Surge|[of] p2a: Gamzee\n|move|p1a: Gholdengo|Make It Rain|p2a: Gamzee\n|-damage|p2a: Gamzee|41\/100\n|-unboost|p1a: Gholdengo|spa|1\n|\n|-weather|Snow|[upkeep]\n|-heal|p2a: Gamzee|47\/100|[from] Grassy Terrain\n|-heal|p1a: Gholdengo|70\/100|[from] Grassy Terrain\n|upkeep\n|turn|26\n|\n|t:|1700134484\n|switch|p1a: Thundurus|Thundurus-Therian, M|100\/100\n|move|p2a: Gamzee|Knock Off|p1a: Thundurus\n|-damage|p1a: Thundurus|29\/100\n|-enditem|p1a: Thundurus|Choice Scarf|[from] move: Knock Off|[of] p2a: Gamzee\n|\n|-weather|none\n|-heal|p2a: Gamzee|53\/100|[from] Grassy Terrain\n|upkeep\n|turn|27\n|\n|t:|1700134493\n|move|p1a: Thundurus|Volt Switch|p2a: Gamzee\n|-resisted|p2a: Gamzee\n|-damage|p2a: Gamzee|39\/100\n|\n|t:|1700134497\n|switch|p1a: Iron Moth|Iron Moth|100\/100|[from] Volt Switch\n|move|p2a: Gamzee|Knock Off|p1a: Iron Moth\n|-damage|p1a: Iron Moth|54\/100\n|\n|-heal|p1a: Iron Moth|60\/100|[from] Grassy Terrain\n|-heal|p2a: Gamzee|45\/100|[from] Grassy Terrain\n|upkeep\n|turn|28\n|\n|t:|1700134520\n|switch|p2a: Vriska|Ogerpon-Cornerstone, F|88\/100\n|move|p1a: Iron Moth|Fiery Dance|p2a: Vriska\n|-damage|p2a: Vriska|64\/100\n|\n|-heal|p1a: Iron Moth|66\/100|[from] Grassy Terrain\n|-heal|p2a: Vriska|70\/100|[from] Grassy Terrain\n|upkeep\n|turn|29\n|\n|t:|1700134544\n|move|p1a: Iron Moth|Fiery Dance|p2a: Vriska\n|-damage|p2a: Vriska|47\/100\n|-boost|p1a: Iron Moth|spa|1\n|move|p2a: Vriska|Ivy Cudgel|p1a: Iron Moth|[anim] Ivy Cudgel Rock\n|-supereffective|p1a: Iron Moth\n|-damage|p1a: Iron Moth|0 fnt\n|faint|p1a: Iron Moth\n|-end|p1a: Iron Moth|Quark Drive|[silent]\n|\n|-heal|p2a: Vriska|53\/100|[from] Grassy Terrain\n|-sideend|p2: Diatere|move: Aurora Veil\n|-fieldend|move: Grassy Terrain\n|upkeep\n|\n|t:|1700134547\n|switch|p1a: Gholdengo|Gholdengo|70\/100\n|turn|30\n|\n|t:|1700134557\n|move|p2a: Vriska|Ivy Cudgel|p1a: Gholdengo|[anim] Ivy Cudgel Rock\n|-resisted|p1a: Gholdengo\n|-damage|p1a: Gholdengo|35\/100\n|move|p1a: Gholdengo|Make It Rain|p2a: Vriska\n|-supereffective|p2a: Vriska\n|-damage|p2a: Vriska|0 fnt\n|-unboost|p1a: Gholdengo|spa|1\n|faint|p2a: Vriska\n|\n|upkeep\n|\n|t:|1700134568\n|switch|p2a: Gamzee|Rillaboom, M|45\/100\n|-fieldstart|move: Grassy Terrain|[from] ability: Grassy Surge|[of] p2a: Gamzee\n|turn|31\n|\n|t:|1700134576\n|move|p2a: Gamzee|Knock Off|p1a: Gholdengo\n|-supereffective|p1a: Gholdengo\n|-damage|p1a: Gholdengo|0 fnt\n|faint|p1a: Gholdengo\n|\n|-heal|p2a: Gamzee|52\/100|[from] Grassy Terrain\n|upkeep\n|\n|t:|1700134579\n|switch|p1a: Thundurus|Thundurus-Therian, M|29\/100\n|turn|32\n|\n|t:|1700134588\n|-terastallize|p1a: Thundurus|Flying\n|move|p1a: Thundurus|Tera Blast|p2a: Gamzee|[anim] Tera Blast Flying\n|-supereffective|p2a: Gamzee\n|-damage|p2a: Gamzee|0 fnt\n|faint|p2a: Gamzee\n|\n|upkeep\n|\n|t:|1700134593\n|switch|p2a: Kanaya|Hatterene, F|100\/100\n|-enditem|p2a: Kanaya|Grassy Seed\n|-boost|p2a: Kanaya|def|1|[from] item: Grassy Seed\n|turn|33\n|c|\u2606xWescombe|gg\n|\n|t:|1700134603\n|move|p1a: Thundurus|Volt Switch|p2a: Kanaya\n|-damage|p2a: Kanaya|53\/100\n|move|p2a: Kanaya|Draining Kiss|p1a: Thundurus\n|-damage|p1a: Thundurus|0 fnt\n|-heal|p2a: Kanaya|73\/100|[from] drain|[of] p1a: Thundurus\n|faint|p1a: Thundurus\n|\n|win|Diatere\n|raw|xWescombe's rating: 1264 &rarr; <strong>1246<\/strong><br \/>(-18 for losing)\n|raw|Diatere's rating: 1364 &rarr; <strong>1378<\/strong><br \/>(+14 for winning)\n|l|\u2606xWescombe\n|c|\u2606Diatere|gg\n","uploadtime":1700134611,"views":10,"p1id":"xwescombe","p2id":"diatere","formatid":"gen9ou","rating":1246,"private":0,"password":""}