{"id":"gen9ou-1989378295","p1":"Im dumb srly","p2":"Iamssss","format":"[Gen 9] OU","log":"|j|\u2606Im dumb srly\n|j|\u2606Iamssss\n|inactive|Battle timer is ON: inactive players will automatically lose when time's up.\n|t:|1699842741\n|gametype|singles\n|player|p1|Im dumb srly|cheryl|\n|player|p2|Iamssss|matt|\n|teamsize|p1|3\n|teamsize|p2|3\n|gen|9\n|tier|[Gen 9] OU\n|rated|Tournament battle\n|rule|Sleep Clause Mod: Limit one foe put to sleep\n|rule|Species Clause: Limit one of each Pok\u00e9mon\n|rule|OHKO Clause: OHKO moves are banned\n|rule|Evasion Items Clause: Evasion items are banned\n|rule|Evasion Moves Clause: Evasion moves are banned\n|rule|Endless Battle Clause: Forcing endless battles is banned\n|rule|HP Percentage Mod: HP is shown in percentages\n|clearpoke\n|poke|p1|Muk-Alola, M|\n|poke|p1|Pelipper, F|\n|poke|p1|Masquerain, M|\n|poke|p2|Forretress, F|\n|poke|p2|Polteageist|\n|poke|p2|Ribombee, F|\n|teampreview\n|j|*Lady Monita \u2746\n|inactive|Iamssss also wants the timer to be on.\n|c|\u2606Iamssss|glhf\n|\n|t:|1699842750\n|start\n|switch|p1a: \ud83e\udd8b|Masquerain, M|100\/100\n|switch|p2a: Forretress|Forretress, F|100\/100\n|-ability|p1a: \ud83e\udd8b|Intimidate|boost\n|-unboost|p2a: Forretress|atk|1\n|turn|1\n|c|\u2606Im dumb srly|U too\n|\n|t:|1699842758\n|move|p1a: \ud83e\udd8b|Sticky Web|p2a: Forretress\n|-sidestart|p2: Iamssss|move: Sticky Web\n|move|p2a: Forretress|Stealth Rock|p1a: \ud83e\udd8b\n|-sidestart|p1: Im dumb srly|move: Stealth Rock\n|\n|upkeep\n|turn|2\n|j| poketough\n|l| poketough\n|\n|t:|1699842765\n|move|p1a: \ud83e\udd8b|Hurricane|p2a: Forretress|[miss]\n|-miss|p1a: \ud83e\udd8b|p2a: Forretress\n|move|p2a: Forretress|Rapid Spin|p1a: \ud83e\udd8b\n|-damage|p1a: \ud83e\udd8b|88\/100\n|-boost|p2a: Forretress|spe|1\n|-sideend|p2: Iamssss|Sticky Web|[from] move: Rapid Spin|[of] p2a: Forretress\n|\n|upkeep\n|turn|3\n|j| kanishk0612d\n|\n|t:|1699842770\n|move|p1a: \ud83e\udd8b|Hurricane|p2a: Forretress\n|-damage|p2a: Forretress|26\/100\n|-enditem|p2a: Forretress|Sitrus Berry|[eat]\n|-heal|p2a: Forretress|50\/100|[from] item: Sitrus Berry\n|move|p2a: Forretress|Spikes|p1a: \ud83e\udd8b\n|-sidestart|p1: Im dumb srly|Spikes\n|\n|upkeep\n|turn|4\n|\n|t:|1699842775\n|move|p1a: \ud83e\udd8b|Hurricane|p2a: Forretress\n|-damage|p2a: Forretress|0 fnt\n|faint|p2a: Forretress\n|\n|upkeep\n|\n|t:|1699842779\n|switch|p2a: Polteageist|Polteageist|100\/100\n|turn|5\n|\n|t:|1699842785\n|move|p1a: \ud83e\udd8b|Shadow Ball|p2a: Polteageist\n|-supereffective|p2a: Polteageist\n|-damage|p2a: Polteageist|44\/100\n|move|p2a: Polteageist|Shell Smash|p2a: Polteageist\n|-unboost|p2a: Polteageist|def|1\n|-unboost|p2a: Polteageist|spd|1\n|-boost|p2a: Polteageist|atk|2\n|-boost|p2a: Polteageist|spa|2\n|-boost|p2a: Polteageist|spe|2\n|\n|upkeep\n|turn|6\n|\n|t:|1699842794\n|move|p2a: Polteageist|Shadow Ball|p1a: \ud83e\udd8b\n|-damage|p1a: \ud83e\udd8b|0 fnt\n|faint|p1a: \ud83e\udd8b\n|\n|upkeep\n|\n|t:|1699842799\n|switch|p1a: \ud83d\udc80|Muk-Alola, M, shiny|100\/100\n|-damage|p1a: \ud83d\udc80|88\/100|[from] Stealth Rock\n|-damage|p1a: \ud83d\udc80|76\/100|[from] Spikes\n|turn|7\n|\n|t:|1699842803\n|move|p2a: Polteageist|Shadow Ball|p1a: \ud83d\udc80\n|-resisted|p1a: \ud83d\udc80\n|-damage|p1a: \ud83d\udc80|37\/100\n|move|p1a: \ud83d\udc80|Knock Off|p2a: Polteageist\n|-supereffective|p2a: Polteageist\n|-damage|p2a: Polteageist|0 fnt\n|-enditem|p2a: Polteageist|Focus Sash|[from] move: Knock Off|[of] p1a: \ud83d\udc80\n|faint|p2a: Polteageist\n|\n|-heal|p1a: \ud83d\udc80|43\/100|[from] item: Leftovers\n|upkeep\n|\n|t:|1699842808\n|switch|p2a: Ribombee|Ribombee, F|100\/100\n|turn|8\n|\n|t:|1699842811\n|-terastallize|p1a: \ud83d\udc80|Water\n|move|p2a: Ribombee|Quiver Dance|p2a: Ribombee\n|-boost|p2a: Ribombee|spa|1\n|-boost|p2a: Ribombee|spd|1\n|-boost|p2a: Ribombee|spe|1\n|move|p1a: \ud83d\udc80|Gunk Shot|p2a: Ribombee\n|-supereffective|p2a: Ribombee\n|-enditem|p2a: Ribombee|Focus Sash\n|-damage|p2a: Ribombee|1\/100\n|\n|-heal|p1a: \ud83d\udc80|49\/100|[from] item: Leftovers\n|upkeep\n|turn|9\n|\n|t:|1699842816\n|move|p2a: Ribombee|Moonblast|p1a: \ud83d\udc80\n|-damage|p1a: \ud83d\udc80|0 fnt\n|faint|p1a: \ud83d\udc80\n|\n|upkeep\n|\n|t:|1699842819\n|switch|p1a: \ud83e\udda2|Pelipper, F, shiny|100\/100\n|-damage|p1a: \ud83e\udda2|76\/100|[from] Stealth Rock\n|-weather|RainDance|[from] ability: Drizzle|[of] p1a: \ud83e\udda2\n|turn|10\n|c|\u2606Iamssss|gg\n|\n|t:|1699842825\n|move|p2a: Ribombee|Moonblast|p1a: \ud83e\udda2\n|-damage|p1a: \ud83e\udda2|0 fnt\n|faint|p1a: \ud83e\udda2\n|\n|win|Iamssss\n|n|\u2606Im dumb srly|imdumbsrly\n|n|\u2606Iamssss|iamssss\n|n|*Lady Monita \u2746|ladymonita\n|n| kanishk0612d|kanishk0612d\n","uploadtime":1699842826,"views":16,"p1id":"imdumbsrly","p2id":"iamssss","formatid":"gen9ou","rating":0,"private":0,"password":""}