{"id":"gen9ou-1993476031","p1":"JustTweety","p2":"Fantasy64","format":"[Gen 9] OU","log":"|j|\u2606JustTweety\n|j|\u2606Fantasy64\n|t:|1700322488\n|gametype|singles\n|player|p1|JustTweety|silver|1044\n|player|p2|Fantasy64|101|1094\n|teamsize|p1|6\n|teamsize|p2|6\n|gen|9\n|tier|[Gen 9] OU\n|rated|\n|rule|Sleep Clause Mod: Limit one foe put to sleep\n|rule|Species Clause: Limit one of each Pok\u00e9mon\n|rule|OHKO Clause: OHKO moves are banned\n|rule|Evasion Items Clause: Evasion items are banned\n|rule|Evasion Moves Clause: Evasion moves are banned\n|rule|Endless Battle Clause: Forcing endless battles is banned\n|rule|HP Percentage Mod: HP is shown in percentages\n|clearpoke\n|poke|p1|Iron Leaves|\n|poke|p1|Grimmsnarl, M|\n|poke|p1|Goodra-Hisui, F|\n|poke|p1|Sneasler, F|\n|poke|p1|Ceruledge, F|\n|poke|p1|Ninetales-Alola, M|\n|poke|p2|Toxapex, M|\n|poke|p2|Garganacl, M|\n|poke|p2|Amoonguss, M|\n|poke|p2|Clodsire, F|\n|poke|p2|Chansey, F|\n|poke|p2|Avalugg, F|\n|teampreview\n|\n|t:|1700322491\n|start\n|switch|p1a: Papertowel|Grimmsnarl, M, shiny|100\/100\n|switch|p2a: Toxapex|Toxapex, M|100\/100\n|turn|1\n|\n|t:|1700322501\n|move|p1a: Papertowel|Light Screen|p1a: Papertowel\n|-sidestart|p1: JustTweety|move: Light Screen\n|move|p2a: Toxapex|Toxic|p1a: Papertowel\n|-status|p1a: Papertowel|tox\n|\n|-damage|p1a: Papertowel|94\/100 tox|[from] psn\n|upkeep\n|turn|2\n|\n|t:|1700322509\n|move|p1a: Papertowel|Reflect|p1a: Papertowel\n|-sidestart|p1: JustTweety|Reflect\n|move|p2a: Toxapex|Toxic Spikes|p1a: Papertowel\n|-sidestart|p1: JustTweety|move: Toxic Spikes\n|\n|-damage|p1a: Papertowel|82\/100 tox|[from] psn\n|upkeep\n|turn|3\n|\n|t:|1700322521\n|move|p1a: Papertowel|Thunder Wave|p2a: Toxapex\n|-status|p2a: Toxapex|par\n|move|p2a: Toxapex|Toxic Spikes|p1a: Papertowel\n|-sidestart|p1: JustTweety|move: Toxic Spikes\n|\n|-damage|p1a: Papertowel|64\/100 tox|[from] psn\n|upkeep\n|turn|4\n|\n|t:|1700322541\n|switch|p1a: Not Verizon|Iron Leaves|100\/100\n|-status|p1a: Not Verizon|tox\n|-enditem|p1a: Not Verizon|Booster Energy\n|-activate|p1a: Not Verizon|ability: Quark Drive|[fromitem]\n|-start|p1a: Not Verizon|quarkdriveatk\n|switch|p2a: Chansey|Chansey, F|100\/100\n|\n|-damage|p1a: Not Verizon|94\/100 tox|[from] psn\n|upkeep\n|turn|5\n|\n|t:|1700322565\n|switch|p2a: Avalugg|Avalugg, F|100\/100\n|move|p1a: Not Verizon|Close Combat|p2a: Avalugg\n|-supereffective|p2a: Avalugg\n|-damage|p2a: Avalugg|57\/100\n|-unboost|p1a: Not Verizon|def|1\n|-unboost|p1a: Not Verizon|spd|1\n|\n|-damage|p1a: Not Verizon|82\/100 tox|[from] psn\n|upkeep\n|turn|6\n|\n|t:|1700322583\n|move|p1a: Not Verizon|Close Combat|p2a: Avalugg\n|-supereffective|p2a: Avalugg\n|-damage|p2a: Avalugg|11\/100\n|-unboost|p1a: Not Verizon|def|1\n|-unboost|p1a: Not Verizon|spd|1\n|move|p2a: Avalugg|Recover|p2a: Avalugg\n|-heal|p2a: Avalugg|61\/100\n|\n|-damage|p1a: Not Verizon|63\/100 tox|[from] psn\n|upkeep\n|turn|7\n|\n|t:|1700322595\n|switch|p2a: Toxapex|Toxapex, M|100\/100 par\n|move|p1a: Not Verizon|Close Combat|p2a: Toxapex\n|-resisted|p2a: Toxapex\n|-damage|p2a: Toxapex|83\/100 par\n|-unboost|p1a: Not Verizon|def|1\n|-unboost|p1a: Not Verizon|spd|1\n|\n|-damage|p1a: Not Verizon|38\/100 tox|[from] psn\n|upkeep\n|turn|8\n|\n|t:|1700322607\n|move|p1a: Not Verizon|Leaf Blade|p2a: Toxapex\n|-damage|p2a: Toxapex|49\/100 par\n|move|p2a: Toxapex|Recover|p2a: Toxapex\n|-heal|p2a: Toxapex|99\/100 par\n|\n|-damage|p1a: Not Verizon|7\/100 tox|[from] psn\n|-sideend|p1: JustTweety|move: Light Screen\n|upkeep\n|turn|9\n|\n|t:|1700322617\n|-end|p1a: Not Verizon|Quark Drive|[silent]\n|switch|p1a: Gooey|Goodra-Hisui, F|100\/100\n|move|p2a: Toxapex|Recover|p2a: Toxapex\n|-heal|p2a: Toxapex|100\/100 par\n|\n|-sideend|p1: JustTweety|Reflect\n|upkeep\n|turn|10\n|\n|t:|1700322628\n|move|p1a: Gooey|Draco Meteor|p2a: Toxapex|[miss]\n|-miss|p1a: Gooey|p2a: Toxapex\n|cant|p2a: Toxapex|par\n|\n|upkeep\n|turn|11\n|\n|t:|1700322635\n|move|p1a: Gooey|Draco Meteor|p2a: Toxapex\n|-damage|p2a: Toxapex|60\/100 par\n|-unboost|p1a: Gooey|spa|2\n|cant|p2a: Toxapex|par\n|\n|upkeep\n|turn|12\n|\n|t:|1700322643\n|move|p1a: Gooey|Outrage|p2a: Toxapex\n|-damage|p2a: Toxapex|36\/100 par\n|move|p2a: Toxapex|Toxic|p1a: Gooey\n|-immune|p1a: Gooey\n|\n|upkeep\n|turn|13\n|\n|t:|1700322660\n|move|p1a: Gooey|Outrage|p2a: Toxapex|[from]lockedmove\n|-crit|p2a: Toxapex\n|-damage|p2a: Toxapex|0 fnt\n|faint|p2a: Toxapex\n|-start|p1a: Gooey|confusion|[fatigue]\n|\n|upkeep\n|\n|t:|1700322671\n|switch|p2a: Garganacl|Garganacl, M|100\/100\n|turn|14\n|\n|t:|1700322676\n|-activate|p1a: Gooey|confusion\n|move|p1a: Gooey|Body Press|p2a: Garganacl\n|-supereffective|p2a: Garganacl\n|-damage|p2a: Garganacl|78\/100\n|move|p2a: Garganacl|Salt Cure|p1a: Gooey\n|-resisted|p1a: Gooey\n|-damage|p1a: Gooey|94\/100\n|-start|p1a: Gooey|Salt Cure\n|\n|-heal|p2a: Garganacl|84\/100|[from] item: Leftovers\n|-damage|p1a: Gooey|69\/100|[from] Salt Cure\n|upkeep\n|turn|15\n|\n|t:|1700322689\n|-activate|p1a: Gooey|confusion\n|move|p1a: Gooey|Body Press|p2a: Garganacl\n|-supereffective|p2a: Garganacl\n|-damage|p2a: Garganacl|61\/100\n|move|p2a: Garganacl|Iron Defense|p2a: Garganacl\n|-boost|p2a: Garganacl|def|2\n|\n|-heal|p2a: Garganacl|67\/100|[from] item: Leftovers\n|-damage|p1a: Gooey|45\/100|[from] Salt Cure\n|upkeep\n|turn|16\n|\n|t:|1700322701\n|-end|p1a: Gooey|confusion\n|move|p1a: Gooey|Body Press|p2a: Garganacl\n|-supereffective|p2a: Garganacl\n|-damage|p2a: Garganacl|55\/100\n|move|p2a: Garganacl|Recover|p2a: Garganacl\n|-heal|p2a: Garganacl|100\/100\n|\n|-damage|p1a: Gooey|20\/100|[from] Salt Cure\n|upkeep\n|turn|17\n|\n|t:|1700322712\n|move|p1a: Gooey|Outrage|p2a: Garganacl\n|-damage|p2a: Garganacl|91\/100\n|move|p2a: Garganacl|Body Press|p1a: Gooey\n|-supereffective|p1a: Gooey\n|-damage|p1a: Gooey|0 fnt\n|faint|p1a: Gooey\n|\n|-heal|p2a: Garganacl|97\/100|[from] item: Leftovers\n|upkeep\n|\n|t:|1700322725\n|switch|p1a: Lady|Ninetales-Alola, M|100\/100\n|-status|p1a: Lady|tox\n|-weather|Snow|[from] ability: Snow Warning|[of] p1a: Lady\n|turn|18\n|\n|t:|1700322733\n|-terastallize|p2a: Garganacl|Flying\n|move|p1a: Lady|Blizzard|p2a: Garganacl\n|-supereffective|p2a: Garganacl\n|-damage|p2a: Garganacl|15\/100\n|move|p2a: Garganacl|Body Press|p1a: Lady\n|-damage|p1a: Lady|54\/100 tox\n|\n|-weather|Snow|[upkeep]\n|-heal|p2a: Garganacl|21\/100|[from] item: Leftovers\n|-damage|p1a: Lady|48\/100 tox|[from] psn\n|upkeep\n|turn|19\n|\n|t:|1700322746\n|switch|p2a: Avalugg|Avalugg, F|61\/100\n|move|p1a: Lady|Blizzard|p2a: Avalugg\n|-resisted|p2a: Avalugg\n|-damage|p2a: Avalugg|23\/100\n|\n|-weather|Snow|[upkeep]\n|-damage|p1a: Lady|36\/100 tox|[from] psn\n|upkeep\n|turn|20\n|\n|t:|1700322757\n|move|p1a: Lady|Blizzard|p2a: Avalugg\n|-resisted|p2a: Avalugg\n|-damage|p2a: Avalugg|0 fnt\n|faint|p2a: Avalugg\n|\n|-weather|Snow|[upkeep]\n|-damage|p1a: Lady|18\/100 tox|[from] psn\n|upkeep\n|\n|t:|1700322764\n|switch|p2a: Chansey|Chansey, F|100\/100\n|turn|21\n|\n|t:|1700322773\n|move|p1a: Lady|Aurora Veil|p1a: Lady\n|-sidestart|p1: JustTweety|move: Aurora Veil\n|move|p2a: Chansey|Stealth Rock|p1a: Lady\n|-sidestart|p1: JustTweety|move: Stealth Rock\n|\n|-weather|Snow|[upkeep]\n|-damage|p1a: Lady|0 fnt|[from] psn\n|faint|p1a: Lady\n|upkeep\n|\n|t:|1700322782\n|switch|p1a: Slice n dice|Ceruledge, F|100\/100\n|-status|p1a: Slice n dice|tox\n|-damage|p1a: Slice n dice|75\/100 tox|[from] Stealth Rock\n|turn|22\n|\n|t:|1700322789\n|switch|p2a: Garganacl|Garganacl, M, tera:Flying|21\/100\n|move|p1a: Slice n dice|Bitter Blade|p2a: Garganacl\n|-damage|p2a: Garganacl|0 fnt\n|-heal|p1a: Slice n dice|94\/100 tox|[from] drain|[of] p2a: Garganacl\n|faint|p2a: Garganacl\n|\n|-weather|none\n|-damage|p1a: Slice n dice|87\/100 tox|[from] psn\n|upkeep\n|\n|t:|1700322795\n|switch|p2a: Clodsire|Clodsire, F|100\/100\n|turn|23\n|\n|t:|1700322804\n|move|p1a: Slice n dice|Light Screen|p1a: Slice n dice\n|-sidestart|p1: JustTweety|move: Light Screen\n|move|p2a: Clodsire|Recover||[still]\n|-fail|p2a: Clodsire|heal\n|\n|-damage|p1a: Slice n dice|75\/100 tox|[from] psn\n|upkeep\n|turn|24\n|\n|t:|1700322815\n|move|p1a: Slice n dice|Will-O-Wisp|p2a: Clodsire\n|-status|p2a: Clodsire|brn\n|move|p2a: Clodsire|Recover||[still]\n|-fail|p2a: Clodsire|heal\n|\n|-damage|p1a: Slice n dice|57\/100 tox|[from] psn\n|-damage|p2a: Clodsire|94\/100 brn|[from] brn\n|upkeep\n|turn|25\n|\n|t:|1700322825\n|move|p1a: Slice n dice|Bitter Blade|p2a: Clodsire\n|-damage|p2a: Clodsire|42\/100 brn\n|-heal|p1a: Slice n dice|100\/100 tox|[from] drain|[of] p2a: Clodsire\n|move|p2a: Clodsire|Amnesia|p2a: Clodsire\n|-boost|p2a: Clodsire|spd|2\n|\n|-damage|p1a: Slice n dice|76\/100 tox|[from] psn\n|-damage|p2a: Clodsire|36\/100 brn|[from] brn\n|upkeep\n|turn|26\n|-message|Fantasy64 forfeited.\n|\n|win|JustTweety\n|raw|JustTweety's rating: 1044 &rarr; <strong>1082<\/strong><br \/>(+38 for winning)\n|raw|Fantasy64's rating: 1094 &rarr; <strong>1066<\/strong><br \/>(-28 for losing)\n|l|\u2606Fantasy64\n","uploadtime":1700322843,"views":18,"p1id":"justtweety","p2id":"fantasy64","formatid":"gen9ou","rating":1066,"private":0,"password":""}