{"id":"gen9ou-1989366805","p1":"Edma","p2":"mister big cool","format":"[Gen 9] OU","log":"|j|\u2606Edma\n|j|\u2606mister big cool\n|t:|1699841394\n|gametype|singles\n|player|p1|Edma|2|1135\n|player|p2|mister big cool|roxie|1174\n|teamsize|p1|6\n|teamsize|p2|6\n|gen|9\n|tier|[Gen 9] OU\n|rated|\n|rule|Sleep Clause Mod: Limit one foe put to sleep\n|rule|Species Clause: Limit one of each Pok\u00e9mon\n|rule|OHKO Clause: OHKO moves are banned\n|rule|Evasion Items Clause: Evasion items are banned\n|rule|Evasion Moves Clause: Evasion moves are banned\n|rule|Endless Battle Clause: Forcing endless battles is banned\n|rule|HP Percentage Mod: HP is shown in percentages\n|clearpoke\n|poke|p1|Zangoose, M|\n|poke|p1|Pincurchin, M|\n|poke|p1|Samurott-Hisui, F|\n|poke|p1|Shiftry, M|\n|poke|p1|Tornadus-Therian, M|\n|poke|p1|Hatterene, F|\n|poke|p2|Ceruledge, M|\n|poke|p2|Manaphy|\n|poke|p2|Amoonguss, F|\n|poke|p2|Great Tusk|\n|poke|p2|Kingambit, F|\n|poke|p2|Enamorus, F|\n|teampreview\n|inactive|Battle timer is ON: inactive players will automatically lose when time's up. (requested by Edma)\n|\n|t:|1699841411\n|start\n|switch|p1a: Pincurchin|Pincurchin, M|100\/100\n|switch|p2a: Amoonguss|Amoonguss, F|100\/100\n|-fieldstart|move: Electric Terrain|[from] ability: Electric Surge|[of] p1a: Pincurchin\n|turn|1\n|\n|t:|1699841422\n|switch|p1a: Shiftry|Shiftry, M, shiny|100\/100\n|move|p2a: Amoonguss|Sludge Bomb|p1a: Shiftry\n|-supereffective|p1a: Shiftry\n|-damage|p1a: Shiftry|20\/100\n|-status|p1a: Shiftry|psn\n|\n|-damage|p1a: Shiftry|8\/100 psn|[from] psn\n|upkeep\n|turn|2\n|\n|t:|1699841445\n|switch|p2a: Enamorus|Enamorus, F|100\/100\n|move|p1a: Shiftry|Knock Off|p2a: Enamorus\n|-resisted|p2a: Enamorus\n|-damage|p2a: Enamorus|51\/100\n|-enditem|p2a: Enamorus|Choice Scarf|[from] move: Knock Off|[of] p1a: Shiftry\n|-damage|p1a: Shiftry|0 fnt|[from] item: Life Orb\n|faint|p1a: Shiftry\n|\n|upkeep\n|\n|t:|1699841456\n|switch|p1a: Pincurchin|Pincurchin, M|100\/100\n|turn|3\n|\n|t:|1699841462\n|move|p2a: Enamorus|Earth Power|p1a: Pincurchin\n|-supereffective|p1a: Pincurchin\n|-enditem|p1a: Pincurchin|Shuca Berry|[eat]\n|-enditem|p1a: Pincurchin|Shuca Berry|[weaken]\n|-damage|p1a: Pincurchin|66\/100\n|move|p1a: Pincurchin|Thunder Wave|p2a: Enamorus\n|-status|p2a: Enamorus|par\n|\n|upkeep\n|turn|4\n|\n|t:|1699841472\n|switch|p1a: Tornadus|Tornadus-Therian, M, shiny|100\/100\n|move|p2a: Enamorus|Earth Power|p1a: Tornadus\n|-immune|p1a: Tornadus\n|\n|upkeep\n|turn|5\n|\n|t:|1699841485\n|move|p1a: Tornadus|Bleakwind Storm|p2a: Enamorus\n|-damage|p2a: Enamorus|0 fnt\n|faint|p2a: Enamorus\n|\n|-fieldend|move: Electric Terrain\n|upkeep\n|\n|t:|1699841497\n|switch|p2a: Manaphy|Manaphy|100\/100\n|turn|6\n|\n|t:|1699841503\n|move|p1a: Tornadus|Bleakwind Storm|p2a: Manaphy\n|-damage|p2a: Manaphy|33\/100\n|-unboost|p2a: Manaphy|spe|1\n|move|p2a: Manaphy|Tail Glow|p2a: Manaphy\n|-boost|p2a: Manaphy|spa|3\n|\n|-heal|p2a: Manaphy|40\/100|[from] item: Leftovers\n|upkeep\n|turn|7\n|\n|t:|1699841514\n|move|p1a: Tornadus|Bleakwind Storm|p2a: Manaphy\n|-damage|p2a: Manaphy|0 fnt\n|faint|p2a: Manaphy\n|\n|upkeep\n|inactive|mister big cool has 120 seconds left.\n|\n|t:|1699841544\n|switch|p2a: Kingambit|Kingambit, F|100\/100\n|-activate|p2a: Kingambit|ability: Supreme Overlord\n|-start|p2a: Kingambit|fallen2|[silent]\n|turn|8\n|\n|t:|1699841558\n|switch|p1a: Samurott|Samurott-Hisui, F|100\/100\n|-end|p2a: Kingambit|fallen2|[silent]\n|switch|p2a: Ceruledge|Ceruledge, M|100\/100\n|\n|upkeep\n|turn|9\n|l|\u2606mister big cool\n|inactive|mister big cool disconnected and has a minute to reconnect!\n|player|p2|\n|j|\u2606mister big cool\n|inactive|mister big cool reconnected and has 135 seconds left.\n|player|p2|mister big cool|roxie\n|\n|t:|1699841583\n|switch|p2a: Amoonguss|Amoonguss, F|100\/100\n|move|p1a: Samurott|Ceaseless Edge|p2a: Amoonguss\n|-damage|p2a: Amoonguss|66\/100\n|-sidestart|p2: mister big cool|Spikes\n|-enditem|p2a: Amoonguss|Red Card|[of] p1a: Samurott\n|drag|p1a: Tornadus|Tornadus-Therian, M, shiny|100\/100\n|\n|upkeep\n|turn|10\n|inactive|Edma has 120 seconds left.\n|\n|t:|1699841601\n|move|p1a: Tornadus|Heat Wave|p2a: Amoonguss\n|-supereffective|p2a: Amoonguss\n|-damage|p2a: Amoonguss|0 fnt\n|faint|p2a: Amoonguss\n|\n|upkeep\n|\n|t:|1699841610\n|switch|p2a: Great Tusk|Great Tusk|100\/100\n|-damage|p2a: Great Tusk|88\/100|[from] Spikes\n|turn|11\n|\n|t:|1699841619\n|switch|p1a: Samurott|Samurott-Hisui, F|100\/100\n|-terastallize|p2a: Great Tusk|Steel\n|move|p2a: Great Tusk|Rapid Spin|p1a: Samurott\n|-damage|p1a: Samurott|81\/100\n|-boost|p2a: Great Tusk|spe|1\n|-sideend|p2: mister big cool|Spikes|[from] move: Rapid Spin|[of] p2a: Great Tusk\n|\n|-heal|p2a: Great Tusk|94\/100|[from] item: Leftovers\n|upkeep\n|turn|12\n|\n|t:|1699841631\n|-terastallize|p1a: Samurott|Fighting\n|move|p2a: Great Tusk|Earthquake|p1a: Samurott\n|-damage|p1a: Samurott|26\/100\n|move|p1a: Samurott|Sacred Sword|p2a: Great Tusk\n|-supereffective|p2a: Great Tusk\n|-damage|p2a: Great Tusk|6\/100\n|\n|-heal|p2a: Great Tusk|12\/100|[from] item: Leftovers\n|upkeep\n|turn|13\n|inactive|Edma has 120 seconds left.\n|\n|t:|1699841651\n|switch|p1a: Tornadus|Tornadus-Therian, M, shiny|100\/100\n|move|p2a: Great Tusk|Earthquake|p1a: Tornadus\n|-immune|p1a: Tornadus\n|\n|-heal|p2a: Great Tusk|19\/100|[from] item: Leftovers\n|upkeep\n|turn|14\n|\n|t:|1699841661\n|-end|p2a: Great Tusk|Protosynthesis|[silent]\n|switch|p2a: Ceruledge|Ceruledge, M|100\/100\n|move|p1a: Tornadus|Heat Wave|p2a: Ceruledge\n|-start|p2a: Ceruledge|ability: Flash Fire\n|\n|upkeep\n|turn|15\n|\n|t:|1699841673\n|switch|p1a: Pincurchin|Pincurchin, M|66\/100\n|-fieldstart|move: Electric Terrain|[from] ability: Electric Surge|[of] p1a: Pincurchin\n|move|p2a: Ceruledge|Bitter Blade|p1a: Pincurchin\n|-damage|p1a: Pincurchin|3\/100\n|\n|upkeep\n|turn|16\n|\n|t:|1699841683\n|move|p2a: Ceruledge|Shadow Sneak|p1a: Pincurchin\n|-damage|p1a: Pincurchin|0 fnt\n|faint|p1a: Pincurchin\n|\n|upkeep\n|\n|t:|1699841685\n|switch|p1a: Samurott|Samurott-Hisui, F, tera:Fighting|26\/100\n|turn|17\n|\n|t:|1699841697\n|move|p2a: Ceruledge|Shadow Sneak|p1a: Samurott\n|-damage|p1a: Samurott|6\/100\n|move|p1a: Samurott|Aqua Cutter|p2a: Ceruledge\n|-supereffective|p2a: Ceruledge\n|-damage|p2a: Ceruledge|0 fnt\n|faint|p2a: Ceruledge\n|\n|upkeep\n|\n|t:|1699841718\n|switch|p2a: Great Tusk|Great Tusk, tera:Steel|19\/100\n|turn|18\n|\n|t:|1699841721\n|move|p1a: Samurott|Aqua Cutter|p2a: Great Tusk\n|-damage|p2a: Great Tusk|0 fnt\n|faint|p2a: Great Tusk\n|-end|p2a: Great Tusk|Protosynthesis|[silent]\n|\n|upkeep\n|\n|t:|1699841727\n|switch|p2a: Kingambit|Kingambit, F|100\/100\n|-activate|p2a: Kingambit|ability: Supreme Overlord\n|-start|p2a: Kingambit|fallen5|[silent]\n|turn|19\n|\n|t:|1699841733\n|move|p1a: Samurott|Aqua Cutter|p2a: Kingambit\n|-crit|p2a: Kingambit\n|-damage|p2a: Kingambit|35\/100\n|move|p2a: Kingambit|Swords Dance|p2a: Kingambit\n|-boost|p2a: Kingambit|atk|2\n|\n|-heal|p2a: Kingambit|42\/100|[from] item: Leftovers\n|-fieldend|move: Electric Terrain\n|upkeep\n|turn|20\n|\n|t:|1699841744\n|move|p2a: Kingambit|Sucker Punch|p1a: Samurott\n|-resisted|p1a: Samurott\n|-damage|p1a: Samurott|0 fnt\n|faint|p1a: Samurott\n|\n|-heal|p2a: Kingambit|48\/100|[from] item: Leftovers\n|upkeep\n|\n|t:|1699841765\n|switch|p1a: Tornadus|Tornadus-Therian, M, shiny|100\/100\n|turn|21\n|\n|t:|1699841771\n|move|p2a: Kingambit|Sucker Punch|p1a: Tornadus\n|-damage|p1a: Tornadus|0 fnt\n|faint|p1a: Tornadus\n|\n|-heal|p2a: Kingambit|54\/100|[from] item: Leftovers\n|upkeep\n|\n|t:|1699841774\n|switch|p1a: Zangoose|Zangoose, M|100\/100\n|turn|22\n|\n|t:|1699841783\n|move|p1a: Zangoose|Quick Attack|p2a: Kingambit\n|-resisted|p2a: Kingambit\n|-damage|p2a: Kingambit|46\/100\n|move|p2a: Kingambit|Kowtow Cleave|p1a: Zangoose\n|-damage|p1a: Zangoose|0 fnt\n|faint|p1a: Zangoose\n|\n|-heal|p2a: Kingambit|52\/100|[from] item: Leftovers\n|upkeep\n|\n|t:|1699841790\n|switch|p1a: Hatterene|Hatterene, F, shiny|100\/100\n|turn|23\n|\n|t:|1699841800\n|move|p2a: Kingambit|Iron Head|p1a: Hatterene\n|-supereffective|p1a: Hatterene\n|-damage|p1a: Hatterene|0 fnt\n|faint|p1a: Hatterene\n|\n|win|mister big cool\n|raw|Edma's rating: 1135 &rarr; <strong>1113<\/strong><br \/>(-22 for losing)\n|raw|mister big cool's rating: 1174 &rarr; <strong>1196<\/strong><br \/>(+22 for winning)\n|l|\u2606Edma\n|c|\u2606mister big cool|HUUUUGE\n|c|\u2606mister big cool|this pokemon is fucking ridiculous\n","uploadtime":1699841820,"views":17,"p1id":"edma","p2id":"misterbigcool","formatid":"gen9ou","rating":1113,"private":0,"password":""}