{"id":"gen9ou-1994594493","p1":"Rod Packwis","p2":"CyberH3","format":"[Gen 9] OU","log":"|j|\u2606Rod Packwis\n|j|\u2606CyberH3\n|t:|1700466183\n|gametype|singles\n|player|p1|Rod Packwis|266|1352\n|player|p2|CyberH3|mars|1451\n|teamsize|p1|6\n|teamsize|p2|6\n|gen|9\n|tier|[Gen 9] OU\n|rated|\n|rule|Sleep Clause Mod: Limit one foe put to sleep\n|rule|Species Clause: Limit one of each Pok\u00e9mon\n|rule|OHKO Clause: OHKO moves are banned\n|rule|Evasion Items Clause: Evasion items are banned\n|rule|Evasion Moves Clause: Evasion moves are banned\n|rule|Endless Battle Clause: Forcing endless battles is banned\n|rule|HP Percentage Mod: HP is shown in percentages\n|clearpoke\n|poke|p1|Iron Valiant|\n|poke|p1|Ribombee, M|\n|poke|p1|Glimmora, M|\n|poke|p1|Gholdengo|\n|poke|p1|Kingambit, F|\n|poke|p1|Ogerpon-Wellspring, F|\n|poke|p2|Goodra-Hisui, M|\n|poke|p2|Scizor, F|\n|poke|p2|Mimikyu, F|\n|poke|p2|Iron Valiant|\n|poke|p2|Talonflame, F|\n|poke|p2|Lokix, M|\n|teampreview\n|\n|t:|1700466191\n|start\n|switch|p1a: Glimmora|Glimmora, M|100\/100\n|switch|p2a: The XO|Talonflame, F|100\/100\n|turn|1\n|\n|t:|1700466196\n|move|p2a: The XO|Taunt|p1a: Glimmora\n|-start|p1a: Glimmora|move: Taunt\n|move|p1a: Glimmora|Power Gem|p2a: The XO\n|-supereffective|p2a: The XO\n|-damage|p2a: The XO|0 fnt\n|faint|p2a: The XO\n|\n|upkeep\n|\n|t:|1700466199\n|switch|p2a: Snailtare|Goodra-Hisui, M|100\/100\n|turn|2\n|\n|t:|1700466216\n|move|p1a: Glimmora|Earth Power|p2a: Snailtare\n|-supereffective|p2a: Snailtare\n|-damage|p2a: Snailtare|60\/100\n|move|p2a: Snailtare|Hydro Pump|p1a: Glimmora\n|-supereffective|p1a: Glimmora\n|-enditem|p1a: Glimmora|Focus Sash\n|-damage|p1a: Glimmora|1\/100\n|\n|-heal|p2a: Snailtare|66\/100|[from] item: Leftovers\n|upkeep\n|turn|3\n|\n|t:|1700466221\n|move|p1a: Glimmora|Earth Power|p2a: Snailtare\n|-supereffective|p2a: Snailtare\n|-damage|p2a: Snailtare|25\/100\n|move|p2a: Snailtare|Flamethrower|p1a: Glimmora\n|-resisted|p1a: Glimmora\n|-damage|p1a: Glimmora|0 fnt\n|faint|p1a: Glimmora\n|\n|-heal|p2a: Snailtare|31\/100|[from] item: Leftovers\n|upkeep\n|\n|t:|1700466225\n|switch|p1a: Ribombee|Ribombee, M|100\/100\n|turn|4\n|\n|t:|1700466231\n|move|p1a: Ribombee|Sticky Web|p2a: Snailtare\n|-sidestart|p2: CyberH3|move: Sticky Web\n|move|p2a: Snailtare|Flamethrower|p1a: Ribombee\n|-supereffective|p1a: Ribombee\n|-crit|p1a: Ribombee\n|-enditem|p1a: Ribombee|Focus Sash\n|-damage|p1a: Ribombee|1\/100\n|\n|-heal|p2a: Snailtare|37\/100|[from] item: Leftovers\n|upkeep\n|turn|5\n|\n|t:|1700466243\n|move|p2a: Snailtare|Protect|p2a: Snailtare\n|-singleturn|p2a: Snailtare|Protect\n|move|p1a: Ribombee|Moonblast|p2a: Snailtare\n|-activate|p2a: Snailtare|move: Protect\n|\n|-heal|p2a: Snailtare|43\/100|[from] item: Leftovers\n|upkeep\n|turn|6\n|\n|t:|1700466256\n|switch|p2a: Eat With Scissors|Scizor, F|100\/100\n|-activate|p2a: Eat With Scissors|move: Sticky Web\n|-unboost|p2a: Eat With Scissors|spe|1\n|move|p1a: Ribombee|Moonblast|p2a: Eat With Scissors\n|-resisted|p2a: Eat With Scissors\n|-crit|p2a: Eat With Scissors\n|-damage|p2a: Eat With Scissors|67\/100\n|\n|upkeep\n|turn|7\n|\n|t:|1700466260\n|move|p2a: Eat With Scissors|Bullet Punch|p1a: Ribombee\n|-supereffective|p1a: Ribombee\n|-damage|p1a: Ribombee|0 fnt\n|faint|p1a: Ribombee\n|-damage|p2a: Eat With Scissors|57\/100|[from] item: Life Orb\n|\n|upkeep\n|\n|t:|1700466264\n|switch|p1a: Gholdengo|Gholdengo|100\/100\n|-item|p1a: Gholdengo|Air Balloon\n|turn|8\n|\n|t:|1700466267\n|move|p1a: Gholdengo|Nasty Plot|p1a: Gholdengo\n|-boost|p1a: Gholdengo|spa|2\n|move|p2a: Eat With Scissors|Knock Off|p1a: Gholdengo\n|-supereffective|p1a: Gholdengo\n|-crit|p1a: Gholdengo\n|-damage|p1a: Gholdengo|0 fnt\n|-enditem|p1a: Gholdengo|Air Balloon\n|faint|p1a: Gholdengo\n|-damage|p2a: Eat With Scissors|47\/100|[from] item: Life Orb\n|\n|upkeep\n|\n|t:|1700466276\n|switch|p1a: Ogerpon|Ogerpon-Wellspring, F|100\/100\n|turn|9\n|\n|t:|1700466278\n|move|p1a: Ogerpon|Ivy Cudgel|p2a: Eat With Scissors|[anim] Ivy Cudgel Water\n|-damage|p2a: Eat With Scissors|0 fnt\n|faint|p2a: Eat With Scissors\n|\n|upkeep\n|\n|t:|1700466282\n|switch|p2a: Morf LeRosh|Lokix, M|100\/100\n|-activate|p2a: Morf LeRosh|move: Sticky Web\n|-unboost|p2a: Morf LeRosh|spe|1\n|turn|10\n|\n|t:|1700466304\n|-terastallize|p1a: Ogerpon|Water\n|detailschange|p1a: Ogerpon|Ogerpon-Wellspring-Tera, F, tera:Water\n|-ability|p1a: Ogerpon|Embody Aspect (Wellspring)|boost\n|-boost|p1a: Ogerpon|spd|1\n|move|p2a: Morf LeRosh|First Impression|p1a: Ogerpon\n|-damage|p1a: Ogerpon|28\/100\n|-damage|p2a: Morf LeRosh|91\/100|[from] item: Life Orb\n|move|p1a: Ogerpon|Ivy Cudgel|p2a: Morf LeRosh|[anim] Ivy Cudgel Water\n|-damage|p2a: Morf LeRosh|0 fnt\n|faint|p2a: Morf LeRosh\n|\n|upkeep\n|\n|t:|1700466311\n|switch|p2a: Snailtare|Goodra-Hisui, M|43\/100\n|-activate|p2a: Snailtare|move: Sticky Web\n|-unboost|p2a: Snailtare|spe|1\n|turn|11\n|\n|t:|1700466318\n|move|p1a: Ogerpon|Ivy Cudgel|p2a: Snailtare|[anim] Ivy Cudgel Water\n|-resisted|p2a: Snailtare\n|-damage|p2a: Snailtare|3\/100\n|move|p2a: Snailtare|Draco Meteor|p1a: Ogerpon\n|-damage|p1a: Ogerpon|0 fnt\n|-unboost|p2a: Snailtare|spa|2\n|faint|p1a: Ogerpon\n|\n|-heal|p2a: Snailtare|9\/100|[from] item: Leftovers\n|upkeep\n|\n|t:|1700466322\n|switch|p1a: Iron Valiant|Iron Valiant|100\/100\n|-enditem|p1a: Iron Valiant|Booster Energy\n|-activate|p1a: Iron Valiant|ability: Quark Drive|[fromitem]\n|-start|p1a: Iron Valiant|quarkdrivespe\n|turn|12\n|\n|t:|1700466332\n|move|p1a: Iron Valiant|Knock Off|p2a: Snailtare\n|-damage|p2a: Snailtare|0 fnt\n|-enditem|p2a: Snailtare|Leftovers|[from] move: Knock Off|[of] p1a: Iron Valiant\n|faint|p2a: Snailtare\n|\n|upkeep\n|\n|t:|1700466335\n|switch|p2a: R-TRUS|Iron Valiant|100\/100\n|-activate|p2a: R-TRUS|move: Sticky Web\n|-unboost|p2a: R-TRUS|spe|1\n|-enditem|p2a: R-TRUS|Booster Energy\n|-activate|p2a: R-TRUS|ability: Quark Drive|[fromitem]\n|-start|p2a: R-TRUS|quarkdrivespa\n|turn|13\n|\n|t:|1700466360\n|-terastallize|p2a: R-TRUS|Steel\n|move|p1a: Iron Valiant|Close Combat|p2a: R-TRUS\n|-supereffective|p2a: R-TRUS\n|-damage|p2a: R-TRUS|0 fnt\n|-unboost|p1a: Iron Valiant|def|1\n|-unboost|p1a: Iron Valiant|spd|1\n|faint|p2a: R-TRUS\n|-end|p2a: R-TRUS|Quark Drive|[silent]\n|\n|upkeep\n|c|\u2606CyberH3|damn nice one\n|\n|t:|1700466369\n|switch|p2a: OHAYOLLIE|Mimikyu, F|100\/100\n|-activate|p2a: OHAYOLLIE|move: Sticky Web\n|-unboost|p2a: OHAYOLLIE|spe|1\n|turn|14\n|c|\u2606Rod Packwis|outrageous play\n|c|\u2606Rod Packwis|ngl\n|\n|t:|1700466380\n|move|p1a: Iron Valiant|Knock Off|p2a: OHAYOLLIE\n|-activate|p2a: OHAYOLLIE|ability: Disguise\n|-damage|p2a: OHAYOLLIE|100\/100\n|-enditem|p2a: OHAYOLLIE|Life Orb|[from] move: Knock Off|[of] p1a: Iron Valiant\n|detailschange|p2a: OHAYOLLIE|Mimikyu-Busted, F\n|-damage|p2a: OHAYOLLIE|88\/100|[from] pokemon: Mimikyu-Busted\n|move|p2a: OHAYOLLIE|Swords Dance|p2a: OHAYOLLIE\n|-boost|p2a: OHAYOLLIE|atk|2\n|\n|upkeep\n|turn|15\n|\n|t:|1700466402\n|move|p2a: OHAYOLLIE|Shadow Sneak|p1a: Iron Valiant\n|-damage|p1a: Iron Valiant|41\/100\n|move|p1a: Iron Valiant|Ice Punch|p2a: OHAYOLLIE\n|-damage|p2a: OHAYOLLIE|42\/100\n|\n|upkeep\n|turn|16\n|\n|t:|1700466407\n|move|p2a: OHAYOLLIE|Shadow Sneak|p1a: Iron Valiant\n|-damage|p1a: Iron Valiant|0 fnt\n|faint|p1a: Iron Valiant\n|-end|p1a: Iron Valiant|Quark Drive|[silent]\n|\n|upkeep\n|\n|t:|1700466410\n|switch|p1a: Kingambit|Kingambit, F|100\/100\n|-activate|p1a: Kingambit|ability: Supreme Overlord\n|-start|p1a: Kingambit|fallen5|[silent]\n|turn|17\n|c|\u2606Rod Packwis|oh god\n|\n|t:|1700466454\n|move|p2a: OHAYOLLIE|Drain Punch|p1a: Kingambit\n|-supereffective|p1a: Kingambit\n|-damage|p1a: Kingambit|0 fnt\n|-heal|p2a: OHAYOLLIE|100\/100|[from] drain|[of] p1a: Kingambit\n|faint|p1a: Kingambit\n|-end|p1a: Kingambit|fallen5|[silent]\n|\n|win|CyberH3\n|raw|Rod Packwis's rating: 1372 &rarr; <strong>1356<\/strong><br \/>(-16 for losing)\n|raw|CyberH3's rating: 1451 &rarr; <strong>1467<\/strong><br \/>(+16 for winning)\n|c|\u2606CyberH3|good game\n|c|\u2606Rod Packwis|nooooo\n|l|\u2606Rod Packwis\n","uploadtime":1700466466,"views":10,"p1id":"rodpackwis","p2id":"cyberh3","formatid":"gen9ou","rating":1356,"private":0,"password":""}