{"id":"gen9ou-1993226169","p1":"mxwaef","p2":"babbott","format":"[Gen 9] OU","log":"|j|\u2606mxwaef\n|j|\u2606babbott\n|t:|1700280650\n|gametype|singles\n|player|p1|mxwaef|169|1306\n|player|p2|babbott|101|1237\n|teamsize|p1|6\n|teamsize|p2|6\n|gen|9\n|tier|[Gen 9] OU\n|rated|\n|rule|Sleep Clause Mod: Limit one foe put to sleep\n|rule|Species Clause: Limit one of each Pok\u00e9mon\n|rule|OHKO Clause: OHKO moves are banned\n|rule|Evasion Items Clause: Evasion items are banned\n|rule|Evasion Moves Clause: Evasion moves are banned\n|rule|Endless Battle Clause: Forcing endless battles is banned\n|rule|HP Percentage Mod: HP is shown in percentages\n|clearpoke\n|poke|p1|Dondozo, M|\n|poke|p1|Cinderace, M|\n|poke|p1|Blissey, F|\n|poke|p1|Jirachi|\n|poke|p1|Ogerpon-Cornerstone, F|\n|poke|p1|Hydreigon, F|\n|poke|p2|Hoopa-Unbound|\n|poke|p2|Hatterene, F|\n|poke|p2|Tornadus-Therian, M|\n|poke|p2|Glimmora, M|\n|poke|p2|Gholdengo|\n|poke|p2|Ursaluna, F|\n|teampreview\n|inactive|Battle timer is ON: inactive players will automatically lose when time's up. (requested by mxwaef)\n|\n|t:|1700280677\n|start\n|switch|p1a: Hydreigon|Hydreigon, F|100\/100\n|switch|p2a: Hoopa|Hoopa-Unbound|100\/100\n|turn|1\n|\n|t:|1700280691\n|move|p2a: Hoopa|Drain Punch|p1a: Hydreigon\n|-supereffective|p1a: Hydreigon\n|-damage|p1a: Hydreigon|38\/100\n|-damage|p2a: Hoopa|91\/100|[from] item: Life Orb\n|move|p1a: Hydreigon|U-turn|p2a: Hoopa\n|-supereffective|p2a: Hoopa\n|-damage|p2a: Hoopa|0 fnt\n|faint|p2a: Hoopa\n|\n|t:|1700280699\n|switch|p1a: Cinderace|Cinderace, M|100\/100|[from] U-turn\n|\n|upkeep\n|\n|t:|1700280707\n|switch|p2a: Tornadus|Tornadus-Therian, M|100\/100\n|turn|2\n|\n|t:|1700280713\n|move|p2a: Tornadus|Bleakwind Storm|p1a: Cinderace|[miss]\n|-miss|p2a: Tornadus|p1a: Cinderace\n|move|p1a: Cinderace|U-turn|p2a: Tornadus\n|-start|p1a: Cinderace|typechange|Bug|[from] ability: Libero\n|-resisted|p2a: Tornadus\n|-damage|p2a: Tornadus|80\/100\n|-enditem|p2a: Tornadus|Eject Button\n|\n|t:|1700280723\n|switch|p2a: Ursaluna|Ursaluna, F|100\/100\n|\n|-status|p2a: Ursaluna|brn|[from] item: Flame Orb\n|upkeep\n|turn|3\n|\n|t:|1700280733\n|move|p1a: Cinderace|U-turn|p2a: Ursaluna\n|-damage|p2a: Ursaluna|72\/100 brn\n|\n|t:|1700280736\n|switch|p1a: Dondozo|Dondozo, M|100\/100|[from] U-turn\n|move|p2a: Ursaluna|Fire Punch|p1a: Dondozo\n|-resisted|p1a: Dondozo\n|-damage|p1a: Dondozo|91\/100\n|-status|p1a: Dondozo|brn\n|-damage|p2a: Ursaluna|55\/100 brn|[from] item: Rocky Helmet|[of] p1a: Dondozo\n|\n|-damage|p2a: Ursaluna|49\/100 brn|[from] brn\n|-damage|p1a: Dondozo|85\/100 brn|[from] brn\n|upkeep\n|turn|4\n|\n|t:|1700280748\n|switch|p2a: Tornadus|Tornadus-Therian, M|100\/100\n|move|p1a: Dondozo|Liquidation|p2a: Tornadus\n|-damage|p2a: Tornadus|82\/100\n|\n|-damage|p1a: Dondozo|79\/100 brn|[from] brn\n|upkeep\n|turn|5\n|\n|t:|1700280753\n|switch|p1a: Blissey|Blissey, F|100\/100\n|move|p2a: Tornadus|Knock Off|p1a: Blissey\n|-crit|p1a: Blissey\n|-damage|p1a: Blissey|70\/100\n|-enditem|p1a: Blissey|Light Clay|[from] move: Knock Off|[of] p2a: Tornadus\n|\n|upkeep\n|turn|6\n|\n|t:|1700280763\n|switch|p1a: Hydreigon|Hydreigon, F|38\/100\n|move|p2a: Tornadus|Tailwind|p2a: Tornadus\n|-sidestart|p2: babbott|move: Tailwind\n|\n|-heal|p1a: Hydreigon|44\/100|[from] item: Leftovers\n|upkeep\n|turn|7\n|\n|t:|1700280767\n|move|p2a: Tornadus|U-turn|p1a: Hydreigon\n|-supereffective|p1a: Hydreigon\n|-damage|p1a: Hydreigon|24\/100\n|\n|t:|1700280771\n|switch|p2a: Hatterene|Hatterene, F|100\/100|[from] U-turn\n|move|p1a: Hydreigon|U-turn|p2a: Hatterene\n|-damage|p2a: Hatterene|87\/100\n|\n|t:|1700280781\n|switch|p1a: Ogerpon|Ogerpon-Cornerstone, F|100\/100|[from] U-turn\n|\n|upkeep\n|turn|8\n|\n|t:|1700280802\n|-terastallize|p1a: Ogerpon|Rock\n|detailschange|p1a: Ogerpon|Ogerpon-Cornerstone-Tera, F, tera:Rock\n|-ability|p1a: Ogerpon|Embody Aspect (Cornerstone)|boost\n|-boost|p1a: Ogerpon|def|1\n|move|p1a: Ogerpon|Ivy Cudgel|p2a: Hatterene|[anim] Ivy Cudgel Rock\n|-damage|p2a: Hatterene|14\/100\n|move|p2a: Hatterene|Dazzling Gleam|p1a: Ogerpon\n|-damage|p1a: Ogerpon|61\/100\n|\n|upkeep\n|turn|9\n|-enditem|p2a: Hatterene|Custap Berry|[eat]\n|-activate|p2a: Hatterene|item: Custap Berry|[consumed]\n|\n|t:|1700280811\n|move|p2a: Hatterene|Nuzzle|p1a: Ogerpon\n|-damage|p1a: Ogerpon|57\/100\n|-status|p1a: Ogerpon|par\n|move|p1a: Ogerpon|Ivy Cudgel|p2a: Hatterene|[anim] Ivy Cudgel Rock\n|-damage|p2a: Hatterene|0 fnt\n|faint|p2a: Hatterene\n|\n|-sideend|p2: babbott|move: Tailwind\n|upkeep\n|\n|t:|1700280823\n|switch|p2a: Ursaluna|Ursaluna, F|49\/100 brn\n|turn|10\n|\n|t:|1700280829\n|switch|p1a: Dondozo|Dondozo, M|79\/100 brn\n|move|p2a: Ursaluna|Earthquake|p1a: Dondozo\n|-damage|p1a: Dondozo|37\/100 brn\n|\n|-damage|p2a: Ursaluna|43\/100 brn|[from] brn\n|-damage|p1a: Dondozo|31\/100 brn|[from] brn\n|upkeep\n|turn|11\n|\n|t:|1700280835\n|switch|p1a: Hydreigon|Hydreigon, F|24\/100\n|move|p2a: Ursaluna|Earthquake|p1a: Hydreigon\n|-immune|p1a: Hydreigon|[from] ability: Levitate\n|\n|-heal|p1a: Hydreigon|30\/100|[from] item: Leftovers\n|-damage|p2a: Ursaluna|37\/100 brn|[from] brn\n|upkeep\n|turn|12\n|\n|t:|1700280851\n|switch|p2a: Gholdengo|Gholdengo|100\/100\n|move|p1a: Hydreigon|Surf|p2a: Gholdengo\n|-damage|p2a: Gholdengo|71\/100\n|\n|-heal|p1a: Hydreigon|37\/100|[from] item: Leftovers\n|upkeep\n|turn|13\n|\n|t:|1700280869\n|switch|p1a: Cinderace|Cinderace, M|100\/100\n|move|p2a: Gholdengo|Focus Blast|p1a: Cinderace\n|-damage|p1a: Cinderace|10\/100\n|\n|upkeep\n|turn|14\n|\n|t:|1700280875\n|switch|p2a: Tornadus|Tornadus-Therian, M|100\/100\n|move|p1a: Cinderace|Pyro Ball|p2a: Tornadus\n|-damage|p2a: Tornadus|37\/100\n|\n|upkeep\n|turn|15\n|\n|t:|1700280884\n|switch|p1a: Blissey|Blissey, F|70\/100\n|move|p2a: Tornadus|Tailwind|p2a: Tornadus\n|-sidestart|p2: babbott|move: Tailwind\n|\n|upkeep\n|turn|16\n|\n|t:|1700280887\n|move|p2a: Tornadus|U-turn|p1a: Blissey\n|-damage|p1a: Blissey|57\/100\n|\n|t:|1700280896\n|switch|p2a: Ursaluna|Ursaluna, F|37\/100 brn|[from] U-turn\n|move|p1a: Blissey|Heal Bell|p1a: Blissey\n|-activate|p1a: Blissey|move: Heal Bell\n|-curestatus|p1: Ogerpon|par|[msg]\n|-curestatus|p1: Dondozo|brn|[msg]\n|\n|-damage|p2a: Ursaluna|30\/100 brn|[from] brn\n|upkeep\n|turn|17\n|\n|t:|1700280907\n|switch|p1a: Dondozo|Dondozo, M|31\/100\n|move|p2a: Ursaluna|Facade|p1a: Dondozo\n|-damage|p1a: Dondozo|0 fnt\n|-damage|p2a: Ursaluna|14\/100 brn|[from] item: Rocky Helmet|[of] p1a: Dondozo\n|faint|p1a: Dondozo\n|\n|-damage|p2a: Ursaluna|8\/100 brn|[from] brn\n|upkeep\n|\n|t:|1700280911\n|switch|p1a: Cinderace|Cinderace, M|10\/100\n|turn|18\n|\n|t:|1700280919\n|move|p1a: Cinderace|Sucker Punch|p2a: Ursaluna\n|-start|p1a: Cinderace|typechange|Dark|[from] ability: Libero\n|-damage|p2a: Ursaluna|0 fnt\n|faint|p2a: Ursaluna\n|\n|-sideend|p2: babbott|move: Tailwind\n|upkeep\n|\n|t:|1700280922\n|switch|p2a: Glimmora|Glimmora, M|100\/100\n|turn|19\n|\n|t:|1700280933\n|move|p1a: Cinderace|U-turn|p2a: Glimmora\n|-resisted|p2a: Glimmora\n|-damage|p2a: Glimmora|87\/100\n|-activate|p2a: Glimmora|ability: Toxic Debris\n|-sidestart|p1: mxwaef|move: Toxic Spikes\n|\n|t:|1700280936\n|switch|p1a: Jirachi|Jirachi|100\/100|[from] U-turn\n|move|p2a: Glimmora|Stealth Rock|p1a: Jirachi\n|-sidestart|p1: mxwaef|move: Stealth Rock\n|\n|upkeep\n|turn|20\n|\n|t:|1700280943\n|switch|p2a: Tornadus|Tornadus-Therian, M|70\/100\n|move|p1a: Jirachi|Doom Desire|p2a: Tornadus\n|-start|p1a: Jirachi|Doom Desire\n|\n|upkeep\n|turn|21\n|\n|t:|1700280966\n|switch|p1a: Hydreigon|Hydreigon, F|37\/100\n|-damage|p1a: Hydreigon|24\/100|[from] Stealth Rock\n|move|p2a: Tornadus|Tailwind|p2a: Tornadus\n|-sidestart|p2: babbott|move: Tailwind\n|\n|-heal|p1a: Hydreigon|30\/100|[from] item: Leftovers\n|upkeep\n|turn|22\n|\n|t:|1700280972\n|move|p2a: Tornadus|Bleakwind Storm|p1a: Hydreigon\n|-damage|p1a: Hydreigon|0 fnt\n|faint|p1a: Hydreigon\n|\n|-end|p2a: Tornadus|move: Doom Desire\n|-damage|p2a: Tornadus|15\/100\n|upkeep\n|\n|t:|1700280982\n|switch|p1a: Cinderace|Cinderace, M|10\/100\n|turn|23\n|\n|t:|1700280992\n|switch|p2a: Glimmora|Glimmora, M|87\/100\n|move|p1a: Cinderace|Sucker Punch||[still]\n|-fail|p1a: Cinderace\n|\n|upkeep\n|turn|24\n|\n|t:|1700281005\n|move|p2a: Glimmora|Power Gem|p1a: Cinderace\n|-supereffective|p1a: Cinderace\n|-damage|p1a: Cinderace|0 fnt\n|faint|p1a: Cinderace\n|\n|-sideend|p2: babbott|move: Tailwind\n|upkeep\n|\n|t:|1700281025\n|switch|p1a: Jirachi|Jirachi|100\/100\n|-damage|p1a: Jirachi|94\/100|[from] Stealth Rock\n|turn|25\n|\n|t:|1700281040\n|move|p2a: Glimmora|Spikes|p1a: Jirachi\n|-sidestart|p1: mxwaef|Spikes\n|move|p1a: Jirachi|Doom Desire|p2a: Glimmora\n|-start|p1a: Jirachi|Doom Desire\n|\n|-heal|p1a: Jirachi|100\/100|[from] item: Leftovers\n|upkeep\n|turn|26\n|\n|t:|1700281049\n|move|p2a: Glimmora|Spikes|p1a: Jirachi\n|-sidestart|p1: mxwaef|Spikes\n|move|p1a: Jirachi|Psychic|p2a: Glimmora\n|-supereffective|p2a: Glimmora\n|-damage|p2a: Glimmora|3\/100\n|\n|upkeep\n|turn|27\n|\n|t:|1700281062\n|move|p2a: Glimmora|Spikes|p1a: Jirachi\n|-sidestart|p1: mxwaef|Spikes\n|move|p1a: Jirachi|Reflect|p1a: Jirachi\n|-sidestart|p1: mxwaef|Reflect\n|\n|-end|p2a: Glimmora|move: Doom Desire\n|-supereffective|p2a: Glimmora\n|-damage|p2a: Glimmora|0 fnt\n|faint|p2a: Glimmora\n|upkeep\n|\n|t:|1700281067\n|switch|p2a: Tornadus|Tornadus-Therian, M|48\/100\n|turn|28\n|\n|t:|1700281078\n|move|p2a: Tornadus|Tailwind|p2a: Tornadus\n|-sidestart|p2: babbott|move: Tailwind\n|move|p1a: Jirachi|Doom Desire|p2a: Tornadus\n|-start|p1a: Jirachi|Doom Desire\n|\n|upkeep\n|turn|29\n|\n|t:|1700281086\n|move|p2a: Tornadus|Knock Off|p1a: Jirachi\n|-supereffective|p1a: Jirachi\n|-damage|p1a: Jirachi|87\/100\n|-enditem|p1a: Jirachi|Leftovers|[from] move: Knock Off|[of] p2a: Tornadus\n|move|p1a: Jirachi|U-turn|p2a: Tornadus\n|-resisted|p2a: Tornadus\n|-damage|p2a: Tornadus|39\/100\n|\n|t:|1700281092\n|switch|p1a: Ogerpon|Ogerpon-Cornerstone-Tera, F, tera:Rock|57\/100|[from] U-turn\n|-status|p1a: Ogerpon|psn\n|-damage|p1a: Ogerpon|45\/100 psn|[from] Stealth Rock\n|-damage|p1a: Ogerpon|20\/100 psn|[from] Spikes\n|-ability|p1a: Ogerpon|Embody Aspect (Cornerstone)|boost\n|-boost|p1a: Ogerpon|def|1\n|\n|-damage|p1a: Ogerpon|8\/100 psn|[from] psn\n|upkeep\n|turn|30\n|\n|t:|1700281099\n|move|p2a: Tornadus|Knock Off|p1a: Ogerpon\n|-damage|p1a: Ogerpon|2\/100 psn\n|move|p1a: Ogerpon|Ivy Cudgel|p2a: Tornadus|[anim] Ivy Cudgel Rock\n|-supereffective|p2a: Tornadus\n|-damage|p2a: Tornadus|0 fnt\n|faint|p2a: Tornadus\n|\n|-hint|Doom Desire did not hit because the target is fainted.\n|-damage|p1a: Ogerpon|0 fnt|[from] psn\n|faint|p1a: Ogerpon\n|upkeep\n|\n|t:|1700281112\n|switch|p2a: Gholdengo|Gholdengo|71\/100\n|switch|p1a: Jirachi|Jirachi|87\/100\n|-damage|p1a: Jirachi|81\/100|[from] Stealth Rock\n|-damage|p1a: Jirachi|56\/100|[from] Spikes\n|turn|31\n|\n|t:|1700281126\n|move|p2a: Gholdengo|Trick|p1a: Jirachi\n|-activate|p2a: Gholdengo|move: Trick|[of] p1a: Jirachi\n|-item|p1a: Jirachi|Choice Specs|[from] move: Trick\n|-enditem|p2a: Gholdengo|Choice Specs|[silent]|[from] move: Trick\n|move|p1a: Jirachi|Psychic|p2a: Gholdengo\n|-resisted|p2a: Gholdengo\n|-damage|p2a: Gholdengo|40\/100\n|\n|-sideend|p1: mxwaef|Reflect\n|-sideend|p2: babbott|move: Tailwind\n|upkeep\n|turn|32\n|\n|t:|1700281141\n|move|p2a: Gholdengo|Shadow Ball|p1a: Jirachi\n|-supereffective|p1a: Jirachi\n|-damage|p1a: Jirachi|0 fnt\n|faint|p1a: Jirachi\n|\n|upkeep\n|\n|t:|1700281144\n|switch|p1a: Blissey|Blissey, F|57\/100\n|-status|p1a: Blissey|psn\n|-damage|p1a: Blissey|44\/100 psn|[from] Stealth Rock\n|-damage|p1a: Blissey|19\/100 psn|[from] Spikes\n|turn|33\n|\n|t:|1700281148\n|move|p2a: Gholdengo|Make It Rain|p1a: Blissey\n|-damage|p1a: Blissey|0 fnt\n|-unboost|p2a: Gholdengo|spa|1\n|faint|p1a: Blissey\n|\n|win|babbott\n|raw|mxwaef's rating: 1306 &rarr; <strong>1282<\/strong><br \/>(-24 for losing)\n|raw|babbott's rating: 1237 &rarr; <strong>1267<\/strong><br \/>(+30 for winning)\n|c|\u2606babbott|gg\n","uploadtime":1700281173,"views":12,"p1id":"mxwaef","p2id":"babbott","formatid":"gen9ou","rating":1267,"private":0,"password":""}