{"id":"gen9ou-1991369860","p1":"Mizuriri","p2":"Welcometoearth420","format":"[Gen 9] OU","log":"|j|\u2606Mizuriri\n|j|\u2606Welcometoearth420\n|t:|1700071437\n|gametype|singles\n|player|p1|Mizuriri|anabel|1427\n|player|p2|Welcometoearth420|266|1528\n|teamsize|p1|6\n|teamsize|p2|6\n|gen|9\n|tier|[Gen 9] OU\n|rated|\n|rule|Sleep Clause Mod: Limit one foe put to sleep\n|rule|Species Clause: Limit one of each Pok\u00e9mon\n|rule|OHKO Clause: OHKO moves are banned\n|rule|Evasion Items Clause: Evasion items are banned\n|rule|Evasion Moves Clause: Evasion moves are banned\n|rule|Endless Battle Clause: Forcing endless battles is banned\n|rule|HP Percentage Mod: HP is shown in percentages\n|clearpoke\n|poke|p1|Gholdengo|\n|poke|p1|Ting-Lu|\n|poke|p1|Kingambit, F|\n|poke|p1|Amoonguss, F|\n|poke|p1|Slowking, F|\n|poke|p1|Tornadus-Therian, M|\n|poke|p2|Samurott-Hisui, M|\n|poke|p2|Ogerpon-Wellspring, F|\n|poke|p2|Great Tusk|\n|poke|p2|Dragonite, F|\n|poke|p2|Clefable, F|\n|poke|p2|Dragapult, M|\n|teampreview\n|inactive|Battle timer is ON: inactive players will automatically lose when time's up. (requested by Mizuriri)\n|\n|t:|1700071447\n|start\n|switch|p1a: Tornadus|Tornadus-Therian, M|100\/100\n|switch|p2a: Samurott|Samurott-Hisui, M|100\/100\n|turn|1\n|\n|t:|1700071451\n|move|p1a: Tornadus|U-turn|p2a: Samurott\n|-supereffective|p2a: Samurott\n|-damage|p2a: Samurott|61\/100\n|\n|t:|1700071455\n|switch|p1a: Amoonguss|Amoonguss, F|100\/100|[from] U-turn\n|move|p2a: Samurott|Ceaseless Edge|p1a: Amoonguss\n|-damage|p1a: Amoonguss|66\/100\n|-sidestart|p1: Mizuriri|Spikes\n|\n|upkeep\n|turn|2\n|\n|t:|1700071461\n|move|p2a: Samurott|Ceaseless Edge|p1a: Amoonguss\n|-damage|p1a: Amoonguss|30\/100\n|-sidestart|p1: Mizuriri|Spikes\n|move|p1a: Amoonguss|Giga Drain|p2a: Samurott\n|-supereffective|p2a: Samurott\n|-damage|p2a: Samurott|0 fnt\n|-heal|p1a: Amoonguss|52\/100|[from] drain|[of] p2a: Samurott\n|faint|p2a: Samurott\n|\n|upkeep\n|\n|t:|1700071471\n|switch|p2a: Dragapult|Dragapult, M|100\/100\n|turn|3\n|\n|t:|1700071476\n|switch|p1a: Ting-Lu|Ting-Lu|100\/100\n|-ability|p1a: Ting-Lu|Vessel of Ruin\n|move|p2a: Dragapult|Flamethrower|p1a: Ting-Lu\n|-damage|p1a: Ting-Lu|85\/100\n|\n|upkeep\n|turn|4\n|\n|t:|1700071486\n|switch|p2a: Ogerpon|Ogerpon-Wellspring, F|100\/100\n|move|p1a: Ting-Lu|Stealth Rock|p2a: Ogerpon\n|-sidestart|p2: Welcometoearth420|move: Stealth Rock\n|\n|upkeep\n|turn|5\n|\n|t:|1700071491\n|switch|p1a: Amoonguss|Amoonguss, F|86\/100\n|move|p2a: Ogerpon|Ivy Cudgel|p1a: Amoonguss|[anim] Ivy Cudgel Water\n|-resisted|p1a: Amoonguss\n|-damage|p1a: Amoonguss|63\/100\n|\n|upkeep\n|turn|6\n|\n|t:|1700071506\n|switch|p2a: Dragapult|Dragapult, M|100\/100\n|-damage|p2a: Dragapult|88\/100|[from] Stealth Rock\n|move|p1a: Amoonguss|Spore|p2a: Dragapult\n|-status|p2a: Dragapult|slp|[from] move: Spore\n|\n|upkeep\n|turn|7\n|\n|t:|1700071520\n|switch|p2a: Dragonite|Dragonite, F|100\/100\n|switch|p1a: Tornadus|Tornadus-Therian, M|100\/100\n|\n|upkeep\n|turn|8\n|\n|t:|1700071525\n|move|p1a: Tornadus|U-turn|p2a: Dragonite\n|-resisted|p2a: Dragonite\n|-damage|p2a: Dragonite|97\/100\n|\n|t:|1700071528\n|switch|p1a: Ting-Lu|Ting-Lu|85\/100|[from] U-turn\n|-ability|p1a: Ting-Lu|Vessel of Ruin\n|move|p2a: Dragonite|Dragon Dance|p2a: Dragonite\n|-boost|p2a: Dragonite|atk|1\n|-boost|p2a: Dragonite|spe|1\n|\n|upkeep\n|turn|9\n|\n|t:|1700071532\n|move|p2a: Dragonite|Extreme Speed|p1a: Ting-Lu\n|-damage|p1a: Ting-Lu|58\/100\n|move|p1a: Ting-Lu|Whirlwind|p2a: Dragonite\n|drag|p2a: Clefable|Clefable, F|100\/100\n|\n|upkeep\n|turn|10\n|\n|t:|1700071539\n|switch|p1a: Amoonguss|Amoonguss, F|96\/100\n|move|p2a: Clefable|Moonblast|p1a: Amoonguss\n|-resisted|p1a: Amoonguss\n|-damage|p1a: Amoonguss|82\/100\n|\n|upkeep\n|turn|11\n|\n|t:|1700071543\n|move|p2a: Clefable|Cosmic Power|p2a: Clefable\n|-boost|p2a: Clefable|def|1\n|-boost|p2a: Clefable|spd|1\n|move|p1a: Amoonguss|Sludge Bomb|p2a: Clefable\n|-supereffective|p2a: Clefable\n|-damage|p2a: Clefable|77\/100\n|\n|-heal|p2a: Clefable|83\/100|[from] item: Leftovers\n|upkeep\n|turn|12\n|\n|t:|1700071549\n|move|p2a: Clefable|Cosmic Power|p2a: Clefable\n|-boost|p2a: Clefable|def|1\n|-boost|p2a: Clefable|spd|1\n|move|p1a: Amoonguss|Clear Smog|p2a: Clefable\n|-supereffective|p2a: Clefable\n|-damage|p2a: Clefable|72\/100\n|-clearboost|p2a: Clefable\n|\n|-heal|p2a: Clefable|78\/100|[from] item: Leftovers\n|upkeep\n|turn|13\n|\n|t:|1700071552\n|move|p2a: Clefable|Stored Power|p1a: Amoonguss\n|-supereffective|p1a: Amoonguss\n|-damage|p1a: Amoonguss|74\/100\n|move|p1a: Amoonguss|Sludge Bomb|p2a: Clefable\n|-supereffective|p2a: Clefable\n|-damage|p2a: Clefable|40\/100\n|\n|-heal|p2a: Clefable|46\/100|[from] item: Leftovers\n|upkeep\n|turn|14\n|\n|t:|1700071559\n|move|p2a: Clefable|Moonlight|p2a: Clefable\n|-heal|p2a: Clefable|96\/100\n|move|p1a: Amoonguss|Sludge Bomb|p2a: Clefable\n|-supereffective|p2a: Clefable\n|-damage|p2a: Clefable|63\/100\n|-status|p2a: Clefable|psn\n|\n|-heal|p2a: Clefable|69\/100 psn|[from] item: Leftovers\n|upkeep\n|turn|15\n|\n|t:|1700071579\n|switch|p2a: Great Tusk|Great Tusk|100\/100\n|-damage|p2a: Great Tusk|98\/100|[from] Stealth Rock\n|-enditem|p2a: Great Tusk|Booster Energy\n|-activate|p2a: Great Tusk|ability: Protosynthesis|[fromitem]\n|-start|p2a: Great Tusk|protosynthesisspe\n|move|p1a: Amoonguss|Sludge Bomb|p2a: Great Tusk\n|-resisted|p2a: Great Tusk\n|-damage|p2a: Great Tusk|79\/100\n|\n|upkeep\n|turn|16\n|\n|t:|1700071599\n|-terastallize|p2a: Great Tusk|Poison\n|move|p2a: Great Tusk|Bulk Up|p2a: Great Tusk\n|-boost|p2a: Great Tusk|atk|1\n|-boost|p2a: Great Tusk|def|1\n|move|p1a: Amoonguss|Giga Drain|p2a: Great Tusk\n|-resisted|p2a: Great Tusk\n|-damage|p2a: Great Tusk|63\/100\n|-heal|p1a: Amoonguss|82\/100|[from] drain|[of] p2a: Great Tusk\n|\n|upkeep\n|turn|17\n|\n|t:|1700071606\n|-terastallize|p1a: Amoonguss|Water\n|move|p2a: Great Tusk|Ice Spinner|p1a: Amoonguss\n|-resisted|p1a: Amoonguss\n|-damage|p1a: Amoonguss|68\/100\n|move|p1a: Amoonguss|Clear Smog|p2a: Great Tusk\n|-resisted|p2a: Great Tusk\n|-damage|p2a: Great Tusk|53\/100\n|-clearboost|p2a: Great Tusk\n|\n|upkeep\n|turn|18\n|\n|t:|1700071617\n|switch|p1a: Slowking|Slowking, F|100\/100\n|move|p2a: Great Tusk|Earthquake|p1a: Slowking\n|-damage|p1a: Slowking|54\/100\n|\n|upkeep\n|turn|19\n|inactive|Welcometoearth420 has 120 seconds left.\n|\n|t:|1700071651\n|move|p2a: Great Tusk|Earthquake|p1a: Slowking\n|-damage|p1a: Slowking|8\/100\n|move|p1a: Slowking|Future Sight|p2a: Great Tusk\n|-start|p1a: Slowking|move: Future Sight\n|\n|upkeep\n|turn|20\n|\n|t:|1700071663\n|switch|p1a: Tornadus|Tornadus-Therian, M|100\/100\n|move|p2a: Great Tusk|Earthquake|p1a: Tornadus\n|-immune|p1a: Tornadus\n|\n|upkeep\n|turn|21\n|\n|t:|1700071669\n|-end|p2a: Great Tusk|Protosynthesis|[silent]\n|switch|p2a: Clefable|Clefable, F|69\/100 psn\n|move|p1a: Tornadus|U-turn|p2a: Clefable\n|-resisted|p2a: Clefable\n|-damage|p2a: Clefable|61\/100 psn\n|\n|t:|1700071674\n|switch|p1a: Slowking|Slowking, F|42\/100|[from] U-turn\n|\n|-end|p2a: Clefable|move: Future Sight\n|-damage|p2a: Clefable|33\/100 psn\n|-heal|p2a: Clefable|39\/100 psn|[from] item: Leftovers\n|upkeep\n|turn|22\n|\n|t:|1700071679\n|switch|p1a: Amoonguss|Amoonguss, F, tera:Water|100\/100\n|move|p2a: Clefable|Moonlight|p2a: Clefable\n|-heal|p2a: Clefable|89\/100 psn\n|\n|-heal|p2a: Clefable|95\/100 psn|[from] item: Leftovers\n|upkeep\n|turn|23\n|\n|t:|1700071696\n|switch|p2a: Dragonite|Dragonite, F|97\/100\n|switch|p1a: Tornadus|Tornadus-Therian, M|100\/100\n|\n|upkeep\n|turn|24\n|\n|t:|1700071701\n|move|p1a: Tornadus|Knock Off|p2a: Dragonite\n|-damage|p2a: Dragonite|73\/100\n|-enditem|p2a: Dragonite|Heavy-Duty Boots|[from] move: Knock Off|[of] p1a: Tornadus\n|move|p2a: Dragonite|Dragon Dance|p2a: Dragonite\n|-boost|p2a: Dragonite|atk|1\n|-boost|p2a: Dragonite|spe|1\n|\n|upkeep\n|turn|25\n|\n|t:|1700071704\n|move|p2a: Dragonite|Dragon Dance|p2a: Dragonite\n|-boost|p2a: Dragonite|atk|1\n|-boost|p2a: Dragonite|spe|1\n|move|p1a: Tornadus|U-turn|p2a: Dragonite\n|-resisted|p2a: Dragonite\n|-damage|p2a: Dragonite|65\/100\n|\n|t:|1700071707\n|switch|p1a: Ting-Lu|Ting-Lu|58\/100|[from] U-turn\n|-ability|p1a: Ting-Lu|Vessel of Ruin\n|\n|upkeep\n|turn|26\n|\n|t:|1700071711\n|move|p2a: Dragonite|Earthquake|p1a: Ting-Lu\n|-damage|p1a: Ting-Lu|13\/100\n|move|p1a: Ting-Lu|Whirlwind|p2a: Dragonite\n|drag|p2a: Dragapult|Dragapult, M|88\/100 slp\n|-damage|p2a: Dragapult|76\/100 slp|[from] Stealth Rock\n|\n|upkeep\n|turn|27\n|\n|t:|1700071719\n|switch|p2a: Great Tusk|Great Tusk, tera:Poison|53\/100\n|-damage|p2a: Great Tusk|41\/100|[from] Stealth Rock\n|switch|p1a: Tornadus|Tornadus-Therian, M|100\/100\n|\n|upkeep\n|turn|28\n|\n|t:|1700071723\n|move|p1a: Tornadus|Bleakwind Storm|p2a: Great Tusk|[miss]\n|-miss|p1a: Tornadus|p2a: Great Tusk\n|move|p2a: Great Tusk|Rapid Spin|p1a: Tornadus\n|-damage|p1a: Tornadus|79\/100\n|-boost|p2a: Great Tusk|spe|1\n|-sideend|p2: Welcometoearth420|Stealth Rock|[from] move: Rapid Spin|[of] p2a: Great Tusk\n|\n|upkeep\n|turn|29\n|\n|t:|1700071729\n|move|p2a: Great Tusk|Ice Spinner|p1a: Tornadus\n|-supereffective|p1a: Tornadus\n|-damage|p1a: Tornadus|19\/100\n|move|p1a: Tornadus|Bleakwind Storm|p2a: Great Tusk\n|-damage|p2a: Great Tusk|0 fnt\n|faint|p2a: Great Tusk\n|-end|p2a: Great Tusk|Protosynthesis|[silent]\n|\n|upkeep\n|\n|t:|1700071733\n|switch|p2a: Dragonite|Dragonite, F|65\/100\n|turn|30\n|\n|t:|1700071740\n|switch|p1a: Slowking|Slowking, F|75\/100\n|move|p2a: Dragonite|Extreme Speed|p1a: Slowking\n|-damage|p1a: Slowking|45\/100\n|\n|upkeep\n|turn|31\n|\n|t:|1700071747\n|switch|p2a: Ogerpon|Ogerpon-Wellspring, F|100\/100\n|move|p1a: Slowking|Scald|p2a: Ogerpon\n|-immune|p2a: Ogerpon|[from] ability: Water Absorb\n|\n|upkeep\n|turn|32\n|\n|t:|1700071757\n|switch|p1a: Tornadus|Tornadus-Therian, M|52\/100\n|move|p2a: Ogerpon|Swords Dance|p2a: Ogerpon\n|-boost|p2a: Ogerpon|atk|2\n|\n|upkeep\n|turn|33\n|\n|t:|1700071762\n|move|p1a: Tornadus|Bleakwind Storm|p2a: Ogerpon|[miss]\n|-miss|p1a: Tornadus|p2a: Ogerpon\n|move|p2a: Ogerpon|Ivy Cudgel|p1a: Tornadus|[anim] Ivy Cudgel Water\n|-damage|p1a: Tornadus|0 fnt\n|faint|p1a: Tornadus\n|\n|upkeep\n|\n|t:|1700071769\n|switch|p1a: Gholdengo|Gholdengo|100\/100\n|turn|34\n|\n|t:|1700071772\n|move|p2a: Ogerpon|Ivy Cudgel|p1a: Gholdengo|[anim] Ivy Cudgel Water\n|-damage|p1a: Gholdengo|0 fnt\n|faint|p1a: Gholdengo\n|\n|upkeep\n|\n|t:|1700071778\n|switch|p1a: Slowking|Slowking, F|78\/100\n|turn|35\n|\n|t:|1700071780\n|move|p2a: Ogerpon|Power Whip|p1a: Slowking\n|-supereffective|p1a: Slowking\n|-damage|p1a: Slowking|0 fnt\n|faint|p1a: Slowking\n|\n|upkeep\n|\n|t:|1700071783\n|switch|p1a: Ting-Lu|Ting-Lu|13\/100\n|-ability|p1a: Ting-Lu|Vessel of Ruin\n|turn|36\n|\n|t:|1700071788\n|move|p2a: Ogerpon|Ivy Cudgel|p1a: Ting-Lu|[anim] Ivy Cudgel Water\n|-supereffective|p1a: Ting-Lu\n|-damage|p1a: Ting-Lu|0 fnt\n|faint|p1a: Ting-Lu\n|\n|upkeep\n|\n|t:|1700071792\n|switch|p1a: Amoonguss|Amoonguss, F, tera:Water|100\/100\n|turn|37\n|\n|t:|1700071794\n|move|p2a: Ogerpon|Power Whip|p1a: Amoonguss\n|-supereffective|p1a: Amoonguss\n|-damage|p1a: Amoonguss|0 fnt\n|faint|p1a: Amoonguss\n|\n|upkeep\n|\n|t:|1700071796\n|switch|p1a: Kingambit|Kingambit, F|100\/100\n|-activate|p1a: Kingambit|ability: Supreme Overlord\n|-start|p1a: Kingambit|fallen5|[silent]\n|turn|38\n|\n|t:|1700071799\n|move|p1a: Kingambit|Sucker Punch|p2a: Ogerpon\n|-damage|p2a: Ogerpon|20\/100\n|move|p2a: Ogerpon|Ivy Cudgel|p1a: Kingambit|[anim] Ivy Cudgel Water\n|-damage|p1a: Kingambit|9\/100\n|\n|upkeep\n|turn|39\n|\n|t:|1700071804\n|move|p1a: Kingambit|Sucker Punch|p2a: Ogerpon\n|-damage|p2a: Ogerpon|0 fnt\n|faint|p2a: Ogerpon\n|\n|upkeep\n|\n|t:|1700071805\n|switch|p2a: Dragonite|Dragonite, F|65\/100\n|turn|40\n|\n|t:|1700071807\n|move|p2a: Dragonite|Extreme Speed|p1a: Kingambit\n|-resisted|p1a: Kingambit\n|-damage|p1a: Kingambit|0 fnt\n|faint|p1a: Kingambit\n|-end|p1a: Kingambit|fallen5|[silent]\n|\n|win|Welcometoearth420\n|raw|Mizuriri's rating: 1427 &rarr; <strong>1413<\/strong><br \/>(-14 for losing)\n|raw|Welcometoearth420's rating: 1528 &rarr; <strong>1542<\/strong><br \/>(+14 for winning)\n","uploadtime":1700071811,"views":8,"p1id":"mizuriri","p2id":"welcometoearth420","formatid":"gen9ou","rating":1413,"private":0,"password":""}