{"id":"gen9ou-1999354184","p1":"DGP PLAYER","p2":"Charmalane","format":"[Gen 9] OU","log":"|j|\u2606DGP PLAYER\n|j|\u2606Charmalane\n|t:|1701065465\n|gametype|singles\n|player|p1|DGP PLAYER|hilda-wonderlauncher|1501\n|player|p2|Charmalane|brawly|1648\n|teamsize|p1|6\n|teamsize|p2|6\n|gen|9\n|tier|[Gen 9] OU\n|rated|\n|rule|Sleep Clause Mod: Limit one foe put to sleep\n|rule|Species Clause: Limit one of each Pok\u00e9mon\n|rule|OHKO Clause: OHKO moves are banned\n|rule|Evasion Items Clause: Evasion items are banned\n|rule|Evasion Moves Clause: Evasion moves are banned\n|rule|Endless Battle Clause: Forcing endless battles is banned\n|rule|HP Percentage Mod: HP is shown in percentages\n|clearpoke\n|poke|p1|Cinderace, F|\n|poke|p1|Iron Valiant|\n|poke|p1|Landorus-Therian, M|\n|poke|p1|Hydreigon, F|\n|poke|p1|Empoleon, M|\n|poke|p1|Alomomola, M|\n|poke|p2|Pelipper, M|\n|poke|p2|Barraskewda, M|\n|poke|p2|Zapdos|\n|poke|p2|Kingambit, M|\n|poke|p2|Iron Treads|\n|poke|p2|Slowking-Galar, M|\n|teampreview\n|inactive|Battle timer is ON: inactive players will automatically lose when time's up. (requested by DGP PLAYER)\n|\n|t:|1701065484\n|start\n|switch|p1a: \u4e09\u9996\u6076\u9f99|Hydreigon, F|100\/100\n|switch|p2a: Phoenix|Pelipper, M|100\/100\n|-weather|RainDance|[from] ability: Drizzle|[of] p2a: Phoenix\n|turn|1\n|\n|t:|1701065503\n|switch|p2a: Shredder|Kingambit, M, shiny|100\/100\n|move|p1a: \u4e09\u9996\u6076\u9f99|Draco Meteor|p2a: Shredder\n|-resisted|p2a: Shredder\n|-damage|p2a: Shredder|51\/100\n|-unboost|p1a: \u4e09\u9996\u6076\u9f99|spa|2\n|\n|-weather|RainDance|[upkeep]\n|upkeep\n|turn|2\n|\n|t:|1701065521\n|switch|p1a: Landorus|Landorus-Therian, M|100\/100\n|-ability|p1a: Landorus|Intimidate|boost\n|-unboost|p2a: Shredder|atk|1\n|-end|p2a: Shredder|fallenundefined|[silent]\n|switch|p2a: Chocobo|Zapdos|100\/100\n|\n|-weather|RainDance|[upkeep]\n|upkeep\n|turn|3\n|\n|t:|1701065527\n|switch|p1a: \u5e1d\u738b\u62ff\u6ce2|Empoleon, M|100\/100\n|move|p2a: Chocobo|Weather Ball|p1a: \u5e1d\u738b\u62ff\u6ce2\n|-resisted|p1a: \u5e1d\u738b\u62ff\u6ce2\n|-damage|p1a: \u5e1d\u738b\u62ff\u6ce2|82\/100\n|\n|-weather|RainDance|[upkeep]\n|-heal|p1a: \u5e1d\u738b\u62ff\u6ce2|89\/100|[from] item: Leftovers\n|upkeep\n|turn|4\n|\n|t:|1701065534\n|move|p2a: Chocobo|Thunder|p1a: \u5e1d\u738b\u62ff\u6ce2\n|-supereffective|p1a: \u5e1d\u738b\u62ff\u6ce2\n|-damage|p1a: \u5e1d\u738b\u62ff\u6ce2|13\/100\n|move|p1a: \u5e1d\u738b\u62ff\u6ce2|Flip Turn|p2a: Chocobo\n|-damage|p2a: Chocobo|65\/100\n|-status|p1a: \u5e1d\u738b\u62ff\u6ce2|par|[from] ability: Static|[of] p2a: Chocobo\n|\n|t:|1701065538\n|switch|p1a: Landorus|Landorus-Therian, M|100\/100|[from] Flip Turn\n|-ability|p1a: Landorus|Intimidate|boost\n|-unboost|p2a: Chocobo|atk|1\n|\n|-weather|RainDance|[upkeep]\n|upkeep\n|turn|5\n|\n|t:|1701065546\n|move|p1a: Landorus|Stone Edge|p2a: Chocobo\n|-supereffective|p2a: Chocobo\n|-crit|p2a: Chocobo\n|-damage|p2a: Chocobo|0 fnt\n|faint|p2a: Chocobo\n|\n|-weather|RainDance|[upkeep]\n|upkeep\n|\n|t:|1701065549\n|switch|p2a: Enguarde|Barraskewda, M|100\/100\n|turn|6\n|\n|t:|1701065561\n|switch|p1a: \u5e1d\u738b\u62ff\u6ce2|Empoleon, M|13\/100 par\n|-terastallize|p2a: Enguarde|Water\n|move|p2a: Enguarde|Flip Turn|p1a: \u5e1d\u738b\u62ff\u6ce2\n|-resisted|p1a: \u5e1d\u738b\u62ff\u6ce2\n|-damage|p1a: \u5e1d\u738b\u62ff\u6ce2|0 fnt\n|faint|p1a: \u5e1d\u738b\u62ff\u6ce2\n|j| Hhhhhhhggffddd\n|\n|t:|1701065583\n|switch|p2a: Phoenix|Pelipper, M|100\/100|[from] Flip Turn\n|\n|-weather|RainDance|[upkeep]\n|upkeep\n|\n|t:|1701065586\n|switch|p1a: \u4e09\u9996\u6076\u9f99|Hydreigon, F|100\/100\n|turn|7\n|\n|t:|1701065589\n|switch|p2a: Androidon|Iron Treads|100\/100\n|move|p1a: \u4e09\u9996\u6076\u9f99|Draco Meteor|p2a: Androidon\n|-resisted|p2a: Androidon\n|-damage|p2a: Androidon|47\/100\n|-unboost|p1a: \u4e09\u9996\u6076\u9f99|spa|2\n|\n|-weather|RainDance|[upkeep]\n|-heal|p2a: Androidon|53\/100|[from] item: Leftovers\n|upkeep\n|turn|8\n|\n|t:|1701065604\n|switch|p1a: Landorus|Landorus-Therian, M|100\/100\n|-ability|p1a: Landorus|Intimidate|boost\n|-unboost|p2a: Androidon|atk|1\n|move|p2a: Androidon|Stealth Rock|p1a: Landorus\n|-sidestart|p1: DGP PLAYER|move: Stealth Rock\n|\n|-weather|none\n|-heal|p2a: Androidon|59\/100|[from] item: Leftovers\n|upkeep\n|turn|9\n|\n|t:|1701065608\n|-end|p2a: Androidon|Quark Drive|[silent]\n|switch|p2a: Phoenix|Pelipper, M|100\/100\n|-weather|RainDance|[from] ability: Drizzle|[of] p2a: Phoenix\n|move|p1a: Landorus|U-turn|p2a: Phoenix\n|-resisted|p2a: Phoenix\n|-damage|p2a: Phoenix|90\/100\n|\n|t:|1701065614\n|switch|p1a: \u95ea\u7130\u738b\u724c|Cinderace, F|100\/100|[from] U-turn\n|\n|-weather|RainDance|[upkeep]\n|upkeep\n|turn|10\n|\n|t:|1701065618\n|move|p1a: \u95ea\u7130\u738b\u724c|Court Change|p1a: \u95ea\u7130\u738b\u724c\n|-start|p1a: \u95ea\u7130\u738b\u724c|typechange|Normal|[from] ability: Libero\n|-swapsideconditions\n|-activate|p1a: \u95ea\u7130\u738b\u724c|move: Court Change\n|move|p2a: Phoenix|Surf|p1a: \u95ea\u7130\u738b\u724c\n|-damage|p1a: \u95ea\u7130\u738b\u724c|39\/100\n|\n|-weather|RainDance|[upkeep]\n|upkeep\n|turn|11\n|\n|t:|1701065622\n|move|p1a: \u95ea\u7130\u738b\u724c|U-turn|p2a: Phoenix\n|-resisted|p2a: Phoenix\n|-damage|p2a: Phoenix|81\/100\n|\n|t:|1701065626\n|switch|p1a: \u4e09\u9996\u6076\u9f99|Hydreigon, F|100\/100|[from] U-turn\n|move|p2a: Phoenix|U-turn|p1a: \u4e09\u9996\u6076\u9f99\n|-supereffective|p1a: \u4e09\u9996\u6076\u9f99\n|-crit|p1a: \u4e09\u9996\u6076\u9f99\n|-damage|p1a: \u4e09\u9996\u6076\u9f99|70\/100\n|\n|t:|1701065637\n|switch|p2a: Enguarde|Barraskewda, M, tera:Water|100\/100|[from] U-turn\n|-damage|p2a: Enguarde|88\/100|[from] Stealth Rock\n|\n|-weather|RainDance|[upkeep]\n|upkeep\n|turn|12\n|\n|t:|1701065641\n|switch|p1a: \u4fdd\u59c6\u66fc\u6ce2|Alomomola, M|100\/100\n|move|p2a: Enguarde|Close Combat|p1a: \u4fdd\u59c6\u66fc\u6ce2\n|-damage|p1a: \u4fdd\u59c6\u66fc\u6ce2|68\/100\n|-unboost|p2a: Enguarde|def|1\n|-unboost|p2a: Enguarde|spd|1\n|\n|-weather|RainDance|[upkeep]\n|upkeep\n|turn|13\n|\n|t:|1701065658\n|switch|p2a: Nautilus|Slowking-Galar, M|100\/100\n|-damage|p2a: Nautilus|88\/100|[from] Stealth Rock\n|move|p1a: \u4fdd\u59c6\u66fc\u6ce2|Flip Turn|p2a: Nautilus\n|-damage|p2a: Nautilus|63\/100\n|\n|t:|1701065661\n|switch|p1a: Landorus|Landorus-Therian, M|100\/100|[from] Flip Turn\n|-ability|p1a: Landorus|Intimidate|boost\n|-unboost|p2a: Nautilus|atk|1\n|\n|-weather|RainDance|[upkeep]\n|upkeep\n|turn|14\n|\n|t:|1701065672\n|switch|p2a: Androidon|Iron Treads|59\/100\n|-damage|p2a: Androidon|56\/100|[from] Stealth Rock\n|move|p1a: Landorus|Earthquake|p2a: Androidon\n|-supereffective|p2a: Androidon\n|-damage|p2a: Androidon|0 fnt\n|faint|p2a: Androidon\n|-end|p2a: Androidon|Quark Drive|[silent]\n|\n|-weather|RainDance|[upkeep]\n|upkeep\n|\n|t:|1701065679\n|switch|p2a: Enguarde|Barraskewda, M, tera:Water|88\/100\n|-damage|p2a: Enguarde|76\/100|[from] Stealth Rock\n|turn|15\n|\n|t:|1701065682\n|switch|p1a: \u4fdd\u59c6\u66fc\u6ce2|Alomomola, M|100\/100\n|move|p2a: Enguarde|Liquidation|p1a: \u4fdd\u59c6\u66fc\u6ce2\n|-resisted|p1a: \u4fdd\u59c6\u66fc\u6ce2\n|-damage|p1a: \u4fdd\u59c6\u66fc\u6ce2|60\/100\n|\n|-weather|RainDance|[upkeep]\n|upkeep\n|turn|16\n|\n|t:|1701065685\n|move|p2a: Enguarde|Liquidation|p1a: \u4fdd\u59c6\u66fc\u6ce2\n|-resisted|p1a: \u4fdd\u59c6\u66fc\u6ce2\n|-damage|p1a: \u4fdd\u59c6\u66fc\u6ce2|23\/100\n|-unboost|p1a: \u4fdd\u59c6\u66fc\u6ce2|def|1\n|move|p1a: \u4fdd\u59c6\u66fc\u6ce2|Wish|p1a: \u4fdd\u59c6\u66fc\u6ce2\n|\n|-weather|none\n|upkeep\n|turn|17\n|\n|t:|1701065690\n|move|p1a: \u4fdd\u59c6\u66fc\u6ce2|Protect|p1a: \u4fdd\u59c6\u66fc\u6ce2\n|-singleturn|p1a: \u4fdd\u59c6\u66fc\u6ce2|Protect\n|move|p2a: Enguarde|Liquidation|p1a: \u4fdd\u59c6\u66fc\u6ce2\n|-activate|p1a: \u4fdd\u59c6\u66fc\u6ce2|move: Protect\n|\n|-heal|p1a: \u4fdd\u59c6\u66fc\u6ce2|73\/100|[from] move: Wish|[wisher] \u4fdd\u59c6\u66fc\u6ce2\n|upkeep\n|turn|18\n|\n|t:|1701065700\n|move|p2a: Enguarde|Liquidation|p1a: \u4fdd\u59c6\u66fc\u6ce2\n|-resisted|p1a: \u4fdd\u59c6\u66fc\u6ce2\n|-damage|p1a: \u4fdd\u59c6\u66fc\u6ce2|38\/100\n|-unboost|p1a: \u4fdd\u59c6\u66fc\u6ce2|def|1\n|move|p1a: \u4fdd\u59c6\u66fc\u6ce2|Flip Turn|p2a: Enguarde\n|-resisted|p2a: Enguarde\n|-damage|p2a: Enguarde|59\/100\n|\n|t:|1701065703\n|switch|p1a: Landorus|Landorus-Therian, M|100\/100|[from] Flip Turn\n|-ability|p1a: Landorus|Intimidate|boost\n|-unboost|p2a: Enguarde|atk|1\n|\n|upkeep\n|turn|19\n|\n|t:|1701065709\n|switch|p2a: Phoenix|Pelipper, M|81\/100\n|-damage|p2a: Phoenix|56\/100|[from] Stealth Rock\n|-weather|RainDance|[from] ability: Drizzle|[of] p2a: Phoenix\n|move|p1a: Landorus|U-turn|p2a: Phoenix\n|-resisted|p2a: Phoenix\n|-damage|p2a: Phoenix|46\/100\n|\n|t:|1701065712\n|switch|p1a: \u4e09\u9996\u6076\u9f99|Hydreigon, F|70\/100|[from] U-turn\n|\n|-weather|RainDance|[upkeep]\n|upkeep\n|turn|20\n|\n|t:|1701065718\n|switch|p2a: Shredder|Kingambit, M, shiny|51\/100\n|-damage|p2a: Shredder|45\/100|[from] Stealth Rock\n|-activate|p2a: Shredder|ability: Supreme Overlord\n|-start|p2a: Shredder|fallen2|[silent]\n|move|p1a: \u4e09\u9996\u6076\u9f99|Dark Pulse|p2a: Shredder\n|-resisted|p2a: Shredder\n|-damage|p2a: Shredder|12\/100\n|\n|-weather|RainDance|[upkeep]\n|upkeep\n|turn|21\n|\n|t:|1701065724\n|move|p2a: Shredder|Sucker Punch|p1a: \u4e09\u9996\u6076\u9f99\n|-resisted|p1a: \u4e09\u9996\u6076\u9f99\n|-damage|p1a: \u4e09\u9996\u6076\u9f99|43\/100\n|move|p1a: \u4e09\u9996\u6076\u9f99|Dark Pulse|p2a: Shredder\n|-resisted|p2a: Shredder\n|-damage|p2a: Shredder|0 fnt\n|faint|p2a: Shredder\n|-end|p2a: Shredder|fallen2|[silent]\n|\n|-weather|RainDance|[upkeep]\n|upkeep\n|\n|t:|1701065727\n|switch|p2a: Enguarde|Barraskewda, M, tera:Water|59\/100\n|-damage|p2a: Enguarde|47\/100|[from] Stealth Rock\n|turn|22\n|\n|t:|1701065730\n|switch|p1a: \u4fdd\u59c6\u66fc\u6ce2|Alomomola, M|72\/100\n|move|p2a: Enguarde|Liquidation|p1a: \u4fdd\u59c6\u66fc\u6ce2\n|-resisted|p1a: \u4fdd\u59c6\u66fc\u6ce2\n|-damage|p1a: \u4fdd\u59c6\u66fc\u6ce2|33\/100\n|\n|-weather|RainDance|[upkeep]\n|upkeep\n|turn|23\n|\n|t:|1701065734\n|move|p1a: \u4fdd\u59c6\u66fc\u6ce2|Protect|p1a: \u4fdd\u59c6\u66fc\u6ce2\n|-singleturn|p1a: \u4fdd\u59c6\u66fc\u6ce2|Protect\n|move|p2a: Enguarde|Liquidation|p1a: \u4fdd\u59c6\u66fc\u6ce2\n|-activate|p1a: \u4fdd\u59c6\u66fc\u6ce2|move: Protect\n|\n|-weather|RainDance|[upkeep]\n|upkeep\n|turn|24\n|\n|t:|1701065736\n|move|p2a: Enguarde|Liquidation|p1a: \u4fdd\u59c6\u66fc\u6ce2\n|-resisted|p1a: \u4fdd\u59c6\u66fc\u6ce2\n|-damage|p1a: \u4fdd\u59c6\u66fc\u6ce2|0 fnt\n|faint|p1a: \u4fdd\u59c6\u66fc\u6ce2\n|\n|-weather|RainDance|[upkeep]\n|upkeep\n|\n|t:|1701065738\n|switch|p1a: Landorus|Landorus-Therian, M|100\/100\n|-ability|p1a: Landorus|Intimidate|boost\n|-unboost|p2a: Enguarde|atk|1\n|turn|25\n|\n|t:|1701065742\n|-terastallize|p1a: Landorus|Flying\n|move|p2a: Enguarde|Liquidation|p1a: Landorus\n|-damage|p1a: Landorus|0 fnt\n|faint|p1a: Landorus\n|\n|-weather|RainDance|[upkeep]\n|upkeep\n|\n|t:|1701065753\n|switch|p1a: \u95ea\u7130\u738b\u724c|Cinderace, F|39\/100\n|turn|26\n|\n|t:|1701065758\n|switch|p2a: Nautilus|Slowking-Galar, M|96\/100\n|-damage|p2a: Nautilus|84\/100|[from] Stealth Rock\n|move|p1a: \u95ea\u7130\u738b\u724c|U-turn|p2a: Nautilus\n|-start|p1a: \u95ea\u7130\u738b\u724c|typechange|Bug|[from] ability: Libero\n|-damage|p2a: Nautilus|48\/100\n|\n|t:|1701065761\n|switch|p1a: \u4e09\u9996\u6076\u9f99|Hydreigon, F|43\/100|[from] U-turn\n|\n|-weather|none\n|upkeep\n|turn|27\n|\n|t:|1701065771\n|switch|p2a: Phoenix|Pelipper, M|46\/100\n|-damage|p2a: Phoenix|21\/100|[from] Stealth Rock\n|-weather|RainDance|[from] ability: Drizzle|[of] p2a: Phoenix\n|move|p1a: \u4e09\u9996\u6076\u9f99|Dark Pulse|p2a: Phoenix\n|-damage|p2a: Phoenix|0 fnt\n|faint|p2a: Phoenix\n|\n|-weather|RainDance|[upkeep]\n|upkeep\n|\n|t:|1701065773\n|switch|p2a: Enguarde|Barraskewda, M, tera:Water|47\/100\n|-damage|p2a: Enguarde|35\/100|[from] Stealth Rock\n|turn|28\n|\n|t:|1701065789\n|switch|p1a: \u95ea\u7130\u738b\u724c|Cinderace, F|39\/100\n|move|p2a: Enguarde|Liquidation|p1a: \u95ea\u7130\u738b\u724c\n|-supereffective|p1a: \u95ea\u7130\u738b\u724c\n|-damage|p1a: \u95ea\u7130\u738b\u724c|0 fnt\n|faint|p1a: \u95ea\u7130\u738b\u724c\n|\n|-weather|RainDance|[upkeep]\n|upkeep\n|\n|t:|1701065794\n|switch|p1a: \u94c1\u6b66\u8005|Iron Valiant|100\/100\n|-enditem|p1a: \u94c1\u6b66\u8005|Booster Energy\n|-activate|p1a: \u94c1\u6b66\u8005|ability: Quark Drive|[fromitem]\n|-start|p1a: \u94c1\u6b66\u8005|quarkdrivespe\n|turn|29\n|\n|t:|1701065798\n|move|p2a: Enguarde|Liquidation|p1a: \u94c1\u6b66\u8005\n|-damage|p1a: \u94c1\u6b66\u8005|0 fnt\n|faint|p1a: \u94c1\u6b66\u8005\n|-end|p1a: \u94c1\u6b66\u8005|Quark Drive|[silent]\n|\n|-weather|RainDance|[upkeep]\n|upkeep\n|\n|t:|1701065801\n|switch|p1a: \u4e09\u9996\u6076\u9f99|Hydreigon, F|43\/100\n|turn|30\n|\n|t:|1701065802\n|move|p2a: Enguarde|Liquidation|p1a: \u4e09\u9996\u6076\u9f99\n|-resisted|p1a: \u4e09\u9996\u6076\u9f99\n|-damage|p1a: \u4e09\u9996\u6076\u9f99|0 fnt\n|faint|p1a: \u4e09\u9996\u6076\u9f99\n|\n|win|Charmalane\n|raw|DGP PLAYER's rating: 1501 &rarr; <strong>1489<\/strong><br \/>(-12 for losing)\n|raw|Charmalane's rating: 1648 &rarr; <strong>1660<\/strong><br \/>(+12 for winning)\n|l|\u2606DGP PLAYER\n|c|\u2606Charmalane|gg\n","uploadtime":1701065810,"views":2,"p1id":"dgpplayer","p2id":"charmalane","formatid":"gen9ou","rating":1489,"private":0,"password":""}