{"id":"gen9ou-1999393272","p1":"jpoppster","p2":"Esccetr_lao","format":"[Gen 9] OU","log":"|j|\u2606jpoppster\n|j|\u2606Esccetr_lao\n|t:|1701072833\n|gametype|singles\n|player|p1|jpoppster|bruno|1056\n|player|p2|Esccetr_lao|170|1050\n|teamsize|p1|6\n|teamsize|p2|6\n|gen|9\n|tier|[Gen 9] OU\n|rated|\n|rule|Sleep Clause Mod: Limit one foe put to sleep\n|rule|Species Clause: Limit one of each Pok\u00e9mon\n|rule|OHKO Clause: OHKO moves are banned\n|rule|Evasion Items Clause: Evasion items are banned\n|rule|Evasion Moves Clause: Evasion moves are banned\n|rule|Endless Battle Clause: Forcing endless battles is banned\n|rule|HP Percentage Mod: HP is shown in percentages\n|clearpoke\n|poke|p1|Arcanine-Hisui, M|\n|poke|p1|Samurott-Hisui, M|\n|poke|p1|Chesnaught, M|\n|poke|p1|Corviknight, M|\n|poke|p1|Ninetales-Alola, F|\n|poke|p1|Slowking-Galar, M|\n|poke|p2|Glimmora, F|\n|poke|p2|Samurott-Hisui, F|\n|poke|p2|Gholdengo|\n|poke|p2|Kleavor, F|\n|poke|p2|Ribombee, F|\n|poke|p2|Walking Wake|\n|teampreview\n|\n|t:|1701072842\n|start\n|switch|p1a: Chesnaught|Chesnaught, M|100\/100\n|switch|p2a: Ribombee|Ribombee, F|100\/100\n|turn|1\n|\n|t:|1701072851\n|move|p2a: Ribombee|Sticky Web|p1a: Chesnaught\n|-sidestart|p1: jpoppster|move: Sticky Web\n|move|p1a: Chesnaught|Leech Seed|p2a: Ribombee\n|-start|p2a: Ribombee|move: Leech Seed\n|\n|-damage|p2a: Ribombee|88\/100|[from] Leech Seed|[of] p1a: Chesnaught\n|upkeep\n|turn|2\n|\n|t:|1701072859\n|move|p2a: Ribombee|Stun Spore|p1a: Chesnaught\n|-immune|p1a: Chesnaught\n|move|p1a: Chesnaught|Iron Defense|p1a: Chesnaught\n|-boost|p1a: Chesnaught|def|2\n|\n|-damage|p2a: Ribombee|76\/100|[from] Leech Seed|[of] p1a: Chesnaught\n|upkeep\n|turn|3\n|\n|t:|1701072868\n|switch|p2a: Gholdengo|Gholdengo|100\/100\n|move|p1a: Chesnaught|Iron Defense|p1a: Chesnaught\n|-boost|p1a: Chesnaught|def|2\n|\n|upkeep\n|turn|4\n|\n|t:|1701072877\n|switch|p2a: Glimmora|Glimmora, F|100\/100\n|move|p1a: Chesnaught|Leech Seed|p2a: Glimmora\n|-start|p2a: Glimmora|move: Leech Seed\n|\n|-damage|p2a: Glimmora|88\/100|[from] Leech Seed|[of] p1a: Chesnaught\n|upkeep\n|turn|5\n|\n|t:|1701072888\n|move|p2a: Glimmora|Spikes|p1a: Chesnaught\n|-sidestart|p1: jpoppster|Spikes\n|move|p1a: Chesnaught|Body Press|p2a: Glimmora\n|-damage|p2a: Glimmora|0 fnt\n|-activate|p2a: Glimmora|ability: Toxic Debris\n|-sidestart|p1: jpoppster|move: Toxic Spikes\n|faint|p2a: Glimmora\n|\n|upkeep\n|j| Mu_Zezezezezezeze\n|\n|t:|1701072907\n|switch|p2a: Kleavor|Kleavor, F|100\/100\n|turn|6\n|\n|t:|1701072913\n|move|p2a: Kleavor|Stone Axe|p1a: Chesnaught|[miss]\n|-miss|p2a: Kleavor|p1a: Chesnaught\n|move|p1a: Chesnaught|Body Press|p2a: Kleavor\n|-damage|p2a: Kleavor|0 fnt\n|faint|p2a: Kleavor\n|\n|upkeep\n|\n|t:|1701072925\n|switch|p2a: Walking Wake|Walking Wake|100\/100\n|turn|7\n|\n|t:|1701072928\n|move|p2a: Walking Wake|Flamethrower|p1a: Chesnaught\n|-supereffective|p1a: Chesnaught\n|-damage|p1a: Chesnaught|33\/100\n|move|p1a: Chesnaught|Body Press|p2a: Walking Wake\n|-damage|p2a: Walking Wake|0 fnt\n|faint|p2a: Walking Wake\n|-end|p2a: Walking Wake|Protosynthesis|[silent]\n|\n|upkeep\n|\n|t:|1701072936\n|switch|p2a: Samurott|Samurott-Hisui, F|100\/100\n|turn|8\n|\n|t:|1701072942\n|move|p2a: Samurott|Ceaseless Edge|p1a: Chesnaught\n|-resisted|p1a: Chesnaught\n|-damage|p1a: Chesnaught|27\/100\n|-damage|p2a: Samurott|84\/100|[from] item: Rocky Helmet|[of] p1a: Chesnaught\n|-sidestart|p1: jpoppster|Spikes\n|move|p1a: Chesnaught|Body Press|p2a: Samurott\n|-supereffective|p2a: Samurott\n|-damage|p2a: Samurott|0 fnt\n|faint|p2a: Samurott\n|\n|upkeep\n|\n|t:|1701072952\n|switch|p2a: Ribombee|Ribombee, F|76\/100\n|turn|9\n|\n|t:|1701072957\n|move|p2a: Ribombee|Moonblast|p1a: Chesnaught\n|-supereffective|p1a: Chesnaught\n|-damage|p1a: Chesnaught|0 fnt\n|faint|p1a: Chesnaught\n|\n|upkeep\n|\n|t:|1701072963\n|switch|p1a: Corviknight|Corviknight, M, shiny|100\/100\n|-ability|p1a: Corviknight|Pressure\n|turn|10\n|\n|t:|1701072972\n|move|p2a: Ribombee|Stun Spore|p1a: Corviknight\n|-status|p1a: Corviknight|par\n|move|p1a: Corviknight|Defog|p2a: Ribombee\n|-unboost|p2a: Ribombee|evasion|1\n|-sideend|p1: jpoppster|Spikes|[from] move: Defog|[of] p1a: Corviknight\n|-sideend|p1: jpoppster|Toxic Spikes|[from] move: Defog|[of] p1a: Corviknight\n|-sideend|p1: jpoppster|Sticky Web|[from] move: Defog|[of] p1a: Corviknight\n|\n|upkeep\n|turn|11\n|\n|t:|1701072984\n|switch|p1a: Arcanight|Arcanine-Hisui, M|100\/100\n|move|p2a: Ribombee|Sticky Web|p1a: Arcanight\n|-sidestart|p1: jpoppster|move: Sticky Web\n|\n|upkeep\n|turn|12\n|\n|t:|1701072989\n|move|p2a: Ribombee|Stun Spore|p1a: Arcanight|[miss]\n|-miss|p2a: Ribombee|p1a: Arcanight\n|move|p1a: Arcanight|Flare Blitz|p2a: Ribombee\n|-supereffective|p2a: Ribombee\n|-damage|p2a: Ribombee|0 fnt\n|faint|p2a: Ribombee\n|\n|upkeep\n|\n|t:|1701072996\n|switch|p2a: Gholdengo|Gholdengo|100\/100\n|turn|13\n|\n|t:|1701073002\n|-terastallize|p1a: Arcanight|Normal\n|move|p2a: Gholdengo|Make It Rain|p1a: Arcanight\n|-damage|p1a: Arcanight|22\/100\n|-unboost|p2a: Gholdengo|spa|1\n|move|p1a: Arcanight|Flare Blitz|p2a: Gholdengo\n|-supereffective|p2a: Gholdengo\n|-damage|p2a: Gholdengo|0 fnt\n|faint|p2a: Gholdengo\n|\n|win|jpoppster\n|raw|jpoppster's rating: 1056 &rarr; <strong>1087<\/strong><br \/>(+31 for winning)\n|raw|Esccetr_lao's rating: 1050 &rarr; <strong>1033<\/strong><br \/>(-17 for losing)\n|l|\u2606Esccetr_lao\n","uploadtime":1701073019,"views":2,"p1id":"jpoppster","p2id":"esccetrlao","formatid":"gen9ou","rating":1033,"private":0,"password":""}