{"id":"gen9ou-1991954269","p1":"faby 776928","p2":"Ditto2Top","format":"[Gen 9] OU","log":"|j|\u2606faby 776928\n|j|\u2606Ditto2Top\n|t:|1700142114\n|gametype|singles\n|player|p1|faby 776928|lucas|1080\n|player|p2|Ditto2Top|koga|1098\n|teamsize|p1|6\n|teamsize|p2|6\n|gen|9\n|tier|[Gen 9] OU\n|rated|\n|rule|Sleep Clause Mod: Limit one foe put to sleep\n|rule|Species Clause: Limit one of each Pok\u00e9mon\n|rule|OHKO Clause: OHKO moves are banned\n|rule|Evasion Items Clause: Evasion items are banned\n|rule|Evasion Moves Clause: Evasion moves are banned\n|rule|Endless Battle Clause: Forcing endless battles is banned\n|rule|HP Percentage Mod: HP is shown in percentages\n|clearpoke\n|poke|p1|Alomomola, M|\n|poke|p1|Tyranitar, M|\n|poke|p1|Gastrodon, F|\n|poke|p1|Corviknight, F|\n|poke|p1|Clefable, F|\n|poke|p1|Gholdengo|\n|poke|p2|Iron Valiant|\n|poke|p2|Ceruledge, F|\n|poke|p2|Ditto|\n|poke|p2|Cinderace, M|\n|poke|p2|Kingambit, M|\n|poke|p2|Slowking-Galar, F|\n|teampreview\n|\n|t:|1700142132\n|start\n|switch|p1a: Tyranitar|Tyranitar, M|100\/100\n|switch|p2a: DestinyBOND|Ceruledge, F|100\/100\n|-weather|Sandstorm|[from] ability: Sand Stream|[of] p1a: Tyranitar\n|-item|p1a: Tyranitar|Air Balloon\n|turn|1\n|\n|t:|1700142142\n|move|p2a: DestinyBOND|Close Combat|p1a: Tyranitar\n|-supereffective|p1a: Tyranitar\n|-damage|p1a: Tyranitar|0 fnt\n|-unboost|p2a: DestinyBOND|def|1\n|-unboost|p2a: DestinyBOND|spd|1\n|-enditem|p1a: Tyranitar|Air Balloon\n|faint|p1a: Tyranitar\n|\n|-weather|Sandstorm|[upkeep]\n|-damage|p2a: DestinyBOND|94\/100|[from] Sandstorm\n|upkeep\n|\n|t:|1700142154\n|switch|p1a: Gastrodon|Gastrodon, F|100\/100\n|turn|2\n|\n|t:|1700142162\n|switch|p2a: KingSweep|Slowking-Galar, F, shiny|100\/100\n|move|p1a: Gastrodon|Earth Power|p2a: KingSweep\n|-supereffective|p2a: KingSweep\n|-damage|p2a: KingSweep|47\/100\n|\n|-weather|Sandstorm|[upkeep]\n|-damage|p2a: KingSweep|41\/100|[from] Sandstorm\n|-heal|p2a: KingSweep|47\/100|[from] item: Black Sludge\n|upkeep\n|turn|3\n|\n|t:|1700142174\n|switch|p2a: UButBetta|Ditto|100\/100\n|-transform|p2a: UButBetta|p1a: Gastrodon|[from] ability: Imposter\n|move|p1a: Gastrodon|Earth Power|p2a: UButBetta\n|-damage|p2a: UButBetta|65\/100\n|\n|-weather|Sandstorm|[upkeep]\n|upkeep\n|turn|4\n|\n|t:|1700142188\n|switch|p1a: Alomomola|Alomomola, M|100\/100\n|move|p2a: UButBetta|Sludge Bomb|p1a: Alomomola\n|-damage|p1a: Alomomola|73\/100\n|-status|p1a: Alomomola|psn\n|\n|-weather|Sandstorm|[upkeep]\n|-damage|p1a: Alomomola|67\/100 psn|[from] Sandstorm\n|-heal|p1a: Alomomola|73\/100 psn|[from] item: Leftovers\n|-damage|p1a: Alomomola|61\/100 psn|[from] psn\n|upkeep\n|turn|5\n|\n|t:|1700142202\n|switch|p2a: KingSweep|Slowking-Galar, F, shiny|80\/100\n|move|p1a: Alomomola|Wish|p1a: Alomomola\n|\n|-weather|none\n|-heal|p1a: Alomomola|67\/100 psn|[from] item: Leftovers\n|-heal|p2a: KingSweep|87\/100|[from] item: Black Sludge\n|-damage|p1a: Alomomola|54\/100 psn|[from] psn\n|upkeep\n|turn|6\n|\n|t:|1700142214\n|switch|p1a: Corviknight|Corviknight, F|100\/100\n|-ability|p1a: Corviknight|Pressure\n|move|p2a: KingSweep|Calm Mind|p2a: KingSweep\n|-boost|p2a: KingSweep|spa|1\n|-boost|p2a: KingSweep|spd|1\n|\n|-heal|p2a: KingSweep|93\/100|[from] item: Black Sludge\n|upkeep\n|turn|7\n|\n|t:|1700142227\n|move|p1a: Corviknight|Brave Bird|p2a: KingSweep\n|-damage|p2a: KingSweep|58\/100\n|-damage|p1a: Corviknight|89\/100|[from] Recoil\n|move|p2a: KingSweep|Iron Defense|p2a: KingSweep\n|-boost|p2a: KingSweep|def|2\n|\n|-heal|p2a: KingSweep|64\/100|[from] item: Black Sludge\n|upkeep\n|turn|8\n|\n|t:|1700142239\n|move|p1a: Corviknight|Brave Bird|p2a: KingSweep\n|-damage|p2a: KingSweep|49\/100\n|-damage|p1a: Corviknight|84\/100|[from] Recoil\n|move|p2a: KingSweep|Iron Defense|p2a: KingSweep\n|-boost|p2a: KingSweep|def|2\n|\n|-heal|p2a: KingSweep|55\/100|[from] item: Black Sludge\n|upkeep\n|turn|9\n|\n|t:|1700142251\n|switch|p1a: Clefable|Clefable, F|100\/100\n|move|p2a: KingSweep|Slack Off|p2a: KingSweep\n|-heal|p2a: KingSweep|100\/100\n|\n|upkeep\n|turn|10\n|\n|t:|1700142265\n|switch|p1a: Gholdengo|Gholdengo|100\/100\n|move|p2a: KingSweep|Stored Power|p1a: Gholdengo\n|-resisted|p1a: Gholdengo\n|-damage|p1a: Gholdengo|51\/100\n|\n|upkeep\n|turn|11\n|\n|t:|1700142276\n|-terastallize|p2a: KingSweep|Water\n|move|p1a: Gholdengo|Trick|p2a: KingSweep\n|-activate|p1a: Gholdengo|move: Trick|[of] p2a: KingSweep\n|-item|p2a: KingSweep|Choice Scarf|[from] move: Trick\n|-item|p1a: Gholdengo|Black Sludge|[from] move: Trick\n|move|p2a: KingSweep|Stored Power|p1a: Gholdengo\n|-resisted|p1a: Gholdengo\n|-damage|p1a: Gholdengo|5\/100\n|\n|-damage|p1a: Gholdengo|0 fnt|[from] item: Black Sludge\n|faint|p1a: Gholdengo\n|upkeep\n|\n|t:|1700142289\n|switch|p1a: Clefable|Clefable, F|100\/100\n|turn|12\n|\n|t:|1700142299\n|move|p1a: Clefable|Grass Knot|p2a: KingSweep\n|-supereffective|p2a: KingSweep\n|-damage|p2a: KingSweep|82\/100\n|move|p2a: KingSweep|Stored Power|p1a: Clefable\n|-crit|p1a: Clefable\n|-damage|p1a: Clefable|16\/100\n|-enditem|p1a: Clefable|Sitrus Berry|[eat]\n|-heal|p1a: Clefable|41\/100|[from] item: Sitrus Berry\n|\n|upkeep\n|turn|13\n|\n|t:|1700142308\n|move|p1a: Clefable|Grass Knot|p2a: KingSweep\n|-supereffective|p2a: KingSweep\n|-damage|p2a: KingSweep|65\/100\n|move|p2a: KingSweep|Stored Power|p1a: Clefable\n|-damage|p1a: Clefable|0 fnt\n|faint|p1a: Clefable\n|\n|upkeep\n|-message|faby 776928 forfeited.\n|\n|win|Ditto2Top\n|raw|faby 776928's rating: 1080 &rarr; <strong>1059<\/strong><br \/>(-21 for losing)\n|raw|Ditto2Top's rating: 1098 &rarr; <strong>1122<\/strong><br \/>(+24 for winning)\n|l|\u2606faby 776928\n","uploadtime":1700142324,"views":13,"p1id":"faby776928","p2id":"ditto2top","formatid":"gen9ou","rating":1059,"private":0,"password":""}