{"id":"gen9ou-1990227073","p1":"NebulaNoodle","p2":"Mr. Ledesma","format":"[Gen 9] OU","log":"|j|\u2606NebulaNoodle\n|j|\u2606Mr. Ledesma\n|t:|1699940521\n|gametype|singles\n|player|p1|NebulaNoodle|266|1430\n|player|p2|Mr. Ledesma|volkner|1386\n|teamsize|p1|6\n|teamsize|p2|6\n|gen|9\n|tier|[Gen 9] OU\n|rated|\n|rule|Sleep Clause Mod: Limit one foe put to sleep\n|rule|Species Clause: Limit one of each Pok\u00e9mon\n|rule|OHKO Clause: OHKO moves are banned\n|rule|Evasion Items Clause: Evasion items are banned\n|rule|Evasion Moves Clause: Evasion moves are banned\n|rule|Endless Battle Clause: Forcing endless battles is banned\n|rule|HP Percentage Mod: HP is shown in percentages\n|clearpoke\n|poke|p1|Sneasler, M|\n|poke|p1|Dragapult, F|\n|poke|p1|Rillaboom, F|\n|poke|p1|Great Tusk|\n|poke|p1|Heatran, F|\n|poke|p1|Alomomola, F|\n|poke|p2|Iron Moth|\n|poke|p2|Kommo-o, M|\n|poke|p2|Ninetales-Alola, F|\n|poke|p2|Hatterene, F|\n|poke|p2|Kingambit, F|\n|poke|p2|Great Tusk|\n|teampreview\n|inactive|Battle timer is ON: inactive players will automatically lose when time's up. (requested by NebulaNoodle)\n|\n|t:|1699940533\n|start\n|switch|p1a: Heatran|Heatran, F|100\/100\n|switch|p2a: Great Tusk|Great Tusk|100\/100\n|-enditem|p2a: Great Tusk|Booster Energy\n|-activate|p2a: Great Tusk|ability: Protosynthesis|[fromitem]\n|-start|p2a: Great Tusk|protosynthesisatk\n|turn|1\n|\n|t:|1699940543\n|switch|p1a: Alomomola|Alomomola, F|100\/100\n|move|p2a: Great Tusk|Ice Spinner|p1a: Alomomola\n|-resisted|p1a: Alomomola\n|-damage|p1a: Alomomola|92\/100\n|\n|upkeep\n|turn|2\n|\n|t:|1699940552\n|-end|p2a: Great Tusk|Protosynthesis|[silent]\n|switch|p2a: Ninetales|Ninetales-Alola, F|100\/100\n|-weather|Snow|[from] ability: Snow Warning|[of] p2a: Ninetales\n|move|p1a: Alomomola|Flip Turn|p2a: Ninetales\n|-damage|p2a: Ninetales|88\/100\n|\n|t:|1699940559\n|switch|p1a: Heatran|Heatran, F|100\/100|[from] Flip Turn\n|\n|-weather|Snow|[upkeep]\n|upkeep\n|turn|3\n|\n|t:|1699940565\n|move|p2a: Ninetales|Aurora Veil|p2a: Ninetales\n|-sidestart|p2: Mr. Ledesma|move: Aurora Veil\n|move|p1a: Heatran|Magma Storm|p2a: Ninetales\n|-supereffective|p2a: Ninetales\n|-damage|p2a: Ninetales|50\/100\n|-activate|p2a: Ninetales|move: Magma Storm|[of] p1a: Heatran\n|\n|-weather|Snow|[upkeep]\n|-damage|p2a: Ninetales|37\/100|[from] move: Magma Storm|[partiallytrapped]\n|upkeep\n|turn|4\n|\n|t:|1699940576\n|move|p2a: Ninetales|Hypnosis|p1a: Heatran\n|-status|p1a: Heatran|slp|[from] move: Hypnosis\n|cant|p1a: Heatran|slp\n|\n|-weather|Snow|[upkeep]\n|-damage|p2a: Ninetales|25\/100|[from] move: Magma Storm|[partiallytrapped]\n|upkeep\n|turn|5\n|\n|t:|1699940585\n|move|p2a: Ninetales|Encore|p1a: Heatran\n|-start|p1a: Heatran|Encore\n|cant|p1a: Heatran|slp\n|\n|-weather|Snow|[upkeep]\n|-damage|p2a: Ninetales|13\/100|[from] move: Magma Storm|[partiallytrapped]\n|upkeep\n|turn|6\n|\n|t:|1699940594\n|move|p2a: Ninetales|Freeze-Dry|p1a: Heatran\n|-resisted|p1a: Heatran\n|-damage|p1a: Heatran|97\/100 slp\n|cant|p1a: Heatran|slp\n|\n|-weather|none\n|-heal|p1a: Heatran|100\/100 slp|[from] item: Leftovers\n|-damage|p2a: Ninetales|0 fnt|[from] move: Magma Storm|[partiallytrapped]\n|faint|p2a: Ninetales\n|upkeep\n|\n|t:|1699940614\n|switch|p2a: Great Tusk|Great Tusk|100\/100\n|turn|7\n|\n|t:|1699940623\n|switch|p1a: Alomomola|Alomomola, F|100\/100\n|move|p2a: Great Tusk|Headlong Rush|p1a: Alomomola\n|-damage|p1a: Alomomola|65\/100\n|-unboost|p2a: Great Tusk|def|1\n|-unboost|p2a: Great Tusk|spd|1\n|\n|upkeep\n|turn|8\n|\n|t:|1699940633\n|-end|p2a: Great Tusk|Protosynthesis|[silent]\n|switch|p2a: Hatterene|Hatterene, F|100\/100\n|move|p1a: Alomomola|Flip Turn|p2a: Hatterene\n|-damage|p2a: Hatterene|92\/100\n|-enditem|p2a: Hatterene|Kee Berry|[eat]\n|-boost|p2a: Hatterene|def|1|[from] item: Kee Berry\n|\n|t:|1699940646\n|switch|p1a: Heatran|Heatran, F|100\/100 slp|[from] Flip Turn\n|\n|upkeep\n|turn|9\n|\n|t:|1699940653\n|-curestatus|p1a: Heatran|slp|[msg]\n|move|p1a: Heatran|Magma Storm|p2a: Hatterene\n|-crit|p2a: Hatterene\n|-damage|p2a: Hatterene|31\/100\n|-activate|p2a: Hatterene|move: Magma Storm|[of] p1a: Heatran\n|move|p2a: Hatterene|Calm Mind|p2a: Hatterene\n|-boost|p2a: Hatterene|spa|1\n|-boost|p2a: Hatterene|spd|1\n|\n|-damage|p2a: Hatterene|18\/100|[from] move: Magma Storm|[partiallytrapped]\n|upkeep\n|turn|10\n|\n|t:|1699940668\n|move|p1a: Heatran|Earth Power|p2a: Hatterene\n|-crit|p2a: Hatterene\n|-damage|p2a: Hatterene|0 fnt\n|faint|p2a: Hatterene\n|\n|-sideend|p2: Mr. Ledesma|move: Aurora Veil\n|upkeep\n|\n|t:|1699940675\n|switch|p2a: Great Tusk|Great Tusk|100\/100\n|turn|11\n|\n|t:|1699940680\n|switch|p1a: Alomomola|Alomomola, F|98\/100\n|move|p2a: Great Tusk|Bulk Up|p2a: Great Tusk\n|-boost|p2a: Great Tusk|atk|1\n|-boost|p2a: Great Tusk|def|1\n|\n|upkeep\n|turn|12\n|\n|t:|1699940686\n|move|p2a: Great Tusk|Headlong Rush|p1a: Alomomola\n|-damage|p1a: Alomomola|50\/100\n|-unboost|p2a: Great Tusk|def|1\n|-unboost|p2a: Great Tusk|spd|1\n|move|p1a: Alomomola|Scald|p2a: Great Tusk\n|-supereffective|p2a: Great Tusk\n|-damage|p2a: Great Tusk|37\/100\n|\n|upkeep\n|turn|13\n|\n|t:|1699940696\n|move|p2a: Great Tusk|Headlong Rush|p1a: Alomomola\n|-damage|p1a: Alomomola|0 fnt\n|-unboost|p2a: Great Tusk|def|1\n|-unboost|p2a: Great Tusk|spd|1\n|faint|p1a: Alomomola\n|\n|upkeep\n|\n|t:|1699940715\n|switch|p1a: Rillaboom|Rillaboom, F|100\/100\n|-fieldstart|move: Grassy Terrain|[from] ability: Grassy Surge|[of] p1a: Rillaboom\n|turn|14\n|\n|t:|1699940722\n|-end|p2a: Great Tusk|Protosynthesis|[silent]\n|switch|p2a: Iron Moth|Iron Moth|100\/100\n|-enditem|p2a: Iron Moth|Booster Energy\n|-activate|p2a: Iron Moth|ability: Quark Drive|[fromitem]\n|-start|p2a: Iron Moth|quarkdrivespe\n|move|p1a: Rillaboom|Grassy Glide|p2a: Iron Moth\n|-resisted|p2a: Iron Moth\n|-damage|p2a: Iron Moth|81\/100\n|\n|-heal|p2a: Iron Moth|87\/100|[from] Grassy Terrain\n|upkeep\n|turn|15\n|\n|t:|1699940731\n|switch|p1a: Heatran|Heatran, F|100\/100\n|-terastallize|p2a: Iron Moth|Water\n|move|p2a: Iron Moth|Tera Blast|p1a: Heatran|[anim] Tera Blast Water\n|-supereffective|p1a: Heatran\n|-damage|p1a: Heatran|46\/100\n|\n|-heal|p2a: Iron Moth|93\/100|[from] Grassy Terrain\n|-heal|p1a: Heatran|52\/100|[from] Grassy Terrain\n|-heal|p1a: Heatran|58\/100|[from] item: Leftovers\n|upkeep\n|turn|16\n|\n|t:|1699940745\n|move|p2a: Iron Moth|Tera Blast|p1a: Heatran|[anim] Tera Blast Water\n|-supereffective|p1a: Heatran\n|-damage|p1a: Heatran|5\/100\n|move|p1a: Heatran|Stealth Rock|p2a: Iron Moth\n|-sidestart|p2: Mr. Ledesma|move: Stealth Rock\n|\n|-heal|p2a: Iron Moth|99\/100|[from] Grassy Terrain\n|-heal|p1a: Heatran|11\/100|[from] Grassy Terrain\n|-heal|p1a: Heatran|17\/100|[from] item: Leftovers\n|upkeep\n|turn|17\n|\n|t:|1699940770\n|move|p2a: Iron Moth|Tera Blast|p1a: Heatran|[anim] Tera Blast Water\n|-supereffective|p1a: Heatran\n|-damage|p1a: Heatran|0 fnt\n|faint|p1a: Heatran\n|\n|-heal|p2a: Iron Moth|100\/100|[from] Grassy Terrain\n|upkeep\n|\n|t:|1699940778\n|switch|p1a: Rillaboom|Rillaboom, F|100\/100\n|turn|18\n|\n|t:|1699940793\n|-end|p2a: Iron Moth|Quark Drive|[silent]\n|switch|p2a: Kingambit|Kingambit, F|100\/100\n|-damage|p2a: Kingambit|94\/100|[from] Stealth Rock\n|-activate|p2a: Kingambit|ability: Supreme Overlord\n|-start|p2a: Kingambit|fallen2|[silent]\n|move|p1a: Rillaboom|Grassy Glide|p2a: Kingambit\n|-resisted|p2a: Kingambit\n|-damage|p2a: Kingambit|72\/100\n|\n|-heal|p2a: Kingambit|78\/100|[from] Grassy Terrain\n|-heal|p2a: Kingambit|84\/100|[from] item: Leftovers\n|-fieldend|move: Grassy Terrain\n|upkeep\n|turn|19\n|\n|t:|1699940808\n|switch|p1a: Great Tusk|Great Tusk|100\/100\n|move|p2a: Kingambit|Iron Head|p1a: Great Tusk\n|-damage|p1a: Great Tusk|75\/100\n|\n|-heal|p1a: Great Tusk|82\/100|[from] item: Leftovers\n|-heal|p2a: Kingambit|90\/100|[from] item: Leftovers\n|upkeep\n|turn|20\n|\n|t:|1699940815\n|-end|p2a: Kingambit|fallen2|[silent]\n|switch|p2a: Great Tusk|Great Tusk|37\/100\n|-damage|p2a: Great Tusk|34\/100|[from] Stealth Rock\n|move|p1a: Great Tusk|Knock Off|p2a: Great Tusk\n|-resisted|p2a: Great Tusk\n|-damage|p2a: Great Tusk|28\/100\n|\n|-heal|p1a: Great Tusk|88\/100|[from] item: Leftovers\n|upkeep\n|turn|21\n|inactive|NebulaNoodle has 120 seconds left.\n|\n|t:|1699940851\n|-end|p1a: Great Tusk|Protosynthesis|[silent]\n|switch|p1a: Dragapult|Dragapult, F|100\/100\n|move|p2a: Great Tusk|Headlong Rush|p1a: Dragapult\n|-damage|p1a: Dragapult|16\/100\n|-unboost|p2a: Great Tusk|def|1\n|-unboost|p2a: Great Tusk|spd|1\n|\n|upkeep\n|turn|22\n|\n|t:|1699940865\n|move|p1a: Dragapult|Draco Meteor|p2a: Great Tusk\n|-damage|p2a: Great Tusk|0 fnt\n|-unboost|p1a: Dragapult|spa|2\n|faint|p2a: Great Tusk\n|-end|p2a: Great Tusk|Protosynthesis|[silent]\n|\n|upkeep\n|\n|t:|1699940873\n|switch|p2a: Kingambit|Kingambit, F|90\/100\n|-damage|p2a: Kingambit|84\/100|[from] Stealth Rock\n|-activate|p2a: Kingambit|ability: Supreme Overlord\n|-start|p2a: Kingambit|fallen3|[silent]\n|turn|23\n|inactive|NebulaNoodle has 120 seconds left.\n|\n|t:|1699940883\n|switch|p1a: Great Tusk|Great Tusk|88\/100\n|move|p2a: Kingambit|Iron Head|p1a: Great Tusk\n|-damage|p1a: Great Tusk|60\/100\n|\n|-heal|p1a: Great Tusk|66\/100|[from] item: Leftovers\n|-heal|p2a: Kingambit|90\/100|[from] item: Leftovers\n|upkeep\n|turn|24\n|\n|t:|1699940894\n|-end|p2a: Kingambit|fallen3|[silent]\n|switch|p2a: Iron Moth|Iron Moth, tera:Water|100\/100\n|-damage|p2a: Iron Moth|88\/100|[from] Stealth Rock\n|move|p1a: Great Tusk|Knock Off|p2a: Iron Moth\n|-damage|p2a: Iron Moth|62\/100\n|\n|-heal|p1a: Great Tusk|72\/100|[from] item: Leftovers\n|upkeep\n|turn|25\n|\n|t:|1699940906\n|-end|p1a: Great Tusk|Protosynthesis|[silent]\n|switch|p1a: Dragapult|Dragapult, F|16\/100\n|move|p2a: Iron Moth|Fiery Dance|p1a: Dragapult\n|-resisted|p1a: Dragapult\n|-damage|p1a: Dragapult|0 fnt\n|faint|p1a: Dragapult\n|\n|upkeep\n|\n|t:|1699940911\n|switch|p1a: Rillaboom|Rillaboom, F|100\/100\n|-fieldstart|move: Grassy Terrain|[from] ability: Grassy Surge|[of] p1a: Rillaboom\n|turn|26\n|inactive|NebulaNoodle has 120 seconds left.\n|\n|t:|1699940934\n|-end|p2a: Iron Moth|Quark Drive|[silent]\n|switch|p2a: Kommo-o|Kommo-o, M|100\/100\n|-damage|p2a: Kommo-o|94\/100|[from] Stealth Rock\n|move|p1a: Rillaboom|Grassy Glide|p2a: Kommo-o\n|-resisted|p2a: Kommo-o\n|-damage|p2a: Kommo-o|63\/100\n|\n|-heal|p2a: Kommo-o|70\/100|[from] Grassy Terrain\n|upkeep\n|turn|27\n|inactive|NebulaNoodle has 120 seconds left.\n|\n|t:|1699940945\n|switch|p1a: Sneasler|Sneasler, M|100\/100\n|-enditem|p1a: Sneasler|Grassy Seed\n|-boost|p1a: Sneasler|def|1|[from] item: Grassy Seed\n|move|p2a: Kommo-o|Clangorous Soul|p2a: Kommo-o\n|-boost|p2a: Kommo-o|atk|1\n|-boost|p2a: Kommo-o|def|1\n|-boost|p2a: Kommo-o|spa|1\n|-boost|p2a: Kommo-o|spd|1\n|-boost|p2a: Kommo-o|spe|1\n|-damage|p2a: Kommo-o|37\/100\n|-enditem|p2a: Kommo-o|Throat Spray\n|-boost|p2a: Kommo-o|spa|1|[from] item: Throat Spray\n|\n|-heal|p2a: Kommo-o|43\/100|[from] Grassy Terrain\n|upkeep\n|turn|28\n|inactive|NebulaNoodle has 120 seconds left.\n|\n|t:|1699940965\n|move|p1a: Sneasler|Acrobatics|p2a: Kommo-o\n|-supereffective|p2a: Kommo-o\n|-damage|p2a: Kommo-o|0 fnt\n|faint|p2a: Kommo-o\n|\n|upkeep\n|\n|t:|1699940972\n|switch|p2a: Iron Moth|Iron Moth, tera:Water|62\/100\n|-damage|p2a: Iron Moth|49\/100|[from] Stealth Rock\n|turn|29\n|\n|t:|1699940979\n|move|p1a: Sneasler|Dire Claw|p2a: Iron Moth\n|-damage|p2a: Iron Moth|0 fnt\n|faint|p2a: Iron Moth\n|-end|p2a: Iron Moth|Quark Drive|[silent]\n|\n|upkeep\n|\n|t:|1699940982\n|switch|p2a: Kingambit|Kingambit, F|90\/100\n|-damage|p2a: Kingambit|84\/100|[from] Stealth Rock\n|-activate|p2a: Kingambit|ability: Supreme Overlord\n|-start|p2a: Kingambit|fallen5|[silent]\n|turn|30\n|\n|t:|1699940992\n|move|p1a: Sneasler|Close Combat|p2a: Kingambit\n|-supereffective|p2a: Kingambit\n|-damage|p2a: Kingambit|0 fnt\n|-unboost|p1a: Sneasler|def|1\n|-unboost|p1a: Sneasler|spd|1\n|faint|p2a: Kingambit\n|-end|p2a: Kingambit|fallen5|[silent]\n|\n|win|NebulaNoodle\n|raw|NebulaNoodle's rating: 1430 &rarr; <strong>1447<\/strong><br \/>(+17 for winning)\n|raw|Mr. Ledesma's rating: 1386 &rarr; <strong>1369<\/strong><br \/>(-17 for losing)\n","uploadtime":1699941038,"views":16,"p1id":"nebulanoodle","p2id":"mrledesma","formatid":"gen9ou","rating":1369,"private":0,"password":""}