{"id":"gen9ou-1989542033","p1":"airwave15","p2":"Asta01","format":"[Gen 9] OU","log":"|j|\u2606airwave15\n|j|\u2606Asta01\n|t:|1699868437\n|gametype|singles\n|player|p1|airwave15|sabrina|1007\n|player|p2|Asta01|cheren|1000\n|teamsize|p1|6\n|teamsize|p2|6\n|gen|9\n|tier|[Gen 9] OU\n|rated|\n|rule|Sleep Clause Mod: Limit one foe put to sleep\n|rule|Species Clause: Limit one of each Pok\u00e9mon\n|rule|OHKO Clause: OHKO moves are banned\n|rule|Evasion Items Clause: Evasion items are banned\n|rule|Evasion Moves Clause: Evasion moves are banned\n|rule|Endless Battle Clause: Forcing endless battles is banned\n|rule|HP Percentage Mod: HP is shown in percentages\n|clearpoke\n|poke|p1|Tinkaton, F|\n|poke|p1|Walking Wake|\n|poke|p1|Clefable, M|\n|poke|p1|Meowscarada, F|\n|poke|p1|Ceruledge, M|\n|poke|p1|Dondozo, F|\n|poke|p2|Salamence, M|\n|poke|p2|Toxapex, M|\n|poke|p2|Greninja-*, F|\n|poke|p2|Ceruledge, M|\n|poke|p2|Espeon, M|\n|poke|p2|Scizor, F|\n|teampreview\n|\n|t:|1699868442\n|start\n|switch|p1a: Meowscarada|Meowscarada, F|100\/100\n|switch|p2a: Salamence|Salamence, M|100\/100\n|turn|1\n|\n|t:|1699868451\n|move|p1a: Meowscarada|Spikes|p2a: Salamence\n|-sidestart|p2: Asta01|Spikes\n|move|p2a: Salamence|Dragon Claw|p1a: Meowscarada\n|-enditem|p1a: Meowscarada|Focus Sash\n|-damage|p1a: Meowscarada|1\/100\n|\n|upkeep\n|turn|2\n|\n|t:|1699868459\n|move|p1a: Meowscarada|Spikes|p2a: Salamence\n|-sidestart|p2: Asta01|Spikes\n|move|p2a: Salamence|Dragon Claw|p1a: Meowscarada\n|-damage|p1a: Meowscarada|0 fnt\n|faint|p1a: Meowscarada\n|-ability|p2a: Salamence|Moxie|boost\n|-boost|p2a: Salamence|atk|1\n|\n|upkeep\n|\n|t:|1699868474\n|switch|p1a: Tinkaton|Tinkaton, F|100\/100\n|-ability|p1a: Tinkaton|Mold Breaker\n|turn|3\n|\n|t:|1699868488\n|switch|p2a: Ceruledge|Ceruledge, M|100\/100\n|-damage|p2a: Ceruledge|84\/100|[from] Spikes\n|move|p1a: Tinkaton|Swords Dance|p1a: Tinkaton\n|-boost|p1a: Tinkaton|atk|2\n|\n|upkeep\n|turn|4\n|\n|t:|1699868502\n|move|p2a: Ceruledge|Bitter Blade|p1a: Tinkaton\n|-supereffective|p1a: Tinkaton\n|-damage|p1a: Tinkaton|0 fnt\n|-heal|p2a: Ceruledge|100\/100|[from] drain|[of] p1a: Tinkaton\n|faint|p1a: Tinkaton\n|\n|upkeep\n|\n|t:|1699868509\n|switch|p1a: Walking Wake|Walking Wake|100\/100\n|-enditem|p1a: Walking Wake|Booster Energy\n|-activate|p1a: Walking Wake|ability: Protosynthesis|[fromitem]\n|-start|p1a: Walking Wake|protosynthesisspa\n|turn|5\n|\n|t:|1699868522\n|switch|p2a: Toxapex|Toxapex, M|100\/100\n|-damage|p2a: Toxapex|84\/100|[from] Spikes\n|move|p1a: Walking Wake|Agility|p1a: Walking Wake\n|-boost|p1a: Walking Wake|spe|2\n|\n|-heal|p2a: Toxapex|90\/100|[from] item: Black Sludge\n|upkeep\n|turn|6\n|\n|t:|1699868535\n|move|p1a: Walking Wake|Substitute|p1a: Walking Wake\n|-start|p1a: Walking Wake|Substitute\n|-damage|p1a: Walking Wake|76\/100\n|move|p2a: Toxapex|Toxic||[still]\n|-fail|p2a: Toxapex\n|\n|-heal|p2a: Toxapex|96\/100|[from] item: Black Sludge\n|upkeep\n|turn|7\n|\n|t:|1699868543\n|move|p1a: Walking Wake|Dragon Pulse|p2a: Toxapex\n|-damage|p2a: Toxapex|41\/100\n|move|p2a: Toxapex|Toxic Spikes|p1a: Walking Wake\n|-sidestart|p1: airwave15|move: Toxic Spikes\n|\n|-heal|p2a: Toxapex|48\/100|[from] item: Black Sludge\n|upkeep\n|turn|8\n|\n|t:|1699868551\n|move|p1a: Walking Wake|Dragon Pulse|p2a: Toxapex\n|-damage|p2a: Toxapex|0 fnt\n|faint|p2a: Toxapex\n|\n|upkeep\n|\n|t:|1699868557\n|switch|p2a: Scizor|Scizor, F|100\/100\n|-damage|p2a: Scizor|84\/100|[from] Spikes\n|turn|9\n|\n|t:|1699868565\n|move|p1a: Walking Wake|Surf|p2a: Scizor\n|-damage|p2a: Scizor|0 fnt\n|faint|p2a: Scizor\n|\n|upkeep\n|\n|t:|1699868571\n|switch|p2a: Greninja|Greninja, F|100\/100\n|-damage|p2a: Greninja|84\/100|[from] Spikes\n|turn|10\n|\n|t:|1699868578\n|move|p1a: Walking Wake|Dragon Pulse|p2a: Greninja\n|-damage|p2a: Greninja|0 fnt\n|faint|p2a: Greninja\n|\n|upkeep\n|\n|t:|1699868582\n|switch|p2a: Ceruledge|Ceruledge, M|100\/100\n|-damage|p2a: Ceruledge|84\/100|[from] Spikes\n|turn|11\n|\n|t:|1699868586\n|move|p1a: Walking Wake|Dragon Pulse|p2a: Ceruledge\n|-damage|p2a: Ceruledge|10\/100\n|move|p2a: Ceruledge|Night Slash|p1a: Walking Wake\n|-end|p1a: Walking Wake|Substitute\n|\n|upkeep\n|turn|12\n|\n|t:|1699868598\n|move|p1a: Walking Wake|Dragon Pulse|p2a: Ceruledge\n|-damage|p2a: Ceruledge|0 fnt\n|faint|p2a: Ceruledge\n|\n|upkeep\n|\n|t:|1699868600\n|switch|p2a: Espeon|Espeon, M|100\/100\n|-damage|p2a: Espeon|84\/100|[from] Spikes\n|turn|13\n|\n|t:|1699868610\n|-terastallize|p1a: Walking Wake|Water\n|move|p1a: Walking Wake|Surf|p2a: Espeon\n|-damage|p2a: Espeon|0 fnt\n|faint|p2a: Espeon\n|\n|upkeep\n|\n|t:|1699868615\n|switch|p2a: Salamence|Salamence, M|100\/100\n|turn|14\n|\n|t:|1699868619\n|move|p1a: Walking Wake|Dragon Pulse|p2a: Salamence\n|-supereffective|p2a: Salamence\n|-damage|p2a: Salamence|0 fnt\n|faint|p2a: Salamence\n|\n|win|airwave15\n|raw|airwave15's rating: 1007 &rarr; <strong>1045<\/strong><br \/>(+38 for winning)\n|raw|Asta01's rating: 1000 &rarr; <strong>1000<\/strong><br \/>(+0 for losing)\n|l|\u2606Asta01\n|l|\u2606airwave15\n|j|\u2606airwave15\n|player|p1|airwave15|sabrina\n","uploadtime":1699868695,"views":15,"p1id":"airwave15","p2id":"asta01","formatid":"gen9ou","rating":1000,"private":0,"password":""}