{"id":"gen9ou-1992062444","p1":"Likhami","p2":"Barchuns Assistant","format":"[Gen 9] OU","log":"|j|\u2606Likhami\n|j|\u2606Barchuns Assistant\n|t:|1700151924\n|gametype|singles\n|player|p1|Likhami|sage|1077\n|player|p2|Barchuns Assistant|blue-gen3two|1075\n|teamsize|p1|6\n|teamsize|p2|2\n|gen|9\n|tier|[Gen 9] OU\n|rated|\n|rule|Sleep Clause Mod: Limit one foe put to sleep\n|rule|Species Clause: Limit one of each Pok\u00e9mon\n|rule|OHKO Clause: OHKO moves are banned\n|rule|Evasion Items Clause: Evasion items are banned\n|rule|Evasion Moves Clause: Evasion moves are banned\n|rule|Endless Battle Clause: Forcing endless battles is banned\n|rule|HP Percentage Mod: HP is shown in percentages\n|clearpoke\n|poke|p1|Iron Jugulis|\n|poke|p1|Ogerpon-Wellspring, F|\n|poke|p1|Tinkaton, F|\n|poke|p1|Iron Moth|\n|poke|p1|Great Tusk|\n|poke|p1|Dragapult, M|\n|poke|p2|Gardevoir, F|\n|poke|p2|Flittle, F|\n|teampreview\n|inactive|Battle timer is ON: inactive players will automatically lose when time's up. (requested by Likhami)\n|\n|t:|1700151938\n|start\n|switch|p1a: Tinkaton|Tinkaton, F|100\/100\n|switch|p2a: Flittle|Flittle, F|100\/100\n|-item|p1a: Tinkaton|Air Balloon\n|turn|1\n|\n|t:|1700151944\n|move|p1a: Tinkaton|Thunder Wave|p2a: Flittle\n|-status|p2a: Flittle|par\n|move|p2a: Flittle|Hypnosis|p1a: Tinkaton|[miss]\n|-miss|p2a: Flittle|p1a: Tinkaton\n|\n|-ability|p2a: Flittle|Speed Boost|boost\n|-boost|p2a: Flittle|spe|1\n|upkeep\n|turn|2\n|\n|t:|1700151950\n|move|p1a: Tinkaton|Encore|p2a: Flittle\n|-start|p2a: Flittle|Encore\n|cant|p2a: Flittle|par\n|\n|-ability|p2a: Flittle|Speed Boost|boost\n|-boost|p2a: Flittle|spe|1\n|upkeep\n|turn|3\n|\n|t:|1700151954\n|move|p1a: Tinkaton|Play Rough|p2a: Flittle\n|-enditem|p2a: Flittle|Focus Sash\n|-damage|p2a: Flittle|1\/100 par\n|cant|p2a: Flittle|par\n|\n|-ability|p2a: Flittle|Speed Boost|boost\n|-boost|p2a: Flittle|spe|1\n|upkeep\n|turn|4\n|\n|t:|1700151960\n|move|p2a: Flittle|Hypnosis|p1a: Tinkaton\n|-status|p1a: Tinkaton|slp|[from] move: Hypnosis\n|cant|p1a: Tinkaton|slp\n|\n|-end|p2a: Flittle|Encore\n|-ability|p2a: Flittle|Speed Boost|boost\n|-boost|p2a: Flittle|spe|1\n|upkeep\n|turn|5\n|\n|t:|1700151964\n|move|p2a: Flittle|Skill Swap|p1a: Tinkaton\n|-activate|p2a: Flittle|move: Skill Swap|Pickpocket|Speed Boost|[of] p1a: Tinkaton\n|cant|p1a: Tinkaton|slp\n|\n|-ability|p1a: Tinkaton|Speed Boost|boost\n|-boost|p1a: Tinkaton|spe|1\n|upkeep\n|turn|6\n|\n|t:|1700151969\n|cant|p1a: Tinkaton|slp\n|move|p2a: Flittle|Reflect|p2a: Flittle\n|-sidestart|p2: Barchuns Assistant|Reflect\n|\n|-ability|p1a: Tinkaton|Speed Boost|boost\n|-boost|p1a: Tinkaton|spe|1\n|upkeep\n|turn|7\n|\n|t:|1700151973\n|-curestatus|p1a: Tinkaton|slp|[msg]\n|move|p1a: Tinkaton|Play Rough|p2a: Flittle\n|-damage|p2a: Flittle|0 fnt\n|faint|p2a: Flittle\n|\n|-ability|p1a: Tinkaton|Speed Boost|boost\n|-boost|p1a: Tinkaton|spe|1\n|upkeep\n|\n|t:|1700151975\n|switch|p2a: Gardevoir|Gardevoir, F|100\/100\n|-ability|p2a: Gardevoir|Speed Boost|[from] ability: Trace|[of] p1a: Tinkaton\n|turn|8\n|\n|t:|1700151979\n|-terastallize|p2a: Gardevoir|Steel\n|move|p1a: Tinkaton|Thunder Wave|p2a: Gardevoir\n|-status|p2a: Gardevoir|par\n|move|p2a: Gardevoir|Calm Mind|p2a: Gardevoir\n|-boost|p2a: Gardevoir|spa|1\n|-boost|p2a: Gardevoir|spd|1\n|\n|-ability|p1a: Tinkaton|Speed Boost|boost\n|-boost|p1a: Tinkaton|spe|1\n|-ability|p2a: Gardevoir|Speed Boost|boost\n|-boost|p2a: Gardevoir|spe|1\n|upkeep\n|turn|9\n|\n|t:|1700151989\n|move|p1a: Tinkaton|Encore|p2a: Gardevoir\n|-start|p2a: Gardevoir|Encore\n|cant|p2a: Gardevoir|par\n|\n|-ability|p1a: Tinkaton|Speed Boost|boost\n|-boost|p1a: Tinkaton|spe|1\n|-ability|p2a: Gardevoir|Speed Boost|boost\n|-boost|p2a: Gardevoir|spe|1\n|upkeep\n|turn|10\n|\n|t:|1700151993\n|switch|p1a: Iron Moth|Iron Moth|100\/100\n|-enditem|p1a: Iron Moth|Booster Energy\n|-activate|p1a: Iron Moth|ability: Quark Drive|[fromitem]\n|-start|p1a: Iron Moth|quarkdrivespe\n|cant|p2a: Gardevoir|par\n|\n|-sideend|p2: Barchuns Assistant|Reflect\n|-ability|p2a: Gardevoir|Speed Boost|boost\n|-boost|p2a: Gardevoir|spe|1\n|upkeep\n|turn|11\n|\n|t:|1700151996\n|move|p1a: Iron Moth|Fiery Dance|p2a: Gardevoir\n|-supereffective|p2a: Gardevoir\n|-damage|p2a: Gardevoir|44\/100 par\n|-enditem|p2a: Gardevoir|Sitrus Berry|[eat]\n|-heal|p2a: Gardevoir|69\/100 par|[from] item: Sitrus Berry\n|move|p2a: Gardevoir|Calm Mind|p2a: Gardevoir\n|-boost|p2a: Gardevoir|spa|1\n|-boost|p2a: Gardevoir|spd|1\n|\n|-end|p2a: Gardevoir|Encore\n|-ability|p2a: Gardevoir|Speed Boost|boost\n|-boost|p2a: Gardevoir|spe|1\n|upkeep\n|turn|12\n|\n|t:|1700152001\n|move|p1a: Iron Moth|Fiery Dance|p2a: Gardevoir\n|-supereffective|p2a: Gardevoir\n|-damage|p2a: Gardevoir|27\/100 par\n|move|p2a: Gardevoir|Stored Power|p1a: Iron Moth\n|-supereffective|p1a: Iron Moth\n|-damage|p1a: Iron Moth|0 fnt\n|faint|p1a: Iron Moth\n|-end|p1a: Iron Moth|Quark Drive|[silent]\n|\n|-ability|p2a: Gardevoir|Speed Boost|boost\n|-boost|p2a: Gardevoir|spe|1\n|upkeep\n|\n|t:|1700152005\n|switch|p1a: Great Tusk|Great Tusk|100\/100\n|-enditem|p1a: Great Tusk|Booster Energy\n|-activate|p1a: Great Tusk|ability: Protosynthesis|[fromitem]\n|-start|p1a: Great Tusk|protosynthesisspe\n|turn|13\n|\n|t:|1700152007\n|move|p2a: Gardevoir|Draining Kiss|p1a: Great Tusk\n|-supereffective|p1a: Great Tusk\n|-damage|p1a: Great Tusk|0 fnt\n|-heal|p2a: Gardevoir|100\/100 par|[from] drain|[of] p1a: Great Tusk\n|faint|p1a: Great Tusk\n|-end|p1a: Great Tusk|Protosynthesis|[silent]\n|\n|-ability|p2a: Gardevoir|Speed Boost|boost\n|-boost|p2a: Gardevoir|spe|1\n|upkeep\n|\n|t:|1700152028\n|switch|p1a: Ogerpon|Ogerpon-Wellspring, F|100\/100\n|turn|14\n|\n|t:|1700152035\n|-terastallize|p1a: Ogerpon|Water\n|detailschange|p1a: Ogerpon|Ogerpon-Wellspring-Tera, F, tera:Water\n|-ability|p1a: Ogerpon|Embody Aspect (Wellspring)|boost\n|-boost|p1a: Ogerpon|spd|1\n|move|p2a: Gardevoir|Stored Power|p1a: Ogerpon\n|-damage|p1a: Ogerpon|0 fnt\n|faint|p1a: Ogerpon\n|\n|upkeep\n|\n|t:|1700152043\n|switch|p1a: Tinkaton|Tinkaton, F|100\/100\n|-item|p1a: Tinkaton|Air Balloon\n|turn|15\n|\n|t:|1700152046\n|move|p2a: Gardevoir|Aura Sphere|p1a: Tinkaton\n|-damage|p1a: Tinkaton|49\/100\n|-enditem|p1a: Tinkaton|Air Balloon\n|move|p1a: Tinkaton|Play Rough|p2a: Gardevoir|[miss]\n|-miss|p1a: Tinkaton|p2a: Gardevoir\n|\n|upkeep\n|turn|16\n|\n|t:|1700152050\n|move|p2a: Gardevoir|Aura Sphere|p1a: Tinkaton\n|-damage|p1a: Tinkaton|1\/100\n|move|p1a: Tinkaton|Play Rough|p2a: Gardevoir\n|-resisted|p2a: Gardevoir\n|-damage|p2a: Gardevoir|78\/100 par\n|\n|upkeep\n|turn|17\n|\n|t:|1700152058\n|move|p2a: Gardevoir|Draining Kiss|p1a: Tinkaton\n|-resisted|p1a: Tinkaton\n|-damage|p1a: Tinkaton|0 fnt\n|-heal|p2a: Gardevoir|79\/100 par|[from] drain|[of] p1a: Tinkaton\n|faint|p1a: Tinkaton\n|\n|upkeep\n|\n|t:|1700152066\n|switch|p1a: Dragapult|Dragapult, M|100\/100\n|turn|18\n|\n|t:|1700152069\n|move|p2a: Gardevoir|Draining Kiss|p1a: Dragapult\n|-supereffective|p1a: Dragapult\n|-damage|p1a: Dragapult|0 fnt\n|-heal|p2a: Gardevoir|100\/100 par|[from] drain|[of] p1a: Dragapult\n|faint|p1a: Dragapult\n|\n|upkeep\n|\n|t:|1700152072\n|switch|p1a: Iron Mugulis|Iron Jugulis|100\/100\n|-enditem|p1a: Iron Mugulis|Booster Energy\n|-activate|p1a: Iron Mugulis|ability: Quark Drive|[fromitem]\n|-start|p1a: Iron Mugulis|quarkdrivespe\n|turn|19\n|\n|t:|1700152074\n|move|p1a: Iron Mugulis|Knock Off|p2a: Gardevoir\n|-damage|p2a: Gardevoir|70\/100 par\n|move|p2a: Gardevoir|Draining Kiss|p1a: Iron Mugulis\n|-supereffective|p1a: Iron Mugulis\n|-damage|p1a: Iron Mugulis|0 fnt\n|-heal|p2a: Gardevoir|100\/100 par|[from] drain|[of] p1a: Iron Mugulis\n|faint|p1a: Iron Mugulis\n|-end|p1a: Iron Mugulis|Quark Drive|[silent]\n|\n|win|Barchuns Assistant\n|raw|Likhami's rating: 1077 &rarr; <strong>1055<\/strong><br \/>(-22 for losing)\n|raw|Barchuns Assistant's rating: 1075 &rarr; <strong>1104<\/strong><br \/>(+29 for winning)\n|l|\u2606Likhami\n","uploadtime":1700152081,"views":8,"p1id":"likhami","p2id":"barchunsassistant","formatid":"gen9ou","rating":1055,"private":0,"password":""}