{"id":"gen9ou-1997756480","p1":"TheNovato564","p2":"Kenetto108","format":"[Gen 9] OU","log":"|j|\u2606TheNovato564\n|j|\u2606Kenetto108\n|t:|1700849344\n|gametype|singles\n|player|p1|TheNovato564|veteran|1399\n|player|p2|Kenetto108|lusamine-nihilego|1450\n|teamsize|p1|6\n|teamsize|p2|6\n|gen|9\n|tier|[Gen 9] OU\n|rated|\n|rule|Sleep Clause Mod: Limit one foe put to sleep\n|rule|Species Clause: Limit one of each Pok\u00e9mon\n|rule|OHKO Clause: OHKO moves are banned\n|rule|Evasion Items Clause: Evasion items are banned\n|rule|Evasion Moves Clause: Evasion moves are banned\n|rule|Endless Battle Clause: Forcing endless battles is banned\n|rule|HP Percentage Mod: HP is shown in percentages\n|clearpoke\n|poke|p1|Great Tusk|\n|poke|p1|Blissey, F|\n|poke|p1|Haxorus, F|\n|poke|p1|Kingambit, M|\n|poke|p1|Iron Moth|\n|poke|p1|Gholdengo|\n|poke|p2|Volcanion|\n|poke|p2|Ribombee, M|\n|poke|p2|Gholdengo|\n|poke|p2|Cresselia, F|\n|poke|p2|Zapdos|\n|poke|p2|Glimmora, F|\n|teampreview\n|inactive|Battle timer is ON: inactive players will automatically lose when time's up. (requested by Kenetto108)\n|\n|t:|1700849350\n|start\n|switch|p1a: Fiebre dorada|Gholdengo|100\/100\n|switch|p2a: Volcanion|Volcanion|100\/100\n|turn|1\n|\n|t:|1700849354\n|switch|p1a: GORDITA ROSADA|Blissey, F|100\/100\n|move|p2a: Volcanion|Flamethrower|p1a: GORDITA ROSADA\n|-damage|p1a: GORDITA ROSADA|87\/100\n|\n|-heal|p1a: GORDITA ROSADA|93\/100|[from] item: Leftovers\n|upkeep\n|turn|2\n|\n|t:|1700849360\n|switch|p2a: Glimmora|Glimmora, F|100\/100\n|move|p1a: GORDITA ROSADA|Stealth Rock|p2a: Glimmora\n|-sidestart|p2: Kenetto108|move: Stealth Rock\n|\n|-heal|p1a: GORDITA ROSADA|99\/100|[from] item: Leftovers\n|upkeep\n|turn|3\n|l|\u2606Kenetto108\n|inactive|Kenetto108 disconnected and has a minute to reconnect!\n|player|p2|\n|inactive|Kenetto108 has 30 seconds to reconnect!\n|j|\u2606Kenetto108\n|inactive|Kenetto108 reconnected and has 100 seconds left.\n|player|p2|Kenetto108|lusamine-nihilego\n|\n|t:|1700849416\n|move|p2a: Glimmora|Stealth Rock|p1a: GORDITA ROSADA\n|-sidestart|p1: TheNovato564|move: Stealth Rock\n|move|p1a: GORDITA ROSADA|Thunder Wave|p2a: Glimmora\n|-status|p2a: Glimmora|par\n|\n|-heal|p1a: GORDITA ROSADA|100\/100|[from] item: Leftovers\n|upkeep\n|turn|4\n|\n|t:|1700849423\n|switch|p1a: Fiebre dorada|Gholdengo|100\/100\n|-damage|p1a: Fiebre dorada|94\/100|[from] Stealth Rock\n|move|p2a: Glimmora|Mortal Spin|p1a: Fiebre dorada\n|-immune|p1a: Fiebre dorada\n|\n|upkeep\n|turn|5\n|\n|t:|1700849430\n|switch|p2a: Volcanion|Volcanion|100\/100\n|-damage|p2a: Volcanion|76\/100|[from] Stealth Rock\n|move|p1a: Fiebre dorada|Shadow Ball|p2a: Volcanion\n|-damage|p2a: Volcanion|0 fnt\n|faint|p2a: Volcanion\n|\n|upkeep\n|\n|t:|1700849432\n|switch|p2a: Ribombee|Ribombee, M|100\/100\n|-damage|p2a: Ribombee|76\/100|[from] Stealth Rock\n|turn|6\n|\n|t:|1700849435\n|move|p2a: Ribombee|Sticky Web|p1a: Fiebre dorada\n|-sidestart|p1: TheNovato564|move: Sticky Web\n|move|p1a: Fiebre dorada|Shadow Ball|p2a: Ribombee\n|-damage|p2a: Ribombee|0 fnt\n|faint|p2a: Ribombee\n|\n|upkeep\n|\n|t:|1700849444\n|switch|p2a: Glimmora|Glimmora, F|100\/100 par\n|-damage|p2a: Glimmora|88\/100 par|[from] Stealth Rock\n|turn|7\n|\n|t:|1700849449\n|move|p1a: Fiebre dorada|Shadow Ball|p2a: Glimmora\n|-damage|p2a: Glimmora|20\/100 par\n|-enditem|p2a: Glimmora|Red Card|[of] p1a: Fiebre dorada\n|drag|p1a: Paput|Great Tusk|100\/100\n|-damage|p1a: Paput|98\/100|[from] Stealth Rock\n|-activate|p1a: Paput|move: Sticky Web\n|-unboost|p1a: Paput|spe|1\n|move|p2a: Glimmora|Earth Power|p1a: Paput\n|-damage|p1a: Paput|64\/100\n|\n|-heal|p1a: Paput|70\/100|[from] item: Leftovers\n|upkeep\n|turn|8\n|\n|t:|1700849458\n|switch|p2a: Zapdos|Zapdos|100\/100\n|move|p1a: Paput|Knock Off|p2a: Zapdos\n|-damage|p2a: Zapdos|74\/100\n|-enditem|p2a: Zapdos|Heavy-Duty Boots|[from] move: Knock Off|[of] p1a: Paput\n|\n|-heal|p1a: Paput|76\/100|[from] item: Leftovers\n|upkeep\n|turn|9\n|\n|t:|1700849463\n|-end|p1a: Paput|Protosynthesis|[silent]\n|switch|p1a: GORDITA ROSADA|Blissey, F|100\/100\n|-damage|p1a: GORDITA ROSADA|88\/100|[from] Stealth Rock\n|-activate|p1a: GORDITA ROSADA|move: Sticky Web\n|-unboost|p1a: GORDITA ROSADA|spe|1\n|move|p2a: Zapdos|Hurricane|p1a: GORDITA ROSADA|[miss]\n|-miss|p2a: Zapdos|p1a: GORDITA ROSADA\n|\n|-heal|p1a: GORDITA ROSADA|94\/100|[from] item: Leftovers\n|upkeep\n|turn|10\n|\n|t:|1700849470\n|move|p2a: Zapdos|U-turn|p1a: GORDITA ROSADA\n|-damage|p1a: GORDITA ROSADA|69\/100\n|\n|t:|1700849472\n|switch|p2a: Gholdengo|Gholdengo|100\/100|[from] U-turn\n|-damage|p2a: Gholdengo|94\/100|[from] Stealth Rock\n|move|p1a: GORDITA ROSADA|Seismic Toss|p2a: Gholdengo\n|-immune|p2a: Gholdengo\n|\n|-heal|p2a: Gholdengo|100\/100|[from] item: Leftovers\n|-heal|p1a: GORDITA ROSADA|75\/100|[from] item: Leftovers\n|upkeep\n|turn|11\n|\n|t:|1700849483\n|move|p2a: Gholdengo|Substitute|p2a: Gholdengo\n|-start|p2a: Gholdengo|Substitute\n|-damage|p2a: Gholdengo|75\/100\n|move|p1a: GORDITA ROSADA|Soft-Boiled|p1a: GORDITA ROSADA\n|-heal|p1a: GORDITA ROSADA|100\/100\n|\n|-heal|p2a: Gholdengo|82\/100|[from] item: Leftovers\n|upkeep\n|turn|12\n|\n|t:|1700849488\n|switch|p1a: Fiebre dorada|Gholdengo|94\/100\n|-damage|p1a: Fiebre dorada|88\/100|[from] Stealth Rock\n|-activate|p1a: Fiebre dorada|move: Sticky Web\n|-unboost|p1a: Fiebre dorada|spe|1\n|move|p2a: Gholdengo|Nasty Plot|p2a: Gholdengo\n|-boost|p2a: Gholdengo|spa|2\n|\n|-heal|p2a: Gholdengo|88\/100|[from] item: Leftovers\n|upkeep\n|turn|13\n|\n|t:|1700849492\n|move|p2a: Gholdengo|Hex|p1a: Fiebre dorada\n|-supereffective|p1a: Fiebre dorada\n|-damage|p1a: Fiebre dorada|0 fnt\n|faint|p1a: Fiebre dorada\n|\n|-heal|p2a: Gholdengo|94\/100|[from] item: Leftovers\n|upkeep\n|\n|t:|1700849504\n|switch|p1a: James webb|Iron Moth|100\/100\n|-damage|p1a: James webb|76\/100|[from] Stealth Rock\n|-activate|p1a: James webb|move: Sticky Web\n|-unboost|p1a: James webb|spe|1\n|-enditem|p1a: James webb|Booster Energy\n|-activate|p1a: James webb|ability: Quark Drive|[fromitem]\n|-start|p1a: James webb|quarkdrivespa\n|turn|14\n|\n|t:|1700849507\n|move|p1a: James webb|Fiery Dance|p2a: Gholdengo\n|-supereffective|p2a: Gholdengo\n|-end|p2a: Gholdengo|Substitute\n|-boost|p1a: James webb|spa|1\n|move|p2a: Gholdengo|Hex|p1a: James webb\n|-damage|p1a: James webb|22\/100\n|\n|-heal|p2a: Gholdengo|100\/100|[from] item: Leftovers\n|upkeep\n|turn|15\n|\n|t:|1700849516\n|switch|p2a: Glimmora|Glimmora, F|20\/100 par\n|-damage|p2a: Glimmora|8\/100 par|[from] Stealth Rock\n|move|p1a: James webb|Fiery Dance|p2a: Glimmora\n|-resisted|p2a: Glimmora\n|-damage|p2a: Glimmora|0 fnt\n|faint|p2a: Glimmora\n|\n|upkeep\n|\n|t:|1700849517\n|switch|p2a: Zapdos|Zapdos|74\/100\n|-damage|p2a: Zapdos|49\/100|[from] Stealth Rock\n|turn|16\n|\n|t:|1700849520\n|move|p2a: Zapdos|Discharge|p1a: James webb\n|-damage|p1a: James webb|0 fnt\n|faint|p1a: James webb\n|-end|p1a: James webb|Quark Drive|[silent]\n|\n|upkeep\n|\n|t:|1700849550\n|switch|p1a: La pendiente|Kingambit, M|100\/100\n|-damage|p1a: La pendiente|94\/100|[from] Stealth Rock\n|-activate|p1a: La pendiente|move: Sticky Web\n|-unboost|p1a: La pendiente|spe|1\n|-activate|p1a: La pendiente|ability: Supreme Overlord\n|-start|p1a: La pendiente|fallen2|[silent]\n|turn|17\n|\n|t:|1700849556\n|move|p1a: La pendiente|Sucker Punch||[still]\n|-fail|p1a: La pendiente\n|move|p2a: Zapdos|Roost|p2a: Zapdos\n|-heal|p2a: Zapdos|99\/100\n|-singleturn|p2a: Zapdos|move: Roost\n|\n|upkeep\n|turn|18\n|\n|t:|1700849559\n|move|p1a: La pendiente|Sucker Punch|p2a: Zapdos\n|-damage|p2a: Zapdos|47\/100\n|move|p2a: Zapdos|Discharge|p1a: La pendiente\n|-damage|p1a: La pendiente|60\/100\n|-status|p1a: La pendiente|par\n|\n|upkeep\n|turn|19\n|\n|t:|1700849566\n|move|p2a: Zapdos|U-turn|p1a: La pendiente\n|-damage|p1a: La pendiente|49\/100 par\n|\n|t:|1700849572\n|switch|p2a: Cresselia|Cresselia, F, shiny|100\/100|[from] U-turn\n|-damage|p2a: Cresselia|88\/100|[from] Stealth Rock\n|cant|p1a: La pendiente|par\n|\n|-heal|p2a: Cresselia|94\/100|[from] item: Leftovers\n|upkeep\n|turn|20\n|\n|t:|1700849579\n|move|p2a: Cresselia|Substitute|p2a: Cresselia\n|-start|p2a: Cresselia|Substitute\n|-damage|p2a: Cresselia|69\/100\n|move|p1a: La pendiente|Kowtow Cleave|p2a: Cresselia\n|-supereffective|p2a: Cresselia\n|-end|p2a: Cresselia|Substitute\n|\n|-heal|p2a: Cresselia|75\/100|[from] item: Leftovers\n|upkeep\n|turn|21\n|\n|t:|1700849582\n|move|p2a: Cresselia|Thunderbolt|p1a: La pendiente\n|-damage|p1a: La pendiente|31\/100 par\n|cant|p1a: La pendiente|par\n|\n|-heal|p2a: Cresselia|81\/100|[from] item: Leftovers\n|upkeep\n|turn|22\n|\n|t:|1700849586\n|move|p2a: Cresselia|Substitute|p2a: Cresselia\n|-start|p2a: Cresselia|Substitute\n|-damage|p2a: Cresselia|56\/100\n|move|p1a: La pendiente|Kowtow Cleave|p2a: Cresselia\n|-supereffective|p2a: Cresselia\n|-end|p2a: Cresselia|Substitute\n|\n|-heal|p2a: Cresselia|62\/100|[from] item: Leftovers\n|upkeep\n|turn|23\n|\n|t:|1700849592\n|move|p2a: Cresselia|Calm Mind|p2a: Cresselia\n|-boost|p2a: Cresselia|spa|1\n|-boost|p2a: Cresselia|spd|1\n|move|p1a: La pendiente|Kowtow Cleave|p2a: Cresselia\n|-supereffective|p2a: Cresselia\n|-damage|p2a: Cresselia|0 fnt\n|faint|p2a: Cresselia\n|\n|upkeep\n|\n|t:|1700849594\n|switch|p2a: Zapdos|Zapdos|47\/100\n|-damage|p2a: Zapdos|22\/100|[from] Stealth Rock\n|turn|24\n|\n|t:|1700849598\n|move|p2a: Zapdos|Roost|p2a: Zapdos\n|-heal|p2a: Zapdos|72\/100\n|-singleturn|p2a: Zapdos|move: Roost\n|move|p1a: La pendiente|Kowtow Cleave|p2a: Zapdos\n|-damage|p2a: Zapdos|10\/100\n|\n|upkeep\n|turn|25\n|\n|t:|1700849600\n|cant|p1a: La pendiente|par\n|move|p2a: Zapdos|Roost|p2a: Zapdos\n|-heal|p2a: Zapdos|60\/100\n|-singleturn|p2a: Zapdos|move: Roost\n|\n|upkeep\n|turn|26\n|\n|t:|1700849604\n|move|p1a: La pendiente|Sucker Punch|p2a: Zapdos\n|-damage|p2a: Zapdos|16\/100\n|move|p2a: Zapdos|Discharge|p1a: La pendiente\n|-damage|p1a: La pendiente|0 fnt\n|faint|p1a: La pendiente\n|-end|p1a: La pendiente|fallen2|[silent]\n|\n|upkeep\n|\n|t:|1700849612\n|switch|p1a: Paput|Great Tusk|76\/100\n|-damage|p1a: Paput|73\/100|[from] Stealth Rock\n|-activate|p1a: Paput|move: Sticky Web\n|-unboost|p1a: Paput|spe|1\n|turn|27\n|\n|t:|1700849614\n|move|p2a: Zapdos|Hurricane|p1a: Paput\n|-supereffective|p1a: Paput\n|-damage|p1a: Paput|0 fnt\n|faint|p1a: Paput\n|-end|p1a: Paput|Protosynthesis|[silent]\n|\n|upkeep\n|\n|t:|1700849617\n|switch|p1a: GORDITA ROSADA|Blissey, F|100\/100\n|-damage|p1a: GORDITA ROSADA|88\/100|[from] Stealth Rock\n|-activate|p1a: GORDITA ROSADA|move: Sticky Web\n|-unboost|p1a: GORDITA ROSADA|spe|1\n|turn|28\n|\n|t:|1700849620\n|switch|p1a: The hax|Haxorus, F, shiny|100\/100\n|-damage|p1a: The hax|88\/100|[from] Stealth Rock\n|-activate|p1a: The hax|move: Sticky Web\n|-unboost|p1a: The hax|spe|1\n|-ability|p1a: The hax|Mold Breaker\n|move|p2a: Zapdos|Roost|p2a: Zapdos\n|-heal|p2a: Zapdos|66\/100\n|-singleturn|p2a: Zapdos|move: Roost\n|\n|upkeep\n|turn|29\n|\n|t:|1700849629\n|move|p1a: The hax|Outrage|p2a: Zapdos\n|-damage|p2a: Zapdos|0 fnt\n|faint|p2a: Zapdos\n|\n|upkeep\n|\n|t:|1700849632\n|switch|p2a: Gholdengo|Gholdengo|100\/100\n|-damage|p2a: Gholdengo|94\/100|[from] Stealth Rock\n|turn|30\n|\n|t:|1700849635\n|move|p1a: The hax|Outrage|p2a: Gholdengo|[from]lockedmove\n|-resisted|p2a: Gholdengo\n|-damage|p2a: Gholdengo|60\/100\n|move|p2a: Gholdengo|Substitute|p2a: Gholdengo\n|-start|p2a: Gholdengo|Substitute\n|-damage|p2a: Gholdengo|35\/100\n|\n|-heal|p2a: Gholdengo|41\/100|[from] item: Leftovers\n|upkeep\n|turn|31\n|\n|t:|1700849638\n|move|p1a: The hax|Outrage|p2a: Gholdengo|[from]lockedmove\n|-resisted|p2a: Gholdengo\n|-end|p2a: Gholdengo|Substitute\n|-start|p1a: The hax|confusion|[fatigue]\n|move|p2a: Gholdengo|Nasty Plot|p2a: Gholdengo\n|-boost|p2a: Gholdengo|spa|2\n|\n|-heal|p2a: Gholdengo|48\/100|[from] item: Leftovers\n|upkeep\n|turn|32\n|\n|t:|1700849643\n|-activate|p1a: The hax|confusion\n|move|p1a: The hax|Outrage|p2a: Gholdengo\n|-resisted|p2a: Gholdengo\n|-damage|p2a: Gholdengo|14\/100\n|move|p2a: Gholdengo|Hex|p1a: The hax\n|-damage|p1a: The hax|0 fnt\n|faint|p1a: The hax\n|\n|-heal|p2a: Gholdengo|20\/100|[from] item: Leftovers\n|upkeep\n|\n|t:|1700849646\n|switch|p1a: GORDITA ROSADA|Blissey, F|88\/100\n|-damage|p1a: GORDITA ROSADA|76\/100|[from] Stealth Rock\n|-activate|p1a: GORDITA ROSADA|move: Sticky Web\n|-unboost|p1a: GORDITA ROSADA|spe|1\n|turn|33\n|\n|t:|1700849650\n|move|p2a: Gholdengo|Nasty Plot|p2a: Gholdengo\n|-boost|p2a: Gholdengo|spa|2\n|move|p1a: GORDITA ROSADA|Seismic Toss|p2a: Gholdengo\n|-immune|p2a: Gholdengo\n|\n|-heal|p2a: Gholdengo|26\/100|[from] item: Leftovers\n|-heal|p1a: GORDITA ROSADA|82\/100|[from] item: Leftovers\n|upkeep\n|turn|34\n|\n|t:|1700849653\n|move|p2a: Gholdengo|Nasty Plot|p2a: Gholdengo\n|-boost|p2a: Gholdengo|spa|2\n|move|p1a: GORDITA ROSADA|Seismic Toss|p2a: Gholdengo\n|-immune|p2a: Gholdengo\n|\n|-heal|p2a: Gholdengo|32\/100|[from] item: Leftovers\n|-heal|p1a: GORDITA ROSADA|88\/100|[from] item: Leftovers\n|upkeep\n|turn|35\n|\n|t:|1700849656\n|move|p2a: Gholdengo|Substitute|p2a: Gholdengo\n|-start|p2a: Gholdengo|Substitute\n|-damage|p2a: Gholdengo|7\/100\n|move|p1a: GORDITA ROSADA|Soft-Boiled|p1a: GORDITA ROSADA\n|-heal|p1a: GORDITA ROSADA|100\/100\n|\n|-heal|p2a: Gholdengo|14\/100|[from] item: Leftovers\n|upkeep\n|turn|36\n|\n|t:|1700849658\n|move|p2a: Gholdengo|Tera Blast|p1a: GORDITA ROSADA\n|-damage|p1a: GORDITA ROSADA|72\/100\n|move|p1a: GORDITA ROSADA|Seismic Toss|p2a: Gholdengo\n|-immune|p2a: Gholdengo\n|\n|-heal|p2a: Gholdengo|20\/100|[from] item: Leftovers\n|-heal|p1a: GORDITA ROSADA|78\/100|[from] item: Leftovers\n|upkeep\n|turn|37\n|\n|t:|1700849664\n|move|p2a: Gholdengo|Tera Blast|p1a: GORDITA ROSADA\n|-damage|p1a: GORDITA ROSADA|50\/100\n|move|p1a: GORDITA ROSADA|Seismic Toss|p2a: Gholdengo\n|-immune|p2a: Gholdengo\n|\n|-heal|p2a: Gholdengo|26\/100|[from] item: Leftovers\n|-heal|p1a: GORDITA ROSADA|56\/100|[from] item: Leftovers\n|upkeep\n|turn|38\n|\n|t:|1700849669\n|-terastallize|p2a: Gholdengo|Fighting\n|move|p2a: Gholdengo|Tera Blast|p1a: GORDITA ROSADA|[anim] Tera Blast Fighting\n|-supereffective|p1a: GORDITA ROSADA\n|-damage|p1a: GORDITA ROSADA|0 fnt\n|faint|p1a: GORDITA ROSADA\n|\n|win|Kenetto108\n|raw|TheNovato564's rating: 1399 &rarr; <strong>1382<\/strong><br \/>(-17 for losing)\n|raw|Kenetto108's rating: 1450 &rarr; <strong>1467<\/strong><br \/>(+17 for winning)\n|l|\u2606TheNovato564\n|c|\u2606Kenetto108|Gg\n","uploadtime":1700849676,"views":1,"p1id":"thenovato564","p2id":"kenetto108","formatid":"gen9ou","rating":1382,"private":0,"password":""}