{"id":"gen9ou-1988462311","p1":"Knightmayre","p2":"Newster45","format":"[Gen 9] OU","log":"|j|\u2606Knightmayre\n|j|\u2606Newster45\n|t:|1699725521\n|gametype|singles\n|player|p1|Knightmayre|camper|1283\n|player|p2|Newster45|169|1299\n|teamsize|p1|6\n|teamsize|p2|6\n|gen|9\n|tier|[Gen 9] OU\n|rated|\n|rule|Sleep Clause Mod: Limit one foe put to sleep\n|rule|Species Clause: Limit one of each Pok\u00e9mon\n|rule|OHKO Clause: OHKO moves are banned\n|rule|Evasion Items Clause: Evasion items are banned\n|rule|Evasion Moves Clause: Evasion moves are banned\n|rule|Endless Battle Clause: Forcing endless battles is banned\n|rule|HP Percentage Mod: HP is shown in percentages\n|clearpoke\n|poke|p1|Sinistcha-Masterpiece|\n|poke|p1|Dondozo, M|\n|poke|p1|Talonflame, F|\n|poke|p1|Gliscor, M|\n|poke|p1|Blissey, F|\n|poke|p1|Toxapex, M|\n|poke|p2|Gliscor, F|\n|poke|p2|Kommo-o, M|\n|poke|p2|Greninja-*, M|\n|poke|p2|Glimmora, F|\n|poke|p2|Cinderace, F|\n|poke|p2|Kingambit, M|\n|teampreview\n|inactive|Battle timer is ON: inactive players will automatically lose when time's up. (requested by Knightmayre)\n|\n|t:|1699725531\n|start\n|switch|p1a: Gliscor|Gliscor, M|100\/100\n|switch|p2a: Glimmora|Glimmora, F, shiny|100\/100\n|turn|1\n|\n|t:|1699725538\n|switch|p2a: Gliscor|Gliscor, F, shiny|100\/100\n|move|p1a: Gliscor|Protect||[still]\n|-fail|p1a: Gliscor\n|\n|-status|p2a: Gliscor|tox|[from] item: Toxic Orb\n|-status|p1a: Gliscor|tox|[from] item: Toxic Orb\n|upkeep\n|turn|2\n|\n|t:|1699725547\n|move|p2a: Gliscor|Facade|p1a: Gliscor\n|-damage|p1a: Gliscor|82\/100 tox\n|move|p1a: Gliscor|Spikes|p2a: Gliscor\n|-sidestart|p2: Newster45|Spikes\n|\n|-heal|p1a: Gliscor|94\/100 tox|[from] ability: Poison Heal\n|upkeep\n|turn|3\n|\n|t:|1699725557\n|move|p2a: Gliscor|Swords Dance|p2a: Gliscor\n|-boost|p2a: Gliscor|atk|2\n|move|p1a: Gliscor|Spikes|p2a: Gliscor\n|-sidestart|p2: Newster45|Spikes\n|\n|-heal|p1a: Gliscor|100\/100 tox|[from] ability: Poison Heal\n|upkeep\n|turn|4\n|\n|t:|1699725569\n|switch|p1a: Dondozo|Dondozo, M|100\/100\n|move|p2a: Gliscor|Swords Dance|p2a: Gliscor\n|-boost|p2a: Gliscor|atk|2\n|\n|upkeep\n|turn|5\n|\n|t:|1699725576\n|move|p2a: Gliscor|Protect|p2a: Gliscor\n|-singleturn|p2a: Gliscor|Protect\n|move|p1a: Dondozo|Avalanche|p2a: Gliscor\n|-activate|p2a: Gliscor|move: Protect\n|\n|upkeep\n|turn|6\n|\n|t:|1699725588\n|switch|p2a: Cinderace|Cinderace, F, shiny|100\/100\n|move|p1a: Dondozo|Avalanche|p2a: Cinderace\n|-resisted|p2a: Cinderace\n|-damage|p2a: Cinderace|92\/100\n|\n|upkeep\n|turn|7\n|\n|t:|1699725595\n|move|p2a: Cinderace|Court Change|p2a: Cinderace\n|-swapsideconditions\n|-activate|p2a: Cinderace|move: Court Change\n|move|p1a: Dondozo|Body Press|p2a: Cinderace\n|-damage|p2a: Cinderace|56\/100\n|\n|upkeep\n|turn|8\n|\n|t:|1699725607\n|switch|p1a: Gliscor|Gliscor, M|100\/100 tox\n|move|p2a: Cinderace|Will-O-Wisp||[still]\n|-fail|p2a: Cinderace\n|\n|upkeep\n|turn|9\n|\n|t:|1699725613\n|move|p2a: Cinderace|U-turn|p1a: Gliscor\n|-resisted|p1a: Gliscor\n|-damage|p1a: Gliscor|95\/100 tox\n|\n|t:|1699725616\n|switch|p2a: Greninja|Greninja, M|100\/100|[from] U-turn\n|move|p1a: Gliscor|Spikes|p2a: Greninja\n|-sidestart|p2: Newster45|Spikes\n|\n|-heal|p1a: Gliscor|100\/100 tox|[from] ability: Poison Heal\n|upkeep\n|turn|10\n|\n|t:|1699725625\n|switch|p1a: Toxapex|Toxapex, M|100\/100\n|move|p2a: Greninja|Ice Beam|p1a: Toxapex\n|-resisted|p1a: Toxapex\n|-damage|p1a: Toxapex|88\/100\n|\n|upkeep\n|turn|11\n|\n|t:|1699725635\n|switch|p2a: Kommo-o|Kommo-o, M, shiny|100\/100\n|-damage|p2a: Kommo-o|88\/100|[from] Spikes\n|move|p1a: Toxapex|Toxic|p2a: Kommo-o\n|-status|p2a: Kommo-o|tox\n|\n|-heal|p2a: Kommo-o|94\/100 tox|[from] item: Leftovers\n|-damage|p2a: Kommo-o|88\/100 tox|[from] psn\n|upkeep\n|turn|12\n|\n|t:|1699725646\n|switch|p1a: Blissey|Blissey, F|100\/100\n|move|p2a: Kommo-o|Bulk Up|p2a: Kommo-o\n|-boost|p2a: Kommo-o|atk|1\n|-boost|p2a: Kommo-o|def|1\n|\n|-heal|p2a: Kommo-o|94\/100 tox|[from] item: Leftovers\n|-damage|p2a: Kommo-o|82\/100 tox|[from] psn\n|upkeep\n|turn|13\n|\n|t:|1699725656\n|switch|p1a: Dondozo|Dondozo, M|100\/100\n|move|p2a: Kommo-o|Drain Punch|p1a: Dondozo\n|-damage|p1a: Dondozo|84\/100\n|-heal|p2a: Kommo-o|95\/100 tox|[from] drain|[of] p1a: Dondozo\n|\n|-heal|p2a: Kommo-o|100\/100 tox|[from] item: Leftovers\n|-damage|p2a: Kommo-o|82\/100 tox|[from] psn\n|upkeep\n|turn|14\n|\n|t:|1699725668\n|switch|p2a: Cinderace|Cinderace, F, shiny|56\/100\n|move|p1a: Dondozo|Avalanche|p2a: Cinderace\n|-resisted|p2a: Cinderace\n|-damage|p2a: Cinderace|47\/100\n|\n|upkeep\n|turn|15\n|\n|t:|1699725679\n|switch|p1a: Gliscor|Gliscor, M|100\/100 tox\n|move|p2a: Cinderace|U-turn|p1a: Gliscor\n|-resisted|p1a: Gliscor\n|-damage|p1a: Gliscor|95\/100 tox\n|\n|t:|1699725684\n|switch|p2a: Greninja|Greninja, M|100\/100|[from] U-turn\n|-damage|p2a: Greninja|88\/100|[from] Spikes\n|\n|-heal|p1a: Gliscor|100\/100 tox|[from] ability: Poison Heal\n|upkeep\n|turn|16\n|\n|t:|1699725693\n|switch|p1a: Blissey|Blissey, F|100\/100\n|move|p2a: Greninja|Chilling Water|p1a: Blissey\n|-damage|p1a: Blissey|91\/100\n|-unboost|p1a: Blissey|atk|1\n|\n|upkeep\n|turn|17\n|\n|t:|1699725702\n|switch|p2a: Gliscor|Gliscor, F, shiny|100\/100 tox\n|move|p1a: Blissey|Stealth Rock|p2a: Gliscor\n|-sidestart|p2: Newster45|move: Stealth Rock\n|\n|upkeep\n|turn|18\n|\n|t:|1699725709\n|switch|p1a: Gliscor|Gliscor, M|100\/100 tox\n|move|p2a: Gliscor|Swords Dance|p2a: Gliscor\n|-boost|p2a: Gliscor|atk|2\n|\n|upkeep\n|turn|19\n|\n|t:|1699725716\n|switch|p1a: Dondozo|Dondozo, M|84\/100\n|move|p2a: Gliscor|Facade|p1a: Dondozo\n|-damage|p1a: Dondozo|70\/100\n|\n|upkeep\n|turn|20\n|\n|t:|1699725724\n|switch|p2a: Cinderace|Cinderace, F, shiny|47\/100\n|move|p1a: Dondozo|Body Press|p2a: Cinderace\n|-damage|p2a: Cinderace|11\/100\n|\n|upkeep\n|turn|21\n|\n|t:|1699725732\n|move|p2a: Cinderace|Will-O-Wisp|p1a: Dondozo\n|-status|p1a: Dondozo|brn\n|move|p1a: Dondozo|Body Press|p2a: Cinderace\n|-damage|p2a: Cinderace|0 fnt\n|faint|p2a: Cinderace\n|\n|-damage|p1a: Dondozo|64\/100 brn|[from] brn\n|upkeep\n|\n|t:|1699725740\n|switch|p2a: Glimmora|Glimmora, F, shiny|100\/100\n|-damage|p2a: Glimmora|88\/100|[from] Spikes\n|-damage|p2a: Glimmora|76\/100|[from] Stealth Rock\n|turn|22\n|\n|t:|1699725758\n|switch|p1a: Blissey|Blissey, F|91\/100\n|move|p2a: Glimmora|Energy Ball|p1a: Blissey\n|-damage|p1a: Blissey|81\/100\n|-unboost|p1a: Blissey|spd|1\n|\n|upkeep\n|turn|23\n|\n|t:|1699725767\n|move|p2a: Glimmora|Stealth Rock|p1a: Blissey\n|-sidestart|p1: Knightmayre|move: Stealth Rock\n|move|p1a: Blissey|Shadow Ball|p2a: Glimmora\n|-damage|p2a: Glimmora|58\/100\n|\n|upkeep\n|turn|24\n|\n|t:|1699725778\n|switch|p2a: Gliscor|Gliscor, F, shiny|100\/100 tox\n|-damage|p2a: Gliscor|88\/100 tox|[from] Stealth Rock\n|move|p1a: Blissey|Calm Mind|p1a: Blissey\n|-boost|p1a: Blissey|spa|1\n|-boost|p1a: Blissey|spd|1\n|\n|-heal|p2a: Gliscor|100\/100 tox|[from] ability: Poison Heal\n|upkeep\n|turn|25\n|\n|t:|1699725788\n|switch|p1a: Gliscor|Gliscor, M|100\/100 tox\n|-damage|p1a: Gliscor|88\/100 tox|[from] Stealth Rock\n|move|p2a: Gliscor|Swords Dance|p2a: Gliscor\n|-boost|p2a: Gliscor|atk|2\n|\n|-heal|p1a: Gliscor|100\/100 tox|[from] ability: Poison Heal\n|upkeep\n|turn|26\n|\n|t:|1699725797\n|switch|p1a: Dondozo|Dondozo, M|64\/100 brn\n|move|p2a: Gliscor|Facade|p1a: Dondozo\n|-crit|p1a: Dondozo\n|-damage|p1a: Dondozo|42\/100 brn\n|\n|-damage|p1a: Dondozo|36\/100 brn|[from] brn\n|upkeep\n|turn|27\n|\n|t:|1699725806\n|switch|p2a: Glimmora|Glimmora, F, shiny|58\/100\n|-damage|p2a: Glimmora|46\/100|[from] Spikes\n|-damage|p2a: Glimmora|33\/100|[from] Stealth Rock\n|move|p1a: Dondozo|Rest|p1a: Dondozo\n|-status|p1a: Dondozo|slp|[from] move: Rest\n|-heal|p1a: Dondozo|100\/100 slp|[silent]\n|\n|upkeep\n|turn|28\n|\n|t:|1699725817\n|switch|p1a: Blissey|Blissey, F|81\/100\n|move|p2a: Glimmora|Energy Ball|p1a: Blissey\n|-damage|p1a: Blissey|72\/100\n|\n|upkeep\n|turn|29\n|\n|t:|1699725824\n|move|p2a: Glimmora|Mortal Spin|p1a: Blissey\n|-damage|p1a: Blissey|66\/100\n|-status|p1a: Blissey|psn\n|-sideend|p2: Newster45|Spikes|[from] move: Mortal Spin|[of] p2a: Glimmora\n|-sideend|p2: Newster45|Stealth Rock|[from] move: Mortal Spin|[of] p2a: Glimmora\n|move|p1a: Blissey|Shadow Ball|p2a: Glimmora\n|-damage|p2a: Glimmora|15\/100\n|-unboost|p2a: Glimmora|spd|1\n|\n|-damage|p1a: Blissey|54\/100 psn|[from] psn\n|upkeep\n|turn|30\n|\n|t:|1699725838\n|move|p2a: Glimmora|Mortal Spin|p1a: Blissey\n|-damage|p1a: Blissey|48\/100 psn\n|move|p1a: Blissey|Soft-Boiled|p1a: Blissey\n|-heal|p1a: Blissey|98\/100 psn\n|\n|-damage|p1a: Blissey|86\/100 psn|[from] psn\n|upkeep\n|turn|31\n|\n|t:|1699725856\n|move|p2a: Glimmora|Mortal Spin|p1a: Blissey\n|-damage|p1a: Blissey|80\/100 psn\n|move|p1a: Blissey|Shadow Ball|p2a: Glimmora\n|-damage|p2a: Glimmora|0 fnt\n|faint|p2a: Glimmora\n|\n|-damage|p1a: Blissey|68\/100 psn|[from] psn\n|upkeep\n|\n|t:|1699725865\n|switch|p2a: Kingambit|Kingambit, M, shiny|100\/100\n|-activate|p2a: Kingambit|ability: Supreme Overlord\n|-start|p2a: Kingambit|fallen2|[silent]\n|turn|32\n|\n|t:|1699725871\n|-curestatus|p1a: Blissey|psn|[from] ability: Natural Cure\n|switch|p1a: Dondozo|Dondozo, M|100\/100 slp\n|move|p2a: Kingambit|Swords Dance|p2a: Kingambit\n|-boost|p2a: Kingambit|atk|2\n|\n|upkeep\n|turn|33\n|\n|t:|1699725878\n|move|p2a: Kingambit|Kowtow Cleave|p1a: Dondozo\n|-damage|p1a: Dondozo|73\/100 slp\n|cant|p1a: Dondozo|slp\n|move|p1a: Dondozo|Sleep Talk|p1a: Dondozo\n|move|p1a: Dondozo|Avalanche|p2a: Kingambit|[from]move: Sleep Talk\n|-resisted|p2a: Kingambit\n|-damage|p2a: Kingambit|89\/100\n|\n|-heal|p2a: Kingambit|95\/100|[from] item: Leftovers\n|upkeep\n|turn|34\n|\n|t:|1699725890\n|move|p2a: Kingambit|Kowtow Cleave|p1a: Dondozo\n|-damage|p1a: Dondozo|44\/100 slp\n|cant|p1a: Dondozo|slp\n|move|p1a: Dondozo|Sleep Talk|p1a: Dondozo\n|move|p1a: Dondozo|Avalanche|p2a: Kingambit|[from]move: Sleep Talk\n|-resisted|p2a: Kingambit\n|-damage|p2a: Kingambit|83\/100\n|\n|-heal|p2a: Kingambit|89\/100|[from] item: Leftovers\n|upkeep\n|turn|35\n|\n|t:|1699725902\n|-terastallize|p2a: Kingambit|Fire\n|move|p2a: Kingambit|Kowtow Cleave|p1a: Dondozo\n|-damage|p1a: Dondozo|19\/100 slp\n|-curestatus|p1a: Dondozo|slp|[msg]\n|move|p1a: Dondozo|Rest|p1a: Dondozo\n|-status|p1a: Dondozo|slp|[from] move: Rest\n|-heal|p1a: Dondozo|100\/100 slp|[silent]\n|\n|-heal|p2a: Kingambit|95\/100|[from] item: Leftovers\n|upkeep\n|turn|36\n|\n|t:|1699725927\n|move|p2a: Kingambit|Kowtow Cleave|p1a: Dondozo\n|-damage|p1a: Dondozo|75\/100 slp\n|cant|p1a: Dondozo|slp\n|move|p1a: Dondozo|Sleep Talk|p1a: Dondozo\n|move|p1a: Dondozo|Avalanche|p2a: Kingambit|[from]move: Sleep Talk\n|-resisted|p2a: Kingambit\n|-damage|p2a: Kingambit|84\/100\n|\n|-heal|p2a: Kingambit|90\/100|[from] item: Leftovers\n|upkeep\n|turn|37\n|\n|t:|1699725937\n|move|p2a: Kingambit|Kowtow Cleave|p1a: Dondozo\n|-damage|p1a: Dondozo|49\/100 slp\n|cant|p1a: Dondozo|slp\n|move|p1a: Dondozo|Sleep Talk|p1a: Dondozo\n|move|p1a: Dondozo|Rest||[from]move: Sleep Talk|[still]\n|-fail|p1a: Dondozo\n|\n|-heal|p2a: Kingambit|96\/100|[from] item: Leftovers\n|upkeep\n|turn|38\n|\n|t:|1699725947\n|move|p2a: Kingambit|Kowtow Cleave|p1a: Dondozo\n|-damage|p1a: Dondozo|20\/100 slp\n|-curestatus|p1a: Dondozo|slp|[msg]\n|move|p1a: Dondozo|Rest|p1a: Dondozo\n|-status|p1a: Dondozo|slp|[from] move: Rest\n|-heal|p1a: Dondozo|100\/100 slp|[silent]\n|\n|-heal|p2a: Kingambit|100\/100|[from] item: Leftovers\n|upkeep\n|turn|39\n|\n|t:|1699725959\n|move|p2a: Kingambit|Kowtow Cleave|p1a: Dondozo\n|-damage|p1a: Dondozo|72\/100 slp\n|cant|p1a: Dondozo|slp\n|move|p1a: Dondozo|Sleep Talk|p1a: Dondozo\n|move|p1a: Dondozo|Avalanche|p2a: Kingambit|[from]move: Sleep Talk\n|-resisted|p2a: Kingambit\n|-damage|p2a: Kingambit|89\/100\n|\n|-heal|p2a: Kingambit|95\/100|[from] item: Leftovers\n|upkeep\n|turn|40\n|\n|t:|1699725969\n|move|p2a: Kingambit|Kowtow Cleave|p1a: Dondozo\n|-damage|p1a: Dondozo|47\/100 slp\n|cant|p1a: Dondozo|slp\n|move|p1a: Dondozo|Sleep Talk|p1a: Dondozo\n|move|p1a: Dondozo|Rest||[from]move: Sleep Talk|[still]\n|-fail|p1a: Dondozo\n|\n|-heal|p2a: Kingambit|100\/100|[from] item: Leftovers\n|upkeep\n|turn|41\n|\n|t:|1699725979\n|move|p2a: Kingambit|Kowtow Cleave|p1a: Dondozo\n|-damage|p1a: Dondozo|20\/100 slp\n|-curestatus|p1a: Dondozo|slp|[msg]\n|move|p1a: Dondozo|Rest|p1a: Dondozo\n|-status|p1a: Dondozo|slp|[from] move: Rest\n|-heal|p1a: Dondozo|100\/100 slp|[silent]\n|\n|upkeep\n|turn|42\n|c|\u2606Newster45|its funny fdp\n|\n|t:|1699725997\n|move|p2a: Kingambit|Iron Head|p1a: Dondozo\n|-resisted|p1a: Dondozo\n|-damage|p1a: Dondozo|88\/100 slp\n|cant|p1a: Dondozo|slp\n|move|p1a: Dondozo|Sleep Talk|p1a: Dondozo\n|move|p1a: Dondozo|Avalanche|p2a: Kingambit|[from]move: Sleep Talk\n|-resisted|p2a: Kingambit\n|-damage|p2a: Kingambit|89\/100\n|\n|-heal|p2a: Kingambit|95\/100|[from] item: Leftovers\n|upkeep\n|turn|43\n|\n|t:|1699726009\n|move|p2a: Kingambit|Iron Head|p1a: Dondozo\n|-resisted|p1a: Dondozo\n|-damage|p1a: Dondozo|75\/100 slp\n|cant|p1a: Dondozo|slp\n|move|p1a: Dondozo|Sleep Talk|p1a: Dondozo\n|move|p1a: Dondozo|Rest||[from]move: Sleep Talk|[still]\n|-fail|p1a: Dondozo\n|\n|-heal|p2a: Kingambit|100\/100|[from] item: Leftovers\n|upkeep\n|turn|44\n|\n|t:|1699726018\n|move|p2a: Kingambit|Iron Head|p1a: Dondozo\n|-resisted|p1a: Dondozo\n|-damage|p1a: Dondozo|63\/100 slp\n|-curestatus|p1a: Dondozo|slp|[msg]\n|cant|p1a: Dondozo|flinch\n|\n|upkeep\n|turn|45\n|\n|t:|1699726026\n|move|p2a: Kingambit|Iron Head|p1a: Dondozo\n|-resisted|p1a: Dondozo\n|-damage|p1a: Dondozo|51\/100\n|move|p1a: Dondozo|Body Press|p2a: Kingambit\n|-damage|p2a: Kingambit|77\/100\n|\n|-heal|p2a: Kingambit|83\/100|[from] item: Leftovers\n|upkeep\n|turn|46\n|\n|t:|1699726034\n|move|p2a: Kingambit|Kowtow Cleave|p1a: Dondozo\n|-damage|p1a: Dondozo|26\/100\n|move|p1a: Dondozo|Rest|p1a: Dondozo\n|-status|p1a: Dondozo|slp|[from] move: Rest\n|-heal|p1a: Dondozo|100\/100 slp|[silent]\n|\n|-heal|p2a: Kingambit|89\/100|[from] item: Leftovers\n|upkeep\n|turn|47\n|\n|t:|1699726052\n|move|p2a: Kingambit|Iron Head|p1a: Dondozo\n|-resisted|p1a: Dondozo\n|-damage|p1a: Dondozo|87\/100 slp\n|cant|p1a: Dondozo|slp\n|cant|p1a: Dondozo|flinch\n|\n|-heal|p2a: Kingambit|95\/100|[from] item: Leftovers\n|upkeep\n|turn|48\n|\n|t:|1699726065\n|move|p2a: Kingambit|Iron Head|p1a: Dondozo\n|-resisted|p1a: Dondozo\n|-damage|p1a: Dondozo|75\/100 slp\n|cant|p1a: Dondozo|slp\n|move|p1a: Dondozo|Sleep Talk|p1a: Dondozo\n|move|p1a: Dondozo|Body Press|p2a: Kingambit|[from]move: Sleep Talk\n|-damage|p2a: Kingambit|71\/100\n|\n|-heal|p2a: Kingambit|77\/100|[from] item: Leftovers\n|upkeep\n|turn|49\n|\n|t:|1699726077\n|switch|p1a: Toxapex|Toxapex, M|100\/100\n|move|p2a: Kingambit|Iron Head|p1a: Toxapex\n|-resisted|p1a: Toxapex\n|-damage|p1a: Toxapex|58\/100\n|\n|-heal|p2a: Kingambit|83\/100|[from] item: Leftovers\n|upkeep\n|turn|50\n|\n|t:|1699726090\n|-terastallize|p1a: Toxapex|Steel\n|move|p2a: Kingambit|Kowtow Cleave|p1a: Toxapex\n|-damage|p1a: Toxapex|0 fnt\n|faint|p1a: Toxapex\n|\n|-heal|p2a: Kingambit|89\/100|[from] item: Leftovers\n|upkeep\n|\n|t:|1699726099\n|switch|p1a: Gliscor|Gliscor, M|100\/100 tox\n|-damage|p1a: Gliscor|88\/100 tox|[from] Stealth Rock\n|turn|51\n|\n|t:|1699726105\n|move|p2a: Kingambit|Sucker Punch|p1a: Gliscor\n|-damage|p1a: Gliscor|29\/100 tox\n|move|p1a: Gliscor|Knock Off|p2a: Kingambit\n|-damage|p2a: Kingambit|73\/100\n|-enditem|p2a: Kingambit|Leftovers|[from] move: Knock Off|[of] p1a: Gliscor\n|\n|-heal|p1a: Gliscor|42\/100 tox|[from] ability: Poison Heal\n|upkeep\n|turn|52\n|\n|t:|1699726115\n|move|p1a: Gliscor|Protect|p1a: Gliscor\n|-singleturn|p1a: Gliscor|Protect\n|move|p2a: Kingambit|Kowtow Cleave|p1a: Gliscor\n|-activate|p1a: Gliscor|move: Protect\n|\n|-heal|p1a: Gliscor|54\/100 tox|[from] ability: Poison Heal\n|upkeep\n|turn|53\n|\n|t:|1699726125\n|switch|p1a: Dondozo|Dondozo, M|75\/100 slp\n|move|p2a: Kingambit|Sucker Punch||[still]\n|-fail|p2a: Kingambit\n|\n|upkeep\n|turn|54\n|\n|t:|1699726132\n|move|p2a: Kingambit|Iron Head|p1a: Dondozo\n|-resisted|p1a: Dondozo\n|-damage|p1a: Dondozo|62\/100 slp\n|-curestatus|p1a: Dondozo|slp|[msg]\n|move|p1a: Dondozo|Sleep Talk||[still]\n|-fail|p1a: Dondozo\n|\n|upkeep\n|turn|55\n|\n|t:|1699726139\n|move|p2a: Kingambit|Kowtow Cleave|p1a: Dondozo\n|-damage|p1a: Dondozo|34\/100\n|move|p1a: Dondozo|Body Press|p2a: Kingambit\n|-damage|p2a: Kingambit|50\/100\n|\n|upkeep\n|turn|56\n|\n|t:|1699726148\n|move|p2a: Kingambit|Iron Head|p1a: Dondozo\n|-resisted|p1a: Dondozo\n|-damage|p1a: Dondozo|22\/100\n|move|p1a: Dondozo|Rest|p1a: Dondozo\n|-status|p1a: Dondozo|slp|[from] move: Rest\n|-heal|p1a: Dondozo|100\/100 slp|[silent]\n|\n|upkeep\n|turn|57\n|\n|t:|1699726166\n|-end|p2a: Kingambit|fallen2|[silent]\n|switch|p2a: Greninja|Greninja, M|88\/100\n|cant|p1a: Dondozo|slp\n|move|p1a: Dondozo|Sleep Talk|p1a: Dondozo\n|move|p1a: Dondozo|Rest||[from]move: Sleep Talk|[still]\n|-fail|p1a: Dondozo\n|\n|upkeep\n|turn|58\n|\n|t:|1699726175\n|switch|p1a: Blissey|Blissey, F|68\/100\n|move|p2a: Greninja|Hydro Pump|p1a: Blissey\n|-damage|p1a: Blissey|46\/100\n|\n|upkeep\n|turn|59\n|\n|t:|1699726181\n|switch|p2a: Kommo-o|Kommo-o, M, shiny|82\/100 tox\n|move|p1a: Blissey|Stealth Rock|p2a: Kommo-o\n|-sidestart|p2: Newster45|move: Stealth Rock\n|\n|-heal|p2a: Kommo-o|88\/100 tox|[from] item: Leftovers\n|-damage|p2a: Kommo-o|82\/100 tox|[from] psn\n|upkeep\n|turn|60\n|\n|t:|1699726190\n|switch|p1a: Gliscor|Gliscor, M|54\/100 tox\n|-damage|p1a: Gliscor|42\/100 tox|[from] Stealth Rock\n|move|p2a: Kommo-o|Drain Punch|p1a: Gliscor\n|-resisted|p1a: Gliscor\n|-damage|p1a: Gliscor|31\/100 tox\n|-heal|p2a: Kommo-o|88\/100 tox|[from] drain|[of] p1a: Gliscor\n|\n|-heal|p2a: Kommo-o|94\/100 tox|[from] item: Leftovers\n|-heal|p1a: Gliscor|43\/100 tox|[from] ability: Poison Heal\n|-damage|p2a: Kommo-o|81\/100 tox|[from] psn\n|upkeep\n|turn|61\n|\n|t:|1699726203\n|move|p1a: Gliscor|Protect|p1a: Gliscor\n|-singleturn|p1a: Gliscor|Protect\n|move|p2a: Kommo-o|Bulk Up|p2a: Kommo-o\n|-boost|p2a: Kommo-o|atk|1\n|-boost|p2a: Kommo-o|def|1\n|\n|-heal|p2a: Kommo-o|88\/100 tox|[from] item: Leftovers\n|-heal|p1a: Gliscor|56\/100 tox|[from] ability: Poison Heal\n|-damage|p2a: Kommo-o|69\/100 tox|[from] psn\n|upkeep\n|turn|62\n|\n|t:|1699726214\n|move|p1a: Gliscor|Spikes|p2a: Kommo-o\n|-sidestart|p2: Newster45|Spikes\n|move|p2a: Kommo-o|Drain Punch|p1a: Gliscor\n|-resisted|p1a: Gliscor\n|-damage|p1a: Gliscor|41\/100 tox\n|-heal|p2a: Kommo-o|77\/100 tox|[from] drain|[of] p1a: Gliscor\n|\n|-heal|p2a: Kommo-o|84\/100 tox|[from] item: Leftovers\n|-heal|p1a: Gliscor|53\/100 tox|[from] ability: Poison Heal\n|-damage|p2a: Kommo-o|59\/100 tox|[from] psn\n|upkeep\n|turn|63\n|\n|t:|1699726225\n|switch|p2a: Greninja|Greninja, M|88\/100\n|-damage|p2a: Greninja|76\/100|[from] Stealth Rock\n|-damage|p2a: Greninja|63\/100|[from] Spikes\n|move|p1a: Gliscor|Protect||[still]\n|-fail|p1a: Gliscor\n|\n|-heal|p1a: Gliscor|66\/100 tox|[from] ability: Poison Heal\n|upkeep\n|turn|64\n|\n|t:|1699726235\n|switch|p1a: Blissey|Blissey, F|46\/100\n|move|p2a: Greninja|U-turn|p1a: Blissey\n|-damage|p1a: Blissey|31\/100\n|\n|t:|1699726240\n|switch|p2a: Kommo-o|Kommo-o, M, shiny|59\/100 tox|[from] U-turn\n|-damage|p2a: Kommo-o|53\/100 tox|[from] Stealth Rock\n|-damage|p2a: Kommo-o|40\/100 tox|[from] Spikes\n|\n|-heal|p2a: Kommo-o|46\/100 tox|[from] item: Leftovers\n|-damage|p2a: Kommo-o|40\/100 tox|[from] psn\n|upkeep\n|turn|65\n|\n|t:|1699726252\n|switch|p2a: Greninja|Greninja, M|63\/100\n|-damage|p2a: Greninja|51\/100|[from] Stealth Rock\n|-damage|p2a: Greninja|39\/100|[from] Spikes\n|switch|p1a: Gliscor|Gliscor, M|66\/100 tox\n|-damage|p1a: Gliscor|53\/100 tox|[from] Stealth Rock\n|\n|-heal|p1a: Gliscor|66\/100 tox|[from] ability: Poison Heal\n|upkeep\n|turn|66\n|\n|t:|1699726263\n|move|p1a: Gliscor|Protect|p1a: Gliscor\n|-singleturn|p1a: Gliscor|Protect\n|move|p2a: Greninja|Ice Beam|p1a: Gliscor\n|-activate|p1a: Gliscor|move: Protect\n|\n|-heal|p1a: Gliscor|78\/100 tox|[from] ability: Poison Heal\n|upkeep\n|turn|67\n|\n|t:|1699726278\n|switch|p1a: Talonflame|Talonflame, F|100\/100\n|move|p2a: Greninja|Ice Beam|p1a: Talonflame\n|-damage|p1a: Talonflame|50\/100\n|-status|p1a: Talonflame|frz\n|\n|upkeep\n|turn|68\n|\n|t:|1699726285\n|move|p2a: Greninja|Ice Beam|p1a: Talonflame\n|-damage|p1a: Talonflame|0 fnt\n|faint|p1a: Talonflame\n|-ability|p2a: Greninja|Battle Bond|boost\n|-boost|p2a: Greninja|atk|1\n|-boost|p2a: Greninja|spa|1\n|-boost|p2a: Greninja|spe|1\n|-activate|p2a: Greninja|ability: Battle Bond\n|\n|upkeep\n|\n|t:|1699726293\n|switch|p1a: Dondozo|Dondozo, M|100\/100 slp\n|turn|69\n|\n|t:|1699726297\n|move|p2a: Greninja|Ice Beam|p1a: Dondozo\n|-resisted|p1a: Dondozo\n|-damage|p1a: Dondozo|80\/100 slp\n|cant|p1a: Dondozo|slp\n|move|p1a: Dondozo|Sleep Talk|p1a: Dondozo\n|move|p1a: Dondozo|Body Press|p2a: Greninja|[from]move: Sleep Talk\n|-supereffective|p2a: Greninja\n|-damage|p2a: Greninja|0 fnt\n|faint|p2a: Greninja\n|\n|upkeep\n|\n|t:|1699726307\n|switch|p2a: Kingambit|Kingambit, M, shiny, tera:Fire|50\/100\n|-damage|p2a: Kingambit|25\/100|[from] Stealth Rock\n|-damage|p2a: Kingambit|12\/100|[from] Spikes\n|-activate|p2a: Kingambit|ability: Supreme Overlord\n|-start|p2a: Kingambit|fallen3|[silent]\n|turn|70\n|\n|t:|1699726313\n|move|p2a: Kingambit|Kowtow Cleave|p1a: Dondozo\n|-damage|p1a: Dondozo|52\/100 slp\n|-curestatus|p1a: Dondozo|slp|[msg]\n|move|p1a: Dondozo|Body Press|p2a: Kingambit\n|-damage|p2a: Kingambit|0 fnt\n|faint|p2a: Kingambit\n|-end|p2a: Kingambit|fallen3|[silent]\n|\n|upkeep\n|c|\u2606Newster45|team verry no life\n|c|\u2606Newster45|ta mere vas est morte fdp\n|inactive|Newster45 has 120 seconds left.\n|-message|Newster45 forfeited.\n|\n|win|Knightmayre\n|raw|Knightmayre's rating: 1283 &rarr; <strong>1309<\/strong><br \/>(+26 for winning)\n|raw|Newster45's rating: 1299 &rarr; <strong>1273<\/strong><br \/>(-26 for losing)\n","uploadtime":1699726341,"views":13,"p1id":"knightmayre","p2id":"newster45","formatid":"gen9ou","rating":1273,"private":0,"password":""}