{"id":"gen9ou-1993817638","p1":"MetalMetalCharz","p2":"Gucciwizardrobes","format":"[Gen 9] OU","log":"|j|\u2606MetalMetalCharz\n|j|\u2606Gucciwizardrobes\n|t:|1700360988\n|gametype|singles\n|player|p1|MetalMetalCharz|101|1353\n|player|p2|Gucciwizardrobes|169|1454\n|teamsize|p1|6\n|teamsize|p2|6\n|gen|9\n|tier|[Gen 9] OU\n|rated|\n|rule|Sleep Clause Mod: Limit one foe put to sleep\n|rule|Species Clause: Limit one of each Pok\u00e9mon\n|rule|OHKO Clause: OHKO moves are banned\n|rule|Evasion Items Clause: Evasion items are banned\n|rule|Evasion Moves Clause: Evasion moves are banned\n|rule|Endless Battle Clause: Forcing endless battles is banned\n|rule|HP Percentage Mod: HP is shown in percentages\n|clearpoke\n|poke|p1|Dragonite, M|\n|poke|p1|Mamoswine, F|\n|poke|p1|Gardevoir, M|\n|poke|p1|Rotom-Wash|\n|poke|p1|Garganacl, M|\n|poke|p1|Scizor, M|\n|poke|p2|Crawdaunt, F|\n|poke|p2|Cinderace, F|\n|poke|p2|Dragapult, F|\n|poke|p2|Iron Valiant|\n|poke|p2|Iron Hands|\n|poke|p2|Ogerpon-Cornerstone, F|\n|teampreview\n|inactive|Battle timer is ON: inactive players will automatically lose when time's up. (requested by MetalMetalCharz)\n|\n|t:|1700361010\n|start\n|switch|p1a: Rotom|Rotom-Wash|100\/100\n|switch|p2a: Crawdaunt|Crawdaunt, F|100\/100\n|turn|1\n|\n|t:|1700361014\n|move|p2a: Crawdaunt|Knock Off|p1a: Rotom\n|-damage|p1a: Rotom|49\/100\n|-enditem|p1a: Rotom|Heavy-Duty Boots|[from] move: Knock Off|[of] p2a: Crawdaunt\n|move|p1a: Rotom|Volt Switch|p2a: Crawdaunt\n|-supereffective|p2a: Crawdaunt\n|-enditem|p2a: Crawdaunt|Focus Sash\n|-damage|p2a: Crawdaunt|1\/100\n|\n|t:|1700361017\n|switch|p1a: Scizor|Scizor, M|100\/100|[from] Volt Switch\n|\n|upkeep\n|turn|2\n|\n|t:|1700361023\n|switch|p2a: Iron Hands|Iron Hands|100\/100\n|move|p1a: Scizor|Bullet Punch|p2a: Iron Hands\n|-resisted|p2a: Iron Hands\n|-damage|p2a: Iron Hands|90\/100\n|\n|-heal|p2a: Iron Hands|97\/100|[from] item: Leftovers\n|upkeep\n|turn|3\n|\n|t:|1700361028\n|move|p1a: Scizor|Knock Off|p2a: Iron Hands\n|-resisted|p2a: Iron Hands\n|-damage|p2a: Iron Hands|86\/100\n|-enditem|p2a: Iron Hands|Leftovers|[from] move: Knock Off|[of] p1a: Scizor\n|move|p2a: Iron Hands|Swords Dance|p2a: Iron Hands\n|-boost|p2a: Iron Hands|atk|2\n|\n|upkeep\n|turn|4\n|\n|t:|1700361034\n|move|p1a: Scizor|U-turn|p2a: Iron Hands\n|-resisted|p2a: Iron Hands\n|-damage|p2a: Iron Hands|74\/100\n|\n|t:|1700361036\n|switch|p1a: Rotom|Rotom-Wash|49\/100|[from] U-turn\n|move|p2a: Iron Hands|Wild Charge|p1a: Rotom\n|-damage|p1a: Rotom|0 fnt\n|faint|p1a: Rotom\n|-damage|p2a: Iron Hands|67\/100|[from] Recoil\n|\n|upkeep\n|\n|t:|1700361042\n|switch|p1a: Mamoswine|Mamoswine, F|100\/100\n|turn|5\n|\n|t:|1700361046\n|-terastallize|p2a: Iron Hands|Fairy\n|move|p1a: Mamoswine|Earthquake|p2a: Iron Hands\n|-damage|p2a: Iron Hands|36\/100\n|move|p2a: Iron Hands|Drain Punch|p1a: Mamoswine\n|-supereffective|p1a: Mamoswine\n|-damage|p1a: Mamoswine|0 fnt\n|-heal|p2a: Iron Hands|72\/100|[from] drain|[of] p1a: Mamoswine\n|faint|p1a: Mamoswine\n|\n|upkeep\n|\n|t:|1700361056\n|switch|p1a: Scizor|Scizor, M|100\/100\n|turn|6\n|\n|t:|1700361059\n|move|p1a: Scizor|Bullet Punch|p2a: Iron Hands\n|-supereffective|p2a: Iron Hands\n|-damage|p2a: Iron Hands|28\/100\n|move|p2a: Iron Hands|Drain Punch|p1a: Scizor\n|-damage|p1a: Scizor|20\/100\n|-heal|p2a: Iron Hands|55\/100|[from] drain|[of] p1a: Scizor\n|\n|-heal|p1a: Scizor|26\/100|[from] item: Leftovers\n|upkeep\n|turn|7\n|\n|t:|1700361067\n|move|p1a: Scizor|Bullet Punch|p2a: Iron Hands\n|-supereffective|p2a: Iron Hands\n|-damage|p2a: Iron Hands|15\/100\n|move|p2a: Iron Hands|Drain Punch|p1a: Scizor\n|-damage|p1a: Scizor|0 fnt\n|-heal|p2a: Iron Hands|24\/100|[from] drain|[of] p1a: Scizor\n|faint|p1a: Scizor\n|\n|upkeep\n|\n|t:|1700361072\n|switch|p1a: Garganacl|Garganacl, M|100\/100\n|turn|8\n|\n|t:|1700361076\n|-terastallize|p1a: Garganacl|Ghost\n|move|p2a: Iron Hands|Wild Charge|p1a: Garganacl\n|-damage|p1a: Garganacl|28\/100\n|-damage|p2a: Iron Hands|7\/100|[from] item: Rocky Helmet|[of] p1a: Garganacl\n|-damage|p2a: Iron Hands|0 fnt|[from] Recoil\n|faint|p2a: Iron Hands\n|-end|p2a: Iron Hands|Quark Drive|[silent]\n|move|p1a: Garganacl|Iron Defense|p1a: Garganacl\n|-boost|p1a: Garganacl|def|2\n|\n|upkeep\n|\n|t:|1700361086\n|switch|p2a: Dragapult|Dragapult, F|100\/100\n|turn|9\n|\n|t:|1700361088\n|move|p2a: Dragapult|Shadow Ball|p1a: Garganacl\n|-supereffective|p1a: Garganacl\n|-damage|p1a: Garganacl|0 fnt\n|faint|p1a: Garganacl\n|\n|upkeep\n|\n|t:|1700361092\n|switch|p1a: Gardevoir|Gardevoir, M|100\/100\n|-ability|p1a: Gardevoir|Infiltrator|[from] ability: Trace|[of] p2a: Dragapult\n|turn|10\n|\n|t:|1700361095\n|switch|p2a: Crawdaunt|Crawdaunt, F|1\/100\n|move|p1a: Gardevoir|Moonblast|p2a: Crawdaunt\n|-supereffective|p2a: Crawdaunt\n|-damage|p2a: Crawdaunt|0 fnt\n|faint|p2a: Crawdaunt\n|\n|upkeep\n|\n|t:|1700361099\n|switch|p2a: Cinderace|Cinderace, F|100\/100\n|turn|11\n|\n|t:|1700361101\n|switch|p1a: Dragonite|Dragonite, M|100\/100\n|move|p2a: Cinderace|Gunk Shot|p1a: Dragonite|[miss]\n|-start|p2a: Cinderace|typechange|Poison|[from] ability: Libero\n|-miss|p2a: Cinderace|p1a: Dragonite\n|\n|upkeep\n|turn|12\n|\n|t:|1700361110\n|move|p2a: Cinderace|Gunk Shot|p1a: Dragonite|[miss]\n|-miss|p2a: Cinderace|p1a: Dragonite\n|move|p1a: Dragonite|Dragon Dance|p1a: Dragonite\n|-boost|p1a: Dragonite|atk|1\n|-boost|p1a: Dragonite|spe|1\n|\n|upkeep\n|turn|13\n|\n|t:|1700361112\n|move|p1a: Dragonite|Dragon Dance|p1a: Dragonite\n|-boost|p1a: Dragonite|atk|1\n|-boost|p1a: Dragonite|spe|1\n|move|p2a: Cinderace|Gunk Shot|p1a: Dragonite\n|-damage|p1a: Dragonite|69\/100\n|-status|p1a: Dragonite|psn\n|\n|-damage|p1a: Dragonite|56\/100 psn|[from] psn\n|upkeep\n|turn|14\n|\n|t:|1700361116\n|move|p1a: Dragonite|Earthquake|p2a: Cinderace\n|-supereffective|p2a: Cinderace\n|-damage|p2a: Cinderace|0 fnt\n|faint|p2a: Cinderace\n|\n|-damage|p1a: Dragonite|44\/100 psn|[from] psn\n|upkeep\n|\n|t:|1700361120\n|switch|p2a: Ogerpon|Ogerpon-Cornerstone, F|100\/100\n|turn|15\n|\n|t:|1700361123\n|move|p1a: Dragonite|Earthquake|p2a: Ogerpon\n|-ability|p2a: Ogerpon|Sturdy\n|-damage|p2a: Ogerpon|1\/100\n|move|p2a: Ogerpon|Ivy Cudgel|p1a: Dragonite|[anim] Ivy Cudgel Rock\n|-supereffective|p1a: Dragonite\n|-damage|p1a: Dragonite|0 fnt\n|faint|p1a: Dragonite\n|\n|upkeep\n|\n|t:|1700361126\n|switch|p1a: Gardevoir|Gardevoir, M|100\/100\n|-ability|p1a: Gardevoir|Sturdy|[from] ability: Trace|[of] p2a: Ogerpon\n|turn|16\n|\n|t:|1700361129\n|move|p1a: Gardevoir|Moonblast|p2a: Ogerpon\n|-damage|p2a: Ogerpon|0 fnt\n|faint|p2a: Ogerpon\n|\n|upkeep\n|\n|t:|1700361134\n|switch|p2a: Dragapult|Dragapult, F|100\/100\n|turn|17\n|\n|t:|1700361141\n|move|p1a: Gardevoir|Moonblast|p2a: Dragapult\n|-supereffective|p2a: Dragapult\n|-damage|p2a: Dragapult|0 fnt\n|faint|p2a: Dragapult\n|\n|upkeep\n|\n|t:|1700361143\n|switch|p2a: Iron Valiant|Iron Valiant|100\/100\n|-enditem|p2a: Iron Valiant|Booster Energy\n|-activate|p2a: Iron Valiant|ability: Quark Drive|[fromitem]\n|-start|p2a: Iron Valiant|quarkdrivespe\n|turn|18\n|\n|t:|1700361148\n|move|p2a: Iron Valiant|Calm Mind|p2a: Iron Valiant\n|-boost|p2a: Iron Valiant|spa|1\n|-boost|p2a: Iron Valiant|spd|1\n|move|p1a: Gardevoir|Moonblast|p2a: Iron Valiant\n|-supereffective|p2a: Iron Valiant\n|-damage|p2a: Iron Valiant|0 fnt\n|faint|p2a: Iron Valiant\n|-end|p2a: Iron Valiant|Quark Drive|[silent]\n|\n|win|MetalMetalCharz\n|raw|MetalMetalCharz's rating: 1353 &rarr; <strong>1379<\/strong><br \/>(+26 for winning)\n|raw|Gucciwizardrobes's rating: 1454 &rarr; <strong>1428<\/strong><br \/>(-26 for losing)\n|l|\u2606Gucciwizardrobes\n|l|\u2606MetalMetalCharz\n|j|\u2606MetalMetalCharz\n|player|p1|MetalMetalCharz|101\n","uploadtime":1700361322,"views":14,"p1id":"metalmetalcharz","p2id":"gucciwizardrobes","formatid":"gen9ou","rating":1379,"private":0,"password":""}