{"id":"gen9ou-1999933097","p1":"Bip Bop Boom","p2":"grimer waifu","format":"[Gen 9] OU","log":"|j|\u2606Bip Bop Boom\n|j|\u2606grimer waifu\n|t:|1701131675\n|gametype|singles\n|player|p1|Bip Bop Boom|266|1418\n|player|p2|grimer waifu|clair|1359\n|teamsize|p1|6\n|teamsize|p2|6\n|gen|9\n|tier|[Gen 9] OU\n|rated|\n|rule|Sleep Clause Mod: Limit one foe put to sleep\n|rule|Species Clause: Limit one of each Pok\u00e9mon\n|rule|OHKO Clause: OHKO moves are banned\n|rule|Evasion Items Clause: Evasion items are banned\n|rule|Evasion Moves Clause: Evasion moves are banned\n|rule|Endless Battle Clause: Forcing endless battles is banned\n|rule|HP Percentage Mod: HP is shown in percentages\n|clearpoke\n|poke|p1|Landorus-Therian, M|\n|poke|p1|Gholdengo|\n|poke|p1|Enamorus, F|\n|poke|p1|Samurott-Hisui, F|\n|poke|p1|Arcanine-Hisui, F|\n|poke|p1|Ribombee, F|\n|poke|p2|Sandy Shocks|\n|poke|p2|Garchomp, M|\n|poke|p2|Cinderace, F|\n|poke|p2|Amoonguss, F|\n|poke|p2|Tornadus-Therian, M|\n|poke|p2|Kingambit, F|\n|teampreview\n|inactive|Battle timer is ON: inactive players will automatically lose when time's up. (requested by grimer waifu)\n|\n|t:|1701131691\n|start\n|switch|p1a: Ribombee|Ribombee, F|100\/100\n|switch|p2a: Cinderace|Cinderace, F|100\/100\n|turn|1\n|\n|t:|1701131697\n|move|p1a: Ribombee|Stun Spore|p2a: Cinderace\n|-status|p2a: Cinderace|par\n|move|p2a: Cinderace|U-turn|p1a: Ribombee\n|-start|p2a: Cinderace|typechange|Bug|[from] ability: Libero\n|-resisted|p1a: Ribombee\n|-damage|p1a: Ribombee|69\/100\n|\n|t:|1701131706\n|switch|p2a: Tornadus|Tornadus-Therian, M|100\/100|[from] U-turn\n|\n|upkeep\n|turn|2\n|\n|t:|1701131711\n|switch|p2a: Sandy Shocks|Sandy Shocks|100\/100\n|move|p1a: Ribombee|Sticky Web|p2a: Sandy Shocks\n|-sidestart|p2: grimer waifu|move: Sticky Web\n|\n|upkeep\n|turn|3\n|\n|t:|1701131717\n|move|p1a: Ribombee|Moonblast|p2a: Sandy Shocks\n|-damage|p2a: Sandy Shocks|70\/100\n|move|p2a: Sandy Shocks|Thunderbolt|p1a: Ribombee\n|-damage|p1a: Ribombee|0 fnt\n|faint|p1a: Ribombee\n|\n|upkeep\n|\n|t:|1701131727\n|switch|p1a: Landorus|Landorus-Therian, M|100\/100\n|-ability|p1a: Landorus|Intimidate|boost\n|-unboost|p2a: Sandy Shocks|atk|1\n|turn|4\n|\n|t:|1701131734\n|-terastallize|p2a: Sandy Shocks|Ice\n|move|p2a: Sandy Shocks|Tera Blast|p1a: Landorus|[anim] Tera Blast Ice\n|-supereffective|p1a: Landorus\n|-damage|p1a: Landorus|0 fnt\n|faint|p1a: Landorus\n|\n|upkeep\n|\n|t:|1701131746\n|switch|p1a: Enamorus|Enamorus, F|100\/100\n|turn|5\n|\n|t:|1701131753\n|-terastallize|p1a: Enamorus|Fairy\n|move|p1a: Enamorus|Moonblast|p2a: Sandy Shocks\n|-damage|p2a: Sandy Shocks|16\/100\n|-unboost|p2a: Sandy Shocks|spa|1\n|move|p2a: Sandy Shocks|Tera Blast|p1a: Enamorus|[anim] Tera Blast Ice\n|-damage|p1a: Enamorus|64\/100\n|\n|upkeep\n|turn|6\n|\n|t:|1701131763\n|-end|p2a: Sandy Shocks|Protosynthesis|[silent]\n|switch|p2a: Amoonguss|Amoonguss, F|100\/100\n|move|p1a: Enamorus|Moonblast|p2a: Amoonguss\n|-resisted|p2a: Amoonguss\n|-damage|p2a: Amoonguss|67\/100\n|\n|upkeep\n|turn|7\n|\n|t:|1701131769\n|switch|p1a: Gholdengo|Gholdengo|100\/100\n|-item|p1a: Gholdengo|Air Balloon\n|move|p2a: Amoonguss|Foul Play|p1a: Gholdengo\n|-supereffective|p1a: Gholdengo\n|-damage|p1a: Gholdengo|78\/100\n|-enditem|p1a: Gholdengo|Air Balloon\n|\n|upkeep\n|turn|8\n|\n|t:|1701131779\n|move|p1a: Gholdengo|Nasty Plot|p1a: Gholdengo\n|-boost|p1a: Gholdengo|spa|2\n|move|p2a: Amoonguss|Foul Play|p1a: Gholdengo\n|-supereffective|p1a: Gholdengo\n|-damage|p1a: Gholdengo|54\/100\n|\n|upkeep\n|turn|9\n|\n|t:|1701131782\n|move|p1a: Gholdengo|Recover|p1a: Gholdengo\n|-heal|p1a: Gholdengo|100\/100\n|move|p2a: Amoonguss|Foul Play|p1a: Gholdengo\n|-supereffective|p1a: Gholdengo\n|-damage|p1a: Gholdengo|75\/100\n|\n|upkeep\n|turn|10\n|\n|t:|1701131789\n|switch|p2a: Tornadus|Tornadus-Therian, M|100\/100\n|move|p1a: Gholdengo|Shadow Ball|p2a: Tornadus\n|-damage|p2a: Tornadus|0 fnt\n|faint|p2a: Tornadus\n|\n|upkeep\n|\n|t:|1701131791\n|switch|p2a: Garchomp|Garchomp, M|100\/100\n|-activate|p2a: Garchomp|move: Sticky Web\n|-unboost|p2a: Garchomp|spe|1\n|turn|11\n|\n|t:|1701131795\n|move|p1a: Gholdengo|Make It Rain|p2a: Garchomp\n|-crit|p2a: Garchomp\n|-damage|p2a: Garchomp|0 fnt\n|-unboost|p1a: Gholdengo|spa|1\n|faint|p2a: Garchomp\n|\n|upkeep\n|\n|t:|1701131799\n|switch|p2a: Kingambit|Kingambit, F|100\/100\n|-activate|p2a: Kingambit|move: Sticky Web\n|-unboost|p2a: Kingambit|spe|1\n|-activate|p2a: Kingambit|ability: Supreme Overlord\n|-start|p2a: Kingambit|fallen2|[silent]\n|turn|12\n|\n|t:|1701131811\n|move|p1a: Gholdengo|Make It Rain|p2a: Kingambit\n|-resisted|p2a: Kingambit\n|-damage|p2a: Kingambit|53\/100\n|-unboost|p1a: Gholdengo|spa|1\n|move|p2a: Kingambit|Kowtow Cleave|p1a: Gholdengo\n|-supereffective|p1a: Gholdengo\n|-damage|p1a: Gholdengo|0 fnt\n|faint|p1a: Gholdengo\n|\n|-heal|p2a: Kingambit|59\/100|[from] item: Leftovers\n|upkeep\n|\n|t:|1701131834\n|switch|p1a: Arcanine|Arcanine-Hisui, F|100\/100\n|turn|13\n|\n|t:|1701131845\n|-end|p2a: Kingambit|fallen2|[silent]\n|switch|p2a: Sandy Shocks|Sandy Shocks, tera:Ice|16\/100\n|-activate|p2a: Sandy Shocks|move: Sticky Web\n|-unboost|p2a: Sandy Shocks|spe|1\n|move|p1a: Arcanine|Flare Blitz|p2a: Sandy Shocks\n|-supereffective|p2a: Sandy Shocks\n|-damage|p2a: Sandy Shocks|0 fnt\n|faint|p2a: Sandy Shocks\n|-end|p2a: Sandy Shocks|Protosynthesis|[silent]\n|\n|upkeep\n|\n|t:|1701131849\n|switch|p2a: Cinderace|Cinderace, F|100\/100 par\n|turn|14\n|\n|t:|1701131854\n|move|p1a: Arcanine|Flare Blitz|p2a: Cinderace\n|-resisted|p2a: Cinderace\n|-damage|p2a: Cinderace|36\/100 par\n|cant|p2a: Cinderace|par\n|\n|upkeep\n|turn|15\n|\n|t:|1701131859\n|move|p2a: Cinderace|Sucker Punch|p1a: Arcanine\n|-start|p2a: Cinderace|typechange|Dark|[from] ability: Libero\n|-damage|p1a: Arcanine|57\/100\n|move|p1a: Arcanine|Flare Blitz|p2a: Cinderace\n|-damage|p2a: Cinderace|0 fnt\n|faint|p2a: Cinderace\n|\n|upkeep\n|\n|t:|1701131863\n|switch|p2a: Kingambit|Kingambit, F|59\/100\n|-activate|p2a: Kingambit|move: Sticky Web\n|-unboost|p2a: Kingambit|spe|1\n|-activate|p2a: Kingambit|ability: Supreme Overlord\n|-start|p2a: Kingambit|fallen4|[silent]\n|turn|16\n|\n|t:|1701131876\n|switch|p1a: Samurott|Samurott-Hisui, F|100\/100\n|move|p2a: Kingambit|Sucker Punch||[still]\n|-fail|p2a: Kingambit\n|\n|-heal|p2a: Kingambit|65\/100|[from] item: Leftovers\n|upkeep\n|turn|17\n|\n|t:|1701131885\n|-end|p2a: Kingambit|fallen4|[silent]\n|switch|p2a: Amoonguss|Amoonguss, F|100\/100\n|move|p1a: Samurott|Razor Shell|p2a: Amoonguss\n|-resisted|p2a: Amoonguss\n|-damage|p2a: Amoonguss|83\/100\n|-unboost|p2a: Amoonguss|def|1\n|\n|upkeep\n|turn|18\n|\n|t:|1701131905\n|move|p1a: Samurott|Knock Off|p2a: Amoonguss\n|-damage|p2a: Amoonguss|34\/100\n|-enditem|p2a: Amoonguss|Heavy-Duty Boots|[from] move: Knock Off|[of] p1a: Samurott\n|move|p2a: Amoonguss|Spore|p1a: Samurott\n|-status|p1a: Samurott|slp|[from] move: Spore\n|\n|upkeep\n|turn|19\n|\n|t:|1701131914\n|cant|p1a: Samurott|slp\n|move|p2a: Amoonguss|Grass Knot|p1a: Samurott\n|-supereffective|p1a: Samurott\n|-damage|p1a: Samurott|55\/100 slp\n|\n|upkeep\n|turn|20\n|\n|t:|1701131918\n|cant|p1a: Samurott|slp\n|move|p2a: Amoonguss|Grass Knot|p1a: Samurott\n|-supereffective|p1a: Samurott\n|-damage|p1a: Samurott|6\/100 slp\n|\n|upkeep\n|turn|21\n|\n|t:|1701131920\n|cant|p1a: Samurott|slp\n|move|p2a: Amoonguss|Grass Knot|p1a: Samurott\n|-supereffective|p1a: Samurott\n|-damage|p1a: Samurott|0 fnt\n|faint|p1a: Samurott\n|\n|upkeep\n|\n|t:|1701131926\n|switch|p1a: Enamorus|Enamorus, F, tera:Fairy|64\/100\n|turn|22\n|\n|t:|1701131933\n|move|p1a: Enamorus|Healing Wish|p1a: Enamorus\n|faint|p1a: Enamorus\n|move|p2a: Amoonguss|Spore|p1: Enamorus|[notarget]\n|-fail|p2a: Amoonguss\n|\n|upkeep\n|\n|t:|1701131934\n|switch|p1a: Arcanine|Arcanine-Hisui, F|57\/100\n|-heal|p1a: Arcanine|100\/100|[from] move: Healing Wish\n|turn|23\n|\n|t:|1701131937\n|move|p1a: Arcanine|Flare Blitz|p2a: Amoonguss\n|-supereffective|p2a: Amoonguss\n|-damage|p2a: Amoonguss|0 fnt\n|faint|p2a: Amoonguss\n|\n|upkeep\n|\n|t:|1701131939\n|switch|p2a: Kingambit|Kingambit, F|65\/100\n|-activate|p2a: Kingambit|move: Sticky Web\n|-unboost|p2a: Kingambit|spe|1\n|-activate|p2a: Kingambit|ability: Supreme Overlord\n|-start|p2a: Kingambit|fallen5|[silent]\n|turn|24\n|\n|t:|1701131942\n|move|p2a: Kingambit|Sucker Punch|p1a: Arcanine\n|-damage|p1a: Arcanine|21\/100\n|move|p1a: Arcanine|Flare Blitz|p2a: Kingambit\n|-supereffective|p2a: Kingambit\n|-damage|p2a: Kingambit|0 fnt\n|faint|p2a: Kingambit\n|-end|p2a: Kingambit|fallen5|[silent]\n|\n|win|Bip Bop Boom\n|raw|Bip Bop Boom's rating: 1418 &rarr; <strong>1435<\/strong><br \/>(+17 for winning)\n|raw|grimer waifu's rating: 1359 &rarr; <strong>1342<\/strong><br \/>(-17 for losing)\n|l|\u2606grimer waifu\n","uploadtime":1701131962,"views":2,"p1id":"bipbopboom","p2id":"grimerwaifu","formatid":"gen9ou","rating":1342,"private":0,"password":""}