{"id":"gen9ou-1990059062","p1":"LilithIsGreen","p2":"PLAYB0I R0BBIE B","format":"[Gen 9] OU","log":"|j|\u2606LilithIsGreen\n|j|\u2606PLAYB0I R0BBIE B\n|t:|1699920122\n|gametype|singles\n|player|p1|LilithIsGreen|cowgirl|1366\n|player|p2|PLAYB0I R0BBIE B|eusine|1468\n|teamsize|p1|6\n|teamsize|p2|6\n|gen|9\n|tier|[Gen 9] OU\n|rated|\n|rule|Sleep Clause Mod: Limit one foe put to sleep\n|rule|Species Clause: Limit one of each Pok\u00e9mon\n|rule|OHKO Clause: OHKO moves are banned\n|rule|Evasion Items Clause: Evasion items are banned\n|rule|Evasion Moves Clause: Evasion moves are banned\n|rule|Endless Battle Clause: Forcing endless battles is banned\n|rule|HP Percentage Mod: HP is shown in percentages\n|clearpoke\n|poke|p1|Iron Valiant|\n|poke|p1|Dragonite, F|\n|poke|p1|Zamazenta-*|\n|poke|p1|Ting-Lu|\n|poke|p1|Goodra-Hisui, F|\n|poke|p1|Chandelure, M|\n|poke|p2|Glimmora, F|\n|poke|p2|Meowscarada, F|\n|poke|p2|Thundurus-Therian, M|\n|poke|p2|Dragapult, F|\n|poke|p2|Heatran, F|\n|poke|p2|Great Tusk|\n|teampreview\n|inactive|Battle timer is ON: inactive players will automatically lose when time's up. (requested by LilithIsGreen)\n|\n|t:|1699920129\n|start\n|switch|p1a: Ting-Lu|Ting-Lu|100\/100\n|switch|p2a: Glimmora|Glimmora, F|100\/100\n|-ability|p1a: Ting-Lu|Vessel of Ruin\n|turn|1\n|\n|t:|1699920136\n|move|p2a: Glimmora|Mortal Spin|p1a: Ting-Lu\n|-resisted|p1a: Ting-Lu\n|-damage|p1a: Ting-Lu|99\/100\n|-status|p1a: Ting-Lu|psn\n|move|p1a: Ting-Lu|Taunt|p2a: Glimmora\n|-start|p2a: Glimmora|move: Taunt\n|\n|-damage|p1a: Ting-Lu|87\/100 psn|[from] psn\n|upkeep\n|turn|2\n|\n|t:|1699920142\n|move|p2a: Glimmora|Energy Ball|p1a: Ting-Lu\n|-supereffective|p1a: Ting-Lu\n|-crit|p1a: Ting-Lu\n|-damage|p1a: Ting-Lu|34\/100 psn\n|-enditem|p1a: Ting-Lu|Sitrus Berry|[eat]\n|-heal|p1a: Ting-Lu|59\/100 psn|[from] item: Sitrus Berry\n|move|p1a: Ting-Lu|Stealth Rock|p2a: Glimmora\n|-sidestart|p2: PLAYB0I R0BBIE B|move: Stealth Rock\n|\n|-damage|p1a: Ting-Lu|47\/100 psn|[from] psn\n|upkeep\n|turn|3\n|\n|t:|1699920148\n|switch|p1a: Goodra|Goodra-Hisui, F|100\/100\n|move|p2a: Glimmora|Energy Ball|p1a: Goodra\n|-resisted|p1a: Goodra\n|-damage|p1a: Goodra|95\/100\n|\n|upkeep\n|turn|4\n|\n|t:|1699920157\n|move|p2a: Glimmora|Earth Power|p1a: Goodra\n|-supereffective|p1a: Goodra\n|-damage|p1a: Goodra|53\/100\n|move|p1a: Goodra|Draco Meteor|p2a: Glimmora\n|-enditem|p2a: Glimmora|Focus Sash\n|-damage|p2a: Glimmora|1\/100\n|-unboost|p1a: Goodra|spa|2\n|\n|-end|p2a: Glimmora|move: Taunt\n|upkeep\n|turn|5\n|\n|t:|1699920164\n|move|p2a: Glimmora|Earth Power|p1a: Goodra\n|-supereffective|p1a: Goodra\n|-damage|p1a: Goodra|9\/100\n|move|p1a: Goodra|Draco Meteor|p2a: Glimmora\n|-damage|p2a: Glimmora|0 fnt\n|-unboost|p1a: Goodra|spa|2\n|faint|p2a: Glimmora\n|\n|upkeep\n|\n|t:|1699920169\n|switch|p2a: Great Tusk|Great Tusk|100\/100\n|turn|6\n|\n|t:|1699920179\n|move|p2a: Great Tusk|Headlong Rush|p1a: Goodra\n|-supereffective|p1a: Goodra\n|-damage|p1a: Goodra|0 fnt\n|-unboost|p2a: Great Tusk|def|1\n|-unboost|p2a: Great Tusk|spd|1\n|-ability|p1a: Goodra|Gooey\n|-unboost|p2a: Great Tusk|spe|1\n|faint|p1a: Goodra\n|\n|upkeep\n|\n|t:|1699920193\n|switch|p1a: Iron Valiant|Iron Valiant|100\/100\n|-enditem|p1a: Iron Valiant|Booster Energy\n|-activate|p1a: Iron Valiant|ability: Quark Drive|[fromitem]\n|-start|p1a: Iron Valiant|quarkdrivespe\n|turn|7\n|\n|t:|1699920200\n|-end|p2a: Great Tusk|Protosynthesis|[silent]\n|switch|p2a: Dragapult|Dragapult, F|100\/100\n|move|p1a: Iron Valiant|Moonblast|p2a: Dragapult\n|-supereffective|p2a: Dragapult\n|-damage|p2a: Dragapult|0 fnt\n|faint|p2a: Dragapult\n|\n|upkeep\n|\n|t:|1699920205\n|switch|p2a: Great Tusk|Great Tusk|100\/100\n|turn|8\n|\n|t:|1699920210\n|-terastallize|p2a: Great Tusk|Poison\n|move|p1a: Iron Valiant|Moonblast|p2a: Great Tusk\n|-resisted|p2a: Great Tusk\n|-damage|p2a: Great Tusk|64\/100\n|move|p2a: Great Tusk|Rapid Spin|p1a: Iron Valiant\n|-damage|p1a: Iron Valiant|77\/100\n|-boost|p2a: Great Tusk|spe|1\n|-sideend|p2: PLAYB0I R0BBIE B|Stealth Rock|[from] move: Rapid Spin|[of] p2a: Great Tusk\n|\n|upkeep\n|turn|9\n|\n|t:|1699920219\n|move|p1a: Iron Valiant|Thunderbolt|p2a: Great Tusk\n|-damage|p2a: Great Tusk|19\/100\n|move|p2a: Great Tusk|Headlong Rush|p1a: Iron Valiant\n|-damage|p1a: Iron Valiant|0 fnt\n|-unboost|p2a: Great Tusk|def|1\n|-unboost|p2a: Great Tusk|spd|1\n|faint|p1a: Iron Valiant\n|-end|p1a: Iron Valiant|Quark Drive|[silent]\n|\n|upkeep\n|\n|t:|1699920230\n|switch|p1a: Dragonite|Dragonite, F|100\/100\n|turn|10\n|\n|t:|1699920238\n|move|p2a: Great Tusk|Ice Spinner|p1a: Dragonite\n|-supereffective|p1a: Dragonite\n|-damage|p1a: Dragonite|40\/100\n|move|p1a: Dragonite|Dragon Dance|p1a: Dragonite\n|-boost|p1a: Dragonite|atk|1\n|-boost|p1a: Dragonite|spe|1\n|\n|upkeep\n|turn|11\n|\n|t:|1699920241\n|move|p1a: Dragonite|Extreme Speed|p2a: Great Tusk\n|-damage|p2a: Great Tusk|0 fnt\n|faint|p2a: Great Tusk\n|-end|p2a: Great Tusk|Protosynthesis|[silent]\n|\n|upkeep\n|\n|t:|1699920243\n|switch|p2a: Heatran|Heatran, F|100\/100\n|-item|p2a: Heatran|Air Balloon\n|turn|12\n|\n|t:|1699920248\n|move|p1a: Dragonite|Dragon Claw|p2a: Heatran\n|-resisted|p2a: Heatran\n|-damage|p2a: Heatran|66\/100\n|-enditem|p2a: Heatran|Air Balloon\n|move|p2a: Heatran|Magma Storm|p1a: Dragonite\n|-resisted|p1a: Dragonite\n|-damage|p1a: Dragonite|10\/100\n|-activate|p1a: Dragonite|move: Magma Storm|[of] p2a: Heatran\n|\n|-damage|p1a: Dragonite|0 fnt|[from] move: Magma Storm|[partiallytrapped]\n|faint|p1a: Dragonite\n|upkeep\n|\n|t:|1699920251\n|switch|p1a: Ting-Lu|Ting-Lu|47\/100 psn\n|-ability|p1a: Ting-Lu|Vessel of Ruin\n|turn|13\n|\n|t:|1699920260\n|switch|p2a: Meowscarada|Meowscarada, F|100\/100\n|move|p1a: Ting-Lu|Stealth Rock|p2a: Meowscarada\n|-sidestart|p2: PLAYB0I R0BBIE B|move: Stealth Rock\n|\n|-damage|p1a: Ting-Lu|34\/100 psn|[from] psn\n|upkeep\n|turn|14\n|\n|t:|1699920266\n|move|p2a: Meowscarada|Flower Trick|p1a: Ting-Lu\n|-start|p2a: Meowscarada|typechange|Grass|[from] ability: Protean\n|-supereffective|p1a: Ting-Lu\n|-crit|p1a: Ting-Lu\n|-damage|p1a: Ting-Lu|0 fnt\n|faint|p1a: Ting-Lu\n|\n|upkeep\n|\n|t:|1699920270\n|switch|p1a: Zamazenta|Zamazenta|100\/100\n|-ability|p1a: Zamazenta|Dauntless Shield|boost\n|-boost|p1a: Zamazenta|def|1\n|turn|15\n|\n|t:|1699920278\n|switch|p2a: Thundurus|Thundurus-Therian, M|100\/100\n|-damage|p2a: Thundurus|75\/100|[from] Stealth Rock\n|move|p1a: Zamazenta|Iron Defense|p1a: Zamazenta\n|-boost|p1a: Zamazenta|def|2\n|\n|upkeep\n|turn|16\n|\n|t:|1699920285\n|-terastallize|p1a: Zamazenta|Steel\n|move|p2a: Thundurus|Volt Switch|p1a: Zamazenta\n|-damage|p1a: Zamazenta|42\/100\n|\n|t:|1699920300\n|switch|p2a: Heatran|Heatran, F|66\/100|[from] Volt Switch\n|-damage|p2a: Heatran|54\/100|[from] Stealth Rock\n|move|p1a: Zamazenta|Iron Defense|p1a: Zamazenta\n|-boost|p1a: Zamazenta|def|2\n|\n|-heal|p1a: Zamazenta|48\/100|[from] item: Leftovers\n|upkeep\n|turn|17\n|\n|t:|1699920310\n|move|p1a: Zamazenta|Body Press|p2a: Heatran\n|-supereffective|p2a: Heatran\n|-damage|p2a: Heatran|0 fnt\n|faint|p2a: Heatran\n|\n|-heal|p1a: Zamazenta|54\/100|[from] item: Leftovers\n|upkeep\n|\n|t:|1699920313\n|switch|p2a: Thundurus|Thundurus-Therian, M|75\/100\n|-damage|p2a: Thundurus|50\/100|[from] Stealth Rock\n|turn|18\n|\n|t:|1699920318\n|move|p2a: Thundurus|Volt Switch|p1a: Zamazenta\n|-damage|p1a: Zamazenta|0 fnt\n|faint|p1a: Zamazenta\n|\n|t:|1699920320\n|switch|p2a: Meowscarada|Meowscarada, F|100\/100|[from] Volt Switch\n|-damage|p2a: Meowscarada|88\/100|[from] Stealth Rock\n|\n|upkeep\n|\n|t:|1699920327\n|switch|p1a: Chandelure|Chandelure, M|100\/100\n|turn|19\n|\n|t:|1699920329\n|move|p1a: Chandelure|Fire Blast|p2a: Meowscarada\n|-supereffective|p2a: Meowscarada\n|-damage|p2a: Meowscarada|0 fnt\n|faint|p2a: Meowscarada\n|\n|upkeep\n|\n|t:|1699920331\n|switch|p2a: Thundurus|Thundurus-Therian, M|50\/100\n|-damage|p2a: Thundurus|25\/100|[from] Stealth Rock\n|turn|20\n|\n|t:|1699920334\n|move|p1a: Chandelure|Fire Blast|p2a: Thundurus\n|-damage|p2a: Thundurus|0 fnt\n|faint|p2a: Thundurus\n|\n|win|LilithIsGreen\n|raw|LilithIsGreen's rating: 1366 &rarr; <strong>1392<\/strong><br \/>(+26 for winning)\n|raw|PLAYB0I R0BBIE B's rating: 1468 &rarr; <strong>1442<\/strong><br \/>(-26 for losing)\n|l|\u2606LilithIsGreen\n","uploadtime":1699920338,"views":9,"p1id":"lilithisgreen","p2id":"playb0ir0bbieb","formatid":"gen9ou","rating":1392,"private":0,"password":""}