{"id":"gen9ou-1990679886","p1":"ghostgallade","p2":"i samurai l","format":"[Gen 9] OU","log":"|j|\u2606ghostgallade\n|j|\u2606i samurai l\n|t:|1699991181\n|gametype|singles\n|player|p1|ghostgallade|n|1443\n|player|p2|i samurai l|hilbert|1472\n|teamsize|p1|6\n|teamsize|p2|6\n|gen|9\n|tier|[Gen 9] OU\n|rated|\n|rule|Sleep Clause Mod: Limit one foe put to sleep\n|rule|Species Clause: Limit one of each Pok\u00e9mon\n|rule|OHKO Clause: OHKO moves are banned\n|rule|Evasion Items Clause: Evasion items are banned\n|rule|Evasion Moves Clause: Evasion moves are banned\n|rule|Endless Battle Clause: Forcing endless battles is banned\n|rule|HP Percentage Mod: HP is shown in percentages\n|clearpoke\n|poke|p1|Maushold|\n|poke|p1|Rillaboom, F|\n|poke|p1|Great Tusk|\n|poke|p1|Heatran, F|\n|poke|p1|Enamorus, F|\n|poke|p1|Kingambit, F|\n|poke|p2|Torkoal, M|\n|poke|p2|Iron Moth|\n|poke|p2|Walking Wake|\n|poke|p2|Kingambit, F|\n|poke|p2|Great Tusk|\n|poke|p2|Meowscarada, F|\n|teampreview\n|\n|t:|1699991201\n|start\n|switch|p1a: Maushold|Maushold|100\/100\n|switch|p2a: miiiiaaaau|Meowscarada, F, shiny|100\/100\n|turn|1\n|inactive|Battle timer is ON: inactive players will automatically lose when time's up. (requested by i samurai l)\n|inactive|ghostgallade has 120 seconds left.\n|inactive|i samurai l has 120 seconds left.\n|\n|t:|1699991239\n|switch|p1a: Heatran|Heatran, F|100\/100\n|move|p2a: miiiiaaaau|Flower Trick|p1a: Heatran\n|-start|p2a: miiiiaaaau|typechange|Grass|[from] ability: Protean\n|-resisted|p1a: Heatran\n|-crit|p1a: Heatran\n|-damage|p1a: Heatran|86\/100\n|\n|-heal|p1a: Heatran|92\/100|[from] item: Leftovers\n|upkeep\n|turn|2\n|\n|t:|1699991256\n|switch|p2a: U GAS|Torkoal, M|100\/100\n|-weather|SunnyDay|[from] ability: Drought|[of] p2a: U GAS\n|move|p1a: Heatran|Stealth Rock|p2a: U GAS\n|-sidestart|p2: i samurai l|move: Stealth Rock\n|\n|-weather|SunnyDay|[upkeep]\n|-heal|p1a: Heatran|98\/100|[from] item: Leftovers\n|upkeep\n|turn|3\n|\n|t:|1699991264\n|move|p1a: Heatran|Taunt|p2a: U GAS\n|-start|p2a: U GAS|move: Taunt\n|cant|p2a: U GAS|move: Taunt|Stealth Rock\n|\n|-weather|SunnyDay|[upkeep]\n|-heal|p1a: Heatran|100\/100|[from] item: Leftovers\n|upkeep\n|turn|4\n|\n|t:|1699991270\n|move|p1a: Heatran|Magma Storm|p2a: U GAS|[miss]\n|-miss|p1a: Heatran|p2a: U GAS\n|move|p2a: U GAS|Rapid Spin|p1a: Heatran\n|-resisted|p1a: Heatran\n|-damage|p1a: Heatran|97\/100\n|-boost|p2a: U GAS|spe|1\n|-sideend|p2: i samurai l|Stealth Rock|[from] move: Rapid Spin|[of] p2a: U GAS\n|\n|-weather|SunnyDay|[upkeep]\n|-heal|p1a: Heatran|100\/100|[from] item: Leftovers\n|upkeep\n|turn|5\n|\n|t:|1699991286\n|switch|p2a: Ela Desfila|Walking Wake|100\/100\n|-activate|p2a: Ela Desfila|ability: Protosynthesis\n|-start|p2a: Ela Desfila|protosynthesisspe\n|move|p1a: Heatran|Magma Storm|p2a: Ela Desfila\n|-resisted|p2a: Ela Desfila\n|-damage|p2a: Ela Desfila|83\/100\n|-activate|p2a: Ela Desfila|move: Magma Storm|[of] p1a: Heatran\n|\n|-weather|SunnyDay|[upkeep]\n|-damage|p2a: Ela Desfila|71\/100|[from] move: Magma Storm|[partiallytrapped]\n|upkeep\n|turn|6\n|\n|t:|1699991311\n|move|p2a: Ela Desfila|Hydro Steam|p1a: Heatran\n|-supereffective|p1a: Heatran\n|-damage|p1a: Heatran|0 fnt\n|faint|p1a: Heatran\n|\n|-weather|SunnyDay|[upkeep]\n|-end|p2a: Ela Desfila|Magma Storm|[partiallytrapped]|[silent]\n|upkeep\n|\n|t:|1699991318\n|switch|p1a: Rillaboom|Rillaboom, F|100\/100\n|-fieldstart|move: Grassy Terrain|[from] ability: Grassy Surge|[of] p1a: Rillaboom\n|turn|7\n|\n|t:|1699991329\n|-end|p2a: Ela Desfila|Protosynthesis|[silent]\n|switch|p2a: U GAS|Torkoal, M|100\/100\n|move|p1a: Rillaboom|U-turn|p2a: U GAS\n|-resisted|p2a: U GAS\n|-damage|p2a: U GAS|89\/100\n|\n|t:|1699991341\n|switch|p1a: Great Tusk|Great Tusk|100\/100|[from] U-turn\n|-activate|p1a: Great Tusk|ability: Protosynthesis\n|-start|p1a: Great Tusk|protosynthesisspe\n|\n|-weather|SunnyDay|[upkeep]\n|-heal|p2a: U GAS|95\/100|[from] Grassy Terrain\n|upkeep\n|turn|8\n|\n|t:|1699991354\n|move|p1a: Great Tusk|Bulk Up|p1a: Great Tusk\n|-boost|p1a: Great Tusk|atk|1\n|-boost|p1a: Great Tusk|def|1\n|move|p2a: U GAS|Yawn|p1a: Great Tusk\n|-start|p1a: Great Tusk|move: Yawn|[of] p2a: U GAS\n|\n|-weather|SunnyDay|[upkeep]\n|-heal|p2a: U GAS|100\/100|[from] Grassy Terrain\n|upkeep\n|turn|9\n|\n|t:|1699991362\n|move|p1a: Great Tusk|Headlong Rush|p2a: U GAS\n|-supereffective|p2a: U GAS\n|-crit|p2a: U GAS\n|-damage|p2a: U GAS|0 fnt\n|-unboost|p1a: Great Tusk|def|1\n|-unboost|p1a: Great Tusk|spd|1\n|faint|p2a: U GAS\n|\n|-weather|none\n|-end|p1a: Great Tusk|Protosynthesis\n|-end|p1a: Great Tusk|move: Yawn|[silent]\n|-status|p1a: Great Tusk|slp\n|upkeep\n|inactive|i samurai l has 120 seconds left.\n|\n|t:|1699991393\n|switch|p2a: Pesad\u00e3o|Great Tusk|100\/100\n|turn|10\n|\n|t:|1699991397\n|cant|p1a: Great Tusk|slp\n|move|p2a: Pesad\u00e3o|Close Combat|p1a: Great Tusk\n|-damage|p1a: Great Tusk|45\/100 slp\n|-unboost|p2a: Pesad\u00e3o|def|1\n|-unboost|p2a: Pesad\u00e3o|spd|1\n|\n|-heal|p1a: Great Tusk|51\/100 slp|[from] Grassy Terrain\n|-heal|p1a: Great Tusk|57\/100 slp|[from] item: Leftovers\n|upkeep\n|turn|11\n|\n|t:|1699991406\n|cant|p1a: Great Tusk|slp\n|move|p2a: Pesad\u00e3o|Close Combat|p1a: Great Tusk\n|-damage|p1a: Great Tusk|0 fnt\n|-unboost|p2a: Pesad\u00e3o|def|1\n|-unboost|p2a: Pesad\u00e3o|spd|1\n|faint|p1a: Great Tusk\n|-end|p1a: Great Tusk|Protosynthesis|[silent]\n|\n|-fieldend|move: Grassy Terrain\n|upkeep\n|\n|t:|1699991421\n|switch|p1a: Enamorus|Enamorus, F|100\/100\n|turn|12\n|\n|t:|1699991435\n|move|p1a: Enamorus|Moonblast|p2a: Pesad\u00e3o\n|-supereffective|p2a: Pesad\u00e3o\n|-damage|p2a: Pesad\u00e3o|0 fnt\n|faint|p2a: Pesad\u00e3o\n|-end|p2a: Pesad\u00e3o|Protosynthesis|[silent]\n|\n|upkeep\n|\n|t:|1699991461\n|switch|p2a: Irelia?|Iron Moth|100\/100\n|-enditem|p2a: Irelia?|Booster Energy\n|-activate|p2a: Irelia?|ability: Quark Drive|[fromitem]\n|-start|p2a: Irelia?|quarkdrivespe\n|turn|13\n|inactive|i samurai l has 120 seconds left.\n|\n|t:|1699991480\n|switch|p1a: Rillaboom|Rillaboom, F|100\/100\n|-fieldstart|move: Grassy Terrain|[from] ability: Grassy Surge|[of] p1a: Rillaboom\n|move|p2a: Irelia?|Substitute|p2a: Irelia?\n|-start|p2a: Irelia?|Substitute\n|-damage|p2a: Irelia?|76\/100\n|\n|-heal|p2a: Irelia?|82\/100|[from] Grassy Terrain\n|upkeep\n|turn|14\n|\n|t:|1699991489\n|move|p2a: Irelia?|Fiery Dance|p1a: Rillaboom\n|-supereffective|p1a: Rillaboom\n|-damage|p1a: Rillaboom|0 fnt\n|faint|p1a: Rillaboom\n|\n|-heal|p2a: Irelia?|88\/100|[from] Grassy Terrain\n|upkeep\n|\n|t:|1699991494\n|switch|p1a: Maushold|Maushold|100\/100\n|turn|15\n|\n|t:|1699991505\n|move|p2a: Irelia?|Sludge Wave|p1a: Maushold\n|-damage|p1a: Maushold|29\/100\n|-status|p1a: Maushold|psn\n|move|p1a: Maushold|Population Bomb|p2a: Irelia?\n|-activate|p2a: Irelia?|move: Substitute|[damage]\n|-end|p2a: Irelia?|Substitute\n|-damage|p2a: Irelia?|71\/100\n|-damage|p2a: Irelia?|56\/100\n|-damage|p2a: Irelia?|39\/100\n|-damage|p2a: Irelia?|23\/100\n|-damage|p2a: Irelia?|8\/100\n|-damage|p2a: Irelia?|0 fnt\n|faint|p2a: Irelia?\n|-end|p2a: Irelia?|Quark Drive|[silent]\n|-hitcount|p2: Irelia?|8\n|\n|-heal|p1a: Maushold|35\/100 psn|[from] Grassy Terrain\n|-damage|p1a: Maushold|23\/100 psn|[from] psn\n|upkeep\n|inactive|i samurai l has 120 seconds left.\n|inactive|i samurai l has 90 seconds left.\n|\n|t:|1699991556\n|switch|p2a: miiiiaaaau|Meowscarada, F, shiny|100\/100\n|turn|16\n|inactive|i samurai l has 90 seconds left.\n|\n|t:|1699991565\n|switch|p1a: devindian|Kingambit, F|100\/100\n|-activate|p1a: devindian|ability: Supreme Overlord\n|-start|p1a: devindian|fallen3|[silent]\n|move|p2a: miiiiaaaau|Flower Trick|p1a: devindian\n|-start|p2a: miiiiaaaau|typechange|Grass|[from] ability: Protean\n|-resisted|p1a: devindian\n|-crit|p1a: devindian\n|-damage|p1a: devindian|65\/100\n|\n|-heal|p1a: devindian|71\/100|[from] Grassy Terrain\n|-heal|p1a: devindian|77\/100|[from] item: Leftovers\n|upkeep\n|turn|17\n|inactive|i samurai l has 90 seconds left.\n|\n|t:|1699991583\n|move|p2a: miiiiaaaau|Flower Trick|p1a: devindian\n|-resisted|p1a: devindian\n|-crit|p1a: devindian\n|-damage|p1a: devindian|45\/100\n|move|p1a: devindian|Swords Dance|p1a: devindian\n|-boost|p1a: devindian|atk|2\n|\n|-heal|p1a: devindian|51\/100|[from] Grassy Terrain\n|-heal|p1a: devindian|58\/100|[from] item: Leftovers\n|-fieldend|move: Grassy Terrain\n|upkeep\n|turn|18\n|\n|t:|1699991589\n|move|p1a: devindian|Sucker Punch|p2a: miiiiaaaau\n|-damage|p2a: miiiiaaaau|0 fnt\n|faint|p2a: miiiiaaaau\n|\n|-heal|p1a: devindian|64\/100|[from] item: Leftovers\n|upkeep\n|\n|t:|1699991594\n|switch|p2a: Rei do Gambito|Kingambit, F|100\/100\n|-activate|p2a: Rei do Gambito|ability: Supreme Overlord\n|-start|p2a: Rei do Gambito|fallen4|[silent]\n|turn|19\n|\n|t:|1699991600\n|move|p2a: Rei do Gambito|Kowtow Cleave|p1a: devindian\n|-resisted|p1a: devindian\n|-damage|p1a: devindian|37\/100\n|move|p1a: devindian|Kowtow Cleave|p2a: Rei do Gambito\n|-resisted|p2a: Rei do Gambito\n|-damage|p2a: Rei do Gambito|45\/100\n|\n|-heal|p1a: devindian|43\/100|[from] item: Leftovers\n|upkeep\n|turn|20\n|inactive|i samurai l has 120 seconds left.\n|inactive|i samurai l has 90 seconds left.\n|\n|t:|1699991638\n|move|p2a: Rei do Gambito|Kowtow Cleave|p1a: devindian\n|-resisted|p1a: devindian\n|-damage|p1a: devindian|18\/100\n|move|p1a: devindian|Kowtow Cleave|p2a: Rei do Gambito\n|-resisted|p2a: Rei do Gambito\n|-damage|p2a: Rei do Gambito|0 fnt\n|faint|p2a: Rei do Gambito\n|-end|p2a: Rei do Gambito|fallen4|[silent]\n|\n|-heal|p1a: devindian|24\/100|[from] item: Leftovers\n|upkeep\n|inactive|i samurai l has 90 seconds left.\n|\n|t:|1699991647\n|switch|p2a: Ela Desfila|Walking Wake|71\/100\n|turn|21\n|\n|t:|1699991655\n|-terastallize|p2a: Ela Desfila|Fairy\n|move|p1a: devindian|Sucker Punch|p2a: Ela Desfila\n|-resisted|p2a: Ela Desfila\n|-damage|p2a: Ela Desfila|15\/100\n|move|p2a: Ela Desfila|Hydro Steam|p1a: devindian\n|-damage|p1a: devindian|0 fnt\n|faint|p1a: devindian\n|-end|p1a: devindian|fallen3|[silent]\n|\n|upkeep\n|\n|t:|1699991661\n|switch|p1a: Enamorus|Enamorus, F|100\/100\n|turn|22\n|\n|t:|1699991664\n|move|p1a: Enamorus|Moonblast|p2a: Ela Desfila\n|-damage|p2a: Ela Desfila|0 fnt\n|faint|p2a: Ela Desfila\n|-end|p2a: Ela Desfila|Protosynthesis|[silent]\n|\n|win|ghostgallade\n|raw|ghostgallade's rating: 1443 &rarr; <strong>1465<\/strong><br \/>(+22 for winning)\n|raw|i samurai l's rating: 1472 &rarr; <strong>1450<\/strong><br \/>(-22 for losing)\n|l|\u2606i samurai l\n","uploadtime":1699991671,"views":16,"p1id":"ghostgallade","p2id":"isamurail","formatid":"gen9ou","rating":1450,"private":0,"password":""}