{"id":"gen9ou-1990045671","p1":"vivitheblackmage","p2":"Requin citron","format":"[Gen 9] OU","log":"|j|\u2606vivitheblackmage\n|j|\u2606Requin citron\n|t:|1699918690\n|gametype|singles\n|player|p1|vivitheblackmage|266|1200\n|player|p2|Requin citron|firebreather|1154\n|teamsize|p1|6\n|teamsize|p2|6\n|gen|9\n|tier|[Gen 9] OU\n|rated|\n|rule|Sleep Clause Mod: Limit one foe put to sleep\n|rule|Species Clause: Limit one of each Pok\u00e9mon\n|rule|OHKO Clause: OHKO moves are banned\n|rule|Evasion Items Clause: Evasion items are banned\n|rule|Evasion Moves Clause: Evasion moves are banned\n|rule|Endless Battle Clause: Forcing endless battles is banned\n|rule|HP Percentage Mod: HP is shown in percentages\n|clearpoke\n|poke|p1|Ceruledge, F|\n|poke|p1|Rillaboom, M|\n|poke|p1|Ogerpon-Cornerstone, F|\n|poke|p1|Sneasler, M|\n|poke|p1|Electrode-Hisui|\n|poke|p1|Weezing-Galar, M|\n|poke|p2|Spiritomb, F|\n|poke|p2|Armarouge, F|\n|poke|p2|Mudsdale, F|\n|poke|p2|Komala, F|\n|poke|p2|Weavile, M|\n|poke|p2|Trevenant, F|\n|teampreview\n|inactive|Battle timer is ON: inactive players will automatically lose when time's up. (requested by vivitheblackmage)\n|\n|t:|1699918693\n|start\n|switch|p1a: Rillaboom|Rillaboom, M|100\/100\n|switch|p2a: Spiritomb|Spiritomb, F|100\/100\n|-fieldstart|move: Grassy Terrain|[from] ability: Grassy Surge|[of] p1a: Rillaboom\n|turn|1\n|\n|t:|1699918698\n|move|p1a: Rillaboom|Taunt|p2a: Spiritomb\n|-start|p2a: Spiritomb|move: Taunt\n|cant|p2a: Spiritomb|move: Taunt|Trick\n|\n|upkeep\n|turn|2\n|\n|t:|1699918705\n|switch|p2a: Armarouge|Armarouge, F|100\/100\n|move|p1a: Rillaboom|U-turn|p2a: Armarouge\n|-damage|p2a: Armarouge|75\/100\n|-ability|p2a: Armarouge|Weak Armor|boost\n|-unboost|p2a: Armarouge|def|1\n|-boost|p2a: Armarouge|spe|2\n|\n|t:|1699918719\n|switch|p1a: Sneasler|Sneasler, M|100\/100|[from] U-turn\n|-enditem|p1a: Sneasler|Grassy Seed\n|-boost|p1a: Sneasler|def|1|[from] item: Grassy Seed\n|\n|-heal|p2a: Armarouge|81\/100|[from] Grassy Terrain\n|upkeep\n|turn|3\n|\n|t:|1699918726\n|move|p1a: Sneasler|Shadow Claw|p2a: Armarouge\n|-supereffective|p2a: Armarouge\n|-damage|p2a: Armarouge|0 fnt\n|faint|p2a: Armarouge\n|\n|upkeep\n|\n|t:|1699918743\n|switch|p2a: Spiritomb|Spiritomb, F|100\/100\n|turn|4\n|\n|t:|1699918762\n|switch|p1a: Aloha Snackbar|Electrode-Hisui, shiny|100\/100\n|move|p2a: Spiritomb|Trick|p1a: Aloha Snackbar\n|-activate|p2a: Spiritomb|move: Trick|[of] p1a: Aloha Snackbar\n|-item|p1a: Aloha Snackbar|Lagging Tail|[from] move: Trick\n|-item|p2a: Spiritomb|Choice Specs|[from] move: Trick\n|\n|upkeep\n|turn|5\n|\n|t:|1699918776\n|switch|p2a: Trevenant|Trevenant, F|100\/100\n|move|p1a: Aloha Snackbar|Volt Switch|p2a: Trevenant\n|-resisted|p2a: Trevenant\n|-crit|p2a: Trevenant\n|-damage|p2a: Trevenant|76\/100\n|\n|t:|1699918791\n|switch|p1a: Sneasler|Sneasler, M|100\/100|[from] Volt Switch\n|\n|-heal|p2a: Trevenant|82\/100|[from] Grassy Terrain\n|upkeep\n|turn|6\n|\n|t:|1699918801\n|move|p1a: Sneasler|Shadow Claw|p2a: Trevenant\n|-supereffective|p2a: Trevenant\n|-damage|p2a: Trevenant|40\/100\n|-enditem|p2a: Trevenant|Sitrus Berry|[eat]\n|-heal|p2a: Trevenant|64\/100|[from] item: Sitrus Berry\n|move|p2a: Trevenant|Substitute|p2a: Trevenant\n|-start|p2a: Trevenant|Substitute\n|-damage|p2a: Trevenant|40\/100\n|\n|-heal|p2a: Trevenant|46\/100|[from] Grassy Terrain\n|upkeep\n|turn|7\n|\n|t:|1699918808\n|move|p2a: Trevenant|Protect|p2a: Trevenant\n|-singleturn|p2a: Trevenant|Protect\n|move|p1a: Sneasler|Dire Claw|p2a: Trevenant\n|-activate|p2a: Trevenant|move: Protect\n|\n|-heal|p2a: Trevenant|52\/100|[from] Grassy Terrain\n|-item|p2a: Trevenant|Sitrus Berry|[from] ability: Harvest\n|upkeep\n|turn|8\n|\n|t:|1699918811\n|move|p1a: Sneasler|Dire Claw|p2a: Trevenant\n|-end|p2a: Trevenant|Substitute\n|move|p2a: Trevenant|Curse|p1a: Sneasler\n|-start|p1a: Sneasler|Curse|[of] p2a: Trevenant\n|-damage|p2a: Trevenant|2\/100\n|-enditem|p2a: Trevenant|Sitrus Berry|[eat]\n|-heal|p2a: Trevenant|26\/100|[from] item: Sitrus Berry\n|\n|-heal|p2a: Trevenant|32\/100|[from] Grassy Terrain\n|-damage|p1a: Sneasler|76\/100|[from] Curse\n|-fieldend|move: Grassy Terrain\n|upkeep\n|turn|9\n|\n|t:|1699918823\n|move|p2a: Trevenant|Protect|p2a: Trevenant\n|-singleturn|p2a: Trevenant|Protect\n|move|p1a: Sneasler|Dire Claw|p2a: Trevenant\n|-activate|p2a: Trevenant|move: Protect\n|\n|-damage|p1a: Sneasler|51\/100|[from] Curse\n|upkeep\n|turn|10\n|\n|t:|1699918829\n|switch|p2a: Spiritomb|Spiritomb, F|100\/100\n|move|p1a: Sneasler|Dire Claw|p2a: Spiritomb\n|-resisted|p2a: Spiritomb\n|-damage|p2a: Spiritomb|78\/100\n|\n|-damage|p1a: Sneasler|26\/100|[from] Curse\n|upkeep\n|turn|11\n|\n|t:|1699918836\n|switch|p1a: Aloha Snackbar|Electrode-Hisui, shiny|100\/100\n|switch|p2a: Trevenant|Trevenant, F|32\/100\n|\n|-item|p2a: Trevenant|Sitrus Berry|[from] ability: Harvest\n|upkeep\n|-enditem|p2a: Trevenant|Sitrus Berry|[eat]\n|-heal|p2a: Trevenant|57\/100|[from] item: Sitrus Berry\n|turn|12\n|\n|t:|1699918864\n|move|p2a: Trevenant|Substitute|p2a: Trevenant\n|-start|p2a: Trevenant|Substitute\n|-damage|p2a: Trevenant|32\/100\n|move|p1a: Aloha Snackbar|Volt Switch|p2a: Trevenant\n|-resisted|p2a: Trevenant\n|-activate|p2a: Trevenant|move: Substitute|[damage]\n|\n|t:|1699918866\n|switch|p1a: Rillaboom|Rillaboom, M|100\/100|[from] Volt Switch\n|-fieldstart|move: Grassy Terrain|[from] ability: Grassy Surge|[of] p1a: Rillaboom\n|\n|-heal|p2a: Trevenant|38\/100|[from] Grassy Terrain\n|upkeep\n|turn|13\n|\n|t:|1699918871\n|move|p2a: Trevenant|Protect|p2a: Trevenant\n|-singleturn|p2a: Trevenant|Protect\n|move|p1a: Rillaboom|U-turn|p2a: Trevenant\n|-activate|p2a: Trevenant|move: Protect\n|\n|-heal|p2a: Trevenant|44\/100|[from] Grassy Terrain\n|-item|p2a: Trevenant|Sitrus Berry|[from] ability: Harvest\n|upkeep\n|-enditem|p2a: Trevenant|Sitrus Berry|[eat]\n|-heal|p2a: Trevenant|69\/100|[from] item: Sitrus Berry\n|turn|14\n|\n|t:|1699918880\n|move|p1a: Rillaboom|U-turn|p2a: Trevenant\n|-end|p2a: Trevenant|Substitute\n|\n|t:|1699918894\n|switch|p1a: Ceruledge|Ceruledge, F|100\/100|[from] U-turn\n|move|p2a: Trevenant|Curse|p1a: Ceruledge\n|-start|p1a: Ceruledge|Curse|[of] p2a: Trevenant\n|-damage|p2a: Trevenant|19\/100\n|\n|-heal|p2a: Trevenant|25\/100|[from] Grassy Terrain\n|-damage|p1a: Ceruledge|76\/100|[from] Curse\n|upkeep\n|turn|15\n|\n|t:|1699918904\n|move|p1a: Ceruledge|Bulk Up|p1a: Ceruledge\n|-boost|p1a: Ceruledge|atk|1\n|-boost|p1a: Ceruledge|def|1\n|move|p2a: Trevenant|Substitute|p2a: Trevenant\n|-fail|p2a: Trevenant|move: Substitute|[weak]\n|\n|-heal|p1a: Ceruledge|82\/100|[from] Grassy Terrain\n|-heal|p2a: Trevenant|31\/100|[from] Grassy Terrain\n|-damage|p1a: Ceruledge|57\/100|[from] Curse\n|upkeep\n|turn|16\n|\n|t:|1699918911\n|move|p2a: Trevenant|Protect|p2a: Trevenant\n|-singleturn|p2a: Trevenant|Protect\n|move|p1a: Ceruledge|Shadow Sneak|p2a: Trevenant\n|-activate|p2a: Trevenant|move: Protect\n|\n|-heal|p1a: Ceruledge|63\/100|[from] Grassy Terrain\n|-heal|p2a: Trevenant|37\/100|[from] Grassy Terrain\n|-damage|p1a: Ceruledge|38\/100|[from] Curse\n|-item|p2a: Trevenant|Sitrus Berry|[from] ability: Harvest\n|upkeep\n|-enditem|p2a: Trevenant|Sitrus Berry|[eat]\n|-heal|p2a: Trevenant|62\/100|[from] item: Sitrus Berry\n|turn|17\n|\n|t:|1699918917\n|switch|p1a: Rillaboom|Rillaboom, M|100\/100\n|switch|p2a: Spiritomb|Spiritomb, F|78\/100\n|\n|-heal|p2a: Spiritomb|84\/100|[from] Grassy Terrain\n|upkeep\n|turn|18\n|\n|t:|1699918934\n|move|p1a: Rillaboom|U-turn|p2a: Spiritomb\n|-damage|p2a: Spiritomb|60\/100\n|\n|t:|1699918938\n|switch|p1a: Ceruledge|Ceruledge, F|38\/100|[from] U-turn\n|move|p2a: Spiritomb|Toxic|p1a: Ceruledge\n|-status|p1a: Ceruledge|tox\n|\n|-heal|p1a: Ceruledge|45\/100 tox|[from] Grassy Terrain\n|-heal|p2a: Spiritomb|66\/100|[from] Grassy Terrain\n|-damage|p1a: Ceruledge|38\/100 tox|[from] psn\n|upkeep\n|turn|19\n|\n|t:|1699918945\n|switch|p2a: Komala|Komala, F|100\/100\n|-ability|p2a: Komala|Comatose\n|move|p1a: Ceruledge|Bitter Blade|p2a: Komala\n|-damage|p2a: Komala|53\/100\n|-heal|p1a: Ceruledge|57\/100 tox|[from] drain|[of] p2a: Komala\n|\n|-heal|p1a: Ceruledge|63\/100 tox|[from] Grassy Terrain\n|-heal|p2a: Komala|59\/100|[from] Grassy Terrain\n|-damage|p1a: Ceruledge|50\/100 tox|[from] psn\n|-fieldend|move: Grassy Terrain\n|upkeep\n|turn|20\n|\n|t:|1699918952\n|switch|p1a: Rillaboom|Rillaboom, M|100\/100\n|-fieldstart|move: Grassy Terrain|[from] ability: Grassy Surge|[of] p1a: Rillaboom\n|move|p2a: Komala|Sucker Punch||[still]\n|-fail|p2a: Komala\n|\n|-heal|p2a: Komala|65\/100|[from] Grassy Terrain\n|upkeep\n|turn|21\n|\n|t:|1699918963\n|move|p1a: Rillaboom|Knock Off|p2a: Komala\n|-damage|p2a: Komala|24\/100\n|-enditem|p2a: Komala|Assault Vest|[from] move: Knock Off|[of] p1a: Rillaboom\n|move|p2a: Komala|U-turn|p1a: Rillaboom\n|-supereffective|p1a: Rillaboom\n|-damage|p1a: Rillaboom|54\/100\n|\n|t:|1699918972\n|switch|p2a: Trevenant|Trevenant, F|62\/100|[from] U-turn\n|\n|-heal|p1a: Rillaboom|60\/100|[from] Grassy Terrain\n|-heal|p2a: Trevenant|68\/100|[from] Grassy Terrain\n|upkeep\n|turn|22\n|\n|t:|1699918977\n|move|p2a: Trevenant|Protect|p2a: Trevenant\n|-singleturn|p2a: Trevenant|Protect\n|move|p1a: Rillaboom|Taunt|p2a: Trevenant\n|-activate|p2a: Trevenant|move: Protect\n|\n|-heal|p1a: Rillaboom|66\/100|[from] Grassy Terrain\n|-heal|p2a: Trevenant|74\/100|[from] Grassy Terrain\n|-item|p2a: Trevenant|Sitrus Berry|[from] ability: Harvest\n|upkeep\n|turn|23\n|\n|t:|1699918988\n|switch|p2a: Komala|Komala, F|24\/100\n|-ability|p2a: Komala|Comatose\n|move|p1a: Rillaboom|Taunt|p2a: Komala\n|-start|p2a: Komala|move: Taunt\n|\n|-heal|p1a: Rillaboom|73\/100|[from] Grassy Terrain\n|-heal|p2a: Komala|30\/100|[from] Grassy Terrain\n|upkeep\n|turn|24\n|\n|t:|1699918993\n|move|p1a: Rillaboom|Grassy Glide|p2a: Komala\n|-damage|p2a: Komala|0 fnt\n|faint|p2a: Komala\n|\n|-heal|p1a: Rillaboom|79\/100|[from] Grassy Terrain\n|upkeep\n|\n|t:|1699918998\n|switch|p2a: Spiritomb|Spiritomb, F|66\/100\n|turn|25\n|\n|t:|1699919004\n|move|p1a: Rillaboom|U-turn|p2a: Spiritomb\n|-damage|p2a: Spiritomb|42\/100\n|\n|t:|1699919011\n|switch|p1a: Ceruledge|Ceruledge, F|50\/100 tox|[from] U-turn\n|move|p2a: Spiritomb|Poltergeist|p1a: Ceruledge\n|-activate|p1a: Ceruledge|move: Poltergeist|Heavy-Duty Boots\n|-supereffective|p1a: Ceruledge\n|-damage|p1a: Ceruledge|0 fnt\n|faint|p1a: Ceruledge\n|\n|-heal|p2a: Spiritomb|48\/100|[from] Grassy Terrain\n|upkeep\n|\n|t:|1699919036\n|switch|p1a: Sneasler|Sneasler, M|26\/100\n|turn|26\n|\n|t:|1699919045\n|move|p1a: Sneasler|Dire Claw|p2a: Spiritomb\n|-resisted|p2a: Spiritomb\n|-damage|p2a: Spiritomb|26\/100\n|-status|p2a: Spiritomb|slp\n|cant|p2a: Spiritomb|slp\n|\n|-heal|p1a: Sneasler|32\/100|[from] Grassy Terrain\n|-heal|p2a: Spiritomb|32\/100 slp|[from] Grassy Terrain\n|upkeep\n|turn|27\n|\n|t:|1699919056\n|move|p1a: Sneasler|Swords Dance|p1a: Sneasler\n|-boost|p1a: Sneasler|atk|2\n|cant|p2a: Spiritomb|slp\n|\n|-heal|p1a: Sneasler|38\/100|[from] Grassy Terrain\n|-heal|p2a: Spiritomb|38\/100 slp|[from] Grassy Terrain\n|-fieldend|move: Grassy Terrain\n|upkeep\n|turn|28\n|\n|t:|1699919062\n|switch|p2a: Trevenant|Trevenant, F|74\/100\n|move|p1a: Sneasler|Shadow Claw|p2a: Trevenant\n|-supereffective|p2a: Trevenant\n|-damage|p2a: Trevenant|0 fnt\n|faint|p2a: Trevenant\n|\n|upkeep\n|\n|t:|1699919064\n|switch|p2a: Spiritomb|Spiritomb, F|38\/100 slp\n|turn|29\n|\n|t:|1699919069\n|move|p1a: Sneasler|Shadow Claw|p2a: Spiritomb\n|-damage|p2a: Spiritomb|0 fnt\n|faint|p2a: Spiritomb\n|\n|upkeep\n|\n|t:|1699919072\n|switch|p2a: Weavile|Weavile, M|100\/100\n|-ability|p2a: Weavile|Pressure\n|turn|30\n|\n|t:|1699919079\n|move|p2a: Weavile|Hone Claws|p2a: Weavile\n|-boost|p2a: Weavile|atk|1\n|-boost|p2a: Weavile|accuracy|1\n|move|p1a: Sneasler|Close Combat|p2a: Weavile\n|-supereffective|p2a: Weavile\n|-enditem|p2a: Weavile|Focus Sash\n|-damage|p2a: Weavile|1\/100\n|-unboost|p1a: Sneasler|def|1\n|-unboost|p1a: Sneasler|spd|1\n|\n|upkeep\n|turn|31\n|\n|t:|1699919087\n|move|p2a: Weavile|Icicle Crash|p1a: Sneasler\n|-crit|p1a: Sneasler\n|-damage|p1a: Sneasler|0 fnt\n|faint|p1a: Sneasler\n|\n|upkeep\n|\n|t:|1699919089\n|switch|p1a: Rillaboom|Rillaboom, M|79\/100\n|-fieldstart|move: Grassy Terrain|[from] ability: Grassy Surge|[of] p1a: Rillaboom\n|turn|32\n|\n|t:|1699919099\n|-terastallize|p1a: Rillaboom|Fairy\n|move|p1a: Rillaboom|Grassy Glide|p2a: Weavile\n|-damage|p2a: Weavile|0 fnt\n|faint|p2a: Weavile\n|\n|-heal|p1a: Rillaboom|85\/100|[from] Grassy Terrain\n|upkeep\n|\n|t:|1699919103\n|switch|p2a: Mudsdale|Mudsdale, F|100\/100\n|turn|33\n|\n|t:|1699919109\n|-terastallize|p2a: Mudsdale|Steel\n|move|p1a: Rillaboom|Taunt|p2a: Mudsdale\n|-start|p2a: Mudsdale|move: Taunt\n|move|p2a: Mudsdale|Body Press|p1a: Rillaboom\n|-resisted|p1a: Rillaboom\n|-damage|p1a: Rillaboom|74\/100\n|\n|-heal|p1a: Rillaboom|81\/100|[from] Grassy Terrain\n|upkeep\n|turn|34\n|\n|t:|1699919120\n|switch|p1a: Aloha Snackbar|Electrode-Hisui, shiny|100\/100\n|move|p2a: Mudsdale|Stomping Tantrum|p1a: Aloha Snackbar\n|-damage|p1a: Aloha Snackbar|49\/100\n|\n|-heal|p1a: Aloha Snackbar|55\/100|[from] Grassy Terrain\n|upkeep\n|turn|35\n|\n|t:|1699919130\n|move|p2a: Mudsdale|Stomping Tantrum|p1a: Aloha Snackbar\n|-damage|p1a: Aloha Snackbar|2\/100\n|move|p1a: Aloha Snackbar|Thunderbolt|p2a: Mudsdale\n|-damage|p2a: Mudsdale|77\/100\n|-ability|p2a: Mudsdale|Stamina|boost\n|-boost|p2a: Mudsdale|def|1\n|\n|-heal|p1a: Aloha Snackbar|8\/100|[from] Grassy Terrain\n|-heal|p2a: Mudsdale|84\/100|[from] Grassy Terrain\n|-end|p2a: Mudsdale|move: Taunt\n|upkeep\n|turn|36\n|\n|t:|1699919145\n|move|p2a: Mudsdale|Body Press|p1a: Aloha Snackbar\n|-damage|p1a: Aloha Snackbar|0 fnt\n|-damage|p2a: Mudsdale|59\/100|[from] ability: Aftermath|[of] p1a: Aloha Snackbar\n|faint|p1a: Aloha Snackbar\n|\n|-heal|p2a: Mudsdale|65\/100|[from] Grassy Terrain\n|upkeep\n|\n|t:|1699919153\n|switch|p1a: Weezing|Weezing-Galar, M|100\/100\n|-ability|p1a: Weezing|Neutralizing Gas\n|turn|37\n|\n|t:|1699919156\n|move|p1a: Weezing|Will-O-Wisp|p2a: Mudsdale\n|-status|p2a: Mudsdale|brn\n|move|p2a: Mudsdale|Stomping Tantrum|p1a: Weezing\n|-supereffective|p1a: Weezing\n|-damage|p1a: Weezing|81\/100\n|\n|-heal|p1a: Weezing|87\/100|[from] Grassy Terrain\n|-heal|p2a: Mudsdale|71\/100 brn|[from] Grassy Terrain\n|-damage|p2a: Mudsdale|65\/100 brn|[from] brn\n|upkeep\n|turn|38\n|\n|t:|1699919168\n|-end|p1a: Weezing|ability: Neutralizing Gas\n|switch|p1a: Ogerpon|Ogerpon-Cornerstone, F|100\/100\n|move|p2a: Mudsdale|Rest|p2a: Mudsdale\n|-status|p2a: Mudsdale|slp|[from] move: Rest\n|-heal|p2a: Mudsdale|100\/100 slp|[silent]\n|\n|upkeep\n|turn|39\n|\n|t:|1699919177\n|move|p1a: Ogerpon|Swords Dance|p1a: Ogerpon\n|-boost|p1a: Ogerpon|atk|2\n|cant|p2a: Mudsdale|slp\n|move|p2a: Mudsdale|Sleep Talk|p2a: Mudsdale\n|move|p2a: Mudsdale|Stomping Tantrum|p1a: Ogerpon|[from]move: Sleep Talk\n|-damage|p1a: Ogerpon|57\/100\n|\n|-heal|p1a: Ogerpon|63\/100|[from] Grassy Terrain\n|-fieldend|move: Grassy Terrain\n|upkeep\n|turn|40\n|\n|t:|1699919184\n|move|p1a: Ogerpon|Low Kick|p2a: Mudsdale\n|-supereffective|p2a: Mudsdale\n|-damage|p2a: Mudsdale|0 fnt\n|faint|p2a: Mudsdale\n|\n|win|vivitheblackmage\n|raw|vivitheblackmage's rating: 1200 &rarr; <strong>1222<\/strong><br \/>(+22 for winning)\n|raw|Requin citron's rating: 1154 &rarr; <strong>1132<\/strong><br \/>(-22 for losing)\n|l|\u2606Requin citron\n","uploadtime":1699919191,"views":7,"p1id":"vivitheblackmage","p2id":"requincitron","formatid":"gen9ou","rating":1132,"private":0,"password":""}