{"id":"gen9ou-1999501850","p1":"Diatere","p2":"laosai","format":"[Gen 9] OU","log":"|j|\u2606Diatere\n|j|\u203dlaosai\n|t:|1701089728\n|gametype|singles\n|player|p1|Diatere|mina|1424\n|player|p2|laosai|bellelba|1523\n|teamsize|p1|6\n|teamsize|p2|6\n|gen|9\n|tier|[Gen 9] OU\n|rated|\n|rule|Sleep Clause Mod: Limit one foe put to sleep\n|rule|Species Clause: Limit one of each Pok\u00e9mon\n|rule|OHKO Clause: OHKO moves are banned\n|rule|Evasion Items Clause: Evasion items are banned\n|rule|Evasion Moves Clause: Evasion moves are banned\n|rule|Endless Battle Clause: Forcing endless battles is banned\n|rule|HP Percentage Mod: HP is shown in percentages\n|clearpoke\n|poke|p1|Ninetales-Alola, M|\n|poke|p1|Hatterene, F|\n|poke|p1|Manaphy|\n|poke|p1|Ogerpon-Cornerstone, F|\n|poke|p1|Rillaboom, M|\n|poke|p1|Iron Valiant|\n|poke|p2|Tatsugiri-Droopy, M|\n|poke|p2|Alomomola, F|\n|poke|p2|Iron Valiant|\n|poke|p2|Landorus-Therian, M|\n|poke|p2|Dragapult, F|\n|poke|p2|Slowking-Galar, F|\n|teampreview\n|\n|t:|1701089734\n|start\n|switch|p1a: Tavros|Ninetales-Alola, M|100\/100\n|switch|p2a: Dragapult|Dragapult, F|100\/100\n|-weather|Snow|[from] ability: Snow Warning|[of] p1a: Tavros\n|turn|1\n|inactive|Battle timer is ON: inactive players will automatically lose when time's up. (requested by laosai)\n|\n|t:|1701089750\n|move|p2a: Dragapult|Thunder Wave|p1a: Tavros\n|-status|p1a: Tavros|par\n|move|p1a: Tavros|Moonblast|p2a: Dragapult\n|-supereffective|p2a: Dragapult\n|-damage|p2a: Dragapult|33\/100\n|\n|-weather|Snow|[upkeep]\n|-heal|p2a: Dragapult|39\/100|[from] item: Leftovers\n|upkeep\n|turn|2\n|\n|t:|1701089756\n|move|p2a: Dragapult|Hex|p1a: Tavros\n|-damage|p1a: Tavros|51\/100 par\n|cant|p1a: Tavros|par\n|\n|-weather|Snow|[upkeep]\n|-heal|p2a: Dragapult|46\/100|[from] item: Leftovers\n|upkeep\n|turn|3\n|\n|t:|1701089761\n|move|p2a: Dragapult|Hex|p1a: Tavros\n|-damage|p1a: Tavros|4\/100 par\n|move|p1a: Tavros|Aurora Veil|p1a: Tavros\n|-sidestart|p1: Diatere|move: Aurora Veil\n|\n|-weather|Snow|[upkeep]\n|-heal|p2a: Dragapult|52\/100|[from] item: Leftovers\n|upkeep\n|turn|4\n|\n|t:|1701089766\n|switch|p1a: Gamzee|Rillaboom, M|100\/100\n|-fieldstart|move: Grassy Terrain|[from] ability: Grassy Surge|[of] p1a: Gamzee\n|move|p2a: Dragapult|U-turn|p1a: Gamzee\n|-supereffective|p1a: Gamzee\n|-damage|p1a: Gamzee|65\/100\n|\n|t:|1701089771\n|switch|p2a: Landorus|Landorus-Therian, M|100\/100|[from] U-turn\n|-ability|p2a: Landorus|Intimidate|boost\n|-unboost|p1a: Gamzee|atk|1\n|\n|-weather|Snow|[upkeep]\n|-heal|p1a: Gamzee|71\/100|[from] Grassy Terrain\n|upkeep\n|turn|5\n|\n|t:|1701089787\n|move|p2a: Landorus|U-turn|p1a: Gamzee\n|-supereffective|p1a: Gamzee\n|-damage|p1a: Gamzee|41\/100\n|inactive|laosai has 120 seconds left.\n|\n|t:|1701089830\n|switch|p2a: Dragapult|Dragapult, F|52\/100|[from] U-turn\n|move|p1a: Gamzee|U-turn|p2a: Dragapult\n|-resisted|p2a: Dragapult\n|-damage|p2a: Dragapult|37\/100\n|\n|t:|1701089842\n|switch|p1a: Kanaya|Hatterene, F|100\/100|[from] U-turn\n|-enditem|p1a: Kanaya|Grassy Seed\n|-boost|p1a: Kanaya|def|1|[from] item: Grassy Seed\n|\n|-weather|none\n|-heal|p2a: Dragapult|43\/100|[from] Grassy Terrain\n|-heal|p2a: Dragapult|50\/100|[from] item: Leftovers\n|upkeep\n|turn|6\n|inactive|laosai has 120 seconds left.\n|\n|t:|1701089849\n|-terastallize|p2a: Dragapult|Ghost\n|move|p2a: Dragapult|Hex|p1a: Kanaya\n|-supereffective|p1a: Kanaya\n|-damage|p1a: Kanaya|20\/100\n|move|p1a: Kanaya|Calm Mind|p1a: Kanaya\n|-boost|p1a: Kanaya|spa|1\n|-boost|p1a: Kanaya|spd|1\n|\n|-heal|p2a: Dragapult|56\/100|[from] Grassy Terrain\n|-heal|p2a: Dragapult|62\/100|[from] item: Leftovers\n|-heal|p1a: Kanaya|26\/100|[from] Grassy Terrain\n|upkeep\n|turn|7\n|\n|t:|1701089865\n|-terastallize|p1a: Kanaya|Water\n|move|p2a: Dragapult|Hex|p1a: Kanaya\n|-damage|p1a: Kanaya|3\/100\n|move|p1a: Kanaya|Draining Kiss|p2a: Dragapult\n|-damage|p2a: Dragapult|20\/100\n|-heal|p1a: Kanaya|37\/100|[from] drain|[of] p2a: Dragapult\n|\n|-heal|p2a: Dragapult|27\/100|[from] Grassy Terrain\n|-heal|p2a: Dragapult|33\/100|[from] item: Leftovers\n|-heal|p1a: Kanaya|43\/100|[from] Grassy Terrain\n|upkeep\n|turn|8\n|\n|t:|1701089874\n|move|p2a: Dragapult|Hex|p1a: Kanaya\n|-damage|p1a: Kanaya|16\/100\n|move|p1a: Kanaya|Draining Kiss|p2a: Dragapult\n|-damage|p2a: Dragapult|0 fnt\n|-heal|p1a: Kanaya|42\/100|[from] drain|[of] p2a: Dragapult\n|faint|p2a: Dragapult\n|\n|-heal|p1a: Kanaya|48\/100|[from] Grassy Terrain\n|-fieldend|move: Grassy Terrain\n|upkeep\n|\n|t:|1701089885\n|switch|p2a: Alomomola|Alomomola, F|100\/100\n|turn|9\n|\n|t:|1701089894\n|move|p2a: Alomomola|Wish|p2a: Alomomola\n|move|p1a: Kanaya|Calm Mind|p1a: Kanaya\n|-boost|p1a: Kanaya|spa|1\n|-boost|p1a: Kanaya|spd|1\n|\n|upkeep\n|turn|10\n|\n|t:|1701089900\n|move|p2a: Alomomola|Scald|p1a: Kanaya\n|-resisted|p1a: Kanaya\n|-damage|p1a: Kanaya|47\/100\n|move|p1a: Kanaya|Draining Kiss|p2a: Alomomola\n|-damage|p2a: Alomomola|57\/100\n|-heal|p1a: Kanaya|99\/100|[from] drain|[of] p2a: Alomomola\n|-enditem|p2a: Alomomola|Red Card|[of] p1a: Kanaya\n|drag|p1a: Gamzee|Rillaboom, M|41\/100\n|-fieldstart|move: Grassy Terrain|[from] ability: Grassy Surge|[of] p1a: Gamzee\n|\n|-heal|p2a: Alomomola|100\/100|[from] move: Wish|[wisher] Alomomola\n|-heal|p1a: Gamzee|47\/100|[from] Grassy Terrain\n|-sideend|p1: Diatere|move: Aurora Veil\n|upkeep\n|turn|11\n|\n|t:|1701089910\n|move|p1a: Gamzee|Grassy Glide|p2a: Alomomola\n|-supereffective|p2a: Alomomola\n|-damage|p2a: Alomomola|35\/100\n|move|p2a: Alomomola|Acrobatics|p1a: Gamzee\n|-supereffective|p1a: Gamzee\n|-damage|p1a: Gamzee|1\/100\n|\n|-heal|p1a: Gamzee|7\/100|[from] Grassy Terrain\n|-heal|p2a: Alomomola|41\/100|[from] Grassy Terrain\n|upkeep\n|turn|12\n|\n|t:|1701089918\n|switch|p2a: Landorus|Landorus-Therian, M|100\/100\n|-ability|p2a: Landorus|Intimidate|boost\n|-unboost|p1a: Gamzee|atk|1\n|move|p1a: Gamzee|Grassy Glide|p2a: Landorus\n|-damage|p2a: Landorus|55\/100\n|\n|-heal|p2a: Landorus|61\/100|[from] item: Leftovers\n|-heal|p1a: Gamzee|13\/100|[from] Grassy Terrain\n|upkeep\n|turn|13\n|\n|t:|1701089932\n|switch|p1a: Karkat|Manaphy|100\/100\n|move|p2a: Landorus|Stealth Rock|p1a: Karkat\n|-sidestart|p1: Diatere|move: Stealth Rock\n|\n|-heal|p2a: Landorus|68\/100|[from] item: Leftovers\n|upkeep\n|turn|14\n|\n|t:|1701089938\n|move|p2a: Landorus|U-turn|p1a: Karkat\n|-damage|p1a: Karkat|76\/100\n|\n|t:|1701089940\n|switch|p2a: Tatsugiri|Tatsugiri-Droopy, M|100\/100|[from] U-turn\n|move|p1a: Karkat|Acid Armor|p1a: Karkat\n|-boost|p1a: Karkat|def|2\n|\n|-heal|p1a: Karkat|82\/100|[from] Grassy Terrain\n|-heal|p1a: Karkat|89\/100|[from] item: Leftovers\n|-fieldend|move: Grassy Terrain\n|upkeep\n|turn|15\n|\n|t:|1701089945\n|move|p2a: Tatsugiri|Nasty Plot|p2a: Tatsugiri\n|-boost|p2a: Tatsugiri|spa|2\n|move|p1a: Karkat|Take Heart|p1a: Karkat\n|-boost|p1a: Karkat|spa|1\n|-boost|p1a: Karkat|spd|1\n|\n|-heal|p1a: Karkat|95\/100|[from] item: Leftovers\n|upkeep\n|turn|16\n|\n|t:|1701089950\n|move|p2a: Tatsugiri|Nasty Plot|p2a: Tatsugiri\n|-boost|p2a: Tatsugiri|spa|2\n|move|p1a: Karkat|Take Heart|p1a: Karkat\n|-boost|p1a: Karkat|spa|1\n|-boost|p1a: Karkat|spd|1\n|\n|-heal|p1a: Karkat|100\/100|[from] item: Leftovers\n|upkeep\n|turn|17\n|\n|t:|1701089952\n|move|p2a: Tatsugiri|Nasty Plot|p2a: Tatsugiri\n|-boost|p2a: Tatsugiri|spa|2\n|move|p1a: Karkat|Stored Power|p2a: Tatsugiri\n|-damage|p2a: Tatsugiri|0 fnt\n|faint|p2a: Tatsugiri\n|\n|upkeep\n|-message|laosai forfeited.\n|\n|win|Diatere\n|raw|Diatere's rating: 1424 &rarr; <strong>1450<\/strong><br \/>(+26 for winning)\n|raw|laosai's rating: 1523 &rarr; <strong>1497<\/strong><br \/>(-26 for losing)\n|l|\u203dlaosai\n","uploadtime":1701089966,"views":3,"p1id":"diatere","p2id":"laosai","formatid":"gen9ou","rating":1450,"private":0,"password":""}