{"id":"gen9ou-1994297518","p1":"Lasagne Crustle","p2":"malwareporygon","format":"[Gen 9] OU","log":"|j|\u2606Lasagne Crustle\n|j|\u2606malwareporygon\n|t:|1700428343\n|gametype|singles\n|player|p1|Lasagne Crustle|lucas|1185\n|player|p2|malwareporygon|psychicf-gen4|1233\n|teamsize|p1|6\n|teamsize|p2|6\n|gen|9\n|tier|[Gen 9] OU\n|rated|\n|rule|Sleep Clause Mod: Limit one foe put to sleep\n|rule|Species Clause: Limit one of each Pok\u00e9mon\n|rule|OHKO Clause: OHKO moves are banned\n|rule|Evasion Items Clause: Evasion items are banned\n|rule|Evasion Moves Clause: Evasion moves are banned\n|rule|Endless Battle Clause: Forcing endless battles is banned\n|rule|HP Percentage Mod: HP is shown in percentages\n|clearpoke\n|poke|p1|Clefable, M|\n|poke|p1|Dondozo, M|\n|poke|p1|Tornadus-Therian, M|\n|poke|p1|Toxapex, M|\n|poke|p1|Talonflame, F|\n|poke|p1|Corviknight, F|\n|poke|p2|Alomomola, F|\n|poke|p2|Wo-Chien|\n|poke|p2|Clefable, M|\n|poke|p2|Avalugg, M|\n|poke|p2|Decidueye-Hisui, M|\n|poke|p2|Tinkaton, F|\n|teampreview\n|inactive|Battle timer is ON: inactive players will automatically lose when time's up. (requested by malwareporygon)\n|inactive|Lasagne Crustle also wants the timer to be on.\n|\n|t:|1700428365\n|start\n|switch|p1a: Talonflame|Talonflame, F|100\/100\n|switch|p2a: Decidueye|Decidueye-Hisui, M|100\/100\n|turn|1\n|\n|t:|1700428377\n|move|p1a: Talonflame|Flare Blitz|p2a: Decidueye\n|-supereffective|p2a: Decidueye\n|-damage|p2a: Decidueye|0 fnt\n|faint|p2a: Decidueye\n|-damage|p1a: Talonflame|58\/100|[from] Recoil\n|\n|upkeep\n|\n|t:|1700428386\n|switch|p2a: Alomomola|Alomomola, F|100\/100\n|turn|2\n|\n|t:|1700428402\n|switch|p1a: Corviknight|Corviknight, F|100\/100\n|move|p2a: Alomomola|Wish|p2a: Alomomola\n|\n|upkeep\n|turn|3\n|\n|t:|1700428407\n|move|p1a: Corviknight|Nasty Plot|p1a: Corviknight\n|-boost|p1a: Corviknight|spa|2\n|move|p2a: Alomomola|Flip Turn|p1a: Corviknight\n|-damage|p1a: Corviknight|86\/100\n|\n|t:|1700428418\n|switch|p2a: Tinkaton|Tinkaton, F|100\/100|[from] Flip Turn\n|-ability|p2a: Tinkaton|Mold Breaker\n|\n|upkeep\n|turn|4\n|\n|t:|1700428427\n|move|p1a: Corviknight|Flash Cannon|p2a: Tinkaton\n|-damage|p2a: Tinkaton|59\/100\n|-damage|p1a: Corviknight|76\/100|[from] item: Life Orb\n|move|p2a: Tinkaton|Knock Off|p1a: Corviknight\n|-damage|p1a: Corviknight|51\/100\n|-enditem|p1a: Corviknight|Life Orb|[from] move: Knock Off|[of] p2a: Tinkaton\n|\n|upkeep\n|turn|5\n|\n|t:|1700428436\n|move|p1a: Corviknight|Flash Cannon|p2a: Tinkaton\n|-damage|p2a: Tinkaton|30\/100\n|move|p2a: Tinkaton|Ice Hammer|p1a: Corviknight\n|-damage|p1a: Corviknight|27\/100\n|-unboost|p2a: Tinkaton|spe|1\n|\n|upkeep\n|turn|6\n|\n|t:|1700428444\n|switch|p2a: Alomomola|Alomomola, F|100\/100\n|move|p1a: Corviknight|Flash Cannon|p2a: Alomomola\n|-resisted|p2a: Alomomola\n|-damage|p2a: Alomomola|68\/100\n|\n|upkeep\n|turn|7\n|\n|t:|1700428450\n|move|p1a: Corviknight|Hurricane|p2a: Alomomola|[miss]\n|-miss|p1a: Corviknight|p2a: Alomomola\n|move|p2a: Alomomola|Wish|p2a: Alomomola\n|\n|upkeep\n|turn|8\n|\n|t:|1700428455\n|switch|p2a: Tinkaton|Tinkaton, F|30\/100\n|-ability|p2a: Tinkaton|Mold Breaker\n|move|p1a: Corviknight|Hurricane|p2a: Tinkaton\n|-resisted|p2a: Tinkaton\n|-damage|p2a: Tinkaton|12\/100\n|-start|p2a: Tinkaton|confusion\n|\n|-heal|p2a: Tinkaton|97\/100|[from] move: Wish|[wisher] Alomomola\n|upkeep\n|turn|9\n|\n|t:|1700428469\n|move|p1a: Corviknight|Nasty Plot|p1a: Corviknight\n|-boost|p1a: Corviknight|spa|2\n|-activate|p2a: Tinkaton|confusion\n|move|p2a: Tinkaton|Ice Hammer|p1a: Corviknight|[miss]\n|-miss|p2a: Tinkaton|p1a: Corviknight\n|\n|upkeep\n|turn|10\n|\n|t:|1700428477\n|move|p1a: Corviknight|Flash Cannon|p2a: Tinkaton\n|-damage|p2a: Tinkaton|55\/100\n|-activate|p2a: Tinkaton|confusion\n|-damage|p2a: Tinkaton|40\/100|[from] confusion\n|\n|upkeep\n|turn|11\n|\n|t:|1700428483\n|move|p1a: Corviknight|Flash Cannon|p2a: Tinkaton\n|-damage|p2a: Tinkaton|0 fnt\n|faint|p2a: Tinkaton\n|\n|upkeep\n|\n|t:|1700428487\n|switch|p2a: Clefable|Clefable, M|100\/100\n|turn|12\n|\n|t:|1700428497\n|-terastallize|p2a: Clefable|Fire\n|move|p1a: Corviknight|Flash Cannon|p2a: Clefable\n|-resisted|p2a: Clefable\n|-damage|p2a: Clefable|90\/100\n|move|p2a: Clefable|Cosmic Power|p2a: Clefable\n|-boost|p2a: Clefable|def|1\n|-boost|p2a: Clefable|spd|1\n|\n|upkeep\n|turn|13\n|\n|t:|1700428506\n|move|p1a: Corviknight|Hurricane|p2a: Clefable\n|-damage|p2a: Clefable|67\/100\n|move|p2a: Clefable|Cosmic Power|p2a: Clefable\n|-boost|p2a: Clefable|def|1\n|-boost|p2a: Clefable|spd|1\n|\n|upkeep\n|turn|14\n|\n|t:|1700428513\n|switch|p1a: Dondozo|Dondozo, M|100\/100\n|move|p2a: Clefable|Cosmic Power|p2a: Clefable\n|-boost|p2a: Clefable|def|1\n|-boost|p2a: Clefable|spd|1\n|\n|upkeep\n|turn|15\n|\n|t:|1700428522\n|move|p2a: Clefable|Charge Beam|p1a: Dondozo|[miss]\n|-miss|p2a: Clefable|p1a: Dondozo\n|move|p1a: Dondozo|Wave Crash|p2a: Clefable\n|-supereffective|p2a: Clefable\n|-crit|p2a: Clefable\n|-damage|p2a: Clefable|0 fnt\n|faint|p2a: Clefable\n|-damage|p1a: Dondozo|86\/100|[from] Recoil\n|\n|upkeep\n|\n|t:|1700428531\n|switch|p2a: Wo-Chien|Wo-Chien|100\/100\n|-ability|p2a: Wo-Chien|Tablets of Ruin\n|turn|16\n|\n|t:|1700428540\n|move|p2a: Wo-Chien|Ruination|p1a: Dondozo\n|-damage|p1a: Dondozo|43\/100\n|move|p1a: Dondozo|Wave Crash|p2a: Wo-Chien\n|-resisted|p2a: Wo-Chien\n|-damage|p2a: Wo-Chien|73\/100\n|-damage|p1a: Dondozo|38\/100|[from] Recoil\n|\n|upkeep\n|turn|17\n|\n|t:|1700428548\n|move|p2a: Wo-Chien|Giga Drain|p1a: Dondozo\n|-supereffective|p1a: Dondozo\n|-damage|p1a: Dondozo|0 fnt\n|-heal|p2a: Wo-Chien|100\/100|[from] drain|[of] p1a: Dondozo\n|faint|p1a: Dondozo\n|\n|upkeep\n|\n|t:|1700428556\n|switch|p1a: Clefable|Clefable, M|100\/100\n|turn|18\n|\n|t:|1700428560\n|move|p2a: Wo-Chien|Knock Off|p1a: Clefable\n|-resisted|p1a: Clefable\n|-crit|p1a: Clefable\n|-damage|p1a: Clefable|77\/100\n|-enditem|p1a: Clefable|Life Orb|[from] move: Knock Off|[of] p2a: Wo-Chien\n|move|p1a: Clefable|Calm Mind|p1a: Clefable\n|-boost|p1a: Clefable|spa|1\n|-boost|p1a: Clefable|spd|1\n|\n|upkeep\n|turn|19\n|\n|t:|1700428568\n|move|p2a: Wo-Chien|Ruination|p1a: Clefable|[miss]\n|-miss|p2a: Wo-Chien|p1a: Clefable\n|move|p1a: Clefable|Moonblast|p2a: Wo-Chien\n|-supereffective|p2a: Wo-Chien\n|-damage|p2a: Wo-Chien|42\/100\n|\n|upkeep\n|turn|20\n|\n|t:|1700428579\n|move|p2a: Wo-Chien|Ruination|p1a: Clefable\n|-damage|p1a: Clefable|39\/100\n|move|p1a: Clefable|Moonblast|p2a: Wo-Chien\n|-supereffective|p2a: Wo-Chien\n|-damage|p2a: Wo-Chien|0 fnt\n|faint|p2a: Wo-Chien\n|\n|upkeep\n|\n|t:|1700428587\n|switch|p2a: Avalugg|Avalugg, M|100\/100\n|turn|21\n|\n|t:|1700428591\n|move|p1a: Clefable|Moonblast|p2a: Avalugg\n|-damage|p2a: Avalugg|49\/100\n|move|p2a: Avalugg|Iron Head|p1a: Clefable\n|-supereffective|p1a: Clefable\n|-damage|p1a: Clefable|0 fnt\n|faint|p1a: Clefable\n|\n|upkeep\n|\n|t:|1700428595\n|switch|p1a: Talonflame|Talonflame, F|58\/100\n|turn|22\n|\n|t:|1700428602\n|move|p1a: Talonflame|Flare Blitz|p2a: Avalugg\n|-supereffective|p2a: Avalugg\n|-damage|p2a: Avalugg|0 fnt\n|faint|p2a: Avalugg\n|-damage|p1a: Talonflame|41\/100|[from] Recoil\n|\n|upkeep\n|-message|malwareporygon forfeited.\n|\n|win|Lasagne Crustle\n|raw|Lasagne Crustle's rating: 1185 &rarr; <strong>1213<\/strong><br \/>(+28 for winning)\n|raw|malwareporygon's rating: 1233 &rarr; <strong>1205<\/strong><br \/>(-28 for losing)\n|l|\u2606malwareporygon\n","uploadtime":1700428651,"views":20,"p1id":"lasagnecrustle","p2id":"malwareporygon","formatid":"gen9ou","rating":1205,"private":0,"password":""}