{"id":"gen9ou-1990239587","p1":"RSDPM","p2":"skytomorrow","format":"[Gen 9] OU","log":"|j|\u2606RSDPM\n|j|\u2606skytomorrow\n|t:|1699942650\n|gametype|singles\n|player|p1|RSDPM|riley|1253\n|player|p2|skytomorrow|169|1252\n|teamsize|p1|6\n|teamsize|p2|6\n|gen|9\n|tier|[Gen 9] OU\n|rated|\n|rule|Sleep Clause Mod: Limit one foe put to sleep\n|rule|Species Clause: Limit one of each Pok\u00e9mon\n|rule|OHKO Clause: OHKO moves are banned\n|rule|Evasion Items Clause: Evasion items are banned\n|rule|Evasion Moves Clause: Evasion moves are banned\n|rule|Endless Battle Clause: Forcing endless battles is banned\n|rule|HP Percentage Mod: HP is shown in percentages\n|clearpoke\n|poke|p1|Wyrdeer, M|\n|poke|p1|Kleavor, M|\n|poke|p1|Ursaluna, M|\n|poke|p1|Basculegion-F, F|\n|poke|p1|Sneasler, F|\n|poke|p1|Overqwil, F|\n|poke|p2|Dragonite, F|\n|poke|p2|Great Tusk|\n|poke|p2|Iron Valiant|\n|poke|p2|Rillaboom, F|\n|poke|p2|Sneasler, M|\n|poke|p2|Zamazenta-*|\n|teampreview\n|inactive|Battle timer is ON: inactive players will automatically lose when time's up. (requested by skytomorrow)\n|inactive|RSDPM has 120 seconds left.\n|\n|t:|1699942707\n|start\n|switch|p1a: Wyrdeer|Wyrdeer, M|100\/100\n|switch|p2a: Great Tusk|Great Tusk|100\/100\n|turn|1\n|\n|t:|1699942715\n|move|p2a: Great Tusk|Stealth Rock|p1a: Wyrdeer\n|-sidestart|p1: RSDPM|move: Stealth Rock\n|move|p1a: Wyrdeer|Agility|p1a: Wyrdeer\n|-boost|p1a: Wyrdeer|spe|2\n|\n|upkeep\n|turn|2\n|\n|t:|1699942721\n|move|p1a: Wyrdeer|Calm Mind|p1a: Wyrdeer\n|-boost|p1a: Wyrdeer|spa|1\n|-boost|p1a: Wyrdeer|spd|1\n|move|p2a: Great Tusk|Knock Off|p1a: Wyrdeer\n|-supereffective|p1a: Wyrdeer\n|-damage|p1a: Wyrdeer|23\/100\n|-enditem|p1a: Wyrdeer|Weakness Policy\n|-boost|p1a: Wyrdeer|atk|2|[from] item: Weakness Policy\n|-boost|p1a: Wyrdeer|spa|2|[from] item: Weakness Policy\n|\n|upkeep\n|turn|3\n|\n|t:|1699942731\n|move|p1a: Wyrdeer|Stored Power|p2a: Great Tusk\n|-supereffective|p2a: Great Tusk\n|-damage|p2a: Great Tusk|0 fnt\n|faint|p2a: Great Tusk\n|-end|p2a: Great Tusk|Protosynthesis|[silent]\n|\n|upkeep\n|\n|t:|1699942736\n|switch|p2a: Dragonite|Dragonite, F|100\/100\n|turn|4\n|\n|t:|1699942741\n|switch|p1a: Overqwil|Overqwil, F|100\/100\n|-damage|p1a: Overqwil|88\/100|[from] Stealth Rock\n|-ability|p1a: Overqwil|Intimidate|boost\n|-unboost|p2a: Dragonite|atk|1\n|-terastallize|p2a: Dragonite|Normal\n|move|p2a: Dragonite|Extreme Speed|p1a: Overqwil\n|-crit|p1a: Overqwil\n|-damage|p1a: Overqwil|50\/100\n|\n|-heal|p1a: Overqwil|56\/100|[from] item: Black Sludge\n|upkeep\n|turn|5\n|\n|t:|1699942758\n|switch|p2a: Zamazenta|Zamazenta|100\/100\n|-ability|p2a: Zamazenta|Dauntless Shield|boost\n|-boost|p2a: Zamazenta|def|1\n|move|p1a: Overqwil|Protect||[still]\n|-fail|p1a: Overqwil\n|\n|-heal|p1a: Overqwil|63\/100|[from] item: Black Sludge\n|upkeep\n|turn|6\n|\n|t:|1699942766\n|move|p2a: Zamazenta|Substitute|p2a: Zamazenta\n|-start|p2a: Zamazenta|Substitute\n|-damage|p2a: Zamazenta|76\/100\n|move|p1a: Overqwil|Toxic||[still]\n|-fail|p1a: Overqwil\n|\n|-heal|p2a: Zamazenta|82\/100|[from] item: Leftovers\n|-heal|p1a: Overqwil|69\/100|[from] item: Black Sludge\n|upkeep\n|turn|7\n|\n|t:|1699942774\n|move|p2a: Zamazenta|Iron Defense|p2a: Zamazenta\n|-boost|p2a: Zamazenta|def|2\n|move|p1a: Overqwil|Barb Barrage|p2a: Zamazenta\n|-activate|p2a: Zamazenta|move: Substitute|[damage]\n|\n|-heal|p2a: Zamazenta|88\/100|[from] item: Leftovers\n|-heal|p1a: Overqwil|75\/100|[from] item: Black Sludge\n|upkeep\n|turn|8\n|\n|t:|1699942782\n|move|p2a: Zamazenta|Iron Defense|p2a: Zamazenta\n|-boost|p2a: Zamazenta|def|2\n|move|p1a: Overqwil|Barb Barrage|p2a: Zamazenta\n|-activate|p2a: Zamazenta|move: Substitute|[damage]\n|\n|-heal|p2a: Zamazenta|94\/100|[from] item: Leftovers\n|-heal|p1a: Overqwil|81\/100|[from] item: Black Sludge\n|upkeep\n|turn|9\n|\n|t:|1699942790\n|move|p2a: Zamazenta|Body Press|p1a: Overqwil\n|-damage|p1a: Overqwil|13\/100\n|move|p1a: Overqwil|Barb Barrage|p2a: Zamazenta\n|-activate|p2a: Zamazenta|move: Substitute|[damage]\n|\n|-heal|p2a: Zamazenta|99\/100|[from] item: Leftovers\n|-heal|p1a: Overqwil|19\/100|[from] item: Black Sludge\n|upkeep\n|turn|10\n|\n|t:|1699942799\n|move|p2a: Zamazenta|Body Press|p1a: Overqwil\n|-damage|p1a: Overqwil|0 fnt\n|faint|p1a: Overqwil\n|\n|-heal|p2a: Zamazenta|100\/100|[from] item: Leftovers\n|upkeep\n|\n|t:|1699942807\n|switch|p1a: Ursaluna|Ursaluna, M|100\/100\n|-damage|p1a: Ursaluna|94\/100|[from] Stealth Rock\n|turn|11\n|\n|t:|1699942815\n|-terastallize|p1a: Ursaluna|Ghost\n|move|p2a: Zamazenta|Body Press|p1a: Ursaluna\n|-immune|p1a: Ursaluna\n|move|p1a: Ursaluna|Earthquake|p2a: Zamazenta\n|-end|p2a: Zamazenta|Substitute\n|\n|-status|p1a: Ursaluna|brn|[from] item: Flame Orb\n|upkeep\n|turn|12\n|\n|t:|1699942827\n|move|p2a: Zamazenta|Substitute|p2a: Zamazenta\n|-start|p2a: Zamazenta|Substitute\n|-damage|p2a: Zamazenta|76\/100\n|move|p1a: Ursaluna|Facade|p2a: Zamazenta\n|-end|p2a: Zamazenta|Substitute\n|\n|-heal|p2a: Zamazenta|82\/100|[from] item: Leftovers\n|-damage|p1a: Ursaluna|88\/100 brn|[from] brn\n|upkeep\n|turn|13\n|\n|t:|1699942838\n|move|p2a: Zamazenta|Crunch|p1a: Ursaluna\n|-supereffective|p1a: Ursaluna\n|-damage|p1a: Ursaluna|56\/100 brn\n|move|p1a: Ursaluna|Facade|p2a: Zamazenta\n|-damage|p2a: Zamazenta|54\/100\n|\n|-heal|p2a: Zamazenta|60\/100|[from] item: Leftovers\n|-damage|p1a: Ursaluna|50\/100 brn|[from] brn\n|upkeep\n|turn|14\n|\n|t:|1699942863\n|move|p2a: Zamazenta|Substitute|p2a: Zamazenta\n|-start|p2a: Zamazenta|Substitute\n|-damage|p2a: Zamazenta|35\/100\n|move|p1a: Ursaluna|Facade|p2a: Zamazenta\n|-end|p2a: Zamazenta|Substitute\n|\n|-heal|p2a: Zamazenta|41\/100|[from] item: Leftovers\n|-damage|p1a: Ursaluna|44\/100 brn|[from] brn\n|upkeep\n|turn|15\n|\n|t:|1699942874\n|move|p2a: Zamazenta|Substitute|p2a: Zamazenta\n|-start|p2a: Zamazenta|Substitute\n|-damage|p2a: Zamazenta|16\/100\n|move|p1a: Ursaluna|Facade|p2a: Zamazenta\n|-end|p2a: Zamazenta|Substitute\n|\n|-heal|p2a: Zamazenta|22\/100|[from] item: Leftovers\n|-damage|p1a: Ursaluna|38\/100 brn|[from] brn\n|upkeep\n|turn|16\n|\n|t:|1699942885\n|move|p2a: Zamazenta|Crunch|p1a: Ursaluna\n|-supereffective|p1a: Ursaluna\n|-damage|p1a: Ursaluna|6\/100 brn\n|move|p1a: Ursaluna|Facade|p2a: Zamazenta\n|-damage|p2a: Zamazenta|0 fnt\n|faint|p2a: Zamazenta\n|\n|-damage|p1a: Ursaluna|0 fnt|[from] brn\n|faint|p1a: Ursaluna\n|upkeep\n|\n|t:|1699942905\n|switch|p2a: Rillaboom|Rillaboom, F|100\/100\n|switch|p1a: Basculegion|Basculegion-F, F|100\/100\n|-damage|p1a: Basculegion|88\/100|[from] Stealth Rock\n|-fieldstart|move: Grassy Terrain|[from] ability: Grassy Surge|[of] p2a: Rillaboom\n|turn|17\n|\n|t:|1699942913\n|switch|p1a: Wyrdeer|Wyrdeer, M|23\/100\n|-damage|p1a: Wyrdeer|10\/100|[from] Stealth Rock\n|move|p2a: Rillaboom|U-turn|p1a: Wyrdeer\n|-supereffective|p1a: Wyrdeer\n|-damage|p1a: Wyrdeer|0 fnt\n|faint|p1a: Wyrdeer\n|\n|t:|1699942920\n|switch|p2a: Sneasler|Sneasler, M|100\/100|[from] U-turn\n|-enditem|p2a: Sneasler|Grassy Seed\n|-boost|p2a: Sneasler|def|1|[from] item: Grassy Seed\n|\n|upkeep\n|\n|t:|1699942931\n|switch|p1a: Basculegion|Basculegion-F, F|88\/100\n|-damage|p1a: Basculegion|76\/100|[from] Stealth Rock\n|turn|18\n|\n|t:|1699942938\n|move|p2a: Sneasler|Acrobatics|p1a: Basculegion\n|-damage|p1a: Basculegion|20\/100\n|move|p1a: Basculegion|Surf|p2a: Sneasler\n|-damage|p2a: Sneasler|2\/100\n|-damage|p1a: Basculegion|10\/100|[from] item: Life Orb\n|\n|-heal|p2a: Sneasler|8\/100|[from] Grassy Terrain\n|-heal|p1a: Basculegion|16\/100|[from] Grassy Terrain\n|upkeep\n|turn|19\n|\n|t:|1699942948\n|move|p1a: Basculegion|Aqua Jet|p2a: Sneasler\n|-damage|p2a: Sneasler|0 fnt\n|faint|p2a: Sneasler\n|-damage|p1a: Basculegion|6\/100|[from] item: Life Orb\n|\n|-heal|p1a: Basculegion|12\/100|[from] Grassy Terrain\n|upkeep\n|\n|t:|1699942964\n|switch|p2a: Iron Valiant|Iron Valiant|100\/100\n|turn|20\n|\n|t:|1699942968\n|move|p2a: Iron Valiant|Moonblast|p1a: Basculegion\n|-damage|p1a: Basculegion|0 fnt\n|faint|p1a: Basculegion\n|\n|upkeep\n|\n|t:|1699942989\n|switch|p1a: Sneasler|Sneasler, F|100\/100\n|-damage|p1a: Sneasler|95\/100|[from] Stealth Rock\n|turn|21\n|\n|t:|1699943003\n|move|p1a: Sneasler|Dire Claw|p2a: Iron Valiant\n|-supereffective|p2a: Iron Valiant\n|-enditem|p2a: Iron Valiant|Focus Sash\n|-damage|p2a: Iron Valiant|1\/100\n|move|p2a: Iron Valiant|Moonblast|p1a: Sneasler\n|-damage|p1a: Sneasler|26\/100\n|-enditem|p1a: Sneasler|Red Card|[of] p2a: Iron Valiant\n|-end|p2a: Iron Valiant|Quark Drive|[silent]\n|drag|p2a: Rillaboom|Rillaboom, F|100\/100\n|\n|-heal|p1a: Sneasler|32\/100|[from] Grassy Terrain\n|-fieldend|move: Grassy Terrain\n|upkeep\n|turn|22\n|\n|t:|1699943021\n|switch|p2a: Iron Valiant|Iron Valiant|1\/100\n|move|p1a: Sneasler|Acrobatics|p2a: Iron Valiant\n|-supereffective|p2a: Iron Valiant\n|-damage|p2a: Iron Valiant|0 fnt\n|faint|p2a: Iron Valiant\n|-end|p2a: Iron Valiant|Quark Drive|[silent]\n|\n|upkeep\n|\n|t:|1699943028\n|switch|p2a: Rillaboom|Rillaboom, F|100\/100\n|-fieldstart|move: Grassy Terrain|[from] ability: Grassy Surge|[of] p2a: Rillaboom\n|turn|23\n|\n|t:|1699943034\n|move|p2a: Rillaboom|Grassy Glide|p1a: Sneasler\n|-resisted|p1a: Sneasler\n|-damage|p1a: Sneasler|0 fnt\n|faint|p1a: Sneasler\n|\n|upkeep\n|\n|t:|1699943040\n|switch|p1a: Kleavor|Kleavor, M|100\/100\n|-damage|p1a: Kleavor|76\/100|[from] Stealth Rock\n|turn|24\n|\n|t:|1699943044\n|move|p2a: Rillaboom|Grassy Glide|p1a: Kleavor\n|-damage|p1a: Kleavor|0 fnt\n|faint|p1a: Kleavor\n|\n|win|skytomorrow\n|raw|RSDPM's rating: 1253 &rarr; <strong>1228<\/strong><br \/>(-25 for losing)\n|raw|skytomorrow's rating: 1252 &rarr; <strong>1277<\/strong><br \/>(+25 for winning)\n|l|\u2606skytomorrow\n","uploadtime":1699943056,"views":12,"p1id":"rsdpm","p2id":"skytomorrow","formatid":"gen9ou","rating":1228,"private":0,"password":""}