{"id":"gen9ou-1998377557","p1":"thunderdog_32","p2":"Runningman2412","format":"[Gen 9] OU","log":"|j|\u2606thunderdog_32\n|j|\u2606Runningman2412\n|t:|1700935556\n|gametype|singles\n|player|p1|thunderdog_32|170|1298\n|player|p2|Runningman2412|ninjaboy|1215\n|teamsize|p1|6\n|teamsize|p2|6\n|gen|9\n|tier|[Gen 9] OU\n|rated|\n|rule|Sleep Clause Mod: Limit one foe put to sleep\n|rule|Species Clause: Limit one of each Pok\u00e9mon\n|rule|OHKO Clause: OHKO moves are banned\n|rule|Evasion Items Clause: Evasion items are banned\n|rule|Evasion Moves Clause: Evasion moves are banned\n|rule|Endless Battle Clause: Forcing endless battles is banned\n|rule|HP Percentage Mod: HP is shown in percentages\n|clearpoke\n|poke|p1|Greninja-*, M|\n|poke|p1|Farigiraf, M|\n|poke|p1|Iron Valiant|\n|poke|p1|Corviknight, M|\n|poke|p1|Dragapult, F|\n|poke|p1|Clodsire, F|\n|poke|p2|Ninetales-Alola, F|\n|poke|p2|Sandslash-Alola, M|\n|poke|p2|Great Tusk|\n|poke|p2|Blissey, F|\n|poke|p2|Heatran, M|\n|poke|p2|Iron Moth|\n|teampreview\n|inactive|Battle timer is ON: inactive players will automatically lose when time's up. (requested by thunderdog_32)\n|\n|t:|1700935565\n|start\n|switch|p1a: Greninja|Greninja, M|100\/100\n|switch|p2a: Ninetales|Ninetales-Alola, F|100\/100\n|-weather|Snow|[from] ability: Snow Warning|[of] p2a: Ninetales\n|turn|1\n|\n|t:|1700935575\n|switch|p2a: Blissey|Blissey, F|100\/100\n|move|p1a: Greninja|Taunt|p2a: Blissey\n|-start|p2a: Blissey|move: Taunt\n|\n|-weather|Snow|[upkeep]\n|upkeep\n|turn|2\n|\n|t:|1700935583\n|switch|p1a: Dragapult|Dragapult, F|100\/100\n|move|p2a: Blissey|Seismic Toss|p1a: Dragapult\n|-immune|p1a: Dragapult\n|\n|-weather|Snow|[upkeep]\n|upkeep\n|turn|3\n|\n|t:|1700935589\n|move|p1a: Dragapult|Substitute|p1a: Dragapult\n|-start|p1a: Dragapult|Substitute\n|-damage|p1a: Dragapult|76\/100\n|move|p2a: Blissey|Seismic Toss|p1a: Dragapult\n|-immune|p1a: Dragapult\n|\n|-weather|Snow|[upkeep]\n|-heal|p1a: Dragapult|82\/100|[from] item: Leftovers\n|-end|p2a: Blissey|move: Taunt\n|upkeep\n|turn|4\n|\n|t:|1700935599\n|switch|p2a: Sandslash|Sandslash-Alola, M|100\/100\n|move|p1a: Dragapult|Will-O-Wisp|p2a: Sandslash\n|-status|p2a: Sandslash|brn\n|\n|-weather|Snow|[upkeep]\n|-heal|p1a: Dragapult|88\/100|[from] item: Leftovers\n|-damage|p2a: Sandslash|94\/100 brn|[from] brn\n|upkeep\n|turn|5\n|\n|t:|1700935604\n|move|p1a: Dragapult|Hex|p2a: Sandslash\n|-damage|p2a: Sandslash|28\/100 brn\n|move|p2a: Sandslash|Icicle Spear|p1a: Dragapult\n|-supereffective|p1a: Dragapult\n|-activate|p1a: Dragapult|move: Substitute|[damage]\n|-supereffective|p1a: Dragapult\n|-end|p1a: Dragapult|Substitute\n|-supereffective|p1a: Dragapult\n|-damage|p1a: Dragapult|68\/100\n|-supereffective|p1a: Dragapult\n|-crit|p1a: Dragapult\n|-damage|p1a: Dragapult|40\/100\n|-hitcount|p1a: Dragapult|4\n|\n|-weather|none\n|-heal|p1a: Dragapult|46\/100|[from] item: Leftovers\n|-damage|p2a: Sandslash|22\/100 brn|[from] brn\n|upkeep\n|turn|6\n|\n|t:|1700935615\n|switch|p2a: Ninetales|Ninetales-Alola, F|100\/100\n|-weather|Snow|[from] ability: Snow Warning|[of] p2a: Ninetales\n|move|p1a: Dragapult|Hex|p2a: Ninetales\n|-damage|p2a: Ninetales|70\/100\n|\n|-weather|Snow|[upkeep]\n|-heal|p1a: Dragapult|52\/100|[from] item: Leftovers\n|upkeep\n|turn|7\n|\n|t:|1700935627\n|move|p1a: Dragapult|Will-O-Wisp|p2a: Ninetales|[miss]\n|-miss|p1a: Dragapult|p2a: Ninetales\n|move|p2a: Ninetales|Freeze-Dry|p1a: Dragapult\n|-supereffective|p1a: Dragapult\n|-damage|p1a: Dragapult|0 fnt\n|faint|p1a: Dragapult\n|\n|-weather|Snow|[upkeep]\n|upkeep\n|\n|t:|1700935647\n|switch|p1a: Clodsire|Clodsire, F|100\/100\n|turn|8\n|\n|t:|1700935656\n|move|p2a: Ninetales|Aurora Veil|p2a: Ninetales\n|-sidestart|p2: Runningman2412|move: Aurora Veil\n|move|p1a: Clodsire|Toxic|p2a: Ninetales\n|-status|p2a: Ninetales|tox\n|\n|-weather|Snow|[upkeep]\n|-damage|p2a: Ninetales|64\/100 tox|[from] psn\n|upkeep\n|turn|9\n|\n|t:|1700935667\n|move|p2a: Ninetales|Freeze-Dry|p1a: Clodsire\n|-supereffective|p1a: Clodsire\n|-damage|p1a: Clodsire|69\/100\n|move|p1a: Clodsire|Earthquake|p2a: Ninetales\n|-damage|p2a: Ninetales|50\/100 tox\n|\n|-weather|Snow|[upkeep]\n|-heal|p1a: Clodsire|76\/100|[from] item: Black Sludge\n|-damage|p2a: Ninetales|38\/100 tox|[from] psn\n|upkeep\n|turn|10\n|\n|t:|1700935680\n|switch|p2a: Sandslash|Sandslash-Alola, M|22\/100 brn\n|move|p1a: Clodsire|Earthquake|p2a: Sandslash\n|-supereffective|p2a: Sandslash\n|-damage|p2a: Sandslash|8\/100 brn\n|\n|-weather|none\n|-heal|p1a: Clodsire|82\/100|[from] item: Black Sludge\n|-damage|p2a: Sandslash|2\/100 brn|[from] brn\n|upkeep\n|turn|11\n|\n|t:|1700935687\n|move|p2a: Sandslash|Icicle Spear|p1a: Clodsire\n|-supereffective|p1a: Clodsire\n|-damage|p1a: Clodsire|69\/100\n|-supereffective|p1a: Clodsire\n|-damage|p1a: Clodsire|56\/100\n|-supereffective|p1a: Clodsire\n|-damage|p1a: Clodsire|42\/100\n|-supereffective|p1a: Clodsire\n|-damage|p1a: Clodsire|28\/100\n|-hitcount|p1a: Clodsire|4\n|move|p1a: Clodsire|Recover|p1a: Clodsire\n|-heal|p1a: Clodsire|78\/100\n|\n|-heal|p1a: Clodsire|84\/100|[from] item: Black Sludge\n|-damage|p2a: Sandslash|0 fnt|[from] brn\n|faint|p2a: Sandslash\n|upkeep\n|\n|t:|1700935695\n|switch|p2a: Heatran|Heatran, M|100\/100\n|-item|p2a: Heatran|Air Balloon\n|turn|12\n|\n|t:|1700935703\n|switch|p1a: Farigiraf|Farigiraf, M|100\/100\n|move|p2a: Heatran|Earth Power|p1a: Farigiraf\n|-damage|p1a: Farigiraf|57\/100\n|\n|-sideend|p2: Runningman2412|move: Aurora Veil\n|upkeep\n|turn|13\n|\n|t:|1700935709\n|move|p1a: Farigiraf|Trick|p2a: Heatran\n|-activate|p1a: Farigiraf|move: Trick|[of] p2a: Heatran\n|-item|p2a: Heatran|Choice Scarf|[from] move: Trick\n|-item|p1a: Farigiraf|Air Balloon\n|-item|p1a: Farigiraf|Air Balloon|[from] move: Trick\n|move|p2a: Heatran|Flamethrower|p1a: Farigiraf\n|-damage|p1a: Farigiraf|0 fnt\n|-enditem|p1a: Farigiraf|Air Balloon\n|faint|p1a: Farigiraf\n|\n|upkeep\n|\n|t:|1700935716\n|switch|p1a: Greninja|Greninja, M|100\/100\n|turn|14\n|\n|t:|1700935722\n|switch|p2a: Blissey|Blissey, F|100\/100\n|-terastallize|p1a: Greninja|Water\n|move|p1a: Greninja|Surf|p2a: Blissey\n|-damage|p2a: Blissey|86\/100\n|\n|-heal|p2a: Blissey|92\/100|[from] item: Leftovers\n|upkeep\n|turn|15\n|\n|t:|1700935733\n|switch|p1a: Corviknight|Corviknight, M|100\/100\n|-ability|p1a: Corviknight|Pressure\n|move|p2a: Blissey|Thunder Wave|p1a: Corviknight\n|-status|p1a: Corviknight|par\n|\n|-heal|p2a: Blissey|98\/100|[from] item: Leftovers\n|upkeep\n|turn|16\n|\n|t:|1700935736\n|move|p2a: Blissey|Seismic Toss|p1a: Corviknight\n|-damage|p1a: Corviknight|75\/100 par\n|-damage|p2a: Blissey|82\/100|[from] item: Rocky Helmet|[of] p1a: Corviknight\n|move|p1a: Corviknight|U-turn|p2a: Blissey\n|-damage|p2a: Blissey|54\/100\n|\n|t:|1700935750\n|switch|p1a: Clodsire|Clodsire, F|84\/100|[from] U-turn\n|\n|-heal|p2a: Blissey|60\/100|[from] item: Leftovers\n|-heal|p1a: Clodsire|91\/100|[from] item: Black Sludge\n|upkeep\n|turn|17\n|\n|t:|1700935753\n|switch|p2a: Heatran|Heatran, M|100\/100\n|move|p1a: Clodsire|Earthquake|p2a: Heatran\n|-supereffective|p2a: Heatran\n|-damage|p2a: Heatran|13\/100\n|\n|-heal|p1a: Clodsire|97\/100|[from] item: Black Sludge\n|upkeep\n|turn|18\n|\n|t:|1700935758\n|move|p2a: Heatran|Earth Power|p1a: Clodsire\n|-supereffective|p1a: Clodsire\n|-damage|p1a: Clodsire|58\/100\n|move|p1a: Clodsire|Earthquake|p2a: Heatran\n|-supereffective|p2a: Heatran\n|-damage|p2a: Heatran|0 fnt\n|faint|p2a: Heatran\n|\n|-heal|p1a: Clodsire|64\/100|[from] item: Black Sludge\n|upkeep\n|\n|t:|1700935764\n|switch|p2a: Iron Moth|Iron Moth|100\/100\n|-enditem|p2a: Iron Moth|Booster Energy\n|-activate|p2a: Iron Moth|ability: Quark Drive|[fromitem]\n|-start|p2a: Iron Moth|quarkdrivespe\n|turn|19\n|\n|t:|1700935770\n|-terastallize|p2a: Iron Moth|Flying\n|move|p2a: Iron Moth|Fiery Dance|p1a: Clodsire\n|-damage|p1a: Clodsire|41\/100\n|-boost|p2a: Iron Moth|spa|1\n|move|p1a: Clodsire|Recover|p1a: Clodsire\n|-heal|p1a: Clodsire|91\/100\n|\n|-heal|p1a: Clodsire|97\/100|[from] item: Black Sludge\n|upkeep\n|turn|20\n|\n|t:|1700935775\n|move|p2a: Iron Moth|Fiery Dance|p1a: Clodsire\n|-damage|p1a: Clodsire|74\/100\n|move|p1a: Clodsire|Toxic|p2a: Iron Moth\n|-status|p2a: Iron Moth|tox\n|\n|-heal|p1a: Clodsire|80\/100|[from] item: Black Sludge\n|-damage|p2a: Iron Moth|94\/100 tox|[from] psn\n|upkeep\n|turn|21\n|\n|t:|1700935783\n|move|p2a: Iron Moth|Fiery Dance|p1a: Clodsire\n|-damage|p1a: Clodsire|58\/100\n|-boost|p2a: Iron Moth|spa|1\n|move|p1a: Clodsire|Recover|p1a: Clodsire\n|-heal|p1a: Clodsire|100\/100\n|\n|-damage|p2a: Iron Moth|82\/100 tox|[from] psn\n|upkeep\n|turn|22\n|l|\u2606Runningman2412\n|inactive|Runningman2412 disconnected and has a minute to reconnect!\n|player|p2|\n|inactive|Runningman2412 has 30 seconds to reconnect!\n|inactive|Runningman2412 has 20 seconds to reconnect!\n|inactive|Runningman2412 has 15 seconds to reconnect!\n|inactive|Runningman2412 has 10 seconds to reconnect!\n|inactive|Runningman2412 has 5 seconds to reconnect!\n|-message|Runningman2412 lost due to inactivity.\n|\n|win|thunderdog_32\n|raw|thunderdog_32's rating: 1298 &rarr; <strong>1317<\/strong><br \/>(+19 for winning)\n|raw|Runningman2412's rating: 1215 &rarr; <strong>1196<\/strong><br \/>(-19 for losing)\n","uploadtime":1700935873,"views":0,"p1id":"thunderdog32","p2id":"runningman2412","formatid":"gen9ou","rating":1196,"private":0,"password":""}