{"id":"gen9ou-1994754626","p1":"Carbolo","p2":"TeamDarkSlide","format":"[Gen 9] OU","log":"|j|\u2606Carbolo\n|j|\u2606TeamDarkSlide\n|t:|1700489429\n|gametype|singles\n|player|p1|Carbolo|tate|1235\n|player|p2|TeamDarkSlide|cynthia-gen4|1133\n|teamsize|p1|6\n|teamsize|p2|6\n|gen|9\n|tier|[Gen 9] OU\n|rated|\n|rule|Sleep Clause Mod: Limit one foe put to sleep\n|rule|Species Clause: Limit one of each Pok\u00e9mon\n|rule|OHKO Clause: OHKO moves are banned\n|rule|Evasion Items Clause: Evasion items are banned\n|rule|Evasion Moves Clause: Evasion moves are banned\n|rule|Endless Battle Clause: Forcing endless battles is banned\n|rule|HP Percentage Mod: HP is shown in percentages\n|clearpoke\n|poke|p1|Dragapult, M|\n|poke|p1|Gholdengo|\n|poke|p1|Iron Moth|\n|poke|p1|Great Tusk|\n|poke|p1|Meowscarada, F|\n|poke|p1|Iron Valiant|\n|poke|p2|Dragapult, F|\n|poke|p2|Zamazenta-*|\n|poke|p2|Corviknight, M|\n|poke|p2|Greninja-*, M|\n|poke|p2|Kingambit, F|\n|poke|p2|Cinderace, F|\n|teampreview\n|inactive|Battle timer is ON: inactive players will automatically lose when time's up. (requested by TeamDarkSlide)\n|\n|t:|1700489438\n|start\n|switch|p1a: Iron Moth|Iron Moth|100\/100\n|switch|p2a: Greninja|Greninja, M|100\/100\n|turn|1\n|\n|t:|1700489451\n|move|p2a: Greninja|Water Shuriken|p1a: Iron Moth\n|-supereffective|p1a: Iron Moth\n|-damage|p1a: Iron Moth|86\/100\n|-supereffective|p1a: Iron Moth\n|-damage|p1a: Iron Moth|72\/100\n|-supereffective|p1a: Iron Moth\n|-damage|p1a: Iron Moth|56\/100\n|-supereffective|p1a: Iron Moth\n|-damage|p1a: Iron Moth|42\/100\n|-supereffective|p1a: Iron Moth\n|-damage|p1a: Iron Moth|26\/100\n|-hitcount|p1a: Iron Moth|5\n|move|p1a: Iron Moth|Sludge Wave|p2a: Greninja\n|-damage|p2a: Greninja|9\/100\n|\n|upkeep\n|turn|2\n|\n|t:|1700489463\n|move|p2a: Greninja|Water Shuriken|p1a: Iron Moth\n|-supereffective|p1a: Iron Moth\n|-damage|p1a: Iron Moth|10\/100\n|-supereffective|p1a: Iron Moth\n|-damage|p1a: Iron Moth|0 fnt\n|faint|p1a: Iron Moth\n|-end|p1a: Iron Moth|Quark Drive|[silent]\n|-ability|p2a: Greninja|Battle Bond|boost\n|-boost|p2a: Greninja|atk|1\n|-boost|p2a: Greninja|spa|1\n|-boost|p2a: Greninja|spe|1\n|-activate|p2a: Greninja|ability: Battle Bond\n|-hitcount|p1: Iron Moth|2\n|\n|upkeep\n|\n|t:|1700489477\n|switch|p1a: Meowscarada|Meowscarada, F|100\/100\n|turn|3\n|\n|t:|1700489492\n|move|p2a: Greninja|Ice Beam|p1a: Meowscarada\n|-supereffective|p1a: Meowscarada\n|-damage|p1a: Meowscarada|0 fnt\n|faint|p1a: Meowscarada\n|\n|upkeep\n|\n|t:|1700489500\n|switch|p1a: Dragapult|Dragapult, M|100\/100\n|turn|4\n|\n|t:|1700489504\n|-terastallize|p1a: Dragapult|Steel\n|move|p2a: Greninja|Ice Beam|p1a: Dragapult\n|-resisted|p1a: Dragapult\n|-damage|p1a: Dragapult|73\/100\n|move|p1a: Dragapult|Dragon Dance|p1a: Dragapult\n|-boost|p1a: Dragapult|atk|1\n|-boost|p1a: Dragapult|spe|1\n|\n|-heal|p1a: Dragapult|79\/100|[from] item: Leftovers\n|upkeep\n|turn|5\n|\n|t:|1700489516\n|move|p1a: Dragapult|Dragon Darts|p2a: Greninja\n|-damage|p2a: Greninja|0 fnt\n|faint|p2a: Greninja\n|\n|-heal|p1a: Dragapult|85\/100|[from] item: Leftovers\n|upkeep\n|\n|t:|1700489520\n|switch|p2a: Corviknight|Corviknight, M|100\/100\n|turn|6\n|\n|t:|1700489531\n|switch|p1a: Gholdengo|Gholdengo|100\/100\n|move|p2a: Corviknight|Bulk Up|p2a: Corviknight\n|-boost|p2a: Corviknight|atk|1\n|-boost|p2a: Corviknight|def|1\n|\n|upkeep\n|turn|7\n|\n|t:|1700489538\n|move|p1a: Gholdengo|Shadow Ball|p2a: Corviknight\n|-damage|p2a: Corviknight|70\/100\n|move|p2a: Corviknight|Brave Bird|p1a: Gholdengo\n|-resisted|p1a: Gholdengo\n|-damage|p1a: Gholdengo|70\/100\n|-damage|p2a: Corviknight|62\/100|[from] Recoil\n|\n|upkeep\n|turn|8\n|\n|t:|1700489551\n|switch|p2a: Cinderace|Cinderace, F|100\/100\n|move|p1a: Gholdengo|Shadow Ball|p2a: Cinderace\n|-damage|p2a: Cinderace|44\/100\n|\n|upkeep\n|turn|9\n|\n|t:|1700489560\n|move|p1a: Gholdengo|Shadow Ball|p2a: Cinderace\n|-damage|p2a: Cinderace|0 fnt\n|faint|p2a: Cinderace\n|\n|upkeep\n|\n|t:|1700489565\n|switch|p2a: Kingambit|Kingambit, F|100\/100\n|-activate|p2a: Kingambit|ability: Supreme Overlord\n|-start|p2a: Kingambit|fallen2|[silent]\n|turn|10\n|\n|t:|1700489570\n|switch|p1a: Great Tusk|Great Tusk|100\/100\n|move|p2a: Kingambit|Kowtow Cleave|p1a: Great Tusk\n|-resisted|p1a: Great Tusk\n|-damage|p1a: Great Tusk|70\/100\n|-damage|p2a: Kingambit|91\/100|[from] item: Life Orb\n|\n|upkeep\n|turn|11\n|\n|t:|1700489581\n|-terastallize|p2a: Kingambit|Water\n|move|p1a: Great Tusk|Knock Off|p2a: Kingambit\n|-damage|p2a: Kingambit|66\/100\n|-enditem|p2a: Kingambit|Life Orb|[from] move: Knock Off|[of] p1a: Great Tusk\n|move|p2a: Kingambit|Tera Blast|p1a: Great Tusk|[anim] Tera Blast Water\n|-supereffective|p1a: Great Tusk\n|-damage|p1a: Great Tusk|0 fnt\n|faint|p1a: Great Tusk\n|-end|p1a: Great Tusk|Protosynthesis|[silent]\n|\n|upkeep\n|\n|t:|1700489596\n|switch|p1a: Iron Valiant|Iron Valiant|100\/100\n|-enditem|p1a: Iron Valiant|Booster Energy\n|-activate|p1a: Iron Valiant|ability: Quark Drive|[fromitem]\n|-start|p1a: Iron Valiant|quarkdrivespe\n|turn|12\n|\n|t:|1700489606\n|-end|p2a: Kingambit|fallen2|[silent]\n|switch|p2a: Corviknight|Corviknight, M|62\/100\n|move|p1a: Iron Valiant|Moonblast|p2a: Corviknight\n|-resisted|p2a: Corviknight\n|-damage|p2a: Corviknight|44\/100\n|-ability|p2a: Corviknight|Mirror Armor\n|-unboost|p1a: Iron Valiant|spa|1\n|\n|upkeep\n|turn|13\n|c|\u2606Carbolo|Lol\n|c|\u2606Carbolo|Gg\n|inactive|Carbolo has 120 seconds left.\n|-message|Carbolo forfeited.\n|\n|win|TeamDarkSlide\n|raw|Carbolo's rating: 1235 &rarr; <strong>1203<\/strong><br \/>(-32 for losing)\n|raw|TeamDarkSlide's rating: 1133 &rarr; <strong>1165<\/strong><br \/>(+32 for winning)\n","uploadtime":1700489650,"views":6,"p1id":"carbolo","p2id":"teamdarkslide","formatid":"gen9ou","rating":1165,"private":0,"password":""}