{"id":"gen9ou-1993246269","p1":"malk tyme","p2":"mathismathin","format":"[Gen 9] OU","log":"|j|\u2606malk tyme\n|j|\u2606mathismathin\n|t:|1700283618\n|gametype|singles\n|player|p1|malk tyme|101|1656\n|player|p2|mathismathin|nate|1746\n|teamsize|p1|6\n|teamsize|p2|6\n|gen|9\n|tier|[Gen 9] OU\n|rated|\n|rule|Sleep Clause Mod: Limit one foe put to sleep\n|rule|Species Clause: Limit one of each Pok\u00e9mon\n|rule|OHKO Clause: OHKO moves are banned\n|rule|Evasion Items Clause: Evasion items are banned\n|rule|Evasion Moves Clause: Evasion moves are banned\n|rule|Endless Battle Clause: Forcing endless battles is banned\n|rule|HP Percentage Mod: HP is shown in percentages\n|clearpoke\n|poke|p1|Mew|\n|poke|p1|Zangoose, M|\n|poke|p1|Polteageist-Antique|\n|poke|p1|Cinderace, F|\n|poke|p1|Quaquaval, F|\n|poke|p1|Toedscruel, M|\n|poke|p2|Cyclizar, F|\n|poke|p2|Talonflame, M|\n|poke|p2|Dipplin, F|\n|poke|p2|Blissey, F|\n|poke|p2|Dondozo, M|\n|poke|p2|Clodsire, F|\n|teampreview\n|j| encostoo\n|\n|t:|1700283635\n|start\n|switch|p1a: Zangoose|Zangoose, M, shiny|100\/100\n|switch|p2a: Cyclizar|Cyclizar, F|100\/100\n|turn|1\n|\n|t:|1700283662\n|move|p2a: Cyclizar|Knock Off|p1a: Zangoose\n|-damage|p1a: Zangoose|67\/100\n|-enditem|p1a: Zangoose|Sitrus Berry|[from] move: Knock Off|[of] p2a: Cyclizar\n|move|p1a: Zangoose|Belly Drum|p1a: Zangoose\n|-damage|p1a: Zangoose|18\/100\n|-setboost|p1a: Zangoose|atk|6|[from] move: Belly Drum\n|\n|upkeep\n|turn|2\n|\n|t:|1700283690\n|switch|p2a: Dondozo|Dondozo, M|100\/100\n|move|p1a: Zangoose|Quick Attack|p2a: Dondozo\n|-damage|p2a: Dondozo|91\/100\n|\n|-heal|p2a: Dondozo|97\/100|[from] item: Leftovers\n|upkeep\n|turn|3\n|\n|t:|1700283699\n|move|p1a: Zangoose|Knock Off|p2a: Dondozo\n|-damage|p2a: Dondozo|81\/100\n|-enditem|p2a: Dondozo|Leftovers|[from] move: Knock Off|[of] p1a: Zangoose\n|move|p2a: Dondozo|Waterfall|p1a: Zangoose\n|-damage|p1a: Zangoose|0 fnt\n|faint|p1a: Zangoose\n|\n|upkeep\n|\n|t:|1700283707\n|switch|p1a: Mew|Mew|100\/100\n|turn|4\n|\n|t:|1700283712\n|switch|p2a: Cyclizar|Cyclizar, F|100\/100\n|move|p1a: Mew|Nasty Plot|p1a: Mew\n|-boost|p1a: Mew|spa|2\n|\n|upkeep\n|turn|5\n|\n|t:|1700283718\n|-terastallize|p1a: Mew|Fighting\n|move|p1a: Mew|Aura Sphere|p2a: Cyclizar\n|-supereffective|p2a: Cyclizar\n|-damage|p2a: Cyclizar|0 fnt\n|faint|p2a: Cyclizar\n|\n|upkeep\n|\n|t:|1700283723\n|switch|p2a: Clodsire|Clodsire, F|100\/100\n|turn|6\n|\n|t:|1700283726\n|move|p1a: Mew|Skill Swap|p2a: Clodsire\n|-activate|p1a: Mew|move: Skill Swap|Unaware|Synchronize|[of] p2a: Clodsire\n|move|p2a: Clodsire|Toxic|p1a: Mew\n|-status|p1a: Mew|tox\n|\n|-damage|p1a: Mew|94\/100 tox|[from] psn\n|upkeep\n|turn|7\n|\n|t:|1700283733\n|switch|p2a: Blissey|Blissey, F|100\/100\n|move|p1a: Mew|Psychic|p2a: Blissey\n|-damage|p2a: Blissey|77\/100\n|-unboost|p2a: Blissey|spd|1\n|\n|-heal|p1a: Mew|100\/100 tox|[from] item: Leftovers\n|-damage|p1a: Mew|88\/100 tox|[from] psn\n|upkeep\n|turn|8\n|\n|t:|1700283738\n|switch|p2a: Clodsire|Clodsire, F|100\/100\n|move|p1a: Mew|Aura Sphere|p2a: Clodsire\n|-resisted|p2a: Clodsire\n|-damage|p2a: Clodsire|91\/100\n|\n|-heal|p1a: Mew|94\/100 tox|[from] item: Leftovers\n|-damage|p1a: Mew|76\/100 tox|[from] psn\n|upkeep\n|turn|9\n|\n|t:|1700283745\n|move|p1a: Mew|Psychic|p2a: Clodsire\n|-supereffective|p2a: Clodsire\n|-damage|p2a: Clodsire|50\/100\n|-unboost|p2a: Clodsire|spd|1\n|move|p2a: Clodsire|Amnesia|p2a: Clodsire\n|-boost|p2a: Clodsire|spd|2\n|\n|-heal|p1a: Mew|82\/100 tox|[from] item: Leftovers\n|-damage|p1a: Mew|57\/100 tox|[from] psn\n|upkeep\n|turn|10\n|\n|t:|1700283751\n|switch|p1a: Quaquaval|Quaquaval, F|100\/100\n|move|p2a: Clodsire|Recover|p2a: Clodsire\n|-heal|p2a: Clodsire|99\/100\n|\n|upkeep\n|turn|11\n|\n|t:|1700283757\n|switch|p2a: Dipplin|Dipplin, F|100\/100\n|move|p1a: Quaquaval|Swords Dance|p1a: Quaquaval\n|-boost|p1a: Quaquaval|atk|2\n|\n|upkeep\n|turn|12\n|\n|t:|1700283761\n|switch|p2a: Dondozo|Dondozo, M|81\/100\n|move|p1a: Quaquaval|Close Combat|p2a: Dondozo\n|-damage|p2a: Dondozo|56\/100\n|-unboost|p1a: Quaquaval|def|1\n|-unboost|p1a: Quaquaval|spd|1\n|\n|upkeep\n|turn|13\n|\n|t:|1700283773\n|switch|p1a: Toedscruel|Toedscruel, M|100\/100\n|move|p2a: Dondozo|Rest|p2a: Dondozo\n|-status|p2a: Dondozo|slp|[from] move: Rest\n|-heal|p2a: Dondozo|100\/100 slp|[silent]\n|\n|upkeep\n|turn|14\n|j| f776\n|\n|t:|1700283808\n|switch|p1a: Polteageist|Polteageist-Antique|100\/100\n|switch|p2a: Dipplin|Dipplin, F|100\/100\n|\n|upkeep\n|turn|15\n|j| mack868\n|\n|t:|1700283841\n|switch|p1a: Cinderace|Cinderace, F|100\/100\n|move|p2a: Dipplin|Dragon Tail|p1a: Cinderace\n|-damage|p1a: Cinderace|75\/100\n|drag|p1a: Toedscruel|Toedscruel, M|100\/100\n|\n|upkeep\n|turn|16\n|\n|t:|1700283847\n|move|p1a: Toedscruel|Knock Off|p2a: Dipplin\n|-damage|p2a: Dipplin|93\/100\n|-activate|p2a: Dipplin|ability: Sticky Hold\n|move|p2a: Dipplin|Dragon Tail|p1a: Toedscruel\n|-damage|p1a: Toedscruel|74\/100\n|drag|p1a: Polteageist|Polteageist-Antique|100\/100\n|\n|upkeep\n|turn|17\n|\n|t:|1700283859\n|move|p1a: Polteageist|Skill Swap|p2a: Dipplin\n|-activate|p1a: Polteageist|move: Skill Swap|Sticky Hold|Weak Armor|[of] p2a: Dipplin\n|move|p2a: Dipplin|Dragon Tail|p1a: Polteageist\n|-damage|p1a: Polteageist|71\/100\n|drag|p1a: Mew|Mew, tera:Fighting|57\/100 tox\n|\n|-heal|p1a: Mew|64\/100 tox|[from] item: Leftovers\n|-damage|p1a: Mew|57\/100 tox|[from] psn\n|upkeep\n|turn|18\n|\n|t:|1700283871\n|move|p1a: Mew|Psychic|p2a: Dipplin\n|-damage|p2a: Dipplin|62\/100\n|move|p2a: Dipplin|Giga Drain|p1a: Mew\n|-damage|p1a: Mew|30\/100 tox\n|-heal|p2a: Dipplin|75\/100|[from] drain|[of] p1a: Mew\n|\n|-heal|p1a: Mew|36\/100 tox|[from] item: Leftovers\n|-damage|p1a: Mew|24\/100 tox|[from] psn\n|upkeep\n|turn|19\n|\n|t:|1700283874\n|move|p1a: Mew|Psychic|p2a: Dipplin\n|-damage|p2a: Dipplin|45\/100\n|move|p2a: Dipplin|Recover|p2a: Dipplin\n|-heal|p2a: Dipplin|95\/100\n|\n|-heal|p1a: Mew|30\/100 tox|[from] item: Leftovers\n|-damage|p1a: Mew|12\/100 tox|[from] psn\n|upkeep\n|turn|20\n|\n|t:|1700283877\n|move|p1a: Mew|Psychic|p2a: Dipplin\n|-damage|p2a: Dipplin|63\/100\n|move|p2a: Dipplin|Recover|p2a: Dipplin\n|-heal|p2a: Dipplin|100\/100\n|\n|-heal|p1a: Mew|18\/100 tox|[from] item: Leftovers\n|-damage|p1a: Mew|0 fnt|[from] psn\n|faint|p1a: Mew\n|upkeep\n|\n|t:|1700283881\n|switch|p1a: Quaquaval|Quaquaval, F|100\/100\n|turn|21\n|\n|t:|1700283888\n|switch|p1a: Polteageist|Polteageist-Antique|71\/100\n|move|p2a: Dipplin|Giga Drain|p1a: Polteageist\n|-damage|p1a: Polteageist|45\/100\n|\n|upkeep\n|turn|22\n|\n|t:|1700283894\n|switch|p1a: Quaquaval|Quaquaval, F|100\/100\n|move|p2a: Dipplin|Dragon Tail|p1a: Quaquaval\n|-damage|p1a: Quaquaval|79\/100\n|drag|p1a: Polteageist|Polteageist-Antique|45\/100\n|\n|upkeep\n|turn|23\n|-message|malk tyme forfeited.\n|\n|win|mathismathin\n|raw|malk tyme's rating: 1656 &rarr; <strong>1642<\/strong><br \/>(-14 for losing)\n|raw|mathismathin's rating: 1765 &rarr; <strong>1779<\/strong><br \/>(+14 for winning)\n|l|\u2606malk tyme\n|l|\u2606mathismathin\n|l| mack868\n|j|\u2606mathismathin\n|player|p2|mathismathin|nate\n","uploadtime":1700283983,"views":12,"p1id":"malktyme","p2id":"mathismathin","formatid":"gen9ou","rating":1642,"private":0,"password":""}