{"id":"gen9ou-1989476076","p1":"ctyvbunimop","p2":"MalachiteOW","format":"[Gen 9] OU","log":"|j|\u2606ctyvbunimop\n|j|\u2606MalachiteOW\n|t:|1699856698\n|gametype|singles\n|player|p1|ctyvbunimop|dawn-gen4pt|1076\n|player|p2|MalachiteOW|cynthia-masters|1069\n|teamsize|p1|6\n|teamsize|p2|6\n|gen|9\n|tier|[Gen 9] OU\n|rated|\n|rule|Sleep Clause Mod: Limit one foe put to sleep\n|rule|Species Clause: Limit one of each Pok\u00e9mon\n|rule|OHKO Clause: OHKO moves are banned\n|rule|Evasion Items Clause: Evasion items are banned\n|rule|Evasion Moves Clause: Evasion moves are banned\n|rule|Endless Battle Clause: Forcing endless battles is banned\n|rule|HP Percentage Mod: HP is shown in percentages\n|clearpoke\n|poke|p1|Clefable, M|\n|poke|p1|Alomomola, F|\n|poke|p1|Dondozo, M|\n|poke|p1|Amoonguss, F|\n|poke|p1|Clodsire, M|\n|poke|p1|Blissey, F|\n|poke|p2|Azelf|\n|poke|p2|Golem-Alola, F|\n|poke|p2|Weezing-Galar, F|\n|poke|p2|Overqwil, M|\n|poke|p2|Gholdengo|\n|poke|p2|Kingambit, M|\n|teampreview\n|\n|t:|1699856718\n|start\n|switch|p1a: Clodsire|Clodsire, M|100\/100\n|switch|p2a: Azelf|Azelf|100\/100\n|turn|1\n|\n|t:|1699856728\n|switch|p1a: Blissey|Blissey, F|100\/100\n|move|p2a: Azelf|Taunt|p1a: Blissey\n|-start|p1a: Blissey|move: Taunt\n|\n|upkeep\n|turn|2\n|\n|t:|1699856733\n|move|p2a: Azelf|Stealth Rock|p1a: Blissey\n|-sidestart|p1: ctyvbunimop|move: Stealth Rock\n|move|p1a: Blissey|Seismic Toss|p2a: Azelf\n|-damage|p2a: Azelf|66\/100\n|\n|upkeep\n|turn|3\n|\n|t:|1699856739\n|move|p2a: Azelf|Explosion|p1a: Blissey\n|-damage|p1a: Blissey|0 fnt\n|faint|p2a: Azelf\n|faint|p1a: Blissey\n|\n|upkeep\n|\n|t:|1699856750\n|switch|p2a: Golem|Golem-Alola, F|100\/100\n|switch|p1a: Clodsire|Clodsire, M|100\/100\n|-item|p2a: Golem|Air Balloon\n|turn|4\n|\n|t:|1699856756\n|move|p2a: Golem|Screech|p1a: Clodsire|[miss]\n|-miss|p2a: Golem|p1a: Clodsire\n|move|p1a: Clodsire|Poison Jab|p2a: Golem\n|-resisted|p2a: Golem\n|-damage|p2a: Golem|93\/100\n|-enditem|p2a: Golem|Air Balloon\n|\n|upkeep\n|turn|5\n|\n|t:|1699856767\n|switch|p1a: Amoonguss|Amoonguss, F|100\/100\n|move|p2a: Golem|Screech|p1a: Amoonguss\n|-unboost|p1a: Amoonguss|def|2\n|\n|upkeep\n|turn|6\n|\n|t:|1699856775\n|move|p2a: Golem|Rock Blast|p1a: Amoonguss\n|-damage|p1a: Amoonguss|82\/100\n|-damage|p1a: Amoonguss|64\/100\n|-hitcount|p1a: Amoonguss|2\n|move|p1a: Amoonguss|Toxic|p2a: Golem\n|-status|p2a: Golem|tox\n|\n|-damage|p2a: Golem|87\/100 tox|[from] psn\n|upkeep\n|turn|7\n|\n|t:|1699856783\n|switch|p1a: Alomomola|Alomomola, F|100\/100\n|move|p2a: Golem|Explosion|p1a: Alomomola\n|-supereffective|p1a: Alomomola\n|-damage|p1a: Alomomola|0 fnt\n|faint|p2a: Golem\n|faint|p1a: Alomomola\n|\n|upkeep\n|\n|t:|1699856793\n|switch|p2a: Overqwil|Overqwil, M|100\/100\n|switch|p1a: Clodsire|Clodsire, M|100\/100\n|-ability|p2a: Overqwil|Intimidate|boost\n|-unboost|p1a: Clodsire|atk|1\n|turn|8\n|\n|t:|1699856807\n|switch|p1a: Amoonguss|Amoonguss, F|97\/100\n|move|p2a: Overqwil|Spikes|p1a: Amoonguss\n|-sidestart|p1: ctyvbunimop|Spikes\n|\n|upkeep\n|turn|9\n|\n|t:|1699856815\n|switch|p1a: Clodsire|Clodsire, M|100\/100\n|move|p2a: Overqwil|Taunt|p1a: Clodsire\n|-start|p1a: Clodsire|move: Taunt\n|\n|upkeep\n|turn|10\n|\n|t:|1699856820\n|switch|p1a: Amoonguss|Amoonguss, F|100\/100\n|move|p2a: Overqwil|Spikes|p1a: Amoonguss\n|-sidestart|p1: ctyvbunimop|Spikes\n|\n|upkeep\n|turn|11\n|\n|t:|1699856824\n|move|p2a: Overqwil|Taunt|p1a: Amoonguss\n|-start|p1a: Amoonguss|move: Taunt\n|move|p1a: Amoonguss|Foul Play|p2a: Overqwil\n|-resisted|p2a: Overqwil\n|-damage|p2a: Overqwil|80\/100\n|\n|upkeep\n|turn|12\n|\n|t:|1699856830\n|move|p2a: Overqwil|Spikes|p1a: Amoonguss\n|-sidestart|p1: ctyvbunimop|Spikes\n|move|p1a: Amoonguss|Foul Play|p2a: Overqwil\n|-resisted|p2a: Overqwil\n|-damage|p2a: Overqwil|60\/100\n|\n|upkeep\n|turn|13\n|\n|t:|1699856835\n|move|p2a: Overqwil|Self-Destruct|p1a: Amoonguss\n|-crit|p1a: Amoonguss\n|-damage|p1a: Amoonguss|20\/100\n|faint|p2a: Overqwil\n|move|p1a: Amoonguss|Foul Play|p2: Overqwil|[notarget]\n|-fail|p1a: Amoonguss\n|\n|-end|p1a: Amoonguss|move: Taunt\n|upkeep\n|\n|t:|1699856842\n|switch|p2a: Weezing|Weezing-Galar, F|100\/100\n|-fieldstart|move: Misty Terrain|[from] ability: Misty Surge|[of] p2a: Weezing\n|turn|14\n|\n|t:|1699856851\n|switch|p1a: Clodsire|Clodsire, M|100\/100\n|move|p2a: Weezing|Misty Explosion|p1a: Clodsire\n|-resisted|p1a: Clodsire\n|-damage|p1a: Clodsire|81\/100\n|faint|p2a: Weezing\n|\n|upkeep\n|\n|t:|1699856857\n|switch|p2a: Gholdengo|Gholdengo|100\/100\n|turn|15\n|\n|t:|1699856862\n|move|p2a: Gholdengo|Reflect|p2a: Gholdengo\n|-sidestart|p2: MalachiteOW|Reflect\n|move|p1a: Clodsire|Amnesia|p1a: Clodsire\n|-boost|p1a: Clodsire|spd|2\n|\n|upkeep\n|turn|16\n|\n|t:|1699856866\n|move|p2a: Gholdengo|Light Screen|p2a: Gholdengo\n|-sidestart|p2: MalachiteOW|move: Light Screen\n|move|p1a: Clodsire|Amnesia|p1a: Clodsire\n|-boost|p1a: Clodsire|spd|2\n|\n|upkeep\n|turn|17\n|\n|t:|1699856870\n|move|p2a: Gholdengo|Memento|p1a: Clodsire\n|-unboost|p1a: Clodsire|atk|2\n|-unboost|p1a: Clodsire|spa|2\n|faint|p2a: Gholdengo\n|move|p1a: Clodsire|Spikes|p2: Gholdengo\n|-sidestart|p2: MalachiteOW|Spikes\n|\n|upkeep\n|\n|t:|1699856875\n|switch|p2a: Omae wa|Kingambit, M|100\/100\n|-damage|p2a: Omae wa|88\/100|[from] Spikes\n|-activate|p2a: Omae wa|ability: Supreme Overlord\n|-start|p2a: Omae wa|fallen5|[silent]\n|turn|18\n|\n|t:|1699856889\n|move|p2a: Omae wa|Swords Dance|p2a: Omae wa\n|-boost|p2a: Omae wa|atk|2\n|move|p1a: Clodsire|Poison Jab|p2a: Omae wa\n|-immune|p2a: Omae wa\n|\n|-heal|p2a: Omae wa|94\/100|[from] item: Leftovers\n|-fieldend|Misty Terrain\n|upkeep\n|turn|19\n|\n|t:|1699856896\n|switch|p1a: Amoonguss|Amoonguss, F|53\/100\n|move|p2a: Omae wa|Swords Dance|p2a: Omae wa\n|-boost|p2a: Omae wa|atk|2\n|\n|-heal|p2a: Omae wa|100\/100|[from] item: Leftovers\n|upkeep\n|turn|20\n|\n|t:|1699856903\n|switch|p1a: Clodsire|Clodsire, M|81\/100\n|move|p2a: Omae wa|Kowtow Cleave|p1a: Clodsire\n|-damage|p1a: Clodsire|3\/100\n|\n|upkeep\n|turn|21\n|\n|t:|1699856909\n|move|p2a: Omae wa|Kowtow Cleave|p1a: Clodsire\n|-damage|p1a: Clodsire|0 fnt\n|faint|p1a: Clodsire\n|\n|upkeep\n|\n|t:|1699856911\n|switch|p1a: Amoonguss|Amoonguss, F|86\/100\n|turn|22\n|\n|t:|1699856916\n|move|p2a: Omae wa|Kowtow Cleave|p1a: Amoonguss\n|-damage|p1a: Amoonguss|0 fnt\n|faint|p1a: Amoonguss\n|\n|-sideend|p2: MalachiteOW|Reflect\n|upkeep\n|\n|t:|1699856919\n|switch|p1a: Dondozo|Dondozo, M|100\/100\n|turn|23\n|\n|t:|1699856923\n|-terastallize|p2a: Omae wa|Dark\n|move|p2a: Omae wa|Kowtow Cleave|p1a: Dondozo\n|-damage|p1a: Dondozo|57\/100\n|move|p1a: Dondozo|Body Press|p2a: Omae wa\n|-supereffective|p2a: Omae wa\n|-damage|p2a: Omae wa|55\/100\n|\n|-heal|p2a: Omae wa|62\/100|[from] item: Leftovers\n|-sideend|p2: MalachiteOW|move: Light Screen\n|upkeep\n|turn|24\n|\n|t:|1699856936\n|move|p2a: Omae wa|Kowtow Cleave|p1a: Dondozo\n|-damage|p1a: Dondozo|14\/100\n|move|p1a: Dondozo|Rest|p1a: Dondozo\n|-status|p1a: Dondozo|slp|[from] move: Rest\n|-heal|p1a: Dondozo|100\/100 slp|[silent]\n|\n|-heal|p2a: Omae wa|68\/100|[from] item: Leftovers\n|upkeep\n|turn|25\n|\n|t:|1699856944\n|move|p2a: Omae wa|Kowtow Cleave|p1a: Dondozo\n|-damage|p1a: Dondozo|62\/100 slp\n|cant|p1a: Dondozo|slp\n|move|p1a: Dondozo|Sleep Talk|p1a: Dondozo\n|move|p1a: Dondozo|Waterfall|p2a: Omae wa|[from]move: Sleep Talk\n|-damage|p2a: Omae wa|43\/100\n|\n|-heal|p2a: Omae wa|49\/100|[from] item: Leftovers\n|upkeep\n|turn|26\n|\n|t:|1699856957\n|move|p2a: Omae wa|Kowtow Cleave|p1a: Dondozo\n|-damage|p1a: Dondozo|22\/100 slp\n|cant|p1a: Dondozo|slp\n|move|p1a: Dondozo|Sleep Talk|p1a: Dondozo\n|move|p1a: Dondozo|Waterfall|p2a: Omae wa|[from]move: Sleep Talk\n|-damage|p2a: Omae wa|27\/100\n|\n|-heal|p2a: Omae wa|33\/100|[from] item: Leftovers\n|upkeep\n|turn|27\n|\n|t:|1699856966\n|move|p2a: Omae wa|Kowtow Cleave|p1a: Dondozo\n|-damage|p1a: Dondozo|0 fnt\n|faint|p1a: Dondozo\n|\n|-heal|p2a: Omae wa|39\/100|[from] item: Leftovers\n|upkeep\n|\n|t:|1699856968\n|switch|p1a: Clefable|Clefable, M|100\/100\n|turn|28\n|\n|t:|1699856979\n|-terastallize|p1a: Clefable|Ghost\n|move|p2a: Omae wa|Kowtow Cleave|p1a: Clefable\n|-supereffective|p1a: Clefable\n|-damage|p1a: Clefable|0 fnt\n|faint|p1a: Clefable\n|\n|win|MalachiteOW\n|raw|ctyvbunimop's rating: 1076 &rarr; <strong>1054<\/strong><br \/>(-22 for losing)\n|raw|MalachiteOW's rating: 1069 &rarr; <strong>1099<\/strong><br \/>(+30 for winning)\n|l|\u2606ctyvbunimop\n","uploadtime":1699856994,"views":12,"p1id":"ctyvbunimop","p2id":"malachiteow","formatid":"gen9ou","rating":1054,"private":0,"password":""}