{"id":"gen9ou-1996373455","p1":"zmanciomattia","p2":"MancoDelas","format":"[Gen 9] OU","log":"|j|\u2606zmanciomattia\n|j|\u2606MancoDelas\n|t:|1700675863\n|gametype|singles\n|player|p1|zmanciomattia|102|1040\n|player|p2|MancoDelas|volkner|1000\n|teamsize|p1|6\n|teamsize|p2|6\n|gen|9\n|tier|[Gen 9] OU\n|rated|\n|rule|Sleep Clause Mod: Limit one foe put to sleep\n|rule|Species Clause: Limit one of each Pok\u00e9mon\n|rule|OHKO Clause: OHKO moves are banned\n|rule|Evasion Items Clause: Evasion items are banned\n|rule|Evasion Moves Clause: Evasion moves are banned\n|rule|Endless Battle Clause: Forcing endless battles is banned\n|rule|HP Percentage Mod: HP is shown in percentages\n|clearpoke\n|poke|p1|Gardevoir, M|\n|poke|p1|Arbok, F|\n|poke|p1|Golduck, F|\n|poke|p1|Dragapult, F|\n|poke|p1|Landorus-Therian, M|\n|poke|p1|Breloom, F|\n|poke|p2|Krookodile, M|\n|poke|p2|Torkoal, M|\n|poke|p2|Gallade, M|\n|poke|p2|Weezing-Galar, F|\n|poke|p2|Victreebel, M|\n|poke|p2|Goodra-Hisui, M|\n|teampreview\n|inactive|Battle timer is ON: inactive players will automatically lose when time's up. (requested by MancoDelas)\n|\n|t:|1700675887\n|start\n|switch|p1a: Golduck|Golduck, F|100\/100\n|switch|p2a: Torkoal|Torkoal, M|100\/100\n|-ability|p1a: Golduck|Cloud Nine\n|-weather|SunnyDay|[from] ability: Drought|[of] p2a: Torkoal\n|turn|1\n|\n|t:|1700675896\n|move|p1a: Golduck|Taunt|p2a: Torkoal\n|-start|p2a: Torkoal|move: Taunt\n|cant|p2a: Torkoal|move: Taunt|Stealth Rock\n|\n|-weather|SunnyDay|[upkeep]\n|upkeep\n|turn|2\n|\n|t:|1700675906\n|switch|p2a: Victreebel|Victreebel, M|100\/100\n|move|p1a: Golduck|Simple Beam|p2a: Victreebel\n|-endability|p2a: Victreebel|Chlorophyll|[from] move: Simple Beam\n|-ability|p2a: Victreebel|Simple|[from] move: Simple Beam\n|\n|-weather|SunnyDay|[upkeep]\n|upkeep\n|turn|3\n|\n|t:|1700675924\n|switch|p1a: Arbok|Arbok, F|100\/100\n|-ability|p1a: Arbok|Intimidate|boost\n|-unboost|p2a: Victreebel|atk|2\n|move|p2a: Victreebel|Energy Ball|p1a: Arbok\n|-resisted|p1a: Arbok\n|-crit|p1a: Arbok\n|-damage|p1a: Arbok|53\/100\n|\n|-weather|SunnyDay|[upkeep]\n|upkeep\n|turn|4\n|\n|t:|1700675940\n|switch|p2a: Krookodile|Krookodile, M|100\/100\n|-ability|p2a: Krookodile|Intimidate|boost\n|-unboost|p1a: Arbok|atk|1\n|move|p1a: Arbok|Coil|p1a: Arbok\n|-boost|p1a: Arbok|atk|1\n|-boost|p1a: Arbok|def|1\n|-boost|p1a: Arbok|accuracy|1\n|\n|-weather|SunnyDay|[upkeep]\n|upkeep\n|turn|5\n|inactive|zmanciomattia has 120 seconds left.\n|\n|t:|1700675964\n|switch|p1a: Landorus|Landorus-Therian, M|100\/100\n|-ability|p1a: Landorus|Intimidate|boost\n|-unboost|p2a: Krookodile|atk|1\n|move|p2a: Krookodile|Hone Claws|p2a: Krookodile\n|-boost|p2a: Krookodile|atk|1\n|-boost|p2a: Krookodile|accuracy|1\n|\n|-weather|SunnyDay|[upkeep]\n|upkeep\n|turn|6\n|\n|t:|1700675969\n|move|p2a: Krookodile|Stone Edge|p1a: Landorus\n|-damage|p1a: Landorus|76\/100\n|move|p1a: Landorus|Swords Dance|p1a: Landorus\n|-boost|p1a: Landorus|atk|2\n|\n|-weather|SunnyDay|[upkeep]\n|upkeep\n|turn|7\n|\n|t:|1700675977\n|move|p2a: Krookodile|Stone Edge|p1a: Landorus\n|-damage|p1a: Landorus|50\/100\n|move|p1a: Landorus|Swords Dance|p1a: Landorus\n|-boost|p1a: Landorus|atk|2\n|\n|-weather|SunnyDay|[upkeep]\n|upkeep\n|turn|8\n|\n|t:|1700675988\n|move|p2a: Krookodile|Hone Claws|p2a: Krookodile\n|-boost|p2a: Krookodile|atk|1\n|-boost|p2a: Krookodile|accuracy|1\n|move|p1a: Landorus|U-turn|p2a: Krookodile\n|-supereffective|p2a: Krookodile\n|-damage|p2a: Krookodile|0 fnt\n|faint|p2a: Krookodile\n|inactive|zmanciomattia has 120 seconds left.\n|\n|t:|1700676014\n|switch|p1a: Golduck|Golduck, F|100\/100|[from] U-turn\n|-ability|p1a: Golduck|Cloud Nine\n|\n|-weather|none\n|upkeep\n|\n|t:|1700676028\n|switch|p2a: Goodra|Goodra-Hisui, M|100\/100\n|turn|9\n|inactive|zmanciomattia has 120 seconds left.\n|\n|t:|1700676062\n|move|p1a: Golduck|Taunt|p2a: Goodra\n|-start|p2a: Goodra|move: Taunt\n|move|p2a: Goodra|Dragon Pulse|p1a: Golduck\n|-damage|p1a: Golduck|49\/100\n|\n|-heal|p1a: Golduck|55\/100|[from] item: Leftovers\n|upkeep\n|turn|10\n|\n|t:|1700676066\n|move|p1a: Golduck|Simple Beam|p2a: Goodra\n|-endability|p2a: Goodra|Sap Sipper|[from] move: Simple Beam\n|-ability|p2a: Goodra|Simple|[from] move: Simple Beam\n|move|p2a: Goodra|Dragon Pulse|p1a: Golduck\n|-damage|p1a: Golduck|4\/100\n|\n|-heal|p1a: Golduck|10\/100|[from] item: Leftovers\n|upkeep\n|turn|11\n|\n|t:|1700676072\n|switch|p1a: Gardevoir|Gardevoir, M|100\/100\n|-ability|p1a: Gardevoir|Simple|[from] ability: Trace|[of] p2a: Goodra\n|move|p2a: Goodra|Dragon Pulse|p1a: Gardevoir\n|-immune|p1a: Gardevoir\n|\n|-end|p2a: Goodra|move: Taunt\n|upkeep\n|turn|12\n|\n|t:|1700676077\n|move|p1a: Gardevoir|Calm Mind|p1a: Gardevoir\n|-boost|p1a: Gardevoir|spa|2\n|-boost|p1a: Gardevoir|spd|2\n|move|p2a: Goodra|Flash Cannon|p1a: Gardevoir\n|-supereffective|p1a: Gardevoir\n|-damage|p1a: Gardevoir|57\/100\n|\n|upkeep\n|turn|13\n|inactive|zmanciomattia has 120 seconds left.\n|\n|t:|1700676089\n|move|p1a: Gardevoir|Calm Mind|p1a: Gardevoir\n|-boost|p1a: Gardevoir|spa|2\n|-boost|p1a: Gardevoir|spd|2\n|move|p2a: Goodra|Flash Cannon|p1a: Gardevoir\n|-supereffective|p1a: Gardevoir\n|-damage|p1a: Gardevoir|26\/100\n|-unboost|p1a: Gardevoir|spd|2\n|\n|upkeep\n|turn|14\n|inactive|zmanciomattia has 120 seconds left.\n|\n|t:|1700676099\n|move|p1a: Gardevoir|Calm Mind|p1a: Gardevoir\n|-boost|p1a: Gardevoir|spa|2\n|-boost|p1a: Gardevoir|spd|2\n|move|p2a: Goodra|Flash Cannon|p1a: Gardevoir\n|-supereffective|p1a: Gardevoir\n|-damage|p1a: Gardevoir|0 fnt\n|faint|p1a: Gardevoir\n|\n|upkeep\n|inactive|zmanciomattia has 120 seconds left.\n|-message|zmanciomattia forfeited.\n|\n|win|MancoDelas\n|raw|zmanciomattia's rating: 1040 &rarr; <strong>1022<\/strong><br \/>(-18 for losing)\n|raw|MancoDelas's rating: 1000 &rarr; <strong>1045<\/strong><br \/>(+45 for winning)\n|l|\u2606zmanciomattia\n","uploadtime":1700676117,"views":1,"p1id":"zmanciomattia","p2id":"mancodelas","formatid":"gen9ou","rating":1022,"private":0,"password":""}