{"id":"gen9ou-1989928003","p1":"Joyenfeu","p2":"Xyon22","format":"[Gen 9] OU","log":"|j|\u2606Joyenfeu\n|j|\u2606Xyon22\n|t:|1699907488\n|gametype|singles\n|player|p1|Joyenfeu|policeman|1467\n|player|p2|Xyon22|giovanni|1489\n|teamsize|p1|6\n|teamsize|p2|6\n|gen|9\n|tier|[Gen 9] OU\n|rated|\n|rule|Sleep Clause Mod: Limit one foe put to sleep\n|rule|Species Clause: Limit one of each Pok\u00e9mon\n|rule|OHKO Clause: OHKO moves are banned\n|rule|Evasion Items Clause: Evasion items are banned\n|rule|Evasion Moves Clause: Evasion moves are banned\n|rule|Endless Battle Clause: Forcing endless battles is banned\n|rule|HP Percentage Mod: HP is shown in percentages\n|clearpoke\n|poke|p1|Ninetales-Alola, M|\n|poke|p1|Manaphy|\n|poke|p1|Dragonite, M|\n|poke|p1|Great Tusk|\n|poke|p1|Ogerpon-Cornerstone, F|\n|poke|p1|Gholdengo|\n|poke|p2|Alomomola, F|\n|poke|p2|Slowking-Galar, F|\n|poke|p2|Kingambit, F|\n|poke|p2|Great Tusk|\n|poke|p2|Cinderace, F|\n|poke|p2|Thundurus-Therian, M|\n|teampreview\n|inactive|Battle timer is ON: inactive players will automatically lose when time's up. (requested by Xyon22)\n|\n|t:|1699907498\n|start\n|switch|p1a: Great Tusk|Great Tusk|100\/100\n|switch|p2a: Thundurus|Thundurus-Therian, M|100\/100\n|turn|1\n|\n|t:|1699907503\n|-end|p1a: Great Tusk|Protosynthesis|[silent]\n|switch|p1a: Gholdengo|Gholdengo|100\/100\n|-terastallize|p2a: Thundurus|Flying\n|move|p2a: Thundurus|Tera Blast|p1a: Gholdengo|[anim] Tera Blast Flying\n|-resisted|p1a: Gholdengo\n|-damage|p1a: Gholdengo|44\/100\n|\n|upkeep\n|turn|2\n|\n|t:|1699907509\n|move|p1a: Gholdengo|Make It Rain|p2a: Thundurus\n|-damage|p2a: Thundurus|9\/100\n|-unboost|p1a: Gholdengo|spa|1\n|move|p2a: Thundurus|Tera Blast|p1a: Gholdengo|[anim] Tera Blast Flying\n|-resisted|p1a: Gholdengo\n|-damage|p1a: Gholdengo|0 fnt\n|faint|p1a: Gholdengo\n|\n|upkeep\n|\n|t:|1699907519\n|switch|p1a: Ninetales|Ninetales-Alola, M|100\/100\n|-weather|Snow|[from] ability: Snow Warning|[of] p1a: Ninetales\n|turn|3\n|\n|t:|1699907524\n|switch|p2a: Cinderace|Cinderace, F|100\/100\n|move|p1a: Ninetales|Moonblast|p2a: Cinderace\n|-resisted|p2a: Cinderace\n|-damage|p2a: Cinderace|81\/100\n|-unboost|p2a: Cinderace|spa|1\n|\n|-weather|Snow|[upkeep]\n|upkeep\n|turn|4\n|\n|t:|1699907532\n|switch|p1a: Manaphy|Manaphy|100\/100\n|move|p2a: Cinderace|Will-O-Wisp|p1a: Manaphy\n|-status|p1a: Manaphy|brn\n|\n|-weather|Snow|[upkeep]\n|-damage|p1a: Manaphy|94\/100 brn|[from] brn\n|upkeep\n|turn|5\n|\n|t:|1699907539\n|move|p2a: Cinderace|U-turn|p1a: Manaphy\n|-start|p2a: Cinderace|typechange|Bug|[from] ability: Libero\n|-crit|p1a: Manaphy\n|-damage|p1a: Manaphy|62\/100 brn\n|\n|t:|1699907543\n|switch|p2a: Slowking|Slowking-Galar, F|100\/100|[from] U-turn\n|move|p1a: Manaphy|Take Heart|p1a: Manaphy\n|-boost|p1a: Manaphy|spa|1\n|-boost|p1a: Manaphy|spd|1\n|-curestatus|p1a: Manaphy|brn|[msg]\n|\n|-weather|Snow|[upkeep]\n|-heal|p1a: Manaphy|69\/100|[from] item: Leftovers\n|upkeep\n|turn|6\n|\n|t:|1699907548\n|move|p1a: Manaphy|Take Heart|p1a: Manaphy\n|-boost|p1a: Manaphy|spa|1\n|-boost|p1a: Manaphy|spd|1\n|move|p2a: Slowking|Sludge Bomb|p1a: Manaphy\n|-damage|p1a: Manaphy|55\/100\n|\n|-weather|Snow|[upkeep]\n|-heal|p1a: Manaphy|61\/100|[from] item: Leftovers\n|upkeep\n|turn|7\n|\n|t:|1699907556\n|switch|p2a: Thundurus|Thundurus-Therian, M, tera:Flying|9\/100\n|move|p1a: Manaphy|Scald|p2a: Thundurus\n|-damage|p2a: Thundurus|0 fnt\n|faint|p2a: Thundurus\n|\n|-weather|none\n|-heal|p1a: Manaphy|68\/100|[from] item: Leftovers\n|upkeep\n|\n|t:|1699907564\n|switch|p2a: Cinderace|Cinderace, F|81\/100\n|turn|8\n|\n|t:|1699907567\n|move|p2a: Cinderace|U-turn|p1a: Manaphy\n|-start|p2a: Cinderace|typechange|Bug|[from] ability: Libero\n|-damage|p1a: Manaphy|45\/100\n|\n|t:|1699907572\n|switch|p2a: Slowking|Slowking-Galar, F|100\/100|[from] U-turn\n|move|p1a: Manaphy|Acid Armor|p1a: Manaphy\n|-boost|p1a: Manaphy|def|2\n|\n|-heal|p1a: Manaphy|51\/100|[from] item: Leftovers\n|upkeep\n|turn|9\n|\n|t:|1699907577\n|move|p1a: Manaphy|Take Heart|p1a: Manaphy\n|-boost|p1a: Manaphy|spa|1\n|-boost|p1a: Manaphy|spd|1\n|move|p2a: Slowking|Sludge Bomb|p1a: Manaphy\n|-damage|p1a: Manaphy|41\/100\n|-status|p1a: Manaphy|psn\n|\n|-heal|p1a: Manaphy|47\/100 psn|[from] item: Leftovers\n|-damage|p1a: Manaphy|34\/100 psn|[from] psn\n|upkeep\n|turn|10\n|\n|t:|1699907580\n|move|p1a: Manaphy|Take Heart|p1a: Manaphy\n|-boost|p1a: Manaphy|spa|1\n|-boost|p1a: Manaphy|spd|1\n|-curestatus|p1a: Manaphy|psn|[msg]\n|move|p2a: Slowking|Sludge Bomb|p1a: Manaphy\n|-damage|p1a: Manaphy|25\/100\n|\n|-heal|p1a: Manaphy|31\/100|[from] item: Leftovers\n|upkeep\n|turn|11\n|\n|t:|1699907583\n|move|p1a: Manaphy|Stored Power|p2a: Slowking\n|-damage|p2a: Slowking|8\/100\n|move|p2a: Slowking|Sludge Bomb|p1a: Manaphy\n|-damage|p1a: Manaphy|22\/100\n|\n|-heal|p1a: Manaphy|28\/100|[from] item: Leftovers\n|upkeep\n|turn|12\n|\n|t:|1699907585\n|move|p1a: Manaphy|Scald|p2a: Slowking\n|-damage|p2a: Slowking|0 fnt\n|faint|p2a: Slowking\n|\n|-heal|p1a: Manaphy|34\/100|[from] item: Leftovers\n|upkeep\n|\n|t:|1699907594\n|switch|p2a: Kingambit|Kingambit, F|100\/100\n|-activate|p2a: Kingambit|ability: Supreme Overlord\n|-start|p2a: Kingambit|fallen2|[silent]\n|turn|13\n|\n|t:|1699907596\n|move|p1a: Manaphy|Acid Armor|p1a: Manaphy\n|-boost|p1a: Manaphy|def|2\n|move|p2a: Kingambit|Kowtow Cleave|p1a: Manaphy\n|-damage|p1a: Manaphy|20\/100\n|\n|-heal|p1a: Manaphy|26\/100|[from] item: Leftovers\n|upkeep\n|turn|14\n|\n|t:|1699907601\n|move|p1a: Manaphy|Scald|p2a: Kingambit\n|-damage|p2a: Kingambit|14\/100\n|move|p2a: Kingambit|Swords Dance|p2a: Kingambit\n|-boost|p2a: Kingambit|atk|2\n|\n|-heal|p1a: Manaphy|32\/100|[from] item: Leftovers\n|-heal|p2a: Kingambit|20\/100|[from] item: Leftovers\n|upkeep\n|turn|15\n|\n|t:|1699907605\n|move|p2a: Kingambit|Sucker Punch|p1a: Manaphy\n|-damage|p1a: Manaphy|11\/100\n|move|p1a: Manaphy|Scald|p2a: Kingambit\n|-damage|p2a: Kingambit|0 fnt\n|faint|p2a: Kingambit\n|-end|p2a: Kingambit|fallen2|[silent]\n|\n|-heal|p1a: Manaphy|18\/100|[from] item: Leftovers\n|upkeep\n|\n|t:|1699907610\n|switch|p2a: Cinderace|Cinderace, F|81\/100\n|turn|16\n|\n|t:|1699907614\n|move|p2a: Cinderace|Pyro Ball|p1a: Manaphy\n|-resisted|p1a: Manaphy\n|-damage|p1a: Manaphy|12\/100\n|move|p1a: Manaphy|Scald|p2a: Cinderace\n|-supereffective|p2a: Cinderace\n|-damage|p2a: Cinderace|0 fnt\n|faint|p2a: Cinderace\n|\n|-heal|p1a: Manaphy|18\/100|[from] item: Leftovers\n|upkeep\n|\n|t:|1699907616\n|switch|p2a: Great Tusk|Great Tusk|100\/100\n|turn|17\n|\n|t:|1699907620\n|move|p2a: Great Tusk|Headlong Rush|p1a: Manaphy\n|-damage|p1a: Manaphy|3\/100\n|-unboost|p2a: Great Tusk|def|1\n|-unboost|p2a: Great Tusk|spd|1\n|move|p1a: Manaphy|Scald|p2a: Great Tusk\n|-supereffective|p2a: Great Tusk\n|-damage|p2a: Great Tusk|0 fnt\n|faint|p2a: Great Tusk\n|-end|p2a: Great Tusk|Protosynthesis|[silent]\n|\n|-heal|p1a: Manaphy|9\/100|[from] item: Leftovers\n|upkeep\n|\n|t:|1699907622\n|switch|p2a: Alomomola|Alomomola, F|100\/100\n|turn|18\n|-message|Xyon22 forfeited.\n|\n|win|Joyenfeu\n|raw|Joyenfeu's rating: 1467 &rarr; <strong>1488<\/strong><br \/>(+21 for winning)\n|raw|Xyon22's rating: 1489 &rarr; <strong>1468<\/strong><br \/>(-21 for losing)\n|l|\u2606Xyon22\n","uploadtime":1699907634,"views":9,"p1id":"joyenfeu","p2id":"xyon22","formatid":"gen9ou","rating":1468,"private":0,"password":""}