{"id":"gen9ou-1994851414","p1":"Chaitanya15","p2":"TeamGiantDouche","format":"[Gen 9] OU","log":"|j|\u2606Chaitanya15\n|j|\u2606TeamGiantDouche\n|t:|1700498609\n|gametype|singles\n|player|p1|Chaitanya15|170|1118\n|player|p2|TeamGiantDouche|101|1148\n|teamsize|p1|6\n|teamsize|p2|6\n|gen|9\n|tier|[Gen 9] OU\n|rated|\n|rule|Sleep Clause Mod: Limit one foe put to sleep\n|rule|Species Clause: Limit one of each Pok\u00e9mon\n|rule|OHKO Clause: OHKO moves are banned\n|rule|Evasion Items Clause: Evasion items are banned\n|rule|Evasion Moves Clause: Evasion moves are banned\n|rule|Endless Battle Clause: Forcing endless battles is banned\n|rule|HP Percentage Mod: HP is shown in percentages\n|clearpoke\n|poke|p1|Dragonite, F|\n|poke|p1|Hatterene, F|\n|poke|p1|Greninja-*, M|\n|poke|p1|Rillaboom, F|\n|poke|p1|Iron Moth|\n|poke|p1|Iron Valiant|\n|poke|p2|Pelipper, F|\n|poke|p2|Overqwil, F|\n|poke|p2|Basculegion, M|\n|poke|p2|Thundurus-Therian, M|\n|poke|p2|Corviknight, F|\n|poke|p2|Sandy Shocks|\n|teampreview\n|\n|t:|1700498634\n|start\n|switch|p1a: Hatterene|Hatterene, F|100\/100\n|switch|p2a: Pelipper|Pelipper, F|100\/100\n|-weather|RainDance|[from] ability: Drizzle|[of] p2a: Pelipper\n|turn|1\n|inactive|Battle timer is ON: inactive players will automatically lose when time's up. (requested by Chaitanya15)\n|\n|t:|1700498640\n|switch|p2a: Overqwil|Overqwil, F|100\/100\n|move|p1a: Hatterene|Calm Mind|p1a: Hatterene\n|-boost|p1a: Hatterene|spa|1\n|-boost|p1a: Hatterene|spd|1\n|\n|-weather|RainDance|[upkeep]\n|upkeep\n|turn|2\n|\n|t:|1700498649\n|move|p2a: Overqwil|Gunk Shot|p1a: Hatterene|[miss]\n|-miss|p2a: Overqwil|p1a: Hatterene\n|move|p1a: Hatterene|Draining Kiss|p2a: Overqwil\n|-crit|p2a: Overqwil\n|-damage|p2a: Overqwil|0 fnt\n|faint|p2a: Overqwil\n|\n|-weather|RainDance|[upkeep]\n|upkeep\n|\n|t:|1700498654\n|switch|p2a: Basculegion|Basculegion, M|100\/100\n|turn|3\n|\n|t:|1700498664\n|move|p2a: Basculegion|Wave Crash|p1a: Hatterene\n|-damage|p1a: Hatterene|0 fnt\n|faint|p1a: Hatterene\n|-damage|p2a: Basculegion|73\/100|[from] Recoil\n|\n|-weather|RainDance|[upkeep]\n|upkeep\n|\n|t:|1700498675\n|switch|p1a: Rillaboom|Rillaboom, F|100\/100\n|-fieldstart|move: Grassy Terrain|[from] ability: Grassy Surge|[of] p1a: Rillaboom\n|-enditem|p1a: Rillaboom|Grassy Seed\n|-boost|p1a: Rillaboom|def|1|[from] item: Grassy Seed\n|turn|4\n|\n|t:|1700498682\n|switch|p2a: Corviknight|Corviknight, F|100\/100\n|-ability|p2a: Corviknight|Pressure\n|move|p1a: Rillaboom|Knock Off|p2a: Corviknight\n|-damage|p2a: Corviknight|81\/100\n|-enditem|p2a: Corviknight|Leftovers|[from] move: Knock Off|[of] p1a: Rillaboom\n|\n|-weather|RainDance|[upkeep]\n|upkeep\n|turn|5\n|\n|t:|1700498695\n|switch|p1a: Greninja|Greninja, M|100\/100\n|move|p2a: Corviknight|Brave Bird|p1a: Greninja\n|-damage|p1a: Greninja|39\/100\n|-damage|p2a: Corviknight|67\/100|[from] Recoil\n|\n|-weather|none\n|-heal|p1a: Greninja|45\/100|[from] Grassy Terrain\n|upkeep\n|turn|6\n|\n|t:|1700498706\n|switch|p2a: Thundurus|Thundurus-Therian, M|100\/100\n|move|p1a: Greninja|Surf|p2a: Thundurus\n|-damage|p2a: Thundurus|20\/100\n|\n|-heal|p1a: Greninja|51\/100|[from] Grassy Terrain\n|upkeep\n|turn|7\n|\n|t:|1700498712\n|move|p2a: Thundurus|Volt Switch|p1a: Greninja\n|-supereffective|p1a: Greninja\n|-damage|p1a: Greninja|0 fnt\n|faint|p1a: Greninja\n|\n|t:|1700498716\n|switch|p2a: Pelipper|Pelipper, F|100\/100|[from] Volt Switch\n|-weather|RainDance|[from] ability: Drizzle|[of] p2a: Pelipper\n|\n|-weather|RainDance|[upkeep]\n|upkeep\n|\n|t:|1700498727\n|switch|p1a: Iron Moth|Iron Moth|100\/100\n|-enditem|p1a: Iron Moth|Booster Energy\n|-activate|p1a: Iron Moth|ability: Quark Drive|[fromitem]\n|-start|p1a: Iron Moth|quarkdrivespa\n|turn|8\n|\n|t:|1700498741\n|move|p1a: Iron Moth|Energy Ball|p2a: Pelipper\n|-damage|p2a: Pelipper|15\/100\n|move|p2a: Pelipper|Hydro Pump|p1a: Iron Moth\n|-supereffective|p1a: Iron Moth\n|-damage|p1a: Iron Moth|0 fnt\n|faint|p1a: Iron Moth\n|-end|p1a: Iron Moth|Quark Drive|[silent]\n|\n|-weather|RainDance|[upkeep]\n|-fieldend|move: Grassy Terrain\n|upkeep\n|\n|t:|1700498751\n|switch|p1a: Rillaboom|Rillaboom, F|100\/100\n|-fieldstart|move: Grassy Terrain|[from] ability: Grassy Surge|[of] p1a: Rillaboom\n|turn|9\n|\n|t:|1700498758\n|switch|p2a: Corviknight|Corviknight, F|67\/100\n|-ability|p2a: Corviknight|Pressure\n|move|p1a: Rillaboom|Grassy Glide|p2a: Corviknight\n|-resisted|p2a: Corviknight\n|-damage|p2a: Corviknight|62\/100\n|\n|-weather|RainDance|[upkeep]\n|upkeep\n|turn|10\n|\n|t:|1700498766\n|switch|p1a: Iron Valiant|Iron Valiant|100\/100\n|move|p2a: Corviknight|Roost|p2a: Corviknight\n|-heal|p2a: Corviknight|100\/100\n|-singleturn|p2a: Corviknight|move: Roost\n|\n|-weather|RainDance|[upkeep]\n|upkeep\n|turn|11\n|\n|t:|1700498773\n|move|p1a: Iron Valiant|Swords Dance|p1a: Iron Valiant\n|-boost|p1a: Iron Valiant|atk|2\n|move|p2a: Corviknight|Brave Bird|p1a: Iron Valiant\n|-supereffective|p1a: Iron Valiant\n|-damage|p1a: Iron Valiant|6\/100\n|-damage|p2a: Corviknight|78\/100|[from] Recoil\n|\n|-weather|none\n|-heal|p1a: Iron Valiant|13\/100|[from] Grassy Terrain\n|upkeep\n|turn|12\n|\n|t:|1700498783\n|move|p1a: Iron Valiant|Close Combat|p2a: Corviknight\n|-damage|p2a: Corviknight|0 fnt\n|-unboost|p1a: Iron Valiant|def|1\n|-unboost|p1a: Iron Valiant|spd|1\n|faint|p2a: Corviknight\n|-damage|p1a: Iron Valiant|3\/100|[from] item: Life Orb\n|\n|-heal|p1a: Iron Valiant|9\/100|[from] Grassy Terrain\n|upkeep\n|\n|t:|1700498811\n|switch|p2a: Thundurus|Thundurus-Therian, M|20\/100\n|turn|13\n|\n|t:|1700498816\n|move|p2a: Thundurus|Volt Switch|p1a: Iron Valiant\n|-damage|p1a: Iron Valiant|0 fnt\n|faint|p1a: Iron Valiant\n|-end|p1a: Iron Valiant|Quark Drive|[silent]\n|\n|t:|1700498819\n|switch|p2a: Pelipper|Pelipper, F|15\/100|[from] Volt Switch\n|-weather|RainDance|[from] ability: Drizzle|[of] p2a: Pelipper\n|\n|-weather|RainDance|[upkeep]\n|-fieldend|move: Grassy Terrain\n|upkeep\n|\n|t:|1700498825\n|switch|p1a: Rillaboom|Rillaboom, F|100\/100\n|-fieldstart|move: Grassy Terrain|[from] ability: Grassy Surge|[of] p1a: Rillaboom\n|turn|14\n|\n|t:|1700498829\n|move|p1a: Rillaboom|Fake Out|p2a: Pelipper\n|-damage|p2a: Pelipper|5\/100\n|cant|p2a: Pelipper|flinch\n|\n|-weather|RainDance|[upkeep]\n|upkeep\n|turn|15\n|\n|t:|1700498835\n|move|p1a: Rillaboom|Grassy Glide|p2a: Pelipper\n|-damage|p2a: Pelipper|0 fnt\n|faint|p2a: Pelipper\n|\n|-weather|RainDance|[upkeep]\n|upkeep\n|\n|t:|1700498842\n|switch|p2a: Basculegion|Basculegion, M|73\/100\n|turn|16\n|\n|t:|1700498846\n|-terastallize|p2a: Basculegion|Dragon\n|move|p1a: Rillaboom|Grassy Glide|p2a: Basculegion\n|-resisted|p2a: Basculegion\n|-damage|p2a: Basculegion|51\/100\n|move|p2a: Basculegion|Outrage|p1a: Rillaboom\n|-damage|p1a: Rillaboom|0 fnt\n|faint|p1a: Rillaboom\n|\n|-weather|RainDance|[upkeep]\n|-heal|p2a: Basculegion|57\/100|[from] Grassy Terrain\n|upkeep\n|\n|t:|1700498857\n|switch|p1a: Dragonite|Dragonite, F|100\/100\n|turn|17\n|\n|t:|1700498863\n|-terastallize|p1a: Dragonite|Normal\n|move|p2a: Basculegion|Outrage|p1a: Dragonite|[from]lockedmove\n|-damage|p1a: Dragonite|47\/100\n|move|p1a: Dragonite|Dragon Dance|p1a: Dragonite\n|-boost|p1a: Dragonite|atk|1\n|-boost|p1a: Dragonite|spe|1\n|\n|-weather|none\n|-heal|p2a: Basculegion|63\/100|[from] Grassy Terrain\n|-heal|p1a: Dragonite|53\/100|[from] Grassy Terrain\n|upkeep\n|turn|18\n|\n|t:|1700498875\n|move|p1a: Dragonite|Dragon Claw|p2a: Basculegion\n|-supereffective|p2a: Basculegion\n|-damage|p2a: Basculegion|0 fnt\n|faint|p2a: Basculegion\n|\n|-heal|p1a: Dragonite|59\/100|[from] Grassy Terrain\n|-fieldend|move: Grassy Terrain\n|upkeep\n|\n|t:|1700498881\n|switch|p2a: Sandy Shocks|Sandy Shocks|100\/100\n|turn|19\n|\n|t:|1700498885\n|move|p1a: Dragonite|Roost|p1a: Dragonite\n|-heal|p1a: Dragonite|100\/100\n|move|p2a: Sandy Shocks|Earth Power|p1a: Dragonite\n|-damage|p1a: Dragonite|79\/100\n|\n|upkeep\n|turn|20\n|\n|t:|1700498893\n|move|p1a: Dragonite|Dragon Dance|p1a: Dragonite\n|-boost|p1a: Dragonite|atk|1\n|-boost|p1a: Dragonite|spe|1\n|move|p2a: Sandy Shocks|Thunder|p1a: Dragonite\n|-damage|p1a: Dragonite|17\/100\n|-status|p1a: Dragonite|par\n|\n|upkeep\n|turn|21\n|\n|t:|1700498901\n|move|p1a: Dragonite|Extreme Speed|p2a: Sandy Shocks\n|-damage|p2a: Sandy Shocks|0 fnt\n|faint|p2a: Sandy Shocks\n|-end|p2a: Sandy Shocks|Protosynthesis|[silent]\n|\n|upkeep\n|\n|t:|1700498903\n|switch|p2a: Thundurus|Thundurus-Therian, M|20\/100\n|turn|22\n|\n|t:|1700498907\n|move|p1a: Dragonite|Extreme Speed|p2a: Thundurus\n|-damage|p2a: Thundurus|0 fnt\n|faint|p2a: Thundurus\n|\n|win|Chaitanya15\n|raw|Chaitanya15's rating: 1118 &rarr; <strong>1147<\/strong><br \/>(+29 for winning)\n|raw|TeamGiantDouche's rating: 1181 &rarr; <strong>1152<\/strong><br \/>(-29 for losing)\n|c|\u2606Chaitanya15|gg\n|l|\u2606TeamGiantDouche\n","uploadtime":1700498919,"views":14,"p1id":"chaitanya15","p2id":"teamgiantdouche","formatid":"gen9ou","rating":1147,"private":0,"password":""}