{"id":"gen9ou-1994178161","p1":"mathismathin","p2":"camo13","format":"[Gen 9] OU","log":"|j|\u2606mathismathin\n|j|\u2606camo13\n|t:|1700415792\n|gametype|singles\n|player|p1|mathismathin|nate|1770\n|player|p2|camo13|1|1726\n|teamsize|p1|6\n|teamsize|p2|6\n|gen|9\n|tier|[Gen 9] OU\n|rated|\n|rule|Sleep Clause Mod: Limit one foe put to sleep\n|rule|Species Clause: Limit one of each Pok\u00e9mon\n|rule|OHKO Clause: OHKO moves are banned\n|rule|Evasion Items Clause: Evasion items are banned\n|rule|Evasion Moves Clause: Evasion moves are banned\n|rule|Endless Battle Clause: Forcing endless battles is banned\n|rule|HP Percentage Mod: HP is shown in percentages\n|clearpoke\n|poke|p1|Wo-Chien|\n|poke|p1|Weezing-Galar, F|\n|poke|p1|Blissey, F|\n|poke|p1|Cyclizar, F|\n|poke|p1|Alomomola, F|\n|poke|p1|Corviknight, M|\n|poke|p2|Clodsire, M|\n|poke|p2|Dragonite, F|\n|poke|p2|Corviknight, F|\n|poke|p2|Arcanine-Hisui, M|\n|poke|p2|Dondozo, M|\n|poke|p2|Iron Valiant|\n|teampreview\n|inactive|Battle timer is ON: inactive players will automatically lose when time's up. (requested by camo13)\n|j| SwabbyYabby\n|\n|t:|1700415809\n|start\n|switch|p1a: Cyclizar|Cyclizar, F|100\/100\n|switch|p2a: Arcanine|Arcanine-Hisui, M|100\/100\n|turn|1\n|\n|t:|1700415821\n|switch|p1a: Alomomola|Alomomola, F|100\/100\n|move|p2a: Arcanine|Flare Blitz|p1a: Alomomola\n|-resisted|p1a: Alomomola\n|-damage|p1a: Alomomola|77\/100\n|\n|-heal|p1a: Alomomola|83\/100|[from] item: Leftovers\n|upkeep\n|turn|2\n|\n|t:|1700415830\n|switch|p2a: Clodsire|Clodsire, M|100\/100\n|move|p1a: Alomomola|Flip Turn|p2a: Clodsire\n|-immune|p2a: Clodsire|[from] ability: Water Absorb\n|\n|-heal|p1a: Alomomola|89\/100|[from] item: Leftovers\n|upkeep\n|turn|3\n|\n|t:|1700415838\n|switch|p1a: Cyclizar|Cyclizar, F|100\/100\n|switch|p2a: Arcanine|Arcanine-Hisui, M|100\/100\n|\n|upkeep\n|turn|4\n|\n|t:|1700415844\n|switch|p1a: Alomomola|Alomomola, F|100\/100\n|move|p2a: Arcanine|Head Smash|p1a: Alomomola\n|-damage|p1a: Alomomola|37\/100\n|\n|-heal|p1a: Alomomola|43\/100|[from] item: Leftovers\n|upkeep\n|turn|5\n|\n|t:|1700415861\n|move|p1a: Alomomola|Protect|p1a: Alomomola\n|-singleturn|p1a: Alomomola|Protect\n|move|p2a: Arcanine|Head Smash|p1a: Alomomola\n|-activate|p1a: Alomomola|move: Protect\n|\n|-heal|p1a: Alomomola|49\/100|[from] item: Leftovers\n|upkeep\n|turn|6\n|\n|t:|1700415869\n|switch|p1a: Corviknight|Corviknight, M|100\/100\n|-ability|p1a: Corviknight|Pressure\n|move|p2a: Arcanine|Head Smash|p1a: Corviknight|[miss]\n|-miss|p2a: Arcanine|p1a: Corviknight\n|\n|upkeep\n|turn|7\n|j| redmix21\n|\n|t:|1700415888\n|switch|p2a: Corviknight|Corviknight, F|100\/100\n|switch|p1a: Alomomola|Alomomola, F|83\/100\n|\n|-heal|p1a: Alomomola|89\/100|[from] item: Leftovers\n|upkeep\n|turn|8\n|\n|t:|1700415896\n|move|p2a: Corviknight|U-turn|p1a: Alomomola\n|-damage|p1a: Alomomola|81\/100\n|\n|t:|1700415899\n|switch|p2a: Clodsire|Clodsire, M|100\/100|[from] U-turn\n|move|p1a: Alomomola|Flip Turn|p2a: Clodsire\n|-immune|p2a: Clodsire|[from] ability: Water Absorb\n|\n|-heal|p1a: Alomomola|87\/100|[from] item: Leftovers\n|upkeep\n|turn|9\n|\n|t:|1700415902\n|switch|p1a: Cyclizar|Cyclizar, F|100\/100\n|move|p2a: Clodsire|Toxic|p1a: Cyclizar\n|-status|p1a: Cyclizar|tox\n|\n|-damage|p1a: Cyclizar|94\/100 tox|[from] psn\n|upkeep\n|turn|10\n|\n|t:|1700415905\n|move|p1a: Cyclizar|Knock Off|p2a: Clodsire\n|-damage|p2a: Clodsire|79\/100\n|-enditem|p2a: Clodsire|Leftovers|[from] move: Knock Off|[of] p1a: Cyclizar\n|move|p2a: Clodsire|Earthquake|p1a: Cyclizar\n|-damage|p1a: Cyclizar|59\/100 tox\n|\n|-damage|p1a: Cyclizar|47\/100 tox|[from] psn\n|upkeep\n|turn|11\n|\n|t:|1700415910\n|move|p1a: Cyclizar|U-turn|p2a: Clodsire\n|-resisted|p2a: Clodsire\n|-damage|p2a: Clodsire|70\/100\n|\n|t:|1700415913\n|switch|p1a: Weezing|Weezing-Galar, F|100\/100|[from] U-turn\n|-ability|p1a: Weezing|Neutralizing Gas\n|move|p2a: Clodsire|Earthquake|p1a: Weezing\n|-supereffective|p1a: Weezing\n|-damage|p1a: Weezing|66\/100\n|\n|upkeep\n|turn|12\n|\n|t:|1700415919\n|move|p1a: Weezing|Will-O-Wisp|p2a: Clodsire\n|-status|p2a: Clodsire|brn\n|move|p2a: Clodsire|Earthquake|p1a: Weezing\n|-supereffective|p1a: Weezing\n|-crit|p1a: Weezing\n|-damage|p1a: Weezing|37\/100\n|\n|-damage|p2a: Clodsire|64\/100 brn|[from] brn\n|upkeep\n|turn|13\n|j| the cringelord zbz\n|\n|t:|1700415926\n|move|p1a: Weezing|Sludge Bomb|p2a: Clodsire\n|-resisted|p2a: Clodsire\n|-damage|p2a: Clodsire|60\/100 brn\n|move|p2a: Clodsire|Earthquake|p1a: Weezing\n|-supereffective|p1a: Weezing\n|-damage|p1a: Weezing|21\/100\n|\n|-damage|p2a: Clodsire|54\/100 brn|[from] brn\n|upkeep\n|turn|14\n|\n|t:|1700415931\n|move|p1a: Weezing|Pain Split|p2a: Clodsire\n|-sethp|p2a: Clodsire|35\/100 brn|[from] move: Pain Split|[silent]\n|-sethp|p1a: Weezing|48\/100|[from] move: Pain Split\n|move|p2a: Clodsire|Earthquake|p1a: Weezing\n|-supereffective|p1a: Weezing\n|-damage|p1a: Weezing|28\/100\n|\n|-damage|p2a: Clodsire|28\/100 brn|[from] brn\n|upkeep\n|turn|15\n|\n|t:|1700415938\n|-end|p1a: Weezing|ability: Neutralizing Gas\n|switch|p1a: Corviknight|Corviknight, M|100\/100\n|-ability|p1a: Corviknight|Pressure\n|move|p2a: Clodsire|Earthquake|p1a: Corviknight\n|-immune|p1a: Corviknight\n|\n|-damage|p2a: Clodsire|22\/100 brn|[from] brn\n|upkeep\n|turn|16\n|\n|t:|1700415943\n|move|p1a: Corviknight|Iron Head|p2a: Clodsire\n|-damage|p2a: Clodsire|0 fnt\n|faint|p2a: Clodsire\n|\n|upkeep\n|\n|t:|1700415947\n|switch|p2a: Iron Valiant|Iron Valiant|100\/100\n|turn|17\n|\n|t:|1700415951\n|move|p2a: Iron Valiant|Swords Dance|p2a: Iron Valiant\n|-boost|p2a: Iron Valiant|atk|2\n|move|p1a: Corviknight|Iron Head|p2a: Iron Valiant\n|-supereffective|p2a: Iron Valiant\n|-damage|p2a: Iron Valiant|35\/100\n|\n|upkeep\n|turn|18\n|\n|t:|1700415958\n|-terastallize|p2a: Iron Valiant|Fighting\n|move|p2a: Iron Valiant|Drain Punch|p1a: Corviknight\n|-damage|p1a: Corviknight|35\/100\n|-heal|p2a: Iron Valiant|81\/100|[from] drain|[of] p1a: Corviknight\n|move|p1a: Corviknight|Iron Head|p2a: Iron Valiant\n|-damage|p2a: Iron Valiant|49\/100\n|\n|-heal|p1a: Corviknight|41\/100|[from] item: Leftovers\n|upkeep\n|turn|19\n|j| Joltinjoe18\n|\n|t:|1700415971\n|switch|p1a: Weezing|Weezing-Galar, F|28\/100\n|-ability|p1a: Weezing|Neutralizing Gas\n|move|p2a: Iron Valiant|Drain Punch|p1a: Weezing\n|-resisted|p1a: Weezing\n|-damage|p1a: Weezing|12\/100\n|-heal|p2a: Iron Valiant|58\/100|[from] drain|[of] p1a: Weezing\n|\n|upkeep\n|turn|20\n|\n|t:|1700415978\n|move|p2a: Iron Valiant|Ice Punch|p1a: Weezing\n|-crit|p1a: Weezing\n|-damage|p1a: Weezing|0 fnt\n|faint|p1a: Weezing\n|-end|p1a: Weezing|ability: Neutralizing Gas\n|\n|upkeep\n|\n|t:|1700415980\n|switch|p1a: Wo-Chien|Wo-Chien|100\/100\n|-ability|p1a: Wo-Chien|Tablets of Ruin\n|turn|21\n|j| orasfunfun\n|\n|t:|1700415986\n|-terastallize|p1a: Wo-Chien|Fairy\n|move|p2a: Iron Valiant|Drain Punch|p1a: Wo-Chien\n|-resisted|p1a: Wo-Chien\n|-damage|p1a: Wo-Chien|75\/100\n|-heal|p2a: Iron Valiant|74\/100|[from] drain|[of] p1a: Wo-Chien\n|move|p1a: Wo-Chien|Foul Play|p2a: Iron Valiant\n|-resisted|p2a: Iron Valiant\n|-damage|p2a: Iron Valiant|16\/100\n|\n|-heal|p1a: Wo-Chien|81\/100|[from] item: Leftovers\n|upkeep\n|turn|22\n|\n|t:|1700416010\n|move|p2a: Iron Valiant|Ice Punch|p1a: Wo-Chien\n|-damage|p1a: Wo-Chien|51\/100\n|move|p1a: Wo-Chien|Foul Play|p2a: Iron Valiant\n|-resisted|p2a: Iron Valiant\n|-damage|p2a: Iron Valiant|0 fnt\n|faint|p2a: Iron Valiant\n|-end|p2a: Iron Valiant|Quark Drive|[silent]\n|\n|-heal|p1a: Wo-Chien|57\/100|[from] item: Leftovers\n|upkeep\n|\n|t:|1700416016\n|switch|p2a: Arcanine|Arcanine-Hisui, M|100\/100\n|turn|23\n|\n|t:|1700416023\n|switch|p1a: Alomomola|Alomomola, F|100\/100\n|move|p2a: Arcanine|Stealth Rock|p1a: Alomomola\n|-sidestart|p1: mathismathin|move: Stealth Rock\n|\n|upkeep\n|turn|24\n|\n|t:|1700416028\n|switch|p2a: Corviknight|Corviknight, F|100\/100\n|move|p1a: Alomomola|Wish|p1a: Alomomola\n|\n|upkeep\n|turn|25\n|\n|t:|1700416039\n|move|p2a: Corviknight|Body Press|p1a: Alomomola\n|-damage|p1a: Alomomola|86\/100\n|move|p1a: Alomomola|Flip Turn|p2a: Corviknight\n|-damage|p2a: Corviknight|91\/100\n|-damage|p1a: Alomomola|69\/100|[from] item: Rocky Helmet|[of] p2a: Corviknight\n|\n|t:|1700416044\n|switch|p1a: Wo-Chien|Wo-Chien, tera:Fairy|57\/100|[from] Flip Turn\n|-damage|p1a: Wo-Chien|45\/100|[from] Stealth Rock\n|-ability|p1a: Wo-Chien|Tablets of Ruin\n|\n|-heal|p1a: Wo-Chien|100\/100|[from] move: Wish|[wisher] Alomomola\n|upkeep\n|turn|26\n|\n|t:|1700416051\n|move|p1a: Wo-Chien|Reflect|p1a: Wo-Chien\n|-sidestart|p1: mathismathin|Reflect\n|move|p2a: Corviknight|U-turn|p1a: Wo-Chien\n|-resisted|p1a: Wo-Chien\n|-damage|p1a: Wo-Chien|99\/100\n|\n|t:|1700416065\n|switch|p2a: Dondozo|Dondozo, M|100\/100|[from] U-turn\n|\n|-heal|p1a: Wo-Chien|100\/100|[from] item: Leftovers\n|upkeep\n|turn|27\n|l| SwabbyYabby\n|\n|t:|1700416072\n|move|p1a: Wo-Chien|Knock Off|p2a: Dondozo\n|-damage|p2a: Dondozo|88\/100\n|-damage|p1a: Wo-Chien|84\/100|[from] item: Rocky Helmet|[of] p2a: Dondozo\n|-enditem|p2a: Dondozo|Rocky Helmet|[from] move: Knock Off|[of] p1a: Wo-Chien\n|move|p2a: Dondozo|Curse|p2a: Dondozo\n|-unboost|p2a: Dondozo|spe|1\n|-boost|p2a: Dondozo|atk|1\n|-boost|p2a: Dondozo|def|1\n|\n|-heal|p1a: Wo-Chien|90\/100|[from] item: Leftovers\n|upkeep\n|turn|28\n|\n|t:|1700416076\n|move|p1a: Wo-Chien|Leech Seed|p2a: Dondozo\n|-start|p2a: Dondozo|move: Leech Seed\n|move|p2a: Dondozo|Curse|p2a: Dondozo\n|-unboost|p2a: Dondozo|spe|1\n|-boost|p2a: Dondozo|atk|1\n|-boost|p2a: Dondozo|def|1\n|\n|-heal|p1a: Wo-Chien|96\/100|[from] item: Leftovers\n|-damage|p2a: Dondozo|75\/100|[from] Leech Seed|[of] p1a: Wo-Chien\n|-heal|p1a: Wo-Chien|100\/100|[silent]\n|upkeep\n|turn|29\n|j| onlyD\n|\n|t:|1700416083\n|move|p1a: Wo-Chien|Foul Play|p2a: Dondozo\n|-damage|p2a: Dondozo|68\/100\n|move|p2a: Dondozo|Curse|p2a: Dondozo\n|-unboost|p2a: Dondozo|spe|1\n|-boost|p2a: Dondozo|atk|1\n|-boost|p2a: Dondozo|def|1\n|\n|-damage|p2a: Dondozo|56\/100|[from] Leech Seed|[of] p1a: Wo-Chien\n|upkeep\n|turn|30\n|\n|t:|1700416087\n|move|p1a: Wo-Chien|Foul Play|p2a: Dondozo\n|-damage|p2a: Dondozo|49\/100\n|move|p2a: Dondozo|Curse|p2a: Dondozo\n|-unboost|p2a: Dondozo|spe|1\n|-boost|p2a: Dondozo|atk|1\n|-boost|p2a: Dondozo|def|1\n|\n|-damage|p2a: Dondozo|37\/100|[from] Leech Seed|[of] p1a: Wo-Chien\n|-sideend|p1: mathismathin|Reflect\n|upkeep\n|turn|31\n|\n|t:|1700416091\n|move|p1a: Wo-Chien|Reflect|p1a: Wo-Chien\n|-sidestart|p1: mathismathin|Reflect\n|move|p2a: Dondozo|Rest|p2a: Dondozo\n|-status|p2a: Dondozo|slp|[from] move: Rest\n|-heal|p2a: Dondozo|100\/100 slp|[silent]\n|\n|-damage|p2a: Dondozo|88\/100 slp|[from] Leech Seed|[of] p1a: Wo-Chien\n|upkeep\n|turn|32\n|\n|t:|1700416098\n|move|p1a: Wo-Chien|Knock Off|p2a: Dondozo\n|-crit|p2a: Dondozo\n|-damage|p2a: Dondozo|74\/100 slp\n|cant|p2a: Dondozo|slp\n|move|p2a: Dondozo|Sleep Talk|p2a: Dondozo\n|move|p2a: Dondozo|Rest||[from]move: Sleep Talk|[still]\n|-fail|p2a: Dondozo\n|\n|-damage|p2a: Dondozo|62\/100 slp|[from] Leech Seed|[of] p1a: Wo-Chien\n|upkeep\n|turn|33\n|\n|t:|1700416106\n|move|p1a: Wo-Chien|Foul Play|p2a: Dondozo\n|-damage|p2a: Dondozo|57\/100 slp\n|cant|p2a: Dondozo|slp\n|move|p2a: Dondozo|Sleep Talk|p2a: Dondozo\n|move|p2a: Dondozo|Curse|p2a: Dondozo|[from]move: Sleep Talk\n|-unboost|p2a: Dondozo|spe|1\n|-boost|p2a: Dondozo|atk|1\n|-boost|p2a: Dondozo|def|1\n|\n|-damage|p2a: Dondozo|45\/100 slp|[from] Leech Seed|[of] p1a: Wo-Chien\n|upkeep\n|turn|34\n|\n|t:|1700416112\n|move|p1a: Wo-Chien|Foul Play|p2a: Dondozo\n|-damage|p2a: Dondozo|41\/100 slp\n|-curestatus|p2a: Dondozo|slp|[msg]\n|move|p2a: Dondozo|Waterfall|p1a: Wo-Chien\n|-damage|p1a: Wo-Chien|75\/100\n|\n|-heal|p1a: Wo-Chien|81\/100|[from] item: Leftovers\n|-damage|p2a: Dondozo|28\/100|[from] Leech Seed|[of] p1a: Wo-Chien\n|-heal|p1a: Wo-Chien|98\/100|[silent]\n|upkeep\n|turn|35\n|\n|t:|1700416121\n|move|p1a: Wo-Chien|Foul Play|p2a: Dondozo\n|-damage|p2a: Dondozo|24\/100\n|move|p2a: Dondozo|Rest|p2a: Dondozo\n|-status|p2a: Dondozo|slp|[from] move: Rest\n|-heal|p2a: Dondozo|100\/100 slp|[silent]\n|\n|-heal|p1a: Wo-Chien|100\/100|[from] item: Leftovers\n|-damage|p2a: Dondozo|88\/100 slp|[from] Leech Seed|[of] p1a: Wo-Chien\n|-sideend|p1: mathismathin|Reflect\n|upkeep\n|turn|36\n|\n|t:|1700416130\n|switch|p2a: Corviknight|Corviknight, F|91\/100\n|move|p1a: Wo-Chien|Reflect|p1a: Wo-Chien\n|-sidestart|p1: mathismathin|Reflect\n|\n|upkeep\n|turn|37\n|\n|t:|1700416135\n|move|p1a: Wo-Chien|Knock Off|p2a: Corviknight\n|-damage|p2a: Corviknight|73\/100\n|-damage|p1a: Wo-Chien|84\/100|[from] item: Rocky Helmet|[of] p2a: Corviknight\n|-enditem|p2a: Corviknight|Rocky Helmet|[from] move: Knock Off|[of] p1a: Wo-Chien\n|move|p2a: Corviknight|Defog|p1a: Wo-Chien\n|-unboost|p1a: Wo-Chien|evasion|1\n|-sideend|p1: mathismathin|Reflect\n|-sideend|p1: mathismathin|Stealth Rock|[from] move: Defog|[of] p2a: Corviknight\n|\n|-heal|p1a: Wo-Chien|90\/100|[from] item: Leftovers\n|upkeep\n|turn|38\n|j| Pierre77v\n|\n|t:|1700416146\n|switch|p1a: Alomomola|Alomomola, F|100\/100\n|move|p2a: Corviknight|U-turn|p1a: Alomomola\n|-damage|p1a: Alomomola|92\/100\n|\n|t:|1700416153\n|switch|p2a: Dragonite|Dragonite, F|100\/100|[from] U-turn\n|\n|-heal|p1a: Alomomola|99\/100|[from] item: Leftovers\n|upkeep\n|turn|39\n|\n|t:|1700416158\n|move|p2a: Dragonite|Dragon Dance|p2a: Dragonite\n|-boost|p2a: Dragonite|atk|1\n|-boost|p2a: Dragonite|spe|1\n|move|p1a: Alomomola|Flip Turn|p2a: Dragonite\n|-resisted|p2a: Dragonite\n|-damage|p2a: Dragonite|97\/100\n|\n|t:|1700416161\n|switch|p1a: Wo-Chien|Wo-Chien, tera:Fairy|90\/100|[from] Flip Turn\n|-ability|p1a: Wo-Chien|Tablets of Ruin\n|\n|-heal|p1a: Wo-Chien|96\/100|[from] item: Leftovers\n|upkeep\n|turn|40\n|\n|t:|1700416178\n|move|p2a: Dragonite|Earthquake|p1a: Wo-Chien\n|-damage|p1a: Wo-Chien|66\/100\n|move|p1a: Wo-Chien|Foul Play|p2a: Dragonite\n|-damage|p2a: Dragonite|20\/100\n|\n|-heal|p1a: Wo-Chien|72\/100|[from] item: Leftovers\n|upkeep\n|turn|41\n|\n|t:|1700416187\n|move|p2a: Dragonite|Earthquake|p1a: Wo-Chien\n|-damage|p1a: Wo-Chien|41\/100\n|move|p1a: Wo-Chien|Foul Play|p2a: Dragonite\n|-damage|p2a: Dragonite|0 fnt\n|faint|p2a: Dragonite\n|\n|-heal|p1a: Wo-Chien|47\/100|[from] item: Leftovers\n|upkeep\n|\n|t:|1700416194\n|switch|p2a: Arcanine|Arcanine-Hisui, M|100\/100\n|turn|42\n|\n|t:|1700416198\n|switch|p1a: Alomomola|Alomomola, F|100\/100\n|move|p2a: Arcanine|Head Smash|p1a: Alomomola\n|-damage|p1a: Alomomola|34\/100\n|\n|-heal|p1a: Alomomola|40\/100|[from] item: Leftovers\n|upkeep\n|turn|43\n|l| redmix21\n|\n|t:|1700416206\n|move|p1a: Alomomola|Protect|p1a: Alomomola\n|-singleturn|p1a: Alomomola|Protect\n|move|p2a: Arcanine|Head Smash|p1a: Alomomola\n|-activate|p1a: Alomomola|move: Protect\n|\n|-heal|p1a: Alomomola|46\/100|[from] item: Leftovers\n|upkeep\n|turn|44\n|\n|t:|1700416229\n|switch|p1a: Cyclizar|Cyclizar, F|80\/100 tox\n|move|p2a: Arcanine|Head Smash|p1a: Cyclizar\n|-damage|p1a: Cyclizar|0 fnt\n|faint|p1a: Cyclizar\n|\n|upkeep\n|\n|t:|1700416231\n|switch|p1a: Alomomola|Alomomola, F|79\/100\n|turn|45\n|\n|t:|1700416237\n|move|p1a: Alomomola|Protect|p1a: Alomomola\n|-singleturn|p1a: Alomomola|Protect\n|move|p2a: Arcanine|Head Smash|p1a: Alomomola\n|-activate|p1a: Alomomola|move: Protect\n|\n|-heal|p1a: Alomomola|86\/100|[from] item: Leftovers\n|upkeep\n|turn|46\n|\n|t:|1700416242\n|switch|p2a: Dondozo|Dondozo, M|88\/100 slp\n|move|p1a: Alomomola|Wish|p1a: Alomomola\n|\n|-heal|p1a: Alomomola|92\/100|[from] item: Leftovers\n|upkeep\n|turn|47\n|\n|t:|1700416250\n|move|p1a: Alomomola|Flip Turn|p2a: Dondozo\n|-resisted|p2a: Dondozo\n|-damage|p2a: Dondozo|85\/100 slp\n|j| all hips no lies\n|\n|t:|1700416252\n|switch|p1a: Wo-Chien|Wo-Chien, tera:Fairy|47\/100|[from] Flip Turn\n|-ability|p1a: Wo-Chien|Tablets of Ruin\n|cant|p2a: Dondozo|slp\n|move|p2a: Dondozo|Sleep Talk|p2a: Dondozo\n|move|p2a: Dondozo|Rest||[from]move: Sleep Talk|[still]\n|-fail|p2a: Dondozo\n|\n|-heal|p1a: Wo-Chien|100\/100|[from] move: Wish|[wisher] Alomomola\n|upkeep\n|turn|48\n|\n|t:|1700416255\n|switch|p1a: Blissey|Blissey, F|100\/100\n|cant|p2a: Dondozo|slp\n|move|p2a: Dondozo|Sleep Talk|p2a: Dondozo\n|move|p2a: Dondozo|Rest||[from]move: Sleep Talk|[still]\n|-fail|p2a: Dondozo\n|\n|upkeep\n|turn|49\n|\n|t:|1700416259\n|move|p1a: Blissey|Stealth Rock|p2a: Dondozo\n|-sidestart|p2: camo13|move: Stealth Rock\n|-curestatus|p2a: Dondozo|slp|[msg]\n|move|p2a: Dondozo|Curse|p2a: Dondozo\n|-unboost|p2a: Dondozo|spe|1\n|-boost|p2a: Dondozo|atk|1\n|-boost|p2a: Dondozo|def|1\n|\n|upkeep\n|turn|50\n|\n|t:|1700416265\n|switch|p1a: Wo-Chien|Wo-Chien, tera:Fairy|100\/100\n|-ability|p1a: Wo-Chien|Tablets of Ruin\n|move|p2a: Dondozo|Curse|p2a: Dondozo\n|-unboost|p2a: Dondozo|spe|1\n|-boost|p2a: Dondozo|atk|1\n|-boost|p2a: Dondozo|def|1\n|\n|upkeep\n|turn|51\n|\n|t:|1700416268\n|move|p1a: Wo-Chien|Reflect|p1a: Wo-Chien\n|-sidestart|p1: mathismathin|Reflect\n|move|p2a: Dondozo|Waterfall|p1a: Wo-Chien\n|-damage|p1a: Wo-Chien|85\/100\n|\n|-heal|p1a: Wo-Chien|91\/100|[from] item: Leftovers\n|upkeep\n|turn|52\n|\n|t:|1700416281\n|switch|p1a: Corviknight|Corviknight, M|41\/100\n|-ability|p1a: Corviknight|Pressure\n|switch|p2a: Corviknight|Corviknight, F|73\/100\n|-damage|p2a: Corviknight|60\/100|[from] Stealth Rock\n|\n|-heal|p1a: Corviknight|47\/100|[from] item: Leftovers\n|upkeep\n|turn|53\n|l| the cringelord zbz\n|\n|t:|1700416286\n|move|p1a: Corviknight|Roost|p1a: Corviknight\n|-heal|p1a: Corviknight|97\/100\n|-singleturn|p1a: Corviknight|move: Roost\n|move|p2a: Corviknight|Defog|p1a: Corviknight\n|-unboost|p1a: Corviknight|evasion|1\n|-sideend|p1: mathismathin|Reflect\n|-sideend|p2: camo13|Stealth Rock|[from] move: Defog|[of] p2a: Corviknight\n|\n|-heal|p1a: Corviknight|100\/100|[from] item: Leftovers\n|upkeep\n|turn|54\n|j| the cringelord zbz\n|\n|t:|1700416290\n|move|p1a: Corviknight|Iron Defense|p1a: Corviknight\n|-boost|p1a: Corviknight|def|2\n|move|p2a: Corviknight|U-turn|p1a: Corviknight\n|-resisted|p1a: Corviknight\n|-damage|p1a: Corviknight|99\/100\n|l| the cringelord zbz\n|\n|t:|1700416296\n|switch|p2a: Dondozo|Dondozo, M|85\/100|[from] U-turn\n|\n|-heal|p1a: Corviknight|100\/100|[from] item: Leftovers\n|upkeep\n|turn|55\n|\n|t:|1700416301\n|move|p1a: Corviknight|Body Press|p2a: Dondozo\n|-damage|p2a: Dondozo|75\/100\n|move|p2a: Dondozo|Curse|p2a: Dondozo\n|-unboost|p2a: Dondozo|spe|1\n|-boost|p2a: Dondozo|atk|1\n|-boost|p2a: Dondozo|def|1\n|\n|upkeep\n|turn|56\n|\n|t:|1700416305\n|switch|p1a: Wo-Chien|Wo-Chien, tera:Fairy|91\/100\n|-ability|p1a: Wo-Chien|Tablets of Ruin\n|move|p2a: Dondozo|Curse|p2a: Dondozo\n|-unboost|p2a: Dondozo|spe|1\n|-boost|p2a: Dondozo|atk|1\n|-boost|p2a: Dondozo|def|1\n|\n|-heal|p1a: Wo-Chien|97\/100|[from] item: Leftovers\n|upkeep\n|turn|57\n|\n|t:|1700416308\n|move|p1a: Wo-Chien|Reflect|p1a: Wo-Chien\n|-sidestart|p1: mathismathin|Reflect\n|move|p2a: Dondozo|Waterfall|p1a: Wo-Chien\n|-damage|p1a: Wo-Chien|82\/100\n|\n|-heal|p1a: Wo-Chien|88\/100|[from] item: Leftovers\n|upkeep\n|turn|58\n|\n|t:|1700416313\n|switch|p1a: Blissey|Blissey, F|100\/100\n|move|p2a: Dondozo|Curse|p2a: Dondozo\n|-unboost|p2a: Dondozo|spe|1\n|-boost|p2a: Dondozo|atk|1\n|-boost|p2a: Dondozo|def|1\n|\n|upkeep\n|turn|59\n|\n|t:|1700416316\n|move|p1a: Blissey|Stealth Rock|p2a: Dondozo\n|-sidestart|p2: camo13|move: Stealth Rock\n|move|p2a: Dondozo|Curse|p2a: Dondozo\n|-unboost|p2a: Dondozo|spe|1\n|-boost|p2a: Dondozo|atk|1\n|-boost|p2a: Dondozo|def|1\n|\n|upkeep\n|turn|60\n|\n|t:|1700416321\n|switch|p1a: Wo-Chien|Wo-Chien, tera:Fairy|88\/100\n|-ability|p1a: Wo-Chien|Tablets of Ruin\n|move|p2a: Dondozo|Curse|p2a: Dondozo\n|-unboost|p2a: Dondozo|spe|1\n|-boost|p2a: Dondozo|atk|1\n|-boost|p2a: Dondozo|def|1\n|\n|-heal|p1a: Wo-Chien|94\/100|[from] item: Leftovers\n|upkeep\n|turn|61\n|\n|t:|1700416325\n|move|p1a: Wo-Chien|Leech Seed|p2a: Dondozo\n|-start|p2a: Dondozo|move: Leech Seed\n|move|p2a: Dondozo|Waterfall|p1a: Wo-Chien\n|-damage|p1a: Wo-Chien|68\/100\n|\n|-heal|p1a: Wo-Chien|74\/100|[from] item: Leftovers\n|-damage|p2a: Dondozo|62\/100|[from] Leech Seed|[of] p1a: Wo-Chien\n|-heal|p1a: Wo-Chien|91\/100|[silent]\n|-sideend|p1: mathismathin|Reflect\n|upkeep\n|turn|62\n|\n|t:|1700416328\n|move|p1a: Wo-Chien|Reflect|p1a: Wo-Chien\n|-sidestart|p1: mathismathin|Reflect\n|move|p2a: Dondozo|Waterfall|p1a: Wo-Chien\n|-damage|p1a: Wo-Chien|66\/100\n|\n|-heal|p1a: Wo-Chien|72\/100|[from] item: Leftovers\n|-damage|p2a: Dondozo|50\/100|[from] Leech Seed|[of] p1a: Wo-Chien\n|-heal|p1a: Wo-Chien|89\/100|[silent]\n|upkeep\n|turn|63\n|-message|camo13 forfeited.\n|\n|win|mathismathin\n|raw|mathismathin's rating: 1770 &rarr; <strong>1787<\/strong><br \/>(+17 for winning)\n|raw|camo13's rating: 1726 &rarr; <strong>1709<\/strong><br \/>(-17 for losing)\n|l|\u2606camo13\n|l|\u2606mathismathin\n|l| all hips no lies\n|l| onlyD\n|l| Joltinjoe18\n|l| Pierre77v\n|j| Pierre77v\n|l| orasfunfun\n|j| orasfunfun\n","uploadtime":1700416340,"views":9,"p1id":"mathismathin","p2id":"camo13","formatid":"gen9ou","rating":1709,"private":0,"password":""}