{"id":"gen9ou-1991748495","p1":"Hanchzha","p2":"The Angel Devil","format":"[Gen 9] OU","log":"|j|\u2606Hanchzha\n|j|\u2606The Angel Devil\n|t:|1700110597\n|gametype|singles\n|player|p1|Hanchzha|fisherman-gen4|1480\n|player|p2|The Angel Devil|n-masters|1567\n|teamsize|p1|6\n|teamsize|p2|6\n|gen|9\n|tier|[Gen 9] OU\n|rated|\n|rule|Sleep Clause Mod: Limit one foe put to sleep\n|rule|Species Clause: Limit one of each Pok\u00e9mon\n|rule|OHKO Clause: OHKO moves are banned\n|rule|Evasion Items Clause: Evasion items are banned\n|rule|Evasion Moves Clause: Evasion moves are banned\n|rule|Endless Battle Clause: Forcing endless battles is banned\n|rule|HP Percentage Mod: HP is shown in percentages\n|clearpoke\n|poke|p1|Clefable, M|\n|poke|p1|Alomomola, F|\n|poke|p1|Blissey, F|\n|poke|p1|Clodsire, M|\n|poke|p1|Dondozo, F|\n|poke|p1|Amoonguss, M|\n|poke|p2|Okidogi, M|\n|poke|p2|Zoroark-Hisui, M|\n|poke|p2|Ting-Lu|\n|poke|p2|Zapdos|\n|poke|p2|Volcanion|\n|poke|p2|Iron Treads|\n|teampreview\n|inactive|Battle timer is ON: inactive players will automatically lose when time's up. (requested by Hanchzha)\n|\n|t:|1700110621\n|start\n|switch|p1a: Alomomola|Alomomola, F|100\/100\n|switch|p2a: Michelin|Iron Treads|100\/100\n|turn|1\n|\n|t:|1700110627\n|move|p1a: Alomomola|Protect|p1a: Alomomola\n|-singleturn|p1a: Alomomola|Protect\n|move|p2a: Michelin|Trick|p1a: Alomomola\n|-activate|p1a: Alomomola|move: Protect\n|\n|upkeep\n|turn|2\n|inactive|Hanchzha has 120 seconds left.\n|\n|t:|1700110659\n|switch|p2a: Vulcan|Volcanion|100\/100\n|switch|p1a: Amoonguss|Amoonguss, M|100\/100\n|\n|upkeep\n|turn|3\n|inactive|Hanchzha has 120 seconds left.\n|\n|t:|1700110671\n|switch|p1a: Blissey|Blissey, F|100\/100\n|move|p2a: Vulcan|Taunt|p1a: Blissey\n|-start|p1a: Blissey|move: Taunt\n|\n|upkeep\n|turn|4\n|\n|t:|1700110679\n|switch|p2a: Michelin|Iron Treads|100\/100\n|move|p1a: Blissey|Seismic Toss|p2a: Michelin\n|-immune|p2a: Michelin\n|\n|upkeep\n|turn|5\n|\n|t:|1700110686\n|switch|p1a: Amoonguss|Amoonguss, M|100\/100\n|move|p2a: Michelin|Trick|p1a: Amoonguss\n|-activate|p2a: Michelin|move: Trick|[of] p1a: Amoonguss\n|-item|p1a: Amoonguss|Choice Specs|[from] move: Trick\n|-item|p2a: Michelin|Heavy-Duty Boots|[from] move: Trick\n|\n|upkeep\n|turn|6\n|\n|t:|1700110698\n|move|p2a: Michelin|Flamethrower|p1a: Amoonguss\n|-supereffective|p1a: Amoonguss\n|-damage|p1a: Amoonguss|45\/100\n|move|p1a: Amoonguss|Spore|p2a: Michelin\n|-status|p2a: Michelin|slp|[from] move: Spore\n|\n|upkeep\n|turn|7\n|\n|t:|1700110712\n|switch|p2a: Michelin|Iron Treads|100\/100\n|switch|p1a: Blissey|Blissey, F|100\/100\n|\n|upkeep\n|turn|8\n|\n|t:|1700110717\n|switch|p1a: Amoonguss|Amoonguss, M|78\/100\n|move|p2a: Michelin|Stealth Rock|p1a: Amoonguss\n|-sidestart|p1: Hanchzha|move: Stealth Rock\n|\n|upkeep\n|turn|9\n|\n|t:|1700110726\n|move|p2a: Michelin|Earthquake|p1a: Amoonguss\n|-damage|p1a: Amoonguss|52\/100\n|move|p1a: Amoonguss|Foul Play|p2a: Michelin\n|-damage|p2a: Michelin|84\/100\n|\n|-heal|p2a: Michelin|90\/100|[from] item: Leftovers\n|upkeep\n|turn|10\n|\n|t:|1700110733\n|switch|p1a: Alomomola|Alomomola, F|100\/100\n|move|p2a: Michelin|Earthquake|p1a: Alomomola\n|-damage|p1a: Alomomola|79\/100\n|\n|-heal|p2a: Michelin|96\/100|[from] item: Leftovers\n|upkeep\n|turn|11\n|\n|t:|1700110740\n|-end|p2a: Michelin|Quark Drive|[silent]\n|switch|p2a: Vulcan|Volcanion|100\/100\n|switch|p1a: Amoonguss|Amoonguss, M|85\/100\n|-damage|p1a: Amoonguss|73\/100|[from] Stealth Rock\n|\n|upkeep\n|turn|12\n|\n|t:|1700110753\n|switch|p2a: Sacrificial Lamb|Ting-Lu|100\/100\n|-ability|p2a: Sacrificial Lamb|Vessel of Ruin\n|switch|p1a: Blissey|Blissey, F|100\/100\n|\n|upkeep\n|turn|13\n|\n|t:|1700110759\n|move|p1a: Blissey|Protect|p1a: Blissey\n|-singleturn|p1a: Blissey|Protect\n|move|p2a: Sacrificial Lamb|Spikes|p1a: Blissey\n|-sidestart|p1: Hanchzha|Spikes\n|\n|upkeep\n|turn|14\n|\n|t:|1700110768\n|switch|p1a: Alomomola|Alomomola, F|100\/100\n|move|p2a: Sacrificial Lamb|Ruination|p1a: Alomomola\n|-damage|p1a: Alomomola|51\/100\n|\n|upkeep\n|turn|15\n|inactive|The Angel Devil has 120 seconds left.\n|\n|t:|1700110801\n|switch|p2a: Vulcan|Volcanion|100\/100\n|move|p1a: Alomomola|Flip Turn|p2a: Vulcan\n|-immune|p2a: Vulcan|[from] ability: Water Absorb\n|\n|upkeep\n|turn|16\n|\n|t:|1700110809\n|switch|p1a: Blissey|Blissey, F|100\/100\n|move|p2a: Vulcan|Taunt|p1a: Blissey\n|-start|p1a: Blissey|move: Taunt\n|\n|upkeep\n|turn|17\n|inactive|The Angel Devil has 120 seconds left.\n|\n|t:|1700110833\n|switch|p2a: Vulcan|Volcanion|100\/100 slp\n|move|p1a: Blissey|Seismic Toss|p2a: Vulcan\n|-immune|p2a: Vulcan\n|\n|upkeep\n|turn|18\n|inactive|The Angel Devil has 120 seconds left.\n|\n|t:|1700110841\n|switch|p2a: Brutus|Okidogi, M|100\/100\n|switch|p1a: Clodsire|Clodsire, M|100\/100\n|\n|upkeep\n|turn|19\n|\n|t:|1700110853\n|switch|p2a: Michelin|Iron Treads|96\/100\n|switch|p1a: Amoonguss|Amoonguss, M|100\/100\n|-damage|p1a: Amoonguss|88\/100|[from] Stealth Rock\n|-damage|p1a: Amoonguss|76\/100|[from] Spikes\n|\n|-heal|p2a: Michelin|100\/100|[from] item: Leftovers\n|upkeep\n|turn|20\n|\n|t:|1700110860\n|switch|p1a: Alomomola|Alomomola, F|84\/100\n|move|p2a: Michelin|Volt Switch|p1a: Alomomola\n|-supereffective|p1a: Alomomola\n|-damage|p1a: Alomomola|56\/100\n|\n|t:|1700110866\n|-end|p2a: Michelin|Quark Drive|[silent]\n|switch|p2a: Brutus|Okidogi, M|100\/100|[from] Volt Switch\n|\n|upkeep\n|turn|21\n|\n|t:|1700110872\n|switch|p1a: Amoonguss|Amoonguss, M|100\/100\n|-damage|p1a: Amoonguss|88\/100|[from] Stealth Rock\n|-damage|p1a: Amoonguss|76\/100|[from] Spikes\n|move|p2a: Brutus|Knock Off|p1a: Amoonguss\n|-damage|p1a: Amoonguss|50\/100\n|-enditem|p1a: Amoonguss|Choice Specs|[from] move: Knock Off|[of] p2a: Brutus\n|\n|upkeep\n|turn|22\n|\n|t:|1700110900\n|move|p2a: Brutus|Bulk Up|p2a: Brutus\n|-boost|p2a: Brutus|atk|1\n|-boost|p2a: Brutus|def|1\n|move|p1a: Amoonguss|Giga Drain|p2a: Brutus\n|-resisted|p2a: Brutus\n|-damage|p2a: Brutus|90\/100\n|-heal|p1a: Amoonguss|55\/100|[from] drain|[of] p2a: Brutus\n|\n|-heal|p2a: Brutus|96\/100|[from] item: Leftovers\n|upkeep\n|turn|23\n|\n|t:|1700110906\n|move|p2a: Brutus|Knock Off|p1a: Amoonguss\n|-damage|p1a: Amoonguss|32\/100\n|move|p1a: Amoonguss|Clear Smog|p2a: Brutus\n|-resisted|p2a: Brutus\n|-damage|p2a: Brutus|89\/100\n|-clearboost|p2a: Brutus\n|\n|-heal|p2a: Brutus|95\/100|[from] item: Leftovers\n|upkeep\n|turn|24\n|\n|t:|1700110918\n|switch|p1a: Alomomola|Alomomola, F|90\/100\n|move|p2a: Brutus|Knock Off|p1a: Alomomola\n|-damage|p1a: Alomomola|71\/100\n|-enditem|p1a: Alomomola|Heavy-Duty Boots|[from] move: Knock Off|[of] p2a: Brutus\n|\n|-heal|p2a: Brutus|100\/100|[from] item: Leftovers\n|upkeep\n|turn|25\n|\n|t:|1700110922\n|switch|p2a: Vulcan|Volcanion|100\/100\n|move|p1a: Alomomola|Wish|p1a: Alomomola\n|\n|upkeep\n|turn|26\n|\n|t:|1700110930\n|switch|p1a: Blissey|Blissey, F|100\/100\n|move|p2a: Vulcan|Flamethrower|p1a: Blissey\n|-damage|p1a: Blissey|87\/100\n|\n|-heal|p1a: Blissey|100\/100|[from] move: Wish|[wisher] Alomomola\n|upkeep\n|turn|27\n|\n|t:|1700110936\n|switch|p2a: Brutus|Okidogi, M|100\/100 slp\n|move|p1a: Blissey|Seismic Toss|p2a: Brutus\n|-immune|p2a: Brutus\n|\n|upkeep\n|turn|28\n|\n|t:|1700110944\n|cant|p2a: Brutus|slp\n|move|p1a: Blissey|Stealth Rock|p2a: Brutus\n|-sidestart|p2: The Angel Devil|move: Stealth Rock\n|\n|upkeep\n|turn|29\n|\n|t:|1700110951\n|switch|p1a: Clodsire|Clodsire, M|100\/100\n|cant|p2a: Brutus|slp\n|\n|upkeep\n|turn|30\n|\n|t:|1700110959\n|switch|p2a: Sacrificial Lamb|Ting-Lu|100\/100\n|-damage|p2a: Sacrificial Lamb|94\/100|[from] Stealth Rock\n|-ability|p2a: Sacrificial Lamb|Vessel of Ruin\n|move|p1a: Clodsire|Spikes|p2a: Sacrificial Lamb\n|-sidestart|p2: The Angel Devil|Spikes\n|\n|-heal|p2a: Sacrificial Lamb|100\/100|[from] item: Leftovers\n|upkeep\n|turn|31\n|\n|t:|1700110966\n|switch|p1a: Clefable|Clefable, M|100\/100\n|move|p2a: Sacrificial Lamb|Spikes|p1a: Clefable\n|-sidestart|p1: Hanchzha|Spikes\n|\n|upkeep\n|turn|32\n|\n|t:|1700110971\n|switch|p2a: Michelin|Iron Treads|100\/100\n|-damage|p2a: Michelin|97\/100|[from] Stealth Rock\n|-damage|p2a: Michelin|85\/100|[from] Spikes\n|move|p1a: Clefable|Knock Off|p2a: Michelin\n|-damage|p2a: Michelin|73\/100\n|-enditem|p2a: Michelin|Leftovers|[from] move: Knock Off|[of] p1a: Clefable\n|\n|upkeep\n|turn|33\n|\n|t:|1700110983\n|switch|p1a: Alomomola|Alomomola, F|100\/100\n|-damage|p1a: Alomomola|88\/100|[from] Stealth Rock\n|-damage|p1a: Alomomola|72\/100|[from] Spikes\n|move|p2a: Michelin|Rapid Spin|p1a: Alomomola\n|-damage|p1a: Alomomola|65\/100\n|-boost|p2a: Michelin|spe|1\n|-sideend|p2: The Angel Devil|Spikes|[from] move: Rapid Spin|[of] p2a: Michelin\n|-sideend|p2: The Angel Devil|Stealth Rock|[from] move: Rapid Spin|[of] p2a: Michelin\n|\n|upkeep\n|turn|34\n|\n|t:|1700110989\n|move|p2a: Michelin|Volt Switch|p1a: Alomomola\n|-supereffective|p1a: Alomomola\n|-damage|p1a: Alomomola|40\/100\n|\n|t:|1700110994\n|-end|p2a: Michelin|Quark Drive|[silent]\n|switch|p2a: Vulcan|Volcanion|100\/100|[from] Volt Switch\n|move|p1a: Alomomola|Mirror Coat|p2a: Vulcan\n|-damage|p2a: Vulcan|22\/100\n|\n|upkeep\n|turn|35\n|\n|t:|1700111003\n|switch|p2a: Brutus|Okidogi, M|100\/100\n|switch|p1a: Blissey|Blissey, F|100\/100\n|\n|upkeep\n|turn|36\n|\n|t:|1700111012\n|switch|p1a: Amoonguss|Amoonguss, M|65\/100\n|-damage|p1a: Amoonguss|52\/100|[from] Stealth Rock\n|-damage|p1a: Amoonguss|36\/100|[from] Spikes\n|move|p2a: Brutus|Bulk Up|p2a: Brutus\n|-boost|p2a: Brutus|atk|1\n|-boost|p2a: Brutus|def|1\n|\n|upkeep\n|turn|37\n|\n|t:|1700111018\n|move|p2a: Brutus|Poison Jab|p1a: Amoonguss\n|-damage|p1a: Amoonguss|0 fnt\n|faint|p1a: Amoonguss\n|\n|upkeep\n|-message|Hanchzha forfeited.\n|\n|win|The Angel Devil\n|raw|Hanchzha's rating: 1480 &rarr; <strong>1465<\/strong><br \/>(-15 for losing)\n|raw|The Angel Devil's rating: 1567 &rarr; <strong>1582<\/strong><br \/>(+15 for winning)\n|l|\u2606Hanchzha\n","uploadtime":1700111037,"views":9,"p1id":"hanchzha","p2id":"theangeldevil","formatid":"gen9ou","rating":1465,"private":0,"password":""}