{"id":"gen9ou-1996240110","p1":"liaoya","p2":"constantinusrex","format":"[Gen 9] OU","log":"|j|\u2606liaoya\n|j|\u2606constantinusrex\n|t:|1700662921\n|gametype|singles\n|player|p1|liaoya|petrel|1539\n|player|p2|constantinusrex|266|1519\n|teamsize|p1|6\n|teamsize|p2|6\n|gen|9\n|tier|[Gen 9] OU\n|rated|\n|rule|Sleep Clause Mod: Limit one foe put to sleep\n|rule|Species Clause: Limit one of each Pok\u00e9mon\n|rule|OHKO Clause: OHKO moves are banned\n|rule|Evasion Items Clause: Evasion items are banned\n|rule|Evasion Moves Clause: Evasion moves are banned\n|rule|Endless Battle Clause: Forcing endless battles is banned\n|rule|HP Percentage Mod: HP is shown in percentages\n|clearpoke\n|poke|p1|Drifblim, F|\n|poke|p1|Garganacl, M|\n|poke|p1|Umbreon, F|\n|poke|p1|Rotom-Wash|\n|poke|p1|Glimmora, F|\n|poke|p1|Espeon, F|\n|poke|p2|Enamorus, F|\n|poke|p2|Dragapult, M|\n|poke|p2|Iron Valiant|\n|poke|p2|Gholdengo|\n|poke|p2|Iron Treads|\n|poke|p2|Dragonite, M|\n|teampreview\n|inactive|Battle timer is ON: inactive players will automatically lose when time's up. (requested by liaoya)\n|\n|t:|1700662926\n|start\n|switch|p1a: Rotom|Rotom-Wash|100\/100\n|switch|p2a: Iron Treads|Iron Treads|100\/100\n|-enditem|p2a: Iron Treads|Booster Energy\n|-activate|p2a: Iron Treads|ability: Quark Drive|[fromitem]\n|-start|p2a: Iron Treads|quarkdrivespe\n|turn|1\n|\n|t:|1700662928\n|move|p2a: Iron Treads|Stealth Rock|p1a: Rotom\n|-sidestart|p1: liaoya|move: Stealth Rock\n|move|p1a: Rotom|Hydro Pump|p2a: Iron Treads\n|-supereffective|p2a: Iron Treads\n|-crit|p2a: Iron Treads\n|-damage|p2a: Iron Treads|0 fnt\n|faint|p2a: Iron Treads\n|-end|p2a: Iron Treads|Quark Drive|[silent]\n|\n|upkeep\n|\n|t:|1700662935\n|switch|p2a: Dragapult|Dragapult, M|100\/100\n|turn|2\n|\n|t:|1700662940\n|switch|p1a: Umbreon|Umbreon, F, shiny|100\/100\n|-damage|p1a: Umbreon|88\/100|[from] Stealth Rock\n|move|p2a: Dragapult|Dragon Dance|p2a: Dragapult\n|-boost|p2a: Dragapult|atk|1\n|-boost|p2a: Dragapult|spe|1\n|\n|-heal|p1a: Umbreon|94\/100|[from] item: Leftovers\n|upkeep\n|turn|3\n|\n|t:|1700662947\n|move|p2a: Dragapult|Dragon Darts|p1a: Umbreon\n|-damage|p1a: Umbreon|66\/100\n|-anim|p2a: Dragapult|Dragon Darts|p1a: Umbreon\n|-damage|p1a: Umbreon|42\/100\n|move|p1a: Umbreon|Foul Play|p2a: Dragapult\n|-supereffective|p2a: Dragapult\n|-enditem|p2a: Dragapult|Focus Sash\n|-damage|p2a: Dragapult|1\/100\n|\n|-heal|p1a: Umbreon|48\/100|[from] item: Leftovers\n|upkeep\n|turn|4\n|\n|t:|1700662953\n|move|p1a: Umbreon|Protect|p1a: Umbreon\n|-singleturn|p1a: Umbreon|Protect\n|move|p2a: Dragapult|Dragon Darts|p1a: Umbreon\n|-activate|p1a: Umbreon|move: Protect\n|\n|-heal|p1a: Umbreon|54\/100|[from] item: Leftovers\n|upkeep\n|turn|5\n|\n|t:|1700662965\n|switch|p1a: Glimmora|Glimmora, F|100\/100\n|-damage|p1a: Glimmora|88\/100|[from] Stealth Rock\n|move|p2a: Dragapult|Dragon Darts|p1a: Glimmora\n|-damage|p1a: Glimmora|55\/100\n|-activate|p1a: Glimmora|ability: Toxic Debris\n|-sidestart|p2: constantinusrex|move: Toxic Spikes\n|-anim|p2a: Dragapult|Dragon Darts|p1a: Glimmora\n|-damage|p1a: Glimmora|24\/100\n|-activate|p1a: Glimmora|ability: Toxic Debris\n|-sidestart|p2: constantinusrex|move: Toxic Spikes\n|\n|upkeep\n|turn|6\n|j| Domin0999\n|\n|t:|1700662971\n|move|p2a: Dragapult|Dragon Darts|p1a: Glimmora\n|-damage|p1a: Glimmora|0 fnt\n|faint|p1a: Glimmora\n|\n|upkeep\n|l| Domin0999\n|\n|t:|1700662975\n|switch|p1a: Rotom|Rotom-Wash|100\/100\n|-damage|p1a: Rotom|88\/100|[from] Stealth Rock\n|turn|7\n|\n|t:|1700662979\n|move|p2a: Dragapult|Dragon Darts|p1a: Rotom\n|-damage|p1a: Rotom|49\/100\n|-anim|p2a: Dragapult|Dragon Darts|p1a: Rotom\n|-damage|p1a: Rotom|4\/100\n|move|p1a: Rotom|Volt Switch|p2a: Dragapult\n|-resisted|p2a: Dragapult\n|-damage|p2a: Dragapult|0 fnt\n|faint|p2a: Dragapult\n|\n|t:|1700662992\n|switch|p1a: Garganacl|Garganacl, M, shiny|100\/100|[from] Volt Switch\n|-damage|p1a: Garganacl|88\/100|[from] Stealth Rock\n|\n|-heal|p1a: Garganacl|94\/100|[from] item: Leftovers\n|upkeep\n|\n|t:|1700662997\n|switch|p2a: Gholdengo|Gholdengo|100\/100\n|-item|p2a: Gholdengo|Air Balloon\n|turn|8\n|\n|t:|1700663003\n|-terastallize|p1a: Garganacl|Ghost\n|move|p2a: Gholdengo|Make It Rain|p1a: Garganacl\n|-damage|p1a: Garganacl|50\/100\n|-unboost|p2a: Gholdengo|spa|1\n|move|p1a: Garganacl|Salt Cure|p2a: Gholdengo\n|-resisted|p2a: Gholdengo\n|-damage|p2a: Gholdengo|93\/100\n|-start|p2a: Gholdengo|Salt Cure\n|-enditem|p2a: Gholdengo|Air Balloon\n|\n|-heal|p1a: Garganacl|57\/100|[from] item: Leftovers\n|-damage|p2a: Gholdengo|68\/100|[from] Salt Cure\n|upkeep\n|turn|9\n|\n|t:|1700663009\n|move|p2a: Gholdengo|Nasty Plot|p2a: Gholdengo\n|-boost|p2a: Gholdengo|spa|2\n|move|p1a: Garganacl|Recover|p1a: Garganacl\n|-heal|p1a: Garganacl|100\/100\n|\n|-damage|p2a: Gholdengo|43\/100|[from] Salt Cure\n|upkeep\n|turn|10\n|\n|t:|1700663018\n|move|p2a: Gholdengo|Shadow Ball|p1a: Garganacl\n|-supereffective|p1a: Garganacl\n|-damage|p1a: Garganacl|57\/100\n|-unboost|p1a: Garganacl|spd|1\n|move|p1a: Garganacl|Salt Cure|p2a: Gholdengo\n|-resisted|p2a: Gholdengo\n|-damage|p2a: Gholdengo|36\/100\n|\n|-heal|p1a: Garganacl|63\/100|[from] item: Leftovers\n|-damage|p2a: Gholdengo|11\/100|[from] Salt Cure\n|upkeep\n|turn|11\n|\n|t:|1700663024\n|move|p2a: Gholdengo|Make It Rain|p1a: Garganacl\n|-damage|p1a: Garganacl|0 fnt\n|-unboost|p2a: Gholdengo|spa|1\n|faint|p1a: Garganacl\n|\n|-damage|p2a: Gholdengo|0 fnt|[from] Salt Cure\n|faint|p2a: Gholdengo\n|upkeep\n|\n|t:|1700663035\n|switch|p2a: Enamorus|Enamorus, F|100\/100\n|switch|p1a: Espeon|Espeon, F|100\/100\n|-damage|p1a: Espeon|88\/100|[from] Stealth Rock\n|turn|12\n|\n|t:|1700663040\n|move|p1a: Espeon|Psyshock|p2a: Enamorus\n|-damage|p2a: Enamorus|48\/100\n|move|p2a: Enamorus|Calm Mind|p2a: Enamorus\n|-boost|p2a: Enamorus|spa|1\n|-boost|p2a: Enamorus|spd|1\n|\n|-heal|p2a: Enamorus|54\/100|[from] item: Leftovers\n|upkeep\n|turn|13\n|\n|t:|1700663044\n|move|p1a: Espeon|Psyshock|p2a: Enamorus\n|-damage|p2a: Enamorus|2\/100\n|move|p2a: Enamorus|Moonblast|p1a: Espeon\n|-damage|p1a: Espeon|16\/100\n|\n|-heal|p2a: Enamorus|8\/100|[from] item: Leftovers\n|upkeep\n|turn|14\n|\n|t:|1700663049\n|move|p1a: Espeon|Psyshock|p2a: Enamorus\n|-damage|p2a: Enamorus|0 fnt\n|faint|p2a: Enamorus\n|\n|upkeep\n|\n|t:|1700663052\n|switch|p2a: Dragonite|Dragonite, M|100\/100\n|turn|15\n|\n|t:|1700663056\n|switch|p1a: Drifblim|Drifblim, F|100\/100\n|-damage|p1a: Drifblim|76\/100|[from] Stealth Rock\n|move|p2a: Dragonite|Extreme Speed|p1a: Drifblim\n|-immune|p1a: Drifblim\n|\n|upkeep\n|turn|16\n|\n|t:|1700663061\n|move|p1a: Drifblim|Trick|p2a: Dragonite\n|-activate|p1a: Drifblim|move: Trick|[of] p2a: Dragonite\n|-item|p2a: Dragonite|Choice Scarf|[from] move: Trick\n|-item|p1a: Drifblim|Heavy-Duty Boots|[from] move: Trick\n|move|p2a: Dragonite|Dragon Dance|p2a: Dragonite\n|-boost|p2a: Dragonite|atk|1\n|-boost|p2a: Dragonite|spe|1\n|\n|upkeep\n|turn|17\n|\n|t:|1700663079\n|switch|p1a: Umbreon|Umbreon, F, shiny|54\/100\n|-damage|p1a: Umbreon|41\/100|[from] Stealth Rock\n|move|p2a: Dragonite|Dragon Dance|p2a: Dragonite\n|-boost|p2a: Dragonite|atk|1\n|-boost|p2a: Dragonite|spe|1\n|\n|-heal|p1a: Umbreon|47\/100|[from] item: Leftovers\n|upkeep\n|turn|18\n|\n|t:|1700663084\n|switch|p2a: Iron Valiant|Iron Valiant|100\/100\n|-status|p2a: Iron Valiant|tox\n|-enditem|p2a: Iron Valiant|Booster Energy\n|-activate|p2a: Iron Valiant|ability: Quark Drive|[fromitem]\n|-start|p2a: Iron Valiant|quarkdrivespe\n|move|p1a: Umbreon|Wish|p1a: Umbreon\n|\n|-heal|p1a: Umbreon|54\/100|[from] item: Leftovers\n|-damage|p2a: Iron Valiant|94\/100 tox|[from] psn\n|upkeep\n|turn|19\n|\n|t:|1700663090\n|move|p1a: Umbreon|Protect|p1a: Umbreon\n|-singleturn|p1a: Umbreon|Protect\n|move|p2a: Iron Valiant|Calm Mind|p2a: Iron Valiant\n|-boost|p2a: Iron Valiant|spa|1\n|-boost|p2a: Iron Valiant|spd|1\n|\n|-heal|p1a: Umbreon|100\/100|[from] move: Wish|[wisher] Umbreon\n|-damage|p2a: Iron Valiant|82\/100 tox|[from] psn\n|upkeep\n|turn|20\n|\n|t:|1700663097\n|switch|p1a: Rotom|Rotom-Wash|4\/100\n|-damage|p1a: Rotom|0 fnt|[from] Stealth Rock\n|faint|p1a: Rotom\n|move|p2a: Iron Valiant|Moonblast|p1: Rotom|[notarget]\n|-fail|p2a: Iron Valiant\n|\n|-damage|p2a: Iron Valiant|63\/100 tox|[from] psn\n|upkeep\n|\n|t:|1700663109\n|switch|p1a: Espeon|Espeon, F|16\/100\n|-damage|p1a: Espeon|4\/100|[from] Stealth Rock\n|turn|21\n|-message|constantinusrex forfeited.\n|\n|win|liaoya\n|raw|liaoya's rating: 1539 &rarr; <strong>1558<\/strong><br \/>(+19 for winning)\n|raw|constantinusrex's rating: 1519 &rarr; <strong>1500<\/strong><br \/>(-19 for losing)\n|l|\u2606constantinusrex\n","uploadtime":1700663125,"views":0,"p1id":"liaoya","p2id":"constantinusrex","formatid":"gen9ou","rating":1500,"private":0,"password":""}