{"id":"gen9ou-1995246328","p1":"byuself","p2":"gamb_over","format":"[Gen 9] OU","log":"|j|\u2606byuself\n|j|\u2606gamb_over\n|t:|1700539598\n|gametype|singles\n|player|p1|byuself|169|1434\n|player|p2|gamb_over|biker-gen4|1443\n|teamsize|p1|6\n|teamsize|p2|6\n|gen|9\n|tier|[Gen 9] OU\n|rated|\n|rule|Sleep Clause Mod: Limit one foe put to sleep\n|rule|Species Clause: Limit one of each Pok\u00e9mon\n|rule|OHKO Clause: OHKO moves are banned\n|rule|Evasion Items Clause: Evasion items are banned\n|rule|Evasion Moves Clause: Evasion moves are banned\n|rule|Endless Battle Clause: Forcing endless battles is banned\n|rule|HP Percentage Mod: HP is shown in percentages\n|clearpoke\n|poke|p1|Torkoal, M|\n|poke|p1|Walking Wake|\n|poke|p1|Great Tusk|\n|poke|p1|Sandy Shocks|\n|poke|p1|Kingambit, M|\n|poke|p1|Dragapult, M|\n|poke|p2|Vespiquen, F|\n|poke|p2|Dusknoir, M|\n|poke|p2|Weavile, M|\n|poke|p2|Samurott-Hisui, F|\n|poke|p2|Zapdos|\n|poke|p2|Kingambit, F|\n|teampreview\n|inactive|Battle timer is ON: inactive players will automatically lose when time's up. (requested by byuself)\n|j| knexhawk2\n|\n|t:|1700539630\n|start\n|switch|p1a: Torkoal|Torkoal, M|100\/100\n|switch|p2a: THE MOTHERSHIP|Vespiquen, F|100\/100\n|-ability|p2a: THE MOTHERSHIP|Pressure\n|-weather|SunnyDay|[from] ability: Drought|[of] p1a: Torkoal\n|turn|1\n|j| cryaboutitE\n|j| dropingadraco2\n|\n|t:|1700539637\n|move|p2a: THE MOTHERSHIP|Spikes|p1a: Torkoal\n|-sidestart|p1: byuself|Spikes\n|move|p1a: Torkoal|Stealth Rock|p2a: THE MOTHERSHIP\n|-sidestart|p2: gamb_over|move: Stealth Rock\n|\n|-weather|SunnyDay|[upkeep]\n|upkeep\n|turn|2\n|j| Stantler is Uber\n|c| knexhawk2|tera water mothership\n|c| knexhawk2|16-0s\n|\n|t:|1700539641\n|move|p2a: THE MOTHERSHIP|Protect|p2a: THE MOTHERSHIP\n|-singleturn|p2a: THE MOTHERSHIP|Protect\n|move|p1a: Torkoal|Rapid Spin|p2a: THE MOTHERSHIP\n|-activate|p2a: THE MOTHERSHIP|move: Protect\n|\n|-weather|SunnyDay|[upkeep]\n|upkeep\n|turn|3\n|j| Manjack\n|\n|t:|1700539649\n|move|p2a: THE MOTHERSHIP|Toxic|p1a: Torkoal\n|-status|p1a: Torkoal|tox\n|move|p1a: Torkoal|Yawn|p2a: THE MOTHERSHIP\n|-start|p2a: THE MOTHERSHIP|move: Yawn|[of] p1a: Torkoal\n|\n|-weather|SunnyDay|[upkeep]\n|-damage|p1a: Torkoal|94\/100 tox|[from] psn\n|upkeep\n|turn|4\n|\n|t:|1700539661\n|switch|p1a: Dragapult|Dragapult, M|100\/100\n|-damage|p1a: Dragapult|88\/100|[from] Spikes\n|move|p2a: THE MOTHERSHIP|Protect||[still]\n|-fail|p2a: THE MOTHERSHIP\n|\n|-weather|SunnyDay|[upkeep]\n|-end|p2a: THE MOTHERSHIP|move: Yawn|[silent]\n|-status|p2a: THE MOTHERSHIP|slp\n|upkeep\n|turn|5\n|c| cryaboutitE|The mothership getting sleep\n|\n|t:|1700539681\n|switch|p2a: Advance Agent|Weavile, M|100\/100\n|-damage|p2a: Advance Agent|76\/100|[from] Stealth Rock\n|-ability|p2a: Advance Agent|Pressure\n|move|p1a: Dragapult|Flamethrower|p2a: Advance Agent\n|-supereffective|p2a: Advance Agent\n|-damage|p2a: Advance Agent|0 fnt\n|faint|p2a: Advance Agent\n|\n|-weather|SunnyDay|[upkeep]\n|upkeep\n|\n|t:|1700539685\n|switch|p2a: Leviathan|Samurott-Hisui, F|100\/100\n|-damage|p2a: Leviathan|88\/100|[from] Stealth Rock\n|turn|6\n|\n|t:|1700539689\n|switch|p1a: Great Tusk|Great Tusk|100\/100\n|-activate|p1a: Great Tusk|ability: Protosynthesis\n|-start|p1a: Great Tusk|protosynthesisatk\n|move|p2a: Leviathan|Knock Off|p1a: Great Tusk\n|-resisted|p1a: Great Tusk\n|-damage|p1a: Great Tusk|88\/100\n|-enditem|p1a: Great Tusk|Heavy-Duty Boots|[from] move: Knock Off|[of] p2a: Leviathan\n|\n|-weather|SunnyDay|[upkeep]\n|-heal|p2a: Leviathan|94\/100|[from] item: Leftovers\n|upkeep\n|turn|7\n|\n|t:|1700539699\n|move|p1a: Great Tusk|Rapid Spin|p2a: Leviathan\n|-damage|p2a: Leviathan|78\/100\n|-boost|p1a: Great Tusk|spe|1\n|-sideend|p1: byuself|Spikes|[from] move: Rapid Spin|[of] p1a: Great Tusk\n|move|p2a: Leviathan|Flip Turn|p1a: Great Tusk\n|-supereffective|p1a: Great Tusk\n|-damage|p1a: Great Tusk|73\/100\n|\n|t:|1700539704\n|switch|p2a: THE FATHERSHIP|Dusknoir, M|100\/100|[from] Flip Turn\n|-damage|p2a: THE FATHERSHIP|88\/100|[from] Stealth Rock\n|-ability|p2a: THE FATHERSHIP|Pressure\n|\n|-weather|SunnyDay|[upkeep]\n|-heal|p2a: THE FATHERSHIP|94\/100|[from] item: Leftovers\n|upkeep\n|turn|8\n|\n|t:|1700539708\n|move|p1a: Great Tusk|Knock Off|p2a: THE FATHERSHIP\n|-supereffective|p2a: THE FATHERSHIP\n|-damage|p2a: THE FATHERSHIP|32\/100\n|-enditem|p2a: THE FATHERSHIP|Leftovers|[from] move: Knock Off|[of] p1a: Great Tusk\n|move|p2a: THE FATHERSHIP|Substitute|p2a: THE FATHERSHIP\n|-start|p2a: THE FATHERSHIP|Substitute\n|-damage|p2a: THE FATHERSHIP|8\/100\n|\n|-weather|none\n|-end|p1a: Great Tusk|Protosynthesis\n|upkeep\n|turn|9\n|l| dropingadraco2\n|\n|t:|1700539713\n|move|p1a: Great Tusk|Knock Off|p2a: THE FATHERSHIP\n|-supereffective|p2a: THE FATHERSHIP\n|-end|p2a: THE FATHERSHIP|Substitute\n|move|p2a: THE FATHERSHIP|Ice Punch|p1a: Great Tusk\n|-supereffective|p1a: Great Tusk\n|-damage|p1a: Great Tusk|50\/100\n|\n|upkeep\n|turn|10\n|c|\u2606gamb_over|TUSK COUNTERPLAY\n|\n|t:|1700539725\n|move|p2a: THE FATHERSHIP|Protect|p2a: THE FATHERSHIP\n|-singleturn|p2a: THE FATHERSHIP|Protect\n|move|p1a: Great Tusk|Knock Off|p2a: THE FATHERSHIP\n|-activate|p2a: THE FATHERSHIP|move: Protect\n|\n|upkeep\n|turn|11\n|c| cryaboutitE|YES\n|\n|t:|1700539729\n|move|p1a: Great Tusk|Knock Off|p2a: THE FATHERSHIP\n|-supereffective|p2a: THE FATHERSHIP\n|-damage|p2a: THE FATHERSHIP|0 fnt\n|faint|p2a: THE FATHERSHIP\n|\n|upkeep\n|c| cryaboutitE|\u2026\n|\n|t:|1700539733\n|switch|p2a: Cloud Control|Zapdos|100\/100\n|-ability|p2a: Cloud Control|Pressure\n|turn|12\n|j| INFRXPokemon\n|\n|t:|1700539738\n|move|p1a: Great Tusk|Knock Off|p2a: Cloud Control\n|-damage|p2a: Cloud Control|67\/100\n|-enditem|p2a: Cloud Control|Heavy-Duty Boots|[from] move: Knock Off|[of] p1a: Great Tusk\n|move|p2a: Cloud Control|U-turn|p1a: Great Tusk\n|-resisted|p1a: Great Tusk\n|-damage|p1a: Great Tusk|45\/100\n|\n|t:|1700539743\n|switch|p2a: Leviathan|Samurott-Hisui, F|78\/100|[from] U-turn\n|-damage|p2a: Leviathan|65\/100|[from] Stealth Rock\n|\n|-heal|p2a: Leviathan|72\/100|[from] item: Leftovers\n|upkeep\n|turn|13\n|c| cryaboutitE|That is NOOOOOT tusk counterplay smh\n|\n|t:|1700539752\n|-end|p1a: Great Tusk|Protosynthesis|[silent]\n|switch|p1a: Walking Wake|Walking Wake|100\/100\n|-enditem|p1a: Walking Wake|Booster Energy\n|-activate|p1a: Walking Wake|ability: Protosynthesis|[fromitem]\n|-start|p1a: Walking Wake|protosynthesisspa\n|move|p2a: Leviathan|Ceaseless Edge|p1a: Walking Wake\n|-damage|p1a: Walking Wake|60\/100\n|-sidestart|p1: byuself|Spikes\n|\n|-heal|p2a: Leviathan|78\/100|[from] item: Leftovers\n|upkeep\n|turn|14\n|c| INFRXPokemon|actually\n|c| INFRXPokemon|why did u choose vespidusknoir\n|c|\u2606gamb_over|bro\n|c|\u2606gamb_over|booster energy\n|c|\u2606gamb_over|on sun\n|c| INFRXPokemon|like is there a reason for this core or\n|c|\u2606gamb_over|INFRXPokemon knex said they were bad\n|c|\u2606gamb_over|so i made it as a joke\n|inactive|gamb_over has 120 seconds left.\n|c|\u2606gamb_over|bc if gambit somehow steals this\n|c|\u2606gamb_over|its fucking hilarious\n|\n|t:|1700539795\n|move|p1a: Walking Wake|Dragon Pulse|p2a: Leviathan\n|-damage|p2a: Leviathan|4\/100\n|move|p2a: Leviathan|Ceaseless Edge|p1a: Walking Wake\n|-crit|p1a: Walking Wake\n|-damage|p1a: Walking Wake|0 fnt\n|-sidestart|p1: byuself|Spikes\n|faint|p1a: Walking Wake\n|-end|p1a: Walking Wake|Protosynthesis|[silent]\n|\n|-heal|p2a: Leviathan|10\/100|[from] item: Leftovers\n|upkeep\n|c| Stantler is Uber|eh knexhawk got locked\n|\n|t:|1700539807\n|switch|p1a: Sandy Shocks|Sandy Shocks|100\/100\n|turn|15\n|c| INFRXPokemon|i fr think stall would be better\n|c|\u2606gamb_over|oh what\n|c|\u2606gamb_over|for what\n|inactive|gamb_over has 120 seconds left.\n|c|\u2606gamb_over|maybe it was the battle filter\n|j| RepeatUntilTired3\n|\n|t:|1700539829\n|move|p2a: Leviathan|Aqua Jet|p1a: Sandy Shocks\n|-supereffective|p1a: Sandy Shocks\n|-damage|p1a: Sandy Shocks|64\/100\n|move|p1a: Sandy Shocks|Volt Switch|p2a: Leviathan\n|-supereffective|p2a: Leviathan\n|-damage|p2a: Leviathan|0 fnt\n|faint|p2a: Leviathan\n|n| knexhawk2|knexhawk2\n|c| INFRXPokemon|am i cooking with dusknoir stall\n|\n|t:|1700539836\n|-end|p1a: Sandy Shocks|Protosynthesis|[silent]\n|switch|p1a: Torkoal|Torkoal, M|94\/100 tox|[from] Volt Switch\n|-damage|p1a: Torkoal|78\/100 tox|[from] Spikes\n|-weather|SunnyDay|[from] ability: Drought|[of] p1a: Torkoal\n|\n|-weather|SunnyDay|[upkeep]\n|-damage|p1a: Torkoal|72\/100 tox|[from] psn\n|upkeep\n|\n|t:|1700539849\n|switch|p2a: Cloud Control|Zapdos|67\/100\n|-damage|p2a: Cloud Control|42\/100|[from] Stealth Rock\n|-ability|p2a: Cloud Control|Pressure\n|turn|16\n|\n|t:|1700539853\n|move|p2a: Cloud Control|Volt Switch|p1a: Torkoal\n|-damage|p1a: Torkoal|19\/100 tox\n|\n|t:|1700539856\n|switch|p2a: THE MOTHERSHIP|Vespiquen, F|100\/100 slp|[from] Volt Switch\n|-ability|p2a: THE MOTHERSHIP|Pressure\n|move|p1a: Torkoal|Lava Plume|p2a: THE MOTHERSHIP\n|-supereffective|p2a: THE MOTHERSHIP\n|-damage|p2a: THE MOTHERSHIP|51\/100 slp\n|\n|-weather|SunnyDay|[upkeep]\n|-damage|p1a: Torkoal|7\/100 tox|[from] psn\n|upkeep\n|turn|17\n|\n|t:|1700539862\n|switch|p1a: Great Tusk|Great Tusk|45\/100\n|-damage|p1a: Great Tusk|29\/100|[from] Spikes\n|-activate|p1a: Great Tusk|ability: Protosynthesis\n|-start|p1a: Great Tusk|protosynthesisatk\n|cant|p2a: THE MOTHERSHIP|slp\n|\n|-weather|SunnyDay|[upkeep]\n|upkeep\n|turn|18\n|c| Stantler is Uber|run articuno pressure stall\n|\n|t:|1700539866\n|cant|p2a: THE MOTHERSHIP|slp\n|move|p1a: Great Tusk|Rapid Spin|p2a: THE MOTHERSHIP\n|-damage|p2a: THE MOTHERSHIP|27\/100 slp\n|-boost|p1a: Great Tusk|spe|1\n|-sideend|p1: byuself|Spikes|[from] move: Rapid Spin|[of] p1a: Great Tusk\n|\n|-weather|SunnyDay|[upkeep]\n|upkeep\n|turn|19\n|\n|t:|1700539872\n|cant|p2a: THE MOTHERSHIP|slp\n|move|p1a: Great Tusk|Knock Off|p2a: THE MOTHERSHIP\n|-damage|p2a: THE MOTHERSHIP|0 fnt\n|-enditem|p2a: THE MOTHERSHIP|Heavy-Duty Boots|[from] move: Knock Off|[of] p1a: Great Tusk\n|faint|p2a: THE MOTHERSHIP\n|\n|-weather|SunnyDay|[upkeep]\n|upkeep\n|c| INFRXPokemon|articuno vespiquen dusknoir\n|c| INFRXPokemon|sureeee\n|\n|t:|1700539882\n|switch|p2a: Cloud Control|Zapdos|42\/100\n|-damage|p2a: Cloud Control|17\/100|[from] Stealth Rock\n|-ability|p2a: Cloud Control|Pressure\n|turn|20\n|c| INFRXPokemon|gambit steals????\n|\n|t:|1700539891\n|move|p1a: Great Tusk|Rapid Spin|p2a: Cloud Control\n|-damage|p2a: Cloud Control|0 fnt\n|-boost|p1a: Great Tusk|spe|1\n|faint|p2a: Cloud Control\n|\n|-weather|SunnyDay|[upkeep]\n|upkeep\n|\n|t:|1700539894\n|switch|p2a: PROMETHEUS|Kingambit, F|100\/100\n|-damage|p2a: PROMETHEUS|94\/100|[from] Stealth Rock\n|-activate|p2a: PROMETHEUS|ability: Supreme Overlord\n|-start|p2a: PROMETHEUS|fallen5|[silent]\n|turn|21\n|\n|t:|1700539910\n|move|p2a: PROMETHEUS|Sucker Punch|p1a: Great Tusk\n|-resisted|p1a: Great Tusk\n|-damage|p1a: Great Tusk|5\/100\n|move|p1a: Great Tusk|Close Combat|p2a: PROMETHEUS\n|-supereffective|p2a: PROMETHEUS\n|-damage|p2a: PROMETHEUS|0 fnt\n|-unboost|p1a: Great Tusk|def|1\n|-unboost|p1a: Great Tusk|spd|1\n|faint|p2a: PROMETHEUS\n|-end|p2a: PROMETHEUS|fallen5|[silent]\n|\n|win|byuself\n|raw|byuself's rating: 1434 &rarr; <strong>1455<\/strong><br \/>(+21 for winning)\n|raw|gamb_over's rating: 1443 &rarr; <strong>1422<\/strong><br \/>(-21 for losing)\n|c| INFRXPokemon|NOOOOOOOOO\n|c|\u2606gamb_over|tera fairy is for the weak\n|c| INFRXPokemon|copium\n|c| knexhawk2|man bro\n|c| knexhawk2|u had\n|c| knexhawk2|the vespiquen\n|l|\u2606byuself\n|c| knexhawk2|howd u lose to tusk!\n|c|\u2606gamb_over|I was honeslty just curious to see what it would do\n|c|\u2606gamb_over|well it hink its pretty clear\n|c| knexhawk2|vespiquen owns this guy for eternity\n|c|\u2606gamb_over|tusk is broken\n|c| knexhawk2|lol\n|c|\u2606gamb_over|If it can beat the best defensive core in OU that effortlessly\n|c| INFRXPokemon|gamb_over send the team\n|c| INFRXPokemon|i want to use this core\n|c|\u2606gamb_over|https:\/\/pokepast.es\/5daab92779eabd86\n|l| RepeatUntilTired3\n|c| INFRXPokemon|maybe air slash to beat tusk\n|c| INFRXPokemon|idk\n","uploadtime":1700540013,"views":15,"p1id":"byuself","p2id":"gambover","formatid":"gen9ou","rating":1422,"private":0,"password":""}