{"id":"gen9ou-1990175799","p1":"Livesteel","p2":"qasi","format":"[Gen 9] OU","log":"|j|\u2606Livesteel\n|j|\u2606qasi\n|t:|1699933114\n|gametype|singles\n|player|p1|Livesteel|byron|1106\n|player|p2|qasi|argenta|1101\n|teamsize|p1|6\n|teamsize|p2|6\n|gen|9\n|tier|[Gen 9] OU\n|rated|\n|rule|Sleep Clause Mod: Limit one foe put to sleep\n|rule|Species Clause: Limit one of each Pok\u00e9mon\n|rule|OHKO Clause: OHKO moves are banned\n|rule|Evasion Items Clause: Evasion items are banned\n|rule|Evasion Moves Clause: Evasion moves are banned\n|rule|Endless Battle Clause: Forcing endless battles is banned\n|rule|HP Percentage Mod: HP is shown in percentages\n|clearpoke\n|poke|p1|Heatran, M|\n|poke|p1|Ribombee, M|\n|poke|p1|Samurott-Hisui, M|\n|poke|p1|Rillaboom, F|\n|poke|p1|Sneasler, M|\n|poke|p1|Gholdengo|\n|poke|p2|Samurott-Hisui, F|\n|poke|p2|Gholdengo|\n|poke|p2|Sneasler, M|\n|poke|p2|Landorus-Therian, M|\n|poke|p2|Kingambit, F|\n|poke|p2|Zamazenta-*|\n|teampreview\n|inactive|Battle timer is ON: inactive players will automatically lose when time's up. (requested by qasi)\n|\n|t:|1699933130\n|start\n|switch|p1a: Ribombee|Ribombee, M|100\/100\n|switch|p2a: Samurott|Samurott-Hisui, F|100\/100\n|turn|1\n|\n|t:|1699933136\n|move|p1a: Ribombee|Sticky Web|p2a: Samurott\n|-sidestart|p2: qasi|move: Sticky Web\n|move|p2a: Samurott|Ceaseless Edge|p1a: Ribombee\n|-resisted|p1a: Ribombee\n|-damage|p1a: Ribombee|60\/100\n|-sidestart|p1: Livesteel|Spikes\n|\n|upkeep\n|turn|2\n|\n|t:|1699933141\n|move|p1a: Ribombee|Moonblast|p2a: Samurott\n|-supereffective|p2a: Samurott\n|-enditem|p2a: Samurott|Focus Sash\n|-damage|p2a: Samurott|1\/100\n|-unboost|p2a: Samurott|spa|1\n|move|p2a: Samurott|Ceaseless Edge|p1a: Ribombee\n|-resisted|p1a: Ribombee\n|-damage|p1a: Ribombee|19\/100\n|-sidestart|p1: Livesteel|Spikes\n|\n|upkeep\n|turn|3\n|\n|t:|1699933148\n|move|p2a: Samurott|Sucker Punch|p1a: Ribombee\n|-resisted|p1a: Ribombee\n|-damage|p1a: Ribombee|0 fnt\n|faint|p1a: Ribombee\n|\n|upkeep\n|\n|t:|1699933151\n|switch|p1a: Samurott|Samurott-Hisui, M|100\/100\n|-damage|p1a: Samurott|84\/100|[from] Spikes\n|turn|4\n|\n|t:|1699933154\n|move|p1a: Samurott|Sacred Sword|p2a: Samurott\n|-supereffective|p2a: Samurott\n|-damage|p2a: Samurott|0 fnt\n|faint|p2a: Samurott\n|\n|upkeep\n|inactive|qasi has 120 seconds left.\n|\n|t:|1699933187\n|switch|p2a: Sneasler|Sneasler, M|100\/100\n|-activate|p2a: Sneasler|move: Sticky Web\n|-unboost|p2a: Sneasler|spe|1\n|turn|5\n|\n|t:|1699933197\n|switch|p1a: Rillaboom|Rillaboom, F|100\/100\n|-damage|p1a: Rillaboom|84\/100|[from] Spikes\n|-fieldstart|move: Grassy Terrain|[from] ability: Grassy Surge|[of] p1a: Rillaboom\n|move|p2a: Sneasler|Switcheroo|p1a: Rillaboom\n|-activate|p2a: Sneasler|move: Trick|[of] p1a: Rillaboom\n|-item|p1a: Rillaboom|Choice Band|[from] move: Switcheroo\n|-item|p2a: Sneasler|Leftovers|[from] move: Switcheroo\n|\n|-heal|p1a: Rillaboom|90\/100|[from] Grassy Terrain\n|upkeep\n|turn|6\n|\n|t:|1699933206\n|switch|p2a: Landorus|Landorus-Therian, M|100\/100\n|-ability|p2a: Landorus|Intimidate|boost\n|-unboost|p1a: Rillaboom|atk|1\n|move|p1a: Rillaboom|Wood Hammer|p2a: Landorus\n|-damage|p2a: Landorus|32\/100\n|-damage|p1a: Rillaboom|74\/100|[from] item: Rocky Helmet|[of] p2a: Landorus\n|-damage|p1a: Rillaboom|49\/100|[from] Recoil\n|\n|-heal|p1a: Rillaboom|55\/100|[from] Grassy Terrain\n|upkeep\n|turn|7\n|\n|t:|1699933213\n|move|p1a: Rillaboom|Wood Hammer|p2a: Landorus\n|-damage|p2a: Landorus|0 fnt\n|-damage|p1a: Rillaboom|38\/100|[from] item: Rocky Helmet|[of] p2a: Landorus\n|faint|p2a: Landorus\n|-damage|p1a: Rillaboom|27\/100|[from] Recoil\n|\n|-heal|p1a: Rillaboom|33\/100|[from] Grassy Terrain\n|upkeep\n|\n|t:|1699933232\n|switch|p2a: Zamazenta|Zamazenta|100\/100\n|-activate|p2a: Zamazenta|move: Sticky Web\n|-unboost|p2a: Zamazenta|spe|1\n|-ability|p2a: Zamazenta|Dauntless Shield|boost\n|-boost|p2a: Zamazenta|def|1\n|turn|8\n|\n|t:|1699933241\n|switch|p1a: Sneasler|Sneasler, M|100\/100\n|-damage|p1a: Sneasler|84\/100|[from] Spikes\n|-enditem|p1a: Sneasler|Grassy Seed\n|-boost|p1a: Sneasler|def|1|[from] item: Grassy Seed\n|move|p2a: Zamazenta|Iron Defense|p2a: Zamazenta\n|-boost|p2a: Zamazenta|def|2\n|\n|-heal|p1a: Sneasler|90\/100|[from] Grassy Terrain\n|upkeep\n|turn|9\n|\n|t:|1699933254\n|-terastallize|p1a: Sneasler|Flying\n|move|p1a: Sneasler|Fire Punch|p2a: Zamazenta\n|-damage|p2a: Zamazenta|92\/100\n|move|p2a: Zamazenta|Body Press|p1a: Sneasler\n|-resisted|p1a: Sneasler\n|-damage|p1a: Sneasler|51\/100\n|\n|-heal|p2a: Zamazenta|98\/100|[from] Grassy Terrain\n|-heal|p2a: Zamazenta|100\/100|[from] item: Leftovers\n|-fieldend|move: Grassy Terrain\n|upkeep\n|turn|10\n|\n|t:|1699933261\n|move|p1a: Sneasler|Dire Claw|p2a: Zamazenta\n|-damage|p2a: Zamazenta|87\/100\n|-status|p2a: Zamazenta|slp\n|cant|p2a: Zamazenta|slp\n|\n|-heal|p2a: Zamazenta|93\/100 slp|[from] item: Leftovers\n|upkeep\n|turn|11\n|\n|t:|1699933268\n|move|p1a: Sneasler|Trailblaze|p2a: Zamazenta\n|-damage|p2a: Zamazenta|87\/100 slp\n|-boost|p1a: Sneasler|spe|1\n|cant|p2a: Zamazenta|slp\n|\n|-heal|p2a: Zamazenta|94\/100 slp|[from] item: Leftovers\n|upkeep\n|turn|12\n|\n|t:|1699933276\n|move|p1a: Sneasler|Dire Claw|p2a: Zamazenta\n|-damage|p2a: Zamazenta|81\/100 slp\n|cant|p2a: Zamazenta|slp\n|\n|-heal|p2a: Zamazenta|87\/100 slp|[from] item: Leftovers\n|upkeep\n|turn|13\n|\n|t:|1699933288\n|switch|p1a: Gholdengo|Gholdengo|100\/100\n|-damage|p1a: Gholdengo|84\/100|[from] Spikes\n|-curestatus|p2a: Zamazenta|slp|[msg]\n|move|p2a: Zamazenta|Heavy Slam|p1a: Gholdengo\n|-resisted|p1a: Gholdengo\n|-damage|p1a: Gholdengo|65\/100\n|\n|-heal|p1a: Gholdengo|71\/100|[from] item: Leftovers\n|-heal|p2a: Zamazenta|93\/100|[from] item: Leftovers\n|upkeep\n|turn|14\n|\n|t:|1699933295\n|move|p1a: Gholdengo|Dazzling Gleam|p2a: Zamazenta\n|-supereffective|p2a: Zamazenta\n|-damage|p2a: Zamazenta|62\/100\n|move|p2a: Zamazenta|Heavy Slam|p1a: Gholdengo\n|-resisted|p1a: Gholdengo\n|-damage|p1a: Gholdengo|52\/100\n|\n|-heal|p1a: Gholdengo|58\/100|[from] item: Leftovers\n|-heal|p2a: Zamazenta|69\/100|[from] item: Leftovers\n|upkeep\n|turn|15\n|\n|t:|1699933307\n|move|p1a: Gholdengo|Dazzling Gleam|p2a: Zamazenta\n|-supereffective|p2a: Zamazenta\n|-damage|p2a: Zamazenta|38\/100\n|move|p2a: Zamazenta|Heavy Slam|p1a: Gholdengo\n|-resisted|p1a: Gholdengo\n|-damage|p1a: Gholdengo|40\/100\n|\n|-heal|p1a: Gholdengo|46\/100|[from] item: Leftovers\n|-heal|p2a: Zamazenta|44\/100|[from] item: Leftovers\n|upkeep\n|turn|16\n|\n|t:|1699933312\n|switch|p2a: Kingambit|Kingambit, F|100\/100\n|-activate|p2a: Kingambit|move: Sticky Web\n|-unboost|p2a: Kingambit|spe|1\n|-activate|p2a: Kingambit|ability: Supreme Overlord\n|-start|p2a: Kingambit|fallen2|[silent]\n|move|p1a: Gholdengo|Dazzling Gleam|p2a: Kingambit\n|-damage|p2a: Kingambit|75\/100\n|\n|-heal|p1a: Gholdengo|52\/100|[from] item: Leftovers\n|-heal|p2a: Kingambit|81\/100|[from] item: Leftovers\n|upkeep\n|turn|17\n|\n|t:|1699933318\n|move|p1a: Gholdengo|Focus Blast|p2a: Kingambit\n|-supereffective|p2a: Kingambit\n|-damage|p2a: Kingambit|0 fnt\n|faint|p2a: Kingambit\n|-end|p2a: Kingambit|fallen2|[silent]\n|\n|-heal|p1a: Gholdengo|58\/100|[from] item: Leftovers\n|upkeep\n|c|\u2606qasi|purel uck\n|-message|qasi forfeited.\n|\n|win|Livesteel\n|raw|Livesteel's rating: 1106 &rarr; <strong>1131<\/strong><br \/>(+25 for winning)\n|raw|qasi's rating: 1101 &rarr; <strong>1076<\/strong><br \/>(-25 for losing)\n|l|\u2606qasi\n|c|\u2606Livesteel|huh\n","uploadtime":1699933342,"views":21,"p1id":"livesteel","p2id":"qasi","formatid":"gen9ou","rating":1076,"private":0,"password":""}