{"id":"gen9ou-1989713983","p1":"heitordomorro","p2":"Ofkcn","format":"[Gen 9] OU","log":"|j|\u2606heitordomorro\n|j|\u2606Ofkcn\n|t:|1699889367\n|gametype|singles\n|player|p1|heitordomorro|169|1000\n|player|p2|Ofkcn|101|1086\n|teamsize|p1|6\n|teamsize|p2|6\n|gen|9\n|tier|[Gen 9] OU\n|rated|\n|rule|Sleep Clause Mod: Limit one foe put to sleep\n|rule|Species Clause: Limit one of each Pok\u00e9mon\n|rule|OHKO Clause: OHKO moves are banned\n|rule|Evasion Items Clause: Evasion items are banned\n|rule|Evasion Moves Clause: Evasion moves are banned\n|rule|Endless Battle Clause: Forcing endless battles is banned\n|rule|HP Percentage Mod: HP is shown in percentages\n|clearpoke\n|poke|p1|Decidueye, M|\n|poke|p1|Ribombee, F|\n|poke|p1|Magneton|\n|poke|p1|Kommo-o, M|\n|poke|p1|Iron Hands|\n|poke|p1|Heatran, F|\n|poke|p2|Scizor, F|\n|poke|p2|Walking Wake|\n|poke|p2|Cinderace, F|\n|poke|p2|Great Tusk|\n|poke|p2|Sinistcha|\n|poke|p2|Clefable, F|\n|teampreview\n|\n|t:|1699889375\n|start\n|switch|p1a: Ribombee|Ribombee, F, shiny|100\/100\n|switch|p2a: Scizor|Scizor, F|100\/100\n|turn|1\n|\n|t:|1699889384\n|move|p1a: Ribombee|Sticky Web|p2a: Scizor\n|-sidestart|p2: Ofkcn|move: Sticky Web\n|move|p2a: Scizor|U-turn|p1a: Ribombee\n|-resisted|p1a: Ribombee\n|-damage|p1a: Ribombee|44\/100\n|\n|t:|1699889390\n|switch|p2a: Clefable|Clefable, F|100\/100|[from] U-turn\n|\n|upkeep\n|turn|2\n|\n|t:|1699889395\n|move|p1a: Ribombee|Stun Spore|p2a: Clefable|[miss]\n|-miss|p1a: Ribombee|p2a: Clefable\n|move|p2a: Clefable|Moonblast|p1a: Ribombee\n|-damage|p1a: Ribombee|0 fnt\n|faint|p1a: Ribombee\n|\n|upkeep\n|\n|t:|1699889408\n|switch|p1a: Decidueye|Decidueye, M|100\/100\n|turn|3\n|\n|t:|1699889423\n|move|p1a: Decidueye|Spirit Shackle|p2a: Clefable\n|-damage|p2a: Clefable|54\/100\n|-activate|p2a: Clefable|trapped\n|move|p2a: Clefable|Thunder Wave|p1a: Decidueye\n|-status|p1a: Decidueye|par\n|\n|upkeep\n|turn|4\n|\n|t:|1699889432\n|move|p2a: Clefable|Moonblast|p1a: Decidueye\n|-damage|p1a: Decidueye|68\/100 par\n|cant|p1a: Decidueye|par\n|\n|upkeep\n|turn|5\n|\n|t:|1699889438\n|move|p2a: Clefable|Moonblast|p1a: Decidueye\n|-damage|p1a: Decidueye|30\/100 par\n|move|p1a: Decidueye|Leaf Blade|p2a: Clefable\n|-damage|p2a: Clefable|6\/100\n|\n|upkeep\n|turn|6\n|\n|t:|1699889446\n|move|p2a: Clefable|Moonlight|p2a: Clefable\n|-heal|p2a: Clefable|56\/100\n|move|p1a: Decidueye|Roost|p1a: Decidueye\n|-heal|p1a: Decidueye|81\/100 par\n|-singleturn|p1a: Decidueye|move: Roost\n|\n|upkeep\n|turn|7\n|\n|t:|1699889454\n|move|p2a: Clefable|Moonlight|p2a: Clefable\n|-heal|p2a: Clefable|100\/100\n|move|p1a: Decidueye|Leaf Blade|p2a: Clefable\n|-damage|p2a: Clefable|49\/100\n|\n|upkeep\n|turn|8\n|\n|t:|1699889461\n|move|p2a: Clefable|Moonblast|p1a: Decidueye\n|-damage|p1a: Decidueye|48\/100 par\n|-unboost|p1a: Decidueye|spa|1\n|move|p1a: Decidueye|Leaf Blade|p2a: Clefable\n|-damage|p2a: Clefable|0 fnt\n|faint|p2a: Clefable\n|\n|upkeep\n|\n|t:|1699889464\n|switch|p2a: Cinderace|Cinderace, F|100\/100\n|turn|9\n|\n|t:|1699889481\n|switch|p1a: Kommo-o|Kommo-o, M|100\/100\n|move|p2a: Cinderace|Court Change|p2a: Cinderace\n|-swapsideconditions\n|-activate|p2a: Cinderace|move: Court Change\n|\n|upkeep\n|turn|10\n|\n|t:|1699889488\n|move|p2a: Cinderace|U-turn|p1a: Kommo-o\n|-resisted|p1a: Kommo-o\n|-damage|p1a: Kommo-o|91\/100\n|\n|t:|1699889492\n|switch|p2a: Sinistcha|Sinistcha|100\/100|[from] U-turn\n|move|p1a: Kommo-o|Clanging Scales|p2a: Sinistcha\n|-damage|p2a: Sinistcha|58\/100\n|-unboost|p1a: Kommo-o|def|1\n|\n|-heal|p2a: Sinistcha|64\/100|[from] item: Leftovers\n|upkeep\n|turn|11\n|\n|t:|1699889506\n|move|p1a: Kommo-o|Clanging Scales|p2a: Sinistcha\n|-damage|p2a: Sinistcha|16\/100\n|-unboost|p1a: Kommo-o|def|1\n|move|p2a: Sinistcha|Strength Sap|p1a: Kommo-o\n|-unboost|p1a: Kommo-o|atk|1\n|-heal|p2a: Sinistcha|100\/100\n|\n|upkeep\n|turn|12\n|\n|t:|1699889517\n|switch|p2a: Scizor|Scizor, F|100\/100\n|-terastallize|p1a: Kommo-o|Dragon\n|move|p1a: Kommo-o|Clanging Scales|p2a: Scizor\n|-resisted|p2a: Scizor\n|-damage|p2a: Scizor|69\/100\n|-unboost|p1a: Kommo-o|def|1\n|\n|upkeep\n|turn|13\n|\n|t:|1699889527\n|move|p1a: Kommo-o|Drain Punch|p2a: Scizor\n|-damage|p2a: Scizor|36\/100\n|-heal|p1a: Kommo-o|100\/100|[from] drain|[of] p2a: Scizor\n|move|p2a: Scizor|U-turn|p1a: Kommo-o\n|-damage|p1a: Kommo-o|0 fnt\n|faint|p1a: Kommo-o\n|\n|t:|1699889538\n|switch|p2a: Walking Wake|Walking Wake|100\/100|[from] U-turn\n|\n|upkeep\n|\n|t:|1699889543\n|switch|p1a: Magneton|Magneton|100\/100\n|-activate|p1a: Magneton|move: Sticky Web\n|-unboost|p1a: Magneton|spe|1\n|turn|14\n|\n|t:|1699889552\n|move|p2a: Walking Wake|Scald|p1a: Magneton\n|-damage|p1a: Magneton|40\/100\n|move|p1a: Magneton|Light Screen|p1a: Magneton\n|-sidestart|p1: heitordomorro|move: Light Screen\n|\n|upkeep\n|turn|15\n|\n|t:|1699889558\n|move|p2a: Walking Wake|Flamethrower|p1a: Magneton\n|-supereffective|p1a: Magneton\n|-damage|p1a: Magneton|3\/100\n|-status|p1a: Magneton|brn\n|move|p1a: Magneton|Reflect|p1a: Magneton\n|-sidestart|p1: heitordomorro|Reflect\n|\n|-damage|p1a: Magneton|0 fnt|[from] brn\n|faint|p1a: Magneton\n|upkeep\n|\n|t:|1699889571\n|switch|p1a: Iron Hands|Iron Hands|100\/100\n|-activate|p1a: Iron Hands|move: Sticky Web\n|-unboost|p1a: Iron Hands|spe|1\n|turn|16\n|\n|t:|1699889578\n|move|p2a: Walking Wake|Flip Turn|p1a: Iron Hands\n|-damage|p1a: Iron Hands|94\/100\n|\n|t:|1699889580\n|-end|p2a: Walking Wake|Protosynthesis|[silent]\n|switch|p2a: Sinistcha|Sinistcha|100\/100|[from] Flip Turn\n|move|p1a: Iron Hands|Play Rough|p2a: Sinistcha\n|-damage|p2a: Sinistcha|71\/100\n|\n|-heal|p2a: Sinistcha|77\/100|[from] item: Leftovers\n|-heal|p1a: Iron Hands|100\/100|[from] item: Leftovers\n|upkeep\n|turn|17\n|\n|t:|1699889592\n|-end|p1a: Iron Hands|Quark Drive|[silent]\n|switch|p1a: Heatran|Heatran, F|100\/100\n|-activate|p1a: Heatran|move: Sticky Web\n|-unboost|p1a: Heatran|spe|1\n|move|p2a: Sinistcha|Scald|p1a: Heatran\n|-supereffective|p1a: Heatran\n|-damage|p1a: Heatran|70\/100\n|\n|-heal|p2a: Sinistcha|83\/100|[from] item: Leftovers\n|upkeep\n|turn|18\n|\n|t:|1699889604\n|switch|p2a: Walking Wake|Walking Wake|100\/100\n|move|p1a: Heatran|Flame Charge|p2a: Walking Wake\n|-resisted|p2a: Walking Wake\n|-damage|p2a: Walking Wake|97\/100\n|-boost|p1a: Heatran|spe|1\n|\n|-sideend|p1: heitordomorro|move: Light Screen\n|upkeep\n|turn|19\n|\n|t:|1699889615\n|move|p2a: Walking Wake|Scald|p1a: Heatran\n|-supereffective|p1a: Heatran\n|-damage|p1a: Heatran|0 fnt\n|faint|p1a: Heatran\n|\n|-sideend|p1: heitordomorro|Reflect\n|upkeep\n|\n|t:|1699889623\n|switch|p1a: Iron Hands|Iron Hands|100\/100\n|-activate|p1a: Iron Hands|move: Sticky Web\n|-unboost|p1a: Iron Hands|spe|1\n|turn|20\n|\n|t:|1699889631\n|move|p2a: Walking Wake|Flip Turn|p1a: Iron Hands\n|-damage|p1a: Iron Hands|88\/100\n|\n|t:|1699889633\n|-end|p2a: Walking Wake|Protosynthesis|[silent]\n|switch|p2a: Great Tusk|Great Tusk|100\/100|[from] Flip Turn\n|move|p1a: Iron Hands|Play Rough|p2a: Great Tusk\n|-supereffective|p2a: Great Tusk\n|-damage|p2a: Great Tusk|58\/100\n|\n|-heal|p2a: Great Tusk|64\/100|[from] item: Leftovers\n|-heal|p1a: Iron Hands|94\/100|[from] item: Leftovers\n|upkeep\n|turn|21\n|\n|t:|1699889647\n|move|p2a: Great Tusk|Earthquake|p1a: Iron Hands\n|-supereffective|p1a: Iron Hands\n|-damage|p1a: Iron Hands|30\/100\n|move|p1a: Iron Hands|Play Rough|p2a: Great Tusk\n|-supereffective|p2a: Great Tusk\n|-damage|p2a: Great Tusk|20\/100\n|\n|-heal|p2a: Great Tusk|27\/100|[from] item: Leftovers\n|-heal|p1a: Iron Hands|36\/100|[from] item: Leftovers\n|upkeep\n|turn|22\n|\n|t:|1699889658\n|move|p2a: Great Tusk|Earthquake|p1a: Iron Hands\n|-supereffective|p1a: Iron Hands\n|-damage|p1a: Iron Hands|0 fnt\n|faint|p1a: Iron Hands\n|-end|p1a: Iron Hands|Quark Drive|[silent]\n|\n|-heal|p2a: Great Tusk|33\/100|[from] item: Leftovers\n|upkeep\n|\n|t:|1699889665\n|switch|p1a: Decidueye|Decidueye, M|48\/100 par\n|-activate|p1a: Decidueye|move: Sticky Web\n|-unboost|p1a: Decidueye|spe|1\n|turn|23\n|\n|t:|1699889674\n|move|p2a: Great Tusk|Knock Off|p1a: Decidueye\n|-supereffective|p1a: Decidueye\n|-damage|p1a: Decidueye|0 fnt\n|-enditem|p1a: Decidueye|Mental Herb|[from] move: Knock Off|[of] p2a: Great Tusk\n|faint|p1a: Decidueye\n|\n|win|Ofkcn\n|raw|heitordomorro's rating: 1000 &rarr; <strong>1000<\/strong><br \/>(+0 for losing)\n|raw|Ofkcn's rating: 1086 &rarr; <strong>1107<\/strong><br \/>(+21 for winning)\n|l|\u2606Ofkcn\n","uploadtime":1699889699,"views":16,"p1id":"heitordomorro","p2id":"ofkcn","formatid":"gen9ou","rating":1000,"private":0,"password":""}