{"id":"gen9ou-1993652831","p1":"It's GG mate","p2":"kuhihuihihhuhi","format":"[Gen 9] OU","log":"|j|\u2606It's GG mate\n|j|\u2606kuhihuihihhuhi\n|inactive|Battle timer is ON: inactive players will automatically lose when time's up.\n|t:|1700341845\n|gametype|singles\n|player|p1|It's GG mate|lance-gen1rb|\n|player|p2|kuhihuihihhuhi|bugcatcher-gen4dp|\n|teamsize|p1|6\n|teamsize|p2|6\n|gen|9\n|tier|[Gen 9] OU\n|rated|Tournament battle\n|rule|Sleep Clause Mod: Limit one foe put to sleep\n|rule|Species Clause: Limit one of each Pok\u00e9mon\n|rule|OHKO Clause: OHKO moves are banned\n|rule|Evasion Items Clause: Evasion items are banned\n|rule|Evasion Moves Clause: Evasion moves are banned\n|rule|Endless Battle Clause: Forcing endless battles is banned\n|rule|HP Percentage Mod: HP is shown in percentages\n|clearpoke\n|poke|p1|Ribombee, M|\n|poke|p1|Ogerpon-Wellspring, F|\n|poke|p1|Iron Moth|\n|poke|p1|Kingambit, M|\n|poke|p1|Gholdengo|\n|poke|p1|Iron Valiant|\n|poke|p2|Hawlucha, F|\n|poke|p2|Great Tusk|\n|poke|p2|Rillaboom, F|\n|poke|p2|Heatran, F|\n|poke|p2|Dragapult, F|\n|poke|p2|Toxapex, F|\n|teampreview\n|j|*Lady Monita \u2746\n|inactive|It's GG mate has 120 seconds left.\n|\n|t:|1700341876\n|start\n|switch|p1a: Ribombee|Ribombee, M|100\/100\n|switch|p2a: Heiz Guderitran|Heatran, F|100\/100\n|turn|1\n|\n|t:|1700341887\n|move|p1a: Ribombee|Sticky Web|p2a: Heiz Guderitran\n|-sidestart|p2: kuhihuihihhuhi|move: Sticky Web\n|move|p2a: Heiz Guderitran|Magma Storm|p1a: Ribombee\n|-supereffective|p1a: Ribombee\n|-enditem|p1a: Ribombee|Focus Sash\n|-damage|p1a: Ribombee|1\/100\n|-activate|p1a: Ribombee|move: Magma Storm|[of] p2a: Heiz Guderitran\n|\n|-damage|p1a: Ribombee|0 fnt|[from] move: Magma Storm|[partiallytrapped]\n|faint|p1a: Ribombee\n|upkeep\n|\n|t:|1700341890\n|switch|p1a: Ogerpon|Ogerpon-Wellspring, F|100\/100\n|turn|2\n|\n|t:|1700341900\n|switch|p1a: Gholdengo|Gholdengo|100\/100\n|-item|p1a: Gholdengo|Air Balloon\n|switch|p2a: Op. Weser\u00fcbung|Hawlucha, F|100\/100\n|-ability|p2a: Op. Weser\u00fcbung|Mold Breaker\n|\n|upkeep\n|turn|3\n|\n|t:|1700341915\n|move|p2a: Op. Weser\u00fcbung|Defog|p1a: Gholdengo\n|-unboost|p1a: Gholdengo|evasion|1\n|-sideend|p2: kuhihuihihhuhi|Sticky Web|[from] move: Defog|[of] p2a: Op. Weser\u00fcbung\n|move|p1a: Gholdengo|Nasty Plot|p1a: Gholdengo\n|-boost|p1a: Gholdengo|spa|2\n|\n|upkeep\n|turn|4\n|\n|t:|1700341926\n|move|p2a: Op. Weser\u00fcbung|Encore|p1a: Gholdengo\n|-start|p1a: Gholdengo|Encore\n|move|p1a: Gholdengo|Nasty Plot|p1a: Gholdengo\n|-boost|p1a: Gholdengo|spa|2\n|\n|upkeep\n|turn|5\n|inactive|It's GG mate has 120 seconds left.\n|inactive|kuhihuihihhuhi has 120 seconds left.\n|inactive|It's GG mate has 90 seconds left.\n|\n|t:|1700341987\n|switch|p2a: Horton Ho 229|Dragapult, F|100\/100\n|switch|p1a: Kingambit|Kingambit, M|100\/100\n|-activate|p1a: Kingambit|ability: Supreme Overlord\n|-start|p1a: Kingambit|fallen1|[silent]\n|\n|upkeep\n|turn|6\n|inactive|It's GG mate has 90 seconds left.\n|inactive|kuhihuihihhuhi has 120 seconds left.\n|\n|t:|1700342009\n|move|p1a: Kingambit|Sucker Punch|p2a: Horton Ho 229\n|-supereffective|p2a: Horton Ho 229\n|-damage|p2a: Horton Ho 229|0 fnt\n|faint|p2a: Horton Ho 229\n|\n|upkeep\n|\n|t:|1700342021\n|switch|p2a: Heiz Guderitran|Heatran, F|100\/100\n|turn|7\n|\n|t:|1700342029\n|-end|p1a: Kingambit|fallen1|[silent]\n|switch|p1a: Ogerpon|Ogerpon-Wellspring, F|100\/100\n|move|p2a: Heiz Guderitran|Will-O-Wisp|p1a: Ogerpon|[miss]\n|-miss|p2a: Heiz Guderitran|p1a: Ogerpon\n|\n|upkeep\n|turn|8\n|inactive|kuhihuihihhuhi has 120 seconds left.\n|\n|t:|1700342038\n|switch|p2a: Erwin Trommel|Rillaboom, F|100\/100\n|-fieldstart|move: Grassy Terrain|[from] ability: Grassy Surge|[of] p2a: Erwin Trommel\n|move|p1a: Ogerpon|Ivy Cudgel|p2a: Erwin Trommel|[anim] Ivy Cudgel Water\n|-resisted|p2a: Erwin Trommel\n|-crit|p2a: Erwin Trommel\n|-damage|p2a: Erwin Trommel|59\/100\n|\n|-heal|p2a: Erwin Trommel|65\/100|[from] Grassy Terrain\n|upkeep\n|turn|9\n|inactive|It's GG mate has 90 seconds left.\n|inactive|It's GG mate has 60 seconds left.\n|\n|t:|1700342093\n|switch|p1a: Kingambit|Kingambit, M|100\/100\n|-activate|p1a: Kingambit|ability: Supreme Overlord\n|-start|p1a: Kingambit|fallen1|[silent]\n|move|p2a: Erwin Trommel|U-turn|p1a: Kingambit\n|-damage|p1a: Kingambit|65\/100\n|\n|t:|1700342104\n|switch|p2a: Schwerer Gustav|Great Tusk|100\/100|[from] U-turn\n|\n|-heal|p1a: Kingambit|71\/100|[from] Grassy Terrain\n|upkeep\n|turn|10\n|inactive|kuhihuihihhuhi has 120 seconds left.\n|inactive|It's GG mate has 60 seconds left.\n|\n|t:|1700342135\n|move|p2a: Schwerer Gustav|Knock Off|p1a: Kingambit\n|-resisted|p1a: Kingambit\n|-damage|p1a: Kingambit|50\/100\n|-enditem|p1a: Kingambit|Lum Berry|[from] move: Knock Off|[of] p2a: Schwerer Gustav\n|move|p1a: Kingambit|Low Kick|p2a: Schwerer Gustav\n|-damage|p2a: Schwerer Gustav|63\/100\n|\n|-heal|p2a: Schwerer Gustav|70\/100|[from] Grassy Terrain\n|-heal|p1a: Kingambit|56\/100|[from] Grassy Terrain\n|upkeep\n|turn|11\n|inactive|It's GG mate has 60 seconds left.\n|\n|t:|1700342148\n|-end|p2a: Schwerer Gustav|Protosynthesis|[silent]\n|switch|p2a: Op. Weser\u00fcbung|Hawlucha, F|100\/100\n|-ability|p2a: Op. Weser\u00fcbung|Mold Breaker\n|move|p1a: Kingambit|Low Kick|p2a: Op. Weser\u00fcbung\n|-resisted|p2a: Op. Weser\u00fcbung\n|-damage|p2a: Op. Weser\u00fcbung|91\/100\n|-damage|p1a: Kingambit|40\/100|[from] item: Rocky Helmet|[of] p2a: Op. Weser\u00fcbung\n|\n|-heal|p1a: Kingambit|46\/100|[from] Grassy Terrain\n|upkeep\n|turn|12\n|\n|t:|1700342160\n|switch|p2a: Heiz Guderitran|Heatran, F|100\/100\n|move|p1a: Kingambit|Iron Head|p2a: Heiz Guderitran\n|-resisted|p2a: Heiz Guderitran\n|-damage|p2a: Heiz Guderitran|89\/100\n|\n|-heal|p2a: Heiz Guderitran|95\/100|[from] Grassy Terrain\n|-heal|p2a: Heiz Guderitran|100\/100|[from] item: Leftovers\n|-heal|p1a: Kingambit|52\/100|[from] Grassy Terrain\n|-fieldend|move: Grassy Terrain\n|upkeep\n|turn|13\n|\n|t:|1700342172\n|move|p2a: Heiz Guderitran|Magma Storm|p1a: Kingambit\n|-supereffective|p1a: Kingambit\n|-crit|p1a: Kingambit\n|-damage|p1a: Kingambit|0 fnt\n|faint|p1a: Kingambit\n|-end|p1a: Kingambit|fallen1|[silent]\n|\n|upkeep\n|inactive|It's GG mate has 60 seconds left.\n|\n|t:|1700342195\n|switch|p1a: Ogerpon|Ogerpon-Wellspring, F|100\/100\n|turn|14\n|\n|t:|1700342207\n|switch|p2a: Sichelschnittplan|Toxapex, F|100\/100\n|move|p1a: Ogerpon|Ivy Cudgel|p2a: Sichelschnittplan|[anim] Ivy Cudgel Water\n|-resisted|p2a: Sichelschnittplan\n|-crit|p2a: Sichelschnittplan\n|-damage|p2a: Sichelschnittplan|70\/100\n|-enditem|p2a: Sichelschnittplan|Eject Button\n|\n|t:|1700342216\n|switch|p2a: Erwin Trommel|Rillaboom, F|65\/100\n|-fieldstart|move: Grassy Terrain|[from] ability: Grassy Surge|[of] p2a: Erwin Trommel\n|\n|-heal|p2a: Erwin Trommel|72\/100|[from] Grassy Terrain\n|upkeep\n|turn|15\n|inactive|It's GG mate has 60 seconds left.\n|inactive|It's GG mate has 30 seconds left.\n|inactive|It's GG mate has 20 seconds left.\n|\n|t:|1700342271\n|switch|p1a: Gholdengo|Gholdengo|100\/100\n|-item|p1a: Gholdengo|Air Balloon\n|move|p2a: Erwin Trommel|U-turn|p1a: Gholdengo\n|-resisted|p1a: Gholdengo\n|-crit|p1a: Gholdengo\n|-damage|p1a: Gholdengo|85\/100\n|-enditem|p1a: Gholdengo|Air Balloon\n|inactive|It's GG mate has 25 seconds left this turn.\n|inactive|kuhihuihihhuhi has 120 seconds left.\n|\n|t:|1700342281\n|switch|p2a: Schwerer Gustav|Great Tusk|70\/100|[from] U-turn\n|\n|-heal|p2a: Schwerer Gustav|76\/100|[from] Grassy Terrain\n|-heal|p1a: Gholdengo|91\/100|[from] Grassy Terrain\n|upkeep\n|turn|16\n|inactive|It's GG mate has 30 seconds left.\n|\n|t:|1700342291\n|move|p2a: Schwerer Gustav|Headlong Rush|p1a: Gholdengo\n|-supereffective|p1a: Gholdengo\n|-damage|p1a: Gholdengo|0 fnt\n|-unboost|p2a: Schwerer Gustav|def|1\n|-unboost|p2a: Schwerer Gustav|spd|1\n|faint|p1a: Gholdengo\n|\n|-heal|p2a: Schwerer Gustav|82\/100|[from] Grassy Terrain\n|upkeep\n|inactive|It's GG mate has 30 seconds left.\n|\n|t:|1700342297\n|switch|p1a: Ogerpon|Ogerpon-Wellspring, F|100\/100\n|turn|17\n|\n|t:|1700342310\n|-end|p2a: Schwerer Gustav|Protosynthesis|[silent]\n|switch|p2a: Op. Weser\u00fcbung|Hawlucha, F|91\/100\n|-ability|p2a: Op. Weser\u00fcbung|Mold Breaker\n|move|p1a: Ogerpon|Swords Dance|p1a: Ogerpon\n|-boost|p1a: Ogerpon|atk|2\n|\n|upkeep\n|turn|18\n|j| nodogsaleystay\n|\n|t:|1700342327\n|move|p2a: Op. Weser\u00fcbung|Brave Bird|p1a: Ogerpon\n|-supereffective|p1a: Ogerpon\n|-crit|p1a: Ogerpon\n|-damage|p1a: Ogerpon|0 fnt\n|faint|p1a: Ogerpon\n|-damage|p2a: Op. Weser\u00fcbung|63\/100|[from] Recoil\n|\n|-fieldend|move: Grassy Terrain\n|upkeep\n|\n|t:|1700342333\n|switch|p1a: Iron Valiant|Iron Valiant|100\/100\n|-enditem|p1a: Iron Valiant|Booster Energy\n|-activate|p1a: Iron Valiant|ability: Quark Drive|[fromitem]\n|-start|p1a: Iron Valiant|quarkdrivespe\n|turn|19\n|\n|t:|1700342340\n|switch|p2a: Sichelschnittplan|Toxapex, F|100\/100\n|-terastallize|p1a: Iron Valiant|Ghost\n|move|p1a: Iron Valiant|Moonblast|p2a: Sichelschnittplan\n|-resisted|p2a: Sichelschnittplan\n|-damage|p2a: Sichelschnittplan|88\/100\n|\n|upkeep\n|turn|20\n|inactive|It's GG mate has 60 seconds left.\n|\n|t:|1700342356\n|-end|p1a: Iron Valiant|Quark Drive|[silent]\n|switch|p1a: Iron Moth|Iron Moth|100\/100\n|-enditem|p1a: Iron Moth|Booster Energy\n|-activate|p1a: Iron Moth|ability: Quark Drive|[fromitem]\n|-start|p1a: Iron Moth|quarkdrivespa\n|move|p2a: Sichelschnittplan|Surf|p1a: Iron Moth\n|-supereffective|p1a: Iron Moth\n|-damage|p1a: Iron Moth|65\/100\n|\n|upkeep\n|turn|21\n|l| nodogsaleystay\n|\n|t:|1700342363\n|switch|p2a: Heiz Guderitran|Heatran, F|100\/100\n|move|p1a: Iron Moth|Substitute|p1a: Iron Moth\n|-start|p1a: Iron Moth|Substitute\n|-damage|p1a: Iron Moth|40\/100\n|\n|upkeep\n|turn|22\n|\n|t:|1700342366\n|move|p1a: Iron Moth|Psychic|p2a: Heiz Guderitran\n|-resisted|p2a: Heiz Guderitran\n|-damage|p2a: Heiz Guderitran|86\/100\n|move|p2a: Heiz Guderitran|Earth Power|p1a: Iron Moth\n|-supereffective|p1a: Iron Moth\n|-crit|p1a: Iron Moth\n|-end|p1a: Iron Moth|Substitute\n|\n|-heal|p2a: Heiz Guderitran|93\/100|[from] item: Leftovers\n|upkeep\n|turn|23\n|\n|t:|1700342370\n|-end|p1a: Iron Moth|Quark Drive|[silent]\n|switch|p1a: Iron Valiant|Iron Valiant, tera:Ghost|100\/100\n|move|p2a: Heiz Guderitran|Earth Power|p1a: Iron Valiant\n|-damage|p1a: Iron Valiant|36\/100\n|\n|-heal|p2a: Heiz Guderitran|99\/100|[from] item: Leftovers\n|upkeep\n|turn|24\n|inactive|It's GG mate has 90 seconds left.\n|\n|t:|1700342378\n|switch|p2a: Sichelschnittplan|Toxapex, F|100\/100\n|move|p1a: Iron Valiant|Close Combat|p2a: Sichelschnittplan\n|-resisted|p2a: Sichelschnittplan\n|-damage|p2a: Sichelschnittplan|78\/100\n|-unboost|p1a: Iron Valiant|def|1\n|-unboost|p1a: Iron Valiant|spd|1\n|\n|upkeep\n|turn|25\n|-message|It's GG mate forfeited.\n|\n|win|kuhihuihihhuhi\n|n|\u2606It's GG mate|itsggmate\n|n|\u2606kuhihuihihhuhi|kuhihuihihhuhi\n|n|*Lady Monita \u2746|ladymonita\n|l|*Lady Monita \u2746\n|l|\u2606It's GG mate\n","uploadtime":1700342384,"views":15,"p1id":"itsggmate","p2id":"kuhihuihihhuhi","formatid":"gen9ou","rating":0,"private":0,"password":""}