{"id":"gen9ou-2000081139","p1":"chozzobooster","p2":"mikejohns","format":"[Gen 9] OU","log":"|j|\u2606chozzobooster\n|j|\u2606mikejohns\n|t:|1701151216\n|gametype|singles\n|player|p1|chozzobooster|schoolkid-gen4|1605\n|player|p2|mikejohns|volkner|1629\n|teamsize|p1|6\n|teamsize|p2|6\n|gen|9\n|tier|[Gen 9] OU\n|rated|\n|rule|Sleep Clause Mod: Limit one foe put to sleep\n|rule|Species Clause: Limit one of each Pok\u00e9mon\n|rule|OHKO Clause: OHKO moves are banned\n|rule|Evasion Items Clause: Evasion items are banned\n|rule|Evasion Moves Clause: Evasion moves are banned\n|rule|Endless Battle Clause: Forcing endless battles is banned\n|rule|HP Percentage Mod: HP is shown in percentages\n|clearpoke\n|poke|p1|Hatterene, F|\n|poke|p1|Scizor, M|\n|poke|p1|Dragapult, M|\n|poke|p1|Ting-Lu|\n|poke|p1|Gholdengo|\n|poke|p1|Hydreigon, M|\n|poke|p2|Corviknight, F|\n|poke|p2|Ting-Lu|\n|poke|p2|Slowking-Galar, F|\n|poke|p2|Great Tusk|\n|poke|p2|Ogerpon, F|\n|poke|p2|Moltres|\n|teampreview\n|inactive|Battle timer is ON: inactive players will automatically lose when time's up. (requested by mikejohns)\n|\n|t:|1701151229\n|start\n|switch|p1a: Ganondorf|Ting-Lu|100\/100\n|switch|p2a: Moltres|Moltres|100\/100\n|-ability|p1a: Ganondorf|Vessel of Ruin\n|turn|1\n|\n|t:|1701151232\n|move|p2a: Moltres|Will-O-Wisp|p1a: Ganondorf\n|-status|p1a: Ganondorf|brn\n|move|p1a: Ganondorf|Stealth Rock|p2a: Moltres\n|-sidestart|p2: mikejohns|move: Stealth Rock\n|\n|-damage|p1a: Ganondorf|94\/100 brn|[from] brn\n|upkeep\n|turn|2\n|\n|t:|1701151239\n|switch|p1a: Sidon|Dragapult, M|100\/100\n|move|p2a: Moltres|Flamethrower|p1a: Sidon\n|-resisted|p1a: Sidon\n|-damage|p1a: Sidon|71\/100\n|\n|upkeep\n|turn|3\n|\n|t:|1701151257\n|move|p1a: Sidon|Hydro Pump|p2a: Moltres\n|-supereffective|p2a: Moltres\n|-damage|p2a: Moltres|17\/100\n|-damage|p1a: Sidon|61\/100|[from] item: Life Orb\n|move|p2a: Moltres|Roost|p2a: Moltres\n|-heal|p2a: Moltres|67\/100\n|-singleturn|p2a: Moltres|move: Roost\n|\n|upkeep\n|turn|4\n|\n|t:|1701151266\n|switch|p2a: Ting-Lu|Ting-Lu|100\/100\n|-damage|p2a: Ting-Lu|94\/100|[from] Stealth Rock\n|-ability|p2a: Ting-Lu|Vessel of Ruin\n|move|p1a: Sidon|Dragon Darts|p2a: Ting-Lu\n|-damage|p2a: Ting-Lu|80\/100\n|-anim|p1a: Sidon|Dragon Darts|p2a: Ting-Lu\n|-damage|p2a: Ting-Lu|64\/100\n|-damage|p1a: Sidon|52\/100|[from] item: Life Orb\n|\n|-heal|p2a: Ting-Lu|70\/100|[from] item: Leftovers\n|upkeep\n|turn|5\n|\n|t:|1701151272\n|switch|p1a: Zelda|Hatterene, F|100\/100\n|move|p2a: Ting-Lu|Earthquake|p1a: Zelda\n|-damage|p1a: Zelda|61\/100\n|\n|-heal|p2a: Ting-Lu|76\/100|[from] item: Leftovers\n|upkeep\n|turn|6\n|\n|t:|1701151280\n|move|p2a: Ting-Lu|Ruination|p1a: Zelda|[miss]\n|-miss|p2a: Ting-Lu|p1a: Zelda\n|move|p1a: Zelda|Trick|p2a: Ting-Lu\n|-activate|p1a: Zelda|move: Trick|[of] p2a: Ting-Lu\n|-item|p2a: Ting-Lu|Choice Specs|[from] move: Trick\n|-item|p1a: Zelda|Leftovers|[from] move: Trick\n|\n|-heal|p1a: Zelda|67\/100|[from] item: Leftovers\n|upkeep\n|turn|7\n|\n|t:|1701151288\n|move|p2a: Ting-Lu|Earthquake|p1a: Zelda\n|-damage|p1a: Zelda|28\/100\n|move|p1a: Zelda|Draining Kiss|p2a: Ting-Lu\n|-supereffective|p2a: Ting-Lu\n|-damage|p2a: Ting-Lu|51\/100\n|-heal|p1a: Zelda|60\/100|[from] drain|[of] p2a: Ting-Lu\n|\n|-heal|p1a: Zelda|66\/100|[from] item: Leftovers\n|upkeep\n|turn|8\n|\n|t:|1701151293\n|switch|p2a: Corviknight|Corviknight, F|100\/100\n|-damage|p2a: Corviknight|88\/100|[from] Stealth Rock\n|-ability|p2a: Corviknight|Pressure\n|move|p1a: Zelda|Draining Kiss|p2a: Corviknight\n|-resisted|p2a: Corviknight\n|-damage|p2a: Corviknight|74\/100\n|-heal|p1a: Zelda|80\/100|[from] drain|[of] p2a: Corviknight\n|-damage|p1a: Zelda|63\/100|[from] item: Rocky Helmet|[of] p2a: Corviknight\n|\n|-heal|p1a: Zelda|69\/100|[from] item: Leftovers\n|upkeep\n|turn|9\n|\n|t:|1701151301\n|switch|p1a: King Bosphoramus|Gholdengo|100\/100\n|move|p2a: Corviknight|Brave Bird|p1a: King Bosphoramus\n|-resisted|p1a: King Bosphoramus\n|-damage|p1a: King Bosphoramus|89\/100\n|-damage|p2a: Corviknight|57\/100|[from] item: Rocky Helmet|[of] p1a: King Bosphoramus\n|-damage|p2a: Corviknight|54\/100|[from] Recoil\n|\n|upkeep\n|turn|10\n|\n|t:|1701151308\n|switch|p2a: Ting-Lu|Ting-Lu|51\/100\n|-damage|p2a: Ting-Lu|45\/100|[from] Stealth Rock\n|-ability|p2a: Ting-Lu|Vessel of Ruin\n|move|p1a: King Bosphoramus|Nasty Plot|p1a: King Bosphoramus\n|-boost|p1a: King Bosphoramus|spa|2\n|\n|upkeep\n|turn|11\n|\n|t:|1701151313\n|switch|p1a: Gleeok|Hydreigon, M|100\/100\n|move|p2a: Ting-Lu|Earthquake|p1a: Gleeok\n|-immune|p1a: Gleeok|[from] ability: Levitate\n|\n|upkeep\n|turn|12\n|\n|t:|1701151319\n|switch|p2a: Corviknight|Corviknight, F|54\/100\n|-damage|p2a: Corviknight|41\/100|[from] Stealth Rock\n|-ability|p2a: Corviknight|Pressure\n|move|p1a: Gleeok|Draco Meteor|p2a: Corviknight\n|-resisted|p2a: Corviknight\n|-damage|p2a: Corviknight|6\/100\n|-unboost|p1a: Gleeok|spa|2\n|\n|upkeep\n|turn|13\n|inactive|mikejohns has 120 seconds left.\n|\n|t:|1701151354\n|switch|p2a: Slowking|Slowking-Galar, F|100\/100\n|-damage|p2a: Slowking|88\/100|[from] Stealth Rock\n|move|p1a: Gleeok|Draco Meteor|p2a: Slowking\n|-damage|p2a: Slowking|73\/100\n|-unboost|p1a: Gleeok|spa|2\n|\n|upkeep\n|turn|14\n|\n|t:|1701151362\n|switch|p1a: Ganondorf|Ting-Lu|94\/100 brn\n|-ability|p1a: Ganondorf|Vessel of Ruin\n|move|p2a: Slowking|Future Sight|p1a: Ganondorf\n|-start|p2a: Slowking|move: Future Sight\n|\n|-heal|p1a: Ganondorf|100\/100 brn|[from] item: Leftovers\n|-damage|p1a: Ganondorf|94\/100 brn|[from] brn\n|upkeep\n|turn|15\n|\n|t:|1701151368\n|switch|p2a: Great Tusk|Great Tusk|100\/100\n|move|p1a: Ganondorf|Spikes|p2a: Great Tusk\n|-sidestart|p2: mikejohns|Spikes\n|\n|-heal|p1a: Ganondorf|100\/100 brn|[from] item: Leftovers\n|-damage|p1a: Ganondorf|94\/100 brn|[from] brn\n|upkeep\n|turn|16\n|\n|t:|1701151374\n|move|p2a: Great Tusk|Knock Off|p1a: Ganondorf\n|-resisted|p1a: Ganondorf\n|-damage|p1a: Ganondorf|87\/100 brn\n|-enditem|p1a: Ganondorf|Leftovers|[from] move: Knock Off|[of] p2a: Great Tusk\n|move|p1a: Ganondorf|Whirlwind|p2a: Great Tusk\n|-end|p2a: Great Tusk|Protosynthesis|[silent]\n|drag|p2a: Corviknight|Corviknight, F|6\/100\n|-damage|p2a: Corviknight|0 fnt|[from] Stealth Rock\n|faint|p2a: Corviknight\n|\n|-end|p1a: Ganondorf|move: Future Sight\n|-immune|p1a: Ganondorf\n|-damage|p1a: Ganondorf|80\/100 brn|[from] brn\n|upkeep\n|\n|t:|1701151379\n|switch|p2a: Ogerpon|Ogerpon, F|100\/100\n|turn|17\n|\n|t:|1701151387\n|move|p2a: Ogerpon|U-turn|p1a: Ganondorf\n|-supereffective|p1a: Ganondorf\n|-damage|p1a: Ganondorf|55\/100 brn\n|\n|t:|1701151390\n|switch|p2a: Moltres|Moltres|67\/100|[from] U-turn\n|move|p1a: Ganondorf|Whirlwind|p2a: Moltres\n|drag|p2a: Slowking|Slowking-Galar, F|100\/100\n|-damage|p2a: Slowking|88\/100|[from] Stealth Rock\n|-damage|p2a: Slowking|76\/100|[from] Spikes\n|\n|-damage|p1a: Ganondorf|49\/100 brn|[from] brn\n|upkeep\n|turn|18\n|\n|t:|1701151397\n|switch|p2a: Ogerpon|Ogerpon, F|100\/100\n|move|p1a: Ganondorf|Earthquake|p2a: Ogerpon\n|-resisted|p2a: Ogerpon\n|-damage|p2a: Ogerpon|88\/100\n|\n|-damage|p1a: Ganondorf|42\/100 brn|[from] brn\n|upkeep\n|turn|19\n|\n|t:|1701151402\n|move|p2a: Ogerpon|Ivy Cudgel|p1a: Ganondorf\n|-supereffective|p1a: Ganondorf\n|-damage|p1a: Ganondorf|0 fnt\n|faint|p1a: Ganondorf\n|\n|upkeep\n|\n|t:|1701151405\n|switch|p1a: Gleeok|Hydreigon, M|100\/100\n|turn|20\n|\n|t:|1701151412\n|switch|p2a: Slowking|Slowking-Galar, F|100\/100\n|-damage|p2a: Slowking|88\/100|[from] Stealth Rock\n|-damage|p2a: Slowking|76\/100|[from] Spikes\n|move|p1a: Gleeok|U-turn|p2a: Slowking\n|-damage|p2a: Slowking|61\/100\n|\n|t:|1701151418\n|switch|p1a: Link|Scizor, M|100\/100|[from] U-turn\n|\n|upkeep\n|turn|21\n|\n|t:|1701151422\n|switch|p2a: Moltres|Moltres|67\/100\n|move|p1a: Link|Knock Off|p2a: Moltres\n|-damage|p2a: Moltres|42\/100\n|-status|p1a: Link|brn|[from] ability: Flame Body|[of] p2a: Moltres\n|-enditem|p2a: Moltres|Heavy-Duty Boots|[from] move: Knock Off|[of] p1a: Link\n|\n|-damage|p1a: Link|94\/100 brn|[from] brn\n|upkeep\n|turn|22\n|\n|t:|1701151433\n|switch|p1a: Gleeok|Hydreigon, M|100\/100\n|move|p2a: Moltres|Roost|p2a: Moltres\n|-heal|p2a: Moltres|92\/100\n|-singleturn|p2a: Moltres|move: Roost\n|\n|upkeep\n|turn|23\n|\n|t:|1701151443\n|move|p1a: Gleeok|Dark Pulse|p2a: Moltres\n|-damage|p2a: Moltres|46\/100\n|move|p2a: Moltres|Roost|p2a: Moltres\n|-heal|p2a: Moltres|96\/100\n|-singleturn|p2a: Moltres|move: Roost\n|\n|upkeep\n|turn|24\n|\n|t:|1701151451\n|switch|p2a: Ting-Lu|Ting-Lu|45\/100\n|-damage|p2a: Ting-Lu|39\/100|[from] Stealth Rock\n|-damage|p2a: Ting-Lu|26\/100|[from] Spikes\n|-ability|p2a: Ting-Lu|Vessel of Ruin\n|move|p1a: Gleeok|Dark Pulse|p2a: Ting-Lu\n|-resisted|p2a: Ting-Lu\n|-damage|p2a: Ting-Lu|17\/100\n|\n|upkeep\n|turn|25\n|\n|t:|1701151461\n|switch|p1a: Link|Scizor, M|94\/100 brn\n|move|p2a: Ting-Lu|Ruination|p1a: Link\n|-damage|p1a: Link|47\/100 brn\n|-enditem|p1a: Link|Sitrus Berry|[eat]\n|-heal|p1a: Link|72\/100 brn|[from] item: Sitrus Berry\n|\n|-damage|p1a: Link|66\/100 brn|[from] brn\n|upkeep\n|turn|26\n|\n|t:|1701151480\n|switch|p2a: Moltres|Moltres|96\/100\n|-damage|p2a: Moltres|46\/100|[from] Stealth Rock\n|move|p1a: Link|Knock Off|p2a: Moltres\n|-damage|p2a: Moltres|38\/100\n|\n|-damage|p1a: Link|60\/100 brn|[from] brn\n|upkeep\n|turn|27\n|\n|t:|1701151485\n|switch|p1a: Gleeok|Hydreigon, M|100\/100\n|move|p2a: Moltres|Roost|p2a: Moltres\n|-heal|p2a: Moltres|88\/100\n|-singleturn|p2a: Moltres|move: Roost\n|\n|upkeep\n|turn|28\n|\n|t:|1701151498\n|move|p1a: Gleeok|Dark Pulse|p2a: Moltres\n|-damage|p2a: Moltres|45\/100\n|move|p2a: Moltres|U-turn|p1a: Gleeok\n|-supereffective|p1a: Gleeok\n|-damage|p1a: Gleeok|67\/100\n|\n|t:|1701151501\n|switch|p2a: Great Tusk|Great Tusk|100\/100|[from] U-turn\n|\n|upkeep\n|turn|29\n|\n|t:|1701151507\n|switch|p1a: King Bosphoramus|Gholdengo|89\/100\n|move|p2a: Great Tusk|Knock Off|p1a: King Bosphoramus\n|-supereffective|p1a: King Bosphoramus\n|-damage|p1a: King Bosphoramus|49\/100\n|-damage|p2a: Great Tusk|84\/100|[from] item: Rocky Helmet|[of] p1a: King Bosphoramus\n|-enditem|p1a: King Bosphoramus|Rocky Helmet|[from] move: Knock Off|[of] p2a: Great Tusk\n|\n|upkeep\n|turn|30\n|\n|t:|1701151512\n|switch|p1a: Gleeok|Hydreigon, M|67\/100\n|move|p2a: Great Tusk|Headlong Rush|p1a: Gleeok\n|-immune|p1a: Gleeok|[from] ability: Levitate\n|\n|upkeep\n|turn|31\n|\n|t:|1701151534\n|switch|p1a: Sidon|Dragapult, M|52\/100\n|-end|p2a: Great Tusk|Protosynthesis|[silent]\n|switch|p2a: Ting-Lu|Ting-Lu|17\/100\n|-damage|p2a: Ting-Lu|10\/100|[from] Stealth Rock\n|-damage|p2a: Ting-Lu|0 fnt|[from] Spikes\n|faint|p2a: Ting-Lu\n|\n|upkeep\n|inactive|mikejohns has 120 seconds left.\n|\n|t:|1701151554\n|switch|p2a: Ogerpon|Ogerpon, F|88\/100\n|turn|32\n|\n|t:|1701151558\n|switch|p1a: Link|Scizor, M|60\/100 brn\n|-terastallize|p2a: Ogerpon|Grass\n|detailschange|p2a: Ogerpon|Ogerpon-Teal-Tera, F, tera:Grass\n|-ability|p2a: Ogerpon|Embody Aspect (Teal)|boost\n|-boost|p2a: Ogerpon|spe|1\n|move|p2a: Ogerpon|Knock Off|p1a: Link\n|-damage|p1a: Link|33\/100 brn\n|\n|-damage|p1a: Link|27\/100 brn|[from] brn\n|upkeep\n|turn|33\n|\n|t:|1701151564\n|switch|p2a: Great Tusk|Great Tusk|84\/100\n|move|p1a: Link|Bullet Punch|p2a: Great Tusk\n|-damage|p2a: Great Tusk|74\/100\n|\n|-damage|p1a: Link|20\/100 brn|[from] brn\n|upkeep\n|turn|34\n|\n|t:|1701151577\n|move|p2a: Great Tusk|Stealth Rock|p1a: Link\n|-sidestart|p1: chozzobooster|move: Stealth Rock\n|move|p1a: Link|Knock Off|p2a: Great Tusk\n|-resisted|p2a: Great Tusk\n|-damage|p2a: Great Tusk|68\/100\n|-enditem|p2a: Great Tusk|Heavy-Duty Boots|[from] move: Knock Off|[of] p1a: Link\n|\n|-damage|p1a: Link|14\/100 brn|[from] brn\n|upkeep\n|turn|35\n|\n|t:|1701151582\n|switch|p1a: King Bosphoramus|Gholdengo|49\/100\n|-damage|p1a: King Bosphoramus|43\/100|[from] Stealth Rock\n|move|p2a: Great Tusk|Rapid Spin|p1a: King Bosphoramus\n|-immune|p1a: King Bosphoramus\n|\n|upkeep\n|turn|36\n|\n|t:|1701151588\n|-terastallize|p1a: King Bosphoramus|Flying\n|move|p2a: Great Tusk|Headlong Rush|p1a: King Bosphoramus\n|-immune|p1a: King Bosphoramus\n|move|p1a: King Bosphoramus|Make It Rain|p2a: Great Tusk\n|-damage|p2a: Great Tusk|0 fnt\n|-unboost|p1a: King Bosphoramus|spa|1\n|faint|p2a: Great Tusk\n|-end|p2a: Great Tusk|Protosynthesis|[silent]\n|\n|upkeep\n|\n|t:|1701151595\n|switch|p2a: Slowking|Slowking-Galar, F|94\/100\n|-damage|p2a: Slowking|82\/100|[from] Stealth Rock\n|-damage|p2a: Slowking|69\/100|[from] Spikes\n|turn|37\n|j| SwabbyYabby\n|j| VicBossMG\n|\n|t:|1701151602\n|move|p1a: King Bosphoramus|Recover|p1a: King Bosphoramus\n|-heal|p1a: King Bosphoramus|93\/100\n|move|p2a: Slowking|Sludge Bomb|p1a: King Bosphoramus\n|-damage|p1a: King Bosphoramus|56\/100\n|\n|upkeep\n|turn|38\n|j| ChoirMember#1\n|\n|t:|1701151606\n|move|p1a: King Bosphoramus|Shadow Ball|p2a: Slowking\n|-supereffective|p2a: Slowking\n|-damage|p2a: Slowking|46\/100\n|move|p2a: Slowking|Sludge Bomb|p1a: King Bosphoramus\n|-damage|p1a: King Bosphoramus|18\/100\n|\n|upkeep\n|turn|39\n|\n|t:|1701151617\n|switch|p1a: Link|Scizor, M|14\/100 brn\n|-damage|p1a: Link|2\/100 brn|[from] Stealth Rock\n|move|p2a: Slowking|Sludge Bomb|p1a: Link\n|-immune|p1a: Link\n|\n|-damage|p1a: Link|0 fnt|[from] brn\n|faint|p1a: Link\n|upkeep\n|\n|t:|1701151624\n|switch|p1a: Gleeok|Hydreigon, M|67\/100\n|-damage|p1a: Gleeok|55\/100|[from] Stealth Rock\n|turn|40\n|\n|t:|1701151628\n|switch|p2a: Moltres|Moltres|45\/100\n|-damage|p2a: Moltres|0 fnt|[from] Stealth Rock\n|faint|p2a: Moltres\n|move|p1a: Gleeok|Dark Pulse|p2: Moltres|[notarget]\n|-fail|p1a: Gleeok\n|\n|upkeep\n|\n|t:|1701151631\n|switch|p2a: Ogerpon|Ogerpon-Teal-Tera, F, tera:Grass|88\/100\n|-ability|p2a: Ogerpon|Embody Aspect (Teal)|boost\n|-boost|p2a: Ogerpon|spe|1\n|turn|41\n|\n|t:|1701151635\n|move|p2a: Ogerpon|U-turn|p1a: Gleeok\n|-supereffective|p1a: Gleeok\n|-damage|p1a: Gleeok|4\/100\n|\n|t:|1701151637\n|switch|p2a: Slowking|Slowking-Galar, F|80\/100|[from] U-turn\n|-damage|p2a: Slowking|67\/100|[from] Stealth Rock\n|-damage|p2a: Slowking|55\/100|[from] Spikes\n|move|p1a: Gleeok|Dark Pulse|p2a: Slowking\n|-supereffective|p2a: Slowking\n|-damage|p2a: Slowking|14\/100\n|\n|upkeep\n|turn|42\n|\n|t:|1701151653\n|move|p1a: Gleeok|Dark Pulse|p2a: Slowking\n|-supereffective|p2a: Slowking\n|-damage|p2a: Slowking|0 fnt\n|faint|p2a: Slowking\n|\n|upkeep\n|\n|t:|1701151656\n|switch|p2a: Ogerpon|Ogerpon-Teal-Tera, F, tera:Grass|88\/100\n|-ability|p2a: Ogerpon|Embody Aspect (Teal)|boost\n|-boost|p2a: Ogerpon|spe|1\n|turn|43\n|\n|t:|1701151666\n|move|p2a: Ogerpon|Ivy Cudgel|p1a: Gleeok\n|-resisted|p1a: Gleeok\n|-damage|p1a: Gleeok|0 fnt\n|faint|p1a: Gleeok\n|\n|upkeep\n|\n|t:|1701151671\n|switch|p1a: Sidon|Dragapult, M|52\/100\n|-damage|p1a: Sidon|39\/100|[from] Stealth Rock\n|turn|44\n|\n|t:|1701151674\n|move|p2a: Ogerpon|Knock Off|p1a: Sidon\n|-supereffective|p1a: Sidon\n|-damage|p1a: Sidon|0 fnt\n|-enditem|p1a: Sidon|Life Orb|[from] move: Knock Off|[of] p2a: Ogerpon\n|faint|p1a: Sidon\n|\n|upkeep\n|\n|t:|1701151676\n|switch|p1a: Zelda|Hatterene, F|69\/100\n|-damage|p1a: Zelda|57\/100|[from] Stealth Rock\n|turn|45\n|\n|t:|1701151682\n|move|p2a: Ogerpon|Ivy Cudgel|p1a: Zelda\n|-damage|p1a: Zelda|0 fnt\n|faint|p1a: Zelda\n|\n|upkeep\n|-message|chozzobooster forfeited.\n|\n|win|mikejohns\n|raw|chozzobooster's rating: 1605 &rarr; <strong>1586<\/strong><br \/>(-19 for losing)\n|raw|mikejohns's rating: 1629 &rarr; <strong>1648<\/strong><br \/>(+19 for winning)\n|l|\u2606chozzobooster\n|c|\u2606mikejohns|gg\n","uploadtime":1701151689,"views":3,"p1id":"chozzobooster","p2id":"mikejohns","formatid":"gen9ou","rating":1586,"private":0,"password":""}