{"id":"gen9ou-1995167679","p1":"NotTony69","p2":"ApplinFan773","format":"[Gen 9] OU","log":"|j|\u2606NotTony69\n|j|\u2606ApplinFan773\n|t:|1700530148\n|gametype|singles\n|player|p1|NotTony69|266|\n|player|p2|ApplinFan773|cilan|\n|teamsize|p1|6\n|teamsize|p2|6\n|gen|9\n|tier|[Gen 9] OU\n|rule|Sleep Clause Mod: Limit one foe put to sleep\n|rule|Species Clause: Limit one of each Pok\u00e9mon\n|rule|OHKO Clause: OHKO moves are banned\n|rule|Evasion Items Clause: Evasion items are banned\n|rule|Evasion Moves Clause: Evasion moves are banned\n|rule|Endless Battle Clause: Forcing endless battles is banned\n|rule|HP Percentage Mod: HP is shown in percentages\n|clearpoke\n|poke|p1|Kingambit, M|\n|poke|p1|Tinkaton, F|\n|poke|p1|Dusclops, F|\n|poke|p1|Snorlax, M|\n|poke|p1|Chandelure, F|\n|poke|p1|Clefairy, F|\n|poke|p2|Torterra, M|\n|poke|p2|Rillaboom, M|\n|poke|p2|Basculegion-F, F|\n|poke|p2|Dragapult, F|\n|poke|p2|Sinistcha|\n|poke|p2|Chandelure, F|\n|teampreview\n|inactive|Battle timer is ON: inactive players will automatically lose when time's up. (requested by ApplinFan773)\n|c|\u2606ApplinFan773|Glhf!,\n|c|\u2606NotTony69|Same to you\n|\n|t:|1700530174\n|start\n|switch|p1a: Dusclops|Dusclops, F, shiny|100\/100\n|switch|p2a: Hector|Rillaboom, M|100\/100\n|-fieldstart|move: Grassy Terrain|[from] ability: Grassy Surge|[of] p2a: Hector\n|-ability|p1a: Dusclops|Pressure\n|turn|1\n|\n|t:|1700530184\n|move|p2a: Hector|Knock Off|p1a: Dusclops\n|-supereffective|p1a: Dusclops\n|-damage|p1a: Dusclops|49\/100\n|-enditem|p1a: Dusclops|Eviolite|[from] move: Knock Off|[of] p2a: Hector\n|move|p1a: Dusclops|Will-O-Wisp|p2a: Hector\n|-status|p2a: Hector|brn\n|\n|-heal|p1a: Dusclops|55\/100|[from] Grassy Terrain\n|-damage|p2a: Hector|94\/100 brn|[from] brn\n|upkeep\n|turn|2\n|\n|t:|1700530201\n|switch|p1a: Snorlax|Snorlax, M, shiny|100\/100\n|move|p2a: Hector|Knock Off|p1a: Snorlax\n|-damage|p1a: Snorlax|84\/100\n|-enditem|p1a: Snorlax|Sitrus Berry|[from] move: Knock Off|[of] p2a: Hector\n|\n|-heal|p2a: Hector|100\/100 brn|[from] Grassy Terrain\n|-heal|p1a: Snorlax|90\/100|[from] Grassy Terrain\n|-damage|p2a: Hector|94\/100 brn|[from] brn\n|upkeep\n|turn|3\n|\n|t:|1700530213\n|switch|p2a: Mauteh|Sinistcha, shiny|100\/100\n|move|p1a: Snorlax|Belly Drum|p1a: Snorlax\n|-damage|p1a: Snorlax|40\/100\n|-setboost|p1a: Snorlax|atk|6|[from] move: Belly Drum\n|\n|-heal|p1a: Snorlax|46\/100|[from] Grassy Terrain\n|upkeep\n|turn|4\n|inactive|ApplinFan773 has 270 seconds left.\n|\n|t:|1700530250\n|move|p2a: Mauteh|Matcha Gotcha|p1a: Snorlax\n|-damage|p1a: Snorlax|10\/100\n|move|p1a: Snorlax|High Horsepower|p2a: Mauteh\n|-resisted|p2a: Mauteh\n|-damage|p2a: Mauteh|58\/100\n|\n|-heal|p2a: Mauteh|64\/100|[from] Grassy Terrain\n|-heal|p2a: Mauteh|70\/100|[from] item: Leftovers\n|-heal|p1a: Snorlax|17\/100|[from] Grassy Terrain\n|upkeep\n|turn|5\n|inactive|ApplinFan773 has 270 seconds left.\n|\n|t:|1700530260\n|move|p1a: Snorlax|Protect|p1a: Snorlax\n|-singleturn|p1a: Snorlax|Protect\n|move|p2a: Mauteh|Matcha Gotcha|p1a: Snorlax\n|-activate|p1a: Snorlax|move: Protect\n|\n|-heal|p2a: Mauteh|76\/100|[from] Grassy Terrain\n|-heal|p2a: Mauteh|82\/100|[from] item: Leftovers\n|-heal|p1a: Snorlax|23\/100|[from] Grassy Terrain\n|-fieldend|move: Grassy Terrain\n|upkeep\n|turn|6\n|inactiveoff|Battle timer is now OFF.\n|\n|t:|1700530273\n|move|p2a: Mauteh|Matcha Gotcha|p1a: Snorlax\n|-damage|p1a: Snorlax|0 fnt\n|-heal|p2a: Mauteh|99\/100|[from] drain|[of] p1a: Snorlax\n|faint|p1a: Snorlax\n|\n|-heal|p2a: Mauteh|100\/100|[from] item: Leftovers\n|upkeep\n|\n|t:|1700530282\n|switch|p1a: Tinkaton|Tinkaton, F, shiny|100\/100\n|-ability|p1a: Tinkaton|Mold Breaker\n|-item|p1a: Tinkaton|Air Balloon\n|turn|7\n|\n|t:|1700530292\n|move|p1a: Tinkaton|Stealth Rock|p2a: Mauteh\n|-sidestart|p2: ApplinFan773|move: Stealth Rock\n|move|p2a: Mauteh|Calm Mind|p2a: Mauteh\n|-boost|p2a: Mauteh|spa|1\n|-boost|p2a: Mauteh|spd|1\n|\n|upkeep\n|turn|8\n|\n|t:|1700530301\n|move|p1a: Tinkaton|Knock Off|p2a: Mauteh\n|-supereffective|p2a: Mauteh\n|-damage|p2a: Mauteh|69\/100\n|-enditem|p2a: Mauteh|Leftovers|[from] move: Knock Off|[of] p1a: Tinkaton\n|move|p2a: Mauteh|Matcha Gotcha|p1a: Tinkaton\n|-resisted|p1a: Tinkaton\n|-damage|p1a: Tinkaton|71\/100\n|-heal|p2a: Mauteh|85\/100|[from] drain|[of] p1a: Tinkaton\n|-enditem|p1a: Tinkaton|Air Balloon\n|\n|upkeep\n|turn|9\n|\n|t:|1700530312\n|move|p1a: Tinkaton|Gigaton Hammer|p2a: Mauteh\n|-damage|p2a: Mauteh|44\/100\n|move|p2a: Mauteh|Matcha Gotcha|p1a: Tinkaton\n|-resisted|p1a: Tinkaton\n|-damage|p1a: Tinkaton|44\/100\n|-heal|p2a: Mauteh|59\/100|[from] drain|[of] p1a: Tinkaton\n|-status|p1a: Tinkaton|brn\n|\n|-damage|p1a: Tinkaton|38\/100 brn|[from] brn\n|upkeep\n|turn|10\n|\n|t:|1700530324\n|move|p1a: Tinkaton|Knock Off|p2a: Mauteh\n|-supereffective|p2a: Mauteh\n|-damage|p2a: Mauteh|48\/100\n|move|p2a: Mauteh|Matcha Gotcha|p1a: Tinkaton\n|-resisted|p1a: Tinkaton\n|-damage|p1a: Tinkaton|11\/100 brn\n|-heal|p2a: Mauteh|63\/100|[from] drain|[of] p1a: Tinkaton\n|\n|-damage|p1a: Tinkaton|5\/100 brn|[from] brn\n|upkeep\n|turn|11\n|\n|t:|1700530336\n|move|p1a: Tinkaton|Knock Off|p2a: Mauteh\n|-supereffective|p2a: Mauteh\n|-damage|p2a: Mauteh|51\/100\n|move|p2a: Mauteh|Scald|p1a: Tinkaton\n|-damage|p1a: Tinkaton|0 fnt\n|faint|p1a: Tinkaton\n|\n|upkeep\n|\n|t:|1700530345\n|switch|p1a: Chandelure|Chandelure, F, shiny|100\/100\n|turn|12\n|\n|t:|1700530354\n|-terastallize|p2a: Mauteh|Water\n|move|p1a: Chandelure|Shadow Ball|p2a: Mauteh\n|-damage|p2a: Mauteh|16\/100\n|move|p2a: Mauteh|Scald|p1a: Chandelure\n|-supereffective|p1a: Chandelure\n|-damage|p1a: Chandelure|0 fnt\n|faint|p1a: Chandelure\n|\n|upkeep\n|\n|t:|1700530367\n|switch|p1a: Kingambit|Kingambit, M, shiny|100\/100\n|-activate|p1a: Kingambit|ability: Supreme Overlord\n|-start|p1a: Kingambit|fallen3|[silent]\n|turn|13\n|\n|t:|1700530398\n|switch|p2a: Hector|Rillaboom, M|94\/100 brn\n|-damage|p2a: Hector|82\/100 brn|[from] Stealth Rock\n|-fieldstart|move: Grassy Terrain|[from] ability: Grassy Surge|[of] p2a: Hector\n|move|p1a: Kingambit|Swords Dance|p1a: Kingambit\n|-boost|p1a: Kingambit|atk|2\n|\n|-heal|p2a: Hector|88\/100 brn|[from] Grassy Terrain\n|-damage|p2a: Hector|82\/100 brn|[from] brn\n|upkeep\n|turn|14\n|\n|t:|1700530409\n|move|p2a: Hector|Knock Off|p1a: Kingambit\n|-resisted|p1a: Kingambit\n|-damage|p1a: Kingambit|90\/100\n|-enditem|p1a: Kingambit|Black Glasses|[from] move: Knock Off|[of] p2a: Hector\n|move|p1a: Kingambit|Night Slash|p2a: Hector\n|-damage|p2a: Hector|0 fnt\n|faint|p2a: Hector\n|\n|-heal|p1a: Kingambit|96\/100|[from] Grassy Terrain\n|upkeep\n|\n|t:|1700530424\n|switch|p2a: Mauteh|Sinistcha, shiny, tera:Water|16\/100\n|-damage|p2a: Mauteh|3\/100|[from] Stealth Rock\n|turn|15\n|\n|t:|1700530432\n|move|p1a: Kingambit|Sucker Punch|p2a: Mauteh\n|-damage|p2a: Mauteh|0 fnt\n|faint|p2a: Mauteh\n|\n|-heal|p1a: Kingambit|100\/100|[from] Grassy Terrain\n|upkeep\n|\n|t:|1700530442\n|switch|p2a: Amelia|Dragapult, F, shiny|100\/100\n|-damage|p2a: Amelia|88\/100|[from] Stealth Rock\n|turn|16\n|\n|t:|1700530447\n|move|p2a: Amelia|Flamethrower|p1a: Kingambit\n|-supereffective|p1a: Kingambit\n|-damage|p1a: Kingambit|33\/100\n|-status|p1a: Kingambit|brn\n|move|p1a: Kingambit|Night Slash|p2a: Amelia\n|-supereffective|p2a: Amelia\n|-damage|p2a: Amelia|0 fnt\n|faint|p2a: Amelia\n|\n|-heal|p1a: Kingambit|39\/100 brn|[from] Grassy Terrain\n|-damage|p1a: Kingambit|33\/100 brn|[from] brn\n|upkeep\n|\n|t:|1700530461\n|switch|p2a: Vincent|Torterra, M, shiny|100\/100\n|-damage|p2a: Vincent|94\/100|[from] Stealth Rock\n|turn|17\n|\n|t:|1700530471\n|-terastallize|p1a: Kingambit|Dark\n|move|p1a: Kingambit|Sucker Punch|p2a: Vincent\n|-damage|p2a: Vincent|19\/100\n|move|p2a: Vincent|Headlong Rush|p1a: Kingambit\n|-damage|p1a: Kingambit|0 fnt\n|-unboost|p2a: Vincent|def|1\n|-unboost|p2a: Vincent|spd|1\n|faint|p1a: Kingambit\n|-end|p1a: Kingambit|fallen3|[silent]\n|\n|-heal|p2a: Vincent|25\/100|[from] Grassy Terrain\n|-fieldend|move: Grassy Terrain\n|upkeep\n|\n|t:|1700530476\n|switch|p1a: Dusclops|Dusclops, F, shiny|55\/100\n|-ability|p1a: Dusclops|Pressure\n|turn|18\n|\n|t:|1700530488\n|move|p2a: Vincent|Bullet Seed|p1a: Dusclops\n|-damage|p1a: Dusclops|42\/100\n|-damage|p1a: Dusclops|30\/100\n|-damage|p1a: Dusclops|17\/100\n|-damage|p1a: Dusclops|4\/100\n|-hitcount|p1a: Dusclops|4\n|move|p1a: Dusclops|Night Shade|p2a: Vincent\n|-damage|p2a: Vincent|0 fnt\n|faint|p2a: Vincent\n|\n|upkeep\n|\n|t:|1700530497\n|switch|p2a: Nami|Basculegion-F, F|100\/100\n|-damage|p2a: Nami|88\/100|[from] Stealth Rock\n|turn|19\n|\n|t:|1700530502\n|move|p2a: Nami|Surf|p1a: Dusclops\n|-damage|p1a: Dusclops|0 fnt\n|faint|p1a: Dusclops\n|-damage|p2a: Nami|78\/100|[from] item: Life Orb\n|\n|upkeep\n|\n|t:|1700530504\n|switch|p1a: Clefairy|Clefairy, F, shiny|100\/100\n|turn|20\n|c|\u2606NotTony69|gg\n|\n|t:|1700530511\n|move|p1a: Clefairy|Helping Hand|null|[notarget]\n|-fail|p1a: Clefairy\n|move|p2a: Nami|Surf|p1a: Clefairy\n|-damage|p1a: Clefairy|45\/100\n|-damage|p2a: Nami|68\/100|[from] item: Life Orb\n|\n|upkeep\n|turn|21\n|c|\u2606ApplinFan773|gg wp, i got super lucky\n|\n|t:|1700530521\n|move|p1a: Clefairy|Helping Hand|null|[notarget]\n|-fail|p1a: Clefairy\n|move|p2a: Nami|Surf|p1a: Clefairy\n|-damage|p1a: Clefairy|0 fnt\n|faint|p1a: Clefairy\n|-damage|p2a: Nami|58\/100|[from] item: Life Orb\n|\n|win|ApplinFan773\n|l|\u2606NotTony69\n","uploadtime":1700530537,"views":13,"p1id":"nottony69","p2id":"applinfan773","formatid":"gen9ou","rating":0,"private":0,"password":""}