{"id":"gen9ou-1999965636","p1":"likeaweednaturally","p2":"soberlyquoting","format":"[Gen 9] OU","log":"|j|\u2606likeaweednaturally\n|j|\u2606soberlyquoting\n|t:|1701135448\n|gametype|singles\n|player|p1|likeaweednaturally|1|1236\n|player|p2|soberlyquoting|leaf-masters|1154\n|teamsize|p1|6\n|teamsize|p2|6\n|gen|9\n|tier|[Gen 9] OU\n|rated|\n|rule|Sleep Clause Mod: Limit one foe put to sleep\n|rule|Species Clause: Limit one of each Pok\u00e9mon\n|rule|OHKO Clause: OHKO moves are banned\n|rule|Evasion Items Clause: Evasion items are banned\n|rule|Evasion Moves Clause: Evasion moves are banned\n|rule|Endless Battle Clause: Forcing endless battles is banned\n|rule|HP Percentage Mod: HP is shown in percentages\n|clearpoke\n|poke|p1|Landorus-Therian, M|\n|poke|p1|Hatterene, F|\n|poke|p1|Cinderace, F|\n|poke|p1|Iron Valiant|\n|poke|p1|Kingambit, F|\n|poke|p1|Clodsire, F|\n|poke|p2|Ogerpon-Wellspring, F|\n|poke|p2|Cinderace, F|\n|poke|p2|Walking Wake|\n|poke|p2|Landorus-Therian, M|\n|poke|p2|Heatran, F|\n|poke|p2|Gholdengo|\n|teampreview\n|inactive|Battle timer is ON: inactive players will automatically lose when time's up. (requested by likeaweednaturally)\n|\n|t:|1701135459\n|start\n|switch|p1a: Landorus|Landorus-Therian, M|100\/100\n|switch|p2a: Coinstar 4 Cheese|Gholdengo|100\/100\n|-ability|p1a: Landorus|Intimidate|boost\n|-unboost|p2a: Coinstar 4 Cheese|atk|1\n|turn|1\n|\n|t:|1701135467\n|switch|p2a: Walkin' on the|Landorus-Therian, M|100\/100\n|-ability|p2a: Walkin' on the|Intimidate|boost\n|-unboost|p1a: Landorus|atk|1\n|move|p1a: Landorus|U-turn|p2a: Walkin' on the\n|-resisted|p2a: Walkin' on the\n|-damage|p2a: Walkin' on the|91\/100\n|\n|t:|1701135490\n|switch|p1a: Clodsire|Clodsire, F|100\/100|[from] U-turn\n|\n|-heal|p2a: Walkin' on the|97\/100|[from] item: Leftovers\n|upkeep\n|turn|2\n|\n|t:|1701135497\n|switch|p1a: Landorus|Landorus-Therian, M|100\/100\n|-ability|p1a: Landorus|Intimidate|boost\n|-unboost|p2a: Walkin' on the|atk|1\n|move|p2a: Walkin' on the|Stealth Rock|p1a: Landorus\n|-sidestart|p1: likeaweednaturally|move: Stealth Rock\n|\n|-heal|p2a: Walkin' on the|100\/100|[from] item: Leftovers\n|upkeep\n|turn|3\n|\n|t:|1701135506\n|move|p1a: Landorus|Stone Edge|p2a: Walkin' on the|[miss]\n|-miss|p1a: Landorus|p2a: Walkin' on the\n|move|p2a: Walkin' on the|Stone Edge|p1a: Landorus\n|-damage|p1a: Landorus|73\/100\n|\n|upkeep\n|turn|4\n|\n|t:|1701135511\n|move|p1a: Landorus|Stone Edge|p2a: Walkin' on the|[miss]\n|-miss|p1a: Landorus|p2a: Walkin' on the\n|move|p2a: Walkin' on the|U-turn|p1a: Landorus\n|-resisted|p1a: Landorus\n|-damage|p1a: Landorus|63\/100\n|\n|t:|1701135516\n|switch|p2a: :pensive:|Ogerpon-Wellspring, F|100\/100|[from] U-turn\n|\n|upkeep\n|turn|5\n|\n|t:|1701135534\n|switch|p1a: Hatterene|Hatterene, F|100\/100\n|-damage|p1a: Hatterene|88\/100|[from] Stealth Rock\n|move|p2a: :pensive:|Swords Dance|p2a: :pensive:\n|-boost|p2a: :pensive:|atk|2\n|\n|-heal|p1a: Hatterene|94\/100|[from] item: Leftovers\n|upkeep\n|turn|6\n|\n|t:|1701135543\n|move|p2a: :pensive:|Trailblaze|p1a: Hatterene\n|-damage|p1a: Hatterene|42\/100\n|-boost|p2a: :pensive:|spe|1\n|move|p1a: Hatterene|Draining Kiss|p2a: :pensive:\n|-damage|p2a: :pensive:|74\/100\n|-heal|p1a: Hatterene|61\/100|[from] drain|[of] p2a: :pensive:\n|\n|-heal|p1a: Hatterene|67\/100|[from] item: Leftovers\n|upkeep\n|turn|7\n|\n|t:|1701135551\n|move|p2a: :pensive:|Ivy Cudgel|p1a: Hatterene|[anim] Ivy Cudgel Water\n|-damage|p1a: Hatterene|0 fnt\n|faint|p1a: Hatterene\n|\n|upkeep\n|\n|t:|1701135563\n|switch|p1a: Landorus|Landorus-Therian, M|63\/100\n|-damage|p1a: Landorus|51\/100|[from] Stealth Rock\n|-ability|p1a: Landorus|Intimidate|boost\n|-unboost|p2a: :pensive:|atk|1\n|turn|8\n|\n|t:|1701135569\n|move|p2a: :pensive:|Ivy Cudgel|p1a: Landorus|[anim] Ivy Cudgel Water\n|-supereffective|p1a: Landorus\n|-damage|p1a: Landorus|0 fnt\n|faint|p1a: Landorus\n|\n|upkeep\n|-message|likeaweednaturally forfeited.\n|\n|win|soberlyquoting\n|raw|likeaweednaturally's rating: 1236 &rarr; <strong>1205<\/strong><br \/>(-31 for losing)\n|raw|soberlyquoting's rating: 1154 &rarr; <strong>1185<\/strong><br \/>(+31 for winning)\n|l|\u2606likeaweednaturally\n","uploadtime":1701135577,"views":3,"p1id":"likeaweednaturally","p2id":"soberlyquoting","formatid":"gen9ou","rating":1185,"private":0,"password":""}