{"id":"gen9ou-1990523321","p1":"RovaRed","p2":"Skafive","format":"[Gen 9] OU","log":"|j|\u2606RovaRed\n|j|\u2606Skafive\n|t:|1699978458\n|gametype|singles\n|player|p1|RovaRed|wicke|1465\n|player|p2|Skafive|caitlin-gen4|1434\n|teamsize|p1|6\n|teamsize|p2|6\n|gen|9\n|tier|[Gen 9] OU\n|rated|\n|rule|Sleep Clause Mod: Limit one foe put to sleep\n|rule|Species Clause: Limit one of each Pok\u00e9mon\n|rule|OHKO Clause: OHKO moves are banned\n|rule|Evasion Items Clause: Evasion items are banned\n|rule|Evasion Moves Clause: Evasion moves are banned\n|rule|Endless Battle Clause: Forcing endless battles is banned\n|rule|HP Percentage Mod: HP is shown in percentages\n|clearpoke\n|poke|p1|Shiftry, M|\n|poke|p1|Iron Moth|\n|poke|p1|Rillaboom, F|\n|poke|p1|Brambleghast, M|\n|poke|p1|Sneasler, M|\n|poke|p1|Great Tusk|\n|poke|p2|Garchomp, F|\n|poke|p2|Iron Moth|\n|poke|p2|Clodsire, M|\n|poke|p2|Kingambit, F|\n|poke|p2|Corviknight, M|\n|poke|p2|Dragapult, F|\n|teampreview\n|\n|t:|1699978476\n|start\n|switch|p1a: The Fumble|Shiftry, M|100\/100\n|switch|p2a: Iron Moth|Iron Moth|100\/100\n|-enditem|p2a: Iron Moth|Booster Energy\n|-activate|p2a: Iron Moth|ability: Quark Drive|[fromitem]\n|-start|p2a: Iron Moth|quarkdrivespe\n|turn|1\n|\n|t:|1699978483\n|move|p2a: Iron Moth|Substitute|p2a: Iron Moth\n|-start|p2a: Iron Moth|Substitute\n|-damage|p2a: Iron Moth|76\/100\n|move|p1a: The Fumble|Tailwind|p1a: The Fumble\n|-sidestart|p1: RovaRed|move: Tailwind\n|-ability|p1a: The Fumble|Wind Rider|boost\n|-boost|p1a: The Fumble|atk|1\n|\n|upkeep\n|turn|2\n|\n|t:|1699978490\n|move|p1a: The Fumble|Knock Off|p2a: Iron Moth\n|-end|p2a: Iron Moth|Substitute\n|move|p2a: Iron Moth|Fiery Dance|p1a: The Fumble\n|-supereffective|p1a: The Fumble\n|-enditem|p1a: The Fumble|Focus Sash\n|-damage|p1a: The Fumble|1\/100\n|\n|upkeep\n|turn|3\n|\n|t:|1699978496\n|move|p1a: The Fumble|Explosion|p2a: Iron Moth\n|-damage|p2a: Iron Moth|0 fnt\n|faint|p1a: The Fumble\n|faint|p2a: Iron Moth\n|-end|p2a: Iron Moth|Quark Drive|[silent]\n|\n|upkeep\n|\n|t:|1699978502\n|switch|p2a: Corviknight|Corviknight, M|100\/100\n|switch|p1a: The Tumble|Brambleghast, M|100\/100\n|-ability|p1a: The Tumble|Wind Rider|boost\n|-boost|p1a: The Tumble|atk|1\n|-ability|p2a: Corviknight|Pressure\n|turn|4\n|\n|t:|1699978511\n|move|p1a: The Tumble|Poltergeist|p2a: Corviknight\n|-activate|p2a: Corviknight|move: Poltergeist|Rocky Helmet\n|-damage|p2a: Corviknight|53\/100\n|move|p2a: Corviknight|U-turn|p1a: The Tumble\n|-damage|p1a: The Tumble|76\/100\n|\n|t:|1699978518\n|switch|p2a: Dragapult|Dragapult, F|100\/100|[from] U-turn\n|\n|-sideend|p1: RovaRed|move: Tailwind\n|upkeep\n|turn|5\n|\n|t:|1699978535\n|move|p2a: Dragapult|Shadow Ball|p1a: The Tumble\n|-supereffective|p1a: The Tumble\n|-damage|p1a: The Tumble|0 fnt\n|faint|p1a: The Tumble\n|\n|upkeep\n|\n|t:|1699978558\n|switch|p1a: Ron Moth|Iron Moth|100\/100\n|-enditem|p1a: Ron Moth|Booster Energy\n|-activate|p1a: Ron Moth|ability: Quark Drive|[fromitem]\n|-start|p1a: Ron Moth|quarkdrivespe\n|turn|6\n|\n|t:|1699978563\n|move|p1a: Ron Moth|Dazzling Gleam|p2a: Dragapult\n|-supereffective|p2a: Dragapult\n|-damage|p2a: Dragapult|22\/100\n|move|p2a: Dragapult|Shadow Ball|p1a: Ron Moth\n|-damage|p1a: Ron Moth|44\/100\n|-unboost|p1a: Ron Moth|spd|1\n|\n|upkeep\n|turn|7\n|\n|t:|1699978570\n|switch|p2a: Clodsire|Clodsire, M|100\/100\n|move|p1a: Ron Moth|Fiery Dance|p2a: Clodsire\n|-damage|p2a: Clodsire|78\/100\n|-boost|p1a: Ron Moth|spa|1\n|\n|-heal|p2a: Clodsire|84\/100|[from] item: Leftovers\n|upkeep\n|turn|8\n|\n|t:|1699978581\n|-end|p1a: Ron Moth|Quark Drive|[silent]\n|switch|p1a: Tuskathy|Great Tusk|100\/100\n|-enditem|p1a: Tuskathy|Booster Energy\n|-activate|p1a: Tuskathy|ability: Protosynthesis|[fromitem]\n|-start|p1a: Tuskathy|protosynthesisspe\n|move|p2a: Clodsire|Curse|p2a: Clodsire\n|-unboost|p2a: Clodsire|spe|1\n|-boost|p2a: Clodsire|atk|1\n|-boost|p2a: Clodsire|def|1\n|\n|-heal|p2a: Clodsire|90\/100|[from] item: Leftovers\n|upkeep\n|turn|9\n|\n|t:|1699978604\n|-terastallize|p2a: Clodsire|Water\n|move|p1a: Tuskathy|Headlong Rush|p2a: Clodsire\n|-damage|p2a: Clodsire|53\/100\n|-unboost|p1a: Tuskathy|def|1\n|-unboost|p1a: Tuskathy|spd|1\n|move|p2a: Clodsire|Curse|p2a: Clodsire\n|-unboost|p2a: Clodsire|spe|1\n|-boost|p2a: Clodsire|atk|1\n|-boost|p2a: Clodsire|def|1\n|\n|-heal|p2a: Clodsire|59\/100|[from] item: Leftovers\n|upkeep\n|turn|10\n|\n|t:|1699978613\n|-end|p1a: Tuskathy|Protosynthesis|[silent]\n|switch|p1a: Hookline|Rillaboom, F|100\/100\n|-fieldstart|move: Grassy Terrain|[from] ability: Grassy Surge|[of] p1a: Hookline\n|move|p2a: Clodsire|Recover|p2a: Clodsire\n|-heal|p2a: Clodsire|100\/100\n|\n|upkeep\n|turn|11\n|\n|t:|1699978626\n|move|p1a: Hookline|Grassy Glide|p2a: Clodsire\n|-supereffective|p2a: Clodsire\n|-damage|p2a: Clodsire|54\/100\n|move|p2a: Clodsire|Poison Jab|p1a: Hookline\n|-supereffective|p1a: Hookline\n|-damage|p1a: Hookline|16\/100\n|\n|-heal|p1a: Hookline|22\/100|[from] Grassy Terrain\n|-heal|p2a: Clodsire|60\/100|[from] Grassy Terrain\n|-heal|p2a: Clodsire|66\/100|[from] item: Leftovers\n|upkeep\n|turn|12\n|\n|t:|1699978632\n|move|p1a: Hookline|Grassy Glide|p2a: Clodsire\n|-supereffective|p2a: Clodsire\n|-damage|p2a: Clodsire|21\/100\n|move|p2a: Clodsire|Poison Jab|p1a: Hookline\n|-supereffective|p1a: Hookline\n|-damage|p1a: Hookline|0 fnt\n|faint|p1a: Hookline\n|\n|-heal|p2a: Clodsire|27\/100|[from] Grassy Terrain\n|-heal|p2a: Clodsire|34\/100|[from] item: Leftovers\n|upkeep\n|\n|t:|1699978637\n|switch|p1a: & Sinker|Sneasler, M|100\/100\n|-enditem|p1a: & Sinker|Grassy Seed\n|-boost|p1a: & Sinker|def|1|[from] item: Grassy Seed\n|turn|13\n|\n|t:|1699978639\n|move|p1a: & Sinker|Close Combat|p2a: Clodsire\n|-damage|p2a: Clodsire|0 fnt\n|-unboost|p1a: & Sinker|def|1\n|-unboost|p1a: & Sinker|spd|1\n|faint|p2a: Clodsire\n|\n|upkeep\n|\n|t:|1699978647\n|switch|p2a: Corviknight|Corviknight, M|53\/100\n|-ability|p2a: Corviknight|Pressure\n|turn|14\n|\n|t:|1699978674\n|-terastallize|p1a: & Sinker|Flying\n|move|p1a: & Sinker|Swords Dance|p1a: & Sinker\n|-boost|p1a: & Sinker|atk|2\n|move|p2a: Corviknight|Roost|p2a: Corviknight\n|-heal|p2a: Corviknight|100\/100\n|-singleturn|p2a: Corviknight|move: Roost\n|\n|upkeep\n|turn|15\n|\n|t:|1699978687\n|move|p1a: & Sinker|Swords Dance|p1a: & Sinker\n|-boost|p1a: & Sinker|atk|2\n|move|p2a: Corviknight|Brave Bird|p1a: & Sinker\n|-damage|p1a: & Sinker|38\/100\n|-damage|p2a: Corviknight|85\/100|[from] Recoil\n|\n|upkeep\n|turn|16\n|\n|t:|1699978696\n|move|p1a: & Sinker|Close Combat|p2a: Corviknight\n|-damage|p2a: Corviknight|0 fnt\n|-unboost|p1a: & Sinker|def|1\n|-unboost|p1a: & Sinker|spd|1\n|-damage|p1a: & Sinker|21\/100|[from] item: Rocky Helmet|[of] p2a: Corviknight\n|faint|p2a: Corviknight\n|\n|upkeep\n|\n|t:|1699978698\n|switch|p2a: Kingambit|Kingambit, F|100\/100\n|-activate|p2a: Kingambit|ability: Supreme Overlord\n|-start|p2a: Kingambit|fallen3|[silent]\n|turn|17\n|\n|t:|1699978715\n|move|p2a: Kingambit|Sucker Punch|p1a: & Sinker\n|-damage|p1a: & Sinker|0 fnt\n|faint|p1a: & Sinker\n|\n|-fieldend|move: Grassy Terrain\n|upkeep\n|inactive|Battle timer is ON: inactive players will automatically lose when time's up. (requested by Skafive)\n|inactive|RovaRed has 120 seconds left.\n|\n|t:|1699978745\n|switch|p1a: Ron Moth|Iron Moth|44\/100\n|turn|18\n|\n|t:|1699978752\n|move|p1a: Ron Moth|Fiery Dance|p2a: Kingambit\n|-supereffective|p2a: Kingambit\n|-crit|p2a: Kingambit\n|-damage|p2a: Kingambit|0 fnt\n|faint|p2a: Kingambit\n|-end|p2a: Kingambit|fallen3|[silent]\n|\n|upkeep\n|\n|t:|1699978756\n|switch|p2a: Dragapult|Dragapult, F|22\/100\n|turn|19\n|\n|t:|1699978760\n|move|p2a: Dragapult|Shadow Ball|p1a: Ron Moth\n|-damage|p1a: Ron Moth|0 fnt\n|faint|p1a: Ron Moth\n|-end|p1a: Ron Moth|Quark Drive|[silent]\n|\n|upkeep\n|\n|t:|1699978763\n|switch|p1a: Tuskathy|Great Tusk|100\/100\n|turn|20\n|\n|t:|1699978770\n|move|p2a: Dragapult|Shadow Ball|p1a: Tuskathy\n|-damage|p1a: Tuskathy|38\/100\n|-unboost|p1a: Tuskathy|spd|1\n|move|p1a: Tuskathy|Ice Spinner|p2a: Dragapult\n|-supereffective|p2a: Dragapult\n|-damage|p2a: Dragapult|0 fnt\n|faint|p2a: Dragapult\n|\n|upkeep\n|\n|t:|1699978773\n|switch|p2a: Garchomp|Garchomp, F|100\/100\n|turn|21\n|\n|t:|1699978780\n|move|p2a: Garchomp|Scale Shot|p1a: Tuskathy\n|-damage|p1a: Tuskathy|30\/100\n|-damage|p1a: Tuskathy|21\/100\n|-damage|p1a: Tuskathy|12\/100\n|-damage|p1a: Tuskathy|3\/100\n|-hitcount|p1a: Tuskathy|4\n|-unboost|p2a: Garchomp|def|1\n|-boost|p2a: Garchomp|spe|1\n|move|p1a: Tuskathy|Ice Spinner|p2a: Garchomp\n|-supereffective|p2a: Garchomp\n|-damage|p2a: Garchomp|0 fnt\n|-damage|p1a: Tuskathy|0 fnt|[from] ability: Rough Skin|[of] p2a: Garchomp\n|faint|p2a: Garchomp\n|faint|p1a: Tuskathy\n|-end|p1a: Tuskathy|Protosynthesis|[silent]\n|\n|win|RovaRed\n|raw|RovaRed's rating: 1465 &rarr; <strong>1483<\/strong><br \/>(+18 for winning)\n|raw|Skafive's rating: 1434 &rarr; <strong>1416<\/strong><br \/>(-18 for losing)\n|c|\u2606Skafive|gg\n|l|\u2606Skafive\n|c|\u2606RovaRed|gg\n","uploadtime":1699978800,"views":6,"p1id":"rovared","p2id":"skafive","formatid":"gen9ou","rating":1416,"private":0,"password":""}