{"id":"gen9ou-1993270551","p1":"AutistiCammel","p2":"tscher","format":"[Gen 9] OU","log":"|j|\u2606AutistiCammel\n|j|\u2606tscher\n|t:|1700287628\n|gametype|singles\n|player|p1|AutistiCammel|ghetsis|1111\n|player|p2|tscher|2|1225\n|teamsize|p1|6\n|teamsize|p2|6\n|gen|9\n|tier|[Gen 9] OU\n|rated|\n|rule|Sleep Clause Mod: Limit one foe put to sleep\n|rule|Species Clause: Limit one of each Pok\u00e9mon\n|rule|OHKO Clause: OHKO moves are banned\n|rule|Evasion Items Clause: Evasion items are banned\n|rule|Evasion Moves Clause: Evasion moves are banned\n|rule|Endless Battle Clause: Forcing endless battles is banned\n|rule|HP Percentage Mod: HP is shown in percentages\n|clearpoke\n|poke|p1|Dragapult, F|\n|poke|p1|Iron Moth|\n|poke|p1|Corviknight, F|\n|poke|p1|Kingambit, F|\n|poke|p1|Breloom, M|\n|poke|p1|Clodsire, F|\n|poke|p2|Scyther, M|\n|poke|p2|Kingambit, M|\n|poke|p2|Great Tusk|\n|poke|p2|Ogerpon-Wellspring, F|\n|poke|p2|Shiftry, M|\n|poke|p2|Crocalor, M|\n|teampreview\n|\n|t:|1700287643\n|start\n|switch|p1a: Clodsire|Clodsire, F|100\/100\n|switch|p2a: Great Tusk|Great Tusk|100\/100\n|-enditem|p2a: Great Tusk|Booster Energy\n|-activate|p2a: Great Tusk|ability: Protosynthesis|[fromitem]\n|-start|p2a: Great Tusk|protosynthesisspe\n|turn|1\n|\n|t:|1700287655\n|move|p2a: Great Tusk|Bulk Up|p2a: Great Tusk\n|-boost|p2a: Great Tusk|atk|1\n|-boost|p2a: Great Tusk|def|1\n|move|p1a: Clodsire|Toxic|p2a: Great Tusk\n|-status|p2a: Great Tusk|tox\n|\n|-damage|p2a: Great Tusk|94\/100 tox|[from] psn\n|upkeep\n|turn|2\n|\n|t:|1700287663\n|move|p2a: Great Tusk|Rapid Spin|p1a: Clodsire\n|-damage|p1a: Clodsire|85\/100\n|-boost|p2a: Great Tusk|spe|1\n|move|p1a: Clodsire|Spikes|p2a: Great Tusk\n|-sidestart|p2: tscher|Spikes\n|\n|-heal|p1a: Clodsire|91\/100|[from] item: Leftovers\n|-damage|p2a: Great Tusk|82\/100 tox|[from] psn\n|upkeep\n|turn|3\n|\n|t:|1700287673\n|switch|p1a: Dragapult|Dragapult, F|100\/100\n|move|p2a: Great Tusk|Headlong Rush|p1a: Dragapult\n|-damage|p1a: Dragapult|0 fnt\n|-unboost|p2a: Great Tusk|def|1\n|-unboost|p2a: Great Tusk|spd|1\n|faint|p1a: Dragapult\n|\n|-damage|p2a: Great Tusk|63\/100 tox|[from] psn\n|upkeep\n|\n|t:|1700287686\n|switch|p1a: Breloom|Breloom, M|100\/100\n|turn|4\n|\n|t:|1700287696\n|move|p2a: Great Tusk|Close Combat|p1a: Breloom\n|-damage|p1a: Breloom|0 fnt\n|-unboost|p2a: Great Tusk|def|1\n|-unboost|p2a: Great Tusk|spd|1\n|faint|p1a: Breloom\n|\n|-damage|p2a: Great Tusk|38\/100 tox|[from] psn\n|upkeep\n|\n|t:|1700287705\n|switch|p1a: Corviknight|Corviknight, F|100\/100\n|-ability|p1a: Corviknight|Pressure\n|turn|5\n|\n|t:|1700287710\n|move|p2a: Great Tusk|Rapid Spin|p1a: Corviknight\n|-resisted|p1a: Corviknight\n|-damage|p1a: Corviknight|94\/100\n|-boost|p2a: Great Tusk|spe|1\n|-sideend|p2: tscher|Spikes|[from] move: Rapid Spin|[of] p2a: Great Tusk\n|move|p1a: Corviknight|Body Press|p2a: Great Tusk\n|-damage|p2a: Great Tusk|13\/100 tox\n|\n|-heal|p1a: Corviknight|99\/100|[from] item: Leftovers\n|-damage|p2a: Great Tusk|0 fnt|[from] psn\n|faint|p2a: Great Tusk\n|-end|p2a: Great Tusk|Protosynthesis|[silent]\n|upkeep\n|\n|t:|1700287730\n|switch|p2a: Crocalor|Crocalor, M|100\/100\n|turn|6\n|\n|t:|1700287736\n|move|p1a: Corviknight|Brave Bird|p2a: Crocalor\n|-damage|p2a: Crocalor|76\/100\n|-damage|p1a: Corviknight|93\/100|[from] Recoil\n|move|p2a: Crocalor|Flamethrower|p1a: Corviknight\n|-supereffective|p1a: Corviknight\n|-damage|p1a: Corviknight|42\/100\n|-status|p1a: Corviknight|brn\n|\n|-heal|p1a: Corviknight|48\/100 brn|[from] item: Leftovers\n|-damage|p1a: Corviknight|42\/100 brn|[from] brn\n|upkeep\n|turn|7\n|\n|t:|1700287754\n|switch|p1a: Clodsire|Clodsire, F|91\/100\n|move|p2a: Crocalor|Slack Off|p2a: Crocalor\n|-heal|p2a: Crocalor|100\/100\n|\n|-heal|p1a: Clodsire|98\/100|[from] item: Leftovers\n|upkeep\n|turn|8\n|\n|t:|1700287766\n|switch|p2a: Shiftry|Shiftry, M|100\/100\n|move|p1a: Clodsire|Earthquake|p2a: Shiftry\n|-resisted|p2a: Shiftry\n|-damage|p2a: Shiftry|76\/100\n|\n|-heal|p1a: Clodsire|100\/100|[from] item: Leftovers\n|upkeep\n|turn|9\n|\n|t:|1700287779\n|switch|p1a: Corviknight|Corviknight, F|42\/100 brn\n|-ability|p1a: Corviknight|Pressure\n|move|p2a: Shiftry|Tailwind|p2a: Shiftry\n|-sidestart|p2: tscher|move: Tailwind\n|-ability|p2a: Shiftry|Wind Rider|boost\n|-boost|p2a: Shiftry|atk|1\n|\n|-heal|p1a: Corviknight|48\/100 brn|[from] item: Leftovers\n|-damage|p1a: Corviknight|42\/100 brn|[from] brn\n|upkeep\n|turn|10\n|\n|t:|1700287791\n|move|p2a: Shiftry|Knock Off|p1a: Corviknight\n|-damage|p1a: Corviknight|0 fnt\n|-enditem|p1a: Corviknight|Leftovers|[from] move: Knock Off|[of] p2a: Shiftry\n|faint|p1a: Corviknight\n|-damage|p2a: Shiftry|66\/100|[from] item: Life Orb\n|\n|upkeep\n|\n|t:|1700287800\n|switch|p1a: Kingambit|Kingambit, F|100\/100\n|-activate|p1a: Kingambit|ability: Supreme Overlord\n|-start|p1a: Kingambit|fallen3|[silent]\n|turn|11\n|\n|t:|1700287815\n|move|p2a: Shiftry|Brick Break|p1a: Kingambit\n|-supereffective|p1a: Kingambit\n|-damage|p1a: Kingambit|0 fnt\n|faint|p1a: Kingambit\n|-end|p1a: Kingambit|fallen3|[silent]\n|-damage|p2a: Shiftry|56\/100|[from] item: Life Orb\n|\n|upkeep\n|-message|AutistiCammel forfeited.\n|\n|win|tscher\n|raw|AutistiCammel's rating: 1111 &rarr; <strong>1094<\/strong><br \/>(-17 for losing)\n|raw|tscher's rating: 1225 &rarr; <strong>1242<\/strong><br \/>(+17 for winning)\n|l|\u2606AutistiCammel\n","uploadtime":1700287904,"views":10,"p1id":"autisticammel","p2id":"tscher","formatid":"gen9ou","rating":1094,"private":0,"password":""}