{"id":"gen9ou-1994729069","p1":"Blazke","p2":"VikontAlu","format":"[Gen 9] OU","log":"|j|\u2606Blazke\n|j|\u2606VikontAlu\n|t:|1700486562\n|gametype|singles\n|player|p1|Blazke|ethan|1194\n|player|p2|VikontAlu|169|1110\n|teamsize|p1|6\n|teamsize|p2|6\n|gen|9\n|tier|[Gen 9] OU\n|rated|\n|rule|Sleep Clause Mod: Limit one foe put to sleep\n|rule|Species Clause: Limit one of each Pok\u00e9mon\n|rule|OHKO Clause: OHKO moves are banned\n|rule|Evasion Items Clause: Evasion items are banned\n|rule|Evasion Moves Clause: Evasion moves are banned\n|rule|Endless Battle Clause: Forcing endless battles is banned\n|rule|HP Percentage Mod: HP is shown in percentages\n|clearpoke\n|poke|p1|Scizor, M|\n|poke|p1|Alomomola, F|\n|poke|p1|Samurott-Hisui, M|\n|poke|p1|Dragapult, F|\n|poke|p1|Great Tusk|\n|poke|p1|Manaphy|\n|poke|p2|Cinderace, F|\n|poke|p2|Garganacl, M|\n|poke|p2|Walking Wake|\n|poke|p2|Gholdengo|\n|poke|p2|Iron Valiant|\n|poke|p2|Zapdos|\n|teampreview\n|inactive|Battle timer is ON: inactive players will automatically lose when time's up. (requested by Blazke)\n|\n|t:|1700486609\n|start\n|switch|p1a: Manaphy|Manaphy|100\/100\n|switch|p2a: Gholdengo|Gholdengo|100\/100\n|turn|1\n|\n|t:|1700486638\n|switch|p2a: Zapdos|Zapdos|100\/100\n|move|p1a: Manaphy|Take Heart|p1a: Manaphy\n|-boost|p1a: Manaphy|spa|1\n|-boost|p1a: Manaphy|spd|1\n|\n|upkeep\n|turn|2\n|inactive|Blazke has 120 seconds left.\n|\n|t:|1700486655\n|move|p1a: Manaphy|Stored Power|p2a: Zapdos\n|-damage|p2a: Zapdos|82\/100\n|move|p2a: Zapdos|Thunder Wave|p1a: Manaphy|[miss]\n|-miss|p2a: Zapdos|p1a: Manaphy\n|\n|-heal|p2a: Zapdos|88\/100|[from] item: Leftovers\n|upkeep\n|turn|3\n|\n|t:|1700486667\n|switch|p1a: Alomomola|Alomomola, F|100\/100\n|move|p2a: Zapdos|Thunder Wave|p1a: Alomomola\n|-status|p1a: Alomomola|par\n|\n|-heal|p2a: Zapdos|95\/100|[from] item: Leftovers\n|upkeep\n|turn|4\n|\n|t:|1700486677\n|move|p2a: Zapdos|Discharge|p1a: Alomomola\n|-supereffective|p1a: Alomomola\n|-damage|p1a: Alomomola|24\/100 par\n|move|p1a: Alomomola|Wish|p1a: Alomomola\n|\n|-heal|p2a: Zapdos|100\/100|[from] item: Leftovers\n|upkeep\n|turn|5\n|\n|t:|1700486687\n|move|p1a: Alomomola|Protect|p1a: Alomomola\n|-singleturn|p1a: Alomomola|Protect\n|move|p2a: Zapdos|Discharge|p1a: Alomomola\n|-activate|p1a: Alomomola|move: Protect\n|\n|-heal|p1a: Alomomola|74\/100 par|[from] move: Wish|[wisher] Alomomola\n|upkeep\n|turn|6\n|\n|t:|1700486695\n|switch|p1a: Dragapult|Dragapult, F|100\/100\n|move|p2a: Zapdos|Discharge|p1a: Dragapult\n|-resisted|p1a: Dragapult\n|-damage|p1a: Dragapult|80\/100\n|\n|upkeep\n|turn|7\n|\n|t:|1700486711\n|switch|p2a: Gholdengo|Gholdengo|100\/100\n|move|p1a: Dragapult|Draco Meteor|p2a: Gholdengo\n|-resisted|p2a: Gholdengo\n|-crit|p2a: Gholdengo\n|-damage|p2a: Gholdengo|20\/100\n|-unboost|p1a: Dragapult|spa|2\n|\n|upkeep\n|turn|8\n|\n|t:|1700486736\n|switch|p1a: Alomomola|Alomomola, F|100\/100 par\n|move|p2a: Gholdengo|Dazzling Gleam|p1a: Alomomola\n|-damage|p1a: Alomomola|66\/100 par\n|\n|upkeep\n|turn|9\n|\n|t:|1700486744\n|switch|p2a: Zapdos|Zapdos|100\/100\n|move|p1a: Alomomola|Flip Turn|p2a: Zapdos\n|-damage|p2a: Zapdos|87\/100\n|\n|t:|1700486753\n|switch|p1a: Samurott|Samurott-Hisui, M|100\/100|[from] Flip Turn\n|\n|-heal|p2a: Zapdos|94\/100|[from] item: Leftovers\n|upkeep\n|turn|10\n|\n|t:|1700486762\n|-terastallize|p1a: Samurott|Ghost\n|move|p1a: Samurott|Ceaseless Edge|p2a: Zapdos\n|-damage|p2a: Zapdos|56\/100\n|-status|p1a: Samurott|par|[from] ability: Static|[of] p2a: Zapdos\n|-sidestart|p2: VikontAlu|Spikes\n|move|p2a: Zapdos|Thunder Wave|p1a: Samurott\n|-fail|p1a: Samurott|par\n|\n|-heal|p2a: Zapdos|63\/100|[from] item: Leftovers\n|upkeep\n|turn|11\n|inactive|VikontAlu has 120 seconds left.\n|\n|t:|1700486793\n|switch|p2a: Gholdengo|Gholdengo|20\/100\n|-damage|p2a: Gholdengo|8\/100|[from] Spikes\n|move|p1a: Samurott|Ceaseless Edge|p2a: Gholdengo\n|-supereffective|p2a: Gholdengo\n|-damage|p2a: Gholdengo|0 fnt\n|-sidestart|p2: VikontAlu|Spikes\n|faint|p2a: Gholdengo\n|\n|upkeep\n|inactive|VikontAlu has 120 seconds left.\n|\n|t:|1700486805\n|switch|p2a: Cinderace|Cinderace, F|100\/100\n|turn|12\n|\n|t:|1700486812\n|move|p2a: Cinderace|Court Change|p2a: Cinderace\n|-swapsideconditions\n|-activate|p2a: Cinderace|move: Court Change\n|cant|p1a: Samurott|par\n|\n|upkeep\n|turn|13\n|\n|t:|1700486819\n|move|p2a: Cinderace|Sucker Punch|p1a: Samurott\n|-supereffective|p1a: Samurott\n|-damage|p1a: Samurott|43\/100 par\n|move|p1a: Samurott|Ceaseless Edge|p2a: Cinderace\n|-damage|p2a: Cinderace|36\/100\n|-sidestart|p2: VikontAlu|Spikes\n|\n|upkeep\n|turn|14\n|\n|t:|1700486833\n|move|p1a: Samurott|Aqua Jet|p2a: Cinderace\n|-supereffective|p2a: Cinderace\n|-damage|p2a: Cinderace|0 fnt\n|faint|p2a: Cinderace\n|\n|upkeep\n|\n|t:|1700486843\n|switch|p2a: Iron Valiant|Iron Valiant|100\/100\n|-damage|p2a: Iron Valiant|88\/100|[from] Spikes\n|-enditem|p2a: Iron Valiant|Booster Energy\n|-activate|p2a: Iron Valiant|ability: Quark Drive|[fromitem]\n|-start|p2a: Iron Valiant|quarkdrivespe\n|turn|15\n|\n|t:|1700486854\n|move|p1a: Samurott|Aqua Jet|p2a: Iron Valiant\n|-damage|p2a: Iron Valiant|65\/100\n|move|p2a: Iron Valiant|Moonblast|p1a: Samurott\n|-damage|p1a: Samurott|0 fnt\n|faint|p1a: Samurott\n|\n|upkeep\n|\n|t:|1700486863\n|switch|p1a: Dragapult|Dragapult, F|80\/100\n|-damage|p1a: Dragapult|63\/100|[from] Spikes\n|turn|16\n|\n|t:|1700486877\n|move|p2a: Iron Valiant|Moonblast|p1a: Dragapult\n|-supereffective|p1a: Dragapult\n|-damage|p1a: Dragapult|0 fnt\n|faint|p1a: Dragapult\n|\n|upkeep\n|\n|t:|1700486886\n|switch|p1a: Scizor|Scizor, M|100\/100\n|-damage|p1a: Scizor|84\/100|[from] Spikes\n|turn|17\n|\n|t:|1700486903\n|move|p1a: Scizor|Bullet Punch|p2a: Iron Valiant\n|-supereffective|p2a: Iron Valiant\n|-damage|p2a: Iron Valiant|0 fnt\n|faint|p2a: Iron Valiant\n|-end|p2a: Iron Valiant|Quark Drive|[silent]\n|-damage|p1a: Scizor|74\/100|[from] item: Life Orb\n|\n|upkeep\n|\n|t:|1700486911\n|switch|p2a: Walking Wake|Walking Wake|100\/100\n|-damage|p2a: Walking Wake|88\/100|[from] Spikes\n|-enditem|p2a: Walking Wake|Booster Energy\n|-activate|p2a: Walking Wake|ability: Protosynthesis|[fromitem]\n|-start|p2a: Walking Wake|protosynthesisspa\n|turn|18\n|\n|t:|1700486917\n|move|p1a: Scizor|Bullet Punch|p2a: Walking Wake\n|-resisted|p2a: Walking Wake\n|-damage|p2a: Walking Wake|65\/100\n|-damage|p1a: Scizor|64\/100|[from] item: Life Orb\n|move|p2a: Walking Wake|Flamethrower|p1a: Scizor\n|-supereffective|p1a: Scizor\n|-damage|p1a: Scizor|0 fnt\n|faint|p1a: Scizor\n|\n|upkeep\n|\n|t:|1700486928\n|switch|p1a: Manaphy|Manaphy|100\/100\n|-damage|p1a: Manaphy|84\/100|[from] Spikes\n|turn|19\n|\n|t:|1700486933\n|-end|p2a: Walking Wake|Protosynthesis|[silent]\n|switch|p2a: Zapdos|Zapdos|63\/100\n|move|p1a: Manaphy|Take Heart|p1a: Manaphy\n|-boost|p1a: Manaphy|spa|1\n|-boost|p1a: Manaphy|spd|1\n|\n|-heal|p1a: Manaphy|90\/100|[from] item: Leftovers\n|-heal|p2a: Zapdos|69\/100|[from] item: Leftovers\n|upkeep\n|turn|20\n|\n|t:|1700486941\n|switch|p1a: Great Tusk|Great Tusk|100\/100\n|-damage|p1a: Great Tusk|84\/100|[from] Spikes\n|-enditem|p1a: Great Tusk|Booster Energy\n|-activate|p1a: Great Tusk|ability: Protosynthesis|[fromitem]\n|-start|p1a: Great Tusk|protosynthesisspe\n|move|p2a: Zapdos|Discharge|p1a: Great Tusk\n|-immune|p1a: Great Tusk\n|\n|-heal|p2a: Zapdos|75\/100|[from] item: Leftovers\n|upkeep\n|turn|21\n|\n|t:|1700486958\n|switch|p2a: Garganacl|Garganacl, M, shiny|100\/100\n|-damage|p2a: Garganacl|88\/100|[from] Spikes\n|move|p1a: Great Tusk|Bulk Up|p1a: Great Tusk\n|-boost|p1a: Great Tusk|atk|1\n|-boost|p1a: Great Tusk|def|1\n|\n|-heal|p2a: Garganacl|94\/100|[from] item: Leftovers\n|upkeep\n|turn|22\n|\n|t:|1700486967\n|-terastallize|p2a: Garganacl|Ghost\n|move|p1a: Great Tusk|Close Combat|p2a: Garganacl\n|-immune|p2a: Garganacl\n|move|p2a: Garganacl|Salt Cure|p1a: Great Tusk\n|-resisted|p1a: Great Tusk\n|-damage|p1a: Great Tusk|83\/100\n|-start|p1a: Great Tusk|Salt Cure\n|\n|-heal|p2a: Garganacl|100\/100|[from] item: Leftovers\n|-damage|p1a: Great Tusk|70\/100|[from] Salt Cure\n|upkeep\n|turn|23\n|\n|t:|1700486977\n|move|p1a: Great Tusk|Headlong Rush|p2a: Garganacl\n|-damage|p2a: Garganacl|51\/100\n|-unboost|p1a: Great Tusk|def|1\n|-unboost|p1a: Great Tusk|spd|1\n|move|p2a: Garganacl|Iron Defense|p2a: Garganacl\n|-boost|p2a: Garganacl|def|2\n|\n|-heal|p2a: Garganacl|57\/100|[from] item: Leftovers\n|-damage|p1a: Great Tusk|58\/100|[from] Salt Cure\n|upkeep\n|turn|24\n|\n|t:|1700486987\n|move|p1a: Great Tusk|Headlong Rush|p2a: Garganacl\n|-damage|p2a: Garganacl|33\/100\n|-unboost|p1a: Great Tusk|def|1\n|-unboost|p1a: Great Tusk|spd|1\n|move|p2a: Garganacl|Iron Defense|p2a: Garganacl\n|-boost|p2a: Garganacl|def|2\n|\n|-heal|p2a: Garganacl|39\/100|[from] item: Leftovers\n|-damage|p1a: Great Tusk|45\/100|[from] Salt Cure\n|upkeep\n|turn|25\n|\n|t:|1700486997\n|move|p1a: Great Tusk|Headlong Rush|p2a: Garganacl\n|-damage|p2a: Garganacl|21\/100\n|-unboost|p1a: Great Tusk|def|1\n|-unboost|p1a: Great Tusk|spd|1\n|move|p2a: Garganacl|Recover|p2a: Garganacl\n|-heal|p2a: Garganacl|71\/100\n|\n|-heal|p2a: Garganacl|77\/100|[from] item: Leftovers\n|-damage|p1a: Great Tusk|33\/100|[from] Salt Cure\n|upkeep\n|turn|26\n|\n|t:|1700487007\n|move|p1a: Great Tusk|Bulk Up|p1a: Great Tusk\n|-boost|p1a: Great Tusk|atk|1\n|-boost|p1a: Great Tusk|def|1\n|move|p2a: Garganacl|Iron Defense|p2a: Garganacl\n|-boost|p2a: Garganacl|def|2\n|\n|-heal|p2a: Garganacl|83\/100|[from] item: Leftovers\n|-damage|p1a: Great Tusk|20\/100|[from] Salt Cure\n|upkeep\n|turn|27\n|\n|t:|1700487015\n|move|p2a: Garganacl|Protect|p2a: Garganacl\n|-singleturn|p2a: Garganacl|Protect\n|move|p1a: Great Tusk|Bulk Up|p1a: Great Tusk\n|-boost|p1a: Great Tusk|atk|1\n|-boost|p1a: Great Tusk|def|1\n|\n|-heal|p2a: Garganacl|90\/100|[from] item: Leftovers\n|-damage|p1a: Great Tusk|8\/100|[from] Salt Cure\n|upkeep\n|turn|28\n|\n|t:|1700487024\n|move|p1a: Great Tusk|Headlong Rush|p2a: Garganacl\n|-damage|p2a: Garganacl|66\/100\n|-unboost|p1a: Great Tusk|def|1\n|-unboost|p1a: Great Tusk|spd|1\n|move|p2a: Garganacl|Recover|p2a: Garganacl\n|-heal|p2a: Garganacl|100\/100\n|\n|-damage|p1a: Great Tusk|0 fnt|[from] Salt Cure\n|faint|p1a: Great Tusk\n|-end|p1a: Great Tusk|Protosynthesis|[silent]\n|upkeep\n|\n|t:|1700487029\n|switch|p1a: Manaphy|Manaphy|90\/100\n|-damage|p1a: Manaphy|74\/100|[from] Spikes\n|turn|29\n|\n|t:|1700487038\n|move|p1a: Manaphy|Take Heart|p1a: Manaphy\n|-boost|p1a: Manaphy|spa|1\n|-boost|p1a: Manaphy|spd|1\n|move|p2a: Garganacl|Salt Cure|p1a: Manaphy\n|-damage|p1a: Manaphy|65\/100\n|-start|p1a: Manaphy|Salt Cure\n|\n|-heal|p1a: Manaphy|71\/100|[from] item: Leftovers\n|-damage|p1a: Manaphy|46\/100|[from] Salt Cure\n|upkeep\n|turn|30\n|\n|t:|1700487047\n|move|p2a: Garganacl|Protect|p2a: Garganacl\n|-singleturn|p2a: Garganacl|Protect\n|move|p1a: Manaphy|Stored Power|p2a: Garganacl\n|-activate|p2a: Garganacl|move: Protect\n|\n|-heal|p1a: Manaphy|52\/100|[from] item: Leftovers\n|-damage|p1a: Manaphy|27\/100|[from] Salt Cure\n|upkeep\n|turn|31\n|\n|t:|1700487056\n|switch|p2a: Zapdos|Zapdos|75\/100\n|move|p1a: Manaphy|Scald|p2a: Zapdos\n|-damage|p2a: Zapdos|38\/100\n|-status|p2a: Zapdos|brn\n|\n|-heal|p1a: Manaphy|33\/100|[from] item: Leftovers\n|-heal|p2a: Zapdos|44\/100 brn|[from] item: Leftovers\n|-damage|p2a: Zapdos|38\/100 brn|[from] brn\n|-damage|p1a: Manaphy|8\/100|[from] Salt Cure\n|upkeep\n|turn|32\n|l|\u2606Blazke\n|inactive|Blazke disconnected and has a minute to reconnect!\n|player|p1|\n|inactive|Blazke has 30 seconds to reconnect!\n|j|\u2606Blazke\n|inactive|Blazke reconnected and has 100 seconds left.\n|player|p1|Blazke|ethan\n|\n|t:|1700487110\n|move|p1a: Manaphy|Scald|p2a: Zapdos\n|-damage|p2a: Zapdos|3\/100 brn\n|move|p2a: Zapdos|Roost|p2a: Zapdos\n|-heal|p2a: Zapdos|53\/100 brn\n|-singleturn|p2a: Zapdos|move: Roost\n|\n|-heal|p1a: Manaphy|14\/100|[from] item: Leftovers\n|-heal|p2a: Zapdos|60\/100 brn|[from] item: Leftovers\n|-damage|p2a: Zapdos|53\/100 brn|[from] brn\n|-damage|p1a: Manaphy|0 fnt|[from] Salt Cure\n|faint|p1a: Manaphy\n|upkeep\n|\n|t:|1700487115\n|switch|p1a: Alomomola|Alomomola, F|99\/100 par\n|turn|33\n|\n|t:|1700487130\n|move|p2a: Zapdos|Roost|p2a: Zapdos\n|-heal|p2a: Zapdos|100\/100 brn\n|-singleturn|p2a: Zapdos|move: Roost\n|move|p1a: Alomomola|Wish|p1a: Alomomola\n|\n|-damage|p2a: Zapdos|94\/100 brn|[from] brn\n|upkeep\n|turn|34\n|\n|t:|1700487141\n|move|p2a: Zapdos|Discharge|p1a: Alomomola\n|-supereffective|p1a: Alomomola\n|-damage|p1a: Alomomola|23\/100 par\n|move|p1a: Alomomola|Scald|p2a: Zapdos\n|-damage|p2a: Zapdos|81\/100 brn\n|\n|-heal|p1a: Alomomola|73\/100 par|[from] move: Wish|[wisher] Alomomola\n|-heal|p2a: Zapdos|87\/100 brn|[from] item: Leftovers\n|-damage|p2a: Zapdos|81\/100 brn|[from] brn\n|upkeep\n|turn|35\n|\n|t:|1700487152\n|move|p2a: Zapdos|Discharge|p1a: Alomomola\n|-supereffective|p1a: Alomomola\n|-damage|p1a: Alomomola|0 fnt\n|faint|p1a: Alomomola\n|\n|win|VikontAlu\n|raw|Blazke's rating: 1194 &rarr; <strong>1163<\/strong><br \/>(-31 for losing)\n|raw|VikontAlu's rating: 1110 &rarr; <strong>1141<\/strong><br \/>(+31 for winning)\n|l|\u2606Blazke\n","uploadtime":1700487165,"views":7,"p1id":"blazke","p2id":"vikontalu","formatid":"gen9ou","rating":1141,"private":0,"password":""}