{"id":"gen9ou-1989444192","p1":"KalosKonqueror","p2":"snipercat1307","format":"[Gen 9] OU","log":"|j|\u203dKalosKonqueror\n|j|\u2606snipercat1307\n|t:|1699851361\n|gametype|singles\n|player|p1|KalosKonqueror|iris-gen5bw2|1389\n|player|p2|snipercat1307|dawn|1498\n|teamsize|p1|6\n|teamsize|p2|6\n|gen|9\n|tier|[Gen 9] OU\n|rated|\n|rule|Sleep Clause Mod: Limit one foe put to sleep\n|rule|Species Clause: Limit one of each Pok\u00e9mon\n|rule|OHKO Clause: OHKO moves are banned\n|rule|Evasion Items Clause: Evasion items are banned\n|rule|Evasion Moves Clause: Evasion moves are banned\n|rule|Endless Battle Clause: Forcing endless battles is banned\n|rule|HP Percentage Mod: HP is shown in percentages\n|clearpoke\n|poke|p1|Zapdos|\n|poke|p1|Slowking-Galar, F|\n|poke|p1|Dragapult, F|\n|poke|p1|Great Tusk|\n|poke|p1|Cinderace, F|\n|poke|p1|Thundurus-Therian, M|\n|poke|p2|Jolteon, M|\n|poke|p2|Arcanine, M|\n|poke|p2|Scizor, M|\n|poke|p2|Gyarados, M|\n|poke|p2|Corviknight, M|\n|poke|p2|Mew|\n|teampreview\n|\n|t:|1699851397\n|start\n|switch|p1a: Thundurus|Thundurus-Therian, M|100\/100\n|switch|p2a: Gyarados|Gyarados, M|100\/100\n|turn|1\n|\n|t:|1699851408\n|switch|p2a: Jolteon|Jolteon, M|100\/100\n|move|p1a: Thundurus|Volt Switch|p2a: Jolteon\n|-immune|p2a: Jolteon|[from] ability: Volt Absorb\n|\n|upkeep\n|turn|2\n|\n|t:|1699851414\n|switch|p1a: Slowking|Slowking-Galar, F|100\/100\n|move|p2a: Jolteon|Hyper Voice|p1a: Slowking\n|-damage|p1a: Slowking|75\/100\n|\n|upkeep\n|turn|3\n|\n|t:|1699851423\n|switch|p2a: Corviknight|Corviknight, M|100\/100\n|move|p1a: Slowking|Future Sight|p2a: Corviknight\n|-start|p1a: Slowking|move: Future Sight\n|\n|upkeep\n|turn|4\n|\n|t:|1699851433\n|move|p2a: Corviknight|U-turn|p1a: Slowking\n|-crit|p1a: Slowking\n|-damage|p1a: Slowking|55\/100\n|\n|t:|1699851436\n|switch|p2a: Scizor|Scizor, M|100\/100|[from] U-turn\n|move|p1a: Slowking|Chilly Reception|p1a: Slowking\n|-weather|Snow\n|\n|t:|1699851448\n|switch|p1a: Cinderace|Cinderace, F|100\/100|[from] Chilly Reception\n|\n|-weather|Snow|[upkeep]\n|upkeep\n|turn|5\n|\n|t:|1699851460\n|switch|p2a: Arcanine|Arcanine, M|100\/100\n|move|p1a: Cinderace|Pyro Ball|p2a: Arcanine\n|-start|p2a: Arcanine|ability: Flash Fire\n|\n|-weather|Snow|[upkeep]\n|-end|p2a: Arcanine|move: Future Sight\n|-damage|p2a: Arcanine|48\/100\n|upkeep\n|turn|6\n|\n|t:|1699851470\n|move|p1a: Cinderace|U-turn|p2a: Arcanine\n|-start|p1a: Cinderace|typechange|Bug|[from] ability: Libero\n|-resisted|p2a: Arcanine\n|-damage|p2a: Arcanine|27\/100\n|\n|t:|1699851476\n|switch|p1a: Great Tusk|Great Tusk|100\/100|[from] U-turn\n|move|p2a: Arcanine|Flare Blitz|p1a: Great Tusk\n|-damage|p1a: Great Tusk|42\/100\n|-damage|p2a: Arcanine|1\/100|[from] Recoil\n|\n|-weather|Snow|[upkeep]\n|-heal|p1a: Great Tusk|48\/100|[from] item: Leftovers\n|upkeep\n|turn|7\n|\n|t:|1699851484\n|move|p2a: Arcanine|Flare Blitz|p1a: Great Tusk\n|-damage|p1a: Great Tusk|0 fnt\n|faint|p1a: Great Tusk\n|-end|p1a: Great Tusk|Protosynthesis|[silent]\n|-damage|p2a: Arcanine|0 fnt|[from] Recoil\n|faint|p2a: Arcanine\n|\n|-weather|Snow|[upkeep]\n|upkeep\n|\n|t:|1699851507\n|switch|p2a: Jolteon|Jolteon, M|100\/100\n|switch|p1a: Thundurus|Thundurus-Therian, M|100\/100\n|turn|8\n|\n|t:|1699851516\n|switch|p1a: Slowking|Slowking-Galar, F|88\/100\n|move|p2a: Jolteon|Shadow Ball|p1a: Slowking\n|-supereffective|p1a: Slowking\n|-damage|p1a: Slowking|44\/100\n|\n|-weather|none\n|upkeep\n|turn|9\n|\n|t:|1699851534\n|switch|p1a: Cinderace|Cinderace, F|100\/100\n|move|p2a: Jolteon|Shadow Ball|p1a: Cinderace\n|-damage|p1a: Cinderace|52\/100\n|\n|upkeep\n|turn|10\n|\n|t:|1699851544\n|move|p2a: Jolteon|Shadow Ball|p1a: Cinderace\n|-damage|p1a: Cinderace|0 fnt\n|faint|p1a: Cinderace\n|\n|upkeep\n|\n|t:|1699851549\n|switch|p1a: Dragapult|Dragapult, F|100\/100\n|turn|11\n|\n|t:|1699851553\n|move|p1a: Dragapult|Dragon Darts|p2a: Jolteon\n|-damage|p2a: Jolteon|36\/100\n|-anim|p1a: Dragapult|Dragon Darts|p2a: Jolteon\n|-crit|p2a: Jolteon\n|-damage|p2a: Jolteon|0 fnt\n|faint|p2a: Jolteon\n|\n|upkeep\n|\n|t:|1699851569\n|switch|p2a: Corviknight|Corviknight, M|100\/100\n|turn|12\n|\n|t:|1699851574\n|switch|p1a: Thundurus|Thundurus-Therian, M|100\/100\n|move|p2a: Corviknight|U-turn|p1a: Thundurus\n|-resisted|p1a: Thundurus\n|-damage|p1a: Thundurus|90\/100\n|\n|t:|1699851598\n|switch|p2a: Scizor|Scizor, M|100\/100|[from] U-turn\n|\n|upkeep\n|turn|13\n|\n|t:|1699851616\n|move|p1a: Thundurus|Volt Switch|p2a: Scizor\n|-damage|p2a: Scizor|12\/100\n|\n|t:|1699851619\n|switch|p1a: Zapdos|Zapdos|100\/100|[from] Volt Switch\n|move|p2a: Scizor|Knock Off|p1a: Zapdos\n|-damage|p1a: Zapdos|50\/100\n|-status|p2a: Scizor|par|[from] ability: Static|[of] p1a: Zapdos\n|-enditem|p1a: Zapdos|Heavy-Duty Boots|[from] move: Knock Off|[of] p2a: Scizor\n|\n|upkeep\n|turn|14\n|\n|t:|1699851631\n|move|p1a: Zapdos|Volt Switch|p2a: Scizor\n|-damage|p2a: Scizor|0 fnt\n|faint|p2a: Scizor\n|\n|t:|1699851634\n|switch|p1a: Thundurus|Thundurus-Therian, M|90\/100|[from] Volt Switch\n|\n|upkeep\n|\n|t:|1699851653\n|switch|p2a: Gyarados|Gyarados, M|100\/100\n|turn|15\n|\n|t:|1699851661\n|-terastallize|p2a: Gyarados|Ground\n|move|p1a: Thundurus|Volt Switch|p2a: Gyarados\n|-immune|p2a: Gyarados\n|move|p2a: Gyarados|Dragon Dance|p2a: Gyarados\n|-boost|p2a: Gyarados|atk|1\n|-boost|p2a: Gyarados|spe|1\n|\n|upkeep\n|turn|16\n|\n|t:|1699851669\n|switch|p1a: Zapdos|Zapdos|50\/100\n|move|p2a: Gyarados|Dragon Dance|p2a: Gyarados\n|-boost|p2a: Gyarados|atk|1\n|-boost|p2a: Gyarados|spe|1\n|\n|upkeep\n|turn|17\n|\n|t:|1699851680\n|move|p2a: Gyarados|Waterfall|p1a: Zapdos\n|-damage|p1a: Zapdos|0 fnt\n|faint|p1a: Zapdos\n|-ability|p2a: Gyarados|Moxie|boost\n|-boost|p2a: Gyarados|atk|1\n|\n|upkeep\n|\n|t:|1699851685\n|switch|p1a: Dragapult|Dragapult, F|100\/100\n|turn|18\n|\n|t:|1699851694\n|move|p1a: Dragapult|Sucker Punch|p2a: Gyarados\n|-damage|p2a: Gyarados|58\/100\n|move|p2a: Gyarados|Ice Fang|p1a: Dragapult\n|-supereffective|p1a: Dragapult\n|-damage|p1a: Dragapult|0 fnt\n|faint|p1a: Dragapult\n|-ability|p2a: Gyarados|Moxie|boost\n|-boost|p2a: Gyarados|atk|1\n|\n|upkeep\n|\n|t:|1699851700\n|switch|p1a: Thundurus|Thundurus-Therian, M|90\/100\n|turn|19\n|\n|t:|1699851708\n|move|p2a: Gyarados|Waterfall|p1a: Thundurus\n|-damage|p1a: Thundurus|0 fnt\n|faint|p1a: Thundurus\n|-ability|p2a: Gyarados|Moxie|boost\n|-boost|p2a: Gyarados|atk|1\n|\n|upkeep\n|-message|KalosKonqueror forfeited.\n|\n|win|snipercat1307\n|raw|KalosKonqueror's rating: 1389 &rarr; <strong>1375<\/strong><br \/>(-14 for losing)\n|raw|snipercat1307's rating: 1498 &rarr; <strong>1512<\/strong><br \/>(+14 for winning)\n|l|\u203dKalosKonqueror\n","uploadtime":1699851864,"views":8,"p1id":"kaloskonqueror","p2id":"snipercat1307","formatid":"gen9ou","rating":1375,"private":0,"password":""}