{"id":"gen9ou-1990599952","p1":"maralli","p2":"Neezyguy","format":"[Gen 9] OU","log":"|j|\u2606maralli\n|j|\u2606Neezyguy\n|t:|1699984688\n|gametype|singles\n|player|p1|maralli|265|1120\n|player|p2|Neezyguy|red|1214\n|teamsize|p1|6\n|teamsize|p2|6\n|gen|9\n|tier|[Gen 9] OU\n|rated|\n|rule|Sleep Clause Mod: Limit one foe put to sleep\n|rule|Species Clause: Limit one of each Pok\u00e9mon\n|rule|OHKO Clause: OHKO moves are banned\n|rule|Evasion Items Clause: Evasion items are banned\n|rule|Evasion Moves Clause: Evasion moves are banned\n|rule|Endless Battle Clause: Forcing endless battles is banned\n|rule|HP Percentage Mod: HP is shown in percentages\n|clearpoke\n|poke|p1|Dragapult, M|\n|poke|p1|Hatterene, F|\n|poke|p1|Ogerpon-Cornerstone, F|\n|poke|p1|Weezing-Galar, F|\n|poke|p1|Magnezone|\n|poke|p1|Landorus-Therian, M|\n|poke|p2|Toxapex, F|\n|poke|p2|Meowscarada, F|\n|poke|p2|Iron Treads|\n|poke|p2|Iron Moth|\n|poke|p2|Dragapult, M|\n|poke|p2|Quaquaval, M|\n|teampreview\n|inactive|Battle timer is ON: inactive players will automatically lose when time's up. (requested by Neezyguy)\n|\n|t:|1699984708\n|start\n|switch|p1a: Dragapult|Dragapult, M|100\/100\n|switch|p2a: Iron Treads|Iron Treads, shiny|100\/100\n|turn|1\n|inactive|maralli has 120 seconds left.\n|\n|t:|1699984745\n|-end|p2a: Iron Treads|Quark Drive|[silent]\n|switch|p2a: Toxapex|Toxapex, F, shiny|100\/100\n|move|p1a: Dragapult|U-turn|p2a: Toxapex\n|-resisted|p2a: Toxapex\n|-damage|p2a: Toxapex|93\/100\n|\n|t:|1699984753\n|switch|p1a: Magnezone|Magnezone|100\/100|[from] U-turn\n|\n|-heal|p2a: Toxapex|99\/100|[from] item: Black Sludge\n|upkeep\n|turn|2\n|inactive|maralli has 120 seconds left.\n|\n|t:|1699984762\n|-terastallize|p1a: Magnezone|Fighting\n|move|p2a: Toxapex|Baneful Bunker|p2a: Toxapex\n|-singleturn|p2a: Toxapex|move: Protect\n|move|p1a: Magnezone|Tera Blast|p2a: Toxapex|[anim] Tera Blast Fighting\n|-activate|p2a: Toxapex|move: Protect\n|\n|-heal|p2a: Toxapex|100\/100|[from] item: Black Sludge\n|upkeep\n|turn|3\n|\n|t:|1699984773\n|switch|p1a: Hatterene|Hatterene, F|100\/100\n|move|p2a: Toxapex|Toxic|p1a: Hatterene\n|move|p1a: Hatterene|Toxic|p2a: Toxapex|[from]ability: Magic Bounce|[miss]\n|-miss|p1a: Hatterene|p2a: Toxapex\n|\n|upkeep\n|turn|4\n|\n|t:|1699984779\n|move|p2a: Toxapex|Baneful Bunker|p2a: Toxapex\n|-singleturn|p2a: Toxapex|move: Protect\n|move|p1a: Hatterene|Mystical Fire|p2a: Toxapex\n|-activate|p2a: Toxapex|move: Protect\n|\n|upkeep\n|turn|5\n|\n|t:|1699984787\n|move|p1a: Hatterene|Nuzzle|p2a: Toxapex\n|-supereffective|p2a: Toxapex\n|-damage|p2a: Toxapex|95\/100\n|-status|p2a: Toxapex|par\n|move|p2a: Toxapex|Gunk Shot|p1a: Hatterene\n|-supereffective|p1a: Hatterene\n|-damage|p1a: Hatterene|53\/100\n|-enditem|p1a: Hatterene|Eject Button\n|\n|t:|1699984794\n|switch|p1a: Ogerpon|Ogerpon-Cornerstone, F|100\/100\n|\n|-heal|p2a: Toxapex|100\/100 par|[from] item: Black Sludge\n|upkeep\n|turn|6\n|\n|t:|1699984801\n|move|p1a: Ogerpon|Spikes|p2a: Toxapex\n|-sidestart|p2: Neezyguy|Spikes\n|move|p2a: Toxapex|Toxic|p1a: Ogerpon\n|-status|p1a: Ogerpon|tox\n|\n|-damage|p1a: Ogerpon|95\/100 tox|[from] psn\n|upkeep\n|turn|7\n|\n|t:|1699984815\n|switch|p2a: Iron Treads|Iron Treads, shiny|100\/100\n|move|p1a: Ogerpon|Spikes|p2a: Iron Treads\n|-sidestart|p2: Neezyguy|Spikes\n|\n|-damage|p1a: Ogerpon|83\/100 tox|[from] psn\n|upkeep\n|turn|8\n|\n|t:|1699984830\n|switch|p1a: Dragapult|Dragapult, M|100\/100\n|move|p2a: Iron Treads|Rapid Spin|p1a: Dragapult\n|-immune|p1a: Dragapult\n|\n|upkeep\n|turn|9\n|\n|t:|1699984841\n|move|p1a: Dragapult|Hydro Pump|p2a: Iron Treads\n|-supereffective|p2a: Iron Treads\n|-damage|p2a: Iron Treads|24\/100\n|move|p2a: Iron Treads|Rock Slide|p1a: Dragapult\n|-damage|p1a: Dragapult|66\/100\n|\n|upkeep\n|turn|10\n|\n|t:|1699984852\n|-end|p2a: Iron Treads|Quark Drive|[silent]\n|switch|p2a: Toxapex|Toxapex, F, shiny|100\/100 par\n|-damage|p2a: Toxapex|84\/100 par|[from] Spikes\n|move|p1a: Dragapult|Hydro Pump|p2a: Toxapex\n|-resisted|p2a: Toxapex\n|-damage|p2a: Toxapex|74\/100 par\n|\n|-heal|p2a: Toxapex|80\/100 par|[from] item: Black Sludge\n|upkeep\n|turn|11\n|\n|t:|1699984863\n|switch|p1a: Weezing|Weezing-Galar, F|100\/100\n|move|p2a: Toxapex|Gunk Shot|p1a: Weezing|[miss]\n|-miss|p2a: Toxapex|p1a: Weezing\n|\n|-heal|p2a: Toxapex|87\/100 par|[from] item: Black Sludge\n|upkeep\n|turn|12\n|\n|t:|1699984875\n|switch|p2a: Iron Treads|Iron Treads, shiny|24\/100\n|move|p1a: Weezing|Toxic Spikes|p2a: Iron Treads\n|-sidestart|p2: Neezyguy|move: Toxic Spikes\n|\n|upkeep\n|turn|13\n|\n|t:|1699984880\n|move|p2a: Iron Treads|Rapid Spin|p1a: Weezing\n|-damage|p1a: Weezing|90\/100\n|-boost|p2a: Iron Treads|spe|1\n|-sideend|p2: Neezyguy|Spikes|[from] move: Rapid Spin|[of] p2a: Iron Treads\n|-sideend|p2: Neezyguy|Toxic Spikes|[from] move: Rapid Spin|[of] p2a: Iron Treads\n|move|p1a: Weezing|Will-O-Wisp|p2a: Iron Treads\n|-status|p2a: Iron Treads|brn\n|\n|-heal|p1a: Weezing|96\/100|[from] item: Leftovers\n|-damage|p2a: Iron Treads|18\/100 brn|[from] brn\n|upkeep\n|turn|14\n|\n|t:|1699984907\n|-end|p2a: Iron Treads|Quark Drive|[silent]\n|switch|p2a: Iron Moth|Iron Moth, shiny|100\/100\n|-enditem|p2a: Iron Moth|Booster Energy\n|-activate|p2a: Iron Moth|ability: Quark Drive|[fromitem]\n|-start|p2a: Iron Moth|quarkdrivespa\n|move|p1a: Weezing|Toxic Spikes|p2a: Iron Moth\n|-sidestart|p2: Neezyguy|move: Toxic Spikes\n|\n|-heal|p1a: Weezing|100\/100|[from] item: Leftovers\n|upkeep\n|turn|15\n|\n|t:|1699984916\n|switch|p1a: Ogerpon|Ogerpon-Cornerstone, F|83\/100 tox\n|move|p2a: Iron Moth|Fiery Dance|p1a: Ogerpon\n|-damage|p1a: Ogerpon|21\/100 tox\n|-boost|p2a: Iron Moth|spa|1\n|\n|-damage|p1a: Ogerpon|15\/100 tox|[from] psn\n|upkeep\n|turn|16\n|\n|t:|1699984928\n|move|p2a: Iron Moth|Sludge Wave|p1a: Ogerpon\n|-damage|p1a: Ogerpon|0 fnt\n|faint|p1a: Ogerpon\n|\n|upkeep\n|\n|t:|1699984934\n|switch|p1a: Landorus|Landorus-Therian, M|100\/100\n|-ability|p1a: Landorus|Intimidate|boost\n|-unboost|p2a: Iron Moth|atk|1\n|turn|17\n|\n|t:|1699984942\n|-end|p2a: Iron Moth|Quark Drive|[silent]\n|switch|p2a: Toxapex|Toxapex, F, shiny|100\/100 par\n|-sideend|p2: Neezyguy|move: Toxic Spikes|[of] p2a: Toxapex\n|move|p1a: Landorus|Earthquake|p2a: Toxapex\n|-supereffective|p2a: Toxapex\n|-damage|p2a: Toxapex|33\/100 par\n|\n|-heal|p2a: Toxapex|39\/100 par|[from] item: Black Sludge\n|upkeep\n|turn|18\n|\n|t:|1699984952\n|switch|p2a: Iron Treads|Iron Treads, shiny|18\/100 brn\n|move|p1a: Landorus|Earthquake|p2a: Iron Treads\n|-supereffective|p2a: Iron Treads\n|-damage|p2a: Iron Treads|0 fnt\n|faint|p2a: Iron Treads\n|-end|p2a: Iron Treads|Quark Drive|[silent]\n|\n|upkeep\n|\n|t:|1699984957\n|switch|p2a: Quaquaval|Quaquaval, M, shiny|100\/100\n|turn|19\n|\n|t:|1699984962\n|move|p1a: Landorus|U-turn|p2a: Quaquaval\n|-resisted|p2a: Quaquaval\n|-damage|p2a: Quaquaval|83\/100\n|\n|t:|1699984965\n|switch|p1a: Weezing|Weezing-Galar, F|100\/100|[from] U-turn\n|move|p2a: Quaquaval|Swords Dance|p2a: Quaquaval\n|-boost|p2a: Quaquaval|atk|2\n|\n|upkeep\n|turn|20\n|\n|t:|1699984973\n|-terastallize|p2a: Quaquaval|Water\n|move|p2a: Quaquaval|Aqua Step|p1a: Weezing\n|-damage|p1a: Weezing|33\/100\n|-boost|p2a: Quaquaval|spe|1\n|move|p1a: Weezing|Strange Steam|p2a: Quaquaval\n|-damage|p2a: Quaquaval|49\/100\n|-start|p2a: Quaquaval|confusion\n|-enditem|p2a: Quaquaval|Lum Berry|[eat]\n|-end|p2a: Quaquaval|confusion\n|\n|-heal|p1a: Weezing|39\/100|[from] item: Leftovers\n|upkeep\n|turn|21\n|\n|t:|1699984984\n|move|p2a: Quaquaval|Aqua Step|p1a: Weezing\n|-damage|p1a: Weezing|0 fnt\n|-boost|p2a: Quaquaval|spe|1\n|faint|p1a: Weezing\n|-ability|p2a: Quaquaval|Moxie|boost\n|-boost|p2a: Quaquaval|atk|1\n|\n|upkeep\n|\n|t:|1699984991\n|switch|p1a: Dragapult|Dragapult, M|66\/100\n|turn|22\n|\n|t:|1699984996\n|move|p2a: Quaquaval|Ice Spinner|p1a: Dragapult\n|-supereffective|p1a: Dragapult\n|-damage|p1a: Dragapult|0 fnt\n|faint|p1a: Dragapult\n|-ability|p2a: Quaquaval|Moxie|boost\n|-boost|p2a: Quaquaval|atk|1\n|\n|upkeep\n|-message|maralli forfeited.\n|\n|win|Neezyguy\n|raw|maralli's rating: 1120 &rarr; <strong>1102<\/strong><br \/>(-18 for losing)\n|raw|Neezyguy's rating: 1214 &rarr; <strong>1232<\/strong><br \/>(+18 for winning)\n|l|\u2606maralli\n","uploadtime":1699985002,"views":6,"p1id":"maralli","p2id":"neezyguy","formatid":"gen9ou","rating":1102,"private":0,"password":""}