{"id":"gen9ou-1999400731","p1":"GalacticEclipse999","p2":"PeskyTheIdiot","format":"[Gen 9] OU","log":"|j|\u2606GalacticEclipse999\n|j|\u2606PeskyTheIdiot\n|t:|1701074145\n|gametype|singles\n|player|p1|GalacticEclipse999|spenser-gen3|\n|player|p2|PeskyTheIdiot|maid|\n|teamsize|p1|6\n|teamsize|p2|6\n|gen|9\n|tier|[Gen 9] OU\n|rule|Sleep Clause Mod: Limit one foe put to sleep\n|rule|Species Clause: Limit one of each Pok\u00e9mon\n|rule|OHKO Clause: OHKO moves are banned\n|rule|Evasion Items Clause: Evasion items are banned\n|rule|Evasion Moves Clause: Evasion moves are banned\n|rule|Endless Battle Clause: Forcing endless battles is banned\n|rule|HP Percentage Mod: HP is shown in percentages\n|clearpoke\n|poke|p1|Slowking, F|\n|poke|p1|Samurott-Hisui, F|\n|poke|p1|Cinderace, F|\n|poke|p1|Gholdengo|\n|poke|p1|Iron Valiant|\n|poke|p1|Zapdos|\n|poke|p2|Glimmora, F|\n|poke|p2|Ceruledge, M|\n|poke|p2|Iron Valiant|\n|poke|p2|Kingambit, M|\n|poke|p2|Dragonite, M|\n|poke|p2|Iron Moth|\n|teampreview\n|inactive|Battle timer is ON: inactive players will automatically lose when time's up. (requested by GalacticEclipse999)\n|\n|t:|1701074160\n|start\n|switch|p1a: Cinderace|Cinderace, F|100\/100\n|switch|p2a: HIT ME|Glimmora, F|100\/100\n|turn|1\n|\n|t:|1701074170\n|move|p1a: Cinderace|Sucker Punch|p2a: HIT ME\n|-start|p1a: Cinderace|typechange|Dark|[from] ability: Libero\n|-damage|p2a: HIT ME|58\/100\n|-activate|p2a: HIT ME|ability: Toxic Debris\n|-sidestart|p1: GalacticEclipse999|move: Toxic Spikes\n|move|p2a: HIT ME|Mortal Spin|p1a: Cinderace\n|-damage|p1a: Cinderace|92\/100\n|-status|p1a: Cinderace|psn\n|\n|-damage|p1a: Cinderace|79\/100 psn|[from] psn\n|upkeep\n|turn|2\n|\n|t:|1701074179\n|move|p1a: Cinderace|U-turn|p2a: HIT ME\n|-resisted|p2a: HIT ME\n|-damage|p2a: HIT ME|45\/100\n|-activate|p2a: HIT ME|ability: Toxic Debris\n|-sidestart|p1: GalacticEclipse999|move: Toxic Spikes\n|\n|t:|1701074183\n|switch|p1a: Gholdengo|Gholdengo|100\/100|[from] U-turn\n|move|p2a: HIT ME|Stealth Rock|p1a: Gholdengo\n|-sidestart|p1: GalacticEclipse999|move: Stealth Rock\n|\n|upkeep\n|turn|3\n|\n|t:|1701074193\n|move|p2a: HIT ME|Mortal Spin|p1a: Gholdengo\n|-immune|p1a: Gholdengo\n|move|p1a: Gholdengo|Thunder Wave|p2a: HIT ME\n|-status|p2a: HIT ME|par\n|\n|upkeep\n|turn|4\n|\n|t:|1701074199\n|move|p1a: Gholdengo|Hex|p2a: HIT ME\n|-damage|p2a: HIT ME|0 fnt\n|faint|p2a: HIT ME\n|\n|upkeep\n|\n|t:|1701074204\n|switch|p2a: Evil Omegacomix|Iron Moth, shiny|100\/100\n|-enditem|p2a: Evil Omegacomix|Booster Energy\n|-activate|p2a: Evil Omegacomix|ability: Quark Drive|[fromitem]\n|-start|p2a: Evil Omegacomix|quarkdrivespa\n|turn|5\n|\n|t:|1701074211\n|switch|p1a: Cinderace|Cinderace, F|79\/100 psn\n|move|p2a: Evil Omegacomix|Substitute|p2a: Evil Omegacomix\n|-start|p2a: Evil Omegacomix|Substitute\n|-damage|p2a: Evil Omegacomix|76\/100\n|\n|-damage|p1a: Cinderace|67\/100 psn|[from] psn\n|upkeep\n|turn|6\n|\n|t:|1701074223\n|move|p1a: Cinderace|Court Change|p1a: Cinderace\n|-start|p1a: Cinderace|typechange|Normal|[from] ability: Libero\n|-swapsideconditions\n|-activate|p1a: Cinderace|move: Court Change\n|move|p2a: Evil Omegacomix|Sludge Wave|p1a: Cinderace\n|-damage|p1a: Cinderace|0 fnt\n|faint|p1a: Cinderace\n|\n|upkeep\n|\n|t:|1701074228\n|switch|p1a: Slowking|Slowking, F|100\/100\n|turn|7\n|\n|t:|1701074239\n|move|p2a: Evil Omegacomix|Dazzling Gleam|p1a: Slowking\n|-damage|p1a: Slowking|77\/100\n|move|p1a: Slowking|Scald|p2a: Evil Omegacomix\n|-supereffective|p2a: Evil Omegacomix\n|-end|p2a: Evil Omegacomix|Substitute\n|\n|upkeep\n|turn|8\n|\n|t:|1701074247\n|move|p2a: Evil Omegacomix|Sludge Wave|p1a: Slowking\n|-damage|p1a: Slowking|39\/100\n|move|p1a: Slowking|Scald|p2a: Evil Omegacomix\n|-supereffective|p2a: Evil Omegacomix\n|-damage|p2a: Evil Omegacomix|20\/100\n|\n|upkeep\n|turn|9\n|\n|t:|1701074252\n|move|p2a: Evil Omegacomix|Sludge Wave|p1a: Slowking\n|-damage|p1a: Slowking|0 fnt\n|faint|p1a: Slowking\n|\n|upkeep\n|\n|t:|1701074254\n|switch|p1a: Samurott|Samurott-Hisui, F, shiny|100\/100\n|turn|10\n|\n|t:|1701074259\n|move|p1a: Samurott|Aqua Jet|p2a: Evil Omegacomix\n|-supereffective|p2a: Evil Omegacomix\n|-damage|p2a: Evil Omegacomix|0 fnt\n|faint|p2a: Evil Omegacomix\n|-end|p2a: Evil Omegacomix|Quark Drive|[silent]\n|\n|upkeep\n|\n|t:|1701074263\n|switch|p2a: HIT ME part 2|Ceruledge, M|100\/100\n|turn|11\n|\n|t:|1701074269\n|switch|p1a: Zapdos|Zapdos|100\/100\n|move|p2a: HIT ME part 2|Swords Dance|p2a: HIT ME part 2\n|-boost|p2a: HIT ME part 2|atk|2\n|\n|upkeep\n|turn|12\n|\n|t:|1701074277\n|move|p1a: Zapdos|Hurricane|p2a: HIT ME part 2|[miss]\n|-miss|p1a: Zapdos|p2a: HIT ME part 2\n|move|p2a: HIT ME part 2|Poltergeist|p1a: Zapdos\n|-activate|p1a: Zapdos|move: Poltergeist|Heavy-Duty Boots\n|-damage|p1a: Zapdos|0 fnt\n|faint|p1a: Zapdos\n|\n|upkeep\n|\n|t:|1701074279\n|switch|p1a: Samurott|Samurott-Hisui, F, shiny|100\/100\n|turn|13\n|\n|t:|1701074290\n|-terastallize|p1a: Samurott|Water\n|move|p1a: Samurott|Aqua Jet|p2a: HIT ME part 2\n|-supereffective|p2a: HIT ME part 2\n|-damage|p2a: HIT ME part 2|22\/100\n|-ability|p2a: HIT ME part 2|Weak Armor|boost\n|-unboost|p2a: HIT ME part 2|def|1\n|-boost|p2a: HIT ME part 2|spe|2\n|move|p2a: HIT ME part 2|Close Combat|p1a: Samurott\n|-damage|p1a: Samurott|0 fnt\n|-unboost|p2a: HIT ME part 2|def|1\n|-unboost|p2a: HIT ME part 2|spd|1\n|faint|p1a: Samurott\n|\n|upkeep\n|\n|t:|1701074296\n|switch|p1a: Iron Valiant|Iron Valiant|100\/100\n|-enditem|p1a: Iron Valiant|Booster Energy\n|-activate|p1a: Iron Valiant|ability: Quark Drive|[fromitem]\n|-start|p1a: Iron Valiant|quarkdrivespe\n|turn|14\n|\n|t:|1701074307\n|move|p2a: HIT ME part 2|Bitter Blade|p1a: Iron Valiant\n|-damage|p1a: Iron Valiant|0 fnt\n|-heal|p2a: HIT ME part 2|72\/100|[from] drain|[of] p1a: Iron Valiant\n|faint|p1a: Iron Valiant\n|-end|p1a: Iron Valiant|Quark Drive|[silent]\n|\n|upkeep\n|\n|t:|1701074314\n|switch|p1a: Gholdengo|Gholdengo|100\/100\n|turn|15\n|\n|t:|1701074317\n|move|p2a: HIT ME part 2|Bitter Blade|p1a: Gholdengo\n|-supereffective|p1a: Gholdengo\n|-damage|p1a: Gholdengo|0 fnt\n|-heal|p2a: HIT ME part 2|100\/100|[from] drain|[of] p1a: Gholdengo\n|faint|p1a: Gholdengo\n|\n|win|PeskyTheIdiot\n|c|\u2606GalacticEclipse999|Damn\n|c|\u2606GalacticEclipse999|That ceruledge\n","uploadtime":1701074325,"views":11,"p1id":"galacticeclipse999","p2id":"peskytheidiot","formatid":"gen9ou","rating":0,"private":0,"password":""}