{"id":"gen9ou-1995394943","p1":"Night cOluusum","p2":"requiem887","format":"[Gen 9] OU","log":"|j|\u2606Night cOluusum\n|j|\u2606requiem887\n|t:|1700565020\n|gametype|singles\n|player|p1|Night cOluusum|acerola|\n|player|p2|requiem887|170|\n|teamsize|p1|6\n|teamsize|p2|6\n|gen|9\n|tier|[Gen 9] OU\n|rule|Sleep Clause Mod: Limit one foe put to sleep\n|rule|Species Clause: Limit one of each Pok\u00e9mon\n|rule|OHKO Clause: OHKO moves are banned\n|rule|Evasion Items Clause: Evasion items are banned\n|rule|Evasion Moves Clause: Evasion moves are banned\n|rule|Endless Battle Clause: Forcing endless battles is banned\n|rule|HP Percentage Mod: HP is shown in percentages\n|clearpoke\n|poke|p1|Blissey, F|\n|poke|p1|Toxapex, M|\n|poke|p1|Slowking-Galar, F|\n|poke|p1|Mew|\n|poke|p1|Corviknight, F|\n|poke|p1|Skeledirge, F|\n|poke|p2|Alomomola, F|\n|poke|p2|Dondozo, F|\n|poke|p2|Blissey, F|\n|poke|p2|Ogerpon-Cornerstone, F|\n|poke|p2|Corviknight, F|\n|poke|p2|Toxapex, M|\n|teampreview\n|c|\u2606requiem887|oh\n|c|\u2606Night cOluusum|stall vs stall\n|c|\u2606requiem887|this finna b fun\n|\n|t:|1700565040\n|start\n|switch|p1a: Toxapex|Toxapex, M|100\/100\n|switch|p2a: Ogerpon|Ogerpon-Cornerstone, F|100\/100\n|turn|1\n|c|\u2606requiem887|Big Stall \u2122 corporate meeting b like\n|\n|t:|1700565057\n|move|p2a: Ogerpon|Taunt|p1a: Toxapex\n|-start|p1a: Toxapex|move: Taunt\n|move|p1a: Toxapex|Ice Spinner|p2a: Ogerpon\n|-supereffective|p2a: Ogerpon\n|-damage|p2a: Ogerpon|28\/100\n|\n|upkeep\n|turn|2\n|c|\u2606Night cOluusum|like ive said\n|c|\u2606Night cOluusum|i hate stall\n|c|\u2606Night cOluusum|so why not use fake stall\n|c|\u2606requiem887|LMFAO\n|\n|t:|1700565083\n|switch|p2a: The Fat Fish One|Dondozo, F, shiny|100\/100\n|move|p1a: Toxapex|Ice Spinner|p2a: The Fat Fish One\n|-resisted|p2a: The Fat Fish One\n|-damage|p2a: The Fat Fish One|94\/100\n|\n|upkeep\n|turn|3\n|\n|t:|1700565096\n|switch|p1a: Skeledirge|Skeledirge, F|100\/100\n|move|p2a: The Fat Fish One|Body Press|p1a: Skeledirge\n|-immune|p1a: Skeledirge\n|\n|upkeep\n|turn|4\n|\n|t:|1700565102\n|move|p1a: Skeledirge|Shadow Ball|p2a: The Fat Fish One\n|-damage|p2a: The Fat Fish One|56\/100\n|-unboost|p2a: The Fat Fish One|spd|1\n|move|p2a: The Fat Fish One|Liquidation|p1a: Skeledirge\n|-supereffective|p1a: Skeledirge\n|-damage|p1a: Skeledirge|49\/100\n|-unboost|p1a: Skeledirge|def|1\n|-enditem|p1a: Skeledirge|Weakness Policy\n|-boost|p1a: Skeledirge|atk|2|[from] item: Weakness Policy\n|-boost|p1a: Skeledirge|spa|2|[from] item: Weakness Policy\n|\n|upkeep\n|turn|5\n|\n|t:|1700565136\n|switch|p2a: The Squishy One|Blissey, F, shiny|100\/100\n|-terastallize|p1a: Skeledirge|Fairy\n|move|p1a: Skeledirge|Shadow Ball|p2a: The Squishy One\n|-immune|p2a: The Squishy One\n|\n|upkeep\n|turn|6\n|\n|t:|1700565141\n|switch|p2a: The Fat Fish One|Dondozo, F, shiny|56\/100\n|move|p1a: Skeledirge|Torch Song|p2a: The Fat Fish One\n|-resisted|p2a: The Fat Fish One\n|-damage|p2a: The Fat Fish One|35\/100\n|-boost|p1a: Skeledirge|spa|1\n|\n|upkeep\n|turn|7\n|\n|t:|1700565155\n|move|p1a: Skeledirge|Slack Off|p1a: Skeledirge\n|-heal|p1a: Skeledirge|99\/100\n|move|p2a: The Fat Fish One|Rest|p2a: The Fat Fish One\n|-status|p2a: The Fat Fish One|slp|[from] move: Rest\n|-heal|p2a: The Fat Fish One|100\/100 slp|[silent]\n|\n|upkeep\n|turn|8\n|c|\u2606Night cOluusum|this is fine\n|\n|t:|1700565163\n|switch|p2a: The Scaldless One|Toxapex, M, shiny|100\/100\n|move|p1a: Skeledirge|Shadow Ball|p2a: The Scaldless One\n|-damage|p2a: The Scaldless One|27\/100\n|\n|upkeep\n|turn|9\n|c|\u2606requiem887|*chuckles* im in danger\n|\n|t:|1700565187\n|switch|p2a: The Squishy One|Blissey, F, shiny|100\/100\n|move|p1a: Skeledirge|Torch Song|p2a: The Squishy One\n|-damage|p2a: The Squishy One|69\/100\n|-boost|p1a: Skeledirge|spa|1\n|\n|upkeep\n|turn|10\n|c|\u2606Night cOluusum|i hate stall this much that i use fake stall\n|\n|t:|1700565194\n|move|p1a: Skeledirge|Torch Song|p2a: The Squishy One\n|-crit|p2a: The Squishy One\n|-damage|p2a: The Squishy One|12\/100\n|-boost|p1a: Skeledirge|spa|1\n|move|p2a: The Squishy One|Calm Mind|p2a: The Squishy One\n|-boost|p2a: The Squishy One|spa|1\n|-boost|p2a: The Squishy One|spd|1\n|\n|upkeep\n|turn|11\n|\n|t:|1700565202\n|move|p1a: Skeledirge|Flame Charge|p2a: The Squishy One\n|-damage|p2a: The Squishy One|0 fnt\n|-boost|p1a: Skeledirge|spe|1\n|faint|p2a: The Squishy One\n|\n|upkeep\n|\n|t:|1700565209\n|switch|p2a: The Fish One|Alomomola, F, shiny|100\/100\n|turn|12\n|\n|t:|1700565213\n|move|p1a: Skeledirge|Shadow Ball|p2a: The Fish One\n|-damage|p2a: The Fish One|0 fnt\n|faint|p2a: The Fish One\n|\n|upkeep\n|c|\u2606Night cOluusum|BWAHAHAHA\n|c|\u2606requiem887|yup\n|c|\u2606requiem887|well\n|\n|t:|1700565225\n|switch|p2a: The Fat Fish One|Dondozo, F, shiny|100\/100 slp\n|turn|13\n|\n|t:|1700565230\n|move|p1a: Skeledirge|Shadow Ball|p2a: The Fat Fish One\n|-damage|p2a: The Fat Fish One|64\/100 slp\n|cant|p2a: The Fat Fish One|slp\n|move|p2a: The Fat Fish One|Sleep Talk|p2a: The Fat Fish One\n|move|p2a: The Fat Fish One|Body Press|p1a: Skeledirge|[from]move: Sleep Talk\n|-resisted|p1a: Skeledirge\n|-damage|p1a: Skeledirge|88\/100\n|\n|upkeep\n|turn|14\n|c|\u2606requiem887|this is one hell of a series of events\n|\n|t:|1700565238\n|-terastallize|p2a: The Fat Fish One|Normal\n|move|p1a: Skeledirge|Shadow Ball|p2a: The Fat Fish One\n|-immune|p2a: The Fat Fish One\n|cant|p2a: The Fat Fish One|slp\n|move|p2a: The Fat Fish One|Sleep Talk|p2a: The Fat Fish One\n|move|p2a: The Fat Fish One|Liquidation|p1a: Skeledirge|[from]move: Sleep Talk\n|-damage|p1a: Skeledirge|64\/100\n|\n|upkeep\n|turn|15\n|c|\u2606Night cOluusum|ok\n|c|\u2606Night cOluusum|now i dont have spd drop\n|\n|t:|1700565248\n|move|p1a: Skeledirge|Torch Song|p2a: The Fat Fish One\n|-damage|p2a: The Fat Fish One|27\/100 slp\n|-boost|p1a: Skeledirge|spa|1\n|-curestatus|p2a: The Fat Fish One|slp|[msg]\n|move|p2a: The Fat Fish One|Liquidation|p1a: Skeledirge\n|-damage|p1a: Skeledirge|37\/100\n|\n|upkeep\n|turn|16\n|c|\u2606Night cOluusum|this is fine\n|c|\u2606Night cOluusum|its not like u would wake up\n|\n|t:|1700565256\n|move|p1a: Skeledirge|Torch Song|p2a: The Fat Fish One\n|-damage|p2a: The Fat Fish One|0 fnt\n|faint|p2a: The Fat Fish One\n|\n|upkeep\n|c|\u2606Night cOluusum|fake stall for the win\n|c|\u2606requiem887|ggs\n|c|\u2606requiem887|wp\n|c|\u2606Night cOluusum|play on\n|\n|t:|1700565283\n|switch|p2a: The Scaldless One|Toxapex, M, shiny|61\/100\n|turn|17\n|\n|t:|1700565286\n|move|p1a: Skeledirge|Shadow Ball|p2a: The Scaldless One\n|-damage|p2a: The Scaldless One|0 fnt\n|faint|p2a: The Scaldless One\n|\n|upkeep\n|\n|t:|1700565291\n|switch|p2a: Ogerpon|Ogerpon-Cornerstone, F|28\/100\n|turn|18\n|c|\u2606Night cOluusum|u do know ogerpon is faster\n|c|\u2606Night cOluusum|right\n|\n|t:|1700565295\n|move|p2a: Ogerpon|Ivy Cudgel|p1a: Skeledirge|[anim] Ivy Cudgel Rock\n|-damage|p1a: Skeledirge|0 fnt\n|faint|p1a: Skeledirge\n|\n|upkeep\n|\n|t:|1700565300\n|switch|p1a: Toxapex|Toxapex, M|100\/100\n|turn|19\n|\n|t:|1700565308\n|move|p2a: Ogerpon|Ivy Cudgel|p1a: Toxapex|[anim] Ivy Cudgel Rock\n|-damage|p1a: Toxapex|56\/100\n|move|p1a: Toxapex|Ice Spinner|p2a: Ogerpon\n|-supereffective|p2a: Ogerpon\n|-damage|p2a: Ogerpon|0 fnt\n|faint|p2a: Ogerpon\n|\n|upkeep\n|c|\u2606Night cOluusum|corviknight win?\n|c|\u2606Night cOluusum|corvi carry\n|c|\u2606requiem887|yea but its really me my fake gliscor and corviknight\n|\n|t:|1700565323\n|switch|p2a: The Gholdoverd One|Corviknight, F, shiny|100\/100\n|-ability|p2a: The Gholdoverd One|Pressure\n|turn|20\n|\n|t:|1700565327\n|move|p2a: The Gholdoverd One|Iron Defense|p2a: The Gholdoverd One\n|-boost|p2a: The Gholdoverd One|def|2\n|move|p1a: Toxapex|Ice Spinner|p2a: The Gholdoverd One\n|-damage|p2a: The Gholdoverd One|92\/100\n|\n|-heal|p2a: The Gholdoverd One|98\/100|[from] item: Leftovers\n|upkeep\n|turn|21\n|\n|t:|1700565332\n|move|p2a: The Gholdoverd One|Iron Defense|p2a: The Gholdoverd One\n|-boost|p2a: The Gholdoverd One|def|2\n|move|p1a: Toxapex|Ice Spinner|p2a: The Gholdoverd One\n|-damage|p2a: The Gholdoverd One|91\/100\n|\n|-heal|p2a: The Gholdoverd One|98\/100|[from] item: Leftovers\n|upkeep\n|turn|22\n|c|\u2606Night cOluusum|the only stall mon\n|c|\u2606Night cOluusum|is corv\n|\n|t:|1700565339\n|move|p2a: The Gholdoverd One|Iron Defense|p2a: The Gholdoverd One\n|-boost|p2a: The Gholdoverd One|def|2\n|move|p1a: Toxapex|Ice Spinner|p2a: The Gholdoverd One\n|-damage|p2a: The Gholdoverd One|92\/100\n|\n|-heal|p2a: The Gholdoverd One|98\/100|[from] item: Leftovers\n|upkeep\n|turn|23\n|\n|t:|1700565344\n|move|p2a: The Gholdoverd One|Body Press|p1a: Toxapex\n|-resisted|p1a: Toxapex\n|-crit|p1a: Toxapex\n|-damage|p1a: Toxapex|0 fnt\n|faint|p1a: Toxapex\n|\n|-heal|p2a: The Gholdoverd One|100\/100|[from] item: Leftovers\n|upkeep\n|\n|t:|1700565347\n|switch|p1a: Blissey|Blissey, F|100\/100\n|turn|24\n|\n|t:|1700565353\n|move|p2a: The Gholdoverd One|Body Press|p1a: Blissey\n|-supereffective|p1a: Blissey\n|-damage|p1a: Blissey|0 fnt\n|faint|p1a: Blissey\n|\n|upkeep\n|c|\u2606Night cOluusum|specs blissey\n|\n|t:|1700565359\n|switch|p1a: Slowking|Slowking-Galar, F|100\/100\n|turn|25\n|\n|t:|1700565363\n|move|p2a: The Gholdoverd One|Body Press|p1a: Slowking\n|-resisted|p1a: Slowking\n|-damage|p1a: Slowking|74\/100\n|move|p1a: Slowking|Flamethrower|p2a: The Gholdoverd One\n|-supereffective|p2a: The Gholdoverd One\n|-damage|p2a: The Gholdoverd One|40\/100\n|\n|-heal|p2a: The Gholdoverd One|46\/100|[from] item: Leftovers\n|upkeep\n|turn|26\n|c|\u2606Night cOluusum|my only hope\n|c|\u2606Night cOluusum|oh ye i won\n|c|\u2606requiem887|yea\n|c|\u2606Night cOluusum|ggs\n|c|\u2606requiem887|unless i pull a crit out of my ass\n|c|\u2606requiem887|and u miss the flamethrower\n|\n|t:|1700565386\n|move|p2a: The Gholdoverd One|Body Press|p1a: Slowking\n|-resisted|p1a: Slowking\n|-crit|p1a: Slowking\n|-damage|p1a: Slowking|34\/100\n|move|p1a: Slowking|Flamethrower|p2a: The Gholdoverd One\n|-supereffective|p2a: The Gholdoverd One\n|-damage|p2a: The Gholdoverd One|0 fnt\n|faint|p2a: The Gholdoverd One\n|\n|win|Night cOluusum\n|c|\u2606requiem887|i did pull the crit but\n|c|\u2606Night cOluusum|u did pull a crit out of ur ass\n|c|\u2606Night cOluusum|but flamethrower is 100%\n|c|\u2606requiem887|it was not eonough...\n|c|\u2606Night cOluusum|aight bai\n","uploadtime":1700565425,"views":9,"p1id":"nightcoluusum","p2id":"requiem887","formatid":"gen9ou","rating":0,"private":0,"password":""}