{"id":"gen9ou-1998304328","p1":"hzyy","p2":"TY SM MY GUY","format":"[Gen 9] OU","log":"|j|\u2606hzyy\n|j|\u2606TY SM MY GUY\n|t:|1700927128\n|gametype|singles\n|player|p1|hzyy|cynthia-gen4|1212\n|player|p2|TY SM MY GUY|hoopster|1282\n|teamsize|p1|6\n|teamsize|p2|6\n|gen|9\n|tier|[Gen 9] OU\n|rated|\n|rule|Sleep Clause Mod: Limit one foe put to sleep\n|rule|Species Clause: Limit one of each Pok\u00e9mon\n|rule|OHKO Clause: OHKO moves are banned\n|rule|Evasion Items Clause: Evasion items are banned\n|rule|Evasion Moves Clause: Evasion moves are banned\n|rule|Endless Battle Clause: Forcing endless battles is banned\n|rule|HP Percentage Mod: HP is shown in percentages\n|clearpoke\n|poke|p1|Zoroark-Hisui, F|\n|poke|p1|Corviknight, M|\n|poke|p1|Dragapult, M|\n|poke|p1|Great Tusk|\n|poke|p1|Iron Moth|\n|poke|p1|Hatterene, F|\n|poke|p2|Glimmora, F|\n|poke|p2|Great Tusk|\n|poke|p2|Hatterene, F|\n|poke|p2|Greninja-*, M|\n|poke|p2|Brambleghast, M|\n|poke|p2|Zoroark-Hisui, M|\n|teampreview\n|inactive|Battle timer is ON: inactive players will automatically lose when time's up. (requested by hzyy)\n|\n|t:|1700927147\n|start\n|switch|p1a: Dragapult|Dragapult, M|100\/100\n|switch|p2a: Brambleghast|Brambleghast, M, shiny|100\/100\n|turn|1\n|\n|t:|1700927153\n|move|p2a: Brambleghast|Bitter Malice|p1a: Dragapult\n|-immune|p1a: Dragapult\n|move|p1a: Dragapult|Shadow Ball|p2a: Brambleghast\n|-immune|p2a: Brambleghast\n|\n|upkeep\n|turn|2\n|c|\u2606TY SM MY GUY|Lol\n|c|\u2606hzyy|\u54c8\u54c8\n|\n|t:|1700927177\n|switch|p2a: Hatterene|Hatterene, F, shiny|100\/100\n|move|p1a: Dragapult|Comeuppance||[still]\n|-fail|p1a: Dragapult\n|\n|upkeep\n|turn|3\n|inactive|TY SM MY GUY has 120 seconds left.\n|\n|t:|1700927206\n|switch|p1a: Iron Moth|Iron Moth|100\/100\n|-enditem|p1a: Iron Moth|Booster Energy\n|-activate|p1a: Iron Moth|ability: Quark Drive|[fromitem]\n|-start|p1a: Iron Moth|quarkdrivespe\n|-terastallize|p2a: Hatterene|Dark\n|move|p2a: Hatterene|Nuzzle|p1a: Iron Moth\n|-damage|p1a: Iron Moth|93\/100\n|-status|p1a: Iron Moth|par\n|\n|upkeep\n|turn|4\n|\n|t:|1700927218\n|move|p1a: Iron Moth|Fiery Dance|p2a: Hatterene\n|-damage|p2a: Hatterene|68\/100\n|-boost|p1a: Iron Moth|spa|1\n|-enditem|p2a: Hatterene|Eject Button\n|l|\u2606hzyy\n|inactive|hzyy disconnected and has a minute to reconnect!\n|player|p1|\n|inactive|TY SM MY GUY has 120 seconds left.\n|\n|t:|1700927240\n|switch|p2a: Glimmora|Glimmora, F, shiny|100\/100\n|-item|p2a: Glimmora|Air Balloon\n|\n|upkeep\n|turn|5\n|inactive|TY SM MY GUY has 120 seconds left.\n|j|\u2606hzyy\n|inactive|hzyy reconnected and has 135 seconds left.\n|player|p1|hzyy|cynthia-gen4\n|\n|t:|1700927257\n|move|p2a: Glimmora|Earth Power|p1a: Iron Moth\n|-supereffective|p1a: Iron Moth\n|-damage|p1a: Iron Moth|0 fnt\n|faint|p1a: Iron Moth\n|-end|p1a: Iron Moth|Quark Drive|[silent]\n|\n|upkeep\n|\n|t:|1700927269\n|switch|p1a: Dragapult|Dragapult, M|100\/100\n|turn|6\n|\n|t:|1700927272\n|move|p1a: Dragapult|Shadow Ball|p2a: Glimmora\n|-damage|p2a: Glimmora|55\/100\n|-enditem|p2a: Glimmora|Air Balloon\n|move|p2a: Glimmora|Dazzling Gleam|p1a: Dragapult\n|-damage|p1a: Dragapult|56\/100\n|replace|p1a: Zoroark|Zoroark-Hisui, F\n|-end|p1a: Zoroark|Illusion\n|\n|upkeep\n|turn|7\n|\n|t:|1700927281\n|move|p1a: Zoroark|Shadow Ball|p2a: Glimmora\n|-damage|p2a: Glimmora|6\/100\n|move|p2a: Glimmora|Stealth Rock|p1a: Zoroark\n|-sidestart|p1: hzyy|move: Stealth Rock\n|\n|upkeep\n|turn|8\n|\n|t:|1700927287\n|move|p1a: Zoroark|Shadow Ball|p2a: Glimmora\n|-damage|p2a: Glimmora|0 fnt\n|faint|p2a: Glimmora\n|\n|upkeep\n|\n|t:|1700927289\n|switch|p2a: Brambleghast|Brambleghast, M, shiny|100\/100\n|turn|9\n|\n|t:|1700927295\n|move|p1a: Zoroark|Shadow Ball|p2a: Brambleghast\n|-supereffective|p2a: Brambleghast\n|-enditem|p2a: Brambleghast|Focus Sash\n|-damage|p2a: Brambleghast|1\/100\n|move|p2a: Brambleghast|Thief|p1a: Zoroark\n|-supereffective|p1a: Zoroark\n|-damage|p1a: Zoroark|0 fnt\n|-enditem|p1a: Zoroark|Focus Sash|[silent]|[from] move: Thief|[of] p2a: Brambleghast\n|-item|p2a: Brambleghast|Focus Sash|[from] move: Thief|[of] p1a: Zoroark\n|faint|p1a: Zoroark\n|\n|upkeep\n|\n|t:|1700927301\n|switch|p1a: Corviknight|Corviknight, M|100\/100\n|-damage|p1a: Corviknight|88\/100|[from] Stealth Rock\n|turn|10\n|\n|t:|1700927311\n|move|p2a: Brambleghast|Rapid Spin|p1a: Corviknight\n|-resisted|p1a: Corviknight\n|-damage|p1a: Corviknight|83\/100\n|-boost|p2a: Brambleghast|spe|1\n|-damage|p2a: Brambleghast|0 fnt|[from] item: Rocky Helmet|[of] p1a: Corviknight\n|faint|p2a: Brambleghast\n|move|p1a: Corviknight|Defog|p2: Brambleghast|[notarget]\n|-fail|p1a: Corviknight\n|\n|upkeep\n|\n|t:|1700927317\n|switch|p2a: Hatterene|Hatterene, F, shiny|100\/100\n|-start|p2a: Hatterene|typechange|Dark|[silent]\n|turn|11\n|\n|t:|1700927323\n|move|p2a: Hatterene|Flamethrower|p1a: Corviknight\n|-supereffective|p1a: Corviknight\n|-damage|p1a: Corviknight|14\/100\n|move|p1a: Corviknight|U-turn|p2a: Hatterene\n|-resisted|p2a: Hatterene\n|-damage|p2a: Hatterene|85\/100\n|replace|p2a: Zoroark|Zoroark-Hisui, M, shiny\n|-end|p2a: Zoroark|Illusion\n|\n|t:|1700927332\n|switch|p1a: Hatterene|Hatterene, F|100\/100|[from] U-turn\n|-damage|p1a: Hatterene|88\/100|[from] Stealth Rock\n|\n|upkeep\n|turn|12\n|\n|t:|1700927336\n|switch|p2a: Hatterene|Hatterene, F, shiny, tera:Dark|68\/100\n|move|p1a: Hatterene|Dazzling Gleam|p2a: Hatterene\n|-supereffective|p2a: Hatterene\n|-damage|p2a: Hatterene|0 fnt\n|faint|p2a: Hatterene\n|\n|upkeep\n|\n|t:|1700927342\n|switch|p2a: Greninja|Greninja, M|85\/100\n|turn|13\n|\n|t:|1700927345\n|move|p2a: Greninja|Bitter Malice|p1a: Hatterene\n|-supereffective|p1a: Hatterene\n|-damage|p1a: Hatterene|29\/100\n|-unboost|p1a: Hatterene|atk|1\n|move|p1a: Hatterene|Dazzling Gleam|p2a: Greninja\n|-damage|p2a: Greninja|0 fnt\n|replace|p2a: Zoroark|Zoroark-Hisui, M, shiny\n|-end|p2a: Zoroark|Illusion\n|faint|p2a: Zoroark\n|\n|upkeep\n|\n|t:|1700927355\n|switch|p2a: Greninja|Greninja, M|100\/100\n|turn|14\n|\n|t:|1700927360\n|move|p2a: Greninja|Dark Pulse|p1a: Hatterene\n|-damage|p1a: Hatterene|0 fnt\n|faint|p1a: Hatterene\n|-ability|p2a: Greninja|Battle Bond|boost\n|-boost|p2a: Greninja|atk|1\n|-boost|p2a: Greninja|spa|1\n|-boost|p2a: Greninja|spe|1\n|-activate|p2a: Greninja|ability: Battle Bond\n|-damage|p2a: Greninja|91\/100|[from] item: Life Orb\n|\n|upkeep\n|\n|t:|1700927378\n|switch|p1a: Great Tusk|Great Tusk|100\/100\n|-damage|p1a: Great Tusk|98\/100|[from] Stealth Rock\n|turn|15\n|\n|t:|1700927389\n|-terastallize|p1a: Great Tusk|Electric\n|move|p2a: Greninja|Ice Beam|p1a: Great Tusk\n|-damage|p1a: Great Tusk|25\/100\n|-status|p1a: Great Tusk|frz\n|-damage|p2a: Greninja|81\/100|[from] item: Life Orb\n|cant|p1a: Great Tusk|frz\n|\n|upkeep\n|turn|16\n|\n|t:|1700927397\n|move|p2a: Greninja|Dark Pulse|p1a: Great Tusk\n|-damage|p1a: Great Tusk|0 fnt\n|faint|p1a: Great Tusk\n|-end|p1a: Great Tusk|Protosynthesis|[silent]\n|-damage|p2a: Greninja|71\/100|[from] item: Life Orb\n|\n|upkeep\n|-message|hzyy forfeited.\n|\n|win|TY SM MY GUY\n|raw|hzyy's rating: 1212 &rarr; <strong>1192<\/strong><br \/>(-20 for losing)\n|raw|TY SM MY GUY's rating: 1282 &rarr; <strong>1302<\/strong><br \/>(+20 for winning)\n|l|\u2606hzyy\n|c|\u2606TY SM MY GUY|Gg\n","uploadtime":1700927405,"views":1,"p1id":"hzyy","p2id":"tysmmyguy","formatid":"gen9ou","rating":1192,"private":0,"password":""}