{"id":"gen9ou-1989864860","p1":"Faerie_God","p2":"Kmud8","format":"[Gen 9] OU","log":"|j|\u2606Faerie_God\n|j|\u2606Kmud8\n|t:|1699902154\n|gametype|singles\n|player|p1|Faerie_God|swimmerf-gen4dp|1266\n|player|p2|Kmud8|170|1267\n|teamsize|p1|6\n|teamsize|p2|6\n|gen|9\n|tier|[Gen 9] OU\n|rated|\n|rule|Sleep Clause Mod: Limit one foe put to sleep\n|rule|Species Clause: Limit one of each Pok\u00e9mon\n|rule|OHKO Clause: OHKO moves are banned\n|rule|Evasion Items Clause: Evasion items are banned\n|rule|Evasion Moves Clause: Evasion moves are banned\n|rule|Endless Battle Clause: Forcing endless battles is banned\n|rule|HP Percentage Mod: HP is shown in percentages\n|clearpoke\n|poke|p1|Iron Hands|\n|poke|p1|Alomomola, F|\n|poke|p1|Zamazenta-*|\n|poke|p1|Grimmsnarl, M|\n|poke|p1|Zapdos|\n|poke|p1|Cresselia, F|\n|poke|p2|Basculegion, M|\n|poke|p2|Tinkaton, F|\n|poke|p2|Iron Moth|\n|poke|p2|Conkeldurr, M|\n|poke|p2|Altaria, M|\n|poke|p2|Uxie|\n|teampreview\n|\n|t:|1699902181\n|start\n|switch|p1a: Grimmsnarl|Grimmsnarl, M|100\/100\n|switch|p2a: Altaria|Altaria, M|100\/100\n|turn|1\n|\n|t:|1699902189\n|move|p1a: Grimmsnarl|Taunt|p2a: Altaria\n|-start|p2a: Altaria|move: Taunt\n|cant|p2a: Altaria|move: Taunt|Will-O-Wisp\n|\n|upkeep\n|turn|2\n|\n|t:|1699902198\n|switch|p2a: Tinkaton|Tinkaton, F|100\/100\n|-ability|p2a: Tinkaton|Mold Breaker\n|move|p1a: Grimmsnarl|Reflect|p1a: Grimmsnarl\n|-sidestart|p1: Faerie_God|Reflect\n|\n|upkeep\n|turn|3\n|\n|t:|1699902206\n|move|p1a: Grimmsnarl|Parting Shot|p2a: Tinkaton\n|-unboost|p2a: Tinkaton|atk|1\n|-unboost|p2a: Tinkaton|spa|1\n|\n|t:|1699902209\n|switch|p1a: Iron Hands|Iron Hands|100\/100|[from] Parting Shot\n|move|p2a: Tinkaton|Gigaton Hammer|p1a: Iron Hands\n|-resisted|p1a: Iron Hands\n|-damage|p1a: Iron Hands|94\/100\n|\n|upkeep\n|turn|4\n|\n|t:|1699902226\n|-end|p1a: Iron Hands|Quark Drive|[silent]\n|switch|p1a: Grimmsnarl|Grimmsnarl, M|100\/100\n|move|p2a: Tinkaton|Knock Off|p1a: Grimmsnarl\n|-resisted|p1a: Grimmsnarl\n|-damage|p1a: Grimmsnarl|98\/100\n|-enditem|p1a: Grimmsnarl|Light Clay|[from] move: Knock Off|[of] p2a: Tinkaton\n|\n|upkeep\n|turn|5\n|\n|t:|1699902238\n|move|p1a: Grimmsnarl|Parting Shot|p2a: Tinkaton\n|-unboost|p2a: Tinkaton|atk|1\n|-unboost|p2a: Tinkaton|spa|1\n|\n|t:|1699902240\n|switch|p1a: Zapdos|Zapdos|100\/100|[from] Parting Shot\n|move|p2a: Tinkaton|Stealth Rock|p1a: Zapdos\n|-sidestart|p1: Faerie_God|move: Stealth Rock\n|\n|upkeep\n|turn|6\n|\n|t:|1699902251\n|switch|p2a: Altaria|Altaria, M|100\/100\n|move|p1a: Zapdos|Heat Wave|p2a: Altaria\n|-resisted|p2a: Altaria\n|-damage|p2a: Altaria|91\/100\n|-status|p2a: Altaria|brn\n|\n|-damage|p2a: Altaria|85\/100 brn|[from] brn\n|upkeep\n|turn|7\n|\n|t:|1699902265\n|switch|p1a: Grimmsnarl|Grimmsnarl, M|98\/100\n|-damage|p1a: Grimmsnarl|86\/100|[from] Stealth Rock\n|move|p2a: Altaria|Dragon Pulse|p1a: Grimmsnarl\n|-immune|p1a: Grimmsnarl\n|\n|-damage|p2a: Altaria|78\/100 brn|[from] brn\n|upkeep\n|turn|8\n|\n|t:|1699902277\n|-curestatus|p2a: Altaria|brn|[from] ability: Natural Cure\n|switch|p2a: Conkeldurr|Conkeldurr, M|100\/100\n|move|p1a: Grimmsnarl|Light Screen|p1a: Grimmsnarl\n|-sidestart|p1: Faerie_God|move: Light Screen\n|\n|-status|p2a: Conkeldurr|brn|[from] item: Flame Orb\n|upkeep\n|turn|9\n|\n|t:|1699902286\n|move|p1a: Grimmsnarl|Parting Shot|p2a: Conkeldurr\n|-unboost|p2a: Conkeldurr|atk|1\n|-unboost|p2a: Conkeldurr|spa|1\n|\n|t:|1699902289\n|switch|p1a: Zapdos|Zapdos|100\/100|[from] Parting Shot\n|move|p2a: Conkeldurr|Facade|p1a: Zapdos\n|-damage|p1a: Zapdos|76\/100\n|\n|-damage|p2a: Conkeldurr|94\/100 brn|[from] brn\n|-sideend|p1: Faerie_God|Reflect\n|upkeep\n|turn|10\n|\n|t:|1699902300\n|switch|p2a: Uxie|Uxie|100\/100\n|move|p1a: Zapdos|Hurricane|p2a: Uxie\n|-damage|p2a: Uxie|60\/100\n|\n|-heal|p2a: Uxie|67\/100|[from] item: Leftovers\n|upkeep\n|turn|11\n|\n|t:|1699902311\n|move|p1a: Zapdos|Hurricane|p2a: Uxie\n|-damage|p2a: Uxie|28\/100\n|move|p2a: Uxie|Yawn|p1a: Zapdos\n|-start|p1a: Zapdos|move: Yawn|[of] p2a: Uxie\n|\n|-heal|p2a: Uxie|34\/100|[from] item: Leftovers\n|upkeep\n|turn|12\n|\n|t:|1699902322\n|switch|p1a: Cresselia|Cresselia, F|100\/100\n|-damage|p1a: Cresselia|88\/100|[from] Stealth Rock\n|move|p2a: Uxie|Yawn|p1a: Cresselia\n|-start|p1a: Cresselia|move: Yawn|[of] p2a: Uxie\n|\n|-heal|p2a: Uxie|41\/100|[from] item: Leftovers\n|-sideend|p1: Faerie_God|move: Light Screen\n|upkeep\n|turn|13\n|\n|t:|1699902336\n|move|p2a: Uxie|Mystical Power|p1a: Cresselia\n|-resisted|p1a: Cresselia\n|-damage|p1a: Cresselia|82\/100\n|-boost|p2a: Uxie|spa|1\n|move|p1a: Cresselia|Shadow Ball|p2a: Uxie\n|-supereffective|p2a: Uxie\n|-crit|p2a: Uxie\n|-damage|p2a: Uxie|2\/100\n|\n|-heal|p2a: Uxie|8\/100|[from] item: Leftovers\n|-end|p1a: Cresselia|move: Yawn|[silent]\n|-status|p1a: Cresselia|slp\n|upkeep\n|turn|14\n|\n|t:|1699902348\n|switch|p1a: Grimmsnarl|Grimmsnarl, M|86\/100\n|-damage|p1a: Grimmsnarl|73\/100|[from] Stealth Rock\n|move|p2a: Uxie|Draining Kiss|p1a: Grimmsnarl\n|-supereffective|p1a: Grimmsnarl\n|-damage|p1a: Grimmsnarl|54\/100\n|-heal|p2a: Uxie|25\/100|[from] drain|[of] p1a: Grimmsnarl\n|\n|-heal|p2a: Uxie|31\/100|[from] item: Leftovers\n|upkeep\n|turn|15\n|\n|t:|1699902365\n|move|p1a: Grimmsnarl|Light Screen|p1a: Grimmsnarl\n|-sidestart|p1: Faerie_God|move: Light Screen\n|move|p2a: Uxie|Draining Kiss|p1a: Grimmsnarl\n|-supereffective|p1a: Grimmsnarl\n|-damage|p1a: Grimmsnarl|43\/100\n|-heal|p2a: Uxie|40\/100|[from] drain|[of] p1a: Grimmsnarl\n|\n|-heal|p2a: Uxie|46\/100|[from] item: Leftovers\n|upkeep\n|turn|16\n|\n|t:|1699902376\n|move|p1a: Grimmsnarl|Reflect|p1a: Grimmsnarl\n|-sidestart|p1: Faerie_God|Reflect\n|move|p2a: Uxie|Yawn|p1a: Grimmsnarl\n|-start|p1a: Grimmsnarl|move: Yawn|[of] p2a: Uxie\n|\n|-heal|p2a: Uxie|52\/100|[from] item: Leftovers\n|upkeep\n|turn|17\n|\n|t:|1699902386\n|move|p1a: Grimmsnarl|Parting Shot|p2a: Uxie\n|-unboost|p2a: Uxie|atk|1\n|-unboost|p2a: Uxie|spa|1\n|\n|t:|1699902389\n|switch|p1a: Cresselia|Cresselia, F|82\/100 slp|[from] Parting Shot\n|-damage|p1a: Cresselia|69\/100 slp|[from] Stealth Rock\n|move|p2a: Uxie|Mystical Power|p1a: Cresselia\n|-resisted|p1a: Cresselia\n|-damage|p1a: Cresselia|66\/100 slp\n|-boost|p2a: Uxie|spa|1\n|\n|-heal|p2a: Uxie|58\/100|[from] item: Leftovers\n|upkeep\n|turn|18\n|\n|t:|1699902404\n|switch|p1a: Alomomola|Alomomola, F|100\/100\n|-damage|p1a: Alomomola|88\/100|[from] Stealth Rock\n|move|p2a: Uxie|Mystical Power|p1a: Alomomola\n|-damage|p1a: Alomomola|72\/100\n|-boost|p2a: Uxie|spa|1\n|\n|-heal|p2a: Uxie|65\/100|[from] item: Leftovers\n|upkeep\n|turn|19\n|\n|t:|1699902415\n|move|p2a: Uxie|Mystical Power|p1a: Alomomola\n|-damage|p1a: Alomomola|48\/100\n|-boost|p2a: Uxie|spa|1\n|move|p1a: Alomomola|Wish|p1a: Alomomola\n|\n|-heal|p2a: Uxie|71\/100|[from] item: Leftovers\n|-sideend|p1: Faerie_God|move: Light Screen\n|upkeep\n|turn|20\n|\n|t:|1699902424\n|switch|p1a: Grimmsnarl|Grimmsnarl, M|43\/100\n|-damage|p1a: Grimmsnarl|31\/100|[from] Stealth Rock\n|move|p2a: Uxie|Draining Kiss|p1a: Grimmsnarl\n|-supereffective|p1a: Grimmsnarl\n|-damage|p1a: Grimmsnarl|0 fnt\n|-heal|p2a: Uxie|96\/100|[from] drain|[of] p1a: Grimmsnarl\n|faint|p1a: Grimmsnarl\n|\n|-heal|p2a: Uxie|100\/100|[from] item: Leftovers\n|-sideend|p1: Faerie_God|Reflect\n|upkeep\n|\n|t:|1699902434\n|switch|p1a: Zamazenta|Zamazenta|100\/100\n|-damage|p1a: Zamazenta|94\/100|[from] Stealth Rock\n|-ability|p1a: Zamazenta|Dauntless Shield|boost\n|-boost|p1a: Zamazenta|def|1\n|turn|21\n|\n|t:|1699902441\n|move|p1a: Zamazenta|Crunch|p2a: Uxie\n|-supereffective|p2a: Uxie\n|-damage|p2a: Uxie|68\/100\n|move|p2a: Uxie|Draining Kiss|p1a: Zamazenta\n|-supereffective|p1a: Zamazenta\n|-damage|p1a: Zamazenta|59\/100\n|-heal|p2a: Uxie|97\/100|[from] drain|[of] p1a: Zamazenta\n|\n|-heal|p1a: Zamazenta|65\/100|[from] item: Leftovers\n|-heal|p2a: Uxie|100\/100|[from] item: Leftovers\n|upkeep\n|turn|22\n|\n|t:|1699902453\n|move|p1a: Zamazenta|Crunch|p2a: Uxie\n|-supereffective|p2a: Uxie\n|-damage|p2a: Uxie|68\/100\n|move|p2a: Uxie|Mystical Power|p1a: Zamazenta\n|-supereffective|p1a: Zamazenta\n|-damage|p1a: Zamazenta|0 fnt\n|-boost|p2a: Uxie|spa|1\n|faint|p1a: Zamazenta\n|\n|-heal|p2a: Uxie|75\/100|[from] item: Leftovers\n|upkeep\n|\n|t:|1699902459\n|switch|p1a: Iron Hands|Iron Hands|94\/100\n|-damage|p1a: Iron Hands|88\/100|[from] Stealth Rock\n|turn|23\n|\n|t:|1699902470\n|move|p2a: Uxie|Draining Kiss|p1a: Iron Hands\n|-supereffective|p1a: Iron Hands\n|-damage|p1a: Iron Hands|68\/100\n|-heal|p2a: Uxie|97\/100|[from] drain|[of] p1a: Iron Hands\n|move|p1a: Iron Hands|Thunder Punch|p2a: Uxie\n|-damage|p2a: Uxie|75\/100\n|\n|-heal|p2a: Uxie|82\/100|[from] item: Leftovers\n|upkeep\n|turn|24\n|\n|t:|1699902480\n|move|p2a: Uxie|Mystical Power|p1a: Iron Hands\n|-supereffective|p1a: Iron Hands\n|-damage|p1a: Iron Hands|17\/100\n|-boost|p2a: Uxie|spa|1\n|move|p1a: Iron Hands|Thunder Punch|p2a: Uxie\n|-damage|p2a: Uxie|61\/100\n|\n|-heal|p2a: Uxie|67\/100|[from] item: Leftovers\n|upkeep\n|turn|25\n|\n|t:|1699902490\n|move|p2a: Uxie|Draining Kiss|p1a: Iron Hands\n|-supereffective|p1a: Iron Hands\n|-damage|p1a: Iron Hands|0 fnt\n|-heal|p2a: Uxie|85\/100|[from] drain|[of] p1a: Iron Hands\n|faint|p1a: Iron Hands\n|-end|p1a: Iron Hands|Quark Drive|[silent]\n|\n|-heal|p2a: Uxie|91\/100|[from] item: Leftovers\n|upkeep\n|\n|t:|1699902494\n|switch|p1a: Alomomola|Alomomola, F|81\/100\n|-damage|p1a: Alomomola|69\/100|[from] Stealth Rock\n|turn|26\n|\n|t:|1699902503\n|move|p2a: Uxie|Mystical Power|p1a: Alomomola\n|-damage|p1a: Alomomola|0 fnt\n|-boost|p2a: Uxie|spa|1\n|faint|p1a: Alomomola\n|\n|-heal|p2a: Uxie|97\/100|[from] item: Leftovers\n|upkeep\n|\n|t:|1699902505\n|switch|p1a: Zapdos|Zapdos|76\/100\n|turn|27\n|\n|t:|1699902513\n|move|p1a: Zapdos|Hurricane|p2a: Uxie\n|-damage|p2a: Uxie|57\/100\n|-start|p2a: Uxie|confusion\n|-activate|p2a: Uxie|confusion\n|move|p2a: Uxie|Mystical Power|p1a: Zapdos\n|-damage|p1a: Zapdos|12\/100\n|\n|-heal|p2a: Uxie|63\/100|[from] item: Leftovers\n|upkeep\n|turn|28\n|\n|t:|1699902527\n|move|p1a: Zapdos|Hurricane|p2a: Uxie|[miss]\n|-miss|p1a: Zapdos|p2a: Uxie\n|-activate|p2a: Uxie|confusion\n|-damage|p2a: Uxie|61\/100|[from] confusion\n|\n|-heal|p2a: Uxie|67\/100|[from] item: Leftovers\n|upkeep\n|turn|29\n|\n|t:|1699902536\n|move|p1a: Zapdos|Hurricane|p2a: Uxie|[miss]\n|-miss|p1a: Zapdos|p2a: Uxie\n|-end|p2a: Uxie|confusion\n|move|p2a: Uxie|Draining Kiss|p1a: Zapdos\n|-damage|p1a: Zapdos|0 fnt\n|-heal|p2a: Uxie|77\/100|[from] drain|[of] p1a: Zapdos\n|-status|p2a: Uxie|par|[from] ability: Static|[of] p1a: Zapdos\n|faint|p1a: Zapdos\n|\n|-heal|p2a: Uxie|83\/100 par|[from] item: Leftovers\n|upkeep\n|\n|t:|1699902539\n|switch|p1a: Cresselia|Cresselia, F|66\/100 slp\n|-damage|p1a: Cresselia|54\/100 slp|[from] Stealth Rock\n|turn|30\n|\n|t:|1699902552\n|cant|p1a: Cresselia|slp\n|cant|p2a: Uxie|par\n|\n|-heal|p2a: Uxie|89\/100 par|[from] item: Leftovers\n|upkeep\n|turn|31\n|\n|t:|1699902559\n|cant|p1a: Cresselia|slp\n|move|p2a: Uxie|Draining Kiss|p1a: Cresselia\n|-damage|p1a: Cresselia|28\/100 slp\n|-heal|p2a: Uxie|100\/100 par|[from] drain|[of] p1a: Cresselia\n|\n|upkeep\n|turn|32\n|\n|t:|1699902566\n|-curestatus|p1a: Cresselia|slp|[msg]\n|move|p1a: Cresselia|Moonlight|p1a: Cresselia\n|-heal|p1a: Cresselia|78\/100\n|cant|p2a: Uxie|par\n|\n|upkeep\n|turn|33\n|\n|t:|1699902574\n|move|p1a: Cresselia|Calm Mind|p1a: Cresselia\n|-boost|p1a: Cresselia|spa|1\n|-boost|p1a: Cresselia|spd|1\n|move|p2a: Uxie|Yawn|p1a: Cresselia\n|-start|p1a: Cresselia|move: Yawn|[of] p2a: Uxie\n|\n|upkeep\n|turn|34\n|\n|t:|1699902583\n|move|p1a: Cresselia|Calm Mind|p1a: Cresselia\n|-boost|p1a: Cresselia|spa|1\n|-boost|p1a: Cresselia|spd|1\n|cant|p2a: Uxie|par\n|\n|-end|p1a: Cresselia|move: Yawn|[silent]\n|-status|p1a: Cresselia|slp\n|upkeep\n|turn|35\n|\n|t:|1699902592\n|switch|p2a: Conkeldurr|Conkeldurr, M|94\/100 brn\n|cant|p1a: Cresselia|slp\n|\n|-damage|p2a: Conkeldurr|88\/100 brn|[from] brn\n|upkeep\n|turn|36\n|\n|t:|1699902600\n|cant|p1a: Cresselia|slp\n|move|p2a: Conkeldurr|Knock Off|p1a: Cresselia\n|-supereffective|p1a: Cresselia\n|-damage|p1a: Cresselia|5\/100 slp\n|-enditem|p1a: Cresselia|Covert Cloak|[from] move: Knock Off|[of] p2a: Conkeldurr\n|\n|-damage|p2a: Conkeldurr|82\/100 brn|[from] brn\n|upkeep\n|turn|37\n|\n|t:|1699902609\n|move|p2a: Conkeldurr|Mach Punch|p1a: Cresselia\n|-resisted|p1a: Cresselia\n|-damage|p1a: Cresselia|0 fnt\n|faint|p1a: Cresselia\n|\n|win|Kmud8\n|raw|Faerie_God's rating: 1266 &rarr; <strong>1241<\/strong><br \/>(-25 for losing)\n|raw|Kmud8's rating: 1267 &rarr; <strong>1292<\/strong><br \/>(+25 for winning)\n|l|\u2606Faerie_God\n","uploadtime":1699902622,"views":19,"p1id":"faeriegod","p2id":"kmud8","formatid":"gen9ou","rating":1241,"private":0,"password":""}