{"id":"gen9ou-1992204750","p1":"Dylan in the MA","p2":"Toinou2112","format":"[Gen 9] OU","log":"|j|\u2606Dylan in the MA\n|j|\u2606Toinou2112\n|t:|1700163694\n|gametype|singles\n|player|p1|Dylan in the MA|striker|\n|player|p2|Toinou2112|grimsley|\n|teamsize|p1|6\n|teamsize|p2|6\n|gen|9\n|tier|[Gen 9] OU\n|rule|Sleep Clause Mod: Limit one foe put to sleep\n|rule|Species Clause: Limit one of each Pok\u00e9mon\n|rule|OHKO Clause: OHKO moves are banned\n|rule|Evasion Items Clause: Evasion items are banned\n|rule|Evasion Moves Clause: Evasion moves are banned\n|rule|Endless Battle Clause: Forcing endless battles is banned\n|rule|HP Percentage Mod: HP is shown in percentages\n|clearpoke\n|poke|p1|Mandibuzz, F|\n|poke|p1|Dragapult, M|\n|poke|p1|Clefable, F|\n|poke|p1|Garganacl, M|\n|poke|p1|Dondozo, M|\n|poke|p1|Grimmsnarl, M|\n|poke|p2|Dragapult, M|\n|poke|p2|Hatterene, F|\n|poke|p2|Mandibuzz, F|\n|poke|p2|Great Tusk|\n|poke|p2|Ogerpon-Wellspring, F|\n|poke|p2|Kingambit, F|\n|teampreview\n|\n|t:|1700163727\n|start\n|switch|p1a: F\u00e9e|Garganacl, M|100\/100\n|switch|p2a: Psy|Hatterene, F|100\/100\n|turn|1\n|\n|t:|1700163743\n|-terastallize|p1a: F\u00e9e|Fairy\n|move|p1a: F\u00e9e|Curse|p1a: F\u00e9e\n|-unboost|p1a: F\u00e9e|spe|1\n|-boost|p1a: F\u00e9e|atk|1\n|-boost|p1a: F\u00e9e|def|1\n|move|p2a: Psy|Calm Mind|p2a: Psy\n|-boost|p2a: Psy|spa|1\n|-boost|p2a: Psy|spd|1\n|\n|upkeep\n|turn|2\n|\n|t:|1700163755\n|move|p2a: Psy|Psyshock|p1a: F\u00e9e\n|-damage|p1a: F\u00e9e|67\/100\n|move|p1a: F\u00e9e|Salt Cure|p2a: Psy\n|-damage|p2a: Psy|79\/100\n|-start|p2a: Psy|Salt Cure\n|\n|-heal|p2a: Psy|85\/100|[from] item: Leftovers\n|-heal|p1a: F\u00e9e|73\/100|[from] item: Leftovers\n|-damage|p2a: Psy|73\/100|[from] Salt Cure\n|upkeep\n|turn|3\n|\n|t:|1700163775\n|move|p2a: Psy|Draining Kiss|p1a: F\u00e9e\n|-damage|p1a: F\u00e9e|42\/100\n|-heal|p2a: Psy|100\/100|[from] drain|[of] p1a: F\u00e9e\n|move|p1a: F\u00e9e|Earthquake|p2a: Psy\n|-damage|p2a: Psy|66\/100\n|\n|-heal|p2a: Psy|72\/100|[from] item: Leftovers\n|-heal|p1a: F\u00e9e|48\/100|[from] item: Leftovers\n|-damage|p2a: Psy|60\/100|[from] Salt Cure\n|upkeep\n|turn|4\n|\n|t:|1700163792\n|move|p2a: Psy|Draining Kiss|p1a: F\u00e9e\n|-damage|p1a: F\u00e9e|20\/100\n|-heal|p2a: Psy|93\/100|[from] drain|[of] p1a: F\u00e9e\n|move|p1a: F\u00e9e|Recover|p1a: F\u00e9e\n|-heal|p1a: F\u00e9e|70\/100\n|\n|-heal|p2a: Psy|99\/100|[from] item: Leftovers\n|-heal|p1a: F\u00e9e|76\/100|[from] item: Leftovers\n|-damage|p2a: Psy|87\/100|[from] Salt Cure\n|upkeep\n|turn|5\n|\n|t:|1700163812\n|switch|p1a: Water|Clefable, F|100\/100\n|move|p2a: Psy|Calm Mind|p2a: Psy\n|-boost|p2a: Psy|spa|1\n|-boost|p2a: Psy|spd|1\n|\n|-heal|p2a: Psy|93\/100|[from] item: Leftovers\n|-damage|p2a: Psy|81\/100|[from] Salt Cure\n|upkeep\n|turn|6\n|\n|t:|1700163825\n|move|p1a: Water|Calm Mind|p1a: Water\n|-boost|p1a: Water|spa|1\n|-boost|p1a: Water|spd|1\n|move|p2a: Psy|Psyshock|p1a: Water\n|-damage|p1a: Water|65\/100\n|\n|-heal|p1a: Water|72\/100|[from] item: Leftovers\n|-heal|p2a: Psy|87\/100|[from] item: Leftovers\n|-damage|p2a: Psy|75\/100|[from] Salt Cure\n|upkeep\n|turn|7\n|\n|t:|1700163837\n|move|p1a: Water|Calm Mind|p1a: Water\n|-boost|p1a: Water|spa|1\n|-boost|p1a: Water|spd|1\n|move|p2a: Psy|Draining Kiss|p1a: Water\n|-damage|p1a: Water|57\/100\n|-heal|p2a: Psy|91\/100|[from] drain|[of] p1a: Water\n|\n|-heal|p1a: Water|63\/100|[from] item: Leftovers\n|-heal|p2a: Psy|97\/100|[from] item: Leftovers\n|-damage|p2a: Psy|85\/100|[from] Salt Cure\n|upkeep\n|turn|8\n|\n|t:|1700163851\n|move|p1a: Water|Draining Kiss|p2a: Psy\n|-damage|p2a: Psy|43\/100\n|-heal|p1a: Water|84\/100|[from] drain|[of] p2a: Psy\n|move|p2a: Psy|Calm Mind|p2a: Psy\n|-boost|p2a: Psy|spa|1\n|-boost|p2a: Psy|spd|1\n|\n|-heal|p1a: Water|90\/100|[from] item: Leftovers\n|-heal|p2a: Psy|49\/100|[from] item: Leftovers\n|-damage|p2a: Psy|37\/100|[from] Salt Cure\n|upkeep\n|turn|9\n|\n|t:|1700163864\n|move|p1a: Water|Draining Kiss|p2a: Psy\n|-damage|p2a: Psy|0 fnt\n|-heal|p1a: Water|100\/100|[from] drain|[of] p2a: Psy\n|faint|p2a: Psy\n|\n|upkeep\n|\n|t:|1700163876\n|switch|p2a: Eau|Ogerpon-Wellspring, F|100\/100\n|turn|10\n|\n|t:|1700163886\n|-terastallize|p2a: Eau|Water\n|detailschange|p2a: Eau|Ogerpon-Wellspring-Tera, F, tera:Water\n|-ability|p2a: Eau|Embody Aspect (Wellspring)|boost\n|-boost|p2a: Eau|spd|1\n|move|p2a: Eau|Swords Dance|p2a: Eau\n|-boost|p2a: Eau|atk|2\n|move|p1a: Water|Draining Kiss|p2a: Eau\n|-damage|p2a: Eau|59\/100\n|\n|upkeep\n|turn|11\n|\n|t:|1700163899\n|move|p2a: Eau|Horn Leech|p1a: Water\n|-damage|p1a: Water|66\/100\n|-heal|p2a: Eau|81\/100|[from] drain|[of] p1a: Water\n|move|p1a: Water|Draining Kiss|p2a: Eau\n|-damage|p2a: Eau|40\/100\n|-heal|p1a: Water|90\/100|[from] drain|[of] p2a: Eau\n|\n|-heal|p1a: Water|96\/100|[from] item: Leftovers\n|upkeep\n|turn|12\n|\n|t:|1700163909\n|move|p2a: Eau|Ivy Cudgel|p1a: Water|[anim] Ivy Cudgel Water\n|-damage|p1a: Water|30\/100\n|move|p1a: Water|Draining Kiss|p2a: Eau\n|-damage|p2a: Eau|1\/100\n|-heal|p1a: Water|53\/100|[from] drain|[of] p2a: Eau\n|\n|-heal|p1a: Water|59\/100|[from] item: Leftovers\n|upkeep\n|turn|13\n|\n|t:|1700163919\n|move|p2a: Eau|Ivy Cudgel|p1a: Water|[anim] Ivy Cudgel Water\n|-damage|p1a: Water|1\/100\n|move|p1a: Water|Draining Kiss|p2a: Eau\n|-damage|p2a: Eau|0 fnt\n|-heal|p1a: Water|1\/100|[from] drain|[of] p2a: Eau\n|faint|p2a: Eau\n|\n|-heal|p1a: Water|7\/100|[from] item: Leftovers\n|upkeep\n|\n|t:|1700163933\n|switch|p2a: Water|Great Tusk|100\/100\n|turn|14\n|\n|t:|1700163940\n|move|p2a: Water|Earthquake|p1a: Water\n|-damage|p1a: Water|0 fnt\n|faint|p1a: Water\n|\n|upkeep\n|\n|t:|1700163947\n|switch|p1a: Combat|Grimmsnarl, M|100\/100\n|turn|15\n|\n|t:|1700163959\n|move|p1a: Combat|Reflect|p1a: Combat\n|-sidestart|p1: Dylan in the MA|Reflect\n|move|p2a: Water|Knock Off|p1a: Combat\n|-resisted|p1a: Combat\n|-damage|p1a: Combat|97\/100\n|-enditem|p1a: Combat|Light Clay|[from] move: Knock Off|[of] p2a: Water\n|\n|upkeep\n|turn|16\n|\n|t:|1700163967\n|move|p1a: Combat|Parting Shot|p2a: Water\n|-unboost|p2a: Water|atk|1\n|-unboost|p2a: Water|spa|1\n|\n|t:|1700163985\n|switch|p1a: Poison|Mandibuzz, F|100\/100|[from] Parting Shot\n|move|p2a: Water|Stealth Rock|p1a: Poison\n|-sidestart|p1: Dylan in the MA|move: Stealth Rock\n|\n|upkeep\n|turn|17\n|\n|t:|1700163994\n|move|p2a: Water|Knock Off|p1a: Poison\n|-resisted|p1a: Poison\n|-damage|p1a: Poison|97\/100\n|-enditem|p1a: Poison|Heavy-Duty Boots|[from] move: Knock Off|[of] p2a: Water\n|move|p1a: Poison|U-turn|p2a: Water\n|-resisted|p2a: Water\n|-damage|p2a: Water|98\/100\n|\n|t:|1700164006\n|switch|p1a: F\u00e9e|Garganacl, M, tera:Fairy|76\/100|[from] U-turn\n|-damage|p1a: F\u00e9e|63\/100|[from] Stealth Rock\n|\n|-heal|p2a: Water|100\/100|[from] item: Leftovers\n|-heal|p1a: F\u00e9e|70\/100|[from] item: Leftovers\n|upkeep\n|turn|18\n|\n|t:|1700164016\n|move|p2a: Water|Knock Off|p1a: F\u00e9e\n|-resisted|p1a: F\u00e9e\n|-damage|p1a: F\u00e9e|67\/100\n|-enditem|p1a: F\u00e9e|Leftovers|[from] move: Knock Off|[of] p2a: Water\n|move|p1a: F\u00e9e|Curse|p1a: F\u00e9e\n|-unboost|p1a: F\u00e9e|spe|1\n|-boost|p1a: F\u00e9e|atk|1\n|-boost|p1a: F\u00e9e|def|1\n|\n|upkeep\n|turn|19\n|\n|t:|1700164043\n|move|p2a: Water|Earthquake|p1a: F\u00e9e\n|-damage|p1a: F\u00e9e|60\/100\n|move|p1a: F\u00e9e|Salt Cure|p2a: Water\n|-resisted|p2a: Water\n|-crit|p2a: Water\n|-damage|p2a: Water|96\/100\n|-start|p2a: Water|Salt Cure\n|\n|-heal|p2a: Water|100\/100|[from] item: Leftovers\n|-damage|p2a: Water|88\/100|[from] Salt Cure\n|upkeep\n|turn|20\n|\n|t:|1700164054\n|-end|p2a: Water|Protosynthesis|[silent]\n|switch|p2a: Spectre|Dragapult, M|100\/100\n|move|p1a: F\u00e9e|Curse|p1a: F\u00e9e\n|-unboost|p1a: F\u00e9e|spe|1\n|-boost|p1a: F\u00e9e|atk|1\n|-boost|p1a: F\u00e9e|def|1\n|\n|upkeep\n|turn|21\n|\n|t:|1700164065\n|move|p2a: Spectre|Shadow Ball|p1a: F\u00e9e\n|-crit|p1a: F\u00e9e\n|-damage|p1a: F\u00e9e|34\/100\n|move|p1a: F\u00e9e|Salt Cure|p2a: Spectre\n|-damage|p2a: Spectre|64\/100\n|-start|p2a: Spectre|Salt Cure\n|\n|-damage|p2a: Spectre|51\/100|[from] Salt Cure\n|upkeep\n|turn|22\n|\n|t:|1700164078\n|move|p2a: Spectre|Shadow Ball|p1a: F\u00e9e\n|-damage|p1a: F\u00e9e|17\/100\n|move|p1a: F\u00e9e|Recover|p1a: F\u00e9e\n|-heal|p1a: F\u00e9e|67\/100\n|\n|-damage|p2a: Spectre|39\/100|[from] Salt Cure\n|-sideend|p1: Dylan in the MA|Reflect\n|upkeep\n|turn|23\n|\n|t:|1700164088\n|move|p2a: Spectre|Shadow Ball|p1a: F\u00e9e\n|-damage|p1a: F\u00e9e|50\/100\n|move|p1a: F\u00e9e|Curse|p1a: F\u00e9e\n|-unboost|p1a: F\u00e9e|spe|1\n|-boost|p1a: F\u00e9e|atk|1\n|-boost|p1a: F\u00e9e|def|1\n|\n|-damage|p2a: Spectre|27\/100|[from] Salt Cure\n|upkeep\n|turn|24\n|\n|t:|1700164100\n|move|p2a: Spectre|Shadow Ball|p1a: F\u00e9e\n|-damage|p1a: F\u00e9e|34\/100\n|move|p1a: F\u00e9e|Recover|p1a: F\u00e9e\n|-heal|p1a: F\u00e9e|84\/100\n|\n|-damage|p2a: Spectre|14\/100|[from] Salt Cure\n|upkeep\n|turn|25\n|\n|t:|1700164110\n|move|p2a: Spectre|Shadow Ball|p1a: F\u00e9e\n|-damage|p1a: F\u00e9e|66\/100\n|-unboost|p1a: F\u00e9e|spd|1\n|move|p1a: F\u00e9e|Curse|p1a: F\u00e9e\n|-unboost|p1a: F\u00e9e|spe|1\n|-boost|p1a: F\u00e9e|atk|1\n|-boost|p1a: F\u00e9e|def|1\n|\n|-damage|p2a: Spectre|2\/100|[from] Salt Cure\n|upkeep\n|turn|26\n|\n|t:|1700164121\n|move|p2a: Spectre|Shadow Ball|p1a: F\u00e9e\n|-damage|p1a: F\u00e9e|42\/100\n|-unboost|p1a: F\u00e9e|spd|1\n|move|p1a: F\u00e9e|Recover|p1a: F\u00e9e\n|-heal|p1a: F\u00e9e|92\/100\n|\n|-damage|p2a: Spectre|0 fnt|[from] Salt Cure\n|faint|p2a: Spectre\n|upkeep\n|\n|t:|1700164131\n|switch|p2a: Water|Great Tusk|88\/100\n|turn|27\n|\n|t:|1700164139\n|move|p2a: Water|Earthquake|p1a: F\u00e9e\n|-damage|p1a: F\u00e9e|82\/100\n|move|p1a: F\u00e9e|Salt Cure|p2a: Water\n|-resisted|p2a: Water\n|-damage|p2a: Water|83\/100\n|-start|p2a: Water|Salt Cure\n|\n|-heal|p2a: Water|89\/100|[from] item: Leftovers\n|-damage|p2a: Water|77\/100|[from] Salt Cure\n|upkeep\n|turn|28\n|\n|t:|1700164150\n|move|p2a: Water|Earthquake|p1a: F\u00e9e\n|-damage|p1a: F\u00e9e|72\/100\n|move|p1a: F\u00e9e|Curse|p1a: F\u00e9e\n|-unboost|p1a: F\u00e9e|spe|1\n|-boost|p1a: F\u00e9e|atk|1\n|-boost|p1a: F\u00e9e|def|1\n|\n|-heal|p2a: Water|83\/100|[from] item: Leftovers\n|-damage|p2a: Water|71\/100|[from] Salt Cure\n|upkeep\n|turn|29\n|\n|t:|1700164160\n|move|p2a: Water|Knock Off|p1a: F\u00e9e\n|-resisted|p1a: F\u00e9e\n|-damage|p1a: F\u00e9e|70\/100\n|move|p1a: F\u00e9e|Curse|p1a: F\u00e9e\n|-unboost|p1a: F\u00e9e|spe|1\n|-boost|p1a: F\u00e9e|atk|1\n|-boost|p1a: F\u00e9e|def|1\n|\n|-heal|p2a: Water|77\/100|[from] item: Leftovers\n|-damage|p2a: Water|64\/100|[from] Salt Cure\n|upkeep\n|turn|30\n|\n|t:|1700164174\n|move|p2a: Water|Stealth Rock||[still]\n|-fail|p2a: Water\n|move|p1a: F\u00e9e|Salt Cure|p2a: Water\n|-resisted|p2a: Water\n|-damage|p2a: Water|57\/100\n|\n|-heal|p2a: Water|63\/100|[from] item: Leftovers\n|-damage|p2a: Water|51\/100|[from] Salt Cure\n|upkeep\n|turn|31\n|-message|Toinou2112 forfeited.\n|\n|win|Dylan in the MA\n|l|\u2606Toinou2112\n","uploadtime":1700164188,"views":9,"p1id":"dylaninthema","p2id":"toinou2112","formatid":"gen9ou","rating":0,"private":0,"password":""}