{"id":"gen9ou-1993192147","p1":"Luxray Through","p2":"Gutoso","format":"[Gen 9] OU","log":"|j|\u2606Luxray Through\n|j|\u2606Gutoso\n|t:|1700276121\n|gametype|singles\n|player|p1|Luxray Through|2|1420\n|player|p2|Gutoso|blue-gen3two|1432\n|teamsize|p1|6\n|teamsize|p2|6\n|gen|9\n|tier|[Gen 9] OU\n|rated|\n|rule|Sleep Clause Mod: Limit one foe put to sleep\n|rule|Species Clause: Limit one of each Pok\u00e9mon\n|rule|OHKO Clause: OHKO moves are banned\n|rule|Evasion Items Clause: Evasion items are banned\n|rule|Evasion Moves Clause: Evasion moves are banned\n|rule|Endless Battle Clause: Forcing endless battles is banned\n|rule|HP Percentage Mod: HP is shown in percentages\n|clearpoke\n|poke|p1|Vikavolt, F|\n|poke|p1|Enamorus, F|\n|poke|p1|Great Tusk|\n|poke|p1|Gholdengo|\n|poke|p1|Kommo-o, M|\n|poke|p1|Iron Moth|\n|poke|p2|Jirachi|\n|poke|p2|Thundurus-Therian, M|\n|poke|p2|Weavile, M|\n|poke|p2|Salazzle, F|\n|poke|p2|Dragonite, F|\n|poke|p2|Hatterene, F|\n|teampreview\n|\n|t:|1700276149\n|start\n|switch|p1a: Tony Komo|Kommo-o, M|100\/100\n|switch|p2a: Thundurus|Thundurus-Therian, M|100\/100\n|turn|1\n|\n|t:|1700276178\n|move|p2a: Thundurus|Volt Switch|p1a: Tony Komo\n|-resisted|p1a: Tony Komo\n|-damage|p1a: Tony Komo|76\/100\n|\n|t:|1700276179\n|switch|p2a: Hatterene|Hatterene, F|100\/100|[from] Volt Switch\n|move|p1a: Tony Komo|Clangorous Soul|p1a: Tony Komo\n|-boost|p1a: Tony Komo|atk|1\n|-boost|p1a: Tony Komo|def|1\n|-boost|p1a: Tony Komo|spa|1\n|-boost|p1a: Tony Komo|spd|1\n|-boost|p1a: Tony Komo|spe|1\n|-damage|p1a: Tony Komo|43\/100\n|\n|-heal|p1a: Tony Komo|50\/100|[from] item: Leftovers\n|upkeep\n|turn|2\n|\n|t:|1700276213\n|-terastallize|p1a: Tony Komo|Fire\n|move|p1a: Tony Komo|Flamethrower|p2a: Hatterene\n|-damage|p2a: Hatterene|49\/100\n|-status|p2a: Hatterene|brn\n|move|p2a: Hatterene|Psyshock|p1a: Tony Komo\n|-crit|p1a: Tony Komo\n|-damage|p1a: Tony Komo|0 fnt\n|faint|p1a: Tony Komo\n|\n|-damage|p2a: Hatterene|42\/100 brn|[from] brn\n|upkeep\n|\n|t:|1700276234\n|switch|p1a: Pink Flyday|Enamorus, F, shiny|100\/100\n|turn|3\n|\n|t:|1700276245\n|switch|p2a: Salazzle|Salazzle, F|100\/100\n|move|p1a: Pink Flyday|Moonblast|p2a: Salazzle\n|-resisted|p2a: Salazzle\n|-damage|p2a: Salazzle|76\/100\n|-unboost|p2a: Salazzle|spa|1\n|-damage|p1a: Pink Flyday|91\/100|[from] item: Life Orb\n|\n|-heal|p2a: Salazzle|82\/100|[from] item: Black Sludge\n|upkeep\n|turn|4\n|\n|t:|1700276251\n|switch|p1a: Both Baby|Iron Moth|100\/100\n|-enditem|p1a: Both Baby|Booster Energy\n|-activate|p1a: Both Baby|ability: Quark Drive|[fromitem]\n|-start|p1a: Both Baby|quarkdrivespe\n|move|p2a: Salazzle|Toxic|p1a: Both Baby\n|-status|p1a: Both Baby|tox\n|\n|-heal|p2a: Salazzle|88\/100|[from] item: Black Sludge\n|-damage|p1a: Both Baby|94\/100 tox|[from] psn\n|upkeep\n|turn|5\n|\n|t:|1700276257\n|move|p2a: Salazzle|Protect|p2a: Salazzle\n|-singleturn|p2a: Salazzle|Protect\n|move|p1a: Both Baby|Fiery Dance|p2a: Salazzle\n|-activate|p2a: Salazzle|move: Protect\n|\n|-heal|p2a: Salazzle|94\/100|[from] item: Black Sludge\n|-damage|p1a: Both Baby|82\/100 tox|[from] psn\n|upkeep\n|turn|6\n|\n|t:|1700276260\n|move|p1a: Both Baby|Fiery Dance|p2a: Salazzle\n|-resisted|p2a: Salazzle\n|-damage|p2a: Salazzle|62\/100\n|move|p2a: Salazzle|Substitute|p2a: Salazzle\n|-start|p2a: Salazzle|Substitute\n|-damage|p2a: Salazzle|38\/100\n|\n|-heal|p2a: Salazzle|44\/100|[from] item: Black Sludge\n|-damage|p1a: Both Baby|64\/100 tox|[from] psn\n|upkeep\n|turn|7\n|\n|t:|1700276264\n|move|p2a: Salazzle|Protect|p2a: Salazzle\n|-singleturn|p2a: Salazzle|Protect\n|move|p1a: Both Baby|Fiery Dance|p2a: Salazzle\n|-activate|p2a: Salazzle|move: Protect\n|\n|-heal|p2a: Salazzle|50\/100|[from] item: Black Sludge\n|-damage|p1a: Both Baby|39\/100 tox|[from] psn\n|upkeep\n|turn|8\n|\n|t:|1700276269\n|move|p1a: Both Baby|Fiery Dance|p2a: Salazzle\n|-resisted|p2a: Salazzle\n|-end|p2a: Salazzle|Substitute\n|-boost|p1a: Both Baby|spa|1\n|move|p2a: Salazzle|Flamethrower|p1a: Both Baby\n|-resisted|p1a: Both Baby\n|-damage|p1a: Both Baby|27\/100 tox\n|\n|-heal|p2a: Salazzle|56\/100|[from] item: Black Sludge\n|-damage|p1a: Both Baby|0 fnt|[from] psn\n|faint|p1a: Both Baby\n|-end|p1a: Both Baby|Quark Drive|[silent]\n|upkeep\n|\n|t:|1700276282\n|switch|p1a: Dentist G-Ram|Great Tusk|100\/100\n|-enditem|p1a: Dentist G-Ram|Booster Energy\n|-activate|p1a: Dentist G-Ram|ability: Protosynthesis|[fromitem]\n|-start|p1a: Dentist G-Ram|protosynthesisatk\n|turn|9\n|\n|t:|1700276290\n|switch|p2a: Hatterene|Hatterene, F|42\/100 brn\n|move|p1a: Dentist G-Ram|Rapid Spin|p2a: Hatterene\n|-damage|p2a: Hatterene|16\/100 brn\n|-boost|p1a: Dentist G-Ram|spe|1\n|\n|-damage|p2a: Hatterene|10\/100 brn|[from] brn\n|upkeep\n|turn|10\n|\n|t:|1700276294\n|move|p1a: Dentist G-Ram|Rapid Spin|p2a: Hatterene\n|-crit|p2a: Hatterene\n|-damage|p2a: Hatterene|0 fnt\n|-boost|p1a: Dentist G-Ram|spe|1\n|faint|p2a: Hatterene\n|\n|upkeep\n|\n|t:|1700276299\n|switch|p2a: Thundurus|Thundurus-Therian, M|100\/100\n|turn|11\n|\n|t:|1700276306\n|-terastallize|p2a: Thundurus|Ice\n|move|p1a: Dentist G-Ram|Ice Spinner|p2a: Thundurus\n|-resisted|p2a: Thundurus\n|-damage|p2a: Thundurus|71\/100\n|move|p2a: Thundurus|Tera Blast|p1a: Dentist G-Ram|[anim] Tera Blast Ice\n|-supereffective|p1a: Dentist G-Ram\n|-damage|p1a: Dentist G-Ram|0 fnt\n|faint|p1a: Dentist G-Ram\n|-end|p1a: Dentist G-Ram|Protosynthesis|[silent]\n|\n|upkeep\n|\n|t:|1700276315\n|switch|p1a: Pink Flyday|Enamorus, F, shiny|91\/100\n|turn|12\n|\n|t:|1700276323\n|move|p1a: Pink Flyday|Earth Power|p2a: Thundurus\n|-damage|p2a: Thundurus|32\/100\n|-damage|p1a: Pink Flyday|81\/100|[from] item: Life Orb\n|move|p2a: Thundurus|Tera Blast|p1a: Pink Flyday|[anim] Tera Blast Ice\n|-supereffective|p1a: Pink Flyday\n|-damage|p1a: Pink Flyday|0 fnt\n|faint|p1a: Pink Flyday\n|\n|upkeep\n|\n|t:|1700276327\n|switch|p1a: Vicodi\u00f1o|Vikavolt, F|100\/100\n|turn|13\n|\n|t:|1700276335\n|switch|p2a: Salazzle|Salazzle, F|56\/100\n|move|p1a: Vicodi\u00f1o|Volt Switch|p2a: Salazzle\n|-damage|p2a: Salazzle|0 fnt\n|faint|p2a: Salazzle\n|\n|t:|1700276340\n|switch|p1a: Djengo Unrained|Gholdengo|100\/100|[from] Volt Switch\n|-item|p1a: Djengo Unrained|Air Balloon\n|\n|upkeep\n|\n|t:|1700276343\n|switch|p2a: Weavile|Weavile, M|100\/100\n|turn|14\n|\n|t:|1700276347\n|move|p2a: Weavile|Knock Off|p1a: Djengo Unrained\n|-supereffective|p1a: Djengo Unrained\n|-damage|p1a: Djengo Unrained|0 fnt\n|-enditem|p1a: Djengo Unrained|Air Balloon\n|faint|p1a: Djengo Unrained\n|\n|upkeep\n|\n|t:|1700276349\n|switch|p1a: Vicodi\u00f1o|Vikavolt, F|100\/100\n|turn|15\n|\n|t:|1700276361\n|move|p2a: Weavile|Knock Off|p1a: Vicodi\u00f1o\n|-damage|p1a: Vicodi\u00f1o|51\/100\n|-enditem|p1a: Vicodi\u00f1o|Heavy-Duty Boots|[from] move: Knock Off|[of] p2a: Weavile\n|move|p1a: Vicodi\u00f1o|Bug Buzz|p2a: Weavile\n|-supereffective|p2a: Weavile\n|-damage|p2a: Weavile|2\/100\n|\n|upkeep\n|turn|16\n|\n|t:|1700276367\n|move|p2a: Weavile|Ice Spinner|p1a: Vicodi\u00f1o\n|-damage|p1a: Vicodi\u00f1o|10\/100\n|move|p1a: Vicodi\u00f1o|Bug Buzz|p2a: Weavile\n|-supereffective|p2a: Weavile\n|-crit|p2a: Weavile\n|-damage|p2a: Weavile|0 fnt\n|faint|p2a: Weavile\n|\n|upkeep\n|\n|t:|1700276372\n|switch|p2a: Thundurus|Thundurus-Therian, M, tera:Ice|32\/100\n|turn|17\n|\n|t:|1700276375\n|move|p2a: Thundurus|Tera Blast|p1a: Vicodi\u00f1o|[anim] Tera Blast Ice\n|-damage|p1a: Vicodi\u00f1o|0 fnt\n|faint|p1a: Vicodi\u00f1o\n|\n|win|Gutoso\n|raw|Luxray Through's rating: 1420 &rarr; <strong>1401<\/strong><br \/>(-19 for losing)\n|raw|Gutoso's rating: 1432 &rarr; <strong>1451<\/strong><br \/>(+19 for winning)\n|l|\u2606Luxray Through\n","uploadtime":1700276413,"views":12,"p1id":"luxraythrough","p2id":"gutoso","formatid":"gen9ou","rating":1401,"private":0,"password":""}