{"id":"gen9ou-1997953042","p1":"Duckycrater","p2":"datashdoh","format":"[Gen 9] OU","log":"|j|\u2606Duckycrater\n|j|\u2606datashdoh\n|t:|1700871523\n|gametype|singles\n|player|p1|Duckycrater|266|1644\n|player|p2|datashdoh|2|1652\n|teamsize|p1|6\n|teamsize|p2|6\n|gen|9\n|tier|[Gen 9] OU\n|rated|\n|rule|Sleep Clause Mod: Limit one foe put to sleep\n|rule|Species Clause: Limit one of each Pok\u00e9mon\n|rule|OHKO Clause: OHKO moves are banned\n|rule|Evasion Items Clause: Evasion items are banned\n|rule|Evasion Moves Clause: Evasion moves are banned\n|rule|Endless Battle Clause: Forcing endless battles is banned\n|rule|HP Percentage Mod: HP is shown in percentages\n|clearpoke\n|poke|p1|Rillaboom, F|\n|poke|p1|Cinderace, F|\n|poke|p1|Ogerpon-Cornerstone, F|\n|poke|p1|Kingambit, M|\n|poke|p1|Great Tusk|\n|poke|p1|Iron Valiant|\n|poke|p2|Rotom-Wash|\n|poke|p2|Corviknight, F|\n|poke|p2|Ting-Lu|\n|poke|p2|Cinderace, F|\n|poke|p2|Ogerpon-Cornerstone, F|\n|poke|p2|Dragapult, M|\n|teampreview\n|inactive|Battle timer is ON: inactive players will automatically lose when time's up. (requested by Duckycrater)\n|j|+Shellnuts\n|\n|t:|1700871543\n|start\n|switch|p1a: Rillaboom|Rillaboom, F|100\/100\n|switch|p2a: Cinderace|Cinderace, F|100\/100\n|-fieldstart|move: Grassy Terrain|[from] ability: Grassy Surge|[of] p1a: Rillaboom\n|turn|1\n|j| purpledrops\n|\n|t:|1700871552\n|switch|p1a: Cinderace|Cinderace, F|100\/100\n|move|p2a: Cinderace|U-turn|p1a: Cinderace\n|-start|p2a: Cinderace|typechange|Bug|[from] ability: Libero\n|-resisted|p1a: Cinderace\n|-damage|p1a: Cinderace|82\/100\n|l|+Shellnuts\n|\n|t:|1700871559\n|switch|p2a: Rotom|Rotom-Wash|100\/100|[from] U-turn\n|\n|-heal|p1a: Cinderace|88\/100|[from] Grassy Terrain\n|upkeep\n|turn|2\n|\n|t:|1700871564\n|move|p1a: Cinderace|U-turn|p2a: Rotom\n|-damage|p2a: Rotom|86\/100\n|\n|t:|1700871569\n|switch|p1a: Ogerpon|Ogerpon-Cornerstone, F|100\/100|[from] U-turn\n|move|p2a: Rotom|Thunder Wave|p1a: Ogerpon\n|-status|p1a: Ogerpon|par\n|\n|-heal|p2a: Rotom|92\/100|[from] item: Leftovers\n|upkeep\n|turn|3\n|\n|t:|1700871580\n|switch|p2a: Corviknight|Corviknight, F|100\/100\n|-ability|p2a: Corviknight|Pressure\n|cant|p1a: Ogerpon|par\n|\n|upkeep\n|turn|4\n|\n|t:|1700871590\n|switch|p1a: Cinderace|Cinderace, F|88\/100\n|move|p2a: Corviknight|Iron Defense|p2a: Corviknight\n|-boost|p2a: Corviknight|def|2\n|\n|-heal|p1a: Cinderace|94\/100|[from] Grassy Terrain\n|upkeep\n|turn|5\n|l| purpledrops\n|j| THEAsianFaLiUrE\n|\n|t:|1700871601\n|move|p1a: Cinderace|Will-O-Wisp|p2a: Corviknight\n|-status|p2a: Corviknight|brn\n|move|p2a: Corviknight|Body Press|p1a: Cinderace\n|-damage|p1a: Cinderace|62\/100\n|\n|-heal|p1a: Cinderace|69\/100|[from] Grassy Terrain\n|-damage|p2a: Corviknight|94\/100 brn|[from] brn\n|-fieldend|move: Grassy Terrain\n|upkeep\n|turn|6\n|\n|t:|1700871612\n|move|p1a: Cinderace|U-turn|p2a: Corviknight\n|-resisted|p2a: Corviknight\n|-damage|p2a: Corviknight|93\/100 brn\n|-damage|p1a: Cinderace|52\/100|[from] item: Rocky Helmet|[of] p2a: Corviknight\n|\n|t:|1700871616\n|switch|p1a: Iron Valiant|Iron Valiant|100\/100|[from] U-turn\n|-enditem|p1a: Iron Valiant|Booster Energy\n|-activate|p1a: Iron Valiant|ability: Quark Drive|[fromitem]\n|-start|p1a: Iron Valiant|quarkdrivespe\n|move|p2a: Corviknight|Body Press|p1a: Iron Valiant\n|-resisted|p1a: Iron Valiant\n|-damage|p1a: Iron Valiant|82\/100\n|\n|-damage|p2a: Corviknight|87\/100 brn|[from] brn\n|upkeep\n|turn|7\n|\n|t:|1700871621\n|move|p1a: Iron Valiant|Calm Mind|p1a: Iron Valiant\n|-boost|p1a: Iron Valiant|spa|1\n|-boost|p1a: Iron Valiant|spd|1\n|move|p2a: Corviknight|Brave Bird|p1a: Iron Valiant\n|-supereffective|p1a: Iron Valiant\n|-damage|p1a: Iron Valiant|33\/100\n|-damage|p2a: Corviknight|75\/100 brn|[from] Recoil\n|\n|-damage|p2a: Corviknight|69\/100 brn|[from] brn\n|upkeep\n|turn|8\n|\n|t:|1700871626\n|move|p1a: Iron Valiant|Thunderbolt|p2a: Corviknight\n|-supereffective|p2a: Corviknight\n|-damage|p2a: Corviknight|0 fnt\n|faint|p2a: Corviknight\n|\n|upkeep\n|\n|t:|1700871631\n|switch|p2a: Ting-Lu|Ting-Lu|100\/100\n|-ability|p2a: Ting-Lu|Vessel of Ruin\n|turn|9\n|\n|t:|1700871634\n|move|p1a: Iron Valiant|Moonblast|p2a: Ting-Lu\n|-supereffective|p2a: Ting-Lu\n|-damage|p2a: Ting-Lu|44\/100\n|-unboost|p2a: Ting-Lu|spa|1\n|move|p2a: Ting-Lu|Earthquake|p1a: Iron Valiant\n|-damage|p1a: Iron Valiant|0 fnt\n|faint|p1a: Iron Valiant\n|-end|p1a: Iron Valiant|Quark Drive|[silent]\n|\n|-heal|p2a: Ting-Lu|50\/100|[from] item: Leftovers\n|upkeep\n|\n|t:|1700871640\n|switch|p1a: Rillaboom|Rillaboom, F|100\/100\n|-fieldstart|move: Grassy Terrain|[from] ability: Grassy Surge|[of] p1a: Rillaboom\n|turn|10\n|j| Unearth Myself\n|\n|t:|1700871647\n|switch|p2a: Cinderace|Cinderace, F|100\/100\n|move|p1a: Rillaboom|Wood Hammer|p2a: Cinderace\n|-resisted|p2a: Cinderace\n|-damage|p2a: Cinderace|6\/100\n|-damage|p1a: Rillaboom|73\/100|[from] Recoil\n|\n|-heal|p2a: Cinderace|12\/100|[from] Grassy Terrain\n|-heal|p1a: Rillaboom|79\/100|[from] Grassy Terrain\n|upkeep\n|turn|11\n|j| derl\n|\n|t:|1700871655\n|switch|p1a: Ogerpon|Ogerpon-Cornerstone, F|100\/100 par\n|move|p2a: Cinderace|U-turn|p1a: Ogerpon\n|-start|p2a: Cinderace|typechange|Bug|[from] ability: Libero\n|-supereffective|p1a: Ogerpon\n|-damage|p1a: Ogerpon|13\/100 par\n|\n|t:|1700871666\n|switch|p2a: Dragapult|Dragapult, M|100\/100|[from] U-turn\n|\n|-heal|p1a: Ogerpon|19\/100 par|[from] Grassy Terrain\n|upkeep\n|turn|12\n|\n|t:|1700871670\n|move|p2a: Dragapult|U-turn|p1a: Ogerpon\n|-supereffective|p1a: Ogerpon\n|-damage|p1a: Ogerpon|0 fnt\n|faint|p1a: Ogerpon\n|\n|t:|1700871678\n|switch|p2a: Cinderace|Cinderace, F|12\/100|[from] U-turn\n|\n|-heal|p2a: Cinderace|18\/100|[from] Grassy Terrain\n|upkeep\n|\n|t:|1700871681\n|switch|p1a: Rillaboom|Rillaboom, F|79\/100\n|turn|13\n|\n|t:|1700871686\n|switch|p2a: Ting-Lu|Ting-Lu|50\/100\n|-ability|p2a: Ting-Lu|Vessel of Ruin\n|move|p1a: Rillaboom|Grassy Glide|p2a: Ting-Lu\n|-supereffective|p2a: Ting-Lu\n|-damage|p2a: Ting-Lu|0 fnt\n|faint|p2a: Ting-Lu\n|\n|-heal|p1a: Rillaboom|85\/100|[from] Grassy Terrain\n|upkeep\n|\n|t:|1700871693\n|switch|p2a: Dragapult|Dragapult, M|100\/100\n|turn|14\n|\n|t:|1700871696\n|switch|p1a: Cinderace|Cinderace, F|52\/100\n|move|p2a: Dragapult|Flamethrower|p1a: Cinderace\n|-resisted|p1a: Cinderace\n|-damage|p1a: Cinderace|28\/100\n|\n|-heal|p1a: Cinderace|34\/100|[from] Grassy Terrain\n|-fieldend|move: Grassy Terrain\n|upkeep\n|turn|15\n|\n|t:|1700871702\n|move|p2a: Dragapult|Flamethrower|p1a: Cinderace\n|-resisted|p1a: Cinderace\n|-damage|p1a: Cinderace|10\/100\n|move|p1a: Cinderace|U-turn|p2a: Dragapult\n|-resisted|p2a: Dragapult\n|-damage|p2a: Dragapult|87\/100\n|\n|t:|1700871708\n|switch|p1a: Kingambit|Kingambit, M|100\/100|[from] U-turn\n|-activate|p1a: Kingambit|ability: Supreme Overlord\n|-start|p1a: Kingambit|fallen2|[silent]\n|-item|p1a: Kingambit|Air Balloon\n|\n|upkeep\n|turn|16\n|\n|t:|1700871711\n|switch|p2a: Rotom|Rotom-Wash|92\/100\n|move|p1a: Kingambit|Sucker Punch||[still]\n|-fail|p1a: Kingambit\n|\n|-heal|p2a: Rotom|98\/100|[from] item: Leftovers\n|upkeep\n|turn|17\n|\n|t:|1700871717\n|-end|p1a: Kingambit|fallen2|[silent]\n|switch|p1a: Cinderace|Cinderace, F|10\/100\n|move|p2a: Rotom|Thunder Wave|p1a: Cinderace\n|-status|p1a: Cinderace|par\n|\n|-heal|p2a: Rotom|100\/100|[from] item: Leftovers\n|upkeep\n|turn|18\n|\n|t:|1700871722\n|move|p2a: Rotom|Volt Switch|p1a: Cinderace\n|-damage|p1a: Cinderace|0 fnt\n|faint|p1a: Cinderace\n|\n|t:|1700871731\n|switch|p2a: Dragapult|Dragapult, M|87\/100|[from] Volt Switch\n|\n|upkeep\n|\n|t:|1700871734\n|switch|p1a: Great Tusk|Great Tusk|100\/100\n|turn|19\n|\n|t:|1700871738\n|switch|p2a: Rotom|Rotom-Wash|100\/100\n|move|p1a: Great Tusk|Ice Spinner|p2a: Rotom\n|-resisted|p2a: Rotom\n|-damage|p2a: Rotom|91\/100\n|\n|-heal|p2a: Rotom|98\/100|[from] item: Leftovers\n|upkeep\n|turn|20\n|\n|t:|1700871743\n|move|p1a: Great Tusk|Stealth Rock|p2a: Rotom\n|-sidestart|p2: datashdoh|move: Stealth Rock\n|move|p2a: Rotom|Thunder Wave|p1a: Great Tusk\n|-immune|p1a: Great Tusk\n|\n|-heal|p2a: Rotom|100\/100|[from] item: Leftovers\n|upkeep\n|turn|21\n|\n|t:|1700871748\n|-end|p1a: Great Tusk|Protosynthesis|[silent]\n|switch|p1a: Rillaboom|Rillaboom, F|85\/100\n|-fieldstart|move: Grassy Terrain|[from] ability: Grassy Surge|[of] p1a: Rillaboom\n|move|p2a: Rotom|Thunder Wave|p1a: Rillaboom\n|-status|p1a: Rillaboom|par\n|\n|-heal|p1a: Rillaboom|91\/100 par|[from] Grassy Terrain\n|upkeep\n|turn|22\n|\n|t:|1700871752\n|move|p2a: Rotom|Protect|p2a: Rotom\n|-singleturn|p2a: Rotom|Protect\n|move|p1a: Rillaboom|Grassy Glide|p2a: Rotom\n|-activate|p2a: Rotom|move: Protect\n|\n|-heal|p1a: Rillaboom|98\/100 par|[from] Grassy Terrain\n|upkeep\n|turn|23\n|\n|t:|1700871762\n|-terastallize|p2a: Rotom|Steel\n|move|p1a: Rillaboom|Grassy Glide|p2a: Rotom\n|-resisted|p2a: Rotom\n|-damage|p2a: Rotom|76\/100\n|move|p2a: Rotom|Volt Switch|p1a: Rillaboom\n|-resisted|p1a: Rillaboom\n|-damage|p1a: Rillaboom|82\/100 par\n|\n|t:|1700871770\n|switch|p2a: Dragapult|Dragapult, M|87\/100|[from] Volt Switch\n|-damage|p2a: Dragapult|75\/100|[from] Stealth Rock\n|\n|-heal|p2a: Dragapult|81\/100|[from] Grassy Terrain\n|-heal|p1a: Rillaboom|88\/100 par|[from] Grassy Terrain\n|upkeep\n|turn|24\n|j| Exenaphiel\n|\n|t:|1700871777\n|cant|p1a: Rillaboom|par\n|move|p2a: Dragapult|Flamethrower|p1a: Rillaboom\n|-supereffective|p1a: Rillaboom\n|-damage|p1a: Rillaboom|0 fnt\n|faint|p1a: Rillaboom\n|\n|-heal|p2a: Dragapult|87\/100|[from] Grassy Terrain\n|upkeep\n|\n|t:|1700871781\n|switch|p1a: Great Tusk|Great Tusk|100\/100\n|turn|25\n|\n|t:|1700871804\n|switch|p2a: Rotom|Rotom-Wash, tera:Steel|76\/100\n|-damage|p2a: Rotom|70\/100|[from] Stealth Rock\n|move|p1a: Great Tusk|Ice Spinner|p2a: Rotom\n|-resisted|p2a: Rotom\n|-damage|p2a: Rotom|60\/100\n|-fieldend|move: Grassy Terrain\n|\n|-heal|p2a: Rotom|67\/100|[from] item: Leftovers\n|upkeep\n|turn|26\n|\n|t:|1700871815\n|move|p1a: Great Tusk|Earthquake|p2a: Rotom\n|-immune|p2a: Rotom|[from] ability: Levitate\n|move|p2a: Rotom|Hydro Pump|p1a: Great Tusk\n|-supereffective|p1a: Great Tusk\n|-damage|p1a: Great Tusk|4\/100\n|\n|-heal|p2a: Rotom|73\/100|[from] item: Leftovers\n|upkeep\n|turn|27\n|\n|t:|1700871820\n|move|p1a: Great Tusk|Ice Spinner|p2a: Rotom\n|-resisted|p2a: Rotom\n|-damage|p2a: Rotom|64\/100\n|move|p2a: Rotom|Hydro Pump|p1a: Great Tusk|[miss]\n|-miss|p2a: Rotom|p1a: Great Tusk\n|\n|-heal|p2a: Rotom|71\/100|[from] item: Leftovers\n|upkeep\n|turn|28\n|\n|t:|1700871824\n|move|p2a: Rotom|Protect|p2a: Rotom\n|-singleturn|p2a: Rotom|Protect\n|move|p1a: Great Tusk|Ice Spinner|p2a: Rotom\n|-activate|p2a: Rotom|move: Protect\n|\n|-heal|p2a: Rotom|77\/100|[from] item: Leftovers\n|upkeep\n|turn|29\n|\n|t:|1700871827\n|move|p1a: Great Tusk|Ice Spinner|p2a: Rotom\n|-resisted|p2a: Rotom\n|-damage|p2a: Rotom|68\/100\n|move|p2a: Rotom|Hydro Pump|p1a: Great Tusk\n|-supereffective|p1a: Great Tusk\n|-damage|p1a: Great Tusk|0 fnt\n|faint|p1a: Great Tusk\n|-end|p1a: Great Tusk|Protosynthesis|[silent]\n|\n|-heal|p2a: Rotom|74\/100|[from] item: Leftovers\n|upkeep\n|\n|t:|1700871829\n|switch|p1a: Kingambit|Kingambit, M|100\/100\n|-activate|p1a: Kingambit|ability: Supreme Overlord\n|-start|p1a: Kingambit|fallen5|[silent]\n|-item|p1a: Kingambit|Air Balloon\n|turn|30\n|\n|t:|1700871832\n|move|p2a: Rotom|Thunder Wave|p1a: Kingambit|[miss]\n|-miss|p2a: Rotom|p1a: Kingambit\n|move|p1a: Kingambit|Swords Dance|p1a: Kingambit\n|-boost|p1a: Kingambit|atk|2\n|\n|-heal|p2a: Rotom|80\/100|[from] item: Leftovers\n|upkeep\n|turn|31\n|\n|t:|1700871840\n|move|p2a: Rotom|Thunder Wave|p1a: Kingambit\n|-status|p1a: Kingambit|par\n|cant|p1a: Kingambit|par\n|\n|-heal|p2a: Rotom|87\/100|[from] item: Leftovers\n|upkeep\n|turn|32\n|\n|t:|1700871847\n|move|p2a: Rotom|Hydro Pump|p1a: Kingambit|[miss]\n|-miss|p2a: Rotom|p1a: Kingambit\n|move|p1a: Kingambit|Low Kick|p2a: Rotom\n|-supereffective|p2a: Rotom\n|-damage|p2a: Rotom|49\/100\n|\n|-heal|p2a: Rotom|55\/100|[from] item: Leftovers\n|upkeep\n|turn|33\n|\n|t:|1700871852\n|move|p2a: Rotom|Protect|p2a: Rotom\n|-singleturn|p2a: Rotom|Protect\n|move|p1a: Kingambit|Sucker Punch||[still]\n|-fail|p1a: Kingambit\n|\n|-heal|p2a: Rotom|62\/100|[from] item: Leftovers\n|upkeep\n|turn|34\n|\n|t:|1700871855\n|move|p2a: Rotom|Hydro Pump|p1a: Kingambit|[miss]\n|-miss|p2a: Rotom|p1a: Kingambit\n|move|p1a: Kingambit|Swords Dance|p1a: Kingambit\n|-boost|p1a: Kingambit|atk|2\n|\n|-heal|p2a: Rotom|68\/100|[from] item: Leftovers\n|upkeep\n|turn|35\n|\n|t:|1700871860\n|move|p1a: Kingambit|Sucker Punch|p2a: Rotom\n|-damage|p2a: Rotom|0 fnt\n|faint|p2a: Rotom\n|\n|upkeep\n|\n|t:|1700871863\n|switch|p2a: Cinderace|Cinderace, F|18\/100\n|turn|36\n|\n|t:|1700871867\n|-terastallize|p1a: Kingambit|Fighting\n|move|p1a: Kingambit|Sucker Punch||[still]\n|-fail|p1a: Kingambit\n|move|p2a: Cinderace|Court Change|p2a: Cinderace\n|-start|p2a: Cinderace|typechange|Normal|[from] ability: Libero\n|-swapsideconditions\n|-activate|p2a: Cinderace|move: Court Change\n|\n|upkeep\n|turn|37\n|\n|t:|1700871876\n|move|p2a: Cinderace|Pyro Ball|p1a: Kingambit\n|-damage|p1a: Kingambit|71\/100 par\n|-enditem|p1a: Kingambit|Air Balloon\n|move|p1a: Kingambit|Low Kick|p2a: Cinderace\n|-supereffective|p2a: Cinderace\n|-damage|p2a: Cinderace|0 fnt\n|faint|p2a: Cinderace\n|\n|upkeep\n|\n|t:|1700871885\n|switch|p2a: Dragapult|Dragapult, M|87\/100\n|turn|38\n|\n|t:|1700871888\n|switch|p2a: Ogerpon|Ogerpon-Cornerstone, F|100\/100\n|cant|p1a: Kingambit|par\n|\n|upkeep\n|turn|39\n|\n|t:|1700871898\n|move|p2a: Ogerpon|Power Whip|p1a: Kingambit\n|-damage|p1a: Kingambit|19\/100 par\n|move|p1a: Kingambit|Iron Head|p2a: Ogerpon\n|-supereffective|p2a: Ogerpon\n|-ability|p2a: Ogerpon|Sturdy\n|-damage|p2a: Ogerpon|1\/100\n|\n|upkeep\n|turn|40\n|\n|t:|1700871904\n|switch|p2a: Dragapult|Dragapult, M|87\/100\n|move|p1a: Kingambit|Sucker Punch||[still]\n|-fail|p1a: Kingambit\n|\n|upkeep\n|turn|41\n|\n|t:|1700871909\n|switch|p2a: Ogerpon|Ogerpon-Cornerstone, F|1\/100\n|move|p1a: Kingambit|Sucker Punch||[still]\n|-fail|p1a: Kingambit\n|\n|upkeep\n|turn|42\n|\n|t:|1700871914\n|cant|p1a: Kingambit|par\n|move|p2a: Ogerpon|Ivy Cudgel|p1a: Kingambit|[anim] Ivy Cudgel Rock\n|-resisted|p1a: Kingambit\n|-damage|p1a: Kingambit|0 fnt\n|faint|p1a: Kingambit\n|-end|p1a: Kingambit|fallen5|[silent]\n|\n|win|datashdoh\n|raw|Duckycrater's rating: 1644 &rarr; <strong>1624<\/strong><br \/>(-20 for losing)\n|raw|datashdoh's rating: 1652 &rarr; <strong>1672<\/strong><br \/>(+20 for winning)\n|l| Unearth Myself\n|l|\u2606Duckycrater\n|l| derl\n","uploadtime":1700871992,"views":4,"p1id":"duckycrater","p2id":"datashdoh","formatid":"gen9ou","rating":1624,"private":0,"password":""}