{"id":"gen9ou-1992511264","p1":"T3RRYxL33T","p2":"evin","format":"[Gen 9] OU","log":"|j|\u2606T3RRYxL33T\n|j|\u2606evin\n|t:|1700197279\n|gametype|singles\n|player|p1|T3RRYxL33T|ethan|1396\n|player|p2|evin|102|1447\n|teamsize|p1|6\n|teamsize|p2|6\n|gen|9\n|tier|[Gen 9] OU\n|rated|\n|rule|Sleep Clause Mod: Limit one foe put to sleep\n|rule|Species Clause: Limit one of each Pok\u00e9mon\n|rule|OHKO Clause: OHKO moves are banned\n|rule|Evasion Items Clause: Evasion items are banned\n|rule|Evasion Moves Clause: Evasion moves are banned\n|rule|Endless Battle Clause: Forcing endless battles is banned\n|rule|HP Percentage Mod: HP is shown in percentages\n|clearpoke\n|poke|p1|Moltres|\n|poke|p1|Scizor, F|\n|poke|p1|Great Tusk|\n|poke|p1|Rotom-Wash|\n|poke|p1|Meowscarada, M|\n|poke|p1|Lycanroc-Dusk, F|\n|poke|p2|Ninetales-Alola, M|\n|poke|p2|Ceruledge, F|\n|poke|p2|Sandslash-Alola, F|\n|poke|p2|Great Tusk|\n|poke|p2|Thundurus, M|\n|poke|p2|Toxapex, F|\n|teampreview\n|inactive|Battle timer is ON: inactive players will automatically lose when time's up. (requested by T3RRYxL33T)\n|j| flipaclip turn\n|\n|t:|1700197301\n|start\n|switch|p1a: Scizor|Scizor, F|100\/100\n|switch|p2a: Great Tusk|Great Tusk|100\/100\n|turn|1\n|\n|t:|1700197311\n|switch|p1a: Rotom|Rotom-Wash|100\/100\n|move|p2a: Great Tusk|Earthquake|p1a: Rotom\n|-immune|p1a: Rotom|[from] ability: Levitate\n|\n|upkeep\n|turn|2\n|\n|t:|1700197324\n|-end|p2a: Great Tusk|Protosynthesis|[silent]\n|switch|p2a: Ninetales|Ninetales-Alola, M|100\/100\n|-weather|Snow|[from] ability: Snow Warning|[of] p2a: Ninetales\n|move|p1a: Rotom|Volt Switch|p2a: Ninetales\n|-damage|p2a: Ninetales|69\/100\n|\n|t:|1700197330\n|switch|p1a: Scizor|Scizor, F|100\/100|[from] Volt Switch\n|\n|-weather|Snow|[upkeep]\n|upkeep\n|turn|3\n|\n|t:|1700197342\n|switch|p2a: Great Tusk|Great Tusk|100\/100\n|move|p1a: Scizor|Bullet Punch|p2a: Great Tusk\n|-damage|p2a: Great Tusk|75\/100\n|\n|-weather|Snow|[upkeep]\n|-heal|p2a: Great Tusk|81\/100|[from] item: Leftovers\n|upkeep\n|turn|4\n|\n|t:|1700197350\n|-end|p2a: Great Tusk|Protosynthesis|[silent]\n|switch|p2a: Thundurus|Thundurus, M|100\/100\n|switch|p1a: Rotom|Rotom-Wash|100\/100\n|\n|-weather|Snow|[upkeep]\n|upkeep\n|turn|5\n|\n|t:|1700197357\n|move|p2a: Thundurus|Discharge|p1a: Rotom\n|-damage|p1a: Rotom|65\/100\n|move|p1a: Rotom|Volt Switch|p2a: Thundurus\n|-damage|p2a: Thundurus|64\/100\n|\n|t:|1700197362\n|switch|p1a: Lycanroc|Lycanroc-Dusk, F|100\/100|[from] Volt Switch\n|\n|-weather|Snow|[upkeep]\n|upkeep\n|turn|6\n|\n|t:|1700197375\n|move|p2a: Thundurus|Focus Blast|p1a: Lycanroc\n|-supereffective|p1a: Lycanroc\n|-damage|p1a: Lycanroc|0 fnt\n|faint|p1a: Lycanroc\n|\n|-weather|Snow|[upkeep]\n|upkeep\n|c|\u2606T3RRYxL33T|wow\n|inactive|T3RRYxL33T has 120 seconds left.\n|\n|t:|1700197404\n|switch|p1a: Meowscarada|Meowscarada, M|100\/100\n|turn|7\n|\n|t:|1700197412\n|switch|p2a: Great Tusk|Great Tusk|81\/100\n|move|p1a: Meowscarada|Knock Off|p2a: Great Tusk\n|-start|p1a: Meowscarada|typechange|Dark|[from] ability: Protean\n|-resisted|p2a: Great Tusk\n|-damage|p2a: Great Tusk|69\/100\n|-enditem|p2a: Great Tusk|Leftovers|[from] move: Knock Off|[of] p1a: Meowscarada\n|\n|-weather|Snow|[upkeep]\n|upkeep\n|turn|8\n|\n|t:|1700197422\n|move|p1a: Meowscarada|U-turn|p2a: Great Tusk\n|-resisted|p2a: Great Tusk\n|-damage|p2a: Great Tusk|64\/100\n|\n|t:|1700197426\n|switch|p1a: Rotom|Rotom-Wash|65\/100|[from] U-turn\n|move|p2a: Great Tusk|Body Press|p1a: Rotom\n|-damage|p1a: Rotom|15\/100\n|\n|-weather|Snow|[upkeep]\n|-heal|p1a: Rotom|22\/100|[from] item: Leftovers\n|upkeep\n|turn|9\n|\n|t:|1700197435\n|-end|p2a: Great Tusk|Protosynthesis|[silent]\n|switch|p2a: Toxapex|Toxapex, F|100\/100\n|switch|p1a: Moltres|Moltres|100\/100\n|\n|-weather|none\n|upkeep\n|turn|10\n|\n|t:|1700197445\n|switch|p1a: Great Tusk|Great Tusk|100\/100\n|-enditem|p1a: Great Tusk|Booster Energy\n|-activate|p1a: Great Tusk|ability: Protosynthesis|[fromitem]\n|-start|p1a: Great Tusk|protosynthesisatk\n|move|p2a: Toxapex|Acid Spray|p1a: Great Tusk\n|-resisted|p1a: Great Tusk\n|-crit|p1a: Great Tusk\n|-damage|p1a: Great Tusk|89\/100\n|-unboost|p1a: Great Tusk|spd|2\n|\n|upkeep\n|turn|11\n|\n|t:|1700197458\n|-terastallize|p1a: Great Tusk|Water\n|move|p1a: Great Tusk|Earthquake|p2a: Toxapex\n|-supereffective|p2a: Toxapex\n|-damage|p2a: Toxapex|13\/100\n|move|p2a: Toxapex|Surf|p1a: Great Tusk\n|-resisted|p1a: Great Tusk\n|-damage|p1a: Great Tusk|57\/100\n|\n|upkeep\n|turn|12\n|\n|t:|1700197469\n|switch|p2a: Ceruledge|Ceruledge, F|100\/100\n|move|p1a: Great Tusk|Rapid Spin|p2a: Ceruledge\n|-immune|p2a: Ceruledge\n|\n|upkeep\n|turn|13\n|\n|t:|1700197474\n|switch|p2a: Thundurus|Thundurus, M|64\/100\n|move|p1a: Great Tusk|Knock Off|p2a: Thundurus\n|-damage|p2a: Thundurus|10\/100\n|-enditem|p2a: Thundurus|Heavy-Duty Boots|[from] move: Knock Off|[of] p1a: Great Tusk\n|\n|upkeep\n|turn|14\n|\n|t:|1700197482\n|-end|p1a: Great Tusk|Protosynthesis|[silent]\n|switch|p1a: Meowscarada|Meowscarada, M|100\/100\n|move|p2a: Thundurus|Discharge|p1a: Meowscarada\n|-resisted|p1a: Meowscarada\n|-damage|p1a: Meowscarada|66\/100\n|-status|p1a: Meowscarada|par\n|\n|upkeep\n|turn|15\n|\n|t:|1700197493\n|switch|p2a: Ninetales|Ninetales-Alola, M|69\/100\n|-weather|Snow|[from] ability: Snow Warning|[of] p2a: Ninetales\n|move|p1a: Meowscarada|Spikes|p2a: Ninetales\n|-start|p1a: Meowscarada|typechange|Ground|[from] ability: Protean\n|-sidestart|p2: evin|Spikes\n|\n|-weather|Snow|[upkeep]\n|upkeep\n|turn|16\n|\n|t:|1700197506\n|switch|p2a: Thundurus|Thundurus, M|10\/100\n|move|p1a: Meowscarada|Knock Off|p2a: Thundurus\n|-damage|p2a: Thundurus|0 fnt\n|faint|p2a: Thundurus\n|\n|-weather|Snow|[upkeep]\n|upkeep\n|\n|t:|1700197515\n|switch|p2a: Sandslash|Sandslash-Alola, F|100\/100\n|-damage|p2a: Sandslash|88\/100|[from] Spikes\n|turn|17\n|\n|t:|1700197520\n|move|p2a: Sandslash|Icicle Crash|p1a: Meowscarada\n|-supereffective|p1a: Meowscarada\n|-crit|p1a: Meowscarada\n|-damage|p1a: Meowscarada|0 fnt\n|faint|p1a: Meowscarada\n|-damage|p2a: Sandslash|78\/100|[from] item: Life Orb\n|\n|-weather|Snow|[upkeep]\n|upkeep\n|\n|t:|1700197526\n|switch|p1a: Moltres|Moltres|100\/100\n|turn|18\n|\n|t:|1700197532\n|switch|p2a: Ceruledge|Ceruledge, F|100\/100\n|move|p1a: Moltres|Will-O-Wisp|p2a: Ceruledge\n|-start|p2a: Ceruledge|ability: Flash Fire\n|\n|-weather|Snow|[upkeep]\n|upkeep\n|turn|19\n|\n|t:|1700197540\n|move|p2a: Ceruledge|Poltergeist|p1a: Moltres|[miss]\n|-miss|p2a: Ceruledge|p1a: Moltres\n|move|p1a: Moltres|U-turn|p2a: Ceruledge\n|-resisted|p2a: Ceruledge\n|-damage|p2a: Ceruledge|96\/100\n|\n|t:|1700197545\n|switch|p1a: Great Tusk|Great Tusk, tera:Water|57\/100|[from] U-turn\n|\n|-weather|Snow|[upkeep]\n|upkeep\n|turn|20\n|\n|t:|1700197554\n|-terastallize|p2a: Ceruledge|Ice\n|move|p1a: Great Tusk|Earthquake|p2a: Ceruledge\n|-damage|p2a: Ceruledge|54\/100\n|move|p2a: Ceruledge|Poltergeist||[still]\n|-fail|p2a: Ceruledge\n|\n|-weather|Snow|[upkeep]\n|upkeep\n|turn|21\n|\n|t:|1700197567\n|-end|p2a: Ceruledge|ability: Flash Fire|[silent]\n|switch|p2a: Great Tusk|Great Tusk|64\/100\n|-damage|p2a: Great Tusk|51\/100|[from] Spikes\n|move|p1a: Great Tusk|Knock Off|p2a: Great Tusk\n|-resisted|p2a: Great Tusk\n|-damage|p2a: Great Tusk|46\/100\n|\n|-weather|Snow|[upkeep]\n|upkeep\n|turn|22\n|\n|t:|1700197575\n|-end|p1a: Great Tusk|Protosynthesis|[silent]\n|switch|p1a: Moltres|Moltres|100\/100\n|move|p2a: Great Tusk|Rapid Spin|p1a: Moltres\n|-damage|p1a: Moltres|91\/100\n|-boost|p2a: Great Tusk|spe|1\n|-status|p2a: Great Tusk|brn|[from] ability: Flame Body|[of] p1a: Moltres\n|-sideend|p2: evin|Spikes|[from] move: Rapid Spin|[of] p2a: Great Tusk\n|\n|-weather|none\n|-damage|p2a: Great Tusk|40\/100 brn|[from] brn\n|upkeep\n|turn|23\n|\n|t:|1700197588\n|-end|p2a: Great Tusk|Protosynthesis|[silent]\n|switch|p2a: Toxapex|Toxapex, F|47\/100\n|move|p1a: Moltres|Air Slash|p2a: Toxapex\n|-damage|p2a: Toxapex|30\/100\n|\n|upkeep\n|turn|24\n|\n|t:|1700197610\n|switch|p1a: Scizor|Scizor, F|100\/100\n|switch|p2a: Ninetales|Ninetales-Alola, M|69\/100\n|-weather|Snow|[from] ability: Snow Warning|[of] p2a: Ninetales\n|\n|-weather|Snow|[upkeep]\n|upkeep\n|turn|25\n|c|\u2606T3RRYxL33T|i bring you\n|c|\u2606T3RRYxL33T|scizor\n|c|\u2606T3RRYxL33T|the giver of life\n|c|\u2606T3RRYxL33T|giver of pain\n|\n|t:|1700197621\n|switch|p2a: Great Tusk|Great Tusk|40\/100 brn\n|move|p1a: Scizor|Bullet Punch|p2a: Great Tusk\n|-damage|p2a: Great Tusk|15\/100 brn\n|\n|-weather|Snow|[upkeep]\n|-damage|p2a: Great Tusk|9\/100 brn|[from] brn\n|upkeep\n|turn|26\n|\n|t:|1700197628\n|move|p1a: Scizor|Bullet Punch|p2a: Great Tusk\n|-damage|p2a: Great Tusk|0 fnt\n|faint|p2a: Great Tusk\n|-end|p2a: Great Tusk|Protosynthesis|[silent]\n|\n|-weather|Snow|[upkeep]\n|upkeep\n|\n|t:|1700197630\n|switch|p2a: Ceruledge|Ceruledge, F, tera:Ice|54\/100\n|turn|27\n|\n|t:|1700197636\n|move|p1a: Scizor|Bullet Punch|p2a: Ceruledge\n|-supereffective|p2a: Ceruledge\n|-damage|p2a: Ceruledge|0 fnt\n|faint|p2a: Ceruledge\n|\n|-weather|Snow|[upkeep]\n|upkeep\n|\n|t:|1700197643\n|switch|p2a: Sandslash|Sandslash-Alola, F|78\/100\n|turn|28\n|\n|t:|1700197652\n|move|p1a: Scizor|Bullet Punch|p2a: Sandslash\n|-damage|p2a: Sandslash|46\/100\n|move|p2a: Sandslash|Earthquake|p1a: Scizor\n|-damage|p1a: Scizor|58\/100\n|-damage|p2a: Sandslash|36\/100|[from] item: Life Orb\n|\n|-weather|Snow|[upkeep]\n|upkeep\n|turn|29\n|\n|t:|1700197659\n|switch|p1a: Moltres|Moltres|91\/100\n|move|p2a: Sandslash|Shadow Claw|p1a: Moltres\n|-damage|p1a: Moltres|73\/100\n|-damage|p2a: Sandslash|27\/100|[from] item: Life Orb\n|\n|-weather|Snow|[upkeep]\n|upkeep\n|turn|30\n|\n|t:|1700197667\n|move|p2a: Sandslash|Icicle Crash|p1a: Moltres\n|-damage|p1a: Moltres|40\/100\n|-damage|p2a: Sandslash|17\/100|[from] item: Life Orb\n|cant|p1a: Moltres|flinch\n|\n|-weather|Snow|[upkeep]\n|upkeep\n|turn|31\n|\n|t:|1700197678\n|switch|p1a: Rotom|Rotom-Wash|22\/100\n|move|p2a: Sandslash|Icicle Crash|p1a: Rotom\n|-resisted|p1a: Rotom\n|-damage|p1a: Rotom|0 fnt\n|faint|p1a: Rotom\n|-damage|p2a: Sandslash|7\/100|[from] item: Life Orb\n|\n|-weather|none\n|upkeep\n|\n|t:|1700197686\n|switch|p1a: Scizor|Scizor, F|58\/100\n|turn|32\n|\n|t:|1700197690\n|switch|p2a: Toxapex|Toxapex, F|63\/100\n|move|p1a: Scizor|Bullet Punch|p2a: Toxapex\n|-resisted|p2a: Toxapex\n|-crit|p2a: Toxapex\n|-damage|p2a: Toxapex|37\/100\n|\n|upkeep\n|turn|33\n|\n|t:|1700197703\n|switch|p1a: Moltres|Moltres|40\/100\n|switch|p2a: Ninetales|Ninetales-Alola, M|69\/100\n|-weather|Snow|[from] ability: Snow Warning|[of] p2a: Ninetales\n|\n|-weather|Snow|[upkeep]\n|upkeep\n|turn|34\n|\n|t:|1700197711\n|move|p2a: Ninetales|Freeze-Dry|p1a: Moltres\n|-damage|p1a: Moltres|12\/100\n|move|p1a: Moltres|Flamethrower|p2a: Ninetales\n|-supereffective|p2a: Ninetales\n|-damage|p2a: Ninetales|0 fnt\n|faint|p2a: Ninetales\n|\n|-weather|Snow|[upkeep]\n|upkeep\n|\n|t:|1700197720\n|switch|p2a: Sandslash|Sandslash-Alola, F|7\/100\n|turn|35\n|\n|t:|1700197725\n|move|p2a: Sandslash|Shadow Claw|p1a: Moltres\n|-damage|p1a: Moltres|0 fnt\n|faint|p1a: Moltres\n|-damage|p2a: Sandslash|0 fnt|[from] item: Life Orb\n|faint|p2a: Sandslash\n|\n|-weather|Snow|[upkeep]\n|upkeep\n|\n|t:|1700197732\n|switch|p2a: Toxapex|Toxapex, F|70\/100\n|switch|p1a: Great Tusk|Great Tusk, tera:Water|57\/100\n|turn|36\n|\n|t:|1700197737\n|move|p1a: Great Tusk|Earthquake|p2a: Toxapex\n|-supereffective|p2a: Toxapex\n|-damage|p2a: Toxapex|0 fnt\n|faint|p2a: Toxapex\n|\n|win|T3RRYxL33T\n|raw|T3RRYxL33T's rating: 1396 &rarr; <strong>1419<\/strong><br \/>(+23 for winning)\n|raw|evin's rating: 1447 &rarr; <strong>1424<\/strong><br \/>(-23 for losing)\n|l|\u2606evin\n|l| flipaclip turn\n","uploadtime":1700197748,"views":9,"p1id":"t3rryxl33t","p2id":"evin","formatid":"gen9ou","rating":1419,"private":0,"password":""}