{"id":"gen9ou-1995125578","p1":"Iknowup","p2":"A Pimp Named Kata","format":"[Gen 9] OU","log":"|j|\u2606Iknowup\n|j|\u2606A Pimp Named Kata\n|t:|1700525384\n|gametype|singles\n|player|p1|Iknowup|102|\n|player|p2|A Pimp Named Kata|hiker-gen4|\n|teamsize|p1|6\n|teamsize|p2|6\n|gen|9\n|tier|[Gen 9] OU\n|rule|Sleep Clause Mod: Limit one foe put to sleep\n|rule|Species Clause: Limit one of each Pok\u00e9mon\n|rule|OHKO Clause: OHKO moves are banned\n|rule|Evasion Items Clause: Evasion items are banned\n|rule|Evasion Moves Clause: Evasion moves are banned\n|rule|Endless Battle Clause: Forcing endless battles is banned\n|rule|HP Percentage Mod: HP is shown in percentages\n|clearpoke\n|poke|p1|Toxapex, F|\n|poke|p1|Mandibuzz, F|\n|poke|p1|Tinkaton, F|\n|poke|p1|Heracross, F|\n|poke|p1|Electrode|\n|poke|p1|Ditto|\n|poke|p2|Kingambit, F|\n|poke|p2|Ogerpon-Wellspring, F|\n|poke|p2|Gholdengo|\n|poke|p2|Ribombee, F|\n|poke|p2|Great Tusk|\n|poke|p2|Iron Moth|\n|teampreview\n|\n|t:|1700525400\n|start\n|switch|p1a: OU|Toxapex, F, shiny|100\/100\n|switch|p2a: Great Tusk|Great Tusk|100\/100\n|turn|1\n|\n|t:|1700525420\n|move|p2a: Great Tusk|Headlong Rush|p1a: OU\n|-supereffective|p1a: OU\n|-damage|p1a: OU|29\/100\n|-unboost|p2a: Great Tusk|def|1\n|-unboost|p2a: Great Tusk|spd|1\n|move|p1a: OU|Toxic|p2a: Great Tusk\n|-status|p2a: Great Tusk|tox\n|\n|-heal|p1a: OU|35\/100|[from] item: Black Sludge\n|-damage|p2a: Great Tusk|94\/100 tox|[from] psn\n|upkeep\n|turn|2\n|\n|t:|1700525436\n|switch|p1a: UU|Mandibuzz, F|100\/100\n|move|p2a: Great Tusk|Ice Spinner|p1a: UU\n|-supereffective|p1a: UU\n|-damage|p1a: UU|57\/100\n|\n|-damage|p2a: Great Tusk|82\/100 tox|[from] psn\n|upkeep\n|turn|3\n|\n|t:|1700525454\n|-end|p2a: Great Tusk|Protosynthesis|[silent]\n|switch|p2a: Gholdengo|Gholdengo|100\/100\n|-item|p2a: Gholdengo|Air Balloon\n|move|p1a: UU|Roost|p1a: UU\n|-heal|p1a: UU|100\/100\n|-singleturn|p1a: UU|move: Roost\n|\n|upkeep\n|turn|4\n|\n|t:|1700525474\n|move|p2a: Gholdengo|Nasty Plot|p2a: Gholdengo\n|-boost|p2a: Gholdengo|spa|2\n|move|p1a: UU|Foul Play|p2a: Gholdengo\n|-supereffective|p2a: Gholdengo\n|-damage|p2a: Gholdengo|65\/100\n|-enditem|p2a: Gholdengo|Air Balloon\n|\n|upkeep\n|turn|5\n|\n|t:|1700525506\n|switch|p1a: PU|Electrode|100\/100\n|move|p2a: Gholdengo|Make It Rain|p1a: PU\n|-resisted|p1a: PU\n|-damage|p1a: PU|0 fnt\n|-unboost|p2a: Gholdengo|spa|1\n|faint|p1a: PU\n|\n|upkeep\n|\n|t:|1700525525\n|switch|p1a: RU|Tinkaton, F|100\/100\n|-ability|p1a: RU|Mold Breaker\n|turn|6\n|\n|t:|1700525544\n|move|p2a: Gholdengo|Make It Rain|p1a: RU\n|-damage|p1a: RU|18\/100\n|-unboost|p2a: Gholdengo|spa|1\n|move|p1a: RU|Thunder Wave|p2a: Gholdengo\n|-status|p2a: Gholdengo|par\n|\n|upkeep\n|turn|7\n|\n|t:|1700525564\n|move|p1a: RU|Stealth Rock|p2a: Gholdengo\n|-sidestart|p2: A Pimp Named Kata|move: Stealth Rock\n|move|p2a: Gholdengo|Shadow Ball|p1a: RU\n|-damage|p1a: RU|0 fnt\n|faint|p1a: RU\n|\n|upkeep\n|\n|t:|1700525583\n|switch|p1a: OU|Toxapex, F, shiny|68\/100\n|turn|8\n|\n|t:|1700525592\n|switch|p1a: NU|Heracross, F|100\/100\n|cant|p2a: Gholdengo|par\n|\n|-status|p1a: NU|brn|[from] item: Flame Orb\n|upkeep\n|turn|9\n|\n|t:|1700525615\n|move|p1a: NU|Knock Off|p2a: Gholdengo\n|-supereffective|p2a: Gholdengo\n|-damage|p2a: Gholdengo|0 fnt\n|faint|p2a: Gholdengo\n|\n|-damage|p1a: NU|95\/100 brn|[from] brn\n|upkeep\n|\n|t:|1700525629\n|switch|p2a: Great Tusk|Great Tusk|82\/100 tox\n|turn|10\n|\n|t:|1700525634\n|move|p2a: Great Tusk|Rapid Spin|p1a: NU\n|-damage|p1a: NU|70\/100 brn\n|-boost|p2a: Great Tusk|spe|1\n|-sideend|p2: A Pimp Named Kata|Stealth Rock|[from] move: Rapid Spin|[of] p2a: Great Tusk\n|move|p1a: NU|Trailblaze|p2a: Great Tusk\n|-supereffective|p2a: Great Tusk\n|-damage|p2a: Great Tusk|43\/100 tox\n|-boost|p1a: NU|spe|1\n|\n|-damage|p2a: Great Tusk|36\/100 tox|[from] psn\n|-damage|p1a: NU|64\/100 brn|[from] brn\n|upkeep\n|turn|11\n|\n|t:|1700525656\n|move|p2a: Great Tusk|Close Combat|p1a: NU\n|-resisted|p1a: NU\n|-damage|p1a: NU|16\/100 brn\n|-unboost|p2a: Great Tusk|def|1\n|-unboost|p2a: Great Tusk|spd|1\n|move|p1a: NU|Trailblaze|p2a: Great Tusk\n|-supereffective|p2a: Great Tusk\n|-damage|p2a: Great Tusk|0 fnt\n|-boost|p1a: NU|spe|1\n|faint|p2a: Great Tusk\n|-end|p2a: Great Tusk|Protosynthesis|[silent]\n|\n|-damage|p1a: NU|10\/100 brn|[from] brn\n|upkeep\n|\n|t:|1700525673\n|switch|p2a: Kingambit|Kingambit, F|100\/100\n|turn|12\n|\n|t:|1700525680\n|switch|p1a: OU|Toxapex, F, shiny|100\/100\n|move|p2a: Kingambit|Sucker Punch||[still]\n|-fail|p2a: Kingambit\n|\n|upkeep\n|turn|13\n|\n|t:|1700525686\n|move|p2a: Kingambit|Swords Dance|p2a: Kingambit\n|-boost|p2a: Kingambit|atk|2\n|move|p1a: OU|Surf|p2a: Kingambit\n|-damage|p2a: Kingambit|80\/100\n|\n|-heal|p2a: Kingambit|87\/100|[from] item: Leftovers\n|upkeep\n|turn|14\n|\n|t:|1700525701\n|move|p2a: Kingambit|Swords Dance|p2a: Kingambit\n|-boost|p2a: Kingambit|atk|2\n|move|p1a: OU|Haze|p1a: OU\n|-clearallboost\n|\n|-heal|p2a: Kingambit|93\/100|[from] item: Leftovers\n|upkeep\n|turn|15\n|\n|t:|1700525728\n|move|p2a: Kingambit|Kowtow Cleave|p1a: OU\n|-damage|p1a: OU|71\/100\n|move|p1a: OU|Surf|p2a: Kingambit\n|-damage|p2a: Kingambit|74\/100\n|\n|-heal|p2a: Kingambit|80\/100|[from] item: Leftovers\n|-heal|p1a: OU|77\/100|[from] item: Black Sludge\n|upkeep\n|turn|16\n|c|\u2606Iknowup|Why are you using defiant\n|\n|t:|1700525763\n|switch|p2a: Ogerpon|Ogerpon-Wellspring, F|100\/100\n|move|p1a: OU|Surf|p2a: Ogerpon\n|-immune|p2a: Ogerpon|[from] ability: Water Absorb\n|\n|-heal|p1a: OU|83\/100|[from] item: Black Sludge\n|upkeep\n|turn|17\n|\n|t:|1700525803\n|move|p2a: Ogerpon|Encore|p1a: OU\n|-start|p1a: OU|Encore\n|move|p1a: OU|Surf|p2a: Ogerpon\n|-immune|p2a: Ogerpon|[from] ability: Water Absorb\n|\n|-heal|p1a: OU|90\/100|[from] item: Black Sludge\n|upkeep\n|turn|18\n|\n|t:|1700525815\n|switch|p1a: UU|Mandibuzz, F|100\/100\n|move|p2a: Ogerpon|Swords Dance|p2a: Ogerpon\n|-boost|p2a: Ogerpon|atk|2\n|\n|upkeep\n|turn|19\n|\n|t:|1700525833\n|-terastallize|p2a: Ogerpon|Water\n|detailschange|p2a: Ogerpon|Ogerpon-Wellspring-Tera, F, tera:Water\n|-ability|p2a: Ogerpon|Embody Aspect (Wellspring)|boost\n|-boost|p2a: Ogerpon|spd|1\n|move|p2a: Ogerpon|Ivy Cudgel|p1a: UU|[anim] Ivy Cudgel Water\n|-damage|p1a: UU|0 fnt\n|faint|p1a: UU\n|\n|upkeep\n|\n|t:|1700525866\n|switch|p1a: Ditto|Ditto|100\/100\n|turn|20\n|c|\u2606Iknowup|Huh\n|c|\u2606Iknowup|Hm...\n|c|\u2606A Pimp Named Kata|Not imposter\n|c|\u2606A Pimp Named Kata|Eesh\n|c|\u2606Iknowup|Nah wait\n|c|\u2606Iknowup|Don't kill me I wanna test if transform will work\n|c|\u2606Iknowup|I think Ogerpon might just be immune\n|\n|t:|1700525972\n|move|p2a: Ogerpon|Encore||[still]\n|-fail|p2a: Ogerpon\n|move|p1a: Ditto|Transform||[still]\n|-fail|p1a: Ditto\n|\n|upkeep\n|turn|21\n|c|\u2606A Pimp Named Kata|Oh\n|c|\u2606Iknowup|Weird\n|c|\u2606A Pimp Named Kata|Thats why\n|c|\u2606A Pimp Named Kata|Ogerpon new bouncer for ou\n|-message|Iknowup forfeited.\n|\n|win|A Pimp Named Kata\n","uploadtime":1700526017,"views":8,"p1id":"iknowup","p2id":"apimpnamedkata","formatid":"gen9ou","rating":0,"private":0,"password":""}