{"id":"gen9ou-1997395456","p1":"Pkcoach","p2":"SexyKarpKing","format":"[Gen 9] OU","log":"|j|\u2606Pkcoach\n|j|\u2606SexyKarpKing\n|t:|1700798647\n|gametype|singles\n|player|p1|Pkcoach|drayden|1197\n|player|p2|SexyKarpKing|rood|1246\n|teamsize|p1|6\n|teamsize|p2|6\n|gen|9\n|tier|[Gen 9] OU\n|rated|\n|rule|Sleep Clause Mod: Limit one foe put to sleep\n|rule|Species Clause: Limit one of each Pok\u00e9mon\n|rule|OHKO Clause: OHKO moves are banned\n|rule|Evasion Items Clause: Evasion items are banned\n|rule|Evasion Moves Clause: Evasion moves are banned\n|rule|Endless Battle Clause: Forcing endless battles is banned\n|rule|HP Percentage Mod: HP is shown in percentages\n|clearpoke\n|poke|p1|Lokix, M|\n|poke|p1|Landorus-Therian, M|\n|poke|p1|Grimmsnarl, M|\n|poke|p1|Cinderace, F|\n|poke|p1|Rotom-Wash|\n|poke|p1|Slowking-Galar, M|\n|poke|p2|Cramorant, F|\n|poke|p2|Infernape, F|\n|poke|p2|Amoonguss, F|\n|poke|p2|Regidrago|\n|poke|p2|Revavroom, M|\n|poke|p2|Bellibolt, F|\n|teampreview\n|inactive|Battle timer is ON: inactive players will automatically lose when time's up. (requested by Pkcoach)\n|\n|t:|1700798663\n|start\n|switch|p1a: MASTURBITO|Rotom-Wash, shiny|100\/100\n|switch|p2a: Infernape|Infernape, F|100\/100\n|turn|1\n|\n|t:|1700798678\n|move|p1a: MASTURBITO|Volt Switch|p2a: Infernape\n|-damage|p2a: Infernape|50\/100\n|\n|t:|1700798682\n|switch|p1a: LANDO|Landorus-Therian, M, shiny|100\/100|[from] Volt Switch\n|-ability|p1a: LANDO|Intimidate|boost\n|-unboost|p2a: Infernape|atk|1\n|move|p2a: Infernape|Stealth Rock|p1a: LANDO\n|-sidestart|p1: Pkcoach|move: Stealth Rock\n|\n|upkeep\n|turn|2\n|\n|t:|1700798690\n|switch|p2a: Cramorant|Cramorant, F|100\/100\n|move|p1a: LANDO|Stealth Rock|p2a: Cramorant\n|-sidestart|p2: SexyKarpKing|move: Stealth Rock\n|\n|upkeep\n|turn|3\n|\n|t:|1700798697\n|move|p1a: LANDO|Stone Edge|p2a: Cramorant\n|-supereffective|p2a: Cramorant\n|-damage|p2a: Cramorant|29\/100\n|move|p2a: Cramorant|Surf|p1a: LANDO\n|-formechange|p2a: Cramorant|Cramorant-Gorging|\n|-supereffective|p1a: LANDO\n|-damage|p1a: LANDO|45\/100\n|\n|upkeep\n|turn|4\n|\n|t:|1700798704\n|move|p1a: LANDO|Stone Edge|p2a: Cramorant\n|-supereffective|p2a: Cramorant\n|-damage|p2a: Cramorant|0 fnt\n|-damage|p1a: LANDO|20\/100|[from] ability: Gulp Missile|[of] p2a: Cramorant\n|-status|p1a: LANDO|par\n|-formechange|p2a: Cramorant|Cramorant|\n|faint|p2a: Cramorant\n|\n|upkeep\n|\n|t:|1700798730\n|switch|p2a: Revavroom|Revavroom, M|100\/100\n|-damage|p2a: Revavroom|95\/100|[from] Stealth Rock\n|turn|5\n|\n|t:|1700798734\n|move|p2a: Revavroom|Iron Head|p1a: LANDO\n|-damage|p1a: LANDO|0 fnt\n|-damage|p2a: Revavroom|78\/100|[from] item: Rocky Helmet|[of] p1a: LANDO\n|faint|p1a: LANDO\n|\n|upkeep\n|\n|t:|1700798742\n|switch|p1a: RONALDO|Cinderace, F|100\/100\n|turn|6\n|\n|t:|1700798746\n|switch|p2a: Bellibolt|Bellibolt, F|100\/100\n|move|p1a: RONALDO|Flare Blitz|p2a: Bellibolt\n|-damage|p2a: Bellibolt|68\/100\n|-start|p2a: Bellibolt|Charge|Flare Blitz|[from] ability: Electromorphosis\n|-damage|p1a: RONALDO|85\/100|[from] Recoil\n|\n|upkeep\n|turn|7\n|\n|t:|1700798757\n|move|p1a: RONALDO|U-turn|p2a: Bellibolt\n|-start|p1a: RONALDO|typechange|Bug|[from] ability: Libero\n|-damage|p2a: Bellibolt|48\/100\n|-start|p2a: Bellibolt|Charge|U-turn|[from] ability: Electromorphosis\n|\n|t:|1700798771\n|switch|p1a: WAR MACHINE|Lokix, M|100\/100|[from] U-turn\n|-damage|p1a: WAR MACHINE|76\/100|[from] Stealth Rock\n|move|p2a: Bellibolt|Parabolic Charge|p1a: WAR MACHINE\n|-damage|p1a: WAR MACHINE|0 fnt\n|-heal|p2a: Bellibolt|74\/100|[from] drain|[of] p1a: WAR MACHINE\n|faint|p1a: WAR MACHINE\n|-end|p2a: Bellibolt|Charge|[silent]\n|\n|upkeep\n|-message|Pkcoach forfeited.\n|\n|win|SexyKarpKing\n|raw|Pkcoach's rating: 1197 &rarr; <strong>1176<\/strong><br \/>(-21 for losing)\n|raw|SexyKarpKing's rating: 1246 &rarr; <strong>1267<\/strong><br \/>(+21 for winning)\n|l|\u2606Pkcoach\n|c|\u2606SexyKarpKing|welcome to the belli\n","uploadtime":1700798790,"views":6,"p1id":"pkcoach","p2id":"sexykarpking","formatid":"gen9ou","rating":1176,"private":0,"password":""}