{"id":"gen9ou-1990854513","p1":"soccersniper","p2":"skulljester29","format":"[Gen 9] OU","log":"|j|\u2606soccersniper\n|j|\u2606skulljester29\n|t:|1700007906\n|gametype|singles\n|player|p1|soccersniper|266|1553\n|player|p2|skulljester29|firebreather|1649\n|teamsize|p1|6\n|teamsize|p2|6\n|gen|9\n|tier|[Gen 9] OU\n|rated|\n|rule|Sleep Clause Mod: Limit one foe put to sleep\n|rule|Species Clause: Limit one of each Pok\u00e9mon\n|rule|OHKO Clause: OHKO moves are banned\n|rule|Evasion Items Clause: Evasion items are banned\n|rule|Evasion Moves Clause: Evasion moves are banned\n|rule|Endless Battle Clause: Forcing endless battles is banned\n|rule|HP Percentage Mod: HP is shown in percentages\n|clearpoke\n|poke|p1|Garganacl, F|\n|poke|p1|Rillaboom, M|\n|poke|p1|Sneasler, M|\n|poke|p1|Iron Valiant|\n|poke|p1|Thundurus, M|\n|poke|p1|Great Tusk|\n|poke|p2|Amoonguss, F|\n|poke|p2|Iron Valiant|\n|poke|p2|Sandy Shocks|\n|poke|p2|Rotom-Wash|\n|poke|p2|Hydreigon, F|\n|poke|p2|Cinderace, F|\n|teampreview\n|\n|t:|1700007937\n|start\n|switch|p1a: Rillaboom|Rillaboom, M|100\/100\n|switch|p2a: Sandy Shocks|Sandy Shocks|100\/100\n|-fieldstart|move: Grassy Terrain|[from] ability: Grassy Surge|[of] p1a: Rillaboom\n|turn|1\n|\n|t:|1700007947\n|-terastallize|p2a: Sandy Shocks|Ice\n|move|p2a: Sandy Shocks|Tera Blast|p1a: Rillaboom|[anim] Tera Blast Ice\n|-supereffective|p1a: Rillaboom\n|-damage|p1a: Rillaboom|0 fnt\n|faint|p1a: Rillaboom\n|\n|upkeep\n|c|\u2606soccersniper|fair enough lmao\n|\n|t:|1700007975\n|switch|p1a: Sneasler|Sneasler, M|100\/100\n|-enditem|p1a: Sneasler|Grassy Seed\n|-boost|p1a: Sneasler|def|1|[from] item: Grassy Seed\n|turn|2\n|\n|t:|1700007987\n|-end|p2a: Sandy Shocks|Protosynthesis|[silent]\n|switch|p2a: Amoonguss|Amoonguss, F|100\/100\n|-terastallize|p1a: Sneasler|Flying\n|move|p1a: Sneasler|Swords Dance|p1a: Sneasler\n|-boost|p1a: Sneasler|atk|2\n|\n|upkeep\n|turn|3\n|\n|t:|1700008000\n|switch|p2a: Rotom|Rotom-Wash|100\/100\n|move|p1a: Sneasler|Acrobatics|p2a: Rotom\n|-resisted|p2a: Rotom\n|-damage|p2a: Rotom|38\/100\n|\n|-heal|p2a: Rotom|44\/100|[from] item: Leftovers\n|upkeep\n|turn|4\n|\n|t:|1700008014\n|move|p2a: Rotom|Protect|p2a: Rotom\n|-singleturn|p2a: Rotom|Protect\n|move|p1a: Sneasler|Acrobatics|p2a: Rotom\n|-activate|p2a: Rotom|move: Protect\n|\n|-heal|p2a: Rotom|50\/100|[from] item: Leftovers\n|upkeep\n|turn|5\n|\n|t:|1700008023\n|move|p1a: Sneasler|Acrobatics|p2a: Rotom\n|-resisted|p2a: Rotom\n|-damage|p2a: Rotom|0 fnt\n|faint|p2a: Rotom\n|\n|-fieldend|move: Grassy Terrain\n|upkeep\n|\n|t:|1700008035\n|switch|p2a: Cinderace|Cinderace, F|100\/100\n|turn|6\n|\n|t:|1700008041\n|move|p2a: Cinderace|Sucker Punch|p1a: Sneasler\n|-start|p2a: Cinderace|typechange|Dark|[from] ability: Libero\n|-damage|p1a: Sneasler|62\/100\n|move|p1a: Sneasler|Close Combat|p2a: Cinderace\n|-supereffective|p2a: Cinderace\n|-damage|p2a: Cinderace|0 fnt\n|-unboost|p1a: Sneasler|def|1\n|-unboost|p1a: Sneasler|spd|1\n|faint|p2a: Cinderace\n|\n|upkeep\n|\n|t:|1700008054\n|switch|p2a: Amoonguss|Amoonguss, F|100\/100\n|turn|7\n|\n|t:|1700008057\n|move|p1a: Sneasler|Acrobatics|p2a: Amoonguss\n|-supereffective|p2a: Amoonguss\n|-damage|p2a: Amoonguss|0 fnt\n|faint|p2a: Amoonguss\n|\n|upkeep\n|\n|t:|1700008063\n|switch|p2a: Hydreigon|Hydreigon, F|100\/100\n|turn|8\n|\n|t:|1700008066\n|move|p1a: Sneasler|Close Combat|p2a: Hydreigon\n|-supereffective|p2a: Hydreigon\n|-damage|p2a: Hydreigon|0 fnt\n|-unboost|p1a: Sneasler|def|1\n|-unboost|p1a: Sneasler|spd|1\n|faint|p2a: Hydreigon\n|\n|upkeep\n|c|\u2606soccersniper|gg\n|\n|t:|1700008072\n|switch|p2a: Iron Valiant|Iron Valiant|100\/100\n|-enditem|p2a: Iron Valiant|Booster Energy\n|-activate|p2a: Iron Valiant|ability: Quark Drive|[fromitem]\n|-start|p2a: Iron Valiant|quarkdrivespe\n|turn|9\n|\n|t:|1700008079\n|move|p1a: Sneasler|Acrobatics|p2a: Iron Valiant\n|-supereffective|p2a: Iron Valiant\n|-damage|p2a: Iron Valiant|0 fnt\n|faint|p2a: Iron Valiant\n|-end|p2a: Iron Valiant|Quark Drive|[silent]\n|\n|upkeep\n|-message|skulljester29 forfeited.\n|\n|win|soccersniper\n|raw|soccersniper's rating: 1553 &rarr; <strong>1578<\/strong><br \/>(+25 for winning)\n|raw|skulljester29's rating: 1649 &rarr; <strong>1624<\/strong><br \/>(-25 for losing)\n|l|\u2606skulljester29\n","uploadtime":1700008091,"views":13,"p1id":"soccersniper","p2id":"skulljester29","formatid":"gen9ou","rating":1578,"private":0,"password":""}