{"id":"gen9ou-1994628554","p1":"iggy9","p2":"Skaraptor2.1","format":"[Gen 9] OU","log":"|j|\u2606iggy9\n|j|\u2606Skaraptor2.1\n|t:|1700471991\n|gametype|singles\n|player|p1|iggy9|cynthia|1129\n|player|p2|Skaraptor2.1|bodybuilderf-gen9|1195\n|teamsize|p1|6\n|teamsize|p2|6\n|gen|9\n|tier|[Gen 9] OU\n|rated|\n|rule|Sleep Clause Mod: Limit one foe put to sleep\n|rule|Species Clause: Limit one of each Pok\u00e9mon\n|rule|OHKO Clause: OHKO moves are banned\n|rule|Evasion Items Clause: Evasion items are banned\n|rule|Evasion Moves Clause: Evasion moves are banned\n|rule|Endless Battle Clause: Forcing endless battles is banned\n|rule|HP Percentage Mod: HP is shown in percentages\n|clearpoke\n|poke|p1|Empoleon, M|\n|poke|p1|Kommo-o, M|\n|poke|p1|Clefable, M|\n|poke|p1|Alomomola, M|\n|poke|p1|Ambipom, F|\n|poke|p1|Mamoswine, M|\n|poke|p2|Ribombee, M|\n|poke|p2|Ogerpon-Wellspring, F|\n|poke|p2|Great Tusk|\n|poke|p2|Zamazenta-*|\n|poke|p2|Iron Valiant|\n|poke|p2|Kingambit, F|\n|teampreview\n|inactive|Battle timer is ON: inactive players will automatically lose when time's up. (requested by Skaraptor2.1)\n|\n|t:|1700472002\n|start\n|switch|p1a: Mamoswine|Mamoswine, M|100\/100\n|switch|p2a: Twink|Ribombee, M|100\/100\n|turn|1\n|\n|t:|1700472019\n|move|p2a: Twink|Sticky Web|p1a: Mamoswine\n|-sidestart|p1: iggy9|move: Sticky Web\n|move|p1a: Mamoswine|Stealth Rock|p2a: Twink\n|-sidestart|p2: Skaraptor2.1|move: Stealth Rock\n|\n|upkeep\n|turn|2\n|\n|t:|1700472036\n|move|p2a: Twink|Stun Spore|p1a: Mamoswine\n|-status|p1a: Mamoswine|par\n|move|p1a: Mamoswine|Knock Off|p2a: Twink\n|-resisted|p2a: Twink\n|-damage|p2a: Twink|75\/100\n|-enditem|p2a: Twink|Focus Sash|[from] move: Knock Off|[of] p1a: Mamoswine\n|\n|upkeep\n|turn|3\n|inactive|iggy9 has 120 seconds left.\n|inactive|Skaraptor2.1 has 120 seconds left.\n|l|\u2606Skaraptor2.1\n|inactive|Skaraptor2.1 disconnected and has a minute to reconnect!\n|player|p2|\n|j|\u2606Skaraptor2.1\n|inactive|Skaraptor2.1 reconnected and has 105 seconds left.\n|player|p2|Skaraptor2.1|bodybuilderf-gen9\n|\n|t:|1700472087\n|move|p1a: Mamoswine|Ice Shard|p2a: Twink\n|-crit|p2a: Twink\n|-damage|p2a: Twink|28\/100\n|move|p2a: Twink|Moonblast|p1a: Mamoswine\n|-damage|p1a: Mamoswine|71\/100 par\n|-unboost|p1a: Mamoswine|spa|1\n|\n|upkeep\n|turn|4\n|\n|t:|1700472096\n|cant|p1a: Mamoswine|par\n|move|p2a: Twink|Moonblast|p1a: Mamoswine\n|-damage|p1a: Mamoswine|37\/100 par\n|\n|upkeep\n|turn|5\n|\n|t:|1700472105\n|move|p1a: Mamoswine|Ice Shard|p2a: Twink\n|-damage|p2a: Twink|0 fnt\n|faint|p2a: Twink\n|\n|upkeep\n|\n|t:|1700472109\n|switch|p2a: Transfem|Ogerpon-Wellspring, F|100\/100\n|-damage|p2a: Transfem|88\/100|[from] Stealth Rock\n|turn|6\n|inactive|Skaraptor2.1 has 120 seconds left.\n|\n|t:|1700472126\n|switch|p1a: Alomomola|Alomomola, M|100\/100\n|move|p2a: Transfem|Swords Dance|p2a: Transfem\n|-boost|p2a: Transfem|atk|2\n|\n|upkeep\n|turn|7\n|\n|t:|1700472138\n|move|p2a: Transfem|Horn Leech|p1a: Alomomola\n|-supereffective|p1a: Alomomola\n|-damage|p1a: Alomomola|9\/100\n|-heal|p2a: Transfem|100\/100|[from] drain|[of] p1a: Alomomola\n|move|p1a: Alomomola|Wish|p1a: Alomomola\n|\n|upkeep\n|turn|8\n|\n|t:|1700472145\n|switch|p1a: Kommo-o|Kommo-o, M|100\/100\n|-activate|p1a: Kommo-o|move: Sticky Web\n|-unboost|p1a: Kommo-o|spe|1\n|move|p2a: Transfem|Knock Off|p1a: Kommo-o\n|-resisted|p1a: Kommo-o\n|-crit|p1a: Kommo-o\n|-damage|p1a: Kommo-o|43\/100\n|-enditem|p1a: Kommo-o|Throat Spray|[from] move: Knock Off|[of] p2a: Transfem\n|\n|-heal|p1a: Kommo-o|100\/100|[from] move: Wish|[wisher] Alomomola\n|upkeep\n|turn|9\n|\n|t:|1700472159\n|move|p2a: Transfem|Ivy Cudgel|p1a: Kommo-o|[anim] Ivy Cudgel Water\n|-resisted|p1a: Kommo-o\n|-damage|p1a: Kommo-o|43\/100\n|move|p1a: Kommo-o|Clangorous Soul|p1a: Kommo-o\n|-boost|p1a: Kommo-o|atk|1\n|-boost|p1a: Kommo-o|def|1\n|-boost|p1a: Kommo-o|spa|1\n|-boost|p1a: Kommo-o|spd|1\n|-boost|p1a: Kommo-o|spe|1\n|-damage|p1a: Kommo-o|10\/100\n|\n|upkeep\n|turn|10\n|\n|t:|1700472179\n|move|p2a: Transfem|Horn Leech|p1a: Kommo-o\n|-resisted|p1a: Kommo-o\n|-damage|p1a: Kommo-o|0 fnt\n|faint|p1a: Kommo-o\n|\n|upkeep\n|\n|t:|1700472184\n|switch|p1a: Ambipom|Ambipom, F|100\/100\n|-activate|p1a: Ambipom|move: Sticky Web\n|-unboost|p1a: Ambipom|spe|1\n|turn|11\n|\n|t:|1700472188\n|-terastallize|p1a: Ambipom|Normal\n|move|p1a: Ambipom|Fake Out|p2a: Transfem\n|-damage|p2a: Transfem|47\/100\n|cant|p2a: Transfem|flinch\n|\n|upkeep\n|turn|12\n|\n|t:|1700472196\n|switch|p1a: Mamoswine|Mamoswine, M|37\/100 par\n|-activate|p1a: Mamoswine|move: Sticky Web\n|-unboost|p1a: Mamoswine|spe|1\n|move|p2a: Transfem|Ivy Cudgel|p1a: Mamoswine|[anim] Ivy Cudgel Water\n|-supereffective|p1a: Mamoswine\n|-damage|p1a: Mamoswine|0 fnt\n|faint|p1a: Mamoswine\n|\n|upkeep\n|\n|t:|1700472208\n|switch|p1a: Ambipom|Ambipom, F, tera:Normal|100\/100\n|-activate|p1a: Ambipom|move: Sticky Web\n|-unboost|p1a: Ambipom|spe|1\n|turn|13\n|\n|t:|1700472213\n|move|p1a: Ambipom|Fake Out|p2a: Transfem\n|-damage|p2a: Transfem|0 fnt\n|faint|p2a: Transfem\n|\n|upkeep\n|\n|t:|1700472214\n|switch|p2a: Raging Queer|Great Tusk|100\/100\n|turn|14\n|\n|t:|1700472241\n|switch|p1a: Alomomola|Alomomola, M|42\/100\n|move|p2a: Raging Queer|Rapid Spin|p1a: Alomomola\n|-crit|p1a: Alomomola\n|-damage|p1a: Alomomola|30\/100\n|-boost|p2a: Raging Queer|spe|1\n|-sideend|p2: Skaraptor2.1|Stealth Rock|[from] move: Rapid Spin|[of] p2a: Raging Queer\n|\n|upkeep\n|turn|15\n|\n|t:|1700472251\n|move|p2a: Raging Queer|Knock Off|p1a: Alomomola\n|-damage|p1a: Alomomola|15\/100\n|-enditem|p1a: Alomomola|Heavy-Duty Boots|[from] move: Knock Off|[of] p2a: Raging Queer\n|move|p1a: Alomomola|Wish|p1a: Alomomola\n|\n|upkeep\n|turn|16\n|\n|t:|1700472267\n|move|p1a: Alomomola|Protect|p1a: Alomomola\n|-singleturn|p1a: Alomomola|Protect\n|move|p2a: Raging Queer|Earthquake|p1a: Alomomola\n|-activate|p1a: Alomomola|move: Protect\n|\n|-heal|p1a: Alomomola|65\/100|[from] move: Wish|[wisher] Alomomola\n|upkeep\n|turn|17\n|\n|t:|1700472271\n|move|p2a: Raging Queer|Bulk Up|p2a: Raging Queer\n|-boost|p2a: Raging Queer|atk|1\n|-boost|p2a: Raging Queer|def|1\n|move|p1a: Alomomola|Wish|p1a: Alomomola\n|\n|upkeep\n|turn|18\n|\n|t:|1700472275\n|move|p2a: Raging Queer|Earthquake|p1a: Alomomola\n|-damage|p1a: Alomomola|28\/100\n|move|p1a: Alomomola|Scald|p2a: Raging Queer\n|-supereffective|p2a: Raging Queer\n|-damage|p2a: Raging Queer|80\/100\n|\n|-heal|p1a: Alomomola|78\/100|[from] move: Wish|[wisher] Alomomola\n|upkeep\n|turn|19\n|\n|t:|1700472289\n|move|p2a: Raging Queer|Bulk Up|p2a: Raging Queer\n|-boost|p2a: Raging Queer|atk|1\n|-boost|p2a: Raging Queer|def|1\n|move|p1a: Alomomola|Wish|p1a: Alomomola\n|\n|upkeep\n|turn|20\n|\n|t:|1700472305\n|move|p2a: Raging Queer|Bulk Up|p2a: Raging Queer\n|-boost|p2a: Raging Queer|atk|1\n|-boost|p2a: Raging Queer|def|1\n|move|p1a: Alomomola|Scald|p2a: Raging Queer\n|-supereffective|p2a: Raging Queer\n|-damage|p2a: Raging Queer|59\/100\n|-status|p2a: Raging Queer|brn\n|\n|-heal|p1a: Alomomola|100\/100|[from] move: Wish|[wisher] Alomomola\n|-damage|p2a: Raging Queer|52\/100 brn|[from] brn\n|upkeep\n|turn|21\n|\n|t:|1700472315\n|move|p2a: Raging Queer|Bulk Up|p2a: Raging Queer\n|-boost|p2a: Raging Queer|atk|1\n|-boost|p2a: Raging Queer|def|1\n|move|p1a: Alomomola|Scald|p2a: Raging Queer\n|-supereffective|p2a: Raging Queer\n|-damage|p2a: Raging Queer|30\/100 brn\n|\n|-damage|p2a: Raging Queer|24\/100 brn|[from] brn\n|upkeep\n|turn|22\n|\n|t:|1700472318\n|move|p2a: Raging Queer|Earthquake|p1a: Alomomola\n|-damage|p1a: Alomomola|65\/100\n|move|p1a: Alomomola|Scald|p2a: Raging Queer\n|-supereffective|p2a: Raging Queer\n|-damage|p2a: Raging Queer|1\/100 brn\n|\n|-damage|p2a: Raging Queer|0 fnt|[from] brn\n|faint|p2a: Raging Queer\n|-end|p2a: Raging Queer|Protosynthesis|[silent]\n|upkeep\n|\n|t:|1700472321\n|switch|p2a: Bigender|Iron Valiant|100\/100\n|-enditem|p2a: Bigender|Booster Energy\n|-activate|p2a: Bigender|ability: Quark Drive|[fromitem]\n|-start|p2a: Bigender|quarkdrivespe\n|turn|23\n|\n|t:|1700472331\n|move|p2a: Bigender|Calm Mind|p2a: Bigender\n|-boost|p2a: Bigender|spa|1\n|-boost|p2a: Bigender|spd|1\n|move|p1a: Alomomola|Flip Turn|p2a: Bigender\n|-damage|p2a: Bigender|78\/100\n|\n|t:|1700472343\n|switch|p1a: Ambipom|Ambipom, F, tera:Normal|100\/100|[from] Flip Turn\n|-activate|p1a: Ambipom|move: Sticky Web\n|-unboost|p1a: Ambipom|spe|1\n|\n|upkeep\n|turn|24\n|\n|t:|1700472350\n|move|p1a: Ambipom|Fake Out|p2a: Bigender\n|-damage|p2a: Bigender|22\/100\n|cant|p2a: Bigender|flinch\n|\n|upkeep\n|turn|25\n|inactive|iggy9 has 120 seconds left.\n|\n|t:|1700472389\n|switch|p1a: Alomomola|Alomomola, M|98\/100\n|-activate|p1a: Alomomola|move: Sticky Web\n|-unboost|p1a: Alomomola|spe|1\n|move|p2a: Bigender|Thunderbolt|p1a: Alomomola\n|-supereffective|p1a: Alomomola\n|-crit|p1a: Alomomola\n|-damage|p1a: Alomomola|0 fnt\n|faint|p1a: Alomomola\n|\n|upkeep\n|\n|t:|1700472396\n|switch|p1a: Ambipom|Ambipom, F, tera:Normal|100\/100\n|-activate|p1a: Ambipom|move: Sticky Web\n|-unboost|p1a: Ambipom|spe|1\n|turn|26\n|\n|t:|1700472402\n|move|p1a: Ambipom|Fake Out|p2a: Bigender\n|-damage|p2a: Bigender|0 fnt\n|faint|p2a: Bigender\n|-end|p2a: Bigender|Quark Drive|[silent]\n|\n|upkeep\n|\n|t:|1700472407\n|switch|p2a: Defender of Trans|Zamazenta, shiny|100\/100\n|-ability|p2a: Defender of Trans|Dauntless Shield|boost\n|-boost|p2a: Defender of Trans|def|1\n|turn|27\n|\n|t:|1700472420\n|switch|p1a: Clefable|Clefable, M|100\/100\n|-activate|p1a: Clefable|move: Sticky Web\n|-unboost|p1a: Clefable|spe|1\n|move|p2a: Defender of Trans|Iron Defense|p2a: Defender of Trans\n|-boost|p2a: Defender of Trans|def|2\n|\n|upkeep\n|turn|28\n|\n|t:|1700472427\n|switch|p2a: Queengambit|Kingambit, F|100\/100\n|-activate|p2a: Queengambit|ability: Supreme Overlord\n|-start|p2a: Queengambit|fallen4|[silent]\n|move|p1a: Clefable|Moonblast|p2a: Queengambit\n|-damage|p2a: Queengambit|71\/100\n|\n|-heal|p2a: Queengambit|77\/100|[from] item: Leftovers\n|upkeep\n|turn|29\n|\n|t:|1700472437\n|switch|p1a: Empoleon|Empoleon, M|100\/100\n|-activate|p1a: Empoleon|move: Sticky Web\n|-unboost|p1a: Empoleon|spe|1\n|-ability|p1a: Empoleon|Competitive|boost\n|-boost|p1a: Empoleon|spa|2\n|move|p2a: Queengambit|Iron Head|p1a: Empoleon\n|-resisted|p1a: Empoleon\n|-damage|p1a: Empoleon|85\/100\n|\n|-heal|p2a: Queengambit|83\/100|[from] item: Leftovers\n|-heal|p1a: Empoleon|91\/100|[from] item: Leftovers\n|upkeep\n|turn|30\n|\n|t:|1700472447\n|move|p2a: Queengambit|Low Kick|p1a: Empoleon\n|-supereffective|p1a: Empoleon\n|-damage|p1a: Empoleon|3\/100\n|move|p1a: Empoleon|Surf|p2a: Queengambit\n|-damage|p2a: Queengambit|16\/100\n|\n|-heal|p2a: Queengambit|22\/100|[from] item: Leftovers\n|-heal|p1a: Empoleon|9\/100|[from] item: Leftovers\n|upkeep\n|turn|31\n|\n|t:|1700472459\n|move|p2a: Queengambit|Iron Head|p1a: Empoleon\n|-resisted|p1a: Empoleon\n|-damage|p1a: Empoleon|0 fnt\n|faint|p1a: Empoleon\n|\n|-heal|p2a: Queengambit|28\/100|[from] item: Leftovers\n|upkeep\n|\n|t:|1700472467\n|switch|p1a: Ambipom|Ambipom, F, tera:Normal|100\/100\n|-activate|p1a: Ambipom|move: Sticky Web\n|-unboost|p1a: Ambipom|spe|1\n|turn|32\n|\n|t:|1700472470\n|-end|p2a: Queengambit|fallen4|[silent]\n|switch|p2a: Defender of Trans|Zamazenta, shiny|100\/100\n|move|p1a: Ambipom|Fake Out|p2a: Defender of Trans\n|-damage|p2a: Defender of Trans|73\/100\n|\n|-heal|p2a: Defender of Trans|79\/100|[from] item: Leftovers\n|upkeep\n|turn|33\n|\n|t:|1700472476\n|switch|p1a: Clefable|Clefable, M|100\/100\n|-activate|p1a: Clefable|move: Sticky Web\n|-unboost|p1a: Clefable|spe|1\n|move|p2a: Defender of Trans|Heavy Slam|p1a: Clefable\n|-supereffective|p1a: Clefable\n|-damage|p1a: Clefable|50\/100\n|\n|-heal|p2a: Defender of Trans|86\/100|[from] item: Leftovers\n|-heal|p1a: Clefable|56\/100|[from] item: Leftovers\n|upkeep\n|turn|34\n|\n|t:|1700472487\n|-terastallize|p2a: Defender of Trans|Fire\n|move|p2a: Defender of Trans|Heavy Slam|p1a: Clefable\n|-supereffective|p1a: Clefable\n|-damage|p1a: Clefable|6\/100\n|move|p1a: Clefable|Moonblast|p2a: Defender of Trans\n|-resisted|p2a: Defender of Trans\n|-damage|p2a: Defender of Trans|73\/100\n|-unboost|p2a: Defender of Trans|spa|1\n|\n|-heal|p2a: Defender of Trans|79\/100|[from] item: Leftovers\n|-heal|p1a: Clefable|12\/100|[from] item: Leftovers\n|upkeep\n|turn|35\n|\n|t:|1700472506\n|move|p2a: Defender of Trans|Iron Defense|p2a: Defender of Trans\n|-boost|p2a: Defender of Trans|def|2\n|move|p1a: Clefable|Ice Beam|p2a: Defender of Trans\n|-resisted|p2a: Defender of Trans\n|-damage|p2a: Defender of Trans|71\/100\n|\n|-heal|p2a: Defender of Trans|77\/100|[from] item: Leftovers\n|-heal|p1a: Clefable|18\/100|[from] item: Leftovers\n|upkeep\n|turn|36\n|\n|t:|1700472512\n|move|p2a: Defender of Trans|Body Press|p1a: Clefable\n|-resisted|p1a: Clefable\n|-damage|p1a: Clefable|3\/100\n|move|p1a: Clefable|Thunderbolt|p2a: Defender of Trans\n|-damage|p2a: Defender of Trans|62\/100\n|\n|-heal|p2a: Defender of Trans|68\/100|[from] item: Leftovers\n|-heal|p1a: Clefable|9\/100|[from] item: Leftovers\n|upkeep\n|turn|37\n|\n|t:|1700472516\n|move|p2a: Defender of Trans|Body Press|p1a: Clefable\n|-resisted|p1a: Clefable\n|-damage|p1a: Clefable|0 fnt\n|faint|p1a: Clefable\n|\n|-heal|p2a: Defender of Trans|74\/100|[from] item: Leftovers\n|upkeep\n|\n|t:|1700472519\n|switch|p1a: Ambipom|Ambipom, F, tera:Normal|100\/100\n|-activate|p1a: Ambipom|move: Sticky Web\n|-unboost|p1a: Ambipom|spe|1\n|turn|38\n|\n|t:|1700472526\n|move|p1a: Ambipom|Fake Out|p2a: Defender of Trans\n|-damage|p2a: Defender of Trans|60\/100\n|cant|p2a: Defender of Trans|flinch\n|\n|-heal|p2a: Defender of Trans|66\/100|[from] item: Leftovers\n|upkeep\n|turn|39\n|-message|iggy9 forfeited.\n|\n|win|Skaraptor2.1\n|raw|iggy9's rating: 1129 &rarr; <strong>1109<\/strong><br \/>(-20 for losing)\n|raw|Skaraptor2.1's rating: 1195 &rarr; <strong>1215<\/strong><br \/>(+20 for winning)\n|l|\u2606iggy9\n","uploadtime":1700472535,"views":11,"p1id":"iggy9","p2id":"skaraptor21","formatid":"gen9ou","rating":1109,"private":0,"password":""}