{"id":"gen9ou-1998077077","p1":"Flintch Sweeper","p2":"Heihachi Mishima","format":"[Gen 9] OU","log":"|j|\u2606Flintch Sweeper\n|j|\u2606Heihachi Mishima\n|t:|1700887609\n|gametype|singles\n|player|p1|Flintch Sweeper|harlequin|1389\n|player|p2|Heihachi Mishima|bruno-gen2|1473\n|teamsize|p1|6\n|teamsize|p2|6\n|gen|9\n|tier|[Gen 9] OU\n|rated|\n|rule|Sleep Clause Mod: Limit one foe put to sleep\n|rule|Species Clause: Limit one of each Pok\u00e9mon\n|rule|OHKO Clause: OHKO moves are banned\n|rule|Evasion Items Clause: Evasion items are banned\n|rule|Evasion Moves Clause: Evasion moves are banned\n|rule|Endless Battle Clause: Forcing endless battles is banned\n|rule|HP Percentage Mod: HP is shown in percentages\n|clearpoke\n|poke|p1|Landorus-Therian, M|\n|poke|p1|Hatterene, F|\n|poke|p1|Kingambit, F|\n|poke|p1|Iron Valiant|\n|poke|p1|Gholdengo|\n|poke|p1|Greninja-*, M|\n|poke|p2|Sinistcha|\n|poke|p2|Rillaboom, M|\n|poke|p2|Ursaluna, M|\n|poke|p2|Cinderace, M|\n|poke|p2|Hawlucha, F|\n|poke|p2|Manaphy|\n|teampreview\n|inactive|Battle timer is ON: inactive players will automatically lose when time's up. (requested by Heihachi Mishima)\n|inactive|Heihachi Mishima has 120 seconds left.\n|\n|t:|1700887648\n|start\n|switch|p1a: Landorus|Landorus-Therian, M|100\/100\n|switch|p2a: Portgas D. Ace \ud83d\udd25|Cinderace, M, shiny|100\/100\n|-ability|p1a: Landorus|Intimidate|boost\n|-unboost|p2a: Portgas D. Ace \ud83d\udd25|atk|1\n|turn|1\n|\n|t:|1700887657\n|switch|p2a: Winston \ud83e\udd8d|Rillaboom, M|100\/100\n|-fieldstart|move: Grassy Terrain|[from] ability: Grassy Surge|[of] p2a: Winston \ud83e\udd8d\n|move|p1a: Landorus|Earthquake|p2a: Winston \ud83e\udd8d\n|-resisted|p2a: Winston \ud83e\udd8d\n|-damage|p2a: Winston \ud83e\udd8d|84\/100\n|\n|-heal|p2a: Winston \ud83e\udd8d|90\/100|[from] Grassy Terrain\n|upkeep\n|turn|2\n|\n|t:|1700887666\n|move|p1a: Landorus|U-turn|p2a: Winston \ud83e\udd8d\n|-supereffective|p2a: Winston \ud83e\udd8d\n|-damage|p2a: Winston \ud83e\udd8d|32\/100\n|\n|t:|1700887693\n|switch|p1a: Gholdengo|Gholdengo|100\/100|[from] U-turn\n|move|p2a: Winston \ud83e\udd8d|Knock Off|p1a: Gholdengo\n|-supereffective|p1a: Gholdengo\n|-damage|p1a: Gholdengo|0 fnt\n|-enditem|p1a: Gholdengo|Choice Scarf|[from] move: Knock Off|[of] p2a: Winston \ud83e\udd8d\n|faint|p1a: Gholdengo\n|\n|-heal|p2a: Winston \ud83e\udd8d|38\/100|[from] Grassy Terrain\n|upkeep\n|\n|t:|1700887699\n|switch|p1a: Iron Valiant|Iron Valiant|100\/100\n|-enditem|p1a: Iron Valiant|Booster Energy\n|-activate|p1a: Iron Valiant|ability: Quark Drive|[fromitem]\n|-start|p1a: Iron Valiant|quarkdrivespe\n|turn|3\n|\n|t:|1700887725\n|switch|p2a: Portgas D. Ace \ud83d\udd25|Cinderace, M, shiny|100\/100\n|move|p1a: Iron Valiant|Swords Dance|p1a: Iron Valiant\n|-boost|p1a: Iron Valiant|atk|2\n|\n|upkeep\n|turn|4\n|\n|t:|1700887732\n|-terastallize|p1a: Iron Valiant|Dark\n|move|p1a: Iron Valiant|Knock Off|p2a: Portgas D. Ace \ud83d\udd25\n|-damage|p2a: Portgas D. Ace \ud83d\udd25|0 fnt\n|-enditem|p2a: Portgas D. Ace \ud83d\udd25|Heavy-Duty Boots|[from] move: Knock Off|[of] p1a: Iron Valiant\n|faint|p2a: Portgas D. Ace \ud83d\udd25\n|\n|upkeep\n|\n|t:|1700887737\n|switch|p2a: Winston \ud83e\udd8d|Rillaboom, M|38\/100\n|turn|5\n|inactive|Flintch Sweeper has 120 seconds left.\n|\n|t:|1700887775\n|-terastallize|p2a: Winston \ud83e\udd8d|Grass\n|move|p2a: Winston \ud83e\udd8d|Grassy Glide|p1a: Iron Valiant\n|-damage|p1a: Iron Valiant|0 fnt\n|faint|p1a: Iron Valiant\n|-end|p1a: Iron Valiant|Quark Drive|[silent]\n|\n|-heal|p2a: Winston \ud83e\udd8d|44\/100|[from] Grassy Terrain\n|-fieldend|move: Grassy Terrain\n|upkeep\n|\n|t:|1700887791\n|switch|p1a: Greninja|Greninja, M|100\/100\n|turn|6\n|inactive|Flintch Sweeper has 90 seconds left.\n|inactive|Heihachi Mishima has 120 seconds left.\n|\n|t:|1700887822\n|switch|p2a: Aquafina|Manaphy|100\/100\n|move|p1a: Greninja|Blizzard|p2a: Aquafina\n|-resisted|p2a: Aquafina\n|-damage|p2a: Aquafina|82\/100\n|-damage|p1a: Greninja|91\/100|[from] item: Life Orb\n|\n|-heal|p2a: Aquafina|88\/100|[from] item: Leftovers\n|upkeep\n|turn|7\n|inactive|Flintch Sweeper has 90 seconds left.\n|inactive|Heihachi Mishima has 120 seconds left.\n|inactive|Flintch Sweeper has 60 seconds left.\n|\n|t:|1700887865\n|switch|p1a: Kingambit|Kingambit, F|100\/100\n|-activate|p1a: Kingambit|ability: Supreme Overlord\n|-start|p1a: Kingambit|fallen2|[silent]\n|move|p2a: Aquafina|Scald|p1a: Kingambit\n|-damage|p1a: Kingambit|75\/100\n|\n|-heal|p2a: Aquafina|95\/100|[from] item: Leftovers\n|-heal|p1a: Kingambit|82\/100|[from] item: Leftovers\n|upkeep\n|turn|8\n|inactive|Heihachi Mishima has 90 seconds left.\n|\n|t:|1700887891\n|move|p2a: Aquafina|Scald|p1a: Kingambit\n|-damage|p1a: Kingambit|56\/100\n|move|p1a: Kingambit|Kowtow Cleave|p2a: Aquafina\n|-damage|p2a: Aquafina|53\/100\n|\n|-heal|p2a: Aquafina|60\/100|[from] item: Leftovers\n|-heal|p1a: Kingambit|62\/100|[from] item: Leftovers\n|upkeep\n|turn|9\n|inactive|Heihachi Mishima has 90 seconds left.\n|\n|t:|1700887898\n|move|p2a: Aquafina|Scald|p1a: Kingambit\n|-damage|p1a: Kingambit|37\/100\n|move|p1a: Kingambit|Kowtow Cleave|p2a: Aquafina\n|-damage|p2a: Aquafina|20\/100\n|\n|-heal|p2a: Aquafina|26\/100|[from] item: Leftovers\n|-heal|p1a: Kingambit|43\/100|[from] item: Leftovers\n|upkeep\n|turn|10\n|\n|t:|1700887902\n|move|p1a: Kingambit|Sucker Punch||[still]\n|-fail|p1a: Kingambit\n|move|p2a: Aquafina|Acid Armor|p2a: Aquafina\n|-boost|p2a: Aquafina|def|2\n|\n|-heal|p2a: Aquafina|33\/100|[from] item: Leftovers\n|-heal|p1a: Kingambit|49\/100|[from] item: Leftovers\n|upkeep\n|turn|11\n|\n|t:|1700887906\n|move|p2a: Aquafina|Scald|p1a: Kingambit\n|-damage|p1a: Kingambit|24\/100\n|move|p1a: Kingambit|Kowtow Cleave|p2a: Aquafina\n|-damage|p2a: Aquafina|12\/100\n|\n|-heal|p2a: Aquafina|18\/100|[from] item: Leftovers\n|-heal|p1a: Kingambit|30\/100|[from] item: Leftovers\n|upkeep\n|turn|12\n|\n|t:|1700887914\n|move|p2a: Aquafina|Scald|p1a: Kingambit\n|-damage|p1a: Kingambit|3\/100\n|-status|p1a: Kingambit|brn\n|move|p1a: Kingambit|Kowtow Cleave|p2a: Aquafina\n|-damage|p2a: Aquafina|8\/100\n|\n|-heal|p2a: Aquafina|15\/100|[from] item: Leftovers\n|-heal|p1a: Kingambit|9\/100 brn|[from] item: Leftovers\n|-damage|p1a: Kingambit|3\/100 brn|[from] brn\n|upkeep\n|turn|13\n|inactive|Heihachi Mishima has 120 seconds left.\n|\n|t:|1700887919\n|move|p1a: Kingambit|Sucker Punch||[still]\n|-fail|p1a: Kingambit\n|move|p2a: Aquafina|Acid Armor|p2a: Aquafina\n|-boost|p2a: Aquafina|def|2\n|\n|-heal|p2a: Aquafina|21\/100|[from] item: Leftovers\n|-heal|p1a: Kingambit|9\/100 brn|[from] item: Leftovers\n|-damage|p1a: Kingambit|3\/100 brn|[from] brn\n|upkeep\n|turn|14\n|\n|t:|1700887927\n|move|p2a: Aquafina|Take Heart|p2a: Aquafina\n|-boost|p2a: Aquafina|spa|1\n|-boost|p2a: Aquafina|spd|1\n|move|p1a: Kingambit|Kowtow Cleave|p2a: Aquafina\n|-crit|p2a: Aquafina\n|-damage|p2a: Aquafina|0 fnt\n|faint|p2a: Aquafina\n|\n|-heal|p1a: Kingambit|9\/100 brn|[from] item: Leftovers\n|-damage|p1a: Kingambit|3\/100 brn|[from] brn\n|upkeep\n|\n|t:|1700887932\n|switch|p2a: Winston \ud83e\udd8d|Rillaboom, M, tera:Grass|44\/100\n|-fieldstart|move: Grassy Terrain|[from] ability: Grassy Surge|[of] p2a: Winston \ud83e\udd8d\n|turn|15\n|\n|t:|1700887944\n|move|p2a: Winston \ud83e\udd8d|Grassy Glide|p1a: Kingambit\n|-resisted|p1a: Kingambit\n|-damage|p1a: Kingambit|0 fnt\n|faint|p1a: Kingambit\n|-end|p1a: Kingambit|fallen2|[silent]\n|\n|-heal|p2a: Winston \ud83e\udd8d|51\/100|[from] Grassy Terrain\n|upkeep\n|\n|t:|1700887956\n|switch|p1a: Landorus|Landorus-Therian, M|100\/100\n|-ability|p1a: Landorus|Intimidate|boost\n|-unboost|p2a: Winston \ud83e\udd8d|atk|1\n|turn|16\n|\n|t:|1700887963\n|move|p2a: Winston \ud83e\udd8d|Grassy Glide|p1a: Landorus\n|-damage|p1a: Landorus|41\/100\n|move|p1a: Landorus|U-turn|p2a: Winston \ud83e\udd8d\n|-supereffective|p2a: Winston \ud83e\udd8d\n|-damage|p2a: Winston \ud83e\udd8d|0 fnt\n|faint|p2a: Winston \ud83e\udd8d\n|\n|t:|1700887969\n|switch|p1a: Hatterene|Hatterene, F|100\/100|[from] U-turn\n|\n|upkeep\n|\n|t:|1700887973\n|switch|p2a: Freddy Fazbear|Ursaluna, M, shiny|100\/100\n|turn|17\n|\n|t:|1700887983\n|switch|p1a: Landorus|Landorus-Therian, M|41\/100\n|-ability|p1a: Landorus|Intimidate|boost\n|-unboost|p2a: Freddy Fazbear|atk|1\n|move|p2a: Freddy Fazbear|Trailblaze|p1a: Landorus\n|-damage|p1a: Landorus|19\/100\n|-boost|p2a: Freddy Fazbear|spe|1\n|\n|-heal|p1a: Landorus|25\/100|[from] item: Leftovers\n|-status|p2a: Freddy Fazbear|brn|[from] item: Flame Orb\n|upkeep\n|turn|18\n|\n|t:|1700887994\n|switch|p1a: Hatterene|Hatterene, F|100\/100\n|move|p2a: Freddy Fazbear|Trailblaze|p1a: Hatterene\n|-damage|p1a: Hatterene|80\/100\n|-boost|p2a: Freddy Fazbear|spe|1\n|\n|-heal|p1a: Hatterene|86\/100|[from] Grassy Terrain\n|-heal|p1a: Hatterene|92\/100|[from] item: Leftovers\n|-damage|p2a: Freddy Fazbear|94\/100 brn|[from] brn\n|upkeep\n|turn|19\n|\n|t:|1700887998\n|switch|p1a: Landorus|Landorus-Therian, M|25\/100\n|-ability|p1a: Landorus|Intimidate|boost\n|-unboost|p2a: Freddy Fazbear|atk|1\n|move|p2a: Freddy Fazbear|Facade|p1a: Landorus\n|-damage|p1a: Landorus|0 fnt\n|faint|p1a: Landorus\n|\n|-heal|p2a: Freddy Fazbear|100\/100 brn|[from] Grassy Terrain\n|-damage|p2a: Freddy Fazbear|94\/100 brn|[from] brn\n|-fieldend|move: Grassy Terrain\n|upkeep\n|inactive|Flintch Sweeper has 120 seconds left.\n|\n|t:|1700888039\n|switch|p1a: Hatterene|Hatterene, F|92\/100\n|turn|20\n|inactive|Heihachi Mishima has 120 seconds left.\n|\n|t:|1700888077\n|move|p2a: Freddy Fazbear|Facade|p1a: Hatterene\n|-damage|p1a: Hatterene|39\/100\n|move|p1a: Hatterene|Psyshock|p2a: Freddy Fazbear\n|-damage|p2a: Freddy Fazbear|67\/100 brn\n|\n|-heal|p1a: Hatterene|45\/100|[from] item: Leftovers\n|-damage|p2a: Freddy Fazbear|61\/100 brn|[from] brn\n|upkeep\n|turn|21\n|inactive|Heihachi Mishima has 120 seconds left.\n|inactive|Flintch Sweeper has 120 seconds left.\n|\n|t:|1700888102\n|switch|p2a: Dimple \ud83c\udf75|Sinistcha|100\/100\n|move|p1a: Hatterene|Psyshock|p2a: Dimple \ud83c\udf75\n|-damage|p2a: Dimple \ud83c\udf75|74\/100\n|\n|-heal|p1a: Hatterene|51\/100|[from] item: Leftovers\n|upkeep\n|turn|22\n|\n|t:|1700888109\n|move|p2a: Dimple \ud83c\udf75|Calm Mind|p2a: Dimple \ud83c\udf75\n|-boost|p2a: Dimple \ud83c\udf75|spa|1\n|-boost|p2a: Dimple \ud83c\udf75|spd|1\n|move|p1a: Hatterene|Mystical Fire|p2a: Dimple \ud83c\udf75\n|-supereffective|p2a: Dimple \ud83c\udf75\n|-damage|p2a: Dimple \ud83c\udf75|57\/100\n|-unboost|p2a: Dimple \ud83c\udf75|spa|1\n|\n|-heal|p1a: Hatterene|57\/100|[from] item: Leftovers\n|upkeep\n|turn|23\n|inactive|Heihachi Mishima has 120 seconds left.\n|\n|t:|1700888119\n|switch|p1a: Greninja|Greninja, M|91\/100\n|move|p2a: Dimple \ud83c\udf75|Matcha Gotcha|p1a: Greninja\n|-supereffective|p1a: Greninja\n|-damage|p1a: Greninja|0 fnt\n|-heal|p2a: Dimple \ud83c\udf75|94\/100|[from] drain|[of] p1a: Greninja\n|faint|p1a: Greninja\n|\n|upkeep\n|c|\u2606Heihachi Mishima|gg\n|-message|Flintch Sweeper forfeited.\n|\n|win|Heihachi Mishima\n|raw|Flintch Sweeper's rating: 1389 &rarr; <strong>1375<\/strong><br \/>(-14 for losing)\n|raw|Heihachi Mishima's rating: 1496 &rarr; <strong>1510<\/strong><br \/>(+14 for winning)\n|l|\u2606Flintch Sweeper\n","uploadtime":1700888129,"views":1,"p1id":"flintchsweeper","p2id":"heihachimishima","formatid":"gen9ou","rating":1375,"private":0,"password":""}