{"id":"gen9ou-1995691776","p1":"selrahc1608","p2":"pok3monjake","format":"[Gen 9] OU","log":"|j|\u2606selrahc1608\n|j|\u2606pok3monjake\n|t:|1700594378\n|gametype|singles\n|player|p1|selrahc1608|byron|1472\n|player|p2|pok3monjake|unknown|1499\n|teamsize|p1|6\n|teamsize|p2|6\n|gen|9\n|tier|[Gen 9] OU\n|rated|\n|rule|Sleep Clause Mod: Limit one foe put to sleep\n|rule|Species Clause: Limit one of each Pok\u00e9mon\n|rule|OHKO Clause: OHKO moves are banned\n|rule|Evasion Items Clause: Evasion items are banned\n|rule|Evasion Moves Clause: Evasion moves are banned\n|rule|Endless Battle Clause: Forcing endless battles is banned\n|rule|HP Percentage Mod: HP is shown in percentages\n|clearpoke\n|poke|p1|Ribombee, F|\n|poke|p1|Torterra, M|\n|poke|p1|Gholdengo|\n|poke|p1|Dragonite, F|\n|poke|p1|Great Tusk|\n|poke|p1|Iron Moth|\n|poke|p2|Hatterene, F|\n|poke|p2|Rillaboom, F|\n|poke|p2|Hawlucha, M|\n|poke|p2|Great Tusk|\n|poke|p2|Dragapult, F|\n|poke|p2|Kingambit, F|\n|teampreview\n|\n|t:|1700594398\n|start\n|switch|p1a: Abaille ou ...|Ribombee, F|100\/100\n|switch|p2a: Dragapult|Dragapult, F|100\/100\n|turn|1\n|\n|t:|1700594420\n|move|p2a: Dragapult|U-turn|p1a: Abaille ou ...\n|-resisted|p1a: Abaille ou ...\n|-damage|p1a: Abaille ou ...|83\/100\n|\n|t:|1700594423\n|switch|p2a: Hatterene|Hatterene, F|100\/100|[from] U-turn\n|move|p1a: Abaille ou ...|Moonblast|p2a: Hatterene\n|-damage|p2a: Hatterene|55\/100\n|\n|upkeep\n|turn|2\n|inactive|Battle timer is ON: inactive players will automatically lose when time's up. (requested by selrahc1608)\n|\n|t:|1700594461\n|move|p1a: Abaille ou ...|Moonblast|p2a: Hatterene\n|-damage|p2a: Hatterene|15\/100\n|move|p2a: Hatterene|Draining Kiss|p1a: Abaille ou ...\n|-damage|p1a: Abaille ou ...|42\/100\n|-heal|p2a: Hatterene|40\/100|[from] drain|[of] p1a: Abaille ou ...\n|\n|upkeep\n|turn|3\n|\n|t:|1700594468\n|move|p1a: Abaille ou ...|Moonblast|p2a: Hatterene\n|-damage|p2a: Hatterene|0 fnt\n|faint|p2a: Hatterene\n|\n|upkeep\n|\n|t:|1700594471\n|switch|p2a: Dragapult|Dragapult, F|100\/100\n|turn|4\n|\n|t:|1700594478\n|move|p2a: Dragapult|Shadow Ball|p1a: Abaille ou ...\n|-damage|p1a: Abaille ou ...|0 fnt\n|faint|p1a: Abaille ou ...\n|\n|upkeep\n|\n|t:|1700594482\n|switch|p1a: Gros Mago|Gholdengo|100\/100\n|turn|5\n|\n|t:|1700594488\n|switch|p2a: Kingambit|Kingambit, F|100\/100\n|-activate|p2a: Kingambit|ability: Supreme Overlord\n|-start|p2a: Kingambit|fallen1|[silent]\n|move|p1a: Gros Mago|Shadow Ball|p2a: Kingambit\n|-resisted|p2a: Kingambit\n|-damage|p2a: Kingambit|78\/100\n|-unboost|p2a: Kingambit|spd|1\n|\n|-heal|p2a: Kingambit|84\/100|[from] item: Leftovers\n|upkeep\n|turn|6\n|\n|t:|1700594513\n|switch|p1a: Phampy|Great Tusk|100\/100\n|-end|p2a: Kingambit|fallen1|[silent]\n|switch|p2a: Rillaboom|Rillaboom, F|100\/100\n|-fieldstart|move: Grassy Terrain|[from] ability: Grassy Surge|[of] p2a: Rillaboom\n|\n|upkeep\n|turn|7\n|inactive|pok3monjake has 120 seconds left.\n|\n|t:|1700594543\n|-end|p1a: Phampy|Protosynthesis|[silent]\n|switch|p1a: FLOP...|Iron Moth|100\/100\n|-enditem|p1a: FLOP...|Booster Energy\n|-activate|p1a: FLOP...|ability: Quark Drive|[fromitem]\n|-start|p1a: FLOP...|quarkdrivespe\n|move|p2a: Rillaboom|U-turn|p1a: FLOP...\n|-resisted|p1a: FLOP...\n|-damage|p1a: FLOP...|91\/100\n|\n|t:|1700594546\n|switch|p2a: Hawlucha|Hawlucha, M|100\/100|[from] U-turn\n|-enditem|p2a: Hawlucha|Grassy Seed\n|-boost|p2a: Hawlucha|def|1|[from] item: Grassy Seed\n|\n|-heal|p1a: FLOP...|97\/100|[from] Grassy Terrain\n|upkeep\n|turn|8\n|inactive|pok3monjake has 120 seconds left.\n|\n|t:|1700594581\n|move|p2a: Hawlucha|Swords Dance|p2a: Hawlucha\n|-boost|p2a: Hawlucha|atk|2\n|move|p1a: FLOP...|Fiery Dance|p2a: Hawlucha\n|-damage|p2a: Hawlucha|45\/100\n|-boost|p1a: FLOP...|spa|1\n|\n|-heal|p1a: FLOP...|100\/100|[from] Grassy Terrain\n|upkeep\n|turn|9\n|\n|t:|1700594592\n|move|p2a: Hawlucha|Acrobatics|p1a: FLOP...\n|-damage|p1a: FLOP...|0 fnt\n|faint|p1a: FLOP...\n|-end|p1a: FLOP...|Quark Drive|[silent]\n|\n|upkeep\n|\n|t:|1700594597\n|switch|p1a: Phampy|Great Tusk|100\/100\n|turn|10\n|\n|t:|1700594609\n|-terastallize|p1a: Phampy|Water\n|move|p2a: Hawlucha|Acrobatics|p1a: Phampy\n|-damage|p1a: Phampy|34\/100\n|move|p1a: Phampy|Ice Spinner|p2a: Hawlucha\n|-supereffective|p2a: Hawlucha\n|-damage|p2a: Hawlucha|0 fnt\n|-fieldend|move: Grassy Terrain\n|faint|p2a: Hawlucha\n|\n|upkeep\n|\n|t:|1700594617\n|switch|p2a: Rillaboom|Rillaboom, F|100\/100\n|-fieldstart|move: Grassy Terrain|[from] ability: Grassy Surge|[of] p2a: Rillaboom\n|turn|11\n|\n|t:|1700594621\n|move|p2a: Rillaboom|Grassy Glide|p1a: Phampy\n|-supereffective|p1a: Phampy\n|-damage|p1a: Phampy|0 fnt\n|faint|p1a: Phampy\n|-end|p1a: Phampy|Protosynthesis|[silent]\n|\n|upkeep\n|\n|t:|1700594623\n|switch|p1a: Gros Mago|Gholdengo|100\/100\n|turn|12\n|inactive|pok3monjake has 120 seconds left.\n|\n|t:|1700594640\n|move|p1a: Gros Mago|Focus Blast|p2a: Rillaboom|[miss]\n|-miss|p1a: Gros Mago|p2a: Rillaboom\n|move|p2a: Rillaboom|Knock Off|p1a: Gros Mago\n|-supereffective|p1a: Gros Mago\n|-damage|p1a: Gros Mago|15\/100\n|-enditem|p1a: Gros Mago|Choice Scarf|[from] move: Knock Off|[of] p2a: Rillaboom\n|\n|-heal|p1a: Gros Mago|21\/100|[from] Grassy Terrain\n|upkeep\n|turn|13\n|inactive|pok3monjake has 120 seconds left.\n|\n|t:|1700594650\n|move|p2a: Rillaboom|Grassy Glide|p1a: Gros Mago\n|-resisted|p1a: Gros Mago\n|-damage|p1a: Gros Mago|0 fnt\n|faint|p1a: Gros Mago\n|\n|upkeep\n|\n|t:|1700594652\n|switch|p1a: Nyoonnnn|Dragonite, F|100\/100\n|turn|14\n|\n|t:|1700594663\n|move|p1a: Nyoonnnn|Dragon Dance|p1a: Nyoonnnn\n|-boost|p1a: Nyoonnnn|atk|1\n|-boost|p1a: Nyoonnnn|spe|1\n|move|p2a: Rillaboom|U-turn|p1a: Nyoonnnn\n|-resisted|p1a: Nyoonnnn\n|-damage|p1a: Nyoonnnn|94\/100\n|\n|t:|1700594665\n|switch|p2a: Dragapult|Dragapult, F|100\/100|[from] U-turn\n|\n|-heal|p1a: Nyoonnnn|99\/100|[from] item: Leftovers\n|upkeep\n|turn|15\n|\n|t:|1700594669\n|move|p2a: Dragapult|Draco Meteor|p1a: Nyoonnnn\n|-supereffective|p1a: Nyoonnnn\n|-damage|p1a: Nyoonnnn|0 fnt\n|-unboost|p2a: Dragapult|spa|2\n|faint|p1a: Nyoonnnn\n|\n|upkeep\n|\n|t:|1700594675\n|switch|p1a: Smash!!!|Torterra, M|100\/100\n|turn|16\n|\n|t:|1700594694\n|switch|p2a: Great Tusk|Great Tusk|100\/100\n|move|p1a: Smash!!!|Shell Smash|p1a: Smash!!!\n|-unboost|p1a: Smash!!!|def|1\n|-unboost|p1a: Smash!!!|spd|1\n|-boost|p1a: Smash!!!|atk|2\n|-boost|p1a: Smash!!!|spa|2\n|-boost|p1a: Smash!!!|spe|2\n|\n|upkeep\n|turn|17\n|\n|t:|1700594701\n|-terastallize|p2a: Great Tusk|Steel\n|move|p1a: Smash!!!|Bullet Seed|p2a: Great Tusk\n|-resisted|p2a: Great Tusk\n|-damage|p2a: Great Tusk|89\/100\n|-resisted|p2a: Great Tusk\n|-damage|p2a: Great Tusk|79\/100\n|-resisted|p2a: Great Tusk\n|-damage|p2a: Great Tusk|69\/100\n|-resisted|p2a: Great Tusk\n|-damage|p2a: Great Tusk|59\/100\n|-hitcount|p2a: Great Tusk|4\n|move|p2a: Great Tusk|Ice Spinner|p1a: Smash!!!\n|-supereffective|p1a: Smash!!!\n|-damage|p1a: Smash!!!|0 fnt\n|-fieldend|move: Grassy Terrain\n|faint|p1a: Smash!!!\n|\n|win|pok3monjake\n|raw|selrahc1608's rating: 1472 &rarr; <strong>1454<\/strong><br \/>(-18 for losing)\n|raw|pok3monjake's rating: 1499 &rarr; <strong>1517<\/strong><br \/>(+18 for winning)\n","uploadtime":1700594705,"views":7,"p1id":"selrahc1608","p2id":"pok3monjake","formatid":"gen9ou","rating":1454,"private":0,"password":""}