{"id":"gen9ou-1991041289","p1":"Skaraptor2.1","p2":"Ramona Te amo","format":"[Gen 9] OU","log":"|j|\u2606Skaraptor2.1\n|j|\u2606Ramona Te amo\n|t:|1700033076\n|gametype|singles\n|player|p1|Skaraptor2.1|bodybuilderf-gen9|1218\n|player|p2|Ramona Te amo|ingo|1307\n|teamsize|p1|6\n|teamsize|p2|6\n|gen|9\n|tier|[Gen 9] OU\n|rated|\n|rule|Sleep Clause Mod: Limit one foe put to sleep\n|rule|Species Clause: Limit one of each Pok\u00e9mon\n|rule|OHKO Clause: OHKO moves are banned\n|rule|Evasion Items Clause: Evasion items are banned\n|rule|Evasion Moves Clause: Evasion moves are banned\n|rule|Endless Battle Clause: Forcing endless battles is banned\n|rule|HP Percentage Mod: HP is shown in percentages\n|clearpoke\n|poke|p1|Ribombee, M|\n|poke|p1|Ogerpon-Wellspring, F|\n|poke|p1|Cyclizar, M|\n|poke|p1|Zamazenta-*|\n|poke|p1|Iron Valiant|\n|poke|p1|Kingambit, F|\n|poke|p2|Samurott-Hisui, F|\n|poke|p2|Ceruledge, F|\n|poke|p2|Thundurus-Therian, M|\n|poke|p2|Amoonguss, M|\n|poke|p2|Great Tusk|\n|poke|p2|Gholdengo|\n|teampreview\n|inactive|Battle timer is ON: inactive players will automatically lose when time's up. (requested by Skaraptor2.1)\n|\n|t:|1700033082\n|start\n|switch|p1a: Twink|Ribombee, M|100\/100\n|switch|p2a: Sekiro|Samurott-Hisui, F, shiny|100\/100\n|turn|1\n|\n|t:|1700033087\n|move|p2a: Sekiro|Flip Turn|p1a: Twink\n|-damage|p1a: Twink|57\/100\n|\n|t:|1700033098\n|switch|p2a: Palpatin|Ceruledge, F, shiny|100\/100|[from] Flip Turn\n|move|p1a: Twink|Stun Spore|p2a: Palpatin\n|-status|p2a: Palpatin|par\n|\n|upkeep\n|turn|2\n|\n|t:|1700033109\n|move|p1a: Twink|Sticky Web|p2a: Palpatin\n|-sidestart|p2: Ramona Te amo|move: Sticky Web\n|cant|p2a: Palpatin|par\n|\n|upkeep\n|turn|3\n|\n|t:|1700033113\n|move|p1a: Twink|Skill Swap|p2a: Palpatin\n|-activate|p1a: Twink|move: Skill Swap|Weak Armor|Shield Dust|[of] p2a: Palpatin\n|move|p2a: Palpatin|Bitter Blade|p1a: Twink\n|-supereffective|p1a: Twink\n|-damage|p1a: Twink|0 fnt\n|faint|p1a: Twink\n|\n|upkeep\n|\n|t:|1700033125\n|switch|p1a: Transfem|Ogerpon-Wellspring, F|100\/100\n|turn|4\n|\n|t:|1700033130\n|move|p1a: Transfem|Knock Off|p2a: Palpatin\n|-supereffective|p2a: Palpatin\n|-crit|p2a: Palpatin\n|-damage|p2a: Palpatin|0 fnt\n|-enditem|p2a: Palpatin|Heavy-Duty Boots|[from] move: Knock Off|[of] p1a: Transfem\n|faint|p2a: Palpatin\n|\n|upkeep\n|\n|t:|1700033135\n|switch|p2a: Dumbo|Great Tusk, shiny|100\/100\n|-activate|p2a: Dumbo|move: Sticky Web\n|-unboost|p2a: Dumbo|spe|1\n|turn|5\n|\n|t:|1700033141\n|move|p1a: Transfem|Swords Dance|p1a: Transfem\n|-boost|p1a: Transfem|atk|2\n|move|p2a: Dumbo|Rapid Spin|p1a: Transfem\n|-damage|p1a: Transfem|82\/100\n|-boost|p2a: Dumbo|spe|1\n|-sideend|p2: Ramona Te amo|Sticky Web|[from] move: Rapid Spin|[of] p2a: Dumbo\n|\n|upkeep\n|turn|6\n|\n|t:|1700033148\n|-end|p2a: Dumbo|Protosynthesis|[silent]\n|switch|p2a: Amanita Phalloides|Amoonguss, M, shiny|100\/100\n|move|p1a: Transfem|Horn Leech|p2a: Amanita Phalloides\n|-resisted|p2a: Amanita Phalloides\n|-damage|p2a: Amanita Phalloides|81\/100\n|-heal|p1a: Transfem|95\/100|[from] drain|[of] p2a: Amanita Phalloides\n|-enditem|p2a: Amanita Phalloides|Red Card|[of] p1a: Transfem\n|drag|p1a: Bigender|Iron Valiant|100\/100\n|-enditem|p1a: Bigender|Booster Energy\n|-activate|p1a: Bigender|ability: Quark Drive|[fromitem]\n|-start|p1a: Bigender|quarkdrivespe\n|\n|upkeep\n|turn|7\n|\n|t:|1700033159\n|switch|p2a: Kuzko|Gholdengo, shiny|100\/100\n|move|p1a: Bigender|Thunderbolt|p2a: Kuzko\n|-damage|p2a: Kuzko|69\/100\n|\n|-heal|p2a: Kuzko|76\/100|[from] item: Leftovers\n|upkeep\n|turn|8\n|\n|t:|1700033165\n|move|p1a: Bigender|Destiny Bond|p1a: Bigender\n|-singlemove|p1a: Bigender|Destiny Bond\n|move|p2a: Kuzko|Make It Rain|p1a: Bigender\n|-supereffective|p1a: Bigender\n|-damage|p1a: Bigender|0 fnt\n|-unboost|p2a: Kuzko|spa|1\n|faint|p1a: Bigender\n|-activate|p1a: Bigender|move: Destiny Bond\n|-end|p1a: Bigender|Quark Drive|[silent]\n|faint|p2a: Kuzko\n|\n|upkeep\n|\n|t:|1700033171\n|switch|p1a: Wheelie|Cyclizar, M|100\/100\n|switch|p2a: Sekiro|Samurott-Hisui, F, shiny|100\/100\n|turn|9\n|\n|t:|1700033179\n|move|p2a: Sekiro|Sacred Sword|p1a: Wheelie\n|-supereffective|p1a: Wheelie\n|-damage|p1a: Wheelie|0 fnt\n|faint|p1a: Wheelie\n|\n|upkeep\n|\n|t:|1700033184\n|switch|p1a: Transfem|Ogerpon-Wellspring, F|95\/100\n|turn|10\n|\n|t:|1700033189\n|switch|p2a: Amanita Phalloides|Amoonguss, M, shiny|100\/100\n|move|p1a: Transfem|Knock Off|p2a: Amanita Phalloides\n|-damage|p2a: Amanita Phalloides|78\/100\n|\n|upkeep\n|turn|11\n|\n|t:|1700033196\n|move|p1a: Transfem|Swords Dance|p1a: Transfem\n|-boost|p1a: Transfem|atk|2\n|move|p2a: Amanita Phalloides|Sludge Bomb|p1a: Transfem\n|-supereffective|p1a: Transfem\n|-damage|p1a: Transfem|31\/100\n|-status|p1a: Transfem|psn\n|\n|-damage|p1a: Transfem|19\/100 psn|[from] psn\n|upkeep\n|turn|12\n|\n|t:|1700033200\n|move|p1a: Transfem|Ivy Cudgel|p2a: Amanita Phalloides|[anim] Ivy Cudgel Water\n|-resisted|p2a: Amanita Phalloides\n|-damage|p2a: Amanita Phalloides|22\/100\n|move|p2a: Amanita Phalloides|Giga Drain|p1a: Transfem\n|-damage|p1a: Transfem|0 fnt\n|-heal|p2a: Amanita Phalloides|28\/100|[from] drain|[of] p1a: Transfem\n|faint|p1a: Transfem\n|\n|upkeep\n|\n|t:|1700033209\n|switch|p1a: Queengambit|Kingambit, F|100\/100\n|-activate|p1a: Queengambit|ability: Supreme Overlord\n|-start|p1a: Queengambit|fallen4|[silent]\n|turn|13\n|\n|t:|1700033212\n|switch|p2a: Sekiro|Samurott-Hisui, F, shiny|100\/100\n|move|p1a: Queengambit|Iron Head|p2a: Sekiro\n|-resisted|p2a: Sekiro\n|-damage|p2a: Sekiro|58\/100\n|\n|upkeep\n|turn|14\n|\n|t:|1700033220\n|-terastallize|p1a: Queengambit|Fairy\n|move|p2a: Sekiro|Sacred Sword|p1a: Queengambit\n|-resisted|p1a: Queengambit\n|-damage|p1a: Queengambit|86\/100\n|move|p1a: Queengambit|Low Kick|p2a: Sekiro\n|-supereffective|p2a: Sekiro\n|-crit|p2a: Sekiro\n|-damage|p2a: Sekiro|0 fnt\n|faint|p2a: Sekiro\n|\n|-heal|p1a: Queengambit|92\/100|[from] item: Leftovers\n|upkeep\n|\n|t:|1700033229\n|switch|p2a: Amanita Phalloides|Amoonguss, M, shiny|62\/100\n|turn|15\n|\n|t:|1700033232\n|move|p1a: Queengambit|Iron Head|p2a: Amanita Phalloides\n|-damage|p2a: Amanita Phalloides|3\/100\n|move|p2a: Amanita Phalloides|Sludge Bomb|p1a: Queengambit\n|-supereffective|p1a: Queengambit\n|-damage|p1a: Queengambit|43\/100\n|\n|-heal|p1a: Queengambit|49\/100|[from] item: Leftovers\n|upkeep\n|turn|16\n|\n|t:|1700033240\n|move|p1a: Queengambit|Iron Head|p2a: Amanita Phalloides\n|-damage|p2a: Amanita Phalloides|0 fnt\n|faint|p2a: Amanita Phalloides\n|\n|-heal|p1a: Queengambit|55\/100|[from] item: Leftovers\n|upkeep\n|\n|t:|1700033243\n|switch|p2a: Dumbo|Great Tusk, shiny|100\/100\n|turn|17\n|\n|t:|1700033246\n|move|p2a: Dumbo|Earthquake|p1a: Queengambit\n|-damage|p1a: Queengambit|23\/100\n|move|p1a: Queengambit|Low Kick|p2a: Dumbo\n|-damage|p2a: Dumbo|67\/100\n|\n|-heal|p2a: Dumbo|73\/100|[from] item: Leftovers\n|-heal|p1a: Queengambit|29\/100|[from] item: Leftovers\n|upkeep\n|turn|18\n|\n|t:|1700033258\n|move|p1a: Queengambit|Sucker Punch|p2a: Dumbo\n|-resisted|p2a: Dumbo\n|-damage|p2a: Dumbo|57\/100\n|move|p2a: Dumbo|Earthquake|p1a: Queengambit\n|-damage|p1a: Queengambit|0 fnt\n|faint|p1a: Queengambit\n|-end|p1a: Queengambit|fallen4|[silent]\n|\n|-heal|p2a: Dumbo|63\/100|[from] item: Leftovers\n|upkeep\n|\n|t:|1700033261\n|switch|p1a: Defender of Trans|Zamazenta, shiny|100\/100\n|-ability|p1a: Defender of Trans|Dauntless Shield|boost\n|-boost|p1a: Defender of Trans|def|1\n|turn|19\n|\n|t:|1700033268\n|-end|p2a: Dumbo|Protosynthesis|[silent]\n|switch|p2a: Thor|Thundurus-Therian, M, shiny|100\/100\n|move|p1a: Defender of Trans|Iron Defense|p1a: Defender of Trans\n|-boost|p1a: Defender of Trans|def|2\n|\n|upkeep\n|turn|20\n|\n|t:|1700033274\n|move|p1a: Defender of Trans|Body Press|p2a: Thor\n|-resisted|p2a: Thor\n|-damage|p2a: Thor|34\/100\n|move|p2a: Thor|Volt Switch|p1a: Defender of Trans\n|-damage|p1a: Defender of Trans|69\/100\n|\n|t:|1700033280\n|switch|p2a: Dumbo|Great Tusk, shiny|63\/100|[from] Volt Switch\n|\n|-heal|p1a: Defender of Trans|75\/100|[from] item: Leftovers\n|-heal|p2a: Dumbo|70\/100|[from] item: Leftovers\n|upkeep\n|turn|21\n|\n|t:|1700033282\n|move|p1a: Defender of Trans|Body Press|p2a: Dumbo\n|-damage|p2a: Dumbo|20\/100\n|move|p2a: Dumbo|Earthquake|p1a: Defender of Trans\n|-damage|p1a: Defender of Trans|64\/100\n|\n|-heal|p1a: Defender of Trans|71\/100|[from] item: Leftovers\n|-heal|p2a: Dumbo|26\/100|[from] item: Leftovers\n|upkeep\n|turn|22\n|\n|t:|1700033290\n|move|p1a: Defender of Trans|Body Press|p2a: Dumbo\n|-damage|p2a: Dumbo|0 fnt\n|faint|p2a: Dumbo\n|-end|p2a: Dumbo|Protosynthesis|[silent]\n|\n|-heal|p1a: Defender of Trans|77\/100|[from] item: Leftovers\n|upkeep\n|l|\u2606Skaraptor2.1\n|inactive|Skaraptor2.1 disconnected and has a minute to reconnect!\n|player|p1|\n|j|\u2606Skaraptor2.1\n|inactive|Skaraptor2.1 reconnected.\n|player|p1|Skaraptor2.1|bodybuilderf-gen9\n|inactive|Ramona Te amo has 120 seconds left.\n|inactive|Ramona Te amo has 90 seconds left.\n|inactive|Ramona Te amo has 60 seconds left.\n|\n|t:|1700033381\n|switch|p2a: Thor|Thundurus-Therian, M, shiny|34\/100\n|turn|23\n|-message|Ramona Te amo forfeited.\n|\n|win|Skaraptor2.1\n|raw|Skaraptor2.1's rating: 1218 &rarr; <strong>1249<\/strong><br \/>(+31 for winning)\n|raw|Ramona Te amo's rating: 1307 &rarr; <strong>1282<\/strong><br \/>(-25 for losing)\n|l|\u2606Ramona Te amo\n","uploadtime":1700033388,"views":5,"p1id":"skaraptor21","p2id":"ramonateamo","formatid":"gen9ou","rating":1249,"private":0,"password":""}