{"id":"gen9ou-1997971129","p1":"Mytton","p2":"ChefKrys","format":"[Gen 9] OU","log":"|j|\u2606Mytton\n|j|\u2606ChefKrys\n|t:|1700873730\n|gametype|singles\n|player|p1|Mytton|iris|1265\n|player|p2|ChefKrys|chili|1156\n|teamsize|p1|6\n|teamsize|p2|6\n|gen|9\n|tier|[Gen 9] OU\n|rated|\n|rule|Sleep Clause Mod: Limit one foe put to sleep\n|rule|Species Clause: Limit one of each Pok\u00e9mon\n|rule|OHKO Clause: OHKO moves are banned\n|rule|Evasion Items Clause: Evasion items are banned\n|rule|Evasion Moves Clause: Evasion moves are banned\n|rule|Endless Battle Clause: Forcing endless battles is banned\n|rule|HP Percentage Mod: HP is shown in percentages\n|clearpoke\n|poke|p1|Slowking-Galar, F|\n|poke|p1|Alomomola, M|\n|poke|p1|Moltres|\n|poke|p1|Sandslash-Alola, M|\n|poke|p1|Breloom, M|\n|poke|p1|Heatran, F|\n|poke|p2|Blissey, F|\n|poke|p2|Dragonite, M|\n|poke|p2|Corviknight, M|\n|poke|p2|Gholdengo|\n|poke|p2|Great Tusk|\n|poke|p2|Kingambit, M|\n|teampreview\n|inactive|Battle timer is ON: inactive players will automatically lose when time's up. (requested by ChefKrys)\n|inactive|ChefKrys has 120 seconds left.\n|\n|t:|1700873766\n|start\n|switch|p1a: Breloom|Breloom, M|100\/100\n|switch|p2a: Blissey|Blissey, F|100\/100\n|turn|1\n|\n|t:|1700873779\n|move|p1a: Breloom|Bullet Seed|p2a: Blissey\n|-damage|p2a: Blissey|79\/100\n|-damage|p2a: Blissey|56\/100\n|-damage|p2a: Blissey|33\/100\n|-damage|p2a: Blissey|10\/100\n|-enditem|p2a: Blissey|Aguav Berry|[eat]\n|-heal|p2a: Blissey|43\/100|[from] item: Aguav Berry\n|-hitcount|p2a: Blissey|4\n|move|p2a: Blissey|Stealth Rock|p1a: Breloom\n|-sidestart|p1: Mytton|move: Stealth Rock\n|\n|upkeep\n|turn|2\n|\n|t:|1700873789\n|switch|p2a: Corviknight|Corviknight, M|100\/100\n|move|p1a: Breloom|Bullet Seed|p2a: Corviknight\n|-resisted|p2a: Corviknight\n|-damage|p2a: Corviknight|96\/100\n|-resisted|p2a: Corviknight\n|-crit|p2a: Corviknight\n|-damage|p2a: Corviknight|90\/100\n|-resisted|p2a: Corviknight\n|-damage|p2a: Corviknight|86\/100\n|-resisted|p2a: Corviknight\n|-damage|p2a: Corviknight|81\/100\n|-resisted|p2a: Corviknight\n|-damage|p2a: Corviknight|77\/100\n|-hitcount|p2a: Corviknight|5\n|\n|upkeep\n|turn|3\n|\n|t:|1700873802\n|move|p1a: Breloom|Spore|p2a: Corviknight\n|-status|p2a: Corviknight|slp|[from] move: Spore\n|cant|p2a: Corviknight|slp\n|\n|upkeep\n|turn|4\n|\n|t:|1700873807\n|switch|p1a: Sandslash|Sandslash-Alola, M|100\/100\n|-damage|p1a: Sandslash|88\/100|[from] Stealth Rock\n|cant|p2a: Corviknight|slp\n|\n|upkeep\n|turn|5\n|\n|t:|1700873813\n|cant|p2a: Corviknight|slp\n|move|p1a: Sandslash|Rapid Spin|p2a: Corviknight\n|-resisted|p2a: Corviknight\n|-damage|p2a: Corviknight|70\/100 slp\n|-boost|p1a: Sandslash|spe|1\n|-sideend|p1: Mytton|Stealth Rock|[from] move: Rapid Spin|[of] p1a: Sandslash\n|\n|upkeep\n|turn|6\n|\n|t:|1700873820\n|switch|p1a: Moltres|Moltres|100\/100\n|-curestatus|p2a: Corviknight|slp|[msg]\n|move|p2a: Corviknight|Body Press|p1a: Moltres\n|-resisted|p1a: Moltres\n|-damage|p1a: Moltres|94\/100\n|\n|upkeep\n|turn|7\n|\n|t:|1700873828\n|switch|p2a: Blissey|Blissey, F|43\/100\n|move|p1a: Moltres|Will-O-Wisp|p2a: Blissey\n|-status|p2a: Blissey|brn\n|\n|-damage|p2a: Blissey|37\/100 brn|[from] brn\n|upkeep\n|turn|8\n|\n|t:|1700873835\n|move|p1a: Moltres|U-turn|p2a: Blissey\n|-damage|p2a: Blissey|23\/100 brn\n|\n|t:|1700873845\n|switch|p1a: Sandslash|Sandslash-Alola, M|88\/100|[from] U-turn\n|move|p2a: Blissey|Soft-Boiled|p2a: Blissey\n|-heal|p2a: Blissey|73\/100 brn\n|\n|-damage|p2a: Blissey|66\/100 brn|[from] brn\n|upkeep\n|turn|9\n|\n|t:|1700873855\n|-curestatus|p2a: Blissey|brn|[from] ability: Natural Cure\n|switch|p2a: Great Tusk|Great Tusk|100\/100\n|move|p1a: Sandslash|Knock Off|p2a: Great Tusk\n|-resisted|p2a: Great Tusk\n|-damage|p2a: Great Tusk|89\/100\n|-enditem|p2a: Great Tusk|Assault Vest|[from] move: Knock Off|[of] p1a: Sandslash\n|\n|upkeep\n|turn|10\n|\n|t:|1700873870\n|switch|p1a: Moltres|Moltres|94\/100\n|move|p2a: Great Tusk|Close Combat|p1a: Moltres\n|-resisted|p1a: Moltres\n|-damage|p1a: Moltres|73\/100\n|-unboost|p2a: Great Tusk|def|1\n|-unboost|p2a: Great Tusk|spd|1\n|\n|upkeep\n|turn|11\n|\n|t:|1700873881\n|-end|p2a: Great Tusk|Protosynthesis|[silent]\n|switch|p2a: Blissey|Blissey, F|66\/100\n|move|p1a: Moltres|U-turn|p2a: Blissey\n|-damage|p2a: Blissey|52\/100\n|\n|t:|1700873886\n|switch|p1a: Breloom|Breloom, M|100\/100|[from] U-turn\n|\n|upkeep\n|turn|12\n|\n|t:|1700873891\n|switch|p2a: Corviknight|Corviknight, M|70\/100\n|move|p1a: Breloom|Spore|p2a: Corviknight\n|-status|p2a: Corviknight|slp|[from] move: Spore\n|\n|upkeep\n|turn|13\n|\n|t:|1700873897\n|move|p1a: Breloom|Rock Tomb|p2a: Corviknight\n|-damage|p2a: Corviknight|43\/100 slp\n|-ability|p2a: Corviknight|Mirror Armor\n|-unboost|p1a: Breloom|spe|1\n|cant|p2a: Corviknight|slp\n|\n|upkeep\n|turn|14\n|\n|t:|1700873909\n|switch|p2a: Great Tusk|Great Tusk|89\/100\n|move|p1a: Breloom|Rock Tomb|p2a: Great Tusk\n|-resisted|p2a: Great Tusk\n|-damage|p2a: Great Tusk|83\/100\n|-unboost|p2a: Great Tusk|spe|1\n|\n|upkeep\n|turn|15\n|\n|t:|1700873922\n|switch|p1a: Moltres|Moltres|73\/100\n|move|p2a: Great Tusk|Knock Off|p1a: Moltres\n|-damage|p1a: Moltres|50\/100\n|-enditem|p1a: Moltres|Heavy-Duty Boots|[from] move: Knock Off|[of] p2a: Great Tusk\n|\n|upkeep\n|turn|16\n|\n|t:|1700873930\n|-end|p2a: Great Tusk|Protosynthesis|[silent]\n|switch|p2a: Blissey|Blissey, F|52\/100\n|move|p1a: Moltres|Roost|p1a: Moltres\n|-heal|p1a: Moltres|99\/100\n|-singleturn|p1a: Moltres|move: Roost\n|\n|upkeep\n|turn|17\n|\n|t:|1700873936\n|move|p1a: Moltres|U-turn|p2a: Blissey\n|-damage|p2a: Blissey|37\/100\n|\n|t:|1700873939\n|switch|p1a: Sandslash|Sandslash-Alola, M|88\/100|[from] U-turn\n|move|p2a: Blissey|Soft-Boiled|p2a: Blissey\n|-heal|p2a: Blissey|87\/100\n|\n|upkeep\n|turn|18\n|\n|t:|1700873950\n|switch|p2a: Gholdengo|Gholdengo|100\/100\n|move|p1a: Sandslash|Knock Off|p2a: Gholdengo\n|-supereffective|p2a: Gholdengo\n|-damage|p2a: Gholdengo|30\/100\n|-enditem|p2a: Gholdengo|Choice Specs|[from] move: Knock Off|[of] p1a: Sandslash\n|\n|upkeep\n|turn|19\n|\n|t:|1700873977\n|switch|p1a: Heatran|Heatran, F|100\/100\n|move|p2a: Gholdengo|Focus Blast|p1a: Heatran|[miss]\n|-miss|p2a: Gholdengo|p1a: Heatran\n|\n|upkeep\n|turn|20\n|\n|t:|1700873986\n|switch|p2a: Dragonite|Dragonite, M|100\/100\n|move|p1a: Heatran|Fire Blast|p2a: Dragonite|[miss]\n|-miss|p1a: Heatran|p2a: Dragonite\n|\n|upkeep\n|turn|21\n|\n|t:|1700873994\n|switch|p1a: Moltres|Moltres|99\/100\n|move|p2a: Dragonite|Dragon Dance|p2a: Dragonite\n|-boost|p2a: Dragonite|atk|1\n|-boost|p2a: Dragonite|spe|1\n|\n|upkeep\n|turn|22\n|\n|t:|1700873999\n|move|p2a: Dragonite|Dragon Dance|p2a: Dragonite\n|-boost|p2a: Dragonite|atk|1\n|-boost|p2a: Dragonite|spe|1\n|move|p1a: Moltres|Will-O-Wisp|p2a: Dragonite\n|-status|p2a: Dragonite|brn\n|\n|-damage|p2a: Dragonite|94\/100 brn|[from] brn\n|upkeep\n|turn|23\n|\n|t:|1700874007\n|move|p2a: Dragonite|Dragon Dance|p2a: Dragonite\n|-boost|p2a: Dragonite|atk|1\n|-boost|p2a: Dragonite|spe|1\n|move|p1a: Moltres|U-turn|p2a: Dragonite\n|-resisted|p2a: Dragonite\n|-damage|p2a: Dragonite|86\/100 brn\n|\n|t:|1700874028\n|switch|p1a: Alomomola|Alomomola, M|100\/100|[from] U-turn\n|\n|-damage|p2a: Dragonite|79\/100 brn|[from] brn\n|upkeep\n|turn|24\n|\n|t:|1700874038\n|switch|p1a: Moltres|Moltres|99\/100\n|-terastallize|p2a: Dragonite|Normal\n|move|p2a: Dragonite|Extreme Speed|p1a: Moltres\n|-damage|p1a: Moltres|58\/100\n|\n|-damage|p2a: Dragonite|73\/100 brn|[from] brn\n|upkeep\n|turn|25\n|\n|t:|1700874047\n|switch|p2a: Blissey|Blissey, F|87\/100\n|move|p1a: Moltres|Roost|p1a: Moltres\n|-heal|p1a: Moltres|100\/100\n|-singleturn|p1a: Moltres|move: Roost\n|\n|upkeep\n|turn|26\n|\n|t:|1700874054\n|move|p1a: Moltres|U-turn|p2a: Blissey\n|-damage|p2a: Blissey|74\/100\n|\n|t:|1700874057\n|switch|p1a: Sandslash|Sandslash-Alola, M|88\/100|[from] U-turn\n|move|p2a: Blissey|Stealth Rock|p1a: Sandslash\n|-sidestart|p1: Mytton|move: Stealth Rock\n|\n|upkeep\n|turn|27\n|\n|t:|1700874065\n|move|p1a: Sandslash|Knock Off|p2a: Blissey\n|-damage|p2a: Blissey|53\/100\n|move|p2a: Blissey|Seismic Toss|p1a: Sandslash\n|-damage|p1a: Sandslash|60\/100\n|\n|upkeep\n|turn|28\n|\n|t:|1700874070\n|move|p1a: Sandslash|Rapid Spin|p2a: Blissey\n|-damage|p2a: Blissey|37\/100\n|-boost|p1a: Sandslash|spe|1\n|-sideend|p1: Mytton|Stealth Rock|[from] move: Rapid Spin|[of] p1a: Sandslash\n|move|p2a: Blissey|Thunder Wave|p1a: Sandslash\n|-status|p1a: Sandslash|par\n|-enditem|p1a: Sandslash|Lum Berry|[eat]\n|-curestatus|p1a: Sandslash|par|[msg]\n|\n|upkeep\n|turn|29\n|\n|t:|1700874078\n|move|p1a: Sandslash|Iron Head|p2a: Blissey\n|-damage|p2a: Blissey|0 fnt\n|faint|p2a: Blissey\n|\n|upkeep\n|\n|t:|1700874090\n|switch|p2a: Kingambit|Kingambit, M|100\/100\n|-activate|p2a: Kingambit|ability: Supreme Overlord\n|-start|p2a: Kingambit|fallen1|[silent]\n|turn|30\n|\n|t:|1700874101\n|switch|p1a: Moltres|Moltres|100\/100\n|-end|p2a: Kingambit|fallen1|[silent]\n|switch|p2a: Great Tusk|Great Tusk|83\/100\n|\n|upkeep\n|turn|31\n|\n|t:|1700874113\n|move|p2a: Great Tusk|Knock Off|p1a: Moltres\n|-damage|p1a: Moltres|84\/100\n|move|p1a: Moltres|Will-O-Wisp|p2a: Great Tusk\n|-status|p2a: Great Tusk|brn\n|\n|-damage|p2a: Great Tusk|77\/100 brn|[from] brn\n|upkeep\n|turn|32\n|\n|t:|1700874123\n|-end|p2a: Great Tusk|Protosynthesis|[silent]\n|switch|p2a: Gholdengo|Gholdengo|30\/100\n|move|p1a: Moltres|U-turn|p2a: Gholdengo\n|-resisted|p2a: Gholdengo\n|-damage|p2a: Gholdengo|26\/100\n|\n|t:|1700874132\n|switch|p1a: Heatran|Heatran, F|100\/100|[from] U-turn\n|\n|upkeep\n|turn|33\n|\n|t:|1700874141\n|move|p1a: Heatran|Fire Blast|p2a: Gholdengo\n|-supereffective|p2a: Gholdengo\n|-damage|p2a: Gholdengo|0 fnt\n|faint|p2a: Gholdengo\n|\n|upkeep\n|\n|t:|1700874151\n|switch|p2a: Great Tusk|Great Tusk|77\/100 brn\n|turn|34\n|\n|t:|1700874157\n|switch|p1a: Moltres|Moltres|84\/100\n|move|p2a: Great Tusk|Knock Off|p1a: Moltres\n|-damage|p1a: Moltres|76\/100\n|\n|-damage|p2a: Great Tusk|70\/100 brn|[from] brn\n|upkeep\n|turn|35\n|c|\u2606ChefKrys|this has to be the most annoying team ive ever been up against\n|inactive|Mytton has 120 seconds left.\n|c|\u2606Mytton|bruh mola and moltres is my only stall core\n|\n|t:|1700874200\n|-end|p2a: Great Tusk|Protosynthesis|[silent]\n|switch|p2a: Dragonite|Dragonite, M, tera:Normal|73\/100 brn\n|move|p1a: Moltres|Flamethrower|p2a: Dragonite\n|-damage|p2a: Dragonite|31\/100 brn\n|\n|-damage|p2a: Dragonite|24\/100 brn|[from] brn\n|upkeep\n|turn|36\n|\n|t:|1700874209\n|move|p2a: Dragonite|Extreme Speed|p1a: Moltres\n|-damage|p1a: Moltres|61\/100\n|move|p1a: Moltres|Flamethrower|p2a: Dragonite\n|-crit|p2a: Dragonite\n|-damage|p2a: Dragonite|0 fnt\n|faint|p2a: Dragonite\n|\n|upkeep\n|\n|t:|1700874219\n|switch|p2a: Corviknight|Corviknight, M|43\/100 slp\n|turn|37\n|c|\u2606Mytton|glowking and heatran are offensive set\n|\n|t:|1700874223\n|move|p1a: Moltres|Flamethrower|p2a: Corviknight\n|-supereffective|p2a: Corviknight\n|-damage|p2a: Corviknight|0 fnt\n|faint|p2a: Corviknight\n|\n|upkeep\n|-message|ChefKrys forfeited.\n|\n|win|Mytton\n|raw|Mytton's rating: 1265 &rarr; <strong>1282<\/strong><br \/>(+17 for winning)\n|raw|ChefKrys's rating: 1156 &rarr; <strong>1139<\/strong><br \/>(-17 for losing)\n|l|\u2606ChefKrys\n|c|\u2606Mytton|gg?\n","uploadtime":1700874235,"views":2,"p1id":"mytton","p2id":"chefkrys","formatid":"gen9ou","rating":1139,"private":0,"password":""}