{"id":"gen9ou-1999762123","p1":"African Desert","p2":"TheNutmeg33","format":"[Gen 9] OU","log":"|j|\u2606African Desert\n|j|\u2606TheNutmeg33\n|t:|1701114398\n|gametype|singles\n|player|p1|African Desert|ninjaboy|1520\n|player|p2|TheNutmeg33|169|1584\n|teamsize|p1|6\n|teamsize|p2|6\n|gen|9\n|tier|[Gen 9] OU\n|rated|\n|rule|Sleep Clause Mod: Limit one foe put to sleep\n|rule|Species Clause: Limit one of each Pok\u00e9mon\n|rule|OHKO Clause: OHKO moves are banned\n|rule|Evasion Items Clause: Evasion items are banned\n|rule|Evasion Moves Clause: Evasion moves are banned\n|rule|Endless Battle Clause: Forcing endless battles is banned\n|rule|HP Percentage Mod: HP is shown in percentages\n|clearpoke\n|poke|p1|Dragapult, M|\n|poke|p1|Mandibuzz, F|\n|poke|p1|Empoleon, F|\n|poke|p1|Amoonguss, F|\n|poke|p1|Rotom-Wash|\n|poke|p1|Great Tusk|\n|poke|p2|Iron Moth|\n|poke|p2|Great Tusk|\n|poke|p2|Clodsire, F|\n|poke|p2|Ceruledge, F|\n|poke|p2|Garganacl, M|\n|poke|p2|Corviknight, M|\n|teampreview\n|inactive|Battle timer is ON: inactive players will automatically lose when time's up. (requested by TheNutmeg33)\n|\n|t:|1701114410\n|start\n|switch|p1a: Mushmael|Amoonguss, F|100\/100\n|switch|p2a: Garganacl|Garganacl, M, shiny|100\/100\n|turn|1\n|\n|t:|1701114416\n|move|p2a: Garganacl|Protect|p2a: Garganacl\n|-singleturn|p2a: Garganacl|Protect\n|move|p1a: Mushmael|Giga Drain|p2a: Garganacl\n|-activate|p2a: Garganacl|move: Protect\n|\n|upkeep\n|turn|2\n|\n|t:|1701114422\n|-terastallize|p2a: Garganacl|Ghost\n|move|p2a: Garganacl|Salt Cure|p1a: Mushmael\n|-damage|p1a: Mushmael|90\/100\n|-start|p1a: Mushmael|Salt Cure\n|move|p1a: Mushmael|Giga Drain|p2a: Garganacl\n|-damage|p2a: Garganacl|82\/100\n|-heal|p1a: Mushmael|99\/100|[from] drain|[of] p2a: Garganacl\n|\n|-heal|p2a: Garganacl|88\/100|[from] item: Leftovers\n|-damage|p1a: Mushmael|86\/100|[from] Salt Cure\n|upkeep\n|turn|3\n|\n|t:|1701114431\n|switch|p1a: Mahdi|Mandibuzz, F|100\/100\n|move|p2a: Garganacl|Salt Cure|p1a: Mahdi\n|-supereffective|p1a: Mahdi\n|-damage|p1a: Mahdi|82\/100\n|-start|p1a: Mahdi|Salt Cure\n|\n|-heal|p2a: Garganacl|94\/100|[from] item: Leftovers\n|-damage|p1a: Mahdi|70\/100|[from] Salt Cure\n|upkeep\n|turn|4\n|\n|t:|1701114435\n|switch|p2a: Corviknight|Corviknight, M, shiny|100\/100\n|-ability|p2a: Corviknight|Pressure\n|move|p1a: Mahdi|Knock Off|p2a: Corviknight\n|-damage|p2a: Corviknight|86\/100\n|-damage|p1a: Mahdi|53\/100|[from] item: Rocky Helmet|[of] p2a: Corviknight\n|-enditem|p2a: Corviknight|Rocky Helmet|[from] move: Knock Off|[of] p1a: Mahdi\n|\n|-damage|p1a: Mahdi|41\/100|[from] Salt Cure\n|upkeep\n|turn|5\n|\n|t:|1701114437\n|move|p1a: Mahdi|Roost|p1a: Mahdi\n|-heal|p1a: Mahdi|91\/100\n|-singleturn|p1a: Mahdi|move: Roost\n|move|p2a: Corviknight|U-turn|p1a: Mahdi\n|-supereffective|p1a: Mahdi\n|-damage|p1a: Mahdi|71\/100\n|\n|t:|1701114442\n|switch|p2a: Clodsire|Clodsire, F, shiny|100\/100|[from] U-turn\n|\n|-damage|p1a: Mahdi|58\/100|[from] Salt Cure\n|upkeep\n|turn|6\n|\n|t:|1701114446\n|move|p1a: Mahdi|Knock Off|p2a: Clodsire\n|-damage|p2a: Clodsire|75\/100\n|-enditem|p2a: Clodsire|Black Sludge|[from] move: Knock Off|[of] p1a: Mahdi\n|move|p2a: Clodsire|Toxic|p1a: Mahdi\n|-status|p1a: Mahdi|tox\n|\n|-damage|p1a: Mahdi|52\/100 tox|[from] psn\n|-damage|p1a: Mahdi|40\/100 tox|[from] Salt Cure\n|upkeep\n|turn|7\n|\n|t:|1701114451\n|move|p1a: Mahdi|Roost|p1a: Mahdi\n|-heal|p1a: Mahdi|90\/100 tox\n|-singleturn|p1a: Mahdi|move: Roost\n|move|p2a: Clodsire|Toxic|p1a: Mahdi\n|-fail|p1a: Mahdi|tox\n|\n|-damage|p1a: Mahdi|77\/100 tox|[from] psn\n|-damage|p1a: Mahdi|65\/100 tox|[from] Salt Cure\n|upkeep\n|turn|8\n|\n|t:|1701114457\n|switch|p1a: Mushmael|Amoonguss, F|100\/100\n|move|p2a: Clodsire|Spikes|p1a: Mushmael\n|-sidestart|p1: African Desert|Spikes\n|\n|upkeep\n|turn|9\n|\n|t:|1701114464\n|move|p1a: Mushmael|Spore|p2a: Clodsire\n|-status|p2a: Clodsire|slp|[from] move: Spore\n|cant|p2a: Clodsire|slp\n|\n|upkeep\n|turn|10\n|\n|t:|1701114469\n|switch|p1a: The Wash|Rotom-Wash|100\/100\n|switch|p2a: Corviknight|Corviknight, M, shiny|86\/100\n|-ability|p2a: Corviknight|Pressure\n|\n|upkeep\n|turn|11\n|\n|t:|1701114474\n|switch|p2a: Clodsire|Clodsire, F, shiny|75\/100 slp\n|move|p1a: The Wash|Nasty Plot|p1a: The Wash\n|-boost|p1a: The Wash|spa|2\n|\n|upkeep\n|turn|12\n|\n|t:|1701114484\n|switch|p1a: Cleveland|Great Tusk|100\/100\n|-damage|p1a: Cleveland|88\/100|[from] Spikes\n|cant|p2a: Clodsire|slp\n|\n|-heal|p1a: Cleveland|94\/100|[from] item: Leftovers\n|upkeep\n|turn|13\n|\n|t:|1701114491\n|switch|p2a: Corviknight|Corviknight, M, shiny|86\/100\n|-ability|p2a: Corviknight|Pressure\n|move|p1a: Cleveland|Bulk Up|p1a: Cleveland\n|-boost|p1a: Cleveland|atk|1\n|-boost|p1a: Cleveland|def|1\n|\n|-heal|p1a: Cleveland|100\/100|[from] item: Leftovers\n|upkeep\n|turn|14\n|\n|t:|1701114495\n|move|p1a: Cleveland|Rapid Spin|p2a: Corviknight\n|-resisted|p2a: Corviknight\n|-damage|p2a: Corviknight|78\/100\n|-boost|p1a: Cleveland|spe|1\n|-sideend|p1: African Desert|Spikes|[from] move: Rapid Spin|[of] p1a: Cleveland\n|move|p2a: Corviknight|Brave Bird|p1a: Cleveland\n|-supereffective|p1a: Cleveland\n|-damage|p1a: Cleveland|66\/100\n|-damage|p2a: Corviknight|68\/100|[from] Recoil\n|\n|-heal|p1a: Cleveland|72\/100|[from] item: Leftovers\n|upkeep\n|turn|15\n|\n|t:|1701114503\n|move|p1a: Cleveland|Bulk Up|p1a: Cleveland\n|-boost|p1a: Cleveland|atk|1\n|-boost|p1a: Cleveland|def|1\n|move|p2a: Corviknight|Brave Bird|p1a: Cleveland\n|-supereffective|p1a: Cleveland\n|-damage|p1a: Cleveland|44\/100\n|-damage|p2a: Corviknight|59\/100|[from] Recoil\n|\n|-heal|p1a: Cleveland|50\/100|[from] item: Leftovers\n|upkeep\n|turn|16\n|\n|t:|1701114508\n|move|p1a: Cleveland|Ice Spinner|p2a: Corviknight\n|-damage|p2a: Corviknight|23\/100\n|move|p2a: Corviknight|Brave Bird|p1a: Cleveland\n|-supereffective|p1a: Cleveland\n|-damage|p1a: Cleveland|26\/100\n|-damage|p2a: Corviknight|16\/100|[from] Recoil\n|\n|-heal|p1a: Cleveland|32\/100|[from] item: Leftovers\n|upkeep\n|turn|17\n|\n|t:|1701114513\n|move|p1a: Cleveland|Ice Spinner|p2a: Corviknight\n|-damage|p2a: Corviknight|0 fnt\n|faint|p2a: Corviknight\n|\n|-heal|p1a: Cleveland|38\/100|[from] item: Leftovers\n|upkeep\n|\n|t:|1701114519\n|switch|p2a: Iron Moth|Iron Moth, shiny|100\/100\n|-enditem|p2a: Iron Moth|Booster Energy\n|-activate|p2a: Iron Moth|ability: Quark Drive|[fromitem]\n|-start|p2a: Iron Moth|quarkdrivespe\n|turn|18\n|\n|t:|1701114526\n|-end|p1a: Cleveland|Protosynthesis|[silent]\n|switch|p1a: Poley|Empoleon, F|100\/100\n|move|p2a: Iron Moth|Energy Ball|p1a: Poley\n|-damage|p1a: Poley|80\/100\n|\n|-heal|p1a: Poley|86\/100|[from] item: Leftovers\n|upkeep\n|turn|19\n|\n|t:|1701114531\n|-end|p2a: Iron Moth|Quark Drive|[silent]\n|switch|p2a: Garganacl|Garganacl, M, shiny, tera:Ghost|94\/100\n|move|p1a: Poley|Surf|p2a: Garganacl\n|-damage|p2a: Garganacl|65\/100\n|\n|-heal|p1a: Poley|92\/100|[from] item: Leftovers\n|-heal|p2a: Garganacl|71\/100|[from] item: Leftovers\n|upkeep\n|turn|20\n|inactive|African Desert has 120 seconds left.\n|\n|t:|1701114563\n|switch|p1a: Mushmael|Amoonguss, F|100\/100\n|move|p2a: Garganacl|Salt Cure|p1a: Mushmael\n|-damage|p1a: Mushmael|89\/100\n|-start|p1a: Mushmael|Salt Cure\n|\n|-heal|p2a: Garganacl|77\/100|[from] item: Leftovers\n|-damage|p1a: Mushmael|76\/100|[from] Salt Cure\n|upkeep\n|turn|21\n|\n|t:|1701114568\n|switch|p1a: Delacruz|Dragapult, M|100\/100\n|move|p2a: Garganacl|Stealth Rock|p1a: Delacruz\n|-sidestart|p1: African Desert|move: Stealth Rock\n|\n|-heal|p2a: Garganacl|83\/100|[from] item: Leftovers\n|upkeep\n|turn|22\n|\n|t:|1701114575\n|-terastallize|p1a: Delacruz|Dragon\n|move|p1a: Delacruz|Draco Meteor|p2a: Garganacl|[miss]\n|-miss|p1a: Delacruz|p2a: Garganacl\n|move|p2a: Garganacl|Salt Cure|p1a: Delacruz\n|-damage|p1a: Delacruz|82\/100\n|-start|p1a: Delacruz|Salt Cure\n|\n|-heal|p2a: Garganacl|90\/100|[from] item: Leftovers\n|-damage|p1a: Delacruz|69\/100|[from] Salt Cure\n|upkeep\n|turn|23\n|\n|t:|1701114580\n|move|p2a: Garganacl|Protect|p2a: Garganacl\n|-singleturn|p2a: Garganacl|Protect\n|move|p1a: Delacruz|Draco Meteor|p2a: Garganacl\n|-activate|p2a: Garganacl|move: Protect\n|\n|-heal|p2a: Garganacl|96\/100|[from] item: Leftovers\n|-damage|p1a: Delacruz|57\/100|[from] Salt Cure\n|upkeep\n|turn|24\n|\n|t:|1701114583\n|switch|p2a: Clodsire|Clodsire, F, shiny|75\/100 slp\n|move|p1a: Delacruz|Draco Meteor|p2a: Clodsire\n|-damage|p2a: Clodsire|13\/100 slp\n|-unboost|p1a: Delacruz|spa|2\n|\n|-damage|p1a: Delacruz|45\/100|[from] Salt Cure\n|upkeep\n|turn|25\n|\n|t:|1701114586\n|move|p1a: Delacruz|Draco Meteor|p2a: Clodsire\n|-damage|p2a: Clodsire|0 fnt\n|-unboost|p1a: Delacruz|spa|2\n|faint|p2a: Clodsire\n|\n|-damage|p1a: Delacruz|32\/100|[from] Salt Cure\n|upkeep\n|\n|t:|1701114592\n|switch|p2a: Ceruledge|Ceruledge, F, shiny|100\/100\n|turn|26\n|\n|t:|1701114601\n|switch|p1a: Mushmael|Amoonguss, F|100\/100\n|-damage|p1a: Mushmael|88\/100|[from] Stealth Rock\n|move|p2a: Ceruledge|Swords Dance|p2a: Ceruledge\n|-boost|p2a: Ceruledge|atk|2\n|\n|upkeep\n|turn|27\n|\n|t:|1701114609\n|move|p2a: Ceruledge|Bitter Blade|p1a: Mushmael\n|-supereffective|p1a: Mushmael\n|-damage|p1a: Mushmael|0 fnt\n|-damage|p2a: Ceruledge|84\/100|[from] item: Rocky Helmet|[of] p1a: Mushmael\n|faint|p1a: Mushmael\n|\n|upkeep\n|\n|t:|1701114621\n|switch|p1a: Cleveland|Great Tusk|38\/100\n|-damage|p1a: Cleveland|35\/100|[from] Stealth Rock\n|turn|28\n|\n|t:|1701114624\n|move|p1a: Cleveland|Headlong Rush|p2a: Ceruledge\n|-supereffective|p2a: Ceruledge\n|-damage|p2a: Ceruledge|0 fnt\n|-unboost|p1a: Cleveland|def|1\n|-unboost|p1a: Cleveland|spd|1\n|faint|p2a: Ceruledge\n|\n|-heal|p1a: Cleveland|41\/100|[from] item: Leftovers\n|upkeep\n|\n|t:|1701114628\n|switch|p2a: Great Tusk|Great Tusk, shiny|100\/100\n|turn|29\n|\n|t:|1701114640\n|move|p2a: Great Tusk|Headlong Rush|p1a: Cleveland\n|-damage|p1a: Cleveland|0 fnt\n|-unboost|p2a: Great Tusk|def|1\n|-unboost|p2a: Great Tusk|spd|1\n|faint|p1a: Cleveland\n|-end|p1a: Cleveland|Protosynthesis|[silent]\n|\n|upkeep\n|j| 0Phux\n|\n|t:|1701114651\n|switch|p1a: The Wash|Rotom-Wash|100\/100\n|-damage|p1a: The Wash|88\/100|[from] Stealth Rock\n|turn|30\n|\n|t:|1701114656\n|move|p2a: Great Tusk|Close Combat|p1a: The Wash\n|-crit|p1a: The Wash\n|-damage|p1a: The Wash|0 fnt\n|-unboost|p2a: Great Tusk|def|1\n|-unboost|p2a: Great Tusk|spd|1\n|faint|p1a: The Wash\n|\n|upkeep\n|\n|t:|1701114671\n|switch|p1a: Delacruz|Dragapult, M, tera:Dragon|32\/100\n|-damage|p1a: Delacruz|20\/100|[from] Stealth Rock\n|turn|31\n|\n|t:|1701114676\n|move|p1a: Delacruz|Draco Meteor|p2a: Great Tusk\n|-damage|p2a: Great Tusk|0 fnt\n|-unboost|p1a: Delacruz|spa|2\n|faint|p2a: Great Tusk\n|-end|p2a: Great Tusk|Protosynthesis|[silent]\n|\n|upkeep\n|\n|t:|1701114682\n|switch|p2a: Garganacl|Garganacl, M, shiny, tera:Ghost|96\/100\n|turn|32\n|\n|t:|1701114686\n|switch|p1a: Mahdi|Mandibuzz, F|65\/100 tox\n|move|p2a: Garganacl|Salt Cure|p1a: Mahdi\n|-supereffective|p1a: Mahdi\n|-damage|p1a: Mahdi|48\/100 tox\n|-start|p1a: Mahdi|Salt Cure\n|\n|-heal|p2a: Garganacl|100\/100|[from] item: Leftovers\n|-damage|p1a: Mahdi|42\/100 tox|[from] psn\n|-damage|p1a: Mahdi|29\/100 tox|[from] Salt Cure\n|upkeep\n|turn|33\n|\n|t:|1701114691\n|switch|p2a: Iron Moth|Iron Moth, shiny|100\/100\n|move|p1a: Mahdi|Knock Off|p2a: Iron Moth\n|-damage|p2a: Iron Moth|77\/100\n|\n|-damage|p1a: Mahdi|17\/100 tox|[from] psn\n|-damage|p1a: Mahdi|5\/100 tox|[from] Salt Cure\n|upkeep\n|turn|34\n|\n|t:|1701114703\n|move|p2a: Iron Moth|Fiery Dance|p1a: Mahdi\n|-damage|p1a: Mahdi|0 fnt\n|-boost|p2a: Iron Moth|spa|1\n|faint|p1a: Mahdi\n|\n|upkeep\n|inactive|African Desert has 120 seconds left.\n|\n|t:|1701114728\n|switch|p1a: Delacruz|Dragapult, M, tera:Dragon|20\/100\n|-damage|p1a: Delacruz|8\/100|[from] Stealth Rock\n|turn|35\n|\n|t:|1701114735\n|move|p1a: Delacruz|Draco Meteor|p2a: Iron Moth\n|-damage|p2a: Iron Moth|0 fnt\n|-unboost|p1a: Delacruz|spa|2\n|faint|p2a: Iron Moth\n|-end|p2a: Iron Moth|Quark Drive|[silent]\n|\n|upkeep\n|\n|t:|1701114737\n|switch|p2a: Garganacl|Garganacl, M, shiny, tera:Ghost|100\/100\n|turn|36\n|\n|t:|1701114739\n|move|p1a: Delacruz|Draco Meteor|p2a: Garganacl\n|-crit|p2a: Garganacl\n|-damage|p2a: Garganacl|0 fnt\n|-unboost|p1a: Delacruz|spa|2\n|faint|p2a: Garganacl\n|\n|win|African Desert\n|raw|African Desert's rating: 1520 &rarr; <strong>1544<\/strong><br \/>(+24 for winning)\n|raw|TheNutmeg33's rating: 1584 &rarr; <strong>1560<\/strong><br \/>(-24 for losing)\n|c|\u2606African Desert|inshallah\n|l|\u2606TheNutmeg33\n","uploadtime":1701114763,"views":8,"p1id":"africandesert","p2id":"thenutmeg33","formatid":"gen9ou","rating":1544,"private":0,"password":""}