{"id":"gen9ou-2000586704","p1":"SkyPrincess420","p2":"UNITZ79","format":"[Gen 9] OU","log":"|j|\u2606SkyPrincess420\n|j|\u2606UNITZ79\n|t:|1701207876\n|gametype|singles\n|player|p1|SkyPrincess420|caitlin|1522\n|player|p2|UNITZ79|ingo|1518\n|teamsize|p1|6\n|teamsize|p2|6\n|gen|9\n|tier|[Gen 9] OU\n|rated|\n|rule|Sleep Clause Mod: Limit one foe put to sleep\n|rule|Species Clause: Limit one of each Pok\u00e9mon\n|rule|OHKO Clause: OHKO moves are banned\n|rule|Evasion Items Clause: Evasion items are banned\n|rule|Evasion Moves Clause: Evasion moves are banned\n|rule|Endless Battle Clause: Forcing endless battles is banned\n|rule|HP Percentage Mod: HP is shown in percentages\n|clearpoke\n|poke|p1|Rillaboom, F|\n|poke|p1|Hawlucha, M|\n|poke|p1|Great Tusk|\n|poke|p1|Landorus-Therian, M|\n|poke|p1|Gholdengo|\n|poke|p1|Bellibolt, M|\n|poke|p2|Arcanine-Hisui, M|\n|poke|p2|Greninja-*, M|\n|poke|p2|Iron Hands|\n|poke|p2|Slowking-Galar, M|\n|poke|p2|Corviknight, F|\n|poke|p2|Landorus-Therian, M|\n|teampreview\n|inactive|Battle timer is ON: inactive players will automatically lose when time's up. (requested by UNITZ79)\n|\n|t:|1701207896\n|start\n|switch|p1a: Landorus|Landorus-Therian, M|100\/100\n|switch|p2a: Landorus|Landorus-Therian, M|100\/100\n|-ability|p2a: Landorus|Intimidate|boost\n|-unboost|p1a: Landorus|atk|1\n|-ability|p1a: Landorus|Intimidate|boost\n|-unboost|p2a: Landorus|atk|1\n|turn|1\n|\n|t:|1701207903\n|move|p2a: Landorus|Stealth Rock|p1a: Landorus\n|-sidestart|p1: SkyPrincess420|move: Stealth Rock\n|move|p1a: Landorus|Stealth Rock|p2a: Landorus\n|-sidestart|p2: UNITZ79|move: Stealth Rock\n|\n|upkeep\n|turn|2\n|\n|t:|1701207910\n|move|p2a: Landorus|U-turn|p1a: Landorus\n|-resisted|p1a: Landorus\n|-damage|p1a: Landorus|96\/100\n|\n|t:|1701207913\n|switch|p2a: Corviknight|Corviknight, F|100\/100|[from] U-turn\n|-damage|p2a: Corviknight|88\/100|[from] Stealth Rock\n|-ability|p2a: Corviknight|Pressure\n|move|p1a: Landorus|U-turn|p2a: Corviknight\n|-resisted|p2a: Corviknight\n|-damage|p2a: Corviknight|86\/100\n|-damage|p1a: Landorus|79\/100|[from] item: Rocky Helmet|[of] p2a: Corviknight\n|\n|t:|1701207924\n|switch|p1a: Gholdengo|Gholdengo|100\/100|[from] U-turn\n|-damage|p1a: Gholdengo|94\/100|[from] Stealth Rock\n|\n|upkeep\n|turn|3\n|\n|t:|1701207930\n|move|p1a: Gholdengo|Shadow Ball|p2a: Corviknight\n|-damage|p2a: Corviknight|45\/100\n|move|p2a: Corviknight|U-turn|p1a: Gholdengo\n|-resisted|p1a: Gholdengo\n|-damage|p1a: Gholdengo|91\/100\n|\n|t:|1701207939\n|switch|p2a: Arcanine|Arcanine-Hisui, M|100\/100|[from] U-turn\n|-damage|p2a: Arcanine|76\/100|[from] Stealth Rock\n|\n|upkeep\n|turn|4\n|\n|t:|1701207958\n|switch|p1a: Landorus|Landorus-Therian, M|79\/100\n|-damage|p1a: Landorus|67\/100|[from] Stealth Rock\n|-ability|p1a: Landorus|Intimidate|boost\n|-unboost|p2a: Arcanine|atk|1\n|-terastallize|p2a: Arcanine|Fire\n|move|p2a: Arcanine|Flare Blitz|p1a: Landorus\n|-damage|p1a: Landorus|18\/100\n|\n|-heal|p1a: Landorus|24\/100|[from] item: Leftovers\n|upkeep\n|turn|5\n|inactive|SkyPrincess420 has 120 seconds left.\n|\n|t:|1701207993\n|move|p2a: Arcanine|Flare Blitz|p1a: Landorus\n|-damage|p1a: Landorus|0 fnt\n|faint|p1a: Landorus\n|\n|upkeep\n|inactive|SkyPrincess420 has 120 seconds left.\n|\n|t:|1701208011\n|switch|p1a: Great Tusk|Great Tusk|100\/100\n|-damage|p1a: Great Tusk|98\/100|[from] Stealth Rock\n|turn|6\n|\n|t:|1701208023\n|switch|p2a: Corviknight|Corviknight, F|45\/100\n|-damage|p2a: Corviknight|32\/100|[from] Stealth Rock\n|-ability|p2a: Corviknight|Pressure\n|move|p1a: Great Tusk|Knock Off|p2a: Corviknight\n|-damage|p2a: Corviknight|13\/100\n|-damage|p1a: Great Tusk|81\/100|[from] item: Rocky Helmet|[of] p2a: Corviknight\n|-enditem|p2a: Corviknight|Rocky Helmet|[from] move: Knock Off|[of] p1a: Great Tusk\n|\n|-heal|p1a: Great Tusk|87\/100|[from] item: Leftovers\n|upkeep\n|turn|7\n|\n|t:|1701208035\n|move|p1a: Great Tusk|Knock Off|p2a: Corviknight\n|-damage|p2a: Corviknight|0 fnt\n|faint|p2a: Corviknight\n|\n|-heal|p1a: Great Tusk|93\/100|[from] item: Leftovers\n|upkeep\n|\n|t:|1701208041\n|switch|p2a: Landorus|Landorus-Therian, M|100\/100\n|-damage|p2a: Landorus|88\/100|[from] Stealth Rock\n|-ability|p2a: Landorus|Intimidate|boost\n|-unboost|p1a: Great Tusk|atk|1\n|turn|8\n|inactive|SkyPrincess420 has 120 seconds left.\n|\n|t:|1701208064\n|move|p1a: Great Tusk|Rapid Spin|p2a: Landorus\n|-damage|p2a: Landorus|80\/100\n|-boost|p1a: Great Tusk|spe|1\n|-sideend|p1: SkyPrincess420|Stealth Rock|[from] move: Rapid Spin|[of] p1a: Great Tusk\n|move|p2a: Landorus|Grass Knot|p1a: Great Tusk\n|-supereffective|p1a: Great Tusk\n|-damage|p1a: Great Tusk|4\/100\n|\n|-heal|p1a: Great Tusk|10\/100|[from] item: Leftovers\n|-heal|p2a: Landorus|86\/100|[from] item: Leftovers\n|upkeep\n|turn|9\n|inactive|SkyPrincess420 has 120 seconds left.\n|\n|t:|1701208080\n|-end|p1a: Great Tusk|Protosynthesis|[silent]\n|switch|p1a: Rillaboom|Rillaboom, F|100\/100\n|-fieldstart|move: Grassy Terrain|[from] ability: Grassy Surge|[of] p1a: Rillaboom\n|move|p2a: Landorus|U-turn|p1a: Rillaboom\n|-supereffective|p1a: Rillaboom\n|-damage|p1a: Rillaboom|58\/100\n|\n|t:|1701208088\n|switch|p2a: Arcanine|Arcanine-Hisui, M, tera:Fire|76\/100|[from] U-turn\n|-damage|p2a: Arcanine|51\/100|[from] Stealth Rock\n|\n|-heal|p2a: Arcanine|57\/100|[from] Grassy Terrain\n|-heal|p1a: Rillaboom|64\/100|[from] Grassy Terrain\n|upkeep\n|turn|10\n|inactive|SkyPrincess420 has 120 seconds left.\n|\n|t:|1701208104\n|-terastallize|p1a: Rillaboom|Grass\n|move|p1a: Rillaboom|Grassy Glide|p2a: Arcanine\n|-resisted|p2a: Arcanine\n|-damage|p2a: Arcanine|10\/100\n|move|p2a: Arcanine|Flare Blitz|p1a: Rillaboom\n|-supereffective|p1a: Rillaboom\n|-damage|p1a: Rillaboom|0 fnt\n|faint|p1a: Rillaboom\n|\n|-heal|p2a: Arcanine|16\/100|[from] Grassy Terrain\n|upkeep\n|\n|t:|1701208111\n|switch|p1a: Hawlucha|Hawlucha, M|100\/100\n|-enditem|p1a: Hawlucha|Grassy Seed\n|-boost|p1a: Hawlucha|def|1|[from] item: Grassy Seed\n|turn|11\n|\n|t:|1701208122\n|move|p1a: Hawlucha|Acrobatics|p2a: Arcanine\n|-damage|p2a: Arcanine|0 fnt\n|faint|p2a: Arcanine\n|\n|upkeep\n|\n|t:|1701208130\n|switch|p2a: Landorus|Landorus-Therian, M|86\/100\n|-damage|p2a: Landorus|74\/100|[from] Stealth Rock\n|-ability|p2a: Landorus|Intimidate|boost\n|-unboost|p1a: Hawlucha|atk|1\n|turn|12\n|\n|t:|1701208135\n|move|p1a: Hawlucha|Swords Dance|p1a: Hawlucha\n|-boost|p1a: Hawlucha|atk|2\n|move|p2a: Landorus|U-turn|p1a: Hawlucha\n|-resisted|p1a: Hawlucha\n|-damage|p1a: Hawlucha|96\/100\n|\n|t:|1701208140\n|switch|p2a: Iron Hands|Iron Hands|100\/100|[from] U-turn\n|-damage|p2a: Iron Hands|94\/100|[from] Stealth Rock\n|\n|-heal|p2a: Iron Hands|100\/100|[from] Grassy Terrain\n|upkeep\n|turn|13\n|\n|t:|1701208154\n|move|p2a: Iron Hands|Fake Out|p1a: Hawlucha\n|-damage|p1a: Hawlucha|81\/100\n|cant|p1a: Hawlucha|flinch\n|\n|-fieldend|move: Grassy Terrain\n|upkeep\n|turn|14\n|\n|t:|1701208164\n|move|p1a: Hawlucha|Encore|p2a: Iron Hands\n|-start|p2a: Iron Hands|Encore\n|move|p2a: Iron Hands|Fake Out||[still]\n|-hint|Fake Out only works on your first turn out.\n|-fail|p2a: Iron Hands\n|\n|upkeep\n|turn|15\n|\n|t:|1701208171\n|-end|p2a: Iron Hands|Quark Drive|[silent]\n|switch|p2a: Landorus|Landorus-Therian, M|74\/100\n|-damage|p2a: Landorus|62\/100|[from] Stealth Rock\n|-ability|p2a: Landorus|Intimidate|boost\n|-unboost|p1a: Hawlucha|atk|1\n|move|p1a: Hawlucha|Swords Dance|p1a: Hawlucha\n|-boost|p1a: Hawlucha|atk|2\n|\n|-heal|p2a: Landorus|68\/100|[from] item: Leftovers\n|upkeep\n|turn|16\n|\n|t:|1701208181\n|move|p1a: Hawlucha|Acrobatics|p2a: Landorus\n|-damage|p2a: Landorus|1\/100\n|move|p2a: Landorus|U-turn|p1a: Hawlucha\n|-resisted|p1a: Hawlucha\n|-damage|p1a: Hawlucha|76\/100\n|\n|t:|1701208186\n|switch|p2a: Iron Hands|Iron Hands|100\/100|[from] U-turn\n|-damage|p2a: Iron Hands|94\/100|[from] Stealth Rock\n|\n|upkeep\n|turn|17\n|\n|t:|1701208201\n|move|p1a: Hawlucha|Close Combat|p2a: Iron Hands\n|-damage|p2a: Iron Hands|19\/100\n|-unboost|p1a: Hawlucha|def|1\n|-unboost|p1a: Hawlucha|spd|1\n|move|p2a: Iron Hands|Wild Charge|p1a: Hawlucha\n|-supereffective|p1a: Hawlucha\n|-damage|p1a: Hawlucha|0 fnt\n|faint|p1a: Hawlucha\n|-damage|p2a: Iron Hands|6\/100|[from] Recoil\n|\n|upkeep\n|\n|t:|1701208215\n|switch|p1a: Great Tusk|Great Tusk|10\/100\n|turn|18\n|\n|t:|1701208222\n|-end|p2a: Iron Hands|Quark Drive|[silent]\n|switch|p2a: Landorus|Landorus-Therian, M|1\/100\n|-damage|p2a: Landorus|0 fnt|[from] Stealth Rock\n|faint|p2a: Landorus\n|move|p1a: Great Tusk|Rapid Spin|p2: Landorus|[notarget]\n|-fail|p1a: Great Tusk\n|\n|-heal|p1a: Great Tusk|16\/100|[from] item: Leftovers\n|upkeep\n|\n|t:|1701208230\n|switch|p2a: Greninja|Greninja, M|100\/100\n|-damage|p2a: Greninja|88\/100|[from] Stealth Rock\n|turn|19\n|\n|t:|1701208241\n|-end|p1a: Great Tusk|Protosynthesis|[silent]\n|switch|p1a: Bellibolt|Bellibolt, M|100\/100\n|move|p2a: Greninja|Surf|p1a: Bellibolt\n|-damage|p1a: Bellibolt|65\/100\n|-start|p1a: Bellibolt|Charge|Surf|[from] ability: Electromorphosis\n|-damage|p2a: Greninja|78\/100|[from] item: Life Orb\n|\n|upkeep\n|turn|20\n|\n|t:|1701208257\n|switch|p2a: Iron Hands|Iron Hands|6\/100\n|-damage|p2a: Iron Hands|0 fnt|[from] Stealth Rock\n|faint|p2a: Iron Hands\n|-end|p2a: Iron Hands|Quark Drive|[silent]\n|move|p1a: Bellibolt|Discharge|p2: Iron Hands|[notarget]\n|-fail|p1a: Bellibolt\n|-end|p1a: Bellibolt|Charge|[silent]\n|\n|upkeep\n|\n|t:|1701208263\n|switch|p2a: Slowking|Slowking-Galar, M|100\/100\n|turn|21\n|\n|t:|1701208270\n|move|p1a: Bellibolt|Slack Off|p1a: Bellibolt\n|-heal|p1a: Bellibolt|100\/100\n|move|p2a: Slowking|Future Sight|p1a: Bellibolt\n|-start|p2a: Slowking|move: Future Sight\n|\n|upkeep\n|turn|22\n|\n|t:|1701208278\n|move|p1a: Bellibolt|Discharge|p2a: Slowking\n|-damage|p2a: Slowking|83\/100\n|-status|p2a: Slowking|par\n|move|p2a: Slowking|Sludge Bomb|p1a: Bellibolt\n|-crit|p1a: Bellibolt\n|-damage|p1a: Bellibolt|68\/100\n|-start|p1a: Bellibolt|Charge|Sludge Bomb|[from] ability: Electromorphosis\n|\n|upkeep\n|turn|23\n|\n|t:|1701208299\n|move|p1a: Bellibolt|Slack Off|p1a: Bellibolt\n|-heal|p1a: Bellibolt|100\/100\n|move|p2a: Slowking|Chilly Reception|p2a: Slowking\n|-weather|Snow\n|\n|t:|1701208303\n|switch|p2a: Greninja|Greninja, M|78\/100|[from] Chilly Reception\n|-damage|p2a: Greninja|66\/100|[from] Stealth Rock\n|\n|-weather|Snow|[upkeep]\n|-end|p1a: Bellibolt|move: Future Sight\n|-damage|p1a: Bellibolt|71\/100\n|-start|p1a: Bellibolt|Charge|Future Sight|[from] ability: Electromorphosis\n|upkeep\n|turn|24\n|\n|t:|1701208312\n|move|p2a: Greninja|Dark Pulse|p1a: Bellibolt\n|-damage|p1a: Bellibolt|40\/100\n|-start|p1a: Bellibolt|Charge|Dark Pulse|[from] ability: Electromorphosis\n|-damage|p2a: Greninja|56\/100|[from] item: Life Orb\n|move|p1a: Bellibolt|Discharge|p2a: Greninja\n|-supereffective|p2a: Greninja\n|-damage|p2a: Greninja|0 fnt\n|faint|p2a: Greninja\n|-end|p1a: Bellibolt|Charge|[silent]\n|\n|-weather|Snow|[upkeep]\n|upkeep\n|-message|UNITZ79 forfeited.\n|\n|win|SkyPrincess420\n|raw|SkyPrincess420's rating: 1522 &rarr; <strong>1542<\/strong><br \/>(+20 for winning)\n|raw|UNITZ79's rating: 1518 &rarr; <strong>1498<\/strong><br \/>(-20 for losing)\n|l|\u2606UNITZ79\n","uploadtime":1701208330,"views":19,"p1id":"skyprincess420","p2id":"unitz79","formatid":"gen9ou","rating":1498,"private":0,"password":""}