{"id":"gen9ou-1995265718","p1":"RepeatUntilTired3","p2":"synagoth","format":"[Gen 9] OU","log":"|j|\u2606RepeatUntilTired3\n|j|\u2606synagoth\n|t:|1700543649\n|gametype|singles\n|player|p1|RepeatUntilTired3|marlon|1450\n|player|p2|synagoth|266|1580\n|teamsize|p1|6\n|teamsize|p2|6\n|gen|9\n|tier|[Gen 9] OU\n|rated|\n|rule|Sleep Clause Mod: Limit one foe put to sleep\n|rule|Species Clause: Limit one of each Pok\u00e9mon\n|rule|OHKO Clause: OHKO moves are banned\n|rule|Evasion Items Clause: Evasion items are banned\n|rule|Evasion Moves Clause: Evasion moves are banned\n|rule|Endless Battle Clause: Forcing endless battles is banned\n|rule|HP Percentage Mod: HP is shown in percentages\n|clearpoke\n|poke|p1|Basculegion-F, F|\n|poke|p1|Rillaboom, M|\n|poke|p1|Zapdos|\n|poke|p1|Pelipper, M|\n|poke|p1|Iron Treads|\n|poke|p1|Samurott-Hisui, M|\n|poke|p2|Zamazenta-*|\n|poke|p2|Maushold-Four|\n|poke|p2|Heatran, F|\n|poke|p2|Dragonite, M|\n|poke|p2|Muk-Alola, M|\n|poke|p2|Zapdos|\n|teampreview\n|inactive|Battle timer is ON: inactive players will automatically lose when time's up. (requested by RepeatUntilTired3)\n|\n|t:|1700543660\n|start\n|switch|p1a: BidDaddyPel|Pelipper, M|100\/100\n|switch|p2a: Clifford|Zamazenta|100\/100\n|-ability|p2a: Clifford|Dauntless Shield|boost\n|-boost|p2a: Clifford|def|1\n|-weather|RainDance|[from] ability: Drizzle|[of] p1a: BidDaddyPel\n|turn|1\n|\n|t:|1700543668\n|switch|p1a: BigBird|Zapdos|100\/100\n|move|p2a: Clifford|Stone Edge|p1a: BigBird\n|-supereffective|p1a: BigBird\n|-crit|p1a: BigBird\n|-damage|p1a: BigBird|0 fnt\n|faint|p1a: BigBird\n|\n|-weather|RainDance|[upkeep]\n|upkeep\n|\n|t:|1700543682\n|switch|p1a: Samurott|Samurott-Hisui, M|100\/100\n|turn|2\n|\n|t:|1700543692\n|switch|p2a: Andy Warhol|Muk-Alola, M|100\/100\n|move|p1a: Samurott|Ceaseless Edge|p2a: Andy Warhol\n|-resisted|p2a: Andy Warhol\n|-damage|p2a: Andy Warhol|63\/100\n|-sidestart|p2: synagoth|Spikes\n|\n|-weather|RainDance|[upkeep]\n|-heal|p2a: Andy Warhol|69\/100|[from] item: Leftovers\n|upkeep\n|turn|3\n|\n|t:|1700543700\n|switch|p1a: Droideka|Iron Treads|100\/100\n|move|p2a: Andy Warhol|Drain Punch|p1a: Droideka\n|-supereffective|p1a: Droideka\n|-damage|p1a: Droideka|72\/100\n|-heal|p2a: Andy Warhol|83\/100|[from] drain|[of] p1a: Droideka\n|\n|-weather|RainDance|[upkeep]\n|-heal|p1a: Droideka|78\/100|[from] item: Leftovers\n|-heal|p2a: Andy Warhol|89\/100|[from] item: Leftovers\n|upkeep\n|turn|4\n|\n|t:|1700543712\n|switch|p2a: Jerry!|Dragonite, M|100\/100\n|move|p1a: Droideka|Stealth Rock|p2a: Jerry!\n|-sidestart|p2: synagoth|move: Stealth Rock\n|\n|-weather|RainDance|[upkeep]\n|-heal|p1a: Droideka|84\/100|[from] item: Leftovers\n|upkeep\n|turn|5\n|\n|t:|1700543718\n|move|p2a: Jerry!|Dragon Dance|p2a: Jerry!\n|-boost|p2a: Jerry!|atk|1\n|-boost|p2a: Jerry!|spe|1\n|move|p1a: Droideka|Volt Switch|p2a: Jerry!\n|-damage|p2a: Jerry!|94\/100\n|\n|t:|1700543724\n|-end|p1a: Droideka|Quark Drive|[silent]\n|switch|p1a: QueenSalmon|Basculegion-F, F|100\/100|[from] Volt Switch\n|\n|-weather|RainDance|[upkeep]\n|upkeep\n|turn|6\n|\n|t:|1700543729\n|move|p1a: QueenSalmon|Ice Beam|p2a: Jerry!\n|-supereffective|p2a: Jerry!\n|-damage|p2a: Jerry!|0 fnt\n|faint|p2a: Jerry!\n|\n|-weather|RainDance|[upkeep]\n|upkeep\n|\n|t:|1700543732\n|switch|p2a: Big Bird|Zapdos|100\/100\n|turn|7\n|\n|t:|1700543738\n|switch|p1a: Droideka|Iron Treads|84\/100\n|move|p2a: Big Bird|Hurricane|p1a: Droideka\n|-resisted|p1a: Droideka\n|-damage|p1a: Droideka|61\/100\n|\n|-weather|RainDance|[upkeep]\n|-heal|p1a: Droideka|67\/100|[from] item: Leftovers\n|upkeep\n|turn|8\n|\n|t:|1700543753\n|switch|p2a: Henry Hoover|Heatran, F|100\/100\n|-damage|p2a: Henry Hoover|88\/100|[from] Spikes\n|-damage|p2a: Henry Hoover|76\/100|[from] Stealth Rock\n|move|p1a: Droideka|Knock Off|p2a: Henry Hoover\n|-damage|p2a: Henry Hoover|49\/100\n|-enditem|p2a: Henry Hoover|Leftovers|[from] move: Knock Off|[of] p1a: Droideka\n|\n|-weather|none\n|-heal|p1a: Droideka|73\/100|[from] item: Leftovers\n|upkeep\n|turn|9\n|\n|t:|1700543767\n|switch|p2a: Big Bird|Zapdos|100\/100\n|-end|p1a: Droideka|Quark Drive|[silent]\n|switch|p1a: BidDaddyPel|Pelipper, M|100\/100\n|-weather|RainDance|[from] ability: Drizzle|[of] p1a: BidDaddyPel\n|\n|-weather|RainDance|[upkeep]\n|upkeep\n|turn|10\n|\n|t:|1700543775\n|switch|p1a: Droideka|Iron Treads|73\/100\n|move|p2a: Big Bird|Hurricane|p1a: Droideka\n|-resisted|p1a: Droideka\n|-damage|p1a: Droideka|52\/100\n|\n|-weather|RainDance|[upkeep]\n|-heal|p1a: Droideka|58\/100|[from] item: Leftovers\n|upkeep\n|turn|11\n|\n|t:|1700543785\n|move|p2a: Big Bird|Hurricane|p1a: Droideka\n|-resisted|p1a: Droideka\n|-damage|p1a: Droideka|37\/100\n|move|p1a: Droideka|Volt Switch|p2a: Big Bird\n|-damage|p2a: Big Bird|86\/100\n|\n|t:|1700543792\n|-end|p1a: Droideka|Quark Drive|[silent]\n|switch|p1a: QueenSalmon|Basculegion-F, F|100\/100|[from] Volt Switch\n|\n|-weather|RainDance|[upkeep]\n|upkeep\n|turn|12\n|\n|t:|1700543800\n|-terastallize|p1a: QueenSalmon|Water\n|-terastallize|p2a: Big Bird|Electric\n|move|p1a: QueenSalmon|Surf|p2a: Big Bird\n|-damage|p2a: Big Bird|0 fnt\n|faint|p2a: Big Bird\n|\n|-weather|RainDance|[upkeep]\n|upkeep\n|\n|t:|1700543809\n|switch|p2a: Clifford|Zamazenta|100\/100\n|-damage|p2a: Clifford|88\/100|[from] Spikes\n|-damage|p2a: Clifford|82\/100|[from] Stealth Rock\n|turn|13\n|\n|t:|1700543814\n|move|p1a: QueenSalmon|Surf|p2a: Clifford\n|-damage|p2a: Clifford|0 fnt\n|faint|p2a: Clifford\n|\n|-weather|RainDance|[upkeep]\n|upkeep\n|\n|t:|1700543816\n|switch|p2a: Andy Warhol|Muk-Alola, M|89\/100\n|-damage|p2a: Andy Warhol|76\/100|[from] Spikes\n|-damage|p2a: Andy Warhol|64\/100|[from] Stealth Rock\n|turn|14\n|\n|t:|1700543821\n|move|p1a: QueenSalmon|Surf|p2a: Andy Warhol\n|-damage|p2a: Andy Warhol|0 fnt\n|faint|p2a: Andy Warhol\n|\n|-weather|RainDance|[upkeep]\n|upkeep\n|-message|synagoth forfeited.\n|\n|win|RepeatUntilTired3\n|raw|RepeatUntilTired3's rating: 1450 &rarr; <strong>1477<\/strong><br \/>(+27 for winning)\n|raw|synagoth's rating: 1580 &rarr; <strong>1553<\/strong><br \/>(-27 for losing)\n|l|\u2606synagoth\n","uploadtime":1700543829,"views":8,"p1id":"repeatuntiltired3","p2id":"synagoth","formatid":"gen9ou","rating":1477,"private":0,"password":""}