{"id":"gen9ou-1994432189","p1":"helpidkwhatimdoin","p2":"mambroeru","format":"[Gen 9] OU","log":"|j|\u2606helpidkwhatimdoin\n|j|\u2606mambroeru\n|t:|1700443276\n|gametype|singles\n|player|p1|helpidkwhatimdoin|101|\n|player|p2|mambroeru|swimmer-gen4dp|\n|teamsize|p1|5\n|teamsize|p2|5\n|gen|9\n|tier|[Gen 9] OU\n|rule|Sleep Clause Mod: Limit one foe put to sleep\n|rule|Species Clause: Limit one of each Pok\u00e9mon\n|rule|OHKO Clause: OHKO moves are banned\n|rule|Evasion Items Clause: Evasion items are banned\n|rule|Evasion Moves Clause: Evasion moves are banned\n|rule|Endless Battle Clause: Forcing endless battles is banned\n|rule|HP Percentage Mod: HP is shown in percentages\n|clearpoke\n|poke|p1|Gholdengo|\n|poke|p1|Azumarill, M|\n|poke|p1|Thundurus-Therian, M|\n|poke|p1|Clodsire, F|\n|poke|p1|Ribombee, M|\n|poke|p2|Alomomola, M|\n|poke|p2|Toxapex, M|\n|poke|p2|Corviknight, F|\n|poke|p2|Amoonguss, M|\n|poke|p2|Clefable, F|\n|teampreview\n|j| DingusDipplesPRIME\n|j| Demandread\n|\n|t:|1700444277\n|start\n|switch|p1a: 464 bst|Ribombee, M|100\/100\n|switch|p2a: Corviknight|Corviknight, F|100\/100\n|-ability|p2a: Corviknight|Pressure\n|turn|1\n|\n|t:|1700444283\n|switch|p2a: Toxapex|Toxapex, M|100\/100\n|move|p1a: 464 bst|Switcheroo|p2a: Toxapex\n|-activate|p1a: 464 bst|move: Trick|[of] p2a: Toxapex\n|-item|p2a: Toxapex|Choice Specs|[from] move: Switcheroo\n|-item|p1a: 464 bst|Heavy-Duty Boots|[from] move: Switcheroo\n|\n|upkeep\n|turn|2\n|\n|t:|1700444302\n|switch|p1a: 430 bst|Clodsire, F|100\/100\n|move|p2a: Toxapex|Toxic|p1a: 430 bst\n|-immune|p1a: 430 bst\n|\n|upkeep\n|turn|3\n|j| GreatKingJack\n|\n|t:|1700444315\n|switch|p2a: Corviknight|Corviknight, F|100\/100\n|-ability|p2a: Corviknight|Pressure\n|move|p1a: 430 bst|Stealth Rock|p2a: Corviknight\n|-sidestart|p2: mambroeru|move: Stealth Rock\n|\n|upkeep\n|turn|4\n|\n|t:|1700444344\n|move|p2a: Corviknight|Iron Defense|p2a: Corviknight\n|-boost|p2a: Corviknight|def|2\n|move|p1a: 430 bst|Stealth Rock||[still]\n|-fail|p1a: 430 bst\n|\n|upkeep\n|turn|5\n|\n|t:|1700444351\n|switch|p1a: 580 bst|Thundurus-Therian, M|100\/100\n|move|p2a: Corviknight|Body Press|p1a: 580 bst\n|-resisted|p1a: 580 bst\n|-damage|p1a: 580 bst|71\/100\n|\n|upkeep\n|turn|6\n|\n|t:|1700444363\n|switch|p2a: Amoonguss|Amoonguss, M|100\/100\n|move|p1a: 580 bst|Thunderbolt|p2a: Amoonguss\n|-resisted|p2a: Amoonguss\n|-damage|p2a: Amoonguss|85\/100\n|\n|upkeep\n|turn|7\n|\n|t:|1700444379\n|switch|p1a: 550 bst|Gholdengo|100\/100\n|switch|p2a: Toxapex|Toxapex, M|100\/100\n|-damage|p2a: Toxapex|88\/100|[from] Stealth Rock\n|\n|upkeep\n|turn|8\n|\n|t:|1700444410\n|switch|p1a: 430 bst|Clodsire, F|100\/100\n|move|p2a: Toxapex|Chilling Water|p1a: 430 bst\n|-supereffective|p1a: 430 bst\n|-damage|p1a: 430 bst|83\/100\n|-unboost|p1a: 430 bst|atk|1\n|\n|-heal|p1a: 430 bst|90\/100|[from] item: Leftovers\n|upkeep\n|turn|9\n|\n|t:|1700444428\n|move|p2a: Toxapex|Chilling Water|p1a: 430 bst\n|-supereffective|p1a: 430 bst\n|-damage|p1a: 430 bst|74\/100\n|-unboost|p1a: 430 bst|atk|1\n|move|p1a: 430 bst|Earthquake|p2a: Toxapex\n|-supereffective|p2a: Toxapex\n|-damage|p2a: Toxapex|72\/100\n|\n|-heal|p1a: 430 bst|80\/100|[from] item: Leftovers\n|upkeep\n|turn|10\n|c|\u2606mambroeru|mmmmm\n|\n|t:|1700444464\n|switch|p1a: 550 bst|Gholdengo|100\/100\n|move|p2a: Toxapex|Chilling Water|p1a: 550 bst\n|-damage|p1a: 550 bst|82\/100\n|\n|upkeep\n|turn|11\n|\n|t:|1700444479\n|move|p1a: 550 bst|Nasty Plot|p1a: 550 bst\n|-boost|p1a: 550 bst|spa|2\n|move|p2a: Toxapex|Chilling Water|p1a: 550 bst\n|-damage|p1a: 550 bst|64\/100\n|\n|upkeep\n|turn|12\n|\n|t:|1700444502\n|switch|p2a: Clefable|Clefable, F|100\/100\n|move|p1a: 550 bst|Recover|p1a: 550 bst\n|-heal|p1a: 550 bst|100\/100\n|\n|upkeep\n|turn|13\n|\n|t:|1700444512\n|-terastallize|p2a: Clefable|Steel\n|move|p1a: 550 bst|Make It Rain|p2a: Clefable\n|-resisted|p2a: Clefable\n|-damage|p2a: Clefable|67\/100\n|-unboost|p1a: 550 bst|spa|1\n|move|p2a: Clefable|Cosmic Power|p2a: Clefable\n|-boost|p2a: Clefable|def|1\n|-boost|p2a: Clefable|spd|1\n|\n|upkeep\n|turn|14\n|\n|t:|1700444532\n|switch|p1a: 430 bst|Clodsire, F|80\/100\n|move|p2a: Clefable|Moonlight|p2a: Clefable\n|-heal|p2a: Clefable|100\/100\n|\n|-heal|p1a: 430 bst|86\/100|[from] item: Leftovers\n|upkeep\n|turn|15\n|\n|t:|1700444539\n|move|p2a: Clefable|Cosmic Power|p2a: Clefable\n|-boost|p2a: Clefable|def|1\n|-boost|p2a: Clefable|spd|1\n|move|p1a: 430 bst|Earthquake|p2a: Clefable\n|-supereffective|p2a: Clefable\n|-damage|p2a: Clefable|61\/100\n|\n|-heal|p1a: 430 bst|92\/100|[from] item: Leftovers\n|upkeep\n|turn|16\n|\n|t:|1700444551\n|move|p2a: Clefable|Stored Power|p1a: 430 bst\n|-supereffective|p1a: 430 bst\n|-crit|p1a: 430 bst\n|-damage|p1a: 430 bst|55\/100\n|move|p1a: 430 bst|Earthquake|p2a: Clefable\n|-supereffective|p2a: Clefable\n|-damage|p2a: Clefable|19\/100\n|\n|-heal|p1a: 430 bst|61\/100|[from] item: Leftovers\n|upkeep\n|turn|17\n|\n|t:|1700444561\n|move|p2a: Clefable|Moonlight|p2a: Clefable\n|-heal|p2a: Clefable|69\/100\n|move|p1a: 430 bst|Earthquake|p2a: Clefable\n|-supereffective|p2a: Clefable\n|-damage|p2a: Clefable|25\/100\n|\n|-heal|p1a: 430 bst|67\/100|[from] item: Leftovers\n|upkeep\n|turn|18\n|\n|t:|1700444570\n|switch|p2a: Corviknight|Corviknight, F|100\/100\n|-ability|p2a: Corviknight|Pressure\n|move|p1a: 430 bst|Earthquake|p2a: Corviknight\n|-immune|p2a: Corviknight\n|\n|-heal|p1a: 430 bst|74\/100|[from] item: Leftovers\n|upkeep\n|turn|19\n|\n|t:|1700444586\n|switch|p1a: 550 bst|Gholdengo|100\/100\n|move|p2a: Corviknight|U-turn|p1a: 550 bst\n|-resisted|p1a: 550 bst\n|-damage|p1a: 550 bst|96\/100\n|\n|t:|1700444598\n|switch|p2a: Alomomola|Alomomola, M|100\/100|[from] U-turn\n|\n|upkeep\n|turn|20\n|\n|t:|1700444615\n|move|p1a: 550 bst|Nasty Plot|p1a: 550 bst\n|-boost|p1a: 550 bst|spa|2\n|move|p2a: Alomomola|Flip Turn|p1a: 550 bst\n|-damage|p1a: 550 bst|79\/100\n|\n|t:|1700444631\n|switch|p2a: Toxapex|Toxapex, M|100\/100|[from] Flip Turn\n|-damage|p2a: Toxapex|88\/100|[from] Stealth Rock\n|\n|upkeep\n|turn|21\n|\n|t:|1700444649\n|move|p1a: 550 bst|Nasty Plot|p1a: 550 bst\n|-boost|p1a: 550 bst|spa|2\n|move|p2a: Toxapex|Haze|p2a: Toxapex\n|-clearallboost\n|\n|upkeep\n|turn|22\n|\n|t:|1700444660\n|switch|p2a: Clefable|Clefable, F, tera:Steel|25\/100\n|move|p1a: 550 bst|Shadow Ball|p2a: Clefable\n|-damage|p2a: Clefable|0 fnt\n|faint|p2a: Clefable\n|\n|upkeep\n|\n|t:|1700444688\n|switch|p2a: Toxapex|Toxapex, M|100\/100\n|-damage|p2a: Toxapex|88\/100|[from] Stealth Rock\n|turn|23\n|c|\u2606mambroeru|ok\n|\n|t:|1700444698\n|move|p1a: 550 bst|Nasty Plot|p1a: 550 bst\n|-boost|p1a: 550 bst|spa|2\n|move|p2a: Toxapex|Chilling Water|p1a: 550 bst\n|-damage|p1a: 550 bst|61\/100\n|\n|upkeep\n|turn|24\n|c|\u2606mambroeru|gg\n|c|\u2606mambroeru|i forfeit\n|c|\u2606helpidkwhatimdoin|nah you brought stall\n|c|\u2606helpidkwhatimdoin|you gotta play it out\n|c|\u2606mambroeru|cant break gholdengo\n|\n|t:|1700444720\n|move|p1a: 550 bst|Recover|p1a: 550 bst\n|-heal|p1a: 550 bst|100\/100\n|move|p2a: Toxapex|Chilling Water|p1a: 550 bst\n|-damage|p1a: 550 bst|82\/100\n|\n|upkeep\n|turn|25\n|c|\u2606mambroeru|fair haahahaha\n|\n|t:|1700444733\n|move|p1a: 550 bst|Nasty Plot|p1a: 550 bst\n|-boost|p1a: 550 bst|spa|2\n|move|p2a: Toxapex|Chilling Water|p1a: 550 bst\n|-damage|p1a: 550 bst|62\/100\n|\n|upkeep\n|turn|26\n|c| DingusDipplesPRIME|play it ouuutttt\n|c|\u2606mambroeru|i fucked up clefs spread\n|c| DingusDipplesPRIME|turn 100\n|\n|t:|1700444744\n|move|p1a: 550 bst|Nasty Plot|p1a: 550 bst\n|-boost|p1a: 550 bst|spa|2\n|move|p2a: Toxapex|Chilling Water|p1a: 550 bst\n|-damage|p1a: 550 bst|42\/100\n|\n|upkeep\n|turn|27\n|c| DingusDipplesPRIME|lets go\n|c| Demandread|we got nowhere to go\n|\n|t:|1700444759\n|switch|p2a: Alomomola|Alomomola, M|100\/100\n|move|p1a: 550 bst|Recover|p1a: 550 bst\n|-heal|p1a: 550 bst|92\/100\n|\n|upkeep\n|turn|28\n|c| Demandread|work can wait\n|\n|t:|1700444765\n|move|p2a: Alomomola|Protect|p2a: Alomomola\n|-singleturn|p2a: Alomomola|Protect\n|move|p1a: 550 bst|Shadow Ball|p2a: Alomomola\n|-activate|p2a: Alomomola|move: Protect\n|\n|upkeep\n|turn|29\n|c| Demandread|1am endless baattttleee\n|\n|t:|1700444770\n|move|p1a: 550 bst|Shadow Ball|p2a: Alomomola\n|-damage|p2a: Alomomola|0 fnt\n|faint|p2a: Alomomola\n|\n|upkeep\n|\n|t:|1700444776\n|switch|p2a: Corviknight|Corviknight, F|100\/100\n|-ability|p2a: Corviknight|Pressure\n|turn|30\n|\n|t:|1700444782\n|move|p1a: 550 bst|Shadow Ball|p2a: Corviknight\n|-damage|p2a: Corviknight|0 fnt\n|faint|p2a: Corviknight\n|\n|upkeep\n|\n|t:|1700444786\n|switch|p2a: Amoonguss|Amoonguss, M|100\/100\n|turn|31\n|\n|t:|1700444793\n|move|p1a: 550 bst|Make It Rain|p2a: Amoonguss\n|-crit|p2a: Amoonguss\n|-damage|p2a: Amoonguss|0 fnt\n|-unboost|p1a: 550 bst|spa|1\n|faint|p2a: Amoonguss\n|\n|upkeep\n|\n|t:|1700444795\n|switch|p2a: Toxapex|Toxapex, M|100\/100\n|-damage|p2a: Toxapex|88\/100|[from] Stealth Rock\n|turn|32\n|\n|t:|1700444803\n|move|p1a: 550 bst|Shadow Ball|p2a: Toxapex\n|-damage|p2a: Toxapex|0 fnt\n|faint|p2a: Toxapex\n|\n|win|helpidkwhatimdoin\n|c|\u2606mambroeru|gg\n|c|\u2606helpidkwhatimdoin|gg\n|c| DingusDipplesPRIME|this was appauling\n|c| DingusDipplesPRIME|gg\n","uploadtime":1700444829,"views":15,"p1id":"helpidkwhatimdoin","p2id":"mambroeru","formatid":"gen9ou","rating":0,"private":0,"password":""}