{"id":"gen9ou-1991945197","p1":"wyverbal","p2":"JoaoCarlosIII","format":"[Gen 9] OU","log":"|j|\u2606wyverbal\n|j|\u2606JoaoCarlosIII\n|t:|1700141163\n|gametype|singles\n|player|p1|wyverbal|101|1089\n|player|p2|JoaoCarlosIII|ghetsis-gen5bw|1179\n|teamsize|p1|6\n|teamsize|p2|6\n|gen|9\n|tier|[Gen 9] OU\n|rated|\n|rule|Sleep Clause Mod: Limit one foe put to sleep\n|rule|Species Clause: Limit one of each Pok\u00e9mon\n|rule|OHKO Clause: OHKO moves are banned\n|rule|Evasion Items Clause: Evasion items are banned\n|rule|Evasion Moves Clause: Evasion moves are banned\n|rule|Endless Battle Clause: Forcing endless battles is banned\n|rule|HP Percentage Mod: HP is shown in percentages\n|clearpoke\n|poke|p1|Dipplin, M|\n|poke|p1|Enamorus-Therian, F|\n|poke|p1|Swalot, M|\n|poke|p1|Okidogi, M|\n|poke|p1|Flareon, M|\n|poke|p1|Dondozo, M|\n|poke|p2|Dragonite, M|\n|poke|p2|Ceruledge, M|\n|poke|p2|Rillaboom, F|\n|poke|p2|Sandy Shocks|\n|poke|p2|Slowking-Galar, F|\n|poke|p2|Slowbro, F|\n|teampreview\n|inactive|Battle timer is ON: inactive players will automatically lose when time's up. (requested by wyverbal)\n|\n|t:|1700141172\n|start\n|switch|p1a: Enamorus|Enamorus-Therian, F, shiny|100\/100\n|switch|p2a: Slowbro|Slowbro, F|100\/100\n|turn|1\n|\n|t:|1700141181\n|move|p1a: Enamorus|Agility|p1a: Enamorus\n|-boost|p1a: Enamorus|spe|2\n|move|p2a: Slowbro|Trick Room|p2a: Slowbro\n|-fieldstart|move: Trick Room|[of] p2a: Slowbro\n|\n|upkeep\n|turn|2\n|\n|t:|1700141184\n|move|p2a: Slowbro|Yawn|p1a: Enamorus\n|-start|p1a: Enamorus|move: Yawn|[of] p2a: Slowbro\n|move|p1a: Enamorus|Moonblast|p2a: Slowbro\n|-damage|p2a: Slowbro|62\/100\n|\n|upkeep\n|turn|3\n|\n|t:|1700141196\n|move|p2a: Slowbro|Surf|p1a: Enamorus\n|-damage|p1a: Enamorus|63\/100\n|move|p1a: Enamorus|Moonblast|p2a: Slowbro\n|-damage|p2a: Slowbro|24\/100\n|\n|-end|p1a: Enamorus|move: Yawn|[silent]\n|-status|p1a: Enamorus|slp\n|upkeep\n|turn|4\n|\n|t:|1700141208\n|switch|p2a: Sandy Shocks|Sandy Shocks|100\/100\n|switch|p1a: Dipplin|Dipplin, M, shiny|100\/100\n|\n|upkeep\n|turn|5\n|\n|t:|1700141216\n|move|p1a: Dipplin|Growth|p1a: Dipplin\n|-boost|p1a: Dipplin|atk|1\n|-boost|p1a: Dipplin|spa|1\n|move|p2a: Sandy Shocks|Thunder Wave|p1a: Dipplin\n|-status|p1a: Dipplin|par\n|\n|-fieldend|move: Trick Room\n|upkeep\n|turn|6\n|\n|t:|1700141228\n|-end|p2a: Sandy Shocks|Protosynthesis|[silent]\n|switch|p2a: Slowbro|Slowbro, F|57\/100\n|move|p1a: Dipplin|Dragon Breath|p2a: Slowbro\n|-damage|p2a: Slowbro|33\/100\n|\n|upkeep\n|turn|7\n|\n|t:|1700141243\n|move|p2a: Slowbro|Psychic|p1a: Dipplin\n|-damage|p1a: Dipplin|77\/100 par\n|move|p1a: Dipplin|Growth|p1a: Dipplin\n|-boost|p1a: Dipplin|atk|1\n|-boost|p1a: Dipplin|spa|1\n|\n|upkeep\n|turn|8\n|\n|t:|1700141252\n|move|p2a: Slowbro|Psychic|p1a: Dipplin\n|-damage|p1a: Dipplin|52\/100 par\n|move|p1a: Dipplin|Dragon Breath|p2a: Slowbro\n|-damage|p2a: Slowbro|3\/100\n|\n|upkeep\n|turn|9\n|\n|t:|1700141258\n|switch|p2a: Slowking|Slowking-Galar, F|100\/100\n|move|p1a: Dipplin|Recover|p1a: Dipplin\n|-heal|p1a: Dipplin|100\/100 par\n|\n|upkeep\n|turn|10\n|\n|t:|1700141265\n|move|p2a: Slowking|Flamethrower|p1a: Dipplin\n|-damage|p1a: Dipplin|84\/100 par\n|move|p1a: Dipplin|Dragon Breath|p2a: Slowking\n|-damage|p2a: Slowking|68\/100\n|\n|upkeep\n|turn|11\n|\n|t:|1700141275\n|move|p2a: Slowking|Sludge Bomb|p1a: Dipplin\n|-supereffective|p1a: Dipplin\n|-crit|p1a: Dipplin\n|-damage|p1a: Dipplin|11\/100 par\n|move|p1a: Dipplin|Dragon Breath|p2a: Slowking\n|-damage|p2a: Slowking|36\/100\n|\n|upkeep\n|turn|12\n|\n|t:|1700141284\n|switch|p1a: Flareon|Flareon, M, shiny|100\/100\n|move|p2a: Slowking|Trick Room|p2a: Slowking\n|-fieldstart|move: Trick Room|[of] p2a: Slowking\n|\n|upkeep\n|turn|13\n|\n|t:|1700141291\n|switch|p2a: Slowbro|Slowbro, F|37\/100\n|move|p1a: Flareon|Flare Blitz|p2a: Slowbro\n|-resisted|p2a: Slowbro\n|-damage|p2a: Slowbro|9\/100\n|-damage|p1a: Flareon|91\/100|[from] Recoil\n|\n|upkeep\n|turn|14\n|\n|t:|1700141298\n|switch|p2a: Slowking|Slowking-Galar, F|69\/100\n|move|p1a: Flareon|Trailblaze|p2a: Slowking\n|-resisted|p2a: Slowking\n|-damage|p2a: Slowking|62\/100\n|-boost|p1a: Flareon|spe|1\n|\n|upkeep\n|turn|15\n|\n|t:|1700141305\n|move|p2a: Slowking|Toxic|p1a: Flareon\n|-status|p1a: Flareon|tox\n|move|p1a: Flareon|Flare Blitz|p2a: Slowking\n|-damage|p2a: Slowking|14\/100\n|-damage|p1a: Flareon|73\/100 tox|[from] Recoil\n|\n|-damage|p1a: Flareon|67\/100 tox|[from] psn\n|upkeep\n|turn|16\n|\n|t:|1700141310\n|switch|p2a: Slowbro|Slowbro, F|43\/100\n|move|p1a: Flareon|Trailblaze|p2a: Slowbro\n|-supereffective|p2a: Slowbro\n|-damage|p2a: Slowbro|15\/100\n|-boost|p1a: Flareon|spe|1\n|\n|-damage|p1a: Flareon|55\/100 tox|[from] psn\n|-fieldend|move: Trick Room\n|upkeep\n|turn|17\n|\n|t:|1700141317\n|switch|p2a: Slowking|Slowking-Galar, F|48\/100\n|move|p1a: Flareon|Flare Blitz|p2a: Slowking\n|-damage|p2a: Slowking|0 fnt\n|faint|p2a: Slowking\n|-damage|p1a: Flareon|36\/100 tox|[from] Recoil\n|\n|-damage|p1a: Flareon|18\/100 tox|[from] psn\n|upkeep\n|\n|t:|1700141327\n|switch|p2a: Dragonite|Dragonite, M, shiny|100\/100\n|turn|18\n|\n|t:|1700141332\n|move|p2a: Dragonite|Extreme Speed|p1a: Flareon\n|-damage|p1a: Flareon|0 fnt\n|faint|p1a: Flareon\n|\n|upkeep\n|\n|t:|1700141337\n|switch|p1a: Swalot|Swalot, M, shiny|100\/100\n|turn|19\n|\n|t:|1700141342\n|switch|p2a: Slowbro|Slowbro, F|48\/100\n|move|p1a: Swalot|Acid Armor|p1a: Swalot\n|-boost|p1a: Swalot|def|2\n|\n|upkeep\n|turn|20\n|\n|t:|1700141365\n|-terastallize|p1a: Swalot|Dark\n|move|p1a: Swalot|Toxic|p2a: Slowbro\n|-status|p2a: Slowbro|tox\n|move|p2a: Slowbro|Trick Room|p2a: Slowbro\n|-fieldstart|move: Trick Room|[of] p2a: Slowbro\n|\n|-damage|p2a: Slowbro|42\/100 tox|[from] psn\n|upkeep\n|turn|21\n|\n|t:|1700141372\n|move|p2a: Slowbro|Yawn|p1a: Swalot\n|-start|p1a: Swalot|move: Yawn|[of] p2a: Slowbro\n|move|p1a: Swalot|Body Press|p2a: Slowbro\n|-resisted|p2a: Slowbro\n|-damage|p2a: Slowbro|24\/100 tox\n|\n|-damage|p2a: Slowbro|11\/100 tox|[from] psn\n|upkeep\n|turn|22\n|\n|t:|1700141380\n|switch|p2a: Sandy Shocks|Sandy Shocks|100\/100\n|move|p1a: Swalot|Acid Armor|p1a: Swalot\n|-boost|p1a: Swalot|def|2\n|\n|-end|p1a: Swalot|move: Yawn|[silent]\n|-message|Sleep Clause Mod activated.\n|-hint|Sleep Clause Mod prevents players from putting more than one of their opponent's Pok\u00e9mon to sleep at a time\n|upkeep\n|turn|23\n|\n|t:|1700141388\n|move|p1a: Swalot|Body Press|p2a: Sandy Shocks\n|-damage|p2a: Sandy Shocks|42\/100\n|move|p2a: Sandy Shocks|Thunderbolt|p1a: Swalot\n|-damage|p1a: Swalot|33\/100\n|\n|upkeep\n|turn|24\n|\n|t:|1700141398\n|-end|p2a: Sandy Shocks|Protosynthesis|[silent]\n|switch|p2a: Ceruledge|Ceruledge, M|100\/100\n|move|p1a: Swalot|Knock Off|p2a: Ceruledge\n|-supereffective|p2a: Ceruledge\n|-damage|p2a: Ceruledge|47\/100\n|-ability|p2a: Ceruledge|Weak Armor|boost\n|-unboost|p2a: Ceruledge|def|1\n|-boost|p2a: Ceruledge|spe|2\n|-enditem|p2a: Ceruledge|Choice Band|[from] move: Knock Off|[of] p1a: Swalot\n|\n|-fieldend|move: Trick Room\n|upkeep\n|turn|25\n|\n|t:|1700141416\n|switch|p2a: Slowbro|Slowbro, F|45\/100 tox\n|move|p1a: Swalot|Knock Off|p2a: Slowbro\n|-supereffective|p2a: Slowbro\n|-damage|p2a: Slowbro|7\/100 tox\n|-enditem|p2a: Slowbro|Heavy-Duty Boots|[from] move: Knock Off|[of] p1a: Swalot\n|\n|-damage|p2a: Slowbro|1\/100 tox|[from] psn\n|upkeep\n|turn|26\n|\n|t:|1700141425\n|move|p1a: Swalot|Knock Off|p2a: Slowbro\n|-supereffective|p2a: Slowbro\n|-damage|p2a: Slowbro|0 fnt\n|faint|p2a: Slowbro\n|\n|upkeep\n|\n|t:|1700141428\n|switch|p2a: Sandy Shocks|Sandy Shocks|42\/100\n|turn|27\n|\n|t:|1700141447\n|switch|p1a: Dipplin|Dipplin, M, shiny|11\/100 par\n|move|p2a: Sandy Shocks|Thunderbolt|p1a: Dipplin\n|-resisted|p1a: Dipplin\n|-damage|p1a: Dipplin|0 fnt\n|faint|p1a: Dipplin\n|\n|upkeep\n|\n|t:|1700141456\n|switch|p1a: Okidogi|Okidogi, M|100\/100\n|turn|28\n|\n|t:|1700141461\n|-end|p2a: Sandy Shocks|Protosynthesis|[silent]\n|switch|p2a: Ceruledge|Ceruledge, M|47\/100\n|move|p1a: Okidogi|Drain Punch|p2a: Ceruledge\n|-immune|p2a: Ceruledge\n|\n|upkeep\n|turn|29\n|\n|t:|1700141469\n|move|p1a: Okidogi|Knock Off|p2a: Ceruledge\n|-supereffective|p2a: Ceruledge\n|-damage|p2a: Ceruledge|0 fnt\n|faint|p2a: Ceruledge\n|\n|upkeep\n|\n|t:|1700141475\n|switch|p2a: Dragonite|Dragonite, M, shiny|100\/100\n|turn|30\n|\n|t:|1700141480\n|switch|p1a: Dondozo|Dondozo, M, shiny|100\/100\n|move|p2a: Dragonite|Earthquake|p1a: Dondozo\n|-damage|p1a: Dondozo|75\/100\n|\n|upkeep\n|turn|31\n|\n|t:|1700141486\n|switch|p2a: Rillaboom|Rillaboom, F|100\/100\n|-fieldstart|move: Grassy Terrain|[from] ability: Grassy Surge|[of] p2a: Rillaboom\n|move|p1a: Dondozo|Avalanche|p2a: Rillaboom\n|-supereffective|p2a: Rillaboom\n|-damage|p2a: Rillaboom|74\/100\n|\n|-heal|p2a: Rillaboom|80\/100|[from] Grassy Terrain\n|-heal|p1a: Dondozo|81\/100|[from] Grassy Terrain\n|upkeep\n|turn|32\n|\n|t:|1700141498\n|switch|p1a: Enamorus|Enamorus-Therian, F, shiny|63\/100 slp\n|move|p2a: Rillaboom|Knock Off|p1a: Enamorus\n|-resisted|p1a: Enamorus\n|-damage|p1a: Enamorus|31\/100 slp\n|-enditem|p1a: Enamorus|Weakness Policy|[from] move: Knock Off|[of] p2a: Rillaboom\n|\n|-heal|p2a: Rillaboom|86\/100|[from] Grassy Terrain\n|upkeep\n|turn|33\n|\n|t:|1700141505\n|switch|p2a: Dragonite|Dragonite, M, shiny|100\/100\n|cant|p1a: Enamorus|slp\n|\n|upkeep\n|turn|34\n|\n|t:|1700141511\n|cant|p1a: Enamorus|slp\n|move|p2a: Dragonite|Ice Punch|p1a: Enamorus\n|-supereffective|p1a: Enamorus\n|-damage|p1a: Enamorus|0 fnt\n|faint|p1a: Enamorus\n|\n|upkeep\n|\n|t:|1700141523\n|switch|p1a: Okidogi|Okidogi, M|100\/100\n|turn|35\n|\n|t:|1700141529\n|switch|p2a: Rillaboom|Rillaboom, F|86\/100\n|move|p1a: Okidogi|Bulk Up|p1a: Okidogi\n|-boost|p1a: Okidogi|atk|1\n|-boost|p1a: Okidogi|def|1\n|\n|-heal|p2a: Rillaboom|92\/100|[from] Grassy Terrain\n|-fieldend|move: Grassy Terrain\n|upkeep\n|turn|36\n|\n|t:|1700141542\n|move|p1a: Okidogi|Poison Jab|p2a: Rillaboom\n|-supereffective|p2a: Rillaboom\n|-damage|p2a: Rillaboom|0 fnt\n|faint|p2a: Rillaboom\n|\n|upkeep\n|\n|t:|1700141546\n|switch|p2a: Dragonite|Dragonite, M, shiny|100\/100\n|turn|37\n|\n|t:|1700141554\n|switch|p1a: Dondozo|Dondozo, M, shiny|81\/100\n|move|p2a: Dragonite|Earthquake|p1a: Dondozo\n|-damage|p1a: Dondozo|57\/100\n|\n|upkeep\n|turn|38\n|\n|t:|1700141561\n|switch|p2a: Sandy Shocks|Sandy Shocks|42\/100\n|move|p1a: Dondozo|Avalanche|p2a: Sandy Shocks\n|-supereffective|p2a: Sandy Shocks\n|-damage|p2a: Sandy Shocks|18\/100\n|\n|upkeep\n|turn|39\n|\n|t:|1700141569\n|switch|p1a: Swalot|Swalot, M, shiny, tera:Dark|33\/100\n|-terastallize|p2a: Sandy Shocks|Electric\n|move|p2a: Sandy Shocks|Thunderbolt|p1a: Swalot\n|-damage|p1a: Swalot|0 fnt\n|faint|p1a: Swalot\n|\n|upkeep\n|\n|t:|1700141577\n|switch|p1a: Okidogi|Okidogi, M|100\/100\n|turn|40\n|\n|t:|1700141583\n|move|p2a: Sandy Shocks|Thunderbolt|p1a: Okidogi\n|-damage|p1a: Okidogi|6\/100\n|-enditem|p1a: Okidogi|Sitrus Berry|[eat]\n|-heal|p1a: Okidogi|31\/100|[from] item: Sitrus Berry\n|move|p1a: Okidogi|Knock Off|p2a: Sandy Shocks\n|-damage|p2a: Sandy Shocks|0 fnt\n|-enditem|p2a: Sandy Shocks|Choice Specs|[from] move: Knock Off|[of] p1a: Okidogi\n|faint|p2a: Sandy Shocks\n|-end|p2a: Sandy Shocks|Protosynthesis|[silent]\n|\n|upkeep\n|\n|t:|1700141585\n|switch|p2a: Dragonite|Dragonite, M, shiny|100\/100\n|turn|41\n|\n|t:|1700141596\n|move|p2a: Dragonite|Extreme Speed|p1a: Okidogi\n|-damage|p1a: Okidogi|0 fnt\n|faint|p1a: Okidogi\n|\n|upkeep\n|\n|t:|1700141601\n|switch|p1a: Dondozo|Dondozo, M, shiny|57\/100\n|turn|42\n|\n|t:|1700141605\n|move|p2a: Dragonite|Extreme Speed|p1a: Dondozo\n|-damage|p1a: Dondozo|37\/100\n|move|p1a: Dondozo|Rest|p1a: Dondozo\n|-status|p1a: Dondozo|slp|[from] move: Rest\n|-heal|p1a: Dondozo|100\/100 slp|[silent]\n|\n|upkeep\n|turn|43\n|-message|JoaoCarlosIII forfeited.\n|\n|win|wyverbal\n|raw|wyverbal's rating: 1089 &rarr; <strong>1122<\/strong><br \/>(+33 for winning)\n|raw|JoaoCarlosIII's rating: 1179 &rarr; <strong>1148<\/strong><br \/>(-31 for losing)\n|l|\u2606JoaoCarlosIII\n","uploadtime":1700141614,"views":12,"p1id":"wyverbal","p2id":"joaocarlosiii","formatid":"gen9ou","rating":1122,"private":0,"password":""}