{"id":"gen9ou-1990359386","p1":"mexicanpasta","p2":"PikachuDoesntCutIt","format":"[Gen 9] OU","log":"|j|\u2606mexicanpasta\n|j|\u2606PikachuDoesntCutIt\n|inactive|Battle timer is ON: inactive players will automatically lose when time's up.\n|t:|1699961904\n|gametype|singles\n|player|p1|mexicanpasta|parasollady|\n|player|p2|PikachuDoesntCutIt|hiker|\n|teamsize|p1|3\n|teamsize|p2|3\n|gen|9\n|tier|[Gen 9] OU\n|rated|Tournament battle\n|rule|Sleep Clause Mod: Limit one foe put to sleep\n|rule|Species Clause: Limit one of each Pok\u00e9mon\n|rule|OHKO Clause: OHKO moves are banned\n|rule|Evasion Items Clause: Evasion items are banned\n|rule|Evasion Moves Clause: Evasion moves are banned\n|rule|Endless Battle Clause: Forcing endless battles is banned\n|rule|HP Percentage Mod: HP is shown in percentages\n|clearpoke\n|poke|p1|Foongus, F|\n|poke|p1|Dragapult, F|\n|poke|p1|Dragonite, F|\n|poke|p2|Fletchling, F|\n|poke|p2|Drifblim, F|\n|poke|p2|Skeledirge, F|\n|teampreview\n|j|*Lady Monita \u2746\n|inactive|mexicanpasta also wants the timer to be on.\n|j| HunterBear4\n|\n|t:|1699961913\n|start\n|switch|p1a: Foongus|Foongus, F|100\/100\n|switch|p2a: Fletchling|Fletchling, F|100\/100\n|turn|1\n|\n|t:|1699961919\n|move|p2a: Fletchling|Taunt|p1a: Foongus\n|-start|p1a: Foongus|move: Taunt\n|cant|p1a: Foongus|move: Taunt|Spore\n|\n|upkeep\n|turn|2\n|\n|t:|1699961926\n|move|p2a: Fletchling|Dual Wingbeat|p1a: Foongus\n|-supereffective|p1a: Foongus\n|-damage|p1a: Foongus|74\/100\n|-supereffective|p1a: Foongus\n|-damage|p1a: Foongus|47\/100\n|-hitcount|p1a: Foongus|2\n|move|p1a: Foongus|Sludge Bomb|p2a: Fletchling\n|-damage|p2a: Fletchling|40\/100\n|\n|upkeep\n|turn|3\n|\n|t:|1699961937\n|move|p2a: Fletchling|Dual Wingbeat|p1a: Foongus\n|-supereffective|p1a: Foongus\n|-damage|p1a: Foongus|19\/100\n|-supereffective|p1a: Foongus\n|-damage|p1a: Foongus|0 fnt\n|faint|p1a: Foongus\n|-hitcount|p1: Foongus|2\n|\n|upkeep\n|\n|t:|1699961949\n|switch|p1a: Dragapult|Dragapult, F|100\/100\n|turn|4\n|\n|t:|1699961952\n|move|p1a: Dragapult|Dragon Darts|p2a: Fletchling\n|-damage|p2a: Fletchling|0 fnt\n|faint|p2a: Fletchling\n|\n|upkeep\n|\n|t:|1699961969\n|switch|p2a: Skeledirge|Skeledirge, F|100\/100\n|turn|5\n|\n|t:|1699961987\n|-terastallize|p2a: Skeledirge|Fairy\n|move|p1a: Dragapult|Dragon Dance|p1a: Dragapult\n|-boost|p1a: Dragapult|atk|1\n|-boost|p1a: Dragapult|spe|1\n|move|p2a: Skeledirge|Will-O-Wisp|p1a: Dragapult\n|-status|p1a: Dragapult|brn\n|\n|-damage|p1a: Dragapult|95\/100 brn|[from] brn\n|upkeep\n|turn|6\n|inactive|mexicanpasta has 120 seconds left.\n|\n|t:|1699962014\n|move|p1a: Dragapult|Tera Blast|p2a: Skeledirge\n|-damage|p2a: Skeledirge|88\/100\n|move|p2a: Skeledirge|Hex|p1a: Dragapult\n|-supereffective|p1a: Dragapult\n|-damage|p1a: Dragapult|0 fnt\n|faint|p1a: Dragapult\n|\n|upkeep\n|\n|t:|1699962019\n|switch|p1a: Dragonite|Dragonite, F|100\/100\n|turn|7\n|\n|t:|1699962023\n|move|p1a: Dragonite|Dragon Dance|p1a: Dragonite\n|-boost|p1a: Dragonite|atk|1\n|-boost|p1a: Dragonite|spe|1\n|move|p2a: Skeledirge|Will-O-Wisp|p1a: Dragonite\n|-status|p1a: Dragonite|brn\n|-enditem|p1a: Dragonite|Lum Berry|[eat]\n|-curestatus|p1a: Dragonite|brn|[msg]\n|\n|upkeep\n|turn|8\n|\n|t:|1699962029\n|-terastallize|p1a: Dragonite|Normal\n|move|p1a: Dragonite|Extreme Speed|p2a: Skeledirge\n|-damage|p2a: Skeledirge|46\/100\n|move|p2a: Skeledirge|Will-O-Wisp|p1a: Dragonite\n|-status|p1a: Dragonite|brn\n|\n|-damage|p1a: Dragonite|94\/100 brn|[from] brn\n|upkeep\n|turn|9\n|\n|t:|1699962038\n|move|p1a: Dragonite|Dragon Dance|p1a: Dragonite\n|-boost|p1a: Dragonite|atk|1\n|-boost|p1a: Dragonite|spe|1\n|move|p2a: Skeledirge|Slack Off|p2a: Skeledirge\n|-heal|p2a: Skeledirge|96\/100\n|\n|-damage|p1a: Dragonite|88\/100 brn|[from] brn\n|upkeep\n|turn|10\n|\n|t:|1699962040\n|move|p1a: Dragonite|Dragon Dance|p1a: Dragonite\n|-boost|p1a: Dragonite|atk|1\n|-boost|p1a: Dragonite|spe|1\n|move|p2a: Skeledirge|Torch Song|p1a: Dragonite\n|-damage|p1a: Dragonite|59\/100 brn\n|-boost|p2a: Skeledirge|spa|1\n|\n|-damage|p1a: Dragonite|53\/100 brn|[from] brn\n|upkeep\n|turn|11\n|\n|t:|1699962044\n|move|p1a: Dragonite|Extreme Speed|p2a: Skeledirge\n|-damage|p2a: Skeledirge|77\/100\n|move|p2a: Skeledirge|Torch Song|p1a: Dragonite\n|-damage|p1a: Dragonite|9\/100 brn\n|-boost|p2a: Skeledirge|spa|1\n|\n|-damage|p1a: Dragonite|3\/100 brn|[from] brn\n|upkeep\n|turn|12\n|-message|mexicanpasta forfeited.\n|\n|win|PikachuDoesntCutIt\n|n|\u2606mexicanpasta|mexicanpasta\n|n|\u2606PikachuDoesntCutIt|pikachudoesntcutit\n|n|*Lady Monita \u2746|ladymonita\n|n| HunterBear4|hunterbear4\n","uploadtime":1699962048,"views":5,"p1id":"mexicanpasta","p2id":"pikachudoesntcutit","formatid":"gen9ou","rating":0,"private":0,"password":""}