{"id":"gen9ou-1994450322","p1":"Sick Fiesta","p2":"knexhawk2","format":"[Gen 9] OU","log":"|j|\u2606Sick Fiesta\n|j|\u2606knexhawk2\n|t:|1700445313\n|gametype|singles\n|player|p1|Sick Fiesta|psychic|1748\n|player|p2|knexhawk2|red-masters|1801\n|teamsize|p1|6\n|teamsize|p2|6\n|gen|9\n|tier|[Gen 9] OU\n|rated|\n|rule|Sleep Clause Mod: Limit one foe put to sleep\n|rule|Species Clause: Limit one of each Pok\u00e9mon\n|rule|OHKO Clause: OHKO moves are banned\n|rule|Evasion Items Clause: Evasion items are banned\n|rule|Evasion Moves Clause: Evasion moves are banned\n|rule|Endless Battle Clause: Forcing endless battles is banned\n|rule|HP Percentage Mod: HP is shown in percentages\n|clearpoke\n|poke|p1|Meowscarada, M|\n|poke|p1|Iron Treads|\n|poke|p1|Zapdos|\n|poke|p1|Dragapult, M|\n|poke|p1|Garganacl, M|\n|poke|p1|Iron Valiant|\n|poke|p2|Tyranitar, M|\n|poke|p2|Iron Thorns|\n|poke|p2|Enamorus-Therian, F|\n|poke|p2|Ogerpon-Cornerstone, F|\n|poke|p2|Gholdengo|\n|poke|p2|Moltres|\n|teampreview\n|\n|t:|1700445324\n|start\n|switch|p1a: Iron Treads|Iron Treads|100\/100\n|switch|p2a: Moltres|Moltres|100\/100\n|-enditem|p1a: Iron Treads|Booster Energy\n|-activate|p1a: Iron Treads|ability: Quark Drive|[fromitem]\n|-start|p1a: Iron Treads|quarkdrivespe\n|turn|1\n|j| t-modesty\n|\n|t:|1700445328\n|-end|p1a: Iron Treads|Quark Drive|[silent]\n|switch|p1a: Zapdos|Zapdos|100\/100\n|move|p2a: Moltres|Flamethrower|p1a: Zapdos\n|-damage|p1a: Zapdos|61\/100\n|\n|upkeep\n|turn|2\n|inactive|Battle timer is ON: inactive players will automatically lose when time's up. (requested by Sick Fiesta)\n|\n|t:|1700445342\n|switch|p2a: Tyranitar|Tyranitar, M|100\/100\n|-weather|Sandstorm|[from] ability: Sand Stream|[of] p2a: Tyranitar\n|move|p1a: Zapdos|U-turn|p2a: Tyranitar\n|-supereffective|p2a: Tyranitar\n|-damage|p2a: Tyranitar|79\/100\n|\n|t:|1700445356\n|switch|p1a: Iron Treads|Iron Treads|100\/100|[from] U-turn\n|\n|-weather|Sandstorm|[upkeep]\n|upkeep\n|turn|3\n|\n|t:|1700445360\n|switch|p2a: Moltres|Moltres|100\/100\n|move|p1a: Iron Treads|Stealth Rock|p2a: Moltres\n|-sidestart|p2: knexhawk2|move: Stealth Rock\n|\n|-weather|Sandstorm|[upkeep]\n|-damage|p2a: Moltres|94\/100|[from] Sandstorm\n|upkeep\n|turn|4\n|\n|t:|1700445365\n|-end|p1a: Iron Treads|Quark Drive|[silent]\n|switch|p1a: Garganacl|Garganacl, M|100\/100\n|move|p2a: Moltres|Flamethrower|p1a: Garganacl\n|-resisted|p1a: Garganacl\n|-damage|p1a: Garganacl|92\/100\n|\n|-weather|Sandstorm|[upkeep]\n|-damage|p2a: Moltres|88\/100|[from] Sandstorm\n|-heal|p1a: Garganacl|99\/100|[from] item: Leftovers\n|upkeep\n|turn|5\n|\n|t:|1700445371\n|move|p2a: Moltres|U-turn|p1a: Garganacl\n|-damage|p1a: Garganacl|88\/100\n|\n|t:|1700445375\n|switch|p2a: Tyranitar|Tyranitar, M|79\/100|[from] U-turn\n|-damage|p2a: Tyranitar|67\/100|[from] Stealth Rock\n|move|p1a: Garganacl|Salt Cure|p2a: Tyranitar\n|-damage|p2a: Tyranitar|56\/100\n|-start|p2a: Tyranitar|Salt Cure\n|\n|-weather|Sandstorm|[upkeep]\n|-heal|p1a: Garganacl|94\/100|[from] item: Leftovers\n|-damage|p2a: Tyranitar|43\/100|[from] Salt Cure\n|upkeep\n|turn|6\n|j| Seleukos\n|j| TouchyFeelie\n|\n|t:|1700445388\n|switch|p1a: Iron Treads|Iron Treads|100\/100\n|move|p2a: Tyranitar|Knock Off|p1a: Iron Treads\n|-damage|p1a: Iron Treads|44\/100\n|\n|-weather|none\n|-damage|p2a: Tyranitar|31\/100|[from] Salt Cure\n|upkeep\n|turn|7\n|\n|t:|1700445398\n|-end|p1a: Iron Treads|Quark Drive|[silent]\n|switch|p1a: Garganacl|Garganacl, M|94\/100\n|switch|p2a: Moltres|Moltres|88\/100\n|\n|-heal|p1a: Garganacl|99\/100|[from] item: Leftovers\n|upkeep\n|turn|8\n|j| all hips no lies\n|\n|t:|1700445407\n|move|p2a: Moltres|U-turn|p1a: Garganacl\n|-damage|p1a: Garganacl|90\/100\n|\n|t:|1700445409\n|switch|p2a: Gholdengo|Gholdengo|100\/100|[from] U-turn\n|-damage|p2a: Gholdengo|94\/100|[from] Stealth Rock\n|-item|p2a: Gholdengo|Air Balloon\n|move|p1a: Garganacl|Iron Defense|p1a: Garganacl\n|-boost|p1a: Garganacl|def|2\n|\n|-heal|p1a: Garganacl|96\/100|[from] item: Leftovers\n|upkeep\n|turn|9\n|j| BBL Gyal\n|\n|t:|1700445420\n|switch|p1a: Zapdos|Zapdos|61\/100\n|move|p2a: Gholdengo|Nasty Plot|p2a: Gholdengo\n|-boost|p2a: Gholdengo|spa|2\n|\n|upkeep\n|turn|10\n|\n|t:|1700445425\n|move|p1a: Zapdos|Discharge|p2a: Gholdengo\n|-crit|p2a: Gholdengo\n|-damage|p2a: Gholdengo|43\/100\n|-enditem|p2a: Gholdengo|Air Balloon\n|move|p2a: Gholdengo|Shadow Ball|p1a: Zapdos\n|-damage|p1a: Zapdos|0 fnt\n|faint|p1a: Zapdos\n|\n|upkeep\n|j| diyuenji\n|\n|t:|1700445442\n|switch|p1a: Meowscarada|Meowscarada, M|100\/100\n|turn|11\n|\n|t:|1700445448\n|switch|p2a: Enamorus|Enamorus-Therian, F|100\/100\n|-damage|p2a: Enamorus|75\/100|[from] Stealth Rock\n|move|p1a: Meowscarada|Knock Off|p2a: Enamorus\n|-start|p1a: Meowscarada|typechange|Dark|[from] ability: Protean\n|-resisted|p2a: Enamorus\n|-damage|p2a: Enamorus|56\/100\n|-enditem|p2a: Enamorus|Leftovers|[from] move: Knock Off|[of] p1a: Meowscarada\n|\n|upkeep\n|turn|12\n|\n|t:|1700445462\n|switch|p1a: Garganacl|Garganacl, M|96\/100\n|move|p2a: Enamorus|Earth Power|p1a: Garganacl\n|-supereffective|p1a: Garganacl\n|-damage|p1a: Garganacl|46\/100\n|\n|-heal|p1a: Garganacl|52\/100|[from] item: Leftovers\n|upkeep\n|turn|13\n|\n|t:|1700445482\n|move|p2a: Enamorus|Earth Power|p1a: Garganacl\n|-supereffective|p1a: Garganacl\n|-damage|p1a: Garganacl|3\/100\n|move|p1a: Garganacl|Recover|p1a: Garganacl\n|-heal|p1a: Garganacl|53\/100\n|\n|-heal|p1a: Garganacl|59\/100|[from] item: Leftovers\n|upkeep\n|turn|14\n|j| Bad Players\n|\n|t:|1700445499\n|switch|p1a: Iron Treads|Iron Treads|44\/100\n|move|p2a: Enamorus|Calm Mind|p2a: Enamorus\n|-boost|p2a: Enamorus|spa|1\n|-boost|p2a: Enamorus|spd|1\n|\n|upkeep\n|turn|15\n|c| Bad Players|knex\n|\n|t:|1700445507\n|switch|p2a: Moltres|Moltres|88\/100\n|move|p1a: Iron Treads|Steel Beam|p2a: Moltres\n|-resisted|p2a: Moltres\n|-damage|p2a: Moltres|62\/100\n|-damage|p1a: Iron Treads|0 fnt|[from] steelbeam\n|faint|p1a: Iron Treads\n|-end|p1a: Iron Treads|Quark Drive|[silent]\n|\n|upkeep\n|c|\u2606knexhawk2|yes\n|c| Bad Players|What are you cooking\n|c|\u2606knexhawk2|heat.\n|\n|t:|1700445516\n|switch|p1a: Garganacl|Garganacl, M|59\/100\n|turn|16\n|\n|t:|1700445522\n|move|p2a: Moltres|U-turn|p1a: Garganacl\n|-damage|p1a: Garganacl|49\/100\n|\n|t:|1700445525\n|switch|p2a: Tyranitar|Tyranitar, M|31\/100|[from] U-turn\n|-damage|p2a: Tyranitar|18\/100|[from] Stealth Rock\n|-weather|Sandstorm|[from] ability: Sand Stream|[of] p2a: Tyranitar\n|move|p1a: Garganacl|Iron Defense|p1a: Garganacl\n|-boost|p1a: Garganacl|def|2\n|\n|-weather|Sandstorm|[upkeep]\n|-heal|p1a: Garganacl|55\/100|[from] item: Leftovers\n|upkeep\n|turn|17\n|j| Madraz1\n|\n|t:|1700445530\n|move|p2a: Tyranitar|Knock Off|p1a: Garganacl\n|-damage|p1a: Garganacl|27\/100\n|-enditem|p1a: Garganacl|Leftovers|[from] move: Knock Off|[of] p2a: Tyranitar\n|move|p1a: Garganacl|Recover|p1a: Garganacl\n|-heal|p1a: Garganacl|77\/100\n|\n|-weather|Sandstorm|[upkeep]\n|upkeep\n|turn|18\n|c|\u2606knexhawk2|you cant tell me this isnt heat\n|\n|t:|1700445538\n|switch|p2a: Gholdengo|Gholdengo|43\/100\n|-damage|p2a: Gholdengo|37\/100|[from] Stealth Rock\n|move|p1a: Garganacl|Salt Cure|p2a: Gholdengo\n|-resisted|p2a: Gholdengo\n|-damage|p2a: Gholdengo|32\/100\n|-start|p2a: Gholdengo|Salt Cure\n|\n|-weather|Sandstorm|[upkeep]\n|-damage|p2a: Gholdengo|7\/100|[from] Salt Cure\n|upkeep\n|turn|19\n|\n|t:|1700445551\n|-terastallize|p1a: Garganacl|Poison\n|move|p2a: Gholdengo|Make It Rain|p1a: Garganacl\n|-damage|p1a: Garganacl|45\/100\n|-unboost|p2a: Gholdengo|spa|1\n|move|p1a: Garganacl|Recover|p1a: Garganacl\n|-heal|p1a: Garganacl|95\/100\n|\n|-weather|Sandstorm|[upkeep]\n|-damage|p1a: Garganacl|88\/100|[from] Sandstorm\n|-damage|p2a: Gholdengo|0 fnt|[from] Salt Cure\n|faint|p2a: Gholdengo\n|upkeep\n|\n|t:|1700445558\n|switch|p2a: Enamorus|Enamorus-Therian, F|56\/100\n|-damage|p2a: Enamorus|31\/100|[from] Stealth Rock\n|turn|20\n|\n|t:|1700445568\n|move|p2a: Enamorus|Earth Power|p1a: Garganacl\n|-supereffective|p1a: Garganacl\n|-damage|p1a: Garganacl|42\/100\n|move|p1a: Garganacl|Salt Cure|p2a: Enamorus\n|-supereffective|p2a: Enamorus\n|-damage|p2a: Enamorus|6\/100\n|-start|p2a: Enamorus|Salt Cure\n|\n|-weather|none\n|-damage|p2a: Enamorus|0 fnt|[from] Salt Cure\n|faint|p2a: Enamorus\n|upkeep\n|\n|t:|1700445581\n|switch|p2a: Tyranitar|Tyranitar, M|18\/100\n|-damage|p2a: Tyranitar|6\/100|[from] Stealth Rock\n|-weather|Sandstorm|[from] ability: Sand Stream|[of] p2a: Tyranitar\n|turn|21\n|\n|t:|1700445586\n|-terastallize|p2a: Tyranitar|Rock\n|move|p2a: Tyranitar|Stone Edge|p1a: Garganacl\n|-crit|p1a: Garganacl\n|-damage|p1a: Garganacl|0 fnt\n|faint|p1a: Garganacl\n|\n|-weather|Sandstorm|[upkeep]\n|upkeep\n|\n|t:|1700445603\n|switch|p1a: Iron Valiant|Iron Valiant|100\/100\n|-enditem|p1a: Iron Valiant|Booster Energy\n|-activate|p1a: Iron Valiant|ability: Quark Drive|[fromitem]\n|-start|p1a: Iron Valiant|quarkdrivespa\n|turn|22\n|\n|t:|1700445608\n|move|p1a: Iron Valiant|Calm Mind|p1a: Iron Valiant\n|-boost|p1a: Iron Valiant|spa|1\n|-boost|p1a: Iron Valiant|spd|1\n|move|p2a: Tyranitar|Stone Edge|p1a: Iron Valiant\n|-resisted|p1a: Iron Valiant\n|-damage|p1a: Iron Valiant|21\/100\n|\n|-weather|Sandstorm|[upkeep]\n|-damage|p1a: Iron Valiant|14\/100|[from] Sandstorm\n|upkeep\n|turn|23\n|c|\u2606knexhawk2|holy fuck\n|\n|t:|1700445623\n|move|p1a: Iron Valiant|Moonblast|p2a: Tyranitar\n|-damage|p2a: Tyranitar|0 fnt\n|faint|p2a: Tyranitar\n|\n|-weather|Sandstorm|[upkeep]\n|-damage|p1a: Iron Valiant|8\/100|[from] Sandstorm\n|upkeep\n|\n|t:|1700445627\n|switch|p2a: Ogerpon|Ogerpon-Cornerstone, F|100\/100\n|-damage|p2a: Ogerpon|88\/100|[from] Stealth Rock\n|turn|24\n|\n|t:|1700445638\n|move|p2a: Ogerpon|Ivy Cudgel|p1a: Iron Valiant|[anim] Ivy Cudgel Rock\n|-resisted|p1a: Iron Valiant\n|-damage|p1a: Iron Valiant|0 fnt\n|faint|p1a: Iron Valiant\n|-end|p1a: Iron Valiant|Quark Drive|[silent]\n|\n|-weather|Sandstorm|[upkeep]\n|upkeep\n|j| Ivaannn\n|\n|t:|1700445655\n|switch|p1a: Dragapult|Dragapult, M|100\/100\n|turn|25\n|\n|t:|1700445661\n|move|p1a: Dragapult|Will-O-Wisp|p2a: Ogerpon\n|-status|p2a: Ogerpon|brn\n|move|p2a: Ogerpon|Ivy Cudgel|p1a: Dragapult|[anim] Ivy Cudgel Rock\n|-damage|p1a: Dragapult|63\/100\n|\n|-weather|none\n|-heal|p1a: Dragapult|69\/100|[from] item: Leftovers\n|-damage|p2a: Ogerpon|82\/100 brn|[from] brn\n|upkeep\n|turn|26\n|\n|t:|1700445666\n|switch|p1a: Meowscarada|Meowscarada, M|100\/100\n|move|p2a: Ogerpon|Ivy Cudgel|p1a: Meowscarada|[anim] Ivy Cudgel Rock\n|-damage|p1a: Meowscarada|52\/100\n|\n|-damage|p2a: Ogerpon|76\/100 brn|[from] brn\n|upkeep\n|turn|27\n|\n|t:|1700445674\n|move|p1a: Meowscarada|U-turn|p2a: Ogerpon\n|-start|p1a: Meowscarada|typechange|Bug|[from] ability: Protean\n|-supereffective|p2a: Ogerpon\n|-damage|p2a: Ogerpon|0 fnt\n|faint|p2a: Ogerpon\n|\n|t:|1700445679\n|switch|p1a: Dragapult|Dragapult, M|69\/100|[from] U-turn\n|\n|-heal|p1a: Dragapult|75\/100|[from] item: Leftovers\n|upkeep\n|\n|t:|1700445680\n|switch|p2a: Moltres|Moltres|62\/100\n|turn|28\n|\n|t:|1700445692\n|switch|p1a: Meowscarada|Meowscarada, M|52\/100\n|move|p2a: Moltres|Roost|p2a: Moltres\n|-heal|p2a: Moltres|100\/100\n|-singleturn|p2a: Moltres|move: Roost\n|\n|upkeep\n|turn|29\n|\n|t:|1700445701\n|move|p1a: Meowscarada|Knock Off|p2a: Moltres\n|-start|p1a: Meowscarada|typechange|Dark|[from] ability: Protean\n|-damage|p2a: Moltres|69\/100\n|-enditem|p2a: Moltres|Heavy-Duty Boots|[from] move: Knock Off|[of] p1a: Meowscarada\n|move|p2a: Moltres|Flamethrower|p1a: Meowscarada\n|-damage|p1a: Meowscarada|0 fnt\n|faint|p1a: Meowscarada\n|\n|upkeep\n|\n|t:|1700445706\n|switch|p1a: Dragapult|Dragapult, M|75\/100\n|turn|30\n|\n|t:|1700445710\n|move|p1a: Dragapult|Hex|p2a: Moltres\n|-damage|p2a: Moltres|46\/100\n|move|p2a: Moltres|Roost|p2a: Moltres\n|-heal|p2a: Moltres|97\/100\n|-singleturn|p2a: Moltres|move: Roost\n|\n|-heal|p1a: Dragapult|81\/100|[from] item: Leftovers\n|upkeep\n|turn|31\n|j| JamminXZO\n|\n|t:|1700445714\n|move|p1a: Dragapult|Hex|p2a: Moltres\n|-damage|p2a: Moltres|73\/100\n|move|p2a: Moltres|Will-O-Wisp|p1a: Dragapult\n|-status|p1a: Dragapult|brn\n|\n|-heal|p1a: Dragapult|87\/100 brn|[from] item: Leftovers\n|-damage|p1a: Dragapult|81\/100 brn|[from] brn\n|upkeep\n|turn|32\n|-message|Sick Fiesta forfeited.\n|\n|win|knexhawk2\n|raw|Sick Fiesta's rating: 1748 &rarr; <strong>1731<\/strong><br \/>(-17 for losing)\n|raw|knexhawk2's rating: 1801 &rarr; <strong>1818<\/strong><br \/>(+17 for winning)\n|l|\u2606Sick Fiesta\n|c|\u2606knexhawk2|gg\n|c| BBL Gyal|was turn 19 tera necessary?\n|l| JamminXZO\n|c|\u2606knexhawk2|yeah probably\n|l| t-modesty\n|c|\u2606knexhawk2|i think i killed w\/o the crit\n|l| Seleukos\n|c| BBL Gyal|i feel like he coulda sacked meow but nice team\n|l| TouchyFeelie\n|l|\u2606knexhawk2\n|l| all hips no lies\n|c| BBL Gyal|u might threaten recover if you had it\n|j| all hips no lies\n|l| all hips no lies\n","uploadtime":1700445819,"views":8,"p1id":"sickfiesta","p2id":"knexhawk2","formatid":"gen9ou","rating":1731,"private":0,"password":""}