{"id":"gen9ou-1996621880","p1":"Usopp D Gawd","p2":"TaxesAreEvil","format":"[Gen 9] OU","log":"|j|\u2606Usopp D Gawd\n|j|\u2606TaxesAreEvil\n|t:|1700701692\n|gametype|singles\n|player|p1|Usopp D Gawd|blue|\n|player|p2|TaxesAreEvil|backpacker|\n|teamsize|p1|6\n|teamsize|p2|6\n|gen|9\n|tier|[Gen 9] OU\n|rule|Sleep Clause Mod: Limit one foe put to sleep\n|rule|Species Clause: Limit one of each Pok\u00e9mon\n|rule|OHKO Clause: OHKO moves are banned\n|rule|Evasion Items Clause: Evasion items are banned\n|rule|Evasion Moves Clause: Evasion moves are banned\n|rule|Endless Battle Clause: Forcing endless battles is banned\n|rule|HP Percentage Mod: HP is shown in percentages\n|clearpoke\n|poke|p1|Goodra, F|\n|poke|p1|Meowscarada, F|\n|poke|p1|Ribombee, F|\n|poke|p1|Gholdengo|\n|poke|p1|Great Tusk|\n|poke|p1|Ceruledge, M|\n|poke|p2|Eiscue, F|\n|poke|p2|Crawdaunt, M|\n|poke|p2|Ninetales-Alola, M|\n|poke|p2|Slowking-Galar, F|\n|poke|p2|Corviknight, F|\n|poke|p2|Garchomp, M|\n|teampreview\n|inactive|Battle timer is ON: inactive players will automatically lose when time's up. (requested by TaxesAreEvil)\n|\n|t:|1700701705\n|start\n|switch|p1a: Oddwin|Meowscarada, F|100\/100\n|switch|p2a: Slowking|Slowking-Galar, F|100\/100\n|turn|1\n|\n|t:|1700701723\n|-terastallize|p2a: Slowking|Water\n|move|p1a: Oddwin|Knock Off|p2a: Slowking\n|-start|p1a: Oddwin|typechange|Dark|[from] ability: Protean\n|-damage|p2a: Slowking|52\/100\n|-enditem|p2a: Slowking|Assault Vest|[from] move: Knock Off|[of] p1a: Oddwin\n|move|p2a: Slowking|Focus Blast|p1a: Oddwin\n|-supereffective|p1a: Oddwin\n|-damage|p1a: Oddwin|0 fnt\n|faint|p1a: Oddwin\n|\n|upkeep\n|\n|t:|1700701745\n|switch|p1a: Omar Apollo|Ribombee, F|100\/100\n|turn|2\n|\n|t:|1700701760\n|switch|p2a: Crawdaunt|Crawdaunt, M|100\/100\n|move|p1a: Omar Apollo|Stun Spore|p2a: Crawdaunt|[miss]\n|-miss|p1a: Omar Apollo|p2a: Crawdaunt\n|\n|upkeep\n|turn|3\n|\n|t:|1700701768\n|move|p1a: Omar Apollo|Moonblast|p2a: Crawdaunt\n|-supereffective|p2a: Crawdaunt\n|-enditem|p2a: Crawdaunt|Focus Sash\n|-damage|p2a: Crawdaunt|1\/100\n|move|p2a: Crawdaunt|Knock Off|p1a: Omar Apollo\n|-resisted|p1a: Omar Apollo\n|-damage|p1a: Omar Apollo|35\/100\n|-enditem|p1a: Omar Apollo|Focus Sash|[from] move: Knock Off|[of] p2a: Crawdaunt\n|\n|upkeep\n|turn|4\n|\n|t:|1700701779\n|move|p2a: Crawdaunt|Aqua Jet|p1a: Omar Apollo\n|-damage|p1a: Omar Apollo|0 fnt\n|faint|p1a: Omar Apollo\n|\n|upkeep\n|\n|t:|1700701786\n|switch|p1a: Playboi Carti|Goodra, F|100\/100\n|turn|5\n|\n|t:|1700701792\n|switch|p2a: Ninetales|Ninetales-Alola, M|100\/100\n|-weather|Snow|[from] ability: Snow Warning|[of] p2a: Ninetales\n|move|p1a: Playboi Carti|Sludge Bomb|p2a: Ninetales\n|-supereffective|p2a: Ninetales\n|-damage|p2a: Ninetales|45\/100\n|\n|-weather|Snow|[upkeep]\n|upkeep\n|turn|6\n|\n|t:|1700701808\n|-terastallize|p1a: Playboi Carti|Steel\n|move|p2a: Ninetales|Aurora Veil|p2a: Ninetales\n|-sidestart|p2: TaxesAreEvil|move: Aurora Veil\n|move|p1a: Playboi Carti|Tera Blast|p2a: Ninetales|[anim] Tera Blast Steel\n|-supereffective|p2a: Ninetales\n|-damage|p2a: Ninetales|0 fnt\n|faint|p2a: Ninetales\n|\n|-weather|Snow|[upkeep]\n|upkeep\n|inactive|TaxesAreEvil has 270 seconds left.\n|\n|t:|1700701829\n|switch|p2a: Slowking|Slowking-Galar, F, tera:Water|85\/100\n|turn|7\n|\n|t:|1700701839\n|move|p1a: Playboi Carti|Sludge Bomb|p2a: Slowking\n|-damage|p2a: Slowking|74\/100\n|-status|p2a: Slowking|psn\n|move|p2a: Slowking|Flamethrower|p1a: Playboi Carti\n|-supereffective|p1a: Playboi Carti\n|-damage|p1a: Playboi Carti|71\/100\n|\n|-weather|Snow|[upkeep]\n|-damage|p2a: Slowking|61\/100 psn|[from] psn\n|upkeep\n|turn|8\n|\n|t:|1700701852\n|move|p1a: Playboi Carti|Sludge Bomb|p2a: Slowking\n|-damage|p2a: Slowking|50\/100 psn\n|move|p2a: Slowking|Focus Blast|p1a: Playboi Carti\n|-supereffective|p1a: Playboi Carti\n|-damage|p1a: Playboi Carti|33\/100\n|\n|-weather|Snow|[upkeep]\n|-damage|p2a: Slowking|37\/100 psn|[from] psn\n|upkeep\n|turn|9\n|\n|t:|1700701871\n|switch|p1a: Devon Hendryx|Gholdengo|100\/100\n|switch|p2a: Corviknight|Corviknight, F|100\/100\n|-ability|p2a: Corviknight|Pressure\n|\n|-weather|none\n|upkeep\n|turn|10\n|\n|t:|1700701884\n|switch|p2a: Garchomp|Garchomp, M|100\/100\n|move|p1a: Devon Hendryx|Nasty Plot|p1a: Devon Hendryx\n|-boost|p1a: Devon Hendryx|spa|2\n|\n|upkeep\n|turn|11\n|\n|t:|1700701897\n|move|p1a: Devon Hendryx|Make It Rain|p2a: Garchomp\n|-damage|p2a: Garchomp|45\/100\n|-unboost|p1a: Devon Hendryx|spa|1\n|move|p2a: Garchomp|Dragon Tail|p1a: Devon Hendryx\n|-resisted|p1a: Devon Hendryx\n|-crit|p1a: Devon Hendryx\n|-damage|p1a: Devon Hendryx|78\/100\n|drag|p1a: Orion Sun|Ceruledge, M|100\/100\n|\n|-heal|p2a: Garchomp|52\/100|[from] item: Leftovers\n|upkeep\n|turn|12\n|\n|t:|1700701915\n|switch|p2a: Slowking|Slowking-Galar, F, tera:Water|71\/100 psn\n|move|p1a: Orion Sun|Bulk Up|p1a: Orion Sun\n|-boost|p1a: Orion Sun|atk|1\n|-boost|p1a: Orion Sun|def|1\n|\n|-damage|p2a: Slowking|58\/100 psn|[from] psn\n|upkeep\n|turn|13\n|inactive|TaxesAreEvil has 270 seconds left.\n|\n|t:|1700701935\n|move|p1a: Orion Sun|Bulk Up|p1a: Orion Sun\n|-boost|p1a: Orion Sun|atk|1\n|-boost|p1a: Orion Sun|def|1\n|move|p2a: Slowking|Surf|p1a: Orion Sun\n|-supereffective|p1a: Orion Sun\n|-damage|p1a: Orion Sun|38\/100\n|\n|-damage|p2a: Slowking|46\/100 psn|[from] psn\n|-sideend|p2: TaxesAreEvil|move: Aurora Veil\n|upkeep\n|turn|14\n|inactive|TaxesAreEvil has 270 seconds left.\n|\n|t:|1700701949\n|switch|p2a: Eiscue|Eiscue, F|100\/100\n|move|p1a: Orion Sun|Bitter Blade|p2a: Eiscue\n|-activate|p2a: Eiscue|ability: Ice Face\n|-damage|p2a: Eiscue|100\/100\n|detailschange|p2a: Eiscue|Eiscue-Noice, F\n|\n|upkeep\n|turn|15\n|\n|t:|1700701964\n|move|p1a: Orion Sun|Shadow Sneak|p2a: Eiscue\n|-damage|p2a: Eiscue|43\/100\n|move|p2a: Eiscue|Icicle Spear|p1a: Orion Sun\n|-resisted|p1a: Orion Sun\n|-damage|p1a: Orion Sun|35\/100\n|-resisted|p1a: Orion Sun\n|-damage|p1a: Orion Sun|33\/100\n|-resisted|p1a: Orion Sun\n|-damage|p1a: Orion Sun|30\/100\n|-resisted|p1a: Orion Sun\n|-damage|p1a: Orion Sun|27\/100\n|-resisted|p1a: Orion Sun\n|-damage|p1a: Orion Sun|25\/100\n|-hitcount|p1a: Orion Sun|5\n|\n|upkeep\n|turn|16\n|inactive|TaxesAreEvil has 270 seconds left.\n|\n|t:|1700701987\n|switch|p2a: Slowking|Slowking-Galar, F, tera:Water|79\/100 psn\n|move|p1a: Orion Sun|Bitter Blade|p2a: Slowking\n|-resisted|p2a: Slowking\n|-damage|p2a: Slowking|38\/100 psn\n|-heal|p1a: Orion Sun|47\/100|[from] drain|[of] p2a: Slowking\n|\n|-damage|p2a: Slowking|26\/100 psn|[from] psn\n|upkeep\n|turn|17\n|inactive|TaxesAreEvil has 270 seconds left.\n|\n|t:|1700701999\n|switch|p2a: Garchomp|Garchomp, M|52\/100\n|move|p1a: Orion Sun|Bitter Blade|p2a: Garchomp\n|-resisted|p2a: Garchomp\n|-damage|p2a: Garchomp|18\/100\n|-heal|p1a: Orion Sun|67\/100|[from] drain|[of] p2a: Garchomp\n|-damage|p1a: Orion Sun|55\/100|[from] ability: Rough Skin|[of] p2a: Garchomp\n|\n|-heal|p2a: Garchomp|25\/100|[from] item: Leftovers\n|upkeep\n|turn|18\n|inactive|TaxesAreEvil has 270 seconds left.\n|\n|t:|1700702011\n|move|p1a: Orion Sun|Shadow Sneak|p2a: Garchomp\n|-damage|p2a: Garchomp|0 fnt\n|-damage|p1a: Orion Sun|42\/100|[from] ability: Rough Skin|[of] p2a: Garchomp\n|faint|p2a: Garchomp\n|\n|upkeep\n|\n|t:|1700702018\n|switch|p2a: Crawdaunt|Crawdaunt, M|1\/100\n|turn|19\n|\n|t:|1700702021\n|move|p1a: Orion Sun|Shadow Sneak|p2a: Crawdaunt\n|-resisted|p2a: Crawdaunt\n|-damage|p2a: Crawdaunt|0 fnt\n|faint|p2a: Crawdaunt\n|\n|upkeep\n|inactive|TaxesAreEvil has 270 seconds left.\n|inactive|TaxesAreEvil has 240 seconds left.\n|c|\u2606Usopp D Gawd|Poggers\n|\n|t:|1700702072\n|switch|p2a: Slowking|Slowking-Galar, F, tera:Water|59\/100 psn\n|turn|20\n|\n|t:|1700702077\n|move|p1a: Orion Sun|Bitter Blade|p2a: Slowking\n|-resisted|p2a: Slowking\n|-damage|p2a: Slowking|20\/100 psn\n|-heal|p1a: Orion Sun|64\/100|[from] drain|[of] p2a: Slowking\n|move|p2a: Slowking|Surf|p1a: Orion Sun\n|-supereffective|p1a: Orion Sun\n|-damage|p1a: Orion Sun|3\/100\n|\n|-damage|p2a: Slowking|7\/100 psn|[from] psn\n|upkeep\n|turn|21\n|inactive|TaxesAreEvil has 240 seconds left.\n|\n|t:|1700702096\n|move|p1a: Orion Sun|Bitter Blade|p2a: Slowking\n|-resisted|p2a: Slowking\n|-damage|p2a: Slowking|0 fnt\n|-heal|p1a: Orion Sun|7\/100|[from] drain|[of] p2a: Slowking\n|faint|p2a: Slowking\n|\n|upkeep\n|\n|t:|1700702107\n|switch|p2a: Eiscue|Eiscue-Noice, F|43\/100\n|turn|22\n|\n|t:|1700702118\n|move|p1a: Orion Sun|Shadow Sneak|p2a: Eiscue\n|-damage|p2a: Eiscue|0 fnt\n|faint|p2a: Eiscue\n|\n|upkeep\n|\n|t:|1700702122\n|switch|p2a: Corviknight|Corviknight, F|100\/100\n|-ability|p2a: Corviknight|Pressure\n|turn|23\n|inactive|TaxesAreEvil has 240 seconds left.\n|\n|t:|1700702128\n|move|p1a: Orion Sun|Bitter Blade|p2a: Corviknight\n|-supereffective|p2a: Corviknight\n|-damage|p2a: Corviknight|0 fnt\n|-heal|p1a: Orion Sun|63\/100|[from] drain|[of] p2a: Corviknight\n|-damage|p1a: Orion Sun|47\/100|[from] item: Rocky Helmet|[of] p2a: Corviknight\n|faint|p2a: Corviknight\n|\n|win|Usopp D Gawd\n|l|\u2606Usopp D Gawd\n|j|\u2606Usopp D Gawd\n|player|p1|Usopp D Gawd|blue\n|l|\u2606TaxesAreEvil\n","uploadtime":1700702423,"views":4,"p1id":"usoppdgawd","p2id":"taxesareevil","formatid":"gen9ou","rating":0,"private":0,"password":""}