{"id":"gen9ou-2000028066","p1":"Prav33n","p2":"Pkm Trainer Yellow","format":"[Gen 9] OU","log":"|j|\u2606Prav33n\n|j|\u2606Pkm Trainer Yellow\n|t:|1701143071\n|gametype|singles\n|player|p1|Prav33n|swimmer-gen4|1720\n|player|p2|Pkm Trainer Yellow|elesa|1800\n|teamsize|p1|6\n|teamsize|p2|6\n|gen|9\n|tier|[Gen 9] OU\n|rated|\n|rule|Sleep Clause Mod: Limit one foe put to sleep\n|rule|Species Clause: Limit one of each Pok\u00e9mon\n|rule|OHKO Clause: OHKO moves are banned\n|rule|Evasion Items Clause: Evasion items are banned\n|rule|Evasion Moves Clause: Evasion moves are banned\n|rule|Endless Battle Clause: Forcing endless battles is banned\n|rule|HP Percentage Mod: HP is shown in percentages\n|clearpoke\n|poke|p1|Cinderace, M|\n|poke|p1|Landorus-Therian, M|\n|poke|p1|Weavile, M|\n|poke|p1|Great Tusk|\n|poke|p1|Gholdengo|\n|poke|p1|Walking Wake|\n|poke|p2|Pelipper, M|\n|poke|p2|Barraskewda, M|\n|poke|p2|Zapdos|\n|poke|p2|Toxicroak, M|\n|poke|p2|Greninja-*, M|\n|poke|p2|Iron Treads|\n|teampreview\n|inactive|Battle timer is ON: inactive players will automatically lose when time's up. (requested by Prav33n)\n|\n|t:|1701143085\n|start\n|switch|p1a: Weavile|Weavile, M|100\/100\n|switch|p2a: Greninja|Greninja, M|100\/100\n|turn|1\n|\n|t:|1701143093\n|move|p1a: Weavile|Low Kick|p2a: Greninja\n|-supereffective|p2a: Greninja\n|-crit|p2a: Greninja\n|-damage|p2a: Greninja|0 fnt\n|faint|p2a: Greninja\n|\n|upkeep\n|\n|t:|1701143096\n|switch|p2a: Pelipper|Pelipper, M|100\/100\n|-weather|RainDance|[from] ability: Drizzle|[of] p2a: Pelipper\n|turn|2\n|\n|t:|1701143106\n|switch|p1a: Walking Wake|Walking Wake|100\/100\n|-enditem|p1a: Walking Wake|Booster Energy\n|-activate|p1a: Walking Wake|ability: Protosynthesis|[fromitem]\n|-start|p1a: Walking Wake|protosynthesisspa\n|move|p2a: Pelipper|U-turn|p1a: Walking Wake\n|-crit|p1a: Walking Wake\n|-damage|p1a: Walking Wake|88\/100\n|\n|t:|1701143119\n|switch|p2a: Toxicroak|Toxicroak, M|100\/100|[from] U-turn\n|\n|-weather|RainDance|[upkeep]\n|upkeep\n|turn|3\n|\n|t:|1701143124\n|move|p1a: Walking Wake|Dragon Pulse|p2a: Toxicroak\n|-damage|p2a: Toxicroak|26\/100\n|move|p2a: Toxicroak|Gunk Shot|p1a: Walking Wake\n|-damage|p1a: Walking Wake|42\/100\n|-status|p1a: Walking Wake|psn\n|\n|-weather|RainDance|[upkeep]\n|-heal|p2a: Toxicroak|39\/100|[from] ability: Dry Skin\n|-heal|p2a: Toxicroak|45\/100|[from] item: Leftovers\n|-damage|p1a: Walking Wake|30\/100 psn|[from] psn\n|upkeep\n|turn|4\n|\n|t:|1701143132\n|-end|p1a: Walking Wake|Protosynthesis|[silent]\n|switch|p1a: Landorus|Landorus-Therian, M|100\/100\n|-ability|p1a: Landorus|Intimidate|boost\n|-unboost|p2a: Toxicroak|atk|1\n|switch|p2a: Iron Treads|Iron Treads|100\/100\n|-enditem|p2a: Iron Treads|Booster Energy\n|-activate|p2a: Iron Treads|ability: Quark Drive|[fromitem]\n|-start|p2a: Iron Treads|quarkdrivespe\n|\n|-weather|RainDance|[upkeep]\n|upkeep\n|turn|5\n|\n|t:|1701143137\n|move|p2a: Iron Treads|Ice Spinner|p1a: Landorus\n|-supereffective|p1a: Landorus\n|-damage|p1a: Landorus|32\/100\n|-damage|p2a: Iron Treads|84\/100|[from] item: Rocky Helmet|[of] p1a: Landorus\n|move|p1a: Landorus|Stealth Rock|p2a: Iron Treads\n|-sidestart|p2: Pkm Trainer Yellow|move: Stealth Rock\n|\n|-weather|RainDance|[upkeep]\n|upkeep\n|turn|6\n|\n|t:|1701143145\n|move|p2a: Iron Treads|Ice Spinner|p1a: Landorus\n|-supereffective|p1a: Landorus\n|-damage|p1a: Landorus|0 fnt\n|-damage|p2a: Iron Treads|67\/100|[from] item: Rocky Helmet|[of] p1a: Landorus\n|faint|p1a: Landorus\n|\n|-weather|RainDance|[upkeep]\n|upkeep\n|\n|t:|1701143150\n|switch|p1a: Great Tusk|Great Tusk|100\/100\n|turn|7\n|\n|t:|1701143164\n|move|p2a: Iron Treads|Ice Spinner|p1a: Great Tusk\n|-supereffective|p1a: Great Tusk\n|-damage|p1a: Great Tusk|67\/100\n|move|p1a: Great Tusk|Close Combat|p2a: Iron Treads\n|-supereffective|p2a: Iron Treads\n|-damage|p2a: Iron Treads|0 fnt\n|-unboost|p1a: Great Tusk|def|1\n|-unboost|p1a: Great Tusk|spd|1\n|-enditem|p1a: Great Tusk|Eject Pack\n|faint|p2a: Iron Treads\n|-end|p2a: Iron Treads|Quark Drive|[silent]\n|\n|t:|1701143175\n|-end|p1a: Great Tusk|Protosynthesis|[silent]\n|switch|p1a: Cinderace|Cinderace, M|100\/100\n|\n|-weather|RainDance|[upkeep]\n|upkeep\n|\n|t:|1701143181\n|switch|p2a: Pelipper|Pelipper, M|100\/100\n|-damage|p2a: Pelipper|76\/100|[from] Stealth Rock\n|turn|8\n|\n|t:|1701143185\n|move|p1a: Cinderace|U-turn|p2a: Pelipper\n|-start|p1a: Cinderace|typechange|Bug|[from] ability: Libero\n|-resisted|p2a: Pelipper\n|-damage|p2a: Pelipper|63\/100\n|\n|t:|1701143188\n|switch|p1a: Walking Wake|Walking Wake|30\/100 psn|[from] U-turn\n|move|p2a: Pelipper|Surf|p1a: Walking Wake\n|-resisted|p1a: Walking Wake\n|-damage|p1a: Walking Wake|16\/100 psn\n|\n|-weather|RainDance|[upkeep]\n|-damage|p1a: Walking Wake|4\/100 psn|[from] psn\n|upkeep\n|turn|9\n|\n|t:|1701143191\n|switch|p2a: Toxicroak|Toxicroak, M|45\/100\n|-damage|p2a: Toxicroak|39\/100|[from] Stealth Rock\n|move|p1a: Walking Wake|Dragon Pulse|p2a: Toxicroak\n|-damage|p2a: Toxicroak|0 fnt\n|faint|p2a: Toxicroak\n|\n|-weather|none\n|-damage|p1a: Walking Wake|0 fnt|[from] psn\n|faint|p1a: Walking Wake\n|-end|p1a: Walking Wake|Protosynthesis|[silent]\n|upkeep\n|\n|t:|1701143196\n|switch|p1a: Weavile|Weavile, M|100\/100\n|switch|p2a: Pelipper|Pelipper, M|63\/100\n|-damage|p2a: Pelipper|39\/100|[from] Stealth Rock\n|-weather|RainDance|[from] ability: Drizzle|[of] p2a: Pelipper\n|turn|10\n|\n|t:|1701143199\n|move|p1a: Weavile|Icicle Crash|p2a: Pelipper\n|-damage|p2a: Pelipper|0 fnt\n|faint|p2a: Pelipper\n|\n|-weather|RainDance|[upkeep]\n|upkeep\n|\n|t:|1701143202\n|switch|p2a: Barraskewda|Barraskewda, M|100\/100\n|-damage|p2a: Barraskewda|88\/100|[from] Stealth Rock\n|turn|11\n|\n|t:|1701143207\n|switch|p1a: Great Tusk|Great Tusk|67\/100\n|-terastallize|p2a: Barraskewda|Water\n|move|p2a: Barraskewda|Liquidation|p1a: Great Tusk\n|-supereffective|p1a: Great Tusk\n|-damage|p1a: Great Tusk|0 fnt\n|faint|p1a: Great Tusk\n|-end|p1a: Great Tusk|Protosynthesis|[silent]\n|\n|-weather|RainDance|[upkeep]\n|upkeep\n|\n|t:|1701143213\n|switch|p1a: Cinderace|Cinderace, M|100\/100\n|turn|12\n|\n|t:|1701143215\n|move|p1a: Cinderace|Sucker Punch|p2a: Barraskewda\n|-start|p1a: Cinderace|typechange|Dark|[from] ability: Libero\n|-damage|p2a: Barraskewda|27\/100\n|move|p2a: Barraskewda|Liquidation|p1a: Cinderace\n|-damage|p1a: Cinderace|0 fnt\n|faint|p1a: Cinderace\n|\n|-weather|RainDance|[upkeep]\n|upkeep\n|\n|t:|1701143220\n|switch|p1a: Weavile|Weavile, M|100\/100\n|turn|13\n|\n|t:|1701143223\n|-terastallize|p1a: Weavile|Ice\n|move|p1a: Weavile|Ice Shard|p2a: Barraskewda\n|-resisted|p2a: Barraskewda\n|-damage|p2a: Barraskewda|0 fnt\n|faint|p2a: Barraskewda\n|\n|-weather|RainDance|[upkeep]\n|upkeep\n|\n|t:|1701143228\n|switch|p2a: Zapdos|Zapdos|100\/100\n|turn|14\n|\n|t:|1701143232\n|switch|p1a: Gholdengo|Gholdengo|100\/100\n|-item|p1a: Gholdengo|Air Balloon\n|move|p2a: Zapdos|Thunder|p1a: Gholdengo\n|-damage|p1a: Gholdengo|35\/100\n|-enditem|p1a: Gholdengo|Air Balloon\n|\n|-weather|RainDance|[upkeep]\n|upkeep\n|turn|15\n|\n|t:|1701143235\n|move|p2a: Zapdos|Thunder|p1a: Gholdengo\n|-damage|p1a: Gholdengo|0 fnt\n|faint|p1a: Gholdengo\n|\n|-weather|RainDance|[upkeep]\n|upkeep\n|\n|t:|1701143237\n|switch|p1a: Weavile|Weavile, M, tera:Ice|100\/100\n|turn|16\n|\n|t:|1701143239\n|move|p1a: Weavile|Icicle Crash|p2a: Zapdos\n|-supereffective|p2a: Zapdos\n|-damage|p2a: Zapdos|0 fnt\n|faint|p2a: Zapdos\n|\n|win|Prav33n\n|raw|Prav33n's rating: 1720 &rarr; <strong>1745<\/strong><br \/>(+25 for winning)\n|raw|Pkm Trainer Yellow's rating: 1800 &rarr; <strong>1775<\/strong><br \/>(-25 for losing)\n|l|\u2606Pkm Trainer Yellow\n","uploadtime":1701143266,"views":2,"p1id":"prav33n","p2id":"pkmtraineryellow","formatid":"gen9ou","rating":1745,"private":0,"password":""}