{"id":"gen9ou-1992693549","p1":"MidKarizma","p2":"darkmaster","format":"[Gen 9] OU","log":"|j|\u2606MidKarizma\n|j|\u2606darkmaster\n|t:|1700226009\n|gametype|singles\n|player|p1|MidKarizma|burglar|1232\n|player|p2|darkmaster|palmer|1220\n|teamsize|p1|6\n|teamsize|p2|6\n|gen|9\n|tier|[Gen 9] OU\n|rated|\n|rule|Sleep Clause Mod: Limit one foe put to sleep\n|rule|Species Clause: Limit one of each Pok\u00e9mon\n|rule|OHKO Clause: OHKO moves are banned\n|rule|Evasion Items Clause: Evasion items are banned\n|rule|Evasion Moves Clause: Evasion moves are banned\n|rule|Endless Battle Clause: Forcing endless battles is banned\n|rule|HP Percentage Mod: HP is shown in percentages\n|clearpoke\n|poke|p1|Lycanroc-Dusk, M|\n|poke|p1|Hatterene, F|\n|poke|p1|Rillaboom, F|\n|poke|p1|Enamorus, F|\n|poke|p1|Walking Wake|\n|poke|p1|Ogerpon-Wellspring, F|\n|poke|p2|Rillaboom, M|\n|poke|p2|Great Tusk|\n|poke|p2|Slowking-Galar, M|\n|poke|p2|Gholdengo|\n|poke|p2|Dragonite, M|\n|poke|p2|Cinderace, M|\n|teampreview\n|inactive|Battle timer is ON: inactive players will automatically lose when time's up. (requested by darkmaster)\n|\n|t:|1700226015\n|start\n|switch|p1a: Lycanroc|Lycanroc-Dusk, M|100\/100\n|switch|p2a: Rillaboom|Rillaboom, M, shiny|100\/100\n|-fieldstart|move: Grassy Terrain|[from] ability: Grassy Surge|[of] p2a: Rillaboom\n|turn|1\n|\n|t:|1700226020\n|move|p2a: Rillaboom|Grassy Glide|p1a: Lycanroc\n|-supereffective|p1a: Lycanroc\n|-enditem|p1a: Lycanroc|Focus Sash\n|-damage|p1a: Lycanroc|1\/100\n|move|p1a: Lycanroc|Swords Dance|p1a: Lycanroc\n|-boost|p1a: Lycanroc|atk|2\n|\n|-heal|p1a: Lycanroc|7\/100|[from] Grassy Terrain\n|upkeep\n|turn|2\n|\n|t:|1700226025\n|move|p1a: Lycanroc|Accelerock|p2a: Rillaboom\n|-damage|p2a: Rillaboom|36\/100\n|move|p2a: Rillaboom|Grassy Glide|p1a: Lycanroc\n|-supereffective|p1a: Lycanroc\n|-damage|p1a: Lycanroc|0 fnt\n|faint|p1a: Lycanroc\n|\n|-heal|p2a: Rillaboom|42\/100|[from] Grassy Terrain\n|upkeep\n|\n|t:|1700226033\n|switch|p1a: Enamorus|Enamorus, F|100\/100\n|turn|3\n|\n|t:|1700226039\n|switch|p2a: Slowking|Slowking-Galar, M|100\/100\n|move|p1a: Enamorus|Draining Kiss|p2a: Slowking\n|-resisted|p2a: Slowking\n|-damage|p2a: Slowking|91\/100\n|\n|-heal|p2a: Slowking|97\/100|[from] Grassy Terrain\n|upkeep\n|turn|4\n|\n|t:|1700226049\n|-terastallize|p1a: Enamorus|Steel\n|move|p1a: Enamorus|Substitute|p1a: Enamorus\n|-start|p1a: Enamorus|Substitute\n|-damage|p1a: Enamorus|75\/100\n|move|p2a: Slowking|Future Sight|p1a: Enamorus\n|-start|p2a: Slowking|move: Future Sight\n|\n|-heal|p1a: Enamorus|82\/100|[from] Grassy Terrain\n|-heal|p1a: Enamorus|88\/100|[from] item: Leftovers\n|-heal|p2a: Slowking|100\/100|[from] Grassy Terrain\n|upkeep\n|turn|5\n|\n|t:|1700226057\n|move|p1a: Enamorus|Calm Mind|p1a: Enamorus\n|-boost|p1a: Enamorus|spa|1\n|-boost|p1a: Enamorus|spd|1\n|move|p2a: Slowking|Chilly Reception|p2a: Slowking\n|-weather|Snow\n|\n|t:|1700226083\n|switch|p2a: Gholdengo|Gholdengo, shiny|100\/100|[from] Chilly Reception\n|-item|p2a: Gholdengo|Air Balloon\n|\n|-weather|Snow|[upkeep]\n|-heal|p1a: Enamorus|94\/100|[from] Grassy Terrain\n|-heal|p1a: Enamorus|100\/100|[from] item: Leftovers\n|-fieldend|move: Grassy Terrain\n|upkeep\n|turn|6\n|\n|t:|1700226094\n|move|p1a: Enamorus|Calm Mind|p1a: Enamorus\n|-boost|p1a: Enamorus|spa|1\n|-boost|p1a: Enamorus|spd|1\n|move|p2a: Gholdengo|Shadow Ball|p1a: Enamorus\n|-activate|p1a: Enamorus|move: Substitute|[damage]\n|\n|-weather|Snow|[upkeep]\n|-end|p1a: Enamorus|move: Future Sight\n|-resisted|p1a: Enamorus\n|-end|p1a: Enamorus|Substitute\n|upkeep\n|turn|7\n|\n|t:|1700226104\n|move|p1a: Enamorus|Substitute|p1a: Enamorus\n|-start|p1a: Enamorus|Substitute\n|-damage|p1a: Enamorus|75\/100\n|move|p2a: Gholdengo|Nasty Plot|p2a: Gholdengo\n|-boost|p2a: Gholdengo|spa|2\n|\n|-weather|Snow|[upkeep]\n|-heal|p1a: Enamorus|82\/100|[from] item: Leftovers\n|upkeep\n|turn|8\n|\n|t:|1700226112\n|move|p1a: Enamorus|Draining Kiss|p2a: Gholdengo\n|-resisted|p2a: Gholdengo\n|-damage|p2a: Gholdengo|76\/100\n|-heal|p1a: Enamorus|99\/100|[from] drain|[of] p2a: Gholdengo\n|-enditem|p2a: Gholdengo|Air Balloon\n|move|p2a: Gholdengo|Shadow Ball|p1a: Enamorus\n|-end|p1a: Enamorus|Substitute\n|\n|-weather|Snow|[upkeep]\n|-heal|p1a: Enamorus|100\/100|[from] item: Leftovers\n|upkeep\n|turn|9\n|\n|t:|1700226124\n|move|p1a: Enamorus|Earth Power|p2a: Gholdengo\n|-supereffective|p2a: Gholdengo\n|-damage|p2a: Gholdengo|0 fnt\n|faint|p2a: Gholdengo\n|\n|-weather|none\n|upkeep\n|\n|t:|1700226132\n|switch|p2a: Cinderace|Cinderace, M, shiny|100\/100\n|turn|10\n|\n|t:|1700226144\n|switch|p1a: Walking Wake|Walking Wake|100\/100\n|move|p2a: Cinderace|Pyro Ball|p1a: Walking Wake\n|-resisted|p1a: Walking Wake\n|-damage|p1a: Walking Wake|87\/100\n|\n|upkeep\n|turn|11\n|\n|t:|1700226148\n|move|p1a: Walking Wake|Hydro Steam|p2a: Cinderace\n|-supereffective|p2a: Cinderace\n|-damage|p2a: Cinderace|8\/100\n|move|p2a: Cinderace|U-turn|p1a: Walking Wake\n|-damage|p1a: Walking Wake|67\/100\n|\n|t:|1700226157\n|switch|p2a: Rillaboom|Rillaboom, M, shiny|42\/100|[from] U-turn\n|-fieldstart|move: Grassy Terrain|[from] ability: Grassy Surge|[of] p2a: Rillaboom\n|\n|-heal|p1a: Walking Wake|73\/100|[from] Grassy Terrain\n|-heal|p2a: Rillaboom|48\/100|[from] Grassy Terrain\n|upkeep\n|turn|12\n|\n|t:|1700226184\n|-end|p1a: Walking Wake|Protosynthesis|[silent]\n|switch|p1a: Enamorus|Enamorus, F, tera:Steel|100\/100\n|move|p2a: Rillaboom|Grassy Glide|p1a: Enamorus\n|-resisted|p1a: Enamorus\n|-damage|p1a: Enamorus|59\/100\n|-start|p2a: Rillaboom|Attract|[from] ability: Cute Charm|[of] p1a: Enamorus\n|\n|-heal|p1a: Enamorus|65\/100|[from] Grassy Terrain\n|-heal|p1a: Enamorus|72\/100|[from] item: Leftovers\n|-heal|p2a: Rillaboom|54\/100|[from] Grassy Terrain\n|upkeep\n|turn|13\n|\n|t:|1700226200\n|switch|p2a: Dragonite|Dragonite, M, shiny|100\/100\n|move|p1a: Enamorus|Substitute|p1a: Enamorus\n|-start|p1a: Enamorus|Substitute\n|-damage|p1a: Enamorus|47\/100\n|\n|-heal|p1a: Enamorus|53\/100|[from] Grassy Terrain\n|-heal|p1a: Enamorus|59\/100|[from] item: Leftovers\n|upkeep\n|turn|14\n|\n|t:|1700226217\n|-terastallize|p2a: Dragonite|Normal\n|move|p1a: Enamorus|Draining Kiss|p2a: Dragonite\n|-damage|p2a: Dragonite|87\/100\n|-heal|p1a: Enamorus|68\/100|[from] drain|[of] p2a: Dragonite\n|move|p2a: Dragonite|Dragon Dance|p2a: Dragonite\n|-boost|p2a: Dragonite|atk|1\n|-boost|p2a: Dragonite|spe|1\n|\n|-heal|p2a: Dragonite|94\/100|[from] Grassy Terrain\n|-heal|p1a: Enamorus|74\/100|[from] Grassy Terrain\n|-heal|p1a: Enamorus|81\/100|[from] item: Leftovers\n|upkeep\n|turn|15\n|\n|t:|1700226237\n|move|p2a: Dragonite|Dragon Dance|p2a: Dragonite\n|-boost|p2a: Dragonite|atk|1\n|-boost|p2a: Dragonite|spe|1\n|move|p1a: Enamorus|Draining Kiss|p2a: Dragonite\n|-damage|p2a: Dragonite|70\/100\n|-heal|p1a: Enamorus|97\/100|[from] drain|[of] p2a: Dragonite\n|\n|-heal|p2a: Dragonite|76\/100|[from] Grassy Terrain\n|-heal|p1a: Enamorus|100\/100|[from] Grassy Terrain\n|-fieldend|move: Grassy Terrain\n|upkeep\n|turn|16\n|\n|t:|1700226246\n|move|p2a: Dragonite|Roost|p2a: Dragonite\n|-heal|p2a: Dragonite|100\/100\n|move|p1a: Enamorus|Draining Kiss|p2a: Dragonite\n|-damage|p2a: Dragonite|88\/100\n|\n|upkeep\n|turn|17\n|\n|t:|1700226251\n|move|p2a: Dragonite|Earthquake|p1a: Enamorus\n|-supereffective|p1a: Enamorus\n|-end|p1a: Enamorus|Substitute\n|move|p1a: Enamorus|Calm Mind|p1a: Enamorus\n|-boost|p1a: Enamorus|spa|1\n|-boost|p1a: Enamorus|spd|1\n|\n|upkeep\n|turn|18\n|\n|t:|1700226260\n|move|p2a: Dragonite|Dragon Dance|p2a: Dragonite\n|-boost|p2a: Dragonite|atk|1\n|-boost|p2a: Dragonite|spe|1\n|move|p1a: Enamorus|Draining Kiss|p2a: Dragonite\n|-damage|p2a: Dragonite|53\/100\n|\n|upkeep\n|turn|19\n|\n|t:|1700226266\n|move|p2a: Dragonite|Earthquake|p1a: Enamorus\n|-supereffective|p1a: Enamorus\n|-damage|p1a: Enamorus|0 fnt\n|faint|p1a: Enamorus\n|\n|upkeep\n|\n|t:|1700226269\n|switch|p1a: Rillaboom|Rillaboom, F|100\/100\n|-fieldstart|move: Grassy Terrain|[from] ability: Grassy Surge|[of] p1a: Rillaboom\n|turn|20\n|\n|t:|1700226277\n|move|p2a: Dragonite|Extreme Speed|p1a: Rillaboom\n|-damage|p1a: Rillaboom|0 fnt\n|faint|p1a: Rillaboom\n|\n|-heal|p2a: Dragonite|59\/100|[from] Grassy Terrain\n|upkeep\n|\n|t:|1700226281\n|switch|p1a: Ogerpon|Ogerpon-Wellspring, F|100\/100\n|turn|21\n|\n|t:|1700226287\n|move|p2a: Dragonite|Extreme Speed|p1a: Ogerpon\n|-damage|p1a: Ogerpon|0 fnt\n|faint|p1a: Ogerpon\n|\n|-heal|p2a: Dragonite|65\/100|[from] Grassy Terrain\n|upkeep\n|-message|MidKarizma forfeited.\n|\n|win|darkmaster\n|raw|MidKarizma's rating: 1232 &rarr; <strong>1206<\/strong><br \/>(-26 for losing)\n|raw|darkmaster's rating: 1220 &rarr; <strong>1246<\/strong><br \/>(+26 for winning)\n|l|\u2606MidKarizma\n","uploadtime":1700226303,"views":10,"p1id":"midkarizma","p2id":"darkmaster","formatid":"gen9ou","rating":1206,"private":0,"password":""}