{"id":"gen9ou-1993236427","p1":"Creeeper39","p2":"CyberH3","format":"[Gen 9] OU","log":"|j|\u2606Creeeper39\n|j|\u2606CyberH3\n|t:|1700282156\n|gametype|singles\n|player|p1|Creeeper39|170|1389\n|player|p2|CyberH3|mars|1450\n|teamsize|p1|6\n|teamsize|p2|6\n|gen|9\n|tier|[Gen 9] OU\n|rated|\n|rule|Sleep Clause Mod: Limit one foe put to sleep\n|rule|Species Clause: Limit one of each Pok\u00e9mon\n|rule|OHKO Clause: OHKO moves are banned\n|rule|Evasion Items Clause: Evasion items are banned\n|rule|Evasion Moves Clause: Evasion moves are banned\n|rule|Endless Battle Clause: Forcing endless battles is banned\n|rule|HP Percentage Mod: HP is shown in percentages\n|clearpoke\n|poke|p1|Iron Valiant|\n|poke|p1|Great Tusk|\n|poke|p1|Samurott-Hisui, M|\n|poke|p1|Gholdengo|\n|poke|p1|Dragonite, M|\n|poke|p1|Dragapult, F|\n|poke|p2|Goodra-Hisui, M|\n|poke|p2|Scizor, F|\n|poke|p2|Mimikyu, F|\n|poke|p2|Iron Valiant|\n|poke|p2|Talonflame, F|\n|poke|p2|Lokix, M|\n|teampreview\n|\n|t:|1700282163\n|start\n|switch|p1a: Samurott|Samurott-Hisui, M|100\/100\n|switch|p2a: Morf LeRosh|Lokix, M|100\/100\n|turn|1\n|\n|t:|1700282175\n|switch|p1a: Great Tusk|Great Tusk|100\/100\n|move|p2a: Morf LeRosh|First Impression|p1a: Great Tusk\n|-resisted|p1a: Great Tusk\n|-damage|p1a: Great Tusk|76\/100\n|-damage|p2a: Morf LeRosh|91\/100|[from] item: Life Orb\n|\n|-heal|p1a: Great Tusk|83\/100|[from] item: Leftovers\n|upkeep\n|turn|2\n|\n|t:|1700282181\n|move|p2a: Morf LeRosh|Knock Off|p1a: Great Tusk\n|-resisted|p1a: Great Tusk\n|-damage|p1a: Great Tusk|57\/100\n|-enditem|p1a: Great Tusk|Leftovers|[from] move: Knock Off|[of] p2a: Morf LeRosh\n|-damage|p2a: Morf LeRosh|81\/100|[from] item: Life Orb\n|move|p1a: Great Tusk|Stealth Rock|p2a: Morf LeRosh\n|-sidestart|p2: CyberH3|move: Stealth Rock\n|\n|upkeep\n|turn|3\n|\n|t:|1700282191\n|-end|p1a: Great Tusk|Protosynthesis|[silent]\n|switch|p1a: Samurott|Samurott-Hisui, M|100\/100\n|move|p2a: Morf LeRosh|U-turn|p1a: Samurott\n|-supereffective|p1a: Samurott\n|-damage|p1a: Samurott|0 fnt\n|faint|p1a: Samurott\n|-damage|p2a: Morf LeRosh|71\/100|[from] item: Life Orb\n|\n|t:|1700282199\n|switch|p2a: Snailtare|Goodra-Hisui, M|100\/100|[from] U-turn\n|-damage|p2a: Snailtare|94\/100|[from] Stealth Rock\n|\n|-heal|p2a: Snailtare|100\/100|[from] item: Leftovers\n|upkeep\n|\n|t:|1700282204\n|switch|p1a: Gholdengo|Gholdengo|100\/100\n|turn|4\n|\n|t:|1700282206\n|move|p1a: Gholdengo|Trick|p2a: Snailtare\n|-activate|p1a: Gholdengo|move: Trick|[of] p2a: Snailtare\n|-item|p2a: Snailtare|Choice Scarf|[from] move: Trick\n|-item|p1a: Gholdengo|Leftovers|[from] move: Trick\n|move|p2a: Snailtare|Flamethrower|p1a: Gholdengo\n|-supereffective|p1a: Gholdengo\n|-damage|p1a: Gholdengo|55\/100\n|\n|-heal|p1a: Gholdengo|61\/100|[from] item: Leftovers\n|upkeep\n|turn|5\n|\n|t:|1700282224\n|switch|p2a: Morf LeRosh|Lokix, M|71\/100\n|-damage|p2a: Morf LeRosh|46\/100|[from] Stealth Rock\n|switch|p1a: Dragonite|Dragonite, M|100\/100\n|\n|upkeep\n|turn|6\n|\n|t:|1700282228\n|move|p2a: Morf LeRosh|First Impression|p1a: Dragonite\n|-resisted|p1a: Dragonite\n|-damage|p1a: Dragonite|74\/100\n|-damage|p2a: Morf LeRosh|36\/100|[from] item: Life Orb\n|move|p1a: Dragonite|Extreme Speed|p2a: Morf LeRosh\n|-damage|p2a: Morf LeRosh|0 fnt\n|faint|p2a: Morf LeRosh\n|\n|upkeep\n|\n|t:|1700282237\n|switch|p2a: The XO|Talonflame, F|100\/100\n|-damage|p2a: The XO|51\/100|[from] Stealth Rock\n|turn|7\n|\n|t:|1700282241\n|move|p1a: Dragonite|Extreme Speed|p2a: The XO\n|-damage|p2a: The XO|6\/100\n|move|p2a: The XO|Will-O-Wisp|p1a: Dragonite\n|-status|p1a: Dragonite|brn\n|\n|-heal|p2a: The XO|12\/100|[from] item: Leftovers\n|-damage|p1a: Dragonite|68\/100 brn|[from] brn\n|upkeep\n|turn|8\n|\n|t:|1700282249\n|move|p2a: The XO|Brave Bird|p1a: Dragonite\n|-damage|p1a: Dragonite|18\/100 brn\n|-damage|p2a: The XO|0 fnt|[from] Recoil\n|faint|p2a: The XO\n|move|p1a: Dragonite|Earthquake|p2: The XO|[notarget]\n|-fail|p1a: Dragonite\n|\n|-damage|p1a: Dragonite|12\/100 brn|[from] brn\n|upkeep\n|\n|t:|1700282254\n|switch|p2a: Eat With Scissors|Scizor, F|100\/100\n|-damage|p2a: Eat With Scissors|88\/100|[from] Stealth Rock\n|turn|9\n|\n|t:|1700282257\n|move|p1a: Dragonite|Extreme Speed|p2a: Eat With Scissors\n|-resisted|p2a: Eat With Scissors\n|-damage|p2a: Eat With Scissors|81\/100\n|move|p2a: Eat With Scissors|Bullet Punch|p1a: Dragonite\n|-damage|p1a: Dragonite|0 fnt\n|faint|p1a: Dragonite\n|-damage|p2a: Eat With Scissors|71\/100|[from] item: Life Orb\n|\n|upkeep\n|\n|t:|1700282264\n|switch|p1a: Gholdengo|Gholdengo|61\/100\n|turn|10\n|\n|t:|1700282267\n|move|p1a: Gholdengo|Thunder Wave|p2a: Eat With Scissors\n|-status|p2a: Eat With Scissors|par\n|move|p2a: Eat With Scissors|Knock Off|p1a: Gholdengo\n|-supereffective|p1a: Gholdengo\n|-damage|p1a: Gholdengo|0 fnt\n|-enditem|p1a: Gholdengo|Leftovers|[from] move: Knock Off|[of] p2a: Eat With Scissors\n|faint|p1a: Gholdengo\n|-damage|p2a: Eat With Scissors|61\/100 par|[from] item: Life Orb\n|\n|upkeep\n|\n|t:|1700282277\n|switch|p1a: Iron Valiant|Iron Valiant|100\/100\n|-enditem|p1a: Iron Valiant|Booster Energy\n|-activate|p1a: Iron Valiant|ability: Quark Drive|[fromitem]\n|-start|p1a: Iron Valiant|quarkdrivespe\n|turn|11\n|\n|t:|1700282279\n|move|p2a: Eat With Scissors|Bullet Punch|p1a: Iron Valiant\n|-supereffective|p1a: Iron Valiant\n|-damage|p1a: Iron Valiant|0 fnt\n|faint|p1a: Iron Valiant\n|-end|p1a: Iron Valiant|Quark Drive|[silent]\n|-damage|p2a: Eat With Scissors|51\/100 par|[from] item: Life Orb\n|\n|upkeep\n|\n|t:|1700282283\n|switch|p1a: Great Tusk|Great Tusk|57\/100\n|turn|12\n|\n|t:|1700282286\n|move|p1a: Great Tusk|Headlong Rush|p2a: Eat With Scissors\n|-damage|p2a: Eat With Scissors|3\/100 par\n|-unboost|p1a: Great Tusk|def|1\n|-unboost|p1a: Great Tusk|spd|1\n|cant|p2a: Eat With Scissors|par\n|\n|upkeep\n|turn|13\n|-message|Creeeper39 forfeited.\n|\n|win|CyberH3\n|raw|Creeeper39's rating: 1389 &rarr; <strong>1372<\/strong><br \/>(-17 for losing)\n|raw|CyberH3's rating: 1450 &rarr; <strong>1467<\/strong><br \/>(+17 for winning)\n|l|\u2606Creeeper39\n","uploadtime":1700282291,"views":12,"p1id":"creeeper39","p2id":"cyberh3","formatid":"gen9ou","rating":1372,"private":0,"password":""}