{"id":"gen9ou-1988908397","p1":"loafgene","p2":"pepitodu14","format":"[Gen 9] OU","log":"|j|\u2606loafgene\n|j|\u2606pepitodu14\n|t:|1699785665\n|gametype|singles\n|player|p1|loafgene|palmer|1360\n|player|p2|pepitodu14|grimsley|1489\n|teamsize|p1|6\n|teamsize|p2|6\n|gen|9\n|tier|[Gen 9] OU\n|rated|\n|rule|Sleep Clause Mod: Limit one foe put to sleep\n|rule|Species Clause: Limit one of each Pok\u00e9mon\n|rule|OHKO Clause: OHKO moves are banned\n|rule|Evasion Items Clause: Evasion items are banned\n|rule|Evasion Moves Clause: Evasion moves are banned\n|rule|Endless Battle Clause: Forcing endless battles is banned\n|rule|HP Percentage Mod: HP is shown in percentages\n|clearpoke\n|poke|p1|Zamazenta-*|\n|poke|p1|Glimmora, M|\n|poke|p1|Ceruledge, F|\n|poke|p1|Iron Moth|\n|poke|p1|Greninja-*, M|\n|poke|p1|Ursaluna, F|\n|poke|p2|Walking Wake|\n|poke|p2|Zamazenta-*|\n|poke|p2|Iron Moth|\n|poke|p2|Kingambit, M|\n|poke|p2|Dragonite, M|\n|poke|p2|Great Tusk|\n|teampreview\n|\n|t:|1699785672\n|start\n|switch|p1a: Greninja|Greninja, M|100\/100\n|switch|p2a: Great Tusk|Great Tusk|100\/100\n|-enditem|p2a: Great Tusk|Booster Energy\n|-activate|p2a: Great Tusk|ability: Protosynthesis|[fromitem]\n|-start|p2a: Great Tusk|protosynthesisatk\n|turn|1\n|\n|t:|1699785688\n|-end|p2a: Great Tusk|Protosynthesis|[silent]\n|switch|p2a: Walking Wake|Walking Wake|100\/100\n|-enditem|p2a: Walking Wake|Booster Energy\n|-activate|p2a: Walking Wake|ability: Protosynthesis|[fromitem]\n|-start|p2a: Walking Wake|protosynthesisspa\n|move|p1a: Greninja|Hydro Pump|p2a: Walking Wake\n|-start|p1a: Greninja|typechange|Water|[from] ability: Protean\n|-resisted|p2a: Walking Wake\n|-damage|p2a: Walking Wake|88\/100\n|\n|upkeep\n|turn|2\n|\n|t:|1699785710\n|switch|p1a: Glimmora|Glimmora, M|100\/100\n|move|p2a: Walking Wake|Agility|p2a: Walking Wake\n|-boost|p2a: Walking Wake|spe|2\n|\n|upkeep\n|turn|3\n|\n|t:|1699785716\n|move|p2a: Walking Wake|Surf|p1a: Glimmora\n|-supereffective|p1a: Glimmora\n|-damage|p1a: Glimmora|0 fnt\n|faint|p1a: Glimmora\n|\n|upkeep\n|\n|t:|1699785731\n|switch|p1a: Ceruledge|Ceruledge, F, shiny|100\/100\n|turn|4\n|\n|t:|1699785755\n|move|p1a: Ceruledge|Shadow Sneak|p2a: Walking Wake\n|-damage|p2a: Walking Wake|68\/100\n|move|p2a: Walking Wake|Surf|p1a: Ceruledge\n|-supereffective|p1a: Ceruledge\n|-crit|p1a: Ceruledge\n|-enditem|p1a: Ceruledge|Focus Sash\n|-damage|p1a: Ceruledge|1\/100\n|\n|upkeep\n|turn|5\n|\n|t:|1699785762\n|move|p1a: Ceruledge|Shadow Sneak|p2a: Walking Wake\n|-damage|p2a: Walking Wake|47\/100\n|move|p2a: Walking Wake|Surf|p1a: Ceruledge\n|-supereffective|p1a: Ceruledge\n|-damage|p1a: Ceruledge|0 fnt\n|faint|p1a: Ceruledge\n|\n|upkeep\n|\n|t:|1699785769\n|switch|p1a: Iron Moth|Iron Moth|100\/100\n|-enditem|p1a: Iron Moth|Booster Energy\n|-activate|p1a: Iron Moth|ability: Quark Drive|[fromitem]\n|-start|p1a: Iron Moth|quarkdrivespe\n|turn|6\n|\n|t:|1699785773\n|move|p2a: Walking Wake|Surf|p1a: Iron Moth\n|-supereffective|p1a: Iron Moth\n|-damage|p1a: Iron Moth|0 fnt\n|faint|p1a: Iron Moth\n|-end|p1a: Iron Moth|Quark Drive|[silent]\n|\n|upkeep\n|\n|t:|1699785779\n|switch|p1a: Ursaluna|Ursaluna, F|100\/100\n|turn|7\n|\n|t:|1699785786\n|-terastallize|p2a: Walking Wake|Water\n|move|p2a: Walking Wake|Surf|p1a: Ursaluna\n|-supereffective|p1a: Ursaluna\n|-damage|p1a: Ursaluna|0 fnt\n|faint|p1a: Ursaluna\n|\n|upkeep\n|\n|t:|1699785796\n|switch|p1a: Greninja|Greninja, M|100\/100\n|turn|8\n|\n|t:|1699785805\n|move|p2a: Walking Wake|Surf|p1a: Greninja\n|-resisted|p1a: Greninja\n|-damage|p1a: Greninja|36\/100\n|move|p1a: Greninja|Extrasensory|p2a: Walking Wake\n|-start|p1a: Greninja|typechange|Psychic|[from] ability: Protean\n|-damage|p2a: Walking Wake|7\/100\n|\n|-heal|p1a: Greninja|42\/100|[from] item: Leftovers\n|upkeep\n|turn|9\n|\n|t:|1699785817\n|move|p2a: Walking Wake|Surf|p1a: Greninja\n|-damage|p1a: Greninja|0 fnt\n|faint|p1a: Greninja\n|\n|upkeep\n|\n|t:|1699785821\n|switch|p1a: Zamazenta|Zamazenta, shiny|100\/100\n|-ability|p1a: Zamazenta|Dauntless Shield|boost\n|-boost|p1a: Zamazenta|def|1\n|turn|10\n|\n|t:|1699785825\n|-terastallize|p1a: Zamazenta|Steel\n|move|p2a: Walking Wake|Surf|p1a: Zamazenta\n|-damage|p1a: Zamazenta|22\/100\n|move|p1a: Zamazenta|Body Press|p2a: Walking Wake\n|-damage|p2a: Walking Wake|0 fnt\n|faint|p2a: Walking Wake\n|-end|p2a: Walking Wake|Protosynthesis|[silent]\n|\n|-heal|p1a: Zamazenta|28\/100|[from] item: Leftovers\n|upkeep\n|\n|t:|1699785830\n|switch|p2a: Iron Moth|Iron Moth|100\/100\n|-enditem|p2a: Iron Moth|Booster Energy\n|-activate|p2a: Iron Moth|ability: Quark Drive|[fromitem]\n|-start|p2a: Iron Moth|quarkdrivespe\n|turn|11\n|\n|t:|1699785840\n|move|p2a: Iron Moth|Fiery Dance|p1a: Zamazenta\n|-supereffective|p1a: Zamazenta\n|-damage|p1a: Zamazenta|0 fnt\n|-boost|p2a: Iron Moth|spa|1\n|faint|p1a: Zamazenta\n|\n|win|pepitodu14\n|raw|loafgene's rating: 1360 &rarr; <strong>1347<\/strong><br \/>(-13 for losing)\n|raw|pepitodu14's rating: 1489 &rarr; <strong>1502<\/strong><br \/>(+13 for winning)\n|c|\u2606loafgene|gg\n|c|\u2606pepitodu14|Gg\n|l|\u2606loafgene\n","uploadtime":1699785856,"views":17,"p1id":"loafgene","p2id":"pepitodu14","formatid":"gen9ou","rating":1347,"private":0,"password":""}