{"id":"gen9ou-1996723484","p1":"LaxativeCement","p2":"Atrix MJ","format":"[Gen 9] OU","log":"|j|\u2606LaxativeCement\n|j|\u2606Atrix MJ\n|t:|1700714704\n|gametype|singles\n|player|p1|LaxativeCement|lucas|1604\n|player|p2|Atrix MJ|sada-ai|1501\n|teamsize|p1|6\n|teamsize|p2|6\n|gen|9\n|tier|[Gen 9] OU\n|rated|\n|rule|Sleep Clause Mod: Limit one foe put to sleep\n|rule|Species Clause: Limit one of each Pok\u00e9mon\n|rule|OHKO Clause: OHKO moves are banned\n|rule|Evasion Items Clause: Evasion items are banned\n|rule|Evasion Moves Clause: Evasion moves are banned\n|rule|Endless Battle Clause: Forcing endless battles is banned\n|rule|HP Percentage Mod: HP is shown in percentages\n|clearpoke\n|poke|p1|Pelipper, F|\n|poke|p1|Greninja-*, M|\n|poke|p1|Barraskewda, F|\n|poke|p1|Scizor, M|\n|poke|p1|Manaphy|\n|poke|p1|Zapdos|\n|poke|p2|Tinkaton, F|\n|poke|p2|Rillaboom, M|\n|poke|p2|Zapdos|\n|poke|p2|Dragapult, M|\n|poke|p2|Samurott-Hisui, F|\n|poke|p2|Great Tusk|\n|teampreview\n|inactive|Battle timer is ON: inactive players will automatically lose when time's up. (requested by LaxativeCement)\n|\n|t:|1700714719\n|start\n|switch|p1a: Tech N9ne|Barraskewda, F|100\/100\n|switch|p2a: Zapdos|Zapdos|100\/100\n|turn|1\n|inactive|Atrix MJ has 120 seconds left.\n|\n|t:|1700714767\n|move|p1a: Tech N9ne|Flip Turn|p2a: Zapdos\n|-damage|p2a: Zapdos|35\/100\n|\n|t:|1700714770\n|switch|p1a: Big Bird|Zapdos|100\/100|[from] Flip Turn\n|move|p2a: Zapdos|Volt Switch|p1a: Big Bird\n|-damage|p1a: Big Bird|61\/100\n|\n|t:|1700714784\n|switch|p2a: Tinkaton|Tinkaton, F|100\/100|[from] Volt Switch\n|\n|upkeep\n|turn|2\n|\n|t:|1700714805\n|move|p1a: Big Bird|Volt Switch|p2a: Tinkaton\n|-damage|p2a: Tinkaton|62\/100\n|\n|t:|1700714808\n|switch|p1a: Edward Scizorhands|Scizor, M|100\/100|[from] Volt Switch\n|move|p2a: Tinkaton|Swords Dance|p2a: Tinkaton\n|-boost|p2a: Tinkaton|atk|2\n|\n|upkeep\n|turn|3\n|\n|t:|1700714811\n|move|p1a: Edward Scizorhands|Bullet Punch|p2a: Tinkaton\n|-damage|p2a: Tinkaton|0 fnt\n|faint|p2a: Tinkaton\n|\n|upkeep\n|\n|t:|1700714814\n|switch|p2a: Zapdos|Zapdos|35\/100\n|turn|4\n|\n|t:|1700714819\n|switch|p1a: Big Bird|Zapdos|61\/100\n|move|p2a: Zapdos|Roost|p2a: Zapdos\n|-heal|p2a: Zapdos|85\/100\n|-singleturn|p2a: Zapdos|move: Roost\n|\n|upkeep\n|turn|5\n|\n|t:|1700714840\n|-terastallize|p2a: Zapdos|Electric\n|move|p1a: Big Bird|Thunder|p2a: Zapdos\n|-resisted|p2a: Zapdos\n|-damage|p2a: Zapdos|53\/100\n|move|p2a: Zapdos|Discharge|p1a: Big Bird\n|-damage|p1a: Big Bird|1\/100\n|\n|upkeep\n|turn|6\n|\n|t:|1700714854\n|move|p1a: Big Bird|Roost|p1a: Big Bird\n|-heal|p1a: Big Bird|51\/100\n|-singleturn|p1a: Big Bird|move: Roost\n|move|p2a: Zapdos|Roost|p2a: Zapdos\n|-heal|p2a: Zapdos|100\/100\n|\n|upkeep\n|turn|7\n|\n|t:|1700714861\n|move|p1a: Big Bird|Roost|p1a: Big Bird\n|-heal|p1a: Big Bird|100\/100\n|-singleturn|p1a: Big Bird|move: Roost\n|move|p2a: Zapdos|Discharge|p1a: Big Bird\n|-resisted|p1a: Big Bird\n|-damage|p1a: Big Bird|71\/100\n|\n|upkeep\n|turn|8\n|inactive|LaxativeCement has 120 seconds left.\n|\n|t:|1700714893\n|move|p1a: Big Bird|Hurricane|p2a: Zapdos|[miss]\n|-miss|p1a: Big Bird|p2a: Zapdos\n|move|p2a: Zapdos|Discharge|p1a: Big Bird\n|-damage|p1a: Big Bird|7\/100\n|\n|upkeep\n|turn|9\n|\n|t:|1700714898\n|move|p1a: Big Bird|Roost|p1a: Big Bird\n|-heal|p1a: Big Bird|57\/100\n|-singleturn|p1a: Big Bird|move: Roost\n|move|p2a: Zapdos|Discharge|p1a: Big Bird\n|-resisted|p1a: Big Bird\n|-damage|p1a: Big Bird|23\/100\n|\n|upkeep\n|turn|10\n|\n|t:|1700714903\n|move|p1a: Big Bird|Roost|p1a: Big Bird\n|-heal|p1a: Big Bird|73\/100\n|-singleturn|p1a: Big Bird|move: Roost\n|move|p2a: Zapdos|Discharge|p1a: Big Bird\n|-resisted|p1a: Big Bird\n|-damage|p1a: Big Bird|42\/100\n|\n|upkeep\n|turn|11\n|\n|t:|1700714905\n|move|p1a: Big Bird|Hurricane|p2a: Zapdos|[miss]\n|-miss|p1a: Big Bird|p2a: Zapdos\n|move|p2a: Zapdos|Discharge|p1a: Big Bird\n|-damage|p1a: Big Bird|0 fnt\n|faint|p1a: Big Bird\n|\n|upkeep\n|\n|t:|1700714911\n|switch|p1a: Tech N9ne|Barraskewda, F|100\/100\n|turn|12\n|inactive|Atrix MJ has 120 seconds left.\n|\n|t:|1700714949\n|-terastallize|p1a: Tech N9ne|Water\n|move|p1a: Tech N9ne|Liquidation|p2a: Zapdos\n|-damage|p2a: Zapdos|0 fnt\n|faint|p2a: Zapdos\n|\n|upkeep\n|\n|t:|1700714977\n|switch|p2a: Samurott|Samurott-Hisui, F|100\/100\n|turn|13\n|inactive|LaxativeCement has 120 seconds left.\n|\n|t:|1700715033\n|switch|p1a: Faucet Failure|Pelipper, F|100\/100\n|-weather|RainDance|[from] ability: Drizzle|[of] p1a: Faucet Failure\n|move|p2a: Samurott|Ceaseless Edge|p1a: Faucet Failure\n|-damage|p1a: Faucet Failure|60\/100\n|-sidestart|p1: LaxativeCement|Spikes\n|\n|-weather|RainDance|[upkeep]\n|upkeep\n|turn|14\n|j| dfghhhg\n|inactive|Atrix MJ has 90 seconds left.\n|inactive|Atrix MJ has 60 seconds left.\n|\n|t:|1700715090\n|move|p2a: Samurott|Ceaseless Edge|p1a: Faucet Failure\n|-damage|p1a: Faucet Failure|26\/100\n|-sidestart|p1: LaxativeCement|Spikes\n|move|p1a: Faucet Failure|U-turn|p2a: Samurott\n|-supereffective|p2a: Samurott\n|-damage|p2a: Samurott|78\/100\n|\n|t:|1700715094\n|switch|p1a: Tech N9ne|Barraskewda, F, tera:Water|100\/100|[from] U-turn\n|-damage|p1a: Tech N9ne|84\/100|[from] Spikes\n|\n|-weather|RainDance|[upkeep]\n|-heal|p2a: Samurott|84\/100|[from] item: Leftovers\n|upkeep\n|turn|15\n|inactive|Atrix MJ has 60 seconds left.\n|\n|t:|1700715129\n|switch|p2a: Dragapult|Dragapult, M|100\/100\n|move|p1a: Tech N9ne|Close Combat|p2a: Dragapult\n|-immune|p2a: Dragapult\n|\n|-weather|RainDance|[upkeep]\n|upkeep\n|turn|16\n|\n|t:|1700715146\n|switch|p1a: Edward Scizorhands|Scizor, M|100\/100\n|-damage|p1a: Edward Scizorhands|84\/100|[from] Spikes\n|move|p2a: Dragapult|Dragon Darts|p1a: Edward Scizorhands\n|-resisted|p1a: Edward Scizorhands\n|-crit|p1a: Edward Scizorhands\n|-damage|p1a: Edward Scizorhands|63\/100\n|-anim|p2a: Dragapult|Dragon Darts|p1a: Edward Scizorhands\n|-resisted|p1a: Edward Scizorhands\n|-damage|p1a: Edward Scizorhands|51\/100\n|\n|-weather|RainDance|[upkeep]\n|upkeep\n|turn|17\n|\n|t:|1700715156\n|move|p1a: Edward Scizorhands|Bullet Punch|p2a: Dragapult\n|-damage|p2a: Dragapult|15\/100\n|move|p2a: Dragapult|Hex|p1a: Edward Scizorhands\n|-damage|p1a: Edward Scizorhands|12\/100\n|\n|-weather|RainDance|[upkeep]\n|-heal|p2a: Dragapult|21\/100|[from] item: Leftovers\n|upkeep\n|turn|18\n|\n|t:|1700715176\n|switch|p2a: Great Tusk|Great Tusk|100\/100\n|move|p1a: Edward Scizorhands|Bullet Punch|p2a: Great Tusk\n|-damage|p2a: Great Tusk|76\/100\n|\n|-weather|RainDance|[upkeep]\n|-heal|p2a: Great Tusk|82\/100|[from] item: Leftovers\n|upkeep\n|turn|19\n|inactive|Atrix MJ has 30 seconds left.\n|inactive|Atrix MJ has 20 seconds left.\n|\n|t:|1700715204\n|move|p1a: Edward Scizorhands|Bullet Punch|p2a: Great Tusk\n|-damage|p2a: Great Tusk|57\/100\n|move|p2a: Great Tusk|Stealth Rock|p1a: Edward Scizorhands\n|-sidestart|p1: LaxativeCement|move: Stealth Rock\n|\n|-weather|RainDance|[upkeep]\n|-heal|p2a: Great Tusk|63\/100|[from] item: Leftovers\n|upkeep\n|turn|20\n|inactive|Atrix MJ has 30 seconds left this turn.\n|\n|t:|1700715208\n|move|p1a: Edward Scizorhands|Bullet Punch|p2a: Great Tusk\n|-damage|p2a: Great Tusk|38\/100\n|move|p2a: Great Tusk|Rapid Spin|p1a: Edward Scizorhands\n|-resisted|p1a: Edward Scizorhands\n|-damage|p1a: Edward Scizorhands|4\/100\n|-boost|p2a: Great Tusk|spe|1\n|\n|-weather|none\n|-heal|p2a: Great Tusk|44\/100|[from] item: Leftovers\n|upkeep\n|turn|21\n|\n|t:|1700715212\n|move|p1a: Edward Scizorhands|Bullet Punch|p2a: Great Tusk\n|-crit|p2a: Great Tusk\n|-damage|p2a: Great Tusk|7\/100\n|move|p2a: Great Tusk|Rapid Spin|p1a: Edward Scizorhands\n|-resisted|p1a: Edward Scizorhands\n|-damage|p1a: Edward Scizorhands|0 fnt\n|-boost|p2a: Great Tusk|spe|1\n|faint|p1a: Edward Scizorhands\n|\n|-heal|p2a: Great Tusk|14\/100|[from] item: Leftovers\n|upkeep\n|\n|t:|1700715217\n|switch|p1a: Brazy Frog|Greninja, M|100\/100\n|-damage|p1a: Brazy Frog|84\/100|[from] Spikes\n|-damage|p1a: Brazy Frog|72\/100|[from] Stealth Rock\n|turn|22\n|\n|t:|1700715223\n|-end|p2a: Great Tusk|Protosynthesis|[silent]\n|switch|p2a: Samurott|Samurott-Hisui, F|84\/100\n|move|p1a: Brazy Frog|Water Shuriken|p2a: Samurott\n|-resisted|p2a: Samurott\n|-damage|p2a: Samurott|77\/100\n|-resisted|p2a: Samurott\n|-damage|p2a: Samurott|71\/100\n|-resisted|p2a: Samurott\n|-damage|p2a: Samurott|64\/100\n|-resisted|p2a: Samurott\n|-damage|p2a: Samurott|57\/100\n|-hitcount|p2a: Samurott|4\n|-damage|p1a: Brazy Frog|62\/100|[from] item: Life Orb\n|\n|-heal|p2a: Samurott|63\/100|[from] item: Leftovers\n|upkeep\n|turn|23\n|\n|t:|1700715235\n|switch|p1a: Faucet Failure|Pelipper, F|26\/100\n|-damage|p1a: Faucet Failure|1\/100|[from] Stealth Rock\n|-weather|RainDance|[from] ability: Drizzle|[of] p1a: Faucet Failure\n|move|p2a: Samurott|Ceaseless Edge|p1a: Faucet Failure|[miss]\n|-miss|p2a: Samurott|p1a: Faucet Failure\n|\n|-weather|RainDance|[upkeep]\n|-heal|p2a: Samurott|70\/100|[from] item: Leftovers\n|upkeep\n|turn|24\n|\n|t:|1700715240\n|move|p2a: Samurott|Ceaseless Edge|p1a: Faucet Failure\n|-damage|p1a: Faucet Failure|0 fnt\n|-sidestart|p1: LaxativeCement|Spikes\n|faint|p1a: Faucet Failure\n|\n|-weather|RainDance|[upkeep]\n|-heal|p2a: Samurott|76\/100|[from] item: Leftovers\n|upkeep\n|\n|t:|1700715243\n|switch|p1a: Doc|Manaphy|100\/100\n|-damage|p1a: Doc|75\/100|[from] Spikes\n|-damage|p1a: Doc|63\/100|[from] Stealth Rock\n|turn|25\n|\n|t:|1700715248\n|move|p2a: Samurott|Ceaseless Edge|p1a: Doc\n|-damage|p1a: Doc|32\/100\n|move|p1a: Doc|Acid Armor|p1a: Doc\n|-boost|p1a: Doc|def|2\n|\n|-weather|RainDance|[upkeep]\n|-heal|p2a: Samurott|82\/100|[from] item: Leftovers\n|-heal|p1a: Doc|39\/100|[from] item: Leftovers\n|upkeep\n|turn|26\n|\n|t:|1700715257\n|move|p2a: Samurott|Swords Dance|p2a: Samurott\n|-boost|p2a: Samurott|atk|2\n|move|p1a: Doc|Scald|p2a: Samurott\n|-resisted|p2a: Samurott\n|-damage|p2a: Samurott|51\/100\n|-status|p2a: Samurott|brn\n|\n|-weather|RainDance|[upkeep]\n|-heal|p2a: Samurott|58\/100 brn|[from] item: Leftovers\n|-heal|p1a: Doc|45\/100|[from] item: Leftovers\n|-damage|p2a: Samurott|51\/100 brn|[from] brn\n|upkeep\n|turn|27\n|\n|t:|1700715265\n|move|p2a: Samurott|Flip Turn|p1a: Doc\n|-resisted|p1a: Doc\n|-damage|p1a: Doc|38\/100\n|\n|t:|1700715267\n|switch|p2a: Dragapult|Dragapult, M|21\/100|[from] Flip Turn\n|move|p1a: Doc|Acid Armor|p1a: Doc\n|-boost|p1a: Doc|def|2\n|\n|-weather|RainDance|[upkeep]\n|-heal|p2a: Dragapult|27\/100|[from] item: Leftovers\n|-heal|p1a: Doc|44\/100|[from] item: Leftovers\n|upkeep\n|turn|28\n|inactive|Atrix MJ has 90 seconds left.\n|\n|t:|1700715279\n|move|p2a: Dragapult|Hex|p1a: Doc\n|-damage|p1a: Doc|19\/100\n|move|p1a: Doc|Scald|p2a: Dragapult\n|-resisted|p2a: Dragapult\n|-damage|p2a: Dragapult|0 fnt\n|faint|p2a: Dragapult\n|\n|-weather|RainDance|[upkeep]\n|-heal|p1a: Doc|25\/100|[from] item: Leftovers\n|upkeep\n|inactive|Atrix MJ has 90 seconds left.\n|\n|t:|1700715286\n|switch|p2a: Rillaboom|Rillaboom, M|100\/100\n|-fieldstart|move: Grassy Terrain|[from] ability: Grassy Surge|[of] p2a: Rillaboom\n|turn|29\n|\n|t:|1700715296\n|move|p2a: Rillaboom|Grassy Glide|p1a: Doc\n|-supereffective|p1a: Doc\n|-damage|p1a: Doc|8\/100\n|move|p1a: Doc|Stored Power|p2a: Rillaboom\n|-damage|p2a: Rillaboom|69\/100\n|\n|-weather|RainDance|[upkeep]\n|-heal|p2a: Rillaboom|75\/100|[from] Grassy Terrain\n|-heal|p1a: Doc|15\/100|[from] Grassy Terrain\n|-heal|p1a: Doc|21\/100|[from] item: Leftovers\n|upkeep\n|turn|30\n|\n|t:|1700715305\n|move|p2a: Rillaboom|Swords Dance|p2a: Rillaboom\n|-boost|p2a: Rillaboom|atk|2\n|move|p1a: Doc|Scald|p2a: Rillaboom\n|-resisted|p2a: Rillaboom\n|-damage|p2a: Rillaboom|45\/100\n|\n|-weather|none\n|-heal|p2a: Rillaboom|52\/100|[from] Grassy Terrain\n|-heal|p1a: Doc|27\/100|[from] Grassy Terrain\n|-heal|p1a: Doc|33\/100|[from] item: Leftovers\n|upkeep\n|turn|31\n|\n|t:|1700715314\n|move|p2a: Rillaboom|Grassy Glide|p1a: Doc\n|-supereffective|p1a: Doc\n|-damage|p1a: Doc|0 fnt\n|faint|p1a: Doc\n|\n|-heal|p2a: Rillaboom|58\/100|[from] Grassy Terrain\n|upkeep\n|\n|t:|1700715318\n|switch|p1a: Brazy Frog|Greninja, M|62\/100\n|-damage|p1a: Brazy Frog|37\/100|[from] Spikes\n|-damage|p1a: Brazy Frog|25\/100|[from] Stealth Rock\n|turn|32\n|\n|t:|1700715321\n|move|p1a: Brazy Frog|Water Shuriken|p2a: Rillaboom\n|-resisted|p2a: Rillaboom\n|-damage|p2a: Rillaboom|52\/100\n|-resisted|p2a: Rillaboom\n|-damage|p2a: Rillaboom|46\/100\n|-hitcount|p2a: Rillaboom|2\n|-damage|p1a: Brazy Frog|15\/100|[from] item: Life Orb\n|move|p2a: Rillaboom|Grassy Glide|p1a: Brazy Frog\n|-supereffective|p1a: Brazy Frog\n|-damage|p1a: Brazy Frog|0 fnt\n|faint|p1a: Brazy Frog\n|\n|-heal|p2a: Rillaboom|52\/100|[from] Grassy Terrain\n|upkeep\n|c|\u2606LaxativeCement|gg\n|\n|t:|1700715327\n|switch|p1a: Tech N9ne|Barraskewda, F, tera:Water|84\/100\n|-damage|p1a: Tech N9ne|59\/100|[from] Spikes\n|-damage|p1a: Tech N9ne|47\/100|[from] Stealth Rock\n|turn|33\n|c|\u2606Atrix MJ|gg\n|\n|t:|1700715332\n|move|p2a: Rillaboom|Grassy Glide|p1a: Tech N9ne\n|-supereffective|p1a: Tech N9ne\n|-damage|p1a: Tech N9ne|0 fnt\n|faint|p1a: Tech N9ne\n|\n|win|Atrix MJ\n|raw|LaxativeCement's rating: 1604 &rarr; <strong>1578<\/strong><br \/>(-26 for losing)\n|raw|Atrix MJ's rating: 1501 &rarr; <strong>1527<\/strong><br \/>(+26 for winning)\n|l|\u2606LaxativeCement\n","uploadtime":1700715336,"views":6,"p1id":"laxativecement","p2id":"atrixmj","formatid":"gen9ou","rating":1527,"private":0,"password":""}