{"id":"gen9ou-1996597577","p1":"Galio is OU","p2":"holmeslice","format":"[Gen 9] OU","log":"|j|\u2606Galio is OU\n|j|\u2606holmeslice\n|t:|1700698764\n|gametype|singles\n|player|p1|Galio is OU|roughneck-gen4|\n|player|p2|holmeslice|roughneck|\n|teamsize|p1|6\n|teamsize|p2|6\n|gen|9\n|tier|[Gen 9] OU\n|rule|Sleep Clause Mod: Limit one foe put to sleep\n|rule|Species Clause: Limit one of each Pok\u00e9mon\n|rule|OHKO Clause: OHKO moves are banned\n|rule|Evasion Items Clause: Evasion items are banned\n|rule|Evasion Moves Clause: Evasion moves are banned\n|rule|Endless Battle Clause: Forcing endless battles is banned\n|rule|HP Percentage Mod: HP is shown in percentages\n|clearpoke\n|poke|p1|Landorus-Therian, M|\n|poke|p1|Samurott-Hisui, F|\n|poke|p1|Corviknight, F|\n|poke|p1|Clodsire, M|\n|poke|p1|Gengar, F|\n|poke|p1|Drednaw, M|\n|poke|p2|Great Tusk|\n|poke|p2|Dondozo, M|\n|poke|p2|Azelf|\n|poke|p2|Glastrier|\n|poke|p2|Typhlosion-Hisui, M|\n|poke|p2|Grafaiai, M|\n|teampreview\n|\n|t:|1700698786\n|start\n|switch|p1a: Battousai|Samurott-Hisui, F|100\/100\n|switch|p2a: Big Fish|Dondozo, M, shiny|100\/100\n|turn|1\n|\n|t:|1700698803\n|switch|p1a: HeLovesCastingHex|Gengar, F|100\/100\n|move|p2a: Big Fish|Body Press|p1a: HeLovesCastingHex\n|-immune|p1a: HeLovesCastingHex\n|\n|upkeep\n|turn|2\n|\n|t:|1700698815\n|switch|p2a: Big Wheel|Great Tusk|100\/100\n|-enditem|p2a: Big Wheel|Booster Energy\n|-activate|p2a: Big Wheel|ability: Protosynthesis|[fromitem]\n|-start|p2a: Big Wheel|protosynthesisspe\n|move|p1a: HeLovesCastingHex|Thunderbolt|p2a: Big Wheel\n|-immune|p2a: Big Wheel\n|\n|upkeep\n|turn|3\n|\n|t:|1700698833\n|switch|p1a: Nasuada|Corviknight, F|100\/100\n|-ability|p1a: Nasuada|Pressure\n|move|p2a: Big Wheel|Bulk Up|p2a: Big Wheel\n|-boost|p2a: Big Wheel|atk|1\n|-boost|p2a: Big Wheel|def|1\n|\n|upkeep\n|turn|4\n|\n|t:|1700698841\n|move|p2a: Big Wheel|Bulk Up|p2a: Big Wheel\n|-boost|p2a: Big Wheel|atk|1\n|-boost|p2a: Big Wheel|def|1\n|move|p1a: Nasuada|Brave Bird|p2a: Big Wheel\n|-supereffective|p2a: Big Wheel\n|-damage|p2a: Big Wheel|75\/100\n|-damage|p1a: Nasuada|91\/100|[from] Recoil\n|\n|upkeep\n|turn|5\n|\n|t:|1700698859\n|switch|p1a: Quasar|Landorus-Therian, M|100\/100\n|-ability|p1a: Quasar|Intimidate|boost\n|-unboost|p2a: Big Wheel|atk|1\n|move|p2a: Big Wheel|Bulk Up|p2a: Big Wheel\n|-boost|p2a: Big Wheel|atk|1\n|-boost|p2a: Big Wheel|def|1\n|\n|upkeep\n|turn|6\n|\n|t:|1700698880\n|move|p1a: Quasar|Grass Knot|p2a: Big Wheel\n|-supereffective|p2a: Big Wheel\n|-damage|p2a: Big Wheel|0 fnt\n|faint|p2a: Big Wheel\n|-end|p2a: Big Wheel|Protosynthesis|[silent]\n|\n|upkeep\n|\n|t:|1700698894\n|switch|p2a: Big Horse|Glastrier|100\/100\n|turn|7\n|c|\u2606Galio is OU|damn\n|c|\u2606Galio is OU|this thing is scary\n|c|\u2606holmeslice|Did you save the log from game 1?\n|c|\u2606Galio is OU|yeah i figured we'd need it\n|c|\u2606holmeslice|Yeah we do, I completely forgot\n|\n|t:|1700699030\n|switch|p1a: Nasuada|Corviknight, F|91\/100\n|-ability|p1a: Nasuada|Pressure\n|move|p2a: Big Horse|Icicle Crash|p1a: Nasuada\n|-damage|p1a: Nasuada|60\/100\n|\n|upkeep\n|turn|8\n|\n|t:|1700699047\n|switch|p2a: Big Smoke|Typhlosion-Hisui, M|100\/100\n|-item|p1a: Nasuada|Rocky Helmet|[from] ability: Frisk|[of] p2a: Big Smoke|[identify]\n|move|p1a: Nasuada|U-turn|p2a: Big Smoke\n|-resisted|p2a: Big Smoke\n|-damage|p2a: Big Smoke|96\/100\n|\n|t:|1700699077\n|switch|p1a: Battousai|Samurott-Hisui, F|100\/100|[from] U-turn\n|\n|upkeep\n|turn|9\n|\n|t:|1700699090\n|switch|p2a: Big Fish|Dondozo, M, shiny|100\/100\n|move|p1a: Battousai|Ceaseless Edge|p2a: Big Fish\n|-damage|p2a: Big Fish|82\/100\n|-sidestart|p2: holmeslice|Spikes\n|\n|-heal|p2a: Big Fish|88\/100|[from] item: Leftovers\n|upkeep\n|turn|10\n|\n|t:|1700699102\n|switch|p1a: Gerald|Clodsire, M|100\/100\n|move|p2a: Big Fish|Body Press|p1a: Gerald\n|-resisted|p1a: Gerald\n|-damage|p1a: Gerald|85\/100\n|\n|-heal|p2a: Big Fish|94\/100|[from] item: Leftovers\n|-heal|p1a: Gerald|91\/100|[from] item: Leftovers\n|upkeep\n|turn|11\n|\n|t:|1700699111\n|switch|p2a: Big Horse|Glastrier|100\/100\n|-damage|p2a: Big Horse|88\/100|[from] Spikes\n|move|p1a: Gerald|Stealth Rock|p2a: Big Horse\n|-sidestart|p2: holmeslice|move: Stealth Rock\n|\n|-heal|p1a: Gerald|97\/100|[from] item: Leftovers\n|upkeep\n|turn|12\n|\n|t:|1700699118\n|switch|p1a: Nasuada|Corviknight, F|60\/100\n|-ability|p1a: Nasuada|Pressure\n|move|p2a: Big Horse|Icicle Crash|p1a: Nasuada\n|-damage|p1a: Nasuada|32\/100\n|\n|upkeep\n|turn|13\n|\n|t:|1700699124\n|move|p1a: Nasuada|U-turn|p2a: Big Horse\n|-damage|p2a: Big Horse|78\/100\n|\n|t:|1700699148\n|switch|p1a: HeLovesCastingHex|Gengar, F|100\/100|[from] U-turn\n|move|p2a: Big Horse|Icicle Crash|p1a: HeLovesCastingHex\n|-damage|p1a: HeLovesCastingHex|0 fnt\n|faint|p1a: HeLovesCastingHex\n|-ability|p2a: Big Horse|Chilling Neigh|boost\n|-boost|p2a: Big Horse|atk|1\n|\n|upkeep\n|\n|t:|1700699196\n|switch|p1a: Nasuada|Corviknight, F|32\/100\n|-ability|p1a: Nasuada|Pressure\n|turn|14\n|\n|t:|1700699200\n|move|p1a: Nasuada|Roost|p1a: Nasuada\n|-heal|p1a: Nasuada|82\/100\n|-singleturn|p1a: Nasuada|move: Roost\n|move|p2a: Big Horse|Icicle Crash|p1a: Nasuada\n|-resisted|p1a: Nasuada\n|-damage|p1a: Nasuada|58\/100\n|\n|upkeep\n|turn|15\n|\n|t:|1700699218\n|move|p1a: Nasuada|U-turn|p2a: Big Horse\n|-damage|p2a: Big Horse|67\/100\n|\n|t:|1700699244\n|switch|p1a: Battousai|Samurott-Hisui, F|100\/100|[from] U-turn\n|move|p2a: Big Horse|Icicle Crash|p1a: Battousai\n|-resisted|p1a: Battousai\n|-damage|p1a: Battousai|48\/100\n|\n|upkeep\n|turn|16\n|\n|t:|1700699262\n|switch|p2a: Big Fish|Dondozo, M, shiny|94\/100\n|-damage|p2a: Big Fish|82\/100|[from] Spikes\n|-damage|p2a: Big Fish|69\/100|[from] Stealth Rock\n|move|p1a: Battousai|Sacred Sword|p2a: Big Fish\n|-damage|p2a: Big Fish|51\/100\n|\n|-heal|p2a: Big Fish|57\/100|[from] item: Leftovers\n|upkeep\n|turn|17\n|\n|t:|1700699272\n|switch|p1a: Nasuada|Corviknight, F|58\/100\n|-ability|p1a: Nasuada|Pressure\n|move|p2a: Big Fish|Rest|p2a: Big Fish\n|-status|p2a: Big Fish|slp|[from] move: Rest\n|-heal|p2a: Big Fish|100\/100 slp|[silent]\n|\n|upkeep\n|turn|18\n|\n|t:|1700699279\n|move|p1a: Nasuada|Roost|p1a: Nasuada\n|-heal|p1a: Nasuada|100\/100\n|-singleturn|p1a: Nasuada|move: Roost\n|cant|p2a: Big Fish|slp\n|move|p2a: Big Fish|Sleep Talk|p2a: Big Fish\n|move|p2a: Big Fish|Rest||[from]move: Sleep Talk|[still]\n|-fail|p2a: Big Fish\n|\n|upkeep\n|turn|19\n|\n|t:|1700699285\n|switch|p1a: Gerald|Clodsire, M|97\/100\n|cant|p2a: Big Fish|slp\n|move|p2a: Big Fish|Sleep Talk|p2a: Big Fish\n|move|p2a: Big Fish|Rest||[from]move: Sleep Talk|[still]\n|-fail|p2a: Big Fish\n|\n|-heal|p1a: Gerald|100\/100|[from] item: Leftovers\n|upkeep\n|turn|20\n|\n|t:|1700699295\n|switch|p2a: Thing 2|Grafaiai, M|100\/100\n|-damage|p2a: Thing 2|88\/100|[from] Spikes\n|-damage|p2a: Thing 2|76\/100|[from] Stealth Rock\n|move|p1a: Gerald|Toxic|p2a: Thing 2\n|-immune|p2a: Thing 2\n|\n|upkeep\n|turn|21\n|\n|t:|1700699309\n|switch|p1a: Quasar|Landorus-Therian, M|100\/100\n|-ability|p1a: Quasar|Intimidate|boost\n|-unboost|p2a: Thing 2|atk|1\n|move|p2a: Thing 2|Knock Off|p1a: Quasar\n|-damage|p1a: Quasar|78\/100\n|-enditem|p1a: Quasar|Choice Scarf|[from] move: Knock Off|[of] p2a: Thing 2\n|\n|upkeep\n|turn|22\n|\n|t:|1700699336\n|move|p2a: Thing 2|Gunk Shot|p1a: Quasar|[miss]\n|-miss|p2a: Thing 2|p1a: Quasar\n|move|p1a: Quasar|Earthquake|p2a: Thing 2\n|-supereffective|p2a: Thing 2\n|-enditem|p2a: Thing 2|Shuca Berry|[eat]\n|-enditem|p2a: Thing 2|Shuca Berry|[weaken]\n|-damage|p2a: Thing 2|0 fnt\n|faint|p2a: Thing 2\n|\n|upkeep\n|\n|t:|1700699355\n|switch|p2a: Thing 1|Azelf|100\/100\n|-damage|p2a: Thing 1|88\/100|[from] Stealth Rock\n|turn|23\n|\n|t:|1700699371\n|move|p2a: Thing 1|U-turn|p1a: Quasar\n|-resisted|p1a: Quasar\n|-damage|p1a: Quasar|67\/100\n|\n|t:|1700699378\n|switch|p2a: Big Horse|Glastrier|67\/100|[from] U-turn\n|-damage|p2a: Big Horse|55\/100|[from] Spikes\n|-damage|p2a: Big Horse|30\/100|[from] Stealth Rock\n|move|p1a: Quasar|U-turn|p2a: Big Horse\n|-damage|p2a: Big Horse|11\/100\n|\n|t:|1700699381\n|switch|p1a: Battousai|Samurott-Hisui, F|48\/100|[from] U-turn\n|\n|upkeep\n|turn|24\n|\n|t:|1700699391\n|switch|p2a: Big Fish|Dondozo, M, shiny|100\/100 slp\n|-damage|p2a: Big Fish|88\/100 slp|[from] Spikes\n|-damage|p2a: Big Fish|75\/100 slp|[from] Stealth Rock\n|move|p1a: Battousai|Ceaseless Edge|p2a: Big Fish\n|-damage|p2a: Big Fish|55\/100 slp\n|-sidestart|p2: holmeslice|Spikes\n|\n|-heal|p2a: Big Fish|61\/100 slp|[from] item: Leftovers\n|upkeep\n|turn|25\n|\n|t:|1700699411\n|switch|p1a: Gerald|Clodsire, M|100\/100\n|-curestatus|p2a: Big Fish|slp|[msg]\n|move|p2a: Big Fish|Body Press|p1a: Gerald\n|-resisted|p1a: Gerald\n|-damage|p1a: Gerald|86\/100\n|\n|-heal|p2a: Big Fish|67\/100|[from] item: Leftovers\n|-heal|p1a: Gerald|92\/100|[from] item: Leftovers\n|upkeep\n|turn|26\n|\n|t:|1700699423\n|move|p2a: Big Fish|Liquidation|p1a: Gerald\n|-heal|p1a: Gerald|100\/100|[from] ability: Water Absorb|[of] p2a: Big Fish\n|move|p1a: Gerald|Toxic|p2a: Big Fish\n|-status|p2a: Big Fish|tox\n|\n|-heal|p2a: Big Fish|74\/100 tox|[from] item: Leftovers\n|-damage|p2a: Big Fish|67\/100 tox|[from] psn\n|upkeep\n|turn|27\n|c|\u2606holmeslice|I had to check\n|c|\u2606Galio is OU|ye\n|\n|t:|1700699450\n|move|p2a: Big Fish|Body Press|p1a: Gerald\n|-resisted|p1a: Gerald\n|-damage|p1a: Gerald|84\/100\n|move|p1a: Gerald|Earthquake|p2a: Big Fish\n|-damage|p2a: Big Fish|54\/100 tox\n|\n|-heal|p2a: Big Fish|60\/100 tox|[from] item: Leftovers\n|-heal|p1a: Gerald|90\/100|[from] item: Leftovers\n|-damage|p2a: Big Fish|48\/100 tox|[from] psn\n|upkeep\n|turn|28\n|\n|t:|1700699461\n|move|p2a: Big Fish|Rest|p2a: Big Fish\n|-status|p2a: Big Fish|slp|[from] move: Rest\n|-heal|p2a: Big Fish|100\/100 slp|[silent]\n|move|p1a: Gerald|Earthquake|p2a: Big Fish\n|-damage|p2a: Big Fish|89\/100 slp\n|\n|-heal|p2a: Big Fish|95\/100 slp|[from] item: Leftovers\n|-heal|p1a: Gerald|96\/100|[from] item: Leftovers\n|upkeep\n|turn|29\n|\n|t:|1700699477\n|switch|p2a: Thing 1|Azelf|88\/100\n|-damage|p2a: Thing 1|76\/100|[from] Stealth Rock\n|switch|p1a: Nasuada|Corviknight, F|100\/100\n|-ability|p1a: Nasuada|Pressure\n|\n|upkeep\n|turn|30\n|\n|t:|1700699485\n|move|p2a: Thing 1|Flamethrower|p1a: Nasuada\n|-supereffective|p1a: Nasuada\n|-damage|p1a: Nasuada|46\/100\n|move|p1a: Nasuada|U-turn|p2a: Thing 1\n|-supereffective|p2a: Thing 1\n|-damage|p2a: Thing 1|28\/100\n|\n|t:|1700699542\n|switch|p1a: Battousai|Samurott-Hisui, F|48\/100|[from] U-turn\n|\n|upkeep\n|turn|31\n|\n|t:|1700699565\n|move|p1a: Battousai|Aqua Jet|p2a: Thing 1\n|-damage|p2a: Thing 1|1\/100\n|move|p2a: Thing 1|U-turn|p1a: Battousai\n|-supereffective|p1a: Battousai\n|-damage|p1a: Battousai|2\/100\n|c|\u2606Galio is OU|wow\n|c|\u2606holmeslice|we love that\n|\n|t:|1700699592\n|switch|p2a: Big Horse|Glastrier|11\/100|[from] U-turn\n|-damage|p2a: Big Horse|0 fnt|[from] Spikes\n|faint|p2a: Big Horse\n|\n|upkeep\n|\n|t:|1700699598\n|switch|p2a: Big Smoke|Typhlosion-Hisui, M|96\/100\n|-damage|p2a: Big Smoke|79\/100|[from] Spikes\n|-damage|p2a: Big Smoke|55\/100|[from] Stealth Rock\n|-item|p1a: Battousai|Assault Vest|[from] ability: Frisk|[of] p2a: Big Smoke|[identify]\n|turn|32\n|\n|t:|1700699617\n|move|p1a: Battousai|Aqua Jet|p2a: Big Smoke\n|-supereffective|p2a: Big Smoke\n|-damage|p2a: Big Smoke|0 fnt\n|faint|p2a: Big Smoke\n|\n|upkeep\n|\n|t:|1700699623\n|switch|p2a: Thing 1|Azelf|1\/100\n|-damage|p2a: Thing 1|0 fnt|[from] Stealth Rock\n|faint|p2a: Thing 1\n|\n|t:|1700699627\n|switch|p2a: Big Fish|Dondozo, M, shiny|95\/100 slp\n|-damage|p2a: Big Fish|78\/100 slp|[from] Spikes\n|-damage|p2a: Big Fish|66\/100 slp|[from] Stealth Rock\n|turn|33\n|\n|t:|1700699652\n|move|p1a: Battousai|Sacred Sword|p2a: Big Fish\n|-damage|p2a: Big Fish|47\/100 slp\n|cant|p2a: Big Fish|slp\n|move|p2a: Big Fish|Sleep Talk|p2a: Big Fish\n|move|p2a: Big Fish|Rest||[from]move: Sleep Talk|[still]\n|-fail|p2a: Big Fish\n|\n|-heal|p2a: Big Fish|53\/100 slp|[from] item: Leftovers\n|upkeep\n|turn|34\n|\n|t:|1700699662\n|move|p1a: Battousai|Sacred Sword|p2a: Big Fish\n|-damage|p2a: Big Fish|34\/100 slp\n|cant|p2a: Big Fish|slp\n|move|p2a: Big Fish|Sleep Talk|p2a: Big Fish\n|move|p2a: Big Fish|Body Press|p1a: Battousai|[from]move: Sleep Talk\n|-supereffective|p1a: Battousai\n|-damage|p1a: Battousai|0 fnt\n|faint|p1a: Battousai\n|\n|-heal|p2a: Big Fish|40\/100 slp|[from] item: Leftovers\n|upkeep\n|\n|t:|1700699664\n|switch|p1a: Quasar|Landorus-Therian, M|67\/100\n|-ability|p1a: Quasar|Intimidate|boost\n|-unboost|p2a: Big Fish|atk|1\n|turn|35\n|\n|t:|1700699671\n|move|p1a: Quasar|Grass Knot|p2a: Big Fish\n|-supereffective|p2a: Big Fish\n|-damage|p2a: Big Fish|0 fnt\n|faint|p2a: Big Fish\n|\n|win|Galio is OU\n|c|\u2606Galio is OU|gg\n|c|\u2606holmeslice|gg\n|l|\u2606holmeslice\n","uploadtime":1700699927,"views":15,"p1id":"galioisou","p2id":"holmeslice","formatid":"gen9ou","rating":0,"private":0,"password":""}