{"id":"gen9ou-1999999373","p1":"gaelbrax","p2":"Thehombre","format":"[Gen 9] OU","log":"|j|\u2606gaelbrax\n|j|\u2606Thehombre\n|t:|1701139467\n|gametype|singles\n|player|p1|gaelbrax|beauty|1286\n|player|p2|Thehombre|101|1212\n|teamsize|p1|6\n|teamsize|p2|6\n|gen|9\n|tier|[Gen 9] OU\n|rated|\n|rule|Sleep Clause Mod: Limit one foe put to sleep\n|rule|Species Clause: Limit one of each Pok\u00e9mon\n|rule|OHKO Clause: OHKO moves are banned\n|rule|Evasion Items Clause: Evasion items are banned\n|rule|Evasion Moves Clause: Evasion moves are banned\n|rule|Endless Battle Clause: Forcing endless battles is banned\n|rule|HP Percentage Mod: HP is shown in percentages\n|clearpoke\n|poke|p1|Dragapult, F|\n|poke|p1|Clodsire, F|\n|poke|p1|Great Tusk|\n|poke|p1|Enamorus, F|\n|poke|p1|Samurott-Hisui, F|\n|poke|p1|Garganacl, F|\n|poke|p2|Kingambit, M|\n|poke|p2|Ninetales-Alola, M|\n|poke|p2|Samurott-Hisui, M|\n|poke|p2|Masquerain, F|\n|poke|p2|Manaphy|\n|poke|p2|Maushold-Four|\n|teampreview\n|inactive|Battle timer is ON: inactive players will automatically lose when time's up. (requested by Thehombre)\n|\n|t:|1701139488\n|start\n|switch|p1a: Dragapult|Dragapult, F, shiny|100\/100\n|switch|p2a: Kingambit|Kingambit, M|100\/100\n|turn|1\n|\n|t:|1701139515\n|switch|p1a: Great Tusk|Great Tusk, shiny|100\/100\n|move|p2a: Kingambit|Swords Dance|p2a: Kingambit\n|-boost|p2a: Kingambit|atk|2\n|\n|upkeep\n|turn|2\n|\n|t:|1701139527\n|-terastallize|p2a: Kingambit|Dark\n|move|p1a: Great Tusk|Headlong Rush|p2a: Kingambit\n|-damage|p2a: Kingambit|53\/100\n|-unboost|p1a: Great Tusk|def|1\n|-unboost|p1a: Great Tusk|spd|1\n|move|p2a: Kingambit|Kowtow Cleave|p1a: Great Tusk\n|-resisted|p1a: Great Tusk\n|-damage|p1a: Great Tusk|10\/100\n|-damage|p2a: Kingambit|37\/100|[from] item: Rocky Helmet|[of] p1a: Great Tusk\n|\n|upkeep\n|turn|3\n|inactive|gaelbrax has 120 seconds left.\n|\n|t:|1701139558\n|-end|p1a: Great Tusk|Protosynthesis|[silent]\n|switch|p1a: Samurott|Samurott-Hisui, F, shiny|100\/100\n|move|p2a: Kingambit|Sucker Punch||[still]\n|-fail|p2a: Kingambit\n|\n|upkeep\n|turn|4\n|\n|t:|1701139574\n|move|p1a: Samurott|Sacred Sword|p2a: Kingambit\n|-supereffective|p2a: Kingambit\n|-damage|p2a: Kingambit|0 fnt\n|faint|p2a: Kingambit\n|-end|p2a: Kingambit|fallenundefined|[silent]\n|\n|upkeep\n|\n|t:|1701139577\n|switch|p2a: Masquerain|Masquerain, F|100\/100\n|-ability|p2a: Masquerain|Intimidate|boost\n|-unboost|p1a: Samurott|atk|1\n|turn|5\n|\n|t:|1701139598\n|switch|p1a: Clodsire|Clodsire, F, shiny|100\/100\n|move|p2a: Masquerain|Sticky Web|p1a: Clodsire\n|-sidestart|p1: gaelbrax|move: Sticky Web\n|\n|upkeep\n|turn|6\n|\n|t:|1701139606\n|switch|p2a: Ninetales|Ninetales-Alola, M|100\/100\n|-weather|Snow|[from] ability: Snow Warning|[of] p2a: Ninetales\n|move|p1a: Clodsire|Stealth Rock|p2a: Ninetales\n|-sidestart|p2: Thehombre|move: Stealth Rock\n|\n|-weather|Snow|[upkeep]\n|upkeep\n|turn|7\n|\n|t:|1701139615\n|move|p2a: Ninetales|Misty Terrain|p2a: Ninetales\n|-fieldstart|move: Misty Terrain\n|move|p1a: Clodsire|Toxic|p2a: Ninetales\n|-activate|p2a: Ninetales|move: Misty Terrain\n|\n|-weather|Snow|[upkeep]\n|upkeep\n|turn|8\n|\n|t:|1701139632\n|switch|p1a: Garganacl|Garganacl, F, shiny|100\/100\n|-activate|p1a: Garganacl|move: Sticky Web\n|-unboost|p1a: Garganacl|spe|1\n|move|p2a: Ninetales|Aurora Veil|p2a: Ninetales\n|-sidestart|p2: Thehombre|move: Aurora Veil\n|\n|-weather|Snow|[upkeep]\n|upkeep\n|turn|9\n|\n|t:|1701139642\n|move|p2a: Ninetales|Blizzard|p1a: Garganacl\n|-damage|p1a: Garganacl|59\/100\n|move|p1a: Garganacl|Salt Cure|p2a: Ninetales\n|-supereffective|p2a: Ninetales\n|-damage|p2a: Ninetales|88\/100\n|-start|p2a: Ninetales|Salt Cure\n|\n|-weather|Snow|[upkeep]\n|-heal|p1a: Garganacl|65\/100|[from] item: Leftovers\n|-damage|p2a: Ninetales|75\/100|[from] Salt Cure\n|upkeep\n|turn|10\n|\n|t:|1701139649\n|switch|p2a: Samurott|Samurott-Hisui, M|100\/100\n|-damage|p2a: Samurott|88\/100|[from] Stealth Rock\n|move|p1a: Garganacl|Recover|p1a: Garganacl\n|-heal|p1a: Garganacl|100\/100\n|\n|-weather|none\n|upkeep\n|turn|11\n|inactive|gaelbrax has 90 seconds left.\n|\n|t:|1701139675\n|move|p2a: Samurott|Swords Dance|p2a: Samurott\n|-boost|p2a: Samurott|atk|2\n|move|p1a: Garganacl|Curse|p1a: Garganacl\n|-unboost|p1a: Garganacl|spe|1\n|-boost|p1a: Garganacl|atk|1\n|-boost|p1a: Garganacl|def|1\n|\n|-fieldend|Misty Terrain\n|upkeep\n|turn|12\n|inactive|gaelbrax has 90 seconds left.\n|\n|t:|1701139690\n|move|p2a: Samurott|Aqua Cutter|p1a: Garganacl\n|-supereffective|p1a: Garganacl\n|-damage|p1a: Garganacl|26\/100\n|move|p1a: Garganacl|Salt Cure|p2a: Samurott\n|-damage|p2a: Samurott|74\/100\n|-start|p2a: Samurott|Salt Cure\n|\n|-heal|p1a: Garganacl|32\/100|[from] item: Leftovers\n|-damage|p2a: Samurott|49\/100|[from] Salt Cure\n|upkeep\n|turn|13\n|inactive|gaelbrax has 90 seconds left.\n|\n|t:|1701139701\n|switch|p1a: Clodsire|Clodsire, F, shiny|100\/100\n|-activate|p1a: Clodsire|move: Sticky Web\n|-unboost|p1a: Clodsire|spe|1\n|move|p2a: Samurott|Ceaseless Edge|p1a: Clodsire\n|-damage|p1a: Clodsire|0 fnt\n|-sidestart|p1: gaelbrax|Spikes\n|faint|p1a: Clodsire\n|\n|-damage|p2a: Samurott|24\/100|[from] Salt Cure\n|upkeep\n|\n|t:|1701139731\n|switch|p1a: Great Tusk|Great Tusk, shiny|10\/100\n|-activate|p1a: Great Tusk|move: Sticky Web\n|-unboost|p1a: Great Tusk|spe|1\n|-damage|p1a: Great Tusk|0 fnt|[from] Spikes\n|faint|p1a: Great Tusk\n|-end|p1a: Great Tusk|Protosynthesis|[silent]\n|inactive|gaelbrax has 60 seconds left.\n|\n|t:|1701139748\n|switch|p1a: Dragapult|Dragapult, F, shiny|100\/100\n|-activate|p1a: Dragapult|move: Sticky Web\n|-unboost|p1a: Dragapult|spe|1\n|-damage|p1a: Dragapult|88\/100|[from] Spikes\n|turn|14\n|inactive|gaelbrax has 60 seconds left.\n|\n|t:|1701139758\n|move|p2a: Samurott|Ceaseless Edge|p1a: Dragapult\n|-supereffective|p1a: Dragapult\n|-damage|p1a: Dragapult|0 fnt\n|-sidestart|p1: gaelbrax|Spikes\n|faint|p1a: Dragapult\n|\n|-damage|p2a: Samurott|0 fnt|[from] Salt Cure\n|faint|p2a: Samurott\n|upkeep\n|inactive|gaelbrax has 60 seconds left.\n|\n|t:|1701139781\n|switch|p1a: Garganacl|Garganacl, F, shiny|32\/100\n|switch|p2a: Maushold|Maushold-Four|100\/100\n|-damage|p2a: Maushold|88\/100|[from] Stealth Rock\n|-activate|p1a: Garganacl|move: Sticky Web\n|-unboost|p1a: Garganacl|spe|1\n|-damage|p1a: Garganacl|16\/100|[from] Spikes\n|turn|15\n|\n|t:|1701139794\n|move|p2a: Maushold|Low Kick|p1a: Garganacl\n|-supereffective|p1a: Garganacl\n|-damage|p1a: Garganacl|0 fnt\n|faint|p1a: Garganacl\n|\n|-sideend|p2: Thehombre|move: Aurora Veil\n|upkeep\n|\n|t:|1701139804\n|switch|p1a: Samurott|Samurott-Hisui, F, shiny|100\/100\n|-activate|p1a: Samurott|move: Sticky Web\n|-unboost|p1a: Samurott|spe|1\n|-damage|p1a: Samurott|84\/100|[from] Spikes\n|turn|16\n|\n|t:|1701139817\n|move|p2a: Maushold|Population Bomb|p1a: Samurott\n|-damage|p1a: Samurott|67\/100\n|-crit|p1a: Samurott\n|-damage|p1a: Samurott|43\/100\n|-damage|p1a: Samurott|25\/100\n|-damage|p1a: Samurott|9\/100\n|-damage|p1a: Samurott|0 fnt\n|faint|p1a: Samurott\n|-hitcount|p1: Samurott|5\n|\n|upkeep\n|\n|t:|1701139824\n|switch|p1a: Enamorus|Enamorus, F, shiny|100\/100\n|turn|17\n|\n|t:|1701139832\n|move|p1a: Enamorus|Moonblast|p2a: Maushold\n|-damage|p2a: Maushold|16\/100\n|-unboost|p2a: Maushold|spa|1\n|move|p2a: Maushold|Population Bomb|p1a: Enamorus\n|-damage|p1a: Enamorus|78\/100\n|-damage|p1a: Enamorus|59\/100\n|-damage|p1a: Enamorus|36\/100\n|-damage|p1a: Enamorus|16\/100\n|-damage|p1a: Enamorus|0 fnt\n|faint|p1a: Enamorus\n|-hitcount|p1: Enamorus|5\n|\n|win|Thehombre\n|raw|gaelbrax's rating: 1286 &rarr; <strong>1256<\/strong><br \/>(-30 for losing)\n|raw|Thehombre's rating: 1212 &rarr; <strong>1242<\/strong><br \/>(+30 for winning)\n|l|\u2606gaelbrax\n","uploadtime":1701139846,"views":2,"p1id":"gaelbrax","p2id":"thehombre","formatid":"gen9ou","rating":1242,"private":0,"password":""}