{"id":"gen9ou-1994595944","p1":"Teisla","p2":"Bakitaladelbarrio","format":"[Gen 9] OU","log":"|j|\u2606Teisla\n|j|\u2606Bakitaladelbarrio\n|t:|1700466447\n|gametype|singles\n|player|p1|Teisla|hilbert|1444\n|player|p2|Bakitaladelbarrio|colress|1425\n|teamsize|p1|6\n|teamsize|p2|6\n|gen|9\n|tier|[Gen 9] OU\n|rated|\n|rule|Sleep Clause Mod: Limit one foe put to sleep\n|rule|Species Clause: Limit one of each Pok\u00e9mon\n|rule|OHKO Clause: OHKO moves are banned\n|rule|Evasion Items Clause: Evasion items are banned\n|rule|Evasion Moves Clause: Evasion moves are banned\n|rule|Endless Battle Clause: Forcing endless battles is banned\n|rule|HP Percentage Mod: HP is shown in percentages\n|clearpoke\n|poke|p1|Glimmora, M|\n|poke|p1|Gholdengo|\n|poke|p1|Ogerpon-Wellspring, F|\n|poke|p1|Kingambit, M|\n|poke|p1|Iron Moth|\n|poke|p1|Enamorus, F|\n|poke|p2|Okidogi, M|\n|poke|p2|Corviknight, F|\n|poke|p2|Hoopa-Unbound|\n|poke|p2|Sinistcha-Masterpiece|\n|poke|p2|Cinderace, M|\n|poke|p2|Slowking-Galar, F|\n|teampreview\n|inactive|Battle timer is ON: inactive players will automatically lose when time's up. (requested by Bakitaladelbarrio)\n|\n|t:|1700466451\n|start\n|switch|p1a: Glimmora|Glimmora, M|100\/100\n|switch|p2a: Hoopa|Hoopa-Unbound|100\/100\n|turn|1\n|\n|t:|1700466458\n|move|p1a: Glimmora|Stealth Rock|p2a: Hoopa\n|-sidestart|p2: Bakitaladelbarrio|move: Stealth Rock\n|move|p2a: Hoopa|Psychic|p1a: Glimmora\n|-supereffective|p1a: Glimmora\n|-enditem|p1a: Glimmora|Focus Sash\n|-damage|p1a: Glimmora|1\/100\n|\n|upkeep\n|turn|2\n|\n|t:|1700466469\n|switch|p2a: Corviknight|Corviknight, F|100\/100\n|-damage|p2a: Corviknight|88\/100|[from] Stealth Rock\n|-ability|p2a: Corviknight|Pressure\n|move|p1a: Glimmora|Mortal Spin|p2a: Corviknight\n|-immune|p2a: Corviknight\n|\n|-heal|p2a: Corviknight|94\/100|[from] item: Leftovers\n|upkeep\n|turn|3\n|\n|t:|1700466480\n|switch|p1a: Gholdengo|Gholdengo|100\/100\n|-item|p1a: Gholdengo|Air Balloon\n|move|p2a: Corviknight|U-turn|p1a: Gholdengo\n|-resisted|p1a: Gholdengo\n|-damage|p1a: Gholdengo|97\/100\n|-enditem|p1a: Gholdengo|Air Balloon\n|\n|t:|1700466487\n|switch|p2a: Cinderace|Cinderace, M|100\/100|[from] U-turn\n|\n|upkeep\n|turn|4\n|\n|t:|1700466493\n|switch|p1a: Glimmora|Glimmora, M|1\/100\n|move|p2a: Cinderace|Court Change|p2a: Cinderace\n|-start|p2a: Cinderace|typechange|Normal|[from] ability: Libero\n|-swapsideconditions\n|-activate|p2a: Cinderace|move: Court Change\n|\n|upkeep\n|turn|5\n|\n|t:|1700466500\n|move|p2a: Cinderace|U-turn|p1a: Glimmora\n|-resisted|p1a: Glimmora\n|-crit|p1a: Glimmora\n|-damage|p1a: Glimmora|0 fnt\n|-activate|p1a: Glimmora|ability: Toxic Debris\n|-sidestart|p2: Bakitaladelbarrio|move: Toxic Spikes\n|faint|p1a: Glimmora\n|\n|t:|1700466506\n|switch|p2a: Slowking|Slowking-Galar, F|100\/100|[from] U-turn\n|-sideend|p2: Bakitaladelbarrio|move: Toxic Spikes|[of] p2a: Slowking\n|\n|upkeep\n|\n|t:|1700466510\n|switch|p1a: Kingambit|Kingambit, M|100\/100\n|-damage|p1a: Kingambit|94\/100|[from] Stealth Rock\n|-activate|p1a: Kingambit|ability: Supreme Overlord\n|-start|p1a: Kingambit|fallen1|[silent]\n|turn|6\n|\n|t:|1700466518\n|switch|p2a: Corviknight|Corviknight, F|94\/100\n|-ability|p2a: Corviknight|Pressure\n|move|p1a: Kingambit|Kowtow Cleave|p2a: Corviknight\n|-damage|p2a: Corviknight|56\/100\n|\n|-heal|p2a: Corviknight|62\/100|[from] item: Leftovers\n|upkeep\n|turn|7\n|\n|t:|1700466528\n|-end|p1a: Kingambit|fallen1|[silent]\n|switch|p1a: Gholdengo|Gholdengo|97\/100\n|-damage|p1a: Gholdengo|91\/100|[from] Stealth Rock\n|move|p2a: Corviknight|Roost|p2a: Corviknight\n|-heal|p2a: Corviknight|100\/100\n|-singleturn|p2a: Corviknight|move: Roost\n|\n|upkeep\n|turn|8\n|\n|t:|1700466537\n|switch|p2a: Hoopa|Hoopa-Unbound|100\/100\n|move|p1a: Gholdengo|Nasty Plot|p1a: Gholdengo\n|-boost|p1a: Gholdengo|spa|2\n|\n|upkeep\n|turn|9\n|\n|t:|1700466545\n|move|p1a: Gholdengo|Make It Rain|p2a: Hoopa\n|-damage|p2a: Hoopa|27\/100\n|-unboost|p1a: Gholdengo|spa|1\n|move|p2a: Hoopa|Hyperspace Fury|p1a: Gholdengo\n|-supereffective|p1a: Gholdengo\n|-damage|p1a: Gholdengo|0 fnt\n|-unboost|p2a: Hoopa|def|1\n|faint|p1a: Gholdengo\n|\n|upkeep\n|\n|t:|1700466560\n|switch|p1a: Iron Moth|Iron Moth|100\/100\n|-damage|p1a: Iron Moth|76\/100|[from] Stealth Rock\n|-enditem|p1a: Iron Moth|Booster Energy\n|-activate|p1a: Iron Moth|ability: Quark Drive|[fromitem]\n|-start|p1a: Iron Moth|quarkdrivespe\n|turn|10\n|\n|t:|1700466566\n|move|p1a: Iron Moth|Fiery Dance|p2a: Hoopa\n|-damage|p2a: Hoopa|4\/100\n|-boost|p1a: Iron Moth|spa|1\n|move|p2a: Hoopa|Psychic|p1a: Iron Moth\n|-supereffective|p1a: Iron Moth\n|-damage|p1a: Iron Moth|0 fnt\n|faint|p1a: Iron Moth\n|-end|p1a: Iron Moth|Quark Drive|[silent]\n|\n|upkeep\n|\n|t:|1700466576\n|switch|p1a: Ogerpon|Ogerpon-Wellspring, F|100\/100\n|-damage|p1a: Ogerpon|88\/100|[from] Stealth Rock\n|turn|11\n|\n|t:|1700466580\n|switch|p2a: Sinistcha|Sinistcha-Masterpiece|100\/100\n|move|p1a: Ogerpon|Ivy Cudgel|p2a: Sinistcha|[anim] Ivy Cudgel Water\n|-resisted|p2a: Sinistcha\n|-damage|p2a: Sinistcha|72\/100\n|\n|-heal|p2a: Sinistcha|78\/100|[from] item: Leftovers\n|upkeep\n|turn|12\n|\n|t:|1700466592\n|move|p1a: Ogerpon|Swords Dance|p1a: Ogerpon\n|-boost|p1a: Ogerpon|atk|2\n|move|p2a: Sinistcha|Matcha Gotcha|p1a: Ogerpon\n|-damage|p1a: Ogerpon|40\/100\n|-heal|p2a: Sinistcha|99\/100|[from] drain|[of] p1a: Ogerpon\n|\n|-heal|p2a: Sinistcha|100\/100|[from] item: Leftovers\n|upkeep\n|turn|13\n|\n|t:|1700466603\n|move|p1a: Ogerpon|Power Whip|p2a: Sinistcha|[miss]\n|-miss|p1a: Ogerpon|p2a: Sinistcha\n|move|p2a: Sinistcha|Matcha Gotcha|p1a: Ogerpon\n|-damage|p1a: Ogerpon|0 fnt\n|faint|p1a: Ogerpon\n|\n|upkeep\n|\n|t:|1700466611\n|switch|p1a: Kingambit|Kingambit, M|94\/100\n|-damage|p1a: Kingambit|88\/100|[from] Stealth Rock\n|-activate|p1a: Kingambit|ability: Supreme Overlord\n|-start|p1a: Kingambit|fallen4|[silent]\n|turn|14\n|\n|t:|1700466617\n|move|p2a: Sinistcha|Matcha Gotcha|p1a: Kingambit\n|-resisted|p1a: Kingambit\n|-crit|p1a: Kingambit\n|-damage|p1a: Kingambit|52\/100\n|move|p1a: Kingambit|Kowtow Cleave|p2a: Sinistcha\n|-supereffective|p2a: Sinistcha\n|-damage|p2a: Sinistcha|0 fnt\n|faint|p2a: Sinistcha\n|\n|upkeep\n|\n|t:|1700466627\n|switch|p2a: Okidogi|Okidogi, M|100\/100\n|turn|15\n|c|\u2606Teisla|i think i lost, but i will fight til the end\n|\n|t:|1700466651\n|-terastallize|p1a: Kingambit|Fire\n|move|p2a: Okidogi|Drain Punch|p1a: Kingambit\n|-damage|p1a: Kingambit|22\/100\n|move|p1a: Kingambit|Iron Head|p2a: Okidogi\n|-damage|p2a: Okidogi|45\/100\n|\n|-heal|p2a: Okidogi|51\/100|[from] item: Leftovers\n|upkeep\n|turn|16\n|\n|t:|1700466662\n|move|p1a: Kingambit|Sucker Punch|p2a: Okidogi\n|-resisted|p2a: Okidogi\n|-damage|p2a: Okidogi|26\/100\n|move|p2a: Okidogi|Drain Punch|p1a: Kingambit\n|-damage|p1a: Kingambit|0 fnt\n|-heal|p2a: Okidogi|37\/100|[from] drain|[of] p1a: Kingambit\n|faint|p1a: Kingambit\n|-end|p1a: Kingambit|fallen4|[silent]\n|\n|-heal|p2a: Okidogi|43\/100|[from] item: Leftovers\n|upkeep\n|\n|t:|1700466671\n|switch|p1a: Enamorus|Enamorus, F|100\/100\n|-damage|p1a: Enamorus|76\/100|[from] Stealth Rock\n|turn|17\n|\n|t:|1700466677\n|switch|p2a: Corviknight|Corviknight, F|100\/100\n|-ability|p2a: Corviknight|Pressure\n|move|p1a: Enamorus|Moonblast|p2a: Corviknight\n|-resisted|p2a: Corviknight\n|-damage|p2a: Corviknight|76\/100\n|\n|-heal|p2a: Corviknight|82\/100|[from] item: Leftovers\n|upkeep\n|turn|18\n|\n|t:|1700466687\n|move|p1a: Enamorus|Moonblast|p2a: Corviknight\n|-resisted|p2a: Corviknight\n|-damage|p2a: Corviknight|58\/100\n|-unboost|p2a: Corviknight|spa|1\n|move|p2a: Corviknight|Brave Bird|p1a: Enamorus\n|-damage|p1a: Enamorus|15\/100\n|-damage|p2a: Corviknight|43\/100|[from] Recoil\n|\n|-heal|p2a: Corviknight|49\/100|[from] item: Leftovers\n|upkeep\n|turn|19\n|\n|t:|1700466698\n|move|p1a: Enamorus|Moonblast|p2a: Corviknight\n|-resisted|p2a: Corviknight\n|-damage|p2a: Corviknight|25\/100\n|move|p2a: Corviknight|Brave Bird|p1a: Enamorus\n|-damage|p1a: Enamorus|0 fnt\n|faint|p1a: Enamorus\n|-damage|p2a: Corviknight|21\/100|[from] Recoil\n|\n|win|Bakitaladelbarrio\n|raw|Teisla's rating: 1444 &rarr; <strong>1423<\/strong><br \/>(-21 for losing)\n|raw|Bakitaladelbarrio's rating: 1425 &rarr; <strong>1446<\/strong><br \/>(+21 for winning)\n|c|\u2606Teisla|gg\n","uploadtime":1700466708,"views":10,"p1id":"teisla","p2id":"bakitaladelbarrio","formatid":"gen9ou","rating":1423,"private":0,"password":""}