{"id":"gen9ou-1991733522","p1":"defnotapenguin","p2":"gamb_over","format":"[Gen 9] OU","log":"|j|\u2606defnotapenguin\n|j|\u2606gamb_over\n|t:|1700108455\n|gametype|singles\n|player|p1|defnotapenguin|cameraman|\n|player|p2|gamb_over|biker-gen4|\n|teamsize|p1|6\n|teamsize|p2|6\n|gen|9\n|tier|[Gen 9] OU\n|rule|Sleep Clause Mod: Limit one foe put to sleep\n|rule|Species Clause: Limit one of each Pok\u00e9mon\n|rule|OHKO Clause: OHKO moves are banned\n|rule|Evasion Items Clause: Evasion items are banned\n|rule|Evasion Moves Clause: Evasion moves are banned\n|rule|Endless Battle Clause: Forcing endless battles is banned\n|rule|HP Percentage Mod: HP is shown in percentages\n|clearpoke\n|poke|p1|Alomomola, M|\n|poke|p1|Samurott-Hisui, M|\n|poke|p1|Breloom, M|\n|poke|p1|Ceruledge, F|\n|poke|p1|Landorus-Therian, M|\n|poke|p1|Dragonite, F|\n|poke|p2|Ribombee, M|\n|poke|p2|Manaphy|\n|poke|p2|Iron Moth|\n|poke|p2|Kingambit, F|\n|poke|p2|Gholdengo|\n|poke|p2|Breloom, M|\n|teampreview\n|inactive|Battle timer is ON: inactive players will automatically lose when time's up. (requested by defnotapenguin)\n|c|\u2606defnotapenguin|hey\n|c|\u2606gamb_over|SUP\n|\n|t:|1700108479\n|start\n|switch|p1a: Alomomola|Alomomola, M|100\/100\n|switch|p2a: WEB META|Ribombee, M|100\/100\n|turn|1\n|c|\u2606gamb_over|I AM GOD\n|c|\u2606defnotapenguin|ok lol\n|\n|t:|1700108489\n|move|p2a: WEB META|Sticky Web|p1a: Alomomola\n|-sidestart|p1: defnotapenguin|move: Sticky Web\n|move|p1a: Alomomola|Flip Turn|p2a: WEB META\n|-damage|p2a: WEB META|72\/100\n|\n|t:|1700108503\n|switch|p1a: Dragonite|Dragonite, F|100\/100|[from] Flip Turn\n|\n|upkeep\n|turn|2\n|c|\u2606defnotapenguin|oh i just realized i changed out my hazard dealer\n|c|\u2606defnotapenguin|:\\\n|\n|t:|1700108522\n|-terastallize|p1a: Dragonite|Normal\n|move|p2a: WEB META|Moonblast|p1a: Dragonite\n|-damage|p1a: Dragonite|78\/100\n|move|p1a: Dragonite|Fire Punch|p2a: WEB META\n|-supereffective|p2a: WEB META\n|-crit|p2a: WEB META\n|-damage|p2a: WEB META|0 fnt\n|faint|p2a: WEB META\n|\n|upkeep\n|\n|t:|1700108541\n|switch|p2a: Wellspringphy|Manaphy|100\/100\n|turn|3\n|\n|t:|1700108549\n|switch|p1a: Breloom|Breloom, M|100\/100\n|-activate|p1a: Breloom|move: Sticky Web\n|-unboost|p1a: Breloom|spe|1\n|move|p2a: Wellspringphy|Tail Glow|p2a: Wellspringphy\n|-boost|p2a: Wellspringphy|spa|3\n|\n|-status|p1a: Breloom|tox|[from] item: Toxic Orb\n|upkeep\n|turn|4\n|c|\u2606defnotapenguin|oh ruh roh\n|\n|t:|1700108560\n|move|p2a: Wellspringphy|Ice Beam|p1a: Breloom\n|-supereffective|p1a: Breloom\n|-damage|p1a: Breloom|0 fnt\n|faint|p1a: Breloom\n|\n|upkeep\n|c|\u2606gamb_over|On god\n|j| wolkicake\n|\n|t:|1700108571\n|switch|p1a: Dragonite|Dragonite, F, tera:Normal|78\/100\n|-activate|p1a: Dragonite|move: Sticky Web\n|-unboost|p1a: Dragonite|spe|1\n|turn|5\n|\n|t:|1700108580\n|move|p1a: Dragonite|Extreme Speed|p2a: Wellspringphy\n|-damage|p2a: Wellspringphy|39\/100\n|move|p2a: Wellspringphy|Surf|p1a: Dragonite\n|-damage|p1a: Dragonite|0 fnt\n|faint|p1a: Dragonite\n|\n|-heal|p2a: Wellspringphy|45\/100|[from] item: Leftovers\n|upkeep\n|c|\u2606defnotapenguin|ruh roh\n|c|\u2606defnotapenguin|RUH ROH\n|c|\u2606gamb_over|RUH RO RAG\n|c|\u2606defnotapenguin|RAHJNFLSADHFLKSAJDH\n|\n|t:|1700108590\n|switch|p1a: Samurott|Samurott-Hisui, M|100\/100\n|-activate|p1a: Samurott|move: Sticky Web\n|-unboost|p1a: Samurott|spe|1\n|turn|6\n|c|\u2606gamb_over|AAAAAAAAA\n|l| wolkicake\n|c|\u2606gamb_over|MOHAAAA\n|\n|t:|1700108603\n|move|p2a: Wellspringphy|Energy Ball|p1a: Samurott\n|-supereffective|p1a: Samurott\n|-damage|p1a: Samurott|0 fnt\n|faint|p1a: Samurott\n|\n|-heal|p2a: Wellspringphy|51\/100|[from] item: Leftovers\n|upkeep\n|c|\u2606defnotapenguin|AHHHHHHHHHHHH\n|\n|t:|1700108616\n|switch|p1a: Alomomola|Alomomola, M|100\/100\n|turn|7\n|\n|t:|1700108621\n|move|p2a: Wellspringphy|Energy Ball|p1a: Alomomola\n|-supereffective|p1a: Alomomola\n|-damage|p1a: Alomomola|0 fnt\n|faint|p1a: Alomomola\n|\n|-heal|p2a: Wellspringphy|57\/100|[from] item: Leftovers\n|upkeep\n|\n|t:|1700108628\n|switch|p1a: Landorus|Landorus-Therian, M|100\/100\n|-ability|p1a: Landorus|Intimidate|boost\n|-unboost|p2a: Wellspringphy|atk|1\n|turn|8\n|c|\u2606defnotapenguin|uhlashdbfklahsbflkhsadgf\n|\n|t:|1700108636\n|move|p1a: Landorus|Grass Knot|p2a: Wellspringphy\n|-supereffective|p2a: Wellspringphy\n|-damage|p2a: Wellspringphy|49\/100\n|move|p2a: Wellspringphy|Surf|p1a: Landorus\n|-supereffective|p1a: Landorus\n|-damage|p1a: Landorus|0 fnt\n|faint|p1a: Landorus\n|\n|-heal|p2a: Wellspringphy|55\/100|[from] item: Leftovers\n|upkeep\n|c|\u2606defnotapenguin|WHAT\n|\n|t:|1700108645\n|switch|p1a: Ceruledge|Ceruledge, F|100\/100\n|-activate|p1a: Ceruledge|move: Sticky Web\n|-unboost|p1a: Ceruledge|spe|1\n|turn|9\n|c|\u2606gamb_over|manaphy is a little baby\n|c|\u2606gamb_over|he doesnt weigh anything\n|c|\u2606defnotapenguin|oh\n|c|\u2606defnotapenguin|yea\n|c|\u2606gamb_over|how u gonna trip a baby\n|\n|t:|1700108657\n|move|p1a: Ceruledge|Shadow Sneak|p2a: Wellspringphy\n|-damage|p2a: Wellspringphy|42\/100\n|move|p2a: Wellspringphy|Surf|p1a: Ceruledge\n|-supereffective|p1a: Ceruledge\n|-enditem|p1a: Ceruledge|Focus Sash\n|-damage|p1a: Ceruledge|1\/100\n|\n|-heal|p2a: Wellspringphy|48\/100|[from] item: Leftovers\n|upkeep\n|turn|10\n|\n|t:|1700108667\n|move|p2a: Wellspringphy|Surf|p1a: Ceruledge\n|-supereffective|p1a: Ceruledge\n|-damage|p1a: Ceruledge|0 fnt\n|faint|p1a: Ceruledge\n|\n|win|gamb_over\n|c|\u2606gamb_over|gg\n|c|\u2606defnotapenguin|sdfkjbasldhfb\n|c|\u2606defnotapenguin|gg\n","uploadtime":1700108721,"views":8,"p1id":"defnotapenguin","p2id":"gambover","formatid":"gen9ou","rating":0,"private":0,"password":""}