{"id":"gen9ou-1995804293","p1":"PLAYB0I R0BBIE B","p2":"Centric07","format":"[Gen 9] OU","log":"|j|\u2606PLAYB0I R0BBIE B\n|j|\u2606Centric07\n|t:|1700604775\n|gametype|singles\n|player|p1|PLAYB0I R0BBIE B|eusine|1404\n|player|p2|Centric07|veteran|1339\n|teamsize|p1|6\n|teamsize|p2|6\n|gen|9\n|tier|[Gen 9] OU\n|rated|\n|rule|Sleep Clause Mod: Limit one foe put to sleep\n|rule|Species Clause: Limit one of each Pok\u00e9mon\n|rule|OHKO Clause: OHKO moves are banned\n|rule|Evasion Items Clause: Evasion items are banned\n|rule|Evasion Moves Clause: Evasion moves are banned\n|rule|Endless Battle Clause: Forcing endless battles is banned\n|rule|HP Percentage Mod: HP is shown in percentages\n|clearpoke\n|poke|p1|Meowscarada, F|\n|poke|p1|Heatran, F|\n|poke|p1|Thundurus-Therian, M|\n|poke|p1|Dragapult, F|\n|poke|p1|Great Tusk|\n|poke|p1|Azumarill, F|\n|poke|p2|Rillaboom, M|\n|poke|p2|Ceruledge, F|\n|poke|p2|Scizor, F|\n|poke|p2|Cinderace, F|\n|poke|p2|Dragapult, M|\n|poke|p2|Rotom-Wash|\n|teampreview\n|inactive|Battle timer is ON: inactive players will automatically lose when time's up. (requested by Centric07)\n|\n|t:|1700604792\n|start\n|switch|p1a: ASTROTHUNDER|Thundurus-Therian, M|100\/100\n|switch|p2a: Washington|Rotom-Wash|100\/100\n|turn|1\n|\n|t:|1700604804\n|switch|p2a: Luffy|Rillaboom, M|100\/100\n|-fieldstart|move: Grassy Terrain|[from] ability: Grassy Surge|[of] p2a: Luffy\n|move|p1a: ASTROTHUNDER|Volt Switch|p2a: Luffy\n|-resisted|p2a: Luffy\n|-damage|p2a: Luffy|64\/100\n|\n|t:|1700604832\n|switch|p1a: NO BYSTANDERS|Dragapult, F|100\/100|[from] Volt Switch\n|\n|-heal|p2a: Luffy|70\/100|[from] Grassy Terrain\n|upkeep\n|turn|2\n|\n|t:|1700604835\n|move|p1a: NO BYSTANDERS|U-turn|p2a: Luffy\n|-supereffective|p2a: Luffy\n|-damage|p2a: Luffy|26\/100\n|\n|t:|1700604839\n|switch|p1a: ASTROTHUNDER|Thundurus-Therian, M|100\/100|[from] U-turn\n|move|p2a: Luffy|Knock Off|p1a: ASTROTHUNDER\n|-damage|p1a: ASTROTHUNDER|30\/100\n|-enditem|p1a: ASTROTHUNDER|Choice Specs|[from] move: Knock Off|[of] p2a: Luffy\n|-damage|p2a: Luffy|16\/100|[from] item: Life Orb\n|\n|-heal|p2a: Luffy|22\/100|[from] Grassy Terrain\n|upkeep\n|turn|3\n|\n|t:|1700604849\n|move|p2a: Luffy|Grassy Glide|p1a: ASTROTHUNDER\n|-resisted|p1a: ASTROTHUNDER\n|-damage|p1a: ASTROTHUNDER|0 fnt\n|faint|p1a: ASTROTHUNDER\n|-damage|p2a: Luffy|12\/100|[from] item: Life Orb\n|\n|-heal|p2a: Luffy|18\/100|[from] Grassy Terrain\n|upkeep\n|\n|t:|1700604854\n|switch|p1a: SICKO MODE|Meowscarada, F|100\/100\n|turn|4\n|\n|t:|1700604857\n|move|p1a: SICKO MODE|U-turn|p2a: Luffy\n|-start|p1a: SICKO MODE|typechange|Bug|[from] ability: Protean\n|-supereffective|p2a: Luffy\n|-damage|p2a: Luffy|0 fnt\n|faint|p2a: Luffy\n|\n|t:|1700604873\n|switch|p1a: NO BYSTANDERS|Dragapult, F|100\/100|[from] U-turn\n|\n|upkeep\n|\n|t:|1700604885\n|switch|p2a: Spectra|Dragapult, M|100\/100\n|turn|5\n|\n|t:|1700604889\n|-terastallize|p1a: NO BYSTANDERS|Fairy\n|move|p2a: Spectra|Shadow Ball|p1a: NO BYSTANDERS\n|-damage|p1a: NO BYSTANDERS|24\/100\n|-unboost|p1a: NO BYSTANDERS|spd|1\n|move|p1a: NO BYSTANDERS|Draco Meteor|p2a: Spectra\n|-supereffective|p2a: Spectra\n|-damage|p2a: Spectra|0 fnt\n|-unboost|p1a: NO BYSTANDERS|spa|2\n|faint|p2a: Spectra\n|\n|-heal|p1a: NO BYSTANDERS|30\/100|[from] Grassy Terrain\n|-fieldend|move: Grassy Terrain\n|upkeep\n|\n|t:|1700604898\n|switch|p2a: Zero|Ceruledge, F|100\/100\n|turn|6\n|\n|t:|1700604904\n|switch|p1a: CAN'T SAY|Azumarill, F|100\/100\n|move|p2a: Zero|Bulk Up|p2a: Zero\n|-boost|p2a: Zero|atk|1\n|-boost|p2a: Zero|def|1\n|\n|upkeep\n|turn|7\n|\n|t:|1700604908\n|-terastallize|p2a: Zero|Grass\n|move|p2a: Zero|Tera Blast|p1a: CAN'T SAY|[anim] Tera Blast Grass\n|-supereffective|p1a: CAN'T SAY\n|-damage|p1a: CAN'T SAY|0 fnt\n|faint|p1a: CAN'T SAY\n|\n|upkeep\n|\n|t:|1700604916\n|switch|p1a: SICKO MODE|Meowscarada, F|100\/100\n|turn|8\n|\n|t:|1700604917\n|move|p1a: SICKO MODE|U-turn|p2a: Zero\n|-start|p1a: SICKO MODE|typechange|Bug|[from] ability: Protean\n|-supereffective|p2a: Zero\n|-damage|p2a: Zero|32\/100\n|\n|t:|1700604923\n|switch|p1a: NO BYSTANDERS|Dragapult, F, tera:Fairy|30\/100|[from] U-turn\n|move|p2a: Zero|Bitter Blade|p1a: NO BYSTANDERS\n|-damage|p1a: NO BYSTANDERS|0 fnt\n|-heal|p2a: Zero|45\/100|[from] drain|[of] p1a: NO BYSTANDERS\n|faint|p1a: NO BYSTANDERS\n|\n|-heal|p2a: Zero|52\/100|[from] item: Leftovers\n|upkeep\n|\n|t:|1700604925\n|switch|p1a: SICKO MODE|Meowscarada, F|100\/100\n|turn|9\n|\n|t:|1700604932\n|move|p1a: SICKO MODE|U-turn|p2a: Zero\n|-start|p1a: SICKO MODE|typechange|Bug|[from] ability: Protean\n|-supereffective|p2a: Zero\n|-damage|p2a: Zero|0 fnt\n|faint|p2a: Zero\n|\n|t:|1700604935\n|switch|p1a: YOSEMITE|Great Tusk|100\/100|[from] U-turn\n|\n|upkeep\n|\n|t:|1700604943\n|switch|p2a: Washington|Rotom-Wash|100\/100\n|turn|10\n|\n|t:|1700604959\n|-end|p1a: YOSEMITE|Protosynthesis|[silent]\n|switch|p1a: SICKO MODE|Meowscarada, F|100\/100\n|move|p2a: Washington|Trick|p1a: SICKO MODE\n|-activate|p2a: Washington|move: Trick|[of] p1a: SICKO MODE\n|-item|p1a: SICKO MODE|Choice Scarf|[from] move: Trick\n|-item|p2a: Washington|Choice Band|[from] move: Trick\n|\n|upkeep\n|turn|11\n|\n|t:|1700604984\n|switch|p2a: Scarlett|Scizor, F|100\/100\n|move|p1a: SICKO MODE|Knock Off|p2a: Scarlett\n|-start|p1a: SICKO MODE|typechange|Dark|[from] ability: Protean\n|-damage|p2a: Scarlett|61\/100\n|-enditem|p2a: Scarlett|Choice Band|[from] move: Knock Off|[of] p1a: SICKO MODE\n|\n|upkeep\n|turn|12\n|\n|t:|1700604991\n|switch|p1a: YOSEMITE|Great Tusk|100\/100\n|move|p2a: Scarlett|U-turn|p1a: YOSEMITE\n|-resisted|p1a: YOSEMITE\n|-damage|p1a: YOSEMITE|85\/100\n|\n|t:|1700604999\n|switch|p2a: Rooney|Cinderace, F|100\/100|[from] U-turn\n|\n|upkeep\n|turn|13\n|\n|t:|1700605003\n|move|p2a: Rooney|Will-O-Wisp|p1a: YOSEMITE\n|-status|p1a: YOSEMITE|brn\n|move|p1a: YOSEMITE|Headlong Rush|p2a: Rooney\n|-supereffective|p2a: Rooney\n|-damage|p2a: Rooney|6\/100\n|-unboost|p1a: YOSEMITE|def|1\n|-unboost|p1a: YOSEMITE|spd|1\n|\n|-damage|p1a: YOSEMITE|79\/100 brn|[from] brn\n|upkeep\n|turn|14\n|\n|t:|1700605012\n|move|p2a: Rooney|Pyro Ball|p1a: YOSEMITE\n|-damage|p1a: YOSEMITE|13\/100 brn\n|move|p1a: YOSEMITE|Rapid Spin|p2a: Rooney\n|-damage|p2a: Rooney|0 fnt\n|-boost|p1a: YOSEMITE|spe|1\n|faint|p2a: Rooney\n|\n|-damage|p1a: YOSEMITE|7\/100 brn|[from] brn\n|upkeep\n|\n|t:|1700605020\n|switch|p2a: Scarlett|Scizor, F|61\/100\n|turn|15\n|\n|t:|1700605027\n|move|p1a: YOSEMITE|Close Combat|p2a: Scarlett\n|-damage|p2a: Scarlett|33\/100\n|-unboost|p1a: YOSEMITE|def|1\n|-unboost|p1a: YOSEMITE|spd|1\n|move|p2a: Scarlett|U-turn|p1a: YOSEMITE\n|-resisted|p1a: YOSEMITE\n|-damage|p1a: YOSEMITE|0 fnt\n|faint|p1a: YOSEMITE\n|-end|p1a: YOSEMITE|Protosynthesis|[silent]\n|\n|t:|1700605030\n|switch|p2a: Washington|Rotom-Wash|100\/100|[from] U-turn\n|\n|upkeep\n|\n|t:|1700605034\n|switch|p1a: SICKO MODE|Meowscarada, F|100\/100\n|turn|16\n|\n|t:|1700605036\n|switch|p2a: Scarlett|Scizor, F|33\/100\n|move|p1a: SICKO MODE|Flower Trick|p2a: Scarlett\n|-start|p1a: SICKO MODE|typechange|Grass|[from] ability: Protean\n|-resisted|p2a: Scarlett\n|-crit|p2a: Scarlett\n|-damage|p2a: Scarlett|21\/100\n|\n|upkeep\n|turn|17\n|\n|t:|1700605044\n|switch|p1a: 5% TINT|Heatran, F|100\/100\n|-item|p1a: 5% TINT|Air Balloon\n|move|p2a: Scarlett|U-turn|p1a: 5% TINT\n|-resisted|p1a: 5% TINT\n|-damage|p1a: 5% TINT|92\/100\n|-enditem|p1a: 5% TINT|Air Balloon\n|\n|t:|1700605046\n|switch|p2a: Washington|Rotom-Wash|100\/100|[from] U-turn\n|\n|upkeep\n|turn|18\n|\n|t:|1700605052\n|move|p2a: Washington|Hydro Pump|p1a: 5% TINT|[miss]\n|-miss|p2a: Washington|p1a: 5% TINT\n|move|p1a: 5% TINT|Magma Storm|p2a: Washington\n|-resisted|p2a: Washington\n|-damage|p2a: Washington|66\/100\n|-activate|p2a: Washington|move: Magma Storm|[of] p1a: 5% TINT\n|\n|-damage|p2a: Washington|54\/100|[from] move: Magma Storm|[partiallytrapped]\n|upkeep\n|turn|19\n|\n|t:|1700605064\n|switch|p1a: SICKO MODE|Meowscarada, F|100\/100\n|move|p2a: Washington|Hydro Pump|p1a: SICKO MODE\n|-resisted|p1a: SICKO MODE\n|-damage|p1a: SICKO MODE|62\/100\n|\n|-end|p2a: Washington|Magma Storm|[partiallytrapped]|[silent]\n|upkeep\n|turn|20\n|\n|t:|1700605070\n|switch|p2a: Scarlett|Scizor, F|21\/100\n|move|p1a: SICKO MODE|Knock Off|p2a: Scarlett\n|-start|p1a: SICKO MODE|typechange|Dark|[from] ability: Protean\n|-damage|p2a: Scarlett|0 fnt\n|faint|p2a: Scarlett\n|\n|upkeep\n|\n|t:|1700605076\n|switch|p2a: Washington|Rotom-Wash|54\/100\n|turn|21\n|\n|t:|1700605081\n|switch|p1a: 5% TINT|Heatran, F|92\/100\n|move|p2a: Washington|Thunderbolt|p1a: 5% TINT\n|-damage|p1a: 5% TINT|52\/100\n|\n|upkeep\n|turn|22\n|\n|t:|1700605083\n|move|p2a: Washington|Thunderbolt|p1a: 5% TINT\n|-crit|p1a: 5% TINT\n|-damage|p1a: 5% TINT|0 fnt\n|faint|p1a: 5% TINT\n|\n|upkeep\n|\n|t:|1700605086\n|switch|p1a: SICKO MODE|Meowscarada, F|62\/100\n|turn|23\n|\n|t:|1700605088\n|move|p1a: SICKO MODE|Flower Trick|p2a: Washington\n|-start|p1a: SICKO MODE|typechange|Grass|[from] ability: Protean\n|-supereffective|p2a: Washington\n|-crit|p2a: Washington\n|-damage|p2a: Washington|0 fnt\n|faint|p2a: Washington\n|\n|win|PLAYB0I R0BBIE B\n|raw|PLAYB0I R0BBIE B's rating: 1404 &rarr; <strong>1420<\/strong><br \/>(+16 for winning)\n|raw|Centric07's rating: 1339 &rarr; <strong>1323<\/strong><br \/>(-16 for losing)\n","uploadtime":1700605093,"views":19,"p1id":"playb0ir0bbieb","p2id":"centric07","formatid":"gen9ou","rating":1323,"private":0,"password":""}