{"id":"gen9ou-1989908191","p1":"pixirin\u2665","p2":"Usopp D Gawd","format":"[Gen 9] OU","log":"|j|\u2606pixirin\u2665\n|j|\u2606Usopp D Gawd\n|t:|1699905774\n|gametype|singles\n|player|p1|pixirin\u2665|pokemonbreederf-gen4|1387\n|player|p2|Usopp D Gawd|blue|1289\n|teamsize|p1|6\n|teamsize|p2|6\n|gen|9\n|tier|[Gen 9] OU\n|rated|\n|rule|Sleep Clause Mod: Limit one foe put to sleep\n|rule|Species Clause: Limit one of each Pok\u00e9mon\n|rule|OHKO Clause: OHKO moves are banned\n|rule|Evasion Items Clause: Evasion items are banned\n|rule|Evasion Moves Clause: Evasion moves are banned\n|rule|Endless Battle Clause: Forcing endless battles is banned\n|rule|HP Percentage Mod: HP is shown in percentages\n|clearpoke\n|poke|p1|Iron Moth|\n|poke|p1|Slither Wing|\n|poke|p1|Ogerpon-Wellspring, F|\n|poke|p1|Cinderace, M|\n|poke|p1|Rillaboom, F|\n|poke|p1|Dragonite, M|\n|poke|p2|Great Tusk|\n|poke|p2|Dragapult, M|\n|poke|p2|Iron Moth|\n|poke|p2|Ogerpon-Wellspring, F|\n|poke|p2|Uxie|\n|poke|p2|Clefable, M|\n|teampreview\n|\n|t:|1699905799\n|start\n|switch|p1a: Cinderace|Cinderace, M|100\/100\n|switch|p2a: The Fur.|Uxie, shiny|100\/100\n|turn|1\n|\n|t:|1699905810\n|move|p1a: Cinderace|Pyro Ball|p2a: The Fur.\n|-damage|p2a: The Fur.|58\/100\n|move|p2a: The Fur.|Thunder Wave|p1a: Cinderace\n|-status|p1a: Cinderace|par\n|\n|-heal|p2a: The Fur.|64\/100|[from] item: Leftovers\n|upkeep\n|turn|2\n|\n|t:|1699905826\n|move|p2a: The Fur.|Stealth Rock|p1a: Cinderace\n|-sidestart|p1: pixirin\u2665|move: Stealth Rock\n|cant|p1a: Cinderace|par\n|\n|-heal|p2a: The Fur.|70\/100|[from] item: Leftovers\n|upkeep\n|turn|3\n|\n|t:|1699905833\n|move|p2a: The Fur.|U-turn|p1a: Cinderace\n|-resisted|p1a: Cinderace\n|-damage|p1a: Cinderace|93\/100 par\n|\n|t:|1699905836\n|switch|p2a: Jay Safari|Dragapult, M|100\/100|[from] U-turn\n|move|p1a: Cinderace|Court Change|p1a: Cinderace\n|-start|p1a: Cinderace|typechange|Normal|[from] ability: Libero\n|-swapsideconditions\n|-activate|p1a: Cinderace|move: Court Change\n|\n|upkeep\n|turn|4\n|\n|t:|1699905845\n|cant|p1a: Cinderace|par\n|move|p2a: Jay Safari|Draco Meteor|p1a: Cinderace\n|-damage|p1a: Cinderace|0 fnt\n|-unboost|p2a: Jay Safari|spa|2\n|faint|p1a: Cinderace\n|-damage|p2a: Jay Safari|91\/100|[from] item: Life Orb\n|\n|upkeep\n|\n|t:|1699905862\n|switch|p1a: Slither Wing|Slither Wing|100\/100\n|turn|5\n|\n|t:|1699905869\n|switch|p2a: The Fur.|Uxie, shiny|70\/100\n|-damage|p2a: The Fur.|58\/100|[from] Stealth Rock\n|move|p1a: Slither Wing|Flame Charge|p2a: The Fur.\n|-damage|p2a: The Fur.|45\/100\n|-boost|p1a: Slither Wing|spe|1\n|\n|-heal|p2a: The Fur.|51\/100|[from] item: Leftovers\n|upkeep\n|turn|6\n|\n|t:|1699905880\n|move|p1a: Slither Wing|Leech Life|p2a: The Fur.\n|-supereffective|p2a: The Fur.\n|-damage|p2a: The Fur.|0 fnt\n|faint|p2a: The Fur.\n|\n|upkeep\n|\n|t:|1699905888\n|switch|p2a: Ace Spectrum|Clefable, M|100\/100\n|-damage|p2a: Ace Spectrum|88\/100|[from] Stealth Rock\n|turn|7\n|\n|t:|1699905898\n|-end|p1a: Slither Wing|Protosynthesis|[silent]\n|switch|p1a: Rillaboom|Rillaboom, F|100\/100\n|-fieldstart|move: Grassy Terrain|[from] ability: Grassy Surge|[of] p1a: Rillaboom\n|move|p2a: Ace Spectrum|Draining Kiss|p1a: Rillaboom\n|-damage|p1a: Rillaboom|75\/100\n|-heal|p2a: Ace Spectrum|100\/100|[from] drain|[of] p1a: Rillaboom\n|\n|-heal|p1a: Rillaboom|81\/100|[from] Grassy Terrain\n|-heal|p1a: Rillaboom|87\/100|[from] item: Leftovers\n|upkeep\n|turn|8\n|\n|t:|1699905912\n|move|p1a: Rillaboom|Knock Off|p2a: Ace Spectrum\n|-resisted|p2a: Ace Spectrum\n|-damage|p2a: Ace Spectrum|81\/100\n|-enditem|p2a: Ace Spectrum|Leftovers|[from] move: Knock Off|[of] p1a: Rillaboom\n|move|p2a: Ace Spectrum|Ice Beam|p1a: Rillaboom\n|-supereffective|p1a: Rillaboom\n|-damage|p1a: Rillaboom|24\/100\n|\n|-heal|p1a: Rillaboom|30\/100|[from] Grassy Terrain\n|-heal|p1a: Rillaboom|36\/100|[from] item: Leftovers\n|-heal|p2a: Ace Spectrum|88\/100|[from] Grassy Terrain\n|upkeep\n|turn|9\n|\n|t:|1699905939\n|move|p1a: Rillaboom|Wood Hammer|p2a: Ace Spectrum\n|-damage|p2a: Ace Spectrum|0 fnt\n|faint|p2a: Ace Spectrum\n|-damage|p1a: Rillaboom|8\/100|[from] Recoil\n|\n|-heal|p1a: Rillaboom|14\/100|[from] Grassy Terrain\n|-heal|p1a: Rillaboom|20\/100|[from] item: Leftovers\n|upkeep\n|\n|t:|1699905948\n|switch|p2a: Sam Ezeh|Ogerpon-Wellspring, F|100\/100\n|-damage|p2a: Sam Ezeh|88\/100|[from] Stealth Rock\n|turn|10\n|\n|t:|1699905953\n|move|p1a: Rillaboom|Grassy Glide|p2a: Sam Ezeh\n|-damage|p2a: Sam Ezeh|36\/100\n|move|p2a: Sam Ezeh|U-turn|p1a: Rillaboom\n|-supereffective|p1a: Rillaboom\n|-damage|p1a: Rillaboom|0 fnt\n|faint|p1a: Rillaboom\n|\n|t:|1699905964\n|switch|p2a: ScrewStache|Great Tusk|100\/100|[from] U-turn\n|\n|upkeep\n|\n|t:|1699905986\n|switch|p1a: Slither Wing|Slither Wing|100\/100\n|turn|11\n|\n|t:|1699905994\n|move|p2a: ScrewStache|Rapid Spin|p1a: Slither Wing\n|-damage|p1a: Slither Wing|77\/100\n|-boost|p2a: ScrewStache|spe|1\n|-sideend|p2: Usopp D Gawd|Stealth Rock|[from] move: Rapid Spin|[of] p2a: ScrewStache\n|move|p1a: Slither Wing|Bulk Up|p1a: Slither Wing\n|-boost|p1a: Slither Wing|atk|1\n|-boost|p1a: Slither Wing|def|1\n|\n|-heal|p1a: Slither Wing|83\/100|[from] Grassy Terrain\n|-heal|p1a: Slither Wing|90\/100|[from] item: Leftovers\n|-fieldend|move: Grassy Terrain\n|upkeep\n|turn|12\n|\n|t:|1699906011\n|move|p2a: ScrewStache|Headlong Rush|p1a: Slither Wing\n|-resisted|p1a: Slither Wing\n|-damage|p1a: Slither Wing|62\/100\n|-unboost|p2a: ScrewStache|def|1\n|-unboost|p2a: ScrewStache|spd|1\n|move|p1a: Slither Wing|Leech Life|p2a: ScrewStache\n|-resisted|p2a: ScrewStache\n|-damage|p2a: ScrewStache|63\/100\n|-heal|p1a: Slither Wing|84\/100|[from] drain|[of] p2a: ScrewStache\n|\n|-heal|p1a: Slither Wing|90\/100|[from] item: Leftovers\n|upkeep\n|turn|13\n|\n|t:|1699906024\n|-end|p2a: ScrewStache|Protosynthesis|[silent]\n|switch|p2a: Redveil|Iron Moth|100\/100\n|-enditem|p2a: Redveil|Booster Energy\n|-activate|p2a: Redveil|ability: Quark Drive|[fromitem]\n|-start|p2a: Redveil|quarkdrivespe\n|move|p1a: Slither Wing|Flame Charge|p2a: Redveil\n|-resisted|p2a: Redveil\n|-damage|p2a: Redveil|82\/100\n|-boost|p1a: Slither Wing|spe|1\n|\n|-heal|p1a: Slither Wing|96\/100|[from] item: Leftovers\n|upkeep\n|turn|14\n|\n|t:|1699906042\n|-terastallize|p2a: Redveil|Fairy\n|-terastallize|p1a: Slither Wing|Fire\n|move|p2a: Redveil|Dazzling Gleam|p1a: Slither Wing\n|-resisted|p1a: Slither Wing\n|-damage|p1a: Slither Wing|76\/100\n|move|p1a: Slither Wing|Flame Charge|p2a: Redveil\n|-damage|p2a: Redveil|9\/100\n|-boost|p1a: Slither Wing|spe|1\n|\n|-heal|p1a: Slither Wing|82\/100|[from] item: Leftovers\n|upkeep\n|turn|15\n|\n|t:|1699906056\n|move|p1a: Slither Wing|Flame Charge|p2a: Redveil\n|-damage|p2a: Redveil|0 fnt\n|-boost|p1a: Slither Wing|spe|1\n|faint|p2a: Redveil\n|-end|p2a: Redveil|Quark Drive|[silent]\n|\n|-heal|p1a: Slither Wing|88\/100|[from] item: Leftovers\n|upkeep\n|\n|t:|1699906064\n|switch|p2a: Jay Safari|Dragapult, M|91\/100\n|turn|16\n|c|\u2606Usopp D Gawd|I've never seen this strat b4\n|c|\u2606Usopp D Gawd|It's sick\n|c|\u2606pixirin\u2665|i believe in my moth\n|c|\u2606pixirin\u2665|to take a LO draco\n|c|\u2606pixirin\u2665|do your worst\n|\n|t:|1699906103\n|move|p1a: Slither Wing|Bulk Up|p1a: Slither Wing\n|-boost|p1a: Slither Wing|atk|1\n|-boost|p1a: Slither Wing|def|1\n|move|p2a: Jay Safari|Surf|p1a: Slither Wing\n|-supereffective|p1a: Slither Wing\n|-damage|p1a: Slither Wing|17\/100\n|-damage|p2a: Jay Safari|81\/100|[from] item: Life Orb\n|\n|-heal|p1a: Slither Wing|23\/100|[from] item: Leftovers\n|upkeep\n|turn|17\n|c|\u2606pixirin\u2665|or that\n|c|\u2606Usopp D Gawd|Lmao\n|\n|t:|1699906120\n|move|p1a: Slither Wing|Leech Life|p2a: Jay Safari\n|-resisted|p2a: Jay Safari\n|-crit|p2a: Jay Safari\n|-damage|p2a: Jay Safari|0 fnt\n|-heal|p1a: Slither Wing|64\/100|[from] drain|[of] p2a: Jay Safari\n|faint|p2a: Jay Safari\n|\n|-heal|p1a: Slither Wing|70\/100|[from] item: Leftovers\n|upkeep\n|c|\u2606pixirin\u2665|idk if that mattered\n|\n|t:|1699906128\n|switch|p2a: Sam Ezeh|Ogerpon-Wellspring, F|36\/100\n|turn|18\n|c|\u2606pixirin\u2665|prob\n|\n|t:|1699906132\n|move|p1a: Slither Wing|Leech Life|p2a: Sam Ezeh\n|-supereffective|p2a: Sam Ezeh\n|-damage|p2a: Sam Ezeh|0 fnt\n|-heal|p1a: Slither Wing|88\/100|[from] drain|[of] p2a: Sam Ezeh\n|faint|p2a: Sam Ezeh\n|\n|-heal|p1a: Slither Wing|94\/100|[from] item: Leftovers\n|upkeep\n|c|\u2606pixirin\u2665|gg tho\n|c|\u2606Usopp D Gawd|Gg\n|\n|t:|1699906145\n|switch|p2a: ScrewStache|Great Tusk|63\/100\n|turn|19\n|\n|t:|1699906148\n|move|p1a: Slither Wing|Leech Life|p2a: ScrewStache\n|-resisted|p2a: ScrewStache\n|-damage|p2a: ScrewStache|34\/100\n|-heal|p1a: Slither Wing|100\/100|[from] drain|[of] p2a: ScrewStache\n|move|p2a: ScrewStache|Close Combat|p1a: Slither Wing\n|-damage|p1a: Slither Wing|55\/100\n|-unboost|p2a: ScrewStache|def|1\n|-unboost|p2a: ScrewStache|spd|1\n|\n|-heal|p1a: Slither Wing|61\/100|[from] item: Leftovers\n|upkeep\n|turn|20\n|c|\u2606pixirin\u2665|i had to wait for gliscor to get banned\n|c|\u2606pixirin\u2665|before this set could be viable\n|\n|t:|1699906163\n|move|p1a: Slither Wing|Leech Life|p2a: ScrewStache\n|-resisted|p2a: ScrewStache\n|-damage|p2a: ScrewStache|0 fnt\n|-heal|p1a: Slither Wing|81\/100|[from] drain|[of] p2a: ScrewStache\n|faint|p2a: ScrewStache\n|-end|p2a: ScrewStache|Protosynthesis|[silent]\n|\n|win|pixirin\u2665\n|raw|pixirin\u2665's rating: 1387 &rarr; <strong>1402<\/strong><br \/>(+15 for winning)\n|raw|Usopp D Gawd's rating: 1289 &rarr; <strong>1271<\/strong><br \/>(-18 for losing)\n|c|\u2606Usopp D Gawd|Fr bro was ruining everything\n|c|\u2606pixirin\u2665|tbh\n|c|\u2606pixirin\u2665|idk if glis was totally the issue\n|c|\u2606pixirin\u2665|but now i can have fun with moth\n|c|\u2606pixirin\u2665|so idc\n|c|\u2606Usopp D Gawd|I had 2 run yawn instead of thunderwave\n|c|\u2606Usopp D Gawd|On uxie\n|c|\u2606pixirin\u2665|i dont see how that helps\n|c|\u2606pixirin\u2665|glis is immune to that too\n|c|\u2606Usopp D Gawd|I also had knockoff\n|c|\u2606pixirin\u2665|glis lead + protect is free tho\n|c|\u2606Usopp D Gawd|So if they didn't protect they were crippled\n|c|\u2606pixirin\u2665|fair\n|c|\u2606Usopp D Gawd|Some people forget 2 do that \ud83d\udc80\n|c|\u2606pixirin\u2665|i have been one of them\n|c|\u2606Usopp D Gawd|Lmao\n|c|\u2606Usopp D Gawd|Ight good match\n|c|\u2606Usopp D Gawd|Seeya\n|c|\u2606pixirin\u2665|ya! best of luck to ya\n|l|\u2606pixirin\u2665\n|l|\u2606Usopp D Gawd\n|j|\u2606pixirin\u2665\n|player|p1|pixirin\u2665|pokemonbreederf-gen4\n","uploadtime":1699906315,"views":9,"p1id":"pixirin","p2id":"usoppdgawd","formatid":"gen9ou","rating":1271,"private":0,"password":""}