{"id":"gen9ou-1991700638","p1":"CDGames27","p2":"Gen 9 Dr Eggman","format":"[Gen 9] OU","log":"|j|\u2606CDGames27\n|j|\u2606Gen 9 Dr Eggman\n|t:|1700104276\n|gametype|singles\n|player|p1|CDGames27|gambler|1118\n|player|p2|Gen 9 Dr Eggman|101|1141\n|teamsize|p1|6\n|teamsize|p2|6\n|gen|9\n|tier|[Gen 9] OU\n|rated|\n|rule|Sleep Clause Mod: Limit one foe put to sleep\n|rule|Species Clause: Limit one of each Pok\u00e9mon\n|rule|OHKO Clause: OHKO moves are banned\n|rule|Evasion Items Clause: Evasion items are banned\n|rule|Evasion Moves Clause: Evasion moves are banned\n|rule|Endless Battle Clause: Forcing endless battles is banned\n|rule|HP Percentage Mod: HP is shown in percentages\n|clearpoke\n|poke|p1|Cinderace, M|\n|poke|p1|Lucario, M|\n|poke|p1|Mimikyu, M|\n|poke|p1|Braviary-Hisui, M|\n|poke|p1|Torterra, M|\n|poke|p1|Greninja-*, M|\n|poke|p2|Ogerpon-Cornerstone, F|\n|poke|p2|Greninja-*, M|\n|poke|p2|Rillaboom, F|\n|poke|p2|Iron Valiant|\n|poke|p2|Slowking-Galar, M|\n|poke|p2|Hawlucha, F|\n|teampreview\n|inactive|Battle timer is ON: inactive players will automatically lose when time's up. (requested by Gen 9 Dr Eggman)\n|\n|t:|1700104304\n|start\n|switch|p1a: Jiraya|Greninja, M|100\/100\n|switch|p2a: Greninja|Greninja, M|100\/100\n|turn|1\n|\n|t:|1700104312\n|switch|p2a: Rillaboom|Rillaboom, F|100\/100\n|-fieldstart|move: Grassy Terrain|[from] ability: Grassy Surge|[of] p2a: Rillaboom\n|move|p1a: Jiraya|Gunk Shot|p2a: Rillaboom\n|-supereffective|p2a: Rillaboom\n|-damage|p2a: Rillaboom|29\/100\n|-status|p2a: Rillaboom|psn\n|-damage|p1a: Jiraya|91\/100|[from] item: Life Orb\n|\n|-heal|p1a: Jiraya|97\/100|[from] Grassy Terrain\n|-heal|p2a: Rillaboom|35\/100 psn|[from] Grassy Terrain\n|-damage|p2a: Rillaboom|23\/100 psn|[from] psn\n|upkeep\n|turn|2\n|\n|t:|1700104325\n|move|p1a: Jiraya|Ice Beam|p2a: Rillaboom\n|-supereffective|p2a: Rillaboom\n|-damage|p2a: Rillaboom|0 fnt\n|faint|p2a: Rillaboom\n|-ability|p1a: Jiraya|Battle Bond|boost\n|-boost|p1a: Jiraya|atk|1\n|-boost|p1a: Jiraya|spa|1\n|-boost|p1a: Jiraya|spe|1\n|-activate|p1a: Jiraya|ability: Battle Bond\n|-damage|p1a: Jiraya|87\/100|[from] item: Life Orb\n|\n|-heal|p1a: Jiraya|93\/100|[from] Grassy Terrain\n|upkeep\n|\n|t:|1700104332\n|switch|p2a: Hawlucha|Hawlucha, F|100\/100\n|-enditem|p2a: Hawlucha|Grassy Seed\n|-boost|p2a: Hawlucha|def|1|[from] item: Grassy Seed\n|turn|3\n|\n|t:|1700104356\n|move|p2a: Hawlucha|Close Combat|p1a: Jiraya\n|-supereffective|p1a: Jiraya\n|-crit|p1a: Jiraya\n|-damage|p1a: Jiraya|0 fnt\n|-unboost|p2a: Hawlucha|def|1\n|-unboost|p2a: Hawlucha|spd|1\n|faint|p1a: Jiraya\n|\n|upkeep\n|\n|t:|1700104368\n|switch|p1a: Kakyoin|Mimikyu, M|100\/100\n|turn|4\n|\n|t:|1700104375\n|move|p2a: Hawlucha|Acrobatics|p1a: Kakyoin\n|-activate|p1a: Kakyoin|ability: Disguise\n|-damage|p1a: Kakyoin|100\/100\n|detailschange|p1a: Kakyoin|Mimikyu-Busted, M\n|-damage|p1a: Kakyoin|88\/100|[from] pokemon: Mimikyu-Busted\n|move|p1a: Kakyoin|Play Rough|p2a: Hawlucha\n|-supereffective|p2a: Hawlucha\n|-damage|p2a: Hawlucha|0 fnt\n|faint|p2a: Hawlucha\n|-damage|p1a: Kakyoin|78\/100|[from] item: Life Orb\n|\n|-heal|p1a: Kakyoin|84\/100|[from] Grassy Terrain\n|upkeep\n|\n|t:|1700104395\n|switch|p2a: Ogerpon|Ogerpon-Cornerstone, F|100\/100\n|turn|5\n|\n|t:|1700104399\n|move|p2a: Ogerpon|Trailblaze|p1a: Kakyoin\n|-damage|p1a: Kakyoin|24\/100\n|-boost|p2a: Ogerpon|spe|1\n|move|p1a: Kakyoin|Drain Punch|p2a: Ogerpon\n|-supereffective|p2a: Ogerpon\n|-damage|p2a: Ogerpon|23\/100\n|-heal|p1a: Kakyoin|71\/100|[from] drain|[of] p2a: Ogerpon\n|-damage|p1a: Kakyoin|61\/100|[from] item: Life Orb\n|\n|-heal|p2a: Ogerpon|29\/100|[from] Grassy Terrain\n|-heal|p1a: Kakyoin|67\/100|[from] Grassy Terrain\n|-fieldend|move: Grassy Terrain\n|upkeep\n|turn|6\n|\n|t:|1700104414\n|switch|p1a: Saiki|Braviary-Hisui, M, shiny|100\/100\n|-terastallize|p2a: Ogerpon|Rock\n|detailschange|p2a: Ogerpon|Ogerpon-Cornerstone-Tera, F, tera:Rock\n|-ability|p2a: Ogerpon|Embody Aspect (Cornerstone)|boost\n|-boost|p2a: Ogerpon|def|1\n|move|p2a: Ogerpon|Ivy Cudgel|p1a: Saiki|[anim] Ivy Cudgel Rock\n|-supereffective|p1a: Saiki\n|-damage|p1a: Saiki|0 fnt\n|faint|p1a: Saiki\n|\n|upkeep\n|\n|t:|1700104424\n|switch|p1a: Mestre Kame|Torterra, M|100\/100\n|turn|7\n|\n|t:|1700104443\n|-terastallize|p1a: Mestre Kame|Steel\n|move|p2a: Ogerpon|Trailblaze|p1a: Mestre Kame\n|-resisted|p1a: Mestre Kame\n|-damage|p1a: Mestre Kame|85\/100\n|-boost|p2a: Ogerpon|spe|1\n|move|p1a: Mestre Kame|Shell Smash|p1a: Mestre Kame\n|-unboost|p1a: Mestre Kame|def|1\n|-unboost|p1a: Mestre Kame|spd|1\n|-boost|p1a: Mestre Kame|atk|2\n|-boost|p1a: Mestre Kame|spa|2\n|-boost|p1a: Mestre Kame|spe|2\n|\n|-heal|p1a: Mestre Kame|91\/100|[from] item: Leftovers\n|upkeep\n|turn|8\n|\n|t:|1700104456\n|move|p2a: Ogerpon|Ivy Cudgel|p1a: Mestre Kame|[anim] Ivy Cudgel Rock\n|-resisted|p1a: Mestre Kame\n|-damage|p1a: Mestre Kame|37\/100\n|move|p1a: Mestre Kame|Earthquake|p2a: Ogerpon\n|-supereffective|p2a: Ogerpon\n|-damage|p2a: Ogerpon|0 fnt\n|faint|p2a: Ogerpon\n|\n|-heal|p1a: Mestre Kame|43\/100|[from] item: Leftovers\n|upkeep\n|\n|t:|1700104464\n|switch|p2a: Iron Valiant|Iron Valiant|100\/100\n|-enditem|p2a: Iron Valiant|Booster Energy\n|-activate|p2a: Iron Valiant|ability: Quark Drive|[fromitem]\n|-start|p2a: Iron Valiant|quarkdrivespe\n|turn|9\n|\n|t:|1700104473\n|move|p2a: Iron Valiant|Close Combat|p1a: Mestre Kame\n|-supereffective|p1a: Mestre Kame\n|-damage|p1a: Mestre Kame|0 fnt\n|-unboost|p2a: Iron Valiant|def|1\n|-unboost|p2a: Iron Valiant|spd|1\n|faint|p1a: Mestre Kame\n|\n|upkeep\n|\n|t:|1700104481\n|switch|p1a: Kakyoin|Mimikyu-Busted, M|67\/100\n|turn|10\n|\n|t:|1700104485\n|move|p2a: Iron Valiant|Moonblast|p1a: Kakyoin\n|-damage|p1a: Kakyoin|20\/100\n|move|p1a: Kakyoin|Play Rough|p2a: Iron Valiant\n|-supereffective|p2a: Iron Valiant\n|-damage|p2a: Iron Valiant|0 fnt\n|faint|p2a: Iron Valiant\n|-end|p2a: Iron Valiant|Quark Drive|[silent]\n|-damage|p1a: Kakyoin|10\/100|[from] item: Life Orb\n|\n|upkeep\n|\n|t:|1700104492\n|switch|p2a: Greninja|Greninja, M|100\/100\n|turn|11\n|\n|t:|1700104501\n|switch|p1a: Ryu|Lucario, M|100\/100\n|move|p2a: Greninja|Dark Pulse|p1a: Ryu\n|-resisted|p1a: Ryu\n|-damage|p1a: Ryu|61\/100\n|\n|upkeep\n|turn|12\n|\n|t:|1700104509\n|switch|p2a: Slowking|Slowking-Galar, M|100\/100\n|move|p1a: Ryu|Aura Sphere|p2a: Slowking\n|-resisted|p2a: Slowking\n|-damage|p2a: Slowking|94\/100\n|\n|upkeep\n|turn|13\n|\n|t:|1700104518\n|move|p1a: Ryu|Dark Pulse|p2a: Slowking\n|-supereffective|p2a: Slowking\n|-enditem|p2a: Slowking|Colbur Berry|[eat]\n|-enditem|p2a: Slowking|Colbur Berry|[weaken]\n|-damage|p2a: Slowking|76\/100\n|cant|p2a: Slowking|flinch\n|\n|upkeep\n|turn|14\n|\n|t:|1700104528\n|move|p1a: Ryu|Nasty Plot|p1a: Ryu\n|-boost|p1a: Ryu|spa|2\n|move|p2a: Slowking|Thunder Wave|p1a: Ryu\n|-status|p1a: Ryu|par\n|\n|upkeep\n|turn|15\n|\n|t:|1700104536\n|move|p1a: Ryu|Dark Pulse|p2a: Slowking\n|-supereffective|p2a: Slowking\n|-damage|p2a: Slowking|8\/100\n|move|p2a: Slowking|Psyshock|p1a: Ryu\n|-damage|p1a: Ryu|14\/100 par\n|\n|upkeep\n|turn|16\n|\n|t:|1700104542\n|move|p1a: Ryu|Dark Pulse|p2a: Slowking\n|-supereffective|p2a: Slowking\n|-damage|p2a: Slowking|0 fnt\n|faint|p2a: Slowking\n|\n|upkeep\n|\n|t:|1700104544\n|switch|p2a: Greninja|Greninja, M|100\/100\n|turn|17\n|\n|t:|1700104554\n|switch|p1a: Gouenji|Cinderace, M|100\/100\n|move|p2a: Greninja|Dark Pulse|p1a: Gouenji\n|-damage|p1a: Gouenji|18\/100\n|\n|upkeep\n|turn|18\n|\n|t:|1700104562\n|move|p2a: Greninja|Dark Pulse|p1a: Gouenji\n|-damage|p1a: Gouenji|0 fnt\n|faint|p1a: Gouenji\n|-ability|p2a: Greninja|Battle Bond|boost\n|-boost|p2a: Greninja|atk|1\n|-boost|p2a: Greninja|spa|1\n|-boost|p2a: Greninja|spe|1\n|-activate|p2a: Greninja|ability: Battle Bond\n|\n|upkeep\n|\n|t:|1700104571\n|switch|p1a: Ryu|Lucario, M|14\/100 par\n|turn|19\n|\n|t:|1700104574\n|move|p2a: Greninja|Dark Pulse|p1a: Ryu\n|-resisted|p1a: Ryu\n|-damage|p1a: Ryu|0 fnt\n|faint|p1a: Ryu\n|\n|upkeep\n|\n|t:|1700104579\n|switch|p1a: Kakyoin|Mimikyu-Busted, M|10\/100\n|turn|20\n|\n|t:|1700104583\n|move|p2a: Greninja|Dark Pulse|p1a: Kakyoin\n|-damage|p1a: Kakyoin|0 fnt\n|faint|p1a: Kakyoin\n|\n|win|Gen 9 Dr Eggman\n|raw|CDGames27's rating: 1118 &rarr; <strong>1095<\/strong><br \/>(-23 for losing)\n|raw|Gen 9 Dr Eggman's rating: 1141 &rarr; <strong>1164<\/strong><br \/>(+23 for winning)\n","uploadtime":1700104587,"views":18,"p1id":"cdgames27","p2id":"gen9dreggman","formatid":"gen9ou","rating":1095,"private":0,"password":""}