{"id":"gen9ou-1988690096","p1":"xnckkc","p2":"pellicano foggiano","format":"[Gen 9] OU","log":"|j|\u2606xnckkc\n|j|\u2606pellicano foggiano\n|t:|1699751039\n|gametype|singles\n|player|p1|xnckkc|lucas|1082\n|player|p2|pellicano foggiano|marshal|1023\n|teamsize|p1|6\n|teamsize|p2|6\n|gen|9\n|tier|[Gen 9] OU\n|rated|\n|rule|Sleep Clause Mod: Limit one foe put to sleep\n|rule|Species Clause: Limit one of each Pok\u00e9mon\n|rule|OHKO Clause: OHKO moves are banned\n|rule|Evasion Items Clause: Evasion items are banned\n|rule|Evasion Moves Clause: Evasion moves are banned\n|rule|Endless Battle Clause: Forcing endless battles is banned\n|rule|HP Percentage Mod: HP is shown in percentages\n|clearpoke\n|poke|p1|Iron Moth|\n|poke|p1|Gholdengo|\n|poke|p1|Great Tusk|\n|poke|p1|Samurott-Hisui, M|\n|poke|p1|Kommo-o, M|\n|poke|p1|Zapdos|\n|poke|p2|Ogerpon-Wellspring, F|\n|poke|p2|Manaphy|\n|poke|p2|Pelipper, M|\n|poke|p2|Gastrodon, F|\n|poke|p2|Qwilfish, M|\n|poke|p2|Quaquaval, F|\n|teampreview\n|inactive|Battle timer is ON: inactive players will automatically lose when time's up. (requested by xnckkc)\n|\n|t:|1699751054\n|start\n|switch|p1a: Samurott|Samurott-Hisui, M|100\/100\n|switch|p2a: Pelipper|Pelipper, M|100\/100\n|-weather|RainDance|[from] ability: Drizzle|[of] p2a: Pelipper\n|turn|1\n|inactive|pellicano foggiano has 120 seconds left.\n|\n|t:|1699751091\n|switch|p2a: Quaquaval|Quaquaval, F|100\/100\n|move|p1a: Samurott|Ceaseless Edge|p2a: Quaquaval|[miss]\n|-miss|p1a: Samurott|p2a: Quaquaval\n|\n|-weather|RainDance|[upkeep]\n|upkeep\n|turn|2\n|inactive|pellicano foggiano has 120 seconds left.\n|\n|t:|1699751105\n|switch|p1a: Zapdos|Zapdos|100\/100\n|move|p2a: Quaquaval|Swords Dance|p2a: Quaquaval\n|-boost|p2a: Quaquaval|atk|2\n|\n|-weather|RainDance|[upkeep]\n|upkeep\n|turn|3\n|inactive|pellicano foggiano has 120 seconds left.\n|\n|t:|1699751116\n|move|p2a: Quaquaval|Aqua Step|p1a: Zapdos\n|-damage|p1a: Zapdos|14\/100\n|-boost|p2a: Quaquaval|spe|1\n|move|p1a: Zapdos|Thunderbolt|p2a: Quaquaval\n|-supereffective|p2a: Quaquaval\n|-damage|p2a: Quaquaval|4\/100\n|\n|-weather|RainDance|[upkeep]\n|-heal|p1a: Zapdos|20\/100|[from] item: Leftovers\n|upkeep\n|turn|4\n|\n|t:|1699751123\n|move|p2a: Quaquaval|Aqua Step|p1a: Zapdos\n|-damage|p1a: Zapdos|0 fnt\n|-boost|p2a: Quaquaval|spe|1\n|faint|p1a: Zapdos\n|-ability|p2a: Quaquaval|Moxie|boost\n|-boost|p2a: Quaquaval|atk|1\n|\n|-weather|RainDance|[upkeep]\n|upkeep\n|\n|t:|1699751129\n|switch|p1a: Samurott|Samurott-Hisui, M|100\/100\n|turn|5\n|\n|t:|1699751134\n|move|p1a: Samurott|Aqua Jet|p2a: Quaquaval\n|-resisted|p2a: Quaquaval\n|-damage|p2a: Quaquaval|0 fnt\n|faint|p2a: Quaquaval\n|\n|-weather|none\n|upkeep\n|\n|t:|1699751143\n|switch|p2a: Qwilfish|Qwilfish, M|100\/100\n|-ability|p2a: Qwilfish|Intimidate|boost\n|-unboost|p1a: Samurott|atk|1\n|turn|6\n|\n|t:|1699751156\n|switch|p1a: Great Tusk|Great Tusk|100\/100\n|move|p2a: Qwilfish|Barb Barrage|p1a: Great Tusk\n|-resisted|p1a: Great Tusk\n|-damage|p1a: Great Tusk|90\/100\n|-status|p1a: Great Tusk|psn\n|\n|-damage|p1a: Great Tusk|78\/100 psn|[from] psn\n|upkeep\n|turn|7\n|\n|t:|1699751174\n|move|p1a: Great Tusk|Close Combat|p2a: Qwilfish\n|-resisted|p2a: Qwilfish\n|-damage|p2a: Qwilfish|54\/100\n|-unboost|p1a: Great Tusk|def|1\n|-unboost|p1a: Great Tusk|spd|1\n|move|p2a: Qwilfish|Liquidation|p1a: Great Tusk\n|-supereffective|p1a: Great Tusk\n|-damage|p1a: Great Tusk|0 fnt\n|faint|p1a: Great Tusk\n|-end|p1a: Great Tusk|Protosynthesis|[silent]\n|\n|upkeep\n|\n|t:|1699751193\n|switch|p1a: Samurott|Samurott-Hisui, M|100\/100\n|turn|8\n|\n|t:|1699751221\n|move|p1a: Samurott|Ceaseless Edge|p2a: Qwilfish\n|-damage|p2a: Qwilfish|0 fnt\n|-sidestart|p2: pellicano foggiano|Spikes\n|faint|p2a: Qwilfish\n|\n|upkeep\n|inactive|pellicano foggiano has 120 seconds left.\n|\n|t:|1699751238\n|switch|p2a: Ogerpon|Ogerpon-Wellspring, F|100\/100\n|-damage|p2a: Ogerpon|88\/100|[from] Spikes\n|turn|9\n|\n|t:|1699751241\n|move|p1a: Samurott|Ceaseless Edge|p2a: Ogerpon\n|-damage|p2a: Ogerpon|25\/100\n|-sidestart|p2: pellicano foggiano|Spikes\n|move|p2a: Ogerpon|Horn Leech|p1a: Samurott\n|-supereffective|p1a: Samurott\n|-damage|p1a: Samurott|0 fnt\n|-heal|p2a: Ogerpon|78\/100|[from] drain|[of] p1a: Samurott\n|faint|p1a: Samurott\n|\n|upkeep\n|\n|t:|1699751251\n|switch|p1a: Kommo-o|Kommo-o, M|100\/100\n|turn|10\n|inactive|pellicano foggiano has 120 seconds left.\n|\n|t:|1699751277\n|move|p2a: Ogerpon|Ivy Cudgel|p1a: Kommo-o\n|-resisted|p1a: Kommo-o\n|-damage|p1a: Kommo-o|72\/100\n|move|p1a: Kommo-o|Clangorous Soul|p1a: Kommo-o\n|-boost|p1a: Kommo-o|atk|1\n|-boost|p1a: Kommo-o|def|1\n|-boost|p1a: Kommo-o|spa|1\n|-boost|p1a: Kommo-o|spd|1\n|-boost|p1a: Kommo-o|spe|1\n|-damage|p1a: Kommo-o|39\/100\n|\n|-heal|p1a: Kommo-o|45\/100|[from] item: Leftovers\n|upkeep\n|turn|11\n|inactive|pellicano foggiano has 120 seconds left.\n|inactive|pellicano foggiano has 90 seconds left.\n|\n|t:|1699751313\n|move|p1a: Kommo-o|Aura Sphere|p2a: Ogerpon\n|-damage|p2a: Ogerpon|11\/100\n|move|p2a: Ogerpon|Ivy Cudgel|p1a: Kommo-o\n|-resisted|p1a: Kommo-o\n|-damage|p1a: Kommo-o|26\/100\n|\n|-heal|p1a: Kommo-o|32\/100|[from] item: Leftovers\n|upkeep\n|turn|12\n|inactive|pellicano foggiano has 90 seconds left.\n|\n|t:|1699751326\n|move|p1a: Kommo-o|Clanging Scales|p2a: Ogerpon\n|-damage|p2a: Ogerpon|0 fnt\n|faint|p2a: Ogerpon\n|-unboost|p1a: Kommo-o|def|1\n|\n|-heal|p1a: Kommo-o|39\/100|[from] item: Leftovers\n|upkeep\n|inactive|pellicano foggiano has 90 seconds left.\n|\n|t:|1699751344\n|switch|p2a: Pelipper|Pelipper, M|100\/100\n|-weather|RainDance|[from] ability: Drizzle|[of] p2a: Pelipper\n|turn|13\n|\n|t:|1699751351\n|-terastallize|p1a: Kommo-o|Dragon\n|move|p1a: Kommo-o|Clanging Scales|p2a: Pelipper\n|-damage|p2a: Pelipper|0 fnt\n|faint|p2a: Pelipper\n|-unboost|p1a: Kommo-o|def|1\n|\n|-weather|RainDance|[upkeep]\n|-heal|p1a: Kommo-o|45\/100|[from] item: Leftovers\n|upkeep\n|\n|t:|1699751371\n|switch|p2a: Manaphy|Manaphy|100\/100\n|-damage|p2a: Manaphy|84\/100|[from] Spikes\n|turn|14\n|\n|t:|1699751373\n|move|p1a: Kommo-o|Clanging Scales|p2a: Manaphy\n|-damage|p2a: Manaphy|0 fnt\n|faint|p2a: Manaphy\n|-unboost|p1a: Kommo-o|def|1\n|\n|-weather|RainDance|[upkeep]\n|-heal|p1a: Kommo-o|51\/100|[from] item: Leftovers\n|upkeep\n|inactive|pellicano foggiano has 60 seconds left.\n|\n|t:|1699751405\n|switch|p2a: Gastrodon|Gastrodon, F|100\/100\n|-damage|p2a: Gastrodon|84\/100|[from] Spikes\n|turn|15\n|\n|t:|1699751410\n|move|p1a: Kommo-o|Clanging Scales|p2a: Gastrodon\n|-damage|p2a: Gastrodon|0 fnt\n|faint|p2a: Gastrodon\n|\n|win|xnckkc\n|raw|xnckkc's rating: 1082 &rarr; <strong>1105<\/strong><br \/>(+23 for winning)\n|raw|pellicano foggiano's rating: 1023 &rarr; <strong>1012<\/strong><br \/>(-11 for losing)\n","uploadtime":1699751417,"views":8,"p1id":"xnckkc","p2id":"pellicanofoggiano","formatid":"gen9ou","rating":1012,"private":0,"password":""}