{"id":"gen9ou-1997980631","p1":"ian9275","p2":"Shrimp Balls","format":"[Gen 9] OU","log":"|j|\u2606ian9275\n|j|\u2606Shrimp Balls\n|t:|1700874902\n|gametype|singles\n|player|p1|ian9275|tuber|1227\n|player|p2|Shrimp Balls|swimmer-gen4|1196\n|teamsize|p1|6\n|teamsize|p2|6\n|gen|9\n|tier|[Gen 9] OU\n|rated|\n|rule|Sleep Clause Mod: Limit one foe put to sleep\n|rule|Species Clause: Limit one of each Pok\u00e9mon\n|rule|OHKO Clause: OHKO moves are banned\n|rule|Evasion Items Clause: Evasion items are banned\n|rule|Evasion Moves Clause: Evasion moves are banned\n|rule|Endless Battle Clause: Forcing endless battles is banned\n|rule|HP Percentage Mod: HP is shown in percentages\n|clearpoke\n|poke|p1|Alomomola, F|\n|poke|p1|Quaquaval, M|\n|poke|p1|Kingambit, M|\n|poke|p1|Slowking-Galar, M|\n|poke|p1|Enamorus, F|\n|poke|p1|Zamazenta-*|\n|poke|p2|Clodsire, M|\n|poke|p2|Conkeldurr, M|\n|poke|p2|Slowbro-Galar, M|\n|poke|p2|Cinderace, M|\n|poke|p2|Quagsire, F|\n|poke|p2|Corviknight, M|\n|teampreview\n|inactive|Battle timer is ON: inactive players will automatically lose when time's up. (requested by Shrimp Balls)\n|\n|t:|1700874920\n|start\n|switch|p1a: Enamorus|Enamorus, F|100\/100\n|switch|p2a: Slowbro|Slowbro-Galar, M|100\/100\n|turn|1\n|\n|t:|1700874934\n|move|p1a: Enamorus|Earth Power|p2a: Slowbro\n|-supereffective|p2a: Slowbro\n|-damage|p2a: Slowbro|25\/100\n|move|p2a: Slowbro|Nasty Plot|p2a: Slowbro\n|-boost|p2a: Slowbro|spa|2\n|\n|upkeep\n|turn|2\n|\n|t:|1700874941\n|move|p1a: Enamorus|Earth Power|p2a: Slowbro\n|-supereffective|p2a: Slowbro\n|-damage|p2a: Slowbro|0 fnt\n|faint|p2a: Slowbro\n|\n|upkeep\n|c|\u2606ian9275|nice\n|\n|t:|1700874949\n|switch|p2a: Corviknight|Corviknight, M|100\/100\n|turn|3\n|\n|t:|1700874956\n|-terastallize|p1a: Enamorus|Fire\n|move|p1a: Enamorus|Mystical Fire|p2a: Corviknight\n|-supereffective|p2a: Corviknight\n|-damage|p2a: Corviknight|46\/100\n|-ability|p2a: Corviknight|Mirror Armor\n|-boost|p1a: Enamorus|spa|1\n|move|p2a: Corviknight|Bulk Up|p2a: Corviknight\n|-boost|p2a: Corviknight|atk|1\n|-boost|p2a: Corviknight|def|1\n|\n|upkeep\n|turn|4\n|\n|t:|1700874967\n|move|p1a: Enamorus|Mystical Fire|p2a: Corviknight\n|-supereffective|p2a: Corviknight\n|-damage|p2a: Corviknight|0 fnt\n|faint|p2a: Corviknight\n|\n|upkeep\n|\n|t:|1700874969\n|switch|p2a: Quagsire|Quagsire, F|100\/100\n|turn|5\n|c|\u2606ian9275|nice v2\n|\n|t:|1700874981\n|move|p1a: Enamorus|Mystical Fire|p2a: Quagsire\n|-resisted|p2a: Quagsire\n|-damage|p2a: Quagsire|77\/100\n|-unboost|p2a: Quagsire|spa|1\n|move|p2a: Quagsire|Earthquake|p1a: Enamorus\n|-supereffective|p1a: Enamorus\n|-damage|p1a: Enamorus|0 fnt\n|faint|p1a: Enamorus\n|\n|-heal|p2a: Quagsire|83\/100|[from] item: Leftovers\n|upkeep\n|\n|t:|1700875005\n|switch|p1a: Quaquaval|Quaquaval, M|100\/100\n|turn|6\n|\n|t:|1700875010\n|move|p1a: Quaquaval|Substitute|p1a: Quaquaval\n|-start|p1a: Quaquaval|Substitute\n|-damage|p1a: Quaquaval|76\/100\n|move|p2a: Quagsire|Toxic||[still]\n|-fail|p2a: Quagsire\n|\n|-heal|p1a: Quaquaval|82\/100|[from] item: Leftovers\n|-heal|p2a: Quagsire|89\/100|[from] item: Leftovers\n|upkeep\n|turn|7\n|\n|t:|1700875020\n|move|p1a: Quaquaval|Rapid Spin|p2a: Quagsire\n|-damage|p2a: Quagsire|76\/100\n|-boost|p1a: Quaquaval|spe|1\n|move|p2a: Quagsire|Earthquake|p1a: Quaquaval\n|-end|p1a: Quaquaval|Substitute\n|\n|-heal|p1a: Quaquaval|88\/100|[from] item: Leftovers\n|-heal|p2a: Quagsire|82\/100|[from] item: Leftovers\n|upkeep\n|turn|8\n|\n|t:|1700875036\n|move|p1a: Quaquaval|Brave Bird|p2a: Quagsire\n|-damage|p2a: Quagsire|54\/100\n|-damage|p1a: Quaquaval|78\/100|[from] Recoil\n|move|p2a: Quagsire|Earthquake|p1a: Quaquaval\n|-damage|p1a: Quaquaval|50\/100\n|\n|-heal|p1a: Quaquaval|56\/100|[from] item: Leftovers\n|-heal|p2a: Quagsire|60\/100|[from] item: Leftovers\n|upkeep\n|turn|9\n|\n|t:|1700875050\n|move|p1a: Quaquaval|Brave Bird|p2a: Quagsire\n|-damage|p2a: Quagsire|32\/100\n|-damage|p1a: Quaquaval|47\/100|[from] Recoil\n|move|p2a: Quagsire|Earthquake|p1a: Quaquaval\n|-damage|p1a: Quaquaval|16\/100\n|\n|-heal|p1a: Quaquaval|22\/100|[from] item: Leftovers\n|-heal|p2a: Quagsire|38\/100|[from] item: Leftovers\n|upkeep\n|turn|10\n|\n|t:|1700875059\n|move|p1a: Quaquaval|Brave Bird|p2a: Quagsire\n|-damage|p2a: Quagsire|8\/100\n|-damage|p1a: Quaquaval|12\/100|[from] Recoil\n|move|p2a: Quagsire|Recover|p2a: Quagsire\n|-heal|p2a: Quagsire|58\/100\n|\n|-heal|p1a: Quaquaval|18\/100|[from] item: Leftovers\n|-heal|p2a: Quagsire|64\/100|[from] item: Leftovers\n|upkeep\n|turn|11\n|\n|t:|1700875078\n|move|p1a: Quaquaval|Brave Bird|p2a: Quagsire\n|-damage|p2a: Quagsire|34\/100\n|-damage|p1a: Quaquaval|7\/100|[from] Recoil\n|move|p2a: Quagsire|Recover|p2a: Quagsire\n|-heal|p2a: Quagsire|84\/100\n|\n|-heal|p1a: Quaquaval|14\/100|[from] item: Leftovers\n|-heal|p2a: Quagsire|90\/100|[from] item: Leftovers\n|upkeep\n|turn|12\n|\n|t:|1700875091\n|move|p1a: Quaquaval|Brave Bird|p2a: Quagsire\n|-damage|p2a: Quagsire|61\/100\n|-damage|p1a: Quaquaval|4\/100|[from] Recoil\n|move|p2a: Quagsire|Earthquake|p1a: Quaquaval\n|-damage|p1a: Quaquaval|0 fnt\n|faint|p1a: Quaquaval\n|\n|-heal|p2a: Quagsire|68\/100|[from] item: Leftovers\n|upkeep\n|inactive|ian9275 has 120 seconds left.\n|\n|t:|1700875108\n|switch|p1a: Slowking|Slowking-Galar, M|100\/100\n|turn|13\n|\n|t:|1700875119\n|move|p2a: Quagsire|Earthquake|p1a: Slowking\n|-supereffective|p1a: Slowking\n|-damage|p1a: Slowking|29\/100\n|move|p1a: Slowking|Psychic|p2a: Quagsire\n|-damage|p2a: Quagsire|13\/100\n|-unboost|p2a: Quagsire|spd|1\n|\n|-heal|p2a: Quagsire|19\/100|[from] item: Leftovers\n|-heal|p1a: Slowking|35\/100|[from] item: Black Sludge\n|upkeep\n|turn|14\n|\n|t:|1700875128\n|move|p2a: Quagsire|Earthquake|p1a: Slowking\n|-supereffective|p1a: Slowking\n|-damage|p1a: Slowking|0 fnt\n|faint|p1a: Slowking\n|\n|-heal|p2a: Quagsire|25\/100|[from] item: Leftovers\n|upkeep\n|\n|t:|1700875137\n|switch|p1a: XLR8|Zamazenta|100\/100\n|-ability|p1a: XLR8|Dauntless Shield|boost\n|-boost|p1a: XLR8|def|1\n|turn|15\n|\n|t:|1700875144\n|move|p1a: XLR8|Close Combat|p2a: Quagsire\n|-damage|p2a: Quagsire|0 fnt\n|-unboost|p1a: XLR8|def|1\n|-unboost|p1a: XLR8|spd|1\n|faint|p2a: Quagsire\n|\n|upkeep\n|\n|t:|1700875158\n|switch|p2a: Clodsire|Clodsire, M|100\/100\n|turn|16\n|\n|t:|1700875177\n|move|p1a: XLR8|Iron Head|p2a: Clodsire\n|-crit|p2a: Clodsire\n|-damage|p2a: Clodsire|56\/100\n|cant|p2a: Clodsire|flinch\n|\n|-heal|p2a: Clodsire|62\/100|[from] item: Leftovers\n|upkeep\n|turn|17\n|\n|t:|1700875183\n|move|p1a: XLR8|Iron Head|p2a: Clodsire\n|-damage|p2a: Clodsire|33\/100\n|move|p2a: Clodsire|Curse|p2a: Clodsire\n|-unboost|p2a: Clodsire|spe|1\n|-boost|p2a: Clodsire|atk|1\n|-boost|p2a: Clodsire|def|1\n|\n|-heal|p2a: Clodsire|39\/100|[from] item: Leftovers\n|upkeep\n|turn|18\n|\n|t:|1700875191\n|move|p1a: XLR8|Iron Head|p2a: Clodsire\n|-damage|p2a: Clodsire|18\/100\n|cant|p2a: Clodsire|flinch\n|\n|-heal|p2a: Clodsire|25\/100|[from] item: Leftovers\n|upkeep\n|turn|19\n|\n|t:|1700875197\n|move|p1a: XLR8|Close Combat|p2a: Clodsire\n|-resisted|p2a: Clodsire\n|-damage|p2a: Clodsire|1\/100\n|-unboost|p1a: XLR8|def|1\n|-unboost|p1a: XLR8|spd|1\n|move|p2a: Clodsire|Recover|p2a: Clodsire\n|-heal|p2a: Clodsire|51\/100\n|\n|-heal|p2a: Clodsire|58\/100|[from] item: Leftovers\n|upkeep\n|turn|20\n|\n|t:|1700875207\n|move|p1a: XLR8|Iron Head|p2a: Clodsire\n|-damage|p2a: Clodsire|36\/100\n|move|p2a: Clodsire|Recover|p2a: Clodsire\n|-heal|p2a: Clodsire|86\/100\n|\n|-heal|p2a: Clodsire|92\/100|[from] item: Leftovers\n|upkeep\n|turn|21\n|c|\u2606ian9275|nooo\n|c|\u2606Shrimp Balls|Nice\n|\n|t:|1700875219\n|move|p1a: XLR8|Iron Head|p2a: Clodsire\n|-damage|p2a: Clodsire|72\/100\n|move|p2a: Clodsire|Curse|p2a: Clodsire\n|-unboost|p2a: Clodsire|spe|1\n|-boost|p2a: Clodsire|atk|1\n|-boost|p2a: Clodsire|def|1\n|\n|-heal|p2a: Clodsire|78\/100|[from] item: Leftovers\n|upkeep\n|turn|22\n|\n|t:|1700875228\n|switch|p1a: Alomomola|Alomomola, F, shiny|100\/100\n|move|p2a: Clodsire|Curse|p2a: Clodsire\n|-unboost|p2a: Clodsire|spe|1\n|-boost|p2a: Clodsire|atk|1\n|-boost|p2a: Clodsire|def|1\n|\n|-heal|p2a: Clodsire|84\/100|[from] item: Leftovers\n|upkeep\n|turn|23\n|\n|t:|1700875236\n|move|p1a: Alomomola|Whirlpool|p2a: Clodsire\n|-heal|p2a: Clodsire|100\/100|[from] ability: Water Absorb|[of] p1a: Alomomola\n|move|p2a: Clodsire|Curse|p2a: Clodsire\n|-unboost|p2a: Clodsire|spe|1\n|-boost|p2a: Clodsire|atk|1\n|-boost|p2a: Clodsire|def|1\n|\n|upkeep\n|turn|24\n|-message|ian9275 forfeited.\n|\n|win|Shrimp Balls\n|raw|ian9275's rating: 1227 &rarr; <strong>1200<\/strong><br \/>(-27 for losing)\n|raw|Shrimp Balls's rating: 1196 &rarr; <strong>1223<\/strong><br \/>(+27 for winning)\n|l|\u2606ian9275\n|c|\u2606Shrimp Balls|Nice\n|c|\u2606Shrimp Balls|V2\n","uploadtime":1700875256,"views":13,"p1id":"ian9275","p2id":"shrimpballs","formatid":"gen9ou","rating":1200,"private":0,"password":""}