{"id":"gen9ou-1990861382","p1":"Dog mendigoso","p2":"Quamnckkk","format":"[Gen 9] OU","log":"|j|\u2606Dog mendigoso\n|j|\u2606Quamnckkk\n|t:|1700008675\n|gametype|singles\n|player|p1|Dog mendigoso|giovanni|1804\n|player|p2|Quamnckkk|yellow|1904\n|teamsize|p1|6\n|teamsize|p2|6\n|gen|9\n|tier|[Gen 9] OU\n|rated|\n|rule|Sleep Clause Mod: Limit one foe put to sleep\n|rule|Species Clause: Limit one of each Pok\u00e9mon\n|rule|OHKO Clause: OHKO moves are banned\n|rule|Evasion Items Clause: Evasion items are banned\n|rule|Evasion Moves Clause: Evasion moves are banned\n|rule|Endless Battle Clause: Forcing endless battles is banned\n|rule|HP Percentage Mod: HP is shown in percentages\n|clearpoke\n|poke|p1|Great Tusk|\n|poke|p1|Dragonite, M|\n|poke|p1|Kingambit, F|\n|poke|p1|Slowking-Galar, F|\n|poke|p1|Zapdos|\n|poke|p1|Iron Valiant|\n|poke|p2|Weavile, F|\n|poke|p2|Weezing-Galar, M|\n|poke|p2|Alomomola, M|\n|poke|p2|Ting-Lu|\n|poke|p2|Corviknight, F|\n|poke|p2|Dondozo, M|\n|teampreview\n|inactive|Battle timer is ON: inactive players will automatically lose when time's up. (requested by Quamnckkk)\n|inactive|Dog mendigoso also wants the timer to be on.\n|\n|t:|1700008687\n|start\n|switch|p1a: Great Tusk|Great Tusk|100\/100\n|switch|p2a: Weavile|Weavile, F|100\/100\n|-ability|p2a: Weavile|Pressure\n|turn|1\n|\n|t:|1700008691\n|switch|p2a: Corviknight|Corviknight, F|100\/100\n|-ability|p2a: Corviknight|Pressure\n|move|p1a: Great Tusk|Body Press|p2a: Corviknight\n|-damage|p2a: Corviknight|71\/100\n|-damage|p1a: Great Tusk|84\/100|[from] item: Rocky Helmet|[of] p2a: Corviknight\n|\n|-heal|p1a: Great Tusk|90\/100|[from] item: Leftovers\n|upkeep\n|turn|2\n|\n|t:|1700008696\n|move|p1a: Great Tusk|Stealth Rock|p2a: Corviknight\n|-sidestart|p2: Quamnckkk|move: Stealth Rock\n|move|p2a: Corviknight|Brave Bird|p1a: Great Tusk\n|-supereffective|p1a: Great Tusk\n|-damage|p1a: Great Tusk|57\/100\n|-damage|p2a: Corviknight|59\/100|[from] Recoil\n|\n|-heal|p1a: Great Tusk|63\/100|[from] item: Leftovers\n|upkeep\n|turn|3\n|\n|t:|1700008701\n|-end|p1a: Great Tusk|Protosynthesis|[silent]\n|switch|p1a: Zapdos|Zapdos|100\/100\n|move|p2a: Corviknight|Defog|p1a: Zapdos\n|-unboost|p1a: Zapdos|evasion|1\n|-sideend|p2: Quamnckkk|Stealth Rock|[from] move: Defog|[of] p2a: Corviknight\n|\n|upkeep\n|turn|4\n|\n|t:|1700008706\n|switch|p1a: Great Tusk|Great Tusk|63\/100\n|switch|p2a: Ting-Lu|Ting-Lu|100\/100\n|-ability|p2a: Ting-Lu|Vessel of Ruin\n|\n|-heal|p1a: Great Tusk|69\/100|[from] item: Leftovers\n|upkeep\n|turn|5\n|\n|t:|1700008711\n|switch|p2a: Corviknight|Corviknight, F|59\/100\n|-ability|p2a: Corviknight|Pressure\n|move|p1a: Great Tusk|Body Press|p2a: Corviknight\n|-damage|p2a: Corviknight|30\/100\n|-damage|p1a: Great Tusk|53\/100|[from] item: Rocky Helmet|[of] p2a: Corviknight\n|\n|-heal|p1a: Great Tusk|59\/100|[from] item: Leftovers\n|upkeep\n|turn|6\n|\n|t:|1700008718\n|move|p1a: Great Tusk|Body Press|p2a: Corviknight\n|-damage|p2a: Corviknight|0 fnt\n|-damage|p1a: Great Tusk|42\/100|[from] item: Rocky Helmet|[of] p2a: Corviknight\n|faint|p2a: Corviknight\n|\n|-heal|p1a: Great Tusk|49\/100|[from] item: Leftovers\n|upkeep\n|j| Meelll0\n|\n|t:|1700008733\n|switch|p2a: Weezing|Weezing-Galar, M|100\/100\n|-ability|p2a: Weezing|Neutralizing Gas\n|turn|7\n|\n|t:|1700008737\n|-end|p1a: Great Tusk|Protosynthesis|[silent]\n|switch|p1a: Slowking|Slowking-Galar, F|100\/100\n|move|p2a: Weezing|Will-O-Wisp|p1a: Slowking\n|-status|p1a: Slowking|brn\n|\n|-damage|p1a: Slowking|94\/100 brn|[from] brn\n|upkeep\n|turn|8\n|\n|t:|1700008745\n|-end|p2a: Weezing|ability: Neutralizing Gas\n|switch|p2a: Ting-Lu|Ting-Lu|100\/100\n|-ability|p2a: Ting-Lu|Vessel of Ruin\n|move|p1a: Slowking|Chilly Reception|p1a: Slowking\n|-weather|Snow\n|\n|t:|1700008748\n|switch|p1a: Great Tusk|Great Tusk|49\/100|[from] Chilly Reception\n|\n|-weather|Snow|[upkeep]\n|-heal|p1a: Great Tusk|55\/100|[from] item: Leftovers\n|upkeep\n|turn|9\n|\n|t:|1700008753\n|switch|p2a: Weezing|Weezing-Galar, M|100\/100\n|-ability|p2a: Weezing|Neutralizing Gas\n|move|p1a: Great Tusk|Stealth Rock|p2a: Weezing\n|-sidestart|p2: Quamnckkk|move: Stealth Rock\n|\n|-weather|Snow|[upkeep]\n|-heal|p1a: Great Tusk|61\/100|[from] item: Leftovers\n|upkeep\n|turn|10\n|j| Lt_alt1\n|\n|t:|1700008769\n|-end|p1a: Great Tusk|Protosynthesis|[silent]\n|switch|p1a: Kingambit|Kingambit, F|100\/100\n|move|p2a: Weezing|Will-O-Wisp|p1a: Kingambit\n|-status|p1a: Kingambit|brn\n|\n|-weather|Snow|[upkeep]\n|-damage|p1a: Kingambit|94\/100 brn|[from] brn\n|upkeep\n|turn|11\n|\n|t:|1700008776\n|-end|p1a: Kingambit|fallenundefined|[silent]\n|switch|p1a: Slowking|Slowking-Galar, F|100\/100 brn\n|move|p2a: Weezing|Defog|p1a: Slowking\n|-unboost|p1a: Slowking|evasion|1\n|-sideend|p2: Quamnckkk|Stealth Rock|[from] move: Defog|[of] p2a: Weezing\n|\n|-weather|Snow|[upkeep]\n|-damage|p1a: Slowking|94\/100 brn|[from] brn\n|upkeep\n|turn|12\n|\n|t:|1700008780\n|-end|p2a: Weezing|ability: Neutralizing Gas\n|switch|p2a: Alomomola|Alomomola, M|100\/100\n|move|p1a: Slowking|Future Sight|p2a: Alomomola\n|-start|p1a: Slowking|move: Future Sight\n|\n|-weather|none\n|-damage|p1a: Slowking|88\/100 brn|[from] brn\n|upkeep\n|turn|13\n|\n|t:|1700008788\n|move|p2a: Alomomola|Flip Turn|p1a: Slowking\n|-damage|p1a: Slowking|71\/100 brn\n|\n|t:|1700008789\n|switch|p2a: Weavile|Weavile, F|100\/100|[from] Flip Turn\n|-ability|p2a: Weavile|Pressure\n|move|p1a: Slowking|Chilly Reception|p1a: Slowking\n|-weather|Snow\n|\n|t:|1700008794\n|switch|p1a: Great Tusk|Great Tusk|61\/100|[from] Chilly Reception\n|\n|-weather|Snow|[upkeep]\n|-heal|p1a: Great Tusk|67\/100|[from] item: Leftovers\n|upkeep\n|turn|14\n|\n|t:|1700008802\n|move|p2a: Weavile|Substitute|p2a: Weavile\n|-start|p2a: Weavile|Substitute\n|-damage|p2a: Weavile|76\/100\n|move|p1a: Great Tusk|Body Press|p2a: Weavile\n|-supereffective|p2a: Weavile\n|-end|p2a: Weavile|Substitute\n|\n|-weather|Snow|[upkeep]\n|-end|p2a: Weavile|move: Future Sight\n|-immune|p2a: Weavile\n|-heal|p2a: Weavile|82\/100|[from] item: Leftovers\n|-heal|p1a: Great Tusk|74\/100|[from] item: Leftovers\n|upkeep\n|turn|15\n|\n|t:|1700008815\n|move|p2a: Weavile|Substitute|p2a: Weavile\n|-start|p2a: Weavile|Substitute\n|-damage|p2a: Weavile|57\/100\n|move|p1a: Great Tusk|Rapid Spin|p2a: Weavile\n|-activate|p2a: Weavile|move: Substitute|[damage]\n|-boost|p1a: Great Tusk|spe|1\n|\n|-weather|Snow|[upkeep]\n|-heal|p2a: Weavile|63\/100|[from] item: Leftovers\n|-heal|p1a: Great Tusk|80\/100|[from] item: Leftovers\n|upkeep\n|turn|16\n|j| CutePokesOnly\n|\n|t:|1700008819\n|move|p2a: Weavile|Knock Off|p1a: Great Tusk\n|-resisted|p1a: Great Tusk\n|-damage|p1a: Great Tusk|71\/100\n|-enditem|p1a: Great Tusk|Leftovers|[from] move: Knock Off|[of] p2a: Weavile\n|move|p1a: Great Tusk|Rapid Spin|p2a: Weavile\n|-crit|p2a: Weavile\n|-end|p2a: Weavile|Substitute\n|-boost|p1a: Great Tusk|spe|1\n|\n|-weather|Snow|[upkeep]\n|-heal|p2a: Weavile|69\/100|[from] item: Leftovers\n|upkeep\n|turn|17\n|\n|t:|1700008824\n|switch|p2a: Weezing|Weezing-Galar, M|100\/100\n|-ability|p2a: Weezing|Neutralizing Gas\n|move|p1a: Great Tusk|Stealth Rock|p2a: Weezing\n|-sidestart|p2: Quamnckkk|move: Stealth Rock\n|\n|-weather|none\n|upkeep\n|turn|18\n|\n|t:|1700008829\n|move|p1a: Great Tusk|Knock Off|p2a: Weezing\n|-resisted|p2a: Weezing\n|-damage|p2a: Weezing|92\/100\n|-enditem|p2a: Weezing|Heavy-Duty Boots|[from] move: Knock Off|[of] p1a: Great Tusk\n|move|p2a: Weezing|Defog|p1a: Great Tusk\n|-unboost|p1a: Great Tusk|evasion|1\n|-sideend|p2: Quamnckkk|Stealth Rock|[from] move: Defog|[of] p2a: Weezing\n|\n|upkeep\n|turn|19\n|\n|t:|1700008836\n|move|p1a: Great Tusk|Stealth Rock|p2a: Weezing\n|-sidestart|p2: Quamnckkk|move: Stealth Rock\n|move|p2a: Weezing|Sludge Bomb|p1a: Great Tusk\n|-resisted|p1a: Great Tusk\n|-damage|p1a: Great Tusk|55\/100\n|\n|upkeep\n|turn|20\n|\n|t:|1700008844\n|-end|p1a: Great Tusk|Protosynthesis|[silent]\n|switch|p1a: Slowking|Slowking-Galar, F|100\/100 brn\n|move|p2a: Weezing|Defog|p1a: Slowking\n|-unboost|p1a: Slowking|evasion|1\n|-sideend|p2: Quamnckkk|Stealth Rock|[from] move: Defog|[of] p2a: Weezing\n|\n|-damage|p1a: Slowking|94\/100 brn|[from] brn\n|upkeep\n|turn|21\n|\n|t:|1700008850\n|-end|p2a: Weezing|ability: Neutralizing Gas\n|switch|p2a: Alomomola|Alomomola, M|100\/100\n|move|p1a: Slowking|Sludge Bomb|p2a: Alomomola\n|-damage|p2a: Alomomola|69\/100\n|\n|-heal|p2a: Alomomola|75\/100|[from] item: Leftovers\n|-damage|p1a: Slowking|88\/100 brn|[from] brn\n|upkeep\n|turn|22\n|\n|t:|1700008854\n|move|p2a: Alomomola|Wish|p2a: Alomomola\n|move|p1a: Slowking|Future Sight|p2a: Alomomola\n|-start|p1a: Slowking|move: Future Sight\n|\n|-heal|p2a: Alomomola|81\/100|[from] item: Leftovers\n|-damage|p1a: Slowking|82\/100 brn|[from] brn\n|upkeep\n|turn|23\n|\n|t:|1700008859\n|move|p2a: Alomomola|Flip Turn|p1a: Slowking\n|-damage|p1a: Slowking|66\/100 brn\n|\n|t:|1700008860\n|switch|p2a: Weavile|Weavile, F|69\/100|[from] Flip Turn\n|-ability|p2a: Weavile|Pressure\n|move|p1a: Slowking|Sludge Bomb|p2a: Weavile\n|-damage|p2a: Weavile|33\/100\n|\n|-heal|p2a: Weavile|100\/100|[from] move: Wish|[wisher] Alomomola\n|-damage|p1a: Slowking|59\/100 brn|[from] brn\n|upkeep\n|turn|24\n|\n|t:|1700008870\n|switch|p1a: Zapdos|Zapdos|100\/100\n|move|p2a: Weavile|Knock Off|p1a: Zapdos\n|-damage|p1a: Zapdos|65\/100\n|-enditem|p1a: Zapdos|Heavy-Duty Boots|[from] move: Knock Off|[of] p2a: Weavile\n|\n|-end|p2a: Weavile|move: Future Sight\n|-immune|p2a: Weavile\n|upkeep\n|turn|25\n|\n|t:|1700008879\n|switch|p2a: Ting-Lu|Ting-Lu|100\/100\n|-ability|p2a: Ting-Lu|Vessel of Ruin\n|switch|p1a: Kingambit|Kingambit, F|94\/100 brn\n|\n|-heal|p1a: Kingambit|100\/100 brn|[from] item: Leftovers\n|-damage|p1a: Kingambit|94\/100 brn|[from] brn\n|upkeep\n|turn|26\n|\n|t:|1700008883\n|-end|p1a: Kingambit|fallenundefined|[silent]\n|switch|p1a: Great Tusk|Great Tusk|55\/100\n|move|p2a: Ting-Lu|Spikes|p1a: Great Tusk\n|-sidestart|p1: Dog mendigoso|Spikes\n|\n|upkeep\n|turn|27\n|\n|t:|1700008891\n|switch|p2a: Weezing|Weezing-Galar, M|92\/100\n|-ability|p2a: Weezing|Neutralizing Gas\n|move|p1a: Great Tusk|Rapid Spin|p2a: Weezing\n|-damage|p2a: Weezing|83\/100\n|-boost|p1a: Great Tusk|spe|1\n|-sideend|p1: Dog mendigoso|Spikes|[from] move: Rapid Spin|[of] p1a: Great Tusk\n|\n|upkeep\n|turn|28\n|\n|t:|1700008894\n|-end|p1a: Great Tusk|Protosynthesis|[silent]\n|switch|p1a: Slowking|Slowking-Galar, F|93\/100 brn\n|move|p2a: Weezing|Sludge Bomb|p1a: Slowking\n|-resisted|p1a: Slowking\n|-damage|p1a: Slowking|85\/100 brn\n|\n|-damage|p1a: Slowking|79\/100 brn|[from] brn\n|upkeep\n|turn|29\n|\n|t:|1700008908\n|-end|p2a: Weezing|ability: Neutralizing Gas\n|switch|p2a: Alomomola|Alomomola, M|100\/100\n|move|p1a: Slowking|Future Sight|p2a: Alomomola\n|-start|p1a: Slowking|move: Future Sight\n|\n|-damage|p1a: Slowking|73\/100 brn|[from] brn\n|upkeep\n|turn|30\n|\n|t:|1700008928\n|move|p2a: Alomomola|Wish|p2a: Alomomola\n|move|p1a: Slowking|Chilly Reception|p1a: Slowking\n|-weather|Snow\n|\n|t:|1700008931\n|switch|p1a: Dragonite|Dragonite, M|100\/100|[from] Chilly Reception\n|\n|-weather|Snow|[upkeep]\n|upkeep\n|turn|31\n|\n|t:|1700008942\n|switch|p1a: Zapdos|Zapdos|65\/100\n|move|p2a: Alomomola|Flip Turn|p1a: Zapdos\n|-damage|p1a: Zapdos|52\/100\n|\n|t:|1700008947\n|switch|p2a: Weavile|Weavile, F|100\/100|[from] Flip Turn\n|-ability|p2a: Weavile|Pressure\n|\n|-weather|Snow|[upkeep]\n|-end|p2a: Weavile|move: Future Sight\n|-immune|p2a: Weavile\n|upkeep\n|turn|32\n|\n|t:|1700008954\n|switch|p1a: Kingambit|Kingambit, F|94\/100 brn\n|move|p2a: Weavile|Substitute|p2a: Weavile\n|-start|p2a: Weavile|Substitute\n|-damage|p2a: Weavile|76\/100\n|\n|-weather|Snow|[upkeep]\n|-heal|p2a: Weavile|82\/100|[from] item: Leftovers\n|-heal|p1a: Kingambit|100\/100 brn|[from] item: Leftovers\n|-damage|p1a: Kingambit|94\/100 brn|[from] brn\n|upkeep\n|turn|33\n|\n|t:|1700008959\n|move|p2a: Weavile|Knock Off|p1a: Kingambit\n|-resisted|p1a: Kingambit\n|-damage|p1a: Kingambit|80\/100 brn\n|-enditem|p1a: Kingambit|Leftovers|[from] move: Knock Off|[of] p2a: Weavile\n|move|p1a: Kingambit|Iron Head|p2a: Weavile\n|-supereffective|p2a: Weavile\n|-end|p2a: Weavile|Substitute\n|\n|-weather|Snow|[upkeep]\n|-heal|p2a: Weavile|88\/100|[from] item: Leftovers\n|-damage|p1a: Kingambit|74\/100 brn|[from] brn\n|upkeep\n|turn|34\n|\n|t:|1700008967\n|switch|p2a: Alomomola|Alomomola, M|100\/100\n|move|p1a: Kingambit|Iron Head|p2a: Alomomola\n|-resisted|p2a: Alomomola\n|-crit|p2a: Alomomola\n|-damage|p2a: Alomomola|91\/100\n|\n|-weather|none\n|-heal|p2a: Alomomola|97\/100|[from] item: Leftovers\n|-damage|p1a: Kingambit|68\/100 brn|[from] brn\n|upkeep\n|turn|35\n|\n|t:|1700008975\n|move|p1a: Kingambit|Swords Dance|p1a: Kingambit\n|-boost|p1a: Kingambit|atk|2\n|move|p2a: Alomomola|Flip Turn|p1a: Kingambit\n|-damage|p1a: Kingambit|56\/100 brn\n|\n|t:|1700008981\n|switch|p2a: Dondozo|Dondozo, M|100\/100|[from] Flip Turn\n|\n|-damage|p1a: Kingambit|50\/100 brn|[from] brn\n|upkeep\n|turn|36\n|j| OMG WEMBANYAMA\n|\n|t:|1700008985\n|-end|p1a: Kingambit|fallenundefined|[silent]\n|switch|p1a: Zapdos|Zapdos|52\/100\n|move|p2a: Dondozo|Curse|p2a: Dondozo\n|-unboost|p2a: Dondozo|spe|1\n|-boost|p2a: Dondozo|atk|1\n|-boost|p2a: Dondozo|def|1\n|\n|upkeep\n|turn|37\n|\n|t:|1700008988\n|switch|p2a: Ting-Lu|Ting-Lu|100\/100\n|-ability|p2a: Ting-Lu|Vessel of Ruin\n|move|p1a: Zapdos|Roost|p1a: Zapdos\n|-heal|p1a: Zapdos|100\/100\n|-singleturn|p1a: Zapdos|move: Roost\n|\n|upkeep\n|turn|38\n|j| Sunjae\n|\n|t:|1700008994\n|switch|p1a: Great Tusk|Great Tusk|55\/100\n|move|p2a: Ting-Lu|Earthquake|p1a: Great Tusk\n|-damage|p1a: Great Tusk|38\/100\n|\n|upkeep\n|turn|39\n|\n|t:|1700008999\n|switch|p2a: Weezing|Weezing-Galar, M|83\/100\n|-ability|p2a: Weezing|Neutralizing Gas\n|move|p1a: Great Tusk|Knock Off|p2a: Weezing\n|-resisted|p2a: Weezing\n|-damage|p2a: Weezing|77\/100\n|\n|upkeep\n|turn|40\n|\n|t:|1700009007\n|-end|p1a: Great Tusk|Protosynthesis|[silent]\n|switch|p1a: Slowking|Slowking-Galar, F|100\/100 brn\n|move|p2a: Weezing|Sludge Bomb|p1a: Slowking\n|-resisted|p1a: Slowking\n|-damage|p1a: Slowking|93\/100 brn\n|\n|-damage|p1a: Slowking|87\/100 brn|[from] brn\n|upkeep\n|turn|41\n|\n|t:|1700009014\n|-end|p2a: Weezing|ability: Neutralizing Gas\n|switch|p2a: Alomomola|Alomomola, M|100\/100\n|move|p1a: Slowking|Chilly Reception|p1a: Slowking\n|-weather|Snow\n|l| Sunjae\n|\n|t:|1700009020\n|switch|p1a: Iron Valiant|Iron Valiant|100\/100|[from] Chilly Reception\n|-enditem|p1a: Iron Valiant|Booster Energy\n|-activate|p1a: Iron Valiant|ability: Quark Drive|[fromitem]\n|-start|p1a: Iron Valiant|quarkdrivespe\n|\n|-weather|Snow|[upkeep]\n|upkeep\n|turn|42\n|\n|t:|1700009025\n|move|p1a: Iron Valiant|Calm Mind|p1a: Iron Valiant\n|-boost|p1a: Iron Valiant|spa|1\n|-boost|p1a: Iron Valiant|spd|1\n|move|p2a: Alomomola|Flip Turn|p1a: Iron Valiant\n|-damage|p1a: Iron Valiant|79\/100\n|j| gfhsfgdfgsd\n|\n|t:|1700009044\n|switch|p2a: Dondozo|Dondozo, M|100\/100|[from] Flip Turn\n|\n|-weather|Snow|[upkeep]\n|upkeep\n|turn|43\n|\n|t:|1700009047\n|move|p1a: Iron Valiant|Moonblast|p2a: Dondozo\n|-damage|p2a: Dondozo|71\/100\n|move|p2a: Dondozo|Wave Crash|p1a: Iron Valiant\n|-damage|p1a: Iron Valiant|30\/100\n|-damage|p2a: Dondozo|61\/100|[from] Recoil\n|\n|-weather|Snow|[upkeep]\n|-heal|p2a: Dondozo|67\/100|[from] item: Leftovers\n|upkeep\n|turn|44\n|\n|t:|1700009055\n|-end|p1a: Iron Valiant|Quark Drive|[silent]\n|switch|p1a: Zapdos|Zapdos|100\/100\n|move|p2a: Dondozo|Wave Crash|p1a: Zapdos\n|-damage|p1a: Zapdos|66\/100\n|-status|p2a: Dondozo|par|[from] ability: Static|[of] p1a: Zapdos\n|-damage|p2a: Dondozo|58\/100 par|[from] Recoil\n|\n|-weather|Snow|[upkeep]\n|-heal|p2a: Dondozo|65\/100 par|[from] item: Leftovers\n|upkeep\n|turn|45\n|\n|t:|1700009061\n|switch|p1a: Iron Valiant|Iron Valiant|30\/100\n|switch|p2a: Ting-Lu|Ting-Lu|100\/100\n|-ability|p2a: Ting-Lu|Vessel of Ruin\n|\n|-weather|none\n|upkeep\n|turn|46\n|\n|t:|1700009063\n|move|p1a: Iron Valiant|Moonblast|p2a: Ting-Lu\n|-supereffective|p2a: Ting-Lu\n|-damage|p2a: Ting-Lu|58\/100\n|-unboost|p2a: Ting-Lu|spa|1\n|move|p2a: Ting-Lu|Earthquake|p1a: Iron Valiant\n|-damage|p1a: Iron Valiant|0 fnt\n|faint|p1a: Iron Valiant\n|-end|p1a: Iron Valiant|Quark Drive|[silent]\n|\n|-heal|p2a: Ting-Lu|65\/100|[from] item: Leftovers\n|upkeep\n|\n|t:|1700009067\n|switch|p1a: Great Tusk|Great Tusk|38\/100\n|turn|47\n|\n|t:|1700009070\n|switch|p2a: Weezing|Weezing-Galar, M|77\/100\n|-ability|p2a: Weezing|Neutralizing Gas\n|move|p1a: Great Tusk|Stealth Rock|p2a: Weezing\n|-sidestart|p2: Quamnckkk|move: Stealth Rock\n|\n|upkeep\n|turn|48\n|\n|t:|1700009074\n|-end|p1a: Great Tusk|Protosynthesis|[silent]\n|switch|p1a: Slowking|Slowking-Galar, F|100\/100 brn\n|move|p2a: Weezing|Defog|p1a: Slowking\n|-unboost|p1a: Slowking|evasion|1\n|-sideend|p2: Quamnckkk|Stealth Rock|[from] move: Defog|[of] p2a: Weezing\n|\n|-damage|p1a: Slowking|94\/100 brn|[from] brn\n|upkeep\n|turn|49\n|\n|t:|1700009080\n|-end|p2a: Weezing|ability: Neutralizing Gas\n|switch|p2a: Alomomola|Alomomola, M|100\/100\n|move|p1a: Slowking|Chilly Reception|p1a: Slowking\n|-weather|Snow\n|\n|t:|1700009084\n|switch|p1a: Great Tusk|Great Tusk|38\/100|[from] Chilly Reception\n|\n|-weather|Snow|[upkeep]\n|upkeep\n|turn|50\n|\n|t:|1700009088\n|move|p1a: Great Tusk|Stealth Rock|p2a: Alomomola\n|-sidestart|p2: Quamnckkk|move: Stealth Rock\n|move|p2a: Alomomola|Flip Turn|p1a: Great Tusk\n|-supereffective|p1a: Great Tusk\n|-damage|p1a: Great Tusk|24\/100\n|\n|t:|1700009090\n|switch|p2a: Weezing|Weezing-Galar, M|77\/100|[from] Flip Turn\n|-ability|p2a: Weezing|Neutralizing Gas\n|-damage|p2a: Weezing|65\/100|[from] Stealth Rock\n|\n|-weather|Snow|[upkeep]\n|upkeep\n|turn|51\n|\n|t:|1700009093\n|move|p1a: Great Tusk|Body Press|p2a: Weezing\n|-resisted|p2a: Weezing\n|-damage|p2a: Weezing|56\/100\n|move|p2a: Weezing|Defog|p1a: Great Tusk\n|-unboost|p1a: Great Tusk|evasion|1\n|-sideend|p2: Quamnckkk|Stealth Rock|[from] move: Defog|[of] p2a: Weezing\n|\n|-weather|Snow|[upkeep]\n|upkeep\n|turn|52\n|\n|t:|1700009098\n|move|p1a: Great Tusk|Stealth Rock|p2a: Weezing\n|-sidestart|p2: Quamnckkk|move: Stealth Rock\n|move|p2a: Weezing|Sludge Bomb|p1a: Great Tusk\n|-resisted|p1a: Great Tusk\n|-damage|p1a: Great Tusk|5\/100\n|-status|p1a: Great Tusk|psn\n|\n|-weather|Snow|[upkeep]\n|-damage|p1a: Great Tusk|0 fnt|[from] psn\n|faint|p1a: Great Tusk\n|-end|p1a: Great Tusk|Protosynthesis|[silent]\n|upkeep\n|\n|t:|1700009101\n|switch|p1a: Dragonite|Dragonite, M|100\/100\n|turn|53\n|\n|t:|1700009108\n|-end|p2a: Weezing|ability: Neutralizing Gas\n|switch|p2a: Alomomola|Alomomola, M|100\/100\n|-damage|p2a: Alomomola|88\/100|[from] Stealth Rock\n|move|p1a: Dragonite|Earthquake|p2a: Alomomola\n|-damage|p2a: Alomomola|65\/100\n|\n|-weather|none\n|-heal|p2a: Alomomola|71\/100|[from] item: Leftovers\n|upkeep\n|turn|54\n|\n|t:|1700009112\n|move|p1a: Dragonite|Dragon Dance|p1a: Dragonite\n|-boost|p1a: Dragonite|atk|1\n|-boost|p1a: Dragonite|spe|1\n|move|p2a: Alomomola|Wish|p2a: Alomomola\n|\n|-heal|p2a: Alomomola|78\/100|[from] item: Leftovers\n|upkeep\n|turn|55\n|\n|t:|1700009118\n|move|p1a: Dragonite|Dragon Dance|p1a: Dragonite\n|-boost|p1a: Dragonite|atk|1\n|-boost|p1a: Dragonite|spe|1\n|move|p2a: Alomomola|Flip Turn|p1a: Dragonite\n|-resisted|p1a: Dragonite\n|-crit|p1a: Dragonite\n|-damage|p1a: Dragonite|95\/100\n|\n|t:|1700009120\n|switch|p2a: Dondozo|Dondozo, M|65\/100 par|[from] Flip Turn\n|-damage|p2a: Dondozo|52\/100 par|[from] Stealth Rock\n|\n|-heal|p2a: Dondozo|99\/100 par|[from] move: Wish|[wisher] Alomomola\n|-heal|p2a: Dondozo|100\/100 par|[from] item: Leftovers\n|upkeep\n|turn|56\n|\n|t:|1700009124\n|move|p1a: Dragonite|Earthquake|p2a: Dondozo\n|-damage|p2a: Dondozo|76\/100 par\n|move|p2a: Dondozo|Curse|p2a: Dondozo\n|-unboost|p2a: Dondozo|spe|1\n|-boost|p2a: Dondozo|atk|1\n|-boost|p2a: Dondozo|def|1\n|\n|-heal|p2a: Dondozo|82\/100 par|[from] item: Leftovers\n|upkeep\n|turn|57\n|\n|t:|1700009129\n|switch|p1a: Zapdos|Zapdos|66\/100\n|move|p2a: Dondozo|Wave Crash|p1a: Zapdos\n|-damage|p1a: Zapdos|10\/100\n|-damage|p2a: Dondozo|68\/100 par|[from] Recoil\n|\n|-heal|p2a: Dondozo|74\/100 par|[from] item: Leftovers\n|upkeep\n|turn|58\n|\n|t:|1700009144\n|move|p1a: Zapdos|Roost|p1a: Zapdos\n|-heal|p1a: Zapdos|60\/100\n|-singleturn|p1a: Zapdos|move: Roost\n|move|p2a: Dondozo|Wave Crash|p1a: Zapdos\n|-damage|p1a: Zapdos|10\/100\n|-damage|p2a: Dondozo|61\/100 par|[from] Recoil\n|\n|-heal|p2a: Dondozo|67\/100 par|[from] item: Leftovers\n|upkeep\n|turn|59\n|\n|t:|1700009150\n|switch|p2a: Alomomola|Alomomola, M|100\/100\n|-damage|p2a: Alomomola|88\/100|[from] Stealth Rock\n|move|p1a: Zapdos|Roost|p1a: Zapdos\n|-heal|p1a: Zapdos|60\/100\n|-singleturn|p1a: Zapdos|move: Roost\n|\n|-heal|p2a: Alomomola|94\/100|[from] item: Leftovers\n|upkeep\n|turn|60\n|\n|t:|1700009154\n|move|p1a: Zapdos|Volt Switch|p2a: Alomomola\n|-supereffective|p2a: Alomomola\n|-damage|p2a: Alomomola|36\/100\n|\n|t:|1700009162\n|switch|p1a: Slowking|Slowking-Galar, F|100\/100 brn|[from] Volt Switch\n|move|p2a: Alomomola|Wish|p2a: Alomomola\n|\n|-heal|p2a: Alomomola|42\/100|[from] item: Leftovers\n|-damage|p1a: Slowking|94\/100 brn|[from] brn\n|upkeep\n|turn|61\n|\n|t:|1700009167\n|switch|p2a: Weezing|Weezing-Galar, M|56\/100\n|-ability|p2a: Weezing|Neutralizing Gas\n|-damage|p2a: Weezing|44\/100|[from] Stealth Rock\n|move|p1a: Slowking|Future Sight|p2a: Weezing\n|-start|p1a: Slowking|move: Future Sight\n|\n|-heal|p2a: Weezing|100\/100|[from] move: Wish|[wisher] Alomomola\n|-damage|p1a: Slowking|88\/100 brn|[from] brn\n|upkeep\n|turn|62\n|\n|t:|1700009171\n|move|p2a: Weezing|Defog|p1a: Slowking\n|-unboost|p1a: Slowking|evasion|1\n|-sideend|p2: Quamnckkk|Stealth Rock|[from] move: Defog|[of] p2a: Weezing\n|move|p1a: Slowking|Chilly Reception|p1a: Slowking\n|-weather|Snow\n|\n|t:|1700009175\n|switch|p1a: Dragonite|Dragonite, M|95\/100|[from] Chilly Reception\n|\n|-weather|Snow|[upkeep]\n|upkeep\n|turn|63\n|\n|t:|1700009178\n|move|p1a: Dragonite|Earthquake|p2a: Weezing\n|-supereffective|p2a: Weezing\n|-damage|p2a: Weezing|45\/100\n|move|p2a: Weezing|Will-O-Wisp|p1a: Dragonite\n|-status|p1a: Dragonite|brn\n|\n|-weather|Snow|[upkeep]\n|-end|p2a: Weezing|move: Future Sight\n|-supereffective|p2a: Weezing\n|-damage|p2a: Weezing|0 fnt\n|faint|p2a: Weezing\n|-end|p2a: Weezing|ability: Neutralizing Gas\n|-damage|p1a: Dragonite|89\/100 brn|[from] brn\n|upkeep\n|\n|t:|1700009185\n|switch|p2a: Alomomola|Alomomola, M|75\/100\n|turn|64\n|\n|t:|1700009188\n|switch|p1a: Slowking|Slowking-Galar, F|88\/100 brn\n|move|p2a: Alomomola|Wish|p2a: Alomomola\n|\n|-weather|Snow|[upkeep]\n|-heal|p2a: Alomomola|82\/100|[from] item: Leftovers\n|-damage|p1a: Slowking|82\/100 brn|[from] brn\n|upkeep\n|turn|65\n|\n|t:|1700009192\n|move|p2a: Alomomola|Flip Turn|p1a: Slowking\n|-damage|p1a: Slowking|66\/100 brn\n|\n|t:|1700009194\n|switch|p2a: Ting-Lu|Ting-Lu|65\/100|[from] Flip Turn\n|-ability|p2a: Ting-Lu|Vessel of Ruin\n|move|p1a: Slowking|Future Sight|p2a: Ting-Lu\n|-start|p1a: Slowking|move: Future Sight\n|\n|-weather|Snow|[upkeep]\n|-heal|p2a: Ting-Lu|100\/100|[from] move: Wish|[wisher] Alomomola\n|-damage|p1a: Slowking|59\/100 brn|[from] brn\n|upkeep\n|turn|66\n|\n|t:|1700009202\n|switch|p1a: Dragonite|Dragonite, M|89\/100 brn\n|move|p2a: Ting-Lu|Stealth Rock|p1a: Dragonite\n|-sidestart|p1: Dog mendigoso|move: Stealth Rock\n|\n|-weather|none\n|-damage|p1a: Dragonite|83\/100 brn|[from] brn\n|upkeep\n|turn|67\n|\n|t:|1700009205\n|move|p1a: Dragonite|Earthquake|p2a: Ting-Lu\n|-damage|p2a: Ting-Lu|90\/100\n|move|p2a: Ting-Lu|Spikes|p1a: Dragonite\n|-sidestart|p1: Dog mendigoso|Spikes\n|\n|-end|p2a: Ting-Lu|move: Future Sight\n|-immune|p2a: Ting-Lu\n|-heal|p2a: Ting-Lu|96\/100|[from] item: Leftovers\n|-damage|p1a: Dragonite|76\/100 brn|[from] brn\n|upkeep\n|turn|68\n|\n|t:|1700009209\n|move|p1a: Dragonite|Earthquake|p2a: Ting-Lu\n|-damage|p2a: Ting-Lu|86\/100\n|move|p2a: Ting-Lu|Spikes|p1a: Dragonite\n|-sidestart|p1: Dog mendigoso|Spikes\n|\n|-heal|p2a: Ting-Lu|93\/100|[from] item: Leftovers\n|-damage|p1a: Dragonite|70\/100 brn|[from] brn\n|upkeep\n|turn|69\n|\n|t:|1700009214\n|move|p1a: Dragonite|Dragon Dance|p1a: Dragonite\n|-boost|p1a: Dragonite|atk|1\n|-boost|p1a: Dragonite|spe|1\n|move|p2a: Ting-Lu|Spikes|p1a: Dragonite\n|-sidestart|p1: Dog mendigoso|Spikes\n|\n|-heal|p2a: Ting-Lu|99\/100|[from] item: Leftovers\n|-damage|p1a: Dragonite|64\/100 brn|[from] brn\n|upkeep\n|turn|70\n|\n|t:|1700009217\n|switch|p2a: Dondozo|Dondozo, M|67\/100 par\n|move|p1a: Dragonite|Roost|p1a: Dragonite\n|-heal|p1a: Dragonite|100\/100 brn\n|-singleturn|p1a: Dragonite|move: Roost\n|\n|-heal|p2a: Dondozo|74\/100 par|[from] item: Leftovers\n|-damage|p1a: Dragonite|94\/100 brn|[from] brn\n|upkeep\n|turn|71\n|\n|t:|1700009224\n|switch|p1a: Kingambit|Kingambit, F|50\/100 brn\n|-damage|p1a: Kingambit|44\/100 brn|[from] Stealth Rock\n|-damage|p1a: Kingambit|19\/100 brn|[from] Spikes\n|-activate|p1a: Kingambit|ability: Supreme Overlord\n|-start|p1a: Kingambit|fallen2|[silent]\n|move|p2a: Dondozo|Wave Crash|p1a: Kingambit\n|-damage|p1a: Kingambit|0 fnt\n|faint|p1a: Kingambit\n|-end|p1a: Kingambit|fallen2|[silent]\n|-damage|p2a: Dondozo|69\/100 par|[from] Recoil\n|\n|-heal|p2a: Dondozo|75\/100 par|[from] item: Leftovers\n|upkeep\n|\n|t:|1700009227\n|switch|p1a: Zapdos|Zapdos|60\/100\n|-damage|p1a: Zapdos|35\/100|[from] Stealth Rock\n|turn|72\n|\n|t:|1700009231\n|switch|p2a: Alomomola|Alomomola, M|100\/100\n|move|p1a: Zapdos|Roost|p1a: Zapdos\n|-heal|p1a: Zapdos|85\/100\n|-singleturn|p1a: Zapdos|move: Roost\n|\n|upkeep\n|turn|73\n|\n|t:|1700009235\n|move|p1a: Zapdos|Hurricane|p2a: Alomomola\n|-damage|p2a: Alomomola|52\/100\n|move|p2a: Alomomola|Mirror Coat|p1a: Zapdos\n|-damage|p1a: Zapdos|0 fnt\n|faint|p1a: Zapdos\n|\n|-heal|p2a: Alomomola|59\/100|[from] item: Leftovers\n|upkeep\n|-message|Dog mendigoso forfeited.\n|\n|win|Quamnckkk\n|raw|Dog mendigoso's rating: 1804 &rarr; <strong>1790<\/strong><br \/>(-14 for losing)\n|raw|Quamnckkk's rating: 1904 &rarr; <strong>1918<\/strong><br \/>(+14 for winning)\n|l|\u2606Dog mendigoso\n","uploadtime":1700009259,"views":72,"p1id":"dogmendigoso","p2id":"quamnckkk","formatid":"gen9ou","rating":1790,"private":0,"password":""}