{"id":"gen9ou-1991150746","p1":"BoxerRobert_318","p2":"WhenFurfrousFly~_~","format":"[Gen 9] OU","log":"|j|\u2606BoxerRobert_318\n|j|\u2606WhenFurfrousFly~_~\n|t:|1700050532\n|gametype|singles\n|player|p1|BoxerRobert_318|blaine|1224\n|player|p2|WhenFurfrousFly~_~|1|1293\n|teamsize|p1|6\n|teamsize|p2|6\n|gen|9\n|tier|[Gen 9] OU\n|rated|\n|rule|Sleep Clause Mod: Limit one foe put to sleep\n|rule|Species Clause: Limit one of each Pok\u00e9mon\n|rule|OHKO Clause: OHKO moves are banned\n|rule|Evasion Items Clause: Evasion items are banned\n|rule|Evasion Moves Clause: Evasion moves are banned\n|rule|Endless Battle Clause: Forcing endless battles is banned\n|rule|HP Percentage Mod: HP is shown in percentages\n|clearpoke\n|poke|p1|Abomasnow, F|\n|poke|p1|Drifblim, F|\n|poke|p1|Ursaluna, F|\n|poke|p1|Landorus-Therian, M|\n|poke|p1|Tyranitar, F|\n|poke|p1|Iron Moth|\n|poke|p2|Zamazenta-*|\n|poke|p2|Iron Moth|\n|poke|p2|Maushold-Four|\n|poke|p2|Walking Wake|\n|poke|p2|Dragonite, F|\n|poke|p2|Kingambit, F|\n|teampreview\n|inactive|Battle timer is ON: inactive players will automatically lose when time's up. (requested by WhenFurfrousFly~_~)\n|\n|t:|1700050543\n|start\n|switch|p1a: Landorus|Landorus-Therian, M|100\/100\n|switch|p2a: Zamazenta|Zamazenta|100\/100\n|-ability|p2a: Zamazenta|Dauntless Shield|boost\n|-boost|p2a: Zamazenta|def|1\n|-ability|p1a: Landorus|Intimidate|boost\n|-unboost|p2a: Zamazenta|atk|1\n|turn|1\n|\n|t:|1700050555\n|move|p2a: Zamazenta|Substitute|p2a: Zamazenta\n|-start|p2a: Zamazenta|Substitute\n|-damage|p2a: Zamazenta|76\/100\n|move|p1a: Landorus|Stealth Rock|p2a: Zamazenta\n|-sidestart|p2: WhenFurfrousFly~_~|move: Stealth Rock\n|\n|-heal|p2a: Zamazenta|82\/100|[from] item: Leftovers\n|upkeep\n|turn|2\n|\n|t:|1700050563\n|move|p2a: Zamazenta|Iron Defense|p2a: Zamazenta\n|-boost|p2a: Zamazenta|def|2\n|move|p1a: Landorus|Earthquake|p2a: Zamazenta\n|-activate|p2a: Zamazenta|move: Substitute|[damage]\n|\n|-heal|p2a: Zamazenta|88\/100|[from] item: Leftovers\n|upkeep\n|turn|3\n|\n|t:|1700050576\n|move|p2a: Zamazenta|Iron Defense|p2a: Zamazenta\n|-boost|p2a: Zamazenta|def|2\n|move|p1a: Landorus|U-turn|p2a: Zamazenta\n|-resisted|p2a: Zamazenta\n|-activate|p2a: Zamazenta|move: Substitute|[damage]\n|inactive|BoxerRobert_318 has 120 seconds left.\n|\n|t:|1700050605\n|switch|p1a: Iron Moth|Iron Moth|100\/100|[from] U-turn\n|-enditem|p1a: Iron Moth|Booster Energy\n|-activate|p1a: Iron Moth|ability: Quark Drive|[fromitem]\n|-start|p1a: Iron Moth|quarkdrivespe\n|\n|-heal|p2a: Zamazenta|94\/100|[from] item: Leftovers\n|upkeep\n|turn|4\n|inactive|BoxerRobert_318 has 120 seconds left.\n|\n|t:|1700050626\n|move|p1a: Iron Moth|Substitute|p1a: Iron Moth\n|-start|p1a: Iron Moth|Substitute\n|-damage|p1a: Iron Moth|76\/100\n|move|p2a: Zamazenta|Body Press|p1a: Iron Moth\n|-resisted|p1a: Iron Moth\n|-end|p1a: Iron Moth|Substitute\n|\n|-heal|p2a: Zamazenta|99\/100|[from] item: Leftovers\n|upkeep\n|turn|5\n|\n|t:|1700050651\n|move|p1a: Iron Moth|Fiery Dance|p2a: Zamazenta\n|-end|p2a: Zamazenta|Substitute\n|move|p2a: Zamazenta|Body Press|p1a: Iron Moth\n|-resisted|p1a: Iron Moth\n|-damage|p1a: Iron Moth|0 fnt\n|faint|p1a: Iron Moth\n|-end|p1a: Iron Moth|Quark Drive|[silent]\n|\n|-heal|p2a: Zamazenta|100\/100|[from] item: Leftovers\n|upkeep\n|inactive|BoxerRobert_318 has 90 seconds left.\n|\n|t:|1700050689\n|switch|p1a: Ursaluna|Ursaluna, F|100\/100\n|turn|6\n|inactive|BoxerRobert_318 has 90 seconds left.\n|\n|t:|1700050710\n|move|p2a: Zamazenta|Substitute|p2a: Zamazenta\n|-start|p2a: Zamazenta|Substitute\n|-damage|p2a: Zamazenta|76\/100\n|move|p1a: Ursaluna|Facade|p2a: Zamazenta\n|-activate|p2a: Zamazenta|move: Substitute|[damage]\n|\n|-heal|p2a: Zamazenta|82\/100|[from] item: Leftovers\n|-status|p1a: Ursaluna|brn|[from] item: Flame Orb\n|upkeep\n|turn|7\n|\n|t:|1700050722\n|move|p2a: Zamazenta|Body Press|p1a: Ursaluna\n|-supereffective|p1a: Ursaluna\n|-damage|p1a: Ursaluna|0 fnt\n|faint|p1a: Ursaluna\n|\n|-heal|p2a: Zamazenta|88\/100|[from] item: Leftovers\n|upkeep\n|-message|BoxerRobert_318 forfeited.\n|\n|win|WhenFurfrousFly~_~\n|raw|BoxerRobert_318's rating: 1224 &rarr; <strong>1204<\/strong><br \/>(-20 for losing)\n|raw|WhenFurfrousFly~_~'s rating: 1293 &rarr; <strong>1313<\/strong><br \/>(+20 for winning)\n|l|\u2606BoxerRobert_318\n","uploadtime":1700050729,"views":8,"p1id":"boxerrobert318","p2id":"whenfurfrousfly","formatid":"gen9ou","rating":1204,"private":0,"password":""}