{"id":"gen9ou-1989705160","p1":"WarBearJC","p2":"zshmoneyy","format":"[Gen 9] OU","log":"|j|\u2606WarBearJC\n|j|\u2606zshmoneyy\n|t:|1699888576\n|gametype|singles\n|player|p1|WarBearJC|brock|1219\n|player|p2|zshmoneyy|ethan|1262\n|teamsize|p1|6\n|teamsize|p2|6\n|gen|9\n|tier|[Gen 9] OU\n|rated|\n|rule|Sleep Clause Mod: Limit one foe put to sleep\n|rule|Species Clause: Limit one of each Pok\u00e9mon\n|rule|OHKO Clause: OHKO moves are banned\n|rule|Evasion Items Clause: Evasion items are banned\n|rule|Evasion Moves Clause: Evasion moves are banned\n|rule|Endless Battle Clause: Forcing endless battles is banned\n|rule|HP Percentage Mod: HP is shown in percentages\n|clearpoke\n|poke|p1|Iron Treads|\n|poke|p1|Zapdos|\n|poke|p1|Dragonite, M|\n|poke|p1|Shiftry, F|\n|poke|p1|Zamazenta-*|\n|poke|p1|Grafaiai, F|\n|poke|p2|Great Tusk|\n|poke|p2|Gholdengo|\n|poke|p2|Kingambit, M|\n|poke|p2|Sylveon, M|\n|poke|p2|Dragonite, F|\n|poke|p2|Ceruledge, F|\n|teampreview\n|inactive|Battle timer is ON: inactive players will automatically lose when time's up. (requested by WarBearJC)\n|\n|t:|1699888596\n|start\n|switch|p1a: Zamazenta|Zamazenta|100\/100\n|switch|p2a: Ceruledge|Ceruledge, F|100\/100\n|-ability|p1a: Zamazenta|Dauntless Shield|boost\n|-boost|p1a: Zamazenta|def|1\n|turn|1\n|\n|t:|1699888613\n|switch|p2a: Sylveon|Sylveon, M, shiny|100\/100\n|move|p1a: Zamazenta|Moonblast|p2a: Sylveon\n|-damage|p2a: Sylveon|86\/100\n|\n|-heal|p2a: Sylveon|92\/100|[from] item: Leftovers\n|upkeep\n|turn|2\n|\n|t:|1699888624\n|switch|p1a: Iron Treads|Iron Treads|100\/100\n|move|p2a: Sylveon|Hyper Voice|p1a: Iron Treads\n|-resisted|p1a: Iron Treads\n|-damage|p1a: Iron Treads|80\/100\n|\n|-heal|p2a: Sylveon|98\/100|[from] item: Leftovers\n|upkeep\n|turn|3\n|\n|t:|1699888643\n|-end|p1a: Iron Treads|Quark Drive|[silent]\n|switch|p1a: Zapdos|Zapdos|100\/100\n|switch|p2a: Mr Cycle|Great Tusk, shiny|100\/100\n|\n|upkeep\n|turn|4\n|\n|t:|1699888651\n|move|p1a: Zapdos|Hurricane|p2a: Mr Cycle\n|-supereffective|p2a: Mr Cycle\n|-damage|p2a: Mr Cycle|0 fnt\n|faint|p2a: Mr Cycle\n|-end|p2a: Mr Cycle|Protosynthesis|[silent]\n|\n|upkeep\n|\n|t:|1699888659\n|switch|p2a: Mr President|Gholdengo|100\/100\n|turn|5\n|\n|t:|1699888665\n|move|p2a: Mr President|Shadow Ball|p1a: Zapdos\n|-damage|p1a: Zapdos|55\/100\n|move|p1a: Zapdos|Tailwind|p1a: Zapdos\n|-sidestart|p1: WarBearJC|move: Tailwind\n|\n|upkeep\n|turn|6\n|\n|t:|1699888670\n|move|p1a: Zapdos|Volt Switch|p2a: Mr President\n|-damage|p2a: Mr President|60\/100\n|\n|t:|1699888673\n|switch|p1a: Grafaiai|Grafaiai, F|100\/100|[from] Volt Switch\n|move|p2a: Mr President|Shadow Ball|p1a: Grafaiai\n|-immune|p1a: Grafaiai\n|\n|upkeep\n|turn|7\n|\n|t:|1699888682\n|switch|p2a: Dragonite|Dragonite, F|100\/100\n|move|p1a: Grafaiai|Knock Off|p2a: Dragonite\n|-damage|p2a: Dragonite|84\/100\n|-enditem|p2a: Dragonite|Heavy-Duty Boots|[from] move: Knock Off|[of] p1a: Grafaiai\n|\n|upkeep\n|turn|8\n|\n|t:|1699888692\n|move|p1a: Grafaiai|Knock Off|p2a: Dragonite\n|-damage|p2a: Dragonite|65\/100\n|move|p2a: Dragonite|Earthquake|p1a: Grafaiai\n|-supereffective|p1a: Grafaiai\n|-crit|p1a: Grafaiai\n|-damage|p1a: Grafaiai|0 fnt\n|faint|p1a: Grafaiai\n|\n|-sideend|p1: WarBearJC|move: Tailwind\n|upkeep\n|\n|t:|1699888704\n|switch|p1a: Zamazenta|Zamazenta|100\/100\n|turn|9\n|\n|t:|1699888709\n|switch|p2a: Sylveon|Sylveon, M, shiny|98\/100\n|move|p1a: Zamazenta|Moonblast|p2a: Sylveon\n|-damage|p2a: Sylveon|84\/100\n|\n|-heal|p2a: Sylveon|90\/100|[from] item: Leftovers\n|upkeep\n|turn|10\n|\n|t:|1699888721\n|switch|p1a: Iron Treads|Iron Treads|80\/100\n|move|p2a: Sylveon|Wish|p2a: Sylveon\n|\n|-heal|p2a: Sylveon|96\/100|[from] item: Leftovers\n|upkeep\n|turn|11\n|\n|t:|1699888733\n|switch|p2a: Dragonite|Dragonite, F|65\/100\n|move|p1a: Iron Treads|Knock Off|p2a: Dragonite\n|-damage|p2a: Dragonite|43\/100\n|\n|-heal|p2a: Dragonite|100\/100|[from] move: Wish|[wisher] Sylveon\n|upkeep\n|turn|12\n|\n|t:|1699888748\n|-end|p1a: Iron Treads|Quark Drive|[silent]\n|switch|p1a: Zapdos|Zapdos|55\/100\n|move|p2a: Dragonite|Dragon Dance|p2a: Dragonite\n|-boost|p2a: Dragonite|atk|1\n|-boost|p2a: Dragonite|spe|1\n|\n|upkeep\n|turn|13\n|\n|t:|1699888769\n|-terastallize|p2a: Dragonite|Normal\n|move|p2a: Dragonite|Extreme Speed|p1a: Zapdos\n|-damage|p1a: Zapdos|0 fnt\n|faint|p1a: Zapdos\n|\n|upkeep\n|\n|t:|1699888775\n|switch|p1a: Zamazenta|Zamazenta|100\/100\n|turn|14\n|\n|t:|1699888780\n|switch|p2a: Sylveon|Sylveon, M, shiny|96\/100\n|move|p1a: Zamazenta|Body Press|p2a: Sylveon\n|-resisted|p2a: Sylveon\n|-damage|p2a: Sylveon|71\/100\n|\n|-heal|p2a: Sylveon|77\/100|[from] item: Leftovers\n|upkeep\n|turn|15\n|\n|t:|1699888793\n|switch|p1a: Iron Treads|Iron Treads|80\/100\n|move|p2a: Sylveon|Wish|p2a: Sylveon\n|\n|-heal|p2a: Sylveon|83\/100|[from] item: Leftovers\n|upkeep\n|turn|16\n|\n|t:|1699888813\n|switch|p2a: Dragonite|Dragonite, F, tera:Normal|100\/100\n|move|p1a: Iron Treads|Knock Off|p2a: Dragonite\n|-damage|p2a: Dragonite|90\/100\n|\n|-heal|p2a: Dragonite|100\/100|[from] move: Wish|[wisher] Sylveon\n|upkeep\n|turn|17\n|\n|t:|1699888825\n|-end|p1a: Iron Treads|Quark Drive|[silent]\n|switch|p1a: Zamazenta|Zamazenta|100\/100\n|move|p2a: Dragonite|Earthquake|p1a: Zamazenta\n|-damage|p1a: Zamazenta|72\/100\n|\n|upkeep\n|turn|18\n|\n|t:|1699888840\n|switch|p1a: Shiftry|Shiftry, F|100\/100\n|switch|p2a: Sylveon|Sylveon, M, shiny|83\/100\n|\n|-heal|p2a: Sylveon|89\/100|[from] item: Leftovers\n|upkeep\n|turn|19\n|\n|t:|1699888849\n|-terastallize|p1a: Shiftry|Grass\n|move|p2a: Sylveon|Protect|p2a: Sylveon\n|-singleturn|p2a: Sylveon|Protect\n|move|p1a: Shiftry|Leaf Blade|p2a: Sylveon\n|-activate|p2a: Sylveon|move: Protect\n|\n|-heal|p2a: Sylveon|95\/100|[from] item: Leftovers\n|upkeep\n|turn|20\n|\n|t:|1699888868\n|switch|p2a: Ceruledge|Ceruledge, F|100\/100\n|move|p1a: Shiftry|Tailwind|p1a: Shiftry\n|-sidestart|p1: WarBearJC|move: Tailwind\n|-ability|p1a: Shiftry|Wind Rider|boost\n|-boost|p1a: Shiftry|atk|1\n|\n|upkeep\n|turn|21\n|inactive|zshmoneyy has 120 seconds left.\n|\n|t:|1699888889\n|move|p1a: Shiftry|Knock Off|p2a: Ceruledge\n|-supereffective|p2a: Ceruledge\n|-damage|p2a: Ceruledge|0 fnt\n|-enditem|p2a: Ceruledge|Safety Goggles|[from] move: Knock Off|[of] p1a: Shiftry\n|faint|p2a: Ceruledge\n|\n|upkeep\n|inactive|zshmoneyy has 120 seconds left.\n|\n|t:|1699888911\n|switch|p2a: Dragonite|Dragonite, F, tera:Normal|100\/100\n|turn|22\n|\n|t:|1699888923\n|switch|p1a: Iron Treads|Iron Treads|80\/100\n|move|p2a: Dragonite|Extreme Speed|p1a: Iron Treads\n|-resisted|p1a: Iron Treads\n|-damage|p1a: Iron Treads|58\/100\n|\n|upkeep\n|turn|23\n|\n|t:|1699888939\n|move|p1a: Iron Treads|Knock Off|p2a: Dragonite\n|-damage|p2a: Dragonite|89\/100\n|move|p2a: Dragonite|Dragon Dance|p2a: Dragonite\n|-boost|p2a: Dragonite|atk|1\n|-boost|p2a: Dragonite|spe|1\n|\n|-sideend|p1: WarBearJC|move: Tailwind\n|upkeep\n|turn|24\n|\n|t:|1699888949\n|move|p2a: Dragonite|Roost|p2a: Dragonite\n|-heal|p2a: Dragonite|100\/100\n|move|p1a: Iron Treads|Stone Edge|p2a: Dragonite\n|-damage|p2a: Dragonite|84\/100\n|\n|upkeep\n|turn|25\n|\n|t:|1699888958\n|move|p2a: Dragonite|Earthquake|p1a: Iron Treads\n|-supereffective|p1a: Iron Treads\n|-damage|p1a: Iron Treads|0 fnt\n|faint|p1a: Iron Treads\n|-end|p1a: Iron Treads|Quark Drive|[silent]\n|\n|upkeep\n|\n|t:|1699888961\n|switch|p1a: Zamazenta|Zamazenta|72\/100\n|turn|26\n|\n|t:|1699888968\n|switch|p2a: Sylveon|Sylveon, M, shiny|95\/100\n|move|p1a: Zamazenta|Body Press|p2a: Sylveon\n|-resisted|p2a: Sylveon\n|-damage|p2a: Sylveon|72\/100\n|\n|-heal|p2a: Sylveon|78\/100|[from] item: Leftovers\n|upkeep\n|turn|27\n|\n|t:|1699888977\n|switch|p1a: Shiftry|Shiftry, F, tera:Grass|100\/100\n|move|p2a: Sylveon|Hyper Voice|p1a: Shiftry\n|-damage|p1a: Shiftry|38\/100\n|\n|-heal|p2a: Sylveon|84\/100|[from] item: Leftovers\n|upkeep\n|turn|28\n|inactive|zshmoneyy has 120 seconds left.\n|\n|t:|1699889008\n|move|p1a: Shiftry|Leaf Blade|p2a: Sylveon\n|-crit|p2a: Sylveon\n|-damage|p2a: Sylveon|0 fnt\n|faint|p2a: Sylveon\n|\n|upkeep\n|\n|t:|1699889017\n|switch|p2a: Mr President|Gholdengo|60\/100\n|turn|29\n|inactive|zshmoneyy has 120 seconds left.\n|\n|t:|1699889034\n|move|p2a: Mr President|Shadow Ball|p1a: Shiftry\n|-damage|p1a: Shiftry|0 fnt\n|faint|p1a: Shiftry\n|\n|upkeep\n|\n|t:|1699889037\n|switch|p1a: Dragonite|Dragonite, M|100\/100\n|turn|30\n|\n|t:|1699889046\n|move|p2a: Mr President|Shadow Ball|p1a: Dragonite\n|-damage|p1a: Dragonite|76\/100\n|-unboost|p1a: Dragonite|spd|1\n|move|p1a: Dragonite|Earthquake|p2a: Mr President\n|-supereffective|p2a: Mr President\n|-crit|p2a: Mr President\n|-damage|p2a: Mr President|0 fnt\n|faint|p2a: Mr President\n|\n|upkeep\n|inactive|zshmoneyy has 120 seconds left.\n|\n|t:|1699889063\n|switch|p2a: Dragonite|Dragonite, F, tera:Normal|84\/100\n|turn|31\n|\n|t:|1699889070\n|switch|p1a: Zamazenta|Zamazenta|72\/100\n|move|p2a: Dragonite|Dragon Dance|p2a: Dragonite\n|-boost|p2a: Dragonite|atk|1\n|-boost|p2a: Dragonite|spe|1\n|-enditem|p1a: Zamazenta|Mirror Herb\n|-boost|p1a: Zamazenta|atk|1|[from] item: Mirror Herb\n|-boost|p1a: Zamazenta|spe|1|[from] item: Mirror Herb\n|\n|upkeep\n|turn|32\n|inactive|zshmoneyy has 120 seconds left.\n|\n|t:|1699889087\n|move|p2a: Dragonite|Extreme Speed|p1a: Zamazenta\n|-damage|p1a: Zamazenta|16\/100\n|move|p1a: Zamazenta|Iron Defense|p1a: Zamazenta\n|-boost|p1a: Zamazenta|def|2\n|\n|upkeep\n|turn|33\n|inactive|zshmoneyy has 120 seconds left.\n|\n|t:|1699889097\n|move|p2a: Dragonite|Extreme Speed|p1a: Zamazenta\n|-damage|p1a: Zamazenta|0 fnt\n|faint|p1a: Zamazenta\n|\n|upkeep\n|\n|t:|1699889101\n|switch|p1a: Dragonite|Dragonite, M|76\/100\n|turn|34\n|\n|t:|1699889109\n|move|p2a: Dragonite|Extreme Speed|p1a: Dragonite\n|-crit|p1a: Dragonite\n|-damage|p1a: Dragonite|0 fnt\n|faint|p1a: Dragonite\n|\n|win|zshmoneyy\n|raw|WarBearJC's rating: 1219 &rarr; <strong>1197<\/strong><br \/>(-22 for losing)\n|raw|zshmoneyy's rating: 1262 &rarr; <strong>1284<\/strong><br \/>(+22 for winning)\n|l|\u2606WarBearJC\n","uploadtime":1699889118,"views":9,"p1id":"warbearjc","p2id":"zshmoneyy","formatid":"gen9ou","rating":1197,"private":0,"password":""}