{"id":"gen9ou-1990582426","p1":"Argentavis_Gaming","p2":"RealYellow","format":"[Gen 9] OU","log":"|j|\u2606Argentavis_Gaming\n|j|\u2606RealYellow\n|t:|1699983275\n|gametype|singles\n|player|p1|Argentavis_Gaming|unknown|\n|player|p2|RealYellow|larry|\n|teamsize|p1|6\n|teamsize|p2|6\n|gen|9\n|tier|[Gen 9] OU\n|rule|Sleep Clause Mod: Limit one foe put to sleep\n|rule|Species Clause: Limit one of each Pok\u00e9mon\n|rule|OHKO Clause: OHKO moves are banned\n|rule|Evasion Items Clause: Evasion items are banned\n|rule|Evasion Moves Clause: Evasion moves are banned\n|rule|Endless Battle Clause: Forcing endless battles is banned\n|rule|HP Percentage Mod: HP is shown in percentages\n|clearpoke\n|poke|p1|Ogerpon-Wellspring, F|\n|poke|p1|Moltres|\n|poke|p1|Okidogi, M|\n|poke|p1|Iron Treads|\n|poke|p1|Dragonite, M|\n|poke|p1|Iron Valiant|\n|poke|p2|Glimmora, F|\n|poke|p2|Zamazenta-*|\n|poke|p2|Gholdengo|\n|poke|p2|Kingambit, M|\n|poke|p2|Ogerpon-Wellspring, F|\n|poke|p2|Iron Valiant|\n|teampreview\n|c|\u2606RealYellow|Here it goes\n|\n|t:|1699983292\n|start\n|switch|p1a: Amongla Swag|Iron Treads|100\/100\n|switch|p2a: Geeta|Glimmora, F|100\/100\n|turn|1\n|\n|t:|1699983303\n|move|p1a: Amongla Swag|Earthquake|p2a: Geeta\n|-supereffective|p2a: Geeta\n|-enditem|p2a: Geeta|Focus Sash\n|-damage|p2a: Geeta|1\/100\n|-activate|p2a: Geeta|ability: Toxic Debris\n|-sidestart|p1: Argentavis_Gaming|move: Toxic Spikes\n|move|p2a: Geeta|Spikes|p1a: Amongla Swag\n|-sidestart|p1: Argentavis_Gaming|Spikes\n|\n|upkeep\n|turn|2\n|\n|t:|1699983330\n|move|p1a: Amongla Swag|Rapid Spin|p2a: Geeta\n|-resisted|p2a: Geeta\n|-damage|p2a: Geeta|0 fnt\n|-boost|p1a: Amongla Swag|spe|1\n|-activate|p2a: Geeta|ability: Toxic Debris\n|-sidestart|p1: Argentavis_Gaming|move: Toxic Spikes\n|-sideend|p1: Argentavis_Gaming|Spikes|[from] move: Rapid Spin|[of] p1a: Amongla Swag\n|-sideend|p1: Argentavis_Gaming|Toxic Spikes|[from] move: Rapid Spin|[of] p1a: Amongla Swag\n|faint|p2a: Geeta\n|\n|upkeep\n|c|\u2606RealYellow|!weak steel\n|c| RealYellow|\/raw <div class=\"infobox\">Steel:<br \/><span class=\"message-effect-weak\">Weaknesses<\/span>: Fighting, Fire, Ground<br \/><span class=\"message-effect-resist\">Resistances<\/span>: Bug, Dragon, Fairy, Flying, Grass, Ice, Normal, Psychic, Rock, Steel<br \/><span class=\"message-effect-immune\">Immunities<\/span>: Poison, Sandstorm damage, Toxic<\/div>\n|\n|t:|1699983380\n|switch|p2a: Cheese|Gholdengo|100\/100\n|-item|p2a: Cheese|Air Balloon\n|turn|3\n|\n|t:|1699983394\n|move|p1a: Amongla Swag|Stealth Rock|p2a: Cheese\n|-sidestart|p2: RealYellow|move: Stealth Rock\n|move|p2a: Cheese|Nasty Plot|p2a: Cheese\n|-boost|p2a: Cheese|spa|2\n|\n|upkeep\n|turn|4\n|\n|t:|1699983404\n|move|p1a: Amongla Swag|Volt Switch|p2a: Cheese\n|-damage|p2a: Cheese|87\/100\n|-enditem|p2a: Cheese|Air Balloon\n|\n|t:|1699983405\n|-end|p1a: Amongla Swag|Quark Drive|[silent]\n|switch|p1a: LK-9T9|Iron Valiant, shiny|100\/100|[from] Volt Switch\n|-enditem|p1a: LK-9T9|Booster Energy\n|-activate|p1a: LK-9T9|ability: Quark Drive|[fromitem]\n|-start|p1a: LK-9T9|quarkdrivespe\n|move|p2a: Cheese|Shadow Ball|p1a: LK-9T9\n|-damage|p1a: LK-9T9|0 fnt\n|faint|p1a: LK-9T9\n|-end|p1a: LK-9T9|Quark Drive|[silent]\n|\n|upkeep\n|\n|t:|1699983409\n|switch|p1a: Amongla Swag|Iron Treads|100\/100\n|turn|5\n|\n|t:|1699983420\n|-terastallize|p2a: Cheese|Flying\n|move|p1a: Amongla Swag|Earthquake|p2a: Cheese\n|-immune|p2a: Cheese\n|move|p2a: Cheese|Shadow Ball|p1a: Amongla Swag\n|-damage|p1a: Amongla Swag|0 fnt\n|faint|p1a: Amongla Swag\n|-end|p1a: Amongla Swag|Quark Drive|[silent]\n|\n|upkeep\n|\n|t:|1699983424\n|switch|p1a: Ogerpon|Ogerpon-Wellspring, F|100\/100\n|turn|6\n|c|\u2606RealYellow|Huge\n|\n|t:|1699983448\n|-terastallize|p1a: Ogerpon|Water\n|detailschange|p1a: Ogerpon|Ogerpon-Wellspring-Tera, F, tera:Water\n|-ability|p1a: Ogerpon|Embody Aspect (Wellspring)|boost\n|-boost|p1a: Ogerpon|spd|1\n|move|p1a: Ogerpon|Ivy Cudgel|p2a: Cheese|[anim] Ivy Cudgel Water\n|-damage|p2a: Cheese|1\/100\n|move|p2a: Cheese|Shadow Ball|p1a: Ogerpon\n|-damage|p1a: Ogerpon|32\/100\n|\n|upkeep\n|turn|7\n|\n|t:|1699983461\n|move|p1a: Ogerpon|Trailblaze|p2a: Cheese\n|-resisted|p2a: Cheese\n|-damage|p2a: Cheese|0 fnt\n|-boost|p1a: Ogerpon|spe|1\n|faint|p2a: Cheese\n|\n|upkeep\n|\n|t:|1699983472\n|switch|p2a: 1. e4 e5 2. f4|Kingambit, M|100\/100\n|-damage|p2a: 1. e4 e5 2. f4|94\/100|[from] Stealth Rock\n|-activate|p2a: 1. e4 e5 2. f4|ability: Supreme Overlord\n|-start|p2a: 1. e4 e5 2. f4|fallen2|[silent]\n|turn|8\n|\n|t:|1699983480\n|switch|p1a: Bi-Han|Okidogi, M|100\/100\n|move|p2a: 1. e4 e5 2. f4|Sucker Punch||[still]\n|-fail|p2a: 1. e4 e5 2. f4\n|\n|upkeep\n|turn|9\n|c|\u2606RealYellow|Ah crap\n|\n|t:|1699983518\n|-end|p2a: 1. e4 e5 2. f4|fallen2|[silent]\n|switch|p2a: Shield|Zamazenta|100\/100\n|-damage|p2a: Shield|94\/100|[from] Stealth Rock\n|-ability|p2a: Shield|Dauntless Shield|boost\n|-boost|p2a: Shield|def|1\n|move|p1a: Bi-Han|Poison Jab|p2a: Shield\n|-damage|p2a: Shield|72\/100\n|-status|p2a: Shield|psn\n|\n|-heal|p2a: Shield|79\/100 psn|[from] item: Leftovers\n|-damage|p2a: Shield|66\/100 psn|[from] psn\n|upkeep\n|turn|10\n|\n|t:|1699983549\n|switch|p1a: Chicken|Moltres, shiny|100\/100\n|move|p2a: Shield|Iron Defense|p2a: Shield\n|-boost|p2a: Shield|def|2\n|\n|-heal|p2a: Shield|72\/100 psn|[from] item: Leftovers\n|-damage|p2a: Shield|60\/100 psn|[from] psn\n|upkeep\n|turn|11\n|\n|t:|1699983558\n|move|p2a: Shield|Crunch|p1a: Chicken\n|-damage|p1a: Chicken|84\/100\n|move|p1a: Chicken|Flamethrower|p2a: Shield\n|-damage|p2a: Shield|29\/100 psn\n|\n|-heal|p2a: Shield|36\/100 psn|[from] item: Leftovers\n|-damage|p2a: Shield|23\/100 psn|[from] psn\n|upkeep\n|turn|12\n|c|\u2606RealYellow|Uh oh\n|\n|t:|1699983579\n|move|p2a: Shield|Crunch|p1a: Chicken\n|-damage|p1a: Chicken|69\/100\n|move|p1a: Chicken|U-turn|p2a: Shield\n|-resisted|p2a: Shield\n|-damage|p2a: Shield|21\/100 psn\n|\n|t:|1699983581\n|switch|p1a: Bi-Han|Okidogi, M|100\/100|[from] U-turn\n|\n|-heal|p2a: Shield|27\/100 psn|[from] item: Leftovers\n|-damage|p2a: Shield|15\/100 psn|[from] psn\n|upkeep\n|turn|13\n|\n|t:|1699983594\n|move|p2a: Shield|Body Press|p1a: Bi-Han\n|-resisted|p1a: Bi-Han\n|-damage|p1a: Bi-Han|70\/100\n|move|p1a: Bi-Han|Bulk Up|p1a: Bi-Han\n|-boost|p1a: Bi-Han|atk|1\n|-boost|p1a: Bi-Han|def|1\n|\n|-heal|p2a: Shield|21\/100 psn|[from] item: Leftovers\n|-heal|p1a: Bi-Han|76\/100|[from] item: Leftovers\n|-damage|p2a: Shield|9\/100 psn|[from] psn\n|upkeep\n|turn|14\n|\n|t:|1699983609\n|move|p2a: Shield|Body Press|p1a: Bi-Han\n|-resisted|p1a: Bi-Han\n|-damage|p1a: Bi-Han|56\/100\n|move|p1a: Bi-Han|Drain Punch|p2a: Shield\n|-damage|p2a: Shield|0 fnt\n|-heal|p1a: Bi-Han|60\/100|[from] drain|[of] p2a: Shield\n|faint|p2a: Shield\n|\n|-heal|p1a: Bi-Han|66\/100|[from] item: Leftovers\n|upkeep\n|c|\u2606RealYellow|The dog cooks\n|c|\u2606RealYellow|I think I might lose here\n|\n|t:|1699983677\n|switch|p2a: Gardelade|Iron Valiant|100\/100\n|-damage|p2a: Gardelade|94\/100|[from] Stealth Rock\n|-enditem|p2a: Gardelade|Booster Energy\n|-activate|p2a: Gardelade|ability: Quark Drive|[fromitem]\n|-start|p2a: Gardelade|quarkdrivespe\n|turn|15\n|\n|t:|1699983688\n|move|p2a: Gardelade|Knock Off|p1a: Bi-Han\n|-resisted|p1a: Bi-Han\n|-damage|p1a: Bi-Han|57\/100\n|-enditem|p1a: Bi-Han|Leftovers|[from] move: Knock Off|[of] p2a: Gardelade\n|move|p1a: Bi-Han|Poison Jab|p2a: Gardelade\n|-supereffective|p2a: Gardelade\n|-damage|p2a: Gardelade|0 fnt\n|faint|p2a: Gardelade\n|-end|p2a: Gardelade|Quark Drive|[silent]\n|\n|upkeep\n|\n|t:|1699983703\n|switch|p2a: Waterpon|Ogerpon-Wellspring, F|100\/100\n|-damage|p2a: Waterpon|88\/100|[from] Stealth Rock\n|turn|16\n|c|\u2606RealYellow|Gg\n|\n|t:|1699983711\n|move|p2a: Waterpon|Ivy Cudgel|p1a: Bi-Han|[anim] Ivy Cudgel Water\n|-damage|p1a: Bi-Han|27\/100\n|move|p1a: Bi-Han|Drain Punch|p2a: Waterpon\n|-damage|p2a: Waterpon|14\/100\n|-heal|p1a: Bi-Han|56\/100|[from] drain|[of] p2a: Waterpon\n|-status|p2a: Waterpon|tox|[from] ability: Toxic Chain|[of] p1a: Bi-Han\n|\n|-damage|p2a: Waterpon|8\/100 tox|[from] psn\n|upkeep\n|turn|17\n|\n|t:|1699983727\n|switch|p1a: Ogerpon|Ogerpon-Wellspring-Tera, F, tera:Water|32\/100\n|-ability|p1a: Ogerpon|Embody Aspect (Wellspring)|boost\n|-boost|p1a: Ogerpon|spd|1\n|move|p2a: Waterpon|Ivy Cudgel|p1a: Ogerpon|[anim] Ivy Cudgel Water\n|-resisted|p1a: Ogerpon\n|-damage|p1a: Ogerpon|0 fnt\n|faint|p1a: Ogerpon\n|\n|-damage|p2a: Waterpon|0 fnt|[from] psn\n|faint|p2a: Waterpon\n|upkeep\n|\n|t:|1699983738\n|switch|p1a: Bi-Han|Okidogi, M|56\/100\n|switch|p2a: 1. e4 e5 2. f4|Kingambit, M|94\/100\n|-damage|p2a: 1. e4 e5 2. f4|88\/100|[from] Stealth Rock\n|-activate|p2a: 1. e4 e5 2. f4|ability: Supreme Overlord\n|-start|p2a: 1. e4 e5 2. f4|fallen5|[silent]\n|turn|18\n|\n|t:|1699983758\n|move|p2a: 1. e4 e5 2. f4|Sucker Punch|p1a: Bi-Han\n|-resisted|p1a: Bi-Han\n|-damage|p1a: Bi-Han|25\/100\n|move|p1a: Bi-Han|Drain Punch|p2a: 1. e4 e5 2. f4\n|-supereffective|p2a: 1. e4 e5 2. f4\n|-damage|p2a: 1. e4 e5 2. f4|0 fnt\n|-heal|p1a: Bi-Han|64\/100|[from] drain|[of] p2a: 1. e4 e5 2. f4\n|faint|p2a: 1. e4 e5 2. f4\n|-end|p2a: 1. e4 e5 2. f4|fallen5|[silent]\n|\n|win|Argentavis_Gaming\n|c|\u2606RealYellow|Gg\n|c|\u2606Argentavis_Gaming|dog\n|c|\u2606RealYellow|Game 1 over\n","uploadtime":1699983768,"views":15,"p1id":"argentavisgaming","p2id":"realyellow","formatid":"gen9ou","rating":0,"private":0,"password":""}