{"id":"gen9ou-1990563399","p1":"littensalt","p2":"Lassoloc","format":"[Gen 9] OU","log":"|j|\u2606littensalt\n|j|\u2606Lassoloc\n|t:|1699981732\n|gametype|singles\n|player|p1|littensalt|calem|1360\n|player|p2|Lassoloc|marnie|1324\n|teamsize|p1|6\n|teamsize|p2|6\n|gen|9\n|tier|[Gen 9] OU\n|rated|\n|rule|Sleep Clause Mod: Limit one foe put to sleep\n|rule|Species Clause: Limit one of each Pok\u00e9mon\n|rule|OHKO Clause: OHKO moves are banned\n|rule|Evasion Items Clause: Evasion items are banned\n|rule|Evasion Moves Clause: Evasion moves are banned\n|rule|Endless Battle Clause: Forcing endless battles is banned\n|rule|HP Percentage Mod: HP is shown in percentages\n|clearpoke\n|poke|p1|Thundurus-Therian, M|\n|poke|p1|Weezing-Galar, M|\n|poke|p1|Cinderace, F|\n|poke|p1|Dragapult, M|\n|poke|p1|Greninja-*, M|\n|poke|p1|Zamazenta-*|\n|poke|p2|Ogerpon-Cornerstone, F|\n|poke|p2|Enamorus, F|\n|poke|p2|Quaquaval, F|\n|poke|p2|Corviknight, M|\n|poke|p2|Slowking-Galar, M|\n|poke|p2|Gastrodon-East, F|\n|teampreview\n|\n|t:|1699981759\n|start\n|switch|p1a: FRANCHISE|Cinderace, F|100\/100\n|switch|p2a: Slowking|Slowking-Galar, M, shiny|100\/100\n|turn|1\n|\n|t:|1699981786\n|move|p1a: FRANCHISE|U-turn|p2a: Slowking\n|-start|p1a: FRANCHISE|typechange|Bug|[from] ability: Libero\n|-damage|p2a: Slowking|67\/100\n|\n|t:|1699981790\n|switch|p1a: wheezy outta here|Weezing-Galar, M, shiny|100\/100|[from] U-turn\n|-ability|p1a: wheezy outta here|Neutralizing Gas\n|move|p2a: Slowking|Sludge Bomb|p1a: wheezy outta here\n|-damage|p1a: wheezy outta here|53\/100\n|\n|upkeep\n|turn|2\n|\n|t:|1699981809\n|-end|p1a: wheezy outta here|ability: Neutralizing Gas\n|switch|p1a: N95|Greninja, M|100\/100\n|move|p2a: Slowking|Sludge Bomb|p1a: N95\n|-damage|p1a: N95|50\/100\n|\n|upkeep\n|turn|3\n|\n|t:|1699981818\n|switch|p2a: Gastrodon|Gastrodon-East, F|100\/100\n|move|p1a: N95|Hydro Pump|p2a: Gastrodon\n|-ability|p2a: Gastrodon|Storm Drain|boost\n|-boost|p2a: Gastrodon|spa|1\n|\n|upkeep\n|turn|4\n|\n|t:|1699981828\n|move|p1a: N95|Grass Knot|p2a: Gastrodon\n|-supereffective|p2a: Gastrodon\n|-damage|p2a: Gastrodon|15\/100\n|-damage|p1a: N95|40\/100|[from] item: Life Orb\n|move|p2a: Gastrodon|Earth Power|p1a: N95\n|-damage|p1a: N95|0 fnt\n|faint|p1a: N95\n|\n|upkeep\n|\n|t:|1699981842\n|switch|p1a: KIDS SEE GHOST|Dragapult, M, shiny|100\/100\n|turn|5\n|\n|t:|1699981846\n|move|p1a: KIDS SEE GHOST|Shadow Ball|p2a: Gastrodon\n|-damage|p2a: Gastrodon|0 fnt\n|faint|p2a: Gastrodon\n|\n|upkeep\n|\n|t:|1699981850\n|switch|p2a: A\u20b5AB Rocky|Ogerpon-Cornerstone, F|100\/100\n|turn|6\n|\n|t:|1699981853\n|switch|p1a: wheezy outta here|Weezing-Galar, M, shiny|53\/100\n|-ability|p1a: wheezy outta here|Neutralizing Gas\n|move|p2a: A\u20b5AB Rocky|Knock Off|p1a: wheezy outta here\n|-resisted|p1a: wheezy outta here\n|-damage|p1a: wheezy outta here|40\/100\n|-damage|p2a: A\u20b5AB Rocky|84\/100|[from] item: Rocky Helmet|[of] p1a: wheezy outta here\n|-enditem|p1a: wheezy outta here|Rocky Helmet|[from] move: Knock Off|[of] p2a: A\u20b5AB Rocky\n|\n|upkeep\n|turn|7\n|inactive|Battle timer is ON: inactive players will automatically lose when time's up. (requested by littensalt)\n|\n|t:|1699981886\n|move|p2a: A\u20b5AB Rocky|Ivy Cudgel|p1a: wheezy outta here|[anim] Ivy Cudgel Rock\n|-damage|p1a: wheezy outta here|4\/100\n|move|p1a: wheezy outta here|Pain Split|p2a: A\u20b5AB Rocky\n|-sethp|p2a: A\u20b5AB Rocky|44\/100|[from] move: Pain Split|[silent]\n|-sethp|p1a: wheezy outta here|40\/100|[from] move: Pain Split\n|\n|upkeep\n|turn|8\n|\n|t:|1699981892\n|move|p2a: A\u20b5AB Rocky|Ivy Cudgel|p1a: wheezy outta here|[anim] Ivy Cudgel Rock\n|-damage|p1a: wheezy outta here|0 fnt\n|faint|p1a: wheezy outta here\n|-end|p1a: wheezy outta here|ability: Neutralizing Gas\n|\n|upkeep\n|\n|t:|1699981900\n|switch|p1a: KIDS SEE GHOST|Dragapult, M, shiny|100\/100\n|turn|9\n|\n|t:|1699981906\n|move|p1a: KIDS SEE GHOST|Shadow Ball|p2a: A\u20b5AB Rocky\n|-damage|p2a: A\u20b5AB Rocky|0 fnt\n|faint|p2a: A\u20b5AB Rocky\n|\n|upkeep\n|\n|t:|1699981914\n|switch|p2a: Enamorus|Enamorus, F|100\/100\n|turn|10\n|\n|t:|1699981935\n|switch|p1a: 5g|Thundurus-Therian, M, shiny|100\/100\n|move|p2a: Enamorus|Draining Kiss|p1a: 5g\n|-crit|p1a: 5g\n|-damage|p1a: 5g|24\/100\n|\n|upkeep\n|turn|11\n|\n|t:|1699981948\n|switch|p2a: Slowking|Slowking-Galar, M, shiny|99\/100\n|switch|p1a: FRANCHISE|Cinderace, F|100\/100\n|\n|upkeep\n|turn|12\n|\n|t:|1699981953\n|move|p1a: FRANCHISE|U-turn|p2a: Slowking\n|-start|p1a: FRANCHISE|typechange|Bug|[from] ability: Libero\n|-damage|p2a: Slowking|66\/100\n|\n|t:|1699981956\n|switch|p1a: 5g|Thundurus-Therian, M, shiny|24\/100|[from] U-turn\n|move|p2a: Slowking|Sludge Bomb|p1a: 5g\n|-damage|p1a: 5g|0 fnt\n|faint|p1a: 5g\n|\n|upkeep\n|\n|t:|1699981962\n|switch|p1a: KIDS SEE GHOST|Dragapult, M, shiny|100\/100\n|turn|13\n|\n|t:|1699981967\n|switch|p2a: Corviknight|Corviknight, M|100\/100\n|move|p1a: KIDS SEE GHOST|Shadow Ball|p2a: Corviknight\n|-damage|p2a: Corviknight|47\/100\n|\n|-heal|p2a: Corviknight|53\/100|[from] item: Leftovers\n|upkeep\n|turn|14\n|\n|t:|1699981971\n|move|p1a: KIDS SEE GHOST|Shadow Ball|p2a: Corviknight\n|-damage|p2a: Corviknight|2\/100\n|-ability|p2a: Corviknight|Mirror Armor\n|-unboost|p1a: KIDS SEE GHOST|spd|1\n|move|p2a: Corviknight|U-turn|p1a: KIDS SEE GHOST\n|-resisted|p1a: KIDS SEE GHOST\n|-damage|p1a: KIDS SEE GHOST|91\/100\n|\n|t:|1699981974\n|switch|p2a: Enamorus|Enamorus, F|100\/100|[from] U-turn\n|\n|upkeep\n|turn|15\n|\n|t:|1699981991\n|switch|p1a: FRANCHISE|Cinderace, F|100\/100\n|move|p2a: Enamorus|Draining Kiss|p1a: FRANCHISE\n|-resisted|p1a: FRANCHISE\n|-damage|p1a: FRANCHISE|71\/100\n|\n|upkeep\n|turn|16\n|\n|t:|1699981999\n|switch|p2a: Corviknight|Corviknight, M|2\/100\n|move|p1a: FRANCHISE|U-turn|p2a: Corviknight\n|-start|p1a: FRANCHISE|typechange|Bug|[from] ability: Libero\n|-resisted|p2a: Corviknight\n|-damage|p2a: Corviknight|0 fnt\n|faint|p2a: Corviknight\n|\n|t:|1699982001\n|switch|p1a: KIDS SEE GHOST|Dragapult, M, shiny|91\/100|[from] U-turn\n|\n|upkeep\n|\n|t:|1699982004\n|switch|p2a: Enamorus|Enamorus, F|100\/100\n|turn|17\n|\n|t:|1699982009\n|move|p1a: KIDS SEE GHOST|Shadow Ball|p2a: Enamorus\n|-damage|p2a: Enamorus|31\/100\n|move|p2a: Enamorus|Draining Kiss|p1a: KIDS SEE GHOST\n|-supereffective|p1a: KIDS SEE GHOST\n|-damage|p1a: KIDS SEE GHOST|0 fnt\n|-heal|p2a: Enamorus|100\/100|[from] drain|[of] p1a: KIDS SEE GHOST\n|faint|p1a: KIDS SEE GHOST\n|\n|upkeep\n|\n|t:|1699982015\n|switch|p1a: FRANCHISE|Cinderace, F|71\/100\n|turn|18\n|\n|t:|1699982018\n|switch|p2a: Slowking|Slowking-Galar, M, shiny|99\/100\n|move|p1a: FRANCHISE|Pyro Ball|p2a: Slowking\n|-damage|p2a: Slowking|43\/100\n|\n|upkeep\n|turn|19\n|\n|t:|1699982022\n|move|p1a: FRANCHISE|Pyro Ball|p2a: Slowking\n|-damage|p2a: Slowking|0 fnt\n|faint|p2a: Slowking\n|\n|upkeep\n|\n|t:|1699982025\n|switch|p2a: Enamorus|Enamorus, F|100\/100\n|turn|20\n|\n|t:|1699982029\n|move|p1a: FRANCHISE|U-turn|p2a: Enamorus\n|-start|p1a: FRANCHISE|typechange|Bug|[from] ability: Libero\n|-resisted|p2a: Enamorus\n|-crit|p2a: Enamorus\n|-damage|p2a: Enamorus|82\/100\n|\n|t:|1699982030\n|switch|p1a: november|Zamazenta|100\/100|[from] U-turn\n|-ability|p1a: november|Dauntless Shield|boost\n|-boost|p1a: november|def|1\n|move|p2a: Enamorus|Earth Power|p1a: november\n|-damage|p1a: november|65\/100\n|\n|-heal|p1a: november|71\/100|[from] item: Leftovers\n|upkeep\n|turn|21\n|\n|t:|1699982043\n|switch|p2a: Quaquaval|Quaquaval, F, shiny|100\/100\n|move|p1a: november|Substitute|p1a: november\n|-start|p1a: november|Substitute\n|-damage|p1a: november|46\/100\n|\n|-heal|p1a: november|52\/100|[from] item: Leftovers\n|upkeep\n|turn|22\n|\n|t:|1699982046\n|move|p1a: november|Iron Defense|p1a: november\n|-boost|p1a: november|def|2\n|move|p2a: Quaquaval|Aqua Step|p1a: november\n|-activate|p1a: november|move: Substitute|[damage]\n|-boost|p2a: Quaquaval|spe|1\n|\n|-heal|p1a: november|58\/100|[from] item: Leftovers\n|upkeep\n|turn|23\n|\n|t:|1699982052\n|move|p1a: november|Iron Defense|p1a: november\n|-boost|p1a: november|def|2\n|move|p2a: Quaquaval|Low Kick|p1a: november\n|-end|p1a: november|Substitute\n|\n|-heal|p1a: november|65\/100|[from] item: Leftovers\n|upkeep\n|turn|24\n|\n|t:|1699982060\n|move|p1a: november|Substitute|p1a: november\n|-start|p1a: november|Substitute\n|-damage|p1a: november|40\/100\n|move|p2a: Quaquaval|Low Kick|p1a: november\n|-activate|p1a: november|move: Substitute|[damage]\n|\n|-heal|p1a: november|46\/100|[from] item: Leftovers\n|upkeep\n|turn|25\n|\n|t:|1699982065\n|move|p1a: november|Body Press|p2a: Quaquaval\n|-damage|p2a: Quaquaval|0 fnt\n|faint|p2a: Quaquaval\n|\n|-heal|p1a: november|52\/100|[from] item: Leftovers\n|upkeep\n|\n|t:|1699982067\n|switch|p2a: Enamorus|Enamorus, F|82\/100\n|turn|26\n|\n|t:|1699982075\n|-terastallize|p2a: Enamorus|Fairy\n|move|p1a: november|Body Press|p2a: Enamorus\n|-resisted|p2a: Enamorus\n|-damage|p2a: Enamorus|0 fnt\n|faint|p2a: Enamorus\n|\n|win|littensalt\n|raw|littensalt's rating: 1360 &rarr; <strong>1378<\/strong><br \/>(+18 for winning)\n|raw|Lassoloc's rating: 1324 &rarr; <strong>1306<\/strong><br \/>(-18 for losing)\n|l|\u2606Lassoloc\n|c|\u2606littensalt|ggwp\n","uploadtime":1699982092,"views":5,"p1id":"littensalt","p2id":"lassoloc","formatid":"gen9ou","rating":1306,"private":0,"password":""}