{"id":"gen9ou-1997759566","p1":"wittelotus","p2":"fabxorusVGC","format":"[Gen 9] OU","log":"|j|\u2606wittelotus\n|j|\u2606fabxorusVGC\n|t:|1700849675\n|gametype|singles\n|player|p1|wittelotus|266|1115\n|player|p2|fabxorusVGC|hilbert|1147\n|teamsize|p1|6\n|teamsize|p2|6\n|gen|9\n|tier|[Gen 9] OU\n|rated|\n|rule|Sleep Clause Mod: Limit one foe put to sleep\n|rule|Species Clause: Limit one of each Pok\u00e9mon\n|rule|OHKO Clause: OHKO moves are banned\n|rule|Evasion Items Clause: Evasion items are banned\n|rule|Evasion Moves Clause: Evasion moves are banned\n|rule|Endless Battle Clause: Forcing endless battles is banned\n|rule|HP Percentage Mod: HP is shown in percentages\n|clearpoke\n|poke|p1|Ting-Lu|\n|poke|p1|Gholdengo|\n|poke|p1|Enamorus, F|\n|poke|p1|Great Tusk|\n|poke|p1|Volcanion|\n|poke|p1|Amoonguss, F|\n|poke|p2|Armarouge, M|\n|poke|p2|Gyarados, M|\n|poke|p2|Arcanine, M|\n|poke|p2|Corviknight, M|\n|poke|p2|Milotic, F|\n|poke|p2|Garchomp, M|\n|teampreview\n|inactive|Battle timer is ON: inactive players will automatically lose when time's up. (requested by fabxorusVGC)\n|\n|t:|1700849687\n|start\n|switch|p1a: The Dark Lord|Ting-Lu|100\/100\n|switch|p2a: Garchomp|Garchomp, M|100\/100\n|-ability|p1a: The Dark Lord|Vessel of Ruin\n|turn|1\n|\n|t:|1700849699\n|-terastallize|p1a: The Dark Lord|Ghost\n|move|p2a: Garchomp|Swords Dance|p2a: Garchomp\n|-boost|p2a: Garchomp|atk|2\n|move|p1a: The Dark Lord|Ruination|p2a: Garchomp\n|-damage|p2a: Garchomp|50\/100\n|\n|upkeep\n|turn|2\n|\n|t:|1700849715\n|move|p2a: Garchomp|Earthquake|p1a: The Dark Lord\n|-damage|p1a: The Dark Lord|41\/100\n|move|p1a: The Dark Lord|Whirlwind|p2a: Garchomp\n|drag|p2a: Corviknight|Corviknight, M, shiny|100\/100\n|\n|-heal|p1a: The Dark Lord|48\/100|[from] item: Leftovers\n|upkeep\n|turn|3\n|\n|t:|1700849733\n|switch|p2a: Gyarados|Gyarados, M, shiny|100\/100\n|-ability|p2a: Gyarados|Intimidate|boost\n|-unboost|p1a: The Dark Lord|atk|1\n|switch|p1a: Love Bird|Enamorus, F|100\/100\n|\n|upkeep\n|turn|4\n|\n|t:|1700849744\n|move|p1a: Love Bird|Calm Mind|p1a: Love Bird\n|-boost|p1a: Love Bird|spa|1\n|-boost|p1a: Love Bird|spd|1\n|move|p2a: Gyarados|Dragon Dance|p2a: Gyarados\n|-boost|p2a: Gyarados|atk|1\n|-boost|p2a: Gyarados|spe|1\n|\n|upkeep\n|turn|5\n|\n|t:|1700849753\n|move|p2a: Gyarados|Waterfall|p1a: Love Bird\n|-damage|p1a: Love Bird|35\/100\n|move|p1a: Love Bird|Moonblast|p2a: Gyarados\n|-damage|p2a: Gyarados|34\/100\n|\n|-heal|p1a: Love Bird|41\/100|[from] item: Leftovers\n|upkeep\n|turn|6\n|\n|t:|1700849763\n|move|p2a: Gyarados|Waterfall|p1a: Love Bird\n|-damage|p1a: Love Bird|0 fnt\n|-start|p2a: Gyarados|Attract|[from] ability: Cute Charm|[of] p1a: Love Bird\n|faint|p1a: Love Bird\n|-end|p2a: Gyarados|Attract|[silent]\n|\n|upkeep\n|inactive|wittelotus has 120 seconds left.\n|\n|t:|1700849789\n|switch|p1a: Master of Mayhem|Volcanion|100\/100\n|turn|7\n|inactive|wittelotus has 120 seconds left.\n|\n|t:|1700849800\n|move|p2a: Gyarados|Earthquake|p1a: Master of Mayhem\n|-supereffective|p1a: Master of Mayhem\n|-damage|p1a: Master of Mayhem|24\/100\n|move|p1a: Master of Mayhem|Steam Eruption|p2a: Gyarados\n|-resisted|p2a: Gyarados\n|-damage|p2a: Gyarados|1\/100\n|-enditem|p2a: Gyarados|Figy Berry|[eat]\n|-heal|p2a: Gyarados|34\/100|[from] item: Figy Berry\n|\n|upkeep\n|turn|8\n|\n|t:|1700849810\n|move|p2a: Gyarados|Earthquake|p1a: Master of Mayhem\n|-supereffective|p1a: Master of Mayhem\n|-damage|p1a: Master of Mayhem|0 fnt\n|faint|p1a: Master of Mayhem\n|\n|upkeep\n|\n|t:|1700849817\n|switch|p1a: Impostor|Amoonguss, F|100\/100\n|turn|9\n|\n|t:|1700849824\n|switch|p2a: Corviknight|Corviknight, M, shiny|100\/100\n|move|p1a: Impostor|Spore|p2a: Corviknight\n|-activate|p2a: Corviknight|item: Safety Goggles|Spore\n|\n|upkeep\n|turn|10\n|\n|t:|1700849838\n|switch|p1a: Tusked Titan|Great Tusk|100\/100\n|move|p2a: Corviknight|Brave Bird|p1a: Tusked Titan\n|-supereffective|p1a: Tusked Titan\n|-damage|p1a: Tusked Titan|49\/100\n|-damage|p2a: Corviknight|84\/100|[from] item: Rocky Helmet|[of] p1a: Tusked Titan\n|-damage|p2a: Corviknight|68\/100|[from] Recoil\n|\n|upkeep\n|turn|11\n|\n|t:|1700849849\n|move|p1a: Tusked Titan|Stealth Rock|p2a: Corviknight\n|-sidestart|p2: fabxorusVGC|move: Stealth Rock\n|move|p2a: Corviknight|Brave Bird|p1a: Tusked Titan\n|-supereffective|p1a: Tusked Titan\n|-damage|p1a: Tusked Titan|0 fnt\n|-damage|p2a: Corviknight|52\/100|[from] item: Rocky Helmet|[of] p1a: Tusked Titan\n|faint|p1a: Tusked Titan\n|-end|p1a: Tusked Titan|Protosynthesis|[silent]\n|-damage|p2a: Corviknight|37\/100|[from] Recoil\n|\n|upkeep\n|\n|t:|1700849858\n|switch|p1a: Golden Conjurer|Gholdengo|100\/100\n|turn|12\n|\n|t:|1700849863\n|move|p1a: Golden Conjurer|Thunderbolt|p2a: Corviknight\n|-supereffective|p2a: Corviknight\n|-damage|p2a: Corviknight|0 fnt\n|faint|p2a: Corviknight\n|\n|upkeep\n|\n|t:|1700849875\n|switch|p2a: Milotic|Milotic, F, shiny|100\/100\n|-damage|p2a: Milotic|88\/100|[from] Stealth Rock\n|turn|13\n|\n|t:|1700849881\n|move|p1a: Golden Conjurer|Thunderbolt|p2a: Milotic\n|-supereffective|p2a: Milotic\n|-damage|p2a: Milotic|48\/100\n|move|p2a: Milotic|Scald|p1a: Golden Conjurer\n|-damage|p1a: Golden Conjurer|64\/100\n|-status|p1a: Golden Conjurer|brn\n|\n|-heal|p2a: Milotic|55\/100|[from] item: Leftovers\n|-damage|p1a: Golden Conjurer|58\/100 brn|[from] brn\n|upkeep\n|turn|14\n|\n|t:|1700849892\n|move|p1a: Golden Conjurer|Thunderbolt|p2a: Milotic\n|-supereffective|p2a: Milotic\n|-damage|p2a: Milotic|16\/100\n|move|p2a: Milotic|Recover|p2a: Milotic\n|-heal|p2a: Milotic|66\/100\n|\n|-heal|p2a: Milotic|73\/100|[from] item: Leftovers\n|-damage|p1a: Golden Conjurer|52\/100 brn|[from] brn\n|upkeep\n|turn|15\n|\n|t:|1700849902\n|switch|p1a: The Dark Lord|Ting-Lu, tera:Ghost|48\/100\n|-ability|p1a: The Dark Lord|Vessel of Ruin\n|move|p2a: Milotic|Recover|p2a: Milotic\n|-heal|p2a: Milotic|100\/100\n|\n|-heal|p1a: The Dark Lord|54\/100|[from] item: Leftovers\n|upkeep\n|turn|16\n|\n|t:|1700849912\n|move|p2a: Milotic|Scald|p1a: The Dark Lord\n|-damage|p1a: The Dark Lord|42\/100\n|-status|p1a: The Dark Lord|brn\n|move|p1a: The Dark Lord|Spikes|p2a: Milotic\n|-sidestart|p2: fabxorusVGC|Spikes\n|\n|-heal|p1a: The Dark Lord|48\/100 brn|[from] item: Leftovers\n|-damage|p1a: The Dark Lord|42\/100 brn|[from] brn\n|upkeep\n|turn|17\n|\n|t:|1700849924\n|move|p2a: Milotic|Scald|p1a: The Dark Lord\n|-damage|p1a: The Dark Lord|29\/100 brn\n|move|p1a: The Dark Lord|Spikes|p2a: Milotic\n|-sidestart|p2: fabxorusVGC|Spikes\n|\n|-heal|p1a: The Dark Lord|35\/100 brn|[from] item: Leftovers\n|-damage|p1a: The Dark Lord|29\/100 brn|[from] brn\n|upkeep\n|turn|18\n|\n|t:|1700849934\n|move|p2a: Milotic|Scald|p1a: The Dark Lord\n|-damage|p1a: The Dark Lord|17\/100 brn\n|move|p1a: The Dark Lord|Whirlwind|p2a: Milotic\n|drag|p2a: Garchomp|Garchomp, M|50\/100\n|-damage|p2a: Garchomp|44\/100|[from] Stealth Rock\n|-damage|p2a: Garchomp|28\/100|[from] Spikes\n|\n|-heal|p1a: The Dark Lord|23\/100 brn|[from] item: Leftovers\n|-damage|p1a: The Dark Lord|17\/100 brn|[from] brn\n|upkeep\n|turn|19\n|\n|t:|1700849947\n|move|p2a: Garchomp|Earthquake|p1a: The Dark Lord\n|-damage|p1a: The Dark Lord|0 fnt\n|faint|p1a: The Dark Lord\n|\n|upkeep\n|\n|t:|1700849952\n|switch|p1a: Impostor|Amoonguss, F|100\/100\n|turn|20\n|\n|t:|1700849958\n|move|p2a: Garchomp|Earthquake|p1a: Impostor\n|-damage|p1a: Impostor|60\/100\n|-enditem|p1a: Impostor|Red Card|[of] p2a: Garchomp\n|drag|p2a: Armarouge|Armarouge, M|100\/100\n|-damage|p2a: Armarouge|76\/100|[from] Stealth Rock\n|-damage|p2a: Armarouge|59\/100|[from] Spikes\n|move|p1a: Impostor|Spore|p2a: Armarouge\n|-status|p2a: Armarouge|slp|[from] move: Spore\n|\n|upkeep\n|turn|21\n|\n|t:|1700849972\n|cant|p2a: Armarouge|slp\n|move|p1a: Impostor|Foul Play|p2a: Armarouge\n|-supereffective|p2a: Armarouge\n|-damage|p2a: Armarouge|42\/100 slp\n|-ability|p2a: Armarouge|Weak Armor|boost\n|-unboost|p2a: Armarouge|def|1\n|-boost|p2a: Armarouge|spe|2\n|-enditem|p2a: Armarouge|Weakness Policy\n|-boost|p2a: Armarouge|atk|2|[from] item: Weakness Policy\n|-boost|p2a: Armarouge|spa|2|[from] item: Weakness Policy\n|\n|upkeep\n|turn|22\n|\n|t:|1700849985\n|-curestatus|p2a: Armarouge|slp|[msg]\n|move|p2a: Armarouge|Expanding Force|p1a: Impostor\n|-supereffective|p1a: Impostor\n|-damage|p1a: Impostor|0 fnt\n|faint|p1a: Impostor\n|\n|upkeep\n|\n|t:|1700849990\n|switch|p1a: Golden Conjurer|Gholdengo|52\/100 brn\n|turn|23\n|\n|t:|1700849996\n|move|p2a: Armarouge|Armor Cannon|p1a: Golden Conjurer\n|-supereffective|p1a: Golden Conjurer\n|-damage|p1a: Golden Conjurer|0 fnt\n|-unboost|p2a: Armarouge|def|1\n|-unboost|p2a: Armarouge|spd|1\n|faint|p1a: Golden Conjurer\n|\n|win|fabxorusVGC\n|raw|wittelotus's rating: 1115 &rarr; <strong>1092<\/strong><br \/>(-23 for losing)\n|raw|fabxorusVGC's rating: 1147 &rarr; <strong>1170<\/strong><br \/>(+23 for winning)\n|c|\u2606fabxorusVGC|Error\n|l|\u2606wittelotus\n","uploadtime":1700850019,"views":7,"p1id":"wittelotus","p2id":"fabxorusvgc","formatid":"gen9ou","rating":1092,"private":0,"password":""}