{"id":"gen9ou-1995045868","p1":"elmagodelpapiss","p2":"groovythunder","format":"[Gen 9] OU","log":"|j|\u2606elmagodelpapiss\n|j|\u2606groovythunder\n|t:|1700516725\n|gametype|singles\n|player|p1|elmagodelpapiss|gentleman-gen4|1457\n|player|p2|groovythunder|102|1551\n|teamsize|p1|6\n|teamsize|p2|6\n|gen|9\n|tier|[Gen 9] OU\n|rated|\n|rule|Sleep Clause Mod: Limit one foe put to sleep\n|rule|Species Clause: Limit one of each Pok\u00e9mon\n|rule|OHKO Clause: OHKO moves are banned\n|rule|Evasion Items Clause: Evasion items are banned\n|rule|Evasion Moves Clause: Evasion moves are banned\n|rule|Endless Battle Clause: Forcing endless battles is banned\n|rule|HP Percentage Mod: HP is shown in percentages\n|clearpoke\n|poke|p1|Kleavor, F|\n|poke|p1|Great Tusk|\n|poke|p1|Slowking-Galar, F|\n|poke|p1|Moltres|\n|poke|p1|Zapdos|\n|poke|p1|Kingambit, F|\n|poke|p2|Great Tusk|\n|poke|p2|Zapdos|\n|poke|p2|Arcanine-Hisui, M|\n|poke|p2|Kingambit, M|\n|poke|p2|Ogerpon-Wellspring, F|\n|poke|p2|Iron Valiant|\n|teampreview\n|inactive|Battle timer is ON: inactive players will automatically lose when time's up. (requested by elmagodelpapiss)\n|\n|t:|1700516741\n|start\n|switch|p1a: Kleavor|Kleavor, F|100\/100\n|switch|p2a: Arcanine|Arcanine-Hisui, M|100\/100\n|turn|1\n|\n|t:|1700516743\n|move|p1a: Kleavor|Stone Axe|p2a: Arcanine|[miss]\n|-miss|p1a: Kleavor|p2a: Arcanine\n|move|p2a: Arcanine|Head Smash|p1a: Kleavor\n|-supereffective|p1a: Kleavor\n|-damage|p1a: Kleavor|0 fnt\n|faint|p1a: Kleavor\n|\n|upkeep\n|\n|t:|1700516764\n|switch|p1a: Slowking|Slowking-Galar, F|100\/100\n|turn|2\n|\n|t:|1700516771\n|-terastallize|p1a: Slowking|Water\n|move|p2a: Arcanine|Head Smash|p1a: Slowking|[miss]\n|-miss|p2a: Arcanine|p1a: Slowking\n|move|p1a: Slowking|Surf|p2a: Arcanine\n|-supereffective|p2a: Arcanine\n|-damage|p2a: Arcanine|0 fnt\n|faint|p2a: Arcanine\n|\n|upkeep\n|\n|t:|1700516774\n|switch|p2a: Zapdos|Zapdos|100\/100\n|turn|3\n|\n|t:|1700516783\n|move|p2a: Zapdos|Hurricane|p1a: Slowking|[miss]\n|-miss|p2a: Zapdos|p1a: Slowking\n|move|p1a: Slowking|Future Sight|p2a: Zapdos\n|-start|p1a: Slowking|move: Future Sight\n|\n|upkeep\n|turn|4\n|\n|t:|1700516792\n|move|p2a: Zapdos|Volt Switch|p1a: Slowking\n|-supereffective|p1a: Slowking\n|-damage|p1a: Slowking|63\/100\n|\n|t:|1700516796\n|switch|p2a: Kingambit|Kingambit, M|100\/100|[from] Volt Switch\n|move|p1a: Slowking|Sludge Bomb|p2a: Kingambit\n|-immune|p2a: Kingambit\n|\n|upkeep\n|turn|5\n|\n|t:|1700516807\n|switch|p2a: Zapdos|Zapdos|100\/100\n|move|p1a: Slowking|Flamethrower|p2a: Zapdos\n|-damage|p2a: Zapdos|74\/100\n|-status|p2a: Zapdos|brn\n|\n|-end|p2a: Zapdos|move: Future Sight\n|-damage|p2a: Zapdos|24\/100 brn\n|-damage|p2a: Zapdos|18\/100 brn|[from] brn\n|upkeep\n|turn|6\n|\n|t:|1700516822\n|switch|p1a: Great Tusk|Great Tusk|100\/100\n|-enditem|p1a: Great Tusk|Booster Energy\n|-activate|p1a: Great Tusk|ability: Protosynthesis|[fromitem]\n|-start|p1a: Great Tusk|protosynthesisspe\n|move|p2a: Zapdos|Volt Switch|p1a: Great Tusk\n|-immune|p1a: Great Tusk\n|\n|-damage|p2a: Zapdos|12\/100 brn|[from] brn\n|upkeep\n|turn|7\n|\n|t:|1700516833\n|move|p1a: Great Tusk|Knock Off|p2a: Zapdos\n|-damage|p2a: Zapdos|0 fnt\n|-status|p1a: Great Tusk|par|[from] ability: Static|[of] p2a: Zapdos\n|-enditem|p2a: Zapdos|Heavy-Duty Boots|[from] move: Knock Off|[of] p1a: Great Tusk\n|faint|p2a: Zapdos\n|\n|upkeep\n|\n|t:|1700516838\n|switch|p2a: Ogerpon|Ogerpon-Wellspring, F|100\/100\n|turn|8\n|\n|t:|1700516842\n|move|p2a: Ogerpon|Substitute|p2a: Ogerpon\n|-start|p2a: Ogerpon|Substitute\n|-damage|p2a: Ogerpon|76\/100\n|move|p1a: Great Tusk|Knock Off|p2a: Ogerpon\n|-activate|p2a: Ogerpon|move: Substitute|[damage]\n|\n|upkeep\n|turn|9\n|\n|t:|1700516846\n|move|p2a: Ogerpon|Swords Dance|p2a: Ogerpon\n|-boost|p2a: Ogerpon|atk|2\n|move|p1a: Great Tusk|Knock Off|p2a: Ogerpon\n|-end|p2a: Ogerpon|Substitute\n|\n|upkeep\n|turn|10\n|\n|t:|1700516863\n|move|p2a: Ogerpon|Ivy Cudgel|p1a: Great Tusk|[anim] Ivy Cudgel Water\n|-supereffective|p1a: Great Tusk\n|-damage|p1a: Great Tusk|0 fnt\n|faint|p1a: Great Tusk\n|-end|p1a: Great Tusk|Protosynthesis|[silent]\n|\n|upkeep\n|\n|t:|1700516873\n|switch|p1a: Zapdos|Zapdos, shiny|100\/100\n|turn|11\n|\n|t:|1700516876\n|move|p2a: Ogerpon|Ivy Cudgel|p1a: Zapdos|[anim] Ivy Cudgel Water\n|-damage|p1a: Zapdos|20\/100\n|move|p1a: Zapdos|Discharge|p2a: Ogerpon\n|-damage|p2a: Ogerpon|37\/100\n|-status|p2a: Ogerpon|par\n|\n|upkeep\n|turn|12\n|\n|t:|1700516881\n|move|p1a: Zapdos|Discharge|p2a: Ogerpon\n|-damage|p2a: Ogerpon|0 fnt\n|faint|p2a: Ogerpon\n|\n|upkeep\n|\n|t:|1700516885\n|switch|p2a: Iron Valiant|Iron Valiant|100\/100\n|-enditem|p2a: Iron Valiant|Booster Energy\n|-activate|p2a: Iron Valiant|ability: Quark Drive|[fromitem]\n|-start|p2a: Iron Valiant|quarkdrivespe\n|turn|13\n|\n|t:|1700516894\n|switch|p1a: Moltres|Moltres|100\/100\n|move|p2a: Iron Valiant|Thunderbolt|p1a: Moltres\n|-supereffective|p1a: Moltres\n|-damage|p1a: Moltres|57\/100\n|\n|upkeep\n|turn|14\n|\n|t:|1700516908\n|-terastallize|p2a: Iron Valiant|Fairy\n|move|p2a: Iron Valiant|Moonblast|p1a: Moltres\n|-resisted|p1a: Moltres\n|-crit|p1a: Moltres\n|-damage|p1a: Moltres|26\/100\n|move|p1a: Moltres|Roost|p1a: Moltres\n|-heal|p1a: Moltres|76\/100\n|-singleturn|p1a: Moltres|move: Roost\n|\n|upkeep\n|turn|15\n|\n|t:|1700516916\n|move|p2a: Iron Valiant|Thunderbolt|p1a: Moltres\n|-supereffective|p1a: Moltres\n|-damage|p1a: Moltres|32\/100\n|move|p1a: Moltres|Hurricane|p2a: Iron Valiant|[miss]\n|-miss|p1a: Moltres|p2a: Iron Valiant\n|\n|upkeep\n|turn|16\n|\n|t:|1700516929\n|move|p2a: Iron Valiant|Thunderbolt|p1a: Moltres\n|-supereffective|p1a: Moltres\n|-damage|p1a: Moltres|0 fnt\n|faint|p1a: Moltres\n|\n|upkeep\n|\n|t:|1700516933\n|switch|p1a: Slowking|Slowking-Galar, F, tera:Water|97\/100\n|turn|17\n|\n|t:|1700516940\n|-end|p2a: Iron Valiant|Quark Drive|[silent]\n|switch|p2a: Kingambit|Kingambit, M|100\/100\n|move|p1a: Slowking|Sludge Bomb|p2a: Kingambit\n|-immune|p2a: Kingambit\n|\n|upkeep\n|turn|18\n|\n|t:|1700516950\n|move|p2a: Kingambit|Kowtow Cleave|p1a: Slowking\n|-damage|p1a: Slowking|47\/100\n|move|p1a: Slowking|Flamethrower|p2a: Kingambit\n|-supereffective|p2a: Kingambit\n|-damage|p2a: Kingambit|38\/100\n|-status|p2a: Kingambit|brn\n|\n|-damage|p2a: Kingambit|31\/100 brn|[from] brn\n|upkeep\n|turn|19\n|-message|groovythunder forfeited.\n|\n|win|elmagodelpapiss\n|raw|elmagodelpapiss's rating: 1457 &rarr; <strong>1482<\/strong><br \/>(+25 for winning)\n|raw|groovythunder's rating: 1551 &rarr; <strong>1526<\/strong><br \/>(-25 for losing)\n|l|\u2606groovythunder\n","uploadtime":1700517009,"views":15,"p1id":"elmagodelpapiss","p2id":"groovythunder","formatid":"gen9ou","rating":1482,"private":0,"password":""}