{"id":"gen9ou-1998022695","p1":"zacianboi101","p2":"Im dumb srly","format":"[Gen 9] OU","log":"|j|\u2606zacianboi101\n|j|\u2606Im dumb srly\n|inactive|Battle timer is ON: inactive players will automatically lose when time's up.\n|t:|1700880160\n|gametype|singles\n|player|p1|zacianboi101|101|\n|player|p2|Im dumb srly|cheryl|\n|teamsize|p1|3\n|teamsize|p2|3\n|gen|9\n|tier|[Gen 9] OU\n|rated|Tournament battle\n|rule|Sleep Clause Mod: Limit one foe put to sleep\n|rule|Species Clause: Limit one of each Pok\u00e9mon\n|rule|OHKO Clause: OHKO moves are banned\n|rule|Evasion Items Clause: Evasion items are banned\n|rule|Evasion Moves Clause: Evasion moves are banned\n|rule|Endless Battle Clause: Forcing endless battles is banned\n|rule|HP Percentage Mod: HP is shown in percentages\n|clearpoke\n|poke|p1|Starly, F|\n|poke|p1|Copperajah, F|\n|poke|p1|Quaxwell, M|\n|poke|p2|Lurantis, M|\n|poke|p2|Hattrem, F|\n|poke|p2|Crawdaunt, F|\n|teampreview\n|j|*Lady Monita \u2746\n|\n|t:|1700880171\n|start\n|switch|p1a: Copperajah|Copperajah, F|100\/100\n|switch|p2a: Hattrem|Hattrem, F, shiny|100\/100\n|turn|1\n|\n|t:|1700880176\n|move|p2a: Hattrem|Reflect|p2a: Hattrem\n|-sidestart|p2: Im dumb srly|Reflect\n|move|p1a: Copperajah|Iron Head|p2a: Hattrem\n|-damage|p2a: Hattrem|68\/100\n|\n|upkeep\n|turn|2\n|j|^HEAVY-DUTY B0OTY\n|\n|t:|1700880182\n|move|p2a: Hattrem|Mystical Fire|p1a: Copperajah\n|-supereffective|p1a: Copperajah\n|-damage|p1a: Copperajah|63\/100\n|-unboost|p1a: Copperajah|spa|1\n|move|p1a: Copperajah|Iron Head|p2a: Hattrem\n|-damage|p2a: Hattrem|34\/100\n|\n|upkeep\n|turn|3\n|c|\u2606zacianboi101|wat\n|\n|t:|1700880189\n|move|p2a: Hattrem|Mystical Fire|p1a: Copperajah\n|-supereffective|p1a: Copperajah\n|-damage|p1a: Copperajah|30\/100\n|-unboost|p1a: Copperajah|spa|1\n|move|p1a: Copperajah|Iron Head|p2a: Hattrem\n|-damage|p2a: Hattrem|0 fnt\n|faint|p2a: Hattrem\n|\n|upkeep\n|j| mommy_shynx\n|\n|t:|1700880192\n|switch|p2a: Lurantis|Lurantis, M, shiny|100\/100\n|turn|4\n|c|\u2606zacianboi101|its a fairy type\n|\n|t:|1700880200\n|move|p2a: Lurantis|Superpower|p1a: Copperajah\n|-supereffective|p1a: Copperajah\n|-damage|p1a: Copperajah|0 fnt\n|-boost|p2a: Lurantis|atk|1\n|-boost|p2a: Lurantis|def|1\n|faint|p1a: Copperajah\n|\n|upkeep\n|c|^HEAVY-DUTY B0OTY|No its not\n|c|^HEAVY-DUTY B0OTY|Yet\n|c|\u2606zacianboi101|oh\n|\n|t:|1700880217\n|switch|p1a: Quaxwell|Quaxwell, M|100\/100\n|turn|5\n|\n|t:|1700880223\n|move|p1a: Quaxwell|Liquidation|p2a: Lurantis\n|-resisted|p2a: Lurantis\n|-damage|p2a: Lurantis|94\/100\n|move|p2a: Lurantis|Superpower|p1a: Quaxwell\n|-enditem|p1a: Quaxwell|Focus Sash\n|-damage|p1a: Quaxwell|1\/100\n|-boost|p2a: Lurantis|atk|1\n|-boost|p2a: Lurantis|def|1\n|\n|-sideend|p2: Im dumb srly|Reflect\n|upkeep\n|turn|6\n|l| mommy_shynx\n|\n|t:|1700880233\n|move|p1a: Quaxwell|Brave Bird|p2a: Lurantis\n|-supereffective|p2a: Lurantis\n|-damage|p2a: Lurantis|59\/100\n|-damage|p1a: Quaxwell|0 fnt|[from] Recoil\n|faint|p1a: Quaxwell\n|move|p2a: Lurantis|Superpower|p1: Quaxwell|[notarget]\n|-fail|p2a: Lurantis\n|\n|upkeep\n|\n|t:|1700880237\n|switch|p1a: Starly|Starly, F|100\/100\n|turn|7\n|\n|t:|1700880242\n|-terastallize|p1a: Starly|Flying\n|-terastallize|p2a: Lurantis|Water\n|move|p1a: Starly|Dual Wingbeat|p2a: Lurantis\n|-damage|p2a: Lurantis|44\/100\n|-damage|p2a: Lurantis|30\/100\n|-hitcount|p2a: Lurantis|2\n|move|p2a: Lurantis|Leech Life|p1a: Starly\n|-resisted|p1a: Starly\n|-damage|p1a: Starly|2\/100\n|-heal|p2a: Lurantis|67\/100|[from] drain|[of] p1a: Starly\n|\n|upkeep\n|turn|8\n|c|\u2606zacianboi101|whoopsy daisy\n|\n|t:|1700880256\n|move|p1a: Starly|Dual Wingbeat|p2a: Lurantis\n|-damage|p2a: Lurantis|52\/100\n|-damage|p2a: Lurantis|37\/100\n|-hitcount|p2a: Lurantis|2\n|move|p2a: Lurantis|Tera Blast|p1a: Starly|[anim] Tera Blast Water\n|-damage|p1a: Starly|0 fnt\n|faint|p1a: Starly\n|\n|win|Im dumb srly\n|n|\u2606zacianboi101|zacianboi101\n|n|\u2606Im dumb srly|imdumbsrly\n|n|*Lady Monita \u2746|ladymonita\n|n| HEAVY-DUTY B0OTY|heavydutyb0oty\n","uploadtime":1700880257,"views":1,"p1id":"zacianboi101","p2id":"imdumbsrly","formatid":"gen9ou","rating":0,"private":0,"password":""}