{"id":"gen9ou-1997929545","p1":"the floor seasons","p2":"viet noa","format":"[Gen 9] OU","log":"|j|\u2606the floor seasons\n|j|\u2606viet noa\n|t:|1700868662\n|gametype|singles\n|player|p1|the floor seasons|poppy|\n|player|p2|viet noa|psychic-gen4|\n|teamsize|p1|6\n|teamsize|p2|6\n|gen|9\n|tier|[Gen 9] OU\n|rule|Sleep Clause Mod: Limit one foe put to sleep\n|rule|Species Clause: Limit one of each Pok\u00e9mon\n|rule|OHKO Clause: OHKO moves are banned\n|rule|Evasion Items Clause: Evasion items are banned\n|rule|Evasion Moves Clause: Evasion moves are banned\n|rule|Endless Battle Clause: Forcing endless battles is banned\n|rule|HP Percentage Mod: HP is shown in percentages\n|clearpoke\n|poke|p1|Mandibuzz, F|\n|poke|p1|Skeledirge, M|\n|poke|p1|Amoonguss, F|\n|poke|p1|Alomomola, M|\n|poke|p1|Clefable, F|\n|poke|p1|Ursaluna, M|\n|poke|p2|Iron Jugulis|\n|poke|p2|Ogerpon-Wellspring, F|\n|poke|p2|Tinkaton, F|\n|poke|p2|Iron Moth|\n|poke|p2|Great Tusk|\n|poke|p2|Dragapult, F|\n|teampreview\n|inactive|Battle timer is ON: inactive players will automatically lose when time's up. (requested by viet noa)\n|\n|t:|1700868709\n|start\n|switch|p1a: Enrique|Skeledirge, M|100\/100\n|switch|p2a: Ogerpon|Ogerpon-Wellspring, F|100\/100\n|turn|1\n|\n|t:|1700868721\n|move|p2a: Ogerpon|Spikes|p1a: Enrique\n|-sidestart|p1: the floor seasons|Spikes\n|move|p1a: Enrique|Will-O-Wisp|p2a: Ogerpon\n|-status|p2a: Ogerpon|brn\n|\n|-damage|p2a: Ogerpon|95\/100 brn|[from] brn\n|upkeep\n|turn|2\n|\n|t:|1700868748\n|switch|p1a: Treble|Clefable, F|100\/100\n|move|p2a: Ogerpon|Spikes|p1a: Treble\n|-sidestart|p1: the floor seasons|Spikes\n|\n|-damage|p2a: Ogerpon|89\/100 brn|[from] brn\n|upkeep\n|turn|3\n|\n|t:|1700868755\n|move|p2a: Ogerpon|U-turn|p1a: Treble\n|-resisted|p1a: Treble\n|-damage|p1a: Treble|95\/100\n|\n|t:|1700868758\n|switch|p2a: Iron Moth|Iron Moth|100\/100|[from] U-turn\n|-enditem|p2a: Iron Moth|Booster Energy\n|-activate|p2a: Iron Moth|ability: Quark Drive|[fromitem]\n|-start|p2a: Iron Moth|quarkdrivespe\n|move|p1a: Treble|Stealth Rock|p2a: Iron Moth\n|-sidestart|p2: viet noa|move: Stealth Rock\n|\n|upkeep\n|turn|4\n|\n|t:|1700868772\n|-end|p2a: Iron Moth|Quark Drive|[silent]\n|switch|p2a: Great Tusk|Great Tusk|100\/100\n|-damage|p2a: Great Tusk|98\/100|[from] Stealth Rock\n|-enditem|p2a: Great Tusk|Booster Energy\n|-activate|p2a: Great Tusk|ability: Protosynthesis|[fromitem]\n|-start|p2a: Great Tusk|protosynthesisspe\n|switch|p1a: Enrique|Skeledirge, M|100\/100\n|\n|upkeep\n|turn|5\n|\n|t:|1700868786\n|move|p2a: Great Tusk|Bulk Up|p2a: Great Tusk\n|-boost|p2a: Great Tusk|atk|1\n|-boost|p2a: Great Tusk|def|1\n|move|p1a: Enrique|Will-O-Wisp|p2a: Great Tusk\n|-status|p2a: Great Tusk|brn\n|\n|-damage|p2a: Great Tusk|91\/100 brn|[from] brn\n|upkeep\n|turn|6\n|\n|t:|1700868802\n|move|p2a: Great Tusk|Headlong Rush|p1a: Enrique\n|-supereffective|p1a: Enrique\n|-damage|p1a: Enrique|59\/100\n|-unboost|p2a: Great Tusk|def|1\n|-unboost|p2a: Great Tusk|spd|1\n|move|p1a: Enrique|Hex|p2a: Great Tusk\n|-damage|p2a: Great Tusk|24\/100 brn\n|\n|-damage|p2a: Great Tusk|18\/100 brn|[from] brn\n|upkeep\n|turn|7\n|\n|t:|1700868808\n|move|p2a: Great Tusk|Headlong Rush|p1a: Enrique\n|-supereffective|p1a: Enrique\n|-damage|p1a: Enrique|19\/100\n|-unboost|p2a: Great Tusk|def|1\n|-unboost|p2a: Great Tusk|spd|1\n|move|p1a: Enrique|Slack Off|p1a: Enrique\n|-heal|p1a: Enrique|69\/100\n|\n|-damage|p2a: Great Tusk|12\/100 brn|[from] brn\n|upkeep\n|turn|8\n|\n|t:|1700868812\n|move|p2a: Great Tusk|Bulk Up|p2a: Great Tusk\n|-boost|p2a: Great Tusk|atk|1\n|-boost|p2a: Great Tusk|def|1\n|move|p1a: Enrique|Slack Off|p1a: Enrique\n|-heal|p1a: Enrique|100\/100\n|\n|-damage|p2a: Great Tusk|6\/100 brn|[from] brn\n|upkeep\n|turn|9\n|\n|t:|1700868817\n|move|p2a: Great Tusk|Headlong Rush|p1a: Enrique\n|-supereffective|p1a: Enrique\n|-damage|p1a: Enrique|58\/100\n|-unboost|p2a: Great Tusk|def|1\n|-unboost|p2a: Great Tusk|spd|1\n|move|p1a: Enrique|Torch Song|p2a: Great Tusk\n|-damage|p2a: Great Tusk|0 fnt\n|-boost|p1a: Enrique|spa|1\n|faint|p2a: Great Tusk\n|-end|p2a: Great Tusk|Protosynthesis|[silent]\n|\n|upkeep\n|\n|t:|1700868825\n|switch|p2a: Dragapult|Dragapult, F|100\/100\n|-damage|p2a: Dragapult|88\/100|[from] Stealth Rock\n|turn|10\n|\n|t:|1700868839\n|switch|p1a: Vulture|Mandibuzz, F|100\/100\n|move|p2a: Dragapult|Draco Meteor|p1a: Vulture\n|-damage|p1a: Vulture|45\/100\n|-unboost|p2a: Dragapult|spa|2\n|\n|upkeep\n|turn|11\n|\n|t:|1700868856\n|switch|p2a: TWINKATON|Tinkaton, F|100\/100\n|-damage|p2a: TWINKATON|94\/100|[from] Stealth Rock\n|-item|p2a: TWINKATON|Air Balloon\n|move|p1a: Vulture|Roost|p1a: Vulture\n|-heal|p1a: Vulture|95\/100\n|-singleturn|p1a: Vulture|move: Roost\n|\n|upkeep\n|turn|12\n|\n|t:|1700868872\n|switch|p1a: Shh\u2026|Amoonguss, F|100\/100\n|move|p2a: TWINKATON|Stealth Rock|p1a: Shh\u2026\n|-sidestart|p1: the floor seasons|move: Stealth Rock\n|\n|upkeep\n|turn|13\n|\n|t:|1700868889\n|switch|p1a: Vulture|Mandibuzz, F|95\/100\n|move|p2a: TWINKATON|Thunder Wave|p1a: Vulture\n|-status|p1a: Vulture|par\n|\n|upkeep\n|turn|14\n|\n|t:|1700868900\n|switch|p2a: Iron Jugulis|Iron Jugulis|100\/100\n|-damage|p2a: Iron Jugulis|76\/100|[from] Stealth Rock\n|-enditem|p2a: Iron Jugulis|Booster Energy\n|-activate|p2a: Iron Jugulis|ability: Quark Drive|[fromitem]\n|-start|p2a: Iron Jugulis|quarkdrivespe\n|move|p1a: Vulture|Defog|p2a: Iron Jugulis\n|-unboost|p2a: Iron Jugulis|evasion|1\n|-sideend|p2: viet noa|Stealth Rock|[from] move: Defog|[of] p1a: Vulture\n|-sideend|p1: the floor seasons|Spikes|[from] move: Defog|[of] p1a: Vulture\n|-sideend|p1: the floor seasons|Stealth Rock|[from] move: Defog|[of] p1a: Vulture\n|\n|upkeep\n|turn|15\n|inactive|the floor seasons has 270 seconds left.\n|\n|t:|1700868922\n|switch|p1a: Treble|Clefable, F|95\/100\n|move|p2a: Iron Jugulis|Hurricane|p1a: Treble\n|-damage|p1a: Treble|45\/100\n|\n|upkeep\n|turn|16\n|inactive|the floor seasons has 270 seconds left.\n|\n|t:|1700868946\n|switch|p1a: Fishy|Alomomola, M|100\/100\n|move|p2a: Iron Jugulis|Hurricane|p1a: Fishy\n|-damage|p1a: Fishy|56\/100\n|-start|p1a: Fishy|confusion\n|\n|upkeep\n|turn|17\n|\n|t:|1700868960\n|move|p2a: Iron Jugulis|Taunt|p1a: Fishy\n|-start|p1a: Fishy|move: Taunt\n|cant|p1a: Fishy|move: Taunt|Wish\n|\n|upkeep\n|turn|18\n|\n|t:|1700868965\n|move|p2a: Iron Jugulis|Knock Off|p1a: Fishy\n|-damage|p1a: Fishy|38\/100\n|-enditem|p1a: Fishy|Heavy-Duty Boots|[from] move: Knock Off|[of] p2a: Iron Jugulis\n|-activate|p1a: Fishy|confusion\n|move|p1a: Fishy|Flip Turn|p2a: Iron Jugulis\n|-damage|p2a: Iron Jugulis|55\/100\n|\n|t:|1700868985\n|switch|p1a: Ursa Major|Ursaluna, M|100\/100|[from] Flip Turn\n|\n|-status|p1a: Ursa Major|brn|[from] item: Flame Orb\n|upkeep\n|turn|19\n|\n|t:|1700868998\n|-end|p2a: Iron Jugulis|Quark Drive|[silent]\n|switch|p2a: Ogerpon|Ogerpon-Wellspring, F|89\/100 brn\n|move|p1a: Ursa Major|Facade|p2a: Ogerpon\n|-crit|p2a: Ogerpon\n|-damage|p2a: Ogerpon|0 fnt\n|faint|p2a: Ogerpon\n|\n|-damage|p1a: Ursa Major|94\/100 brn|[from] brn\n|upkeep\n|\n|t:|1700869003\n|switch|p2a: TWINKATON|Tinkaton, F|94\/100\n|-item|p2a: TWINKATON|Air Balloon\n|turn|20\n|\n|t:|1700869011\n|move|p2a: TWINKATON|Encore|p1a: Ursa Major\n|-start|p1a: Ursa Major|Encore\n|move|p1a: Ursa Major|Facade|p2a: TWINKATON\n|-resisted|p2a: TWINKATON\n|-damage|p2a: TWINKATON|22\/100\n|-enditem|p2a: TWINKATON|Air Balloon\n|-enditem|p1a: Ursa Major|Flame Orb|[silent]|[from] ability: Pickpocket|[of] p1a: Ursa Major\n|-item|p2a: TWINKATON|Flame Orb|[from] ability: Pickpocket|[of] p1a: Ursa Major\n|\n|-damage|p1a: Ursa Major|88\/100 brn|[from] brn\n|-status|p2a: TWINKATON|brn|[from] item: Flame Orb\n|upkeep\n|turn|21\n|inactive|the floor seasons has 270 seconds left.\n|\n|t:|1700869025\n|move|p2a: TWINKATON|Stealth Rock|p1a: Ursa Major\n|-sidestart|p1: the floor seasons|move: Stealth Rock\n|move|p1a: Ursa Major|Facade|p2a: TWINKATON\n|-resisted|p2a: TWINKATON\n|-damage|p2a: TWINKATON|0 fnt\n|faint|p2a: TWINKATON\n|\n|-damage|p1a: Ursa Major|82\/100 brn|[from] brn\n|upkeep\n|\n|t:|1700869027\n|switch|p2a: Dragapult|Dragapult, F|88\/100\n|turn|22\n|\n|t:|1700869035\n|switch|p1a: Treble|Clefable, F|45\/100\n|move|p2a: Dragapult|Draco Meteor|p1a: Treble\n|-immune|p1a: Treble\n|\n|upkeep\n|turn|23\n|\n|t:|1700869041\n|switch|p2a: Iron Moth|Iron Moth|100\/100\n|move|p1a: Treble|Wish|p1a: Treble\n|\n|upkeep\n|turn|24\n|\n|t:|1700869064\n|switch|p1a: Enrique|Skeledirge, M|58\/100\n|move|p2a: Iron Moth|Fiery Dance|p1a: Enrique\n|-resisted|p1a: Enrique\n|-damage|p1a: Enrique|41\/100\n|-boost|p2a: Iron Moth|spa|1\n|\n|-heal|p1a: Enrique|88\/100|[from] move: Wish|[wisher] Treble\n|upkeep\n|turn|25\n|\n|t:|1700869073\n|-end|p2a: Iron Moth|Quark Drive|[silent]\n|switch|p2a: Dragapult|Dragapult, F|88\/100\n|move|p1a: Enrique|Torch Song|p2a: Dragapult\n|-resisted|p2a: Dragapult\n|-damage|p2a: Dragapult|67\/100\n|-boost|p1a: Enrique|spa|1\n|\n|upkeep\n|turn|26\n|\n|t:|1700869082\n|-terastallize|p1a: Enrique|Dragon\n|move|p2a: Dragapult|Shadow Ball|p1a: Enrique\n|-damage|p1a: Enrique|42\/100\n|move|p1a: Enrique|Hex|p2a: Dragapult\n|-supereffective|p2a: Dragapult\n|-damage|p2a: Dragapult|0 fnt\n|faint|p2a: Dragapult\n|\n|upkeep\n|-message|viet noa forfeited.\n|\n|win|the floor seasons\n","uploadtime":1700869121,"views":2,"p1id":"thefloorseasons","p2id":"vietnoa","formatid":"gen9ou","rating":0,"private":0,"password":""}