{"id":"gen9ou-1994663770","p1":"alvar03","p2":"Jeanmilapipe","format":"[Gen 9] OU","log":"|j|\u2606alvar03\n|j|\u2606Jeanmilapipe\n|t:|1700477609\n|gametype|singles\n|player|p1|alvar03|alder|1845\n|player|p2|Jeanmilapipe|n|1871\n|teamsize|p1|6\n|teamsize|p2|6\n|gen|9\n|tier|[Gen 9] OU\n|rated|\n|rule|Sleep Clause Mod: Limit one foe put to sleep\n|rule|Species Clause: Limit one of each Pok\u00e9mon\n|rule|OHKO Clause: OHKO moves are banned\n|rule|Evasion Items Clause: Evasion items are banned\n|rule|Evasion Moves Clause: Evasion moves are banned\n|rule|Endless Battle Clause: Forcing endless battles is banned\n|rule|HP Percentage Mod: HP is shown in percentages\n|clearpoke\n|poke|p1|Rillaboom, F|\n|poke|p1|Dragapult, M|\n|poke|p1|Hatterene, F|\n|poke|p1|Kingambit, F|\n|poke|p1|Great Tusk|\n|poke|p1|Ceruledge, M|\n|poke|p2|Ceruledge, M|\n|poke|p2|Cinderace, F|\n|poke|p2|Ribombee, F|\n|poke|p2|Corviknight, M|\n|poke|p2|Hoopa-Unbound|\n|poke|p2|Ogerpon-Cornerstone, F|\n|teampreview\n|inactive|Battle timer is ON: inactive players will automatically lose when time's up. (requested by alvar03)\n|j| mew852\n|\n|t:|1700477631\n|start\n|switch|p1a: Hatterene|Hatterene, F|100\/100\n|switch|p2a: Ribombee|Ribombee, F|100\/100\n|turn|1\n|\n|t:|1700477639\n|move|p2a: Ribombee|Moonblast|p1a: Hatterene\n|-damage|p1a: Hatterene|62\/100\n|-unboost|p1a: Hatterene|spa|1\n|move|p1a: Hatterene|Draining Kiss|p2a: Ribombee\n|-damage|p2a: Ribombee|75\/100\n|-heal|p1a: Hatterene|77\/100|[from] drain|[of] p2a: Ribombee\n|\n|-heal|p1a: Hatterene|83\/100|[from] item: Leftovers\n|upkeep\n|turn|2\n|\n|t:|1700477649\n|move|p2a: Ribombee|Moonblast|p1a: Hatterene\n|-damage|p1a: Hatterene|39\/100\n|move|p1a: Hatterene|Draining Kiss|p2a: Ribombee\n|-damage|p2a: Ribombee|47\/100\n|-heal|p1a: Hatterene|56\/100|[from] drain|[of] p2a: Ribombee\n|\n|-heal|p1a: Hatterene|62\/100|[from] item: Leftovers\n|upkeep\n|turn|3\n|\n|t:|1700477659\n|move|p2a: Ribombee|Moonblast|p1a: Hatterene\n|-damage|p1a: Hatterene|16\/100\n|-unboost|p1a: Hatterene|spa|1\n|move|p1a: Hatterene|Draining Kiss|p2a: Ribombee\n|-damage|p2a: Ribombee|27\/100\n|-heal|p1a: Hatterene|28\/100|[from] drain|[of] p2a: Ribombee\n|\n|-heal|p1a: Hatterene|34\/100|[from] item: Leftovers\n|upkeep\n|turn|4\n|\n|t:|1700477669\n|switch|p1a: Ceruledge|Ceruledge, M|100\/100\n|move|p2a: Ribombee|Moonblast|p1a: Ceruledge\n|-resisted|p1a: Ceruledge\n|-damage|p1a: Ceruledge|86\/100\n|\n|-heal|p1a: Ceruledge|92\/100|[from] item: Leftovers\n|upkeep\n|turn|5\n|\n|t:|1700477679\n|switch|p2a: Ogerpon|Ogerpon-Cornerstone, F|100\/100\n|move|p1a: Ceruledge|Shadow Sneak|p2a: Ogerpon\n|-damage|p2a: Ogerpon|78\/100\n|\n|-heal|p1a: Ceruledge|99\/100|[from] item: Leftovers\n|upkeep\n|turn|6\n|\n|t:|1700477688\n|switch|p2a: Ribombee|Ribombee, F|27\/100\n|switch|p1a: Great Tusk|Great Tusk|100\/100\n|\n|upkeep\n|turn|7\n|\n|t:|1700477695\n|-end|p1a: Great Tusk|Protosynthesis|[silent]\n|switch|p1a: Hatterene|Hatterene, F|34\/100\n|move|p2a: Ribombee|Moonblast|p1a: Hatterene\n|-damage|p1a: Hatterene|0 fnt\n|faint|p1a: Hatterene\n|\n|upkeep\n|\n|t:|1700477699\n|switch|p1a: Rillaboom|Rillaboom, F|100\/100\n|-fieldstart|move: Grassy Terrain|[from] ability: Grassy Surge|[of] p1a: Rillaboom\n|turn|8\n|\n|t:|1700477708\n|switch|p2a: Cinderace|Cinderace, F|100\/100\n|move|p1a: Rillaboom|U-turn|p2a: Cinderace\n|-resisted|p2a: Cinderace\n|-damage|p2a: Cinderace|72\/100\n|\n|t:|1700477723\n|switch|p1a: Dragapult|Dragapult, M|100\/100|[from] U-turn\n|\n|-heal|p2a: Cinderace|78\/100|[from] Grassy Terrain\n|upkeep\n|turn|9\n|\n|t:|1700477731\n|move|p2a: Cinderace|U-turn|p1a: Dragapult\n|-resisted|p1a: Dragapult\n|-damage|p1a: Dragapult|83\/100\n|\n|t:|1700477748\n|switch|p2a: Corviknight|Corviknight, M|100\/100|[from] U-turn\n|-ability|p2a: Corviknight|Pressure\n|move|p1a: Dragapult|Surf|p2a: Corviknight\n|-damage|p2a: Corviknight|64\/100\n|-damage|p1a: Dragapult|73\/100|[from] item: Life Orb\n|\n|-heal|p1a: Dragapult|79\/100|[from] Grassy Terrain\n|upkeep\n|turn|10\n|\n|t:|1700477762\n|switch|p2a: Cinderace|Cinderace, F|78\/100\n|move|p1a: Dragapult|Flamethrower|p2a: Cinderace\n|-resisted|p2a: Cinderace\n|-damage|p2a: Cinderace|55\/100\n|-damage|p1a: Dragapult|69\/100|[from] item: Life Orb\n|\n|-heal|p2a: Cinderace|61\/100|[from] Grassy Terrain\n|-heal|p1a: Dragapult|75\/100|[from] Grassy Terrain\n|upkeep\n|turn|11\n|j| NDSNEZ Adrihaxk\n|\n|t:|1700477777\n|move|p2a: Cinderace|Will-O-Wisp|p1a: Dragapult\n|-status|p1a: Dragapult|brn\n|move|p1a: Dragapult|Dragon Darts|p2a: Cinderace\n|-damage|p2a: Cinderace|36\/100\n|-anim|p1a: Dragapult|Dragon Darts|p2a: Cinderace\n|-damage|p2a: Cinderace|14\/100\n|-damage|p1a: Dragapult|65\/100 brn|[from] item: Life Orb\n|\n|-heal|p2a: Cinderace|20\/100|[from] Grassy Terrain\n|-heal|p1a: Dragapult|71\/100 brn|[from] Grassy Terrain\n|-damage|p1a: Dragapult|65\/100 brn|[from] brn\n|upkeep\n|turn|12\n|\n|t:|1700477793\n|move|p2a: Cinderace|Court Change||[still]\n|-swapsideconditions\n|-fail|p2a: Cinderace\n|move|p1a: Dragapult|Shadow Ball|p2a: Cinderace\n|-crit|p2a: Cinderace\n|-damage|p2a: Cinderace|0 fnt\n|faint|p2a: Cinderace\n|-damage|p1a: Dragapult|56\/100 brn|[from] item: Life Orb\n|\n|-heal|p1a: Dragapult|62\/100 brn|[from] Grassy Terrain\n|-damage|p1a: Dragapult|56\/100 brn|[from] brn\n|-fieldend|move: Grassy Terrain\n|upkeep\n|\n|t:|1700477805\n|switch|p2a: Ribombee|Ribombee, F|27\/100\n|turn|13\n|\n|t:|1700477808\n|move|p2a: Ribombee|Sticky Web|p1a: Dragapult\n|-sidestart|p1: alvar03|move: Sticky Web\n|move|p1a: Dragapult|Shadow Ball|p2a: Ribombee\n|-damage|p2a: Ribombee|0 fnt\n|faint|p2a: Ribombee\n|-damage|p1a: Dragapult|46\/100 brn|[from] item: Life Orb\n|\n|-damage|p1a: Dragapult|40\/100 brn|[from] brn\n|upkeep\n|inactive|Jeanmilapipe has 120 seconds left.\n|\n|t:|1700477830\n|switch|p2a: Ceruledge|Ceruledge, M|100\/100\n|turn|14\n|\n|t:|1700477834\n|move|p2a: Ceruledge|Shadow Sneak|p1a: Dragapult\n|-supereffective|p1a: Dragapult\n|-damage|p1a: Dragapult|0 fnt\n|faint|p1a: Dragapult\n|\n|upkeep\n|\n|t:|1700477837\n|switch|p1a: Great Tusk|Great Tusk|100\/100\n|-activate|p1a: Great Tusk|move: Sticky Web\n|-unboost|p1a: Great Tusk|spe|1\n|turn|15\n|\n|t:|1700477854\n|switch|p2a: Ogerpon|Ogerpon-Cornerstone, F|78\/100\n|move|p1a: Great Tusk|Knock Off|p2a: Ogerpon\n|-damage|p2a: Ogerpon|48\/100\n|\n|upkeep\n|turn|16\n|\n|t:|1700477867\n|move|p2a: Ogerpon|Horn Leech|p1a: Great Tusk\n|-supereffective|p1a: Great Tusk\n|-damage|p1a: Great Tusk|39\/100\n|-heal|p2a: Ogerpon|87\/100|[from] drain|[of] p1a: Great Tusk\n|-damage|p2a: Ogerpon|70\/100|[from] item: Rocky Helmet|[of] p1a: Great Tusk\n|move|p1a: Great Tusk|Stealth Rock|p2a: Ogerpon\n|-sidestart|p2: Jeanmilapipe|move: Stealth Rock\n|\n|upkeep\n|turn|17\n|\n|t:|1700477876\n|move|p2a: Ogerpon|Horn Leech|p1a: Great Tusk\n|-supereffective|p1a: Great Tusk\n|-damage|p1a: Great Tusk|0 fnt\n|-heal|p2a: Ogerpon|94\/100|[from] drain|[of] p1a: Great Tusk\n|-damage|p2a: Ogerpon|77\/100|[from] item: Rocky Helmet|[of] p1a: Great Tusk\n|faint|p1a: Great Tusk\n|-end|p1a: Great Tusk|Protosynthesis|[silent]\n|\n|upkeep\n|\n|t:|1700477878\n|switch|p1a: Rillaboom|Rillaboom, F|100\/100\n|-activate|p1a: Rillaboom|move: Sticky Web\n|-unboost|p1a: Rillaboom|spe|1\n|-fieldstart|move: Grassy Terrain|[from] ability: Grassy Surge|[of] p1a: Rillaboom\n|turn|18\n|\n|t:|1700477889\n|switch|p2a: Corviknight|Corviknight, M|64\/100\n|-damage|p2a: Corviknight|52\/100|[from] Stealth Rock\n|-ability|p2a: Corviknight|Pressure\n|move|p1a: Rillaboom|U-turn|p2a: Corviknight\n|-resisted|p2a: Corviknight\n|-damage|p2a: Corviknight|47\/100\n|-damage|p1a: Rillaboom|84\/100|[from] item: Rocky Helmet|[of] p2a: Corviknight\n|\n|t:|1700477892\n|switch|p1a: Ceruledge|Ceruledge, M|99\/100|[from] U-turn\n|-activate|p1a: Ceruledge|move: Sticky Web\n|-unboost|p1a: Ceruledge|spe|1\n|\n|-heal|p1a: Ceruledge|100\/100|[from] Grassy Terrain\n|upkeep\n|turn|19\n|\n|t:|1700477905\n|move|p2a: Corviknight|U-turn|p1a: Ceruledge\n|-resisted|p1a: Ceruledge\n|-damage|p1a: Ceruledge|97\/100\n|\n|t:|1700477909\n|switch|p2a: Hoopa|Hoopa-Unbound|100\/100|[from] U-turn\n|-damage|p2a: Hoopa|88\/100|[from] Stealth Rock\n|move|p1a: Ceruledge|Bulk Up|p1a: Ceruledge\n|-boost|p1a: Ceruledge|atk|1\n|-boost|p1a: Ceruledge|def|1\n|\n|-heal|p2a: Hoopa|94\/100|[from] Grassy Terrain\n|-heal|p1a: Ceruledge|100\/100|[from] Grassy Terrain\n|upkeep\n|turn|20\n|j| Penelopito03\n|\n|t:|1700477922\n|-terastallize|p1a: Ceruledge|Bug\n|move|p2a: Hoopa|Hyperspace Fury|p1a: Ceruledge\n|-damage|p1a: Ceruledge|36\/100\n|-unboost|p2a: Hoopa|def|1\n|-damage|p2a: Hoopa|84\/100|[from] item: Life Orb\n|move|p1a: Ceruledge|Bitter Blade|p2a: Hoopa\n|-damage|p2a: Hoopa|0 fnt\n|-heal|p1a: Ceruledge|71\/100|[from] drain|[of] p2a: Hoopa\n|faint|p2a: Hoopa\n|\n|-heal|p1a: Ceruledge|77\/100|[from] Grassy Terrain\n|-heal|p1a: Ceruledge|84\/100|[from] item: Leftovers\n|upkeep\n|\n|t:|1700477938\n|switch|p2a: Ogerpon|Ogerpon-Cornerstone, F|77\/100\n|-damage|p2a: Ogerpon|65\/100|[from] Stealth Rock\n|turn|21\n|\n|t:|1700477947\n|switch|p1a: Kingambit|Kingambit, F|100\/100\n|-activate|p1a: Kingambit|move: Sticky Web\n|-unboost|p1a: Kingambit|spe|1\n|-activate|p1a: Kingambit|ability: Supreme Overlord\n|-start|p1a: Kingambit|fallen3|[silent]\n|move|p2a: Ogerpon|Ivy Cudgel|p1a: Kingambit|[anim] Ivy Cudgel Rock\n|-resisted|p1a: Kingambit\n|-damage|p1a: Kingambit|74\/100\n|\n|-heal|p2a: Ogerpon|71\/100|[from] Grassy Terrain\n|-heal|p1a: Kingambit|80\/100|[from] Grassy Terrain\n|upkeep\n|turn|22\n|\n|t:|1700477963\n|switch|p2a: Corviknight|Corviknight, M|47\/100\n|-damage|p2a: Corviknight|34\/100|[from] Stealth Rock\n|-ability|p2a: Corviknight|Pressure\n|move|p1a: Kingambit|Sucker Punch||[still]\n|-fail|p1a: Kingambit\n|\n|-heal|p1a: Kingambit|86\/100|[from] Grassy Terrain\n|-fieldend|move: Grassy Terrain\n|upkeep\n|turn|23\n|\n|t:|1700477973\n|move|p2a: Corviknight|U-turn|p1a: Kingambit\n|-damage|p1a: Kingambit|73\/100\n|\n|t:|1700477980\n|switch|p2a: Ogerpon|Ogerpon-Cornerstone, F|71\/100|[from] U-turn\n|-damage|p2a: Ogerpon|58\/100|[from] Stealth Rock\n|move|p1a: Kingambit|Swords Dance|p1a: Kingambit\n|-boost|p1a: Kingambit|atk|2\n|\n|upkeep\n|turn|24\n|j|+Dragonillis\n|\n|t:|1700477990\n|switch|p2a: Corviknight|Corviknight, M|34\/100\n|-damage|p2a: Corviknight|22\/100|[from] Stealth Rock\n|-ability|p2a: Corviknight|Pressure\n|move|p1a: Kingambit|Kowtow Cleave|p2a: Corviknight\n|-damage|p2a: Corviknight|0 fnt\n|-damage|p1a: Kingambit|56\/100|[from] item: Rocky Helmet|[of] p2a: Corviknight\n|faint|p2a: Corviknight\n|\n|upkeep\n|j| Zuppalover04\n|inactive|Jeanmilapipe has 120 seconds left.\n|\n|t:|1700478014\n|switch|p2a: Ceruledge|Ceruledge, M|100\/100\n|turn|25\n|inactive|Jeanmilapipe has 120 seconds left.\n|l| Zuppalover04\n|\n|t:|1700478032\n|-terastallize|p2a: Ceruledge|Fairy\n|move|p2a: Ceruledge|Bitter Blade|p1a: Kingambit\n|-supereffective|p1a: Kingambit\n|-damage|p1a: Kingambit|0 fnt\n|faint|p1a: Kingambit\n|-end|p1a: Kingambit|fallen3|[silent]\n|\n|upkeep\n|\n|t:|1700478038\n|switch|p1a: Ceruledge|Ceruledge, M, tera:Bug|84\/100\n|-activate|p1a: Ceruledge|move: Sticky Web\n|-unboost|p1a: Ceruledge|spe|1\n|turn|26\n|inactive|Jeanmilapipe has 120 seconds left.\n|\n|t:|1700478045\n|move|p1a: Ceruledge|Shadow Sneak|p2a: Ceruledge\n|-damage|p2a: Ceruledge|77\/100\n|move|p2a: Ceruledge|Poltergeist|p1a: Ceruledge\n|-activate|p1a: Ceruledge|move: Poltergeist|Leftovers\n|-damage|p1a: Ceruledge|14\/100\n|\n|-heal|p1a: Ceruledge|20\/100|[from] item: Leftovers\n|upkeep\n|turn|27\n|\n|t:|1700478054\n|move|p2a: Ceruledge|Shadow Sneak|p1a: Ceruledge\n|-damage|p1a: Ceruledge|0 fnt\n|faint|p1a: Ceruledge\n|\n|upkeep\n|\n|t:|1700478056\n|switch|p1a: Rillaboom|Rillaboom, F|84\/100\n|-activate|p1a: Rillaboom|move: Sticky Web\n|-unboost|p1a: Rillaboom|spe|1\n|-fieldstart|move: Grassy Terrain|[from] ability: Grassy Surge|[of] p1a: Rillaboom\n|turn|28\n|j| all hips no lies\n|\n|t:|1700478063\n|move|p1a: Rillaboom|Grassy Glide|p2a: Ceruledge\n|-damage|p2a: Ceruledge|0 fnt\n|faint|p2a: Ceruledge\n|\n|-heal|p1a: Rillaboom|90\/100|[from] Grassy Terrain\n|upkeep\n|-message|Jeanmilapipe forfeited.\n|\n|win|alvar03\n|raw|alvar03's rating: 1845 &rarr; <strong>1866<\/strong><br \/>(+21 for winning)\n|raw|Jeanmilapipe's rating: 1871 &rarr; <strong>1850<\/strong><br \/>(-21 for losing)\n|l|\u2606Jeanmilapipe\n|l| NDSNEZ Adrihaxk\n|c|\u2606alvar03|gg\n|l| all hips no lies\n|j| all hips no lies\n|l| all hips no lies\n|l| Penelopito03\n|j| Zuppalover04\n|l| Zuppalover04\n","uploadtime":1700478675,"views":12,"p1id":"alvar03","p2id":"jeanmilapipe","formatid":"gen9ou","rating":1850,"private":0,"password":""}