{"id":"gen9ou-1995481775","p1":"dkrbranzero17","p2":"Ragnnis","format":"[Gen 9] OU","log":"|j|\u2606dkrbranzero17\n|j|\u2606Ragnnis\n|inactive|Battle timer is ON: inactive players will automatically lose when time's up.\n|t:|1700575631\n|gametype|singles\n|player|p1|dkrbranzero17|rocketgrunt|\n|player|p2|Ragnnis|silver-masters|\n|teamsize|p1|6\n|teamsize|p2|6\n|gen|9\n|tier|[Gen 9] OU\n|rated|Tournament battle\n|rule|Sleep Clause Mod: Limit one foe put to sleep\n|rule|Species Clause: Limit one of each Pok\u00e9mon\n|rule|OHKO Clause: OHKO moves are banned\n|rule|Evasion Items Clause: Evasion items are banned\n|rule|Evasion Moves Clause: Evasion moves are banned\n|rule|Endless Battle Clause: Forcing endless battles is banned\n|rule|HP Percentage Mod: HP is shown in percentages\n|clearpoke\n|poke|p1|Rillaboom, F|\n|poke|p1|Cinderace, F|\n|poke|p1|Ogerpon-Cornerstone, F|\n|poke|p1|Kingambit, F|\n|poke|p1|Great Tusk|\n|poke|p1|Iron Valiant|\n|poke|p2|Iron Moth|\n|poke|p2|Toedscruel, M|\n|poke|p2|Kommo-o, M|\n|poke|p2|Kingambit, M|\n|poke|p2|Azumarill, M|\n|poke|p2|Thundurus-Therian, M|\n|teampreview\n|j|+Diegogris\n|j| Ren4Real\n|\n|t:|1700575654\n|start\n|switch|p1a: Rillaboom|Rillaboom, F|100\/100\n|switch|p2a: Zeus|Thundurus-Therian, M, shiny|100\/100\n|-fieldstart|move: Grassy Terrain|[from] ability: Grassy Surge|[of] p1a: Rillaboom\n|turn|1\n|\n|t:|1700575669\n|move|p2a: Zeus|Grass Knot|p1a: Rillaboom\n|-resisted|p1a: Rillaboom\n|-damage|p1a: Rillaboom|70\/100\n|move|p1a: Rillaboom|U-turn|p2a: Zeus\n|-resisted|p2a: Zeus\n|-damage|p2a: Zeus|72\/100\n|\n|t:|1700575685\n|switch|p1a: Cinderace|Cinderace, F|100\/100|[from] U-turn\n|\n|upkeep\n|turn|2\n|\n|t:|1700575689\n|switch|p2a: Torrent|Azumarill, M, shiny|100\/100\n|move|p1a: Cinderace|Pyro Ball|p2a: Torrent\n|-resisted|p2a: Torrent\n|-damage|p2a: Torrent|69\/100\n|-status|p2a: Torrent|brn\n|\n|-heal|p2a: Torrent|75\/100 brn|[from] Grassy Terrain\n|-damage|p2a: Torrent|69\/100 brn|[from] brn\n|upkeep\n|turn|3\n|c|\u2606Ragnnis|joder tio\n|\n|t:|1700575698\n|move|p1a: Cinderace|U-turn|p2a: Torrent\n|-resisted|p2a: Torrent\n|-damage|p2a: Torrent|59\/100 brn\n|j| Jahaziel20\n|\n|t:|1700575700\n|switch|p1a: Rillaboom|Rillaboom, F|70\/100|[from] U-turn\n|move|p2a: Torrent|Belly Drum|p2a: Torrent\n|-damage|p2a: Torrent|9\/100 brn\n|-setboost|p2a: Torrent|atk|6|[from] move: Belly Drum\n|-enditem|p2a: Torrent|Sitrus Berry|[eat]\n|-heal|p2a: Torrent|34\/100 brn|[from] item: Sitrus Berry\n|\n|-heal|p1a: Rillaboom|76\/100|[from] Grassy Terrain\n|-heal|p2a: Torrent|40\/100 brn|[from] Grassy Terrain\n|-damage|p2a: Torrent|34\/100 brn|[from] brn\n|upkeep\n|turn|4\n|\n|t:|1700575704\n|move|p1a: Rillaboom|Grassy Glide|p2a: Torrent\n|-supereffective|p2a: Torrent\n|-damage|p2a: Torrent|0 fnt\n|faint|p2a: Torrent\n|\n|-heal|p1a: Rillaboom|82\/100|[from] Grassy Terrain\n|upkeep\n|\n|t:|1700575707\n|switch|p2a: Symbolism|Iron Moth, shiny|100\/100\n|-enditem|p2a: Symbolism|Booster Energy\n|-activate|p2a: Symbolism|ability: Quark Drive|[fromitem]\n|-start|p2a: Symbolism|quarkdrivespe\n|turn|5\n|\n|t:|1700575717\n|switch|p1a: Great Tusk|Great Tusk|100\/100\n|move|p2a: Symbolism|Substitute|p2a: Symbolism\n|-start|p2a: Symbolism|Substitute\n|-damage|p2a: Symbolism|76\/100\n|\n|-heal|p2a: Symbolism|82\/100|[from] Grassy Terrain\n|-fieldend|move: Grassy Terrain\n|upkeep\n|turn|6\n|\n|t:|1700575720\n|move|p2a: Symbolism|Fiery Dance|p1a: Great Tusk\n|-damage|p1a: Great Tusk|47\/100\n|-boost|p2a: Symbolism|spa|1\n|move|p1a: Great Tusk|Earthquake|p2a: Symbolism\n|-supereffective|p2a: Symbolism\n|-end|p2a: Symbolism|Substitute\n|\n|upkeep\n|turn|7\n|\n|t:|1700575725\n|move|p2a: Symbolism|Fiery Dance|p1a: Great Tusk\n|-damage|p1a: Great Tusk|0 fnt\n|faint|p1a: Great Tusk\n|-end|p1a: Great Tusk|Protosynthesis|[silent]\n|\n|upkeep\n|c| Ren4Real|Ogerpon lol\n|inactive|dkrbranzero17 has 120 seconds left.\n|\n|t:|1700575764\n|switch|p1a: Ogerpon|Ogerpon-Cornerstone, F|100\/100\n|turn|8\n|\n|t:|1700575768\n|-terastallize|p1a: Ogerpon|Rock\n|detailschange|p1a: Ogerpon|Ogerpon-Cornerstone-Tera, F, tera:Rock\n|-ability|p1a: Ogerpon|Embody Aspect (Cornerstone)|boost\n|-boost|p1a: Ogerpon|def|1\n|move|p2a: Symbolism|Fiery Dance|p1a: Ogerpon\n|-resisted|p1a: Ogerpon\n|-damage|p1a: Ogerpon|67\/100\n|-boost|p2a: Symbolism|spa|1\n|move|p1a: Ogerpon|Ivy Cudgel|p2a: Symbolism|[anim] Ivy Cudgel Rock\n|-supereffective|p2a: Symbolism\n|-damage|p2a: Symbolism|0 fnt\n|faint|p2a: Symbolism\n|-end|p2a: Symbolism|Quark Drive|[silent]\n|\n|upkeep\n|\n|t:|1700575776\n|switch|p2a: Godzilla|Kommo-o, M, shiny|100\/100\n|turn|9\n|c| Ren4Real|Es que te quedas pensando, no lo tienes m\u00e1s f\u00e1cil\n|c| Ren4Real|JAJAJA\n|inactive|dkrbranzero17 has 120 seconds left.\n|c|\u2606Ragnnis|dejalo tranquilo, no es facil jugar cuando te estan diciendo q hacer...\n|inactive|dkrbranzero17 has 90 seconds left.\n|c| Ren4Real|Cuando eres lento del cerebro, solamente\n|c|\u2606Ragnnis|no tienes porque faltar el respeto de esa forma\n|inactive|dkrbranzero17 has 60 seconds left.\n|\n|t:|1700575858\n|move|p1a: Ogerpon|Low Kick|p2a: Godzilla\n|-damage|p2a: Godzilla|72\/100\n|move|p2a: Godzilla|Clangorous Soul|p2a: Godzilla\n|-boost|p2a: Godzilla|atk|1\n|-boost|p2a: Godzilla|def|1\n|-boost|p2a: Godzilla|spa|1\n|-boost|p2a: Godzilla|spd|1\n|-boost|p2a: Godzilla|spe|1\n|-damage|p2a: Godzilla|39\/100\n|-enditem|p2a: Godzilla|Throat Spray\n|-boost|p2a: Godzilla|spa|1|[from] item: Throat Spray\n|\n|upkeep\n|turn|10\n|\n|t:|1700575866\n|move|p2a: Godzilla|Clanging Scales|p1a: Ogerpon\n|-damage|p1a: Ogerpon|0 fnt\n|faint|p1a: Ogerpon\n|-unboost|p2a: Godzilla|def|1\n|\n|upkeep\n|\n|t:|1700575870\n|switch|p1a: Iron Valiant|Iron Valiant|100\/100\n|-enditem|p1a: Iron Valiant|Booster Energy\n|-activate|p1a: Iron Valiant|ability: Quark Drive|[fromitem]\n|-start|p1a: Iron Valiant|quarkdrivespe\n|turn|11\n|\n|t:|1700575878\n|move|p1a: Iron Valiant|Moonblast|p2a: Godzilla\n|-supereffective|p2a: Godzilla\n|-damage|p2a: Godzilla|0 fnt\n|faint|p2a: Godzilla\n|\n|upkeep\n|\n|t:|1700575883\n|switch|p2a: Scoliosis|Toedscruel, M, shiny|100\/100\n|turn|12\n|inactive|dkrbranzero17 has 90 seconds left.\n|\n|t:|1700575898\n|-end|p1a: Iron Valiant|Quark Drive|[silent]\n|switch|p1a: Cinderace|Cinderace, F|100\/100\n|move|p2a: Scoliosis|Spore|p1a: Cinderace\n|-status|p1a: Cinderace|slp|[from] move: Spore\n|\n|upkeep\n|turn|13\n|\n|t:|1700575903\n|switch|p1a: Rillaboom|Rillaboom, F|82\/100\n|-fieldstart|move: Grassy Terrain|[from] ability: Grassy Surge|[of] p1a: Rillaboom\n|switch|p2a: Zeus|Thundurus-Therian, M, shiny|72\/100\n|\n|-heal|p1a: Rillaboom|88\/100|[from] Grassy Terrain\n|upkeep\n|turn|14\n|\n|t:|1700575911\n|-terastallize|p2a: Zeus|Flying\n|move|p2a: Zeus|Tera Blast|p1a: Rillaboom|[anim] Tera Blast Flying\n|-supereffective|p1a: Rillaboom\n|-damage|p1a: Rillaboom|0 fnt\n|faint|p1a: Rillaboom\n|\n|upkeep\n|\n|t:|1700575921\n|switch|p1a: Iron Valiant|Iron Valiant|100\/100\n|turn|15\n|\n|t:|1700575923\n|move|p1a: Iron Valiant|Thunderbolt|p2a: Zeus\n|-heal|p2a: Zeus|97\/100|[from] ability: Volt Absorb|[of] p1a: Iron Valiant\n|move|p2a: Zeus|Tera Blast|p1a: Iron Valiant|[anim] Tera Blast Flying\n|-supereffective|p1a: Iron Valiant\n|-damage|p1a: Iron Valiant|0 fnt\n|faint|p1a: Iron Valiant\n|-end|p1a: Iron Valiant|Quark Drive|[silent]\n|\n|upkeep\n|\n|t:|1700575926\n|switch|p1a: Kingambit|Kingambit, F|100\/100\n|-activate|p1a: Kingambit|ability: Supreme Overlord\n|-start|p1a: Kingambit|fallen4|[silent]\n|-item|p1a: Kingambit|Air Balloon\n|turn|16\n|c| Ren4Real|JAJAJA\n|j| 7ord5hadow\n|inactive|dkrbranzero17 has 120 seconds left.\n|c| Ren4Real|Est\u00e1 dlv\n|c| Ren4Real|Esta partida\n|c| Ren4Real|El dk la ten\u00eda ganad\u00edsima\n|\n|t:|1700575945\n|move|p1a: Kingambit|Sucker Punch|p2a: Zeus\n|-damage|p2a: Zeus|3\/100\n|move|p2a: Zeus|Tera Blast|p1a: Kingambit|[anim] Tera Blast Flying\n|-resisted|p1a: Kingambit\n|-damage|p1a: Kingambit|57\/100\n|-enditem|p1a: Kingambit|Air Balloon\n|\n|-heal|p1a: Kingambit|63\/100|[from] Grassy Terrain\n|upkeep\n|turn|17\n|inactive|dkrbranzero17 has 120 seconds left.\n|\n|t:|1700575951\n|switch|p2a: Scoliosis|Toedscruel, M, shiny|100\/100\n|move|p1a: Kingambit|Sucker Punch||[still]\n|-fail|p1a: Kingambit\n|\n|-heal|p1a: Kingambit|69\/100|[from] Grassy Terrain\n|-fieldend|move: Grassy Terrain\n|upkeep\n|turn|18\n|\n|t:|1700575959\n|move|p1a: Kingambit|Sucker Punch|p2a: Scoliosis\n|-damage|p2a: Scoliosis|3\/100\n|move|p2a: Scoliosis|Leaf Storm|p1a: Kingambit\n|-resisted|p1a: Kingambit\n|-damage|p1a: Kingambit|47\/100\n|-unboost|p2a: Scoliosis|spa|2\n|\n|upkeep\n|turn|19\n|\n|t:|1700575964\n|move|p1a: Kingambit|Sucker Punch|p2a: Scoliosis\n|-damage|p2a: Scoliosis|0 fnt\n|faint|p2a: Scoliosis\n|\n|upkeep\n|\n|t:|1700575966\n|switch|p2a: Overgod|Kingambit, M, shiny|100\/100\n|-activate|p2a: Overgod|ability: Supreme Overlord\n|-start|p2a: Overgod|fallen4|[silent]\n|turn|20\n|\n|t:|1700575973\n|move|p2a: Overgod|Kowtow Cleave|p1a: Kingambit\n|-resisted|p1a: Kingambit\n|-damage|p1a: Kingambit|17\/100\n|move|p1a: Kingambit|Low Kick|p2a: Overgod\n|-supereffective|p2a: Overgod\n|-damage|p2a: Overgod|0 fnt\n|faint|p2a: Overgod\n|-end|p2a: Overgod|fallen4|[silent]\n|\n|upkeep\n|\n|t:|1700575978\n|switch|p2a: Zeus|Thundurus-Therian, M, shiny, tera:Flying|3\/100\n|turn|21\n|c|\u2606Ragnnis|gg\n|\n|t:|1700575982\n|move|p1a: Kingambit|Sucker Punch|p2a: Zeus\n|-damage|p2a: Zeus|0 fnt\n|faint|p2a: Zeus\n|\n|win|dkrbranzero17\n|n|\u2606dkrbranzero17|dkrbranzero17\n|n|\u2606Ragnnis|ragnnis\n|n| Diegogris|diegogris\n|n| Ren4Real|ren4real\n|n| Jahaziel20|jahaziel20\n|n| 7ord5hadow|7ord5hadow\n","uploadtime":1700575983,"views":1,"p1id":"dkrbranzero17","p2id":"ragnnis","formatid":"gen9ou","rating":0,"private":0,"password":""}