{"id":"gen9ou-1998262719","p1":"Cl0wd","p2":"endersOverlord","format":"[Gen 9] OU","log":"|j|\u2606Cl0wd\n|j|\u2606endersOverlord\n|t:|1700921656\n|gametype|singles\n|player|p1|Cl0wd|hilbert|\n|player|p2|endersOverlord|colress|\n|teamsize|p1|6\n|teamsize|p2|6\n|gen|9\n|tier|[Gen 9] OU\n|rule|Sleep Clause Mod: Limit one foe put to sleep\n|rule|Species Clause: Limit one of each Pok\u00e9mon\n|rule|OHKO Clause: OHKO moves are banned\n|rule|Evasion Items Clause: Evasion items are banned\n|rule|Evasion Moves Clause: Evasion moves are banned\n|rule|Endless Battle Clause: Forcing endless battles is banned\n|rule|HP Percentage Mod: HP is shown in percentages\n|clearpoke\n|poke|p1|Samurott-Hisui, M|\n|poke|p1|Sylveon, F|\n|poke|p1|Lucario, M|\n|poke|p1|Toxtricity, M|\n|poke|p1|Corviknight, F|\n|poke|p1|Ceruledge, F|\n|poke|p2|Rotom-Wash|\n|poke|p2|Tinkaton, F|\n|poke|p2|Iron Hands|\n|poke|p2|Hydreigon, F|\n|poke|p2|Iron Moth|\n|poke|p2|Ogerpon, F|\n|teampreview\n|\n|t:|1700921664\n|start\n|switch|p1a: (Taylor's Version)|Toxtricity, M|100\/100\n|switch|p2a: Ra-Moon|Iron Moth, shiny|100\/100\n|turn|1\n|\n|t:|1700921674\n|move|p2a: Ra-Moon|Fiery Dance|p1a: (Taylor's Version)\n|-damage|p1a: (Taylor's Version)|0 fnt\n|-boost|p2a: Ra-Moon|spa|1\n|faint|p1a: (Taylor's Version)\n|\n|upkeep\n|\n|t:|1700921680\n|switch|p1a: Doja Cat|Samurott-Hisui, M|100\/100\n|turn|2\n|\n|t:|1700921682\n|move|p2a: Ra-Moon|Fiery Dance|p1a: Doja Cat\n|-resisted|p1a: Doja Cat\n|-damage|p1a: Doja Cat|22\/100\n|-boost|p2a: Ra-Moon|spa|1\n|move|p1a: Doja Cat|Aqua Cutter|p2a: Ra-Moon\n|-supereffective|p2a: Ra-Moon\n|-damage|p2a: Ra-Moon|0 fnt\n|faint|p2a: Ra-Moon\n|-end|p2a: Ra-Moon|Quark Drive|[silent]\n|\n|upkeep\n|\n|t:|1700921697\n|switch|p2a: Ogerpon|Ogerpon, F|100\/100\n|turn|3\n|\n|t:|1700921702\n|switch|p1a: Gay Knife|Ceruledge, F|100\/100\n|move|p2a: Ogerpon|Ivy Cudgel|p1a: Gay Knife\n|-resisted|p1a: Gay Knife\n|-crit|p1a: Gay Knife\n|-damage|p1a: Gay Knife|22\/100\n|-ability|p1a: Gay Knife|Weak Armor|boost\n|-unboost|p1a: Gay Knife|def|1\n|-boost|p1a: Gay Knife|spe|2\n|\n|upkeep\n|turn|4\n|\n|t:|1700921719\n|switch|p2a: Cal-Gone|Rotom-Wash, shiny|100\/100\n|move|p1a: Gay Knife|Bitter Blade|p2a: Cal-Gone\n|-resisted|p2a: Cal-Gone\n|-damage|p2a: Cal-Gone|83\/100\n|-heal|p1a: Gay Knife|31\/100|[from] drain|[of] p2a: Cal-Gone\n|\n|upkeep\n|turn|5\n|\n|t:|1700921732\n|move|p1a: Gay Knife|Poltergeist|p2a: Cal-Gone\n|-activate|p2a: Cal-Gone|move: Poltergeist|Terrain Extender\n|-damage|p2a: Cal-Gone|42\/100\n|move|p2a: Cal-Gone|Hydro Pump|p1a: Gay Knife\n|-supereffective|p1a: Gay Knife\n|-damage|p1a: Gay Knife|0 fnt\n|faint|p1a: Gay Knife\n|\n|upkeep\n|\n|t:|1700921746\n|switch|p1a: Crusher|Sylveon, F, shiny|100\/100\n|turn|6\n|\n|t:|1700921758\n|-terastallize|p1a: Crusher|Fairy\n|move|p2a: Cal-Gone|Electric Terrain|p2a: Cal-Gone\n|-fieldstart|move: Electric Terrain\n|move|p1a: Crusher|Hyper Voice|p2a: Cal-Gone\n|-damage|p2a: Cal-Gone|0 fnt\n|faint|p2a: Cal-Gone\n|\n|upkeep\n|\n|t:|1700921766\n|switch|p2a: Doubletap|Tinkaton, F|100\/100\n|-ability|p2a: Doubletap|Mold Breaker\n|turn|7\n|\n|t:|1700921775\n|switch|p1a: New York City|Corviknight, F|100\/100\n|-ability|p1a: New York City|Pressure\n|move|p2a: Doubletap|Thunder Wave|p1a: New York City\n|-status|p1a: New York City|par\n|\n|upkeep\n|turn|8\n|\n|t:|1700921783\n|move|p2a: Doubletap|Knock Off|p1a: New York City\n|-damage|p1a: New York City|90\/100 par\n|-damage|p2a: Doubletap|84\/100|[from] item: Rocky Helmet|[of] p1a: New York City\n|-enditem|p1a: New York City|Rocky Helmet|[from] move: Knock Off|[of] p2a: Doubletap\n|move|p1a: New York City|Brave Bird|p2a: Doubletap\n|-resisted|p2a: Doubletap\n|-damage|p2a: Doubletap|63\/100\n|-damage|p1a: New York City|83\/100 par|[from] Recoil\n|\n|-heal|p2a: Doubletap|69\/100|[from] item: Leftovers\n|upkeep\n|turn|9\n|\n|t:|1700921793\n|move|p2a: Doubletap|Gigaton Hammer|p1a: New York City\n|-resisted|p1a: New York City\n|-damage|p1a: New York City|71\/100 par\n|move|p1a: New York City|Body Press|p2a: Doubletap\n|-damage|p2a: Doubletap|37\/100\n|\n|-heal|p2a: Doubletap|44\/100|[from] item: Leftovers\n|upkeep\n|turn|10\n|\n|t:|1700921804\n|switch|p2a: Harmonia|Hydreigon, F|100\/100\n|cant|p1a: New York City|par\n|\n|upkeep\n|turn|11\n|\n|t:|1700921816\n|switch|p1a: Crusher|Sylveon, F, shiny, tera:Fairy|100\/100\n|move|p2a: Harmonia|Nasty Plot|p2a: Harmonia\n|-boost|p2a: Harmonia|spa|2\n|\n|upkeep\n|turn|12\n|\n|t:|1700921827\n|-terastallize|p2a: Harmonia|Steel\n|move|p2a: Harmonia|Earth Power|p1a: Crusher\n|-damage|p1a: Crusher|45\/100\n|-damage|p2a: Harmonia|91\/100|[from] item: Life Orb\n|move|p1a: Crusher|Hyper Voice|p2a: Harmonia\n|-resisted|p2a: Harmonia\n|-damage|p2a: Harmonia|62\/100\n|\n|-heal|p1a: Crusher|51\/100|[from] item: Leftovers\n|upkeep\n|turn|13\n|\n|t:|1700921839\n|switch|p1a: New York City|Corviknight, F|71\/100 par\n|-ability|p1a: New York City|Pressure\n|move|p2a: Harmonia|Earth Power|p1a: New York City\n|-immune|p1a: New York City\n|\n|-fieldend|move: Electric Terrain\n|upkeep\n|turn|14\n|\n|t:|1700921848\n|move|p2a: Harmonia|Dark Pulse|p1a: New York City\n|-damage|p1a: New York City|0 fnt\n|faint|p1a: New York City\n|-damage|p2a: Harmonia|52\/100|[from] item: Life Orb\n|\n|upkeep\n|\n|t:|1700921854\n|switch|p1a: Doja Cat|Samurott-Hisui, M|22\/100\n|turn|15\n|\n|t:|1700921861\n|move|p2a: Harmonia|Earth Power|p1a: Doja Cat\n|-damage|p1a: Doja Cat|0 fnt\n|faint|p1a: Doja Cat\n|-damage|p2a: Harmonia|42\/100|[from] item: Life Orb\n|\n|upkeep\n|\n|t:|1700921867\n|switch|p1a: Chicken wings|Lucario, M|100\/100\n|turn|16\n|\n|t:|1700921870\n|move|p1a: Chicken wings|Extreme Speed|p2a: Harmonia\n|-resisted|p2a: Harmonia\n|-damage|p2a: Harmonia|28\/100\n|move|p2a: Harmonia|Earth Power|p1a: Chicken wings\n|-supereffective|p1a: Chicken wings\n|-damage|p1a: Chicken wings|0 fnt\n|faint|p1a: Chicken wings\n|-damage|p2a: Harmonia|18\/100|[from] item: Life Orb\n|\n|upkeep\n|\n|t:|1700921878\n|switch|p1a: Crusher|Sylveon, F, shiny, tera:Fairy|51\/100\n|turn|17\n|\n|t:|1700921881\n|move|p2a: Harmonia|Earth Power|p1a: Crusher\n|-damage|p1a: Crusher|0 fnt\n|faint|p1a: Crusher\n|-damage|p2a: Harmonia|8\/100|[from] item: Life Orb\n|\n|win|endersOverlord\n|l|\u2606Cl0wd\n","uploadtime":1700921910,"views":2,"p1id":"cl0wd","p2id":"endersoverlord","formatid":"gen9ou","rating":0,"private":0,"password":""}