{"id":"gen9ou-1996326637","p1":"eggdog00","p2":"Username momento","format":"[Gen 9] OU","log":"|j|\u203deggdog00\n|j|\u2606Username momento\n|t:|1700671437\n|gametype|singles\n|player|p1|eggdog00|170|1524\n|player|p2|Username momento|ninjaboy|1599\n|teamsize|p1|6\n|teamsize|p2|6\n|gen|9\n|tier|[Gen 9] OU\n|rated|\n|rule|Sleep Clause Mod: Limit one foe put to sleep\n|rule|Species Clause: Limit one of each Pok\u00e9mon\n|rule|OHKO Clause: OHKO moves are banned\n|rule|Evasion Items Clause: Evasion items are banned\n|rule|Evasion Moves Clause: Evasion moves are banned\n|rule|Endless Battle Clause: Forcing endless battles is banned\n|rule|HP Percentage Mod: HP is shown in percentages\n|clearpoke\n|poke|p1|Zapdos|\n|poke|p1|Great Tusk|\n|poke|p1|Goodra-Hisui, M|\n|poke|p1|Ogerpon-Wellspring, F|\n|poke|p1|Sandy Shocks|\n|poke|p1|Walking Wake|\n|poke|p2|Meowscarada, F|\n|poke|p2|Kingambit, M|\n|poke|p2|Zapdos|\n|poke|p2|Zamazenta-*|\n|poke|p2|Great Tusk|\n|poke|p2|Iron Moth|\n|teampreview\n|inactive|Battle timer is ON: inactive players will automatically lose when time's up. (requested by eggdog00)\n|\n|t:|1700671449\n|start\n|switch|p1a: Sandy Shocks|Sandy Shocks|100\/100\n|switch|p2a: Meowscarada|Meowscarada, F|100\/100\n|turn|1\n|\n|t:|1700671457\n|move|p1a: Sandy Shocks|Volt Switch|p2a: Meowscarada\n|-resisted|p2a: Meowscarada\n|-damage|p2a: Meowscarada|71\/100\n|\n|t:|1700671461\n|-end|p1a: Sandy Shocks|Protosynthesis|[silent]\n|switch|p1a: Goodra|Goodra-Hisui, M|100\/100|[from] Volt Switch\n|move|p2a: Meowscarada|U-turn|p1a: Goodra\n|-start|p2a: Meowscarada|typechange|Bug|[from] ability: Protean\n|-resisted|p1a: Goodra\n|-damage|p1a: Goodra|77\/100\n|\n|t:|1700671470\n|switch|p2a: Great Tusk|Great Tusk|100\/100|[from] U-turn\n|-enditem|p2a: Great Tusk|Booster Energy\n|-activate|p2a: Great Tusk|ability: Protosynthesis|[fromitem]\n|-start|p2a: Great Tusk|protosynthesisatk\n|\n|upkeep\n|turn|2\n|\n|t:|1700671474\n|switch|p1a: Zapdos|Zapdos|100\/100\n|move|p2a: Great Tusk|Rapid Spin|p1a: Zapdos\n|-damage|p1a: Zapdos|81\/100\n|-boost|p2a: Great Tusk|spe|1\n|-status|p2a: Great Tusk|par|[from] ability: Static|[of] p1a: Zapdos\n|\n|upkeep\n|turn|3\n|\n|t:|1700671478\n|move|p1a: Zapdos|Hurricane|p2a: Great Tusk\n|-supereffective|p2a: Great Tusk\n|-damage|p2a: Great Tusk|0 fnt\n|faint|p2a: Great Tusk\n|-end|p2a: Great Tusk|Protosynthesis|[silent]\n|\n|upkeep\n|\n|t:|1700671482\n|switch|p2a: Iron Moth|Iron Moth|100\/100\n|-enditem|p2a: Iron Moth|Booster Energy\n|-activate|p2a: Iron Moth|ability: Quark Drive|[fromitem]\n|-start|p2a: Iron Moth|quarkdrivespe\n|turn|4\n|\n|t:|1700671487\n|switch|p1a: Goodra|Goodra-Hisui, M|77\/100\n|move|p2a: Iron Moth|Fiery Dance|p1a: Goodra\n|-damage|p1a: Goodra|58\/100\n|-boost|p2a: Iron Moth|spa|1\n|\n|upkeep\n|turn|5\n|\n|t:|1700671490\n|-terastallize|p2a: Iron Moth|Ground\n|move|p2a: Iron Moth|Tera Blast|p1a: Goodra|[anim] Tera Blast Ground\n|-supereffective|p1a: Goodra\n|-damage|p1a: Goodra|0 fnt\n|faint|p1a: Goodra\n|\n|upkeep\n|\n|t:|1700671499\n|switch|p1a: Ogerpon|Ogerpon-Wellspring, F|100\/100\n|turn|6\n|\n|t:|1700671504\n|-terastallize|p1a: Ogerpon|Water\n|detailschange|p1a: Ogerpon|Ogerpon-Wellspring-Tera, F, tera:Water\n|-ability|p1a: Ogerpon|Embody Aspect (Wellspring)|boost\n|-boost|p1a: Ogerpon|spd|1\n|move|p2a: Iron Moth|Sludge Wave|p1a: Ogerpon\n|-crit|p1a: Ogerpon\n|-damage|p1a: Ogerpon|0 fnt\n|faint|p1a: Ogerpon\n|\n|upkeep\n|-message|eggdog00 forfeited.\n|\n|win|Username momento\n|raw|eggdog00's rating: 1524 &rarr; <strong>1508<\/strong><br \/>(-16 for losing)\n|raw|Username momento's rating: 1599 &rarr; <strong>1615<\/strong><br \/>(+16 for winning)\n|l|\u203deggdog00\n","uploadtime":1700671516,"views":0,"p1id":"eggdog00","p2id":"usernamemomento","formatid":"gen9ou","rating":1508,"private":0,"password":""}