{"id":"gen9ou-1996147650","p1":"FantaShadowRYT","p2":"Lolnicco","format":"[Gen 9] OU","log":"|j|\u2606FantaShadowRYT\n|j|\u2606Lolnicco\n|t:|1700651277\n|gametype|singles\n|player|p1|FantaShadowRYT|wallace|1178\n|player|p2|Lolnicco|1|1294\n|teamsize|p1|6\n|teamsize|p2|6\n|gen|9\n|tier|[Gen 9] OU\n|rated|\n|rule|Sleep Clause Mod: Limit one foe put to sleep\n|rule|Species Clause: Limit one of each Pok\u00e9mon\n|rule|OHKO Clause: OHKO moves are banned\n|rule|Evasion Items Clause: Evasion items are banned\n|rule|Evasion Moves Clause: Evasion moves are banned\n|rule|Endless Battle Clause: Forcing endless battles is banned\n|rule|HP Percentage Mod: HP is shown in percentages\n|clearpoke\n|poke|p1|Tyranitar, F|\n|poke|p1|Clefable, M|\n|poke|p1|Ogerpon-Cornerstone, F|\n|poke|p1|Great Tusk|\n|poke|p1|Corviknight, F|\n|poke|p1|Gastrodon, F|\n|poke|p2|Poliwrath, M|\n|poke|p2|Pelipper, M|\n|poke|p2|Overqwil, F|\n|poke|p2|Rillaboom, F|\n|poke|p2|Iron Treads|\n|poke|p2|Zapdos|\n|teampreview\n|inactive|Battle timer is ON: inactive players will automatically lose when time's up. (requested by FantaShadowRYT)\n|\n|t:|1700651297\n|start\n|switch|p1a: Util Oger|Ogerpon-Cornerstone, F|100\/100\n|switch|p2a: Pelipper|Pelipper, M|100\/100\n|-weather|RainDance|[from] ability: Drizzle|[of] p2a: Pelipper\n|turn|1\n|\n|t:|1700651314\n|switch|p2a: Rillaboom|Rillaboom, F|100\/100\n|-fieldstart|move: Grassy Terrain|[from] ability: Grassy Surge|[of] p2a: Rillaboom\n|move|p1a: Util Oger|Ivy Cudgel|p2a: Rillaboom|[anim] Ivy Cudgel Rock\n|-damage|p2a: Rillaboom|40\/100\n|\n|-weather|RainDance|[upkeep]\n|-heal|p2a: Rillaboom|47\/100|[from] Grassy Terrain\n|upkeep\n|turn|2\n|inactive|Lolnicco has 120 seconds left.\n|\n|t:|1700651345\n|switch|p1a: ...|Corviknight, F|100\/100\n|move|p2a: Rillaboom|Grassy Glide|p1a: ...\n|-resisted|p1a: ...\n|-crit|p1a: ...\n|-damage|p1a: ...|82\/100\n|\n|-weather|RainDance|[upkeep]\n|-heal|p2a: Rillaboom|53\/100|[from] Grassy Terrain\n|-heal|p1a: ...|89\/100|[from] item: Leftovers\n|upkeep\n|turn|3\n|inactive|Lolnicco has 120 seconds left.\n|\n|t:|1700651354\n|switch|p2a: Zapdos|Zapdos|100\/100\n|move|p1a: ...|Agility|p1a: ...\n|-boost|p1a: ...|spe|2\n|\n|-weather|RainDance|[upkeep]\n|-heal|p1a: ...|95\/100|[from] item: Leftovers\n|upkeep\n|turn|4\n|inactive|Lolnicco has 120 seconds left.\n|\n|t:|1700651378\n|-terastallize|p1a: ...|Dark\n|move|p1a: ...|Bulk Up|p1a: ...\n|-boost|p1a: ...|atk|1\n|-boost|p1a: ...|def|1\n|move|p2a: Zapdos|Thunder|p1a: ...\n|-damage|p1a: ...|58\/100\n|\n|-weather|RainDance|[upkeep]\n|-heal|p1a: ...|64\/100|[from] Grassy Terrain\n|-heal|p1a: ...|70\/100|[from] item: Leftovers\n|upkeep\n|turn|5\n|\n|t:|1700651388\n|move|p1a: ...|Agility|p1a: ...\n|-boost|p1a: ...|spe|2\n|move|p2a: Zapdos|Hurricane|p1a: ...\n|-crit|p1a: ...\n|-damage|p1a: ...|12\/100\n|\n|-weather|RainDance|[upkeep]\n|-heal|p1a: ...|18\/100|[from] Grassy Terrain\n|-heal|p1a: ...|24\/100|[from] item: Leftovers\n|-fieldend|move: Grassy Terrain\n|upkeep\n|turn|6\n|\n|t:|1700651395\n|move|p1a: ...|Roost|p1a: ...\n|-heal|p1a: ...|74\/100\n|move|p2a: Zapdos|Hurricane|p1a: ...\n|-damage|p1a: ...|35\/100\n|-start|p1a: ...|confusion\n|\n|-weather|RainDance|[upkeep]\n|-heal|p1a: ...|41\/100|[from] item: Leftovers\n|upkeep\n|turn|7\n|\n|t:|1700651404\n|-activate|p1a: ...|confusion\n|move|p1a: ...|Roost|p1a: ...\n|-heal|p1a: ...|91\/100\n|move|p2a: Zapdos|Hurricane|p1a: ...\n|-damage|p1a: ...|51\/100\n|\n|-weather|RainDance|[upkeep]\n|-heal|p1a: ...|57\/100|[from] item: Leftovers\n|upkeep\n|turn|8\n|\n|t:|1700651409\n|-activate|p1a: ...|confusion\n|move|p1a: ...|Bulk Up|p1a: ...\n|-boost|p1a: ...|atk|1\n|-boost|p1a: ...|def|1\n|move|p2a: Zapdos|Hurricane|p1a: ...\n|-damage|p1a: ...|15\/100\n|\n|-weather|none\n|-heal|p1a: ...|22\/100|[from] item: Leftovers\n|upkeep\n|turn|9\n|\n|t:|1700651431\n|-activate|p1a: ...|confusion\n|move|p1a: ...|Roost|p1a: ...\n|-heal|p1a: ...|72\/100\n|move|p2a: Zapdos|Thunder|p1a: ...|[miss]\n|-miss|p2a: Zapdos|p1a: ...\n|\n|-heal|p1a: ...|78\/100|[from] item: Leftovers\n|upkeep\n|turn|10\n|\n|t:|1700651440\n|-end|p1a: ...|confusion\n|move|p1a: ...|Power Trip|p2a: Zapdos\n|-damage|p2a: Zapdos|0 fnt\n|-status|p1a: ...|par|[from] ability: Static|[of] p2a: Zapdos\n|faint|p2a: Zapdos\n|\n|-heal|p1a: ...|84\/100 par|[from] item: Leftovers\n|upkeep\n|\n|t:|1700651451\n|switch|p2a: Pelipper|Pelipper, M|100\/100\n|-weather|RainDance|[from] ability: Drizzle|[of] p2a: Pelipper\n|turn|11\n|\n|t:|1700651453\n|move|p1a: ...|Agility|p1a: ...\n|-boost|p1a: ...|spe|2\n|move|p2a: Pelipper|U-turn|p1a: ...\n|-supereffective|p1a: ...\n|-damage|p1a: ...|77\/100 par\n|\n|t:|1700651459\n|switch|p2a: Poliwrath|Poliwrath, M|100\/100|[from] U-turn\n|\n|-weather|RainDance|[upkeep]\n|-heal|p1a: ...|83\/100 par|[from] item: Leftovers\n|upkeep\n|turn|12\n|\n|t:|1700651467\n|move|p2a: Poliwrath|Drain Punch|p1a: ...\n|-supereffective|p1a: ...\n|-damage|p1a: ...|55\/100 par\n|move|p1a: ...|Power Trip|p2a: Poliwrath\n|-resisted|p2a: Poliwrath\n|-damage|p2a: Poliwrath|24\/100\n|-enditem|p2a: Poliwrath|Sitrus Berry|[eat]\n|-heal|p2a: Poliwrath|49\/100|[from] item: Sitrus Berry\n|\n|-weather|RainDance|[upkeep]\n|-heal|p1a: ...|61\/100 par|[from] item: Leftovers\n|upkeep\n|turn|13\n|\n|t:|1700651474\n|move|p2a: Poliwrath|Drain Punch|p1a: ...\n|-supereffective|p1a: ...\n|-damage|p1a: ...|35\/100 par\n|-heal|p2a: Poliwrath|65\/100|[from] drain|[of] p1a: ...\n|move|p1a: ...|Power Trip|p2a: Poliwrath\n|-resisted|p2a: Poliwrath\n|-damage|p2a: Poliwrath|0 fnt\n|faint|p2a: Poliwrath\n|\n|-weather|RainDance|[upkeep]\n|-heal|p1a: ...|41\/100 par|[from] item: Leftovers\n|upkeep\n|-message|Lolnicco forfeited.\n|\n|win|FantaShadowRYT\n|raw|FantaShadowRYT's rating: 1178 &rarr; <strong>1211<\/strong><br \/>(+33 for winning)\n|raw|Lolnicco's rating: 1294 &rarr; <strong>1261<\/strong><br \/>(-33 for losing)\n|l|\u2606Lolnicco\n","uploadtime":1700651484,"views":0,"p1id":"fantashadowryt","p2id":"lolnicco","formatid":"gen9ou","rating":1211,"private":0,"password":""}