{"id":"gen9ou-1988573158","p1":"Unserious Drew","p2":"brendog66","format":"[Gen 9] OU","log":"|j|\u2606Unserious Drew\n|j|\u2606brendog66\n|t:|1699737584\n|gametype|singles\n|player|p1|Unserious Drew|1|1296\n|player|p2|brendog66|265|1392\n|teamsize|p1|6\n|teamsize|p2|6\n|gen|9\n|tier|[Gen 9] OU\n|rated|\n|rule|Sleep Clause Mod: Limit one foe put to sleep\n|rule|Species Clause: Limit one of each Pok\u00e9mon\n|rule|OHKO Clause: OHKO moves are banned\n|rule|Evasion Items Clause: Evasion items are banned\n|rule|Evasion Moves Clause: Evasion moves are banned\n|rule|Endless Battle Clause: Forcing endless battles is banned\n|rule|HP Percentage Mod: HP is shown in percentages\n|clearpoke\n|poke|p1|Iron Moth|\n|poke|p1|Espeon, F|\n|poke|p1|Sneasler, F|\n|poke|p1|Amoonguss, M|\n|poke|p1|Samurott-Hisui, F|\n|poke|p1|Dragapult, F|\n|poke|p2|Iron Jugulis|\n|poke|p2|Ogerpon-Wellspring, F|\n|poke|p2|Tinkaton, F|\n|poke|p2|Iron Moth|\n|poke|p2|Great Tusk|\n|poke|p2|Dragapult, F|\n|teampreview\n|c|\u2606brendog66|Glhf\n|\n|t:|1699737600\n|start\n|switch|p1a: Mono|Espeon, F|100\/100\n|switch|p2a: Operon|Ogerpon-Wellspring, F|100\/100\n|turn|1\n|\n|t:|1699737605\n|switch|p1a: Big Ben|Amoonguss, M|100\/100\n|move|p2a: Operon|U-turn|p1a: Big Ben\n|-damage|p1a: Big Ben|79\/100\n|-damage|p2a: Operon|84\/100|[from] item: Rocky Helmet|[of] p1a: Big Ben\n|\n|t:|1699737643\n|switch|p2a: Zumba|Iron Moth|100\/100|[from] U-turn\n|-enditem|p2a: Zumba|Booster Energy\n|-activate|p2a: Zumba|ability: Quark Drive|[fromitem]\n|-start|p2a: Zumba|quarkdrivespe\n|\n|upkeep\n|turn|2\n|\n|t:|1699737654\n|switch|p1a: Mono|Espeon, F|100\/100\n|move|p2a: Zumba|Fiery Dance|p1a: Mono\n|-damage|p1a: Mono|50\/100\n|\n|upkeep\n|turn|3\n|\n|t:|1699737664\n|move|p2a: Zumba|Fiery Dance|p1a: Mono\n|-damage|p1a: Mono|0 fnt\n|-boost|p2a: Zumba|spa|1\n|faint|p1a: Mono\n|\n|upkeep\n|\n|t:|1699737669\n|switch|p1a: Peanut|Samurott-Hisui, F|100\/100\n|turn|4\n|\n|t:|1699737677\n|-terastallize|p2a: Zumba|Fairy\n|move|p2a: Zumba|Dazzling Gleam|p1a: Peanut\n|-supereffective|p1a: Peanut\n|-enditem|p1a: Peanut|Focus Sash\n|-damage|p1a: Peanut|1\/100\n|move|p1a: Peanut|Razor Shell|p2a: Zumba|[miss]\n|-miss|p1a: Peanut|p2a: Zumba\n|\n|upkeep\n|turn|5\n|c|\u2606Unserious Drew|Lost speed toe and missed razor shell lol\n|\n|t:|1699737707\n|move|p1a: Peanut|Aqua Jet|p2a: Zumba\n|-damage|p2a: Zumba|75\/100\n|move|p2a: Zumba|Fiery Dance|p1a: Peanut\n|-resisted|p1a: Peanut\n|-damage|p1a: Peanut|0 fnt\n|-boost|p2a: Zumba|spa|1\n|faint|p1a: Peanut\n|\n|upkeep\n|\n|t:|1699737712\n|switch|p1a: Sneasler|Sneasler, F|100\/100\n|turn|6\n|\n|t:|1699737723\n|move|p2a: Zumba|Psychic|p1a: Sneasler\n|-supereffective|p1a: Sneasler\n|-enditem|p1a: Sneasler|Focus Sash\n|-damage|p1a: Sneasler|1\/100\n|-unboost|p1a: Sneasler|spd|1\n|move|p1a: Sneasler|Dire Claw|p2a: Zumba\n|-supereffective|p2a: Zumba\n|-damage|p2a: Zumba|0 fnt\n|faint|p2a: Zumba\n|-end|p2a: Zumba|Quark Drive|[silent]\n|\n|upkeep\n|\n|t:|1699737746\n|switch|p2a: Big Horn|Great Tusk|100\/100\n|-enditem|p2a: Big Horn|Booster Energy\n|-activate|p2a: Big Horn|ability: Protosynthesis|[fromitem]\n|-start|p2a: Big Horn|protosynthesisspe\n|turn|7\n|\n|t:|1699737758\n|-terastallize|p1a: Sneasler|Flying\n|move|p1a: Sneasler|Acrobatics|p2a: Big Horn\n|-supereffective|p2a: Big Horn\n|-damage|p2a: Big Horn|24\/100\n|move|p2a: Big Horn|Rapid Spin|p1a: Sneasler\n|-damage|p1a: Sneasler|0 fnt\n|-boost|p2a: Big Horn|spe|1\n|faint|p1a: Sneasler\n|\n|upkeep\n|\n|t:|1699737767\n|switch|p1a: Big Ben|Amoonguss, M|100\/100\n|turn|8\n|\n|t:|1699737770\n|move|p2a: Big Horn|Ice Spinner|p1a: Big Ben\n|-supereffective|p1a: Big Ben\n|-crit|p1a: Big Ben\n|-damage|p1a: Big Ben|48\/100\n|-damage|p2a: Big Horn|8\/100|[from] item: Rocky Helmet|[of] p1a: Big Ben\n|move|p1a: Big Ben|Giga Drain|p2a: Big Horn\n|-supereffective|p2a: Big Horn\n|-damage|p2a: Big Horn|0 fnt\n|-heal|p1a: Big Ben|52\/100|[from] drain|[of] p2a: Big Horn\n|faint|p2a: Big Horn\n|-end|p2a: Big Horn|Protosynthesis|[silent]\n|\n|upkeep\n|\n|t:|1699737782\n|switch|p2a: 3 Pronged Strike|Iron Jugulis|100\/100\n|-enditem|p2a: 3 Pronged Strike|Booster Energy\n|-activate|p2a: 3 Pronged Strike|ability: Quark Drive|[fromitem]\n|-start|p2a: 3 Pronged Strike|quarkdrivespe\n|turn|9\n|\n|t:|1699737787\n|move|p2a: 3 Pronged Strike|Taunt|p1a: Big Ben\n|-start|p1a: Big Ben|move: Taunt\n|cant|p1a: Big Ben|move: Taunt|Spore\n|\n|upkeep\n|turn|10\n|\n|t:|1699737791\n|move|p2a: 3 Pronged Strike|Hurricane|p1a: Big Ben|[miss]\n|-miss|p2a: 3 Pronged Strike|p1a: Big Ben\n|move|p1a: Big Ben|Clear Smog|p2a: 3 Pronged Strike\n|-damage|p2a: 3 Pronged Strike|78\/100\n|-clearboost|p2a: 3 Pronged Strike\n|\n|upkeep\n|turn|11\n|\n|t:|1699737799\n|switch|p1a: Phil|Iron Moth|100\/100\n|-enditem|p1a: Phil|Booster Energy\n|-activate|p1a: Phil|ability: Quark Drive|[fromitem]\n|-start|p1a: Phil|quarkdrivespe\n|move|p2a: 3 Pronged Strike|Hurricane|p1a: Phil\n|-damage|p1a: Phil|52\/100\n|\n|upkeep\n|turn|12\n|\n|t:|1699737810\n|move|p1a: Phil|Fiery Dance|p2a: 3 Pronged Strike\n|-damage|p2a: 3 Pronged Strike|22\/100\n|move|p2a: 3 Pronged Strike|Earth Power|p1a: Phil\n|-supereffective|p1a: Phil\n|-damage|p1a: Phil|0 fnt\n|faint|p1a: Phil\n|-end|p1a: Phil|Quark Drive|[silent]\n|\n|upkeep\n|\n|t:|1699737815\n|switch|p1a: Mum|Dragapult, F|100\/100\n|turn|13\n|\n|t:|1699737820\n|move|p2a: 3 Pronged Strike|Knock Off|p1a: Mum\n|-supereffective|p1a: Mum\n|-damage|p1a: Mum|25\/100\n|-enditem|p1a: Mum|Leftovers|[from] move: Knock Off|[of] p2a: 3 Pronged Strike\n|move|p1a: Mum|Dragon Darts|p2a: 3 Pronged Strike\n|-damage|p2a: 3 Pronged Strike|0 fnt\n|faint|p2a: 3 Pronged Strike\n|-end|p2a: 3 Pronged Strike|Quark Drive|[silent]\n|\n|upkeep\n|\n|t:|1699737842\n|switch|p2a: Corviknight who?|Tinkaton, F|100\/100\n|-item|p2a: Corviknight who?|Air Balloon\n|turn|14\n|\n|t:|1699737847\n|move|p1a: Mum|Phantom Force||[still]\n|-prepare|p1a: Mum|Phantom Force\n|move|p2a: Corviknight who?|Thunder Wave|p1a: Mum|[miss]\n|-miss|p2a: Corviknight who?|p1a: Mum\n|\n|upkeep\n|turn|15\n|\n|t:|1699737860\n|move|p1a: Mum|Phantom Force|p2a: Corviknight who?|[from]lockedmove\n|-damage|p2a: Corviknight who?|45\/100\n|-enditem|p2a: Corviknight who?|Air Balloon\n|move|p2a: Corviknight who?|Thunder Wave|p1a: Mum\n|-status|p1a: Mum|par\n|\n|upkeep\n|turn|16\n|\n|t:|1699737868\n|move|p2a: Corviknight who?|Play Rough|p1a: Mum\n|-supereffective|p1a: Mum\n|-damage|p1a: Mum|0 fnt\n|faint|p1a: Mum\n|\n|upkeep\n|\n|t:|1699737871\n|switch|p1a: Big Ben|Amoonguss, M|85\/100\n|turn|17\n|\n|t:|1699737875\n|move|p2a: Corviknight who?|Thunder Wave|p1a: Big Ben\n|-status|p1a: Big Ben|par\n|move|p1a: Big Ben|Giga Drain|p2a: Corviknight who?\n|-resisted|p2a: Corviknight who?\n|-damage|p2a: Corviknight who?|35\/100\n|-heal|p1a: Big Ben|89\/100 par|[from] drain|[of] p2a: Corviknight who?\n|\n|upkeep\n|turn|18\n|\n|t:|1699737882\n|move|p2a: Corviknight who?|Encore|p1a: Big Ben\n|-start|p1a: Big Ben|Encore\n|move|p1a: Big Ben|Giga Drain|p2a: Corviknight who?\n|-resisted|p2a: Corviknight who?\n|-damage|p2a: Corviknight who?|24\/100\n|-heal|p1a: Big Ben|94\/100 par|[from] drain|[of] p2a: Corviknight who?\n|\n|upkeep\n|turn|19\n|\n|t:|1699737887\n|switch|p2a: Children|Dragapult, F|100\/100\n|cant|p1a: Big Ben|par\n|\n|upkeep\n|turn|20\n|\n|t:|1699737890\n|move|p2a: Children|Shadow Ball|p1a: Big Ben\n|-damage|p1a: Big Ben|46\/100 par\n|-unboost|p1a: Big Ben|spd|1\n|move|p1a: Big Ben|Giga Drain|p2a: Children\n|-resisted|p2a: Children\n|-damage|p2a: Children|86\/100\n|-heal|p1a: Big Ben|52\/100 par|[from] drain|[of] p2a: Children\n|\n|-end|p1a: Big Ben|Encore\n|upkeep\n|turn|21\n|\n|t:|1699737896\n|move|p2a: Children|Shadow Ball|p1a: Big Ben\n|-crit|p1a: Big Ben\n|-damage|p1a: Big Ben|0 fnt\n|faint|p1a: Big Ben\n|\n|win|brendog66\n|raw|Unserious Drew's rating: 1296 &rarr; <strong>1278<\/strong><br \/>(-18 for losing)\n|raw|brendog66's rating: 1392 &rarr; <strong>1407<\/strong><br \/>(+15 for winning)\n|c|\u2606brendog66|Gg\n|c|\u2606Unserious Drew|Gg\n|l|\u2606Unserious Drew\n","uploadtime":1699737915,"views":16,"p1id":"unseriousdrew","p2id":"brendog66","formatid":"gen9ou","rating":1278,"private":0,"password":""}