{"id":"gen9ou-1989284431","p1":"phlawg","p2":"6jur5ieue5ikd5t","format":"[Gen 9] OU","log":"|j|\u2606phlawg\n|j|\u26066jur5ieue5ikd5t\n|t:|1699831798\n|gametype|singles\n|player|p1|phlawg|266|1317\n|player|p2|6jur5ieue5ikd5t|169|1233\n|teamsize|p1|6\n|teamsize|p2|6\n|gen|9\n|tier|[Gen 9] OU\n|rated|\n|rule|Sleep Clause Mod: Limit one foe put to sleep\n|rule|Species Clause: Limit one of each Pok\u00e9mon\n|rule|OHKO Clause: OHKO moves are banned\n|rule|Evasion Items Clause: Evasion items are banned\n|rule|Evasion Moves Clause: Evasion moves are banned\n|rule|Endless Battle Clause: Forcing endless battles is banned\n|rule|HP Percentage Mod: HP is shown in percentages\n|clearpoke\n|poke|p1|Alomomola, M|\n|poke|p1|Ting-Lu|\n|poke|p1|Moltres|\n|poke|p1|Garganacl, M|\n|poke|p1|Iron Valiant|\n|poke|p1|Clefable, M|\n|poke|p2|Samurott-Hisui, M|\n|poke|p2|Kleavor, F|\n|poke|p2|Gholdengo|\n|poke|p2|Drifblim, F|\n|poke|p2|Iron Moth|\n|poke|p2|Quaquaval, F|\n|teampreview\n|inactive|Battle timer is ON: inactive players will automatically lose when time's up. (requested by phlawg)\n|\n|t:|1699831813\n|start\n|switch|p1a: Alomomola|Alomomola, M|100\/100\n|switch|p2a: Kleavor|Kleavor, F|100\/100\n|turn|1\n|\n|t:|1699831822\n|move|p2a: Kleavor|Stone Axe|p1a: Alomomola\n|-damage|p1a: Alomomola|74\/100\n|-sidestart|p1: phlawg|move: Stealth Rock\n|move|p1a: Alomomola|Scald|p2a: Kleavor\n|-supereffective|p2a: Kleavor\n|-damage|p2a: Kleavor|58\/100\n|\n|upkeep\n|turn|2\n|\n|t:|1699831830\n|switch|p2a: Samurott|Samurott-Hisui, M|100\/100\n|move|p1a: Alomomola|Wish|p1a: Alomomola\n|\n|upkeep\n|turn|3\n|\n|t:|1699831835\n|move|p2a: Samurott|Ceaseless Edge|p1a: Alomomola\n|-damage|p1a: Alomomola|45\/100\n|-sidestart|p1: phlawg|Spikes\n|move|p1a: Alomomola|Scald|p2a: Samurott\n|-resisted|p2a: Samurott\n|-damage|p2a: Samurott|91\/100\n|\n|-heal|p1a: Alomomola|95\/100|[from] move: Wish|[wisher] Alomomola\n|upkeep\n|turn|4\n|\n|t:|1699831840\n|switch|p2a: Gholdengo|Gholdengo|100\/100\n|-item|p2a: Gholdengo|Air Balloon\n|move|p1a: Alomomola|Scald|p2a: Gholdengo\n|-damage|p2a: Gholdengo|91\/100\n|-enditem|p2a: Gholdengo|Air Balloon\n|\n|upkeep\n|turn|5\n|\n|t:|1699831849\n|move|p2a: Gholdengo|Thunder Wave|p1a: Alomomola\n|-status|p1a: Alomomola|par\n|move|p1a: Alomomola|Flip Turn|p2a: Gholdengo\n|-damage|p2a: Gholdengo|76\/100\n|\n|t:|1699831861\n|switch|p1a: Moltres|Moltres|100\/100|[from] Flip Turn\n|\n|upkeep\n|turn|6\n|\n|t:|1699831871\n|switch|p2a: Samurott|Samurott-Hisui, M|91\/100\n|move|p1a: Moltres|Flamethrower|p2a: Samurott\n|-resisted|p2a: Samurott\n|-damage|p2a: Samurott|63\/100\n|\n|upkeep\n|turn|7\n|\n|t:|1699831880\n|move|p2a: Samurott|Ceaseless Edge|p1a: Moltres|[miss]\n|-miss|p2a: Samurott|p1a: Moltres\n|move|p1a: Moltres|U-turn|p2a: Samurott\n|-supereffective|p2a: Samurott\n|-damage|p2a: Samurott|25\/100\n|\n|t:|1699831884\n|switch|p1a: Iron Valiant|Iron Valiant|100\/100|[from] U-turn\n|\n|upkeep\n|turn|8\n|\n|t:|1699831887\n|switch|p2a: Gholdengo|Gholdengo|76\/100\n|move|p1a: Iron Valiant|Thunderbolt|p2a: Gholdengo\n|-damage|p2a: Gholdengo|54\/100\n|\n|upkeep\n|turn|9\n|\n|t:|1699831901\n|-end|p1a: Iron Valiant|Quark Drive|[silent]\n|switch|p1a: Moltres|Moltres|100\/100\n|move|p2a: Gholdengo|Recover|p2a: Gholdengo\n|-heal|p2a: Gholdengo|100\/100\n|\n|upkeep\n|turn|10\n|\n|t:|1699831905\n|move|p1a: Moltres|Flamethrower|p2a: Gholdengo\n|-supereffective|p2a: Gholdengo\n|-damage|p2a: Gholdengo|46\/100\n|move|p2a: Gholdengo|Thunder Wave|p1a: Moltres\n|-status|p1a: Moltres|par\n|\n|upkeep\n|turn|11\n|\n|t:|1699831911\n|move|p2a: Gholdengo|Recover|p2a: Gholdengo\n|-heal|p2a: Gholdengo|96\/100\n|move|p1a: Moltres|Flamethrower|p2a: Gholdengo\n|-supereffective|p2a: Gholdengo\n|-damage|p2a: Gholdengo|45\/100\n|\n|upkeep\n|turn|12\n|\n|t:|1699831915\n|move|p2a: Gholdengo|Recover|p2a: Gholdengo\n|-heal|p2a: Gholdengo|95\/100\n|move|p1a: Moltres|U-turn|p2a: Gholdengo\n|-resisted|p2a: Gholdengo\n|-damage|p2a: Gholdengo|92\/100\n|\n|t:|1699831930\n|switch|p1a: Ting-Lu|Ting-Lu|100\/100|[from] U-turn\n|-damage|p1a: Ting-Lu|94\/100|[from] Stealth Rock\n|-damage|p1a: Ting-Lu|82\/100|[from] Spikes\n|-ability|p1a: Ting-Lu|Vessel of Ruin\n|\n|upkeep\n|turn|13\n|\n|t:|1699831945\n|switch|p2a: Drifblim|Drifblim, F|100\/100\n|move|p1a: Ting-Lu|Earthquake|p2a: Drifblim\n|-immune|p2a: Drifblim\n|\n|upkeep\n|turn|14\n|\n|t:|1699831952\n|move|p2a: Drifblim|Will-O-Wisp|p1a: Ting-Lu\n|-status|p1a: Ting-Lu|brn\n|move|p1a: Ting-Lu|Whirlwind|p2a: Drifblim\n|drag|p2a: Samurott|Samurott-Hisui, M|25\/100\n|\n|-damage|p1a: Ting-Lu|76\/100 brn|[from] brn\n|upkeep\n|turn|15\n|\n|t:|1699831961\n|move|p2a: Samurott|Aqua Cutter|p1a: Ting-Lu\n|-supereffective|p1a: Ting-Lu\n|-damage|p1a: Ting-Lu|38\/100 brn\n|-enditem|p1a: Ting-Lu|Red Card|[of] p2a: Samurott\n|drag|p2a: Quaquaval|Quaquaval, F|100\/100\n|move|p1a: Ting-Lu|Spikes|p2a: Quaquaval\n|-sidestart|p2: 6jur5ieue5ikd5t|Spikes\n|\n|-damage|p1a: Ting-Lu|32\/100 brn|[from] brn\n|upkeep\n|turn|16\n|\n|t:|1699831972\n|move|p2a: Quaquaval|Rapid Spin|p1a: Ting-Lu\n|-damage|p1a: Ting-Lu|24\/100 brn\n|-boost|p2a: Quaquaval|spe|1\n|-sideend|p2: 6jur5ieue5ikd5t|Spikes|[from] move: Rapid Spin|[of] p2a: Quaquaval\n|move|p1a: Ting-Lu|Whirlwind|p2a: Quaquaval\n|drag|p2a: Iron Moth|Iron Moth|100\/100\n|-enditem|p2a: Iron Moth|Booster Energy\n|-activate|p2a: Iron Moth|ability: Quark Drive|[fromitem]\n|-start|p2a: Iron Moth|quarkdrivespe\n|\n|-damage|p1a: Ting-Lu|18\/100 brn|[from] brn\n|upkeep\n|turn|17\n|\n|t:|1699831982\n|move|p2a: Iron Moth|Fiery Dance|p1a: Ting-Lu\n|-damage|p1a: Ting-Lu|0 fnt\n|faint|p1a: Ting-Lu\n|\n|upkeep\n|\n|t:|1699831990\n|switch|p1a: Garganacl|Garganacl, M|100\/100\n|-damage|p1a: Garganacl|88\/100|[from] Stealth Rock\n|-damage|p1a: Garganacl|76\/100|[from] Spikes\n|turn|18\n|\n|t:|1699832012\n|-terastallize|p2a: Iron Moth|Grass\n|move|p2a: Iron Moth|Energy Ball|p1a: Garganacl\n|-supereffective|p1a: Garganacl\n|-damage|p1a: Garganacl|0 fnt\n|faint|p1a: Garganacl\n|\n|upkeep\n|c|\u26066jur5ieue5ikd5t|pathetic team stall\n|\n|t:|1699832018\n|switch|p1a: Moltres|Moltres|100\/100 par\n|turn|19\n|\n|t:|1699832024\n|move|p2a: Iron Moth|Sludge Wave|p1a: Moltres\n|-damage|p1a: Moltres|67\/100 par\n|move|p1a: Moltres|Flamethrower|p2a: Iron Moth\n|-supereffective|p2a: Iron Moth\n|-damage|p2a: Iron Moth|30\/100\n|\n|upkeep\n|turn|20\n|\n|t:|1699832031\n|move|p2a: Iron Moth|Sludge Wave|p1a: Moltres\n|-damage|p1a: Moltres|32\/100 par\n|move|p1a: Moltres|U-turn|p2a: Iron Moth\n|-supereffective|p2a: Iron Moth\n|-damage|p2a: Iron Moth|0 fnt\n|faint|p2a: Iron Moth\n|-end|p2a: Iron Moth|Quark Drive|[silent]\n|\n|t:|1699832045\n|switch|p1a: Clefable|Clefable, M|100\/100|[from] U-turn\n|\n|upkeep\n|\n|t:|1699832049\n|switch|p2a: Kleavor|Kleavor, F|58\/100\n|turn|21\n|\n|t:|1699832055\n|move|p2a: Kleavor|Stone Axe|p1a: Clefable|[miss]\n|-miss|p2a: Kleavor|p1a: Clefable\n|move|p1a: Clefable|Wish|p1a: Clefable\n|\n|upkeep\n|turn|22\n|\n|t:|1699832059\n|move|p2a: Kleavor|Stone Axe|p1a: Clefable\n|-damage|p1a: Clefable|46\/100\n|move|p1a: Clefable|Moonblast|p2a: Kleavor\n|-damage|p2a: Kleavor|5\/100\n|-unboost|p2a: Kleavor|spa|1\n|\n|-heal|p1a: Clefable|96\/100|[from] move: Wish|[wisher] Clefable\n|upkeep\n|turn|23\n|\n|t:|1699832079\n|move|p2a: Kleavor|Stone Axe|p1a: Clefable\n|-damage|p1a: Clefable|46\/100\n|move|p1a: Clefable|Knock Off|p2a: Kleavor\n|-damage|p2a: Kleavor|0 fnt\n|-enditem|p2a: Kleavor|Choice Scarf|[from] move: Knock Off|[of] p1a: Clefable\n|faint|p2a: Kleavor\n|\n|upkeep\n|\n|t:|1699832087\n|switch|p2a: Samurott|Samurott-Hisui, M|25\/100\n|turn|24\n|\n|t:|1699832093\n|switch|p1a: Alomomola|Alomomola, M|100\/100 par\n|move|p2a: Samurott|Aqua Cutter|p1a: Alomomola\n|-resisted|p1a: Alomomola\n|-damage|p1a: Alomomola|87\/100 par\n|\n|upkeep\n|turn|25\n|\n|t:|1699832103\n|switch|p2a: Gholdengo|Gholdengo|92\/100\n|move|p1a: Alomomola|Wish|p1a: Alomomola\n|\n|upkeep\n|turn|26\n|\n|t:|1699832108\n|move|p2a: Gholdengo|Thunderbolt|p1a: Alomomola\n|-supereffective|p1a: Alomomola\n|-damage|p1a: Alomomola|25\/100 par\n|cant|p1a: Alomomola|par\n|\n|-heal|p1a: Alomomola|75\/100 par|[from] move: Wish|[wisher] Alomomola\n|upkeep\n|turn|27\n|\n|t:|1699832119\n|move|p2a: Gholdengo|Thunderbolt|p1a: Alomomola\n|-supereffective|p1a: Alomomola\n|-damage|p1a: Alomomola|17\/100 par\n|cant|p1a: Alomomola|par\n|\n|upkeep\n|turn|28\n|\n|t:|1699832125\n|move|p2a: Gholdengo|Psychic|p1a: Alomomola\n|-damage|p1a: Alomomola|0 fnt\n|faint|p1a: Alomomola\n|\n|upkeep\n|\n|t:|1699832130\n|switch|p1a: Clefable|Clefable, M|46\/100\n|turn|29\n|\n|t:|1699832143\n|move|p2a: Gholdengo|Thunder Wave|p1a: Clefable\n|-status|p1a: Clefable|par\n|move|p1a: Clefable|Wish|p1a: Clefable\n|\n|upkeep\n|turn|30\n|\n|t:|1699832152\n|move|p2a: Gholdengo|Psychic|p1a: Clefable\n|-damage|p1a: Clefable|26\/100 par\n|move|p1a: Clefable|Knock Off|p2a: Gholdengo\n|-supereffective|p2a: Gholdengo\n|-damage|p2a: Gholdengo|74\/100\n|\n|-heal|p1a: Clefable|76\/100 par|[from] move: Wish|[wisher] Clefable\n|upkeep\n|turn|31\n|\n|t:|1699832161\n|move|p2a: Gholdengo|Psychic|p1a: Clefable\n|-damage|p1a: Clefable|57\/100 par\n|move|p1a: Clefable|Wish|p1a: Clefable\n|\n|upkeep\n|turn|32\n|\n|t:|1699832170\n|switch|p1a: Moltres|Moltres|32\/100 par\n|move|p2a: Gholdengo|Psychic|p1a: Moltres\n|-damage|p1a: Moltres|12\/100 par\n|\n|-heal|p1a: Moltres|64\/100 par|[from] move: Wish|[wisher] Clefable\n|upkeep\n|turn|33\n|c|\u26066jur5ieue5ikd5t|you are trash\n|\n|t:|1699832183\n|move|p2a: Gholdengo|Thunderbolt|p1a: Moltres\n|-supereffective|p1a: Moltres\n|-damage|p1a: Moltres|27\/100 par\n|move|p1a: Moltres|Flamethrower|p2a: Gholdengo\n|-supereffective|p2a: Gholdengo\n|-damage|p2a: Gholdengo|21\/100\n|\n|upkeep\n|turn|34\n|inactive|phlawg has 120 seconds left.\n|\n|t:|1699832233\n|switch|p1a: Clefable|Clefable, M|57\/100 par\n|move|p2a: Gholdengo|Recover|p2a: Gholdengo\n|-heal|p2a: Gholdengo|71\/100\n|\n|upkeep\n|turn|35\n|\n|t:|1699832241\n|switch|p2a: Drifblim|Drifblim, F|100\/100\n|move|p1a: Clefable|Wish|p1a: Clefable\n|\n|upkeep\n|turn|36\n|\n|t:|1699832251\n|move|p2a: Drifblim|Hex|p1a: Clefable\n|-damage|p1a: Clefable|26\/100 par\n|move|p1a: Clefable|Knock Off|p2a: Drifblim\n|-supereffective|p2a: Drifblim\n|-damage|p2a: Drifblim|77\/100\n|-damage|p1a: Clefable|9\/100 par|[from] item: Rocky Helmet|[of] p2a: Drifblim\n|-enditem|p2a: Drifblim|Rocky Helmet|[from] move: Knock Off|[of] p1a: Clefable\n|\n|-heal|p1a: Clefable|59\/100 par|[from] move: Wish|[wisher] Clefable\n|upkeep\n|turn|37\n|\n|t:|1699832261\n|move|p2a: Drifblim|Hex|p1a: Clefable\n|-damage|p1a: Clefable|27\/100 par\n|move|p1a: Clefable|Wish|p1a: Clefable\n|\n|upkeep\n|turn|38\n|\n|t:|1699832274\n|switch|p1a: Moltres|Moltres|27\/100 par\n|move|p2a: Drifblim|Air Slash|p1a: Moltres\n|-damage|p1a: Moltres|10\/100 par\n|\n|-heal|p1a: Moltres|61\/100 par|[from] move: Wish|[wisher] Clefable\n|upkeep\n|turn|39\n|\n|t:|1699832284\n|move|p2a: Drifblim|Hex|p1a: Moltres\n|-damage|p1a: Moltres|33\/100 par\n|cant|p1a: Moltres|par\n|\n|upkeep\n|turn|40\n|\n|t:|1699832290\n|move|p2a: Drifblim|Hex|p1a: Moltres\n|-damage|p1a: Moltres|5\/100 par\n|move|p1a: Moltres|Roost|p1a: Moltres\n|-heal|p1a: Moltres|55\/100 par\n|-singleturn|p1a: Moltres|move: Roost\n|\n|upkeep\n|turn|41\n|\n|t:|1699832297\n|-terastallize|p1a: Moltres|Dark\n|move|p2a: Drifblim|Air Slash|p1a: Moltres\n|-damage|p1a: Moltres|37\/100 par\n|move|p1a: Moltres|Roost|p1a: Moltres\n|-heal|p1a: Moltres|87\/100 par\n|\n|upkeep\n|turn|42\n|\n|t:|1699832311\n|move|p2a: Drifblim|Air Slash|p1a: Moltres\n|-damage|p1a: Moltres|70\/100 par\n|cant|p1a: Moltres|flinch\n|\n|upkeep\n|turn|43\n|\n|t:|1699832315\n|move|p2a: Drifblim|Air Slash|p1a: Moltres\n|-damage|p1a: Moltres|52\/100 par\n|cant|p1a: Moltres|flinch\n|\n|upkeep\n|turn|44\n|\n|t:|1699832320\n|move|p2a: Drifblim|Air Slash|p1a: Moltres\n|-damage|p1a: Moltres|33\/100 par\n|move|p1a: Moltres|Roost|p1a: Moltres\n|-heal|p1a: Moltres|83\/100 par\n|\n|upkeep\n|turn|45\n|\n|t:|1699832326\n|move|p2a: Drifblim|Air Slash|p1a: Moltres\n|-damage|p1a: Moltres|67\/100 par\n|move|p1a: Moltres|Flamethrower|p2a: Drifblim\n|-damage|p2a: Drifblim|33\/100\n|\n|upkeep\n|turn|46\n|\n|t:|1699832334\n|move|p2a: Drifblim|Air Slash|p1a: Moltres\n|-damage|p1a: Moltres|48\/100 par\n|move|p1a: Moltres|Roost|p1a: Moltres\n|-heal|p1a: Moltres|98\/100 par\n|\n|upkeep\n|turn|47\n|\n|t:|1699832340\n|move|p2a: Drifblim|Air Slash|p1a: Moltres\n|-damage|p1a: Moltres|81\/100 par\n|cant|p1a: Moltres|par\n|\n|upkeep\n|turn|48\n|\n|t:|1699832344\n|move|p2a: Drifblim|Air Slash|p1a: Moltres\n|-damage|p1a: Moltres|62\/100 par\n|move|p1a: Moltres|Flamethrower|p2a: Drifblim\n|-damage|p2a: Drifblim|0 fnt\n|faint|p2a: Drifblim\n|\n|upkeep\n|\n|t:|1699832346\n|switch|p2a: Samurott|Samurott-Hisui, M|25\/100\n|turn|49\n|\n|t:|1699832354\n|switch|p1a: Clefable|Clefable, M|27\/100 par\n|move|p2a: Samurott|Sacred Sword|p1a: Clefable\n|-resisted|p1a: Clefable\n|-damage|p1a: Clefable|6\/100 par\n|\n|upkeep\n|turn|50\n|\n|t:|1699832370\n|move|p2a: Samurott|Aqua Cutter|p1a: Clefable\n|-damage|p1a: Clefable|0 fnt\n|faint|p1a: Clefable\n|\n|upkeep\n|\n|t:|1699832375\n|switch|p1a: Iron Valiant|Iron Valiant|100\/100\n|turn|51\n|\n|t:|1699832382\n|move|p1a: Iron Valiant|Thunderbolt|p2a: Samurott\n|-supereffective|p2a: Samurott\n|-damage|p2a: Samurott|0 fnt\n|faint|p2a: Samurott\n|\n|upkeep\n|\n|t:|1699832383\n|switch|p2a: Gholdengo|Gholdengo|71\/100\n|turn|52\n|\n|t:|1699832388\n|-end|p1a: Iron Valiant|Quark Drive|[silent]\n|switch|p1a: Moltres|Moltres, tera:Dark|62\/100 par\n|move|p2a: Gholdengo|Psychic|p1a: Moltres\n|-immune|p1a: Moltres\n|\n|upkeep\n|turn|53\n|\n|t:|1699832394\n|switch|p2a: Quaquaval|Quaquaval, F|100\/100\n|move|p1a: Moltres|Flamethrower|p2a: Quaquaval\n|-resisted|p2a: Quaquaval\n|-damage|p2a: Quaquaval|73\/100\n|\n|upkeep\n|turn|54\n|\n|t:|1699832402\n|move|p2a: Quaquaval|Aqua Step|p1a: Moltres\n|-damage|p1a: Moltres|26\/100 par\n|-boost|p2a: Quaquaval|spe|1\n|move|p1a: Moltres|Will-O-Wisp|p2a: Quaquaval\n|-status|p2a: Quaquaval|brn\n|\n|-damage|p2a: Quaquaval|67\/100 brn|[from] brn\n|upkeep\n|turn|55\n|\n|t:|1699832411\n|move|p2a: Quaquaval|Close Combat|p1a: Moltres\n|-supereffective|p1a: Moltres\n|-damage|p1a: Moltres|0 fnt\n|-unboost|p2a: Quaquaval|def|1\n|-unboost|p2a: Quaquaval|spd|1\n|faint|p1a: Moltres\n|-ability|p2a: Quaquaval|Moxie|boost\n|-boost|p2a: Quaquaval|atk|1\n|\n|-damage|p2a: Quaquaval|61\/100 brn|[from] brn\n|upkeep\n|\n|t:|1699832415\n|switch|p1a: Iron Valiant|Iron Valiant|100\/100\n|turn|56\n|c|\u26066jur5ieue5ikd5t|pathetic player,m get life\n|\n|t:|1699832422\n|move|p2a: Quaquaval|Aqua Step|p1a: Iron Valiant\n|-damage|p1a: Iron Valiant|60\/100\n|-boost|p2a: Quaquaval|spe|1\n|move|p1a: Iron Valiant|Thunderbolt|p2a: Quaquaval\n|-supereffective|p2a: Quaquaval\n|-damage|p2a: Quaquaval|0 fnt\n|faint|p2a: Quaquaval\n|\n|upkeep\n|\n|t:|1699832424\n|switch|p2a: Gholdengo|Gholdengo|71\/100\n|turn|57\n|\n|t:|1699832429\n|move|p1a: Iron Valiant|Thunderbolt|p2a: Gholdengo\n|-damage|p2a: Gholdengo|51\/100\n|move|p2a: Gholdengo|Psychic|p1a: Iron Valiant\n|-supereffective|p1a: Iron Valiant\n|-damage|p1a: Iron Valiant|0 fnt\n|faint|p1a: Iron Valiant\n|-end|p1a: Iron Valiant|Quark Drive|[silent]\n|\n|win|6jur5ieue5ikd5t\n|raw|phlawg's rating: 1317 &rarr; <strong>1292<\/strong><br \/>(-25 for losing)\n|raw|6jur5ieue5ikd5t's rating: 1233 &rarr; <strong>1264<\/strong><br \/>(+31 for winning)\n|c|\u26066jur5ieue5ikd5t|stupid bitch\n|n|\u203d6jur5ieue5ikd5t|6jur5ieue5ikd5t\n|l|\u2606phlawg\n|j|\u2606phlawg\n|player|p1|phlawg|266\n","uploadtime":1699832214,"views":8,"p1id":"phlawg","p2id":"6jur5ieue5ikd5t","formatid":"gen9ou","rating":1264,"private":0,"password":""}