{"id":"gen9ou-1990835704","p1":"Sedimmo","p2":"8I3L","format":"[Gen 9] OU","log":"|j|\u2606Sedimmo\n|j|\u26068I3L\n|t:|1700005827\n|gametype|singles\n|player|p1|Sedimmo|170|1331\n|player|p2|8I3L|blue-gen7|1431\n|teamsize|p1|6\n|teamsize|p2|6\n|gen|9\n|tier|[Gen 9] OU\n|rated|\n|rule|Sleep Clause Mod: Limit one foe put to sleep\n|rule|Species Clause: Limit one of each Pok\u00e9mon\n|rule|OHKO Clause: OHKO moves are banned\n|rule|Evasion Items Clause: Evasion items are banned\n|rule|Evasion Moves Clause: Evasion moves are banned\n|rule|Endless Battle Clause: Forcing endless battles is banned\n|rule|HP Percentage Mod: HP is shown in percentages\n|clearpoke\n|poke|p1|Greninja-*, F|\n|poke|p1|Ting-Lu|\n|poke|p1|Gholdengo|\n|poke|p1|Ninetales-Alola, M|\n|poke|p1|Dragapult, M|\n|poke|p1|Scizor, M|\n|poke|p2|Iron Jugulis|\n|poke|p2|Ogerpon-Wellspring, F|\n|poke|p2|Tinkaton, F|\n|poke|p2|Iron Moth|\n|poke|p2|Great Tusk|\n|poke|p2|Dragapult, M|\n|teampreview\n|inactive|Battle timer is ON: inactive players will automatically lose when time's up. (requested by 8I3L)\n|\n|t:|1700005837\n|start\n|switch|p1a: Ting-Lu|Ting-Lu|100\/100\n|switch|p2a: TWINKATON|Tinkaton, F|100\/100\n|-item|p2a: TWINKATON|Air Balloon\n|-ability|p1a: Ting-Lu|Vessel of Ruin\n|turn|1\n|\n|t:|1700005860\n|switch|p1a: Gholdengo|Gholdengo|100\/100\n|move|p2a: TWINKATON|Stealth Rock|p1a: Gholdengo\n|-sidestart|p1: Sedimmo|move: Stealth Rock\n|\n|upkeep\n|turn|2\n|\n|t:|1700005868\n|move|p2a: TWINKATON|Thunder Wave|p1a: Gholdengo\n|-immune|p1a: Gholdengo|[from] ability: Good as Gold\n|move|p1a: Gholdengo|Trick|p2a: TWINKATON\n|-activate|p1a: Gholdengo|move: Trick|[of] p2a: TWINKATON\n|-item|p2a: TWINKATON|Choice Specs|[from] move: Trick\n|-item|p1a: Gholdengo|Air Balloon\n|-item|p1a: Gholdengo|Air Balloon|[from] move: Trick\n|\n|upkeep\n|turn|3\n|\n|t:|1700005887\n|switch|p2a: Iron Moth|Iron Moth|100\/100\n|-enditem|p2a: Iron Moth|Booster Energy\n|-activate|p2a: Iron Moth|ability: Quark Drive|[fromitem]\n|-start|p2a: Iron Moth|quarkdrivespe\n|move|p1a: Gholdengo|Shadow Ball|p2a: Iron Moth\n|-damage|p2a: Iron Moth|51\/100\n|\n|upkeep\n|turn|4\n|\n|t:|1700005906\n|switch|p1a: Ting-Lu|Ting-Lu|100\/100\n|-damage|p1a: Ting-Lu|94\/100|[from] Stealth Rock\n|-ability|p1a: Ting-Lu|Vessel of Ruin\n|move|p2a: Iron Moth|Fiery Dance|p1a: Ting-Lu\n|-damage|p1a: Ting-Lu|79\/100\n|-boost|p2a: Iron Moth|spa|1\n|\n|-heal|p1a: Ting-Lu|85\/100|[from] item: Leftovers\n|upkeep\n|turn|5\n|\n|t:|1700005920\n|-terastallize|p2a: Iron Moth|Fairy\n|move|p2a: Iron Moth|Dazzling Gleam|p1a: Ting-Lu\n|-supereffective|p1a: Ting-Lu\n|-damage|p1a: Ting-Lu|35\/100\n|move|p1a: Ting-Lu|Whirlwind|p2a: Iron Moth\n|-end|p2a: Iron Moth|Quark Drive|[silent]\n|drag|p2a: Iron Jugulis|Iron Jugulis|100\/100\n|-enditem|p2a: Iron Jugulis|Booster Energy\n|-activate|p2a: Iron Jugulis|ability: Quark Drive|[fromitem]\n|-start|p2a: Iron Jugulis|quarkdrivespe\n|\n|-heal|p1a: Ting-Lu|41\/100|[from] item: Leftovers\n|upkeep\n|turn|6\n|\n|t:|1700005932\n|move|p2a: Iron Jugulis|Taunt|p1a: Ting-Lu\n|-start|p1a: Ting-Lu|move: Taunt\n|cant|p1a: Ting-Lu|move: Taunt|Stealth Rock\n|\n|-heal|p1a: Ting-Lu|47\/100|[from] item: Leftovers\n|upkeep\n|turn|7\n|\n|t:|1700005949\n|switch|p1a: Greninja|Greninja, F|100\/100\n|-damage|p1a: Greninja|88\/100|[from] Stealth Rock\n|move|p2a: Iron Jugulis|Knock Off|p1a: Greninja\n|-resisted|p1a: Greninja\n|-damage|p1a: Greninja|64\/100\n|-enditem|p1a: Greninja|Choice Specs|[from] move: Knock Off|[of] p2a: Iron Jugulis\n|\n|upkeep\n|turn|8\n|\n|t:|1700005958\n|move|p2a: Iron Jugulis|Hurricane|p1a: Greninja\n|-damage|p1a: Greninja|0 fnt\n|faint|p1a: Greninja\n|\n|upkeep\n|\n|t:|1700005973\n|switch|p1a: Ninetales|Ninetales-Alola, M|100\/100\n|-damage|p1a: Ninetales|76\/100|[from] Stealth Rock\n|-weather|Snow|[from] ability: Snow Warning|[of] p1a: Ninetales\n|turn|9\n|\n|t:|1700005978\n|move|p2a: Iron Jugulis|Taunt|p1a: Ninetales\n|-start|p1a: Ninetales|move: Taunt\n|cant|p1a: Ninetales|move: Taunt|Aurora Veil\n|\n|-weather|Snow|[upkeep]\n|upkeep\n|turn|10\n|\n|t:|1700005985\n|move|p2a: Iron Jugulis|Knock Off|p1a: Ninetales\n|-resisted|p1a: Ninetales\n|-damage|p1a: Ninetales|65\/100\n|-enditem|p1a: Ninetales|Light Clay|[from] move: Knock Off|[of] p2a: Iron Jugulis\n|move|p1a: Ninetales|Moonblast|p2a: Iron Jugulis\n|-supereffective|p2a: Iron Jugulis\n|-damage|p2a: Iron Jugulis|24\/100\n|\n|-weather|Snow|[upkeep]\n|upkeep\n|turn|11\n|\n|t:|1700005995\n|move|p2a: Iron Jugulis|Hurricane|p1a: Ninetales|[miss]\n|-miss|p2a: Iron Jugulis|p1a: Ninetales\n|move|p1a: Ninetales|Moonblast|p2a: Iron Jugulis\n|-supereffective|p2a: Iron Jugulis\n|-damage|p2a: Iron Jugulis|0 fnt\n|faint|p2a: Iron Jugulis\n|-end|p2a: Iron Jugulis|Quark Drive|[silent]\n|\n|-weather|Snow|[upkeep]\n|-end|p1a: Ninetales|move: Taunt\n|upkeep\n|\n|t:|1700006018\n|switch|p2a: Iron Moth|Iron Moth, tera:Fairy|51\/100\n|turn|12\n|\n|t:|1700006030\n|switch|p1a: Scizor|Scizor, M|100\/100\n|-damage|p1a: Scizor|88\/100|[from] Stealth Rock\n|move|p2a: Iron Moth|Sludge Wave|p1a: Scizor\n|-immune|p1a: Scizor\n|\n|-weather|Snow|[upkeep]\n|upkeep\n|turn|13\n|\n|t:|1700006037\n|move|p1a: Scizor|Bullet Punch|p2a: Iron Moth\n|-supereffective|p2a: Iron Moth\n|-damage|p2a: Iron Moth|0 fnt\n|faint|p2a: Iron Moth\n|-end|p2a: Iron Moth|Quark Drive|[silent]\n|\n|-weather|none\n|upkeep\n|\n|t:|1700006057\n|switch|p2a: Great Tusk|Great Tusk|100\/100\n|-enditem|p2a: Great Tusk|Booster Energy\n|-activate|p2a: Great Tusk|ability: Protosynthesis|[fromitem]\n|-start|p2a: Great Tusk|protosynthesisspe\n|turn|14\n|l|\u2606Sedimmo\n|inactive|Sedimmo disconnected and has a minute to reconnect!\n|player|p1|\n|inactive|Sedimmo has 30 seconds to reconnect!\n|inactive|Sedimmo has 20 seconds to reconnect!\n|inactive|Sedimmo has 15 seconds to reconnect!\n|inactive|Sedimmo has 10 seconds to reconnect!\n|inactive|Sedimmo has 5 seconds to reconnect!\n|-message|Sedimmo lost due to inactivity.\n|\n|win|8I3L\n|raw|Sedimmo's rating: 1331 &rarr; <strong>1317<\/strong><br \/>(-14 for losing)\n|raw|8I3L's rating: 1431 &rarr; <strong>1445<\/strong><br \/>(+14 for winning)\n|j|\u2606Sedimmo\n|player|p1|Sedimmo|170\n|l|\u26068I3L\n","uploadtime":1700006148,"views":12,"p1id":"sedimmo","p2id":"8i3l","formatid":"gen9ou","rating":1317,"private":0,"password":""}