{"id":"gen9ou-1999999948","p1":"MooMilktank22","p2":"Noonmaster9818","format":"[Gen 9] OU","log":"|j|\u2606MooMilktank22\n|j|\u2606Noonmaster9818\n|t:|1701139537\n|gametype|singles\n|player|p1|MooMilktank22|265|1082\n|player|p2|Noonmaster9818|policeman-gen4|1182\n|teamsize|p1|6\n|teamsize|p2|6\n|gen|9\n|tier|[Gen 9] OU\n|rated|\n|rule|Sleep Clause Mod: Limit one foe put to sleep\n|rule|Species Clause: Limit one of each Pok\u00e9mon\n|rule|OHKO Clause: OHKO moves are banned\n|rule|Evasion Items Clause: Evasion items are banned\n|rule|Evasion Moves Clause: Evasion moves are banned\n|rule|Endless Battle Clause: Forcing endless battles is banned\n|rule|HP Percentage Mod: HP is shown in percentages\n|clearpoke\n|poke|p1|Greninja-*, M|\n|poke|p1|Dragapult, M|\n|poke|p1|Forretress, F|\n|poke|p1|Skeledirge, F|\n|poke|p1|Lucario, F|\n|poke|p1|Mew|\n|poke|p2|Scizor, M|\n|poke|p2|Azelf|\n|poke|p2|Dragapult, F|\n|poke|p2|Zamazenta-*|\n|poke|p2|Heatran, F|\n|poke|p2|Landorus-Therian, M|\n|teampreview\n|inactive|Battle timer is ON: inactive players will automatically lose when time's up. (requested by Noonmaster9818)\n|\n|t:|1701139565\n|start\n|switch|p1a: Forretress|Forretress, F|100\/100\n|switch|p2a: Azelf|Azelf|100\/100\n|turn|1\n|\n|t:|1701139572\n|move|p2a: Azelf|Fire Blast|p1a: Forretress\n|-supereffective|p1a: Forretress\n|-ability|p1a: Forretress|Sturdy\n|-damage|p1a: Forretress|1\/100\n|-damage|p2a: Azelf|91\/100|[from] item: Life Orb\n|move|p1a: Forretress|Stealth Rock|p2a: Azelf\n|-sidestart|p2: Noonmaster9818|move: Stealth Rock\n|\n|-heal|p1a: Forretress|7\/100|[from] item: Leftovers\n|upkeep\n|turn|2\n|\n|t:|1701139589\n|move|p2a: Azelf|U-turn|p1a: Forretress\n|-resisted|p1a: Forretress\n|-damage|p1a: Forretress|1\/100\n|-damage|p2a: Azelf|81\/100|[from] item: Life Orb\n|\n|t:|1701139592\n|switch|p2a: Scizor|Scizor, M|100\/100|[from] U-turn\n|-damage|p2a: Scizor|88\/100|[from] Stealth Rock\n|move|p1a: Forretress|Spikes|p2a: Scizor\n|-sidestart|p2: Noonmaster9818|Spikes\n|\n|-heal|p1a: Forretress|7\/100|[from] item: Leftovers\n|upkeep\n|turn|3\n|\n|t:|1701139600\n|move|p2a: Scizor|U-turn|p1a: Forretress\n|-resisted|p1a: Forretress\n|-damage|p1a: Forretress|0 fnt\n|faint|p1a: Forretress\n|\n|t:|1701139610\n|switch|p2a: Dragapult|Dragapult, F|100\/100|[from] U-turn\n|-damage|p2a: Dragapult|88\/100|[from] Stealth Rock\n|-damage|p2a: Dragapult|76\/100|[from] Spikes\n|\n|upkeep\n|\n|t:|1701139619\n|switch|p1a: Dragapult|Dragapult, M|100\/100\n|turn|4\n|\n|t:|1701139628\n|move|p2a: Dragapult|Draco Meteor|p1a: Dragapult\n|-supereffective|p1a: Dragapult\n|-damage|p1a: Dragapult|0 fnt\n|-unboost|p2a: Dragapult|spa|2\n|faint|p1a: Dragapult\n|\n|upkeep\n|\n|t:|1701139643\n|switch|p1a: Greninja|Greninja, M|100\/100\n|turn|5\n|\n|t:|1701139649\n|switch|p2a: Zamazenta|Zamazenta|100\/100\n|-damage|p2a: Zamazenta|94\/100|[from] Stealth Rock\n|-damage|p2a: Zamazenta|82\/100|[from] Spikes\n|-ability|p2a: Zamazenta|Dauntless Shield|boost\n|-boost|p2a: Zamazenta|def|1\n|move|p1a: Greninja|Dark Pulse|p2a: Zamazenta\n|-resisted|p2a: Zamazenta\n|-damage|p2a: Zamazenta|58\/100\n|-damage|p1a: Greninja|91\/100|[from] item: Life Orb\n|\n|-heal|p2a: Zamazenta|64\/100|[from] item: Leftovers\n|upkeep\n|turn|6\n|\n|t:|1701139663\n|move|p2a: Zamazenta|Close Combat|p1a: Greninja\n|-supereffective|p1a: Greninja\n|-damage|p1a: Greninja|0 fnt\n|-unboost|p2a: Zamazenta|def|1\n|-unboost|p2a: Zamazenta|spd|1\n|faint|p1a: Greninja\n|\n|-heal|p2a: Zamazenta|71\/100|[from] item: Leftovers\n|upkeep\n|\n|t:|1701139668\n|switch|p1a: mewfew|Mew, shiny|100\/100\n|turn|7\n|\n|t:|1701139684\n|move|p2a: Zamazenta|Close Combat|p1a: mewfew\n|-resisted|p1a: mewfew\n|-damage|p1a: mewfew|72\/100\n|-unboost|p2a: Zamazenta|def|1\n|-unboost|p2a: Zamazenta|spd|1\n|move|p1a: mewfew|Dazzling Gleam|p2a: Zamazenta\n|-supereffective|p2a: Zamazenta\n|-damage|p2a: Zamazenta|0 fnt\n|faint|p2a: Zamazenta\n|-damage|p1a: mewfew|62\/100|[from] item: Life Orb\n|\n|upkeep\n|\n|t:|1701139697\n|switch|p2a: Scizor|Scizor, M|88\/100\n|-damage|p2a: Scizor|76\/100|[from] Stealth Rock\n|-damage|p2a: Scizor|63\/100|[from] Spikes\n|turn|8\n|\n|t:|1701139709\n|switch|p1a: Lucario|Lucario, F|100\/100\n|move|p2a: Scizor|U-turn|p1a: Lucario\n|-resisted|p1a: Lucario\n|-damage|p1a: Lucario|84\/100\n|\n|t:|1701139716\n|switch|p2a: Landorus|Landorus-Therian, M|100\/100|[from] U-turn\n|-damage|p2a: Landorus|88\/100|[from] Stealth Rock\n|-ability|p2a: Landorus|Intimidate|boost\n|-unboost|p1a: Lucario|atk|1\n|\n|upkeep\n|turn|9\n|\n|t:|1701139728\n|switch|p1a: mewfew|Mew, shiny|62\/100\n|move|p2a: Landorus|Earthquake|p1a: mewfew\n|-crit|p1a: mewfew\n|-damage|p1a: mewfew|0 fnt\n|faint|p1a: mewfew\n|\n|upkeep\n|\n|t:|1701139733\n|switch|p1a: Lucario|Lucario, F|84\/100\n|turn|10\n|\n|t:|1701139739\n|-terastallize|p1a: Lucario|Normal\n|move|p1a: Lucario|Extreme Speed|p2a: Landorus\n|-damage|p2a: Landorus|39\/100\n|-damage|p1a: Lucario|74\/100|[from] item: Life Orb\n|move|p2a: Landorus|Earthquake|p1a: Lucario\n|-damage|p1a: Lucario|0 fnt\n|faint|p1a: Lucario\n|\n|upkeep\n|\n|t:|1701139743\n|switch|p1a: Skeledirge|Skeledirge, F|100\/100\n|turn|11\n|\n|t:|1701139758\n|move|p2a: Landorus|Earthquake|p1a: Skeledirge\n|-supereffective|p1a: Skeledirge\n|-damage|p1a: Skeledirge|0 fnt\n|faint|p1a: Skeledirge\n|\n|win|Noonmaster9818\n|raw|MooMilktank22's rating: 1082 &rarr; <strong>1066<\/strong><br \/>(-16 for losing)\n|raw|Noonmaster9818's rating: 1182 &rarr; <strong>1200<\/strong><br \/>(+18 for winning)\n","uploadtime":1701139763,"views":2,"p1id":"moomilktank22","p2id":"noonmaster9818","formatid":"gen9ou","rating":1066,"private":0,"password":""}