{"id":"gen9ou-1990479831","p1":"dnites2","p2":"N-Zoroark stan","format":"[Gen 9] OU","log":"|j|\u2606dnites2\n|j|\u2606N-Zoroark stan\n|t:|1699974801\n|gametype|singles\n|player|p1|dnites2|2|1722\n|player|p2|N-Zoroark stan|riley|1780\n|teamsize|p1|6\n|teamsize|p2|6\n|gen|9\n|tier|[Gen 9] OU\n|rated|\n|rule|Sleep Clause Mod: Limit one foe put to sleep\n|rule|Species Clause: Limit one of each Pok\u00e9mon\n|rule|OHKO Clause: OHKO moves are banned\n|rule|Evasion Items Clause: Evasion items are banned\n|rule|Evasion Moves Clause: Evasion moves are banned\n|rule|Endless Battle Clause: Forcing endless battles is banned\n|rule|HP Percentage Mod: HP is shown in percentages\n|clearpoke\n|poke|p1|Ogerpon, F|\n|poke|p1|Rillaboom, F|\n|poke|p1|Hawlucha, F|\n|poke|p1|Goodra-Hisui, F|\n|poke|p1|Sneasler, F|\n|poke|p1|Walking Wake|\n|poke|p2|Zoroark-Hisui, F|\n|poke|p2|Corviknight, M|\n|poke|p2|Ogerpon-Wellspring, F|\n|poke|p2|Sandy Shocks|\n|poke|p2|Lokix, M|\n|poke|p2|Greninja-*, M|\n|teampreview\n|inactive|Battle timer is ON: inactive players will automatically lose when time's up. (requested by N-Zoroark stan)\n|j| Ecrazatator\n|inactive|N-Zoroark stan has 120 seconds left.\n|\n|t:|1699974837\n|start\n|switch|p1a: Rillaboom|Rillaboom, F|100\/100\n|switch|p2a: Corviknight|Corviknight, M|100\/100\n|-fieldstart|move: Grassy Terrain|[from] ability: Grassy Surge|[of] p1a: Rillaboom\n|-ability|p2a: Corviknight|Pressure\n|turn|1\n|\n|t:|1699974846\n|move|p1a: Rillaboom|Knock Off|p2a: Corviknight\n|-damage|p2a: Corviknight|85\/100\n|-damage|p1a: Rillaboom|84\/100|[from] item: Rocky Helmet|[of] p2a: Corviknight\n|-enditem|p2a: Corviknight|Rocky Helmet|[from] move: Knock Off|[of] p1a: Rillaboom\n|move|p2a: Corviknight|U-turn|p1a: Rillaboom\n|-supereffective|p1a: Rillaboom\n|-damage|p1a: Rillaboom|65\/100\n|\n|t:|1699974852\n|switch|p2a: Lokix|Lokix, M|100\/100|[from] U-turn\n|\n|-heal|p1a: Rillaboom|71\/100|[from] Grassy Terrain\n|upkeep\n|turn|2\n|\n|t:|1699974869\n|switch|p1a: Goodra|Goodra-Hisui, F|100\/100\n|move|p2a: Lokix|U-turn|p1a: Goodra\n|-resisted|p1a: Goodra\n|-damage|p1a: Goodra|66\/100\n|-ability|p1a: Goodra|Gooey\n|-unboost|p2a: Lokix|spe|1\n|j| mew852\n|\n|t:|1699974893\n|switch|p2a: Greninja|Greninja, M|100\/100|[from] U-turn\n|\n|-heal|p1a: Goodra|72\/100|[from] Grassy Terrain\n|upkeep\n|turn|3\n|\n|t:|1699974903\n|move|p2a: Greninja|Switcheroo|p1a: Goodra\n|-start|p2a: Greninja|typechange|Dark|[from] ability: Protean\n|-activate|p2a: Greninja|move: Trick|[of] p1a: Goodra\n|-item|p1a: Goodra|Choice Scarf|[from] move: Switcheroo\n|-item|p2a: Greninja|Assault Vest|[from] move: Switcheroo\n|move|p1a: Goodra|Dragon Tail|p2a: Greninja\n|-damage|p2a: Greninja|69\/100\n|drag|p2a: Lokix|Lokix, M|100\/100\n|\n|-heal|p1a: Goodra|78\/100|[from] Grassy Terrain\n|upkeep\n|turn|4\n|j| lucky ewe\n|\n|t:|1699974918\n|move|p2a: Lokix|Axe Kick|p1a: Goodra\n|-supereffective|p1a: Goodra\n|-damage|p1a: Goodra|1\/100\n|-ability|p1a: Goodra|Gooey\n|-unboost|p2a: Lokix|spe|1\n|move|p1a: Goodra|Dragon Tail|p2a: Lokix\n|-damage|p2a: Lokix|72\/100\n|drag|p2a: Ogerpon|Ogerpon-Wellspring, F|100\/100\n|\n|-heal|p1a: Goodra|7\/100|[from] Grassy Terrain\n|upkeep\n|turn|5\n|\n|t:|1699974931\n|move|p2a: Ogerpon|U-turn|p1a: Goodra\n|-resisted|p1a: Goodra\n|-damage|p1a: Goodra|0 fnt\n|-ability|p1a: Goodra|Gooey\n|-unboost|p2a: Ogerpon|spe|1\n|faint|p1a: Goodra\n|\n|t:|1699974948\n|switch|p2a: Corviknight|Corviknight, M|100\/100|[from] U-turn\n|\n|upkeep\n|inactive|dnites2 has 120 seconds left.\n|\n|t:|1699974976\n|switch|p1a: Walking Wake|Walking Wake|100\/100\n|turn|6\n|\n|t:|1699974979\n|move|p2a: Corviknight|Shadow Ball|p1a: Walking Wake\n|-damage|p1a: Walking Wake|56\/100\n|move|p1a: Walking Wake|Draco Meteor|p2a: Corviknight\n|-damage|p2a: Corviknight|0 fnt\n|-unboost|p1a: Walking Wake|spa|2\n|replace|p2a: Zoroark|Zoroark-Hisui, F, shiny\n|-end|p2a: Zoroark|Illusion\n|faint|p2a: Zoroark\n|\n|-heal|p1a: Walking Wake|62\/100|[from] Grassy Terrain\n|upkeep\n|\n|t:|1699974985\n|switch|p2a: Ogerpon|Ogerpon-Wellspring, F|100\/100\n|turn|7\n|inactive|dnites2 has 120 seconds left.\n|\n|t:|1699975025\n|move|p2a: Ogerpon|U-turn|p1a: Walking Wake\n|-damage|p1a: Walking Wake|33\/100\n|\n|t:|1699975028\n|switch|p2a: Corviknight|Corviknight, M|85\/100|[from] U-turn\n|-ability|p2a: Corviknight|Pressure\n|move|p1a: Walking Wake|Draco Meteor|p2a: Corviknight\n|-resisted|p2a: Corviknight\n|-damage|p2a: Corviknight|61\/100\n|-unboost|p1a: Walking Wake|spa|2\n|\n|-heal|p1a: Walking Wake|39\/100|[from] Grassy Terrain\n|upkeep\n|turn|8\n|\n|t:|1699975055\n|move|p1a: Walking Wake|Draco Meteor|p2a: Corviknight\n|-resisted|p2a: Corviknight\n|-damage|p2a: Corviknight|45\/100\n|-unboost|p1a: Walking Wake|spa|2\n|move|p2a: Corviknight|Roost|p2a: Corviknight\n|-heal|p2a: Corviknight|95\/100\n|-singleturn|p2a: Corviknight|move: Roost\n|\n|-heal|p1a: Walking Wake|46\/100|[from] Grassy Terrain\n|-heal|p2a: Corviknight|100\/100|[from] Grassy Terrain\n|-fieldend|move: Grassy Terrain\n|upkeep\n|turn|9\n|j| clozap9\n|\n|t:|1699975068\n|-end|p1a: Walking Wake|Protosynthesis|[silent]\n|switch|p1a: Rillaboom|Rillaboom, F|71\/100\n|-fieldstart|move: Grassy Terrain|[from] ability: Grassy Surge|[of] p1a: Rillaboom\n|move|p2a: Corviknight|U-turn|p1a: Rillaboom\n|-supereffective|p1a: Rillaboom\n|-damage|p1a: Rillaboom|50\/100\n|\n|t:|1699975070\n|switch|p2a: Lokix|Lokix, M|72\/100|[from] U-turn\n|\n|-heal|p2a: Lokix|78\/100|[from] Grassy Terrain\n|-heal|p1a: Rillaboom|57\/100|[from] Grassy Terrain\n|upkeep\n|turn|10\n|inactive|dnites2 has 90 seconds left.\n|\n|t:|1699975097\n|move|p1a: Rillaboom|Grassy Glide|p2a: Lokix\n|-resisted|p2a: Lokix\n|-damage|p2a: Lokix|56\/100\n|move|p2a: Lokix|U-turn|p1a: Rillaboom\n|-supereffective|p1a: Rillaboom\n|-damage|p1a: Rillaboom|0 fnt\n|faint|p1a: Rillaboom\n|\n|t:|1699975103\n|switch|p2a: Sandy Shocks|Sandy Shocks|100\/100|[from] U-turn\n|\n|upkeep\n|inactive|dnites2 has 90 seconds left.\n|\n|t:|1699975111\n|switch|p1a: Sneasler|Sneasler, F|100\/100\n|-enditem|p1a: Sneasler|Grassy Seed\n|-boost|p1a: Sneasler|def|1|[from] item: Grassy Seed\n|turn|11\n|\n|t:|1699975121\n|move|p1a: Sneasler|Close Combat|p2a: Sandy Shocks\n|-damage|p2a: Sandy Shocks|25\/100\n|-unboost|p1a: Sneasler|def|1\n|-unboost|p1a: Sneasler|spd|1\n|move|p2a: Sandy Shocks|Volt Switch|p1a: Sneasler\n|-damage|p1a: Sneasler|45\/100\n|\n|t:|1699975126\n|-end|p2a: Sandy Shocks|Protosynthesis|[silent]\n|switch|p2a: Lokix|Lokix, M|56\/100|[from] Volt Switch\n|\n|-heal|p1a: Sneasler|51\/100|[from] Grassy Terrain\n|-heal|p2a: Lokix|62\/100|[from] Grassy Terrain\n|upkeep\n|turn|12\n|\n|t:|1699975135\n|-terastallize|p2a: Lokix|Bug\n|move|p2a: Lokix|First Impression|p1a: Sneasler\n|-resisted|p1a: Sneasler\n|-damage|p1a: Sneasler|0 fnt\n|faint|p1a: Sneasler\n|\n|-heal|p2a: Lokix|68\/100|[from] Grassy Terrain\n|upkeep\n|\n|t:|1699975144\n|switch|p1a: Hawlucha|Hawlucha, F|100\/100\n|-enditem|p1a: Hawlucha|Grassy Seed\n|-boost|p1a: Hawlucha|def|1|[from] item: Grassy Seed\n|turn|13\n|\n|t:|1699975149\n|switch|p2a: Corviknight|Corviknight, M|100\/100\n|-ability|p2a: Corviknight|Pressure\n|move|p1a: Hawlucha|Swords Dance|p1a: Hawlucha\n|-boost|p1a: Hawlucha|atk|2\n|\n|upkeep\n|turn|14\n|inactive|dnites2 has 120 seconds left.\n|\n|t:|1699975158\n|move|p1a: Hawlucha|Swords Dance|p1a: Hawlucha\n|-boost|p1a: Hawlucha|atk|2\n|move|p2a: Corviknight|U-turn|p1a: Hawlucha\n|-resisted|p1a: Hawlucha\n|-damage|p1a: Hawlucha|97\/100\n|\n|t:|1699975166\n|switch|p2a: Sandy Shocks|Sandy Shocks|25\/100|[from] U-turn\n|\n|-heal|p2a: Sandy Shocks|31\/100|[from] Grassy Terrain\n|upkeep\n|turn|15\n|\n|t:|1699975177\n|-end|p2a: Sandy Shocks|Protosynthesis|[silent]\n|switch|p2a: Corviknight|Corviknight, M|100\/100\n|-ability|p2a: Corviknight|Pressure\n|move|p1a: Hawlucha|Acrobatics|p2a: Corviknight\n|-resisted|p2a: Corviknight\n|-damage|p2a: Corviknight|56\/100\n|\n|upkeep\n|turn|16\n|\n|t:|1699975186\n|move|p1a: Hawlucha|Drain Punch|p2a: Corviknight\n|-damage|p2a: Corviknight|0 fnt\n|-heal|p1a: Hawlucha|100\/100|[from] drain|[of] p2a: Corviknight\n|faint|p2a: Corviknight\n|\n|-fieldend|move: Grassy Terrain\n|upkeep\n|j| Pitt2424\n|l| Pitt2424\n|\n|t:|1699975204\n|switch|p2a: Lokix|Lokix, M, tera:Bug|68\/100\n|turn|17\n|\n|t:|1699975211\n|move|p2a: Lokix|First Impression|p1a: Hawlucha\n|-resisted|p1a: Hawlucha\n|-damage|p1a: Hawlucha|67\/100\n|move|p1a: Hawlucha|Drain Punch|p2a: Lokix\n|-resisted|p2a: Lokix\n|-damage|p2a: Lokix|0 fnt\n|-heal|p1a: Hawlucha|94\/100|[from] drain|[of] p2a: Lokix\n|faint|p2a: Lokix\n|\n|upkeep\n|-message|N-Zoroark stan forfeited.\n|\n|win|dnites2\n|raw|dnites2's rating: 1722 &rarr; <strong>1745<\/strong><br \/>(+23 for winning)\n|raw|N-Zoroark stan's rating: 1780 &rarr; <strong>1757<\/strong><br \/>(-23 for losing)\n|l|\u2606N-Zoroark stan\n|l|\u2606dnites2\n","uploadtime":1699975393,"views":11,"p1id":"dnites2","p2id":"nzoroarkstan","formatid":"gen9ou","rating":1745,"private":0,"password":""}