{"id":"gen9ou-1995178471","p1":"zxcqwe123456","p2":"PLAYB0I R0BBIE B","format":"[Gen 9] OU","log":"|j|\u2606zxcqwe123456\n|j|\u2606PLAYB0I R0BBIE B\n|t:|1700531378\n|gametype|singles\n|player|p1|zxcqwe123456|pokemonbreederf-gen4|1324\n|player|p2|PLAYB0I R0BBIE B|eusine|1347\n|teamsize|p1|6\n|teamsize|p2|6\n|gen|9\n|tier|[Gen 9] OU\n|rated|\n|rule|Sleep Clause Mod: Limit one foe put to sleep\n|rule|Species Clause: Limit one of each Pok\u00e9mon\n|rule|OHKO Clause: OHKO moves are banned\n|rule|Evasion Items Clause: Evasion items are banned\n|rule|Evasion Moves Clause: Evasion moves are banned\n|rule|Endless Battle Clause: Forcing endless battles is banned\n|rule|HP Percentage Mod: HP is shown in percentages\n|clearpoke\n|poke|p1|Heatran, M|\n|poke|p1|Dragapult, M|\n|poke|p1|Corviknight, F|\n|poke|p1|Great Tusk|\n|poke|p1|Gholdengo|\n|poke|p1|Walking Wake|\n|poke|p2|Meowscarada, F|\n|poke|p2|Heatran, F|\n|poke|p2|Thundurus-Therian, M|\n|poke|p2|Dragapult, F|\n|poke|p2|Great Tusk|\n|poke|p2|Azumarill, F|\n|teampreview\n|\n|t:|1700531387\n|start\n|switch|p1a: Corviknight|Corviknight, F|100\/100\n|switch|p2a: ASTROTHUNDER|Thundurus-Therian, M|100\/100\n|turn|1\n|\n|t:|1700531394\n|switch|p1a: Great Tusk|Great Tusk|100\/100\n|move|p2a: ASTROTHUNDER|Grass Knot|p1a: Great Tusk\n|-supereffective|p1a: Great Tusk\n|-damage|p1a: Great Tusk|0 fnt\n|faint|p1a: Great Tusk\n|-end|p1a: Great Tusk|Protosynthesis|[silent]\n|\n|upkeep\n|\n|t:|1700531405\n|switch|p1a: Gholdengo|Gholdengo|100\/100\n|turn|2\n|\n|t:|1700531413\n|switch|p2a: CAN'T SAY|Azumarill, F|100\/100\n|move|p1a: Gholdengo|Shadow Ball|p2a: CAN'T SAY\n|-damage|p2a: CAN'T SAY|71\/100\n|\n|upkeep\n|turn|3\n|\n|t:|1700531418\n|move|p1a: Gholdengo|Make It Rain|p2a: CAN'T SAY\n|-damage|p2a: CAN'T SAY|23\/100\n|-unboost|p1a: Gholdengo|spa|1\n|move|p2a: CAN'T SAY|Liquidation|p1a: Gholdengo\n|-damage|p1a: Gholdengo|51\/100\n|\n|upkeep\n|turn|4\n|\n|t:|1700531424\n|switch|p1a: Corviknight|Corviknight, F|100\/100\n|move|p2a: CAN'T SAY|Aqua Jet|p1a: Corviknight\n|-damage|p1a: Corviknight|83\/100\n|-damage|p2a: CAN'T SAY|6\/100|[from] item: Rocky Helmet|[of] p1a: Corviknight\n|\n|upkeep\n|turn|5\n|\n|t:|1700531430\n|switch|p2a: ASTROTHUNDER|Thundurus-Therian, M|100\/100\n|move|p1a: Corviknight|U-turn|p2a: ASTROTHUNDER\n|-resisted|p2a: ASTROTHUNDER\n|-damage|p2a: ASTROTHUNDER|89\/100\n|\n|t:|1700531436\n|switch|p1a: Heatran|Heatran, M|100\/100|[from] U-turn\n|\n|upkeep\n|turn|6\n|\n|t:|1700531440\n|move|p2a: ASTROTHUNDER|Volt Switch|p1a: Heatran\n|-damage|p1a: Heatran|60\/100\n|\n|t:|1700531442\n|switch|p2a: 5% TINT|Heatran, F|100\/100|[from] Volt Switch\n|-item|p2a: 5% TINT|Air Balloon\n|move|p1a: Heatran|Stealth Rock|p2a: 5% TINT\n|-sidestart|p2: PLAYB0I R0BBIE B|move: Stealth Rock\n|\n|-heal|p1a: Heatran|67\/100|[from] item: Leftovers\n|upkeep\n|turn|7\n|\n|t:|1700531449\n|switch|p1a: Walking Wake|Walking Wake|100\/100\n|move|p2a: 5% TINT|Earth Power|p1a: Walking Wake\n|-damage|p1a: Walking Wake|63\/100\n|\n|upkeep\n|turn|8\n|\n|t:|1700531452\n|switch|p2a: CAN'T SAY|Azumarill, F|6\/100\n|-damage|p2a: CAN'T SAY|0 fnt|[from] Stealth Rock\n|faint|p2a: CAN'T SAY\n|move|p1a: Walking Wake|Hydro Steam|p2: CAN'T SAY|[notarget]\n|-fail|p1a: Walking Wake\n|\n|upkeep\n|\n|t:|1700531455\n|switch|p2a: SICKO MODE|Meowscarada, F|100\/100\n|-damage|p2a: SICKO MODE|88\/100|[from] Stealth Rock\n|turn|9\n|\n|t:|1700531458\n|-end|p1a: Walking Wake|Protosynthesis|[silent]\n|switch|p1a: Corviknight|Corviknight, F|83\/100\n|move|p2a: SICKO MODE|Knock Off|p1a: Corviknight\n|-start|p2a: SICKO MODE|typechange|Dark|[from] ability: Protean\n|-damage|p1a: Corviknight|34\/100\n|-damage|p2a: SICKO MODE|72\/100|[from] item: Rocky Helmet|[of] p1a: Corviknight\n|-enditem|p1a: Corviknight|Rocky Helmet|[from] move: Knock Off|[of] p2a: SICKO MODE\n|\n|upkeep\n|turn|10\n|\n|t:|1700531467\n|switch|p2a: NO BYSTANDERS|Dragapult, F|100\/100\n|move|p1a: Corviknight|U-turn|p2a: NO BYSTANDERS\n|-resisted|p2a: NO BYSTANDERS\n|-damage|p2a: NO BYSTANDERS|90\/100\n|\n|t:|1700531477\n|switch|p1a: Heatran|Heatran, M|67\/100|[from] U-turn\n|\n|-heal|p1a: Heatran|73\/100|[from] item: Leftovers\n|upkeep\n|turn|11\n|\n|t:|1700531484\n|move|p2a: NO BYSTANDERS|U-turn|p1a: Heatran\n|-resisted|p1a: Heatran\n|-damage|p1a: Heatran|68\/100\n|\n|t:|1700531486\n|switch|p2a: 5% TINT|Heatran, F|100\/100|[from] U-turn\n|-damage|p2a: 5% TINT|88\/100|[from] Stealth Rock\n|-item|p2a: 5% TINT|Air Balloon\n|move|p1a: Heatran|Magma Storm|p2a: 5% TINT\n|-start|p2a: 5% TINT|ability: Flash Fire\n|\n|-heal|p1a: Heatran|74\/100|[from] item: Leftovers\n|upkeep\n|turn|12\n|\n|t:|1700531500\n|move|p2a: 5% TINT|Earth Power|p1a: Heatran\n|-supereffective|p1a: Heatran\n|-damage|p1a: Heatran|0 fnt\n|faint|p1a: Heatran\n|\n|upkeep\n|\n|t:|1700531507\n|switch|p1a: Walking Wake|Walking Wake|63\/100\n|turn|13\n|\n|t:|1700531518\n|-end|p2a: 5% TINT|ability: Flash Fire|[silent]\n|switch|p2a: YOSEMITE|Great Tusk|100\/100\n|move|p1a: Walking Wake|Hydro Steam|p2a: YOSEMITE\n|-supereffective|p2a: YOSEMITE\n|-damage|p2a: YOSEMITE|0 fnt\n|faint|p2a: YOSEMITE\n|-end|p2a: YOSEMITE|Protosynthesis|[silent]\n|\n|upkeep\n|\n|t:|1700531520\n|switch|p2a: SICKO MODE|Meowscarada, F|72\/100\n|-damage|p2a: SICKO MODE|60\/100|[from] Stealth Rock\n|turn|14\n|\n|t:|1700531525\n|-end|p1a: Walking Wake|Protosynthesis|[silent]\n|switch|p1a: Corviknight|Corviknight, F|34\/100\n|move|p2a: SICKO MODE|Knock Off|p1a: Corviknight\n|-start|p2a: SICKO MODE|typechange|Dark|[from] ability: Protean\n|-damage|p1a: Corviknight|4\/100\n|\n|upkeep\n|turn|15\n|\n|t:|1700531531\n|move|p2a: SICKO MODE|Knock Off|p1a: Corviknight\n|-damage|p1a: Corviknight|0 fnt\n|faint|p1a: Corviknight\n|\n|upkeep\n|\n|t:|1700531542\n|switch|p1a: Dragapult|Dragapult, M|100\/100\n|turn|16\n|\n|t:|1700531551\n|move|p1a: Dragapult|Dragon Darts|p2a: SICKO MODE\n|-damage|p2a: SICKO MODE|18\/100\n|-anim|p1a: Dragapult|Dragon Darts|p2a: SICKO MODE\n|-damage|p2a: SICKO MODE|0 fnt\n|faint|p2a: SICKO MODE\n|\n|upkeep\n|\n|t:|1700531560\n|switch|p2a: NO BYSTANDERS|Dragapult, F|90\/100\n|turn|17\n|\n|t:|1700531568\n|switch|p1a: Gholdengo|Gholdengo|51\/100\n|-terastallize|p2a: NO BYSTANDERS|Fairy\n|move|p2a: NO BYSTANDERS|Hex|p1a: Gholdengo\n|-supereffective|p1a: Gholdengo\n|-damage|p1a: Gholdengo|0 fnt\n|faint|p1a: Gholdengo\n|\n|upkeep\n|\n|t:|1700531591\n|switch|p1a: Dragapult|Dragapult, M|100\/100\n|turn|18\n|\n|t:|1700531594\n|-terastallize|p1a: Dragapult|Fairy\n|move|p2a: NO BYSTANDERS|Hex|p1a: Dragapult\n|-damage|p1a: Dragapult|59\/100\n|move|p1a: Dragapult|Dragon Dance|p1a: Dragapult\n|-boost|p1a: Dragapult|atk|1\n|-boost|p1a: Dragapult|spe|1\n|\n|-heal|p1a: Dragapult|65\/100|[from] item: Leftovers\n|upkeep\n|turn|19\n|\n|t:|1700531602\n|move|p1a: Dragapult|Phantom Force||[still]\n|-prepare|p1a: Dragapult|Phantom Force\n|move|p2a: NO BYSTANDERS|Thunder Wave|p1a: Dragapult|[miss]\n|-miss|p2a: NO BYSTANDERS|p1a: Dragapult\n|\n|-heal|p1a: Dragapult|71\/100|[from] item: Leftovers\n|upkeep\n|turn|20\n|\n|t:|1700531604\n|move|p1a: Dragapult|Phantom Force|p2a: NO BYSTANDERS|[from]lockedmove\n|-damage|p2a: NO BYSTANDERS|0 fnt\n|faint|p2a: NO BYSTANDERS\n|\n|-heal|p1a: Dragapult|77\/100|[from] item: Leftovers\n|upkeep\n|\n|t:|1700531608\n|switch|p2a: 5% TINT|Heatran, F|88\/100\n|-damage|p2a: 5% TINT|76\/100|[from] Stealth Rock\n|-item|p2a: 5% TINT|Air Balloon\n|turn|21\n|\n|t:|1700531612\n|move|p1a: Dragapult|Phantom Force||[still]\n|-prepare|p1a: Dragapult|Phantom Force\n|move|p2a: 5% TINT|Earth Power|p1a: Dragapult|[miss]\n|-miss|p2a: 5% TINT|p1a: Dragapult\n|\n|-heal|p1a: Dragapult|83\/100|[from] item: Leftovers\n|upkeep\n|turn|22\n|\n|t:|1700531617\n|move|p1a: Dragapult|Phantom Force|p2a: 5% TINT|[from]lockedmove\n|-damage|p2a: 5% TINT|7\/100\n|-enditem|p2a: 5% TINT|Air Balloon\n|move|p2a: 5% TINT|Earth Power|p1a: Dragapult\n|-damage|p1a: Dragapult|38\/100\n|\n|-heal|p1a: Dragapult|44\/100|[from] item: Leftovers\n|upkeep\n|turn|23\n|\n|t:|1700531620\n|move|p1a: Dragapult|Dragon Darts|p2a: 5% TINT\n|-resisted|p2a: 5% TINT\n|-damage|p2a: 5% TINT|0 fnt\n|faint|p2a: 5% TINT\n|\n|-heal|p1a: Dragapult|50\/100|[from] item: Leftovers\n|upkeep\n|\n|t:|1700531622\n|switch|p2a: ASTROTHUNDER|Thundurus-Therian, M|89\/100\n|-damage|p2a: ASTROTHUNDER|64\/100|[from] Stealth Rock\n|turn|24\n|\n|t:|1700531626\n|move|p1a: Dragapult|Dragon Darts|p2a: ASTROTHUNDER\n|-damage|p2a: ASTROTHUNDER|3\/100\n|-anim|p1a: Dragapult|Dragon Darts|p2a: ASTROTHUNDER\n|-damage|p2a: ASTROTHUNDER|0 fnt\n|faint|p2a: ASTROTHUNDER\n|\n|win|zxcqwe123456\n|raw|zxcqwe123456's rating: 1324 &rarr; <strong>1345<\/strong><br \/>(+21 for winning)\n|raw|PLAYB0I R0BBIE B's rating: 1347 &rarr; <strong>1326<\/strong><br \/>(-21 for losing)\n","uploadtime":1700531630,"views":19,"p1id":"zxcqwe123456","p2id":"playb0ir0bbieb","formatid":"gen9ou","rating":1326,"private":0,"password":""}