{"id":"gen9ou-1996206985","p1":"JoeBidenXIsrael","p2":"LemonDevInfinite","format":"[Gen 9] OU","log":"|j|\u2606JoeBidenXIsrael\n|j|\u2606LemonDevInfinite\n|t:|1700659139\n|gametype|singles\n|player|p1|JoeBidenXIsrael|petrel|1151\n|player|p2|LemonDevInfinite|fisherman-gen4|1126\n|teamsize|p1|6\n|teamsize|p2|6\n|gen|9\n|tier|[Gen 9] OU\n|rated|\n|rule|Sleep Clause Mod: Limit one foe put to sleep\n|rule|Species Clause: Limit one of each Pok\u00e9mon\n|rule|OHKO Clause: OHKO moves are banned\n|rule|Evasion Items Clause: Evasion items are banned\n|rule|Evasion Moves Clause: Evasion moves are banned\n|rule|Endless Battle Clause: Forcing endless battles is banned\n|rule|HP Percentage Mod: HP is shown in percentages\n|clearpoke\n|poke|p1|Iron Valiant|\n|poke|p1|Skeledirge, F|\n|poke|p1|Zapdos|\n|poke|p1|Clefable, M|\n|poke|p1|Clodsire, F|\n|poke|p1|Weavile, M|\n|poke|p2|Samurott-Hisui, M|\n|poke|p2|Ogerpon-Wellspring, F|\n|poke|p2|Iron Valiant|\n|poke|p2|Kingambit, M|\n|poke|p2|Iron Moth|\n|poke|p2|Zapdos|\n|teampreview\n|inactive|Battle timer is ON: inactive players will automatically lose when time's up. (requested by JoeBidenXIsrael)\n|\n|t:|1700659144\n|start\n|switch|p1a: Zapdos|Zapdos|100\/100\n|switch|p2a: Hamurott|Samurott-Hisui, M|100\/100\n|turn|1\n|\n|t:|1700659149\n|move|p1a: Zapdos|Thunderbolt|p2a: Hamurott\n|-supereffective|p2a: Hamurott\n|-enditem|p2a: Hamurott|Focus Sash\n|-damage|p2a: Hamurott|1\/100\n|-status|p2a: Hamurott|par\n|move|p2a: Hamurott|Ceaseless Edge|p1a: Zapdos\n|-damage|p1a: Zapdos|48\/100\n|-sidestart|p1: JoeBidenXIsrael|Spikes\n|\n|upkeep\n|turn|2\n|\n|t:|1700659159\n|move|p2a: Hamurott|Aqua Jet|p1a: Zapdos\n|-damage|p1a: Zapdos|25\/100\n|move|p1a: Zapdos|Volt Switch|p2a: Hamurott\n|-supereffective|p2a: Hamurott\n|-damage|p2a: Hamurott|0 fnt\n|faint|p2a: Hamurott\n|\n|t:|1700659170\n|switch|p1a: Weavile|Weavile, M|100\/100|[from] Volt Switch\n|-ability|p1a: Weavile|Pressure\n|\n|upkeep\n|\n|t:|1700659181\n|switch|p2a: Tragedy|Ogerpon-Wellspring, F|100\/100\n|turn|3\n|\n|t:|1700659188\n|move|p1a: Weavile|Ice Spinner|p2a: Tragedy\n|-damage|p2a: Tragedy|46\/100\n|move|p2a: Tragedy|Ivy Cudgel|p1a: Weavile|[anim] Ivy Cudgel Water\n|-damage|p1a: Weavile|0 fnt\n|faint|p1a: Weavile\n|\n|upkeep\n|\n|t:|1700659206\n|switch|p1a: Iron Valiant|Iron Valiant|100\/100\n|turn|4\n|\n|t:|1700659216\n|move|p1a: Iron Valiant|Moonblast|p2a: Tragedy\n|-damage|p2a: Tragedy|0 fnt\n|faint|p2a: Tragedy\n|\n|upkeep\n|\n|t:|1700659223\n|switch|p2a: Iron Valorant|Iron Valiant|100\/100\n|-enditem|p2a: Iron Valorant|Booster Energy\n|-activate|p2a: Iron Valorant|ability: Quark Drive|[fromitem]\n|-start|p2a: Iron Valorant|quarkdrivespe\n|turn|5\n|\n|t:|1700659239\n|-end|p1a: Iron Valiant|Quark Drive|[silent]\n|switch|p1a: Clodsire|Clodsire, F|100\/100\n|-terastallize|p2a: Iron Valorant|Fairy\n|move|p2a: Iron Valorant|Spirit Break|p1a: Clodsire\n|-resisted|p1a: Clodsire\n|-damage|p1a: Clodsire|72\/100\n|-unboost|p1a: Clodsire|spa|1\n|\n|upkeep\n|turn|6\n|inactive|LemonDevInfinite has 120 seconds left.\n|\n|t:|1700659270\n|move|p2a: Iron Valorant|Swords Dance|p2a: Iron Valorant\n|-boost|p2a: Iron Valorant|atk|2\n|move|p1a: Clodsire|Recover|p1a: Clodsire\n|-heal|p1a: Clodsire|100\/100\n|\n|upkeep\n|turn|7\n|\n|t:|1700659276\n|move|p2a: Iron Valorant|Knock Off|p1a: Clodsire\n|-damage|p1a: Clodsire|65\/100\n|-enditem|p1a: Clodsire|Heavy-Duty Boots|[from] move: Knock Off|[of] p2a: Iron Valorant\n|move|p1a: Clodsire|Stealth Rock|p2a: Iron Valorant\n|-sidestart|p2: LemonDevInfinite|move: Stealth Rock\n|\n|upkeep\n|turn|8\n|\n|t:|1700659282\n|move|p2a: Iron Valorant|Close Combat|p1a: Clodsire\n|-resisted|p1a: Clodsire\n|-damage|p1a: Clodsire|32\/100\n|-unboost|p2a: Iron Valorant|def|1\n|-unboost|p2a: Iron Valorant|spd|1\n|move|p1a: Clodsire|Recover|p1a: Clodsire\n|-heal|p1a: Clodsire|82\/100\n|\n|upkeep\n|turn|9\n|\n|t:|1700659292\n|move|p2a: Iron Valorant|Swords Dance|p2a: Iron Valorant\n|-boost|p2a: Iron Valorant|atk|2\n|move|p1a: Clodsire|Earthquake|p2a: Iron Valorant\n|-damage|p2a: Iron Valorant|63\/100\n|\n|upkeep\n|turn|10\n|\n|t:|1700659299\n|move|p2a: Iron Valorant|Spirit Break|p1a: Clodsire\n|-resisted|p1a: Clodsire\n|-damage|p1a: Clodsire|54\/100\n|-unboost|p1a: Clodsire|spa|1\n|move|p1a: Clodsire|Earthquake|p2a: Iron Valorant\n|-damage|p2a: Iron Valorant|25\/100\n|\n|upkeep\n|turn|11\n|-message|LemonDevInfinite forfeited.\n|\n|win|JoeBidenXIsrael\n|raw|JoeBidenXIsrael's rating: 1151 &rarr; <strong>1174<\/strong><br \/>(+23 for winning)\n|raw|LemonDevInfinite's rating: 1126 &rarr; <strong>1103<\/strong><br \/>(-23 for losing)\n|l|\u2606LemonDevInfinite\n","uploadtime":1700659316,"views":0,"p1id":"joebidenxisrael","p2id":"lemondevinfinite","formatid":"gen9ou","rating":1103,"private":0,"password":""}