{"id":"gen9ou-1993673294","p1":"CapnTophat","p2":"real boston richie","format":"[Gen 9] OU","log":"|j|\u2606CapnTophat\n|j|\u2606real boston richie\n|t:|1700344071\n|gametype|singles\n|player|p1|CapnTophat|wallace|1674\n|player|p2|real boston richie|1|1600\n|teamsize|p1|6\n|teamsize|p2|6\n|gen|9\n|tier|[Gen 9] OU\n|rated|\n|rule|Sleep Clause Mod: Limit one foe put to sleep\n|rule|Species Clause: Limit one of each Pok\u00e9mon\n|rule|OHKO Clause: OHKO moves are banned\n|rule|Evasion Items Clause: Evasion items are banned\n|rule|Evasion Moves Clause: Evasion moves are banned\n|rule|Endless Battle Clause: Forcing endless battles is banned\n|rule|HP Percentage Mod: HP is shown in percentages\n|clearpoke\n|poke|p1|Iron Hands|\n|poke|p1|Ting-Lu|\n|poke|p1|Iron Valiant|\n|poke|p1|Dragapult, F|\n|poke|p1|Ogerpon-Wellspring, F|\n|poke|p1|Cinderace, F|\n|poke|p2|Ribombee, F|\n|poke|p2|Gholdengo|\n|poke|p2|Iron Valiant|\n|poke|p2|Cinderace, M|\n|poke|p2|Dragonite, F|\n|poke|p2|Ogerpon-Wellspring, F|\n|teampreview\n|inactive|Battle timer is ON: inactive players will automatically lose when time's up. (requested by CapnTophat)\n|\n|t:|1700344082\n|start\n|switch|p1a: Dragapult|Dragapult, F|100\/100\n|switch|p2a: Fraiche Flutter|Ribombee, F, shiny|100\/100\n|turn|1\n|\n|t:|1700344090\n|move|p1a: Dragapult|U-turn|p2a: Fraiche Flutter\n|-resisted|p2a: Fraiche Flutter\n|-damage|p2a: Fraiche Flutter|83\/100\n|\n|t:|1700344092\n|switch|p1a: Cinderace|Cinderace, F|100\/100|[from] U-turn\n|move|p2a: Fraiche Flutter|Sticky Web|p1a: Cinderace\n|-sidestart|p1: CapnTophat|move: Sticky Web\n|\n|upkeep\n|turn|2\n|\n|t:|1700344100\n|move|p2a: Fraiche Flutter|Stun Spore|p1a: Cinderace|[miss]\n|-miss|p2a: Fraiche Flutter|p1a: Cinderace\n|move|p1a: Cinderace|Pyro Ball|p2a: Fraiche Flutter\n|-supereffective|p2a: Fraiche Flutter\n|-damage|p2a: Fraiche Flutter|0 fnt\n|faint|p2a: Fraiche Flutter\n|\n|upkeep\n|\n|t:|1700344108\n|switch|p2a: Cross Breed|Iron Valiant|100\/100\n|-enditem|p2a: Cross Breed|Booster Energy\n|-activate|p2a: Cross Breed|ability: Quark Drive|[fromitem]\n|-start|p2a: Cross Breed|quarkdrivespe\n|turn|3\n|\n|t:|1700344111\n|move|p2a: Cross Breed|Close Combat|p1a: Cinderace\n|-damage|p1a: Cinderace|34\/100\n|-unboost|p2a: Cross Breed|def|1\n|-unboost|p2a: Cross Breed|spd|1\n|move|p1a: Cinderace|Pyro Ball|p2a: Cross Breed\n|-damage|p2a: Cross Breed|15\/100\n|\n|upkeep\n|turn|4\n|\n|t:|1700344121\n|switch|p1a: Ting-Lu|Ting-Lu|100\/100\n|-activate|p1a: Ting-Lu|move: Sticky Web\n|-unboost|p1a: Ting-Lu|spe|1\n|-ability|p1a: Ting-Lu|Vessel of Ruin\n|move|p2a: Cross Breed|Close Combat|p1a: Ting-Lu\n|-supereffective|p1a: Ting-Lu\n|-damage|p1a: Ting-Lu|39\/100\n|-unboost|p2a: Cross Breed|def|1\n|-unboost|p2a: Cross Breed|spd|1\n|\n|-heal|p1a: Ting-Lu|45\/100|[from] item: Leftovers\n|upkeep\n|turn|5\n|\n|t:|1700344133\n|-terastallize|p1a: Ting-Lu|Ghost\n|move|p2a: Cross Breed|Close Combat|p1a: Ting-Lu\n|-immune|p1a: Ting-Lu\n|move|p1a: Ting-Lu|Whirlwind|p2a: Cross Breed\n|-end|p2a: Cross Breed|Quark Drive|[silent]\n|drag|p2a: Maniacal Heist|Gholdengo|100\/100\n|-item|p2a: Maniacal Heist|Air Balloon\n|\n|-heal|p1a: Ting-Lu|51\/100|[from] item: Leftovers\n|upkeep\n|turn|6\n|\n|t:|1700344141\n|move|p2a: Maniacal Heist|Shadow Ball|p1a: Ting-Lu\n|-supereffective|p1a: Ting-Lu\n|-damage|p1a: Ting-Lu|16\/100\n|move|p1a: Ting-Lu|Ruination|p2a: Maniacal Heist\n|-damage|p2a: Maniacal Heist|51\/100\n|-enditem|p2a: Maniacal Heist|Air Balloon\n|\n|-heal|p1a: Ting-Lu|22\/100|[from] item: Leftovers\n|upkeep\n|turn|7\n|\n|t:|1700344147\n|move|p2a: Maniacal Heist|Nasty Plot|p2a: Maniacal Heist\n|-boost|p2a: Maniacal Heist|spa|2\n|move|p1a: Ting-Lu|Earthquake|p2a: Maniacal Heist\n|-supereffective|p2a: Maniacal Heist\n|-damage|p2a: Maniacal Heist|0 fnt\n|faint|p2a: Maniacal Heist\n|\n|-heal|p1a: Ting-Lu|29\/100|[from] item: Leftovers\n|upkeep\n|\n|t:|1700344155\n|switch|p2a: Detrimental Craze|Ogerpon-Wellspring, F|100\/100\n|turn|8\n|\n|t:|1700344162\n|move|p2a: Detrimental Craze|Ivy Cudgel|p1a: Ting-Lu|[anim] Ivy Cudgel Water\n|-crit|p1a: Ting-Lu\n|-damage|p1a: Ting-Lu|0 fnt\n|faint|p1a: Ting-Lu\n|\n|upkeep\n|\n|t:|1700344165\n|switch|p1a: Cinderace|Cinderace, F|34\/100\n|turn|9\n|\n|t:|1700344169\n|move|p1a: Cinderace|Court Change|p1a: Cinderace\n|-swapsideconditions\n|-activate|p1a: Cinderace|move: Court Change\n|move|p2a: Detrimental Craze|Ivy Cudgel|p1a: Cinderace|[anim] Ivy Cudgel Water\n|-supereffective|p1a: Cinderace\n|-damage|p1a: Cinderace|0 fnt\n|faint|p1a: Cinderace\n|\n|upkeep\n|\n|t:|1700344175\n|switch|p1a: Ogerpon|Ogerpon-Wellspring, F|100\/100\n|turn|10\n|\n|t:|1700344182\n|move|p2a: Detrimental Craze|Power Whip|p1a: Ogerpon\n|-damage|p1a: Ogerpon|8\/100\n|move|p1a: Ogerpon|Swords Dance|p1a: Ogerpon\n|-boost|p1a: Ogerpon|atk|2\n|\n|upkeep\n|turn|11\n|\n|t:|1700344193\n|move|p1a: Ogerpon|Horn Leech|p2a: Detrimental Craze\n|-damage|p2a: Detrimental Craze|0 fnt\n|-heal|p1a: Ogerpon|58\/100|[from] drain|[of] p2a: Detrimental Craze\n|faint|p2a: Detrimental Craze\n|\n|upkeep\n|\n|t:|1700344199\n|switch|p2a: Obstructive Love|Dragonite, F|100\/100\n|turn|12\n|\n|t:|1700344202\n|move|p1a: Ogerpon|Ivy Cudgel|p2a: Obstructive Love|[anim] Ivy Cudgel Water\n|-resisted|p2a: Obstructive Love\n|-damage|p2a: Obstructive Love|66\/100\n|move|p2a: Obstructive Love|Dragon Dance|p2a: Obstructive Love\n|-boost|p2a: Obstructive Love|atk|1\n|-boost|p2a: Obstructive Love|spe|1\n|\n|upkeep\n|turn|13\n|\n|t:|1700344210\n|move|p2a: Obstructive Love|Extreme Speed|p1a: Ogerpon\n|-damage|p1a: Ogerpon|1\/100\n|move|p1a: Ogerpon|Ivy Cudgel|p2a: Obstructive Love|[anim] Ivy Cudgel Water\n|-resisted|p2a: Obstructive Love\n|-damage|p2a: Obstructive Love|1\/100\n|\n|upkeep\n|turn|14\n|\n|t:|1700344214\n|move|p2a: Obstructive Love|Extreme Speed|p1a: Ogerpon\n|-damage|p1a: Ogerpon|0 fnt\n|faint|p1a: Ogerpon\n|\n|upkeep\n|\n|t:|1700344217\n|switch|p1a: Iron Valiant|Iron Valiant|100\/100\n|-enditem|p1a: Iron Valiant|Booster Energy\n|-activate|p1a: Iron Valiant|ability: Quark Drive|[fromitem]\n|-start|p1a: Iron Valiant|quarkdrivespe\n|turn|15\n|\n|t:|1700344225\n|-terastallize|p2a: Obstructive Love|Normal\n|move|p2a: Obstructive Love|Extreme Speed|p1a: Iron Valiant\n|-damage|p1a: Iron Valiant|12\/100\n|move|p1a: Iron Valiant|Moonblast|p2a: Obstructive Love\n|-damage|p2a: Obstructive Love|0 fnt\n|faint|p2a: Obstructive Love\n|\n|upkeep\n|\n|t:|1700344236\n|switch|p2a: Blazing Passion|Cinderace, M|100\/100\n|turn|16\n|\n|t:|1700344239\n|move|p1a: Iron Valiant|Shadow Ball|p2a: Blazing Passion\n|-damage|p2a: Blazing Passion|71\/100\n|move|p2a: Blazing Passion|Court Change|p2a: Blazing Passion\n|-swapsideconditions\n|-activate|p2a: Blazing Passion|move: Court Change\n|\n|upkeep\n|turn|17\n|\n|t:|1700344243\n|move|p1a: Iron Valiant|Encore|p2a: Blazing Passion\n|-start|p2a: Blazing Passion|Encore\n|move|p2a: Blazing Passion|Court Change|p2a: Blazing Passion\n|-swapsideconditions\n|-activate|p2a: Blazing Passion|move: Court Change\n|\n|upkeep\n|turn|18\n|\n|t:|1700344247\n|move|p1a: Iron Valiant|Shadow Ball|p2a: Blazing Passion\n|-damage|p2a: Blazing Passion|38\/100\n|-unboost|p2a: Blazing Passion|spd|1\n|move|p2a: Blazing Passion|Court Change|p2a: Blazing Passion\n|-swapsideconditions\n|-activate|p2a: Blazing Passion|move: Court Change\n|\n|upkeep\n|turn|19\n|\n|t:|1700344254\n|switch|p2a: Cross Breed|Iron Valiant|15\/100\n|move|p1a: Iron Valiant|Calm Mind|p1a: Iron Valiant\n|-boost|p1a: Iron Valiant|spa|1\n|-boost|p1a: Iron Valiant|spd|1\n|\n|upkeep\n|turn|20\n|\n|t:|1700344260\n|move|p1a: Iron Valiant|Moonblast|p2a: Cross Breed\n|-supereffective|p2a: Cross Breed\n|-damage|p2a: Cross Breed|0 fnt\n|faint|p2a: Cross Breed\n|-end|p2a: Cross Breed|Quark Drive|[silent]\n|\n|upkeep\n|\n|t:|1700344261\n|switch|p2a: Blazing Passion|Cinderace, M|38\/100\n|turn|21\n|\n|t:|1700344265\n|move|p1a: Iron Valiant|Shadow Ball|p2a: Blazing Passion\n|-damage|p2a: Blazing Passion|0 fnt\n|faint|p2a: Blazing Passion\n|\n|win|CapnTophat\n|raw|CapnTophat's rating: 1674 &rarr; <strong>1690<\/strong><br \/>(+16 for winning)\n|raw|real boston richie's rating: 1600 &rarr; <strong>1584<\/strong><br \/>(-16 for losing)\n|l|\u2606real boston richie\n","uploadtime":1700344292,"views":11,"p1id":"capntophat","p2id":"realbostonrichie","formatid":"gen9ou","rating":1584,"private":0,"password":""}