{"id":"gen9ou-1996064641","p1":"doodieray","p2":"N3oN_S","format":"[Gen 9] OU","log":"|j|\u2606doodieray\n|j|\u2606N3oN_S\n|t:|1700638140\n|gametype|singles\n|player|p1|doodieray|102|1401\n|player|p2|N3oN_S|skierf|1462\n|teamsize|p1|6\n|teamsize|p2|6\n|gen|9\n|tier|[Gen 9] OU\n|rated|\n|rule|Sleep Clause Mod: Limit one foe put to sleep\n|rule|Species Clause: Limit one of each Pok\u00e9mon\n|rule|OHKO Clause: OHKO moves are banned\n|rule|Evasion Items Clause: Evasion items are banned\n|rule|Evasion Moves Clause: Evasion moves are banned\n|rule|Endless Battle Clause: Forcing endless battles is banned\n|rule|HP Percentage Mod: HP is shown in percentages\n|clearpoke\n|poke|p1|Flamigo, M|\n|poke|p1|Shiftry, M|\n|poke|p1|Slowking-Galar, F|\n|poke|p1|Alomomola, F|\n|poke|p1|Cinderace, M|\n|poke|p1|Zapdos|\n|poke|p2|Iron Jugulis|\n|poke|p2|Gholdengo|\n|poke|p2|Cinderace, F|\n|poke|p2|Ogerpon-Wellspring, F|\n|poke|p2|Slowking-Galar, M|\n|poke|p2|Iron Valiant|\n|teampreview\n|inactive|Battle timer is ON: inactive players will automatically lose when time's up. (requested by N3oN_S)\n|\n|t:|1700638150\n|start\n|switch|p1a: Shiftry|Shiftry, M|100\/100\n|switch|p2a: Cinderace|Cinderace, F|100\/100\n|turn|1\n|\n|t:|1700638157\n|move|p2a: Cinderace|Pyro Ball|p1a: Shiftry\n|-supereffective|p1a: Shiftry\n|-enditem|p1a: Shiftry|Focus Sash\n|-damage|p1a: Shiftry|1\/100\n|move|p1a: Shiftry|Tailwind|p1a: Shiftry\n|-sidestart|p1: doodieray|move: Tailwind\n|-ability|p1a: Shiftry|Wind Rider|boost\n|-boost|p1a: Shiftry|atk|1\n|\n|upkeep\n|turn|2\n|\n|t:|1700638171\n|move|p1a: Shiftry|Knock Off|p2a: Cinderace\n|-damage|p2a: Cinderace|13\/100\n|-enditem|p2a: Cinderace|Heavy-Duty Boots|[from] move: Knock Off|[of] p1a: Shiftry\n|move|p2a: Cinderace|U-turn|p1a: Shiftry\n|-supereffective|p1a: Shiftry\n|-damage|p1a: Shiftry|0 fnt\n|faint|p1a: Shiftry\n|\n|t:|1700638192\n|switch|p2a: Ogerpon|Ogerpon-Wellspring, F|100\/100|[from] U-turn\n|\n|upkeep\n|\n|t:|1700638204\n|switch|p1a: Flamigo|Flamigo, M|100\/100\n|turn|3\n|\n|t:|1700638212\n|switch|p2a: Gholdengo|Gholdengo|100\/100\n|-terastallize|p1a: Flamigo|Flying\n|move|p1a: Flamigo|Brave Bird|p2a: Gholdengo\n|-resisted|p2a: Gholdengo\n|-damage|p2a: Gholdengo|75\/100\n|-damage|p1a: Flamigo|90\/100|[from] Recoil\n|\n|-heal|p2a: Gholdengo|81\/100|[from] item: Leftovers\n|upkeep\n|turn|4\n|\n|t:|1700638219\n|switch|p1a: Cinderace|Cinderace, M|100\/100\n|move|p2a: Gholdengo|Thunder Wave|p1a: Cinderace\n|-status|p1a: Cinderace|par\n|\n|-heal|p2a: Gholdengo|88\/100|[from] item: Leftovers\n|-sideend|p1: doodieray|move: Tailwind\n|upkeep\n|turn|5\n|\n|t:|1700638231\n|move|p2a: Gholdengo|Hex|p1a: Cinderace\n|-damage|p1a: Cinderace|27\/100 par\n|move|p1a: Cinderace|Pyro Ball|p2a: Gholdengo\n|-supereffective|p2a: Gholdengo\n|-damage|p2a: Gholdengo|0 fnt\n|faint|p2a: Gholdengo\n|\n|upkeep\n|\n|t:|1700638240\n|switch|p2a: Ogerpon|Ogerpon-Wellspring, F|100\/100\n|turn|6\n|\n|t:|1700638254\n|move|p2a: Ogerpon|Knock Off|p1a: Cinderace\n|-damage|p1a: Cinderace|0 fnt\n|-enditem|p1a: Cinderace|Heavy-Duty Boots|[from] move: Knock Off|[of] p2a: Ogerpon\n|faint|p1a: Cinderace\n|\n|upkeep\n|\n|t:|1700638260\n|switch|p1a: Flamigo|Flamigo, M, tera:Flying|90\/100\n|turn|7\n|\n|t:|1700638269\n|switch|p2a: Cinderace|Cinderace, F|13\/100\n|move|p1a: Flamigo|Brave Bird|p2a: Cinderace\n|-damage|p2a: Cinderace|0 fnt\n|faint|p2a: Cinderace\n|-damage|p1a: Flamigo|85\/100|[from] Recoil\n|\n|upkeep\n|\n|t:|1700638281\n|switch|p2a: Iron Valiant|Iron Valiant|100\/100\n|-enditem|p2a: Iron Valiant|Booster Energy\n|-activate|p2a: Iron Valiant|ability: Quark Drive|[fromitem]\n|-start|p2a: Iron Valiant|quarkdrivespe\n|turn|8\n|\n|t:|1700638299\n|switch|p1a: Alomomola|Alomomola, F|100\/100\n|-terastallize|p2a: Iron Valiant|Fairy\n|move|p2a: Iron Valiant|Moonblast|p1a: Alomomola\n|-damage|p1a: Alomomola|40\/100\n|-enditem|p1a: Alomomola|Red Card|[of] p2a: Iron Valiant\n|-end|p2a: Iron Valiant|Quark Drive|[silent]\n|drag|p2a: Slowking|Slowking-Galar, M|100\/100\n|\n|upkeep\n|turn|9\n|\n|t:|1700638307\n|move|p1a: Alomomola|Flip Turn|p2a: Slowking\n|-damage|p2a: Slowking|84\/100\n|\n|t:|1700638310\n|switch|p1a: Slowking|Slowking-Galar, F|100\/100|[from] Flip Turn\n|move|p2a: Slowking|Chilly Reception|p2a: Slowking\n|-weather|Snow\n|\n|t:|1700638317\n|switch|p2a: Iron Jugulis|Iron Jugulis|100\/100|[from] Chilly Reception\n|-enditem|p2a: Iron Jugulis|Booster Energy\n|-activate|p2a: Iron Jugulis|ability: Quark Drive|[fromitem]\n|-start|p2a: Iron Jugulis|quarkdrivespe\n|\n|-weather|Snow|[upkeep]\n|upkeep\n|turn|10\n|\n|t:|1700638327\n|move|p2a: Iron Jugulis|Taunt|p1a: Slowking\n|-start|p1a: Slowking|move: Taunt\n|move|p1a: Slowking|Sludge Bomb|p2a: Iron Jugulis\n|-damage|p2a: Iron Jugulis|57\/100\n|-status|p2a: Iron Jugulis|psn\n|\n|-weather|Snow|[upkeep]\n|-damage|p2a: Iron Jugulis|44\/100 psn|[from] psn\n|upkeep\n|turn|11\n|\n|t:|1700638334\n|move|p2a: Iron Jugulis|Knock Off|p1a: Slowking\n|-supereffective|p1a: Slowking\n|-enditem|p1a: Slowking|Colbur Berry|[eat]\n|-enditem|p1a: Slowking|Colbur Berry|[weaken]\n|-damage|p1a: Slowking|80\/100\n|move|p1a: Slowking|Sludge Bomb|p2a: Iron Jugulis\n|-damage|p2a: Iron Jugulis|0 fnt\n|faint|p2a: Iron Jugulis\n|-end|p2a: Iron Jugulis|Quark Drive|[silent]\n|\n|-weather|Snow|[upkeep]\n|upkeep\n|\n|t:|1700638348\n|switch|p2a: Slowking|Slowking-Galar, M|100\/100\n|turn|12\n|\n|t:|1700638354\n|move|p1a: Slowking|Future Sight|p2a: Slowking\n|-start|p1a: Slowking|move: Future Sight\n|move|p2a: Slowking|Psychic|p1a: Slowking\n|-damage|p1a: Slowking|51\/100\n|\n|-weather|Snow|[upkeep]\n|-end|p1a: Slowking|move: Taunt\n|upkeep\n|turn|13\n|-message|N3oN_S forfeited.\n|\n|win|doodieray\n|raw|doodieray's rating: 1401 &rarr; <strong>1424<\/strong><br \/>(+23 for winning)\n|raw|N3oN_S's rating: 1462 &rarr; <strong>1439<\/strong><br \/>(-23 for losing)\n|l|\u2606N3oN_S\n","uploadtime":1700638367,"views":0,"p1id":"doodieray","p2id":"n3ons","formatid":"gen9ou","rating":1424,"private":0,"password":""}