{"id":"gen9ou-1996977046","p1":"Kresx","p2":"hydrologue","format":"[Gen 9] OU","log":"|j|\u2606Kresx\n|j|\u2606hydrologue\n|t:|1700751751\n|gametype|singles\n|player|p1|Kresx|carmine-festival|1409\n|player|p2|hydrologue|sage|1510\n|teamsize|p1|6\n|teamsize|p2|6\n|gen|9\n|tier|[Gen 9] OU\n|rated|\n|rule|Sleep Clause Mod: Limit one foe put to sleep\n|rule|Species Clause: Limit one of each Pok\u00e9mon\n|rule|OHKO Clause: OHKO moves are banned\n|rule|Evasion Items Clause: Evasion items are banned\n|rule|Evasion Moves Clause: Evasion moves are banned\n|rule|Endless Battle Clause: Forcing endless battles is banned\n|rule|HP Percentage Mod: HP is shown in percentages\n|clearpoke\n|poke|p1|Heatran, F|\n|poke|p1|Weavile, F|\n|poke|p1|Zapdos|\n|poke|p1|Dragonite, F|\n|poke|p1|Clodsire, F|\n|poke|p1|Iron Valiant|\n|poke|p2|Glimmora, M|\n|poke|p2|Gholdengo|\n|poke|p2|Ogerpon-Wellspring, F|\n|poke|p2|Kingambit, F|\n|poke|p2|Iron Moth|\n|poke|p2|Enamorus, F|\n|teampreview\n|inactive|Battle timer is ON: inactive players will automatically lose when time's up. (requested by Kresx)\n|\n|t:|1700751762\n|start\n|switch|p1a: Zapdos|Zapdos|100\/100\n|switch|p2a: Glimmora|Glimmora, M|100\/100\n|turn|1\n|\n|t:|1700751767\n|move|p1a: Zapdos|Volt Switch|p2a: Glimmora\n|-damage|p2a: Glimmora|52\/100\n|\n|t:|1700751771\n|switch|p1a: Clodsire|Clodsire, F|100\/100|[from] Volt Switch\n|move|p2a: Glimmora|Stealth Rock|p1a: Clodsire\n|-sidestart|p1: Kresx|move: Stealth Rock\n|\n|upkeep\n|turn|2\n|\n|t:|1700751779\n|move|p2a: Glimmora|Earth Power|p1a: Clodsire\n|-supereffective|p1a: Clodsire\n|-damage|p1a: Clodsire|64\/100\n|move|p1a: Clodsire|Earthquake|p2a: Glimmora\n|-supereffective|p2a: Glimmora\n|-damage|p2a: Glimmora|0 fnt\n|-activate|p2a: Glimmora|ability: Toxic Debris\n|-sidestart|p1: Kresx|move: Toxic Spikes\n|faint|p2a: Glimmora\n|\n|upkeep\n|\n|t:|1700751788\n|switch|p2a: Kingambit|Kingambit, F|100\/100\n|-activate|p2a: Kingambit|ability: Supreme Overlord\n|-start|p2a: Kingambit|fallen1|[silent]\n|turn|3\n|\n|t:|1700751804\n|switch|p1a: Dragonite|Dragonite, F|100\/100\n|move|p2a: Kingambit|Iron Head|p1a: Dragonite\n|-damage|p1a: Dragonite|83\/100\n|\n|upkeep\n|turn|4\n|\n|t:|1700751819\n|-end|p2a: Kingambit|fallen1|[silent]\n|switch|p2a: Ogerpon|Ogerpon-Wellspring, F|100\/100\n|move|p1a: Dragonite|Low Kick|p2a: Ogerpon\n|-damage|p2a: Ogerpon|75\/100\n|\n|upkeep\n|turn|5\n|\n|t:|1700751827\n|switch|p2a: Enamorus|Enamorus, F|100\/100\n|move|p1a: Dragonite|Dragon Tail|p2a: Enamorus\n|-immune|p2a: Enamorus\n|\n|upkeep\n|turn|6\n|\n|t:|1700751838\n|switch|p1a: Clodsire|Clodsire, F|64\/100\n|-sideend|p1: Kresx|move: Toxic Spikes|[of] p1a: Clodsire\n|move|p2a: Enamorus|Moonblast|p1a: Clodsire\n|-resisted|p1a: Clodsire\n|-damage|p1a: Clodsire|52\/100\n|\n|upkeep\n|turn|7\n|\n|t:|1700751844\n|switch|p2a: Kingambit|Kingambit, F|100\/100\n|-activate|p2a: Kingambit|ability: Supreme Overlord\n|-start|p2a: Kingambit|fallen1|[silent]\n|move|p1a: Clodsire|Recover|p1a: Clodsire\n|-heal|p1a: Clodsire|100\/100\n|\n|upkeep\n|turn|8\n|\n|t:|1700751854\n|switch|p1a: Dragonite|Dragonite, F|83\/100\n|move|p2a: Kingambit|Swords Dance|p2a: Kingambit\n|-boost|p2a: Kingambit|atk|2\n|\n|upkeep\n|turn|9\n|\n|t:|1700751863\n|move|p1a: Dragonite|Low Kick|p2a: Kingambit\n|-supereffective|p2a: Kingambit\n|-damage|p2a: Kingambit|4\/100\n|move|p2a: Kingambit|Kowtow Cleave|p1a: Dragonite\n|-damage|p1a: Dragonite|3\/100\n|\n|upkeep\n|turn|10\n|\n|t:|1700751870\n|move|p2a: Kingambit|Sucker Punch||[still]\n|-fail|p2a: Kingambit\n|move|p1a: Dragonite|Roost|p1a: Dragonite\n|-heal|p1a: Dragonite|53\/100\n|-singleturn|p1a: Dragonite|move: Roost\n|\n|upkeep\n|turn|11\n|\n|t:|1700751879\n|move|p2a: Kingambit|Sucker Punch||[still]\n|-fail|p2a: Kingambit\n|move|p1a: Dragonite|Roost|p1a: Dragonite\n|-heal|p1a: Dragonite|100\/100\n|-singleturn|p1a: Dragonite|move: Roost\n|\n|upkeep\n|turn|12\n|\n|t:|1700751889\n|switch|p1a: Iron Valiant|Iron Valiant|100\/100\n|-damage|p1a: Iron Valiant|94\/100|[from] Stealth Rock\n|-enditem|p1a: Iron Valiant|Booster Energy\n|-activate|p1a: Iron Valiant|ability: Quark Drive|[fromitem]\n|-start|p1a: Iron Valiant|quarkdrivespa\n|-end|p2a: Kingambit|fallen1|[silent]\n|switch|p2a: Enamorus|Enamorus, F|100\/100\n|\n|upkeep\n|turn|13\n|\n|t:|1700751897\n|-end|p1a: Iron Valiant|Quark Drive|[silent]\n|switch|p1a: Clodsire|Clodsire, F|100\/100\n|move|p2a: Enamorus|Moonblast|p1a: Clodsire\n|-resisted|p1a: Clodsire\n|-damage|p1a: Clodsire|86\/100\n|\n|upkeep\n|turn|14\n|\n|t:|1700751910\n|switch|p2a: Gholdengo|Gholdengo|100\/100\n|-item|p2a: Gholdengo|Air Balloon\n|move|p1a: Clodsire|Earthquake|p2a: Gholdengo\n|-immune|p2a: Gholdengo\n|\n|upkeep\n|turn|15\n|\n|t:|1700751922\n|switch|p1a: Heatran|Heatran, F|100\/100\n|move|p2a: Gholdengo|Nasty Plot|p2a: Gholdengo\n|-boost|p2a: Gholdengo|spa|2\n|\n|upkeep\n|turn|16\n|\n|t:|1700751938\n|move|p2a: Gholdengo|Shadow Ball|p1a: Heatran\n|-damage|p1a: Heatran|43\/100\n|move|p1a: Heatran|Stealth Rock|p2a: Gholdengo\n|-sidestart|p2: hydrologue|move: Stealth Rock\n|\n|upkeep\n|turn|17\n|\n|t:|1700751947\n|move|p2a: Gholdengo|Shadow Ball|p1a: Heatran\n|-damage|p1a: Heatran|0 fnt\n|faint|p1a: Heatran\n|\n|upkeep\n|\n|t:|1700751955\n|switch|p1a: Weavile|Weavile, F|100\/100\n|-ability|p1a: Weavile|Pressure\n|turn|18\n|\n|t:|1700751962\n|-terastallize|p2a: Gholdengo|Fairy\n|move|p1a: Weavile|Knock Off|p2a: Gholdengo\n|-resisted|p2a: Gholdengo\n|-damage|p2a: Gholdengo|74\/100\n|-enditem|p2a: Gholdengo|Air Balloon\n|move|p2a: Gholdengo|Make It Rain|p1a: Weavile\n|-supereffective|p1a: Weavile\n|-damage|p1a: Weavile|0 fnt\n|-unboost|p2a: Gholdengo|spa|1\n|faint|p1a: Weavile\n|\n|upkeep\n|\n|t:|1700751967\n|switch|p1a: Clodsire|Clodsire, F|86\/100\n|turn|19\n|\n|t:|1700751974\n|move|p2a: Gholdengo|Nasty Plot|p2a: Gholdengo\n|-boost|p2a: Gholdengo|spa|2\n|move|p1a: Clodsire|Gunk Shot|p2a: Gholdengo\n|-supereffective|p2a: Gholdengo\n|-damage|p2a: Gholdengo|0 fnt\n|faint|p2a: Gholdengo\n|\n|upkeep\n|\n|t:|1700751988\n|switch|p2a: Ogerpon|Ogerpon-Wellspring, F|75\/100\n|-damage|p2a: Ogerpon|63\/100|[from] Stealth Rock\n|turn|20\n|\n|t:|1700751991\n|switch|p1a: Dragonite|Dragonite, F|100\/100\n|move|p2a: Ogerpon|Power Whip|p1a: Dragonite\n|-resisted|p1a: Dragonite\n|-damage|p1a: Dragonite|95\/100\n|\n|upkeep\n|turn|21\n|\n|t:|1700752000\n|move|p2a: Ogerpon|Ivy Cudgel|p1a: Dragonite|[anim] Ivy Cudgel Water\n|-resisted|p1a: Dragonite\n|-damage|p1a: Dragonite|74\/100\n|move|p1a: Dragonite|Roost|p1a: Dragonite\n|-heal|p1a: Dragonite|100\/100\n|-singleturn|p1a: Dragonite|move: Roost\n|\n|upkeep\n|turn|22\n|\n|t:|1700752006\n|move|p2a: Ogerpon|Encore|p1a: Dragonite\n|-start|p1a: Dragonite|Encore\n|move|p1a: Dragonite|Roost||[still]\n|-fail|p1a: Dragonite|heal\n|\n|upkeep\n|turn|23\n|\n|t:|1700752009\n|switch|p1a: Zapdos|Zapdos|100\/100\n|move|p2a: Ogerpon|Swords Dance|p2a: Ogerpon\n|-boost|p2a: Ogerpon|atk|2\n|\n|upkeep\n|turn|24\n|\n|t:|1700752013\n|switch|p1a: Dragonite|Dragonite, F|100\/100\n|move|p2a: Ogerpon|Ivy Cudgel|p1a: Dragonite|[anim] Ivy Cudgel Water\n|-resisted|p1a: Dragonite\n|-damage|p1a: Dragonite|82\/100\n|\n|upkeep\n|turn|25\n|\n|t:|1700752022\n|move|p2a: Ogerpon|Ivy Cudgel|p1a: Dragonite|[anim] Ivy Cudgel Water\n|-resisted|p1a: Dragonite\n|-damage|p1a: Dragonite|42\/100\n|move|p1a: Dragonite|Dragon Tail|p2a: Ogerpon\n|-damage|p2a: Ogerpon|30\/100\n|drag|p2a: Iron Moth|Iron Moth|100\/100\n|-damage|p2a: Iron Moth|76\/100|[from] Stealth Rock\n|-enditem|p2a: Iron Moth|Booster Energy\n|-activate|p2a: Iron Moth|ability: Quark Drive|[fromitem]\n|-start|p2a: Iron Moth|quarkdrivespe\n|\n|upkeep\n|turn|26\n|\n|t:|1700752034\n|move|p2a: Iron Moth|Fiery Dance|p1a: Dragonite\n|-resisted|p1a: Dragonite\n|-damage|p1a: Dragonite|25\/100\n|move|p1a: Dragonite|Roost|p1a: Dragonite\n|-heal|p1a: Dragonite|75\/100\n|-singleturn|p1a: Dragonite|move: Roost\n|\n|upkeep\n|turn|27\n|\n|t:|1700752047\n|move|p2a: Iron Moth|Sludge Wave|p1a: Dragonite\n|-damage|p1a: Dragonite|30\/100\n|move|p1a: Dragonite|Earthquake|p2a: Iron Moth\n|-supereffective|p2a: Iron Moth\n|-damage|p2a: Iron Moth|0 fnt\n|faint|p2a: Iron Moth\n|-end|p2a: Iron Moth|Quark Drive|[silent]\n|\n|upkeep\n|\n|t:|1700752055\n|switch|p2a: Enamorus|Enamorus, F|100\/100\n|-damage|p2a: Enamorus|76\/100|[from] Stealth Rock\n|turn|28\n|\n|t:|1700752078\n|move|p2a: Enamorus|Healing Wish|p2a: Enamorus\n|faint|p2a: Enamorus\n|move|p1a: Dragonite|Roost|p1a: Dragonite\n|-heal|p1a: Dragonite|80\/100\n|-singleturn|p1a: Dragonite|move: Roost\n|\n|upkeep\n|\n|t:|1700752083\n|switch|p2a: Ogerpon|Ogerpon-Wellspring, F|30\/100\n|-heal|p2a: Ogerpon|100\/100|[from] move: Healing Wish\n|-damage|p2a: Ogerpon|88\/100|[from] Stealth Rock\n|turn|29\n|\n|t:|1700752087\n|move|p2a: Ogerpon|Swords Dance|p2a: Ogerpon\n|-boost|p2a: Ogerpon|atk|2\n|move|p1a: Dragonite|Dragon Tail|p2a: Ogerpon\n|-damage|p2a: Ogerpon|52\/100\n|drag|p2a: Kingambit|Kingambit, F|4\/100\n|-damage|p2a: Kingambit|0 fnt|[from] Stealth Rock\n|faint|p2a: Kingambit\n|-end|p2a: Kingambit|fallen1|[silent]\n|\n|upkeep\n|\n|t:|1700752104\n|switch|p2a: Ogerpon|Ogerpon-Wellspring, F|52\/100\n|-damage|p2a: Ogerpon|40\/100|[from] Stealth Rock\n|turn|30\n|\n|t:|1700752109\n|move|p2a: Ogerpon|Encore|p1a: Dragonite\n|-start|p1a: Dragonite|Encore\n|move|p1a: Dragonite|Dragon Tail|p2a: Ogerpon\n|-damage|p2a: Ogerpon|7\/100\n|\n|upkeep\n|turn|31\n|\n|t:|1700752113\n|move|p2a: Ogerpon|Ivy Cudgel|p1a: Dragonite|[anim] Ivy Cudgel Water\n|-resisted|p1a: Dragonite\n|-damage|p1a: Dragonite|60\/100\n|move|p1a: Dragonite|Dragon Tail|p2a: Ogerpon\n|-damage|p2a: Ogerpon|0 fnt\n|faint|p2a: Ogerpon\n|\n|win|Kresx\n|raw|Kresx's rating: 1409 &rarr; <strong>1435<\/strong><br \/>(+26 for winning)\n|raw|hydrologue's rating: 1510 &rarr; <strong>1484<\/strong><br \/>(-26 for losing)\n|c|\u2606Kresx|gg\n|l|\u2606hydrologue\n","uploadtime":1700752142,"views":4,"p1id":"kresx","p2id":"hydrologue","formatid":"gen9ou","rating":1435,"private":0,"password":""}