{"id":"gen9ou-1996732301","p1":"Flyingtaco43","p2":"Audio Peel","format":"[Gen 9] OU","log":"|j|\u2606Flyingtaco43\n|j|\u2606Audio Peel\n|t:|1700716033\n|gametype|singles\n|player|p1|Flyingtaco43|elesa|1787\n|player|p2|Audio Peel|1|1673\n|teamsize|p1|6\n|teamsize|p2|6\n|gen|9\n|tier|[Gen 9] OU\n|rated|\n|rule|Sleep Clause Mod: Limit one foe put to sleep\n|rule|Species Clause: Limit one of each Pok\u00e9mon\n|rule|OHKO Clause: OHKO moves are banned\n|rule|Evasion Items Clause: Evasion items are banned\n|rule|Evasion Moves Clause: Evasion moves are banned\n|rule|Endless Battle Clause: Forcing endless battles is banned\n|rule|HP Percentage Mod: HP is shown in percentages\n|clearpoke\n|poke|p1|Kingambit, F|\n|poke|p1|Ceruledge, M|\n|poke|p1|Iron Valiant|\n|poke|p1|Ogerpon-Wellspring, F|\n|poke|p1|Glimmora, F|\n|poke|p1|Haxorus, M|\n|poke|p2|Garganacl, M|\n|poke|p2|Dragonite, F|\n|poke|p2|Slowking-Galar, M|\n|poke|p2|Zamazenta-*|\n|poke|p2|Manaphy|\n|poke|p2|Ogerpon-Wellspring, F|\n|teampreview\n|l|\u2606Flyingtaco43\n|player|p1|\n|j|\u2606Flyingtaco43\n|player|p1|Flyingtaco43|elesa\n|\n|t:|1700716046\n|start\n|switch|p1a: Glimmora|Glimmora, F|100\/100\n|switch|p2a: Manaphy|Manaphy|100\/100\n|turn|1\n|inactive|Battle timer is ON: inactive players will automatically lose when time's up. (requested by Audio Peel)\n|\n|t:|1700716050\n|move|p2a: Manaphy|Scald|p1a: Glimmora\n|-supereffective|p1a: Glimmora\n|-damage|p1a: Glimmora|13\/100\n|move|p1a: Glimmora|Stealth Rock|p2a: Manaphy\n|-sidestart|p2: Audio Peel|move: Stealth Rock\n|\n|upkeep\n|turn|2\n|\n|t:|1700716055\n|switch|p1a: Ogerpon|Ogerpon-Wellspring, F|100\/100\n|move|p2a: Manaphy|Ice Beam|p1a: Ogerpon\n|-damage|p1a: Ogerpon|67\/100\n|\n|upkeep\n|turn|3\n|\n|t:|1700716061\n|switch|p2a: Slowking|Slowking-Galar, M|100\/100\n|-damage|p2a: Slowking|88\/100|[from] Stealth Rock\n|move|p1a: Ogerpon|Horn Leech|p2a: Slowking\n|-resisted|p2a: Slowking\n|-damage|p2a: Slowking|73\/100\n|-heal|p1a: Ogerpon|77\/100|[from] drain|[of] p2a: Slowking\n|\n|upkeep\n|turn|4\n|\n|t:|1700716069\n|switch|p1a: Glimmora|Glimmora, F|13\/100\n|move|p2a: Slowking|Sludge Bomb|p1a: Glimmora\n|-resisted|p1a: Glimmora\n|-damage|p1a: Glimmora|1\/100\n|\n|upkeep\n|turn|5\n|\n|t:|1700716076\n|move|p1a: Glimmora|Power Gem|p2a: Slowking\n|-damage|p2a: Slowking|39\/100\n|move|p2a: Slowking|Sludge Bomb|p1a: Glimmora\n|-resisted|p1a: Glimmora\n|-crit|p1a: Glimmora\n|-damage|p1a: Glimmora|0 fnt\n|faint|p1a: Glimmora\n|\n|upkeep\n|\n|t:|1700716079\n|switch|p1a: Haxorus|Haxorus, M|100\/100\n|-ability|p1a: Haxorus|Mold Breaker\n|turn|6\n|j| kingambit player\n|\n|t:|1700716083\n|switch|p2a: Zamazenta|Zamazenta|100\/100\n|-damage|p2a: Zamazenta|94\/100|[from] Stealth Rock\n|-ability|p2a: Zamazenta|Dauntless Shield|boost\n|-boost|p2a: Zamazenta|def|1\n|move|p1a: Haxorus|Swords Dance|p1a: Haxorus\n|-boost|p1a: Haxorus|atk|2\n|\n|upkeep\n|turn|7\n|\n|t:|1700716094\n|move|p2a: Zamazenta|Close Combat|p1a: Haxorus\n|-damage|p1a: Haxorus|0 fnt\n|-unboost|p2a: Zamazenta|def|1\n|-unboost|p2a: Zamazenta|spd|1\n|faint|p1a: Haxorus\n|\n|upkeep\n|j| me and the rza\n|\n|t:|1700716103\n|switch|p1a: Ceruledge|Ceruledge, M|100\/100\n|-item|p1a: Ceruledge|Air Balloon\n|turn|8\n|\n|t:|1700716107\n|switch|p2a: Ogerpon|Ogerpon-Wellspring, F|100\/100\n|-damage|p2a: Ogerpon|88\/100|[from] Stealth Rock\n|switch|p1a: Ogerpon|Ogerpon-Wellspring, F|77\/100\n|\n|upkeep\n|turn|9\n|\n|t:|1700716112\n|switch|p2a: Slowking|Slowking-Galar, M|72\/100\n|-damage|p2a: Slowking|59\/100|[from] Stealth Rock\n|move|p1a: Ogerpon|Horn Leech|p2a: Slowking\n|-resisted|p2a: Slowking\n|-damage|p2a: Slowking|43\/100\n|-heal|p1a: Ogerpon|88\/100|[from] drain|[of] p2a: Slowking\n|\n|upkeep\n|turn|10\n|\n|t:|1700716120\n|move|p1a: Ogerpon|Ivy Cudgel|p2a: Slowking|[anim] Ivy Cudgel Water\n|-damage|p2a: Slowking|0 fnt\n|faint|p2a: Slowking\n|\n|upkeep\n|l| kingambit player\n|\n|t:|1700716126\n|switch|p2a: Zamazenta|Zamazenta|94\/100\n|-damage|p2a: Zamazenta|88\/100|[from] Stealth Rock\n|turn|11\n|\n|t:|1700716132\n|switch|p1a: Ceruledge|Ceruledge, M|100\/100\n|-item|p1a: Ceruledge|Air Balloon\n|move|p2a: Zamazenta|Crunch|p1a: Ceruledge\n|-supereffective|p1a: Ceruledge\n|-damage|p1a: Ceruledge|0 fnt\n|-enditem|p1a: Ceruledge|Air Balloon\n|faint|p1a: Ceruledge\n|\n|upkeep\n|\n|t:|1700716136\n|switch|p1a: Iron Valiant|Iron Valiant|100\/100\n|-enditem|p1a: Iron Valiant|Booster Energy\n|-activate|p1a: Iron Valiant|ability: Quark Drive|[fromitem]\n|-start|p1a: Iron Valiant|quarkdrivespe\n|turn|12\n|\n|t:|1700716139\n|switch|p2a: Garganacl|Garganacl, M|100\/100\n|-damage|p2a: Garganacl|88\/100|[from] Stealth Rock\n|move|p1a: Iron Valiant|Swords Dance|p1a: Iron Valiant\n|-boost|p1a: Iron Valiant|atk|2\n|\n|-heal|p2a: Garganacl|94\/100|[from] item: Leftovers\n|upkeep\n|turn|13\n|\n|t:|1700716158\n|move|p1a: Iron Valiant|Taunt|p2a: Garganacl\n|-start|p2a: Garganacl|move: Taunt\n|move|p2a: Garganacl|Salt Cure|p1a: Iron Valiant\n|-resisted|p1a: Iron Valiant\n|-damage|p1a: Iron Valiant|92\/100\n|-start|p1a: Iron Valiant|Salt Cure\n|\n|-heal|p2a: Garganacl|100\/100|[from] item: Leftovers\n|-damage|p1a: Iron Valiant|80\/100|[from] Salt Cure\n|upkeep\n|turn|14\n|\n|t:|1700716161\n|move|p1a: Iron Valiant|Close Combat|p2a: Garganacl\n|-supereffective|p2a: Garganacl\n|-damage|p2a: Garganacl|0 fnt\n|-unboost|p1a: Iron Valiant|def|1\n|-unboost|p1a: Iron Valiant|spd|1\n|faint|p2a: Garganacl\n|\n|-damage|p1a: Iron Valiant|67\/100|[from] Salt Cure\n|upkeep\n|j| dfghhhg\n|\n|t:|1700716166\n|switch|p2a: Dragonite|Dragonite, F|100\/100\n|turn|15\n|\n|t:|1700716170\n|move|p1a: Iron Valiant|Knock Off|p2a: Dragonite\n|-damage|p2a: Dragonite|63\/100\n|-enditem|p2a: Dragonite|Heavy-Duty Boots|[from] move: Knock Off|[of] p1a: Iron Valiant\n|move|p2a: Dragonite|Roost|p2a: Dragonite\n|-heal|p2a: Dragonite|100\/100\n|-singleturn|p2a: Dragonite|move: Roost\n|\n|-damage|p1a: Iron Valiant|55\/100|[from] Salt Cure\n|upkeep\n|turn|16\n|\n|t:|1700716176\n|move|p1a: Iron Valiant|Knock Off|p2a: Dragonite\n|-damage|p2a: Dragonite|78\/100\n|move|p2a: Dragonite|Earthquake|p1a: Iron Valiant\n|-damage|p1a: Iron Valiant|0 fnt\n|faint|p1a: Iron Valiant\n|-end|p1a: Iron Valiant|Quark Drive|[silent]\n|\n|upkeep\n|\n|t:|1700716180\n|switch|p1a: Ogerpon|Ogerpon-Wellspring, F|88\/100\n|turn|17\n|\n|t:|1700716184\n|move|p1a: Ogerpon|Encore|p2a: Dragonite\n|-start|p2a: Dragonite|Encore\n|move|p2a: Dragonite|Earthquake|p1a: Ogerpon\n|-resisted|p1a: Ogerpon\n|-damage|p1a: Ogerpon|64\/100\n|\n|upkeep\n|turn|18\n|\n|t:|1700716189\n|switch|p2a: Zamazenta|Zamazenta|88\/100\n|-damage|p2a: Zamazenta|82\/100|[from] Stealth Rock\n|move|p1a: Ogerpon|Ivy Cudgel|p2a: Zamazenta|[anim] Ivy Cudgel Water\n|-damage|p2a: Zamazenta|24\/100\n|\n|upkeep\n|turn|19\n|\n|t:|1700716203\n|move|p2a: Zamazenta|Close Combat|p1a: Ogerpon\n|-damage|p1a: Ogerpon|0 fnt\n|-unboost|p2a: Zamazenta|def|1\n|-unboost|p2a: Zamazenta|spd|1\n|faint|p1a: Ogerpon\n|\n|upkeep\n|\n|t:|1700716205\n|switch|p1a: Kingambit|Kingambit, F|100\/100\n|-activate|p1a: Kingambit|ability: Supreme Overlord\n|-start|p1a: Kingambit|fallen5|[silent]\n|turn|20\n|\n|t:|1700716207\n|-terastallize|p1a: Kingambit|Fairy\n|move|p2a: Zamazenta|Close Combat|p1a: Kingambit\n|-resisted|p1a: Kingambit\n|-crit|p1a: Kingambit\n|-damage|p1a: Kingambit|48\/100\n|-unboost|p2a: Zamazenta|def|1\n|-unboost|p2a: Zamazenta|spd|1\n|move|p1a: Kingambit|Swords Dance|p1a: Kingambit\n|-boost|p1a: Kingambit|atk|2\n|\n|-heal|p1a: Kingambit|54\/100|[from] item: Leftovers\n|upkeep\n|turn|21\n|\n|t:|1700716216\n|move|p1a: Kingambit|Sucker Punch|p2a: Zamazenta\n|-resisted|p2a: Zamazenta\n|-damage|p2a: Zamazenta|0 fnt\n|faint|p2a: Zamazenta\n|\n|-heal|p1a: Kingambit|60\/100|[from] item: Leftovers\n|upkeep\n|\n|t:|1700716226\n|switch|p2a: Ogerpon|Ogerpon-Wellspring, F|88\/100\n|-damage|p2a: Ogerpon|76\/100|[from] Stealth Rock\n|turn|22\n|\n|t:|1700716233\n|move|p1a: Kingambit|Sucker Punch|p2a: Ogerpon\n|-damage|p2a: Ogerpon|0 fnt\n|faint|p2a: Ogerpon\n|\n|-heal|p1a: Kingambit|66\/100|[from] item: Leftovers\n|upkeep\n|\n|t:|1700716241\n|switch|p2a: Manaphy|Manaphy|100\/100\n|-damage|p2a: Manaphy|88\/100|[from] Stealth Rock\n|turn|23\n|\n|t:|1700716248\n|move|p1a: Kingambit|Sucker Punch|p2a: Manaphy\n|-damage|p2a: Manaphy|0 fnt\n|faint|p2a: Manaphy\n|\n|-heal|p1a: Kingambit|72\/100|[from] item: Leftovers\n|upkeep\n|\n|t:|1700716253\n|switch|p2a: Dragonite|Dragonite, F|78\/100\n|-damage|p2a: Dragonite|53\/100|[from] Stealth Rock\n|turn|24\n|c| me and the rza|crazy\n|\n|t:|1700716261\n|-terastallize|p2a: Dragonite|Ice\n|move|p2a: Dragonite|Roost|p2a: Dragonite\n|-heal|p2a: Dragonite|100\/100\n|move|p1a: Kingambit|Tera Blast|p2a: Dragonite|[anim] Tera Blast Fairy\n|-damage|p2a: Dragonite|18\/100\n|\n|-heal|p1a: Kingambit|79\/100|[from] item: Leftovers\n|upkeep\n|turn|25\n|\n|t:|1700716268\n|move|p2a: Dragonite|Earthquake|p1a: Kingambit\n|-damage|p1a: Kingambit|47\/100\n|move|p1a: Kingambit|Tera Blast|p2a: Dragonite|[anim] Tera Blast Fairy\n|-damage|p2a: Dragonite|0 fnt\n|faint|p2a: Dragonite\n|\n|win|Flyingtaco43\n|raw|Flyingtaco43's rating: 1787 &rarr; <strong>1801<\/strong><br \/>(+14 for winning)\n|raw|Audio Peel's rating: 1673 &rarr; <strong>1659<\/strong><br \/>(-14 for losing)\n|c|\u2606Audio Peel|gg\n|c|\u2606Flyingtaco43|Gg\n|l|\u2606Audio Peel\n","uploadtime":1700716279,"views":8,"p1id":"flyingtaco43","p2id":"audiopeel","formatid":"gen9ou","rating":1659,"private":0,"password":""}