{"id":"gen9ou-1999618155","p1":"qpasadiego","p2":"blawgdawg","format":"[Gen 9] OU","log":"|j|\u2606qpasadiego\n|j|\u2606blawgdawg\n|t:|1701101682\n|gametype|singles\n|player|p1|qpasadiego|cynthia|1102\n|player|p2|blawgdawg|n|1082\n|teamsize|p1|6\n|teamsize|p2|6\n|gen|9\n|tier|[Gen 9] OU\n|rated|\n|rule|Sleep Clause Mod: Limit one foe put to sleep\n|rule|Species Clause: Limit one of each Pok\u00e9mon\n|rule|OHKO Clause: OHKO moves are banned\n|rule|Evasion Items Clause: Evasion items are banned\n|rule|Evasion Moves Clause: Evasion moves are banned\n|rule|Endless Battle Clause: Forcing endless battles is banned\n|rule|HP Percentage Mod: HP is shown in percentages\n|clearpoke\n|poke|p1|Dragonite, F|\n|poke|p1|Glimmora, F|\n|poke|p1|Ninetales-Alola, M|\n|poke|p1|Goodra-Hisui, M|\n|poke|p1|Ceruledge, M|\n|poke|p1|Dondozo, F|\n|poke|p2|Great Tusk|\n|poke|p2|Ogerpon-Wellspring, F|\n|poke|p2|Iron Hands|\n|poke|p2|Glimmora, M|\n|poke|p2|Dragapult, M|\n|poke|p2|Slowking-Galar, M|\n|teampreview\n|inactive|Battle timer is ON: inactive players will automatically lose when time's up. (requested by blawgdawg)\n|\n|t:|1701101697\n|start\n|switch|p1a: Dondozo|Dondozo, F|100\/100\n|switch|p2a: Glimmora|Glimmora, M|100\/100\n|turn|1\n|\n|t:|1701101712\n|move|p2a: Glimmora|Spiky Shield|p2a: Glimmora\n|-singleturn|p2a: Glimmora|move: Protect\n|move|p1a: Dondozo|Body Press|p2a: Glimmora\n|-activate|p2a: Glimmora|move: Protect\n|-damage|p1a: Dondozo|88\/100|[from] Spiky Shield|[of] p2a: Glimmora\n|\n|-heal|p1a: Dondozo|94\/100|[from] item: Leftovers\n|upkeep\n|turn|2\n|\n|t:|1701101721\n|switch|p2a: Ogerpon|Ogerpon-Wellspring, F|100\/100\n|move|p1a: Dondozo|Body Press|p2a: Ogerpon\n|-damage|p2a: Ogerpon|67\/100\n|\n|-heal|p1a: Dondozo|99\/100|[from] item: Leftovers\n|upkeep\n|turn|3\n|\n|t:|1701101733\n|switch|p1a: Dragonite|Dragonite, F|100\/100\n|move|p2a: Ogerpon|Horn Leech|p1a: Dragonite\n|-resisted|p1a: Dragonite\n|-damage|p1a: Dragonite|94\/100\n|-heal|p2a: Ogerpon|70\/100|[from] drain|[of] p1a: Dragonite\n|\n|upkeep\n|turn|4\n|inactive|blawgdawg has 120 seconds left.\n|\n|t:|1701101765\n|move|p2a: Ogerpon|U-turn|p1a: Dragonite\n|-resisted|p1a: Dragonite\n|-damage|p1a: Dragonite|76\/100\n|inactive|blawgdawg has 120 seconds left.\n|\n|t:|1701101778\n|switch|p2a: Dragapult|Dragapult, M|100\/100|[from] U-turn\n|move|p1a: Dragonite|Dragon Dance|p1a: Dragonite\n|-boost|p1a: Dragonite|atk|1\n|-boost|p1a: Dragonite|spe|1\n|\n|upkeep\n|turn|5\n|inactive|blawgdawg has 120 seconds left.\n|inactive|qpasadiego has 120 seconds left.\n|inactive|qpasadiego has 90 seconds left.\n|inactive|qpasadiego has 60 seconds left.\n|\n|t:|1701101882\n|move|p2a: Dragapult|Thunderbolt|p1a: Dragonite\n|-damage|p1a: Dragonite|32\/100\n|move|p1a: Dragonite|Earthquake|p2a: Dragapult\n|-crit|p2a: Dragapult\n|-damage|p2a: Dragapult|0 fnt\n|faint|p2a: Dragapult\n|\n|upkeep\n|inactive|blawgdawg has 120 seconds left.\n|inactive|blawgdawg has 90 seconds left.\n|\n|t:|1701101924\n|switch|p2a: dog|Great Tusk|100\/100\n|turn|6\n|inactive|qpasadiego has 60 seconds left.\n|\n|t:|1701101935\n|switch|p1a: Dondozo|Dondozo, F|99\/100\n|move|p2a: dog|Ice Spinner|p1a: Dondozo\n|-resisted|p1a: Dondozo\n|-damage|p1a: Dondozo|94\/100\n|\n|-heal|p1a: Dondozo|100\/100|[from] item: Leftovers\n|upkeep\n|turn|7\n|inactive|qpasadiego has 60 seconds left.\n|\n|t:|1701101946\n|-end|p2a: dog|Protosynthesis|[silent]\n|switch|p2a: Iron Hands|Iron Hands|100\/100\n|move|p1a: Dondozo|Liquidation|p2a: Iron Hands\n|-damage|p2a: Iron Hands|83\/100\n|\n|upkeep\n|turn|8\n|inactive|qpasadiego has 60 seconds left.\n|\n|t:|1701101969\n|switch|p1a: Glimmora|Glimmora, F|100\/100\n|move|p2a: Iron Hands|Thunder Punch|p1a: Glimmora\n|-damage|p1a: Glimmora|24\/100\n|-activate|p1a: Glimmora|ability: Toxic Debris\n|-sidestart|p2: blawgdawg|move: Toxic Spikes\n|\n|upkeep\n|turn|9\n|\n|t:|1701101985\n|-end|p2a: Iron Hands|Quark Drive|[silent]\n|switch|p2a: dog|Great Tusk|100\/100\n|move|p1a: Glimmora|Stealth Rock|p2a: dog\n|-sidestart|p2: blawgdawg|move: Stealth Rock\n|\n|upkeep\n|turn|10\n|\n|t:|1701102005\n|switch|p1a: Dondozo|Dondozo, F|100\/100\n|move|p2a: dog|Rapid Spin|p1a: Dondozo\n|-damage|p1a: Dondozo|93\/100\n|-boost|p2a: dog|spe|1\n|-sideend|p2: blawgdawg|Toxic Spikes|[from] move: Rapid Spin|[of] p2a: dog\n|-sideend|p2: blawgdawg|Stealth Rock|[from] move: Rapid Spin|[of] p2a: dog\n|\n|-heal|p1a: Dondozo|99\/100|[from] item: Leftovers\n|upkeep\n|turn|11\n|\n|t:|1701102015\n|-end|p2a: dog|Protosynthesis|[silent]\n|switch|p2a: Iron Hands|Iron Hands|83\/100\n|move|p1a: Dondozo|Liquidation|p2a: Iron Hands\n|-damage|p2a: Iron Hands|64\/100\n|\n|-heal|p1a: Dondozo|100\/100|[from] item: Leftovers\n|upkeep\n|turn|12\n|\n|t:|1701102028\n|switch|p1a: Dragonite|Dragonite, F|32\/100\n|move|p2a: Iron Hands|Thunder Punch|p1a: Dragonite\n|-damage|p1a: Dragonite|0 fnt\n|faint|p1a: Dragonite\n|\n|upkeep\n|\n|t:|1701102041\n|switch|p1a: Ninetales|Ninetales-Alola, M, shiny|100\/100\n|-weather|Snow|[from] ability: Snow Warning|[of] p1a: Ninetales\n|turn|13\n|\n|t:|1701102048\n|-end|p2a: Iron Hands|Quark Drive|[silent]\n|switch|p2a: Slowking|Slowking-Galar, M|100\/100\n|move|p1a: Ninetales|Aurora Veil|p1a: Ninetales\n|-sidestart|p1: qpasadiego|move: Aurora Veil\n|\n|-weather|Snow|[upkeep]\n|upkeep\n|turn|14\n|\n|t:|1701102060\n|switch|p1a: Goodra|Goodra-Hisui, M|100\/100\n|move|p2a: Slowking|Flamethrower|p1a: Goodra\n|-damage|p1a: Goodra|94\/100\n|-status|p1a: Goodra|brn\n|\n|-weather|Snow|[upkeep]\n|-damage|p1a: Goodra|88\/100 brn|[from] brn\n|upkeep\n|turn|15\n|\n|t:|1701102078\n|switch|p2a: dog|Great Tusk|100\/100\n|move|p1a: Goodra|Earthquake|p2a: dog\n|-damage|p2a: dog|94\/100\n|\n|-weather|Snow|[upkeep]\n|-damage|p1a: Goodra|82\/100 brn|[from] brn\n|upkeep\n|turn|16\n|c|\u2606qpasadiego|pesadaaaa\n|\n|t:|1701102088\n|switch|p1a: Dondozo|Dondozo, F|100\/100\n|move|p2a: dog|Close Combat|p1a: Dondozo\n|-damage|p1a: Dondozo|87\/100\n|-unboost|p2a: dog|def|1\n|-unboost|p2a: dog|spd|1\n|\n|-weather|Snow|[upkeep]\n|-heal|p1a: Dondozo|93\/100|[from] item: Leftovers\n|upkeep\n|turn|17\n|\n|t:|1701102105\n|-end|p2a: dog|Protosynthesis|[silent]\n|switch|p2a: Ogerpon|Ogerpon-Wellspring, F|70\/100\n|move|p1a: Dondozo|Body Press|p2a: Ogerpon\n|-crit|p2a: Ogerpon\n|-damage|p2a: Ogerpon|13\/100\n|\n|-weather|none\n|-heal|p1a: Dondozo|99\/100|[from] item: Leftovers\n|upkeep\n|turn|18\n|\n|t:|1701102117\n|move|p2a: Ogerpon|Horn Leech|p1a: Dondozo\n|-supereffective|p1a: Dondozo\n|-damage|p1a: Dondozo|78\/100\n|-heal|p2a: Ogerpon|31\/100|[from] drain|[of] p1a: Dondozo\n|move|p1a: Dondozo|Body Press|p2a: Ogerpon\n|-damage|p2a: Ogerpon|0 fnt\n|faint|p2a: Ogerpon\n|\n|-heal|p1a: Dondozo|85\/100|[from] item: Leftovers\n|upkeep\n|c|\u2606qpasadiego|:*\n|\n|t:|1701102141\n|switch|p2a: dog|Great Tusk|94\/100\n|turn|19\n|\n|t:|1701102146\n|-terastallize|p2a: dog|Dragon\n|move|p2a: dog|Rapid Spin|p1a: Dondozo\n|-damage|p1a: Dondozo|81\/100\n|-boost|p2a: dog|spe|1\n|move|p1a: Dondozo|Liquidation|p2a: dog\n|-resisted|p2a: dog\n|-damage|p2a: dog|84\/100\n|\n|-heal|p1a: Dondozo|87\/100|[from] item: Leftovers\n|upkeep\n|turn|20\n|inactive|qpasadiego has 60 seconds left.\n|\n|t:|1701102164\n|switch|p1a: Goodra|Goodra-Hisui, M|82\/100 brn\n|move|p2a: dog|Rapid Spin|p1a: Goodra\n|-resisted|p1a: Goodra\n|-damage|p1a: Goodra|78\/100 brn\n|-boost|p2a: dog|spe|1\n|\n|-damage|p1a: Goodra|72\/100 brn|[from] brn\n|-sideend|p1: qpasadiego|move: Aurora Veil\n|upkeep\n|turn|21\n|inactive|qpasadiego has 60 seconds left.\n|\n|t:|1701102174\n|move|p2a: dog|Close Combat|p1a: Goodra\n|-supereffective|p1a: Goodra\n|-crit|p1a: Goodra\n|-damage|p1a: Goodra|0 fnt\n|-unboost|p2a: dog|def|1\n|-unboost|p2a: dog|spd|1\n|faint|p1a: Goodra\n|\n|upkeep\n|inactive|qpasadiego has 60 seconds left.\n|\n|t:|1701102187\n|switch|p1a: Ninetales|Ninetales-Alola, M, shiny|100\/100\n|-weather|Snow|[from] ability: Snow Warning|[of] p1a: Ninetales\n|turn|22\n|inactive|qpasadiego has 60 seconds left.\n|\n|t:|1701102197\n|move|p2a: dog|Headlong Rush|p1a: Ninetales\n|-crit|p1a: Ninetales\n|-damage|p1a: Ninetales|19\/100\n|-unboost|p2a: dog|def|1\n|-unboost|p2a: dog|spd|1\n|move|p1a: Ninetales|Aurora Veil|p1a: Ninetales\n|-sidestart|p1: qpasadiego|move: Aurora Veil\n|\n|-weather|Snow|[upkeep]\n|upkeep\n|turn|23\n|inactive|qpasadiego has 60 seconds left.\n|\n|t:|1701102208\n|move|p2a: dog|Headlong Rush|p1a: Ninetales\n|-damage|p1a: Ninetales|0 fnt\n|-unboost|p2a: dog|def|1\n|-unboost|p2a: dog|spd|1\n|faint|p1a: Ninetales\n|\n|-weather|Snow|[upkeep]\n|upkeep\n|inactive|qpasadiego has 60 seconds left.\n|\n|t:|1701102225\n|switch|p1a: Glimmora|Glimmora, F|24\/100\n|turn|24\n|\n|t:|1701102237\n|move|p2a: dog|Headlong Rush|p1a: Glimmora\n|-supereffective|p1a: Glimmora\n|-damage|p1a: Glimmora|0 fnt\n|-unboost|p2a: dog|def|1\n|-unboost|p2a: dog|spd|1\n|-activate|p1a: Glimmora|ability: Toxic Debris\n|-sidestart|p2: blawgdawg|move: Toxic Spikes\n|faint|p1a: Glimmora\n|\n|-weather|Snow|[upkeep]\n|upkeep\n|\n|t:|1701102251\n|switch|p1a: Ceruledge|Ceruledge, M|100\/100\n|turn|25\n|\n|t:|1701102256\n|move|p1a: Ceruledge|Shadow Sneak|p2a: dog\n|-damage|p2a: dog|43\/100\n|move|p2a: dog|Headlong Rush|p1a: Ceruledge\n|-supereffective|p1a: Ceruledge\n|-damage|p1a: Ceruledge|4\/100\n|-unboost|p2a: dog|def|1\n|-unboost|p2a: dog|spd|1\n|-ability|p1a: Ceruledge|Weak Armor|boost\n|-unboost|p1a: Ceruledge|def|1\n|-boost|p1a: Ceruledge|spe|2\n|\n|-weather|Snow|[upkeep]\n|upkeep\n|turn|26\n|\n|t:|1701102283\n|move|p1a: Ceruledge|Shadow Sneak|p2a: dog\n|-damage|p2a: dog|0 fnt\n|faint|p2a: dog\n|-end|p2a: dog|Protosynthesis|[silent]\n|\n|-weather|none\n|upkeep\n|\n|t:|1701102289\n|switch|p2a: Glimmora|Glimmora, M|100\/100\n|-sideend|p2: blawgdawg|move: Toxic Spikes|[of] p2a: Glimmora\n|turn|27\n|inactive|qpasadiego has 30 seconds left.\n|\n|t:|1701102310\n|move|p2a: Glimmora|Spiky Shield|p2a: Glimmora\n|-singleturn|p2a: Glimmora|move: Protect\n|move|p1a: Ceruledge|Poltergeist|p2a: Glimmora\n|-activate|p2a: Glimmora|move: Protect\n|\n|upkeep\n|turn|28\n|\n|t:|1701102319\n|move|p1a: Ceruledge|Poltergeist|p2a: Glimmora\n|-activate|p2a: Glimmora|move: Poltergeist|Focus Sash\n|-damage|p2a: Glimmora|48\/100\n|-activate|p2a: Glimmora|ability: Toxic Debris\n|-sidestart|p1: qpasadiego|move: Toxic Spikes\n|move|p2a: Glimmora|Mortal Spin|p1a: Ceruledge\n|-resisted|p1a: Ceruledge\n|-damage|p1a: Ceruledge|1\/100\n|-status|p1a: Ceruledge|psn\n|-ability|p1a: Ceruledge|Weak Armor|boost\n|-unboost|p1a: Ceruledge|def|1\n|-boost|p1a: Ceruledge|spe|2\n|\n|-damage|p1a: Ceruledge|0 fnt|[from] psn\n|faint|p1a: Ceruledge\n|upkeep\n|inactive|qpasadiego has 30 seconds left.\n|\n|t:|1701102333\n|switch|p1a: Dondozo|Dondozo, F|87\/100\n|-status|p1a: Dondozo|psn\n|turn|29\n|\n|t:|1701102339\n|move|p2a: Glimmora|Spiky Shield|p2a: Glimmora\n|-singleturn|p2a: Glimmora|move: Protect\n|move|p1a: Dondozo|Liquidation|p2a: Glimmora\n|-activate|p2a: Glimmora|move: Protect\n|-damage|p1a: Dondozo|75\/100 psn|[from] Spiky Shield|[of] p2a: Glimmora\n|\n|-heal|p1a: Dondozo|81\/100 psn|[from] item: Leftovers\n|-damage|p1a: Dondozo|68\/100 psn|[from] psn\n|-sideend|p1: qpasadiego|move: Aurora Veil\n|upkeep\n|turn|30\n|\n|t:|1701102348\n|move|p2a: Glimmora|Sludge Wave|p1a: Dondozo\n|-damage|p1a: Dondozo|27\/100 psn\n|move|p1a: Dondozo|Liquidation|p2a: Glimmora\n|-supereffective|p2a: Glimmora\n|-damage|p2a: Glimmora|0 fnt\n|-activate|p2a: Glimmora|ability: Toxic Debris\n|-sidestart|p1: qpasadiego|move: Toxic Spikes\n|faint|p2a: Glimmora\n|\n|-heal|p1a: Dondozo|33\/100 psn|[from] item: Leftovers\n|-damage|p1a: Dondozo|21\/100 psn|[from] psn\n|upkeep\n|\n|t:|1701102361\n|switch|p2a: Slowking|Slowking-Galar, M|100\/100\n|turn|31\n|\n|t:|1701102368\n|move|p1a: Dondozo|Rest|p1a: Dondozo\n|-status|p1a: Dondozo|slp|[from] move: Rest\n|-heal|p1a: Dondozo|100\/100 slp|[silent]\n|move|p2a: Slowking|Sludge Bomb|p1a: Dondozo\n|-damage|p1a: Dondozo|66\/100 slp\n|\n|-heal|p1a: Dondozo|72\/100 slp|[from] item: Leftovers\n|upkeep\n|turn|32\n|\n|t:|1701102377\n|cant|p1a: Dondozo|slp\n|move|p1a: Dondozo|Sleep Talk|p1a: Dondozo\n|move|p1a: Dondozo|Body Press|p2a: Slowking|[from]move: Sleep Talk\n|-resisted|p2a: Slowking\n|-damage|p2a: Slowking|93\/100\n|move|p2a: Slowking|Sludge Bomb|p1a: Dondozo\n|-damage|p1a: Dondozo|35\/100 slp\n|\n|-heal|p1a: Dondozo|41\/100 slp|[from] item: Leftovers\n|upkeep\n|turn|33\n|inactive|qpasadiego has 60 seconds left.\n|\n|t:|1701102387\n|cant|p1a: Dondozo|slp\n|move|p1a: Dondozo|Sleep Talk|p1a: Dondozo\n|move|p1a: Dondozo|Body Press|p2a: Slowking|[from]move: Sleep Talk\n|-resisted|p2a: Slowking\n|-damage|p2a: Slowking|86\/100\n|move|p2a: Slowking|Sludge Bomb|p1a: Dondozo\n|-damage|p1a: Dondozo|4\/100 slp\n|\n|-heal|p1a: Dondozo|10\/100 slp|[from] item: Leftovers\n|upkeep\n|turn|34\n|\n|t:|1701102396\n|-curestatus|p1a: Dondozo|slp|[msg]\n|move|p1a: Dondozo|Rest|p1a: Dondozo\n|-status|p1a: Dondozo|slp|[from] move: Rest\n|-heal|p1a: Dondozo|100\/100 slp|[silent]\n|move|p2a: Slowking|Psyshock|p1a: Dondozo\n|-damage|p1a: Dondozo|86\/100 slp\n|\n|-heal|p1a: Dondozo|92\/100 slp|[from] item: Leftovers\n|upkeep\n|turn|35\n|\n|t:|1701102411\n|switch|p2a: Iron Hands|Iron Hands|64\/100\n|cant|p1a: Dondozo|slp\n|move|p1a: Dondozo|Sleep Talk|p1a: Dondozo\n|move|p1a: Dondozo|Liquidation|p2a: Iron Hands|[from]move: Sleep Talk\n|-crit|p2a: Iron Hands\n|-damage|p2a: Iron Hands|35\/100\n|\n|-heal|p1a: Dondozo|98\/100 slp|[from] item: Leftovers\n|upkeep\n|turn|36\n|\n|t:|1701102421\n|move|p2a: Iron Hands|Thunder Punch|p1a: Dondozo\n|-supereffective|p1a: Dondozo\n|-damage|p1a: Dondozo|32\/100 slp\n|cant|p1a: Dondozo|slp\n|move|p1a: Dondozo|Sleep Talk|p1a: Dondozo\n|move|p1a: Dondozo|Liquidation|p2a: Iron Hands|[from]move: Sleep Talk\n|-damage|p2a: Iron Hands|16\/100\n|\n|-heal|p1a: Dondozo|39\/100 slp|[from] item: Leftovers\n|upkeep\n|turn|37\n|\n|t:|1701102434\n|move|p2a: Iron Hands|Thunder Punch|p1a: Dondozo\n|-supereffective|p1a: Dondozo\n|-damage|p1a: Dondozo|0 fnt\n|faint|p1a: Dondozo\n|\n|win|blawgdawg\n|raw|qpasadiego's rating: 1102 &rarr; <strong>1076<\/strong><br \/>(-26 for losing)\n|raw|blawgdawg's rating: 1082 &rarr; <strong>1111<\/strong><br \/>(+29 for winning)\n|c|\u2606qpasadiego|gg\n|l|\u2606qpasadiego\n|c|\u2606blawgdawg|closee\n","uploadtime":1701102454,"views":2,"p1id":"qpasadiego","p2id":"blawgdawg","formatid":"gen9ou","rating":1076,"private":0,"password":""}