{"id":"gen9ou-1995471991","p1":"Viney13","p2":"ach27","format":"[Gen 9] OU","log":"|j|\u2606Viney13\n|j|\u2606ach27\n|t:|1700574591\n|gametype|singles\n|player|p1|Viney13|170|1178\n|player|p2|ach27|2|1273\n|teamsize|p1|6\n|teamsize|p2|6\n|gen|9\n|tier|[Gen 9] OU\n|rated|\n|rule|Sleep Clause Mod: Limit one foe put to sleep\n|rule|Species Clause: Limit one of each Pok\u00e9mon\n|rule|OHKO Clause: OHKO moves are banned\n|rule|Evasion Items Clause: Evasion items are banned\n|rule|Evasion Moves Clause: Evasion moves are banned\n|rule|Endless Battle Clause: Forcing endless battles is banned\n|rule|HP Percentage Mod: HP is shown in percentages\n|clearpoke\n|poke|p1|Ribombee, M|\n|poke|p1|Empoleon, F|\n|poke|p1|Gengar, M|\n|poke|p1|Ting-Lu|\n|poke|p1|Blissey, F|\n|poke|p1|Zapdos|\n|poke|p2|Corviknight, M|\n|poke|p2|Zapdos|\n|poke|p2|Dragonite, M|\n|poke|p2|Enamorus-Therian, F|\n|poke|p2|Landorus-Therian, M|\n|poke|p2|Thundurus-Therian, M|\n|teampreview\n|\n|t:|1700574610\n|start\n|switch|p1a: Blissey|Blissey, F, shiny|100\/100\n|switch|p2a: Zapdos|Zapdos|100\/100\n|turn|1\n|\n|t:|1700574619\n|switch|p2a: Corviknight|Corviknight, M|100\/100\n|move|p1a: Blissey|Stealth Rock|p2a: Corviknight\n|-sidestart|p2: ach27|move: Stealth Rock\n|\n|upkeep\n|turn|2\n|inactive|Battle timer is ON: inactive players will automatically lose when time's up. (requested by ach27)\n|\n|t:|1700574652\n|switch|p1a: Zapdos|Zapdos, shiny|100\/100\n|move|p2a: Corviknight|Defog|p1a: Zapdos\n|-unboost|p1a: Zapdos|evasion|1\n|-sideend|p2: ach27|Stealth Rock|[from] move: Defog|[of] p2a: Corviknight\n|\n|upkeep\n|turn|3\n|\n|t:|1700574660\n|switch|p2a: Zapdos|Zapdos|100\/100\n|move|p1a: Zapdos|Thunderbolt|p2a: Zapdos\n|-damage|p2a: Zapdos|68\/100\n|\n|-heal|p2a: Zapdos|74\/100|[from] item: Leftovers\n|upkeep\n|turn|4\n|\n|t:|1700574674\n|move|p1a: Zapdos|Volt Switch|p2a: Zapdos\n|-damage|p2a: Zapdos|51\/100\n|\n|t:|1700574678\n|switch|p1a: Ting-Lu|Ting-Lu|100\/100|[from] Volt Switch\n|-ability|p1a: Ting-Lu|Vessel of Ruin\n|move|p2a: Zapdos|Thunder Wave|p1a: Ting-Lu\n|-immune|p1a: Ting-Lu\n|\n|-heal|p2a: Zapdos|57\/100|[from] item: Leftovers\n|upkeep\n|turn|5\n|inactive|Viney13 has 120 seconds left.\n|\n|t:|1700574718\n|move|p2a: Zapdos|Roost|p2a: Zapdos\n|-heal|p2a: Zapdos|100\/100\n|-singleturn|p2a: Zapdos|move: Roost\n|move|p1a: Ting-Lu|Throat Chop|p2a: Zapdos\n|-damage|p2a: Zapdos|56\/100\n|-start|p2a: Zapdos|Throat Chop|[silent]\n|\n|-heal|p2a: Zapdos|62\/100|[from] item: Leftovers\n|upkeep\n|turn|6\n|\n|t:|1700574728\n|switch|p2a: Landorus|Landorus-Therian, M|100\/100\n|-ability|p2a: Landorus|Intimidate|boost\n|-unboost|p1a: Ting-Lu|atk|1\n|move|p1a: Ting-Lu|Earthquake|p2a: Landorus\n|-immune|p2a: Landorus\n|\n|upkeep\n|turn|7\n|inactive|Viney13 has 120 seconds left.\n|\n|t:|1700574741\n|move|p2a: Landorus|Stealth Rock|p1a: Ting-Lu\n|-sidestart|p1: Viney13|move: Stealth Rock\n|move|p1a: Ting-Lu|Throat Chop|p2a: Landorus\n|-damage|p2a: Landorus|81\/100\n|-start|p2a: Landorus|Throat Chop|[silent]\n|-damage|p1a: Ting-Lu|84\/100|[from] item: Rocky Helmet|[of] p2a: Landorus\n|\n|upkeep\n|turn|8\n|inactive|Viney13 has 120 seconds left.\n|\n|t:|1700574767\n|switch|p1a: Zapdos|Zapdos, shiny|100\/100\n|-damage|p1a: Zapdos|76\/100|[from] Stealth Rock\n|move|p2a: Landorus|U-turn|p1a: Zapdos\n|-resisted|p1a: Zapdos\n|-damage|p1a: Zapdos|62\/100\n|\n|t:|1700574774\n|switch|p2a: Thundurus|Thundurus-Therian, M|100\/100|[from] U-turn\n|\n|upkeep\n|turn|9\n|\n|t:|1700574786\n|move|p2a: Thundurus|Nasty Plot|p2a: Thundurus\n|-boost|p2a: Thundurus|spa|2\n|move|p1a: Zapdos|Heat Wave|p2a: Thundurus\n|-damage|p2a: Thundurus|59\/100\n|\n|upkeep\n|turn|10\n|inactive|Viney13 has 90 seconds left.\n|\n|t:|1700574819\n|switch|p1a: Blissey|Blissey, F, shiny|100\/100\n|-damage|p1a: Blissey|88\/100|[from] Stealth Rock\n|move|p2a: Thundurus|Thunderbolt|p1a: Blissey\n|-damage|p1a: Blissey|40\/100\n|-damage|p2a: Thundurus|49\/100|[from] item: Life Orb\n|\n|-heal|p1a: Blissey|46\/100|[from] item: Leftovers\n|upkeep\n|turn|11\n|inactive|Viney13 has 90 seconds left.\n|\n|t:|1700574829\n|move|p1a: Blissey|Protect|p1a: Blissey\n|-singleturn|p1a: Blissey|Protect\n|move|p2a: Thundurus|Nasty Plot|p2a: Thundurus\n|-boost|p2a: Thundurus|spa|2\n|\n|-heal|p1a: Blissey|53\/100|[from] item: Leftovers\n|upkeep\n|turn|12\n|\n|t:|1700574837\n|move|p2a: Thundurus|Thunderbolt|p1a: Blissey\n|-damage|p1a: Blissey|0 fnt\n|faint|p1a: Blissey\n|-damage|p2a: Thundurus|39\/100|[from] item: Life Orb\n|\n|upkeep\n|inactive|Viney13 has 90 seconds left.\n|\n|t:|1700574849\n|switch|p1a: Ribombee|Ribombee, M, shiny|100\/100\n|-damage|p1a: Ribombee|76\/100|[from] Stealth Rock\n|turn|13\n|\n|t:|1700574854\n|switch|p2a: Corviknight|Corviknight, M|100\/100\n|move|p1a: Ribombee|Moonblast|p2a: Corviknight\n|-resisted|p2a: Corviknight\n|-damage|p2a: Corviknight|78\/100\n|\n|upkeep\n|turn|14\n|\n|t:|1700574872\n|switch|p2a: Dragonite|Dragonite, M|100\/100\n|move|p1a: Ribombee|Stun Spore|p2a: Dragonite\n|-status|p2a: Dragonite|par\n|\n|upkeep\n|turn|15\n|\n|t:|1700574880\n|move|p1a: Ribombee|Moonblast|p2a: Dragonite\n|-supereffective|p2a: Dragonite\n|-damage|p2a: Dragonite|63\/100 par\n|move|p2a: Dragonite|Thunder Wave|p1a: Ribombee\n|-status|p1a: Ribombee|par\n|\n|upkeep\n|turn|16\n|\n|t:|1700574888\n|switch|p2a: Zapdos|Zapdos|62\/100\n|move|p1a: Ribombee|Moonblast|p2a: Zapdos\n|-damage|p2a: Zapdos|31\/100\n|\n|-heal|p2a: Zapdos|38\/100|[from] item: Leftovers\n|upkeep\n|turn|17\n|\n|t:|1700574898\n|move|p2a: Zapdos|Roost|p2a: Zapdos\n|-heal|p2a: Zapdos|88\/100\n|-singleturn|p2a: Zapdos|move: Roost\n|move|p1a: Ribombee|Moonblast|p2a: Zapdos\n|-damage|p2a: Zapdos|59\/100\n|-unboost|p2a: Zapdos|spa|1\n|\n|-heal|p2a: Zapdos|65\/100|[from] item: Leftovers\n|upkeep\n|turn|18\n|inactive|Viney13 has 120 seconds left.\n|\n|t:|1700574908\n|move|p2a: Zapdos|Heat Wave|p1a: Ribombee\n|-supereffective|p1a: Ribombee\n|-damage|p1a: Ribombee|15\/100 par\n|move|p1a: Ribombee|Moonblast|p2a: Zapdos\n|-damage|p2a: Zapdos|35\/100\n|\n|-heal|p2a: Zapdos|42\/100|[from] item: Leftovers\n|upkeep\n|turn|19\n|\n|t:|1700574916\n|move|p2a: Zapdos|Roost|p2a: Zapdos\n|-heal|p2a: Zapdos|92\/100\n|-singleturn|p2a: Zapdos|move: Roost\n|move|p1a: Ribombee|Moonblast|p2a: Zapdos\n|-damage|p2a: Zapdos|59\/100\n|\n|-heal|p2a: Zapdos|65\/100|[from] item: Leftovers\n|upkeep\n|turn|20\n|\n|t:|1700574926\n|move|p2a: Zapdos|Discharge|p1a: Ribombee\n|-damage|p1a: Ribombee|0 fnt\n|faint|p1a: Ribombee\n|\n|-heal|p2a: Zapdos|71\/100|[from] item: Leftovers\n|upkeep\n|inactive|Viney13 has 120 seconds left.\n|\n|t:|1700574941\n|switch|p1a: Zapdos|Zapdos, shiny|62\/100\n|-damage|p1a: Zapdos|38\/100|[from] Stealth Rock\n|turn|21\n|inactive|Viney13 has 120 seconds left.\n|\n|t:|1700574951\n|switch|p2a: Dragonite|Dragonite, M|63\/100 par\n|move|p1a: Zapdos|Thunderbolt|p2a: Dragonite\n|-damage|p2a: Dragonite|25\/100 par\n|\n|upkeep\n|turn|22\n|\n|t:|1700574959\n|switch|p2a: Thundurus|Thundurus-Therian, M|39\/100\n|move|p1a: Zapdos|Thunderbolt|p2a: Thundurus\n|-heal|p2a: Thundurus|64\/100|[from] ability: Volt Absorb|[of] p1a: Zapdos\n|\n|upkeep\n|turn|23\n|\n|t:|1700574971\n|move|p2a: Thundurus|Thunderbolt|p1a: Zapdos\n|-damage|p1a: Zapdos|0 fnt\n|faint|p1a: Zapdos\n|-damage|p2a: Thundurus|54\/100|[from] item: Life Orb\n|\n|upkeep\n|\n|t:|1700574980\n|switch|p1a: Ting-Lu|Ting-Lu|84\/100\n|-damage|p1a: Ting-Lu|78\/100|[from] Stealth Rock\n|-ability|p1a: Ting-Lu|Vessel of Ruin\n|turn|24\n|\n|t:|1700574990\n|switch|p2a: Landorus|Landorus-Therian, M|81\/100\n|-ability|p2a: Landorus|Intimidate|boost\n|-unboost|p1a: Ting-Lu|atk|1\n|move|p1a: Ting-Lu|Throat Chop|p2a: Landorus\n|-damage|p2a: Landorus|63\/100\n|-start|p2a: Landorus|Throat Chop|[silent]\n|-damage|p1a: Ting-Lu|61\/100|[from] item: Rocky Helmet|[of] p2a: Landorus\n|\n|upkeep\n|turn|25\n|\n|t:|1700575002\n|move|p2a: Landorus|U-turn|p1a: Ting-Lu\n|-supereffective|p1a: Ting-Lu\n|-damage|p1a: Ting-Lu|34\/100\n|\n|t:|1700575005\n|switch|p2a: Enamorus|Enamorus-Therian, F|100\/100|[from] U-turn\n|move|p1a: Ting-Lu|Throat Chop|p2a: Enamorus\n|-resisted|p2a: Enamorus\n|-damage|p2a: Enamorus|89\/100\n|-start|p2a: Enamorus|Throat Chop|[silent]\n|\n|-heal|p2a: Enamorus|96\/100|[from] item: Leftovers\n|upkeep\n|turn|26\n|\n|t:|1700575015\n|move|p2a: Enamorus|Calm Mind|p2a: Enamorus\n|-boost|p2a: Enamorus|spa|1\n|-boost|p2a: Enamorus|spd|1\n|move|p1a: Ting-Lu|Heavy Slam|p2a: Enamorus\n|-supereffective|p2a: Enamorus\n|-damage|p2a: Enamorus|49\/100\n|\n|-heal|p2a: Enamorus|55\/100|[from] item: Leftovers\n|-end|p2a: Enamorus|Throat Chop|[silent]\n|upkeep\n|turn|27\n|\n|t:|1700575026\n|move|p2a: Enamorus|Draining Kiss|p1a: Ting-Lu\n|-supereffective|p1a: Ting-Lu\n|-damage|p1a: Ting-Lu|5\/100\n|-heal|p2a: Enamorus|87\/100|[from] drain|[of] p1a: Ting-Lu\n|move|p1a: Ting-Lu|Heavy Slam|p2a: Enamorus\n|-supereffective|p2a: Enamorus\n|-damage|p2a: Enamorus|42\/100\n|\n|-heal|p2a: Enamorus|48\/100|[from] item: Leftovers\n|upkeep\n|turn|28\n|\n|t:|1700575035\n|move|p2a: Enamorus|Draining Kiss|p1a: Ting-Lu\n|-supereffective|p1a: Ting-Lu\n|-damage|p1a: Ting-Lu|0 fnt\n|-heal|p2a: Enamorus|53\/100|[from] drain|[of] p1a: Ting-Lu\n|faint|p1a: Ting-Lu\n|\n|-heal|p2a: Enamorus|60\/100|[from] item: Leftovers\n|upkeep\n|\n|t:|1700575044\n|switch|p1a: Gengar|Gengar, M, shiny|100\/100\n|turn|29\n|\n|t:|1700575048\n|move|p1a: Gengar|Sludge Bomb|p2a: Enamorus\n|-supereffective|p2a: Enamorus\n|-damage|p2a: Enamorus|13\/100\n|-status|p2a: Enamorus|psn\n|move|p2a: Enamorus|Earth Power|p1a: Gengar\n|-supereffective|p1a: Gengar\n|-damage|p1a: Gengar|0 fnt\n|-start|p2a: Enamorus|Disable|Earth Power|[from] ability: Cursed Body|[of] p1a: Gengar\n|faint|p1a: Gengar\n|\n|-heal|p2a: Enamorus|19\/100 psn|[from] item: Leftovers\n|-damage|p2a: Enamorus|7\/100 psn|[from] psn\n|upkeep\n|\n|t:|1700575061\n|switch|p1a: Empoleon|Empoleon, F, shiny|100\/100\n|-damage|p1a: Empoleon|94\/100|[from] Stealth Rock\n|turn|30\n|\n|t:|1700575073\n|-terastallize|p1a: Empoleon|Flying\n|move|p1a: Empoleon|Ice Beam|p2a: Enamorus\n|-supereffective|p2a: Enamorus\n|-damage|p2a: Enamorus|0 fnt\n|faint|p2a: Enamorus\n|\n|-heal|p1a: Empoleon|100\/100|[from] item: Leftovers\n|upkeep\n|\n|t:|1700575083\n|switch|p2a: Zapdos|Zapdos|71\/100\n|turn|31\n|\n|t:|1700575090\n|move|p2a: Zapdos|Thunder Wave|p1a: Empoleon\n|-status|p1a: Empoleon|par\n|move|p1a: Empoleon|Ice Beam|p2a: Zapdos\n|-supereffective|p2a: Zapdos\n|-damage|p2a: Zapdos|32\/100\n|\n|-heal|p2a: Zapdos|38\/100|[from] item: Leftovers\n|upkeep\n|turn|32\n|\n|t:|1700575098\n|move|p2a: Zapdos|Roost|p2a: Zapdos\n|-heal|p2a: Zapdos|88\/100\n|-singleturn|p2a: Zapdos|move: Roost\n|move|p1a: Empoleon|Ice Beam|p2a: Zapdos\n|-damage|p2a: Zapdos|65\/100\n|-status|p2a: Zapdos|frz\n|\n|-heal|p2a: Zapdos|71\/100 frz|[from] item: Leftovers\n|upkeep\n|turn|33\n|\n|t:|1700575110\n|cant|p2a: Zapdos|frz\n|cant|p1a: Empoleon|par\n|\n|-heal|p2a: Zapdos|77\/100 frz|[from] item: Leftovers\n|upkeep\n|turn|34\n|\n|t:|1700575116\n|cant|p2a: Zapdos|frz\n|cant|p1a: Empoleon|par\n|\n|-heal|p2a: Zapdos|84\/100 frz|[from] item: Leftovers\n|upkeep\n|turn|35\n|\n|t:|1700575121\n|cant|p2a: Zapdos|frz\n|move|p1a: Empoleon|Ice Beam|p2a: Zapdos\n|-supereffective|p2a: Zapdos\n|-damage|p2a: Zapdos|42\/100 frz\n|\n|-heal|p2a: Zapdos|48\/100 frz|[from] item: Leftovers\n|upkeep\n|turn|36\n|\n|t:|1700575129\n|cant|p2a: Zapdos|frz\n|move|p1a: Empoleon|Ice Beam|p2a: Zapdos\n|-supereffective|p2a: Zapdos\n|-damage|p2a: Zapdos|4\/100 frz\n|\n|-heal|p2a: Zapdos|11\/100 frz|[from] item: Leftovers\n|upkeep\n|turn|37\n|\n|t:|1700575142\n|cant|p2a: Zapdos|frz\n|move|p1a: Empoleon|Ice Beam|p2a: Zapdos\n|-supereffective|p2a: Zapdos\n|-damage|p2a: Zapdos|0 fnt\n|faint|p2a: Zapdos\n|\n|upkeep\n|\n|t:|1700575150\n|switch|p2a: Dragonite|Dragonite, M|25\/100 par\n|turn|38\n|\n|t:|1700575155\n|move|p2a: Dragonite|Roost|p2a: Dragonite\n|-heal|p2a: Dragonite|75\/100 par\n|-singleturn|p2a: Dragonite|move: Roost\n|cant|p1a: Empoleon|par\n|\n|upkeep\n|turn|39\n|\n|t:|1700575162\n|move|p2a: Dragonite|Roost|p2a: Dragonite\n|-heal|p2a: Dragonite|100\/100 par\n|-singleturn|p2a: Dragonite|move: Roost\n|cant|p1a: Empoleon|par\n|\n|upkeep\n|turn|40\n|\n|t:|1700575168\n|move|p2a: Dragonite|Fire Punch|p1a: Empoleon\n|-damage|p1a: Empoleon|79\/100 par\n|move|p1a: Empoleon|Ice Beam|p2a: Dragonite\n|-supereffective|p2a: Dragonite\n|-damage|p2a: Dragonite|49\/100 par\n|\n|-heal|p1a: Empoleon|85\/100 par|[from] item: Leftovers\n|upkeep\n|turn|41\n|\n|t:|1700575176\n|move|p2a: Dragonite|Roost|p2a: Dragonite\n|-heal|p2a: Dragonite|99\/100 par\n|-singleturn|p2a: Dragonite|move: Roost\n|cant|p1a: Empoleon|par\n|\n|-heal|p1a: Empoleon|92\/100 par|[from] item: Leftovers\n|upkeep\n|turn|42\n|\n|t:|1700575185\n|move|p2a: Dragonite|Roost|p2a: Dragonite\n|-heal|p2a: Dragonite|100\/100 par\n|-singleturn|p2a: Dragonite|move: Roost\n|move|p1a: Empoleon|Ice Beam|p2a: Dragonite\n|-supereffective|p2a: Dragonite\n|-damage|p2a: Dragonite|71\/100 par\n|\n|-heal|p1a: Empoleon|98\/100 par|[from] item: Leftovers\n|upkeep\n|turn|43\n|\n|t:|1700575194\n|move|p2a: Dragonite|Roost|p2a: Dragonite\n|-heal|p2a: Dragonite|100\/100 par\n|-singleturn|p2a: Dragonite|move: Roost\n|move|p1a: Empoleon|Ice Beam|p2a: Dragonite\n|-supereffective|p2a: Dragonite\n|-damage|p2a: Dragonite|75\/100 par\n|\n|-heal|p1a: Empoleon|100\/100 par|[from] item: Leftovers\n|upkeep\n|turn|44\n|\n|t:|1700575205\n|cant|p2a: Dragonite|par\n|move|p1a: Empoleon|Flash Cannon|p2a: Dragonite\n|-damage|p2a: Dragonite|35\/100 par\n|\n|upkeep\n|turn|45\n|\n|t:|1700575210\n|move|p2a: Dragonite|Roost|p2a: Dragonite\n|-heal|p2a: Dragonite|85\/100 par\n|-singleturn|p2a: Dragonite|move: Roost\n|move|p1a: Empoleon|Flash Cannon|p2a: Dragonite\n|-damage|p2a: Dragonite|51\/100 par\n|\n|upkeep\n|turn|46\n|\n|t:|1700575219\n|move|p2a: Dragonite|Roost|p2a: Dragonite\n|-heal|p2a: Dragonite|100\/100 par\n|-singleturn|p2a: Dragonite|move: Roost\n|move|p1a: Empoleon|Flash Cannon|p2a: Dragonite\n|-damage|p2a: Dragonite|82\/100 par\n|\n|upkeep\n|turn|47\n|\n|t:|1700575227\n|cant|p2a: Dragonite|par\n|move|p1a: Empoleon|Flash Cannon|p2a: Dragonite\n|-damage|p2a: Dragonite|45\/100 par\n|\n|upkeep\n|turn|48\n|\n|t:|1700575234\n|move|p2a: Dragonite|Roost|p2a: Dragonite\n|-heal|p2a: Dragonite|95\/100 par\n|-singleturn|p2a: Dragonite|move: Roost\n|move|p1a: Empoleon|Ice Beam|p2a: Dragonite\n|-supereffective|p2a: Dragonite\n|-damage|p2a: Dragonite|39\/100 par\n|\n|upkeep\n|turn|49\n|\n|t:|1700575242\n|move|p2a: Dragonite|Fire Punch|p1a: Empoleon\n|-damage|p1a: Empoleon|77\/100 par\n|move|p1a: Empoleon|Ice Beam|p2a: Dragonite\n|-supereffective|p2a: Dragonite\n|-damage|p2a: Dragonite|0 fnt\n|faint|p2a: Dragonite\n|\n|-heal|p1a: Empoleon|83\/100 par|[from] item: Leftovers\n|upkeep\n|\n|t:|1700575251\n|switch|p2a: Corviknight|Corviknight, M|78\/100\n|turn|50\n|\n|t:|1700575257\n|move|p2a: Corviknight|Bulk Up|p2a: Corviknight\n|-boost|p2a: Corviknight|atk|1\n|-boost|p2a: Corviknight|def|1\n|move|p1a: Empoleon|Hydro Pump|p2a: Corviknight\n|-damage|p2a: Corviknight|24\/100\n|-enditem|p2a: Corviknight|Sitrus Berry|[eat]\n|-heal|p2a: Corviknight|49\/100|[from] item: Sitrus Berry\n|\n|-heal|p1a: Empoleon|89\/100 par|[from] item: Leftovers\n|upkeep\n|turn|51\n|\n|t:|1700575267\n|move|p2a: Corviknight|Roost|p2a: Corviknight\n|-heal|p2a: Corviknight|99\/100\n|-singleturn|p2a: Corviknight|move: Roost\n|cant|p1a: Empoleon|par\n|\n|-heal|p1a: Empoleon|96\/100 par|[from] item: Leftovers\n|upkeep\n|turn|52\n|\n|t:|1700575275\n|move|p2a: Corviknight|Bulk Up|p2a: Corviknight\n|-boost|p2a: Corviknight|atk|1\n|-boost|p2a: Corviknight|def|1\n|move|p1a: Empoleon|Hydro Pump|p2a: Corviknight\n|-damage|p2a: Corviknight|41\/100\n|\n|-heal|p1a: Empoleon|100\/100 par|[from] item: Leftovers\n|upkeep\n|turn|53\n|\n|t:|1700575283\n|move|p2a: Corviknight|Roost|p2a: Corviknight\n|-heal|p2a: Corviknight|91\/100\n|-singleturn|p2a: Corviknight|move: Roost\n|move|p1a: Empoleon|Hydro Pump|p2a: Corviknight\n|-damage|p2a: Corviknight|32\/100\n|\n|upkeep\n|turn|54\n|\n|t:|1700575292\n|move|p2a: Corviknight|Roost|p2a: Corviknight\n|-heal|p2a: Corviknight|82\/100\n|-singleturn|p2a: Corviknight|move: Roost\n|move|p1a: Empoleon|Hydro Pump|p2a: Corviknight\n|-damage|p2a: Corviknight|27\/100\n|\n|upkeep\n|turn|55\n|\n|t:|1700575299\n|move|p2a: Corviknight|Roost|p2a: Corviknight\n|-heal|p2a: Corviknight|77\/100\n|-singleturn|p2a: Corviknight|move: Roost\n|move|p1a: Empoleon|Hydro Pump|p2a: Corviknight\n|-damage|p2a: Corviknight|21\/100\n|\n|upkeep\n|turn|56\n|\n|t:|1700575309\n|move|p2a: Corviknight|Roost|p2a: Corviknight\n|-heal|p2a: Corviknight|71\/100\n|-singleturn|p2a: Corviknight|move: Roost\n|move|p1a: Empoleon|Flash Cannon|p2a: Corviknight\n|-resisted|p2a: Corviknight\n|-damage|p2a: Corviknight|53\/100\n|\n|upkeep\n|turn|57\n|\n|t:|1700575331\n|move|p2a: Corviknight|Roost|p2a: Corviknight\n|-heal|p2a: Corviknight|100\/100\n|-singleturn|p2a: Corviknight|move: Roost\n|cant|p1a: Empoleon|par\n|\n|upkeep\n|turn|58\n|\n|t:|1700575338\n|move|p2a: Corviknight|Bulk Up|p2a: Corviknight\n|-boost|p2a: Corviknight|atk|1\n|-boost|p2a: Corviknight|def|1\n|move|p1a: Empoleon|Flash Cannon|p2a: Corviknight\n|-resisted|p2a: Corviknight\n|-damage|p2a: Corviknight|81\/100\n|\n|upkeep\n|turn|59\n|\n|t:|1700575350\n|move|p2a: Corviknight|Bulk Up|p2a: Corviknight\n|-boost|p2a: Corviknight|atk|1\n|-boost|p2a: Corviknight|def|1\n|cant|p1a: Empoleon|par\n|\n|upkeep\n|turn|60\n|\n|t:|1700575356\n|move|p2a: Corviknight|Bulk Up|p2a: Corviknight\n|-boost|p2a: Corviknight|atk|1\n|-boost|p2a: Corviknight|def|1\n|move|p1a: Empoleon|Hydro Pump|p2a: Corviknight\n|-damage|p2a: Corviknight|26\/100\n|\n|upkeep\n|turn|61\n|\n|t:|1700575365\n|move|p2a: Corviknight|Roost|p2a: Corviknight\n|-heal|p2a: Corviknight|76\/100\n|-singleturn|p2a: Corviknight|move: Roost\n|move|p1a: Empoleon|Flash Cannon|p2a: Corviknight\n|-resisted|p2a: Corviknight\n|-damage|p2a: Corviknight|58\/100\n|\n|upkeep\n|turn|62\n|\n|t:|1700575373\n|move|p2a: Corviknight|Bulk Up|p2a: Corviknight\n|-boost|p2a: Corviknight|atk|1\n|-boost|p2a: Corviknight|def|1\n|cant|p1a: Empoleon|par\n|\n|upkeep\n|turn|63\n|\n|t:|1700575380\n|move|p2a: Corviknight|Body Press|p1a: Empoleon\n|-resisted|p1a: Empoleon\n|-damage|p1a: Empoleon|50\/100 par\n|move|p1a: Empoleon|Flash Cannon|p2a: Corviknight\n|-resisted|p2a: Corviknight\n|-damage|p2a: Corviknight|39\/100\n|\n|-heal|p1a: Empoleon|56\/100 par|[from] item: Leftovers\n|upkeep\n|turn|64\n|\n|t:|1700575391\n|move|p2a: Corviknight|Roost|p2a: Corviknight\n|-heal|p2a: Corviknight|89\/100\n|-singleturn|p2a: Corviknight|move: Roost\n|move|p1a: Empoleon|Flash Cannon|p2a: Corviknight\n|-resisted|p2a: Corviknight\n|-damage|p2a: Corviknight|67\/100\n|\n|-heal|p1a: Empoleon|62\/100 par|[from] item: Leftovers\n|upkeep\n|turn|65\n|\n|t:|1700575401\n|move|p2a: Corviknight|Body Press|p1a: Empoleon\n|-resisted|p1a: Empoleon\n|-damage|p1a: Empoleon|10\/100 par\n|move|p1a: Empoleon|Hydro Pump|p2a: Corviknight\n|-damage|p2a: Corviknight|15\/100\n|\n|-heal|p1a: Empoleon|16\/100 par|[from] item: Leftovers\n|upkeep\n|turn|66\n|\n|t:|1700575409\n|move|p2a: Corviknight|Bulk Up|p2a: Corviknight\n|-boost|p2a: Corviknight|atk|0\n|-boost|p2a: Corviknight|def|0\n|move|p1a: Empoleon|Flash Cannon|p2a: Corviknight\n|-resisted|p2a: Corviknight\n|-damage|p2a: Corviknight|0 fnt\n|faint|p2a: Corviknight\n|\n|-heal|p1a: Empoleon|23\/100 par|[from] item: Leftovers\n|upkeep\n|\n|t:|1700575421\n|switch|p2a: Thundurus|Thundurus-Therian, M|54\/100\n|turn|67\n|\n|t:|1700575428\n|switch|p2a: Landorus|Landorus-Therian, M|63\/100\n|-ability|p2a: Landorus|Intimidate|boost\n|-unboost|p1a: Empoleon|atk|1\n|-ability|p1a: Empoleon|Competitive|boost\n|-boost|p1a: Empoleon|spa|2\n|move|p1a: Empoleon|Ice Beam|p2a: Landorus\n|-supereffective|p2a: Landorus\n|-damage|p2a: Landorus|0 fnt\n|faint|p2a: Landorus\n|\n|-heal|p1a: Empoleon|29\/100 par|[from] item: Leftovers\n|upkeep\n|\n|t:|1700575438\n|switch|p2a: Thundurus|Thundurus-Therian, M|54\/100\n|turn|68\n|c|\u2606ach27|gg\n|\n|t:|1700575447\n|move|p2a: Thundurus|Grass Knot|p1a: Empoleon\n|-resisted|p1a: Empoleon\n|-damage|p1a: Empoleon|12\/100 par\n|-damage|p2a: Thundurus|44\/100|[from] item: Life Orb\n|cant|p1a: Empoleon|par\n|\n|-heal|p1a: Empoleon|18\/100 par|[from] item: Leftovers\n|upkeep\n|turn|69\n|\n|t:|1700575460\n|move|p2a: Thundurus|Nasty Plot|p2a: Thundurus\n|-boost|p2a: Thundurus|spa|2\n|move|p1a: Empoleon|Ice Beam|p2a: Thundurus\n|-supereffective|p2a: Thundurus\n|-damage|p2a: Thundurus|0 fnt\n|faint|p2a: Thundurus\n|\n|win|Viney13\n|raw|Viney13's rating: 1178 &rarr; <strong>1210<\/strong><br \/>(+32 for winning)\n|raw|ach27's rating: 1273 &rarr; <strong>1241<\/strong><br \/>(-32 for losing)\n|l|\u2606ach27\n","uploadtime":1700575488,"views":1,"p1id":"viney13","p2id":"ach27","formatid":"gen9ou","rating":1210,"private":0,"password":""}