{"id":"gen9ou-1995710612","p1":"Vizsla_falconer","p2":"sreinich","format":"[Gen 9] OU","log":"|j|\u2606Vizsla_falconer\n|j|\u203dsreinich\n|t:|1700596027\n|gametype|singles\n|player|p1|Vizsla_falconer|265|1418\n|player|p2|sreinich|steven|1352\n|teamsize|p1|6\n|teamsize|p2|6\n|gen|9\n|tier|[Gen 9] OU\n|rated|\n|rule|Sleep Clause Mod: Limit one foe put to sleep\n|rule|Species Clause: Limit one of each Pok\u00e9mon\n|rule|OHKO Clause: OHKO moves are banned\n|rule|Evasion Items Clause: Evasion items are banned\n|rule|Evasion Moves Clause: Evasion moves are banned\n|rule|Endless Battle Clause: Forcing endless battles is banned\n|rule|HP Percentage Mod: HP is shown in percentages\n|clearpoke\n|poke|p1|Torkoal, M|\n|poke|p1|Walking Wake|\n|poke|p1|Scovillain, F|\n|poke|p1|Landorus-Therian, M|\n|poke|p1|Mimikyu, F|\n|poke|p1|Gholdengo|\n|poke|p2|Cinderace, F|\n|poke|p2|Hatterene, F|\n|poke|p2|Dragonite, F|\n|poke|p2|Landorus-Therian, M|\n|poke|p2|Greninja-*, M|\n|poke|p2|Zamazenta-*|\n|teampreview\n|inactive|Battle timer is ON: inactive players will automatically lose when time's up. (requested by Vizsla_falconer)\n|\n|t:|1700596057\n|start\n|switch|p1a: Landorus|Landorus-Therian, M|100\/100\n|switch|p2a: Landorus|Landorus-Therian, M|100\/100\n|-ability|p1a: Landorus|Intimidate|boost\n|-unboost|p2a: Landorus|atk|1\n|-ability|p2a: Landorus|Intimidate|boost\n|-unboost|p1a: Landorus|atk|1\n|turn|1\n|\n|t:|1700596067\n|move|p1a: Landorus|Taunt|p2a: Landorus\n|-start|p2a: Landorus|move: Taunt\n|move|p2a: Landorus|U-turn|p1a: Landorus\n|-resisted|p1a: Landorus\n|-damage|p1a: Landorus|94\/100\n|-damage|p2a: Landorus|84\/100|[from] item: Rocky Helmet|[of] p1a: Landorus\n|\n|t:|1700596073\n|switch|p2a: Greninja|Greninja, M|100\/100|[from] U-turn\n|\n|upkeep\n|turn|2\n|\n|t:|1700596082\n|switch|p1a: Torkoal|Torkoal, M|100\/100\n|-weather|SunnyDay|[from] ability: Drought|[of] p1a: Torkoal\n|move|p2a: Greninja|Water Shuriken|p1a: Torkoal\n|-supereffective|p1a: Torkoal\n|-damage|p1a: Torkoal|89\/100\n|-supereffective|p1a: Torkoal\n|-damage|p1a: Torkoal|77\/100\n|-supereffective|p1a: Torkoal\n|-damage|p1a: Torkoal|67\/100\n|-hitcount|p1a: Torkoal|3\n|-damage|p2a: Greninja|91\/100|[from] item: Life Orb\n|\n|-weather|SunnyDay|[upkeep]\n|upkeep\n|turn|3\n|\n|t:|1700596104\n|move|p2a: Greninja|Dark Pulse|p1a: Torkoal\n|-damage|p1a: Torkoal|3\/100\n|-damage|p2a: Greninja|81\/100|[from] item: Life Orb\n|move|p1a: Torkoal|Yawn|p2a: Greninja\n|-start|p2a: Greninja|move: Yawn|[of] p1a: Torkoal\n|\n|-weather|SunnyDay|[upkeep]\n|upkeep\n|turn|4\n|\n|t:|1700596122\n|switch|p2a: Landorus|Landorus-Therian, M|84\/100\n|-ability|p2a: Landorus|Intimidate|boost\n|-unboost|p1a: Torkoal|atk|1\n|switch|p1a: Scovillain|Scovillain, F|100\/100\n|\n|-weather|SunnyDay|[upkeep]\n|upkeep\n|turn|5\n|\n|t:|1700596136\n|move|p1a: Scovillain|Solar Beam||[still]\n|-prepare|p1a: Scovillain|Solar Beam\n|-anim|p1a: Scovillain|Solar Beam|p2a: Landorus\n|-damage|p2a: Landorus|0 fnt\n|faint|p2a: Landorus\n|-damage|p1a: Scovillain|91\/100|[from] item: Life Orb\n|\n|-weather|SunnyDay|[upkeep]\n|upkeep\n|inactive|sreinich has 120 seconds left.\n|\n|t:|1700596152\n|switch|p2a: Cinderace|Cinderace, F|100\/100\n|turn|6\n|inactive|sreinich has 120 seconds left.\n|inactive|Vizsla_falconer has 120 seconds left.\n|\n|t:|1700596186\n|move|p1a: Scovillain|Solar Beam||[still]\n|-prepare|p1a: Scovillain|Solar Beam\n|-anim|p1a: Scovillain|Solar Beam|p2a: Cinderace\n|-resisted|p2a: Cinderace\n|-damage|p2a: Cinderace|44\/100\n|-damage|p1a: Scovillain|81\/100|[from] item: Life Orb\n|move|p2a: Cinderace|U-turn|p1a: Scovillain\n|-start|p2a: Cinderace|typechange|Bug|[from] ability: Libero\n|-damage|p1a: Scovillain|21\/100\n|inactive|sreinich has 120 seconds left.\n|\n|t:|1700596201\n|switch|p2a: Dragonite|Dragonite, F|100\/100|[from] U-turn\n|\n|-weather|SunnyDay|[upkeep]\n|upkeep\n|turn|7\n|inactive|Vizsla_falconer has 120 seconds left.\n|\n|t:|1700596222\n|switch|p1a: Gholdengo|Gholdengo|100\/100\n|move|p2a: Dragonite|Extreme Speed|p1a: Gholdengo\n|-immune|p1a: Gholdengo\n|\n|-weather|SunnyDay|[upkeep]\n|upkeep\n|turn|8\n|inactive|Vizsla_falconer has 120 seconds left.\n|\n|t:|1700596232\n|move|p1a: Gholdengo|Substitute|p1a: Gholdengo\n|-start|p1a: Gholdengo|Substitute\n|-damage|p1a: Gholdengo|76\/100\n|move|p2a: Dragonite|Earthquake|p1a: Gholdengo\n|-supereffective|p1a: Gholdengo\n|-end|p1a: Gholdengo|Substitute\n|\n|-weather|SunnyDay|[upkeep]\n|-heal|p1a: Gholdengo|82\/100|[from] item: Leftovers\n|upkeep\n|turn|9\n|inactive|Vizsla_falconer has 120 seconds left.\n|\n|t:|1700596248\n|-terastallize|p1a: Gholdengo|Flying\n|move|p1a: Gholdengo|Substitute|p1a: Gholdengo\n|-start|p1a: Gholdengo|Substitute\n|-damage|p1a: Gholdengo|57\/100\n|move|p2a: Dragonite|Earthquake|p1a: Gholdengo\n|-immune|p1a: Gholdengo\n|\n|-weather|none\n|-heal|p1a: Gholdengo|63\/100|[from] item: Leftovers\n|upkeep\n|turn|10\n|\n|t:|1700596267\n|move|p1a: Gholdengo|Shadow Ball|p2a: Dragonite\n|-damage|p2a: Dragonite|78\/100\n|move|p2a: Dragonite|Dragon Dance|p2a: Dragonite\n|-boost|p2a: Dragonite|atk|1\n|-boost|p2a: Dragonite|spe|1\n|\n|-heal|p1a: Gholdengo|69\/100|[from] item: Leftovers\n|upkeep\n|turn|11\n|\n|t:|1700596286\n|move|p2a: Dragonite|Extreme Speed|p1a: Gholdengo\n|-end|p1a: Gholdengo|Substitute\n|move|p1a: Gholdengo|Nasty Plot|p1a: Gholdengo\n|-boost|p1a: Gholdengo|spa|2\n|\n|-heal|p1a: Gholdengo|75\/100|[from] item: Leftovers\n|upkeep\n|turn|12\n|\n|t:|1700596298\n|switch|p1a: Mimikyu|Mimikyu, F|100\/100\n|-terastallize|p2a: Dragonite|Normal\n|move|p2a: Dragonite|Extreme Speed|p1a: Mimikyu\n|-immune|p1a: Mimikyu\n|\n|upkeep\n|turn|13\n|inactive|sreinich has 120 seconds left.\n|\n|t:|1700596327\n|switch|p2a: Hatterene|Hatterene, F|100\/100\n|move|p1a: Mimikyu|Drain Punch|p2a: Hatterene\n|-resisted|p2a: Hatterene\n|-damage|p2a: Hatterene|95\/100\n|-damage|p1a: Mimikyu|91\/100|[from] item: Life Orb\n|\n|-heal|p2a: Hatterene|100\/100|[from] item: Leftovers\n|upkeep\n|turn|14\n|inactive|sreinich has 120 seconds left.\n|\n|t:|1700596339\n|switch|p1a: Torkoal|Torkoal, M|3\/100\n|-weather|SunnyDay|[from] ability: Drought|[of] p1a: Torkoal\n|move|p2a: Hatterene|Psyshock|p1a: Torkoal\n|-damage|p1a: Torkoal|0 fnt\n|faint|p1a: Torkoal\n|\n|-weather|SunnyDay|[upkeep]\n|upkeep\n|\n|t:|1700596352\n|switch|p1a: Walking Wake|Walking Wake|100\/100\n|-activate|p1a: Walking Wake|ability: Protosynthesis\n|-start|p1a: Walking Wake|protosynthesisspa\n|turn|15\n|\n|t:|1700596362\n|move|p1a: Walking Wake|Hydro Steam|p2a: Hatterene\n|-damage|p2a: Hatterene|0 fnt\n|faint|p2a: Hatterene\n|-damage|p1a: Walking Wake|91\/100|[from] item: Life Orb\n|\n|-weather|SunnyDay|[upkeep]\n|upkeep\n|\n|t:|1700596373\n|switch|p2a: Greninja|Greninja, M|81\/100\n|turn|16\n|\n|t:|1700596386\n|move|p2a: Greninja|Grass Knot|p1a: Walking Wake\n|-damage|p1a: Walking Wake|35\/100\n|-damage|p2a: Greninja|71\/100|[from] item: Life Orb\n|move|p1a: Walking Wake|Agility|p1a: Walking Wake\n|-boost|p1a: Walking Wake|spe|2\n|\n|-weather|SunnyDay|[upkeep]\n|upkeep\n|turn|17\n|\n|t:|1700596398\n|move|p2a: Greninja|Water Shuriken|p1a: Walking Wake\n|-resisted|p1a: Walking Wake\n|-damage|p1a: Walking Wake|34\/100\n|-resisted|p1a: Walking Wake\n|-damage|p1a: Walking Wake|32\/100\n|-resisted|p1a: Walking Wake\n|-damage|p1a: Walking Wake|31\/100\n|-resisted|p1a: Walking Wake\n|-damage|p1a: Walking Wake|30\/100\n|-hitcount|p1a: Walking Wake|4\n|-damage|p2a: Greninja|61\/100|[from] item: Life Orb\n|move|p1a: Walking Wake|Dragon Pulse|p2a: Greninja\n|-damage|p2a: Greninja|0 fnt\n|faint|p2a: Greninja\n|-damage|p1a: Walking Wake|20\/100|[from] item: Life Orb\n|\n|-weather|SunnyDay|[upkeep]\n|upkeep\n|inactive|sreinich has 120 seconds left.\n|\n|t:|1700596412\n|switch|p2a: Dragonite|Dragonite, F, tera:Normal|78\/100\n|turn|18\n|inactive|Vizsla_falconer has 120 seconds left.\n|\n|t:|1700596425\n|-end|p1a: Walking Wake|Protosynthesis|[silent]\n|switch|p1a: Gholdengo|Gholdengo, tera:Flying|75\/100\n|move|p2a: Dragonite|Extreme Speed|p1a: Gholdengo\n|-damage|p1a: Gholdengo|19\/100\n|\n|-weather|SunnyDay|[upkeep]\n|-heal|p1a: Gholdengo|25\/100|[from] item: Leftovers\n|upkeep\n|turn|19\n|inactive|Vizsla_falconer has 120 seconds left.\n|inactive|sreinich has 120 seconds left.\n|\n|t:|1700596444\n|switch|p1a: Landorus|Landorus-Therian, M|94\/100\n|-ability|p1a: Landorus|Intimidate|boost\n|-unboost|p2a: Dragonite|atk|1\n|move|p2a: Dragonite|Extreme Speed|p1a: Landorus\n|-damage|p1a: Landorus|63\/100\n|-damage|p2a: Dragonite|61\/100|[from] item: Rocky Helmet|[of] p1a: Landorus\n|\n|-weather|SunnyDay|[upkeep]\n|upkeep\n|turn|20\n|inactive|Vizsla_falconer has 120 seconds left.\n|inactive|sreinich has 120 seconds left.\n|\n|t:|1700596458\n|switch|p2a: Zamazenta|Zamazenta|100\/100\n|-ability|p2a: Zamazenta|Dauntless Shield|boost\n|-boost|p2a: Zamazenta|def|1\n|move|p1a: Landorus|Taunt|p2a: Zamazenta\n|-start|p2a: Zamazenta|move: Taunt\n|\n|-weather|SunnyDay|[upkeep]\n|upkeep\n|turn|21\n|inactive|Vizsla_falconer has 120 seconds left.\n|inactive|sreinich has 120 seconds left.\n|\n|t:|1700596470\n|switch|p1a: Gholdengo|Gholdengo, tera:Flying|25\/100\n|move|p2a: Zamazenta|Crunch|p1a: Gholdengo\n|-damage|p1a: Gholdengo|0 fnt\n|faint|p1a: Gholdengo\n|\n|-weather|none\n|upkeep\n|inactive|Vizsla_falconer has 120 seconds left.\n|\n|t:|1700596480\n|switch|p1a: Landorus|Landorus-Therian, M|63\/100\n|-ability|p1a: Landorus|Intimidate|boost\n|-unboost|p2a: Zamazenta|atk|1\n|turn|22\n|inactive|Vizsla_falconer has 120 seconds left.\n|\n|t:|1700596514\n|switch|p1a: Scovillain|Scovillain, F|21\/100\n|move|p2a: Zamazenta|Close Combat|p1a: Scovillain\n|-damage|p1a: Scovillain|0 fnt\n|-unboost|p2a: Zamazenta|def|1\n|-unboost|p2a: Zamazenta|spd|1\n|faint|p1a: Scovillain\n|\n|-end|p2a: Zamazenta|move: Taunt\n|upkeep\n|inactive|Vizsla_falconer has 90 seconds left.\n|\n|t:|1700596525\n|switch|p1a: Mimikyu|Mimikyu, F|91\/100\n|turn|23\n|\n|t:|1700596531\n|switch|p2a: Cinderace|Cinderace, F|44\/100\n|move|p1a: Mimikyu|Play Rough|p2a: Cinderace\n|-resisted|p2a: Cinderace\n|-damage|p2a: Cinderace|8\/100\n|-damage|p1a: Mimikyu|81\/100|[from] item: Life Orb\n|\n|upkeep\n|turn|24\n|\n|t:|1700596540\n|move|p1a: Mimikyu|Shadow Sneak|p2a: Cinderace\n|-damage|p2a: Cinderace|0 fnt\n|faint|p2a: Cinderace\n|-damage|p1a: Mimikyu|71\/100|[from] item: Life Orb\n|\n|upkeep\n|\n|t:|1700596546\n|switch|p2a: Zamazenta|Zamazenta|100\/100\n|turn|25\n|\n|t:|1700596556\n|move|p2a: Zamazenta|Heavy Slam|p1a: Mimikyu\n|-activate|p1a: Mimikyu|ability: Disguise\n|-damage|p1a: Mimikyu|71\/100\n|detailschange|p1a: Mimikyu|Mimikyu-Busted, F\n|-damage|p1a: Mimikyu|58\/100|[from] pokemon: Mimikyu-Busted\n|move|p1a: Mimikyu|Play Rough|p2a: Zamazenta\n|-supereffective|p2a: Zamazenta\n|-damage|p2a: Zamazenta|9\/100\n|-damage|p1a: Mimikyu|48\/100|[from] item: Life Orb\n|\n|upkeep\n|turn|26\n|\n|t:|1700596570\n|switch|p2a: Dragonite|Dragonite, F, tera:Normal|61\/100\n|move|p1a: Mimikyu|Shadow Sneak|p2a: Dragonite\n|-immune|p2a: Dragonite\n|\n|upkeep\n|turn|27\n|\n|t:|1700596578\n|move|p1a: Mimikyu|Drain Punch|p2a: Dragonite\n|-supereffective|p2a: Dragonite\n|-damage|p2a: Dragonite|0 fnt\n|-heal|p1a: Mimikyu|88\/100|[from] drain|[of] p2a: Dragonite\n|faint|p2a: Dragonite\n|-damage|p1a: Mimikyu|78\/100|[from] item: Life Orb\n|\n|upkeep\n|-message|sreinich forfeited.\n|\n|win|Vizsla_falconer\n|raw|Vizsla_falconer's rating: 1418 &rarr; <strong>1434<\/strong><br \/>(+16 for winning)\n|raw|sreinich's rating: 1352 &rarr; <strong>1336<\/strong><br \/>(-16 for losing)\n|l|\u203dsreinich\n|l|\u2606Vizsla_falconer\n|j|\u2606Vizsla_falconer\n|player|p1|Vizsla_falconer|265\n","uploadtime":1700596782,"views":10,"p1id":"vizslafalconer","p2id":"sreinich","formatid":"gen9ou","rating":1336,"private":0,"password":""}