{"id":"gen9ou-1993373702","p1":"Walkir*","p2":"hhxhwin","format":"[Gen 9] OU","log":"|j|\u2606Walkir*\n|j|\u2606hhxhwin\n|t:|1700308179\n|gametype|singles\n|player|p1|Walkir*|ingo|1224\n|player|p2|hhxhwin|hiker-gen4|1170\n|teamsize|p1|6\n|teamsize|p2|6\n|gen|9\n|tier|[Gen 9] OU\n|rated|\n|rule|Sleep Clause Mod: Limit one foe put to sleep\n|rule|Species Clause: Limit one of each Pok\u00e9mon\n|rule|OHKO Clause: OHKO moves are banned\n|rule|Evasion Items Clause: Evasion items are banned\n|rule|Evasion Moves Clause: Evasion moves are banned\n|rule|Endless Battle Clause: Forcing endless battles is banned\n|rule|HP Percentage Mod: HP is shown in percentages\n|clearpoke\n|poke|p1|Pelipper, M|\n|poke|p1|Amoonguss, F|\n|poke|p1|Kingambit, M|\n|poke|p1|Basculegion, M|\n|poke|p1|Iron Treads|\n|poke|p1|Manaphy|\n|poke|p2|Great Tusk|\n|poke|p2|Slither Wing|\n|poke|p2|Walking Wake|\n|poke|p2|Armarouge, M|\n|poke|p2|Lilligant-Hisui, F|\n|poke|p2|Torkoal, F|\n|teampreview\n|\n|t:|1700308189\n|start\n|switch|p1a: Coin|Pelipper, M|100\/100\n|switch|p2a: \u56f4\u5dfe\u7c73\u7acb\u9f99|Walking Wake|100\/100\n|-weather|RainDance|[from] ability: Drizzle|[of] p1a: Coin\n|turn|1\n|\n|t:|1700308204\n|switch|p1a: Impostor|Amoonguss, F|100\/100\n|move|p2a: \u56f4\u5dfe\u7c73\u7acb\u9f99|Draco Meteor|p1a: Impostor\n|-damage|p1a: Impostor|20\/100\n|-unboost|p2a: \u56f4\u5dfe\u7c73\u7acb\u9f99|spa|2\n|-enditem|p1a: Impostor|Eject Button\n|\n|t:|1700308222\n|switch|p1a: Truck|Basculegion, M|100\/100\n|\n|-weather|RainDance|[upkeep]\n|upkeep\n|turn|2\n|\n|t:|1700308228\n|-end|p2a: \u56f4\u5dfe\u7c73\u7acb\u9f99|Protosynthesis|[silent]\n|switch|p2a: \u56fa\u62c9\u591a|Torkoal, F|100\/100\n|-weather|SunnyDay|[from] ability: Drought|[of] p2a: \u56fa\u62c9\u591a\n|move|p1a: Truck|Ice Fang|p2a: \u56fa\u62c9\u591a\n|-resisted|p2a: \u56fa\u62c9\u591a\n|-damage|p2a: \u56fa\u62c9\u591a|89\/100\n|\n|-weather|SunnyDay|[upkeep]\n|upkeep\n|turn|3\n|\n|t:|1700308234\n|switch|p1a: Coin|Pelipper, M|100\/100\n|-weather|RainDance|[from] ability: Drizzle|[of] p1a: Coin\n|move|p2a: \u56fa\u62c9\u591a|Overheat|p1a: Coin\n|-resisted|p1a: Coin\n|-damage|p1a: Coin|81\/100\n|-unboost|p2a: \u56fa\u62c9\u591a|spa|2\n|-enditem|p2a: \u56fa\u62c9\u591a|Eject Pack\n|inactive|Battle timer is ON: inactive players will automatically lose when time's up. (requested by Walkir*)\n|\n|t:|1700308283\n|switch|p2a: \u56f4\u5dfe\u7c73\u7acb\u9f99|Walking Wake|100\/100\n|\n|-weather|RainDance|[upkeep]\n|upkeep\n|turn|4\n|\n|t:|1700308294\n|switch|p1a: Iron Treads|Iron Treads|100\/100\n|move|p2a: \u56f4\u5dfe\u7c73\u7acb\u9f99|Draco Meteor|p1a: Iron Treads\n|-resisted|p1a: Iron Treads\n|-damage|p1a: Iron Treads|41\/100\n|-unboost|p2a: \u56f4\u5dfe\u7c73\u7acb\u9f99|spa|2\n|\n|-weather|RainDance|[upkeep]\n|-heal|p1a: Iron Treads|47\/100|[from] item: Leftovers\n|upkeep\n|turn|5\n|\n|t:|1700308314\n|-end|p2a: \u56f4\u5dfe\u7c73\u7acb\u9f99|Protosynthesis|[silent]\n|switch|p2a: \u56fa\u62c9\u591a|Torkoal, F|89\/100\n|-weather|SunnyDay|[from] ability: Drought|[of] p2a: \u56fa\u62c9\u591a\n|move|p1a: Iron Treads|Stealth Rock|p2a: \u56fa\u62c9\u591a\n|-sidestart|p2: hhxhwin|move: Stealth Rock\n|\n|-weather|SunnyDay|[upkeep]\n|-heal|p1a: Iron Treads|53\/100|[from] item: Leftovers\n|upkeep\n|turn|6\n|\n|t:|1700308327\n|-end|p1a: Iron Treads|Quark Drive|[silent]\n|switch|p1a: Coin|Pelipper, M|81\/100\n|-weather|RainDance|[from] ability: Drizzle|[of] p1a: Coin\n|switch|p2a: \u56f4\u5dfe\u7c73\u7acb\u9f99|Walking Wake|100\/100\n|-damage|p2a: \u56f4\u5dfe\u7c73\u7acb\u9f99|88\/100|[from] Stealth Rock\n|\n|-weather|RainDance|[upkeep]\n|upkeep\n|turn|7\n|\n|t:|1700308350\n|move|p2a: \u56f4\u5dfe\u7c73\u7acb\u9f99|Hydro Steam|p1a: Coin\n|-resisted|p1a: Coin\n|-damage|p1a: Coin|21\/100\n|move|p1a: Coin|Hurricane|p2a: \u56f4\u5dfe\u7c73\u7acb\u9f99\n|-damage|p2a: \u56f4\u5dfe\u7c73\u7acb\u9f99|47\/100\n|\n|-weather|RainDance|[upkeep]\n|upkeep\n|turn|8\n|\n|t:|1700308357\n|move|p2a: \u56f4\u5dfe\u7c73\u7acb\u9f99|Hydro Steam|p1a: Coin\n|-resisted|p1a: Coin\n|-damage|p1a: Coin|0 fnt\n|faint|p1a: Coin\n|\n|-weather|RainDance|[upkeep]\n|upkeep\n|\n|t:|1700308359\n|switch|p1a: Timoth\u00e9e|Manaphy|100\/100\n|turn|9\n|\n|t:|1700308366\n|-terastallize|p2a: \u56f4\u5dfe\u7c73\u7acb\u9f99|Water\n|-terastallize|p1a: Timoth\u00e9e|Fairy\n|move|p2a: \u56f4\u5dfe\u7c73\u7acb\u9f99|Hydro Steam|p1a: Timoth\u00e9e\n|-damage|p1a: Timoth\u00e9e|0 fnt\n|faint|p1a: Timoth\u00e9e\n|\n|-weather|RainDance|[upkeep]\n|upkeep\n|\n|t:|1700308382\n|switch|p1a: Impostor|Amoonguss, F|53\/100\n|turn|10\n|\n|t:|1700308386\n|move|p2a: \u56f4\u5dfe\u7c73\u7acb\u9f99|Hydro Steam|p1a: Impostor\n|-resisted|p1a: Impostor\n|-damage|p1a: Impostor|0 fnt\n|faint|p1a: Impostor\n|\n|-weather|RainDance|[upkeep]\n|upkeep\n|\n|t:|1700308392\n|switch|p1a: Truck|Basculegion, M|100\/100\n|turn|11\n|\n|t:|1700308396\n|-end|p2a: \u56f4\u5dfe\u7c73\u7acb\u9f99|Protosynthesis|[silent]\n|switch|p2a: \u56fa\u62c9\u591a|Torkoal, F|89\/100\n|-damage|p2a: \u56fa\u62c9\u591a|65\/100|[from] Stealth Rock\n|-weather|SunnyDay|[from] ability: Drought|[of] p2a: \u56fa\u62c9\u591a\n|move|p1a: Truck|Wave Crash|p2a: \u56fa\u62c9\u591a\n|-supereffective|p2a: \u56fa\u62c9\u591a\n|-damage|p2a: \u56fa\u62c9\u591a|5\/100\n|-damage|p1a: Truck|83\/100|[from] Recoil\n|\n|-weather|SunnyDay|[upkeep]\n|upkeep\n|turn|12\n|\n|t:|1700308403\n|switch|p2a: \u5f3a\u5316|Lilligant-Hisui, F|100\/100\n|-damage|p2a: \u5f3a\u5316|94\/100|[from] Stealth Rock\n|move|p1a: Truck|Wave Crash|p2a: \u5f3a\u5316\n|-resisted|p2a: \u5f3a\u5316\n|-damage|p2a: \u5f3a\u5316|63\/100\n|-damage|p1a: Truck|75\/100|[from] Recoil\n|\n|-weather|SunnyDay|[upkeep]\n|-heal|p2a: \u5f3a\u5316|69\/100|[from] item: Leftovers\n|upkeep\n|turn|13\n|\n|t:|1700308410\n|switch|p1a: Iron Treads|Iron Treads|53\/100\n|move|p2a: \u5f3a\u5316|Victory Dance|p2a: \u5f3a\u5316\n|-boost|p2a: \u5f3a\u5316|atk|1\n|-boost|p2a: \u5f3a\u5316|def|1\n|-boost|p2a: \u5f3a\u5316|spe|1\n|\n|-weather|SunnyDay|[upkeep]\n|-heal|p2a: \u5f3a\u5316|75\/100|[from] item: Leftovers\n|-heal|p1a: Iron Treads|59\/100|[from] item: Leftovers\n|upkeep\n|turn|14\n|\n|t:|1700308416\n|move|p2a: \u5f3a\u5316|Leaf Blade|p1a: Iron Treads\n|-crit|p1a: Iron Treads\n|-damage|p1a: Iron Treads|0 fnt\n|faint|p1a: Iron Treads\n|-end|p1a: Iron Treads|Quark Drive|[silent]\n|\n|-weather|SunnyDay|[upkeep]\n|-heal|p2a: \u5f3a\u5316|81\/100|[from] item: Leftovers\n|upkeep\n|\n|t:|1700308422\n|switch|p1a: Ragequit|Kingambit, M|100\/100\n|-activate|p1a: Ragequit|ability: Supreme Overlord\n|-start|p1a: Ragequit|fallen4|[silent]\n|turn|15\n|\n|t:|1700308430\n|move|p2a: \u5f3a\u5316|Close Combat|p1a: Ragequit\n|-supereffective|p1a: Ragequit\n|-damage|p1a: Ragequit|0 fnt\n|-unboost|p2a: \u5f3a\u5316|def|1\n|-unboost|p2a: \u5f3a\u5316|spd|1\n|faint|p1a: Ragequit\n|-end|p1a: Ragequit|fallen4|[silent]\n|\n|-weather|none\n|-heal|p2a: \u5f3a\u5316|87\/100|[from] item: Leftovers\n|upkeep\n|\n|t:|1700308433\n|switch|p1a: Truck|Basculegion, M|75\/100\n|turn|16\n|\n|t:|1700308435\n|move|p2a: \u5f3a\u5316|Leaf Blade|p1a: Truck\n|-supereffective|p1a: Truck\n|-damage|p1a: Truck|0 fnt\n|faint|p1a: Truck\n|\n|win|hhxhwin\n|raw|Walkir*'s rating: 1224 &rarr; <strong>1195<\/strong><br \/>(-29 for losing)\n|raw|hhxhwin's rating: 1170 &rarr; <strong>1199<\/strong><br \/>(+29 for winning)\n|l|\u2606Walkir*\n","uploadtime":1700308442,"views":11,"p1id":"walkir","p2id":"hhxhwin","formatid":"gen9ou","rating":1195,"private":0,"password":""}