{"id":"gen9ou-1994733402","p1":"Calamarimar","p2":"Dark Void Traveler","format":"[Gen 9] OU","log":"|j|\u2606Calamarimar\n|j|\u2606Dark Void Traveler\n|inactive|Battle timer is ON: inactive players will automatically lose when time's up.\n|t:|1700487072\n|gametype|singles\n|player|p1|Calamarimar|sanqua|\n|player|p2|Dark Void Traveler|pilot|\n|teamsize|p1|3\n|teamsize|p2|3\n|gen|9\n|tier|[Gen 9] OU\n|rated|Tournament battle\n|rule|Sleep Clause Mod: Limit one foe put to sleep\n|rule|Species Clause: Limit one of each Pok\u00e9mon\n|rule|OHKO Clause: OHKO moves are banned\n|rule|Evasion Items Clause: Evasion items are banned\n|rule|Evasion Moves Clause: Evasion moves are banned\n|rule|Endless Battle Clause: Forcing endless battles is banned\n|rule|HP Percentage Mod: HP is shown in percentages\n|clearpoke\n|poke|p1|Wyrdeer, F|\n|poke|p1|Mamoswine, F|\n|poke|p1|Grafaiai, F|\n|poke|p2|Crawdaunt, M|\n|poke|p2|Kingambit, F|\n|poke|p2|Amoonguss, M|\n|teampreview\n|j|*Lady Monita \u2746\n|j| Yeet259\n|\n|t:|1700487097\n|start\n|switch|p1a: Grafaiai|Grafaiai, F|100\/100\n|switch|p2a: Crawdaunt|Crawdaunt, M|100\/100\n|turn|1\n|j| angrydrampa\n|\n|t:|1700487108\n|switch|p2a: Amoonguss|Amoonguss, M|100\/100\n|move|p1a: Grafaiai|Taunt|p2a: Amoonguss\n|-start|p2a: Amoonguss|move: Taunt\n|\n|upkeep\n|turn|2\n|\n|t:|1700487120\n|move|p1a: Grafaiai|Knock Off|p2a: Amoonguss\n|-damage|p2a: Amoonguss|86\/100\n|-damage|p1a: Grafaiai|84\/100|[from] item: Rocky Helmet|[of] p2a: Amoonguss\n|-enditem|p2a: Amoonguss|Rocky Helmet|[from] move: Knock Off|[of] p1a: Grafaiai\n|move|p2a: Amoonguss|Foul Play|p1a: Grafaiai\n|-damage|p1a: Grafaiai|55\/100\n|\n|-heal|p1a: Grafaiai|61\/100|[from] item: Leftovers\n|upkeep\n|turn|3\n|\n|t:|1700487126\n|move|p1a: Grafaiai|Parting Shot|p2a: Amoonguss\n|-unboost|p2a: Amoonguss|atk|1\n|-unboost|p2a: Amoonguss|spa|1\n|\n|t:|1700487132\n|switch|p1a: Mamoswine|Mamoswine, F|100\/100|[from] Parting Shot\n|move|p2a: Amoonguss|Foul Play|p1a: Mamoswine\n|-damage|p1a: Mamoswine|65\/100\n|\n|-end|p2a: Amoonguss|move: Taunt\n|upkeep\n|turn|4\n|\n|t:|1700487142\n|-terastallize|p2a: Amoonguss|Steel\n|move|p1a: Mamoswine|Icicle Crash|p2a: Amoonguss\n|-resisted|p2a: Amoonguss\n|-damage|p2a: Amoonguss|70\/100\n|move|p2a: Amoonguss|Spore|p1a: Mamoswine\n|-status|p1a: Mamoswine|slp|[from] move: Spore\n|\n|upkeep\n|turn|5\n|\n|t:|1700487153\n|switch|p2a: Crawdaunt|Crawdaunt, M|100\/100\n|cant|p1a: Mamoswine|slp\n|\n|upkeep\n|turn|6\n|\n|t:|1700487159\n|switch|p1a: Grafaiai|Grafaiai, F|61\/100\n|move|p2a: Crawdaunt|Crabhammer|p1a: Grafaiai\n|-crit|p1a: Grafaiai\n|-damage|p1a: Grafaiai|0 fnt\n|faint|p1a: Grafaiai\n|\n|upkeep\n|\n|t:|1700487161\n|switch|p1a: Wyrdeer|Wyrdeer, F, shiny|100\/100\n|-ability|p1a: Wyrdeer|Intimidate|boost\n|-unboost|p2a: Crawdaunt|atk|1\n|turn|7\n|\n|t:|1700487168\n|switch|p2a: Amoonguss|Amoonguss, M, tera:Steel|100\/100\n|-terastallize|p1a: Wyrdeer|Bug\n|move|p1a: Wyrdeer|Megahorn|p2a: Amoonguss\n|-resisted|p2a: Amoonguss\n|-damage|p2a: Amoonguss|78\/100\n|\n|upkeep\n|turn|8\n|\n|t:|1700487183\n|move|p1a: Wyrdeer|Thunder Wave|p2a: Amoonguss\n|-status|p2a: Amoonguss|par\n|move|p2a: Amoonguss|Sludge Bomb|p1a: Wyrdeer\n|-damage|p1a: Wyrdeer|70\/100\n|\n|-heal|p1a: Wyrdeer|76\/100|[from] item: Leftovers\n|upkeep\n|turn|9\n|j| TrapMasterSei\n|\n|t:|1700487198\n|switch|p1a: Mamoswine|Mamoswine, F|65\/100 slp\n|move|p2a: Amoonguss|Sludge Bomb|p1a: Mamoswine\n|-resisted|p1a: Mamoswine\n|-crit|p1a: Mamoswine\n|-damage|p1a: Mamoswine|46\/100 slp\n|\n|upkeep\n|turn|10\n|\n|t:|1700487205\n|cant|p1a: Mamoswine|slp\n|move|p2a: Amoonguss|Giga Drain|p1a: Mamoswine\n|-supereffective|p1a: Mamoswine\n|-damage|p1a: Mamoswine|4\/100 slp\n|-heal|p2a: Amoonguss|95\/100 par|[from] drain|[of] p1a: Mamoswine\n|\n|upkeep\n|turn|11\n|\n|t:|1700487209\n|-curestatus|p1a: Mamoswine|slp|[msg]\n|move|p1a: Mamoswine|Earthquake|p2a: Amoonguss\n|-supereffective|p2a: Amoonguss\n|-damage|p2a: Amoonguss|23\/100 par\n|move|p2a: Amoonguss|Giga Drain|p1a: Mamoswine\n|-supereffective|p1a: Mamoswine\n|-damage|p1a: Mamoswine|0 fnt\n|-heal|p2a: Amoonguss|24\/100 par|[from] drain|[of] p1a: Mamoswine\n|faint|p1a: Mamoswine\n|\n|upkeep\n|\n|t:|1700487215\n|switch|p1a: Wyrdeer|Wyrdeer, F, shiny, tera:Bug|76\/100\n|-ability|p1a: Wyrdeer|Intimidate|boost\n|-unboost|p2a: Amoonguss|atk|1\n|turn|12\n|\n|t:|1700487240\n|move|p1a: Wyrdeer|Psyshield Bash|p2a: Amoonguss\n|-resisted|p2a: Amoonguss\n|-damage|p2a: Amoonguss|12\/100 par\n|-boost|p1a: Wyrdeer|def|1\n|cant|p2a: Amoonguss|par\n|\n|-heal|p1a: Wyrdeer|82\/100|[from] item: Leftovers\n|upkeep\n|turn|13\n|\n|t:|1700487248\n|switch|p2a: Crawdaunt|Crawdaunt, M|100\/100\n|move|p1a: Wyrdeer|Psyshield Bash|p2a: Crawdaunt\n|-immune|p2a: Crawdaunt\n|\n|-heal|p1a: Wyrdeer|89\/100|[from] item: Leftovers\n|upkeep\n|turn|14\n|\n|t:|1700487258\n|move|p2a: Crawdaunt|Knock Off|p1a: Wyrdeer\n|-crit|p1a: Wyrdeer\n|-damage|p1a: Wyrdeer|0 fnt\n|-enditem|p1a: Wyrdeer|Leftovers|[from] move: Knock Off|[of] p2a: Crawdaunt\n|faint|p1a: Wyrdeer\n|\n|win|Dark Void Traveler\n|n|\u2606Calamarimar|calamarimar\n|n|\u2606Dark Void Traveler|darkvoidtraveler\n|n|*Lady Monita \u2746|ladymonita\n|n| Yeet259|yeet259\n|n| angrydrampa|angrydrampa\n|n| TrapMasterSei|trapmastersei\n","uploadtime":1700487259,"views":4,"p1id":"calamarimar","p2id":"darkvoidtraveler","formatid":"gen9ou","rating":0,"private":0,"password":""}