{"id":"gen9ou-1989411635","p1":"Judy Hillegas","p2":"Luison","format":"[Gen 9] OU","log":"|j|\u2606Judy Hillegas\n|j|\u2606Luison\n|t:|1699846833\n|gametype|singles\n|player|p1|Judy Hillegas|red-gen1title|1377\n|player|p2|Luison|drayden|1353\n|teamsize|p1|6\n|teamsize|p2|6\n|gen|9\n|tier|[Gen 9] OU\n|rated|\n|rule|Sleep Clause Mod: Limit one foe put to sleep\n|rule|Species Clause: Limit one of each Pok\u00e9mon\n|rule|OHKO Clause: OHKO moves are banned\n|rule|Evasion Items Clause: Evasion items are banned\n|rule|Evasion Moves Clause: Evasion moves are banned\n|rule|Endless Battle Clause: Forcing endless battles is banned\n|rule|HP Percentage Mod: HP is shown in percentages\n|clearpoke\n|poke|p1|Manaphy|\n|poke|p1|Kingambit, M|\n|poke|p1|Ribombee, M|\n|poke|p1|Gholdengo|\n|poke|p1|Iron Moth|\n|poke|p1|Ogerpon-Wellspring, F|\n|poke|p2|Clefable, F|\n|poke|p2|Great Tusk|\n|poke|p2|Ceruledge, F|\n|poke|p2|Sinistcha|\n|poke|p2|Kingambit, M|\n|poke|p2|Empoleon, M|\n|teampreview\n|inactive|Battle timer is ON: inactive players will automatically lose when time's up. (requested by Judy Hillegas)\n|\n|t:|1699846863\n|start\n|switch|p1a: Ribombee|Ribombee, M, shiny|100\/100\n|switch|p2a: Ceruledge|Ceruledge, F|100\/100\n|turn|1\n|\n|t:|1699846871\n|move|p1a: Ribombee|Stun Spore|p2a: Ceruledge\n|-status|p2a: Ceruledge|par\n|move|p2a: Ceruledge|Bitter Blade|p1a: Ribombee\n|-supereffective|p1a: Ribombee\n|-enditem|p1a: Ribombee|Focus Sash\n|-damage|p1a: Ribombee|1\/100\n|\n|upkeep\n|turn|2\n|\n|t:|1699846895\n|switch|p1a: Manaphy|Manaphy|100\/100\n|move|p2a: Ceruledge|Shadow Sneak|p1a: Manaphy\n|-damage|p1a: Manaphy|82\/100\n|\n|-heal|p1a: Manaphy|88\/100|[from] item: Leftovers\n|upkeep\n|turn|3\n|\n|t:|1699846901\n|switch|p2a: Sinistcha|Sinistcha|100\/100\n|move|p1a: Manaphy|Acid Armor|p1a: Manaphy\n|-boost|p1a: Manaphy|def|2\n|\n|-heal|p1a: Manaphy|94\/100|[from] item: Leftovers\n|upkeep\n|turn|4\n|\n|t:|1699846923\n|-terastallize|p1a: Manaphy|Poison\n|move|p1a: Manaphy|Take Heart|p1a: Manaphy\n|-boost|p1a: Manaphy|spa|1\n|-boost|p1a: Manaphy|spd|1\n|move|p2a: Sinistcha|Calm Mind|p2a: Sinistcha\n|-boost|p2a: Sinistcha|spa|1\n|-boost|p2a: Sinistcha|spd|1\n|\n|-heal|p1a: Manaphy|100\/100|[from] item: Leftovers\n|upkeep\n|turn|5\n|\n|t:|1699846933\n|switch|p2a: Clefable|Clefable, F|100\/100\n|move|p1a: Manaphy|Take Heart|p1a: Manaphy\n|-boost|p1a: Manaphy|spa|1\n|-boost|p1a: Manaphy|spd|1\n|\n|upkeep\n|turn|6\n|\n|t:|1699846943\n|move|p1a: Manaphy|Stored Power|p2a: Clefable\n|-damage|p2a: Clefable|70\/100\n|move|p2a: Clefable|Stealth Rock|p1a: Manaphy\n|-sidestart|p1: Judy Hillegas|move: Stealth Rock\n|\n|upkeep\n|turn|7\n|\n|t:|1699846952\n|move|p1a: Manaphy|Stored Power|p2a: Clefable\n|-damage|p2a: Clefable|41\/100\n|move|p2a: Clefable|Thunder Wave|p1a: Manaphy\n|-status|p1a: Manaphy|par\n|\n|upkeep\n|turn|8\n|\n|t:|1699846957\n|move|p2a: Clefable|Wish|p2a: Clefable\n|move|p1a: Manaphy|Stored Power|p2a: Clefable\n|-damage|p2a: Clefable|9\/100\n|\n|upkeep\n|turn|9\n|\n|t:|1699846968\n|switch|p2a: Kingambit|Kingambit, M|100\/100\n|move|p1a: Manaphy|Stored Power|p2a: Kingambit\n|-immune|p2a: Kingambit\n|\n|upkeep\n|turn|10\n|\n|t:|1699846976\n|move|p1a: Manaphy|Scald|p2a: Kingambit\n|-damage|p2a: Kingambit|21\/100\n|move|p2a: Kingambit|Kowtow Cleave|p1a: Manaphy\n|-damage|p1a: Manaphy|74\/100 par\n|\n|-heal|p1a: Manaphy|80\/100 par|[from] item: Leftovers\n|upkeep\n|turn|11\n|\n|t:|1699846981\n|move|p2a: Kingambit|Sucker Punch|p1a: Manaphy\n|-damage|p1a: Manaphy|57\/100 par\n|move|p1a: Manaphy|Scald|p2a: Kingambit\n|-damage|p2a: Kingambit|0 fnt\n|faint|p2a: Kingambit\n|-end|p2a: Kingambit|fallenundefined|[silent]\n|\n|-heal|p1a: Manaphy|63\/100 par|[from] item: Leftovers\n|upkeep\n|\n|t:|1699846984\n|switch|p2a: Great Tusk|Great Tusk|100\/100\n|turn|12\n|\n|t:|1699846994\n|move|p2a: Great Tusk|Headlong Rush|p1a: Manaphy\n|-supereffective|p1a: Manaphy\n|-damage|p1a: Manaphy|7\/100 par\n|-unboost|p2a: Great Tusk|def|1\n|-unboost|p2a: Great Tusk|spd|1\n|move|p1a: Manaphy|Stored Power|p2a: Great Tusk\n|-supereffective|p2a: Great Tusk\n|-damage|p2a: Great Tusk|0 fnt\n|faint|p2a: Great Tusk\n|-end|p2a: Great Tusk|Protosynthesis|[silent]\n|\n|-heal|p1a: Manaphy|13\/100 par|[from] item: Leftovers\n|upkeep\n|\n|t:|1699847018\n|switch|p2a: Clefable|Clefable, F|9\/100\n|turn|13\n|\n|t:|1699847025\n|move|p2a: Clefable|Wish|p2a: Clefable\n|move|p1a: Manaphy|Scald|p2a: Clefable\n|-damage|p2a: Clefable|0 fnt\n|faint|p2a: Clefable\n|\n|-heal|p1a: Manaphy|19\/100 par|[from] item: Leftovers\n|upkeep\n|\n|t:|1699847033\n|switch|p2a: Ceruledge|Ceruledge, F|100\/100 par\n|turn|14\n|\n|t:|1699847036\n|move|p2a: Ceruledge|Shadow Sneak|p1a: Manaphy\n|-damage|p1a: Manaphy|9\/100 par\n|move|p1a: Manaphy|Scald|p2a: Ceruledge\n|-supereffective|p2a: Ceruledge\n|-enditem|p2a: Ceruledge|Focus Sash\n|-damage|p2a: Ceruledge|1\/100 par\n|\n|-heal|p2a: Ceruledge|69\/100 par|[from] move: Wish|[wisher] Clefable\n|-heal|p1a: Manaphy|15\/100 par|[from] item: Leftovers\n|upkeep\n|turn|15\n|\n|t:|1699847045\n|move|p2a: Ceruledge|Shadow Sneak|p1a: Manaphy\n|-damage|p1a: Manaphy|6\/100 par\n|move|p1a: Manaphy|Scald|p2a: Ceruledge\n|-supereffective|p2a: Ceruledge\n|-damage|p2a: Ceruledge|0 fnt\n|faint|p2a: Ceruledge\n|\n|-heal|p1a: Manaphy|12\/100 par|[from] item: Leftovers\n|upkeep\n|\n|t:|1699847051\n|switch|p2a: Empoleon|Empoleon, M|100\/100\n|turn|16\n|\n|t:|1699847062\n|move|p2a: Empoleon|Flash Cannon|p1a: Manaphy\n|-damage|p1a: Manaphy|0 fnt\n|faint|p1a: Manaphy\n|\n|upkeep\n|\n|t:|1699847068\n|switch|p1a: Ogerpon|Ogerpon-Wellspring, F|100\/100\n|-damage|p1a: Ogerpon|88\/100|[from] Stealth Rock\n|turn|17\n|c|\u2606Luison|We did it patrick, we saved the city\n|\n|t:|1699847080\n|move|p1a: Ogerpon|Power Whip|p2a: Empoleon\n|-damage|p2a: Empoleon|28\/100\n|move|p2a: Empoleon|Ice Beam|p1a: Ogerpon\n|-damage|p1a: Ogerpon|50\/100\n|\n|upkeep\n|turn|18\n|\n|t:|1699847086\n|move|p1a: Ogerpon|Ivy Cudgel|p2a: Empoleon\n|-resisted|p2a: Empoleon\n|-damage|p2a: Empoleon|0 fnt\n|faint|p2a: Empoleon\n|\n|upkeep\n|\n|t:|1699847088\n|switch|p2a: Sinistcha|Sinistcha|100\/100\n|turn|19\n|inactive|Judy Hillegas has 120 seconds left.\n|c|\u2606Judy Hillegas|[Intro]\n|c|\u2606Judy Hillegas|We\u2019re gonna play one team, and one team only\n|c|\u2606Judy Hillegas|Stall so hard, wallbreakers trynna find me\n|c|\u2606Judy Hillegas|[Verse 1: JAY-Z]\n|c|\u2606Judy Hillegas|So I stall so hard, wallbreakers trynna find me\n|c|\u2606Judy Hillegas|But first knock off gotta hit me\n|inactive|Judy Hillegas has 90 seconds left.\n|c|\u2606Judy Hillegas|What's thirty percent to a regenerator like me? Can you please remind me?\n|c|\u2606Judy Hillegas|(Stall so hard) This meta crazy\n|c|\u2606Judy Hillegas|Unaware don't know that don't boosts faze me\n|c|\u2606Judy Hillegas|Dondozo could go 6 for 0\n|c|\u2606Judy Hillegas|And I'd look at you like this crash wavy\n|c|\u2606Judy Hillegas|(Stall so hard) This meta weird\n|c|\u2606Judy Hillegas|Banned mons 'posed to be here\n|c|\u2606Judy Hillegas|(Stall so hard) Since we here\n|inactive|Judy Hillegas has 60 seconds left.\n|c|\u2606Judy Hillegas|It's only stall that be fair\n|c|\u2606Judy Hillegas|Slowking, hes viable to go mandibuzz, take your pick\n|c|\u2606Judy Hillegas|Toxapex, Blissey, Great Tusk, turn 56\n|\n|t:|1699847193\n|move|p1a: Ogerpon|Swords Dance|p1a: Ogerpon\n|-boost|p1a: Ogerpon|atk|2\n|move|p2a: Sinistcha|Calm Mind|p2a: Sinistcha\n|-boost|p2a: Sinistcha|spa|1\n|-boost|p2a: Sinistcha|spd|1\n|\n|upkeep\n|turn|20\n|c|\u2606Judy Hillegas|Stall so hard) Got a low clock\n|c|\u2606Judy Hillegas|Hazards that don't defog\n|\n|t:|1699847205\n|move|p1a: Ogerpon|Encore|p2a: Sinistcha\n|-start|p2a: Sinistcha|Encore\n|move|p2a: Sinistcha|Calm Mind|p2a: Sinistcha\n|-boost|p2a: Sinistcha|spa|1\n|-boost|p2a: Sinistcha|spd|1\n|\n|upkeep\n|turn|21\n|c|\u2606Judy Hillegas|Alomamola flipping wish\n|c|\u2606Judy Hillegas|Hitting with all these helmet rocks\n|inactive|Judy Hillegas has 30 seconds left.\n|c|\u2606Judy Hillegas|(S-stall so hard) Ur phased too\n|c|\u2606Judy Hillegas|If i was to be banned up too\n|c|\u2606Judy Hillegas|And you escaped not I escaped\n|c|\u2606Judy Hillegas|I\u2019d be in UBERS getting f-ed up too\n|inactive|Judy Hillegas has 20 seconds left.\n|inactive|Judy Hillegas has 15 seconds left.\n|c|\u2606Judy Hillegas|(S-stall so hard) Let's get status\n|c|\u2606Judy Hillegas|Locking down in like six ways\n|\n|t:|1699847248\n|move|p1a: Ogerpon|Ivy Cudgel|p2a: Sinistcha\n|-resisted|p2a: Sinistcha\n|-damage|p2a: Sinistcha|56\/100\n|move|p2a: Sinistcha|Calm Mind|p2a: Sinistcha\n|-boost|p2a: Sinistcha|spa|1\n|-boost|p2a: Sinistcha|spd|1\n|\n|-heal|p2a: Sinistcha|62\/100|[from] item: Leftovers\n|upkeep\n|turn|22\n|inactive|Judy Hillegas has 25 seconds left this turn.\n|inactive|Judy Hillegas has 20 seconds left.\n|c|\u2606Judy Hillegas|Gholdengos, scald battles\n|c|\u2606Judy Hillegas|Cinderace with some sick J\u2019s\n|\n|t:|1699847260\n|move|p1a: Ogerpon|Ivy Cudgel|p2a: Sinistcha\n|-resisted|p2a: Sinistcha\n|-damage|p2a: Sinistcha|20\/100\n|move|p2a: Sinistcha|Calm Mind|p2a: Sinistcha\n|-boost|p2a: Sinistcha|spa|1\n|-boost|p2a: Sinistcha|spd|1\n|\n|-heal|p2a: Sinistcha|27\/100|[from] item: Leftovers\n|-end|p2a: Sinistcha|Encore\n|upkeep\n|turn|23\n|inactive|Judy Hillegas has 30 seconds left this turn.\n|c|\u2606Judy Hillegas|(Stall so hard) Blue, behave\n|c|\u2606Judy Hillegas|Just might let you lose someday\n|inactive|Judy Hillegas has 20 seconds left.\n|c|\u2606Judy Hillegas|Pallet-Town's P. Oak\n|c|\u2606Judy Hillegas|I'm ignoring the webs, HO\n|inactive|Judy Hillegas has 15 seconds left.\n|\n|t:|1699847280\n|move|p1a: Ogerpon|Encore|p2a: Sinistcha\n|-start|p2a: Sinistcha|Encore\n|move|p2a: Sinistcha|Calm Mind|p2a: Sinistcha\n|-boost|p2a: Sinistcha|spa|1\n|-boost|p2a: Sinistcha|spd|1\n|\n|-heal|p2a: Sinistcha|33\/100|[from] item: Leftovers\n|upkeep\n|turn|24\n|inactive|Judy Hillegas has 25 seconds left this turn.\n|inactive|Judy Hillegas has 20 seconds left.\n|c|\u2606Judy Hillegas|Stall so hard, wallbreakers trynna find me\n|inactive|Judy Hillegas has 15 seconds left.\n|c|\u2606Judy Hillegas|That hit free, that hit free, that hit free\n|inactive|Judy Hillegas has 10 seconds left.\n|c|\u2606Judy Hillegas|Stall so hard, wallbreakers trynna find me\n|\n|t:|1699847299\n|move|p1a: Ogerpon|Swords Dance|p1a: Ogerpon\n|-boost|p1a: Ogerpon|atk|2\n|move|p2a: Sinistcha|Calm Mind|p2a: Sinistcha\n|-boost|p2a: Sinistcha|spa|1\n|-boost|p2a: Sinistcha|spd|1\n|\n|-heal|p2a: Sinistcha|39\/100|[from] item: Leftovers\n|upkeep\n|turn|25\n|inactive|Judy Hillegas has 20 seconds left this turn.\n|inactive|Judy Hillegas has 15 seconds left.\n|\n|t:|1699847306\n|move|p1a: Ogerpon|Swords Dance|p1a: Ogerpon\n|-boost|p1a: Ogerpon|atk|2\n|move|p2a: Sinistcha|Calm Mind|p2a: Sinistcha\n|-boost|p2a: Sinistcha|spa|0\n|-boost|p2a: Sinistcha|spd|0\n|\n|-heal|p2a: Sinistcha|45\/100|[from] item: Leftovers\n|-end|p2a: Sinistcha|Encore\n|upkeep\n|turn|26\n|inactive|Judy Hillegas has 25 seconds left this turn.\n|c|\u2606Judy Hillegas|That hit free, that hit free, that hit free\n|inactive|Judy Hillegas has 20 seconds left.\n|inactive|Judy Hillegas has 15 seconds left.\n|inactive|Judy Hillegas has 10 seconds left.\n|c|\u2606Judy Hillegas|They said, \"Can you stop playing stalllll\"\n|c|\u2606Judy Hillegas|I said, \"Look, you need a craw 'throw a heavy ball\"\n|\n|t:|1699847326\n|move|p1a: Ogerpon|Encore|p2a: Sinistcha\n|-start|p2a: Sinistcha|Encore\n|move|p2a: Sinistcha|Calm Mind|p2a: Sinistcha\n|-boost|p2a: Sinistcha|spa|0\n|-boost|p2a: Sinistcha|spd|0\n|\n|-heal|p2a: Sinistcha|51\/100|[from] item: Leftovers\n|upkeep\n|turn|27\n|inactive|Judy Hillegas has 20 seconds left this turn.\n|inactive|Judy Hillegas has 15 seconds left.\n|c|\u2606Judy Hillegas|Come and join me, playing stall\n|c|\u2606Judy Hillegas|And I'll show you their down fall\n|inactive|Judy Hillegas has 10 seconds left.\n|\n|t:|1699847339\n|move|p1a: Ogerpon|Swords Dance|p1a: Ogerpon\n|-boost|p1a: Ogerpon|atk|0\n|move|p2a: Sinistcha|Calm Mind|p2a: Sinistcha\n|-boost|p2a: Sinistcha|spa|0\n|-boost|p2a: Sinistcha|spd|0\n|\n|-heal|p2a: Sinistcha|57\/100|[from] item: Leftovers\n|upkeep\n|turn|28\n|inactive|Judy Hillegas has 20 seconds left this turn.\n|\n|t:|1699847343\n|move|p1a: Ogerpon|Ivy Cudgel|p2a: Sinistcha\n|-resisted|p2a: Sinistcha\n|-damage|p2a: Sinistcha|0 fnt\n|faint|p2a: Sinistcha\n|\n|win|Judy Hillegas\n|inactive|Judy Hillegas has 25 seconds left this turn.\n|raw|Judy Hillegas's rating: 1377 &rarr; <strong>1396<\/strong><br \/>(+19 for winning)\n|raw|Luison's rating: 1353 &rarr; <strong>1334<\/strong><br \/>(-19 for losing)\n|c|\u2606Judy Hillegas|GG\n|c|\u2606Luison|I didn't know there was a stinkpost sunday command on Showdown\n|c|\u2606Luison|Gg\n","uploadtime":1699847369,"views":30,"p1id":"judyhillegas","p2id":"luison","formatid":"gen9ou","rating":1334,"private":0,"password":""}