{"id":"gen9ou-1988513107","p1":"FavMon=Garchomp","p2":"GodKmi","format":"[Gen 9] OU","log":"|j|\u2606FavMon=Garchomp\n|j|\u2606GodKmi\n|t:|1699730949\n|gametype|singles\n|player|p1|FavMon=Garchomp|hilbert|\n|player|p2|GodKmi|saguaro|\n|teamsize|p1|6\n|teamsize|p2|6\n|gen|9\n|tier|[Gen 9] OU\n|rule|Sleep Clause Mod: Limit one foe put to sleep\n|rule|Species Clause: Limit one of each Pok\u00e9mon\n|rule|OHKO Clause: OHKO moves are banned\n|rule|Evasion Items Clause: Evasion items are banned\n|rule|Evasion Moves Clause: Evasion moves are banned\n|rule|Endless Battle Clause: Forcing endless battles is banned\n|rule|HP Percentage Mod: HP is shown in percentages\n|clearpoke\n|poke|p1|Meowscarada, M|\n|poke|p1|Iron Valiant|\n|poke|p1|Kingambit, M|\n|poke|p1|Iron Moth|\n|poke|p1|Ninetales-Alola, F|\n|poke|p1|Manaphy|\n|poke|p2|Alomomola, M|\n|poke|p2|Corviknight, M|\n|poke|p2|Sneasler, F|\n|poke|p2|Kingambit, F|\n|poke|p2|Weezing-Galar, F|\n|poke|p2|Clodsire, M|\n|teampreview\n|\n|t:|1699730957\n|start\n|switch|p1a: Meowscarada|Meowscarada, M|100\/100\n|switch|p2a: Weezing|Weezing-Galar, F|100\/100\n|-ability|p2a: Weezing|Neutralizing Gas\n|turn|1\n|\n|t:|1699730962\n|move|p1a: Meowscarada|Trick|p2a: Weezing\n|-activate|p1a: Meowscarada|move: Trick|[of] p2a: Weezing\n|-item|p2a: Weezing|Choice Scarf|[from] move: Trick\n|-item|p1a: Meowscarada|Heavy-Duty Boots|[from] move: Trick\n|move|p2a: Weezing|Sludge Bomb|p1a: Meowscarada\n|-supereffective|p1a: Meowscarada\n|-damage|p1a: Meowscarada|21\/100\n|\n|upkeep\n|turn|2\n|\n|t:|1699730974\n|move|p1a: Meowscarada|Spikes|p2a: Weezing\n|-sidestart|p2: GodKmi|Spikes\n|move|p2a: Weezing|Sludge Bomb|p1a: Meowscarada\n|-supereffective|p1a: Meowscarada\n|-damage|p1a: Meowscarada|0 fnt\n|faint|p1a: Meowscarada\n|\n|upkeep\n|\n|t:|1699730988\n|switch|p1a: Kingambit|Kingambit, M|100\/100\n|turn|3\n|\n|t:|1699731035\n|-end|p2a: Weezing|ability: Neutralizing Gas\n|-activate|p1a: Kingambit|ability: Supreme Overlord\n|-start|p1a: Kingambit|fallen1|[silent]\n|switch|p2a: Sneasler|Sneasler, F|100\/100\n|-damage|p2a: Sneasler|88\/100|[from] Spikes\n|-ability|p2a: Sneasler|Pressure\n|-end|p1a: Kingambit|fallen1|[silent]\n|switch|p1a: Iron Moth|Iron Moth|100\/100\n|-enditem|p1a: Iron Moth|Booster Energy\n|-activate|p1a: Iron Moth|ability: Quark Drive|[fromitem]\n|-start|p1a: Iron Moth|quarkdrivespe\n|\n|-heal|p2a: Sneasler|94\/100|[from] item: Black Sludge\n|upkeep\n|turn|4\n|\n|t:|1699731047\n|switch|p2a: Alomomola|Alomomola, M|100\/100\n|-damage|p2a: Alomomola|88\/100|[from] Spikes\n|move|p1a: Iron Moth|Substitute|p1a: Iron Moth\n|-start|p1a: Iron Moth|Substitute\n|-damage|p1a: Iron Moth|76\/100\n|\n|-heal|p2a: Alomomola|94\/100|[from] item: Leftovers\n|upkeep\n|turn|5\n|\n|t:|1699731052\n|move|p1a: Iron Moth|Fiery Dance|p2a: Alomomola\n|-resisted|p2a: Alomomola\n|-damage|p2a: Alomomola|76\/100\n|move|p2a: Alomomola|Flip Turn|p1a: Iron Moth\n|-supereffective|p1a: Iron Moth\n|-end|p1a: Iron Moth|Substitute\n|\n|t:|1699731054\n|switch|p2a: Clodsire|Clodsire, M|100\/100|[from] Flip Turn\n|-damage|p2a: Clodsire|88\/100|[from] Spikes\n|\n|-heal|p2a: Clodsire|94\/100|[from] item: Leftovers\n|upkeep\n|turn|6\n|\n|t:|1699731065\n|-end|p1a: Iron Moth|Quark Drive|[silent]\n|switch|p1a: Ninetales|Ninetales-Alola, F|100\/100\n|-weather|Snow|[from] ability: Snow Warning|[of] p1a: Ninetales\n|move|p2a: Clodsire|Earthquake|p1a: Ninetales\n|-damage|p1a: Ninetales|79\/100\n|\n|-weather|Snow|[upkeep]\n|-heal|p2a: Clodsire|100\/100|[from] item: Leftovers\n|upkeep\n|turn|7\n|\n|t:|1699731070\n|switch|p2a: Corviknight|Corviknight, M|100\/100\n|-ability|p2a: Corviknight|Pressure\n|move|p1a: Ninetales|Aurora Veil|p1a: Ninetales\n|-sidestart|p1: FavMon=Garchomp|move: Aurora Veil\n|\n|-weather|Snow|[upkeep]\n|upkeep\n|turn|8\n|\n|t:|1699731078\n|move|p1a: Ninetales|Freeze-Dry|p2a: Corviknight\n|-damage|p2a: Corviknight|80\/100\n|-status|p2a: Corviknight|frz\n|cant|p2a: Corviknight|frz\n|\n|-weather|Snow|[upkeep]\n|-heal|p2a: Corviknight|86\/100 frz|[from] item: Leftovers\n|upkeep\n|turn|9\n|\n|t:|1699731085\n|switch|p1a: Manaphy|Manaphy|100\/100\n|cant|p2a: Corviknight|frz\n|\n|-weather|Snow|[upkeep]\n|-heal|p2a: Corviknight|92\/100 frz|[from] item: Leftovers\n|upkeep\n|turn|10\n|\n|t:|1699731091\n|switch|p2a: Alomomola|Alomomola, M|100\/100\n|-damage|p2a: Alomomola|88\/100|[from] Spikes\n|move|p1a: Manaphy|Tail Glow|p1a: Manaphy\n|-boost|p1a: Manaphy|spa|3\n|\n|-weather|none\n|-heal|p2a: Alomomola|94\/100|[from] item: Leftovers\n|upkeep\n|turn|11\n|\n|t:|1699731096\n|move|p1a: Manaphy|Tail Glow|p1a: Manaphy\n|-boost|p1a: Manaphy|spa|3\n|move|p2a: Alomomola|Mirror Coat||[still]\n|-fail|p2a: Alomomola\n|\n|-heal|p2a: Alomomola|100\/100|[from] item: Leftovers\n|upkeep\n|turn|12\n|\n|t:|1699731098\n|move|p2a: Alomomola|Protect|p2a: Alomomola\n|-singleturn|p2a: Alomomola|Protect\n|move|p1a: Manaphy|Energy Ball|p2a: Alomomola\n|-activate|p2a: Alomomola|move: Protect\n|\n|upkeep\n|turn|13\n|\n|t:|1699731101\n|switch|p2a: Clodsire|Clodsire, M|100\/100\n|-damage|p2a: Clodsire|88\/100|[from] Spikes\n|move|p1a: Manaphy|Energy Ball|p2a: Clodsire\n|-crit|p2a: Clodsire\n|-damage|p2a: Clodsire|66\/100\n|\n|-heal|p2a: Clodsire|73\/100|[from] item: Leftovers\n|upkeep\n|turn|14\n|\n|t:|1699731105\n|-terastallize|p2a: Clodsire|Water\n|move|p1a: Manaphy|Surf|p2a: Clodsire\n|-resisted|p2a: Clodsire\n|-damage|p2a: Clodsire|61\/100\n|move|p2a: Clodsire|Toxic|p1a: Manaphy\n|-status|p1a: Manaphy|tox\n|\n|-heal|p2a: Clodsire|67\/100|[from] item: Leftovers\n|-damage|p1a: Manaphy|94\/100 tox|[from] psn\n|-sideend|p1: FavMon=Garchomp|move: Aurora Veil\n|upkeep\n|turn|15\n|\n|t:|1699731108\n|move|p1a: Manaphy|Energy Ball|p2a: Clodsire\n|-supereffective|p2a: Clodsire\n|-damage|p2a: Clodsire|40\/100\n|-unboost|p2a: Clodsire|spd|1\n|move|p2a: Clodsire|Recover|p2a: Clodsire\n|-heal|p2a: Clodsire|90\/100\n|\n|-heal|p1a: Manaphy|100\/100 tox|[from] item: Leftovers\n|-heal|p2a: Clodsire|96\/100|[from] item: Leftovers\n|-damage|p1a: Manaphy|88\/100 tox|[from] psn\n|upkeep\n|turn|16\n|\n|t:|1699731115\n|switch|p2a: Kingambit|Kingambit, F|100\/100\n|-damage|p2a: Kingambit|88\/100|[from] Spikes\n|-ability|p2a: Kingambit|Pressure\n|move|p1a: Manaphy|Energy Ball|p2a: Kingambit\n|-resisted|p2a: Kingambit\n|-damage|p2a: Kingambit|47\/100\n|\n|-heal|p1a: Manaphy|94\/100 tox|[from] item: Leftovers\n|-heal|p2a: Kingambit|53\/100|[from] item: Leftovers\n|-damage|p1a: Manaphy|76\/100 tox|[from] psn\n|upkeep\n|turn|17\n|\n|t:|1699731119\n|move|p2a: Kingambit|Protect|p2a: Kingambit\n|-singleturn|p2a: Kingambit|Protect\n|move|p1a: Manaphy|Surf|p2a: Kingambit\n|-activate|p2a: Kingambit|move: Protect\n|\n|-heal|p1a: Manaphy|82\/100 tox|[from] item: Leftovers\n|-heal|p2a: Kingambit|60\/100|[from] item: Leftovers\n|-damage|p1a: Manaphy|57\/100 tox|[from] psn\n|upkeep\n|turn|18\n|\n|t:|1699731127\n|switch|p2a: Clodsire|Clodsire, M, tera:Water|96\/100\n|-damage|p2a: Clodsire|83\/100|[from] Spikes\n|move|p1a: Manaphy|Surf|p2a: Clodsire\n|-resisted|p2a: Clodsire\n|-crit|p2a: Clodsire\n|-damage|p2a: Clodsire|66\/100\n|\n|-heal|p1a: Manaphy|64\/100 tox|[from] item: Leftovers\n|-heal|p2a: Clodsire|72\/100|[from] item: Leftovers\n|-damage|p1a: Manaphy|33\/100 tox|[from] psn\n|upkeep\n|turn|19\n|\n|t:|1699731130\n|switch|p1a: Ninetales|Ninetales-Alola, F|79\/100\n|-weather|Snow|[from] ability: Snow Warning|[of] p1a: Ninetales\n|move|p2a: Clodsire|Recover|p2a: Clodsire\n|-heal|p2a: Clodsire|100\/100\n|\n|-weather|Snow|[upkeep]\n|upkeep\n|turn|20\n|\n|t:|1699731134\n|switch|p2a: Corviknight|Corviknight, M|92\/100 frz\n|-ability|p2a: Corviknight|Pressure\n|move|p1a: Ninetales|Aurora Veil|p1a: Ninetales\n|-sidestart|p1: FavMon=Garchomp|move: Aurora Veil\n|\n|-weather|Snow|[upkeep]\n|-heal|p2a: Corviknight|99\/100 frz|[from] item: Leftovers\n|upkeep\n|turn|21\n|\n|t:|1699731139\n|switch|p1a: Kingambit|Kingambit, M|100\/100\n|-activate|p1a: Kingambit|ability: Supreme Overlord\n|-start|p1a: Kingambit|fallen1|[silent]\n|cant|p2a: Corviknight|frz\n|\n|-weather|Snow|[upkeep]\n|-heal|p2a: Corviknight|100\/100 frz|[from] item: Leftovers\n|upkeep\n|turn|22\n|\n|t:|1699731160\n|switch|p2a: Weezing|Weezing-Galar, F|100\/100\n|-ability|p2a: Weezing|Neutralizing Gas\n|-damage|p2a: Weezing|88\/100|[from] Spikes\n|move|p1a: Kingambit|Swords Dance|p1a: Kingambit\n|-boost|p1a: Kingambit|atk|2\n|\n|-weather|Snow|[upkeep]\n|upkeep\n|turn|23\n|\n|t:|1699731166\n|move|p2a: Weezing|Will-O-Wisp|p1a: Kingambit\n|-status|p1a: Kingambit|brn\n|move|p1a: Kingambit|Iron Head|p2a: Weezing\n|-supereffective|p2a: Weezing\n|-damage|p2a: Weezing|30\/100\n|\n|-weather|none\n|-damage|p1a: Kingambit|94\/100 brn|[from] brn\n|upkeep\n|turn|24\n|\n|t:|1699731174\n|-end|p2a: Weezing|ability: Neutralizing Gas\n|-activate|p1a: Kingambit|ability: Supreme Overlord\n|-start|p1a: Kingambit|fallen1|[silent]\n|switch|p2a: Corviknight|Corviknight, M|100\/100 frz\n|-ability|p2a: Corviknight|Pressure\n|move|p1a: Kingambit|Kowtow Cleave|p2a: Corviknight\n|-damage|p2a: Corviknight|69\/100 frz\n|\n|-heal|p2a: Corviknight|75\/100 frz|[from] item: Leftovers\n|-heal|p1a: Kingambit|100\/100 brn|[from] item: Leftovers\n|-damage|p1a: Kingambit|94\/100 brn|[from] brn\n|upkeep\n|turn|25\n|\n|t:|1699731179\n|-curestatus|p2a: Corviknight|frz|[msg]\n|move|p2a: Corviknight|Defog|p1a: Kingambit\n|-unboost|p1a: Kingambit|evasion|1\n|-sideend|p1: FavMon=Garchomp|move: Aurora Veil\n|-sideend|p2: GodKmi|Spikes|[from] move: Defog|[of] p2a: Corviknight\n|move|p1a: Kingambit|Kowtow Cleave|p2a: Corviknight\n|-damage|p2a: Corviknight|41\/100\n|\n|-heal|p2a: Corviknight|47\/100|[from] item: Leftovers\n|-heal|p1a: Kingambit|100\/100 brn|[from] item: Leftovers\n|-damage|p1a: Kingambit|94\/100 brn|[from] brn\n|upkeep\n|turn|26\n|\n|t:|1699731185\n|-end|p1a: Kingambit|fallen1|[silent]\n|switch|p1a: Ninetales|Ninetales-Alola, F|79\/100\n|-weather|Snow|[from] ability: Snow Warning|[of] p1a: Ninetales\n|move|p2a: Corviknight|Roost|p2a: Corviknight\n|-heal|p2a: Corviknight|97\/100\n|-singleturn|p2a: Corviknight|move: Roost\n|\n|-weather|Snow|[upkeep]\n|-heal|p2a: Corviknight|100\/100|[from] item: Leftovers\n|upkeep\n|turn|27\n|\n|t:|1699731193\n|switch|p2a: Kingambit|Kingambit, F|60\/100\n|-ability|p2a: Kingambit|Pressure\n|move|p1a: Ninetales|Aurora Veil|p1a: Ninetales\n|-sidestart|p1: FavMon=Garchomp|move: Aurora Veil\n|\n|-weather|Snow|[upkeep]\n|-heal|p2a: Kingambit|66\/100|[from] item: Leftovers\n|upkeep\n|turn|28\n|\n|t:|1699731200\n|move|p1a: Ninetales|Freeze-Dry|p2a: Kingambit\n|-resisted|p2a: Kingambit\n|-damage|p2a: Kingambit|58\/100\n|move|p2a: Kingambit|Substitute|p2a: Kingambit\n|-start|p2a: Kingambit|Substitute\n|-damage|p2a: Kingambit|33\/100\n|\n|-weather|Snow|[upkeep]\n|-heal|p2a: Kingambit|39\/100|[from] item: Leftovers\n|upkeep\n|turn|29\n|\n|t:|1699731203\n|move|p1a: Ninetales|Encore|p2a: Kingambit\n|-start|p2a: Kingambit|Encore\n|move|p2a: Kingambit|Substitute|p2a: Kingambit\n|-fail|p2a: Kingambit|move: Substitute\n|\n|-weather|Snow|[upkeep]\n|-heal|p2a: Kingambit|45\/100|[from] item: Leftovers\n|upkeep\n|turn|30\n|\n|t:|1699731212\n|switch|p1a: Iron Valiant|Iron Valiant|100\/100\n|-enditem|p1a: Iron Valiant|Booster Energy\n|-activate|p1a: Iron Valiant|ability: Quark Drive|[fromitem]\n|-start|p1a: Iron Valiant|quarkdrivespe\n|move|p2a: Kingambit|Substitute|p2a: Kingambit\n|-fail|p2a: Kingambit|move: Substitute\n|\n|-weather|none\n|-heal|p2a: Kingambit|51\/100|[from] item: Leftovers\n|upkeep\n|turn|31\n|\n|t:|1699731216\n|move|p1a: Iron Valiant|Moonblast|p2a: Kingambit\n|-end|p2a: Kingambit|Substitute\n|move|p2a: Kingambit|Substitute|p2a: Kingambit\n|-start|p2a: Kingambit|Substitute\n|-damage|p2a: Kingambit|26\/100\n|\n|-heal|p2a: Kingambit|33\/100|[from] item: Leftovers\n|-end|p2a: Kingambit|Encore\n|upkeep\n|turn|32\n|\n|t:|1699731220\n|move|p2a: Kingambit|Protect|p2a: Kingambit\n|-singleturn|p2a: Kingambit|Protect\n|move|p1a: Iron Valiant|Moonblast|p2a: Kingambit\n|-activate|p2a: Kingambit|move: Protect\n|\n|-heal|p2a: Kingambit|39\/100|[from] item: Leftovers\n|upkeep\n|turn|33\n|\n|t:|1699731232\n|move|p1a: Iron Valiant|Moonblast|p2a: Kingambit\n|-end|p2a: Kingambit|Substitute\n|move|p2a: Kingambit|Night Slash|p1a: Iron Valiant\n|-resisted|p1a: Iron Valiant\n|-damage|p1a: Iron Valiant|96\/100\n|\n|-heal|p2a: Kingambit|45\/100|[from] item: Leftovers\n|upkeep\n|turn|34\n|\n|t:|1699731244\n|move|p2a: Kingambit|Protect|p2a: Kingambit\n|-singleturn|p2a: Kingambit|Protect\n|move|p1a: Iron Valiant|Moonblast|p2a: Kingambit\n|-activate|p2a: Kingambit|move: Protect\n|\n|-heal|p2a: Kingambit|51\/100|[from] item: Leftovers\n|-sideend|p1: FavMon=Garchomp|move: Aurora Veil\n|upkeep\n|turn|35\n|inactive|Battle timer is ON: inactive players will automatically lose when time's up. (requested by FavMon=Garchomp)\n|\n|t:|1699731252\n|switch|p2a: Clodsire|Clodsire, M, tera:Water|100\/100\n|move|p1a: Iron Valiant|Moonblast|p2a: Clodsire\n|-damage|p2a: Clodsire|72\/100\n|\n|-heal|p2a: Clodsire|78\/100|[from] item: Leftovers\n|upkeep\n|turn|36\n|\n|t:|1699731259\n|move|p1a: Iron Valiant|Hypnosis|p2a: Clodsire|[miss]\n|-miss|p1a: Iron Valiant|p2a: Clodsire\n|move|p2a: Clodsire|Toxic|p1a: Iron Valiant\n|-status|p1a: Iron Valiant|tox\n|\n|-heal|p2a: Clodsire|85\/100|[from] item: Leftovers\n|-damage|p1a: Iron Valiant|89\/100 tox|[from] psn\n|upkeep\n|turn|37\n|-message|FavMon=Garchomp forfeited.\n|\n|win|GodKmi\n|l|\u2606FavMon=Garchomp\n","uploadtime":1699731267,"views":11,"p1id":"favmongarchomp","p2id":"godkmi","formatid":"gen9ou","rating":0,"private":0,"password":""}