{"id":"gen9ou-1994568674","p1":"OUFC Test1","p2":"you have homework","format":"[Gen 9] OU","log":"|j|\u203dOUFC Test1\n|j|\u2606you have homework\n|t:|1700461391\n|gametype|singles\n|player|p1|OUFC Test1|iono|1596\n|player|p2|you have homework|265|1631\n|teamsize|p1|6\n|teamsize|p2|6\n|gen|9\n|tier|[Gen 9] OU\n|rated|\n|rule|Sleep Clause Mod: Limit one foe put to sleep\n|rule|Species Clause: Limit one of each Pok\u00e9mon\n|rule|OHKO Clause: OHKO moves are banned\n|rule|Evasion Items Clause: Evasion items are banned\n|rule|Evasion Moves Clause: Evasion moves are banned\n|rule|Endless Battle Clause: Forcing endless battles is banned\n|rule|HP Percentage Mod: HP is shown in percentages\n|clearpoke\n|poke|p1|Meowscarada, F|\n|poke|p1|Ogerpon, F|\n|poke|p1|Moltres|\n|poke|p1|Garganacl, F|\n|poke|p1|Samurott-Hisui, F|\n|poke|p1|Gholdengo|\n|poke|p2|Great Tusk|\n|poke|p2|Slowking-Galar, F|\n|poke|p2|Ting-Lu|\n|poke|p2|Heatran, F|\n|poke|p2|Okidogi, M|\n|poke|p2|Mandibuzz, F|\n|teampreview\n|\n|t:|1700461410\n|start\n|switch|p1a: Ogerpon|Ogerpon, F|100\/100\n|switch|p2a: Okidogi|Okidogi, M|100\/100\n|turn|1\n|\n|t:|1700461414\n|move|p1a: Ogerpon|U-turn|p2a: Okidogi\n|-resisted|p2a: Okidogi\n|-damage|p2a: Okidogi|94\/100\n|\n|t:|1700461459\n|switch|p1a: Moltres|Moltres|100\/100|[from] U-turn\n|move|p2a: Okidogi|Poison Fang|p1a: Moltres\n|-damage|p1a: Moltres|81\/100\n|-status|p1a: Moltres|tox\n|\n|-heal|p2a: Okidogi|99\/100|[from] item: Leftovers\n|-damage|p1a: Moltres|75\/100 tox|[from] psn\n|upkeep\n|turn|2\n|\n|t:|1700461470\n|switch|p2a: Heatran|Heatran, F|100\/100\n|move|p1a: Moltres|U-turn|p2a: Heatran\n|-resisted|p2a: Heatran\n|-damage|p2a: Heatran|98\/100\n|\n|t:|1700461486\n|switch|p1a: Samurott|Samurott-Hisui, F|100\/100|[from] U-turn\n|\n|-heal|p2a: Heatran|100\/100|[from] item: Leftovers\n|upkeep\n|turn|3\n|\n|t:|1700461495\n|switch|p2a: Okidogi|Okidogi, M|99\/100\n|move|p1a: Samurott|Swords Dance|p1a: Samurott\n|-boost|p1a: Samurott|atk|2\n|\n|-heal|p2a: Okidogi|100\/100|[from] item: Leftovers\n|upkeep\n|turn|4\n|\n|t:|1700461524\n|switch|p1a: Moltres|Moltres|75\/100 tox\n|move|p2a: Okidogi|Drain Punch|p1a: Moltres\n|-resisted|p1a: Moltres\n|-damage|p1a: Moltres|62\/100 tox\n|\n|-damage|p1a: Moltres|56\/100 tox|[from] psn\n|upkeep\n|turn|5\n|j| dfghhhg\n|\n|t:|1700461532\n|move|p1a: Moltres|U-turn|p2a: Okidogi\n|-resisted|p2a: Okidogi\n|-damage|p2a: Okidogi|98\/100\n|\n|t:|1700461535\n|switch|p1a: Gholdengo|Gholdengo|100\/100|[from] U-turn\n|move|p2a: Okidogi|Bulk Up|p2a: Okidogi\n|-boost|p2a: Okidogi|atk|1\n|-boost|p2a: Okidogi|def|1\n|\n|-heal|p2a: Okidogi|100\/100|[from] item: Leftovers\n|upkeep\n|turn|6\n|j| ucica\n|\n|t:|1700461542\n|switch|p1a: Moltres|Moltres|56\/100 tox\n|move|p2a: Okidogi|Knock Off|p1a: Moltres\n|-damage|p1a: Moltres|16\/100 tox\n|-enditem|p1a: Moltres|Heavy-Duty Boots|[from] move: Knock Off|[of] p2a: Okidogi\n|\n|-damage|p1a: Moltres|10\/100 tox|[from] psn\n|upkeep\n|turn|7\n|\n|t:|1700461550\n|switch|p2a: Heatran|Heatran, F|100\/100\n|move|p1a: Moltres|Will-O-Wisp|p2a: Heatran\n|-start|p2a: Heatran|ability: Flash Fire\n|\n|-damage|p1a: Moltres|0 fnt|[from] psn\n|faint|p1a: Moltres\n|upkeep\n|\n|t:|1700461561\n|switch|p1a: Samurott|Samurott-Hisui, F|100\/100\n|turn|8\n|\n|t:|1700461568\n|-end|p2a: Heatran|ability: Flash Fire|[silent]\n|switch|p2a: Mandibuzz|Mandibuzz, F|100\/100\n|move|p1a: Samurott|Ceaseless Edge|p2a: Mandibuzz\n|-resisted|p2a: Mandibuzz\n|-damage|p2a: Mandibuzz|88\/100\n|-sidestart|p2: you have homework|Spikes\n|\n|upkeep\n|turn|9\n|\n|t:|1700461575\n|switch|p1a: Garganacl|Garganacl, F|100\/100\n|move|p2a: Mandibuzz|Knock Off|p1a: Garganacl\n|-damage|p1a: Garganacl|86\/100\n|-enditem|p1a: Garganacl|Leftovers|[from] move: Knock Off|[of] p2a: Mandibuzz\n|\n|upkeep\n|turn|10\n|\n|t:|1700461581\n|move|p2a: Mandibuzz|Defog|p1a: Garganacl\n|-unboost|p1a: Garganacl|evasion|1\n|-sideend|p2: you have homework|Spikes|[from] move: Defog|[of] p2a: Mandibuzz\n|move|p1a: Garganacl|Salt Cure|p2a: Mandibuzz\n|-supereffective|p2a: Mandibuzz\n|-damage|p2a: Mandibuzz|74\/100\n|-start|p2a: Mandibuzz|Salt Cure\n|\n|-damage|p2a: Mandibuzz|61\/100|[from] Salt Cure\n|upkeep\n|turn|11\n|\n|t:|1700461605\n|switch|p2a: Okidogi|Okidogi, M|100\/100\n|move|p1a: Garganacl|Salt Cure|p2a: Okidogi\n|-resisted|p2a: Okidogi\n|-damage|p2a: Okidogi|95\/100\n|-start|p2a: Okidogi|Salt Cure\n|\n|-heal|p2a: Okidogi|100\/100|[from] item: Leftovers\n|-damage|p2a: Okidogi|88\/100|[from] Salt Cure\n|upkeep\n|turn|12\n|j| Bad Dragoon\n|\n|t:|1700461616\n|switch|p2a: Ting-Lu|Ting-Lu|100\/100\n|-ability|p2a: Ting-Lu|Vessel of Ruin\n|move|p1a: Garganacl|Curse|p1a: Garganacl\n|-unboost|p1a: Garganacl|spe|1\n|-boost|p1a: Garganacl|atk|1\n|-boost|p1a: Garganacl|def|1\n|\n|upkeep\n|turn|13\n|\n|t:|1700461624\n|move|p2a: Ting-Lu|Ruination|p1a: Garganacl\n|-damage|p1a: Garganacl|44\/100\n|move|p1a: Garganacl|Salt Cure|p2a: Ting-Lu\n|-resisted|p2a: Ting-Lu\n|-damage|p2a: Ting-Lu|95\/100\n|-start|p2a: Ting-Lu|Salt Cure\n|\n|-heal|p2a: Ting-Lu|100\/100|[from] item: Leftovers\n|-damage|p2a: Ting-Lu|88\/100|[from] Salt Cure\n|upkeep\n|turn|14\n|\n|t:|1700461659\n|move|p2a: Ting-Lu|Spikes|p1a: Garganacl\n|-sidestart|p1: OUFC Test1|Spikes\n|move|p1a: Garganacl|Recover|p1a: Garganacl\n|-heal|p1a: Garganacl|94\/100\n|\n|-heal|p2a: Ting-Lu|94\/100|[from] item: Leftovers\n|-damage|p2a: Ting-Lu|82\/100|[from] Salt Cure\n|upkeep\n|turn|15\n|\n|t:|1700461667\n|move|p2a: Ting-Lu|Ruination|p1a: Garganacl\n|-damage|p1a: Garganacl|47\/100\n|move|p1a: Garganacl|Curse|p1a: Garganacl\n|-unboost|p1a: Garganacl|spe|1\n|-boost|p1a: Garganacl|atk|1\n|-boost|p1a: Garganacl|def|1\n|\n|-heal|p2a: Ting-Lu|88\/100|[from] item: Leftovers\n|-damage|p2a: Ting-Lu|76\/100|[from] Salt Cure\n|upkeep\n|turn|16\n|\n|t:|1700461699\n|switch|p2a: Slowking|Slowking-Galar, F|100\/100\n|move|p1a: Garganacl|Recover|p1a: Garganacl\n|-heal|p1a: Garganacl|97\/100\n|\n|upkeep\n|turn|17\n|\n|t:|1700461706\n|move|p2a: Slowking|Surf|p1a: Garganacl\n|-supereffective|p1a: Garganacl\n|-damage|p1a: Garganacl|57\/100\n|move|p1a: Garganacl|Earthquake|p2a: Slowking\n|-supereffective|p2a: Slowking\n|-damage|p2a: Slowking|0 fnt\n|faint|p2a: Slowking\n|\n|upkeep\n|j| iampsykick\n|\n|t:|1700461729\n|switch|p2a: Heatran|Heatran, F|100\/100\n|turn|18\n|l| iampsykick\n|\n|t:|1700461740\n|-terastallize|p2a: Heatran|Grass\n|move|p2a: Heatran|Magma Storm|p1a: Garganacl\n|-resisted|p1a: Garganacl\n|-damage|p1a: Garganacl|32\/100\n|-activate|p1a: Garganacl|move: Magma Storm|[of] p2a: Heatran\n|move|p1a: Garganacl|Recover|p1a: Garganacl\n|-heal|p1a: Garganacl|82\/100\n|\n|-damage|p1a: Garganacl|70\/100|[from] move: Magma Storm|[partiallytrapped]\n|upkeep\n|turn|19\n|\n|t:|1700461751\n|move|p2a: Heatran|Earth Power|p1a: Garganacl\n|-supereffective|p1a: Garganacl\n|-damage|p1a: Garganacl|9\/100\n|move|p1a: Garganacl|Salt Cure|p2a: Heatran\n|-damage|p2a: Heatran|77\/100\n|-start|p2a: Heatran|Salt Cure\n|\n|-heal|p2a: Heatran|83\/100|[from] item: Leftovers\n|-damage|p2a: Heatran|71\/100|[from] Salt Cure\n|-damage|p1a: Garganacl|0 fnt|[from] move: Magma Storm|[partiallytrapped]\n|faint|p1a: Garganacl\n|upkeep\n|\n|t:|1700461758\n|switch|p1a: Gholdengo|Gholdengo|100\/100\n|-damage|p1a: Gholdengo|88\/100|[from] Spikes\n|turn|20\n|\n|t:|1700461769\n|-terastallize|p1a: Gholdengo|Water\n|move|p1a: Gholdengo|Nasty Plot|p1a: Gholdengo\n|-boost|p1a: Gholdengo|spa|2\n|move|p2a: Heatran|Flamethrower|p1a: Gholdengo\n|-resisted|p1a: Gholdengo\n|-damage|p1a: Gholdengo|61\/100\n|\n|-heal|p1a: Gholdengo|68\/100|[from] item: Leftovers\n|-heal|p2a: Heatran|77\/100|[from] item: Leftovers\n|-damage|p2a: Heatran|64\/100|[from] Salt Cure\n|upkeep\n|turn|21\n|\n|t:|1700461802\n|switch|p2a: Ting-Lu|Ting-Lu|76\/100\n|-ability|p2a: Ting-Lu|Vessel of Ruin\n|move|p1a: Gholdengo|Recover|p1a: Gholdengo\n|-heal|p1a: Gholdengo|100\/100\n|\n|-heal|p2a: Ting-Lu|82\/100|[from] item: Leftovers\n|upkeep\n|turn|22\n|\n|t:|1700461810\n|move|p1a: Gholdengo|Nasty Plot|p1a: Gholdengo\n|-boost|p1a: Gholdengo|spa|2\n|move|p2a: Ting-Lu|Ruination|p1a: Gholdengo\n|-damage|p1a: Gholdengo|51\/100\n|\n|-heal|p1a: Gholdengo|57\/100|[from] item: Leftovers\n|-heal|p2a: Ting-Lu|88\/100|[from] item: Leftovers\n|upkeep\n|turn|23\n|\n|t:|1700461819\n|move|p1a: Gholdengo|Nasty Plot|p1a: Gholdengo\n|-boost|p1a: Gholdengo|spa|2\n|move|p2a: Ting-Lu|Earthquake|p1a: Gholdengo\n|-damage|p1a: Gholdengo|30\/100\n|\n|-heal|p1a: Gholdengo|36\/100|[from] item: Leftovers\n|-heal|p2a: Ting-Lu|94\/100|[from] item: Leftovers\n|upkeep\n|turn|24\n|\n|t:|1700461827\n|move|p1a: Gholdengo|Recover|p1a: Gholdengo\n|-heal|p1a: Gholdengo|86\/100\n|move|p2a: Ting-Lu|Earthquake|p1a: Gholdengo\n|-damage|p1a: Gholdengo|61\/100\n|\n|-heal|p1a: Gholdengo|67\/100|[from] item: Leftovers\n|-heal|p2a: Ting-Lu|100\/100|[from] item: Leftovers\n|upkeep\n|turn|25\n|\n|t:|1700461847\n|move|p1a: Gholdengo|Tera Blast|p2a: Ting-Lu|[anim] Tera Blast Water\n|-supereffective|p2a: Ting-Lu\n|-damage|p2a: Ting-Lu|0 fnt\n|faint|p2a: Ting-Lu\n|\n|-heal|p1a: Gholdengo|73\/100|[from] item: Leftovers\n|upkeep\n|c|\u2606you have homework|gholdengo is a free win\n|-message|you have homework forfeited.\n|\n|win|OUFC Test1\n|raw|OUFC Test1's rating: 1596 &rarr; <strong>1618<\/strong><br \/>(+22 for winning)\n|raw|you have homework's rating: 1631 &rarr; <strong>1609<\/strong><br \/>(-22 for losing)\n|l|\u2606you have homework\n|l| ucica\n|l| Bad Dragoon\n|l|\u203dOUFC Test1\n|j|\u203dOUFC Test1\n|player|p1|OUFC Test1|iono\n|n|\u203dOUFC Test1|oufctest1\n","uploadtime":1700464185,"views":13,"p1id":"oufctest1","p2id":"youhavehomework","formatid":"gen9ou","rating":1609,"private":0,"password":""}