{"id":"gen9ou-1988812014","p1":"jdrick","p2":"mamapeo","format":"[Gen 9] OU","log":"|j|\u2606jdrick\n|j|\u2606mamapeo\n|t:|1699766734\n|gametype|singles\n|player|p1|jdrick|clerk|1000\n|player|p2|mamapeo|swimmer-gen4|1027\n|teamsize|p1|6\n|teamsize|p2|6\n|gen|9\n|tier|[Gen 9] OU\n|rated|\n|rule|Sleep Clause Mod: Limit one foe put to sleep\n|rule|Species Clause: Limit one of each Pok\u00e9mon\n|rule|OHKO Clause: OHKO moves are banned\n|rule|Evasion Items Clause: Evasion items are banned\n|rule|Evasion Moves Clause: Evasion moves are banned\n|rule|Endless Battle Clause: Forcing endless battles is banned\n|rule|HP Percentage Mod: HP is shown in percentages\n|clearpoke\n|poke|p1|Dragapult, F|\n|poke|p1|Sneasler, F|\n|poke|p1|Toxapex, M|\n|poke|p1|Samurott-Hisui, M|\n|poke|p1|Kingambit, M|\n|poke|p1|Clefable, F|\n|poke|p2|Gengar, M|\n|poke|p2|Blissey, F|\n|poke|p2|Gallade, M|\n|poke|p2|Gliscor, M|\n|poke|p2|Volcanion|\n|poke|p2|Cetitan, M|\n|teampreview\n|\n|t:|1699766741\n|start\n|switch|p1a: Dragapult|Dragapult, F|100\/100\n|switch|p2a: Gengar|Gengar, M|100\/100\n|turn|1\n|\n|t:|1699766754\n|move|p1a: Dragapult|Light Screen|p1a: Dragapult\n|-sidestart|p1: jdrick|move: Light Screen\n|move|p2a: Gengar|Substitute|p2a: Gengar\n|-start|p2a: Gengar|Substitute\n|-damage|p2a: Gengar|75\/100\n|\n|upkeep\n|turn|2\n|\n|t:|1699766760\n|move|p1a: Dragapult|Dragon Darts|p2a: Gengar\n|-end|p2a: Gengar|Substitute\n|-anim|p1a: Dragapult|Dragon Darts|p2a: Gengar\n|-damage|p2a: Gengar|45\/100\n|-start|p1a: Dragapult|Disable|Dragon Darts|[from] ability: Cursed Body|[of] p2a: Gengar\n|move|p2a: Gengar|Nasty Plot|p2a: Gengar\n|-boost|p2a: Gengar|spa|2\n|\n|upkeep\n|turn|3\n|\n|t:|1699766775\n|switch|p1a: Toxapex|Toxapex, M|100\/100\n|move|p2a: Gengar|Shadow Ball|p1a: Toxapex\n|-damage|p1a: Toxapex|63\/100\n|-damage|p2a: Gengar|35\/100|[from] item: Life Orb\n|\n|-heal|p1a: Toxapex|70\/100|[from] item: Leftovers\n|upkeep\n|turn|4\n|\n|t:|1699766798\n|move|p2a: Gengar|Destiny Bond|p2a: Gengar\n|-singlemove|p2a: Gengar|Destiny Bond\n|move|p1a: Toxapex|Haze|p1a: Toxapex\n|-clearallboost\n|\n|-heal|p1a: Toxapex|76\/100|[from] item: Leftovers\n|upkeep\n|turn|5\n|\n|t:|1699766807\n|move|p2a: Gengar|Shadow Ball|p1a: Toxapex\n|-crit|p1a: Toxapex\n|-damage|p1a: Toxapex|21\/100\n|-damage|p2a: Gengar|25\/100|[from] item: Life Orb\n|move|p1a: Toxapex|Recover|p1a: Toxapex\n|-heal|p1a: Toxapex|71\/100\n|\n|-heal|p1a: Toxapex|77\/100|[from] item: Leftovers\n|upkeep\n|turn|6\n|\n|t:|1699766816\n|move|p2a: Gengar|Destiny Bond|p2a: Gengar\n|-singlemove|p2a: Gengar|Destiny Bond\n|move|p1a: Toxapex|Recover|p1a: Toxapex\n|-heal|p1a: Toxapex|100\/100\n|\n|upkeep\n|turn|7\n|\n|t:|1699766831\n|switch|p1a: Dragapult|Dragapult, F|100\/100\n|move|p2a: Gengar|Shadow Ball|p1a: Dragapult\n|-supereffective|p1a: Dragapult\n|-damage|p1a: Dragapult|48\/100\n|-damage|p2a: Gengar|15\/100|[from] item: Life Orb\n|\n|upkeep\n|turn|8\n|\n|t:|1699766844\n|move|p1a: Dragapult|Dragon Darts|p2a: Gengar\n|-damage|p2a: Gengar|0 fnt\n|faint|p2a: Gengar\n|\n|-sideend|p1: jdrick|move: Light Screen\n|upkeep\n|\n|t:|1699766851\n|switch|p2a: Cetitan|Cetitan, M|100\/100\n|turn|9\n|\n|t:|1699766862\n|switch|p1a: Toxapex|Toxapex, M|100\/100\n|move|p2a: Cetitan|Belly Drum|p2a: Cetitan\n|-damage|p2a: Cetitan|50\/100\n|-setboost|p2a: Cetitan|atk|6|[from] move: Belly Drum\n|-enditem|p2a: Cetitan|Sitrus Berry|[eat]\n|-heal|p2a: Cetitan|75\/100|[from] item: Sitrus Berry\n|\n|upkeep\n|turn|10\n|\n|t:|1699766873\n|move|p2a: Cetitan|Earthquake|p1a: Toxapex\n|-supereffective|p1a: Toxapex\n|-damage|p1a: Toxapex|0 fnt\n|faint|p1a: Toxapex\n|\n|upkeep\n|\n|t:|1699766880\n|switch|p1a: Sneasler|Sneasler, F|100\/100\n|turn|11\n|\n|t:|1699766886\n|move|p1a: Sneasler|Fake Out|p2a: Cetitan\n|-damage|p2a: Cetitan|60\/100\n|-status|p2a: Cetitan|psn|[from] ability: Poison Touch|[of] p1a: Sneasler\n|cant|p2a: Cetitan|flinch\n|\n|-damage|p2a: Cetitan|48\/100 psn|[from] psn\n|upkeep\n|turn|12\n|\n|t:|1699766897\n|move|p1a: Sneasler|Close Combat|p2a: Cetitan\n|-supereffective|p2a: Cetitan\n|-damage|p2a: Cetitan|0 fnt\n|-unboost|p1a: Sneasler|def|1\n|-unboost|p1a: Sneasler|spd|1\n|faint|p2a: Cetitan\n|\n|upkeep\n|\n|t:|1699766904\n|switch|p2a: Gallade|Gallade, M|100\/100\n|turn|13\n|\n|t:|1699766919\n|move|p1a: Sneasler|U-turn|p2a: Gallade\n|-damage|p2a: Gallade|57\/100\n|\n|t:|1699766923\n|switch|p1a: Yamato|Samurott-Hisui, M, shiny|100\/100|[from] U-turn\n|move|p2a: Gallade|Air Slash|p1a: Yamato\n|-damage|p1a: Yamato|72\/100\n|\n|upkeep\n|turn|14\n|\n|t:|1699766933\n|switch|p1a: Clefable|Clefable, F|100\/100\n|switch|p2a: Volcanion|Volcanion|100\/100\n|\n|upkeep\n|turn|15\n|\n|t:|1699766942\n|move|p2a: Volcanion|Steam Eruption|p1a: Clefable\n|-damage|p1a: Clefable|43\/100\n|-status|p1a: Clefable|brn\n|move|p1a: Clefable|Stealth Rock|p2a: Volcanion\n|-sidestart|p2: mamapeo|move: Stealth Rock\n|\n|-heal|p1a: Clefable|49\/100 brn|[from] item: Leftovers\n|upkeep\n|turn|16\n|\n|t:|1699766953\n|move|p1a: Clefable|Protect|p1a: Clefable\n|-singleturn|p1a: Clefable|Protect\n|move|p2a: Volcanion|Flamethrower|p1a: Clefable\n|-activate|p1a: Clefable|move: Protect\n|\n|-heal|p1a: Clefable|56\/100 brn|[from] item: Leftovers\n|upkeep\n|turn|17\n|\n|t:|1699766960\n|move|p2a: Volcanion|Flamethrower|p1a: Clefable\n|-damage|p1a: Clefable|7\/100 brn\n|move|p1a: Clefable|Wish|p1a: Clefable\n|\n|-heal|p1a: Clefable|13\/100 brn|[from] item: Leftovers\n|upkeep\n|turn|18\n|\n|t:|1699766974\n|switch|p1a: Dragapult|Dragapult, F|48\/100\n|move|p2a: Volcanion|Earth Power|p1a: Dragapult\n|-damage|p1a: Dragapult|9\/100\n|\n|-heal|p1a: Dragapult|61\/100|[from] move: Wish|[wisher] Clefable\n|upkeep\n|turn|19\n|\n|t:|1699766986\n|move|p1a: Dragapult|Light Screen|p1a: Dragapult\n|-sidestart|p1: jdrick|move: Light Screen\n|move|p2a: Volcanion|Steam Eruption|p1a: Dragapult\n|-resisted|p1a: Dragapult\n|-damage|p1a: Dragapult|43\/100\n|\n|upkeep\n|turn|20\n|\n|t:|1699766994\n|move|p1a: Dragapult|Dragon Darts|p2a: Volcanion\n|-damage|p2a: Volcanion|82\/100\n|-anim|p1a: Dragapult|Dragon Darts|p2a: Volcanion\n|-damage|p2a: Volcanion|65\/100\n|move|p2a: Volcanion|Earth Power|p1a: Dragapult\n|-damage|p1a: Dragapult|24\/100\n|\n|upkeep\n|turn|21\n|\n|t:|1699767008\n|move|p1a: Dragapult|Curse|p2a: Volcanion\n|-start|p2a: Volcanion|Curse|[of] p1a: Dragapult\n|-damage|p1a: Dragapult|0 fnt\n|faint|p1a: Dragapult\n|move|p2a: Volcanion|Earth Power|p1: Dragapult|[notarget]\n|-fail|p2a: Volcanion\n|\n|-damage|p2a: Volcanion|40\/100|[from] Curse\n|upkeep\n|\n|t:|1699767021\n|switch|p1a: Yamato|Samurott-Hisui, M, shiny|72\/100\n|turn|22\n|\n|t:|1699767030\n|move|p1a: Yamato|Ceaseless Edge|p2a: Volcanion\n|-damage|p2a: Volcanion|0 fnt\n|-sidestart|p2: mamapeo|Spikes\n|faint|p2a: Volcanion\n|\n|upkeep\n|\n|t:|1699767036\n|switch|p2a: Blissey|Blissey, F|100\/100\n|-damage|p2a: Blissey|88\/100|[from] Stealth Rock\n|-damage|p2a: Blissey|76\/100|[from] Spikes\n|turn|23\n|\n|t:|1699767044\n|switch|p1a: Sneasler|Sneasler, F|100\/100\n|move|p2a: Blissey|Substitute|p2a: Blissey\n|-start|p2a: Blissey|Substitute\n|-damage|p2a: Blissey|51\/100\n|\n|-heal|p2a: Blissey|57\/100|[from] item: Leftovers\n|upkeep\n|turn|24\n|\n|t:|1699767056\n|-singleturn|p2a: Blissey|move: Focus Punch\n|move|p1a: Sneasler|Fake Out|p2a: Blissey\n|-activate|p2a: Blissey|move: Substitute|[damage]\n|move|p2a: Blissey|Focus Punch|p1a: Sneasler\n|-resisted|p1a: Sneasler\n|-damage|p1a: Sneasler|87\/100\n|\n|-heal|p2a: Blissey|63\/100|[from] item: Leftovers\n|upkeep\n|turn|25\n|\n|t:|1699767067\n|move|p1a: Sneasler|Dire Claw|p2a: Blissey\n|-end|p2a: Blissey|Substitute\n|move|p2a: Blissey|Defense Curl|p2a: Blissey\n|-boost|p2a: Blissey|def|1\n|\n|-heal|p2a: Blissey|69\/100|[from] item: Leftovers\n|upkeep\n|turn|26\n|\n|t:|1699767075\n|move|p1a: Sneasler|Dire Claw|p2a: Blissey\n|-crit|p2a: Blissey\n|-damage|p2a: Blissey|0 fnt\n|faint|p2a: Blissey\n|\n|-sideend|p1: jdrick|move: Light Screen\n|upkeep\n|\n|t:|1699767081\n|switch|p2a: Gliscor|Gliscor, M, shiny|100\/100\n|-damage|p2a: Gliscor|88\/100|[from] Stealth Rock\n|turn|27\n|\n|t:|1699767091\n|move|p1a: Sneasler|U-turn|p2a: Gliscor\n|-resisted|p2a: Gliscor\n|-damage|p2a: Gliscor|80\/100\n|-status|p2a: Gliscor|psn|[from] ability: Poison Touch|[of] p1a: Sneasler\n|\n|t:|1699767096\n|switch|p1a: Clefable|Clefable, F|13\/100 brn|[from] U-turn\n|move|p2a: Gliscor|Earthquake|p1a: Clefable\n|-damage|p1a: Clefable|0 fnt\n|faint|p1a: Clefable\n|\n|-heal|p2a: Gliscor|93\/100 psn|[from] ability: Poison Heal\n|upkeep\n|\n|t:|1699767101\n|switch|p1a: Yamato|Samurott-Hisui, M, shiny|72\/100\n|turn|28\n|\n|t:|1699767112\n|move|p2a: Gliscor|Protect|p2a: Gliscor\n|-singleturn|p2a: Gliscor|Protect\n|move|p1a: Yamato|Aqua Cutter|p2a: Gliscor\n|-activate|p2a: Gliscor|move: Protect\n|\n|-heal|p2a: Gliscor|100\/100 psn|[from] ability: Poison Heal\n|upkeep\n|turn|29\n|\n|t:|1699767126\n|switch|p2a: Gallade|Gallade, M|57\/100\n|-damage|p2a: Gallade|51\/100|[from] Stealth Rock\n|-damage|p2a: Gallade|38\/100|[from] Spikes\n|-terastallize|p1a: Yamato|Water\n|move|p1a: Yamato|Aqua Cutter|p2a: Gallade\n|-crit|p2a: Gallade\n|-damage|p2a: Gallade|0 fnt\n|faint|p2a: Gallade\n|\n|upkeep\n|\n|t:|1699767135\n|switch|p2a: Gliscor|Gliscor, M, shiny|100\/100 psn\n|-damage|p2a: Gliscor|88\/100 psn|[from] Stealth Rock\n|turn|30\n|\n|t:|1699767140\n|move|p1a: Yamato|Aqua Jet|p2a: Gliscor\n|-supereffective|p2a: Gliscor\n|-damage|p2a: Gliscor|50\/100 psn\n|move|p2a: Gliscor|Earthquake|p1a: Yamato\n|-damage|p1a: Yamato|30\/100\n|\n|-heal|p2a: Gliscor|62\/100 psn|[from] ability: Poison Heal\n|upkeep\n|turn|31\n|\n|t:|1699767149\n|move|p1a: Yamato|Aqua Jet|p2a: Gliscor\n|-supereffective|p2a: Gliscor\n|-damage|p2a: Gliscor|21\/100 psn\n|move|p2a: Gliscor|Earthquake|p1a: Yamato\n|-damage|p1a: Yamato|0 fnt\n|faint|p1a: Yamato\n|\n|-heal|p2a: Gliscor|34\/100 psn|[from] ability: Poison Heal\n|upkeep\n|\n|t:|1699767155\n|switch|p1a: Sneasler|Sneasler, F|87\/100\n|turn|32\n|\n|t:|1699767160\n|move|p1a: Sneasler|Dire Claw|p2a: Gliscor\n|-resisted|p2a: Gliscor\n|-damage|p2a: Gliscor|19\/100 psn\n|move|p2a: Gliscor|Earthquake|p1a: Sneasler\n|-supereffective|p1a: Sneasler\n|-crit|p1a: Sneasler\n|-damage|p1a: Sneasler|0 fnt\n|faint|p1a: Sneasler\n|\n|-heal|p2a: Gliscor|31\/100 psn|[from] ability: Poison Heal\n|upkeep\n|\n|t:|1699767164\n|switch|p1a: Kingambit|Kingambit, M|100\/100\n|-activate|p1a: Kingambit|ability: Supreme Overlord\n|-start|p1a: Kingambit|fallen5|[silent]\n|turn|33\n|\n|t:|1699767175\n|move|p2a: Gliscor|Protect|p2a: Gliscor\n|-singleturn|p2a: Gliscor|Protect\n|move|p1a: Kingambit|Sucker Punch||[still]\n|-fail|p1a: Kingambit\n|\n|-heal|p2a: Gliscor|44\/100 psn|[from] ability: Poison Heal\n|upkeep\n|turn|34\n|\n|t:|1699767183\n|move|p1a: Kingambit|Sucker Punch|p2a: Gliscor\n|-damage|p2a: Gliscor|2\/100 psn\n|move|p2a: Gliscor|Earthquake|p1a: Kingambit\n|-supereffective|p1a: Kingambit\n|-damage|p1a: Kingambit|53\/100\n|\n|-heal|p1a: Kingambit|60\/100|[from] item: Leftovers\n|-heal|p2a: Gliscor|14\/100 psn|[from] ability: Poison Heal\n|upkeep\n|turn|35\n|\n|t:|1699767192\n|move|p2a: Gliscor|Protect|p2a: Gliscor\n|-singleturn|p2a: Gliscor|Protect\n|move|p1a: Kingambit|Sucker Punch||[still]\n|-fail|p1a: Kingambit\n|\n|-heal|p1a: Kingambit|66\/100|[from] item: Leftovers\n|-heal|p2a: Gliscor|27\/100 psn|[from] ability: Poison Heal\n|upkeep\n|turn|36\n|\n|t:|1699767199\n|move|p1a: Kingambit|Sucker Punch|p2a: Gliscor\n|-damage|p2a: Gliscor|0 fnt\n|faint|p2a: Gliscor\n|\n|win|jdrick\n|raw|jdrick's rating: 1000 &rarr; <strong>1043<\/strong><br \/>(+43 for winning)\n|raw|mamapeo's rating: 1027 &rarr; <strong>1012<\/strong><br \/>(-15 for losing)\n|c|\u2606jdrick|gg\n|l|\u2606mamapeo\n","uploadtime":1699767209,"views":14,"p1id":"jdrick","p2id":"mamapeo","formatid":"gen9ou","rating":1012,"private":0,"password":""}