{"id":"gen9ou-1988702855","p1":"SpasDeuzi","p2":"anhubish","format":"[Gen 9] OU","log":"|j|\u2606SpasDeuzi\n|j|\u2606anhubish\n|t:|1699752586\n|gametype|singles\n|player|p1|SpasDeuzi|265|1113\n|player|p2|anhubish|doubleteam|1019\n|teamsize|p1|6\n|teamsize|p2|6\n|gen|9\n|tier|[Gen 9] OU\n|rated|\n|rule|Sleep Clause Mod: Limit one foe put to sleep\n|rule|Species Clause: Limit one of each Pok\u00e9mon\n|rule|OHKO Clause: OHKO moves are banned\n|rule|Evasion Items Clause: Evasion items are banned\n|rule|Evasion Moves Clause: Evasion moves are banned\n|rule|Endless Battle Clause: Forcing endless battles is banned\n|rule|HP Percentage Mod: HP is shown in percentages\n|clearpoke\n|poke|p1|Trevenant, M|\n|poke|p1|Arboliva, M|\n|poke|p1|Chandelure, M|\n|poke|p1|Gallade, M|\n|poke|p1|Cresselia, F|\n|poke|p1|Grimmsnarl, M|\n|poke|p2|Carbink|\n|poke|p2|Moltres|\n|poke|p2|Slowking, F|\n|poke|p2|Decidueye, M|\n|poke|p2|Sandaconda, M|\n|poke|p2|Kommo-o, M|\n|teampreview\n|inactive|Battle timer is ON: inactive players will automatically lose when time's up. (requested by SpasDeuzi)\n|\n|t:|1699752599\n|start\n|switch|p1a: Cresselia|Cresselia, F|100\/100\n|switch|p2a: Moltres|Moltres|100\/100\n|-ability|p2a: Moltres|Pressure\n|turn|1\n|inactive|anhubish has 120 seconds left.\n|\n|t:|1699752632\n|move|p2a: Moltres|Tailwind|p2a: Moltres\n|-sidestart|p2: anhubish|move: Tailwind\n|move|p1a: Cresselia|Trick Room|p1a: Cresselia\n|-fieldstart|move: Trick Room|[of] p1a: Cresselia\n|\n|upkeep\n|turn|2\n|inactive|anhubish has 120 seconds left.\n|\n|t:|1699752647\n|switch|p1a: Chandelure|Chandelure, M|100\/100\n|switch|p2a: Decidueye|Decidueye, M|100\/100\n|\n|upkeep\n|turn|3\n|\n|t:|1699752655\n|move|p2a: Decidueye|Shadow Sneak|p1a: Chandelure\n|-supereffective|p1a: Chandelure\n|-damage|p1a: Chandelure|32\/100\n|move|p1a: Chandelure|Shadow Ball|p2a: Decidueye\n|-supereffective|p2a: Decidueye\n|-damage|p2a: Decidueye|0 fnt\n|faint|p2a: Decidueye\n|\n|upkeep\n|inactive|anhubish has 120 seconds left.\n|\n|t:|1699752671\n|switch|p2a: Slowking|Slowking, F, shiny|100\/100\n|turn|4\n|\n|t:|1699752678\n|move|p2a: Slowking|Surf|p1a: Chandelure\n|-supereffective|p1a: Chandelure\n|-damage|p1a: Chandelure|0 fnt\n|faint|p1a: Chandelure\n|\n|-sideend|p2: anhubish|move: Tailwind\n|upkeep\n|\n|t:|1699752682\n|switch|p1a: Arboliva|Arboliva, M|100\/100\n|turn|5\n|\n|t:|1699752698\n|move|p2a: Slowking|Future Sight|p1a: Arboliva\n|-start|p2a: Slowking|move: Future Sight\n|move|p1a: Arboliva|Leech Seed|p2a: Slowking\n|-start|p2a: Slowking|move: Leech Seed\n|\n|-damage|p2a: Slowking|88\/100|[from] Leech Seed|[of] p1a: Arboliva\n|-fieldend|move: Trick Room\n|upkeep\n|turn|6\n|\n|t:|1699752706\n|move|p1a: Arboliva|Giga Drain|p2a: Slowking\n|-supereffective|p2a: Slowking\n|-damage|p2a: Slowking|42\/100\n|move|p2a: Slowking|Chilly Reception|p2a: Slowking\n|-weather|Snow\n|\n|t:|1699752713\n|switch|p2a: Moltres|Moltres|100\/100|[from] Chilly Reception\n|-ability|p2a: Moltres|Pressure\n|\n|-weather|Snow|[upkeep]\n|upkeep\n|turn|7\n|\n|t:|1699752729\n|switch|p1a: Cresselia|Cresselia, F|100\/100\n|move|p2a: Moltres|Flamethrower|p1a: Cresselia\n|-damage|p1a: Cresselia|77\/100\n|\n|-weather|Snow|[upkeep]\n|-end|p1a: Cresselia|move: Future Sight\n|-resisted|p1a: Cresselia\n|-damage|p1a: Cresselia|64\/100\n|upkeep\n|turn|8\n|inactive|anhubish has 120 seconds left.\n|\n|t:|1699752747\n|move|p2a: Moltres|Tailwind|p2a: Moltres\n|-sidestart|p2: anhubish|move: Tailwind\n|move|p1a: Cresselia|Trick Room|p1a: Cresselia\n|-fieldstart|move: Trick Room|[of] p1a: Cresselia\n|\n|-weather|Snow|[upkeep]\n|upkeep\n|turn|9\n|inactive|anhubish has 120 seconds left.\n|\n|t:|1699752784\n|switch|p2a: traded|Sandaconda, M, shiny|100\/100\n|move|p1a: Cresselia|Moonlight|p1a: Cresselia\n|-heal|p1a: Cresselia|89\/100\n|\n|-weather|Snow|[upkeep]\n|upkeep\n|turn|10\n|\n|t:|1699752795\n|move|p1a: Cresselia|Ice Beam|p2a: traded\n|-supereffective|p2a: traded\n|-damage|p2a: traded|34\/100\n|move|p2a: traded|Coil|p2a: traded\n|-boost|p2a: traded|atk|1\n|-boost|p2a: traded|def|1\n|-boost|p2a: traded|accuracy|1\n|\n|-weather|none\n|-heal|p2a: traded|40\/100|[from] item: Leftovers\n|upkeep\n|turn|11\n|\n|t:|1699752807\n|switch|p2a: Moltres|Moltres|100\/100\n|-ability|p2a: Moltres|Pressure\n|move|p1a: Cresselia|Ice Beam|p2a: Moltres\n|-damage|p2a: Moltres|74\/100\n|\n|-sideend|p2: anhubish|move: Tailwind\n|upkeep\n|turn|12\n|\n|t:|1699752816\n|move|p1a: Cresselia|Ice Beam|p2a: Moltres\n|-damage|p2a: Moltres|51\/100\n|move|p2a: Moltres|Will-O-Wisp|p1a: Cresselia\n|-status|p1a: Cresselia|brn\n|\n|-damage|p1a: Cresselia|83\/100 brn|[from] brn\n|-fieldend|move: Trick Room\n|upkeep\n|turn|13\n|\n|t:|1699752830\n|move|p2a: Moltres|Roost|p2a: Moltres\n|-heal|p2a: Moltres|100\/100\n|-singleturn|p2a: Moltres|move: Roost\n|move|p1a: Cresselia|Trick Room|p1a: Cresselia\n|-fieldstart|move: Trick Room|[of] p1a: Cresselia\n|\n|-damage|p1a: Cresselia|77\/100 brn|[from] brn\n|upkeep\n|turn|14\n|\n|t:|1699752845\n|move|p1a: Cresselia|Psyshock|p2a: Moltres\n|-damage|p2a: Moltres|78\/100\n|move|p2a: Moltres|Flamethrower|p1a: Cresselia\n|-damage|p1a: Cresselia|54\/100 brn\n|\n|-damage|p1a: Cresselia|48\/100 brn|[from] brn\n|upkeep\n|turn|15\n|\n|t:|1699752856\n|move|p1a: Cresselia|Moonlight|p1a: Cresselia\n|-heal|p1a: Cresselia|98\/100 brn\n|move|p2a: Moltres|Flamethrower|p1a: Cresselia\n|-damage|p1a: Cresselia|71\/100 brn\n|\n|-damage|p1a: Cresselia|65\/100 brn|[from] brn\n|upkeep\n|turn|16\n|inactive|anhubish has 90 seconds left.\n|\n|t:|1699752883\n|move|p1a: Cresselia|Ice Beam|p2a: Moltres\n|-damage|p2a: Moltres|56\/100\n|move|p2a: Moltres|Flamethrower|p1a: Cresselia\n|-damage|p1a: Cresselia|40\/100 brn\n|\n|-damage|p1a: Cresselia|34\/100 brn|[from] brn\n|upkeep\n|turn|17\n|\n|t:|1699752893\n|move|p1a: Cresselia|Moonlight|p1a: Cresselia\n|-heal|p1a: Cresselia|84\/100 brn\n|move|p2a: Moltres|Flamethrower|p1a: Cresselia\n|-damage|p1a: Cresselia|57\/100 brn\n|\n|-damage|p1a: Cresselia|51\/100 brn|[from] brn\n|-fieldend|move: Trick Room\n|upkeep\n|turn|18\n|inactive|anhubish has 90 seconds left.\n|\n|t:|1699752908\n|move|p2a: Moltres|Roost|p2a: Moltres\n|-heal|p2a: Moltres|100\/100\n|-singleturn|p2a: Moltres|move: Roost\n|move|p1a: Cresselia|Trick Room|p1a: Cresselia\n|-fieldstart|move: Trick Room|[of] p1a: Cresselia\n|\n|-damage|p1a: Cresselia|45\/100 brn|[from] brn\n|upkeep\n|turn|19\n|inactive|anhubish has 90 seconds left.\n|\n|t:|1699752920\n|move|p1a: Cresselia|Moonlight|p1a: Cresselia\n|-heal|p1a: Cresselia|95\/100 brn\n|move|p2a: Moltres|Flamethrower|p1a: Cresselia\n|-damage|p1a: Cresselia|70\/100 brn\n|\n|-damage|p1a: Cresselia|64\/100 brn|[from] brn\n|upkeep\n|turn|20\n|inactive|anhubish has 90 seconds left.\n|\n|t:|1699752930\n|move|p1a: Cresselia|Ice Beam|p2a: Moltres\n|-damage|p2a: Moltres|78\/100\n|move|p2a: Moltres|Flamethrower|p1a: Cresselia\n|-damage|p1a: Cresselia|41\/100 brn\n|\n|-damage|p1a: Cresselia|35\/100 brn|[from] brn\n|upkeep\n|turn|21\n|\n|t:|1699752940\n|move|p1a: Cresselia|Ice Beam|p2a: Moltres\n|-damage|p2a: Moltres|53\/100\n|move|p2a: Moltres|Flamethrower|p1a: Cresselia\n|-damage|p1a: Cresselia|8\/100 brn\n|\n|-damage|p1a: Cresselia|2\/100 brn|[from] brn\n|upkeep\n|turn|22\n|inactive|anhubish has 90 seconds left.\n|\n|t:|1699752955\n|switch|p1a: Trevenant|Trevenant, M|100\/100\n|move|p2a: Moltres|Roost|p2a: Moltres\n|-heal|p2a: Moltres|100\/100\n|-singleturn|p2a: Moltres|move: Roost\n|\n|-fieldend|move: Trick Room\n|upkeep\n|turn|23\n|\n|t:|1699752965\n|move|p2a: Moltres|Flamethrower|p1a: Trevenant\n|-supereffective|p1a: Trevenant\n|-damage|p1a: Trevenant|22\/100\n|-enditem|p1a: Trevenant|Sitrus Berry|[eat]\n|-heal|p1a: Trevenant|47\/100|[from] item: Sitrus Berry\n|move|p1a: Trevenant|Trick Room|p1a: Trevenant\n|-fieldstart|move: Trick Room|[of] p1a: Trevenant\n|\n|upkeep\n|turn|24\n|\n|t:|1699752973\n|-terastallize|p1a: Trevenant|Flying\n|move|p1a: Trevenant|Rock Slide|p2a: Moltres\n|-supereffective|p2a: Moltres\n|-damage|p2a: Moltres|32\/100\n|move|p2a: Moltres|Flamethrower|p1a: Trevenant\n|-damage|p1a: Trevenant|8\/100\n|\n|upkeep\n|turn|25\n|\n|t:|1699752985\n|switch|p2a: Carbink|Carbink, shiny|100\/100\n|move|p1a: Trevenant|Rock Slide|p2a: Carbink|[miss]\n|-miss|p1a: Trevenant|p2a: Carbink\n|\n|upkeep\n|turn|26\n|\n|t:|1699752994\n|move|p1a: Trevenant|Leech Seed|p2a: Carbink\n|-start|p2a: Carbink|move: Leech Seed\n|move|p2a: Carbink|Body Press|p1a: Trevenant\n|-resisted|p1a: Trevenant\n|-damage|p1a: Trevenant|0 fnt\n|faint|p1a: Trevenant\n|\n|upkeep\n|\n|t:|1699752999\n|switch|p1a: Arboliva|Arboliva, M|100\/100\n|turn|27\n|\n|t:|1699753012\n|switch|p2a: Moltres|Moltres|32\/100\n|-ability|p2a: Moltres|Pressure\n|move|p1a: Arboliva|Leech Seed|p2a: Moltres\n|-start|p2a: Moltres|move: Leech Seed\n|\n|-damage|p2a: Moltres|19\/100|[from] Leech Seed|[of] p1a: Arboliva\n|-fieldend|move: Trick Room\n|upkeep\n|turn|28\n|\n|t:|1699753022\n|switch|p1a: Cresselia|Cresselia, F|2\/100 brn\n|move|p2a: Moltres|Flamethrower|p1a: Cresselia\n|-damage|p1a: Cresselia|0 fnt\n|faint|p1a: Cresselia\n|\n|upkeep\n|\n|t:|1699753029\n|switch|p1a: Gallade|Gallade, M|100\/100\n|turn|29\n|inactive|anhubish has 120 seconds left.\n|\n|t:|1699753042\n|switch|p2a: Carbink|Carbink, shiny|100\/100\n|move|p1a: Gallade|Night Slash|p2a: Carbink\n|-resisted|p2a: Carbink\n|-damage|p2a: Carbink|87\/100\n|\n|upkeep\n|turn|30\n|\n|t:|1699753051\n|move|p1a: Gallade|Substitute|p1a: Gallade\n|-start|p1a: Gallade|Substitute\n|-damage|p1a: Gallade|76\/100\n|move|p2a: Carbink|Iron Defense|p2a: Carbink\n|-boost|p2a: Carbink|def|2\n|\n|-heal|p1a: Gallade|82\/100|[from] item: Leftovers\n|upkeep\n|turn|31\n|\n|t:|1699753059\n|move|p1a: Gallade|Bulk Up|p1a: Gallade\n|-boost|p1a: Gallade|atk|1\n|-boost|p1a: Gallade|def|1\n|move|p2a: Carbink|Iron Defense|p2a: Carbink\n|-boost|p2a: Carbink|def|2\n|\n|-heal|p1a: Gallade|88\/100|[from] item: Leftovers\n|upkeep\n|turn|32\n|\n|t:|1699753068\n|move|p1a: Gallade|Bulk Up|p1a: Gallade\n|-boost|p1a: Gallade|atk|1\n|-boost|p1a: Gallade|def|1\n|move|p2a: Carbink|Iron Defense|p2a: Carbink\n|-boost|p2a: Carbink|def|2\n|\n|-heal|p1a: Gallade|94\/100|[from] item: Leftovers\n|upkeep\n|turn|33\n|\n|t:|1699753078\n|move|p1a: Gallade|Bulk Up|p1a: Gallade\n|-boost|p1a: Gallade|atk|1\n|-boost|p1a: Gallade|def|1\n|move|p2a: Carbink|Body Press|p1a: Gallade\n|-resisted|p1a: Gallade\n|-end|p1a: Gallade|Substitute\n|\n|-heal|p1a: Gallade|99\/100|[from] item: Leftovers\n|upkeep\n|turn|34\n|\n|t:|1699753092\n|move|p1a: Gallade|Substitute|p1a: Gallade\n|-start|p1a: Gallade|Substitute\n|-damage|p1a: Gallade|75\/100\n|move|p2a: Carbink|Body Press|p1a: Gallade\n|-resisted|p1a: Gallade\n|-end|p1a: Gallade|Substitute\n|\n|-heal|p1a: Gallade|81\/100|[from] item: Leftovers\n|upkeep\n|turn|35\n|\n|t:|1699753101\n|move|p1a: Gallade|Drain Punch|p2a: Carbink\n|-damage|p2a: Carbink|68\/100\n|-heal|p1a: Gallade|92\/100|[from] drain|[of] p2a: Carbink\n|move|p2a: Carbink|Body Press|p1a: Gallade\n|-resisted|p1a: Gallade\n|-damage|p1a: Gallade|58\/100\n|\n|-heal|p1a: Gallade|64\/100|[from] item: Leftovers\n|upkeep\n|turn|36\n|\n|t:|1699753113\n|move|p1a: Gallade|Bulk Up|p1a: Gallade\n|-boost|p1a: Gallade|atk|1\n|-boost|p1a: Gallade|def|1\n|move|p2a: Carbink|Body Press|p1a: Gallade\n|-resisted|p1a: Gallade\n|-damage|p1a: Gallade|33\/100\n|\n|-heal|p1a: Gallade|39\/100|[from] item: Leftovers\n|upkeep\n|turn|37\n|\n|t:|1699753126\n|move|p1a: Gallade|Drain Punch|p2a: Carbink\n|-damage|p2a: Carbink|47\/100\n|-heal|p1a: Gallade|50\/100|[from] drain|[of] p2a: Carbink\n|move|p2a: Carbink|Body Press|p1a: Gallade\n|-resisted|p1a: Gallade\n|-damage|p1a: Gallade|19\/100\n|\n|-heal|p1a: Gallade|25\/100|[from] item: Leftovers\n|upkeep\n|turn|38\n|\n|t:|1699753137\n|move|p1a: Gallade|Bulk Up|p1a: Gallade\n|-boost|p1a: Gallade|atk|1\n|-boost|p1a: Gallade|def|1\n|move|p2a: Carbink|Body Press|p1a: Gallade\n|-resisted|p1a: Gallade\n|-damage|p1a: Gallade|0 fnt\n|faint|p1a: Gallade\n|\n|upkeep\n|\n|t:|1699753147\n|switch|p1a: Arboliva|Arboliva, M|100\/100\n|turn|39\n|\n|t:|1699753154\n|move|p2a: Carbink|Body Press|p1a: Arboliva\n|-supereffective|p1a: Arboliva\n|-damage|p1a: Arboliva|0 fnt\n|faint|p1a: Arboliva\n|\n|upkeep\n|\n|t:|1699753156\n|switch|p1a: Grimmsnarl|Grimmsnarl, M|100\/100\n|turn|40\n|-message|SpasDeuzi forfeited.\n|\n|win|anhubish\n|raw|SpasDeuzi's rating: 1113 &rarr; <strong>1081<\/strong><br \/>(-32 for losing)\n|raw|anhubish's rating: 1019 &rarr; <strong>1066<\/strong><br \/>(+47 for winning)\n|l|\u2606SpasDeuzi\n","uploadtime":1699753239,"views":9,"p1id":"spasdeuzi","p2id":"anhubish","formatid":"gen9ou","rating":1066,"private":0,"password":""}