{"id":"gen9ou-1999881086","p1":"theoneisaperson","p2":"Regimarvin","format":"[Gen 9] OU","log":"|j|\u2606theoneisaperson\n|j|\u2606Regimarvin\n|t:|1701125815\n|gametype|singles\n|player|p1|theoneisaperson|266|1627\n|player|p2|Regimarvin|lucas|1587\n|teamsize|p1|6\n|teamsize|p2|6\n|gen|9\n|tier|[Gen 9] OU\n|rated|\n|rule|Sleep Clause Mod: Limit one foe put to sleep\n|rule|Species Clause: Limit one of each Pok\u00e9mon\n|rule|OHKO Clause: OHKO moves are banned\n|rule|Evasion Items Clause: Evasion items are banned\n|rule|Evasion Moves Clause: Evasion moves are banned\n|rule|Endless Battle Clause: Forcing endless battles is banned\n|rule|HP Percentage Mod: HP is shown in percentages\n|clearpoke\n|poke|p1|Ting-Lu|\n|poke|p1|Great Tusk|\n|poke|p1|Iron Moth|\n|poke|p1|Gholdengo|\n|poke|p1|Samurott-Hisui, M|\n|poke|p1|Kingambit, M|\n|poke|p2|Ursaluna, M|\n|poke|p2|Slowking-Galar, M|\n|poke|p2|Corviknight, M|\n|poke|p2|Meowscarada, M|\n|poke|p2|Toxapex, M|\n|poke|p2|Dondozo, M|\n|teampreview\n|inactive|Battle timer is ON: inactive players will automatically lose when time's up. (requested by Regimarvin)\n|\n|t:|1701125844\n|start\n|switch|p1a: Iron Moth|Iron Moth|100\/100\n|switch|p2a: Meowscarada|Meowscarada, M, shiny|100\/100\n|-enditem|p1a: Iron Moth|Booster Energy\n|-activate|p1a: Iron Moth|ability: Quark Drive|[fromitem]\n|-start|p1a: Iron Moth|quarkdrivespe\n|turn|1\n|\n|t:|1701125853\n|switch|p2a: Slowking|Slowking-Galar, M, shiny|100\/100\n|move|p1a: Iron Moth|Substitute|p1a: Iron Moth\n|-start|p1a: Iron Moth|Substitute\n|-damage|p1a: Iron Moth|76\/100\n|\n|upkeep\n|turn|2\n|\n|t:|1701125860\n|move|p1a: Iron Moth|Fiery Dance|p2a: Slowking\n|-damage|p2a: Slowking|80\/100\n|-boost|p1a: Iron Moth|spa|1\n|move|p2a: Slowking|Future Sight|p1a: Iron Moth\n|-start|p2a: Slowking|move: Future Sight\n|\n|upkeep\n|turn|3\n|\n|t:|1701125867\n|move|p1a: Iron Moth|Fiery Dance|p2a: Slowking\n|-damage|p2a: Slowking|44\/100\n|move|p2a: Slowking|Mud Shot|p1a: Iron Moth\n|-supereffective|p1a: Iron Moth\n|-end|p1a: Iron Moth|Substitute\n|\n|upkeep\n|turn|4\n|\n|t:|1701125877\n|-terastallize|p1a: Iron Moth|Grass\n|move|p1a: Iron Moth|Substitute|p1a: Iron Moth\n|-start|p1a: Iron Moth|Substitute\n|-damage|p1a: Iron Moth|51\/100\n|move|p2a: Slowking|Flamethrower|p1a: Iron Moth\n|-supereffective|p1a: Iron Moth\n|-end|p1a: Iron Moth|Substitute\n|\n|-end|p1a: Iron Moth|move: Future Sight\n|-damage|p1a: Iron Moth|3\/100\n|upkeep\n|turn|5\n|\n|t:|1701125890\n|move|p1a: Iron Moth|Fiery Dance|p2a: Slowking\n|-damage|p2a: Slowking|10\/100\n|move|p2a: Slowking|Flamethrower|p1a: Iron Moth\n|-supereffective|p1a: Iron Moth\n|-damage|p1a: Iron Moth|0 fnt\n|faint|p1a: Iron Moth\n|-end|p1a: Iron Moth|Quark Drive|[silent]\n|\n|upkeep\n|\n|t:|1701125894\n|switch|p1a: Samurott|Samurott-Hisui, M|100\/100\n|turn|6\n|\n|t:|1701125911\n|switch|p2a: Toxapex|Toxapex, M, shiny|100\/100\n|move|p1a: Samurott|Ceaseless Edge|p2a: Toxapex\n|-damage|p2a: Toxapex|65\/100\n|-damage|p1a: Samurott|84\/100|[from] item: Rocky Helmet|[of] p2a: Toxapex\n|-sidestart|p2: Regimarvin|Spikes\n|\n|upkeep\n|turn|7\n|\n|t:|1701125920\n|move|p2a: Toxapex|Baneful Bunker|p2a: Toxapex\n|-singleturn|p2a: Toxapex|move: Protect\n|move|p1a: Samurott|Ceaseless Edge|p2a: Toxapex\n|-activate|p2a: Toxapex|move: Protect\n|-status|p1a: Samurott|psn\n|\n|-damage|p1a: Samurott|72\/100 psn|[from] psn\n|upkeep\n|turn|8\n|\n|t:|1701125930\n|move|p1a: Samurott|Ceaseless Edge|p2a: Toxapex\n|-damage|p2a: Toxapex|24\/100\n|-damage|p1a: Samurott|55\/100 psn|[from] item: Rocky Helmet|[of] p2a: Toxapex\n|-sidestart|p2: Regimarvin|Spikes\n|move|p2a: Toxapex|Infestation|p1a: Samurott\n|-supereffective|p1a: Samurott\n|-damage|p1a: Samurott|46\/100 psn\n|-activate|p1a: Samurott|move: Infestation|[of] p2a: Toxapex\n|\n|-damage|p1a: Samurott|33\/100 psn|[from] psn\n|-damage|p1a: Samurott|21\/100 psn|[from] move: Infestation|[partiallytrapped]\n|upkeep\n|turn|9\n|\n|t:|1701125941\n|move|p2a: Toxapex|Baneful Bunker|p2a: Toxapex\n|-singleturn|p2a: Toxapex|move: Protect\n|move|p1a: Samurott|Ceaseless Edge|p2a: Toxapex\n|-activate|p2a: Toxapex|move: Protect\n|\n|-damage|p1a: Samurott|8\/100 psn|[from] psn\n|-damage|p1a: Samurott|0 fnt|[from] move: Infestation|[partiallytrapped]\n|faint|p1a: Samurott\n|upkeep\n|\n|t:|1701125950\n|switch|p1a: Kingambit|Kingambit, M|100\/100\n|-activate|p1a: Kingambit|ability: Supreme Overlord\n|-start|p1a: Kingambit|fallen2|[silent]\n|turn|10\n|\n|t:|1701125955\n|switch|p2a: Dondozo|Dondozo, M, shiny|100\/100\n|move|p1a: Kingambit|Swords Dance|p1a: Kingambit\n|-boost|p1a: Kingambit|atk|2\n|\n|upkeep\n|turn|11\n|\n|t:|1701125964\n|-end|p1a: Kingambit|fallen2|[silent]\n|switch|p1a: Gholdengo|Gholdengo|100\/100\n|-item|p1a: Gholdengo|Air Balloon\n|move|p2a: Dondozo|Liquidation|p1a: Gholdengo\n|-damage|p1a: Gholdengo|77\/100\n|-unboost|p1a: Gholdengo|def|1\n|-enditem|p1a: Gholdengo|Air Balloon\n|\n|upkeep\n|turn|12\n|inactive|theoneisaperson has 120 seconds left.\n|\n|t:|1701126014\n|move|p1a: Gholdengo|Shadow Ball|p2a: Dondozo\n|-damage|p2a: Dondozo|58\/100\n|move|p2a: Dondozo|Liquidation|p1a: Gholdengo\n|-damage|p1a: Gholdengo|52\/100\n|\n|upkeep\n|turn|13\n|j| lewdlychee\n|inactive|Regimarvin has 120 seconds left.\n|\n|t:|1701126054\n|switch|p1a: Kingambit|Kingambit, M|100\/100\n|-activate|p1a: Kingambit|ability: Supreme Overlord\n|-start|p1a: Kingambit|fallen2|[silent]\n|move|p2a: Dondozo|Rest|p2a: Dondozo\n|-status|p2a: Dondozo|slp|[from] move: Rest\n|-heal|p2a: Dondozo|100\/100 slp|[silent]\n|\n|upkeep\n|turn|14\n|\n|t:|1701126062\n|move|p1a: Kingambit|Kowtow Cleave|p2a: Dondozo\n|-damage|p2a: Dondozo|74\/100 slp\n|cant|p2a: Dondozo|slp\n|move|p2a: Dondozo|Sleep Talk|p2a: Dondozo\n|move|p2a: Dondozo|Rest||[from]move: Sleep Talk|[still]\n|-fail|p2a: Dondozo\n|\n|upkeep\n|turn|15\n|inactive|theoneisaperson has 120 seconds left.\n|inactive|Regimarvin has 120 seconds left.\n|\n|t:|1701126080\n|-end|p1a: Kingambit|fallen2|[silent]\n|switch|p1a: Gholdengo|Gholdengo|52\/100\n|cant|p2a: Dondozo|slp\n|move|p2a: Dondozo|Sleep Talk|p2a: Dondozo\n|move|p2a: Dondozo|Body Press|p1a: Gholdengo|[from]move: Sleep Talk\n|-immune|p1a: Gholdengo\n|\n|upkeep\n|turn|16\n|inactive|Regimarvin has 120 seconds left.\n|\n|t:|1701126101\n|switch|p2a: Ursaluna|Ursaluna, M, shiny|100\/100\n|-damage|p2a: Ursaluna|84\/100|[from] Spikes\n|move|p1a: Gholdengo|Recover|p1a: Gholdengo\n|-heal|p1a: Gholdengo|100\/100\n|\n|-status|p2a: Ursaluna|brn|[from] item: Flame Orb\n|upkeep\n|turn|17\n|inactive|theoneisaperson has 120 seconds left.\n|inactive|theoneisaperson has 90 seconds left.\n|\n|t:|1701126144\n|switch|p1a: Ting-Lu|Ting-Lu|100\/100\n|-ability|p1a: Ting-Lu|Vessel of Ruin\n|move|p2a: Ursaluna|Earthquake|p1a: Ting-Lu\n|-damage|p1a: Ting-Lu|54\/100\n|\n|-heal|p1a: Ting-Lu|60\/100|[from] item: Leftovers\n|-damage|p2a: Ursaluna|78\/100 brn|[from] brn\n|upkeep\n|turn|18\n|\n|t:|1701126155\n|move|p2a: Ursaluna|Facade|p1a: Ting-Lu\n|-damage|p1a: Ting-Lu|0 fnt\n|faint|p1a: Ting-Lu\n|\n|-damage|p2a: Ursaluna|71\/100 brn|[from] brn\n|upkeep\n|inactive|theoneisaperson has 90 seconds left.\n|\n|t:|1701126187\n|switch|p1a: Great Tusk|Great Tusk|100\/100\n|turn|19\n|inactive|Regimarvin has 120 seconds left.\n|\n|t:|1701126207\n|switch|p2a: Corviknight|Corviknight, M, shiny|100\/100\n|-ability|p2a: Corviknight|Pressure\n|move|p1a: Great Tusk|Earthquake|p2a: Corviknight\n|-immune|p2a: Corviknight\n|\n|upkeep\n|turn|20\n|inactive|theoneisaperson has 60 seconds left.\n|\n|t:|1701126246\n|switch|p2a: Meowscarada|Meowscarada, M, shiny|100\/100\n|-damage|p2a: Meowscarada|84\/100|[from] Spikes\n|move|p1a: Great Tusk|Bulk Up|p1a: Great Tusk\n|-boost|p1a: Great Tusk|atk|1\n|-boost|p1a: Great Tusk|def|1\n|\n|upkeep\n|turn|21\n|\n|t:|1701126253\n|move|p2a: Meowscarada|Flower Trick|p1a: Great Tusk\n|-start|p2a: Meowscarada|typechange|Grass|[from] ability: Protean\n|-supereffective|p1a: Great Tusk\n|-crit|p1a: Great Tusk\n|-damage|p1a: Great Tusk|16\/100\n|move|p1a: Great Tusk|Ice Spinner|p2a: Meowscarada\n|-supereffective|p2a: Meowscarada\n|-damage|p2a: Meowscarada|0 fnt\n|faint|p2a: Meowscarada\n|\n|-heal|p1a: Great Tusk|22\/100|[from] item: Leftovers\n|upkeep\n|\n|t:|1701126269\n|switch|p2a: Corviknight|Corviknight, M, shiny|100\/100\n|-ability|p2a: Corviknight|Pressure\n|turn|22\n|\n|t:|1701126276\n|move|p1a: Great Tusk|Bulk Up|p1a: Great Tusk\n|-boost|p1a: Great Tusk|atk|1\n|-boost|p1a: Great Tusk|def|1\n|move|p2a: Corviknight|Defog|p1a: Great Tusk\n|-unboost|p1a: Great Tusk|evasion|1\n|-sideend|p2: Regimarvin|Spikes|[from] move: Defog|[of] p2a: Corviknight\n|\n|-heal|p1a: Great Tusk|28\/100|[from] item: Leftovers\n|upkeep\n|turn|23\n|\n|t:|1701126286\n|move|p1a: Great Tusk|Ice Spinner|p2a: Corviknight\n|-damage|p2a: Corviknight|72\/100\n|-damage|p1a: Great Tusk|12\/100|[from] item: Rocky Helmet|[of] p2a: Corviknight\n|move|p2a: Corviknight|Brave Bird|p1a: Great Tusk\n|-supereffective|p1a: Great Tusk\n|-damage|p1a: Great Tusk|0 fnt\n|faint|p1a: Great Tusk\n|-end|p1a: Great Tusk|Protosynthesis|[silent]\n|-damage|p2a: Corviknight|68\/100|[from] Recoil\n|\n|upkeep\n|\n|t:|1701126289\n|switch|p1a: Gholdengo|Gholdengo|100\/100\n|turn|24\n|\n|t:|1701126301\n|switch|p2a: Toxapex|Toxapex, M, shiny|57\/100\n|move|p1a: Gholdengo|Nasty Plot|p1a: Gholdengo\n|-boost|p1a: Gholdengo|spa|2\n|\n|upkeep\n|turn|25\n|inactive|theoneisaperson has 90 seconds left.\n|j| purple pastels\n|inactive|theoneisaperson has 60 seconds left.\n|inactive|theoneisaperson has 30 seconds left.\n|\n|t:|1701126371\n|switch|p2a: Slowking|Slowking-Galar, M, shiny|43\/100\n|move|p1a: Gholdengo|Shadow Ball|p2a: Slowking\n|-supereffective|p2a: Slowking\n|-damage|p2a: Slowking|0 fnt\n|faint|p2a: Slowking\n|\n|upkeep\n|\n|t:|1701126380\n|switch|p2a: Toxapex|Toxapex, M, shiny|91\/100\n|turn|26\n|inactive|theoneisaperson has 30 seconds left.\n|inactive|theoneisaperson has 20 seconds left.\n|inactive|theoneisaperson has 15 seconds left.\n|\n|t:|1701126410\n|switch|p1a: Kingambit|Kingambit, M|100\/100\n|-activate|p1a: Kingambit|ability: Supreme Overlord\n|-start|p1a: Kingambit|fallen4|[silent]\n|move|p2a: Toxapex|Haze|p2a: Toxapex\n|-clearallboost\n|\n|upkeep\n|turn|27\n|inactive|theoneisaperson has 25 seconds left this turn.\n|inactive|Regimarvin has 120 seconds left.\n|\n|t:|1701126443\n|switch|p2a: Dondozo|Dondozo, M, shiny|74\/100 slp\n|move|p1a: Kingambit|Kowtow Cleave|p2a: Dondozo\n|-damage|p2a: Dondozo|44\/100 slp\n|\n|upkeep\n|turn|28\n|inactive|theoneisaperson has 30 seconds left.\n|\n|t:|1701126455\n|-end|p1a: Kingambit|fallen4|[silent]\n|switch|p1a: Gholdengo|Gholdengo|100\/100\n|-curestatus|p2a: Dondozo|slp|[msg]\n|move|p2a: Dondozo|Sleep Talk||[still]\n|-fail|p2a: Dondozo\n|\n|upkeep\n|turn|29\n|\n|t:|1701126462\n|switch|p2a: Toxapex|Toxapex, M, shiny|100\/100\n|move|p1a: Gholdengo|Shadow Ball|p2a: Toxapex\n|-crit|p2a: Toxapex\n|-damage|p2a: Toxapex|64\/100\n|\n|upkeep\n|turn|30\n|\n|t:|1701126470\n|switch|p2a: Ursaluna|Ursaluna, M, shiny|71\/100 brn\n|move|p1a: Gholdengo|Nasty Plot|p1a: Gholdengo\n|-boost|p1a: Gholdengo|spa|2\n|\n|-damage|p2a: Ursaluna|65\/100 brn|[from] brn\n|upkeep\n|turn|31\n|\n|t:|1701126480\n|move|p1a: Gholdengo|Make It Rain|p2a: Ursaluna\n|-damage|p2a: Ursaluna|0 fnt\n|-unboost|p1a: Gholdengo|spa|1\n|faint|p2a: Ursaluna\n|\n|upkeep\n|-message|Regimarvin forfeited.\n|\n|win|theoneisaperson\n|raw|theoneisaperson's rating: 1643 &rarr; <strong>1660<\/strong><br \/>(+17 for winning)\n|raw|Regimarvin's rating: 1587 &rarr; <strong>1570<\/strong><br \/>(-17 for losing)\n|l|\u2606Regimarvin\n|c|\u2606theoneisaperson|gg\n|c|\u2606theoneisaperson|ez\n|c|\u2606theoneisaperson|won against stall\n|c|\u2606theoneisaperson|oh wait\n|c|\u2606theoneisaperson|there's people here\n|c|\u2606theoneisaperson|you saw nothing\n|l|\u2606theoneisaperson\n|j|\u2606theoneisaperson\n|player|p1|theoneisaperson|266\n","uploadtime":1701126653,"views":4,"p1id":"theoneisaperson","p2id":"regimarvin","formatid":"gen9ou","rating":1570,"private":0,"password":""}