{"id":"gen9ou-1992131233","p1":"bahala","p2":"CapnTophat","format":"[Gen 9] OU","log":"|j|\u2606bahala\n|j|\u2606CapnTophat\n|t:|1700157626\n|gametype|singles\n|player|p1|bahala|riley|1530\n|player|p2|CapnTophat|wallace|1522\n|teamsize|p1|6\n|teamsize|p2|6\n|gen|9\n|tier|[Gen 9] OU\n|rated|\n|rule|Sleep Clause Mod: Limit one foe put to sleep\n|rule|Species Clause: Limit one of each Pok\u00e9mon\n|rule|OHKO Clause: OHKO moves are banned\n|rule|Evasion Items Clause: Evasion items are banned\n|rule|Evasion Moves Clause: Evasion moves are banned\n|rule|Endless Battle Clause: Forcing endless battles is banned\n|rule|HP Percentage Mod: HP is shown in percentages\n|clearpoke\n|poke|p1|Rillaboom, M|\n|poke|p1|Walking Wake|\n|poke|p1|Iron Moth|\n|poke|p1|Garganacl, F|\n|poke|p1|Skeledirge, M|\n|poke|p1|Sneasler, M|\n|poke|p2|Great Tusk|\n|poke|p2|Kingambit, F|\n|poke|p2|Iron Hands|\n|poke|p2|Iron Valiant|\n|poke|p2|Ting-Lu|\n|poke|p2|Toxapex, F|\n|teampreview\n|inactive|Battle timer is ON: inactive players will automatically lose when time's up. (requested by CapnTophat)\n|\n|t:|1700157646\n|start\n|switch|p1a: Walking Wake|Walking Wake|100\/100\n|switch|p2a: Toxapex|Toxapex, F|100\/100\n|turn|1\n|\n|t:|1700157653\n|move|p1a: Walking Wake|Flip Turn|p2a: Toxapex\n|-resisted|p2a: Toxapex\n|-damage|p2a: Toxapex|96\/100\n|\n|t:|1700157658\n|-end|p1a: Walking Wake|Protosynthesis|[silent]\n|switch|p1a: Garganacl|Garganacl, F|100\/100|[from] Flip Turn\n|move|p2a: Toxapex|Toxic|p1a: Garganacl\n|-immune|p1a: Garganacl|[from] ability: Purifying Salt\n|\n|-heal|p2a: Toxapex|100\/100|[from] item: Leftovers\n|upkeep\n|turn|2\n|\n|t:|1700157673\n|switch|p2a: Great Tusk|Great Tusk|100\/100\n|move|p1a: Garganacl|Salt Cure|p2a: Great Tusk\n|-resisted|p2a: Great Tusk\n|-damage|p2a: Great Tusk|99\/100\n|-start|p2a: Great Tusk|Salt Cure\n|\n|-heal|p2a: Great Tusk|100\/100|[from] item: Leftovers\n|-damage|p2a: Great Tusk|88\/100|[from] Salt Cure\n|upkeep\n|turn|3\n|\n|t:|1700157681\n|switch|p1a: Rillaboom|Rillaboom, M|100\/100\n|-fieldstart|move: Grassy Terrain|[from] ability: Grassy Surge|[of] p1a: Rillaboom\n|move|p2a: Great Tusk|Knock Off|p1a: Rillaboom\n|-damage|p1a: Rillaboom|71\/100\n|-enditem|p1a: Rillaboom|Life Orb|[from] move: Knock Off|[of] p2a: Great Tusk\n|\n|-heal|p2a: Great Tusk|94\/100|[from] Grassy Terrain\n|-heal|p2a: Great Tusk|100\/100|[from] item: Leftovers\n|-heal|p1a: Rillaboom|78\/100|[from] Grassy Terrain\n|-damage|p2a: Great Tusk|88\/100|[from] Salt Cure\n|upkeep\n|turn|4\n|\n|t:|1700157693\n|move|p2a: Great Tusk|Stealth Rock|p1a: Rillaboom\n|-sidestart|p1: bahala|move: Stealth Rock\n|move|p1a: Rillaboom|Swords Dance|p1a: Rillaboom\n|-boost|p1a: Rillaboom|atk|2\n|\n|-heal|p2a: Great Tusk|94\/100|[from] Grassy Terrain\n|-heal|p2a: Great Tusk|100\/100|[from] item: Leftovers\n|-heal|p1a: Rillaboom|84\/100|[from] Grassy Terrain\n|-damage|p2a: Great Tusk|88\/100|[from] Salt Cure\n|upkeep\n|turn|5\n|\n|t:|1700157705\n|-end|p2a: Great Tusk|Protosynthesis|[silent]\n|switch|p2a: Toxapex|Toxapex, F|100\/100\n|move|p1a: Rillaboom|Grassy Glide|p2a: Toxapex\n|-damage|p2a: Toxapex|51\/100\n|\n|-heal|p1a: Rillaboom|90\/100|[from] Grassy Terrain\n|-heal|p2a: Toxapex|57\/100|[from] Grassy Terrain\n|-heal|p2a: Toxapex|64\/100|[from] item: Leftovers\n|upkeep\n|turn|6\n|\n|t:|1700157715\n|move|p1a: Rillaboom|Swords Dance|p1a: Rillaboom\n|-boost|p1a: Rillaboom|atk|2\n|move|p2a: Toxapex|Haze|p2a: Toxapex\n|-clearallboost\n|\n|-heal|p1a: Rillaboom|96\/100|[from] Grassy Terrain\n|-heal|p2a: Toxapex|70\/100|[from] Grassy Terrain\n|-heal|p2a: Toxapex|76\/100|[from] item: Leftovers\n|upkeep\n|turn|7\n|\n|t:|1700157726\n|switch|p1a: Garganacl|Garganacl, F|100\/100\n|-damage|p1a: Garganacl|88\/100|[from] Stealth Rock\n|move|p2a: Toxapex|Toxic|p1a: Garganacl\n|-immune|p1a: Garganacl|[from] ability: Purifying Salt\n|\n|-heal|p2a: Toxapex|82\/100|[from] Grassy Terrain\n|-heal|p1a: Garganacl|94\/100|[from] Grassy Terrain\n|-heal|p1a: Garganacl|99\/100|[from] item: Leftovers\n|-heal|p2a: Toxapex|89\/100|[from] item: Leftovers\n|-fieldend|move: Grassy Terrain\n|upkeep\n|turn|8\n|\n|t:|1700157737\n|move|p2a: Toxapex|Surf|p1a: Garganacl\n|-supereffective|p1a: Garganacl\n|-damage|p1a: Garganacl|73\/100\n|move|p1a: Garganacl|Salt Cure|p2a: Toxapex\n|-damage|p2a: Toxapex|80\/100\n|-start|p2a: Toxapex|Salt Cure\n|\n|-heal|p1a: Garganacl|79\/100|[from] item: Leftovers\n|-heal|p2a: Toxapex|87\/100|[from] item: Leftovers\n|-damage|p2a: Toxapex|62\/100|[from] Salt Cure\n|upkeep\n|turn|9\n|\n|t:|1700157748\n|switch|p1a: Rillaboom|Rillaboom, M|96\/100\n|-damage|p1a: Rillaboom|84\/100|[from] Stealth Rock\n|-fieldstart|move: Grassy Terrain|[from] ability: Grassy Surge|[of] p1a: Rillaboom\n|switch|p2a: Ting-Lu|Ting-Lu|100\/100\n|-ability|p2a: Ting-Lu|Vessel of Ruin\n|\n|-heal|p1a: Rillaboom|90\/100|[from] Grassy Terrain\n|upkeep\n|turn|10\n|\n|t:|1700157760\n|switch|p2a: Toxapex|Toxapex, F|95\/100\n|move|p1a: Rillaboom|Grassy Glide|p2a: Toxapex\n|-damage|p2a: Toxapex|69\/100\n|\n|-heal|p1a: Rillaboom|96\/100|[from] Grassy Terrain\n|-heal|p2a: Toxapex|75\/100|[from] Grassy Terrain\n|-heal|p2a: Toxapex|82\/100|[from] item: Leftovers\n|upkeep\n|turn|11\n|\n|t:|1700157770\n|switch|p1a: Garganacl|Garganacl, F|79\/100\n|-damage|p1a: Garganacl|67\/100|[from] Stealth Rock\n|move|p2a: Toxapex|Toxic|p1a: Garganacl\n|-immune|p1a: Garganacl|[from] ability: Purifying Salt\n|\n|-heal|p1a: Garganacl|73\/100|[from] Grassy Terrain\n|-heal|p2a: Toxapex|88\/100|[from] Grassy Terrain\n|-heal|p1a: Garganacl|79\/100|[from] item: Leftovers\n|-heal|p2a: Toxapex|94\/100|[from] item: Leftovers\n|upkeep\n|turn|12\n|\n|t:|1700157781\n|move|p2a: Toxapex|Surf|p1a: Garganacl\n|-supereffective|p1a: Garganacl\n|-damage|p1a: Garganacl|55\/100\n|move|p1a: Garganacl|Salt Cure|p2a: Toxapex\n|-damage|p2a: Toxapex|85\/100\n|-start|p2a: Toxapex|Salt Cure\n|\n|-heal|p2a: Toxapex|91\/100|[from] Grassy Terrain\n|-heal|p1a: Garganacl|61\/100|[from] Grassy Terrain\n|-heal|p1a: Garganacl|67\/100|[from] item: Leftovers\n|-heal|p2a: Toxapex|98\/100|[from] item: Leftovers\n|-damage|p2a: Toxapex|73\/100|[from] Salt Cure\n|upkeep\n|turn|13\n|\n|t:|1700157794\n|move|p1a: Garganacl|Curse|p1a: Garganacl\n|-unboost|p1a: Garganacl|spe|1\n|-boost|p1a: Garganacl|atk|1\n|-boost|p1a: Garganacl|def|1\n|move|p2a: Toxapex|Toxic|p1a: Garganacl\n|-immune|p1a: Garganacl|[from] ability: Purifying Salt\n|\n|-heal|p2a: Toxapex|79\/100|[from] Grassy Terrain\n|-heal|p2a: Toxapex|85\/100|[from] item: Leftovers\n|-heal|p1a: Garganacl|73\/100|[from] Grassy Terrain\n|-heal|p1a: Garganacl|79\/100|[from] item: Leftovers\n|-damage|p2a: Toxapex|60\/100|[from] Salt Cure\n|-fieldend|move: Grassy Terrain\n|upkeep\n|turn|14\n|\n|t:|1700157808\n|switch|p2a: Ting-Lu|Ting-Lu|100\/100\n|-ability|p2a: Ting-Lu|Vessel of Ruin\n|move|p1a: Garganacl|Body Press|p2a: Ting-Lu\n|-supereffective|p2a: Ting-Lu\n|-damage|p2a: Ting-Lu|56\/100\n|\n|-heal|p2a: Ting-Lu|62\/100|[from] item: Leftovers\n|-heal|p1a: Garganacl|85\/100|[from] item: Leftovers\n|upkeep\n|turn|15\n|\n|t:|1700157817\n|move|p2a: Ting-Lu|Spikes|p1a: Garganacl\n|-sidestart|p1: bahala|Spikes\n|move|p1a: Garganacl|Body Press|p2a: Ting-Lu\n|-supereffective|p2a: Ting-Lu\n|-damage|p2a: Ting-Lu|20\/100\n|\n|-heal|p2a: Ting-Lu|27\/100|[from] item: Leftovers\n|-heal|p1a: Garganacl|91\/100|[from] item: Leftovers\n|upkeep\n|turn|16\n|\n|t:|1700157825\n|switch|p2a: Toxapex|Toxapex, F|93\/100\n|move|p1a: Garganacl|Body Press|p2a: Toxapex\n|-resisted|p2a: Toxapex\n|-damage|p2a: Toxapex|80\/100\n|\n|-heal|p2a: Toxapex|86\/100|[from] item: Leftovers\n|-heal|p1a: Garganacl|97\/100|[from] item: Leftovers\n|upkeep\n|turn|17\n|\n|t:|1700157834\n|move|p2a: Toxapex|Haze|p2a: Toxapex\n|-clearallboost\n|move|p1a: Garganacl|Salt Cure|p2a: Toxapex\n|-damage|p2a: Toxapex|78\/100\n|-start|p2a: Toxapex|Salt Cure\n|\n|-heal|p1a: Garganacl|100\/100|[from] item: Leftovers\n|-heal|p2a: Toxapex|84\/100|[from] item: Leftovers\n|-damage|p2a: Toxapex|59\/100|[from] Salt Cure\n|upkeep\n|turn|18\n|\n|t:|1700157843\n|switch|p2a: Iron Hands|Iron Hands|100\/100\n|move|p1a: Garganacl|Curse|p1a: Garganacl\n|-unboost|p1a: Garganacl|spe|1\n|-boost|p1a: Garganacl|atk|1\n|-boost|p1a: Garganacl|def|1\n|\n|upkeep\n|turn|19\n|\n|t:|1700157856\n|switch|p1a: Skeledirge|Skeledirge, M|100\/100\n|move|p2a: Iron Hands|Swords Dance|p2a: Iron Hands\n|-boost|p2a: Iron Hands|atk|2\n|\n|upkeep\n|turn|20\n|\n|t:|1700157862\n|-end|p2a: Iron Hands|Quark Drive|[silent]\n|switch|p2a: Toxapex|Toxapex, F|93\/100\n|move|p1a: Skeledirge|Will-O-Wisp|p2a: Toxapex|[miss]\n|-miss|p1a: Skeledirge|p2a: Toxapex\n|\n|-heal|p2a: Toxapex|99\/100|[from] item: Leftovers\n|upkeep\n|turn|21\n|\n|t:|1700157870\n|switch|p1a: Garganacl|Garganacl, F|100\/100\n|-damage|p1a: Garganacl|88\/100|[from] Stealth Rock\n|-damage|p1a: Garganacl|76\/100|[from] Spikes\n|move|p2a: Toxapex|Surf|p1a: Garganacl\n|-supereffective|p1a: Garganacl\n|-damage|p1a: Garganacl|50\/100\n|\n|-heal|p1a: Garganacl|56\/100|[from] item: Leftovers\n|-heal|p2a: Toxapex|100\/100|[from] item: Leftovers\n|upkeep\n|turn|22\n|\n|t:|1700157881\n|switch|p2a: Great Tusk|Great Tusk|88\/100\n|move|p1a: Garganacl|Salt Cure|p2a: Great Tusk\n|-resisted|p2a: Great Tusk\n|-damage|p2a: Great Tusk|86\/100\n|-start|p2a: Great Tusk|Salt Cure\n|\n|-heal|p2a: Great Tusk|93\/100|[from] item: Leftovers\n|-heal|p1a: Garganacl|62\/100|[from] item: Leftovers\n|-damage|p2a: Great Tusk|80\/100|[from] Salt Cure\n|upkeep\n|turn|23\n|\n|t:|1700157892\n|switch|p1a: Rillaboom|Rillaboom, M|96\/100\n|-damage|p1a: Rillaboom|84\/100|[from] Stealth Rock\n|-damage|p1a: Rillaboom|71\/100|[from] Spikes\n|-fieldstart|move: Grassy Terrain|[from] ability: Grassy Surge|[of] p1a: Rillaboom\n|move|p2a: Great Tusk|Knock Off|p1a: Rillaboom\n|-damage|p1a: Rillaboom|52\/100\n|\n|-heal|p2a: Great Tusk|86\/100|[from] Grassy Terrain\n|-heal|p2a: Great Tusk|93\/100|[from] item: Leftovers\n|-heal|p1a: Rillaboom|58\/100|[from] Grassy Terrain\n|-damage|p2a: Great Tusk|80\/100|[from] Salt Cure\n|upkeep\n|turn|24\n|\n|t:|1700157907\n|-end|p2a: Great Tusk|Protosynthesis|[silent]\n|switch|p2a: Toxapex|Toxapex, F|100\/100\n|move|p1a: Rillaboom|U-turn|p2a: Toxapex\n|-resisted|p2a: Toxapex\n|-damage|p2a: Toxapex|92\/100\n|\n|t:|1700157914\n|switch|p1a: Garganacl|Garganacl, F|62\/100|[from] U-turn\n|-damage|p1a: Garganacl|50\/100|[from] Stealth Rock\n|-damage|p1a: Garganacl|37\/100|[from] Spikes\n|\n|-heal|p2a: Toxapex|98\/100|[from] Grassy Terrain\n|-heal|p1a: Garganacl|43\/100|[from] Grassy Terrain\n|-heal|p1a: Garganacl|50\/100|[from] item: Leftovers\n|-heal|p2a: Toxapex|100\/100|[from] item: Leftovers\n|upkeep\n|turn|25\n|\n|t:|1700157925\n|switch|p2a: Great Tusk|Great Tusk|80\/100\n|move|p1a: Garganacl|Recover|p1a: Garganacl\n|-heal|p1a: Garganacl|99\/100\n|\n|-heal|p2a: Great Tusk|86\/100|[from] Grassy Terrain\n|-heal|p2a: Great Tusk|93\/100|[from] item: Leftovers\n|-heal|p1a: Garganacl|100\/100|[from] Grassy Terrain\n|upkeep\n|turn|26\n|inactive|bahala has 120 seconds left.\n|\n|t:|1700157955\n|-terastallize|p1a: Garganacl|Water\n|move|p2a: Great Tusk|Knock Off|p1a: Garganacl\n|-damage|p1a: Garganacl|84\/100\n|-enditem|p1a: Garganacl|Leftovers|[from] move: Knock Off|[of] p2a: Great Tusk\n|move|p1a: Garganacl|Curse|p1a: Garganacl\n|-unboost|p1a: Garganacl|spe|1\n|-boost|p1a: Garganacl|atk|1\n|-boost|p1a: Garganacl|def|1\n|\n|-heal|p2a: Great Tusk|99\/100|[from] Grassy Terrain\n|-heal|p2a: Great Tusk|100\/100|[from] item: Leftovers\n|-heal|p1a: Garganacl|90\/100|[from] Grassy Terrain\n|upkeep\n|turn|27\n|inactive|bahala has 120 seconds left.\n|\n|t:|1700157967\n|-end|p2a: Great Tusk|Protosynthesis|[silent]\n|switch|p2a: Toxapex|Toxapex, F|100\/100\n|move|p1a: Garganacl|Curse|p1a: Garganacl\n|-unboost|p1a: Garganacl|spe|1\n|-boost|p1a: Garganacl|atk|1\n|-boost|p1a: Garganacl|def|1\n|\n|-heal|p1a: Garganacl|96\/100|[from] Grassy Terrain\n|-fieldend|move: Grassy Terrain\n|upkeep\n|turn|28\n|inactive|bahala has 120 seconds left.\n|\n|t:|1700157975\n|move|p2a: Toxapex|Haze|p2a: Toxapex\n|-clearallboost\n|move|p1a: Garganacl|Salt Cure|p2a: Toxapex\n|-damage|p2a: Toxapex|92\/100\n|-start|p2a: Toxapex|Salt Cure\n|\n|-heal|p2a: Toxapex|98\/100|[from] item: Leftovers\n|-damage|p2a: Toxapex|73\/100|[from] Salt Cure\n|upkeep\n|turn|29\n|inactive|bahala has 120 seconds left.\n|\n|t:|1700157989\n|switch|p2a: Ting-Lu|Ting-Lu|27\/100\n|-ability|p2a: Ting-Lu|Vessel of Ruin\n|switch|p1a: Iron Moth|Iron Moth|100\/100\n|-damage|p1a: Iron Moth|76\/100|[from] Stealth Rock\n|-damage|p1a: Iron Moth|63\/100|[from] Spikes\n|-enditem|p1a: Iron Moth|Booster Energy\n|-activate|p1a: Iron Moth|ability: Quark Drive|[fromitem]\n|-start|p1a: Iron Moth|quarkdrivespa\n|\n|-heal|p2a: Ting-Lu|33\/100|[from] item: Leftovers\n|upkeep\n|turn|30\n|inactive|bahala has 120 seconds left.\n|\n|t:|1700158002\n|move|p1a: Iron Moth|Energy Ball|p2a: Ting-Lu\n|-supereffective|p2a: Ting-Lu\n|-damage|p2a: Ting-Lu|0 fnt\n|faint|p2a: Ting-Lu\n|\n|upkeep\n|\n|t:|1700158004\n|switch|p2a: Iron Valiant|Iron Valiant|100\/100\n|-enditem|p2a: Iron Valiant|Booster Energy\n|-activate|p2a: Iron Valiant|ability: Quark Drive|[fromitem]\n|-start|p2a: Iron Valiant|quarkdrivespe\n|turn|31\n|\n|t:|1700158013\n|-end|p1a: Iron Moth|Quark Drive|[silent]\n|switch|p1a: Skeledirge|Skeledirge, M|100\/100\n|move|p2a: Iron Valiant|Psyshock|p1a: Skeledirge\n|-damage|p1a: Skeledirge|80\/100\n|\n|upkeep\n|turn|32\n|\n|t:|1700158026\n|move|p2a: Iron Valiant|Thunderbolt|p1a: Skeledirge\n|-damage|p1a: Skeledirge|49\/100\n|-status|p1a: Skeledirge|par\n|move|p1a: Skeledirge|Torch Song|p2a: Iron Valiant\n|-damage|p2a: Iron Valiant|36\/100\n|-boost|p1a: Skeledirge|spa|1\n|\n|upkeep\n|turn|33\n|\n|t:|1700158034\n|-terastallize|p2a: Iron Valiant|Electric\n|move|p2a: Iron Valiant|Thunderbolt|p1a: Skeledirge\n|-damage|p1a: Skeledirge|0 fnt\n|faint|p1a: Skeledirge\n|\n|upkeep\n|\n|t:|1700158041\n|switch|p1a: Rillaboom|Rillaboom, M|58\/100\n|-damage|p1a: Rillaboom|46\/100|[from] Stealth Rock\n|-damage|p1a: Rillaboom|33\/100|[from] Spikes\n|-fieldstart|move: Grassy Terrain|[from] ability: Grassy Surge|[of] p1a: Rillaboom\n|turn|34\n|\n|t:|1700158048\n|-end|p2a: Iron Valiant|Quark Drive|[silent]\n|switch|p2a: Toxapex|Toxapex, F|100\/100\n|move|p1a: Rillaboom|Grassy Glide|p2a: Toxapex\n|-crit|p2a: Toxapex\n|-damage|p2a: Toxapex|65\/100\n|\n|-heal|p1a: Rillaboom|40\/100|[from] Grassy Terrain\n|-heal|p2a: Toxapex|71\/100|[from] Grassy Terrain\n|-heal|p2a: Toxapex|77\/100|[from] item: Leftovers\n|upkeep\n|turn|35\n|\n|t:|1700158059\n|move|p1a: Rillaboom|Swords Dance|p1a: Rillaboom\n|-boost|p1a: Rillaboom|atk|2\n|move|p2a: Toxapex|Surf|p1a: Rillaboom\n|-resisted|p1a: Rillaboom\n|-damage|p1a: Rillaboom|29\/100\n|\n|-heal|p1a: Rillaboom|35\/100|[from] Grassy Terrain\n|-heal|p2a: Toxapex|84\/100|[from] Grassy Terrain\n|-heal|p2a: Toxapex|90\/100|[from] item: Leftovers\n|upkeep\n|turn|36\n|\n|t:|1700158068\n|move|p1a: Rillaboom|Grassy Glide|p2a: Toxapex\n|-damage|p2a: Toxapex|39\/100\n|move|p2a: Toxapex|Haze|p2a: Toxapex\n|-clearallboost\n|\n|-heal|p1a: Rillaboom|42\/100|[from] Grassy Terrain\n|-heal|p2a: Toxapex|46\/100|[from] Grassy Terrain\n|-heal|p2a: Toxapex|52\/100|[from] item: Leftovers\n|upkeep\n|turn|37\n|\n|t:|1700158078\n|move|p1a: Rillaboom|Swords Dance|p1a: Rillaboom\n|-boost|p1a: Rillaboom|atk|2\n|move|p2a: Toxapex|Toxic|p1a: Rillaboom\n|-status|p1a: Rillaboom|tox\n|\n|-heal|p1a: Rillaboom|48\/100 tox|[from] Grassy Terrain\n|-heal|p2a: Toxapex|58\/100|[from] Grassy Terrain\n|-heal|p2a: Toxapex|64\/100|[from] item: Leftovers\n|-damage|p1a: Rillaboom|42\/100 tox|[from] psn\n|upkeep\n|turn|38\n|\n|t:|1700158088\n|move|p1a: Rillaboom|Grassy Glide|p2a: Toxapex\n|-damage|p2a: Toxapex|18\/100\n|move|p2a: Toxapex|Recover|p2a: Toxapex\n|-heal|p2a: Toxapex|68\/100\n|\n|-heal|p1a: Rillaboom|48\/100 tox|[from] Grassy Terrain\n|-heal|p2a: Toxapex|74\/100|[from] Grassy Terrain\n|-heal|p2a: Toxapex|80\/100|[from] item: Leftovers\n|-damage|p1a: Rillaboom|35\/100 tox|[from] psn\n|-fieldend|move: Grassy Terrain\n|upkeep\n|turn|39\n|\n|t:|1700158099\n|move|p1a: Rillaboom|Grassy Glide|p2a: Toxapex\n|-damage|p2a: Toxapex|41\/100\n|move|p2a: Toxapex|Haze|p2a: Toxapex\n|-clearallboost\n|\n|-heal|p2a: Toxapex|48\/100|[from] item: Leftovers\n|-damage|p1a: Rillaboom|17\/100 tox|[from] psn\n|upkeep\n|turn|40\n|\n|t:|1700158109\n|switch|p1a: Garganacl|Garganacl, F, tera:Water|96\/100\n|-damage|p1a: Garganacl|84\/100|[from] Stealth Rock\n|-damage|p1a: Garganacl|71\/100|[from] Spikes\n|move|p2a: Toxapex|Recover|p2a: Toxapex\n|-heal|p2a: Toxapex|98\/100\n|\n|-heal|p2a: Toxapex|100\/100|[from] item: Leftovers\n|upkeep\n|turn|41\n|\n|t:|1700158117\n|switch|p2a: Great Tusk|Great Tusk|100\/100\n|move|p1a: Garganacl|Salt Cure|p2a: Great Tusk\n|-resisted|p2a: Great Tusk\n|-damage|p2a: Great Tusk|99\/100\n|-start|p2a: Great Tusk|Salt Cure\n|\n|-heal|p2a: Great Tusk|100\/100|[from] item: Leftovers\n|-damage|p2a: Great Tusk|88\/100|[from] Salt Cure\n|upkeep\n|turn|42\n|\n|t:|1700158127\n|move|p2a: Great Tusk|Earthquake|p1a: Garganacl\n|-crit|p1a: Garganacl\n|-damage|p1a: Garganacl|31\/100\n|move|p1a: Garganacl|Curse|p1a: Garganacl\n|-unboost|p1a: Garganacl|spe|1\n|-boost|p1a: Garganacl|atk|1\n|-boost|p1a: Garganacl|def|1\n|\n|-heal|p2a: Great Tusk|94\/100|[from] item: Leftovers\n|-damage|p2a: Great Tusk|82\/100|[from] Salt Cure\n|upkeep\n|turn|43\n|\n|t:|1700158136\n|-end|p2a: Great Tusk|Protosynthesis|[silent]\n|switch|p2a: Iron Valiant|Iron Valiant, tera:Electric|36\/100\n|move|p1a: Garganacl|Recover|p1a: Garganacl\n|-heal|p1a: Garganacl|81\/100\n|\n|upkeep\n|turn|44\n|\n|t:|1700158142\n|switch|p1a: Rillaboom|Rillaboom, M|17\/100 tox\n|-damage|p1a: Rillaboom|5\/100 tox|[from] Stealth Rock\n|-damage|p1a: Rillaboom|0 fnt|[from] Spikes\n|faint|p1a: Rillaboom\n|move|p2a: Iron Valiant|Thunderbolt|p1: Rillaboom|[notarget]\n|-fail|p2a: Iron Valiant\n|\n|upkeep\n|\n|t:|1700158149\n|switch|p1a: Sneasler|Sneasler, M|100\/100\n|-damage|p1a: Sneasler|95\/100|[from] Stealth Rock\n|-damage|p1a: Sneasler|82\/100|[from] Spikes\n|turn|45\n|\n|t:|1700158156\n|-end|p2a: Iron Valiant|Quark Drive|[silent]\n|switch|p2a: Great Tusk|Great Tusk|82\/100\n|move|p1a: Sneasler|Dire Claw|p2a: Great Tusk\n|-resisted|p2a: Great Tusk\n|-damage|p2a: Great Tusk|71\/100\n|-status|p2a: Great Tusk|slp\n|\n|-heal|p2a: Great Tusk|77\/100 slp|[from] item: Leftovers\n|upkeep\n|turn|46\n|\n|t:|1700158165\n|-end|p2a: Great Tusk|Protosynthesis|[silent]\n|switch|p2a: Toxapex|Toxapex, F|100\/100\n|move|p1a: Sneasler|Swords Dance|p1a: Sneasler\n|-boost|p1a: Sneasler|atk|2\n|\n|upkeep\n|turn|47\n|\n|t:|1700158170\n|move|p1a: Sneasler|Dire Claw|p2a: Toxapex\n|-resisted|p2a: Toxapex\n|-damage|p2a: Toxapex|74\/100\n|move|p2a: Toxapex|Haze|p2a: Toxapex\n|-clearallboost\n|\n|-heal|p2a: Toxapex|80\/100|[from] item: Leftovers\n|upkeep\n|turn|48\n|\n|t:|1700158179\n|move|p1a: Sneasler|Dire Claw|p2a: Toxapex\n|-resisted|p2a: Toxapex\n|-damage|p2a: Toxapex|67\/100\n|-message|Sleep Clause Mod activated.\n|-hint|Sleep Clause Mod prevents players from putting more than one of their opponent's Pok\u00e9mon to sleep at a time\n|move|p2a: Toxapex|Surf|p1a: Sneasler\n|-damage|p1a: Sneasler|58\/100\n|\n|-heal|p2a: Toxapex|73\/100|[from] item: Leftovers\n|upkeep\n|turn|49\n|\n|t:|1700158193\n|switch|p1a: Walking Wake|Walking Wake|100\/100\n|-damage|p1a: Walking Wake|88\/100|[from] Stealth Rock\n|-damage|p1a: Walking Wake|76\/100|[from] Spikes\n|move|p2a: Toxapex|Surf|p1a: Walking Wake\n|-resisted|p1a: Walking Wake\n|-damage|p1a: Walking Wake|70\/100\n|\n|-heal|p2a: Toxapex|79\/100|[from] item: Leftovers\n|upkeep\n|turn|50\n|\n|t:|1700158202\n|move|p1a: Walking Wake|Draco Meteor|p2a: Toxapex\n|-damage|p2a: Toxapex|21\/100\n|-unboost|p1a: Walking Wake|spa|2\n|move|p2a: Toxapex|Recover|p2a: Toxapex\n|-heal|p2a: Toxapex|71\/100\n|\n|-heal|p2a: Toxapex|77\/100|[from] item: Leftovers\n|upkeep\n|turn|51\n|\n|t:|1700158211\n|-end|p1a: Walking Wake|Protosynthesis|[silent]\n|switch|p1a: Garganacl|Garganacl, F, tera:Water|81\/100\n|-damage|p1a: Garganacl|69\/100|[from] Stealth Rock\n|-damage|p1a: Garganacl|56\/100|[from] Spikes\n|switch|p2a: Kingambit|Kingambit, F|100\/100\n|-activate|p2a: Kingambit|ability: Supreme Overlord\n|-start|p2a: Kingambit|fallen1|[silent]\n|\n|upkeep\n|turn|52\n|\n|t:|1700158220\n|move|p2a: Kingambit|Kowtow Cleave|p1a: Garganacl\n|-damage|p1a: Garganacl|22\/100\n|move|p1a: Garganacl|Body Press|p2a: Kingambit\n|-supereffective|p2a: Kingambit\n|-damage|p2a: Kingambit|20\/100\n|\n|-heal|p2a: Kingambit|26\/100|[from] item: Leftovers\n|upkeep\n|turn|53\n|\n|t:|1700158229\n|move|p2a: Kingambit|Kowtow Cleave|p1a: Garganacl\n|-damage|p1a: Garganacl|0 fnt\n|faint|p1a: Garganacl\n|\n|-heal|p2a: Kingambit|33\/100|[from] item: Leftovers\n|upkeep\n|\n|t:|1700158235\n|switch|p1a: Iron Moth|Iron Moth|63\/100\n|-damage|p1a: Iron Moth|38\/100|[from] Stealth Rock\n|-damage|p1a: Iron Moth|26\/100|[from] Spikes\n|turn|54\n|\n|t:|1700158240\n|move|p2a: Kingambit|Sucker Punch||[still]\n|-fail|p2a: Kingambit\n|move|p1a: Iron Moth|Substitute|p1a: Iron Moth\n|-start|p1a: Iron Moth|Substitute\n|-damage|p1a: Iron Moth|1\/100\n|\n|-heal|p2a: Kingambit|39\/100|[from] item: Leftovers\n|upkeep\n|turn|55\n|\n|t:|1700158247\n|move|p2a: Kingambit|Sucker Punch|p1a: Iron Moth\n|-end|p1a: Iron Moth|Substitute\n|move|p1a: Iron Moth|Fiery Dance|p2a: Kingambit\n|-supereffective|p2a: Kingambit\n|-damage|p2a: Kingambit|0 fnt\n|faint|p2a: Kingambit\n|-end|p2a: Kingambit|fallen1|[silent]\n|\n|upkeep\n|\n|t:|1700158251\n|switch|p2a: Iron Valiant|Iron Valiant, tera:Electric|36\/100\n|turn|56\n|\n|t:|1700158257\n|move|p2a: Iron Valiant|Thunderbolt|p1a: Iron Moth\n|-damage|p1a: Iron Moth|0 fnt\n|faint|p1a: Iron Moth\n|-end|p1a: Iron Moth|Quark Drive|[silent]\n|\n|upkeep\n|\n|t:|1700158263\n|switch|p1a: Walking Wake|Walking Wake|70\/100\n|-damage|p1a: Walking Wake|58\/100|[from] Stealth Rock\n|-damage|p1a: Walking Wake|46\/100|[from] Spikes\n|turn|57\n|\n|t:|1700158268\n|-end|p2a: Iron Valiant|Quark Drive|[silent]\n|switch|p2a: Toxapex|Toxapex, F|100\/100\n|move|p1a: Walking Wake|Draco Meteor|p2a: Toxapex\n|-damage|p2a: Toxapex|45\/100\n|-unboost|p1a: Walking Wake|spa|2\n|\n|-heal|p2a: Toxapex|51\/100|[from] item: Leftovers\n|upkeep\n|turn|58\n|\n|t:|1700158276\n|move|p1a: Walking Wake|Draco Meteor|p2a: Toxapex\n|-damage|p2a: Toxapex|21\/100\n|-unboost|p1a: Walking Wake|spa|2\n|move|p2a: Toxapex|Recover|p2a: Toxapex\n|-heal|p2a: Toxapex|71\/100\n|\n|-heal|p2a: Toxapex|77\/100|[from] item: Leftovers\n|upkeep\n|turn|59\n|-message|bahala forfeited.\n|\n|win|CapnTophat\n|raw|bahala's rating: 1530 &rarr; <strong>1510<\/strong><br \/>(-20 for losing)\n|raw|CapnTophat's rating: 1522 &rarr; <strong>1542<\/strong><br \/>(+20 for winning)\n|l|\u2606bahala\n","uploadtime":1700158304,"views":7,"p1id":"bahala","p2id":"capntophat","formatid":"gen9ou","rating":1510,"private":0,"password":""}