{"id":"gen9ou-1996658472","p1":"mathismathin","p2":"dsppp","format":"[Gen 9] OU","log":"|j|\u2606mathismathin\n|j|\u2606dsppp\n|t:|1700706181\n|gametype|singles\n|player|p1|mathismathin|nate|1694\n|player|p2|dsppp|1|1727\n|teamsize|p1|6\n|teamsize|p2|6\n|gen|9\n|tier|[Gen 9] OU\n|rated|\n|rule|Sleep Clause Mod: Limit one foe put to sleep\n|rule|Species Clause: Limit one of each Pok\u00e9mon\n|rule|OHKO Clause: OHKO moves are banned\n|rule|Evasion Items Clause: Evasion items are banned\n|rule|Evasion Moves Clause: Evasion moves are banned\n|rule|Endless Battle Clause: Forcing endless battles is banned\n|rule|HP Percentage Mod: HP is shown in percentages\n|clearpoke\n|poke|p1|Regidrago|\n|poke|p1|Cinderace, M|\n|poke|p1|Great Tusk|\n|poke|p1|Zapdos|\n|poke|p1|Garganacl, F|\n|poke|p1|Samurott-Hisui, F|\n|poke|p2|Weavile, M|\n|poke|p2|Landorus-Therian, M|\n|poke|p2|Great Tusk|\n|poke|p2|Heatran, M|\n|poke|p2|Zapdos|\n|poke|p2|Dragapult, M|\n|teampreview\n|\n|t:|1700706193\n|start\n|switch|p1a: Samurott|Samurott-Hisui, F|100\/100\n|switch|p2a: Landorus|Landorus-Therian, M|100\/100\n|-ability|p2a: Landorus|Intimidate|boost\n|-unboost|p1a: Samurott|atk|1\n|turn|1\n|\n|t:|1700706200\n|switch|p1a: Zapdos|Zapdos|100\/100\n|move|p2a: Landorus|U-turn|p1a: Zapdos\n|-resisted|p1a: Zapdos\n|-damage|p1a: Zapdos|88\/100\n|\n|t:|1700706204\n|switch|p2a: Weavile|Weavile, M|100\/100|[from] U-turn\n|-ability|p2a: Weavile|Pressure\n|\n|upkeep\n|turn|2\n|inactive|Battle timer is ON: inactive players will automatically lose when time's up. (requested by dsppp)\n|\n|t:|1700706221\n|move|p2a: Weavile|Knock Off|p1a: Zapdos\n|-damage|p1a: Zapdos|19\/100\n|-status|p2a: Weavile|par|[from] ability: Static|[of] p1a: Zapdos\n|-enditem|p1a: Zapdos|Heavy-Duty Boots|[from] move: Knock Off|[of] p2a: Weavile\n|move|p1a: Zapdos|Volt Switch|p2a: Weavile\n|-damage|p2a: Weavile|57\/100 par\n|\n|t:|1700706223\n|switch|p1a: Samurott|Samurott-Hisui, F|100\/100|[from] Volt Switch\n|\n|upkeep\n|turn|3\n|\n|t:|1700706228\n|move|p1a: Samurott|Ceaseless Edge|p2a: Weavile\n|-resisted|p2a: Weavile\n|-damage|p2a: Weavile|20\/100 par\n|-sidestart|p2: dsppp|Spikes\n|move|p2a: Weavile|Knock Off|p1a: Samurott\n|-resisted|p1a: Samurott\n|-damage|p1a: Samurott|55\/100\n|-enditem|p1a: Samurott|Choice Scarf|[from] move: Knock Off|[of] p2a: Weavile\n|\n|upkeep\n|turn|4\n|\n|t:|1700706235\n|move|p1a: Samurott|Knock Off|p2a: Weavile\n|-resisted|p2a: Weavile\n|-damage|p2a: Weavile|0 fnt\n|-enditem|p2a: Weavile|Choice Band|[from] move: Knock Off|[of] p1a: Samurott\n|faint|p2a: Weavile\n|\n|upkeep\n|\n|t:|1700706240\n|switch|p2a: Landorus|Landorus-Therian, M|100\/100\n|-ability|p2a: Landorus|Intimidate|boost\n|-unboost|p1a: Samurott|atk|1\n|turn|5\n|\n|t:|1700706242\n|switch|p1a: Zapdos|Zapdos|19\/100\n|move|p2a: Landorus|U-turn|p1a: Zapdos\n|-resisted|p1a: Zapdos\n|-damage|p1a: Zapdos|7\/100\n|j| Ctannn\n|\n|t:|1700706247\n|switch|p2a: Dragapult|Dragapult, M|100\/100|[from] U-turn\n|-damage|p2a: Dragapult|88\/100|[from] Spikes\n|\n|upkeep\n|turn|6\n|\n|t:|1700706250\n|switch|p1a: Garganacl|Garganacl, F|100\/100\n|move|p2a: Dragapult|Shadow Ball|p1a: Garganacl\n|-damage|p1a: Garganacl|82\/100\n|\n|-heal|p1a: Garganacl|89\/100|[from] item: Leftovers\n|upkeep\n|turn|7\n|\n|t:|1700706254\n|switch|p2a: Great Tusk|Great Tusk|100\/100\n|-damage|p2a: Great Tusk|88\/100|[from] Spikes\n|move|p1a: Garganacl|Salt Cure|p2a: Great Tusk\n|-resisted|p2a: Great Tusk\n|-damage|p2a: Great Tusk|86\/100\n|-start|p2a: Great Tusk|Salt Cure\n|\n|-heal|p2a: Great Tusk|92\/100|[from] item: Leftovers\n|-heal|p1a: Garganacl|95\/100|[from] item: Leftovers\n|-damage|p2a: Great Tusk|80\/100|[from] Salt Cure\n|upkeep\n|turn|8\n|\n|t:|1700706260\n|move|p2a: Great Tusk|Rapid Spin|p1a: Garganacl\n|-resisted|p1a: Garganacl\n|-damage|p1a: Garganacl|89\/100\n|-boost|p2a: Great Tusk|spe|1\n|-sideend|p2: dsppp|Spikes|[from] move: Rapid Spin|[of] p2a: Great Tusk\n|move|p1a: Garganacl|Iron Defense|p1a: Garganacl\n|-boost|p1a: Garganacl|def|2\n|\n|-heal|p2a: Great Tusk|86\/100|[from] item: Leftovers\n|-heal|p1a: Garganacl|95\/100|[from] item: Leftovers\n|-damage|p2a: Great Tusk|73\/100|[from] Salt Cure\n|upkeep\n|turn|9\n|\n|t:|1700706268\n|-end|p2a: Great Tusk|Protosynthesis|[silent]\n|switch|p2a: Dragapult|Dragapult, M|88\/100\n|move|p1a: Garganacl|Salt Cure|p2a: Dragapult\n|-damage|p2a: Dragapult|68\/100\n|-start|p2a: Dragapult|Salt Cure\n|\n|-heal|p1a: Garganacl|100\/100|[from] item: Leftovers\n|-damage|p2a: Dragapult|56\/100|[from] Salt Cure\n|upkeep\n|turn|10\n|\n|t:|1700706271\n|move|p2a: Dragapult|Surf|p1a: Garganacl\n|-supereffective|p1a: Garganacl\n|-damage|p1a: Garganacl|51\/100\n|move|p1a: Garganacl|Salt Cure|p2a: Dragapult\n|-damage|p2a: Dragapult|37\/100\n|\n|-heal|p1a: Garganacl|57\/100|[from] item: Leftovers\n|-damage|p2a: Dragapult|24\/100|[from] Salt Cure\n|upkeep\n|turn|11\n|\n|t:|1700706278\n|switch|p2a: Heatran|Heatran, M|100\/100\n|switch|p1a: Samurott|Samurott-Hisui, F|55\/100\n|\n|upkeep\n|turn|12\n|\n|t:|1700706282\n|switch|p2a: Landorus|Landorus-Therian, M|100\/100\n|-ability|p2a: Landorus|Intimidate|boost\n|-unboost|p1a: Samurott|atk|1\n|move|p1a: Samurott|Ceaseless Edge|p2a: Landorus\n|-damage|p2a: Landorus|67\/100\n|-sidestart|p2: dsppp|Spikes\n|\n|upkeep\n|turn|13\n|\n|t:|1700706288\n|switch|p1a: Zapdos|Zapdos|7\/100\n|move|p2a: Landorus|U-turn|p1a: Zapdos\n|-resisted|p1a: Zapdos\n|-damage|p1a: Zapdos|0 fnt\n|-status|p2a: Landorus|par|[from] ability: Static|[of] p1a: Zapdos\n|faint|p1a: Zapdos\n|\n|t:|1700706295\n|switch|p2a: Dragapult|Dragapult, M|24\/100|[from] U-turn\n|-damage|p2a: Dragapult|12\/100|[from] Spikes\n|\n|upkeep\n|\n|t:|1700706309\n|switch|p1a: Cinderace|Cinderace, M|100\/100\n|turn|14\n|\n|t:|1700706326\n|switch|p1a: Samurott|Samurott-Hisui, F|55\/100\n|move|p2a: Dragapult|Draco Meteor|p1a: Samurott|[miss]\n|-miss|p2a: Dragapult|p1a: Samurott\n|\n|upkeep\n|turn|15\n|\n|t:|1700706329\n|move|p2a: Dragapult|Draco Meteor|p1a: Samurott\n|-damage|p1a: Samurott|0 fnt\n|-unboost|p2a: Dragapult|spa|2\n|faint|p1a: Samurott\n|\n|upkeep\n|\n|t:|1700706330\n|switch|p1a: Garganacl|Garganacl, F|57\/100\n|turn|16\n|\n|t:|1700706337\n|switch|p2a: Great Tusk|Great Tusk|73\/100\n|-damage|p2a: Great Tusk|61\/100|[from] Spikes\n|move|p1a: Garganacl|Iron Defense|p1a: Garganacl\n|-boost|p1a: Garganacl|def|2\n|\n|-heal|p2a: Great Tusk|67\/100|[from] item: Leftovers\n|-heal|p1a: Garganacl|63\/100|[from] item: Leftovers\n|upkeep\n|turn|17\n|\n|t:|1700706340\n|move|p2a: Great Tusk|Rapid Spin|p1a: Garganacl\n|-resisted|p1a: Garganacl\n|-damage|p1a: Garganacl|61\/100\n|-boost|p2a: Great Tusk|spe|1\n|-sideend|p2: dsppp|Spikes|[from] move: Rapid Spin|[of] p2a: Great Tusk\n|move|p1a: Garganacl|Salt Cure|p2a: Great Tusk\n|-resisted|p2a: Great Tusk\n|-damage|p2a: Great Tusk|64\/100\n|-start|p2a: Great Tusk|Salt Cure\n|\n|-heal|p2a: Great Tusk|71\/100|[from] item: Leftovers\n|-heal|p1a: Garganacl|67\/100|[from] item: Leftovers\n|-damage|p2a: Great Tusk|58\/100|[from] Salt Cure\n|upkeep\n|turn|18\n|\n|t:|1700706343\n|move|p2a: Great Tusk|Close Combat|p1a: Garganacl\n|-supereffective|p1a: Garganacl\n|-damage|p1a: Garganacl|25\/100\n|-unboost|p2a: Great Tusk|def|1\n|-unboost|p2a: Great Tusk|spd|1\n|move|p1a: Garganacl|Recover|p1a: Garganacl\n|-heal|p1a: Garganacl|75\/100\n|\n|-heal|p2a: Great Tusk|64\/100|[from] item: Leftovers\n|-heal|p1a: Garganacl|81\/100|[from] item: Leftovers\n|-damage|p2a: Great Tusk|52\/100|[from] Salt Cure\n|upkeep\n|turn|19\n|\n|t:|1700706346\n|move|p2a: Great Tusk|Close Combat|p1a: Garganacl\n|-supereffective|p1a: Garganacl\n|-damage|p1a: Garganacl|36\/100\n|-unboost|p2a: Great Tusk|def|1\n|-unboost|p2a: Great Tusk|spd|1\n|move|p1a: Garganacl|Iron Defense|p1a: Garganacl\n|-boost|p1a: Garganacl|def|2\n|\n|-heal|p2a: Great Tusk|58\/100|[from] item: Leftovers\n|-heal|p1a: Garganacl|43\/100|[from] item: Leftovers\n|-damage|p2a: Great Tusk|46\/100|[from] Salt Cure\n|upkeep\n|turn|20\n|\n|t:|1700706349\n|move|p2a: Great Tusk|Close Combat|p1a: Garganacl\n|-supereffective|p1a: Garganacl\n|-damage|p1a: Garganacl|16\/100\n|-unboost|p2a: Great Tusk|def|1\n|-unboost|p2a: Great Tusk|spd|1\n|move|p1a: Garganacl|Recover|p1a: Garganacl\n|-heal|p1a: Garganacl|66\/100\n|\n|-heal|p2a: Great Tusk|52\/100|[from] item: Leftovers\n|-heal|p1a: Garganacl|72\/100|[from] item: Leftovers\n|-damage|p2a: Great Tusk|40\/100|[from] Salt Cure\n|upkeep\n|turn|21\n|\n|t:|1700706353\n|move|p2a: Great Tusk|Close Combat|p1a: Garganacl\n|-supereffective|p1a: Garganacl\n|-damage|p1a: Garganacl|45\/100\n|-unboost|p2a: Great Tusk|def|1\n|-unboost|p2a: Great Tusk|spd|1\n|move|p1a: Garganacl|Recover|p1a: Garganacl\n|-heal|p1a: Garganacl|95\/100\n|\n|-heal|p2a: Great Tusk|46\/100|[from] item: Leftovers\n|-heal|p1a: Garganacl|100\/100|[from] item: Leftovers\n|-damage|p2a: Great Tusk|34\/100|[from] Salt Cure\n|upkeep\n|turn|22\n|\n|t:|1700706356\n|move|p2a: Great Tusk|Close Combat|p1a: Garganacl\n|-supereffective|p1a: Garganacl\n|-damage|p1a: Garganacl|74\/100\n|-unboost|p2a: Great Tusk|def|1\n|-unboost|p2a: Great Tusk|spd|1\n|move|p1a: Garganacl|Earthquake|p2a: Great Tusk\n|-damage|p2a: Great Tusk|0 fnt\n|faint|p2a: Great Tusk\n|-end|p2a: Great Tusk|Protosynthesis|[silent]\n|\n|-heal|p1a: Garganacl|80\/100|[from] item: Leftovers\n|upkeep\n|\n|t:|1700706368\n|switch|p2a: Heatran|Heatran, M|100\/100\n|turn|23\n|\n|t:|1700706378\n|move|p2a: Heatran|Earth Power|p1a: Garganacl\n|-supereffective|p1a: Garganacl\n|-damage|p1a: Garganacl|44\/100\n|move|p1a: Garganacl|Salt Cure|p2a: Heatran\n|-damage|p2a: Heatran|89\/100\n|-start|p2a: Heatran|Salt Cure\n|\n|-heal|p2a: Heatran|95\/100|[from] item: Leftovers\n|-heal|p1a: Garganacl|50\/100|[from] item: Leftovers\n|-damage|p2a: Heatran|70\/100|[from] Salt Cure\n|upkeep\n|turn|24\n|\n|t:|1700706383\n|move|p2a: Heatran|Taunt|p1a: Garganacl\n|-start|p1a: Garganacl|move: Taunt\n|cant|p1a: Garganacl|move: Taunt|Recover\n|\n|-heal|p2a: Heatran|76\/100|[from] item: Leftovers\n|-heal|p1a: Garganacl|57\/100|[from] item: Leftovers\n|-damage|p2a: Heatran|51\/100|[from] Salt Cure\n|upkeep\n|turn|25\n|\n|t:|1700706387\n|switch|p1a: Great Tusk|Great Tusk|100\/100\n|move|p2a: Heatran|Earth Power|p1a: Great Tusk\n|-damage|p1a: Great Tusk|64\/100\n|\n|-heal|p1a: Great Tusk|71\/100|[from] item: Leftovers\n|-heal|p2a: Heatran|57\/100|[from] item: Leftovers\n|-damage|p2a: Heatran|32\/100|[from] Salt Cure\n|upkeep\n|turn|26\n|\n|t:|1700706391\n|switch|p2a: Zapdos|Zapdos|100\/100\n|move|p1a: Great Tusk|Stealth Rock|p2a: Zapdos\n|-sidestart|p2: dsppp|move: Stealth Rock\n|\n|-heal|p1a: Great Tusk|77\/100|[from] item: Leftovers\n|upkeep\n|turn|27\n|\n|t:|1700706399\n|move|p2a: Zapdos|Hurricane|p1a: Great Tusk\n|-supereffective|p1a: Great Tusk\n|-damage|p1a: Great Tusk|0 fnt\n|faint|p1a: Great Tusk\n|-end|p1a: Great Tusk|Protosynthesis|[silent]\n|\n|upkeep\n|\n|t:|1700706401\n|switch|p1a: Regidrago|Regidrago|100\/100\n|turn|28\n|\n|t:|1700706403\n|move|p2a: Zapdos|Thunder Wave|p1a: Regidrago\n|-status|p1a: Regidrago|par\n|move|p1a: Regidrago|Draco Meteor|p2a: Zapdos\n|-damage|p2a: Zapdos|0 fnt\n|-unboost|p1a: Regidrago|spa|2\n|faint|p2a: Zapdos\n|\n|upkeep\n|\n|t:|1700706410\n|switch|p2a: Heatran|Heatran, M|32\/100\n|-damage|p2a: Heatran|20\/100|[from] Stealth Rock\n|turn|29\n|\n|t:|1700706416\n|move|p2a: Heatran|Stealth Rock|p1a: Regidrago\n|-sidestart|p1: mathismathin|move: Stealth Rock\n|move|p1a: Regidrago|Draco Meteor|p2a: Heatran\n|-resisted|p2a: Heatran\n|-damage|p2a: Heatran|0 fnt\n|-unboost|p1a: Regidrago|spa|2\n|faint|p2a: Heatran\n|\n|upkeep\n|j| fuwa the cute\n|\n|t:|1700706426\n|switch|p2a: Landorus|Landorus-Therian, M|67\/100 par\n|-damage|p2a: Landorus|54\/100 par|[from] Stealth Rock\n|-ability|p2a: Landorus|Intimidate|boost\n|-unboost|p1a: Regidrago|atk|1\n|turn|30\n|\n|t:|1700706430\n|cant|p2a: Landorus|par\n|move|p1a: Regidrago|Draco Meteor|p2a: Landorus\n|-damage|p2a: Landorus|0 fnt\n|-unboost|p1a: Regidrago|spa|2\n|faint|p2a: Landorus\n|\n|upkeep\n|c|\u2606dsppp|Tf\n|\n|t:|1700706443\n|switch|p2a: Dragapult|Dragapult, M|12\/100\n|-damage|p2a: Dragapult|0 fnt|[from] Stealth Rock\n|faint|p2a: Dragapult\n|\n|win|mathismathin\n|raw|mathismathin's rating: 1694 &rarr; <strong>1716<\/strong><br \/>(+22 for winning)\n|raw|dsppp's rating: 1727 &rarr; <strong>1705<\/strong><br \/>(-22 for losing)\n|l|\u2606dsppp\n","uploadtime":1700706447,"views":7,"p1id":"mathismathin","p2id":"dsppp","formatid":"gen9ou","rating":1705,"private":0,"password":""}