{"id":"gen9ou-1997713736","p1":"PLLV51 Foufakirby","p2":"dia-sre","format":"[Gen 9] OU","log":"|j|\u2606PLLV51 Foufakirby\n|j|\u2606dia-sre\n|t:|1700844747\n|gametype|singles\n|player|p1|PLLV51 Foufakirby|heroine2-conquest|1831\n|player|p2|dia-sre|265|1905\n|teamsize|p1|6\n|teamsize|p2|6\n|gen|9\n|tier|[Gen 9] OU\n|rated|\n|rule|Sleep Clause Mod: Limit one foe put to sleep\n|rule|Species Clause: Limit one of each Pok\u00e9mon\n|rule|OHKO Clause: OHKO moves are banned\n|rule|Evasion Items Clause: Evasion items are banned\n|rule|Evasion Moves Clause: Evasion moves are banned\n|rule|Endless Battle Clause: Forcing endless battles is banned\n|rule|HP Percentage Mod: HP is shown in percentages\n|clearpoke\n|poke|p1|Samurott-Hisui, F|\n|poke|p1|Kingambit, F|\n|poke|p1|Sandy Shocks|\n|poke|p1|Gholdengo|\n|poke|p1|Iron Valiant|\n|poke|p1|Walking Wake|\n|poke|p2|Garchomp, F|\n|poke|p2|Gholdengo|\n|poke|p2|Goodra-Hisui, F|\n|poke|p2|Hoopa-Unbound|\n|poke|p2|Weezing-Galar, F|\n|poke|p2|Zapdos-Galar|\n|teampreview\n|inactive|Battle timer is ON: inactive players will automatically lose when time's up. (requested by dia-sre)\n|inactive|PLLV51 Foufakirby also wants the timer to be on.\n|j| dfghhhg\n|c|\u2606PLLV51 Foufakirby|Hf\n|j| JojoOui\n|c|\u2606dia-sre|u2\n|\n|t:|1700844774\n|start\n|switch|p1a: Samurott|Samurott-Hisui, F|100\/100\n|switch|p2a: Hoopa|Hoopa-Unbound|100\/100\n|turn|1\n|\n|t:|1700844782\n|move|p1a: Samurott|Ceaseless Edge|p2a: Hoopa\n|-damage|p2a: Hoopa|19\/100\n|-sidestart|p2: dia-sre|Spikes\n|move|p2a: Hoopa|Drain Punch|p1a: Samurott\n|-supereffective|p1a: Samurott\n|-damage|p1a: Samurott|23\/100\n|-heal|p2a: Hoopa|63\/100|[from] drain|[of] p1a: Samurott\n|\n|upkeep\n|turn|2\n|\n|t:|1700844787\n|switch|p2a: Garchomp|Garchomp, F|100\/100\n|-damage|p2a: Garchomp|88\/100|[from] Spikes\n|move|p1a: Samurott|Ceaseless Edge|p2a: Garchomp\n|-damage|p2a: Garchomp|62\/100\n|-damage|p1a: Samurott|10\/100|[from] ability: Rough Skin|[of] p2a: Garchomp\n|-damage|p1a: Samurott|0 fnt|[from] item: Rocky Helmet|[of] p2a: Garchomp\n|faint|p1a: Samurott\n|\n|upkeep\n|j| mrbuzzing\n|\n|t:|1700844799\n|switch|p1a: Iron Valiant|Iron Valiant|100\/100\n|-enditem|p1a: Iron Valiant|Booster Energy\n|-activate|p1a: Iron Valiant|ability: Quark Drive|[fromitem]\n|-start|p1a: Iron Valiant|quarkdrivespe\n|turn|3\n|\n|t:|1700844803\n|switch|p2a: Weezing|Weezing-Galar, F|100\/100\n|move|p1a: Iron Valiant|Swords Dance|p1a: Iron Valiant\n|-boost|p1a: Iron Valiant|atk|2\n|\n|upkeep\n|turn|4\n|\n|t:|1700844810\n|move|p1a: Iron Valiant|Knock Off|p2a: Weezing\n|-resisted|p2a: Weezing\n|-damage|p2a: Weezing|80\/100\n|-enditem|p2a: Weezing|Custap Berry|[from] move: Knock Off|[of] p1a: Iron Valiant\n|move|p2a: Weezing|Strange Steam|p1a: Iron Valiant\n|-supereffective|p1a: Iron Valiant\n|-damage|p1a: Iron Valiant|8\/100\n|\n|upkeep\n|turn|5\n|\n|t:|1700844816\n|move|p1a: Iron Valiant|Close Combat|p2a: Weezing\n|-resisted|p2a: Weezing\n|-damage|p2a: Weezing|60\/100\n|-unboost|p1a: Iron Valiant|def|1\n|-unboost|p1a: Iron Valiant|spd|1\n|move|p2a: Weezing|Defog|p1a: Iron Valiant\n|-unboost|p1a: Iron Valiant|evasion|1\n|-sideend|p2: dia-sre|Spikes|[from] move: Defog|[of] p2a: Weezing\n|\n|upkeep\n|turn|6\n|\n|t:|1700844819\n|move|p1a: Iron Valiant|Encore|p2a: Weezing\n|-start|p2a: Weezing|Encore\n|move|p2a: Weezing|Defog|p1a: Iron Valiant\n|-unboost|p1a: Iron Valiant|evasion|1\n|\n|upkeep\n|turn|7\n|j| lwkug\n|\n|t:|1700844830\n|switch|p2a: Hoopa|Hoopa-Unbound|63\/100\n|move|p1a: Iron Valiant|Close Combat|p2a: Hoopa\n|-damage|p2a: Hoopa|0 fnt\n|-unboost|p1a: Iron Valiant|def|1\n|-unboost|p1a: Iron Valiant|spd|1\n|faint|p2a: Hoopa\n|\n|upkeep\n|\n|t:|1700844833\n|switch|p2a: Weezing|Weezing-Galar, F|60\/100\n|turn|8\n|\n|t:|1700844836\n|move|p1a: Iron Valiant|Close Combat|p2a: Weezing\n|-resisted|p2a: Weezing\n|-damage|p2a: Weezing|39\/100\n|-unboost|p1a: Iron Valiant|def|1\n|-unboost|p1a: Iron Valiant|spd|1\n|move|p2a: Weezing|Strange Steam|p1a: Iron Valiant\n|-supereffective|p1a: Iron Valiant\n|-damage|p1a: Iron Valiant|0 fnt\n|faint|p1a: Iron Valiant\n|-end|p1a: Iron Valiant|Quark Drive|[silent]\n|\n|upkeep\n|\n|t:|1700844839\n|switch|p1a: Sandy Shocks|Sandy Shocks|100\/100\n|-enditem|p1a: Sandy Shocks|Booster Energy\n|-activate|p1a: Sandy Shocks|ability: Protosynthesis|[fromitem]\n|-start|p1a: Sandy Shocks|protosynthesisspe\n|turn|9\n|\n|t:|1700844846\n|switch|p2a: Goodra|Goodra-Hisui, F|100\/100\n|move|p1a: Sandy Shocks|Earth Power|p2a: Goodra\n|-supereffective|p2a: Goodra\n|-crit|p2a: Goodra\n|-damage|p2a: Goodra|47\/100\n|\n|upkeep\n|turn|10\n|\n|t:|1700844850\n|move|p1a: Sandy Shocks|Earth Power|p2a: Goodra\n|-supereffective|p2a: Goodra\n|-damage|p2a: Goodra|9\/100\n|move|p2a: Goodra|Draco Meteor|p1a: Sandy Shocks\n|-damage|p1a: Sandy Shocks|30\/100\n|-unboost|p2a: Goodra|spa|2\n|\n|upkeep\n|turn|11\n|\n|t:|1700844853\n|move|p1a: Sandy Shocks|Thunderbolt|p2a: Goodra\n|-resisted|p2a: Goodra\n|-damage|p2a: Goodra|0 fnt\n|faint|p2a: Goodra\n|\n|upkeep\n|\n|t:|1700844865\n|switch|p2a: Weezing|Weezing-Galar, F|39\/100\n|turn|12\n|\n|t:|1700844868\n|-terastallize|p2a: Weezing|Dragon\n|move|p1a: Sandy Shocks|Thunderbolt|p2a: Weezing\n|-resisted|p2a: Weezing\n|-damage|p2a: Weezing|9\/100\n|move|p2a: Weezing|Strange Steam|p1a: Sandy Shocks\n|-damage|p1a: Sandy Shocks|0 fnt\n|faint|p1a: Sandy Shocks\n|-end|p1a: Sandy Shocks|Protosynthesis|[silent]\n|\n|upkeep\n|\n|t:|1700844874\n|switch|p1a: Gholdengo|Gholdengo|100\/100\n|-item|p1a: Gholdengo|Air Balloon\n|turn|13\n|\n|t:|1700844876\n|move|p1a: Gholdengo|Shadow Ball|p2a: Weezing\n|-damage|p2a: Weezing|0 fnt\n|faint|p2a: Weezing\n|\n|upkeep\n|\n|t:|1700844878\n|switch|p2a: Gholdengo|Gholdengo|100\/100\n|turn|14\n|\n|t:|1700844881\n|move|p2a: Gholdengo|Shadow Ball|p1a: Gholdengo\n|-supereffective|p1a: Gholdengo\n|-damage|p1a: Gholdengo|24\/100\n|-unboost|p1a: Gholdengo|spd|1\n|-enditem|p1a: Gholdengo|Air Balloon\n|move|p1a: Gholdengo|Shadow Ball|p2a: Gholdengo\n|-supereffective|p2a: Gholdengo\n|-damage|p2a: Gholdengo|3\/100\n|\n|upkeep\n|turn|15\n|\n|t:|1700844884\n|move|p2a: Gholdengo|Shadow Ball|p1a: Gholdengo\n|-supereffective|p1a: Gholdengo\n|-damage|p1a: Gholdengo|0 fnt\n|faint|p1a: Gholdengo\n|\n|upkeep\n|\n|t:|1700844886\n|switch|p1a: Walking Wake|Walking Wake|100\/100\n|-enditem|p1a: Walking Wake|Booster Energy\n|-activate|p1a: Walking Wake|ability: Protosynthesis|[fromitem]\n|-start|p1a: Walking Wake|protosynthesisspa\n|turn|16\n|\n|t:|1700844889\n|move|p2a: Gholdengo|Shadow Ball|p1a: Walking Wake\n|-damage|p1a: Walking Wake|51\/100\n|-unboost|p1a: Walking Wake|spd|1\n|move|p1a: Walking Wake|Agility|p1a: Walking Wake\n|-boost|p1a: Walking Wake|spe|2\n|\n|upkeep\n|turn|17\n|\n|t:|1700844893\n|move|p1a: Walking Wake|Surf|p2a: Gholdengo\n|-damage|p2a: Gholdengo|0 fnt\n|faint|p2a: Gholdengo\n|\n|upkeep\n|\n|t:|1700844895\n|switch|p2a: Zapdos|Zapdos-Galar|100\/100\n|turn|18\n|\n|t:|1700844902\n|move|p1a: Walking Wake|Substitute|p1a: Walking Wake\n|-start|p1a: Walking Wake|Substitute\n|-damage|p1a: Walking Wake|26\/100\n|move|p2a: Zapdos|Close Combat|p1a: Walking Wake\n|-end|p1a: Walking Wake|Substitute\n|-unboost|p2a: Zapdos|def|1\n|-unboost|p2a: Zapdos|spd|1\n|\n|upkeep\n|turn|19\n|\n|t:|1700844905\n|move|p1a: Walking Wake|Surf|p2a: Zapdos\n|-damage|p2a: Zapdos|0 fnt\n|faint|p2a: Zapdos\n|\n|upkeep\n|c|\u2606PLLV51 Foufakirby|Gg\n|c|\u2606dia-sre|gg\n|-message|dia-sre forfeited.\n|\n|win|PLLV51 Foufakirby\n|raw|PLLV51 Foufakirby's rating: 1831 &rarr; <strong>1855<\/strong><br \/>(+24 for winning)\n|raw|dia-sre's rating: 1905 &rarr; <strong>1881<\/strong><br \/>(-24 for losing)\n|l|\u2606dia-sre\n","uploadtime":1700844918,"views":3,"p1id":"pllv51foufakirby","p2id":"diasre","formatid":"gen9ou","rating":1855,"private":0,"password":""}