{"id":"gen9ou-1994764435","p1":"KyokySP","p2":"red violet blue","format":"[Gen 9] OU","log":"|j|\u203dKyokySP\n|j|\u2606red violet blue\n|t:|1700490460\n|gametype|singles\n|player|p1|KyokySP|gentleman-gen4|1522\n|player|p2|red violet blue|101|1581\n|teamsize|p1|6\n|teamsize|p2|6\n|gen|9\n|tier|[Gen 9] OU\n|rated|\n|rule|Sleep Clause Mod: Limit one foe put to sleep\n|rule|Species Clause: Limit one of each Pok\u00e9mon\n|rule|OHKO Clause: OHKO moves are banned\n|rule|Evasion Items Clause: Evasion items are banned\n|rule|Evasion Moves Clause: Evasion moves are banned\n|rule|Endless Battle Clause: Forcing endless battles is banned\n|rule|HP Percentage Mod: HP is shown in percentages\n|clearpoke\n|poke|p1|Garchomp, F|\n|poke|p1|Greninja-*, M|\n|poke|p1|Dragonite, F|\n|poke|p1|Sandy Shocks|\n|poke|p1|Kingambit, M|\n|poke|p1|Great Tusk|\n|poke|p2|Rillaboom, F|\n|poke|p2|Hawlucha, F|\n|poke|p2|Samurott-Hisui, F|\n|poke|p2|Ogerpon-Cornerstone, F|\n|poke|p2|Great Tusk|\n|poke|p2|Gholdengo|\n|teampreview\n|inactive|Battle timer is ON: inactive players will automatically lose when time's up. (requested by red violet blue)\n|inactive|KyokySP has 120 seconds left.\n|\n|t:|1700490519\n|start\n|switch|p1a: Garchomp|Garchomp, F|100\/100\n|switch|p2a: Samurott|Samurott-Hisui, F|100\/100\n|turn|1\n|\n|t:|1700490537\n|move|p1a: Garchomp|Stealth Rock|p2a: Samurott\n|-sidestart|p2: red violet blue|move: Stealth Rock\n|move|p2a: Samurott|Ceaseless Edge|p1a: Garchomp\n|-damage|p1a: Garchomp|64\/100\n|-damage|p2a: Samurott|88\/100|[from] ability: Rough Skin|[of] p1a: Garchomp\n|-damage|p2a: Samurott|72\/100|[from] item: Rocky Helmet|[of] p1a: Garchomp\n|-sidestart|p1: KyokySP|Spikes\n|\n|upkeep\n|turn|2\n|\n|t:|1700490545\n|move|p2a: Samurott|Ceaseless Edge|p1a: Garchomp\n|-damage|p1a: Garchomp|32\/100\n|-damage|p2a: Samurott|59\/100|[from] ability: Rough Skin|[of] p1a: Garchomp\n|-damage|p2a: Samurott|43\/100|[from] item: Rocky Helmet|[of] p1a: Garchomp\n|-sidestart|p1: KyokySP|Spikes\n|move|p1a: Garchomp|Dragon Tail|p2a: Samurott|[miss]\n|-miss|p1a: Garchomp|p2a: Samurott\n|\n|upkeep\n|turn|3\n|\n|t:|1700490551\n|move|p1a: Garchomp|Spikes|p2a: Samurott\n|-sidestart|p2: red violet blue|Spikes\n|move|p2a: Samurott|Taunt|p1a: Garchomp\n|-start|p1a: Garchomp|move: Taunt\n|\n|upkeep\n|turn|4\n|\n|t:|1700490556\n|move|p2a: Samurott|Ceaseless Edge|p1a: Garchomp|[miss]\n|-miss|p2a: Samurott|p1a: Garchomp\n|move|p1a: Garchomp|Dragon Tail|p2a: Samurott|[miss]\n|-miss|p1a: Garchomp|p2a: Samurott\n|\n|upkeep\n|turn|5\n|\n|t:|1700490561\n|move|p2a: Samurott|Ceaseless Edge|p1a: Garchomp\n|-damage|p1a: Garchomp|0 fnt\n|-damage|p2a: Samurott|30\/100|[from] ability: Rough Skin|[of] p1a: Garchomp\n|-damage|p2a: Samurott|14\/100|[from] item: Rocky Helmet|[of] p1a: Garchomp\n|-sidestart|p1: KyokySP|Spikes\n|faint|p1a: Garchomp\n|\n|upkeep\n|\n|t:|1700490565\n|switch|p1a: Great Tusk|Great Tusk|100\/100\n|-damage|p1a: Great Tusk|76\/100|[from] Spikes\n|turn|6\n|\n|t:|1700490569\n|switch|p2a: Gholdengo|Gholdengo|100\/100\n|-damage|p2a: Gholdengo|94\/100|[from] Stealth Rock\n|-item|p2a: Gholdengo|Air Balloon\n|move|p1a: Great Tusk|Earthquake|p2a: Gholdengo\n|-immune|p2a: Gholdengo\n|\n|upkeep\n|turn|7\n|\n|t:|1700490584\n|move|p2a: Gholdengo|Make It Rain|p1a: Great Tusk\n|-damage|p1a: Great Tusk|35\/100\n|-unboost|p2a: Gholdengo|spa|1\n|move|p1a: Great Tusk|Ice Spinner|p2a: Gholdengo\n|-resisted|p2a: Gholdengo\n|-damage|p2a: Gholdengo|86\/100\n|-enditem|p2a: Gholdengo|Air Balloon\n|\n|upkeep\n|turn|8\n|\n|t:|1700490607\n|move|p2a: Gholdengo|Nasty Plot|p2a: Gholdengo\n|-boost|p2a: Gholdengo|spa|2\n|move|p1a: Great Tusk|Earthquake|p2a: Gholdengo\n|-supereffective|p2a: Gholdengo\n|-damage|p2a: Gholdengo|26\/100\n|\n|upkeep\n|turn|9\n|\n|t:|1700490610\n|move|p2a: Gholdengo|Shadow Ball|p1a: Great Tusk\n|-damage|p1a: Great Tusk|0 fnt\n|faint|p1a: Great Tusk\n|-end|p1a: Great Tusk|Protosynthesis|[silent]\n|\n|upkeep\n|\n|t:|1700490613\n|switch|p1a: Greninja|Greninja, M|100\/100\n|-damage|p1a: Greninja|76\/100|[from] Spikes\n|turn|10\n|\n|t:|1700490622\n|switch|p2a: Samurott|Samurott-Hisui, F|14\/100\n|-damage|p2a: Samurott|1\/100|[from] Stealth Rock\n|-damage|p2a: Samurott|0 fnt|[from] Spikes\n|faint|p2a: Samurott\n|move|p1a: Greninja|Dark Pulse|p2: Samurott|[notarget]\n|-fail|p1a: Greninja\n|\n|upkeep\n|\n|t:|1700490628\n|switch|p2a: Great Tusk|Great Tusk|100\/100\n|-damage|p2a: Great Tusk|97\/100|[from] Stealth Rock\n|-damage|p2a: Great Tusk|85\/100|[from] Spikes\n|-enditem|p2a: Great Tusk|Booster Energy\n|-activate|p2a: Great Tusk|ability: Protosynthesis|[fromitem]\n|-start|p2a: Great Tusk|protosynthesisspe\n|turn|11\n|\n|t:|1700490632\n|move|p2a: Great Tusk|Rapid Spin|p1a: Greninja\n|-crit|p1a: Greninja\n|-damage|p1a: Greninja|41\/100\n|-boost|p2a: Great Tusk|spe|1\n|-sideend|p2: red violet blue|Spikes|[from] move: Rapid Spin|[of] p2a: Great Tusk\n|-sideend|p2: red violet blue|Stealth Rock|[from] move: Rapid Spin|[of] p2a: Great Tusk\n|move|p1a: Greninja|Surf|p2a: Great Tusk\n|-supereffective|p2a: Great Tusk\n|-damage|p2a: Great Tusk|0 fnt\n|faint|p2a: Great Tusk\n|-end|p2a: Great Tusk|Protosynthesis|[silent]\n|-ability|p1a: Greninja|Battle Bond|boost\n|-boost|p1a: Greninja|atk|1\n|-boost|p1a: Greninja|spa|1\n|-boost|p1a: Greninja|spe|1\n|-activate|p1a: Greninja|ability: Battle Bond\n|-damage|p1a: Greninja|31\/100|[from] item: Life Orb\n|\n|upkeep\n|\n|t:|1700490636\n|switch|p2a: Rillaboom|Rillaboom, F|100\/100\n|-fieldstart|move: Grassy Terrain|[from] ability: Grassy Surge|[of] p2a: Rillaboom\n|turn|12\n|\n|t:|1700490640\n|move|p2a: Rillaboom|Grassy Glide|p1a: Greninja\n|-supereffective|p1a: Greninja\n|-damage|p1a: Greninja|0 fnt\n|faint|p1a: Greninja\n|\n|upkeep\n|\n|t:|1700490642\n|switch|p1a: Dragonite|Dragonite, F|100\/100\n|turn|13\n|\n|t:|1700490645\n|move|p1a: Dragonite|Dragon Dance|p1a: Dragonite\n|-boost|p1a: Dragonite|atk|1\n|-boost|p1a: Dragonite|spe|1\n|move|p2a: Rillaboom|U-turn|p1a: Dragonite\n|-resisted|p1a: Dragonite\n|-damage|p1a: Dragonite|94\/100\n|\n|t:|1700490649\n|switch|p2a: Ogerpon|Ogerpon-Cornerstone, F|100\/100|[from] U-turn\n|\n|upkeep\n|turn|14\n|\n|t:|1700490652\n|move|p1a: Dragonite|Earthquake|p2a: Ogerpon\n|-damage|p2a: Ogerpon|65\/100\n|move|p2a: Ogerpon|Ivy Cudgel|p1a: Dragonite|[anim] Ivy Cudgel Rock\n|-supereffective|p1a: Dragonite\n|-crit|p1a: Dragonite\n|-damage|p1a: Dragonite|0 fnt\n|faint|p1a: Dragonite\n|\n|-heal|p2a: Ogerpon|71\/100|[from] Grassy Terrain\n|upkeep\n|\n|t:|1700490658\n|switch|p1a: Sandy Shocks|Sandy Shocks|100\/100\n|-damage|p1a: Sandy Shocks|76\/100|[from] Spikes\n|-enditem|p1a: Sandy Shocks|Booster Energy\n|-activate|p1a: Sandy Shocks|ability: Protosynthesis|[fromitem]\n|-start|p1a: Sandy Shocks|protosynthesisspe\n|turn|15\n|\n|t:|1700490667\n|move|p1a: Sandy Shocks|Earth Power|p2a: Ogerpon\n|-damage|p2a: Ogerpon|17\/100\n|move|p2a: Ogerpon|Power Whip|p1a: Sandy Shocks\n|-supereffective|p1a: Sandy Shocks\n|-damage|p1a: Sandy Shocks|0 fnt\n|faint|p1a: Sandy Shocks\n|-end|p1a: Sandy Shocks|Protosynthesis|[silent]\n|\n|-heal|p2a: Ogerpon|23\/100|[from] Grassy Terrain\n|upkeep\n|\n|t:|1700490672\n|switch|p1a: Kingambit|Kingambit, M|100\/100\n|-damage|p1a: Kingambit|76\/100|[from] Spikes\n|-activate|p1a: Kingambit|ability: Supreme Overlord\n|-start|p1a: Kingambit|fallen5|[silent]\n|turn|16\n|\n|t:|1700490675\n|move|p1a: Kingambit|Sucker Punch|p2a: Ogerpon\n|-damage|p2a: Ogerpon|0 fnt\n|faint|p2a: Ogerpon\n|\n|-heal|p1a: Kingambit|82\/100|[from] Grassy Terrain\n|upkeep\n|\n|t:|1700490677\n|switch|p2a: Hawlucha|Hawlucha, F|100\/100\n|-enditem|p2a: Hawlucha|Grassy Seed\n|-boost|p2a: Hawlucha|def|1|[from] item: Grassy Seed\n|turn|17\n|\n|t:|1700490692\n|-terastallize|p1a: Kingambit|Fairy\n|move|p2a: Hawlucha|Swords Dance|p2a: Hawlucha\n|-boost|p2a: Hawlucha|atk|2\n|move|p1a: Kingambit|Iron Head|p2a: Hawlucha\n|-damage|p2a: Hawlucha|44\/100\n|\n|-heal|p1a: Kingambit|88\/100|[from] Grassy Terrain\n|upkeep\n|turn|18\n|\n|t:|1700490700\n|move|p2a: Hawlucha|Acrobatics|p1a: Kingambit\n|-damage|p1a: Kingambit|8\/100\n|move|p1a: Kingambit|Iron Head|p2a: Hawlucha\n|-damage|p2a: Hawlucha|0 fnt\n|faint|p2a: Hawlucha\n|\n|-heal|p1a: Kingambit|14\/100|[from] Grassy Terrain\n|upkeep\n|\n|t:|1700490702\n|switch|p2a: Rillaboom|Rillaboom, F|100\/100\n|turn|19\n|\n|t:|1700490707\n|move|p2a: Rillaboom|Grassy Glide|p1a: Kingambit\n|-damage|p1a: Kingambit|0 fnt\n|faint|p1a: Kingambit\n|-end|p1a: Kingambit|fallen5|[silent]\n|\n|win|red violet blue\n|raw|KyokySP's rating: 1522 &rarr; <strong>1505<\/strong><br \/>(-17 for losing)\n|raw|red violet blue's rating: 1581 &rarr; <strong>1598<\/strong><br \/>(+17 for winning)\n|l|\u203dKyokySP\n","uploadtime":1700490721,"views":4,"p1id":"kyokysp","p2id":"redvioletblue","formatid":"gen9ou","rating":1505,"private":0,"password":""}