{"id":"gen9ou-1992559265","p1":"Circuits45","p2":"we're so barack","format":"[Gen 9] OU","log":"|j|\u2606Circuits45\n|j|\u2606we're so barack\n|t:|1700205683\n|gametype|singles\n|player|p1|Circuits45|grimsley|1481\n|player|p2|we're so barack|giovanni|1462\n|teamsize|p1|6\n|teamsize|p2|6\n|gen|9\n|tier|[Gen 9] OU\n|rated|\n|rule|Sleep Clause Mod: Limit one foe put to sleep\n|rule|Species Clause: Limit one of each Pok\u00e9mon\n|rule|OHKO Clause: OHKO moves are banned\n|rule|Evasion Items Clause: Evasion items are banned\n|rule|Evasion Moves Clause: Evasion moves are banned\n|rule|Endless Battle Clause: Forcing endless battles is banned\n|rule|HP Percentage Mod: HP is shown in percentages\n|clearpoke\n|poke|p1|Milotic, M|\n|poke|p1|Ting-Lu|\n|poke|p1|Moltres|\n|poke|p1|Dragapult, M|\n|poke|p1|Gholdengo|\n|poke|p1|Mandibuzz, F|\n|poke|p2|Ceruledge, M|\n|poke|p2|Kingambit, M|\n|poke|p2|Great Tusk|\n|poke|p2|Zapdos|\n|poke|p2|Dondozo, M|\n|poke|p2|Hatterene, F|\n|teampreview\n|inactive|Battle timer is ON: inactive players will automatically lose when time's up. (requested by we're so barack)\n|\n|t:|1700205700\n|start\n|switch|p1a: Dragapult|Dragapult, M|100\/100\n|switch|p2a: duel mode|Ceruledge, M|100\/100\n|turn|1\n|\n|t:|1700205729\n|move|p1a: Dragapult|U-turn|p2a: duel mode\n|-resisted|p2a: duel mode\n|-damage|p2a: duel mode|95\/100\n|\n|t:|1700205750\n|switch|p1a: Milotic|Milotic, M|100\/100|[from] U-turn\n|move|p2a: duel mode|Poltergeist|p1a: Milotic\n|-activate|p1a: Milotic|move: Poltergeist|Heavy-Duty Boots\n|-damage|p1a: Milotic|8\/100\n|\n|upkeep\n|turn|2\n|\n|t:|1700205754\n|switch|p1a: Mandibuzz|Mandibuzz, F|100\/100\n|move|p2a: duel mode|Poltergeist|p1a: Mandibuzz\n|-activate|p1a: Mandibuzz|move: Poltergeist|Heavy-Duty Boots\n|-resisted|p1a: Mandibuzz\n|-damage|p1a: Mandibuzz|78\/100\n|\n|upkeep\n|turn|3\n|\n|t:|1700205758\n|switch|p2a: bird jesus|Zapdos|100\/100\n|move|p1a: Mandibuzz|U-turn|p2a: bird jesus\n|-resisted|p2a: bird jesus\n|-damage|p2a: bird jesus|94\/100\n|-status|p1a: Mandibuzz|par|[from] ability: Static|[of] p2a: bird jesus\n|\n|t:|1700205762\n|switch|p1a: Ting-Lu|Ting-Lu|100\/100|[from] U-turn\n|-ability|p1a: Ting-Lu|Vessel of Ruin\n|\n|upkeep\n|turn|4\n|\n|t:|1700205766\n|switch|p2a: the captain|Great Tusk|100\/100\n|move|p1a: Ting-Lu|Spikes|p2a: the captain\n|-sidestart|p2: we're so barack|Spikes\n|\n|upkeep\n|turn|5\n|\n|t:|1700205770\n|switch|p1a: Gholdengo|Gholdengo|100\/100\n|-item|p1a: Gholdengo|Air Balloon\n|move|p2a: the captain|Close Combat|p1a: Gholdengo\n|-immune|p1a: Gholdengo\n|\n|upkeep\n|turn|6\n|\n|t:|1700205778\n|switch|p1a: Moltres|Moltres|100\/100\n|move|p2a: the captain|Ice Spinner|p1a: Moltres\n|-damage|p1a: Moltres|80\/100\n|-status|p2a: the captain|brn|[from] ability: Flame Body|[of] p1a: Moltres\n|\n|-damage|p2a: the captain|94\/100 brn|[from] brn\n|upkeep\n|turn|7\n|\n|t:|1700205787\n|move|p2a: the captain|Rapid Spin|p1a: Moltres\n|-damage|p1a: Moltres|74\/100\n|-boost|p2a: the captain|spe|1\n|-sideend|p2: we're so barack|Spikes|[from] move: Rapid Spin|[of] p2a: the captain\n|move|p1a: Moltres|U-turn|p2a: the captain\n|-resisted|p2a: the captain\n|-damage|p2a: the captain|89\/100 brn\n|\n|t:|1700205797\n|switch|p1a: Dragapult|Dragapult, M|100\/100|[from] U-turn\n|\n|-damage|p2a: the captain|83\/100 brn|[from] brn\n|upkeep\n|turn|8\n|\n|t:|1700205801\n|move|p2a: the captain|Ice Spinner|p1a: Dragapult\n|-supereffective|p1a: Dragapult\n|-damage|p1a: Dragapult|64\/100\n|move|p1a: Dragapult|Hex|p2a: the captain\n|-damage|p2a: the captain|2\/100 brn\n|\n|-damage|p2a: the captain|0 fnt|[from] brn\n|faint|p2a: the captain\n|-end|p2a: the captain|Protosynthesis|[silent]\n|upkeep\n|\n|t:|1700205810\n|switch|p2a: duel mode|Ceruledge, M|95\/100\n|turn|9\n|\n|t:|1700205824\n|switch|p1a: Mandibuzz|Mandibuzz, F|78\/100 par\n|move|p2a: duel mode|Bitter Blade|p1a: Mandibuzz\n|-damage|p1a: Mandibuzz|39\/100 par\n|-heal|p2a: duel mode|100\/100|[from] drain|[of] p1a: Mandibuzz\n|\n|upkeep\n|turn|10\n|\n|t:|1700205828\n|move|p2a: duel mode|Bitter Blade|p1a: Mandibuzz\n|-damage|p1a: Mandibuzz|1\/100 par\n|cant|p1a: Mandibuzz|par\n|\n|upkeep\n|turn|11\n|\n|t:|1700205833\n|switch|p1a: Moltres|Moltres|74\/100\n|move|p2a: duel mode|Bitter Blade|p1a: Moltres\n|-resisted|p1a: Moltres\n|-damage|p1a: Moltres|49\/100\n|\n|upkeep\n|turn|12\n|\n|t:|1700205836\n|switch|p2a: bird jesus|Zapdos|94\/100\n|move|p1a: Moltres|Roost|p1a: Moltres\n|-heal|p1a: Moltres|99\/100\n|-singleturn|p1a: Moltres|move: Roost\n|\n|upkeep\n|turn|13\n|\n|t:|1700205842\n|switch|p1a: Ting-Lu|Ting-Lu|100\/100\n|-ability|p1a: Ting-Lu|Vessel of Ruin\n|move|p2a: bird jesus|Hurricane|p1a: Ting-Lu\n|-crit|p1a: Ting-Lu\n|-damage|p1a: Ting-Lu|65\/100\n|\n|upkeep\n|turn|14\n|\n|t:|1700205852\n|switch|p2a: call and response|Hatterene, F|100\/100\n|move|p1a: Ting-Lu|Earthquake|p2a: call and response\n|-crit|p2a: call and response\n|-damage|p2a: call and response|53\/100\n|\n|-heal|p2a: call and response|59\/100|[from] item: Leftovers\n|upkeep\n|turn|15\n|\n|t:|1700205860\n|switch|p1a: Moltres|Moltres|99\/100\n|move|p2a: call and response|Calm Mind|p2a: call and response\n|-boost|p2a: call and response|spa|1\n|-boost|p2a: call and response|spd|1\n|\n|-heal|p2a: call and response|65\/100|[from] item: Leftovers\n|upkeep\n|turn|16\n|\n|t:|1700205867\n|move|p1a: Moltres|U-turn|p2a: call and response\n|-damage|p2a: call and response|52\/100\n|\n|t:|1700205869\n|switch|p1a: Gholdengo|Gholdengo|100\/100|[from] U-turn\n|-item|p1a: Gholdengo|Air Balloon\n|move|p2a: call and response|Psyshock|p1a: Gholdengo\n|-resisted|p1a: Gholdengo\n|-damage|p1a: Gholdengo|84\/100\n|-enditem|p1a: Gholdengo|Air Balloon\n|\n|-heal|p2a: call and response|58\/100|[from] item: Leftovers\n|upkeep\n|turn|17\n|\n|t:|1700205886\n|move|p1a: Gholdengo|Make It Rain|p2a: call and response\n|-supereffective|p2a: call and response\n|-damage|p2a: call and response|0 fnt\n|-unboost|p1a: Gholdengo|spa|1\n|faint|p2a: call and response\n|\n|upkeep\n|\n|t:|1700205896\n|switch|p2a: duel mode|Ceruledge, M|100\/100\n|turn|18\n|\n|t:|1700205909\n|switch|p1a: Mandibuzz|Mandibuzz, F|1\/100 par\n|move|p2a: duel mode|Poltergeist|p1a: Mandibuzz\n|-activate|p1a: Mandibuzz|move: Poltergeist|Heavy-Duty Boots\n|-resisted|p1a: Mandibuzz\n|-damage|p1a: Mandibuzz|0 fnt\n|faint|p1a: Mandibuzz\n|\n|upkeep\n|\n|t:|1700205915\n|switch|p1a: Gholdengo|Gholdengo|84\/100\n|turn|19\n|\n|t:|1700205933\n|switch|p2a: bird jesus|Zapdos|94\/100\n|move|p1a: Gholdengo|Make It Rain|p2a: bird jesus\n|-resisted|p2a: bird jesus\n|-damage|p2a: bird jesus|66\/100\n|-unboost|p1a: Gholdengo|spa|1\n|\n|upkeep\n|turn|20\n|\n|t:|1700205946\n|move|p2a: bird jesus|Hurricane|p1a: Gholdengo\n|-resisted|p1a: Gholdengo\n|-damage|p1a: Gholdengo|57\/100\n|move|p1a: Gholdengo|Nasty Plot|p1a: Gholdengo\n|-boost|p1a: Gholdengo|spa|2\n|\n|upkeep\n|turn|21\n|\n|t:|1700205951\n|move|p2a: bird jesus|Thunderbolt|p1a: Gholdengo\n|-damage|p1a: Gholdengo|9\/100\n|move|p1a: Gholdengo|Thunderbolt|p2a: bird jesus\n|-damage|p2a: bird jesus|19\/100\n|\n|upkeep\n|turn|22\n|\n|t:|1700205957\n|move|p2a: bird jesus|Thunderbolt|p1a: Gholdengo\n|-damage|p1a: Gholdengo|0 fnt\n|faint|p1a: Gholdengo\n|\n|upkeep\n|\n|t:|1700205960\n|switch|p1a: Dragapult|Dragapult, M|64\/100\n|turn|23\n|\n|t:|1700205967\n|switch|p2a: monsoon|Dondozo, M|100\/100\n|move|p1a: Dragapult|Hex|p2a: monsoon\n|-crit|p2a: monsoon\n|-damage|p2a: monsoon|71\/100\n|\n|-heal|p2a: monsoon|77\/100|[from] item: Leftovers\n|upkeep\n|turn|24\n|\n|t:|1700205971\n|switch|p2a: duel mode|Ceruledge, M|100\/100\n|move|p1a: Dragapult|Will-O-Wisp|p2a: duel mode\n|-start|p2a: duel mode|ability: Flash Fire\n|\n|upkeep\n|turn|25\n|\n|t:|1700205978\n|move|p1a: Dragapult|U-turn|p2a: duel mode\n|-resisted|p2a: duel mode\n|-damage|p2a: duel mode|94\/100\n|\n|t:|1700205982\n|switch|p1a: Milotic|Milotic, M|8\/100|[from] U-turn\n|move|p2a: duel mode|Poltergeist|p1a: Milotic\n|-activate|p1a: Milotic|move: Poltergeist|Heavy-Duty Boots\n|-damage|p1a: Milotic|0 fnt\n|faint|p1a: Milotic\n|\n|upkeep\n|\n|t:|1700205988\n|switch|p1a: Ting-Lu|Ting-Lu|65\/100\n|-ability|p1a: Ting-Lu|Vessel of Ruin\n|turn|26\n|\n|t:|1700206005\n|-end|p2a: duel mode|ability: Flash Fire|[silent]\n|switch|p2a: monsoon|Dondozo, M|77\/100\n|move|p1a: Ting-Lu|Spikes|p2a: monsoon\n|-sidestart|p2: we're so barack|Spikes\n|\n|-heal|p2a: monsoon|83\/100|[from] item: Leftovers\n|upkeep\n|turn|27\n|\n|t:|1700206017\n|move|p1a: Ting-Lu|Spikes|p2a: monsoon\n|-sidestart|p2: we're so barack|Spikes\n|move|p2a: monsoon|Liquidation|p1a: Ting-Lu\n|-supereffective|p1a: Ting-Lu\n|-damage|p1a: Ting-Lu|31\/100\n|\n|-heal|p2a: monsoon|90\/100|[from] item: Leftovers\n|upkeep\n|turn|28\n|\n|t:|1700206020\n|move|p1a: Ting-Lu|Rest|p1a: Ting-Lu\n|-status|p1a: Ting-Lu|slp|[from] move: Rest\n|-heal|p1a: Ting-Lu|100\/100 slp|[silent]\n|move|p2a: monsoon|Liquidation|p1a: Ting-Lu\n|-supereffective|p1a: Ting-Lu\n|-damage|p1a: Ting-Lu|70\/100 slp\n|\n|-heal|p2a: monsoon|96\/100|[from] item: Leftovers\n|upkeep\n|turn|29\n|\n|t:|1700206028\n|switch|p1a: Dragapult|Dragapult, M|64\/100\n|move|p2a: monsoon|Curse|p2a: monsoon\n|-unboost|p2a: monsoon|spe|1\n|-boost|p2a: monsoon|atk|1\n|-boost|p2a: monsoon|def|1\n|\n|-heal|p2a: monsoon|100\/100|[from] item: Leftovers\n|upkeep\n|turn|30\n|\n|t:|1700206036\n|switch|p2a: bird jesus|Zapdos|19\/100\n|-terastallize|p1a: Dragapult|Dragon\n|move|p1a: Dragapult|Draco Meteor|p2a: bird jesus\n|-damage|p2a: bird jesus|0 fnt\n|-unboost|p1a: Dragapult|spa|2\n|faint|p2a: bird jesus\n|\n|upkeep\n|\n|t:|1700206041\n|switch|p2a: duel mode|Ceruledge, M|94\/100\n|-damage|p2a: duel mode|78\/100|[from] Spikes\n|turn|31\n|\n|t:|1700206044\n|switch|p1a: Ting-Lu|Ting-Lu|70\/100 slp\n|-ability|p1a: Ting-Lu|Vessel of Ruin\n|move|p2a: duel mode|Bitter Blade|p1a: Ting-Lu\n|-damage|p1a: Ting-Lu|32\/100 slp\n|-heal|p2a: duel mode|100\/100|[from] drain|[of] p1a: Ting-Lu\n|\n|upkeep\n|turn|32\n|\n|t:|1700206049\n|switch|p2a: monsoon|Dondozo, M|100\/100\n|-damage|p2a: monsoon|84\/100|[from] Spikes\n|switch|p1a: Moltres|Moltres|99\/100\n|\n|-heal|p2a: monsoon|90\/100|[from] item: Leftovers\n|upkeep\n|turn|33\n|\n|t:|1700206054\n|switch|p2a: duel mode|Ceruledge, M|100\/100\n|-damage|p2a: duel mode|84\/100|[from] Spikes\n|move|p1a: Moltres|Will-O-Wisp|p2a: duel mode\n|-start|p2a: duel mode|ability: Flash Fire\n|\n|upkeep\n|turn|34\n|\n|t:|1700206062\n|move|p2a: duel mode|Poltergeist|p1a: Moltres\n|-activate|p1a: Moltres|move: Poltergeist|Heavy-Duty Boots\n|-damage|p1a: Moltres|42\/100\n|move|p1a: Moltres|Roost|p1a: Moltres\n|-heal|p1a: Moltres|92\/100\n|-singleturn|p1a: Moltres|move: Roost\n|\n|upkeep\n|turn|35\n|\n|t:|1700206071\n|-end|p2a: duel mode|ability: Flash Fire|[silent]\n|switch|p2a: monsoon|Dondozo, M|90\/100\n|-damage|p2a: monsoon|73\/100|[from] Spikes\n|move|p1a: Moltres|Roost|p1a: Moltres\n|-heal|p1a: Moltres|100\/100\n|-singleturn|p1a: Moltres|move: Roost\n|\n|-heal|p2a: monsoon|79\/100|[from] item: Leftovers\n|upkeep\n|turn|36\n|\n|t:|1700206077\n|switch|p2a: duel mode|Ceruledge, M|84\/100\n|-damage|p2a: duel mode|68\/100|[from] Spikes\n|move|p1a: Moltres|U-turn|p2a: duel mode\n|-resisted|p2a: duel mode\n|-damage|p2a: duel mode|63\/100\n|\n|t:|1700206081\n|switch|p1a: Ting-Lu|Ting-Lu|32\/100 slp|[from] U-turn\n|-ability|p1a: Ting-Lu|Vessel of Ruin\n|\n|upkeep\n|turn|37\n|\n|t:|1700206090\n|switch|p1a: Moltres|Moltres|100\/100\n|move|p2a: duel mode|Poltergeist|p1a: Moltres\n|-activate|p1a: Moltres|move: Poltergeist|Heavy-Duty Boots\n|-damage|p1a: Moltres|38\/100\n|\n|upkeep\n|turn|38\n|\n|t:|1700206095\n|switch|p2a: desperado|Kingambit, M|100\/100\n|-damage|p2a: desperado|84\/100|[from] Spikes\n|-activate|p2a: desperado|ability: Supreme Overlord\n|-start|p2a: desperado|fallen3|[silent]\n|switch|p1a: Ting-Lu|Ting-Lu|32\/100 slp\n|-ability|p1a: Ting-Lu|Vessel of Ruin\n|\n|-heal|p2a: desperado|90\/100|[from] item: Leftovers\n|upkeep\n|turn|39\n|\n|t:|1700206099\n|move|p2a: desperado|Kowtow Cleave|p1a: Ting-Lu\n|-resisted|p1a: Ting-Lu\n|-damage|p1a: Ting-Lu|14\/100 slp\n|cant|p1a: Ting-Lu|slp\n|\n|-heal|p2a: desperado|96\/100|[from] item: Leftovers\n|upkeep\n|turn|40\n|\n|t:|1700206102\n|move|p2a: desperado|Kowtow Cleave|p1a: Ting-Lu\n|-resisted|p1a: Ting-Lu\n|-damage|p1a: Ting-Lu|0 fnt\n|faint|p1a: Ting-Lu\n|\n|-heal|p2a: desperado|100\/100|[from] item: Leftovers\n|upkeep\n|\n|t:|1700206110\n|switch|p1a: Moltres|Moltres|38\/100\n|turn|41\n|\n|t:|1700206115\n|move|p1a: Moltres|Roost|p1a: Moltres\n|-heal|p1a: Moltres|88\/100\n|-singleturn|p1a: Moltres|move: Roost\n|move|p2a: desperado|Swords Dance|p2a: desperado\n|-boost|p2a: desperado|atk|2\n|\n|upkeep\n|turn|42\n|\n|t:|1700206118\n|move|p1a: Moltres|Will-O-Wisp|p2a: desperado|[miss]\n|-miss|p1a: Moltres|p2a: desperado\n|move|p2a: desperado|Swords Dance|p2a: desperado\n|-boost|p2a: desperado|atk|2\n|\n|upkeep\n|turn|43\n|\n|t:|1700206123\n|move|p1a: Moltres|Will-O-Wisp|p2a: desperado\n|-status|p2a: desperado|brn\n|move|p2a: desperado|Kowtow Cleave|p1a: Moltres\n|-damage|p1a: Moltres|22\/100\n|\n|-damage|p2a: desperado|94\/100 brn|[from] brn\n|upkeep\n|turn|44\n|\n|t:|1700206144\n|-terastallize|p2a: desperado|Flying\n|move|p1a: Moltres|Roost|p1a: Moltres\n|-heal|p1a: Moltres|73\/100\n|-singleturn|p1a: Moltres|move: Roost\n|move|p2a: desperado|Kowtow Cleave|p1a: Moltres\n|-damage|p1a: Moltres|5\/100\n|\n|-heal|p2a: desperado|100\/100 brn|[from] item: Leftovers\n|-damage|p2a: desperado|94\/100 brn|[from] brn\n|upkeep\n|turn|45\n|\n|t:|1700206155\n|move|p2a: desperado|Sucker Punch|p1a: Moltres\n|-damage|p1a: Moltres|0 fnt\n|faint|p1a: Moltres\n|\n|-heal|p2a: desperado|100\/100 brn|[from] item: Leftovers\n|-damage|p2a: desperado|94\/100 brn|[from] brn\n|upkeep\n|\n|t:|1700206166\n|switch|p1a: Dragapult|Dragapult, M, tera:Dragon|64\/100\n|turn|46\n|\n|t:|1700206171\n|move|p1a: Dragapult|Will-O-Wisp|p2a: desperado\n|-fail|p2a: desperado|brn\n|move|p2a: desperado|Kowtow Cleave|p1a: Dragapult\n|-damage|p1a: Dragapult|0 fnt\n|faint|p1a: Dragapult\n|\n|win|we're so barack\n|raw|Circuits45's rating: 1501 &rarr; <strong>1479<\/strong><br \/>(-22 for losing)\n|raw|we&apos;re so barack's rating: 1462 &rarr; <strong>1484<\/strong><br \/>(+22 for winning)\n|l|\u2606Circuits45\n|l|\u2606we're so barack\n|j|\u2606we're so barack\n|player|p2|we're so barack|giovanni\n","uploadtime":1700206235,"views":11,"p1id":"circuits45","p2id":"weresobarack","formatid":"gen9ou","rating":1479,"private":0,"password":""}