{"id":"gen9ou-1995162060","p1":"J._.bored","p2":"justincmoi","format":"[Gen 9] OU","log":"|j|\u2606J._.bored\n|j|\u2606justincmoi\n|t:|1700529515\n|gametype|singles\n|player|p1|J._.bored|cynthia|1137\n|player|p2|justincmoi|youngster-gen4dp|1233\n|teamsize|p1|6\n|teamsize|p2|6\n|gen|9\n|tier|[Gen 9] OU\n|rated|\n|rule|Sleep Clause Mod: Limit one foe put to sleep\n|rule|Species Clause: Limit one of each Pok\u00e9mon\n|rule|OHKO Clause: OHKO moves are banned\n|rule|Evasion Items Clause: Evasion items are banned\n|rule|Evasion Moves Clause: Evasion moves are banned\n|rule|Endless Battle Clause: Forcing endless battles is banned\n|rule|HP Percentage Mod: HP is shown in percentages\n|clearpoke\n|poke|p1|Tornadus-Therian, M|\n|poke|p1|Thundurus-Therian, M|\n|poke|p1|Great Tusk|\n|poke|p1|Garchomp, F|\n|poke|p1|Crawdaunt, F|\n|poke|p1|Salamence, M|\n|poke|p2|Sinistcha|\n|poke|p2|Dragapult, M|\n|poke|p2|Clefable, F|\n|poke|p2|Garganacl, M|\n|poke|p2|Azumarill, M|\n|poke|p2|Iron Valiant|\n|teampreview\n|\n|t:|1700529521\n|start\n|switch|p1a: Crawdaunt|Crawdaunt, F|100\/100\n|switch|p2a: Dragapult|Dragapult, M|100\/100\n|turn|1\n|\n|t:|1700529529\n|switch|p1a: Thundurus|Thundurus-Therian, M, shiny|100\/100\n|move|p2a: Dragapult|Thunderbolt|p1a: Thundurus\n|-immune|p1a: Thundurus|[from] ability: Volt Absorb\n|\n|upkeep\n|turn|2\n|\n|t:|1700529542\n|move|p2a: Dragapult|Draco Meteor|p1a: Thundurus|[miss]\n|-miss|p2a: Dragapult|p1a: Thundurus\n|move|p1a: Thundurus|Flash Cannon|p2a: Dragapult\n|-damage|p2a: Dragapult|54\/100\n|\n|upkeep\n|turn|3\n|\n|t:|1700529555\n|move|p2a: Dragapult|Draco Meteor|p1a: Thundurus\n|-damage|p1a: Thundurus|38\/100\n|-unboost|p2a: Dragapult|spa|2\n|-damage|p2a: Dragapult|44\/100|[from] item: Life Orb\n|move|p1a: Thundurus|Flash Cannon|p2a: Dragapult\n|-damage|p2a: Dragapult|2\/100\n|\n|upkeep\n|turn|4\n|\n|t:|1700529587\n|switch|p2a: Sinistcha|Sinistcha|100\/100\n|switch|p1a: Great Tusk|Great Tusk|100\/100\n|-enditem|p1a: Great Tusk|Booster Energy\n|-activate|p1a: Great Tusk|ability: Protosynthesis|[fromitem]\n|-start|p1a: Great Tusk|protosynthesisspe\n|\n|upkeep\n|turn|5\n|\n|t:|1700529601\n|move|p1a: Great Tusk|Ice Spinner|p2a: Sinistcha\n|-supereffective|p2a: Sinistcha\n|-damage|p2a: Sinistcha|69\/100\n|-damage|p1a: Great Tusk|84\/100|[from] item: Rocky Helmet|[of] p2a: Sinistcha\n|move|p2a: Sinistcha|Matcha Gotcha|p1a: Great Tusk\n|-supereffective|p1a: Great Tusk\n|-damage|p1a: Great Tusk|17\/100\n|-heal|p2a: Sinistcha|100\/100|[from] drain|[of] p1a: Great Tusk\n|\n|upkeep\n|turn|6\n|\n|t:|1700529620\n|-end|p1a: Great Tusk|Protosynthesis|[silent]\n|switch|p1a: Tornadus|Tornadus-Therian, M, shiny|100\/100\n|move|p2a: Sinistcha|Shadow Ball|p1a: Tornadus\n|-damage|p1a: Tornadus|57\/100\n|\n|upkeep\n|turn|7\n|\n|t:|1700529632\n|switch|p2a: Garganacl|Garganacl, M|100\/100\n|move|p1a: Tornadus|Chilling Water|p2a: Garganacl\n|-supereffective|p2a: Garganacl\n|-damage|p2a: Garganacl|58\/100\n|-unboost|p2a: Garganacl|atk|1\n|\n|-heal|p2a: Garganacl|65\/100|[from] item: Leftovers\n|upkeep\n|turn|8\n|\n|t:|1700529641\n|switch|p1a: Garchomp|Garchomp, F|100\/100\n|move|p2a: Garganacl|Salt Cure|p1a: Garchomp\n|-resisted|p1a: Garchomp\n|-damage|p1a: Garchomp|96\/100\n|-start|p1a: Garchomp|Salt Cure\n|\n|-heal|p2a: Garganacl|71\/100|[from] item: Leftovers\n|-damage|p1a: Garchomp|84\/100|[from] Salt Cure\n|upkeep\n|turn|9\n|\n|t:|1700529650\n|switch|p2a: Sinistcha|Sinistcha|100\/100\n|move|p1a: Garchomp|Earthquake|p2a: Sinistcha\n|-resisted|p2a: Sinistcha\n|-damage|p2a: Sinistcha|77\/100\n|-damage|p1a: Garchomp|74\/100|[from] item: Life Orb\n|\n|-damage|p1a: Garchomp|62\/100|[from] Salt Cure\n|upkeep\n|turn|10\n|\n|t:|1700529657\n|move|p1a: Garchomp|Dragon Claw|p2a: Sinistcha\n|-damage|p2a: Sinistcha|42\/100\n|-damage|p1a: Garchomp|45\/100|[from] item: Rocky Helmet|[of] p2a: Sinistcha\n|-damage|p1a: Garchomp|35\/100|[from] item: Life Orb\n|move|p2a: Sinistcha|Strength Sap|p1a: Garchomp\n|-unboost|p1a: Garchomp|atk|1\n|-heal|p2a: Sinistcha|100\/100\n|\n|-damage|p1a: Garchomp|23\/100|[from] Salt Cure\n|upkeep\n|turn|11\n|\n|t:|1700529670\n|switch|p1a: Great Tusk|Great Tusk|17\/100\n|move|p2a: Sinistcha|Matcha Gotcha|p1a: Great Tusk\n|-supereffective|p1a: Great Tusk\n|-crit|p1a: Great Tusk\n|-damage|p1a: Great Tusk|0 fnt\n|faint|p1a: Great Tusk\n|-end|p1a: Great Tusk|Protosynthesis|[silent]\n|\n|upkeep\n|\n|t:|1700529675\n|switch|p1a: Salamence|Salamence, M, shiny|100\/100\n|turn|12\n|l|\u2606J._.bored\n|player|p1|\n|\n|t:|1700529710\n|switch|p2a: Clefable|Clefable, F|100\/100\n|move|p1a: Salamence|Dual Wingbeat|p2a: Clefable\n|-damage|p2a: Clefable|73\/100\n|-damage|p2a: Clefable|44\/100\n|-hitcount|p2a: Clefable|2\n|\n|-heal|p2a: Clefable|50\/100|[from] item: Leftovers\n|upkeep\n|turn|13\n|j|\u2606J._.bored\n|player|p1|J._.bored|cynthia\n|\n|t:|1700529775\n|move|p1a: Salamence|Dual Wingbeat|p2a: Clefable\n|-damage|p2a: Clefable|22\/100\n|-damage|p2a: Clefable|0 fnt\n|faint|p2a: Clefable\n|-ability|p1a: Salamence|Moxie|boost\n|-boost|p1a: Salamence|atk|1\n|-hitcount|p2: Clefable|2\n|\n|upkeep\n|\n|t:|1700529777\n|switch|p2a: Dragapult|Dragapult, M|2\/100\n|turn|14\n|\n|t:|1700529785\n|-terastallize|p1a: Salamence|Rock\n|move|p2a: Dragapult|Draco Meteor|p1a: Salamence\n|-damage|p1a: Salamence|12\/100\n|-unboost|p2a: Dragapult|spa|2\n|-enditem|p1a: Salamence|Aguav Berry|[eat]\n|-heal|p1a: Salamence|45\/100|[from] item: Aguav Berry\n|-damage|p2a: Dragapult|0 fnt|[from] item: Life Orb\n|faint|p2a: Dragapult\n|move|p1a: Salamence|Tailwind|p1a: Salamence\n|-sidestart|p1: J._.bored|move: Tailwind\n|\n|upkeep\n|\n|t:|1700529796\n|switch|p2a: Azumarill|Azumarill, M|100\/100\n|turn|15\n|\n|t:|1700529807\n|move|p2a: Azumarill|Aqua Jet|p1a: Salamence\n|-supereffective|p1a: Salamence\n|-damage|p1a: Salamence|0 fnt\n|faint|p1a: Salamence\n|\n|upkeep\n|\n|t:|1700529814\n|switch|p1a: Thundurus|Thundurus-Therian, M, shiny|38\/100\n|turn|16\n|\n|t:|1700529836\n|switch|p2a: Garganacl|Garganacl, M|71\/100\n|move|p1a: Thundurus|Wildbolt Storm|p2a: Garganacl\n|-damage|p2a: Garganacl|10\/100\n|\n|-heal|p2a: Garganacl|16\/100|[from] item: Leftovers\n|upkeep\n|turn|17\n|\n|t:|1700529845\n|move|p1a: Thundurus|Flash Cannon|p2a: Garganacl\n|-supereffective|p2a: Garganacl\n|-damage|p2a: Garganacl|0 fnt\n|faint|p2a: Garganacl\n|\n|-sideend|p1: J._.bored|move: Tailwind\n|upkeep\n|\n|t:|1700529876\n|switch|p2a: Sinistcha|Sinistcha|100\/100\n|turn|18\n|\n|t:|1700529887\n|move|p1a: Thundurus|Sludge Bomb|p2a: Sinistcha\n|-damage|p2a: Sinistcha|57\/100\n|move|p2a: Sinistcha|Shadow Ball|p1a: Thundurus\n|-damage|p1a: Thundurus|10\/100\n|-unboost|p1a: Thundurus|spd|1\n|\n|upkeep\n|turn|19\n|\n|t:|1700529910\n|switch|p1a: Crawdaunt|Crawdaunt, F|100\/100\n|move|p2a: Sinistcha|Strength Sap|p1a: Crawdaunt\n|-unboost|p1a: Crawdaunt|atk|1\n|-heal|p2a: Sinistcha|100\/100\n|\n|upkeep\n|turn|20\n|\n|t:|1700529916\n|move|p1a: Crawdaunt|Crunch|p2a: Sinistcha\n|-supereffective|p2a: Sinistcha\n|-damage|p2a: Sinistcha|53\/100\n|-unboost|p2a: Sinistcha|def|1\n|-damage|p1a: Crawdaunt|84\/100|[from] item: Rocky Helmet|[of] p2a: Sinistcha\n|move|p2a: Sinistcha|Matcha Gotcha|p1a: Crawdaunt|[miss]\n|-miss|p2a: Sinistcha|p1a: Crawdaunt\n|\n|upkeep\n|turn|21\n|\n|t:|1700529933\n|switch|p1a: Tornadus|Tornadus-Therian, M, shiny|90\/100\n|-terastallize|p2a: Sinistcha|Dark\n|move|p2a: Sinistcha|Matcha Gotcha|p1a: Tornadus\n|-resisted|p1a: Tornadus\n|-damage|p1a: Tornadus|71\/100\n|-heal|p2a: Sinistcha|61\/100|[from] drain|[of] p1a: Tornadus\n|\n|upkeep\n|turn|22\n|\n|t:|1700529955\n|switch|p2a: Azumarill|Azumarill, M|100\/100\n|move|p1a: Tornadus|Bleakwind Storm|p2a: Azumarill\n|-damage|p2a: Azumarill|34\/100\n|\n|upkeep\n|turn|23\n|\n|t:|1700529963\n|move|p2a: Azumarill|Aqua Jet|p1a: Tornadus\n|-damage|p1a: Tornadus|17\/100\n|move|p1a: Tornadus|Bleakwind Storm|p2a: Azumarill\n|-damage|p2a: Azumarill|0 fnt\n|faint|p2a: Azumarill\n|\n|upkeep\n|\n|t:|1700529970\n|switch|p2a: Iron Valiant|Iron Valiant|100\/100\n|-enditem|p2a: Iron Valiant|Booster Energy\n|-activate|p2a: Iron Valiant|ability: Quark Drive|[fromitem]\n|-start|p2a: Iron Valiant|quarkdrivespe\n|turn|24\n|\n|t:|1700529988\n|switch|p1a: Thundurus|Thundurus-Therian, M, shiny|10\/100\n|move|p2a: Iron Valiant|Spirit Break|p1a: Thundurus\n|-damage|p1a: Thundurus|0 fnt\n|faint|p1a: Thundurus\n|\n|upkeep\n|\n|t:|1700529993\n|switch|p1a: Tornadus|Tornadus-Therian, M, shiny|50\/100\n|turn|25\n|\n|t:|1700529996\n|switch|p1a: Garchomp|Garchomp, F|23\/100\n|move|p2a: Iron Valiant|Spirit Break|p1a: Garchomp\n|-supereffective|p1a: Garchomp\n|-damage|p1a: Garchomp|0 fnt\n|-damage|p2a: Iron Valiant|88\/100|[from] ability: Rough Skin|[of] p1a: Garchomp\n|faint|p1a: Garchomp\n|\n|upkeep\n|\n|t:|1700530017\n|switch|p1a: Tornadus|Tornadus-Therian, M, shiny|83\/100\n|turn|26\n|\n|t:|1700530034\n|move|p2a: Iron Valiant|Spirit Break|p1a: Tornadus\n|-damage|p1a: Tornadus|33\/100\n|-unboost|p1a: Tornadus|spa|1\n|move|p1a: Tornadus|Bleakwind Storm|p2a: Iron Valiant|[miss]\n|-miss|p1a: Tornadus|p2a: Iron Valiant\n|\n|upkeep\n|turn|27\n|\n|t:|1700530043\n|switch|p1a: Crawdaunt|Crawdaunt, F|84\/100\n|move|p2a: Iron Valiant|Spirit Break|p1a: Crawdaunt\n|-supereffective|p1a: Crawdaunt\n|-damage|p1a: Crawdaunt|0 fnt\n|faint|p1a: Crawdaunt\n|\n|upkeep\n|\n|t:|1700530048\n|switch|p1a: Tornadus|Tornadus-Therian, M, shiny|66\/100\n|turn|28\n|\n|t:|1700530053\n|move|p2a: Iron Valiant|Spirit Break|p1a: Tornadus\n|-damage|p1a: Tornadus|12\/100\n|-unboost|p1a: Tornadus|spa|1\n|move|p1a: Tornadus|Bleakwind Storm|p2a: Iron Valiant\n|-supereffective|p2a: Iron Valiant\n|-damage|p2a: Iron Valiant|0 fnt\n|faint|p2a: Iron Valiant\n|-end|p2a: Iron Valiant|Quark Drive|[silent]\n|\n|upkeep\n|\n|t:|1700530056\n|switch|p2a: Sinistcha|Sinistcha, tera:Dark|61\/100\n|turn|29\n|\n|t:|1700530065\n|move|p1a: Tornadus|Bleakwind Storm|p2a: Sinistcha\n|-damage|p2a: Sinistcha|9\/100\n|move|p2a: Sinistcha|Shadow Ball|p1a: Tornadus\n|-damage|p1a: Tornadus|0 fnt\n|faint|p1a: Tornadus\n|\n|win|justincmoi\n|raw|J._.bored's rating: 1137 &rarr; <strong>1119<\/strong><br \/>(-18 for losing)\n|raw|justincmoi's rating: 1233 &rarr; <strong>1251<\/strong><br \/>(+18 for winning)\n|l|\u2606J._.bored\n|c|\u2606justincmoi|damn\n|c|\u2606justincmoi|g\n|c|\u2606justincmoi|g\n","uploadtime":1700530089,"views":5,"p1id":"jbored","p2id":"justincmoi","formatid":"gen9ou","rating":1119,"private":0,"password":""}