{"id":"gen9ou-1994063288","p1":"Chikami","p2":"DivineGabriel","format":"[Gen 9] OU","log":"|j|\u2606Chikami\n|j|\u2606DivineGabriel\n|t:|1700401929\n|gametype|singles\n|player|p1|Chikami|nate|1754\n|player|p2|DivineGabriel|rye|1740\n|teamsize|p1|6\n|teamsize|p2|6\n|gen|9\n|tier|[Gen 9] OU\n|rated|\n|rule|Sleep Clause Mod: Limit one foe put to sleep\n|rule|Species Clause: Limit one of each Pok\u00e9mon\n|rule|OHKO Clause: OHKO moves are banned\n|rule|Evasion Items Clause: Evasion items are banned\n|rule|Evasion Moves Clause: Evasion moves are banned\n|rule|Endless Battle Clause: Forcing endless battles is banned\n|rule|HP Percentage Mod: HP is shown in percentages\n|clearpoke\n|poke|p1|Chandelure, F|\n|poke|p1|Zapdos|\n|poke|p1|Ogerpon-Wellspring, F|\n|poke|p1|Greninja-*, M|\n|poke|p1|Great Tusk|\n|poke|p1|Kingambit, F|\n|poke|p2|Typhlosion-Hisui, M|\n|poke|p2|Great Tusk|\n|poke|p2|Torkoal, M|\n|poke|p2|Walking Wake|\n|poke|p2|Hatterene, F|\n|poke|p2|Meowscarada, F|\n|teampreview\n|\n|t:|1700401936\n|start\n|switch|p1a: Greninja|Greninja, M|100\/100\n|switch|p2a: Torkoal|Torkoal, M|100\/100\n|-weather|SunnyDay|[from] ability: Drought|[of] p2a: Torkoal\n|turn|1\n|\n|t:|1700401943\n|switch|p2a: Hatterene|Hatterene, F|100\/100\n|move|p1a: Greninja|U-turn|p2a: Hatterene\n|-start|p1a: Greninja|typechange|Bug|[from] ability: Protean\n|-damage|p2a: Hatterene|81\/100\n|-enditem|p2a: Hatterene|Eject Button\n|j| ShedTailHater\n|\n|t:|1700401948\n|switch|p2a: Walking Wake|Walking Wake|100\/100\n|-activate|p2a: Walking Wake|ability: Protosynthesis\n|-start|p2a: Walking Wake|protosynthesisspe\n|\n|-weather|SunnyDay|[upkeep]\n|upkeep\n|turn|2\n|\n|t:|1700401954\n|move|p1a: Greninja|U-turn|p2a: Walking Wake\n|-damage|p2a: Walking Wake|73\/100\n|\n|t:|1700401958\n|switch|p1a: Ogerpon|Ogerpon-Wellspring, F|100\/100|[from] U-turn\n|move|p2a: Walking Wake|Draco Meteor|p1a: Ogerpon|[miss]\n|-miss|p2a: Walking Wake|p1a: Ogerpon\n|\n|-weather|SunnyDay|[upkeep]\n|upkeep\n|turn|3\n|inactive|Battle timer is ON: inactive players will automatically lose when time's up. (requested by DivineGabriel)\n|\n|t:|1700401965\n|switch|p1a: Kingambit|Kingambit, F|100\/100\n|move|p2a: Walking Wake|Draco Meteor|p1a: Kingambit\n|-resisted|p1a: Kingambit\n|-damage|p1a: Kingambit|40\/100\n|-unboost|p2a: Walking Wake|spa|2\n|\n|-weather|SunnyDay|[upkeep]\n|-heal|p1a: Kingambit|46\/100|[from] item: Leftovers\n|upkeep\n|turn|4\n|\n|t:|1700401972\n|-end|p2a: Walking Wake|Protosynthesis|[silent]\n|switch|p2a: Great Tusk|Great Tusk|100\/100\n|-activate|p2a: Great Tusk|ability: Protosynthesis\n|-start|p2a: Great Tusk|protosynthesisatk\n|move|p1a: Kingambit|Kowtow Cleave|p2a: Great Tusk\n|-resisted|p2a: Great Tusk\n|-damage|p2a: Great Tusk|82\/100\n|\n|-weather|SunnyDay|[upkeep]\n|-heal|p1a: Kingambit|52\/100|[from] item: Leftovers\n|upkeep\n|turn|5\n|c|\u2606DivineGabriel|this game is actually so bad\n|\n|t:|1700401983\n|-end|p1a: Kingambit|fallenundefined|[silent]\n|switch|p1a: Zapdos|Zapdos|100\/100\n|move|p2a: Great Tusk|Ice Spinner|p1a: Zapdos\n|-supereffective|p1a: Zapdos\n|-crit|p1a: Zapdos\n|-damage|p1a: Zapdos|0 fnt\n|faint|p1a: Zapdos\n|\n|-weather|SunnyDay|[upkeep]\n|upkeep\n|j| Kingston9629\n|c|\u2606Chikami|yeah\n|inactive|Chikami has 120 seconds left.\n|\n|t:|1700402016\n|switch|p1a: Ogerpon|Ogerpon-Wellspring, F|100\/100\n|turn|6\n|inactive|Chikami has 120 seconds left.\n|\n|t:|1700402025\n|-end|p2a: Great Tusk|Protosynthesis|[silent]\n|switch|p2a: Meowscarada|Meowscarada, F|100\/100\n|move|p1a: Ogerpon|Encore||[still]\n|-fail|p1a: Ogerpon\n|\n|-weather|SunnyDay|[upkeep]\n|upkeep\n|turn|7\n|inactive|Chikami has 120 seconds left.\n|\n|t:|1700402050\n|switch|p1a: Kingambit|Kingambit, F|52\/100\n|-activate|p1a: Kingambit|ability: Supreme Overlord\n|-start|p1a: Kingambit|fallen1|[silent]\n|move|p2a: Meowscarada|U-turn|p1a: Kingambit\n|-start|p2a: Meowscarada|typechange|Bug|[from] ability: Protean\n|-damage|p1a: Kingambit|24\/100\n|\n|t:|1700402054\n|switch|p2a: Great Tusk|Great Tusk|82\/100|[from] U-turn\n|-activate|p2a: Great Tusk|ability: Protosynthesis\n|-start|p2a: Great Tusk|protosynthesisatk\n|\n|-weather|SunnyDay|[upkeep]\n|-heal|p1a: Kingambit|30\/100|[from] item: Leftovers\n|upkeep\n|turn|8\n|inactive|Chikami has 120 seconds left.\n|\n|t:|1700402068\n|-end|p1a: Kingambit|fallen1|[silent]\n|switch|p1a: Great Tusk|Great Tusk|100\/100\n|-activate|p1a: Great Tusk|ability: Protosynthesis\n|-start|p1a: Great Tusk|protosynthesisdef\n|move|p2a: Great Tusk|Headlong Rush|p1a: Great Tusk\n|-damage|p1a: Great Tusk|51\/100\n|-unboost|p2a: Great Tusk|def|1\n|-unboost|p2a: Great Tusk|spd|1\n|\n|-weather|none\n|-end|p2a: Great Tusk|Protosynthesis\n|-end|p1a: Great Tusk|Protosynthesis\n|upkeep\n|turn|9\n|inactive|Chikami has 120 seconds left.\n|\n|t:|1700402079\n|-end|p2a: Great Tusk|Protosynthesis|[silent]\n|switch|p2a: Hatterene|Hatterene, F|81\/100\n|move|p1a: Great Tusk|Ice Spinner|p2a: Hatterene\n|-damage|p2a: Hatterene|61\/100\n|\n|upkeep\n|turn|10\n|\n|t:|1700402082\n|-end|p1a: Great Tusk|Protosynthesis|[silent]\n|switch|p1a: Chandelure|Chandelure, F|100\/100\n|move|p2a: Hatterene|Draining Kiss|p1a: Chandelure\n|-resisted|p1a: Chandelure\n|-damage|p1a: Chandelure|84\/100\n|-heal|p2a: Hatterene|71\/100|[from] drain|[of] p1a: Chandelure\n|\n|upkeep\n|turn|11\n|j| MarburgCOVEbola\n|\n|t:|1700402086\n|switch|p2a: Torkoal|Torkoal, M|100\/100\n|-weather|SunnyDay|[from] ability: Drought|[of] p2a: Torkoal\n|move|p1a: Chandelure|Shadow Ball|p2a: Torkoal\n|-damage|p2a: Torkoal|0 fnt\n|faint|p2a: Torkoal\n|\n|-weather|SunnyDay|[upkeep]\n|upkeep\n|l| Kingston9629\n|j| Kingston9629\n|\n|t:|1700402101\n|switch|p2a: Typhlosion|Typhlosion-Hisui, M|100\/100\n|turn|12\n|l| Kingston9629\n|inactive|Chikami has 120 seconds left.\n|\n|t:|1700402142\n|-terastallize|p1a: Chandelure|Grass\n|move|p2a: Typhlosion|Shadow Ball|p1a: Chandelure\n|-crit|p1a: Chandelure\n|-damage|p1a: Chandelure|0 fnt\n|faint|p1a: Chandelure\n|\n|-weather|SunnyDay|[upkeep]\n|upkeep\n|c| MarburgCOVEbola|YE EVERYONE USES FIRE\/WATER IMMUNITY\n|c| MarburgCOVEbola|DAMN\n|\n|t:|1700402162\n|switch|p1a: Greninja|Greninja, M|100\/100\n|turn|13\n|\n|t:|1700402168\n|switch|p2a: Hatterene|Hatterene, F|71\/100\n|move|p1a: Greninja|Hydro Pump|p2a: Hatterene\n|-start|p1a: Greninja|typechange|Water|[from] ability: Protean\n|-damage|p2a: Hatterene|47\/100\n|\n|-weather|SunnyDay|[upkeep]\n|upkeep\n|turn|14\n|inactive|Chikami has 90 seconds left.\n|\n|t:|1700402191\n|switch|p1a: Kingambit|Kingambit, F|30\/100\n|-activate|p1a: Kingambit|ability: Supreme Overlord\n|-start|p1a: Kingambit|fallen2|[silent]\n|move|p2a: Hatterene|Draining Kiss|p1a: Kingambit\n|-damage|p1a: Kingambit|4\/100\n|-heal|p2a: Hatterene|68\/100|[from] drain|[of] p1a: Kingambit\n|\n|-weather|SunnyDay|[upkeep]\n|-heal|p1a: Kingambit|10\/100|[from] item: Leftovers\n|upkeep\n|turn|15\n|j| Wiimicks\n|\n|t:|1700402197\n|switch|p2a: Great Tusk|Great Tusk|82\/100\n|-activate|p2a: Great Tusk|ability: Protosynthesis\n|-start|p2a: Great Tusk|protosynthesisatk\n|move|p1a: Kingambit|Iron Head|p2a: Great Tusk\n|-damage|p2a: Great Tusk|39\/100\n|\n|-weather|SunnyDay|[upkeep]\n|-heal|p1a: Kingambit|16\/100|[from] item: Leftovers\n|upkeep\n|turn|16\n|inactive|Chikami has 90 seconds left.\n|\n|t:|1700402216\n|-end|p1a: Kingambit|fallen2|[silent]\n|switch|p1a: Great Tusk|Great Tusk|51\/100\n|-activate|p1a: Great Tusk|ability: Protosynthesis\n|-start|p1a: Great Tusk|protosynthesisdef\n|move|p2a: Great Tusk|Close Combat|p1a: Great Tusk\n|-damage|p1a: Great Tusk|0 fnt\n|-unboost|p2a: Great Tusk|def|1\n|-unboost|p2a: Great Tusk|spd|1\n|faint|p1a: Great Tusk\n|-end|p1a: Great Tusk|Protosynthesis|[silent]\n|\n|-weather|SunnyDay|[upkeep]\n|upkeep\n|inactive|Chikami has 90 seconds left.\n|\n|t:|1700402236\n|switch|p1a: Ogerpon|Ogerpon-Wellspring, F|100\/100\n|turn|17\n|\n|t:|1700402244\n|-end|p2a: Great Tusk|Protosynthesis|[silent]\n|switch|p2a: Hatterene|Hatterene, F|68\/100\n|move|p1a: Ogerpon|Horn Leech|p2a: Hatterene\n|-damage|p2a: Hatterene|27\/100\n|\n|-weather|SunnyDay|[upkeep]\n|upkeep\n|turn|18\n|\n|t:|1700402251\n|move|p1a: Ogerpon|Horn Leech|p2a: Hatterene\n|-damage|p2a: Hatterene|0 fnt\n|faint|p2a: Hatterene\n|\n|-weather|none\n|upkeep\n|\n|t:|1700402254\n|switch|p2a: Meowscarada|Meowscarada, F|100\/100\n|turn|19\n|inactive|Chikami has 90 seconds left.\n|\n|t:|1700402292\n|switch|p1a: Kingambit|Kingambit, F|16\/100\n|-activate|p1a: Kingambit|ability: Supreme Overlord\n|-start|p1a: Kingambit|fallen3|[silent]\n|move|p2a: Meowscarada|U-turn|p1a: Kingambit\n|-start|p2a: Meowscarada|typechange|Bug|[from] ability: Protean\n|-damage|p1a: Kingambit|0 fnt\n|faint|p1a: Kingambit\n|-end|p1a: Kingambit|fallen3|[silent]\n|\n|t:|1700402299\n|switch|p2a: Typhlosion|Typhlosion-Hisui, M|100\/100|[from] U-turn\n|\n|upkeep\n|\n|t:|1700402306\n|switch|p1a: Greninja|Greninja, M|100\/100\n|turn|20\n|\n|t:|1700402312\n|move|p1a: Greninja|Hydro Pump|p2a: Typhlosion\n|-start|p1a: Greninja|typechange|Water|[from] ability: Protean\n|-supereffective|p2a: Typhlosion\n|-damage|p2a: Typhlosion|0 fnt\n|faint|p2a: Typhlosion\n|\n|upkeep\n|\n|t:|1700402314\n|switch|p2a: Meowscarada|Meowscarada, F|100\/100\n|turn|21\n|\n|t:|1700402325\n|switch|p1a: Ogerpon|Ogerpon-Wellspring, F|100\/100\n|move|p2a: Meowscarada|Flower Trick|p1a: Ogerpon\n|-start|p2a: Meowscarada|typechange|Grass|[from] ability: Protean\n|-crit|p1a: Ogerpon\n|-damage|p1a: Ogerpon|33\/100\n|\n|upkeep\n|turn|22\n|\n|t:|1700402328\n|move|p2a: Meowscarada|Flower Trick|p1a: Ogerpon\n|-crit|p1a: Ogerpon\n|-damage|p1a: Ogerpon|0 fnt\n|faint|p1a: Ogerpon\n|\n|upkeep\n|\n|t:|1700402330\n|switch|p1a: Greninja|Greninja, M|100\/100\n|turn|23\n|\n|t:|1700402336\n|move|p2a: Meowscarada|Flower Trick|p1a: Greninja\n|-supereffective|p1a: Greninja\n|-crit|p1a: Greninja\n|-damage|p1a: Greninja|0 fnt\n|faint|p1a: Greninja\n|\n|win|DivineGabriel\n|raw|Chikami's rating: 1754 &rarr; <strong>1732<\/strong><br \/>(-22 for losing)\n|raw|DivineGabriel's rating: 1715 &rarr; <strong>1737<\/strong><br \/>(+22 for winning)\n|l|\u2606Chikami\n|l|\u2606DivineGabriel\n","uploadtime":1700402346,"views":15,"p1id":"chikami","p2id":"divinegabriel","formatid":"gen9ou","rating":1732,"private":0,"password":""}