{"id":"gen9ou-1992495633","p1":"RepeatUntilTired3","p2":"Tannerk64","format":"[Gen 9] OU","log":"|j|\u2606RepeatUntilTired3\n|j|\u2606Tannerk64\n|t:|1700194942\n|gametype|singles\n|player|p1|RepeatUntilTired3|marlon|1447\n|player|p2|Tannerk64|byron|1463\n|teamsize|p1|6\n|teamsize|p2|6\n|gen|9\n|tier|[Gen 9] OU\n|rated|\n|rule|Sleep Clause Mod: Limit one foe put to sleep\n|rule|Species Clause: Limit one of each Pok\u00e9mon\n|rule|OHKO Clause: OHKO moves are banned\n|rule|Evasion Items Clause: Evasion items are banned\n|rule|Evasion Moves Clause: Evasion moves are banned\n|rule|Endless Battle Clause: Forcing endless battles is banned\n|rule|HP Percentage Mod: HP is shown in percentages\n|clearpoke\n|poke|p1|Basculegion, M|\n|poke|p1|Iron Treads|\n|poke|p1|Tornadus-Therian, M|\n|poke|p1|Pelipper, M|\n|poke|p1|Chesnaught, M|\n|poke|p1|Manaphy|\n|poke|p2|Lycanroc, M|\n|poke|p2|Hippowdon, M|\n|poke|p2|Gholdengo|\n|poke|p2|Dragonite, M|\n|poke|p2|Corviknight, F|\n|poke|p2|Samurott-Hisui, M|\n|teampreview\n|inactive|Battle timer is ON: inactive players will automatically lose when time's up. (requested by Tannerk64)\n|\n|t:|1700194950\n|start\n|switch|p1a: Pelipper|Pelipper, M|100\/100\n|switch|p2a: Samurott|Samurott-Hisui, M|100\/100\n|-weather|RainDance|[from] ability: Drizzle|[of] p1a: Pelipper\n|turn|1\n|\n|t:|1700194958\n|switch|p1a: Chesnaught|Chesnaught, M|100\/100\n|move|p2a: Samurott|Knock Off|p1a: Chesnaught\n|-resisted|p1a: Chesnaught\n|-damage|p1a: Chesnaught|87\/100\n|-enditem|p1a: Chesnaught|Leftovers|[from] move: Knock Off|[of] p2a: Samurott\n|\n|-weather|RainDance|[upkeep]\n|upkeep\n|turn|2\n|\n|t:|1700194968\n|switch|p2a: Gholdengo|Gholdengo|100\/100\n|-item|p2a: Gholdengo|Air Balloon\n|move|p1a: Chesnaught|Spikes|p2a: Gholdengo\n|-sidestart|p2: Tannerk64|Spikes\n|\n|-weather|RainDance|[upkeep]\n|upkeep\n|turn|3\n|\n|t:|1700194989\n|switch|p1a: Manaphy|Manaphy|100\/100\n|move|p2a: Gholdengo|Nasty Plot|p2a: Gholdengo\n|-boost|p2a: Gholdengo|spa|2\n|\n|-weather|RainDance|[upkeep]\n|upkeep\n|turn|4\n|\n|t:|1700195002\n|move|p1a: Manaphy|Tail Glow|p1a: Manaphy\n|-boost|p1a: Manaphy|spa|3\n|move|p2a: Gholdengo|Shadow Ball|p1a: Manaphy\n|-damage|p1a: Manaphy|42\/100\n|\n|-weather|RainDance|[upkeep]\n|upkeep\n|turn|5\n|\n|t:|1700195008\n|move|p1a: Manaphy|Surf|p2a: Gholdengo\n|-damage|p2a: Gholdengo|0 fnt\n|-enditem|p2a: Gholdengo|Air Balloon\n|faint|p2a: Gholdengo\n|\n|-weather|RainDance|[upkeep]\n|upkeep\n|\n|t:|1700195016\n|switch|p2a: Hippowdon|Hippowdon, M|100\/100\n|-damage|p2a: Hippowdon|88\/100|[from] Spikes\n|-weather|Sandstorm|[from] ability: Sand Stream|[of] p2a: Hippowdon\n|turn|6\n|\n|t:|1700195021\n|switch|p2a: Corviknight|Corviknight, F|100\/100\n|-ability|p2a: Corviknight|Pressure\n|move|p1a: Manaphy|Surf|p2a: Corviknight\n|-damage|p2a: Corviknight|24\/100\n|\n|-weather|Sandstorm|[upkeep]\n|-damage|p1a: Manaphy|36\/100|[from] Sandstorm\n|upkeep\n|turn|7\n|\n|t:|1700195029\n|move|p1a: Manaphy|Surf|p2a: Corviknight\n|-damage|p2a: Corviknight|0 fnt\n|faint|p2a: Corviknight\n|\n|-weather|Sandstorm|[upkeep]\n|-damage|p1a: Manaphy|29\/100|[from] Sandstorm\n|upkeep\n|\n|t:|1700195031\n|switch|p2a: Lycanroc|Lycanroc, M|100\/100\n|-damage|p2a: Lycanroc|88\/100|[from] Spikes\n|turn|8\n|\n|t:|1700195045\n|switch|p1a: Iron Treads|Iron Treads|100\/100\n|move|p2a: Lycanroc|Stone Edge|p1a: Iron Treads\n|-resisted|p1a: Iron Treads\n|-damage|p1a: Iron Treads|86\/100\n|\n|-weather|Sandstorm|[upkeep]\n|-heal|p1a: Iron Treads|92\/100|[from] item: Leftovers\n|upkeep\n|turn|9\n|\n|t:|1700195052\n|switch|p2a: Samurott|Samurott-Hisui, M|100\/100\n|-damage|p2a: Samurott|88\/100|[from] Spikes\n|move|p1a: Iron Treads|Stealth Rock|p2a: Samurott\n|-sidestart|p2: Tannerk64|move: Stealth Rock\n|\n|-weather|Sandstorm|[upkeep]\n|-damage|p2a: Samurott|82\/100|[from] Sandstorm\n|-heal|p1a: Iron Treads|99\/100|[from] item: Leftovers\n|upkeep\n|turn|10\n|\n|t:|1700195061\n|-end|p1a: Iron Treads|Quark Drive|[silent]\n|switch|p1a: Pelipper|Pelipper, M|100\/100\n|-weather|RainDance|[from] ability: Drizzle|[of] p1a: Pelipper\n|move|p2a: Samurott|Aqua Cutter|p1a: Pelipper\n|-resisted|p1a: Pelipper\n|-crit|p1a: Pelipper\n|-damage|p1a: Pelipper|40\/100\n|\n|-weather|RainDance|[upkeep]\n|upkeep\n|turn|11\n|\n|t:|1700195070\n|switch|p1a: Chesnaught|Chesnaught, M|87\/100\n|move|p2a: Samurott|Knock Off|p1a: Chesnaught\n|-resisted|p1a: Chesnaught\n|-damage|p1a: Chesnaught|78\/100\n|\n|-weather|RainDance|[upkeep]\n|upkeep\n|turn|12\n|\n|t:|1700195079\n|switch|p2a: Hippowdon|Hippowdon, M|88\/100\n|-damage|p2a: Hippowdon|76\/100|[from] Spikes\n|-damage|p2a: Hippowdon|70\/100|[from] Stealth Rock\n|-weather|Sandstorm|[from] ability: Sand Stream|[of] p2a: Hippowdon\n|move|p1a: Chesnaught|Iron Defense|p1a: Chesnaught\n|-boost|p1a: Chesnaught|def|2\n|\n|-weather|Sandstorm|[upkeep]\n|-damage|p1a: Chesnaught|72\/100|[from] Sandstorm\n|upkeep\n|turn|13\n|\n|t:|1700195090\n|move|p1a: Chesnaught|Body Press|p2a: Hippowdon\n|-damage|p2a: Hippowdon|25\/100\n|move|p2a: Hippowdon|Whirlwind|p1a: Chesnaught\n|drag|p1a: Iron Treads|Iron Treads|99\/100\n|\n|-weather|Sandstorm|[upkeep]\n|-heal|p1a: Iron Treads|100\/100|[from] item: Leftovers\n|upkeep\n|turn|14\n|\n|t:|1700195098\n|-end|p1a: Iron Treads|Quark Drive|[silent]\n|switch|p1a: Pelipper|Pelipper, M|40\/100\n|-weather|RainDance|[from] ability: Drizzle|[of] p1a: Pelipper\n|move|p2a: Hippowdon|Slack Off|p2a: Hippowdon\n|-heal|p2a: Hippowdon|75\/100\n|\n|-weather|RainDance|[upkeep]\n|upkeep\n|turn|15\n|\n|t:|1700195105\n|switch|p2a: Samurott|Samurott-Hisui, M|82\/100\n|-damage|p2a: Samurott|69\/100|[from] Spikes\n|-damage|p2a: Samurott|57\/100|[from] Stealth Rock\n|move|p1a: Pelipper|Roost|p1a: Pelipper\n|-heal|p1a: Pelipper|91\/100\n|-singleturn|p1a: Pelipper|move: Roost\n|\n|-weather|RainDance|[upkeep]\n|upkeep\n|turn|16\n|\n|t:|1700195115\n|switch|p2a: Dragonite|Dragonite, M|100\/100\n|switch|p1a: Chesnaught|Chesnaught, M|72\/100\n|\n|-weather|RainDance|[upkeep]\n|upkeep\n|turn|17\n|\n|t:|1700195122\n|move|p2a: Dragonite|Dragon Dance|p2a: Dragonite\n|-boost|p2a: Dragonite|atk|1\n|-boost|p2a: Dragonite|spe|1\n|move|p1a: Chesnaught|Iron Defense|p1a: Chesnaught\n|-boost|p1a: Chesnaught|def|2\n|\n|-weather|RainDance|[upkeep]\n|upkeep\n|turn|18\n|\n|t:|1700195128\n|move|p2a: Dragonite|Dragon Dance|p2a: Dragonite\n|-boost|p2a: Dragonite|atk|1\n|-boost|p2a: Dragonite|spe|1\n|move|p1a: Chesnaught|Iron Defense|p1a: Chesnaught\n|-boost|p1a: Chesnaught|def|2\n|\n|-weather|RainDance|[upkeep]\n|upkeep\n|turn|19\n|\n|t:|1700195137\n|move|p2a: Dragonite|Dragon Dance|p2a: Dragonite\n|-boost|p2a: Dragonite|atk|1\n|-boost|p2a: Dragonite|spe|1\n|move|p1a: Chesnaught|Iron Defense|p1a: Chesnaught\n|-boost|p1a: Chesnaught|def|2\n|\n|-weather|RainDance|[upkeep]\n|upkeep\n|turn|20\n|\n|t:|1700195142\n|move|p2a: Dragonite|Dragon Dance|p2a: Dragonite\n|-boost|p2a: Dragonite|atk|1\n|-boost|p2a: Dragonite|spe|1\n|move|p1a: Chesnaught|Body Press|p2a: Dragonite\n|-resisted|p2a: Dragonite\n|-damage|p2a: Dragonite|52\/100\n|\n|-weather|RainDance|[upkeep]\n|upkeep\n|turn|21\n|\n|t:|1700195153\n|-terastallize|p1a: Chesnaught|Steel\n|move|p2a: Dragonite|Roost|p2a: Dragonite\n|-heal|p2a: Dragonite|100\/100\n|-singleturn|p2a: Dragonite|move: Roost\n|move|p1a: Chesnaught|Body Press|p2a: Dragonite\n|-damage|p2a: Dragonite|5\/100\n|\n|-weather|none\n|upkeep\n|turn|22\n|\n|t:|1700195176\n|move|p2a: Dragonite|Fire Punch|p1a: Chesnaught\n|-supereffective|p1a: Chesnaught\n|-damage|p1a: Chesnaught|45\/100\n|move|p1a: Chesnaught|Body Press|p2a: Dragonite\n|-resisted|p2a: Dragonite\n|-damage|p2a: Dragonite|0 fnt\n|faint|p2a: Dragonite\n|\n|upkeep\n|\n|t:|1700195180\n|switch|p2a: Samurott|Samurott-Hisui, M|57\/100\n|-damage|p2a: Samurott|44\/100|[from] Spikes\n|-damage|p2a: Samurott|32\/100|[from] Stealth Rock\n|turn|23\n|\n|t:|1700195187\n|move|p2a: Samurott|Aqua Cutter|p1a: Chesnaught\n|-crit|p1a: Chesnaught\n|-damage|p1a: Chesnaught|3\/100\n|move|p1a: Chesnaught|Body Press|p2a: Samurott\n|-supereffective|p2a: Samurott\n|-damage|p2a: Samurott|0 fnt\n|faint|p2a: Samurott\n|\n|upkeep\n|\n|t:|1700195194\n|switch|p2a: Lycanroc|Lycanroc, M|88\/100\n|-damage|p2a: Lycanroc|76\/100|[from] Spikes\n|-damage|p2a: Lycanroc|63\/100|[from] Stealth Rock\n|turn|24\n|\n|t:|1700195201\n|move|p2a: Lycanroc|Close Combat|p1a: Chesnaught\n|-supereffective|p1a: Chesnaught\n|-damage|p1a: Chesnaught|0 fnt\n|-unboost|p2a: Lycanroc|def|1\n|-unboost|p2a: Lycanroc|spd|1\n|faint|p1a: Chesnaught\n|\n|upkeep\n|\n|t:|1700195208\n|switch|p1a: Pelipper|Pelipper, M|91\/100\n|-weather|RainDance|[from] ability: Drizzle|[of] p1a: Pelipper\n|turn|25\n|\n|t:|1700195214\n|switch|p2a: Hippowdon|Hippowdon, M|75\/100\n|-damage|p2a: Hippowdon|63\/100|[from] Spikes\n|-damage|p2a: Hippowdon|56\/100|[from] Stealth Rock\n|-weather|Sandstorm|[from] ability: Sand Stream|[of] p2a: Hippowdon\n|switch|p1a: Iron Treads|Iron Treads|100\/100\n|\n|-weather|Sandstorm|[upkeep]\n|upkeep\n|turn|26\n|\n|t:|1700195224\n|-end|p1a: Iron Treads|Quark Drive|[silent]\n|switch|p1a: Pelipper|Pelipper, M|91\/100\n|-weather|RainDance|[from] ability: Drizzle|[of] p1a: Pelipper\n|move|p2a: Hippowdon|Slack Off|p2a: Hippowdon\n|-heal|p2a: Hippowdon|100\/100\n|\n|-weather|RainDance|[upkeep]\n|upkeep\n|turn|27\n|\n|t:|1700195231\n|switch|p2a: Lycanroc|Lycanroc, M|63\/100\n|-damage|p2a: Lycanroc|51\/100|[from] Spikes\n|-damage|p2a: Lycanroc|39\/100|[from] Stealth Rock\n|move|p1a: Pelipper|Surf|p2a: Lycanroc\n|-supereffective|p2a: Lycanroc\n|-damage|p2a: Lycanroc|0 fnt\n|faint|p2a: Lycanroc\n|\n|-weather|RainDance|[upkeep]\n|upkeep\n|\n|t:|1700195232\n|switch|p2a: Hippowdon|Hippowdon, M|100\/100\n|-damage|p2a: Hippowdon|88\/100|[from] Spikes\n|-damage|p2a: Hippowdon|82\/100|[from] Stealth Rock\n|-weather|Sandstorm|[from] ability: Sand Stream|[of] p2a: Hippowdon\n|turn|28\n|-message|Tannerk64 forfeited.\n|\n|win|RepeatUntilTired3\n|raw|RepeatUntilTired3's rating: 1447 &rarr; <strong>1468<\/strong><br \/>(+21 for winning)\n|raw|Tannerk64's rating: 1463 &rarr; <strong>1442<\/strong><br \/>(-21 for losing)\n|l|\u2606Tannerk64\n","uploadtime":1700195247,"views":10,"p1id":"repeatuntiltired3","p2id":"tannerk64","formatid":"gen9ou","rating":1442,"private":0,"password":""}