{"id":"gen9ou-1993807581","p1":"maethesz","p2":"lucascarneiro","format":"[Gen 9] OU","log":"|j|\u2606maethesz\n|j|\u2606lucascarneiro\n|t:|1700359721\n|gametype|singles\n|player|p1|maethesz|parasollady-gen4|1357\n|player|p2|lucascarneiro|169|1388\n|teamsize|p1|6\n|teamsize|p2|6\n|gen|9\n|tier|[Gen 9] OU\n|rated|\n|rule|Sleep Clause Mod: Limit one foe put to sleep\n|rule|Species Clause: Limit one of each Pok\u00e9mon\n|rule|OHKO Clause: OHKO moves are banned\n|rule|Evasion Items Clause: Evasion items are banned\n|rule|Evasion Moves Clause: Evasion moves are banned\n|rule|Endless Battle Clause: Forcing endless battles is banned\n|rule|HP Percentage Mod: HP is shown in percentages\n|clearpoke\n|poke|p1|Dragapult, M|\n|poke|p1|Dragonite, M|\n|poke|p1|Iron Valiant|\n|poke|p1|Glimmora, M|\n|poke|p1|Meowscarada, F|\n|poke|p1|Kingambit, M|\n|poke|p2|Zarude|\n|poke|p2|Ribombee, F|\n|poke|p2|Gholdengo|\n|poke|p2|Great Tusk|\n|poke|p2|Indeedee, M|\n|poke|p2|Glimmora, M|\n|teampreview\n|\n|t:|1700359728\n|start\n|switch|p1a: Dragapult|Dragapult, M|100\/100\n|switch|p2a: Ribombee|Ribombee, F|100\/100\n|turn|1\n|inactive|Battle timer is ON: inactive players will automatically lose when time's up. (requested by maethesz)\n|\n|t:|1700359733\n|move|p1a: Dragapult|Flamethrower|p2a: Ribombee\n|-supereffective|p2a: Ribombee\n|-enditem|p2a: Ribombee|Focus Sash\n|-damage|p2a: Ribombee|1\/100\n|move|p2a: Ribombee|Sticky Web|p1a: Dragapult\n|-sidestart|p1: maethesz|move: Sticky Web\n|\n|upkeep\n|turn|2\n|\n|t:|1700359740\n|switch|p2a: Glimmora|Glimmora, M|100\/100\n|move|p1a: Dragapult|Flamethrower|p2a: Glimmora\n|-resisted|p2a: Glimmora\n|-damage|p2a: Glimmora|74\/100\n|\n|upkeep\n|turn|3\n|inactive|maethesz has 120 seconds left.\n|\n|t:|1700359773\n|switch|p1a: Kingambit|Kingambit, M|100\/100\n|-activate|p1a: Kingambit|move: Sticky Web\n|-unboost|p1a: Kingambit|spe|1\n|move|p2a: Glimmora|Power Gem|p1a: Kingambit\n|-resisted|p1a: Kingambit\n|-damage|p1a: Kingambit|73\/100\n|\n|upkeep\n|turn|4\n|inactive|maethesz has 120 seconds left.\n|\n|t:|1700359786\n|switch|p2a: Great Tusk|Great Tusk|100\/100\n|-enditem|p2a: Great Tusk|Booster Energy\n|-activate|p2a: Great Tusk|ability: Protosynthesis|[fromitem]\n|-start|p2a: Great Tusk|protosynthesisatk\n|move|p1a: Kingambit|Iron Head|p2a: Great Tusk\n|-damage|p2a: Great Tusk|64\/100\n|\n|upkeep\n|turn|5\n|\n|t:|1700359800\n|-end|p1a: Kingambit|fallenundefined|[silent]\n|switch|p1a: Glimmora|Glimmora, M|100\/100\n|-activate|p1a: Glimmora|move: Sticky Web\n|-unboost|p1a: Glimmora|spe|1\n|move|p2a: Great Tusk|Knock Off|p1a: Glimmora\n|-damage|p1a: Glimmora|48\/100\n|-activate|p1a: Glimmora|ability: Toxic Debris\n|-sidestart|p2: lucascarneiro|move: Toxic Spikes\n|-enditem|p1a: Glimmora|Focus Sash|[from] move: Knock Off|[of] p2a: Great Tusk\n|\n|upkeep\n|turn|6\n|\n|t:|1700359816\n|move|p2a: Great Tusk|Close Combat|p1a: Glimmora\n|-damage|p1a: Glimmora|0 fnt\n|-unboost|p2a: Great Tusk|def|1\n|-unboost|p2a: Great Tusk|spd|1\n|-activate|p1a: Glimmora|ability: Toxic Debris\n|-sidestart|p2: lucascarneiro|move: Toxic Spikes\n|faint|p1a: Glimmora\n|\n|upkeep\n|inactive|maethesz has 120 seconds left.\n|\n|t:|1700359839\n|switch|p1a: Iron Valiant|Iron Valiant|100\/100\n|-activate|p1a: Iron Valiant|move: Sticky Web\n|-unboost|p1a: Iron Valiant|spe|1\n|-enditem|p1a: Iron Valiant|Booster Energy\n|-activate|p1a: Iron Valiant|ability: Quark Drive|[fromitem]\n|-start|p1a: Iron Valiant|quarkdriveatk\n|turn|7\n|inactive|maethesz has 120 seconds left.\n|\n|t:|1700359858\n|move|p2a: Great Tusk|Headlong Rush|p1a: Iron Valiant\n|-damage|p1a: Iron Valiant|3\/100\n|-unboost|p2a: Great Tusk|def|1\n|-unboost|p2a: Great Tusk|spd|1\n|move|p1a: Iron Valiant|Spirit Break|p2a: Great Tusk\n|-supereffective|p2a: Great Tusk\n|-damage|p2a: Great Tusk|0 fnt\n|faint|p2a: Great Tusk\n|-end|p2a: Great Tusk|Protosynthesis|[silent]\n|\n|upkeep\n|\n|t:|1700359866\n|switch|p2a: Glimmora|Glimmora, M|74\/100\n|-sideend|p2: lucascarneiro|move: Toxic Spikes|[of] p2a: Glimmora\n|turn|8\n|\n|t:|1700359871\n|move|p2a: Glimmora|Power Gem|p1a: Iron Valiant\n|-resisted|p1a: Iron Valiant\n|-damage|p1a: Iron Valiant|0 fnt\n|faint|p1a: Iron Valiant\n|-end|p1a: Iron Valiant|Quark Drive|[silent]\n|\n|upkeep\n|inactive|maethesz has 120 seconds left.\n|inactive|maethesz has 90 seconds left.\n|inactive|maethesz has 60 seconds left.\n|\n|t:|1700359954\n|switch|p1a: Kingambit|Kingambit, M|73\/100\n|-activate|p1a: Kingambit|move: Sticky Web\n|-unboost|p1a: Kingambit|spe|1\n|-activate|p1a: Kingambit|ability: Supreme Overlord\n|-start|p1a: Kingambit|fallen2|[silent]\n|turn|9\n|\n|t:|1700359961\n|switch|p2a: Indeedee|Indeedee, M|100\/100\n|-fieldstart|move: Psychic Terrain|[from] ability: Psychic Surge|[of] p2a: Indeedee\n|move|p1a: Kingambit|Kowtow Cleave|p2a: Indeedee\n|-supereffective|p2a: Indeedee\n|-damage|p2a: Indeedee|0 fnt\n|faint|p2a: Indeedee\n|\n|upkeep\n|\n|t:|1700359970\n|switch|p2a: Zarude|Zarude|100\/100\n|-enditem|p2a: Zarude|Psychic Seed\n|-boost|p2a: Zarude|spd|1|[from] item: Psychic Seed\n|turn|10\n|inactive|maethesz has 60 seconds left.\n|\n|t:|1700360009\n|-end|p1a: Kingambit|fallen2|[silent]\n|switch|p1a: Dragapult|Dragapult, M|100\/100\n|-activate|p1a: Dragapult|move: Sticky Web\n|-unboost|p1a: Dragapult|spe|1\n|move|p2a: Zarude|Bulk Up|p2a: Zarude\n|-boost|p2a: Zarude|atk|1\n|-boost|p2a: Zarude|def|1\n|\n|upkeep\n|turn|11\n|inactive|maethesz has 30 seconds left.\n|\n|t:|1700360030\n|-terastallize|p1a: Dragapult|Fairy\n|move|p2a: Zarude|Knock Off|p1a: Dragapult\n|-resisted|p1a: Dragapult\n|-damage|p1a: Dragapult|53\/100\n|-enditem|p1a: Dragapult|Choice Specs|[from] move: Knock Off|[of] p2a: Zarude\n|move|p1a: Dragapult|Flamethrower|p2a: Zarude\n|-supereffective|p2a: Zarude\n|-damage|p2a: Zarude|63\/100\n|\n|upkeep\n|turn|12\n|inactive|maethesz has 30 seconds left.\n|\n|t:|1700360047\n|move|p2a: Zarude|Acrobatics|p1a: Dragapult\n|-damage|p1a: Dragapult|0 fnt\n|faint|p1a: Dragapult\n|\n|upkeep\n|inactive|maethesz has 30 seconds left this turn.\n|inactive|maethesz has 20 seconds left.\n|inactive|maethesz has 15 seconds left.\n|\n|t:|1700360064\n|switch|p1a: Dragonite|Dragonite, M|100\/100\n|turn|13\n|inactive|maethesz has 25 seconds left this turn.\n|\n|t:|1700360073\n|move|p2a: Zarude|Knock Off|p1a: Dragonite\n|-damage|p1a: Dragonite|62\/100\n|-enditem|p1a: Dragonite|Heavy-Duty Boots|[from] move: Knock Off|[of] p2a: Zarude\n|move|p1a: Dragonite|Dragon Dance|p1a: Dragonite\n|-boost|p1a: Dragonite|atk|1\n|-boost|p1a: Dragonite|spe|1\n|\n|-fieldend|move: Psychic Terrain\n|upkeep\n|turn|14\n|inactive|maethesz has 30 seconds left.\n|\n|t:|1700360084\n|move|p1a: Dragonite|Dragon Claw|p2a: Zarude\n|-damage|p2a: Zarude|23\/100\n|move|p2a: Zarude|Acrobatics|p1a: Dragonite\n|-damage|p1a: Dragonite|0 fnt\n|faint|p1a: Dragonite\n|\n|upkeep\n|inactive|maethesz has 30 seconds left this turn.\n|\n|t:|1700360094\n|switch|p1a: Meowscarada|Meowscarada, F|100\/100\n|-activate|p1a: Meowscarada|move: Sticky Web\n|-unboost|p1a: Meowscarada|spe|1\n|turn|15\n|\n|t:|1700360103\n|move|p2a: Zarude|Drain Punch|p1a: Meowscarada\n|-supereffective|p1a: Meowscarada\n|-damage|p1a: Meowscarada|0 fnt\n|-heal|p2a: Zarude|65\/100|[from] drain|[of] p1a: Meowscarada\n|faint|p1a: Meowscarada\n|\n|upkeep\n|-message|maethesz forfeited.\n|\n|win|lucascarneiro\n|raw|maethesz's rating: 1357 &rarr; <strong>1339<\/strong><br \/>(-18 for losing)\n|raw|lucascarneiro's rating: 1388 &rarr; <strong>1406<\/strong><br \/>(+18 for winning)\n|l|\u2606maethesz\n","uploadtime":1700360114,"views":8,"p1id":"maethesz","p2id":"lucascarneiro","formatid":"gen9ou","rating":1339,"private":0,"password":""}