{"id":"gen9ou-2000052965","p1":"Kmud8","p2":"southwest road","format":"[Gen 9] OU","log":"|j|\u2606Kmud8\n|j|\u2606southwest road\n|t:|1701146601\n|gametype|singles\n|player|p1|Kmud8|266|1431\n|player|p2|southwest road|lillie-masters2|1570\n|teamsize|p1|6\n|teamsize|p2|6\n|gen|9\n|tier|[Gen 9] OU\n|rated|\n|rule|Sleep Clause Mod: Limit one foe put to sleep\n|rule|Species Clause: Limit one of each Pok\u00e9mon\n|rule|OHKO Clause: OHKO moves are banned\n|rule|Evasion Items Clause: Evasion items are banned\n|rule|Evasion Moves Clause: Evasion moves are banned\n|rule|Endless Battle Clause: Forcing endless battles is banned\n|rule|HP Percentage Mod: HP is shown in percentages\n|clearpoke\n|poke|p1|Basculegion, M|\n|poke|p1|Tinkaton, F|\n|poke|p1|Iron Moth|\n|poke|p1|Conkeldurr, F|\n|poke|p1|Altaria, F|\n|poke|p1|Uxie|\n|poke|p2|Dragapult, M|\n|poke|p2|Heatran, F|\n|poke|p2|Zapdos|\n|poke|p2|Samurott-Hisui, M|\n|poke|p2|Great Tusk|\n|poke|p2|Okidogi, M|\n|teampreview\n|\n|t:|1701146610\n|start\n|switch|p1a: Conkeldurr|Conkeldurr, F|100\/100\n|switch|p2a: Heatran|Heatran, F|100\/100\n|turn|1\n|inactive|Battle timer is ON: inactive players will automatically lose when time's up. (requested by southwest road)\n|\n|t:|1701146617\n|switch|p2a: Zapdos|Zapdos|100\/100\n|move|p1a: Conkeldurr|Drain Punch|p2a: Zapdos\n|-resisted|p2a: Zapdos\n|-damage|p2a: Zapdos|79\/100\n|\n|-status|p1a: Conkeldurr|brn|[from] item: Flame Orb\n|upkeep\n|turn|2\n|\n|t:|1701146632\n|switch|p1a: Uxie|Uxie|100\/100\n|move|p2a: Zapdos|Hurricane|p1a: Uxie\n|-damage|p1a: Uxie|62\/100\n|-start|p1a: Uxie|confusion\n|\n|-heal|p1a: Uxie|68\/100|[from] item: Leftovers\n|upkeep\n|turn|3\n|\n|t:|1701146643\n|switch|p2a: Heatran|Heatran, F|100\/100\n|-activate|p1a: Uxie|confusion\n|move|p1a: Uxie|Yawn|p2a: Heatran\n|-start|p2a: Heatran|move: Yawn|[of] p1a: Uxie\n|\n|-heal|p1a: Uxie|74\/100|[from] item: Leftovers\n|upkeep\n|turn|4\n|\n|t:|1701146655\n|switch|p2a: Dragapult|Dragapult, M|100\/100\n|-activate|p1a: Uxie|confusion\n|move|p1a: Uxie|U-turn|p2a: Dragapult\n|-resisted|p2a: Dragapult\n|-damage|p2a: Dragapult|92\/100\n|\n|t:|1701146671\n|switch|p1a: Tinkaton|Tinkaton, F|100\/100|[from] U-turn\n|-ability|p1a: Tinkaton|Mold Breaker\n|\n|upkeep\n|turn|5\n|\n|t:|1701146680\n|move|p2a: Dragapult|Will-O-Wisp|p1a: Tinkaton\n|-status|p1a: Tinkaton|brn\n|move|p1a: Tinkaton|Knock Off|p2a: Dragapult\n|-supereffective|p2a: Dragapult\n|-damage|p2a: Dragapult|61\/100\n|-enditem|p2a: Dragapult|Heavy-Duty Boots|[from] move: Knock Off|[of] p1a: Tinkaton\n|\n|-damage|p1a: Tinkaton|94\/100 brn|[from] brn\n|upkeep\n|turn|6\n|\n|t:|1701146691\n|move|p2a: Dragapult|U-turn|p1a: Tinkaton\n|-resisted|p1a: Tinkaton\n|-damage|p1a: Tinkaton|89\/100 brn\n|\n|t:|1701146694\n|switch|p2a: Heatran|Heatran, F|100\/100|[from] U-turn\n|move|p1a: Tinkaton|Stealth Rock|p2a: Heatran\n|-sidestart|p2: southwest road|move: Stealth Rock\n|\n|-heal|p1a: Tinkaton|95\/100 brn|[from] item: Leftovers\n|-damage|p1a: Tinkaton|89\/100 brn|[from] brn\n|upkeep\n|turn|7\n|\n|t:|1701146706\n|switch|p1a: Basculegion|Basculegion, M|100\/100\n|move|p2a: Heatran|Stealth Rock|p1a: Basculegion\n|-sidestart|p1: Kmud8|move: Stealth Rock\n|\n|upkeep\n|turn|8\n|\n|t:|1701146725\n|switch|p2a: Dragapult|Dragapult, M|61\/100\n|-damage|p2a: Dragapult|48\/100|[from] Stealth Rock\n|move|p1a: Basculegion|Wave Crash|p2a: Dragapult\n|-resisted|p2a: Dragapult\n|-damage|p2a: Dragapult|0 fnt\n|faint|p2a: Dragapult\n|-damage|p1a: Basculegion|87\/100|[from] Recoil\n|\n|upkeep\n|\n|t:|1701146738\n|switch|p2a: Zapdos|Zapdos|79\/100\n|turn|9\n|\n|t:|1701146751\n|switch|p1a: Altaria|Altaria, F|100\/100\n|move|p2a: Zapdos|Volt Switch|p1a: Altaria\n|-damage|p1a: Altaria|80\/100\n|\n|t:|1701146759\n|switch|p2a: Great Tusk|Great Tusk|100\/100|[from] Volt Switch\n|-damage|p2a: Great Tusk|98\/100|[from] Stealth Rock\n|-enditem|p2a: Great Tusk|Booster Energy\n|-activate|p2a: Great Tusk|ability: Protosynthesis|[fromitem]\n|-start|p2a: Great Tusk|protosynthesisspe\n|\n|upkeep\n|turn|10\n|\n|t:|1701146769\n|move|p2a: Great Tusk|Ice Spinner|p1a: Altaria\n|-supereffective|p1a: Altaria\n|-damage|p1a: Altaria|0 fnt\n|faint|p1a: Altaria\n|\n|upkeep\n|\n|t:|1701146791\n|switch|p1a: Uxie|Uxie|74\/100\n|-damage|p1a: Uxie|62\/100|[from] Stealth Rock\n|turn|11\n|\n|t:|1701146798\n|-end|p2a: Great Tusk|Protosynthesis|[silent]\n|switch|p2a: Heatran|Heatran, F|100\/100\n|-damage|p2a: Heatran|88\/100|[from] Stealth Rock\n|move|p1a: Uxie|Draining Kiss|p2a: Heatran\n|-resisted|p2a: Heatran\n|-damage|p2a: Heatran|87\/100\n|-heal|p1a: Uxie|63\/100|[from] drain|[of] p2a: Heatran\n|\n|-heal|p1a: Uxie|69\/100|[from] item: Leftovers\n|-heal|p2a: Heatran|93\/100|[from] item: Leftovers\n|upkeep\n|turn|12\n|\n|t:|1701146809\n|move|p1a: Uxie|Yawn|p2a: Heatran\n|-start|p2a: Heatran|move: Yawn|[of] p1a: Uxie\n|move|p2a: Heatran|Magma Storm|p1a: Uxie\n|-damage|p1a: Uxie|38\/100\n|-activate|p1a: Uxie|move: Magma Storm|[of] p2a: Heatran\n|\n|-heal|p1a: Uxie|44\/100|[from] item: Leftovers\n|-heal|p2a: Heatran|99\/100|[from] item: Leftovers\n|-damage|p1a: Uxie|32\/100|[from] move: Magma Storm|[partiallytrapped]\n|upkeep\n|turn|13\n|\n|t:|1701146821\n|switch|p2a: Zapdos|Zapdos|79\/100\n|move|p1a: Uxie|U-turn|p2a: Zapdos\n|-resisted|p2a: Zapdos\n|-damage|p2a: Zapdos|73\/100\n|inactive|Kmud8 has 120 seconds left.\n|\n|t:|1701146850\n|switch|p1a: Iron Moth|Iron Moth|100\/100|[from] U-turn\n|-damage|p1a: Iron Moth|75\/100|[from] Stealth Rock\n|-enditem|p1a: Iron Moth|Booster Energy\n|-activate|p1a: Iron Moth|ability: Quark Drive|[fromitem]\n|-start|p1a: Iron Moth|quarkdrivespe\n|\n|upkeep\n|turn|14\n|inactive|Kmud8 has 120 seconds left.\n|\n|t:|1701146864\n|switch|p2a: Heatran|Heatran, F|99\/100\n|-damage|p2a: Heatran|87\/100|[from] Stealth Rock\n|move|p1a: Iron Moth|Fiery Dance|p2a: Heatran\n|-start|p2a: Heatran|ability: Flash Fire\n|\n|-heal|p2a: Heatran|93\/100|[from] item: Leftovers\n|upkeep\n|turn|15\n|inactive|Kmud8 has 120 seconds left.\n|\n|t:|1701146875\n|move|p1a: Iron Moth|Discharge|p2a: Heatran\n|-damage|p2a: Heatran|75\/100\n|move|p2a: Heatran|Earth Power|p1a: Iron Moth\n|-supereffective|p1a: Iron Moth\n|-damage|p1a: Iron Moth|0 fnt\n|faint|p1a: Iron Moth\n|-end|p1a: Iron Moth|Quark Drive|[silent]\n|\n|-heal|p2a: Heatran|81\/100|[from] item: Leftovers\n|upkeep\n|inactive|Kmud8 has 120 seconds left.\n|\n|t:|1701146886\n|switch|p1a: Basculegion|Basculegion, M|87\/100\n|-damage|p1a: Basculegion|75\/100|[from] Stealth Rock\n|turn|16\n|\n|t:|1701146902\n|-end|p2a: Heatran|ability: Flash Fire|[silent]\n|switch|p2a: Okidogi|Okidogi, M|100\/100\n|-damage|p2a: Okidogi|94\/100|[from] Stealth Rock\n|move|p1a: Basculegion|Flip Turn|p2a: Okidogi\n|-damage|p2a: Okidogi|64\/100\n|inactive|Kmud8 has 120 seconds left.\n|\n|t:|1701146915\n|switch|p1a: Uxie|Uxie|32\/100|[from] Flip Turn\n|-damage|p1a: Uxie|19\/100|[from] Stealth Rock\n|\n|-heal|p1a: Uxie|26\/100|[from] item: Leftovers\n|-heal|p2a: Okidogi|70\/100|[from] item: Leftovers\n|upkeep\n|turn|17\n|\n|t:|1701146924\n|move|p1a: Uxie|Mystical Power|p2a: Okidogi\n|-supereffective|p2a: Okidogi\n|-damage|p2a: Okidogi|0 fnt\n|-boost|p1a: Uxie|spa|1\n|faint|p2a: Okidogi\n|\n|-heal|p1a: Uxie|32\/100|[from] item: Leftovers\n|upkeep\n|\n|t:|1701146930\n|switch|p2a: Samurott|Samurott-Hisui, M|100\/100\n|-damage|p2a: Samurott|88\/100|[from] Stealth Rock\n|turn|18\n|\n|t:|1701146946\n|-terastallize|p1a: Uxie|Dark\n|move|p2a: Samurott|Ceaseless Edge|p1a: Uxie\n|-resisted|p1a: Uxie\n|-damage|p1a: Uxie|18\/100\n|-sidestart|p1: Kmud8|Spikes\n|move|p1a: Uxie|Draining Kiss|p2a: Samurott\n|-supereffective|p2a: Samurott\n|-damage|p2a: Samurott|46\/100\n|-heal|p1a: Uxie|47\/100|[from] drain|[of] p2a: Samurott\n|\n|-heal|p1a: Uxie|53\/100|[from] item: Leftovers\n|upkeep\n|turn|19\n|\n|t:|1701146960\n|switch|p2a: Heatran|Heatran, F|81\/100\n|-damage|p2a: Heatran|69\/100|[from] Stealth Rock\n|move|p1a: Uxie|Draining Kiss|p2a: Heatran\n|-resisted|p2a: Heatran\n|-damage|p2a: Heatran|67\/100\n|-heal|p1a: Uxie|54\/100|[from] drain|[of] p2a: Heatran\n|\n|-heal|p1a: Uxie|61\/100|[from] item: Leftovers\n|-heal|p2a: Heatran|73\/100|[from] item: Leftovers\n|upkeep\n|turn|20\n|\n|t:|1701146971\n|move|p1a: Uxie|Yawn|p2a: Heatran\n|-start|p2a: Heatran|move: Yawn|[of] p1a: Uxie\n|move|p2a: Heatran|Magma Storm|p1a: Uxie|[miss]\n|-miss|p2a: Heatran|p1a: Uxie\n|\n|-heal|p1a: Uxie|67\/100|[from] item: Leftovers\n|-heal|p2a: Heatran|79\/100|[from] item: Leftovers\n|upkeep\n|turn|21\n|\n|t:|1701146985\n|move|p1a: Uxie|Mystical Power|p2a: Heatran\n|-resisted|p2a: Heatran\n|-damage|p2a: Heatran|71\/100\n|-boost|p1a: Uxie|spa|1\n|move|p2a: Heatran|Magma Storm|p1a: Uxie|[miss]\n|-miss|p2a: Heatran|p1a: Uxie\n|\n|-heal|p1a: Uxie|73\/100|[from] item: Leftovers\n|-heal|p2a: Heatran|77\/100|[from] item: Leftovers\n|-end|p2a: Heatran|move: Yawn|[silent]\n|-status|p2a: Heatran|slp\n|upkeep\n|turn|22\n|\n|t:|1701146998\n|move|p1a: Uxie|Mystical Power|p2a: Heatran\n|-resisted|p2a: Heatran\n|-damage|p2a: Heatran|66\/100 slp\n|-boost|p1a: Uxie|spa|1\n|cant|p2a: Heatran|slp\n|\n|-heal|p1a: Uxie|79\/100|[from] item: Leftovers\n|-heal|p2a: Heatran|72\/100 slp|[from] item: Leftovers\n|upkeep\n|turn|23\n|\n|t:|1701147008\n|move|p1a: Uxie|Mystical Power|p2a: Heatran\n|-resisted|p2a: Heatran\n|-crit|p2a: Heatran\n|-damage|p2a: Heatran|50\/100 slp\n|-boost|p1a: Uxie|spa|1\n|cant|p2a: Heatran|slp\n|\n|-heal|p1a: Uxie|86\/100|[from] item: Leftovers\n|-heal|p2a: Heatran|56\/100 slp|[from] item: Leftovers\n|upkeep\n|turn|24\n|\n|t:|1701147020\n|move|p1a: Uxie|Mystical Power|p2a: Heatran\n|-resisted|p2a: Heatran\n|-damage|p2a: Heatran|39\/100 slp\n|-boost|p1a: Uxie|spa|1\n|cant|p2a: Heatran|slp\n|\n|-heal|p1a: Uxie|92\/100|[from] item: Leftovers\n|-heal|p2a: Heatran|45\/100 slp|[from] item: Leftovers\n|upkeep\n|turn|25\n|\n|t:|1701147031\n|move|p1a: Uxie|Mystical Power|p2a: Heatran\n|-resisted|p2a: Heatran\n|-damage|p2a: Heatran|24\/100 slp\n|-boost|p1a: Uxie|spa|1\n|-curestatus|p2a: Heatran|slp|[msg]\n|move|p2a: Heatran|Magma Storm|p1a: Uxie|[miss]\n|-miss|p2a: Heatran|p1a: Uxie\n|\n|-heal|p1a: Uxie|98\/100|[from] item: Leftovers\n|-heal|p2a: Heatran|30\/100|[from] item: Leftovers\n|upkeep\n|turn|26\n|inactive|Kmud8 has 120 seconds left.\n|\n|t:|1701147046\n|move|p1a: Uxie|Mystical Power|p2a: Heatran\n|-resisted|p2a: Heatran\n|-crit|p2a: Heatran\n|-damage|p2a: Heatran|0 fnt\n|faint|p2a: Heatran\n|\n|-heal|p1a: Uxie|100\/100|[from] item: Leftovers\n|upkeep\n|\n|t:|1701147050\n|switch|p2a: Samurott|Samurott-Hisui, M|46\/100\n|-damage|p2a: Samurott|34\/100|[from] Stealth Rock\n|turn|27\n|\n|t:|1701147058\n|move|p2a: Samurott|Sacred Sword|p1a: Uxie\n|-supereffective|p1a: Uxie\n|-damage|p1a: Uxie|55\/100\n|move|p1a: Uxie|Draining Kiss|p2a: Samurott\n|-supereffective|p2a: Samurott\n|-damage|p2a: Samurott|0 fnt\n|-heal|p1a: Uxie|78\/100|[from] drain|[of] p2a: Samurott\n|faint|p2a: Samurott\n|\n|-heal|p1a: Uxie|84\/100|[from] item: Leftovers\n|upkeep\n|\n|t:|1701147062\n|switch|p2a: Zapdos|Zapdos|73\/100\n|turn|28\n|-message|southwest road forfeited.\n|\n|win|Kmud8\n|raw|Kmud8's rating: 1431 &rarr; <strong>1459<\/strong><br \/>(+28 for winning)\n|raw|southwest road's rating: 1570 &rarr; <strong>1542<\/strong><br \/>(-28 for losing)\n|l|\u2606southwest road\n","uploadtime":1701147087,"views":3,"p1id":"kmud8","p2id":"southwestroad","formatid":"gen9ou","rating":1459,"private":0,"password":""}