{"id":"gen9ou-1995289413","p1":"Peratest","p2":"you have homework","format":"[Gen 9] OU","log":"|j|\u203dPeratest\n|j|\u2606you have homework\n|t:|1700547593\n|gametype|singles\n|player|p1|Peratest|linebacker|1624\n|player|p2|you have homework|169|1654\n|teamsize|p1|6\n|teamsize|p2|6\n|gen|9\n|tier|[Gen 9] OU\n|rated|\n|rule|Sleep Clause Mod: Limit one foe put to sleep\n|rule|Species Clause: Limit one of each Pok\u00e9mon\n|rule|OHKO Clause: OHKO moves are banned\n|rule|Evasion Items Clause: Evasion items are banned\n|rule|Evasion Moves Clause: Evasion moves are banned\n|rule|Endless Battle Clause: Forcing endless battles is banned\n|rule|HP Percentage Mod: HP is shown in percentages\n|clearpoke\n|poke|p1|Ogerpon, F|\n|poke|p1|Cinderace, M|\n|poke|p1|Ursaluna, M|\n|poke|p1|Corviknight, M|\n|poke|p1|Clodsire, M|\n|poke|p1|Samurott-Hisui, M|\n|poke|p2|Great Tusk|\n|poke|p2|Slowking-Galar, M|\n|poke|p2|Ting-Lu|\n|poke|p2|Heatran, M|\n|poke|p2|Okidogi, M|\n|poke|p2|Mandibuzz, F|\n|teampreview\n|j| ucica\n|c|\u2606you have homework|!dt wo chien\n|raw|<div class=\"message\"><ul class=\"utilichart\"><li class=\"result\"><span class=\"col numcol\">RU<\/span> <span class=\"col iconcol\"><psicon pokemon=\"wochien\"\/><\/span> <span class=\"col pokemonnamecol\" style=\"white-space:nowrap\"><a href=\"https:\/\/dex.pokemonshowdown.com\/pokemon\/wochien\" target=\"_blank\">Wo-Chien<\/a><\/span> <span class=\"col typecol\"><img src=\"https:\/\/play.pokemonshowdown.com\/sprites\/types\/Dark.png\" alt=\"Dark\" height=\"14\" width=\"32\"><img src=\"https:\/\/play.pokemonshowdown.com\/sprites\/types\/Grass.png\" alt=\"Grass\" height=\"14\" width=\"32\"><\/span> <span style=\"float:left;min-height:26px\"><span class=\"col abilitycol\">Tablets of Ruin<\/span><span class=\"col abilitycol\"><\/span><\/span><span style=\"float:left;min-height:26px\"><span class=\"col statcol\"><em>HP<\/em><br \/>85<\/span> <span class=\"col statcol\"><em>Atk<\/em><br \/>85<\/span> <span class=\"col statcol\"><em>Def<\/em><br \/>100<\/span> <span class=\"col statcol\"><em>SpA<\/em><br \/>95<\/span> <span class=\"col statcol\"><em>SpD<\/em><br \/>135<\/span> <span class=\"col statcol\"><em>Spe<\/em><br \/>70<\/span> <span class=\"col bstcol\"><em>BST<br \/>570<\/em><\/span> <\/span><\/li><li style=\"clear:both\"><\/li><\/ul><\/div>\n|raw|<font size=\"1\"><font color=\"#686868\">Dex#:<\/font> 1001&nbsp;|&ThickSpace;<font color=\"#686868\">Gen:<\/font> 9&nbsp;|&ThickSpace;<font color=\"#686868\">Height:<\/font> 1.5 m&nbsp;|&ThickSpace;<font color=\"#686868\">Weight:<\/font> 74.2 kg <em>(80 BP)<\/em>&nbsp;|&ThickSpace;<font color=\"#686868\">Dex Colour:<\/font> Brown&nbsp;|&ThickSpace;<font color=\"#686868\">Egg Group(s):<\/font> Undiscovered&nbsp;|&ThickSpace;<font color=\"#686868\">Does Not Evolve<\/font><\/font>\n\n|\n|t:|1700547611\n|start\n|switch|p1a: Samurott|Samurott-Hisui, M, shiny|100\/100\n|switch|p2a: Okidogi|Okidogi, M|100\/100\n|turn|1\n|\n|t:|1700547618\n|move|p1a: Samurott|Flip Turn|p2a: Okidogi\n|-damage|p2a: Okidogi|78\/100\n|\n|t:|1700547625\n|switch|p1a: Cinderace|Cinderace, M, shiny|100\/100|[from] Flip Turn\n|move|p2a: Okidogi|Bulk Up|p2a: Okidogi\n|-boost|p2a: Okidogi|atk|1\n|-boost|p2a: Okidogi|def|1\n|\n|-heal|p2a: Okidogi|84\/100|[from] item: Leftovers\n|upkeep\n|turn|2\n|\n|t:|1700547635\n|-terastallize|p1a: Cinderace|Fire\n|move|p1a: Cinderace|Pyro Ball|p2a: Okidogi\n|-damage|p2a: Okidogi|46\/100\n|move|p2a: Okidogi|Poison Fang|p1a: Cinderace\n|-crit|p1a: Cinderace\n|-damage|p1a: Cinderace|0 fnt\n|faint|p1a: Cinderace\n|\n|-heal|p2a: Okidogi|52\/100|[from] item: Leftovers\n|upkeep\n|l| ucica\n|\n|t:|1700547647\n|switch|p1a: Corviknight|Corviknight, M, shiny|100\/100\n|-ability|p1a: Corviknight|Pressure\n|turn|3\n|j| ucica\n|\n|t:|1700547654\n|move|p2a: Okidogi|Knock Off|p1a: Corviknight\n|-damage|p1a: Corviknight|66\/100\n|-damage|p2a: Okidogi|35\/100|[from] item: Rocky Helmet|[of] p1a: Corviknight\n|-enditem|p1a: Corviknight|Rocky Helmet|[from] move: Knock Off|[of] p2a: Okidogi\n|move|p1a: Corviknight|Brave Bird|p2a: Okidogi\n|-supereffective|p2a: Okidogi\n|-crit|p2a: Okidogi\n|-damage|p2a: Okidogi|0 fnt\n|faint|p2a: Okidogi\n|-damage|p1a: Corviknight|55\/100|[from] Recoil\n|\n|upkeep\n|\n|t:|1700547666\n|switch|p2a: Heatran|Heatran, M|100\/100\n|turn|4\n|\n|t:|1700547680\n|switch|p1a: Clodsire|Clodsire, M, shiny|100\/100\n|move|p2a: Heatran|Stealth Rock|p1a: Clodsire\n|-sidestart|p1: Peratest|move: Stealth Rock\n|\n|upkeep\n|turn|5\n|\n|t:|1700547695\n|-terastallize|p2a: Heatran|Grass\n|move|p2a: Heatran|Magma Storm|p1a: Clodsire|[miss]\n|-miss|p2a: Heatran|p1a: Clodsire\n|move|p1a: Clodsire|Stealth Rock|p2a: Heatran\n|-sidestart|p2: you have homework|move: Stealth Rock\n|\n|upkeep\n|turn|6\n|\n|t:|1700547704\n|move|p2a: Heatran|Magma Storm|p1a: Clodsire\n|-damage|p1a: Clodsire|69\/100\n|-activate|p1a: Clodsire|move: Magma Storm|[of] p2a: Heatran\n|move|p1a: Clodsire|Toxic|p2a: Heatran\n|-status|p2a: Heatran|tox\n|\n|-heal|p1a: Clodsire|75\/100|[from] item: Leftovers\n|-damage|p2a: Heatran|94\/100 tox|[from] psn\n|-damage|p1a: Clodsire|63\/100|[from] move: Magma Storm|[partiallytrapped]\n|upkeep\n|turn|7\n|\n|t:|1700547715\n|move|p2a: Heatran|Earth Power|p1a: Clodsire\n|-supereffective|p1a: Clodsire\n|-damage|p1a: Clodsire|24\/100\n|move|p1a: Clodsire|Recover|p1a: Clodsire\n|-heal|p1a: Clodsire|74\/100\n|\n|-heal|p2a: Heatran|100\/100 tox|[from] item: Leftovers\n|-heal|p1a: Clodsire|80\/100|[from] item: Leftovers\n|-damage|p2a: Heatran|88\/100 tox|[from] psn\n|-damage|p1a: Clodsire|68\/100|[from] move: Magma Storm|[partiallytrapped]\n|upkeep\n|turn|8\n|\n|t:|1700547729\n|move|p2a: Heatran|Earth Power|p1a: Clodsire\n|-supereffective|p1a: Clodsire\n|-damage|p1a: Clodsire|29\/100\n|move|p1a: Clodsire|Earthquake|p2a: Heatran\n|-resisted|p2a: Heatran\n|-crit|p2a: Heatran\n|-damage|p2a: Heatran|69\/100 tox\n|\n|-heal|p2a: Heatran|76\/100 tox|[from] item: Leftovers\n|-heal|p1a: Clodsire|35\/100|[from] item: Leftovers\n|-damage|p2a: Heatran|57\/100 tox|[from] psn\n|-damage|p1a: Clodsire|22\/100|[from] move: Magma Storm|[partiallytrapped]\n|upkeep\n|turn|9\n|\n|t:|1700547745\n|move|p2a: Heatran|Earth Power|p1a: Clodsire\n|-supereffective|p1a: Clodsire\n|-damage|p1a: Clodsire|0 fnt\n|faint|p1a: Clodsire\n|\n|-heal|p2a: Heatran|63\/100 tox|[from] item: Leftovers\n|-damage|p2a: Heatran|38\/100 tox|[from] psn\n|upkeep\n|\n|t:|1700547758\n|switch|p1a: Samurott|Samurott-Hisui, M, shiny|100\/100\n|-damage|p1a: Samurott|88\/100|[from] Stealth Rock\n|turn|10\n|\n|t:|1700547763\n|move|p1a: Samurott|Razor Shell|p2a: Heatran\n|-resisted|p2a: Heatran\n|-damage|p2a: Heatran|18\/100 tox\n|move|p2a: Heatran|Magma Storm|p1a: Samurott\n|-resisted|p1a: Samurott\n|-damage|p1a: Samurott|45\/100\n|-activate|p1a: Samurott|move: Magma Storm|[of] p2a: Heatran\n|\n|-heal|p2a: Heatran|24\/100 tox|[from] item: Leftovers\n|-damage|p2a: Heatran|0 fnt|[from] psn\n|faint|p2a: Heatran\n|-end|p1a: Samurott|Magma Storm|[partiallytrapped]|[silent]\n|upkeep\n|\n|t:|1700547777\n|switch|p2a: Great Tusk|Great Tusk|100\/100\n|-damage|p2a: Great Tusk|98\/100|[from] Stealth Rock\n|turn|11\n|\n|t:|1700547783\n|move|p1a: Samurott|Razor Shell|p2a: Great Tusk\n|-supereffective|p2a: Great Tusk\n|-damage|p2a: Great Tusk|47\/100\n|-unboost|p2a: Great Tusk|def|1\n|move|p2a: Great Tusk|Rapid Spin|p1a: Samurott\n|-damage|p1a: Samurott|25\/100\n|-boost|p2a: Great Tusk|spe|1\n|-sideend|p2: you have homework|Stealth Rock|[from] move: Rapid Spin|[of] p2a: Great Tusk\n|\n|-heal|p2a: Great Tusk|53\/100|[from] item: Leftovers\n|upkeep\n|turn|12\n|\n|t:|1700547794\n|move|p1a: Samurott|Razor Shell|p2a: Great Tusk\n|-supereffective|p2a: Great Tusk\n|-damage|p2a: Great Tusk|0 fnt\n|faint|p2a: Great Tusk\n|-end|p2a: Great Tusk|Protosynthesis|[silent]\n|\n|upkeep\n|\n|t:|1700547803\n|switch|p2a: Mandibuzz|Mandibuzz, F|100\/100\n|turn|13\n|\n|t:|1700547808\n|move|p1a: Samurott|Razor Shell|p2a: Mandibuzz\n|-damage|p2a: Mandibuzz|71\/100\n|move|p2a: Mandibuzz|Foul Play|p1a: Samurott\n|-resisted|p1a: Samurott\n|-damage|p1a: Samurott|0 fnt\n|faint|p1a: Samurott\n|\n|upkeep\n|\n|t:|1700547818\n|switch|p1a: Corviknight|Corviknight, M, shiny|55\/100\n|-damage|p1a: Corviknight|43\/100|[from] Stealth Rock\n|-ability|p1a: Corviknight|Pressure\n|turn|14\n|\n|t:|1700547824\n|switch|p2a: Slowking|Slowking-Galar, M|100\/100\n|move|p1a: Corviknight|Roost|p1a: Corviknight\n|-heal|p1a: Corviknight|93\/100\n|-singleturn|p1a: Corviknight|move: Roost\n|\n|upkeep\n|turn|15\n|\n|t:|1700547832\n|move|p1a: Corviknight|Brave Bird|p2a: Slowking\n|-damage|p2a: Slowking|60\/100\n|-damage|p1a: Corviknight|80\/100|[from] Recoil\n|move|p2a: Slowking|Future Sight|p1a: Corviknight\n|-start|p2a: Slowking|move: Future Sight\n|\n|upkeep\n|turn|16\n|\n|t:|1700547840\n|switch|p2a: Ting-Lu|Ting-Lu|100\/100\n|-ability|p2a: Ting-Lu|Vessel of Ruin\n|move|p1a: Corviknight|Brave Bird|p2a: Ting-Lu\n|-damage|p2a: Ting-Lu|81\/100\n|-damage|p1a: Corviknight|72\/100|[from] Recoil\n|\n|-heal|p2a: Ting-Lu|87\/100|[from] item: Leftovers\n|upkeep\n|turn|17\n|\n|t:|1700547851\n|move|p1a: Corviknight|Body Press|p2a: Ting-Lu\n|-supereffective|p2a: Ting-Lu\n|-damage|p2a: Ting-Lu|58\/100\n|move|p2a: Ting-Lu|Ruination|p1a: Corviknight\n|-damage|p1a: Corviknight|36\/100\n|\n|-end|p1a: Corviknight|move: Future Sight\n|-resisted|p1a: Corviknight\n|-damage|p1a: Corviknight|21\/100\n|-heal|p2a: Ting-Lu|64\/100|[from] item: Leftovers\n|upkeep\n|turn|18\n|\n|t:|1700547867\n|switch|p1a: Ogerpon|Ogerpon, F|100\/100\n|-damage|p1a: Ogerpon|88\/100|[from] Stealth Rock\n|move|p2a: Ting-Lu|Spikes|p1a: Ogerpon\n|-sidestart|p1: Peratest|Spikes\n|\n|-heal|p2a: Ting-Lu|71\/100|[from] item: Leftovers\n|upkeep\n|turn|19\n|\n|t:|1700547876\n|switch|p2a: Mandibuzz|Mandibuzz, F|71\/100\n|move|p1a: Ogerpon|U-turn|p2a: Mandibuzz\n|-crit|p2a: Mandibuzz\n|-damage|p2a: Mandibuzz|48\/100\n|\n|t:|1700547882\n|switch|p1a: Ursaluna|Ursaluna, M, shiny|100\/100|[from] U-turn\n|-damage|p1a: Ursaluna|94\/100|[from] Stealth Rock\n|-damage|p1a: Ursaluna|82\/100|[from] Spikes\n|\n|upkeep\n|turn|20\n|\n|t:|1700547890\n|move|p2a: Mandibuzz|Roost|p2a: Mandibuzz\n|-heal|p2a: Mandibuzz|98\/100\n|-singleturn|p2a: Mandibuzz|move: Roost\n|move|p1a: Ursaluna|Body Slam|p2a: Mandibuzz\n|-damage|p2a: Mandibuzz|68\/100\n|-status|p2a: Mandibuzz|par\n|\n|upkeep\n|turn|21\n|\n|t:|1700547899\n|move|p1a: Ursaluna|Ice Punch|p2a: Mandibuzz\n|-supereffective|p2a: Mandibuzz\n|-crit|p2a: Mandibuzz\n|-damage|p2a: Mandibuzz|13\/100 par\n|move|p2a: Mandibuzz|Foul Play|p1a: Ursaluna\n|-damage|p1a: Ursaluna|37\/100\n|\n|upkeep\n|turn|22\n|j| nakula\n|\n|t:|1700547908\n|move|p1a: Ursaluna|Body Slam|p2a: Mandibuzz\n|-damage|p2a: Mandibuzz|0 fnt\n|faint|p2a: Mandibuzz\n|\n|upkeep\n|\n|t:|1700547913\n|switch|p2a: Ting-Lu|Ting-Lu|71\/100\n|-ability|p2a: Ting-Lu|Vessel of Ruin\n|turn|23\n|\n|t:|1700547918\n|move|p1a: Ursaluna|Earthquake|p2a: Ting-Lu\n|-damage|p2a: Ting-Lu|38\/100\n|move|p2a: Ting-Lu|Earthquake|p1a: Ursaluna\n|-damage|p1a: Ursaluna|10\/100\n|\n|-heal|p2a: Ting-Lu|44\/100|[from] item: Leftovers\n|upkeep\n|turn|24\n|\n|t:|1700547927\n|move|p1a: Ursaluna|Earthquake|p2a: Ting-Lu\n|-damage|p2a: Ting-Lu|9\/100\n|move|p2a: Ting-Lu|Earthquake|p1a: Ursaluna\n|-damage|p1a: Ursaluna|0 fnt\n|faint|p1a: Ursaluna\n|\n|-heal|p2a: Ting-Lu|15\/100|[from] item: Leftovers\n|upkeep\n|\n|t:|1700547937\n|switch|p1a: Ogerpon|Ogerpon, F|88\/100\n|-damage|p1a: Ogerpon|76\/100|[from] Stealth Rock\n|-damage|p1a: Ogerpon|64\/100|[from] Spikes\n|turn|25\n|\n|t:|1700547942\n|switch|p2a: Slowking|Slowking-Galar, M|93\/100\n|move|p1a: Ogerpon|U-turn|p2a: Slowking\n|-damage|p2a: Slowking|69\/100\n|\n|t:|1700547947\n|switch|p1a: Corviknight|Corviknight, M, shiny|21\/100|[from] U-turn\n|-damage|p1a: Corviknight|8\/100|[from] Stealth Rock\n|-ability|p1a: Corviknight|Pressure\n|\n|upkeep\n|turn|26\n|\n|t:|1700547955\n|move|p1a: Corviknight|Brave Bird|p2a: Slowking\n|-damage|p2a: Slowking|28\/100\n|-damage|p1a: Corviknight|0 fnt|[from] Recoil\n|faint|p1a: Corviknight\n|move|p2a: Slowking|Flamethrower|p1: Corviknight|[notarget]\n|-fail|p2a: Slowking\n|\n|upkeep\n|\n|t:|1700547962\n|switch|p1a: Ogerpon|Ogerpon, F|64\/100\n|-damage|p1a: Ogerpon|51\/100|[from] Stealth Rock\n|-damage|p1a: Ogerpon|39\/100|[from] Spikes\n|turn|27\n|\n|t:|1700547968\n|switch|p2a: Ting-Lu|Ting-Lu|15\/100\n|-ability|p2a: Ting-Lu|Vessel of Ruin\n|move|p1a: Ogerpon|Knock Off|p2a: Ting-Lu\n|-resisted|p2a: Ting-Lu\n|-damage|p2a: Ting-Lu|6\/100\n|-enditem|p2a: Ting-Lu|Leftovers|[from] move: Knock Off|[of] p1a: Ogerpon\n|\n|upkeep\n|turn|28\n|\n|t:|1700547977\n|move|p1a: Ogerpon|Ivy Cudgel|p2a: Ting-Lu\n|-supereffective|p2a: Ting-Lu\n|-damage|p2a: Ting-Lu|0 fnt\n|faint|p2a: Ting-Lu\n|\n|upkeep\n|\n|t:|1700547981\n|switch|p2a: Slowking|Slowking-Galar, M|61\/100\n|turn|29\n|\n|t:|1700547985\n|move|p1a: Ogerpon|Knock Off|p2a: Slowking\n|-supereffective|p2a: Slowking\n|-damage|p2a: Slowking|0 fnt\n|-enditem|p2a: Slowking|Assault Vest|[from] move: Knock Off|[of] p1a: Ogerpon\n|faint|p2a: Slowking\n|\n|win|Peratest\n|raw|Peratest's rating: 1624 &rarr; <strong>1646<\/strong><br \/>(+22 for winning)\n|raw|you have homework's rating: 1654 &rarr; <strong>1632<\/strong><br \/>(-22 for losing)\n|l|\u2606you have homework\n|l| ucica\n","uploadtime":1700547995,"views":20,"p1id":"peratest","p2id":"youhavehomework","formatid":"gen9ou","rating":1632,"private":0,"password":""}