{"id":"gen9ou-1992467594","p1":"Official Poyo","p2":"Uncle June","format":"[Gen 9] OU","log":"|j|\u2606Official Poyo\n|j|\u2606Uncle June\n|t:|1700191185\n|gametype|singles\n|player|p1|Official Poyo|richboy-gen4|1605\n|player|p2|Uncle June|2|1635\n|teamsize|p1|6\n|teamsize|p2|6\n|gen|9\n|tier|[Gen 9] OU\n|rated|\n|rule|Sleep Clause Mod: Limit one foe put to sleep\n|rule|Species Clause: Limit one of each Pok\u00e9mon\n|rule|OHKO Clause: OHKO moves are banned\n|rule|Evasion Items Clause: Evasion items are banned\n|rule|Evasion Moves Clause: Evasion moves are banned\n|rule|Endless Battle Clause: Forcing endless battles is banned\n|rule|HP Percentage Mod: HP is shown in percentages\n|clearpoke\n|poke|p1|Tatsugiri-Droopy, M|\n|poke|p1|Iron Valiant|\n|poke|p1|Alomomola, M|\n|poke|p1|Landorus-Therian, M|\n|poke|p1|Dragapult, M|\n|poke|p1|Slowking-Galar, F|\n|poke|p2|Glimmora, M|\n|poke|p2|Greninja-*, M|\n|poke|p2|Sneasler, F|\n|poke|p2|Ogerpon-Wellspring, F|\n|poke|p2|Kingambit, M|\n|poke|p2|Great Tusk|\n|teampreview\n|inactive|Battle timer is ON: inactive players will automatically lose when time's up. (requested by Official Poyo)\n|\n|t:|1700191209\n|start\n|switch|p1a: Dragapult|Dragapult, M|100\/100\n|switch|p2a: Glimmora|Glimmora, M|100\/100\n|turn|1\n|\n|t:|1700191211\n|move|p1a: Dragapult|Thunder Wave|p2a: Glimmora\n|-status|p2a: Glimmora|par\n|cant|p2a: Glimmora|par\n|\n|upkeep\n|turn|2\n|\n|t:|1700191214\n|move|p1a: Dragapult|Hex|p2a: Glimmora\n|-damage|p2a: Glimmora|24\/100 par\n|move|p2a: Glimmora|Stealth Rock|p1a: Dragapult\n|-sidestart|p1: Official Poyo|move: Stealth Rock\n|\n|upkeep\n|turn|3\n|\n|t:|1700191218\n|move|p1a: Dragapult|Hex|p2a: Glimmora\n|-damage|p2a: Glimmora|0 fnt\n|faint|p2a: Glimmora\n|\n|upkeep\n|\n|t:|1700191223\n|switch|p2a: Kingambit|Kingambit, M|100\/100\n|-activate|p2a: Kingambit|ability: Supreme Overlord\n|-start|p2a: Kingambit|fallen1|[silent]\n|turn|4\n|\n|t:|1700191229\n|switch|p1a: Alomomola|Alomomola, M|100\/100\n|-damage|p1a: Alomomola|88\/100|[from] Stealth Rock\n|move|p2a: Kingambit|Kowtow Cleave|p1a: Alomomola\n|-damage|p1a: Alomomola|59\/100\n|-enditem|p1a: Alomomola|Red Card|[of] p2a: Kingambit\n|-end|p2a: Kingambit|fallen1|[silent]\n|drag|p2a: Greninja|Greninja, M|100\/100\n|\n|upkeep\n|turn|5\n|\n|t:|1700191245\n|move|p2a: Greninja|Dark Pulse|p1a: Alomomola\n|-damage|p1a: Alomomola|14\/100\n|-damage|p2a: Greninja|91\/100|[from] item: Life Orb\n|move|p1a: Alomomola|Flip Turn|p2a: Greninja\n|-resisted|p2a: Greninja\n|-damage|p2a: Greninja|77\/100\n|\n|t:|1700191258\n|switch|p1a: Tatsugiri|Tatsugiri-Droopy, M|100\/100|[from] Flip Turn\n|\n|upkeep\n|turn|6\n|\n|t:|1700191275\n|-terastallize|p1a: Tatsugiri|Fairy\n|move|p2a: Greninja|Dark Pulse|p1a: Tatsugiri\n|-resisted|p1a: Tatsugiri\n|-damage|p1a: Tatsugiri|74\/100\n|-damage|p2a: Greninja|67\/100|[from] item: Life Orb\n|move|p1a: Tatsugiri|Rapid Spin|p2a: Greninja\n|-damage|p2a: Greninja|57\/100\n|-boost|p1a: Tatsugiri|spe|1\n|-sideend|p1: Official Poyo|Stealth Rock|[from] move: Rapid Spin|[of] p1a: Tatsugiri\n|\n|upkeep\n|turn|7\n|\n|t:|1700191282\n|move|p1a: Tatsugiri|Draco Meteor|p2a: Greninja\n|-damage|p2a: Greninja|0 fnt\n|-unboost|p1a: Tatsugiri|spa|2\n|faint|p2a: Greninja\n|\n|upkeep\n|\n|t:|1700191285\n|switch|p2a: Sneasler|Sneasler, F|100\/100\n|turn|8\n|\n|t:|1700191287\n|switch|p1a: Landorus|Landorus-Therian, M|100\/100\n|-ability|p1a: Landorus|Intimidate|boost\n|-unboost|p2a: Sneasler|atk|1\n|move|p2a: Sneasler|Dire Claw|p1a: Landorus\n|-resisted|p1a: Landorus\n|-damage|p1a: Landorus|83\/100\n|-status|p1a: Landorus|slp\n|\n|-heal|p1a: Landorus|90\/100 slp|[from] item: Leftovers\n|upkeep\n|turn|9\n|\n|t:|1700191291\n|switch|p2a: Ogerpon|Ogerpon-Wellspring, F|100\/100\n|switch|p1a: Dragapult|Dragapult, M|100\/100\n|\n|upkeep\n|turn|10\n|\n|t:|1700191296\n|switch|p2a: Great Tusk|Great Tusk|100\/100\n|move|p1a: Dragapult|Thunder Wave|p2a: Great Tusk\n|-immune|p2a: Great Tusk\n|\n|upkeep\n|turn|11\n|\n|t:|1700191298\n|move|p1a: Dragapult|Draco Meteor|p2a: Great Tusk\n|-damage|p2a: Great Tusk|31\/100\n|-unboost|p1a: Dragapult|spa|2\n|move|p2a: Great Tusk|Ice Spinner|p1a: Dragapult\n|-supereffective|p1a: Dragapult\n|-damage|p1a: Dragapult|45\/100\n|\n|-heal|p1a: Dragapult|51\/100|[from] item: Leftovers\n|-heal|p2a: Great Tusk|38\/100|[from] item: Leftovers\n|upkeep\n|turn|12\n|\n|t:|1700191302\n|move|p1a: Dragapult|U-turn|p2a: Great Tusk\n|-resisted|p2a: Great Tusk\n|-damage|p2a: Great Tusk|34\/100\n|\n|t:|1700191304\n|switch|p1a: Alomomola|Alomomola, M|47\/100|[from] U-turn\n|move|p2a: Great Tusk|Ice Spinner|p1a: Alomomola\n|-resisted|p1a: Alomomola\n|-damage|p1a: Alomomola|40\/100\n|\n|-heal|p2a: Great Tusk|40\/100|[from] item: Leftovers\n|upkeep\n|turn|13\n|\n|t:|1700191307\n|switch|p1a: Landorus|Landorus-Therian, M|90\/100 slp\n|-ability|p1a: Landorus|Intimidate|boost\n|-unboost|p2a: Great Tusk|atk|1\n|move|p2a: Great Tusk|Earthquake|p1a: Landorus\n|-immune|p1a: Landorus\n|\n|-heal|p1a: Landorus|96\/100 slp|[from] item: Leftovers\n|-heal|p2a: Great Tusk|46\/100|[from] item: Leftovers\n|upkeep\n|turn|14\n|\n|t:|1700191309\n|switch|p1a: Alomomola|Alomomola, M|73\/100\n|move|p2a: Great Tusk|Ice Spinner|p1a: Alomomola\n|-resisted|p1a: Alomomola\n|-damage|p1a: Alomomola|69\/100\n|\n|-heal|p2a: Great Tusk|52\/100|[from] item: Leftovers\n|upkeep\n|turn|15\n|\n|t:|1700191312\n|-end|p2a: Great Tusk|Protosynthesis|[silent]\n|switch|p2a: Ogerpon|Ogerpon-Wellspring, F|100\/100\n|move|p1a: Alomomola|Wish|p1a: Alomomola\n|\n|upkeep\n|turn|16\n|\n|t:|1700191326\n|move|p2a: Ogerpon|Ivy Cudgel|p1a: Alomomola|[anim] Ivy Cudgel Water\n|-resisted|p1a: Alomomola\n|-damage|p1a: Alomomola|53\/100\n|move|p1a: Alomomola|Acrobatics|p2a: Ogerpon\n|-supereffective|p2a: Ogerpon\n|-damage|p2a: Ogerpon|49\/100\n|\n|-heal|p1a: Alomomola|100\/100|[from] move: Wish|[wisher] Alomomola\n|upkeep\n|turn|17\n|\n|t:|1700191332\n|move|p2a: Ogerpon|Horn Leech|p1a: Alomomola\n|-supereffective|p1a: Alomomola\n|-damage|p1a: Alomomola|46\/100\n|-heal|p2a: Ogerpon|94\/100|[from] drain|[of] p1a: Alomomola\n|move|p1a: Alomomola|Acrobatics|p2a: Ogerpon\n|-supereffective|p2a: Ogerpon\n|-damage|p2a: Ogerpon|39\/100\n|\n|upkeep\n|turn|18\n|\n|t:|1700191340\n|switch|p1a: Dragapult|Dragapult, M|51\/100\n|move|p2a: Ogerpon|Ivy Cudgel|p1a: Dragapult|[anim] Ivy Cudgel Water\n|-resisted|p1a: Dragapult\n|-damage|p1a: Dragapult|13\/100\n|\n|-heal|p1a: Dragapult|19\/100|[from] item: Leftovers\n|upkeep\n|turn|19\n|\n|t:|1700191344\n|switch|p2a: Kingambit|Kingambit, M|100\/100\n|-activate|p2a: Kingambit|ability: Supreme Overlord\n|-start|p2a: Kingambit|fallen2|[silent]\n|move|p1a: Dragapult|U-turn|p2a: Kingambit\n|-damage|p2a: Kingambit|86\/100\n|\n|t:|1700191347\n|switch|p1a: Iron Valiant|Iron Valiant|100\/100|[from] U-turn\n|-enditem|p1a: Iron Valiant|Booster Energy\n|-activate|p1a: Iron Valiant|ability: Quark Drive|[fromitem]\n|-start|p1a: Iron Valiant|quarkdrivespe\n|\n|-heal|p2a: Kingambit|92\/100|[from] item: Leftovers\n|upkeep\n|turn|20\n|\n|t:|1700191352\n|move|p1a: Iron Valiant|Close Combat|p2a: Kingambit\n|-supereffective|p2a: Kingambit\n|-damage|p2a: Kingambit|0 fnt\n|-unboost|p1a: Iron Valiant|def|1\n|-unboost|p1a: Iron Valiant|spd|1\n|faint|p2a: Kingambit\n|-end|p2a: Kingambit|fallen2|[silent]\n|\n|upkeep\n|\n|t:|1700191354\n|switch|p2a: Sneasler|Sneasler, F|100\/100\n|turn|21\n|\n|t:|1700191356\n|move|p2a: Sneasler|Fake Out|p1a: Iron Valiant\n|-damage|p1a: Iron Valiant|73\/100\n|cant|p1a: Iron Valiant|flinch\n|\n|upkeep\n|turn|22\n|\n|t:|1700191359\n|move|p1a: Iron Valiant|Close Combat|p2a: Sneasler\n|-resisted|p2a: Sneasler\n|-damage|p2a: Sneasler|48\/100\n|-unboost|p1a: Iron Valiant|def|1\n|-unboost|p1a: Iron Valiant|spd|1\n|move|p2a: Sneasler|Dire Claw|p1a: Iron Valiant\n|-supereffective|p1a: Iron Valiant\n|-damage|p1a: Iron Valiant|0 fnt\n|faint|p1a: Iron Valiant\n|-end|p1a: Iron Valiant|Quark Drive|[silent]\n|\n|upkeep\n|\n|t:|1700191363\n|switch|p1a: Dragapult|Dragapult, M|19\/100\n|turn|23\n|\n|t:|1700191366\n|-terastallize|p2a: Sneasler|Steel\n|move|p1a: Dragapult|Draco Meteor|p2a: Sneasler\n|-resisted|p2a: Sneasler\n|-damage|p2a: Sneasler|14\/100\n|-unboost|p1a: Dragapult|spa|2\n|move|p2a: Sneasler|Dire Claw|p1a: Dragapult\n|-resisted|p1a: Dragapult\n|-damage|p1a: Dragapult|0 fnt\n|faint|p1a: Dragapult\n|\n|upkeep\n|\n|t:|1700191372\n|switch|p1a: Alomomola|Alomomola, M|80\/100\n|turn|24\n|\n|t:|1700191375\n|move|p2a: Sneasler|Dire Claw|p1a: Alomomola\n|-damage|p1a: Alomomola|54\/100\n|-status|p1a: Alomomola|psn|[from] ability: Poison Touch|[of] p2a: Sneasler\n|move|p1a: Alomomola|Flip Turn|p2a: Sneasler\n|-damage|p2a: Sneasler|0 fnt\n|faint|p2a: Sneasler\n|\n|t:|1700191381\n|switch|p1a: Slowking|Slowking-Galar, F|100\/100|[from] Flip Turn\n|\n|upkeep\n|\n|t:|1700191385\n|switch|p2a: Ogerpon|Ogerpon-Wellspring, F|39\/100\n|turn|25\n|\n|t:|1700191388\n|move|p2a: Ogerpon|Swords Dance|p2a: Ogerpon\n|-boost|p2a: Ogerpon|atk|2\n|move|p1a: Slowking|Psyshock|p2a: Ogerpon\n|-damage|p2a: Ogerpon|0 fnt\n|faint|p2a: Ogerpon\n|\n|upkeep\n|\n|t:|1700191389\n|switch|p2a: Great Tusk|Great Tusk|52\/100\n|turn|26\n|\n|t:|1700191392\n|move|p2a: Great Tusk|Ice Spinner|p1a: Slowking\n|-crit|p1a: Slowking\n|-damage|p1a: Slowking|64\/100\n|move|p1a: Slowking|Future Sight|p2a: Great Tusk\n|-start|p1a: Slowking|move: Future Sight\n|\n|-heal|p2a: Great Tusk|59\/100|[from] item: Leftovers\n|upkeep\n|turn|27\n|-message|Uncle June forfeited.\n|\n|win|Official Poyo\n|raw|Official Poyo's rating: 1605 &rarr; <strong>1628<\/strong><br \/>(+23 for winning)\n|raw|Uncle June's rating: 1659 &rarr; <strong>1636<\/strong><br \/>(-23 for losing)\n|l|\u2606Uncle June\n","uploadtime":1700191400,"views":11,"p1id":"officialpoyo","p2id":"unclejune","formatid":"gen9ou","rating":1628,"private":0,"password":""}