{"id":"gen9ou-1996083483","p1":"OffxcialTano","p2":"6bg","format":"[Gen 9] OU","log":"|j|\u2606OffxcialTano\n|j|\u26066bg\n|t:|1700641360\n|gametype|singles\n|player|p1|OffxcialTano|plasmagrunt|1000\n|player|p2|6bg|yellow|1052\n|teamsize|p1|6\n|teamsize|p2|6\n|gen|9\n|tier|[Gen 9] OU\n|rated|\n|rule|Sleep Clause Mod: Limit one foe put to sleep\n|rule|Species Clause: Limit one of each Pok\u00e9mon\n|rule|OHKO Clause: OHKO moves are banned\n|rule|Evasion Items Clause: Evasion items are banned\n|rule|Evasion Moves Clause: Evasion moves are banned\n|rule|Endless Battle Clause: Forcing endless battles is banned\n|rule|HP Percentage Mod: HP is shown in percentages\n|clearpoke\n|poke|p1|Greninja-*, M|\n|poke|p1|Iron Moth|\n|poke|p1|Ninetales-Alola, M|\n|poke|p1|Enamorus, F|\n|poke|p1|Infernape, M|\n|poke|p1|Ribombee, M|\n|poke|p2|Shaymin|\n|poke|p2|Zapdos|\n|poke|p2|Lycanroc-Dusk, F|\n|poke|p2|Heatran, M|\n|poke|p2|Scizor, M|\n|poke|p2|Ogerpon-Wellspring, F|\n|teampreview\n|\n|t:|1700641371\n|start\n|switch|p1a: Ribombee|Ribombee, M|100\/100\n|switch|p2a: Zapdos|Zapdos|100\/100\n|turn|1\n|\n|t:|1700641376\n|move|p1a: Ribombee|Sticky Web|p2a: Zapdos\n|-sidestart|p2: 6bg|move: Sticky Web\n|move|p2a: Zapdos|Volt Switch|p1a: Ribombee\n|-damage|p1a: Ribombee|46\/100\n|\n|t:|1700641378\n|switch|p2a: Lycanroc|Lycanroc-Dusk, F|100\/100|[from] Volt Switch\n|-activate|p2a: Lycanroc|move: Sticky Web\n|-unboost|p2a: Lycanroc|spe|1\n|\n|upkeep\n|turn|2\n|\n|t:|1700641395\n|move|p2a: Lycanroc|Accelerock|p1a: Ribombee\n|-supereffective|p1a: Ribombee\n|-damage|p1a: Ribombee|0 fnt\n|faint|p1a: Ribombee\n|\n|upkeep\n|\n|t:|1700641400\n|switch|p1a: Enamorus|Enamorus, F|100\/100\n|turn|3\n|\n|t:|1700641412\n|switch|p2a: Scizor|Scizor, M|100\/100\n|-activate|p2a: Scizor|move: Sticky Web\n|-unboost|p2a: Scizor|spe|1\n|move|p1a: Enamorus|Earth Power|p2a: Scizor\n|-damage|p2a: Scizor|60\/100\n|\n|-heal|p2a: Scizor|66\/100|[from] item: Leftovers\n|upkeep\n|turn|4\n|\n|t:|1700641419\n|move|p1a: Enamorus|Earth Power|p2a: Scizor\n|-damage|p2a: Scizor|29\/100\n|move|p2a: Scizor|Defog|p1a: Enamorus\n|-unboost|p1a: Enamorus|evasion|1\n|-sideend|p2: 6bg|Sticky Web|[from] move: Defog|[of] p2a: Scizor\n|\n|-heal|p2a: Scizor|35\/100|[from] item: Leftovers\n|upkeep\n|turn|5\n|\n|t:|1700641425\n|switch|p2a: Zapdos|Zapdos|100\/100\n|move|p1a: Enamorus|Earth Power|p2a: Zapdos\n|-immune|p2a: Zapdos\n|\n|upkeep\n|turn|6\n|\n|t:|1700641429\n|move|p1a: Enamorus|Sludge Bomb|p2a: Zapdos\n|-damage|p2a: Zapdos|69\/100\n|move|p2a: Zapdos|Volt Switch|p1a: Enamorus\n|-supereffective|p1a: Enamorus\n|-damage|p1a: Enamorus|49\/100\n|\n|t:|1700641432\n|switch|p2a: Lycanroc|Lycanroc-Dusk, F|100\/100|[from] Volt Switch\n|\n|upkeep\n|turn|7\n|\n|t:|1700641436\n|move|p2a: Lycanroc|Accelerock|p1a: Enamorus\n|-supereffective|p1a: Enamorus\n|-damage|p1a: Enamorus|0 fnt\n|faint|p1a: Enamorus\n|\n|upkeep\n|\n|t:|1700641444\n|switch|p1a: Greninja|Greninja, M|100\/100\n|turn|8\n|\n|t:|1700641449\n|switch|p2a: Ogerpon|Ogerpon-Wellspring, F|100\/100\n|-terastallize|p1a: Greninja|Water\n|move|p1a: Greninja|Water Shuriken|p2a: Ogerpon\n|-immune|p2a: Ogerpon|[from] ability: Water Absorb\n|\n|upkeep\n|turn|9\n|\n|t:|1700641456\n|move|p1a: Greninja|Dark Pulse|p2a: Ogerpon\n|-crit|p2a: Ogerpon\n|-damage|p2a: Ogerpon|23\/100\n|-damage|p1a: Greninja|91\/100|[from] item: Life Orb\n|move|p2a: Ogerpon|Horn Leech|p1a: Greninja\n|-supereffective|p1a: Greninja\n|-damage|p1a: Greninja|0 fnt\n|-heal|p2a: Ogerpon|65\/100|[from] drain|[of] p1a: Greninja\n|faint|p1a: Greninja\n|\n|upkeep\n|c|\u2606OffxcialTano|OGERPON IS GAYYY LIKE YOU\n|inactive|Battle timer is ON: inactive players will automatically lose when time's up. (requested by 6bg)\n|inactive|OffxcialTano has 120 seconds left.\n|inactive|OffxcialTano has 90 seconds left.\n|inactive|OffxcialTano has 60 seconds left.\n|inactive|OffxcialTano has 30 seconds left.\n|inactive|OffxcialTano has 20 seconds left.\n|inactive|OffxcialTano has 15 seconds left.\n|inactive|OffxcialTano has 10 seconds left.\n|inactive|OffxcialTano has 5 seconds left.\n|-message|OffxcialTano lost due to inactivity.\n|\n|win|6bg\n|raw|OffxcialTano's rating: 1000 &rarr; <strong>1000<\/strong><br \/>(+0 for losing)\n|raw|6bg's rating: 1052 &rarr; <strong>1079<\/strong><br \/>(+27 for winning)\n|c|\u26066bg|\ud83d\udc4d\n","uploadtime":1700641474,"views":0,"p1id":"offxcialtano","p2id":"6bg","formatid":"gen9ou","rating":1000,"private":0,"password":""}