{"id":"gen9ou-1989010623","p1":"MorganaP5","p2":"CaioXLive12","format":"[Gen 9] OU","log":"|j|\u2606MorganaP5\n|j|\u2606CaioXLive12\n|t:|1699801848\n|gametype|singles\n|player|p1|MorganaP5|whitney|1392\n|player|p2|CaioXLive12|nate|1352\n|teamsize|p1|6\n|teamsize|p2|6\n|gen|9\n|tier|[Gen 9] OU\n|rated|\n|rule|Sleep Clause Mod: Limit one foe put to sleep\n|rule|Species Clause: Limit one of each Pok\u00e9mon\n|rule|OHKO Clause: OHKO moves are banned\n|rule|Evasion Items Clause: Evasion items are banned\n|rule|Evasion Moves Clause: Evasion moves are banned\n|rule|Endless Battle Clause: Forcing endless battles is banned\n|rule|HP Percentage Mod: HP is shown in percentages\n|clearpoke\n|poke|p1|Slaking, M|\n|poke|p1|Conkeldurr, F|\n|poke|p1|Milotic, F|\n|poke|p1|Mienshao, M|\n|poke|p1|Chandelure, M|\n|poke|p1|Torterra, M|\n|poke|p2|Ribombee, F|\n|poke|p2|Manaphy|\n|poke|p2|Kingambit, F|\n|poke|p2|Great Tusk|\n|poke|p2|Iron Moth|\n|poke|p2|Gholdengo|\n|teampreview\n|inactive|Battle timer is ON: inactive players will automatically lose when time's up. (requested by MorganaP5)\n|\n|t:|1699801858\n|start\n|switch|p1a: Torterra|Torterra, M|100\/100\n|switch|p2a: Ribombee|Ribombee, F|100\/100\n|turn|1\n|\n|t:|1699801865\n|move|p2a: Ribombee|Sticky Web|p1a: Torterra\n|-sidestart|p1: MorganaP5|move: Sticky Web\n|move|p1a: Torterra|Shell Smash|p1a: Torterra\n|-unboost|p1a: Torterra|def|1\n|-unboost|p1a: Torterra|spd|1\n|-boost|p1a: Torterra|atk|2\n|-boost|p1a: Torterra|spa|2\n|-boost|p1a: Torterra|spe|2\n|\n|upkeep\n|turn|2\n|\n|t:|1699801872\n|move|p1a: Torterra|Rock Blast|p2a: Ribombee\n|-supereffective|p2a: Ribombee\n|-damage|p2a: Ribombee|31\/100\n|-supereffective|p2a: Ribombee\n|-damage|p2a: Ribombee|0 fnt\n|faint|p2a: Ribombee\n|-hitcount|p2: Ribombee|2\n|\n|upkeep\n|\n|t:|1699801879\n|switch|p2a: Gholdengo|Gholdengo|100\/100\n|-item|p2a: Gholdengo|Air Balloon\n|turn|3\n|\n|t:|1699801888\n|move|p1a: Torterra|Bullet Seed|p2a: Gholdengo\n|-resisted|p2a: Gholdengo\n|-damage|p2a: Gholdengo|87\/100\n|-enditem|p2a: Gholdengo|Air Balloon\n|-resisted|p2a: Gholdengo\n|-damage|p2a: Gholdengo|73\/100\n|-resisted|p2a: Gholdengo\n|-damage|p2a: Gholdengo|59\/100\n|-resisted|p2a: Gholdengo\n|-damage|p2a: Gholdengo|46\/100\n|-hitcount|p2a: Gholdengo|4\n|move|p2a: Gholdengo|Shadow Ball|p1a: Torterra\n|-damage|p1a: Torterra|21\/100\n|\n|upkeep\n|turn|4\n|\n|t:|1699801901\n|move|p1a: Torterra|Bullet Seed|p2a: Gholdengo\n|-resisted|p2a: Gholdengo\n|-damage|p2a: Gholdengo|32\/100\n|-resisted|p2a: Gholdengo\n|-damage|p2a: Gholdengo|18\/100\n|-resisted|p2a: Gholdengo\n|-damage|p2a: Gholdengo|4\/100\n|-resisted|p2a: Gholdengo\n|-damage|p2a: Gholdengo|0 fnt\n|faint|p2a: Gholdengo\n|-hitcount|p2: Gholdengo|4\n|\n|upkeep\n|\n|t:|1699801908\n|switch|p2a: Kingambit|Kingambit, F|100\/100\n|-activate|p2a: Kingambit|ability: Supreme Overlord\n|-start|p2a: Kingambit|fallen2|[silent]\n|turn|5\n|\n|t:|1699801913\n|move|p2a: Kingambit|Sucker Punch||[still]\n|-fail|p2a: Kingambit\n|move|p1a: Torterra|Shell Smash|p1a: Torterra\n|-unboost|p1a: Torterra|def|1\n|-unboost|p1a: Torterra|spd|1\n|-boost|p1a: Torterra|atk|2\n|-boost|p1a: Torterra|spa|2\n|-boost|p1a: Torterra|spe|2\n|\n|upkeep\n|turn|6\n|\n|t:|1699801920\n|move|p2a: Kingambit|Sucker Punch||[still]\n|-fail|p2a: Kingambit\n|move|p1a: Torterra|Shell Smash|p1a: Torterra\n|-unboost|p1a: Torterra|def|1\n|-unboost|p1a: Torterra|spd|1\n|-boost|p1a: Torterra|atk|2\n|-boost|p1a: Torterra|spa|2\n|-boost|p1a: Torterra|spe|2\n|\n|upkeep\n|turn|7\n|\n|t:|1699801927\n|move|p2a: Kingambit|Sucker Punch||[still]\n|-fail|p2a: Kingambit\n|move|p1a: Torterra|Shell Smash|p1a: Torterra\n|-unboost|p1a: Torterra|def|1\n|-unboost|p1a: Torterra|spd|1\n|-boost|p1a: Torterra|atk|0\n|-boost|p1a: Torterra|spa|0\n|-boost|p1a: Torterra|spe|0\n|\n|upkeep\n|turn|8\n|\n|t:|1699801934\n|move|p1a: Torterra|Headlong Rush|p2a: Kingambit\n|-supereffective|p2a: Kingambit\n|-damage|p2a: Kingambit|0 fnt\n|-unboost|p1a: Torterra|def|1\n|-unboost|p1a: Torterra|spd|1\n|faint|p2a: Kingambit\n|-end|p2a: Kingambit|fallen2|[silent]\n|\n|upkeep\n|-message|CaioXLive12 forfeited.\n|\n|win|MorganaP5\n|raw|MorganaP5's rating: 1392 &rarr; <strong>1410<\/strong><br \/>(+18 for winning)\n|raw|CaioXLive12's rating: 1352 &rarr; <strong>1334<\/strong><br \/>(-18 for losing)\n|l|\u2606CaioXLive12\n","uploadtime":1699801947,"views":9,"p1id":"morganap5","p2id":"caioxlive12","formatid":"gen9ou","rating":1334,"private":0,"password":""}