{"id":"gen9ou-1991368901","p1":"Ketchup2000","p2":"Boulesinus15","format":"[Gen 9] OU","log":"|j|\u2606Ketchup2000\n|j|\u2606Boulesinus15\n|t:|1700071356\n|gametype|singles\n|player|p1|Ketchup2000|byron|1143\n|player|p2|Boulesinus15|169|1148\n|teamsize|p1|6\n|teamsize|p2|6\n|gen|9\n|tier|[Gen 9] OU\n|rated|\n|rule|Sleep Clause Mod: Limit one foe put to sleep\n|rule|Species Clause: Limit one of each Pok\u00e9mon\n|rule|OHKO Clause: OHKO moves are banned\n|rule|Evasion Items Clause: Evasion items are banned\n|rule|Evasion Moves Clause: Evasion moves are banned\n|rule|Endless Battle Clause: Forcing endless battles is banned\n|rule|HP Percentage Mod: HP is shown in percentages\n|clearpoke\n|poke|p1|Okidogi, M|\n|poke|p1|Sneasler, F|\n|poke|p1|Rillaboom, M|\n|poke|p1|Samurott-Hisui, F|\n|poke|p1|Gholdengo|\n|poke|p1|Iron Valiant|\n|poke|p2|Slowking, M|\n|poke|p2|Kingambit, F|\n|poke|p2|Landorus-Therian, M|\n|poke|p2|Iron Moth|\n|poke|p2|Garchomp, M|\n|poke|p2|Meowscarada, F|\n|teampreview\n|\n|t:|1700071368\n|start\n|switch|p1a: Samurott|Samurott-Hisui, F|100\/100\n|switch|p2a: Meowscarada|Meowscarada, F|100\/100\n|turn|1\n|\n|t:|1700071380\n|move|p2a: Meowscarada|U-turn|p1a: Samurott\n|-start|p2a: Meowscarada|typechange|Bug|[from] ability: Protean\n|-supereffective|p1a: Samurott\n|-enditem|p1a: Samurott|Focus Sash\n|-damage|p1a: Samurott|1\/100\n|\n|t:|1700071388\n|switch|p2a: Garchomp|Garchomp, M|100\/100|[from] U-turn\n|move|p1a: Samurott|Sacred Sword|p2a: Garchomp\n|-damage|p2a: Garchomp|73\/100\n|-damage|p1a: Samurott|0 fnt|[from] ability: Rough Skin|[of] p2a: Garchomp\n|faint|p1a: Samurott\n|\n|-heal|p2a: Garchomp|79\/100|[from] item: Leftovers\n|upkeep\n|\n|t:|1700071398\n|switch|p1a: Rillaboom|Rillaboom, M|100\/100\n|-fieldstart|move: Grassy Terrain|[from] ability: Grassy Surge|[of] p1a: Rillaboom\n|turn|2\n|\n|t:|1700071415\n|switch|p2a: Iron Moth|Iron Moth|100\/100\n|-enditem|p2a: Iron Moth|Booster Energy\n|-activate|p2a: Iron Moth|ability: Quark Drive|[fromitem]\n|-start|p2a: Iron Moth|quarkdrivespe\n|move|p1a: Rillaboom|U-turn|p2a: Iron Moth\n|-resisted|p2a: Iron Moth\n|-damage|p2a: Iron Moth|88\/100\n|\n|t:|1700071438\n|switch|p1a: Sneasler|Sneasler, F|100\/100|[from] U-turn\n|-enditem|p1a: Sneasler|Grassy Seed\n|-boost|p1a: Sneasler|def|1|[from] item: Grassy Seed\n|\n|-heal|p2a: Iron Moth|94\/100|[from] Grassy Terrain\n|upkeep\n|turn|3\n|\n|t:|1700071448\n|move|p1a: Sneasler|Swords Dance|p1a: Sneasler\n|-boost|p1a: Sneasler|atk|2\n|move|p2a: Iron Moth|Fiery Dance|p1a: Sneasler\n|-damage|p1a: Sneasler|42\/100\n|\n|-heal|p1a: Sneasler|48\/100|[from] Grassy Terrain\n|-heal|p2a: Iron Moth|99\/100|[from] Grassy Terrain\n|upkeep\n|turn|4\n|\n|t:|1700071463\n|-terastallize|p1a: Sneasler|Flying\n|move|p1a: Sneasler|Acrobatics|p2a: Iron Moth\n|-damage|p2a: Iron Moth|0 fnt\n|faint|p2a: Iron Moth\n|-end|p2a: Iron Moth|Quark Drive|[silent]\n|\n|upkeep\n|\n|t:|1700071478\n|switch|p2a: Landorus|Landorus-Therian, M|100\/100\n|-ability|p2a: Landorus|Intimidate|boost\n|-unboost|p1a: Sneasler|atk|1\n|turn|5\n|\n|t:|1700071484\n|switch|p2a: Garchomp|Garchomp, M|79\/100\n|move|p1a: Sneasler|Acrobatics|p2a: Garchomp\n|-damage|p2a: Garchomp|21\/100\n|-damage|p1a: Sneasler|36\/100|[from] ability: Rough Skin|[of] p2a: Garchomp\n|\n|-heal|p2a: Garchomp|28\/100|[from] Grassy Terrain\n|-heal|p2a: Garchomp|34\/100|[from] item: Leftovers\n|upkeep\n|turn|6\n|\n|t:|1700071496\n|switch|p2a: Landorus|Landorus-Therian, M|100\/100\n|-ability|p2a: Landorus|Intimidate|boost\n|-unboost|p1a: Sneasler|atk|1\n|move|p1a: Sneasler|Swords Dance|p1a: Sneasler\n|-boost|p1a: Sneasler|atk|2\n|\n|-fieldend|move: Grassy Terrain\n|upkeep\n|turn|7\n|\n|t:|1700071506\n|move|p1a: Sneasler|Acrobatics|p2a: Landorus\n|-damage|p2a: Landorus|0 fnt\n|faint|p2a: Landorus\n|\n|upkeep\n|\n|t:|1700071513\n|switch|p2a: Kingambit|Kingambit, F|100\/100\n|-activate|p2a: Kingambit|ability: Supreme Overlord\n|-start|p2a: Kingambit|fallen2|[silent]\n|turn|8\n|\n|t:|1700071521\n|move|p1a: Sneasler|Close Combat|p2a: Kingambit\n|-supereffective|p2a: Kingambit\n|-damage|p2a: Kingambit|0 fnt\n|-unboost|p1a: Sneasler|def|1\n|-unboost|p1a: Sneasler|spd|1\n|faint|p2a: Kingambit\n|-end|p2a: Kingambit|fallen2|[silent]\n|\n|upkeep\n|\n|t:|1700071528\n|switch|p2a: Garchomp|Garchomp, M|34\/100\n|turn|9\n|\n|t:|1700071548\n|move|p1a: Sneasler|Acrobatics|p2a: Garchomp\n|-damage|p2a: Garchomp|0 fnt\n|-damage|p1a: Sneasler|24\/100|[from] ability: Rough Skin|[of] p2a: Garchomp\n|faint|p2a: Garchomp\n|\n|upkeep\n|\n|t:|1700071557\n|switch|p2a: Meowscarada|Meowscarada, F|100\/100\n|turn|10\n|\n|t:|1700071562\n|move|p1a: Sneasler|Acrobatics|p2a: Meowscarada\n|-supereffective|p2a: Meowscarada\n|-damage|p2a: Meowscarada|0 fnt\n|faint|p2a: Meowscarada\n|\n|upkeep\n|\n|t:|1700071586\n|switch|p2a: Slowking|Slowking, M|100\/100\n|turn|11\n|\n|t:|1700071589\n|move|p1a: Sneasler|Acrobatics|p2a: Slowking\n|-damage|p2a: Slowking|0 fnt\n|faint|p2a: Slowking\n|\n|win|Ketchup2000\n|raw|Ketchup2000's rating: 1143 &rarr; <strong>1168<\/strong><br \/>(+25 for winning)\n|raw|Boulesinus15's rating: 1148 &rarr; <strong>1123<\/strong><br \/>(-25 for losing)\n","uploadtime":1700071595,"views":9,"p1id":"ketchup2000","p2id":"boulesinus15","formatid":"gen9ou","rating":1123,"private":0,"password":""}