{"id":"gen9ou-1988835939","p1":"Alcoholic Driver","p2":"Sensei Milia","format":"[Gen 9] OU","log":"|j|\u2606Alcoholic Driver\n|j|\u2606Sensei Milia\n|t:|1699770683\n|gametype|singles\n|player|p1|Alcoholic Driver|biker-gen4|1310\n|player|p2|Sensei Milia|swimmerf|1389\n|teamsize|p1|6\n|teamsize|p2|6\n|gen|9\n|tier|[Gen 9] OU\n|rated|\n|rule|Sleep Clause Mod: Limit one foe put to sleep\n|rule|Species Clause: Limit one of each Pok\u00e9mon\n|rule|OHKO Clause: OHKO moves are banned\n|rule|Evasion Items Clause: Evasion items are banned\n|rule|Evasion Moves Clause: Evasion moves are banned\n|rule|Endless Battle Clause: Forcing endless battles is banned\n|rule|HP Percentage Mod: HP is shown in percentages\n|clearpoke\n|poke|p1|Rillaboom, F|\n|poke|p1|Garganacl, F|\n|poke|p1|Great Tusk|\n|poke|p1|Heatran, M|\n|poke|p1|Zapdos|\n|poke|p1|Walking Wake|\n|poke|p2|Heatran, M|\n|poke|p2|Garganacl, M|\n|poke|p2|Ceruledge, F|\n|poke|p2|Gliscor, F|\n|poke|p2|Breloom, M|\n|poke|p2|Clefable, M|\n|teampreview\n|inactive|Battle timer is ON: inactive players will automatically lose when time's up. (requested by Alcoholic Driver)\n|\n|t:|1699770700\n|start\n|switch|p1a: Walking Wake|Walking Wake|100\/100\n|switch|p2a: Heatran|Heatran, M, shiny|100\/100\n|-item|p2a: Heatran|Air Balloon\n|turn|1\n|\n|t:|1699770710\n|move|p1a: Walking Wake|Scald|p2a: Heatran\n|-supereffective|p2a: Heatran\n|-damage|p2a: Heatran|29\/100\n|-enditem|p2a: Heatran|Air Balloon\n|move|p2a: Heatran|Earth Power|p1a: Walking Wake\n|-damage|p1a: Walking Wake|60\/100\n|\n|upkeep\n|turn|2\n|\n|t:|1699770717\n|move|p1a: Walking Wake|Scald|p2a: Heatran\n|-supereffective|p2a: Heatran\n|-damage|p2a: Heatran|0 fnt\n|faint|p2a: Heatran\n|\n|upkeep\n|\n|t:|1699770721\n|switch|p2a: Garganacl|Garganacl, M, shiny|100\/100\n|turn|3\n|\n|t:|1699770727\n|-end|p1a: Walking Wake|Protosynthesis|[silent]\n|switch|p1a: Garganacl|Garganacl, F|100\/100\n|-terastallize|p2a: Garganacl|Water\n|move|p2a: Garganacl|Salt Cure|p1a: Garganacl\n|-damage|p1a: Garganacl|91\/100\n|-start|p1a: Garganacl|Salt Cure\n|\n|-heal|p1a: Garganacl|97\/100|[from] item: Leftovers\n|-damage|p1a: Garganacl|84\/100|[from] Salt Cure\n|upkeep\n|turn|4\n|\n|t:|1699770737\n|switch|p2a: Breloom|Breloom, M|100\/100\n|move|p1a: Garganacl|Salt Cure|p2a: Breloom\n|-resisted|p2a: Breloom\n|-damage|p2a: Breloom|92\/100\n|-start|p2a: Breloom|Salt Cure\n|\n|-heal|p1a: Garganacl|91\/100|[from] item: Leftovers\n|-damage|p2a: Breloom|79\/100|[from] Salt Cure\n|-damage|p1a: Garganacl|78\/100|[from] Salt Cure\n|-status|p2a: Breloom|tox|[from] item: Toxic Orb\n|upkeep\n|turn|5\n|\n|t:|1699770747\n|switch|p1a: Zapdos|Zapdos|100\/100\n|move|p2a: Breloom|Drain Punch|p1a: Zapdos\n|-resisted|p1a: Zapdos\n|-damage|p1a: Zapdos|87\/100\n|-heal|p2a: Breloom|87\/100 tox|[from] drain|[of] p1a: Zapdos\n|\n|-heal|p2a: Breloom|99\/100 tox|[from] ability: Poison Heal\n|-damage|p2a: Breloom|87\/100 tox|[from] Salt Cure\n|upkeep\n|turn|6\n|\n|t:|1699770767\n|switch|p2a: Ceruledge|Ceruledge, F|100\/100\n|move|p1a: Zapdos|Hurricane|p2a: Ceruledge|[miss]\n|-miss|p1a: Zapdos|p2a: Ceruledge\n|\n|upkeep\n|turn|7\n|\n|t:|1699770779\n|move|p1a: Zapdos|Volt Switch|p2a: Ceruledge\n|-crit|p2a: Ceruledge\n|-damage|p2a: Ceruledge|64\/100\n|\n|t:|1699770785\n|switch|p1a: Great Tusk|Great Tusk|100\/100|[from] Volt Switch\n|move|p2a: Ceruledge|Swords Dance|p2a: Ceruledge\n|-boost|p2a: Ceruledge|atk|2\n|\n|upkeep\n|turn|8\n|\n|t:|1699770792\n|move|p1a: Great Tusk|Headlong Rush|p2a: Ceruledge\n|-supereffective|p2a: Ceruledge\n|-crit|p2a: Ceruledge\n|-damage|p2a: Ceruledge|0 fnt\n|-unboost|p1a: Great Tusk|def|1\n|-unboost|p1a: Great Tusk|spd|1\n|faint|p2a: Ceruledge\n|\n|upkeep\n|\n|t:|1699770799\n|switch|p2a: Breloom|Breloom, M|87\/100 tox\n|turn|9\n|\n|t:|1699770804\n|-end|p1a: Great Tusk|Protosynthesis|[silent]\n|switch|p1a: Zapdos|Zapdos|87\/100\n|move|p2a: Breloom|Bulk Up|p2a: Breloom\n|-boost|p2a: Breloom|atk|1\n|-boost|p2a: Breloom|def|1\n|\n|-heal|p2a: Breloom|99\/100 tox|[from] ability: Poison Heal\n|upkeep\n|turn|10\n|\n|t:|1699770808\n|move|p1a: Zapdos|Hurricane|p2a: Breloom\n|-supereffective|p2a: Breloom\n|-damage|p2a: Breloom|0 fnt\n|faint|p2a: Breloom\n|\n|upkeep\n|\n|t:|1699770814\n|switch|p2a: Gliscor|Gliscor, F|100\/100\n|turn|11\n|\n|t:|1699770822\n|move|p1a: Zapdos|Hurricane|p2a: Gliscor|[miss]\n|-miss|p1a: Zapdos|p2a: Gliscor\n|move|p2a: Gliscor|Toxic|p1a: Zapdos\n|-status|p1a: Zapdos|tox\n|\n|-damage|p1a: Zapdos|81\/100 tox|[from] psn\n|-status|p2a: Gliscor|tox|[from] item: Toxic Orb\n|upkeep\n|turn|12\n|\n|t:|1699770825\n|move|p2a: Gliscor|Protect|p2a: Gliscor\n|-singleturn|p2a: Gliscor|Protect\n|move|p1a: Zapdos|Hurricane|p2a: Gliscor\n|-activate|p2a: Gliscor|move: Protect\n|\n|-damage|p1a: Zapdos|68\/100 tox|[from] psn\n|upkeep\n|turn|13\n|\n|t:|1699770833\n|switch|p1a: Walking Wake|Walking Wake|60\/100\n|move|p2a: Gliscor|Knock Off|p1a: Walking Wake\n|-damage|p1a: Walking Wake|37\/100\n|-enditem|p1a: Walking Wake|Heavy-Duty Boots|[from] move: Knock Off|[of] p2a: Gliscor\n|\n|upkeep\n|turn|14\n|\n|t:|1699770839\n|move|p2a: Gliscor|Protect|p2a: Gliscor\n|-singleturn|p2a: Gliscor|Protect\n|move|p1a: Walking Wake|Scald|p2a: Gliscor\n|-activate|p2a: Gliscor|move: Protect\n|\n|upkeep\n|turn|15\n|\n|t:|1699770846\n|move|p1a: Walking Wake|Scald|p2a: Gliscor\n|-supereffective|p2a: Gliscor\n|-damage|p2a: Gliscor|7\/100 tox\n|move|p2a: Gliscor|Knock Off|p1a: Walking Wake\n|-damage|p1a: Walking Wake|21\/100\n|\n|-heal|p2a: Gliscor|19\/100 tox|[from] ability: Poison Heal\n|upkeep\n|turn|16\n|\n|t:|1699770855\n|move|p2a: Gliscor|Protect|p2a: Gliscor\n|-singleturn|p2a: Gliscor|Protect\n|move|p1a: Walking Wake|Knock Off|p2a: Gliscor\n|-activate|p2a: Gliscor|move: Protect\n|\n|-heal|p2a: Gliscor|32\/100 tox|[from] ability: Poison Heal\n|upkeep\n|turn|17\n|\n|t:|1699770863\n|move|p1a: Walking Wake|Scald|p2a: Gliscor\n|-supereffective|p2a: Gliscor\n|-damage|p2a: Gliscor|0 fnt\n|faint|p2a: Gliscor\n|\n|upkeep\n|\n|t:|1699770871\n|switch|p2a: Clefable|Clefable, M|100\/100\n|turn|18\n|\n|t:|1699770877\n|-end|p1a: Walking Wake|Protosynthesis|[silent]\n|switch|p1a: Garganacl|Garganacl, F|78\/100\n|move|p2a: Clefable|Cosmic Power|p2a: Clefable\n|-boost|p2a: Clefable|def|1\n|-boost|p2a: Clefable|spd|1\n|\n|-heal|p1a: Garganacl|84\/100|[from] item: Leftovers\n|upkeep\n|turn|19\n|\n|t:|1699770886\n|move|p2a: Clefable|Cosmic Power|p2a: Clefable\n|-boost|p2a: Clefable|def|1\n|-boost|p2a: Clefable|spd|1\n|move|p1a: Garganacl|Salt Cure|p2a: Clefable\n|-damage|p2a: Clefable|93\/100\n|-start|p2a: Clefable|Salt Cure\n|\n|-heal|p2a: Clefable|99\/100|[from] item: Leftovers\n|-heal|p1a: Garganacl|91\/100|[from] item: Leftovers\n|upkeep\n|turn|20\n|\n|t:|1699770898\n|switch|p1a: Heatran|Heatran, M|100\/100\n|move|p2a: Clefable|Cosmic Power|p2a: Clefable\n|-boost|p2a: Clefable|def|1\n|-boost|p2a: Clefable|spd|1\n|\n|-heal|p2a: Clefable|100\/100|[from] item: Leftovers\n|upkeep\n|turn|21\n|\n|t:|1699770903\n|move|p1a: Heatran|Taunt|p2a: Clefable\n|-start|p2a: Clefable|move: Taunt\n|cant|p2a: Clefable|move: Taunt|Calm Mind\n|\n|upkeep\n|turn|22\n|\n|t:|1699770909\n|move|p1a: Heatran|Magma Storm|p2a: Clefable\n|-damage|p2a: Clefable|85\/100\n|-activate|p2a: Clefable|move: Magma Storm|[of] p1a: Heatran\n|move|p2a: Clefable|Stored Power|p1a: Heatran\n|-resisted|p1a: Heatran\n|-damage|p1a: Heatran|89\/100\n|\n|-heal|p1a: Heatran|95\/100|[from] item: Leftovers\n|-heal|p2a: Clefable|91\/100|[from] item: Leftovers\n|upkeep\n|turn|23\n|\n|t:|1699770927\n|move|p1a: Heatran|Earth Power|p2a: Clefable\n|-damage|p2a: Clefable|83\/100\n|move|p2a: Clefable|Draining Kiss|p1a: Heatran\n|-resisted|p1a: Heatran\n|-damage|p1a: Heatran|92\/100\n|-heal|p2a: Clefable|85\/100|[from] drain|[of] p1a: Heatran\n|\n|-heal|p1a: Heatran|99\/100|[from] item: Leftovers\n|-heal|p2a: Clefable|91\/100|[from] item: Leftovers\n|-end|p2a: Clefable|move: Taunt\n|upkeep\n|turn|24\n|\n|t:|1699770934\n|move|p1a: Heatran|Earth Power|p2a: Clefable\n|-damage|p2a: Clefable|83\/100\n|move|p2a: Clefable|Calm Mind|p2a: Clefable\n|-boost|p2a: Clefable|spa|1\n|-boost|p2a: Clefable|spd|1\n|\n|-heal|p1a: Heatran|100\/100|[from] item: Leftovers\n|-heal|p2a: Clefable|89\/100|[from] item: Leftovers\n|upkeep\n|turn|25\n|\n|t:|1699770940\n|move|p1a: Heatran|Taunt|p2a: Clefable\n|-start|p2a: Clefable|move: Taunt\n|cant|p2a: Clefable|move: Taunt|Calm Mind\n|\n|-heal|p2a: Clefable|95\/100|[from] item: Leftovers\n|upkeep\n|turn|26\n|\n|t:|1699770948\n|move|p1a: Heatran|Earth Power|p2a: Clefable\n|-damage|p2a: Clefable|87\/100\n|move|p2a: Clefable|Draining Kiss|p1a: Heatran\n|-resisted|p1a: Heatran\n|-damage|p1a: Heatran|97\/100\n|-heal|p2a: Clefable|90\/100|[from] drain|[of] p1a: Heatran\n|\n|-heal|p1a: Heatran|100\/100|[from] item: Leftovers\n|-heal|p2a: Clefable|96\/100|[from] item: Leftovers\n|upkeep\n|turn|27\n|\n|t:|1699770953\n|move|p1a: Heatran|Earth Power|p2a: Clefable\n|-damage|p2a: Clefable|88\/100\n|move|p2a: Clefable|Stored Power|p1a: Heatran\n|-resisted|p1a: Heatran\n|-damage|p1a: Heatran|78\/100\n|\n|-heal|p1a: Heatran|84\/100|[from] item: Leftovers\n|-heal|p2a: Clefable|94\/100|[from] item: Leftovers\n|-end|p2a: Clefable|Magma Storm|[partiallytrapped]\n|-end|p2a: Clefable|move: Taunt\n|upkeep\n|turn|28\n|\n|t:|1699770957\n|move|p1a: Heatran|Taunt|p2a: Clefable\n|-start|p2a: Clefable|move: Taunt\n|move|p2a: Clefable|Stored Power|p1a: Heatran\n|-resisted|p1a: Heatran\n|-damage|p1a: Heatran|65\/100\n|\n|-heal|p1a: Heatran|71\/100|[from] item: Leftovers\n|-heal|p2a: Clefable|99\/100|[from] item: Leftovers\n|upkeep\n|turn|29\n|\n|t:|1699770967\n|move|p1a: Heatran|Earth Power|p2a: Clefable\n|-damage|p2a: Clefable|93\/100\n|move|p2a: Clefable|Stored Power|p1a: Heatran\n|-resisted|p1a: Heatran\n|-damage|p1a: Heatran|49\/100\n|\n|-heal|p1a: Heatran|56\/100|[from] item: Leftovers\n|-heal|p2a: Clefable|99\/100|[from] item: Leftovers\n|upkeep\n|turn|30\n|\n|t:|1699770974\n|move|p1a: Heatran|Stealth Rock|p2a: Clefable\n|-sidestart|p2: Sensei Milia|move: Stealth Rock\n|move|p2a: Clefable|Stored Power|p1a: Heatran\n|-resisted|p1a: Heatran\n|-damage|p1a: Heatran|33\/100\n|\n|-heal|p1a: Heatran|40\/100|[from] item: Leftovers\n|-heal|p2a: Clefable|100\/100|[from] item: Leftovers\n|-end|p2a: Clefable|move: Taunt\n|upkeep\n|turn|31\n|\n|t:|1699770984\n|move|p1a: Heatran|Earth Power|p2a: Clefable\n|-damage|p2a: Clefable|94\/100\n|move|p2a: Clefable|Calm Mind|p2a: Clefable\n|-boost|p2a: Clefable|spa|1\n|-boost|p2a: Clefable|spd|1\n|\n|-heal|p1a: Heatran|46\/100|[from] item: Leftovers\n|-heal|p2a: Clefable|99\/100|[from] item: Leftovers\n|upkeep\n|turn|32\n|\n|t:|1699770988\n|move|p1a: Heatran|Taunt|p2a: Clefable\n|-start|p2a: Clefable|move: Taunt\n|move|p2a: Clefable|Stored Power|p1a: Heatran\n|-resisted|p1a: Heatran\n|-damage|p1a: Heatran|10\/100\n|\n|-heal|p1a: Heatran|17\/100|[from] item: Leftovers\n|-heal|p2a: Clefable|100\/100|[from] item: Leftovers\n|upkeep\n|turn|33\n|-message|Alcoholic Driver forfeited.\n|\n|win|Sensei Milia\n|raw|Alcoholic Driver's rating: 1310 &rarr; <strong>1294<\/strong><br \/>(-16 for losing)\n|raw|Sensei Milia's rating: 1389 &rarr; <strong>1405<\/strong><br \/>(+16 for winning)\n|l|\u2606Alcoholic Driver\n","uploadtime":1699771014,"views":21,"p1id":"alcoholicdriver","p2id":"senseimilia","formatid":"gen9ou","rating":1294,"private":0,"password":""}