{"id":"gen9ou-1996761861","p1":"Choiceisurs","p2":"punkmag","format":"[Gen 9] OU","log":"|j|\u2606Choiceisurs\n|j|\u2606punkmag\n|t:|1700720875\n|gametype|singles\n|player|p1|Choiceisurs|101|1184\n|player|p2|punkmag|waitress-gen4|1282\n|teamsize|p1|6\n|teamsize|p2|6\n|gen|9\n|tier|[Gen 9] OU\n|rated|\n|rule|Sleep Clause Mod: Limit one foe put to sleep\n|rule|Species Clause: Limit one of each Pok\u00e9mon\n|rule|OHKO Clause: OHKO moves are banned\n|rule|Evasion Items Clause: Evasion items are banned\n|rule|Evasion Moves Clause: Evasion moves are banned\n|rule|Endless Battle Clause: Forcing endless battles is banned\n|rule|HP Percentage Mod: HP is shown in percentages\n|clearpoke\n|poke|p1|Ribombee, M|\n|poke|p1|Dragapult, F|\n|poke|p1|Hawlucha, M|\n|poke|p1|Manaphy|\n|poke|p1|Arcanine-Hisui, M|\n|poke|p1|Rillaboom, F|\n|poke|p2|Iron Valiant|\n|poke|p2|Dragonite, M|\n|poke|p2|Arcanine-Hisui, F|\n|poke|p2|Zapdos|\n|poke|p2|Great Tusk|\n|poke|p2|Slowking-Galar, F|\n|teampreview\n|inactive|Battle timer is ON: inactive players will automatically lose when time's up. (requested by punkmag)\n|\n|t:|1700720903\n|start\n|switch|p1a: Ribombee|Ribombee, M|100\/100\n|switch|p2a: Slowking|Slowking-Galar, F|100\/100\n|turn|1\n|\n|t:|1700720917\n|-terastallize|p1a: Ribombee|Steel\n|move|p1a: Ribombee|Quiver Dance|p1a: Ribombee\n|-boost|p1a: Ribombee|spa|1\n|-boost|p1a: Ribombee|spd|1\n|-boost|p1a: Ribombee|spe|1\n|move|p2a: Slowking|Sludge Bomb|p1a: Ribombee\n|-immune|p1a: Ribombee\n|\n|upkeep\n|turn|2\n|\n|t:|1700720942\n|switch|p2a: Zapdos|Zapdos|100\/100\n|move|p1a: Ribombee|Quiver Dance|p1a: Ribombee\n|-boost|p1a: Ribombee|spa|1\n|-boost|p1a: Ribombee|spd|1\n|-boost|p1a: Ribombee|spe|1\n|\n|upkeep\n|turn|3\n|\n|t:|1700720952\n|move|p1a: Ribombee|Quiver Dance|p1a: Ribombee\n|-boost|p1a: Ribombee|spa|1\n|-boost|p1a: Ribombee|spd|1\n|-boost|p1a: Ribombee|spe|1\n|move|p2a: Zapdos|Volt Switch|p1a: Ribombee\n|-damage|p1a: Ribombee|75\/100\n|\n|t:|1700720958\n|switch|p2a: Arcanine|Arcanine-Hisui, F|100\/100|[from] Volt Switch\n|\n|upkeep\n|turn|4\n|inactive|punkmag has 120 seconds left.\n|\n|t:|1700720991\n|-terastallize|p2a: Arcanine|Dark\n|move|p1a: Ribombee|Stored Power|p2a: Arcanine\n|-immune|p2a: Arcanine\n|move|p2a: Arcanine|Flare Blitz|p1a: Ribombee\n|-supereffective|p1a: Ribombee\n|-damage|p1a: Ribombee|0 fnt\n|faint|p1a: Ribombee\n|\n|upkeep\n|\n|t:|1700721005\n|switch|p1a: Hawlucha|Hawlucha, M|100\/100\n|turn|5\n|\n|t:|1700721011\n|switch|p2a: Zapdos|Zapdos|100\/100\n|move|p1a: Hawlucha|Close Combat|p2a: Zapdos\n|-resisted|p2a: Zapdos\n|-damage|p2a: Zapdos|75\/100\n|-unboost|p1a: Hawlucha|def|1\n|-unboost|p1a: Hawlucha|spd|1\n|-enditem|p1a: Hawlucha|White Herb\n|-clearnegativeboost|p1a: Hawlucha|[silent]\n|\n|-heal|p2a: Zapdos|81\/100|[from] item: Leftovers\n|upkeep\n|turn|6\n|\n|t:|1700721023\n|switch|p1a: Rillaboom|Rillaboom, F|100\/100\n|-fieldstart|move: Grassy Terrain|[from] ability: Grassy Surge|[of] p1a: Rillaboom\n|move|p2a: Zapdos|Volt Switch|p1a: Rillaboom\n|-resisted|p1a: Rillaboom\n|-damage|p1a: Rillaboom|74\/100\n|\n|t:|1700721033\n|switch|p2a: Great Tusk|Great Tusk|100\/100|[from] Volt Switch\n|\n|-heal|p1a: Rillaboom|80\/100|[from] Grassy Terrain\n|upkeep\n|turn|7\n|\n|t:|1700721039\n|move|p1a: Rillaboom|Grassy Glide|p2a: Great Tusk\n|-supereffective|p2a: Great Tusk\n|-damage|p2a: Great Tusk|26\/100\n|-damage|p1a: Rillaboom|70\/100|[from] item: Life Orb\n|move|p2a: Great Tusk|Rapid Spin|p1a: Rillaboom\n|-damage|p1a: Rillaboom|50\/100\n|-boost|p2a: Great Tusk|spe|1\n|\n|-heal|p2a: Great Tusk|32\/100|[from] Grassy Terrain\n|-heal|p2a: Great Tusk|39\/100|[from] item: Leftovers\n|-heal|p1a: Rillaboom|56\/100|[from] Grassy Terrain\n|upkeep\n|turn|8\n|inactive|punkmag has 120 seconds left.\n|\n|t:|1700721060\n|move|p2a: Great Tusk|Ice Spinner|p1a: Rillaboom\n|-supereffective|p1a: Rillaboom\n|-damage|p1a: Rillaboom|0 fnt\n|-fieldend|move: Grassy Terrain\n|faint|p1a: Rillaboom\n|\n|-heal|p2a: Great Tusk|45\/100|[from] item: Leftovers\n|upkeep\n|-message|Choiceisurs forfeited.\n|\n|win|punkmag\n|raw|Choiceisurs's rating: 1184 &rarr; <strong>1166<\/strong><br \/>(-18 for losing)\n|raw|punkmag's rating: 1282 &rarr; <strong>1300<\/strong><br \/>(+18 for winning)\n|l|\u2606Choiceisurs\n","uploadtime":1700721076,"views":9,"p1id":"choiceisurs","p2id":"punkmag","formatid":"gen9ou","rating":1166,"private":0,"password":""}