{"id":"gen9ou-1989535802","p1":"Nutralstar","p2":"Crimsonmage200","format":"[Gen 9] OU","log":"|j|\u2606Nutralstar\n|j|\u2606Crimsonmage200\n|t:|1699867422\n|gametype|singles\n|player|p1|Nutralstar|palmer|1176\n|player|p2|Crimsonmage200|caitlin-masters|1080\n|teamsize|p1|6\n|teamsize|p2|6\n|gen|9\n|tier|[Gen 9] OU\n|rated|\n|rule|Sleep Clause Mod: Limit one foe put to sleep\n|rule|Species Clause: Limit one of each Pok\u00e9mon\n|rule|OHKO Clause: OHKO moves are banned\n|rule|Evasion Items Clause: Evasion items are banned\n|rule|Evasion Moves Clause: Evasion moves are banned\n|rule|Endless Battle Clause: Forcing endless battles is banned\n|rule|HP Percentage Mod: HP is shown in percentages\n|clearpoke\n|poke|p1|Gyarados, F|\n|poke|p1|Thundurus-Therian, M|\n|poke|p1|Forretress, F|\n|poke|p1|Skeledirge, F|\n|poke|p1|Toxapex, M|\n|poke|p1|Great Tusk|\n|poke|p2|Blissey, F|\n|poke|p2|Garganacl, M|\n|poke|p2|Dondozo, F|\n|poke|p2|Talonflame, M|\n|poke|p2|Alomomola, F|\n|poke|p2|Dragonite, F|\n|teampreview\n|\n|t:|1699867456\n|start\n|switch|p1a: Toxapex|Toxapex, M|100\/100\n|switch|p2a: Blissey|Blissey, F|100\/100\n|turn|1\n|\n|t:|1699867464\n|move|p2a: Blissey|Stealth Rock|p1a: Toxapex\n|-sidestart|p1: Nutralstar|move: Stealth Rock\n|move|p1a: Toxapex|Infestation|p2a: Blissey\n|-damage|p2a: Blissey|99\/100\n|-activate|p2a: Blissey|move: Infestation|[of] p1a: Toxapex\n|\n|-heal|p2a: Blissey|100\/100|[from] item: Leftovers\n|-damage|p2a: Blissey|88\/100|[from] move: Infestation|[partiallytrapped]\n|upkeep\n|turn|2\n|\n|t:|1699867472\n|move|p2a: Blissey|Seismic Toss|p1a: Toxapex\n|-damage|p1a: Toxapex|61\/100\n|move|p1a: Toxapex|Toxic|p2a: Blissey\n|-status|p2a: Blissey|tox\n|\n|-heal|p2a: Blissey|94\/100 tox|[from] item: Leftovers\n|-heal|p1a: Toxapex|68\/100|[from] item: Black Sludge\n|-damage|p2a: Blissey|88\/100 tox|[from] psn\n|-damage|p2a: Blissey|76\/100 tox|[from] move: Infestation|[partiallytrapped]\n|upkeep\n|turn|3\n|\n|t:|1699867483\n|move|p1a: Toxapex|Baneful Bunker|p1a: Toxapex\n|-singleturn|p1a: Toxapex|move: Protect\n|move|p2a: Blissey|Seismic Toss|p1a: Toxapex\n|-activate|p1a: Toxapex|move: Protect\n|\n|-heal|p2a: Blissey|82\/100 tox|[from] item: Leftovers\n|-heal|p1a: Toxapex|74\/100|[from] item: Black Sludge\n|-damage|p2a: Blissey|69\/100 tox|[from] psn\n|-damage|p2a: Blissey|57\/100 tox|[from] move: Infestation|[partiallytrapped]\n|upkeep\n|turn|4\n|\n|t:|1699867494\n|move|p2a: Blissey|Seismic Toss|p1a: Toxapex\n|-damage|p1a: Toxapex|35\/100\n|move|p1a: Toxapex|Recover|p1a: Toxapex\n|-heal|p1a: Toxapex|85\/100\n|\n|-heal|p2a: Blissey|63\/100 tox|[from] item: Leftovers\n|-heal|p1a: Toxapex|91\/100|[from] item: Black Sludge\n|-damage|p2a: Blissey|45\/100 tox|[from] psn\n|-damage|p2a: Blissey|32\/100 tox|[from] move: Infestation|[partiallytrapped]\n|upkeep\n|turn|5\n|\n|t:|1699867507\n|move|p1a: Toxapex|Baneful Bunker|p1a: Toxapex\n|-singleturn|p1a: Toxapex|move: Protect\n|move|p2a: Blissey|Soft-Boiled|p2a: Blissey\n|-heal|p2a: Blissey|82\/100 tox\n|\n|-heal|p2a: Blissey|88\/100 tox|[from] item: Leftovers\n|-heal|p1a: Toxapex|97\/100|[from] item: Black Sludge\n|-damage|p2a: Blissey|64\/100 tox|[from] psn\n|-damage|p2a: Blissey|51\/100 tox|[from] move: Infestation|[partiallytrapped]\n|upkeep\n|turn|6\n|\n|t:|1699867519\n|move|p1a: Toxapex|Baneful Bunker|p1a: Toxapex\n|-singleturn|p1a: Toxapex|move: Protect\n|move|p2a: Blissey|Soft-Boiled|p2a: Blissey\n|-heal|p2a: Blissey|100\/100 tox\n|\n|-heal|p1a: Toxapex|100\/100|[from] item: Black Sludge\n|-damage|p2a: Blissey|70\/100 tox|[from] psn\n|-end|p2a: Blissey|Infestation|[partiallytrapped]\n|upkeep\n|turn|7\n|\n|t:|1699867545\n|-curestatus|p2a: Blissey|tox|[from] ability: Natural Cure\n|switch|p2a: Goat|Garganacl, M|100\/100\n|switch|p1a: Great Tusk|Great Tusk|100\/100\n|-damage|p1a: Great Tusk|98\/100|[from] Stealth Rock\n|\n|upkeep\n|turn|8\n|\n|t:|1699867554\n|-terastallize|p2a: Goat|Ghost\n|move|p1a: Great Tusk|Rapid Spin|p2a: Goat\n|-immune|p2a: Goat\n|move|p2a: Goat|Salt Cure|p1a: Great Tusk\n|-resisted|p1a: Great Tusk\n|-damage|p1a: Great Tusk|95\/100\n|-start|p1a: Great Tusk|Salt Cure\n|\n|-damage|p1a: Great Tusk|83\/100|[from] Salt Cure\n|upkeep\n|turn|9\n|\n|t:|1699867584\n|move|p1a: Great Tusk|Headlong Rush|p2a: Goat\n|-damage|p2a: Goat|67\/100\n|-unboost|p1a: Great Tusk|def|1\n|-unboost|p1a: Great Tusk|spd|1\n|move|p2a: Goat|Body Press|p1a: Great Tusk\n|-damage|p1a: Great Tusk|49\/100\n|\n|-heal|p2a: Goat|73\/100|[from] item: Leftovers\n|-damage|p1a: Great Tusk|36\/100|[from] Salt Cure\n|upkeep\n|turn|10\n|\n|t:|1699867596\n|-end|p1a: Great Tusk|Protosynthesis|[silent]\n|switch|p1a: Skeledirge|Skeledirge, F|100\/100\n|-damage|p1a: Skeledirge|75\/100|[from] Stealth Rock\n|move|p2a: Goat|Protect||[still]\n|-fail|p2a: Goat\n|\n|-heal|p1a: Skeledirge|82\/100|[from] item: Leftovers\n|-heal|p2a: Goat|79\/100|[from] item: Leftovers\n|upkeep\n|turn|11\n|\n|t:|1699867620\n|switch|p2a: Dondozo|Dondozo, F|100\/100\n|-terastallize|p1a: Skeledirge|Fairy\n|move|p1a: Skeledirge|Shadow Ball|p2a: Dondozo\n|-damage|p2a: Dondozo|77\/100\n|\n|-heal|p1a: Skeledirge|88\/100|[from] item: Leftovers\n|upkeep\n|turn|12\n|\n|t:|1699867630\n|switch|p1a: Gyarados|Gyarados, F, shiny|100\/100\n|-damage|p1a: Gyarados|76\/100|[from] Stealth Rock\n|-ability|p1a: Gyarados|Intimidate|boost\n|-unboost|p2a: Dondozo|atk|1\n|move|p2a: Dondozo|Liquidation|p1a: Gyarados\n|-resisted|p1a: Gyarados\n|-damage|p1a: Gyarados|64\/100\n|\n|-heal|p1a: Gyarados|70\/100|[from] item: Leftovers\n|upkeep\n|turn|13\n|l|\u2606Crimsonmage200\n|player|p2|\n|j|\u2606Crimsonmage200\n|player|p2|Crimsonmage200|caitlin-masters\n|\n|t:|1699867678\n|switch|p1a: Toxapex|Toxapex, M|100\/100\n|-damage|p1a: Toxapex|88\/100|[from] Stealth Rock\n|move|p2a: Dondozo|Avalanche|p1a: Toxapex\n|-resisted|p1a: Toxapex\n|-damage|p1a: Toxapex|83\/100\n|\n|-heal|p1a: Toxapex|90\/100|[from] item: Black Sludge\n|upkeep\n|turn|14\n|\n|t:|1699867688\n|switch|p2a: Goat|Garganacl, M, tera:Ghost|79\/100\n|move|p1a: Toxapex|Infestation|p2a: Goat\n|-resisted|p2a: Goat\n|-damage|p2a: Goat|78\/100\n|-activate|p2a: Goat|move: Infestation|[of] p1a: Toxapex\n|\n|-heal|p2a: Goat|84\/100|[from] item: Leftovers\n|-heal|p1a: Toxapex|96\/100|[from] item: Black Sludge\n|-damage|p2a: Goat|72\/100|[from] move: Infestation|[partiallytrapped]\n|upkeep\n|turn|15\n|\n|t:|1699867698\n|move|p1a: Toxapex|Baneful Bunker|p1a: Toxapex\n|-singleturn|p1a: Toxapex|move: Protect\n|move|p2a: Goat|Salt Cure|p1a: Toxapex\n|-activate|p1a: Toxapex|move: Protect\n|\n|-heal|p2a: Goat|78\/100|[from] item: Leftovers\n|-heal|p1a: Toxapex|100\/100|[from] item: Black Sludge\n|-damage|p2a: Goat|66\/100|[from] move: Infestation|[partiallytrapped]\n|upkeep\n|turn|16\n|\n|t:|1699867708\n|move|p1a: Toxapex|Toxic|p2a: Goat\n|-immune|p2a: Goat|[from] ability: Purifying Salt\n|move|p2a: Goat|Salt Cure|p1a: Toxapex\n|-damage|p1a: Toxapex|90\/100\n|-start|p1a: Toxapex|Salt Cure\n|\n|-heal|p1a: Toxapex|96\/100|[from] item: Black Sludge\n|-heal|p2a: Goat|72\/100|[from] item: Leftovers\n|-damage|p1a: Toxapex|71\/100|[from] Salt Cure\n|-damage|p2a: Goat|59\/100|[from] move: Infestation|[partiallytrapped]\n|upkeep\n|turn|17\n|\n|t:|1699867723\n|switch|p1a: Skeledirge|Skeledirge, F, tera:Fairy|88\/100\n|-damage|p1a: Skeledirge|75\/100|[from] Stealth Rock\n|move|p2a: Goat|Recover|p2a: Goat\n|-heal|p2a: Goat|100\/100\n|\n|-heal|p1a: Skeledirge|81\/100|[from] item: Leftovers\n|-end|p2a: Goat|Infestation|[partiallytrapped]|[silent]\n|upkeep\n|turn|18\n|\n|t:|1699867733\n|move|p1a: Skeledirge|Torch Song|p2a: Goat\n|-damage|p2a: Goat|68\/100\n|-boost|p1a: Skeledirge|spa|1\n|move|p2a: Goat|Salt Cure|p1a: Skeledirge\n|-damage|p1a: Skeledirge|71\/100\n|-start|p1a: Skeledirge|Salt Cure\n|\n|-heal|p1a: Skeledirge|77\/100|[from] item: Leftovers\n|-heal|p2a: Goat|74\/100|[from] item: Leftovers\n|-damage|p1a: Skeledirge|65\/100|[from] Salt Cure\n|upkeep\n|turn|19\n|\n|t:|1699867744\n|move|p2a: Goat|Protect|p2a: Goat\n|-singleturn|p2a: Goat|Protect\n|move|p1a: Skeledirge|Shadow Ball|p2a: Goat\n|-activate|p2a: Goat|move: Protect\n|\n|-heal|p1a: Skeledirge|71\/100|[from] item: Leftovers\n|-heal|p2a: Goat|80\/100|[from] item: Leftovers\n|-damage|p1a: Skeledirge|58\/100|[from] Salt Cure\n|upkeep\n|turn|20\n|\n|t:|1699867755\n|switch|p2a: Dondozo|Dondozo, F|77\/100\n|move|p1a: Skeledirge|Shadow Ball|p2a: Dondozo\n|-damage|p2a: Dondozo|53\/100\n|\n|-heal|p1a: Skeledirge|64\/100|[from] item: Leftovers\n|-damage|p1a: Skeledirge|52\/100|[from] Salt Cure\n|upkeep\n|turn|21\n|\n|t:|1699867766\n|switch|p1a: Toxapex|Toxapex, M|100\/100\n|-damage|p1a: Toxapex|88\/100|[from] Stealth Rock\n|move|p2a: Dondozo|Liquidation|p1a: Toxapex\n|-resisted|p1a: Toxapex\n|-damage|p1a: Toxapex|72\/100\n|\n|-heal|p1a: Toxapex|78\/100|[from] item: Black Sludge\n|upkeep\n|turn|22\n|\n|t:|1699867777\n|switch|p2a: Goat|Garganacl, M, tera:Ghost|80\/100\n|move|p1a: Toxapex|Baneful Bunker||[still]\n|-fail|p1a: Toxapex\n|\n|-heal|p1a: Toxapex|84\/100|[from] item: Black Sludge\n|-heal|p2a: Goat|86\/100|[from] item: Leftovers\n|upkeep\n|turn|23\n|\n|t:|1699867795\n|move|p2a: Goat|Salt Cure|p1a: Toxapex\n|-damage|p1a: Toxapex|72\/100\n|-start|p1a: Toxapex|Salt Cure\n|move|p1a: Toxapex|Infestation|p2a: Goat\n|-resisted|p2a: Goat\n|-damage|p2a: Goat|85\/100\n|-activate|p2a: Goat|move: Infestation|[of] p1a: Toxapex\n|\n|-heal|p2a: Goat|91\/100|[from] item: Leftovers\n|-heal|p1a: Toxapex|78\/100|[from] item: Black Sludge\n|-damage|p2a: Goat|79\/100|[from] move: Infestation|[partiallytrapped]\n|-damage|p1a: Toxapex|53\/100|[from] Salt Cure\n|upkeep\n|turn|24\n|\n|t:|1699867806\n|switch|p1a: Skeledirge|Skeledirge, F, tera:Fairy|52\/100\n|-damage|p1a: Skeledirge|40\/100|[from] Stealth Rock\n|move|p2a: Goat|Body Press|p1a: Skeledirge\n|-resisted|p1a: Skeledirge\n|-damage|p1a: Skeledirge|26\/100\n|\n|-heal|p1a: Skeledirge|32\/100|[from] item: Leftovers\n|-heal|p2a: Goat|85\/100|[from] item: Leftovers\n|-end|p2a: Goat|Infestation|[partiallytrapped]|[silent]\n|upkeep\n|turn|25\n|\n|t:|1699867825\n|switch|p2a: Dragonite|Dragonite, F|100\/100\n|move|p1a: Skeledirge|Slack Off|p1a: Skeledirge\n|-heal|p1a: Skeledirge|82\/100\n|\n|-heal|p1a: Skeledirge|88\/100|[from] item: Leftovers\n|upkeep\n|turn|26\n|\n|t:|1699867842\n|switch|p1a: Gyarados|Gyarados, F, shiny|70\/100\n|-damage|p1a: Gyarados|45\/100|[from] Stealth Rock\n|-ability|p1a: Gyarados|Intimidate|boost\n|-unboost|p2a: Dragonite|atk|1\n|move|p2a: Dragonite|Extreme Speed|p1a: Gyarados\n|-damage|p1a: Gyarados|15\/100\n|\n|-heal|p1a: Gyarados|22\/100|[from] item: Leftovers\n|upkeep\n|turn|27\n|\n|t:|1699867857\n|switch|p1a: Toxapex|Toxapex, M|86\/100\n|-damage|p1a: Toxapex|74\/100|[from] Stealth Rock\n|move|p2a: Dragonite|Extreme Speed|p1a: Toxapex\n|-damage|p1a: Toxapex|48\/100\n|\n|-heal|p1a: Toxapex|54\/100|[from] item: Black Sludge\n|upkeep\n|turn|28\n|\n|t:|1699867870\n|switch|p2a: Goat|Garganacl, M, tera:Ghost|85\/100\n|move|p1a: Toxapex|Baneful Bunker||[still]\n|-fail|p1a: Toxapex\n|\n|-heal|p1a: Toxapex|61\/100|[from] item: Black Sludge\n|-heal|p2a: Goat|91\/100|[from] item: Leftovers\n|upkeep\n|turn|29\n|\n|t:|1699867883\n|switch|p1a: Skeledirge|Skeledirge, F, tera:Fairy|88\/100\n|-damage|p1a: Skeledirge|76\/100|[from] Stealth Rock\n|move|p2a: Goat|Salt Cure|p1a: Skeledirge\n|-damage|p1a: Skeledirge|65\/100\n|-start|p1a: Skeledirge|Salt Cure\n|\n|-heal|p1a: Skeledirge|71\/100|[from] item: Leftovers\n|-heal|p2a: Goat|97\/100|[from] item: Leftovers\n|-damage|p1a: Skeledirge|58\/100|[from] Salt Cure\n|upkeep\n|turn|30\n|\n|t:|1699867897\n|move|p2a: Goat|Protect|p2a: Goat\n|-singleturn|p2a: Goat|Protect\n|move|p1a: Skeledirge|Shadow Ball|p2a: Goat\n|-activate|p2a: Goat|move: Protect\n|\n|-heal|p1a: Skeledirge|64\/100|[from] item: Leftovers\n|-heal|p2a: Goat|100\/100|[from] item: Leftovers\n|-damage|p1a: Skeledirge|52\/100|[from] Salt Cure\n|upkeep\n|turn|31\n|\n|t:|1699867907\n|switch|p2a: Alomomola|Alomomola, F|100\/100\n|move|p1a: Skeledirge|Shadow Ball|p2a: Alomomola\n|-damage|p2a: Alomomola|58\/100\n|\n|-heal|p1a: Skeledirge|58\/100|[from] item: Leftovers\n|-damage|p1a: Skeledirge|46\/100|[from] Salt Cure\n|upkeep\n|turn|32\n|\n|t:|1699867921\n|switch|p1a: Toxapex|Toxapex, M|94\/100\n|-damage|p1a: Toxapex|81\/100|[from] Stealth Rock\n|move|p2a: Alomomola|Wish|p2a: Alomomola\n|\n|-heal|p1a: Toxapex|88\/100|[from] item: Black Sludge\n|upkeep\n|turn|33\n|\n|t:|1699867956\n|switch|p2a: Blissey|Blissey, F|70\/100\n|move|p1a: Toxapex|Toxic|p2a: Blissey\n|-status|p2a: Blissey|tox\n|\n|-heal|p2a: Blissey|100\/100 tox|[from] move: Wish|[wisher] Alomomola\n|-heal|p1a: Toxapex|94\/100|[from] item: Black Sludge\n|-damage|p2a: Blissey|94\/100 tox|[from] psn\n|upkeep\n|turn|34\n|\n|t:|1699867981\n|move|p1a: Toxapex|Baneful Bunker|p1a: Toxapex\n|-singleturn|p1a: Toxapex|move: Protect\n|move|p2a: Blissey|Seismic Toss|p1a: Toxapex\n|-activate|p1a: Toxapex|move: Protect\n|\n|-heal|p2a: Blissey|100\/100 tox|[from] item: Leftovers\n|-heal|p1a: Toxapex|99\/100|[from] item: Black Sludge\n|-damage|p2a: Blissey|88\/100 tox|[from] psn\n|upkeep\n|turn|35\n|\n|t:|1699868030\n|move|p2a: Blissey|Seismic Toss|p1a: Toxapex\n|-damage|p1a: Toxapex|61\/100\n|move|p1a: Toxapex|Infestation|p2a: Blissey\n|-damage|p2a: Blissey|87\/100 tox\n|-activate|p2a: Blissey|move: Infestation|[of] p1a: Toxapex\n|\n|-heal|p2a: Blissey|93\/100 tox|[from] item: Leftovers\n|-heal|p1a: Toxapex|67\/100|[from] item: Black Sludge\n|-damage|p2a: Blissey|75\/100 tox|[from] psn\n|-damage|p2a: Blissey|62\/100 tox|[from] move: Infestation|[partiallytrapped]\n|upkeep\n|turn|36\n|l|\u2606Crimsonmage200\n|player|p2|\n|l|\u2606Nutralstar\n|player|p1|\n|j|\u2606Crimsonmage200\n|player|p2|Crimsonmage200|caitlin-masters\n|j|\u2606Nutralstar\n|player|p1|Nutralstar|palmer\n|\n|t:|1699868073\n|move|p1a: Toxapex|Baneful Bunker|p1a: Toxapex\n|-singleturn|p1a: Toxapex|move: Protect\n|move|p2a: Blissey|Soft-Boiled|p2a: Blissey\n|-heal|p2a: Blissey|100\/100 tox\n|\n|-heal|p1a: Toxapex|74\/100|[from] item: Black Sludge\n|-damage|p2a: Blissey|76\/100 tox|[from] psn\n|-damage|p2a: Blissey|63\/100 tox|[from] move: Infestation|[partiallytrapped]\n|upkeep\n|turn|37\n|\n|t:|1699868122\n|move|p2a: Blissey|Soft-Boiled|p2a: Blissey\n|-heal|p2a: Blissey|100\/100 tox\n|move|p1a: Toxapex|Infestation|p2a: Blissey\n|-crit|p2a: Blissey\n|-damage|p2a: Blissey|99\/100 tox\n|\n|-heal|p2a: Blissey|100\/100 tox|[from] item: Leftovers\n|-heal|p1a: Toxapex|80\/100|[from] item: Black Sludge\n|-damage|p2a: Blissey|70\/100 tox|[from] psn\n|-damage|p2a: Blissey|57\/100 tox|[from] move: Infestation|[partiallytrapped]\n|upkeep\n|turn|38\n|\n|t:|1699868157\n|move|p2a: Blissey|Soft-Boiled|p2a: Blissey\n|-heal|p2a: Blissey|100\/100 tox\n|move|p1a: Toxapex|Infestation|p2a: Blissey\n|-damage|p2a: Blissey|99\/100 tox\n|\n|-heal|p2a: Blissey|100\/100 tox|[from] item: Leftovers\n|-heal|p1a: Toxapex|86\/100|[from] item: Black Sludge\n|-damage|p2a: Blissey|64\/100 tox|[from] psn\n|-damage|p2a: Blissey|51\/100 tox|[from] move: Infestation|[partiallytrapped]\n|upkeep\n|turn|39\n|\n|t:|1699868169\n|move|p2a: Blissey|Seismic Toss|p1a: Toxapex\n|-damage|p1a: Toxapex|47\/100\n|move|p1a: Toxapex|Infestation|p2a: Blissey\n|-damage|p2a: Blissey|50\/100 tox\n|\n|-heal|p2a: Blissey|56\/100 tox|[from] item: Leftovers\n|-heal|p1a: Toxapex|53\/100|[from] item: Black Sludge\n|-damage|p2a: Blissey|13\/100 tox|[from] psn\n|-damage|p2a: Blissey|0 fnt|[from] move: Infestation|[partiallytrapped]\n|faint|p2a: Blissey\n|upkeep\n|\n|t:|1699868175\n|switch|p2a: Goat|Garganacl, M, tera:Ghost|100\/100\n|turn|40\n|\n|t:|1699868188\n|move|p1a: Toxapex|Baneful Bunker|p1a: Toxapex\n|-singleturn|p1a: Toxapex|move: Protect\n|move|p2a: Goat|Salt Cure|p1a: Toxapex\n|-activate|p1a: Toxapex|move: Protect\n|\n|-heal|p1a: Toxapex|59\/100|[from] item: Black Sludge\n|upkeep\n|turn|41\n|\n|t:|1699868206\n|switch|p1a: Skeledirge|Skeledirge, F, tera:Fairy|46\/100\n|-damage|p1a: Skeledirge|33\/100|[from] Stealth Rock\n|move|p2a: Goat|Salt Cure|p1a: Skeledirge\n|-damage|p1a: Skeledirge|22\/100\n|-start|p1a: Skeledirge|Salt Cure\n|\n|-heal|p1a: Skeledirge|28\/100|[from] item: Leftovers\n|-damage|p1a: Skeledirge|16\/100|[from] Salt Cure\n|upkeep\n|turn|42\n|\n|t:|1699868217\n|move|p2a: Goat|Protect|p2a: Goat\n|-singleturn|p2a: Goat|Protect\n|move|p1a: Skeledirge|Slack Off|p1a: Skeledirge\n|-heal|p1a: Skeledirge|66\/100\n|\n|-heal|p1a: Skeledirge|72\/100|[from] item: Leftovers\n|-damage|p1a: Skeledirge|60\/100|[from] Salt Cure\n|upkeep\n|turn|43\n|\n|t:|1699868228\n|switch|p2a: Alomomola|Alomomola, F|92\/100\n|move|p1a: Skeledirge|Shadow Ball|p2a: Alomomola\n|-damage|p2a: Alomomola|49\/100\n|-unboost|p2a: Alomomola|spd|1\n|\n|-heal|p1a: Skeledirge|66\/100|[from] item: Leftovers\n|-damage|p1a: Skeledirge|53\/100|[from] Salt Cure\n|upkeep\n|turn|44\n|\n|t:|1699868240\n|move|p2a: Alomomola|Protect|p2a: Alomomola\n|-singleturn|p2a: Alomomola|Protect\n|move|p1a: Skeledirge|Shadow Ball|p2a: Alomomola\n|-activate|p2a: Alomomola|move: Protect\n|\n|-heal|p1a: Skeledirge|59\/100|[from] item: Leftovers\n|-damage|p1a: Skeledirge|47\/100|[from] Salt Cure\n|upkeep\n|turn|45\n|\n|t:|1699868253\n|switch|p2a: Dragonite|Dragonite, F|100\/100\n|move|p1a: Skeledirge|Shadow Ball|p2a: Dragonite\n|-damage|p2a: Dragonite|82\/100\n|-unboost|p2a: Dragonite|spd|1\n|\n|-heal|p1a: Skeledirge|53\/100|[from] item: Leftovers\n|-damage|p1a: Skeledirge|41\/100|[from] Salt Cure\n|upkeep\n|turn|46\n|\n|t:|1699868270\n|switch|p1a: Toxapex|Toxapex, M|93\/100\n|-damage|p1a: Toxapex|80\/100|[from] Stealth Rock\n|move|p2a: Dragonite|Extreme Speed|p1a: Toxapex\n|-damage|p1a: Toxapex|43\/100\n|\n|-heal|p1a: Toxapex|50\/100|[from] item: Black Sludge\n|upkeep\n|turn|47\n|\n|t:|1699868280\n|switch|p2a: Goat|Garganacl, M, tera:Ghost|100\/100\n|move|p1a: Toxapex|Baneful Bunker||[still]\n|-fail|p1a: Toxapex\n|\n|-heal|p1a: Toxapex|56\/100|[from] item: Black Sludge\n|upkeep\n|turn|48\n|\n|t:|1699868294\n|switch|p1a: Skeledirge|Skeledirge, F, tera:Fairy|41\/100\n|-damage|p1a: Skeledirge|28\/100|[from] Stealth Rock\n|move|p2a: Goat|Salt Cure|p1a: Skeledirge\n|-damage|p1a: Skeledirge|17\/100\n|-start|p1a: Skeledirge|Salt Cure\n|\n|-heal|p1a: Skeledirge|23\/100|[from] item: Leftovers\n|-damage|p1a: Skeledirge|11\/100|[from] Salt Cure\n|upkeep\n|turn|49\n|\n|t:|1699868309\n|switch|p2a: Alomomola|Alomomola, F|83\/100\n|move|p1a: Skeledirge|Slack Off|p1a: Skeledirge\n|-heal|p1a: Skeledirge|61\/100\n|\n|-heal|p1a: Skeledirge|67\/100|[from] item: Leftovers\n|-damage|p1a: Skeledirge|55\/100|[from] Salt Cure\n|upkeep\n|turn|50\n|\n|t:|1699868319\n|move|p1a: Skeledirge|Slack Off|p1a: Skeledirge\n|-heal|p1a: Skeledirge|100\/100\n|move|p2a: Alomomola|Wish|p2a: Alomomola\n|\n|-damage|p1a: Skeledirge|88\/100|[from] Salt Cure\n|upkeep\n|turn|51\n|\n|t:|1699868335\n|switch|p1a: Toxapex|Toxapex, M|89\/100\n|-damage|p1a: Toxapex|77\/100|[from] Stealth Rock\n|move|p2a: Alomomola|Flip Turn|p1a: Toxapex\n|-resisted|p1a: Toxapex\n|-damage|p1a: Toxapex|72\/100\n|\n|t:|1699868344\n|switch|p2a: Dondozo|Dondozo, F|53\/100|[from] Flip Turn\n|\n|-heal|p2a: Dondozo|100\/100|[from] move: Wish|[wisher] Alomomola\n|-heal|p1a: Toxapex|78\/100|[from] item: Black Sludge\n|upkeep\n|turn|52\n|\n|t:|1699868352\n|switch|p2a: Goat|Garganacl, M, tera:Ghost|100\/100\n|move|p1a: Toxapex|Infestation|p2a: Goat\n|-resisted|p2a: Goat\n|-damage|p2a: Goat|99\/100\n|-activate|p2a: Goat|move: Infestation|[of] p1a: Toxapex\n|\n|-heal|p2a: Goat|100\/100|[from] item: Leftovers\n|-heal|p1a: Toxapex|84\/100|[from] item: Black Sludge\n|-damage|p2a: Goat|88\/100|[from] move: Infestation|[partiallytrapped]\n|upkeep\n|turn|53\n|\n|t:|1699868362\n|switch|p1a: Skeledirge|Skeledirge, F, tera:Fairy|88\/100\n|-damage|p1a: Skeledirge|76\/100|[from] Stealth Rock\n|move|p2a: Goat|Salt Cure|p1a: Skeledirge\n|-damage|p1a: Skeledirge|64\/100\n|-start|p1a: Skeledirge|Salt Cure\n|\n|-heal|p1a: Skeledirge|70\/100|[from] item: Leftovers\n|-heal|p2a: Goat|94\/100|[from] item: Leftovers\n|-damage|p1a: Skeledirge|58\/100|[from] Salt Cure\n|-end|p2a: Goat|Infestation|[partiallytrapped]|[silent]\n|upkeep\n|turn|54\n|\n|t:|1699868372\n|switch|p2a: Dondozo|Dondozo, F|100\/100\n|move|p1a: Skeledirge|Shadow Ball|p2a: Dondozo\n|-damage|p2a: Dondozo|75\/100\n|\n|-heal|p1a: Skeledirge|64\/100|[from] item: Leftovers\n|-damage|p1a: Skeledirge|51\/100|[from] Salt Cure\n|upkeep\n|turn|55\n|\n|t:|1699868381\n|switch|p1a: Toxapex|Toxapex, M|100\/100\n|-damage|p1a: Toxapex|88\/100|[from] Stealth Rock\n|move|p2a: Dondozo|Crunch|p1a: Toxapex\n|-damage|p1a: Toxapex|68\/100\n|\n|-heal|p1a: Toxapex|74\/100|[from] item: Black Sludge\n|upkeep\n|turn|56\n|\n|t:|1699868394\n|switch|p2a: Goat|Garganacl, M, tera:Ghost|94\/100\n|switch|p1a: Skeledirge|Skeledirge, F, tera:Fairy|51\/100\n|-damage|p1a: Skeledirge|39\/100|[from] Stealth Rock\n|\n|-heal|p1a: Skeledirge|45\/100|[from] item: Leftovers\n|-heal|p2a: Goat|100\/100|[from] item: Leftovers\n|upkeep\n|turn|57\n|\n|t:|1699868407\n|move|p1a: Skeledirge|Slack Off|p1a: Skeledirge\n|-heal|p1a: Skeledirge|95\/100\n|move|p2a: Goat|Salt Cure|p1a: Skeledirge\n|-damage|p1a: Skeledirge|84\/100\n|-start|p1a: Skeledirge|Salt Cure\n|\n|-heal|p1a: Skeledirge|90\/100|[from] item: Leftovers\n|-damage|p1a: Skeledirge|78\/100|[from] Salt Cure\n|upkeep\n|turn|58\n|\n|t:|1699868417\n|switch|p1a: Toxapex|Toxapex, M|100\/100\n|-damage|p1a: Toxapex|88\/100|[from] Stealth Rock\n|switch|p2a: Dragonite|Dragonite, F|82\/100\n|\n|-heal|p1a: Toxapex|94\/100|[from] item: Black Sludge\n|upkeep\n|turn|59\n|\n|t:|1699868430\n|move|p2a: Dragonite|Earthquake|p1a: Toxapex\n|-supereffective|p1a: Toxapex\n|-damage|p1a: Toxapex|1\/100\n|move|p1a: Toxapex|Infestation|p2a: Dragonite\n|-resisted|p2a: Dragonite\n|-damage|p2a: Dragonite|81\/100\n|-activate|p2a: Dragonite|move: Infestation|[of] p1a: Toxapex\n|\n|-heal|p1a: Toxapex|8\/100|[from] item: Black Sludge\n|-damage|p2a: Dragonite|68\/100|[from] move: Infestation|[partiallytrapped]\n|upkeep\n|turn|60\n|\n|t:|1699868441\n|move|p1a: Toxapex|Baneful Bunker|p1a: Toxapex\n|-singleturn|p1a: Toxapex|move: Protect\n|move|p2a: Dragonite|Earthquake|p1a: Toxapex\n|-activate|p1a: Toxapex|move: Protect\n|\n|-heal|p1a: Toxapex|14\/100|[from] item: Black Sludge\n|-damage|p2a: Dragonite|56\/100|[from] move: Infestation|[partiallytrapped]\n|upkeep\n|turn|61\n|\n|t:|1699868453\n|move|p1a: Toxapex|Baneful Bunker|p1a: Toxapex\n|-singleturn|p1a: Toxapex|move: Protect\n|move|p2a: Dragonite|Earthquake|p1a: Toxapex\n|-activate|p1a: Toxapex|move: Protect\n|\n|-heal|p1a: Toxapex|20\/100|[from] item: Black Sludge\n|-damage|p2a: Dragonite|44\/100|[from] move: Infestation|[partiallytrapped]\n|upkeep\n|turn|62\n|\n|t:|1699868476\n|switch|p1a: Gyarados|Gyarados, F, shiny|22\/100\n|-damage|p1a: Gyarados|0 fnt|[from] Stealth Rock\n|faint|p1a: Gyarados\n|move|p2a: Dragonite|Earthquake|p1: Gyarados|[notarget]\n|-fail|p2a: Dragonite\n|\n|-end|p2a: Dragonite|Infestation|[partiallytrapped]|[silent]\n|upkeep\n|\n|t:|1699868498\n|switch|p1a: Skeledirge|Skeledirge, F, tera:Fairy|78\/100\n|-damage|p1a: Skeledirge|65\/100|[from] Stealth Rock\n|turn|63\n|\n|t:|1699868516\n|switch|p2a: Dondozo|Dondozo, F|75\/100\n|move|p1a: Skeledirge|Tera Blast|p2a: Dondozo|[anim] Tera Blast Fairy\n|-damage|p2a: Dondozo|53\/100\n|\n|-heal|p1a: Skeledirge|71\/100|[from] item: Leftovers\n|upkeep\n|turn|64\n|\n|t:|1699868543\n|move|p1a: Skeledirge|Shadow Ball|p2a: Dondozo\n|-crit|p2a: Dondozo\n|-damage|p2a: Dondozo|20\/100\n|move|p2a: Dondozo|Liquidation|p1a: Skeledirge\n|-damage|p1a: Skeledirge|35\/100\n|-unboost|p1a: Skeledirge|def|1\n|\n|-heal|p1a: Skeledirge|41\/100|[from] item: Leftovers\n|upkeep\n|turn|65\n|\n|t:|1699868555\n|switch|p2a: Alomomola|Alomomola, F|100\/100\n|move|p1a: Skeledirge|Shadow Ball|p2a: Alomomola\n|-damage|p2a: Alomomola|54\/100\n|\n|-heal|p1a: Skeledirge|47\/100|[from] item: Leftovers\n|upkeep\n|turn|66\n|\n|t:|1699868566\n|move|p1a: Skeledirge|Shadow Ball|p2a: Alomomola\n|-damage|p2a: Alomomola|8\/100\n|move|p2a: Alomomola|Wish|p2a: Alomomola\n|\n|-heal|p1a: Skeledirge|53\/100|[from] item: Leftovers\n|upkeep\n|turn|67\n|\n|t:|1699868578\n|switch|p1a: Toxapex|Toxapex, M|53\/100\n|-damage|p1a: Toxapex|41\/100|[from] Stealth Rock\n|move|p2a: Alomomola|Protect||[still]\n|-fail|p2a: Alomomola\n|\n|-heal|p2a: Alomomola|58\/100|[from] move: Wish|[wisher] Alomomola\n|-heal|p1a: Toxapex|47\/100|[from] item: Black Sludge\n|upkeep\n|turn|68\n|\n|t:|1699868599\n|switch|p1a: Skeledirge|Skeledirge, F, tera:Fairy|53\/100\n|-damage|p1a: Skeledirge|41\/100|[from] Stealth Rock\n|move|p2a: Alomomola|Flip Turn|p1a: Skeledirge\n|-damage|p1a: Skeledirge|31\/100\n|\n|t:|1699868609\n|switch|p2a: Talonflame|Talonflame, M|100\/100|[from] Flip Turn\n|\n|-heal|p1a: Skeledirge|37\/100|[from] item: Leftovers\n|upkeep\n|turn|69\n|\n|t:|1699868616\n|move|p2a: Talonflame|Brave Bird|p1a: Skeledirge\n|-damage|p1a: Skeledirge|0 fnt\n|faint|p1a: Skeledirge\n|-damage|p2a: Talonflame|84\/100|[from] Recoil\n|\n|upkeep\n|\n|t:|1699868631\n|switch|p1a: Thundurus|Thundurus-Therian, M|100\/100\n|-damage|p1a: Thundurus|76\/100|[from] Stealth Rock\n|turn|70\n|\n|t:|1699868639\n|switch|p2a: Goat|Garganacl, M, tera:Ghost|100\/100\n|move|p1a: Thundurus|Wildbolt Storm|p2a: Goat\n|-crit|p2a: Goat\n|-damage|p2a: Goat|24\/100\n|\n|-heal|p2a: Goat|30\/100|[from] item: Leftovers\n|upkeep\n|turn|71\n|\n|t:|1699868655\n|move|p2a: Goat|Protect|p2a: Goat\n|-singleturn|p2a: Goat|Protect\n|move|p1a: Thundurus|Wildbolt Storm|p2a: Goat\n|-activate|p2a: Goat|move: Protect\n|\n|-heal|p2a: Goat|36\/100|[from] item: Leftovers\n|upkeep\n|turn|72\n|\n|t:|1699868667\n|switch|p2a: Dondozo|Dondozo, F|20\/100\n|move|p1a: Thundurus|Wildbolt Storm|p2a: Dondozo\n|-supereffective|p2a: Dondozo\n|-crit|p2a: Dondozo\n|-damage|p2a: Dondozo|0 fnt\n|faint|p2a: Dondozo\n|\n|upkeep\n|\n|t:|1699868669\n|switch|p2a: Alomomola|Alomomola, F|91\/100\n|turn|73\n|\n|t:|1699868681\n|move|p1a: Thundurus|Nasty Plot|p1a: Thundurus\n|-boost|p1a: Thundurus|spa|2\n|move|p2a: Alomomola|Wish|p2a: Alomomola\n|\n|upkeep\n|turn|74\n|\n|t:|1699868690\n|move|p1a: Thundurus|Wildbolt Storm|p2a: Alomomola\n|-supereffective|p2a: Alomomola\n|-damage|p2a: Alomomola|0 fnt\n|faint|p2a: Alomomola\n|\n|upkeep\n|\n|t:|1699868698\n|switch|p2a: Dragonite|Dragonite, F|44\/100\n|turn|75\n|\n|t:|1699868710\n|move|p2a: Dragonite|Extreme Speed|p1a: Thundurus\n|-damage|p1a: Thundurus|1\/100\n|move|p1a: Thundurus|Wildbolt Storm|p2a: Dragonite\n|-damage|p2a: Dragonite|0 fnt\n|faint|p2a: Dragonite\n|\n|upkeep\n|\n|t:|1699868718\n|switch|p2a: Talonflame|Talonflame, M|84\/100\n|turn|76\n|\n|t:|1699868753\n|move|p2a: Talonflame|Brave Bird|p1a: Thundurus\n|-resisted|p1a: Thundurus\n|-damage|p1a: Thundurus|0 fnt\n|faint|p1a: Thundurus\n|-damage|p2a: Talonflame|83\/100|[from] Recoil\n|\n|upkeep\n|\n|t:|1699868774\n|switch|p1a: Toxapex|Toxapex, M|80\/100\n|-damage|p1a: Toxapex|68\/100|[from] Stealth Rock\n|turn|77\n|\n|t:|1699868784\n|switch|p2a: Goat|Garganacl, M, tera:Ghost|36\/100\n|move|p1a: Toxapex|Baneful Bunker||[still]\n|-fail|p1a: Toxapex\n|\n|-heal|p2a: Goat|43\/100|[from] item: Leftovers\n|-heal|p1a: Toxapex|74\/100|[from] item: Black Sludge\n|upkeep\n|turn|78\n|\n|t:|1699868800\n|switch|p1a: Great Tusk|Great Tusk|36\/100\n|-damage|p1a: Great Tusk|33\/100|[from] Stealth Rock\n|move|p2a: Goat|Recover|p2a: Goat\n|-heal|p2a: Goat|93\/100\n|\n|-heal|p2a: Goat|99\/100|[from] item: Leftovers\n|upkeep\n|turn|79\n|\n|t:|1699868811\n|move|p1a: Great Tusk|Headlong Rush|p2a: Goat\n|-damage|p2a: Goat|69\/100\n|-unboost|p1a: Great Tusk|def|1\n|-unboost|p1a: Great Tusk|spd|1\n|move|p2a: Goat|Salt Cure|p1a: Great Tusk\n|-resisted|p1a: Great Tusk\n|-damage|p1a: Great Tusk|30\/100\n|-start|p1a: Great Tusk|Salt Cure\n|\n|-heal|p2a: Goat|75\/100|[from] item: Leftovers\n|-damage|p1a: Great Tusk|17\/100|[from] Salt Cure\n|upkeep\n|turn|80\n|\n|t:|1699868824\n|-end|p1a: Great Tusk|Protosynthesis|[silent]\n|switch|p1a: Toxapex|Toxapex, M|100\/100\n|-damage|p1a: Toxapex|88\/100|[from] Stealth Rock\n|move|p2a: Goat|Protect||[still]\n|-fail|p2a: Goat\n|\n|-heal|p2a: Goat|81\/100|[from] item: Leftovers\n|-heal|p1a: Toxapex|94\/100|[from] item: Black Sludge\n|upkeep\n|turn|81\n|\n|t:|1699868836\n|move|p1a: Toxapex|Baneful Bunker|p1a: Toxapex\n|-singleturn|p1a: Toxapex|move: Protect\n|move|p2a: Goat|Salt Cure|p1a: Toxapex\n|-activate|p1a: Toxapex|move: Protect\n|\n|-heal|p1a: Toxapex|100\/100|[from] item: Black Sludge\n|-heal|p2a: Goat|87\/100|[from] item: Leftovers\n|upkeep\n|turn|82\n|\n|t:|1699868858\n|move|p1a: Toxapex|Infestation|p2a: Goat\n|-resisted|p2a: Goat\n|-damage|p2a: Goat|86\/100\n|-activate|p2a: Goat|move: Infestation|[of] p1a: Toxapex\n|move|p2a: Goat|Salt Cure|p1a: Toxapex\n|-damage|p1a: Toxapex|88\/100\n|-start|p1a: Toxapex|Salt Cure\n|\n|-heal|p2a: Goat|92\/100|[from] item: Leftovers\n|-heal|p1a: Toxapex|95\/100|[from] item: Black Sludge\n|-damage|p2a: Goat|80\/100|[from] move: Infestation|[partiallytrapped]\n|-damage|p1a: Toxapex|70\/100|[from] Salt Cure\n|upkeep\n|turn|83\n|\n|t:|1699868874\n|move|p1a: Toxapex|Baneful Bunker|p1a: Toxapex\n|-singleturn|p1a: Toxapex|move: Protect\n|move|p2a: Goat|Body Press|p1a: Toxapex\n|-activate|p1a: Toxapex|move: Protect\n|\n|-heal|p2a: Goat|86\/100|[from] item: Leftovers\n|-heal|p1a: Toxapex|76\/100|[from] item: Black Sludge\n|-damage|p2a: Goat|74\/100|[from] move: Infestation|[partiallytrapped]\n|-damage|p1a: Toxapex|51\/100|[from] Salt Cure\n|upkeep\n|turn|84\n|\n|t:|1699868885\n|switch|p1a: Forretress|Forretress, F|100\/100\n|-damage|p1a: Forretress|88\/100|[from] Stealth Rock\n|move|p2a: Goat|Body Press|p1a: Forretress\n|-damage|p1a: Forretress|64\/100\n|\n|-heal|p2a: Goat|80\/100|[from] item: Leftovers\n|-heal|p1a: Forretress|70\/100|[from] item: Leftovers\n|-end|p2a: Goat|Infestation|[partiallytrapped]|[silent]\n|upkeep\n|turn|85\n|\n|t:|1699868900\n|move|p1a: Forretress|Protect|p1a: Forretress\n|-singleturn|p1a: Forretress|Protect\n|move|p2a: Goat|Salt Cure|p1a: Forretress\n|-activate|p1a: Forretress|move: Protect\n|\n|-heal|p2a: Goat|86\/100|[from] item: Leftovers\n|-heal|p1a: Forretress|76\/100|[from] item: Leftovers\n|upkeep\n|turn|86\n|\n|t:|1699868912\n|switch|p1a: Toxapex|Toxapex, M|84\/100\n|-damage|p1a: Toxapex|72\/100|[from] Stealth Rock\n|move|p2a: Goat|Salt Cure|p1a: Toxapex\n|-damage|p1a: Toxapex|60\/100\n|-start|p1a: Toxapex|Salt Cure\n|\n|-heal|p2a: Goat|92\/100|[from] item: Leftovers\n|-heal|p1a: Toxapex|66\/100|[from] item: Black Sludge\n|-damage|p1a: Toxapex|41\/100|[from] Salt Cure\n|upkeep\n|turn|87\n|\n|t:|1699868922\n|switch|p1a: Forretress|Forretress, F|76\/100\n|-damage|p1a: Forretress|64\/100|[from] Stealth Rock\n|move|p2a: Goat|Body Press|p1a: Forretress\n|-damage|p1a: Forretress|38\/100\n|\n|-heal|p2a: Goat|99\/100|[from] item: Leftovers\n|-heal|p1a: Forretress|44\/100|[from] item: Leftovers\n|upkeep\n|turn|88\n|\n|t:|1699868934\n|switch|p2a: Talonflame|Talonflame, M|83\/100\n|move|p1a: Forretress|Protect||[still]\n|-fail|p1a: Forretress\n|\n|-heal|p1a: Forretress|50\/100|[from] item: Leftovers\n|upkeep\n|turn|89\n|\n|t:|1699868944\n|move|p2a: Talonflame|Brave Bird|p1a: Forretress\n|-damage|p1a: Forretress|11\/100\n|-damage|p2a: Talonflame|70\/100|[from] Recoil\n|move|p1a: Forretress|Body Press|p2a: Talonflame\n|-resisted|p2a: Talonflame\n|-damage|p2a: Talonflame|50\/100\n|\n|-heal|p1a: Forretress|17\/100|[from] item: Leftovers\n|upkeep\n|turn|90\n|\n|t:|1699868954\n|move|p1a: Forretress|Protect|p1a: Forretress\n|-singleturn|p1a: Forretress|Protect\n|move|p2a: Talonflame|Roost|p2a: Talonflame\n|-heal|p2a: Talonflame|100\/100\n|-singleturn|p2a: Talonflame|move: Roost\n|\n|-heal|p1a: Forretress|23\/100|[from] item: Leftovers\n|upkeep\n|turn|91\n|\n|t:|1699868964\n|move|p2a: Talonflame|Brave Bird|p1a: Forretress\n|-damage|p1a: Forretress|0 fnt\n|faint|p1a: Forretress\n|-damage|p2a: Talonflame|93\/100|[from] Recoil\n|\n|upkeep\n|\n|t:|1699868972\n|switch|p1a: Great Tusk|Great Tusk|17\/100\n|-damage|p1a: Great Tusk|14\/100|[from] Stealth Rock\n|turn|92\n|\n|t:|1699868978\n|move|p2a: Talonflame|Brave Bird|p1a: Great Tusk\n|-supereffective|p1a: Great Tusk\n|-damage|p1a: Great Tusk|0 fnt\n|faint|p1a: Great Tusk\n|-end|p1a: Great Tusk|Protosynthesis|[silent]\n|-damage|p2a: Talonflame|87\/100|[from] Recoil\n|\n|upkeep\n|-message|Nutralstar forfeited.\n|\n|win|Crimsonmage200\n|raw|Nutralstar's rating: 1176 &rarr; <strong>1144<\/strong><br \/>(-32 for losing)\n|raw|Crimsonmage200's rating: 1080 &rarr; <strong>1116<\/strong><br \/>(+36 for winning)\n|l|\u2606Nutralstar\n","uploadtime":1699868996,"views":21,"p1id":"nutralstar","p2id":"crimsonmage200","formatid":"gen9ou","rating":1116,"private":0,"password":""}