{"id":"gen9ou-1997939077","p1":"RadReaper","p2":"GreatRandini98","format":"[Gen 9] OU","log":"|j|\u2606RadReaper\n|j|\u2606GreatRandini98\n|t:|1700869798\n|gametype|singles\n|player|p1|RadReaper|101|1053\n|player|p2|GreatRandini98|169|1138\n|teamsize|p1|6\n|teamsize|p2|6\n|gen|9\n|tier|[Gen 9] OU\n|rated|\n|rule|Sleep Clause Mod: Limit one foe put to sleep\n|rule|Species Clause: Limit one of each Pok\u00e9mon\n|rule|OHKO Clause: OHKO moves are banned\n|rule|Evasion Items Clause: Evasion items are banned\n|rule|Evasion Moves Clause: Evasion moves are banned\n|rule|Endless Battle Clause: Forcing endless battles is banned\n|rule|HP Percentage Mod: HP is shown in percentages\n|clearpoke\n|poke|p1|Moltres|\n|poke|p1|Articuno-Galar|\n|poke|p1|Brambleghast, M|\n|poke|p1|Weezing-Galar, M|\n|poke|p1|Samurott-Hisui, M|\n|poke|p1|Mamoswine, M|\n|poke|p2|Great Tusk|\n|poke|p2|Cinderace, F|\n|poke|p2|Iron Valiant|\n|poke|p2|Iron Moth|\n|poke|p2|Dragonite, F|\n|poke|p2|Dragapult, M|\n|teampreview\n|\n|t:|1700869806\n|start\n|switch|p1a: No Scams|Weezing-Galar, M, shiny|100\/100\n|switch|p2a: Dragapult|Dragapult, M|100\/100\n|turn|1\n|c|\u2606RadReaper|hey boo\n|\n|t:|1700869812\n|move|p2a: Dragapult|U-turn|p1a: No Scams\n|-resisted|p1a: No Scams\n|-damage|p1a: No Scams|95\/100\n|\n|t:|1700869819\n|switch|p2a: Iron Moth|Iron Moth|100\/100|[from] U-turn\n|-enditem|p2a: Iron Moth|Booster Energy\n|-activate|p2a: Iron Moth|ability: Quark Drive|[fromitem]\n|-start|p2a: Iron Moth|quarkdrivespe\n|move|p1a: No Scams|Toxic Spikes|p2a: Iron Moth\n|-sidestart|p2: GreatRandini98|move: Toxic Spikes\n|\n|-heal|p1a: No Scams|100\/100|[from] item: Black Sludge\n|upkeep\n|turn|2\n|\n|t:|1700869828\n|move|p2a: Iron Moth|Substitute|p2a: Iron Moth\n|-start|p2a: Iron Moth|Substitute\n|-damage|p2a: Iron Moth|76\/100\n|move|p1a: No Scams|Toxic Spikes|p2a: Iron Moth\n|-sidestart|p2: GreatRandini98|move: Toxic Spikes\n|\n|upkeep\n|turn|3\n|\n|t:|1700869836\n|move|p2a: Iron Moth|Sludge Wave|p1a: No Scams\n|-damage|p1a: No Scams|35\/100\n|move|p1a: No Scams|Explosion|p2a: Iron Moth\n|-end|p2a: Iron Moth|Substitute\n|faint|p1a: No Scams\n|\n|upkeep\n|c|\u2606RadReaper|fuck ur fart drive\n|\n|t:|1700869888\n|switch|p1a: Spike Guy|Samurott-Hisui, M|100\/100\n|turn|4\n|\n|t:|1700869896\n|-terastallize|p2a: Iron Moth|Grass\n|-terastallize|p1a: Spike Guy|Water\n|move|p2a: Iron Moth|Energy Ball|p1a: Spike Guy\n|-supereffective|p1a: Spike Guy\n|-crit|p1a: Spike Guy\n|-damage|p1a: Spike Guy|0 fnt\n|faint|p1a: Spike Guy\n|\n|upkeep\n|\n|t:|1700869903\n|switch|p1a: Tera Ice|Mamoswine, M|100\/100\n|turn|5\n|\n|t:|1700869907\n|move|p1a: Tera Ice|Ice Shard|p2a: Iron Moth\n|-supereffective|p2a: Iron Moth\n|-damage|p2a: Iron Moth|7\/100\n|move|p2a: Iron Moth|Energy Ball|p1a: Tera Ice\n|-supereffective|p1a: Tera Ice\n|-enditem|p1a: Tera Ice|Focus Sash\n|-damage|p1a: Tera Ice|1\/100\n|\n|upkeep\n|turn|6\n|\n|t:|1700869914\n|move|p1a: Tera Ice|Ice Shard|p2a: Iron Moth\n|-supereffective|p2a: Iron Moth\n|-damage|p2a: Iron Moth|0 fnt\n|faint|p2a: Iron Moth\n|-end|p2a: Iron Moth|Quark Drive|[silent]\n|\n|upkeep\n|c|\u2606RadReaper|no moth\n|\n|t:|1700869920\n|switch|p2a: Cinderace|Cinderace, F|100\/100\n|turn|7\n|\n|t:|1700869923\n|move|p2a: Cinderace|Court Change|p2a: Cinderace\n|-start|p2a: Cinderace|typechange|Normal|[from] ability: Libero\n|-swapsideconditions\n|-activate|p2a: Cinderace|move: Court Change\n|move|p1a: Tera Ice|Earthquake|p2a: Cinderace\n|-damage|p2a: Cinderace|21\/100\n|\n|upkeep\n|turn|8\n|\n|t:|1700869929\n|move|p1a: Tera Ice|Ice Shard|p2a: Cinderace\n|-damage|p2a: Cinderace|0 fnt\n|faint|p2a: Cinderace\n|\n|upkeep\n|\n|t:|1700869936\n|switch|p2a: Iron Valiant|Iron Valiant|100\/100\n|-enditem|p2a: Iron Valiant|Booster Energy\n|-activate|p2a: Iron Valiant|ability: Quark Drive|[fromitem]\n|-start|p2a: Iron Valiant|quarkdrivespe\n|turn|9\n|c|\u2606RadReaper|no mid cinderace\n|\n|t:|1700869943\n|switch|p1a: Hot Bird|Moltres, shiny|100\/100\n|move|p2a: Iron Valiant|Swords Dance|p2a: Iron Valiant\n|-boost|p2a: Iron Valiant|atk|2\n|\n|upkeep\n|turn|10\n|\n|t:|1700869953\n|move|p2a: Iron Valiant|Knock Off|p1a: Hot Bird\n|-damage|p1a: Hot Bird|50\/100\n|-status|p2a: Iron Valiant|brn|[from] ability: Flame Body|[of] p1a: Hot Bird\n|-enditem|p1a: Hot Bird|Heavy-Duty Boots|[from] move: Knock Off|[of] p2a: Iron Valiant\n|move|p1a: Hot Bird|Tailwind|p1a: Hot Bird\n|-sidestart|p1: RadReaper|move: Tailwind\n|\n|-damage|p2a: Iron Valiant|94\/100 brn|[from] brn\n|upkeep\n|turn|11\n|\n|t:|1700869974\n|move|p2a: Iron Valiant|Knock Off|p1a: Hot Bird\n|-damage|p1a: Hot Bird|32\/100\n|move|p1a: Hot Bird|Roost|p1a: Hot Bird\n|-heal|p1a: Hot Bird|82\/100\n|-singleturn|p1a: Hot Bird|move: Roost\n|\n|-damage|p2a: Iron Valiant|88\/100 brn|[from] brn\n|upkeep\n|turn|12\n|\n|t:|1700869991\n|move|p2a: Iron Valiant|Encore|p1a: Hot Bird\n|-start|p1a: Hot Bird|Encore\n|move|p1a: Hot Bird|Roost|p1a: Hot Bird\n|-heal|p1a: Hot Bird|100\/100\n|-singleturn|p1a: Hot Bird|move: Roost\n|\n|-damage|p2a: Iron Valiant|82\/100 brn|[from] brn\n|upkeep\n|turn|13\n|inactive|Battle timer is ON: inactive players will automatically lose when time's up. (requested by GreatRandini98)\n|\n|t:|1700870022\n|move|p2a: Iron Valiant|Swords Dance|p2a: Iron Valiant\n|-boost|p2a: Iron Valiant|atk|2\n|move|p1a: Hot Bird|Roost||[still]\n|-fail|p1a: Hot Bird|heal\n|\n|-damage|p2a: Iron Valiant|76\/100 brn|[from] brn\n|-sideend|p1: RadReaper|move: Tailwind\n|upkeep\n|turn|14\n|\n|t:|1700870029\n|move|p2a: Iron Valiant|Swords Dance|p2a: Iron Valiant\n|-boost|p2a: Iron Valiant|atk|2\n|move|p1a: Hot Bird|Roost||[still]\n|-fail|p1a: Hot Bird|heal\n|\n|-damage|p2a: Iron Valiant|69\/100 brn|[from] brn\n|-end|p1a: Hot Bird|Encore\n|upkeep\n|turn|15\n|\n|t:|1700870037\n|move|p2a: Iron Valiant|Encore|p1a: Hot Bird\n|-start|p1a: Hot Bird|Encore\n|move|p1a: Hot Bird|Roost||[still]\n|-fail|p1a: Hot Bird|heal\n|\n|-damage|p2a: Iron Valiant|63\/100 brn|[from] brn\n|upkeep\n|turn|16\n|\n|t:|1700870043\n|move|p2a: Iron Valiant|Knock Off|p1a: Hot Bird\n|-damage|p1a: Hot Bird|65\/100\n|move|p1a: Hot Bird|Roost|p1a: Hot Bird\n|-heal|p1a: Hot Bird|100\/100\n|-singleturn|p1a: Hot Bird|move: Roost\n|\n|-damage|p2a: Iron Valiant|57\/100 brn|[from] brn\n|upkeep\n|turn|17\n|\n|t:|1700870051\n|move|p2a: Iron Valiant|Knock Off|p1a: Hot Bird\n|-damage|p1a: Hot Bird|68\/100\n|move|p1a: Hot Bird|Roost|p1a: Hot Bird\n|-heal|p1a: Hot Bird|100\/100\n|-singleturn|p1a: Hot Bird|move: Roost\n|\n|-damage|p2a: Iron Valiant|51\/100 brn|[from] brn\n|-end|p1a: Hot Bird|Encore\n|upkeep\n|turn|18\n|\n|t:|1700870061\n|switch|p1a: Tera Ice|Mamoswine, M|1\/100\n|-status|p1a: Tera Ice|tox\n|move|p2a: Iron Valiant|Encore||[still]\n|-fail|p2a: Iron Valiant\n|\n|-damage|p1a: Tera Ice|0 fnt|[from] psn\n|faint|p1a: Tera Ice\n|-damage|p2a: Iron Valiant|44\/100 brn|[from] brn\n|upkeep\n|\n|t:|1700870070\n|switch|p1a: Ban Gholdengo|Brambleghast, M|100\/100\n|-status|p1a: Ban Gholdengo|tox\n|turn|19\n|\n|t:|1700870078\n|move|p2a: Iron Valiant|Knock Off|p1a: Ban Gholdengo\n|-supereffective|p1a: Ban Gholdengo\n|-damage|p1a: Ban Gholdengo|0 fnt\n|-enditem|p1a: Ban Gholdengo|Choice Band|[from] move: Knock Off|[of] p2a: Iron Valiant\n|faint|p1a: Ban Gholdengo\n|\n|-damage|p2a: Iron Valiant|38\/100 brn|[from] brn\n|upkeep\n|\n|t:|1700870084\n|switch|p1a: Hot Bird|Moltres, shiny|100\/100\n|turn|20\n|\n|t:|1700870088\n|move|p2a: Iron Valiant|Knock Off|p1a: Hot Bird\n|-damage|p1a: Hot Bird|67\/100\n|move|p1a: Hot Bird|Flamethrower|p2a: Iron Valiant\n|-damage|p2a: Iron Valiant|0 fnt\n|faint|p2a: Iron Valiant\n|-end|p2a: Iron Valiant|Quark Drive|[silent]\n|\n|upkeep\n|\n|t:|1700870098\n|switch|p2a: Dragapult|Dragapult, M|100\/100\n|turn|21\n|\n|t:|1700870106\n|move|p2a: Dragapult|Phantom Force||[still]\n|-prepare|p2a: Dragapult|Phantom Force\n|move|p1a: Hot Bird|Flamethrower|p2a: Dragapult|[miss]\n|-miss|p1a: Hot Bird|p2a: Dragapult\n|\n|upkeep\n|turn|22\n|\n|t:|1700870110\n|move|p2a: Dragapult|Phantom Force|p1a: Hot Bird|[from]lockedmove\n|-damage|p1a: Hot Bird|15\/100\n|move|p1a: Hot Bird|Roost|p1a: Hot Bird\n|-heal|p1a: Hot Bird|65\/100\n|-singleturn|p1a: Hot Bird|move: Roost\n|\n|upkeep\n|turn|23\n|\n|t:|1700870119\n|move|p2a: Dragapult|Phantom Force||[still]\n|-prepare|p2a: Dragapult|Phantom Force\n|move|p1a: Hot Bird|Tailwind|p1a: Hot Bird\n|-sidestart|p1: RadReaper|move: Tailwind\n|\n|upkeep\n|turn|24\n|\n|t:|1700870124\n|switch|p1a: Wet Bird|Articuno-Galar, shiny|100\/100\n|move|p2a: Dragapult|Phantom Force|p1a: Wet Bird|[from]lockedmove\n|-supereffective|p1a: Wet Bird\n|-damage|p1a: Wet Bird|0 fnt\n|faint|p1a: Wet Bird\n|\n|upkeep\n|\n|t:|1700870130\n|switch|p1a: Hot Bird|Moltres, shiny|65\/100\n|turn|25\n|c|\u2606GreatRandini98|no win for you\n|\n|t:|1700870136\n|move|p1a: Hot Bird|Flamethrower|p2a: Dragapult\n|-resisted|p2a: Dragapult\n|-damage|p2a: Dragapult|77\/100\n|move|p2a: Dragapult|Phantom Force||[still]\n|-prepare|p2a: Dragapult|Phantom Force\n|\n|upkeep\n|turn|26\n|c|\u2606RadReaper|u got lucky\n|\n|t:|1700870143\n|move|p1a: Hot Bird|Tailwind||[still]\n|-fail|p1a: Hot Bird\n|move|p2a: Dragapult|Phantom Force|p1a: Hot Bird|[from]lockedmove\n|-damage|p1a: Hot Bird|16\/100\n|-status|p2a: Dragapult|brn|[from] ability: Flame Body|[of] p1a: Hot Bird\n|\n|-damage|p2a: Dragapult|71\/100 brn|[from] brn\n|-sideend|p1: RadReaper|move: Tailwind\n|upkeep\n|turn|27\n|c|\u2606RadReaper|it happens\n|c|\u2606GreatRandini98|gg\n|-message|RadReaper forfeited.\n|\n|win|GreatRandini98\n|raw|RadReaper's rating: 1053 &rarr; <strong>1039<\/strong><br \/>(-14 for losing)\n|raw|GreatRandini98's rating: 1138 &rarr; <strong>1157<\/strong><br \/>(+19 for winning)\n|l|\u2606RadReaper\n","uploadtime":1700869842,"views":1,"p1id":"radreaper","p2id":"greatrandini98","formatid":"gen9ou","rating":1039,"private":0,"password":""}