{"id":"gen9ou-1989391312","p1":"S3PP1","p2":"BeardoftheRed","format":"[Gen 9] OU","log":"|j|\u2606S3PP1\n|j|\u2606BeardoftheRed\n|t:|1699844303\n|gametype|singles\n|player|p1|S3PP1|chuck|\n|player|p2|BeardoftheRed|101|\n|teamsize|p1|6\n|teamsize|p2|6\n|gen|9\n|tier|[Gen 9] OU\n|rule|Sleep Clause Mod: Limit one foe put to sleep\n|rule|Species Clause: Limit one of each Pok\u00e9mon\n|rule|OHKO Clause: OHKO moves are banned\n|rule|Evasion Items Clause: Evasion items are banned\n|rule|Evasion Moves Clause: Evasion moves are banned\n|rule|Endless Battle Clause: Forcing endless battles is banned\n|rule|HP Percentage Mod: HP is shown in percentages\n|clearpoke\n|poke|p1|Walking Wake|\n|poke|p1|Trevenant, M|\n|poke|p1|Tornadus, M|\n|poke|p1|Mienshao, F|\n|poke|p1|Pawmot, M|\n|poke|p1|Braviary-Hisui, M|\n|poke|p2|Dragapult, F|\n|poke|p2|Kingambit, M|\n|poke|p2|Iron Jugulis|\n|poke|p2|Ditto|\n|poke|p2|Haxorus, M|\n|poke|p2|Hypno, M|\n|teampreview\n|inactive|Battle timer is ON: inactive players will automatically lose when time's up. (requested by S3PP1)\n|inactive|BeardoftheRed also wants the timer to be on.\n|j| CRIPPYwitdaGRIPPY\n|\n|t:|1699844313\n|start\n|switch|p1a: SexyDogWoman|Mienshao, F, shiny|100\/100\n|switch|p2a: WheresGodzilla|Iron Jugulis|100\/100\n|-enditem|p2a: WheresGodzilla|Booster Energy\n|-activate|p2a: WheresGodzilla|ability: Quark Drive|[fromitem]\n|-start|p2a: WheresGodzilla|quarkdrivespe\n|turn|1\n|\n|t:|1699844324\n|move|p1a: SexyDogWoman|Fake Out|p2a: WheresGodzilla\n|-damage|p2a: WheresGodzilla|83\/100\n|cant|p2a: WheresGodzilla|flinch\n|\n|upkeep\n|turn|2\n|\n|t:|1699844332\n|-terastallize|p2a: WheresGodzilla|Dark\n|move|p2a: WheresGodzilla|Dark Pulse|p1a: SexyDogWoman\n|-resisted|p1a: SexyDogWoman\n|-damage|p1a: SexyDogWoman|48\/100\n|move|p1a: SexyDogWoman|Close Combat|p2a: WheresGodzilla\n|-supereffective|p2a: WheresGodzilla\n|-damage|p2a: WheresGodzilla|0 fnt\n|-unboost|p1a: SexyDogWoman|def|1\n|-unboost|p1a: SexyDogWoman|spd|1\n|faint|p2a: WheresGodzilla\n|-end|p2a: WheresGodzilla|Quark Drive|[silent]\n|\n|upkeep\n|\n|t:|1699844345\n|switch|p2a: Giverof2Suns|Dragapult, F|100\/100\n|turn|3\n|\n|t:|1699844365\n|move|p2a: Giverof2Suns|Dragon Darts|p1a: SexyDogWoman\n|-damage|p1a: SexyDogWoman|0 fnt\n|faint|p1a: SexyDogWoman\n|-damage|p2a: Giverof2Suns|91\/100|[from] item: Life Orb\n|\n|upkeep\n|\n|t:|1699844378\n|switch|p1a: JustABirb|Braviary-Hisui, M|100\/100\n|turn|4\n|\n|t:|1699844381\n|move|p2a: Giverof2Suns|Dragon Darts|p1a: JustABirb\n|-damage|p1a: JustABirb|57\/100\n|-anim|p2a: Giverof2Suns|Dragon Darts|p1a: JustABirb\n|-damage|p1a: JustABirb|13\/100\n|-damage|p2a: Giverof2Suns|81\/100|[from] item: Life Orb\n|move|p1a: JustABirb|Esper Wing|p2a: Giverof2Suns\n|-damage|p2a: Giverof2Suns|23\/100\n|-boost|p1a: JustABirb|spe|1\n|\n|upkeep\n|turn|5\n|\n|t:|1699844393\n|move|p2a: Giverof2Suns|Dragon Darts|p1a: JustABirb\n|-damage|p1a: JustABirb|0 fnt\n|faint|p1a: JustABirb\n|-damage|p2a: Giverof2Suns|13\/100|[from] item: Life Orb\n|\n|upkeep\n|\n|t:|1699844405\n|switch|p1a: SexyAirMan|Tornadus, M|100\/100\n|turn|6\n|\n|t:|1699844411\n|move|p1a: SexyAirMan|Sunny Day|p1a: SexyAirMan\n|-weather|SunnyDay\n|move|p2a: Giverof2Suns|Fire Blast|p1a: SexyAirMan\n|-damage|p1a: SexyAirMan|41\/100\n|-damage|p2a: Giverof2Suns|3\/100|[from] item: Life Orb\n|\n|-weather|SunnyDay|[upkeep]\n|upkeep\n|turn|7\n|\n|t:|1699844418\n|move|p2a: Giverof2Suns|Fire Blast|p1a: SexyAirMan|[miss]\n|-miss|p2a: Giverof2Suns|p1a: SexyAirMan\n|move|p1a: SexyAirMan|Bleakwind Storm|p2a: Giverof2Suns|[miss]\n|-miss|p1a: SexyAirMan|p2a: Giverof2Suns\n|\n|-weather|SunnyDay|[upkeep]\n|upkeep\n|turn|8\n|\n|t:|1699844424\n|move|p2a: Giverof2Suns|Fire Blast|p1a: SexyAirMan\n|-damage|p1a: SexyAirMan|0 fnt\n|faint|p1a: SexyAirMan\n|-damage|p2a: Giverof2Suns|0 fnt|[from] item: Life Orb\n|faint|p2a: Giverof2Suns\n|\n|-weather|SunnyDay|[upkeep]\n|upkeep\n|\n|t:|1699844441\n|switch|p2a: Slice boi|Kingambit, M|100\/100\n|switch|p1a: JustATree|Trevenant, M|100\/100\n|turn|9\n|\n|t:|1699844453\n|move|p1a: JustATree|Drain Punch|p2a: Slice boi\n|-supereffective|p2a: Slice boi\n|-damage|p2a: Slice boi|25\/100\n|move|p2a: Slice boi|Tera Blast|p1a: JustATree\n|-immune|p1a: JustATree\n|\n|-weather|SunnyDay|[upkeep]\n|upkeep\n|turn|10\n|\n|t:|1699844466\n|move|p2a: Slice boi|Sucker Punch|p1a: JustATree\n|-supereffective|p1a: JustATree\n|-crit|p1a: JustATree\n|-damage|p1a: JustATree|0 fnt\n|faint|p1a: JustATree\n|\n|-weather|SunnyDay|[upkeep]\n|upkeep\n|\n|t:|1699844474\n|switch|p1a: Defibulator|Pawmot, M|100\/100\n|turn|11\n|\n|t:|1699844477\n|move|p2a: Slice boi|Sucker Punch||[still]\n|-fail|p2a: Slice boi\n|move|p1a: Defibulator|Revival Blessing|p1a: Defibulator\n|-enditem|p1a: Defibulator|Leppa Berry|[eat]\n|-activate|p1a: Defibulator|item: Leppa Berry|Revival Blessing|[consumed]\n|\n|t:|1699844479\n|-heal|p1: JustATree|50\/100|[from] move: Revival Blessing\n|\n|-weather|SunnyDay|[upkeep]\n|upkeep\n|turn|12\n|\n|t:|1699844486\n|move|p2a: Slice boi|Sucker Punch||[still]\n|-fail|p2a: Slice boi\n|move|p1a: Defibulator|Revival Blessing|p1a: Defibulator\n|\n|t:|1699844490\n|-heal|p1: SexyDogWoman|50\/100|[from] move: Revival Blessing\n|\n|-weather|SunnyDay|[upkeep]\n|upkeep\n|turn|13\n|\n|t:|1699844496\n|switch|p2a: Try Me|Ditto|100\/100\n|-transform|p2a: Try Me|p1a: Defibulator|[from] ability: Imposter\n|move|p1a: Defibulator|Double Shock|p2a: Try Me\n|-immune|p2a: Try Me|[from] ability: Volt Absorb\n|\n|-weather|none\n|upkeep\n|turn|14\n|\n|t:|1699844512\n|switch|p1a: Clever Girl|Walking Wake|100\/100\n|move|p2a: Try Me|Revival Blessing|p2a: Try Me\n|\n|t:|1699844517\n|-heal|p2: Giverof2Suns|50\/100|[from] move: Revival Blessing\n|\n|upkeep\n|turn|15\n|\n|t:|1699844525\n|-activate|p2a: Try Me|move: Struggle\n|move|p2a: Try Me|Struggle|p1a: Clever Girl\n|-damage|p1a: Clever Girl|81\/100\n|-damage|p2a: Try Me|75\/100|[from] recoil\n|move|p1a: Clever Girl|Dragon Pulse|p2a: Try Me\n|-damage|p2a: Try Me|0 fnt\n|faint|p2a: Try Me\n|\n|upkeep\n|\n|t:|1699844540\n|switch|p2a: Giverof2Suns|Dragapult, F|50\/100\n|turn|16\n|\n|t:|1699844543\n|-terastallize|p1a: Clever Girl|Water\n|move|p2a: Giverof2Suns|Dragon Darts|p1a: Clever Girl\n|-damage|p1a: Clever Girl|42\/100\n|-anim|p2a: Giverof2Suns|Dragon Darts|p1a: Clever Girl\n|-damage|p1a: Clever Girl|7\/100\n|-damage|p2a: Giverof2Suns|41\/100|[from] item: Life Orb\n|move|p1a: Clever Girl|Dragon Pulse|p2a: Giverof2Suns\n|-supereffective|p2a: Giverof2Suns\n|-damage|p2a: Giverof2Suns|0 fnt\n|faint|p2a: Giverof2Suns\n|\n|upkeep\n|\n|t:|1699844554\n|switch|p2a: Slice boi|Kingambit, M|25\/100\n|turn|17\n|\n|t:|1699844558\n|-end|p1a: Clever Girl|Protosynthesis|[silent]\n|switch|p1a: Defibulator|Pawmot, M|100\/100\n|move|p2a: Slice boi|Sucker Punch||[still]\n|-fail|p2a: Slice boi\n|\n|upkeep\n|turn|18\n|\n|t:|1699844565\n|switch|p2a: Let me In|Hypno, M|100\/100\n|-activate|p2a: Let me In|ability: Forewarn|Double Shock|[of] p1a: Defibulator\n|move|p1a: Defibulator|Close Combat|p2a: Let me In\n|-resisted|p2a: Let me In\n|-damage|p2a: Let me In|67\/100\n|-unboost|p1a: Defibulator|def|1\n|-unboost|p1a: Defibulator|spd|1\n|\n|-heal|p2a: Let me In|73\/100|[from] item: Leftovers\n|upkeep\n|turn|19\n|\n|t:|1699844575\n|move|p1a: Defibulator|Knock Off|p2a: Let me In\n|-supereffective|p2a: Let me In\n|-damage|p2a: Let me In|2\/100\n|-enditem|p2a: Let me In|Leftovers|[from] move: Knock Off|[of] p1a: Defibulator\n|move|p2a: Let me In|Nasty Plot|p2a: Let me In\n|-boost|p2a: Let me In|spa|2\n|\n|upkeep\n|turn|20\n|\n|t:|1699844586\n|move|p1a: Defibulator|Double Shock|p2a: Let me In\n|-damage|p2a: Let me In|0 fnt\n|-start|p1a: Defibulator|typechange|???\/Fighting|[from] move: Double Shock\n|faint|p2a: Let me In\n|\n|upkeep\n|\n|t:|1699844593\n|switch|p2a: Double edged head|Haxorus, M|100\/100\n|turn|21\n|\n|t:|1699844598\n|move|p1a: Defibulator|Knock Off|p2a: Double edged head\n|-damage|p2a: Double edged head|58\/100\n|-enditem|p2a: Double edged head|Leftovers|[from] move: Knock Off|[of] p1a: Defibulator\n|move|p2a: Double edged head|Focus Blast|p1a: Defibulator\n|-damage|p1a: Defibulator|19\/100\n|\n|upkeep\n|turn|22\n|\n|t:|1699844607\n|move|p1a: Defibulator|Close Combat|p2a: Double edged head\n|-damage|p2a: Double edged head|0 fnt\n|-unboost|p1a: Defibulator|def|1\n|-unboost|p1a: Defibulator|spd|1\n|faint|p2a: Double edged head\n|\n|upkeep\n|\n|t:|1699844613\n|switch|p2a: Slice boi|Kingambit, M|25\/100\n|turn|23\n|\n|t:|1699844622\n|move|p1a: Defibulator|Close Combat|p2a: Slice boi\n|-supereffective|p2a: Slice boi\n|-damage|p2a: Slice boi|0 fnt\n|-unboost|p1a: Defibulator|def|1\n|-unboost|p1a: Defibulator|spd|1\n|faint|p2a: Slice boi\n|\n|win|S3PP1\n","uploadtime":1699844631,"views":22,"p1id":"s3pp1","p2id":"beardofthered","formatid":"gen9ou","rating":0,"private":0,"password":""}