{"id":"gen9ou-1991348013","p1":"Pumpkinsausage1","p2":"XtremeSkillz22","format":"[Gen 9] OU","log":"|j|\u2606Pumpkinsausage1\n|j|\u2606XtremeSkillz22\n|t:|1700069636\n|gametype|singles\n|player|p1|Pumpkinsausage1|266|1545\n|player|p2|XtremeSkillz22|sightseerf|1572\n|teamsize|p1|6\n|teamsize|p2|6\n|gen|9\n|tier|[Gen 9] OU\n|rated|\n|rule|Sleep Clause Mod: Limit one foe put to sleep\n|rule|Species Clause: Limit one of each Pok\u00e9mon\n|rule|OHKO Clause: OHKO moves are banned\n|rule|Evasion Items Clause: Evasion items are banned\n|rule|Evasion Moves Clause: Evasion moves are banned\n|rule|Endless Battle Clause: Forcing endless battles is banned\n|rule|HP Percentage Mod: HP is shown in percentages\n|clearpoke\n|poke|p1|Ting-Lu|\n|poke|p1|Gholdengo|\n|poke|p1|Toxapex, M|\n|poke|p1|Garganacl, M|\n|poke|p1|Great Tusk|\n|poke|p1|Amoonguss, F|\n|poke|p2|Kingambit, F|\n|poke|p2|Amoonguss, M|\n|poke|p2|Cinderace, M|\n|poke|p2|Great Tusk|\n|poke|p2|Thundurus, M|\n|poke|p2|Greninja-*, F|\n|teampreview\n|inactive|Battle timer is ON: inactive players will automatically lose when time's up. (requested by XtremeSkillz22)\n|\n|t:|1700069641\n|start\n|switch|p1a: Great Tusks|Garganacl, M|100\/100\n|switch|p2a: Greninja|Greninja, F|100\/100\n|turn|1\n|\n|t:|1700069643\n|-terastallize|p1a: Great Tusks|Fairy\n|move|p2a: Greninja|Surf|p1a: Great Tusks\n|-start|p2a: Greninja|typechange|Water|[from] ability: Protean\n|-damage|p1a: Great Tusks|47\/100\n|move|p1a: Great Tusks|Salt Cure|p2a: Greninja\n|-damage|p2a: Greninja|79\/100\n|-start|p2a: Greninja|Salt Cure\n|\n|-heal|p1a: Great Tusks|53\/100|[from] item: Leftovers\n|-damage|p2a: Greninja|55\/100|[from] Salt Cure\n|upkeep\n|turn|2\n|\n|t:|1700069651\n|switch|p2a: Amoonguss|Amoonguss, M, shiny|100\/100\n|move|p1a: Great Tusks|Recover|p1a: Great Tusks\n|-heal|p1a: Great Tusks|100\/100\n|\n|upkeep\n|turn|3\n|\n|t:|1700069658\n|switch|p1a: Glisscor|Gholdengo|100\/100\n|move|p2a: Amoonguss|Sludge Bomb|p1a: Glisscor\n|-immune|p1a: Glisscor\n|\n|upkeep\n|turn|4\n|\n|t:|1700069667\n|switch|p2a: Cinderace|Cinderace, M|100\/100\n|move|p1a: Glisscor|Shadow Ball|p2a: Cinderace\n|-damage|p2a: Cinderace|44\/100\n|\n|upkeep\n|turn|5\n|\n|t:|1700069676\n|switch|p1a: Great Tusks|Garganacl, M, tera:Fairy|100\/100\n|move|p2a: Cinderace|Pyro Ball|p1a: Great Tusks\n|-damage|p1a: Great Tusks|59\/100\n|-damage|p2a: Cinderace|34\/100|[from] item: Life Orb\n|\n|-heal|p1a: Great Tusks|65\/100|[from] item: Leftovers\n|upkeep\n|turn|6\n|\n|t:|1700069695\n|switch|p2a: Amoonguss|Amoonguss, M, shiny|100\/100\n|move|p1a: Great Tusks|Salt Cure|p2a: Amoonguss\n|-damage|p2a: Amoonguss|90\/100\n|-start|p2a: Amoonguss|Salt Cure\n|\n|-heal|p1a: Great Tusks|71\/100|[from] item: Leftovers\n|-damage|p2a: Amoonguss|78\/100|[from] Salt Cure\n|upkeep\n|turn|7\n|\n|t:|1700069701\n|move|p1a: Great Tusks|Protect|p1a: Great Tusks\n|-singleturn|p1a: Great Tusks|Protect\n|move|p2a: Amoonguss|Foul Play|p1a: Great Tusks\n|-activate|p1a: Great Tusks|move: Protect\n|\n|-heal|p1a: Great Tusks|77\/100|[from] item: Leftovers\n|-damage|p2a: Amoonguss|65\/100|[from] Salt Cure\n|upkeep\n|turn|8\n|\n|t:|1700069716\n|switch|p2a: Kingambit|Kingambit, F, shiny|100\/100\n|switch|p1a: Glisscor|Gholdengo|100\/100\n|\n|upkeep\n|turn|9\n|\n|t:|1700069724\n|switch|p1a: Amoonguss|Amoonguss, F|100\/100\n|move|p2a: Kingambit|Kowtow Cleave|p1a: Amoonguss\n|-damage|p1a: Amoonguss|59\/100\n|-damage|p2a: Kingambit|84\/100|[from] item: Rocky Helmet|[of] p1a: Amoonguss\n|\n|upkeep\n|turn|10\n|\n|t:|1700069730\n|-end|p2a: Kingambit|fallenundefined|[silent]\n|switch|p2a: Amoonguss|Amoonguss, M, shiny|99\/100\n|move|p1a: Amoonguss|Spore|p2a: Amoonguss\n|-immune|p2a: Amoonguss\n|\n|upkeep\n|turn|11\n|\n|t:|1700069736\n|switch|p2a: Greninja|Greninja, F|55\/100\n|switch|p1a: Glisscor|Gholdengo|100\/100\n|\n|upkeep\n|turn|12\n|\n|t:|1700069746\n|switch|p1a: Garganacal|Toxapex, M|100\/100\n|move|p2a: Greninja|Surf|p1a: Garganacal\n|-start|p2a: Greninja|typechange|Water|[from] ability: Protean\n|-resisted|p1a: Garganacal\n|-damage|p1a: Garganacal|80\/100\n|\n|-heal|p1a: Garganacal|87\/100|[from] item: Black Sludge\n|upkeep\n|turn|13\n|\n|t:|1700069755\n|switch|p2a: Great Tusk|Great Tusk|100\/100\n|move|p1a: Garganacal|Infestation|p2a: Great Tusk\n|-resisted|p2a: Great Tusk\n|-damage|p2a: Great Tusk|98\/100\n|-activate|p2a: Great Tusk|move: Infestation|[of] p1a: Garganacal\n|\n|-heal|p2a: Great Tusk|100\/100|[from] item: Leftovers\n|-heal|p1a: Garganacal|93\/100|[from] item: Black Sludge\n|-damage|p2a: Great Tusk|88\/100|[from] move: Infestation|[partiallytrapped]\n|upkeep\n|turn|14\n|\n|t:|1700069765\n|switch|p1a: Great Tusks|Garganacl, M, tera:Fairy|77\/100\n|move|p2a: Great Tusk|Rapid Spin|p1a: Great Tusks\n|-damage|p1a: Great Tusks|69\/100\n|-boost|p2a: Great Tusk|spe|1\n|-end|p2a: Great Tusk|Infestation|[partiallytrapped]\n|\n|-heal|p2a: Great Tusk|94\/100|[from] item: Leftovers\n|-heal|p1a: Great Tusks|75\/100|[from] item: Leftovers\n|upkeep\n|turn|15\n|\n|t:|1700069772\n|move|p2a: Great Tusk|Earthquake|p1a: Great Tusks\n|-damage|p1a: Great Tusks|49\/100\n|move|p1a: Great Tusks|Salt Cure|p2a: Great Tusk\n|-resisted|p2a: Great Tusk\n|-damage|p2a: Great Tusk|92\/100\n|-start|p2a: Great Tusk|Salt Cure\n|\n|-heal|p2a: Great Tusk|98\/100|[from] item: Leftovers\n|-heal|p1a: Great Tusks|55\/100|[from] item: Leftovers\n|-damage|p2a: Great Tusk|86\/100|[from] Salt Cure\n|upkeep\n|turn|16\n|\n|t:|1700069777\n|-end|p2a: Great Tusk|Protosynthesis|[silent]\n|switch|p2a: Kingambit|Kingambit, F, shiny|84\/100\n|move|p1a: Great Tusks|Recover|p1a: Great Tusks\n|-heal|p1a: Great Tusks|100\/100\n|\n|upkeep\n|turn|17\n|\n|t:|1700069783\n|move|p2a: Kingambit|Iron Head|p1a: Great Tusks\n|-supereffective|p1a: Great Tusks\n|-damage|p1a: Great Tusks|55\/100\n|move|p1a: Great Tusks|Salt Cure|p2a: Kingambit\n|-resisted|p2a: Kingambit\n|-damage|p2a: Kingambit|79\/100\n|-start|p2a: Kingambit|Salt Cure\n|\n|-heal|p1a: Great Tusks|62\/100|[from] item: Leftovers\n|-damage|p2a: Kingambit|54\/100|[from] Salt Cure\n|upkeep\n|turn|18\n|\n|t:|1700069792\n|-end|p2a: Kingambit|fallenundefined|[silent]\n|switch|p2a: Amoonguss|Amoonguss, M, shiny|100\/100\n|move|p1a: Great Tusks|Protect||[still]\n|-fail|p1a: Great Tusks\n|\n|-heal|p1a: Great Tusks|68\/100|[from] item: Leftovers\n|upkeep\n|turn|19\n|\n|t:|1700069796\n|move|p1a: Great Tusks|Protect|p1a: Great Tusks\n|-singleturn|p1a: Great Tusks|Protect\n|move|p2a: Amoonguss|Sludge Bomb|p1a: Great Tusks\n|-activate|p1a: Great Tusks|move: Protect\n|\n|-heal|p1a: Great Tusks|74\/100|[from] item: Leftovers\n|upkeep\n|turn|20\n|\n|t:|1700069809\n|move|p2a: Amoonguss|Sludge Bomb|p1a: Great Tusks\n|-supereffective|p1a: Great Tusks\n|-crit|p1a: Great Tusks\n|-damage|p1a: Great Tusks|0 fnt\n|faint|p1a: Great Tusks\n|\n|upkeep\n|c|\u2606Pumpkinsausage1|that crit\n|\n|t:|1700069822\n|switch|p1a: Glisscor|Gholdengo|100\/100\n|turn|21\n|\n|t:|1700069831\n|switch|p2a: Kingambit|Kingambit, F, shiny|54\/100\n|move|p1a: Glisscor|Trick|p2a: Kingambit\n|-activate|p1a: Glisscor|move: Trick|[of] p2a: Kingambit\n|-item|p2a: Kingambit|Choice Scarf|[from] move: Trick\n|-item|p1a: Glisscor|Black Glasses|[from] move: Trick\n|\n|upkeep\n|turn|22\n|\n|t:|1700069842\n|switch|p1a: Amoonguss|Amoonguss, F|92\/100\n|move|p2a: Kingambit|Kowtow Cleave|p1a: Amoonguss\n|-damage|p1a: Amoonguss|55\/100\n|-damage|p2a: Kingambit|38\/100|[from] item: Rocky Helmet|[of] p1a: Amoonguss\n|\n|upkeep\n|turn|23\n|\n|t:|1700069862\n|switch|p1a: Iron Vailant|Great Tusk|100\/100\n|move|p2a: Kingambit|Kowtow Cleave|p1a: Iron Vailant\n|-resisted|p1a: Iron Vailant\n|-damage|p1a: Iron Vailant|86\/100\n|\n|-heal|p1a: Iron Vailant|92\/100|[from] item: Leftovers\n|upkeep\n|turn|24\n|\n|t:|1700069869\n|-end|p2a: Kingambit|fallenundefined|[silent]\n|switch|p2a: Thundurus|Thundurus, M|100\/100\n|move|p1a: Iron Vailant|Earthquake|p2a: Thundurus\n|-immune|p2a: Thundurus\n|\n|-heal|p1a: Iron Vailant|99\/100|[from] item: Leftovers\n|upkeep\n|turn|25\n|\n|t:|1700069876\n|-end|p1a: Iron Vailant|Protosynthesis|[silent]\n|switch|p1a: Ting-Lu|Ting-Lu|100\/100\n|-ability|p1a: Ting-Lu|Vessel of Ruin\n|move|p2a: Thundurus|Grass Knot|p1a: Ting-Lu\n|-supereffective|p1a: Ting-Lu\n|-damage|p1a: Ting-Lu|78\/100\n|\n|upkeep\n|turn|26\n|\n|t:|1700069882\n|switch|p2a: Great Tusk|Great Tusk|86\/100\n|move|p1a: Ting-Lu|Ruination|p2a: Great Tusk\n|-damage|p2a: Great Tusk|43\/100\n|\n|-heal|p2a: Great Tusk|49\/100|[from] item: Leftovers\n|upkeep\n|turn|27\n|\n|t:|1700069887\n|switch|p1a: Amoonguss|Amoonguss, F|88\/100\n|move|p2a: Great Tusk|Rapid Spin|p1a: Amoonguss\n|-damage|p1a: Amoonguss|75\/100\n|-boost|p2a: Great Tusk|spe|1\n|-damage|p2a: Great Tusk|33\/100|[from] item: Rocky Helmet|[of] p1a: Amoonguss\n|\n|-heal|p2a: Great Tusk|39\/100|[from] item: Leftovers\n|upkeep\n|turn|28\n|\n|t:|1700069895\n|-end|p2a: Great Tusk|Protosynthesis|[silent]\n|switch|p2a: Kingambit|Kingambit, F, shiny|38\/100\n|move|p1a: Amoonguss|Sludge Bomb|p2a: Kingambit\n|-immune|p2a: Kingambit\n|\n|upkeep\n|turn|29\n|\n|t:|1700069900\n|move|p2a: Kingambit|Kowtow Cleave|p1a: Amoonguss\n|-damage|p1a: Amoonguss|36\/100\n|-damage|p2a: Kingambit|22\/100|[from] item: Rocky Helmet|[of] p1a: Amoonguss\n|move|p1a: Amoonguss|Spore|p2a: Kingambit\n|-status|p2a: Kingambit|slp|[from] move: Spore\n|\n|upkeep\n|turn|30\n|\n|t:|1700069906\n|-end|p2a: Kingambit|fallenundefined|[silent]\n|switch|p2a: Cinderace|Cinderace, M|34\/100\n|move|p1a: Amoonguss|Sludge Bomb|p2a: Cinderace\n|-damage|p2a: Cinderace|0 fnt\n|faint|p2a: Cinderace\n|\n|upkeep\n|\n|t:|1700069914\n|switch|p2a: Great Tusk|Great Tusk|39\/100\n|turn|31\n|\n|t:|1700069919\n|switch|p1a: Iron Vailant|Great Tusk|99\/100\n|move|p2a: Great Tusk|Earthquake|p1a: Iron Vailant\n|-damage|p1a: Iron Vailant|70\/100\n|\n|-heal|p2a: Great Tusk|45\/100|[from] item: Leftovers\n|-heal|p1a: Iron Vailant|76\/100|[from] item: Leftovers\n|upkeep\n|turn|32\n|\n|t:|1700069925\n|-end|p2a: Great Tusk|Protosynthesis|[silent]\n|switch|p2a: Thundurus|Thundurus, M|100\/100\n|move|p1a: Iron Vailant|Knock Off|p2a: Thundurus\n|-damage|p2a: Thundurus|64\/100\n|-enditem|p2a: Thundurus|Heavy-Duty Boots|[from] move: Knock Off|[of] p1a: Iron Vailant\n|\n|-heal|p1a: Iron Vailant|83\/100|[from] item: Leftovers\n|upkeep\n|turn|33\n|\n|t:|1700069941\n|-end|p1a: Iron Vailant|Protosynthesis|[silent]\n|switch|p1a: Ting-Lu|Ting-Lu|78\/100\n|-ability|p1a: Ting-Lu|Vessel of Ruin\n|move|p2a: Thundurus|Grass Knot|p1a: Ting-Lu\n|-supereffective|p1a: Ting-Lu\n|-damage|p1a: Ting-Lu|55\/100\n|\n|upkeep\n|turn|34\n|\n|t:|1700069952\n|switch|p2a: Greninja|Greninja, F|55\/100\n|move|p1a: Ting-Lu|Earthquake|p2a: Greninja\n|-damage|p2a: Greninja|0 fnt\n|faint|p2a: Greninja\n|\n|upkeep\n|\n|t:|1700069958\n|switch|p2a: Great Tusk|Great Tusk|45\/100\n|turn|35\n|\n|t:|1700069961\n|switch|p1a: Iron Vailant|Great Tusk|83\/100\n|move|p2a: Great Tusk|Close Combat|p1a: Iron Vailant\n|-damage|p1a: Iron Vailant|51\/100\n|-unboost|p2a: Great Tusk|def|1\n|-unboost|p2a: Great Tusk|spd|1\n|\n|-heal|p2a: Great Tusk|51\/100|[from] item: Leftovers\n|-heal|p1a: Iron Vailant|57\/100|[from] item: Leftovers\n|upkeep\n|turn|36\n|\n|t:|1700069966\n|-end|p2a: Great Tusk|Protosynthesis|[silent]\n|switch|p2a: Amoonguss|Amoonguss, M, shiny|100\/100\n|move|p1a: Iron Vailant|Knock Off|p2a: Amoonguss\n|-damage|p2a: Amoonguss|81\/100\n|-damage|p1a: Iron Vailant|40\/100|[from] item: Rocky Helmet|[of] p2a: Amoonguss\n|-enditem|p2a: Amoonguss|Rocky Helmet|[from] move: Knock Off|[of] p1a: Iron Vailant\n|\n|-heal|p1a: Iron Vailant|47\/100|[from] item: Leftovers\n|upkeep\n|turn|37\n|\n|t:|1700069984\n|-end|p1a: Iron Vailant|Protosynthesis|[silent]\n|switch|p1a: Glisscor|Gholdengo|100\/100\n|move|p2a: Amoonguss|Foul Play|p1a: Glisscor\n|-supereffective|p1a: Glisscor\n|-damage|p1a: Glisscor|77\/100\n|\n|upkeep\n|turn|38\n|\n|t:|1700069993\n|switch|p2a: Kingambit|Kingambit, F, shiny|22\/100 slp\n|-activate|p2a: Kingambit|ability: Supreme Overlord\n|-start|p2a: Kingambit|fallen2|[silent]\n|move|p1a: Glisscor|Shadow Ball|p2a: Kingambit\n|-resisted|p2a: Kingambit\n|-damage|p2a: Kingambit|0 fnt\n|faint|p2a: Kingambit\n|-end|p2a: Kingambit|fallen2|[silent]\n|\n|upkeep\n|\n|t:|1700069999\n|switch|p2a: Great Tusk|Great Tusk|51\/100\n|turn|39\n|\n|t:|1700070003\n|switch|p1a: Iron Vailant|Great Tusk|47\/100\n|move|p2a: Great Tusk|Earthquake|p1a: Iron Vailant\n|-damage|p1a: Iron Vailant|21\/100\n|\n|-heal|p2a: Great Tusk|58\/100|[from] item: Leftovers\n|-heal|p1a: Iron Vailant|28\/100|[from] item: Leftovers\n|upkeep\n|turn|40\n|\n|t:|1700070010\n|move|p2a: Great Tusk|Ice Spinner|p1a: Iron Vailant\n|-supereffective|p1a: Iron Vailant\n|-damage|p1a: Iron Vailant|0 fnt\n|faint|p1a: Iron Vailant\n|-end|p1a: Iron Vailant|Protosynthesis|[silent]\n|\n|-heal|p2a: Great Tusk|64\/100|[from] item: Leftovers\n|upkeep\n|\n|t:|1700070016\n|switch|p1a: Amoonguss|Amoonguss, F|70\/100\n|turn|41\n|\n|t:|1700070025\n|-end|p2a: Great Tusk|Protosynthesis|[silent]\n|switch|p2a: Amoonguss|Amoonguss, M, shiny|100\/100\n|move|p1a: Amoonguss|Sludge Bomb|p2a: Amoonguss\n|-damage|p2a: Amoonguss|73\/100\n|\n|upkeep\n|turn|42\n|\n|t:|1700070032\n|move|p2a: Amoonguss|Sludge Bomb|p1a: Amoonguss\n|-damage|p1a: Amoonguss|43\/100\n|move|p1a: Amoonguss|Sludge Bomb|p2a: Amoonguss\n|-damage|p2a: Amoonguss|49\/100\n|\n|upkeep\n|turn|43\n|\n|t:|1700070035\n|switch|p2a: Thundurus|Thundurus, M|64\/100\n|switch|p1a: Garganacal|Toxapex, M|100\/100\n|\n|upkeep\n|turn|44\n|\n|t:|1700070039\n|move|p2a: Thundurus|Taunt|p1a: Garganacal\n|-start|p1a: Garganacal|move: Taunt\n|cant|p1a: Garganacal|move: Taunt|Toxic\n|\n|upkeep\n|turn|45\n|\n|t:|1700070045\n|switch|p1a: Ting-Lu|Ting-Lu|55\/100\n|-ability|p1a: Ting-Lu|Vessel of Ruin\n|move|p2a: Thundurus|Volt Switch|p1a: Ting-Lu\n|-immune|p1a: Ting-Lu\n|\n|upkeep\n|turn|46\n|\n|t:|1700070053\n|switch|p2a: Great Tusk|Great Tusk|64\/100\n|move|p1a: Ting-Lu|Ruination|p2a: Great Tusk\n|-damage|p2a: Great Tusk|32\/100\n|\n|-heal|p2a: Great Tusk|39\/100|[from] item: Leftovers\n|upkeep\n|turn|47\n|\n|t:|1700070059\n|switch|p1a: Amoonguss|Amoonguss, F|77\/100\n|move|p2a: Great Tusk|Close Combat|p1a: Amoonguss\n|-resisted|p1a: Amoonguss\n|-damage|p1a: Amoonguss|54\/100\n|-unboost|p2a: Great Tusk|def|1\n|-unboost|p2a: Great Tusk|spd|1\n|-damage|p2a: Great Tusk|22\/100|[from] item: Rocky Helmet|[of] p1a: Amoonguss\n|\n|-heal|p2a: Great Tusk|28\/100|[from] item: Leftovers\n|upkeep\n|turn|48\n|\n|t:|1700070065\n|-end|p2a: Great Tusk|Protosynthesis|[silent]\n|switch|p2a: Thundurus|Thundurus, M|64\/100\n|move|p1a: Amoonguss|Sludge Bomb|p2a: Thundurus\n|-damage|p2a: Thundurus|42\/100\n|-status|p2a: Thundurus|psn\n|\n|-damage|p2a: Thundurus|30\/100 psn|[from] psn\n|upkeep\n|turn|49\n|\n|t:|1700070076\n|switch|p1a: Ting-Lu|Ting-Lu|55\/100\n|-ability|p1a: Ting-Lu|Vessel of Ruin\n|move|p2a: Thundurus|Thunder Wave|p1a: Ting-Lu\n|-immune|p1a: Ting-Lu\n|\n|-damage|p2a: Thundurus|17\/100 psn|[from] psn\n|upkeep\n|turn|50\n|\n|t:|1700070086\n|move|p2a: Thundurus|Grass Knot|p1a: Ting-Lu\n|-supereffective|p1a: Ting-Lu\n|-damage|p1a: Ting-Lu|32\/100\n|move|p1a: Ting-Lu|Earthquake|p2a: Thundurus\n|-immune|p2a: Thundurus\n|\n|-damage|p2a: Thundurus|5\/100 psn|[from] psn\n|upkeep\n|turn|51\n|\n|t:|1700070090\n|switch|p1a: Glisscor|Gholdengo|77\/100\n|move|p2a: Thundurus|Grass Knot|p1a: Glisscor\n|-resisted|p1a: Glisscor\n|-damage|p1a: Glisscor|66\/100\n|\n|-damage|p2a: Thundurus|0 fnt|[from] psn\n|faint|p2a: Thundurus\n|upkeep\n|\n|t:|1700070092\n|switch|p2a: Great Tusk|Great Tusk|28\/100\n|turn|52\n|\n|t:|1700070096\n|switch|p1a: Amoonguss|Amoonguss, F|88\/100\n|move|p2a: Great Tusk|Earthquake|p1a: Amoonguss\n|-damage|p1a: Amoonguss|52\/100\n|\n|-heal|p2a: Great Tusk|34\/100|[from] item: Leftovers\n|upkeep\n|turn|53\n|\n|t:|1700070110\n|-terastallize|p2a: Great Tusk|Steel\n|move|p2a: Great Tusk|Ice Spinner|p1a: Amoonguss\n|-supereffective|p1a: Amoonguss\n|-damage|p1a: Amoonguss|9\/100\n|-damage|p2a: Great Tusk|18\/100|[from] item: Rocky Helmet|[of] p1a: Amoonguss\n|move|p1a: Amoonguss|Sludge Bomb|p2a: Great Tusk\n|-immune|p2a: Great Tusk\n|\n|-heal|p2a: Great Tusk|24\/100|[from] item: Leftovers\n|upkeep\n|turn|54\n|\n|t:|1700070123\n|switch|p1a: Garganacal|Toxapex, M|100\/100\n|move|p2a: Great Tusk|Earthquake|p1a: Garganacal\n|-supereffective|p1a: Garganacal\n|-damage|p1a: Garganacal|14\/100\n|\n|-heal|p2a: Great Tusk|30\/100|[from] item: Leftovers\n|-heal|p1a: Garganacal|20\/100|[from] item: Black Sludge\n|upkeep\n|turn|55\n|\n|t:|1700070143\n|move|p2a: Great Tusk|Earthquake|p1a: Garganacal\n|-supereffective|p1a: Garganacal\n|-damage|p1a: Garganacal|0 fnt\n|faint|p1a: Garganacal\n|\n|-heal|p2a: Great Tusk|37\/100|[from] item: Leftovers\n|upkeep\n|\n|t:|1700070149\n|switch|p1a: Glisscor|Gholdengo|66\/100\n|turn|56\n|\n|t:|1700070154\n|move|p2a: Great Tusk|Earthquake|p1a: Glisscor\n|-supereffective|p1a: Glisscor\n|-damage|p1a: Glisscor|0 fnt\n|faint|p1a: Glisscor\n|\n|-heal|p2a: Great Tusk|43\/100|[from] item: Leftovers\n|upkeep\n|\n|t:|1700070156\n|switch|p1a: Amoonguss|Amoonguss, F|42\/100\n|turn|57\n|\n|t:|1700070161\n|move|p2a: Great Tusk|Ice Spinner|p1a: Amoonguss\n|-supereffective|p1a: Amoonguss\n|-damage|p1a: Amoonguss|3\/100\n|-damage|p2a: Great Tusk|26\/100|[from] item: Rocky Helmet|[of] p1a: Amoonguss\n|move|p1a: Amoonguss|Spore|p2a: Great Tusk\n|-status|p2a: Great Tusk|slp|[from] move: Spore\n|\n|-heal|p2a: Great Tusk|33\/100 slp|[from] item: Leftovers\n|upkeep\n|turn|58\n|\n|t:|1700070166\n|-end|p2a: Great Tusk|Protosynthesis|[silent]\n|switch|p2a: Amoonguss|Amoonguss, M, shiny|82\/100\n|switch|p1a: Ting-Lu|Ting-Lu|32\/100\n|-ability|p1a: Ting-Lu|Vessel of Ruin\n|\n|upkeep\n|turn|59\n|\n|t:|1700070172\n|switch|p1a: Amoonguss|Amoonguss, F|36\/100\n|move|p2a: Amoonguss|Giga Drain|p1a: Amoonguss\n|-resisted|p1a: Amoonguss\n|-damage|p1a: Amoonguss|30\/100\n|-heal|p2a: Amoonguss|85\/100|[from] drain|[of] p1a: Amoonguss\n|\n|upkeep\n|turn|60\n|\n|t:|1700070177\n|switch|p1a: Ting-Lu|Ting-Lu|32\/100\n|-ability|p1a: Ting-Lu|Vessel of Ruin\n|move|p2a: Amoonguss|Sludge Bomb|p1a: Ting-Lu\n|-resisted|p1a: Ting-Lu\n|-damage|p1a: Ting-Lu|28\/100\n|\n|upkeep\n|turn|61\n|\n|t:|1700070184\n|move|p1a: Ting-Lu|Ruination|p2a: Amoonguss|[miss]\n|-miss|p1a: Ting-Lu|p2a: Amoonguss\n|move|p2a: Amoonguss|Spore|p1a: Ting-Lu\n|-status|p1a: Ting-Lu|slp|[from] move: Spore\n|\n|upkeep\n|turn|62\n|\n|t:|1700070188\n|switch|p1a: Amoonguss|Amoonguss, F|63\/100\n|move|p2a: Amoonguss|Sludge Bomb|p1a: Amoonguss\n|-damage|p1a: Amoonguss|35\/100\n|\n|upkeep\n|turn|63\n|\n|t:|1700070191\n|switch|p1a: Ting-Lu|Ting-Lu|28\/100 slp\n|-ability|p1a: Ting-Lu|Vessel of Ruin\n|move|p2a: Amoonguss|Sludge Bomb|p1a: Ting-Lu\n|-resisted|p1a: Ting-Lu\n|-damage|p1a: Ting-Lu|24\/100 slp\n|\n|upkeep\n|turn|64\n|\n|t:|1700070195\n|cant|p1a: Ting-Lu|slp\n|move|p2a: Amoonguss|Sludge Bomb|p1a: Ting-Lu\n|-resisted|p1a: Ting-Lu\n|-damage|p1a: Ting-Lu|20\/100 slp\n|\n|upkeep\n|turn|65\n|\n|t:|1700070196\n|cant|p1a: Ting-Lu|slp\n|move|p2a: Amoonguss|Giga Drain|p1a: Ting-Lu\n|-supereffective|p1a: Ting-Lu\n|-damage|p1a: Ting-Lu|5\/100 slp\n|-heal|p2a: Amoonguss|94\/100|[from] drain|[of] p1a: Ting-Lu\n|\n|upkeep\n|turn|66\n|\n|t:|1700070198\n|-curestatus|p1a: Ting-Lu|slp|[msg]\n|move|p1a: Ting-Lu|Earthquake|p2a: Amoonguss\n|-damage|p2a: Amoonguss|69\/100\n|move|p2a: Amoonguss|Giga Drain|p1a: Ting-Lu\n|-supereffective|p1a: Ting-Lu\n|-damage|p1a: Ting-Lu|0 fnt\n|-heal|p2a: Amoonguss|71\/100|[from] drain|[of] p1a: Ting-Lu\n|faint|p1a: Ting-Lu\n|\n|upkeep\n|\n|t:|1700070202\n|switch|p1a: Amoonguss|Amoonguss, F|69\/100\n|turn|67\n|\n|t:|1700070205\n|move|p2a: Amoonguss|Sludge Bomb|p1a: Amoonguss\n|-damage|p1a: Amoonguss|41\/100\n|move|p1a: Amoonguss|Sludge Bomb|p2a: Amoonguss\n|-damage|p2a: Amoonguss|47\/100\n|\n|upkeep\n|turn|68\n|\n|t:|1700070209\n|switch|p2a: Great Tusk|Great Tusk, tera:Steel|33\/100 slp\n|move|p1a: Amoonguss|Sludge Bomb|p2a: Great Tusk\n|-immune|p2a: Great Tusk\n|\n|-heal|p2a: Great Tusk|39\/100 slp|[from] item: Leftovers\n|upkeep\n|turn|69\n|\n|t:|1700070214\n|-end|p2a: Great Tusk|Protosynthesis|[silent]\n|switch|p2a: Amoonguss|Amoonguss, M, shiny|80\/100\n|move|p1a: Amoonguss|Foul Play|p2a: Amoonguss\n|-damage|p2a: Amoonguss|70\/100\n|\n|upkeep\n|turn|70\n|\n|t:|1700070216\n|move|p2a: Amoonguss|Sludge Bomb|p1a: Amoonguss\n|-damage|p1a: Amoonguss|16\/100\n|move|p1a: Amoonguss|Sludge Bomb|p2a: Amoonguss\n|-damage|p2a: Amoonguss|45\/100\n|\n|upkeep\n|turn|71\n|\n|t:|1700070218\n|move|p2a: Amoonguss|Sludge Bomb|p1a: Amoonguss\n|-damage|p1a: Amoonguss|0 fnt\n|faint|p1a: Amoonguss\n|\n|win|XtremeSkillz22\n|raw|Pumpkinsausage1's rating: 1545 &rarr; <strong>1527<\/strong><br \/>(-18 for losing)\n|raw|XtremeSkillz22's rating: 1572 &rarr; <strong>1590<\/strong><br \/>(+18 for winning)\n|c|\u2606Pumpkinsausage1|gg\n|c|\u2606XtremeSkillz22|well played\n|c|\u2606Pumpkinsausage1|likewise\n|l|\u2606Pumpkinsausage1\n","uploadtime":1700070248,"views":7,"p1id":"pumpkinsausage1","p2id":"xtremeskillz22","formatid":"gen9ou","rating":1527,"private":0,"password":""}