{"id":"gen9ou-1988724241","p1":"onlyironuser","p2":"RovaRed","format":"[Gen 9] OU","log":"|j|\u2606onlyironuser\n|j|\u2606RovaRed\n|t:|1699755133\n|gametype|singles\n|player|p1|onlyironuser|wattson|1406\n|player|p2|RovaRed|wicke|1410\n|teamsize|p1|6\n|teamsize|p2|6\n|gen|9\n|tier|[Gen 9] OU\n|rated|\n|rule|Sleep Clause Mod: Limit one foe put to sleep\n|rule|Species Clause: Limit one of each Pok\u00e9mon\n|rule|OHKO Clause: OHKO moves are banned\n|rule|Evasion Items Clause: Evasion items are banned\n|rule|Evasion Moves Clause: Evasion moves are banned\n|rule|Endless Battle Clause: Forcing endless battles is banned\n|rule|HP Percentage Mod: HP is shown in percentages\n|clearpoke\n|poke|p1|Iron Thorns|\n|poke|p1|Iron Valiant|\n|poke|p1|Iron Moth|\n|poke|p1|Iron Jugulis|\n|poke|p1|Iron Leaves|\n|poke|p1|Iron Treads|\n|poke|p2|Shiftry, M|\n|poke|p2|Iron Moth|\n|poke|p2|Rillaboom, F|\n|poke|p2|Brambleghast, M|\n|poke|p2|Sneasler, M|\n|poke|p2|Great Tusk|\n|teampreview\n|inactive|Battle timer is ON: inactive players will automatically lose when time's up. (requested by onlyironuser)\n|c|\u2606onlyironuser|Glhf\n|c|\u2606RovaRed|thx u2\n|\n|t:|1699755146\n|start\n|switch|p1a: Iron Thorns|Iron Thorns|100\/100\n|switch|p2a: The Fumble|Shiftry, M|100\/100\n|-enditem|p1a: Iron Thorns|Booster Energy\n|-activate|p1a: Iron Thorns|ability: Quark Drive|[fromitem]\n|-start|p1a: Iron Thorns|quarkdriveatk\n|turn|1\n|\n|t:|1699755153\n|move|p2a: The Fumble|Tailwind|p2a: The Fumble\n|-sidestart|p2: RovaRed|move: Tailwind\n|-ability|p2a: The Fumble|Wind Rider|boost\n|-boost|p2a: The Fumble|atk|1\n|move|p1a: Iron Thorns|Dragon Dance|p1a: Iron Thorns\n|-boost|p1a: Iron Thorns|atk|1\n|-boost|p1a: Iron Thorns|spe|1\n|\n|upkeep\n|turn|2\n|\n|t:|1699755163\n|-terastallize|p1a: Iron Thorns|Flying\n|move|p2a: The Fumble|Explosion|p1a: Iron Thorns\n|-damage|p1a: Iron Thorns|1\/100\n|faint|p2a: The Fumble\n|move|p1a: Iron Thorns|Dragon Dance|p1a: Iron Thorns\n|-boost|p1a: Iron Thorns|atk|1\n|-boost|p1a: Iron Thorns|spe|1\n|\n|upkeep\n|\n|t:|1699755169\n|switch|p2a: The Tumble|Brambleghast, M|100\/100\n|-ability|p2a: The Tumble|Wind Rider|boost\n|-boost|p2a: The Tumble|atk|1\n|turn|3\n|\n|t:|1699755173\n|move|p2a: The Tumble|Shadow Sneak|p1a: Iron Thorns\n|-damage|p1a: Iron Thorns|0 fnt\n|faint|p1a: Iron Thorns\n|-end|p1a: Iron Thorns|Quark Drive|[silent]\n|\n|upkeep\n|\n|t:|1699755182\n|switch|p1a: Iron Leaves|Iron Leaves|100\/100\n|-enditem|p1a: Iron Leaves|Booster Energy\n|-activate|p1a: Iron Leaves|ability: Quark Drive|[fromitem]\n|-start|p1a: Iron Leaves|quarkdrivespe\n|turn|4\n|\n|t:|1699755198\n|move|p2a: The Tumble|Shadow Sneak|p1a: Iron Leaves\n|-supereffective|p1a: Iron Leaves\n|-damage|p1a: Iron Leaves|26\/100\n|move|p1a: Iron Leaves|Psyblade|p2a: The Tumble\n|-damage|p2a: The Tumble|27\/100\n|\n|-sideend|p2: RovaRed|move: Tailwind\n|upkeep\n|turn|5\n|\n|t:|1699755205\n|move|p2a: The Tumble|Shadow Sneak|p1a: Iron Leaves\n|-supereffective|p1a: Iron Leaves\n|-damage|p1a: Iron Leaves|0 fnt\n|faint|p1a: Iron Leaves\n|-end|p1a: Iron Leaves|Quark Drive|[silent]\n|\n|upkeep\n|\n|t:|1699755216\n|switch|p1a: Iron Moth|Iron Moth|100\/100\n|-enditem|p1a: Iron Moth|Booster Energy\n|-activate|p1a: Iron Moth|ability: Quark Drive|[fromitem]\n|-start|p1a: Iron Moth|quarkdrivespe\n|turn|6\n|inactive|RovaRed has 120 seconds left.\n|\n|t:|1699755247\n|switch|p2a: Hookline|Rillaboom, F|100\/100\n|-fieldstart|move: Grassy Terrain|[from] ability: Grassy Surge|[of] p2a: Hookline\n|move|p1a: Iron Moth|Substitute|p1a: Iron Moth\n|-start|p1a: Iron Moth|Substitute\n|-damage|p1a: Iron Moth|76\/100\n|\n|-heal|p1a: Iron Moth|82\/100|[from] Grassy Terrain\n|upkeep\n|turn|7\n|\n|t:|1699755253\n|move|p1a: Iron Moth|Fiery Dance|p2a: Hookline\n|-supereffective|p2a: Hookline\n|-damage|p2a: Hookline|3\/100\n|move|p2a: Hookline|Knock Off|p1a: Iron Moth\n|-crit|p1a: Iron Moth\n|-end|p1a: Iron Moth|Substitute\n|\n|-heal|p1a: Iron Moth|88\/100|[from] Grassy Terrain\n|-heal|p2a: Hookline|9\/100|[from] Grassy Terrain\n|upkeep\n|turn|8\n|\n|t:|1699755260\n|move|p1a: Iron Moth|Substitute|p1a: Iron Moth\n|-start|p1a: Iron Moth|Substitute\n|-damage|p1a: Iron Moth|63\/100\n|move|p2a: Hookline|Knock Off|p1a: Iron Moth\n|-end|p1a: Iron Moth|Substitute\n|\n|-heal|p1a: Iron Moth|69\/100|[from] Grassy Terrain\n|-heal|p2a: Hookline|15\/100|[from] Grassy Terrain\n|upkeep\n|turn|9\n|\n|t:|1699755269\n|move|p1a: Iron Moth|Substitute|p1a: Iron Moth\n|-start|p1a: Iron Moth|Substitute\n|-damage|p1a: Iron Moth|44\/100\n|move|p2a: Hookline|Knock Off|p1a: Iron Moth\n|-end|p1a: Iron Moth|Substitute\n|\n|-heal|p1a: Iron Moth|50\/100|[from] Grassy Terrain\n|-heal|p2a: Hookline|22\/100|[from] Grassy Terrain\n|upkeep\n|turn|10\n|\n|t:|1699755278\n|move|p1a: Iron Moth|Substitute|p1a: Iron Moth\n|-start|p1a: Iron Moth|Substitute\n|-damage|p1a: Iron Moth|25\/100\n|move|p2a: Hookline|Knock Off|p1a: Iron Moth\n|-end|p1a: Iron Moth|Substitute\n|\n|-heal|p1a: Iron Moth|31\/100|[from] Grassy Terrain\n|-heal|p2a: Hookline|28\/100|[from] Grassy Terrain\n|upkeep\n|turn|11\n|\n|t:|1699755301\n|move|p1a: Iron Moth|Substitute|p1a: Iron Moth\n|-start|p1a: Iron Moth|Substitute\n|-damage|p1a: Iron Moth|6\/100\n|move|p2a: Hookline|Knock Off|p1a: Iron Moth\n|-end|p1a: Iron Moth|Substitute\n|\n|-heal|p1a: Iron Moth|12\/100|[from] Grassy Terrain\n|-heal|p2a: Hookline|34\/100|[from] Grassy Terrain\n|upkeep\n|turn|12\n|\n|t:|1699755319\n|-end|p1a: Iron Moth|Quark Drive|[silent]\n|switch|p1a: Iron Valiant|Iron Valiant|100\/100\n|-enditem|p1a: Iron Valiant|Booster Energy\n|-activate|p1a: Iron Valiant|ability: Quark Drive|[fromitem]\n|-start|p1a: Iron Valiant|quarkdrivespe\n|move|p2a: Hookline|Grassy Glide|p1a: Iron Valiant\n|-damage|p1a: Iron Valiant|46\/100\n|\n|-heal|p1a: Iron Valiant|52\/100|[from] Grassy Terrain\n|-heal|p2a: Hookline|40\/100|[from] Grassy Terrain\n|upkeep\n|turn|13\n|\n|t:|1699755328\n|move|p2a: Hookline|Grassy Glide|p1a: Iron Valiant\n|-damage|p1a: Iron Valiant|4\/100\n|move|p1a: Iron Valiant|Psyshock|p2a: Hookline\n|-damage|p2a: Hookline|17\/100\n|\n|-heal|p1a: Iron Valiant|10\/100|[from] Grassy Terrain\n|-heal|p2a: Hookline|24\/100|[from] Grassy Terrain\n|-fieldend|move: Grassy Terrain\n|upkeep\n|turn|14\n|\n|t:|1699755338\n|switch|p2a: The Tumble|Brambleghast, M|27\/100\n|move|p1a: Iron Valiant|Moonblast|p2a: The Tumble\n|-crit|p2a: The Tumble\n|-damage|p2a: The Tumble|0 fnt\n|faint|p2a: The Tumble\n|\n|upkeep\n|\n|t:|1699755342\n|switch|p2a: Hookline|Rillaboom, F|24\/100\n|-fieldstart|move: Grassy Terrain|[from] ability: Grassy Surge|[of] p2a: Hookline\n|turn|15\n|\n|t:|1699755353\n|move|p2a: Hookline|Grassy Glide|p1a: Iron Valiant\n|-damage|p1a: Iron Valiant|0 fnt\n|faint|p1a: Iron Valiant\n|-end|p1a: Iron Valiant|Quark Drive|[silent]\n|\n|-heal|p2a: Hookline|30\/100|[from] Grassy Terrain\n|upkeep\n|\n|t:|1699755360\n|switch|p1a: Iron Moth|Iron Moth|12\/100\n|turn|16\n|\n|t:|1699755363\n|move|p2a: Hookline|Grassy Glide|p1a: Iron Moth\n|-resisted|p1a: Iron Moth\n|-damage|p1a: Iron Moth|0 fnt\n|faint|p1a: Iron Moth\n|-end|p1a: Iron Moth|Quark Drive|[silent]\n|\n|-heal|p2a: Hookline|36\/100|[from] Grassy Terrain\n|upkeep\n|\n|t:|1699755392\n|switch|p1a: Iron Treads|Iron Treads|100\/100\n|-enditem|p1a: Iron Treads|Booster Energy\n|-activate|p1a: Iron Treads|ability: Quark Drive|[fromitem]\n|-start|p1a: Iron Treads|quarkdrivespe\n|turn|17\n|\n|t:|1699755401\n|move|p1a: Iron Treads|Rapid Spin|p2a: Hookline\n|-damage|p2a: Hookline|20\/100\n|-boost|p1a: Iron Treads|spe|1\n|move|p2a: Hookline|Brick Break|p1a: Iron Treads\n|-supereffective|p1a: Iron Treads\n|-damage|p1a: Iron Treads|51\/100\n|\n|-heal|p1a: Iron Treads|57\/100|[from] Grassy Terrain\n|-heal|p2a: Hookline|27\/100|[from] Grassy Terrain\n|upkeep\n|turn|18\n|\n|t:|1699755422\n|move|p1a: Iron Treads|Knock Off|p2a: Hookline\n|-damage|p2a: Hookline|0 fnt\n|-enditem|p2a: Hookline|Terrain Extender|[from] move: Knock Off|[of] p1a: Iron Treads\n|faint|p2a: Hookline\n|\n|-heal|p1a: Iron Treads|63\/100|[from] Grassy Terrain\n|upkeep\n|\n|t:|1699755428\n|switch|p2a: & Sinker|Sneasler, M|100\/100\n|-enditem|p2a: & Sinker|Grassy Seed\n|-boost|p2a: & Sinker|def|1|[from] item: Grassy Seed\n|turn|19\n|inactive|onlyironuser has 120 seconds left.\n|\n|t:|1699755457\n|move|p1a: Iron Treads|Earthquake|p2a: & Sinker\n|-supereffective|p2a: & Sinker\n|-damage|p2a: & Sinker|48\/100\n|move|p2a: & Sinker|Close Combat|p1a: Iron Treads\n|-supereffective|p1a: Iron Treads\n|-damage|p1a: Iron Treads|0 fnt\n|-unboost|p2a: & Sinker|def|1\n|-unboost|p2a: & Sinker|spd|1\n|faint|p1a: Iron Treads\n|-end|p1a: Iron Treads|Quark Drive|[silent]\n|\n|-heal|p2a: & Sinker|54\/100|[from] Grassy Terrain\n|upkeep\n|\n|t:|1699755462\n|switch|p1a: Iron Jugulis|Iron Jugulis|100\/100\n|-enditem|p1a: Iron Jugulis|Booster Energy\n|-activate|p1a: Iron Jugulis|ability: Quark Drive|[fromitem]\n|-start|p1a: Iron Jugulis|quarkdrivespe\n|turn|20\n|inactive|RovaRed has 120 seconds left.\n|\n|t:|1699755493\n|move|p2a: & Sinker|Close Combat|p1a: Iron Jugulis\n|-damage|p1a: Iron Jugulis|21\/100\n|-unboost|p2a: & Sinker|def|1\n|-unboost|p2a: & Sinker|spd|1\n|move|p1a: Iron Jugulis|Dark Pulse|p2a: & Sinker\n|-resisted|p2a: & Sinker\n|-damage|p2a: & Sinker|0 fnt\n|faint|p2a: & Sinker\n|\n|upkeep\n|inactive|RovaRed has 120 seconds left.\n|\n|t:|1699755501\n|switch|p2a: Tuskathy|Great Tusk|100\/100\n|-enditem|p2a: Tuskathy|Booster Energy\n|-activate|p2a: Tuskathy|ability: Protosynthesis|[fromitem]\n|-start|p2a: Tuskathy|protosynthesisspe\n|turn|21\n|\n|t:|1699755510\n|-terastallize|p2a: Tuskathy|Ice\n|move|p1a: Iron Jugulis|Hurricane|p2a: Tuskathy|[miss]\n|-miss|p1a: Iron Jugulis|p2a: Tuskathy\n|move|p2a: Tuskathy|Ice Spinner|p1a: Iron Jugulis\n|-supereffective|p1a: Iron Jugulis\n|-damage|p1a: Iron Jugulis|0 fnt\n|-fieldend|move: Grassy Terrain\n|faint|p1a: Iron Jugulis\n|-end|p1a: Iron Jugulis|Quark Drive|[silent]\n|\n|win|RovaRed\n|raw|onlyironuser's rating: 1406 &rarr; <strong>1386<\/strong><br \/>(-20 for losing)\n|raw|RovaRed's rating: 1410 &rarr; <strong>1430<\/strong><br \/>(+20 for winning)\n","uploadtime":1699755526,"views":8,"p1id":"onlyironuser","p2id":"rovared","formatid":"gen9ou","rating":1386,"private":0,"password":""}