{"id":"gen9ou-2000248223","p1":"Jjmpm","p2":"Destructoid69","format":"[Gen 9] OU","log":"|j|\u2606Jjmpm\n|j|\u2606Destructoid69\n|t:|1701177316\n|gametype|singles\n|player|p1|Jjmpm|palmer|1179\n|player|p2|Destructoid69|roughneck|1238\n|teamsize|p1|6\n|teamsize|p2|6\n|gen|9\n|tier|[Gen 9] OU\n|rated|\n|rule|Sleep Clause Mod: Limit one foe put to sleep\n|rule|Species Clause: Limit one of each Pok\u00e9mon\n|rule|OHKO Clause: OHKO moves are banned\n|rule|Evasion Items Clause: Evasion items are banned\n|rule|Evasion Moves Clause: Evasion moves are banned\n|rule|Endless Battle Clause: Forcing endless battles is banned\n|rule|HP Percentage Mod: HP is shown in percentages\n|clearpoke\n|poke|p1|Dragapult, M|\n|poke|p1|Gallade, M|\n|poke|p1|Corviknight, M|\n|poke|p1|Ribombee, F|\n|poke|p1|Arcanine-Hisui, F|\n|poke|p1|Kingambit, M|\n|poke|p2|Azumarill, M|\n|poke|p2|Iron Moth|\n|poke|p2|Dragapult, F|\n|poke|p2|Corviknight, M|\n|poke|p2|Ting-Lu|\n|poke|p2|Rillaboom, M|\n|teampreview\n|\n|t:|1701177341\n|start\n|switch|p1a: Ribombee|Ribombee, F|100\/100\n|switch|p2a: Corviknight|Corviknight, M|100\/100\n|-ability|p2a: Corviknight|Pressure\n|turn|1\n|\n|t:|1701177348\n|move|p1a: Ribombee|Sticky Web|p2a: Corviknight\n|-sidestart|p2: Destructoid69|move: Sticky Web\n|move|p2a: Corviknight|Brave Bird|p1a: Ribombee\n|-supereffective|p1a: Ribombee\n|-crit|p1a: Ribombee\n|-enditem|p1a: Ribombee|Focus Sash\n|-damage|p1a: Ribombee|1\/100\n|-damage|p2a: Corviknight|79\/100|[from] Recoil\n|\n|upkeep\n|turn|2\n|\n|t:|1701177354\n|move|p1a: Ribombee|Bug Buzz|p2a: Corviknight\n|-resisted|p2a: Corviknight\n|-crit|p2a: Corviknight\n|-damage|p2a: Corviknight|65\/100\n|move|p2a: Corviknight|Defog|p1a: Ribombee\n|-unboost|p1a: Ribombee|evasion|1\n|-sideend|p2: Destructoid69|Sticky Web|[from] move: Defog|[of] p2a: Corviknight\n|\n|upkeep\n|turn|3\n|\n|t:|1701177364\n|switch|p2a: Azumarill|Azumarill, M|100\/100\n|move|p1a: Ribombee|Sticky Web|p2a: Azumarill\n|-sidestart|p2: Destructoid69|move: Sticky Web\n|\n|upkeep\n|turn|4\n|\n|t:|1701177371\n|switch|p1a: Corviknight|Corviknight, M|100\/100\n|move|p2a: Azumarill|Belly Drum|p2a: Azumarill\n|-damage|p2a: Azumarill|50\/100\n|-setboost|p2a: Azumarill|atk|6|[from] move: Belly Drum\n|-enditem|p1a: Corviknight|Mirror Herb\n|-boost|p1a: Corviknight|atk|6|[from] item: Mirror Herb\n|\n|upkeep\n|turn|5\n|\n|t:|1701177386\n|-terastallize|p2a: Azumarill|Water\n|move|p2a: Azumarill|Aqua Jet|p1a: Corviknight\n|-damage|p1a: Corviknight|0 fnt\n|faint|p1a: Corviknight\n|\n|upkeep\n|\n|t:|1701177396\n|switch|p1a: Dragapult|Dragapult, M|100\/100\n|turn|6\n|\n|t:|1701177404\n|move|p2a: Azumarill|Aqua Jet|p1a: Dragapult\n|-resisted|p1a: Dragapult\n|-damage|p1a: Dragapult|0 fnt\n|faint|p1a: Dragapult\n|\n|upkeep\n|\n|t:|1701177409\n|switch|p1a: Kingambit|Kingambit, M|100\/100\n|-activate|p1a: Kingambit|ability: Supreme Overlord\n|-start|p1a: Kingambit|fallen2|[silent]\n|turn|7\n|\n|t:|1701177415\n|move|p2a: Azumarill|Aqua Jet|p1a: Kingambit\n|-damage|p1a: Kingambit|0 fnt\n|faint|p1a: Kingambit\n|-end|p1a: Kingambit|fallen2|[silent]\n|\n|upkeep\n|\n|t:|1701177419\n|switch|p1a: Gallade|Gallade, M|100\/100\n|turn|8\n|\n|t:|1701177422\n|move|p2a: Azumarill|Aqua Jet|p1a: Gallade\n|-damage|p1a: Gallade|0 fnt\n|faint|p1a: Gallade\n|\n|upkeep\n|\n|t:|1701177426\n|switch|p1a: Arcanine|Arcanine-Hisui, F|100\/100\n|turn|9\n|-message|Jjmpm forfeited.\n|\n|win|Destructoid69\n|raw|Jjmpm's rating: 1179 &rarr; <strong>1158<\/strong><br \/>(-21 for losing)\n|raw|Destructoid69's rating: 1238 &rarr; <strong>1259<\/strong><br \/>(+21 for winning)\n|l|\u2606Jjmpm\n","uploadtime":1701177438,"views":4,"p1id":"jjmpm","p2id":"destructoid69","formatid":"gen9ou","rating":1158,"private":0,"password":""}