{"id":"gen9ou-1989350681","p1":"Crystal55","p2":"gock glocker","format":"[Gen 9] OU","log":"|j|\u2606Crystal55\n|j|\u2606gock glocker\n|t:|1699839488\n|gametype|singles\n|player|p1|Crystal55|cynthia|1608\n|player|p2|gock glocker|acerola-masters|1671\n|teamsize|p1|6\n|teamsize|p2|6\n|gen|9\n|tier|[Gen 9] OU\n|rated|\n|rule|Sleep Clause Mod: Limit one foe put to sleep\n|rule|Species Clause: Limit one of each Pok\u00e9mon\n|rule|OHKO Clause: OHKO moves are banned\n|rule|Evasion Items Clause: Evasion items are banned\n|rule|Evasion Moves Clause: Evasion moves are banned\n|rule|Endless Battle Clause: Forcing endless battles is banned\n|rule|HP Percentage Mod: HP is shown in percentages\n|clearpoke\n|poke|p1|Torkoal, F|\n|poke|p1|Walking Wake|\n|poke|p1|Cinderace, F|\n|poke|p1|Heatran, F|\n|poke|p1|Arcanine-Hisui, F|\n|poke|p1|Dragapult, F|\n|poke|p2|Landorus-Therian, M|\n|poke|p2|Kingambit, F|\n|poke|p2|Ogerpon-Wellspring, F|\n|poke|p2|Glimmora, F|\n|poke|p2|Dragapult, M|\n|poke|p2|Great Tusk|\n|teampreview\n|inactive|Battle timer is ON: inactive players will automatically lose when time's up. (requested by gock glocker)\n|j| Voyager02\n|l| Voyager02\n|j| FatherSuperior7\n|l| FatherSuperior7\n|\n|t:|1699839511\n|start\n|switch|p1a: Dragapult|Dragapult, F, shiny|100\/100\n|switch|p2a: Glimmora|Glimmora, F|100\/100\n|turn|1\n|\n|t:|1699839515\n|move|p1a: Dragapult|Dragon Dance|p1a: Dragapult\n|-boost|p1a: Dragapult|atk|1\n|-boost|p1a: Dragapult|spe|1\n|move|p2a: Glimmora|Stealth Rock|p1a: Dragapult\n|-sidestart|p1: Crystal55|move: Stealth Rock\n|\n|upkeep\n|turn|2\n|\n|t:|1699839527\n|move|p1a: Dragapult|Dragon Darts|p2a: Glimmora\n|-damage|p2a: Glimmora|52\/100\n|-activate|p2a: Glimmora|ability: Toxic Debris\n|-sidestart|p1: Crystal55|move: Toxic Spikes\n|-anim|p1a: Dragapult|Dragon Darts|p2a: Glimmora\n|-damage|p2a: Glimmora|1\/100\n|-activate|p2a: Glimmora|ability: Toxic Debris\n|-sidestart|p1: Crystal55|move: Toxic Spikes\n|move|p2a: Glimmora|Earth Power|p1a: Dragapult\n|-damage|p1a: Dragapult|59\/100\n|\n|-heal|p1a: Dragapult|65\/100|[from] item: Leftovers\n|upkeep\n|turn|3\n|\n|t:|1699839540\n|move|p1a: Dragapult|Dragon Darts|p2a: Glimmora\n|-damage|p2a: Glimmora|0 fnt\n|faint|p2a: Glimmora\n|\n|-heal|p1a: Dragapult|71\/100|[from] item: Leftovers\n|upkeep\n|\n|t:|1699839543\n|switch|p2a: Kingambit|Kingambit, F|100\/100\n|-activate|p2a: Kingambit|ability: Supreme Overlord\n|-start|p2a: Kingambit|fallen1|[silent]\n|turn|4\n|\n|t:|1699839553\n|switch|p1a: Cinderace|Cinderace, F|100\/100\n|move|p2a: Kingambit|Sucker Punch||[still]\n|-fail|p2a: Kingambit\n|\n|upkeep\n|turn|5\n|\n|t:|1699839567\n|-end|p2a: Kingambit|fallen1|[silent]\n|switch|p2a: Great Tusk|Great Tusk|100\/100\n|-enditem|p2a: Great Tusk|Booster Energy\n|-activate|p2a: Great Tusk|ability: Protosynthesis|[fromitem]\n|-start|p2a: Great Tusk|protosynthesisatk\n|move|p1a: Cinderace|Court Change|p1a: Cinderace\n|-start|p1a: Cinderace|typechange|Normal|[from] ability: Libero\n|-swapsideconditions\n|-activate|p1a: Cinderace|move: Court Change\n|\n|upkeep\n|turn|6\n|\n|t:|1699839582\n|switch|p1a: Dragapult|Dragapult, F, shiny|71\/100\n|move|p2a: Great Tusk|Ice Spinner|p1a: Dragapult\n|-supereffective|p1a: Dragapult\n|-damage|p1a: Dragapult|0 fnt\n|faint|p1a: Dragapult\n|\n|upkeep\n|\n|t:|1699839589\n|switch|p1a: Walking Wake|Walking Wake|100\/100\n|turn|7\n|inactive|gock glocker has 120 seconds left.\n|\n|t:|1699839628\n|-end|p2a: Great Tusk|Protosynthesis|[silent]\n|switch|p2a: Dragapult|Dragapult, M|100\/100\n|-damage|p2a: Dragapult|88\/100|[from] Stealth Rock\n|-status|p2a: Dragapult|tox\n|move|p1a: Walking Wake|Hydro Steam|p2a: Dragapult\n|-resisted|p2a: Dragapult\n|-damage|p2a: Dragapult|55\/100 tox\n|\n|-damage|p2a: Dragapult|49\/100 tox|[from] psn\n|upkeep\n|turn|8\n|\n|t:|1699839644\n|-end|p1a: Walking Wake|Protosynthesis|[silent]\n|switch|p1a: Torkoal|Torkoal, F|100\/100\n|-weather|SunnyDay|[from] ability: Drought|[of] p1a: Torkoal\n|move|p2a: Dragapult|U-turn|p1a: Torkoal\n|-resisted|p1a: Torkoal\n|-damage|p1a: Torkoal|95\/100\n|\n|t:|1699839647\n|switch|p2a: Great Tusk|Great Tusk|100\/100|[from] U-turn\n|-damage|p2a: Great Tusk|98\/100|[from] Stealth Rock\n|-status|p2a: Great Tusk|tox\n|-activate|p2a: Great Tusk|ability: Protosynthesis\n|-start|p2a: Great Tusk|protosynthesisatk\n|\n|-weather|SunnyDay|[upkeep]\n|-damage|p2a: Great Tusk|91\/100 tox|[from] psn\n|upkeep\n|turn|9\n|\n|t:|1699839659\n|move|p2a: Great Tusk|Rapid Spin|p1a: Torkoal\n|-damage|p1a: Torkoal|82\/100\n|-boost|p2a: Great Tusk|spe|1\n|-sideend|p2: gock glocker|Toxic Spikes|[from] move: Rapid Spin|[of] p2a: Great Tusk\n|-sideend|p2: gock glocker|Stealth Rock|[from] move: Rapid Spin|[of] p2a: Great Tusk\n|move|p1a: Torkoal|Lava Plume|p2a: Great Tusk\n|-damage|p2a: Great Tusk|34\/100 tox\n|\n|-weather|SunnyDay|[upkeep]\n|-damage|p2a: Great Tusk|21\/100 tox|[from] psn\n|upkeep\n|turn|10\n|\n|t:|1699839674\n|switch|p1a: Heatran|Heatran, F|100\/100\n|-item|p1a: Heatran|Air Balloon\n|move|p2a: Great Tusk|Headlong Rush|p1a: Heatran\n|-immune|p1a: Heatran\n|\n|-weather|SunnyDay|[upkeep]\n|-damage|p2a: Great Tusk|3\/100 tox|[from] psn\n|upkeep\n|turn|11\n|\n|t:|1699839684\n|switch|p1a: Torkoal|Torkoal, F|82\/100\n|move|p2a: Great Tusk|Rapid Spin|p1a: Torkoal\n|-damage|p1a: Torkoal|70\/100\n|-boost|p2a: Great Tusk|spe|1\n|\n|-weather|SunnyDay|[upkeep]\n|-damage|p2a: Great Tusk|0 fnt|[from] psn\n|faint|p2a: Great Tusk\n|-end|p2a: Great Tusk|Protosynthesis|[silent]\n|upkeep\n|\n|t:|1699839694\n|switch|p2a: Dragapult|Dragapult, M|49\/100 tox\n|turn|12\n|\n|t:|1699839702\n|switch|p1a: Cinderace|Cinderace, F|100\/100\n|move|p2a: Dragapult|U-turn|p1a: Cinderace\n|-resisted|p1a: Cinderace\n|-damage|p1a: Cinderace|89\/100\n|\n|t:|1699839705\n|switch|p2a: Ogerpon|Ogerpon-Wellspring, F|100\/100|[from] U-turn\n|\n|-weather|SunnyDay|[upkeep]\n|upkeep\n|turn|13\n|\n|t:|1699839721\n|-terastallize|p2a: Ogerpon|Water\n|detailschange|p2a: Ogerpon|Ogerpon-Wellspring-Tera, F, tera:Water\n|-ability|p2a: Ogerpon|Embody Aspect (Wellspring)|boost\n|-boost|p2a: Ogerpon|spd|1\n|move|p1a: Cinderace|High Jump Kick|p2a: Ogerpon\n|-start|p1a: Cinderace|typechange|Fighting|[from] ability: Libero\n|-damage|p2a: Ogerpon|17\/100\n|move|p2a: Ogerpon|Ivy Cudgel|p1a: Cinderace\n|-damage|p1a: Cinderace|31\/100\n|\n|-weather|SunnyDay|[upkeep]\n|upkeep\n|turn|14\n|inactive|Crystal55 has 120 seconds left.\n|\n|t:|1699839761\n|switch|p2a: Dragapult|Dragapult, M|49\/100 tox\n|move|p1a: Cinderace|Sucker Punch||[still]\n|-fail|p1a: Cinderace\n|\n|-weather|SunnyDay|[upkeep]\n|-damage|p2a: Dragapult|43\/100 tox|[from] psn\n|upkeep\n|turn|15\n|\n|t:|1699839768\n|move|p1a: Cinderace|Sucker Punch|p2a: Dragapult\n|-supereffective|p2a: Dragapult\n|-crit|p2a: Dragapult\n|-damage|p2a: Dragapult|0 fnt\n|faint|p2a: Dragapult\n|\n|-weather|none\n|upkeep\n|\n|t:|1699839770\n|switch|p2a: Landorus|Landorus-Therian, M|100\/100\n|-ability|p2a: Landorus|Intimidate|boost\n|-unboost|p1a: Cinderace|atk|1\n|turn|16\n|\n|t:|1699839776\n|switch|p1a: Torkoal|Torkoal, F|70\/100\n|-weather|SunnyDay|[from] ability: Drought|[of] p1a: Torkoal\n|move|p2a: Landorus|Substitute|p2a: Landorus\n|-start|p2a: Landorus|Substitute\n|-damage|p2a: Landorus|76\/100\n|\n|-weather|SunnyDay|[upkeep]\n|-heal|p2a: Landorus|82\/100|[from] item: Leftovers\n|upkeep\n|turn|17\n|\n|t:|1699839785\n|move|p2a: Landorus|Bulk Up|p2a: Landorus\n|-boost|p2a: Landorus|atk|1\n|-boost|p2a: Landorus|def|1\n|move|p1a: Torkoal|Lava Plume|p2a: Landorus\n|-end|p2a: Landorus|Substitute\n|\n|-weather|SunnyDay|[upkeep]\n|-heal|p2a: Landorus|88\/100|[from] item: Leftovers\n|upkeep\n|turn|18\n|\n|t:|1699839796\n|move|p2a: Landorus|Substitute|p2a: Landorus\n|-start|p2a: Landorus|Substitute\n|-damage|p2a: Landorus|63\/100\n|move|p1a: Torkoal|Lava Plume|p2a: Landorus\n|-end|p2a: Landorus|Substitute\n|\n|-weather|SunnyDay|[upkeep]\n|-heal|p2a: Landorus|69\/100|[from] item: Leftovers\n|upkeep\n|turn|19\n|inactive|Crystal55 has 120 seconds left.\n|\n|t:|1699839830\n|move|p2a: Landorus|Substitute|p2a: Landorus\n|-start|p2a: Landorus|Substitute\n|-damage|p2a: Landorus|44\/100\n|move|p1a: Torkoal|Lava Plume|p2a: Landorus\n|-end|p2a: Landorus|Substitute\n|\n|-weather|SunnyDay|[upkeep]\n|-heal|p2a: Landorus|50\/100|[from] item: Leftovers\n|upkeep\n|turn|20\n|\n|t:|1699839837\n|move|p2a: Landorus|Substitute|p2a: Landorus\n|-start|p2a: Landorus|Substitute\n|-damage|p2a: Landorus|25\/100\n|move|p1a: Torkoal|Lava Plume|p2a: Landorus\n|-end|p2a: Landorus|Substitute\n|\n|-weather|SunnyDay|[upkeep]\n|-heal|p2a: Landorus|31\/100|[from] item: Leftovers\n|upkeep\n|turn|21\n|inactive|Crystal55 has 120 seconds left.\n|\n|t:|1699839845\n|move|p2a: Landorus|Substitute|p2a: Landorus\n|-start|p2a: Landorus|Substitute\n|-damage|p2a: Landorus|6\/100\n|move|p1a: Torkoal|Lava Plume|p2a: Landorus\n|-end|p2a: Landorus|Substitute\n|\n|-weather|SunnyDay|[upkeep]\n|-heal|p2a: Landorus|12\/100|[from] item: Leftovers\n|upkeep\n|turn|22\n|\n|t:|1699839852\n|switch|p1a: Heatran|Heatran, F|100\/100\n|-item|p1a: Heatran|Air Balloon\n|move|p2a: Landorus|Earthquake|p1a: Heatran\n|-immune|p1a: Heatran\n|\n|-weather|SunnyDay|[upkeep]\n|-heal|p2a: Landorus|18\/100|[from] item: Leftovers\n|upkeep\n|turn|23\n|\n|t:|1699839861\n|move|p2a: Landorus|Tera Blast|p1a: Heatran\n|-resisted|p1a: Heatran\n|-damage|p1a: Heatran|92\/100\n|-enditem|p1a: Heatran|Air Balloon\n|move|p1a: Heatran|Tera Blast|p2a: Landorus\n|-damage|p2a: Landorus|0 fnt\n|faint|p2a: Landorus\n|\n|-weather|none\n|upkeep\n|\n|t:|1699839866\n|switch|p2a: Ogerpon|Ogerpon-Wellspring-Tera, F, tera:Water|17\/100\n|-ability|p2a: Ogerpon|Embody Aspect (Wellspring)|boost\n|-boost|p2a: Ogerpon|spd|1\n|turn|24\n|\n|t:|1699839874\n|switch|p1a: Torkoal|Torkoal, F|70\/100\n|-weather|SunnyDay|[from] ability: Drought|[of] p1a: Torkoal\n|move|p2a: Ogerpon|Ivy Cudgel|p1a: Torkoal\n|-supereffective|p1a: Torkoal\n|-crit|p1a: Torkoal\n|-damage|p1a: Torkoal|3\/100\n|\n|-weather|SunnyDay|[upkeep]\n|upkeep\n|turn|25\n|\n|t:|1699839884\n|move|p2a: Ogerpon|Horn Leech|p1a: Torkoal\n|-resisted|p1a: Torkoal\n|-damage|p1a: Torkoal|0 fnt\n|-heal|p2a: Ogerpon|18\/100|[from] drain|[of] p1a: Torkoal\n|faint|p1a: Torkoal\n|\n|-weather|SunnyDay|[upkeep]\n|upkeep\n|\n|t:|1699839903\n|switch|p1a: Arcanine|Arcanine-Hisui, F, shiny|100\/100\n|turn|26\n|\n|t:|1699839906\n|move|p1a: Arcanine|Extreme Speed|p2a: Ogerpon\n|-damage|p2a: Ogerpon|0 fnt\n|faint|p2a: Ogerpon\n|\n|-weather|SunnyDay|[upkeep]\n|upkeep\n|\n|t:|1699839909\n|switch|p2a: Kingambit|Kingambit, F|100\/100\n|-activate|p2a: Kingambit|ability: Supreme Overlord\n|-start|p2a: Kingambit|fallen5|[silent]\n|turn|27\n|\n|t:|1699839920\n|move|p1a: Arcanine|Flare Blitz|p2a: Kingambit\n|-supereffective|p2a: Kingambit\n|-damage|p2a: Kingambit|0 fnt\n|faint|p2a: Kingambit\n|-end|p2a: Kingambit|fallen5|[silent]\n|\n|win|Crystal55\n|raw|Crystal55's rating: 1608 &rarr; <strong>1632<\/strong><br \/>(+24 for winning)\n|raw|gock glocker's rating: 1671 &rarr; <strong>1647<\/strong><br \/>(-24 for losing)\n|l|\u2606Crystal55\n","uploadtime":1699840028,"views":14,"p1id":"crystal55","p2id":"gockglocker","formatid":"gen9ou","rating":1632,"private":0,"password":""}