{"id":"gen9ou-1993270387","p1":"TheZalmancer","p2":"DiosItachi51","format":"[Gen 9] OU","log":"|j|\u2606TheZalmancer\n|j|\u2606DiosItachi51\n|t:|1700287600\n|gametype|singles\n|player|p1|TheZalmancer|skyla|1162\n|player|p2|DiosItachi51|colress|1040\n|teamsize|p1|6\n|teamsize|p2|6\n|gen|9\n|tier|[Gen 9] OU\n|rated|\n|rule|Sleep Clause Mod: Limit one foe put to sleep\n|rule|Species Clause: Limit one of each Pok\u00e9mon\n|rule|OHKO Clause: OHKO moves are banned\n|rule|Evasion Items Clause: Evasion items are banned\n|rule|Evasion Moves Clause: Evasion moves are banned\n|rule|Endless Battle Clause: Forcing endless battles is banned\n|rule|HP Percentage Mod: HP is shown in percentages\n|clearpoke\n|poke|p1|Ogerpon-Wellspring, F|\n|poke|p1|Ninetales-Alola, F|\n|poke|p1|Corviknight, M|\n|poke|p1|Manaphy|\n|poke|p1|Kingambit, F|\n|poke|p1|Ditto|\n|poke|p2|Goodra, F|\n|poke|p2|Talonflame, M|\n|poke|p2|Greninja-*, M|\n|poke|p2|Hawlucha, M|\n|poke|p2|Pikachu, M|\n|poke|p2|Noivern, M|\n|teampreview\n|\n|t:|1700287612\n|start\n|switch|p1a: Ninetales|Ninetales-Alola, F, shiny|100\/100\n|switch|p2a: Noivern|Noivern, M|100\/100\n|-weather|Snow|[from] ability: Snow Warning|[of] p1a: Ninetales\n|turn|1\n|\n|t:|1700287623\n|move|p2a: Noivern|U-turn|p1a: Ninetales\n|-resisted|p1a: Ninetales\n|-damage|p1a: Ninetales|96\/100\n|\n|t:|1700287641\n|switch|p2a: Talonflame|Talonflame, M|100\/100|[from] U-turn\n|move|p1a: Ninetales|Aurora Veil|p1a: Ninetales\n|-sidestart|p1: TheZalmancer|move: Aurora Veil\n|\n|-weather|Snow|[upkeep]\n|upkeep\n|turn|2\n|\n|t:|1700287653\n|move|p2a: Talonflame|Flare Blitz|p1a: Ninetales\n|-supereffective|p1a: Ninetales\n|-damage|p1a: Ninetales|44\/100\n|-damage|p2a: Talonflame|80\/100|[from] Recoil\n|move|p1a: Ninetales|Encore|p2a: Talonflame\n|-start|p2a: Talonflame|Encore\n|\n|-weather|Snow|[upkeep]\n|upkeep\n|turn|3\n|\n|t:|1700287662\n|switch|p1a: Ogerpon|Ogerpon-Wellspring, F|100\/100\n|move|p2a: Talonflame|Flare Blitz|p1a: Ogerpon\n|-damage|p1a: Ogerpon|57\/100\n|-damage|p2a: Talonflame|66\/100|[from] Recoil\n|\n|-weather|Snow|[upkeep]\n|upkeep\n|turn|4\n|\n|t:|1700287671\n|move|p2a: Talonflame|Flare Blitz|p1a: Ogerpon\n|-damage|p1a: Ogerpon|9\/100\n|-damage|p2a: Talonflame|50\/100|[from] Recoil\n|move|p1a: Ogerpon|Ivy Cudgel|p2a: Talonflame|[anim] Ivy Cudgel Water\n|-supereffective|p2a: Talonflame\n|-damage|p2a: Talonflame|0 fnt\n|faint|p2a: Talonflame\n|\n|-weather|Snow|[upkeep]\n|upkeep\n|\n|t:|1700287681\n|switch|p2a: Noivern|Noivern, M|100\/100\n|turn|5\n|\n|t:|1700287686\n|switch|p1a: Corviknight|Corviknight, M, shiny|100\/100\n|move|p2a: Noivern|U-turn|p1a: Corviknight\n|-resisted|p1a: Corviknight\n|-damage|p1a: Corviknight|99\/100\n|\n|t:|1700287708\n|switch|p2a: Immortal rat|Pikachu, M|100\/100|[from] U-turn\n|\n|-weather|none\n|upkeep\n|turn|6\n|\n|t:|1700287717\n|move|p2a: Immortal rat|Fake Out|p1a: Corviknight\n|-resisted|p1a: Corviknight\n|-damage|p1a: Corviknight|96\/100\n|cant|p1a: Corviknight|flinch\n|\n|upkeep\n|turn|7\n|\n|t:|1700287725\n|switch|p1a: Ogerpon|Ogerpon-Wellspring, F|9\/100\n|move|p2a: Immortal rat|Volt Tackle|p1a: Ogerpon\n|-damage|p1a: Ogerpon|0 fnt\n|faint|p1a: Ogerpon\n|-damage|p2a: Immortal rat|97\/100|[from] Recoil\n|\n|upkeep\n|\n|t:|1700287743\n|switch|p1a: Corviknight|Corviknight, M, shiny|96\/100\n|turn|8\n|\n|t:|1700287756\n|move|p2a: Immortal rat|Volt Tackle|p1a: Corviknight\n|-supereffective|p1a: Corviknight\n|-damage|p1a: Corviknight|43\/100\n|-damage|p2a: Immortal rat|64\/100|[from] Recoil\n|move|p1a: Corviknight|U-turn|p2a: Immortal rat\n|-damage|p2a: Immortal rat|17\/100\n|\n|t:|1700287762\n|switch|p1a: Ninetales|Ninetales-Alola, F, shiny|44\/100|[from] U-turn\n|-weather|Snow|[from] ability: Snow Warning|[of] p1a: Ninetales\n|\n|-weather|Snow|[upkeep]\n|-sideend|p1: TheZalmancer|move: Aurora Veil\n|upkeep\n|turn|9\n|\n|t:|1700287770\n|move|p2a: Immortal rat|Fake Out||[still]\n|-hint|Fake Out only works on your first turn out.\n|-fail|p2a: Immortal rat\n|move|p1a: Ninetales|Aurora Veil|p1a: Ninetales\n|-sidestart|p1: TheZalmancer|move: Aurora Veil\n|\n|-weather|Snow|[upkeep]\n|upkeep\n|turn|10\n|\n|t:|1700287784\n|move|p1a: Ninetales|Encore|p2a: Immortal rat\n|-start|p2a: Immortal rat|Encore\n|move|p2a: Immortal rat|Fake Out||[still]\n|-hint|Fake Out only works on your first turn out.\n|-fail|p2a: Immortal rat\n|\n|-weather|Snow|[upkeep]\n|upkeep\n|turn|11\n|\n|t:|1700287800\n|switch|p1a: Manaphy|Manaphy|100\/100\n|switch|p2a: Useless|Goodra, F|100\/100\n|\n|-weather|Snow|[upkeep]\n|upkeep\n|turn|12\n|\n|t:|1700287807\n|-terastallize|p1a: Manaphy|Fairy\n|move|p1a: Manaphy|Tail Glow|p1a: Manaphy\n|-boost|p1a: Manaphy|spa|3\n|move|p2a: Useless|Thunderbolt|p1a: Manaphy\n|-damage|p1a: Manaphy|86\/100\n|\n|-weather|none\n|-heal|p1a: Manaphy|92\/100|[from] item: Leftovers\n|upkeep\n|turn|13\n|\n|t:|1700287816\n|move|p1a: Manaphy|Tail Glow|p1a: Manaphy\n|-boost|p1a: Manaphy|spa|3\n|move|p2a: Useless|Sludge Bomb|p1a: Manaphy\n|-supereffective|p1a: Manaphy\n|-damage|p1a: Manaphy|62\/100\n|-status|p1a: Manaphy|psn\n|\n|-heal|p1a: Manaphy|68\/100 psn|[from] item: Leftovers\n|-damage|p1a: Manaphy|56\/100 psn|[from] psn\n|upkeep\n|turn|14\n|\n|t:|1700287825\n|move|p1a: Manaphy|Dazzling Gleam|p2a: Useless\n|-supereffective|p2a: Useless\n|-damage|p2a: Useless|0 fnt\n|faint|p2a: Useless\n|\n|-heal|p1a: Manaphy|62\/100 psn|[from] item: Leftovers\n|-damage|p1a: Manaphy|49\/100 psn|[from] psn\n|upkeep\n|\n|t:|1700287853\n|switch|p2a: Immortal rat|Pikachu, M|17\/100\n|turn|15\n|\n|t:|1700287858\n|move|p2a: Immortal rat|Fake Out|p1a: Manaphy\n|-damage|p1a: Manaphy|41\/100 psn\n|cant|p1a: Manaphy|flinch\n|\n|-heal|p1a: Manaphy|47\/100 psn|[from] item: Leftovers\n|-damage|p1a: Manaphy|35\/100 psn|[from] psn\n|upkeep\n|turn|16\n|\n|t:|1700287871\n|move|p1a: Manaphy|Dazzling Gleam|p2a: Immortal rat\n|-damage|p2a: Immortal rat|0 fnt\n|faint|p2a: Immortal rat\n|\n|-heal|p1a: Manaphy|41\/100 psn|[from] item: Leftovers\n|-damage|p1a: Manaphy|29\/100 psn|[from] psn\n|-sideend|p1: TheZalmancer|move: Aurora Veil\n|upkeep\n|\n|t:|1700287879\n|switch|p2a: League loser|Greninja, M|100\/100\n|turn|17\n|\n|t:|1700287884\n|switch|p1a: Corviknight|Corviknight, M, shiny|43\/100\n|-terastallize|p2a: League loser|Water\n|move|p2a: League loser|Water Shuriken|p1a: Corviknight\n|-damage|p1a: Corviknight|34\/100\n|-damage|p1a: Corviknight|26\/100\n|-damage|p1a: Corviknight|17\/100\n|-damage|p1a: Corviknight|8\/100\n|-damage|p1a: Corviknight|0 fnt\n|faint|p1a: Corviknight\n|-ability|p2a: League loser|Battle Bond|boost\n|-boost|p2a: League loser|atk|1\n|-boost|p2a: League loser|spa|1\n|-boost|p2a: League loser|spe|1\n|-activate|p2a: League loser|ability: Battle Bond\n|-hitcount|p1: Corviknight|5\n|\n|upkeep\n|\n|t:|1700287902\n|switch|p1a: Ditto|Ditto, shiny|100\/100\n|-transform|p1a: Ditto|p2a: League loser|[from] ability: Imposter\n|-start|p1a: Ditto|typechange|Water\/Dark|[silent]\n|turn|18\n|\n|t:|1700287916\n|move|p1a: Ditto|Grass Knot|p2a: League loser\n|-supereffective|p2a: League loser\n|-damage|p2a: League loser|20\/100\n|move|p2a: League loser|Grass Knot|p1a: Ditto\n|-supereffective|p1a: Ditto\n|-damage|p1a: Ditto|26\/100\n|\n|upkeep\n|turn|19\n|\n|t:|1700287928\n|move|p2a: League loser|Water Shuriken|p1a: Ditto\n|-resisted|p1a: Ditto\n|-damage|p1a: Ditto|16\/100\n|-resisted|p1a: Ditto\n|-damage|p1a: Ditto|6\/100\n|-resisted|p1a: Ditto\n|-damage|p1a: Ditto|0 fnt\n|faint|p1a: Ditto\n|-hitcount|p1: Ditto|3\n|\n|upkeep\n|\n|t:|1700287940\n|switch|p1a: Manaphy|Manaphy, tera:Fairy|29\/100 psn\n|turn|20\n|\n|t:|1700287948\n|move|p2a: League loser|Water Shuriken|p1a: Manaphy\n|-damage|p1a: Manaphy|14\/100 psn\n|-damage|p1a: Manaphy|0 fnt\n|faint|p1a: Manaphy\n|-hitcount|p1: Manaphy|2\n|\n|upkeep\n|\n|t:|1700287953\n|switch|p1a: Ninetales|Ninetales-Alola, F, shiny|44\/100\n|-weather|Snow|[from] ability: Snow Warning|[of] p1a: Ninetales\n|turn|21\n|\n|t:|1700287959\n|move|p2a: League loser|Water Shuriken|p1a: Ninetales\n|-damage|p1a: Ninetales|31\/100\n|-damage|p1a: Ninetales|19\/100\n|-damage|p1a: Ninetales|5\/100\n|-damage|p1a: Ninetales|0 fnt\n|faint|p1a: Ninetales\n|-hitcount|p1: Ninetales|4\n|\n|-weather|Snow|[upkeep]\n|upkeep\n|\n|t:|1700287969\n|switch|p1a: Kingambit|Kingambit, F|100\/100\n|-activate|p1a: Kingambit|ability: Supreme Overlord\n|-start|p1a: Kingambit|fallen5|[silent]\n|-item|p1a: Kingambit|Air Balloon\n|turn|22\n|\n|t:|1700287980\n|move|p2a: League loser|Water Shuriken|p1a: Kingambit\n|-damage|p1a: Kingambit|86\/100\n|-enditem|p1a: Kingambit|Air Balloon\n|-damage|p1a: Kingambit|72\/100\n|-damage|p1a: Kingambit|58\/100\n|-damage|p1a: Kingambit|42\/100\n|-hitcount|p1a: Kingambit|4\n|move|p1a: Kingambit|Sucker Punch||[still]\n|-fail|p1a: Kingambit\n|\n|-weather|Snow|[upkeep]\n|upkeep\n|turn|23\n|\n|t:|1700287999\n|move|p2a: League loser|Water Shuriken|p1a: Kingambit\n|-damage|p1a: Kingambit|28\/100\n|-damage|p1a: Kingambit|13\/100\n|-damage|p1a: Kingambit|0 fnt\n|faint|p1a: Kingambit\n|-end|p1a: Kingambit|fallen5|[silent]\n|-hitcount|p1: Kingambit|3\n|\n|win|DiosItachi51\n|raw|TheZalmancer's rating: 1162 &rarr; <strong>1129<\/strong><br \/>(-33 for losing)\n|raw|DiosItachi51's rating: 1040 &rarr; <strong>1085<\/strong><br \/>(+45 for winning)\n|c|\u2606DiosItachi51|gg\n|c|\u2606TheZalmancer|why did sucker not go\n|c|\u2606DiosItachi51|priority\n|c|\u2606TheZalmancer|doesnt sucker punch go first?\n","uploadtime":1700288033,"views":10,"p1id":"thezalmancer","p2id":"diositachi51","formatid":"gen9ou","rating":1085,"private":0,"password":""}