{"id":"gen9ou-1991068444","p1":"Gooaah","p2":"scalpel39","format":"[Gen 9] OU","log":"|j|\u2606Gooaah\n|j|\u2606scalpel39\n|t:|1700037781\n|gametype|singles\n|player|p1|Gooaah|veteranf|1171\n|player|p2|scalpel39|caitlin|1222\n|teamsize|p1|6\n|teamsize|p2|6\n|gen|9\n|tier|[Gen 9] OU\n|rated|\n|rule|Sleep Clause Mod: Limit one foe put to sleep\n|rule|Species Clause: Limit one of each Pok\u00e9mon\n|rule|OHKO Clause: OHKO moves are banned\n|rule|Evasion Items Clause: Evasion items are banned\n|rule|Evasion Moves Clause: Evasion moves are banned\n|rule|Endless Battle Clause: Forcing endless battles is banned\n|rule|HP Percentage Mod: HP is shown in percentages\n|clearpoke\n|poke|p1|Ninetales, M|\n|poke|p1|Walking Wake|\n|poke|p1|Ceruledge, F|\n|poke|p1|Skeledirge, M|\n|poke|p1|Great Tusk|\n|poke|p1|Torkoal, M|\n|poke|p2|Ninetales-Alola, M|\n|poke|p2|Sandy Shocks|\n|poke|p2|Hatterene, F|\n|poke|p2|Kingambit, F|\n|poke|p2|Enamorus, F|\n|poke|p2|Iron Valiant|\n|teampreview\n|\n|t:|1700037786\n|start\n|switch|p1a: Ninetales|Ninetales, M|100\/100\n|switch|p2a: Sandy Shocks|Sandy Shocks|100\/100\n|-weather|SunnyDay|[from] ability: Drought|[of] p1a: Ninetales\n|-activate|p2a: Sandy Shocks|ability: Protosynthesis\n|-start|p2a: Sandy Shocks|protosynthesisspe\n|turn|1\n|\n|t:|1700037800\n|-terastallize|p1a: Ninetales|Grass\n|move|p2a: Sandy Shocks|Earth Power|p1a: Ninetales\n|-resisted|p1a: Ninetales\n|-damage|p1a: Ninetales|76\/100\n|move|p1a: Ninetales|Solar Beam||[still]\n|-prepare|p1a: Ninetales|Solar Beam\n|-anim|p1a: Ninetales|Solar Beam|p2a: Sandy Shocks\n|-supereffective|p2a: Sandy Shocks\n|-damage|p2a: Sandy Shocks|0 fnt\n|faint|p2a: Sandy Shocks\n|-end|p2a: Sandy Shocks|Protosynthesis|[silent]\n|\n|-weather|SunnyDay|[upkeep]\n|upkeep\n|\n|t:|1700037810\n|switch|p2a: Ninetales|Ninetales-Alola, M|100\/100\n|-weather|Snow|[from] ability: Snow Warning|[of] p2a: Ninetales\n|turn|2\n|\n|t:|1700037817\n|switch|p1a: Torkoal|Torkoal, M|100\/100\n|-weather|SunnyDay|[from] ability: Drought|[of] p1a: Torkoal\n|move|p2a: Ninetales|Aurora Veil||[still]\n|-fail|p2a: Ninetales\n|\n|-weather|SunnyDay|[upkeep]\n|upkeep\n|turn|3\n|\n|t:|1700037825\n|-terastallize|p2a: Ninetales|Ground\n|move|p2a: Ninetales|Tera Blast|p1a: Torkoal|[anim] Tera Blast Ground\n|-supereffective|p1a: Torkoal\n|-damage|p1a: Torkoal|16\/100\n|move|p1a: Torkoal|Yawn|p2a: Ninetales\n|-start|p2a: Ninetales|move: Yawn|[of] p1a: Torkoal\n|\n|-weather|SunnyDay|[upkeep]\n|upkeep\n|turn|4\n|\n|t:|1700037835\n|switch|p2a: Hatterene|Hatterene, F|100\/100\n|switch|p1a: Ninetales|Ninetales, M, tera:Grass|76\/100\n|\n|-weather|SunnyDay|[upkeep]\n|upkeep\n|turn|5\n|\n|t:|1700037841\n|move|p1a: Ninetales|Solar Beam||[still]\n|-prepare|p1a: Ninetales|Solar Beam\n|-anim|p1a: Ninetales|Solar Beam|p2a: Hatterene\n|-damage|p2a: Hatterene|57\/100\n|move|p2a: Hatterene|Mystical Fire|p1a: Ninetales\n|-supereffective|p1a: Ninetales\n|-damage|p1a: Ninetales|0 fnt\n|faint|p1a: Ninetales\n|\n|-weather|SunnyDay|[upkeep]\n|-heal|p2a: Hatterene|63\/100|[from] item: Leftovers\n|upkeep\n|\n|t:|1700037849\n|switch|p1a: Ceruledge|Ceruledge, F|100\/100\n|turn|6\n|\n|t:|1700037860\n|move|p1a: Ceruledge|Swords Dance|p1a: Ceruledge\n|-boost|p1a: Ceruledge|atk|2\n|move|p2a: Hatterene|Psyshock|p1a: Ceruledge\n|-damage|p1a: Ceruledge|50\/100\n|\n|-weather|SunnyDay|[upkeep]\n|-heal|p2a: Hatterene|69\/100|[from] item: Leftovers\n|upkeep\n|turn|7\n|\n|t:|1700037871\n|move|p1a: Ceruledge|Bitter Blade|p2a: Hatterene\n|-crit|p2a: Hatterene\n|-damage|p2a: Hatterene|0 fnt\n|-heal|p1a: Ceruledge|87\/100|[from] drain|[of] p2a: Hatterene\n|faint|p2a: Hatterene\n|\n|-weather|SunnyDay|[upkeep]\n|upkeep\n|\n|t:|1700037888\n|switch|p2a: Enamorus|Enamorus, F|100\/100\n|turn|8\n|\n|t:|1700037894\n|move|p2a: Enamorus|Earth Power|p1a: Ceruledge\n|-supereffective|p1a: Ceruledge\n|-damage|p1a: Ceruledge|23\/100\n|move|p1a: Ceruledge|Phantom Force||[still]\n|-prepare|p1a: Ceruledge|Phantom Force\n|\n|-weather|SunnyDay|[upkeep]\n|upkeep\n|turn|9\n|\n|t:|1700037901\n|move|p2a: Enamorus|Calm Mind|p2a: Enamorus\n|-boost|p2a: Enamorus|spa|1\n|-boost|p2a: Enamorus|spd|1\n|move|p1a: Ceruledge|Phantom Force|p2a: Enamorus|[from]lockedmove\n|-damage|p2a: Enamorus|0 fnt\n|faint|p2a: Enamorus\n|\n|-weather|none\n|upkeep\n|\n|t:|1700037909\n|switch|p2a: Iron Valiant|Iron Valiant|100\/100\n|-enditem|p2a: Iron Valiant|Booster Energy\n|-activate|p2a: Iron Valiant|ability: Quark Drive|[fromitem]\n|-start|p2a: Iron Valiant|quarkdrivespe\n|turn|10\n|\n|t:|1700037915\n|move|p1a: Ceruledge|Shadow Sneak|p2a: Iron Valiant\n|-damage|p2a: Iron Valiant|46\/100\n|move|p2a: Iron Valiant|Spirit Break|p1a: Ceruledge\n|-resisted|p1a: Ceruledge\n|-damage|p1a: Ceruledge|0 fnt\n|faint|p1a: Ceruledge\n|\n|upkeep\n|\n|t:|1700037920\n|switch|p1a: Torkoal|Torkoal, M|16\/100\n|-weather|SunnyDay|[from] ability: Drought|[of] p1a: Torkoal\n|turn|11\n|\n|t:|1700037926\n|move|p2a: Iron Valiant|Spirit Break|p1a: Torkoal\n|-resisted|p1a: Torkoal\n|-damage|p1a: Torkoal|6\/100\n|-unboost|p1a: Torkoal|spa|1\n|move|p1a: Torkoal|Yawn|p2a: Iron Valiant\n|-start|p2a: Iron Valiant|move: Yawn|[of] p1a: Torkoal\n|\n|-weather|SunnyDay|[upkeep]\n|upkeep\n|turn|12\n|\n|t:|1700037936\n|-end|p2a: Iron Valiant|Quark Drive|[silent]\n|switch|p2a: Ninetales|Ninetales-Alola, M, tera:Ground|100\/100\n|-weather|Snow|[from] ability: Snow Warning|[of] p2a: Ninetales\n|switch|p1a: Skeledirge|Skeledirge, M|100\/100\n|\n|-weather|Snow|[upkeep]\n|upkeep\n|turn|13\n|\n|t:|1700037946\n|switch|p1a: Great Tusk|Great Tusk|100\/100\n|move|p2a: Ninetales|Tera Blast|p1a: Great Tusk|[anim] Tera Blast Ground\n|-damage|p1a: Great Tusk|58\/100\n|\n|-weather|Snow|[upkeep]\n|-heal|p1a: Great Tusk|65\/100|[from] item: Leftovers\n|upkeep\n|turn|14\n|\n|t:|1700037959\n|move|p2a: Ninetales|Blizzard|p1a: Great Tusk\n|-supereffective|p1a: Great Tusk\n|-damage|p1a: Great Tusk|0 fnt\n|faint|p1a: Great Tusk\n|-end|p1a: Great Tusk|Protosynthesis|[silent]\n|\n|-weather|Snow|[upkeep]\n|upkeep\n|\n|t:|1700037964\n|switch|p1a: Walking Wake|Walking Wake|100\/100\n|turn|15\n|\n|t:|1700037971\n|move|p1a: Walking Wake|Hydro Steam|p2a: Ninetales\n|-supereffective|p2a: Ninetales\n|-damage|p2a: Ninetales|0 fnt\n|faint|p2a: Ninetales\n|\n|-weather|Snow|[upkeep]\n|upkeep\n|\n|t:|1700037980\n|switch|p2a: Iron Valiant|Iron Valiant|46\/100\n|turn|16\n|\n|t:|1700037983\n|-end|p1a: Walking Wake|Protosynthesis|[silent]\n|switch|p1a: Torkoal|Torkoal, M|6\/100\n|-weather|SunnyDay|[from] ability: Drought|[of] p1a: Torkoal\n|move|p2a: Iron Valiant|Destiny Bond|p2a: Iron Valiant\n|-singlemove|p2a: Iron Valiant|Destiny Bond\n|\n|-weather|SunnyDay|[upkeep]\n|upkeep\n|turn|17\n|\n|t:|1700037995\n|move|p2a: Iron Valiant|Spirit Break|p1a: Torkoal\n|-resisted|p1a: Torkoal\n|-crit|p1a: Torkoal\n|-damage|p1a: Torkoal|0 fnt\n|faint|p1a: Torkoal\n|\n|-weather|SunnyDay|[upkeep]\n|upkeep\n|\n|t:|1700037999\n|switch|p1a: Walking Wake|Walking Wake|100\/100\n|-activate|p1a: Walking Wake|ability: Protosynthesis\n|-start|p1a: Walking Wake|protosynthesisspa\n|turn|18\n|\n|t:|1700038016\n|move|p1a: Walking Wake|Hydro Steam|p2a: Iron Valiant\n|-damage|p2a: Iron Valiant|0 fnt\n|faint|p2a: Iron Valiant\n|-end|p2a: Iron Valiant|Quark Drive|[silent]\n|\n|-weather|SunnyDay|[upkeep]\n|upkeep\n|\n|t:|1700038022\n|switch|p2a: Kingambit|Kingambit, F|100\/100\n|-activate|p2a: Kingambit|ability: Supreme Overlord\n|-start|p2a: Kingambit|fallen5|[silent]\n|-item|p2a: Kingambit|Air Balloon\n|turn|19\n|\n|t:|1700038030\n|move|p2a: Kingambit|Sucker Punch|p1a: Walking Wake\n|-damage|p1a: Walking Wake|37\/100\n|move|p1a: Walking Wake|Hydro Steam|p2a: Kingambit\n|-damage|p2a: Kingambit|5\/100\n|-enditem|p2a: Kingambit|Air Balloon\n|\n|-weather|SunnyDay|[upkeep]\n|upkeep\n|turn|20\n|\n|t:|1700038038\n|move|p2a: Kingambit|Sucker Punch|p1a: Walking Wake\n|-damage|p1a: Walking Wake|0 fnt\n|faint|p1a: Walking Wake\n|-end|p1a: Walking Wake|Protosynthesis|[silent]\n|\n|-weather|SunnyDay|[upkeep]\n|upkeep\n|\n|t:|1700038041\n|switch|p1a: Skeledirge|Skeledirge, M|100\/100\n|turn|21\n|\n|t:|1700038047\n|move|p2a: Kingambit|Sucker Punch||[still]\n|-fail|p2a: Kingambit\n|move|p1a: Skeledirge|Will-O-Wisp|p2a: Kingambit\n|-status|p2a: Kingambit|brn\n|\n|-weather|SunnyDay|[upkeep]\n|-damage|p2a: Kingambit|0 fnt|[from] brn\n|faint|p2a: Kingambit\n|-end|p2a: Kingambit|fallen5|[silent]\n|\n|win|Gooaah\n|upkeep\n|raw|Gooaah's rating: 1171 &rarr; <strong>1200<\/strong><br \/>(+29 for winning)\n|raw|scalpel39's rating: 1222 &rarr; <strong>1193<\/strong><br \/>(-29 for losing)\n","uploadtime":1700038058,"views":8,"p1id":"gooaah","p2id":"scalpel39","formatid":"gen9ou","rating":1193,"private":0,"password":""}