{"id":"gen9ou-1991247503","p1":"SylverOmega","p2":"Cinny69","format":"[Gen 9] OU","log":"|j|\u2606SylverOmega\n|j|\u2606Cinny69\n|t:|1700061014\n|gametype|singles\n|player|p1|SylverOmega|palmer|1418\n|player|p2|Cinny69|rika|1492\n|teamsize|p1|6\n|teamsize|p2|6\n|gen|9\n|tier|[Gen 9] OU\n|rated|\n|rule|Sleep Clause Mod: Limit one foe put to sleep\n|rule|Species Clause: Limit one of each Pok\u00e9mon\n|rule|OHKO Clause: OHKO moves are banned\n|rule|Evasion Items Clause: Evasion items are banned\n|rule|Evasion Moves Clause: Evasion moves are banned\n|rule|Endless Battle Clause: Forcing endless battles is banned\n|rule|HP Percentage Mod: HP is shown in percentages\n|clearpoke\n|poke|p1|Ribombee, M|\n|poke|p1|Enamorus, F|\n|poke|p1|Kingambit, M|\n|poke|p1|Great Tusk|\n|poke|p1|Ogerpon-Wellspring, F|\n|poke|p1|Ceruledge, M|\n|poke|p2|Revavroom, F|\n|poke|p2|Iron Valiant|\n|poke|p2|Hydreigon, F|\n|poke|p2|Mandibuzz, F|\n|poke|p2|Milotic, M|\n|poke|p2|Zapdos|\n|teampreview\n|inactive|Battle timer is ON: inactive players will automatically lose when time's up. (requested by Cinny69)\n|inactive|SylverOmega also wants the timer to be on.\n|c|\u2606SylverOmega|Hf\n|inactive|SylverOmega has 120 seconds left.\n|c|\u2606Cinny69|U2\n|inactive|SylverOmega has 90 seconds left.\n|inactive|SylverOmega has 60 seconds left.\n|\n|t:|1700061108\n|start\n|switch|p1a: Ogerpon|Ogerpon-Wellspring, F|100\/100\n|switch|p2a: Zapdos|Zapdos|100\/100\n|turn|1\n|inactive|SylverOmega has 120 seconds left.\n|\n|t:|1700061135\n|switch|p1a: Kingambit|Kingambit, M|100\/100\n|move|p2a: Zapdos|Discharge|p1a: Kingambit\n|-damage|p1a: Kingambit|63\/100\n|-status|p1a: Kingambit|par\n|\n|-heal|p1a: Kingambit|69\/100 par|[from] item: Leftovers\n|upkeep\n|turn|2\n|\n|t:|1700061148\n|move|p2a: Zapdos|Heat Wave|p1a: Kingambit\n|-supereffective|p1a: Kingambit\n|-damage|p1a: Kingambit|8\/100 par\n|move|p1a: Kingambit|Kowtow Cleave|p2a: Zapdos\n|-damage|p2a: Zapdos|49\/100\n|\n|-heal|p1a: Kingambit|15\/100 par|[from] item: Leftovers\n|upkeep\n|turn|3\n|\n|t:|1700061158\n|move|p1a: Kingambit|Sucker Punch|p2a: Zapdos\n|-damage|p2a: Zapdos|6\/100\n|move|p2a: Zapdos|Discharge|p1a: Kingambit\n|-damage|p1a: Kingambit|0 fnt\n|faint|p1a: Kingambit\n|-end|p1a: Kingambit|fallenundefined|[silent]\n|\n|upkeep\n|\n|t:|1700061168\n|switch|p1a: Enamorus|Enamorus, F|100\/100\n|turn|4\n|\n|t:|1700061174\n|switch|p2a: Milotic|Milotic, M, shiny|100\/100\n|move|p1a: Enamorus|Mystical Fire|p2a: Milotic\n|-resisted|p2a: Milotic\n|-damage|p2a: Milotic|87\/100\n|-unboost|p2a: Milotic|spa|1\n|\n|-heal|p2a: Milotic|93\/100|[from] item: Leftovers\n|upkeep\n|turn|5\n|inactive|SylverOmega has 120 seconds left.\n|\n|t:|1700061186\n|switch|p1a: Ribombee|Ribombee, M|100\/100\n|move|p2a: Milotic|Mirror Coat||[still]\n|-fail|p2a: Milotic\n|\n|-heal|p2a: Milotic|99\/100|[from] item: Leftovers\n|upkeep\n|turn|6\n|inactive|SylverOmega has 120 seconds left.\n|\n|t:|1700061194\n|move|p1a: Ribombee|Stun Spore|p2a: Milotic\n|-status|p2a: Milotic|par\n|move|p2a: Milotic|Scald|p1a: Ribombee\n|-damage|p1a: Ribombee|71\/100\n|\n|-heal|p2a: Milotic|100\/100 par|[from] item: Leftovers\n|upkeep\n|turn|7\n|\n|t:|1700061204\n|switch|p1a: Ogerpon|Ogerpon-Wellspring, F|100\/100\n|switch|p2a: Zapdos|Zapdos|6\/100\n|\n|upkeep\n|turn|8\n|\n|t:|1700061211\n|move|p1a: Ogerpon|Ivy Cudgel|p2a: Zapdos|[anim] Ivy Cudgel Water\n|-damage|p2a: Zapdos|0 fnt\n|faint|p2a: Zapdos\n|\n|upkeep\n|\n|t:|1700061217\n|switch|p2a: Mandibuzz|Mandibuzz, F, shiny|100\/100\n|turn|9\n|\n|t:|1700061227\n|switch|p1a: Enamorus|Enamorus, F|100\/100\n|move|p2a: Mandibuzz|Foul Play|p1a: Enamorus\n|-resisted|p1a: Enamorus\n|-damage|p1a: Enamorus|78\/100\n|\n|upkeep\n|turn|10\n|\n|t:|1700061237\n|-terastallize|p2a: Mandibuzz|Fairy\n|move|p1a: Enamorus|Moonblast|p2a: Mandibuzz\n|-damage|p2a: Mandibuzz|54\/100\n|-unboost|p2a: Mandibuzz|spa|1\n|move|p2a: Mandibuzz|Toxic|p1a: Enamorus\n|-status|p1a: Enamorus|tox\n|\n|-damage|p1a: Enamorus|72\/100 tox|[from] psn\n|upkeep\n|turn|11\n|\n|t:|1700061250\n|move|p1a: Enamorus|Moonblast|p2a: Mandibuzz\n|-damage|p2a: Mandibuzz|6\/100\n|move|p2a: Mandibuzz|Roost|p2a: Mandibuzz\n|-heal|p2a: Mandibuzz|56\/100\n|\n|-damage|p1a: Enamorus|59\/100 tox|[from] psn\n|upkeep\n|turn|12\n|\n|t:|1700061265\n|switch|p1a: Ribombee|Ribombee, M|71\/100\n|move|p2a: Mandibuzz|Roost|p2a: Mandibuzz\n|-heal|p2a: Mandibuzz|100\/100\n|\n|upkeep\n|turn|13\n|\n|t:|1700061277\n|move|p1a: Ribombee|Moonblast|p2a: Mandibuzz\n|-damage|p2a: Mandibuzz|76\/100\n|-unboost|p2a: Mandibuzz|spa|1\n|move|p2a: Mandibuzz|Toxic|p1a: Ribombee\n|-status|p1a: Ribombee|tox\n|\n|-damage|p1a: Ribombee|64\/100 tox|[from] psn\n|upkeep\n|turn|14\n|\n|t:|1700061287\n|move|p1a: Ribombee|Stun Spore|p2a: Mandibuzz\n|-immune|p2a: Mandibuzz|[from] ability: Overcoat\n|move|p2a: Mandibuzz|Foul Play|p1a: Ribombee\n|-resisted|p1a: Ribombee\n|-damage|p1a: Ribombee|50\/100 tox\n|\n|-damage|p1a: Ribombee|38\/100 tox|[from] psn\n|upkeep\n|turn|15\n|\n|t:|1700061297\n|move|p1a: Ribombee|Sticky Web|p2a: Mandibuzz\n|-sidestart|p2: Cinny69|move: Sticky Web\n|move|p2a: Mandibuzz|Foul Play|p1a: Ribombee\n|-resisted|p1a: Ribombee\n|-damage|p1a: Ribombee|23\/100 tox\n|\n|-damage|p1a: Ribombee|4\/100 tox|[from] psn\n|upkeep\n|turn|16\n|\n|t:|1700061311\n|switch|p1a: Enamorus|Enamorus, F|59\/100 tox\n|move|p2a: Mandibuzz|Roost|p2a: Mandibuzz\n|-heal|p2a: Mandibuzz|100\/100\n|\n|-damage|p1a: Enamorus|53\/100 tox|[from] psn\n|upkeep\n|turn|17\n|\n|t:|1700061322\n|move|p1a: Enamorus|Moonblast|p2a: Mandibuzz\n|-damage|p2a: Mandibuzz|48\/100\n|-unboost|p2a: Mandibuzz|spa|1\n|move|p2a: Mandibuzz|Defog|p1a: Enamorus\n|-boost|p1a: Enamorus|evasion|1\n|-sideend|p2: Cinny69|Sticky Web|[from] move: Defog|[of] p2a: Mandibuzz\n|\n|-damage|p1a: Enamorus|41\/100 tox|[from] psn\n|upkeep\n|turn|18\n|\n|t:|1700061333\n|move|p1a: Enamorus|Moonblast|p2a: Mandibuzz\n|-damage|p2a: Mandibuzz|2\/100\n|move|p2a: Mandibuzz|Roost|p2a: Mandibuzz\n|-heal|p2a: Mandibuzz|52\/100\n|\n|-damage|p1a: Enamorus|22\/100 tox|[from] psn\n|upkeep\n|turn|19\n|\n|t:|1700061342\n|-terastallize|p1a: Enamorus|Fairy\n|move|p1a: Enamorus|Moonblast|p2a: Mandibuzz\n|-damage|p2a: Mandibuzz|0 fnt\n|faint|p2a: Mandibuzz\n|\n|-damage|p1a: Enamorus|0 fnt|[from] psn\n|faint|p1a: Enamorus\n|upkeep\n|\n|t:|1700061356\n|switch|p1a: Ribombee|Ribombee, M|4\/100 tox\n|switch|p2a: Iron Valiant|Iron Valiant, shiny|100\/100\n|-enditem|p2a: Iron Valiant|Booster Energy\n|-activate|p2a: Iron Valiant|ability: Quark Drive|[fromitem]\n|-start|p2a: Iron Valiant|quarkdrivespe\n|turn|20\n|\n|t:|1700061366\n|switch|p1a: Ceruledge|Ceruledge, M|100\/100\n|move|p2a: Iron Valiant|Moonblast|p1a: Ceruledge\n|-resisted|p1a: Ceruledge\n|-damage|p1a: Ceruledge|78\/100\n|\n|upkeep\n|turn|21\n|\n|t:|1700061376\n|move|p2a: Iron Valiant|Swords Dance|p2a: Iron Valiant\n|-boost|p2a: Iron Valiant|atk|2\n|move|p1a: Ceruledge|Bitter Blade|p2a: Iron Valiant\n|-damage|p2a: Iron Valiant|41\/100\n|-heal|p1a: Ceruledge|100\/100|[from] drain|[of] p2a: Iron Valiant\n|\n|upkeep\n|turn|22\n|\n|t:|1700061384\n|move|p2a: Iron Valiant|Knock Off|p1a: Ceruledge\n|-supereffective|p1a: Ceruledge\n|-enditem|p1a: Ceruledge|Focus Sash\n|-damage|p1a: Ceruledge|1\/100\n|move|p1a: Ceruledge|Swords Dance|p1a: Ceruledge\n|-boost|p1a: Ceruledge|atk|2\n|\n|upkeep\n|turn|23\n|\n|t:|1700061392\n|move|p1a: Ceruledge|Shadow Sneak|p2a: Iron Valiant\n|-damage|p2a: Iron Valiant|0 fnt\n|faint|p2a: Iron Valiant\n|-end|p2a: Iron Valiant|Quark Drive|[silent]\n|\n|upkeep\n|\n|t:|1700061405\n|switch|p2a: Milotic|Milotic, M, shiny|100\/100 par\n|turn|24\n|\n|t:|1700061412\n|move|p1a: Ceruledge|Poltergeist|p2a: Milotic\n|-activate|p2a: Milotic|move: Poltergeist|Leftovers\n|-damage|p2a: Milotic|40\/100 par\n|move|p2a: Milotic|Scald|p1a: Ceruledge\n|-supereffective|p1a: Ceruledge\n|-damage|p1a: Ceruledge|0 fnt\n|faint|p1a: Ceruledge\n|\n|-heal|p2a: Milotic|46\/100 par|[from] item: Leftovers\n|upkeep\n|\n|t:|1700061426\n|switch|p1a: Ribombee|Ribombee, M|4\/100 tox\n|turn|25\n|\n|t:|1700061432\n|move|p1a: Ribombee|Sticky Web|p2a: Milotic\n|-sidestart|p2: Cinny69|move: Sticky Web\n|move|p2a: Milotic|Recover|p2a: Milotic\n|-heal|p2a: Milotic|96\/100 par\n|\n|-heal|p2a: Milotic|100\/100 par|[from] item: Leftovers\n|-damage|p1a: Ribombee|0 fnt|[from] psn\n|faint|p1a: Ribombee\n|upkeep\n|\n|t:|1700061441\n|switch|p1a: Ogerpon|Ogerpon-Wellspring, F|100\/100\n|turn|26\n|\n|t:|1700061445\n|switch|p2a: Hydreigon|Hydreigon, F, shiny|100\/100\n|move|p1a: Ogerpon|Swords Dance|p1a: Ogerpon\n|-boost|p1a: Ogerpon|atk|2\n|\n|upkeep\n|turn|27\n|\n|t:|1700061452\n|move|p1a: Ogerpon|Knock Off|p2a: Hydreigon\n|-resisted|p2a: Hydreigon\n|-damage|p2a: Hydreigon|56\/100\n|-enditem|p2a: Hydreigon|Leftovers|[from] move: Knock Off|[of] p1a: Ogerpon\n|move|p2a: Hydreigon|Draco Meteor|p1a: Ogerpon\n|-damage|p1a: Ogerpon|18\/100\n|-unboost|p2a: Hydreigon|spa|2\n|\n|upkeep\n|turn|28\n|\n|t:|1700061462\n|move|p1a: Ogerpon|Ivy Cudgel|p2a: Hydreigon|[anim] Ivy Cudgel Water\n|-resisted|p2a: Hydreigon\n|-damage|p2a: Hydreigon|0 fnt\n|faint|p2a: Hydreigon\n|\n|upkeep\n|\n|t:|1700061468\n|switch|p2a: Revavroom|Revavroom, F|100\/100\n|-item|p2a: Revavroom|Air Balloon\n|turn|29\n|\n|t:|1700061473\n|move|p1a: Ogerpon|Ivy Cudgel|p2a: Revavroom|[anim] Ivy Cudgel Water\n|-damage|p2a: Revavroom|0 fnt\n|-enditem|p2a: Revavroom|Air Balloon\n|faint|p2a: Revavroom\n|\n|upkeep\n|c|\u2606SylverOmega|Gg\n|\n|t:|1700061479\n|switch|p2a: Milotic|Milotic, M, shiny|100\/100 par\n|-activate|p2a: Milotic|move: Sticky Web\n|-unboost|p2a: Milotic|spe|1\n|turn|30\n|-message|Cinny69 forfeited.\n|\n|win|SylverOmega\n|raw|SylverOmega's rating: 1418 &rarr; <strong>1442<\/strong><br \/>(+24 for winning)\n|raw|Cinny69's rating: 1492 &rarr; <strong>1468<\/strong><br \/>(-24 for losing)\n|c|\u2606Cinny69|Gg\n|l|\u2606Cinny69\n","uploadtime":1700061491,"views":11,"p1id":"sylveromega","p2id":"cinny69","formatid":"gen9ou","rating":1442,"private":0,"password":""}