{"id":"gen9ou-1988470016","p1":"Salen7","p2":"Slopandslimeher","format":"[Gen 9] OU","log":"|j|\u2606Salen7\n|j|\u2606Slopandslimeher\n|t:|1699726341\n|gametype|singles\n|player|p1|Salen7|170|1419\n|player|p2|Slopandslimeher|scientist|1317\n|teamsize|p1|6\n|teamsize|p2|6\n|gen|9\n|tier|[Gen 9] OU\n|rated|\n|rule|Sleep Clause Mod: Limit one foe put to sleep\n|rule|Species Clause: Limit one of each Pok\u00e9mon\n|rule|OHKO Clause: OHKO moves are banned\n|rule|Evasion Items Clause: Evasion items are banned\n|rule|Evasion Moves Clause: Evasion moves are banned\n|rule|Endless Battle Clause: Forcing endless battles is banned\n|rule|HP Percentage Mod: HP is shown in percentages\n|clearpoke\n|poke|p1|Ceruledge, M|\n|poke|p1|Walking Wake|\n|poke|p1|Hatterene, F|\n|poke|p1|Kingambit, F|\n|poke|p1|Ogerpon-Cornerstone, F|\n|poke|p1|Enamorus, F|\n|poke|p2|Kingambit, M|\n|poke|p2|Glimmora, F|\n|poke|p2|Sinistcha-Masterpiece|\n|poke|p2|Ogerpon-Cornerstone, F|\n|poke|p2|Ceruledge, M|\n|poke|p2|Maushold-Four|\n|teampreview\n|inactive|Battle timer is ON: inactive players will automatically lose when time's up. (requested by Salen7)\n|\n|t:|1699726361\n|start\n|switch|p1a: Hatterene|Hatterene, F|100\/100\n|switch|p2a: Maushold|Maushold-Four|100\/100\n|turn|1\n|\n|t:|1699726370\n|move|p2a: Maushold|Population Bomb|p1a: Hatterene\n|-damage|p1a: Hatterene|91\/100\n|-damage|p1a: Hatterene|82\/100\n|-damage|p1a: Hatterene|74\/100\n|-damage|p1a: Hatterene|65\/100\n|-damage|p1a: Hatterene|56\/100\n|-damage|p1a: Hatterene|47\/100\n|-damage|p1a: Hatterene|37\/100\n|-damage|p1a: Hatterene|28\/100\n|-damage|p1a: Hatterene|19\/100\n|-damage|p1a: Hatterene|11\/100\n|-hitcount|p1a: Hatterene|10\n|move|p1a: Hatterene|Psyshock|p2a: Maushold\n|-damage|p2a: Maushold|41\/100\n|\n|-heal|p1a: Hatterene|17\/100|[from] item: Leftovers\n|upkeep\n|turn|2\n|\n|t:|1699726389\n|switch|p1a: Ceruledge|Ceruledge, M|100\/100\n|move|p2a: Maushold|Bite|p1a: Ceruledge\n|-supereffective|p1a: Ceruledge\n|-damage|p1a: Ceruledge|36\/100\n|-ability|p1a: Ceruledge|Weak Armor|boost\n|-unboost|p1a: Ceruledge|def|1\n|-boost|p1a: Ceruledge|spe|2\n|\n|upkeep\n|turn|3\n|\n|t:|1699726405\n|switch|p2a: Ceruledge|Ceruledge, M|100\/100\n|-item|p2a: Ceruledge|Air Balloon\n|move|p1a: Ceruledge|Bitter Blade|p2a: Ceruledge\n|-start|p2a: Ceruledge|ability: Flash Fire\n|\n|upkeep\n|turn|4\n|inactive|Slopandslimeher has 120 seconds left.\n|\n|t:|1699726425\n|move|p1a: Ceruledge|Poltergeist|p2a: Ceruledge\n|-activate|p2a: Ceruledge|move: Poltergeist|Air Balloon\n|-supereffective|p2a: Ceruledge\n|-damage|p2a: Ceruledge|0 fnt\n|-enditem|p2a: Ceruledge|Air Balloon\n|faint|p2a: Ceruledge\n|\n|upkeep\n|inactive|Slopandslimeher has 120 seconds left.\n|\n|t:|1699726434\n|switch|p2a: Kingambit|Kingambit, M|100\/100\n|-activate|p2a: Kingambit|ability: Supreme Overlord\n|-start|p2a: Kingambit|fallen1|[silent]\n|turn|5\n|\n|t:|1699726442\n|move|p2a: Kingambit|Sucker Punch||[still]\n|-fail|p2a: Kingambit\n|move|p1a: Ceruledge|Swords Dance|p1a: Ceruledge\n|-boost|p1a: Ceruledge|atk|2\n|\n|upkeep\n|turn|6\n|\n|t:|1699726447\n|move|p2a: Kingambit|Sucker Punch||[still]\n|-fail|p2a: Kingambit\n|move|p1a: Ceruledge|Swords Dance|p1a: Ceruledge\n|-boost|p1a: Ceruledge|atk|2\n|\n|upkeep\n|turn|7\n|\n|t:|1699726452\n|move|p1a: Ceruledge|Bitter Blade|p2a: Kingambit\n|-supereffective|p2a: Kingambit\n|-damage|p2a: Kingambit|0 fnt\n|-heal|p1a: Ceruledge|99\/100|[from] drain|[of] p2a: Kingambit\n|faint|p2a: Kingambit\n|-end|p2a: Kingambit|fallen1|[silent]\n|\n|upkeep\n|\n|t:|1699726460\n|switch|p2a: Glimmora|Glimmora, F|100\/100\n|turn|8\n|c|\u2606Salen7|out brain\n|\n|t:|1699726465\n|move|p1a: Ceruledge|Bitter Blade|p2a: Glimmora\n|-resisted|p2a: Glimmora\n|-damage|p2a: Glimmora|11\/100\n|-heal|p1a: Ceruledge|100\/100|[from] drain|[of] p2a: Glimmora\n|-activate|p2a: Glimmora|ability: Toxic Debris\n|-sidestart|p1: Salen7|move: Toxic Spikes\n|move|p2a: Glimmora|Earth Power|p1a: Ceruledge\n|-supereffective|p1a: Ceruledge\n|-damage|p1a: Ceruledge|13\/100\n|-unboost|p1a: Ceruledge|spd|1\n|\n|upkeep\n|turn|9\n|\n|t:|1699726480\n|move|p1a: Ceruledge|Bitter Blade|p2a: Glimmora\n|-resisted|p2a: Glimmora\n|-damage|p2a: Glimmora|0 fnt\n|-heal|p1a: Ceruledge|19\/100|[from] drain|[of] p2a: Glimmora\n|-activate|p2a: Glimmora|ability: Toxic Debris\n|-sidestart|p1: Salen7|move: Toxic Spikes\n|faint|p2a: Glimmora\n|\n|upkeep\n|\n|t:|1699726487\n|switch|p2a: Ogerpon|Ogerpon-Cornerstone, F|100\/100\n|turn|10\n|\n|t:|1699726492\n|move|p1a: Ceruledge|Bitter Blade|p2a: Ogerpon\n|-ability|p2a: Ogerpon|Sturdy\n|-damage|p2a: Ogerpon|1\/100\n|-heal|p1a: Ceruledge|71\/100|[from] drain|[of] p2a: Ogerpon\n|move|p2a: Ogerpon|Ivy Cudgel|p1a: Ceruledge\n|-supereffective|p1a: Ceruledge\n|-damage|p1a: Ceruledge|0 fnt\n|faint|p1a: Ceruledge\n|\n|upkeep\n|\n|t:|1699726507\n|switch|p1a: Kingambit|Kingambit, F|100\/100\n|-activate|p1a: Kingambit|ability: Supreme Overlord\n|-start|p1a: Kingambit|fallen1|[silent]\n|turn|11\n|\n|t:|1699726526\n|move|p1a: Kingambit|Sucker Punch|p2a: Ogerpon\n|-damage|p2a: Ogerpon|0 fnt\n|faint|p2a: Ogerpon\n|\n|upkeep\n|\n|t:|1699726531\n|switch|p2a: Sinistcha|Sinistcha-Masterpiece|100\/100\n|turn|12\n|\n|t:|1699726541\n|-terastallize|p2a: Sinistcha|Steel\n|move|p1a: Kingambit|Swords Dance|p1a: Kingambit\n|-boost|p1a: Kingambit|atk|2\n|move|p2a: Sinistcha|Iron Defense|p2a: Sinistcha\n|-boost|p2a: Sinistcha|def|2\n|\n|upkeep\n|turn|13\n|\n|t:|1699726551\n|move|p1a: Kingambit|Low Kick|p2a: Sinistcha\n|-supereffective|p2a: Sinistcha\n|-damage|p2a: Sinistcha|87\/100\n|move|p2a: Sinistcha|Strength Sap|p1a: Kingambit\n|-unboost|p1a: Kingambit|atk|1\n|-heal|p2a: Sinistcha|100\/100\n|\n|upkeep\n|turn|14\n|\n|t:|1699726567\n|-end|p1a: Kingambit|fallen1|[silent]\n|switch|p1a: Hatterene|Hatterene, F|17\/100\n|-status|p1a: Hatterene|tox\n|move|p2a: Sinistcha|Iron Defense|p2a: Sinistcha\n|-boost|p2a: Sinistcha|def|2\n|\n|-heal|p1a: Hatterene|23\/100 tox|[from] item: Leftovers\n|-damage|p1a: Hatterene|17\/100 tox|[from] psn\n|upkeep\n|turn|15\n|\n|t:|1699726576\n|move|p2a: Sinistcha|Matcha Gotcha|p1a: Hatterene\n|-damage|p1a: Hatterene|0 fnt\n|faint|p1a: Hatterene\n|\n|upkeep\n|\n|t:|1699726580\n|switch|p1a: Enamorus|Enamorus, F|100\/100\n|turn|16\n|\n|t:|1699726587\n|move|p1a: Enamorus|Mystical Fire|p2a: Sinistcha\n|-supereffective|p2a: Sinistcha\n|-damage|p2a: Sinistcha|70\/100\n|-unboost|p2a: Sinistcha|spa|1\n|move|p2a: Sinistcha|Calm Mind|p2a: Sinistcha\n|-boost|p2a: Sinistcha|spa|1\n|-boost|p2a: Sinistcha|spd|1\n|\n|-heal|p2a: Sinistcha|76\/100|[from] item: Leftovers\n|upkeep\n|turn|17\n|inactive|Salen7 has 120 seconds left.\n|\n|t:|1699726642\n|move|p1a: Enamorus|Mystical Fire|p2a: Sinistcha\n|-supereffective|p2a: Sinistcha\n|-damage|p2a: Sinistcha|52\/100\n|-unboost|p2a: Sinistcha|spa|1\n|move|p2a: Sinistcha|Calm Mind|p2a: Sinistcha\n|-boost|p2a: Sinistcha|spa|1\n|-boost|p2a: Sinistcha|spd|1\n|\n|-heal|p2a: Sinistcha|58\/100|[from] item: Leftovers\n|upkeep\n|turn|18\n|\n|t:|1699726650\n|move|p1a: Enamorus|Mystical Fire|p2a: Sinistcha\n|-supereffective|p2a: Sinistcha\n|-damage|p2a: Sinistcha|43\/100\n|-unboost|p2a: Sinistcha|spa|1\n|move|p2a: Sinistcha|Strength Sap|p1a: Enamorus\n|-boost|p1a: Enamorus|atk|1\n|-heal|p2a: Sinistcha|100\/100\n|\n|upkeep\n|turn|19\n|\n|t:|1699726658\n|move|p1a: Enamorus|Mystical Fire|p2a: Sinistcha\n|-supereffective|p2a: Sinistcha\n|-damage|p2a: Sinistcha|84\/100\n|-unboost|p2a: Sinistcha|spa|1\n|move|p2a: Sinistcha|Calm Mind|p2a: Sinistcha\n|-boost|p2a: Sinistcha|spa|1\n|-boost|p2a: Sinistcha|spd|1\n|\n|-heal|p2a: Sinistcha|90\/100|[from] item: Leftovers\n|upkeep\n|turn|20\n|\n|t:|1699726682\n|switch|p1a: Ogerpon|Ogerpon-Cornerstone, F|100\/100\n|-status|p1a: Ogerpon|tox\n|move|p2a: Sinistcha|Calm Mind|p2a: Sinistcha\n|-boost|p2a: Sinistcha|spa|1\n|-boost|p2a: Sinistcha|spd|1\n|\n|-heal|p2a: Sinistcha|96\/100|[from] item: Leftovers\n|-damage|p1a: Ogerpon|95\/100 tox|[from] psn\n|upkeep\n|turn|21\n|\n|t:|1699726692\n|move|p1a: Ogerpon|Spikes|p2a: Sinistcha\n|-sidestart|p2: Slopandslimeher|Spikes\n|move|p2a: Sinistcha|Iron Defense|p2a: Sinistcha\n|-boost|p2a: Sinistcha|def|2\n|\n|-heal|p2a: Sinistcha|100\/100|[from] item: Leftovers\n|-damage|p1a: Ogerpon|83\/100 tox|[from] psn\n|upkeep\n|turn|22\n|\n|t:|1699726699\n|move|p1a: Ogerpon|Spikes|p2a: Sinistcha\n|-sidestart|p2: Slopandslimeher|Spikes\n|move|p2a: Sinistcha|Calm Mind|p2a: Sinistcha\n|-boost|p2a: Sinistcha|spa|1\n|-boost|p2a: Sinistcha|spd|1\n|\n|-damage|p1a: Ogerpon|65\/100 tox|[from] psn\n|upkeep\n|turn|23\n|\n|t:|1699726705\n|move|p1a: Ogerpon|Spikes|p2a: Sinistcha\n|-sidestart|p2: Slopandslimeher|Spikes\n|move|p2a: Sinistcha|Calm Mind|p2a: Sinistcha\n|-boost|p2a: Sinistcha|spa|1\n|-boost|p2a: Sinistcha|spd|1\n|\n|-damage|p1a: Ogerpon|41\/100 tox|[from] psn\n|upkeep\n|turn|24\n|inactive|Salen7 has 120 seconds left.\n|\n|t:|1699726714\n|move|p1a: Ogerpon|Low Kick|p2a: Sinistcha\n|-supereffective|p2a: Sinistcha\n|-damage|p2a: Sinistcha|98\/100\n|move|p2a: Sinistcha|Calm Mind|p2a: Sinistcha\n|-boost|p2a: Sinistcha|spa|1\n|-boost|p2a: Sinistcha|spd|0\n|\n|-heal|p2a: Sinistcha|100\/100|[from] item: Leftovers\n|-damage|p1a: Ogerpon|11\/100 tox|[from] psn\n|upkeep\n|turn|25\n|inactive|Salen7 has 120 seconds left.\n|\n|t:|1699726730\n|move|p1a: Ogerpon|Ivy Cudgel|p2a: Sinistcha\n|-resisted|p2a: Sinistcha\n|-damage|p2a: Sinistcha|95\/100\n|move|p2a: Sinistcha|Calm Mind|p2a: Sinistcha\n|-boost|p2a: Sinistcha|spa|1\n|-boost|p2a: Sinistcha|spd|0\n|\n|-heal|p2a: Sinistcha|100\/100|[from] item: Leftovers\n|-damage|p1a: Ogerpon|0 fnt|[from] psn\n|faint|p1a: Ogerpon\n|upkeep\n|\n|t:|1699726747\n|switch|p1a: Walking Wake|Walking Wake|100\/100\n|-status|p1a: Walking Wake|tox\n|-enditem|p1a: Walking Wake|Booster Energy\n|-activate|p1a: Walking Wake|ability: Protosynthesis|[fromitem]\n|-start|p1a: Walking Wake|protosynthesisspa\n|turn|26\n|\n|t:|1699726763\n|move|p1a: Walking Wake|Hydro Steam|p2a: Sinistcha\n|-damage|p2a: Sinistcha|81\/100\n|move|p2a: Sinistcha|Matcha Gotcha|p1a: Walking Wake\n|-damage|p1a: Walking Wake|0 fnt\n|-heal|p2a: Sinistcha|100\/100|[from] drain|[of] p1a: Walking Wake\n|faint|p1a: Walking Wake\n|-end|p1a: Walking Wake|Protosynthesis|[silent]\n|\n|upkeep\n|inactive|Salen7 has 90 seconds left.\n|\n|t:|1699726785\n|switch|p1a: Kingambit|Kingambit, F|100\/100\n|-activate|p1a: Kingambit|ability: Supreme Overlord\n|-start|p1a: Kingambit|fallen4|[silent]\n|turn|27\n|c|\u2606Salen7|what a cancer shit\n|inactive|Salen7 has 90 seconds left.\n|\n|t:|1699726798\n|move|p1a: Kingambit|Low Kick|p2a: Sinistcha\n|-supereffective|p2a: Sinistcha\n|-damage|p2a: Sinistcha|96\/100\n|move|p2a: Sinistcha|Matcha Gotcha|p1a: Kingambit\n|-resisted|p1a: Kingambit\n|-damage|p1a: Kingambit|41\/100\n|-heal|p2a: Sinistcha|100\/100|[from] drain|[of] p1a: Kingambit\n|-status|p1a: Kingambit|brn\n|-enditem|p1a: Kingambit|Lum Berry|[eat]\n|-curestatus|p1a: Kingambit|brn|[msg]\n|\n|upkeep\n|turn|28\n|inactive|Salen7 has 90 seconds left.\n|\n|t:|1699726811\n|move|p1a: Kingambit|Kowtow Cleave|p2a: Sinistcha\n|-damage|p2a: Sinistcha|87\/100\n|move|p2a: Sinistcha|Matcha Gotcha|p1a: Kingambit\n|-resisted|p1a: Kingambit\n|-damage|p1a: Kingambit|0 fnt\n|-heal|p2a: Sinistcha|100\/100|[from] drain|[of] p1a: Kingambit\n|faint|p1a: Kingambit\n|-end|p1a: Kingambit|fallen4|[silent]\n|\n|upkeep\n|inactive|Salen7 has 90 seconds left.\n|\n|t:|1699726819\n|switch|p1a: Enamorus|Enamorus, F|100\/100\n|turn|29\n|\n|t:|1699726827\n|move|p1a: Enamorus|Earth Power|p2a: Sinistcha\n|-supereffective|p2a: Sinistcha\n|-damage|p2a: Sinistcha|83\/100\n|move|p2a: Sinistcha|Matcha Gotcha|p1a: Enamorus\n|-resisted|p1a: Enamorus\n|-damage|p1a: Enamorus|35\/100\n|-heal|p2a: Sinistcha|100\/100|[from] drain|[of] p1a: Enamorus\n|\n|upkeep\n|turn|30\n|-message|Salen7 forfeited.\n|\n|win|Slopandslimeher\n|raw|Salen7's rating: 1419 &rarr; <strong>1393<\/strong><br \/>(-26 for losing)\n|raw|Slopandslimeher's rating: 1317 &rarr; <strong>1343<\/strong><br \/>(+26 for winning)\n|l|\u2606Salen7\n","uploadtime":1699726843,"views":14,"p1id":"salen7","p2id":"slopandslimeher","formatid":"gen9ou","rating":1343,"private":0,"password":""}