{"id":"gen9ou-1997046077","p1":"PLAYB0I R0BBIE B","p2":"hiperbanka","format":"[Gen 9] OU","log":"|j|\u2606PLAYB0I R0BBIE B\n|j|\u2606hiperbanka\n|t:|1700759067\n|gametype|singles\n|player|p1|PLAYB0I R0BBIE B|eusine|1300\n|player|p2|hiperbanka|102|1381\n|teamsize|p1|6\n|teamsize|p2|6\n|gen|9\n|tier|[Gen 9] OU\n|rated|\n|rule|Sleep Clause Mod: Limit one foe put to sleep\n|rule|Species Clause: Limit one of each Pok\u00e9mon\n|rule|OHKO Clause: OHKO moves are banned\n|rule|Evasion Items Clause: Evasion items are banned\n|rule|Evasion Moves Clause: Evasion moves are banned\n|rule|Endless Battle Clause: Forcing endless battles is banned\n|rule|HP Percentage Mod: HP is shown in percentages\n|clearpoke\n|poke|p1|Meowscarada, F|\n|poke|p1|Heatran, F|\n|poke|p1|Thundurus-Therian, M|\n|poke|p1|Dragapult, F|\n|poke|p1|Great Tusk|\n|poke|p1|Azumarill, F|\n|poke|p2|Rillaboom, M|\n|poke|p2|Ogerpon-Cornerstone, F|\n|poke|p2|Great Tusk|\n|poke|p2|Breloom, F|\n|poke|p2|Iron Moth|\n|poke|p2|Ribombee, M|\n|teampreview\n|\n|t:|1700759081\n|start\n|switch|p1a: 5% TINT|Heatran, F|100\/100\n|switch|p2a: Rillaboom|Rillaboom, M|100\/100\n|-fieldstart|move: Grassy Terrain|[from] ability: Grassy Surge|[of] p2a: Rillaboom\n|-item|p1a: 5% TINT|Air Balloon\n|turn|1\n|\n|t:|1700759086\n|switch|p1a: NO BYSTANDERS|Dragapult, F|100\/100\n|move|p2a: Rillaboom|High Horsepower|p1a: NO BYSTANDERS\n|-damage|p1a: NO BYSTANDERS|22\/100\n|\n|-heal|p1a: NO BYSTANDERS|28\/100|[from] Grassy Terrain\n|upkeep\n|turn|2\n|\n|t:|1700759092\n|move|p1a: NO BYSTANDERS|U-turn|p2a: Rillaboom\n|-supereffective|p2a: Rillaboom\n|-damage|p2a: Rillaboom|59\/100\n|\n|t:|1700759094\n|switch|p1a: 5% TINT|Heatran, F|100\/100|[from] U-turn\n|-item|p1a: 5% TINT|Air Balloon\n|move|p2a: Rillaboom|High Horsepower|p1a: 5% TINT\n|-immune|p1a: 5% TINT\n|\n|-heal|p2a: Rillaboom|65\/100|[from] Grassy Terrain\n|upkeep\n|turn|3\n|\n|t:|1700759100\n|switch|p2a: Great Tusk|Great Tusk|100\/100\n|move|p1a: 5% TINT|Magma Storm|p2a: Great Tusk|[miss]\n|-miss|p1a: 5% TINT|p2a: Great Tusk\n|\n|upkeep\n|turn|4\n|\n|t:|1700759104\n|switch|p1a: CAN'T SAY|Azumarill, F|100\/100\n|move|p2a: Great Tusk|Knock Off|p1a: CAN'T SAY\n|-resisted|p1a: CAN'T SAY\n|-damage|p1a: CAN'T SAY|87\/100\n|-enditem|p1a: CAN'T SAY|Assault Vest|[from] move: Knock Off|[of] p2a: Great Tusk\n|\n|-heal|p1a: CAN'T SAY|93\/100|[from] Grassy Terrain\n|upkeep\n|turn|5\n|\n|t:|1700759111\n|-end|p2a: Great Tusk|Protosynthesis|[silent]\n|switch|p2a: Rillaboom|Rillaboom, M|65\/100\n|move|p1a: CAN'T SAY|Ice Spinner|p2a: Rillaboom\n|-supereffective|p2a: Rillaboom\n|-damage|p2a: Rillaboom|0 fnt\n|-fieldend|move: Grassy Terrain\n|faint|p2a: Rillaboom\n|\n|upkeep\n|\n|t:|1700759117\n|switch|p2a: Ribombee|Ribombee, M, shiny|100\/100\n|turn|6\n|\n|t:|1700759119\n|switch|p1a: 5% TINT|Heatran, F|100\/100\n|-item|p1a: 5% TINT|Air Balloon\n|move|p2a: Ribombee|Sticky Web|p1a: 5% TINT\n|-sidestart|p1: PLAYB0I R0BBIE B|move: Sticky Web\n|\n|upkeep\n|turn|7\n|\n|t:|1700759123\n|move|p2a: Ribombee|Quiver Dance|p2a: Ribombee\n|-boost|p2a: Ribombee|spa|1\n|-boost|p2a: Ribombee|spd|1\n|-boost|p2a: Ribombee|spe|1\n|move|p1a: 5% TINT|Magma Storm|p2a: Ribombee\n|-supereffective|p2a: Ribombee\n|-enditem|p2a: Ribombee|Focus Sash\n|-damage|p2a: Ribombee|1\/100\n|-activate|p2a: Ribombee|move: Magma Storm|[of] p1a: 5% TINT\n|\n|-damage|p2a: Ribombee|0 fnt|[from] move: Magma Storm|[partiallytrapped]\n|faint|p2a: Ribombee\n|upkeep\n|\n|t:|1700759131\n|switch|p2a: Breloom|Breloom, F|100\/100\n|turn|8\n|\n|t:|1700759134\n|switch|p1a: NO BYSTANDERS|Dragapult, F|28\/100\n|move|p2a: Breloom|Substitute|p2a: Breloom\n|-start|p2a: Breloom|Substitute\n|-damage|p2a: Breloom|75\/100\n|\n|-status|p2a: Breloom|tox|[from] item: Toxic Orb\n|upkeep\n|turn|9\n|\n|t:|1700759137\n|move|p1a: NO BYSTANDERS|U-turn|p2a: Breloom\n|-crit|p2a: Breloom\n|-damage|p2a: Breloom|49\/100 tox\n|\n|t:|1700759141\n|switch|p1a: ASTROTHUNDER|Thundurus-Therian, M|100\/100|[from] U-turn\n|move|p2a: Breloom|Leech Seed|p1a: ASTROTHUNDER\n|-start|p1a: ASTROTHUNDER|move: Leech Seed\n|\n|-damage|p1a: ASTROTHUNDER|88\/100|[from] Leech Seed|[of] p2a: Breloom\n|-heal|p2a: Breloom|61\/100 tox|[silent]\n|-heal|p2a: Breloom|73\/100 tox|[from] ability: Poison Heal\n|upkeep\n|turn|10\n|\n|t:|1700759149\n|-terastallize|p1a: ASTROTHUNDER|Flying\n|move|p1a: ASTROTHUNDER|Tera Blast|p2a: Breloom|[anim] Tera Blast Flying\n|-supereffective|p2a: Breloom\n|-end|p2a: Breloom|Substitute\n|move|p2a: Breloom|Seed Bomb|p1a: ASTROTHUNDER\n|-resisted|p1a: ASTROTHUNDER\n|-damage|p1a: ASTROTHUNDER|64\/100\n|\n|-damage|p1a: ASTROTHUNDER|51\/100|[from] Leech Seed|[of] p2a: Breloom\n|-heal|p2a: Breloom|84\/100 tox|[silent]\n|-heal|p2a: Breloom|97\/100 tox|[from] ability: Poison Heal\n|upkeep\n|turn|11\n|\n|t:|1700759160\n|switch|p2a: Ogerpon|Ogerpon-Cornerstone, F|100\/100\n|move|p1a: ASTROTHUNDER|Tera Blast|p2a: Ogerpon|[anim] Tera Blast Flying\n|-damage|p2a: Ogerpon|34\/100\n|\n|-damage|p1a: ASTROTHUNDER|39\/100|[from] Leech Seed|[of] p2a: Ogerpon\n|-heal|p2a: Ogerpon|46\/100|[silent]\n|upkeep\n|turn|12\n|\n|t:|1700759173\n|switch|p1a: NO BYSTANDERS|Dragapult, F|28\/100\n|-terastallize|p2a: Ogerpon|Rock\n|detailschange|p2a: Ogerpon|Ogerpon-Cornerstone-Tera, F, tera:Rock\n|-ability|p2a: Ogerpon|Embody Aspect (Cornerstone)|boost\n|-boost|p2a: Ogerpon|def|1\n|move|p2a: Ogerpon|Swords Dance|p2a: Ogerpon\n|-boost|p2a: Ogerpon|atk|2\n|\n|upkeep\n|turn|13\n|inactive|Battle timer is ON: inactive players will automatically lose when time's up. (requested by PLAYB0I R0BBIE B)\n|\n|t:|1700759185\n|switch|p2a: Great Tusk|Great Tusk|100\/100\n|move|p1a: NO BYSTANDERS|Draco Meteor|p2a: Great Tusk\n|-damage|p2a: Great Tusk|53\/100\n|-unboost|p1a: NO BYSTANDERS|spa|2\n|\n|-heal|p2a: Great Tusk|60\/100|[from] item: Leftovers\n|upkeep\n|turn|14\n|\n|t:|1700759193\n|switch|p1a: CAN'T SAY|Azumarill, F|93\/100\n|-activate|p1a: CAN'T SAY|move: Sticky Web\n|-unboost|p1a: CAN'T SAY|spe|1\n|move|p2a: Great Tusk|Knock Off|p1a: CAN'T SAY\n|-resisted|p1a: CAN'T SAY\n|-damage|p1a: CAN'T SAY|83\/100\n|\n|-heal|p2a: Great Tusk|66\/100|[from] item: Leftovers\n|upkeep\n|turn|15\n|\n|t:|1700759202\n|move|p2a: Great Tusk|Stealth Rock|p1a: CAN'T SAY\n|-sidestart|p1: PLAYB0I R0BBIE B|move: Stealth Rock\n|move|p1a: CAN'T SAY|Liquidation|p2a: Great Tusk\n|-supereffective|p2a: Great Tusk\n|-crit|p2a: Great Tusk\n|-damage|p2a: Great Tusk|0 fnt\n|faint|p2a: Great Tusk\n|-end|p2a: Great Tusk|Protosynthesis|[silent]\n|\n|upkeep\n|\n|t:|1700759206\n|switch|p2a: Iron Moth|Iron Moth|100\/100\n|-enditem|p2a: Iron Moth|Booster Energy\n|-activate|p2a: Iron Moth|ability: Quark Drive|[fromitem]\n|-start|p2a: Iron Moth|quarkdrivespe\n|turn|16\n|\n|t:|1700759208\n|switch|p1a: 5% TINT|Heatran, F|100\/100\n|-damage|p1a: 5% TINT|88\/100|[from] Stealth Rock\n|-item|p1a: 5% TINT|Air Balloon\n|move|p2a: Iron Moth|Energy Ball|p1a: 5% TINT\n|-resisted|p1a: 5% TINT\n|-damage|p1a: 5% TINT|81\/100\n|-enditem|p1a: 5% TINT|Air Balloon\n|\n|upkeep\n|turn|17\n|\n|t:|1700759218\n|-end|p2a: Iron Moth|Quark Drive|[silent]\n|switch|p2a: Ogerpon|Ogerpon-Cornerstone-Tera, F, tera:Rock|46\/100\n|-ability|p2a: Ogerpon|Embody Aspect (Cornerstone)|boost\n|-boost|p2a: Ogerpon|def|1\n|move|p1a: 5% TINT|Earth Power|p2a: Ogerpon\n|-supereffective|p2a: Ogerpon\n|-damage|p2a: Ogerpon|0 fnt\n|faint|p2a: Ogerpon\n|\n|upkeep\n|\n|t:|1700759226\n|switch|p2a: Breloom|Breloom, F|97\/100 tox\n|turn|18\n|\n|t:|1700759228\n|move|p1a: 5% TINT|Magma Storm|p2a: Breloom\n|-supereffective|p2a: Breloom\n|-damage|p2a: Breloom|0 fnt\n|faint|p2a: Breloom\n|\n|upkeep\n|\n|t:|1700759233\n|switch|p2a: Iron Moth|Iron Moth|100\/100\n|turn|19\n|\n|t:|1700759235\n|move|p2a: Iron Moth|Discharge|p1a: 5% TINT\n|-damage|p1a: 5% TINT|57\/100\n|move|p1a: 5% TINT|Earth Power|p2a: Iron Moth\n|-supereffective|p2a: Iron Moth\n|-damage|p2a: Iron Moth|0 fnt\n|faint|p2a: Iron Moth\n|-end|p2a: Iron Moth|Quark Drive|[silent]\n|\n|win|PLAYB0I R0BBIE B\n|raw|PLAYB0I R0BBIE B's rating: 1300 &rarr; <strong>1331<\/strong><br \/>(+31 for winning)\n|raw|hiperbanka's rating: 1381 &rarr; <strong>1356<\/strong><br \/>(-25 for losing)\n","uploadtime":1700759241,"views":2,"p1id":"playb0ir0bbieb","p2id":"hiperbanka","formatid":"gen9ou","rating":1331,"private":0,"password":""}