{"id":"gen9ou-1994845952","p1":"Asyncio","p2":"liaoya","format":"[Gen 9] OU","log":"|j|\u2606Asyncio\n|j|\u2606liaoya\n|t:|1700498130\n|gametype|singles\n|player|p1|Asyncio|pryce-gen2|1585\n|player|p2|liaoya|petrel|1509\n|teamsize|p1|6\n|teamsize|p2|6\n|gen|9\n|tier|[Gen 9] OU\n|rated|\n|rule|Sleep Clause Mod: Limit one foe put to sleep\n|rule|Species Clause: Limit one of each Pok\u00e9mon\n|rule|OHKO Clause: OHKO moves are banned\n|rule|Evasion Items Clause: Evasion items are banned\n|rule|Evasion Moves Clause: Evasion moves are banned\n|rule|Endless Battle Clause: Forcing endless battles is banned\n|rule|HP Percentage Mod: HP is shown in percentages\n|clearpoke\n|poke|p1|Landorus-Therian, M|\n|poke|p1|Pelipper, F|\n|poke|p1|Kingambit, M|\n|poke|p1|Hatterene, F|\n|poke|p1|Barraskewda, M|\n|poke|p1|Dragapult, M|\n|poke|p2|Drifblim, M|\n|poke|p2|Garganacl, M|\n|poke|p2|Umbreon, M|\n|poke|p2|Rotom-Wash|\n|poke|p2|Glimmora, F|\n|poke|p2|Espeon, M|\n|teampreview\n|inactive|Battle timer is ON: inactive players will automatically lose when time's up. (requested by liaoya)\n|\n|t:|1700498140\n|start\n|switch|p1a: Landorus|Landorus-Therian, M|100\/100\n|switch|p2a: Rotom|Rotom-Wash|100\/100\n|-ability|p1a: Landorus|Intimidate|boost\n|-unboost|p2a: Rotom|atk|1\n|turn|1\n|\n|t:|1700498148\n|switch|p1a: Dragapult|Dragapult, M|100\/100\n|move|p2a: Rotom|Hydro Pump|p1a: Dragapult\n|-resisted|p1a: Dragapult\n|-damage|p1a: Dragapult|69\/100\n|\n|upkeep\n|turn|2\n|\n|t:|1700498158\n|switch|p2a: Umbreon|Umbreon, M, shiny|100\/100\n|move|p1a: Dragapult|Draco Meteor|p2a: Umbreon\n|-damage|p2a: Umbreon|47\/100\n|-unboost|p1a: Dragapult|spa|2\n|\n|-heal|p2a: Umbreon|53\/100|[from] item: Leftovers\n|upkeep\n|turn|3\n|\n|t:|1700498163\n|switch|p1a: Landorus|Landorus-Therian, M|100\/100\n|-ability|p1a: Landorus|Intimidate|boost\n|-fail|p2a: Umbreon|unboost|Attack|[from] ability: Inner Focus|[of] p2a: Umbreon\n|move|p2a: Umbreon|Wish|p2a: Umbreon\n|\n|-heal|p2a: Umbreon|59\/100|[from] item: Leftovers\n|upkeep\n|turn|4\n|\n|t:|1700498180\n|move|p1a: Landorus|Sludge Bomb|p2a: Umbreon\n|-damage|p2a: Umbreon|30\/100\n|move|p2a: Umbreon|Yawn|p1a: Landorus\n|-start|p1a: Landorus|move: Yawn|[of] p2a: Umbreon\n|\n|-heal|p2a: Umbreon|80\/100|[from] move: Wish|[wisher] Umbreon\n|-heal|p2a: Umbreon|87\/100|[from] item: Leftovers\n|upkeep\n|turn|5\n|\n|t:|1700498191\n|switch|p1a: Hatterene|Hatterene, F|100\/100\n|move|p2a: Umbreon|Wish|p2a: Umbreon\n|\n|-heal|p2a: Umbreon|93\/100|[from] item: Leftovers\n|upkeep\n|turn|6\n|\n|t:|1700498208\n|switch|p2a: Rotom|Rotom-Wash|100\/100\n|move|p1a: Hatterene|Calm Mind|p1a: Hatterene\n|-boost|p1a: Hatterene|spa|1\n|-boost|p1a: Hatterene|spd|1\n|\n|upkeep\n|turn|7\n|\n|t:|1700498225\n|switch|p1a: Dragapult|Dragapult, M|69\/100\n|move|p2a: Rotom|Trick|p1a: Dragapult\n|-activate|p2a: Rotom|move: Trick|[of] p1a: Dragapult\n|-item|p1a: Dragapult|Choice Scarf|[from] move: Trick\n|-item|p2a: Rotom|Choice Specs|[from] move: Trick\n|\n|upkeep\n|turn|8\n|\n|t:|1700498235\n|switch|p2a: Glimmora|Glimmora, F|100\/100\n|move|p1a: Dragapult|U-turn|p2a: Glimmora\n|-resisted|p2a: Glimmora\n|-damage|p2a: Glimmora|94\/100\n|-activate|p2a: Glimmora|ability: Toxic Debris\n|-sidestart|p1: Asyncio|move: Toxic Spikes\n|inactive|Asyncio has 120 seconds left.\n|\n|t:|1700498271\n|switch|p1a: Barraskewda|Barraskewda, M|100\/100|[from] U-turn\n|-status|p1a: Barraskewda|psn\n|\n|-damage|p1a: Barraskewda|88\/100 psn|[from] psn\n|upkeep\n|turn|9\n|\n|t:|1700498285\n|move|p1a: Barraskewda|Liquidation|p2a: Glimmora\n|-supereffective|p2a: Glimmora\n|-damage|p2a: Glimmora|0 fnt\n|-activate|p2a: Glimmora|ability: Toxic Debris\n|-sidestart|p1: Asyncio|move: Toxic Spikes\n|faint|p2a: Glimmora\n|\n|-damage|p1a: Barraskewda|76\/100 psn|[from] psn\n|upkeep\n|\n|t:|1700498296\n|switch|p2a: Umbreon|Umbreon, M, shiny|93\/100\n|turn|10\n|\n|t:|1700498300\n|switch|p1a: Landorus|Landorus-Therian, M|100\/100\n|-ability|p1a: Landorus|Intimidate|boost\n|-fail|p2a: Umbreon|unboost|Attack|[from] ability: Inner Focus|[of] p2a: Umbreon\n|move|p2a: Umbreon|Protect||[still]\n|-fail|p2a: Umbreon\n|\n|-heal|p2a: Umbreon|99\/100|[from] item: Leftovers\n|upkeep\n|turn|11\n|inactive|Asyncio has 120 seconds left.\n|\n|t:|1700498312\n|switch|p1a: Kingambit|Kingambit, M|100\/100\n|move|p2a: Umbreon|Protect||[still]\n|-fail|p2a: Umbreon\n|\n|-heal|p2a: Umbreon|100\/100|[from] item: Leftovers\n|upkeep\n|turn|12\n|\n|t:|1700498320\n|move|p1a: Kingambit|Swords Dance|p1a: Kingambit\n|-boost|p1a: Kingambit|atk|2\n|move|p2a: Umbreon|Yawn|p1a: Kingambit\n|-start|p1a: Kingambit|move: Yawn|[of] p2a: Umbreon\n|\n|upkeep\n|turn|13\n|\n|t:|1700498326\n|-end|p1a: Kingambit|fallenundefined|[silent]\n|switch|p1a: Landorus|Landorus-Therian, M|100\/100\n|-ability|p1a: Landorus|Intimidate|boost\n|-fail|p2a: Umbreon|unboost|Attack|[from] ability: Inner Focus|[of] p2a: Umbreon\n|move|p2a: Umbreon|Wish|p2a: Umbreon\n|\n|upkeep\n|turn|14\n|\n|t:|1700498337\n|switch|p1a: Kingambit|Kingambit, M|100\/100\n|switch|p2a: Rotom|Rotom-Wash|100\/100\n|\n|upkeep\n|turn|15\n|\n|t:|1700498346\n|-end|p1a: Kingambit|fallenundefined|[silent]\n|switch|p1a: Dragapult|Dragapult, M|69\/100\n|-status|p1a: Dragapult|tox\n|move|p2a: Rotom|Will-O-Wisp|p1a: Dragapult|[miss]\n|-miss|p2a: Rotom|p1a: Dragapult\n|\n|-damage|p1a: Dragapult|63\/100 tox|[from] psn\n|upkeep\n|turn|16\n|\n|t:|1700498358\n|switch|p2a: Umbreon|Umbreon, M, shiny|100\/100\n|move|p1a: Dragapult|U-turn|p2a: Umbreon\n|-supereffective|p2a: Umbreon\n|-damage|p2a: Umbreon|76\/100\n|\n|t:|1700498361\n|switch|p1a: Kingambit|Kingambit, M|100\/100|[from] U-turn\n|\n|-heal|p2a: Umbreon|82\/100|[from] item: Leftovers\n|upkeep\n|turn|17\n|\n|t:|1700498367\n|move|p1a: Kingambit|Iron Head|p2a: Umbreon\n|-damage|p2a: Umbreon|53\/100\n|move|p2a: Umbreon|Yawn|p1a: Kingambit\n|-start|p1a: Kingambit|move: Yawn|[of] p2a: Umbreon\n|\n|-heal|p2a: Umbreon|59\/100|[from] item: Leftovers\n|upkeep\n|turn|18\n|\n|t:|1700498373\n|-end|p1a: Kingambit|fallenundefined|[silent]\n|switch|p1a: Landorus|Landorus-Therian, M|100\/100\n|-ability|p1a: Landorus|Intimidate|boost\n|-fail|p2a: Umbreon|unboost|Attack|[from] ability: Inner Focus|[of] p2a: Umbreon\n|move|p2a: Umbreon|Wish|p2a: Umbreon\n|\n|-heal|p2a: Umbreon|65\/100|[from] item: Leftovers\n|upkeep\n|turn|19\n|\n|t:|1700498377\n|move|p2a: Umbreon|Protect|p2a: Umbreon\n|-singleturn|p2a: Umbreon|Protect\n|move|p1a: Landorus|Sludge Bomb|p2a: Umbreon\n|-activate|p2a: Umbreon|move: Protect\n|\n|-heal|p2a: Umbreon|100\/100|[from] move: Wish|[wisher] Umbreon\n|upkeep\n|turn|20\n|\n|t:|1700498386\n|switch|p2a: Rotom|Rotom-Wash|100\/100\n|move|p1a: Landorus|Sludge Bomb|p2a: Rotom\n|-damage|p2a: Rotom|55\/100\n|\n|upkeep\n|turn|21\n|\n|t:|1700498394\n|switch|p1a: Dragapult|Dragapult, M|63\/100 tox\n|move|p2a: Rotom|Hydro Pump|p1a: Dragapult\n|-resisted|p1a: Dragapult\n|-damage|p1a: Dragapult|13\/100 tox\n|\n|-damage|p1a: Dragapult|7\/100 tox|[from] psn\n|upkeep\n|turn|22\n|\n|t:|1700498403\n|switch|p2a: Umbreon|Umbreon, M, shiny|100\/100\n|move|p1a: Dragapult|Draco Meteor|p2a: Umbreon\n|-damage|p2a: Umbreon|65\/100\n|-unboost|p1a: Dragapult|spa|2\n|\n|-heal|p2a: Umbreon|71\/100|[from] item: Leftovers\n|-damage|p1a: Dragapult|0 fnt|[from] psn\n|faint|p1a: Dragapult\n|upkeep\n|\n|t:|1700498405\n|switch|p1a: Kingambit|Kingambit, M|100\/100\n|-activate|p1a: Kingambit|ability: Supreme Overlord\n|-start|p1a: Kingambit|fallen1|[silent]\n|turn|23\n|\n|t:|1700498410\n|move|p1a: Kingambit|Iron Head|p2a: Umbreon\n|-damage|p2a: Umbreon|38\/100\n|move|p2a: Umbreon|Yawn|p1a: Kingambit\n|-start|p1a: Kingambit|move: Yawn|[of] p2a: Umbreon\n|\n|-heal|p2a: Umbreon|44\/100|[from] item: Leftovers\n|upkeep\n|turn|24\n|\n|t:|1700498416\n|-end|p1a: Kingambit|fallen1|[silent]\n|switch|p1a: Landorus|Landorus-Therian, M|100\/100\n|-ability|p1a: Landorus|Intimidate|boost\n|-fail|p2a: Umbreon|unboost|Attack|[from] ability: Inner Focus|[of] p2a: Umbreon\n|move|p2a: Umbreon|Wish|p2a: Umbreon\n|\n|-heal|p2a: Umbreon|50\/100|[from] item: Leftovers\n|upkeep\n|turn|25\n|\n|t:|1700498420\n|move|p2a: Umbreon|Protect|p2a: Umbreon\n|-singleturn|p2a: Umbreon|Protect\n|move|p1a: Landorus|Sludge Bomb|p2a: Umbreon\n|-activate|p2a: Umbreon|move: Protect\n|\n|-heal|p2a: Umbreon|99\/100|[from] move: Wish|[wisher] Umbreon\n|-heal|p2a: Umbreon|100\/100|[from] item: Leftovers\n|upkeep\n|turn|26\n|\n|t:|1700498429\n|switch|p2a: Rotom|Rotom-Wash|55\/100\n|move|p1a: Landorus|Sludge Bomb|p2a: Rotom\n|-damage|p2a: Rotom|11\/100\n|\n|upkeep\n|turn|27\n|\n|t:|1700498435\n|switch|p1a: Pelipper|Pelipper, F|100\/100\n|-weather|RainDance|[from] ability: Drizzle|[of] p1a: Pelipper\n|move|p2a: Rotom|Hydro Pump|p1a: Pelipper\n|-resisted|p1a: Pelipper\n|-damage|p1a: Pelipper|37\/100\n|\n|-weather|RainDance|[upkeep]\n|upkeep\n|turn|28\n|\n|t:|1700498451\n|switch|p2a: Espeon|Espeon, M|100\/100\n|move|p1a: Pelipper|U-turn|p2a: Espeon\n|-supereffective|p2a: Espeon\n|-damage|p2a: Espeon|81\/100\n|\n|t:|1700498454\n|switch|p1a: Barraskewda|Barraskewda, M|76\/100 psn|[from] U-turn\n|\n|-weather|RainDance|[upkeep]\n|-damage|p1a: Barraskewda|64\/100 psn|[from] psn\n|upkeep\n|turn|29\n|\n|t:|1700498464\n|move|p2a: Espeon|Detect|p2a: Espeon\n|-singleturn|p2a: Espeon|Protect\n|move|p1a: Barraskewda|Liquidation|p2a: Espeon\n|-activate|p2a: Espeon|move: Protect\n|\n|-weather|RainDance|[upkeep]\n|-damage|p1a: Barraskewda|52\/100 psn|[from] psn\n|upkeep\n|turn|30\n|\n|t:|1700498475\n|switch|p2a: Umbreon|Umbreon, M, shiny|100\/100\n|move|p1a: Barraskewda|Liquidation|p2a: Umbreon\n|-damage|p2a: Umbreon|34\/100\n|\n|-weather|RainDance|[upkeep]\n|-heal|p2a: Umbreon|40\/100|[from] item: Leftovers\n|-damage|p1a: Barraskewda|40\/100 psn|[from] psn\n|upkeep\n|turn|31\n|\n|t:|1700498481\n|switch|p1a: Kingambit|Kingambit, M|100\/100\n|-activate|p1a: Kingambit|ability: Supreme Overlord\n|-start|p1a: Kingambit|fallen1|[silent]\n|move|p2a: Umbreon|Protect||[still]\n|-fail|p2a: Umbreon\n|\n|-weather|RainDance|[upkeep]\n|-heal|p2a: Umbreon|46\/100|[from] item: Leftovers\n|upkeep\n|turn|32\n|\n|t:|1700498486\n|move|p1a: Kingambit|Iron Head|p2a: Umbreon\n|-damage|p2a: Umbreon|12\/100\n|move|p2a: Umbreon|Yawn|p1a: Kingambit\n|-start|p1a: Kingambit|move: Yawn|[of] p2a: Umbreon\n|\n|-weather|RainDance|[upkeep]\n|-heal|p2a: Umbreon|18\/100|[from] item: Leftovers\n|upkeep\n|turn|33\n|\n|t:|1700498493\n|move|p2a: Umbreon|Protect|p2a: Umbreon\n|-singleturn|p2a: Umbreon|Protect\n|move|p1a: Kingambit|Iron Head|p2a: Umbreon\n|-activate|p2a: Umbreon|move: Protect\n|\n|-weather|RainDance|[upkeep]\n|-heal|p2a: Umbreon|24\/100|[from] item: Leftovers\n|-end|p1a: Kingambit|move: Yawn|[silent]\n|-status|p1a: Kingambit|slp\n|upkeep\n|turn|34\n|\n|t:|1700498498\n|cant|p1a: Kingambit|slp\n|move|p2a: Umbreon|Wish|p2a: Umbreon\n|\n|-weather|none\n|-heal|p2a: Umbreon|30\/100|[from] item: Leftovers\n|upkeep\n|turn|35\n|\n|t:|1700498505\n|move|p2a: Umbreon|Protect|p2a: Umbreon\n|-singleturn|p2a: Umbreon|Protect\n|cant|p1a: Kingambit|slp\n|\n|-heal|p2a: Umbreon|80\/100|[from] move: Wish|[wisher] Umbreon\n|-heal|p2a: Umbreon|86\/100|[from] item: Leftovers\n|upkeep\n|turn|36\n|\n|t:|1700498509\n|cant|p1a: Kingambit|slp\n|move|p2a: Umbreon|Wish|p2a: Umbreon\n|\n|-heal|p2a: Umbreon|92\/100|[from] item: Leftovers\n|upkeep\n|turn|37\n|\n|t:|1700498512\n|-curestatus|p1a: Kingambit|slp|[msg]\n|move|p1a: Kingambit|Kowtow Cleave|p2a: Umbreon\n|-resisted|p2a: Umbreon\n|-damage|p2a: Umbreon|75\/100\n|move|p2a: Umbreon|Yawn|p1a: Kingambit\n|-start|p1a: Kingambit|move: Yawn|[of] p2a: Umbreon\n|\n|-heal|p2a: Umbreon|100\/100|[from] move: Wish|[wisher] Umbreon\n|upkeep\n|turn|38\n|\n|t:|1700498523\n|-end|p1a: Kingambit|fallen1|[silent]\n|switch|p1a: Pelipper|Pelipper, F|37\/100\n|-weather|RainDance|[from] ability: Drizzle|[of] p1a: Pelipper\n|move|p2a: Umbreon|Foul Play|p1a: Pelipper\n|-damage|p1a: Pelipper|21\/100\n|\n|-weather|RainDance|[upkeep]\n|upkeep\n|turn|39\n|\n|t:|1700498526\n|move|p1a: Pelipper|Roost|p1a: Pelipper\n|-heal|p1a: Pelipper|71\/100\n|-singleturn|p1a: Pelipper|move: Roost\n|move|p2a: Umbreon|Wish|p2a: Umbreon\n|\n|-weather|RainDance|[upkeep]\n|upkeep\n|turn|40\n|\n|t:|1700498532\n|switch|p2a: Drifblim|Drifblim, M|100\/100\n|move|p1a: Pelipper|Surf|p2a: Drifblim\n|-damage|p2a: Drifblim|48\/100\n|\n|-weather|RainDance|[upkeep]\n|-heal|p2a: Drifblim|92\/100|[from] move: Wish|[wisher] Umbreon\n|upkeep\n|turn|41\n|\n|t:|1700498544\n|move|p2a: Drifblim|Trick|p1a: Pelipper\n|-activate|p2a: Drifblim|move: Trick|[of] p1a: Pelipper\n|-item|p1a: Pelipper|Choice Scarf|[from] move: Trick\n|-item|p2a: Drifblim|Damp Rock|[from] move: Trick\n|move|p1a: Pelipper|Surf|p2a: Drifblim\n|-damage|p2a: Drifblim|31\/100\n|\n|-weather|RainDance|[upkeep]\n|upkeep\n|turn|42\n|\n|t:|1700498554\n|switch|p2a: Umbreon|Umbreon, M, shiny|100\/100\n|move|p1a: Pelipper|Surf|p2a: Umbreon\n|-damage|p2a: Umbreon|72\/100\n|\n|-weather|RainDance|[upkeep]\n|-heal|p2a: Umbreon|78\/100|[from] item: Leftovers\n|upkeep\n|turn|43\n|\n|t:|1700498561\n|switch|p1a: Kingambit|Kingambit, M|100\/100\n|-activate|p1a: Kingambit|ability: Supreme Overlord\n|-start|p1a: Kingambit|fallen1|[silent]\n|move|p2a: Umbreon|Wish|p2a: Umbreon\n|\n|-weather|RainDance|[upkeep]\n|-heal|p2a: Umbreon|84\/100|[from] item: Leftovers\n|upkeep\n|turn|44\n|\n|t:|1700498565\n|-end|p1a: Kingambit|fallen1|[silent]\n|switch|p1a: Landorus|Landorus-Therian, M|100\/100\n|-ability|p1a: Landorus|Intimidate|boost\n|-fail|p2a: Umbreon|unboost|Attack|[from] ability: Inner Focus|[of] p2a: Umbreon\n|move|p2a: Umbreon|Yawn|p1a: Landorus\n|-start|p1a: Landorus|move: Yawn|[of] p2a: Umbreon\n|\n|-weather|RainDance|[upkeep]\n|-heal|p2a: Umbreon|100\/100|[from] move: Wish|[wisher] Umbreon\n|upkeep\n|turn|45\n|\n|t:|1700498573\n|move|p1a: Landorus|Sludge Bomb|p2a: Umbreon\n|-damage|p2a: Umbreon|72\/100\n|move|p2a: Umbreon|Foul Play|p1a: Landorus\n|-damage|p1a: Landorus|61\/100\n|\n|-weather|none\n|-heal|p2a: Umbreon|78\/100|[from] item: Leftovers\n|-end|p1a: Landorus|move: Yawn|[silent]\n|-status|p1a: Landorus|slp\n|upkeep\n|turn|46\n|\n|t:|1700498578\n|switch|p1a: Kingambit|Kingambit, M|100\/100\n|-activate|p1a: Kingambit|ability: Supreme Overlord\n|-start|p1a: Kingambit|fallen1|[silent]\n|move|p2a: Umbreon|Foul Play|p1a: Kingambit\n|-resisted|p1a: Kingambit\n|-damage|p1a: Kingambit|77\/100\n|\n|-heal|p2a: Umbreon|84\/100|[from] item: Leftovers\n|upkeep\n|turn|47\n|\n|t:|1700498582\n|switch|p2a: Drifblim|Drifblim, M|31\/100\n|move|p1a: Kingambit|Iron Head|p2a: Drifblim\n|-damage|p2a: Drifblim|0 fnt\n|-damage|p1a: Kingambit|52\/100|[from] ability: Aftermath|[of] p2a: Drifblim\n|faint|p2a: Drifblim\n|\n|upkeep\n|\n|t:|1700498590\n|switch|p2a: Rotom|Rotom-Wash|11\/100\n|turn|48\n|\n|t:|1700498597\n|-end|p1a: Kingambit|fallen1|[silent]\n|switch|p1a: Pelipper|Pelipper, F|71\/100\n|-weather|RainDance|[from] ability: Drizzle|[of] p1a: Pelipper\n|move|p2a: Rotom|Will-O-Wisp|p1a: Pelipper\n|-status|p1a: Pelipper|brn\n|\n|-weather|RainDance|[upkeep]\n|-damage|p1a: Pelipper|65\/100 brn|[from] brn\n|upkeep\n|turn|49\n|\n|t:|1700498609\n|switch|p2a: Garganacl|Garganacl, M, shiny|100\/100\n|move|p1a: Pelipper|U-turn|p2a: Garganacl\n|-damage|p2a: Garganacl|98\/100\n|\n|t:|1700498614\n|switch|p1a: Barraskewda|Barraskewda, M|40\/100 psn|[from] U-turn\n|\n|-weather|RainDance|[upkeep]\n|-heal|p2a: Garganacl|100\/100|[from] item: Leftovers\n|-damage|p1a: Barraskewda|27\/100 psn|[from] psn\n|upkeep\n|turn|50\n|\n|t:|1700498633\n|switch|p2a: Rotom|Rotom-Wash|11\/100\n|-terastallize|p1a: Barraskewda|Water\n|move|p1a: Barraskewda|Liquidation|p2a: Rotom\n|-resisted|p2a: Rotom\n|-damage|p2a: Rotom|0 fnt\n|faint|p2a: Rotom\n|\n|-weather|RainDance|[upkeep]\n|-damage|p1a: Barraskewda|15\/100 psn|[from] psn\n|upkeep\n|\n|t:|1700498640\n|switch|p2a: Umbreon|Umbreon, M, shiny|84\/100\n|turn|51\n|\n|t:|1700498642\n|switch|p1a: Kingambit|Kingambit, M|52\/100\n|-activate|p1a: Kingambit|ability: Supreme Overlord\n|-start|p1a: Kingambit|fallen1|[silent]\n|move|p2a: Umbreon|Wish|p2a: Umbreon\n|\n|-weather|RainDance|[upkeep]\n|-heal|p2a: Umbreon|90\/100|[from] item: Leftovers\n|upkeep\n|turn|52\n|\n|t:|1700498649\n|move|p1a: Kingambit|Iron Head|p2a: Umbreon\n|-damage|p2a: Umbreon|56\/100\n|move|p2a: Umbreon|Foul Play|p1a: Kingambit\n|-resisted|p1a: Kingambit\n|-damage|p1a: Kingambit|29\/100\n|\n|-weather|none\n|-heal|p2a: Umbreon|100\/100|[from] move: Wish|[wisher] Umbreon\n|upkeep\n|turn|53\n|\n|t:|1700498653\n|move|p1a: Kingambit|Iron Head|p2a: Umbreon\n|-damage|p2a: Umbreon|69\/100\n|move|p2a: Umbreon|Foul Play|p1a: Kingambit\n|-resisted|p1a: Kingambit\n|-damage|p1a: Kingambit|4\/100\n|\n|-heal|p2a: Umbreon|75\/100|[from] item: Leftovers\n|upkeep\n|turn|54\n|\n|t:|1700498656\n|move|p1a: Kingambit|Iron Head|p2a: Umbreon\n|-damage|p2a: Umbreon|42\/100\n|move|p2a: Umbreon|Foul Play|p1a: Kingambit\n|-resisted|p1a: Kingambit\n|-damage|p1a: Kingambit|0 fnt\n|faint|p1a: Kingambit\n|-end|p1a: Kingambit|fallen1|[silent]\n|\n|-heal|p2a: Umbreon|48\/100|[from] item: Leftovers\n|upkeep\n|\n|t:|1700498659\n|switch|p1a: Hatterene|Hatterene, F|100\/100\n|-status|p1a: Hatterene|tox\n|turn|55\n|\n|t:|1700498665\n|switch|p2a: Espeon|Espeon, M|81\/100\n|move|p1a: Hatterene|Calm Mind|p1a: Hatterene\n|-boost|p1a: Hatterene|spa|1\n|-boost|p1a: Hatterene|spd|1\n|\n|-damage|p1a: Hatterene|95\/100 tox|[from] psn\n|upkeep\n|turn|56\n|\n|t:|1700498668\n|move|p2a: Espeon|Trick|p1a: Hatterene\n|-activate|p2a: Espeon|move: Trick|[of] p1a: Hatterene\n|-item|p1a: Hatterene|Choice Scarf|[from] move: Trick\n|-item|p2a: Espeon|Covert Cloak|[from] move: Trick\n|move|p1a: Hatterene|Draining Kiss|p2a: Espeon\n|-damage|p2a: Espeon|48\/100\n|-heal|p1a: Hatterene|100\/100 tox|[from] drain|[of] p2a: Espeon\n|\n|-damage|p1a: Hatterene|89\/100 tox|[from] psn\n|upkeep\n|turn|57\n|\n|t:|1700498676\n|move|p2a: Espeon|Detect|p2a: Espeon\n|-singleturn|p2a: Espeon|Protect\n|move|p1a: Hatterene|Draining Kiss|p2a: Espeon\n|-activate|p2a: Espeon|move: Protect\n|\n|-damage|p1a: Hatterene|71\/100 tox|[from] psn\n|upkeep\n|turn|58\n|\n|t:|1700498680\n|move|p2a: Espeon|Psyshock|p1a: Hatterene\n|-resisted|p1a: Hatterene\n|-damage|p1a: Hatterene|55\/100 tox\n|move|p1a: Hatterene|Draining Kiss|p2a: Espeon\n|-damage|p2a: Espeon|13\/100\n|-heal|p1a: Hatterene|83\/100 tox|[from] drain|[of] p2a: Espeon\n|\n|-damage|p1a: Hatterene|59\/100 tox|[from] psn\n|upkeep\n|turn|59\n|\n|t:|1700498685\n|move|p2a: Espeon|Detect|p2a: Espeon\n|-singleturn|p2a: Espeon|Protect\n|move|p1a: Hatterene|Draining Kiss|p2a: Espeon\n|-activate|p2a: Espeon|move: Protect\n|\n|-damage|p1a: Hatterene|29\/100 tox|[from] psn\n|upkeep\n|turn|60\n|\n|t:|1700498689\n|move|p2a: Espeon|Psyshock|p1a: Hatterene\n|-resisted|p1a: Hatterene\n|-damage|p1a: Hatterene|15\/100 tox\n|move|p1a: Hatterene|Draining Kiss|p2a: Espeon\n|-damage|p2a: Espeon|0 fnt\n|-heal|p1a: Hatterene|25\/100 tox|[from] drain|[of] p2a: Espeon\n|faint|p2a: Espeon\n|\n|-damage|p1a: Hatterene|0 fnt|[from] psn\n|faint|p1a: Hatterene\n|upkeep\n|\n|t:|1700498698\n|switch|p2a: Garganacl|Garganacl, M, shiny|100\/100\n|switch|p1a: Pelipper|Pelipper, F|65\/100 brn\n|-weather|RainDance|[from] ability: Drizzle|[of] p1a: Pelipper\n|turn|61\n|\n|t:|1700498702\n|-terastallize|p2a: Garganacl|Ghost\n|move|p1a: Pelipper|Surf|p2a: Garganacl\n|-damage|p2a: Garganacl|73\/100\n|move|p2a: Garganacl|Iron Defense|p2a: Garganacl\n|-boost|p2a: Garganacl|def|2\n|\n|-weather|RainDance|[upkeep]\n|-heal|p2a: Garganacl|79\/100|[from] item: Leftovers\n|-damage|p1a: Pelipper|58\/100 brn|[from] brn\n|upkeep\n|turn|62\n|\n|t:|1700498707\n|move|p1a: Pelipper|Surf|p2a: Garganacl\n|-damage|p2a: Garganacl|52\/100\n|move|p2a: Garganacl|Iron Defense|p2a: Garganacl\n|-boost|p2a: Garganacl|def|2\n|\n|-weather|RainDance|[upkeep]\n|-heal|p2a: Garganacl|58\/100|[from] item: Leftovers\n|-damage|p1a: Pelipper|52\/100 brn|[from] brn\n|upkeep\n|turn|63\n|\n|t:|1700498708\n|move|p1a: Pelipper|Surf|p2a: Garganacl\n|-damage|p2a: Garganacl|29\/100\n|move|p2a: Garganacl|Recover|p2a: Garganacl\n|-heal|p2a: Garganacl|79\/100\n|\n|-weather|RainDance|[upkeep]\n|-heal|p2a: Garganacl|85\/100|[from] item: Leftovers\n|-damage|p1a: Pelipper|46\/100 brn|[from] brn\n|upkeep\n|turn|64\n|\n|t:|1700498711\n|move|p1a: Pelipper|Surf|p2a: Garganacl\n|-damage|p2a: Garganacl|56\/100\n|move|p2a: Garganacl|Salt Cure|p1a: Pelipper\n|-supereffective|p1a: Pelipper\n|-damage|p1a: Pelipper|18\/100 brn\n|-start|p1a: Pelipper|Salt Cure\n|\n|-weather|RainDance|[upkeep]\n|-heal|p2a: Garganacl|62\/100|[from] item: Leftovers\n|-damage|p1a: Pelipper|12\/100 brn|[from] brn\n|-damage|p1a: Pelipper|0 fnt|[from] Salt Cure\n|faint|p1a: Pelipper\n|upkeep\n|\n|t:|1700498713\n|switch|p1a: Landorus|Landorus-Therian, M|61\/100 slp\n|-ability|p1a: Landorus|Intimidate|boost\n|-unboost|p2a: Garganacl|atk|1\n|turn|65\n|\n|t:|1700498717\n|cant|p1a: Landorus|slp\n|move|p2a: Garganacl|Salt Cure|p1a: Landorus\n|-damage|p1a: Landorus|49\/100 slp\n|-start|p1a: Landorus|Salt Cure\n|\n|-weather|none\n|-heal|p2a: Garganacl|68\/100|[from] item: Leftovers\n|-damage|p1a: Landorus|37\/100 slp|[from] Salt Cure\n|upkeep\n|turn|66\n|\n|t:|1700498721\n|-curestatus|p1a: Landorus|slp|[msg]\n|move|p1a: Landorus|Sandsear Storm|p2a: Garganacl\n|-damage|p2a: Garganacl|19\/100\n|move|p2a: Garganacl|Recover|p2a: Garganacl\n|-heal|p2a: Garganacl|69\/100\n|\n|-heal|p2a: Garganacl|75\/100|[from] item: Leftovers\n|-damage|p1a: Landorus|25\/100|[from] Salt Cure\n|upkeep\n|turn|67\n|\n|t:|1700498724\n|move|p1a: Landorus|Sandsear Storm|p2a: Garganacl\n|-damage|p2a: Garganacl|31\/100\n|move|p2a: Garganacl|Recover|p2a: Garganacl\n|-heal|p2a: Garganacl|81\/100\n|\n|-heal|p2a: Garganacl|87\/100|[from] item: Leftovers\n|-damage|p1a: Landorus|12\/100|[from] Salt Cure\n|upkeep\n|turn|68\n|\n|t:|1700498727\n|move|p1a: Landorus|Sandsear Storm|p2a: Garganacl\n|-damage|p2a: Garganacl|37\/100\n|move|p2a: Garganacl|Recover|p2a: Garganacl\n|-heal|p2a: Garganacl|87\/100\n|\n|-heal|p2a: Garganacl|93\/100|[from] item: Leftovers\n|-damage|p1a: Landorus|0 fnt|[from] Salt Cure\n|faint|p1a: Landorus\n|upkeep\n|-message|Asyncio forfeited.\n|\n|win|liaoya\n|raw|Asyncio's rating: 1585 &rarr; <strong>1561<\/strong><br \/>(-24 for losing)\n|raw|liaoya's rating: 1509 &rarr; <strong>1533<\/strong><br \/>(+24 for winning)\n|l|\u2606Asyncio\n","uploadtime":1700498734,"views":5,"p1id":"asyncio","p2id":"liaoya","formatid":"gen9ou","rating":1533,"private":0,"password":""}