{"id":"gen9ou-1999989335","p1":"anatomy&physiology","p2":"Dr. Crystal","format":"[Gen 9] OU","log":"|j|\u2606anatomy&physiology\n|j|\u2606Dr. Crystal\n|t:|1701138263\n|gametype|singles\n|player|p1|anatomy&physiology|101|1202\n|player|p2|Dr. Crystal|2|1122\n|teamsize|p1|6\n|teamsize|p2|6\n|gen|9\n|tier|[Gen 9] OU\n|rated|\n|rule|Sleep Clause Mod: Limit one foe put to sleep\n|rule|Species Clause: Limit one of each Pok\u00e9mon\n|rule|OHKO Clause: OHKO moves are banned\n|rule|Evasion Items Clause: Evasion items are banned\n|rule|Evasion Moves Clause: Evasion moves are banned\n|rule|Endless Battle Clause: Forcing endless battles is banned\n|rule|HP Percentage Mod: HP is shown in percentages\n|clearpoke\n|poke|p1|Greninja-*, M|\n|poke|p1|Pelipper, F|\n|poke|p1|Zapdos|\n|poke|p1|Floatzel, F|\n|poke|p1|Amoonguss, F|\n|poke|p1|Kingambit, F|\n|poke|p2|Ursaluna, F|\n|poke|p2|Samurott-Hisui, F|\n|poke|p2|Quaquaval, M|\n|poke|p2|Typhlosion-Hisui, F|\n|poke|p2|Glimmora, M|\n|poke|p2|Walking Wake|\n|teampreview\n|inactive|Battle timer is ON: inactive players will automatically lose when time's up. (requested by Dr. Crystal)\n|\n|t:|1701138276\n|start\n|switch|p1a: Greninja|Greninja, M, shiny|100\/100\n|switch|p2a: Samurott|Samurott-Hisui, F, shiny|100\/100\n|turn|1\n|c|\u2606Dr. Crystal|rain team? thats a first. cool choice\n|c|\u2606Dr. Crystal|glhf\n|\n|t:|1701138294\n|move|p1a: Greninja|Low Kick|p2a: Samurott\n|-start|p1a: Greninja|typechange|Fighting|[from] ability: Protean\n|-supereffective|p2a: Samurott\n|-damage|p2a: Samurott|0 fnt\n|faint|p2a: Samurott\n|-damage|p1a: Greninja|91\/100|[from] item: Life Orb\n|\n|upkeep\n|c|\u2606anatomy&physiology|thank you\n|c|\u2606anatomy&physiology|I like greninja\n|c|\u2606anatomy&physiology|rain good for frog\n|c|\u2606Dr. Crystal|same\n|inactive|Dr. Crystal has 120 seconds left.\n|c|\u2606anatomy&physiology|w\n|c|\u2606anatomy&physiology|goat opinion\n|\n|t:|1701138325\n|switch|p2a: Glimmora|Glimmora, M|100\/100\n|turn|2\n|c|\u2606Dr. Crystal|thanks, agreed\n|\n|t:|1701138338\n|move|p1a: Greninja|Liquidation|p2a: Glimmora\n|-supereffective|p2a: Glimmora\n|-damage|p2a: Glimmora|53\/100\n|-activate|p2a: Glimmora|ability: Toxic Debris\n|-sidestart|p1: anatomy&physiology|move: Toxic Spikes\n|-damage|p1a: Greninja|81\/100|[from] item: Life Orb\n|move|p2a: Glimmora|Toxic|p1a: Greninja\n|-status|p1a: Greninja|tox\n|\n|-heal|p2a: Glimmora|60\/100|[from] item: Black Sludge\n|-damage|p1a: Greninja|75\/100 tox|[from] psn\n|upkeep\n|turn|3\n|\n|t:|1701138354\n|-terastallize|p2a: Glimmora|Water\n|move|p1a: Greninja|Liquidation|p2a: Glimmora\n|-resisted|p2a: Glimmora\n|-damage|p2a: Glimmora|49\/100\n|-activate|p2a: Glimmora|ability: Toxic Debris\n|-sidestart|p1: anatomy&physiology|move: Toxic Spikes\n|-damage|p1a: Greninja|65\/100 tox|[from] item: Life Orb\n|move|p2a: Glimmora|Stealth Rock|p1a: Greninja\n|-sidestart|p1: anatomy&physiology|move: Stealth Rock\n|\n|-damage|p2a: Glimmora|36\/100|[from] item: Black Sludge\n|-damage|p1a: Greninja|53\/100 tox|[from] psn\n|upkeep\n|turn|4\n|inactive|Dr. Crystal has 120 seconds left.\n|\n|t:|1701138364\n|move|p1a: Greninja|Night Slash|p2a: Glimmora\n|-damage|p2a: Glimmora|18\/100\n|-damage|p1a: Greninja|43\/100 tox|[from] item: Life Orb\n|move|p2a: Glimmora|Sunny Day|p2a: Glimmora\n|-weather|SunnyDay\n|\n|-weather|SunnyDay|[upkeep]\n|-damage|p2a: Glimmora|5\/100|[from] item: Black Sludge\n|-damage|p1a: Greninja|25\/100 tox|[from] psn\n|upkeep\n|turn|5\n|c|\u2606anatomy&physiology|thats a crazy move\n|inactive|Dr. Crystal has 120 seconds left.\n|c|\u2606Dr. Crystal|yep\n|\n|t:|1701138378\n|move|p1a: Greninja|Night Slash|p2a: Glimmora\n|-damage|p2a: Glimmora|0 fnt\n|faint|p2a: Glimmora\n|-damage|p1a: Greninja|16\/100 tox|[from] item: Life Orb\n|\n|-weather|SunnyDay|[upkeep]\n|-damage|p1a: Greninja|0 fnt|[from] psn\n|faint|p1a: Greninja\n|upkeep\n|inactive|Dr. Crystal has 120 seconds left.\n|\n|t:|1701138400\n|switch|p1a: Amoonguss|Amoonguss, F|100\/100\n|switch|p2a: Walking Wake|Walking Wake|100\/100\n|-activate|p2a: Walking Wake|ability: Protosynthesis\n|-start|p2a: Walking Wake|protosynthesisspe\n|-sideend|p1: anatomy&physiology|move: Toxic Spikes|[of] p1a: Amoonguss\n|-damage|p1a: Amoonguss|88\/100|[from] Stealth Rock\n|turn|6\n|\n|t:|1701138413\n|move|p2a: Walking Wake|Flamethrower|p1a: Amoonguss\n|-supereffective|p1a: Amoonguss\n|-damage|p1a: Amoonguss|0 fnt\n|faint|p1a: Amoonguss\n|\n|-weather|SunnyDay|[upkeep]\n|upkeep\n|\n|t:|1701138417\n|switch|p1a: Pelipper|Pelipper, F|100\/100\n|-damage|p1a: Pelipper|76\/100|[from] Stealth Rock\n|-weather|RainDance|[from] ability: Drizzle|[of] p1a: Pelipper\n|-end|p2a: Walking Wake|Protosynthesis\n|-enditem|p2a: Walking Wake|Booster Energy\n|-activate|p2a: Walking Wake|ability: Protosynthesis|[fromitem]\n|-start|p2a: Walking Wake|protosynthesisspe\n|turn|7\n|inactive|Dr. Crystal has 120 seconds left.\n|\n|t:|1701138432\n|move|p2a: Walking Wake|Draco Meteor|p1a: Pelipper\n|-damage|p1a: Pelipper|0 fnt\n|-unboost|p2a: Walking Wake|spa|2\n|faint|p1a: Pelipper\n|\n|-weather|RainDance|[upkeep]\n|upkeep\n|c|\u2606anatomy&physiology|rip among us\n|c|\u2606anatomy&physiology|rip bird\n|\n|t:|1701138444\n|switch|p1a: Zapdos|Zapdos|100\/100\n|turn|8\n|c|\u2606Dr. Crystal|rip your team\n|\n|t:|1701138450\n|move|p2a: Walking Wake|Draco Meteor|p1a: Zapdos\n|-damage|p1a: Zapdos|69\/100\n|-unboost|p2a: Walking Wake|spa|2\n|move|p1a: Zapdos|Thunder|p2a: Walking Wake\n|-damage|p2a: Walking Wake|31\/100\n|\n|-weather|RainDance|[upkeep]\n|upkeep\n|turn|9\n|\n|t:|1701138455\n|move|p2a: Walking Wake|Hydro Steam|p1a: Zapdos\n|-damage|p1a: Zapdos|50\/100\n|move|p1a: Zapdos|Hurricane|p2a: Walking Wake\n|-damage|p2a: Walking Wake|0 fnt\n|faint|p2a: Walking Wake\n|-end|p2a: Walking Wake|Protosynthesis|[silent]\n|\n|-weather|RainDance|[upkeep]\n|upkeep\n|\n|t:|1701138459\n|switch|p2a: Quaquaval|Quaquaval, M|100\/100\n|turn|10\n|\n|t:|1701138463\n|move|p2a: Quaquaval|Aqua Step|p1a: Zapdos\n|-damage|p1a: Zapdos|0 fnt\n|-boost|p2a: Quaquaval|spe|1\n|faint|p1a: Zapdos\n|-ability|p2a: Quaquaval|Moxie|boost\n|-boost|p2a: Quaquaval|atk|1\n|\n|-weather|RainDance|[upkeep]\n|upkeep\n|\n|t:|1701138469\n|switch|p1a: Floatzel|Floatzel, F|100\/100\n|-damage|p1a: Floatzel|88\/100|[from] Stealth Rock\n|turn|11\n|\n|t:|1701138473\n|-terastallize|p1a: Floatzel|Water\n|move|p1a: Floatzel|Wave Crash|p2a: Quaquaval\n|-resisted|p2a: Quaquaval\n|-damage|p2a: Quaquaval|0 fnt\n|faint|p2a: Quaquaval\n|-damage|p1a: Floatzel|55\/100|[from] Recoil\n|\n|-weather|RainDance|[upkeep]\n|upkeep\n|\n|t:|1701138477\n|switch|p2a: Ursaluna|Ursaluna, F, shiny|100\/100\n|turn|12\n|c|\u2606anatomy&physiology|check this swag\n|c|\u2606anatomy&physiology|YEAH\n|c|\u2606Dr. Crystal|bet\n|\n|t:|1701138486\n|move|p1a: Floatzel|Wave Crash|p2a: Ursaluna\n|-supereffective|p2a: Ursaluna\n|-damage|p2a: Ursaluna|0 fnt\n|faint|p2a: Ursaluna\n|-damage|p1a: Floatzel|6\/100|[from] Recoil\n|\n|-weather|RainDance|[upkeep]\n|upkeep\n|\n|t:|1701138491\n|switch|p2a: Typhlosion|Typhlosion-Hisui, F|100\/100\n|turn|13\n|\n|t:|1701138496\n|move|p1a: Floatzel|Wave Crash|p2a: Typhlosion\n|-supereffective|p2a: Typhlosion\n|-damage|p2a: Typhlosion|0 fnt\n|faint|p2a: Typhlosion\n|-damage|p1a: Floatzel|0 fnt|[from] Recoil\n|faint|p1a: Floatzel\n|\n|win|anatomy&physiology\n|raw|anatomy&amp;physiology's rating: 1202 &rarr; <strong>1221<\/strong><br \/>(+19 for winning)\n|raw|Dr. Crystal's rating: 1122 &rarr; <strong>1103<\/strong><br \/>(-19 for losing)\n|c|\u2606anatomy&physiology|gg\n|c|\u2606Dr. Crystal|DAMN\n|c|\u2606Dr. Crystal|that nuts\n|c|\u2606Dr. Crystal|gg\n|c|\u2606anatomy&physiology|floatsal is goated\n|c|\u2606Dr. Crystal|wp\n|c|\u2606anatomy&physiology|I can't even spell it right\n|c|\u2606Dr. Crystal|facts\n|c|\u2606anatomy&physiology|wp\n|c|\u2606Dr. Crystal|my fav gen 4 mon\n|c|\u2606anatomy&physiology|w pokemon\n|c|\u2606Dr. Crystal|thanks you to\n|c|\u2606anatomy&physiology|wonderful game\n|c|\u2606anatomy&physiology|this made my day\n","uploadtime":1701138544,"views":10,"p1id":"anatomyphysiology","p2id":"drcrystal","formatid":"gen9ou","rating":1103,"private":0,"password":""}