{"id":"gen9ou-1989086225","p1":"lahmes lahmus","p2":"red violet blue","format":"[Gen 9] OU","log":"|j|\u203dlahmes lahmus\n|j|\u2606red violet blue\n|t:|1699810649\n|gametype|singles\n|player|p1|lahmes lahmus|swimmer-gen4|1481\n|player|p2|red violet blue|1|1496\n|teamsize|p1|6\n|teamsize|p2|6\n|gen|9\n|tier|[Gen 9] OU\n|rated|\n|rule|Sleep Clause Mod: Limit one foe put to sleep\n|rule|Species Clause: Limit one of each Pok\u00e9mon\n|rule|OHKO Clause: OHKO moves are banned\n|rule|Evasion Items Clause: Evasion items are banned\n|rule|Evasion Moves Clause: Evasion moves are banned\n|rule|Endless Battle Clause: Forcing endless battles is banned\n|rule|HP Percentage Mod: HP is shown in percentages\n|clearpoke\n|poke|p1|Ceruledge, F|\n|poke|p1|Manaphy|\n|poke|p1|Rillaboom, F|\n|poke|p1|Glimmora, F|\n|poke|p1|Gholdengo|\n|poke|p1|Sneasler, M|\n|poke|p2|Ribombee, M|\n|poke|p2|Gholdengo|\n|poke|p2|Kingambit, F|\n|poke|p2|Greninja-*, M|\n|poke|p2|Iron Moth|\n|poke|p2|Manaphy|\n|teampreview\n|inactive|Battle timer is ON: inactive players will automatically lose when time's up. (requested by red violet blue)\n|\n|t:|1699810663\n|start\n|switch|p1a: Glimmora|Glimmora, F|100\/100\n|switch|p2a: Ribombee|Ribombee, M|100\/100\n|turn|1\n|\n|t:|1699810665\n|move|p2a: Ribombee|Psychic|p1a: Glimmora\n|-supereffective|p1a: Glimmora\n|-damage|p1a: Glimmora|29\/100\n|move|p1a: Glimmora|Stealth Rock|p2a: Ribombee\n|-sidestart|p2: red violet blue|move: Stealth Rock\n|\n|upkeep\n|turn|2\n|\n|t:|1699810670\n|move|p2a: Ribombee|Psychic|p1a: Glimmora\n|-supereffective|p1a: Glimmora\n|-damage|p1a: Glimmora|0 fnt\n|faint|p1a: Glimmora\n|\n|upkeep\n|\n|t:|1699810675\n|switch|p1a: Ceruledge|Ceruledge, F|100\/100\n|turn|3\n|\n|t:|1699810678\n|move|p2a: Ribombee|Sticky Web|p1a: Ceruledge\n|-sidestart|p1: lahmes lahmus|move: Sticky Web\n|move|p1a: Ceruledge|Bitter Blade|p2a: Ribombee\n|-supereffective|p2a: Ribombee\n|-enditem|p2a: Ribombee|Focus Sash\n|-damage|p2a: Ribombee|1\/100\n|\n|upkeep\n|turn|4\n|\n|t:|1699810680\n|move|p1a: Ceruledge|Shadow Sneak|p2a: Ribombee\n|-damage|p2a: Ribombee|0 fnt\n|faint|p2a: Ribombee\n|\n|upkeep\n|\n|t:|1699810687\n|switch|p2a: Manaphy|Manaphy|100\/100\n|-damage|p2a: Manaphy|88\/100|[from] Stealth Rock\n|turn|5\n|\n|t:|1699810690\n|move|p2a: Manaphy|Acid Armor|p2a: Manaphy\n|-boost|p2a: Manaphy|def|2\n|move|p1a: Ceruledge|Taunt|p2a: Manaphy\n|-start|p2a: Manaphy|move: Taunt\n|\n|-heal|p2a: Manaphy|94\/100|[from] item: Leftovers\n|upkeep\n|turn|6\n|\n|t:|1699810700\n|switch|p1a: Rillaboom|Rillaboom, F|100\/100\n|-activate|p1a: Rillaboom|move: Sticky Web\n|-unboost|p1a: Rillaboom|spe|1\n|-fieldstart|move: Grassy Terrain|[from] ability: Grassy Surge|[of] p1a: Rillaboom\n|move|p2a: Manaphy|Scald|p1a: Rillaboom\n|-resisted|p1a: Rillaboom\n|-damage|p1a: Rillaboom|83\/100\n|\n|-heal|p2a: Manaphy|100\/100|[from] Grassy Terrain\n|-heal|p1a: Rillaboom|89\/100|[from] Grassy Terrain\n|upkeep\n|turn|7\n|inactive|red violet blue has 120 seconds left.\n|\n|t:|1699810735\n|switch|p2a: Kingambit|Kingambit, F|100\/100\n|-damage|p2a: Kingambit|94\/100|[from] Stealth Rock\n|-activate|p2a: Kingambit|ability: Supreme Overlord\n|-start|p2a: Kingambit|fallen1|[silent]\n|move|p1a: Rillaboom|Wood Hammer|p2a: Kingambit\n|-resisted|p2a: Kingambit\n|-damage|p2a: Kingambit|35\/100\n|-damage|p1a: Rillaboom|69\/100|[from] Recoil\n|\n|-heal|p2a: Kingambit|41\/100|[from] Grassy Terrain\n|-heal|p1a: Rillaboom|76\/100|[from] Grassy Terrain\n|upkeep\n|turn|8\n|inactive|red violet blue has 120 seconds left.\n|\n|t:|1699810752\n|move|p2a: Kingambit|Iron Head|p1a: Rillaboom\n|-damage|p1a: Rillaboom|22\/100\n|move|p1a: Rillaboom|Wood Hammer|p2a: Kingambit\n|-resisted|p2a: Kingambit\n|-damage|p2a: Kingambit|0 fnt\n|faint|p2a: Kingambit\n|-end|p2a: Kingambit|fallen1|[silent]\n|-damage|p1a: Rillaboom|8\/100|[from] Recoil\n|\n|-heal|p1a: Rillaboom|15\/100|[from] Grassy Terrain\n|upkeep\n|inactive|red violet blue has 120 seconds left.\n|\n|t:|1699810768\n|switch|p2a: Greninja|Greninja, M|100\/100\n|-damage|p2a: Greninja|88\/100|[from] Stealth Rock\n|turn|9\n|inactive|lahmes lahmus has 120 seconds left.\n|\n|t:|1699810809\n|switch|p1a: Gholdengo|Gholdengo|100\/100\n|-item|p1a: Gholdengo|Air Balloon\n|move|p2a: Greninja|Dark Pulse|p1a: Gholdengo\n|-supereffective|p1a: Gholdengo\n|-damage|p1a: Gholdengo|0 fnt\n|-enditem|p1a: Gholdengo|Air Balloon\n|faint|p1a: Gholdengo\n|-ability|p2a: Greninja|Battle Bond|boost\n|-boost|p2a: Greninja|atk|1\n|-boost|p2a: Greninja|spa|1\n|-boost|p2a: Greninja|spe|1\n|-activate|p2a: Greninja|ability: Battle Bond\n|-damage|p2a: Greninja|78\/100|[from] item: Life Orb\n|\n|-heal|p2a: Greninja|84\/100|[from] Grassy Terrain\n|upkeep\n|\n|t:|1699810812\n|switch|p1a: Rillaboom|Rillaboom, F|15\/100\n|-activate|p1a: Rillaboom|move: Sticky Web\n|-unboost|p1a: Rillaboom|spe|1\n|turn|10\n|\n|t:|1699810815\n|move|p2a: Greninja|Water Shuriken|p1a: Rillaboom\n|-resisted|p1a: Rillaboom\n|-damage|p1a: Rillaboom|6\/100\n|-resisted|p1a: Rillaboom\n|-damage|p1a: Rillaboom|0 fnt\n|faint|p1a: Rillaboom\n|-hitcount|p1: Rillaboom|2\n|-damage|p2a: Greninja|75\/100|[from] item: Life Orb\n|\n|-heal|p2a: Greninja|80\/100|[from] Grassy Terrain\n|-fieldend|move: Grassy Terrain\n|upkeep\n|\n|t:|1699810820\n|switch|p1a: Manaphy|Manaphy|100\/100\n|-activate|p1a: Manaphy|move: Sticky Web\n|-unboost|p1a: Manaphy|spe|1\n|turn|11\n|\n|t:|1699810825\n|move|p2a: Greninja|Dark Pulse|p1a: Manaphy\n|-damage|p1a: Manaphy|44\/100\n|-damage|p2a: Greninja|71\/100|[from] item: Life Orb\n|move|p1a: Manaphy|Take Heart|p1a: Manaphy\n|-boost|p1a: Manaphy|spa|1\n|-boost|p1a: Manaphy|spd|1\n|\n|-heal|p1a: Manaphy|50\/100|[from] item: Leftovers\n|upkeep\n|turn|12\n|\n|t:|1699810831\n|move|p2a: Greninja|Dark Pulse|p1a: Manaphy\n|-damage|p1a: Manaphy|13\/100\n|-damage|p2a: Greninja|61\/100|[from] item: Life Orb\n|move|p1a: Manaphy|Scald|p2a: Greninja\n|-resisted|p2a: Greninja\n|-damage|p2a: Greninja|30\/100\n|-status|p2a: Greninja|brn\n|\n|-heal|p1a: Manaphy|19\/100|[from] item: Leftovers\n|-damage|p2a: Greninja|24\/100 brn|[from] brn\n|upkeep\n|turn|13\n|\n|t:|1699810838\n|move|p2a: Greninja|Dark Pulse|p1a: Manaphy\n|-damage|p1a: Manaphy|0 fnt\n|faint|p1a: Manaphy\n|-damage|p2a: Greninja|14\/100 brn|[from] item: Life Orb\n|\n|-damage|p2a: Greninja|8\/100 brn|[from] brn\n|upkeep\n|\n|t:|1699810849\n|switch|p1a: Sneasler|Sneasler, M|100\/100\n|-activate|p1a: Sneasler|move: Sticky Web\n|-unboost|p1a: Sneasler|spe|1\n|turn|14\n|\n|t:|1699810852\n|move|p2a: Greninja|Surf|p1a: Sneasler\n|-damage|p1a: Sneasler|0 fnt\n|faint|p1a: Sneasler\n|-damage|p2a: Greninja|0 fnt|[from] item: Life Orb\n|faint|p2a: Greninja\n|\n|upkeep\n|\n|t:|1699810864\n|switch|p2a: Gholdengo|Gholdengo|100\/100\n|switch|p1a: Ceruledge|Ceruledge, F|100\/100\n|-damage|p2a: Gholdengo|94\/100|[from] Stealth Rock\n|-item|p2a: Gholdengo|Air Balloon\n|turn|15\n|\n|t:|1699810869\n|-terastallize|p1a: Ceruledge|Bug\n|move|p2a: Gholdengo|Shadow Ball|p1a: Ceruledge\n|-damage|p1a: Ceruledge|69\/100\n|move|p1a: Ceruledge|Bulk Up|p1a: Ceruledge\n|-boost|p1a: Ceruledge|atk|1\n|-boost|p1a: Ceruledge|def|1\n|\n|upkeep\n|turn|16\n|\n|t:|1699810873\n|move|p2a: Gholdengo|Make It Rain|p1a: Ceruledge\n|-damage|p1a: Ceruledge|22\/100\n|-unboost|p2a: Gholdengo|spa|1\n|move|p1a: Ceruledge|Bitter Blade|p2a: Gholdengo\n|-supereffective|p2a: Gholdengo\n|-damage|p2a: Gholdengo|0 fnt\n|-heal|p1a: Ceruledge|63\/100|[from] drain|[of] p2a: Gholdengo\n|-enditem|p2a: Gholdengo|Air Balloon\n|faint|p2a: Gholdengo\n|\n|upkeep\n|\n|t:|1699810875\n|switch|p2a: Manaphy|Manaphy|100\/100\n|-damage|p2a: Manaphy|88\/100|[from] Stealth Rock\n|turn|17\n|\n|t:|1699810889\n|move|p2a: Manaphy|Take Heart|p2a: Manaphy\n|-boost|p2a: Manaphy|spa|1\n|-boost|p2a: Manaphy|spd|1\n|move|p1a: Ceruledge|Taunt|p2a: Manaphy\n|-start|p2a: Manaphy|move: Taunt\n|\n|-heal|p2a: Manaphy|94\/100|[from] item: Leftovers\n|upkeep\n|turn|18\n|\n|t:|1699810895\n|move|p2a: Manaphy|Scald|p1a: Ceruledge\n|-crit|p1a: Ceruledge\n|-damage|p1a: Ceruledge|17\/100\n|move|p1a: Ceruledge|Bulk Up|p1a: Ceruledge\n|-boost|p1a: Ceruledge|atk|1\n|-boost|p1a: Ceruledge|def|1\n|\n|-heal|p2a: Manaphy|100\/100|[from] item: Leftovers\n|upkeep\n|turn|19\n|\n|t:|1699810898\n|move|p1a: Ceruledge|Shadow Sneak|p2a: Manaphy\n|-damage|p2a: Manaphy|78\/100\n|move|p2a: Manaphy|Scald|p1a: Ceruledge\n|-damage|p1a: Ceruledge|0 fnt\n|faint|p1a: Ceruledge\n|\n|win|red violet blue\n|raw|lahmes lahmus's rating: 1481 &rarr; <strong>1462<\/strong><br \/>(-19 for losing)\n|raw|red violet blue's rating: 1496 &rarr; <strong>1515<\/strong><br \/>(+19 for winning)\n|l|\u203dlahmes lahmus\n","uploadtime":1699810923,"views":16,"p1id":"lahmeslahmus","p2id":"redvioletblue","formatid":"gen9ou","rating":1462,"private":0,"password":""}