{"id":"gen9ou-1992045990","p1":"Mithrandir202","p2":"arcthesavior","format":"[Gen 9] OU","log":"|j|\u2606Mithrandir202\n|j|\u2606arcthesavior\n|t:|1700150538\n|gametype|singles\n|player|p1|Mithrandir202|102|1351\n|player|p2|arcthesavior|elesa-masters|1279\n|teamsize|p1|6\n|teamsize|p2|6\n|gen|9\n|tier|[Gen 9] OU\n|rated|\n|rule|Sleep Clause Mod: Limit one foe put to sleep\n|rule|Species Clause: Limit one of each Pok\u00e9mon\n|rule|OHKO Clause: OHKO moves are banned\n|rule|Evasion Items Clause: Evasion items are banned\n|rule|Evasion Moves Clause: Evasion moves are banned\n|rule|Endless Battle Clause: Forcing endless battles is banned\n|rule|HP Percentage Mod: HP is shown in percentages\n|clearpoke\n|poke|p1|Zapdos|\n|poke|p1|Slowking-Galar, F|\n|poke|p1|Samurott-Hisui, F|\n|poke|p1|Great Tusk|\n|poke|p1|Iron Valiant|\n|poke|p1|Kingambit, M|\n|poke|p2|Poliwrath, M|\n|poke|p2|Pelipper, F|\n|poke|p2|Overqwil, M|\n|poke|p2|Rillaboom, F|\n|poke|p2|Iron Treads|\n|poke|p2|Zapdos|\n|teampreview\n|inactive|Battle timer is ON: inactive players will automatically lose when time's up. (requested by Mithrandir202)\n|\n|t:|1700150549\n|start\n|switch|p1a: Zapdos|Zapdos|100\/100\n|switch|p2a: kyogre wannabe|Pelipper, F|100\/100\n|-weather|RainDance|[from] ability: Drizzle|[of] p2a: kyogre wannabe\n|turn|1\n|\n|t:|1700150573\n|switch|p2a: Overqwil|Overqwil, M, shiny|100\/100\n|move|p1a: Zapdos|Discharge|p2a: Overqwil\n|-damage|p2a: Overqwil|31\/100\n|-status|p2a: Overqwil|par\n|\n|-weather|RainDance|[upkeep]\n|upkeep\n|turn|2\n|\n|t:|1700150584\n|move|p2a: Overqwil|Gunk Shot|p1a: Zapdos\n|-damage|p1a: Zapdos|29\/100\n|-damage|p2a: Overqwil|21\/100 par|[from] item: Life Orb\n|move|p1a: Zapdos|Discharge|p2a: Overqwil\n|-damage|p2a: Overqwil|0 fnt\n|faint|p2a: Overqwil\n|\n|-weather|RainDance|[upkeep]\n|upkeep\n|\n|t:|1700150595\n|switch|p2a: Poliwrath|Poliwrath, M|100\/100\n|turn|3\n|\n|t:|1700150599\n|move|p2a: Poliwrath|Liquidation|p1a: Zapdos\n|-damage|p1a: Zapdos|0 fnt\n|faint|p1a: Zapdos\n|\n|-weather|RainDance|[upkeep]\n|upkeep\n|\n|t:|1700150611\n|switch|p1a: Slowking|Slowking-Galar, F|100\/100\n|turn|4\n|\n|t:|1700150614\n|move|p2a: Poliwrath|Belly Drum|p2a: Poliwrath\n|-damage|p2a: Poliwrath|50\/100\n|-setboost|p2a: Poliwrath|atk|6|[from] move: Belly Drum\n|-enditem|p2a: Poliwrath|Sitrus Berry|[eat]\n|-heal|p2a: Poliwrath|75\/100|[from] item: Sitrus Berry\n|move|p1a: Slowking|Thunder Wave|p2a: Poliwrath\n|-status|p2a: Poliwrath|par\n|\n|-weather|RainDance|[upkeep]\n|upkeep\n|turn|5\n|\n|t:|1700150627\n|move|p2a: Poliwrath|Liquidation|p1a: Slowking\n|-damage|p1a: Slowking|0 fnt\n|faint|p1a: Slowking\n|\n|-weather|RainDance|[upkeep]\n|upkeep\n|\n|t:|1700150631\n|switch|p1a: Iron Valiant|Iron Valiant|100\/100\n|-enditem|p1a: Iron Valiant|Booster Energy\n|-activate|p1a: Iron Valiant|ability: Quark Drive|[fromitem]\n|-start|p1a: Iron Valiant|quarkdrivespe\n|turn|6\n|\n|t:|1700150639\n|-terastallize|p2a: Poliwrath|Poison\n|move|p1a: Iron Valiant|Moonblast|p2a: Poliwrath\n|-resisted|p2a: Poliwrath\n|-damage|p2a: Poliwrath|50\/100 par\n|move|p2a: Poliwrath|Tera Blast|p1a: Iron Valiant|[anim] Tera Blast Poison\n|-supereffective|p1a: Iron Valiant\n|-damage|p1a: Iron Valiant|0 fnt\n|faint|p1a: Iron Valiant\n|-end|p1a: Iron Valiant|Quark Drive|[silent]\n|\n|-weather|RainDance|[upkeep]\n|upkeep\n|inactive|Mithrandir202 has 120 seconds left.\n|\n|t:|1700150676\n|switch|p1a: Kingambit|Kingambit, M|100\/100\n|-activate|p1a: Kingambit|ability: Supreme Overlord\n|-start|p1a: Kingambit|fallen3|[silent]\n|turn|7\n|\n|t:|1700150683\n|move|p2a: Poliwrath|Drain Punch|p1a: Kingambit\n|-supereffective|p1a: Kingambit\n|-damage|p1a: Kingambit|0 fnt\n|-heal|p2a: Poliwrath|100\/100 par|[from] drain|[of] p1a: Kingambit\n|faint|p1a: Kingambit\n|-end|p1a: Kingambit|fallen3|[silent]\n|\n|-weather|RainDance|[upkeep]\n|upkeep\n|inactive|Mithrandir202 has 120 seconds left.\n|\n|t:|1700150716\n|switch|p1a: Samurott|Samurott-Hisui, F|100\/100\n|turn|8\n|\n|t:|1700150719\n|move|p1a: Samurott|Sacred Sword|p2a: Poliwrath\n|-resisted|p2a: Poliwrath\n|-damage|p2a: Poliwrath|78\/100 par\n|move|p2a: Poliwrath|Drain Punch|p1a: Samurott\n|-supereffective|p1a: Samurott\n|-damage|p1a: Samurott|0 fnt\n|-heal|p2a: Poliwrath|100\/100 par|[from] drain|[of] p1a: Samurott\n|faint|p1a: Samurott\n|\n|-weather|none\n|upkeep\n|\n|t:|1700150722\n|switch|p1a: Great Tusk|Great Tusk|100\/100\n|turn|9\n|-message|Mithrandir202 forfeited.\n|\n|win|arcthesavior\n|raw|Mithrandir202's rating: 1351 &rarr; <strong>1327<\/strong><br \/>(-24 for losing)\n|raw|arcthesavior's rating: 1279 &rarr; <strong>1309<\/strong><br \/>(+30 for winning)\n|l|\u2606Mithrandir202\n","uploadtime":1700150737,"views":21,"p1id":"mithrandir202","p2id":"arcthesavior","formatid":"gen9ou","rating":1309,"private":0,"password":""}