{"id":"gen9ou-1994761405","p1":"Vecol","p2":"RiskYourLif3","format":"[Gen 9] OU","log":"|j|\u2606Vecol\n|j|\u2606RiskYourLif3\n|t:|1700490144\n|gametype|singles\n|player|p1|Vecol|crasherwake|1361\n|player|p2|RiskYourLif3|volkner|1395\n|teamsize|p1|6\n|teamsize|p2|6\n|gen|9\n|tier|[Gen 9] OU\n|rated|\n|rule|Sleep Clause Mod: Limit one foe put to sleep\n|rule|Species Clause: Limit one of each Pok\u00e9mon\n|rule|OHKO Clause: OHKO moves are banned\n|rule|Evasion Items Clause: Evasion items are banned\n|rule|Evasion Moves Clause: Evasion moves are banned\n|rule|Endless Battle Clause: Forcing endless battles is banned\n|rule|HP Percentage Mod: HP is shown in percentages\n|clearpoke\n|poke|p1|Walking Wake|\n|poke|p1|Torkoal, F|\n|poke|p1|Dragonite, F|\n|poke|p1|Hatterene, F|\n|poke|p1|Great Tusk|\n|poke|p1|Iron Moth|\n|poke|p2|Iron Valiant|\n|poke|p2|Ogerpon-Wellspring, F|\n|poke|p2|Great Tusk|\n|poke|p2|Dragonite, M|\n|poke|p2|Kingambit, F|\n|poke|p2|Skeledirge, M|\n|teampreview\n|inactive|Battle timer is ON: inactive players will automatically lose when time's up. (requested by Vecol)\n|\n|t:|1700490151\n|start\n|switch|p1a: Torkoal|Torkoal, F|100\/100\n|switch|p2a: Ogerpon|Ogerpon-Wellspring, F|100\/100\n|-weather|SunnyDay|[from] ability: Drought|[of] p1a: Torkoal\n|turn|1\n|\n|t:|1700490156\n|move|p2a: Ogerpon|Power Whip|p1a: Torkoal|[miss]\n|-miss|p2a: Ogerpon|p1a: Torkoal\n|move|p1a: Torkoal|Lava Plume|p2a: Ogerpon\n|-damage|p2a: Ogerpon|56\/100\n|-status|p2a: Ogerpon|brn\n|\n|-weather|SunnyDay|[upkeep]\n|-damage|p2a: Ogerpon|50\/100 brn|[from] brn\n|upkeep\n|turn|2\n|c|\u2606RiskYourLif3|WHY WHY\n|c|\u2606RiskYourLif3|WHY NOT SW\u0130TCH\n|c|\u2606RiskYourLif3|ARE YOU \u0130D\u0130OT?\n|\n|t:|1700490182\n|move|p2a: Ogerpon|Ivy Cudgel|p1a: Torkoal|[anim] Ivy Cudgel Water\n|-supereffective|p1a: Torkoal\n|-damage|p1a: Torkoal|77\/100\n|move|p1a: Torkoal|Stealth Rock|p2a: Ogerpon\n|-sidestart|p2: RiskYourLif3|move: Stealth Rock\n|\n|-weather|SunnyDay|[upkeep]\n|-damage|p2a: Ogerpon|44\/100 brn|[from] brn\n|upkeep\n|turn|3\n|\n|t:|1700490187\n|switch|p1a: Walking Wake|Walking Wake|100\/100\n|-activate|p1a: Walking Wake|ability: Protosynthesis\n|-start|p1a: Walking Wake|protosynthesisspe\n|move|p2a: Ogerpon|Encore||[still]\n|-fail|p2a: Ogerpon\n|\n|-weather|SunnyDay|[upkeep]\n|-damage|p2a: Ogerpon|38\/100 brn|[from] brn\n|upkeep\n|turn|4\n|\n|t:|1700490192\n|move|p1a: Walking Wake|Flamethrower|p2a: Ogerpon\n|-damage|p2a: Ogerpon|0 fnt\n|faint|p2a: Ogerpon\n|\n|-weather|SunnyDay|[upkeep]\n|upkeep\n|c|\u2606Vecol|I guess I\n|\n|t:|1700490212\n|switch|p2a: Iron Valiant|Iron Valiant|100\/100\n|-damage|p2a: Iron Valiant|94\/100|[from] Stealth Rock\n|-enditem|p2a: Iron Valiant|Booster Energy\n|-activate|p2a: Iron Valiant|ability: Quark Drive|[fromitem]\n|-start|p2a: Iron Valiant|quarkdrivespe\n|turn|5\n|c|\u2606Vecol|Risked my life\n|\n|t:|1700490232\n|-terastallize|p1a: Walking Wake|Water\n|move|p2a: Iron Valiant|Moonblast|p1a: Walking Wake\n|-damage|p1a: Walking Wake|41\/100\n|move|p1a: Walking Wake|Flamethrower|p2a: Iron Valiant\n|-crit|p2a: Iron Valiant\n|-damage|p2a: Iron Valiant|0 fnt\n|faint|p2a: Iron Valiant\n|-end|p2a: Iron Valiant|Quark Drive|[silent]\n|\n|-weather|SunnyDay|[upkeep]\n|upkeep\n|c|\u2606RiskYourLif3|Critic ahahahahha\n|\n|t:|1700490257\n|switch|p2a: Kingambit|Kingambit, F|100\/100\n|-damage|p2a: Kingambit|94\/100|[from] Stealth Rock\n|-activate|p2a: Kingambit|ability: Supreme Overlord\n|-start|p2a: Kingambit|fallen2|[silent]\n|turn|6\n|c|\u2606Vecol|Didn't matter lol\n|\n|t:|1700490284\n|-end|p1a: Walking Wake|Protosynthesis|[silent]\n|switch|p1a: GYATTERENE|Hatterene, F, shiny|100\/100\n|move|p2a: Kingambit|Sucker Punch||[still]\n|-fail|p2a: Kingambit\n|\n|-weather|SunnyDay|[upkeep]\n|upkeep\n|turn|7\n|\n|t:|1700490290\n|move|p2a: Kingambit|Iron Head|p1a: GYATTERENE\n|-supereffective|p1a: GYATTERENE\n|-damage|p1a: GYATTERENE|16\/100\n|-damage|p2a: Kingambit|78\/100|[from] item: Rocky Helmet|[of] p1a: GYATTERENE\n|move|p1a: GYATTERENE|Nuzzle|p2a: Kingambit\n|-damage|p2a: Kingambit|75\/100\n|-status|p2a: Kingambit|par\n|-enditem|p2a: Kingambit|Lum Berry|[eat]\n|-curestatus|p2a: Kingambit|par|[msg]\n|\n|-weather|SunnyDay|[upkeep]\n|upkeep\n|turn|8\n|\n|t:|1700490297\n|move|p2a: Kingambit|Kowtow Cleave|p1a: GYATTERENE\n|-damage|p1a: GYATTERENE|0 fnt\n|-damage|p2a: Kingambit|58\/100|[from] item: Rocky Helmet|[of] p1a: GYATTERENE\n|faint|p1a: GYATTERENE\n|\n|-weather|none\n|upkeep\n|inactive|Vecol has 120 seconds left.\n|\n|t:|1700490322\n|switch|p1a: Torkoal|Torkoal, F|77\/100\n|-weather|SunnyDay|[from] ability: Drought|[of] p1a: Torkoal\n|turn|9\n|\n|t:|1700490333\n|-end|p2a: Kingambit|fallen2|[silent]\n|switch|p2a: Great Tusk|Great Tusk|100\/100\n|-damage|p2a: Great Tusk|98\/100|[from] Stealth Rock\n|-activate|p2a: Great Tusk|ability: Protosynthesis\n|-start|p2a: Great Tusk|protosynthesisatk\n|move|p1a: Torkoal|Lava Plume|p2a: Great Tusk\n|-damage|p2a: Great Tusk|43\/100\n|\n|-weather|SunnyDay|[upkeep]\n|upkeep\n|turn|10\n|\n|t:|1700490342\n|switch|p1a: Dragonite|Dragonite, F|100\/100\n|move|p2a: Great Tusk|Rapid Spin|p1a: Dragonite\n|-damage|p1a: Dragonite|89\/100\n|-boost|p2a: Great Tusk|spe|1\n|-sideend|p2: RiskYourLif3|Stealth Rock|[from] move: Rapid Spin|[of] p2a: Great Tusk\n|\n|-weather|SunnyDay|[upkeep]\n|upkeep\n|turn|11\n|\n|t:|1700490348\n|move|p2a: Great Tusk|Stealth Rock|p1a: Dragonite\n|-sidestart|p1: Vecol|move: Stealth Rock\n|move|p1a: Dragonite|Roost|p1a: Dragonite\n|-heal|p1a: Dragonite|100\/100\n|-singleturn|p1a: Dragonite|move: Roost\n|\n|-weather|SunnyDay|[upkeep]\n|upkeep\n|turn|12\n|\n|t:|1700490351\n|move|p2a: Great Tusk|Close Combat|p1a: Dragonite\n|-resisted|p1a: Dragonite\n|-damage|p1a: Dragonite|79\/100\n|-unboost|p2a: Great Tusk|def|1\n|-unboost|p2a: Great Tusk|spd|1\n|move|p1a: Dragonite|Dragon Dance|p1a: Dragonite\n|-boost|p1a: Dragonite|atk|1\n|-boost|p1a: Dragonite|spe|1\n|\n|-weather|SunnyDay|[upkeep]\n|upkeep\n|turn|13\n|\n|t:|1700490355\n|move|p2a: Great Tusk|Close Combat|p1a: Dragonite\n|-resisted|p1a: Dragonite\n|-damage|p1a: Dragonite|33\/100\n|-unboost|p2a: Great Tusk|def|1\n|-unboost|p2a: Great Tusk|spd|1\n|move|p1a: Dragonite|Roost|p1a: Dragonite\n|-heal|p1a: Dragonite|83\/100\n|-singleturn|p1a: Dragonite|move: Roost\n|\n|-weather|SunnyDay|[upkeep]\n|upkeep\n|turn|14\n|\n|t:|1700490360\n|move|p2a: Great Tusk|Close Combat|p1a: Dragonite\n|-resisted|p1a: Dragonite\n|-damage|p1a: Dragonite|37\/100\n|-unboost|p2a: Great Tusk|def|1\n|-unboost|p2a: Great Tusk|spd|1\n|move|p1a: Dragonite|Dragon Dance|p1a: Dragonite\n|-boost|p1a: Dragonite|atk|1\n|-boost|p1a: Dragonite|spe|1\n|\n|-weather|SunnyDay|[upkeep]\n|upkeep\n|turn|15\n|\n|t:|1700490363\n|move|p1a: Dragonite|Roost|p1a: Dragonite\n|-heal|p1a: Dragonite|88\/100\n|-singleturn|p1a: Dragonite|move: Roost\n|move|p2a: Great Tusk|Close Combat|p1a: Dragonite\n|-damage|p1a: Dragonite|2\/100\n|-unboost|p2a: Great Tusk|def|1\n|-unboost|p2a: Great Tusk|spd|1\n|\n|-weather|SunnyDay|[upkeep]\n|upkeep\n|turn|16\n|\n|t:|1700490369\n|move|p1a: Dragonite|Extreme Speed|p2a: Great Tusk\n|-damage|p2a: Great Tusk|0 fnt\n|faint|p2a: Great Tusk\n|-end|p2a: Great Tusk|Protosynthesis|[silent]\n|\n|-weather|none\n|upkeep\n|\n|t:|1700490374\n|switch|p2a: Dragonite|Dragonite, M|100\/100\n|turn|17\n|\n|t:|1700490378\n|move|p1a: Dragonite|Extreme Speed|p2a: Dragonite\n|-damage|p2a: Dragonite|66\/100\n|move|p2a: Dragonite|Dragon Claw|p1a: Dragonite\n|-supereffective|p1a: Dragonite\n|-damage|p1a: Dragonite|0 fnt\n|faint|p1a: Dragonite\n|\n|upkeep\n|\n|t:|1700490388\n|switch|p1a: Great Tusk|Great Tusk|100\/100\n|-damage|p1a: Great Tusk|98\/100|[from] Stealth Rock\n|turn|18\n|\n|t:|1700490400\n|move|p1a: Great Tusk|Play Rough|p2a: Dragonite\n|-supereffective|p2a: Dragonite\n|-damage|p2a: Dragonite|0 fnt\n|faint|p2a: Dragonite\n|\n|upkeep\n|\n|t:|1700490407\n|switch|p2a: Skeledirge|Skeledirge, M|100\/100\n|turn|19\n|\n|t:|1700490413\n|-end|p1a: Great Tusk|Protosynthesis|[silent]\n|switch|p1a: Torkoal|Torkoal, F|77\/100\n|-damage|p1a: Torkoal|53\/100|[from] Stealth Rock\n|-weather|SunnyDay|[from] ability: Drought|[of] p1a: Torkoal\n|-terastallize|p2a: Skeledirge|Normal\n|move|p2a: Skeledirge|Torch Song|p1a: Torkoal\n|-resisted|p1a: Torkoal\n|-damage|p1a: Torkoal|27\/100\n|-boost|p2a: Skeledirge|spa|1\n|\n|-weather|SunnyDay|[upkeep]\n|upkeep\n|turn|20\n|\n|t:|1700490420\n|move|p2a: Skeledirge|Shadow Ball|p1a: Torkoal\n|-damage|p1a: Torkoal|0 fnt\n|faint|p1a: Torkoal\n|\n|-weather|SunnyDay|[upkeep]\n|upkeep\n|\n|t:|1700490422\n|switch|p1a: Great Tusk|Great Tusk|98\/100\n|-damage|p1a: Great Tusk|95\/100|[from] Stealth Rock\n|-activate|p1a: Great Tusk|ability: Protosynthesis\n|-start|p1a: Great Tusk|protosynthesisatk\n|turn|21\n|\n|t:|1700490426\n|move|p1a: Great Tusk|Close Combat|p2a: Skeledirge\n|-supereffective|p2a: Skeledirge\n|-damage|p2a: Skeledirge|0 fnt\n|-unboost|p1a: Great Tusk|def|1\n|-unboost|p1a: Great Tusk|spd|1\n|faint|p2a: Skeledirge\n|\n|-weather|SunnyDay|[upkeep]\n|upkeep\n|\n|t:|1700490429\n|switch|p2a: Kingambit|Kingambit, F|58\/100\n|-activate|p2a: Kingambit|ability: Supreme Overlord\n|-start|p2a: Kingambit|fallen5|[silent]\n|turn|22\n|\n|t:|1700490432\n|move|p2a: Kingambit|Sucker Punch|p1a: Great Tusk\n|-resisted|p1a: Great Tusk\n|-damage|p1a: Great Tusk|61\/100\n|move|p1a: Great Tusk|Close Combat|p2a: Kingambit\n|-supereffective|p2a: Kingambit\n|-crit|p2a: Kingambit\n|-damage|p2a: Kingambit|0 fnt\n|-unboost|p1a: Great Tusk|def|1\n|-unboost|p1a: Great Tusk|spd|1\n|faint|p2a: Kingambit\n|-end|p2a: Kingambit|fallen5|[silent]\n|\n|win|Vecol\n|raw|Vecol's rating: 1361 &rarr; <strong>1383<\/strong><br \/>(+22 for winning)\n|raw|RiskYourLif3's rating: 1395 &rarr; <strong>1373<\/strong><br \/>(-22 for losing)\n|c|\u2606Vecol|Gg\n|l|\u2606RiskYourLif3\n","uploadtime":1700490456,"views":4,"p1id":"vecol","p2id":"riskyourlif3","formatid":"gen9ou","rating":1373,"private":0,"password":""}