{"id":"gen9ou-1989304439","p1":"Ochuruls","p2":"RANACIO","format":"[Gen 9] OU","log":"|j|\u2606Ochuruls\n|j|\u2606RANACIO\n|t:|1699834137\n|gametype|singles\n|player|p1|Ochuruls|n|\n|player|p2|RANACIO|lucas|\n|teamsize|p1|6\n|teamsize|p2|6\n|gen|9\n|tier|[Gen 9] OU\n|rule|Sleep Clause Mod: Limit one foe put to sleep\n|rule|Species Clause: Limit one of each Pok\u00e9mon\n|rule|OHKO Clause: OHKO moves are banned\n|rule|Evasion Items Clause: Evasion items are banned\n|rule|Evasion Moves Clause: Evasion moves are banned\n|rule|Endless Battle Clause: Forcing endless battles is banned\n|rule|HP Percentage Mod: HP is shown in percentages\n|clearpoke\n|poke|p1|Corviknight, F|\n|poke|p1|Kingambit, M|\n|poke|p1|Diancie|\n|poke|p1|Gengar, M|\n|poke|p1|Rotom-Wash|\n|poke|p1|Heracross, F|\n|poke|p2|Landorus-Therian, M|\n|poke|p2|Empoleon, M|\n|poke|p2|Gholdengo|\n|poke|p2|Hoopa-Unbound|\n|poke|p2|Clodsire, F|\n|poke|p2|Snorlax, F|\n|teampreview\n|\n|t:|1699834148\n|start\n|switch|p1a: Rotom|Rotom-Wash|100\/100\n|switch|p2a: Clodsire|Clodsire, F|100\/100\n|turn|1\n|\n|t:|1699834156\n|move|p1a: Rotom|Hydro Pump|p2a: Clodsire\n|-supereffective|p2a: Clodsire\n|-damage|p2a: Clodsire|36\/100\n|move|p2a: Clodsire|Gunk Shot|p1a: Rotom|[miss]\n|-miss|p2a: Clodsire|p1a: Rotom\n|\n|upkeep\n|turn|2\n|\n|t:|1699834165\n|switch|p2a: Empoleon|Empoleon, M|100\/100\n|move|p1a: Rotom|Hydro Pump|p2a: Empoleon\n|-resisted|p2a: Empoleon\n|-damage|p2a: Empoleon|82\/100\n|\n|upkeep\n|turn|3\n|\n|t:|1699834173\n|move|p1a: Rotom|Thunderbolt|p2a: Empoleon\n|-supereffective|p2a: Empoleon\n|-damage|p2a: Empoleon|25\/100\n|move|p2a: Empoleon|Air Slash|p1a: Rotom\n|-resisted|p1a: Rotom\n|-damage|p1a: Rotom|89\/100\n|\n|-heal|p1a: Rotom|96\/100|[from] item: Leftovers\n|upkeep\n|turn|4\n|\n|t:|1699834182\n|move|p1a: Rotom|Volt Switch|p2a: Empoleon\n|-supereffective|p2a: Empoleon\n|-damage|p2a: Empoleon|0 fnt\n|faint|p2a: Empoleon\n|\n|t:|1699834188\n|switch|p1a: Heracross|Heracross, F|100\/100|[from] Volt Switch\n|\n|-status|p1a: Heracross|brn|[from] item: Flame Orb\n|upkeep\n|\n|t:|1699834195\n|switch|p2a: Hoopa|Hoopa-Unbound|100\/100\n|turn|5\n|\n|t:|1699834212\n|move|p1a: Heracross|Megahorn|p2a: Hoopa\n|-supereffective|p2a: Hoopa\n|-damage|p2a: Hoopa|0 fnt\n|faint|p2a: Hoopa\n|\n|-damage|p1a: Heracross|95\/100 brn|[from] brn\n|upkeep\n|\n|t:|1699834221\n|switch|p2a: Snorlax|Snorlax, F|100\/100\n|turn|6\n|\n|t:|1699834226\n|move|p1a: Heracross|Close Combat|p2a: Snorlax\n|-supereffective|p2a: Snorlax\n|-damage|p2a: Snorlax|0 fnt\n|-unboost|p1a: Heracross|def|1\n|-unboost|p1a: Heracross|spd|1\n|faint|p2a: Snorlax\n|\n|-damage|p1a: Heracross|89\/100 brn|[from] brn\n|upkeep\n|\n|t:|1699834236\n|switch|p2a: Landorus|Landorus-Therian, M|100\/100\n|-ability|p2a: Landorus|Intimidate|boost\n|-unboost|p1a: Heracross|atk|1\n|turn|7\n|\n|t:|1699834259\n|switch|p1a: Rotom|Rotom-Wash|96\/100\n|move|p2a: Landorus|Earthquake|p1a: Rotom\n|-immune|p1a: Rotom|[from] ability: Levitate\n|\n|-heal|p1a: Rotom|100\/100|[from] item: Leftovers\n|upkeep\n|turn|8\n|\n|t:|1699834268\n|move|p2a: Landorus|Earthquake|p1a: Rotom\n|-immune|p1a: Rotom|[from] ability: Levitate\n|move|p1a: Rotom|Hydro Pump|p2a: Landorus\n|-supereffective|p2a: Landorus\n|-damage|p2a: Landorus|50\/100\n|\n|upkeep\n|turn|9\n|\n|t:|1699834277\n|move|p2a: Landorus|Crunch|p1a: Rotom\n|-damage|p1a: Rotom|82\/100\n|move|p1a: Rotom|Hydro Pump|p2a: Landorus\n|-supereffective|p2a: Landorus\n|-damage|p2a: Landorus|0 fnt\n|faint|p2a: Landorus\n|\n|-heal|p1a: Rotom|88\/100|[from] item: Leftovers\n|upkeep\n|\n|t:|1699834287\n|switch|p2a: Gholdengo|Gholdengo|100\/100\n|turn|10\n|\n|t:|1699834293\n|move|p1a: Rotom|Hydro Pump|p2a: Gholdengo\n|-damage|p2a: Gholdengo|66\/100\n|move|p2a: Gholdengo|Trick|p1a: Rotom\n|-activate|p2a: Gholdengo|move: Trick|[of] p1a: Rotom\n|-item|p1a: Rotom|Rocky Helmet|[from] move: Trick\n|-item|p2a: Gholdengo|Leftovers|[from] move: Trick\n|\n|-heal|p2a: Gholdengo|72\/100|[from] item: Leftovers\n|upkeep\n|turn|11\n|\n|t:|1699834305\n|move|p2a: Gholdengo|Make It Rain|p1a: Rotom\n|-resisted|p1a: Rotom\n|-damage|p1a: Rotom|73\/100\n|-unboost|p2a: Gholdengo|spa|1\n|move|p1a: Rotom|Thunderbolt|p2a: Gholdengo\n|-damage|p2a: Gholdengo|40\/100\n|\n|-heal|p2a: Gholdengo|46\/100|[from] item: Leftovers\n|upkeep\n|turn|12\n|\n|t:|1699834317\n|move|p2a: Gholdengo|Shadow Ball|p1a: Rotom\n|-damage|p1a: Rotom|45\/100\n|move|p1a: Rotom|Hydro Pump|p2a: Gholdengo\n|-damage|p2a: Gholdengo|11\/100\n|\n|-heal|p2a: Gholdengo|18\/100|[from] item: Leftovers\n|upkeep\n|turn|13\n|\n|t:|1699834327\n|move|p2a: Gholdengo|Shadow Ball|p1a: Rotom\n|-damage|p1a: Rotom|18\/100\n|move|p1a: Rotom|Hydro Pump|p2a: Gholdengo\n|-damage|p2a: Gholdengo|0 fnt\n|faint|p2a: Gholdengo\n|\n|upkeep\n|\n|t:|1699834336\n|switch|p2a: Clodsire|Clodsire, F|36\/100\n|turn|14\n|\n|t:|1699834339\n|move|p1a: Rotom|Hydro Pump|p2a: Clodsire\n|-supereffective|p2a: Clodsire\n|-damage|p2a: Clodsire|0 fnt\n|faint|p2a: Clodsire\n|\n|win|Ochuruls\n","uploadtime":1699834345,"views":47,"p1id":"ochuruls","p2id":"ranacio","formatid":"gen9ou","rating":0,"private":0,"password":""}