{"id":"gen9ou-1997748792","p1":"luiz2603","p2":"Balducci","format":"[Gen 9] OU","log":"|j|\u2606luiz2603\n|j|\u2606Balducci\n|t:|1700848536\n|gametype|singles\n|player|p1|luiz2603|hilbert-wonderlauncher|1190\n|player|p2|Balducci|blaine|1289\n|teamsize|p1|6\n|teamsize|p2|6\n|gen|9\n|tier|[Gen 9] OU\n|rated|\n|rule|Sleep Clause Mod: Limit one foe put to sleep\n|rule|Species Clause: Limit one of each Pok\u00e9mon\n|rule|OHKO Clause: OHKO moves are banned\n|rule|Evasion Items Clause: Evasion items are banned\n|rule|Evasion Moves Clause: Evasion moves are banned\n|rule|Endless Battle Clause: Forcing endless battles is banned\n|rule|HP Percentage Mod: HP is shown in percentages\n|clearpoke\n|poke|p1|Dragapult, F|\n|poke|p1|Corviknight, M|\n|poke|p1|Blissey, F|\n|poke|p1|Greninja-*, M|\n|poke|p1|Cinderace, F|\n|poke|p1|Glimmora, F|\n|poke|p2|Kommo-o, F|\n|poke|p2|Rotom-Wash|\n|poke|p2|Slowking-Galar, F|\n|poke|p2|Great Tusk|\n|poke|p2|Heatran, M|\n|poke|p2|Ribombee, M|\n|teampreview\n|\n|t:|1700848566\n|start\n|switch|p1a: Dragapult|Dragapult, F|100\/100\n|switch|p2a: Ribombee|Ribombee, M|100\/100\n|turn|1\n|inactive|Battle timer is ON: inactive players will automatically lose when time's up. (requested by luiz2603)\n|c|\u2606luiz2603|glhf\n|c|\u2606Balducci|have fun brother\n|\n|t:|1700848605\n|move|p2a: Ribombee|Sticky Web|p1a: Dragapult\n|-sidestart|p1: luiz2603|move: Sticky Web\n|move|p1a: Dragapult|Substitute|p1a: Dragapult\n|-start|p1a: Dragapult|Substitute\n|-damage|p1a: Dragapult|76\/100\n|\n|-heal|p1a: Dragapult|82\/100|[from] item: Leftovers\n|upkeep\n|turn|2\n|\n|t:|1700848611\n|switch|p2a: Slowking|Slowking-Galar, F|100\/100\n|move|p1a: Dragapult|Phantom Force||[still]\n|-prepare|p1a: Dragapult|Phantom Force\n|\n|-heal|p1a: Dragapult|88\/100|[from] item: Leftovers\n|upkeep\n|turn|3\n|\n|t:|1700848621\n|move|p1a: Dragapult|Phantom Force|p2a: Slowking|[from]lockedmove\n|-supereffective|p2a: Slowking\n|-damage|p2a: Slowking|0 fnt\n|faint|p2a: Slowking\n|\n|-heal|p1a: Dragapult|94\/100|[from] item: Leftovers\n|upkeep\n|\n|t:|1700848634\n|switch|p2a: Ribombee|Ribombee, M|100\/100\n|turn|4\n|\n|t:|1700848640\n|move|p2a: Ribombee|Moonblast|p1a: Dragapult\n|-supereffective|p1a: Dragapult\n|-end|p1a: Dragapult|Substitute\n|move|p1a: Dragapult|Phantom Force||[still]\n|-prepare|p1a: Dragapult|Phantom Force\n|\n|-heal|p1a: Dragapult|99\/100|[from] item: Leftovers\n|upkeep\n|turn|5\n|\n|t:|1700848649\n|move|p2a: Ribombee|Moonblast|p1a: Dragapult|[miss]\n|-miss|p2a: Ribombee|p1a: Dragapult\n|move|p1a: Dragapult|Phantom Force|p2a: Ribombee|[from]lockedmove\n|-crit|p2a: Ribombee\n|-damage|p2a: Ribombee|0 fnt\n|faint|p2a: Ribombee\n|\n|-heal|p1a: Dragapult|100\/100|[from] item: Leftovers\n|upkeep\n|\n|t:|1700848662\n|switch|p2a: Kommo-o|Kommo-o, F|100\/100\n|turn|6\n|c|\u2606luiz2603|scarf\n|c|\u2606luiz2603|nice\n|l|\u2606luiz2603\n|inactive|luiz2603 disconnected and has a minute to reconnect!\n|player|p1|\n|j|\u2606luiz2603\n|inactive|luiz2603 reconnected and has 115 seconds left.\n|player|p1|luiz2603|hilbert-wonderlauncher\n|\n|t:|1700848704\n|-terastallize|p2a: Kommo-o|Ghost\n|move|p1a: Dragapult|Dragon Darts|p2a: Kommo-o\n|-damage|p2a: Kommo-o|74\/100\n|-anim|p1a: Dragapult|Dragon Darts|p2a: Kommo-o\n|-damage|p2a: Kommo-o|47\/100\n|-enditem|p2a: Kommo-o|Sitrus Berry|[eat]\n|-heal|p2a: Kommo-o|72\/100|[from] item: Sitrus Berry\n|move|p2a: Kommo-o|Shadow Claw|p1a: Dragapult\n|-supereffective|p1a: Dragapult\n|-damage|p1a: Dragapult|0 fnt\n|faint|p1a: Dragapult\n|\n|upkeep\n|\n|t:|1700848716\n|switch|p1a: Corviknight|Corviknight, M|100\/100\n|-ability|p1a: Corviknight|Pressure\n|turn|7\n|c|\u2606Balducci|I intended to trick it, but sub caught me off guard haha\n|\n|t:|1700848725\n|move|p2a: Kommo-o|Substitute|p2a: Kommo-o\n|-start|p2a: Kommo-o|Substitute\n|-damage|p2a: Kommo-o|47\/100\n|move|p1a: Corviknight|Defog|p2a: Kommo-o\n|-sideend|p1: luiz2603|Sticky Web|[from] move: Defog|[of] p1a: Corviknight\n|\n|upkeep\n|turn|8\n|inactive|luiz2603 has 120 seconds left.\n|\n|t:|1700848732\n|move|p2a: Kommo-o|Clangorous Soul|p2a: Kommo-o\n|-boost|p2a: Kommo-o|atk|1\n|-boost|p2a: Kommo-o|def|1\n|-boost|p2a: Kommo-o|spa|1\n|-boost|p2a: Kommo-o|spd|1\n|-boost|p2a: Kommo-o|spe|1\n|-damage|p2a: Kommo-o|14\/100\n|move|p1a: Corviknight|U-turn|p2a: Kommo-o\n|-resisted|p2a: Kommo-o\n|-activate|p2a: Kommo-o|move: Substitute|[damage]\n|inactive|luiz2603 has 120 seconds left.\n|\n|t:|1700848765\n|switch|p1a: Cinderace|Cinderace, F|100\/100|[from] U-turn\n|\n|upkeep\n|turn|9\n|\n|t:|1700848777\n|move|p1a: Cinderace|Sucker Punch|p2a: Kommo-o\n|-start|p1a: Cinderace|typechange|Dark|[from] ability: Libero\n|-supereffective|p2a: Kommo-o\n|-end|p2a: Kommo-o|Substitute\n|move|p2a: Kommo-o|Drain Punch|p1a: Cinderace\n|-supereffective|p1a: Cinderace\n|-damage|p1a: Cinderace|0 fnt\n|-heal|p2a: Kommo-o|66\/100|[from] drain|[of] p1a: Cinderace\n|faint|p1a: Cinderace\n|\n|upkeep\n|\n|t:|1700848789\n|switch|p1a: Glimmora|Glimmora, F|100\/100\n|turn|10\n|c|\u2606luiz2603|gg\n|n|!Balducci|balducci\n|\n|t:|1700848812\n|move|p2a: Kommo-o|Substitute|p2a: Kommo-o\n|-start|p2a: Kommo-o|Substitute\n|-damage|p2a: Kommo-o|41\/100\n|move|p1a: Glimmora|Mortal Spin|p2a: Kommo-o\n|-resisted|p2a: Kommo-o\n|-activate|p2a: Kommo-o|move: Substitute|[damage]\n|\n|upkeep\n|turn|11\n|-message|luiz2603 forfeited.\n|\n|win|Balducci\n|raw|luiz2603's rating: 1190 &rarr; <strong>1172<\/strong><br \/>(-18 for losing)\n|raw|Balducci's rating: 1289 &rarr; <strong>1307<\/strong><br \/>(+18 for winning)\n|l|\u2606luiz2603\n","uploadtime":1700848802,"views":1,"p1id":"luiz2603","p2id":"balducci","formatid":"gen9ou","rating":1172,"private":0,"password":""}