{"id":"gen9ou-1994274746","p1":"kilo_hattie","p2":"Poison Ivy Thorns","format":"[Gen 9] OU","log":"|j|\u2606kilo_hattie\n|j|\u2606Poison Ivy Thorns\n|t:|1700425980\n|gametype|singles\n|player|p1|kilo_hattie|larry|1369\n|player|p2|Poison Ivy Thorns|ethan-gen2|1346\n|teamsize|p1|6\n|teamsize|p2|6\n|gen|9\n|tier|[Gen 9] OU\n|rated|\n|rule|Sleep Clause Mod: Limit one foe put to sleep\n|rule|Species Clause: Limit one of each Pok\u00e9mon\n|rule|OHKO Clause: OHKO moves are banned\n|rule|Evasion Items Clause: Evasion items are banned\n|rule|Evasion Moves Clause: Evasion moves are banned\n|rule|Endless Battle Clause: Forcing endless battles is banned\n|rule|HP Percentage Mod: HP is shown in percentages\n|clearpoke\n|poke|p1|Rillaboom, M|\n|poke|p1|Sneasler, F|\n|poke|p1|Manaphy|\n|poke|p1|Weezing-Galar, M|\n|poke|p1|Ribombee, F|\n|poke|p1|Gholdengo|\n|poke|p2|Okidogi, M|\n|poke|p2|Rotom-Wash|\n|poke|p2|Kingambit, F|\n|poke|p2|Great Tusk|\n|poke|p2|Iron Moth|\n|poke|p2|Salamence, M|\n|teampreview\n|inactive|Battle timer is ON: inactive players will automatically lose when time's up. (requested by Poison Ivy Thorns)\n|inactive|kilo_hattie also wants the timer to be on.\n|inactive|Poison Ivy Thorns has 120 seconds left.\n|\n|t:|1700426028\n|start\n|switch|p1a: Ribombee|Ribombee, F, shiny|100\/100\n|switch|p2a: Salamence|Salamence, M|100\/100\n|turn|1\n|inactive|kilo_hattie has 120 seconds left.\n|\n|t:|1700426061\n|-terastallize|p2a: Salamence|Fire\n|move|p1a: Ribombee|Sticky Web|p2a: Salamence\n|-sidestart|p2: Poison Ivy Thorns|move: Sticky Web\n|move|p2a: Salamence|Dragon Dance|p2a: Salamence\n|-boost|p2a: Salamence|atk|1\n|-boost|p2a: Salamence|spe|1\n|\n|upkeep\n|turn|2\n|\n|t:|1700426089\n|move|p2a: Salamence|Dual Wingbeat|p1a: Ribombee\n|-supereffective|p1a: Ribombee\n|-enditem|p1a: Ribombee|Focus Sash\n|-damage|p1a: Ribombee|1\/100\n|-supereffective|p1a: Ribombee\n|-damage|p1a: Ribombee|0 fnt\n|faint|p1a: Ribombee\n|-ability|p2a: Salamence|Moxie|boost\n|-boost|p2a: Salamence|atk|1\n|-hitcount|p1: Ribombee|2\n|\n|upkeep\n|inactive|kilo_hattie has 120 seconds left.\n|\n|t:|1700426105\n|switch|p1a: Rillaboom|Rillaboom, M, shiny|100\/100\n|-fieldstart|move: Grassy Terrain|[from] ability: Grassy Surge|[of] p1a: Rillaboom\n|turn|3\n|\n|t:|1700426112\n|switch|p1a: Gholdengo|Gholdengo, shiny|100\/100\n|-item|p1a: Gholdengo|Air Balloon\n|move|p2a: Salamence|Tera Blast|p1a: Gholdengo|[anim] Tera Blast Fire\n|-supereffective|p1a: Gholdengo\n|-damage|p1a: Gholdengo|0 fnt\n|-enditem|p1a: Gholdengo|Air Balloon\n|faint|p1a: Gholdengo\n|-ability|p2a: Salamence|Moxie|boost\n|-boost|p2a: Salamence|atk|1\n|\n|upkeep\n|\n|t:|1700426119\n|switch|p1a: Manaphy|Manaphy, shiny|100\/100\n|turn|4\n|\n|t:|1700426128\n|move|p2a: Salamence|Dragon Claw|p1a: Manaphy\n|-damage|p1a: Manaphy|0 fnt\n|faint|p1a: Manaphy\n|-ability|p2a: Salamence|Moxie|boost\n|-boost|p2a: Salamence|atk|1\n|\n|upkeep\n|\n|t:|1700426140\n|switch|p1a: Weezing|Weezing-Galar, M, shiny|100\/100\n|-ability|p1a: Weezing|Neutralizing Gas\n|-item|p1a: Weezing|Air Balloon\n|turn|5\n|inactive|kilo_hattie has 120 seconds left.\n|\n|t:|1700426168\n|move|p2a: Salamence|Dual Wingbeat|p1a: Weezing\n|-damage|p1a: Weezing|44\/100\n|-enditem|p1a: Weezing|Air Balloon\n|-damage|p1a: Weezing|0 fnt\n|faint|p1a: Weezing\n|-end|p1a: Weezing|ability: Neutralizing Gas\n|-ability|p2a: Salamence|Moxie|boost\n|-boost|p2a: Salamence|atk|1\n|-hitcount|p1: Weezing|2\n|\n|upkeep\n|\n|t:|1700426170\n|switch|p1a: Sneasler|Sneasler, F, shiny|100\/100\n|-enditem|p1a: Sneasler|Grassy Seed\n|-boost|p1a: Sneasler|def|1|[from] item: Grassy Seed\n|turn|6\n|inactive|kilo_hattie has 120 seconds left.\n|inactive|kilo_hattie has 90 seconds left.\n|\n|t:|1700426213\n|move|p1a: Sneasler|Close Combat|p2a: Salamence\n|-damage|p2a: Salamence|11\/100\n|-unboost|p1a: Sneasler|def|1\n|-unboost|p1a: Sneasler|spd|1\n|move|p2a: Salamence|Tera Blast|p1a: Sneasler|[anim] Tera Blast Fire\n|-damage|p1a: Sneasler|0 fnt\n|faint|p1a: Sneasler\n|-ability|p2a: Salamence|Moxie|boost\n|-boost|p2a: Salamence|atk|1\n|\n|-heal|p2a: Salamence|17\/100|[from] Grassy Terrain\n|upkeep\n|\n|t:|1700426218\n|switch|p1a: Rillaboom|Rillaboom, M, shiny|100\/100\n|turn|7\n|\n|t:|1700426220\n|move|p1a: Rillaboom|Grassy Glide|p2a: Salamence\n|-resisted|p2a: Salamence\n|-damage|p2a: Salamence|0 fnt\n|faint|p2a: Salamence\n|\n|upkeep\n|\n|t:|1700426230\n|switch|p2a: Okidogi|Okidogi, M|100\/100\n|-activate|p2a: Okidogi|move: Sticky Web\n|-unboost|p2a: Okidogi|spe|1\n|turn|8\n|\n|t:|1700426236\n|move|p1a: Rillaboom|Knock Off|p2a: Okidogi\n|-resisted|p2a: Okidogi\n|-damage|p2a: Okidogi|83\/100\n|-enditem|p2a: Okidogi|Assault Vest|[from] move: Knock Off|[of] p1a: Rillaboom\n|move|p2a: Okidogi|Poison Jab|p1a: Rillaboom\n|-supereffective|p1a: Rillaboom\n|-damage|p1a: Rillaboom|25\/100\n|\n|-heal|p1a: Rillaboom|31\/100|[from] Grassy Terrain\n|-heal|p2a: Okidogi|89\/100|[from] Grassy Terrain\n|upkeep\n|turn|9\n|\n|t:|1700426243\n|move|p1a: Rillaboom|Grassy Glide|p2a: Okidogi\n|-resisted|p2a: Okidogi\n|-damage|p2a: Okidogi|69\/100\n|move|p2a: Okidogi|Poison Jab|p1a: Rillaboom\n|-supereffective|p1a: Rillaboom\n|-crit|p1a: Rillaboom\n|-damage|p1a: Rillaboom|0 fnt\n|faint|p1a: Rillaboom\n|\n|win|Poison Ivy Thorns\n|raw|kilo_hattie's rating: 1369 &rarr; <strong>1348<\/strong><br \/>(-21 for losing)\n|raw|Poison Ivy Thorns's rating: 1346 &rarr; <strong>1367<\/strong><br \/>(+21 for winning)\n|c|\u2606Poison Ivy Thorns|gg\n|l|\u2606kilo_hattie\n","uploadtime":1700426249,"views":8,"p1id":"kilohattie","p2id":"poisonivythorns","formatid":"gen9ou","rating":1348,"private":0,"password":""}