{"id":"gen9ou-1988981279","p1":"logan001","p2":"vivitheblackmage","format":"[Gen 9] OU","log":"|j|\u2606logan001\n|j|\u2606vivitheblackmage\n|t:|1699797946\n|gametype|singles\n|player|p1|logan001|170|1217\n|player|p2|vivitheblackmage|101|1252\n|teamsize|p1|6\n|teamsize|p2|6\n|gen|9\n|tier|[Gen 9] OU\n|rated|\n|rule|Sleep Clause Mod: Limit one foe put to sleep\n|rule|Species Clause: Limit one of each Pok\u00e9mon\n|rule|OHKO Clause: OHKO moves are banned\n|rule|Evasion Items Clause: Evasion items are banned\n|rule|Evasion Moves Clause: Evasion moves are banned\n|rule|Endless Battle Clause: Forcing endless battles is banned\n|rule|HP Percentage Mod: HP is shown in percentages\n|clearpoke\n|poke|p1|Landorus-Therian, M|\n|poke|p1|Dragapult, F|\n|poke|p1|Ogerpon, F|\n|poke|p1|Great Tusk|\n|poke|p1|Heatran, M|\n|poke|p1|Rillaboom, F|\n|poke|p2|Ceruledge, F|\n|poke|p2|Rillaboom, F|\n|poke|p2|Ogerpon-Cornerstone, F|\n|poke|p2|Sneasler, M|\n|poke|p2|Iron Treads|\n|poke|p2|Electrode-Hisui|\n|teampreview\n|inactive|Battle timer is ON: inactive players will automatically lose when time's up. (requested by logan001)\n|\n|t:|1699797964\n|start\n|switch|p1a: Landorus|Landorus-Therian, M|100\/100\n|switch|p2a: Rillaboom|Rillaboom, F|100\/100\n|-ability|p1a: Landorus|Intimidate|boost\n|-unboost|p2a: Rillaboom|atk|1\n|-fieldstart|move: Grassy Terrain|[from] ability: Grassy Surge|[of] p2a: Rillaboom\n|turn|1\n|\n|t:|1699797973\n|move|p1a: Landorus|Swords Dance|p1a: Landorus\n|-boost|p1a: Landorus|atk|2\n|move|p2a: Rillaboom|Taunt|p1a: Landorus\n|-start|p1a: Landorus|move: Taunt\n|\n|upkeep\n|turn|2\n|inactive|vivitheblackmage has 120 seconds left.\n|\n|t:|1699798017\n|switch|p2a: Aloha Snackbar|Electrode-Hisui, shiny|100\/100\n|move|p1a: Landorus|Rock Slide|p2a: Aloha Snackbar|[miss]\n|-miss|p1a: Landorus|p2a: Aloha Snackbar\n|\n|upkeep\n|turn|3\n|\n|t:|1699798027\n|-terastallize|p2a: Aloha Snackbar|Ice\n|move|p2a: Aloha Snackbar|Tera Blast|p1a: Landorus|[anim] Tera Blast Ice\n|-supereffective|p1a: Landorus\n|-crit|p1a: Landorus\n|-enditem|p1a: Landorus|Focus Sash\n|-damage|p1a: Landorus|1\/100\n|move|p1a: Landorus|Rock Slide|p2a: Aloha Snackbar\n|-supereffective|p2a: Aloha Snackbar\n|-damage|p2a: Aloha Snackbar|0 fnt\n|faint|p2a: Aloha Snackbar\n|\n|upkeep\n|\n|t:|1699798045\n|switch|p2a: Ceruledge|Ceruledge, F|100\/100\n|turn|4\n|\n|t:|1699798051\n|move|p2a: Ceruledge|Shadow Sneak|p1a: Landorus\n|-damage|p1a: Landorus|0 fnt\n|faint|p1a: Landorus\n|\n|upkeep\n|\n|t:|1699798059\n|switch|p1a: Great Tusk|Great Tusk|100\/100\n|turn|5\n|inactive|vivitheblackmage has 120 seconds left.\n|\n|t:|1699798071\n|switch|p2a: Rillaboom|Rillaboom, F|100\/100\n|move|p1a: Great Tusk|Earthquake|p2a: Rillaboom\n|-resisted|p2a: Rillaboom\n|-crit|p2a: Rillaboom\n|-damage|p2a: Rillaboom|77\/100\n|\n|-heal|p2a: Rillaboom|83\/100|[from] Grassy Terrain\n|upkeep\n|turn|6\n|inactive|vivitheblackmage has 120 seconds left.\n|\n|t:|1699798083\n|move|p2a: Rillaboom|Knock Off|p1a: Great Tusk\n|-resisted|p1a: Great Tusk\n|-damage|p1a: Great Tusk|91\/100\n|-enditem|p1a: Great Tusk|Heavy-Duty Boots|[from] move: Knock Off|[of] p2a: Rillaboom\n|move|p1a: Great Tusk|Bulk Up|p1a: Great Tusk\n|-boost|p1a: Great Tusk|atk|1\n|-boost|p1a: Great Tusk|def|1\n|\n|-heal|p2a: Rillaboom|89\/100|[from] Grassy Terrain\n|-heal|p1a: Great Tusk|97\/100|[from] Grassy Terrain\n|upkeep\n|turn|7\n|inactive|vivitheblackmage has 120 seconds left.\n|\n|t:|1699798092\n|move|p2a: Rillaboom|Taunt|p1a: Great Tusk\n|-start|p1a: Great Tusk|move: Taunt\n|cant|p1a: Great Tusk|move: Taunt|Bulk Up\n|\n|-heal|p2a: Rillaboom|96\/100|[from] Grassy Terrain\n|-heal|p1a: Great Tusk|100\/100|[from] Grassy Terrain\n|upkeep\n|turn|8\n|inactive|vivitheblackmage has 120 seconds left.\n|\n|t:|1699798105\n|move|p2a: Rillaboom|Grassy Glide|p1a: Great Tusk\n|-supereffective|p1a: Great Tusk\n|-damage|p1a: Great Tusk|73\/100\n|move|p1a: Great Tusk|Rapid Spin|p2a: Rillaboom\n|-damage|p2a: Rillaboom|65\/100\n|-boost|p1a: Great Tusk|spe|1\n|\n|-heal|p1a: Great Tusk|79\/100|[from] Grassy Terrain\n|-heal|p2a: Rillaboom|71\/100|[from] Grassy Terrain\n|-fieldend|move: Grassy Terrain\n|upkeep\n|turn|9\n|inactive|vivitheblackmage has 120 seconds left.\n|\n|t:|1699798131\n|switch|p2a: Ogerpon|Ogerpon-Cornerstone, F|100\/100\n|move|p1a: Great Tusk|Close Combat|p2a: Ogerpon\n|-supereffective|p2a: Ogerpon\n|-ability|p2a: Ogerpon|Sturdy\n|-damage|p2a: Ogerpon|1\/100\n|-unboost|p1a: Great Tusk|def|1\n|-unboost|p1a: Great Tusk|spd|1\n|\n|-end|p1a: Great Tusk|move: Taunt\n|upkeep\n|turn|10\n|\n|t:|1699798143\n|move|p2a: Ogerpon|Horn Leech|p1a: Great Tusk\n|-supereffective|p1a: Great Tusk\n|-damage|p1a: Great Tusk|23\/100\n|-heal|p2a: Ogerpon|41\/100|[from] drain|[of] p1a: Great Tusk\n|move|p1a: Great Tusk|Rapid Spin|p2a: Ogerpon\n|-resisted|p2a: Ogerpon\n|-damage|p2a: Ogerpon|21\/100\n|-boost|p1a: Great Tusk|spe|1\n|\n|upkeep\n|turn|11\n|\n|t:|1699798159\n|switch|p2a: Rillaboom|Rillaboom, F|71\/100\n|-fieldstart|move: Grassy Terrain|[from] ability: Grassy Surge|[of] p2a: Rillaboom\n|move|p1a: Great Tusk|Earthquake|p2a: Rillaboom\n|-resisted|p2a: Rillaboom\n|-damage|p2a: Rillaboom|50\/100\n|\n|-heal|p1a: Great Tusk|29\/100|[from] Grassy Terrain\n|-heal|p2a: Rillaboom|57\/100|[from] Grassy Terrain\n|upkeep\n|turn|12\n|\n|t:|1699798165\n|move|p2a: Rillaboom|Grassy Glide|p1a: Great Tusk\n|-supereffective|p1a: Great Tusk\n|-damage|p1a: Great Tusk|0 fnt\n|faint|p1a: Great Tusk\n|-end|p1a: Great Tusk|Protosynthesis|[silent]\n|\n|-heal|p2a: Rillaboom|63\/100|[from] Grassy Terrain\n|upkeep\n|\n|t:|1699798175\n|switch|p1a: Ogerpon|Ogerpon, F|100\/100\n|turn|13\n|\n|t:|1699798183\n|move|p1a: Ogerpon|Swords Dance|p1a: Ogerpon\n|-boost|p1a: Ogerpon|atk|2\n|move|p2a: Rillaboom|U-turn|p1a: Ogerpon\n|-supereffective|p1a: Ogerpon\n|-damage|p1a: Ogerpon|43\/100\n|inactive|vivitheblackmage has 120 seconds left.\n|\n|t:|1699798202\n|switch|p2a: Sneasler|Sneasler, M|100\/100|[from] U-turn\n|-enditem|p2a: Sneasler|Grassy Seed\n|-boost|p2a: Sneasler|def|1|[from] item: Grassy Seed\n|\n|-heal|p1a: Ogerpon|49\/100|[from] Grassy Terrain\n|upkeep\n|turn|14\n|inactive|vivitheblackmage has 120 seconds left.\n|\n|t:|1699798216\n|-terastallize|p1a: Ogerpon|Grass\n|detailschange|p1a: Ogerpon|Ogerpon-Teal-Tera, F, tera:Grass\n|-ability|p1a: Ogerpon|Embody Aspect (Teal)|boost\n|-boost|p1a: Ogerpon|spe|1\n|move|p2a: Sneasler|Dire Claw|p1a: Ogerpon\n|-supereffective|p1a: Ogerpon\n|-damage|p1a: Ogerpon|0 fnt\n|faint|p1a: Ogerpon\n|\n|upkeep\n|-message|logan001 forfeited.\n|\n|win|vivitheblackmage\n|raw|logan001's rating: 1217 &rarr; <strong>1195<\/strong><br \/>(-22 for losing)\n|raw|vivitheblackmage's rating: 1252 &rarr; <strong>1274<\/strong><br \/>(+22 for winning)\n|l|\u2606logan001\n","uploadtime":1699798229,"views":12,"p1id":"logan001","p2id":"vivitheblackmage","formatid":"gen9ou","rating":1195,"private":0,"password":""}