{"id":"gen9ou-1991277209","p1":"NewRocket","p2":"SylverOmega","format":"[Gen 9] OU","log":"|j|\u2606NewRocket\n|j|\u2606SylverOmega\n|t:|1700063610\n|gametype|singles\n|player|p1|NewRocket|ghetsis|1427\n|player|p2|SylverOmega|palmer|1461\n|teamsize|p1|6\n|teamsize|p2|6\n|gen|9\n|tier|[Gen 9] OU\n|rated|\n|rule|Sleep Clause Mod: Limit one foe put to sleep\n|rule|Species Clause: Limit one of each Pok\u00e9mon\n|rule|OHKO Clause: OHKO moves are banned\n|rule|Evasion Items Clause: Evasion items are banned\n|rule|Evasion Moves Clause: Evasion moves are banned\n|rule|Endless Battle Clause: Forcing endless battles is banned\n|rule|HP Percentage Mod: HP is shown in percentages\n|clearpoke\n|poke|p1|Lycanroc-Dusk, M|\n|poke|p1|Tyranitar, M|\n|poke|p1|Landorus-Therian, M|\n|poke|p1|Meowscarada, F|\n|poke|p1|Zapdos|\n|poke|p1|Bronzong|\n|poke|p2|Ribombee, M|\n|poke|p2|Enamorus, F|\n|poke|p2|Kingambit, F|\n|poke|p2|Great Tusk|\n|poke|p2|Ogerpon-Wellspring, F|\n|poke|p2|Ceruledge, M|\n|teampreview\n|inactive|Battle timer is ON: inactive players will automatically lose when time's up. (requested by SylverOmega)\n|c|\u2606SylverOmega|Hf\n|\n|t:|1700063625\n|start\n|switch|p1a: Lycanroc|Lycanroc-Dusk, M|100\/100\n|switch|p2a: Ribombee|Ribombee, M|100\/100\n|turn|1\n|\n|t:|1700063633\n|move|p2a: Ribombee|Sticky Web|p1a: Lycanroc\n|-sidestart|p1: NewRocket|move: Sticky Web\n|move|p1a: Lycanroc|Stealth Rock|p2a: Ribombee\n|-sidestart|p2: SylverOmega|move: Stealth Rock\n|\n|upkeep\n|turn|2\n|\n|t:|1700063638\n|move|p2a: Ribombee|Stun Spore|p1a: Lycanroc\n|-status|p1a: Lycanroc|par\n|cant|p1a: Lycanroc|par\n|\n|upkeep\n|turn|3\n|\n|t:|1700063646\n|switch|p2a: Kingambit|Kingambit, F|100\/100\n|-damage|p2a: Kingambit|94\/100|[from] Stealth Rock\n|move|p1a: Lycanroc|Iron Head|p2a: Kingambit\n|-resisted|p2a: Kingambit\n|-damage|p2a: Kingambit|79\/100\n|\n|-heal|p2a: Kingambit|86\/100|[from] item: Leftovers\n|upkeep\n|turn|4\n|\n|t:|1700063656\n|move|p2a: Kingambit|Iron Head|p1a: Lycanroc\n|-supereffective|p1a: Lycanroc\n|-enditem|p1a: Lycanroc|Focus Sash\n|-damage|p1a: Lycanroc|1\/100 par\n|move|p1a: Lycanroc|Close Combat|p2a: Kingambit\n|-supereffective|p2a: Kingambit\n|-damage|p2a: Kingambit|0 fnt\n|-unboost|p1a: Lycanroc|def|1\n|-unboost|p1a: Lycanroc|spd|1\n|faint|p2a: Kingambit\n|-end|p2a: Kingambit|fallenundefined|[silent]\n|\n|upkeep\n|\n|t:|1700063668\n|switch|p2a: Great Tusk|Great Tusk|100\/100\n|-damage|p2a: Great Tusk|98\/100|[from] Stealth Rock\n|-enditem|p2a: Great Tusk|Booster Energy\n|-activate|p2a: Great Tusk|ability: Protosynthesis|[fromitem]\n|-start|p2a: Great Tusk|protosynthesisspe\n|turn|5\n|\n|t:|1700063676\n|move|p2a: Great Tusk|Bulk Up|p2a: Great Tusk\n|-boost|p2a: Great Tusk|atk|1\n|-boost|p2a: Great Tusk|def|1\n|move|p1a: Lycanroc|Close Combat|p2a: Great Tusk\n|-damage|p2a: Great Tusk|73\/100\n|-unboost|p1a: Lycanroc|def|1\n|-unboost|p1a: Lycanroc|spd|1\n|\n|upkeep\n|turn|6\n|\n|t:|1700063687\n|switch|p1a: Landorus|Landorus-Therian, M|100\/100\n|-ability|p1a: Landorus|Intimidate|boost\n|-unboost|p2a: Great Tusk|atk|1\n|move|p2a: Great Tusk|Bulk Up|p2a: Great Tusk\n|-boost|p2a: Great Tusk|atk|1\n|-boost|p2a: Great Tusk|def|1\n|\n|upkeep\n|turn|7\n|\n|t:|1700063696\n|move|p2a: Great Tusk|Ice Spinner|p1a: Landorus\n|-supereffective|p1a: Landorus\n|-damage|p1a: Landorus|0 fnt\n|faint|p1a: Landorus\n|\n|upkeep\n|\n|t:|1700063706\n|switch|p1a: Bronzong|Bronzong|100\/100\n|turn|8\n|\n|t:|1700063716\n|-terastallize|p1a: Bronzong|Steel\n|move|p2a: Great Tusk|Close Combat|p1a: Bronzong\n|-supereffective|p1a: Bronzong\n|-damage|p1a: Bronzong|0 fnt\n|-unboost|p2a: Great Tusk|def|1\n|-unboost|p2a: Great Tusk|spd|1\n|faint|p1a: Bronzong\n|\n|upkeep\n|-message|NewRocket forfeited.\n|\n|win|SylverOmega\n|raw|NewRocket's rating: 1427 &rarr; <strong>1409<\/strong><br \/>(-18 for losing)\n|raw|SylverOmega's rating: 1461 &rarr; <strong>1479<\/strong><br \/>(+18 for winning)\n|l|\u2606NewRocket\n","uploadtime":1700063728,"views":9,"p1id":"newrocket","p2id":"sylveromega","formatid":"gen9ou","rating":1409,"private":0,"password":""}