{"id":"gen9ou-1988811185","p1":"Potayo","p2":"mathismathin","format":"[Gen 9] OU","log":"|j|\u2606Potayo\n|j|\u2606mathismathin\n|t:|1699766605\n|gametype|singles\n|player|p1|Potayo|1|1661\n|player|p2|mathismathin|nate|1727\n|teamsize|p1|6\n|teamsize|p2|6\n|gen|9\n|tier|[Gen 9] OU\n|rated|\n|rule|Sleep Clause Mod: Limit one foe put to sleep\n|rule|Species Clause: Limit one of each Pok\u00e9mon\n|rule|OHKO Clause: OHKO moves are banned\n|rule|Evasion Items Clause: Evasion items are banned\n|rule|Evasion Moves Clause: Evasion moves are banned\n|rule|Endless Battle Clause: Forcing endless battles is banned\n|rule|HP Percentage Mod: HP is shown in percentages\n|clearpoke\n|poke|p1|Cresselia, F|\n|poke|p1|Torkoal, M|\n|poke|p1|Iron Hands|\n|poke|p1|Toedscruel, F|\n|poke|p1|Enamorus-Therian, F|\n|poke|p1|Slowbro, M|\n|poke|p2|Iron Hands|\n|poke|p2|Basculegion-F, F|\n|poke|p2|Dragonite, F|\n|poke|p2|Slowking-Galar, F|\n|poke|p2|Landorus-Therian, M|\n|poke|p2|Sneasler, M|\n|teampreview\n|\n|t:|1699766634\n|start\n|switch|p1a: Enamorus|Enamorus-Therian, F|100\/100\n|switch|p2a: Basculegion|Basculegion-F, F|100\/100\n|turn|1\n|\n|t:|1699766640\n|move|p2a: Basculegion|Shadow Ball|p1a: Enamorus\n|-damage|p1a: Enamorus|33\/100\n|-unboost|p1a: Enamorus|spd|1\n|move|p1a: Enamorus|Moonblast|p2a: Basculegion\n|-damage|p2a: Basculegion|9\/100\n|\n|upkeep\n|turn|2\n|\n|t:|1699766650\n|switch|p1a: Toedscruel|Toedscruel, F|100\/100\n|move|p2a: Basculegion|Shadow Ball|p1a: Toedscruel\n|-damage|p1a: Toedscruel|53\/100\n|\n|-heal|p1a: Toedscruel|59\/100|[from] item: Leftovers\n|upkeep\n|turn|3\n|\n|t:|1699766659\n|switch|p2a: Landorus|Landorus-Therian, M|100\/100\n|-ability|p2a: Landorus|Intimidate|boost\n|-unboost|p1a: Toedscruel|atk|1\n|move|p1a: Toedscruel|Spore|p2a: Landorus\n|-status|p2a: Landorus|slp|[from] move: Spore\n|\n|-heal|p1a: Toedscruel|65\/100|[from] item: Leftovers\n|upkeep\n|turn|4\n|\n|t:|1699766663\n|cant|p2a: Landorus|slp\n|move|p1a: Toedscruel|Trick Room|p1a: Toedscruel\n|-fieldstart|move: Trick Room|[of] p1a: Toedscruel\n|\n|-heal|p1a: Toedscruel|71\/100|[from] item: Leftovers\n|upkeep\n|turn|5\n|\n|t:|1699766668\n|switch|p1a: Enamorus|Enamorus-Therian, F|33\/100\n|-curestatus|p2a: Landorus|slp|[msg]\n|move|p2a: Landorus|Stealth Rock|p1a: Enamorus\n|-sidestart|p1: Potayo|move: Stealth Rock\n|\n|upkeep\n|turn|6\n|\n|t:|1699766698\n|switch|p1a: Iron Hands|Iron Hands|100\/100\n|-damage|p1a: Iron Hands|94\/100|[from] Stealth Rock\n|switch|p2a: Slowking|Slowking-Galar, F|100\/100\n|\n|upkeep\n|turn|7\n|\n|t:|1699766715\n|move|p1a: Iron Hands|Ice Punch|p2a: Slowking\n|-damage|p2a: Slowking|72\/100\n|move|p2a: Slowking|Future Sight|p1a: Iron Hands\n|-start|p2a: Slowking|move: Future Sight\n|\n|-heal|p2a: Slowking|78\/100|[from] item: Leftovers\n|upkeep\n|turn|8\n|\n|t:|1699766720\n|move|p1a: Iron Hands|Earthquake|p2a: Slowking\n|-supereffective|p2a: Slowking\n|-damage|p2a: Slowking|0 fnt\n|faint|p2a: Slowking\n|\n|-fieldend|move: Trick Room\n|upkeep\n|\n|t:|1699766751\n|switch|p2a: Landorus|Landorus-Therian, M|100\/100\n|-ability|p2a: Landorus|Intimidate|boost\n|-unboost|p1a: Iron Hands|atk|1\n|turn|9\n|\n|t:|1699766769\n|-end|p1a: Iron Hands|Quark Drive|[silent]\n|switch|p1a: Cresselia|Cresselia, F|100\/100\n|-damage|p1a: Cresselia|88\/100|[from] Stealth Rock\n|move|p2a: Landorus|U-turn|p1a: Cresselia\n|-supereffective|p1a: Cresselia\n|-damage|p1a: Cresselia|65\/100\n|\n|t:|1699766777\n|switch|p2a: Basculegion|Basculegion-F, F|9\/100|[from] U-turn\n|\n|-end|p1a: Cresselia|move: Future Sight\n|-resisted|p1a: Cresselia\n|-damage|p1a: Cresselia|50\/100\n|upkeep\n|turn|10\n|\n|t:|1699766797\n|-terastallize|p1a: Cresselia|Dark\n|move|p2a: Basculegion|Shadow Ball|p1a: Cresselia\n|-resisted|p1a: Cresselia\n|-damage|p1a: Cresselia|26\/100\n|-unboost|p1a: Cresselia|spd|1\n|move|p1a: Cresselia|Psychic|p2a: Basculegion\n|-damage|p2a: Basculegion|0 fnt\n|faint|p2a: Basculegion\n|\n|upkeep\n|\n|t:|1699766808\n|switch|p2a: Sneasler|Sneasler, M|100\/100\n|turn|11\n|\n|t:|1699766829\n|move|p2a: Sneasler|U-turn|p1a: Cresselia\n|-supereffective|p1a: Cresselia\n|-damage|p1a: Cresselia|2\/100\n|-status|p1a: Cresselia|psn|[from] ability: Poison Touch|[of] p2a: Sneasler\n|c|\u2606Potayo|:^)\n|\n|t:|1699766862\n|switch|p2a: Dragonite|Dragonite, F|100\/100|[from] U-turn\n|move|p1a: Cresselia|Trick Room|p1a: Cresselia\n|-fieldstart|move: Trick Room|[of] p1a: Cresselia\n|\n|-damage|p1a: Cresselia|0 fnt|[from] psn\n|faint|p1a: Cresselia\n|upkeep\n|inactive|Battle timer is ON: inactive players will automatically lose when time's up. (requested by Potayo)\n|inactive|Potayo has 120 seconds left.\n|\n|t:|1699766893\n|switch|p1a: Slowbro|Slowbro, M|100\/100\n|-damage|p1a: Slowbro|88\/100|[from] Stealth Rock\n|turn|12\n|\n|t:|1699766900\n|switch|p2a: Sneasler|Sneasler, M|100\/100\n|move|p1a: Slowbro|Iron Defense|p1a: Slowbro\n|-boost|p1a: Slowbro|def|2\n|\n|-heal|p1a: Slowbro|94\/100|[from] item: Leftovers\n|upkeep\n|turn|13\n|\n|t:|1699766905\n|move|p2a: Sneasler|Fake Out|p1a: Slowbro\n|-damage|p1a: Slowbro|90\/100\n|-status|p1a: Slowbro|psn|[from] ability: Poison Touch|[of] p2a: Sneasler\n|cant|p1a: Slowbro|flinch\n|\n|-heal|p1a: Slowbro|96\/100 psn|[from] item: Leftovers\n|-damage|p1a: Slowbro|83\/100 psn|[from] psn\n|upkeep\n|turn|14\n|\n|t:|1699766916\n|switch|p2a: Landorus|Landorus-Therian, M|100\/100\n|-ability|p2a: Landorus|Intimidate|boost\n|-unboost|p1a: Slowbro|atk|1\n|move|p1a: Slowbro|Psychic|p2a: Landorus\n|-damage|p2a: Landorus|64\/100\n|\n|-heal|p1a: Slowbro|90\/100 psn|[from] item: Leftovers\n|-heal|p2a: Landorus|70\/100|[from] item: Leftovers\n|-damage|p1a: Slowbro|77\/100 psn|[from] psn\n|upkeep\n|turn|15\n|\n|t:|1699766926\n|-terastallize|p2a: Landorus|Steel\n|move|p1a: Slowbro|Iron Defense|p1a: Slowbro\n|-boost|p1a: Slowbro|def|2\n|move|p2a: Landorus|Grass Knot|p1a: Slowbro\n|-supereffective|p1a: Slowbro\n|-damage|p1a: Slowbro|44\/100 psn\n|\n|-heal|p1a: Slowbro|50\/100 psn|[from] item: Leftovers\n|-heal|p2a: Landorus|76\/100|[from] item: Leftovers\n|-damage|p1a: Slowbro|37\/100 psn|[from] psn\n|-fieldend|move: Trick Room\n|upkeep\n|turn|16\n|\n|t:|1699766934\n|move|p2a: Landorus|Grass Knot|p1a: Slowbro\n|-supereffective|p1a: Slowbro\n|-damage|p1a: Slowbro|2\/100 psn\n|move|p1a: Slowbro|Body Press|p2a: Landorus\n|-supereffective|p2a: Landorus\n|-crit|p2a: Landorus\n|-damage|p2a: Landorus|0 fnt\n|faint|p2a: Landorus\n|\n|-heal|p1a: Slowbro|8\/100 psn|[from] item: Leftovers\n|-damage|p1a: Slowbro|0 fnt|[from] psn\n|faint|p1a: Slowbro\n|upkeep\n|\n|t:|1699766963\n|switch|p2a: Sneasler|Sneasler, M|100\/100\n|switch|p1a: Enamorus|Enamorus-Therian, F|33\/100\n|-damage|p1a: Enamorus|8\/100|[from] Stealth Rock\n|turn|17\n|inactive|mathismathin has 120 seconds left.\n|\n|t:|1699766993\n|move|p2a: Sneasler|Dire Claw|p1a: Enamorus\n|-supereffective|p1a: Enamorus\n|-damage|p1a: Enamorus|0 fnt\n|faint|p1a: Enamorus\n|\n|upkeep\n|inactive|Potayo has 120 seconds left.\n|\n|t:|1699767028\n|switch|p1a: Torkoal|Torkoal, M|100\/100\n|-damage|p1a: Torkoal|76\/100|[from] Stealth Rock\n|-weather|SunnyDay|[from] ability: Drought|[of] p1a: Torkoal\n|turn|18\n|inactive|mathismathin has 120 seconds left.\n|\n|t:|1699767066\n|move|p2a: Sneasler|Close Combat|p1a: Torkoal\n|-damage|p1a: Torkoal|27\/100\n|-unboost|p2a: Sneasler|def|1\n|-unboost|p2a: Sneasler|spd|1\n|move|p1a: Torkoal|Weather Ball|p2a: Sneasler\n|-damage|p2a: Sneasler|0 fnt\n|faint|p2a: Sneasler\n|\n|-weather|SunnyDay|[upkeep]\n|upkeep\n|\n|t:|1699767070\n|switch|p2a: Iron Hands|Iron Hands|100\/100\n|turn|19\n|j| TheFirstZoroark\n|inactive|Potayo has 120 seconds left.\n|l| TheFirstZoroark\n|\n|t:|1699767088\n|move|p2a: Iron Hands|Drain Punch|p1a: Torkoal\n|-damage|p1a: Torkoal|0 fnt\n|faint|p1a: Torkoal\n|\n|-weather|SunnyDay|[upkeep]\n|upkeep\n|j| Absolute_Goon\n|\n|t:|1699767101\n|switch|p1a: Toedscruel|Toedscruel, F|71\/100\n|-damage|p1a: Toedscruel|65\/100|[from] Stealth Rock\n|turn|20\n|inactive|mathismathin has 120 seconds left.\n|inactive|mathismathin has 90 seconds left.\n|\n|t:|1699767144\n|move|p2a: Iron Hands|Ice Punch|p1a: Toedscruel\n|-supereffective|p1a: Toedscruel\n|-damage|p1a: Toedscruel|0 fnt\n|faint|p1a: Toedscruel\n|\n|-weather|SunnyDay|[upkeep]\n|upkeep\n|\n|t:|1699767148\n|switch|p1a: Iron Hands|Iron Hands|94\/100\n|-damage|p1a: Iron Hands|88\/100|[from] Stealth Rock\n|turn|21\n|inactive|Potayo has 120 seconds left.\n|\n|t:|1699767153\n|move|p2a: Iron Hands|Swords Dance|p2a: Iron Hands\n|-boost|p2a: Iron Hands|atk|2\n|move|p1a: Iron Hands|Earthquake|p2a: Iron Hands\n|-supereffective|p2a: Iron Hands\n|-damage|p2a: Iron Hands|44\/100\n|\n|-weather|SunnyDay|[upkeep]\n|-heal|p2a: Iron Hands|50\/100|[from] item: Leftovers\n|upkeep\n|turn|22\n|\n|t:|1699767157\n|move|p2a: Iron Hands|Drain Punch|p1a: Iron Hands\n|-damage|p1a: Iron Hands|27\/100\n|-heal|p2a: Iron Hands|81\/100|[from] drain|[of] p1a: Iron Hands\n|move|p1a: Iron Hands|Earthquake|p2a: Iron Hands\n|-supereffective|p2a: Iron Hands\n|-damage|p2a: Iron Hands|28\/100\n|\n|-weather|none\n|-heal|p2a: Iron Hands|34\/100|[from] item: Leftovers\n|upkeep\n|turn|23\n|\n|t:|1699767160\n|move|p2a: Iron Hands|Drain Punch|p1a: Iron Hands\n|-damage|p1a: Iron Hands|0 fnt\n|-heal|p2a: Iron Hands|47\/100|[from] drain|[of] p1a: Iron Hands\n|faint|p1a: Iron Hands\n|-end|p1a: Iron Hands|Quark Drive|[silent]\n|\n|win|mathismathin\n|raw|Potayo's rating: 1661 &rarr; <strong>1645<\/strong><br \/>(-16 for losing)\n|raw|mathismathin's rating: 1727 &rarr; <strong>1743<\/strong><br \/>(+16 for winning)\n|l|\u2606Potayo\n|c|\u2606mathismathin|gg\n","uploadtime":1699767166,"views":10,"p1id":"potayo","p2id":"mathismathin","formatid":"gen9ou","rating":1645,"private":0,"password":""}