{"id":"gen9ou-1998080162","p1":"Papablanco","p2":"itsgoingdownforeal","format":"[Gen 9] OU","log":"|j|\u2606Papablanco\n|j|\u2606itsgoingdownforeal\n|t:|1700888072\n|gametype|singles\n|player|p1|Papablanco|2|1441\n|player|p2|itsgoingdownforeal|dawn|1432\n|teamsize|p1|6\n|teamsize|p2|6\n|gen|9\n|tier|[Gen 9] OU\n|rated|\n|rule|Sleep Clause Mod: Limit one foe put to sleep\n|rule|Species Clause: Limit one of each Pok\u00e9mon\n|rule|OHKO Clause: OHKO moves are banned\n|rule|Evasion Items Clause: Evasion items are banned\n|rule|Evasion Moves Clause: Evasion moves are banned\n|rule|Endless Battle Clause: Forcing endless battles is banned\n|rule|HP Percentage Mod: HP is shown in percentages\n|clearpoke\n|poke|p1|Ninetales-Alola, F|\n|poke|p1|Haxorus, F|\n|poke|p1|Armarouge, M|\n|poke|p1|Munkidori, M|\n|poke|p1|Donphan, M|\n|poke|p1|Ogerpon-Wellspring, F|\n|poke|p2|Manaphy|\n|poke|p2|Kingambit, M|\n|poke|p2|Ribombee, M|\n|poke|p2|Gholdengo|\n|poke|p2|Iron Moth|\n|poke|p2|Ogerpon-Wellspring, F|\n|teampreview\n|\n|t:|1700888082\n|start\n|switch|p1a: Ogerpon|Ogerpon-Wellspring, F|100\/100\n|switch|p2a: Ribombee|Ribombee, M, shiny|100\/100\n|turn|1\n|\n|t:|1700888087\n|move|p2a: Ribombee|Sticky Web|p1a: Ogerpon\n|-sidestart|p1: Papablanco|move: Sticky Web\n|move|p1a: Ogerpon|Swords Dance|p1a: Ogerpon\n|-boost|p1a: Ogerpon|atk|2\n|\n|upkeep\n|turn|2\n|\n|t:|1700888092\n|-terastallize|p1a: Ogerpon|Water\n|detailschange|p1a: Ogerpon|Ogerpon-Wellspring-Tera, F, tera:Water\n|-ability|p1a: Ogerpon|Embody Aspect (Wellspring)|boost\n|-boost|p1a: Ogerpon|spd|1\n|move|p2a: Ribombee|Stun Spore|p1a: Ogerpon\n|-status|p1a: Ogerpon|par\n|move|p1a: Ogerpon|Trailblaze|p2a: Ribombee\n|-resisted|p2a: Ribombee\n|-damage|p2a: Ribombee|44\/100\n|-boost|p1a: Ogerpon|spe|1\n|\n|upkeep\n|turn|3\n|\n|t:|1700888099\n|move|p2a: Ribombee|Moonblast|p1a: Ogerpon\n|-damage|p1a: Ogerpon|68\/100 par\n|move|p1a: Ogerpon|Trailblaze|p2a: Ribombee\n|-resisted|p2a: Ribombee\n|-damage|p2a: Ribombee|0 fnt\n|-boost|p1a: Ogerpon|spe|1\n|faint|p2a: Ribombee\n|\n|upkeep\n|\n|t:|1700888112\n|switch|p2a: Ogerpon|Ogerpon-Wellspring, F|100\/100\n|turn|4\n|\n|t:|1700888120\n|move|p1a: Ogerpon|Trailblaze|p2a: Ogerpon\n|-damage|p2a: Ogerpon|22\/100\n|-boost|p1a: Ogerpon|spe|1\n|move|p2a: Ogerpon|Horn Leech|p1a: Ogerpon\n|-supereffective|p1a: Ogerpon\n|-damage|p1a: Ogerpon|0 fnt\n|-heal|p2a: Ogerpon|56\/100|[from] drain|[of] p1a: Ogerpon\n|faint|p1a: Ogerpon\n|\n|upkeep\n|\n|t:|1700888131\n|switch|p1a: Ninetales|Ninetales-Alola, F|100\/100\n|-activate|p1a: Ninetales|move: Sticky Web\n|-unboost|p1a: Ninetales|spe|1\n|-weather|Snow|[from] ability: Snow Warning|[of] p1a: Ninetales\n|turn|5\n|\n|t:|1700888139\n|move|p2a: Ogerpon|Ivy Cudgel|p1a: Ninetales|[anim] Ivy Cudgel Water\n|-damage|p1a: Ninetales|51\/100\n|move|p1a: Ninetales|Aurora Veil|p1a: Ninetales\n|-sidestart|p1: Papablanco|move: Aurora Veil\n|\n|-weather|Snow|[upkeep]\n|upkeep\n|turn|6\n|\n|t:|1700888147\n|switch|p2a: Iron Moth|Iron Moth|100\/100\n|-enditem|p2a: Iron Moth|Booster Energy\n|-activate|p2a: Iron Moth|ability: Quark Drive|[fromitem]\n|-start|p2a: Iron Moth|quarkdrivespa\n|move|p1a: Ninetales|Freeze-Dry|p2a: Iron Moth\n|-resisted|p2a: Iron Moth\n|-damage|p2a: Iron Moth|88\/100\n|\n|-weather|Snow|[upkeep]\n|upkeep\n|turn|7\n|\n|t:|1700888154\n|move|p2a: Iron Moth|Substitute|p2a: Iron Moth\n|-start|p2a: Iron Moth|Substitute\n|-damage|p2a: Iron Moth|63\/100\n|move|p1a: Ninetales|Encore|p2a: Iron Moth\n|-start|p2a: Iron Moth|Encore\n|\n|-weather|Snow|[upkeep]\n|upkeep\n|turn|8\n|\n|t:|1700888159\n|-end|p2a: Iron Moth|Quark Drive|[silent]\n|switch|p2a: Gholdengo|Gholdengo|100\/100\n|-item|p2a: Gholdengo|Air Balloon\n|switch|p1a: Donphan|Donphan, M|100\/100\n|\n|-weather|Snow|[upkeep]\n|upkeep\n|turn|9\n|\n|t:|1700888165\n|move|p1a: Donphan|Ice Shard|p2a: Gholdengo\n|-resisted|p2a: Gholdengo\n|-damage|p2a: Gholdengo|93\/100\n|-enditem|p2a: Gholdengo|Air Balloon\n|move|p2a: Gholdengo|Nasty Plot|p2a: Gholdengo\n|-boost|p2a: Gholdengo|spa|2\n|\n|-weather|none\n|upkeep\n|turn|10\n|\n|t:|1700888170\n|move|p2a: Gholdengo|Shadow Ball|p1a: Donphan\n|-damage|p1a: Donphan|47\/100\n|move|p1a: Donphan|Earthquake|p2a: Gholdengo\n|-supereffective|p2a: Gholdengo\n|-damage|p2a: Gholdengo|0 fnt\n|faint|p2a: Gholdengo\n|\n|upkeep\n|\n|t:|1700888177\n|switch|p2a: Manaphy|Manaphy|100\/100\n|turn|11\n|\n|t:|1700888180\n|move|p2a: Manaphy|Acid Armor|p2a: Manaphy\n|-boost|p2a: Manaphy|def|2\n|move|p1a: Donphan|Rapid Spin|p2a: Manaphy\n|-damage|p2a: Manaphy|93\/100\n|-boost|p1a: Donphan|spe|1\n|-sideend|p1: Papablanco|Sticky Web|[from] move: Rapid Spin|[of] p1a: Donphan\n|\n|-heal|p2a: Manaphy|99\/100|[from] item: Leftovers\n|upkeep\n|turn|12\n|\n|t:|1700888185\n|switch|p1a: Ninetales|Ninetales-Alola, F|51\/100\n|-weather|Snow|[from] ability: Snow Warning|[of] p1a: Ninetales\n|move|p2a: Manaphy|Scald|p1a: Ninetales\n|-damage|p1a: Ninetales|32\/100\n|\n|-weather|Snow|[upkeep]\n|-heal|p2a: Manaphy|100\/100|[from] item: Leftovers\n|-sideend|p1: Papablanco|move: Aurora Veil\n|upkeep\n|turn|13\n|\n|t:|1700888189\n|move|p1a: Ninetales|Aurora Veil|p1a: Ninetales\n|-sidestart|p1: Papablanco|move: Aurora Veil\n|move|p2a: Manaphy|Scald|p1a: Ninetales\n|-damage|p1a: Ninetales|10\/100\n|-status|p1a: Ninetales|brn\n|\n|-weather|Snow|[upkeep]\n|-damage|p1a: Ninetales|4\/100 brn|[from] brn\n|upkeep\n|turn|14\n|\n|t:|1700888195\n|move|p1a: Ninetales|Freeze-Dry|p2a: Manaphy\n|-supereffective|p2a: Manaphy\n|-damage|p2a: Manaphy|57\/100\n|-status|p2a: Manaphy|frz\n|-curestatus|p2a: Manaphy|frz|[from] move: Scald\n|move|p2a: Manaphy|Scald|p1a: Ninetales\n|-damage|p1a: Ninetales|0 fnt\n|faint|p1a: Ninetales\n|\n|-weather|Snow|[upkeep]\n|-heal|p2a: Manaphy|63\/100|[from] item: Leftovers\n|upkeep\n|\n|t:|1700888201\n|switch|p1a: Armarouge|Armarouge, M|100\/100\n|turn|15\n|\n|t:|1700888204\n|move|p1a: Armarouge|Calm Mind|p1a: Armarouge\n|-boost|p1a: Armarouge|spa|1\n|-boost|p1a: Armarouge|spd|1\n|move|p2a: Manaphy|Scald|p1a: Armarouge\n|-supereffective|p1a: Armarouge\n|-damage|p1a: Armarouge|69\/100\n|\n|-weather|Snow|[upkeep]\n|-heal|p2a: Manaphy|69\/100|[from] item: Leftovers\n|-heal|p1a: Armarouge|75\/100|[from] item: Leftovers\n|upkeep\n|turn|16\n|\n|t:|1700888210\n|move|p2a: Manaphy|Take Heart|p2a: Manaphy\n|-boost|p2a: Manaphy|spa|1\n|-boost|p2a: Manaphy|spd|1\n|move|p1a: Armarouge|Iron Defense|p1a: Armarouge\n|-boost|p1a: Armarouge|def|2\n|\n|-weather|none\n|-heal|p2a: Manaphy|75\/100|[from] item: Leftovers\n|-heal|p1a: Armarouge|81\/100|[from] item: Leftovers\n|upkeep\n|turn|17\n|\n|t:|1700888212\n|move|p1a: Armarouge|Calm Mind|p1a: Armarouge\n|-boost|p1a: Armarouge|spa|1\n|-boost|p1a: Armarouge|spd|1\n|move|p2a: Manaphy|Scald|p1a: Armarouge\n|-supereffective|p1a: Armarouge\n|-damage|p1a: Armarouge|51\/100\n|\n|-heal|p2a: Manaphy|82\/100|[from] item: Leftovers\n|-heal|p1a: Armarouge|58\/100|[from] item: Leftovers\n|upkeep\n|turn|18\n|\n|t:|1700888215\n|move|p1a: Armarouge|Stored Power|p2a: Manaphy\n|-damage|p2a: Manaphy|3\/100\n|move|p2a: Manaphy|Take Heart|p2a: Manaphy\n|-boost|p2a: Manaphy|spa|1\n|-boost|p2a: Manaphy|spd|1\n|\n|-heal|p2a: Manaphy|9\/100|[from] item: Leftovers\n|-heal|p1a: Armarouge|64\/100|[from] item: Leftovers\n|upkeep\n|turn|19\n|\n|t:|1700888218\n|move|p2a: Manaphy|Scald|p1a: Armarouge\n|-supereffective|p1a: Armarouge\n|-damage|p1a: Armarouge|22\/100\n|move|p1a: Armarouge|Stored Power|p2a: Manaphy\n|-damage|p2a: Manaphy|0 fnt\n|faint|p2a: Manaphy\n|\n|-heal|p1a: Armarouge|28\/100|[from] item: Leftovers\n|upkeep\n|\n|t:|1700888223\n|switch|p2a: Ogerpon|Ogerpon-Wellspring, F|56\/100\n|turn|20\n|\n|t:|1700888228\n|move|p2a: Ogerpon|Ivy Cudgel|p1a: Armarouge|[anim] Ivy Cudgel Water\n|-supereffective|p1a: Armarouge\n|-damage|p1a: Armarouge|3\/100\n|-ability|p1a: Armarouge|Weak Armor|boost\n|-unboost|p1a: Armarouge|def|1\n|-boost|p1a: Armarouge|spe|2\n|move|p1a: Armarouge|Stored Power|p2a: Ogerpon\n|-damage|p2a: Ogerpon|0 fnt\n|faint|p2a: Ogerpon\n|\n|-heal|p1a: Armarouge|9\/100|[from] item: Leftovers\n|-sideend|p1: Papablanco|move: Aurora Veil\n|upkeep\n|\n|t:|1700888232\n|switch|p2a: Iron Moth|Iron Moth|63\/100\n|turn|21\n|\n|t:|1700888236\n|move|p1a: Armarouge|Stored Power|p2a: Iron Moth\n|-supereffective|p2a: Iron Moth\n|-damage|p2a: Iron Moth|0 fnt\n|faint|p2a: Iron Moth\n|-end|p2a: Iron Moth|Quark Drive|[silent]\n|\n|-heal|p1a: Armarouge|15\/100|[from] item: Leftovers\n|upkeep\n|-message|itsgoingdownforeal forfeited.\n|\n|win|Papablanco\n|raw|Papablanco's rating: 1441 &rarr; <strong>1460<\/strong><br \/>(+19 for winning)\n|raw|itsgoingdownforeal's rating: 1432 &rarr; <strong>1413<\/strong><br \/>(-19 for losing)\n|l|\u2606itsgoingdownforeal\n","uploadtime":1700888249,"views":13,"p1id":"papablanco","p2id":"itsgoingdownforeal","formatid":"gen9ou","rating":1413,"private":0,"password":""}