{"id":"gen9ou-1995258329","p1":"lord denominator","p2":"Manjack","format":"[Gen 9] OU","log":"|j|\u203dlord denominator\n|j|\u2606Manjack\n|t:|1700542433\n|gametype|singles\n|player|p1|lord denominator|iris-gen5bw2|1615\n|player|p2|Manjack|preschooler|1721\n|teamsize|p1|6\n|teamsize|p2|6\n|gen|9\n|tier|[Gen 9] OU\n|rated|\n|rule|Sleep Clause Mod: Limit one foe put to sleep\n|rule|Species Clause: Limit one of each Pok\u00e9mon\n|rule|OHKO Clause: OHKO moves are banned\n|rule|Evasion Items Clause: Evasion items are banned\n|rule|Evasion Moves Clause: Evasion moves are banned\n|rule|Endless Battle Clause: Forcing endless battles is banned\n|rule|HP Percentage Mod: HP is shown in percentages\n|clearpoke\n|poke|p1|Cinderace, F|\n|poke|p1|Alomomola, F|\n|poke|p1|Slowking-Galar, M|\n|poke|p1|Kingambit, F|\n|poke|p1|Great Tusk|\n|poke|p1|Thundurus-Therian, M|\n|poke|p2|Ogerpon, F|\n|poke|p2|Corviknight, M|\n|poke|p2|Dachsbun, M|\n|poke|p2|Landorus-Therian, M|\n|poke|p2|Rotom-Wash|\n|poke|p2|Clodsire, M|\n|teampreview\n|c|\u2606Manjack|Glhf\n|j| BlackPearl33\n|inactive|Battle timer is ON: inactive players will automatically lose when time's up. (requested by lord denominator)\n|l| BlackPearl33\n|\n|t:|1700542453\n|start\n|switch|p1a: Thundurus|Thundurus-Therian, M|100\/100\n|switch|p2a: Landorus|Landorus-Therian, M|100\/100\n|-ability|p2a: Landorus|Intimidate|boost\n|-unboost|p1a: Thundurus|atk|1\n|turn|1\n|\n|t:|1700542461\n|-terastallize|p1a: Thundurus|Flying\n|move|p1a: Thundurus|Tera Blast|p2a: Landorus|[anim] Tera Blast Flying\n|-damage|p2a: Landorus|38\/100\n|move|p2a: Landorus|Calm Mind|p2a: Landorus\n|-boost|p2a: Landorus|spa|1\n|-boost|p2a: Landorus|spd|1\n|\n|-heal|p2a: Landorus|44\/100|[from] item: Leftovers\n|upkeep\n|turn|2\n|\n|t:|1700542469\n|move|p1a: Thundurus|Tera Blast|p2a: Landorus|[anim] Tera Blast Flying\n|-damage|p2a: Landorus|0 fnt\n|faint|p2a: Landorus\n|\n|upkeep\n|\n|t:|1700542477\n|switch|p2a: Rotom|Rotom-Wash|100\/100\n|turn|3\n|\n|t:|1700542482\n|switch|p1a: Slowking|Slowking-Galar, M|100\/100\n|move|p2a: Rotom|Hydro Pump|p1a: Slowking\n|-damage|p1a: Slowking|78\/100\n|\n|upkeep\n|turn|4\n|\n|t:|1700542487\n|move|p2a: Rotom|Will-O-Wisp|p1a: Slowking\n|-status|p1a: Slowking|brn\n|move|p1a: Slowking|Chilly Reception|p1a: Slowking\n|-weather|Snow\n|\n|t:|1700542495\n|switch|p1a: Cinderace|Cinderace, F|100\/100|[from] Chilly Reception\n|\n|-weather|Snow|[upkeep]\n|upkeep\n|turn|5\n|\n|t:|1700542497\n|switch|p2a: Dachsbun|Dachsbun, M|100\/100\n|move|p1a: Cinderace|U-turn|p2a: Dachsbun\n|-start|p1a: Cinderace|typechange|Bug|[from] ability: Libero\n|-resisted|p2a: Dachsbun\n|-damage|p2a: Dachsbun|86\/100\n|\n|t:|1700542506\n|switch|p1a: Slowking|Slowking-Galar, M|100\/100 brn|[from] U-turn\n|\n|-weather|Snow|[upkeep]\n|-heal|p2a: Dachsbun|92\/100|[from] item: Leftovers\n|-damage|p1a: Slowking|94\/100 brn|[from] brn\n|upkeep\n|turn|6\n|j| Roshino\n|inactive|Manjack has 120 seconds left.\n|\n|t:|1700542549\n|switch|p2a: Clodsire|Clodsire, M|100\/100\n|move|p1a: Slowking|Future Sight|p2a: Clodsire\n|-start|p1a: Slowking|move: Future Sight\n|\n|-weather|Snow|[upkeep]\n|-damage|p1a: Slowking|88\/100 brn|[from] brn\n|upkeep\n|turn|7\n|\n|t:|1700542556\n|move|p2a: Clodsire|Stealth Rock|p1a: Slowking\n|-sidestart|p1: lord denominator|move: Stealth Rock\n|move|p1a: Slowking|Chilly Reception|p1a: Slowking\n|\n|t:|1700542560\n|switch|p1a: Cinderace|Cinderace, F|100\/100|[from] Chilly Reception\n|\n|-weather|Snow|[upkeep]\n|upkeep\n|turn|8\n|\n|t:|1700542564\n|move|p1a: Cinderace|Will-O-Wisp|p2a: Clodsire\n|-status|p2a: Clodsire|brn\n|move|p2a: Clodsire|Toxic|p1a: Cinderace\n|-status|p1a: Cinderace|tox\n|\n|-weather|none\n|-end|p2a: Clodsire|move: Future Sight\n|-supereffective|p2a: Clodsire\n|-damage|p2a: Clodsire|53\/100 brn\n|-heal|p2a: Clodsire|59\/100 brn|[from] item: Leftovers\n|-damage|p1a: Cinderace|95\/100 tox|[from] psn\n|-damage|p2a: Clodsire|53\/100 brn|[from] brn\n|upkeep\n|turn|9\n|\n|t:|1700542569\n|switch|p2a: Dachsbun|Dachsbun, M|92\/100\n|move|p1a: Cinderace|Court Change|p1a: Cinderace\n|-start|p1a: Cinderace|typechange|Normal|[from] ability: Libero\n|-swapsideconditions\n|-activate|p1a: Cinderace|move: Court Change\n|\n|-heal|p2a: Dachsbun|98\/100|[from] item: Leftovers\n|-damage|p1a: Cinderace|83\/100 tox|[from] psn\n|upkeep\n|turn|10\n|\n|t:|1700542575\n|switch|p1a: Slowking|Slowking-Galar, M|100\/100 brn\n|move|p2a: Dachsbun|Copycat|p2a: Dachsbun\n|move|p2a: Dachsbun|Court Change|p2a: Dachsbun|[from]move: Copycat\n|-swapsideconditions\n|-activate|p2a: Dachsbun|move: Court Change\n|\n|-heal|p2a: Dachsbun|100\/100|[from] item: Leftovers\n|-damage|p1a: Slowking|94\/100 brn|[from] brn\n|upkeep\n|turn|11\n|\n|t:|1700542586\n|switch|p2a: Clodsire|Clodsire, M|53\/100 brn\n|move|p1a: Slowking|Chilly Reception|p1a: Slowking\n|-weather|Snow\n|\n|t:|1700542589\n|switch|p1a: Great Tusk|Great Tusk|100\/100|[from] Chilly Reception\n|-damage|p1a: Great Tusk|98\/100|[from] Stealth Rock\n|\n|-weather|Snow|[upkeep]\n|-heal|p2a: Clodsire|59\/100 brn|[from] item: Leftovers\n|-damage|p2a: Clodsire|53\/100 brn|[from] brn\n|upkeep\n|turn|12\n|c|\u2606Manjack|Try again\n|\n|t:|1700542594\n|switch|p2a: Rotom|Rotom-Wash|100\/100\n|move|p1a: Great Tusk|Stealth Rock|p2a: Rotom\n|-sidestart|p2: Manjack|move: Stealth Rock\n|\n|-weather|Snow|[upkeep]\n|upkeep\n|turn|13\n|\n|t:|1700542599\n|-end|p1a: Great Tusk|Protosynthesis|[silent]\n|switch|p1a: Slowking|Slowking-Galar, M|100\/100 brn\n|move|p2a: Rotom|Hydro Pump|p1a: Slowking\n|-damage|p1a: Slowking|76\/100 brn\n|\n|-weather|Snow|[upkeep]\n|-damage|p1a: Slowking|70\/100 brn|[from] brn\n|upkeep\n|turn|14\n|\n|t:|1700542602\n|move|p2a: Rotom|Volt Switch|p1a: Slowking\n|-damage|p1a: Slowking|55\/100 brn\n|\n|t:|1700542607\n|switch|p2a: Corviknight|Corviknight, M|100\/100|[from] Volt Switch\n|-damage|p2a: Corviknight|88\/100|[from] Stealth Rock\n|-ability|p2a: Corviknight|Pressure\n|move|p1a: Slowking|Future Sight|p2a: Corviknight\n|-start|p1a: Slowking|move: Future Sight\n|\n|-weather|Snow|[upkeep]\n|-heal|p2a: Corviknight|94\/100|[from] item: Leftovers\n|-damage|p1a: Slowking|49\/100 brn|[from] brn\n|upkeep\n|turn|15\n|\n|t:|1700542611\n|move|p2a: Corviknight|Brave Bird|p1a: Slowking\n|-damage|p1a: Slowking|8\/100 brn\n|-damage|p2a: Corviknight|81\/100|[from] Recoil\n|move|p1a: Slowking|Chilly Reception|p1a: Slowking\n|\n|t:|1700542618\n|switch|p1a: Thundurus|Thundurus-Therian, M, tera:Flying|100\/100|[from] Chilly Reception\n|-damage|p1a: Thundurus|76\/100|[from] Stealth Rock\n|\n|-weather|none\n|-heal|p2a: Corviknight|87\/100|[from] item: Leftovers\n|upkeep\n|turn|16\n|\n|t:|1700542625\n|move|p1a: Thundurus|Tera Blast|p2a: Corviknight|[anim] Tera Blast Flying\n|-resisted|p2a: Corviknight\n|-damage|p2a: Corviknight|42\/100\n|move|p2a: Corviknight|U-turn|p1a: Thundurus\n|-resisted|p1a: Thundurus\n|-damage|p1a: Thundurus|64\/100\n|\n|t:|1700542630\n|switch|p2a: Dachsbun|Dachsbun, M|100\/100|[from] U-turn\n|-damage|p2a: Dachsbun|88\/100|[from] Stealth Rock\n|\n|-end|p2a: Dachsbun|move: Future Sight\n|-crit|p2a: Dachsbun\n|-damage|p2a: Dachsbun|29\/100\n|-heal|p2a: Dachsbun|35\/100|[from] item: Leftovers\n|upkeep\n|turn|17\n|\n|t:|1700542633\n|move|p2a: Dachsbun|Protect|p2a: Dachsbun\n|-singleturn|p2a: Dachsbun|Protect\n|move|p1a: Thundurus|Tera Blast|p2a: Dachsbun|[anim] Tera Blast Flying\n|-activate|p2a: Dachsbun|move: Protect\n|\n|-heal|p2a: Dachsbun|41\/100|[from] item: Leftovers\n|upkeep\n|turn|18\n|\n|t:|1700542639\n|move|p1a: Thundurus|Tera Blast|p2a: Dachsbun|[anim] Tera Blast Flying\n|-damage|p2a: Dachsbun|0 fnt\n|faint|p2a: Dachsbun\n|\n|upkeep\n|\n|t:|1700542642\n|switch|p2a: Rotom|Rotom-Wash|100\/100\n|-damage|p2a: Rotom|88\/100|[from] Stealth Rock\n|turn|19\n|\n|t:|1700542644\n|move|p1a: Thundurus|Tera Blast|p2a: Rotom|[anim] Tera Blast Flying\n|-resisted|p2a: Rotom\n|-damage|p2a: Rotom|40\/100\n|move|p2a: Rotom|Hydro Pump|p1a: Thundurus|[miss]\n|-miss|p2a: Rotom|p1a: Thundurus\n|\n|-heal|p2a: Rotom|47\/100|[from] item: Leftovers\n|upkeep\n|turn|20\n|\n|t:|1700542649\n|move|p1a: Thundurus|Tera Blast|p2a: Rotom|[anim] Tera Blast Flying\n|-resisted|p2a: Rotom\n|-damage|p2a: Rotom|0 fnt\n|faint|p2a: Rotom\n|\n|upkeep\n|\n|t:|1700542652\n|switch|p2a: Clodsire|Clodsire, M|53\/100 brn\n|-damage|p2a: Clodsire|47\/100 brn|[from] Stealth Rock\n|turn|21\n|\n|t:|1700542654\n|move|p1a: Thundurus|Tera Blast|p2a: Clodsire|[anim] Tera Blast Flying\n|-damage|p2a: Clodsire|1\/100 brn\n|move|p2a: Clodsire|Recover|p2a: Clodsire\n|-heal|p2a: Clodsire|51\/100 brn\n|\n|-heal|p2a: Clodsire|57\/100 brn|[from] item: Leftovers\n|-damage|p2a: Clodsire|51\/100 brn|[from] brn\n|upkeep\n|turn|22\n|\n|t:|1700542662\n|switch|p1a: Alomomola|Alomomola, F|100\/100\n|-damage|p1a: Alomomola|88\/100|[from] Stealth Rock\n|move|p2a: Clodsire|Toxic|p1a: Alomomola\n|-status|p1a: Alomomola|tox\n|\n|-heal|p2a: Clodsire|57\/100 brn|[from] item: Leftovers\n|-damage|p1a: Alomomola|82\/100 tox|[from] psn\n|-damage|p2a: Clodsire|51\/100 brn|[from] brn\n|upkeep\n|turn|23\n|\n|t:|1700542665\n|move|p1a: Alomomola|Wish|p1a: Alomomola\n|move|p2a: Clodsire|Recover|p2a: Clodsire\n|-heal|p2a: Clodsire|100\/100 brn\n|\n|-damage|p1a: Alomomola|70\/100 tox|[from] psn\n|-damage|p2a: Clodsire|94\/100 brn|[from] brn\n|upkeep\n|turn|24\n|\n|t:|1700542668\n|move|p1a: Alomomola|Flip Turn|p2a: Clodsire\n|-supereffective|p2a: Clodsire\n|-damage|p2a: Clodsire|58\/100 brn\n|\n|t:|1700542672\n|switch|p1a: Thundurus|Thundurus-Therian, M, tera:Flying|64\/100|[from] Flip Turn\n|-damage|p1a: Thundurus|40\/100|[from] Stealth Rock\n|move|p2a: Clodsire|Earthquake|p1a: Thundurus\n|-immune|p1a: Thundurus\n|\n|-heal|p1a: Thundurus|100\/100|[from] move: Wish|[wisher] Alomomola\n|-heal|p2a: Clodsire|64\/100 brn|[from] item: Leftovers\n|-damage|p2a: Clodsire|58\/100 brn|[from] brn\n|upkeep\n|turn|25\n|\n|t:|1700542682\n|switch|p1a: Kingambit|Kingambit, F|100\/100\n|-damage|p1a: Kingambit|94\/100|[from] Stealth Rock\n|move|p2a: Clodsire|Toxic|p1a: Kingambit\n|-immune|p1a: Kingambit\n|\n|-heal|p1a: Kingambit|100\/100|[from] item: Leftovers\n|-heal|p2a: Clodsire|64\/100 brn|[from] item: Leftovers\n|-damage|p2a: Clodsire|58\/100 brn|[from] brn\n|upkeep\n|turn|26\n|\n|t:|1700542686\n|move|p1a: Kingambit|Kowtow Cleave|p2a: Clodsire\n|-damage|p2a: Clodsire|0 fnt\n|faint|p2a: Clodsire\n|\n|upkeep\n|c|\u2606Manjack|Gg\n|-message|Manjack forfeited.\n|\n|win|lord denominator\n|raw|lord denominator's rating: 1615 &rarr; <strong>1641<\/strong><br \/>(+26 for winning)\n|raw|Manjack's rating: 1721 &rarr; <strong>1695<\/strong><br \/>(-26 for losing)\n|l|\u2606Manjack\n","uploadtime":1700542701,"views":15,"p1id":"lorddenominator","p2id":"manjack","formatid":"gen9ou","rating":1641,"private":0,"password":""}