{"id":"gen9ou-1996743330","p1":"glhfOvO","p2":"Audio Peel","format":"[Gen 9] OU","log":"|j|\u2606glhfOvO\n|j|\u2606Audio Peel\n|t:|1700717754\n|gametype|singles\n|player|p1|glhfOvO|backersf|1817\n|player|p2|Audio Peel|1|1699\n|teamsize|p1|6\n|teamsize|p2|6\n|gen|9\n|tier|[Gen 9] OU\n|rated|\n|rule|Sleep Clause Mod: Limit one foe put to sleep\n|rule|Species Clause: Limit one of each Pok\u00e9mon\n|rule|OHKO Clause: OHKO moves are banned\n|rule|Evasion Items Clause: Evasion items are banned\n|rule|Evasion Moves Clause: Evasion moves are banned\n|rule|Endless Battle Clause: Forcing endless battles is banned\n|rule|HP Percentage Mod: HP is shown in percentages\n|clearpoke\n|poke|p1|Pelipper, M|\n|poke|p1|Basculegion, M|\n|poke|p1|Greninja-*, M|\n|poke|p1|Zapdos|\n|poke|p1|Iron Treads|\n|poke|p1|Kingambit, M|\n|poke|p2|Garganacl, M|\n|poke|p2|Dragonite, M|\n|poke|p2|Slowking-Galar, F|\n|poke|p2|Zamazenta-*|\n|poke|p2|Manaphy|\n|poke|p2|Ogerpon-Wellspring, F|\n|teampreview\n|inactive|Battle timer is ON: inactive players will automatically lose when time's up. (requested by glhfOvO)\n|\n|t:|1700717774\n|start\n|switch|p1a: Iron Treads|Iron Treads|100\/100\n|switch|p2a: Zamazenta|Zamazenta|100\/100\n|-ability|p2a: Zamazenta|Dauntless Shield|boost\n|-boost|p2a: Zamazenta|def|1\n|-enditem|p1a: Iron Treads|Booster Energy\n|-activate|p1a: Iron Treads|ability: Quark Drive|[fromitem]\n|-start|p1a: Iron Treads|quarkdrivespe\n|turn|1\n|\n|t:|1700717784\n|move|p1a: Iron Treads|Stealth Rock|p2a: Zamazenta\n|-sidestart|p2: Audio Peel|move: Stealth Rock\n|move|p2a: Zamazenta|Stone Edge|p1a: Iron Treads|[miss]\n|-miss|p2a: Zamazenta|p1a: Iron Treads\n|\n|upkeep\n|turn|2\n|\n|t:|1700717790\n|move|p1a: Iron Treads|Earthquake|p2a: Zamazenta\n|-crit|p2a: Zamazenta\n|-damage|p2a: Zamazenta|30\/100\n|move|p2a: Zamazenta|Stone Edge|p1a: Iron Treads|[miss]\n|-miss|p2a: Zamazenta|p1a: Iron Treads\n|\n|upkeep\n|turn|3\n|c|\u2606glhfOvO|sorry\n|\n|t:|1700717801\n|switch|p2a: Ogerpon|Ogerpon-Wellspring, F|100\/100\n|-damage|p2a: Ogerpon|88\/100|[from] Stealth Rock\n|move|p1a: Iron Treads|Earthquake|p2a: Ogerpon\n|-resisted|p2a: Ogerpon\n|-damage|p2a: Ogerpon|59\/100\n|\n|upkeep\n|turn|4\n|\n|t:|1700717811\n|move|p1a: Iron Treads|Ice Spinner|p2a: Ogerpon\n|-damage|p2a: Ogerpon|24\/100\n|move|p2a: Ogerpon|Trailblaze|p1a: Iron Treads\n|-damage|p1a: Iron Treads|75\/100\n|-boost|p2a: Ogerpon|spe|1\n|\n|upkeep\n|turn|5\n|\n|t:|1700717817\n|move|p2a: Ogerpon|Ivy Cudgel|p1a: Iron Treads|[anim] Ivy Cudgel Water\n|-supereffective|p1a: Iron Treads\n|-crit|p1a: Iron Treads\n|-damage|p1a: Iron Treads|0 fnt\n|faint|p1a: Iron Treads\n|-end|p1a: Iron Treads|Quark Drive|[silent]\n|\n|upkeep\n|\n|t:|1700717825\n|switch|p1a: Pelipper|Pelipper, M|100\/100\n|-weather|RainDance|[from] ability: Drizzle|[of] p1a: Pelipper\n|turn|6\n|\n|t:|1700717828\n|move|p2a: Ogerpon|Knock Off|p1a: Pelipper\n|-damage|p1a: Pelipper|62\/100\n|-enditem|p1a: Pelipper|Damp Rock|[from] move: Knock Off|[of] p2a: Ogerpon\n|move|p1a: Pelipper|Hurricane|p2a: Ogerpon\n|-supereffective|p2a: Ogerpon\n|-damage|p2a: Ogerpon|0 fnt\n|faint|p2a: Ogerpon\n|\n|-weather|RainDance|[upkeep]\n|upkeep\n|\n|t:|1700717834\n|switch|p2a: Slowking|Slowking-Galar, F|100\/100\n|-damage|p2a: Slowking|88\/100|[from] Stealth Rock\n|turn|7\n|\n|t:|1700717841\n|move|p1a: Pelipper|U-turn|p2a: Slowking\n|-damage|p2a: Slowking|81\/100\n|\n|t:|1700717844\n|switch|p1a: Basculegion|Basculegion, M|100\/100|[from] U-turn\n|move|p2a: Slowking|Chilly Reception|p2a: Slowking\n|-weather|Snow\n|\n|t:|1700717851\n|switch|p2a: Dragonite|Dragonite, M|100\/100|[from] Chilly Reception\n|\n|-weather|Snow|[upkeep]\n|upkeep\n|turn|8\n|\n|t:|1700717857\n|switch|p1a: Pelipper|Pelipper, M|62\/100\n|-weather|RainDance|[from] ability: Drizzle|[of] p1a: Pelipper\n|move|p2a: Dragonite|Dragon Dance|p2a: Dragonite\n|-boost|p2a: Dragonite|atk|1\n|-boost|p2a: Dragonite|spe|1\n|\n|-weather|RainDance|[upkeep]\n|upkeep\n|turn|9\n|\n|t:|1700717861\n|move|p2a: Dragonite|Ice Spinner|p1a: Pelipper\n|-damage|p1a: Pelipper|16\/100\n|move|p1a: Pelipper|Ice Beam|p2a: Dragonite\n|-supereffective|p2a: Dragonite\n|-damage|p2a: Dragonite|59\/100\n|\n|-weather|RainDance|[upkeep]\n|upkeep\n|turn|10\n|\n|t:|1700717869\n|move|p2a: Dragonite|Roost|p2a: Dragonite\n|-heal|p2a: Dragonite|100\/100\n|-singleturn|p2a: Dragonite|move: Roost\n|move|p1a: Pelipper|Ice Beam|p2a: Dragonite\n|-supereffective|p2a: Dragonite\n|-damage|p2a: Dragonite|78\/100\n|-status|p2a: Dragonite|frz\n|\n|-weather|RainDance|[upkeep]\n|upkeep\n|turn|11\n|\n|t:|1700717875\n|cant|p2a: Dragonite|frz\n|move|p1a: Pelipper|U-turn|p2a: Dragonite\n|-resisted|p2a: Dragonite\n|-damage|p2a: Dragonite|73\/100 frz\n|\n|t:|1700717888\n|switch|p1a: Basculegion|Basculegion, M|100\/100|[from] U-turn\n|\n|-weather|RainDance|[upkeep]\n|upkeep\n|turn|12\n|\n|t:|1700717902\n|move|p1a: Basculegion|Wave Crash|p2a: Dragonite\n|-resisted|p2a: Dragonite\n|-damage|p2a: Dragonite|5\/100 frz\n|-damage|p1a: Basculegion|82\/100|[from] Recoil\n|cant|p2a: Dragonite|frz\n|\n|-weather|none\n|upkeep\n|turn|13\n|\n|t:|1700717908\n|cant|p2a: Dragonite|frz\n|move|p1a: Basculegion|Wave Crash|p2a: Dragonite\n|-resisted|p2a: Dragonite\n|-damage|p2a: Dragonite|0 fnt\n|faint|p2a: Dragonite\n|-damage|p1a: Basculegion|80\/100|[from] Recoil\n|\n|upkeep\n|\n|t:|1700717915\n|switch|p2a: Manaphy|Manaphy|100\/100\n|-damage|p2a: Manaphy|88\/100|[from] Stealth Rock\n|turn|14\n|\n|t:|1700717922\n|switch|p1a: Zapdos|Zapdos, shiny|100\/100\n|move|p2a: Manaphy|Energy Ball|p1a: Zapdos\n|-resisted|p1a: Zapdos\n|-damage|p1a: Zapdos|85\/100\n|\n|-heal|p2a: Manaphy|94\/100|[from] item: Leftovers\n|upkeep\n|turn|15\n|\n|t:|1700717929\n|switch|p2a: Garganacl|Garganacl, M|100\/100\n|-damage|p2a: Garganacl|88\/100|[from] Stealth Rock\n|move|p1a: Zapdos|Volt Switch|p2a: Garganacl\n|-damage|p2a: Garganacl|64\/100\n|\n|t:|1700717936\n|switch|p1a: Pelipper|Pelipper, M|16\/100|[from] Volt Switch\n|-weather|RainDance|[from] ability: Drizzle|[of] p1a: Pelipper\n|\n|-weather|RainDance|[upkeep]\n|-heal|p2a: Garganacl|71\/100|[from] item: Leftovers\n|upkeep\n|turn|16\n|\n|t:|1700717947\n|-terastallize|p2a: Garganacl|Fairy\n|move|p1a: Pelipper|Surf|p2a: Garganacl\n|-crit|p2a: Garganacl\n|-damage|p2a: Garganacl|28\/100\n|move|p2a: Garganacl|Salt Cure|p1a: Pelipper\n|-supereffective|p1a: Pelipper\n|-damage|p1a: Pelipper|0 fnt\n|faint|p1a: Pelipper\n|\n|-weather|RainDance|[upkeep]\n|-heal|p2a: Garganacl|34\/100|[from] item: Leftovers\n|upkeep\n|\n|t:|1700717960\n|switch|p1a: Basculegion|Basculegion, M|80\/100\n|turn|17\n|\n|t:|1700717964\n|move|p2a: Garganacl|Protect|p2a: Garganacl\n|-singleturn|p2a: Garganacl|Protect\n|move|p1a: Basculegion|Wave Crash|p2a: Garganacl\n|-activate|p2a: Garganacl|move: Protect\n|\n|-weather|RainDance|[upkeep]\n|-heal|p2a: Garganacl|41\/100|[from] item: Leftovers\n|upkeep\n|turn|18\n|\n|t:|1700717967\n|switch|p2a: Zamazenta|Zamazenta|30\/100\n|-damage|p2a: Zamazenta|24\/100|[from] Stealth Rock\n|move|p1a: Basculegion|Wave Crash|p2a: Zamazenta\n|-crit|p2a: Zamazenta\n|-damage|p2a: Zamazenta|0 fnt\n|faint|p2a: Zamazenta\n|-damage|p1a: Basculegion|74\/100|[from] Recoil\n|\n|-weather|RainDance|[upkeep]\n|upkeep\n|\n|t:|1700717970\n|switch|p2a: Manaphy|Manaphy|94\/100\n|-damage|p2a: Manaphy|82\/100|[from] Stealth Rock\n|turn|19\n|\n|t:|1700717972\n|move|p1a: Basculegion|Wave Crash|p2a: Manaphy\n|-resisted|p2a: Manaphy\n|-crit|p2a: Manaphy\n|-damage|p2a: Manaphy|0 fnt\n|faint|p2a: Manaphy\n|-damage|p1a: Basculegion|50\/100|[from] Recoil\n|\n|-weather|none\n|upkeep\n|\n|t:|1700717977\n|switch|p2a: Slowking|Slowking-Galar, F|100\/100\n|-damage|p2a: Slowking|88\/100|[from] Stealth Rock\n|turn|20\n|\n|t:|1700717984\n|move|p1a: Basculegion|Wave Crash|p2a: Slowking\n|-crit|p2a: Slowking\n|-damage|p2a: Slowking|0 fnt\n|faint|p2a: Slowking\n|-damage|p1a: Basculegion|20\/100|[from] Recoil\n|\n|upkeep\n|\n|t:|1700717988\n|switch|p2a: Garganacl|Garganacl, M, tera:Fairy|41\/100\n|-damage|p2a: Garganacl|28\/100|[from] Stealth Rock\n|turn|21\n|c|\u2606Audio Peel|ggwp\n|\n|t:|1700717995\n|move|p1a: Basculegion|Wave Crash|p2a: Garganacl\n|-damage|p2a: Garganacl|0 fnt\n|faint|p2a: Garganacl\n|-damage|p1a: Basculegion|10\/100|[from] Recoil\n|\n|win|glhfOvO\n|raw|glhfOvO's rating: 1817 &rarr; <strong>1830<\/strong><br \/>(+13 for winning)\n|raw|Audio Peel's rating: 1699 &rarr; <strong>1686<\/strong><br \/>(-13 for losing)\n|c|\u2606glhfOvO|sorry\n|l|\u2606Audio Peel\n","uploadtime":1700717999,"views":11,"p1id":"glhfovo","p2id":"audiopeel","formatid":"gen9ou","rating":1686,"private":0,"password":""}