{"id":"gen9ou-1994818315","p1":"VYK3","p2":"Ghost Trainer Mars","format":"[Gen 9] OU","log":"|j|\u2606VYK3\n|j|\u2606Ghost Trainer Mars\n|t:|1700495646\n|gametype|singles\n|player|p1|VYK3|veteranf|1400\n|player|p2|Ghost Trainer Mars|clair|1322\n|teamsize|p1|6\n|teamsize|p2|6\n|gen|9\n|tier|[Gen 9] OU\n|rated|\n|rule|Sleep Clause Mod: Limit one foe put to sleep\n|rule|Species Clause: Limit one of each Pok\u00e9mon\n|rule|OHKO Clause: OHKO moves are banned\n|rule|Evasion Items Clause: Evasion items are banned\n|rule|Evasion Moves Clause: Evasion moves are banned\n|rule|Endless Battle Clause: Forcing endless battles is banned\n|rule|HP Percentage Mod: HP is shown in percentages\n|clearpoke\n|poke|p1|Dragapult, M|\n|poke|p1|Gholdengo|\n|poke|p1|Ting-Lu|\n|poke|p1|Corviknight, F|\n|poke|p1|Slowking-Galar, F|\n|poke|p1|Zapdos|\n|poke|p2|Glaceon, M|\n|poke|p2|Slowking-Galar, F|\n|poke|p2|Great Tusk|\n|poke|p2|Kingambit, M|\n|poke|p2|Volcanion|\n|poke|p2|Enamorus, F|\n|teampreview\n|inactive|Battle timer is ON: inactive players will automatically lose when time's up. (requested by VYK3)\n|\n|t:|1700495657\n|start\n|switch|p1a: Dragapult|Dragapult, M|100\/100\n|switch|p2a: Glaceon|Glaceon, M|100\/100\n|turn|1\n|\n|t:|1700495660\n|move|p1a: Dragapult|U-turn|p2a: Glaceon\n|-damage|p2a: Glaceon|82\/100\n|\n|t:|1700495662\n|switch|p1a: Gholdengo|Gholdengo|100\/100|[from] U-turn\n|move|p2a: Glaceon|Copycat|p2a: Glaceon\n|move|p2a: Glaceon|U-turn|p1a: Gholdengo|[from]move: Copycat\n|-resisted|p1a: Gholdengo\n|-damage|p1a: Gholdengo|98\/100\n|\n|t:|1700495666\n|switch|p2a: Great Tusk|Great Tusk|100\/100|[from] U-turn\n|\n|upkeep\n|turn|2\n|\n|t:|1700495669\n|switch|p1a: Corviknight|Corviknight, F|100\/100\n|-ability|p1a: Corviknight|Pressure\n|move|p2a: Great Tusk|Stealth Rock|p1a: Corviknight\n|-sidestart|p1: VYK3|move: Stealth Rock\n|\n|upkeep\n|turn|3\n|\n|t:|1700495674\n|-end|p2a: Great Tusk|Protosynthesis|[silent]\n|switch|p2a: Slowking|Slowking-Galar, F|100\/100\n|move|p1a: Corviknight|Iron Defense|p1a: Corviknight\n|-boost|p1a: Corviknight|def|2\n|\n|upkeep\n|turn|4\n|\n|t:|1700495681\n|move|p1a: Corviknight|U-turn|p2a: Slowking\n|-damage|p2a: Slowking|89\/100\n|\n|t:|1700495683\n|switch|p1a: Ting-Lu|Ting-Lu|100\/100|[from] U-turn\n|-damage|p1a: Ting-Lu|94\/100|[from] Stealth Rock\n|-ability|p1a: Ting-Lu|Vessel of Ruin\n|move|p2a: Slowking|Chilly Reception|p2a: Slowking\n|-weather|Snow\n|\n|t:|1700495686\n|switch|p2a: Glaceon|Glaceon, M|82\/100|[from] Chilly Reception\n|\n|-weather|Snow|[upkeep]\n|-heal|p2a: Glaceon|88\/100|[from] ability: Ice Body\n|-heal|p1a: Ting-Lu|100\/100|[from] item: Leftovers\n|upkeep\n|turn|5\n|\n|t:|1700495691\n|switch|p1a: Gholdengo|Gholdengo|98\/100\n|-damage|p1a: Gholdengo|92\/100|[from] Stealth Rock\n|move|p2a: Glaceon|Blizzard|p1a: Gholdengo\n|-resisted|p1a: Gholdengo\n|-damage|p1a: Gholdengo|40\/100\n|\n|-weather|Snow|[upkeep]\n|-heal|p2a: Glaceon|94\/100|[from] ability: Ice Body\n|upkeep\n|turn|6\n|\n|t:|1700495700\n|switch|p2a: Volcanion|Volcanion|100\/100\n|move|p1a: Gholdengo|Make It Rain|p2a: Volcanion\n|-resisted|p2a: Volcanion\n|-damage|p2a: Volcanion|69\/100\n|-unboost|p1a: Gholdengo|spa|1\n|\n|-weather|Snow|[upkeep]\n|upkeep\n|turn|7\n|\n|t:|1700495709\n|switch|p1a: Slowking|Slowking-Galar, F|100\/100\n|move|p2a: Volcanion|Steam Eruption|p1a: Slowking\n|-crit|p1a: Slowking\n|-damage|p1a: Slowking|41\/100\n|\n|-weather|Snow|[upkeep]\n|upkeep\n|turn|8\n|\n|t:|1700495714\n|move|p2a: Volcanion|Earth Power|p1a: Slowking\n|-supereffective|p1a: Slowking\n|-damage|p1a: Slowking|0 fnt\n|faint|p1a: Slowking\n|\n|-weather|none\n|upkeep\n|\n|t:|1700495718\n|switch|p1a: Gholdengo|Gholdengo|40\/100\n|-damage|p1a: Gholdengo|34\/100|[from] Stealth Rock\n|turn|9\n|\n|t:|1700495724\n|switch|p2a: Kingambit|Kingambit, M|100\/100\n|move|p1a: Gholdengo|Shadow Ball|p2a: Kingambit\n|-resisted|p2a: Kingambit\n|-damage|p2a: Kingambit|69\/100\n|\n|upkeep\n|turn|10\n|\n|t:|1700495730\n|switch|p1a: Zapdos|Zapdos|100\/100\n|move|p2a: Kingambit|Iron Head|p1a: Zapdos\n|-resisted|p1a: Zapdos\n|-damage|p1a: Zapdos|85\/100\n|\n|upkeep\n|turn|11\n|\n|t:|1700495736\n|-end|p2a: Kingambit|fallenundefined|[silent]\n|switch|p2a: Slowking|Slowking-Galar, F|100\/100\n|move|p1a: Zapdos|Volt Switch|p2a: Slowking\n|-damage|p2a: Slowking|81\/100\n|\n|t:|1700495738\n|switch|p1a: Ting-Lu|Ting-Lu|100\/100|[from] Volt Switch\n|-damage|p1a: Ting-Lu|94\/100|[from] Stealth Rock\n|-ability|p1a: Ting-Lu|Vessel of Ruin\n|\n|-heal|p1a: Ting-Lu|100\/100|[from] item: Leftovers\n|upkeep\n|turn|12\n|\n|t:|1700495741\n|move|p1a: Ting-Lu|Stealth Rock|p2a: Slowking\n|-sidestart|p2: Ghost Trainer Mars|move: Stealth Rock\n|move|p2a: Slowking|Future Sight|p1a: Ting-Lu\n|-start|p2a: Slowking|move: Future Sight\n|\n|upkeep\n|turn|13\n|\n|t:|1700495746\n|move|p1a: Ting-Lu|Earthquake|p2a: Slowking\n|-supereffective|p2a: Slowking\n|-damage|p2a: Slowking|19\/100\n|move|p2a: Slowking|Chilly Reception|p2a: Slowking\n|-weather|Snow\n|\n|t:|1700495750\n|switch|p2a: Great Tusk|Great Tusk|100\/100|[from] Chilly Reception\n|-damage|p2a: Great Tusk|97\/100|[from] Stealth Rock\n|\n|-weather|Snow|[upkeep]\n|upkeep\n|turn|14\n|\n|t:|1700495755\n|move|p2a: Great Tusk|Earthquake|p1a: Ting-Lu\n|-damage|p1a: Ting-Lu|79\/100\n|move|p1a: Ting-Lu|Ruination|p2a: Great Tusk\n|-damage|p2a: Great Tusk|49\/100\n|\n|-weather|Snow|[upkeep]\n|-end|p1a: Ting-Lu|move: Future Sight\n|-immune|p1a: Ting-Lu\n|-heal|p1a: Ting-Lu|85\/100|[from] item: Leftovers\n|upkeep\n|turn|15\n|\n|t:|1700495760\n|switch|p1a: Dragapult|Dragapult, M|100\/100\n|move|p2a: Great Tusk|Rapid Spin|p1a: Dragapult\n|-immune|p1a: Dragapult\n|\n|-weather|Snow|[upkeep]\n|upkeep\n|turn|16\n|\n|t:|1700495763\n|move|p1a: Dragapult|Draco Meteor|p2a: Great Tusk\n|-damage|p2a: Great Tusk|0 fnt\n|-unboost|p1a: Dragapult|spa|2\n|faint|p2a: Great Tusk\n|-end|p2a: Great Tusk|Protosynthesis|[silent]\n|\n|-weather|Snow|[upkeep]\n|upkeep\n|\n|t:|1700495766\n|switch|p2a: Glaceon|Glaceon, M|94\/100\n|-damage|p2a: Glaceon|69\/100|[from] Stealth Rock\n|turn|17\n|\n|t:|1700495772\n|switch|p1a: Corviknight|Corviknight, F|100\/100\n|-damage|p1a: Corviknight|88\/100|[from] Stealth Rock\n|-ability|p1a: Corviknight|Pressure\n|move|p2a: Glaceon|Blizzard|p1a: Corviknight\n|-damage|p1a: Corviknight|0 fnt\n|faint|p1a: Corviknight\n|\n|-weather|none\n|upkeep\n|\n|t:|1700495779\n|switch|p1a: Gholdengo|Gholdengo|34\/100\n|-damage|p1a: Gholdengo|28\/100|[from] Stealth Rock\n|turn|18\n|\n|t:|1700495782\n|switch|p2a: Kingambit|Kingambit, M|69\/100\n|-damage|p2a: Kingambit|63\/100|[from] Stealth Rock\n|-activate|p2a: Kingambit|ability: Supreme Overlord\n|-start|p2a: Kingambit|fallen1|[silent]\n|move|p1a: Gholdengo|Shadow Ball|p2a: Kingambit\n|-resisted|p2a: Kingambit\n|-damage|p2a: Kingambit|30\/100\n|\n|upkeep\n|turn|19\n|\n|t:|1700495790\n|move|p1a: Gholdengo|Shadow Ball|p2a: Kingambit\n|-resisted|p2a: Kingambit\n|-damage|p2a: Kingambit|0 fnt\n|faint|p2a: Kingambit\n|-end|p2a: Kingambit|fallen1|[silent]\n|\n|upkeep\n|\n|t:|1700495794\n|switch|p2a: Glaceon|Glaceon, M|69\/100\n|-damage|p2a: Glaceon|44\/100|[from] Stealth Rock\n|turn|20\n|\n|t:|1700495801\n|move|p1a: Gholdengo|Shadow Ball|p2a: Glaceon\n|-damage|p2a: Glaceon|0 fnt\n|faint|p2a: Glaceon\n|\n|upkeep\n|\n|t:|1700495807\n|switch|p2a: Volcanion|Volcanion|69\/100\n|turn|21\n|\n|t:|1700495809\n|move|p1a: Gholdengo|Shadow Ball|p2a: Volcanion\n|-damage|p2a: Volcanion|0 fnt\n|faint|p2a: Volcanion\n|\n|upkeep\n|\n|t:|1700495816\n|switch|p2a: Enamorus|Enamorus, F|100\/100\n|-damage|p2a: Enamorus|76\/100|[from] Stealth Rock\n|turn|22\n|\n|t:|1700495820\n|-terastallize|p2a: Enamorus|Fairy\n|move|p2a: Enamorus|Moonblast|p1a: Gholdengo\n|-resisted|p1a: Gholdengo\n|-damage|p1a: Gholdengo|0 fnt\n|faint|p1a: Gholdengo\n|\n|upkeep\n|\n|t:|1700495822\n|switch|p1a: Ting-Lu|Ting-Lu|85\/100\n|-damage|p1a: Ting-Lu|79\/100|[from] Stealth Rock\n|-ability|p1a: Ting-Lu|Vessel of Ruin\n|turn|23\n|\n|t:|1700495824\n|-terastallize|p1a: Ting-Lu|Water\n|move|p2a: Enamorus|Moonblast|p1a: Ting-Lu\n|-damage|p1a: Ting-Lu|49\/100\n|move|p1a: Ting-Lu|Earthquake|p2a: Enamorus\n|-damage|p2a: Enamorus|16\/100\n|\n|-heal|p1a: Ting-Lu|55\/100|[from] item: Leftovers\n|upkeep\n|turn|24\n|\n|t:|1700495831\n|move|p2a: Enamorus|Moonblast|p1a: Ting-Lu\n|-damage|p1a: Ting-Lu|22\/100\n|move|p1a: Ting-Lu|Earthquake|p2a: Enamorus\n|-damage|p2a: Enamorus|0 fnt\n|faint|p2a: Enamorus\n|\n|-heal|p1a: Ting-Lu|28\/100|[from] item: Leftovers\n|upkeep\n|-message|Ghost Trainer Mars forfeited.\n|\n|win|VYK3\n|raw|VYK3's rating: 1400 &rarr; <strong>1416<\/strong><br \/>(+16 for winning)\n|raw|Ghost Trainer Mars's rating: 1322 &rarr; <strong>1306<\/strong><br \/>(-16 for losing)\n|l|\u2606Ghost Trainer Mars\n","uploadtime":1700495845,"views":18,"p1id":"vyk3","p2id":"ghosttrainermars","formatid":"gen9ou","rating":1306,"private":0,"password":""}