{"id":"gen9ou-1995596971","p1":"TheDarkMasterUwU","p2":"PLAYB0I R0BBIE B","format":"[Gen 9] OU","log":"|j|\u2606TheDarkMasterUwU\n|j|\u2606PLAYB0I R0BBIE B\n|t:|1700586107\n|gametype|singles\n|player|p1|TheDarkMasterUwU|170|1352\n|player|p2|PLAYB0I R0BBIE B|eusine|1373\n|teamsize|p1|6\n|teamsize|p2|6\n|gen|9\n|tier|[Gen 9] OU\n|rated|\n|rule|Sleep Clause Mod: Limit one foe put to sleep\n|rule|Species Clause: Limit one of each Pok\u00e9mon\n|rule|OHKO Clause: OHKO moves are banned\n|rule|Evasion Items Clause: Evasion items are banned\n|rule|Evasion Moves Clause: Evasion moves are banned\n|rule|Endless Battle Clause: Forcing endless battles is banned\n|rule|HP Percentage Mod: HP is shown in percentages\n|clearpoke\n|poke|p1|Kingambit, F|\n|poke|p1|Great Tusk|\n|poke|p1|Dragapult, F|\n|poke|p1|Ogerpon-Wellspring, F|\n|poke|p1|Blissey, F|\n|poke|p1|Zapdos|\n|poke|p2|Meowscarada, F|\n|poke|p2|Heatran, F|\n|poke|p2|Thundurus-Therian, M|\n|poke|p2|Dragapult, F|\n|poke|p2|Great Tusk|\n|poke|p2|Azumarill, F|\n|teampreview\n|\n|t:|1700586115\n|start\n|switch|p1a: Dragapult|Dragapult, F|100\/100\n|switch|p2a: CAN'T SAY|Azumarill, F|100\/100\n|turn|1\n|\n|t:|1700586124\n|move|p1a: Dragapult|Shadow Ball|p2a: CAN'T SAY\n|-damage|p2a: CAN'T SAY|64\/100\n|-unboost|p2a: CAN'T SAY|spd|1\n|move|p2a: CAN'T SAY|Play Rough|p1a: Dragapult|[miss]\n|-miss|p2a: CAN'T SAY|p1a: Dragapult\n|\n|upkeep\n|turn|2\n|inactive|Battle timer is ON: inactive players will automatically lose when time's up. (requested by PLAYB0I R0BBIE B)\n|\n|t:|1700586130\n|move|p1a: Dragapult|Shadow Ball|p2a: CAN'T SAY\n|-damage|p2a: CAN'T SAY|13\/100\n|move|p2a: CAN'T SAY|Play Rough|p1a: Dragapult\n|-supereffective|p1a: Dragapult\n|-damage|p1a: Dragapult|0 fnt\n|faint|p1a: Dragapult\n|\n|upkeep\n|\n|t:|1700586136\n|switch|p1a: Ogerpon|Ogerpon-Wellspring, F|100\/100\n|turn|3\n|\n|t:|1700586142\n|switch|p2a: NO BYSTANDERS|Dragapult, F|100\/100\n|move|p1a: Ogerpon|Ivy Cudgel|p2a: NO BYSTANDERS|[anim] Ivy Cudgel Water\n|-resisted|p2a: NO BYSTANDERS\n|-damage|p2a: NO BYSTANDERS|54\/100\n|\n|upkeep\n|turn|4\n|\n|t:|1700586147\n|switch|p1a: Blissey|Blissey, F|100\/100\n|move|p2a: NO BYSTANDERS|U-turn|p1a: Blissey\n|-damage|p1a: Blissey|85\/100\n|\n|t:|1700586174\n|switch|p2a: SICKO MODE|Meowscarada, F|100\/100|[from] U-turn\n|\n|upkeep\n|turn|5\n|\n|t:|1700586179\n|switch|p1a: Zapdos|Zapdos|100\/100\n|move|p2a: SICKO MODE|Knock Off|p1a: Zapdos\n|-start|p2a: SICKO MODE|typechange|Dark|[from] ability: Protean\n|-damage|p1a: Zapdos|47\/100\n|-enditem|p1a: Zapdos|Heavy-Duty Boots|[from] move: Knock Off|[of] p2a: SICKO MODE\n|\n|upkeep\n|turn|6\n|\n|t:|1700586188\n|move|p2a: SICKO MODE|Knock Off|p1a: Zapdos\n|-damage|p1a: Zapdos|11\/100\n|-status|p2a: SICKO MODE|par|[from] ability: Static|[of] p1a: Zapdos\n|move|p1a: Zapdos|Roost|p1a: Zapdos\n|-heal|p1a: Zapdos|61\/100\n|-singleturn|p1a: Zapdos|move: Roost\n|\n|upkeep\n|turn|7\n|\n|t:|1700586192\n|switch|p2a: ASTROTHUNDER|Thundurus-Therian, M|100\/100\n|move|p1a: Zapdos|Roost|p1a: Zapdos\n|-heal|p1a: Zapdos|100\/100\n|-singleturn|p1a: Zapdos|move: Roost\n|\n|upkeep\n|turn|8\n|\n|t:|1700586198\n|-terastallize|p2a: ASTROTHUNDER|Flying\n|move|p2a: ASTROTHUNDER|Tera Blast|p1a: Zapdos|[anim] Tera Blast Flying\n|-resisted|p1a: Zapdos\n|-damage|p1a: Zapdos|56\/100\n|move|p1a: Zapdos|Volt Switch|p2a: ASTROTHUNDER\n|-immune|p2a: ASTROTHUNDER|[from] ability: Volt Absorb\n|\n|upkeep\n|turn|9\n|\n|t:|1700586212\n|move|p2a: ASTROTHUNDER|Tera Blast|p1a: Zapdos|[anim] Tera Blast Flying\n|-resisted|p1a: Zapdos\n|-crit|p1a: Zapdos\n|-damage|p1a: Zapdos|0 fnt\n|faint|p1a: Zapdos\n|\n|upkeep\n|\n|t:|1700586220\n|switch|p1a: Ogerpon|Ogerpon-Wellspring, F|100\/100\n|turn|10\n|\n|t:|1700586227\n|switch|p2a: CAN'T SAY|Azumarill, F|13\/100\n|move|p1a: Ogerpon|Ivy Cudgel|p2a: CAN'T SAY|[anim] Ivy Cudgel Water\n|-resisted|p2a: CAN'T SAY\n|-damage|p2a: CAN'T SAY|0 fnt\n|faint|p2a: CAN'T SAY\n|\n|upkeep\n|\n|t:|1700586232\n|switch|p2a: NO BYSTANDERS|Dragapult, F|54\/100\n|turn|11\n|\n|t:|1700586236\n|move|p2a: NO BYSTANDERS|U-turn|p1a: Ogerpon\n|-supereffective|p1a: Ogerpon\n|-damage|p1a: Ogerpon|55\/100\n|\n|t:|1700586240\n|switch|p2a: SICKO MODE|Meowscarada, F|100\/100 par|[from] U-turn\n|move|p1a: Ogerpon|U-turn|p2a: SICKO MODE\n|-supereffective|p2a: SICKO MODE\n|-damage|p2a: SICKO MODE|0 fnt\n|faint|p2a: SICKO MODE\n|\n|t:|1700586253\n|switch|p1a: Great Tusk|Great Tusk|100\/100|[from] U-turn\n|\n|upkeep\n|\n|t:|1700586257\n|switch|p2a: ASTROTHUNDER|Thundurus-Therian, M, tera:Flying|100\/100\n|turn|12\n|\n|t:|1700586267\n|-end|p1a: Great Tusk|Protosynthesis|[silent]\n|switch|p1a: Blissey|Blissey, F|85\/100\n|move|p2a: ASTROTHUNDER|Tera Blast|p1a: Blissey|[anim] Tera Blast Flying\n|-damage|p1a: Blissey|49\/100\n|\n|upkeep\n|turn|13\n|\n|t:|1700586270\n|move|p2a: ASTROTHUNDER|Tera Blast|p1a: Blissey|[anim] Tera Blast Flying\n|-damage|p1a: Blissey|17\/100\n|move|p1a: Blissey|Soft-Boiled|p1a: Blissey\n|-heal|p1a: Blissey|67\/100\n|\n|upkeep\n|turn|14\n|\n|t:|1700586273\n|switch|p2a: 5% TINT|Heatran, F|100\/100\n|-item|p2a: 5% TINT|Air Balloon\n|move|p1a: Blissey|Soft-Boiled|p1a: Blissey\n|-heal|p1a: Blissey|100\/100\n|\n|upkeep\n|turn|15\n|\n|t:|1700586278\n|move|p2a: 5% TINT|Magma Storm|p1a: Blissey\n|-damage|p1a: Blissey|82\/100\n|-activate|p1a: Blissey|move: Magma Storm|[of] p2a: 5% TINT\n|move|p1a: Blissey|Seismic Toss|p2a: 5% TINT\n|-damage|p2a: 5% TINT|73\/100\n|-enditem|p2a: 5% TINT|Air Balloon\n|\n|-damage|p1a: Blissey|70\/100|[from] move: Magma Storm|[partiallytrapped]\n|upkeep\n|turn|16\n|\n|t:|1700586282\n|move|p2a: 5% TINT|Taunt|p1a: Blissey\n|-start|p1a: Blissey|move: Taunt\n|cant|p1a: Blissey|move: Taunt|Stealth Rock\n|\n|-damage|p1a: Blissey|57\/100|[from] move: Magma Storm|[partiallytrapped]\n|upkeep\n|turn|17\n|\n|t:|1700586287\n|move|p2a: 5% TINT|Magma Storm|p1a: Blissey\n|-damage|p1a: Blissey|36\/100\n|move|p1a: Blissey|Seismic Toss|p2a: 5% TINT\n|-damage|p2a: 5% TINT|45\/100\n|\n|-damage|p1a: Blissey|24\/100|[from] move: Magma Storm|[partiallytrapped]\n|upkeep\n|turn|18\n|\n|t:|1700586290\n|move|p2a: 5% TINT|Magma Storm|p1a: Blissey\n|-damage|p1a: Blissey|4\/100\n|move|p1a: Blissey|Seismic Toss|p2a: 5% TINT\n|-damage|p2a: 5% TINT|17\/100\n|\n|-damage|p1a: Blissey|0 fnt|[from] move: Magma Storm|[partiallytrapped]\n|faint|p1a: Blissey\n|upkeep\n|\n|t:|1700586295\n|switch|p1a: Ogerpon|Ogerpon-Wellspring, F|55\/100\n|turn|19\n|\n|t:|1700586298\n|move|p1a: Ogerpon|Ivy Cudgel|p2a: 5% TINT|[anim] Ivy Cudgel Water\n|-supereffective|p2a: 5% TINT\n|-damage|p2a: 5% TINT|0 fnt\n|faint|p2a: 5% TINT\n|\n|upkeep\n|\n|t:|1700586301\n|switch|p2a: NO BYSTANDERS|Dragapult, F|54\/100\n|turn|20\n|\n|t:|1700586305\n|move|p2a: NO BYSTANDERS|U-turn|p1a: Ogerpon\n|-supereffective|p1a: Ogerpon\n|-damage|p1a: Ogerpon|4\/100\n|\n|t:|1700586310\n|switch|p2a: ASTROTHUNDER|Thundurus-Therian, M, tera:Flying|100\/100|[from] U-turn\n|move|p1a: Ogerpon|U-turn|p2a: ASTROTHUNDER\n|-resisted|p2a: ASTROTHUNDER\n|-damage|p2a: ASTROTHUNDER|79\/100\n|\n|t:|1700586313\n|switch|p1a: Kingambit|Kingambit, F|100\/100|[from] U-turn\n|-activate|p1a: Kingambit|ability: Supreme Overlord\n|-start|p1a: Kingambit|fallen3|[silent]\n|\n|upkeep\n|turn|21\n|\n|t:|1700586321\n|switch|p2a: YOSEMITE|Great Tusk|100\/100\n|-terastallize|p1a: Kingambit|Dark\n|move|p1a: Kingambit|Kowtow Cleave|p2a: YOSEMITE\n|-resisted|p2a: YOSEMITE\n|-damage|p2a: YOSEMITE|68\/100\n|\n|upkeep\n|turn|22\n|\n|t:|1700586329\n|-end|p1a: Kingambit|fallen3|[silent]\n|switch|p1a: Great Tusk|Great Tusk|100\/100\n|move|p2a: YOSEMITE|Rapid Spin|p1a: Great Tusk\n|-damage|p1a: Great Tusk|90\/100\n|-boost|p2a: YOSEMITE|spe|1\n|\n|-heal|p1a: Great Tusk|96\/100|[from] item: Leftovers\n|upkeep\n|turn|23\n|\n|t:|1700586335\n|-end|p2a: YOSEMITE|Protosynthesis|[silent]\n|switch|p2a: ASTROTHUNDER|Thundurus-Therian, M, tera:Flying|79\/100\n|move|p1a: Great Tusk|Knock Off|p2a: ASTROTHUNDER\n|-damage|p2a: ASTROTHUNDER|36\/100\n|-enditem|p2a: ASTROTHUNDER|Choice Specs|[from] move: Knock Off|[of] p1a: Great Tusk\n|\n|-heal|p1a: Great Tusk|100\/100|[from] item: Leftovers\n|upkeep\n|turn|24\n|\n|t:|1700586347\n|move|p2a: ASTROTHUNDER|Tera Blast|p1a: Great Tusk|[anim] Tera Blast Flying\n|-supereffective|p1a: Great Tusk\n|-damage|p1a: Great Tusk|0 fnt\n|faint|p1a: Great Tusk\n|-end|p1a: Great Tusk|Protosynthesis|[silent]\n|\n|upkeep\n|\n|t:|1700586358\n|switch|p1a: Kingambit|Kingambit, F, tera:Dark|100\/100\n|-activate|p1a: Kingambit|ability: Supreme Overlord\n|-start|p1a: Kingambit|fallen4|[silent]\n|turn|25\n|\n|t:|1700586365\n|move|p2a: ASTROTHUNDER|Volt Switch|p1a: Kingambit\n|-damage|p1a: Kingambit|55\/100\n|\n|t:|1700586368\n|switch|p2a: YOSEMITE|Great Tusk|68\/100|[from] Volt Switch\n|move|p1a: Kingambit|Iron Head|p2a: YOSEMITE\n|-damage|p2a: YOSEMITE|17\/100\n|\n|upkeep\n|turn|26\n|\n|t:|1700586376\n|move|p1a: Kingambit|Sucker Punch|p2a: YOSEMITE\n|-resisted|p2a: YOSEMITE\n|-damage|p2a: YOSEMITE|0 fnt\n|faint|p2a: YOSEMITE\n|-end|p2a: YOSEMITE|Protosynthesis|[silent]\n|\n|upkeep\n|\n|t:|1700586384\n|switch|p2a: NO BYSTANDERS|Dragapult, F|54\/100\n|turn|27\n|\n|t:|1700586387\n|move|p1a: Kingambit|Sucker Punch||[still]\n|-fail|p1a: Kingambit\n|move|p2a: NO BYSTANDERS|Thunder Wave|p1a: Kingambit\n|-status|p1a: Kingambit|par\n|\n|upkeep\n|turn|28\n|\n|t:|1700586395\n|switch|p2a: ASTROTHUNDER|Thundurus-Therian, M, tera:Flying|36\/100\n|cant|p1a: Kingambit|par\n|\n|upkeep\n|turn|29\n|\n|t:|1700586402\n|move|p2a: ASTROTHUNDER|Volt Switch|p1a: Kingambit\n|-damage|p1a: Kingambit|15\/100 par\n|\n|t:|1700586408\n|switch|p2a: NO BYSTANDERS|Dragapult, F|54\/100|[from] Volt Switch\n|move|p1a: Kingambit|Kowtow Cleave|p2a: NO BYSTANDERS\n|-supereffective|p2a: NO BYSTANDERS\n|-damage|p2a: NO BYSTANDERS|0 fnt\n|faint|p2a: NO BYSTANDERS\n|\n|upkeep\n|\n|t:|1700586410\n|switch|p2a: ASTROTHUNDER|Thundurus-Therian, M, tera:Flying|36\/100\n|turn|30\n|\n|t:|1700586418\n|move|p1a: Kingambit|Sucker Punch|p2a: ASTROTHUNDER\n|-crit|p2a: ASTROTHUNDER\n|-damage|p2a: ASTROTHUNDER|0 fnt\n|faint|p2a: ASTROTHUNDER\n|\n|win|TheDarkMasterUwU\n|raw|TheDarkMasterUwU's rating: 1352 &rarr; <strong>1373<\/strong><br \/>(+21 for winning)\n|raw|PLAYB0I R0BBIE B's rating: 1373 &rarr; <strong>1352<\/strong><br \/>(-21 for losing)\n|l|\u2606TheDarkMasterUwU\n","uploadtime":1700586426,"views":1,"p1id":"thedarkmasteruwu","p2id":"playb0ir0bbieb","formatid":"gen9ou","rating":1352,"private":0,"password":""}