{"id":"gen9ou-1993798781","p1":"blinnemon","p2":"Leckasos","format":"[Gen 9] OU","log":"|j|\u2606blinnemon\n|j|\u2606Leckasos\n|t:|1700358617\n|gametype|singles\n|player|p1|blinnemon|lance-gen3|1518\n|player|p2|Leckasos|swimmerf-gen4dp|1568\n|teamsize|p1|6\n|teamsize|p2|6\n|gen|9\n|tier|[Gen 9] OU\n|rated|\n|rule|Sleep Clause Mod: Limit one foe put to sleep\n|rule|Species Clause: Limit one of each Pok\u00e9mon\n|rule|OHKO Clause: OHKO moves are banned\n|rule|Evasion Items Clause: Evasion items are banned\n|rule|Evasion Moves Clause: Evasion moves are banned\n|rule|Endless Battle Clause: Forcing endless battles is banned\n|rule|HP Percentage Mod: HP is shown in percentages\n|clearpoke\n|poke|p1|Maushold|\n|poke|p1|Samurott-Hisui, M|\n|poke|p1|Kingambit, M|\n|poke|p1|Garganacl, F|\n|poke|p1|Amoonguss, M|\n|poke|p1|Weavile, F|\n|poke|p2|Iron Treads|\n|poke|p2|Ceruledge, F|\n|poke|p2|Rillaboom, F|\n|poke|p2|Iron Valiant|\n|poke|p2|Iron Moth|\n|poke|p2|Kingambit, F|\n|teampreview\n|inactive|Battle timer is ON: inactive players will automatically lose when time's up. (requested by Leckasos)\n|\n|t:|1700358628\n|start\n|switch|p1a: Samurott|Samurott-Hisui, M, shiny|100\/100\n|switch|p2a: Iron Treads|Iron Treads|100\/100\n|-enditem|p2a: Iron Treads|Booster Energy\n|-activate|p2a: Iron Treads|ability: Quark Drive|[fromitem]\n|-start|p2a: Iron Treads|quarkdrivespe\n|turn|1\n|\n|t:|1700358634\n|move|p2a: Iron Treads|Stealth Rock|p1a: Samurott\n|-sidestart|p1: blinnemon|move: Stealth Rock\n|move|p1a: Samurott|Aqua Cutter|p2a: Iron Treads\n|-supereffective|p2a: Iron Treads\n|-crit|p2a: Iron Treads\n|-damage|p2a: Iron Treads|0 fnt\n|faint|p2a: Iron Treads\n|-end|p2a: Iron Treads|Quark Drive|[silent]\n|\n|upkeep\n|\n|t:|1700358643\n|switch|p2a: Rillaboom|Rillaboom, F|100\/100\n|-fieldstart|move: Grassy Terrain|[from] ability: Grassy Surge|[of] p2a: Rillaboom\n|turn|2\n|j| Kyurem\n|inactive|blinnemon has 120 seconds left.\n|c|\u2606Leckasos|Play please\n|\n|t:|1700358676\n|switch|p1a: Kingambit|Kingambit, M|100\/100\n|-damage|p1a: Kingambit|94\/100|[from] Stealth Rock\n|move|p2a: Rillaboom|U-turn|p1a: Kingambit\n|-damage|p1a: Kingambit|62\/100\n|\n|t:|1700358689\n|switch|p2a: Ceruledge|Ceruledge, F|100\/100|[from] U-turn\n|\n|-heal|p1a: Kingambit|68\/100|[from] Grassy Terrain\n|-heal|p1a: Kingambit|74\/100|[from] item: Leftovers\n|upkeep\n|turn|3\n|j| SandGetsEverywhere\n|\n|t:|1700358703\n|-end|p1a: Kingambit|fallenundefined|[silent]\n|switch|p1a: Garganacl|Garganacl, F|100\/100\n|-damage|p1a: Garganacl|88\/100|[from] Stealth Rock\n|move|p2a: Ceruledge|Bitter Blade|p1a: Garganacl\n|-resisted|p1a: Garganacl\n|-damage|p1a: Garganacl|71\/100\n|\n|-heal|p1a: Garganacl|77\/100|[from] Grassy Terrain\n|-heal|p1a: Garganacl|84\/100|[from] item: Leftovers\n|upkeep\n|turn|4\n|l| SandGetsEverywhere\n|\n|t:|1700358730\n|move|p2a: Ceruledge|Poltergeist|p1a: Garganacl\n|-activate|p1a: Garganacl|move: Poltergeist|Leftovers\n|-damage|p1a: Garganacl|62\/100\n|move|p1a: Garganacl|Salt Cure|p2a: Ceruledge\n|-supereffective|p2a: Ceruledge\n|-damage|p2a: Ceruledge|63\/100\n|-start|p2a: Ceruledge|Salt Cure\n|-ability|p2a: Ceruledge|Weak Armor|boost\n|-unboost|p2a: Ceruledge|def|1\n|-boost|p2a: Ceruledge|spe|2\n|\n|-heal|p2a: Ceruledge|70\/100|[from] Grassy Terrain\n|-heal|p1a: Garganacl|68\/100|[from] Grassy Terrain\n|-heal|p1a: Garganacl|74\/100|[from] item: Leftovers\n|-damage|p2a: Ceruledge|57\/100|[from] Salt Cure\n|upkeep\n|turn|5\n|\n|t:|1700358737\n|move|p2a: Ceruledge|Poltergeist|p1a: Garganacl|[miss]\n|-miss|p2a: Ceruledge|p1a: Garganacl\n|move|p1a: Garganacl|Recover|p1a: Garganacl\n|-heal|p1a: Garganacl|100\/100\n|\n|-heal|p2a: Ceruledge|63\/100|[from] Grassy Terrain\n|-damage|p2a: Ceruledge|51\/100|[from] Salt Cure\n|upkeep\n|turn|6\n|\n|t:|1700358744\n|move|p2a: Ceruledge|Poltergeist|p1a: Garganacl\n|-activate|p1a: Garganacl|move: Poltergeist|Leftovers\n|-damage|p1a: Garganacl|80\/100\n|move|p1a: Garganacl|Iron Defense|p1a: Garganacl\n|-boost|p1a: Garganacl|def|2\n|\n|-heal|p2a: Ceruledge|57\/100|[from] Grassy Terrain\n|-heal|p1a: Garganacl|87\/100|[from] Grassy Terrain\n|-heal|p1a: Garganacl|93\/100|[from] item: Leftovers\n|-damage|p2a: Ceruledge|45\/100|[from] Salt Cure\n|-fieldend|move: Grassy Terrain\n|upkeep\n|turn|7\n|\n|t:|1700358749\n|switch|p2a: Iron Valiant|Iron Valiant|100\/100\n|-enditem|p2a: Iron Valiant|Booster Energy\n|-activate|p2a: Iron Valiant|ability: Quark Drive|[fromitem]\n|-start|p2a: Iron Valiant|quarkdrivespe\n|move|p1a: Garganacl|Salt Cure|p2a: Iron Valiant\n|-resisted|p2a: Iron Valiant\n|-damage|p2a: Iron Valiant|91\/100\n|-start|p2a: Iron Valiant|Salt Cure\n|\n|-heal|p1a: Garganacl|99\/100|[from] item: Leftovers\n|-damage|p2a: Iron Valiant|79\/100|[from] Salt Cure\n|upkeep\n|turn|8\n|\n|t:|1700358759\n|move|p2a: Iron Valiant|Encore|p1a: Garganacl\n|-start|p1a: Garganacl|Encore\n|move|p1a: Garganacl|Salt Cure|p2a: Iron Valiant\n|-resisted|p2a: Iron Valiant\n|-damage|p2a: Iron Valiant|69\/100\n|\n|-heal|p1a: Garganacl|100\/100|[from] item: Leftovers\n|-damage|p2a: Iron Valiant|57\/100|[from] Salt Cure\n|upkeep\n|turn|9\n|\n|t:|1700358764\n|move|p2a: Iron Valiant|Moonblast|p1a: Garganacl\n|-damage|p1a: Garganacl|71\/100\n|move|p1a: Garganacl|Salt Cure|p2a: Iron Valiant\n|-resisted|p2a: Iron Valiant\n|-damage|p2a: Iron Valiant|49\/100\n|\n|-heal|p1a: Garganacl|77\/100|[from] item: Leftovers\n|-damage|p2a: Iron Valiant|36\/100|[from] Salt Cure\n|upkeep\n|turn|10\n|\n|t:|1700358767\n|-end|p2a: Iron Valiant|Quark Drive|[silent]\n|switch|p2a: Ceruledge|Ceruledge, F|45\/100\n|move|p1a: Garganacl|Salt Cure|p2a: Ceruledge\n|-supereffective|p2a: Ceruledge\n|-damage|p2a: Ceruledge|6\/100\n|-start|p2a: Ceruledge|Salt Cure\n|-ability|p2a: Ceruledge|Weak Armor|boost\n|-unboost|p2a: Ceruledge|def|1\n|-boost|p2a: Ceruledge|spe|2\n|\n|-heal|p1a: Garganacl|83\/100|[from] item: Leftovers\n|-damage|p2a: Ceruledge|0 fnt|[from] Salt Cure\n|faint|p2a: Ceruledge\n|-end|p1a: Garganacl|Encore\n|upkeep\n|c|\u2606blinnemon|PLAY\n|\n|t:|1700358776\n|switch|p2a: Rillaboom|Rillaboom, F|100\/100\n|-fieldstart|move: Grassy Terrain|[from] ability: Grassy Surge|[of] p2a: Rillaboom\n|turn|11\n|c|\u2606blinnemon|PELASE\n|c|\u2606Leckasos|Ok\n|c|\u2606Leckasos|*please\n|\n|t:|1700358794\n|switch|p1a: Kingambit|Kingambit, M|74\/100\n|-damage|p1a: Kingambit|68\/100|[from] Stealth Rock\n|move|p2a: Rillaboom|Wood Hammer|p1a: Kingambit\n|-resisted|p1a: Kingambit\n|-damage|p1a: Kingambit|10\/100\n|-damage|p2a: Rillaboom|81\/100|[from] Recoil\n|\n|-heal|p2a: Rillaboom|88\/100|[from] Grassy Terrain\n|-heal|p1a: Kingambit|16\/100|[from] Grassy Terrain\n|-heal|p1a: Kingambit|22\/100|[from] item: Leftovers\n|upkeep\n|turn|12\n|\n|t:|1700358801\n|move|p1a: Kingambit|Sucker Punch|p2a: Rillaboom\n|-damage|p2a: Rillaboom|40\/100\n|move|p2a: Rillaboom|Wood Hammer|p1a: Kingambit\n|-resisted|p1a: Kingambit\n|-damage|p1a: Kingambit|0 fnt\n|faint|p1a: Kingambit\n|-end|p1a: Kingambit|fallenundefined|[silent]\n|-damage|p2a: Rillaboom|33\/100|[from] Recoil\n|\n|-heal|p2a: Rillaboom|39\/100|[from] Grassy Terrain\n|upkeep\n|\n|t:|1700358819\n|switch|p1a: Weavile|Weavile, F|100\/100\n|-ability|p1a: Weavile|Pressure\n|turn|13\n|\n|t:|1700358830\n|move|p1a: Weavile|Ice Shard|p2a: Rillaboom\n|-supereffective|p2a: Rillaboom\n|-damage|p2a: Rillaboom|0 fnt\n|faint|p2a: Rillaboom\n|\n|upkeep\n|\n|t:|1700358832\n|switch|p2a: Iron Moth|Iron Moth|100\/100\n|-enditem|p2a: Iron Moth|Booster Energy\n|-activate|p2a: Iron Moth|ability: Quark Drive|[fromitem]\n|-start|p2a: Iron Moth|quarkdrivespe\n|turn|14\n|\n|t:|1700358844\n|switch|p1a: Garganacl|Garganacl, F|83\/100\n|-damage|p1a: Garganacl|71\/100|[from] Stealth Rock\n|move|p2a: Iron Moth|Fiery Dance|p1a: Garganacl\n|-resisted|p1a: Garganacl\n|-damage|p1a: Garganacl|57\/100\n|\n|-heal|p1a: Garganacl|63\/100|[from] Grassy Terrain\n|-heal|p1a: Garganacl|69\/100|[from] item: Leftovers\n|upkeep\n|turn|15\n|\n|t:|1700358850\n|move|p2a: Iron Moth|Energy Ball|p1a: Garganacl\n|-supereffective|p1a: Garganacl\n|-damage|p1a: Garganacl|22\/100\n|move|p1a: Garganacl|Recover|p1a: Garganacl\n|-heal|p1a: Garganacl|72\/100\n|\n|-heal|p1a: Garganacl|78\/100|[from] Grassy Terrain\n|-heal|p1a: Garganacl|84\/100|[from] item: Leftovers\n|-fieldend|move: Grassy Terrain\n|upkeep\n|turn|16\n|\n|t:|1700358860\n|move|p2a: Iron Moth|Energy Ball|p1a: Garganacl\n|-supereffective|p1a: Garganacl\n|-crit|p1a: Garganacl\n|-damage|p1a: Garganacl|25\/100\n|move|p1a: Garganacl|Recover|p1a: Garganacl\n|-heal|p1a: Garganacl|75\/100\n|\n|-heal|p1a: Garganacl|81\/100|[from] item: Leftovers\n|upkeep\n|turn|17\n|\n|t:|1700358864\n|move|p2a: Iron Moth|Energy Ball|p1a: Garganacl\n|-supereffective|p1a: Garganacl\n|-damage|p1a: Garganacl|42\/100\n|move|p1a: Garganacl|Recover|p1a: Garganacl\n|-heal|p1a: Garganacl|92\/100\n|\n|-heal|p1a: Garganacl|98\/100|[from] item: Leftovers\n|upkeep\n|turn|18\n|\n|t:|1700358868\n|move|p2a: Iron Moth|Energy Ball|p1a: Garganacl\n|-supereffective|p1a: Garganacl\n|-damage|p1a: Garganacl|57\/100\n|-unboost|p1a: Garganacl|spd|1\n|move|p1a: Garganacl|Salt Cure|p2a: Iron Moth\n|-supereffective|p2a: Iron Moth\n|-damage|p2a: Iron Moth|57\/100\n|-start|p2a: Iron Moth|Salt Cure\n|\n|-heal|p1a: Garganacl|63\/100|[from] item: Leftovers\n|-damage|p2a: Iron Moth|44\/100|[from] Salt Cure\n|upkeep\n|turn|19\n|\n|t:|1700358891\n|-end|p2a: Iron Moth|Quark Drive|[silent]\n|switch|p2a: Iron Valiant|Iron Valiant|36\/100\n|switch|p1a: Amoonguss|Amoonguss, M, shiny|100\/100\n|-damage|p1a: Amoonguss|88\/100|[from] Stealth Rock\n|\n|upkeep\n|turn|20\n|\n|t:|1700358897\n|move|p2a: Iron Valiant|Destiny Bond|p2a: Iron Valiant\n|-singlemove|p2a: Iron Valiant|Destiny Bond\n|move|p1a: Amoonguss|Sludge Bomb|p2a: Iron Valiant\n|-supereffective|p2a: Iron Valiant\n|-damage|p2a: Iron Valiant|0 fnt\n|faint|p2a: Iron Valiant\n|-activate|p2a: Iron Valiant|move: Destiny Bond\n|-end|p2a: Iron Valiant|Quark Drive|[silent]\n|faint|p1a: Amoonguss\n|\n|upkeep\n|inactive|blinnemon has 120 seconds left.\n|\n|t:|1700358929\n|switch|p2a: Iron Moth|Iron Moth|44\/100\n|switch|p1a: Samurott|Samurott-Hisui, M, shiny|100\/100\n|-damage|p1a: Samurott|88\/100|[from] Stealth Rock\n|turn|21\n|\n|t:|1700358932\n|move|p1a: Samurott|Aqua Jet|p2a: Iron Moth\n|-supereffective|p2a: Iron Moth\n|-damage|p2a: Iron Moth|0 fnt\n|faint|p2a: Iron Moth\n|-end|p2a: Iron Moth|Quark Drive|[silent]\n|\n|upkeep\n|\n|t:|1700358935\n|switch|p2a: Kingambit|Kingambit, F|100\/100\n|-activate|p2a: Kingambit|ability: Supreme Overlord\n|-start|p2a: Kingambit|fallen5|[silent]\n|turn|22\n|\n|t:|1700358951\n|-terastallize|p1a: Samurott|Water\n|move|p1a: Samurott|Aqua Cutter|p2a: Kingambit\n|-damage|p2a: Kingambit|31\/100\n|move|p2a: Kingambit|Swords Dance|p2a: Kingambit\n|-boost|p2a: Kingambit|atk|2\n|\n|upkeep\n|turn|23\n|\n|t:|1700358960\n|move|p1a: Samurott|Aqua Jet|p2a: Kingambit\n|-damage|p2a: Kingambit|3\/100\n|move|p2a: Kingambit|Iron Head|p1a: Samurott\n|-resisted|p1a: Samurott\n|-damage|p1a: Samurott|7\/100\n|\n|upkeep\n|turn|24\n|\n|t:|1700358963\n|move|p1a: Samurott|Aqua Jet|p2a: Kingambit\n|-damage|p2a: Kingambit|0 fnt\n|faint|p2a: Kingambit\n|-end|p2a: Kingambit|fallen5|[silent]\n|\n|win|blinnemon\n|raw|blinnemon's rating: 1518 &rarr; <strong>1541<\/strong><br \/>(+23 for winning)\n|raw|Leckasos's rating: 1568 &rarr; <strong>1545<\/strong><br \/>(-23 for losing)\n|l|\u2606blinnemon\n|l|\u2606Leckasos\n","uploadtime":1700358979,"views":11,"p1id":"blinnemon","p2id":"leckasos","formatid":"gen9ou","rating":1541,"private":0,"password":""}