{"id":"gen9ou-1991384467","p1":"PurifyingGhost","p2":"Teddy123456789","format":"[Gen 9] OU","log":"|j|\u2606PurifyingGhost\n|j|\u2606Teddy123456789\n|t:|1700072642\n|gametype|singles\n|player|p1|PurifyingGhost|raifort|1180\n|player|p2|Teddy123456789|2|1167\n|teamsize|p1|6\n|teamsize|p2|6\n|gen|9\n|tier|[Gen 9] OU\n|rated|\n|rule|Sleep Clause Mod: Limit one foe put to sleep\n|rule|Species Clause: Limit one of each Pok\u00e9mon\n|rule|OHKO Clause: OHKO moves are banned\n|rule|Evasion Items Clause: Evasion items are banned\n|rule|Evasion Moves Clause: Evasion moves are banned\n|rule|Endless Battle Clause: Forcing endless battles is banned\n|rule|HP Percentage Mod: HP is shown in percentages\n|clearpoke\n|poke|p1|Zoroark-Hisui, F|\n|poke|p1|Garganacl, F|\n|poke|p1|Cinderace, F|\n|poke|p1|Corviknight, F|\n|poke|p1|Clodsire, M|\n|poke|p1|Dragonite, M|\n|poke|p2|Salamence, M|\n|poke|p2|Corviknight, F|\n|poke|p2|Slowking-Galar, F|\n|poke|p2|Mamoswine, F|\n|poke|p2|Ogerpon-Wellspring, F|\n|poke|p2|Zapdos|\n|teampreview\n|\n|t:|1700072673\n|start\n|switch|p1a: Cinderace|Cinderace, F|100\/100\n|switch|p2a: Mamoswine|Mamoswine, F|100\/100\n|turn|1\n|\n|t:|1700072680\n|switch|p1a: Corviknight|Corviknight, F|100\/100\n|-ability|p1a: Corviknight|Pressure\n|move|p2a: Mamoswine|Earthquake|p1a: Corviknight\n|-immune|p1a: Corviknight\n|\n|upkeep\n|turn|2\n|\n|t:|1700072687\n|switch|p2a: Zapdos|Zapdos|100\/100\n|move|p1a: Corviknight|Brave Bird|p2a: Zapdos\n|-resisted|p2a: Zapdos\n|-damage|p2a: Zapdos|78\/100\n|-status|p1a: Corviknight|par|[from] ability: Static|[of] p2a: Zapdos\n|-damage|p1a: Corviknight|95\/100 par|[from] Recoil\n|\n|upkeep\n|turn|3\n|\n|t:|1700072698\n|switch|p1a: Clodsire|Clodsire, M|100\/100\n|move|p2a: Zapdos|Hurricane|p1a: Clodsire\n|-damage|p1a: Clodsire|71\/100\n|-start|p1a: Clodsire|confusion\n|\n|-heal|p1a: Clodsire|78\/100|[from] item: Black Sludge\n|upkeep\n|turn|4\n|\n|t:|1700072713\n|switch|p2a: Corviknight|Corviknight, F|100\/100\n|-activate|p1a: Clodsire|confusion\n|-damage|p1a: Clodsire|69\/100|[from] confusion\n|\n|-heal|p1a: Clodsire|75\/100|[from] item: Black Sludge\n|upkeep\n|turn|5\n|\n|t:|1700072721\n|switch|p1a: Garganacl|Garganacl, F|100\/100\n|move|p2a: Corviknight|U-turn|p1a: Garganacl\n|-crit|p1a: Garganacl\n|-damage|p1a: Garganacl|89\/100\n|\n|t:|1700072727\n|switch|p2a: Mamoswine|Mamoswine, F|100\/100|[from] U-turn\n|\n|-heal|p1a: Garganacl|95\/100|[from] item: Leftovers\n|upkeep\n|turn|6\n|\n|t:|1700072735\n|-terastallize|p1a: Garganacl|Water\n|move|p2a: Mamoswine|Earthquake|p1a: Garganacl\n|-damage|p1a: Garganacl|67\/100\n|move|p1a: Garganacl|Curse|p1a: Garganacl\n|-unboost|p1a: Garganacl|spe|1\n|-boost|p1a: Garganacl|atk|1\n|-boost|p1a: Garganacl|def|1\n|\n|-heal|p1a: Garganacl|73\/100|[from] item: Leftovers\n|upkeep\n|turn|7\n|\n|t:|1700072746\n|move|p2a: Mamoswine|Stealth Rock|p1a: Garganacl\n|-sidestart|p1: PurifyingGhost|move: Stealth Rock\n|move|p1a: Garganacl|Salt Cure|p2a: Mamoswine\n|-damage|p2a: Mamoswine|78\/100\n|-start|p2a: Mamoswine|Salt Cure\n|\n|-heal|p1a: Garganacl|79\/100|[from] item: Leftovers\n|-damage|p2a: Mamoswine|65\/100|[from] Salt Cure\n|upkeep\n|turn|8\n|\n|t:|1700072756\n|switch|p2a: Ogerpon|Ogerpon-Wellspring, F|100\/100\n|move|p1a: Garganacl|Salt Cure|p2a: Ogerpon\n|-damage|p2a: Ogerpon|74\/100\n|-start|p2a: Ogerpon|Salt Cure\n|\n|-heal|p1a: Garganacl|85\/100|[from] item: Leftovers\n|-damage|p2a: Ogerpon|49\/100|[from] Salt Cure\n|upkeep\n|turn|9\n|\n|t:|1700072767\n|switch|p1a: Corviknight|Corviknight, F|95\/100 par\n|-damage|p1a: Corviknight|82\/100 par|[from] Stealth Rock\n|-ability|p1a: Corviknight|Pressure\n|move|p2a: Ogerpon|Horn Leech|p1a: Corviknight\n|-resisted|p1a: Corviknight\n|-damage|p1a: Corviknight|75\/100 par\n|-heal|p2a: Ogerpon|53\/100|[from] drain|[of] p1a: Corviknight\n|-damage|p2a: Ogerpon|37\/100|[from] item: Rocky Helmet|[of] p1a: Corviknight\n|\n|-damage|p2a: Ogerpon|12\/100|[from] Salt Cure\n|upkeep\n|turn|10\n|\n|t:|1700072784\n|switch|p2a: Zapdos|Zapdos|78\/100\n|move|p1a: Corviknight|U-turn|p2a: Zapdos\n|-resisted|p2a: Zapdos\n|-damage|p2a: Zapdos|70\/100\n|\n|t:|1700072792\n|switch|p1a: Cinderace|Cinderace, F|100\/100|[from] U-turn\n|\n|upkeep\n|turn|11\n|\n|t:|1700072796\n|move|p1a: Cinderace|Court Change|p1a: Cinderace\n|-swapsideconditions\n|-activate|p1a: Cinderace|move: Court Change\n|move|p2a: Zapdos|Volt Switch|p1a: Cinderace\n|-damage|p1a: Cinderace|58\/100\n|\n|t:|1700072802\n|switch|p2a: Salamence|Salamence, M|100\/100|[from] Volt Switch\n|-damage|p2a: Salamence|76\/100|[from] Stealth Rock\n|-ability|p2a: Salamence|Intimidate|boost\n|-unboost|p1a: Cinderace|atk|1\n|\n|upkeep\n|turn|12\n|\n|t:|1700072810\n|move|p1a: Cinderace|Will-O-Wisp|p2a: Salamence\n|-status|p2a: Salamence|brn\n|move|p2a: Salamence|Flamethrower|p1a: Cinderace\n|-resisted|p1a: Cinderace\n|-damage|p1a: Cinderace|33\/100\n|\n|-damage|p2a: Salamence|70\/100 brn|[from] brn\n|upkeep\n|turn|13\n|-message|Teddy123456789 forfeited.\n|\n|win|PurifyingGhost\n|raw|PurifyingGhost's rating: 1180 &rarr; <strong>1204<\/strong><br \/>(+24 for winning)\n|raw|Teddy123456789's rating: 1167 &rarr; <strong>1143<\/strong><br \/>(-24 for losing)\n|l|\u2606Teddy123456789\n","uploadtime":1700072820,"views":7,"p1id":"purifyingghost","p2id":"teddy123456789","formatid":"gen9ou","rating":1143,"private":0,"password":""}