{"id":"gen9ou-1995872938","p1":"Wilft","p2":"HawthorneSouthside","format":"[Gen 9] OU","log":"|j|\u2606Wilft\n|j|\u2606HawthorneSouthside\n|t:|1700612082\n|gametype|singles\n|player|p1|Wilft|red|1336\n|player|p2|HawthorneSouthside|janitor|1233\n|teamsize|p1|6\n|teamsize|p2|6\n|gen|9\n|tier|[Gen 9] OU\n|rated|\n|rule|Sleep Clause Mod: Limit one foe put to sleep\n|rule|Species Clause: Limit one of each Pok\u00e9mon\n|rule|OHKO Clause: OHKO moves are banned\n|rule|Evasion Items Clause: Evasion items are banned\n|rule|Evasion Moves Clause: Evasion moves are banned\n|rule|Endless Battle Clause: Forcing endless battles is banned\n|rule|HP Percentage Mod: HP is shown in percentages\n|clearpoke\n|poke|p1|Torterra, F|\n|poke|p1|Ninetales-Alola, F|\n|poke|p1|Quaquaval, M|\n|poke|p1|Ceruledge, M|\n|poke|p1|Iron Moth|\n|poke|p1|Scizor, M|\n|poke|p2|Rillaboom, F|\n|poke|p2|Hawlucha, F|\n|poke|p2|Ogerpon-Wellspring, F|\n|poke|p2|Zarude|\n|poke|p2|Ceruledge, F|\n|poke|p2|Gholdengo|\n|teampreview\n|inactive|Battle timer is ON: inactive players will automatically lose when time's up. (requested by Wilft)\n|inactive|HawthorneSouthside has 120 seconds left.\n|\n|t:|1700612126\n|start\n|switch|p1a: Kuramama|Ninetales-Alola, F, shiny|100\/100\n|switch|p2a: Gholdengo|Gholdengo|100\/100\n|-weather|Snow|[from] ability: Snow Warning|[of] p1a: Kuramama\n|turn|1\n|inactive|Wilft has 120 seconds left.\n|\n|t:|1700612158\n|switch|p1a: Mothra|Iron Moth|100\/100\n|-enditem|p1a: Mothra|Booster Energy\n|-activate|p1a: Mothra|ability: Quark Drive|[fromitem]\n|-start|p1a: Mothra|quarkdrivespe\n|move|p2a: Gholdengo|Flash Cannon|p1a: Mothra\n|-resisted|p1a: Mothra\n|-damage|p1a: Mothra|81\/100\n|\n|-weather|Snow|[upkeep]\n|upkeep\n|turn|2\n|inactive|Wilft has 120 seconds left.\n|\n|t:|1700612173\n|switch|p2a: Ceruledge|Ceruledge, F|100\/100\n|move|p1a: Mothra|Substitute|p1a: Mothra\n|-start|p1a: Mothra|Substitute\n|-damage|p1a: Mothra|56\/100\n|\n|-weather|Snow|[upkeep]\n|upkeep\n|turn|3\n|\n|t:|1700612178\n|move|p1a: Mothra|Fiery Dance|p2a: Ceruledge\n|-start|p2a: Ceruledge|ability: Flash Fire\n|move|p2a: Ceruledge|Substitute|p2a: Ceruledge\n|-start|p2a: Ceruledge|Substitute\n|-damage|p2a: Ceruledge|76\/100\n|\n|-weather|Snow|[upkeep]\n|upkeep\n|turn|4\n|\n|t:|1700612183\n|move|p1a: Mothra|Sludge Wave|p2a: Ceruledge\n|-resisted|p2a: Ceruledge\n|-activate|p2a: Ceruledge|move: Substitute|[damage]\n|move|p2a: Ceruledge|Bulk Up|p2a: Ceruledge\n|-boost|p2a: Ceruledge|atk|1\n|-boost|p2a: Ceruledge|def|1\n|\n|-weather|Snow|[upkeep]\n|upkeep\n|turn|5\n|\n|t:|1700612189\n|move|p2a: Ceruledge|Shadow Sneak|p1a: Mothra\n|-crit|p1a: Mothra\n|-end|p1a: Mothra|Substitute\n|move|p1a: Mothra|Sludge Wave|p2a: Ceruledge\n|-resisted|p2a: Ceruledge\n|-end|p2a: Ceruledge|Substitute\n|\n|-weather|none\n|upkeep\n|turn|6\n|\n|t:|1700612205\n|move|p1a: Mothra|Sludge Wave|p2a: Ceruledge\n|-resisted|p2a: Ceruledge\n|-damage|p2a: Ceruledge|54\/100\n|move|p2a: Ceruledge|Substitute|p2a: Ceruledge\n|-start|p2a: Ceruledge|Substitute\n|-damage|p2a: Ceruledge|29\/100\n|\n|upkeep\n|turn|7\n|\n|t:|1700612214\n|move|p1a: Mothra|Sludge Wave|p2a: Ceruledge\n|-resisted|p2a: Ceruledge\n|-activate|p2a: Ceruledge|move: Substitute|[damage]\n|move|p2a: Ceruledge|Bitter Blade|p1a: Mothra\n|-resisted|p1a: Mothra\n|-damage|p1a: Mothra|0 fnt\n|-heal|p2a: Ceruledge|53\/100|[from] drain|[of] p1a: Mothra\n|faint|p1a: Mothra\n|-end|p1a: Mothra|Quark Drive|[silent]\n|\n|upkeep\n|\n|t:|1700612220\n|switch|p1a: Donald|Quaquaval, M|100\/100\n|turn|8\n|\n|t:|1700612227\n|move|p2a: Ceruledge|Bitter Blade|p1a: Donald\n|-resisted|p1a: Donald\n|-damage|p1a: Donald|43\/100\n|-heal|p2a: Ceruledge|83\/100|[from] drain|[of] p1a: Donald\n|move|p1a: Donald|Aqua Step|p2a: Ceruledge\n|-supereffective|p2a: Ceruledge\n|-end|p2a: Ceruledge|Substitute\n|-boost|p1a: Donald|spe|1\n|\n|upkeep\n|turn|9\n|\n|t:|1700612247\n|-terastallize|p2a: Ceruledge|Grass\n|move|p1a: Donald|Knock Off|p2a: Ceruledge\n|-damage|p2a: Ceruledge|59\/100\n|-enditem|p2a: Ceruledge|Heavy-Duty Boots|[from] move: Knock Off|[of] p1a: Donald\n|move|p2a: Ceruledge|Bitter Blade|p1a: Donald\n|-resisted|p1a: Donald\n|-damage|p1a: Donald|0 fnt\n|-heal|p2a: Ceruledge|82\/100|[from] drain|[of] p1a: Donald\n|faint|p1a: Donald\n|\n|upkeep\n|\n|t:|1700612255\n|switch|p1a: Zero|Ceruledge, M|100\/100\n|turn|10\n|\n|t:|1700612263\n|move|p2a: Ceruledge|Shadow Sneak|p1a: Zero\n|-supereffective|p1a: Zero\n|-damage|p1a: Zero|18\/100\n|-ability|p1a: Zero|Weak Armor|boost\n|-unboost|p1a: Zero|def|1\n|-boost|p1a: Zero|spe|2\n|move|p1a: Zero|Swords Dance|p1a: Zero\n|-boost|p1a: Zero|atk|2\n|\n|upkeep\n|turn|11\n|\n|t:|1700612271\n|move|p2a: Ceruledge|Shadow Sneak|p1a: Zero\n|-supereffective|p1a: Zero\n|-damage|p1a: Zero|0 fnt\n|faint|p1a: Zero\n|\n|upkeep\n|-message|Wilft forfeited.\n|\n|win|HawthorneSouthside\n|raw|Wilft's rating: 1336 &rarr; <strong>1310<\/strong><br \/>(-26 for losing)\n|raw|HawthorneSouthside's rating: 1233 &rarr; <strong>1265<\/strong><br \/>(+32 for winning)\n|l|\u2606Wilft\n|c|\u2606HawthorneSouthside|gg'\n","uploadtime":1700612285,"views":9,"p1id":"wilft","p2id":"hawthornesouthside","formatid":"gen9ou","rating":1265,"private":0,"password":""}