{"id":"gen9ou-1993641645","p1":"dont be angry pls","p2":"montes94","format":"[Gen 9] OU","log":"|j|\u2606dont be angry pls\n|j|\u2606montes94\n|t:|1700340618\n|gametype|singles\n|player|p1|dont be angry pls|harlequin|1130\n|player|p2|montes94|ruinmaniac|1097\n|teamsize|p1|6\n|teamsize|p2|6\n|gen|9\n|tier|[Gen 9] OU\n|rated|\n|rule|Sleep Clause Mod: Limit one foe put to sleep\n|rule|Species Clause: Limit one of each Pok\u00e9mon\n|rule|OHKO Clause: OHKO moves are banned\n|rule|Evasion Items Clause: Evasion items are banned\n|rule|Evasion Moves Clause: Evasion moves are banned\n|rule|Endless Battle Clause: Forcing endless battles is banned\n|rule|HP Percentage Mod: HP is shown in percentages\n|clearpoke\n|poke|p1|Rillaboom, M|\n|poke|p1|Dragonite, F|\n|poke|p1|Great Tusk|\n|poke|p1|Heatran, M|\n|poke|p1|Mandibuzz, F|\n|poke|p1|Slowking-Galar, F|\n|poke|p2|Kingambit, M|\n|poke|p2|Great Tusk|\n|poke|p2|Dragapult, F|\n|poke|p2|Ogerpon-Wellspring, F|\n|poke|p2|Blissey, F|\n|poke|p2|Zapdos|\n|teampreview\n|inactive|Battle timer is ON: inactive players will automatically lose when time's up. (requested by dont be angry pls)\n|\n|t:|1700340633\n|start\n|switch|p1a: Heatran|Heatran, M|100\/100\n|switch|p2a: Ogerpon|Ogerpon-Wellspring, F|100\/100\n|turn|1\n|\n|t:|1700340645\n|switch|p1a: Mandibuzz|Mandibuzz, F|100\/100\n|move|p2a: Ogerpon|U-turn|p1a: Mandibuzz\n|-damage|p1a: Mandibuzz|84\/100\n|\n|t:|1700340658\n|switch|p2a: Zapdos|Zapdos|100\/100|[from] U-turn\n|\n|upkeep\n|turn|2\n|\n|t:|1700340668\n|switch|p1a: Heatran|Heatran, M|100\/100\n|move|p2a: Zapdos|Volt Switch|p1a: Heatran\n|-damage|p1a: Heatran|83\/100\n|\n|t:|1700340675\n|switch|p2a: Great Tusk|Great Tusk|100\/100|[from] Volt Switch\n|\n|-heal|p1a: Heatran|90\/100|[from] item: Leftovers\n|upkeep\n|turn|3\n|\n|t:|1700340685\n|move|p1a: Heatran|Protect|p1a: Heatran\n|-singleturn|p1a: Heatran|Protect\n|move|p2a: Great Tusk|Knock Off|p1a: Heatran\n|-activate|p1a: Heatran|move: Protect\n|\n|-heal|p1a: Heatran|96\/100|[from] item: Leftovers\n|upkeep\n|turn|4\n|\n|t:|1700340693\n|switch|p1a: Mandibuzz|Mandibuzz, F|84\/100\n|move|p2a: Great Tusk|Earthquake|p1a: Mandibuzz\n|-immune|p1a: Mandibuzz\n|\n|upkeep\n|turn|5\n|\n|t:|1700340705\n|-end|p2a: Great Tusk|Protosynthesis|[silent]\n|switch|p2a: Blissey|Blissey, F|100\/100\n|move|p1a: Mandibuzz|Toxic|p2a: Blissey\n|-status|p2a: Blissey|tox\n|\n|-damage|p2a: Blissey|94\/100 tox|[from] psn\n|upkeep\n|turn|6\n|\n|t:|1700340712\n|move|p1a: Mandibuzz|Foul Play|p2a: Blissey\n|-damage|p2a: Blissey|88\/100 tox\n|move|p2a: Blissey|Stealth Rock|p1a: Mandibuzz\n|-sidestart|p1: dont be angry pls|move: Stealth Rock\n|\n|-damage|p2a: Blissey|76\/100 tox|[from] psn\n|upkeep\n|turn|7\n|\n|t:|1700340732\n|-curestatus|p2a: Blissey|tox|[from] ability: Natural Cure\n|switch|p2a: Zapdos|Zapdos|100\/100\n|move|p1a: Mandibuzz|Defog|p2a: Zapdos\n|-unboost|p2a: Zapdos|evasion|1\n|-sideend|p1: dont be angry pls|Stealth Rock|[from] move: Defog|[of] p1a: Mandibuzz\n|\n|upkeep\n|turn|8\n|\n|t:|1700340746\n|switch|p1a: Heatran|Heatran, M|96\/100\n|move|p2a: Zapdos|Hurricane|p1a: Heatran|[miss]\n|-miss|p2a: Zapdos|p1a: Heatran\n|\n|-heal|p1a: Heatran|100\/100|[from] item: Leftovers\n|upkeep\n|turn|9\n|\n|t:|1700340755\n|move|p2a: Zapdos|Volt Switch|p1a: Heatran\n|-damage|p1a: Heatran|81\/100\n|\n|t:|1700340775\n|switch|p2a: Blissey|Blissey, F|76\/100|[from] Volt Switch\n|move|p1a: Heatran|Magma Storm|p2a: Blissey\n|-damage|p2a: Blissey|60\/100\n|-activate|p2a: Blissey|move: Magma Storm|[of] p1a: Heatran\n|\n|-heal|p1a: Heatran|87\/100|[from] item: Leftovers\n|-damage|p2a: Blissey|48\/100|[from] move: Magma Storm|[partiallytrapped]\n|upkeep\n|turn|10\n|\n|t:|1700340784\n|move|p1a: Heatran|Taunt|p2a: Blissey\n|-start|p2a: Blissey|move: Taunt\n|cant|p2a: Blissey|move: Taunt|Stealth Rock\n|\n|-heal|p1a: Heatran|93\/100|[from] item: Leftovers\n|-damage|p2a: Blissey|36\/100|[from] move: Magma Storm|[partiallytrapped]\n|upkeep\n|turn|11\n|\n|t:|1700340790\n|move|p1a: Heatran|Protect|p1a: Heatran\n|-singleturn|p1a: Heatran|Protect\n|move|p2a: Blissey|Seismic Toss|p1a: Heatran\n|-activate|p1a: Heatran|move: Protect\n|\n|-heal|p1a: Heatran|99\/100|[from] item: Leftovers\n|-damage|p2a: Blissey|23\/100|[from] move: Magma Storm|[partiallytrapped]\n|upkeep\n|turn|12\n|\n|t:|1700340798\n|move|p1a: Heatran|Magma Storm|p2a: Blissey\n|-damage|p2a: Blissey|6\/100\n|move|p2a: Blissey|Seismic Toss|p1a: Heatran\n|-damage|p1a: Heatran|74\/100\n|\n|-heal|p1a: Heatran|80\/100|[from] item: Leftovers\n|-damage|p2a: Blissey|0 fnt|[from] move: Magma Storm|[partiallytrapped]\n|faint|p2a: Blissey\n|upkeep\n|\n|t:|1700340807\n|switch|p2a: Ogerpon|Ogerpon-Wellspring, F|100\/100\n|turn|13\n|\n|t:|1700340819\n|switch|p1a: Mandibuzz|Mandibuzz, F|84\/100\n|move|p2a: Ogerpon|Ivy Cudgel|p1a: Mandibuzz|[anim] Ivy Cudgel Water\n|-damage|p1a: Mandibuzz|53\/100\n|\n|upkeep\n|turn|14\n|\n|t:|1700340825\n|move|p2a: Ogerpon|U-turn|p1a: Mandibuzz\n|-damage|p1a: Mandibuzz|36\/100\n|\n|t:|1700340830\n|switch|p2a: Kingambit|Kingambit, M|100\/100|[from] U-turn\n|-activate|p2a: Kingambit|ability: Supreme Overlord\n|-start|p2a: Kingambit|fallen1|[silent]\n|move|p1a: Mandibuzz|Roost|p1a: Mandibuzz\n|-heal|p1a: Mandibuzz|86\/100\n|-singleturn|p1a: Mandibuzz|move: Roost\n|\n|upkeep\n|turn|15\n|\n|t:|1700340843\n|move|p1a: Mandibuzz|Foul Play|p2a: Kingambit\n|-resisted|p2a: Kingambit\n|-damage|p2a: Kingambit|77\/100\n|move|p2a: Kingambit|Kowtow Cleave|p1a: Mandibuzz\n|-resisted|p1a: Mandibuzz\n|-damage|p1a: Mandibuzz|71\/100\n|\n|upkeep\n|turn|16\n|\n|t:|1700340853\n|-end|p2a: Kingambit|fallen1|[silent]\n|switch|p2a: Zapdos|Zapdos|100\/100\n|move|p1a: Mandibuzz|Foul Play|p2a: Zapdos\n|-damage|p2a: Zapdos|82\/100\n|\n|upkeep\n|turn|17\n|\n|t:|1700340861\n|switch|p1a: Heatran|Heatran, M|80\/100\n|move|p2a: Zapdos|Hurricane|p1a: Heatran|[miss]\n|-miss|p2a: Zapdos|p1a: Heatran\n|\n|-heal|p1a: Heatran|86\/100|[from] item: Leftovers\n|upkeep\n|turn|18\n|\n|t:|1700340870\n|move|p2a: Zapdos|Volt Switch|p1a: Heatran\n|-damage|p1a: Heatran|69\/100\n|\n|t:|1700340874\n|switch|p2a: Great Tusk|Great Tusk|100\/100|[from] Volt Switch\n|move|p1a: Heatran|Magma Storm|p2a: Great Tusk|[miss]\n|-miss|p1a: Heatran|p2a: Great Tusk\n|\n|-heal|p1a: Heatran|75\/100|[from] item: Leftovers\n|upkeep\n|turn|19\n|\n|t:|1700340883\n|switch|p1a: Great Tusk|Great Tusk|100\/100\n|move|p2a: Great Tusk|Knock Off|p1a: Great Tusk\n|-resisted|p1a: Great Tusk\n|-damage|p1a: Great Tusk|89\/100\n|-enditem|p1a: Great Tusk|Choice Band|[from] move: Knock Off|[of] p2a: Great Tusk\n|\n|upkeep\n|turn|20\n|\n|t:|1700340901\n|-end|p2a: Great Tusk|Protosynthesis|[silent]\n|switch|p2a: Dragapult|Dragapult, F|100\/100\n|move|p1a: Great Tusk|Close Combat|p2a: Dragapult\n|-immune|p2a: Dragapult\n|\n|upkeep\n|turn|21\n|\n|t:|1700340911\n|move|p2a: Dragapult|Draco Meteor|p1a: Great Tusk|[miss]\n|-miss|p2a: Dragapult|p1a: Great Tusk\n|move|p1a: Great Tusk|Ice Spinner|p2a: Dragapult\n|-supereffective|p2a: Dragapult\n|-damage|p2a: Dragapult|26\/100\n|\n|upkeep\n|turn|22\n|\n|t:|1700340920\n|-end|p1a: Great Tusk|Protosynthesis|[silent]\n|switch|p1a: Heatran|Heatran, M|75\/100\n|move|p2a: Dragapult|Draco Meteor|p1a: Heatran\n|-resisted|p1a: Heatran\n|-damage|p1a: Heatran|50\/100\n|-unboost|p2a: Dragapult|spa|2\n|\n|-heal|p1a: Heatran|56\/100|[from] item: Leftovers\n|upkeep\n|turn|23\n|\n|t:|1700340928\n|switch|p2a: Great Tusk|Great Tusk|100\/100\n|move|p1a: Heatran|Magma Storm|p2a: Great Tusk\n|-damage|p2a: Great Tusk|45\/100\n|-activate|p2a: Great Tusk|move: Magma Storm|[of] p1a: Heatran\n|\n|-heal|p2a: Great Tusk|51\/100|[from] item: Leftovers\n|-heal|p1a: Heatran|62\/100|[from] item: Leftovers\n|-damage|p2a: Great Tusk|38\/100|[from] move: Magma Storm|[partiallytrapped]\n|upkeep\n|turn|24\n|\n|t:|1700340951\n|move|p1a: Heatran|Protect|p1a: Heatran\n|-singleturn|p1a: Heatran|Protect\n|move|p2a: Great Tusk|Knock Off|p1a: Heatran\n|-activate|p1a: Heatran|move: Protect\n|\n|-heal|p2a: Great Tusk|45\/100|[from] item: Leftovers\n|-heal|p1a: Heatran|69\/100|[from] item: Leftovers\n|-damage|p2a: Great Tusk|32\/100|[from] move: Magma Storm|[partiallytrapped]\n|upkeep\n|turn|25\n|-message|montes94 forfeited.\n|\n|win|dont be angry pls\n|raw|dont be angry pls's rating: 1130 &rarr; <strong>1153<\/strong><br \/>(+23 for winning)\n|raw|montes94's rating: 1097 &rarr; <strong>1075<\/strong><br \/>(-22 for losing)\n|l|\u2606montes94\n|c|\u2606dont be angry pls|gg\n","uploadtime":1700340981,"views":11,"p1id":"dontbeangrypls","p2id":"montes94","formatid":"gen9ou","rating":1075,"private":0,"password":""}