{"id":"gen9ou-1993227103","p1":"PultLord","p2":"chiitoge","format":"[Gen 9] OU","log":"|j|\u2606PultLord\n|j|\u2606chiitoge\n|t:|1700280783\n|gametype|singles\n|player|p1|PultLord|palmer|1462\n|player|p2|chiitoge|266|1489\n|teamsize|p1|6\n|teamsize|p2|6\n|gen|9\n|tier|[Gen 9] OU\n|rated|\n|rule|Sleep Clause Mod: Limit one foe put to sleep\n|rule|Species Clause: Limit one of each Pok\u00e9mon\n|rule|OHKO Clause: OHKO moves are banned\n|rule|Evasion Items Clause: Evasion items are banned\n|rule|Evasion Moves Clause: Evasion moves are banned\n|rule|Endless Battle Clause: Forcing endless battles is banned\n|rule|HP Percentage Mod: HP is shown in percentages\n|clearpoke\n|poke|p1|Cinderace, F|\n|poke|p1|Torkoal, M|\n|poke|p1|Walking Wake|\n|poke|p1|Sandy Shocks|\n|poke|p1|Great Tusk|\n|poke|p1|Dragonite, F|\n|poke|p2|Enamorus, F|\n|poke|p2|Dragapult, F|\n|poke|p2|Iron Valiant|\n|poke|p2|Gholdengo|\n|poke|p2|Iron Treads|\n|poke|p2|Dragonite, M|\n|teampreview\n|inactive|Battle timer is ON: inactive players will automatically lose when time's up. (requested by PultLord)\n|\n|t:|1700280800\n|start\n|switch|p1a: Sandy Shocks|Sandy Shocks|100\/100\n|switch|p2a: Iron Treads|Iron Treads|100\/100\n|-enditem|p2a: Iron Treads|Booster Energy\n|-activate|p2a: Iron Treads|ability: Quark Drive|[fromitem]\n|-start|p2a: Iron Treads|quarkdrivespe\n|-enditem|p1a: Sandy Shocks|Booster Energy\n|-activate|p1a: Sandy Shocks|ability: Protosynthesis|[fromitem]\n|-start|p1a: Sandy Shocks|protosynthesisspe\n|turn|1\n|\n|t:|1700280818\n|move|p2a: Iron Treads|Stealth Rock|p1a: Sandy Shocks\n|-sidestart|p1: PultLord|move: Stealth Rock\n|move|p1a: Sandy Shocks|Earth Power|p2a: Iron Treads\n|-supereffective|p2a: Iron Treads\n|-damage|p2a: Iron Treads|0 fnt\n|faint|p2a: Iron Treads\n|-end|p2a: Iron Treads|Quark Drive|[silent]\n|\n|upkeep\n|\n|t:|1700280841\n|switch|p2a: Dragonite|Dragonite, M|100\/100\n|turn|2\n|\n|t:|1700280854\n|-terastallize|p1a: Sandy Shocks|Ice\n|move|p1a: Sandy Shocks|Tera Blast|p2a: Dragonite|[anim] Tera Blast Ice\n|-supereffective|p2a: Dragonite\n|-damage|p2a: Dragonite|24\/100\n|move|p2a: Dragonite|Dragon Dance|p2a: Dragonite\n|-boost|p2a: Dragonite|atk|1\n|-boost|p2a: Dragonite|spe|1\n|\n|upkeep\n|turn|3\n|\n|t:|1700280863\n|move|p2a: Dragonite|Extreme Speed|p1a: Sandy Shocks\n|-damage|p1a: Sandy Shocks|51\/100\n|move|p1a: Sandy Shocks|Tera Blast|p2a: Dragonite|[anim] Tera Blast Ice\n|-supereffective|p2a: Dragonite\n|-damage|p2a: Dragonite|0 fnt\n|faint|p2a: Dragonite\n|\n|upkeep\n|\n|t:|1700280871\n|switch|p2a: Iron Valiant|Iron Valiant|100\/100\n|-enditem|p2a: Iron Valiant|Booster Energy\n|-activate|p2a: Iron Valiant|ability: Quark Drive|[fromitem]\n|-start|p2a: Iron Valiant|quarkdrivespe\n|turn|4\n|\n|t:|1700280877\n|-end|p1a: Sandy Shocks|Protosynthesis|[silent]\n|switch|p1a: Torkoal|Torkoal, M|100\/100\n|-damage|p1a: Torkoal|75\/100|[from] Stealth Rock\n|-weather|SunnyDay|[from] ability: Drought|[of] p1a: Torkoal\n|move|p2a: Iron Valiant|Moonblast|p1a: Torkoal\n|-resisted|p1a: Torkoal\n|-damage|p1a: Torkoal|45\/100\n|-unboost|p1a: Torkoal|spa|1\n|\n|-weather|SunnyDay|[upkeep]\n|upkeep\n|turn|5\n|\n|t:|1700280888\n|move|p2a: Iron Valiant|Calm Mind|p2a: Iron Valiant\n|-boost|p2a: Iron Valiant|spa|1\n|-boost|p2a: Iron Valiant|spd|1\n|move|p1a: Torkoal|Yawn|p2a: Iron Valiant\n|-start|p2a: Iron Valiant|move: Yawn|[of] p1a: Torkoal\n|\n|-weather|SunnyDay|[upkeep]\n|upkeep\n|turn|6\n|\n|t:|1700280906\n|-end|p2a: Iron Valiant|Quark Drive|[silent]\n|switch|p2a: Enamorus|Enamorus, F|100\/100\n|switch|p1a: Cinderace|Cinderace, F|100\/100\n|\n|-weather|SunnyDay|[upkeep]\n|upkeep\n|turn|7\n|\n|t:|1700280913\n|move|p1a: Cinderace|Pyro Ball|p2a: Enamorus\n|-damage|p2a: Enamorus|0 fnt\n|faint|p2a: Enamorus\n|\n|-weather|SunnyDay|[upkeep]\n|upkeep\n|\n|t:|1700280917\n|switch|p2a: Dragapult|Dragapult, F|100\/100\n|turn|8\n|\n|t:|1700280922\n|move|p2a: Dragapult|Dragon Dance|p2a: Dragapult\n|-boost|p2a: Dragapult|atk|1\n|-boost|p2a: Dragapult|spe|1\n|move|p1a: Cinderace|Pyro Ball|p2a: Dragapult\n|-resisted|p2a: Dragapult\n|-damage|p2a: Dragapult|45\/100\n|\n|-weather|SunnyDay|[upkeep]\n|upkeep\n|turn|9\n|\n|t:|1700280929\n|move|p1a: Cinderace|Sucker Punch|p2a: Dragapult\n|-start|p1a: Cinderace|typechange|Dark|[from] ability: Libero\n|-supereffective|p2a: Dragapult\n|-damage|p2a: Dragapult|0 fnt\n|faint|p2a: Dragapult\n|\n|-weather|SunnyDay|[upkeep]\n|upkeep\n|-message|chiitoge forfeited.\n|\n|win|PultLord\n|raw|PultLord's rating: 1462 &rarr; <strong>1484<\/strong><br \/>(+22 for winning)\n|raw|chiitoge's rating: 1489 &rarr; <strong>1467<\/strong><br \/>(-22 for losing)\n|l|\u2606chiitoge\n|c|\u2606PultLord|gg\n","uploadtime":1700281020,"views":14,"p1id":"pultlord","p2id":"chiitoge","formatid":"gen9ou","rating":1467,"private":0,"password":""}