{"id":"gen9ou-1995211706","p1":"ProvidenceSP","p2":"Kayleb1718","format":"[Gen 9] OU","log":"|j|\u2606ProvidenceSP\n|j|\u2606Kayleb1718\n|t:|1700535168\n|gametype|singles\n|player|p1|ProvidenceSP|winona|1175\n|player|p2|Kayleb1718|lucas-gen4pt|1078\n|teamsize|p1|6\n|teamsize|p2|6\n|gen|9\n|tier|[Gen 9] OU\n|rated|\n|rule|Sleep Clause Mod: Limit one foe put to sleep\n|rule|Species Clause: Limit one of each Pok\u00e9mon\n|rule|OHKO Clause: OHKO moves are banned\n|rule|Evasion Items Clause: Evasion items are banned\n|rule|Evasion Moves Clause: Evasion moves are banned\n|rule|Endless Battle Clause: Forcing endless battles is banned\n|rule|HP Percentage Mod: HP is shown in percentages\n|clearpoke\n|poke|p1|Alomomola, F|\n|poke|p1|Slowking-Galar, F|\n|poke|p1|Kingambit, F|\n|poke|p1|Great Tusk|\n|poke|p1|Cinderace, F|\n|poke|p1|Thundurus-Therian, M|\n|poke|p2|Zamazenta-*|\n|poke|p2|Dragapult, M|\n|poke|p2|Landorus-Therian, M|\n|poke|p2|Kingambit, F|\n|poke|p2|Great Tusk|\n|poke|p2|Gyarados, F|\n|teampreview\n|inactive|Battle timer is ON: inactive players will automatically lose when time's up. (requested by ProvidenceSP)\n|\n|t:|1700535174\n|start\n|switch|p1a: Yas Queen|Slowking-Galar, F, shiny|100\/100\n|switch|p2a: Great Tusk|Great Tusk, shiny|100\/100\n|turn|1\n|\n|t:|1700535179\n|move|p2a: Great Tusk|Stealth Rock|p1a: Yas Queen\n|-sidestart|p1: ProvidenceSP|move: Stealth Rock\n|move|p1a: Yas Queen|Future Sight|p2a: Great Tusk\n|-start|p1a: Yas Queen|move: Future Sight\n|\n|upkeep\n|turn|2\n|\n|t:|1700535184\n|move|p2a: Great Tusk|High Horsepower|p1a: Yas Queen\n|-supereffective|p1a: Yas Queen\n|-damage|p1a: Yas Queen|0 fnt\n|faint|p1a: Yas Queen\n|\n|upkeep\n|\n|t:|1700535188\n|switch|p1a: Bussin|Great Tusk|100\/100\n|-damage|p1a: Bussin|98\/100|[from] Stealth Rock\n|turn|3\n|\n|t:|1700535194\n|move|p1a: Bussin|Ice Spinner|p2a: Great Tusk\n|-supereffective|p2a: Great Tusk\n|-damage|p2a: Great Tusk|56\/100\n|move|p2a: Great Tusk|High Horsepower|p1a: Bussin\n|-damage|p1a: Bussin|60\/100\n|-damage|p2a: Great Tusk|40\/100|[from] item: Rocky Helmet|[of] p1a: Bussin\n|\n|-end|p2a: Great Tusk|move: Future Sight\n|-supereffective|p2a: Great Tusk\n|-damage|p2a: Great Tusk|0 fnt\n|faint|p2a: Great Tusk\n|-end|p2a: Great Tusk|Protosynthesis|[silent]\n|upkeep\n|\n|t:|1700535204\n|switch|p2a: Gyarados|Gyarados, F, shiny|100\/100\n|turn|4\n|\n|t:|1700535212\n|-end|p1a: Bussin|Protosynthesis|[silent]\n|switch|p1a: Finna|Alomomola, F|100\/100\n|-damage|p1a: Finna|88\/100|[from] Stealth Rock\n|move|p2a: Gyarados|Waterfall|p1a: Finna\n|-resisted|p1a: Finna\n|-damage|p1a: Finna|75\/100\n|-enditem|p1a: Finna|Red Card|[of] p2a: Gyarados\n|drag|p2a: Dragapult|Dragapult, M, shiny|100\/100\n|\n|upkeep\n|turn|5\n|\n|t:|1700535220\n|move|p2a: Dragapult|Dragon Darts|p1a: Finna\n|-damage|p1a: Finna|60\/100\n|-anim|p2a: Dragapult|Dragon Darts|p1a: Finna\n|-damage|p1a: Finna|44\/100\n|move|p1a: Finna|Flip Turn|p2a: Dragapult\n|-resisted|p2a: Dragapult\n|-damage|p2a: Dragapult|89\/100\n|\n|t:|1700535228\n|switch|p1a: Slay|Kingambit, F|100\/100|[from] Flip Turn\n|-damage|p1a: Slay|94\/100|[from] Stealth Rock\n|-activate|p1a: Slay|ability: Supreme Overlord\n|-start|p1a: Slay|fallen1|[silent]\n|\n|-heal|p2a: Dragapult|95\/100|[from] item: Leftovers\n|-heal|p1a: Slay|100\/100|[from] item: Leftovers\n|upkeep\n|turn|6\n|\n|t:|1700535242\n|move|p2a: Dragapult|Dragon Dance|p2a: Dragapult\n|-boost|p2a: Dragapult|atk|1\n|-boost|p2a: Dragapult|spe|1\n|move|p1a: Slay|Kowtow Cleave|p2a: Dragapult\n|-supereffective|p2a: Dragapult\n|-damage|p2a: Dragapult|0 fnt\n|faint|p2a: Dragapult\n|\n|upkeep\n|\n|t:|1700535249\n|switch|p2a: Landorus|Landorus-Therian, M|100\/100\n|-ability|p2a: Landorus|Intimidate|boost\n|-unboost|p1a: Slay|atk|1\n|turn|7\n|\n|t:|1700535253\n|-end|p1a: Slay|fallen1|[silent]\n|switch|p1a: Finna|Alomomola, F|78\/100\n|-damage|p1a: Finna|65\/100|[from] Stealth Rock\n|move|p2a: Landorus|Earthquake|p1a: Finna\n|-crit|p1a: Finna\n|-damage|p1a: Finna|15\/100\n|\n|upkeep\n|turn|8\n|\n|t:|1700535263\n|move|p2a: Landorus|Earthquake|p1a: Finna\n|-damage|p1a: Finna|0 fnt\n|faint|p1a: Finna\n|\n|upkeep\n|\n|t:|1700535265\n|switch|p1a: Bussin|Great Tusk|60\/100\n|-damage|p1a: Bussin|57\/100|[from] Stealth Rock\n|turn|9\n|\n|t:|1700535273\n|move|p1a: Bussin|Rapid Spin|p2a: Landorus\n|-damage|p2a: Landorus|79\/100\n|-boost|p1a: Bussin|spe|1\n|-sideend|p1: ProvidenceSP|Stealth Rock|[from] move: Rapid Spin|[of] p1a: Bussin\n|move|p2a: Landorus|Stone Edge|p1a: Bussin\n|-resisted|p1a: Bussin\n|-damage|p1a: Bussin|51\/100\n|\n|-heal|p2a: Landorus|85\/100|[from] item: Leftovers\n|upkeep\n|turn|10\n|\n|t:|1700535280\n|move|p1a: Bussin|Ice Spinner|p2a: Landorus\n|-supereffective|p2a: Landorus\n|-damage|p2a: Landorus|0 fnt\n|faint|p2a: Landorus\n|\n|upkeep\n|\n|t:|1700535283\n|switch|p2a: Gyarados|Gyarados, F, shiny|100\/100\n|turn|11\n|\n|t:|1700535288\n|move|p1a: Bussin|Stealth Rock|p2a: Gyarados\n|-sidestart|p2: Kayleb1718|move: Stealth Rock\n|move|p2a: Gyarados|Waterfall|p1a: Bussin\n|-supereffective|p1a: Bussin\n|-damage|p1a: Bussin|0 fnt\n|-damage|p2a: Gyarados|84\/100|[from] item: Rocky Helmet|[of] p1a: Bussin\n|faint|p1a: Bussin\n|-end|p1a: Bussin|Protosynthesis|[silent]\n|-ability|p2a: Gyarados|Moxie|boost\n|-boost|p2a: Gyarados|atk|1\n|\n|-heal|p2a: Gyarados|90\/100|[from] item: Leftovers\n|upkeep\n|\n|t:|1700535294\n|switch|p1a: Rizz|Thundurus-Therian, M|100\/100\n|turn|12\n|\n|t:|1700535300\n|move|p1a: Rizz|Volt Switch|p2a: Gyarados\n|-supereffective|p2a: Gyarados\n|-damage|p2a: Gyarados|0 fnt\n|faint|p2a: Gyarados\n|\n|t:|1700535306\n|switch|p1a: W|Cinderace, F|100\/100|[from] Volt Switch\n|\n|upkeep\n|\n|t:|1700535310\n|switch|p2a: Zamazenta|Zamazenta|100\/100\n|-damage|p2a: Zamazenta|94\/100|[from] Stealth Rock\n|-ability|p2a: Zamazenta|Dauntless Shield|boost\n|-boost|p2a: Zamazenta|def|1\n|turn|13\n|\n|t:|1700535316\n|move|p2a: Zamazenta|Psychic Fangs|p1a: W\n|-damage|p1a: W|60\/100\n|move|p1a: W|Will-O-Wisp|p2a: Zamazenta\n|-status|p2a: Zamazenta|brn\n|\n|-heal|p2a: Zamazenta|100\/100 brn|[from] item: Leftovers\n|-damage|p2a: Zamazenta|94\/100 brn|[from] brn\n|upkeep\n|turn|14\n|\n|t:|1700535321\n|move|p2a: Zamazenta|Psychic Fangs|p1a: W\n|-damage|p1a: W|41\/100\n|move|p1a: W|U-turn|p2a: Zamazenta\n|-start|p1a: W|typechange|Bug|[from] ability: Libero\n|-resisted|p2a: Zamazenta\n|-damage|p2a: Zamazenta|83\/100 brn\n|\n|t:|1700535324\n|switch|p1a: Rizz|Thundurus-Therian, M|100\/100|[from] U-turn\n|\n|-heal|p2a: Zamazenta|89\/100 brn|[from] item: Leftovers\n|-damage|p2a: Zamazenta|83\/100 brn|[from] brn\n|upkeep\n|turn|15\n|\n|t:|1700535336\n|move|p2a: Zamazenta|Play Rough|p1a: Rizz\n|-damage|p1a: Rizz|78\/100\n|move|p1a: Rizz|Volt Switch|p2a: Zamazenta\n|-damage|p2a: Zamazenta|26\/100 brn\n|\n|t:|1700535348\n|switch|p1a: W|Cinderace, F|41\/100|[from] Volt Switch\n|\n|-heal|p2a: Zamazenta|32\/100 brn|[from] item: Leftovers\n|-damage|p2a: Zamazenta|26\/100 brn|[from] brn\n|upkeep\n|turn|16\n|\n|t:|1700535361\n|switch|p1a: Rizz|Thundurus-Therian, M|78\/100\n|move|p2a: Zamazenta|Play Rough|p1a: Rizz\n|-damage|p1a: Rizz|57\/100\n|-unboost|p1a: Rizz|atk|1\n|\n|-heal|p2a: Zamazenta|32\/100 brn|[from] item: Leftovers\n|-damage|p2a: Zamazenta|26\/100 brn|[from] brn\n|upkeep\n|turn|17\n|\n|t:|1700535370\n|move|p2a: Zamazenta|Play Rough|p1a: Rizz\n|-damage|p1a: Rizz|34\/100\n|move|p1a: Rizz|Volt Switch|p2a: Zamazenta\n|-damage|p2a: Zamazenta|0 fnt\n|faint|p2a: Zamazenta\n|\n|t:|1700535380\n|switch|p1a: Slay|Kingambit, F|100\/100|[from] Volt Switch\n|-activate|p1a: Slay|ability: Supreme Overlord\n|-start|p1a: Slay|fallen3|[silent]\n|\n|upkeep\n|\n|t:|1700535383\n|switch|p2a: Kingambit|Kingambit, F, shiny|100\/100\n|-damage|p2a: Kingambit|94\/100|[from] Stealth Rock\n|-activate|p2a: Kingambit|ability: Supreme Overlord\n|-start|p2a: Kingambit|fallen5|[silent]\n|turn|18\n|\n|t:|1700535390\n|move|p2a: Kingambit|Brick Break|p1a: Slay\n|-supereffective|p1a: Slay\n|-damage|p1a: Slay|0 fnt\n|faint|p1a: Slay\n|-end|p1a: Slay|fallen3|[silent]\n|\n|-heal|p2a: Kingambit|100\/100|[from] item: Leftovers\n|upkeep\n|\n|t:|1700535392\n|switch|p1a: W|Cinderace, F|41\/100\n|turn|19\n|\n|t:|1700535399\n|-terastallize|p2a: Kingambit|Fairy\n|move|p2a: Kingambit|Sucker Punch|p1a: W\n|-damage|p1a: W|0 fnt\n|faint|p1a: W\n|\n|upkeep\n|\n|t:|1700535402\n|switch|p1a: Rizz|Thundurus-Therian, M|34\/100\n|turn|20\n|\n|t:|1700535409\n|move|p2a: Kingambit|Sucker Punch|p1a: Rizz\n|-damage|p1a: Rizz|0 fnt\n|faint|p1a: Rizz\n|\n|win|Kayleb1718\n|raw|ProvidenceSP's rating: 1175 &rarr; <strong>1143<\/strong><br \/>(-32 for losing)\n|raw|Kayleb1718's rating: 1078 &rarr; <strong>1114<\/strong><br \/>(+36 for winning)\n|l|\u2606ProvidenceSP\n","uploadtime":1700535423,"views":11,"p1id":"providencesp","p2id":"kayleb1718","formatid":"gen9ou","rating":1114,"private":0,"password":""}