{"id":"gen9ou-1997378524","p1":"brilliance12345678","p2":"Mr.X&Y97","format":"[Gen 9] OU","log":"|j|\u2606brilliance12345678\n|j|\u2606Mr.X&Y97\n|t:|1700796378\n|gametype|singles\n|player|p1|brilliance12345678|psychic-gen4|1480\n|player|p2|Mr.X&Y97|blue|1395\n|teamsize|p1|6\n|teamsize|p2|6\n|gen|9\n|tier|[Gen 9] OU\n|rated|\n|rule|Sleep Clause Mod: Limit one foe put to sleep\n|rule|Species Clause: Limit one of each Pok\u00e9mon\n|rule|OHKO Clause: OHKO moves are banned\n|rule|Evasion Items Clause: Evasion items are banned\n|rule|Evasion Moves Clause: Evasion moves are banned\n|rule|Endless Battle Clause: Forcing endless battles is banned\n|rule|HP Percentage Mod: HP is shown in percentages\n|clearpoke\n|poke|p1|Ribombee, F|\n|poke|p1|Gholdengo|\n|poke|p1|Enamorus, F|\n|poke|p1|Iron Moth|\n|poke|p1|Great Tusk|\n|poke|p1|Kingambit, F|\n|poke|p2|Gholdengo|\n|poke|p2|Kingambit, F|\n|poke|p2|Polteageist|\n|poke|p2|Indeedee, M|\n|poke|p2|Landorus-Therian, M|\n|poke|p2|Great Tusk|\n|teampreview\n|inactive|Battle timer is ON: inactive players will automatically lose when time's up. (requested by Mr.X&Y97)\n|inactive|brilliance12345678 has 120 seconds left.\n|inactive|Mr.X&Y97 has 120 seconds left.\n|\n|t:|1700796427\n|start\n|switch|p1a: Ribombee|Ribombee, F|100\/100\n|switch|p2a: Landorus|Landorus-Therian, M|100\/100\n|-ability|p2a: Landorus|Intimidate|boost\n|-unboost|p1a: Ribombee|atk|1\n|turn|1\n|\n|t:|1700796431\n|move|p1a: Ribombee|Sticky Web|p2a: Landorus\n|-sidestart|p2: Mr.X&Y97|move: Sticky Web\n|move|p2a: Landorus|Stealth Rock|p1a: Ribombee\n|-sidestart|p1: brilliance12345678|move: Stealth Rock\n|\n|upkeep\n|turn|2\n|\n|t:|1700796454\n|move|p1a: Ribombee|Stun Spore|p2a: Landorus|[miss]\n|-miss|p1a: Ribombee|p2a: Landorus\n|move|p2a: Landorus|U-turn|p1a: Ribombee\n|-resisted|p1a: Ribombee\n|-damage|p1a: Ribombee|79\/100\n|\n|t:|1700796459\n|switch|p2a: Great Tusk|Great Tusk|100\/100|[from] U-turn\n|-activate|p2a: Great Tusk|move: Sticky Web\n|-unboost|p2a: Great Tusk|spe|1\n|\n|upkeep\n|turn|3\n|inactive|brilliance12345678 has 120 seconds left.\n|\n|t:|1700796493\n|move|p1a: Ribombee|Moonblast|p2a: Great Tusk\n|-supereffective|p2a: Great Tusk\n|-damage|p2a: Great Tusk|28\/100\n|-unboost|p2a: Great Tusk|spa|1\n|move|p2a: Great Tusk|Rapid Spin|p1a: Ribombee\n|-damage|p1a: Ribombee|47\/100\n|-boost|p2a: Great Tusk|spe|1\n|-sideend|p2: Mr.X&Y97|Sticky Web|[from] move: Rapid Spin|[of] p2a: Great Tusk\n|\n|-heal|p2a: Great Tusk|34\/100|[from] item: Leftovers\n|upkeep\n|turn|4\n|\n|t:|1700796500\n|move|p1a: Ribombee|Moonblast|p2a: Great Tusk\n|-supereffective|p2a: Great Tusk\n|-damage|p2a: Great Tusk|0 fnt\n|faint|p2a: Great Tusk\n|-end|p2a: Great Tusk|Protosynthesis|[silent]\n|\n|upkeep\n|\n|t:|1700796510\n|switch|p2a: Indeedee|Indeedee, M|100\/100\n|-fieldstart|move: Psychic Terrain|[from] ability: Psychic Surge|[of] p2a: Indeedee\n|turn|5\n|inactive|brilliance12345678 has 120 seconds left.\n|\n|t:|1700796543\n|move|p1a: Ribombee|Sticky Web|p2a: Indeedee\n|-sidestart|p2: Mr.X&Y97|move: Sticky Web\n|move|p2a: Indeedee|Encore|p1a: Ribombee\n|-start|p1a: Ribombee|Encore\n|\n|upkeep\n|turn|6\n|\n|t:|1700796548\n|switch|p1a: Cheese string|Gholdengo|100\/100\n|-damage|p1a: Cheese string|94\/100|[from] Stealth Rock\n|-item|p1a: Cheese string|Air Balloon\n|switch|p2a: Polteageist|Polteageist|100\/100\n|-activate|p2a: Polteageist|move: Sticky Web\n|-unboost|p2a: Polteageist|spe|1\n|\n|upkeep\n|turn|7\n|\n|t:|1700796553\n|move|p1a: Cheese string|Shadow Ball|p2a: Polteageist\n|-supereffective|p2a: Polteageist\n|-damage|p2a: Polteageist|6\/100\n|-unboost|p2a: Polteageist|spd|1\n|move|p2a: Polteageist|Shell Smash|p2a: Polteageist\n|-unboost|p2a: Polteageist|def|1\n|-unboost|p2a: Polteageist|spd|1\n|-boost|p2a: Polteageist|atk|2\n|-boost|p2a: Polteageist|spa|2\n|-boost|p2a: Polteageist|spe|2\n|\n|upkeep\n|turn|8\n|\n|t:|1700796567\n|move|p2a: Polteageist|Shadow Ball|p1a: Cheese string\n|-supereffective|p1a: Cheese string\n|-damage|p1a: Cheese string|0 fnt\n|-enditem|p1a: Cheese string|Air Balloon\n|faint|p1a: Cheese string\n|\n|upkeep\n|inactive|brilliance12345678 has 120 seconds left.\n|\n|t:|1700796585\n|switch|p1a: Kingambit|Kingambit, F|100\/100\n|-damage|p1a: Kingambit|94\/100|[from] Stealth Rock\n|-activate|p1a: Kingambit|ability: Supreme Overlord\n|-start|p1a: Kingambit|fallen1|[silent]\n|turn|9\n|\n|t:|1700796588\n|-terastallize|p2a: Polteageist|Fighting\n|move|p2a: Polteageist|Tera Blast|p1a: Kingambit|[anim] Tera Blast Fighting\n|-supereffective|p1a: Kingambit\n|-damage|p1a: Kingambit|0 fnt\n|faint|p1a: Kingambit\n|-end|p1a: Kingambit|fallen1|[silent]\n|\n|upkeep\n|\n|t:|1700796594\n|switch|p1a: Ribombee|Ribombee, F|47\/100\n|-damage|p1a: Ribombee|22\/100|[from] Stealth Rock\n|turn|10\n|\n|t:|1700796599\n|move|p2a: Polteageist|Shadow Ball|p1a: Ribombee\n|-damage|p1a: Ribombee|0 fnt\n|faint|p1a: Ribombee\n|\n|upkeep\n|\n|t:|1700796616\n|switch|p1a: MOONBLAST|Enamorus, F|100\/100\n|-damage|p1a: MOONBLAST|76\/100|[from] Stealth Rock\n|turn|11\n|\n|t:|1700796619\n|move|p2a: Polteageist|Stored Power|p1a: MOONBLAST\n|-damage|p1a: MOONBLAST|0 fnt\n|faint|p1a: MOONBLAST\n|\n|upkeep\n|inactive|brilliance12345678 has 120 seconds left.\n|\n|t:|1700796649\n|switch|p1a: Great Tusk|Great Tusk|100\/100\n|-damage|p1a: Great Tusk|98\/100|[from] Stealth Rock\n|-enditem|p1a: Great Tusk|Booster Energy\n|-activate|p1a: Great Tusk|ability: Protosynthesis|[fromitem]\n|-start|p1a: Great Tusk|protosynthesisatk\n|turn|12\n|\n|t:|1700796653\n|move|p2a: Polteageist|Stored Power|p1a: Great Tusk\n|-supereffective|p1a: Great Tusk\n|-damage|p1a: Great Tusk|0 fnt\n|faint|p1a: Great Tusk\n|-end|p1a: Great Tusk|Protosynthesis|[silent]\n|\n|-fieldend|move: Psychic Terrain\n|upkeep\n|inactive|brilliance12345678 has 120 seconds left.\n|\n|t:|1700796658\n|switch|p1a: Iron Moth|Iron Moth|100\/100\n|-damage|p1a: Iron Moth|76\/100|[from] Stealth Rock\n|-enditem|p1a: Iron Moth|Booster Energy\n|-activate|p1a: Iron Moth|ability: Quark Drive|[fromitem]\n|-start|p1a: Iron Moth|quarkdrivespa\n|turn|13\n|\n|t:|1700796661\n|-terastallize|p1a: Iron Moth|Fairy\n|move|p2a: Polteageist|Stored Power|p1a: Iron Moth\n|-damage|p1a: Iron Moth|0 fnt\n|faint|p1a: Iron Moth\n|-end|p1a: Iron Moth|Quark Drive|[silent]\n|\n|win|Mr.X&Y97\n|raw|brilliance12345678's rating: 1480 &rarr; <strong>1455<\/strong><br \/>(-25 for losing)\n|raw|Mr.X&amp;Y97's rating: 1395 &rarr; <strong>1420<\/strong><br \/>(+25 for winning)\n|c|\u2606Mr.X&Y97|Ggs wp!\n","uploadtime":1700796672,"views":5,"p1id":"brilliance12345678","p2id":"mrxy97","formatid":"gen9ou","rating":1420,"private":0,"password":""}