{"id":"gen9ou-1991986998","p1":"PagaGeo","p2":"tony493931","format":"[Gen 9] OU","log":"|j|\u2606PagaGeo\n|j|\u2606tony493931\n|t:|1700145344\n|gametype|singles\n|player|p1|PagaGeo|riley|1300\n|player|p2|tony493931|1|1250\n|teamsize|p1|6\n|teamsize|p2|6\n|gen|9\n|tier|[Gen 9] OU\n|rated|\n|rule|Sleep Clause Mod: Limit one foe put to sleep\n|rule|Species Clause: Limit one of each Pok\u00e9mon\n|rule|OHKO Clause: OHKO moves are banned\n|rule|Evasion Items Clause: Evasion items are banned\n|rule|Evasion Moves Clause: Evasion moves are banned\n|rule|Endless Battle Clause: Forcing endless battles is banned\n|rule|HP Percentage Mod: HP is shown in percentages\n|clearpoke\n|poke|p1|Kingambit, M|\n|poke|p1|Great Tusk|\n|poke|p1|Dragapult, M|\n|poke|p1|Ogerpon-Wellspring, F|\n|poke|p1|Blissey, F|\n|poke|p1|Zapdos|\n|poke|p2|Glimmora, F|\n|poke|p2|Zamazenta-*|\n|poke|p2|Kingambit, F|\n|poke|p2|Cinderace, M|\n|poke|p2|Ninetales-Alola, M|\n|poke|p2|Gholdengo|\n|teampreview\n|inactive|Battle timer is ON: inactive players will automatically lose when time's up. (requested by PagaGeo)\n|\n|t:|1700145357\n|start\n|switch|p1a: Great Tusk|Great Tusk|100\/100\n|switch|p2a: Ninetales|Ninetales-Alola, M|100\/100\n|-weather|Snow|[from] ability: Snow Warning|[of] p2a: Ninetales\n|turn|1\n|\n|t:|1700145371\n|-end|p1a: Great Tusk|Protosynthesis|[silent]\n|switch|p1a: Blissey|Blissey, F|100\/100\n|move|p2a: Ninetales|Freeze-Dry|p1a: Blissey\n|-damage|p1a: Blissey|91\/100\n|\n|-weather|Snow|[upkeep]\n|upkeep\n|turn|2\n|\n|t:|1700145375\n|move|p2a: Ninetales|Aurora Veil|p2a: Ninetales\n|-sidestart|p2: tony493931|move: Aurora Veil\n|move|p1a: Blissey|Stealth Rock|p2a: Ninetales\n|-sidestart|p2: tony493931|move: Stealth Rock\n|\n|-weather|Snow|[upkeep]\n|upkeep\n|turn|3\n|\n|t:|1700145380\n|move|p2a: Ninetales|Encore|p1a: Blissey\n|-start|p1a: Blissey|Encore\n|move|p1a: Blissey|Stealth Rock||[still]\n|-fail|p1a: Blissey\n|\n|-weather|Snow|[upkeep]\n|upkeep\n|turn|4\n|\n|t:|1700145386\n|switch|p1a: Kingambit|Kingambit, M|100\/100\n|move|p2a: Ninetales|Freeze-Dry|p1a: Kingambit\n|-resisted|p1a: Kingambit\n|-damage|p1a: Kingambit|87\/100\n|\n|-weather|Snow|[upkeep]\n|upkeep\n|turn|5\n|\n|t:|1700145395\n|switch|p2a: Cinderace|Cinderace, M|100\/100\n|move|p1a: Kingambit|Iron Head|p2a: Cinderace\n|-resisted|p2a: Cinderace\n|-damage|p2a: Cinderace|85\/100\n|\n|-weather|none\n|upkeep\n|turn|6\n|\n|t:|1700145403\n|-end|p1a: Kingambit|fallenundefined|[silent]\n|switch|p1a: Great Tusk|Great Tusk|100\/100\n|move|p2a: Cinderace|U-turn|p1a: Great Tusk\n|-start|p2a: Cinderace|typechange|Bug|[from] ability: Libero\n|-resisted|p1a: Great Tusk\n|-damage|p1a: Great Tusk|90\/100\n|\n|t:|1700145406\n|switch|p2a: Gholdengo|Gholdengo|100\/100|[from] U-turn\n|-damage|p2a: Gholdengo|94\/100|[from] Stealth Rock\n|\n|-heal|p1a: Great Tusk|96\/100|[from] item: Leftovers\n|upkeep\n|turn|7\n|\n|t:|1700145415\n|-end|p1a: Great Tusk|Protosynthesis|[silent]\n|switch|p1a: Blissey|Blissey, F|91\/100\n|-terastallize|p2a: Gholdengo|Flying\n|move|p2a: Gholdengo|Trick|p1a: Blissey\n|-activate|p2a: Gholdengo|move: Trick|[of] p1a: Blissey\n|-item|p1a: Blissey|Choice Scarf|[from] move: Trick\n|-item|p2a: Gholdengo|Heavy-Duty Boots|[from] move: Trick\n|\n|upkeep\n|turn|8\n|\n|t:|1700145430\n|switch|p2a: Cinderace|Cinderace, M|85\/100\n|move|p1a: Blissey|Seismic Toss|p2a: Cinderace\n|-damage|p2a: Cinderace|52\/100\n|\n|upkeep\n|turn|9\n|\n|t:|1700145439\n|move|p2a: Cinderace|Pyro Ball|p1a: Blissey\n|-damage|p1a: Blissey|45\/100\n|move|p1a: Blissey|Seismic Toss|p2a: Cinderace\n|-damage|p2a: Cinderace|18\/100\n|\n|-sideend|p2: tony493931|move: Aurora Veil\n|upkeep\n|turn|10\n|\n|t:|1700145451\n|switch|p1a: Dragapult|Dragapult, M|100\/100\n|move|p2a: Cinderace|Court Change|p2a: Cinderace\n|-start|p2a: Cinderace|typechange|Normal|[from] ability: Libero\n|-swapsideconditions\n|-activate|p2a: Cinderace|move: Court Change\n|\n|upkeep\n|turn|11\n|\n|t:|1700145460\n|switch|p2a: Ninetales|Ninetales-Alola, M|100\/100\n|-weather|Snow|[from] ability: Snow Warning|[of] p2a: Ninetales\n|move|p1a: Dragapult|Flamethrower|p2a: Ninetales\n|-supereffective|p2a: Ninetales\n|-damage|p2a: Ninetales|8\/100\n|\n|-weather|Snow|[upkeep]\n|upkeep\n|turn|12\n|\n|t:|1700145467\n|move|p1a: Dragapult|Flamethrower|p2a: Ninetales\n|-supereffective|p2a: Ninetales\n|-damage|p2a: Ninetales|0 fnt\n|faint|p2a: Ninetales\n|\n|-weather|Snow|[upkeep]\n|upkeep\n|\n|t:|1700145477\n|switch|p2a: Gholdengo|Gholdengo, tera:Flying|94\/100\n|turn|13\n|\n|t:|1700145485\n|switch|p1a: Blissey|Blissey, F|45\/100\n|-damage|p1a: Blissey|32\/100|[from] Stealth Rock\n|move|p2a: Gholdengo|Thunder Wave|p1a: Blissey|[miss]\n|-miss|p2a: Gholdengo|p1a: Blissey\n|\n|-weather|Snow|[upkeep]\n|upkeep\n|turn|14\n|\n|t:|1700145490\n|move|p2a: Gholdengo|Make It Rain|p1a: Blissey\n|-damage|p1a: Blissey|11\/100\n|-unboost|p2a: Gholdengo|spa|1\n|move|p1a: Blissey|Soft-Boiled|p1a: Blissey\n|-heal|p1a: Blissey|61\/100\n|\n|-weather|Snow|[upkeep]\n|upkeep\n|turn|15\n|\n|t:|1700145494\n|switch|p2a: Glimmora|Glimmora, F|100\/100\n|move|p1a: Blissey|Soft-Boiled|p1a: Blissey\n|-heal|p1a: Blissey|100\/100\n|\n|-weather|none\n|upkeep\n|turn|16\n|\n|t:|1700145498\n|switch|p1a: Great Tusk|Great Tusk|96\/100\n|-damage|p1a: Great Tusk|93\/100|[from] Stealth Rock\n|move|p2a: Glimmora|Mortal Spin|p1a: Great Tusk\n|-resisted|p1a: Great Tusk\n|-damage|p1a: Great Tusk|91\/100\n|-status|p1a: Great Tusk|psn\n|\n|-heal|p1a: Great Tusk|98\/100 psn|[from] item: Leftovers\n|-damage|p1a: Great Tusk|85\/100 psn|[from] psn\n|upkeep\n|turn|17\n|\n|t:|1700145506\n|move|p1a: Great Tusk|Rapid Spin|p2a: Glimmora\n|-resisted|p2a: Glimmora\n|-damage|p2a: Glimmora|92\/100\n|-boost|p1a: Great Tusk|spe|1\n|-activate|p2a: Glimmora|ability: Toxic Debris\n|-sidestart|p1: PagaGeo|move: Toxic Spikes\n|-sideend|p1: PagaGeo|Toxic Spikes|[from] move: Rapid Spin|[of] p1a: Great Tusk\n|-sideend|p1: PagaGeo|Stealth Rock|[from] move: Rapid Spin|[of] p1a: Great Tusk\n|move|p2a: Glimmora|Earth Power|p1a: Great Tusk\n|-damage|p1a: Great Tusk|45\/100 psn\n|\n|-heal|p1a: Great Tusk|51\/100 psn|[from] item: Leftovers\n|-damage|p1a: Great Tusk|39\/100 psn|[from] psn\n|upkeep\n|turn|18\n|\n|t:|1700145515\n|switch|p2a: Gholdengo|Gholdengo, tera:Flying|94\/100\n|move|p1a: Great Tusk|Earthquake|p2a: Gholdengo\n|-immune|p2a: Gholdengo\n|\n|-heal|p1a: Great Tusk|45\/100 psn|[from] item: Leftovers\n|-damage|p1a: Great Tusk|32\/100 psn|[from] psn\n|upkeep\n|turn|19\n|\n|t:|1700145526\n|-end|p1a: Great Tusk|Protosynthesis|[silent]\n|switch|p1a: Zapdos|Zapdos|100\/100\n|move|p2a: Gholdengo|Make It Rain|p1a: Zapdos\n|-resisted|p1a: Zapdos\n|-damage|p1a: Zapdos|70\/100\n|-unboost|p2a: Gholdengo|spa|1\n|\n|upkeep\n|turn|20\n|\n|t:|1700145532\n|switch|p2a: Cinderace|Cinderace, M|18\/100\n|move|p1a: Zapdos|Volt Switch|p2a: Cinderace\n|-damage|p2a: Cinderace|0 fnt\n|faint|p2a: Cinderace\n|\n|t:|1700145549\n|switch|p1a: Dragapult|Dragapult, M|100\/100|[from] Volt Switch\n|\n|upkeep\n|\n|t:|1700145554\n|switch|p2a: Kingambit|Kingambit, F|100\/100\n|-activate|p2a: Kingambit|ability: Supreme Overlord\n|-start|p2a: Kingambit|fallen2|[silent]\n|turn|21\n|\n|t:|1700145563\n|switch|p1a: Great Tusk|Great Tusk|32\/100 psn\n|move|p2a: Kingambit|Kowtow Cleave|p1a: Great Tusk\n|-resisted|p1a: Great Tusk\n|-damage|p1a: Great Tusk|9\/100 psn\n|\n|-heal|p1a: Great Tusk|15\/100 psn|[from] item: Leftovers\n|-damage|p1a: Great Tusk|3\/100 psn|[from] psn\n|upkeep\n|turn|22\n|\n|t:|1700145572\n|move|p2a: Kingambit|Sucker Punch|p1a: Great Tusk\n|-resisted|p1a: Great Tusk\n|-damage|p1a: Great Tusk|0 fnt\n|faint|p1a: Great Tusk\n|-end|p1a: Great Tusk|Protosynthesis|[silent]\n|\n|upkeep\n|\n|t:|1700145573\n|switch|p1a: Ogerpon|Ogerpon-Wellspring, F|100\/100\n|turn|23\n|\n|t:|1700145577\n|-end|p2a: Kingambit|fallen2|[silent]\n|switch|p2a: Glimmora|Glimmora, F|92\/100\n|move|p1a: Ogerpon|Encore||[still]\n|-fail|p1a: Ogerpon\n|\n|upkeep\n|turn|24\n|\n|t:|1700145581\n|move|p1a: Ogerpon|Ivy Cudgel|p2a: Glimmora|[anim] Ivy Cudgel Water\n|-supereffective|p2a: Glimmora\n|-damage|p2a: Glimmora|0 fnt\n|-activate|p2a: Glimmora|ability: Toxic Debris\n|-sidestart|p1: PagaGeo|move: Toxic Spikes\n|faint|p2a: Glimmora\n|\n|upkeep\n|\n|t:|1700145593\n|switch|p2a: Zamazenta|Zamazenta|100\/100\n|-ability|p2a: Zamazenta|Dauntless Shield|boost\n|-boost|p2a: Zamazenta|def|1\n|turn|25\n|\n|t:|1700145600\n|move|p2a: Zamazenta|Iron Defense|p2a: Zamazenta\n|-boost|p2a: Zamazenta|def|2\n|move|p1a: Ogerpon|Power Whip|p2a: Zamazenta\n|-damage|p2a: Zamazenta|79\/100\n|\n|-heal|p2a: Zamazenta|85\/100|[from] item: Leftovers\n|upkeep\n|turn|26\n|\n|t:|1700145607\n|move|p2a: Zamazenta|Body Press|p1a: Ogerpon\n|-damage|p1a: Ogerpon|6\/100\n|move|p1a: Ogerpon|Encore|p2a: Zamazenta\n|-start|p2a: Zamazenta|Encore\n|\n|-heal|p2a: Zamazenta|91\/100|[from] item: Leftovers\n|upkeep\n|turn|27\n|\n|t:|1700145611\n|switch|p1a: Dragapult|Dragapult, M|100\/100\n|-status|p1a: Dragapult|psn\n|move|p2a: Zamazenta|Body Press|p1a: Dragapult\n|-immune|p1a: Dragapult\n|\n|-heal|p2a: Zamazenta|97\/100|[from] item: Leftovers\n|-damage|p1a: Dragapult|88\/100 psn|[from] psn\n|upkeep\n|turn|28\n|\n|t:|1700145619\n|switch|p2a: Gholdengo|Gholdengo, tera:Flying|94\/100\n|move|p1a: Dragapult|Flamethrower|p2a: Gholdengo\n|-damage|p2a: Gholdengo|48\/100\n|\n|-damage|p1a: Dragapult|76\/100 psn|[from] psn\n|upkeep\n|turn|29\n|\n|t:|1700145625\n|move|p1a: Dragapult|Flamethrower|p2a: Gholdengo\n|-damage|p2a: Gholdengo|1\/100\n|move|p2a: Gholdengo|Hex|p1a: Dragapult\n|-supereffective|p1a: Dragapult\n|-damage|p1a: Dragapult|0 fnt\n|faint|p1a: Dragapult\n|\n|upkeep\n|\n|t:|1700145644\n|switch|p1a: Ogerpon|Ogerpon-Wellspring, F|6\/100\n|-status|p1a: Ogerpon|psn\n|turn|30\n|\n|t:|1700145652\n|move|p1a: Ogerpon|U-turn|p2a: Gholdengo\n|-resisted|p2a: Gholdengo\n|-damage|p2a: Gholdengo|0 fnt\n|faint|p2a: Gholdengo\n|\n|t:|1700145665\n|switch|p1a: Zapdos|Zapdos|70\/100|[from] U-turn\n|\n|upkeep\n|\n|t:|1700145667\n|switch|p2a: Kingambit|Kingambit, F|100\/100\n|-activate|p2a: Kingambit|ability: Supreme Overlord\n|-start|p2a: Kingambit|fallen4|[silent]\n|turn|31\n|\n|t:|1700145671\n|move|p1a: Zapdos|Heat Wave|p2a: Kingambit\n|-supereffective|p2a: Kingambit\n|-damage|p2a: Kingambit|49\/100\n|move|p2a: Kingambit|Kowtow Cleave|p1a: Zapdos\n|-damage|p1a: Zapdos|0 fnt\n|faint|p1a: Zapdos\n|\n|upkeep\n|\n|t:|1700145681\n|switch|p1a: Ogerpon|Ogerpon-Wellspring, F|6\/100 psn\n|turn|32\n|\n|t:|1700145685\n|-end|p2a: Kingambit|fallen4|[silent]\n|switch|p2a: Zamazenta|Zamazenta|97\/100\n|move|p1a: Ogerpon|Encore||[still]\n|-fail|p1a: Ogerpon\n|\n|-heal|p2a: Zamazenta|100\/100|[from] item: Leftovers\n|-damage|p1a: Ogerpon|0 fnt|[from] psn\n|faint|p1a: Ogerpon\n|upkeep\n|\n|t:|1700145691\n|switch|p1a: Kingambit|Kingambit, M|87\/100\n|-activate|p1a: Kingambit|ability: Supreme Overlord\n|-start|p1a: Kingambit|fallen4|[silent]\n|turn|33\n|\n|t:|1700145695\n|-terastallize|p1a: Kingambit|Dark\n|move|p2a: Zamazenta|Body Press|p1a: Kingambit\n|-supereffective|p1a: Kingambit\n|-damage|p1a: Kingambit|36\/100\n|move|p1a: Kingambit|Swords Dance|p1a: Kingambit\n|-boost|p1a: Kingambit|atk|2\n|\n|upkeep\n|turn|34\n|\n|t:|1700145700\n|move|p1a: Kingambit|Sucker Punch||[still]\n|-fail|p1a: Kingambit\n|move|p2a: Zamazenta|Roar|p1a: Kingambit\n|-end|p1a: Kingambit|fallen4|[silent]\n|drag|p1a: Blissey|Blissey, F|100\/100\n|-status|p1a: Blissey|psn\n|\n|-damage|p1a: Blissey|88\/100 psn|[from] psn\n|upkeep\n|turn|35\n|-message|PagaGeo forfeited.\n|\n|win|tony493931\n|raw|PagaGeo's rating: 1300 &rarr; <strong>1271<\/strong><br \/>(-29 for losing)\n|raw|tony493931's rating: 1250 &rarr; <strong>1279<\/strong><br \/>(+29 for winning)\n|l|\u2606PagaGeo\n|c|\u2606tony493931|Nice try\n","uploadtime":1700146039,"views":6,"p1id":"pagageo","p2id":"tony493931","formatid":"gen9ou","rating":1271,"private":0,"password":""}