{"id":"gen9ou-1997475216","p1":"21affan","p2":"StinkyBinky609","format":"[Gen 9] OU","log":"|j|\u260621affan\n|j|\u2606StinkyBinky609\n|t:|1700811869\n|gametype|singles\n|player|p1|21affan|102|1118\n|player|p2|StinkyBinky609|drayden|1203\n|teamsize|p1|6\n|teamsize|p2|6\n|gen|9\n|tier|[Gen 9] OU\n|rated|\n|rule|Sleep Clause Mod: Limit one foe put to sleep\n|rule|Species Clause: Limit one of each Pok\u00e9mon\n|rule|OHKO Clause: OHKO moves are banned\n|rule|Evasion Items Clause: Evasion items are banned\n|rule|Evasion Moves Clause: Evasion moves are banned\n|rule|Endless Battle Clause: Forcing endless battles is banned\n|rule|HP Percentage Mod: HP is shown in percentages\n|clearpoke\n|poke|p1|Vikavolt, F|\n|poke|p1|Enamorus, F|\n|poke|p1|Great Tusk|\n|poke|p1|Gholdengo|\n|poke|p1|Kommo-o, F|\n|poke|p1|Iron Moth|\n|poke|p2|Great Tusk|\n|poke|p2|Chandelure, M|\n|poke|p2|Kilowattrel, M|\n|poke|p2|Iron Valiant|\n|poke|p2|Piloswine, M|\n|poke|p2|Ludicolo, F|\n|teampreview\n|\n|t:|1700811889\n|start\n|switch|p1a: Vikavolt|Vikavolt, F|100\/100\n|switch|p2a: Elon Musk|Great Tusk|100\/100\n|turn|1\n|\n|t:|1700811900\n|move|p2a: Elon Musk|Ice Spinner|p1a: Vikavolt\n|-damage|p1a: Vikavolt|71\/100\n|move|p1a: Vikavolt|Sticky Web|p2a: Elon Musk\n|-sidestart|p2: StinkyBinky609|move: Sticky Web\n|\n|upkeep\n|turn|2\n|\n|t:|1700811916\n|move|p2a: Elon Musk|Ice Spinner|p1a: Vikavolt\n|-damage|p1a: Vikavolt|40\/100\n|move|p1a: Vikavolt|Bug Buzz|p2a: Elon Musk\n|-resisted|p2a: Elon Musk\n|-damage|p2a: Elon Musk|75\/100\n|\n|upkeep\n|turn|3\n|\n|t:|1700811950\n|move|p2a: Elon Musk|Rapid Spin|p1a: Vikavolt\n|-damage|p1a: Vikavolt|20\/100\n|-boost|p2a: Elon Musk|spe|1\n|-sideend|p2: StinkyBinky609|Sticky Web|[from] move: Rapid Spin|[of] p2a: Elon Musk\n|move|p1a: Vikavolt|Bug Buzz|p2a: Elon Musk\n|-resisted|p2a: Elon Musk\n|-damage|p2a: Elon Musk|49\/100\n|\n|upkeep\n|turn|4\n|inactive|Battle timer is ON: inactive players will automatically lose when time's up. (requested by StinkyBinky609)\n|\n|t:|1700811958\n|move|p2a: Elon Musk|Ice Spinner|p1a: Vikavolt\n|-damage|p1a: Vikavolt|0 fnt\n|faint|p1a: Vikavolt\n|\n|upkeep\n|\n|t:|1700811970\n|switch|p1a: Great Tusk|Great Tusk|100\/100\n|-enditem|p1a: Great Tusk|Booster Energy\n|-activate|p1a: Great Tusk|ability: Protosynthesis|[fromitem]\n|-start|p1a: Great Tusk|protosynthesisatk\n|turn|5\n|\n|t:|1700811974\n|move|p2a: Elon Musk|Ice Spinner|p1a: Great Tusk\n|-supereffective|p1a: Great Tusk\n|-damage|p1a: Great Tusk|58\/100\n|move|p1a: Great Tusk|Ice Spinner|p2a: Elon Musk\n|-supereffective|p2a: Elon Musk\n|-damage|p2a: Elon Musk|0 fnt\n|faint|p2a: Elon Musk\n|-end|p2a: Elon Musk|Protosynthesis|[silent]\n|\n|upkeep\n|\n|t:|1700811981\n|switch|p2a: Trash|Iron Valiant|100\/100\n|turn|6\n|\n|t:|1700811992\n|-end|p1a: Great Tusk|Protosynthesis|[silent]\n|switch|p1a: Gholdengo|Gholdengo|100\/100\n|-item|p1a: Gholdengo|Air Balloon\n|move|p2a: Trash|Light Screen|p2a: Trash\n|-sidestart|p2: StinkyBinky609|move: Light Screen\n|\n|upkeep\n|turn|7\n|\n|t:|1700811999\n|-end|p2a: Trash|Quark Drive|[silent]\n|switch|p2a: Chandy|Chandelure, M|100\/100\n|move|p1a: Gholdengo|Psyshock|p2a: Chandy\n|-damage|p2a: Chandy|81\/100\n|\n|upkeep\n|turn|8\n|\n|t:|1700812009\n|switch|p1a: Great Tusk|Great Tusk|58\/100\n|-terastallize|p2a: Chandy|Fire\n|move|p2a: Chandy|Overheat|p1a: Great Tusk\n|-damage|p1a: Great Tusk|0 fnt\n|-unboost|p2a: Chandy|spa|2\n|faint|p1a: Great Tusk\n|-end|p1a: Great Tusk|Protosynthesis|[silent]\n|\n|upkeep\n|\n|t:|1700812021\n|switch|p1a: Enamorus|Enamorus, F, shiny|100\/100\n|turn|9\n|\n|t:|1700812025\n|move|p1a: Enamorus|Earth Power|p2a: Chandy\n|-supereffective|p2a: Chandy\n|-damage|p2a: Chandy|22\/100\n|-damage|p1a: Enamorus|91\/100|[from] item: Life Orb\n|move|p2a: Chandy|Overheat|p1a: Enamorus\n|-damage|p1a: Enamorus|0 fnt\n|-unboost|p2a: Chandy|spa|2\n|faint|p1a: Enamorus\n|\n|upkeep\n|\n|t:|1700812048\n|switch|p1a: Gholdengo|Gholdengo|100\/100\n|-item|p1a: Gholdengo|Air Balloon\n|turn|10\n|\n|t:|1700812058\n|switch|p2a: Ogerpon-Shitspring|Ludicolo, F|100\/100\n|move|p1a: Gholdengo|Thunderbolt|p2a: Ogerpon-Shitspring\n|-damage|p2a: Ogerpon-Shitspring|83\/100\n|-status|p2a: Ogerpon-Shitspring|par\n|\n|upkeep\n|turn|11\n|\n|t:|1700812068\n|move|p1a: Gholdengo|Psyshock|p2a: Ogerpon-Shitspring\n|-damage|p2a: Ogerpon-Shitspring|63\/100 par\n|cant|p2a: Ogerpon-Shitspring|par\n|\n|upkeep\n|turn|12\n|\n|t:|1700812076\n|switch|p1a: Kommo-o|Kommo-o, F|100\/100\n|move|p2a: Ogerpon-Shitspring|Hydro Pump|p1a: Kommo-o\n|-resisted|p1a: Kommo-o\n|-damage|p1a: Kommo-o|55\/100\n|\n|-heal|p1a: Kommo-o|61\/100|[from] item: Leftovers\n|upkeep\n|turn|13\n|\n|t:|1700812082\n|move|p1a: Kommo-o|Clangorous Soul|p1a: Kommo-o\n|-boost|p1a: Kommo-o|atk|1\n|-boost|p1a: Kommo-o|def|1\n|-boost|p1a: Kommo-o|spa|1\n|-boost|p1a: Kommo-o|spd|1\n|-boost|p1a: Kommo-o|spe|1\n|-damage|p1a: Kommo-o|28\/100\n|move|p2a: Ogerpon-Shitspring|Hydro Pump|p1a: Kommo-o|[miss]\n|-miss|p2a: Ogerpon-Shitspring|p1a: Kommo-o\n|\n|-heal|p1a: Kommo-o|35\/100|[from] item: Leftovers\n|-sideend|p2: StinkyBinky609|move: Light Screen\n|upkeep\n|turn|14\n|\n|t:|1700812086\n|move|p1a: Kommo-o|Drain Punch|p2a: Ogerpon-Shitspring\n|-damage|p2a: Ogerpon-Shitspring|3\/100 par\n|-heal|p1a: Kommo-o|65\/100|[from] drain|[of] p2a: Ogerpon-Shitspring\n|move|p2a: Ogerpon-Shitspring|Hydro Pump|p1a: Kommo-o\n|-resisted|p1a: Kommo-o\n|-damage|p1a: Kommo-o|32\/100\n|\n|-heal|p1a: Kommo-o|39\/100|[from] item: Leftovers\n|upkeep\n|turn|15\n|\n|t:|1700812092\n|move|p1a: Kommo-o|Drain Punch|p2a: Ogerpon-Shitspring\n|-damage|p2a: Ogerpon-Shitspring|0 fnt\n|-heal|p1a: Kommo-o|40\/100|[from] drain|[of] p2a: Ogerpon-Shitspring\n|faint|p2a: Ogerpon-Shitspring\n|\n|-heal|p1a: Kommo-o|46\/100|[from] item: Leftovers\n|upkeep\n|\n|t:|1700812095\n|switch|p2a: Trash|Iron Valiant|100\/100\n|turn|16\n|\n|t:|1700812107\n|move|p1a: Kommo-o|Flamethrower|p2a: Trash\n|-damage|p2a: Trash|44\/100\n|-status|p2a: Trash|brn\n|move|p2a: Trash|Moonblast|p1a: Kommo-o\n|-supereffective|p1a: Kommo-o\n|-damage|p1a: Kommo-o|0 fnt\n|faint|p1a: Kommo-o\n|\n|-damage|p2a: Trash|38\/100 brn|[from] brn\n|upkeep\n|\n|t:|1700812120\n|switch|p1a: Gholdengo|Gholdengo|100\/100\n|-item|p1a: Gholdengo|Air Balloon\n|turn|17\n|c|\u2606StinkyBinky609|Pure luck\n|\n|t:|1700812124\n|move|p2a: Trash|Light Screen|p2a: Trash\n|-sidestart|p2: StinkyBinky609|move: Light Screen\n|move|p1a: Gholdengo|Psyshock|p2a: Trash\n|-supereffective|p2a: Trash\n|-damage|p2a: Trash|8\/100 brn\n|\n|-damage|p2a: Trash|2\/100 brn|[from] brn\n|upkeep\n|turn|18\n|\n|t:|1700812130\n|move|p2a: Trash|Moonblast|p1a: Gholdengo\n|-resisted|p1a: Gholdengo\n|-damage|p1a: Gholdengo|76\/100\n|-enditem|p1a: Gholdengo|Air Balloon\n|move|p1a: Gholdengo|Psyshock|p2a: Trash\n|-supereffective|p2a: Trash\n|-damage|p2a: Trash|0 fnt\n|faint|p2a: Trash\n|-end|p2a: Trash|Quark Drive|[silent]\n|\n|upkeep\n|\n|t:|1700812139\n|switch|p2a: Small Tusk|Piloswine, M|100\/100\n|turn|19\n|\n|t:|1700812154\n|move|p1a: Gholdengo|Make It Rain|p2a: Small Tusk\n|-supereffective|p2a: Small Tusk\n|-damage|p2a: Small Tusk|42\/100\n|-unboost|p1a: Gholdengo|spa|1\n|move|p2a: Small Tusk|Earthquake|p1a: Gholdengo\n|-supereffective|p1a: Gholdengo\n|-damage|p1a: Gholdengo|0 fnt\n|faint|p1a: Gholdengo\n|\n|upkeep\n|\n|t:|1700812163\n|switch|p1a: Iron Moth|Iron Moth|100\/100\n|-enditem|p1a: Iron Moth|Booster Energy\n|-activate|p1a: Iron Moth|ability: Quark Drive|[fromitem]\n|-start|p1a: Iron Moth|quarkdrivespe\n|turn|20\n|\n|t:|1700812171\n|-terastallize|p1a: Iron Moth|Ground\n|move|p1a: Iron Moth|Fiery Dance|p2a: Small Tusk\n|-supereffective|p2a: Small Tusk\n|-damage|p2a: Small Tusk|25\/100\n|move|p2a: Small Tusk|Scary Face|p1a: Iron Moth\n|-unboost|p1a: Iron Moth|spe|2\n|\n|upkeep\n|turn|21\n|\n|t:|1700812182\n|move|p2a: Small Tusk|Ice Shard|p1a: Iron Moth\n|-supereffective|p1a: Iron Moth\n|-damage|p1a: Iron Moth|42\/100\n|move|p1a: Iron Moth|Fiery Dance|p2a: Small Tusk\n|-supereffective|p2a: Small Tusk\n|-damage|p2a: Small Tusk|8\/100\n|\n|upkeep\n|turn|22\n|\n|t:|1700812188\n|move|p2a: Small Tusk|Ice Shard|p1a: Iron Moth\n|-supereffective|p1a: Iron Moth\n|-damage|p1a: Iron Moth|0 fnt\n|faint|p1a: Iron Moth\n|-end|p1a: Iron Moth|Quark Drive|[silent]\n|\n|win|StinkyBinky609\n|raw|21affan's rating: 1118 &rarr; <strong>1099<\/strong><br \/>(-19 for losing)\n|raw|StinkyBinky609's rating: 1203 &rarr; <strong>1222<\/strong><br \/>(+19 for winning)\n|l|\u260621affan\n","uploadtime":1700812193,"views":2,"p1id":"21affan","p2id":"stinkybinky609","formatid":"gen9ou","rating":1099,"private":0,"password":""}