{"id":"gen9ou-1990623191","p1":"TDAWG282","p2":"shermo","format":"[Gen 9] OU","log":"|j|\u2606TDAWG282\n|j|\u2606shermo\n|t:|1699986557\n|gametype|singles\n|player|p1|TDAWG282|265|1217\n|player|p2|shermo|101|1237\n|teamsize|p1|6\n|teamsize|p2|6\n|gen|9\n|tier|[Gen 9] OU\n|rated|\n|rule|Sleep Clause Mod: Limit one foe put to sleep\n|rule|Species Clause: Limit one of each Pok\u00e9mon\n|rule|OHKO Clause: OHKO moves are banned\n|rule|Evasion Items Clause: Evasion items are banned\n|rule|Evasion Moves Clause: Evasion moves are banned\n|rule|Endless Battle Clause: Forcing endless battles is banned\n|rule|HP Percentage Mod: HP is shown in percentages\n|clearpoke\n|poke|p1|Dragapult, M|\n|poke|p1|Manaphy|\n|poke|p1|Kingambit, M|\n|poke|p1|Iron Valiant|\n|poke|p1|Ogerpon-Cornerstone, F|\n|poke|p1|Iron Moth|\n|poke|p2|Empoleon, M|\n|poke|p2|Ceruledge, F|\n|poke|p2|Ting-Lu|\n|poke|p2|Sneasler, M|\n|poke|p2|Zoroark-Hisui, F|\n|poke|p2|Toxapex, M|\n|teampreview\n|inactive|Battle timer is ON: inactive players will automatically lose when time's up. (requested by TDAWG282)\n|inactive|TDAWG282 has 120 seconds left.\n|inactive|shermo has 120 seconds left.\n|\n|t:|1699986591\n|start\n|switch|p1a: Dragapult|Dragapult, M|100\/100\n|switch|p2a: Empoleon|Empoleon, M|100\/100\n|turn|1\n|\n|t:|1699986610\n|move|p1a: Dragapult|Reflect|p1a: Dragapult\n|-sidestart|p1: TDAWG282|Reflect\n|move|p2a: Empoleon|Agility|p2a: Empoleon\n|-boost|p2a: Empoleon|spe|2\n|\n|upkeep\n|turn|2\n|\n|t:|1699986616\n|move|p2a: Empoleon|Ice Beam|p1a: Dragapult\n|-supereffective|p1a: Dragapult\n|-damage|p1a: Dragapult|7\/100\n|-damage|p2a: Empoleon|91\/100|[from] item: Life Orb\n|move|p1a: Dragapult|Curse|p2a: Empoleon\n|-start|p2a: Empoleon|Curse|[of] p1a: Dragapult\n|-damage|p1a: Dragapult|0 fnt\n|faint|p1a: Dragapult\n|\n|-damage|p2a: Empoleon|66\/100|[from] Curse\n|upkeep\n|\n|t:|1699986642\n|switch|p1a: Manaphy|Manaphy|100\/100\n|turn|3\n|\n|t:|1699986647\n|move|p2a: Empoleon|Flash Cannon|p1a: Manaphy\n|-resisted|p1a: Manaphy\n|-damage|p1a: Manaphy|78\/100\n|-damage|p2a: Empoleon|56\/100|[from] item: Life Orb\n|move|p1a: Manaphy|Take Heart|p1a: Manaphy\n|-boost|p1a: Manaphy|spa|1\n|-boost|p1a: Manaphy|spd|1\n|\n|-heal|p1a: Manaphy|84\/100|[from] item: Leftovers\n|-damage|p2a: Empoleon|31\/100|[from] Curse\n|upkeep\n|turn|4\n|\n|t:|1699986658\n|move|p2a: Empoleon|Ice Beam|p1a: Manaphy\n|-resisted|p1a: Manaphy\n|-damage|p1a: Manaphy|72\/100\n|-damage|p2a: Empoleon|22\/100|[from] item: Life Orb\n|move|p1a: Manaphy|Acid Armor|p1a: Manaphy\n|-boost|p1a: Manaphy|def|2\n|\n|-heal|p1a: Manaphy|78\/100|[from] item: Leftovers\n|-damage|p2a: Empoleon|0 fnt|[from] Curse\n|faint|p2a: Empoleon\n|upkeep\n|\n|t:|1699986675\n|switch|p2a: Toxapex|Toxapex, M|100\/100\n|turn|5\n|\n|t:|1699986684\n|-terastallize|p1a: Manaphy|Poison\n|move|p2a: Toxapex|Hyper Voice|p1a: Manaphy\n|-damage|p1a: Manaphy|41\/100\n|move|p1a: Manaphy|Take Heart|p1a: Manaphy\n|-boost|p1a: Manaphy|spa|1\n|-boost|p1a: Manaphy|spd|1\n|\n|-heal|p1a: Manaphy|47\/100|[from] item: Leftovers\n|upkeep\n|turn|6\n|\n|t:|1699986694\n|move|p2a: Toxapex|Hyper Voice|p1a: Manaphy\n|-damage|p1a: Manaphy|18\/100\n|move|p1a: Manaphy|Stored Power|p2a: Toxapex\n|-damage|p2a: Toxapex|0 fnt\n|replace|p2a: Zoroark|Zoroark-Hisui, F\n|-end|p2a: Zoroark|Illusion\n|faint|p2a: Zoroark\n|\n|-heal|p1a: Manaphy|24\/100|[from] item: Leftovers\n|upkeep\n|-message|shermo forfeited.\n|\n|win|TDAWG282\n|raw|TDAWG282's rating: 1217 &rarr; <strong>1243<\/strong><br \/>(+26 for winning)\n|raw|shermo's rating: 1237 &rarr; <strong>1211<\/strong><br \/>(-26 for losing)\n|l|\u2606shermo\n","uploadtime":1699986724,"views":5,"p1id":"tdawg282","p2id":"shermo","formatid":"gen9ou","rating":1211,"private":0,"password":""}