{"id":"gen9ou-1993581151","p1":"BPLD","p2":"Mr. Cip","format":"[Gen 9] OU","log":"|j|\u2606BPLD\n|j|\u2606Mr. Cip\n|t:|1700334072\n|gametype|singles\n|player|p1|BPLD|266|\n|player|p2|Mr. Cip|roxie|\n|teamsize|p1|6\n|teamsize|p2|6\n|gen|9\n|tier|[Gen 9] OU\n|rule|Sleep Clause Mod: Limit one foe put to sleep\n|rule|Species Clause: Limit one of each Pok\u00e9mon\n|rule|OHKO Clause: OHKO moves are banned\n|rule|Evasion Items Clause: Evasion items are banned\n|rule|Evasion Moves Clause: Evasion moves are banned\n|rule|Endless Battle Clause: Forcing endless battles is banned\n|rule|HP Percentage Mod: HP is shown in percentages\n|clearpoke\n|poke|p1|Lycanroc, F|\n|poke|p1|Zapdos|\n|poke|p1|Great Tusk|\n|poke|p1|Dusclops, F|\n|poke|p1|Ogerpon-Wellspring, F|\n|poke|p1|Articuno-Galar|\n|poke|p2|Garchomp, F|\n|poke|p2|Scizor, M|\n|poke|p2|Samurott-Hisui, M|\n|poke|p2|Brambleghast, F|\n|poke|p2|Oricorio, F|\n|poke|p2|Grimmsnarl, M|\n|teampreview\n|c|\u2606Mr. Cip|glhf!\n|\n|t:|1700334130\n|start\n|switch|p1a: Great Tusk|Great Tusk|100\/100\n|switch|p2a: Brambleghast|Brambleghast, F|100\/100\n|turn|1\n|\n|t:|1700334142\n|move|p2a: Brambleghast|Power Whip|p1a: Great Tusk\n|-supereffective|p1a: Great Tusk\n|-damage|p1a: Great Tusk|25\/100\n|move|p1a: Great Tusk|Knock Off|p2a: Brambleghast\n|-supereffective|p2a: Brambleghast\n|-damage|p2a: Brambleghast|3\/100\n|-enditem|p2a: Brambleghast|Leftovers|[from] move: Knock Off|[of] p1a: Great Tusk\n|\n|upkeep\n|turn|2\n|\n|t:|1700334161\n|-end|p1a: Great Tusk|Protosynthesis|[silent]\n|switch|p1a: Zapdos|Zapdos|100\/100\n|move|p2a: Brambleghast|Poltergeist|p1a: Zapdos\n|-activate|p1a: Zapdos|move: Poltergeist|Heavy-Duty Boots\n|-damage|p1a: Zapdos|58\/100\n|\n|upkeep\n|turn|3\n|\n|t:|1700334171\n|move|p2a: Brambleghast|Shadow Sneak|p1a: Zapdos\n|-damage|p1a: Zapdos|39\/100\n|move|p1a: Zapdos|U-turn|p2a: Brambleghast\n|-damage|p2a: Brambleghast|0 fnt\n|faint|p2a: Brambleghast\n|\n|t:|1700334187\n|switch|p1a: Ogerpon|Ogerpon-Wellspring, F|100\/100|[from] U-turn\n|\n|upkeep\n|\n|t:|1700334234\n|switch|p2a: Scizor|Scizor, M|100\/100\n|turn|4\n|\n|t:|1700334256\n|switch|p1a: Dusclops|Dusclops, F|100\/100\n|-item|p2a: Scizor|Life Orb|[from] ability: Frisk|[of] p1a: Dusclops|[identify]\n|move|p2a: Scizor|Swords Dance|p2a: Scizor\n|-boost|p2a: Scizor|atk|2\n|\n|upkeep\n|turn|5\n|\n|t:|1700334267\n|move|p2a: Scizor|Knock Off|p1a: Dusclops\n|-supereffective|p1a: Dusclops\n|-damage|p1a: Dusclops|0 fnt\n|-enditem|p1a: Dusclops|Eviolite|[from] move: Knock Off|[of] p2a: Scizor\n|faint|p1a: Dusclops\n|-damage|p2a: Scizor|91\/100|[from] item: Life Orb\n|\n|upkeep\n|\n|t:|1700334295\n|switch|p1a: Articuno|Articuno-Galar|100\/100\n|turn|6\n|\n|t:|1700334308\n|-terastallize|p1a: Articuno|Fighting\n|move|p1a: Articuno|Tera Blast|p2a: Scizor|[anim] Tera Blast Fighting\n|-damage|p2a: Scizor|49\/100\n|move|p2a: Scizor|Knock Off|p1a: Articuno\n|-resisted|p1a: Articuno\n|-damage|p1a: Articuno|51\/100\n|-enditem|p1a: Articuno|Heavy-Duty Boots|[from] move: Knock Off|[of] p2a: Scizor\n|-damage|p2a: Scizor|40\/100|[from] item: Life Orb\n|\n|upkeep\n|turn|7\n|\n|t:|1700334322\n|move|p2a: Scizor|Bullet Punch|p1a: Articuno\n|-damage|p1a: Articuno|0 fnt\n|faint|p1a: Articuno\n|-damage|p2a: Scizor|30\/100|[from] item: Life Orb\n|\n|upkeep\n|\n|t:|1700334327\n|switch|p1a: Ogerpon|Ogerpon-Wellspring, F|100\/100\n|turn|8\n|\n|t:|1700334332\n|move|p2a: Scizor|Bullet Punch|p1a: Ogerpon\n|-resisted|p1a: Ogerpon\n|-damage|p1a: Ogerpon|44\/100\n|-damage|p2a: Scizor|20\/100|[from] item: Life Orb\n|move|p1a: Ogerpon|Ivy Cudgel|p2a: Scizor|[anim] Ivy Cudgel Water\n|-crit|p2a: Scizor\n|-damage|p2a: Scizor|0 fnt\n|faint|p2a: Scizor\n|\n|upkeep\n|\n|t:|1700334356\n|switch|p2a: Grimmsnarl|Grimmsnarl, M|100\/100\n|turn|9\n|\n|t:|1700334361\n|move|p1a: Ogerpon|Horn Leech|p2a: Grimmsnarl\n|-damage|p2a: Grimmsnarl|48\/100\n|-heal|p1a: Ogerpon|77\/100|[from] drain|[of] p2a: Grimmsnarl\n|move|p2a: Grimmsnarl|Spirit Break|p1a: Ogerpon\n|-damage|p1a: Ogerpon|40\/100\n|-unboost|p1a: Ogerpon|spa|1\n|\n|upkeep\n|turn|10\n|\n|t:|1700334372\n|switch|p2a: Garchomp|Garchomp, F|100\/100\n|move|p1a: Ogerpon|Horn Leech|p2a: Garchomp\n|-damage|p2a: Garchomp|70\/100\n|-heal|p1a: Ogerpon|60\/100|[from] drain|[of] p2a: Garchomp\n|-damage|p1a: Ogerpon|48\/100|[from] ability: Rough Skin|[of] p2a: Garchomp\n|-damage|p1a: Ogerpon|31\/100|[from] item: Rocky Helmet|[of] p2a: Garchomp\n|\n|upkeep\n|turn|11\n|\n|t:|1700334381\n|switch|p1a: Zapdos|Zapdos|39\/100\n|move|p2a: Garchomp|Stealth Rock|p1a: Zapdos\n|-sidestart|p1: BPLD|move: Stealth Rock\n|\n|upkeep\n|turn|12\n|\n|t:|1700334400\n|switch|p2a: Grimmsnarl|Grimmsnarl, M|48\/100\n|move|p1a: Zapdos|Roost|p1a: Zapdos\n|-heal|p1a: Zapdos|89\/100\n|-singleturn|p1a: Zapdos|move: Roost\n|\n|upkeep\n|turn|13\n|j| TheJuicyJake\n|\n|t:|1700334409\n|move|p2a: Grimmsnarl|Light Screen|p2a: Grimmsnarl\n|-sidestart|p2: Mr. Cip|move: Light Screen\n|move|p1a: Zapdos|U-turn|p2a: Grimmsnarl\n|-damage|p2a: Grimmsnarl|32\/100\n|\n|t:|1700334413\n|switch|p1a: Ogerpon|Ogerpon-Wellspring, F|31\/100|[from] U-turn\n|-damage|p1a: Ogerpon|19\/100|[from] Stealth Rock\n|\n|upkeep\n|turn|14\n|\n|t:|1700334421\n|move|p2a: Grimmsnarl|Reflect|p2a: Grimmsnarl\n|-sidestart|p2: Mr. Cip|Reflect\n|move|p1a: Ogerpon|Ivy Cudgel|p2a: Grimmsnarl|[anim] Ivy Cudgel Water\n|-damage|p2a: Grimmsnarl|0 fnt\n|faint|p2a: Grimmsnarl\n|\n|upkeep\n|\n|t:|1700334429\n|switch|p2a: Garchomp|Garchomp, F|70\/100\n|turn|15\n|\n|t:|1700334446\n|move|p1a: Ogerpon|Ivy Cudgel|p2a: Garchomp|[anim] Ivy Cudgel Water\n|-damage|p2a: Garchomp|50\/100\n|move|p2a: Garchomp|Swords Dance|p2a: Garchomp\n|-boost|p2a: Garchomp|atk|2\n|\n|upkeep\n|turn|16\n|\n|t:|1700334452\n|move|p1a: Ogerpon|Ivy Cudgel|p2a: Garchomp|[anim] Ivy Cudgel Water\n|-damage|p2a: Garchomp|32\/100\n|move|p2a: Garchomp|Iron Head|p1a: Ogerpon\n|-resisted|p1a: Ogerpon\n|-damage|p1a: Ogerpon|0 fnt\n|faint|p1a: Ogerpon\n|\n|upkeep\n|j| Ace_T_24\n|\n|t:|1700334477\n|switch|p1a: Lycanroc|Lycanroc, F|100\/100\n|-damage|p1a: Lycanroc|88\/100|[from] Stealth Rock\n|turn|17\n|\n|t:|1700334482\n|move|p1a: Lycanroc|Psychic Fangs|p2a: Garchomp\n|-sideend|p2: Mr. Cip|Reflect\n|-sideend|p2: Mr. Cip|move: Light Screen\n|-damage|p2a: Garchomp|9\/100\n|-damage|p1a: Lycanroc|76\/100|[from] ability: Rough Skin|[of] p2a: Garchomp\n|-damage|p1a: Lycanroc|59\/100|[from] item: Rocky Helmet|[of] p2a: Garchomp\n|-damage|p1a: Lycanroc|50\/100|[from] item: Life Orb\n|move|p2a: Garchomp|Earthquake|p1a: Lycanroc\n|-supereffective|p1a: Lycanroc\n|-damage|p1a: Lycanroc|0 fnt\n|faint|p1a: Lycanroc\n|\n|upkeep\n|\n|t:|1700334495\n|switch|p1a: Zapdos|Zapdos|89\/100\n|turn|18\n|\n|t:|1700334509\n|move|p1a: Zapdos|Hurricane|p2a: Garchomp|[miss]\n|-miss|p1a: Zapdos|p2a: Garchomp\n|move|p2a: Garchomp|Iron Head|p1a: Zapdos\n|-resisted|p1a: Zapdos\n|-damage|p1a: Zapdos|69\/100\n|\n|upkeep\n|turn|19\n|\n|t:|1700334516\n|move|p1a: Zapdos|Hurricane|p2a: Garchomp\n|-damage|p2a: Garchomp|0 fnt\n|faint|p2a: Garchomp\n|\n|upkeep\n|\n|t:|1700334524\n|switch|p2a: Samurott|Samurott-Hisui, M, shiny|100\/100\n|turn|20\n|\n|t:|1700334530\n|move|p2a: Samurott|Ceaseless Edge|p1a: Zapdos\n|-crit|p1a: Zapdos\n|-damage|p1a: Zapdos|15\/100\n|-sidestart|p1: BPLD|Spikes\n|move|p1a: Zapdos|Roost|p1a: Zapdos\n|-heal|p1a: Zapdos|65\/100\n|-singleturn|p1a: Zapdos|move: Roost\n|\n|upkeep\n|turn|21\n|j| Swagadile\n|\n|t:|1700334537\n|move|p2a: Samurott|Ceaseless Edge|p1a: Zapdos\n|-damage|p1a: Zapdos|24\/100\n|-status|p2a: Samurott|par|[from] ability: Static|[of] p1a: Zapdos\n|-sidestart|p1: BPLD|Spikes\n|move|p1a: Zapdos|Roost|p1a: Zapdos\n|-heal|p1a: Zapdos|74\/100\n|-singleturn|p1a: Zapdos|move: Roost\n|\n|upkeep\n|turn|22\n|\n|t:|1700334546\n|move|p1a: Zapdos|Roost|p1a: Zapdos\n|-heal|p1a: Zapdos|100\/100\n|-singleturn|p1a: Zapdos|move: Roost\n|move|p2a: Samurott|Aqua Cutter|p1a: Zapdos\n|-damage|p1a: Zapdos|56\/100\n|\n|upkeep\n|turn|23\n|\n|t:|1700334554\n|move|p1a: Zapdos|Hurricane|p2a: Samurott\n|-damage|p2a: Samurott|29\/100 par\n|move|p2a: Samurott|Aqua Cutter|p1a: Zapdos\n|-damage|p1a: Zapdos|12\/100\n|\n|upkeep\n|turn|24\n|\n|t:|1700334564\n|move|p2a: Samurott|Aqua Jet|p1a: Zapdos\n|-damage|p1a: Zapdos|0 fnt\n|faint|p1a: Zapdos\n|\n|upkeep\n|j| Quackborg\n|\n|t:|1700334568\n|switch|p1a: Great Tusk|Great Tusk|25\/100\n|turn|25\n|j| NEdgyman\n|l| Quackborg\n|\n|t:|1700334571\n|move|p2a: Samurott|Aqua Jet|p1a: Great Tusk\n|-supereffective|p1a: Great Tusk\n|-damage|p1a: Great Tusk|3\/100\n|move|p1a: Great Tusk|Knock Off|p2a: Samurott\n|-resisted|p2a: Samurott\n|-damage|p2a: Samurott|12\/100 par\n|-enditem|p2a: Samurott|Focus Sash|[from] move: Knock Off|[of] p1a: Great Tusk\n|\n|upkeep\n|turn|26\n|c|\u2606BPLD|gg\n|-message|BPLD forfeited.\n|\n|win|Mr. Cip\n|l|\u2606BPLD\n|c|\u2606Mr. Cip|gg!!\n|l| NEdgyman\n|l|\u2606Mr. Cip\n|l| Swagadile\n","uploadtime":1700334850,"views":38,"p1id":"bpld","p2id":"mrcip","formatid":"gen9ou","rating":0,"private":0,"password":""}