{"id":"gen9ou-1993149555","p1":"Fr0sTtzz","p2":"JaimeLX","format":"[Gen 9] OU","log":"|j|\u2606Fr0sTtzz\n|j|\u2606JaimeLX\n|t:|1700270750\n|gametype|singles\n|player|p1|Fr0sTtzz|2|\n|player|p2|JaimeLX|cynthia|\n|teamsize|p1|6\n|teamsize|p2|6\n|gen|9\n|tier|[Gen 9] OU\n|rule|Sleep Clause Mod: Limit one foe put to sleep\n|rule|Species Clause: Limit one of each Pok\u00e9mon\n|rule|OHKO Clause: OHKO moves are banned\n|rule|Evasion Items Clause: Evasion items are banned\n|rule|Evasion Moves Clause: Evasion moves are banned\n|rule|Endless Battle Clause: Forcing endless battles is banned\n|rule|HP Percentage Mod: HP is shown in percentages\n|clearpoke\n|poke|p1|Gholdengo|\n|poke|p1|Iron Valiant|\n|poke|p1|Lucario, M|\n|poke|p1|Arcanine-Hisui, F|\n|poke|p1|Meowscarada, F|\n|poke|p1|Torkoal, M|\n|poke|p2|Klefki, F|\n|poke|p2|Weezing-Galar, F|\n|poke|p2|Grimmsnarl, M|\n|poke|p2|Mimikyu, M|\n|poke|p2|Tinkaton, F|\n|poke|p2|Iron Valiant|\n|teampreview\n|\n|t:|1700270765\n|start\n|switch|p1a: Arcanine|Arcanine-Hisui, F|100\/100\n|switch|p2a: Klefki|Klefki, F|100\/100\n|turn|1\n|\n|t:|1700270776\n|move|p2a: Klefki|Thunder Wave|p1a: Arcanine\n|-status|p1a: Arcanine|par\n|move|p1a: Arcanine|Flare Blitz|p2a: Klefki\n|-supereffective|p2a: Klefki\n|-damage|p2a: Klefki|2\/100\n|\n|upkeep\n|turn|2\n|\n|t:|1700270783\n|move|p1a: Arcanine|Extreme Speed|p2a: Klefki\n|-resisted|p2a: Klefki\n|-damage|p2a: Klefki|0 fnt\n|faint|p2a: Klefki\n|\n|upkeep\n|\n|t:|1700270812\n|switch|p2a: Mimikyu|Mimikyu, M|100\/100\n|turn|3\n|\n|t:|1700270829\n|move|p2a: Mimikyu|Swords Dance|p2a: Mimikyu\n|-boost|p2a: Mimikyu|atk|2\n|move|p1a: Arcanine|Wild Charge|p2a: Mimikyu\n|-activate|p2a: Mimikyu|ability: Disguise\n|-damage|p2a: Mimikyu|100\/100\n|detailschange|p2a: Mimikyu|Mimikyu-Busted, M\n|-damage|p2a: Mimikyu|88\/100|[from] pokemon: Mimikyu-Busted\n|\n|upkeep\n|turn|4\n|\n|t:|1700270841\n|move|p2a: Mimikyu|Drain Punch|p1a: Arcanine\n|-supereffective|p1a: Arcanine\n|-damage|p1a: Arcanine|0 fnt\n|-heal|p2a: Mimikyu|100\/100|[from] drain|[of] p1a: Arcanine\n|faint|p1a: Arcanine\n|-damage|p2a: Mimikyu|91\/100|[from] item: Life Orb\n|\n|upkeep\n|\n|t:|1700270859\n|switch|p1a: Iron Valiant|Iron Valiant|100\/100\n|-enditem|p1a: Iron Valiant|Booster Energy\n|-activate|p1a: Iron Valiant|ability: Quark Drive|[fromitem]\n|-start|p1a: Iron Valiant|quarkdrivespe\n|turn|5\n|\n|t:|1700270888\n|move|p2a: Mimikyu|Shadow Sneak|p1a: Iron Valiant\n|-damage|p1a: Iron Valiant|49\/100\n|-damage|p2a: Mimikyu|81\/100|[from] item: Life Orb\n|move|p1a: Iron Valiant|Zen Headbutt|p2a: Mimikyu\n|-damage|p2a: Mimikyu|36\/100\n|\n|upkeep\n|turn|6\n|\n|t:|1700270907\n|-end|p1a: Iron Valiant|Quark Drive|[silent]\n|switch|p1a: Torkoal|Torkoal, M|100\/100\n|-weather|SunnyDay|[from] ability: Drought|[of] p1a: Torkoal\n|move|p2a: Mimikyu|Shadow Sneak|p1a: Torkoal\n|-damage|p1a: Torkoal|73\/100\n|-damage|p2a: Mimikyu|20\/100|[from] item: Rocky Helmet|[of] p1a: Torkoal\n|-damage|p2a: Mimikyu|10\/100|[from] item: Life Orb\n|\n|-weather|SunnyDay|[upkeep]\n|upkeep\n|turn|7\n|\n|t:|1700270918\n|move|p2a: Mimikyu|Drain Punch|p1a: Torkoal\n|-damage|p1a: Torkoal|36\/100\n|-heal|p2a: Mimikyu|30\/100|[from] drain|[of] p1a: Torkoal\n|-damage|p2a: Mimikyu|14\/100|[from] item: Rocky Helmet|[of] p1a: Torkoal\n|-damage|p2a: Mimikyu|4\/100|[from] item: Life Orb\n|move|p1a: Torkoal|Stealth Rock|p2a: Mimikyu\n|-sidestart|p2: JaimeLX|move: Stealth Rock\n|\n|-weather|SunnyDay|[upkeep]\n|upkeep\n|turn|8\n|\n|t:|1700270933\n|switch|p1a: Lucario|Lucario, M|100\/100\n|move|p2a: Mimikyu|Play Rough|p1a: Lucario\n|-damage|p1a: Lucario|0 fnt\n|faint|p1a: Lucario\n|-damage|p2a: Mimikyu|0 fnt|[from] item: Life Orb\n|faint|p2a: Mimikyu\n|\n|-weather|SunnyDay|[upkeep]\n|upkeep\n|\n|t:|1700270964\n|switch|p2a: Weezing|Weezing-Galar, F|100\/100\n|switch|p1a: Meowscarada|Meowscarada, F|100\/100\n|-damage|p2a: Weezing|88\/100|[from] Stealth Rock\n|-fieldstart|move: Misty Terrain|[from] ability: Misty Surge|[of] p2a: Weezing\n|turn|9\n|\n|t:|1700270984\n|move|p1a: Meowscarada|U-turn|p2a: Weezing\n|-start|p1a: Meowscarada|typechange|Bug|[from] ability: Protean\n|-resisted|p2a: Weezing\n|-crit|p2a: Weezing\n|-damage|p2a: Weezing|77\/100\n|\n|t:|1700270992\n|switch|p1a: Gholdengo|Gholdengo|100\/100|[from] U-turn\n|move|p2a: Weezing|Flamethrower|p1a: Gholdengo\n|-supereffective|p1a: Gholdengo\n|-damage|p1a: Gholdengo|22\/100\n|\n|-weather|SunnyDay|[upkeep]\n|-heal|p1a: Gholdengo|28\/100|[from] item: Leftovers\n|upkeep\n|turn|10\n|\n|t:|1700271001\n|move|p1a: Gholdengo|Make It Rain|p2a: Weezing\n|-supereffective|p2a: Weezing\n|-damage|p2a: Weezing|0 fnt\n|-unboost|p1a: Gholdengo|spa|1\n|faint|p2a: Weezing\n|\n|-weather|none\n|-heal|p1a: Gholdengo|34\/100|[from] item: Leftovers\n|upkeep\n|\n|t:|1700271015\n|switch|p2a: Tinkaton|Tinkaton, F|100\/100\n|-damage|p2a: Tinkaton|94\/100|[from] Stealth Rock\n|-ability|p2a: Tinkaton|Mold Breaker\n|turn|11\n|c|\u2606JaimeLX|com pelicou\n|\n|t:|1700271042\n|move|p2a: Tinkaton|Knock Off|p1a: Gholdengo\n|-supereffective|p1a: Gholdengo\n|-damage|p1a: Gholdengo|0 fnt\n|-enditem|p1a: Gholdengo|Leftovers|[from] move: Knock Off|[of] p2a: Tinkaton\n|faint|p1a: Gholdengo\n|\n|upkeep\n|\n|t:|1700271045\n|switch|p1a: Torkoal|Torkoal, M|36\/100\n|-weather|SunnyDay|[from] ability: Drought|[of] p1a: Torkoal\n|turn|12\n|\n|t:|1700271057\n|switch|p2a: Grimmsnarl|Grimmsnarl, M|100\/100\n|-damage|p2a: Grimmsnarl|88\/100|[from] Stealth Rock\n|move|p1a: Torkoal|Overheat|p2a: Grimmsnarl\n|-damage|p2a: Grimmsnarl|47\/100\n|-unboost|p1a: Torkoal|spa|2\n|\n|-weather|SunnyDay|[upkeep]\n|upkeep\n|turn|13\n|\n|t:|1700271067\n|move|p2a: Grimmsnarl|Stomping Tantrum|p1a: Torkoal\n|-supereffective|p1a: Torkoal\n|-damage|p1a: Torkoal|12\/100\n|-damage|p2a: Grimmsnarl|30\/100|[from] item: Rocky Helmet|[of] p1a: Torkoal\n|move|p1a: Torkoal|Will-O-Wisp|p2a: Grimmsnarl\n|-activate|p2a: Grimmsnarl|move: Misty Terrain\n|\n|-weather|SunnyDay|[upkeep]\n|upkeep\n|turn|14\n|\n|t:|1700271078\n|switch|p1a: Iron Valiant|Iron Valiant|49\/100\n|move|p2a: Grimmsnarl|Stomping Tantrum|p1a: Iron Valiant\n|-damage|p1a: Iron Valiant|26\/100\n|\n|-weather|SunnyDay|[upkeep]\n|upkeep\n|turn|15\n|\n|t:|1700271127\n|move|p2a: Grimmsnarl|Sucker Punch|p1a: Iron Valiant\n|-resisted|p1a: Iron Valiant\n|-damage|p1a: Iron Valiant|17\/100\n|move|p1a: Iron Valiant|Moonblast|p2a: Grimmsnarl\n|-supereffective|p2a: Grimmsnarl\n|-damage|p2a: Grimmsnarl|0 fnt\n|faint|p2a: Grimmsnarl\n|\n|-weather|SunnyDay|[upkeep]\n|upkeep\n|\n|t:|1700271143\n|switch|p2a: Iron Valiant|Iron Valiant|100\/100\n|-damage|p2a: Iron Valiant|94\/100|[from] Stealth Rock\n|-enditem|p2a: Iron Valiant|Booster Energy\n|-activate|p2a: Iron Valiant|ability: Quark Drive|[fromitem]\n|-start|p2a: Iron Valiant|quarkdrivespe\n|turn|16\n|\n|t:|1700271163\n|move|p2a: Iron Valiant|Moonblast|p1a: Iron Valiant\n|-supereffective|p1a: Iron Valiant\n|-damage|p1a: Iron Valiant|0 fnt\n|faint|p1a: Iron Valiant\n|-end|p1a: Iron Valiant|Quark Drive|[silent]\n|\n|-weather|none\n|-fieldend|Misty Terrain\n|upkeep\n|\n|t:|1700271186\n|switch|p1a: Meowscarada|Meowscarada, F|100\/100\n|turn|17\n|\n|t:|1700271226\n|move|p2a: Iron Valiant|Aura Sphere|p1a: Meowscarada\n|-supereffective|p1a: Meowscarada\n|-damage|p1a: Meowscarada|0 fnt\n|faint|p1a: Meowscarada\n|\n|upkeep\n|\n|t:|1700271230\n|switch|p1a: Torkoal|Torkoal, M|12\/100\n|-weather|SunnyDay|[from] ability: Drought|[of] p1a: Torkoal\n|turn|18\n|\n|t:|1700271241\n|move|p2a: Iron Valiant|Psychic|p1a: Torkoal\n|-damage|p1a: Torkoal|0 fnt\n|faint|p1a: Torkoal\n|\n|win|JaimeLX\n","uploadtime":1700271246,"views":18,"p1id":"fr0sttzz","p2id":"jaimelx","formatid":"gen9ou","rating":0,"private":0,"password":""}